{"id":"gen9ou-1992436804","p1":"ch1ck3n nu99ets","p2":"DivineGabriel","format":"[Gen 9] OU","log":"|j|\u2606ch1ck3n nu99ets\n|j|\u2606DivineGabriel\n|t:|1700187431\n|gametype|singles\n|player|p1|ch1ck3n nu99ets|265|1821\n|player|p2|DivineGabriel|rye|1739\n|teamsize|p1|6\n|teamsize|p2|6\n|gen|9\n|tier|[Gen 9] OU\n|rated|\n|rule|Sleep Clause Mod: Limit one foe put to sleep\n|rule|Species Clause: Limit one of each Pok\u00e9mon\n|rule|OHKO Clause: OHKO moves are banned\n|rule|Evasion Items Clause: Evasion items are banned\n|rule|Evasion Moves Clause: Evasion moves are banned\n|rule|Endless Battle Clause: Forcing endless battles is banned\n|rule|HP Percentage Mod: HP is shown in percentages\n|clearpoke\n|poke|p1|Lilligant-Hisui, F|\n|poke|p1|Tyranitar, F|\n|poke|p1|Volcanion|\n|poke|p1|Kleavor, M|\n|poke|p1|Enamorus-Therian, F|\n|poke|p1|Corviknight, F|\n|poke|p2|Typhlosion-Hisui, M|\n|poke|p2|Ting-Lu|\n|poke|p2|Torkoal, M|\n|poke|p2|Walking Wake|\n|poke|p2|Hatterene, F|\n|poke|p2|Meowscarada, M|\n|teampreview\n|j| Porycomingback\n|inactive|Battle timer is ON: inactive players will automatically lose when time's up. (requested by ch1ck3n nu99ets)\n|\n|t:|1700187450\n|start\n|switch|p1a: Kleavor|Kleavor, M|100\/100\n|switch|p2a: Walking Wake|Walking Wake|100\/100\n|turn|1\n|\n|t:|1700187454\n|move|p1a: Kleavor|U-turn|p2a: Walking Wake\n|-damage|p2a: Walking Wake|60\/100\n|\n|t:|1700187458\n|switch|p1a: Enamorus|Enamorus-Therian, F|100\/100|[from] U-turn\n|move|p2a: Walking Wake|Hydro Steam|p1a: Enamorus\n|-damage|p1a: Enamorus|39\/100\n|\n|-heal|p1a: Enamorus|45\/100|[from] item: Leftovers\n|upkeep\n|turn|2\n|\n|t:|1700187463\n|-end|p2a: Walking Wake|Protosynthesis|[silent]\n|switch|p2a: Ting-Lu|Ting-Lu|100\/100\n|-ability|p2a: Ting-Lu|Vessel of Ruin\n|switch|p1a: Volcanion|Volcanion|100\/100\n|\n|upkeep\n|turn|3\n|\n|t:|1700187468\n|switch|p1a: Enamorus|Enamorus-Therian, F|45\/100\n|-terastallize|p2a: Ting-Lu|Water\n|move|p2a: Ting-Lu|Spikes|p1a: Enamorus\n|-sidestart|p1: ch1ck3n nu99ets|Spikes\n|\n|-heal|p1a: Enamorus|52\/100|[from] item: Leftovers\n|upkeep\n|turn|4\n|\n|t:|1700187475\n|switch|p1a: Corviknight|Corviknight, F|100\/100\n|-ability|p1a: Corviknight|Pressure\n|move|p2a: Ting-Lu|Spikes|p1a: Corviknight\n|-sidestart|p1: ch1ck3n nu99ets|Spikes\n|\n|upkeep\n|turn|5\n|\n|t:|1700187480\n|switch|p2a: Torkoal|Torkoal, M|100\/100\n|-weather|SunnyDay|[from] ability: Drought|[of] p2a: Torkoal\n|move|p1a: Corviknight|Defog|p2a: Torkoal\n|-unboost|p2a: Torkoal|evasion|1\n|-sideend|p1: ch1ck3n nu99ets|Spikes|[from] move: Defog|[of] p1a: Corviknight\n|\n|-weather|SunnyDay|[upkeep]\n|upkeep\n|turn|6\n|\n|t:|1700187484\n|move|p1a: Corviknight|U-turn|p2a: Torkoal\n|-resisted|p2a: Torkoal\n|-damage|p2a: Torkoal|97\/100\n|\n|t:|1700187488\n|switch|p1a: Volcanion|Volcanion|100\/100|[from] U-turn\n|move|p2a: Torkoal|Stealth Rock|p1a: Volcanion\n|-sidestart|p1: ch1ck3n nu99ets|move: Stealth Rock\n|\n|-weather|SunnyDay|[upkeep]\n|upkeep\n|turn|7\n|\n|t:|1700187494\n|switch|p2a: Ting-Lu|Ting-Lu, tera:Water|100\/100\n|-ability|p2a: Ting-Lu|Vessel of Ruin\n|move|p1a: Volcanion|Steam Eruption|p2a: Ting-Lu|[miss]\n|-miss|p1a: Volcanion|p2a: Ting-Lu\n|\n|-weather|SunnyDay|[upkeep]\n|upkeep\n|turn|8\n|\n|t:|1700187499\n|switch|p2a: Typhlosion|Typhlosion-Hisui, M|100\/100\n|move|p1a: Volcanion|Steam Eruption|p2a: Typhlosion\n|-supereffective|p2a: Typhlosion\n|-damage|p2a: Typhlosion|21\/100\n|\n|-weather|SunnyDay|[upkeep]\n|upkeep\n|turn|9\n|\n|t:|1700187505\n|move|p2a: Typhlosion|Shadow Ball|p1a: Volcanion\n|-damage|p1a: Volcanion|34\/100\n|move|p1a: Volcanion|Flamethrower|p2a: Typhlosion\n|-resisted|p2a: Typhlosion\n|-damage|p2a: Typhlosion|0 fnt\n|faint|p2a: Typhlosion\n|\n|-weather|SunnyDay|[upkeep]\n|upkeep\n|j| Roshino\n|\n|t:|1700187507\n|switch|p2a: Walking Wake|Walking Wake|60\/100\n|-activate|p2a: Walking Wake|ability: Protosynthesis\n|-start|p2a: Walking Wake|protosynthesisspe\n|turn|10\n|\n|t:|1700187513\n|switch|p1a: Enamorus|Enamorus-Therian, F|52\/100\n|-damage|p1a: Enamorus|27\/100|[from] Stealth Rock\n|move|p2a: Walking Wake|Flamethrower|p1a: Enamorus\n|-damage|p1a: Enamorus|0 fnt\n|faint|p1a: Enamorus\n|\n|-weather|SunnyDay|[upkeep]\n|upkeep\n|\n|t:|1700187517\n|switch|p1a: Tyranitar|Tyranitar, F|100\/100\n|-damage|p1a: Tyranitar|88\/100|[from] Stealth Rock\n|-weather|Sandstorm|[from] ability: Sand Stream|[of] p1a: Tyranitar\n|-end|p2a: Walking Wake|Protosynthesis\n|turn|11\n|\n|t:|1700187521\n|-end|p2a: Walking Wake|Protosynthesis|[silent]\n|switch|p2a: Hatterene|Hatterene, F|100\/100\n|move|p1a: Tyranitar|Knock Off|p2a: Hatterene\n|-damage|p2a: Hatterene|21\/100\n|-enditem|p2a: Hatterene|Eject Button|[from] move: Knock Off|[of] p1a: Tyranitar\n|\n|-weather|Sandstorm|[upkeep]\n|-damage|p2a: Hatterene|15\/100|[from] Sandstorm\n|upkeep\n|turn|12\n|\n|t:|1700187534\n|move|p1a: Tyranitar|Knock Off|p2a: Hatterene\n|-damage|p2a: Hatterene|0 fnt\n|faint|p2a: Hatterene\n|\n|-weather|Sandstorm|[upkeep]\n|upkeep\n|\n|t:|1700187536\n|switch|p2a: Meowscarada|Meowscarada, M|100\/100\n|turn|13\n|\n|t:|1700187539\n|switch|p1a: Corviknight|Corviknight, F|100\/100\n|-damage|p1a: Corviknight|88\/100|[from] Stealth Rock\n|-ability|p1a: Corviknight|Pressure\n|move|p2a: Meowscarada|U-turn|p1a: Corviknight\n|-start|p2a: Meowscarada|typechange|Bug|[from] ability: Protean\n|-resisted|p1a: Corviknight\n|-damage|p1a: Corviknight|83\/100\n|-damage|p2a: Meowscarada|84\/100|[from] item: Rocky Helmet|[of] p1a: Corviknight\n|\n|t:|1700187542\n|switch|p2a: Walking Wake|Walking Wake|60\/100|[from] U-turn\n|\n|-weather|Sandstorm|[upkeep]\n|-damage|p2a: Walking Wake|54\/100|[from] Sandstorm\n|upkeep\n|turn|14\n|\n|t:|1700187546\n|switch|p1a: Kleavor|Kleavor, M|100\/100\n|-damage|p1a: Kleavor|76\/100|[from] Stealth Rock\n|move|p2a: Walking Wake|Flamethrower|p1a: Kleavor\n|-damage|p1a: Kleavor|23\/100\n|\n|-weather|Sandstorm|[upkeep]\n|-damage|p2a: Walking Wake|47\/100|[from] Sandstorm\n|upkeep\n|turn|15\n|\n|t:|1700187550\n|-end|p2a: Walking Wake|Protosynthesis|[silent]\n|switch|p2a: Torkoal|Torkoal, M|97\/100\n|-weather|SunnyDay|[from] ability: Drought|[of] p2a: Torkoal\n|move|p1a: Kleavor|Stone Axe|p2a: Torkoal|[miss]\n|-miss|p1a: Kleavor|p2a: Torkoal\n|\n|-weather|SunnyDay|[upkeep]\n|upkeep\n|turn|16\n|\n|t:|1700187553\n|move|p1a: Kleavor|Stone Axe|p2a: Torkoal\n|-supereffective|p2a: Torkoal\n|-damage|p2a: Torkoal|35\/100\n|-sidestart|p2: DivineGabriel|move: Stealth Rock\n|move|p2a: Torkoal|Rapid Spin|p1a: Kleavor\n|-resisted|p1a: Kleavor\n|-damage|p1a: Kleavor|18\/100\n|-boost|p2a: Torkoal|spe|1\n|-sideend|p2: DivineGabriel|Stealth Rock|[from] move: Rapid Spin|[of] p2a: Torkoal\n|\n|-weather|SunnyDay|[upkeep]\n|upkeep\n|turn|17\n|\n|t:|1700187564\n|switch|p2a: Ting-Lu|Ting-Lu, tera:Water|100\/100\n|-ability|p2a: Ting-Lu|Vessel of Ruin\n|move|p1a: Kleavor|Stone Axe|p2a: Ting-Lu\n|-damage|p2a: Ting-Lu|73\/100\n|-sidestart|p2: DivineGabriel|move: Stealth Rock\n|\n|-weather|SunnyDay|[upkeep]\n|-heal|p2a: Ting-Lu|79\/100|[from] item: Leftovers\n|upkeep\n|turn|18\n|\n|t:|1700187570\n|switch|p1a: Corviknight|Corviknight, F|83\/100\n|-damage|p1a: Corviknight|71\/100|[from] Stealth Rock\n|-ability|p1a: Corviknight|Pressure\n|move|p2a: Ting-Lu|Spikes|p1a: Corviknight\n|-sidestart|p1: ch1ck3n nu99ets|Spikes\n|\n|-weather|SunnyDay|[upkeep]\n|-heal|p2a: Ting-Lu|85\/100|[from] item: Leftovers\n|upkeep\n|turn|19\n|\n|t:|1700187574\n|move|p1a: Corviknight|Defog|p2a: Ting-Lu\n|-unboost|p2a: Ting-Lu|evasion|1\n|-sideend|p2: DivineGabriel|Stealth Rock|[from] move: Defog|[of] p1a: Corviknight\n|-sideend|p1: ch1ck3n nu99ets|Spikes|[from] move: Defog|[of] p1a: Corviknight\n|-sideend|p1: ch1ck3n nu99ets|Stealth Rock|[from] move: Defog|[of] p1a: Corviknight\n|move|p2a: Ting-Lu|Earthquake|p1a: Corviknight\n|-immune|p1a: Corviknight\n|\n|-weather|SunnyDay|[upkeep]\n|-heal|p2a: Ting-Lu|92\/100|[from] item: Leftovers\n|upkeep\n|turn|20\n|\n|t:|1700187579\n|move|p1a: Corviknight|Body Press|p2a: Ting-Lu\n|-damage|p2a: Ting-Lu|78\/100\n|move|p2a: Ting-Lu|Spikes|p1a: Corviknight\n|-sidestart|p1: ch1ck3n nu99ets|Spikes\n|\n|-weather|SunnyDay|[upkeep]\n|-heal|p2a: Ting-Lu|84\/100|[from] item: Leftovers\n|upkeep\n|turn|21\n|\n|t:|1700187581\n|switch|p2a: Walking Wake|Walking Wake|47\/100\n|-activate|p2a: Walking Wake|ability: Protosynthesis\n|-start|p2a: Walking Wake|protosynthesisspe\n|move|p1a: Corviknight|Body Press|p2a: Walking Wake\n|-damage|p2a: Walking Wake|21\/100\n|\n|-weather|SunnyDay|[upkeep]\n|upkeep\n|turn|22\n|\n|t:|1700187584\n|-terastallize|p1a: Corviknight|Water\n|move|p2a: Walking Wake|Flamethrower|p1a: Corviknight\n|-resisted|p1a: Corviknight\n|-damage|p1a: Corviknight|36\/100\n|move|p1a: Corviknight|Roost|p1a: Corviknight\n|-heal|p1a: Corviknight|86\/100\n|\n|-weather|none\n|-end|p2a: Walking Wake|Protosynthesis\n|upkeep\n|turn|23\n|\n|t:|1700187592\n|-end|p2a: Walking Wake|Protosynthesis|[silent]\n|switch|p2a: Ting-Lu|Ting-Lu, tera:Water|84\/100\n|-ability|p2a: Ting-Lu|Vessel of Ruin\n|move|p1a: Corviknight|Defog|p2a: Ting-Lu\n|-unboost|p2a: Ting-Lu|evasion|1\n|-sideend|p1: ch1ck3n nu99ets|Spikes|[from] move: Defog|[of] p1a: Corviknight\n|\n|-heal|p2a: Ting-Lu|90\/100|[from] item: Leftovers\n|upkeep\n|turn|24\n|\n|t:|1700187597\n|move|p1a: Corviknight|U-turn|p2a: Ting-Lu\n|-damage|p2a: Ting-Lu|81\/100\n|\n|t:|1700187599\n|switch|p1a: Lilligant|Lilligant-Hisui, F|100\/100|[from] U-turn\n|move|p2a: Ting-Lu|Earthquake|p1a: Lilligant\n|-resisted|p1a: Lilligant\n|-damage|p1a: Lilligant|74\/100\n|\n|-heal|p2a: Ting-Lu|88\/100|[from] item: Leftovers\n|upkeep\n|turn|25\n|\n|t:|1700187608\n|switch|p2a: Torkoal|Torkoal, M|35\/100\n|-weather|SunnyDay|[from] ability: Drought|[of] p2a: Torkoal\n|move|p1a: Lilligant|Victory Dance|p1a: Lilligant\n|-boost|p1a: Lilligant|atk|1\n|-boost|p1a: Lilligant|def|1\n|-boost|p1a: Lilligant|spe|1\n|\n|-weather|SunnyDay|[upkeep]\n|upkeep\n|turn|26\n|\n|t:|1700187618\n|switch|p2a: Ting-Lu|Ting-Lu, tera:Water|88\/100\n|-ability|p2a: Ting-Lu|Vessel of Ruin\n|move|p1a: Lilligant|Close Combat|p2a: Ting-Lu\n|-damage|p2a: Ting-Lu|13\/100\n|-unboost|p1a: Lilligant|def|1\n|-unboost|p1a: Lilligant|spd|1\n|\n|-weather|SunnyDay|[upkeep]\n|-heal|p2a: Ting-Lu|19\/100|[from] item: Leftovers\n|upkeep\n|turn|27\n|\n|t:|1700187624\n|move|p1a: Lilligant|Leaf Blade|p2a: Ting-Lu\n|-supereffective|p2a: Ting-Lu\n|-damage|p2a: Ting-Lu|0 fnt\n|faint|p2a: Ting-Lu\n|\n|-weather|SunnyDay|[upkeep]\n|upkeep\n|\n|t:|1700187626\n|switch|p2a: Walking Wake|Walking Wake|21\/100\n|-activate|p2a: Walking Wake|ability: Protosynthesis\n|-start|p2a: Walking Wake|protosynthesisspe\n|turn|28\n|\n|t:|1700187629\n|switch|p1a: Volcanion|Volcanion|34\/100\n|move|p2a: Walking Wake|Dragon Pulse|p1a: Volcanion\n|-damage|p1a: Volcanion|0 fnt\n|faint|p1a: Volcanion\n|\n|-weather|SunnyDay|[upkeep]\n|upkeep\n|\n|t:|1700187636\n|switch|p1a: Tyranitar|Tyranitar, F|88\/100\n|-weather|Sandstorm|[from] ability: Sand Stream|[of] p1a: Tyranitar\n|-end|p2a: Walking Wake|Protosynthesis\n|turn|29\n|\n|t:|1700187645\n|-end|p2a: Walking Wake|Protosynthesis|[silent]\n|switch|p2a: Torkoal|Torkoal, M|35\/100\n|-weather|SunnyDay|[from] ability: Drought|[of] p2a: Torkoal\n|move|p1a: Tyranitar|Stone Edge|p2a: Torkoal\n|-supereffective|p2a: Torkoal\n|-damage|p2a: Torkoal|0 fnt\n|faint|p2a: Torkoal\n|\n|-weather|SunnyDay|[upkeep]\n|upkeep\n|j| yb is better\n|\n|t:|1700187647\n|switch|p2a: Meowscarada|Meowscarada, M|84\/100\n|turn|30\n|\n|t:|1700187651\n|switch|p1a: Corviknight|Corviknight, F, tera:Water|86\/100\n|-ability|p1a: Corviknight|Pressure\n|move|p2a: Meowscarada|Flower Trick|p1a: Corviknight\n|-start|p2a: Meowscarada|typechange|Grass|[from] ability: Protean\n|-supereffective|p1a: Corviknight\n|-crit|p1a: Corviknight\n|-damage|p1a: Corviknight|24\/100\n|\n|-weather|SunnyDay|[upkeep]\n|upkeep\n|turn|31\n|\n|t:|1700187657\n|move|p2a: Meowscarada|Flower Trick|p1a: Corviknight\n|-supereffective|p1a: Corviknight\n|-crit|p1a: Corviknight\n|-damage|p1a: Corviknight|0 fnt\n|faint|p1a: Corviknight\n|\n|-weather|SunnyDay|[upkeep]\n|upkeep\n|\n|t:|1700187660\n|switch|p1a: Kleavor|Kleavor, M|18\/100\n|turn|32\n|\n|t:|1700187663\n|move|p2a: Meowscarada|Flower Trick|p1a: Kleavor\n|-crit|p1a: Kleavor\n|-damage|p1a: Kleavor|0 fnt\n|faint|p1a: Kleavor\n|\n|-weather|SunnyDay|[upkeep]\n|upkeep\n|\n|t:|1700187667\n|switch|p1a: Tyranitar|Tyranitar, F|88\/100\n|-weather|Sandstorm|[from] ability: Sand Stream|[of] p1a: Tyranitar\n|turn|33\n|\n|t:|1700187674\n|move|p2a: Meowscarada|Flower Trick|p1a: Tyranitar\n|-supereffective|p1a: Tyranitar\n|-crit|p1a: Tyranitar\n|-damage|p1a: Tyranitar|0 fnt\n|faint|p1a: Tyranitar\n|\n|-weather|Sandstorm|[upkeep]\n|-damage|p2a: Meowscarada|78\/100|[from] Sandstorm\n|upkeep\n|\n|t:|1700187677\n|switch|p1a: Lilligant|Lilligant-Hisui, F|74\/100\n|turn|34\n|\n|t:|1700187687\n|move|p2a: Meowscarada|Flower Trick|p1a: Lilligant\n|-resisted|p1a: Lilligant\n|-crit|p1a: Lilligant\n|-damage|p1a: Lilligant|35\/100\n|move|p1a: Lilligant|Victory Dance|p1a: Lilligant\n|-boost|p1a: Lilligant|atk|1\n|-boost|p1a: Lilligant|def|1\n|-boost|p1a: Lilligant|spe|1\n|\n|-weather|Sandstorm|[upkeep]\n|-damage|p2a: Meowscarada|72\/100|[from] Sandstorm\n|-damage|p1a: Lilligant|28\/100|[from] Sandstorm\n|upkeep\n|turn|35\n|\n|t:|1700187690\n|move|p2a: Meowscarada|Flower Trick|p1a: Lilligant\n|-resisted|p1a: Lilligant\n|-crit|p1a: Lilligant\n|-damage|p1a: Lilligant|0 fnt\n|faint|p1a: Lilligant\n|\n|win|DivineGabriel\n|raw|ch1ck3n nu99ets's rating: 1821 &rarr; <strong>1796<\/strong><br \/>(-25 for losing)\n|raw|DivineGabriel's rating: 1739 &rarr; <strong>1764<\/strong><br \/>(+25 for winning)\n|l|\u2606ch1ck3n nu99ets\n","uploadtime":1700187700,"views":14,"p1id":"ch1ck3nnu99ets","p2id":"divinegabriel","formatid":"gen9ou","rating":1764,"private":0,"password":""}