{"id":"gen9ou-1995743213","p1":"Abner67","p2":"cangica","format":"[Gen 9] OU","log":"|j|\u2606Abner67\n|j|\u2606cangica\n|t:|1700599012\n|gametype|singles\n|player|p1|Abner67|shadowtriad|\n|player|p2|cangica|102|\n|teamsize|p1|6\n|teamsize|p2|6\n|gen|9\n|tier|[Gen 9] OU\n|rule|Sleep Clause Mod: Limit one foe put to sleep\n|rule|Species Clause: Limit one of each Pok\u00e9mon\n|rule|OHKO Clause: OHKO moves are banned\n|rule|Evasion Items Clause: Evasion items are banned\n|rule|Evasion Moves Clause: Evasion moves are banned\n|rule|Endless Battle Clause: Forcing endless battles is banned\n|rule|HP Percentage Mod: HP is shown in percentages\n|clearpoke\n|poke|p1|Hippopotas, M|\n|poke|p1|Lycanroc, M|\n|poke|p1|Azumarill, F|\n|poke|p1|Iron Hands|\n|poke|p1|Goodra, F|\n|poke|p1|Iron Treads|\n|poke|p2|Walking Wake|\n|poke|p2|Ninetales, F|\n|poke|p2|Armarouge, F|\n|poke|p2|Donphan, F|\n|poke|p2|Klefki, M|\n|poke|p2|Shiftry, F|\n|teampreview\n|\n|t:|1700599043\n|start\n|switch|p1a: Goodra|Goodra, F|100\/100\n|switch|p2a: Donphan|Donphan, F|100\/100\n|turn|1\n|\n|t:|1700599082\n|move|p1a: Goodra|Ice Beam|p2a: Donphan\n|-supereffective|p2a: Donphan\n|-damage|p2a: Donphan|21\/100\n|move|p2a: Donphan|Stealth Rock|p1a: Goodra\n|-sidestart|p1: Abner67|move: Stealth Rock\n|\n|upkeep\n|turn|2\n|\n|t:|1700599090\n|switch|p2a: Ninetales|Ninetales, F|100\/100\n|-weather|SunnyDay|[from] ability: Drought|[of] p2a: Ninetales\n|move|p1a: Goodra|Ice Beam|p2a: Ninetales\n|-resisted|p2a: Ninetales\n|-damage|p2a: Ninetales|84\/100\n|\n|-weather|SunnyDay|[upkeep]\n|upkeep\n|turn|3\n|\n|t:|1700599108\n|switch|p2a: Walking Wake|Walking Wake|100\/100\n|-activate|p2a: Walking Wake|ability: Protosynthesis\n|-start|p2a: Walking Wake|protosynthesisspa\n|move|p1a: Goodra|Draco Meteor|p2a: Walking Wake|[miss]\n|-miss|p1a: Goodra|p2a: Walking Wake\n|\n|-weather|SunnyDay|[upkeep]\n|upkeep\n|turn|4\n|c|\u2606cangica|krl\n|c|\u2606cangica|ia ter tomado duro\n|c|\u2606Abner67|q merda\n|\n|t:|1700599148\n|-end|p2a: Walking Wake|Protosynthesis|[silent]\n|switch|p2a: Klefki|Klefki, M|100\/100\n|-item|p2a: Klefki|Air Balloon\n|switch|p1a: Hippopotas|Hippopotas, M|100\/100\n|-damage|p1a: Hippopotas|94\/100|[from] Stealth Rock\n|-weather|Sandstorm|[from] ability: Sand Stream|[of] p1a: Hippopotas\n|\n|-weather|Sandstorm|[upkeep]\n|upkeep\n|turn|5\n|\n|t:|1700599191\n|switch|p1a: Iron Treads|Iron Treads|100\/100\n|-damage|p1a: Iron Treads|97\/100|[from] Stealth Rock\n|move|p2a: Klefki|Spikes|p1a: Iron Treads\n|-sidestart|p1: Abner67|Spikes\n|\n|-weather|Sandstorm|[upkeep]\n|-heal|p1a: Iron Treads|100\/100|[from] item: Leftovers\n|upkeep\n|turn|6\n|\n|t:|1700599207\n|move|p2a: Klefki|Reflect|p2a: Klefki\n|-sidestart|p2: cangica|Reflect\n|move|p1a: Iron Treads|Rapid Spin|p2a: Klefki\n|-resisted|p2a: Klefki\n|-damage|p2a: Klefki|97\/100\n|-boost|p1a: Iron Treads|spe|1\n|-enditem|p2a: Klefki|Air Balloon\n|-sideend|p1: Abner67|Spikes|[from] move: Rapid Spin|[of] p1a: Iron Treads\n|-sideend|p1: Abner67|Stealth Rock|[from] move: Rapid Spin|[of] p1a: Iron Treads\n|\n|-weather|Sandstorm|[upkeep]\n|upkeep\n|turn|7\n|\n|t:|1700599229\n|switch|p2a: Shiftry|Shiftry, F|100\/100\n|move|p1a: Iron Treads|Stealth Rock|p2a: Shiftry\n|-sidestart|p2: cangica|move: Stealth Rock\n|\n|-weather|Sandstorm|[upkeep]\n|-damage|p2a: Shiftry|95\/100|[from] Sandstorm\n|upkeep\n|turn|8\n|j| FlameWolf26\n|\n|t:|1700599240\n|move|p1a: Iron Treads|Knock Off|p2a: Shiftry\n|-resisted|p2a: Shiftry\n|-damage|p2a: Shiftry|84\/100\n|-enditem|p2a: Shiftry|Focus Sash|[from] move: Knock Off|[of] p1a: Iron Treads\n|move|p2a: Shiftry|Tailwind|p2a: Shiftry\n|-sidestart|p2: cangica|move: Tailwind\n|-ability|p2a: Shiftry|Wind Rider|boost\n|-boost|p2a: Shiftry|atk|1\n|\n|-weather|Sandstorm|[upkeep]\n|-damage|p2a: Shiftry|78\/100|[from] Sandstorm\n|upkeep\n|turn|9\n|\n|t:|1700599257\n|-end|p1a: Iron Treads|Quark Drive|[silent]\n|switch|p1a: Goodra|Goodra, F|100\/100\n|move|p2a: Shiftry|Brick Break|p1a: Goodra\n|-damage|p1a: Goodra|58\/100\n|\n|-weather|Sandstorm|[upkeep]\n|-damage|p2a: Shiftry|72\/100|[from] Sandstorm\n|-damage|p1a: Goodra|52\/100|[from] Sandstorm\n|upkeep\n|turn|10\n|\n|t:|1700599268\n|switch|p1a: Iron Hands|Iron Hands|100\/100\n|move|p2a: Shiftry|Knock Off|p1a: Iron Hands\n|-resisted|p1a: Iron Hands\n|-damage|p1a: Iron Hands|80\/100\n|-enditem|p1a: Iron Hands|Assault Vest|[from] move: Knock Off|[of] p2a: Shiftry\n|\n|-weather|Sandstorm|[upkeep]\n|-damage|p2a: Shiftry|66\/100|[from] Sandstorm\n|-damage|p1a: Iron Hands|74\/100|[from] Sandstorm\n|-sideend|p2: cangica|Reflect\n|upkeep\n|turn|11\n|\n|t:|1700599277\n|move|p2a: Shiftry|Explosion|p1a: Iron Hands\n|-damage|p1a: Iron Hands|5\/100\n|faint|p2a: Shiftry\n|move|p1a: Iron Hands|Drain Punch|p2: Shiftry|[notarget]\n|-fail|p1a: Iron Hands\n|\n|-weather|none\n|-sideend|p2: cangica|move: Tailwind\n|upkeep\n|\n|t:|1700599308\n|switch|p2a: Ninetales|Ninetales, F|84\/100\n|-damage|p2a: Ninetales|59\/100|[from] Stealth Rock\n|-weather|SunnyDay|[from] ability: Drought|[of] p2a: Ninetales\n|turn|12\n|\n|t:|1700599317\n|move|p2a: Ninetales|Fire Blast|p1a: Iron Hands\n|-damage|p1a: Iron Hands|0 fnt\n|faint|p1a: Iron Hands\n|-end|p1a: Iron Hands|Quark Drive|[silent]\n|\n|-weather|SunnyDay|[upkeep]\n|upkeep\n|\n|t:|1700599321\n|switch|p1a: Hippopotas|Hippopotas, M|94\/100\n|-weather|Sandstorm|[from] ability: Sand Stream|[of] p1a: Hippopotas\n|turn|13\n|\n|t:|1700599328\n|switch|p2a: Donphan|Donphan, F|21\/100\n|move|p1a: Hippopotas|Earthquake|p2a: Donphan\n|-damage|p2a: Donphan|5\/100\n|\n|-weather|Sandstorm|[upkeep]\n|upkeep\n|turn|14\n|\n|t:|1700599381\n|move|p2a: Donphan|Earthquake|p1a: Hippopotas\n|-damage|p1a: Hippopotas|62\/100\n|move|p1a: Hippopotas|Earthquake|p2a: Donphan\n|-crit|p2a: Donphan\n|-damage|p2a: Donphan|0 fnt\n|faint|p2a: Donphan\n|\n|-weather|Sandstorm|[upkeep]\n|upkeep\n|\n|t:|1700599415\n|switch|p2a: Armarouge|Armarouge, F|100\/100\n|-damage|p2a: Armarouge|76\/100|[from] Stealth Rock\n|turn|15\n|\n|t:|1700599426\n|move|p2a: Armarouge|Armor Cannon|p1a: Hippopotas\n|-damage|p1a: Hippopotas|0 fnt\n|-unboost|p2a: Armarouge|def|1\n|-unboost|p2a: Armarouge|spd|1\n|faint|p1a: Hippopotas\n|\n|-weather|Sandstorm|[upkeep]\n|-damage|p2a: Armarouge|70\/100|[from] Sandstorm\n|upkeep\n|\n|t:|1700599428\n|switch|p1a: Lycanroc|Lycanroc, M|100\/100\n|turn|16\n|\n|t:|1700599450\n|switch|p2a: Ninetales|Ninetales, F|59\/100\n|-damage|p2a: Ninetales|34\/100|[from] Stealth Rock\n|-weather|SunnyDay|[from] ability: Drought|[of] p2a: Ninetales\n|move|p1a: Lycanroc|Swords Dance|p1a: Lycanroc\n|-boost|p1a: Lycanroc|atk|2\n|\n|-weather|SunnyDay|[upkeep]\n|upkeep\n|turn|17\n|\n|t:|1700599491\n|move|p1a: Lycanroc|Accelerock|p2a: Ninetales\n|-supereffective|p2a: Ninetales\n|-damage|p2a: Ninetales|0 fnt\n|faint|p2a: Ninetales\n|\n|-weather|SunnyDay|[upkeep]\n|upkeep\n|\n|t:|1700599501\n|switch|p2a: Walking Wake|Walking Wake|100\/100\n|-damage|p2a: Walking Wake|88\/100|[from] Stealth Rock\n|-activate|p2a: Walking Wake|ability: Protosynthesis\n|-start|p2a: Walking Wake|protosynthesisspa\n|turn|18\n|\n|t:|1700599519\n|move|p1a: Lycanroc|Sucker Punch|p2a: Walking Wake\n|-damage|p2a: Walking Wake|43\/100\n|move|p2a: Walking Wake|Hydro Steam|p1a: Lycanroc\n|-supereffective|p1a: Lycanroc\n|-enditem|p1a: Lycanroc|Focus Sash\n|-damage|p1a: Lycanroc|1\/100\n|\n|-weather|SunnyDay|[upkeep]\n|upkeep\n|turn|19\n|\n|t:|1700599557\n|-end|p2a: Walking Wake|Protosynthesis|[silent]\n|switch|p2a: Klefki|Klefki, M|97\/100\n|-damage|p2a: Klefki|91\/100|[from] Stealth Rock\n|move|p1a: Lycanroc|Sucker Punch||[still]\n|-fail|p1a: Lycanroc\n|\n|-weather|SunnyDay|[upkeep]\n|upkeep\n|turn|20\n|\n|t:|1700599565\n|move|p1a: Lycanroc|Stone Edge|p2a: Klefki|[miss]\n|-miss|p1a: Lycanroc|p2a: Klefki\n|move|p2a: Klefki|Foul Play|p1a: Lycanroc\n|-damage|p1a: Lycanroc|0 fnt\n|faint|p1a: Lycanroc\n|\n|-weather|SunnyDay|[upkeep]\n|upkeep\n|\n|t:|1700599569\n|switch|p1a: Iron Treads|Iron Treads|100\/100\n|turn|21\n|c| FlameWolf26|\u00e9oq\n|c| FlameWolf26|sucker\n|\n|t:|1700599583\n|move|p2a: Klefki|Reflect|p2a: Klefki\n|-sidestart|p2: cangica|Reflect\n|move|p1a: Iron Treads|Earthquake|p2a: Klefki\n|-supereffective|p2a: Klefki\n|-damage|p2a: Klefki|51\/100\n|\n|-weather|SunnyDay|[upkeep]\n|upkeep\n|turn|22\n|\n|t:|1700599592\n|move|p2a: Klefki|Spikes|p1a: Iron Treads\n|-sidestart|p1: Abner67|Spikes\n|move|p1a: Iron Treads|Rapid Spin|p2a: Klefki\n|-resisted|p2a: Klefki\n|-damage|p2a: Klefki|48\/100\n|-boost|p1a: Iron Treads|spe|1\n|-sideend|p1: Abner67|Spikes|[from] move: Rapid Spin|[of] p1a: Iron Treads\n|\n|-weather|SunnyDay|[upkeep]\n|upkeep\n|turn|23\n|\n|t:|1700599599\n|move|p1a: Iron Treads|Rapid Spin|p2a: Klefki\n|-resisted|p2a: Klefki\n|-damage|p2a: Klefki|45\/100\n|-boost|p1a: Iron Treads|spe|1\n|move|p2a: Klefki|Foul Play|p1a: Iron Treads\n|-damage|p1a: Iron Treads|73\/100\n|\n|-weather|none\n|-heal|p1a: Iron Treads|79\/100|[from] item: Leftovers\n|upkeep\n|turn|24\n|\n|t:|1700599608\n|move|p1a: Iron Treads|Earthquake|p2a: Klefki\n|-supereffective|p2a: Klefki\n|-damage|p2a: Klefki|6\/100\n|move|p2a: Klefki|Foul Play|p1a: Iron Treads\n|-damage|p1a: Iron Treads|51\/100\n|\n|-heal|p1a: Iron Treads|58\/100|[from] item: Leftovers\n|upkeep\n|turn|25\n|\n|t:|1700599616\n|move|p2a: Klefki|Spikes|p1a: Iron Treads\n|-sidestart|p1: Abner67|Spikes\n|move|p1a: Iron Treads|Rapid Spin|p2a: Klefki\n|-resisted|p2a: Klefki\n|-damage|p2a: Klefki|3\/100\n|-boost|p1a: Iron Treads|spe|1\n|-sideend|p1: Abner67|Spikes|[from] move: Rapid Spin|[of] p1a: Iron Treads\n|\n|-heal|p1a: Iron Treads|64\/100|[from] item: Leftovers\n|-sideend|p2: cangica|Reflect\n|upkeep\n|turn|26\n|\n|t:|1700599626\n|move|p2a: Klefki|Reflect|p2a: Klefki\n|-sidestart|p2: cangica|Reflect\n|move|p1a: Iron Treads|Earthquake|p2a: Klefki\n|-supereffective|p2a: Klefki\n|-damage|p2a: Klefki|0 fnt\n|faint|p2a: Klefki\n|\n|-heal|p1a: Iron Treads|70\/100|[from] item: Leftovers\n|upkeep\n|\n|t:|1700599641\n|switch|p2a: Armarouge|Armarouge, F|70\/100\n|-damage|p2a: Armarouge|45\/100|[from] Stealth Rock\n|turn|27\n|\n|t:|1700599657\n|move|p1a: Iron Treads|Knock Off|p2a: Armarouge\n|-supereffective|p2a: Armarouge\n|-damage|p2a: Armarouge|13\/100\n|-ability|p2a: Armarouge|Weak Armor|boost\n|-unboost|p2a: Armarouge|def|1\n|-boost|p2a: Armarouge|spe|2\n|-enditem|p2a: Armarouge|Focus Sash|[from] move: Knock Off|[of] p1a: Iron Treads\n|move|p2a: Armarouge|Armor Cannon|p1a: Iron Treads\n|-supereffective|p1a: Iron Treads\n|-damage|p1a: Iron Treads|0 fnt\n|-unboost|p2a: Armarouge|def|1\n|-unboost|p2a: Armarouge|spd|1\n|faint|p1a: Iron Treads\n|-end|p1a: Iron Treads|Quark Drive|[silent]\n|\n|upkeep\n|\n|t:|1700599664\n|switch|p1a: Azumarill|Azumarill, F|100\/100\n|turn|28\n|\n|t:|1700599703\n|-terastallize|p2a: Armarouge|Fire\n|move|p1a: Azumarill|Aqua Jet|p2a: Armarouge\n|-supereffective|p2a: Armarouge\n|-damage|p2a: Armarouge|0 fnt\n|faint|p2a: Armarouge\n|\n|upkeep\n|\n|t:|1700599707\n|switch|p2a: Walking Wake|Walking Wake|43\/100\n|-damage|p2a: Walking Wake|31\/100|[from] Stealth Rock\n|turn|29\n|\n|t:|1700599720\n|move|p1a: Azumarill|Aqua Jet|p2a: Walking Wake\n|-resisted|p2a: Walking Wake\n|-damage|p2a: Walking Wake|25\/100\n|move|p2a: Walking Wake|Weather Ball|p1a: Azumarill\n|-damage|p1a: Azumarill|74\/100\n|\n|upkeep\n|turn|30\n|\n|t:|1700599733\n|move|p1a: Azumarill|Aqua Jet|p2a: Walking Wake\n|-resisted|p2a: Walking Wake\n|-damage|p2a: Walking Wake|20\/100\n|move|p2a: Walking Wake|Weather Ball|p1a: Azumarill\n|-damage|p1a: Azumarill|47\/100\n|\n|-sideend|p2: cangica|Reflect\n|upkeep\n|turn|31\n|\n|t:|1700599740\n|move|p1a: Azumarill|Aqua Jet|p2a: Walking Wake\n|-resisted|p2a: Walking Wake\n|-crit|p2a: Walking Wake\n|-damage|p2a: Walking Wake|4\/100\n|move|p2a: Walking Wake|Weather Ball|p1a: Azumarill\n|-damage|p1a: Azumarill|19\/100\n|\n|upkeep\n|turn|32\n|\n|t:|1700599746\n|move|p1a: Azumarill|Aqua Jet|p2a: Walking Wake\n|-resisted|p2a: Walking Wake\n|-damage|p2a: Walking Wake|0 fnt\n|faint|p2a: Walking Wake\n|-end|p2a: Walking Wake|Protosynthesis|[silent]\n|\n|win|Abner67\n|c|\u2606Abner67|gg\n|c|\u2606cangica|gg\n|l| FlameWolf26\n","uploadtime":1700599790,"views":20,"p1id":"abner67","p2id":"cangica","formatid":"gen9ou","rating":0,"private":0,"password":""}