{"id":"gen9ou-1990901526","p1":"Shaquanna","p2":"Sunflora my lover","format":"[Gen 9] OU","log":"|j|\u2606Shaquanna\n|j|\u2606Sunflora my lover\n|t:|1700013122\n|gametype|singles\n|player|p1|Shaquanna|265|1268\n|player|p2|Sunflora my lover|102|1305\n|teamsize|p1|6\n|teamsize|p2|6\n|gen|9\n|tier|[Gen 9] OU\n|rated|\n|rule|Sleep Clause Mod: Limit one foe put to sleep\n|rule|Species Clause: Limit one of each Pok\u00e9mon\n|rule|OHKO Clause: OHKO moves are banned\n|rule|Evasion Items Clause: Evasion items are banned\n|rule|Evasion Moves Clause: Evasion moves are banned\n|rule|Endless Battle Clause: Forcing endless battles is banned\n|rule|HP Percentage Mod: HP is shown in percentages\n|clearpoke\n|poke|p1|Sneasler, M|\n|poke|p1|Rillaboom, M|\n|poke|p1|Gholdengo|\n|poke|p1|Alomomola, M|\n|poke|p1|Great Tusk|\n|poke|p1|Ribombee, F|\n|poke|p2|Dondozo, F|\n|poke|p2|Skeledirge, M|\n|poke|p2|Toxapex, F|\n|poke|p2|Blissey, F|\n|poke|p2|Alomomola, M|\n|poke|p2|Garganacl, M|\n|teampreview\n|inactive|Battle timer is ON: inactive players will automatically lose when time's up. (requested by Shaquanna)\n|\n|t:|1700013148\n|start\n|switch|p1a: Ribombee|Ribombee, F|100\/100\n|switch|p2a: Garganacl|Garganacl, M|100\/100\n|turn|1\n|\n|t:|1700013154\n|move|p1a: Ribombee|Sticky Web|p2a: Garganacl\n|-sidestart|p2: Sunflora my lover|move: Sticky Web\n|move|p2a: Garganacl|Salt Cure|p1a: Ribombee\n|-supereffective|p1a: Ribombee\n|-damage|p1a: Ribombee|43\/100\n|\n|upkeep\n|turn|2\n|\n|t:|1700013160\n|move|p1a: Ribombee|Moonblast|p2a: Garganacl\n|-crit|p2a: Garganacl\n|-damage|p2a: Garganacl|45\/100\n|-unboost|p2a: Garganacl|spa|1\n|move|p2a: Garganacl|Curse|p2a: Garganacl\n|-unboost|p2a: Garganacl|spe|1\n|-boost|p2a: Garganacl|atk|1\n|-boost|p2a: Garganacl|def|1\n|\n|-heal|p2a: Garganacl|51\/100|[from] item: Leftovers\n|upkeep\n|turn|3\n|\n|t:|1700013166\n|move|p1a: Ribombee|Moonblast|p2a: Garganacl\n|-damage|p2a: Garganacl|14\/100\n|move|p2a: Garganacl|Recover|p2a: Garganacl\n|-heal|p2a: Garganacl|64\/100\n|\n|-heal|p2a: Garganacl|71\/100|[from] item: Leftovers\n|upkeep\n|turn|4\n|\n|t:|1700013170\n|move|p1a: Ribombee|Quiver Dance|p1a: Ribombee\n|-boost|p1a: Ribombee|spa|1\n|-boost|p1a: Ribombee|spd|1\n|-boost|p1a: Ribombee|spe|1\n|move|p2a: Garganacl|Recover|p2a: Garganacl\n|-heal|p2a: Garganacl|100\/100\n|\n|upkeep\n|turn|5\n|\n|t:|1700013173\n|move|p1a: Ribombee|Moonblast|p2a: Garganacl\n|-damage|p2a: Garganacl|47\/100\n|-unboost|p2a: Garganacl|spa|1\n|move|p2a: Garganacl|Salt Cure|p1a: Ribombee\n|-supereffective|p1a: Ribombee\n|-damage|p1a: Ribombee|0 fnt\n|faint|p1a: Ribombee\n|\n|-heal|p2a: Garganacl|53\/100|[from] item: Leftovers\n|upkeep\n|\n|t:|1700013182\n|switch|p1a: Rillaboom|Rillaboom, M|100\/100\n|-fieldstart|move: Grassy Terrain|[from] ability: Grassy Surge|[of] p1a: Rillaboom\n|turn|6\n|\n|t:|1700013189\n|switch|p2a: Skeledirge|Skeledirge, M|100\/100\n|move|p1a: Rillaboom|Drum Beating|p2a: Skeledirge\n|-resisted|p2a: Skeledirge\n|-damage|p2a: Skeledirge|75\/100\n|-unboost|p2a: Skeledirge|spe|1\n|\n|-heal|p2a: Skeledirge|81\/100|[from] Grassy Terrain\n|upkeep\n|turn|7\n|\n|t:|1700013194\n|move|p1a: Rillaboom|U-turn|p2a: Skeledirge\n|-resisted|p2a: Skeledirge\n|-damage|p2a: Skeledirge|75\/100\n|\n|t:|1700013204\n|switch|p1a: Alomomola|Alomomola, M|100\/100|[from] U-turn\n|move|p2a: Skeledirge|Will-O-Wisp|p1a: Alomomola\n|-status|p1a: Alomomola|brn\n|\n|-heal|p2a: Skeledirge|81\/100|[from] Grassy Terrain\n|-damage|p1a: Alomomola|94\/100 brn|[from] brn\n|upkeep\n|turn|8\n|\n|t:|1700013213\n|switch|p2a: Blissey|Blissey, F|100\/100\n|move|p1a: Alomomola|Scald|p2a: Blissey\n|-damage|p2a: Blissey|96\/100\n|-status|p2a: Blissey|brn\n|\n|-heal|p1a: Alomomola|100\/100 brn|[from] Grassy Terrain\n|-heal|p2a: Blissey|100\/100 brn|[from] Grassy Terrain\n|-damage|p1a: Alomomola|94\/100 brn|[from] brn\n|-damage|p2a: Blissey|94\/100 brn|[from] brn\n|upkeep\n|turn|9\n|\n|t:|1700013219\n|move|p1a: Alomomola|Flip Turn|p2a: Blissey\n|-damage|p2a: Blissey|79\/100 brn\n|\n|t:|1700013222\n|switch|p1a: Great Tusk|Great Tusk|100\/100|[from] Flip Turn\n|move|p2a: Blissey|Stealth Rock|p1a: Great Tusk\n|-sidestart|p1: Shaquanna|move: Stealth Rock\n|\n|-heal|p2a: Blissey|85\/100 brn|[from] Grassy Terrain\n|-damage|p2a: Blissey|79\/100 brn|[from] brn\n|upkeep\n|turn|10\n|\n|t:|1700013227\n|-curestatus|p2a: Blissey|brn|[from] ability: Natural Cure\n|switch|p2a: Alomomola|Alomomola, M|100\/100\n|-activate|p2a: Alomomola|move: Sticky Web\n|-unboost|p2a: Alomomola|spe|1\n|move|p1a: Great Tusk|Rapid Spin|p2a: Alomomola\n|-damage|p2a: Alomomola|91\/100\n|-boost|p1a: Great Tusk|spe|1\n|-damage|p1a: Great Tusk|84\/100|[from] item: Rocky Helmet|[of] p2a: Alomomola\n|-sideend|p1: Shaquanna|Stealth Rock|[from] move: Rapid Spin|[of] p1a: Great Tusk\n|\n|-heal|p1a: Great Tusk|90\/100|[from] Grassy Terrain\n|-heal|p1a: Great Tusk|96\/100|[from] item: Leftovers\n|-heal|p2a: Alomomola|97\/100|[from] Grassy Terrain\n|upkeep\n|turn|11\n|\n|t:|1700013238\n|move|p1a: Great Tusk|Knock Off|p2a: Alomomola\n|-damage|p2a: Alomomola|78\/100\n|-damage|p1a: Great Tusk|80\/100|[from] item: Rocky Helmet|[of] p2a: Alomomola\n|-enditem|p2a: Alomomola|Rocky Helmet|[from] move: Knock Off|[of] p1a: Great Tusk\n|move|p2a: Alomomola|Scald|p1a: Great Tusk\n|-supereffective|p1a: Great Tusk\n|-damage|p1a: Great Tusk|40\/100\n|\n|-heal|p1a: Great Tusk|46\/100|[from] Grassy Terrain\n|-heal|p1a: Great Tusk|52\/100|[from] item: Leftovers\n|-heal|p2a: Alomomola|84\/100|[from] Grassy Terrain\n|upkeep\n|turn|12\n|\n|t:|1700013246\n|-end|p1a: Great Tusk|Protosynthesis|[silent]\n|switch|p1a: Rillaboom|Rillaboom, M|100\/100\n|move|p2a: Alomomola|Scald|p1a: Rillaboom\n|-resisted|p1a: Rillaboom\n|-damage|p1a: Rillaboom|93\/100\n|\n|-heal|p1a: Rillaboom|99\/100|[from] Grassy Terrain\n|-heal|p2a: Alomomola|90\/100|[from] Grassy Terrain\n|upkeep\n|turn|13\n|\n|t:|1700013255\n|switch|p2a: Skeledirge|Skeledirge, M|81\/100\n|move|p1a: Rillaboom|Drum Beating|p2a: Skeledirge\n|-resisted|p2a: Skeledirge\n|-damage|p2a: Skeledirge|57\/100\n|-unboost|p2a: Skeledirge|spe|1\n|\n|-heal|p1a: Rillaboom|100\/100|[from] Grassy Terrain\n|-heal|p2a: Skeledirge|63\/100|[from] Grassy Terrain\n|-fieldend|move: Grassy Terrain\n|upkeep\n|turn|14\n|\n|t:|1700013260\n|move|p1a: Rillaboom|Knock Off|p2a: Skeledirge\n|-supereffective|p2a: Skeledirge\n|-damage|p2a: Skeledirge|3\/100\n|-enditem|p2a: Skeledirge|Heavy-Duty Boots|[from] move: Knock Off|[of] p1a: Rillaboom\n|move|p2a: Skeledirge|Slack Off|p2a: Skeledirge\n|-heal|p2a: Skeledirge|53\/100\n|\n|upkeep\n|turn|15\n|\n|t:|1700013265\n|move|p1a: Rillaboom|U-turn|p2a: Skeledirge\n|-resisted|p2a: Skeledirge\n|-damage|p2a: Skeledirge|47\/100\n|\n|t:|1700013268\n|switch|p1a: Alomomola|Alomomola, M|100\/100 brn|[from] U-turn\n|move|p2a: Skeledirge|Slack Off|p2a: Skeledirge\n|-heal|p2a: Skeledirge|97\/100\n|\n|-damage|p1a: Alomomola|94\/100 brn|[from] brn\n|upkeep\n|turn|16\n|\n|t:|1700013274\n|switch|p2a: Toxapex|Toxapex, F|100\/100\n|-activate|p2a: Toxapex|move: Sticky Web\n|-unboost|p2a: Toxapex|spe|1\n|move|p1a: Alomomola|Scald|p2a: Toxapex\n|-resisted|p2a: Toxapex\n|-damage|p2a: Toxapex|96\/100\n|-status|p2a: Toxapex|brn\n|\n|-heal|p1a: Alomomola|100\/100 brn|[from] item: Leftovers\n|-heal|p2a: Toxapex|100\/100 brn|[from] item: Black Sludge\n|-damage|p1a: Alomomola|94\/100 brn|[from] brn\n|-damage|p2a: Toxapex|94\/100 brn|[from] brn\n|upkeep\n|turn|17\n|\n|t:|1700013280\n|move|p1a: Alomomola|Light Screen|p1a: Alomomola\n|-sidestart|p1: Shaquanna|move: Light Screen\n|move|p2a: Toxapex|Toxic Spikes|p1a: Alomomola\n|-sidestart|p1: Shaquanna|move: Toxic Spikes\n|\n|-heal|p1a: Alomomola|100\/100 brn|[from] item: Leftovers\n|-heal|p2a: Toxapex|100\/100 brn|[from] item: Black Sludge\n|-damage|p1a: Alomomola|94\/100 brn|[from] brn\n|-damage|p2a: Toxapex|94\/100 brn|[from] brn\n|upkeep\n|turn|18\n|\n|t:|1700013288\n|move|p1a: Alomomola|Flip Turn|p2a: Toxapex\n|-resisted|p2a: Toxapex\n|-damage|p2a: Toxapex|92\/100 brn\n|\n|t:|1700013292\n|switch|p1a: Sneasler|Sneasler, M|100\/100|[from] Flip Turn\n|-sideend|p1: Shaquanna|move: Toxic Spikes|[of] p1a: Sneasler\n|move|p2a: Toxapex|Toxic Spikes|p1a: Sneasler\n|-sidestart|p1: Shaquanna|move: Toxic Spikes\n|\n|-heal|p2a: Toxapex|98\/100 brn|[from] item: Black Sludge\n|-damage|p2a: Toxapex|92\/100 brn|[from] brn\n|upkeep\n|turn|19\n|\n|t:|1700013296\n|switch|p1a: Alomomola|Alomomola, M|100\/100 brn\n|move|p2a: Toxapex|Liquidation|p1a: Alomomola\n|-resisted|p1a: Alomomola\n|-damage|p1a: Alomomola|98\/100 brn\n|\n|-heal|p1a: Alomomola|100\/100 brn|[from] item: Leftovers\n|-heal|p2a: Toxapex|98\/100 brn|[from] item: Black Sludge\n|-damage|p1a: Alomomola|94\/100 brn|[from] brn\n|-damage|p2a: Toxapex|92\/100 brn|[from] brn\n|upkeep\n|turn|20\n|\n|t:|1700013307\n|switch|p2a: Dondozo|Dondozo, F|100\/100\n|-activate|p2a: Dondozo|move: Sticky Web\n|-unboost|p2a: Dondozo|spe|1\n|move|p1a: Alomomola|Flip Turn|p2a: Dondozo\n|-resisted|p2a: Dondozo\n|-damage|p2a: Dondozo|99\/100\n|\n|t:|1700013314\n|switch|p1a: Gholdengo|Gholdengo|100\/100|[from] Flip Turn\n|\n|-heal|p2a: Dondozo|100\/100|[from] item: Leftovers\n|upkeep\n|turn|21\n|\n|t:|1700013319\n|switch|p2a: Blissey|Blissey, F|79\/100\n|move|p1a: Gholdengo|Thunder Wave|p2a: Blissey\n|-status|p2a: Blissey|par\n|\n|-sideend|p1: Shaquanna|move: Light Screen\n|upkeep\n|turn|22\n|\n|t:|1700013326\n|switch|p1a: Great Tusk|Great Tusk|52\/100\n|-status|p1a: Great Tusk|psn\n|cant|p2a: Blissey|par\n|\n|-heal|p1a: Great Tusk|58\/100 psn|[from] item: Leftovers\n|-damage|p1a: Great Tusk|46\/100 psn|[from] psn\n|upkeep\n|turn|23\n|\n|t:|1700013332\n|-curestatus|p2a: Blissey|par|[from] ability: Natural Cure\n|switch|p2a: Alomomola|Alomomola, M|100\/100\n|-activate|p2a: Alomomola|move: Sticky Web\n|-unboost|p2a: Alomomola|spe|1\n|move|p1a: Great Tusk|Headlong Rush|p2a: Alomomola\n|-damage|p2a: Alomomola|66\/100\n|-unboost|p1a: Great Tusk|def|1\n|-unboost|p1a: Great Tusk|spd|1\n|\n|-heal|p1a: Great Tusk|52\/100 psn|[from] item: Leftovers\n|-damage|p1a: Great Tusk|40\/100 psn|[from] psn\n|upkeep\n|turn|24\n|\n|t:|1700013341\n|-end|p1a: Great Tusk|Protosynthesis|[silent]\n|switch|p1a: Alomomola|Alomomola, M|100\/100 brn\n|move|p2a: Alomomola|Flip Turn|p1a: Alomomola\n|-resisted|p1a: Alomomola\n|-damage|p1a: Alomomola|97\/100 brn\n|\n|t:|1700013348\n|switch|p2a: Garganacl|Garganacl, M|53\/100|[from] Flip Turn\n|-activate|p2a: Garganacl|move: Sticky Web\n|-unboost|p2a: Garganacl|spe|1\n|\n|-heal|p1a: Alomomola|100\/100 brn|[from] item: Leftovers\n|-heal|p2a: Garganacl|59\/100|[from] item: Leftovers\n|-damage|p1a: Alomomola|94\/100 brn|[from] brn\n|upkeep\n|turn|25\n|\n|t:|1700013353\n|move|p1a: Alomomola|Scald|p2a: Garganacl\n|-supereffective|p2a: Garganacl\n|-damage|p2a: Garganacl|32\/100\n|move|p2a: Garganacl|Recover|p2a: Garganacl\n|-heal|p2a: Garganacl|82\/100\n|\n|-heal|p1a: Alomomola|100\/100 brn|[from] item: Leftovers\n|-heal|p2a: Garganacl|88\/100|[from] item: Leftovers\n|-damage|p1a: Alomomola|94\/100 brn|[from] brn\n|upkeep\n|turn|26\n|\n|t:|1700013356\n|move|p1a: Alomomola|Flip Turn|p2a: Garganacl\n|-supereffective|p2a: Garganacl\n|-damage|p2a: Garganacl|80\/100\n|\n|t:|1700013359\n|switch|p1a: Sneasler|Sneasler, M|100\/100|[from] Flip Turn\n|-sideend|p1: Shaquanna|move: Toxic Spikes|[of] p1a: Sneasler\n|move|p2a: Garganacl|Salt Cure|p1a: Sneasler\n|-resisted|p1a: Sneasler\n|-damage|p1a: Sneasler|90\/100\n|-start|p1a: Sneasler|Salt Cure\n|\n|-heal|p2a: Garganacl|86\/100|[from] item: Leftovers\n|-damage|p1a: Sneasler|77\/100|[from] Salt Cure\n|upkeep\n|turn|27\n|\n|t:|1700013372\n|switch|p1a: Rillaboom|Rillaboom, M|100\/100\n|-fieldstart|move: Grassy Terrain|[from] ability: Grassy Surge|[of] p1a: Rillaboom\n|move|p2a: Garganacl|Curse|p2a: Garganacl\n|-unboost|p2a: Garganacl|spe|1\n|-boost|p2a: Garganacl|atk|1\n|-boost|p2a: Garganacl|def|1\n|\n|-heal|p2a: Garganacl|92\/100|[from] Grassy Terrain\n|-heal|p2a: Garganacl|99\/100|[from] item: Leftovers\n|upkeep\n|turn|28\n|\n|t:|1700013380\n|move|p1a: Rillaboom|Knock Off|p2a: Garganacl\n|-damage|p2a: Garganacl|86\/100\n|-enditem|p2a: Garganacl|Leftovers|[from] move: Knock Off|[of] p1a: Rillaboom\n|move|p2a: Garganacl|Salt Cure|p1a: Rillaboom\n|-damage|p1a: Rillaboom|82\/100\n|-start|p1a: Rillaboom|Salt Cure\n|\n|-heal|p1a: Rillaboom|88\/100|[from] Grassy Terrain\n|-heal|p2a: Garganacl|92\/100|[from] Grassy Terrain\n|-damage|p1a: Rillaboom|76\/100|[from] Salt Cure\n|upkeep\n|turn|29\n|\n|t:|1700013389\n|switch|p2a: Skeledirge|Skeledirge, M|97\/100\n|-activate|p2a: Skeledirge|move: Sticky Web\n|-unboost|p2a: Skeledirge|spe|1\n|move|p1a: Rillaboom|U-turn|p2a: Skeledirge\n|-resisted|p2a: Skeledirge\n|-damage|p2a: Skeledirge|92\/100\n|\n|t:|1700013399\n|switch|p1a: Alomomola|Alomomola, M|100\/100 brn|[from] U-turn\n|\n|-heal|p2a: Skeledirge|98\/100|[from] Grassy Terrain\n|-damage|p1a: Alomomola|94\/100 brn|[from] brn\n|upkeep\n|turn|30\n|\n|t:|1700013402\n|move|p1a: Alomomola|Scald|p2a: Skeledirge\n|-supereffective|p2a: Skeledirge\n|-damage|p2a: Skeledirge|77\/100\n|move|p2a: Skeledirge|Hex|p1a: Alomomola\n|-damage|p1a: Alomomola|35\/100 brn\n|\n|-heal|p1a: Alomomola|42\/100 brn|[from] Grassy Terrain\n|-heal|p1a: Alomomola|48\/100 brn|[from] item: Leftovers\n|-heal|p2a: Skeledirge|83\/100|[from] Grassy Terrain\n|-damage|p1a: Alomomola|42\/100 brn|[from] brn\n|upkeep\n|turn|31\n|\n|t:|1700013411\n|move|p1a: Alomomola|Light Screen|p1a: Alomomola\n|-sidestart|p1: Shaquanna|move: Light Screen\n|move|p2a: Skeledirge|Torch Song|p1a: Alomomola\n|-resisted|p1a: Alomomola\n|-damage|p1a: Alomomola|32\/100 brn\n|-boost|p2a: Skeledirge|spa|1\n|\n|-heal|p1a: Alomomola|39\/100 brn|[from] Grassy Terrain\n|-heal|p1a: Alomomola|45\/100 brn|[from] item: Leftovers\n|-heal|p2a: Skeledirge|89\/100|[from] Grassy Terrain\n|-damage|p1a: Alomomola|39\/100 brn|[from] brn\n|upkeep\n|turn|32\n|\n|t:|1700013418\n|move|p1a: Alomomola|Flip Turn|p2a: Skeledirge\n|-supereffective|p2a: Skeledirge\n|-damage|p2a: Skeledirge|77\/100\n|\n|t:|1700013424\n|switch|p1a: Great Tusk|Great Tusk|40\/100 psn|[from] Flip Turn\n|move|p2a: Skeledirge|Torch Song|p1a: Great Tusk\n|-damage|p1a: Great Tusk|7\/100 psn\n|-boost|p2a: Skeledirge|spa|1\n|\n|-heal|p1a: Great Tusk|13\/100 psn|[from] Grassy Terrain\n|-heal|p1a: Great Tusk|19\/100 psn|[from] item: Leftovers\n|-heal|p2a: Skeledirge|83\/100|[from] Grassy Terrain\n|-damage|p1a: Great Tusk|7\/100 psn|[from] psn\n|upkeep\n|turn|33\n|\n|t:|1700013435\n|-terastallize|p2a: Skeledirge|Fairy\n|move|p1a: Great Tusk|Headlong Rush|p2a: Skeledirge\n|-damage|p2a: Skeledirge|29\/100\n|-unboost|p1a: Great Tusk|def|1\n|-unboost|p1a: Great Tusk|spd|1\n|move|p2a: Skeledirge|Slack Off|p2a: Skeledirge\n|-heal|p2a: Skeledirge|79\/100\n|\n|-heal|p1a: Great Tusk|13\/100 psn|[from] Grassy Terrain\n|-heal|p1a: Great Tusk|19\/100 psn|[from] item: Leftovers\n|-heal|p2a: Skeledirge|85\/100|[from] Grassy Terrain\n|-damage|p1a: Great Tusk|7\/100 psn|[from] psn\n|upkeep\n|turn|34\n|\n|t:|1700013449\n|-end|p1a: Great Tusk|Protosynthesis|[silent]\n|switch|p1a: Gholdengo|Gholdengo|100\/100\n|switch|p2a: Alomomola|Alomomola, M|99\/100\n|-activate|p2a: Alomomola|move: Sticky Web\n|-unboost|p2a: Alomomola|spe|1\n|\n|-heal|p2a: Alomomola|100\/100|[from] Grassy Terrain\n|-fieldend|move: Grassy Terrain\n|upkeep\n|turn|35\n|\n|t:|1700013453\n|move|p1a: Gholdengo|Thunder Wave|p2a: Alomomola\n|-status|p2a: Alomomola|par\n|move|p2a: Alomomola|Flip Turn|p1a: Gholdengo\n|-damage|p1a: Gholdengo|90\/100\n|\n|t:|1700013463\n|switch|p2a: Blissey|Blissey, F|79\/100|[from] Flip Turn\n|\n|-heal|p1a: Gholdengo|96\/100|[from] item: Leftovers\n|-sideend|p1: Shaquanna|move: Light Screen\n|upkeep\n|turn|36\n|\n|t:|1700013472\n|switch|p1a: Rillaboom|Rillaboom, M|76\/100\n|-fieldstart|move: Grassy Terrain|[from] ability: Grassy Surge|[of] p1a: Rillaboom\n|move|p2a: Blissey|Stealth Rock|p1a: Rillaboom\n|-sidestart|p1: Shaquanna|move: Stealth Rock\n|\n|-heal|p1a: Rillaboom|82\/100|[from] Grassy Terrain\n|-heal|p2a: Blissey|85\/100|[from] Grassy Terrain\n|upkeep\n|turn|37\n|\n|t:|1700013477\n|switch|p2a: Skeledirge|Skeledirge, M, tera:Fairy|85\/100\n|-activate|p2a: Skeledirge|move: Sticky Web\n|-unboost|p2a: Skeledirge|spe|1\n|move|p1a: Rillaboom|U-turn|p2a: Skeledirge\n|-resisted|p2a: Skeledirge\n|-crit|p2a: Skeledirge\n|-damage|p2a: Skeledirge|68\/100\n|\n|t:|1700013481\n|switch|p1a: Gholdengo|Gholdengo|96\/100|[from] U-turn\n|-damage|p1a: Gholdengo|90\/100|[from] Stealth Rock\n|\n|-heal|p1a: Gholdengo|96\/100|[from] Grassy Terrain\n|-heal|p1a: Gholdengo|100\/100|[from] item: Leftovers\n|-heal|p2a: Skeledirge|74\/100|[from] Grassy Terrain\n|upkeep\n|turn|38\n|\n|t:|1700013494\n|move|p1a: Gholdengo|Make It Rain|p2a: Skeledirge\n|-supereffective|p2a: Skeledirge\n|-damage|p2a: Skeledirge|0 fnt\n|-unboost|p1a: Gholdengo|spa|1\n|faint|p2a: Skeledirge\n|\n|upkeep\n|\n|t:|1700013498\n|switch|p2a: Blissey|Blissey, F|85\/100\n|turn|39\n|\n|t:|1700013503\n|move|p1a: Gholdengo|Thunder Wave|p2a: Blissey\n|-status|p2a: Blissey|par\n|cant|p2a: Blissey|par\n|\n|-heal|p2a: Blissey|92\/100 par|[from] Grassy Terrain\n|upkeep\n|turn|40\n|\n|t:|1700013524\n|switch|p1a: Rillaboom|Rillaboom, M|82\/100\n|-damage|p1a: Rillaboom|69\/100|[from] Stealth Rock\n|move|p2a: Blissey|Shadow Ball|p1a: Rillaboom\n|-damage|p1a: Rillaboom|53\/100\n|\n|-heal|p1a: Rillaboom|59\/100|[from] Grassy Terrain\n|-heal|p2a: Blissey|98\/100 par|[from] Grassy Terrain\n|upkeep\n|turn|41\n|\n|t:|1700013532\n|-curestatus|p2a: Blissey|par|[from] ability: Natural Cure\n|switch|p2a: Toxapex|Toxapex, F|100\/100 brn\n|-activate|p2a: Toxapex|move: Sticky Web\n|-unboost|p2a: Toxapex|spe|1\n|move|p1a: Rillaboom|U-turn|p2a: Toxapex\n|-resisted|p2a: Toxapex\n|-damage|p2a: Toxapex|91\/100 brn\n|\n|t:|1700013536\n|switch|p1a: Gholdengo|Gholdengo|100\/100|[from] U-turn\n|-damage|p1a: Gholdengo|94\/100|[from] Stealth Rock\n|\n|-heal|p1a: Gholdengo|100\/100|[from] Grassy Terrain\n|-heal|p2a: Toxapex|98\/100 brn|[from] Grassy Terrain\n|-heal|p2a: Toxapex|100\/100 brn|[from] item: Black Sludge\n|-damage|p2a: Toxapex|94\/100 brn|[from] brn\n|upkeep\n|turn|42\n|\n|t:|1700013543\n|switch|p2a: Blissey|Blissey, F|98\/100\n|move|p1a: Gholdengo|Hex|p2a: Blissey\n|-immune|p2a: Blissey\n|\n|-heal|p2a: Blissey|100\/100|[from] Grassy Terrain\n|upkeep\n|turn|43\n|\n|t:|1700013545\n|move|p1a: Gholdengo|Thunder Wave|p2a: Blissey\n|-status|p2a: Blissey|par\n|cant|p2a: Blissey|par\n|\n|-fieldend|move: Grassy Terrain\n|upkeep\n|turn|44\n|\n|t:|1700013554\n|switch|p1a: Alomomola|Alomomola, M|72\/100 brn\n|-damage|p1a: Alomomola|59\/100 brn|[from] Stealth Rock\n|move|p2a: Blissey|Shadow Ball|p1a: Alomomola\n|-damage|p1a: Alomomola|43\/100 brn\n|\n|-heal|p1a: Alomomola|49\/100 brn|[from] item: Leftovers\n|-damage|p1a: Alomomola|43\/100 brn|[from] brn\n|upkeep\n|turn|45\n|\n|t:|1700013563\n|-curestatus|p2a: Blissey|par|[from] ability: Natural Cure\n|switch|p2a: Garganacl|Garganacl, M|92\/100\n|-activate|p2a: Garganacl|move: Sticky Web\n|-unboost|p2a: Garganacl|spe|1\n|move|p1a: Alomomola|Wish|p1a: Alomomola\n|\n|-heal|p1a: Alomomola|49\/100 brn|[from] item: Leftovers\n|-damage|p1a: Alomomola|43\/100 brn|[from] brn\n|upkeep\n|turn|46\n|\n|t:|1700013573\n|move|p1a: Alomomola|Flip Turn|p2a: Garganacl\n|-supereffective|p2a: Garganacl\n|-damage|p2a: Garganacl|85\/100\n|\n|t:|1700013577\n|switch|p1a: Rillaboom|Rillaboom, M|59\/100|[from] Flip Turn\n|-damage|p1a: Rillaboom|46\/100|[from] Stealth Rock\n|-fieldstart|move: Grassy Terrain|[from] ability: Grassy Surge|[of] p1a: Rillaboom\n|move|p2a: Garganacl|Salt Cure|p1a: Rillaboom\n|-damage|p1a: Rillaboom|34\/100\n|-start|p1a: Rillaboom|Salt Cure\n|\n|-heal|p1a: Rillaboom|100\/100|[from] move: Wish|[wisher] Alomomola\n|-heal|p2a: Garganacl|92\/100|[from] Grassy Terrain\n|-damage|p1a: Rillaboom|88\/100|[from] Salt Cure\n|upkeep\n|turn|47\n|\n|t:|1700013588\n|switch|p2a: Toxapex|Toxapex, F|100\/100 brn\n|-activate|p2a: Toxapex|move: Sticky Web\n|-unboost|p2a: Toxapex|spe|1\n|move|p1a: Rillaboom|Drum Beating|p2a: Toxapex\n|-damage|p2a: Toxapex|53\/100 brn\n|-unboost|p2a: Toxapex|spe|1\n|\n|-heal|p1a: Rillaboom|94\/100|[from] Grassy Terrain\n|-heal|p2a: Toxapex|59\/100 brn|[from] Grassy Terrain\n|-heal|p2a: Toxapex|66\/100 brn|[from] item: Black Sludge\n|-damage|p2a: Toxapex|59\/100 brn|[from] brn\n|-damage|p1a: Rillaboom|82\/100|[from] Salt Cure\n|upkeep\n|turn|48\n|j| adghhgtyh\n|\n|t:|1700013595\n|move|p1a: Rillaboom|Knock Off|p2a: Toxapex\n|-damage|p2a: Toxapex|31\/100 brn\n|-enditem|p2a: Toxapex|Black Sludge|[from] move: Knock Off|[of] p1a: Rillaboom\n|move|p2a: Toxapex|Liquidation|p1a: Rillaboom\n|-resisted|p1a: Rillaboom\n|-damage|p1a: Rillaboom|77\/100\n|\n|-heal|p1a: Rillaboom|83\/100|[from] Grassy Terrain\n|-heal|p2a: Toxapex|37\/100 brn|[from] Grassy Terrain\n|-damage|p2a: Toxapex|31\/100 brn|[from] brn\n|-damage|p1a: Rillaboom|71\/100|[from] Salt Cure\n|upkeep\n|turn|49\n|l| adghhgtyh\n|\n|t:|1700013600\n|move|p1a: Rillaboom|Drum Beating|p2a: Toxapex\n|-damage|p2a: Toxapex|0 fnt\n|faint|p2a: Toxapex\n|\n|-heal|p1a: Rillaboom|77\/100|[from] Grassy Terrain\n|-damage|p1a: Rillaboom|64\/100|[from] Salt Cure\n|upkeep\n|\n|t:|1700013607\n|switch|p2a: Alomomola|Alomomola, M|100\/100 par\n|-activate|p2a: Alomomola|move: Sticky Web\n|-unboost|p2a: Alomomola|spe|1\n|turn|50\n|\n|t:|1700013614\n|move|p1a: Rillaboom|U-turn|p2a: Alomomola\n|-damage|p2a: Alomomola|87\/100 par\n|\n|t:|1700013616\n|switch|p1a: Alomomola|Alomomola, M|76\/100 brn|[from] U-turn\n|-damage|p1a: Alomomola|64\/100 brn|[from] Stealth Rock\n|move|p2a: Alomomola|Scald|p1a: Alomomola\n|-resisted|p1a: Alomomola\n|-damage|p1a: Alomomola|55\/100 brn\n|\n|-heal|p1a: Alomomola|61\/100 brn|[from] Grassy Terrain\n|-heal|p1a: Alomomola|67\/100 brn|[from] item: Leftovers\n|-heal|p2a: Alomomola|93\/100 par|[from] Grassy Terrain\n|-damage|p1a: Alomomola|61\/100 brn|[from] brn\n|upkeep\n|turn|51\n|\n|t:|1700013628\n|switch|p2a: Dondozo|Dondozo, F|100\/100\n|-activate|p2a: Dondozo|move: Sticky Web\n|-unboost|p2a: Dondozo|spe|1\n|move|p1a: Alomomola|Wish|p1a: Alomomola\n|\n|-heal|p1a: Alomomola|67\/100 brn|[from] Grassy Terrain\n|-heal|p1a: Alomomola|74\/100 brn|[from] item: Leftovers\n|-damage|p1a: Alomomola|67\/100 brn|[from] brn\n|upkeep\n|turn|52\n|\n|t:|1700013636\n|move|p1a: Alomomola|Flip Turn|p2a: Dondozo\n|-resisted|p2a: Dondozo\n|-damage|p2a: Dondozo|99\/100\n|\n|t:|1700013638\n|switch|p1a: Rillaboom|Rillaboom, M|64\/100|[from] Flip Turn\n|-damage|p1a: Rillaboom|52\/100|[from] Stealth Rock\n|move|p2a: Dondozo|Body Press|p1a: Rillaboom\n|-damage|p1a: Rillaboom|23\/100\n|\n|-heal|p1a: Rillaboom|91\/100|[from] move: Wish|[wisher] Alomomola\n|-heal|p1a: Rillaboom|97\/100|[from] Grassy Terrain\n|-heal|p2a: Dondozo|100\/100|[from] Grassy Terrain\n|upkeep\n|turn|53\n|\n|t:|1700013642\n|move|p1a: Rillaboom|Drum Beating|p2a: Dondozo\n|-supereffective|p2a: Dondozo\n|-damage|p2a: Dondozo|54\/100\n|-unboost|p2a: Dondozo|spe|1\n|move|p2a: Dondozo|Body Press|p1a: Rillaboom\n|-crit|p1a: Rillaboom\n|-damage|p1a: Rillaboom|56\/100\n|\n|-heal|p1a: Rillaboom|62\/100|[from] Grassy Terrain\n|-heal|p2a: Dondozo|60\/100|[from] Grassy Terrain\n|-heal|p2a: Dondozo|66\/100|[from] item: Leftovers\n|-fieldend|move: Grassy Terrain\n|upkeep\n|turn|54\n|\n|t:|1700013649\n|move|p1a: Rillaboom|Drain Punch|p2a: Dondozo\n|-damage|p2a: Dondozo|53\/100\n|-heal|p1a: Rillaboom|70\/100|[from] drain|[of] p2a: Dondozo\n|move|p2a: Dondozo|Rest|p2a: Dondozo\n|-status|p2a: Dondozo|slp|[from] move: Rest\n|-heal|p2a: Dondozo|100\/100 slp|[silent]\n|\n|upkeep\n|turn|55\n|\n|t:|1700013652\n|move|p1a: Rillaboom|Drum Beating|p2a: Dondozo\n|-supereffective|p2a: Dondozo\n|-damage|p2a: Dondozo|64\/100 slp\n|-unboost|p2a: Dondozo|spe|1\n|cant|p2a: Dondozo|slp\n|move|p2a: Dondozo|Sleep Talk|p2a: Dondozo\n|move|p2a: Dondozo|Rest||[from]move: Sleep Talk|[still]\n|-fail|p2a: Dondozo\n|\n|-heal|p2a: Dondozo|70\/100 slp|[from] item: Leftovers\n|upkeep\n|turn|56\n|\n|t:|1700013654\n|move|p1a: Rillaboom|Drum Beating|p2a: Dondozo\n|-supereffective|p2a: Dondozo\n|-damage|p2a: Dondozo|28\/100 slp\n|-unboost|p2a: Dondozo|spe|1\n|cant|p2a: Dondozo|slp\n|move|p2a: Dondozo|Sleep Talk|p2a: Dondozo\n|move|p2a: Dondozo|Wave Crash|p1a: Rillaboom|[from]move: Sleep Talk\n|-resisted|p1a: Rillaboom\n|-damage|p1a: Rillaboom|52\/100\n|-damage|p2a: Dondozo|24\/100 slp|[from] Recoil\n|\n|-heal|p2a: Dondozo|30\/100 slp|[from] item: Leftovers\n|upkeep\n|turn|57\n|\n|t:|1700013658\n|move|p1a: Rillaboom|Drum Beating|p2a: Dondozo\n|-supereffective|p2a: Dondozo\n|-damage|p2a: Dondozo|0 fnt\n|faint|p2a: Dondozo\n|\n|upkeep\n|c|\u2606Sunflora my lover|This game suck so hard\n|c|\u2606Sunflora my lover|Tera suck hard\n|c|\u2606Sunflora my lover|Stall not fun to play\n|inactive|Sunflora my lover has 120 seconds left.\n|c|\u2606Sunflora my lover|0 fun now on this game\n|c|\u2606Sunflora my lover|All game suck\n|-message|Sunflora my lover forfeited.\n|\n|win|Shaquanna\n|raw|Shaquanna's rating: 1268 &rarr; <strong>1296<\/strong><br \/>(+28 for winning)\n|raw|Sunflora my lover's rating: 1305 &rarr; <strong>1283<\/strong><br \/>(-22 for losing)\n","uploadtime":1700013668,"views":13,"p1id":"shaquanna","p2id":"sunfloramylover","formatid":"gen9ou","rating":1283,"private":0,"password":""}