{"id":"gen9ou-1995726516","p1":"LegendaryNinjaDude","p2":"halfdivine","format":"[Gen 9] OU","log":"|j|\u2606LegendaryNinjaDude\n|j|\u2606halfdivine\n|t:|1700597470\n|gametype|singles\n|player|p1|LegendaryNinjaDude|265|\n|player|p2|halfdivine|265|\n|teamsize|p1|6\n|teamsize|p2|6\n|gen|9\n|tier|[Gen 9] OU\n|rule|Sleep Clause Mod: Limit one foe put to sleep\n|rule|Species Clause: Limit one of each Pok\u00e9mon\n|rule|OHKO Clause: OHKO moves are banned\n|rule|Evasion Items Clause: Evasion items are banned\n|rule|Evasion Moves Clause: Evasion moves are banned\n|rule|Endless Battle Clause: Forcing endless battles is banned\n|rule|HP Percentage Mod: HP is shown in percentages\n|clearpoke\n|poke|p1|Toxapex, M|\n|poke|p1|Heatran, F|\n|poke|p1|Torterra, F|\n|poke|p1|Iron Treads|\n|poke|p1|Chandelure, F|\n|poke|p1|Ditto|\n|poke|p2|Hatterene, F|\n|poke|p2|Torkoal, M|\n|poke|p2|Brute Bonnet|\n|poke|p2|Orthworm, F|\n|poke|p2|Walking Wake|\n|poke|p2|Infernape, F|\n|teampreview\n|c|\u2606halfdivine|interesting\n|c|\u2606halfdivine|did not expect ditto here ngl\n|c|\u2606halfdivine|glhf\n|c|\u2606LegendaryNinjaDude|You too.\n|\n|t:|1700597519\n|start\n|switch|p1a: Heatran|Heatran, F|100\/100\n|switch|p2a: Hatterene|Hatterene, F|100\/100\n|turn|1\n|c|\u2606halfdivine|ty\n|\n|t:|1700597527\n|move|p1a: Heatran|Magma Storm|p2a: Hatterene|[miss]\n|-miss|p1a: Heatran|p2a: Hatterene\n|move|p2a: Hatterene|Trick Room|p2a: Hatterene\n|-fieldstart|move: Trick Room|[of] p2a: Hatterene\n|\n|upkeep\n|turn|2\n|\n|t:|1700597553\n|switch|p2a: Torkoal|Torkoal, M|100\/100\n|-weather|SunnyDay|[from] ability: Drought|[of] p2a: Torkoal\n|move|p1a: Heatran|Magma Storm|p2a: Torkoal\n|-resisted|p2a: Torkoal\n|-damage|p2a: Torkoal|42\/100\n|-activate|p2a: Torkoal|move: Magma Storm|[of] p1a: Heatran\n|\n|-weather|SunnyDay|[upkeep]\n|-damage|p2a: Torkoal|29\/100|[from] move: Magma Storm|[partiallytrapped]\n|upkeep\n|turn|3\n|c|\u2606halfdivine|DAMN\n|\n|t:|1700597567\n|move|p2a: Torkoal|Yawn|p1a: Heatran\n|-start|p1a: Heatran|move: Yawn|[of] p2a: Torkoal\n|move|p1a: Heatran|Stealth Rock|p2a: Torkoal\n|-sidestart|p2: halfdivine|move: Stealth Rock\n|\n|-weather|SunnyDay|[upkeep]\n|-damage|p2a: Torkoal|17\/100|[from] move: Magma Storm|[partiallytrapped]\n|upkeep\n|turn|4\n|c|\u2606LegendaryNinjaDude|Yeah, sun boosted Magma Storm.\n|c|\u2606LegendaryNinjaDude|Doesn't care too much about resistance.\n|c|\u2606halfdivine|YEP\n|\n|t:|1700597594\n|switch|p1a: Toxapex|Toxapex, M|100\/100\n|move|p2a: Torkoal|Stealth Rock|p1a: Toxapex\n|-sidestart|p1: LegendaryNinjaDude|move: Stealth Rock\n|\n|-weather|SunnyDay|[upkeep]\n|-end|p2a: Torkoal|Magma Storm|[partiallytrapped]|[silent]\n|upkeep\n|turn|5\n|\n|t:|1700597602\n|move|p2a: Torkoal|Rapid Spin|p1a: Toxapex\n|-damage|p1a: Toxapex|94\/100\n|-boost|p2a: Torkoal|spe|1\n|-sideend|p2: halfdivine|Stealth Rock|[from] move: Rapid Spin|[of] p2a: Torkoal\n|move|p1a: Toxapex|Infestation|p2a: Torkoal\n|-resisted|p2a: Torkoal\n|-damage|p2a: Torkoal|15\/100\n|-activate|p2a: Torkoal|move: Infestation|[of] p1a: Toxapex\n|\n|-weather|SunnyDay|[upkeep]\n|-damage|p2a: Torkoal|3\/100|[from] move: Infestation|[partiallytrapped]\n|-fieldend|move: Trick Room\n|upkeep\n|turn|6\n|\n|t:|1700597612\n|move|p2a: Torkoal|Yawn|p1a: Toxapex\n|-start|p1a: Toxapex|move: Yawn|[of] p2a: Torkoal\n|move|p1a: Toxapex|Acid Spray|p2a: Torkoal\n|-damage|p2a: Torkoal|0 fnt\n|faint|p2a: Torkoal\n|\n|-weather|SunnyDay|[upkeep]\n|upkeep\n|c|\u2606LegendaryNinjaDude|Should've just gone for Surf.\n|\n|t:|1700597619\n|switch|p2a: Hatterene|Hatterene, F|100\/100\n|turn|7\n|c|\u2606LegendaryNinjaDude|Chose to be fancy.\n|c|\u2606halfdivine|yeooers\n|\n|t:|1700597628\n|move|p1a: Toxapex|Acid Spray|p2a: Hatterene\n|-supereffective|p2a: Hatterene\n|-damage|p2a: Hatterene|80\/100\n|-unboost|p2a: Hatterene|spd|2\n|-enditem|p2a: Hatterene|Eject Button\n|c|\u2606halfdivine|yeppers\n|\n|t:|1700597641\n|switch|p2a: Infernape|Infernape, F|100\/100\n|\n|-weather|SunnyDay|[upkeep]\n|-end|p1a: Toxapex|move: Yawn|[silent]\n|-status|p1a: Toxapex|slp\n|upkeep\n|turn|8\n|\n|t:|1700597653\n|move|p2a: Infernape|Earthquake|p1a: Toxapex\n|-supereffective|p1a: Toxapex\n|-damage|p1a: Toxapex|25\/100 slp\n|cant|p1a: Toxapex|slp\n|\n|-weather|SunnyDay|[upkeep]\n|upkeep\n|turn|9\n|\n|t:|1700597662\n|switch|p1a: Torterra|Torterra, F|100\/100\n|-damage|p1a: Torterra|94\/100|[from] Stealth Rock\n|move|p2a: Infernape|Earthquake|p1a: Torterra\n|-resisted|p1a: Torterra\n|-damage|p1a: Torterra|81\/100\n|\n|-weather|none\n|upkeep\n|turn|10\n|\n|t:|1700597677\n|switch|p2a: Brute Bonnet|Brute Bonnet|100\/100\n|-enditem|p2a: Brute Bonnet|Booster Energy\n|-activate|p2a: Brute Bonnet|ability: Protosynthesis|[fromitem]\n|-start|p2a: Brute Bonnet|protosynthesisatk\n|switch|p1a: Chandelure|Chandelure, F|100\/100\n|-damage|p1a: Chandelure|76\/100|[from] Stealth Rock\n|\n|upkeep\n|turn|11\n|\n|t:|1700597689\n|switch|p1a: Iron Treads|Iron Treads|100\/100\n|-damage|p1a: Iron Treads|97\/100|[from] Stealth Rock\n|-enditem|p1a: Iron Treads|Booster Energy\n|-activate|p1a: Iron Treads|ability: Quark Drive|[fromitem]\n|-start|p1a: Iron Treads|quarkdrivespe\n|move|p2a: Brute Bonnet|Sucker Punch||[still]\n|-fail|p2a: Brute Bonnet\n|\n|upkeep\n|turn|12\n|\n|t:|1700597701\n|move|p1a: Iron Treads|Rapid Spin|p2a: Brute Bonnet\n|-damage|p2a: Brute Bonnet|86\/100\n|-boost|p1a: Iron Treads|spe|1\n|-sideend|p1: LegendaryNinjaDude|Stealth Rock|[from] move: Rapid Spin|[of] p1a: Iron Treads\n|move|p2a: Brute Bonnet|Close Combat|p1a: Iron Treads\n|-supereffective|p1a: Iron Treads\n|-damage|p1a: Iron Treads|0 fnt\n|-unboost|p2a: Brute Bonnet|def|1\n|-unboost|p2a: Brute Bonnet|spd|1\n|faint|p1a: Iron Treads\n|-end|p1a: Iron Treads|Quark Drive|[silent]\n|\n|upkeep\n|\n|t:|1700597710\n|switch|p1a: Ditto|Ditto, shiny|100\/100\n|-transform|p1a: Ditto|p2a: Brute Bonnet|[from] ability: Imposter\n|turn|13\n|\n|t:|1700597717\n|move|p1a: Ditto|Close Combat|p2a: Brute Bonnet\n|-supereffective|p2a: Brute Bonnet\n|-damage|p2a: Brute Bonnet|0 fnt\n|-unboost|p1a: Ditto|def|1\n|-unboost|p1a: Ditto|spd|1\n|faint|p2a: Brute Bonnet\n|-end|p2a: Brute Bonnet|Protosynthesis|[silent]\n|\n|upkeep\n|\n|t:|1700597729\n|switch|p2a: Infernape|Infernape, F|100\/100\n|turn|14\n|\n|t:|1700597738\n|-end|p1a: Ditto|Protosynthesis|[silent]\n|switch|p1a: Chandelure|Chandelure, F|76\/100\n|move|p2a: Infernape|U-turn|p1a: Chandelure\n|-resisted|p1a: Chandelure\n|-damage|p1a: Chandelure|66\/100\n|\n|t:|1700597745\n|switch|p2a: Walking Wake|Walking Wake|100\/100|[from] U-turn\n|-enditem|p2a: Walking Wake|Booster Energy\n|-activate|p2a: Walking Wake|ability: Protosynthesis|[fromitem]\n|-start|p2a: Walking Wake|protosynthesisspa\n|\n|upkeep\n|turn|15\n|\n|t:|1700597761\n|move|p1a: Chandelure|Shadow Ball|p2a: Walking Wake\n|-damage|p2a: Walking Wake|47\/100\n|move|p2a: Walking Wake|Roar|p1a: Chandelure\n|drag|p1a: Torterra|Torterra, F|81\/100\n|\n|upkeep\n|turn|16\n|c|\u2606halfdivine|didnt expect the stay\n|c|\u2606LegendaryNinjaDude|If I had gone Toxapex it would've actually been better for me.\n|\n|t:|1700597800\n|switch|p1a: Toxapex|Toxapex, M|59\/100 slp\n|move|p2a: Walking Wake|Flamethrower|p1a: Toxapex\n|-resisted|p1a: Toxapex\n|-damage|p1a: Toxapex|50\/100 slp\n|\n|upkeep\n|turn|17\n|c|\u2606halfdivine|ye\n|\n|t:|1700597811\n|switch|p1a: Heatran|Heatran, F|100\/100\n|move|p2a: Walking Wake|Dragon Pulse|p1a: Heatran\n|-resisted|p1a: Heatran\n|-damage|p1a: Heatran|78\/100\n|\n|-heal|p1a: Heatran|84\/100|[from] item: Leftovers\n|upkeep\n|turn|18\n|\n|t:|1700597819\n|move|p1a: Heatran|Protect|p1a: Heatran\n|-singleturn|p1a: Heatran|Protect\n|move|p2a: Walking Wake|Hydro Steam|p1a: Heatran\n|-activate|p1a: Heatran|move: Protect\n|\n|-heal|p1a: Heatran|90\/100|[from] item: Leftovers\n|upkeep\n|turn|19\n|\n|t:|1700597827\n|switch|p1a: Toxapex|Toxapex, M|83\/100 slp\n|move|p2a: Walking Wake|Hydro Steam|p1a: Toxapex\n|-resisted|p1a: Toxapex\n|-damage|p1a: Toxapex|72\/100 slp\n|\n|upkeep\n|turn|20\n|\n|t:|1700597836\n|cant|p1a: Toxapex|slp\n|move|p2a: Walking Wake|Roar|p1a: Toxapex\n|drag|p1a: Heatran|Heatran, F|90\/100\n|\n|-heal|p1a: Heatran|96\/100|[from] item: Leftovers\n|upkeep\n|turn|21\n|\n|t:|1700597844\n|move|p1a: Heatran|Protect|p1a: Heatran\n|-singleturn|p1a: Heatran|Protect\n|move|p2a: Walking Wake|Dragon Pulse|p1a: Heatran\n|-activate|p1a: Heatran|move: Protect\n|\n|-heal|p1a: Heatran|100\/100|[from] item: Leftovers\n|upkeep\n|turn|22\n|\n|t:|1700597851\n|move|p2a: Walking Wake|Dragon Pulse|p1a: Heatran\n|-resisted|p1a: Heatran\n|-damage|p1a: Heatran|77\/100\n|move|p1a: Heatran|Stealth Rock|p2a: Walking Wake\n|-sidestart|p2: halfdivine|move: Stealth Rock\n|\n|-heal|p1a: Heatran|83\/100|[from] item: Leftovers\n|upkeep\n|turn|23\n|\n|t:|1700597857\n|move|p1a: Heatran|Protect|p1a: Heatran\n|-singleturn|p1a: Heatran|Protect\n|move|p2a: Walking Wake|Dragon Pulse|p1a: Heatran\n|-activate|p1a: Heatran|move: Protect\n|\n|-heal|p1a: Heatran|89\/100|[from] item: Leftovers\n|upkeep\n|turn|24\n|c|\u2606LegendaryNinjaDude|I'm loving this battle so far.\n|\n|t:|1700597867\n|switch|p1a: Toxapex|Toxapex, M|100\/100 slp\n|move|p2a: Walking Wake|Hydro Steam|p1a: Toxapex\n|-resisted|p1a: Toxapex\n|-damage|p1a: Toxapex|88\/100 slp\n|\n|upkeep\n|turn|25\n|c|\u2606halfdivine|IM glad\n|c|\u2606halfdivine|Im glad*\n|\n|t:|1700597875\n|cant|p1a: Toxapex|slp\n|move|p2a: Walking Wake|Roar|p1a: Toxapex\n|drag|p1a: Chandelure|Chandelure, F|66\/100\n|\n|upkeep\n|turn|26\n|\n|t:|1700597881\n|move|p1a: Chandelure|Shadow Ball|p2a: Walking Wake\n|-damage|p2a: Walking Wake|0 fnt\n|faint|p2a: Walking Wake\n|-end|p2a: Walking Wake|Protosynthesis|[silent]\n|\n|upkeep\n|\n|t:|1700597898\n|switch|p2a: Orthworm|Orthworm, F|100\/100\n|-damage|p2a: Orthworm|94\/100|[from] Stealth Rock\n|turn|27\n|\n|t:|1700597903\n|move|p1a: Chandelure|Shadow Ball|p2a: Orthworm\n|-damage|p2a: Orthworm|19\/100\n|move|p2a: Orthworm|Earthquake|p1a: Chandelure\n|-supereffective|p1a: Chandelure\n|-damage|p1a: Chandelure|0 fnt\n|faint|p1a: Chandelure\n|\n|-heal|p2a: Orthworm|25\/100|[from] item: Leftovers\n|upkeep\n|\n|t:|1700597913\n|switch|p1a: Heatran|Heatran, F|89\/100\n|turn|28\n|\n|t:|1700597919\n|move|p1a: Heatran|Magma Storm|p2a: Orthworm\n|-supereffective|p2a: Orthworm\n|-damage|p2a: Orthworm|0 fnt\n|faint|p2a: Orthworm\n|\n|-heal|p1a: Heatran|95\/100|[from] item: Leftovers\n|upkeep\n|\n|t:|1700597925\n|switch|p2a: Infernape|Infernape, F|100\/100\n|-damage|p2a: Infernape|88\/100|[from] Stealth Rock\n|turn|29\n|\n|t:|1700597931\n|move|p1a: Heatran|Protect|p1a: Heatran\n|-singleturn|p1a: Heatran|Protect\n|move|p2a: Infernape|Earthquake|p1a: Heatran\n|-activate|p1a: Heatran|move: Protect\n|\n|-heal|p1a: Heatran|100\/100|[from] item: Leftovers\n|upkeep\n|turn|30\n|\n|t:|1700597974\n|-terastallize|p1a: Heatran|Flying\n|move|p2a: Infernape|Earthquake|p1a: Heatran\n|-immune|p1a: Heatran\n|move|p1a: Heatran|Magma Storm|p2a: Infernape\n|-resisted|p2a: Infernape\n|-damage|p2a: Infernape|48\/100\n|-activate|p2a: Infernape|move: Magma Storm|[of] p1a: Heatran\n|\n|-damage|p2a: Infernape|36\/100|[from] move: Magma Storm|[partiallytrapped]\n|upkeep\n|turn|31\n|c|\u2606halfdivine|this be ggs\n|\n|t:|1700597995\n|move|p1a: Heatran|Protect|p1a: Heatran\n|-singleturn|p1a: Heatran|Protect\n|move|p2a: Infernape|Earthquake|p1a: Heatran\n|-activate|p1a: Heatran|move: Protect\n|\n|-damage|p2a: Infernape|23\/100|[from] move: Magma Storm|[partiallytrapped]\n|upkeep\n|turn|32\n|c|\u2606LegendaryNinjaDude|I also forgot to check for your Tera captains, don't worry.\n|c|\u2606LegendaryNinjaDude|I believe so. Gg.\n|c|\u2606halfdivine|lol\n|\n|t:|1700598010\n|move|p2a: Infernape|Earthquake|p1a: Heatran\n|-immune|p1a: Heatran\n|move|p1a: Heatran|Flash Cannon|p2a: Infernape\n|-resisted|p2a: Infernape\n|-damage|p2a: Infernape|0 fnt\n|faint|p2a: Infernape\n|\n|upkeep\n|\n|t:|1700598017\n|switch|p2a: Hatterene|Hatterene, F|80\/100\n|-damage|p2a: Hatterene|67\/100|[from] Stealth Rock\n|turn|33\n|\n|t:|1700598022\n|-terastallize|p2a: Hatterene|Psychic\n|move|p1a: Heatran|Flash Cannon|p2a: Hatterene\n|-damage|p2a: Hatterene|18\/100\n|move|p2a: Hatterene|Psychic|p1a: Heatran\n|-damage|p1a: Heatran|42\/100\n|\n|-heal|p1a: Heatran|48\/100|[from] item: Leftovers\n|upkeep\n|turn|34\n|\n|t:|1700598030\n|move|p1a: Heatran|Flash Cannon|p2a: Hatterene\n|-damage|p2a: Hatterene|0 fnt\n|faint|p2a: Hatterene\n|\n|win|LegendaryNinjaDude\n|c|\u2606halfdivine|gg\n|c|\u2606LegendaryNinjaDude|Gg.\n|c|\u2606LegendaryNinjaDude|Want to post it or should I?\n|l|\u2606halfdivine\n","uploadtime":1700598037,"views":15,"p1id":"legendaryninjadude","p2id":"halfdivine","formatid":"gen9ou","rating":0,"private":0,"password":""}