{"id":"gen9ou-1989279162","p1":"Herris456","p2":"diggy20","format":"[Gen 9] OU","log":"|j|\u2606Herris456\n|j|\u2606diggy20\n|t:|1699831196\n|gametype|singles\n|player|p1|Herris456|pokekid|1412\n|player|p2|diggy20|265|1451\n|teamsize|p1|6\n|teamsize|p2|6\n|gen|9\n|tier|[Gen 9] OU\n|rated|\n|rule|Sleep Clause Mod: Limit one foe put to sleep\n|rule|Species Clause: Limit one of each Pok\u00e9mon\n|rule|OHKO Clause: OHKO moves are banned\n|rule|Evasion Items Clause: Evasion items are banned\n|rule|Evasion Moves Clause: Evasion moves are banned\n|rule|Endless Battle Clause: Forcing endless battles is banned\n|rule|HP Percentage Mod: HP is shown in percentages\n|clearpoke\n|poke|p1|Ogerpon-Wellspring, F|\n|poke|p1|Iron Moth|\n|poke|p1|Blissey, F|\n|poke|p1|Corviknight, M|\n|poke|p1|Ting-Lu|\n|poke|p1|Dragapult, M|\n|poke|p2|Samurott-Hisui, F|\n|poke|p2|Ceruledge, F|\n|poke|p2|Thundurus-Therian, M|\n|poke|p2|Amoonguss, M|\n|poke|p2|Great Tusk|\n|poke|p2|Gholdengo|\n|teampreview\n|inactive|Battle timer is ON: inactive players will automatically lose when time's up. (requested by diggy20)\n|\n|t:|1699831214\n|start\n|switch|p1a: Ogerpon|Ogerpon-Wellspring, F|100\/100\n|switch|p2a: Samurott|Samurott-Hisui, F, shiny|100\/100\n|turn|1\n|\n|t:|1699831220\n|move|p2a: Samurott|Ceaseless Edge|p1a: Ogerpon\n|-damage|p1a: Ogerpon|37\/100\n|-sidestart|p1: Herris456|Spikes\n|move|p1a: Ogerpon|Horn Leech|p2a: Samurott\n|-supereffective|p2a: Samurott\n|-damage|p2a: Samurott|0 fnt\n|-heal|p1a: Ogerpon|91\/100|[from] drain|[of] p2a: Samurott\n|faint|p2a: Samurott\n|\n|upkeep\n|\n|t:|1699831234\n|switch|p2a: Amoonguss|Amoonguss, M, shiny|100\/100\n|turn|2\n|\n|t:|1699831242\n|move|p1a: Ogerpon|Knock Off|p2a: Amoonguss\n|-crit|p2a: Amoonguss\n|-damage|p2a: Amoonguss|51\/100\n|-enditem|p2a: Amoonguss|Red Card|[from] move: Knock Off|[of] p1a: Ogerpon\n|move|p2a: Amoonguss|Sludge Bomb|p1a: Ogerpon\n|-supereffective|p1a: Ogerpon\n|-damage|p1a: Ogerpon|27\/100\n|\n|upkeep\n|turn|3\n|\n|t:|1699831252\n|move|p1a: Ogerpon|U-turn|p2a: Amoonguss\n|-damage|p2a: Amoonguss|26\/100\n|\n|t:|1699831254\n|switch|p1a: Corviknight|Corviknight, M|100\/100|[from] U-turn\n|-ability|p1a: Corviknight|Pressure\n|move|p2a: Amoonguss|Giga Drain|p1a: Corviknight\n|-resisted|p1a: Corviknight\n|-damage|p1a: Corviknight|95\/100\n|-heal|p2a: Amoonguss|29\/100|[from] drain|[of] p1a: Corviknight\n|\n|upkeep\n|turn|4\n|\n|t:|1699831263\n|switch|p2a: Gholdengo|Gholdengo, shiny|100\/100\n|move|p1a: Corviknight|Iron Head|p2a: Gholdengo\n|-resisted|p2a: Gholdengo\n|-damage|p2a: Gholdengo|91\/100\n|\n|-heal|p2a: Gholdengo|98\/100|[from] item: Leftovers\n|upkeep\n|turn|5\n|\n|t:|1699831272\n|move|p2a: Gholdengo|Nasty Plot|p2a: Gholdengo\n|-boost|p2a: Gholdengo|spa|2\n|move|p1a: Corviknight|U-turn|p2a: Gholdengo\n|-resisted|p2a: Gholdengo\n|-damage|p2a: Gholdengo|95\/100\n|\n|t:|1699831275\n|switch|p1a: Blissey|Blissey, F|100\/100|[from] U-turn\n|-damage|p1a: Blissey|88\/100|[from] Spikes\n|\n|-heal|p2a: Gholdengo|100\/100|[from] item: Leftovers\n|-heal|p1a: Blissey|94\/100|[from] item: Leftovers\n|upkeep\n|turn|6\n|\n|t:|1699831277\n|move|p2a: Gholdengo|Nasty Plot|p2a: Gholdengo\n|-boost|p2a: Gholdengo|spa|2\n|move|p1a: Blissey|Flamethrower|p2a: Gholdengo\n|-supereffective|p2a: Gholdengo\n|-damage|p2a: Gholdengo|51\/100\n|-status|p2a: Gholdengo|brn\n|\n|-heal|p2a: Gholdengo|57\/100 brn|[from] item: Leftovers\n|-heal|p1a: Blissey|99\/100|[from] item: Leftovers\n|-damage|p2a: Gholdengo|51\/100 brn|[from] brn\n|upkeep\n|turn|7\n|\n|t:|1699831281\n|move|p2a: Gholdengo|Make It Rain|p1a: Blissey\n|-damage|p1a: Blissey|48\/100\n|-unboost|p2a: Gholdengo|spa|1\n|move|p1a: Blissey|Flamethrower|p2a: Gholdengo\n|-supereffective|p2a: Gholdengo\n|-damage|p2a: Gholdengo|3\/100 brn\n|\n|-heal|p2a: Gholdengo|9\/100 brn|[from] item: Leftovers\n|-heal|p1a: Blissey|54\/100|[from] item: Leftovers\n|-damage|p2a: Gholdengo|3\/100 brn|[from] brn\n|upkeep\n|turn|8\n|\n|t:|1699831293\n|move|p2a: Gholdengo|Make It Rain|p1a: Blissey\n|-damage|p1a: Blissey|12\/100\n|-unboost|p2a: Gholdengo|spa|1\n|move|p1a: Blissey|Soft-Boiled|p1a: Blissey\n|-heal|p1a: Blissey|62\/100\n|\n|-heal|p2a: Gholdengo|9\/100 brn|[from] item: Leftovers\n|-heal|p1a: Blissey|68\/100|[from] item: Leftovers\n|-damage|p2a: Gholdengo|3\/100 brn|[from] brn\n|upkeep\n|turn|9\n|\n|t:|1699831305\n|switch|p2a: Thundurus|Thundurus-Therian, M, shiny|100\/100\n|move|p1a: Blissey|Ice Beam|p2a: Thundurus\n|-supereffective|p2a: Thundurus\n|-damage|p2a: Thundurus|34\/100\n|\n|-heal|p1a: Blissey|75\/100|[from] item: Leftovers\n|upkeep\n|turn|10\n|\n|t:|1699831317\n|move|p2a: Thundurus|Knock Off|p1a: Blissey\n|-damage|p1a: Blissey|26\/100\n|-enditem|p1a: Blissey|Leftovers|[from] move: Knock Off|[of] p2a: Thundurus\n|move|p1a: Blissey|Ice Beam|p2a: Thundurus\n|-supereffective|p2a: Thundurus\n|-damage|p2a: Thundurus|0 fnt\n|faint|p2a: Thundurus\n|\n|upkeep\n|\n|t:|1699831322\n|switch|p2a: Great Tusk|Great Tusk, shiny|100\/100\n|turn|11\n|\n|t:|1699831328\n|switch|p1a: Corviknight|Corviknight, M|95\/100\n|-ability|p1a: Corviknight|Pressure\n|move|p2a: Great Tusk|Stealth Rock|p1a: Corviknight\n|-sidestart|p1: Herris456|move: Stealth Rock\n|\n|upkeep\n|turn|12\n|\n|t:|1699831335\n|-end|p2a: Great Tusk|Protosynthesis|[silent]\n|switch|p2a: Gholdengo|Gholdengo, shiny|3\/100 brn\n|move|p1a: Corviknight|U-turn|p2a: Gholdengo\n|-resisted|p2a: Gholdengo\n|-damage|p2a: Gholdengo|0 fnt\n|faint|p2a: Gholdengo\n|\n|t:|1699831344\n|switch|p1a: Dragapult|Dragapult, M|100\/100|[from] U-turn\n|-damage|p1a: Dragapult|88\/100|[from] Spikes\n|-damage|p1a: Dragapult|76\/100|[from] Stealth Rock\n|\n|upkeep\n|\n|t:|1699831352\n|switch|p2a: Great Tusk|Great Tusk, shiny|100\/100\n|turn|13\n|\n|t:|1699831359\n|move|p1a: Dragapult|Dragon Darts|p2a: Great Tusk\n|-damage|p2a: Great Tusk|86\/100\n|-anim|p1a: Dragapult|Dragon Darts|p2a: Great Tusk\n|-damage|p2a: Great Tusk|72\/100\n|move|p2a: Great Tusk|Earthquake|p1a: Dragapult\n|-damage|p1a: Dragapult|15\/100\n|\n|-heal|p2a: Great Tusk|78\/100|[from] item: Leftovers\n|upkeep\n|turn|14\n|\n|t:|1699831369\n|move|p1a: Dragapult|Dragon Darts|p2a: Great Tusk\n|-damage|p2a: Great Tusk|64\/100\n|-anim|p1a: Dragapult|Dragon Darts|p2a: Great Tusk\n|-damage|p2a: Great Tusk|51\/100\n|move|p2a: Great Tusk|Earthquake|p1a: Dragapult\n|-damage|p1a: Dragapult|0 fnt\n|faint|p1a: Dragapult\n|\n|-heal|p2a: Great Tusk|57\/100|[from] item: Leftovers\n|upkeep\n|\n|t:|1699831384\n|switch|p1a: Corviknight|Corviknight, M|95\/100\n|-damage|p1a: Corviknight|82\/100|[from] Stealth Rock\n|-ability|p1a: Corviknight|Pressure\n|turn|15\n|\n|t:|1699831387\n|-end|p2a: Great Tusk|Protosynthesis|[silent]\n|switch|p2a: Ceruledge|Ceruledge, F, shiny|100\/100\n|move|p1a: Corviknight|Defog|p2a: Ceruledge\n|-unboost|p2a: Ceruledge|evasion|1\n|-sideend|p1: Herris456|Spikes|[from] move: Defog|[of] p1a: Corviknight\n|-sideend|p1: Herris456|Stealth Rock|[from] move: Defog|[of] p1a: Corviknight\n|\n|upkeep\n|turn|16\n|\n|t:|1699831391\n|move|p2a: Ceruledge|Swords Dance|p2a: Ceruledge\n|-boost|p2a: Ceruledge|atk|2\n|move|p1a: Corviknight|U-turn|p2a: Ceruledge\n|-resisted|p2a: Ceruledge\n|-damage|p2a: Ceruledge|95\/100\n|-ability|p2a: Ceruledge|Weak Armor|boost\n|-unboost|p2a: Ceruledge|def|1\n|-boost|p2a: Ceruledge|spe|2\n|\n|t:|1699831396\n|switch|p1a: Ting-Lu|Ting-Lu|100\/100|[from] U-turn\n|-ability|p1a: Ting-Lu|Vessel of Ruin\n|\n|upkeep\n|turn|17\n|\n|t:|1699831402\n|move|p2a: Ceruledge|Bitter Blade|p1a: Ting-Lu\n|-damage|p1a: Ting-Lu|52\/100\n|-heal|p2a: Ceruledge|100\/100|[from] drain|[of] p1a: Ting-Lu\n|move|p1a: Ting-Lu|Whirlwind|p2a: Ceruledge\n|drag|p2a: Great Tusk|Great Tusk, shiny|57\/100\n|\n|-heal|p2a: Great Tusk|63\/100|[from] item: Leftovers\n|-heal|p1a: Ting-Lu|58\/100|[from] item: Leftovers\n|upkeep\n|turn|18\n|\n|t:|1699831408\n|move|p2a: Great Tusk|Stealth Rock|p1a: Ting-Lu\n|-sidestart|p1: Herris456|move: Stealth Rock\n|move|p1a: Ting-Lu|Spikes|p2a: Great Tusk\n|-sidestart|p2: diggy20|Spikes\n|\n|-heal|p2a: Great Tusk|70\/100|[from] item: Leftovers\n|-heal|p1a: Ting-Lu|65\/100|[from] item: Leftovers\n|upkeep\n|turn|19\n|\n|t:|1699831411\n|move|p2a: Great Tusk|Rapid Spin|p1a: Ting-Lu\n|-damage|p1a: Ting-Lu|57\/100\n|-boost|p2a: Great Tusk|spe|1\n|-sideend|p2: diggy20|Spikes|[from] move: Rapid Spin|[of] p2a: Great Tusk\n|move|p1a: Ting-Lu|Ruination|p2a: Great Tusk\n|-damage|p2a: Great Tusk|35\/100\n|\n|-heal|p2a: Great Tusk|41\/100|[from] item: Leftovers\n|-heal|p1a: Ting-Lu|63\/100|[from] item: Leftovers\n|upkeep\n|turn|20\n|\n|t:|1699831415\n|move|p2a: Great Tusk|Ice Spinner|p1a: Ting-Lu\n|-supereffective|p1a: Ting-Lu\n|-damage|p1a: Ting-Lu|39\/100\n|move|p1a: Ting-Lu|Earthquake|p2a: Great Tusk\n|-damage|p2a: Great Tusk|22\/100\n|\n|-heal|p2a: Great Tusk|29\/100|[from] item: Leftovers\n|-heal|p1a: Ting-Lu|45\/100|[from] item: Leftovers\n|upkeep\n|turn|21\n|\n|t:|1699831421\n|move|p2a: Great Tusk|Ice Spinner|p1a: Ting-Lu\n|-supereffective|p1a: Ting-Lu\n|-damage|p1a: Ting-Lu|21\/100\n|move|p1a: Ting-Lu|Spikes|p2a: Great Tusk\n|-sidestart|p2: diggy20|Spikes\n|\n|-heal|p2a: Great Tusk|35\/100|[from] item: Leftovers\n|-heal|p1a: Ting-Lu|28\/100|[from] item: Leftovers\n|upkeep\n|turn|22\n|\n|t:|1699831434\n|switch|p1a: Corviknight|Corviknight, M|82\/100\n|-damage|p1a: Corviknight|70\/100|[from] Stealth Rock\n|-ability|p1a: Corviknight|Pressure\n|move|p2a: Great Tusk|Rapid Spin|p1a: Corviknight\n|-resisted|p1a: Corviknight\n|-damage|p1a: Corviknight|65\/100\n|-boost|p2a: Great Tusk|spe|1\n|-damage|p2a: Great Tusk|18\/100|[from] item: Rocky Helmet|[of] p1a: Corviknight\n|-sideend|p2: diggy20|Spikes|[from] move: Rapid Spin|[of] p2a: Great Tusk\n|\n|-heal|p2a: Great Tusk|25\/100|[from] item: Leftovers\n|upkeep\n|turn|23\n|\n|t:|1699831441\n|move|p2a: Great Tusk|Ice Spinner|p1a: Corviknight\n|-crit|p1a: Corviknight\n|-damage|p1a: Corviknight|43\/100\n|-damage|p2a: Great Tusk|8\/100|[from] item: Rocky Helmet|[of] p1a: Corviknight\n|move|p1a: Corviknight|Iron Head|p2a: Great Tusk\n|-damage|p2a: Great Tusk|0 fnt\n|faint|p2a: Great Tusk\n|-end|p2a: Great Tusk|Protosynthesis|[silent]\n|\n|upkeep\n|\n|t:|1699831443\n|switch|p2a: Ceruledge|Ceruledge, F, shiny|100\/100\n|turn|24\n|\n|t:|1699831446\n|move|p2a: Ceruledge|Swords Dance|p2a: Ceruledge\n|-boost|p2a: Ceruledge|atk|2\n|move|p1a: Corviknight|U-turn|p2a: Ceruledge\n|-resisted|p2a: Ceruledge\n|-damage|p2a: Ceruledge|95\/100\n|-ability|p2a: Ceruledge|Weak Armor|boost\n|-unboost|p2a: Ceruledge|def|1\n|-boost|p2a: Ceruledge|spe|2\n|\n|t:|1699831456\n|switch|p1a: Blissey|Blissey, F|26\/100|[from] U-turn\n|-damage|p1a: Blissey|13\/100|[from] Stealth Rock\n|\n|upkeep\n|turn|25\n|\n|t:|1699831459\n|move|p2a: Ceruledge|Bitter Blade|p1a: Blissey\n|-damage|p1a: Blissey|0 fnt\n|-heal|p2a: Ceruledge|100\/100|[from] drain|[of] p1a: Blissey\n|faint|p1a: Blissey\n|\n|upkeep\n|\n|t:|1699831469\n|switch|p1a: Iron Moth|Iron Moth|100\/100\n|-damage|p1a: Iron Moth|76\/100|[from] Stealth Rock\n|-enditem|p1a: Iron Moth|Booster Energy\n|-activate|p1a: Iron Moth|ability: Quark Drive|[fromitem]\n|-start|p1a: Iron Moth|quarkdrivespe\n|turn|26\n|\n|t:|1699831480\n|move|p2a: Ceruledge|Bitter Blade|p1a: Iron Moth\n|-resisted|p1a: Iron Moth\n|-damage|p1a: Iron Moth|8\/100\n|move|p1a: Iron Moth|Sludge Wave|p2a: Ceruledge\n|-resisted|p2a: Ceruledge\n|-damage|p2a: Ceruledge|71\/100\n|-status|p2a: Ceruledge|psn\n|\n|-damage|p2a: Ceruledge|59\/100 psn|[from] psn\n|upkeep\n|turn|27\n|\n|t:|1699831492\n|move|p2a: Ceruledge|Bitter Blade|p1a: Iron Moth\n|-resisted|p1a: Iron Moth\n|-damage|p1a: Iron Moth|0 fnt\n|-heal|p2a: Ceruledge|62\/100 psn|[from] drain|[of] p1a: Iron Moth\n|faint|p1a: Iron Moth\n|-end|p1a: Iron Moth|Quark Drive|[silent]\n|\n|-damage|p2a: Ceruledge|50\/100 psn|[from] psn\n|upkeep\n|\n|t:|1699831501\n|switch|p1a: Ting-Lu|Ting-Lu|28\/100\n|-damage|p1a: Ting-Lu|21\/100|[from] Stealth Rock\n|-ability|p1a: Ting-Lu|Vessel of Ruin\n|turn|28\n|\n|t:|1699831506\n|move|p2a: Ceruledge|Bitter Blade|p1a: Ting-Lu\n|-damage|p1a: Ting-Lu|0 fnt\n|-heal|p2a: Ceruledge|69\/100 psn|[from] drain|[of] p1a: Ting-Lu\n|faint|p1a: Ting-Lu\n|\n|-damage|p2a: Ceruledge|56\/100 psn|[from] psn\n|upkeep\n|\n|t:|1699831509\n|switch|p1a: Ogerpon|Ogerpon-Wellspring, F|27\/100\n|-damage|p1a: Ogerpon|15\/100|[from] Stealth Rock\n|turn|29\n|\n|t:|1699831518\n|move|p2a: Ceruledge|Shadow Sneak|p1a: Ogerpon\n|-damage|p1a: Ogerpon|0 fnt\n|faint|p1a: Ogerpon\n|\n|-damage|p2a: Ceruledge|44\/100 psn|[from] psn\n|upkeep\n|\n|t:|1699831521\n|switch|p1a: Corviknight|Corviknight, M|43\/100\n|-damage|p1a: Corviknight|31\/100|[from] Stealth Rock\n|-ability|p1a: Corviknight|Pressure\n|turn|30\n|\n|t:|1699831525\n|-terastallize|p1a: Corviknight|Water\n|move|p2a: Ceruledge|Bitter Blade|p1a: Corviknight\n|-resisted|p1a: Corviknight\n|-damage|p1a: Corviknight|2\/100\n|-heal|p2a: Ceruledge|63\/100 psn|[from] drain|[of] p1a: Corviknight\n|-damage|p2a: Ceruledge|47\/100 psn|[from] item: Rocky Helmet|[of] p1a: Corviknight\n|move|p1a: Corviknight|Roost|p1a: Corviknight\n|-heal|p1a: Corviknight|52\/100\n|\n|-damage|p2a: Ceruledge|34\/100 psn|[from] psn\n|upkeep\n|turn|31\n|\n|t:|1699831537\n|move|p2a: Ceruledge|Poltergeist|p1a: Corviknight|[miss]\n|-miss|p2a: Ceruledge|p1a: Corviknight\n|move|p1a: Corviknight|Iron Head|p2a: Ceruledge\n|-resisted|p2a: Ceruledge\n|-damage|p2a: Ceruledge|5\/100 psn\n|-ability|p2a: Ceruledge|Weak Armor|boost\n|-unboost|p2a: Ceruledge|def|1\n|-boost|p2a: Ceruledge|spe|2\n|\n|-damage|p2a: Ceruledge|0 fnt|[from] psn\n|faint|p2a: Ceruledge\n|upkeep\n|\n|t:|1699831539\n|switch|p2a: Amoonguss|Amoonguss, M, shiny|62\/100\n|turn|32\n|\n|t:|1699831550\n|move|p1a: Corviknight|Roost|p1a: Corviknight\n|-heal|p1a: Corviknight|100\/100\n|move|p2a: Amoonguss|Spore|p1a: Corviknight\n|-status|p1a: Corviknight|slp|[from] move: Spore\n|\n|upkeep\n|turn|33\n|\n|t:|1699831557\n|cant|p1a: Corviknight|slp\n|move|p2a: Amoonguss|Giga Drain|p1a: Corviknight\n|-supereffective|p1a: Corviknight\n|-damage|p1a: Corviknight|54\/100 slp\n|-heal|p2a: Amoonguss|82\/100|[from] drain|[of] p1a: Corviknight\n|\n|upkeep\n|turn|34\n|\n|t:|1699831561\n|-curestatus|p1a: Corviknight|slp|[msg]\n|move|p1a: Corviknight|Iron Head|p2a: Amoonguss\n|-damage|p2a: Amoonguss|57\/100\n|cant|p2a: Amoonguss|flinch\n|\n|upkeep\n|turn|35\n|\n|t:|1699831570\n|move|p1a: Corviknight|Iron Head|p2a: Amoonguss\n|-damage|p2a: Amoonguss|32\/100\n|move|p2a: Amoonguss|Giga Drain|p1a: Corviknight\n|-supereffective|p1a: Corviknight\n|-damage|p1a: Corviknight|8\/100\n|-heal|p2a: Amoonguss|52\/100|[from] drain|[of] p1a: Corviknight\n|\n|upkeep\n|turn|36\n|\n|t:|1699831586\n|move|p1a: Corviknight|Roost|p1a: Corviknight\n|-heal|p1a: Corviknight|58\/100\n|move|p2a: Amoonguss|Giga Drain|p1a: Corviknight\n|-supereffective|p1a: Corviknight\n|-damage|p1a: Corviknight|14\/100\n|-heal|p2a: Amoonguss|72\/100|[from] drain|[of] p1a: Corviknight\n|\n|upkeep\n|turn|37\n|\n|t:|1699831596\n|move|p1a: Corviknight|Iron Head|p2a: Amoonguss\n|-damage|p2a: Amoonguss|48\/100\n|cant|p2a: Amoonguss|flinch\n|\n|upkeep\n|turn|38\n|\n|t:|1699831604\n|move|p1a: Corviknight|Iron Head|p2a: Amoonguss\n|-damage|p2a: Amoonguss|24\/100\n|cant|p2a: Amoonguss|flinch\n|\n|upkeep\n|turn|39\n|c|\u2606diggy20|lol\n|\n|t:|1699831611\n|move|p1a: Corviknight|Iron Head|p2a: Amoonguss\n|-damage|p2a: Amoonguss|0 fnt\n|faint|p2a: Amoonguss\n|\n|win|Herris456\n|raw|Herris456's rating: 1412 &rarr; <strong>1434<\/strong><br \/>(+22 for winning)\n|raw|diggy20's rating: 1451 &rarr; <strong>1429<\/strong><br \/>(-22 for losing)\n|c|\u2606Herris456|Wow\n|c|\u2606Herris456|sorry mate\n|l|\u2606diggy20\n|c|\u2606Herris456|That\u2019s really unlicky\n","uploadtime":1699831634,"views":11,"p1id":"herris456","p2id":"diggy20","formatid":"gen9ou","rating":1429,"private":0,"password":""}