{"id":"gen9ou-1995370296","p1":"Gyltia","p2":"yeziqie","format":"[Gen 9] OU","log":"|j|\u2606Gyltia\n|j|\u2606yeziqie\n|t:|1700561310\n|gametype|singles\n|player|p1|Gyltia|musician|1419\n|player|p2|yeziqie|266|1366\n|teamsize|p1|6\n|teamsize|p2|6\n|gen|9\n|tier|[Gen 9] OU\n|rated|\n|rule|Sleep Clause Mod: Limit one foe put to sleep\n|rule|Species Clause: Limit one of each Pok\u00e9mon\n|rule|OHKO Clause: OHKO moves are banned\n|rule|Evasion Items Clause: Evasion items are banned\n|rule|Evasion Moves Clause: Evasion moves are banned\n|rule|Endless Battle Clause: Forcing endless battles is banned\n|rule|HP Percentage Mod: HP is shown in percentages\n|clearpoke\n|poke|p1|Ogerpon-Cornerstone, F|\n|poke|p1|Ceruledge, F|\n|poke|p1|Enamorus, F|\n|poke|p1|Greninja-*, M|\n|poke|p1|Great Tusk|\n|poke|p1|Kingambit, M|\n|poke|p2|Ribombee, F|\n|poke|p2|Kleavor, M|\n|poke|p2|Scizor, M|\n|poke|p2|Lokix, F|\n|poke|p2|Yanmega, F|\n|poke|p2|Iron Thorns|\n|teampreview\n|\n|t:|1700561322\n|start\n|switch|p1a: Enamorus|Enamorus, F|100\/100\n|switch|p2a: Ribombee|Ribombee, F|100\/100\n|turn|1\n|\n|t:|1700561326\n|move|p1a: Enamorus|Moonblast|p2a: Ribombee\n|-crit|p2a: Ribombee\n|-enditem|p2a: Ribombee|Focus Sash\n|-damage|p2a: Ribombee|1\/100\n|move|p2a: Ribombee|Stun Spore|p1a: Enamorus\n|-status|p1a: Enamorus|par\n|\n|upkeep\n|turn|2\n|\n|t:|1700561336\n|move|p2a: Ribombee|Sticky Web|p1a: Enamorus\n|-sidestart|p1: Gyltia|move: Sticky Web\n|cant|p1a: Enamorus|par\n|\n|upkeep\n|turn|3\n|\n|t:|1700561346\n|move|p2a: Ribombee|Moonblast|p1a: Enamorus\n|-damage|p1a: Enamorus|48\/100 par\n|-boost|p1a: Enamorus|spa|1\n|move|p1a: Enamorus|Moonblast|p2a: Ribombee\n|-damage|p2a: Ribombee|0 fnt\n|faint|p2a: Ribombee\n|\n|upkeep\n|\n|t:|1700561360\n|switch|p2a: Kleavor|Kleavor, M|100\/100\n|turn|4\n|\n|t:|1700561367\n|move|p2a: Kleavor|Stone Axe|p1a: Enamorus\n|-supereffective|p1a: Enamorus\n|-damage|p1a: Enamorus|0 fnt\n|-sidestart|p1: Gyltia|move: Stealth Rock\n|faint|p1a: Enamorus\n|\n|upkeep\n|\n|t:|1700561371\n|switch|p1a: Great Tusk|Great Tusk|100\/100\n|-activate|p1a: Great Tusk|move: Sticky Web\n|-unboost|p1a: Great Tusk|spe|1\n|-damage|p1a: Great Tusk|98\/100|[from] Stealth Rock\n|-enditem|p1a: Great Tusk|Booster Energy\n|-activate|p1a: Great Tusk|ability: Protosynthesis|[fromitem]\n|-start|p1a: Great Tusk|protosynthesisatk\n|turn|5\n|\n|t:|1700561387\n|switch|p2a: Yanmega|Yanmega, F|100\/100\n|move|p1a: Great Tusk|Rapid Spin|p2a: Yanmega\n|-damage|p2a: Yanmega|76\/100\n|-boost|p1a: Great Tusk|spe|1\n|-sideend|p1: Gyltia|Stealth Rock|[from] move: Rapid Spin|[of] p1a: Great Tusk\n|-sideend|p1: Gyltia|Sticky Web|[from] move: Rapid Spin|[of] p1a: Great Tusk\n|\n|upkeep\n|turn|6\n|\n|t:|1700561396\n|-end|p1a: Great Tusk|Protosynthesis|[silent]\n|switch|p1a: Kingambit|Kingambit, M|100\/100\n|-activate|p1a: Kingambit|ability: Supreme Overlord\n|-start|p1a: Kingambit|fallen1|[silent]\n|-terastallize|p2a: Yanmega|Flying\n|move|p2a: Yanmega|Air Slash|p1a: Kingambit\n|-resisted|p1a: Kingambit\n|-damage|p1a: Kingambit|19\/100\n|\n|-heal|p1a: Kingambit|25\/100|[from] item: Leftovers\n|upkeep\n|turn|7\n|\n|t:|1700561404\n|move|p1a: Kingambit|Sucker Punch|p2a: Yanmega\n|-damage|p2a: Yanmega|19\/100\n|move|p2a: Yanmega|Air Slash|p1a: Kingambit\n|-resisted|p1a: Kingambit\n|-damage|p1a: Kingambit|0 fnt\n|faint|p1a: Kingambit\n|-end|p1a: Kingambit|fallen1|[silent]\n|\n|upkeep\n|\n|t:|1700561410\n|switch|p1a: Greninja|Greninja, M|100\/100\n|turn|8\n|\n|t:|1700561422\n|switch|p2a: Lokix|Lokix, F|100\/100\n|move|p1a: Greninja|Surf|p2a: Lokix\n|-damage|p2a: Lokix|8\/100\n|-damage|p1a: Greninja|91\/100|[from] item: Life Orb\n|\n|upkeep\n|turn|9\n|\n|t:|1700561473\n|switch|p1a: Great Tusk|Great Tusk|98\/100\n|move|p2a: Lokix|First Impression|p1a: Great Tusk\n|-resisted|p1a: Great Tusk\n|-damage|p1a: Great Tusk|56\/100\n|\n|upkeep\n|turn|10\n|\n|t:|1700561498\n|switch|p2a: Scizor|Scizor, M|100\/100\n|move|p1a: Great Tusk|Rapid Spin|p2a: Scizor\n|-resisted|p2a: Scizor\n|-damage|p2a: Scizor|93\/100\n|-boost|p1a: Great Tusk|spe|1\n|\n|upkeep\n|turn|11\n|\n|t:|1700561502\n|move|p2a: Scizor|Bullet Punch|p1a: Great Tusk\n|-damage|p1a: Great Tusk|23\/100\n|move|p1a: Great Tusk|Bulk Up|p1a: Great Tusk\n|-boost|p1a: Great Tusk|atk|1\n|-boost|p1a: Great Tusk|def|1\n|\n|upkeep\n|turn|12\n|\n|t:|1700561505\n|move|p2a: Scizor|Bullet Punch|p1a: Great Tusk\n|-damage|p1a: Great Tusk|1\/100\n|move|p1a: Great Tusk|Headlong Rush|p2a: Scizor\n|-damage|p2a: Scizor|9\/100\n|-unboost|p1a: Great Tusk|def|1\n|-unboost|p1a: Great Tusk|spd|1\n|\n|upkeep\n|turn|13\n|\n|t:|1700561509\n|move|p2a: Scizor|Bullet Punch|p1a: Great Tusk\n|-damage|p1a: Great Tusk|0 fnt\n|faint|p1a: Great Tusk\n|-end|p1a: Great Tusk|Protosynthesis|[silent]\n|\n|upkeep\n|\n|t:|1700561512\n|switch|p1a: Greninja|Greninja, M|91\/100\n|turn|14\n|\n|t:|1700561517\n|move|p1a: Greninja|Water Shuriken|p2a: Scizor\n|-damage|p2a: Scizor|0 fnt\n|faint|p2a: Scizor\n|-ability|p1a: Greninja|Battle Bond|boost\n|-boost|p1a: Greninja|atk|1\n|-boost|p1a: Greninja|spa|1\n|-boost|p1a: Greninja|spe|1\n|-activate|p1a: Greninja|ability: Battle Bond\n|-hitcount|p2: Scizor|1\n|-damage|p1a: Greninja|81\/100|[from] item: Life Orb\n|\n|upkeep\n|\n|t:|1700561524\n|switch|p2a: Lokix|Lokix, F|8\/100\n|turn|15\n|\n|t:|1700561534\n|move|p2a: Lokix|First Impression|p1a: Greninja\n|-supereffective|p1a: Greninja\n|-damage|p1a: Greninja|0 fnt\n|faint|p1a: Greninja\n|\n|upkeep\n|\n|t:|1700561538\n|switch|p1a: Ogerpon|Ogerpon-Cornerstone, F|100\/100\n|turn|16\n|l|\u2606yeziqie\n|player|p2|\n|j|\u2606yeziqie\n|player|p2|yeziqie|266\n|\n|t:|1700561573\n|switch|p2a: Kleavor|Kleavor, M|100\/100\n|move|p1a: Ogerpon|Ivy Cudgel|p2a: Kleavor|[anim] Ivy Cudgel Rock\n|-supereffective|p2a: Kleavor\n|-crit|p2a: Kleavor\n|-damage|p2a: Kleavor|0 fnt\n|faint|p2a: Kleavor\n|\n|upkeep\n|\n|t:|1700561585\n|switch|p2a: Lokix|Lokix, F|8\/100\n|turn|17\n|inactive|Battle timer is ON: inactive players will automatically lose when time's up. (requested by yeziqie)\n|\n|t:|1700561633\n|move|p2a: Lokix|First Impression|p1a: Ogerpon\n|-supereffective|p1a: Ogerpon\n|-ability|p1a: Ogerpon|Sturdy\n|-damage|p1a: Ogerpon|1\/100\n|move|p1a: Ogerpon|Ivy Cudgel|p2a: Lokix|[anim] Ivy Cudgel Rock\n|-supereffective|p2a: Lokix\n|-crit|p2a: Lokix\n|-damage|p2a: Lokix|0 fnt\n|faint|p2a: Lokix\n|\n|upkeep\n|\n|t:|1700561647\n|switch|p2a: Iron Thorns|Iron Thorns|100\/100\n|turn|18\n|\n|t:|1700561651\n|move|p1a: Ogerpon|Ivy Cudgel|p2a: Iron Thorns|[anim] Ivy Cudgel Rock\n|-damage|p2a: Iron Thorns|42\/100\n|move|p2a: Iron Thorns|Dragon Dance|p2a: Iron Thorns\n|-boost|p2a: Iron Thorns|atk|1\n|-boost|p2a: Iron Thorns|spe|1\n|\n|upkeep\n|turn|19\n|\n|t:|1700561658\n|move|p2a: Iron Thorns|Earthquake|p1a: Ogerpon\n|-damage|p1a: Ogerpon|0 fnt\n|faint|p1a: Ogerpon\n|\n|upkeep\n|\n|t:|1700561661\n|switch|p1a: Ceruledge|Ceruledge, F|100\/100\n|turn|20\n|\n|t:|1700561667\n|move|p2a: Iron Thorns|Rock Blast|p1a: Ceruledge\n|-supereffective|p1a: Ceruledge\n|-damage|p1a: Ceruledge|46\/100\n|-ability|p1a: Ceruledge|Weak Armor|boost\n|-unboost|p1a: Ceruledge|def|1\n|-boost|p1a: Ceruledge|spe|2\n|-supereffective|p1a: Ceruledge\n|-damage|p1a: Ceruledge|0 fnt\n|faint|p1a: Ceruledge\n|-hitcount|p1: Ceruledge|2\n|\n|win|yeziqie\n|raw|Gyltia's rating: 1419 &rarr; <strong>1396<\/strong><br \/>(-23 for losing)\n|raw|yeziqie's rating: 1366 &rarr; <strong>1389<\/strong><br \/>(+23 for winning)\n|l|\u2606Gyltia\n","uploadtime":1700561682,"views":15,"p1id":"gyltia","p2id":"yeziqie","formatid":"gen9ou","rating":1389,"private":0,"password":""}