{"id":"gen9ou-1995260278","p1":"123inferno","p2":"INFRXPokemon","format":"[Gen 9] OU","log":"|j|\u2606123inferno\n|j|\u2606INFRXPokemon\n|inactive|Battle timer is ON: inactive players will automatically lose when time's up.\n|t:|1700542768\n|gametype|singles\n|player|p1|123inferno|cyclist-gen4|\n|player|p2|INFRXPokemon|red-masters|\n|teamsize|p1|6\n|teamsize|p2|6\n|gen|9\n|tier|[Gen 9] OU\n|rated|Tournament battle\n|rule|Sleep Clause Mod: Limit one foe put to sleep\n|rule|Species Clause: Limit one of each Pok\u00e9mon\n|rule|OHKO Clause: OHKO moves are banned\n|rule|Evasion Items Clause: Evasion items are banned\n|rule|Evasion Moves Clause: Evasion moves are banned\n|rule|Endless Battle Clause: Forcing endless battles is banned\n|rule|HP Percentage Mod: HP is shown in percentages\n|clearpoke\n|poke|p1|Cinderace, M|\n|poke|p1|Manaphy|\n|poke|p1|Ribombee, M|\n|poke|p1|Great Tusk|\n|poke|p1|Rotom-Wash|\n|poke|p1|Ambipom, M|\n|poke|p2|Vespiquen, F|\n|poke|p2|Dusknoir, M|\n|poke|p2|Clefable, F|\n|poke|p2|Toxapex, M|\n|poke|p2|Blissey, F|\n|poke|p2|Slowking-Galar, M|\n|teampreview\n|inactive|123inferno also wants the timer to be on.\n|\n|t:|1700542780\n|start\n|switch|p1a: Ambipom|Ambipom, M|100\/100\n|switch|p2a: Mothership|Vespiquen, F|100\/100\n|-ability|p2a: Mothership|Pressure\n|turn|1\n|inactive|INFRXPokemon has 120 seconds left.\n|\n|t:|1700542815\n|move|p1a: Ambipom|U-turn|p2a: Mothership\n|-resisted|p2a: Mothership\n|-damage|p2a: Mothership|90\/100\n|\n|t:|1700542821\n|switch|p1a: Rotom|Rotom-Wash|100\/100|[from] U-turn\n|move|p2a: Mothership|Spikes|p1a: Rotom\n|-sidestart|p1: 123inferno|Spikes\n|\n|upkeep\n|turn|2\n|\n|t:|1700542829\n|switch|p2a: Fat Pink Blob|Blissey, F|100\/100\n|move|p1a: Rotom|Will-O-Wisp|p2a: Fat Pink Blob\n|-status|p2a: Fat Pink Blob|brn\n|\n|-damage|p2a: Fat Pink Blob|94\/100 brn|[from] brn\n|upkeep\n|turn|3\n|inactive|INFRXPokemon has 120 seconds left.\n|j| Tidy Up Cinccino\n|inactive|123inferno has 120 seconds left.\n|\n|t:|1700542860\n|switch|p1a: Great Tusk|Great Tusk|100\/100\n|-damage|p1a: Great Tusk|88\/100|[from] Spikes\n|-enditem|p1a: Great Tusk|Booster Energy\n|-activate|p1a: Great Tusk|ability: Protosynthesis|[fromitem]\n|-start|p1a: Great Tusk|protosynthesisspe\n|move|p2a: Fat Pink Blob|Stealth Rock|p1a: Great Tusk\n|-sidestart|p1: 123inferno|move: Stealth Rock\n|\n|-damage|p2a: Fat Pink Blob|88\/100 brn|[from] brn\n|upkeep\n|turn|4\n|inactive|123inferno has 120 seconds left.\n|c|\u2606INFRXPokemon|its cooking time\n|\n|t:|1700542880\n|-curestatus|p2a: Fat Pink Blob|brn|[from] ability: Natural Cure\n|switch|p2a: Godfather|Dusknoir, M|100\/100\n|-ability|p2a: Godfather|Pressure\n|move|p1a: Great Tusk|Bulk Up|p1a: Great Tusk\n|-boost|p1a: Great Tusk|atk|1\n|-boost|p1a: Great Tusk|def|1\n|\n|upkeep\n|turn|5\n|c|\u2606123inferno|what?\n|\n|t:|1700542901\n|move|p1a: Great Tusk|Headlong Rush|p2a: Godfather\n|-damage|p2a: Godfather|44\/100\n|-unboost|p1a: Great Tusk|def|1\n|-unboost|p1a: Great Tusk|spd|1\n|move|p2a: Godfather|Will-O-Wisp|p1a: Great Tusk\n|-status|p1a: Great Tusk|brn\n|\n|-heal|p2a: Godfather|50\/100|[from] item: Leftovers\n|-damage|p1a: Great Tusk|82\/100 brn|[from] brn\n|upkeep\n|turn|6\n|c|\u2606INFRXPokemon|im using vespiquen and dusknoir\n|c|\u2606INFRXPokemon|do u actually think im serious rn\n|inactive|INFRXPokemon has 120 seconds left.\n|\n|t:|1700542917\n|move|p1a: Great Tusk|Ice Spinner|p2a: Godfather\n|-damage|p2a: Godfather|38\/100\n|move|p2a: Godfather|Pain Split|p1a: Great Tusk\n|-sethp|p1a: Great Tusk|54\/100 brn|[from] move: Pain Split|[silent]\n|-sethp|p2a: Godfather|79\/100|[from] move: Pain Split\n|\n|-heal|p2a: Godfather|85\/100|[from] item: Leftovers\n|-damage|p1a: Great Tusk|48\/100 brn|[from] brn\n|upkeep\n|turn|7\n|\n|t:|1700542930\n|move|p1a: Great Tusk|Headlong Rush|p2a: Godfather\n|-damage|p2a: Godfather|58\/100\n|-unboost|p1a: Great Tusk|def|1\n|-unboost|p1a: Great Tusk|spd|1\n|move|p2a: Godfather|Ice Punch|p1a: Great Tusk\n|-supereffective|p1a: Great Tusk\n|-damage|p1a: Great Tusk|12\/100 brn\n|\n|-heal|p2a: Godfather|64\/100|[from] item: Leftovers\n|-damage|p1a: Great Tusk|6\/100 brn|[from] brn\n|upkeep\n|turn|8\n|c|\u2606INFRXPokemon|dusknoir walled tusk no way\n|\n|t:|1700542944\n|move|p1a: Great Tusk|Headlong Rush|p2a: Godfather\n|-damage|p2a: Godfather|38\/100\n|-unboost|p1a: Great Tusk|def|1\n|-unboost|p1a: Great Tusk|spd|1\n|move|p2a: Godfather|Ice Punch|p1a: Great Tusk\n|-supereffective|p1a: Great Tusk\n|-damage|p1a: Great Tusk|0 fnt\n|faint|p1a: Great Tusk\n|-end|p1a: Great Tusk|Protosynthesis|[silent]\n|\n|-heal|p2a: Godfather|44\/100|[from] item: Leftovers\n|upkeep\n|inactive|123inferno has 90 seconds left.\n|\n|t:|1700542973\n|switch|p1a: Ambipom|Ambipom, M|100\/100\n|-damage|p1a: Ambipom|88\/100|[from] Spikes\n|-damage|p1a: Ambipom|76\/100|[from] Stealth Rock\n|turn|9\n|inactive|INFRXPokemon has 120 seconds left.\n|\n|t:|1700542994\n|move|p1a: Ambipom|Knock Off|p2a: Godfather\n|-supereffective|p2a: Godfather\n|-damage|p2a: Godfather|4\/100\n|-enditem|p2a: Godfather|Leftovers|[from] move: Knock Off|[of] p1a: Ambipom\n|move|p2a: Godfather|Will-O-Wisp|p1a: Ambipom\n|-status|p1a: Ambipom|brn\n|\n|-damage|p1a: Ambipom|70\/100 brn|[from] brn\n|upkeep\n|turn|10\n|inactive|INFRXPokemon has 120 seconds left.\n|\n|t:|1700543004\n|switch|p2a: Le Pex|Toxapex, M|100\/100\n|move|p1a: Ambipom|Knock Off|p2a: Le Pex\n|-damage|p2a: Le Pex|92\/100\n|-damage|p1a: Ambipom|53\/100 brn|[from] item: Rocky Helmet|[of] p2a: Le Pex\n|-enditem|p2a: Le Pex|Rocky Helmet|[from] move: Knock Off|[of] p1a: Ambipom\n|\n|-damage|p1a: Ambipom|47\/100 brn|[from] brn\n|upkeep\n|turn|11\n|inactive|123inferno has 90 seconds left.\n|\n|t:|1700543025\n|switch|p1a: Rotom|Rotom-Wash|100\/100\n|-damage|p1a: Rotom|88\/100|[from] Stealth Rock\n|move|p2a: Le Pex|Surf|p1a: Rotom\n|-resisted|p1a: Rotom\n|-damage|p1a: Rotom|79\/100\n|\n|-heal|p1a: Rotom|85\/100|[from] item: Leftovers\n|upkeep\n|turn|12\n|inactive|INFRXPokemon has 120 seconds left.\n|-message|123inferno forfeited.\n|\n|win|INFRXPokemon\n|n|\u2606123inferno|123inferno\n|n|\u2606INFRXPokemon|infrxpokemon\n|n| Tidy Up Cinccino|tidyupcinccino\n|l|\u2606123inferno\n","uploadtime":1700543827,"views":2,"p1id":"123inferno","p2id":"infrxpokemon","formatid":"gen9ou","rating":0,"private":0,"password":""}