{"id":"gen9ou-1988301360","p1":"pecurto23","p2":"LaBaleada","format":"[Gen 9] OU","log":"|j|\u2606pecurto23\n|j|\u2606LaBaleada\n|t:|1699704727\n|gametype|singles\n|player|p1|pecurto23|rosa|1594\n|player|p2|LaBaleada|169|1712\n|teamsize|p1|6\n|teamsize|p2|6\n|gen|9\n|tier|[Gen 9] OU\n|rated|\n|rule|Sleep Clause Mod: Limit one foe put to sleep\n|rule|Species Clause: Limit one of each Pok\u00e9mon\n|rule|OHKO Clause: OHKO moves are banned\n|rule|Evasion Items Clause: Evasion items are banned\n|rule|Evasion Moves Clause: Evasion moves are banned\n|rule|Endless Battle Clause: Forcing endless battles is banned\n|rule|HP Percentage Mod: HP is shown in percentages\n|clearpoke\n|poke|p1|Rillaboom, M|\n|poke|p1|Sneasler, F|\n|poke|p1|Zamazenta-*|\n|poke|p1|Manaphy|\n|poke|p1|Heatran, F|\n|poke|p1|Hatterene, F|\n|poke|p2|Tinkaton, F|\n|poke|p2|Rillaboom, F|\n|poke|p2|Heatran, F|\n|poke|p2|Sneasler, F|\n|poke|p2|Ogerpon, F|\n|poke|p2|Mandibuzz, F|\n|teampreview\n|\n|t:|1699704739\n|start\n|switch|p1a: Heatran|Heatran, F|100\/100\n|switch|p2a: Heatran|Heatran, F|100\/100\n|-item|p1a: Heatran|Air Balloon\n|turn|1\n|\n|t:|1699704748\n|switch|p2a: Mandibuzz|Mandibuzz, F|100\/100\n|move|p1a: Heatran|Magma Storm|p2a: Mandibuzz\n|-damage|p2a: Mandibuzz|71\/100\n|-activate|p2a: Mandibuzz|move: Magma Storm|[of] p1a: Heatran\n|\n|-damage|p2a: Mandibuzz|58\/100|[from] move: Magma Storm|[partiallytrapped]\n|upkeep\n|turn|2\n|\n|t:|1699704794\n|switch|p1a: Sneasler|Sneasler, F|100\/100\n|move|p2a: Mandibuzz|U-turn|p1a: Sneasler\n|-resisted|p1a: Sneasler\n|-damage|p1a: Sneasler|97\/100\n|\n|t:|1699704806\n|switch|p2a: Tinkaton|Tinkaton, F|100\/100|[from] U-turn\n|-ability|p2a: Tinkaton|Mold Breaker\n|\n|upkeep\n|turn|3\n|\n|t:|1699704835\n|switch|p1a: Manaphy|Manaphy|100\/100\n|move|p2a: Tinkaton|Gigaton Hammer|p1a: Manaphy\n|-resisted|p1a: Manaphy\n|-crit|p1a: Manaphy\n|-damage|p1a: Manaphy|54\/100\n|-damage|p2a: Tinkaton|91\/100|[from] item: Life Orb\n|\n|upkeep\n|turn|4\n|\n|t:|1699704868\n|switch|p2a: Rillaboom|Rillaboom, F|100\/100\n|-fieldstart|move: Grassy Terrain|[from] ability: Grassy Surge|[of] p2a: Rillaboom\n|move|p1a: Manaphy|Surf|p2a: Rillaboom\n|-resisted|p2a: Rillaboom\n|-damage|p2a: Rillaboom|79\/100\n|\n|-heal|p1a: Manaphy|61\/100|[from] Grassy Terrain\n|-heal|p2a: Rillaboom|85\/100|[from] Grassy Terrain\n|upkeep\n|turn|5\n|\n|t:|1699704899\n|switch|p1a: Hatterene|Hatterene, F|100\/100\n|-enditem|p1a: Hatterene|Grassy Seed\n|-boost|p1a: Hatterene|def|1|[from] item: Grassy Seed\n|move|p2a: Rillaboom|U-turn|p1a: Hatterene\n|-damage|p1a: Hatterene|77\/100\n|\n|t:|1699704902\n|switch|p2a: Tinkaton|Tinkaton, F|91\/100|[from] U-turn\n|-ability|p2a: Tinkaton|Mold Breaker\n|\n|-heal|p2a: Tinkaton|97\/100|[from] Grassy Terrain\n|-heal|p1a: Hatterene|83\/100|[from] Grassy Terrain\n|upkeep\n|turn|6\n|\n|t:|1699704920\n|move|p2a: Tinkaton|Gigaton Hammer|p1a: Hatterene\n|-supereffective|p1a: Hatterene\n|-damage|p1a: Hatterene|0 fnt\n|faint|p1a: Hatterene\n|-damage|p2a: Tinkaton|87\/100|[from] item: Life Orb\n|\n|-heal|p2a: Tinkaton|93\/100|[from] Grassy Terrain\n|upkeep\n|\n|t:|1699704922\n|switch|p1a: Heatran|Heatran, F|100\/100\n|-item|p1a: Heatran|Air Balloon\n|turn|7\n|\n|t:|1699704927\n|switch|p2a: Mandibuzz|Mandibuzz, F|58\/100\n|move|p1a: Heatran|Magma Storm|p2a: Mandibuzz\n|-damage|p2a: Mandibuzz|32\/100\n|-activate|p2a: Mandibuzz|move: Magma Storm|[of] p1a: Heatran\n|\n|-damage|p2a: Mandibuzz|20\/100|[from] move: Magma Storm|[partiallytrapped]\n|upkeep\n|turn|8\n|\n|t:|1699704934\n|move|p1a: Heatran|Magma Storm|p2a: Mandibuzz\n|-damage|p2a: Mandibuzz|0 fnt\n|faint|p2a: Mandibuzz\n|\n|-fieldend|move: Grassy Terrain\n|upkeep\n|\n|t:|1699704937\n|switch|p2a: Sneasler|Sneasler, F|100\/100\n|turn|9\n|\n|t:|1699704949\n|-terastallize|p1a: Heatran|Ghost\n|move|p2a: Sneasler|Close Combat|p1a: Heatran\n|-immune|p1a: Heatran\n|move|p1a: Heatran|Magma Storm|p2a: Sneasler\n|-damage|p2a: Sneasler|41\/100\n|-activate|p2a: Sneasler|move: Magma Storm|[of] p1a: Heatran\n|\n|-damage|p2a: Sneasler|29\/100|[from] move: Magma Storm|[partiallytrapped]\n|upkeep\n|turn|10\n|\n|t:|1699704961\n|switch|p1a: Manaphy|Manaphy|61\/100\n|move|p2a: Sneasler|Dire Claw|p1a: Manaphy\n|-damage|p1a: Manaphy|20\/100\n|-status|p1a: Manaphy|slp\n|-enditem|p1a: Manaphy|Sitrus Berry|[eat]\n|-heal|p1a: Manaphy|45\/100 slp|[from] item: Sitrus Berry\n|\n|-end|p2a: Sneasler|Magma Storm|[partiallytrapped]|[silent]\n|upkeep\n|turn|11\n|\n|t:|1699704978\n|switch|p1a: Zamazenta|Zamazenta|100\/100\n|-ability|p1a: Zamazenta|Dauntless Shield|boost\n|-boost|p1a: Zamazenta|def|1\n|move|p2a: Sneasler|Close Combat|p1a: Zamazenta\n|-damage|p1a: Zamazenta|69\/100\n|-unboost|p2a: Sneasler|def|1\n|-unboost|p2a: Sneasler|spd|1\n|\n|-heal|p1a: Zamazenta|75\/100|[from] item: Leftovers\n|upkeep\n|turn|12\n|\n|t:|1699704988\n|switch|p2a: Ogerpon|Ogerpon, F|100\/100\n|move|p1a: Zamazenta|Body Press|p2a: Ogerpon\n|-damage|p2a: Ogerpon|22\/100\n|\n|-heal|p1a: Zamazenta|82\/100|[from] item: Leftovers\n|upkeep\n|turn|13\n|\n|t:|1699704997\n|switch|p2a: Rillaboom|Rillaboom, F|85\/100\n|-fieldstart|move: Grassy Terrain|[from] ability: Grassy Surge|[of] p2a: Rillaboom\n|move|p1a: Zamazenta|Iron Defense|p1a: Zamazenta\n|-boost|p1a: Zamazenta|def|2\n|\n|-heal|p1a: Zamazenta|88\/100|[from] Grassy Terrain\n|-heal|p1a: Zamazenta|94\/100|[from] item: Leftovers\n|-heal|p2a: Rillaboom|91\/100|[from] Grassy Terrain\n|upkeep\n|turn|14\n|\n|t:|1699705001\n|move|p1a: Zamazenta|Body Press|p2a: Rillaboom\n|-damage|p2a: Rillaboom|0 fnt\n|faint|p2a: Rillaboom\n|\n|-heal|p1a: Zamazenta|100\/100|[from] Grassy Terrain\n|upkeep\n|-message|LaBaleada forfeited.\n|\n|t:|1699705022\n|switch|p2a: Sneasler|Sneasler, F|29\/100\n|-enditem|p2a: Sneasler|Grassy Seed\n|-boost|p2a: Sneasler|def|1|[from] item: Grassy Seed\n|turn|15\n|l|\u2606LaBaleada\n|player|p2|\n|\n|win|pecurto23\n|raw|pecurto23's rating: 1594 &rarr; <strong>1621<\/strong><br \/>(+27 for winning)\n|raw|LaBaleada's rating: 1712 &rarr; <strong>1685<\/strong><br \/>(-27 for losing)\n|j|\u2606LaBaleada\n|player|p2|LaBaleada|169\n|l|\u2606LaBaleada\n|player|p2|\n","uploadtime":1699705049,"views":32,"p1id":"pecurto23","p2id":"labaleada","formatid":"gen9ou","rating":1621,"private":0,"password":""}