{"id":"gen9ou-1997350984","p1":"The Lazy Onee","p2":"Kantonian Ash","format":"[Gen 9] OU","log":"|j|\u2606The Lazy Onee\n|j|\u2606Kantonian Ash\n|t:|1700792864\n|gametype|singles\n|player|p1|The Lazy Onee|dahlia|1387\n|player|p2|Kantonian Ash|2|1324\n|teamsize|p1|6\n|teamsize|p2|6\n|gen|9\n|tier|[Gen 9] OU\n|rated|\n|rule|Sleep Clause Mod: Limit one foe put to sleep\n|rule|Species Clause: Limit one of each Pok\u00e9mon\n|rule|OHKO Clause: OHKO moves are banned\n|rule|Evasion Items Clause: Evasion items are banned\n|rule|Evasion Moves Clause: Evasion moves are banned\n|rule|Endless Battle Clause: Forcing endless battles is banned\n|rule|HP Percentage Mod: HP is shown in percentages\n|clearpoke\n|poke|p1|Alomomola, F|\n|poke|p1|Slowking-Galar, F|\n|poke|p1|Kingambit, F|\n|poke|p1|Great Tusk|\n|poke|p1|Cinderace, F|\n|poke|p1|Thundurus-Therian, M|\n|poke|p2|Decidueye-Hisui, F|\n|poke|p2|Walking Wake|\n|poke|p2|Ceruledge, F|\n|poke|p2|Zapdos|\n|poke|p2|Great Tusk|\n|poke|p2|Blissey, F|\n|teampreview\n|inactive|Battle timer is ON: inactive players will automatically lose when time's up. (requested by Kantonian Ash)\n|\n|t:|1700792882\n|start\n|switch|p1a: Slowking|Slowking-Galar, F|100\/100\n|switch|p2a: Ceruledge|Ceruledge, F|100\/100\n|turn|1\n|\n|t:|1700792892\n|move|p2a: Ceruledge|Swords Dance|p2a: Ceruledge\n|-boost|p2a: Ceruledge|atk|2\n|move|p1a: Slowking|Future Sight|p2a: Ceruledge\n|-start|p1a: Slowking|move: Future Sight\n|\n|upkeep\n|turn|2\n|\n|t:|1700792898\n|switch|p1a: Alomomola|Alomomola, F|100\/100\n|move|p2a: Ceruledge|Flame Charge|p1a: Alomomola\n|-resisted|p1a: Alomomola\n|-damage|p1a: Alomomola|85\/100\n|-boost|p2a: Ceruledge|spe|1\n|-enditem|p1a: Alomomola|Red Card|[of] p2a: Ceruledge\n|drag|p2a: Great Tusk|Great Tusk|100\/100\n|\n|upkeep\n|turn|3\n|\n|t:|1700792909\n|move|p2a: Great Tusk|Knock Off|p1a: Alomomola\n|-damage|p1a: Alomomola|72\/100\n|move|p1a: Alomomola|Flip Turn|p2a: Great Tusk\n|-supereffective|p2a: Great Tusk\n|-damage|p2a: Great Tusk|77\/100\n|\n|t:|1700792924\n|switch|p1a: Thundurus|Thundurus-Therian, M|100\/100|[from] Flip Turn\n|\n|-end|p2a: Great Tusk|move: Future Sight\n|-supereffective|p2a: Great Tusk\n|-damage|p2a: Great Tusk|0 fnt\n|faint|p2a: Great Tusk\n|-end|p2a: Great Tusk|Protosynthesis|[silent]\n|upkeep\n|\n|t:|1700792934\n|switch|p2a: Ceruledge|Ceruledge, F|100\/100\n|turn|4\n|inactive|The Lazy Onee has 120 seconds left.\n|\n|t:|1700792960\n|move|p1a: Thundurus|Volt Switch|p2a: Ceruledge\n|-damage|p2a: Ceruledge|34\/100\n|inactive|The Lazy Onee has 120 seconds left.\n|\n|t:|1700792967\n|switch|p1a: Alomomola|Alomomola, F|100\/100|[from] Volt Switch\n|move|p2a: Ceruledge|Flame Charge|p1a: Alomomola\n|-resisted|p1a: Alomomola\n|-damage|p1a: Alomomola|92\/100\n|-boost|p2a: Ceruledge|spe|1\n|\n|-heal|p2a: Ceruledge|40\/100|[from] item: Leftovers\n|upkeep\n|turn|5\n|\n|t:|1700792977\n|-terastallize|p2a: Ceruledge|Bug\n|move|p2a: Ceruledge|Swords Dance|p2a: Ceruledge\n|-boost|p2a: Ceruledge|atk|2\n|move|p1a: Alomomola|Scald|p2a: Ceruledge\n|-damage|p2a: Ceruledge|25\/100\n|\n|-heal|p2a: Ceruledge|31\/100|[from] item: Leftovers\n|upkeep\n|turn|6\n|\n|t:|1700792986\n|move|p2a: Ceruledge|Shadow Claw|p1a: Alomomola\n|-damage|p1a: Alomomola|48\/100\n|move|p1a: Alomomola|Acrobatics|p2a: Ceruledge\n|-supereffective|p2a: Ceruledge\n|-crit|p2a: Ceruledge\n|-damage|p2a: Ceruledge|0 fnt\n|faint|p2a: Ceruledge\n|\n|upkeep\n|-message|Kantonian Ash forfeited.\n|\n|win|The Lazy Onee\n|raw|The Lazy Onee's rating: 1387 &rarr; <strong>1403<\/strong><br \/>(+16 for winning)\n|raw|Kantonian Ash's rating: 1324 &rarr; <strong>1308<\/strong><br \/>(-16 for losing)\n|l|\u2606Kantonian Ash\n","uploadtime":1700793012,"views":5,"p1id":"thelazyonee","p2id":"kantonianash","formatid":"gen9ou","rating":1308,"private":0,"password":""}