{"id":"gen9ou-1996073220","p1":"Silent_Kid0","p2":"Alvin Shire","format":"[Gen 9] OU","log":"|j|\u2606Silent_Kid0\n|j|\u203dAlvin Shire\n|t:|1700639632\n|gametype|singles\n|player|p1|Silent_Kid0|swimmerf|1299\n|player|p2|Alvin Shire|lady-gen4|1297\n|teamsize|p1|6\n|teamsize|p2|6\n|gen|9\n|tier|[Gen 9] OU\n|rated|\n|rule|Sleep Clause Mod: Limit one foe put to sleep\n|rule|Species Clause: Limit one of each Pok\u00e9mon\n|rule|OHKO Clause: OHKO moves are banned\n|rule|Evasion Items Clause: Evasion items are banned\n|rule|Evasion Moves Clause: Evasion moves are banned\n|rule|Endless Battle Clause: Forcing endless battles is banned\n|rule|HP Percentage Mod: HP is shown in percentages\n|clearpoke\n|poke|p1|Landorus-Therian, M|\n|poke|p1|Iron Moth|\n|poke|p1|Zapdos|\n|poke|p1|Gholdengo|\n|poke|p1|Great Tusk|\n|poke|p1|Ribombee, F|\n|poke|p2|Ursaluna, F|\n|poke|p2|Mimikyu, F|\n|poke|p2|Cresselia, F|\n|poke|p2|Enamorus-Therian, F|\n|poke|p2|Hatterene, F|\n|poke|p2|Hoopa-Unbound|\n|teampreview\n|inactive|Battle timer is ON: inactive players will automatically lose when time's up. (requested by Silent_Kid0)\n|\n|t:|1700639640\n|start\n|switch|p1a: Gholdengo|Gholdengo|100\/100\n|switch|p2a: Enamorus|Enamorus-Therian, F|100\/100\n|turn|1\n|\n|t:|1700639658\n|switch|p2a: Cresselia|Cresselia, F|100\/100\n|move|p1a: Gholdengo|Make It Rain|p2a: Cresselia\n|-damage|p2a: Cresselia|46\/100\n|-unboost|p1a: Gholdengo|spa|1\n|-damage|p1a: Gholdengo|91\/100|[from] item: Life Orb\n|\n|upkeep\n|turn|2\n|\n|t:|1700639665\n|move|p1a: Gholdengo|Nasty Plot|p1a: Gholdengo\n|-boost|p1a: Gholdengo|spa|2\n|move|p2a: Cresselia|Trick Room|p2a: Cresselia\n|-fieldstart|move: Trick Room|[of] p2a: Cresselia\n|\n|upkeep\n|turn|3\n|\n|t:|1700639688\n|move|p2a: Cresselia|Lunar Dance|p2a: Cresselia\n|faint|p2a: Cresselia\n|move|p1a: Gholdengo|Shadow Ball|p2: Cresselia|[notarget]\n|-fail|p1a: Gholdengo\n|\n|upkeep\n|\n|t:|1700639693\n|switch|p2a: Hoopa|Hoopa-Unbound|100\/100\n|turn|4\n|\n|t:|1700639701\n|switch|p1a: Zapdos|Zapdos|100\/100\n|-ability|p1a: Zapdos|Pressure\n|move|p2a: Hoopa|Hyperspace Fury|p1a: Zapdos\n|-damage|p1a: Zapdos|49\/100\n|-unboost|p2a: Hoopa|def|1\n|-enditem|p2a: Hoopa|Eject Pack\n|\n|t:|1700639711\n|switch|p2a: Enamorus|Enamorus-Therian, F|100\/100\n|\n|-heal|p1a: Zapdos|55\/100|[from] item: Leftovers\n|upkeep\n|turn|5\n|\n|t:|1700639714\n|-terastallize|p2a: Enamorus|Fairy\n|move|p2a: Enamorus|Moonblast|p1a: Zapdos\n|-damage|p1a: Zapdos|0 fnt\n|faint|p1a: Zapdos\n|\n|upkeep\n|\n|t:|1700639722\n|switch|p1a: Ribombee|Ribombee, F|100\/100\n|turn|6\n|\n|t:|1700639726\n|move|p2a: Enamorus|Moonblast|p1a: Ribombee\n|-enditem|p1a: Ribombee|Focus Sash\n|-damage|p1a: Ribombee|1\/100\n|move|p1a: Ribombee|Sticky Web|p2a: Enamorus\n|-sidestart|p2: Alvin Shire|move: Sticky Web\n|\n|-fieldend|move: Trick Room\n|upkeep\n|turn|7\n|\n|t:|1700639732\n|move|p1a: Ribombee|Stun Spore|p2a: Enamorus\n|-immune|p2a: Enamorus|[from] ability: Overcoat\n|move|p2a: Enamorus|Moonblast|p1a: Ribombee\n|-damage|p1a: Ribombee|0 fnt\n|faint|p1a: Ribombee\n|\n|upkeep\n|\n|t:|1700639736\n|switch|p1a: Gholdengo|Gholdengo|91\/100\n|turn|8\n|\n|t:|1700639742\n|switch|p2a: Mimikyu|Mimikyu, F|100\/100\n|-activate|p2a: Mimikyu|move: Sticky Web\n|-unboost|p2a: Mimikyu|spe|1\n|move|p1a: Gholdengo|Make It Rain|p2a: Mimikyu\n|-activate|p2a: Mimikyu|ability: Disguise\n|-damage|p2a: Mimikyu|100\/100\n|-unboost|p1a: Gholdengo|spa|1\n|detailschange|p2a: Mimikyu|Mimikyu-Busted, F\n|-damage|p2a: Mimikyu|88\/100|[from] pokemon: Mimikyu-Busted\n|-enditem|p2a: Mimikyu|Red Card|[of] p1a: Gholdengo\n|drag|p1a: Great Tusk|Great Tusk|100\/100\n|-enditem|p1a: Great Tusk|Booster Energy\n|-activate|p1a: Great Tusk|ability: Protosynthesis|[fromitem]\n|-start|p1a: Great Tusk|protosynthesisatk\n|\n|upkeep\n|turn|9\n|\n|t:|1700639754\n|move|p1a: Great Tusk|Headlong Rush|p2a: Mimikyu\n|-damage|p2a: Mimikyu|0 fnt\n|-unboost|p1a: Great Tusk|def|1\n|-unboost|p1a: Great Tusk|spd|1\n|faint|p2a: Mimikyu\n|\n|upkeep\n|\n|t:|1700639764\n|switch|p2a: Hatterene|Hatterene, F|100\/100\n|-activate|p2a: Hatterene|move: Sticky Web\n|-unboost|p2a: Hatterene|spe|1\n|turn|10\n|\n|t:|1700639770\n|move|p1a: Great Tusk|Headlong Rush|p2a: Hatterene\n|-damage|p2a: Hatterene|29\/100\n|-unboost|p1a: Great Tusk|def|1\n|-unboost|p1a: Great Tusk|spd|1\n|move|p2a: Hatterene|Trick Room|p2a: Hatterene\n|-fieldstart|move: Trick Room|[of] p2a: Hatterene\n|\n|upkeep\n|turn|11\n|\n|t:|1700639775\n|-end|p1a: Great Tusk|Protosynthesis|[silent]\n|switch|p1a: Gholdengo|Gholdengo|91\/100\n|move|p2a: Hatterene|Psychic|p1a: Gholdengo\n|-resisted|p1a: Gholdengo\n|-damage|p1a: Gholdengo|64\/100\n|\n|upkeep\n|turn|12\n|\n|t:|1700639789\n|move|p2a: Hatterene|Mystical Fire|p1a: Gholdengo\n|-supereffective|p1a: Gholdengo\n|-crit|p1a: Gholdengo\n|-damage|p1a: Gholdengo|0 fnt\n|faint|p1a: Gholdengo\n|\n|upkeep\n|\n|t:|1700639801\n|switch|p1a: Iron Moth|Iron Moth|100\/100\n|turn|13\n|\n|t:|1700639818\n|-terastallize|p1a: Iron Moth|Fire\n|move|p2a: Hatterene|Healing Wish|p2a: Hatterene\n|faint|p2a: Hatterene\n|move|p1a: Iron Moth|Fiery Dance|p2: Hatterene|[notarget]\n|-fail|p1a: Iron Moth\n|\n|upkeep\n|\n|t:|1700639833\n|switch|p2a: Hoopa|Hoopa-Unbound|100\/100\n|-heal|p2a: Hoopa|100\/100|[from] move: Lunar Dance\n|-activate|p2a: Hoopa|move: Sticky Web\n|-unboost|p2a: Hoopa|spe|1\n|turn|14\n|\n|t:|1700639852\n|move|p2a: Hoopa|Psychic|p1a: Iron Moth\n|-damage|p1a: Iron Moth|49\/100\n|-item|p2a: Hoopa|Heavy-Duty Boots|[from] ability: Magician|[of] p1a: Iron Moth\n|move|p1a: Iron Moth|Fiery Dance|p2a: Hoopa\n|-damage|p2a: Hoopa|61\/100\n|-boost|p1a: Iron Moth|spa|1\n|\n|-fieldend|move: Trick Room\n|upkeep\n|turn|15\n|\n|t:|1700639864\n|move|p1a: Iron Moth|U-turn|p2a: Hoopa\n|-supereffective|p2a: Hoopa\n|-damage|p2a: Hoopa|3\/100\n|\n|t:|1700639874\n|-end|p1a: Iron Moth|Quark Drive|[silent]\n|switch|p1a: Landorus|Landorus-Therian, M, shiny|100\/100|[from] U-turn\n|-ability|p1a: Landorus|Intimidate|boost\n|-unboost|p2a: Hoopa|atk|1\n|move|p2a: Hoopa|Trick Room|p2a: Hoopa\n|-fieldstart|move: Trick Room|[of] p2a: Hoopa\n|\n|upkeep\n|turn|16\n|\n|t:|1700639884\n|move|p2a: Hoopa|Psychic|p1a: Landorus\n|-damage|p1a: Landorus|41\/100\n|move|p1a: Landorus|U-turn|p2a: Hoopa\n|-supereffective|p2a: Hoopa\n|-damage|p2a: Hoopa|0 fnt\n|faint|p2a: Hoopa\n|inactive|Silent_Kid0 has 120 seconds left.\n|\n|t:|1700639925\n|switch|p1a: Iron Moth|Iron Moth, tera:Fire|49\/100|[from] U-turn\n|\n|upkeep\n|\n|t:|1700639934\n|switch|p2a: Ursaluna|Ursaluna, F|100\/100\n|-activate|p2a: Ursaluna|move: Sticky Web\n|-unboost|p2a: Ursaluna|spe|1\n|turn|17\n|inactive|Silent_Kid0 has 120 seconds left.\n|\n|t:|1700639940\n|move|p2a: Ursaluna|Swords Dance|p2a: Ursaluna\n|-boost|p2a: Ursaluna|atk|2\n|move|p1a: Iron Moth|Morning Sun|p1a: Iron Moth\n|-heal|p1a: Iron Moth|99\/100\n|\n|-status|p2a: Ursaluna|brn|[from] item: Flame Orb\n|upkeep\n|turn|18\n|\n|t:|1700639948\n|move|p2a: Ursaluna|Facade|p1a: Iron Moth\n|-damage|p1a: Iron Moth|0 fnt\n|faint|p1a: Iron Moth\n|-end|p1a: Iron Moth|Quark Drive|[silent]\n|\n|-damage|p2a: Ursaluna|94\/100 brn|[from] brn\n|upkeep\n|\n|t:|1700639951\n|switch|p1a: Great Tusk|Great Tusk|100\/100\n|turn|19\n|\n|t:|1700639956\n|move|p2a: Ursaluna|Facade|p1a: Great Tusk\n|-damage|p1a: Great Tusk|0 fnt\n|faint|p1a: Great Tusk\n|-end|p1a: Great Tusk|Protosynthesis|[silent]\n|\n|-damage|p2a: Ursaluna|88\/100 brn|[from] brn\n|-fieldend|move: Trick Room\n|upkeep\n|\n|t:|1700639961\n|switch|p1a: Landorus|Landorus-Therian, M, shiny|41\/100\n|-ability|p1a: Landorus|Intimidate|boost\n|-unboost|p2a: Ursaluna|atk|1\n|turn|20\n|\n|t:|1700639965\n|move|p1a: Landorus|Earthquake|p2a: Ursaluna\n|-damage|p2a: Ursaluna|51\/100 brn\n|move|p2a: Ursaluna|Facade|p1a: Landorus\n|-crit|p1a: Landorus\n|-damage|p1a: Landorus|0 fnt\n|faint|p1a: Landorus\n|\n|win|Alvin Shire\n|raw|Silent_Kid0's rating: 1299 &rarr; <strong>1274<\/strong><br \/>(-25 for losing)\n|raw|Alvin Shire's rating: 1297 &rarr; <strong>1322<\/strong><br \/>(+25 for winning)\n|l|\u2606Silent_Kid0\n","uploadtime":1700640061,"views":1,"p1id":"silentkid0","p2id":"alvinshire","formatid":"gen9ou","rating":1274,"private":0,"password":""}