{"id":"gen9ou-1994056052","p1":"FortunesCrimson","p2":"CalaMarie","format":"[Gen 9] OU","log":"|j|\u2606FortunesCrimson\n|j|\u2606CalaMarie\n|t:|1700400830\n|gametype|singles\n|player|p1|FortunesCrimson|wallace|1173\n|player|p2|CalaMarie|dawn|1197\n|teamsize|p1|6\n|teamsize|p2|6\n|gen|9\n|tier|[Gen 9] OU\n|rated|\n|rule|Sleep Clause Mod: Limit one foe put to sleep\n|rule|Species Clause: Limit one of each Pok\u00e9mon\n|rule|OHKO Clause: OHKO moves are banned\n|rule|Evasion Items Clause: Evasion items are banned\n|rule|Evasion Moves Clause: Evasion moves are banned\n|rule|Endless Battle Clause: Forcing endless battles is banned\n|rule|HP Percentage Mod: HP is shown in percentages\n|clearpoke\n|poke|p1|Arcanine-Hisui, M|\n|poke|p1|Gengar, M|\n|poke|p1|Zamazenta-*|\n|poke|p1|Sneasler, M|\n|poke|p1|Dragonite, M|\n|poke|p1|Greninja-*, M|\n|poke|p2|Ninetales, M|\n|poke|p2|Walking Wake|\n|poke|p2|Great Tusk|\n|poke|p2|Lilligant-Hisui, F|\n|poke|p2|Scream Tail|\n|poke|p2|Corviknight, M|\n|teampreview\n|inactive|Battle timer is ON: inactive players will automatically lose when time's up. (requested by FortunesCrimson)\n|inactive|CalaMarie has 120 seconds left.\n|inactive|CalaMarie has 90 seconds left.\n|\n|t:|1700400900\n|start\n|switch|p1a: Sneasler|Sneasler, M, shiny|100\/100\n|switch|p2a: Ninetales|Ninetales, M, shiny|100\/100\n|-weather|SunnyDay|[from] ability: Drought|[of] p2a: Ninetales\n|turn|1\n|\n|t:|1700400917\n|move|p1a: Sneasler|Close Combat|p2a: Ninetales\n|-damage|p2a: Ninetales|0 fnt\n|-unboost|p1a: Sneasler|def|1\n|-unboost|p1a: Sneasler|spd|1\n|-enditem|p1a: Sneasler|White Herb\n|-clearnegativeboost|p1a: Sneasler|[silent]\n|faint|p2a: Ninetales\n|\n|-weather|SunnyDay|[upkeep]\n|upkeep\n|\n|t:|1700400945\n|switch|p2a: Walking Wake|Walking Wake|100\/100\n|-activate|p2a: Walking Wake|ability: Protosynthesis\n|-start|p2a: Walking Wake|protosynthesisspa\n|turn|2\n|\n|t:|1700400970\n|move|p1a: Sneasler|Close Combat|p2a: Walking Wake\n|-damage|p2a: Walking Wake|31\/100\n|-unboost|p1a: Sneasler|def|1\n|-unboost|p1a: Sneasler|spd|1\n|move|p2a: Walking Wake|Hydro Steam|p1a: Sneasler\n|-damage|p1a: Sneasler|0 fnt\n|faint|p1a: Sneasler\n|\n|-weather|SunnyDay|[upkeep]\n|upkeep\n|\n|t:|1700400977\n|switch|p1a: Greninja|Greninja, M|100\/100\n|turn|3\n|\n|t:|1700400993\n|-end|p2a: Walking Wake|Protosynthesis|[silent]\n|switch|p2a: Lilligant|Lilligant-Hisui, F|100\/100\n|move|p1a: Greninja|Dark Pulse|p2a: Lilligant\n|-resisted|p2a: Lilligant\n|-damage|p2a: Lilligant|66\/100\n|-damage|p1a: Greninja|91\/100|[from] item: Life Orb\n|\n|-weather|SunnyDay|[upkeep]\n|upkeep\n|turn|4\n|inactive|FortunesCrimson has 120 seconds left.\n|\n|t:|1700401026\n|switch|p1a: Dragonite|Dragonite, M|100\/100\n|move|p2a: Lilligant|Victory Dance|p2a: Lilligant\n|-boost|p2a: Lilligant|atk|1\n|-boost|p2a: Lilligant|def|1\n|-boost|p2a: Lilligant|spe|1\n|\n|-weather|SunnyDay|[upkeep]\n|upkeep\n|turn|5\n|inactive|FortunesCrimson has 120 seconds left.\n|\n|t:|1700401043\n|-terastallize|p2a: Lilligant|Ghost\n|move|p1a: Dragonite|Extreme Speed|p2a: Lilligant\n|-immune|p2a: Lilligant\n|move|p2a: Lilligant|Tera Blast|p1a: Dragonite|[anim] Tera Blast Ghost\n|-damage|p1a: Dragonite|67\/100\n|-damage|p2a: Lilligant|56\/100|[from] item: Life Orb\n|\n|-weather|SunnyDay|[upkeep]\n|upkeep\n|turn|6\n|\n|t:|1700401048\n|move|p2a: Lilligant|Tera Blast|p1a: Dragonite|[anim] Tera Blast Ghost\n|-damage|p1a: Dragonite|0 fnt\n|faint|p1a: Dragonite\n|-damage|p2a: Lilligant|46\/100|[from] item: Life Orb\n|\n|-weather|SunnyDay|[upkeep]\n|upkeep\n|\n|t:|1700401061\n|switch|p1a: Greninja|Greninja, M|91\/100\n|turn|7\n|\n|t:|1700401065\n|move|p1a: Greninja|Water Shuriken|p2a: Lilligant\n|-damage|p2a: Lilligant|40\/100\n|-damage|p2a: Lilligant|33\/100\n|-damage|p2a: Lilligant|27\/100\n|-hitcount|p2a: Lilligant|3\n|-damage|p1a: Greninja|81\/100|[from] item: Life Orb\n|move|p2a: Lilligant|Solar Blade||[still]\n|-prepare|p2a: Lilligant|Solar Blade\n|-anim|p2a: Lilligant|Solar Blade|p1a: Greninja\n|-supereffective|p1a: Greninja\n|-damage|p1a: Greninja|0 fnt\n|faint|p1a: Greninja\n|-damage|p2a: Lilligant|17\/100|[from] item: Life Orb\n|\n|-weather|SunnyDay|[upkeep]\n|upkeep\n|inactive|FortunesCrimson has 120 seconds left.\n|\n|t:|1700401077\n|switch|p1a: Gengar|Gengar, M, shiny|100\/100\n|turn|8\n|inactive|FortunesCrimson has 120 seconds left.\n|\n|t:|1700401084\n|switch|p1a: Zamazenta|Zamazenta, shiny|100\/100\n|-ability|p1a: Zamazenta|Dauntless Shield|boost\n|-boost|p1a: Zamazenta|def|1\n|move|p2a: Lilligant|Tera Blast|p1a: Zamazenta|[anim] Tera Blast Ghost\n|-damage|p1a: Zamazenta|62\/100\n|-damage|p2a: Lilligant|7\/100|[from] item: Life Orb\n|\n|-weather|none\n|-heal|p1a: Zamazenta|68\/100|[from] item: Leftovers\n|upkeep\n|turn|9\n|\n|t:|1700401090\n|move|p2a: Lilligant|Close Combat|p1a: Zamazenta\n|-damage|p1a: Zamazenta|14\/100\n|-unboost|p2a: Lilligant|def|1\n|-unboost|p2a: Lilligant|spd|1\n|-damage|p2a: Lilligant|0 fnt|[from] item: Life Orb\n|faint|p2a: Lilligant\n|move|p1a: Zamazenta|Light Screen|p1a: Zamazenta\n|-sidestart|p1: FortunesCrimson|move: Light Screen\n|\n|-heal|p1a: Zamazenta|20\/100|[from] item: Leftovers\n|upkeep\n|\n|t:|1700401109\n|switch|p2a: Walking Wake|Walking Wake|31\/100\n|turn|10\n|\n|t:|1700401113\n|move|p2a: Walking Wake|Draco Meteor|p1a: Zamazenta\n|-damage|p1a: Zamazenta|0 fnt\n|-unboost|p2a: Walking Wake|spa|2\n|faint|p1a: Zamazenta\n|\n|upkeep\n|\n|t:|1700401121\n|switch|p1a: Gengar|Gengar, M, shiny|100\/100\n|turn|11\n|\n|t:|1700401138\n|-end|p2a: Walking Wake|Protosynthesis|[silent]\n|switch|p2a: Scream Tail|Scream Tail|100\/100\n|move|p1a: Gengar|Substitute|p1a: Gengar\n|-start|p1a: Gengar|Substitute\n|-damage|p1a: Gengar|76\/100\n|\n|-heal|p1a: Gengar|82\/100|[from] item: Black Sludge\n|upkeep\n|turn|12\n|\n|t:|1700401152\n|-end|p2a: Scream Tail|Protosynthesis|[silent]\n|switch|p2a: Corviknight|Corviknight, M|100\/100\n|move|p1a: Gengar|Sludge Bomb|p2a: Corviknight\n|-immune|p2a: Corviknight\n|\n|-heal|p1a: Gengar|88\/100|[from] item: Black Sludge\n|upkeep\n|turn|13\n|\n|t:|1700401156\n|move|p1a: Gengar|Will-O-Wisp|p2a: Corviknight\n|-status|p2a: Corviknight|brn\n|move|p2a: Corviknight|Brave Bird|p1a: Gengar\n|-end|p1a: Gengar|Substitute\n|-damage|p2a: Corviknight|95\/100 brn|[from] Recoil|[of] p1a: Gengar\n|\n|-heal|p1a: Gengar|94\/100|[from] item: Black Sludge\n|-damage|p2a: Corviknight|89\/100 brn|[from] brn\n|-sideend|p1: FortunesCrimson|move: Light Screen\n|upkeep\n|turn|14\n|\n|t:|1700401162\n|move|p1a: Gengar|Hex|p2a: Corviknight\n|-damage|p2a: Corviknight|24\/100 brn\n|move|p2a: Corviknight|Brave Bird|p1a: Gengar\n|-damage|p1a: Gengar|59\/100\n|-damage|p2a: Corviknight|16\/100 brn|[from] Recoil\n|\n|-heal|p1a: Gengar|65\/100|[from] item: Black Sludge\n|-damage|p2a: Corviknight|10\/100 brn|[from] brn\n|upkeep\n|turn|15\n|\n|t:|1700401167\n|move|p1a: Gengar|Hex|p2a: Corviknight\n|-damage|p2a: Corviknight|0 fnt\n|faint|p2a: Corviknight\n|\n|-heal|p1a: Gengar|71\/100|[from] item: Black Sludge\n|upkeep\n|\n|t:|1700401172\n|switch|p2a: Great Tusk|Great Tusk|100\/100\n|turn|16\n|\n|t:|1700401179\n|move|p1a: Gengar|Will-O-Wisp|p2a: Great Tusk\n|-status|p2a: Great Tusk|brn\n|move|p2a: Great Tusk|Headlong Rush|p1a: Gengar\n|-supereffective|p1a: Gengar\n|-damage|p1a: Gengar|0 fnt\n|-unboost|p2a: Great Tusk|def|1\n|-unboost|p2a: Great Tusk|spd|1\n|-start|p2a: Great Tusk|Disable|Headlong Rush|[from] ability: Cursed Body|[of] p1a: Gengar\n|faint|p1a: Gengar\n|\n|-damage|p2a: Great Tusk|94\/100 brn|[from] brn\n|upkeep\n|\n|t:|1700401185\n|switch|p1a: Arcanine|Arcanine-Hisui, M, shiny|100\/100\n|turn|17\n|\n|t:|1700401192\n|move|p1a: Arcanine|Flare Blitz|p2a: Great Tusk\n|-damage|p2a: Great Tusk|40\/100 brn\n|move|p2a: Great Tusk|Close Combat|p1a: Arcanine\n|-supereffective|p1a: Arcanine\n|-damage|p1a: Arcanine|20\/100\n|-unboost|p2a: Great Tusk|def|1\n|-unboost|p2a: Great Tusk|spd|1\n|\n|-damage|p2a: Great Tusk|33\/100 brn|[from] brn\n|upkeep\n|turn|18\n|\n|t:|1700401194\n|move|p1a: Arcanine|Flare Blitz|p2a: Great Tusk\n|-damage|p2a: Great Tusk|0 fnt\n|faint|p2a: Great Tusk\n|-end|p2a: Great Tusk|Protosynthesis|[silent]\n|\n|upkeep\n|\n|t:|1700401197\n|switch|p2a: Walking Wake|Walking Wake|31\/100\n|turn|19\n|\n|t:|1700401199\n|move|p1a: Arcanine|Extreme Speed|p2a: Walking Wake\n|-damage|p2a: Walking Wake|3\/100\n|move|p2a: Walking Wake|Hydro Steam|p1a: Arcanine\n|-supereffective|p1a: Arcanine\n|-damage|p1a: Arcanine|0 fnt\n|faint|p1a: Arcanine\n|\n|win|CalaMarie\n|raw|FortunesCrimson's rating: 1173 &rarr; <strong>1150<\/strong><br \/>(-23 for losing)\n|raw|CalaMarie's rating: 1197 &rarr; <strong>1220<\/strong><br \/>(+23 for winning)\n|l|\u2606FortunesCrimson\n|c|\u2606CalaMarie|gg\n|c|\u2606CalaMarie|ez\n|l|\u2606CalaMarie\n|j|\u2606CalaMarie\n|player|p2|CalaMarie|dawn\n","uploadtime":1700401341,"views":10,"p1id":"fortunescrimson","p2id":"calamarie","formatid":"gen9ou","rating":1150,"private":0,"password":""}