{"id":"gen9ou-1992854650","p1":"Shashi22","p2":"SrRayko_1","format":"[Gen 9] OU","log":"|j|\u2606Shashi22\n|j|\u2606SrRayko_1\n|t:|1700241232\n|gametype|singles\n|player|p1|Shashi22|ash|1175\n|player|p2|SrRayko_1|ethan|1179\n|teamsize|p1|6\n|teamsize|p2|6\n|gen|9\n|tier|[Gen 9] OU\n|rated|\n|rule|Sleep Clause Mod: Limit one foe put to sleep\n|rule|Species Clause: Limit one of each Pok\u00e9mon\n|rule|OHKO Clause: OHKO moves are banned\n|rule|Evasion Items Clause: Evasion items are banned\n|rule|Evasion Moves Clause: Evasion moves are banned\n|rule|Endless Battle Clause: Forcing endless battles is banned\n|rule|HP Percentage Mod: HP is shown in percentages\n|clearpoke\n|poke|p1|Kingambit, M|\n|poke|p1|Dragapult, M|\n|poke|p1|Great Tusk|\n|poke|p1|Cinderace, F|\n|poke|p1|Hatterene, F|\n|poke|p1|Amoonguss, F|\n|poke|p2|Glimmora, F|\n|poke|p2|Gastrodon-East, M|\n|poke|p2|Ogerpon-Cornerstone, F|\n|poke|p2|Gholdengo|\n|poke|p2|Corviknight, M|\n|poke|p2|Tyranitar, M|\n|teampreview\n|inactive|Battle timer is ON: inactive players will automatically lose when time's up. (requested by Shashi22)\n|c|\u2606Shashi22|glhf\n|\n|t:|1700241238\n|start\n|switch|p1a: anakra messi|Cinderace, F|100\/100\n|switch|p2a: TioTyttar|Tyranitar, M|100\/100\n|-weather|Sandstorm|[from] ability: Sand Stream|[of] p2a: TioTyttar\n|turn|1\n|c|\u2606SrRayko_1|thanks\n|c|\u2606SrRayko_1|good luck!!\n|c|\u2606Shashi22|:)\n|\n|t:|1700241264\n|switch|p2a: Desfl\u00f3rame|Glimmora, F|100\/100\n|move|p1a: anakra messi|U-turn|p2a: Desfl\u00f3rame\n|-start|p1a: anakra messi|typechange|Bug|[from] ability: Libero\n|-resisted|p2a: Desfl\u00f3rame\n|-damage|p2a: Desfl\u00f3rame|79\/100\n|\n|t:|1700241272\n|switch|p1a: o hell naw|Great Tusk|100\/100|[from] U-turn\n|\n|-weather|Sandstorm|[upkeep]\n|-heal|p2a: Desfl\u00f3rame|86\/100|[from] item: Leftovers\n|upkeep\n|turn|2\n|\n|t:|1700241282\n|move|p2a: Desfl\u00f3rame|Spiky Shield|p2a: Desfl\u00f3rame\n|-singleturn|p2a: Desfl\u00f3rame|move: Protect\n|move|p1a: o hell naw|Knock Off|p2a: Desfl\u00f3rame\n|-activate|p2a: Desfl\u00f3rame|move: Protect\n|-damage|p1a: o hell naw|88\/100|[from] Spiky Shield|[of] p2a: Desfl\u00f3rame\n|\n|-weather|Sandstorm|[upkeep]\n|-heal|p2a: Desfl\u00f3rame|92\/100|[from] item: Leftovers\n|upkeep\n|turn|3\n|\n|t:|1700241288\n|switch|p2a: Corvo\u03a9|Corviknight, M, shiny|100\/100\n|-ability|p2a: Corvo\u03a9|Pressure\n|move|p1a: o hell naw|Headlong Rush|p2a: Corvo\u03a9\n|-immune|p2a: Corvo\u03a9\n|\n|-weather|Sandstorm|[upkeep]\n|upkeep\n|turn|4\n|\n|t:|1700241297\n|move|p1a: o hell naw|Knock Off|p2a: Corvo\u03a9\n|-damage|p2a: Corvo\u03a9|75\/100\n|-damage|p1a: o hell naw|72\/100|[from] item: Rocky Helmet|[of] p2a: Corvo\u03a9\n|-enditem|p2a: Corvo\u03a9|Rocky Helmet|[from] move: Knock Off|[of] p1a: o hell naw\n|move|p2a: Corvo\u03a9|Brave Bird|p1a: o hell naw\n|-supereffective|p1a: o hell naw\n|-damage|p1a: o hell naw|26\/100\n|-damage|p2a: Corvo\u03a9|61\/100|[from] Recoil\n|\n|-weather|Sandstorm|[upkeep]\n|upkeep\n|turn|5\n|\n|t:|1700241307\n|-end|p1a: o hell naw|Protosynthesis|[silent]\n|switch|p1a: sussy baka|Amoonguss, F|100\/100\n|move|p2a: Corvo\u03a9|Roost|p2a: Corvo\u03a9\n|-heal|p2a: Corvo\u03a9|100\/100\n|-singleturn|p2a: Corvo\u03a9|move: Roost\n|\n|-weather|none\n|upkeep\n|turn|6\n|\n|t:|1700241314\n|move|p2a: Corvo\u03a9|Brave Bird|p1a: sussy baka\n|-supereffective|p1a: sussy baka\n|-damage|p1a: sussy baka|43\/100\n|-damage|p2a: Corvo\u03a9|84\/100|[from] item: Rocky Helmet|[of] p1a: sussy baka\n|-damage|p2a: Corvo\u03a9|63\/100|[from] Recoil\n|move|p1a: sussy baka|Spore|p2a: Corvo\u03a9\n|-status|p2a: Corvo\u03a9|slp|[from] move: Spore\n|\n|upkeep\n|turn|7\n|\n|t:|1700241320\n|switch|p1a: b2 spirit|Dragapult, M|100\/100\n|cant|p2a: Corvo\u03a9|slp\n|\n|upkeep\n|turn|8\n|\n|t:|1700241323\n|switch|p2a: Desfl\u00f3rame|Glimmora, F|92\/100\n|move|p1a: b2 spirit|Substitute|p1a: b2 spirit\n|-start|p1a: b2 spirit|Substitute\n|-damage|p1a: b2 spirit|76\/100\n|\n|-heal|p1a: b2 spirit|82\/100|[from] item: Leftovers\n|-heal|p2a: Desfl\u00f3rame|98\/100|[from] item: Leftovers\n|upkeep\n|turn|9\n|\n|t:|1700241333\n|switch|p2a: Michael|Gastrodon-East, M|100\/100\n|move|p1a: b2 spirit|Dragon Dance|p1a: b2 spirit\n|-boost|p1a: b2 spirit|atk|1\n|-boost|p1a: b2 spirit|spe|1\n|\n|-heal|p1a: b2 spirit|88\/100|[from] item: Leftovers\n|upkeep\n|turn|10\n|\n|t:|1700241340\n|move|p1a: b2 spirit|Dragon Dance|p1a: b2 spirit\n|-boost|p1a: b2 spirit|atk|1\n|-boost|p1a: b2 spirit|spe|1\n|move|p2a: Michael|Earth Power|p1a: b2 spirit\n|-end|p1a: b2 spirit|Substitute\n|\n|-heal|p1a: b2 spirit|94\/100|[from] item: Leftovers\n|upkeep\n|turn|11\n|\n|t:|1700241346\n|move|p1a: b2 spirit|Dragon Darts|p2a: Michael\n|-damage|p2a: Michael|49\/100\n|-anim|p1a: b2 spirit|Dragon Darts|p2a: Michael\n|-damage|p2a: Michael|0 fnt\n|faint|p2a: Michael\n|\n|-heal|p1a: b2 spirit|99\/100|[from] item: Leftovers\n|upkeep\n|\n|t:|1700241354\n|switch|p2a: Desfl\u00f3rame|Glimmora, F|98\/100\n|turn|12\n|\n|t:|1700241357\n|move|p1a: b2 spirit|Substitute|p1a: b2 spirit\n|-start|p1a: b2 spirit|Substitute\n|-damage|p1a: b2 spirit|75\/100\n|move|p2a: Desfl\u00f3rame|Toxic||[still]\n|-fail|p2a: Desfl\u00f3rame\n|\n|-heal|p1a: b2 spirit|81\/100|[from] item: Leftovers\n|-heal|p2a: Desfl\u00f3rame|100\/100|[from] item: Leftovers\n|upkeep\n|turn|13\n|\n|t:|1700241366\n|switch|p2a: Corvo\u03a9|Corviknight, M, shiny|63\/100 slp\n|-ability|p2a: Corvo\u03a9|Pressure\n|move|p1a: b2 spirit|Dragon Dance|p1a: b2 spirit\n|-boost|p1a: b2 spirit|atk|1\n|-boost|p1a: b2 spirit|spe|1\n|\n|-heal|p1a: b2 spirit|87\/100|[from] item: Leftovers\n|upkeep\n|turn|14\n|\n|t:|1700241370\n|move|p1a: b2 spirit|Dragon Dance|p1a: b2 spirit\n|-boost|p1a: b2 spirit|atk|1\n|-boost|p1a: b2 spirit|spe|1\n|-curestatus|p2a: Corvo\u03a9|slp|[msg]\n|move|p2a: Corvo\u03a9|Brave Bird|p1a: b2 spirit\n|-end|p1a: b2 spirit|Substitute\n|-damage|p2a: Corvo\u03a9|56\/100|[from] Recoil|[of] p1a: b2 spirit\n|\n|-heal|p1a: b2 spirit|93\/100|[from] item: Leftovers\n|upkeep\n|turn|15\n|\n|t:|1700241374\n|move|p1a: b2 spirit|Dragon Darts|p2a: Corvo\u03a9\n|-resisted|p2a: Corvo\u03a9\n|-damage|p2a: Corvo\u03a9|30\/100\n|-anim|p1a: b2 spirit|Dragon Darts|p2a: Corvo\u03a9\n|-resisted|p2a: Corvo\u03a9\n|-damage|p2a: Corvo\u03a9|2\/100\n|move|p2a: Corvo\u03a9|Brave Bird|p1a: b2 spirit\n|-damage|p1a: b2 spirit|40\/100\n|-damage|p2a: Corvo\u03a9|0 fnt|[from] Recoil\n|faint|p2a: Corvo\u03a9\n|\n|-heal|p1a: b2 spirit|46\/100|[from] item: Leftovers\n|upkeep\n|\n|t:|1700241380\n|switch|p2a: TioTyttar|Tyranitar, M|100\/100\n|-weather|Sandstorm|[from] ability: Sand Stream|[of] p2a: TioTyttar\n|turn|16\n|\n|t:|1700241389\n|move|p1a: b2 spirit|Dragon Darts|p2a: TioTyttar\n|-damage|p2a: TioTyttar|21\/100\n|-anim|p1a: b2 spirit|Dragon Darts|p2a: TioTyttar\n|-damage|p2a: TioTyttar|0 fnt\n|faint|p2a: TioTyttar\n|\n|-weather|Sandstorm|[upkeep]\n|-damage|p1a: b2 spirit|40\/100|[from] Sandstorm\n|-heal|p1a: b2 spirit|46\/100|[from] item: Leftovers\n|upkeep\n|\n|t:|1700241393\n|switch|p2a: Ogerp\u00f3rn|Ogerpon-Cornerstone, F|100\/100\n|turn|17\n|\n|t:|1700241399\n|-terastallize|p2a: Ogerp\u00f3rn|Rock\n|detailschange|p2a: Ogerp\u00f3rn|Ogerpon-Cornerstone-Tera, F, tera:Rock\n|-ability|p2a: Ogerp\u00f3rn|Embody Aspect (Cornerstone)|boost\n|-boost|p2a: Ogerp\u00f3rn|def|1\n|move|p1a: b2 spirit|Dragon Darts|p2a: Ogerp\u00f3rn\n|-damage|p2a: Ogerp\u00f3rn|45\/100\n|-anim|p1a: b2 spirit|Dragon Darts|p2a: Ogerp\u00f3rn\n|-damage|p2a: Ogerp\u00f3rn|0 fnt\n|faint|p2a: Ogerp\u00f3rn\n|\n|-weather|Sandstorm|[upkeep]\n|-damage|p1a: b2 spirit|40\/100|[from] Sandstorm\n|-heal|p1a: b2 spirit|46\/100|[from] item: Leftovers\n|upkeep\n|\n|t:|1700241405\n|switch|p2a: TuPoliticoFavorito|Gholdengo|100\/100\n|-item|p2a: TuPoliticoFavorito|Air Balloon\n|turn|18\n|c|\u2606Shashi22|nah dragapult is busted\n|\n|t:|1700241418\n|-terastallize|p1a: b2 spirit|Fire\n|move|p1a: b2 spirit|Tera Blast|p2a: TuPoliticoFavorito|[anim] Tera Blast Fire\n|-supereffective|p2a: TuPoliticoFavorito\n|-damage|p2a: TuPoliticoFavorito|0 fnt\n|-enditem|p2a: TuPoliticoFavorito|Air Balloon\n|faint|p2a: TuPoliticoFavorito\n|\n|-weather|Sandstorm|[upkeep]\n|-damage|p1a: b2 spirit|40\/100|[from] Sandstorm\n|-heal|p1a: b2 spirit|46\/100|[from] item: Leftovers\n|upkeep\n|c|\u2606SrRayko_1|yeah good game\n|\n|t:|1700241429\n|switch|p2a: Desfl\u00f3rame|Glimmora, F|100\/100\n|turn|19\n|c|\u2606Shashi22|gg\n|\n|t:|1700241432\n|move|p1a: b2 spirit|Dragon Darts|p2a: Desfl\u00f3rame\n|-damage|p2a: Desfl\u00f3rame|30\/100\n|-anim|p1a: b2 spirit|Dragon Darts|p2a: Desfl\u00f3rame\n|-damage|p2a: Desfl\u00f3rame|0 fnt\n|faint|p2a: Desfl\u00f3rame\n|\n|win|Shashi22\n|raw|Shashi22's rating: 1175 &rarr; <strong>1200<\/strong><br \/>(+25 for winning)\n|raw|SrRayko_1's rating: 1179 &rarr; <strong>1154<\/strong><br \/>(-25 for losing)\n|l|\u2606SrRayko_1\n","uploadtime":1700241450,"views":10,"p1id":"shashi22","p2id":"srrayko1","formatid":"gen9ou","rating":1154,"private":0,"password":""}