{"id":"gen9ou-1997272749","p1":"willthewinnerwin","p2":"Unserious Drew","format":"[Gen 9] OU","log":"|j|\u2606willthewinnerwin\n|j|\u2606Unserious Drew\n|t:|1700783109\n|gametype|singles\n|player|p1|willthewinnerwin|169|1226\n|player|p2|Unserious Drew|1|1289\n|teamsize|p1|6\n|teamsize|p2|6\n|gen|9\n|tier|[Gen 9] OU\n|rated|\n|rule|Sleep Clause Mod: Limit one foe put to sleep\n|rule|Species Clause: Limit one of each Pok\u00e9mon\n|rule|OHKO Clause: OHKO moves are banned\n|rule|Evasion Items Clause: Evasion items are banned\n|rule|Evasion Moves Clause: Evasion moves are banned\n|rule|Endless Battle Clause: Forcing endless battles is banned\n|rule|HP Percentage Mod: HP is shown in percentages\n|clearpoke\n|poke|p1|Gholdengo|\n|poke|p1|Dragonite, F|\n|poke|p1|Ogerpon-Wellspring, F|\n|poke|p1|Zamazenta-*|\n|poke|p1|Weezing-Galar, M|\n|poke|p1|Goodra-Hisui, F|\n|poke|p2|Espeon, M|\n|poke|p2|Ninetales-Alola, M|\n|poke|p2|Crawdaunt, M|\n|poke|p2|Hydreigon, M|\n|poke|p2|Iron Moth|\n|poke|p2|Meowscarada, M|\n|teampreview\n|inactive|Battle timer is ON: inactive players will automatically lose when time's up. (requested by willthewinnerwin)\n|\n|t:|1700783122\n|start\n|switch|p1a: Weezing|Weezing-Galar, M|100\/100\n|switch|p2a: Meowscarada|Meowscarada, M|100\/100\n|-ability|p1a: Weezing|Neutralizing Gas\n|turn|1\n|\n|t:|1700783130\n|move|p2a: Meowscarada|U-turn|p1a: Weezing\n|-resisted|p1a: Weezing\n|-damage|p1a: Weezing|95\/100\n|-damage|p2a: Meowscarada|91\/100|[from] item: Life Orb\n|\n|t:|1700783136\n|switch|p2a: Espeon|Espeon, M|100\/100|[from] U-turn\n|move|p1a: Weezing|Overheat|p2a: Espeon\n|-damage|p2a: Espeon|64\/100\n|-unboost|p1a: Weezing|spa|2\n|\n|-heal|p1a: Weezing|100\/100|[from] item: Leftovers\n|upkeep\n|turn|2\n|\n|t:|1700783147\n|-end|p1a: Weezing|ability: Neutralizing Gas\n|switch|p1a: Gholdengo|Gholdengo|100\/100\n|move|p2a: Espeon|Psychic|p1a: Gholdengo\n|-resisted|p1a: Gholdengo\n|-damage|p1a: Gholdengo|77\/100\n|\n|-heal|p1a: Gholdengo|84\/100|[from] item: Leftovers\n|upkeep\n|turn|3\n|\n|t:|1700783159\n|switch|p2a: Hydreigon|Hydreigon, M|100\/100\n|move|p1a: Gholdengo|Make It Rain|p2a: Hydreigon\n|-damage|p2a: Hydreigon|40\/100\n|-unboost|p1a: Gholdengo|spa|1\n|\n|-heal|p2a: Hydreigon|46\/100|[from] item: Leftovers\n|-heal|p1a: Gholdengo|90\/100|[from] item: Leftovers\n|upkeep\n|turn|4\n|\n|t:|1700783167\n|switch|p1a: Weezing|Weezing-Galar, M|100\/100\n|-ability|p1a: Weezing|Neutralizing Gas\n|move|p2a: Hydreigon|Dark Pulse|p1a: Weezing\n|-resisted|p1a: Weezing\n|-damage|p1a: Weezing|81\/100\n|\n|-heal|p2a: Hydreigon|52\/100|[from] item: Leftovers\n|-heal|p1a: Weezing|87\/100|[from] item: Leftovers\n|upkeep\n|turn|5\n|\n|t:|1700783184\n|move|p2a: Hydreigon|Flash Cannon|p1a: Weezing\n|-supereffective|p1a: Weezing\n|-damage|p1a: Weezing|32\/100\n|move|p1a: Weezing|Sludge Bomb|p2a: Hydreigon\n|-damage|p2a: Hydreigon|23\/100\n|\n|-heal|p2a: Hydreigon|29\/100|[from] item: Leftovers\n|-heal|p1a: Weezing|38\/100|[from] item: Leftovers\n|upkeep\n|turn|6\n|inactive|willthewinnerwin has 120 seconds left.\n|\n|t:|1700783219\n|-end|p1a: Weezing|ability: Neutralizing Gas\n|switch|p1a: Goodra|Goodra-Hisui, F|100\/100\n|move|p2a: Hydreigon|Draco Meteor|p1a: Goodra\n|-damage|p1a: Goodra|66\/100\n|-unboost|p2a: Hydreigon|spa|2\n|\n|-heal|p2a: Hydreigon|36\/100|[from] item: Leftovers\n|-heal|p1a: Goodra|72\/100|[from] item: Leftovers\n|upkeep\n|turn|7\n|\n|t:|1700783232\n|switch|p2a: Ninetales|Ninetales-Alola, M|100\/100\n|-weather|Snow|[from] ability: Snow Warning|[of] p2a: Ninetales\n|move|p1a: Goodra|Acid Armor|p1a: Goodra\n|-boost|p1a: Goodra|def|2\n|\n|-weather|Snow|[upkeep]\n|-heal|p1a: Goodra|78\/100|[from] item: Leftovers\n|upkeep\n|turn|8\n|\n|t:|1700783240\n|move|p2a: Ninetales|Aurora Veil|p2a: Ninetales\n|-sidestart|p2: Unserious Drew|move: Aurora Veil\n|move|p1a: Goodra|Body Press|p2a: Ninetales\n|-damage|p2a: Ninetales|79\/100\n|\n|-weather|Snow|[upkeep]\n|-heal|p1a: Goodra|85\/100|[from] item: Leftovers\n|upkeep\n|turn|9\n|\n|t:|1700783247\n|switch|p2a: Meowscarada|Meowscarada, M|91\/100\n|move|p1a: Goodra|Acid Armor|p1a: Goodra\n|-boost|p1a: Goodra|def|2\n|\n|-weather|Snow|[upkeep]\n|-heal|p1a: Goodra|91\/100|[from] item: Leftovers\n|upkeep\n|turn|10\n|\n|t:|1700783276\n|move|p2a: Meowscarada|U-turn|p1a: Goodra\n|-start|p2a: Meowscarada|typechange|Bug|[from] ability: Protean\n|-resisted|p1a: Goodra\n|-damage|p1a: Goodra|85\/100\n|-damage|p2a: Meowscarada|81\/100|[from] item: Life Orb\n|\n|t:|1700783282\n|switch|p2a: Espeon|Espeon, M|64\/100|[from] U-turn\n|move|p1a: Goodra|Body Press|p2a: Espeon\n|-resisted|p2a: Espeon\n|-damage|p2a: Espeon|35\/100\n|\n|-weather|Snow|[upkeep]\n|-heal|p1a: Goodra|91\/100|[from] item: Leftovers\n|upkeep\n|turn|11\n|\n|t:|1700783288\n|move|p2a: Espeon|Trick|p1a: Goodra\n|-activate|p2a: Espeon|move: Trick|[of] p1a: Goodra\n|-item|p1a: Goodra|Choice Scarf|[from] move: Trick\n|-item|p2a: Espeon|Leftovers|[from] move: Trick\n|move|p1a: Goodra|Acid Armor|p1a: Goodra\n|-boost|p1a: Goodra|def|2\n|\n|-weather|none\n|-heal|p2a: Espeon|41\/100|[from] item: Leftovers\n|upkeep\n|turn|12\n|\n|t:|1700783298\n|switch|p2a: Crawdaunt|Crawdaunt, M|100\/100\n|switch|p1a: Gholdengo|Gholdengo|90\/100\n|\n|-heal|p1a: Gholdengo|96\/100|[from] item: Leftovers\n|upkeep\n|turn|13\n|\n|t:|1700783304\n|switch|p1a: Goodra|Goodra-Hisui, F|91\/100\n|move|p2a: Crawdaunt|Dragon Dance|p2a: Crawdaunt\n|-boost|p2a: Crawdaunt|atk|1\n|-boost|p2a: Crawdaunt|spe|1\n|\n|upkeep\n|turn|14\n|\n|t:|1700783309\n|move|p2a: Crawdaunt|Knock Off|p1a: Goodra\n|-damage|p1a: Goodra|0 fnt\n|-enditem|p1a: Goodra|Choice Scarf|[from] move: Knock Off|[of] p2a: Crawdaunt\n|faint|p1a: Goodra\n|-damage|p2a: Crawdaunt|91\/100|[from] item: Life Orb\n|\n|upkeep\n|\n|t:|1700783315\n|switch|p1a: Zamazenta|Zamazenta|100\/100\n|-ability|p1a: Zamazenta|Dauntless Shield|boost\n|-boost|p1a: Zamazenta|def|1\n|turn|15\n|\n|t:|1700783324\n|switch|p2a: Meowscarada|Meowscarada, M|81\/100\n|move|p1a: Zamazenta|Substitute|p1a: Zamazenta\n|-start|p1a: Zamazenta|Substitute\n|-damage|p1a: Zamazenta|75\/100\n|\n|-heal|p1a: Zamazenta|82\/100|[from] item: Leftovers\n|-sideend|p2: Unserious Drew|move: Aurora Veil\n|upkeep\n|turn|16\n|\n|t:|1700783329\n|move|p1a: Zamazenta|Iron Defense|p1a: Zamazenta\n|-boost|p1a: Zamazenta|def|2\n|move|p2a: Meowscarada|Flower Trick|p1a: Zamazenta\n|-start|p2a: Meowscarada|typechange|Grass|[from] ability: Protean\n|-crit|p1a: Zamazenta\n|-end|p1a: Zamazenta|Substitute\n|-damage|p2a: Meowscarada|71\/100|[from] item: Life Orb\n|\n|-heal|p1a: Zamazenta|88\/100|[from] item: Leftovers\n|upkeep\n|turn|17\n|\n|t:|1700783338\n|-terastallize|p1a: Zamazenta|Fire\n|move|p1a: Zamazenta|Substitute|p1a: Zamazenta\n|-start|p1a: Zamazenta|Substitute\n|-damage|p1a: Zamazenta|63\/100\n|move|p2a: Meowscarada|Flower Trick|p1a: Zamazenta\n|-resisted|p1a: Zamazenta\n|-crit|p1a: Zamazenta\n|-activate|p1a: Zamazenta|move: Substitute|[damage]\n|-damage|p2a: Meowscarada|61\/100|[from] item: Life Orb\n|\n|-heal|p1a: Zamazenta|69\/100|[from] item: Leftovers\n|upkeep\n|turn|18\n|\n|t:|1700783345\n|move|p1a: Zamazenta|Body Press|p2a: Meowscarada\n|-damage|p2a: Meowscarada|0 fnt\n|faint|p2a: Meowscarada\n|\n|-heal|p1a: Zamazenta|75\/100|[from] item: Leftovers\n|upkeep\n|\n|t:|1700783359\n|switch|p2a: Iron Moth|Iron Moth|100\/100\n|-enditem|p2a: Iron Moth|Booster Energy\n|-activate|p2a: Iron Moth|ability: Quark Drive|[fromitem]\n|-start|p2a: Iron Moth|quarkdrivespe\n|turn|19\n|\n|t:|1700783370\n|move|p2a: Iron Moth|Sludge Wave|p1a: Zamazenta\n|-end|p1a: Zamazenta|Substitute\n|move|p1a: Zamazenta|Body Press|p2a: Iron Moth\n|-resisted|p2a: Iron Moth\n|-damage|p2a: Iron Moth|26\/100\n|\n|-heal|p1a: Zamazenta|81\/100|[from] item: Leftovers\n|upkeep\n|turn|20\n|\n|t:|1700783375\n|move|p2a: Iron Moth|Sludge Wave|p1a: Zamazenta\n|-damage|p1a: Zamazenta|44\/100\n|move|p1a: Zamazenta|Body Press|p2a: Iron Moth\n|-resisted|p2a: Iron Moth\n|-damage|p2a: Iron Moth|0 fnt\n|faint|p2a: Iron Moth\n|-end|p2a: Iron Moth|Quark Drive|[silent]\n|\n|-heal|p1a: Zamazenta|50\/100|[from] item: Leftovers\n|upkeep\n|\n|t:|1700783383\n|switch|p2a: Crawdaunt|Crawdaunt, M|91\/100\n|turn|21\n|\n|t:|1700783388\n|move|p2a: Crawdaunt|Aqua Jet|p1a: Zamazenta\n|-supereffective|p1a: Zamazenta\n|-damage|p1a: Zamazenta|25\/100\n|-damage|p2a: Crawdaunt|81\/100|[from] item: Life Orb\n|move|p1a: Zamazenta|Body Press|p2a: Crawdaunt\n|-supereffective|p2a: Crawdaunt\n|-damage|p2a: Crawdaunt|0 fnt\n|faint|p2a: Crawdaunt\n|\n|-heal|p1a: Zamazenta|32\/100|[from] item: Leftovers\n|upkeep\n|\n|t:|1700783396\n|switch|p2a: Ninetales|Ninetales-Alola, M|79\/100\n|-weather|Snow|[from] ability: Snow Warning|[of] p2a: Ninetales\n|turn|22\n|\n|t:|1700783399\n|move|p1a: Zamazenta|Substitute|p1a: Zamazenta\n|-start|p1a: Zamazenta|Substitute\n|-damage|p1a: Zamazenta|7\/100\n|move|p2a: Ninetales|Aurora Veil|p2a: Ninetales\n|-sidestart|p2: Unserious Drew|move: Aurora Veil\n|\n|-weather|Snow|[upkeep]\n|-heal|p1a: Zamazenta|13\/100|[from] item: Leftovers\n|upkeep\n|turn|23\n|\n|t:|1700783403\n|move|p1a: Zamazenta|Iron Defense|p1a: Zamazenta\n|-boost|p1a: Zamazenta|def|2\n|move|p2a: Ninetales|Moonblast|p1a: Zamazenta\n|-resisted|p1a: Zamazenta\n|-activate|p1a: Zamazenta|move: Substitute|[damage]\n|\n|-weather|Snow|[upkeep]\n|-heal|p1a: Zamazenta|19\/100|[from] item: Leftovers\n|upkeep\n|turn|24\n|\n|t:|1700783406\n|move|p1a: Zamazenta|Iron Defense|p1a: Zamazenta\n|-boost|p1a: Zamazenta|def|1\n|move|p2a: Ninetales|Moonblast|p1a: Zamazenta\n|-resisted|p1a: Zamazenta\n|-end|p1a: Zamazenta|Substitute\n|\n|-weather|Snow|[upkeep]\n|-heal|p1a: Zamazenta|25\/100|[from] item: Leftovers\n|upkeep\n|turn|25\n|\n|t:|1700783411\n|move|p1a: Zamazenta|Body Press|p2a: Ninetales\n|-damage|p2a: Ninetales|5\/100\n|move|p2a: Ninetales|Moonblast|p1a: Zamazenta\n|-resisted|p1a: Zamazenta\n|-crit|p1a: Zamazenta\n|-damage|p1a: Zamazenta|5\/100\n|\n|-weather|Snow|[upkeep]\n|-heal|p1a: Zamazenta|11\/100|[from] item: Leftovers\n|upkeep\n|turn|26\n|\n|t:|1700783416\n|move|p1a: Zamazenta|Body Press|p2a: Ninetales\n|-damage|p2a: Ninetales|0 fnt\n|faint|p2a: Ninetales\n|\n|-weather|none\n|-heal|p1a: Zamazenta|18\/100|[from] item: Leftovers\n|upkeep\n|\n|t:|1700783419\n|switch|p2a: Espeon|Espeon, M|41\/100\n|turn|27\n|\n|t:|1700783422\n|move|p1a: Zamazenta|Crunch|p2a: Espeon\n|-supereffective|p2a: Espeon\n|-damage|p2a: Espeon|0 fnt\n|faint|p2a: Espeon\n|\n|-heal|p1a: Zamazenta|24\/100|[from] item: Leftovers\n|upkeep\n|\n|t:|1700783424\n|switch|p2a: Hydreigon|Hydreigon, M|36\/100\n|turn|28\n|\n|t:|1700783428\n|move|p1a: Zamazenta|Body Press|p2a: Hydreigon\n|-supereffective|p2a: Hydreigon\n|-damage|p2a: Hydreigon|0 fnt\n|faint|p2a: Hydreigon\n|\n|win|willthewinnerwin\n|raw|willthewinnerwin's rating: 1226 &rarr; <strong>1255<\/strong><br \/>(+29 for winning)\n|raw|Unserious Drew's rating: 1289 &rarr; <strong>1260<\/strong><br \/>(-29 for losing)\n|l|\u2606Unserious Drew\n|j| pokemonisrigged725\n","uploadtime":1700783448,"views":4,"p1id":"willthewinnerwin","p2id":"unseriousdrew","formatid":"gen9ou","rating":1255,"private":0,"password":""}