{"id":"gen9ou-1992357105","p1":"CoogieInTheWater","p2":"PLAYB0I R0BBIE B","format":"[Gen 9] OU","log":"|j|\u2606CoogieInTheWater\n|j|\u2606PLAYB0I R0BBIE B\n|t:|1700178275\n|gametype|singles\n|player|p1|CoogieInTheWater|swimmer-gen4dp|1214\n|player|p2|PLAYB0I R0BBIE B|eusine|1293\n|teamsize|p1|6\n|teamsize|p2|6\n|gen|9\n|tier|[Gen 9] OU\n|rated|\n|rule|Sleep Clause Mod: Limit one foe put to sleep\n|rule|Species Clause: Limit one of each Pok\u00e9mon\n|rule|OHKO Clause: OHKO moves are banned\n|rule|Evasion Items Clause: Evasion items are banned\n|rule|Evasion Moves Clause: Evasion moves are banned\n|rule|Endless Battle Clause: Forcing endless battles is banned\n|rule|HP Percentage Mod: HP is shown in percentages\n|clearpoke\n|poke|p1|Rillaboom, M|\n|poke|p1|Slowking-Galar, F|\n|poke|p1|Cinderace, F|\n|poke|p1|Sneasler, F|\n|poke|p1|Ting-Lu|\n|poke|p1|Zapdos|\n|poke|p2|Meowscarada, F|\n|poke|p2|Thundurus-Therian, M|\n|poke|p2|Dragapult, F|\n|poke|p2|Heatran, F|\n|poke|p2|Great Tusk|\n|poke|p2|Iron Valiant|\n|teampreview\n|inactive|Battle timer is ON: inactive players will automatically lose when time's up. (requested by PLAYB0I R0BBIE B)\n|\n|t:|1700178312\n|start\n|switch|p1a: Rillaboom|Rillaboom, M|100\/100\n|switch|p2a: SICKO MODE|Meowscarada, F|100\/100\n|-fieldstart|move: Grassy Terrain|[from] ability: Grassy Surge|[of] p1a: Rillaboom\n|turn|1\n|\n|t:|1700178325\n|move|p2a: SICKO MODE|U-turn|p1a: Rillaboom\n|-start|p2a: SICKO MODE|typechange|Bug|[from] ability: Protean\n|-supereffective|p1a: Rillaboom\n|-damage|p1a: Rillaboom|0 fnt\n|faint|p1a: Rillaboom\n|\n|t:|1700178339\n|switch|p2a: YOSEMITE|Great Tusk|100\/100|[from] U-turn\n|\n|upkeep\n|\n|t:|1700178346\n|switch|p1a: Zapdos|Zapdos|100\/100\n|turn|2\n|\n|t:|1700178354\n|-terastallize|p2a: YOSEMITE|Poison\n|move|p2a: YOSEMITE|Ice Spinner|p1a: Zapdos\n|-supereffective|p1a: Zapdos\n|-damage|p1a: Zapdos|44\/100\n|-fieldend|move: Grassy Terrain\n|move|p1a: Zapdos|Hurricane|p2a: YOSEMITE\n|-damage|p2a: YOSEMITE|0 fnt\n|faint|p2a: YOSEMITE\n|-end|p2a: YOSEMITE|Protosynthesis|[silent]\n|\n|upkeep\n|\n|t:|1700178373\n|switch|p2a: NO BYSTANDERS|Dragapult, F|100\/100\n|turn|3\n|\n|t:|1700178392\n|switch|p1a: Ting-Lu|Ting-Lu|100\/100\n|-ability|p1a: Ting-Lu|Vessel of Ruin\n|move|p2a: NO BYSTANDERS|Draco Meteor|p1a: Ting-Lu\n|-damage|p1a: Ting-Lu|79\/100\n|-unboost|p2a: NO BYSTANDERS|spa|2\n|\n|-heal|p1a: Ting-Lu|85\/100|[from] item: Leftovers\n|upkeep\n|turn|4\n|\n|t:|1700178402\n|move|p2a: NO BYSTANDERS|U-turn|p1a: Ting-Lu\n|-supereffective|p1a: Ting-Lu\n|-damage|p1a: Ting-Lu|66\/100\n|\n|t:|1700178405\n|switch|p2a: SICKO MODE|Meowscarada, F|100\/100|[from] U-turn\n|move|p1a: Ting-Lu|Stealth Rock|p2a: SICKO MODE\n|-sidestart|p2: PLAYB0I R0BBIE B|move: Stealth Rock\n|\n|-heal|p1a: Ting-Lu|72\/100|[from] item: Leftovers\n|upkeep\n|turn|5\n|\n|t:|1700178423\n|switch|p1a: Cinderace|Cinderace, F|100\/100\n|move|p2a: SICKO MODE|Knock Off|p1a: Cinderace\n|-start|p2a: SICKO MODE|typechange|Dark|[from] ability: Protean\n|-damage|p1a: Cinderace|0 fnt\n|-enditem|p1a: Cinderace|Heavy-Duty Boots|[from] move: Knock Off|[of] p2a: SICKO MODE\n|faint|p1a: Cinderace\n|\n|upkeep\n|inactive|CoogieInTheWater has 120 seconds left.\n|\n|t:|1700178462\n|switch|p1a: Zapdos|Zapdos|44\/100\n|turn|6\n|\n|t:|1700178468\n|switch|p2a: ASTROTHUNDER|Thundurus-Therian, M|100\/100\n|-damage|p2a: ASTROTHUNDER|75\/100|[from] Stealth Rock\n|move|p1a: Zapdos|Roost|p1a: Zapdos\n|-heal|p1a: Zapdos|94\/100\n|-singleturn|p1a: Zapdos|move: Roost\n|\n|upkeep\n|turn|7\n|\n|t:|1700178481\n|move|p2a: ASTROTHUNDER|Knock Off|p1a: Zapdos\n|-damage|p1a: Zapdos|73\/100\n|-enditem|p1a: Zapdos|Heavy-Duty Boots|[from] move: Knock Off|[of] p2a: ASTROTHUNDER\n|move|p1a: Zapdos|Hurricane|p2a: ASTROTHUNDER|[miss]\n|-miss|p1a: Zapdos|p2a: ASTROTHUNDER\n|\n|upkeep\n|turn|8\n|\n|t:|1700178499\n|switch|p2a: 5% TINT|Heatran, F|100\/100\n|-damage|p2a: 5% TINT|88\/100|[from] Stealth Rock\n|-item|p2a: 5% TINT|Air Balloon\n|switch|p1a: Ting-Lu|Ting-Lu|72\/100\n|-ability|p1a: Ting-Lu|Vessel of Ruin\n|\n|-heal|p1a: Ting-Lu|78\/100|[from] item: Leftovers\n|upkeep\n|turn|9\n|\n|t:|1700178517\n|move|p2a: 5% TINT|Taunt|p1a: Ting-Lu\n|-start|p1a: Ting-Lu|move: Taunt\n|cant|p1a: Ting-Lu|move: Taunt|Whirlwind\n|\n|-heal|p1a: Ting-Lu|85\/100|[from] item: Leftovers\n|upkeep\n|turn|10\n|-message|CoogieInTheWater forfeited.\n|\n|win|PLAYB0I R0BBIE B\n|raw|CoogieInTheWater's rating: 1214 &rarr; <strong>1195<\/strong><br \/>(-19 for losing)\n|raw|PLAYB0I R0BBIE B's rating: 1293 &rarr; <strong>1312<\/strong><br \/>(+19 for winning)\n|l|\u2606CoogieInTheWater\n","uploadtime":1700178541,"views":12,"p1id":"coogieinthewater","p2id":"playb0ir0bbieb","formatid":"gen9ou","rating":1195,"private":0,"password":""}