{"id":"gen9ou-1992692613","p1":"GaryOakSellWhite","p2":"COALLA123456789","format":"[Gen 9] OU","log":"|j|\u2606GaryOakSellWhite\n|j|\u2606COALLA123456789\n|t:|1700225899\n|gametype|singles\n|player|p1|GaryOakSellWhite|1|1714\n|player|p2|COALLA123456789|benga|1744\n|teamsize|p1|6\n|teamsize|p2|6\n|gen|9\n|tier|[Gen 9] OU\n|rated|\n|rule|Sleep Clause Mod: Limit one foe put to sleep\n|rule|Species Clause: Limit one of each Pok\u00e9mon\n|rule|OHKO Clause: OHKO moves are banned\n|rule|Evasion Items Clause: Evasion items are banned\n|rule|Evasion Moves Clause: Evasion moves are banned\n|rule|Endless Battle Clause: Forcing endless battles is banned\n|rule|HP Percentage Mod: HP is shown in percentages\n|clearpoke\n|poke|p1|Alomomola, M|\n|poke|p1|Slowking-Galar, F|\n|poke|p1|Great Tusk|\n|poke|p1|Ogerpon-Wellspring, F|\n|poke|p1|Kingambit, F|\n|poke|p1|Zapdos|\n|poke|p2|Zamazenta-*|\n|poke|p2|Iron Moth|\n|poke|p2|Maushold-Four|\n|poke|p2|Walking Wake|\n|poke|p2|Dragonite, F|\n|poke|p2|Kingambit, F|\n|teampreview\n|inactive|Battle timer is ON: inactive players will automatically lose when time's up. (requested by COALLA123456789)\n|inactive|GaryOakSellWhite also wants the timer to be on.\n|c|\u2606GaryOakSellWhite|Glhf\n|c|\u2606COALLA123456789|u2\n|j| OUVT Zamorakism\n|inactive|COALLA123456789 has 120 seconds left.\n|\n|t:|1700225955\n|start\n|switch|p1a: Kingambit|Kingambit, F|100\/100\n|switch|p2a: Maushold|Maushold-Four|100\/100\n|turn|1\n|l|\u2606GaryOakSellWhite\n|inactive|GaryOakSellWhite disconnected and has a minute to reconnect!\n|player|p1|\n|j|\u2606GaryOakSellWhite\n|inactive|GaryOakSellWhite reconnected and has 135 seconds left.\n|player|p1|GaryOakSellWhite|1\n|\n|t:|1700225978\n|switch|p2a: Zamazenta|Zamazenta|100\/100\n|-ability|p2a: Zamazenta|Dauntless Shield|boost\n|-boost|p2a: Zamazenta|def|1\n|move|p1a: Kingambit|Kowtow Cleave|p2a: Zamazenta\n|-resisted|p2a: Zamazenta\n|-damage|p2a: Zamazenta|87\/100\n|\n|-heal|p2a: Zamazenta|93\/100|[from] item: Leftovers\n|upkeep\n|turn|2\n|\n|t:|1700225991\n|switch|p2a: Maushold|Maushold-Four|100\/100\n|-end|p1a: Kingambit|fallenundefined|[silent]\n|switch|p1a: Zapdos|Zapdos|100\/100\n|\n|upkeep\n|turn|3\n|\n|t:|1700226006\n|switch|p1a: Great Tusk|Great Tusk|100\/100\n|move|p2a: Maushold|Population Bomb|p1a: Great Tusk\n|-damage|p1a: Great Tusk|93\/100\n|-damage|p1a: Great Tusk|85\/100\n|-damage|p1a: Great Tusk|77\/100\n|-damage|p1a: Great Tusk|68\/100\n|-damage|p1a: Great Tusk|60\/100\n|-damage|p1a: Great Tusk|51\/100\n|-damage|p1a: Great Tusk|42\/100\n|-damage|p1a: Great Tusk|33\/100\n|-damage|p1a: Great Tusk|24\/100\n|-damage|p1a: Great Tusk|15\/100\n|-hitcount|p1a: Great Tusk|10\n|\n|-heal|p1a: Great Tusk|22\/100|[from] item: Leftovers\n|upkeep\n|turn|4\n|j| jsj2679\n|\n|t:|1700226020\n|-end|p1a: Great Tusk|Protosynthesis|[silent]\n|switch|p1a: Alomomola|Alomomola, M|100\/100\n|move|p2a: Maushold|Population Bomb|p1a: Alomomola\n|-damage|p1a: Alomomola|94\/100\n|-damage|p1a: Alomomola|88\/100\n|-damage|p1a: Alomomola|82\/100\n|-damage|p1a: Alomomola|75\/100\n|-damage|p1a: Alomomola|69\/100\n|-damage|p1a: Alomomola|62\/100\n|-damage|p1a: Alomomola|56\/100\n|-damage|p1a: Alomomola|50\/100\n|-damage|p1a: Alomomola|44\/100\n|-damage|p1a: Alomomola|38\/100\n|-hitcount|p1a: Alomomola|10\n|-enditem|p1a: Alomomola|Red Card|[of] p2a: Maushold\n|drag|p2a: Kingambit|Kingambit, F|100\/100\n|\n|upkeep\n|turn|5\n|\n|t:|1700226036\n|switch|p1a: Zapdos|Zapdos|100\/100\n|move|p2a: Kingambit|Swords Dance|p2a: Kingambit\n|-boost|p2a: Kingambit|atk|2\n|\n|upkeep\n|turn|6\n|\n|t:|1700226043\n|move|p1a: Zapdos|Thunderbolt|p2a: Kingambit\n|-damage|p2a: Kingambit|40\/100\n|move|p2a: Kingambit|Kowtow Cleave|p1a: Zapdos\n|-damage|p1a: Zapdos|0 fnt\n|faint|p1a: Zapdos\n|\n|upkeep\n|\n|t:|1700226053\n|switch|p1a: Ogerpon|Ogerpon-Wellspring, F|100\/100\n|turn|7\n|j| GARF DID\n|c| OUVT Zamorakism|Population bomb needs suspect test\n|inactive|COALLA123456789 has 120 seconds left.\n|c|\u2606COALLA123456789|lol it absolutely does\n|c|\u2606GaryOakSellWhite|xD\n|c|\u2606COALLA123456789|it's so ridiculous\n|c|\u2606GaryOakSellWhite|It wrecks my team for sure\n|c|\u2606COALLA123456789|I decided I loved it when it OHKOd lando after intimidate\n|inactive|COALLA123456789 has 90 seconds left.\n|\n|t:|1700226140\n|move|p2a: Kingambit|Sucker Punch||[still]\n|-fail|p2a: Kingambit\n|move|p1a: Ogerpon|Swords Dance|p1a: Ogerpon\n|-boost|p1a: Ogerpon|atk|2\n|\n|upkeep\n|turn|8\n|inactive|COALLA123456789 has 60 seconds left.\n|\n|t:|1700226159\n|move|p2a: Kingambit|Sucker Punch||[still]\n|-fail|p2a: Kingambit\n|move|p1a: Ogerpon|Encore|p2a: Kingambit\n|-start|p2a: Kingambit|Encore\n|\n|upkeep\n|turn|9\n|inactive|COALLA123456789 has 60 seconds left.\n|\n|t:|1700226174\n|move|p2a: Kingambit|Sucker Punch||[still]\n|-fail|p2a: Kingambit\n|move|p1a: Ogerpon|Swords Dance|p1a: Ogerpon\n|-boost|p1a: Ogerpon|atk|2\n|\n|upkeep\n|turn|10\n|\n|t:|1700226186\n|-end|p2a: Kingambit|fallenundefined|[silent]\n|switch|p2a: Dragonite|Dragonite, F|100\/100\n|move|p1a: Ogerpon|Swords Dance|p1a: Ogerpon\n|-boost|p1a: Ogerpon|atk|2\n|\n|upkeep\n|turn|11\n|\n|t:|1700226200\n|switch|p2a: Walking Wake|Walking Wake|100\/100\n|-enditem|p2a: Walking Wake|Booster Energy\n|-activate|p2a: Walking Wake|ability: Protosynthesis|[fromitem]\n|-start|p2a: Walking Wake|protosynthesisspa\n|move|p1a: Ogerpon|Trailblaze|p2a: Walking Wake\n|-damage|p2a: Walking Wake|0 fnt\n|-boost|p1a: Ogerpon|spe|1\n|faint|p2a: Walking Wake\n|-end|p2a: Walking Wake|Protosynthesis|[silent]\n|\n|upkeep\n|inactive|COALLA123456789 has 60 seconds left.\n|\n|t:|1700226215\n|switch|p2a: Kingambit|Kingambit, F|40\/100\n|-activate|p2a: Kingambit|ability: Supreme Overlord\n|-start|p2a: Kingambit|fallen1|[silent]\n|turn|12\n|inactive|COALLA123456789 has 60 seconds left.\n|\n|t:|1700226241\n|-end|p2a: Kingambit|fallen1|[silent]\n|switch|p2a: Iron Moth|Iron Moth|100\/100\n|-enditem|p2a: Iron Moth|Booster Energy\n|-activate|p2a: Iron Moth|ability: Quark Drive|[fromitem]\n|-start|p2a: Iron Moth|quarkdrivespe\n|move|p1a: Ogerpon|Ivy Cudgel|p2a: Iron Moth|[anim] Ivy Cudgel Water\n|-supereffective|p2a: Iron Moth\n|-crit|p2a: Iron Moth\n|-damage|p2a: Iron Moth|0 fnt\n|faint|p2a: Iron Moth\n|-end|p2a: Iron Moth|Quark Drive|[silent]\n|\n|upkeep\n|inactive|COALLA123456789 has 30 seconds left.\n|inactive|COALLA123456789 has 20 seconds left.\n|inactive|COALLA123456789 has 15 seconds left.\n|inactive|COALLA123456789 has 10 seconds left.\n|inactive|COALLA123456789 has 5 seconds left.\n|c| OUVT Zamorakism|You had booster energy moth? Why not go 50\/50\n|\n|t:|1700226283\n|switch|p2a: Dragonite|Dragonite, F|100\/100\n|turn|13\n|inactive|COALLA123456789 has 15 seconds left this turn.\n|inactive|COALLA123456789 has 10 seconds left.\n|\n|t:|1700226290\n|-terastallize|p1a: Ogerpon|Water\n|detailschange|p1a: Ogerpon|Ogerpon-Wellspring-Tera, F, tera:Water\n|-ability|p1a: Ogerpon|Embody Aspect (Wellspring)|boost\n|-boost|p1a: Ogerpon|spd|1\n|-terastallize|p2a: Dragonite|Normal\n|move|p2a: Dragonite|Extreme Speed|p1a: Ogerpon\n|-damage|p1a: Ogerpon|37\/100\n|move|p1a: Ogerpon|Ivy Cudgel|p2a: Dragonite|[anim] Ivy Cudgel Water\n|-crit|p2a: Dragonite\n|-damage|p2a: Dragonite|0 fnt\n|faint|p2a: Dragonite\n|\n|upkeep\n|inactive|COALLA123456789 has 15 seconds left this turn.\n|inactive|COALLA123456789 has 10 seconds left.\n|\n|t:|1700226295\n|switch|p2a: Kingambit|Kingambit, F|40\/100\n|-activate|p2a: Kingambit|ability: Supreme Overlord\n|-start|p2a: Kingambit|fallen3|[silent]\n|turn|14\n|inactive|COALLA123456789 has 20 seconds left this turn.\n|inactive|COALLA123456789 has 15 seconds left.\n|inactive|GaryOakSellWhite has 120 seconds left.\n|c|\u2606COALLA123456789|eh not really thinking all that much lol\n|c|\u2606COALLA123456789|tho I know the timer says otherwise\n|\n|t:|1700226339\n|move|p1a: Ogerpon|Swords Dance|p1a: Ogerpon\n|-boost|p1a: Ogerpon|atk|0\n|move|p2a: Kingambit|Kowtow Cleave|p1a: Ogerpon\n|-damage|p1a: Ogerpon|0 fnt\n|faint|p1a: Ogerpon\n|\n|upkeep\n|inactive|COALLA123456789 has 20 seconds left this turn.\n|c|\u2606COALLA123456789|I'm watching a BKC vid lol\n|c|\u2606GaryOakSellWhite|Nice predict\n|c|\u2606COALLA123456789|thank you\n|\n|t:|1700226355\n|switch|p1a: Alomomola|Alomomola, M|71\/100\n|turn|15\n|inactive|COALLA123456789 has 30 seconds left this turn.\n|c|\u2606COALLA123456789|the tera on D nite was terrible too\n|inactive|COALLA123456789 has 20 seconds left.\n|c|\u2606COALLA123456789|88-104 if I don't tera\n|inactive|COALLA123456789 has 15 seconds left.\n|c|\u2606COALLA123456789|then kill next turn on tera\n|inactive|COALLA123456789 has 10 seconds left.\n|c|\u2606COALLA123456789|it's all good tho\n|c|\u2606GaryOakSellWhite|Eh, it\u2019s early in the morning. We\u2019re all misplaying haha\n|inactive|COALLA123456789 has 5 seconds left.\n|\n|t:|1700226382\n|-end|p2a: Kingambit|fallen3|[silent]\n|switch|p2a: Maushold|Maushold-Four|100\/100\n|move|p1a: Alomomola|Scald|p2a: Maushold\n|-damage|p2a: Maushold|79\/100\n|\n|upkeep\n|turn|16\n|inactive|COALLA123456789 has 15 seconds left this turn.\n|c|\u2606COALLA123456789|right?\n|inactive|COALLA123456789 has 10 seconds left.\n|\n|t:|1700226390\n|move|p2a: Maushold|Population Bomb|p1a: Alomomola\n|-damage|p1a: Alomomola|65\/100\n|-damage|p1a: Alomomola|59\/100\n|-damage|p1a: Alomomola|53\/100\n|-damage|p1a: Alomomola|46\/100\n|-damage|p1a: Alomomola|41\/100\n|-damage|p1a: Alomomola|35\/100\n|-damage|p1a: Alomomola|28\/100\n|-damage|p1a: Alomomola|23\/100\n|-damage|p1a: Alomomola|17\/100\n|-damage|p1a: Alomomola|11\/100\n|-hitcount|p1a: Alomomola|10\n|move|p1a: Alomomola|Scald|p2a: Maushold\n|-damage|p2a: Maushold|59\/100\n|-status|p2a: Maushold|brn\n|\n|-damage|p2a: Maushold|52\/100 brn|[from] brn\n|upkeep\n|turn|17\n|inactive|COALLA123456789 has 20 seconds left this turn.\n|inactive|GaryOakSellWhite has 120 seconds left.\n|inactive|COALLA123456789 has 15 seconds left.\n|\n|t:|1700226399\n|switch|p1a: Kingambit|Kingambit, F|100\/100\n|-activate|p1a: Kingambit|ability: Supreme Overlord\n|-start|p1a: Kingambit|fallen2|[silent]\n|move|p2a: Maushold|Population Bomb|p1a: Kingambit\n|-resisted|p1a: Kingambit\n|-damage|p1a: Kingambit|98\/100\n|-resisted|p1a: Kingambit\n|-damage|p1a: Kingambit|96\/100\n|-resisted|p1a: Kingambit\n|-damage|p1a: Kingambit|94\/100\n|-resisted|p1a: Kingambit\n|-damage|p1a: Kingambit|92\/100\n|-resisted|p1a: Kingambit\n|-damage|p1a: Kingambit|89\/100\n|-hitcount|p1a: Kingambit|5\n|\n|-heal|p1a: Kingambit|95\/100|[from] item: Leftovers\n|-damage|p2a: Maushold|46\/100 brn|[from] brn\n|upkeep\n|turn|18\n|inactive|COALLA123456789 has 25 seconds left this turn.\n|inactive|COALLA123456789 has 20 seconds left.\n|inactive|GaryOakSellWhite has 120 seconds left.\n|\n|t:|1700226420\n|move|p2a: Maushold|Population Bomb|p1a: Kingambit\n|-resisted|p1a: Kingambit\n|-damage|p1a: Kingambit|93\/100\n|-resisted|p1a: Kingambit\n|-damage|p1a: Kingambit|91\/100\n|-resisted|p1a: Kingambit\n|-damage|p1a: Kingambit|88\/100\n|-resisted|p1a: Kingambit\n|-damage|p1a: Kingambit|86\/100\n|-resisted|p1a: Kingambit\n|-damage|p1a: Kingambit|84\/100\n|-resisted|p1a: Kingambit\n|-damage|p1a: Kingambit|82\/100\n|-resisted|p1a: Kingambit\n|-damage|p1a: Kingambit|80\/100\n|-resisted|p1a: Kingambit\n|-damage|p1a: Kingambit|77\/100\n|-resisted|p1a: Kingambit\n|-damage|p1a: Kingambit|75\/100\n|-resisted|p1a: Kingambit\n|-damage|p1a: Kingambit|73\/100\n|-hitcount|p1a: Kingambit|10\n|move|p1a: Kingambit|Iron Head|p2a: Maushold\n|-damage|p2a: Maushold|0 fnt\n|faint|p2a: Maushold\n|\n|-heal|p1a: Kingambit|79\/100|[from] item: Leftovers\n|upkeep\n|inactive|COALLA123456789 has 25 seconds left this turn.\n|\n|t:|1700226425\n|switch|p2a: Zamazenta|Zamazenta|93\/100\n|turn|19\n|j| Hakimausi\n|inactive|GaryOakSellWhite has 120 seconds left.\n|inactive|COALLA123456789 has 30 seconds left.\n|\n|t:|1700226436\n|move|p2a: Zamazenta|Iron Defense|p2a: Zamazenta\n|-boost|p2a: Zamazenta|def|2\n|move|p1a: Kingambit|Iron Head|p2a: Zamazenta\n|-damage|p2a: Zamazenta|69\/100\n|\n|-heal|p2a: Zamazenta|75\/100|[from] item: Leftovers\n|-heal|p1a: Kingambit|85\/100|[from] item: Leftovers\n|upkeep\n|turn|20\n|\n|t:|1700226442\n|-end|p1a: Kingambit|fallen2|[silent]\n|switch|p1a: Slowking|Slowking-Galar, F|100\/100\n|move|p2a: Zamazenta|Iron Defense|p2a: Zamazenta\n|-boost|p2a: Zamazenta|def|2\n|\n|-heal|p2a: Zamazenta|81\/100|[from] item: Leftovers\n|upkeep\n|turn|21\n|\n|t:|1700226448\n|move|p2a: Zamazenta|Substitute|p2a: Zamazenta\n|-start|p2a: Zamazenta|Substitute\n|-damage|p2a: Zamazenta|56\/100\n|move|p1a: Slowking|Future Sight|p2a: Zamazenta\n|-start|p1a: Slowking|move: Future Sight\n|\n|-heal|p2a: Zamazenta|62\/100|[from] item: Leftovers\n|upkeep\n|turn|22\n|\n|t:|1700226453\n|move|p2a: Zamazenta|Iron Head|p1a: Slowking\n|-damage|p1a: Slowking|73\/100\n|cant|p1a: Slowking|flinch\n|\n|-heal|p2a: Zamazenta|68\/100|[from] item: Leftovers\n|upkeep\n|turn|23\n|\n|t:|1700226459\n|move|p2a: Zamazenta|Iron Head|p1a: Slowking\n|-damage|p1a: Slowking|45\/100\n|move|p1a: Slowking|Flamethrower|p2a: Zamazenta\n|-activate|p2a: Zamazenta|move: Substitute|[damage]\n|\n|-end|p2a: Zamazenta|move: Future Sight\n|-supereffective|p2a: Zamazenta\n|-end|p2a: Zamazenta|Substitute\n|-heal|p2a: Zamazenta|74\/100|[from] item: Leftovers\n|upkeep\n|turn|24\n|inactive|COALLA123456789 has 60 seconds left.\n|\n|t:|1700226465\n|move|p2a: Zamazenta|Iron Head|p1a: Slowking\n|-damage|p1a: Slowking|18\/100\n|move|p1a: Slowking|Future Sight|p2a: Zamazenta\n|-start|p1a: Slowking|move: Future Sight\n|\n|-heal|p2a: Zamazenta|80\/100|[from] item: Leftovers\n|upkeep\n|turn|25\n|j| mew852\n|\n|t:|1700226473\n|switch|p1a: Alomomola|Alomomola, M|44\/100\n|move|p2a: Zamazenta|Substitute|p2a: Zamazenta\n|-start|p2a: Zamazenta|Substitute\n|-damage|p2a: Zamazenta|55\/100\n|\n|-heal|p2a: Zamazenta|61\/100|[from] item: Leftovers\n|upkeep\n|turn|26\n|\n|t:|1700226492\n|switch|p1a: Great Tusk|Great Tusk|22\/100\n|move|p2a: Zamazenta|Body Press|p1a: Great Tusk\n|-damage|p1a: Great Tusk|0 fnt\n|faint|p1a: Great Tusk\n|-end|p1a: Great Tusk|Protosynthesis|[silent]\n|\n|-end|p2a: Zamazenta|move: Future Sight\n|-supereffective|p2a: Zamazenta\n|-end|p2a: Zamazenta|Substitute\n|-heal|p2a: Zamazenta|67\/100|[from] item: Leftovers\n|upkeep\n|\n|t:|1700226499\n|switch|p1a: Slowking|Slowking-Galar, F|51\/100\n|turn|27\n|\n|t:|1700226503\n|move|p2a: Zamazenta|Iron Head|p1a: Slowking\n|-damage|p1a: Slowking|24\/100\n|cant|p1a: Slowking|flinch\n|\n|-heal|p2a: Zamazenta|73\/100|[from] item: Leftovers\n|upkeep\n|turn|28\n|inactive|COALLA123456789 has 90 seconds left.\n|\n|t:|1700226514\n|switch|p1a: Alomomola|Alomomola, M|78\/100\n|move|p2a: Zamazenta|Body Press|p1a: Alomomola\n|-damage|p1a: Alomomola|30\/100\n|\n|-heal|p2a: Zamazenta|79\/100|[from] item: Leftovers\n|upkeep\n|turn|29\n|\n|t:|1700226522\n|move|p2a: Zamazenta|Iron Head|p1a: Alomomola\n|-resisted|p1a: Alomomola\n|-damage|p1a: Alomomola|23\/100\n|move|p1a: Alomomola|Wish|p1a: Alomomola\n|\n|-heal|p2a: Zamazenta|85\/100|[from] item: Leftovers\n|upkeep\n|turn|30\n|\n|t:|1700226529\n|switch|p1a: Slowking|Slowking-Galar, F|57\/100\n|move|p2a: Zamazenta|Substitute|p2a: Zamazenta\n|-start|p2a: Zamazenta|Substitute\n|-damage|p2a: Zamazenta|60\/100\n|\n|-heal|p1a: Slowking|100\/100|[from] move: Wish|[wisher] Alomomola\n|-heal|p2a: Zamazenta|66\/100|[from] item: Leftovers\n|upkeep\n|turn|31\n|\n|t:|1700226536\n|move|p2a: Zamazenta|Iron Head|p1a: Slowking\n|-damage|p1a: Slowking|72\/100\n|move|p1a: Slowking|Future Sight|p2a: Zamazenta\n|-start|p1a: Slowking|move: Future Sight\n|\n|-heal|p2a: Zamazenta|72\/100|[from] item: Leftovers\n|upkeep\n|turn|32\n|j| lllllll11\n|\n|t:|1700226542\n|move|p2a: Zamazenta|Iron Head|p1a: Slowking\n|-damage|p1a: Slowking|43\/100\n|cant|p1a: Slowking|flinch\n|\n|-heal|p2a: Zamazenta|78\/100|[from] item: Leftovers\n|upkeep\n|turn|33\n|inactive|COALLA123456789 has 120 seconds left.\n|\n|t:|1700226563\n|move|p2a: Zamazenta|Iron Head|p1a: Slowking\n|-damage|p1a: Slowking|13\/100\n|cant|p1a: Slowking|flinch\n|\n|-end|p2a: Zamazenta|move: Future Sight\n|-supereffective|p2a: Zamazenta\n|-end|p2a: Zamazenta|Substitute\n|-heal|p2a: Zamazenta|84\/100|[from] item: Leftovers\n|upkeep\n|turn|34\n|\n|t:|1700226573\n|switch|p1a: Alomomola|Alomomola, M|57\/100\n|move|p2a: Zamazenta|Iron Defense|p2a: Zamazenta\n|-boost|p2a: Zamazenta|def|2\n|\n|-heal|p2a: Zamazenta|90\/100|[from] item: Leftovers\n|upkeep\n|turn|35\n|j| twice ty\n|\n|t:|1700226580\n|move|p2a: Zamazenta|Body Press|p1a: Alomomola\n|-damage|p1a: Alomomola|0 fnt\n|faint|p1a: Alomomola\n|\n|-heal|p2a: Zamazenta|96\/100|[from] item: Leftovers\n|upkeep\n|l| jsj2679\n|c|\u2606GaryOakSellWhite|gg\n|c|\u2606COALLA123456789|gg man\n|c|\u2606COALLA123456789|this thing is still so good\n|-message|GaryOakSellWhite forfeited.\n|\n|win|COALLA123456789\n|raw|GaryOakSellWhite's rating: 1714 &rarr; <strong>1696<\/strong><br \/>(-18 for losing)\n|raw|COALLA123456789's rating: 1744 &rarr; <strong>1762<\/strong><br \/>(+18 for winning)\n|l|\u2606GaryOakSellWhite\n|c| OUVT Zamorakism|Anyone test battle?\n|c|\u2606COALLA123456789|sure thing\n|l| GARF DID\n|c|\u2606COALLA123456789|chall my dude!\n|l|\u2606COALLA123456789\n|l| lllllll11\n","uploadtime":1700226778,"views":9,"p1id":"garyoaksellwhite","p2id":"coalla123456789","formatid":"gen9ou","rating":1696,"private":0,"password":""}