{"id":"gen9ou-2000040695","p1":"Ctannn","p2":"RggV","format":"[Gen 9] OU","log":"|j|\u2606Ctannn\n|j|\u2606RggV\n|t:|1701144807\n|gametype|singles\n|player|p1|Ctannn|1|1711\n|player|p2|RggV|#wcop2023latinamerica|1754\n|teamsize|p1|6\n|teamsize|p2|6\n|gen|9\n|tier|[Gen 9] OU\n|rated|\n|rule|Sleep Clause Mod: Limit one foe put to sleep\n|rule|Species Clause: Limit one of each Pok\u00e9mon\n|rule|OHKO Clause: OHKO moves are banned\n|rule|Evasion Items Clause: Evasion items are banned\n|rule|Evasion Moves Clause: Evasion moves are banned\n|rule|Endless Battle Clause: Forcing endless battles is banned\n|rule|HP Percentage Mod: HP is shown in percentages\n|clearpoke\n|poke|p1|Slowking-Galar, F|\n|poke|p1|Greninja-*, M|\n|poke|p1|Weavile, M|\n|poke|p1|Kommo-o, F|\n|poke|p1|Cinderace, M|\n|poke|p1|Ceruledge, F|\n|poke|p2|Infernape, M|\n|poke|p2|Ribombee, F|\n|poke|p2|Gholdengo|\n|poke|p2|Manaphy|\n|poke|p2|Landorus-Therian, M|\n|poke|p2|Kommo-o, F|\n|teampreview\n|inactive|Battle timer is ON: inactive players will automatically lose when time's up. (requested by RggV)\n|j| diyuenji\n|inactive|RggV has 120 seconds left.\n|\n|t:|1701144852\n|start\n|switch|p1a: Slowking|Slowking-Galar, F|100\/100\n|switch|p2a: Son Goku|Infernape, M|100\/100\n|turn|1\n|\n|t:|1701144855\n|move|p2a: Son Goku|Swords Dance|p2a: Son Goku\n|-boost|p2a: Son Goku|atk|2\n|move|p1a: Slowking|Psychic|p2a: Son Goku\n|-supereffective|p2a: Son Goku\n|-damage|p2a: Son Goku|0 fnt\n|faint|p2a: Son Goku\n|\n|upkeep\n|\n|t:|1701144859\n|switch|p2a: Ribombee|Ribombee, F|100\/100\n|turn|2\n|\n|t:|1701144862\n|move|p2a: Ribombee|Sticky Web|p1a: Slowking\n|-sidestart|p1: Ctannn|move: Sticky Web\n|move|p1a: Slowking|Sludge Bomb|p2a: Ribombee\n|-supereffective|p2a: Ribombee\n|-enditem|p2a: Ribombee|Focus Sash\n|-damage|p2a: Ribombee|1\/100\n|\n|upkeep\n|turn|3\n|\n|t:|1701144868\n|move|p2a: Ribombee|Stun Spore|p1a: Slowking\n|-status|p1a: Slowking|par\n|cant|p1a: Slowking|par\n|\n|upkeep\n|turn|4\n|\n|t:|1701144871\n|move|p2a: Ribombee|Psychic|p1a: Slowking\n|-damage|p1a: Slowking|80\/100 par\n|move|p1a: Slowking|Chilly Reception|p1a: Slowking\n|-weather|Snow\n|\n|t:|1701144878\n|switch|p1a: Greninja|Greninja, M|100\/100|[from] Chilly Reception\n|\n|-weather|Snow|[upkeep]\n|upkeep\n|turn|5\n|j| cdx\n|\n|t:|1701144881\n|switch|p2a: Manaphy|Manaphy|100\/100\n|move|p1a: Greninja|Water Shuriken|p2a: Manaphy\n|-resisted|p2a: Manaphy\n|-damage|p2a: Manaphy|97\/100\n|-resisted|p2a: Manaphy\n|-damage|p2a: Manaphy|93\/100\n|-hitcount|p2a: Manaphy|2\n|\n|-weather|Snow|[upkeep]\n|-heal|p2a: Manaphy|99\/100|[from] item: Leftovers\n|upkeep\n|turn|6\n|\n|t:|1701144886\n|move|p1a: Greninja|Dark Pulse|p2a: Manaphy\n|-damage|p2a: Manaphy|67\/100\n|move|p2a: Manaphy|Tail Glow|p2a: Manaphy\n|-boost|p2a: Manaphy|spa|3\n|\n|-weather|Snow|[upkeep]\n|-heal|p2a: Manaphy|73\/100|[from] item: Leftovers\n|upkeep\n|turn|7\n|\n|t:|1701144889\n|move|p1a: Greninja|Dark Pulse|p2a: Manaphy\n|-damage|p2a: Manaphy|37\/100\n|move|p2a: Manaphy|Energy Ball|p1a: Greninja\n|-supereffective|p1a: Greninja\n|-damage|p1a: Greninja|0 fnt\n|faint|p1a: Greninja\n|\n|-weather|Snow|[upkeep]\n|-heal|p2a: Manaphy|44\/100|[from] item: Leftovers\n|upkeep\n|\n|t:|1701144894\n|switch|p1a: Cinderace|Cinderace, M|100\/100\n|turn|8\n|\n|t:|1701144913\n|switch|p2a: Ribombee|Ribombee, F|1\/100\n|move|p1a: Cinderace|High Jump Kick|p2a: Ribombee\n|-start|p1a: Cinderace|typechange|Fighting|[from] ability: Libero\n|-resisted|p2a: Ribombee\n|-damage|p2a: Ribombee|0 fnt\n|faint|p2a: Ribombee\n|\n|-weather|none\n|upkeep\n|\n|t:|1701144920\n|switch|p2a: Landorus|Landorus-Therian, M|100\/100\n|-ability|p2a: Landorus|Intimidate|boost\n|-unboost|p1a: Cinderace|atk|1\n|turn|9\n|\n|t:|1701144923\n|move|p1a: Cinderace|Court Change|p1a: Cinderace\n|-swapsideconditions\n|-activate|p1a: Cinderace|move: Court Change\n|move|p2a: Landorus|Substitute|p2a: Landorus\n|-start|p2a: Landorus|Substitute\n|-damage|p2a: Landorus|76\/100\n|\n|-heal|p2a: Landorus|82\/100|[from] item: Leftovers\n|upkeep\n|turn|10\n|\n|t:|1701144927\n|move|p1a: Cinderace|U-turn|p2a: Landorus\n|-resisted|p2a: Landorus\n|-activate|p2a: Landorus|move: Substitute|[damage]\n|\n|t:|1701144929\n|switch|p1a: Slowking|Slowking-Galar, F|100\/100 par|[from] U-turn\n|move|p2a: Landorus|Bulk Up|p2a: Landorus\n|-boost|p2a: Landorus|atk|1\n|-boost|p2a: Landorus|def|1\n|\n|-heal|p2a: Landorus|88\/100|[from] item: Leftovers\n|upkeep\n|turn|11\n|\n|t:|1701144934\n|move|p2a: Landorus|Earthquake|p1a: Slowking\n|-supereffective|p1a: Slowking\n|-damage|p1a: Slowking|0 fnt\n|faint|p1a: Slowking\n|\n|-heal|p2a: Landorus|94\/100|[from] item: Leftovers\n|upkeep\n|\n|t:|1701144936\n|switch|p1a: Weavile|Weavile, M|100\/100\n|-ability|p1a: Weavile|Pressure\n|turn|12\n|j| TissLord69\n|\n|t:|1701144939\n|move|p1a: Weavile|Icicle Spear|p2a: Landorus\n|-supereffective|p2a: Landorus\n|-end|p2a: Landorus|Substitute\n|-supereffective|p2a: Landorus\n|-damage|p2a: Landorus|52\/100\n|-supereffective|p2a: Landorus\n|-damage|p2a: Landorus|13\/100\n|-supereffective|p2a: Landorus\n|-damage|p2a: Landorus|0 fnt\n|faint|p2a: Landorus\n|-hitcount|p2: Landorus|4\n|\n|upkeep\n|\n|t:|1701144943\n|switch|p2a: McFries|Gholdengo|100\/100\n|-item|p2a: McFries|Air Balloon\n|turn|13\n|\n|t:|1701144951\n|-terastallize|p2a: McFries|Dark\n|move|p1a: Weavile|Icicle Spear|p2a: McFries\n|-damage|p2a: McFries|87\/100\n|-enditem|p2a: McFries|Air Balloon\n|-damage|p2a: McFries|73\/100\n|-damage|p2a: McFries|59\/100\n|-damage|p2a: McFries|45\/100\n|-crit|p2a: McFries\n|-damage|p2a: McFries|22\/100\n|-hitcount|p2a: McFries|5\n|move|p2a: McFries|Make It Rain|p1a: Weavile\n|-supereffective|p1a: Weavile\n|-damage|p1a: Weavile|0 fnt\n|-unboost|p2a: McFries|spa|1\n|faint|p1a: Weavile\n|\n|upkeep\n|\n|t:|1701144956\n|switch|p1a: Cinderace|Cinderace, M|100\/100\n|turn|14\n|\n|t:|1701144962\n|move|p1a: Cinderace|U-turn|p2a: McFries\n|-start|p1a: Cinderace|typechange|Bug|[from] ability: Libero\n|-supereffective|p2a: McFries\n|-damage|p2a: McFries|0 fnt\n|faint|p2a: McFries\n|\n|t:|1701144964\n|switch|p1a: Ceruledge|Ceruledge, F|100\/100|[from] U-turn\n|\n|upkeep\n|\n|t:|1701144970\n|switch|p2a: Kommo-o|Kommo-o, F|100\/100\n|-activate|p2a: Kommo-o|move: Sticky Web\n|-unboost|p2a: Kommo-o|spe|1\n|turn|15\n|\n|t:|1701144975\n|move|p1a: Ceruledge|Swords Dance|p1a: Ceruledge\n|-boost|p1a: Ceruledge|atk|2\n|move|p2a: Kommo-o|Clangorous Soul|p2a: Kommo-o\n|-boost|p2a: Kommo-o|atk|1\n|-boost|p2a: Kommo-o|def|1\n|-boost|p2a: Kommo-o|spa|1\n|-boost|p2a: Kommo-o|spd|1\n|-boost|p2a: Kommo-o|spe|1\n|-damage|p2a: Kommo-o|68\/100\n|-enditem|p2a: Kommo-o|Throat Spray\n|-boost|p2a: Kommo-o|spa|1|[from] item: Throat Spray\n|\n|upkeep\n|turn|16\n|j| xxCOALLAxx\n|\n|t:|1701144983\n|move|p1a: Ceruledge|Bitter Blade|p2a: Kommo-o\n|-resisted|p2a: Kommo-o\n|-damage|p2a: Kommo-o|39\/100\n|move|p2a: Kommo-o|Clanging Scales|p1a: Ceruledge\n|-enditem|p1a: Ceruledge|Focus Sash\n|-damage|p1a: Ceruledge|1\/100\n|-unboost|p2a: Kommo-o|def|1\n|\n|upkeep\n|turn|17\n|\n|t:|1701144989\n|move|p2a: Kommo-o|Clanging Scales|p1a: Ceruledge\n|-damage|p1a: Ceruledge|0 fnt\n|faint|p1a: Ceruledge\n|-unboost|p2a: Kommo-o|def|1\n|\n|upkeep\n|\n|t:|1701144996\n|switch|p1a: Cinderace|Cinderace, M|100\/100\n|turn|18\n|\n|t:|1701144998\n|move|p1a: Cinderace|High Jump Kick|p2a: Kommo-o\n|-start|p1a: Cinderace|typechange|Fighting|[from] ability: Libero\n|-damage|p2a: Kommo-o|0 fnt\n|faint|p2a: Kommo-o\n|\n|upkeep\n|\n|t:|1701145000\n|switch|p2a: Manaphy|Manaphy|44\/100\n|-activate|p2a: Manaphy|move: Sticky Web\n|-unboost|p2a: Manaphy|spe|1\n|turn|19\n|\n|t:|1701145002\n|move|p1a: Cinderace|High Jump Kick|p2a: Manaphy\n|-damage|p2a: Manaphy|0 fnt\n|faint|p2a: Manaphy\n|\n|win|Ctannn\n|raw|Ctannn's rating: 1711 &rarr; <strong>1733<\/strong><br \/>(+22 for winning)\n|raw|RggV's rating: 1754 &rarr; <strong>1732<\/strong><br \/>(-22 for losing)\n|l|\u2606RggV\n|l| TissLord69\n","uploadtime":1701145020,"views":13,"p1id":"ctannn","p2id":"rggv","formatid":"gen9ou","rating":1732,"private":0,"password":""}