{"id":"gen9ou-1997138273","p1":"BugCatcherN8R1X","p2":"ratiogod64","format":"[Gen 9] OU","log":"|j|\u2606BugCatcherN8R1X\n|j|\u2606ratiogod64\n|t:|1700768369\n|gametype|singles\n|player|p1|BugCatcherN8R1X|bugcatcher-gen4dp|1288\n|player|p2|ratiogod64|pokemonbreederf-gen6|1326\n|teamsize|p1|6\n|teamsize|p2|6\n|gen|9\n|tier|[Gen 9] OU\n|rated|\n|rule|Sleep Clause Mod: Limit one foe put to sleep\n|rule|Species Clause: Limit one of each Pok\u00e9mon\n|rule|OHKO Clause: OHKO moves are banned\n|rule|Evasion Items Clause: Evasion items are banned\n|rule|Evasion Moves Clause: Evasion moves are banned\n|rule|Endless Battle Clause: Forcing endless battles is banned\n|rule|HP Percentage Mod: HP is shown in percentages\n|clearpoke\n|poke|p1|Kleavor, M|\n|poke|p1|Lokix, M|\n|poke|p1|Yanmega, M|\n|poke|p1|Slither Wing|\n|poke|p1|Scizor, M|\n|poke|p1|Frosmoth, M|\n|poke|p2|Ninetales-Alola, F|\n|poke|p2|Great Tusk|\n|poke|p2|Gholdengo|\n|poke|p2|Ogerpon-Wellspring, F|\n|poke|p2|Kingambit, M|\n|poke|p2|Ceruledge, F|\n|teampreview\n|inactive|Battle timer is ON: inactive players will automatically lose when time's up. (requested by BugCatcherN8R1X)\n|c|\u2606ratiogod64|tatakae....\n|\n|t:|1700768391\n|start\n|switch|p1a: Hachiman|Kleavor, M|100\/100\n|switch|p2a: Ninetales|Ninetales-Alola, F|100\/100\n|-weather|Snow|[from] ability: Snow Warning|[of] p2a: Ninetales\n|turn|1\n|c|\u2606BugCatcherN8R1X|Bug Catcher Natrix wants to battle\n|\n|t:|1700768403\n|move|p1a: Hachiman|Brick Break|p2a: Ninetales\n|-crit|p2a: Ninetales\n|-damage|p2a: Ninetales|67\/100\n|move|p2a: Ninetales|Aurora Veil|p2a: Ninetales\n|-sidestart|p2: ratiogod64|move: Aurora Veil\n|\n|-weather|Snow|[upkeep]\n|upkeep\n|turn|2\n|c|\u2606ratiogod64|so kawai...\n|\n|t:|1700768411\n|switch|p2a: TATAKAE|Ceruledge, F|100\/100\n|move|p1a: Hachiman|Brick Break|p2a: TATAKAE\n|-immune|p2a: TATAKAE\n|\n|-weather|Snow|[upkeep]\n|upkeep\n|turn|3\n|\n|t:|1700768418\n|switch|p1a: Apollo|Slither Wing|100\/100\n|move|p2a: TATAKAE|Swords Dance|p2a: TATAKAE\n|-boost|p2a: TATAKAE|atk|2\n|\n|-weather|Snow|[upkeep]\n|upkeep\n|turn|4\n|\n|t:|1700768430\n|move|p2a: TATAKAE|Bitter Blade|p1a: Apollo\n|-supereffective|p1a: Apollo\n|-damage|p1a: Apollo|0 fnt\n|faint|p1a: Apollo\n|-end|p1a: Apollo|Protosynthesis|[silent]\n|\n|-weather|Snow|[upkeep]\n|upkeep\n|\n|t:|1700768442\n|switch|p1a: Hachiman|Kleavor, M|100\/100\n|turn|5\n|c|\u2606ratiogod64|tatakae....\n|\n|t:|1700768459\n|move|p1a: Hachiman|Stone Axe|p2a: TATAKAE\n|-supereffective|p2a: TATAKAE\n|-damage|p2a: TATAKAE|14\/100\n|-ability|p2a: TATAKAE|Weak Armor|boost\n|-unboost|p2a: TATAKAE|def|1\n|-boost|p2a: TATAKAE|spe|2\n|-sidestart|p2: ratiogod64|move: Stealth Rock\n|move|p2a: TATAKAE|Bitter Blade|p1a: Hachiman\n|-damage|p1a: Hachiman|0 fnt\n|-heal|p2a: TATAKAE|62\/100|[from] drain|[of] p1a: Hachiman\n|faint|p1a: Hachiman\n|\n|-weather|none\n|upkeep\n|\n|t:|1700768467\n|switch|p1a: Erebus|Lokix, M|100\/100\n|turn|6\n|\n|t:|1700768470\n|move|p1a: Erebus|Sucker Punch|p2a: TATAKAE\n|-supereffective|p2a: TATAKAE\n|-damage|p2a: TATAKAE|0 fnt\n|faint|p2a: TATAKAE\n|\n|upkeep\n|inactive|ratiogod64 has 120 seconds left.\n|\n|t:|1700768505\n|switch|p2a: Kingambit|Kingambit, M|100\/100\n|-damage|p2a: Kingambit|94\/100|[from] Stealth Rock\n|-activate|p2a: Kingambit|ability: Supreme Overlord\n|-start|p2a: Kingambit|fallen1|[silent]\n|turn|7\n|\n|t:|1700768510\n|move|p1a: Erebus|Low Kick|p2a: Kingambit\n|-supereffective|p2a: Kingambit\n|-damage|p2a: Kingambit|43\/100\n|move|p2a: Kingambit|Swords Dance|p2a: Kingambit\n|-boost|p2a: Kingambit|atk|2\n|\n|upkeep\n|turn|8\n|inactive|ratiogod64 has 120 seconds left.\n|inactive|ratiogod64 has 90 seconds left.\n|\n|t:|1700768565\n|-terastallize|p2a: Kingambit|Flying\n|move|p1a: Erebus|Sucker Punch|p2a: Kingambit\n|-damage|p2a: Kingambit|30\/100\n|move|p2a: Kingambit|Low Kick|p1a: Erebus\n|-damage|p1a: Erebus|50\/100\n|\n|-sideend|p2: ratiogod64|move: Aurora Veil\n|upkeep\n|turn|9\n|inactive|ratiogod64 has 90 seconds left.\n|c|\u2606ratiogod64|yo wtf WHY MY MOVE SO WEAK\n|\n|t:|1700768586\n|move|p2a: Kingambit|Sucker Punch||[still]\n|-fail|p2a: Kingambit\n|move|p1a: Erebus|Taunt|p2a: Kingambit\n|-start|p2a: Kingambit|move: Taunt\n|\n|upkeep\n|turn|10\n|\n|t:|1700768593\n|move|p1a: Erebus|Sucker Punch|p2a: Kingambit\n|-damage|p2a: Kingambit|5\/100\n|move|p2a: Kingambit|Iron Head|p1a: Erebus\n|-damage|p1a: Erebus|0 fnt\n|faint|p1a: Erebus\n|\n|upkeep\n|\n|t:|1700768601\n|switch|p1a: Ares|Scizor, M|100\/100\n|turn|11\n|\n|t:|1700768610\n|move|p1a: Ares|Bullet Punch|p2a: Kingambit\n|-damage|p2a: Kingambit|0 fnt\n|faint|p2a: Kingambit\n|-end|p2a: Kingambit|fallen1|[silent]\n|\n|upkeep\n|\n|t:|1700768615\n|switch|p2a: Gholdengo|Gholdengo|100\/100\n|-damage|p2a: Gholdengo|94\/100|[from] Stealth Rock\n|-item|p2a: Gholdengo|Air Balloon\n|turn|12\n|inactive|ratiogod64 has 120 seconds left.\n|c|\u2606ratiogod64|tatakae...\n|\n|t:|1700768623\n|move|p2a: Gholdengo|Nasty Plot|p2a: Gholdengo\n|-boost|p2a: Gholdengo|spa|2\n|move|p1a: Ares|Knock Off|p2a: Gholdengo\n|-supereffective|p2a: Gholdengo\n|-damage|p2a: Gholdengo|11\/100\n|-enditem|p2a: Gholdengo|Air Balloon\n|\n|upkeep\n|turn|13\n|\n|t:|1700768631\n|move|p1a: Ares|Bullet Punch|p2a: Gholdengo\n|-resisted|p2a: Gholdengo\n|-damage|p2a: Gholdengo|0 fnt\n|faint|p2a: Gholdengo\n|\n|upkeep\n|\n|t:|1700768635\n|switch|p2a: Great Tusk|Great Tusk|100\/100\n|-damage|p2a: Great Tusk|98\/100|[from] Stealth Rock\n|turn|14\n|\n|t:|1700768655\n|-terastallize|p1a: Ares|Water\n|move|p2a: Great Tusk|Rapid Spin|p1a: Ares\n|-damage|p1a: Ares|83\/100\n|-boost|p2a: Great Tusk|spe|1\n|-sideend|p2: ratiogod64|Stealth Rock|[from] move: Rapid Spin|[of] p2a: Great Tusk\n|move|p1a: Ares|Swords Dance|p1a: Ares\n|-boost|p1a: Ares|atk|2\n|\n|-heal|p2a: Great Tusk|100\/100|[from] item: Leftovers\n|upkeep\n|turn|15\n|\n|t:|1700768666\n|move|p2a: Great Tusk|Earthquake|p1a: Ares\n|-damage|p1a: Ares|29\/100\n|move|p1a: Ares|Trailblaze|p2a: Great Tusk\n|-supereffective|p2a: Great Tusk\n|-damage|p2a: Great Tusk|17\/100\n|-boost|p1a: Ares|spe|1\n|-heal|p1a: Ares|40\/100|[from] item: Shell Bell|[of] p2a: Great Tusk\n|\n|-heal|p2a: Great Tusk|24\/100|[from] item: Leftovers\n|upkeep\n|turn|16\n|\n|t:|1700768677\n|move|p1a: Ares|Bullet Punch|p2a: Great Tusk\n|-damage|p2a: Great Tusk|0 fnt\n|faint|p2a: Great Tusk\n|-end|p2a: Great Tusk|Protosynthesis|[silent]\n|-heal|p1a: Ares|43\/100|[from] item: Shell Bell|[of] p2: Great Tusk\n|\n|upkeep\n|c|\u2606ratiogod64|so sugoi...\n|\n|t:|1700768681\n|switch|p2a: Ogerpon|Ogerpon-Wellspring, F|100\/100\n|turn|17\n|\n|t:|1700768690\n|move|p1a: Ares|Bullet Punch|p2a: Ogerpon\n|-resisted|p2a: Ogerpon\n|-damage|p2a: Ogerpon|54\/100\n|-heal|p1a: Ares|48\/100|[from] item: Shell Bell|[of] p2a: Ogerpon\n|move|p2a: Ogerpon|Trailblaze|p1a: Ares\n|-supereffective|p1a: Ares\n|-damage|p1a: Ares|0 fnt\n|-boost|p2a: Ogerpon|spe|1\n|faint|p1a: Ares\n|\n|upkeep\n|\n|t:|1700768697\n|switch|p1a: Nidhogg|Yanmega, M|100\/100\n|turn|18\n|\n|t:|1700768703\n|move|p1a: Nidhogg|Protect|p1a: Nidhogg\n|-singleturn|p1a: Nidhogg|Protect\n|move|p2a: Ogerpon|Ivy Cudgel|p1a: Nidhogg|[anim] Ivy Cudgel Water\n|-activate|p1a: Nidhogg|move: Protect\n|\n|-ability|p1a: Nidhogg|Speed Boost|boost\n|-boost|p1a: Nidhogg|spe|1\n|upkeep\n|turn|19\n|\n|t:|1700768712\n|move|p2a: Ogerpon|Ivy Cudgel|p1a: Nidhogg|[anim] Ivy Cudgel Water\n|-damage|p1a: Nidhogg|26\/100\n|move|p1a: Nidhogg|Bug Buzz|p2a: Ogerpon\n|-supereffective|p2a: Ogerpon\n|-damage|p2a: Ogerpon|0 fnt\n|faint|p2a: Ogerpon\n|-enditem|p1a: Nidhogg|Throat Spray\n|-boost|p1a: Nidhogg|spa|1|[from] item: Throat Spray\n|\n|-ability|p1a: Nidhogg|Speed Boost|boost\n|-boost|p1a: Nidhogg|spe|1\n|upkeep\n|\n|t:|1700768717\n|switch|p2a: Ninetales|Ninetales-Alola, F|67\/100\n|-weather|Snow|[from] ability: Snow Warning|[of] p2a: Ninetales\n|turn|20\n|c|\u2606ratiogod64|so sugoi..\n|\n|t:|1700768723\n|move|p1a: Nidhogg|Psychic|p2a: Ninetales\n|-damage|p2a: Ninetales|18\/100\n|move|p2a: Ninetales|Freeze-Dry|p1a: Nidhogg\n|-supereffective|p1a: Nidhogg\n|-damage|p1a: Nidhogg|0 fnt\n|faint|p1a: Nidhogg\n|\n|-weather|Snow|[upkeep]\n|upkeep\n|\n|t:|1700768747\n|switch|p1a: Boreas|Frosmoth, M|100\/100\n|turn|21\n|c|\u2606BugCatcherN8R1X|Stay out the tall grass fool\n|inactive|ratiogod64 has 120 seconds left.\n|l|\u2606BugCatcherN8R1X\n|inactive|BugCatcherN8R1X disconnected and has a minute to reconnect!\n|player|p1|\n|inactive|ratiogod64 has 90 seconds left.\n|j|\u2606BugCatcherN8R1X\n|inactive|BugCatcherN8R1X reconnected.\n|player|p1|BugCatcherN8R1X|bugcatcher-gen4dp\n|inactive|ratiogod64 has 60 seconds left.\n|\n|t:|1700768856\n|move|p2a: Ninetales|Freeze-Dry|p1a: Boreas\n|-resisted|p1a: Boreas\n|-damage|p1a: Boreas|94\/100\n|move|p1a: Boreas|Ice Beam|p2a: Ninetales\n|-resisted|p2a: Ninetales\n|-damage|p2a: Ninetales|0 fnt\n|faint|p2a: Ninetales\n|\n|win|BugCatcherN8R1X\n|raw|BugCatcherN8R1X's rating: 1288 &rarr; <strong>1316<\/strong><br \/>(+28 for winning)\n|raw|ratiogod64's rating: 1326 &rarr; <strong>1304<\/strong><br \/>(-22 for losing)\n|l|\u2606ratiogod64\n|c|\u2606BugCatcherN8R1X|BG\n","uploadtime":1700768878,"views":4,"p1id":"bugcatchern8r1x","p2id":"ratiogod64","formatid":"gen9ou","rating":1304,"private":0,"password":""}