{"id":"gen9ou-1994168134","p1":"Pokample","p2":"edgypunishment","format":"[Gen 9] OU","log":"|j|\u2606Pokample\n|j|\u2606edgypunishment\n|t:|1700414731\n|gametype|singles\n|player|p1|Pokample|2|1035\n|player|p2|edgypunishment|dawn|1135\n|teamsize|p1|6\n|teamsize|p2|6\n|gen|9\n|tier|[Gen 9] OU\n|rated|\n|rule|Sleep Clause Mod: Limit one foe put to sleep\n|rule|Species Clause: Limit one of each Pok\u00e9mon\n|rule|OHKO Clause: OHKO moves are banned\n|rule|Evasion Items Clause: Evasion items are banned\n|rule|Evasion Moves Clause: Evasion moves are banned\n|rule|Endless Battle Clause: Forcing endless battles is banned\n|rule|HP Percentage Mod: HP is shown in percentages\n|clearpoke\n|poke|p1|Lucario, F|\n|poke|p1|Toedscruel, F|\n|poke|p1|Quagsire, F|\n|poke|p1|Iron Jugulis|\n|poke|p1|Gengar, M|\n|poke|p1|Tinkaton, F|\n|poke|p2|Mabosstiff, F|\n|poke|p2|Kingambit, F|\n|poke|p2|Grimmsnarl, M|\n|poke|p2|Iron Jugulis|\n|poke|p2|Sableye, F|\n|poke|p2|Overqwil, F|\n|teampreview\n|\n|t:|1700414737\n|start\n|switch|p1a: Quagsire|Quagsire, F|100\/100\n|switch|p2a: Mabosstiff|Mabosstiff, F|100\/100\n|turn|1\n|\n|t:|1700414745\n|move|p2a: Mabosstiff|Trailblaze|p1a: Quagsire\n|-supereffective|p1a: Quagsire\n|-damage|p1a: Quagsire|54\/100\n|-boost|p2a: Mabosstiff|spe|1\n|move|p1a: Quagsire|Toxic|p2a: Mabosstiff\n|-status|p2a: Mabosstiff|tox\n|\n|-heal|p1a: Quagsire|60\/100|[from] item: Leftovers\n|-damage|p2a: Mabosstiff|94\/100 tox|[from] psn\n|upkeep\n|turn|2\n|\n|t:|1700414756\n|move|p2a: Mabosstiff|Jaw Lock|p1a: Quagsire\n|-damage|p1a: Quagsire|29\/100\n|-activate|p2a: Mabosstiff|trapped\n|-activate|p1a: Quagsire|trapped\n|move|p1a: Quagsire|Recover|p1a: Quagsire\n|-heal|p1a: Quagsire|79\/100\n|\n|-heal|p1a: Quagsire|86\/100|[from] item: Leftovers\n|-damage|p2a: Mabosstiff|82\/100 tox|[from] psn\n|upkeep\n|turn|3\n|\n|t:|1700414772\n|move|p2a: Mabosstiff|Trailblaze|p1a: Quagsire\n|-supereffective|p1a: Quagsire\n|-damage|p1a: Quagsire|36\/100\n|-boost|p2a: Mabosstiff|spe|1\n|move|p1a: Quagsire|Earthquake|p2a: Mabosstiff\n|-damage|p2a: Mabosstiff|53\/100 tox\n|\n|-heal|p1a: Quagsire|42\/100|[from] item: Leftovers\n|-damage|p2a: Mabosstiff|35\/100 tox|[from] psn\n|upkeep\n|turn|4\n|\n|t:|1700414785\n|move|p2a: Mabosstiff|Trailblaze|p1a: Quagsire\n|-supereffective|p1a: Quagsire\n|-damage|p1a: Quagsire|0 fnt\n|-boost|p2a: Mabosstiff|spe|1\n|faint|p1a: Quagsire\n|\n|-damage|p2a: Mabosstiff|10\/100 tox|[from] psn\n|upkeep\n|\n|t:|1700414794\n|switch|p1a: Lucario|Lucario, F|100\/100\n|turn|5\n|\n|t:|1700414801\n|move|p2a: Mabosstiff|Fire Fang|p1a: Lucario\n|-supereffective|p1a: Lucario\n|-damage|p1a: Lucario|24\/100\n|move|p1a: Lucario|Swords Dance|p1a: Lucario\n|-boost|p1a: Lucario|atk|2\n|\n|-damage|p2a: Mabosstiff|0 fnt|[from] psn\n|faint|p2a: Mabosstiff\n|upkeep\n|\n|t:|1700414818\n|switch|p2a: Sableye|Sableye, F|100\/100\n|turn|6\n|\n|t:|1700414822\n|move|p1a: Lucario|Bullet Punch|p2a: Sableye\n|-damage|p2a: Sableye|26\/100\n|-damage|p1a: Lucario|8\/100|[from] item: Rocky Helmet|[of] p2a: Sableye\n|-damage|p1a: Lucario|0 fnt|[from] item: Life Orb\n|faint|p1a: Lucario\n|move|p2a: Sableye|Will-O-Wisp|p1: Lucario|[notarget]\n|-fail|p2a: Sableye\n|\n|upkeep\n|\n|t:|1700414832\n|switch|p1a: Iron Jugulis|Iron Jugulis|100\/100\n|turn|7\n|\n|t:|1700414844\n|move|p2a: Sableye|Will-O-Wisp|p1a: Iron Jugulis\n|-hint|Since gen 7, Dark is immune to Prankster moves.\n|-immune|p1a: Iron Jugulis\n|move|p1a: Iron Jugulis|U-turn|p2a: Sableye\n|-damage|p2a: Sableye|9\/100\n|-damage|p1a: Iron Jugulis|84\/100|[from] item: Rocky Helmet|[of] p2a: Sableye\n|\n|t:|1700414856\n|-end|p1a: Iron Jugulis|Quark Drive|[silent]\n|switch|p1a: Tinkaton|Tinkaton, F|100\/100|[from] U-turn\n|-ability|p1a: Tinkaton|Mold Breaker\n|\n|upkeep\n|turn|8\n|\n|t:|1700414865\n|move|p2a: Sableye|Will-O-Wisp|p1a: Tinkaton|[miss]\n|-miss|p2a: Sableye|p1a: Tinkaton\n|move|p1a: Tinkaton|Play Rough|p2a: Sableye\n|-supereffective|p2a: Sableye\n|-damage|p2a: Sableye|0 fnt\n|-damage|p1a: Tinkaton|84\/100|[from] item: Rocky Helmet|[of] p2a: Sableye\n|faint|p2a: Sableye\n|\n|-heal|p1a: Tinkaton|90\/100|[from] item: Leftovers\n|upkeep\n|inactive|Battle timer is ON: inactive players will automatically lose when time's up. (requested by Pokample)\n|\n|t:|1700414904\n|switch|p2a: Overqwil|Overqwil, F|100\/100\n|-ability|p2a: Overqwil|Intimidate|boost\n|-unboost|p1a: Tinkaton|atk|1\n|-item|p2a: Overqwil|Air Balloon\n|turn|9\n|\n|t:|1700414918\n|-terastallize|p1a: Tinkaton|Ghost\n|move|p1a: Tinkaton|Play Rough|p2a: Overqwil\n|-damage|p2a: Overqwil|77\/100\n|-enditem|p2a: Overqwil|Air Balloon\n|move|p2a: Overqwil|Liquidation|p1a: Tinkaton\n|-damage|p1a: Tinkaton|59\/100\n|\n|-heal|p1a: Tinkaton|65\/100|[from] item: Leftovers\n|upkeep\n|turn|10\n|\n|t:|1700414932\n|move|p1a: Tinkaton|Encore|p2a: Overqwil\n|-start|p2a: Overqwil|Encore\n|move|p2a: Overqwil|Liquidation|p1a: Tinkaton\n|-damage|p1a: Tinkaton|32\/100\n|\n|-heal|p1a: Tinkaton|38\/100|[from] item: Leftovers\n|upkeep\n|turn|11\n|\n|t:|1700414941\n|move|p1a: Tinkaton|Stealth Rock|p2a: Overqwil\n|-sidestart|p2: edgypunishment|move: Stealth Rock\n|move|p2a: Overqwil|Liquidation|p1a: Tinkaton\n|-damage|p1a: Tinkaton|5\/100\n|\n|-heal|p1a: Tinkaton|11\/100|[from] item: Leftovers\n|upkeep\n|turn|12\n|\n|t:|1700414950\n|move|p1a: Tinkaton|Play Rough|p2a: Overqwil\n|-damage|p2a: Overqwil|58\/100\n|move|p2a: Overqwil|Liquidation|p1a: Tinkaton\n|-damage|p1a: Tinkaton|0 fnt\n|faint|p1a: Tinkaton\n|\n|-end|p2a: Overqwil|Encore\n|upkeep\n|\n|t:|1700414960\n|switch|p1a: Iron Jugulis|Iron Jugulis|84\/100\n|turn|13\n|\n|t:|1700414971\n|move|p1a: Iron Jugulis|Earth Power|p2a: Overqwil\n|-supereffective|p2a: Overqwil\n|-damage|p2a: Overqwil|0 fnt\n|faint|p2a: Overqwil\n|\n|upkeep\n|\n|t:|1700414985\n|switch|p2a: Iron Jugulis|Iron Jugulis|100\/100\n|-damage|p2a: Iron Jugulis|76\/100|[from] Stealth Rock\n|-enditem|p2a: Iron Jugulis|Booster Energy\n|-activate|p2a: Iron Jugulis|ability: Quark Drive|[fromitem]\n|-start|p2a: Iron Jugulis|quarkdrivespe\n|turn|14\n|\n|t:|1700415003\n|-end|p1a: Iron Jugulis|Quark Drive|[silent]\n|switch|p1a: Gengar|Gengar, M|100\/100\n|move|p2a: Iron Jugulis|Work Up|p2a: Iron Jugulis\n|-boost|p2a: Iron Jugulis|atk|1\n|-boost|p2a: Iron Jugulis|spa|1\n|\n|upkeep\n|turn|15\n|\n|t:|1700415014\n|move|p1a: Gengar|Focus Blast|p2a: Iron Jugulis|[miss]\n|-miss|p1a: Gengar|p2a: Iron Jugulis\n|move|p2a: Iron Jugulis|Dark Pulse|p1a: Gengar\n|-supereffective|p1a: Gengar\n|-damage|p1a: Gengar|0 fnt\n|faint|p1a: Gengar\n|\n|upkeep\n|\n|t:|1700415021\n|switch|p1a: Iron Jugulis|Iron Jugulis|84\/100\n|turn|16\n|\n|t:|1700415028\n|move|p2a: Iron Jugulis|Air Slash|p1a: Iron Jugulis\n|-damage|p1a: Iron Jugulis|18\/100\n|move|p1a: Iron Jugulis|Hurricane|p2a: Iron Jugulis\n|-damage|p2a: Iron Jugulis|0 fnt\n|faint|p2a: Iron Jugulis\n|-end|p2a: Iron Jugulis|Quark Drive|[silent]\n|\n|upkeep\n|\n|t:|1700415038\n|switch|p2a: Kingambit|Kingambit, F|100\/100\n|-damage|p2a: Kingambit|94\/100|[from] Stealth Rock\n|-activate|p2a: Kingambit|ability: Supreme Overlord\n|-start|p2a: Kingambit|fallen4|[silent]\n|turn|17\n|\n|t:|1700415048\n|-end|p1a: Iron Jugulis|Quark Drive|[silent]\n|switch|p1a: Toedscruel|Toedscruel, F|100\/100\n|move|p2a: Kingambit|Swords Dance|p2a: Kingambit\n|-boost|p2a: Kingambit|atk|2\n|\n|-heal|p2a: Kingambit|100\/100|[from] item: Leftovers\n|upkeep\n|turn|18\n|\n|t:|1700415061\n|move|p2a: Kingambit|Kowtow Cleave|p1a: Toedscruel\n|-damage|p1a: Toedscruel|0 fnt\n|faint|p1a: Toedscruel\n|\n|upkeep\n|\n|t:|1700415066\n|switch|p1a: Iron Jugulis|Iron Jugulis|18\/100\n|turn|19\n|\n|t:|1700415070\n|-terastallize|p2a: Kingambit|Dark\n|move|p2a: Kingambit|Sucker Punch|p1a: Iron Jugulis\n|-resisted|p1a: Iron Jugulis\n|-damage|p1a: Iron Jugulis|0 fnt\n|faint|p1a: Iron Jugulis\n|-end|p1a: Iron Jugulis|Quark Drive|[silent]\n|\n|win|edgypunishment\n|raw|Pokample's rating: 1035 &rarr; <strong>1024<\/strong><br \/>(-11 for losing)\n|raw|edgypunishment's rating: 1135 &rarr; <strong>1153<\/strong><br \/>(+18 for winning)\n|l|\u2606Pokample\n|l|\u2606edgypunishment\n|j|\u2606edgypunishment\n|player|p2|edgypunishment|dawn\n","uploadtime":1700415078,"views":10,"p1id":"pokample","p2id":"edgypunishment","formatid":"gen9ou","rating":1024,"private":0,"password":""}