{"id":"gen9ou-1994122004","p1":"not mishmesh","p2":"RaidenShowgun","format":"[Gen 9] OU","log":"|j|\u2606not mishmesh\n|j|\u2606RaidenShowgun\n|t:|1700409481\n|gametype|singles\n|player|p1|not mishmesh|ninjaboy|\n|player|p2|RaidenShowgun|acetrainersnowf|\n|teamsize|p1|6\n|teamsize|p2|6\n|gen|9\n|tier|[Gen 9] OU\n|rule|Sleep Clause Mod: Limit one foe put to sleep\n|rule|Species Clause: Limit one of each Pok\u00e9mon\n|rule|OHKO Clause: OHKO moves are banned\n|rule|Evasion Items Clause: Evasion items are banned\n|rule|Evasion Moves Clause: Evasion moves are banned\n|rule|Endless Battle Clause: Forcing endless battles is banned\n|rule|HP Percentage Mod: HP is shown in percentages\n|clearpoke\n|poke|p1|Moltres|\n|poke|p1|Ogerpon-Wellspring, F|\n|poke|p1|Great Tusk|\n|poke|p1|Clefable, F|\n|poke|p1|Ting-Lu|\n|poke|p1|Dragapult, F|\n|poke|p2|Amoonguss, F|\n|poke|p2|Gholdengo|\n|poke|p2|Zamazenta-*|\n|poke|p2|Ting-Lu|\n|poke|p2|Zapdos|\n|poke|p2|Slowking, M|\n|teampreview\n|c|\u2606not mishmesh|glhf\n|c|\u2606RaidenShowgun|HF\n|\n|t:|1700409506\n|start\n|switch|p1a: Dragapult|Dragapult, F|100\/100\n|switch|p2a: Amoonguss|Amoonguss, F|100\/100\n|turn|1\n|\n|t:|1700409514\n|move|p1a: Dragapult|Draco Meteor|p2a: Amoonguss|[miss]\n|-miss|p1a: Dragapult|p2a: Amoonguss\n|move|p2a: Amoonguss|Spore|p1a: Dragapult\n|-status|p1a: Dragapult|slp|[from] move: Spore\n|\n|upkeep\n|turn|2\n|c|\u2606not mishmesh|cool cool\n|\n|t:|1700409526\n|switch|p1a: Moltres|Moltres|100\/100\n|move|p2a: Amoonguss|Sludge Bomb|p1a: Moltres\n|-damage|p1a: Moltres|82\/100\n|-status|p1a: Moltres|psn\n|\n|-damage|p1a: Moltres|70\/100 psn|[from] psn\n|upkeep\n|turn|3\n|\n|t:|1700409531\n|switch|p2a: Slowking|Slowking, M|100\/100\n|move|p1a: Moltres|U-turn|p2a: Slowking\n|-supereffective|p2a: Slowking\n|-damage|p2a: Slowking|70\/100\n|\n|t:|1700409534\n|switch|p1a: Ogerpon|Ogerpon-Wellspring, F|100\/100|[from] U-turn\n|\n|upkeep\n|turn|4\n|\n|t:|1700409542\n|switch|p2a: Amoonguss|Amoonguss, F|100\/100\n|move|p1a: Ogerpon|Knock Off|p2a: Amoonguss\n|-damage|p2a: Amoonguss|71\/100\n|-enditem|p2a: Amoonguss|Heavy-Duty Boots|[from] move: Knock Off|[of] p1a: Ogerpon\n|\n|upkeep\n|turn|5\n|\n|t:|1700409546\n|switch|p1a: Moltres|Moltres|70\/100 psn\n|move|p2a: Amoonguss|Sludge Bomb|p1a: Moltres\n|-damage|p1a: Moltres|50\/100 psn\n|\n|-damage|p1a: Moltres|38\/100 psn|[from] psn\n|upkeep\n|turn|6\n|\n|t:|1700409552\n|switch|p2a: Slowking|Slowking, M|100\/100\n|move|p1a: Moltres|Roost|p1a: Moltres\n|-heal|p1a: Moltres|88\/100 psn\n|-singleturn|p1a: Moltres|move: Roost\n|\n|-damage|p1a: Moltres|75\/100 psn|[from] psn\n|upkeep\n|turn|7\n|\n|t:|1700409557\n|move|p1a: Moltres|U-turn|p2a: Slowking\n|-supereffective|p2a: Slowking\n|-damage|p2a: Slowking|68\/100\n|\n|t:|1700409559\n|switch|p1a: Ogerpon|Ogerpon-Wellspring, F|100\/100|[from] U-turn\n|move|p2a: Slowking|Chilly Reception|p2a: Slowking\n|-weather|Snow\n|\n|t:|1700409571\n|switch|p2a: Amoonguss|Amoonguss, F|100\/100|[from] Chilly Reception\n|\n|-weather|Snow|[upkeep]\n|upkeep\n|turn|8\n|\n|t:|1700409574\n|switch|p1a: Moltres|Moltres|75\/100 psn\n|move|p2a: Amoonguss|Sludge Bomb|p1a: Moltres\n|-damage|p1a: Moltres|56\/100 psn\n|\n|-weather|Snow|[upkeep]\n|-damage|p1a: Moltres|44\/100 psn|[from] psn\n|upkeep\n|turn|9\n|\n|t:|1700409579\n|switch|p2a: Zapdos|Zapdos|100\/100\n|move|p1a: Moltres|Roost|p1a: Moltres\n|-heal|p1a: Moltres|94\/100 psn\n|-singleturn|p1a: Moltres|move: Roost\n|\n|-weather|Snow|[upkeep]\n|-damage|p1a: Moltres|82\/100 psn|[from] psn\n|upkeep\n|turn|10\n|\n|t:|1700409585\n|switch|p1a: Ting-Lu|Ting-Lu|100\/100\n|-ability|p1a: Ting-Lu|Vessel of Ruin\n|move|p2a: Zapdos|Weather Ball|p1a: Ting-Lu\n|-supereffective|p1a: Ting-Lu\n|-damage|p1a: Ting-Lu|70\/100\n|\n|-weather|Snow|[upkeep]\n|-heal|p1a: Ting-Lu|76\/100|[from] item: Leftovers\n|upkeep\n|turn|11\n|\n|t:|1700409591\n|move|p2a: Zapdos|Weather Ball|p1a: Ting-Lu\n|-supereffective|p1a: Ting-Lu\n|-damage|p1a: Ting-Lu|49\/100\n|move|p1a: Ting-Lu|Spikes|p2a: Zapdos\n|-sidestart|p2: RaidenShowgun|Spikes\n|\n|-weather|none\n|-heal|p1a: Ting-Lu|55\/100|[from] item: Leftovers\n|upkeep\n|turn|12\n|\n|t:|1700409601\n|move|p2a: Zapdos|Hurricane|p1a: Ting-Lu\n|-damage|p1a: Ting-Lu|30\/100\n|move|p1a: Ting-Lu|Spikes|p2a: Zapdos\n|-sidestart|p2: RaidenShowgun|Spikes\n|\n|-heal|p1a: Ting-Lu|36\/100|[from] item: Leftovers\n|upkeep\n|turn|13\n|\n|t:|1700409607\n|move|p2a: Zapdos|Hurricane|p1a: Ting-Lu\n|-damage|p1a: Ting-Lu|13\/100\n|-start|p1a: Ting-Lu|confusion\n|-activate|p1a: Ting-Lu|confusion\n|-damage|p1a: Ting-Lu|7\/100|[from] confusion\n|\n|-heal|p1a: Ting-Lu|14\/100|[from] item: Leftovers\n|upkeep\n|turn|14\n|c|\u2606not mishmesh|damn\n|\n|t:|1700409616\n|move|p2a: Zapdos|Hurricane|p1a: Ting-Lu\n|-damage|p1a: Ting-Lu|0 fnt\n|faint|p1a: Ting-Lu\n|\n|upkeep\n|c|\u2606not mishmesh|not my game\n|\n|t:|1700409625\n|switch|p1a: Clefable|Clefable, F|100\/100\n|turn|15\n|\n|t:|1700409630\n|move|p2a: Zapdos|Volt Switch|p1a: Clefable\n|-damage|p1a: Clefable|69\/100\n|\n|t:|1700409632\n|switch|p2a: Slowking|Slowking, M|100\/100|[from] Volt Switch\n|move|p1a: Clefable|Wish|p1a: Clefable\n|\n|-heal|p1a: Clefable|75\/100|[from] item: Leftovers\n|upkeep\n|turn|16\n|\n|t:|1700409637\n|move|p1a: Clefable|Moonblast|p2a: Slowking\n|-damage|p2a: Slowking|81\/100\n|-unboost|p2a: Slowking|spa|1\n|move|p2a: Slowking|Future Sight|p1a: Clefable\n|-start|p2a: Slowking|move: Future Sight\n|\n|-heal|p1a: Clefable|100\/100|[from] move: Wish|[wisher] Clefable\n|upkeep\n|turn|17\n|\n|t:|1700409643\n|move|p1a: Clefable|Encore|p2a: Slowking\n|-start|p2a: Slowking|Encore\n|move|p2a: Slowking|Future Sight||[still]\n|-fail|p2a: Slowking\n|\n|upkeep\n|turn|18\n|\n|t:|1700409649\n|switch|p2a: Amoonguss|Amoonguss, F|100\/100\n|-damage|p2a: Amoonguss|84\/100|[from] Spikes\n|move|p1a: Clefable|Wish|p1a: Clefable\n|\n|-end|p1a: Clefable|move: Future Sight\n|-damage|p1a: Clefable|60\/100\n|-heal|p1a: Clefable|66\/100|[from] item: Leftovers\n|upkeep\n|turn|19\n|\n|t:|1700409655\n|move|p1a: Clefable|Protect|p1a: Clefable\n|-singleturn|p1a: Clefable|Protect\n|move|p2a: Amoonguss|Sludge Bomb|p1a: Clefable\n|-activate|p1a: Clefable|move: Protect\n|\n|-heal|p1a: Clefable|100\/100|[from] move: Wish|[wisher] Clefable\n|upkeep\n|turn|20\n|\n|t:|1700409663\n|switch|p1a: Dragapult|Dragapult, F|100\/100 slp\n|switch|p2a: Ting-Lu|Ting-Lu|100\/100\n|-ability|p2a: Ting-Lu|Vessel of Ruin\n|\n|upkeep\n|turn|21\n|\n|t:|1700409666\n|switch|p1a: Great Tusk|Great Tusk|100\/100\n|move|p2a: Ting-Lu|Ruination|p1a: Great Tusk|[miss]\n|-miss|p2a: Ting-Lu|p1a: Great Tusk\n|\n|upkeep\n|turn|22\n|\n|t:|1700409670\n|switch|p2a: Zapdos|Zapdos|100\/100\n|move|p1a: Great Tusk|Knock Off|p2a: Zapdos\n|-damage|p2a: Zapdos|69\/100\n|-enditem|p2a: Zapdos|Heavy-Duty Boots|[from] move: Knock Off|[of] p1a: Great Tusk\n|\n|upkeep\n|turn|23\n|\n|t:|1700409676\n|-end|p1a: Great Tusk|Protosynthesis|[silent]\n|switch|p1a: Clefable|Clefable, F|100\/100\n|move|p2a: Zapdos|Hurricane|p1a: Clefable\n|-damage|p1a: Clefable|48\/100\n|\n|-heal|p1a: Clefable|54\/100|[from] item: Leftovers\n|upkeep\n|turn|24\n|\n|t:|1700409680\n|move|p2a: Zapdos|Volt Switch|p1a: Clefable\n|-damage|p1a: Clefable|17\/100\n|\n|t:|1700409684\n|switch|p2a: Gholdengo|Gholdengo|100\/100|[from] Volt Switch\n|-damage|p2a: Gholdengo|84\/100|[from] Spikes\n|move|p1a: Clefable|Wish|p1a: Clefable\n|\n|-heal|p1a: Clefable|23\/100|[from] item: Leftovers\n|upkeep\n|turn|25\n|\n|t:|1700409689\n|move|p1a: Clefable|Protect|p1a: Clefable\n|-singleturn|p1a: Clefable|Protect\n|move|p2a: Gholdengo|Shadow Ball|p1a: Clefable\n|-activate|p1a: Clefable|move: Protect\n|\n|-heal|p1a: Clefable|73\/100|[from] move: Wish|[wisher] Clefable\n|-heal|p1a: Clefable|79\/100|[from] item: Leftovers\n|upkeep\n|turn|26\n|\n|t:|1700409692\n|switch|p1a: Moltres|Moltres|82\/100 psn\n|move|p2a: Gholdengo|Shadow Ball|p1a: Moltres\n|-damage|p1a: Moltres|33\/100 psn\n|\n|-damage|p1a: Moltres|21\/100 psn|[from] psn\n|upkeep\n|turn|27\n|\n|t:|1700409699\n|move|p2a: Gholdengo|Shadow Ball|p1a: Moltres\n|-damage|p1a: Moltres|0 fnt\n|faint|p1a: Moltres\n|\n|upkeep\n|\n|t:|1700409701\n|switch|p1a: Ogerpon|Ogerpon-Wellspring, F|100\/100\n|turn|28\n|\n|t:|1700409705\n|switch|p2a: Amoonguss|Amoonguss, F|100\/100\n|-damage|p2a: Amoonguss|84\/100|[from] Spikes\n|-terastallize|p1a: Ogerpon|Water\n|detailschange|p1a: Ogerpon|Ogerpon-Wellspring-Tera, F, tera:Water\n|-ability|p1a: Ogerpon|Embody Aspect (Wellspring)|boost\n|-boost|p1a: Ogerpon|spd|1\n|move|p1a: Ogerpon|Ivy Cudgel|p2a: Amoonguss|[anim] Ivy Cudgel Water\n|-resisted|p2a: Amoonguss\n|-damage|p2a: Amoonguss|54\/100\n|\n|upkeep\n|turn|29\n|\n|t:|1700409711\n|move|p1a: Ogerpon|Ivy Cudgel|p2a: Amoonguss|[anim] Ivy Cudgel Water\n|-resisted|p2a: Amoonguss\n|-damage|p2a: Amoonguss|25\/100\n|move|p2a: Amoonguss|Giga Drain|p1a: Ogerpon\n|-supereffective|p1a: Ogerpon\n|-damage|p1a: Ogerpon|65\/100\n|-heal|p2a: Amoonguss|37\/100|[from] drain|[of] p1a: Ogerpon\n|\n|upkeep\n|turn|30\n|\n|t:|1700409716\n|move|p1a: Ogerpon|Ivy Cudgel|p2a: Amoonguss|[anim] Ivy Cudgel Water\n|-resisted|p2a: Amoonguss\n|-damage|p2a: Amoonguss|7\/100\n|move|p2a: Amoonguss|Giga Drain|p1a: Ogerpon\n|-supereffective|p1a: Ogerpon\n|-damage|p1a: Ogerpon|30\/100\n|-heal|p2a: Amoonguss|19\/100|[from] drain|[of] p1a: Ogerpon\n|\n|upkeep\n|turn|31\n|\n|t:|1700409735\n|switch|p2a: Zamazenta|Zamazenta|100\/100\n|-ability|p2a: Zamazenta|Dauntless Shield|boost\n|-boost|p2a: Zamazenta|def|1\n|move|p1a: Ogerpon|Ivy Cudgel|p2a: Zamazenta|[anim] Ivy Cudgel Water\n|-damage|p2a: Zamazenta|55\/100\n|\n|upkeep\n|turn|32\n|\n|t:|1700409740\n|switch|p1a: Great Tusk|Great Tusk|100\/100\n|move|p2a: Zamazenta|Close Combat|p1a: Great Tusk\n|-damage|p1a: Great Tusk|70\/100\n|-unboost|p2a: Zamazenta|def|1\n|-unboost|p2a: Zamazenta|spd|1\n|-damage|p2a: Zamazenta|38\/100|[from] item: Rocky Helmet|[of] p1a: Great Tusk\n|\n|upkeep\n|turn|33\n|\n|t:|1700409747\n|switch|p2a: Zapdos|Zapdos|69\/100\n|move|p1a: Great Tusk|Stealth Rock|p2a: Zapdos\n|-sidestart|p2: RaidenShowgun|move: Stealth Rock\n|\n|upkeep\n|turn|34\n|\n|t:|1700409754\n|-end|p1a: Great Tusk|Protosynthesis|[silent]\n|switch|p1a: Clefable|Clefable, F|79\/100\n|move|p2a: Zapdos|Hurricane|p1a: Clefable\n|-damage|p1a: Clefable|22\/100\n|\n|-heal|p1a: Clefable|28\/100|[from] item: Leftovers\n|upkeep\n|turn|35\n|c|\u2606not mishmesh|miss rn\n|\n|t:|1700409760\n|move|p2a: Zapdos|Volt Switch|p1a: Clefable\n|-damage|p1a: Clefable|0 fnt\n|faint|p1a: Clefable\n|c|\u2606not mishmesh|nvm\n|c|\u2606RaidenShowgun|lool\n|\n|t:|1700409770\n|switch|p2a: Amoonguss|Amoonguss, F|52\/100|[from] Volt Switch\n|-damage|p2a: Amoonguss|36\/100|[from] Spikes\n|-damage|p2a: Amoonguss|23\/100|[from] Stealth Rock\n|\n|upkeep\n|c|\u2606not mishmesh|just saying\n|c|\u2606not mishmesh|i had rest ting lu\n|c|\u2606not mishmesh|i had rest ting lu\n|c|\u2606RaidenShowgun|xd\n|\n|t:|1700409785\n|switch|p1a: Ogerpon|Ogerpon-Wellspring-Tera, F, tera:Water|30\/100\n|-ability|p1a: Ogerpon|Embody Aspect (Wellspring)|boost\n|-boost|p1a: Ogerpon|spd|1\n|turn|36\n|c|\u2606not mishmesh|confusion fucked me\n|\n|t:|1700409800\n|move|p1a: Ogerpon|Ivy Cudgel|p2a: Amoonguss|[anim] Ivy Cudgel Water\n|-resisted|p2a: Amoonguss\n|-damage|p2a: Amoonguss|0 fnt\n|faint|p2a: Amoonguss\n|\n|upkeep\n|\n|t:|1700409803\n|switch|p2a: Zamazenta|Zamazenta|38\/100\n|turn|37\n|\n|t:|1700409812\n|switch|p1a: Great Tusk|Great Tusk|70\/100\n|move|p2a: Zamazenta|Close Combat|p1a: Great Tusk\n|-damage|p1a: Great Tusk|41\/100\n|-unboost|p2a: Zamazenta|def|1\n|-unboost|p2a: Zamazenta|spd|1\n|-damage|p2a: Zamazenta|22\/100|[from] item: Rocky Helmet|[of] p1a: Great Tusk\n|\n|upkeep\n|turn|38\n|\n|t:|1700409824\n|switch|p2a: Slowking|Slowking, M|100\/100\n|-end|p1a: Great Tusk|Protosynthesis|[silent]\n|switch|p1a: Ogerpon|Ogerpon-Wellspring-Tera, F, tera:Water|30\/100\n|-ability|p1a: Ogerpon|Embody Aspect (Wellspring)|boost\n|-boost|p1a: Ogerpon|spd|1\n|\n|upkeep\n|turn|39\n|\n|t:|1700409830\n|move|p1a: Ogerpon|Synthesis|p1a: Ogerpon\n|-heal|p1a: Ogerpon|80\/100\n|move|p2a: Slowking|Chilly Reception|p2a: Slowking\n|-weather|Snow\n|c|\u2606RaidenShowgun|ur still gonna win lol\n|\n|t:|1700409841\n|switch|p2a: Zamazenta|Zamazenta|22\/100|[from] Chilly Reception\n|\n|-weather|Snow|[upkeep]\n|upkeep\n|turn|40\n|c|\u2606not mishmesh|maybe\n|\n|t:|1700409846\n|switch|p1a: Great Tusk|Great Tusk|41\/100\n|move|p2a: Zamazenta|Close Combat|p1a: Great Tusk\n|-damage|p1a: Great Tusk|13\/100\n|-unboost|p2a: Zamazenta|def|1\n|-unboost|p2a: Zamazenta|spd|1\n|-damage|p2a: Zamazenta|5\/100|[from] item: Rocky Helmet|[of] p1a: Great Tusk\n|\n|-weather|Snow|[upkeep]\n|upkeep\n|turn|41\n|\n|t:|1700409851\n|switch|p2a: Zapdos|Zapdos|69\/100\n|-damage|p2a: Zapdos|44\/100|[from] Stealth Rock\n|move|p1a: Great Tusk|Rapid Spin|p2a: Zapdos\n|-damage|p2a: Zapdos|26\/100\n|-boost|p1a: Great Tusk|spe|1\n|\n|-weather|Snow|[upkeep]\n|upkeep\n|turn|42\n|\n|t:|1700409861\n|move|p1a: Great Tusk|Earthquake|p2a: Zapdos\n|-immune|p2a: Zapdos\n|move|p2a: Zapdos|Roost|p2a: Zapdos\n|-heal|p2a: Zapdos|76\/100\n|-singleturn|p2a: Zapdos|move: Roost\n|\n|-weather|Snow|[upkeep]\n|upkeep\n|turn|43\n|c|\u2606not mishmesh|nvm\n|c|\u2606not mishmesh|why did i click spin\n|\n|t:|1700409872\n|move|p1a: Great Tusk|Knock Off|p2a: Zapdos\n|-damage|p2a: Zapdos|52\/100\n|move|p2a: Zapdos|Roost|p2a: Zapdos\n|-heal|p2a: Zapdos|100\/100\n|-singleturn|p2a: Zapdos|move: Roost\n|\n|-weather|none\n|upkeep\n|turn|44\n|\n|t:|1700409880\n|move|p1a: Great Tusk|Knock Off|p2a: Zapdos\n|-damage|p2a: Zapdos|78\/100\n|move|p2a: Zapdos|Roost|p2a: Zapdos\n|-heal|p2a: Zapdos|100\/100\n|-singleturn|p2a: Zapdos|move: Roost\n|\n|upkeep\n|turn|45\n|c|\u2606not mishmesh|im so bad\n|\n|t:|1700409885\n|-end|p1a: Great Tusk|Protosynthesis|[silent]\n|switch|p1a: Dragapult|Dragapult, F|100\/100 slp\n|move|p2a: Zapdos|Roost||[still]\n|-fail|p2a: Zapdos|heal\n|\n|upkeep\n|turn|46\n|\n|t:|1700409892\n|cant|p1a: Dragapult|slp\n|move|p2a: Zapdos|Volt Switch|p1a: Dragapult\n|-resisted|p1a: Dragapult\n|-damage|p1a: Dragapult|75\/100 slp\n|\n|t:|1700409893\n|switch|p2a: Ting-Lu|Ting-Lu|100\/100|[from] Volt Switch\n|-ability|p2a: Ting-Lu|Vessel of Ruin\n|\n|upkeep\n|turn|47\n|\n|t:|1700409898\n|switch|p1a: Ogerpon|Ogerpon-Wellspring-Tera, F, tera:Water|80\/100\n|-ability|p1a: Ogerpon|Embody Aspect (Wellspring)|boost\n|-boost|p1a: Ogerpon|spd|1\n|move|p2a: Ting-Lu|Stealth Rock|p1a: Ogerpon\n|-sidestart|p1: not mishmesh|move: Stealth Rock\n|\n|upkeep\n|turn|48\n|\n|t:|1700409902\n|move|p1a: Ogerpon|Ivy Cudgel|p2a: Ting-Lu|[anim] Ivy Cudgel Water\n|-supereffective|p2a: Ting-Lu\n|-crit|p2a: Ting-Lu\n|-damage|p2a: Ting-Lu|0 fnt\n|faint|p2a: Ting-Lu\n|\n|upkeep\n|\n|t:|1700409909\n|switch|p2a: Zamazenta|Zamazenta|5\/100\n|turn|49\n|\n|t:|1700409914\n|switch|p1a: Great Tusk|Great Tusk|13\/100\n|-damage|p1a: Great Tusk|10\/100|[from] Stealth Rock\n|move|p2a: Zamazenta|Stone Edge|p1a: Great Tusk|[miss]\n|-miss|p2a: Zamazenta|p1a: Great Tusk\n|\n|upkeep\n|turn|50\n|\n|t:|1700409923\n|switch|p2a: Gholdengo|Gholdengo|84\/100\n|-damage|p2a: Gholdengo|67\/100|[from] Spikes\n|-damage|p2a: Gholdengo|61\/100|[from] Stealth Rock\n|move|p1a: Great Tusk|Knock Off|p2a: Gholdengo\n|-supereffective|p2a: Gholdengo\n|-damage|p2a: Gholdengo|1\/100\n|-enditem|p2a: Gholdengo|Choice Specs|[from] move: Knock Off|[of] p1a: Great Tusk\n|\n|upkeep\n|turn|51\n|\n|t:|1700409931\n|move|p2a: Gholdengo|Shadow Ball|p1a: Great Tusk\n|-damage|p1a: Great Tusk|0 fnt\n|faint|p1a: Great Tusk\n|-end|p1a: Great Tusk|Protosynthesis|[silent]\n|\n|upkeep\n|\n|t:|1700409935\n|switch|p1a: Ogerpon|Ogerpon-Wellspring-Tera, F, tera:Water|80\/100\n|-damage|p1a: Ogerpon|68\/100|[from] Stealth Rock\n|-ability|p1a: Ogerpon|Embody Aspect (Wellspring)|boost\n|-boost|p1a: Ogerpon|spd|1\n|turn|52\n|\n|t:|1700409940\n|move|p1a: Ogerpon|Ivy Cudgel|p2a: Gholdengo|[anim] Ivy Cudgel Water\n|-damage|p2a: Gholdengo|0 fnt\n|faint|p2a: Gholdengo\n|\n|upkeep\n|\n|t:|1700409941\n|switch|p2a: Zamazenta|Zamazenta|5\/100\n|turn|53\n|c|\u2606not mishmesh|gg\n|\n|t:|1700409944\n|move|p2a: Zamazenta|Close Combat|p1a: Ogerpon\n|-damage|p1a: Ogerpon|0 fnt\n|-unboost|p2a: Zamazenta|def|1\n|-unboost|p2a: Zamazenta|spd|1\n|faint|p1a: Ogerpon\n|\n|upkeep\n|\n|t:|1700409945\n|switch|p1a: Dragapult|Dragapult, F|75\/100 slp\n|-damage|p1a: Dragapult|63\/100 slp|[from] Stealth Rock\n|turn|54\n|\n|t:|1700409948\n|cant|p1a: Dragapult|slp\n|move|p2a: Zamazenta|Crunch|p1a: Dragapult\n|-supereffective|p1a: Dragapult\n|-damage|p1a: Dragapult|0 fnt\n|faint|p1a: Dragapult\n|\n|win|RaidenShowgun\n|c|\u2606RaidenShowgun|g_g\n|c|\u2606not mishmesh|not my game\n","uploadtime":1700409954,"views":7,"p1id":"notmishmesh","p2id":"raidenshowgun","formatid":"gen9ou","rating":0,"private":0,"password":""}