{"id":"gen9ou-1994905093","p1":"fropop","p2":"takingnoteskinda","format":"[Gen 9] OU","log":"|j|\u2606fropop\n|j|\u2606takingnoteskinda\n|t:|1700503405\n|gametype|singles\n|player|p1|fropop|n|1451\n|player|p2|takingnoteskinda|170|1395\n|teamsize|p1|6\n|teamsize|p2|6\n|gen|9\n|tier|[Gen 9] OU\n|rated|\n|rule|Sleep Clause Mod: Limit one foe put to sleep\n|rule|Species Clause: Limit one of each Pok\u00e9mon\n|rule|OHKO Clause: OHKO moves are banned\n|rule|Evasion Items Clause: Evasion items are banned\n|rule|Evasion Moves Clause: Evasion moves are banned\n|rule|Endless Battle Clause: Forcing endless battles is banned\n|rule|HP Percentage Mod: HP is shown in percentages\n|clearpoke\n|poke|p1|Goodra-Hisui, M|\n|poke|p1|Alomomola, M|\n|poke|p1|Rillaboom, M|\n|poke|p1|Zapdos|\n|poke|p1|Cinderace, M|\n|poke|p1|Volcanion|\n|poke|p2|Ribombee, F|\n|poke|p2|Torterra, M|\n|poke|p2|Rillaboom, F|\n|poke|p2|Iron Moth|\n|poke|p2|Manaphy|\n|poke|p2|Gholdengo|\n|teampreview\n|inactive|Battle timer is ON: inactive players will automatically lose when time's up. (requested by fropop)\n|\n|t:|1700503415\n|start\n|switch|p1a: Goodra|Goodra-Hisui, M|100\/100\n|switch|p2a: I set Sticky Web|Ribombee, F, shiny|100\/100\n|turn|1\n|\n|t:|1700503423\n|move|p2a: I set Sticky Web|Sticky Web|p1a: Goodra\n|-sidestart|p1: fropop|move: Sticky Web\n|move|p1a: Goodra|Flash Cannon|p2a: I set Sticky Web\n|-supereffective|p2a: I set Sticky Web\n|-enditem|p2a: I set Sticky Web|Focus Sash\n|-damage|p2a: I set Sticky Web|1\/100\n|\n|upkeep\n|turn|2\n|inactive|takingnoteskinda has 120 seconds left.\n|\n|t:|1700503467\n|move|p2a: I set Sticky Web|Moonblast|p1a: Goodra\n|-damage|p1a: Goodra|83\/100\n|move|p1a: Goodra|Flash Cannon|p2a: I set Sticky Web\n|-supereffective|p2a: I set Sticky Web\n|-damage|p2a: I set Sticky Web|0 fnt\n|faint|p2a: I set Sticky Web\n|\n|upkeep\n|inactive|takingnoteskinda has 90 seconds left.\n|\n|t:|1700503517\n|switch|p2a: Nature\u2019s Nuke|Rillaboom, F|100\/100\n|-fieldstart|move: Grassy Terrain|[from] ability: Grassy Surge|[of] p2a: Nature\u2019s Nuke\n|turn|3\n|\n|t:|1700503544\n|switch|p1a: Cinderace|Cinderace, M|100\/100\n|move|p2a: Nature\u2019s Nuke|Knock Off|p1a: Cinderace\n|-damage|p1a: Cinderace|57\/100\n|-enditem|p1a: Cinderace|Heavy-Duty Boots|[from] move: Knock Off|[of] p2a: Nature\u2019s Nuke\n|\n|-heal|p1a: Cinderace|63\/100|[from] Grassy Terrain\n|upkeep\n|turn|4\n|\n|t:|1700503554\n|switch|p2a: Dyson|Iron Moth|100\/100\n|-enditem|p2a: Dyson|Booster Energy\n|-activate|p2a: Dyson|ability: Quark Drive|[fromitem]\n|-start|p2a: Dyson|quarkdrivespa\n|move|p1a: Cinderace|Court Change|p1a: Cinderace\n|-start|p1a: Cinderace|typechange|Normal|[from] ability: Libero\n|-swapsideconditions\n|-activate|p1a: Cinderace|move: Court Change\n|\n|-heal|p1a: Cinderace|69\/100|[from] Grassy Terrain\n|upkeep\n|turn|5\n|\n|t:|1700503574\n|switch|p1a: Goodra|Goodra-Hisui, M|83\/100\n|move|p2a: Dyson|Fiery Dance|p1a: Goodra\n|-damage|p1a: Goodra|58\/100\n|-boost|p2a: Dyson|spa|1\n|\n|-heal|p1a: Goodra|64\/100|[from] Grassy Terrain\n|upkeep\n|turn|6\n|inactive|takingnoteskinda has 90 seconds left.\n|\n|t:|1700503584\n|move|p2a: Dyson|Substitute|p2a: Dyson\n|-start|p2a: Dyson|Substitute\n|-damage|p2a: Dyson|76\/100\n|move|p1a: Goodra|Earthquake|p2a: Dyson\n|-supereffective|p2a: Dyson\n|-end|p2a: Dyson|Substitute\n|\n|-heal|p2a: Dyson|82\/100|[from] Grassy Terrain\n|-heal|p1a: Goodra|70\/100|[from] Grassy Terrain\n|upkeep\n|turn|7\n|\n|t:|1700503597\n|-terastallize|p2a: Dyson|Ghost\n|move|p2a: Dyson|Fiery Dance|p1a: Goodra\n|-damage|p1a: Goodra|34\/100\n|move|p1a: Goodra|Earthquake|p2a: Dyson\n|-damage|p2a: Dyson|61\/100\n|\n|-heal|p2a: Dyson|67\/100|[from] Grassy Terrain\n|-heal|p1a: Goodra|40\/100|[from] Grassy Terrain\n|-fieldend|move: Grassy Terrain\n|upkeep\n|turn|8\n|\n|t:|1700503613\n|move|p2a: Dyson|Fiery Dance|p1a: Goodra\n|-damage|p1a: Goodra|0 fnt\n|faint|p1a: Goodra\n|\n|upkeep\n|inactive|fropop has 120 seconds left.\n|\n|t:|1700503630\n|switch|p1a: Alomomola|Alomomola, M|100\/100\n|turn|9\n|\n|t:|1700503634\n|move|p2a: Dyson|Sludge Wave|p1a: Alomomola\n|-damage|p1a: Alomomola|0 fnt\n|faint|p1a: Alomomola\n|\n|upkeep\n|inactive|fropop has 120 seconds left.\n|\n|t:|1700503655\n|switch|p1a: Rillaboom|Rillaboom, M|100\/100\n|-fieldstart|move: Grassy Terrain|[from] ability: Grassy Surge|[of] p1a: Rillaboom\n|turn|10\n|\n|t:|1700503669\n|-terastallize|p1a: Rillaboom|Grass\n|move|p1a: Rillaboom|Grassy Glide|p2a: Dyson\n|-damage|p2a: Dyson|0 fnt\n|faint|p2a: Dyson\n|-end|p2a: Dyson|Quark Drive|[silent]\n|\n|upkeep\n|inactive|takingnoteskinda has 120 seconds left.\n|\n|t:|1700503692\n|switch|p2a: Nature\u2019s Nuke|Rillaboom, F|100\/100\n|turn|11\n|inactive|fropop has 120 seconds left.\n|\n|t:|1700503700\n|switch|p1a: Zapdos|Zapdos|100\/100\n|move|p2a: Nature\u2019s Nuke|Knock Off|p1a: Zapdos\n|-damage|p1a: Zapdos|76\/100\n|-enditem|p1a: Zapdos|Heavy-Duty Boots|[from] move: Knock Off|[of] p2a: Nature\u2019s Nuke\n|\n|upkeep\n|turn|12\n|inactive|fropop has 120 seconds left.\n|inactive|takingnoteskinda has 120 seconds left.\n|inactive|takingnoteskinda has 90 seconds left.\n|\n|t:|1700503759\n|move|p2a: Nature\u2019s Nuke|Grassy Glide|p1a: Zapdos\n|-resisted|p1a: Zapdos\n|-damage|p1a: Zapdos|63\/100\n|move|p1a: Zapdos|Heat Wave|p2a: Nature\u2019s Nuke\n|-supereffective|p2a: Nature\u2019s Nuke\n|-damage|p2a: Nature\u2019s Nuke|32\/100\n|\n|-heal|p2a: Nature\u2019s Nuke|39\/100|[from] Grassy Terrain\n|upkeep\n|turn|13\n|inactive|fropop has 120 seconds left.\n|\n|t:|1700503783\n|switch|p2a: click button \u2192 win|Manaphy, shiny|100\/100\n|-activate|p2a: click button \u2192 win|move: Sticky Web\n|-unboost|p2a: click button \u2192 win|spe|1\n|move|p1a: Zapdos|Heat Wave|p2a: click button \u2192 win\n|-resisted|p2a: click button \u2192 win\n|-damage|p2a: click button \u2192 win|88\/100\n|\n|-heal|p2a: click button \u2192 win|95\/100|[from] Grassy Terrain\n|-heal|p2a: click button \u2192 win|100\/100|[from] item: Leftovers\n|upkeep\n|turn|14\n|inactive|fropop has 120 seconds left.\n|\n|t:|1700503795\n|move|p1a: Zapdos|Volt Switch|p2a: click button \u2192 win\n|-supereffective|p2a: click button \u2192 win\n|-damage|p2a: click button \u2192 win|50\/100\n|\n|t:|1700503798\n|switch|p1a: Volcanion|Volcanion|100\/100|[from] Volt Switch\n|move|p2a: click button \u2192 win|Tail Glow|p2a: click button \u2192 win\n|-boost|p2a: click button \u2192 win|spa|3\n|\n|-heal|p2a: click button \u2192 win|57\/100|[from] Grassy Terrain\n|-heal|p2a: click button \u2192 win|63\/100|[from] item: Leftovers\n|-fieldend|move: Grassy Terrain\n|upkeep\n|turn|15\n|inactive|fropop has 120 seconds left.\n|\n|t:|1700503822\n|move|p1a: Volcanion|Earth Power|p2a: click button \u2192 win\n|-damage|p2a: click button \u2192 win|38\/100\n|move|p2a: click button \u2192 win|Dazzling Gleam|p1a: Volcanion\n|-resisted|p1a: Volcanion\n|-damage|p1a: Volcanion|77\/100\n|\n|-heal|p2a: click button \u2192 win|45\/100|[from] item: Leftovers\n|upkeep\n|turn|16\n|\n|t:|1700503831\n|move|p1a: Volcanion|Earth Power|p2a: click button \u2192 win\n|-damage|p2a: click button \u2192 win|21\/100\n|-unboost|p2a: click button \u2192 win|spd|1\n|move|p2a: click button \u2192 win|Dazzling Gleam|p1a: Volcanion\n|-resisted|p1a: Volcanion\n|-damage|p1a: Volcanion|53\/100\n|\n|-heal|p2a: click button \u2192 win|27\/100|[from] item: Leftovers\n|upkeep\n|turn|17\n|inactive|fropop has 120 seconds left.\n|\n|t:|1700503846\n|move|p1a: Volcanion|Earth Power|p2a: click button \u2192 win\n|-damage|p2a: click button \u2192 win|0 fnt\n|faint|p2a: click button \u2192 win\n|\n|upkeep\n|\n|t:|1700503868\n|switch|p2a: Deku|Torterra, M|100\/100\n|-activate|p2a: Deku|move: Sticky Web\n|-unboost|p2a: Deku|spe|1\n|-enditem|p2a: Deku|White Herb\n|-clearnegativeboost|p2a: Deku|[silent]\n|turn|18\n|inactive|fropop has 120 seconds left.\n|\n|t:|1700503894\n|move|p2a: Deku|Shell Smash|p2a: Deku\n|-unboost|p2a: Deku|def|1\n|-unboost|p2a: Deku|spd|1\n|-boost|p2a: Deku|atk|2\n|-boost|p2a: Deku|spa|2\n|-boost|p2a: Deku|spe|2\n|move|p1a: Volcanion|Haze|p1a: Volcanion\n|-clearallboost\n|\n|upkeep\n|turn|19\n|\n|t:|1700503908\n|switch|p1a: Zapdos|Zapdos|63\/100\n|move|p2a: Deku|Headlong Rush|p1a: Zapdos\n|-immune|p1a: Zapdos\n|\n|upkeep\n|turn|20\n|\n|t:|1700503917\n|move|p1a: Zapdos|Hurricane|p2a: Deku|[miss]\n|-miss|p1a: Zapdos|p2a: Deku\n|move|p2a: Deku|Shell Smash|p2a: Deku\n|-unboost|p2a: Deku|def|1\n|-unboost|p2a: Deku|spd|1\n|-boost|p2a: Deku|atk|2\n|-boost|p2a: Deku|spa|2\n|-boost|p2a: Deku|spe|2\n|\n|upkeep\n|turn|21\n|inactive|takingnoteskinda has 90 seconds left.\n|\n|t:|1700503929\n|move|p2a: Deku|Wood Hammer|p1a: Zapdos\n|-resisted|p1a: Zapdos\n|-damage|p1a: Zapdos|20\/100\n|-damage|p2a: Deku|84\/100|[from] Recoil\n|move|p1a: Zapdos|Hurricane|p2a: Deku\n|-supereffective|p2a: Deku\n|-damage|p2a: Deku|0 fnt\n|faint|p2a: Deku\n|\n|upkeep\n|\n|t:|1700503932\n|switch|p2a: Macaroni Man|Gholdengo|100\/100\n|-item|p2a: Macaroni Man|Air Balloon\n|turn|22\n|\n|t:|1700503946\n|move|p2a: Macaroni Man|Shadow Ball|p1a: Zapdos\n|-damage|p1a: Zapdos|0 fnt\n|faint|p1a: Zapdos\n|\n|upkeep\n|\n|t:|1700503961\n|switch|p1a: Cinderace|Cinderace, M|69\/100\n|turn|23\n|\n|t:|1700503965\n|move|p1a: Cinderace|Pyro Ball|p2a: Macaroni Man\n|-supereffective|p2a: Macaroni Man\n|-damage|p2a: Macaroni Man|0 fnt\n|-enditem|p2a: Macaroni Man|Air Balloon\n|faint|p2a: Macaroni Man\n|\n|upkeep\n|-message|takingnoteskinda forfeited.\n|\n|win|fropop\n|raw|fropop's rating: 1451 &rarr; <strong>1469<\/strong><br \/>(+18 for winning)\n|raw|takingnoteskinda's rating: 1415 &rarr; <strong>1397<\/strong><br \/>(-18 for losing)\n|l|\u2606takingnoteskinda\n","uploadtime":1700503975,"views":17,"p1id":"fropop","p2id":"takingnoteskinda","formatid":"gen9ou","rating":1397,"private":0,"password":""}