{"id":"gen9ou-1993237749","p1":"Phaoryx","p2":"gamb_over","format":"[Gen 9] OU","log":"|j|\u2606Phaoryx\n|j|\u2606iron tusk 69\n|t:|1700282349\n|gametype|singles\n|player|p1|Phaoryx|hilbert|\n|player|p2|iron tusk 69|biker-gen4|\n|teamsize|p1|6\n|teamsize|p2|6\n|gen|9\n|tier|[Gen 9] OU\n|rule|Sleep Clause Mod: Limit one foe put to sleep\n|rule|Species Clause: Limit one of each Pok\u00e9mon\n|rule|OHKO Clause: OHKO moves are banned\n|rule|Evasion Items Clause: Evasion items are banned\n|rule|Evasion Moves Clause: Evasion moves are banned\n|rule|Endless Battle Clause: Forcing endless battles is banned\n|rule|HP Percentage Mod: HP is shown in percentages\n|clearpoke\n|poke|p1|Garchomp, M|\n|poke|p1|Corviknight, M|\n|poke|p1|Ninetales-Alola, F|\n|poke|p1|Tyranitar, M|\n|poke|p1|Ceruledge, M|\n|poke|p1|Iron Valiant|\n|poke|p2|Samurott-Hisui, M|\n|poke|p2|Iron Moth|\n|poke|p2|Kingambit, F|\n|poke|p2|Ogerpon-Wellspring, F|\n|poke|p2|Iron Valiant|\n|poke|p2|Zamazenta-*|\n|teampreview\n|c|\u2606Phaoryx|isnt this like a sample team?\n|c|\u2606Phaoryx|there better be some cooks in here\n|c|\u2606iron tusk 69|nah\n|c|\u2606Phaoryx|;)\n|c|\u2606iron tusk 69|i made it\n|c|\u2606Phaoryx|are you like\n|c|\u2606Phaoryx|the guy\n|c|\u2606iron tusk 69|its not horribly creative tho\n|c|\u2606iron tusk 69|which guy?\n|c|\u2606Phaoryx|the guy who made the sample set XD\n|c|\u2606iron tusk 69|nah\n|c|\u2606iron tusk 69|i dont do any of that\n|c|\u2606Phaoryx|thatd be funny\n|\n|t:|1700282395\n|start\n|switch|p1a: Ninetales|Ninetales-Alola, F, shiny|100\/100\n|switch|p2a: Freezing Sun|Iron Moth|100\/100\n|-weather|Snow|[from] ability: Snow Warning|[of] p1a: Ninetales\n|-enditem|p2a: Freezing Sun|Booster Energy\n|-activate|p2a: Freezing Sun|ability: Quark Drive|[fromitem]\n|-start|p2a: Freezing Sun|quarkdrivespe\n|turn|1\n|\n|t:|1700282403\n|switch|p1a: Tyranitar|Tyranitar, M, shiny|100\/100\n|-weather|Sandstorm|[from] ability: Sand Stream|[of] p1a: Tyranitar\n|move|p2a: Freezing Sun|Fiery Dance|p1a: Tyranitar\n|-resisted|p1a: Tyranitar\n|-damage|p1a: Tyranitar|89\/100\n|\n|-weather|Sandstorm|[upkeep]\n|-damage|p2a: Freezing Sun|94\/100|[from] Sandstorm\n|-heal|p1a: Tyranitar|95\/100|[from] item: Leftovers\n|upkeep\n|turn|2\n|c|\u2606iron tusk 69|I dont rly participate on forum stuff\n|c|\u2606iron tusk 69|or tours\n|c|\u2606Phaoryx|ttar is so good man\n|\n|t:|1700282415\n|move|p2a: Freezing Sun|Substitute|p2a: Freezing Sun\n|-start|p2a: Freezing Sun|Substitute\n|-damage|p2a: Freezing Sun|70\/100\n|move|p1a: Tyranitar|Knock Off|p2a: Freezing Sun\n|-end|p2a: Freezing Sun|Substitute\n|\n|-weather|Sandstorm|[upkeep]\n|-damage|p2a: Freezing Sun|64\/100|[from] Sandstorm\n|-heal|p1a: Tyranitar|100\/100|[from] item: Leftovers\n|upkeep\n|turn|3\n|\n|t:|1700282422\n|-end|p2a: Freezing Sun|Quark Drive|[silent]\n|switch|p2a: Gliscorless Edge|Samurott-Hisui, M|100\/100\n|move|p1a: Tyranitar|Earthquake|p2a: Gliscorless Edge\n|-damage|p2a: Gliscorless Edge|71\/100\n|\n|-weather|Sandstorm|[upkeep]\n|-damage|p2a: Gliscorless Edge|65\/100|[from] Sandstorm\n|-heal|p2a: Gliscorless Edge|71\/100|[from] item: Leftovers\n|upkeep\n|turn|4\n|\n|t:|1700282431\n|switch|p1a: Corviknight|Corviknight, M, shiny|100\/100\n|-ability|p1a: Corviknight|Pressure\n|move|p2a: Gliscorless Edge|Ceaseless Edge|p1a: Corviknight\n|-damage|p1a: Corviknight|79\/100\n|-damage|p2a: Gliscorless Edge|55\/100|[from] item: Rocky Helmet|[of] p1a: Corviknight\n|-sidestart|p1: Phaoryx|Spikes\n|\n|-weather|Sandstorm|[upkeep]\n|-damage|p2a: Gliscorless Edge|48\/100|[from] Sandstorm\n|-heal|p2a: Gliscorless Edge|55\/100|[from] item: Leftovers\n|upkeep\n|turn|5\n|c|\u2606Phaoryx|my defensive core <3\n|c|\u2606iron tusk 69|yeah its a momentum sink for my team\n|\n|t:|1700282443\n|switch|p2a: Freezing Sun|Iron Moth|64\/100\n|move|p1a: Corviknight|Defog|p2a: Freezing Sun\n|-unboost|p2a: Freezing Sun|evasion|1\n|-sideend|p1: Phaoryx|Spikes|[from] move: Defog|[of] p1a: Corviknight\n|\n|-weather|none\n|upkeep\n|turn|6\n|c|\u2606Phaoryx|exactly\n|c|\u2606Phaoryx|and a decent amount of chip\n|\n|t:|1700282456\n|-end|p2a: Freezing Sun|Quark Drive|[silent]\n|switch|p2a: It's Oger|Ogerpon-Wellspring, F|100\/100\n|switch|p1a: Tyranitar|Tyranitar, M, shiny|100\/100\n|-weather|Sandstorm|[from] ability: Sand Stream|[of] p1a: Tyranitar\n|\n|-weather|Sandstorm|[upkeep]\n|-damage|p2a: It's Oger|95\/100|[from] Sandstorm\n|upkeep\n|turn|7\n|c|\u2606Phaoryx|got me there\n|\n|t:|1700282468\n|switch|p1a: Corviknight|Corviknight, M, shiny|79\/100\n|-ability|p1a: Corviknight|Pressure\n|move|p2a: It's Oger|Ivy Cudgel|p1a: Corviknight|[anim] Ivy Cudgel Water\n|-damage|p1a: Corviknight|46\/100\n|\n|-weather|Sandstorm|[upkeep]\n|-damage|p2a: It's Oger|89\/100|[from] Sandstorm\n|upkeep\n|turn|8\n|c|\u2606iron tusk 69|its an ogerpon\n|c|\u2606iron tusk 69|any defensive core is food for ogerpon\n|\n|t:|1700282479\n|switch|p2a: Freezing Sun|Iron Moth|64\/100\n|move|p1a: Corviknight|Roost|p1a: Corviknight\n|-heal|p1a: Corviknight|96\/100\n|-singleturn|p1a: Corviknight|move: Roost\n|\n|-weather|Sandstorm|[upkeep]\n|-damage|p2a: Freezing Sun|58\/100|[from] Sandstorm\n|upkeep\n|turn|9\n|c|\u2606Phaoryx|true\n|c|\u2606Phaoryx|oger is hard for me\n|\n|t:|1700282487\n|switch|p1a: Ceruledge|Ceruledge, M, shiny|100\/100\n|move|p2a: Freezing Sun|Fiery Dance|p1a: Ceruledge\n|-start|p1a: Ceruledge|ability: Flash Fire\n|\n|-weather|Sandstorm|[upkeep]\n|-damage|p2a: Freezing Sun|52\/100|[from] Sandstorm\n|-damage|p1a: Ceruledge|94\/100|[from] Sandstorm\n|-heal|p1a: Ceruledge|100\/100|[from] item: Leftovers\n|upkeep\n|turn|10\n|c|\u2606Phaoryx|yoink\n|c|\u2606iron tusk 69|ops\n|\n|t:|1700282499\n|-end|p2a: Freezing Sun|Quark Drive|[silent]\n|switch|p2a: Gliscorless Edge|Samurott-Hisui, M|55\/100\n|move|p1a: Ceruledge|Bulk Up|p1a: Ceruledge\n|-boost|p1a: Ceruledge|atk|1\n|-boost|p1a: Ceruledge|def|1\n|\n|-weather|none\n|-heal|p2a: Gliscorless Edge|61\/100|[from] item: Leftovers\n|upkeep\n|turn|11\n|\n|t:|1700282507\n|-terastallize|p1a: Ceruledge|Grass\n|move|p1a: Ceruledge|Bulk Up|p1a: Ceruledge\n|-boost|p1a: Ceruledge|atk|1\n|-boost|p1a: Ceruledge|def|1\n|move|p2a: Gliscorless Edge|Encore|p1a: Ceruledge\n|-start|p1a: Ceruledge|Encore\n|\n|-heal|p2a: Gliscorless Edge|67\/100|[from] item: Leftovers\n|upkeep\n|turn|12\n|c|\u2606Phaoryx|rude\n|c|\u2606Phaoryx|actually\n|c|\u2606Phaoryx|this has beat me before\n|c|\u2606Phaoryx|cause i always get greedy LOL\n|\n|t:|1700282525\n|switch|p2a: Freezing Sun|Iron Moth|52\/100\n|move|p1a: Ceruledge|Bulk Up|p1a: Ceruledge\n|-boost|p1a: Ceruledge|atk|1\n|-boost|p1a: Ceruledge|def|1\n|\n|upkeep\n|turn|13\n|c|\u2606iron tusk 69|slow encore is definitely me cooking too close to the sun\n|\n|t:|1700282536\n|move|p2a: Freezing Sun|Sludge Wave|p1a: Ceruledge\n|-supereffective|p1a: Ceruledge\n|-damage|p1a: Ceruledge|38\/100\n|-status|p1a: Ceruledge|psn\n|move|p1a: Ceruledge|Bulk Up|p1a: Ceruledge\n|-boost|p1a: Ceruledge|atk|1\n|-boost|p1a: Ceruledge|def|1\n|\n|-heal|p1a: Ceruledge|44\/100 psn|[from] item: Leftovers\n|-damage|p1a: Ceruledge|32\/100 psn|[from] psn\n|upkeep\n|turn|14\n|c|\u2606Phaoryx|its pretty good\n|c|\u2606Phaoryx|too close to the sun is me not subbing there LOL\n|c|\u2606Phaoryx|cause ttar subs in for free :(\n|\n|t:|1700282554\n|-end|p1a: Ceruledge|ability: Flash Fire|[silent]\n|switch|p1a: Tyranitar|Tyranitar, M, shiny|100\/100\n|-weather|Sandstorm|[from] ability: Sand Stream|[of] p1a: Tyranitar\n|move|p2a: Freezing Sun|Sludge Wave|p1a: Tyranitar\n|-resisted|p1a: Tyranitar\n|-damage|p1a: Tyranitar|87\/100\n|\n|-weather|Sandstorm|[upkeep]\n|-damage|p2a: Freezing Sun|46\/100|[from] Sandstorm\n|-heal|p1a: Tyranitar|93\/100|[from] item: Leftovers\n|upkeep\n|turn|15\n|\n|t:|1700282564\n|-end|p2a: Freezing Sun|Quark Drive|[silent]\n|switch|p2a: Gliscorless Edge|Samurott-Hisui, M|67\/100\n|move|p1a: Tyranitar|Knock Off|p2a: Gliscorless Edge\n|-resisted|p2a: Gliscorless Edge\n|-damage|p2a: Gliscorless Edge|45\/100\n|-enditem|p2a: Gliscorless Edge|Leftovers|[from] move: Knock Off|[of] p1a: Tyranitar\n|\n|-weather|Sandstorm|[upkeep]\n|-damage|p2a: Gliscorless Edge|39\/100|[from] Sandstorm\n|-heal|p1a: Tyranitar|99\/100|[from] item: Leftovers\n|upkeep\n|turn|16\n|c|\u2606Phaoryx|you already\n|c|\u2606Phaoryx|played way better than most people i play\n|c|\u2606Phaoryx|cause of that encore\n|\n|t:|1700282580\n|switch|p1a: Corviknight|Corviknight, M, shiny|96\/100\n|-ability|p1a: Corviknight|Pressure\n|move|p2a: Gliscorless Edge|Ceaseless Edge|p1a: Corviknight\n|-damage|p1a: Corviknight|77\/100\n|-damage|p2a: Gliscorless Edge|22\/100|[from] item: Rocky Helmet|[of] p1a: Corviknight\n|-sidestart|p1: Phaoryx|Spikes\n|\n|-weather|Sandstorm|[upkeep]\n|-damage|p2a: Gliscorless Edge|16\/100|[from] Sandstorm\n|upkeep\n|turn|17\n|c|\u2606iron tusk 69|encore isnt common in 1300s ig\n|c|\u2606Phaoryx|not on samurrot for me\n|c|\u2606Phaoryx|a lot of pon and valiant\n|c|\u2606iron tusk 69|for sure\n|c|\u2606Phaoryx|also im usually 1500 x)\n|c|\u2606Phaoryx|well\n|c|\u2606iron tusk 69|encore isnt even common on hrott in high ladder\n|c|\u2606iron tusk 69|its an option\n|c|\u2606Phaoryx|i peaked 1700\n|c|\u2606Phaoryx|but then i started playing at work lol\n|c|\u2606iron tusk 69|but hrott is slow and has so amny options\n|c|\u2606Phaoryx|yeah exactly\n|\n|t:|1700282631\n|move|p2a: Gliscorless Edge|Surf|p1a: Corviknight\n|-damage|p1a: Corviknight|44\/100\n|move|p1a: Corviknight|Defog|p2a: Gliscorless Edge\n|-unboost|p2a: Gliscorless Edge|evasion|1\n|-sideend|p1: Phaoryx|Spikes|[from] move: Defog|[of] p1a: Corviknight\n|\n|-weather|Sandstorm|[upkeep]\n|-damage|p2a: Gliscorless Edge|10\/100|[from] Sandstorm\n|upkeep\n|turn|18\n|\n|t:|1700282643\n|move|p2a: Gliscorless Edge|Encore|p1a: Corviknight\n|-start|p1a: Corviknight|Encore\n|move|p1a: Corviknight|Defog|p2a: Gliscorless Edge\n|-unboost|p2a: Gliscorless Edge|evasion|1\n|\n|-weather|none\n|upkeep\n|turn|19\n|c|\u2606Phaoryx|rude\n|\n|t:|1700282658\n|switch|p1a: Ninetales|Ninetales-Alola, F, shiny|100\/100\n|-weather|Snow|[from] ability: Snow Warning|[of] p1a: Ninetales\n|move|p2a: Gliscorless Edge|Ceaseless Edge|p1a: Ninetales\n|-resisted|p1a: Ninetales\n|-damage|p1a: Ninetales|83\/100\n|-sidestart|p1: Phaoryx|Spikes\n|\n|-weather|Snow|[upkeep]\n|upkeep\n|turn|20\n|\n|t:|1700282666\n|switch|p2a: Freezing Sun|Iron Moth|46\/100\n|move|p1a: Ninetales|Aurora Veil|p1a: Ninetales\n|-sidestart|p1: Phaoryx|move: Aurora Veil\n|\n|-weather|Snow|[upkeep]\n|upkeep\n|turn|21\n|\n|t:|1700282674\n|move|p2a: Freezing Sun|Substitute|p2a: Freezing Sun\n|-start|p2a: Freezing Sun|Substitute\n|-damage|p2a: Freezing Sun|21\/100\n|move|p1a: Ninetales|Moonblast|p2a: Freezing Sun\n|-resisted|p2a: Freezing Sun\n|-activate|p2a: Freezing Sun|move: Substitute|[damage]\n|\n|-weather|Snow|[upkeep]\n|upkeep\n|turn|22\n|c|\u2606Phaoryx|i overcooked\n|\n|t:|1700282681\n|switch|p1a: Tyranitar|Tyranitar, M, shiny|99\/100\n|-damage|p1a: Tyranitar|86\/100|[from] Spikes\n|-weather|Sandstorm|[from] ability: Sand Stream|[of] p1a: Tyranitar\n|move|p2a: Freezing Sun|Sludge Wave|p1a: Tyranitar\n|-resisted|p1a: Tyranitar\n|-damage|p1a: Tyranitar|80\/100\n|-status|p1a: Tyranitar|psn\n|\n|-weather|Sandstorm|[upkeep]\n|-damage|p2a: Freezing Sun|15\/100|[from] Sandstorm\n|-heal|p1a: Tyranitar|86\/100 psn|[from] item: Leftovers\n|-damage|p1a: Tyranitar|73\/100 psn|[from] psn\n|upkeep\n|turn|23\n|c|\u2606Phaoryx|ouch\n|c|\u2606iron tusk 69|yeah thats unlucky\n|\n|t:|1700282700\n|move|p2a: Freezing Sun|Fiery Dance|p1a: Tyranitar\n|-resisted|p1a: Tyranitar\n|-damage|p1a: Tyranitar|69\/100 psn\n|move|p1a: Tyranitar|Earthquake|p2a: Freezing Sun\n|-supereffective|p2a: Freezing Sun\n|-end|p2a: Freezing Sun|Substitute\n|\n|-weather|Sandstorm|[upkeep]\n|-damage|p2a: Freezing Sun|9\/100|[from] Sandstorm\n|-heal|p1a: Tyranitar|75\/100 psn|[from] item: Leftovers\n|-damage|p1a: Tyranitar|62\/100 psn|[from] psn\n|upkeep\n|turn|24\n|c|\u2606Phaoryx|it happens\n|c|\u2606Phaoryx|just negates lefties\n|c|\u2606Phaoryx|and then some x)\n|\n|t:|1700282714\n|move|p2a: Freezing Sun|Sludge Wave|p1a: Tyranitar\n|-resisted|p1a: Tyranitar\n|-damage|p1a: Tyranitar|56\/100 psn\n|move|p1a: Tyranitar|Knock Off|p2a: Freezing Sun\n|-damage|p2a: Freezing Sun|0 fnt\n|faint|p2a: Freezing Sun\n|-end|p2a: Freezing Sun|Quark Drive|[silent]\n|\n|-weather|Sandstorm|[upkeep]\n|-heal|p1a: Tyranitar|63\/100 psn|[from] item: Leftovers\n|-damage|p1a: Tyranitar|50\/100 psn|[from] psn\n|upkeep\n|c|\u2606iron tusk 69|its -6.25\n|c|\u2606iron tusk 69|yea\n|c|\u2606Phaoryx|tough\n|\n|t:|1700282728\n|switch|p2a: Gliscorless Edge|Samurott-Hisui, M|10\/100\n|turn|25\n|c|\u2606Phaoryx|are you surfing here\n|c|\u2606iron tusk 69|;)\n|c|\u2606Phaoryx|do i live this tho\n|c|\u2606Phaoryx|idk if youre modest or some bullshit LOL\n|c|\u2606iron tusk 69|a surf?\n|c|\u2606iron tusk 69|absolutely\n|c|\u2606Phaoryx|yeah\n|c|\u2606Phaoryx|i live a surf?\n|c|\u2606iron tusk 69|u live modest specs\n|c|\u2606iron tusk 69|lol\n|c|\u2606Phaoryx|oh hell yeah\n|\n|t:|1700282762\n|move|p2a: Gliscorless Edge|Surf|p1a: Tyranitar\n|-supereffective|p1a: Tyranitar\n|-damage|p1a: Tyranitar|34\/100 psn\n|move|p1a: Tyranitar|Knock Off|p2a: Gliscorless Edge\n|-resisted|p2a: Gliscorless Edge\n|-damage|p2a: Gliscorless Edge|0 fnt\n|faint|p2a: Gliscorless Edge\n|\n|-weather|Sandstorm|[upkeep]\n|-heal|p1a: Tyranitar|40\/100 psn|[from] item: Leftovers\n|-damage|p1a: Tyranitar|28\/100 psn|[from] psn\n|upkeep\n|c|\u2606iron tusk 69|its ttar behind veil\n|c|\u2606Phaoryx|oh i have veil up\n|c|\u2606Phaoryx|HAHAHA\n|c|\u2606Phaoryx|i forgor\n|c|\u2606iron tusk 69|lol\n|\n|t:|1700282778\n|switch|p2a: It's Oger|Ogerpon-Wellspring, F|89\/100\n|turn|26\n|\n|t:|1700282785\n|switch|p1a: Ninetales|Ninetales-Alola, F, shiny|83\/100\n|-damage|p1a: Ninetales|71\/100|[from] Spikes\n|-weather|Snow|[from] ability: Snow Warning|[of] p1a: Ninetales\n|move|p2a: It's Oger|Swords Dance|p2a: It's Oger\n|-boost|p2a: It's Oger|atk|2\n|\n|-weather|Snow|[upkeep]\n|upkeep\n|turn|27\n|\n|t:|1700282793\n|move|p2a: It's Oger|Ivy Cudgel|p1a: Ninetales|[anim] Ivy Cudgel Water\n|-damage|p1a: Ninetales|17\/100\n|move|p1a: Ninetales|Encore|p2a: It's Oger\n|-start|p2a: It's Oger|Encore\n|\n|-weather|Snow|[upkeep]\n|-sideend|p1: Phaoryx|move: Aurora Veil\n|upkeep\n|turn|28\n|c|\u2606Phaoryx|oh right youre faster\n|c|\u2606Phaoryx|LOL im throwing\n|\n|t:|1700282811\n|move|p2a: It's Oger|Ivy Cudgel|p1a: Ninetales|[anim] Ivy Cudgel Water\n|-damage|p1a: Ninetales|0 fnt\n|faint|p1a: Ninetales\n|\n|-weather|Snow|[upkeep]\n|upkeep\n|\n|t:|1700282817\n|switch|p1a: Iron Valiant|Iron Valiant, shiny|100\/100\n|-damage|p1a: Iron Valiant|88\/100|[from] Spikes\n|-enditem|p1a: Iron Valiant|Booster Energy\n|-activate|p1a: Iron Valiant|ability: Quark Drive|[fromitem]\n|-start|p1a: Iron Valiant|quarkdrivespe\n|turn|29\n|c|\u2606iron tusk 69|the encore is still annoying tho\n|\n|t:|1700282825\n|move|p1a: Iron Valiant|Thunderbolt|p2a: It's Oger\n|-damage|p2a: It's Oger|53\/100\n|move|p2a: It's Oger|Ivy Cudgel|p1a: Iron Valiant|[anim] Ivy Cudgel Water\n|-damage|p1a: Iron Valiant|0 fnt\n|faint|p1a: Iron Valiant\n|-end|p1a: Iron Valiant|Quark Drive|[silent]\n|\n|-weather|Snow|[upkeep]\n|upkeep\n|c|\u2606Phaoryx|true but\n|c|\u2606Phaoryx|not crippling\n|c|\u2606iron tusk 69|i would have wanted to horn leech there\n|c|\u2606Phaoryx|jesus christ\n|c|\u2606Phaoryx|im p sure you just clear me\n|c|\u2606Phaoryx|waterpon is one of my weaknesses\n|c|\u2606Phaoryx|unless it comes into ceru and i tera\n|c|\u2606Phaoryx|but if that doesnt happen the rest of my team is hard\n|c|\u2606iron tusk 69|sand damage + chomp + ssneak can maybe kill\n|c|\u2606iron tusk 69|bc of the encore\n|c|\u2606Phaoryx|yeah\n|c|\u2606Phaoryx|but thats a lot\n|\n|t:|1700282871\n|switch|p1a: Tyranitar|Tyranitar, M, shiny|28\/100 psn\n|-damage|p1a: Tyranitar|15\/100 psn|[from] Spikes\n|-weather|Sandstorm|[from] ability: Sand Stream|[of] p1a: Tyranitar\n|turn|30\n|\n|t:|1700282878\n|move|p2a: It's Oger|Ivy Cudgel|p1a: Tyranitar|[anim] Ivy Cudgel Water\n|-supereffective|p1a: Tyranitar\n|-damage|p1a: Tyranitar|0 fnt\n|faint|p1a: Tyranitar\n|\n|-weather|Sandstorm|[upkeep]\n|-damage|p2a: It's Oger|47\/100|[from] Sandstorm\n|-end|p2a: It's Oger|Encore\n|upkeep\n|\n|t:|1700282885\n|switch|p1a: Garchomp|Garchomp, M, shiny|100\/100\n|-damage|p1a: Garchomp|88\/100|[from] Spikes\n|turn|31\n|\n|t:|1700282893\n|move|p2a: It's Oger|Ivy Cudgel|p1a: Garchomp|[anim] Ivy Cudgel Water\n|-damage|p1a: Garchomp|0 fnt\n|faint|p1a: Garchomp\n|\n|-weather|Sandstorm|[upkeep]\n|-damage|p2a: It's Oger|41\/100|[from] Sandstorm\n|upkeep\n|c|\u2606Phaoryx|gg :)\n|\n|t:|1700282898\n|switch|p1a: Ceruledge|Ceruledge, M, shiny, tera:Grass|32\/100 psn\n|-damage|p1a: Ceruledge|19\/100 psn|[from] Spikes\n|turn|32\n|c|\u2606iron tusk 69|jesus this is strong\n|c|\u2606iron tusk 69|gg\n|c|\u2606Phaoryx|yeah its v strong\n|c|\u2606Phaoryx|imagine if you tera watered lol\n|c|\u2606Phaoryx|ive always said\n|c|\u2606Phaoryx|that what makes waterpon busted is the speed tier\n|\n|t:|1700282917\n|move|p1a: Ceruledge|Shadow Sneak|p2a: It's Oger\n|-damage|p2a: It's Oger|17\/100\n|move|p2a: It's Oger|Horn Leech|p1a: Ceruledge\n|-resisted|p1a: Ceruledge\n|-damage|p1a: Ceruledge|0 fnt\n|-heal|p2a: It's Oger|28\/100|[from] drain|[of] p1a: Ceruledge\n|faint|p1a: Ceruledge\n|\n|-weather|Sandstorm|[upkeep]\n|-damage|p2a: It's Oger|22\/100|[from] Sandstorm\n|upkeep\n|\n|t:|1700282926\n|switch|p1a: Corviknight|Corviknight, M, shiny|44\/100\n|-ability|p1a: Corviknight|Pressure\n|turn|33\n|c|\u2606Phaoryx|gg tho :D\n|c|\u2606iron tusk 69|tbh\n|c|\u2606Phaoryx|at least ttar did some work this match\n|c|\u2606Phaoryx|i got to show off my core\n|c|\u2606iron tusk 69|Im not 100% sold on waterpon busted\n|c|\u2606Phaoryx|i just got rolled by both encores\n|c|\u2606iron tusk 69|yeah, wp!\n|c|\u2606Phaoryx|i voted waterpon as\n|c|\u2606Phaoryx|3 on the survey\n|c|\u2606iron tusk 69|theres 3 encores\n|c|\u2606iron tusk 69|lol\n|c|\u2606Phaoryx|1 more than manaphy\n|c|\u2606Phaoryx|yeah encore makes me sad\n|c|\u2606iron tusk 69|i voted 2\n|c|\u2606iron tusk 69|mostly bc\n|c|\u2606Phaoryx|i think thats fair\n|c|\u2606iron tusk 69|I dont think waterpon is priority\n|c|\u2606Phaoryx|exactly\n|c|\u2606iron tusk 69|I think once some shit gets banned\n|c|\u2606Phaoryx|pon and mana are like\n|c|\u2606Phaoryx|yeah super strong\n|c|\u2606Phaoryx|but dont need to be banned\n|c|\u2606iron tusk 69|it is probabe that waterpon becomes broken\n|c|\u2606Phaoryx|i agree\n|c|\u2606Phaoryx|if theres no more immense power creep\n|c|\u2606Phaoryx|waterpon i think will get tiered on later rather than sooner\n|c|\u2606Phaoryx|i think zama\n|c|\u2606Phaoryx|is more of a problem\n|c|\u2606Phaoryx|LOL\n|c|\u2606Phaoryx|i hate zama man\n|c|\u2606iron tusk 69|there were people who thought that waterpon was sometimes better than firepon\n|c|\u2606iron tusk 69|exotic built a waterpon team before firepon ban\n|c|\u2606Phaoryx|but yeah this was joever once oger got the SD off and corv was 44%\n|c|\u2606Phaoryx|wait\n|c|\u2606Phaoryx|firepon is like\n|c|\u2606Phaoryx|way better right?\n|c|\u2606iron tusk 69|on paper yeah\n|c|\u2606Phaoryx|same speed\n|c|\u2606iron tusk 69|but waterpon is excellent\n|c|\u2606Phaoryx|mold breaker is crazy man\n|c|\u2606iron tusk 69|better offensive typing tbh\n|c|\u2606Phaoryx|didnt fire get speed on tera?\n|c|\u2606iron tusk 69|attack\n|c|\u2606Phaoryx|hm\n|c|\u2606iron tusk 69|so it had intrepid sword\n|c|\u2606iron tusk 69|base gets speed on tera\n|c|\u2606Phaoryx|thats\n|c|\u2606Phaoryx|pretty damn good\n|c|\u2606iron tusk 69|yeah\n|c|\u2606Phaoryx|fire is also\n|c|\u2606iron tusk 69|ban wasnt very surprising\n|c|\u2606Phaoryx|an underrated typing\n|c|\u2606Phaoryx|obviously not better than water\n|c|\u2606Phaoryx|obviously\n|c|\u2606Phaoryx|cause water is broken lol\n|c|\u2606iron tusk 69|lowkey yeah\n|c|\u2606Phaoryx|but fire is still solid\n|c|\u2606Phaoryx|absorbs fairy\n|c|\u2606Phaoryx|thats relevant af\n|c|\u2606Phaoryx|but i also run ceru\n|c|\u2606iron tusk 69|SR weakness hurts tho\n|c|\u2606Phaoryx|and hes fire ghost\n|c|\u2606Phaoryx|yeah it does\n|c|\u2606Phaoryx|if bug resisted dark type\n|c|\u2606Phaoryx|id use bug instead of grass\n|c|\u2606Phaoryx|i think\n|c|\u2606Phaoryx|idk water is still killer and grass really helps with that\n|c|\u2606Phaoryx|if i have 1 bulk up and then you switch waterpon in, ceru wins\n|c|\u2606Phaoryx|im stronger at 2x 2x than you at 2x\n|c|\u2606Phaoryx|cause bitter blade heals\n|c|\u2606Phaoryx|bitter blade is busted lmao\n|c|\u2606Phaoryx|healing moves in general are busted tbh\n|c|\u2606Phaoryx|im ranting again but hopefully its ok XD\n|c|\u2606iron tusk 69|ur good lol\n|c|\u2606Phaoryx|o7\n|c|\u2606iron tusk 69|tera grass ceru is an interesting option\n|c|\u2606iron tusk 69|for oget\n|c|\u2606iron tusk 69|bur encore\n|c|\u2606Phaoryx|true\n|c|\u2606Phaoryx|so i prob dont have bulk up\n|c|\u2606Phaoryx|but if i use bitter blade\n|c|\u2606Phaoryx|instead of bulk up\n|c|\u2606Phaoryx|and you dont have encore option\n|c|\u2606Phaoryx|if i tera grass i win that i think\n|c|\u2606Phaoryx|well no i do\n|c|\u2606Phaoryx|bitter blade 3kos with 0 investment\n|c|\u2606Phaoryx|once on sub, twice on tera\n|c|\u2606Phaoryx|so yeah its not set in stone\n|c|\u2606Phaoryx|but\n|c|\u2606Phaoryx|if i bulk up and you swap to oger\n|c|\u2606Phaoryx|it is\n|c|\u2606Phaoryx|oger\n|c|\u2606Phaoryx|for me\n|c|\u2606Phaoryx|lol\n|c|\u2606iron tusk 69|i might get a few matches on my ladder alt\n|player|p2|gamb_over|biker-gen4\n|n|\u2606gamb_over|irontusk69\n|player|p2|gamb_over|biker-gen4|\n|c|\u2606Phaoryx|go for it\n|c|\u2606gamb_over|gg\n|-message|gamb_over forfeited.\n|\n|win|Phaoryx\n|c|\u2606Phaoryx|gg\n|c|\u2606Phaoryx|!\n|c|\u2606gamb_over|battle was actually not finished lol\n|c|\u2606Phaoryx|right\n|c|\u2606gamb_over|had to end it for my OCD haha\n|c|\u2606Phaoryx|i obviously\n|c|\u2606Phaoryx|lost\n|c|\u2606Phaoryx|XD\n|c|\u2606gamb_over|or else it will show up orange\n|c|\u2606Phaoryx|sorry i didnt notice\n|c|\u2606gamb_over|well\n|c|\u2606Phaoryx|you shouldve told me\n|c|\u2606gamb_over|Phaoryx won the battle!\n|c|\u2606Phaoryx|or turned the timer on LOL\n|c|\u2606gamb_over|i mean its nbd\n|c|\u2606Phaoryx|ok but i obviously didnt win the battle\n|c|\u2606gamb_over|its a friendly\n|c|\u2606Phaoryx|XD\n|c|\u2606gamb_over|ik lol\n|c|\u2606Phaoryx|yeah it was fun\n|c|\u2606Phaoryx|both games for sure\n|c|\u2606Phaoryx|gl on your nexts :)\n|c|\u2606gamb_over|ty\n|c|\u2606gamb_over|gg\n|l|\u2606gamb_over\n|c|\u2606Phaoryx|o7\n","uploadtime":1700284917,"views":11,"p1id":"phaoryx","p2id":"gambover","formatid":"gen9ou","rating":0,"private":0,"password":""}