{"id":"gen9ou-2000630923","p1":"TheGr8est2EverDoIt","p2":"DivineGabriel","format":"[Gen 9] OU","log":"|j|\u2606TheGr8est2EverDoIt\n|j|\u2606DivineGabriel\n|t:|1701212418\n|gametype|singles\n|player|p1|TheGr8est2EverDoIt|lucas|1615\n|player|p2|DivineGabriel|rye|1740\n|teamsize|p1|6\n|teamsize|p2|6\n|gen|9\n|tier|[Gen 9] OU\n|rated|\n|rule|Sleep Clause Mod: Limit one foe put to sleep\n|rule|Species Clause: Limit one of each Pok\u00e9mon\n|rule|OHKO Clause: OHKO moves are banned\n|rule|Evasion Items Clause: Evasion items are banned\n|rule|Evasion Moves Clause: Evasion moves are banned\n|rule|Endless Battle Clause: Forcing endless battles is banned\n|rule|HP Percentage Mod: HP is shown in percentages\n|clearpoke\n|poke|p1|Falinks|\n|poke|p1|Ribombee, M|\n|poke|p1|Gholdengo|\n|poke|p1|Iron Jugulis|\n|poke|p1|Ogerpon-Wellspring, F|\n|poke|p1|Munkidori, M|\n|poke|p2|Typhlosion-Hisui, M|\n|poke|p2|Great Tusk|\n|poke|p2|Torkoal, F|\n|poke|p2|Walking Wake|\n|poke|p2|Hatterene, F|\n|poke|p2|Meowscarada, M|\n|teampreview\n|\n|t:|1701212428\n|start\n|switch|p1a: Munkidori|Munkidori, M|100\/100\n|switch|p2a: Meowscarada|Meowscarada, M|100\/100\n|turn|1\n|\n|t:|1701212436\n|switch|p1a: Ribombee|Ribombee, M|100\/100\n|move|p2a: Meowscarada|Knock Off|p1a: Ribombee\n|-start|p2a: Meowscarada|typechange|Dark|[from] ability: Protean\n|-resisted|p1a: Ribombee\n|-damage|p1a: Ribombee|55\/100\n|-enditem|p1a: Ribombee|Focus Sash|[from] move: Knock Off|[of] p2a: Meowscarada\n|\n|upkeep\n|turn|2\n|\n|t:|1701212440\n|switch|p2a: Hatterene|Hatterene, F|100\/100\n|switch|p1a: Munkidori|Munkidori, M|100\/100\n|\n|upkeep\n|turn|3\n|\n|t:|1701212446\n|-terastallize|p2a: Hatterene|Steel\n|move|p1a: Munkidori|Substitute|p1a: Munkidori\n|-start|p1a: Munkidori|Substitute\n|-damage|p1a: Munkidori|76\/100\n|move|p2a: Hatterene|Nuzzle|p1a: Munkidori\n|-activate|p1a: Munkidori|move: Substitute|[damage]\n|\n|upkeep\n|turn|4\n|\n|t:|1701212452\n|move|p1a: Munkidori|Focus Blast|p2a: Hatterene\n|-supereffective|p2a: Hatterene\n|-damage|p2a: Hatterene|28\/100\n|-unboost|p2a: Hatterene|spd|1\n|-enditem|p2a: Hatterene|Eject Button\n|\n|t:|1701212454\n|switch|p2a: Meowscarada|Meowscarada, M|100\/100\n|\n|upkeep\n|turn|5\n|\n|t:|1701212460\n|move|p2a: Meowscarada|U-turn|p1a: Munkidori\n|-start|p2a: Meowscarada|typechange|Bug|[from] ability: Protean\n|-end|p1a: Munkidori|Substitute\n|\n|t:|1701212462\n|switch|p2a: Hatterene|Hatterene, F, tera:Steel|28\/100|[from] U-turn\n|move|p1a: Munkidori|Psychic|p2a: Hatterene\n|-resisted|p2a: Hatterene\n|-damage|p2a: Hatterene|6\/100\n|\n|upkeep\n|turn|6\n|j| Bumbaclaat\n|\n|t:|1701212467\n|switch|p2a: Meowscarada|Meowscarada, M|100\/100\n|move|p1a: Munkidori|Psychic|p2a: Meowscarada\n|-immune|p2a: Meowscarada\n|\n|upkeep\n|turn|7\n|\n|t:|1701212476\n|switch|p1a: Iron Jugulis|Iron Jugulis|100\/100\n|-enditem|p1a: Iron Jugulis|Booster Energy\n|-activate|p1a: Iron Jugulis|ability: Quark Drive|[fromitem]\n|-start|p1a: Iron Jugulis|quarkdrivespe\n|move|p2a: Meowscarada|U-turn|p1a: Iron Jugulis\n|-start|p2a: Meowscarada|typechange|Bug|[from] ability: Protean\n|-damage|p1a: Iron Jugulis|62\/100\n|\n|t:|1701212481\n|switch|p2a: Torkoal|Torkoal, F|100\/100|[from] U-turn\n|-weather|SunnyDay|[from] ability: Drought|[of] p2a: Torkoal\n|\n|-weather|SunnyDay|[upkeep]\n|upkeep\n|turn|8\n|\n|t:|1701212492\n|move|p1a: Iron Jugulis|Earth Power|p2a: Torkoal\n|-supereffective|p2a: Torkoal\n|-damage|p2a: Torkoal|24\/100\n|move|p2a: Torkoal|Stealth Rock|p1a: Iron Jugulis\n|-sidestart|p1: TheGr8est2EverDoIt|move: Stealth Rock\n|\n|-weather|SunnyDay|[upkeep]\n|upkeep\n|turn|9\n|\n|t:|1701212497\n|switch|p2a: Walking Wake|Walking Wake|100\/100\n|-activate|p2a: Walking Wake|ability: Protosynthesis\n|-start|p2a: Walking Wake|protosynthesisspe\n|move|p1a: Iron Jugulis|Dark Pulse|p2a: Walking Wake\n|-damage|p2a: Walking Wake|57\/100\n|\n|-weather|SunnyDay|[upkeep]\n|upkeep\n|turn|10\n|\n|t:|1701212502\n|move|p2a: Walking Wake|Flamethrower|p1a: Iron Jugulis\n|-damage|p1a: Iron Jugulis|0 fnt\n|faint|p1a: Iron Jugulis\n|-end|p1a: Iron Jugulis|Quark Drive|[silent]\n|\n|-weather|SunnyDay|[upkeep]\n|upkeep\n|\n|t:|1701212511\n|switch|p1a: Falinks|Falinks|100\/100\n|-damage|p1a: Falinks|95\/100|[from] Stealth Rock\n|turn|11\n|\n|t:|1701212515\n|move|p2a: Walking Wake|Flamethrower|p1a: Falinks\n|-damage|p1a: Falinks|0 fnt\n|faint|p1a: Falinks\n|\n|-weather|SunnyDay|[upkeep]\n|upkeep\n|\n|t:|1701212519\n|switch|p1a: Ogerpon|Ogerpon-Wellspring, F|100\/100\n|-damage|p1a: Ogerpon|88\/100|[from] Stealth Rock\n|turn|12\n|\n|t:|1701212530\n|-end|p2a: Walking Wake|Protosynthesis|[silent]\n|switch|p2a: Great Tusk|Great Tusk|100\/100\n|-activate|p2a: Great Tusk|ability: Protosynthesis\n|-start|p2a: Great Tusk|protosynthesisatk\n|-terastallize|p1a: Ogerpon|Water\n|detailschange|p1a: Ogerpon|Ogerpon-Wellspring-Tera, F, tera:Water\n|-ability|p1a: Ogerpon|Embody Aspect (Wellspring)|boost\n|-boost|p1a: Ogerpon|spd|1\n|move|p1a: Ogerpon|Horn Leech|p2a: Great Tusk\n|-supereffective|p2a: Great Tusk\n|-damage|p2a: Great Tusk|40\/100\n|-heal|p1a: Ogerpon|100\/100|[from] drain|[of] p2a: Great Tusk\n|\n|-weather|SunnyDay|[upkeep]\n|upkeep\n|turn|13\n|\n|t:|1701212540\n|move|p1a: Ogerpon|Play Rough|p2a: Great Tusk\n|-supereffective|p2a: Great Tusk\n|-damage|p2a: Great Tusk|0 fnt\n|faint|p2a: Great Tusk\n|-end|p2a: Great Tusk|Protosynthesis|[silent]\n|\n|-weather|SunnyDay|[upkeep]\n|upkeep\n|\n|t:|1701212542\n|switch|p2a: Meowscarada|Meowscarada, M|100\/100\n|turn|14\n|\n|t:|1701212550\n|switch|p1a: Gholdengo|Gholdengo|100\/100\n|-damage|p1a: Gholdengo|94\/100|[from] Stealth Rock\n|-item|p1a: Gholdengo|Air Balloon\n|move|p2a: Meowscarada|U-turn|p1a: Gholdengo\n|-start|p2a: Meowscarada|typechange|Bug|[from] ability: Protean\n|-resisted|p1a: Gholdengo\n|-damage|p1a: Gholdengo|85\/100\n|-enditem|p1a: Gholdengo|Air Balloon\n|\n|t:|1701212555\n|switch|p2a: Typhlosion|Typhlosion-Hisui, M|100\/100|[from] U-turn\n|\n|-weather|none\n|upkeep\n|turn|15\n|\n|t:|1701212558\n|switch|p1a: Ogerpon|Ogerpon-Wellspring-Tera, F, tera:Water|100\/100\n|-damage|p1a: Ogerpon|88\/100|[from] Stealth Rock\n|-ability|p1a: Ogerpon|Embody Aspect (Wellspring)|boost\n|-boost|p1a: Ogerpon|spd|1\n|move|p2a: Typhlosion|Eruption|p1a: Ogerpon\n|-resisted|p1a: Ogerpon\n|-damage|p1a: Ogerpon|48\/100\n|\n|upkeep\n|turn|16\n|\n|t:|1701212565\n|switch|p1a: Ribombee|Ribombee, M|55\/100\n|-damage|p1a: Ribombee|30\/100|[from] Stealth Rock\n|switch|p2a: Torkoal|Torkoal, F|24\/100\n|-weather|SunnyDay|[from] ability: Drought|[of] p2a: Torkoal\n|\n|-weather|SunnyDay|[upkeep]\n|upkeep\n|turn|17\n|\n|t:|1701212575\n|switch|p2a: Hatterene|Hatterene, F, tera:Steel|6\/100\n|move|p1a: Ribombee|Moonblast|p2a: Hatterene\n|-resisted|p2a: Hatterene\n|-damage|p2a: Hatterene|0 fnt\n|faint|p2a: Hatterene\n|\n|-weather|SunnyDay|[upkeep]\n|upkeep\n|c|\u2606TheGr8est2EverDoIt|gg\n|-message|TheGr8est2EverDoIt forfeited.\n|\n|win|DivineGabriel\n|raw|TheGr8est2EverDoIt's rating: 1615 &rarr; <strong>1602<\/strong><br \/>(-13 for losing)\n|raw|DivineGabriel's rating: 1740 &rarr; <strong>1753<\/strong><br \/>(+13 for winning)\n|l|\u2606TheGr8est2EverDoIt\n|l|\u2606DivineGabriel\n","uploadtime":1701212649,"views":9,"p1id":"thegr8est2everdoit","p2id":"divinegabriel","formatid":"gen9ou","rating":1602,"private":0,"password":""}