{"id":"gen9ou-1989655308","p1":"Peter Griffin epic","p2":"eavo","format":"[Gen 9] OU","log":"|j|\u2606Peter Griffin epic\n|j|\u2606eavo\n|t:|1699883741\n|gametype|singles\n|player|p1|Peter Griffin epic|whitney|1331\n|player|p2|eavo|erika-gen2|1376\n|teamsize|p1|6\n|teamsize|p2|6\n|gen|9\n|tier|[Gen 9] OU\n|rated|\n|rule|Sleep Clause Mod: Limit one foe put to sleep\n|rule|Species Clause: Limit one of each Pok\u00e9mon\n|rule|OHKO Clause: OHKO moves are banned\n|rule|Evasion Items Clause: Evasion items are banned\n|rule|Evasion Moves Clause: Evasion moves are banned\n|rule|Endless Battle Clause: Forcing endless battles is banned\n|rule|HP Percentage Mod: HP is shown in percentages\n|clearpoke\n|poke|p1|Hydreigon, M|\n|poke|p1|Gholdengo|\n|poke|p1|Mandibuzz, F|\n|poke|p1|Heatran, M|\n|poke|p1|Milotic, M|\n|poke|p1|Mew|\n|poke|p2|Sneasler, M|\n|poke|p2|Greninja-*, M|\n|poke|p2|Walking Wake|\n|poke|p2|Enamorus, F|\n|poke|p2|Iron Valiant|\n|poke|p2|Ogerpon-Wellspring, F|\n|teampreview\n|inactive|Battle timer is ON: inactive players will automatically lose when time's up. (requested by eavo)\n|\n|t:|1699883764\n|start\n|switch|p1a: Mew|Mew|100\/100\n|switch|p2a: Greninja|Greninja, M|100\/100\n|turn|1\n|\n|t:|1699883770\n|switch|p1a: Milotic|Milotic, M|100\/100\n|move|p2a: Greninja|Taunt|p1a: Milotic\n|-start|p1a: Milotic|move: Taunt\n|\n|upkeep\n|turn|2\n|\n|t:|1699883773\n|move|p2a: Greninja|Toxic Spikes|p1a: Milotic\n|-sidestart|p1: Peter Griffin epic|move: Toxic Spikes\n|move|p1a: Milotic|Scald|p2a: Greninja\n|-resisted|p2a: Greninja\n|-damage|p2a: Greninja|77\/100\n|-status|p2a: Greninja|brn\n|\n|-damage|p2a: Greninja|71\/100 brn|[from] brn\n|upkeep\n|turn|3\n|\n|t:|1699883776\n|move|p2a: Greninja|Toxic Spikes|p1a: Milotic\n|-sidestart|p1: Peter Griffin epic|move: Toxic Spikes\n|move|p1a: Milotic|Scald|p2a: Greninja\n|-resisted|p2a: Greninja\n|-damage|p2a: Greninja|48\/100 brn\n|\n|-damage|p2a: Greninja|42\/100 brn|[from] brn\n|-end|p1a: Milotic|move: Taunt\n|upkeep\n|turn|4\n|\n|t:|1699883782\n|switch|p1a: Mew|Mew|100\/100\n|-status|p1a: Mew|tox\n|move|p2a: Greninja|Taunt|p1a: Mew\n|-start|p1a: Mew|move: Taunt\n|\n|-damage|p1a: Mew|94\/100 tox|[from] psn\n|-damage|p2a: Greninja|36\/100 brn|[from] brn\n|upkeep\n|turn|5\n|\n|t:|1699883784\n|move|p2a: Greninja|Surf|p1a: Mew\n|-damage|p1a: Mew|67\/100 tox\n|move|p1a: Mew|Knock Off|p2a: Greninja\n|-resisted|p2a: Greninja\n|-damage|p2a: Greninja|20\/100 brn\n|-enditem|p2a: Greninja|Focus Sash|[from] move: Knock Off|[of] p1a: Mew\n|\n|-heal|p1a: Mew|73\/100 tox|[from] item: Leftovers\n|-damage|p1a: Mew|61\/100 tox|[from] psn\n|-damage|p2a: Greninja|14\/100 brn|[from] brn\n|upkeep\n|turn|6\n|\n|t:|1699883797\n|move|p2a: Greninja|Spikes|p1a: Mew\n|-sidestart|p1: Peter Griffin epic|Spikes\n|move|p1a: Mew|Knock Off|p2a: Greninja\n|-resisted|p2a: Greninja\n|-damage|p2a: Greninja|2\/100 brn\n|\n|-heal|p1a: Mew|67\/100 tox|[from] item: Leftovers\n|-damage|p1a: Mew|48\/100 tox|[from] psn\n|-damage|p2a: Greninja|0 fnt|[from] brn\n|faint|p2a: Greninja\n|-end|p1a: Mew|move: Taunt\n|upkeep\n|\n|t:|1699883812\n|switch|p2a: Walking Wake|Walking Wake|100\/100\n|-enditem|p2a: Walking Wake|Booster Energy\n|-activate|p2a: Walking Wake|ability: Protosynthesis|[fromitem]\n|-start|p2a: Walking Wake|protosynthesisspa\n|turn|7\n|\n|t:|1699883816\n|move|p2a: Walking Wake|Substitute|p2a: Walking Wake\n|-start|p2a: Walking Wake|Substitute\n|-damage|p2a: Walking Wake|76\/100\n|move|p1a: Mew|Spikes|p2a: Walking Wake\n|-sidestart|p2: eavo|Spikes\n|\n|-heal|p1a: Mew|55\/100 tox|[from] item: Leftovers\n|-damage|p1a: Mew|30\/100 tox|[from] psn\n|upkeep\n|turn|8\n|\n|t:|1699883819\n|move|p2a: Walking Wake|Surf|p1a: Mew\n|-crit|p1a: Mew\n|-damage|p1a: Mew|0 fnt\n|faint|p1a: Mew\n|\n|upkeep\n|\n|t:|1699883830\n|switch|p1a: Milotic|Milotic, M|100\/100\n|turn|9\n|\n|t:|1699883833\n|move|p2a: Walking Wake|Agility|p2a: Walking Wake\n|-boost|p2a: Walking Wake|spe|2\n|move|p1a: Milotic|Mirror Coat||[still]\n|-fail|p1a: Milotic\n|\n|upkeep\n|turn|10\n|\n|t:|1699883840\n|-terastallize|p2a: Walking Wake|Water\n|move|p2a: Walking Wake|Surf|p1a: Milotic\n|-resisted|p1a: Milotic\n|-damage|p1a: Milotic|77\/100\n|move|p1a: Milotic|Haze|p1a: Milotic\n|-clearallboost\n|\n|upkeep\n|turn|11\n|\n|t:|1699883848\n|move|p2a: Walking Wake|Dragon Pulse|p1a: Milotic\n|-damage|p1a: Milotic|42\/100\n|move|p1a: Milotic|Mirror Coat|p2a: Walking Wake\n|-end|p2a: Walking Wake|Substitute\n|\n|upkeep\n|turn|12\n|\n|t:|1699883853\n|move|p2a: Walking Wake|Dragon Pulse|p1a: Milotic\n|-damage|p1a: Milotic|7\/100\n|move|p1a: Milotic|Recover|p1a: Milotic\n|-heal|p1a: Milotic|57\/100\n|\n|upkeep\n|turn|13\n|\n|t:|1699883856\n|move|p2a: Walking Wake|Substitute|p2a: Walking Wake\n|-start|p2a: Walking Wake|Substitute\n|-damage|p2a: Walking Wake|51\/100\n|move|p1a: Milotic|Mirror Coat||[still]\n|-fail|p1a: Milotic\n|\n|upkeep\n|turn|14\n|\n|t:|1699883861\n|move|p2a: Walking Wake|Dragon Pulse|p1a: Milotic\n|-damage|p1a: Milotic|23\/100\n|move|p1a: Milotic|Mirror Coat|p2a: Walking Wake\n|-end|p2a: Walking Wake|Substitute\n|\n|upkeep\n|turn|15\n|\n|t:|1699883864\n|move|p2a: Walking Wake|Dragon Pulse|p1a: Milotic\n|-damage|p1a: Milotic|0 fnt\n|faint|p1a: Milotic\n|\n|upkeep\n|\n|t:|1699883874\n|switch|p1a: The Lawyer|Gholdengo|100\/100\n|-item|p1a: The Lawyer|Air Balloon\n|turn|16\n|\n|t:|1699883879\n|move|p2a: Walking Wake|Surf|p1a: The Lawyer\n|-damage|p1a: The Lawyer|20\/100\n|-enditem|p1a: The Lawyer|Air Balloon\n|move|p1a: The Lawyer|Thunderbolt|p2a: Walking Wake\n|-supereffective|p2a: Walking Wake\n|-damage|p2a: Walking Wake|0 fnt\n|faint|p2a: Walking Wake\n|-end|p2a: Walking Wake|Protosynthesis|[silent]\n|\n|upkeep\n|\n|t:|1699883890\n|switch|p2a: Ogerpon|Ogerpon-Wellspring, F|100\/100\n|-damage|p2a: Ogerpon|88\/100|[from] Spikes\n|turn|17\n|\n|t:|1699883896\n|switch|p1a: Clueless|Mandibuzz, F|100\/100\n|move|p2a: Ogerpon|Ivy Cudgel|p1a: Clueless\n|-damage|p1a: Clueless|69\/100\n|\n|upkeep\n|turn|18\n|\n|t:|1699883900\n|move|p2a: Ogerpon|Swords Dance|p2a: Ogerpon\n|-boost|p2a: Ogerpon|atk|2\n|move|p1a: Clueless|Foul Play|p2a: Ogerpon\n|-damage|p2a: Ogerpon|0 fnt\n|faint|p2a: Ogerpon\n|\n|upkeep\n|\n|t:|1699883907\n|switch|p2a: Sneasler|Sneasler, M|100\/100\n|-damage|p2a: Sneasler|88\/100|[from] Spikes\n|turn|19\n|\n|t:|1699883916\n|move|p2a: Sneasler|Fake Out|p1a: Clueless\n|-enditem|p2a: Sneasler|Normal Gem|[from] gem\n|-damage|p1a: Clueless|58\/100\n|cant|p1a: Clueless|flinch\n|\n|upkeep\n|turn|20\n|\n|t:|1699883924\n|move|p2a: Sneasler|Dire Claw|p1a: Clueless\n|-damage|p1a: Clueless|30\/100\n|-status|p1a: Clueless|psn\n|move|p1a: Clueless|Iron Defense|p1a: Clueless\n|-boost|p1a: Clueless|def|2\n|\n|-damage|p1a: Clueless|18\/100 psn|[from] psn\n|upkeep\n|turn|21\n|\n|t:|1699883931\n|move|p2a: Sneasler|Acrobatics|p1a: Clueless\n|-damage|p1a: Clueless|6\/100 psn\n|move|p1a: Clueless|Foul Play|p2a: Sneasler\n|-resisted|p2a: Sneasler\n|-crit|p2a: Sneasler\n|-damage|p2a: Sneasler|24\/100\n|\n|-damage|p1a: Clueless|0 fnt|[from] psn\n|faint|p1a: Clueless\n|upkeep\n|\n|t:|1699883941\n|switch|p1a: Goofy Fella|Hydreigon, M|100\/100\n|turn|22\n|\n|t:|1699883946\n|move|p2a: Sneasler|Close Combat|p1a: Goofy Fella\n|-supereffective|p1a: Goofy Fella\n|-damage|p1a: Goofy Fella|0 fnt\n|-unboost|p2a: Sneasler|def|1\n|-unboost|p2a: Sneasler|spd|1\n|faint|p1a: Goofy Fella\n|\n|upkeep\n|\n|t:|1699883961\n|switch|p1a: Fire Mixtape|Heatran, M|100\/100\n|-item|p1a: Fire Mixtape|Air Balloon\n|turn|23\n|\n|t:|1699883974\n|-terastallize|p1a: Fire Mixtape|Grass\n|move|p2a: Sneasler|Close Combat|p1a: Fire Mixtape\n|-damage|p1a: Fire Mixtape|34\/100\n|-unboost|p2a: Sneasler|def|1\n|-unboost|p2a: Sneasler|spd|1\n|-enditem|p1a: Fire Mixtape|Air Balloon\n|move|p1a: Fire Mixtape|Earth Power|p2a: Sneasler\n|-supereffective|p2a: Sneasler\n|-damage|p2a: Sneasler|0 fnt\n|faint|p2a: Sneasler\n|\n|upkeep\n|\n|t:|1699883979\n|switch|p2a: Iron Valiant|Iron Valiant|100\/100\n|-damage|p2a: Iron Valiant|88\/100|[from] Spikes\n|-enditem|p2a: Iron Valiant|Booster Energy\n|-activate|p2a: Iron Valiant|ability: Quark Drive|[fromitem]\n|-start|p2a: Iron Valiant|quarkdrivespe\n|turn|24\n|\n|t:|1699883986\n|move|p2a: Iron Valiant|Close Combat|p1a: Fire Mixtape\n|-damage|p1a: Fire Mixtape|0 fnt\n|-unboost|p2a: Iron Valiant|def|1\n|-unboost|p2a: Iron Valiant|spd|1\n|faint|p1a: Fire Mixtape\n|\n|upkeep\n|\n|t:|1699883989\n|switch|p1a: The Lawyer|Gholdengo|20\/100\n|-damage|p1a: The Lawyer|8\/100|[from] Spikes\n|turn|25\n|\n|t:|1699883993\n|move|p2a: Iron Valiant|Knock Off|p1a: The Lawyer\n|-supereffective|p1a: The Lawyer\n|-damage|p1a: The Lawyer|0 fnt\n|faint|p1a: The Lawyer\n|\n|win|eavo\n|raw|Peter Griffin epic's rating: 1331 &rarr; <strong>1314<\/strong><br \/>(-17 for losing)\n|raw|eavo's rating: 1376 &rarr; <strong>1393<\/strong><br \/>(+17 for winning)\n|l|\u2606Peter Griffin epic\n|c|\u2606eavo|gg\n","uploadtime":1699884021,"views":6,"p1id":"petergriffinepic","p2id":"eavo","formatid":"gen9ou","rating":1314,"private":0,"password":""}