{"id":"gen9ou-1990831740","p1":"horseradish2","p2":"EkCantDrawLol","format":"[Gen 9] OU","log":"|j|\u2606horseradish2\n|j|\u2606EkCantDrawLol\n|inactive|Battle timer is ON: inactive players will automatically lose when time's up.\n|j|*Lady Monita \u2746\n|t:|1700005401\n|gametype|singles\n|player|p1|horseradish2|psychicf-gen4|\n|player|p2|EkCantDrawLol|skierf|\n|teamsize|p1|3\n|teamsize|p2|3\n|gen|9\n|tier|[Gen 9] OU\n|rated|Tournament battle\n|rule|Sleep Clause Mod: Limit one foe put to sleep\n|rule|Species Clause: Limit one of each Pok\u00e9mon\n|rule|OHKO Clause: OHKO moves are banned\n|rule|Evasion Items Clause: Evasion items are banned\n|rule|Evasion Moves Clause: Evasion moves are banned\n|rule|Endless Battle Clause: Forcing endless battles is banned\n|rule|HP Percentage Mod: HP is shown in percentages\n|clearpoke\n|poke|p1|Oshawott, F|\n|poke|p1|Ducklett, M|\n|poke|p1|Gimmighoul|\n|poke|p2|Feebas, F|\n|poke|p2|Chespin, F|\n|poke|p2|Igglybuff, F|\n|teampreview\n|\n|t:|1700005418\n|start\n|switch|p1a: Ducklett|Ducklett, M|100\/100\n|switch|p2a: Chespin|Chespin, F|100\/100\n|turn|1\n|\n|t:|1700005425\n|move|p1a: Ducklett|Tailwind|p1a: Ducklett\n|-sidestart|p1: horseradish2|move: Tailwind\n|move|p2a: Chespin|Leech Seed|p1a: Ducklett\n|-start|p1a: Ducklett|move: Leech Seed\n|\n|-damage|p1a: Ducklett|88\/100|[from] Leech Seed|[of] p2a: Chespin\n|upkeep\n|turn|2\n|\n|t:|1700005440\n|switch|p1a: Gimmighoul|Gimmighoul|100\/100\n|-singleturn|p2a: Chespin|move: Focus Punch\n|move|p2a: Chespin|Focus Punch|p1a: Gimmighoul\n|-immune|p1a: Gimmighoul\n|\n|upkeep\n|turn|3\n|\n|t:|1700005453\n|move|p2a: Chespin|Leech Seed|p1a: Gimmighoul\n|-start|p1a: Gimmighoul|move: Leech Seed\n|move|p1a: Gimmighoul|Shadow Ball|p2a: Chespin\n|-immune|p2a: Chespin|[from] ability: Bulletproof\n|\n|-damage|p1a: Gimmighoul|88\/100|[from] Leech Seed|[of] p2a: Chespin\n|upkeep\n|turn|4\n|\n|t:|1700005466\n|switch|p1a: Ducklett|Ducklett, M|88\/100\n|move|p2a: Chespin|Substitute|p2a: Chespin\n|-start|p2a: Chespin|Substitute\n|-damage|p2a: Chespin|76\/100\n|\n|-sideend|p1: horseradish2|move: Tailwind\n|upkeep\n|turn|5\n|\n|t:|1700005475\n|move|p1a: Ducklett|Protect|p1a: Ducklett\n|-singleturn|p1a: Ducklett|Protect\n|move|p2a: Chespin|Leech Seed|p1a: Ducklett\n|-activate|p1a: Ducklett|move: Protect\n|\n|upkeep\n|turn|6\n|\n|t:|1700005482\n|move|p1a: Ducklett|Chilling Water|p2a: Chespin\n|-resisted|p2a: Chespin\n|-activate|p2a: Chespin|move: Substitute|[damage]\n|move|p2a: Chespin|Leech Seed|p1a: Ducklett\n|-start|p1a: Ducklett|move: Leech Seed\n|\n|-damage|p1a: Ducklett|76\/100|[from] Leech Seed|[of] p2a: Chespin\n|-heal|p2a: Chespin|88\/100|[silent]\n|upkeep\n|turn|7\n|\n|t:|1700005492\n|move|p1a: Ducklett|Chilling Water|p2a: Chespin\n|-resisted|p2a: Chespin\n|-activate|p2a: Chespin|move: Substitute|[damage]\n|move|p2a: Chespin|Super Fang|p1a: Ducklett\n|-damage|p1a: Ducklett|38\/100\n|\n|-damage|p1a: Ducklett|26\/100|[from] Leech Seed|[of] p2a: Chespin\n|-heal|p2a: Chespin|100\/100|[silent]\n|upkeep\n|turn|8\n|\n|t:|1700005500\n|move|p1a: Ducklett|Chilling Water|p2a: Chespin\n|-resisted|p2a: Chespin\n|-activate|p2a: Chespin|move: Substitute|[damage]\n|move|p2a: Chespin|Substitute|p2a: Chespin\n|-fail|p2a: Chespin|move: Substitute\n|\n|-damage|p1a: Ducklett|14\/100|[from] Leech Seed|[of] p2a: Chespin\n|upkeep\n|turn|9\n|\n|t:|1700005508\n|switch|p1a: Gimmighoul|Gimmighoul|88\/100\n|-singleturn|p2a: Chespin|move: Focus Punch\n|move|p2a: Chespin|Focus Punch|p1a: Gimmighoul\n|-immune|p1a: Gimmighoul\n|\n|-heal|p1a: Gimmighoul|94\/100|[from] item: Leftovers\n|upkeep\n|turn|10\n|\n|t:|1700005519\n|move|p2a: Chespin|Leech Seed|p1a: Gimmighoul\n|-start|p1a: Gimmighoul|move: Leech Seed\n|move|p1a: Gimmighoul|Power Gem|p2a: Chespin\n|-end|p2a: Chespin|Substitute\n|\n|-heal|p1a: Gimmighoul|100\/100|[from] item: Leftovers\n|-damage|p1a: Gimmighoul|88\/100|[from] Leech Seed|[of] p2a: Chespin\n|upkeep\n|turn|11\n|\n|t:|1700005525\n|move|p2a: Chespin|Substitute|p2a: Chespin\n|-start|p2a: Chespin|Substitute\n|-damage|p2a: Chespin|76\/100\n|move|p1a: Gimmighoul|Nasty Plot|p1a: Gimmighoul\n|-boost|p1a: Gimmighoul|spa|2\n|\n|-heal|p1a: Gimmighoul|94\/100|[from] item: Leftovers\n|-damage|p1a: Gimmighoul|82\/100|[from] Leech Seed|[of] p2a: Chespin\n|-heal|p2a: Chespin|87\/100|[silent]\n|upkeep\n|turn|12\n|\n|t:|1700005535\n|move|p2a: Chespin|Substitute|p2a: Chespin\n|-fail|p2a: Chespin|move: Substitute\n|move|p1a: Gimmighoul|Power Gem|p2a: Chespin\n|-end|p2a: Chespin|Substitute\n|\n|-heal|p1a: Gimmighoul|88\/100|[from] item: Leftovers\n|-damage|p1a: Gimmighoul|76\/100|[from] Leech Seed|[of] p2a: Chespin\n|-heal|p2a: Chespin|99\/100|[silent]\n|upkeep\n|turn|13\n|\n|t:|1700005541\n|move|p2a: Chespin|Substitute|p2a: Chespin\n|-start|p2a: Chespin|Substitute\n|-damage|p2a: Chespin|74\/100\n|move|p1a: Gimmighoul|Power Gem|p2a: Chespin\n|-end|p2a: Chespin|Substitute\n|\n|-heal|p1a: Gimmighoul|82\/100|[from] item: Leftovers\n|-damage|p1a: Gimmighoul|70\/100|[from] Leech Seed|[of] p2a: Chespin\n|-heal|p2a: Chespin|85\/100|[silent]\n|upkeep\n|turn|14\n|\n|t:|1700005544\n|move|p2a: Chespin|Substitute|p2a: Chespin\n|-start|p2a: Chespin|Substitute\n|-damage|p2a: Chespin|60\/100\n|move|p1a: Gimmighoul|Power Gem|p2a: Chespin\n|-end|p2a: Chespin|Substitute\n|\n|-heal|p1a: Gimmighoul|76\/100|[from] item: Leftovers\n|-damage|p1a: Gimmighoul|64\/100|[from] Leech Seed|[of] p2a: Chespin\n|-heal|p2a: Chespin|72\/100|[silent]\n|upkeep\n|turn|15\n|\n|t:|1700005548\n|move|p2a: Chespin|Substitute|p2a: Chespin\n|-start|p2a: Chespin|Substitute\n|-damage|p2a: Chespin|47\/100\n|move|p1a: Gimmighoul|Power Gem|p2a: Chespin\n|-end|p2a: Chespin|Substitute\n|\n|-heal|p1a: Gimmighoul|70\/100|[from] item: Leftovers\n|-damage|p1a: Gimmighoul|58\/100|[from] Leech Seed|[of] p2a: Chespin\n|-heal|p2a: Chespin|59\/100|[silent]\n|upkeep\n|turn|16\n|\n|t:|1700005550\n|-terastallize|p2a: Chespin|Fighting\n|move|p2a: Chespin|Substitute|p2a: Chespin\n|-start|p2a: Chespin|Substitute\n|-damage|p2a: Chespin|34\/100\n|move|p1a: Gimmighoul|Power Gem|p2a: Chespin\n|-resisted|p2a: Chespin\n|-end|p2a: Chespin|Substitute\n|\n|-heal|p1a: Gimmighoul|64\/100|[from] item: Leftovers\n|-damage|p1a: Gimmighoul|52\/100|[from] Leech Seed|[of] p2a: Chespin\n|-heal|p2a: Chespin|45\/100|[silent]\n|upkeep\n|turn|17\n|\n|t:|1700005556\n|-terastallize|p1a: Gimmighoul|Fairy\n|move|p2a: Chespin|Substitute|p2a: Chespin\n|-start|p2a: Chespin|Substitute\n|-damage|p2a: Chespin|20\/100\n|move|p1a: Gimmighoul|Tera Blast|p2a: Chespin|[anim] Tera Blast Fairy\n|-supereffective|p2a: Chespin\n|-end|p2a: Chespin|Substitute\n|\n|-heal|p1a: Gimmighoul|58\/100|[from] item: Leftovers\n|-damage|p1a: Gimmighoul|45\/100|[from] Leech Seed|[of] p2a: Chespin\n|-heal|p2a: Chespin|32\/100|[silent]\n|upkeep\n|turn|18\n|\n|t:|1700005560\n|move|p2a: Chespin|Substitute|p2a: Chespin\n|-start|p2a: Chespin|Substitute\n|-damage|p2a: Chespin|7\/100\n|move|p1a: Gimmighoul|Tera Blast|p2a: Chespin|[anim] Tera Blast Fairy\n|-supereffective|p2a: Chespin\n|-end|p2a: Chespin|Substitute\n|\n|-heal|p1a: Gimmighoul|52\/100|[from] item: Leftovers\n|-damage|p1a: Gimmighoul|39\/100|[from] Leech Seed|[of] p2a: Chespin\n|-heal|p2a: Chespin|19\/100|[silent]\n|upkeep\n|turn|19\n|\n|t:|1700005563\n|move|p2a: Chespin|Substitute|p2a: Chespin\n|-fail|p2a: Chespin|move: Substitute|[weak]\n|move|p1a: Gimmighoul|Tera Blast|p2a: Chespin|[anim] Tera Blast Fairy\n|-supereffective|p2a: Chespin\n|-damage|p2a: Chespin|0 fnt\n|faint|p2a: Chespin\n|\n|-heal|p1a: Gimmighoul|45\/100|[from] item: Leftovers\n|upkeep\n|\n|t:|1700005568\n|switch|p2a: Feebas|Feebas, F, shiny|100\/100\n|turn|20\n|\n|t:|1700005571\n|switch|p1a: Oshawott|Oshawott, F|100\/100\n|move|p2a: Feebas|Waterfall|p1a: Oshawott\n|-resisted|p1a: Oshawott\n|-damage|p1a: Oshawott|71\/100\n|\n|upkeep\n|turn|21\n|\n|t:|1700005581\n|move|p2a: Feebas|Waterfall|p1a: Oshawott\n|-resisted|p1a: Oshawott\n|-damage|p1a: Oshawott|41\/100\n|cant|p1a: Oshawott|flinch\n|\n|upkeep\n|turn|22\n|\n|t:|1700005588\n|move|p2a: Feebas|Waterfall|p1a: Oshawott\n|-resisted|p1a: Oshawott\n|-crit|p1a: Oshawott\n|-damage|p1a: Oshawott|0 fnt\n|faint|p1a: Oshawott\n|\n|upkeep\n|\n|t:|1700005593\n|switch|p1a: Gimmighoul|Gimmighoul, tera:Fairy|45\/100\n|turn|23\n|\n|t:|1700005598\n|move|p2a: Feebas|Waterfall|p1a: Gimmighoul\n|-damage|p1a: Gimmighoul|0 fnt\n|faint|p1a: Gimmighoul\n|\n|upkeep\n|\n|t:|1700005602\n|switch|p1a: Ducklett|Ducklett, M|14\/100\n|turn|24\n|\n|t:|1700005606\n|move|p2a: Feebas|Waterfall|p1a: Ducklett\n|-resisted|p1a: Ducklett\n|-damage|p1a: Ducklett|0 fnt\n|faint|p1a: Ducklett\n|\n|win|EkCantDrawLol\n|n|\u2606horseradish2|horseradish2\n|n|\u2606EkCantDrawLol|ekcantdrawlol\n|n|*Lady Monita \u2746|ladymonita\n|l|*Lady Monita \u2746\n|l|\u2606horseradish2\n|c|\u2606EkCantDrawLol|Gg\n","uploadtime":1700005613,"views":12,"p1id":"horseradish2","p2id":"ekcantdrawlol","formatid":"gen9ou","rating":0,"private":0,"password":""}