{"id":"gen9ou-1994850670","p1":"RovaRed","p2":"Seaslugg22","format":"[Gen 9] OU","log":"|j|\u2606RovaRed\n|j|\u2606Seaslugg22\n|t:|1700498541\n|gametype|singles\n|player|p1|RovaRed|wicke|1308\n|player|p2|Seaslugg22|grusha|1307\n|teamsize|p1|6\n|teamsize|p2|6\n|gen|9\n|tier|[Gen 9] OU\n|rated|\n|rule|Sleep Clause Mod: Limit one foe put to sleep\n|rule|Species Clause: Limit one of each Pok\u00e9mon\n|rule|OHKO Clause: OHKO moves are banned\n|rule|Evasion Items Clause: Evasion items are banned\n|rule|Evasion Moves Clause: Evasion moves are banned\n|rule|Endless Battle Clause: Forcing endless battles is banned\n|rule|HP Percentage Mod: HP is shown in percentages\n|clearpoke\n|poke|p1|Haxorus, M|\n|poke|p1|Great Tusk|\n|poke|p1|Ribombee, M|\n|poke|p1|Iron Valiant|\n|poke|p1|Gholdengo|\n|poke|p1|Iron Moth|\n|poke|p2|Moltres|\n|poke|p2|Zapdos|\n|poke|p2|Glimmora, M|\n|poke|p2|Ribombee, M|\n|poke|p2|Gholdengo|\n|poke|p2|Dragapult, M|\n|teampreview\n|inactive|Battle timer is ON: inactive players will automatically lose when time's up. (requested by Seaslugg22)\n|\n|t:|1700498565\n|start\n|switch|p1a: Ribombee|Ribombee, M|100\/100\n|switch|p2a: Glimmora|Glimmora, M|100\/100\n|turn|1\n|\n|t:|1700498572\n|move|p1a: Ribombee|Skill Swap|p2a: Glimmora\n|-activate|p1a: Ribombee|move: Skill Swap|Toxic Debris|Shield Dust|[of] p2a: Glimmora\n|move|p2a: Glimmora|Mortal Spin|p1a: Ribombee\n|-supereffective|p1a: Ribombee\n|-damage|p1a: Ribombee|78\/100\n|-status|p1a: Ribombee|psn\n|-activate|p1a: Ribombee|ability: Toxic Debris\n|-sidestart|p2: Seaslugg22|move: Toxic Spikes\n|-sideend|p2: Seaslugg22|Toxic Spikes|[from] move: Mortal Spin|[of] p2a: Glimmora\n|\n|-damage|p1a: Ribombee|65\/100 psn|[from] psn\n|upkeep\n|turn|2\n|\n|t:|1700498584\n|move|p1a: Ribombee|Sticky Web|p2a: Glimmora\n|-sidestart|p2: Seaslugg22|move: Sticky Web\n|move|p2a: Glimmora|Power Gem|p1a: Ribombee\n|-supereffective|p1a: Ribombee\n|-damage|p1a: Ribombee|0 fnt\n|faint|p1a: Ribombee\n|\n|upkeep\n|inactive|RovaRed has 120 seconds left.\n|\n|t:|1700498613\n|switch|p1a: Haxorus|Haxorus, M|100\/100\n|-ability|p1a: Haxorus|Mold Breaker\n|turn|3\n|\n|t:|1700498616\n|-terastallize|p1a: Haxorus|Steel\n|-terastallize|p2a: Glimmora|Grass\n|move|p1a: Haxorus|Iron Head|p2a: Glimmora\n|-damage|p2a: Glimmora|48\/100\n|-damage|p1a: Haxorus|84\/100|[from] item: Rocky Helmet|[of] p2a: Glimmora\n|move|p2a: Glimmora|Mortal Spin|p1a: Haxorus\n|-immune|p1a: Haxorus\n|\n|upkeep\n|turn|4\n|\n|t:|1700498627\n|switch|p2a: Moltres|Moltres|100\/100\n|move|p1a: Haxorus|Scale Shot|p2a: Moltres\n|-damage|p2a: Moltres|90\/100\n|-damage|p2a: Moltres|79\/100\n|-damage|p2a: Moltres|69\/100\n|-damage|p2a: Moltres|59\/100\n|-damage|p2a: Moltres|49\/100\n|-hitcount|p2a: Moltres|5\n|-unboost|p1a: Haxorus|def|1\n|-boost|p1a: Haxorus|spe|1\n|\n|upkeep\n|turn|5\n|\n|t:|1700498641\n|move|p1a: Haxorus|Scale Shot|p2a: Moltres\n|-damage|p2a: Moltres|39\/100\n|-damage|p2a: Moltres|30\/100\n|-damage|p2a: Moltres|19\/100\n|-damage|p2a: Moltres|10\/100\n|-damage|p2a: Moltres|0 fnt\n|faint|p2a: Moltres\n|-hitcount|p2: Moltres|5\n|-unboost|p1a: Haxorus|def|1\n|-boost|p1a: Haxorus|spe|1\n|\n|upkeep\n|-message|Seaslugg22 forfeited.\n|\n|win|RovaRed\n|raw|RovaRed's rating: 1308 &rarr; <strong>1328<\/strong><br \/>(+20 for winning)\n|raw|Seaslugg22's rating: 1307 &rarr; <strong>1287<\/strong><br \/>(-20 for losing)\n|l|\u2606Seaslugg22\n","uploadtime":1700498656,"views":6,"p1id":"rovared","p2id":"seaslugg22","formatid":"gen9ou","rating":1287,"private":0,"password":""}