{"id":"gen9ou-1995345883","p1":"sleepcooling","p2":"Snakeuh","format":"[Gen 9] OU","log":"|j|\u2606sleepcooling\n|j|\u2606Snakeuh\n|t:|1700557408\n|gametype|singles\n|player|p1|sleepcooling|bianca|1602\n|player|p2|Snakeuh|pokemaniac|1476\n|teamsize|p1|6\n|teamsize|p2|6\n|gen|9\n|tier|[Gen 9] OU\n|rated|\n|rule|Sleep Clause Mod: Limit one foe put to sleep\n|rule|Species Clause: Limit one of each Pok\u00e9mon\n|rule|OHKO Clause: OHKO moves are banned\n|rule|Evasion Items Clause: Evasion items are banned\n|rule|Evasion Moves Clause: Evasion moves are banned\n|rule|Endless Battle Clause: Forcing endless battles is banned\n|rule|HP Percentage Mod: HP is shown in percentages\n|clearpoke\n|poke|p1|Weavile, M|\n|poke|p1|Hawlucha, F|\n|poke|p1|Great Tusk|\n|poke|p1|Rillaboom, M|\n|poke|p1|Ogerpon-Cornerstone, F|\n|poke|p1|Thundurus-Therian, M|\n|poke|p2|Empoleon, F|\n|poke|p2|Pelipper, M|\n|poke|p2|Zapdos|\n|poke|p2|Crawdaunt, M|\n|poke|p2|Ogerpon-Wellspring, F|\n|poke|p2|Kingambit, F|\n|teampreview\n|\n|t:|1700557415\n|start\n|switch|p1a: \u4e91\u4eba|Thundurus-Therian, M|100\/100\n|switch|p2a: Ogerpon|Ogerpon-Wellspring, F|100\/100\n|turn|1\n|\n|t:|1700557421\n|-terastallize|p2a: Ogerpon|Water\n|detailschange|p2a: Ogerpon|Ogerpon-Wellspring-Tera, F, tera:Water\n|-ability|p2a: Ogerpon|Embody Aspect (Wellspring)|boost\n|-boost|p2a: Ogerpon|spd|1\n|move|p1a: \u4e91\u4eba|Thunderbolt|p2a: Ogerpon\n|-supereffective|p2a: Ogerpon\n|-damage|p2a: Ogerpon|25\/100\n|move|p2a: Ogerpon|Ivy Cudgel|p1a: \u4e91\u4eba|[anim] Ivy Cudgel Water\n|-damage|p1a: \u4e91\u4eba|0 fnt\n|faint|p1a: \u4e91\u4eba\n|\n|upkeep\n|\n|t:|1700557437\n|switch|p1a: \u6076\u4eba|Weavile, M|100\/100\n|-ability|p1a: \u6076\u4eba|Pressure\n|turn|2\n|\n|t:|1700557449\n|switch|p2a: Pelipper|Pelipper, M|100\/100\n|-weather|RainDance|[from] ability: Drizzle|[of] p2a: Pelipper\n|move|p1a: \u6076\u4eba|Knock Off|p2a: Pelipper\n|-damage|p2a: Pelipper|61\/100\n|-enditem|p2a: Pelipper|Damp Rock|[from] move: Knock Off|[of] p1a: \u6076\u4eba\n|\n|-weather|RainDance|[upkeep]\n|upkeep\n|turn|3\n|\n|t:|1700557465\n|switch|p1a: \u5361\u749e\u7329\u7329|Rillaboom, M|100\/100\n|-fieldstart|move: Grassy Terrain|[from] ability: Grassy Surge|[of] p1a: \u5361\u749e\u7329\u7329\n|move|p2a: Pelipper|Surf|p1a: \u5361\u749e\u7329\u7329\n|-resisted|p1a: \u5361\u749e\u7329\u7329\n|-damage|p1a: \u5361\u749e\u7329\u7329|76\/100\n|-enditem|p1a: \u5361\u749e\u7329\u7329|Eject Button\n|\n|t:|1700557478\n|switch|p1a: \u53ef\u7231\u634f|Ogerpon-Cornerstone, F|100\/100\n|\n|-weather|RainDance|[upkeep]\n|upkeep\n|turn|4\n|\n|t:|1700557491\n|switch|p2a: Kingambit|Kingambit, F|100\/100\n|move|p1a: \u53ef\u7231\u634f|U-turn|p2a: Kingambit\n|-damage|p2a: Kingambit|80\/100\n|\n|t:|1700557496\n|switch|p1a: \u9e1f\u4eba|Hawlucha, F|100\/100|[from] U-turn\n|-enditem|p1a: \u9e1f\u4eba|Grassy Seed\n|-boost|p1a: \u9e1f\u4eba|def|1|[from] item: Grassy Seed\n|\n|-weather|RainDance|[upkeep]\n|-heal|p2a: Kingambit|86\/100|[from] Grassy Terrain\n|-heal|p2a: Kingambit|92\/100|[from] item: Leftovers\n|upkeep\n|turn|5\n|\n|t:|1700557501\n|-end|p2a: Kingambit|fallenundefined|[silent]\n|switch|p2a: Pelipper|Pelipper, M|61\/100\n|move|p1a: \u9e1f\u4eba|Swords Dance|p1a: \u9e1f\u4eba\n|-boost|p1a: \u9e1f\u4eba|atk|2\n|\n|-weather|RainDance|[upkeep]\n|upkeep\n|turn|6\n|\n|t:|1700557517\n|move|p1a: \u9e1f\u4eba|Acrobatics|p2a: Pelipper\n|-damage|p2a: Pelipper|0 fnt\n|faint|p2a: Pelipper\n|\n|-weather|RainDance|[upkeep]\n|upkeep\n|\n|t:|1700557520\n|switch|p2a: Zapdos|Zapdos|100\/100\n|turn|7\n|\n|t:|1700557526\n|-terastallize|p1a: \u9e1f\u4eba|Dark\n|move|p1a: \u9e1f\u4eba|Tera Blast|p2a: Zapdos|[anim] Tera Blast Dark\n|-damage|p2a: Zapdos|28\/100\n|move|p2a: Zapdos|Hurricane|p1a: \u9e1f\u4eba\n|-crit|p1a: \u9e1f\u4eba\n|-damage|p1a: \u9e1f\u4eba|0 fnt\n|faint|p1a: \u9e1f\u4eba\n|\n|-weather|RainDance|[upkeep]\n|-fieldend|move: Grassy Terrain\n|upkeep\n|\n|t:|1700557548\n|switch|p1a: \u6076\u4eba|Weavile, M|100\/100\n|-ability|p1a: \u6076\u4eba|Pressure\n|turn|8\n|\n|t:|1700557554\n|move|p1a: \u6076\u4eba|Swords Dance|p1a: \u6076\u4eba\n|-boost|p1a: \u6076\u4eba|atk|2\n|move|p2a: Zapdos|Volt Switch|p1a: \u6076\u4eba\n|-damage|p1a: \u6076\u4eba|59\/100\n|\n|t:|1700557558\n|switch|p2a: Crawdaunt|Crawdaunt, M|100\/100|[from] Volt Switch\n|\n|-weather|RainDance|[upkeep]\n|upkeep\n|turn|9\n|\n|t:|1700557563\n|move|p2a: Crawdaunt|Aqua Jet|p1a: \u6076\u4eba\n|-damage|p1a: \u6076\u4eba|0 fnt\n|faint|p1a: \u6076\u4eba\n|\n|-weather|none\n|upkeep\n|\n|t:|1700557568\n|switch|p1a: \u5361\u749e\u7329\u7329|Rillaboom, M|76\/100\n|-fieldstart|move: Grassy Terrain|[from] ability: Grassy Surge|[of] p1a: \u5361\u749e\u7329\u7329\n|turn|10\n|\n|t:|1700557576\n|switch|p2a: Ogerpon|Ogerpon-Wellspring-Tera, F, tera:Water|25\/100\n|-ability|p2a: Ogerpon|Embody Aspect (Wellspring)|boost\n|-boost|p2a: Ogerpon|spd|1\n|move|p1a: \u5361\u749e\u7329\u7329|U-turn|p2a: Ogerpon\n|-damage|p2a: Ogerpon|0 fnt\n|faint|p2a: Ogerpon\n|\n|t:|1700557585\n|switch|p1a: \u5de5\u5177\u4eba|Great Tusk|100\/100|[from] U-turn\n|\n|upkeep\n|\n|t:|1700557591\n|switch|p2a: Zapdos|Zapdos|28\/100\n|turn|11\n|\n|t:|1700557600\n|move|p2a: Zapdos|Hurricane|p1a: \u5de5\u5177\u4eba|[miss]\n|-miss|p2a: Zapdos|p1a: \u5de5\u5177\u4eba\n|move|p1a: \u5de5\u5177\u4eba|Rapid Spin|p2a: Zapdos\n|-damage|p2a: Zapdos|11\/100\n|-boost|p1a: \u5de5\u5177\u4eba|spe|1\n|\n|upkeep\n|turn|12\n|\n|t:|1700557603\n|move|p1a: \u5de5\u5177\u4eba|Rapid Spin|p2a: Zapdos\n|-damage|p2a: Zapdos|0 fnt\n|-boost|p1a: \u5de5\u5177\u4eba|spe|1\n|-status|p1a: \u5de5\u5177\u4eba|par|[from] ability: Static|[of] p2a: Zapdos\n|faint|p2a: Zapdos\n|\n|upkeep\n|\n|t:|1700557607\n|switch|p2a: Crawdaunt|Crawdaunt, M|100\/100\n|turn|13\n|\n|t:|1700557610\n|move|p1a: \u5de5\u5177\u4eba|Headlong Rush|p2a: Crawdaunt\n|-damage|p2a: Crawdaunt|6\/100\n|-unboost|p1a: \u5de5\u5177\u4eba|def|1\n|-unboost|p1a: \u5de5\u5177\u4eba|spd|1\n|move|p2a: Crawdaunt|Crabhammer|p1a: \u5de5\u5177\u4eba\n|-supereffective|p1a: \u5de5\u5177\u4eba\n|-enditem|p1a: \u5de5\u5177\u4eba|Focus Sash\n|-damage|p1a: \u5de5\u5177\u4eba|1\/100 par\n|\n|-heal|p1a: \u5de5\u5177\u4eba|7\/100 par|[from] Grassy Terrain\n|-heal|p2a: Crawdaunt|12\/100|[from] Grassy Terrain\n|upkeep\n|turn|14\n|\n|t:|1700557621\n|switch|p2a: Kingambit|Kingambit, F|92\/100\n|-activate|p2a: Kingambit|ability: Supreme Overlord\n|-start|p2a: Kingambit|fallen3|[silent]\n|move|p1a: \u5de5\u5177\u4eba|Headlong Rush|p2a: Kingambit\n|-supereffective|p2a: Kingambit\n|-damage|p2a: Kingambit|5\/100\n|-unboost|p1a: \u5de5\u5177\u4eba|def|1\n|-unboost|p1a: \u5de5\u5177\u4eba|spd|1\n|\n|-heal|p1a: \u5de5\u5177\u4eba|13\/100 par|[from] Grassy Terrain\n|-heal|p2a: Kingambit|12\/100|[from] Grassy Terrain\n|-heal|p2a: Kingambit|18\/100|[from] item: Leftovers\n|-fieldend|move: Grassy Terrain\n|upkeep\n|turn|15\n|inactive|Battle timer is ON: inactive players will automatically lose when time's up. (requested by Snakeuh)\n|\n|t:|1700557637\n|move|p1a: \u5de5\u5177\u4eba|Stealth Rock|p2a: Kingambit\n|-sidestart|p2: Snakeuh|move: Stealth Rock\n|move|p2a: Kingambit|Iron Head|p1a: \u5de5\u5177\u4eba\n|-damage|p1a: \u5de5\u5177\u4eba|0 fnt\n|faint|p1a: \u5de5\u5177\u4eba\n|-end|p1a: \u5de5\u5177\u4eba|Protosynthesis|[silent]\n|\n|-heal|p2a: Kingambit|24\/100|[from] item: Leftovers\n|upkeep\n|\n|t:|1700557645\n|switch|p1a: \u53ef\u7231\u634f|Ogerpon-Cornerstone, F|100\/100\n|turn|16\n|\n|t:|1700557665\n|move|p2a: Kingambit|Sucker Punch|p1a: \u53ef\u7231\u634f\n|-damage|p1a: \u53ef\u7231\u634f|30\/100\n|move|p1a: \u53ef\u7231\u634f|U-turn|p2a: Kingambit\n|-damage|p2a: Kingambit|4\/100\n|\n|t:|1700557669\n|switch|p1a: \u5361\u749e\u7329\u7329|Rillaboom, M|76\/100|[from] U-turn\n|-fieldstart|move: Grassy Terrain|[from] ability: Grassy Surge|[of] p1a: \u5361\u749e\u7329\u7329\n|\n|-heal|p1a: \u5361\u749e\u7329\u7329|82\/100|[from] Grassy Terrain\n|-heal|p2a: Kingambit|10\/100|[from] Grassy Terrain\n|-heal|p2a: Kingambit|16\/100|[from] item: Leftovers\n|upkeep\n|turn|17\n|\n|t:|1700557673\n|move|p1a: \u5361\u749e\u7329\u7329|Grassy Glide|p2a: Kingambit\n|-resisted|p2a: Kingambit\n|-damage|p2a: Kingambit|1\/100\n|move|p2a: Kingambit|Kowtow Cleave|p1a: \u5361\u749e\u7329\u7329\n|-damage|p1a: \u5361\u749e\u7329\u7329|19\/100\n|\n|-heal|p1a: \u5361\u749e\u7329\u7329|25\/100|[from] Grassy Terrain\n|-heal|p2a: Kingambit|7\/100|[from] Grassy Terrain\n|-heal|p2a: Kingambit|13\/100|[from] item: Leftovers\n|upkeep\n|turn|18\n|\n|t:|1700557680\n|move|p1a: \u5361\u749e\u7329\u7329|Grassy Glide|p2a: Kingambit\n|-resisted|p2a: Kingambit\n|-damage|p2a: Kingambit|0 fnt\n|faint|p2a: Kingambit\n|-end|p2a: Kingambit|fallen3|[silent]\n|\n|-heal|p1a: \u5361\u749e\u7329\u7329|31\/100|[from] Grassy Terrain\n|upkeep\n|\n|t:|1700557683\n|switch|p2a: Empoleon|Empoleon, F|100\/100\n|-damage|p2a: Empoleon|94\/100|[from] Stealth Rock\n|turn|19\n|\n|t:|1700557690\n|move|p1a: \u5361\u749e\u7329\u7329|Wood Hammer|p2a: Empoleon\n|-damage|p2a: Empoleon|8\/100\n|-damage|p1a: \u5361\u749e\u7329\u7329|5\/100|[from] Recoil\n|move|p2a: Empoleon|Ice Beam|p1a: \u5361\u749e\u7329\u7329\n|-supereffective|p1a: \u5361\u749e\u7329\u7329\n|-damage|p1a: \u5361\u749e\u7329\u7329|0 fnt\n|faint|p1a: \u5361\u749e\u7329\u7329\n|\n|-heal|p2a: Empoleon|14\/100|[from] Grassy Terrain\n|-heal|p2a: Empoleon|20\/100|[from] item: Leftovers\n|upkeep\n|\n|t:|1700557695\n|switch|p1a: \u53ef\u7231\u634f|Ogerpon-Cornerstone, F|30\/100\n|turn|20\n|\n|t:|1700557700\n|move|p1a: \u53ef\u7231\u634f|Horn Leech|p2a: Empoleon\n|-damage|p2a: Empoleon|0 fnt\n|-heal|p1a: \u53ef\u7231\u634f|42\/100|[from] drain|[of] p2a: Empoleon\n|faint|p2a: Empoleon\n|\n|-heal|p1a: \u53ef\u7231\u634f|48\/100|[from] Grassy Terrain\n|-fieldend|move: Grassy Terrain\n|upkeep\n|\n|t:|1700557703\n|switch|p2a: Crawdaunt|Crawdaunt, M|12\/100\n|-damage|p2a: Crawdaunt|0 fnt|[from] Stealth Rock\n|faint|p2a: Crawdaunt\n|\n|win|sleepcooling\n|raw|sleepcooling's rating: 1602 &rarr; <strong>1615<\/strong><br \/>(+13 for winning)\n|raw|Snakeuh's rating: 1476 &rarr; <strong>1463<\/strong><br \/>(-13 for losing)\n|l|\u2606Snakeuh\n","uploadtime":1700557713,"views":19,"p1id":"sleepcooling","p2id":"snakeuh","formatid":"gen9ou","rating":1463,"private":0,"password":""}