{"id":"gen9ou-1997509400","p1":"Dranaeth","p2":"nantfrek","format":"[Gen 9] OU","log":"|j|\u2606Dranaeth\n|j|\u203dnantfrek\n|t:|1700817599\n|gametype|singles\n|player|p1|Dranaeth|266|1587\n|player|p2|nantfrek|boarder|1549\n|teamsize|p1|6\n|teamsize|p2|6\n|gen|9\n|tier|[Gen 9] OU\n|rated|\n|rule|Sleep Clause Mod: Limit one foe put to sleep\n|rule|Species Clause: Limit one of each Pok\u00e9mon\n|rule|OHKO Clause: OHKO moves are banned\n|rule|Evasion Items Clause: Evasion items are banned\n|rule|Evasion Moves Clause: Evasion moves are banned\n|rule|Endless Battle Clause: Forcing endless battles is banned\n|rule|HP Percentage Mod: HP is shown in percentages\n|clearpoke\n|poke|p1|Kingambit, M|\n|poke|p1|Great Tusk|\n|poke|p1|Dragapult, M|\n|poke|p1|Ogerpon-Wellspring, F|\n|poke|p1|Blissey, F|\n|poke|p1|Zapdos|\n|poke|p2|Dragapult, F|\n|poke|p2|Great Tusk|\n|poke|p2|Greninja-*, M|\n|poke|p2|Moltres|\n|poke|p2|Clodsire, F|\n|poke|p2|Cresselia, F|\n|teampreview\n|\n|t:|1700817628\n|start\n|switch|p1a: Great Tusk|Great Tusk|100\/100\n|switch|p2a: Dragapult|Dragapult, F|100\/100\n|turn|1\n|\n|t:|1700817631\n|-end|p1a: Great Tusk|Protosynthesis|[silent]\n|switch|p1a: Blissey|Blissey, F|100\/100\n|move|p2a: Dragapult|U-turn|p1a: Blissey\n|-damage|p1a: Blissey|65\/100\n|\n|t:|1700817638\n|switch|p2a: Great Tusk|Great Tusk|100\/100|[from] U-turn\n|\n|upkeep\n|turn|2\n|\n|t:|1700817644\n|switch|p1a: Zapdos|Zapdos|100\/100\n|move|p2a: Great Tusk|Stealth Rock|p1a: Zapdos\n|-sidestart|p1: Dranaeth|move: Stealth Rock\n|\n|upkeep\n|turn|3\n|\n|t:|1700817647\n|-end|p2a: Great Tusk|Protosynthesis|[silent]\n|switch|p2a: Clodsire|Clodsire, F|100\/100\n|move|p1a: Zapdos|Hurricane|p2a: Clodsire\n|-damage|p2a: Clodsire|75\/100\n|\n|upkeep\n|turn|4\n|\n|t:|1700817653\n|switch|p1a: Blissey|Blissey, F|65\/100\n|move|p2a: Clodsire|Toxic|p1a: Blissey\n|-status|p1a: Blissey|tox\n|\n|-damage|p1a: Blissey|59\/100 tox|[from] psn\n|upkeep\n|turn|5\n|\n|t:|1700817658\n|-curestatus|p1a: Blissey|tox|[from] ability: Natural Cure\n|switch|p1a: Kingambit|Kingambit, M|100\/100\n|-damage|p1a: Kingambit|94\/100|[from] Stealth Rock\n|move|p2a: Clodsire|Spikes|p1a: Kingambit\n|-sidestart|p1: Dranaeth|Spikes\n|\n|upkeep\n|turn|6\n|\n|t:|1700817665\n|switch|p2a: Moltres|Moltres|100\/100\n|move|p1a: Kingambit|Kowtow Cleave|p2a: Moltres\n|-damage|p2a: Moltres|64\/100\n|-status|p1a: Kingambit|brn|[from] ability: Flame Body|[of] p2a: Moltres\n|\n|-damage|p1a: Kingambit|88\/100 brn|[from] brn\n|upkeep\n|turn|7\n|\n|t:|1700817668\n|move|p2a: Moltres|Roost|p2a: Moltres\n|-heal|p2a: Moltres|100\/100\n|-singleturn|p2a: Moltres|move: Roost\n|move|p1a: Kingambit|Swords Dance|p1a: Kingambit\n|-boost|p1a: Kingambit|atk|2\n|\n|-damage|p1a: Kingambit|82\/100 brn|[from] brn\n|upkeep\n|turn|8\n|\n|t:|1700817672\n|move|p1a: Kingambit|Sucker Punch|p2a: Moltres\n|-damage|p2a: Moltres|74\/100\n|move|p2a: Moltres|Flamethrower|p1a: Kingambit\n|-supereffective|p1a: Kingambit\n|-damage|p1a: Kingambit|7\/100 brn\n|\n|-damage|p1a: Kingambit|1\/100 brn|[from] brn\n|upkeep\n|turn|9\n|\n|t:|1700817678\n|move|p2a: Moltres|Roost|p2a: Moltres\n|-heal|p2a: Moltres|100\/100\n|-singleturn|p2a: Moltres|move: Roost\n|move|p1a: Kingambit|Kowtow Cleave|p2a: Moltres\n|-damage|p2a: Moltres|68\/100\n|\n|-damage|p1a: Kingambit|0 fnt|[from] brn\n|faint|p1a: Kingambit\n|-end|p1a: Kingambit|fallenundefined|[silent]\n|upkeep\n|\n|t:|1700817681\n|switch|p1a: Zapdos|Zapdos|100\/100\n|turn|10\n|\n|t:|1700817684\n|switch|p2a: Clodsire|Clodsire, F|75\/100\n|move|p1a: Zapdos|Hurricane|p2a: Clodsire|[miss]\n|-miss|p1a: Zapdos|p2a: Clodsire\n|\n|upkeep\n|turn|11\n|\n|t:|1700817689\n|move|p1a: Zapdos|Hurricane|p2a: Clodsire\n|-damage|p2a: Clodsire|50\/100\n|move|p2a: Clodsire|Spikes|p1a: Zapdos\n|-sidestart|p1: Dranaeth|Spikes\n|\n|upkeep\n|turn|12\n|\n|t:|1700817696\n|switch|p1a: Great Tusk|Great Tusk|100\/100\n|-damage|p1a: Great Tusk|98\/100|[from] Stealth Rock\n|-damage|p1a: Great Tusk|81\/100|[from] Spikes\n|move|p2a: Clodsire|Recover|p2a: Clodsire\n|-heal|p2a: Clodsire|99\/100\n|\n|-heal|p1a: Great Tusk|87\/100|[from] item: Leftovers\n|upkeep\n|turn|13\n|\n|t:|1700817700\n|switch|p2a: Dragapult|Dragapult, F|100\/100\n|move|p1a: Great Tusk|Rapid Spin|p2a: Dragapult\n|-immune|p2a: Dragapult\n|\n|-heal|p1a: Great Tusk|93\/100|[from] item: Leftovers\n|upkeep\n|turn|14\n|\n|t:|1700817707\n|switch|p2a: Moltres|Moltres|68\/100\n|move|p1a: Great Tusk|Knock Off|p2a: Moltres\n|-damage|p2a: Moltres|46\/100\n|-enditem|p2a: Moltres|Heavy-Duty Boots|[from] move: Knock Off|[of] p1a: Great Tusk\n|\n|-heal|p1a: Great Tusk|99\/100|[from] item: Leftovers\n|upkeep\n|turn|15\n|\n|t:|1700817714\n|move|p1a: Great Tusk|Rapid Spin|p2a: Moltres\n|-damage|p2a: Moltres|36\/100\n|-boost|p1a: Great Tusk|spe|1\n|-sideend|p1: Dranaeth|Spikes|[from] move: Rapid Spin|[of] p1a: Great Tusk\n|-sideend|p1: Dranaeth|Stealth Rock|[from] move: Rapid Spin|[of] p1a: Great Tusk\n|move|p2a: Moltres|Flamethrower|p1a: Great Tusk\n|-damage|p1a: Great Tusk|54\/100\n|\n|-heal|p1a: Great Tusk|60\/100|[from] item: Leftovers\n|upkeep\n|turn|16\n|\n|t:|1700817718\n|-end|p1a: Great Tusk|Protosynthesis|[silent]\n|switch|p1a: Blissey|Blissey, F|59\/100\n|move|p2a: Moltres|Roost|p2a: Moltres\n|-heal|p2a: Moltres|86\/100\n|-singleturn|p2a: Moltres|move: Roost\n|\n|upkeep\n|turn|17\n|\n|t:|1700817720\n|move|p2a: Moltres|U-turn|p1a: Blissey\n|-damage|p1a: Blissey|46\/100\n|inactive|Battle timer is ON: inactive players will automatically lose when time's up. (requested by Dranaeth)\n|\n|t:|1700817724\n|switch|p2a: Great Tusk|Great Tusk|100\/100|[from] U-turn\n|move|p1a: Blissey|Soft-Boiled|p1a: Blissey\n|-heal|p1a: Blissey|96\/100\n|\n|upkeep\n|turn|18\n|\n|t:|1700817727\n|switch|p1a: Zapdos|Zapdos|100\/100\n|move|p2a: Great Tusk|Stealth Rock|p1a: Zapdos\n|-sidestart|p1: Dranaeth|move: Stealth Rock\n|\n|upkeep\n|turn|19\n|\n|t:|1700817734\n|switch|p1a: Ogerpon|Ogerpon-Wellspring, F|100\/100\n|-damage|p1a: Ogerpon|88\/100|[from] Stealth Rock\n|-end|p2a: Great Tusk|Protosynthesis|[silent]\n|switch|p2a: Clodsire|Clodsire, F|99\/100\n|\n|upkeep\n|turn|20\n|\n|t:|1700817748\n|move|p1a: Ogerpon|U-turn|p2a: Clodsire\n|-resisted|p2a: Clodsire\n|-damage|p2a: Clodsire|85\/100\n|\n|t:|1700817755\n|switch|p1a: Blissey|Blissey, F|96\/100|[from] U-turn\n|move|p2a: Clodsire|Toxic|p1a: Blissey\n|-status|p1a: Blissey|tox\n|\n|-damage|p1a: Blissey|90\/100 tox|[from] psn\n|upkeep\n|turn|21\n|\n|t:|1700817762\n|move|p1a: Blissey|Stealth Rock|p2a: Clodsire\n|-sidestart|p2: nantfrek|move: Stealth Rock\n|move|p2a: Clodsire|Spikes|p1a: Blissey\n|-sidestart|p1: Dranaeth|Spikes\n|\n|-damage|p1a: Blissey|77\/100 tox|[from] psn\n|upkeep\n|turn|22\n|\n|t:|1700817765\n|-curestatus|p1a: Blissey|tox|[from] ability: Natural Cure\n|switch|p1a: Ogerpon|Ogerpon-Wellspring, F|88\/100\n|-damage|p1a: Ogerpon|76\/100|[from] Stealth Rock\n|-damage|p1a: Ogerpon|64\/100|[from] Spikes\n|move|p2a: Clodsire|Spikes|p1a: Ogerpon\n|-sidestart|p1: Dranaeth|Spikes\n|\n|upkeep\n|turn|23\n|\n|t:|1700817770\n|switch|p2a: Moltres|Moltres|86\/100\n|-damage|p2a: Moltres|36\/100|[from] Stealth Rock\n|move|p1a: Ogerpon|Encore||[still]\n|-fail|p1a: Ogerpon\n|\n|upkeep\n|turn|24\n|\n|t:|1700817778\n|move|p1a: Ogerpon|Ivy Cudgel|p2a: Moltres|[anim] Ivy Cudgel Water\n|-supereffective|p2a: Moltres\n|-damage|p2a: Moltres|0 fnt\n|faint|p2a: Moltres\n|\n|upkeep\n|\n|t:|1700817781\n|switch|p2a: Dragapult|Dragapult, F|100\/100\n|-damage|p2a: Dragapult|88\/100|[from] Stealth Rock\n|turn|25\n|\n|t:|1700817797\n|switch|p1a: Zapdos|Zapdos|100\/100\n|move|p2a: Dragapult|U-turn|p1a: Zapdos\n|-resisted|p1a: Zapdos\n|-damage|p1a: Zapdos|84\/100\n|\n|t:|1700817804\n|switch|p2a: Clodsire|Clodsire, F|85\/100|[from] U-turn\n|\n|upkeep\n|turn|26\n|\n|t:|1700817811\n|switch|p1a: Great Tusk|Great Tusk|60\/100\n|-damage|p1a: Great Tusk|57\/100|[from] Stealth Rock\n|-damage|p1a: Great Tusk|41\/100|[from] Spikes\n|move|p2a: Clodsire|Spikes|p1a: Great Tusk\n|-sidestart|p1: Dranaeth|Spikes\n|\n|-heal|p1a: Great Tusk|47\/100|[from] item: Leftovers\n|upkeep\n|turn|27\n|\n|t:|1700817817\n|switch|p2a: Dragapult|Dragapult, F|88\/100\n|-damage|p2a: Dragapult|76\/100|[from] Stealth Rock\n|move|p1a: Great Tusk|Earthquake|p2a: Dragapult\n|-damage|p2a: Dragapult|21\/100\n|\n|-heal|p1a: Great Tusk|53\/100|[from] item: Leftovers\n|upkeep\n|turn|28\n|\n|t:|1700817829\n|-end|p1a: Great Tusk|Protosynthesis|[silent]\n|switch|p1a: Zapdos|Zapdos|84\/100\n|move|p2a: Dragapult|Dragon Darts|p1a: Zapdos\n|-damage|p1a: Zapdos|53\/100\n|-anim|p2a: Dragapult|Dragon Darts|p1a: Zapdos\n|-damage|p1a: Zapdos|18\/100\n|\n|upkeep\n|turn|29\n|\n|t:|1700817839\n|move|p2a: Dragapult|Dragon Darts|p1a: Zapdos\n|-damage|p1a: Zapdos|0 fnt\n|faint|p1a: Zapdos\n|\n|upkeep\n|\n|t:|1700817841\n|switch|p1a: Blissey|Blissey, F|77\/100\n|turn|30\n|j| dfghhhg\n|\n|t:|1700817843\n|move|p2a: Dragapult|Dragon Darts|p1a: Blissey\n|-damage|p1a: Blissey|40\/100\n|-anim|p2a: Dragapult|Dragon Darts|p1a: Blissey\n|-damage|p1a: Blissey|7\/100\n|move|p1a: Blissey|Shadow Ball|p2a: Dragapult\n|-supereffective|p2a: Dragapult\n|-damage|p2a: Dragapult|0 fnt\n|faint|p2a: Dragapult\n|\n|upkeep\n|\n|t:|1700817849\n|switch|p2a: Greninja|Greninja, M|100\/100\n|-damage|p2a: Greninja|88\/100|[from] Stealth Rock\n|turn|31\n|\n|t:|1700817857\n|move|p2a: Greninja|Dark Pulse|p1a: Blissey\n|-damage|p1a: Blissey|0 fnt\n|faint|p1a: Blissey\n|-ability|p2a: Greninja|Battle Bond|boost\n|-boost|p2a: Greninja|atk|1\n|-boost|p2a: Greninja|spa|1\n|-boost|p2a: Greninja|spe|1\n|-activate|p2a: Greninja|ability: Battle Bond\n|\n|upkeep\n|\n|t:|1700817859\n|switch|p1a: Ogerpon|Ogerpon-Wellspring, F|64\/100\n|-damage|p1a: Ogerpon|51\/100|[from] Stealth Rock\n|-damage|p1a: Ogerpon|26\/100|[from] Spikes\n|turn|32\n|\n|t:|1700817863\n|-terastallize|p1a: Ogerpon|Water\n|detailschange|p1a: Ogerpon|Ogerpon-Wellspring-Tera, F, tera:Water\n|-ability|p1a: Ogerpon|Embody Aspect (Wellspring)|boost\n|-boost|p1a: Ogerpon|spd|1\n|move|p2a: Greninja|Dark Pulse|p1a: Ogerpon\n|-damage|p1a: Ogerpon|0 fnt\n|faint|p1a: Ogerpon\n|\n|upkeep\n|-message|Dranaeth forfeited.\n|\n|win|nantfrek\n|raw|Dranaeth's rating: 1587 &rarr; <strong>1565<\/strong><br \/>(-22 for losing)\n|raw|nantfrek's rating: 1549 &rarr; <strong>1571<\/strong><br \/>(+22 for winning)\n|l|\u2606Dranaeth\n|l|\u203dnantfrek\n","uploadtime":1700818094,"views":5,"p1id":"dranaeth","p2id":"nantfrek","formatid":"gen9ou","rating":1565,"private":0,"password":""}