{"id":"gen9ou-1999895090","p1":"PLLV52 Notes","p2":"zippitytippity","format":"[Gen 9] OU","log":"|j|\u2606PLLV52 Notes\n|j|\u2606zippitytippity\n|t:|1701127340\n|gametype|singles\n|player|p1|PLLV52 Notes|265|1676\n|player|p2|zippitytippity|cynthia-masters|1562\n|teamsize|p1|6\n|teamsize|p2|6\n|gen|9\n|tier|[Gen 9] OU\n|rated|\n|rule|Sleep Clause Mod: Limit one foe put to sleep\n|rule|Species Clause: Limit one of each Pok\u00e9mon\n|rule|OHKO Clause: OHKO moves are banned\n|rule|Evasion Items Clause: Evasion items are banned\n|rule|Evasion Moves Clause: Evasion moves are banned\n|rule|Endless Battle Clause: Forcing endless battles is banned\n|rule|HP Percentage Mod: HP is shown in percentages\n|clearpoke\n|poke|p1|Great Tusk|\n|poke|p1|Kingambit, F|\n|poke|p1|Dragapult, F|\n|poke|p1|Rillaboom, F|\n|poke|p1|Heatran, M|\n|poke|p1|Hawlucha, F|\n|poke|p2|Kingambit, F|\n|poke|p2|Ceruledge, M|\n|poke|p2|Conkeldurr, M|\n|poke|p2|Dragonite, M|\n|poke|p2|Cinderace, M|\n|poke|p2|Slowbro-Galar, M|\n|teampreview\n|inactive|Battle timer is ON: inactive players will automatically lose when time's up. (requested by zippitytippity)\n|\n|t:|1701127362\n|start\n|switch|p1a: Heatran|Heatran, M|100\/100\n|switch|p2a: Conkeldurr|Conkeldurr, M|100\/100\n|-item|p1a: Heatran|Air Balloon\n|turn|1\n|\n|t:|1701127371\n|move|p1a: Heatran|Stealth Rock|p2a: Conkeldurr\n|-sidestart|p2: zippitytippity|move: Stealth Rock\n|move|p2a: Conkeldurr|Drain Punch|p1a: Heatran\n|-supereffective|p1a: Heatran\n|-damage|p1a: Heatran|0 fnt\n|-enditem|p1a: Heatran|Air Balloon\n|faint|p1a: Heatran\n|\n|upkeep\n|inactive|PLLV52 Notes has 120 seconds left.\n|\n|t:|1701127406\n|switch|p1a: Dragapult|Dragapult, F|100\/100\n|turn|2\n|inactive|PLLV52 Notes has 120 seconds left.\n|\n|t:|1701127412\n|move|p1a: Dragapult|Thunder Wave|p2a: Conkeldurr\n|-status|p2a: Conkeldurr|par\n|move|p2a: Conkeldurr|Ice Punch|p1a: Dragapult\n|-supereffective|p1a: Dragapult\n|-damage|p1a: Dragapult|5\/100\n|-status|p1a: Dragapult|frz\n|\n|upkeep\n|turn|3\n|\n|t:|1701127418\n|cant|p1a: Dragapult|frz\n|cant|p2a: Conkeldurr|par\n|\n|upkeep\n|turn|4\n|\n|t:|1701127423\n|cant|p1a: Dragapult|frz\n|move|p2a: Conkeldurr|Ice Punch|p1a: Dragapult\n|-supereffective|p1a: Dragapult\n|-crit|p1a: Dragapult\n|-damage|p1a: Dragapult|0 fnt\n|faint|p1a: Dragapult\n|\n|upkeep\n|\n|t:|1701127428\n|switch|p1a: Great Tusk|Great Tusk|100\/100\n|-enditem|p1a: Great Tusk|Booster Energy\n|-activate|p1a: Great Tusk|ability: Protosynthesis|[fromitem]\n|-start|p1a: Great Tusk|protosynthesisspe\n|turn|5\n|\n|t:|1701127434\n|move|p1a: Great Tusk|Bulk Up|p1a: Great Tusk\n|-boost|p1a: Great Tusk|atk|1\n|-boost|p1a: Great Tusk|def|1\n|move|p2a: Conkeldurr|Ice Punch|p1a: Great Tusk\n|-supereffective|p1a: Great Tusk\n|-damage|p1a: Great Tusk|72\/100\n|-status|p1a: Great Tusk|frz\n|\n|upkeep\n|turn|6\n|j| quesitoooo\n|c|\u2606PLLV52 Notes|lol\n|c|\u2606zippitytippity|wow\n|c|\u2606zippitytippity|unfort\n|\n|t:|1701127446\n|switch|p2a: Slowbro|Slowbro-Galar, M|100\/100\n|-damage|p2a: Slowbro|88\/100|[from] Stealth Rock\n|cant|p1a: Great Tusk|frz\n|\n|upkeep\n|turn|7\n|-activate|p2a: Slowbro|ability: Quick Draw\n|\n|t:|1701127450\n|move|p2a: Slowbro|Surf|p1a: Great Tusk\n|-supereffective|p1a: Great Tusk\n|-damage|p1a: Great Tusk|0 fnt\n|faint|p1a: Great Tusk\n|-end|p1a: Great Tusk|Protosynthesis|[silent]\n|\n|upkeep\n|\n|t:|1701127452\n|switch|p1a: Rillaboom|Rillaboom, F|100\/100\n|-fieldstart|move: Grassy Terrain|[from] ability: Grassy Surge|[of] p1a: Rillaboom\n|turn|8\n|-activate|p2a: Slowbro|ability: Quick Draw\n|\n|t:|1701127457\n|move|p2a: Slowbro|Sludge Bomb|p1a: Rillaboom\n|-supereffective|p1a: Rillaboom\n|-damage|p1a: Rillaboom|0 fnt\n|faint|p1a: Rillaboom\n|\n|-heal|p2a: Slowbro|94\/100|[from] Grassy Terrain\n|upkeep\n|\n|t:|1701127461\n|switch|p1a: Hawlucha|Hawlucha, F|100\/100\n|-enditem|p1a: Hawlucha|Grassy Seed\n|-boost|p1a: Hawlucha|def|1|[from] item: Grassy Seed\n|turn|9\n|-activate|p2a: Slowbro|item: Quick Claw\n|\n|t:|1701127466\n|move|p2a: Slowbro|Sludge Bomb|p1a: Hawlucha\n|-damage|p1a: Hawlucha|25\/100\n|-status|p1a: Hawlucha|psn\n|move|p1a: Hawlucha|Acrobatics|p2a: Slowbro\n|-damage|p2a: Slowbro|49\/100\n|\n|-heal|p2a: Slowbro|55\/100|[from] Grassy Terrain\n|-damage|p1a: Hawlucha|12\/100 psn|[from] psn\n|upkeep\n|turn|10\n|c|\u2606zippitytippity|bruh\n|c|\u2606PLLV52 Notes|what is this\n|c|\u2606zippitytippity|unfort\n|c|\u2606PLLV52 Notes|jesus\n|-message|PLLV52 Notes forfeited.\n|\n|win|zippitytippity\n|raw|PLLV52 Notes's rating: 1676 &rarr; <strong>1650<\/strong><br \/>(-26 for losing)\n|raw|zippitytippity's rating: 1562 &rarr; <strong>1588<\/strong><br \/>(+26 for winning)\n|l|\u2606PLLV52 Notes\n|l|\u2606zippitytippity\n|l| quesitoooo\n|j|\u2606PLLV52 Notes\n|player|p1|PLLV52 Notes|265\n","uploadtime":1701127521,"views":33,"p1id":"pllv52notes","p2id":"zippitytippity","formatid":"gen9ou","rating":1588,"private":0,"password":""}