{"id":"gen9ou-1991080649","p1":"vincent van segs","p2":"06ScotchM","format":"[Gen 9] OU","log":"|j|\u2606vincent van segs\n|j|\u260606ScotchM\n|t:|1700039759\n|gametype|singles\n|player|p1|vincent van segs|dawn-gen4pt|1126\n|player|p2|06ScotchM|marnie|1235\n|teamsize|p1|6\n|teamsize|p2|6\n|gen|9\n|tier|[Gen 9] OU\n|rated|\n|rule|Sleep Clause Mod: Limit one foe put to sleep\n|rule|Species Clause: Limit one of each Pok\u00e9mon\n|rule|OHKO Clause: OHKO moves are banned\n|rule|Evasion Items Clause: Evasion items are banned\n|rule|Evasion Moves Clause: Evasion moves are banned\n|rule|Endless Battle Clause: Forcing endless battles is banned\n|rule|HP Percentage Mod: HP is shown in percentages\n|clearpoke\n|poke|p1|Samurott-Hisui, F|\n|poke|p1|Iron Moth|\n|poke|p1|Ogerpon-Wellspring, F|\n|poke|p1|Iron Valiant|\n|poke|p1|Great Tusk|\n|poke|p1|Kingambit, M|\n|poke|p2|Blissey, F|\n|poke|p2|Zapdos|\n|poke|p2|Heatran, M|\n|poke|p2|Hatterene, F|\n|poke|p2|Great Tusk|\n|poke|p2|Alomomola, F|\n|teampreview\n|\n|t:|1700039769\n|start\n|switch|p1a: R\u014dnin|Samurott-Hisui, F|100\/100\n|switch|p2a: Zapdos|Zapdos, shiny|100\/100\n|turn|1\n|\n|t:|1700039776\n|move|p1a: R\u014dnin|Ceaseless Edge|p2a: Zapdos\n|-damage|p2a: Zapdos|64\/100\n|-damage|p1a: R\u014dnin|84\/100|[from] item: Rocky Helmet|[of] p2a: Zapdos\n|-sidestart|p2: 06ScotchM|Spikes\n|move|p2a: Zapdos|Volt Switch|p1a: R\u014dnin\n|-supereffective|p1a: R\u014dnin\n|-damage|p1a: R\u014dnin|0 fnt\n|faint|p1a: R\u014dnin\n|\n|t:|1700039787\n|switch|p2a: Great Tusk|Great Tusk, shiny|100\/100|[from] Volt Switch\n|\n|upkeep\n|\n|t:|1700039798\n|switch|p1a: Nuclear Dorito|Iron Moth|100\/100\n|-enditem|p1a: Nuclear Dorito|Booster Energy\n|-activate|p1a: Nuclear Dorito|ability: Quark Drive|[fromitem]\n|-start|p1a: Nuclear Dorito|quarkdrivespe\n|turn|2\n|\n|t:|1700039805\n|move|p1a: Nuclear Dorito|Substitute|p1a: Nuclear Dorito\n|-start|p1a: Nuclear Dorito|Substitute\n|-damage|p1a: Nuclear Dorito|76\/100\n|move|p2a: Great Tusk|Rapid Spin|p1a: Nuclear Dorito\n|-activate|p1a: Nuclear Dorito|move: Substitute|[damage]\n|-sideend|p2: 06ScotchM|Spikes|[from] move: Rapid Spin|[of] p2a: Great Tusk\n|-boost|p2a: Great Tusk|spe|1\n|\n|upkeep\n|turn|3\n|\n|t:|1700039814\n|-end|p2a: Great Tusk|Protosynthesis|[silent]\n|switch|p2a: Blissey|Blissey, F|100\/100\n|move|p1a: Nuclear Dorito|Fiery Dance|p2a: Blissey\n|-damage|p2a: Blissey|89\/100\n|-boost|p1a: Nuclear Dorito|spa|1\n|\n|-heal|p2a: Blissey|95\/100|[from] item: Leftovers\n|upkeep\n|turn|4\n|\n|t:|1700039824\n|move|p1a: Nuclear Dorito|Fiery Dance|p2a: Blissey\n|-damage|p2a: Blissey|79\/100\n|-boost|p1a: Nuclear Dorito|spa|1\n|move|p2a: Blissey|Seismic Toss|p1a: Nuclear Dorito\n|-end|p1a: Nuclear Dorito|Substitute\n|\n|-heal|p2a: Blissey|85\/100|[from] item: Leftovers\n|upkeep\n|turn|5\n|\n|t:|1700039834\n|move|p1a: Nuclear Dorito|Fiery Dance|p2a: Blissey\n|-damage|p2a: Blissey|61\/100\n|move|p2a: Blissey|Seismic Toss|p1a: Nuclear Dorito\n|-damage|p1a: Nuclear Dorito|42\/100\n|\n|-heal|p2a: Blissey|67\/100|[from] item: Leftovers\n|upkeep\n|turn|6\n|\n|t:|1700039844\n|move|p1a: Nuclear Dorito|Fiery Dance|p2a: Blissey\n|-crit|p2a: Blissey\n|-damage|p2a: Blissey|34\/100\n|-boost|p1a: Nuclear Dorito|spa|1\n|move|p2a: Blissey|Soft-Boiled|p2a: Blissey\n|-heal|p2a: Blissey|84\/100\n|\n|-heal|p2a: Blissey|90\/100|[from] item: Leftovers\n|upkeep\n|turn|7\n|\n|t:|1700039854\n|move|p1a: Nuclear Dorito|Fiery Dance|p2a: Blissey\n|-damage|p2a: Blissey|61\/100\n|-boost|p1a: Nuclear Dorito|spa|1\n|move|p2a: Blissey|Seismic Toss|p1a: Nuclear Dorito\n|-damage|p1a: Nuclear Dorito|9\/100\n|\n|-heal|p2a: Blissey|67\/100|[from] item: Leftovers\n|upkeep\n|turn|8\n|\n|t:|1700039864\n|move|p1a: Nuclear Dorito|Sludge Wave|p2a: Blissey\n|-damage|p2a: Blissey|28\/100\n|move|p2a: Blissey|Seismic Toss|p1a: Nuclear Dorito\n|-damage|p1a: Nuclear Dorito|0 fnt\n|faint|p1a: Nuclear Dorito\n|-end|p1a: Nuclear Dorito|Quark Drive|[silent]\n|\n|-heal|p2a: Blissey|34\/100|[from] item: Leftovers\n|upkeep\n|\n|t:|1700039867\n|switch|p1a: Metallicana|Iron Valiant|100\/100\n|-enditem|p1a: Metallicana|Booster Energy\n|-activate|p1a: Metallicana|ability: Quark Drive|[fromitem]\n|-start|p1a: Metallicana|quarkdrivespe\n|turn|9\n|\n|t:|1700039880\n|switch|p2a: Alomomola|Alomomola, F, shiny|100\/100\n|move|p1a: Metallicana|Psyshock|p2a: Alomomola\n|-damage|p2a: Alomomola|85\/100\n|\n|upkeep\n|turn|10\n|\n|t:|1700039887\n|move|p2a: Alomomola|Protect|p2a: Alomomola\n|-singleturn|p2a: Alomomola|Protect\n|move|p1a: Metallicana|Thunderbolt|p2a: Alomomola\n|-activate|p2a: Alomomola|move: Protect\n|\n|upkeep\n|turn|11\n|\n|t:|1700039892\n|switch|p2a: Great Tusk|Great Tusk, shiny|100\/100\n|move|p1a: Metallicana|Moonblast|p2a: Great Tusk\n|-supereffective|p2a: Great Tusk\n|-damage|p2a: Great Tusk|0 fnt\n|faint|p2a: Great Tusk\n|-end|p2a: Great Tusk|Protosynthesis|[silent]\n|\n|upkeep\n|\n|t:|1700039902\n|switch|p2a: Hatterene|Hatterene, F, shiny|100\/100\n|turn|12\n|\n|t:|1700039923\n|-terastallize|p1a: Metallicana|Fairy\n|move|p1a: Metallicana|Moonblast|p2a: Hatterene\n|-damage|p2a: Hatterene|42\/100\n|-unboost|p2a: Hatterene|spa|1\n|move|p2a: Hatterene|Trick Room|p2a: Hatterene\n|-fieldstart|move: Trick Room|[of] p2a: Hatterene\n|\n|upkeep\n|turn|13\n|\n|t:|1700039932\n|move|p2a: Hatterene|Draining Kiss|p1a: Metallicana\n|-damage|p1a: Metallicana|66\/100\n|-heal|p2a: Hatterene|69\/100|[from] drain|[of] p1a: Metallicana\n|move|p1a: Metallicana|Moonblast|p2a: Hatterene\n|-damage|p2a: Hatterene|11\/100\n|-unboost|p2a: Hatterene|spa|1\n|\n|upkeep\n|turn|14\n|\n|t:|1700039941\n|move|p2a: Hatterene|Mystical Fire|p1a: Metallicana\n|-damage|p1a: Metallicana|41\/100\n|-unboost|p1a: Metallicana|spa|1\n|move|p1a: Metallicana|Moonblast|p2a: Hatterene\n|-damage|p2a: Hatterene|0 fnt\n|faint|p2a: Hatterene\n|\n|upkeep\n|\n|t:|1700039950\n|switch|p2a: Heatran|Heatran, M|100\/100\n|turn|15\n|\n|t:|1700039959\n|-end|p1a: Metallicana|Quark Drive|[silent]\n|switch|p1a: Spineering|Great Tusk|100\/100\n|move|p2a: Heatran|Magma Storm|p1a: Spineering\n|-damage|p1a: Spineering|31\/100\n|-activate|p1a: Spineering|move: Magma Storm|[of] p2a: Heatran\n|\n|-heal|p1a: Spineering|37\/100|[from] item: Leftovers\n|-damage|p1a: Spineering|25\/100|[from] move: Magma Storm|[partiallytrapped]\n|upkeep\n|turn|16\n|\n|t:|1700039970\n|move|p2a: Heatran|Earth Power|p1a: Spineering\n|-damage|p1a: Spineering|0 fnt\n|faint|p1a: Spineering\n|-end|p1a: Spineering|Protosynthesis|[silent]\n|\n|-fieldend|move: Trick Room\n|upkeep\n|\n|t:|1700039975\n|switch|p1a: Kazan Yamaoka|Ogerpon-Wellspring, F|100\/100\n|turn|17\n|\n|t:|1700039980\n|switch|p2a: Alomomola|Alomomola, F, shiny|100\/100\n|move|p1a: Kazan Yamaoka|Encore||[still]\n|-fail|p1a: Kazan Yamaoka\n|\n|upkeep\n|turn|18\n|\n|t:|1700039988\n|move|p1a: Kazan Yamaoka|Swords Dance|p1a: Kazan Yamaoka\n|-boost|p1a: Kazan Yamaoka|atk|2\n|move|p2a: Alomomola|Wish|p2a: Alomomola\n|\n|upkeep\n|turn|19\n|\n|t:|1700039993\n|move|p1a: Kazan Yamaoka|Encore|p2a: Alomomola\n|-start|p2a: Alomomola|Encore\n|move|p2a: Alomomola|Wish||[still]\n|-fail|p2a: Alomomola\n|\n|upkeep\n|turn|20\n|\n|t:|1700039999\n|move|p1a: Kazan Yamaoka|Power Whip|p2a: Alomomola\n|-supereffective|p2a: Alomomola\n|-damage|p2a: Alomomola|0 fnt\n|faint|p2a: Alomomola\n|\n|upkeep\n|\n|t:|1700040010\n|switch|p2a: Heatran|Heatran, M|100\/100\n|turn|21\n|\n|t:|1700040015\n|-terastallize|p2a: Heatran|Bug\n|move|p1a: Kazan Yamaoka|Ivy Cudgel|p2a: Heatran|[anim] Ivy Cudgel Water\n|-damage|p2a: Heatran|4\/100\n|move|p2a: Heatran|Magma Storm|p1a: Kazan Yamaoka|[miss]\n|-miss|p2a: Heatran|p1a: Kazan Yamaoka\n|\n|upkeep\n|turn|22\n|-message|06ScotchM forfeited.\n|\n|win|vincent van segs\n|raw|vincent van segs's rating: 1126 &rarr; <strong>1159<\/strong><br \/>(+33 for winning)\n|raw|06ScotchM's rating: 1235 &rarr; <strong>1202<\/strong><br \/>(-33 for losing)\n|l|\u260606ScotchM\n","uploadtime":1700040026,"views":20,"p1id":"vincentvansegs","p2id":"06scotchm","formatid":"gen9ou","rating":1159,"private":0,"password":""}