{"id":"gen9ou-1991142742","p1":"Whalien_taki","p2":"Gooaah","format":"[Gen 9] OU","log":"|j|\u2606Whalien_taki\n|j|\u2606Gooaah\n|t:|1700049373\n|gametype|singles\n|player|p1|Whalien_taki|hilbert|1104\n|player|p2|Gooaah|veteranf|1202\n|teamsize|p1|6\n|teamsize|p2|6\n|gen|9\n|tier|[Gen 9] OU\n|rated|\n|rule|Sleep Clause Mod: Limit one foe put to sleep\n|rule|Species Clause: Limit one of each Pok\u00e9mon\n|rule|OHKO Clause: OHKO moves are banned\n|rule|Evasion Items Clause: Evasion items are banned\n|rule|Evasion Moves Clause: Evasion moves are banned\n|rule|Endless Battle Clause: Forcing endless battles is banned\n|rule|HP Percentage Mod: HP is shown in percentages\n|clearpoke\n|poke|p1|Gallade, M|\n|poke|p1|Toxapex, F|\n|poke|p1|Sinistcha-Masterpiece|\n|poke|p1|Mandibuzz, F|\n|poke|p1|Clefable, F|\n|poke|p1|Cinderace, F|\n|poke|p2|Ninetales, M|\n|poke|p2|Walking Wake|\n|poke|p2|Ceruledge, F|\n|poke|p2|Skeledirge, M|\n|poke|p2|Great Tusk|\n|poke|p2|Torkoal, F|\n|teampreview\n|inactive|Battle timer is ON: inactive players will automatically lose when time's up. (requested by Gooaah)\n|\n|t:|1700049389\n|start\n|switch|p1a: Cinderace|Cinderace, F|100\/100\n|switch|p2a: Torkoal|Torkoal, F|100\/100\n|-weather|SunnyDay|[from] ability: Drought|[of] p2a: Torkoal\n|turn|1\n|\n|t:|1700049413\n|move|p1a: Cinderace|U-turn|p2a: Torkoal\n|-start|p1a: Cinderace|typechange|Bug|[from] ability: Libero\n|-resisted|p2a: Torkoal\n|-damage|p2a: Torkoal|87\/100\n|\n|t:|1700049417\n|switch|p1a: Toxapex|Toxapex, F|100\/100|[from] U-turn\n|move|p2a: Torkoal|Stealth Rock|p1a: Toxapex\n|-sidestart|p1: Whalien_taki|move: Stealth Rock\n|\n|-weather|SunnyDay|[upkeep]\n|upkeep\n|turn|2\n|\n|t:|1700049425\n|move|p1a: Toxapex|Toxic|p2a: Torkoal\n|-status|p2a: Torkoal|tox\n|move|p2a: Torkoal|Yawn|p1a: Toxapex\n|-start|p1a: Toxapex|move: Yawn|[of] p2a: Torkoal\n|\n|-weather|SunnyDay|[upkeep]\n|-damage|p2a: Torkoal|81\/100 tox|[from] psn\n|upkeep\n|turn|3\n|\n|t:|1700049435\n|switch|p1a: Mandibuzz|Mandibuzz, F|100\/100\n|switch|p2a: Great Tusk|Great Tusk|100\/100\n|-activate|p2a: Great Tusk|ability: Protosynthesis\n|-start|p2a: Great Tusk|protosynthesisatk\n|\n|-weather|SunnyDay|[upkeep]\n|upkeep\n|turn|4\n|\n|t:|1700049447\n|-terastallize|p2a: Great Tusk|Fighting\n|move|p2a: Great Tusk|Close Combat|p1a: Mandibuzz\n|-damage|p1a: Mandibuzz|21\/100\n|-unboost|p2a: Great Tusk|def|1\n|-unboost|p2a: Great Tusk|spd|1\n|move|p1a: Mandibuzz|Defog|p2a: Great Tusk\n|-unboost|p2a: Great Tusk|evasion|1\n|-sideend|p1: Whalien_taki|Stealth Rock|[from] move: Defog|[of] p1a: Mandibuzz\n|\n|-weather|SunnyDay|[upkeep]\n|upkeep\n|turn|5\n|\n|t:|1700049469\n|switch|p1a: Clefable|Clefable, F|100\/100\n|move|p2a: Great Tusk|Knock Off|p1a: Clefable\n|-resisted|p1a: Clefable\n|-damage|p1a: Clefable|75\/100\n|-enditem|p1a: Clefable|Leftovers|[from] move: Knock Off|[of] p2a: Great Tusk\n|\n|-weather|SunnyDay|[upkeep]\n|upkeep\n|turn|6\n|\n|t:|1700049478\n|move|p2a: Great Tusk|Headlong Rush|p1a: Clefable\n|-damage|p1a: Clefable|0 fnt\n|-unboost|p2a: Great Tusk|def|1\n|-unboost|p2a: Great Tusk|spd|1\n|faint|p1a: Clefable\n|\n|-weather|SunnyDay|[upkeep]\n|upkeep\n|\n|t:|1700049494\n|switch|p1a: Cinderace|Cinderace, F|100\/100\n|turn|7\n|\n|t:|1700049504\n|-end|p2a: Great Tusk|Protosynthesis|[silent]\n|switch|p2a: Torkoal|Torkoal, F|81\/100 tox\n|move|p1a: Cinderace|Pyro Ball|p2a: Torkoal\n|-resisted|p2a: Torkoal\n|-damage|p2a: Torkoal|42\/100 tox\n|\n|-weather|SunnyDay|[upkeep]\n|-damage|p2a: Torkoal|35\/100 tox|[from] psn\n|upkeep\n|turn|8\n|\n|t:|1700049516\n|switch|p1a: Mandibuzz|Mandibuzz, F|21\/100\n|move|p2a: Torkoal|Stealth Rock|p1a: Mandibuzz\n|-sidestart|p1: Whalien_taki|move: Stealth Rock\n|\n|-weather|none\n|-damage|p2a: Torkoal|23\/100 tox|[from] psn\n|upkeep\n|turn|9\n|\n|t:|1700049524\n|move|p1a: Mandibuzz|Roost|p1a: Mandibuzz\n|-heal|p1a: Mandibuzz|71\/100\n|-singleturn|p1a: Mandibuzz|move: Roost\n|move|p2a: Torkoal|Lava Plume|p1a: Mandibuzz\n|-damage|p1a: Mandibuzz|57\/100\n|\n|-damage|p2a: Torkoal|5\/100 tox|[from] psn\n|upkeep\n|turn|10\n|\n|t:|1700049535\n|move|p1a: Mandibuzz|Defog|p2a: Torkoal\n|-unboost|p2a: Torkoal|evasion|1\n|-sideend|p1: Whalien_taki|Stealth Rock|[from] move: Defog|[of] p1a: Mandibuzz\n|move|p2a: Torkoal|Yawn|p1a: Mandibuzz\n|-start|p1a: Mandibuzz|move: Yawn|[of] p2a: Torkoal\n|\n|-damage|p2a: Torkoal|0 fnt|[from] psn\n|faint|p2a: Torkoal\n|upkeep\n|\n|t:|1700049540\n|switch|p2a: Ninetales|Ninetales, M|100\/100\n|-weather|SunnyDay|[from] ability: Drought|[of] p2a: Ninetales\n|turn|11\n|\n|t:|1700049548\n|switch|p2a: Great Tusk|Great Tusk, tera:Fighting|100\/100\n|-activate|p2a: Great Tusk|ability: Protosynthesis\n|-start|p2a: Great Tusk|protosynthesisatk\n|switch|p1a: Toxapex|Toxapex, F|100\/100\n|\n|-weather|SunnyDay|[upkeep]\n|upkeep\n|turn|12\n|\n|t:|1700049560\n|move|p2a: Great Tusk|Headlong Rush|p1a: Toxapex\n|-supereffective|p1a: Toxapex\n|-damage|p1a: Toxapex|0 fnt\n|-unboost|p2a: Great Tusk|def|1\n|-unboost|p2a: Great Tusk|spd|1\n|faint|p1a: Toxapex\n|\n|-weather|SunnyDay|[upkeep]\n|upkeep\n|\n|t:|1700049571\n|switch|p1a: Gallade|Gallade, M|100\/100\n|turn|13\n|\n|t:|1700049585\n|move|p2a: Great Tusk|Headlong Rush|p1a: Gallade\n|-damage|p1a: Gallade|0 fnt\n|-unboost|p2a: Great Tusk|def|1\n|-unboost|p2a: Great Tusk|spd|1\n|faint|p1a: Gallade\n|\n|-weather|SunnyDay|[upkeep]\n|upkeep\n|-message|Whalien_taki forfeited.\n|\n|win|Gooaah\n|raw|Whalien_taki's rating: 1104 &rarr; <strong>1086<\/strong><br \/>(-18 for losing)\n|raw|Gooaah's rating: 1202 &rarr; <strong>1220<\/strong><br \/>(+18 for winning)\n|l|\u2606Whalien_taki\n","uploadtime":1700049593,"views":9,"p1id":"whalientaki","p2id":"gooaah","formatid":"gen9ou","rating":1086,"private":0,"password":""}