{"id":"gen9ou-1995160006","p1":"darth xman","p2":"bleahey","format":"[Gen 9] OU","log":"|j|\u2606darth xman\n|j|\u2606bleahey\n|inactive|Battle timer is ON: inactive players will automatically lose when time's up.\n|t:|1700529286\n|gametype|singles\n|player|p1|darth xman|169|\n|player|p2|bleahey|brendan|\n|teamsize|p1|6\n|teamsize|p2|6\n|gen|9\n|tier|[Gen 9] OU\n|rated|Tournament battle\n|rule|Sleep Clause Mod: Limit one foe put to sleep\n|rule|Species Clause: Limit one of each Pok\u00e9mon\n|rule|OHKO Clause: OHKO moves are banned\n|rule|Evasion Items Clause: Evasion items are banned\n|rule|Evasion Moves Clause: Evasion moves are banned\n|rule|Endless Battle Clause: Forcing endless battles is banned\n|rule|HP Percentage Mod: HP is shown in percentages\n|clearpoke\n|poke|p1|Garganacl, M|\n|poke|p1|Kingambit, F|\n|poke|p1|Manaphy|\n|poke|p1|Zamazenta-*|\n|poke|p1|Dragapult, M|\n|poke|p1|Dragonite, F|\n|poke|p2|Lucario, F|\n|poke|p2|Samurott-Hisui, M|\n|poke|p2|Gholdengo|\n|poke|p2|Dragonite, M|\n|poke|p2|Tsareena, F|\n|poke|p2|Blissey, F|\n|teampreview\n|j|*Lady Monita \u2746\n|inactive|darth xman also wants the timer to be on.\n|inactive|bleahey also wants the timer to be on.\n|c|\u2606bleahey|glhf\n|\n|t:|1700529297\n|start\n|switch|p1a: Garganacl|Garganacl, M|100\/100\n|switch|p2a: Lucario|Lucario, F|100\/100\n|turn|1\n|\n|t:|1700529309\n|switch|p1a: Manaphy|Manaphy|100\/100\n|move|p2a: Lucario|Meteor Mash|p1a: Manaphy\n|-resisted|p1a: Manaphy\n|-crit|p1a: Manaphy\n|-damage|p1a: Manaphy|47\/100\n|\n|upkeep\n|turn|2\n|\n|t:|1700529323\n|move|p1a: Manaphy|Scald|p2a: Lucario\n|-damage|p2a: Lucario|11\/100\n|move|p2a: Lucario|Meteor Mash|p1a: Manaphy\n|-resisted|p1a: Manaphy\n|-damage|p1a: Manaphy|12\/100\n|\n|upkeep\n|turn|3\n|\n|t:|1700529330\n|switch|p2a: Blissey|Blissey, F|100\/100\n|move|p1a: Manaphy|Scald|p2a: Blissey\n|-damage|p2a: Blissey|86\/100\n|\n|upkeep\n|turn|4\n|\n|t:|1700529341\n|switch|p1a: Dragonite|Dragonite, F|100\/100\n|move|p2a: Blissey|Fling|p1a: Dragonite\n|-damage|p1a: Dragonite|99\/100\n|-enditem|p2a: Blissey|Choice Scarf|[from] move: Fling\n|\n|upkeep\n|turn|5\n|\n|t:|1700529346\n|move|p1a: Dragonite|Fling|p2a: Blissey\n|-damage|p2a: Blissey|78\/100\n|-enditem|p1a: Dragonite|Choice Scarf|[from] move: Fling\n|move|p2a: Blissey|Thunder Wave|p1a: Dragonite\n|-status|p1a: Dragonite|par\n|\n|upkeep\n|turn|6\n|\n|t:|1700529360\n|move|p2a: Blissey|Seismic Toss|p1a: Dragonite\n|-damage|p1a: Dragonite|69\/100 par\n|move|p1a: Dragonite|Dragon Dance|p1a: Dragonite\n|-boost|p1a: Dragonite|atk|1\n|-boost|p1a: Dragonite|spe|1\n|\n|upkeep\n|turn|7\n|\n|t:|1700529373\n|switch|p2a: Samurott|Samurott-Hisui, M|100\/100\n|-terastallize|p1a: Dragonite|Normal\n|move|p1a: Dragonite|Extreme Speed|p2a: Samurott\n|-damage|p2a: Samurott|15\/100\n|\n|upkeep\n|turn|8\n|\n|t:|1700529380\n|switch|p2a: Gholdengo|Gholdengo|100\/100\n|move|p1a: Dragonite|Extreme Speed|p2a: Gholdengo\n|-immune|p2a: Gholdengo\n|\n|upkeep\n|turn|9\n|\n|t:|1700529388\n|switch|p1a: Zamazenta|Zamazenta|100\/100\n|-ability|p1a: Zamazenta|Dauntless Shield|boost\n|-boost|p1a: Zamazenta|def|1\n|move|p2a: Gholdengo|Make It Rain|p1a: Zamazenta\n|-damage|p1a: Zamazenta|21\/100\n|-unboost|p2a: Gholdengo|spa|1\n|\n|upkeep\n|turn|10\n|\n|t:|1700529398\n|move|p1a: Zamazenta|Crunch|p2a: Gholdengo\n|-supereffective|p2a: Gholdengo\n|-damage|p2a: Gholdengo|51\/100\n|move|p2a: Gholdengo|Make It Rain|p1a: Zamazenta\n|-damage|p1a: Zamazenta|0 fnt\n|-unboost|p2a: Gholdengo|spa|1\n|faint|p1a: Zamazenta\n|\n|upkeep\n|\n|t:|1700529404\n|switch|p1a: Kingambit|Kingambit, F|100\/100\n|-activate|p1a: Kingambit|ability: Supreme Overlord\n|-start|p1a: Kingambit|fallen1|[silent]\n|turn|11\n|\n|t:|1700529419\n|switch|p2a: Blissey|Blissey, F|78\/100\n|move|p1a: Kingambit|Fling|p2a: Blissey\n|-damage|p2a: Blissey|57\/100\n|-enditem|p1a: Kingambit|Choice Band|[from] move: Fling\n|\n|upkeep\n|turn|12\n|\n|t:|1700529426\n|move|p2a: Blissey|Thunder Wave|p1a: Kingambit\n|-status|p1a: Kingambit|par\n|move|p1a: Kingambit|Kowtow Cleave|p2a: Blissey\n|-damage|p2a: Blissey|0 fnt\n|faint|p2a: Blissey\n|\n|upkeep\n|\n|t:|1700529432\n|switch|p2a: Lucario|Lucario, F|11\/100\n|turn|13\n|\n|t:|1700529436\n|move|p1a: Kingambit|Sucker Punch|p2a: Lucario\n|-resisted|p2a: Lucario\n|-damage|p2a: Lucario|0 fnt\n|faint|p2a: Lucario\n|\n|upkeep\n|\n|t:|1700529440\n|switch|p2a: Samurott|Samurott-Hisui, M|15\/100\n|turn|14\n|\n|t:|1700529443\n|move|p1a: Kingambit|Sucker Punch|p2a: Samurott\n|-resisted|p2a: Samurott\n|-damage|p2a: Samurott|0 fnt\n|faint|p2a: Samurott\n|\n|upkeep\n|\n|t:|1700529448\n|switch|p2a: Gholdengo|Gholdengo|51\/100\n|turn|15\n|\n|t:|1700529451\n|cant|p1a: Kingambit|par\n|move|p2a: Gholdengo|Trick|p1a: Kingambit\n|-activate|p2a: Gholdengo|move: Trick|[of] p1a: Kingambit\n|-item|p1a: Kingambit|Choice Specs|[from] move: Trick\n|-enditem|p2a: Gholdengo|Choice Specs|[silent]|[from] move: Trick\n|\n|upkeep\n|turn|16\n|\n|t:|1700529457\n|move|p1a: Kingambit|Sucker Punch||[still]\n|-fail|p1a: Kingambit\n|move|p2a: Gholdengo|Recover|p2a: Gholdengo\n|-heal|p2a: Gholdengo|100\/100\n|\n|upkeep\n|turn|17\n|\n|t:|1700529476\n|switch|p2a: Dragonite|Dragonite, M|100\/100\n|-end|p1a: Kingambit|fallen1|[silent]\n|switch|p1a: Dragonite|Dragonite, F, tera:Normal|69\/100 par\n|\n|upkeep\n|turn|18\n|\n|t:|1700529489\n|-terastallize|p2a: Dragonite|Normal\n|move|p2a: Dragonite|Extreme Speed|p1a: Dragonite\n|-damage|p1a: Dragonite|3\/100 par\n|move|p1a: Dragonite|Dragon Dance|p1a: Dragonite\n|-boost|p1a: Dragonite|atk|1\n|-boost|p1a: Dragonite|spe|1\n|\n|upkeep\n|turn|19\n|\n|t:|1700529514\n|move|p2a: Dragonite|Extreme Speed|p1a: Dragonite\n|-damage|p1a: Dragonite|0 fnt\n|faint|p1a: Dragonite\n|\n|upkeep\n|\n|t:|1700529518\n|switch|p1a: Garganacl|Garganacl, M|100\/100\n|turn|20\n|\n|t:|1700529523\n|switch|p2a: Gholdengo|Gholdengo|100\/100\n|move|p1a: Garganacl|Fling|p2a: Gholdengo\n|-supereffective|p2a: Gholdengo\n|-damage|p2a: Gholdengo|96\/100\n|-enditem|p1a: Garganacl|Choice Band|[from] move: Fling\n|\n|upkeep\n|turn|21\n|\n|t:|1700529533\n|move|p2a: Gholdengo|Shadow Ball|p1a: Garganacl\n|-damage|p1a: Garganacl|85\/100\n|-unboost|p1a: Garganacl|spd|1\n|move|p1a: Garganacl|Salt Cure|p2a: Gholdengo\n|-resisted|p2a: Gholdengo\n|-crit|p2a: Gholdengo\n|-damage|p2a: Gholdengo|89\/100\n|-start|p2a: Gholdengo|Salt Cure\n|\n|-damage|p2a: Gholdengo|64\/100|[from] Salt Cure\n|upkeep\n|turn|22\n|\n|t:|1700529545\n|move|p2a: Gholdengo|Make It Rain|p1a: Garganacl\n|-supereffective|p1a: Garganacl\n|-damage|p1a: Garganacl|0 fnt\n|-unboost|p2a: Gholdengo|spa|1\n|faint|p1a: Garganacl\n|\n|-damage|p2a: Gholdengo|39\/100|[from] Salt Cure\n|upkeep\n|\n|t:|1700529560\n|switch|p1a: Dragapult|Dragapult, M|100\/100\n|turn|23\n|\n|t:|1700529591\n|switch|p2a: Tsareena|Tsareena, F|100\/100\n|move|p1a: Dragapult|Dragon Darts|p2a: Tsareena\n|-damage|p2a: Tsareena|53\/100\n|-anim|p1a: Dragapult|Dragon Darts|p2a: Tsareena\n|-damage|p2a: Tsareena|8\/100\n|\n|upkeep\n|turn|24\n|j| toddpipe\n|\n|t:|1700529602\n|switch|p1a: Kingambit|Kingambit, F|100\/100 par\n|-activate|p1a: Kingambit|ability: Supreme Overlord\n|-start|p1a: Kingambit|fallen3|[silent]\n|move|p2a: Tsareena|Fling|p1a: Kingambit\n|-resisted|p1a: Kingambit\n|-damage|p1a: Kingambit|99\/100 par\n|-enditem|p2a: Tsareena|Choice Scarf|[from] move: Fling\n|\n|upkeep\n|turn|25\n|\n|t:|1700529609\n|move|p2a: Tsareena|Synthesis|p2a: Tsareena\n|-heal|p2a: Tsareena|57\/100\n|move|p1a: Kingambit|Fling|p2a: Tsareena\n|-damage|p2a: Tsareena|48\/100\n|-enditem|p1a: Kingambit|Choice Specs|[from] move: Fling\n|\n|upkeep\n|turn|26\n|inactive|bleahey has 120 seconds left.\n|\n|t:|1700529642\n|move|p2a: Tsareena|Power Whip|p1a: Kingambit\n|-resisted|p1a: Kingambit\n|-damage|p1a: Kingambit|76\/100 par\n|move|p1a: Kingambit|Kowtow Cleave|p2a: Tsareena\n|-damage|p2a: Tsareena|0 fnt\n|faint|p2a: Tsareena\n|\n|upkeep\n|inactive|bleahey has 120 seconds left.\n|\n|t:|1700529651\n|switch|p2a: Dragonite|Dragonite, M, tera:Normal|100\/100\n|turn|27\n|\n|t:|1700529657\n|move|p2a: Dragonite|Extreme Speed|p1a: Kingambit\n|-resisted|p1a: Kingambit\n|-damage|p1a: Kingambit|54\/100 par\n|move|p1a: Kingambit|Iron Head|p2a: Dragonite\n|-damage|p2a: Dragonite|38\/100\n|\n|upkeep\n|turn|28\n|\n|t:|1700529662\n|move|p2a: Dragonite|Extreme Speed|p1a: Kingambit\n|-resisted|p1a: Kingambit\n|-damage|p1a: Kingambit|32\/100 par\n|move|p1a: Kingambit|Sucker Punch||[still]\n|-fail|p1a: Kingambit\n|\n|upkeep\n|turn|29\n|c|\u2606bleahey|gg\n|\n|t:|1700529668\n|move|p2a: Dragonite|Extreme Speed|p1a: Kingambit\n|-resisted|p1a: Kingambit\n|-damage|p1a: Kingambit|10\/100 par\n|move|p1a: Kingambit|Kowtow Cleave|p2a: Dragonite\n|-damage|p2a: Dragonite|0 fnt\n|faint|p2a: Dragonite\n|\n|upkeep\n|\n|t:|1700529671\n|switch|p2a: Gholdengo|Gholdengo|39\/100\n|turn|30\n|\n|t:|1700529673\n|cant|p1a: Kingambit|par\n|move|p2a: Gholdengo|Recover|p2a: Gholdengo\n|-heal|p2a: Gholdengo|89\/100\n|\n|upkeep\n|turn|31\n|\n|t:|1700529675\n|move|p1a: Kingambit|Sucker Punch|p2a: Gholdengo\n|-supereffective|p2a: Gholdengo\n|-damage|p2a: Gholdengo|19\/100\n|move|p2a: Gholdengo|Shadow Ball|p1a: Kingambit\n|-resisted|p1a: Kingambit\n|-damage|p1a: Kingambit|0 fnt\n|faint|p1a: Kingambit\n|-end|p1a: Kingambit|fallen3|[silent]\n|\n|upkeep\n|\n|t:|1700529678\n|switch|p1a: Dragapult|Dragapult, M|100\/100\n|turn|32\n|\n|t:|1700529682\n|move|p1a: Dragapult|Sucker Punch|p2a: Gholdengo\n|-supereffective|p2a: Gholdengo\n|-damage|p2a: Gholdengo|0 fnt\n|faint|p2a: Gholdengo\n|\n|win|darth xman\n|n|\u2606darth xman|darthxman\n|n|\u2606bleahey|bleahey\n|n|*Lady Monita \u2746|ladymonita\n|n| toddpipe|toddpipe\n","uploadtime":1700529683,"views":6,"p1id":"darthxman","p2id":"bleahey","formatid":"gen9ou","rating":0,"private":0,"password":""}