{"id":"gen9ou-1988952172","p1":"jhoncontrarianmons","p2":"pinkerthanfloyd","format":"[Gen 9] OU","log":"|j|\u2606jhoncontrarianmons\n|j|\u2606pinkerthanfloyd\n|t:|1699793573\n|gametype|singles\n|player|p1|jhoncontrarianmons|riley|1560\n|player|p2|pinkerthanfloyd|brycen|1611\n|teamsize|p1|6\n|teamsize|p2|6\n|gen|9\n|tier|[Gen 9] OU\n|rated|\n|rule|Sleep Clause Mod: Limit one foe put to sleep\n|rule|Species Clause: Limit one of each Pok\u00e9mon\n|rule|OHKO Clause: OHKO moves are banned\n|rule|Evasion Items Clause: Evasion items are banned\n|rule|Evasion Moves Clause: Evasion moves are banned\n|rule|Endless Battle Clause: Forcing endless battles is banned\n|rule|HP Percentage Mod: HP is shown in percentages\n|clearpoke\n|poke|p1|Zoroark-Hisui, F|\n|poke|p1|Corviknight, F|\n|poke|p1|Ogerpon-Wellspring, F|\n|poke|p1|Sandy Shocks|\n|poke|p1|Lokix, M|\n|poke|p1|Greninja-*, M|\n|poke|p2|Ceruledge, F|\n|poke|p2|Ogerpon-Cornerstone, F|\n|poke|p2|Kingambit, M|\n|poke|p2|Rillaboom, F|\n|poke|p2|Toxapex, F|\n|poke|p2|Samurott-Hisui, F|\n|teampreview\n|inactive|Battle timer is ON: inactive players will automatically lose when time's up. (requested by jhoncontrarianmons)\n|c|\u2606jhoncontrarianmons|glhf\n|inactive|pinkerthanfloyd has 120 seconds left.\n|j| Albret\n|inactive|pinkerthanfloyd has 90 seconds left.\n|inactive|pinkerthanfloyd has 60 seconds left.\n|\n|t:|1699793667\n|start\n|switch|p1a: Sandy Shocks|Sandy Shocks|100\/100\n|switch|p2a: Samurott|Samurott-Hisui, F|100\/100\n|turn|1\n|\n|t:|1699793675\n|move|p2a: Samurott|Aqua Cutter|p1a: Sandy Shocks\n|-supereffective|p1a: Sandy Shocks\n|-crit|p1a: Sandy Shocks\n|-damage|p1a: Sandy Shocks|0 fnt\n|faint|p1a: Sandy Shocks\n|-end|p1a: Sandy Shocks|Protosynthesis|[silent]\n|\n|upkeep\n|\n|t:|1699793679\n|switch|p1a: Ogerpon|Ogerpon-Wellspring, F|100\/100\n|turn|2\n|\n|t:|1699793686\n|switch|p2a: Toxapex|Toxapex, F|100\/100\n|move|p1a: Ogerpon|U-turn|p2a: Toxapex\n|-resisted|p2a: Toxapex\n|-damage|p2a: Toxapex|92\/100\n|\n|t:|1699793694\n|switch|p1a: Greninja|Greninja, M|100\/100|[from] U-turn\n|\n|upkeep\n|turn|3\n|\n|t:|1699793698\n|move|p1a: Greninja|Switcheroo|p2a: Toxapex\n|-start|p1a: Greninja|typechange|Dark|[from] ability: Protean\n|-activate|p1a: Greninja|move: Trick|[of] p2a: Toxapex\n|-item|p2a: Toxapex|Choice Scarf|[from] move: Switcheroo\n|-item|p1a: Greninja|Assault Vest|[from] move: Switcheroo\n|move|p2a: Toxapex|Infestation|p1a: Greninja\n|-supereffective|p1a: Greninja\n|-damage|p1a: Greninja|92\/100\n|-activate|p1a: Greninja|move: Infestation|[of] p2a: Toxapex\n|\n|-damage|p1a: Greninja|80\/100|[from] move: Infestation|[partiallytrapped]\n|upkeep\n|turn|4\n|\n|t:|1699793705\n|move|p1a: Greninja|U-turn|p2a: Toxapex\n|-resisted|p2a: Toxapex\n|-damage|p2a: Toxapex|87\/100\n|\n|t:|1699793709\n|switch|p1a: Corviknight|Corviknight, F|100\/100|[from] U-turn\n|-ability|p1a: Corviknight|Pressure\n|move|p2a: Toxapex|Infestation|p1a: Corviknight\n|-resisted|p1a: Corviknight\n|-damage|p1a: Corviknight|99\/100\n|-activate|p1a: Corviknight|move: Infestation|[of] p2a: Toxapex\n|-damage|p2a: Toxapex|70\/100|[from] item: Rocky Helmet|[of] p1a: Corviknight\n|\n|-damage|p1a: Corviknight|87\/100|[from] move: Infestation|[partiallytrapped]\n|upkeep\n|turn|5\n|\n|t:|1699793717\n|switch|p2a: Ceruledge|Ceruledge, F|100\/100\n|move|p1a: Corviknight|U-turn|p2a: Ceruledge\n|-resisted|p2a: Ceruledge\n|-damage|p2a: Ceruledge|95\/100\n|-ability|p2a: Ceruledge|Weak Armor|boost\n|-unboost|p2a: Ceruledge|def|1\n|-boost|p2a: Ceruledge|spe|2\n|\n|t:|1699793722\n|switch|p1a: Ogerpon|Ogerpon-Wellspring, F|100\/100|[from] U-turn\n|\n|upkeep\n|turn|6\n|\n|t:|1699793737\n|move|p2a: Ceruledge|Poltergeist|p1a: Ogerpon\n|-activate|p1a: Ogerpon|move: Poltergeist|Wellspring Mask\n|-damage|p1a: Ogerpon|26\/100\n|move|p1a: Ogerpon|Ivy Cudgel|p2a: Ceruledge\n|-supereffective|p2a: Ceruledge\n|-damage|p2a: Ceruledge|0 fnt\n|faint|p2a: Ceruledge\n|\n|upkeep\n|\n|t:|1699793745\n|switch|p2a: Samurott|Samurott-Hisui, F|100\/100\n|turn|7\n|\n|t:|1699793749\n|switch|p1a: Corviknight|Corviknight, F|87\/100\n|-ability|p1a: Corviknight|Pressure\n|move|p2a: Samurott|Ceaseless Edge|p1a: Corviknight\n|-damage|p1a: Corviknight|62\/100\n|-damage|p2a: Samurott|84\/100|[from] item: Rocky Helmet|[of] p1a: Corviknight\n|-sidestart|p1: jhoncontrarianmons|Spikes\n|\n|upkeep\n|turn|8\n|\n|t:|1699793760\n|move|p2a: Samurott|Ceaseless Edge|p1a: Corviknight\n|-damage|p1a: Corviknight|36\/100\n|-damage|p2a: Samurott|67\/100|[from] item: Rocky Helmet|[of] p1a: Corviknight\n|-sidestart|p1: jhoncontrarianmons|Spikes\n|move|p1a: Corviknight|Roost|p1a: Corviknight\n|-heal|p1a: Corviknight|86\/100\n|-singleturn|p1a: Corviknight|move: Roost\n|\n|upkeep\n|turn|9\n|\n|t:|1699793769\n|switch|p2a: Ogerpon|Ogerpon-Cornerstone, F|100\/100\n|move|p1a: Corviknight|Defog|p2a: Ogerpon\n|-unboost|p2a: Ogerpon|evasion|1\n|-sideend|p1: jhoncontrarianmons|Spikes|[from] move: Defog|[of] p1a: Corviknight\n|\n|upkeep\n|turn|10\n|\n|t:|1699793773\n|move|p2a: Ogerpon|Encore|p1a: Corviknight\n|-start|p1a: Corviknight|Encore\n|move|p1a: Corviknight|Defog|p2a: Ogerpon\n|-unboost|p2a: Ogerpon|evasion|1\n|\n|upkeep\n|turn|11\n|\n|t:|1699793786\n|switch|p1a: Greninja|Greninja, M|80\/100\n|move|p2a: Ogerpon|Ivy Cudgel|p1a: Greninja\n|-damage|p1a: Greninja|0 fnt\n|faint|p1a: Greninja\n|\n|upkeep\n|\n|t:|1699793792\n|switch|p1a: Corviknight|Corviknight, F|86\/100\n|-ability|p1a: Corviknight|Pressure\n|turn|12\n|\n|t:|1699793801\n|switch|p2a: Toxapex|Toxapex, F|100\/100\n|move|p1a: Corviknight|U-turn|p2a: Toxapex\n|-resisted|p2a: Toxapex\n|-damage|p2a: Toxapex|96\/100\n|\n|t:|1699793806\n|switch|p1a: Ogerpon|Ogerpon-Wellspring, F|26\/100|[from] U-turn\n|\n|upkeep\n|turn|13\n|\n|t:|1699793810\n|move|p1a: Ogerpon|U-turn|p2a: Toxapex\n|-resisted|p2a: Toxapex\n|-damage|p2a: Toxapex|87\/100\n|\n|t:|1699793812\n|switch|p1a: Corviknight|Corviknight, F|86\/100|[from] U-turn\n|-ability|p1a: Corviknight|Pressure\n|move|p2a: Toxapex|Sludge Bomb|p1a: Corviknight\n|-immune|p1a: Corviknight\n|\n|upkeep\n|turn|14\n|\n|t:|1699793818\n|switch|p2a: Kingambit|Kingambit, M|100\/100\n|-activate|p2a: Kingambit|ability: Supreme Overlord\n|-start|p2a: Kingambit|fallen1|[silent]\n|move|p1a: Corviknight|U-turn|p2a: Kingambit\n|-damage|p2a: Kingambit|89\/100\n|\n|t:|1699793822\n|switch|p1a: Lokix|Lokix, M|100\/100|[from] U-turn\n|\n|upkeep\n|turn|15\n|\n|t:|1699793829\n|move|p1a: Lokix|Axe Kick|p2a: Kingambit\n|-supereffective|p2a: Kingambit\n|-damage|p2a: Kingambit|0 fnt\n|faint|p2a: Kingambit\n|-end|p2a: Kingambit|fallen1|[silent]\n|\n|upkeep\n|\n|t:|1699793845\n|switch|p2a: Ogerpon|Ogerpon-Cornerstone, F|100\/100\n|turn|16\n|\n|t:|1699793853\n|switch|p1a: Corviknight|Corviknight, F|86\/100\n|-ability|p1a: Corviknight|Pressure\n|-terastallize|p2a: Ogerpon|Rock\n|detailschange|p2a: Ogerpon|Ogerpon-Cornerstone-Tera, F, tera:Rock\n|-ability|p2a: Ogerpon|Embody Aspect (Cornerstone)|boost\n|-boost|p2a: Ogerpon|def|1\n|move|p2a: Ogerpon|Ivy Cudgel|p1a: Corviknight\n|-crit|p1a: Corviknight\n|-damage|p1a: Corviknight|18\/100\n|\n|upkeep\n|turn|17\n|\n|t:|1699793858\n|move|p2a: Ogerpon|Ivy Cudgel|p1a: Corviknight\n|-damage|p1a: Corviknight|0 fnt\n|faint|p1a: Corviknight\n|\n|upkeep\n|\n|t:|1699793865\n|switch|p1a: Ogerpon|Ogerpon-Wellspring, F|26\/100\n|turn|18\n|\n|t:|1699793876\n|switch|p2a: Toxapex|Toxapex, F|100\/100\n|-terastallize|p1a: Ogerpon|Water\n|detailschange|p1a: Ogerpon|Ogerpon-Wellspring-Tera, F, tera:Water\n|-ability|p1a: Ogerpon|Embody Aspect (Wellspring)|boost\n|-boost|p1a: Ogerpon|spd|1\n|move|p1a: Ogerpon|Ivy Cudgel|p2a: Toxapex\n|-resisted|p2a: Toxapex\n|-damage|p2a: Toxapex|74\/100\n|\n|upkeep\n|turn|19\n|\n|t:|1699793879\n|move|p1a: Ogerpon|U-turn|p2a: Toxapex\n|-resisted|p2a: Toxapex\n|-crit|p2a: Toxapex\n|-damage|p2a: Toxapex|61\/100\n|\n|t:|1699793881\n|switch|p1a: Lokix|Lokix, M|100\/100|[from] U-turn\n|move|p2a: Toxapex|Sludge Bomb|p1a: Lokix\n|-resisted|p1a: Lokix\n|-damage|p1a: Lokix|79\/100\n|replace|p1a: Zoroark|Zoroark-Hisui, F, shiny\n|-end|p1a: Zoroark|Illusion\n|\n|upkeep\n|turn|20\n|\n|t:|1699793890\n|move|p1a: Zoroark|Shadow Ball|p2a: Toxapex\n|-damage|p2a: Toxapex|29\/100\n|move|p2a: Toxapex|Sludge Bomb|p1a: Zoroark\n|-resisted|p1a: Zoroark\n|-damage|p1a: Zoroark|57\/100\n|\n|upkeep\n|turn|21\n|\n|t:|1699793897\n|switch|p2a: Samurott|Samurott-Hisui, F|67\/100\n|move|p1a: Zoroark|Grass Knot|p2a: Samurott\n|-supereffective|p2a: Samurott\n|-damage|p2a: Samurott|0 fnt\n|faint|p2a: Samurott\n|\n|upkeep\n|\n|t:|1699793904\n|switch|p2a: Rillaboom|Rillaboom, F|100\/100\n|-fieldstart|move: Grassy Terrain|[from] ability: Grassy Surge|[of] p2a: Rillaboom\n|turn|22\n|\n|t:|1699793912\n|move|p2a: Rillaboom|Grassy Glide|p1a: Zoroark\n|-damage|p1a: Zoroark|0 fnt\n|faint|p1a: Zoroark\n|\n|upkeep\n|\n|t:|1699793913\n|switch|p1a: Lokix|Lokix, M|100\/100\n|turn|23\n|\n|t:|1699793919\n|switch|p2a: Toxapex|Toxapex, F|62\/100\n|move|p1a: Lokix|U-turn|p2a: Toxapex\n|-resisted|p2a: Toxapex\n|-damage|p2a: Toxapex|28\/100\n|\n|t:|1699793921\n|switch|p1a: Ogerpon|Ogerpon-Wellspring-Tera, F, tera:Water|26\/100|[from] U-turn\n|-ability|p1a: Ogerpon|Embody Aspect (Wellspring)|boost\n|-boost|p1a: Ogerpon|spd|1\n|\n|-heal|p1a: Ogerpon|32\/100|[from] Grassy Terrain\n|-heal|p2a: Toxapex|35\/100|[from] Grassy Terrain\n|upkeep\n|turn|24\n|\n|t:|1699793925\n|switch|p2a: Rillaboom|Rillaboom, F|100\/100\n|move|p1a: Ogerpon|Horn Leech|p2a: Rillaboom\n|-resisted|p2a: Rillaboom\n|-damage|p2a: Rillaboom|69\/100\n|-heal|p1a: Ogerpon|50\/100|[from] drain|[of] p2a: Rillaboom\n|\n|-heal|p1a: Ogerpon|56\/100|[from] Grassy Terrain\n|-heal|p2a: Rillaboom|75\/100|[from] Grassy Terrain\n|upkeep\n|turn|25\n|\n|t:|1699793931\n|switch|p1a: Lokix|Lokix, M|100\/100\n|move|p2a: Rillaboom|Grassy Glide|p1a: Lokix\n|-resisted|p1a: Lokix\n|-damage|p1a: Lokix|63\/100\n|\n|-heal|p2a: Rillaboom|81\/100|[from] Grassy Terrain\n|-heal|p1a: Lokix|69\/100|[from] Grassy Terrain\n|upkeep\n|turn|26\n|\n|t:|1699793937\n|switch|p2a: Toxapex|Toxapex, F|68\/100\n|move|p1a: Lokix|U-turn|p2a: Toxapex\n|-resisted|p2a: Toxapex\n|-damage|p2a: Toxapex|38\/100\n|\n|t:|1699793939\n|switch|p1a: Ogerpon|Ogerpon-Wellspring-Tera, F, tera:Water|56\/100|[from] U-turn\n|-ability|p1a: Ogerpon|Embody Aspect (Wellspring)|boost\n|-boost|p1a: Ogerpon|spd|1\n|\n|-heal|p1a: Ogerpon|62\/100|[from] Grassy Terrain\n|-heal|p2a: Toxapex|45\/100|[from] Grassy Terrain\n|-fieldend|move: Grassy Terrain\n|upkeep\n|turn|27\n|\n|t:|1699793949\n|move|p1a: Ogerpon|Horn Leech|p2a: Toxapex\n|-damage|p2a: Toxapex|16\/100\n|-heal|p1a: Ogerpon|77\/100|[from] drain|[of] p2a: Toxapex\n|move|p2a: Toxapex|Sludge Bomb|p1a: Ogerpon\n|-damage|p1a: Ogerpon|59\/100\n|\n|upkeep\n|turn|28\n|\n|t:|1699793956\n|switch|p2a: Rillaboom|Rillaboom, F|81\/100\n|-fieldstart|move: Grassy Terrain|[from] ability: Grassy Surge|[of] p2a: Rillaboom\n|move|p1a: Ogerpon|U-turn|p2a: Rillaboom\n|-supereffective|p2a: Rillaboom\n|-damage|p2a: Rillaboom|16\/100\n|\n|t:|1699793958\n|switch|p1a: Lokix|Lokix, M|69\/100|[from] U-turn\n|\n|-heal|p2a: Rillaboom|22\/100|[from] Grassy Terrain\n|-heal|p1a: Lokix|75\/100|[from] Grassy Terrain\n|upkeep\n|turn|29\n|\n|t:|1699793966\n|move|p2a: Rillaboom|Grassy Glide|p1a: Lokix\n|-resisted|p1a: Lokix\n|-damage|p1a: Lokix|35\/100\n|move|p1a: Lokix|U-turn|p2a: Rillaboom\n|-supereffective|p2a: Rillaboom\n|-damage|p2a: Rillaboom|0 fnt\n|faint|p2a: Rillaboom\n|\n|t:|1699793969\n|switch|p1a: Ogerpon|Ogerpon-Wellspring-Tera, F, tera:Water|59\/100|[from] U-turn\n|-ability|p1a: Ogerpon|Embody Aspect (Wellspring)|boost\n|-boost|p1a: Ogerpon|spd|1\n|\n|-heal|p1a: Ogerpon|65\/100|[from] Grassy Terrain\n|upkeep\n|\n|t:|1699793972\n|switch|p2a: Ogerpon|Ogerpon-Cornerstone-Tera, F, tera:Rock|100\/100\n|-ability|p2a: Ogerpon|Embody Aspect (Cornerstone)|boost\n|-boost|p2a: Ogerpon|def|1\n|turn|30\n|\n|t:|1699793978\n|move|p1a: Ogerpon|Ivy Cudgel|p2a: Ogerpon\n|-supereffective|p2a: Ogerpon\n|-damage|p2a: Ogerpon|0 fnt\n|faint|p2a: Ogerpon\n|\n|-heal|p1a: Ogerpon|71\/100|[from] Grassy Terrain\n|upkeep\n|c|\u2606jhoncontrarianmons|ggwp\n|c| Albret|no way\n|c|\u2606pinkerthanfloyd|yeah the speed tie\n|\n|t:|1699793993\n|switch|p2a: Toxapex|Toxapex, F|49\/100\n|turn|31\n|\n|t:|1699793998\n|move|p1a: Ogerpon|Horn Leech|p2a: Toxapex\n|-damage|p2a: Toxapex|12\/100\n|-heal|p1a: Ogerpon|89\/100|[from] drain|[of] p2a: Toxapex\n|move|p2a: Toxapex|Sludge Bomb|p1a: Ogerpon\n|-damage|p1a: Ogerpon|73\/100\n|\n|-heal|p1a: Ogerpon|79\/100|[from] Grassy Terrain\n|-heal|p2a: Toxapex|18\/100|[from] Grassy Terrain\n|upkeep\n|turn|32\n|\n|t:|1699794002\n|move|p1a: Ogerpon|Horn Leech|p2a: Toxapex\n|-damage|p2a: Toxapex|0 fnt\n|-heal|p1a: Ogerpon|88\/100|[from] drain|[of] p2a: Toxapex\n|faint|p2a: Toxapex\n|\n|win|jhoncontrarianmons\n|raw|jhoncontrarianmons's rating: 1560 &rarr; <strong>1583<\/strong><br \/>(+23 for winning)\n|raw|pinkerthanfloyd's rating: 1611 &rarr; <strong>1588<\/strong><br \/>(-23 for losing)\n|c|\u2606pinkerthanfloyd|gg\n|l|\u2606pinkerthanfloyd\n|c|\u2606jhoncontrarianmons|gg\n|c|\u2606jhoncontrarianmons|hi albret\n","uploadtime":1699794030,"views":17,"p1id":"jhoncontrarianmons","p2id":"pinkerthanfloyd","formatid":"gen9ou","rating":1583,"private":0,"password":""}