{"id":"gen9ou-1992300559","p1":"testin5ever","p2":"vagmak","format":"[Gen 9] OU","log":"|j|\u2606testin5ever\n|j|\u2606vagmak\n|t:|1700172393\n|gametype|singles\n|player|p1|testin5ever|102|1721\n|player|p2|vagmak|steven|1697\n|teamsize|p1|6\n|teamsize|p2|6\n|gen|9\n|tier|[Gen 9] OU\n|rated|\n|rule|Sleep Clause Mod: Limit one foe put to sleep\n|rule|Species Clause: Limit one of each Pok\u00e9mon\n|rule|OHKO Clause: OHKO moves are banned\n|rule|Evasion Items Clause: Evasion items are banned\n|rule|Evasion Moves Clause: Evasion moves are banned\n|rule|Endless Battle Clause: Forcing endless battles is banned\n|rule|HP Percentage Mod: HP is shown in percentages\n|clearpoke\n|poke|p1|Pelipper, M|\n|poke|p1|Barraskewda, M|\n|poke|p1|Basculegion-F, F|\n|poke|p1|Amoonguss, M|\n|poke|p1|Zapdos|\n|poke|p1|Iron Treads|\n|poke|p2|Iron Valiant|\n|poke|p2|Azumarill, F|\n|poke|p2|Walking Wake|\n|poke|p2|Heatran, F|\n|poke|p2|Kingambit, M|\n|poke|p2|Ogerpon-Wellspring, F|\n|teampreview\n|inactive|Battle timer is ON: inactive players will automatically lose when time's up. (requested by vagmak)\n|\n|t:|1700172405\n|start\n|switch|p1a: Amoonguss|Amoonguss, M|100\/100\n|switch|p2a: Walking Wake|Walking Wake|100\/100\n|-enditem|p2a: Walking Wake|Booster Energy\n|-activate|p2a: Walking Wake|ability: Protosynthesis|[fromitem]\n|-start|p2a: Walking Wake|protosynthesisspe\n|turn|1\n|j| HaxxIsPain\n|\n|t:|1700172411\n|move|p2a: Walking Wake|Flamethrower|p1a: Amoonguss\n|-supereffective|p1a: Amoonguss\n|-damage|p1a: Amoonguss|46\/100\n|-enditem|p1a: Amoonguss|Eject Button\n|\n|t:|1700172438\n|switch|p1a: Pelipper|Pelipper, M|100\/100\n|-weather|RainDance|[from] ability: Drizzle|[of] p1a: Pelipper\n|\n|-weather|RainDance|[upkeep]\n|upkeep\n|turn|2\n|\n|t:|1700172447\n|move|p2a: Walking Wake|Dragon Pulse|p1a: Pelipper\n|-damage|p1a: Pelipper|44\/100\n|move|p1a: Pelipper|Hurricane|p2a: Walking Wake\n|-damage|p2a: Walking Wake|57\/100\n|-start|p2a: Walking Wake|confusion\n|\n|-weather|RainDance|[upkeep]\n|upkeep\n|turn|3\n|j| FatherSuperior7\n|l| FatherSuperior7\n|\n|t:|1700172456\n|switch|p1a: Basculegion|Basculegion-F, F|100\/100\n|-activate|p2a: Walking Wake|confusion\n|move|p2a: Walking Wake|Dragon Pulse|p1a: Basculegion\n|-damage|p1a: Basculegion|47\/100\n|\n|-weather|RainDance|[upkeep]\n|upkeep\n|turn|4\n|\n|t:|1700172460\n|-end|p2a: Walking Wake|confusion\n|move|p2a: Walking Wake|Dragon Pulse|p1a: Basculegion\n|-damage|p1a: Basculegion|2\/100\n|move|p1a: Basculegion|Shadow Ball|p2a: Walking Wake\n|-damage|p2a: Walking Wake|0 fnt\n|faint|p2a: Walking Wake\n|-end|p2a: Walking Wake|Protosynthesis|[silent]\n|\n|-weather|RainDance|[upkeep]\n|upkeep\n|\n|t:|1700172469\n|switch|p2a: Kingambit|Kingambit, M|100\/100\n|-activate|p2a: Kingambit|ability: Supreme Overlord\n|-start|p2a: Kingambit|fallen1|[silent]\n|turn|5\n|\n|t:|1700172473\n|move|p1a: Basculegion|Shadow Ball|p2a: Kingambit\n|-resisted|p2a: Kingambit\n|-damage|p2a: Kingambit|72\/100\n|move|p2a: Kingambit|Kowtow Cleave|p1a: Basculegion\n|-supereffective|p1a: Basculegion\n|-damage|p1a: Basculegion|0 fnt\n|faint|p1a: Basculegion\n|\n|-weather|RainDance|[upkeep]\n|upkeep\n|\n|t:|1700172477\n|switch|p1a: Barraskewda|Barraskewda, M|100\/100\n|turn|6\n|\n|t:|1700172480\n|move|p2a: Kingambit|Sucker Punch|p1a: Barraskewda\n|-damage|p1a: Barraskewda|1\/100\n|move|p1a: Barraskewda|Close Combat|p2a: Kingambit\n|-supereffective|p2a: Kingambit\n|-damage|p2a: Kingambit|0 fnt\n|-unboost|p1a: Barraskewda|def|1\n|-unboost|p1a: Barraskewda|spd|1\n|faint|p2a: Kingambit\n|-end|p2a: Kingambit|fallen1|[silent]\n|\n|-weather|RainDance|[upkeep]\n|upkeep\n|\n|t:|1700172485\n|switch|p2a: Azumarill|Azumarill, F|100\/100\n|turn|7\n|\n|t:|1700172490\n|switch|p1a: Iron Treads|Iron Treads|100\/100\n|move|p2a: Azumarill|Liquidation|p1a: Iron Treads\n|-supereffective|p1a: Iron Treads\n|-enditem|p1a: Iron Treads|Focus Sash\n|-damage|p1a: Iron Treads|1\/100\n|\n|-weather|RainDance|[upkeep]\n|upkeep\n|turn|8\n|\n|t:|1700172494\n|move|p2a: Azumarill|Aqua Jet|p1a: Iron Treads\n|-supereffective|p1a: Iron Treads\n|-damage|p1a: Iron Treads|0 fnt\n|faint|p1a: Iron Treads\n|-end|p1a: Iron Treads|Quark Drive|[silent]\n|\n|-weather|none\n|upkeep\n|\n|t:|1700172513\n|switch|p1a: Pelipper|Pelipper, M|44\/100\n|-weather|RainDance|[from] ability: Drizzle|[of] p1a: Pelipper\n|turn|9\n|\n|t:|1700172516\n|switch|p1a: Amoonguss|Amoonguss, M|80\/100\n|move|p2a: Azumarill|Play Rough|p1a: Amoonguss\n|-resisted|p1a: Amoonguss\n|-damage|p1a: Amoonguss|59\/100\n|\n|-weather|RainDance|[upkeep]\n|upkeep\n|turn|10\n|\n|t:|1700172522\n|switch|p2a: Ogerpon|Ogerpon-Wellspring, F|100\/100\n|move|p1a: Amoonguss|Sludge Bomb|p2a: Ogerpon\n|-supereffective|p2a: Ogerpon\n|-damage|p2a: Ogerpon|36\/100\n|\n|-weather|RainDance|[upkeep]\n|upkeep\n|turn|11\n|\n|t:|1700172528\n|move|p2a: Ogerpon|Ivy Cudgel|p1a: Amoonguss|[anim] Ivy Cudgel Water\n|-resisted|p1a: Amoonguss\n|-damage|p1a: Amoonguss|27\/100\n|move|p1a: Amoonguss|Foul Play|p2a: Ogerpon\n|-damage|p2a: Ogerpon|0 fnt\n|faint|p2a: Ogerpon\n|\n|-weather|RainDance|[upkeep]\n|upkeep\n|\n|t:|1700172533\n|switch|p2a: Heatran|Heatran, F|100\/100\n|turn|12\n|\n|t:|1700172538\n|switch|p1a: Zapdos|Zapdos|100\/100\n|move|p2a: Heatran|Earth Power|p1a: Zapdos\n|-immune|p1a: Zapdos\n|\n|-weather|RainDance|[upkeep]\n|upkeep\n|turn|13\n|\n|t:|1700172543\n|move|p2a: Heatran|Protect|p2a: Heatran\n|-singleturn|p2a: Heatran|Protect\n|move|p1a: Zapdos|Weather Ball|p2a: Heatran\n|-activate|p2a: Heatran|move: Protect\n|\n|-weather|RainDance|[upkeep]\n|upkeep\n|turn|14\n|\n|t:|1700172548\n|switch|p2a: Azumarill|Azumarill, F|100\/100\n|move|p1a: Zapdos|Weather Ball|p2a: Azumarill\n|-resisted|p2a: Azumarill\n|-damage|p2a: Azumarill|77\/100\n|\n|-weather|RainDance|[upkeep]\n|upkeep\n|turn|15\n|\n|t:|1700172552\n|switch|p2a: Heatran|Heatran, F|100\/100\n|move|p1a: Zapdos|Thunder|p2a: Heatran\n|-damage|p2a: Heatran|51\/100\n|\n|-weather|RainDance|[upkeep]\n|-heal|p2a: Heatran|57\/100|[from] item: Leftovers\n|upkeep\n|turn|16\n|\n|t:|1700172559\n|switch|p1a: Barraskewda|Barraskewda, M|1\/100\n|move|p2a: Heatran|Protect||[still]\n|-fail|p2a: Heatran\n|\n|-weather|none\n|-heal|p2a: Heatran|63\/100|[from] item: Leftovers\n|upkeep\n|turn|17\n|\n|t:|1700172565\n|switch|p2a: Azumarill|Azumarill, F|77\/100\n|move|p1a: Barraskewda|Flip Turn|p2a: Azumarill\n|-resisted|p2a: Azumarill\n|-damage|p2a: Azumarill|51\/100\n|\n|t:|1700172571\n|switch|p1a: Pelipper|Pelipper, M|44\/100|[from] Flip Turn\n|-weather|RainDance|[from] ability: Drizzle|[of] p1a: Pelipper\n|\n|-weather|RainDance|[upkeep]\n|upkeep\n|turn|18\n|\n|t:|1700172582\n|switch|p1a: Amoonguss|Amoonguss, M|61\/100\n|move|p2a: Azumarill|Play Rough|p1a: Amoonguss\n|-resisted|p1a: Amoonguss\n|-damage|p1a: Amoonguss|41\/100\n|\n|-weather|RainDance|[upkeep]\n|upkeep\n|turn|19\n|\n|t:|1700172587\n|move|p2a: Azumarill|Play Rough|p1a: Amoonguss\n|-resisted|p1a: Amoonguss\n|-damage|p1a: Amoonguss|20\/100\n|move|p1a: Amoonguss|Spore|p2a: Azumarill\n|-status|p2a: Azumarill|slp|[from] move: Spore\n|\n|-weather|RainDance|[upkeep]\n|upkeep\n|turn|20\n|\n|t:|1700172591\n|switch|p2a: Heatran|Heatran, F|63\/100\n|switch|p1a: Zapdos|Zapdos|100\/100\n|\n|-weather|RainDance|[upkeep]\n|-heal|p2a: Heatran|69\/100|[from] item: Leftovers\n|upkeep\n|turn|21\n|\n|t:|1700172594\n|move|p2a: Heatran|Protect|p2a: Heatran\n|-singleturn|p2a: Heatran|Protect\n|move|p1a: Zapdos|Weather Ball|p2a: Heatran\n|-activate|p2a: Heatran|move: Protect\n|\n|-weather|RainDance|[upkeep]\n|-heal|p2a: Heatran|76\/100|[from] item: Leftovers\n|upkeep\n|turn|22\n|\n|t:|1700172597\n|switch|p2a: Azumarill|Azumarill, F|51\/100 slp\n|move|p1a: Zapdos|Weather Ball|p2a: Azumarill\n|-resisted|p2a: Azumarill\n|-damage|p2a: Azumarill|27\/100 slp\n|-enditem|p2a: Azumarill|Sitrus Berry|[eat]\n|-heal|p2a: Azumarill|52\/100 slp|[from] item: Sitrus Berry\n|\n|-weather|RainDance|[upkeep]\n|upkeep\n|turn|23\n|\n|t:|1700172601\n|cant|p2a: Azumarill|slp\n|move|p1a: Zapdos|Thunder|p2a: Azumarill\n|-supereffective|p2a: Azumarill\n|-damage|p2a: Azumarill|0 fnt\n|faint|p2a: Azumarill\n|\n|-weather|RainDance|[upkeep]\n|upkeep\n|\n|t:|1700172604\n|switch|p2a: Heatran|Heatran, F|76\/100\n|turn|24\n|\n|t:|1700172618\n|move|p2a: Heatran|Protect|p2a: Heatran\n|-singleturn|p2a: Heatran|Protect\n|move|p1a: Zapdos|Weather Ball|p2a: Heatran\n|-activate|p2a: Heatran|move: Protect\n|\n|-weather|none\n|-heal|p2a: Heatran|82\/100|[from] item: Leftovers\n|upkeep\n|turn|25\n|\n|t:|1700172621\n|switch|p1a: Pelipper|Pelipper, M|44\/100\n|-weather|RainDance|[from] ability: Drizzle|[of] p1a: Pelipper\n|move|p2a: Heatran|Magma Storm|p1a: Pelipper\n|-resisted|p1a: Pelipper\n|-damage|p1a: Pelipper|25\/100\n|-activate|p1a: Pelipper|move: Magma Storm|[of] p2a: Heatran\n|\n|-weather|RainDance|[upkeep]\n|-heal|p2a: Heatran|88\/100|[from] item: Leftovers\n|-damage|p1a: Pelipper|12\/100|[from] move: Magma Storm|[partiallytrapped]\n|upkeep\n|turn|26\n|\n|t:|1700172626\n|move|p2a: Heatran|Protect|p2a: Heatran\n|-singleturn|p2a: Heatran|Protect\n|move|p1a: Pelipper|Roost|p1a: Pelipper\n|-heal|p1a: Pelipper|62\/100\n|-singleturn|p1a: Pelipper|move: Roost\n|\n|-weather|RainDance|[upkeep]\n|-heal|p2a: Heatran|94\/100|[from] item: Leftovers\n|-damage|p1a: Pelipper|50\/100|[from] move: Magma Storm|[partiallytrapped]\n|upkeep\n|turn|27\n|\n|t:|1700172631\n|move|p2a: Heatran|Flash Cannon|p1a: Pelipper\n|-resisted|p1a: Pelipper\n|-damage|p1a: Pelipper|18\/100\n|-unboost|p1a: Pelipper|spd|1\n|move|p1a: Pelipper|Surf|p2a: Heatran\n|-supereffective|p2a: Heatran\n|-damage|p2a: Heatran|24\/100\n|\n|-weather|RainDance|[upkeep]\n|-heal|p2a: Heatran|31\/100|[from] item: Leftovers\n|-damage|p1a: Pelipper|6\/100|[from] move: Magma Storm|[partiallytrapped]\n|upkeep\n|turn|28\n|\n|t:|1700172633\n|move|p2a: Heatran|Protect|p2a: Heatran\n|-singleturn|p2a: Heatran|Protect\n|move|p1a: Pelipper|Surf|p2a: Heatran\n|-activate|p2a: Heatran|move: Protect\n|\n|-weather|RainDance|[upkeep]\n|-heal|p2a: Heatran|37\/100|[from] item: Leftovers\n|-damage|p1a: Pelipper|0 fnt|[from] move: Magma Storm|[partiallytrapped]\n|faint|p1a: Pelipper\n|upkeep\n|\n|t:|1700172635\n|switch|p1a: Barraskewda|Barraskewda, M|1\/100\n|turn|29\n|\n|t:|1700172652\n|-terastallize|p2a: Heatran|Grass\n|move|p1a: Barraskewda|Liquidation|p2a: Heatran\n|-resisted|p2a: Heatran\n|-damage|p2a: Heatran|0 fnt\n|faint|p2a: Heatran\n|\n|-weather|RainDance|[upkeep]\n|upkeep\n|\n|t:|1700172655\n|switch|p2a: Iron Valiant|Iron Valiant|100\/100\n|-enditem|p2a: Iron Valiant|Booster Energy\n|-activate|p2a: Iron Valiant|ability: Quark Drive|[fromitem]\n|-start|p2a: Iron Valiant|quarkdrivespe\n|turn|30\n|\n|t:|1700172660\n|-terastallize|p1a: Barraskewda|Water\n|move|p1a: Barraskewda|Liquidation|p2a: Iron Valiant\n|-damage|p2a: Iron Valiant|0 fnt\n|faint|p2a: Iron Valiant\n|-end|p2a: Iron Valiant|Quark Drive|[silent]\n|\n|win|testin5ever\n|raw|testin5ever's rating: 1721 &rarr; <strong>1740<\/strong><br \/>(+19 for winning)\n|raw|vagmak's rating: 1697 &rarr; <strong>1678<\/strong><br \/>(-19 for losing)\n|l|\u2606vagmak\n","uploadtime":1700172673,"views":14,"p1id":"testin5ever","p2id":"vagmak","formatid":"gen9ou","rating":1678,"private":0,"password":""}