{"id":"gen9ou-1993577261","p1":"TheZalmancer","p2":"Scooschmata","format":"[Gen 9] OU","log":"|j|\u2606TheZalmancer\n|j|\u203dScooschmata\n|t:|1700333653\n|gametype|singles\n|player|p1|TheZalmancer|skyla|1255\n|player|p2|Scooschmata|101|1177\n|teamsize|p1|6\n|teamsize|p2|6\n|gen|9\n|tier|[Gen 9] OU\n|rated|\n|rule|Sleep Clause Mod: Limit one foe put to sleep\n|rule|Species Clause: Limit one of each Pok\u00e9mon\n|rule|OHKO Clause: OHKO moves are banned\n|rule|Evasion Items Clause: Evasion items are banned\n|rule|Evasion Moves Clause: Evasion moves are banned\n|rule|Endless Battle Clause: Forcing endless battles is banned\n|rule|HP Percentage Mod: HP is shown in percentages\n|clearpoke\n|poke|p1|Ogerpon-Wellspring, F|\n|poke|p1|Ninetales-Alola, F|\n|poke|p1|Corviknight, M|\n|poke|p1|Slowking-Galar, M|\n|poke|p1|Hydreigon, F|\n|poke|p1|Ditto|\n|poke|p2|Thundurus, M|\n|poke|p2|Zamazenta-*|\n|poke|p2|Samurott-Hisui, F|\n|poke|p2|Gholdengo|\n|poke|p2|Cinderace, F|\n|poke|p2|Ribombee, F|\n|teampreview\n|\n|t:|1700333695\n|start\n|switch|p1a: Hydreigon|Hydreigon, F|100\/100\n|switch|p2a: Ribombee|Ribombee, F|100\/100\n|turn|1\n|inactive|Battle timer is ON: inactive players will automatically lose when time's up. (requested by Scooschmata)\n|\n|t:|1700333706\n|move|p2a: Ribombee|Sticky Web|p1a: Hydreigon\n|-sidestart|p1: TheZalmancer|move: Sticky Web\n|move|p1a: Hydreigon|Thunder Wave|p2a: Ribombee\n|-status|p2a: Ribombee|par\n|\n|upkeep\n|turn|2\n|\n|t:|1700333713\n|move|p1a: Hydreigon|Taunt|p2a: Ribombee\n|-start|p2a: Ribombee|move: Taunt\n|cant|p2a: Ribombee|move: Taunt|Stun Spore\n|\n|upkeep\n|turn|3\n|\n|t:|1700333719\n|move|p1a: Hydreigon|Stealth Rock|p2a: Ribombee\n|-sidestart|p2: Scooschmata|move: Stealth Rock\n|move|p2a: Ribombee|Moonblast|p1a: Hydreigon\n|-supereffective|p1a: Hydreigon\n|-enditem|p1a: Hydreigon|Focus Sash\n|-damage|p1a: Hydreigon|1\/100\n|-unboost|p1a: Hydreigon|spa|1\n|\n|upkeep\n|turn|4\n|\n|t:|1700333730\n|switch|p1a: Corviknight|Corviknight, M, shiny|100\/100\n|cant|p2a: Ribombee|par\n|\n|-end|p2a: Ribombee|move: Taunt\n|upkeep\n|turn|5\n|\n|t:|1700333740\n|cant|p2a: Ribombee|par\n|move|p1a: Corviknight|Defog|p2a: Ribombee\n|-unboost|p2a: Ribombee|evasion|1\n|-sideend|p2: Scooschmata|Stealth Rock|[from] move: Defog|[of] p1a: Corviknight\n|-sideend|p1: TheZalmancer|Sticky Web|[from] move: Defog|[of] p1a: Corviknight\n|\n|upkeep\n|turn|6\n|\n|t:|1700333748\n|move|p2a: Ribombee|Stun Spore|p1a: Corviknight|[miss]\n|-miss|p2a: Ribombee|p1a: Corviknight\n|move|p1a: Corviknight|Iron Head|p2a: Ribombee\n|-supereffective|p2a: Ribombee\n|-crit|p2a: Ribombee\n|-enditem|p2a: Ribombee|Focus Sash\n|-damage|p2a: Ribombee|1\/100 par\n|\n|upkeep\n|turn|7\n|\n|t:|1700333756\n|cant|p2a: Ribombee|par\n|move|p1a: Corviknight|Iron Head|p2a: Ribombee\n|-supereffective|p2a: Ribombee\n|-damage|p2a: Ribombee|0 fnt\n|faint|p2a: Ribombee\n|\n|upkeep\n|\n|t:|1700333769\n|switch|p2a: Thundurus|Thundurus, M|100\/100\n|turn|8\n|\n|t:|1700333783\n|switch|p1a: Hydreigon|Hydreigon, F|1\/100\n|move|p2a: Thundurus|Nasty Plot|p2a: Thundurus\n|-boost|p2a: Thundurus|spa|2\n|\n|upkeep\n|turn|9\n|\n|t:|1700333790\n|move|p2a: Thundurus|Thunderbolt|p1a: Hydreigon\n|-resisted|p1a: Hydreigon\n|-damage|p1a: Hydreigon|0 fnt\n|faint|p1a: Hydreigon\n|\n|upkeep\n|\n|t:|1700333796\n|switch|p1a: Ditto|Ditto, shiny|100\/100\n|-transform|p1a: Ditto|p2a: Thundurus|[from] ability: Imposter\n|turn|10\n|\n|t:|1700333803\n|-terastallize|p2a: Thundurus|Ice\n|move|p1a: Ditto|Thunderbolt|p2a: Thundurus\n|-enditem|p2a: Thundurus|Focus Sash\n|-damage|p2a: Thundurus|1\/100\n|move|p2a: Thundurus|Tera Blast|p1a: Ditto|[anim] Tera Blast Ice\n|-supereffective|p1a: Ditto\n|-damage|p1a: Ditto|0 fnt\n|faint|p1a: Ditto\n|\n|upkeep\n|\n|t:|1700333816\n|switch|p1a: Slowking|Slowking-Galar, M|100\/100\n|turn|11\n|\n|t:|1700333824\n|move|p2a: Thundurus|Thunderbolt|p1a: Slowking\n|-damage|p1a: Slowking|32\/100\n|move|p1a: Slowking|Shadow Ball|p2a: Thundurus\n|-damage|p2a: Thundurus|0 fnt\n|faint|p2a: Thundurus\n|\n|-heal|p1a: Slowking|38\/100|[from] item: Leftovers\n|upkeep\n|\n|t:|1700333835\n|switch|p2a: Zamazenta|Zamazenta|100\/100\n|-ability|p2a: Zamazenta|Dauntless Shield|boost\n|-boost|p2a: Zamazenta|def|1\n|turn|12\n|\n|t:|1700333843\n|switch|p1a: Corviknight|Corviknight, M, shiny|100\/100\n|move|p2a: Zamazenta|Substitute|p2a: Zamazenta\n|-start|p2a: Zamazenta|Substitute\n|-damage|p2a: Zamazenta|76\/100\n|\n|-heal|p2a: Zamazenta|82\/100|[from] item: Leftovers\n|upkeep\n|turn|13\n|\n|t:|1700333852\n|move|p2a: Zamazenta|Iron Defense|p2a: Zamazenta\n|-boost|p2a: Zamazenta|def|2\n|move|p1a: Corviknight|Iron Head|p2a: Zamazenta\n|-activate|p2a: Zamazenta|move: Substitute|[damage]\n|\n|-heal|p2a: Zamazenta|88\/100|[from] item: Leftovers\n|upkeep\n|turn|14\n|\n|t:|1700333862\n|move|p2a: Zamazenta|Iron Defense|p2a: Zamazenta\n|-boost|p2a: Zamazenta|def|2\n|move|p1a: Corviknight|U-turn|p2a: Zamazenta\n|-resisted|p2a: Zamazenta\n|-activate|p2a: Zamazenta|move: Substitute|[damage]\n|\n|t:|1700333867\n|switch|p1a: Ninetales|Ninetales-Alola, F, shiny|100\/100|[from] U-turn\n|-weather|Snow|[from] ability: Snow Warning|[of] p1a: Ninetales\n|\n|-weather|Snow|[upkeep]\n|-heal|p2a: Zamazenta|94\/100|[from] item: Leftovers\n|upkeep\n|turn|15\n|\n|t:|1700333875\n|move|p2a: Zamazenta|Heavy Slam|p1a: Ninetales\n|-supereffective|p1a: Ninetales\n|-damage|p1a: Ninetales|1\/100\n|move|p1a: Ninetales|Aurora Veil|p1a: Ninetales\n|-sidestart|p1: TheZalmancer|move: Aurora Veil\n|\n|-weather|Snow|[upkeep]\n|-heal|p2a: Zamazenta|99\/100|[from] item: Leftovers\n|upkeep\n|turn|16\n|\n|t:|1700333886\n|move|p2a: Zamazenta|Iron Defense|p2a: Zamazenta\n|-boost|p2a: Zamazenta|def|1\n|move|p1a: Ninetales|Freeze-Dry|p2a: Zamazenta\n|-end|p2a: Zamazenta|Substitute\n|\n|-weather|Snow|[upkeep]\n|-heal|p2a: Zamazenta|100\/100|[from] item: Leftovers\n|upkeep\n|turn|17\n|\n|t:|1700333900\n|move|p2a: Zamazenta|Body Press|p1a: Ninetales\n|-damage|p1a: Ninetales|0 fnt\n|faint|p1a: Ninetales\n|\n|-weather|Snow|[upkeep]\n|upkeep\n|\n|t:|1700333910\n|switch|p1a: Slowking|Slowking-Galar, M|71\/100\n|turn|18\n|\n|t:|1700333914\n|move|p2a: Zamazenta|Substitute|p2a: Zamazenta\n|-start|p2a: Zamazenta|Substitute\n|-damage|p2a: Zamazenta|76\/100\n|move|p1a: Slowking|Trick Room|p1a: Slowking\n|-fieldstart|move: Trick Room|[of] p1a: Slowking\n|\n|-weather|none\n|-heal|p1a: Slowking|77\/100|[from] item: Leftovers\n|-heal|p2a: Zamazenta|82\/100|[from] item: Leftovers\n|upkeep\n|turn|19\n|\n|t:|1700333928\n|move|p1a: Slowking|Sludge Bomb|p2a: Zamazenta\n|-end|p2a: Zamazenta|Substitute\n|move|p2a: Zamazenta|Body Press|p1a: Slowking\n|-resisted|p1a: Slowking\n|-damage|p1a: Slowking|59\/100\n|\n|-heal|p1a: Slowking|65\/100|[from] item: Leftovers\n|-heal|p2a: Zamazenta|88\/100|[from] item: Leftovers\n|upkeep\n|turn|20\n|\n|t:|1700333943\n|move|p1a: Slowking|Nasty Plot|p1a: Slowking\n|-boost|p1a: Slowking|spa|2\n|move|p2a: Zamazenta|Substitute|p2a: Zamazenta\n|-start|p2a: Zamazenta|Substitute\n|-damage|p2a: Zamazenta|63\/100\n|\n|-heal|p1a: Slowking|72\/100|[from] item: Leftovers\n|-heal|p2a: Zamazenta|69\/100|[from] item: Leftovers\n|upkeep\n|turn|21\n|\n|t:|1700333954\n|move|p1a: Slowking|Sludge Bomb|p2a: Zamazenta\n|-end|p2a: Zamazenta|Substitute\n|move|p2a: Zamazenta|Body Press|p1a: Slowking\n|-resisted|p1a: Slowking\n|-damage|p1a: Slowking|54\/100\n|\n|-heal|p1a: Slowking|60\/100|[from] item: Leftovers\n|-heal|p2a: Zamazenta|75\/100|[from] item: Leftovers\n|upkeep\n|turn|22\n|\n|t:|1700333966\n|switch|p2a: Gholdengo|Gholdengo|100\/100\n|-item|p2a: Gholdengo|Air Balloon\n|move|p1a: Slowking|Sludge Bomb|p2a: Gholdengo\n|-immune|p2a: Gholdengo\n|\n|-heal|p1a: Slowking|66\/100|[from] item: Leftovers\n|-sideend|p1: TheZalmancer|move: Aurora Veil\n|-fieldend|move: Trick Room\n|upkeep\n|turn|23\n|\n|t:|1700333980\n|move|p2a: Gholdengo|Shadow Ball|p1a: Slowking\n|-supereffective|p1a: Slowking\n|-damage|p1a: Slowking|0 fnt\n|faint|p1a: Slowking\n|\n|upkeep\n|\n|t:|1700333987\n|switch|p1a: Ogerpon|Ogerpon-Wellspring, F|100\/100\n|turn|24\n|\n|t:|1700333995\n|move|p1a: Ogerpon|Swords Dance|p1a: Ogerpon\n|-boost|p1a: Ogerpon|atk|2\n|move|p2a: Gholdengo|Nasty Plot|p2a: Gholdengo\n|-boost|p2a: Gholdengo|spa|2\n|\n|upkeep\n|turn|25\n|\n|t:|1700334010\n|move|p1a: Ogerpon|Ivy Cudgel|p2a: Gholdengo|[anim] Ivy Cudgel Water\n|-damage|p2a: Gholdengo|0 fnt\n|-enditem|p2a: Gholdengo|Air Balloon\n|faint|p2a: Gholdengo\n|\n|upkeep\n|\n|t:|1700334028\n|switch|p2a: Samurott|Samurott-Hisui, F|100\/100\n|turn|26\n|inactive|Scooschmata has 120 seconds left.\n|\n|t:|1700334059\n|move|p2a: Samurott|Sacred Sword|p1a: Ogerpon\n|-damage|p1a: Ogerpon|48\/100\n|move|p1a: Ogerpon|Horn Leech|p2a: Samurott\n|-supereffective|p2a: Samurott\n|-damage|p2a: Samurott|0 fnt\n|-heal|p1a: Ogerpon|100\/100|[from] drain|[of] p2a: Samurott\n|faint|p2a: Samurott\n|\n|upkeep\n|\n|t:|1700334068\n|switch|p2a: Cinderace|Cinderace, F|100\/100\n|turn|27\n|\n|t:|1700334077\n|-terastallize|p1a: Ogerpon|Water\n|detailschange|p1a: Ogerpon|Ogerpon-Wellspring-Tera, F, tera:Water\n|-ability|p1a: Ogerpon|Embody Aspect (Wellspring)|boost\n|-boost|p1a: Ogerpon|spd|1\n|move|p2a: Cinderace|U-turn|p1a: Ogerpon\n|-start|p2a: Cinderace|typechange|Bug|[from] ability: Libero\n|-damage|p1a: Ogerpon|57\/100\n|\n|t:|1700334086\n|switch|p2a: Zamazenta|Zamazenta|75\/100|[from] U-turn\n|move|p1a: Ogerpon|Ivy Cudgel|p2a: Zamazenta|[anim] Ivy Cudgel Water\n|-damage|p2a: Zamazenta|0 fnt\n|faint|p2a: Zamazenta\n|\n|upkeep\n|\n|t:|1700334093\n|switch|p2a: Cinderace|Cinderace, F|100\/100\n|turn|28\n|\n|t:|1700334106\n|move|p2a: Cinderace|Pyro Ball|p1a: Ogerpon\n|-resisted|p1a: Ogerpon\n|-damage|p1a: Ogerpon|20\/100\n|move|p1a: Ogerpon|Ivy Cudgel|p2a: Cinderace|[anim] Ivy Cudgel Water\n|-supereffective|p2a: Cinderace\n|-damage|p2a: Cinderace|0 fnt\n|faint|p2a: Cinderace\n|\n|win|TheZalmancer\n|raw|TheZalmancer's rating: 1255 &rarr; <strong>1274<\/strong><br \/>(+19 for winning)\n|raw|Scooschmata's rating: 1177 &rarr; <strong>1158<\/strong><br \/>(-19 for losing)\n|c|\u2606TheZalmancer|ggs\n|l|\u203dScooschmata\n|c|\u2606TheZalmancer|you thought you were somebody but you were not\n","uploadtime":1700334137,"views":9,"p1id":"thezalmancer","p2id":"scooschmata","formatid":"gen9ou","rating":1158,"private":0,"password":""}