{"id":"gen9ou-1991430165","p1":"narut2307899","p2":"lhkjjh","format":"[Gen 9] OU","log":"|j|\u2606narut2307899\n|j|\u2606lhkjjh\n|t:|1700076444\n|gametype|singles\n|player|p1|narut2307899|170|1000\n|player|p2|lhkjjh|ghetsis|1000\n|teamsize|p1|6\n|teamsize|p2|6\n|gen|9\n|tier|[Gen 9] OU\n|rated|\n|rule|Sleep Clause Mod: Limit one foe put to sleep\n|rule|Species Clause: Limit one of each Pok\u00e9mon\n|rule|OHKO Clause: OHKO moves are banned\n|rule|Evasion Items Clause: Evasion items are banned\n|rule|Evasion Moves Clause: Evasion moves are banned\n|rule|Endless Battle Clause: Forcing endless battles is banned\n|rule|HP Percentage Mod: HP is shown in percentages\n|clearpoke\n|poke|p1|Greninja-*, F|\n|poke|p1|Garchomp, F|\n|poke|p1|Magnezone|\n|poke|p1|Chandelure, M|\n|poke|p1|Amoonguss, M|\n|poke|p1|Zapdos|\n|poke|p2|Ogerpon-Cornerstone, F|\n|poke|p2|Samurott-Hisui, F|\n|poke|p2|Iron Valiant|\n|poke|p2|Mamoswine, F|\n|poke|p2|Goodra-Hisui, M|\n|poke|p2|Munkidori, M|\n|teampreview\n|inactive|Battle timer is ON: inactive players will automatically lose when time's up. (requested by lhkjjh)\n|\n|t:|1700076456\n|start\n|switch|p1a: Garchomp|Garchomp, F|100\/100\n|switch|p2a: Mamoswine|Mamoswine, F|100\/100\n|turn|1\n|\n|t:|1700076466\n|move|p2a: Mamoswine|Ice Shard|p1a: Garchomp\n|-supereffective|p1a: Garchomp\n|-damage|p1a: Garchomp|32\/100\n|move|p1a: Garchomp|Swords Dance|p1a: Garchomp\n|-boost|p1a: Garchomp|atk|2\n|\n|upkeep\n|turn|2\n|\n|t:|1700076483\n|switch|p1a: Greninja|Greninja, F|100\/100\n|move|p2a: Mamoswine|Ice Shard|p1a: Greninja\n|-resisted|p1a: Greninja\n|-damage|p1a: Greninja|85\/100\n|\n|upkeep\n|turn|3\n|\n|t:|1700076493\n|move|p2a: Mamoswine|Trailblaze|p1a: Greninja\n|-supereffective|p1a: Greninja\n|-damage|p1a: Greninja|35\/100\n|-boost|p2a: Mamoswine|spe|1\n|move|p1a: Greninja|Mud-Slap|p2a: Mamoswine\n|-damage|p2a: Mamoswine|93\/100\n|-unboost|p2a: Mamoswine|accuracy|1\n|\n|-heal|p2a: Mamoswine|99\/100|[from] item: Leftovers\n|upkeep\n|turn|4\n|\n|t:|1700076508\n|move|p2a: Mamoswine|Trailblaze|p1a: Greninja\n|-supereffective|p1a: Greninja\n|-damage|p1a: Greninja|0 fnt\n|-boost|p2a: Mamoswine|spe|1\n|faint|p1a: Greninja\n|\n|-heal|p2a: Mamoswine|100\/100|[from] item: Leftovers\n|upkeep\n|\n|t:|1700076523\n|switch|p1a: Chandelure|Chandelure, M|100\/100\n|turn|5\n|\n|t:|1700076534\n|move|p2a: Mamoswine|Earthquake|p1a: Chandelure\n|-supereffective|p1a: Chandelure\n|-damage|p1a: Chandelure|0 fnt\n|faint|p1a: Chandelure\n|\n|upkeep\n|\n|t:|1700076544\n|switch|p1a: Amoonguss|Amoonguss, M|100\/100\n|turn|6\n|\n|t:|1700076552\n|-terastallize|p1a: Amoonguss|Grass\n|move|p2a: Mamoswine|Icicle Crash|p1a: Amoonguss\n|-supereffective|p1a: Amoonguss\n|-damage|p1a: Amoonguss|0 fnt\n|faint|p1a: Amoonguss\n|\n|upkeep\n|\n|t:|1700076562\n|switch|p1a: Garchomp|Garchomp, F|32\/100\n|turn|7\n|\n|t:|1700076565\n|move|p2a: Mamoswine|Ice Shard|p1a: Garchomp\n|-supereffective|p1a: Garchomp\n|-damage|p1a: Garchomp|0 fnt\n|faint|p1a: Garchomp\n|\n|upkeep\n|\n|t:|1700076570\n|switch|p1a: Magnezone|Magnezone|100\/100\n|-item|p1a: Magnezone|Air Balloon\n|turn|8\n|\n|t:|1700076578\n|move|p2a: Mamoswine|Ice Shard|p1a: Magnezone\n|-resisted|p1a: Magnezone\n|-damage|p1a: Magnezone|92\/100\n|-enditem|p1a: Magnezone|Air Balloon\n|move|p1a: Magnezone|Body Press|p2a: Mamoswine\n|-supereffective|p2a: Mamoswine\n|-damage|p2a: Mamoswine|56\/100\n|\n|-heal|p2a: Mamoswine|62\/100|[from] item: Leftovers\n|upkeep\n|turn|9\n|\n|t:|1700076591\n|move|p2a: Mamoswine|Earthquake|p1a: Magnezone\n|-supereffective|p1a: Magnezone\n|-damage|p1a: Magnezone|0 fnt\n|faint|p1a: Magnezone\n|\n|-heal|p2a: Mamoswine|68\/100|[from] item: Leftovers\n|upkeep\n|\n|t:|1700076599\n|switch|p1a: Zapdos|Zapdos|100\/100\n|turn|10\n|\n|t:|1700076604\n|move|p2a: Mamoswine|Icicle Crash|p1a: Zapdos\n|-supereffective|p1a: Zapdos\n|-damage|p1a: Zapdos|16\/100\n|cant|p1a: Zapdos|flinch\n|\n|-heal|p2a: Mamoswine|74\/100|[from] item: Leftovers\n|upkeep\n|turn|11\n|\n|t:|1700076613\n|move|p2a: Mamoswine|Ice Shard|p1a: Zapdos\n|-supereffective|p1a: Zapdos\n|-crit|p1a: Zapdos\n|-damage|p1a: Zapdos|0 fnt\n|faint|p1a: Zapdos\n|\n|win|lhkjjh\n|raw|narut2307899's rating: 1000 &rarr; <strong>1000<\/strong><br \/>(+0 for losing)\n|raw|lhkjjh's rating: 1000 &rarr; <strong>1040<\/strong><br \/>(+40 for winning)\n|l|\u2606narut2307899\n","uploadtime":1700076629,"views":33,"p1id":"narut2307899","p2id":"lhkjjh","formatid":"gen9ou","rating":1000,"private":0,"password":""}