{"id":"gen9ou-1993286655","p1":"snotnosezill","p2":"cardiclimb29","format":"[Gen 9] OU","log":"|j|\u2606snotnosezill\n|j|\u2606cardiclimb29\n|t:|1700290633\n|gametype|singles\n|player|p1|snotnosezill|2|1146\n|player|p2|cardiclimb29|lucas|1181\n|teamsize|p1|6\n|teamsize|p2|6\n|gen|9\n|tier|[Gen 9] OU\n|rated|\n|rule|Sleep Clause Mod: Limit one foe put to sleep\n|rule|Species Clause: Limit one of each Pok\u00e9mon\n|rule|OHKO Clause: OHKO moves are banned\n|rule|Evasion Items Clause: Evasion items are banned\n|rule|Evasion Moves Clause: Evasion moves are banned\n|rule|Endless Battle Clause: Forcing endless battles is banned\n|rule|HP Percentage Mod: HP is shown in percentages\n|clearpoke\n|poke|p1|Ninetales, M|\n|poke|p1|Skeledirge, M|\n|poke|p1|Heatran, M|\n|poke|p1|Walking Wake|\n|poke|p1|Moltres-Galar|\n|poke|p1|Landorus-Therian, M|\n|poke|p2|Empoleon, M|\n|poke|p2|Great Tusk|\n|poke|p2|Zapdos|\n|poke|p2|Dragapult, F|\n|poke|p2|Clefable, M|\n|poke|p2|Ceruledge, M|\n|teampreview\n|inactive|Battle timer is ON: inactive players will automatically lose when time's up. (requested by cardiclimb29)\n|\n|t:|1700290653\n|start\n|switch|p1a: Landorus|Landorus-Therian, M|100\/100\n|switch|p2a: Zapdos|Zapdos|100\/100\n|-ability|p1a: Landorus|Intimidate|boost\n|-unboost|p2a: Zapdos|atk|1\n|turn|1\n|inactive|snotnosezill has 120 seconds left.\n|\n|t:|1700290690\n|move|p1a: Landorus|U-turn|p2a: Zapdos\n|-resisted|p2a: Zapdos\n|-damage|p2a: Zapdos|85\/100\n|\n|t:|1700290694\n|switch|p1a: Heatran|Heatran, M|100\/100|[from] U-turn\n|-item|p1a: Heatran|Air Balloon\n|move|p2a: Zapdos|Hurricane|p1a: Heatran|[miss]\n|-miss|p2a: Zapdos|p1a: Heatran\n|\n|upkeep\n|turn|2\n|inactive|snotnosezill has 120 seconds left.\n|\n|t:|1700290708\n|move|p2a: Zapdos|Volt Switch|p1a: Heatran\n|-damage|p1a: Heatran|68\/100\n|-enditem|p1a: Heatran|Air Balloon\n|\n|t:|1700290713\n|switch|p2a: Great Tusk|Great Tusk|100\/100|[from] Volt Switch\n|move|p1a: Heatran|Magma Storm|p2a: Great Tusk\n|-damage|p2a: Great Tusk|39\/100\n|-activate|p2a: Great Tusk|move: Magma Storm|[of] p1a: Heatran\n|\n|-heal|p2a: Great Tusk|45\/100|[from] item: Leftovers\n|-damage|p2a: Great Tusk|33\/100|[from] move: Magma Storm|[partiallytrapped]\n|upkeep\n|turn|3\n|\n|t:|1700290725\n|move|p1a: Heatran|Protect|p1a: Heatran\n|-singleturn|p1a: Heatran|Protect\n|move|p2a: Great Tusk|Stealth Rock|p1a: Heatran\n|-sidestart|p1: snotnosezill|move: Stealth Rock\n|\n|-heal|p2a: Great Tusk|39\/100|[from] item: Leftovers\n|-damage|p2a: Great Tusk|26\/100|[from] move: Magma Storm|[partiallytrapped]\n|upkeep\n|turn|4\n|inactive|snotnosezill has 120 seconds left.\n|\n|t:|1700290754\n|switch|p1a: Landorus|Landorus-Therian, M|100\/100\n|-damage|p1a: Landorus|88\/100|[from] Stealth Rock\n|-ability|p1a: Landorus|Intimidate|boost\n|-unboost|p2a: Great Tusk|atk|1\n|move|p2a: Great Tusk|Earthquake|p1a: Landorus\n|-immune|p1a: Landorus\n|\n|-heal|p2a: Great Tusk|33\/100|[from] item: Leftovers\n|-end|p2a: Great Tusk|Magma Storm|[partiallytrapped]|[silent]\n|upkeep\n|turn|5\n|\n|t:|1700290772\n|-end|p2a: Great Tusk|Protosynthesis|[silent]\n|switch|p2a: Zapdos|Zapdos|85\/100\n|move|p1a: Landorus|Rock Slide|p2a: Zapdos\n|-supereffective|p2a: Zapdos\n|-damage|p2a: Zapdos|10\/100\n|\n|upkeep\n|turn|6\n|\n|t:|1700290780\n|move|p1a: Landorus|Rock Slide|p2a: Zapdos\n|-supereffective|p2a: Zapdos\n|-damage|p2a: Zapdos|0 fnt\n|faint|p2a: Zapdos\n|\n|upkeep\n|\n|t:|1700290798\n|switch|p2a: Clefable|Clefable, M|100\/100\n|turn|7\n|inactive|snotnosezill has 120 seconds left.\n|\n|t:|1700290819\n|switch|p1a: Ninetales|Ninetales, M|100\/100\n|-damage|p1a: Ninetales|76\/100|[from] Stealth Rock\n|-weather|SunnyDay|[from] ability: Drought|[of] p1a: Ninetales\n|move|p2a: Clefable|Calm Mind|p2a: Clefable\n|-boost|p2a: Clefable|spa|1\n|-boost|p2a: Clefable|spd|1\n|\n|-weather|SunnyDay|[upkeep]\n|upkeep\n|turn|8\n|inactive|snotnosezill has 90 seconds left.\n|\n|t:|1700290870\n|switch|p1a: Heatran|Heatran, M|68\/100\n|-damage|p1a: Heatran|55\/100|[from] Stealth Rock\n|-terastallize|p2a: Clefable|Water\n|move|p2a: Clefable|Calm Mind|p2a: Clefable\n|-boost|p2a: Clefable|spa|1\n|-boost|p2a: Clefable|spd|1\n|\n|-weather|SunnyDay|[upkeep]\n|upkeep\n|turn|9\n|inactive|snotnosezill has 60 seconds left.\n|\n|t:|1700290908\n|-terastallize|p1a: Heatran|Grass\n|move|p1a: Heatran|Solar Beam||[still]\n|-prepare|p1a: Heatran|Solar Beam\n|-anim|p1a: Heatran|Solar Beam|p2a: Clefable\n|-supereffective|p2a: Clefable\n|-damage|p2a: Clefable|40\/100\n|move|p2a: Clefable|Thunderbolt|p1a: Heatran\n|-resisted|p1a: Heatran\n|-damage|p1a: Heatran|34\/100\n|\n|-weather|SunnyDay|[upkeep]\n|-heal|p2a: Clefable|46\/100|[from] item: Leftovers\n|upkeep\n|turn|10\n|\n|t:|1700290921\n|switch|p2a: Empoleon|Empoleon, M|100\/100\n|move|p1a: Heatran|Magma Storm|p2a: Empoleon\n|-damage|p2a: Empoleon|45\/100\n|-activate|p2a: Empoleon|move: Magma Storm|[of] p1a: Heatran\n|\n|-weather|SunnyDay|[upkeep]\n|-heal|p2a: Empoleon|52\/100|[from] item: Leftovers\n|-damage|p2a: Empoleon|39\/100|[from] move: Magma Storm|[partiallytrapped]\n|upkeep\n|turn|11\n|-message|cardiclimb29 forfeited.\n|\n|win|snotnosezill\n|raw|snotnosezill's rating: 1146 &rarr; <strong>1174<\/strong><br \/>(+28 for winning)\n|raw|cardiclimb29's rating: 1181 &rarr; <strong>1153<\/strong><br \/>(-28 for losing)\n|l|\u2606cardiclimb29\n","uploadtime":1700290934,"views":10,"p1id":"snotnosezill","p2id":"cardiclimb29","formatid":"gen9ou","rating":1153,"private":0,"password":""}