{"id":"gen9ou-1991070946","p1":"Kiromi_sempai","p2":"NegativeVictoria","format":"[Gen 9] OU","log":"|j|\u2606Kiromi_sempai\n|j|\u2606NegativeVictoria\n|t:|1700038186\n|gametype|singles\n|player|p1|Kiromi_sempai|101|1009\n|player|p2|NegativeVictoria|plasmagruntf|1085\n|teamsize|p1|6\n|teamsize|p2|6\n|gen|9\n|tier|[Gen 9] OU\n|rated|\n|rule|Sleep Clause Mod: Limit one foe put to sleep\n|rule|Species Clause: Limit one of each Pok\u00e9mon\n|rule|OHKO Clause: OHKO moves are banned\n|rule|Evasion Items Clause: Evasion items are banned\n|rule|Evasion Moves Clause: Evasion moves are banned\n|rule|Endless Battle Clause: Forcing endless battles is banned\n|rule|HP Percentage Mod: HP is shown in percentages\n|clearpoke\n|poke|p1|Vaporeon, M|\n|poke|p1|Flareon, F|\n|poke|p1|Espeon, M|\n|poke|p1|Umbreon, M|\n|poke|p1|Leafeon, F|\n|poke|p1|Chandelure, M|\n|poke|p2|Arcanine-Hisui, F|\n|poke|p2|Lilligant-Hisui, F|\n|poke|p2|Torkoal, F|\n|poke|p2|Espeon, F|\n|poke|p2|Iron Moth|\n|poke|p2|Pincurchin, F|\n|teampreview\n|inactive|Battle timer is ON: inactive players will automatically lose when time's up. (requested by Kiromi_sempai)\n|\n|t:|1700038191\n|start\n|switch|p1a: Chandelure|Chandelure, M|100\/100\n|switch|p2a: Arcanine|Arcanine-Hisui, F|100\/100\n|turn|1\n|\n|t:|1700038197\n|move|p2a: Arcanine|Head Smash|p1a: Chandelure|[miss]\n|-miss|p2a: Arcanine|p1a: Chandelure\n|move|p1a: Chandelure|Overheat|p2a: Arcanine\n|-resisted|p2a: Arcanine\n|-damage|p2a: Arcanine|75\/100\n|-unboost|p1a: Chandelure|spa|2\n|\n|upkeep\n|turn|2\n|\n|t:|1700038225\n|switch|p1a: Umbreon|Umbreon, M|100\/100\n|move|p2a: Arcanine|Head Smash|p1a: Umbreon\n|-damage|p1a: Umbreon|59\/100\n|\n|-heal|p1a: Umbreon|65\/100|[from] item: Leftovers\n|upkeep\n|turn|3\n|\n|t:|1700038235\n|switch|p2a: Torkoal|Torkoal, F|100\/100\n|-weather|SunnyDay|[from] ability: Drought|[of] p2a: Torkoal\n|move|p1a: Umbreon|Protect||[still]\n|-fail|p1a: Umbreon\n|\n|-weather|SunnyDay|[upkeep]\n|-heal|p1a: Umbreon|71\/100|[from] item: Leftovers\n|upkeep\n|turn|4\n|inactive|Kiromi_sempai has 120 seconds left.\n|\n|t:|1700038258\n|switch|p1a: Espeon|Espeon, M|100\/100\n|move|p2a: Torkoal|Body Press|p1a: Espeon\n|-resisted|p1a: Espeon\n|-damage|p1a: Espeon|71\/100\n|\n|-weather|SunnyDay|[upkeep]\n|upkeep\n|turn|5\n|inactive|Kiromi_sempai has 120 seconds left.\n|\n|t:|1700038266\n|switch|p2a: Espeon|Espeon, F|100\/100\n|move|p1a: Espeon|Trick|p2a: Espeon\n|-activate|p1a: Espeon|move: Trick|[of] p2a: Espeon\n|-item|p2a: Espeon|Choice Scarf|[from] move: Trick\n|-item|p1a: Espeon|Expert Belt|[from] move: Trick\n|\n|-weather|SunnyDay|[upkeep]\n|upkeep\n|turn|6\n|inactive|Kiromi_sempai has 120 seconds left.\n|\n|t:|1700038282\n|move|p2a: Espeon|Weather Ball|p1a: Espeon\n|-damage|p1a: Espeon|19\/100\n|move|p1a: Espeon|Trick Room|p1a: Espeon\n|-fieldstart|move: Trick Room|[of] p1a: Espeon\n|\n|-weather|SunnyDay|[upkeep]\n|upkeep\n|turn|7\n|inactive|Kiromi_sempai has 120 seconds left.\n|\n|t:|1700038297\n|switch|p2a: Torkoal|Torkoal, F|100\/100\n|move|p1a: Espeon|Power Gem|p2a: Torkoal\n|-supereffective|p2a: Torkoal\n|-damage|p2a: Torkoal|3\/100\n|\n|-weather|SunnyDay|[upkeep]\n|upkeep\n|turn|8\n|\n|t:|1700038305\n|switch|p1a: Flareon|Flareon, F|100\/100\n|move|p2a: Torkoal|Stealth Rock|p1a: Flareon\n|-sidestart|p1: Kiromi_sempai|move: Stealth Rock\n|\n|-weather|SunnyDay|[upkeep]\n|upkeep\n|turn|9\n|inactive|Kiromi_sempai has 120 seconds left.\n|\n|t:|1700038312\n|move|p1a: Flareon|Quick Attack|p2a: Torkoal\n|-damage|p2a: Torkoal|0 fnt\n|faint|p2a: Torkoal\n|\n|-weather|SunnyDay|[upkeep]\n|upkeep\n|\n|t:|1700038318\n|switch|p2a: Pincurchin|Pincurchin, F|100\/100\n|-fieldstart|move: Electric Terrain|[from] ability: Electric Surge|[of] p2a: Pincurchin\n|turn|10\n|\n|t:|1700038323\n|switch|p1a: Espeon|Espeon, M|19\/100\n|-damage|p1a: Espeon|7\/100|[from] Stealth Rock\n|move|p2a: Pincurchin|Toxic Spikes|p1a: Espeon\n|move|p1a: Espeon|Toxic Spikes|p2a: Pincurchin|[from]ability: Magic Bounce\n|-sidestart|p2: NegativeVictoria|move: Toxic Spikes\n|\n|-weather|none\n|-fieldend|move: Trick Room\n|upkeep\n|turn|11\n|\n|t:|1700038332\n|move|p1a: Espeon|Power Gem|p2a: Pincurchin\n|-damage|p2a: Pincurchin|61\/100\n|move|p2a: Pincurchin|Thunderbolt|p1a: Espeon\n|-damage|p1a: Espeon|0 fnt\n|faint|p1a: Espeon\n|\n|upkeep\n|\n|t:|1700038340\n|switch|p1a: Vaporeon|Vaporeon, M|100\/100\n|-damage|p1a: Vaporeon|88\/100|[from] Stealth Rock\n|turn|12\n|\n|t:|1700038351\n|-terastallize|p1a: Vaporeon|Steel\n|move|p1a: Vaporeon|Acid Armor|p1a: Vaporeon\n|-boost|p1a: Vaporeon|def|2\n|move|p2a: Pincurchin|Thunderbolt|p1a: Vaporeon\n|-damage|p1a: Vaporeon|57\/100\n|\n|-heal|p1a: Vaporeon|63\/100|[from] item: Leftovers\n|upkeep\n|turn|13\n|\n|t:|1700038361\n|move|p1a: Vaporeon|Calm Mind|p1a: Vaporeon\n|-boost|p1a: Vaporeon|spa|1\n|-boost|p1a: Vaporeon|spd|1\n|move|p2a: Pincurchin|Thunderbolt|p1a: Vaporeon\n|-damage|p1a: Vaporeon|45\/100\n|\n|-heal|p1a: Vaporeon|51\/100|[from] item: Leftovers\n|upkeep\n|turn|14\n|\n|t:|1700038372\n|move|p1a: Vaporeon|Stored Power|p2a: Pincurchin\n|-damage|p2a: Pincurchin|10\/100\n|move|p2a: Pincurchin|Memento|p1a: Vaporeon\n|-unboost|p1a: Vaporeon|atk|2\n|-unboost|p1a: Vaporeon|spa|2\n|faint|p2a: Pincurchin\n|\n|-heal|p1a: Vaporeon|57\/100|[from] item: Leftovers\n|upkeep\n|\n|t:|1700038375\n|switch|p2a: Iron Moth|Iron Moth|100\/100\n|-sideend|p2: NegativeVictoria|move: Toxic Spikes|[of] p2a: Iron Moth\n|-activate|p2a: Iron Moth|ability: Quark Drive\n|-start|p2a: Iron Moth|quarkdrivespa\n|turn|15\n|\n|t:|1700038388\n|switch|p1a: Flareon|Flareon, F|100\/100\n|-damage|p1a: Flareon|76\/100|[from] Stealth Rock\n|move|p2a: Iron Moth|Fiery Dance|p1a: Flareon\n|-start|p1a: Flareon|ability: Flash Fire\n|\n|upkeep\n|turn|16\n|\n|t:|1700038398\n|move|p2a: Iron Moth|Sludge Wave|p1a: Flareon\n|-damage|p1a: Flareon|0 fnt\n|faint|p1a: Flareon\n|-damage|p2a: Iron Moth|91\/100|[from] item: Life Orb\n|\n|upkeep\n|\n|t:|1700038406\n|switch|p1a: Chandelure|Chandelure, M|100\/100\n|-damage|p1a: Chandelure|76\/100|[from] Stealth Rock\n|turn|17\n|\n|t:|1700038413\n|move|p2a: Iron Moth|Sludge Wave|p1a: Chandelure\n|-resisted|p1a: Chandelure\n|-damage|p1a: Chandelure|42\/100\n|-status|p1a: Chandelure|psn\n|-damage|p2a: Iron Moth|81\/100|[from] item: Life Orb\n|move|p1a: Chandelure|Overheat|p2a: Iron Moth\n|-resisted|p2a: Iron Moth\n|-damage|p2a: Iron Moth|38\/100\n|-unboost|p1a: Chandelure|spa|2\n|\n|-damage|p1a: Chandelure|30\/100 psn|[from] psn\n|-fieldend|move: Electric Terrain\n|-end|p2a: Iron Moth|Quark Drive\n|upkeep\n|turn|18\n|\n|t:|1700038430\n|move|p2a: Iron Moth|Sludge Wave|p1a: Chandelure\n|-resisted|p1a: Chandelure\n|-damage|p1a: Chandelure|6\/100 psn\n|-damage|p2a: Iron Moth|28\/100|[from] item: Life Orb\n|move|p1a: Chandelure|Night Shade|p2a: Iron Moth\n|-damage|p2a: Iron Moth|0 fnt\n|faint|p2a: Iron Moth\n|-end|p2a: Iron Moth|Quark Drive|[silent]\n|\n|-damage|p1a: Chandelure|0 fnt|[from] psn\n|faint|p1a: Chandelure\n|upkeep\n|\n|t:|1700038453\n|switch|p2a: Arcanine|Arcanine-Hisui, F|75\/100\n|switch|p1a: Umbreon|Umbreon, M|71\/100\n|-damage|p1a: Umbreon|59\/100|[from] Stealth Rock\n|turn|19\n|\n|t:|1700038461\n|move|p1a: Umbreon|Protect|p1a: Umbreon\n|-singleturn|p1a: Umbreon|Protect\n|move|p2a: Arcanine|Close Combat|p1a: Umbreon\n|-activate|p1a: Umbreon|move: Protect\n|\n|-heal|p1a: Umbreon|65\/100|[from] item: Leftovers\n|upkeep\n|turn|20\n|\n|t:|1700038468\n|switch|p1a: Leafeon|Leafeon, F|100\/100\n|-damage|p1a: Leafeon|88\/100|[from] Stealth Rock\n|move|p2a: Arcanine|Close Combat|p1a: Leafeon\n|-damage|p1a: Leafeon|66\/100\n|-unboost|p2a: Arcanine|def|1\n|-unboost|p2a: Arcanine|spd|1\n|\n|-heal|p1a: Leafeon|72\/100|[from] item: Leftovers\n|upkeep\n|turn|21\n|\n|t:|1700038485\n|switch|p2a: Lilligant|Lilligant-Hisui, F|100\/100\n|move|p1a: Leafeon|Wish|p1a: Leafeon\n|\n|-heal|p1a: Leafeon|78\/100|[from] item: Leftovers\n|upkeep\n|turn|22\n|\n|t:|1700038494\n|move|p2a: Lilligant|Victory Dance|p2a: Lilligant\n|-boost|p2a: Lilligant|atk|1\n|-boost|p2a: Lilligant|def|1\n|-boost|p2a: Lilligant|spe|1\n|move|p1a: Leafeon|Calm Mind|p1a: Leafeon\n|-boost|p1a: Leafeon|spa|1\n|-boost|p1a: Leafeon|spd|1\n|\n|-heal|p1a: Leafeon|100\/100|[from] move: Wish|[wisher] Leafeon\n|upkeep\n|turn|23\n|\n|t:|1700038504\n|move|p2a: Lilligant|Ice Spinner|p1a: Leafeon\n|-supereffective|p1a: Leafeon\n|-crit|p1a: Leafeon\n|-damage|p1a: Leafeon|33\/100\n|move|p1a: Leafeon|Knock Off|p2a: Lilligant\n|-resisted|p2a: Lilligant\n|-damage|p2a: Lilligant|88\/100\n|-enditem|p2a: Lilligant|Leftovers|[from] move: Knock Off|[of] p1a: Leafeon\n|\n|-heal|p1a: Leafeon|39\/100|[from] item: Leftovers\n|upkeep\n|turn|24\n|\n|t:|1700038515\n|move|p2a: Lilligant|Ice Spinner|p1a: Leafeon\n|-supereffective|p1a: Leafeon\n|-damage|p1a: Leafeon|0 fnt\n|faint|p1a: Leafeon\n|\n|upkeep\n|\n|t:|1700038521\n|switch|p1a: Vaporeon|Vaporeon, M, tera:Steel|57\/100\n|-damage|p1a: Vaporeon|51\/100|[from] Stealth Rock\n|turn|25\n|\n|t:|1700038532\n|move|p2a: Lilligant|Brick Break|p1a: Vaporeon\n|-supereffective|p1a: Vaporeon\n|-damage|p1a: Vaporeon|0 fnt\n|faint|p1a: Vaporeon\n|\n|upkeep\n|-message|Kiromi_sempai forfeited.\n|\n|win|NegativeVictoria\n|raw|Kiromi_sempai's rating: 1009 &rarr; <strong>1000<\/strong><br \/>(-9 for losing)\n|raw|NegativeVictoria's rating: 1085 &rarr; <strong>1106<\/strong><br \/>(+21 for winning)\n|l|\u2606Kiromi_sempai\n","uploadtime":1700038540,"views":10,"p1id":"kiromisempai","p2id":"negativevictoria","formatid":"gen9ou","rating":1000,"private":0,"password":""}