{"id":"gen9ou-1999752510","p1":"SmolAnka","p2":"RovaRed","format":"[Gen 9] OU","log":"|j|\u2606SmolAnka\n|j|\u2606RovaRed\n|t:|1701113566\n|gametype|singles\n|player|p1|SmolAnka|marley|1274\n|player|p2|RovaRed|wicke|1344\n|teamsize|p1|6\n|teamsize|p2|6\n|gen|9\n|tier|[Gen 9] OU\n|rated|\n|rule|Sleep Clause Mod: Limit one foe put to sleep\n|rule|Species Clause: Limit one of each Pok\u00e9mon\n|rule|OHKO Clause: OHKO moves are banned\n|rule|Evasion Items Clause: Evasion items are banned\n|rule|Evasion Moves Clause: Evasion moves are banned\n|rule|Endless Battle Clause: Forcing endless battles is banned\n|rule|HP Percentage Mod: HP is shown in percentages\n|clearpoke\n|poke|p1|Skeledirge, F|\n|poke|p1|Rillaboom, F|\n|poke|p1|Walking Wake|\n|poke|p1|Ribombee, F|\n|poke|p1|Great Tusk|\n|poke|p1|Hatterene, F|\n|poke|p2|Haxorus, F|\n|poke|p2|Great Tusk|\n|poke|p2|Ribombee, M|\n|poke|p2|Iron Valiant|\n|poke|p2|Gholdengo|\n|poke|p2|Iron Moth|\n|teampreview\n|\n|t:|1701113573\n|start\n|switch|p1a: Hatterene|Hatterene, F, shiny|100\/100\n|switch|p2a: Buck Bumble|Ribombee, M, shiny|100\/100\n|turn|1\n|\n|t:|1701113588\n|move|p2a: Buck Bumble|U-turn|p1a: Hatterene\n|-damage|p1a: Hatterene|90\/100\n|\n|t:|1701113595\n|switch|p2a: Old Money|Gholdengo|100\/100|[from] U-turn\n|-item|p2a: Old Money|Air Balloon\n|move|p1a: Hatterene|Mystical Fire|p2a: Old Money\n|-supereffective|p2a: Old Money\n|-damage|p2a: Old Money|52\/100\n|-unboost|p2a: Old Money|spa|1\n|-enditem|p2a: Old Money|Air Balloon\n|\n|-heal|p1a: Hatterene|96\/100|[from] item: Leftovers\n|upkeep\n|turn|2\n|\n|t:|1701113609\n|move|p2a: Old Money|Make It Rain|p1a: Hatterene\n|-supereffective|p1a: Hatterene\n|-damage|p1a: Hatterene|10\/100\n|-unboost|p2a: Old Money|spa|1\n|move|p1a: Hatterene|Mystical Fire|p2a: Old Money\n|-supereffective|p2a: Old Money\n|-damage|p2a: Old Money|0 fnt\n|faint|p2a: Old Money\n|\n|-heal|p1a: Hatterene|16\/100|[from] item: Leftovers\n|upkeep\n|\n|t:|1701113620\n|switch|p2a: Ruby Tuesday|Haxorus, F, shiny|100\/100\n|-ability|p2a: Ruby Tuesday|Mold Breaker\n|turn|3\n|\n|t:|1701113633\n|switch|p1a: Ribombee|Ribombee, F, shiny|100\/100\n|move|p2a: Ruby Tuesday|First Impression|p1a: Ribombee\n|-resisted|p1a: Ribombee\n|-damage|p1a: Ribombee|66\/100\n|\n|upkeep\n|turn|4\n|\n|t:|1701113644\n|-terastallize|p2a: Ruby Tuesday|Steel\n|move|p1a: Ribombee|Moonblast|p2a: Ruby Tuesday\n|-resisted|p2a: Ruby Tuesday\n|-damage|p2a: Ruby Tuesday|64\/100\n|move|p2a: Ruby Tuesday|Iron Head|p1a: Ribombee\n|-supereffective|p1a: Ribombee\n|-damage|p1a: Ribombee|0 fnt\n|faint|p1a: Ribombee\n|\n|upkeep\n|\n|t:|1701113653\n|switch|p1a: The Nuke|Walking Wake|100\/100\n|-enditem|p1a: The Nuke|Booster Energy\n|-activate|p1a: The Nuke|ability: Protosynthesis|[fromitem]\n|-start|p1a: The Nuke|protosynthesisspa\n|turn|5\n|\n|t:|1701113709\n|switch|p2a: Ron Moth|Iron Moth|100\/100\n|-enditem|p2a: Ron Moth|Booster Energy\n|-activate|p2a: Ron Moth|ability: Quark Drive|[fromitem]\n|-start|p2a: Ron Moth|quarkdrivespa\n|-terastallize|p1a: The Nuke|Water\n|move|p1a: The Nuke|Hydro Steam|p2a: Ron Moth\n|-supereffective|p2a: Ron Moth\n|-damage|p2a: Ron Moth|0 fnt\n|faint|p2a: Ron Moth\n|-end|p2a: Ron Moth|Quark Drive|[silent]\n|\n|upkeep\n|\n|t:|1701113718\n|switch|p2a: Buck Bumble|Ribombee, M, shiny|100\/100\n|turn|6\n|\n|t:|1701113733\n|-end|p1a: The Nuke|Protosynthesis|[silent]\n|switch|p1a: Hatterene|Hatterene, F, shiny|16\/100\n|move|p2a: Buck Bumble|Stun Spore|p1a: Hatterene\n|move|p1a: Hatterene|Stun Spore|p2a: Buck Bumble|[from]ability: Magic Bounce\n|-status|p2a: Buck Bumble|par\n|\n|-heal|p1a: Hatterene|22\/100|[from] item: Leftovers\n|upkeep\n|turn|7\n|\n|t:|1701113744\n|switch|p2a: Tuskathy|Great Tusk|100\/100\n|-enditem|p2a: Tuskathy|Booster Energy\n|-activate|p2a: Tuskathy|ability: Protosynthesis|[fromitem]\n|-start|p2a: Tuskathy|protosynthesisatk\n|move|p1a: Hatterene|Mystical Fire|p2a: Tuskathy\n|-damage|p2a: Tuskathy|66\/100\n|-unboost|p2a: Tuskathy|spa|1\n|\n|-heal|p1a: Hatterene|28\/100|[from] item: Leftovers\n|upkeep\n|turn|8\n|\n|t:|1701113760\n|move|p2a: Tuskathy|Earthquake|p1a: Hatterene\n|-damage|p1a: Hatterene|0 fnt\n|faint|p1a: Hatterene\n|\n|upkeep\n|\n|t:|1701113767\n|switch|p1a: Rillaboom|Rillaboom, F, shiny|100\/100\n|-fieldstart|move: Grassy Terrain|[from] ability: Grassy Surge|[of] p1a: Rillaboom\n|-enditem|p1a: Rillaboom|Grassy Seed\n|-boost|p1a: Rillaboom|def|1|[from] item: Grassy Seed\n|turn|9\n|\n|t:|1701113777\n|move|p2a: Tuskathy|Ice Spinner|p1a: Rillaboom\n|-supereffective|p1a: Rillaboom\n|-damage|p1a: Rillaboom|49\/100\n|-fieldend|move: Grassy Terrain\n|move|p1a: Rillaboom|Drum Beating|p2a: Tuskathy\n|-supereffective|p2a: Tuskathy\n|-damage|p2a: Tuskathy|11\/100\n|-unboost|p2a: Tuskathy|spe|1\n|\n|upkeep\n|turn|10\n|\n|t:|1701113786\n|move|p1a: Rillaboom|Grassy Glide|p2a: Tuskathy\n|-supereffective|p2a: Tuskathy\n|-damage|p2a: Tuskathy|0 fnt\n|faint|p2a: Tuskathy\n|-end|p2a: Tuskathy|Protosynthesis|[silent]\n|\n|upkeep\n|\n|t:|1701113794\n|switch|p2a: Ruby Tuesday|Haxorus, F, shiny, tera:Steel|64\/100\n|-ability|p2a: Ruby Tuesday|Mold Breaker\n|turn|11\n|\n|t:|1701113811\n|move|p2a: Ruby Tuesday|Swords Dance|p2a: Ruby Tuesday\n|-boost|p2a: Ruby Tuesday|atk|2\n|move|p1a: Rillaboom|Grassy Glide|p2a: Ruby Tuesday\n|-resisted|p2a: Ruby Tuesday\n|-damage|p2a: Ruby Tuesday|45\/100\n|\n|upkeep\n|turn|12\n|\n|t:|1701113822\n|move|p2a: Ruby Tuesday|Scale Shot|p1a: Rillaboom\n|-damage|p1a: Rillaboom|28\/100\n|-damage|p1a: Rillaboom|7\/100\n|-damage|p1a: Rillaboom|0 fnt\n|faint|p1a: Rillaboom\n|-hitcount|p1: Rillaboom|3\n|-unboost|p2a: Ruby Tuesday|def|1\n|-boost|p2a: Ruby Tuesday|spe|1\n|\n|upkeep\n|\n|t:|1701113832\n|switch|p1a: Skeledirge|Skeledirge, F, shiny|100\/100\n|turn|13\n|\n|t:|1701113840\n|move|p2a: Ruby Tuesday|Scale Shot|p1a: Skeledirge\n|-crit|p1a: Skeledirge\n|-damage|p1a: Skeledirge|66\/100\n|-damage|p1a: Skeledirge|44\/100\n|-damage|p1a: Skeledirge|23\/100\n|-damage|p1a: Skeledirge|3\/100\n|-hitcount|p1a: Skeledirge|4\n|-unboost|p2a: Ruby Tuesday|def|1\n|-boost|p2a: Ruby Tuesday|spe|1\n|move|p1a: Skeledirge|Torch Song|p2a: Ruby Tuesday\n|-supereffective|p2a: Ruby Tuesday\n|-damage|p2a: Ruby Tuesday|0 fnt\n|-boost|p1a: Skeledirge|spa|1\n|faint|p2a: Ruby Tuesday\n|\n|-heal|p1a: Skeledirge|9\/100|[from] item: Leftovers\n|upkeep\n|\n|t:|1701113854\n|switch|p2a: Ol' 546|Iron Valiant, shiny|100\/100\n|-enditem|p2a: Ol' 546|Booster Energy\n|-activate|p2a: Ol' 546|ability: Quark Drive|[fromitem]\n|-start|p2a: Ol' 546|quarkdrivespe\n|turn|14\n|\n|t:|1701113864\n|move|p2a: Ol' 546|Knock Off|p1a: Skeledirge\n|-supereffective|p1a: Skeledirge\n|-damage|p1a: Skeledirge|0 fnt\n|-enditem|p1a: Skeledirge|Leftovers|[from] move: Knock Off|[of] p2a: Ol' 546\n|faint|p1a: Skeledirge\n|\n|upkeep\n|\n|t:|1701113873\n|switch|p1a: The Nuke|Walking Wake, tera:Water|100\/100\n|turn|15\n|\n|t:|1701113878\n|move|p2a: Ol' 546|Destiny Bond|p2a: Ol' 546\n|-singlemove|p2a: Ol' 546|Destiny Bond\n|move|p1a: The Nuke|Hydro Steam|p2a: Ol' 546\n|-damage|p2a: Ol' 546|0 fnt\n|faint|p2a: Ol' 546\n|-activate|p2a: Ol' 546|move: Destiny Bond\n|-end|p2a: Ol' 546|Quark Drive|[silent]\n|faint|p1a: The Nuke\n|-end|p1a: The Nuke|Protosynthesis|[silent]\n|\n|upkeep\n|\n|t:|1701113886\n|switch|p2a: Buck Bumble|Ribombee, M, shiny|100\/100 par\n|switch|p1a: Great Tusk|Great Tusk|100\/100\n|turn|16\n|\n|t:|1701113899\n|move|p1a: Great Tusk|Knock Off|p2a: Buck Bumble\n|-resisted|p2a: Buck Bumble\n|-damage|p2a: Buck Bumble|66\/100 par\n|-enditem|p2a: Buck Bumble|Focus Sash|[from] move: Knock Off|[of] p1a: Great Tusk\n|move|p2a: Buck Bumble|Moonblast|p1a: Great Tusk\n|-supereffective|p1a: Great Tusk\n|-damage|p1a: Great Tusk|0 fnt\n|faint|p1a: Great Tusk\n|-end|p1a: Great Tusk|Protosynthesis|[silent]\n|\n|win|RovaRed\n|raw|SmolAnka's rating: 1274 &rarr; <strong>1254<\/strong><br \/>(-20 for losing)\n|raw|RovaRed's rating: 1344 &rarr; <strong>1360<\/strong><br \/>(+16 for winning)\n|l|\u2606SmolAnka\n","uploadtime":1701113917,"views":3,"p1id":"smolanka","p2id":"rovared","formatid":"gen9ou","rating":1254,"private":0,"password":""}