{"id":"gen9ou-1988957624","p1":"Aleexq","p2":"jhoncontrarianmons","format":"[Gen 9] OU","log":"|j|\u2606Aleexq\n|j|\u2606jhoncontrarianmons\n|t:|1699794446\n|gametype|singles\n|player|p1|Aleexq|169|1607\n|player|p2|jhoncontrarianmons|riley|1583\n|teamsize|p1|6\n|teamsize|p2|6\n|gen|9\n|tier|[Gen 9] OU\n|rated|\n|rule|Sleep Clause Mod: Limit one foe put to sleep\n|rule|Species Clause: Limit one of each Pok\u00e9mon\n|rule|OHKO Clause: OHKO moves are banned\n|rule|Evasion Items Clause: Evasion items are banned\n|rule|Evasion Moves Clause: Evasion moves are banned\n|rule|Endless Battle Clause: Forcing endless battles is banned\n|rule|HP Percentage Mod: HP is shown in percentages\n|clearpoke\n|poke|p1|Great Tusk|\n|poke|p1|Pelipper, M|\n|poke|p1|Barraskewda, F|\n|poke|p1|Thundurus-Therian, M|\n|poke|p1|Overqwil, F|\n|poke|p1|Muk-Alola, M|\n|poke|p2|Zoroark-Hisui, F|\n|poke|p2|Corviknight, F|\n|poke|p2|Ogerpon-Wellspring, F|\n|poke|p2|Sandy Shocks|\n|poke|p2|Lokix, F|\n|poke|p2|Greninja-*, F|\n|teampreview\n|inactive|Battle timer is ON: inactive players will automatically lose when time's up. (requested by jhoncontrarianmons)\n|c|\u2606jhoncontrarianmons|glhf\n|\n|t:|1699794461\n|start\n|switch|p1a: Muk|Muk-Alola, M|100\/100\n|switch|p2a: Sandy Shocks|Sandy Shocks|100\/100\n|turn|1\n|\n|t:|1699794466\n|move|p2a: Sandy Shocks|Stealth Rock|p1a: Muk\n|-sidestart|p1: Aleexq|move: Stealth Rock\n|move|p1a: Muk|Knock Off|p2a: Sandy Shocks\n|-damage|p2a: Sandy Shocks|58\/100\n|-enditem|p2a: Sandy Shocks|Heavy-Duty Boots|[from] move: Knock Off|[of] p1a: Muk\n|\n|upkeep\n|turn|2\n|\n|t:|1699794473\n|move|p2a: Sandy Shocks|Earth Power|p1a: Muk\n|-supereffective|p1a: Muk\n|-damage|p1a: Muk|57\/100\n|move|p1a: Muk|Poison Jab|p2a: Sandy Shocks\n|-resisted|p2a: Sandy Shocks\n|-damage|p2a: Sandy Shocks|39\/100\n|-status|p2a: Sandy Shocks|psn|[from] ability: Poison Touch|[of] p1a: Muk\n|\n|-damage|p2a: Sandy Shocks|27\/100 psn|[from] psn\n|upkeep\n|turn|3\n|\n|t:|1699794480\n|move|p1a: Muk|Shadow Sneak|p2a: Sandy Shocks\n|-damage|p2a: Sandy Shocks|14\/100 psn\n|move|p2a: Sandy Shocks|Earth Power|p1a: Muk\n|-supereffective|p1a: Muk\n|-damage|p1a: Muk|11\/100\n|\n|-damage|p2a: Sandy Shocks|2\/100 psn|[from] psn\n|upkeep\n|turn|4\n|\n|t:|1699794484\n|-end|p2a: Sandy Shocks|Protosynthesis|[silent]\n|switch|p2a: Lokix|Lokix, F|100\/100\n|move|p1a: Muk|Knock Off|p2a: Lokix\n|-supereffective|p2a: Lokix\n|-damage|p2a: Lokix|0 fnt\n|replace|p2a: Zoroark|Zoroark-Hisui, F, shiny\n|-end|p2a: Zoroark|Illusion\n|-enditem|p2a: Zoroark|Heavy-Duty Boots|[from] move: Knock Off|[of] p1a: Muk\n|faint|p2a: Zoroark\n|\n|upkeep\n|\n|t:|1699794490\n|switch|p2a: Greninja|Greninja, F|100\/100\n|turn|5\n|\n|t:|1699794494\n|move|p1a: Muk|Shadow Sneak|p2a: Greninja\n|-resisted|p2a: Greninja\n|-damage|p2a: Greninja|91\/100\n|move|p2a: Greninja|U-turn|p1a: Muk\n|-start|p2a: Greninja|typechange|Bug|[from] ability: Protean\n|-damage|p1a: Muk|0 fnt\n|faint|p1a: Muk\n|\n|t:|1699794502\n|switch|p2a: Ogerpon|Ogerpon-Wellspring, F|100\/100|[from] U-turn\n|\n|upkeep\n|\n|t:|1699794508\n|switch|p1a: Great Tusk|Great Tusk, shiny|100\/100\n|-damage|p1a: Great Tusk|98\/100|[from] Stealth Rock\n|turn|6\n|\n|t:|1699794519\n|move|p2a: Ogerpon|Ivy Cudgel|p1a: Great Tusk\n|-supereffective|p1a: Great Tusk\n|-damage|p1a: Great Tusk|45\/100\n|move|p1a: Great Tusk|Rapid Spin|p2a: Ogerpon\n|-damage|p2a: Ogerpon|80\/100\n|-boost|p1a: Great Tusk|spe|1\n|-sideend|p1: Aleexq|Stealth Rock|[from] move: Rapid Spin|[of] p1a: Great Tusk\n|\n|upkeep\n|turn|7\n|\n|t:|1699794524\n|switch|p2a: Corviknight|Corviknight, F|100\/100\n|-ability|p2a: Corviknight|Pressure\n|-end|p1a: Great Tusk|Protosynthesis|[silent]\n|switch|p1a: Pelipper|Pelipper, M|100\/100\n|-weather|RainDance|[from] ability: Drizzle|[of] p1a: Pelipper\n|\n|-weather|RainDance|[upkeep]\n|upkeep\n|turn|8\n|\n|t:|1699794528\n|move|p1a: Pelipper|Surf|p2a: Corviknight\n|-damage|p2a: Corviknight|37\/100\n|move|p2a: Corviknight|U-turn|p1a: Pelipper\n|-resisted|p1a: Pelipper\n|-damage|p1a: Pelipper|91\/100\n|\n|t:|1699794532\n|switch|p2a: Ogerpon|Ogerpon-Wellspring, F|80\/100|[from] U-turn\n|\n|-weather|RainDance|[upkeep]\n|upkeep\n|turn|9\n|\n|t:|1699794535\n|switch|p1a: Great Tusk|Great Tusk, shiny|45\/100\n|move|p2a: Ogerpon|Horn Leech|p1a: Great Tusk\n|-supereffective|p1a: Great Tusk\n|-damage|p1a: Great Tusk|0 fnt\n|-heal|p2a: Ogerpon|100\/100|[from] drain|[of] p1a: Great Tusk\n|-damage|p2a: Ogerpon|84\/100|[from] item: Rocky Helmet|[of] p1a: Great Tusk\n|faint|p1a: Great Tusk\n|-end|p1a: Great Tusk|Protosynthesis|[silent]\n|\n|-weather|RainDance|[upkeep]\n|upkeep\n|\n|t:|1699794537\n|switch|p1a: Barraskewda|Barraskewda, F|100\/100\n|turn|10\n|inactive|jhoncontrarianmons has 120 seconds left.\n|\n|t:|1699794587\n|switch|p2a: Sandy Shocks|Sandy Shocks|2\/100 psn\n|-terastallize|p1a: Barraskewda|Fighting\n|move|p1a: Barraskewda|Close Combat|p2a: Sandy Shocks\n|-damage|p2a: Sandy Shocks|0 fnt\n|-unboost|p1a: Barraskewda|def|1\n|-unboost|p1a: Barraskewda|spd|1\n|faint|p2a: Sandy Shocks\n|-end|p2a: Sandy Shocks|Protosynthesis|[silent]\n|-damage|p1a: Barraskewda|91\/100|[from] item: Life Orb\n|\n|-weather|RainDance|[upkeep]\n|upkeep\n|\n|t:|1699794593\n|switch|p2a: Lokix|Lokix, F|100\/100\n|turn|11\n|\n|t:|1699794610\n|switch|p1a: Overqwil|Overqwil, F|100\/100\n|move|p2a: Lokix|U-turn|p1a: Overqwil\n|-damage|p1a: Overqwil|41\/100\n|\n|t:|1699794614\n|switch|p2a: Corviknight|Corviknight, F|37\/100|[from] U-turn\n|-ability|p2a: Corviknight|Pressure\n|\n|-weather|RainDance|[upkeep]\n|upkeep\n|turn|12\n|\n|t:|1699794620\n|move|p1a: Overqwil|Liquidation|p2a: Corviknight\n|-damage|p2a: Corviknight|11\/100\n|-damage|p1a: Overqwil|24\/100|[from] item: Rocky Helmet|[of] p2a: Corviknight\n|move|p2a: Corviknight|Roost|p2a: Corviknight\n|-heal|p2a: Corviknight|61\/100\n|-singleturn|p2a: Corviknight|move: Roost\n|\n|-weather|RainDance|[upkeep]\n|upkeep\n|turn|13\n|\n|t:|1699794624\n|move|p1a: Overqwil|Swords Dance|p1a: Overqwil\n|-boost|p1a: Overqwil|atk|2\n|move|p2a: Corviknight|Roost|p2a: Corviknight\n|-heal|p2a: Corviknight|100\/100\n|-singleturn|p2a: Corviknight|move: Roost\n|\n|-weather|RainDance|[upkeep]\n|upkeep\n|turn|14\n|\n|t:|1699794627\n|move|p1a: Overqwil|Crunch|p2a: Corviknight\n|-damage|p2a: Corviknight|51\/100\n|-damage|p1a: Overqwil|8\/100|[from] item: Rocky Helmet|[of] p2a: Corviknight\n|move|p2a: Corviknight|Body Press|p1a: Overqwil\n|-damage|p1a: Overqwil|0 fnt\n|faint|p1a: Overqwil\n|\n|-weather|none\n|upkeep\n|\n|t:|1699794629\n|switch|p1a: Pelipper|Pelipper, M|91\/100\n|-weather|RainDance|[from] ability: Drizzle|[of] p1a: Pelipper\n|turn|15\n|\n|t:|1699794633\n|switch|p2a: Ogerpon|Ogerpon-Wellspring, F|84\/100\n|move|p1a: Pelipper|Surf|p2a: Ogerpon\n|-heal|p2a: Ogerpon|100\/100|[from] ability: Water Absorb|[of] p1a: Pelipper\n|\n|-weather|RainDance|[upkeep]\n|upkeep\n|turn|16\n|\n|t:|1699794636\n|move|p2a: Ogerpon|Horn Leech|p1a: Pelipper\n|-damage|p1a: Pelipper|29\/100\n|move|p1a: Pelipper|Hurricane|p2a: Ogerpon\n|-supereffective|p2a: Ogerpon\n|-damage|p2a: Ogerpon|0 fnt\n|faint|p2a: Ogerpon\n|\n|-weather|RainDance|[upkeep]\n|upkeep\n|\n|t:|1699794652\n|switch|p2a: Greninja|Greninja, F|91\/100\n|turn|17\n|\n|t:|1699794661\n|move|p2a: Greninja|Hydro Pump|p1a: Pelipper\n|-start|p2a: Greninja|typechange|Water|[from] ability: Protean\n|-resisted|p1a: Pelipper\n|-damage|p1a: Pelipper|0 fnt\n|faint|p1a: Pelipper\n|\n|-weather|RainDance|[upkeep]\n|upkeep\n|\n|t:|1699794664\n|switch|p1a: Barraskewda|Barraskewda, F, tera:Fighting|91\/100\n|turn|18\n|\n|t:|1699794674\n|move|p1a: Barraskewda|Close Combat|p2a: Greninja\n|-damage|p2a: Greninja|0 fnt\n|-unboost|p1a: Barraskewda|def|1\n|-unboost|p1a: Barraskewda|spd|1\n|faint|p2a: Greninja\n|-damage|p1a: Barraskewda|81\/100|[from] item: Life Orb\n|\n|-weather|RainDance|[upkeep]\n|upkeep\n|\n|t:|1699794676\n|switch|p2a: Lokix|Lokix, F|100\/100\n|turn|19\n|\n|t:|1699794697\n|-terastallize|p2a: Lokix|Bug\n|move|p2a: Lokix|First Impression|p1a: Barraskewda\n|-resisted|p1a: Barraskewda\n|-damage|p1a: Barraskewda|0 fnt\n|faint|p1a: Barraskewda\n|\n|-weather|RainDance|[upkeep]\n|upkeep\n|\n|t:|1699794699\n|switch|p1a: Thundurus|Thundurus-Therian, M|100\/100\n|turn|20\n|\n|t:|1699794702\n|switch|p2a: Corviknight|Corviknight, F|51\/100\n|-ability|p2a: Corviknight|Pressure\n|move|p1a: Thundurus|Thunder|p2a: Corviknight\n|-supereffective|p2a: Corviknight\n|-damage|p2a: Corviknight|0 fnt\n|faint|p2a: Corviknight\n|\n|-weather|RainDance|[upkeep]\n|upkeep\n|\n|t:|1699794703\n|switch|p2a: Lokix|Lokix, F, tera:Bug|100\/100\n|turn|21\n|\n|t:|1699794707\n|move|p2a: Lokix|First Impression|p1a: Thundurus\n|-resisted|p1a: Thundurus\n|-damage|p1a: Thundurus|0 fnt\n|faint|p1a: Thundurus\n|\n|win|jhoncontrarianmons\n|raw|Aleexq's rating: 1607 &rarr; <strong>1586<\/strong><br \/>(-21 for losing)\n|raw|jhoncontrarianmons's rating: 1583 &rarr; <strong>1604<\/strong><br \/>(+21 for winning)\n|c|\u2606jhoncontrarianmons|ggwp\n","uploadtime":1699794743,"views":14,"p1id":"aleexq","p2id":"jhoncontrarianmons","formatid":"gen9ou","rating":1586,"private":0,"password":""}