{"id":"gen9ou-1994484518","p1":"Hellish Axolotl","p2":"Joker040921","format":"[Gen 9] OU","log":"|j|\u2606Hellish Axolotl\n|j|\u2606Joker040921\n|t:|1700449325\n|gametype|singles\n|player|p1|Hellish Axolotl|1|1071\n|player|p2|Joker040921|169|1102\n|teamsize|p1|6\n|teamsize|p2|6\n|gen|9\n|tier|[Gen 9] OU\n|rated|\n|rule|Sleep Clause Mod: Limit one foe put to sleep\n|rule|Species Clause: Limit one of each Pok\u00e9mon\n|rule|OHKO Clause: OHKO moves are banned\n|rule|Evasion Items Clause: Evasion items are banned\n|rule|Evasion Moves Clause: Evasion moves are banned\n|rule|Endless Battle Clause: Forcing endless battles is banned\n|rule|HP Percentage Mod: HP is shown in percentages\n|clearpoke\n|poke|p1|Ogerpon-Wellspring, F|\n|poke|p1|Rillaboom, M|\n|poke|p1|Heatran, F|\n|poke|p1|Great Tusk|\n|poke|p1|Slowking-Galar, F|\n|poke|p1|Kingambit, M|\n|poke|p2|Great Tusk|\n|poke|p2|Iron Valiant|\n|poke|p2|Glimmora, F|\n|poke|p2|Gholdengo|\n|poke|p2|Moltres|\n|poke|p2|Sandy Shocks|\n|teampreview\n|l|\u2606Joker040921\n|player|p2|\n|inactive|Battle timer is ON: inactive players will automatically lose when time's up. (requested by Hellish Axolotl)\n|inactive|Joker040921 has 30 seconds to reconnect!\n|j|\u2606Joker040921\n|inactive|Joker040921 reconnected and has 120 seconds left.\n|player|p2|Joker040921|169\n|\n|t:|1700449399\n|start\n|switch|p1a: Great Tusk|Great Tusk|100\/100\n|switch|p2a: Glimmora|Glimmora, F|100\/100\n|turn|1\n|\n|t:|1700449405\n|move|p1a: Great Tusk|Headlong Rush|p2a: Glimmora\n|-supereffective|p2a: Glimmora\n|-enditem|p2a: Glimmora|Focus Sash\n|-damage|p2a: Glimmora|1\/100\n|-unboost|p1a: Great Tusk|def|1\n|-unboost|p1a: Great Tusk|spd|1\n|-activate|p2a: Glimmora|ability: Toxic Debris\n|-sidestart|p1: Hellish Axolotl|move: Toxic Spikes\n|move|p2a: Glimmora|Mortal Spin|p1a: Great Tusk\n|-resisted|p1a: Great Tusk\n|-damage|p1a: Great Tusk|98\/100\n|-status|p1a: Great Tusk|psn\n|\n|-heal|p1a: Great Tusk|100\/100 psn|[from] item: Leftovers\n|-damage|p1a: Great Tusk|88\/100 psn|[from] psn\n|upkeep\n|turn|2\n|\n|t:|1700449412\n|switch|p2a: Gholdengo|Gholdengo|100\/100\n|move|p1a: Great Tusk|Rapid Spin|p2a: Gholdengo\n|-immune|p2a: Gholdengo\n|\n|-heal|p1a: Great Tusk|94\/100 psn|[from] item: Leftovers\n|-damage|p1a: Great Tusk|82\/100 psn|[from] psn\n|upkeep\n|turn|3\n|\n|t:|1700449420\n|switch|p2a: Moltres|Moltres|100\/100\n|move|p1a: Great Tusk|Ice Spinner|p2a: Moltres\n|-damage|p2a: Moltres|72\/100\n|\n|-heal|p2a: Moltres|78\/100|[from] item: Leftovers\n|-heal|p1a: Great Tusk|88\/100 psn|[from] item: Leftovers\n|-damage|p1a: Great Tusk|76\/100 psn|[from] psn\n|upkeep\n|turn|4\n|\n|t:|1700449435\n|move|p2a: Moltres|Hurricane|p1a: Great Tusk\n|-supereffective|p1a: Great Tusk\n|-damage|p1a: Great Tusk|0 fnt\n|faint|p1a: Great Tusk\n|-end|p1a: Great Tusk|Protosynthesis|[silent]\n|\n|-heal|p2a: Moltres|84\/100|[from] item: Leftovers\n|upkeep\n|l|\u2606Hellish Axolotl\n|inactive|Hellish Axolotl disconnected and has a minute to reconnect!\n|player|p1|\n|j|\u2606Hellish Axolotl\n|inactive|Hellish Axolotl reconnected and has 140 seconds left.\n|player|p1|Hellish Axolotl|1\n|\n|t:|1700449450\n|switch|p1a: Slowking|Slowking-Galar, F|100\/100\n|-sideend|p1: Hellish Axolotl|move: Toxic Spikes|[of] p1a: Slowking\n|turn|5\n|inactive|Joker040921 has 120 seconds left.\n|\n|t:|1700449503\n|move|p2a: Moltres|Hurricane|p1a: Slowking\n|-damage|p1a: Slowking|64\/100\n|move|p1a: Slowking|Toxic|p2a: Moltres\n|-status|p2a: Moltres|tox\n|\n|-heal|p2a: Moltres|90\/100 tox|[from] item: Leftovers\n|-heal|p1a: Slowking|70\/100|[from] item: Leftovers\n|-damage|p2a: Moltres|84\/100 tox|[from] psn\n|upkeep\n|turn|6\n|inactive|Joker040921 has 90 seconds left.\n|\n|t:|1700449538\n|switch|p2a: Glimmora|Glimmora, F|1\/100\n|move|p1a: Slowking|Protect||[still]\n|-fail|p1a: Slowking\n|\n|-heal|p1a: Slowking|76\/100|[from] item: Leftovers\n|upkeep\n|turn|7\n|l|\u2606Hellish Axolotl\n|inactive|Hellish Axolotl disconnected and has a minute to reconnect!\n|player|p1|\n|j|\u2606Hellish Axolotl\n|inactive|Hellish Axolotl reconnected and has 130 seconds left.\n|player|p1|Hellish Axolotl|1\n|\n|t:|1700449556\n|move|p2a: Glimmora|Stealth Rock|p1a: Slowking\n|-sidestart|p1: Hellish Axolotl|move: Stealth Rock\n|move|p1a: Slowking|Toxic|p2a: Glimmora\n|-immune|p2a: Glimmora\n|\n|-heal|p1a: Slowking|82\/100|[from] item: Leftovers\n|upkeep\n|turn|8\n|inactive|Joker040921 has 90 seconds left.\n|\n|t:|1700449570\n|move|p2a: Glimmora|Power Gem|p1a: Slowking\n|-damage|p1a: Slowking|56\/100\n|move|p1a: Slowking|Chilly Reception|p1a: Slowking\n|-weather|Snow\n|\n|t:|1700449579\n|switch|p1a: Rillaboom|Rillaboom, M|100\/100|[from] Chilly Reception\n|-damage|p1a: Rillaboom|88\/100|[from] Stealth Rock\n|-fieldstart|move: Grassy Terrain|[from] ability: Grassy Surge|[of] p1a: Rillaboom\n|\n|-weather|Snow|[upkeep]\n|-heal|p2a: Glimmora|7\/100|[from] Grassy Terrain\n|-heal|p1a: Rillaboom|94\/100|[from] Grassy Terrain\n|upkeep\n|turn|9\n|\n|t:|1700449589\n|move|p2a: Glimmora|Sludge Wave|p1a: Rillaboom\n|-supereffective|p1a: Rillaboom\n|-damage|p1a: Rillaboom|0 fnt\n|faint|p1a: Rillaboom\n|\n|-weather|Snow|[upkeep]\n|-heal|p2a: Glimmora|13\/100|[from] Grassy Terrain\n|upkeep\n|-message|Hellish Axolotl forfeited.\n|\n|win|Joker040921\n|raw|Hellish Axolotl's rating: 1071 &rarr; <strong>1052<\/strong><br \/>(-19 for losing)\n|raw|Joker040921's rating: 1102 &rarr; <strong>1125<\/strong><br \/>(+23 for winning)\n|l|\u2606Hellish Axolotl\n","uploadtime":1700449597,"views":17,"p1id":"hellishaxolotl","p2id":"joker040921","formatid":"gen9ou","rating":1052,"private":0,"password":""}