{"id":"gen9ou-1996240883","p1":"bg du 07","p2":"Joyenfeu","format":"[Gen 9] OU","log":"|j|\u2606bg du 07\n|j|\u2606Joyenfeu\n|t:|1700663002\n|gametype|singles\n|player|p1|bg du 07|101|1617\n|player|p2|Joyenfeu|policeman|1649\n|teamsize|p1|6\n|teamsize|p2|6\n|gen|9\n|tier|[Gen 9] OU\n|rated|\n|rule|Sleep Clause Mod: Limit one foe put to sleep\n|rule|Species Clause: Limit one of each Pok\u00e9mon\n|rule|OHKO Clause: OHKO moves are banned\n|rule|Evasion Items Clause: Evasion items are banned\n|rule|Evasion Moves Clause: Evasion moves are banned\n|rule|Endless Battle Clause: Forcing endless battles is banned\n|rule|HP Percentage Mod: HP is shown in percentages\n|clearpoke\n|poke|p1|Great Tusk|\n|poke|p1|Zamazenta-*|\n|poke|p1|Greninja-*, M|\n|poke|p1|Zapdos|\n|poke|p1|Blissey, F|\n|poke|p1|Ogerpon-Wellspring, F|\n|poke|p2|Iron Treads|\n|poke|p2|Great Tusk|\n|poke|p2|Gholdengo|\n|poke|p2|Samurott-Hisui, M|\n|poke|p2|Kingambit, F|\n|poke|p2|Rotom-Heat|\n|teampreview\n|inactive|Battle timer is ON: inactive players will automatically lose when time's up. (requested by bg du 07)\n|\n|t:|1700663010\n|start\n|switch|p1a: Zapdos|Zapdos|100\/100\n|switch|p2a: Samurott|Samurott-Hisui, M|100\/100\n|turn|1\n|\n|t:|1700663026\n|switch|p2a: Iron Treads|Iron Treads|100\/100\n|-enditem|p2a: Iron Treads|Booster Energy\n|-activate|p2a: Iron Treads|ability: Quark Drive|[fromitem]\n|-start|p2a: Iron Treads|quarkdrivespe\n|move|p1a: Zapdos|Volt Switch|p2a: Iron Treads\n|-immune|p2a: Iron Treads\n|\n|upkeep\n|turn|2\n|\n|t:|1700663028\n|move|p2a: Iron Treads|Stealth Rock|p1a: Zapdos\n|-sidestart|p1: bg du 07|move: Stealth Rock\n|move|p1a: Zapdos|Heat Wave|p2a: Iron Treads\n|-supereffective|p2a: Iron Treads\n|-damage|p2a: Iron Treads|20\/100\n|\n|upkeep\n|turn|3\n|\n|t:|1700663034\n|switch|p1a: Great Tusk|Great Tusk|100\/100\n|-damage|p1a: Great Tusk|98\/100|[from] Stealth Rock\n|move|p2a: Iron Treads|Steel Beam|p1a: Great Tusk\n|-damage|p1a: Great Tusk|31\/100\n|-damage|p2a: Iron Treads|0 fnt|[from] steelbeam\n|faint|p2a: Iron Treads\n|-end|p2a: Iron Treads|Quark Drive|[silent]\n|\n|-heal|p1a: Great Tusk|37\/100|[from] item: Leftovers\n|upkeep\n|\n|t:|1700663041\n|switch|p2a: Samurott|Samurott-Hisui, M|100\/100\n|turn|4\n|\n|t:|1700663047\n|move|p2a: Samurott|Razor Shell|p1a: Great Tusk\n|-supereffective|p1a: Great Tusk\n|-damage|p1a: Great Tusk|0 fnt\n|faint|p1a: Great Tusk\n|-end|p1a: Great Tusk|Protosynthesis|[silent]\n|\n|upkeep\n|\n|t:|1700663053\n|switch|p1a: Zapdos|Zapdos|100\/100\n|turn|5\n|\n|t:|1700663056\n|switch|p2a: Rotom|Rotom-Heat|100\/100\n|move|p1a: Zapdos|Volt Switch|p2a: Rotom\n|-resisted|p2a: Rotom\n|-damage|p2a: Rotom|90\/100\n|\n|t:|1700663059\n|switch|p1a: Greninja|Greninja, M|100\/100|[from] Volt Switch\n|-damage|p1a: Greninja|88\/100|[from] Stealth Rock\n|\n|upkeep\n|turn|6\n|\n|t:|1700663063\n|switch|p2a: Samurott|Samurott-Hisui, M|100\/100\n|move|p1a: Greninja|Surf|p2a: Samurott\n|-resisted|p2a: Samurott\n|-damage|p2a: Samurott|64\/100\n|-damage|p1a: Greninja|78\/100|[from] item: Life Orb\n|\n|upkeep\n|turn|7\n|\n|t:|1700663071\n|move|p2a: Samurott|Ceaseless Edge|p1a: Greninja\n|-resisted|p1a: Greninja\n|-damage|p1a: Greninja|44\/100\n|-sidestart|p1: bg du 07|Spikes\n|move|p1a: Greninja|Surf|p2a: Samurott\n|-resisted|p2a: Samurott\n|-damage|p2a: Samurott|24\/100\n|-damage|p1a: Greninja|34\/100|[from] item: Life Orb\n|\n|upkeep\n|turn|8\n|\n|t:|1700663078\n|move|p2a: Samurott|Ceaseless Edge|p1a: Greninja|[miss]\n|-miss|p2a: Samurott|p1a: Greninja\n|move|p1a: Greninja|Dark Pulse|p2a: Samurott\n|-resisted|p2a: Samurott\n|-damage|p2a: Samurott|0 fnt\n|faint|p2a: Samurott\n|-ability|p1a: Greninja|Battle Bond|boost\n|-boost|p1a: Greninja|atk|1\n|-boost|p1a: Greninja|spa|1\n|-boost|p1a: Greninja|spe|1\n|-activate|p1a: Greninja|ability: Battle Bond\n|-damage|p1a: Greninja|24\/100|[from] item: Life Orb\n|\n|upkeep\n|\n|t:|1700663081\n|switch|p2a: Kingambit|Kingambit, F|100\/100\n|-activate|p2a: Kingambit|ability: Supreme Overlord\n|-start|p2a: Kingambit|fallen2|[silent]\n|turn|9\n|\n|t:|1700663085\n|move|p1a: Greninja|Water Shuriken|p2a: Kingambit\n|-damage|p2a: Kingambit|87\/100\n|-damage|p2a: Kingambit|75\/100\n|-damage|p2a: Kingambit|62\/100\n|-hitcount|p2a: Kingambit|3\n|-damage|p1a: Greninja|14\/100|[from] item: Life Orb\n|move|p2a: Kingambit|Sucker Punch||[still]\n|-fail|p2a: Kingambit\n|\n|-heal|p2a: Kingambit|69\/100|[from] item: Leftovers\n|upkeep\n|turn|10\n|j| mew852\n|\n|t:|1700663094\n|move|p2a: Kingambit|Sucker Punch|p1a: Greninja\n|-resisted|p1a: Greninja\n|-damage|p1a: Greninja|0 fnt\n|faint|p1a: Greninja\n|\n|-heal|p2a: Kingambit|75\/100|[from] item: Leftovers\n|upkeep\n|\n|t:|1700663101\n|switch|p1a: Blissey|Blissey, F|100\/100\n|turn|11\n|\n|t:|1700663105\n|move|p1a: Blissey|Thunder Wave|p2a: Kingambit\n|-status|p2a: Kingambit|par\n|cant|p2a: Kingambit|par\n|\n|-heal|p2a: Kingambit|81\/100 par|[from] item: Leftovers\n|upkeep\n|turn|12\n|\n|t:|1700663109\n|move|p1a: Blissey|Stealth Rock|p2a: Kingambit\n|-sidestart|p2: Joyenfeu|move: Stealth Rock\n|move|p2a: Kingambit|Swords Dance|p2a: Kingambit\n|-boost|p2a: Kingambit|atk|2\n|\n|-heal|p2a: Kingambit|87\/100 par|[from] item: Leftovers\n|upkeep\n|turn|13\n|\n|t:|1700663121\n|switch|p1a: Zapdos|Zapdos|100\/100\n|cant|p2a: Kingambit|par\n|\n|-heal|p2a: Kingambit|94\/100 par|[from] item: Leftovers\n|upkeep\n|turn|14\n|\n|t:|1700663125\n|move|p1a: Zapdos|Heat Wave|p2a: Kingambit\n|-supereffective|p2a: Kingambit\n|-crit|p2a: Kingambit\n|-damage|p2a: Kingambit|12\/100 par\n|move|p2a: Kingambit|Kowtow Cleave|p1a: Zapdos\n|-damage|p1a: Zapdos|0 fnt\n|faint|p1a: Zapdos\n|\n|-heal|p2a: Kingambit|18\/100 par|[from] item: Leftovers\n|upkeep\n|\n|t:|1700663132\n|switch|p1a: Zamazenta|Zamazenta|100\/100\n|-damage|p1a: Zamazenta|94\/100|[from] Stealth Rock\n|-damage|p1a: Zamazenta|82\/100|[from] Spikes\n|-ability|p1a: Zamazenta|Dauntless Shield|boost\n|-boost|p1a: Zamazenta|def|1\n|turn|15\n|\n|t:|1700663139\n|-end|p2a: Kingambit|fallen2|[silent]\n|switch|p2a: Rotom|Rotom-Heat|90\/100\n|move|p1a: Zamazenta|Close Combat|p2a: Rotom\n|-damage|p2a: Rotom|0 fnt\n|-unboost|p1a: Zamazenta|def|1\n|-unboost|p1a: Zamazenta|spd|1\n|faint|p2a: Rotom\n|\n|upkeep\n|\n|t:|1700663141\n|switch|p2a: Gholdengo|Gholdengo|100\/100\n|-damage|p2a: Gholdengo|94\/100|[from] Stealth Rock\n|-item|p2a: Gholdengo|Air Balloon\n|turn|16\n|\n|t:|1700663144\n|switch|p1a: Blissey|Blissey, F|100\/100\n|move|p2a: Gholdengo|Nasty Plot|p2a: Gholdengo\n|-boost|p2a: Gholdengo|spa|2\n|\n|upkeep\n|turn|17\n|\n|t:|1700663153\n|switch|p2a: Great Tusk|Great Tusk|100\/100\n|-damage|p2a: Great Tusk|98\/100|[from] Stealth Rock\n|-enditem|p2a: Great Tusk|Booster Energy\n|-activate|p2a: Great Tusk|ability: Protosynthesis|[fromitem]\n|-start|p2a: Great Tusk|protosynthesisspe\n|move|p1a: Blissey|Seismic Toss|p2a: Great Tusk\n|-damage|p2a: Great Tusk|74\/100\n|\n|upkeep\n|turn|18\n|\n|t:|1700663159\n|switch|p1a: Zamazenta|Zamazenta|82\/100\n|-damage|p1a: Zamazenta|76\/100|[from] Stealth Rock\n|-damage|p1a: Zamazenta|64\/100|[from] Spikes\n|move|p2a: Great Tusk|Bulk Up|p2a: Great Tusk\n|-boost|p2a: Great Tusk|atk|1\n|-boost|p2a: Great Tusk|def|1\n|\n|upkeep\n|turn|19\n|\n|t:|1700663174\n|move|p2a: Great Tusk|Bulk Up|p2a: Great Tusk\n|-boost|p2a: Great Tusk|atk|1\n|-boost|p2a: Great Tusk|def|1\n|move|p1a: Zamazenta|Close Combat|p2a: Great Tusk\n|-damage|p2a: Great Tusk|46\/100\n|-unboost|p1a: Zamazenta|def|1\n|-unboost|p1a: Zamazenta|spd|1\n|\n|upkeep\n|turn|20\n|\n|t:|1700663180\n|move|p2a: Great Tusk|Headlong Rush|p1a: Zamazenta\n|-damage|p1a: Zamazenta|0 fnt\n|-unboost|p2a: Great Tusk|def|1\n|-unboost|p2a: Great Tusk|spd|1\n|faint|p1a: Zamazenta\n|\n|upkeep\n|\n|t:|1700663182\n|switch|p1a: Ogerpon|Ogerpon-Wellspring, F|100\/100\n|-damage|p1a: Ogerpon|88\/100|[from] Stealth Rock\n|-damage|p1a: Ogerpon|76\/100|[from] Spikes\n|turn|21\n|\n|t:|1700663190\n|-terastallize|p1a: Ogerpon|Water\n|detailschange|p1a: Ogerpon|Ogerpon-Wellspring-Tera, F, tera:Water\n|-ability|p1a: Ogerpon|Embody Aspect (Wellspring)|boost\n|-boost|p1a: Ogerpon|spd|1\n|move|p2a: Great Tusk|Close Combat|p1a: Ogerpon\n|-damage|p1a: Ogerpon|0 fnt\n|-unboost|p2a: Great Tusk|def|1\n|-unboost|p2a: Great Tusk|spd|1\n|faint|p1a: Ogerpon\n|\n|upkeep\n|-message|bg du 07 forfeited.\n|\n|win|Joyenfeu\n|raw|bg du 07's rating: 1617 &rarr; <strong>1599<\/strong><br \/>(-18 for losing)\n|raw|Joyenfeu's rating: 1649 &rarr; <strong>1667<\/strong><br \/>(+18 for winning)\n|l|\u2606bg du 07\n|l|\u2606Joyenfeu\n","uploadtime":1700663443,"views":0,"p1id":"bgdu07","p2id":"joyenfeu","formatid":"gen9ou","rating":1599,"private":0,"password":""}