{"id":"gen9ou-1993661457","p1":"zshmoneyy","p2":"Lych0966","format":"[Gen 9] OU","log":"|j|\u2606zshmoneyy\n|j|\u2606Lych0966\n|t:|1700342792\n|gametype|singles\n|player|p1|zshmoneyy|alec-anime|1355\n|player|p2|Lych0966|giovanni|1470\n|teamsize|p1|6\n|teamsize|p2|6\n|gen|9\n|tier|[Gen 9] OU\n|rated|\n|rule|Sleep Clause Mod: Limit one foe put to sleep\n|rule|Species Clause: Limit one of each Pok\u00e9mon\n|rule|OHKO Clause: OHKO moves are banned\n|rule|Evasion Items Clause: Evasion items are banned\n|rule|Evasion Moves Clause: Evasion moves are banned\n|rule|Endless Battle Clause: Forcing endless battles is banned\n|rule|HP Percentage Mod: HP is shown in percentages\n|clearpoke\n|poke|p1|Kingambit, F|\n|poke|p1|Ceruledge, F|\n|poke|p1|Cinderace, F|\n|poke|p1|Slowking-Galar, F|\n|poke|p1|Dondozo, F|\n|poke|p1|Corviknight, F|\n|poke|p2|Garchomp, F|\n|poke|p2|Greninja-*, M|\n|poke|p2|Dragonite, M|\n|poke|p2|Chandelure, M|\n|poke|p2|Iron Valiant|\n|poke|p2|Kingambit, F|\n|teampreview\n|\n|t:|1700342807\n|start\n|switch|p1a: MuGiWaRa!!!|Slowking-Galar, F|100\/100\n|switch|p2a: LE MV|Chandelure, M|100\/100\n|turn|1\n|\n|t:|1700342814\n|move|p2a: LE MV|Shadow Ball|p1a: MuGiWaRa!!!\n|-supereffective|p1a: MuGiWaRa!!!\n|-damage|p1a: MuGiWaRa!!!|35\/100\n|move|p1a: MuGiWaRa!!!|Future Sight|p2a: LE MV\n|-start|p1a: MuGiWaRa!!!|move: Future Sight\n|\n|upkeep\n|turn|2\n|\n|t:|1700342821\n|switch|p1a: Corviknight|Corviknight, F|100\/100\n|move|p2a: LE MV|Shadow Ball|p1a: Corviknight\n|-damage|p1a: Corviknight|54\/100\n|\n|upkeep\n|turn|3\n|\n|t:|1700342835\n|switch|p1a: Fire Fist Sabo\ud83d\udd25|Cinderace, F|100\/100\n|move|p2a: LE MV|Shadow Ball|p1a: Fire Fist Sabo\ud83d\udd25\n|-damage|p1a: Fire Fist Sabo\ud83d\udd25|6\/100\n|-unboost|p1a: Fire Fist Sabo\ud83d\udd25|spd|1\n|\n|-end|p2a: LE MV|move: Future Sight\n|-damage|p2a: LE MV|41\/100\n|upkeep\n|turn|4\n|\n|t:|1700342852\n|switch|p2a: AMIRAL|Garchomp, F|100\/100\n|move|p1a: Fire Fist Sabo\ud83d\udd25|Sucker Punch||[still]\n|-fail|p1a: Fire Fist Sabo\ud83d\udd25\n|\n|upkeep\n|turn|5\n|\n|t:|1700342859\n|switch|p1a: KaiDo!!|Dondozo, F|100\/100\n|move|p2a: AMIRAL|Stealth Rock|p1a: KaiDo!!\n|-sidestart|p1: zshmoneyy|move: Stealth Rock\n|\n|upkeep\n|turn|6\n|\n|t:|1700342864\n|move|p1a: KaiDo!!|Rest|p1a: KaiDo!!\n|-fail|p1a: KaiDo!!|heal\n|move|p2a: AMIRAL|Dragon Tail|p1a: KaiDo!!\n|-damage|p1a: KaiDo!!|90\/100\n|drag|p1a: MuGiWaRa!!!|Slowking-Galar, F|68\/100\n|-damage|p1a: MuGiWaRa!!!|56\/100|[from] Stealth Rock\n|\n|upkeep\n|turn|7\n|\n|t:|1700342891\n|move|p2a: AMIRAL|Earthquake|p1a: MuGiWaRa!!!\n|-supereffective|p1a: MuGiWaRa!!!\n|-damage|p1a: MuGiWaRa!!!|0 fnt\n|faint|p1a: MuGiWaRa!!!\n|\n|upkeep\n|\n|t:|1700342898\n|switch|p1a: Corviknight|Corviknight, F|54\/100\n|-damage|p1a: Corviknight|42\/100|[from] Stealth Rock\n|turn|8\n|\n|t:|1700342927\n|move|p1a: Corviknight|Defog|p2a: AMIRAL\n|-unboost|p2a: AMIRAL|evasion|1\n|-sideend|p1: zshmoneyy|Stealth Rock|[from] move: Defog|[of] p1a: Corviknight\n|move|p2a: AMIRAL|Dragon Tail|p1a: Corviknight\n|-resisted|p1a: Corviknight\n|-damage|p1a: Corviknight|31\/100\n|-damage|p2a: AMIRAL|84\/100|[from] item: Rocky Helmet|[of] p1a: Corviknight\n|drag|p1a: ShankZ(YONKO BRUH)|Kingambit, F|100\/100\n|-activate|p1a: ShankZ(YONKO BRUH)|ability: Supreme Overlord\n|-start|p1a: ShankZ(YONKO BRUH)|fallen1|[silent]\n|\n|upkeep\n|turn|9\n|\n|t:|1700342951\n|-end|p1a: ShankZ(YONKO BRUH)|fallen1|[silent]\n|switch|p1a: Corviknight|Corviknight, F|31\/100\n|move|p2a: AMIRAL|Earthquake|p1a: Corviknight\n|-immune|p1a: Corviknight\n|\n|upkeep\n|turn|10\n|\n|t:|1700342964\n|move|p1a: Corviknight|Roost|p1a: Corviknight\n|-heal|p1a: Corviknight|81\/100\n|-singleturn|p1a: Corviknight|move: Roost\n|move|p2a: AMIRAL|Dragon Tail|p1a: Corviknight\n|-resisted|p1a: Corviknight\n|-damage|p1a: Corviknight|72\/100\n|-damage|p2a: AMIRAL|68\/100|[from] item: Rocky Helmet|[of] p1a: Corviknight\n|drag|p1a: Zoro|Ceruledge, F|100\/100\n|\n|upkeep\n|turn|11\n|c|\u2606Lych0966|for your Corviknight you can name it King\n|\n|t:|1700342979\n|switch|p1a: Corviknight|Corviknight, F|72\/100\n|move|p2a: AMIRAL|Earthquake|p1a: Corviknight\n|-immune|p1a: Corviknight\n|\n|upkeep\n|turn|12\n|\n|t:|1700342989\n|move|p1a: Corviknight|Roost|p1a: Corviknight\n|-heal|p1a: Corviknight|100\/100\n|-singleturn|p1a: Corviknight|move: Roost\n|move|p2a: AMIRAL|Dragon Tail|p1a: Corviknight\n|-resisted|p1a: Corviknight\n|-damage|p1a: Corviknight|89\/100\n|-damage|p2a: AMIRAL|51\/100|[from] item: Rocky Helmet|[of] p1a: Corviknight\n|drag|p1a: Zoro|Ceruledge, F|100\/100\n|\n|upkeep\n|turn|13\n|c|\u2606zshmoneyy|lmao thx u\n|\n|t:|1700343018\n|switch|p1a: Corviknight|Corviknight, F|89\/100\n|move|p2a: AMIRAL|Dragon Tail|p1a: Corviknight|[miss]\n|-miss|p2a: AMIRAL|p1a: Corviknight\n|\n|upkeep\n|turn|14\n|\n|t:|1700343025\n|switch|p2a: LE MV|Chandelure, M|41\/100\n|move|p1a: Corviknight|Brave Bird|p2a: LE MV\n|-damage|p2a: LE MV|0 fnt\n|faint|p2a: LE MV\n|-damage|p1a: Corviknight|80\/100|[from] Recoil\n|\n|upkeep\n|\n|t:|1700343041\n|switch|p2a: RICK-DE-FER|Iron Valiant|100\/100\n|-enditem|p2a: RICK-DE-FER|Booster Energy\n|-activate|p2a: RICK-DE-FER|ability: Quark Drive|[fromitem]\n|-start|p2a: RICK-DE-FER|quarkdrivespe\n|turn|15\n|\n|t:|1700343067\n|-terastallize|p1a: Corviknight|Dragon\n|move|p2a: RICK-DE-FER|Destiny Bond|p2a: RICK-DE-FER\n|-singlemove|p2a: RICK-DE-FER|Destiny Bond\n|move|p1a: Corviknight|Brave Bird|p2a: RICK-DE-FER\n|-supereffective|p2a: RICK-DE-FER\n|-damage|p2a: RICK-DE-FER|8\/100\n|-damage|p1a: Corviknight|58\/100|[from] Recoil\n|\n|upkeep\n|turn|16\n|\n|t:|1700343083\n|move|p2a: RICK-DE-FER|Moonblast|p1a: Corviknight\n|-supereffective|p1a: Corviknight\n|-damage|p1a: Corviknight|0 fnt\n|faint|p1a: Corviknight\n|\n|upkeep\n|\n|t:|1700343088\n|switch|p1a: Zoro|Ceruledge, F|100\/100\n|turn|17\n|\n|t:|1700343095\n|move|p2a: RICK-DE-FER|Destiny Bond|p2a: RICK-DE-FER\n|-singlemove|p2a: RICK-DE-FER|Destiny Bond\n|move|p1a: Zoro|Bitter Blade|p2a: RICK-DE-FER\n|-damage|p2a: RICK-DE-FER|0 fnt\n|faint|p2a: RICK-DE-FER\n|-activate|p2a: RICK-DE-FER|move: Destiny Bond\n|-end|p2a: RICK-DE-FER|Quark Drive|[silent]\n|faint|p1a: Zoro\n|\n|upkeep\n|\n|t:|1700343108\n|switch|p2a: AMIRAL|Garchomp, F|51\/100\n|switch|p1a: Fire Fist Sabo\ud83d\udd25|Cinderace, F|6\/100\n|turn|18\n|\n|t:|1700343113\n|switch|p1a: KaiDo!!|Dondozo, F|90\/100\n|move|p2a: AMIRAL|Stealth Rock|p1a: KaiDo!!\n|-sidestart|p1: zshmoneyy|move: Stealth Rock\n|\n|-heal|p1a: KaiDo!!|96\/100|[from] item: Leftovers\n|upkeep\n|turn|19\n|\n|t:|1700343122\n|move|p1a: KaiDo!!|Liquidation|p2a: AMIRAL\n|-damage|p2a: AMIRAL|30\/100\n|-damage|p1a: KaiDo!!|83\/100|[from] ability: Rough Skin|[of] p2a: AMIRAL\n|-damage|p1a: KaiDo!!|67\/100|[from] item: Rocky Helmet|[of] p2a: AMIRAL\n|move|p2a: AMIRAL|Dragon Tail|p1a: KaiDo!!\n|-damage|p1a: KaiDo!!|56\/100\n|drag|p1a: ShankZ(YONKO BRUH)|Kingambit, F|100\/100\n|-damage|p1a: ShankZ(YONKO BRUH)|94\/100|[from] Stealth Rock\n|-activate|p1a: ShankZ(YONKO BRUH)|ability: Supreme Overlord\n|-start|p1a: ShankZ(YONKO BRUH)|fallen3|[silent]\n|\n|upkeep\n|turn|20\n|\n|t:|1700343138\n|move|p1a: ShankZ(YONKO BRUH)|Sucker Punch|p2a: AMIRAL\n|-damage|p2a: AMIRAL|0 fnt\n|-damage|p1a: ShankZ(YONKO BRUH)|82\/100|[from] ability: Rough Skin|[of] p2a: AMIRAL\n|-damage|p1a: ShankZ(YONKO BRUH)|65\/100|[from] item: Rocky Helmet|[of] p2a: AMIRAL\n|faint|p2a: AMIRAL\n|\n|upkeep\n|\n|t:|1700343144\n|switch|p2a: CARTMAN|Dragonite, M|100\/100\n|turn|21\n|\n|t:|1700343156\n|-end|p1a: ShankZ(YONKO BRUH)|fallen3|[silent]\n|switch|p1a: Fire Fist Sabo\ud83d\udd25|Cinderace, F|6\/100\n|move|p2a: CARTMAN|Earthquake|p1a: Fire Fist Sabo\ud83d\udd25\n|-supereffective|p1a: Fire Fist Sabo\ud83d\udd25\n|-damage|p1a: Fire Fist Sabo\ud83d\udd25|0 fnt\n|faint|p1a: Fire Fist Sabo\ud83d\udd25\n|\n|upkeep\n|\n|t:|1700343164\n|switch|p1a: KaiDo!!|Dondozo, F|56\/100\n|-damage|p1a: KaiDo!!|43\/100|[from] Stealth Rock\n|turn|22\n|\n|t:|1700343174\n|-terastallize|p2a: CARTMAN|Normal\n|move|p2a: CARTMAN|Extreme Speed|p1a: KaiDo!!\n|-crit|p1a: KaiDo!!\n|-damage|p1a: KaiDo!!|10\/100\n|move|p1a: KaiDo!!|Rest|p1a: KaiDo!!\n|-status|p1a: KaiDo!!|slp|[from] move: Rest\n|-heal|p1a: KaiDo!!|100\/100 slp|[silent]\n|\n|upkeep\n|turn|23\n|\n|t:|1700343183\n|move|p2a: CARTMAN|Extreme Speed|p1a: KaiDo!!\n|-damage|p1a: KaiDo!!|81\/100 slp\n|cant|p1a: KaiDo!!|slp\n|move|p1a: KaiDo!!|Sleep Talk|p1a: KaiDo!!\n|move|p1a: KaiDo!!|Liquidation|p2a: CARTMAN|[from]move: Sleep Talk\n|-damage|p2a: CARTMAN|86\/100\n|\n|-heal|p1a: KaiDo!!|87\/100 slp|[from] item: Leftovers\n|upkeep\n|turn|24\n|\n|t:|1700343201\n|switch|p2a: EAUMOPHOBE|Greninja, M|100\/100\n|cant|p1a: KaiDo!!|slp\n|move|p1a: KaiDo!!|Sleep Talk|p1a: KaiDo!!\n|move|p1a: KaiDo!!|Curse|p1a: KaiDo!!|[from]move: Sleep Talk\n|-unboost|p1a: KaiDo!!|spe|1\n|-boost|p1a: KaiDo!!|atk|1\n|-boost|p1a: KaiDo!!|def|1\n|\n|-heal|p1a: KaiDo!!|93\/100 slp|[from] item: Leftovers\n|upkeep\n|turn|25\n|\n|t:|1700343222\n|switch|p1a: ShankZ(YONKO BRUH)|Kingambit, F|65\/100\n|-damage|p1a: ShankZ(YONKO BRUH)|59\/100|[from] Stealth Rock\n|-activate|p1a: ShankZ(YONKO BRUH)|ability: Supreme Overlord\n|-start|p1a: ShankZ(YONKO BRUH)|fallen4|[silent]\n|move|p2a: EAUMOPHOBE|Dark Pulse|p1a: ShankZ(YONKO BRUH)\n|-resisted|p1a: ShankZ(YONKO BRUH)\n|-damage|p1a: ShankZ(YONKO BRUH)|36\/100\n|-damage|p2a: EAUMOPHOBE|91\/100|[from] item: Life Orb\n|\n|upkeep\n|turn|26\n|\n|t:|1700343234\n|switch|p2a: BOURRE TON PERE|Kingambit, F|100\/100\n|-activate|p2a: BOURRE TON PERE|ability: Supreme Overlord\n|-start|p2a: BOURRE TON PERE|fallen3|[silent]\n|move|p1a: ShankZ(YONKO BRUH)|Sucker Punch||[still]\n|-fail|p1a: ShankZ(YONKO BRUH)\n|\n|upkeep\n|turn|27\n|\n|t:|1700343241\n|-end|p1a: ShankZ(YONKO BRUH)|fallen4|[silent]\n|switch|p1a: KaiDo!!|Dondozo, F|93\/100 slp\n|-damage|p1a: KaiDo!!|81\/100 slp|[from] Stealth Rock\n|move|p2a: BOURRE TON PERE|Kowtow Cleave|p1a: KaiDo!!\n|-damage|p1a: KaiDo!!|51\/100 slp\n|\n|-heal|p1a: KaiDo!!|57\/100 slp|[from] item: Leftovers\n|upkeep\n|turn|28\n|\n|t:|1700343251\n|move|p2a: BOURRE TON PERE|Kowtow Cleave|p1a: KaiDo!!\n|-damage|p1a: KaiDo!!|28\/100 slp\n|-curestatus|p1a: KaiDo!!|slp|[msg]\n|move|p1a: KaiDo!!|Rest|p1a: KaiDo!!\n|-status|p1a: KaiDo!!|slp|[from] move: Rest\n|-heal|p1a: KaiDo!!|100\/100 slp|[silent]\n|\n|upkeep\n|turn|29\n|\n|t:|1700343259\n|move|p2a: BOURRE TON PERE|Kowtow Cleave|p1a: KaiDo!!\n|-damage|p1a: KaiDo!!|70\/100 slp\n|cant|p1a: KaiDo!!|slp\n|move|p1a: KaiDo!!|Sleep Talk|p1a: KaiDo!!\n|move|p1a: KaiDo!!|Curse|p1a: KaiDo!!|[from]move: Sleep Talk\n|-unboost|p1a: KaiDo!!|spe|1\n|-boost|p1a: KaiDo!!|atk|1\n|-boost|p1a: KaiDo!!|def|1\n|\n|-heal|p1a: KaiDo!!|76\/100 slp|[from] item: Leftovers\n|upkeep\n|turn|30\n|\n|t:|1700343270\n|-end|p2a: BOURRE TON PERE|fallen3|[silent]\n|switch|p2a: EAUMOPHOBE|Greninja, M|91\/100\n|cant|p1a: KaiDo!!|slp\n|move|p1a: KaiDo!!|Sleep Talk|p1a: KaiDo!!\n|move|p1a: KaiDo!!|Rest||[from]move: Sleep Talk|[still]\n|-fail|p1a: KaiDo!!\n|\n|-heal|p1a: KaiDo!!|82\/100 slp|[from] item: Leftovers\n|upkeep\n|turn|31\n|\n|t:|1700343283\n|move|p2a: EAUMOPHOBE|Dark Pulse|p1a: KaiDo!!\n|-damage|p1a: KaiDo!!|37\/100 slp\n|-damage|p2a: EAUMOPHOBE|81\/100|[from] item: Life Orb\n|-curestatus|p1a: KaiDo!!|slp|[msg]\n|move|p1a: KaiDo!!|Liquidation|p2a: EAUMOPHOBE\n|-resisted|p2a: EAUMOPHOBE\n|-damage|p2a: EAUMOPHOBE|45\/100\n|\n|-heal|p1a: KaiDo!!|43\/100|[from] item: Leftovers\n|upkeep\n|turn|32\n|\n|t:|1700343295\n|switch|p1a: ShankZ(YONKO BRUH)|Kingambit, F|36\/100\n|-damage|p1a: ShankZ(YONKO BRUH)|29\/100|[from] Stealth Rock\n|-activate|p1a: ShankZ(YONKO BRUH)|ability: Supreme Overlord\n|-start|p1a: ShankZ(YONKO BRUH)|fallen4|[silent]\n|move|p2a: EAUMOPHOBE|Dark Pulse|p1a: ShankZ(YONKO BRUH)\n|-resisted|p1a: ShankZ(YONKO BRUH)\n|-damage|p1a: ShankZ(YONKO BRUH)|6\/100\n|-damage|p2a: EAUMOPHOBE|36\/100|[from] item: Life Orb\n|\n|upkeep\n|turn|33\n|\n|t:|1700343307\n|switch|p2a: BOURRE TON PERE|Kingambit, F|100\/100\n|-activate|p2a: BOURRE TON PERE|ability: Supreme Overlord\n|-start|p2a: BOURRE TON PERE|fallen3|[silent]\n|move|p1a: ShankZ(YONKO BRUH)|Kowtow Cleave|p2a: BOURRE TON PERE\n|-resisted|p2a: BOURRE TON PERE\n|-damage|p2a: BOURRE TON PERE|72\/100\n|\n|upkeep\n|turn|34\n|\n|t:|1700343317\n|move|p2a: BOURRE TON PERE|Kowtow Cleave|p1a: ShankZ(YONKO BRUH)\n|-resisted|p1a: ShankZ(YONKO BRUH)\n|-damage|p1a: ShankZ(YONKO BRUH)|0 fnt\n|faint|p1a: ShankZ(YONKO BRUH)\n|-end|p1a: ShankZ(YONKO BRUH)|fallen4|[silent]\n|\n|upkeep\n|\n|t:|1700343322\n|switch|p1a: KaiDo!!|Dondozo, F|43\/100\n|-damage|p1a: KaiDo!!|30\/100|[from] Stealth Rock\n|turn|35\n|\n|t:|1700343327\n|move|p2a: BOURRE TON PERE|Kowtow Cleave|p1a: KaiDo!!\n|-damage|p1a: KaiDo!!|3\/100\n|move|p1a: KaiDo!!|Rest|p1a: KaiDo!!\n|-status|p1a: KaiDo!!|slp|[from] move: Rest\n|-heal|p1a: KaiDo!!|100\/100 slp|[silent]\n|\n|upkeep\n|turn|36\n|\n|t:|1700343334\n|-end|p2a: BOURRE TON PERE|fallen3|[silent]\n|switch|p2a: EAUMOPHOBE|Greninja, M|36\/100\n|cant|p1a: KaiDo!!|slp\n|move|p1a: KaiDo!!|Sleep Talk|p1a: KaiDo!!\n|move|p1a: KaiDo!!|Curse|p1a: KaiDo!!|[from]move: Sleep Talk\n|-unboost|p1a: KaiDo!!|spe|1\n|-boost|p1a: KaiDo!!|atk|1\n|-boost|p1a: KaiDo!!|def|1\n|\n|upkeep\n|turn|37\n|\n|t:|1700343343\n|move|p2a: EAUMOPHOBE|Dark Pulse|p1a: KaiDo!!\n|-damage|p1a: KaiDo!!|55\/100 slp\n|-damage|p2a: EAUMOPHOBE|26\/100|[from] item: Life Orb\n|cant|p1a: KaiDo!!|slp\n|move|p1a: KaiDo!!|Sleep Talk|p1a: KaiDo!!\n|move|p1a: KaiDo!!|Rest||[from]move: Sleep Talk|[still]\n|-fail|p1a: KaiDo!!\n|\n|-heal|p1a: KaiDo!!|61\/100 slp|[from] item: Leftovers\n|upkeep\n|turn|38\n|\n|t:|1700343355\n|move|p2a: EAUMOPHOBE|Dark Pulse|p1a: KaiDo!!\n|-damage|p1a: KaiDo!!|16\/100 slp\n|-damage|p2a: EAUMOPHOBE|16\/100|[from] item: Life Orb\n|-curestatus|p1a: KaiDo!!|slp|[msg]\n|move|p1a: KaiDo!!|Rest|p1a: KaiDo!!\n|-status|p1a: KaiDo!!|slp|[from] move: Rest\n|-heal|p1a: KaiDo!!|100\/100 slp|[silent]\n|\n|upkeep\n|turn|39\n|\n|t:|1700343364\n|move|p2a: EAUMOPHOBE|Dark Pulse|p1a: KaiDo!!\n|-damage|p1a: KaiDo!!|57\/100 slp\n|-damage|p2a: EAUMOPHOBE|6\/100|[from] item: Life Orb\n|cant|p1a: KaiDo!!|slp\n|move|p1a: KaiDo!!|Sleep Talk|p1a: KaiDo!!\n|move|p1a: KaiDo!!|Curse|p1a: KaiDo!!|[from]move: Sleep Talk\n|-unboost|p1a: KaiDo!!|spe|1\n|-boost|p1a: KaiDo!!|atk|1\n|-boost|p1a: KaiDo!!|def|1\n|\n|-heal|p1a: KaiDo!!|63\/100 slp|[from] item: Leftovers\n|upkeep\n|turn|40\n|\n|t:|1700343377\n|move|p2a: EAUMOPHOBE|Dark Pulse|p1a: KaiDo!!\n|-damage|p1a: KaiDo!!|20\/100 slp\n|-damage|p2a: EAUMOPHOBE|0 fnt|[from] item: Life Orb\n|faint|p2a: EAUMOPHOBE\n|cant|p1a: KaiDo!!|slp\n|move|p1a: KaiDo!!|Sleep Talk|p1a: KaiDo!!\n|move|p1a: KaiDo!!|Rest||[from]move: Sleep Talk|[still]\n|-fail|p1a: KaiDo!!\n|\n|-heal|p1a: KaiDo!!|26\/100 slp|[from] item: Leftovers\n|upkeep\n|\n|t:|1700343402\n|switch|p2a: BOURRE TON PERE|Kingambit, F|72\/100\n|-activate|p2a: BOURRE TON PERE|ability: Supreme Overlord\n|-start|p2a: BOURRE TON PERE|fallen4|[silent]\n|turn|41\n|c|\u2606zshmoneyy|kingambit on his oden shit?\n|\n|t:|1700343428\n|move|p2a: BOURRE TON PERE|Kowtow Cleave|p1a: KaiDo!!\n|-damage|p1a: KaiDo!!|12\/100 slp\n|-curestatus|p1a: KaiDo!!|slp|[msg]\n|move|p1a: KaiDo!!|Rest|p1a: KaiDo!!\n|-status|p1a: KaiDo!!|slp|[from] move: Rest\n|-heal|p1a: KaiDo!!|100\/100 slp|[silent]\n|\n|upkeep\n|turn|42\n|c|\u2606Lych0966|lol\n|\n|t:|1700343446\n|move|p2a: BOURRE TON PERE|Iron Head|p1a: KaiDo!!\n|-resisted|p1a: KaiDo!!\n|-damage|p1a: KaiDo!!|93\/100 slp\n|cant|p1a: KaiDo!!|slp\n|move|p1a: KaiDo!!|Sleep Talk|p1a: KaiDo!!\n|move|p1a: KaiDo!!|Curse|p1a: KaiDo!!|[from]move: Sleep Talk\n|-unboost|p1a: KaiDo!!|spe|1\n|-boost|p1a: KaiDo!!|atk|1\n|-boost|p1a: KaiDo!!|def|1\n|\n|-heal|p1a: KaiDo!!|99\/100 slp|[from] item: Leftovers\n|upkeep\n|turn|43\n|c|\u2606zshmoneyy|waiting for this man to crit with all the haki in the world and end my career\n|c|\u2606zshmoneyy|XD\n|\n|t:|1700343470\n|move|p2a: BOURRE TON PERE|Kowtow Cleave|p1a: KaiDo!!\n|-damage|p1a: KaiDo!!|85\/100 slp\n|cant|p1a: KaiDo!!|slp\n|move|p1a: KaiDo!!|Sleep Talk|p1a: KaiDo!!\n|move|p1a: KaiDo!!|Rest||[from]move: Sleep Talk|[still]\n|-fail|p1a: KaiDo!!\n|\n|-heal|p1a: KaiDo!!|92\/100 slp|[from] item: Leftovers\n|upkeep\n|turn|44\n|\n|t:|1700343481\n|move|p2a: BOURRE TON PERE|Kowtow Cleave|p1a: KaiDo!!\n|-damage|p1a: KaiDo!!|79\/100 slp\n|-curestatus|p1a: KaiDo!!|slp|[msg]\n|move|p1a: KaiDo!!|Liquidation|p2a: BOURRE TON PERE\n|-damage|p2a: BOURRE TON PERE|6\/100\n|\n|-heal|p1a: KaiDo!!|85\/100|[from] item: Leftovers\n|upkeep\n|turn|45\n|\n|t:|1700343491\n|move|p2a: BOURRE TON PERE|Kowtow Cleave|p1a: KaiDo!!\n|-damage|p1a: KaiDo!!|73\/100\n|move|p1a: KaiDo!!|Liquidation|p2a: BOURRE TON PERE\n|-damage|p2a: BOURRE TON PERE|0 fnt\n|faint|p2a: BOURRE TON PERE\n|-end|p2a: BOURRE TON PERE|fallen4|[silent]\n|\n|-heal|p1a: KaiDo!!|79\/100|[from] item: Leftovers\n|upkeep\n|\n|t:|1700343495\n|switch|p2a: CARTMAN|Dragonite, M, tera:Normal|86\/100\n|turn|46\n|\n|t:|1700343502\n|move|p2a: CARTMAN|Extreme Speed|p1a: KaiDo!!\n|-damage|p1a: KaiDo!!|70\/100\n|move|p1a: KaiDo!!|Liquidation|p2a: CARTMAN\n|-damage|p2a: CARTMAN|15\/100\n|\n|-heal|p1a: KaiDo!!|76\/100|[from] item: Leftovers\n|upkeep\n|turn|47\n|c|\u2606Lych0966|gg\n|c|\u2606zshmoneyy|gg\n|c|\u2606zshmoneyy|i will rename my corvi lol\n|\n|t:|1700343526\n|move|p2a: CARTMAN|Extreme Speed|p1a: KaiDo!!\n|-damage|p1a: KaiDo!!|67\/100\n|move|p1a: KaiDo!!|Liquidation|p2a: CARTMAN\n|-damage|p2a: CARTMAN|0 fnt\n|faint|p2a: CARTMAN\n|\n|win|zshmoneyy\n|raw|zshmoneyy's rating: 1355 &rarr; <strong>1381<\/strong><br \/>(+26 for winning)\n|raw|Lych0966's rating: 1470 &rarr; <strong>1444<\/strong><br \/>(-26 for losing)\n|c|\u2606Lych0966|lol\n","uploadtime":1700343534,"views":8,"p1id":"zshmoneyy","p2id":"lych0966","formatid":"gen9ou","rating":1381,"private":0,"password":""}