{"id":"gen9ou-1996093771","p1":"Malicccc","p2":"Rekka's Tails","format":"[Gen 9] OU","log":"|j|\u2606Malicccc\n|j|\u2606Rekka's Tails\n|t:|1700643054\n|gametype|singles\n|player|p1|Malicccc|dawn|1031\n|player|p2|Rekka's Tails|lady-gen4|1114\n|teamsize|p1|6\n|teamsize|p2|6\n|gen|9\n|tier|[Gen 9] OU\n|rated|\n|rule|Sleep Clause Mod: Limit one foe put to sleep\n|rule|Species Clause: Limit one of each Pok\u00e9mon\n|rule|OHKO Clause: OHKO moves are banned\n|rule|Evasion Items Clause: Evasion items are banned\n|rule|Evasion Moves Clause: Evasion moves are banned\n|rule|Endless Battle Clause: Forcing endless battles is banned\n|rule|HP Percentage Mod: HP is shown in percentages\n|clearpoke\n|poke|p1|Alomomola, M|\n|poke|p1|Cinderace, F|\n|poke|p1|Great Tusk|\n|poke|p1|Kingambit, F|\n|poke|p1|Thundurus-Therian, M|\n|poke|p1|Slowking-Galar, M|\n|poke|p2|Maushold-Four|\n|poke|p2|Amoonguss, F|\n|poke|p2|Scizor, M|\n|poke|p2|Weavile, F|\n|poke|p2|Salazzle, F|\n|poke|p2|Kleavor, F|\n|teampreview\n|inactive|Battle timer is ON: inactive players will automatically lose when time's up. (requested by Malicccc)\n|\n|t:|1700643070\n|start\n|switch|p1a: Kingambit|Kingambit, F|100\/100\n|switch|p2a: Kleavor|Kleavor, F|100\/100\n|turn|1\n|j| BidoofBlaznThatIsh\n|\n|t:|1700643082\n|-end|p1a: Kingambit|fallenundefined|[silent]\n|switch|p1a: Alomomola|Alomomola, M|100\/100\n|move|p2a: Kleavor|Stone Axe|p1a: Alomomola\n|-damage|p1a: Alomomola|68\/100\n|-sidestart|p1: Malicccc|move: Stealth Rock\n|-enditem|p1a: Alomomola|Red Card|[of] p2a: Kleavor\n|drag|p2a: Amoonguss|Amoonguss, F, shiny|100\/100\n|\n|upkeep\n|turn|2\n|\n|t:|1700643100\n|switch|p2a: Scizor|Scizor, M|100\/100\n|-terastallize|p1a: Alomomola|Flying\n|move|p1a: Alomomola|Acrobatics|p2a: Scizor\n|-damage|p2a: Scizor|72\/100\n|\n|upkeep\n|turn|3\n|\n|t:|1700643109\n|move|p2a: Scizor|Bullet Punch|p1a: Alomomola\n|-damage|p1a: Alomomola|36\/100\n|move|p1a: Alomomola|Wish|p1a: Alomomola\n|\n|upkeep\n|turn|4\n|\n|t:|1700643117\n|move|p2a: Scizor|Bullet Punch|p1a: Alomomola\n|-damage|p1a: Alomomola|7\/100\n|move|p1a: Alomomola|Acrobatics|p2a: Scizor\n|-damage|p2a: Scizor|40\/100\n|\n|-heal|p1a: Alomomola|57\/100|[from] move: Wish|[wisher] Alomomola\n|upkeep\n|turn|5\n|\n|t:|1700643126\n|switch|p2a: Kleavor|Kleavor, F|100\/100\n|move|p1a: Alomomola|Wish|p1a: Alomomola\n|\n|upkeep\n|turn|6\n|\n|t:|1700643135\n|move|p2a: Kleavor|Stone Axe|p1a: Alomomola\n|-supereffective|p1a: Alomomola\n|-crit|p1a: Alomomola\n|-damage|p1a: Alomomola|0 fnt\n|faint|p1a: Alomomola\n|\n|upkeep\n|\n|t:|1700643150\n|switch|p1a: Great Tusk|Great Tusk|100\/100\n|-damage|p1a: Great Tusk|98\/100|[from] Stealth Rock\n|turn|7\n|\n|t:|1700643154\n|switch|p2a: Scizor|Scizor, M|40\/100\n|move|p1a: Great Tusk|Ice Spinner|p2a: Scizor\n|-resisted|p2a: Scizor\n|-damage|p2a: Scizor|28\/100\n|\n|upkeep\n|turn|8\n|\n|t:|1700643168\n|move|p2a: Scizor|Bullet Punch|p1a: Great Tusk\n|-damage|p1a: Great Tusk|62\/100\n|-damage|p2a: Scizor|11\/100|[from] item: Rocky Helmet|[of] p1a: Great Tusk\n|move|p1a: Great Tusk|Headlong Rush|p2a: Scizor\n|-damage|p2a: Scizor|0 fnt\n|-unboost|p1a: Great Tusk|def|1\n|-unboost|p1a: Great Tusk|spd|1\n|faint|p2a: Scizor\n|\n|upkeep\n|\n|t:|1700643172\n|switch|p2a: Weavile|Weavile, F|100\/100\n|-ability|p2a: Weavile|Pressure\n|turn|9\n|\n|t:|1700643184\n|-end|p1a: Great Tusk|Protosynthesis|[silent]\n|switch|p1a: Cinderace|Cinderace, F|100\/100\n|move|p2a: Weavile|Ice Spinner|p1a: Cinderace\n|-resisted|p1a: Cinderace\n|-damage|p1a: Cinderace|71\/100\n|\n|upkeep\n|turn|10\n|\n|t:|1700643194\n|move|p2a: Weavile|Knock Off|p1a: Cinderace\n|-damage|p1a: Cinderace|2\/100\n|-enditem|p1a: Cinderace|Heavy-Duty Boots|[from] move: Knock Off|[of] p2a: Weavile\n|move|p1a: Cinderace|Will-O-Wisp|p2a: Weavile\n|-status|p2a: Weavile|brn\n|\n|-damage|p2a: Weavile|94\/100 brn|[from] brn\n|upkeep\n|turn|11\n|\n|t:|1700643212\n|move|p2a: Weavile|Ice Shard|p1a: Cinderace\n|-resisted|p1a: Cinderace\n|-damage|p1a: Cinderace|0 fnt\n|faint|p1a: Cinderace\n|\n|-damage|p2a: Weavile|88\/100 brn|[from] brn\n|upkeep\n|\n|t:|1700643226\n|switch|p1a: Great Tusk|Great Tusk|62\/100\n|-damage|p1a: Great Tusk|59\/100|[from] Stealth Rock\n|turn|12\n|\n|t:|1700643235\n|move|p2a: Weavile|Ice Spinner|p1a: Great Tusk\n|-supereffective|p1a: Great Tusk\n|-damage|p1a: Great Tusk|31\/100\n|-damage|p2a: Weavile|72\/100 brn|[from] item: Rocky Helmet|[of] p1a: Great Tusk\n|move|p1a: Great Tusk|Stealth Rock|p2a: Weavile\n|-sidestart|p2: Rekka's Tails|move: Stealth Rock\n|\n|-damage|p2a: Weavile|66\/100 brn|[from] brn\n|upkeep\n|turn|13\n|\n|t:|1700643253\n|move|p2a: Weavile|Knock Off|p1a: Great Tusk\n|-resisted|p1a: Great Tusk\n|-damage|p1a: Great Tusk|22\/100\n|-damage|p2a: Weavile|50\/100 brn|[from] item: Rocky Helmet|[of] p1a: Great Tusk\n|-enditem|p1a: Great Tusk|Rocky Helmet|[from] move: Knock Off|[of] p2a: Weavile\n|move|p1a: Great Tusk|Headlong Rush|p2a: Weavile\n|-damage|p2a: Weavile|0 fnt\n|-unboost|p1a: Great Tusk|def|1\n|-unboost|p1a: Great Tusk|spd|1\n|faint|p2a: Weavile\n|\n|upkeep\n|\n|t:|1700643266\n|switch|p2a: Maushold|Maushold-Four|100\/100\n|-damage|p2a: Maushold|88\/100|[from] Stealth Rock\n|turn|14\n|\n|t:|1700643278\n|move|p2a: Maushold|Population Bomb|p1a: Great Tusk\n|-damage|p1a: Great Tusk|10\/100\n|-damage|p1a: Great Tusk|0 fnt\n|faint|p1a: Great Tusk\n|-end|p1a: Great Tusk|Protosynthesis|[silent]\n|-hitcount|p1: Great Tusk|2\n|\n|upkeep\n|\n|t:|1700643297\n|switch|p1a: Slowking|Slowking-Galar, M|100\/100\n|turn|15\n|inactive|Malicccc has 120 seconds left.\n|\n|t:|1700643315\n|switch|p2a: Kleavor|Kleavor, F|100\/100\n|-damage|p2a: Kleavor|76\/100|[from] Stealth Rock\n|move|p1a: Slowking|Ice Beam|p2a: Kleavor\n|-damage|p2a: Kleavor|40\/100\n|\n|upkeep\n|turn|16\n|inactive|Malicccc has 120 seconds left.\n|\n|t:|1700643332\n|move|p2a: Kleavor|X-Scissor|p1a: Slowking\n|-damage|p1a: Slowking|36\/100\n|move|p1a: Slowking|Sludge Bomb|p2a: Kleavor\n|-resisted|p2a: Kleavor\n|-damage|p2a: Kleavor|11\/100\n|\n|upkeep\n|turn|17\n|inactive|Malicccc has 120 seconds left.\n|\n|t:|1700643359\n|move|p2a: Kleavor|X-Scissor|p1a: Slowking\n|-damage|p1a: Slowking|0 fnt\n|faint|p1a: Slowking\n|\n|upkeep\n|\n|t:|1700643371\n|switch|p1a: Kingambit|Kingambit, F|100\/100\n|-damage|p1a: Kingambit|94\/100|[from] Stealth Rock\n|-activate|p1a: Kingambit|ability: Supreme Overlord\n|-start|p1a: Kingambit|fallen4|[silent]\n|turn|18\n|\n|t:|1700643384\n|move|p1a: Kingambit|Sucker Punch|p2a: Kleavor\n|-damage|p2a: Kleavor|0 fnt\n|faint|p2a: Kleavor\n|\n|-heal|p1a: Kingambit|100\/100|[from] item: Leftovers\n|upkeep\n|\n|t:|1700643387\n|switch|p2a: Maushold|Maushold-Four|88\/100\n|-damage|p2a: Maushold|76\/100|[from] Stealth Rock\n|turn|19\n|\n|t:|1700643400\n|move|p2a: Maushold|Encore|p1a: Kingambit\n|-start|p1a: Kingambit|Encore\n|move|p1a: Kingambit|Sucker Punch||[still]\n|-fail|p1a: Kingambit\n|\n|upkeep\n|turn|20\n|\n|t:|1700643412\n|move|p1a: Kingambit|Sucker Punch||[still]\n|-fail|p1a: Kingambit\n|move|p2a: Maushold|Tidy Up|p2a: Maushold\n|-sideend|p2: Rekka's Tails|Stealth Rock\n|-sideend|p1: Malicccc|Stealth Rock\n|-activate|p2a: Maushold|move: Tidy Up\n|-boost|p2a: Maushold|atk|1\n|-boost|p2a: Maushold|spe|1\n|\n|upkeep\n|turn|21\n|c|\u2606Malicccc|You definitely shouldnt be playing if you need that cheap shii lmao\n|-message|Malicccc forfeited.\n|\n|win|Rekka's Tails\n|raw|Malicccc's rating: 1031 &rarr; <strong>1020<\/strong><br \/>(-11 for losing)\n|raw|Rekka&apos;s Tails's rating: 1114 &rarr; <strong>1133<\/strong><br \/>(+19 for winning)\n|l|\u2606Malicccc\n|c|\u2606Rekka's Tails|?\n|c|\u2606Rekka's Tails|you're using gamit\n","uploadtime":1700643449,"views":1,"p1id":"malicccc","p2id":"rekkastails","formatid":"gen9ou","rating":1020,"private":0,"password":""}