{"id":"gen9ou-1996976334","p1":"kw101516","p2":"Nasty N","format":"[Gen 9] OU","log":"|j|\u2606kw101516\n|j|\u2606Nasty N\n|t:|1700751674\n|gametype|singles\n|player|p1|kw101516|102|1206\n|player|p2|Nasty N|n|1175\n|teamsize|p1|6\n|teamsize|p2|6\n|gen|9\n|tier|[Gen 9] OU\n|rated|\n|rule|Sleep Clause Mod: Limit one foe put to sleep\n|rule|Species Clause: Limit one of each Pok\u00e9mon\n|rule|OHKO Clause: OHKO moves are banned\n|rule|Evasion Items Clause: Evasion items are banned\n|rule|Evasion Moves Clause: Evasion moves are banned\n|rule|Endless Battle Clause: Forcing endless battles is banned\n|rule|HP Percentage Mod: HP is shown in percentages\n|clearpoke\n|poke|p1|Pelipper, F|\n|poke|p1|Glimmora, F|\n|poke|p1|Overqwil, M|\n|poke|p1|Basculegion, M|\n|poke|p1|Zapdos|\n|poke|p1|Goodra, F|\n|poke|p2|Gholdengo|\n|poke|p2|Greninja-*, M|\n|poke|p2|Glimmora, F|\n|poke|p2|Rillaboom, F|\n|poke|p2|Hawlucha, M|\n|poke|p2|Kingambit, M|\n|teampreview\n|inactive|Battle timer is ON: inactive players will automatically lose when time's up. (requested by Nasty N)\n|\n|t:|1700751683\n|start\n|switch|p1a: Glimmora|Glimmora, F|100\/100\n|switch|p2a: Greninja|Greninja, M|100\/100\n|turn|1\n|\n|t:|1700751698\n|move|p2a: Greninja|Water Shuriken|p1a: Glimmora\n|-supereffective|p1a: Glimmora\n|-damage|p1a: Glimmora|83\/100\n|-supereffective|p1a: Glimmora\n|-damage|p1a: Glimmora|65\/100\n|-supereffective|p1a: Glimmora\n|-damage|p1a: Glimmora|47\/100\n|-supereffective|p1a: Glimmora\n|-damage|p1a: Glimmora|28\/100\n|-supereffective|p1a: Glimmora\n|-damage|p1a: Glimmora|9\/100\n|-hitcount|p1a: Glimmora|5\n|move|p1a: Glimmora|Energy Ball|p2a: Greninja\n|-supereffective|p2a: Greninja\n|-damage|p2a: Greninja|4\/100\n|\n|upkeep\n|turn|2\n|\n|t:|1700751721\n|switch|p1a: Pelipper|Pelipper, F|100\/100\n|-weather|RainDance|[from] ability: Drizzle|[of] p1a: Pelipper\n|move|p2a: Greninja|Water Shuriken|p1a: Pelipper\n|-resisted|p1a: Pelipper\n|-damage|p1a: Pelipper|93\/100\n|-resisted|p1a: Pelipper\n|-damage|p1a: Pelipper|86\/100\n|-resisted|p1a: Pelipper\n|-damage|p1a: Pelipper|79\/100\n|-resisted|p1a: Pelipper\n|-damage|p1a: Pelipper|73\/100\n|-hitcount|p1a: Pelipper|4\n|\n|-weather|RainDance|[upkeep]\n|upkeep\n|turn|3\n|\n|t:|1700751737\n|move|p2a: Greninja|Dark Pulse|p1a: Pelipper\n|-damage|p1a: Pelipper|22\/100\n|move|p1a: Pelipper|Roost|p1a: Pelipper\n|-heal|p1a: Pelipper|72\/100\n|-singleturn|p1a: Pelipper|move: Roost\n|\n|-weather|RainDance|[upkeep]\n|upkeep\n|turn|4\n|\n|t:|1700751749\n|switch|p1a: Overqwil|Overqwil, M|100\/100\n|move|p2a: Greninja|Gunk Shot|p1a: Overqwil\n|-resisted|p1a: Overqwil\n|-damage|p1a: Overqwil|86\/100\n|\n|-weather|RainDance|[upkeep]\n|upkeep\n|turn|5\n|\n|t:|1700751756\n|move|p2a: Greninja|Water Shuriken|p1a: Overqwil\n|-damage|p1a: Overqwil|72\/100\n|-damage|p1a: Overqwil|56\/100\n|-damage|p1a: Overqwil|40\/100\n|-damage|p1a: Overqwil|23\/100\n|-hitcount|p1a: Overqwil|4\n|move|p1a: Overqwil|Fell Stinger|p2a: Greninja\n|-supereffective|p2a: Greninja\n|-damage|p2a: Greninja|0 fnt\n|faint|p2a: Greninja\n|-boost|p1a: Overqwil|atk|3\n|-damage|p1a: Overqwil|13\/100|[from] item: Life Orb\n|\n|-weather|RainDance|[upkeep]\n|upkeep\n|\n|t:|1700751767\n|switch|p2a: Rillaboom|Rillaboom, F|100\/100\n|-fieldstart|move: Grassy Terrain|[from] ability: Grassy Surge|[of] p2a: Rillaboom\n|turn|6\n|\n|t:|1700751775\n|move|p1a: Overqwil|Fell Stinger|p2a: Rillaboom\n|-supereffective|p2a: Rillaboom\n|-damage|p2a: Rillaboom|0 fnt\n|faint|p2a: Rillaboom\n|-boost|p1a: Overqwil|atk|3\n|-damage|p1a: Overqwil|3\/100|[from] item: Life Orb\n|\n|-weather|RainDance|[upkeep]\n|-heal|p1a: Overqwil|9\/100|[from] Grassy Terrain\n|upkeep\n|\n|t:|1700751779\n|switch|p2a: Hawlucha|Hawlucha, M|100\/100\n|-enditem|p2a: Hawlucha|Grassy Seed\n|-boost|p2a: Hawlucha|def|1|[from] item: Grassy Seed\n|turn|7\n|\n|t:|1700751799\n|move|p2a: Hawlucha|Acrobatics|p1a: Overqwil\n|-damage|p1a: Overqwil|0 fnt\n|faint|p1a: Overqwil\n|\n|-weather|RainDance|[upkeep]\n|upkeep\n|\n|t:|1700751805\n|switch|p1a: Zapdos|Zapdos|100\/100\n|turn|8\n|\n|t:|1700751813\n|move|p2a: Hawlucha|Substitute|p2a: Hawlucha\n|-start|p2a: Hawlucha|Substitute\n|-damage|p2a: Hawlucha|76\/100\n|move|p1a: Zapdos|Thunder|p2a: Hawlucha\n|-supereffective|p2a: Hawlucha\n|-end|p2a: Hawlucha|Substitute\n|\n|-weather|RainDance|[upkeep]\n|upkeep\n|turn|9\n|\n|t:|1700751825\n|move|p2a: Hawlucha|Acrobatics|p1a: Zapdos\n|-resisted|p1a: Zapdos\n|-damage|p1a: Zapdos|72\/100\n|-status|p2a: Hawlucha|par|[from] ability: Static|[of] p1a: Zapdos\n|move|p1a: Zapdos|Thunder|p2a: Hawlucha\n|-supereffective|p2a: Hawlucha\n|-damage|p2a: Hawlucha|0 fnt\n|faint|p2a: Hawlucha\n|\n|-weather|none\n|upkeep\n|\n|t:|1700751827\n|switch|p2a: Glimmora|Glimmora, F|100\/100\n|turn|10\n|\n|t:|1700751836\n|switch|p1a: Pelipper|Pelipper, F|72\/100\n|-weather|RainDance|[from] ability: Drizzle|[of] p1a: Pelipper\n|move|p2a: Glimmora|Stealth Rock|p1a: Pelipper\n|-sidestart|p1: kw101516|move: Stealth Rock\n|\n|-weather|RainDance|[upkeep]\n|upkeep\n|turn|11\n|\n|t:|1700751854\n|switch|p1a: Basculegion|Basculegion, M|100\/100\n|-damage|p1a: Basculegion|88\/100|[from] Stealth Rock\n|move|p2a: Glimmora|Energy Ball|p1a: Basculegion\n|-supereffective|p1a: Basculegion\n|-damage|p1a: Basculegion|0 fnt\n|faint|p1a: Basculegion\n|\n|-weather|RainDance|[upkeep]\n|upkeep\n|\n|t:|1700751864\n|switch|p1a: Goodra|Goodra, F|100\/100\n|-damage|p1a: Goodra|88\/100|[from] Stealth Rock\n|turn|12\n|\n|t:|1700751879\n|move|p2a: Glimmora|Mortal Spin|p1a: Goodra\n|-damage|p1a: Goodra|81\/100\n|-status|p1a: Goodra|psn\n|move|p1a: Goodra|Weather Ball|p2a: Glimmora\n|-supereffective|p2a: Glimmora\n|-enditem|p2a: Glimmora|Focus Sash\n|-damage|p2a: Glimmora|1\/100\n|\n|-weather|RainDance|[upkeep]\n|-heal|p2a: Glimmora|7\/100|[from] Grassy Terrain\n|-heal|p1a: Goodra|87\/100 psn|[from] Grassy Terrain\n|-activate|p1a: Goodra|ability: Hydration\n|-curestatus|p1a: Goodra|psn|[msg]\n|-heal|p1a: Goodra|93\/100|[from] item: Leftovers\n|upkeep\n|turn|13\n|\n|t:|1700751901\n|move|p2a: Glimmora|Earth Power|p1a: Goodra\n|-damage|p1a: Goodra|73\/100\n|move|p1a: Goodra|Weather Ball|p2a: Glimmora\n|-supereffective|p2a: Glimmora\n|-damage|p2a: Glimmora|0 fnt\n|faint|p2a: Glimmora\n|\n|-weather|RainDance|[upkeep]\n|-heal|p1a: Goodra|79\/100|[from] Grassy Terrain\n|-heal|p1a: Goodra|86\/100|[from] item: Leftovers\n|-fieldend|move: Grassy Terrain\n|upkeep\n|inactive|Nasty N has 120 seconds left.\n|\n|t:|1700751916\n|switch|p2a: Gholdengo|Gholdengo|100\/100\n|turn|14\n|\n|t:|1700751923\n|move|p2a: Gholdengo|Make It Rain|p1a: Goodra\n|-damage|p1a: Goodra|46\/100\n|-unboost|p2a: Gholdengo|spa|1\n|move|p1a: Goodra|Weather Ball|p2a: Gholdengo\n|-damage|p2a: Gholdengo|42\/100\n|\n|-weather|RainDance|[upkeep]\n|-heal|p1a: Goodra|52\/100|[from] item: Leftovers\n|upkeep\n|turn|15\n|\n|t:|1700751944\n|move|p2a: Gholdengo|Make It Rain|p1a: Goodra\n|-damage|p1a: Goodra|24\/100\n|-unboost|p2a: Gholdengo|spa|1\n|move|p1a: Goodra|Weather Ball|p2a: Gholdengo\n|-damage|p2a: Gholdengo|0 fnt\n|faint|p2a: Gholdengo\n|\n|-weather|RainDance|[upkeep]\n|-heal|p1a: Goodra|31\/100|[from] item: Leftovers\n|upkeep\n|inactive|Nasty N has 120 seconds left.\n|\n|t:|1700751965\n|switch|p2a: Kingambit|Kingambit, M|100\/100\n|-activate|p2a: Kingambit|ability: Supreme Overlord\n|-start|p2a: Kingambit|fallen5|[silent]\n|turn|16\n|\n|t:|1700751979\n|-terastallize|p1a: Goodra|Steel\n|move|p2a: Kingambit|Sucker Punch||[still]\n|-fail|p2a: Kingambit\n|move|p1a: Goodra|Rest|p1a: Goodra\n|-status|p1a: Goodra|slp|[from] move: Rest\n|-heal|p1a: Goodra|100\/100 slp|[silent]\n|\n|-weather|RainDance|[upkeep]\n|-activate|p1a: Goodra|ability: Hydration\n|-curestatus|p1a: Goodra|slp|[msg]\n|upkeep\n|turn|17\n|\n|t:|1700751996\n|move|p1a: Goodra|Weather Ball|p2a: Kingambit\n|-damage|p2a: Kingambit|50\/100\n|move|p2a: Kingambit|Swords Dance|p2a: Kingambit\n|-boost|p2a: Kingambit|atk|2\n|\n|-weather|none\n|upkeep\n|turn|18\n|inactive|kw101516 has 120 seconds left.\n|\n|t:|1700752017\n|-terastallize|p2a: Kingambit|Flying\n|move|p2a: Kingambit|Sucker Punch|p1a: Goodra\n|-damage|p1a: Goodra|0 fnt\n|faint|p1a: Goodra\n|\n|upkeep\n|inactive|kw101516 has 120 seconds left.\n|\n|t:|1700752022\n|switch|p1a: Zapdos|Zapdos|72\/100\n|turn|19\n|inactive|kw101516 has 120 seconds left.\n|\n|t:|1700752038\n|move|p2a: Kingambit|Sucker Punch|p1a: Zapdos\n|-damage|p1a: Zapdos|0 fnt\n|faint|p1a: Zapdos\n|\n|upkeep\n|\n|t:|1700752042\n|switch|p1a: Pelipper|Pelipper, F|72\/100\n|-damage|p1a: Pelipper|47\/100|[from] Stealth Rock\n|-weather|RainDance|[from] ability: Drizzle|[of] p1a: Pelipper\n|turn|20\n|\n|t:|1700752048\n|move|p2a: Kingambit|Sucker Punch|p1a: Pelipper\n|-damage|p1a: Pelipper|0 fnt\n|faint|p1a: Pelipper\n|\n|-weather|RainDance|[upkeep]\n|upkeep\n|\n|t:|1700752054\n|switch|p1a: Glimmora|Glimmora, F|9\/100\n|-damage|p1a: Glimmora|0 fnt|[from] Stealth Rock\n|faint|p1a: Glimmora\n|\n|win|Nasty N\n|raw|kw101516's rating: 1206 &rarr; <strong>1179<\/strong><br \/>(-27 for losing)\n|raw|Nasty N's rating: 1175 &rarr; <strong>1202<\/strong><br \/>(+27 for winning)\n|l|\u2606kw101516\n","uploadtime":1700752060,"views":3,"p1id":"kw101516","p2id":"nastyn","formatid":"gen9ou","rating":1179,"private":0,"password":""}