{"id":"gen9ou-1991059157","p1":"Skaraptor2.1","p2":"Predator vs Prey","format":"[Gen 9] OU","log":"|j|\u2606Skaraptor2.1\n|j|\u2606Predator vs Prey\n|t:|1700036259\n|gametype|singles\n|player|p1|Skaraptor2.1|bodybuilderf-gen9|1232\n|player|p2|Predator vs Prey|veteran|1172\n|teamsize|p1|6\n|teamsize|p2|6\n|gen|9\n|tier|[Gen 9] OU\n|rated|\n|rule|Sleep Clause Mod: Limit one foe put to sleep\n|rule|Species Clause: Limit one of each Pok\u00e9mon\n|rule|OHKO Clause: OHKO moves are banned\n|rule|Evasion Items Clause: Evasion items are banned\n|rule|Evasion Moves Clause: Evasion moves are banned\n|rule|Endless Battle Clause: Forcing endless battles is banned\n|rule|HP Percentage Mod: HP is shown in percentages\n|clearpoke\n|poke|p1|Ribombee, M|\n|poke|p1|Ogerpon-Wellspring, F|\n|poke|p1|Cyclizar, F|\n|poke|p1|Zamazenta-*|\n|poke|p1|Iron Valiant|\n|poke|p1|Kingambit, F|\n|poke|p2|Clawitzer, M|\n|poke|p2|Skeledirge, M|\n|poke|p2|Quagsire, M|\n|poke|p2|Quaquaval, M|\n|poke|p2|Kingambit, M|\n|poke|p2|Hippowdon, M|\n|teampreview\n|inactive|Battle timer is ON: inactive players will automatically lose when time's up. (requested by Skaraptor2.1)\n|\n|t:|1700036273\n|start\n|switch|p1a: Twink|Ribombee, M|100\/100\n|switch|p2a: Hippowdon|Hippowdon, M|100\/100\n|-weather|Sandstorm|[from] ability: Sand Stream|[of] p2a: Hippowdon\n|turn|1\n|\n|t:|1700036287\n|move|p1a: Twink|Stun Spore|p2a: Hippowdon\n|-status|p2a: Hippowdon|par\n|move|p2a: Hippowdon|Stealth Rock|p1a: Twink\n|-sidestart|p1: Skaraptor2.1|move: Stealth Rock\n|\n|-weather|Sandstorm|[upkeep]\n|-damage|p1a: Twink|94\/100|[from] Sandstorm\n|upkeep\n|turn|2\n|\n|t:|1700036297\n|move|p1a: Twink|Sticky Web|p2a: Hippowdon\n|-sidestart|p2: Predator vs Prey|move: Sticky Web\n|cant|p2a: Hippowdon|par\n|\n|-weather|Sandstorm|[upkeep]\n|-damage|p1a: Twink|88\/100|[from] Sandstorm\n|upkeep\n|turn|3\n|\n|t:|1700036306\n|move|p1a: Twink|Moonblast|p2a: Hippowdon\n|-damage|p2a: Hippowdon|70\/100 par\n|move|p2a: Hippowdon|Whirlwind|p1a: Twink\n|drag|p1a: Queengambit|Kingambit, F|100\/100\n|-damage|p1a: Queengambit|94\/100|[from] Stealth Rock\n|\n|-weather|Sandstorm|[upkeep]\n|-heal|p1a: Queengambit|100\/100|[from] item: Leftovers\n|upkeep\n|turn|4\n|\n|t:|1700036316\n|move|p1a: Queengambit|Low Kick|p2a: Hippowdon\n|-damage|p2a: Hippowdon|46\/100 par\n|-damage|p1a: Queengambit|84\/100|[from] item: Rocky Helmet|[of] p2a: Hippowdon\n|move|p2a: Hippowdon|Earthquake|p1a: Queengambit\n|-supereffective|p1a: Queengambit\n|-damage|p1a: Queengambit|24\/100\n|\n|-weather|Sandstorm|[upkeep]\n|-heal|p1a: Queengambit|30\/100|[from] item: Leftovers\n|upkeep\n|turn|5\n|\n|t:|1700036323\n|move|p1a: Queengambit|Low Kick|p2a: Hippowdon\n|-damage|p2a: Hippowdon|22\/100 par\n|-damage|p1a: Queengambit|14\/100|[from] item: Rocky Helmet|[of] p2a: Hippowdon\n|cant|p2a: Hippowdon|par\n|\n|-weather|none\n|-heal|p1a: Queengambit|20\/100|[from] item: Leftovers\n|upkeep\n|turn|6\n|\n|t:|1700036329\n|move|p1a: Queengambit|Low Kick|p2a: Hippowdon\n|-damage|p2a: Hippowdon|0 fnt\n|-damage|p1a: Queengambit|3\/100|[from] item: Rocky Helmet|[of] p2a: Hippowdon\n|faint|p2a: Hippowdon\n|\n|-heal|p1a: Queengambit|9\/100|[from] item: Leftovers\n|upkeep\n|\n|t:|1700036335\n|switch|p2a: Quaquaval|Quaquaval, M|100\/100\n|turn|7\n|\n|t:|1700036341\n|move|p1a: Queengambit|Sucker Punch|p2a: Quaquaval\n|-resisted|p2a: Quaquaval\n|-damage|p2a: Quaquaval|84\/100\n|move|p2a: Quaquaval|Rapid Spin|p1a: Queengambit\n|-resisted|p1a: Queengambit\n|-damage|p1a: Queengambit|5\/100\n|-boost|p2a: Quaquaval|spe|1\n|-sideend|p2: Predator vs Prey|Sticky Web|[from] move: Rapid Spin|[of] p2a: Quaquaval\n|\n|-heal|p1a: Queengambit|11\/100|[from] item: Leftovers\n|upkeep\n|turn|8\n|\n|t:|1700036365\n|move|p1a: Queengambit|Sucker Punch|p2a: Quaquaval\n|-resisted|p2a: Quaquaval\n|-damage|p2a: Quaquaval|67\/100\n|move|p2a: Quaquaval|Aqua Step|p1a: Queengambit\n|-damage|p1a: Queengambit|0 fnt\n|-boost|p2a: Quaquaval|spe|1\n|faint|p1a: Queengambit\n|-end|p1a: Queengambit|fallenundefined|[silent]\n|-ability|p2a: Quaquaval|Moxie|boost\n|-boost|p2a: Quaquaval|atk|1\n|\n|upkeep\n|\n|t:|1700036369\n|switch|p1a: Transfem|Ogerpon-Wellspring, F|100\/100\n|-damage|p1a: Transfem|88\/100|[from] Stealth Rock\n|turn|9\n|\n|t:|1700036379\n|move|p2a: Quaquaval|Knock Off|p1a: Transfem\n|-damage|p1a: Transfem|54\/100\n|move|p1a: Transfem|Horn Leech|p2a: Quaquaval\n|-supereffective|p2a: Quaquaval\n|-damage|p2a: Quaquaval|0 fnt\n|-heal|p1a: Transfem|95\/100|[from] drain|[of] p2a: Quaquaval\n|faint|p2a: Quaquaval\n|\n|upkeep\n|\n|t:|1700036402\n|switch|p2a: Skeledirge|Skeledirge, M|100\/100\n|turn|10\n|\n|t:|1700036416\n|-terastallize|p2a: Skeledirge|Fairy\n|move|p1a: Transfem|Knock Off|p2a: Skeledirge\n|-resisted|p2a: Skeledirge\n|-damage|p2a: Skeledirge|85\/100\n|-enditem|p2a: Skeledirge|Heavy-Duty Boots|[from] move: Knock Off|[of] p1a: Transfem\n|move|p2a: Skeledirge|Torch Song|p1a: Transfem\n|-damage|p1a: Transfem|59\/100\n|-boost|p2a: Skeledirge|spa|1\n|\n|upkeep\n|turn|11\n|\n|t:|1700036428\n|move|p1a: Transfem|Ivy Cudgel|p2a: Skeledirge|[anim] Ivy Cudgel Water\n|-crit|p2a: Skeledirge\n|-damage|p2a: Skeledirge|7\/100\n|move|p2a: Skeledirge|Torch Song|p1a: Transfem\n|-damage|p1a: Transfem|9\/100\n|-boost|p2a: Skeledirge|spa|1\n|\n|upkeep\n|turn|12\n|\n|t:|1700036443\n|move|p1a: Transfem|Horn Leech|p2a: Skeledirge\n|-damage|p2a: Skeledirge|0 fnt\n|-heal|p1a: Transfem|13\/100|[from] drain|[of] p2a: Skeledirge\n|faint|p2a: Skeledirge\n|\n|upkeep\n|\n|t:|1700036465\n|switch|p2a: Kingambit|Kingambit, M|100\/100\n|-activate|p2a: Kingambit|ability: Supreme Overlord\n|-start|p2a: Kingambit|fallen3|[silent]\n|turn|13\n|\n|t:|1700036474\n|move|p1a: Transfem|Swords Dance|p1a: Transfem\n|-boost|p1a: Transfem|atk|2\n|move|p2a: Kingambit|Kowtow Cleave|p1a: Transfem\n|-damage|p1a: Transfem|0 fnt\n|faint|p1a: Transfem\n|\n|upkeep\n|\n|t:|1700036477\n|switch|p1a: Wheelie|Cyclizar, F|100\/100\n|turn|14\n|inactive|Predator vs Prey has 120 seconds left.\n|\n|t:|1700036511\n|-end|p2a: Kingambit|fallen3|[silent]\n|switch|p2a: Quagsire|Quagsire, M|100\/100\n|move|p1a: Wheelie|Rapid Spin|p2a: Quagsire\n|-damage|p2a: Quagsire|85\/100\n|-boost|p1a: Wheelie|spe|1\n|-damage|p1a: Wheelie|84\/100|[from] item: Rocky Helmet|[of] p2a: Quagsire\n|-sideend|p1: Skaraptor2.1|Stealth Rock|[from] move: Rapid Spin|[of] p1a: Wheelie\n|\n|upkeep\n|turn|15\n|\n|t:|1700036516\n|move|p1a: Wheelie|Knock Off|p2a: Quagsire\n|-damage|p2a: Quagsire|67\/100\n|-damage|p1a: Wheelie|68\/100|[from] item: Rocky Helmet|[of] p2a: Quagsire\n|-enditem|p2a: Quagsire|Rocky Helmet|[from] move: Knock Off|[of] p1a: Wheelie\n|move|p2a: Quagsire|Toxic|p1a: Wheelie\n|-status|p1a: Wheelie|tox\n|\n|-damage|p1a: Wheelie|62\/100 tox|[from] psn\n|upkeep\n|turn|16\n|\n|t:|1700036520\n|move|p1a: Wheelie|U-turn|p2a: Quagsire\n|-damage|p2a: Quagsire|53\/100\n|\n|t:|1700036524\n|switch|p1a: Twink|Ribombee, M|88\/100|[from] U-turn\n|move|p2a: Quagsire|Recover|p2a: Quagsire\n|-heal|p2a: Quagsire|100\/100\n|\n|upkeep\n|turn|17\n|\n|t:|1700036552\n|move|p1a: Twink|Sticky Web|p2a: Quagsire\n|-sidestart|p2: Predator vs Prey|move: Sticky Web\n|move|p2a: Quagsire|Toxic|p1a: Twink\n|-status|p1a: Twink|tox\n|\n|-damage|p1a: Twink|82\/100 tox|[from] psn\n|upkeep\n|turn|18\n|\n|t:|1700036556\n|move|p1a: Twink|Stun Spore|p2a: Quagsire\n|-status|p2a: Quagsire|par\n|move|p2a: Quagsire|Spikes|p1a: Twink\n|-sidestart|p1: Skaraptor2.1|Spikes\n|\n|-damage|p1a: Twink|70\/100 tox|[from] psn\n|upkeep\n|turn|19\n|\n|t:|1700036559\n|move|p1a: Twink|Skill Swap|p2a: Quagsire\n|-activate|p1a: Twink|move: Skill Swap|Unaware|Shield Dust|[of] p2a: Quagsire\n|move|p2a: Quagsire|Spikes|p1a: Twink\n|-sidestart|p1: Skaraptor2.1|Spikes\n|\n|-damage|p1a: Twink|51\/100 tox|[from] psn\n|upkeep\n|turn|20\n|\n|t:|1700036568\n|switch|p1a: Wheelie|Cyclizar, F|95\/100 tox\n|move|p2a: Quagsire|Earthquake|p1a: Wheelie\n|-damage|p1a: Wheelie|45\/100 tox\n|\n|-damage|p1a: Wheelie|39\/100 tox|[from] psn\n|upkeep\n|turn|21\n|\n|t:|1700036582\n|move|p1a: Wheelie|Rapid Spin|p2a: Quagsire\n|-damage|p2a: Quagsire|85\/100 par\n|-boost|p1a: Wheelie|spe|1\n|-sideend|p1: Skaraptor2.1|Spikes|[from] move: Rapid Spin|[of] p1a: Wheelie\n|move|p2a: Quagsire|Spikes|p1a: Wheelie\n|-sidestart|p1: Skaraptor2.1|Spikes\n|\n|-damage|p1a: Wheelie|26\/100 tox|[from] psn\n|upkeep\n|turn|22\n|\n|t:|1700036585\n|move|p1a: Wheelie|U-turn|p2a: Quagsire\n|-damage|p2a: Quagsire|71\/100 par\n|\n|t:|1700036588\n|switch|p1a: Defender of Trans|Zamazenta, shiny|100\/100|[from] U-turn\n|-damage|p1a: Defender of Trans|88\/100|[from] Spikes\n|-ability|p1a: Defender of Trans|Dauntless Shield|boost\n|-boost|p1a: Defender of Trans|def|1\n|move|p2a: Quagsire|Spikes|p1a: Defender of Trans\n|-sidestart|p1: Skaraptor2.1|Spikes\n|\n|-heal|p1a: Defender of Trans|94\/100|[from] item: Leftovers\n|upkeep\n|turn|23\n|\n|t:|1700036592\n|move|p1a: Defender of Trans|Iron Defense|p1a: Defender of Trans\n|-boost|p1a: Defender of Trans|def|2\n|move|p2a: Quagsire|Toxic|p1a: Defender of Trans\n|-status|p1a: Defender of Trans|tox\n|\n|-heal|p1a: Defender of Trans|100\/100 tox|[from] item: Leftovers\n|-damage|p1a: Defender of Trans|94\/100 tox|[from] psn\n|upkeep\n|turn|24\n|\n|t:|1700036597\n|move|p1a: Defender of Trans|Body Press|p2a: Quagsire\n|-damage|p2a: Quagsire|4\/100 par\n|move|p2a: Quagsire|Recover|p2a: Quagsire\n|-heal|p2a: Quagsire|54\/100 par\n|\n|-heal|p1a: Defender of Trans|100\/100 tox|[from] item: Leftovers\n|-damage|p1a: Defender of Trans|88\/100 tox|[from] psn\n|upkeep\n|turn|25\n|\n|t:|1700036602\n|switch|p2a: Clawitzer|Clawitzer, M|100\/100\n|-activate|p2a: Clawitzer|move: Sticky Web\n|-unboost|p2a: Clawitzer|spe|1\n|move|p1a: Defender of Trans|Iron Defense|p1a: Defender of Trans\n|-boost|p1a: Defender of Trans|def|2\n|\n|-heal|p1a: Defender of Trans|94\/100 tox|[from] item: Leftovers\n|-damage|p1a: Defender of Trans|76\/100 tox|[from] psn\n|upkeep\n|turn|26\n|\n|t:|1700036609\n|move|p1a: Defender of Trans|Body Press|p2a: Clawitzer\n|-damage|p2a: Clawitzer|0 fnt\n|faint|p2a: Clawitzer\n|\n|-heal|p1a: Defender of Trans|82\/100 tox|[from] item: Leftovers\n|-damage|p1a: Defender of Trans|57\/100 tox|[from] psn\n|upkeep\n|\n|t:|1700036612\n|switch|p2a: Quagsire|Quagsire, M|54\/100 par\n|-activate|p2a: Quagsire|move: Sticky Web\n|-unboost|p2a: Quagsire|spe|1\n|turn|27\n|\n|t:|1700036615\n|switch|p1a: Twink|Ribombee, M|51\/100 tox\n|-damage|p1a: Twink|35\/100 tox|[from] Spikes\n|cant|p2a: Quagsire|par\n|\n|-damage|p1a: Twink|28\/100 tox|[from] psn\n|upkeep\n|turn|28\n|\n|t:|1700036622\n|move|p1a: Twink|Skill Swap|p2a: Quagsire\n|-activate|p1a: Twink|move: Skill Swap|Unaware|Shield Dust|[of] p2a: Quagsire\n|move|p2a: Quagsire|Recover|p2a: Quagsire\n|-heal|p2a: Quagsire|100\/100 par\n|\n|-damage|p1a: Twink|16\/100 tox|[from] psn\n|upkeep\n|turn|29\n|\n|t:|1700036633\n|switch|p1a: Wheelie|Cyclizar, F|60\/100 tox\n|move|p2a: Quagsire|Earthquake|p1a: Wheelie\n|-crit|p1a: Wheelie\n|-damage|p1a: Wheelie|0 fnt\n|faint|p1a: Wheelie\n|\n|upkeep\n|\n|t:|1700036636\n|switch|p1a: Defender of Trans|Zamazenta, shiny|57\/100 tox\n|-damage|p1a: Defender of Trans|41\/100 tox|[from] Spikes\n|turn|30\n|\n|t:|1700036641\n|move|p1a: Defender of Trans|Iron Defense|p1a: Defender of Trans\n|-boost|p1a: Defender of Trans|def|2\n|cant|p2a: Quagsire|par\n|\n|-heal|p1a: Defender of Trans|47\/100 tox|[from] item: Leftovers\n|-damage|p1a: Defender of Trans|41\/100 tox|[from] psn\n|upkeep\n|turn|31\n|\n|t:|1700036657\n|switch|p2a: Kingambit|Kingambit, M|100\/100\n|-activate|p2a: Kingambit|move: Sticky Web\n|-unboost|p2a: Kingambit|spe|1\n|-activate|p2a: Kingambit|ability: Supreme Overlord\n|-start|p2a: Kingambit|fallen4|[silent]\n|move|p1a: Defender of Trans|Body Press|p2a: Kingambit\n|-supereffective|p2a: Kingambit\n|-damage|p2a: Kingambit|0 fnt\n|faint|p2a: Kingambit\n|-end|p2a: Kingambit|fallen4|[silent]\n|\n|-heal|p1a: Defender of Trans|47\/100 tox|[from] item: Leftovers\n|-damage|p1a: Defender of Trans|35\/100 tox|[from] psn\n|upkeep\n|\n|t:|1700036659\n|switch|p2a: Quagsire|Quagsire, M|100\/100 par\n|-activate|p2a: Quagsire|move: Sticky Web\n|-unboost|p2a: Quagsire|spe|1\n|turn|32\n|\n|t:|1700036664\n|move|p1a: Defender of Trans|Body Press|p2a: Quagsire\n|-damage|p2a: Quagsire|76\/100 par\n|move|p2a: Quagsire|Earthquake|p1a: Defender of Trans\n|-damage|p1a: Defender of Trans|16\/100 tox\n|\n|-heal|p1a: Defender of Trans|22\/100 tox|[from] item: Leftovers\n|-damage|p1a: Defender of Trans|3\/100 tox|[from] psn\n|upkeep\n|turn|33\n|\n|t:|1700036673\n|move|p1a: Defender of Trans|Body Press|p2a: Quagsire\n|-damage|p2a: Quagsire|51\/100 par\n|move|p2a: Quagsire|Recover|p2a: Quagsire\n|-heal|p2a: Quagsire|100\/100 par\n|\n|-heal|p1a: Defender of Trans|10\/100 tox|[from] item: Leftovers\n|-damage|p1a: Defender of Trans|0 fnt|[from] psn\n|faint|p1a: Defender of Trans\n|upkeep\n|\n|t:|1700036678\n|switch|p1a: Twink|Ribombee, M|16\/100 tox\n|-damage|p1a: Twink|0 fnt|[from] Spikes\n|faint|p1a: Twink\n|\n|t:|1700036679\n|switch|p1a: Bigender|Iron Valiant|100\/100\n|-damage|p1a: Bigender|84\/100|[from] Spikes\n|-enditem|p1a: Bigender|Booster Energy\n|-activate|p1a: Bigender|ability: Quark Drive|[fromitem]\n|-start|p1a: Bigender|quarkdrivespe\n|turn|34\n|\n|t:|1700036684\n|move|p1a: Bigender|Moonblast|p2a: Quagsire\n|-damage|p2a: Quagsire|44\/100 par\n|cant|p2a: Quagsire|par\n|\n|upkeep\n|turn|35\n|\n|t:|1700036689\n|move|p1a: Bigender|Moonblast|p2a: Quagsire\n|-damage|p2a: Quagsire|0 fnt\n|faint|p2a: Quagsire\n|\n|win|Skaraptor2.1\n|raw|Skaraptor2.1's rating: 1232 &rarr; <strong>1253<\/strong><br \/>(+21 for winning)\n|raw|Predator vs Prey's rating: 1172 &rarr; <strong>1151<\/strong><br \/>(-21 for losing)\n","uploadtime":1700036691,"views":10,"p1id":"skaraptor21","p2id":"predatorvsprey","formatid":"gen9ou","rating":1151,"private":0,"password":""}