{"id":"gen9ou-1990914194","p1":"FinchinatorTwo","p2":"FreeOuch","format":"[Gen 9] OU","log":"|j|\u2606FinchinatorTwo\n|j|\u2606FreeOuch\n|t:|1700014551\n|gametype|singles\n|player|p1|FinchinatorTwo|argenta|1449\n|player|p2|FreeOuch|clair-gen2|1390\n|teamsize|p1|6\n|teamsize|p2|6\n|gen|9\n|tier|[Gen 9] OU\n|rated|\n|rule|Sleep Clause Mod: Limit one foe put to sleep\n|rule|Species Clause: Limit one of each Pok\u00e9mon\n|rule|OHKO Clause: OHKO moves are banned\n|rule|Evasion Items Clause: Evasion items are banned\n|rule|Evasion Moves Clause: Evasion moves are banned\n|rule|Endless Battle Clause: Forcing endless battles is banned\n|rule|HP Percentage Mod: HP is shown in percentages\n|clearpoke\n|poke|p1|Clefable, F|\n|poke|p1|Alomomola, M|\n|poke|p1|Blissey, F|\n|poke|p1|Clodsire, F|\n|poke|p1|Dondozo, F|\n|poke|p1|Amoonguss, M|\n|poke|p2|Samurott-Hisui, M|\n|poke|p2|Landorus-Therian, M|\n|poke|p2|Great Tusk|\n|poke|p2|Zapdos|\n|poke|p2|Gholdengo|\n|poke|p2|Lokix, F|\n|teampreview\n|inactive|Battle timer is ON: inactive players will automatically lose when time's up. (requested by FreeOuch)\n|inactive|FinchinatorTwo also wants the timer to be on.\n|j| woworiginal\n|l| woworiginal\n|\n|t:|1700014581\n|start\n|switch|p1a: Clefable|Clefable, F|100\/100\n|switch|p2a: Zapdos|Zapdos|100\/100\n|turn|1\n|\n|t:|1700014585\n|move|p2a: Zapdos|U-turn|p1a: Clefable\n|-resisted|p1a: Clefable\n|-crit|p1a: Clefable\n|-damage|p1a: Clefable|92\/100\n|\n|t:|1700014590\n|switch|p2a: Landorus|Landorus-Therian, M|100\/100|[from] U-turn\n|-ability|p2a: Landorus|Intimidate|boost\n|-unboost|p1a: Clefable|atk|1\n|move|p1a: Clefable|Knock Off|p2a: Landorus\n|-damage|p2a: Landorus|94\/100\n|-enditem|p2a: Landorus|Rocky Helmet|[from] move: Knock Off|[of] p1a: Clefable\n|\n|-heal|p1a: Clefable|98\/100|[from] item: Leftovers\n|upkeep\n|turn|2\n|\n|t:|1700014596\n|move|p2a: Landorus|Stealth Rock|p1a: Clefable\n|-sidestart|p1: FinchinatorTwo|move: Stealth Rock\n|move|p1a: Clefable|Moonblast|p2a: Landorus\n|-damage|p2a: Landorus|61\/100\n|-unboost|p2a: Landorus|spa|1\n|\n|-heal|p1a: Clefable|100\/100|[from] item: Leftovers\n|upkeep\n|turn|3\n|\n|t:|1700014600\n|switch|p2a: Gholdengo|Gholdengo|100\/100\n|move|p1a: Clefable|Moonblast|p2a: Gholdengo\n|-resisted|p2a: Gholdengo\n|-damage|p2a: Gholdengo|82\/100\n|-unboost|p2a: Gholdengo|spa|1\n|\n|upkeep\n|turn|4\n|\n|t:|1700014614\n|move|p2a: Gholdengo|Trick|p1a: Clefable\n|-activate|p2a: Gholdengo|move: Trick|[of] p1a: Clefable\n|-item|p1a: Clefable|Choice Scarf|[from] move: Trick\n|-item|p2a: Gholdengo|Leftovers|[from] move: Trick\n|move|p1a: Clefable|Knock Off|p2a: Gholdengo\n|-supereffective|p2a: Gholdengo\n|-damage|p2a: Gholdengo|61\/100\n|-enditem|p2a: Gholdengo|Leftovers|[from] move: Knock Off|[of] p1a: Clefable\n|\n|upkeep\n|turn|5\n|\n|t:|1700014623\n|switch|p2a: Samurott|Samurott-Hisui, M|100\/100\n|move|p1a: Clefable|Knock Off|p2a: Samurott\n|-resisted|p2a: Samurott\n|-damage|p2a: Samurott|95\/100\n|-enditem|p2a: Samurott|Assault Vest|[from] move: Knock Off|[of] p1a: Clefable\n|\n|upkeep\n|turn|6\n|\n|t:|1700014631\n|switch|p1a: amoung|Amoonguss, M|100\/100\n|move|p2a: Samurott|Ceaseless Edge|p1a: amoung\n|-damage|p1a: amoung|67\/100\n|-sidestart|p1: FinchinatorTwo|Spikes\n|\n|upkeep\n|turn|7\n|\n|t:|1700014636\n|move|p2a: Samurott|Knock Off|p1a: amoung\n|-damage|p1a: amoung|38\/100\n|-enditem|p1a: amoung|Heavy-Duty Boots|[from] move: Knock Off|[of] p2a: Samurott\n|move|p1a: amoung|Toxic|p2a: Samurott\n|-status|p2a: Samurott|tox\n|\n|-damage|p2a: Samurott|88\/100 tox|[from] psn\n|upkeep\n|turn|8\n|\n|t:|1700014641\n|switch|p2a: Lokix|Lokix, F, shiny|100\/100\n|move|p1a: amoung|Giga Drain|p2a: Lokix\n|-resisted|p2a: Lokix\n|-damage|p2a: Lokix|78\/100\n|-heal|p1a: amoung|45\/100|[from] drain|[of] p2a: Lokix\n|\n|upkeep\n|turn|9\n|\n|t:|1700014649\n|switch|p1a: Alomomola|Alomomola, M|100\/100\n|move|p2a: Lokix|U-turn|p1a: Alomomola\n|-damage|p1a: Alomomola|76\/100\n|-damage|p2a: Lokix|68\/100|[from] item: Life Orb\n|\n|t:|1700014659\n|switch|p2a: Samurott|Samurott-Hisui, M|88\/100 tox|[from] U-turn\n|\n|-damage|p2a: Samurott|82\/100 tox|[from] psn\n|upkeep\n|turn|10\n|\n|t:|1700014675\n|switch|p1a: amoung|Amoonguss, M|78\/100\n|-damage|p1a: amoung|66\/100|[from] Stealth Rock\n|-damage|p1a: amoung|54\/100|[from] Spikes\n|move|p2a: Samurott|Knock Off|p1a: amoung\n|-damage|p1a: amoung|32\/100\n|\n|-damage|p2a: Samurott|70\/100 tox|[from] psn\n|upkeep\n|turn|11\n|\n|t:|1700014682\n|move|p2a: Samurott|Ceaseless Edge|p1a: amoung\n|-damage|p1a: amoung|0 fnt\n|-sidestart|p1: FinchinatorTwo|Spikes\n|faint|p1a: amoung\n|\n|-damage|p2a: Samurott|51\/100 tox|[from] psn\n|upkeep\n|\n|t:|1700014688\n|switch|p1a: Clefable|Clefable, F|100\/100\n|turn|12\n|\n|t:|1700014692\n|switch|p2a: Zapdos|Zapdos|100\/100\n|move|p1a: Clefable|Moonblast|p2a: Zapdos\n|-damage|p2a: Zapdos|72\/100\n|\n|upkeep\n|turn|13\n|\n|t:|1700014698\n|move|p2a: Zapdos|U-turn|p1a: Clefable\n|-resisted|p1a: Clefable\n|-damage|p1a: Clefable|96\/100\n|\n|t:|1700014702\n|switch|p2a: Gholdengo|Gholdengo|61\/100|[from] U-turn\n|move|p1a: Clefable|Moonblast|p2a: Gholdengo\n|-resisted|p2a: Gholdengo\n|-damage|p2a: Gholdengo|42\/100\n|\n|upkeep\n|turn|14\n|\n|t:|1700014717\n|switch|p1a: Clodsire|Clodsire, F|100\/100\n|move|p2a: Gholdengo|Trick|p1a: Clodsire\n|-activate|p2a: Gholdengo|move: Trick|[of] p1a: Clodsire\n|-enditem|p1a: Clodsire|Heavy-Duty Boots|[silent]|[from] move: Trick\n|-item|p2a: Gholdengo|Heavy-Duty Boots|[from] move: Trick\n|\n|upkeep\n|turn|15\n|\n|t:|1700014729\n|switch|p2a: Samurott|Samurott-Hisui, M|51\/100 tox\n|move|p1a: Clodsire|Spikes|p2a: Samurott\n|-sidestart|p2: FreeOuch|Spikes\n|\n|-damage|p2a: Samurott|45\/100 tox|[from] psn\n|upkeep\n|turn|16\n|\n|t:|1700014745\n|-terastallize|p1a: Clodsire|Steel\n|move|p2a: Samurott|Ceaseless Edge|p1a: Clodsire\n|-damage|p1a: Clodsire|54\/100\n|-sidestart|p1: FinchinatorTwo|Spikes\n|move|p1a: Clodsire|Spikes|p2a: Samurott\n|-sidestart|p2: FreeOuch|Spikes\n|\n|-damage|p2a: Samurott|32\/100 tox|[from] psn\n|upkeep\n|turn|17\n|\n|t:|1700014770\n|switch|p2a: Great Tusk|Great Tusk|100\/100\n|move|p1a: Clodsire|Recover|p1a: Clodsire\n|-heal|p1a: Clodsire|100\/100\n|\n|upkeep\n|turn|18\n|\n|t:|1700014777\n|switch|p1a: Clefable|Clefable, F|96\/100\n|move|p2a: Great Tusk|Earthquake|p1a: Clefable\n|-damage|p1a: Clefable|54\/100\n|\n|upkeep\n|turn|19\n|\n|t:|1700014785\n|move|p2a: Great Tusk|Rapid Spin|p1a: Clefable\n|-damage|p1a: Clefable|40\/100\n|-boost|p2a: Great Tusk|spe|1\n|-sideend|p2: FreeOuch|Spikes|[from] move: Rapid Spin|[of] p2a: Great Tusk\n|move|p1a: Clefable|Moonblast|p2a: Great Tusk\n|-supereffective|p2a: Great Tusk\n|-damage|p2a: Great Tusk|1\/100\n|\n|upkeep\n|turn|20\n|\n|t:|1700014791\n|move|p2a: Great Tusk|Earthquake|p1a: Clefable\n|-damage|p1a: Clefable|2\/100\n|move|p1a: Clefable|Moonblast|p2a: Great Tusk\n|-supereffective|p2a: Great Tusk\n|-damage|p2a: Great Tusk|0 fnt\n|faint|p2a: Great Tusk\n|-end|p2a: Great Tusk|Protosynthesis|[silent]\n|\n|upkeep\n|\n|t:|1700014796\n|switch|p2a: Landorus|Landorus-Therian, M|61\/100\n|-ability|p2a: Landorus|Intimidate|boost\n|-unboost|p1a: Clefable|atk|1\n|turn|21\n|\n|t:|1700014800\n|move|p1a: Clefable|Moonblast|p2a: Landorus\n|-damage|p2a: Landorus|28\/100\n|move|p2a: Landorus|Earthquake|p1a: Clefable\n|-damage|p1a: Clefable|0 fnt\n|faint|p1a: Clefable\n|\n|upkeep\n|\n|t:|1700014809\n|switch|p1a: Alomomola|Alomomola, M|100\/100\n|turn|22\n|\n|t:|1700014812\n|move|p2a: Landorus|U-turn|p1a: Alomomola\n|-damage|p1a: Alomomola|89\/100\n|\n|t:|1700014813\n|switch|p2a: Samurott|Samurott-Hisui, M|32\/100 tox|[from] U-turn\n|move|p1a: Alomomola|Flip Turn|p2a: Samurott\n|-resisted|p2a: Samurott\n|-damage|p2a: Samurott|22\/100 tox\n|\n|t:|1700014817\n|switch|p1a: Clodsire|Clodsire, F, tera:Steel|100\/100|[from] Flip Turn\n|-damage|p1a: Clodsire|94\/100|[from] Stealth Rock\n|-damage|p1a: Clodsire|70\/100|[from] Spikes\n|\n|-damage|p2a: Samurott|15\/100 tox|[from] psn\n|upkeep\n|turn|23\n|\n|t:|1700014824\n|move|p2a: Samurott|Ceaseless Edge|p1a: Clodsire|[miss]\n|-miss|p2a: Samurott|p1a: Clodsire\n|move|p1a: Clodsire|Spikes|p2a: Samurott\n|-sidestart|p2: FreeOuch|Spikes\n|\n|-damage|p2a: Samurott|3\/100 tox|[from] psn\n|upkeep\n|turn|24\n|\n|t:|1700014827\n|move|p2a: Samurott|Ceaseless Edge|p1a: Clodsire\n|-damage|p1a: Clodsire|21\/100\n|move|p1a: Clodsire|Spikes|p2a: Samurott\n|-sidestart|p2: FreeOuch|Spikes\n|\n|-damage|p2a: Samurott|0 fnt|[from] psn\n|faint|p2a: Samurott\n|upkeep\n|\n|t:|1700014829\n|switch|p2a: Landorus|Landorus-Therian, M|28\/100\n|-ability|p2a: Landorus|Intimidate|boost\n|-unboost|p1a: Clodsire|atk|1\n|turn|25\n|\n|t:|1700014840\n|move|p2a: Landorus|Earthquake|p1a: Clodsire\n|-supereffective|p1a: Clodsire\n|-damage|p1a: Clodsire|0 fnt\n|faint|p1a: Clodsire\n|\n|upkeep\n|\n|t:|1700014842\n|switch|p1a: Alomomola|Alomomola, M|100\/100\n|turn|26\n|\n|t:|1700014847\n|move|p2a: Landorus|Grass Knot|p1a: Alomomola\n|-supereffective|p1a: Alomomola\n|-damage|p1a: Alomomola|69\/100\n|move|p1a: Alomomola|Flip Turn|p2a: Landorus\n|-supereffective|p2a: Landorus\n|-crit|p2a: Landorus\n|-damage|p2a: Landorus|0 fnt\n|faint|p2a: Landorus\n|\n|t:|1700014861\n|switch|p1a: Blissey|Blissey, F|100\/100|[from] Flip Turn\n|\n|upkeep\n|\n|t:|1700014874\n|switch|p2a: Lokix|Lokix, F, shiny|68\/100\n|-damage|p2a: Lokix|51\/100|[from] Spikes\n|turn|27\n|\n|t:|1700014878\n|move|p1a: Blissey|Protect|p1a: Blissey\n|-singleturn|p1a: Blissey|Protect\n|move|p2a: Lokix|Axe Kick|p1a: Blissey\n|-activate|p1a: Blissey|move: Protect\n|-damage|p2a: Lokix|2\/100|[from] highjumpkick\n|\n|upkeep\n|turn|28\n|inactive|FreeOuch has 120 seconds left.\n|\n|t:|1700014918\n|switch|p1a: Alomomola|Alomomola, M|100\/100\n|move|p2a: Lokix|Axe Kick|p1a: Alomomola\n|-damage|p1a: Alomomola|73\/100\n|-damage|p2a: Lokix|0 fnt|[from] item: Life Orb\n|faint|p2a: Lokix\n|\n|upkeep\n|\n|t:|1700014923\n|switch|p2a: Zapdos|Zapdos|72\/100\n|turn|29\n|\n|t:|1700014933\n|switch|p1a: Blissey|Blissey, F|100\/100\n|move|p2a: Zapdos|U-turn|p1a: Blissey\n|-damage|p1a: Blissey|73\/100\n|\n|t:|1700014935\n|switch|p2a: Gholdengo|Gholdengo|42\/100|[from] U-turn\n|\n|upkeep\n|turn|30\n|\n|t:|1700014943\n|move|p2a: Gholdengo|Trick|p1a: Blissey\n|-activate|p2a: Gholdengo|move: Trick|[of] p1a: Blissey\n|-item|p1a: Blissey|Heavy-Duty Boots|[from] move: Trick\n|-item|p2a: Gholdengo|Heavy-Duty Boots|[from] move: Trick\n|move|p1a: Blissey|Stealth Rock|p2a: Gholdengo\n|-sidestart|p2: FreeOuch|move: Stealth Rock\n|\n|upkeep\n|turn|31\n|\n|t:|1700014956\n|switch|p1a: Alomomola|Alomomola, M|100\/100\n|move|p2a: Gholdengo|Focus Blast|p1a: Alomomola|[miss]\n|-miss|p2a: Gholdengo|p1a: Alomomola\n|\n|upkeep\n|turn|32\n|\n|t:|1700014966\n|move|p2a: Gholdengo|Shadow Ball|p1a: Alomomola\n|-damage|p1a: Alomomola|54\/100\n|-unboost|p1a: Alomomola|spd|1\n|move|p1a: Alomomola|Flip Turn|p2a: Gholdengo\n|-damage|p2a: Gholdengo|22\/100\n|\n|t:|1700014982\n|switch|p1a: Blissey|Blissey, F|73\/100|[from] Flip Turn\n|\n|upkeep\n|turn|33\n|\n|t:|1700015011\n|move|p1a: Blissey|Protect|p1a: Blissey\n|-singleturn|p1a: Blissey|Protect\n|move|p2a: Gholdengo|Focus Blast|p1a: Blissey\n|-activate|p1a: Blissey|move: Protect\n|\n|upkeep\n|turn|34\n|\n|t:|1700015032\n|move|p2a: Gholdengo|Focus Blast|p1a: Blissey|[miss]\n|-miss|p2a: Gholdengo|p1a: Blissey\n|move|p1a: Blissey|Soft-Boiled|p1a: Blissey\n|-heal|p1a: Blissey|100\/100\n|\n|upkeep\n|turn|35\n|\n|t:|1700015036\n|move|p1a: Blissey|Protect|p1a: Blissey\n|-singleturn|p1a: Blissey|Protect\n|move|p2a: Gholdengo|Focus Blast|p1a: Blissey\n|-activate|p1a: Blissey|move: Protect\n|\n|upkeep\n|turn|36\n|\n|t:|1700015042\n|move|p2a: Gholdengo|Focus Blast|p1a: Blissey\n|-supereffective|p1a: Blissey\n|-damage|p1a: Blissey|77\/100\n|-unboost|p1a: Blissey|spd|1\n|move|p1a: Blissey|Stealth Rock||[still]\n|-fail|p1a: Blissey\n|\n|upkeep\n|turn|37\n|\n|t:|1700015049\n|switch|p1a: Alomomola|Alomomola, M|87\/100\n|move|p2a: Gholdengo|Shadow Ball|p1a: Alomomola\n|-damage|p1a: Alomomola|39\/100\n|\n|upkeep\n|turn|38\n|\n|t:|1700015057\n|switch|p1a: Blissey|Blissey, F|77\/100\n|move|p2a: Gholdengo|Focus Blast|p1a: Blissey\n|-supereffective|p1a: Blissey\n|-damage|p1a: Blissey|54\/100\n|\n|upkeep\n|turn|39\n|\n|t:|1700015062\n|switch|p2a: Zapdos|Zapdos|72\/100\n|move|p1a: Blissey|Protect||[still]\n|-fail|p1a: Blissey\n|\n|upkeep\n|turn|40\n|\n|t:|1700015069\n|move|p2a: Zapdos|Discharge|p1a: Blissey\n|-damage|p1a: Blissey|44\/100\n|move|p1a: Blissey|Soft-Boiled|p1a: Blissey\n|-heal|p1a: Blissey|94\/100\n|\n|upkeep\n|turn|41\n|\n|t:|1700015073\n|move|p2a: Zapdos|U-turn|p1a: Blissey\n|-damage|p1a: Blissey|67\/100\n|inactive|FreeOuch has 120 seconds left.\n|\n|t:|1700015116\n|switch|p2a: Gholdengo|Gholdengo|22\/100|[from] U-turn\n|move|p1a: Blissey|Seismic Toss|p2a: Gholdengo\n|-immune|p2a: Gholdengo\n|\n|upkeep\n|turn|42\n|\n|t:|1700015124\n|move|p1a: Blissey|Protect|p1a: Blissey\n|-singleturn|p1a: Blissey|Protect\n|move|p2a: Gholdengo|Shadow Ball|p1a: Blissey\n|-activate|p1a: Blissey|move: Protect\n|\n|upkeep\n|turn|43\n|\n|t:|1700015127\n|move|p2a: Gholdengo|Focus Blast|p1a: Blissey|[miss]\n|-miss|p2a: Gholdengo|p1a: Blissey\n|move|p1a: Blissey|Stealth Rock||[still]\n|-fail|p1a: Blissey\n|\n|upkeep\n|turn|44\n|inactive|FreeOuch has 120 seconds left.\n|\n|t:|1700015144\n|move|p1a: Blissey|Protect|p1a: Blissey\n|-singleturn|p1a: Blissey|Protect\n|move|p2a: Gholdengo|Trick|p1a: Blissey\n|-activate|p1a: Blissey|move: Protect\n|\n|upkeep\n|turn|45\n|\n|t:|1700015156\n|move|p2a: Gholdengo|Shadow Ball|p1a: Blissey\n|-immune|p1a: Blissey\n|move|p1a: Blissey|Stealth Rock||[still]\n|-fail|p1a: Blissey\n|\n|upkeep\n|turn|46\n|inactive|FreeOuch has 120 seconds left.\n|\n|t:|1700015191\n|move|p2a: Gholdengo|Focus Blast|p1a: Blissey\n|-supereffective|p1a: Blissey\n|-damage|p1a: Blissey|45\/100\n|move|p1a: Blissey|Stealth Rock||[still]\n|-fail|p1a: Blissey\n|\n|upkeep\n|turn|47\n|\n|t:|1700015198\n|switch|p2a: Zapdos|Zapdos|72\/100\n|move|p1a: Blissey|Protect||[still]\n|-fail|p1a: Blissey\n|\n|upkeep\n|turn|48\n|\n|t:|1700015202\n|switch|p1a: Alomomola|Alomomola, M|73\/100\n|move|p2a: Zapdos|U-turn|p1a: Alomomola\n|-damage|p1a: Alomomola|65\/100\n|\n|t:|1700015204\n|switch|p2a: Gholdengo|Gholdengo|22\/100|[from] U-turn\n|\n|upkeep\n|turn|49\n|\n|t:|1700015209\n|switch|p2a: Zapdos|Zapdos|72\/100\n|move|p1a: Alomomola|Mirror Coat||[still]\n|-fail|p1a: Alomomola\n|\n|upkeep\n|turn|50\n|\n|t:|1700015214\n|move|p1a: Alomomola|Protect|p1a: Alomomola\n|-singleturn|p1a: Alomomola|Protect\n|move|p2a: Zapdos|Roost|p2a: Zapdos\n|-heal|p2a: Zapdos|100\/100\n|-singleturn|p2a: Zapdos|move: Roost\n|\n|upkeep\n|turn|51\n|\n|t:|1700015218\n|switch|p1a: Blissey|Blissey, F|45\/100\n|move|p2a: Zapdos|Discharge|p1a: Blissey\n|-damage|p1a: Blissey|35\/100\n|\n|upkeep\n|turn|52\n|\n|t:|1700015221\n|move|p2a: Zapdos|Hurricane|p1a: Blissey\n|-damage|p1a: Blissey|23\/100\n|move|p1a: Blissey|Soft-Boiled|p1a: Blissey\n|-heal|p1a: Blissey|73\/100\n|\n|upkeep\n|turn|53\n|\n|t:|1700015225\n|move|p2a: Zapdos|U-turn|p1a: Blissey\n|-damage|p1a: Blissey|48\/100\n|\n|t:|1700015226\n|switch|p2a: Gholdengo|Gholdengo|22\/100|[from] U-turn\n|move|p1a: Blissey|Seismic Toss|p2a: Gholdengo\n|-immune|p2a: Gholdengo\n|\n|upkeep\n|turn|54\n|\n|t:|1700015235\n|move|p2a: Gholdengo|Trick|p1a: Blissey\n|-activate|p2a: Gholdengo|move: Trick|[of] p1a: Blissey\n|-item|p1a: Blissey|Heavy-Duty Boots|[from] move: Trick\n|-item|p2a: Gholdengo|Heavy-Duty Boots|[from] move: Trick\n|move|p1a: Blissey|Soft-Boiled|p1a: Blissey\n|-heal|p1a: Blissey|98\/100\n|\n|upkeep\n|turn|55\n|\n|t:|1700015247\n|switch|p1a: Alomomola|Alomomola, M|98\/100\n|move|p2a: Gholdengo|Make It Rain|p1a: Alomomola\n|-resisted|p1a: Alomomola\n|-damage|p1a: Alomomola|59\/100\n|-unboost|p2a: Gholdengo|spa|1\n|\n|upkeep\n|turn|56\n|\n|t:|1700015253\n|switch|p2a: Zapdos|Zapdos|100\/100\n|move|p1a: Alomomola|Flip Turn|p2a: Zapdos\n|-damage|p2a: Zapdos|86\/100\n|-status|p1a: Alomomola|par|[from] ability: Static|[of] p2a: Zapdos\n|\n|t:|1700015256\n|switch|p1a: Blissey|Blissey, F|98\/100|[from] Flip Turn\n|\n|upkeep\n|turn|57\n|\n|t:|1700015261\n|move|p2a: Zapdos|U-turn|p1a: Blissey\n|-damage|p1a: Blissey|72\/100\n|\n|t:|1700015262\n|switch|p2a: Gholdengo|Gholdengo|22\/100|[from] U-turn\n|move|p1a: Blissey|Seismic Toss|p2a: Gholdengo\n|-immune|p2a: Gholdengo\n|\n|upkeep\n|turn|58\n|\n|t:|1700015268\n|move|p2a: Gholdengo|Trick|p1a: Blissey\n|-activate|p2a: Gholdengo|move: Trick|[of] p1a: Blissey\n|-item|p1a: Blissey|Heavy-Duty Boots|[from] move: Trick\n|-item|p2a: Gholdengo|Heavy-Duty Boots|[from] move: Trick\n|move|p1a: Blissey|Stealth Rock||[still]\n|-fail|p1a: Blissey\n|\n|upkeep\n|turn|59\n|\n|t:|1700015277\n|move|p2a: Gholdengo|Trick|p1a: Blissey\n|-activate|p2a: Gholdengo|move: Trick|[of] p1a: Blissey\n|-item|p1a: Blissey|Heavy-Duty Boots|[from] move: Trick\n|-item|p2a: Gholdengo|Heavy-Duty Boots|[from] move: Trick\n|move|p1a: Blissey|Stealth Rock||[still]\n|-fail|p1a: Blissey\n|\n|upkeep\n|turn|60\n|\n|t:|1700015290\n|move|p2a: Gholdengo|Trick|p1a: Blissey\n|-activate|p2a: Gholdengo|move: Trick|[of] p1a: Blissey\n|-item|p1a: Blissey|Heavy-Duty Boots|[from] move: Trick\n|-item|p2a: Gholdengo|Heavy-Duty Boots|[from] move: Trick\n|move|p1a: Blissey|Stealth Rock||[still]\n|-fail|p1a: Blissey\n|\n|upkeep\n|turn|61\n|\n|t:|1700015300\n|move|p2a: Gholdengo|Make It Rain|p1a: Blissey\n|-damage|p1a: Blissey|55\/100\n|-unboost|p2a: Gholdengo|spa|1\n|move|p1a: Blissey|Stealth Rock||[still]\n|-fail|p1a: Blissey\n|\n|upkeep\n|turn|62\n|\n|t:|1700015305\n|switch|p2a: Zapdos|Zapdos|86\/100\n|move|p1a: Blissey|Soft-Boiled|p1a: Blissey\n|-heal|p1a: Blissey|100\/100\n|\n|upkeep\n|turn|63\n|\n|t:|1700015307\n|move|p2a: Zapdos|U-turn|p1a: Blissey\n|-damage|p1a: Blissey|76\/100\n|\n|t:|1700015320\n|switch|p2a: Gholdengo|Gholdengo|22\/100|[from] U-turn\n|move|p1a: Blissey|Seismic Toss|p2a: Gholdengo\n|-immune|p2a: Gholdengo\n|\n|upkeep\n|turn|64\n|\n|t:|1700015327\n|switch|p2a: Zapdos|Zapdos|86\/100\n|move|p1a: Blissey|Stealth Rock||[still]\n|-fail|p1a: Blissey\n|\n|upkeep\n|turn|65\n|\n|t:|1700015332\n|move|p1a: Blissey|Protect|p1a: Blissey\n|-singleturn|p1a: Blissey|Protect\n|move|p2a: Zapdos|U-turn|p1a: Blissey\n|-activate|p1a: Blissey|move: Protect\n|\n|upkeep\n|turn|66\n|\n|t:|1700015335\n|switch|p1a: Dondozo|Dondozo, F|100\/100\n|move|p2a: Zapdos|Discharge|p1a: Dondozo\n|-supereffective|p1a: Dondozo\n|-damage|p1a: Dondozo|38\/100\n|\n|upkeep\n|turn|67\n|\n|t:|1700015341\n|move|p2a: Zapdos|Discharge|p1a: Dondozo\n|-supereffective|p1a: Dondozo\n|-damage|p1a: Dondozo|0 fnt\n|faint|p1a: Dondozo\n|\n|upkeep\n|\n|t:|1700015348\n|switch|p1a: Blissey|Blissey, F|76\/100\n|turn|68\n|\n|t:|1700015350\n|move|p2a: Zapdos|U-turn|p1a: Blissey\n|-damage|p1a: Blissey|51\/100\n|\n|t:|1700015350\n|switch|p2a: Gholdengo|Gholdengo|22\/100|[from] U-turn\n|move|p1a: Blissey|Seismic Toss|p2a: Gholdengo\n|-immune|p2a: Gholdengo\n|\n|upkeep\n|turn|69\n|c|\u2606FinchinatorTwo|zappers is so mean\n|\n|t:|1700015358\n|move|p2a: Gholdengo|Trick|p1a: Blissey\n|-activate|p2a: Gholdengo|move: Trick|[of] p1a: Blissey\n|-item|p1a: Blissey|Heavy-Duty Boots|[from] move: Trick\n|-item|p2a: Gholdengo|Heavy-Duty Boots|[from] move: Trick\n|move|p1a: Blissey|Soft-Boiled|p1a: Blissey\n|-heal|p1a: Blissey|100\/100\n|\n|upkeep\n|turn|70\n|\n|t:|1700015388\n|move|p2a: Gholdengo|Make It Rain|p1a: Blissey\n|-damage|p1a: Blissey|84\/100\n|-unboost|p2a: Gholdengo|spa|1\n|move|p1a: Blissey|Stealth Rock||[still]\n|-fail|p1a: Blissey\n|\n|upkeep\n|turn|71\n|\n|t:|1700015396\n|switch|p2a: Zapdos|Zapdos|86\/100\n|move|p1a: Blissey|Seismic Toss|p2a: Zapdos\n|-damage|p2a: Zapdos|60\/100\n|\n|upkeep\n|turn|72\n|\n|t:|1700015399\n|move|p1a: Blissey|Protect|p1a: Blissey\n|-singleturn|p1a: Blissey|Protect\n|move|p2a: Zapdos|U-turn|p1a: Blissey\n|-activate|p1a: Blissey|move: Protect\n|\n|upkeep\n|turn|73\n|\n|t:|1700015413\n|switch|p1a: Alomomola|Alomomola, M|92\/100 par\n|move|p2a: Zapdos|Roost|p2a: Zapdos\n|-heal|p2a: Zapdos|100\/100\n|-singleturn|p2a: Zapdos|move: Roost\n|\n|upkeep\n|turn|74\n|\n|t:|1700015420\n|move|p2a: Zapdos|Discharge|p1a: Alomomola\n|-supereffective|p1a: Alomomola\n|-damage|p1a: Alomomola|7\/100 par\n|move|p1a: Alomomola|Mirror Coat|p2a: Zapdos\n|-damage|p2a: Zapdos|0 fnt\n|faint|p2a: Zapdos\n|\n|upkeep\n|c|\u2606FreeOuch|oops\n|\n|t:|1700015433\n|switch|p2a: Gholdengo|Gholdengo|22\/100\n|turn|75\n|c|\u2606FinchinatorTwo|LETS FUCKING GOOOOOOO\n|c|\u2606FreeOuch|ima invest in spA lmao\n|c|\u2606FreeOuch|ggs\n|\n|t:|1700015457\n|switch|p1a: Blissey|Blissey, F|84\/100\n|move|p2a: Gholdengo|Trick|p1a: Blissey\n|-activate|p2a: Gholdengo|move: Trick|[of] p1a: Blissey\n|-item|p1a: Blissey|Heavy-Duty Boots|[from] move: Trick\n|-item|p2a: Gholdengo|Heavy-Duty Boots|[from] move: Trick\n|\n|upkeep\n|turn|76\n|c|\u2606FinchinatorTwo|GG\n|-message|FreeOuch forfeited.\n|\n|win|FinchinatorTwo\n|raw|FinchinatorTwo's rating: 1449 &rarr; <strong>1466<\/strong><br \/>(+17 for winning)\n|raw|FreeOuch's rating: 1390 &rarr; <strong>1373<\/strong><br \/>(-17 for losing)\n|l|\u2606FreeOuch\n","uploadtime":1700015468,"views":33,"p1id":"finchinatortwo","p2id":"freeouch","formatid":"gen9ou","rating":1373,"private":0,"password":""}