{"id":"gen9ou-1990069637","p1":"ratiogod64","p2":"SDK04","format":"[Gen 9] OU","log":"|j|\u2606ratiogod64\n|j|\u2606SDK04\n|t:|1699921260\n|gametype|singles\n|player|p1|ratiogod64|waitress-gen4|\n|player|p2|SDK04|unknown|\n|teamsize|p1|6\n|teamsize|p2|6\n|gen|9\n|tier|[Gen 9] OU\n|rule|Sleep Clause Mod: Limit one foe put to sleep\n|rule|Species Clause: Limit one of each Pok\u00e9mon\n|rule|OHKO Clause: OHKO moves are banned\n|rule|Evasion Items Clause: Evasion items are banned\n|rule|Evasion Moves Clause: Evasion moves are banned\n|rule|Endless Battle Clause: Forcing endless battles is banned\n|rule|HP Percentage Mod: HP is shown in percentages\n|clearpoke\n|poke|p1|Rillaboom, M|\n|poke|p1|Sneasler, F|\n|poke|p1|Zamazenta-*|\n|poke|p1|Manaphy|\n|poke|p1|Heatran, F|\n|poke|p1|Hatterene, F|\n|poke|p2|Ninetales-Alola, M|\n|poke|p2|Ogerpon-Wellspring, F|\n|poke|p2|Mew|\n|poke|p2|Kingambit, M|\n|poke|p2|Gholdengo|\n|poke|p2|Salamence, M|\n|teampreview\n|inactive|Battle timer is ON: inactive players will automatically lose when time's up. (requested by SDK04)\n|c|\u2606ratiogod64|gl sexy one\n|c|\u2606SDK04|u2\n|\n|t:|1699921278\n|start\n|switch|p1a: Hatterene|Hatterene, F|100\/100\n|switch|p2a: cool window|Ninetales-Alola, M|100\/100\n|-weather|Snow|[from] ability: Snow Warning|[of] p2a: cool window\n|turn|1\n|\n|t:|1699921280\n|move|p2a: cool window|Aurora Veil|p2a: cool window\n|-sidestart|p2: SDK04|move: Aurora Veil\n|move|p1a: Hatterene|Nuzzle|p2a: cool window\n|-damage|p2a: cool window|99\/100\n|-status|p2a: cool window|par\n|\n|-weather|Snow|[upkeep]\n|upkeep\n|turn|2\n|\n|t:|1699921284\n|switch|p2a: Malicious Charity|Gholdengo|100\/100\n|-item|p2a: Malicious Charity|Air Balloon\n|move|p1a: Hatterene|Calm Mind|p1a: Hatterene\n|-boost|p1a: Hatterene|spa|1\n|-boost|p1a: Hatterene|spd|1\n|\n|-weather|Snow|[upkeep]\n|upkeep\n|turn|3\n|\n|t:|1699921289\n|-terastallize|p1a: Hatterene|Water\n|move|p2a: Malicious Charity|Nasty Plot|p2a: Malicious Charity\n|-boost|p2a: Malicious Charity|spa|2\n|move|p1a: Hatterene|Calm Mind|p1a: Hatterene\n|-boost|p1a: Hatterene|spa|1\n|-boost|p1a: Hatterene|spd|1\n|\n|-weather|Snow|[upkeep]\n|upkeep\n|turn|4\n|\n|t:|1699921294\n|move|p2a: Malicious Charity|Nasty Plot|p2a: Malicious Charity\n|-boost|p2a: Malicious Charity|spa|2\n|move|p1a: Hatterene|Calm Mind|p1a: Hatterene\n|-boost|p1a: Hatterene|spa|1\n|-boost|p1a: Hatterene|spd|1\n|\n|-weather|Snow|[upkeep]\n|upkeep\n|turn|5\n|\n|t:|1699921297\n|move|p2a: Malicious Charity|Shadow Ball|p1a: Hatterene\n|-damage|p1a: Hatterene|43\/100\n|move|p1a: Hatterene|Calm Mind|p1a: Hatterene\n|-boost|p1a: Hatterene|spa|1\n|-boost|p1a: Hatterene|spd|1\n|\n|-weather|none\n|upkeep\n|turn|6\n|\n|t:|1699921301\n|move|p2a: Malicious Charity|Shadow Ball|p1a: Hatterene\n|-damage|p1a: Hatterene|1\/100\n|move|p1a: Hatterene|Draining Kiss|p2a: Malicious Charity\n|-resisted|p2a: Malicious Charity\n|-damage|p2a: Malicious Charity|81\/100\n|-heal|p1a: Hatterene|15\/100|[from] drain|[of] p2a: Malicious Charity\n|-enditem|p2a: Malicious Charity|Air Balloon\n|\n|upkeep\n|turn|7\n|\n|t:|1699921304\n|move|p2a: Malicious Charity|Shadow Ball|p1a: Hatterene\n|-damage|p1a: Hatterene|0 fnt\n|faint|p1a: Hatterene\n|\n|upkeep\n|c|\u2606ratiogod64|rip\n|\n|t:|1699921316\n|switch|p1a: Heatran|Heatran, F|100\/100\n|-item|p1a: Heatran|Air Balloon\n|turn|8\n|c|\u2606SDK04|Yeah that was a wasted Hat sweep\n|\n|t:|1699921323\n|move|p2a: Malicious Charity|Shadow Ball|p1a: Heatran\n|-damage|p1a: Heatran|25\/100\n|-unboost|p1a: Heatran|spd|1\n|-enditem|p1a: Heatran|Air Balloon\n|move|p1a: Heatran|Magma Storm|p2a: Malicious Charity|[miss]\n|-miss|p1a: Heatran|p2a: Malicious Charity\n|\n|-sideend|p2: SDK04|move: Aurora Veil\n|upkeep\n|turn|9\n|c|\u2606SDK04|and it\u2019s over\n|c|\u2606SDK04|rip\n|c|\u2606SDK04|sorry bro\n|inactive|ratiogod64 has 270 seconds left.\n|\n|t:|1699921354\n|move|p2a: Malicious Charity|Shadow Ball|p1a: Heatran\n|-damage|p1a: Heatran|0 fnt\n|faint|p1a: Heatran\n|\n|upkeep\n|inactive|ratiogod64 has 270 seconds left.\n|c|\u2606ratiogod64|gg\n|-message|ratiogod64 forfeited.\n|\n|win|SDK04\n|l|\u2606ratiogod64\n","uploadtime":1699921371,"views":7,"p1id":"ratiogod64","p2id":"sdk04","formatid":"gen9ou","rating":0,"private":0,"password":""}