{"id":"gen9ou-1992362254","p1":"Fallrs","p2":"Sensei Milia","format":"[Gen 9] OU","log":"|j|\u2606Fallrs\n|j|\u2606Sensei Milia\n|t:|1700178843\n|gametype|singles\n|player|p1|Fallrs|policeman-gen4|1188\n|player|p2|Sensei Milia|swimmerf|1249\n|teamsize|p1|6\n|teamsize|p2|6\n|gen|9\n|tier|[Gen 9] OU\n|rated|\n|rule|Sleep Clause Mod: Limit one foe put to sleep\n|rule|Species Clause: Limit one of each Pok\u00e9mon\n|rule|OHKO Clause: OHKO moves are banned\n|rule|Evasion Items Clause: Evasion items are banned\n|rule|Evasion Moves Clause: Evasion moves are banned\n|rule|Endless Battle Clause: Forcing endless battles is banned\n|rule|HP Percentage Mod: HP is shown in percentages\n|clearpoke\n|poke|p1|Lilligant-Hisui, F|\n|poke|p1|Landorus-Therian, M|\n|poke|p1|Heatran, M|\n|poke|p1|Garchomp, M|\n|poke|p1|Hatterene, F|\n|poke|p1|Lokix, F|\n|poke|p2|Heatran, M|\n|poke|p2|Garganacl, M|\n|poke|p2|Ceruledge, F|\n|poke|p2|Clodsire, M|\n|poke|p2|Breloom, F|\n|poke|p2|Clefable, F|\n|teampreview\n|inactive|Battle timer is ON: inactive players will automatically lose when time's up. (requested by Fallrs)\n|\n|t:|1700178852\n|start\n|switch|p1a: Landorus|Landorus-Therian, M|100\/100\n|switch|p2a: Heatran|Heatran, M, shiny|100\/100\n|-ability|p1a: Landorus|Intimidate|boost\n|-unboost|p2a: Heatran|atk|1\n|-item|p2a: Heatran|Air Balloon\n|turn|1\n|\n|t:|1700178859\n|move|p1a: Landorus|Tera Blast|p2a: Heatran\n|-resisted|p2a: Heatran\n|-damage|p2a: Heatran|93\/100\n|-enditem|p2a: Heatran|Air Balloon\n|move|p2a: Heatran|Magma Storm|p1a: Landorus\n|-damage|p1a: Landorus|36\/100\n|-activate|p1a: Landorus|move: Magma Storm|[of] p2a: Heatran\n|\n|-damage|p1a: Landorus|24\/100|[from] move: Magma Storm|[partiallytrapped]\n|upkeep\n|turn|2\n|\n|t:|1700178878\n|move|p1a: Landorus|Tera Blast|p2a: Heatran\n|-resisted|p2a: Heatran\n|-damage|p2a: Heatran|87\/100\n|move|p2a: Heatran|Dark Pulse|p1a: Landorus\n|-damage|p1a: Landorus|0 fnt\n|faint|p1a: Landorus\n|\n|upkeep\n|\n|t:|1700178882\n|switch|p1a: Garchomp|Garchomp, M|100\/100\n|turn|3\n|\n|t:|1700178886\n|switch|p2a: Clodsire|Clodsire, M|100\/100\n|move|p1a: Garchomp|Swords Dance|p1a: Garchomp\n|-boost|p1a: Garchomp|atk|2\n|\n|upkeep\n|turn|4\n|\n|t:|1700178890\n|move|p1a: Garchomp|Earthquake|p2a: Clodsire\n|-supereffective|p2a: Clodsire\n|-damage|p2a: Clodsire|0 fnt\n|faint|p2a: Clodsire\n|\n|upkeep\n|\n|t:|1700178894\n|switch|p2a: Breloom|Breloom, F|100\/100\n|turn|5\n|\n|t:|1700178904\n|move|p1a: Garchomp|Scale Shot|p2a: Breloom|[miss]\n|-miss|p1a: Garchomp|p2a: Breloom\n|move|p2a: Breloom|Spore|p1a: Garchomp\n|-status|p1a: Garchomp|slp|[from] move: Spore\n|\n|-status|p2a: Breloom|tox|[from] item: Toxic Orb\n|upkeep\n|turn|6\n|\n|t:|1700178912\n|cant|p1a: Garchomp|slp\n|move|p2a: Breloom|Bulk Up|p2a: Breloom\n|-boost|p2a: Breloom|atk|1\n|-boost|p2a: Breloom|def|1\n|\n|upkeep\n|turn|7\n|\n|t:|1700178914\n|cant|p1a: Garchomp|slp\n|move|p2a: Breloom|Bulk Up|p2a: Breloom\n|-boost|p2a: Breloom|atk|1\n|-boost|p2a: Breloom|def|1\n|\n|upkeep\n|turn|8\n|\n|t:|1700178916\n|cant|p1a: Garchomp|slp\n|move|p2a: Breloom|Bulk Up|p2a: Breloom\n|-boost|p2a: Breloom|atk|1\n|-boost|p2a: Breloom|def|1\n|\n|upkeep\n|turn|9\n|\n|t:|1700178920\n|-curestatus|p1a: Garchomp|slp|[msg]\n|move|p1a: Garchomp|Scale Shot|p2a: Breloom\n|-damage|p2a: Breloom|86\/100 tox\n|-damage|p2a: Breloom|72\/100 tox\n|-damage|p2a: Breloom|58\/100 tox\n|-damage|p2a: Breloom|45\/100 tox\n|-damage|p2a: Breloom|31\/100 tox\n|-hitcount|p2a: Breloom|5\n|-unboost|p1a: Garchomp|def|1\n|-boost|p1a: Garchomp|spe|1\n|move|p2a: Breloom|Spore|p1a: Garchomp\n|-status|p1a: Garchomp|slp|[from] move: Spore\n|\n|-heal|p2a: Breloom|44\/100 tox|[from] ability: Poison Heal\n|upkeep\n|turn|10\n|\n|t:|1700178928\n|cant|p1a: Garchomp|slp\n|move|p2a: Breloom|Drain Punch|p1a: Garchomp\n|-damage|p1a: Garchomp|0 fnt\n|-heal|p2a: Breloom|100\/100 tox|[from] drain|[of] p1a: Garchomp\n|-damage|p2a: Breloom|88\/100 tox|[from] ability: Rough Skin|[of] p1a: Garchomp\n|faint|p1a: Garchomp\n|\n|-heal|p2a: Breloom|100\/100 tox|[from] ability: Poison Heal\n|upkeep\n|\n|t:|1700178936\n|switch|p1a: Hatterene|Hatterene, F|100\/100\n|turn|11\n|\n|t:|1700178940\n|-terastallize|p1a: Hatterene|Water\n|move|p2a: Breloom|Thunder Punch|p1a: Hatterene\n|-supereffective|p1a: Hatterene\n|-damage|p1a: Hatterene|0 fnt\n|faint|p1a: Hatterene\n|\n|upkeep\n|-message|Fallrs forfeited.\n|\n|win|Sensei Milia\n|raw|Fallrs's rating: 1188 &rarr; <strong>1167<\/strong><br \/>(-21 for losing)\n|raw|Sensei Milia's rating: 1249 &rarr; <strong>1270<\/strong><br \/>(+21 for winning)\n|l|\u2606Fallrs\n","uploadtime":1700178989,"views":7,"p1id":"fallrs","p2id":"senseimilia","formatid":"gen9ou","rating":1167,"private":0,"password":""}