{"id":"gen9ou-1998257607","p1":"HeavilyBlackpilled","p2":"Lialiabeast","format":"[Gen 9] OU","log":"|j|\u2606HeavilyBlackpilled\n|j|\u2606Lialiabeast\n|t:|1700920923\n|gametype|singles\n|player|p1|HeavilyBlackpilled|steven|\n|player|p2|Lialiabeast|emmet-masters|\n|teamsize|p1|6\n|teamsize|p2|6\n|gen|9\n|tier|[Gen 9] OU\n|rule|Sleep Clause Mod: Limit one foe put to sleep\n|rule|Species Clause: Limit one of each Pok\u00e9mon\n|rule|OHKO Clause: OHKO moves are banned\n|rule|Evasion Items Clause: Evasion items are banned\n|rule|Evasion Moves Clause: Evasion moves are banned\n|rule|Endless Battle Clause: Forcing endless battles is banned\n|rule|HP Percentage Mod: HP is shown in percentages\n|clearpoke\n|poke|p1|Hawlucha, F|\n|poke|p1|Rillaboom, M|\n|poke|p1|Heatran, M|\n|poke|p1|Kingambit, F|\n|poke|p1|Ogerpon-Cornerstone, F|\n|poke|p1|Dragapult, F|\n|poke|p2|Landorus-Therian, M|\n|poke|p2|Ting-Lu|\n|poke|p2|Dragapult, M|\n|poke|p2|Meowscarada, M|\n|poke|p2|Kingambit, M|\n|poke|p2|Iron Valiant|\n|teampreview\n|inactive|Battle timer is ON: inactive players will automatically lose when time's up. (requested by HeavilyBlackpilled)\n|c|\u2606Lialiabeast|hf\n|c|\u2606HeavilyBlackpilled|u2\n|inactive|HeavilyBlackpilled has 270 seconds left.\n|inactive|Lialiabeast has 270 seconds left.\n|j| pyrromanis\n|j| Lindsey Paraeah\n|\n|t:|1700920968\n|start\n|switch|p1a: Heatran|Heatran, M|100\/100\n|switch|p2a: SwimmingPools|Dragapult, M|100\/100\n|turn|1\n|\n|t:|1700920990\n|move|p2a: SwimmingPools|Shadow Ball|p1a: Heatran\n|-damage|p1a: Heatran|66\/100\n|move|p1a: Heatran|Will-O-Wisp|p2a: SwimmingPools\n|-status|p2a: SwimmingPools|brn\n|\n|-heal|p1a: Heatran|72\/100|[from] item: Leftovers\n|-damage|p2a: SwimmingPools|95\/100 brn|[from] brn\n|upkeep\n|turn|2\n|inactive|Lialiabeast has 270 seconds left.\n|inactive|HeavilyBlackpilled has 270 seconds left.\n|\n|t:|1700921026\n|move|p1a: Heatran|Protect|p1a: Heatran\n|-singleturn|p1a: Heatran|Protect\n|move|p2a: SwimmingPools|Shadow Ball|p1a: Heatran\n|-activate|p1a: Heatran|move: Protect\n|\n|-heal|p1a: Heatran|78\/100|[from] item: Leftovers\n|-damage|p2a: SwimmingPools|89\/100 brn|[from] brn\n|upkeep\n|turn|3\n|inactive|HeavilyBlackpilled has 270 seconds left.\n|\n|t:|1700921032\n|switch|p1a: Kingambit|Kingambit, F|100\/100\n|move|p2a: SwimmingPools|Shadow Ball|p1a: Kingambit\n|-resisted|p1a: Kingambit\n|-crit|p1a: Kingambit\n|-damage|p1a: Kingambit|61\/100\n|\n|-heal|p1a: Kingambit|67\/100|[from] item: Leftovers\n|-damage|p2a: SwimmingPools|83\/100 brn|[from] brn\n|upkeep\n|turn|4\n|inactive|HeavilyBlackpilled has 270 seconds left.\n|\n|t:|1700921047\n|switch|p2a: MoneyGamePt2|Ting-Lu|100\/100\n|-ability|p2a: MoneyGamePt2|Vessel of Ruin\n|-end|p1a: Kingambit|fallenundefined|[silent]\n|switch|p1a: Rillaboom|Rillaboom, M|100\/100\n|-fieldstart|move: Grassy Terrain|[from] ability: Grassy Surge|[of] p1a: Rillaboom\n|\n|upkeep\n|turn|5\n|inactive|HeavilyBlackpilled has 270 seconds left.\n|inactive|Lialiabeast has 270 seconds left.\n|j| Rigas\n|\n|t:|1700921068\n|switch|p2a: 911Mr.Lonely|Landorus-Therian, M|100\/100\n|-ability|p2a: 911Mr.Lonely|Intimidate|boost\n|-unboost|p1a: Rillaboom|atk|1\n|move|p1a: Rillaboom|U-turn|p2a: 911Mr.Lonely\n|-resisted|p2a: 911Mr.Lonely\n|-crit|p2a: 911Mr.Lonely\n|-damage|p2a: 911Mr.Lonely|80\/100\n|-damage|p1a: Rillaboom|84\/100|[from] item: Rocky Helmet|[of] p2a: 911Mr.Lonely\n|inactive|HeavilyBlackpilled has 270 seconds left.\n|inactive|HeavilyBlackpilled has 240 seconds left.\n|\n|t:|1700921105\n|switch|p1a: Dragapult|Dragapult, F|100\/100|[from] U-turn\n|\n|upkeep\n|turn|6\n|inactive|HeavilyBlackpilled has 240 seconds left.\n|inactive|Lialiabeast has 270 seconds left.\n|inactive|HeavilyBlackpilled has 210 seconds left.\n|\n|t:|1700921161\n|switch|p2a: MoneyGamePt2|Ting-Lu|100\/100\n|-ability|p2a: MoneyGamePt2|Vessel of Ruin\n|move|p1a: Dragapult|U-turn|p2a: MoneyGamePt2\n|-supereffective|p2a: MoneyGamePt2\n|-damage|p2a: MoneyGamePt2|82\/100\n|inactive|HeavilyBlackpilled has 180 seconds left.\n|\n|t:|1700921184\n|switch|p1a: Rillaboom|Rillaboom, M|84\/100|[from] U-turn\n|\n|-heal|p1a: Rillaboom|90\/100|[from] Grassy Terrain\n|-heal|p2a: MoneyGamePt2|88\/100|[from] Grassy Terrain\n|-heal|p2a: MoneyGamePt2|94\/100|[from] item: Leftovers\n|upkeep\n|turn|7\n|inactive|HeavilyBlackpilled has 180 seconds left.\n|inactive|Lialiabeast has 270 seconds left.\n|\n|t:|1700921201\n|-terastallize|p2a: MoneyGamePt2|Poison\n|move|p1a: Rillaboom|Wood Hammer|p2a: MoneyGamePt2\n|-resisted|p2a: MoneyGamePt2\n|-damage|p2a: MoneyGamePt2|61\/100\n|-damage|p1a: Rillaboom|74\/100|[from] Recoil\n|move|p2a: MoneyGamePt2|Spikes|p1a: Rillaboom\n|-sidestart|p1: HeavilyBlackpilled|Spikes\n|\n|-heal|p1a: Rillaboom|80\/100|[from] Grassy Terrain\n|-heal|p2a: MoneyGamePt2|67\/100|[from] Grassy Terrain\n|-heal|p2a: MoneyGamePt2|73\/100|[from] item: Leftovers\n|upkeep\n|turn|8\n|inactive|HeavilyBlackpilled has 180 seconds left.\n|\n|t:|1700921221\n|switch|p1a: Heatran|Heatran, M|78\/100\n|-damage|p1a: Heatran|66\/100|[from] Spikes\n|move|p2a: MoneyGamePt2|Spikes|p1a: Heatran\n|-sidestart|p1: HeavilyBlackpilled|Spikes\n|\n|-heal|p1a: Heatran|72\/100|[from] Grassy Terrain\n|-heal|p1a: Heatran|78\/100|[from] item: Leftovers\n|-heal|p2a: MoneyGamePt2|80\/100|[from] Grassy Terrain\n|-heal|p2a: MoneyGamePt2|86\/100|[from] item: Leftovers\n|-fieldend|move: Grassy Terrain\n|upkeep\n|turn|9\n|\n|t:|1700921228\n|switch|p1a: Rillaboom|Rillaboom, M|80\/100\n|-damage|p1a: Rillaboom|64\/100|[from] Spikes\n|-fieldstart|move: Grassy Terrain|[from] ability: Grassy Surge|[of] p1a: Rillaboom\n|move|p2a: MoneyGamePt2|Earthquake|p1a: Rillaboom\n|-resisted|p1a: Rillaboom\n|-damage|p1a: Rillaboom|52\/100\n|\n|-heal|p1a: Rillaboom|59\/100|[from] Grassy Terrain\n|-heal|p2a: MoneyGamePt2|92\/100|[from] Grassy Terrain\n|-heal|p2a: MoneyGamePt2|98\/100|[from] item: Leftovers\n|upkeep\n|turn|10\n|\n|t:|1700921233\n|move|p1a: Rillaboom|U-turn|p2a: MoneyGamePt2\n|-resisted|p2a: MoneyGamePt2\n|-damage|p2a: MoneyGamePt2|87\/100\n|\n|t:|1700921237\n|switch|p1a: Hawlucha|Hawlucha, F|100\/100|[from] U-turn\n|-enditem|p1a: Hawlucha|Grassy Seed\n|-boost|p1a: Hawlucha|def|1|[from] item: Grassy Seed\n|move|p2a: MoneyGamePt2|Ruination|p1a: Hawlucha\n|-damage|p1a: Hawlucha|51\/100\n|\n|-heal|p2a: MoneyGamePt2|93\/100|[from] Grassy Terrain\n|-heal|p2a: MoneyGamePt2|99\/100|[from] item: Leftovers\n|upkeep\n|turn|11\n|inactive|HeavilyBlackpilled has 180 seconds left.\n|\n|t:|1700921269\n|move|p1a: Hawlucha|Acrobatics|p2a: MoneyGamePt2\n|-damage|p2a: MoneyGamePt2|71\/100\n|move|p2a: MoneyGamePt2|Whirlwind|p1a: Hawlucha\n|drag|p1a: Ogerpon|Ogerpon-Cornerstone, F|100\/100\n|-damage|p1a: Ogerpon|84\/100|[from] Spikes\n|\n|-heal|p1a: Ogerpon|90\/100|[from] Grassy Terrain\n|-heal|p2a: MoneyGamePt2|78\/100|[from] Grassy Terrain\n|-heal|p2a: MoneyGamePt2|84\/100|[from] item: Leftovers\n|upkeep\n|turn|12\n|inactive|HeavilyBlackpilled has 150 seconds left.\n|\n|t:|1700921295\n|move|p1a: Ogerpon|Ivy Cudgel|p2a: MoneyGamePt2|[anim] Ivy Cudgel Rock\n|-damage|p2a: MoneyGamePt2|49\/100\n|move|p2a: MoneyGamePt2|Spikes|p1a: Ogerpon\n|-sidestart|p1: HeavilyBlackpilled|Spikes\n|\n|-heal|p1a: Ogerpon|96\/100|[from] Grassy Terrain\n|-heal|p2a: MoneyGamePt2|55\/100|[from] Grassy Terrain\n|-heal|p2a: MoneyGamePt2|62\/100|[from] item: Leftovers\n|upkeep\n|turn|13\n|\n|t:|1700921305\n|switch|p2a: 911Mr.Lonely|Landorus-Therian, M|80\/100\n|-ability|p2a: 911Mr.Lonely|Intimidate|boost\n|-unboost|p1a: Ogerpon|atk|1\n|move|p1a: Ogerpon|Ivy Cudgel|p2a: 911Mr.Lonely|[anim] Ivy Cudgel Rock\n|-crit|p2a: 911Mr.Lonely\n|-damage|p2a: 911Mr.Lonely|14\/100\n|\n|-heal|p1a: Ogerpon|100\/100|[from] Grassy Terrain\n|-fieldend|move: Grassy Terrain\n|upkeep\n|turn|14\n|inactive|HeavilyBlackpilled has 150 seconds left.\n|inactive|Lialiabeast has 270 seconds left.\n|\n|t:|1700921350\n|move|p1a: Ogerpon|Ivy Cudgel|p2a: 911Mr.Lonely|[anim] Ivy Cudgel Rock\n|-damage|p2a: 911Mr.Lonely|0 fnt\n|faint|p2a: 911Mr.Lonely\n|\n|upkeep\n|\n|t:|1700921359\n|switch|p2a: SwimmingPools|Dragapult, M|83\/100 brn\n|turn|15\n|inactive|HeavilyBlackpilled has 150 seconds left.\n|\n|t:|1700921394\n|switch|p1a: Heatran|Heatran, M|78\/100\n|-damage|p1a: Heatran|54\/100|[from] Spikes\n|move|p2a: SwimmingPools|Draco Meteor|p1a: Heatran\n|-resisted|p1a: Heatran\n|-damage|p1a: Heatran|26\/100\n|-unboost|p2a: SwimmingPools|spa|2\n|\n|-heal|p1a: Heatran|32\/100|[from] item: Leftovers\n|-damage|p2a: SwimmingPools|77\/100 brn|[from] brn\n|upkeep\n|turn|16\n|\n|t:|1700921407\n|switch|p2a: MoneyGamePt2|Ting-Lu, tera:Poison|62\/100\n|-ability|p2a: MoneyGamePt2|Vessel of Ruin\n|move|p1a: Heatran|Magma Storm|p2a: MoneyGamePt2|[miss]\n|-miss|p1a: Heatran|p2a: MoneyGamePt2\n|\n|-heal|p1a: Heatran|38\/100|[from] item: Leftovers\n|-heal|p2a: MoneyGamePt2|68\/100|[from] item: Leftovers\n|upkeep\n|turn|17\n|\n|t:|1700921415\n|move|p1a: Heatran|Protect|p1a: Heatran\n|-singleturn|p1a: Heatran|Protect\n|move|p2a: MoneyGamePt2|Earthquake|p1a: Heatran\n|-activate|p1a: Heatran|move: Protect\n|\n|-heal|p1a: Heatran|45\/100|[from] item: Leftovers\n|-heal|p2a: MoneyGamePt2|74\/100|[from] item: Leftovers\n|upkeep\n|turn|18\n|\n|t:|1700921427\n|switch|p1a: Hawlucha|Hawlucha, F|51\/100\n|move|p2a: MoneyGamePt2|Earthquake|p1a: Hawlucha\n|-immune|p1a: Hawlucha\n|\n|-heal|p2a: MoneyGamePt2|80\/100|[from] item: Leftovers\n|upkeep\n|turn|19\n|\n|t:|1700921440\n|move|p1a: Hawlucha|Acrobatics|p2a: MoneyGamePt2\n|-damage|p2a: MoneyGamePt2|53\/100\n|move|p2a: MoneyGamePt2|Whirlwind|p1a: Hawlucha\n|drag|p1a: Rillaboom|Rillaboom, M|59\/100\n|-damage|p1a: Rillaboom|34\/100|[from] Spikes\n|-fieldstart|move: Grassy Terrain|[from] ability: Grassy Surge|[of] p1a: Rillaboom\n|\n|-heal|p1a: Rillaboom|40\/100|[from] Grassy Terrain\n|-heal|p2a: MoneyGamePt2|59\/100|[from] Grassy Terrain\n|-heal|p2a: MoneyGamePt2|65\/100|[from] item: Leftovers\n|upkeep\n|turn|20\n|\n|t:|1700921457\n|move|p1a: Rillaboom|Knock Off|p2a: MoneyGamePt2\n|-damage|p2a: MoneyGamePt2|37\/100\n|-enditem|p2a: MoneyGamePt2|Leftovers|[from] move: Knock Off|[of] p1a: Rillaboom\n|move|p2a: MoneyGamePt2|Whirlwind|p1a: Rillaboom\n|drag|p1a: Dragapult|Dragapult, F|100\/100\n|-damage|p1a: Dragapult|76\/100|[from] Spikes\n|\n|-heal|p1a: Dragapult|82\/100|[from] Grassy Terrain\n|-heal|p2a: MoneyGamePt2|43\/100|[from] Grassy Terrain\n|upkeep\n|turn|21\n|inactive|HeavilyBlackpilled has 120 seconds left.\n|\n|t:|1700921495\n|switch|p2a: WOLF|Kingambit, M|100\/100\n|-activate|p2a: WOLF|ability: Supreme Overlord\n|-start|p2a: WOLF|fallen1|[silent]\n|move|p1a: Dragapult|Shadow Ball|p2a: WOLF\n|-resisted|p2a: WOLF\n|-damage|p2a: WOLF|77\/100\n|\n|-heal|p1a: Dragapult|88\/100|[from] Grassy Terrain\n|-heal|p2a: WOLF|83\/100|[from] Grassy Terrain\n|-heal|p2a: WOLF|90\/100|[from] item: Leftovers\n|upkeep\n|turn|22\n|\n|t:|1700921506\n|switch|p1a: Hawlucha|Hawlucha, F|51\/100\n|move|p2a: WOLF|Kowtow Cleave|p1a: Hawlucha\n|-resisted|p1a: Hawlucha\n|-damage|p1a: Hawlucha|10\/100\n|\n|-heal|p2a: WOLF|96\/100|[from] Grassy Terrain\n|-heal|p2a: WOLF|100\/100|[from] item: Leftovers\n|upkeep\n|turn|23\n|inactive|HeavilyBlackpilled has 90 seconds left.\n|\n|t:|1700921538\n|move|p2a: WOLF|Sucker Punch|p1a: Hawlucha\n|-resisted|p1a: Hawlucha\n|-damage|p1a: Hawlucha|0 fnt\n|faint|p1a: Hawlucha\n|\n|-fieldend|move: Grassy Terrain\n|upkeep\n|inactive|HeavilyBlackpilled has 60 seconds left.\n|\n|t:|1700921577\n|switch|p1a: Ogerpon|Ogerpon-Cornerstone, F|100\/100\n|-damage|p1a: Ogerpon|76\/100|[from] Spikes\n|turn|24\n|inactive|HeavilyBlackpilled has 60 seconds left.\n|l| Lindsey Paraeah\n|inactive|Lialiabeast has 270 seconds left.\n|\n|t:|1700921612\n|-end|p2a: WOLF|fallen1|[silent]\n|switch|p2a: SwimmingPools|Dragapult, M|77\/100 brn\n|move|p1a: Ogerpon|Low Kick|p2a: SwimmingPools\n|-immune|p2a: SwimmingPools\n|\n|-damage|p2a: SwimmingPools|71\/100 brn|[from] brn\n|upkeep\n|turn|25\n|\n|t:|1700921636\n|switch|p1a: Heatran|Heatran, M|45\/100\n|-damage|p1a: Heatran|20\/100|[from] Spikes\n|move|p2a: SwimmingPools|Draco Meteor|p1a: Heatran\n|-resisted|p1a: Heatran\n|-damage|p1a: Heatran|0 fnt\n|-unboost|p2a: SwimmingPools|spa|2\n|faint|p1a: Heatran\n|\n|-damage|p2a: SwimmingPools|65\/100 brn|[from] brn\n|upkeep\n|inactive|HeavilyBlackpilled has 30 seconds left.\n|\n|t:|1700921653\n|switch|p1a: Kingambit|Kingambit, F|67\/100\n|-damage|p1a: Kingambit|42\/100|[from] Spikes\n|-activate|p1a: Kingambit|ability: Supreme Overlord\n|-start|p1a: Kingambit|fallen2|[silent]\n|turn|26\n|inactive|HeavilyBlackpilled has 30 seconds left.\n|\n|t:|1700921664\n|switch|p2a: WOLF|Kingambit, M|100\/100\n|-activate|p2a: WOLF|ability: Supreme Overlord\n|-start|p2a: WOLF|fallen1|[silent]\n|move|p1a: Kingambit|Swords Dance|p1a: Kingambit\n|-boost|p1a: Kingambit|atk|2\n|\n|-heal|p1a: Kingambit|49\/100|[from] item: Leftovers\n|upkeep\n|turn|27\n|inactive|HeavilyBlackpilled has 30 seconds left.\n|inactive|HeavilyBlackpilled has 20 seconds left.\n|inactive|HeavilyBlackpilled has 15 seconds left.\n|inactive|HeavilyBlackpilled has 10 seconds left.\n|inactive|HeavilyBlackpilled has 5 seconds left.\n|\n|t:|1700921704\n|move|p1a: Kingambit|Tera Blast|p2a: WOLF\n|-resisted|p2a: WOLF\n|-damage|p2a: WOLF|94\/100\n|move|p2a: WOLF|Kowtow Cleave|p1a: Kingambit\n|-resisted|p1a: Kingambit\n|-damage|p1a: Kingambit|28\/100\n|\n|-heal|p1a: Kingambit|34\/100|[from] item: Leftovers\n|-heal|p2a: WOLF|99\/100|[from] item: Leftovers\n|upkeep\n|turn|28\n|inactive|HeavilyBlackpilled has 15 seconds left this turn.\n|inactive|HeavilyBlackpilled has 10 seconds left.\n|\n|t:|1700921711\n|-terastallize|p1a: Kingambit|Fairy\n|move|p1a: Kingambit|Tera Blast|p2a: WOLF|[anim] Tera Blast Fairy\n|-damage|p2a: WOLF|13\/100\n|move|p2a: WOLF|Kowtow Cleave|p1a: Kingambit\n|-resisted|p1a: Kingambit\n|-damage|p1a: Kingambit|12\/100\n|\n|-heal|p1a: Kingambit|18\/100|[from] item: Leftovers\n|-heal|p2a: WOLF|19\/100|[from] item: Leftovers\n|upkeep\n|turn|29\n|inactive|HeavilyBlackpilled has 20 seconds left this turn.\n|\n|t:|1700921716\n|move|p1a: Kingambit|Sucker Punch|p2a: WOLF\n|-resisted|p2a: WOLF\n|-damage|p2a: WOLF|0 fnt\n|faint|p2a: WOLF\n|-end|p2a: WOLF|fallen1|[silent]\n|\n|-heal|p1a: Kingambit|24\/100|[from] item: Leftovers\n|upkeep\n|inactive|HeavilyBlackpilled has 25 seconds left this turn.\n|\n|t:|1700921719\n|switch|p2a: GONEGONETHANKYOU|Iron Valiant|100\/100\n|-enditem|p2a: GONEGONETHANKYOU|Booster Energy\n|-activate|p2a: GONEGONETHANKYOU|ability: Quark Drive|[fromitem]\n|-start|p2a: GONEGONETHANKYOU|quarkdrivespe\n|turn|30\n|inactive|HeavilyBlackpilled has 30 seconds left.\n|\n|t:|1700921731\n|move|p1a: Kingambit|Sucker Punch|p2a: GONEGONETHANKYOU\n|-resisted|p2a: GONEGONETHANKYOU\n|-damage|p2a: GONEGONETHANKYOU|70\/100\n|move|p2a: GONEGONETHANKYOU|Moonblast|p1a: Kingambit\n|-damage|p1a: Kingambit|0 fnt\n|faint|p1a: Kingambit\n|-end|p1a: Kingambit|fallen2|[silent]\n|\n|upkeep\n|inactive|HeavilyBlackpilled has 30 seconds left this turn.\n|\n|t:|1700921736\n|switch|p1a: Dragapult|Dragapult, F|88\/100\n|-damage|p1a: Dragapult|63\/100|[from] Spikes\n|turn|31\n|inactive|HeavilyBlackpilled has 30 seconds left.\n|inactive|HeavilyBlackpilled has 20 seconds left.\n|\n|t:|1700921753\n|switch|p1a: Ogerpon|Ogerpon-Cornerstone, F|76\/100\n|-damage|p1a: Ogerpon|51\/100|[from] Spikes\n|move|p2a: GONEGONETHANKYOU|Moonblast|p1a: Ogerpon\n|-damage|p1a: Ogerpon|0 fnt\n|faint|p1a: Ogerpon\n|\n|upkeep\n|inactive|HeavilyBlackpilled has 25 seconds left this turn.\n|inactive|HeavilyBlackpilled has 20 seconds left.\n|\n|t:|1700921759\n|switch|p1a: Rillaboom|Rillaboom, M|40\/100\n|-damage|p1a: Rillaboom|15\/100|[from] Spikes\n|-fieldstart|move: Grassy Terrain|[from] ability: Grassy Surge|[of] p1a: Rillaboom\n|turn|32\n|inactive|HeavilyBlackpilled has 30 seconds left this turn.\n|\n|t:|1700921771\n|move|p1a: Rillaboom|Grassy Glide|p2a: GONEGONETHANKYOU\n|-damage|p2a: GONEGONETHANKYOU|0 fnt\n|faint|p2a: GONEGONETHANKYOU\n|-end|p2a: GONEGONETHANKYOU|Quark Drive|[silent]\n|\n|-heal|p1a: Rillaboom|21\/100|[from] Grassy Terrain\n|upkeep\n|inactive|HeavilyBlackpilled has 30 seconds left this turn.\n|\n|t:|1700921776\n|switch|p2a: SwimmingPools|Dragapult, M|65\/100 brn\n|turn|33\n|inactive|HeavilyBlackpilled has 30 seconds left.\n|\n|t:|1700921789\n|move|p1a: Rillaboom|Grassy Glide|p2a: SwimmingPools\n|-resisted|p2a: SwimmingPools\n|-damage|p2a: SwimmingPools|23\/100 brn\n|move|p2a: SwimmingPools|Shadow Ball|p1a: Rillaboom\n|-damage|p1a: Rillaboom|0 fnt\n|faint|p1a: Rillaboom\n|\n|-heal|p2a: SwimmingPools|29\/100 brn|[from] Grassy Terrain\n|-damage|p2a: SwimmingPools|23\/100 brn|[from] brn\n|upkeep\n|inactive|HeavilyBlackpilled has 30 seconds left.\n|\n|t:|1700921794\n|switch|p1a: Dragapult|Dragapult, F|63\/100\n|-damage|p1a: Dragapult|38\/100|[from] Spikes\n|turn|34\n|inactive|HeavilyBlackpilled has 30 seconds left.\n|inactive|HeavilyBlackpilled has 20 seconds left.\n|\n|t:|1700921816\n|move|p2a: SwimmingPools|Shadow Ball|p1a: Dragapult\n|-supereffective|p1a: Dragapult\n|-damage|p1a: Dragapult|0 fnt\n|faint|p1a: Dragapult\n|\n|win|Lialiabeast\n|inactive|HeavilyBlackpilled has 25 seconds left this turn.\n|c|\u2606Lialiabeast|gg\n|c|\u2606HeavilyBlackpilled|gg\n|l|\u2606HeavilyBlackpilled\n|l| Rigas\n|j| Rigas\n|l| Rigas\n|l| pyrromanis\n|l|\u2606Lialiabeast\n|j|\u2606Lialiabeast\n|player|p2|Lialiabeast|emmet-masters\n","uploadtime":1700923824,"views":7,"p1id":"heavilyblackpilled","p2id":"lialiabeast","formatid":"gen9ou","rating":0,"private":0,"password":""}