{"id":"gen9ou-1988647568","p1":"kdkk45","p2":"Morgan23","format":"[Gen 9] OU","log":"|j|\u2606kdkk45\n|j|\u2606Morgan23\n|t:|1699745938\n|gametype|singles\n|player|p1|kdkk45|hugh|1151\n|player|p2|Morgan23|266|1197\n|teamsize|p1|6\n|teamsize|p2|6\n|gen|9\n|tier|[Gen 9] OU\n|rated|\n|rule|Sleep Clause Mod: Limit one foe put to sleep\n|rule|Species Clause: Limit one of each Pok\u00e9mon\n|rule|OHKO Clause: OHKO moves are banned\n|rule|Evasion Items Clause: Evasion items are banned\n|rule|Evasion Moves Clause: Evasion moves are banned\n|rule|Endless Battle Clause: Forcing endless battles is banned\n|rule|HP Percentage Mod: HP is shown in percentages\n|clearpoke\n|poke|p1|Garganacl, F|\n|poke|p1|Dragapult, F|\n|poke|p1|Gliscor, M|\n|poke|p1|Heatran, F|\n|poke|p1|Great Tusk|\n|poke|p1|Mudsdale, M|\n|poke|p2|Gliscor, F|\n|poke|p2|Mandibuzz, F|\n|poke|p2|Rotom-Wash|\n|poke|p2|Great Tusk|\n|poke|p2|Samurott-Hisui, F|\n|poke|p2|Dragapult, F|\n|teampreview\n|\n|t:|1699745945\n|start\n|switch|p1a: Mudsdale|Mudsdale, M|100\/100\n|switch|p2a: Mandibuzz|Mandibuzz, F|100\/100\n|turn|1\n|\n|t:|1699745962\n|move|p2a: Mandibuzz|Toxic|p1a: Mudsdale\n|-status|p1a: Mudsdale|tox\n|move|p1a: Mudsdale|Body Press|p2a: Mandibuzz\n|-damage|p2a: Mandibuzz|87\/100\n|\n|-damage|p1a: Mudsdale|94\/100 tox|[from] psn\n|upkeep\n|turn|2\n|\n|t:|1699745970\n|move|p2a: Mandibuzz|Knock Off|p1a: Mudsdale\n|-crit|p1a: Mudsdale\n|-damage|p1a: Mudsdale|70\/100 tox\n|-ability|p1a: Mudsdale|Stamina|boost\n|-boost|p1a: Mudsdale|def|1\n|-enditem|p1a: Mudsdale|Leftovers|[from] move: Knock Off|[of] p2a: Mandibuzz\n|move|p1a: Mudsdale|Body Press|p2a: Mandibuzz\n|-damage|p2a: Mandibuzz|68\/100\n|\n|-damage|p1a: Mudsdale|58\/100 tox|[from] psn\n|upkeep\n|turn|3\n|\n|t:|1699745980\n|move|p2a: Mandibuzz|Roost|p2a: Mandibuzz\n|-heal|p2a: Mandibuzz|100\/100\n|-singleturn|p2a: Mandibuzz|move: Roost\n|move|p1a: Mudsdale|Body Press|p2a: Mandibuzz\n|-supereffective|p2a: Mandibuzz\n|-damage|p2a: Mandibuzz|56\/100\n|\n|-damage|p1a: Mudsdale|39\/100 tox|[from] psn\n|upkeep\n|turn|4\n|\n|t:|1699745989\n|switch|p2a: Gliscor|Gliscor, F|100\/100\n|move|p1a: Mudsdale|Rest|p1a: Mudsdale\n|-status|p1a: Mudsdale|slp|[from] move: Rest\n|-heal|p1a: Mudsdale|100\/100 slp|[silent]\n|\n|-status|p2a: Gliscor|tox|[from] item: Toxic Orb\n|upkeep\n|turn|5\n|\n|t:|1699746000\n|switch|p1a: Dragapult|Dragapult, F|100\/100\n|move|p2a: Gliscor|Spikes|p1a: Dragapult\n|-sidestart|p1: kdkk45|Spikes\n|\n|upkeep\n|turn|6\n|\n|t:|1699746016\n|-terastallize|p2a: Gliscor|Water\n|move|p1a: Dragapult|Draco Meteor|p2a: Gliscor\n|-damage|p2a: Gliscor|10\/100 tox\n|-unboost|p1a: Dragapult|spa|2\n|move|p2a: Gliscor|Spikes|p1a: Dragapult\n|-sidestart|p1: kdkk45|Spikes\n|\n|-heal|p2a: Gliscor|23\/100 tox|[from] ability: Poison Heal\n|upkeep\n|turn|7\n|\n|t:|1699746024\n|move|p2a: Gliscor|Protect|p2a: Gliscor\n|-singleturn|p2a: Gliscor|Protect\n|move|p1a: Dragapult|Draco Meteor|p2a: Gliscor\n|-activate|p2a: Gliscor|move: Protect\n|\n|-heal|p2a: Gliscor|35\/100 tox|[from] ability: Poison Heal\n|upkeep\n|turn|8\n|\n|t:|1699746033\n|switch|p2a: Mandibuzz|Mandibuzz, F|56\/100\n|move|p1a: Dragapult|Draco Meteor|p2a: Mandibuzz\n|-damage|p2a: Mandibuzz|16\/100\n|-unboost|p1a: Dragapult|spa|2\n|\n|upkeep\n|turn|9\n|\n|t:|1699746040\n|move|p1a: Dragapult|Draco Meteor|p2a: Mandibuzz\n|-damage|p2a: Mandibuzz|0 fnt\n|-unboost|p1a: Dragapult|spa|2\n|faint|p2a: Mandibuzz\n|\n|upkeep\n|\n|t:|1699746046\n|switch|p2a: Gliscor|Gliscor, F, tera:Water|35\/100 tox\n|turn|10\n|\n|t:|1699746050\n|move|p2a: Gliscor|Protect|p2a: Gliscor\n|-singleturn|p2a: Gliscor|Protect\n|move|p1a: Dragapult|Draco Meteor|p2a: Gliscor\n|-activate|p2a: Gliscor|move: Protect\n|\n|-heal|p2a: Gliscor|48\/100 tox|[from] ability: Poison Heal\n|upkeep\n|turn|11\n|\n|t:|1699746059\n|switch|p1a: Mudsdale|Mudsdale, M|100\/100 slp\n|-damage|p1a: Mudsdale|84\/100 slp|[from] Spikes\n|move|p2a: Gliscor|Toxic||[still]\n|-fail|p2a: Gliscor\n|\n|-heal|p2a: Gliscor|60\/100 tox|[from] ability: Poison Heal\n|upkeep\n|turn|12\n|\n|t:|1699746067\n|move|p2a: Gliscor|Spikes|p1a: Mudsdale\n|-sidestart|p1: kdkk45|Spikes\n|cant|p1a: Mudsdale|slp\n|\n|-heal|p2a: Gliscor|73\/100 tox|[from] ability: Poison Heal\n|upkeep\n|turn|13\n|\n|t:|1699746080\n|move|p2a: Gliscor|Spikes||[still]\n|-fail|p2a: Gliscor\n|cant|p1a: Mudsdale|slp\n|\n|-heal|p2a: Gliscor|85\/100 tox|[from] ability: Poison Heal\n|upkeep\n|turn|14\n|\n|t:|1699746093\n|switch|p2a: Rotom|Rotom-Wash|100\/100\n|-curestatus|p1a: Mudsdale|slp|[msg]\n|move|p1a: Mudsdale|Body Press|p2a: Rotom\n|-damage|p2a: Rotom|75\/100\n|\n|-heal|p2a: Rotom|82\/100|[from] item: Leftovers\n|upkeep\n|turn|15\n|\n|t:|1699746102\n|move|p2a: Rotom|Hydro Pump|p1a: Mudsdale\n|-supereffective|p1a: Mudsdale\n|-damage|p1a: Mudsdale|11\/100\n|-ability|p1a: Mudsdale|Stamina|boost\n|-boost|p1a: Mudsdale|def|1\n|move|p1a: Mudsdale|Earthquake|p2a: Rotom\n|-immune|p2a: Rotom|[from] ability: Levitate\n|\n|-heal|p2a: Rotom|88\/100|[from] item: Leftovers\n|upkeep\n|turn|16\n|\n|t:|1699746113\n|move|p2a: Rotom|Hydro Pump|p1a: Mudsdale\n|-supereffective|p1a: Mudsdale\n|-damage|p1a: Mudsdale|0 fnt\n|faint|p1a: Mudsdale\n|\n|-heal|p2a: Rotom|94\/100|[from] item: Leftovers\n|upkeep\n|\n|t:|1699746124\n|switch|p1a: Dragapult|Dragapult, F|100\/100\n|-damage|p1a: Dragapult|76\/100|[from] Spikes\n|turn|17\n|\n|t:|1699746130\n|move|p2a: Rotom|Protect|p2a: Rotom\n|-singleturn|p2a: Rotom|Protect\n|move|p1a: Dragapult|Draco Meteor|p2a: Rotom\n|-activate|p2a: Rotom|move: Protect\n|\n|-heal|p2a: Rotom|100\/100|[from] item: Leftovers\n|upkeep\n|turn|18\n|\n|t:|1699746141\n|move|p1a: Dragapult|Draco Meteor|p2a: Rotom\n|-damage|p2a: Rotom|29\/100\n|-unboost|p1a: Dragapult|spa|2\n|move|p2a: Rotom|Volt Switch|p1a: Dragapult\n|-resisted|p1a: Dragapult\n|-damage|p1a: Dragapult|59\/100\n|\n|t:|1699746152\n|switch|p2a: Great Tusk|Great Tusk|100\/100|[from] Volt Switch\n|\n|upkeep\n|turn|19\n|\n|t:|1699746158\n|switch|p1a: Gliscor|Gliscor, M|100\/100\n|move|p2a: Great Tusk|Knock Off|p1a: Gliscor\n|-damage|p1a: Gliscor|79\/100\n|-enditem|p1a: Gliscor|Toxic Orb|[from] move: Knock Off|[of] p2a: Great Tusk\n|\n|upkeep\n|turn|20\n|\n|t:|1699746165\n|-end|p2a: Great Tusk|Protosynthesis|[silent]\n|switch|p2a: Gliscor|Gliscor, F, tera:Water|85\/100 tox\n|move|p1a: Gliscor|Swords Dance|p1a: Gliscor\n|-boost|p1a: Gliscor|atk|2\n|\n|-heal|p2a: Gliscor|97\/100 tox|[from] ability: Poison Heal\n|upkeep\n|turn|21\n|c|\u2606Morgan23|I'll be nice to you lol\n|\n|t:|1699746192\n|move|p1a: Gliscor|Swords Dance|p1a: Gliscor\n|-boost|p1a: Gliscor|atk|2\n|move|p2a: Gliscor|Toxic|p1a: Gliscor\n|-status|p1a: Gliscor|tox\n|\n|-heal|p1a: Gliscor|92\/100 tox|[from] ability: Poison Heal\n|-heal|p2a: Gliscor|100\/100 tox|[from] ability: Poison Heal\n|upkeep\n|turn|22\n|c|\u2606Morgan23|Im going to murder you still\n|n|\u203dMorgan23|morgan23\n|c|&|\/log Morgan23 was locked from talking by Artemis. (\u2606Morgan23: Im going to murder you still)\n|c|&|\/raw <small>This action was done automatically. Want to learn more about the AI? <a href=\"https:\/\/www.smogon.com\/forums\/threads\/3570628\/#post-9056769\">Visit the information thread<\/a>.<\/small>\n|j|@ken\n|l|@ken\n|-message|Morgan23 forfeited.\n|\n|win|kdkk45\n|raw|kdkk45's rating: 1151 &rarr; <strong>1179<\/strong><br \/>(+28 for winning)\n|raw|Morgan23's rating: 1197 &rarr; <strong>1169<\/strong><br \/>(-28 for losing)\n","uploadtime":1699746214,"views":10,"p1id":"kdkk45","p2id":"morgan23","formatid":"gen9ou","rating":1169,"private":0,"password":""}