{"id":"gen9ou-1995126155","p1":"Toasteduck","p2":"420 meme 69","format":"[Gen 9] OU","log":"|j|\u2606Toasteduck\n|j|\u2606420 meme 69\n|t:|1700525449\n|gametype|singles\n|player|p1|Toasteduck|2|1794\n|player|p2|420 meme 69|266|1769\n|teamsize|p1|6\n|teamsize|p2|6\n|gen|9\n|tier|[Gen 9] OU\n|rated|\n|rule|Sleep Clause Mod: Limit one foe put to sleep\n|rule|Species Clause: Limit one of each Pok\u00e9mon\n|rule|OHKO Clause: OHKO moves are banned\n|rule|Evasion Items Clause: Evasion items are banned\n|rule|Evasion Moves Clause: Evasion moves are banned\n|rule|Endless Battle Clause: Forcing endless battles is banned\n|rule|HP Percentage Mod: HP is shown in percentages\n|clearpoke\n|poke|p1|Garganacl, M|\n|poke|p1|Great Tusk|\n|poke|p1|Hatterene, F|\n|poke|p1|Rillaboom, F|\n|poke|p1|Zapdos|\n|poke|p1|Goodra-Hisui, F|\n|poke|p2|Ting-Lu|\n|poke|p2|Garganacl, F|\n|poke|p2|Toxapex, M|\n|poke|p2|Tornadus-Therian, M|\n|poke|p2|Kommo-o, F|\n|poke|p2|Gholdengo|\n|teampreview\n|\n|t:|1700525465\n|start\n|switch|p1a: Zapdos|Zapdos|100\/100\n|switch|p2a: Tornadus|Tornadus-Therian, M|100\/100\n|turn|1\n|inactive|Battle timer is ON: inactive players will automatically lose when time's up. (requested by 420 meme 69)\n|\n|t:|1700525469\n|move|p2a: Tornadus|Knock Off|p1a: Zapdos\n|-damage|p1a: Zapdos|74\/100\n|-enditem|p1a: Zapdos|Heavy-Duty Boots|[from] move: Knock Off|[of] p2a: Tornadus\n|move|p1a: Zapdos|U-turn|p2a: Tornadus\n|-resisted|p2a: Tornadus\n|-damage|p2a: Tornadus|91\/100\n|\n|t:|1700525475\n|switch|p1a: Garganacl|Garganacl, M|100\/100|[from] U-turn\n|\n|upkeep\n|turn|2\n|\n|t:|1700525477\n|move|p2a: Tornadus|Knock Off|p1a: Garganacl\n|-damage|p1a: Garganacl|89\/100\n|-enditem|p1a: Garganacl|Leftovers|[from] move: Knock Off|[of] p2a: Tornadus\n|move|p1a: Garganacl|Salt Cure|p2a: Tornadus\n|-supereffective|p2a: Tornadus\n|-damage|p2a: Tornadus|46\/100\n|-start|p2a: Tornadus|Salt Cure\n|\n|-damage|p2a: Tornadus|34\/100|[from] Salt Cure\n|upkeep\n|turn|3\n|\n|t:|1700525480\n|move|p2a: Tornadus|U-turn|p1a: Garganacl\n|-damage|p1a: Garganacl|80\/100\n|\n|t:|1700525482\n|switch|p2a: Ting-Lu|Ting-Lu|100\/100|[from] U-turn\n|-ability|p2a: Ting-Lu|Vessel of Ruin\n|move|p1a: Garganacl|Salt Cure|p2a: Ting-Lu\n|-resisted|p2a: Ting-Lu\n|-damage|p2a: Ting-Lu|96\/100\n|-start|p2a: Ting-Lu|Salt Cure\n|\n|-heal|p2a: Ting-Lu|100\/100|[from] item: Leftovers\n|-damage|p2a: Ting-Lu|88\/100|[from] Salt Cure\n|upkeep\n|turn|4\n|\n|t:|1700525485\n|switch|p1a: Hatterene|Hatterene, F|100\/100\n|move|p2a: Ting-Lu|Spikes|p1a: Hatterene\n|move|p1a: Hatterene|Spikes|p2a: Ting-Lu|[from]ability: Magic Bounce\n|-sidestart|p2: 420 meme 69|Spikes\n|\n|-heal|p2a: Ting-Lu|94\/100|[from] item: Leftovers\n|-damage|p2a: Ting-Lu|82\/100|[from] Salt Cure\n|upkeep\n|turn|5\n|\n|t:|1700525487\n|move|p2a: Ting-Lu|Heavy Slam|p1a: Hatterene\n|-supereffective|p1a: Hatterene\n|-damage|p1a: Hatterene|34\/100\n|move|p1a: Hatterene|Draining Kiss|p2a: Ting-Lu\n|-supereffective|p2a: Ting-Lu\n|-damage|p2a: Ting-Lu|43\/100\n|-heal|p1a: Hatterene|81\/100|[from] drain|[of] p2a: Ting-Lu\n|\n|-heal|p2a: Ting-Lu|50\/100|[from] item: Leftovers\n|-damage|p2a: Ting-Lu|37\/100|[from] Salt Cure\n|upkeep\n|turn|6\n|\n|t:|1700525492\n|switch|p2a: Gholdengo|Gholdengo, shiny|100\/100\n|-damage|p2a: Gholdengo|88\/100|[from] Spikes\n|switch|p1a: Zapdos|Zapdos|74\/100\n|\n|-heal|p2a: Gholdengo|94\/100|[from] item: Leftovers\n|upkeep\n|turn|7\n|\n|t:|1700525496\n|move|p1a: Zapdos|Discharge|p2a: Gholdengo\n|-damage|p2a: Gholdengo|53\/100\n|-status|p2a: Gholdengo|par\n|move|p2a: Gholdengo|Recover|p2a: Gholdengo\n|-heal|p2a: Gholdengo|100\/100 par\n|\n|upkeep\n|turn|8\n|\n|t:|1700525502\n|move|p1a: Zapdos|U-turn|p2a: Gholdengo\n|-resisted|p2a: Gholdengo\n|-damage|p2a: Gholdengo|98\/100 par\n|\n|t:|1700525503\n|switch|p1a: Goodra|Goodra-Hisui, F|100\/100|[from] U-turn\n|move|p2a: Gholdengo|Nasty Plot|p2a: Gholdengo\n|-boost|p2a: Gholdengo|spa|2\n|\n|-heal|p2a: Gholdengo|100\/100 par|[from] item: Leftovers\n|upkeep\n|turn|9\n|\n|t:|1700525506\n|move|p2a: Gholdengo|Thunder Wave|p1a: Goodra\n|-status|p1a: Goodra|par\n|move|p1a: Goodra|Dragon Tail|p2a: Gholdengo\n|-resisted|p2a: Gholdengo\n|-damage|p2a: Gholdengo|94\/100 par\n|drag|p2a: Tornadus|Tornadus-Therian, M|67\/100\n|\n|upkeep\n|turn|10\n|\n|t:|1700525514\n|move|p2a: Tornadus|Knock Off|p1a: Goodra\n|-damage|p1a: Goodra|84\/100 par\n|-ability|p1a: Goodra|Gooey\n|-unboost|p2a: Tornadus|spe|1\n|-enditem|p1a: Goodra|Leftovers|[from] move: Knock Off|[of] p2a: Tornadus\n|move|p1a: Goodra|Knock Off|p2a: Tornadus\n|-damage|p2a: Tornadus|36\/100\n|-enditem|p2a: Tornadus|Heavy-Duty Boots|[from] move: Knock Off|[of] p1a: Goodra\n|\n|upkeep\n|turn|11\n|\n|t:|1700525522\n|move|p2a: Tornadus|U-turn|p1a: Goodra\n|-resisted|p1a: Goodra\n|-damage|p1a: Goodra|77\/100 par\n|-ability|p1a: Goodra|Gooey\n|-unboost|p2a: Tornadus|spe|1\n|\n|t:|1700525525\n|switch|p2a: Ting-Lu|Ting-Lu|37\/100|[from] U-turn\n|-damage|p2a: Ting-Lu|25\/100|[from] Spikes\n|-ability|p2a: Ting-Lu|Vessel of Ruin\n|move|p1a: Goodra|Dragon Tail|p2a: Ting-Lu\n|-damage|p2a: Ting-Lu|14\/100\n|drag|p2a: Tornadus|Tornadus-Therian, M|69\/100\n|\n|upkeep\n|turn|12\n|\n|t:|1700525533\n|switch|p2a: Ting-Lu|Ting-Lu|14\/100\n|-damage|p2a: Ting-Lu|2\/100|[from] Spikes\n|-ability|p2a: Ting-Lu|Vessel of Ruin\n|move|p1a: Goodra|Flash Cannon|p2a: Ting-Lu\n|-damage|p2a: Ting-Lu|0 fnt\n|faint|p2a: Ting-Lu\n|\n|upkeep\n|j| diyuenji\n|\n|t:|1700525536\n|switch|p2a: Kommo-o|Kommo-o, F|100\/100\n|turn|13\n|\n|t:|1700525539\n|move|p2a: Kommo-o|Stealth Rock|p1a: Goodra\n|-sidestart|p1: Toasteduck|move: Stealth Rock\n|move|p1a: Goodra|Dragon Tail|p2a: Kommo-o\n|-supereffective|p2a: Kommo-o\n|-damage|p2a: Kommo-o|80\/100\n|drag|p2a: Garganacl|Garganacl, F|100\/100\n|-damage|p2a: Garganacl|88\/100|[from] Spikes\n|\n|-heal|p2a: Garganacl|94\/100|[from] item: Leftovers\n|upkeep\n|turn|14\n|\n|t:|1700525544\n|move|p2a: Garganacl|Salt Cure|p1a: Goodra\n|-resisted|p1a: Goodra\n|-damage|p1a: Goodra|71\/100 par\n|-start|p1a: Goodra|Salt Cure\n|move|p1a: Goodra|Flash Cannon|p2a: Garganacl\n|-supereffective|p2a: Garganacl\n|-damage|p2a: Garganacl|58\/100\n|\n|-heal|p2a: Garganacl|64\/100|[from] item: Leftovers\n|-damage|p1a: Goodra|46\/100 par|[from] Salt Cure\n|upkeep\n|turn|15\n|\n|t:|1700525558\n|switch|p1a: Garganacl|Garganacl, M|80\/100\n|-damage|p1a: Garganacl|68\/100|[from] Stealth Rock\n|move|p2a: Garganacl|Curse|p2a: Garganacl\n|-unboost|p2a: Garganacl|spe|1\n|-boost|p2a: Garganacl|atk|1\n|-boost|p2a: Garganacl|def|1\n|\n|-heal|p2a: Garganacl|70\/100|[from] item: Leftovers\n|upkeep\n|turn|16\n|\n|t:|1700525563\n|move|p1a: Garganacl|Salt Cure|p2a: Garganacl\n|-damage|p2a: Garganacl|64\/100\n|-start|p2a: Garganacl|Salt Cure\n|move|p2a: Garganacl|Salt Cure|p1a: Garganacl\n|-damage|p1a: Garganacl|58\/100\n|-start|p1a: Garganacl|Salt Cure\n|\n|-heal|p2a: Garganacl|70\/100|[from] item: Leftovers\n|-damage|p1a: Garganacl|45\/100|[from] Salt Cure\n|-damage|p2a: Garganacl|58\/100|[from] Salt Cure\n|upkeep\n|turn|17\n|\n|t:|1700525566\n|switch|p1a: Rillaboom|Rillaboom, F|100\/100\n|-damage|p1a: Rillaboom|88\/100|[from] Stealth Rock\n|-fieldstart|move: Grassy Terrain|[from] ability: Grassy Surge|[of] p1a: Rillaboom\n|move|p2a: Garganacl|Recover|p2a: Garganacl\n|-heal|p2a: Garganacl|100\/100\n|\n|-heal|p1a: Rillaboom|94\/100|[from] Grassy Terrain\n|-damage|p2a: Garganacl|88\/100|[from] Salt Cure\n|upkeep\n|turn|18\n|\n|t:|1700525568\n|switch|p2a: Kommo-o|Kommo-o, F|80\/100\n|move|p1a: Rillaboom|Drum Beating|p2a: Kommo-o\n|-resisted|p2a: Kommo-o\n|-damage|p2a: Kommo-o|63\/100\n|-unboost|p2a: Kommo-o|spe|1\n|\n|-heal|p1a: Rillaboom|100\/100|[from] Grassy Terrain\n|-heal|p2a: Kommo-o|70\/100|[from] Grassy Terrain\n|upkeep\n|turn|19\n|\n|t:|1700525584\n|switch|p1a: Zapdos|Zapdos|74\/100\n|-damage|p1a: Zapdos|49\/100|[from] Stealth Rock\n|move|p2a: Kommo-o|Dragon Tail|p1a: Zapdos\n|-damage|p1a: Zapdos|25\/100\n|drag|p1a: Hatterene|Hatterene, F|81\/100\n|-damage|p1a: Hatterene|69\/100|[from] Stealth Rock\n|\n|-heal|p2a: Kommo-o|76\/100|[from] Grassy Terrain\n|-heal|p1a: Hatterene|75\/100|[from] Grassy Terrain\n|upkeep\n|turn|20\n|\n|t:|1700525590\n|switch|p2a: Gholdengo|Gholdengo, shiny|94\/100 par\n|-damage|p2a: Gholdengo|81\/100 par|[from] Spikes\n|move|p1a: Hatterene|Psyshock|p2a: Gholdengo\n|-resisted|p2a: Gholdengo\n|-damage|p2a: Gholdengo|56\/100 par\n|\n|-heal|p2a: Gholdengo|62\/100 par|[from] Grassy Terrain\n|-heal|p2a: Gholdengo|68\/100 par|[from] item: Leftovers\n|-heal|p1a: Hatterene|81\/100|[from] Grassy Terrain\n|upkeep\n|turn|21\n|\n|t:|1700525596\n|switch|p1a: Garganacl|Garganacl, M|45\/100\n|-damage|p1a: Garganacl|33\/100|[from] Stealth Rock\n|move|p2a: Gholdengo|Hex|p1a: Garganacl\n|-damage|p1a: Garganacl|20\/100\n|\n|-heal|p1a: Garganacl|26\/100|[from] Grassy Terrain\n|-heal|p2a: Gholdengo|75\/100 par|[from] Grassy Terrain\n|-heal|p2a: Gholdengo|81\/100 par|[from] item: Leftovers\n|-fieldend|move: Grassy Terrain\n|upkeep\n|turn|22\n|j| bimbo mais\n|\n|t:|1700525604\n|switch|p2a: Kommo-o|Kommo-o, F|76\/100\n|move|p1a: Garganacl|Recover|p1a: Garganacl\n|-heal|p1a: Garganacl|76\/100\n|\n|upkeep\n|turn|23\n|\n|t:|1700525607\n|move|p2a: Kommo-o|Body Press|p1a: Garganacl\n|-supereffective|p1a: Garganacl\n|-damage|p1a: Garganacl|27\/100\n|move|p1a: Garganacl|Salt Cure|p2a: Kommo-o\n|-resisted|p2a: Kommo-o\n|-damage|p2a: Kommo-o|72\/100\n|-start|p2a: Kommo-o|Salt Cure\n|\n|-damage|p2a: Kommo-o|59\/100|[from] Salt Cure\n|upkeep\n|turn|24\n|\n|t:|1700525636\n|switch|p2a: Tornadus|Tornadus-Therian, M|100\/100\n|-terastallize|p1a: Garganacl|Fairy\n|move|p1a: Garganacl|Recover|p1a: Garganacl\n|-heal|p1a: Garganacl|77\/100\n|\n|upkeep\n|turn|25\n|\n|t:|1700525643\n|move|p2a: Tornadus|Bleakwind Storm|p1a: Garganacl|[miss]\n|-miss|p2a: Tornadus|p1a: Garganacl\n|move|p1a: Garganacl|Salt Cure|p2a: Tornadus\n|-supereffective|p2a: Tornadus\n|-damage|p2a: Tornadus|58\/100\n|-start|p2a: Tornadus|Salt Cure\n|\n|-damage|p2a: Tornadus|45\/100|[from] Salt Cure\n|upkeep\n|turn|26\n|\n|t:|1700525645\n|move|p2a: Tornadus|U-turn|p1a: Garganacl\n|-resisted|p1a: Garganacl\n|-damage|p1a: Garganacl|72\/100\n|\n|t:|1700525647\n|switch|p2a: Toxapex|Toxapex, M|100\/100|[from] U-turn\n|-damage|p2a: Toxapex|88\/100|[from] Spikes\n|move|p1a: Garganacl|Recover|p1a: Garganacl\n|-heal|p1a: Garganacl|100\/100\n|\n|-heal|p2a: Toxapex|94\/100|[from] item: Black Sludge\n|upkeep\n|turn|27\n|\n|t:|1700525650\n|move|p2a: Toxapex|Toxic Spikes|p1a: Garganacl\n|-sidestart|p1: Toasteduck|move: Toxic Spikes\n|move|p1a: Garganacl|Salt Cure|p2a: Toxapex\n|-damage|p2a: Toxapex|83\/100\n|-start|p2a: Toxapex|Salt Cure\n|\n|-heal|p2a: Toxapex|90\/100|[from] item: Black Sludge\n|-damage|p2a: Toxapex|65\/100|[from] Salt Cure\n|upkeep\n|turn|28\n|\n|t:|1700525654\n|switch|p2a: Tornadus|Tornadus-Therian, M|78\/100\n|move|p1a: Garganacl|Iron Defense|p1a: Garganacl\n|-boost|p1a: Garganacl|def|2\n|\n|upkeep\n|turn|29\n|\n|t:|1700525658\n|move|p2a: Tornadus|Bleakwind Storm|p1a: Garganacl\n|-damage|p1a: Garganacl|58\/100\n|-unboost|p1a: Garganacl|spe|1\n|move|p1a: Garganacl|Salt Cure|p2a: Tornadus\n|-supereffective|p2a: Tornadus\n|-damage|p2a: Tornadus|38\/100\n|-start|p2a: Tornadus|Salt Cure\n|\n|-damage|p2a: Tornadus|25\/100|[from] Salt Cure\n|upkeep\n|turn|30\n|\n|t:|1700525664\n|move|p2a: Tornadus|U-turn|p1a: Garganacl\n|-resisted|p1a: Garganacl\n|-damage|p1a: Garganacl|55\/100\n|\n|t:|1700525669\n|switch|p2a: Garganacl|Garganacl, F|88\/100|[from] U-turn\n|-damage|p2a: Garganacl|76\/100|[from] Spikes\n|move|p1a: Garganacl|Recover|p1a: Garganacl\n|-heal|p1a: Garganacl|100\/100\n|\n|-heal|p2a: Garganacl|82\/100|[from] item: Leftovers\n|upkeep\n|turn|31\n|\n|t:|1700525673\n|-terastallize|p2a: Garganacl|Ghost\n|move|p2a: Garganacl|Salt Cure|p1a: Garganacl\n|-damage|p1a: Garganacl|97\/100\n|-start|p1a: Garganacl|Salt Cure\n|move|p1a: Garganacl|Body Press|p2a: Garganacl\n|-immune|p2a: Garganacl\n|\n|-heal|p2a: Garganacl|88\/100|[from] item: Leftovers\n|-damage|p1a: Garganacl|84\/100|[from] Salt Cure\n|upkeep\n|turn|32\n|\n|t:|1700525678\n|move|p2a: Garganacl|Protect|p2a: Garganacl\n|-singleturn|p2a: Garganacl|Protect\n|move|p1a: Garganacl|Salt Cure|p2a: Garganacl\n|-activate|p2a: Garganacl|move: Protect\n|\n|-heal|p2a: Garganacl|94\/100|[from] item: Leftovers\n|-damage|p1a: Garganacl|72\/100|[from] Salt Cure\n|upkeep\n|turn|33\n|\n|t:|1700525691\n|switch|p2a: Toxapex|Toxapex, M|98\/100\n|-damage|p2a: Toxapex|85\/100|[from] Spikes\n|move|p1a: Garganacl|Salt Cure|p2a: Toxapex\n|-damage|p2a: Toxapex|75\/100\n|-start|p2a: Toxapex|Salt Cure\n|\n|-heal|p2a: Toxapex|81\/100|[from] item: Black Sludge\n|-damage|p2a: Toxapex|56\/100|[from] Salt Cure\n|-damage|p1a: Garganacl|60\/100|[from] Salt Cure\n|upkeep\n|turn|34\n|\n|t:|1700525694\n|switch|p2a: Tornadus|Tornadus-Therian, M|58\/100\n|move|p1a: Garganacl|Recover|p1a: Garganacl\n|-heal|p1a: Garganacl|100\/100\n|\n|-damage|p1a: Garganacl|88\/100|[from] Salt Cure\n|upkeep\n|turn|35\n|\n|t:|1700525699\n|move|p2a: Tornadus|U-turn|p1a: Garganacl\n|-resisted|p1a: Garganacl\n|-damage|p1a: Garganacl|86\/100\n|\n|t:|1700525701\n|switch|p2a: Toxapex|Toxapex, M|89\/100|[from] U-turn\n|-damage|p2a: Toxapex|76\/100|[from] Spikes\n|move|p1a: Garganacl|Salt Cure|p2a: Toxapex\n|-damage|p2a: Toxapex|65\/100\n|-start|p2a: Toxapex|Salt Cure\n|\n|-heal|p2a: Toxapex|72\/100|[from] item: Black Sludge\n|-damage|p2a: Toxapex|47\/100|[from] Salt Cure\n|-damage|p1a: Garganacl|74\/100|[from] Salt Cure\n|upkeep\n|turn|36\n|\n|t:|1700525708\n|switch|p2a: Tornadus|Tornadus-Therian, M|91\/100\n|move|p1a: Garganacl|Salt Cure|p2a: Tornadus\n|-supereffective|p2a: Tornadus\n|-damage|p2a: Tornadus|51\/100\n|-start|p2a: Tornadus|Salt Cure\n|\n|-damage|p2a: Tornadus|38\/100|[from] Salt Cure\n|-damage|p1a: Garganacl|61\/100|[from] Salt Cure\n|upkeep\n|turn|37\n|\n|t:|1700525711\n|move|p2a: Tornadus|U-turn|p1a: Garganacl\n|-resisted|p1a: Garganacl\n|-damage|p1a: Garganacl|59\/100\n|\n|t:|1700525713\n|switch|p2a: Toxapex|Toxapex, M|80\/100|[from] U-turn\n|-damage|p2a: Toxapex|67\/100|[from] Spikes\n|move|p1a: Garganacl|Salt Cure|p2a: Toxapex\n|-damage|p2a: Toxapex|56\/100\n|-start|p2a: Toxapex|Salt Cure\n|\n|-heal|p2a: Toxapex|63\/100|[from] item: Black Sludge\n|-damage|p2a: Toxapex|38\/100|[from] Salt Cure\n|-damage|p1a: Garganacl|47\/100|[from] Salt Cure\n|upkeep\n|turn|38\n|\n|t:|1700525716\n|switch|p2a: Tornadus|Tornadus-Therian, M|71\/100\n|move|p1a: Garganacl|Recover|p1a: Garganacl\n|-heal|p1a: Garganacl|97\/100\n|\n|-damage|p1a: Garganacl|85\/100|[from] Salt Cure\n|upkeep\n|turn|39\n|\n|t:|1700525719\n|move|p2a: Tornadus|Bleakwind Storm|p1a: Garganacl\n|-damage|p1a: Garganacl|46\/100\n|move|p1a: Garganacl|Salt Cure|p2a: Tornadus\n|-supereffective|p2a: Tornadus\n|-damage|p2a: Tornadus|29\/100\n|-start|p2a: Tornadus|Salt Cure\n|\n|-damage|p2a: Tornadus|17\/100|[from] Salt Cure\n|-damage|p1a: Garganacl|34\/100|[from] Salt Cure\n|upkeep\n|turn|40\n|\n|t:|1700525723\n|move|p2a: Tornadus|U-turn|p1a: Garganacl\n|-resisted|p1a: Garganacl\n|-damage|p1a: Garganacl|32\/100\n|\n|t:|1700525726\n|switch|p2a: Toxapex|Toxapex, M|71\/100|[from] U-turn\n|-damage|p2a: Toxapex|58\/100|[from] Spikes\n|move|p1a: Garganacl|Salt Cure|p2a: Toxapex\n|-damage|p2a: Toxapex|48\/100\n|-start|p2a: Toxapex|Salt Cure\n|\n|-heal|p2a: Toxapex|54\/100|[from] item: Black Sludge\n|-damage|p2a: Toxapex|29\/100|[from] Salt Cure\n|-damage|p1a: Garganacl|19\/100|[from] Salt Cure\n|upkeep\n|turn|41\n|\n|t:|1700525729\n|switch|p2a: Tornadus|Tornadus-Therian, M|50\/100\n|move|p1a: Garganacl|Salt Cure|p2a: Tornadus\n|-supereffective|p2a: Tornadus\n|-damage|p2a: Tornadus|6\/100\n|-start|p2a: Tornadus|Salt Cure\n|\n|-damage|p2a: Tornadus|0 fnt|[from] Salt Cure\n|faint|p2a: Tornadus\n|-damage|p1a: Garganacl|7\/100|[from] Salt Cure\n|upkeep\n|\n|t:|1700525731\n|switch|p2a: Garganacl|Garganacl, F, tera:Ghost|94\/100\n|-damage|p2a: Garganacl|82\/100|[from] Spikes\n|turn|42\n|\n|t:|1700525734\n|move|p2a: Garganacl|Salt Cure|p1a: Garganacl\n|-damage|p1a: Garganacl|3\/100\n|move|p1a: Garganacl|Salt Cure|p2a: Garganacl\n|-damage|p2a: Garganacl|72\/100\n|-start|p2a: Garganacl|Salt Cure\n|\n|-heal|p2a: Garganacl|78\/100|[from] item: Leftovers\n|-damage|p2a: Garganacl|66\/100|[from] Salt Cure\n|-damage|p1a: Garganacl|0 fnt|[from] Salt Cure\n|faint|p1a: Garganacl\n|upkeep\n|inactive|Toasteduck has 120 seconds left.\n|\n|t:|1700525777\n|switch|p1a: Zapdos|Zapdos|25\/100\n|-damage|p1a: Zapdos|0 fnt|[from] Stealth Rock\n|faint|p1a: Zapdos\n|\n|t:|1700525785\n|switch|p1a: Hatterene|Hatterene, F|81\/100\n|-damage|p1a: Hatterene|68\/100|[from] Stealth Rock\n|-status|p1a: Hatterene|psn\n|turn|43\n|\n|t:|1700525794\n|switch|p2a: Gholdengo|Gholdengo, shiny|81\/100 par\n|-damage|p2a: Gholdengo|68\/100 par|[from] Spikes\n|move|p1a: Hatterene|Psyshock|p2a: Gholdengo\n|-resisted|p2a: Gholdengo\n|-damage|p2a: Gholdengo|44\/100 par\n|\n|-heal|p2a: Gholdengo|50\/100 par|[from] item: Leftovers\n|-damage|p1a: Hatterene|56\/100 psn|[from] psn\n|upkeep\n|turn|44\n|\n|t:|1700525798\n|switch|p1a: Goodra|Goodra-Hisui, F|46\/100 par\n|-damage|p1a: Goodra|40\/100 par|[from] Stealth Rock\n|move|p2a: Gholdengo|Recover|p2a: Gholdengo\n|-heal|p2a: Gholdengo|100\/100 par\n|\n|upkeep\n|turn|45\n|\n|t:|1700525802\n|move|p2a: Gholdengo|Hex|p1a: Goodra\n|-damage|p1a: Goodra|5\/100 par\n|move|p1a: Goodra|Knock Off|p2a: Gholdengo\n|-supereffective|p2a: Gholdengo\n|-damage|p2a: Gholdengo|75\/100 par\n|-enditem|p2a: Gholdengo|Leftovers|[from] move: Knock Off|[of] p1a: Goodra\n|\n|upkeep\n|turn|46\n|\n|t:|1700525808\n|move|p2a: Gholdengo|Hex|p1a: Goodra\n|-damage|p1a: Goodra|0 fnt\n|faint|p1a: Goodra\n|\n|upkeep\n|inactive|Toasteduck has 120 seconds left.\n|\n|t:|1700525837\n|switch|p1a: Great Tusk|Great Tusk|100\/100\n|-damage|p1a: Great Tusk|98\/100|[from] Stealth Rock\n|-status|p1a: Great Tusk|psn\n|-enditem|p1a: Great Tusk|Booster Energy\n|-activate|p1a: Great Tusk|ability: Protosynthesis|[fromitem]\n|-start|p1a: Great Tusk|protosynthesisatk\n|turn|47\n|\n|t:|1700525846\n|move|p1a: Great Tusk|Bulk Up|p1a: Great Tusk\n|-boost|p1a: Great Tusk|atk|1\n|-boost|p1a: Great Tusk|def|1\n|cant|p2a: Gholdengo|par\n|\n|-damage|p1a: Great Tusk|85\/100 psn|[from] psn\n|upkeep\n|turn|48\n|\n|t:|1700525850\n|move|p1a: Great Tusk|Headlong Rush|p2a: Gholdengo\n|-supereffective|p2a: Gholdengo\n|-damage|p2a: Gholdengo|0 fnt\n|-unboost|p1a: Great Tusk|def|1\n|-unboost|p1a: Great Tusk|spd|1\n|faint|p2a: Gholdengo\n|\n|-damage|p1a: Great Tusk|73\/100 psn|[from] psn\n|upkeep\n|\n|t:|1700525853\n|switch|p2a: Kommo-o|Kommo-o, F|59\/100\n|turn|49\n|\n|t:|1700525855\n|move|p1a: Great Tusk|Headlong Rush|p2a: Kommo-o\n|-damage|p2a: Kommo-o|0 fnt\n|-unboost|p1a: Great Tusk|def|1\n|-unboost|p1a: Great Tusk|spd|1\n|faint|p2a: Kommo-o\n|\n|-damage|p1a: Great Tusk|60\/100 psn|[from] psn\n|upkeep\n|\n|t:|1700525859\n|switch|p2a: Toxapex|Toxapex, M|62\/100\n|-damage|p2a: Toxapex|50\/100|[from] Spikes\n|turn|50\n|\n|t:|1700525861\n|move|p1a: Great Tusk|Headlong Rush|p2a: Toxapex\n|-supereffective|p2a: Toxapex\n|-damage|p2a: Toxapex|0 fnt\n|-unboost|p1a: Great Tusk|def|1\n|-unboost|p1a: Great Tusk|spd|1\n|faint|p2a: Toxapex\n|\n|-damage|p1a: Great Tusk|48\/100 psn|[from] psn\n|upkeep\n|\n|t:|1700525864\n|switch|p2a: Garganacl|Garganacl, F, tera:Ghost|66\/100\n|-damage|p2a: Garganacl|54\/100|[from] Spikes\n|turn|51\n|\n|t:|1700525866\n|move|p2a: Garganacl|Protect|p2a: Garganacl\n|-singleturn|p2a: Garganacl|Protect\n|move|p1a: Great Tusk|Headlong Rush|p2a: Garganacl\n|-activate|p2a: Garganacl|move: Protect\n|\n|-heal|p2a: Garganacl|60\/100|[from] item: Leftovers\n|-damage|p1a: Great Tusk|36\/100 psn|[from] psn\n|upkeep\n|turn|52\n|\n|t:|1700525868\n|move|p1a: Great Tusk|Headlong Rush|p2a: Garganacl\n|-damage|p2a: Garganacl|0 fnt\n|-unboost|p1a: Great Tusk|def|1\n|-unboost|p1a: Great Tusk|spd|1\n|faint|p2a: Garganacl\n|\n|win|Toasteduck\n|raw|Toasteduck's rating: 1794 &rarr; <strong>1813<\/strong><br \/>(+19 for winning)\n|raw|420 meme 69's rating: 1769 &rarr; <strong>1750<\/strong><br \/>(-19 for losing)\n|c|\u2606Toasteduck|gg\n|l|\u2606420 meme 69\n","uploadtime":1700525878,"views":5,"p1id":"toasteduck","p2id":"420meme69","formatid":"gen9ou","rating":1750,"private":0,"password":""}