{"id":"gen9ou-1991051652","p1":"Koryoko","p2":"Purple Aithen","format":"[Gen 9] OU","log":"|j|\u2606Koryoko\n|j|\u2606Purple Aithen\n|t:|1700034951\n|gametype|singles\n|player|p1|Koryoko|265|1104\n|player|p2|Purple Aithen|2|1092\n|teamsize|p1|6\n|teamsize|p2|6\n|gen|9\n|tier|[Gen 9] OU\n|rated|\n|rule|Sleep Clause Mod: Limit one foe put to sleep\n|rule|Species Clause: Limit one of each Pok\u00e9mon\n|rule|OHKO Clause: OHKO moves are banned\n|rule|Evasion Items Clause: Evasion items are banned\n|rule|Evasion Moves Clause: Evasion moves are banned\n|rule|Endless Battle Clause: Forcing endless battles is banned\n|rule|HP Percentage Mod: HP is shown in percentages\n|clearpoke\n|poke|p1|Tyranitar, M|\n|poke|p1|Donphan, M|\n|poke|p1|Walking Wake|\n|poke|p1|Corviknight, M|\n|poke|p1|Ninetales-Alola, M|\n|poke|p1|Torterra, M|\n|poke|p2|Corviknight, M|\n|poke|p2|Conkeldurr, M|\n|poke|p2|Kommo-o, F|\n|poke|p2|Sinistcha-Masterpiece|\n|poke|p2|Tyranitar, M|\n|poke|p2|Ogerpon, F|\n|teampreview\n|j| goodturnoutforthe\n|inactive|Battle timer is ON: inactive players will automatically lose when time's up. (requested by Koryoko)\n|\n|t:|1700034977\n|start\n|switch|p1a: Donphan|Donphan, M|100\/100\n|switch|p2a: Tyranitar|Tyranitar, M|100\/100\n|-weather|Sandstorm|[from] ability: Sand Stream|[of] p2a: Tyranitar\n|turn|1\n|\n|t:|1700034983\n|switch|p2a: Sinistcha|Sinistcha-Masterpiece|100\/100\n|move|p1a: Donphan|Knock Off|p2a: Sinistcha\n|-supereffective|p2a: Sinistcha\n|-damage|p2a: Sinistcha|39\/100\n|-damage|p1a: Donphan|84\/100|[from] item: Rocky Helmet|[of] p2a: Sinistcha\n|-enditem|p2a: Sinistcha|Rocky Helmet|[from] move: Knock Off|[of] p1a: Donphan\n|\n|-weather|Sandstorm|[upkeep]\n|-damage|p2a: Sinistcha|33\/100|[from] Sandstorm\n|upkeep\n|turn|2\n|\n|t:|1700034992\n|move|p1a: Donphan|Ice Shard|p2a: Sinistcha\n|-supereffective|p2a: Sinistcha\n|-damage|p2a: Sinistcha|11\/100\n|move|p2a: Sinistcha|Matcha Gotcha|p1a: Donphan\n|-supereffective|p1a: Donphan\n|-damage|p1a: Donphan|0 fnt\n|-heal|p2a: Sinistcha|67\/100|[from] drain|[of] p1a: Donphan\n|faint|p1a: Donphan\n|\n|-weather|Sandstorm|[upkeep]\n|-damage|p2a: Sinistcha|61\/100|[from] Sandstorm\n|upkeep\n|\n|t:|1700035004\n|switch|p1a: Ninetales|Ninetales-Alola, M, shiny|100\/100\n|-weather|Snow|[from] ability: Snow Warning|[of] p1a: Ninetales\n|turn|3\n|c|\u2606Purple Aithen|Finally a non mutant donpham\n|\n|t:|1700035011\n|switch|p2a: Tyranitar|Tyranitar, M|100\/100\n|-weather|Sandstorm|[from] ability: Sand Stream|[of] p2a: Tyranitar\n|move|p1a: Ninetales|Freeze-Dry|p2a: Tyranitar\n|-damage|p2a: Tyranitar|93\/100\n|\n|-weather|Sandstorm|[upkeep]\n|-damage|p1a: Ninetales|95\/100|[from] Sandstorm\n|upkeep\n|turn|4\n|c|\u2606Koryoko|thank you for noticing\n|\n|t:|1700035027\n|switch|p1a: Corviknight|Corviknight, M|100\/100\n|-ability|p1a: Corviknight|Pressure\n|move|p2a: Tyranitar|Knock Off|p1a: Corviknight\n|-damage|p1a: Corviknight|59\/100\n|-damage|p2a: Tyranitar|76\/100|[from] item: Rocky Helmet|[of] p1a: Corviknight\n|-enditem|p1a: Corviknight|Rocky Helmet|[from] move: Knock Off|[of] p2a: Tyranitar\n|\n|-weather|Sandstorm|[upkeep]\n|upkeep\n|turn|5\n|\n|t:|1700035035\n|switch|p2a: Corviknight|Corviknight, M|100\/100\n|-ability|p2a: Corviknight|Pressure\n|move|p1a: Corviknight|Bulk Up|p1a: Corviknight\n|-boost|p1a: Corviknight|atk|1\n|-boost|p1a: Corviknight|def|1\n|\n|-weather|Sandstorm|[upkeep]\n|upkeep\n|turn|6\n|\n|t:|1700035039\n|move|p1a: Corviknight|Bulk Up|p1a: Corviknight\n|-boost|p1a: Corviknight|atk|1\n|-boost|p1a: Corviknight|def|1\n|move|p2a: Corviknight|U-turn|p1a: Corviknight\n|-resisted|p1a: Corviknight\n|-damage|p1a: Corviknight|58\/100\n|\n|t:|1700035042\n|switch|p2a: Kommo-o|Kommo-o, F|100\/100|[from] U-turn\n|\n|-weather|Sandstorm|[upkeep]\n|-damage|p2a: Kommo-o|94\/100|[from] Sandstorm\n|upkeep\n|turn|7\n|\n|t:|1700035046\n|move|p2a: Kommo-o|Flamethrower|p1a: Corviknight\n|-supereffective|p1a: Corviknight\n|-damage|p1a: Corviknight|9\/100\n|move|p1a: Corviknight|Roost|p1a: Corviknight\n|-heal|p1a: Corviknight|59\/100\n|-singleturn|p1a: Corviknight|move: Roost\n|\n|-weather|none\n|upkeep\n|turn|8\n|\n|t:|1700035051\n|move|p2a: Kommo-o|Clangorous Soul|p2a: Kommo-o\n|-boost|p2a: Kommo-o|atk|1\n|-boost|p2a: Kommo-o|def|1\n|-boost|p2a: Kommo-o|spa|1\n|-boost|p2a: Kommo-o|spd|1\n|-boost|p2a: Kommo-o|spe|1\n|-damage|p2a: Kommo-o|61\/100\n|-enditem|p2a: Kommo-o|Throat Spray\n|-boost|p2a: Kommo-o|spa|1|[from] item: Throat Spray\n|move|p1a: Corviknight|Roost|p1a: Corviknight\n|-heal|p1a: Corviknight|100\/100\n|-singleturn|p1a: Corviknight|move: Roost\n|\n|upkeep\n|turn|9\n|\n|t:|1700035059\n|move|p2a: Kommo-o|Flamethrower|p1a: Corviknight\n|-supereffective|p1a: Corviknight\n|-damage|p1a: Corviknight|9\/100\n|move|p1a: Corviknight|Body Press|p2a: Kommo-o\n|-damage|p2a: Kommo-o|36\/100\n|\n|upkeep\n|turn|10\n|\n|t:|1700035072\n|switch|p1a: Tyranitar|Tyranitar, M|100\/100\n|-weather|Sandstorm|[from] ability: Sand Stream|[of] p1a: Tyranitar\n|move|p2a: Kommo-o|Flamethrower|p1a: Tyranitar\n|-resisted|p1a: Tyranitar\n|-damage|p1a: Tyranitar|85\/100\n|\n|-weather|Sandstorm|[upkeep]\n|-damage|p2a: Kommo-o|29\/100|[from] Sandstorm\n|-heal|p1a: Tyranitar|91\/100|[from] item: Leftovers\n|upkeep\n|turn|11\n|\n|t:|1700035082\n|switch|p2a: Conkeldurr|Conkeldurr, M|100\/100\n|switch|p1a: Corviknight|Corviknight, M|9\/100\n|-ability|p1a: Corviknight|Pressure\n|\n|-weather|Sandstorm|[upkeep]\n|-damage|p2a: Conkeldurr|94\/100|[from] Sandstorm\n|-status|p2a: Conkeldurr|brn|[from] item: Flame Orb\n|upkeep\n|turn|12\n|\n|t:|1700035087\n|move|p2a: Conkeldurr|Mach Punch|p1a: Corviknight\n|-damage|p1a: Corviknight|0 fnt\n|faint|p1a: Corviknight\n|\n|-weather|Sandstorm|[upkeep]\n|-damage|p2a: Conkeldurr|88\/100 brn|[from] Sandstorm\n|-damage|p2a: Conkeldurr|82\/100 brn|[from] brn\n|upkeep\n|\n|t:|1700035107\n|switch|p1a: Walking Wake|Walking Wake|100\/100\n|-enditem|p1a: Walking Wake|Booster Energy\n|-activate|p1a: Walking Wake|ability: Protosynthesis|[fromitem]\n|-start|p1a: Walking Wake|protosynthesisspa\n|turn|13\n|\n|t:|1700035126\n|move|p1a: Walking Wake|Scald|p2a: Conkeldurr\n|-damage|p2a: Conkeldurr|15\/100 brn\n|move|p2a: Conkeldurr|Facade|p1a: Walking Wake\n|-damage|p1a: Walking Wake|16\/100\n|\n|-weather|Sandstorm|[upkeep]\n|-damage|p1a: Walking Wake|10\/100|[from] Sandstorm\n|-damage|p2a: Conkeldurr|9\/100 brn|[from] Sandstorm\n|-damage|p2a: Conkeldurr|3\/100 brn|[from] brn\n|upkeep\n|turn|14\n|\n|t:|1700035139\n|move|p2a: Conkeldurr|Mach Punch|p1a: Walking Wake\n|-damage|p1a: Walking Wake|0 fnt\n|faint|p1a: Walking Wake\n|-end|p1a: Walking Wake|Protosynthesis|[silent]\n|\n|-weather|none\n|-damage|p2a: Conkeldurr|0 fnt|[from] brn\n|faint|p2a: Conkeldurr\n|upkeep\n|\n|t:|1700035145\n|switch|p1a: Torterra|Torterra, M|100\/100\n|switch|p2a: Tyranitar|Tyranitar, M|76\/100\n|-weather|Sandstorm|[from] ability: Sand Stream|[of] p2a: Tyranitar\n|turn|15\n|\n|t:|1700035149\n|switch|p2a: Corviknight|Corviknight, M|100\/100\n|-ability|p2a: Corviknight|Pressure\n|move|p1a: Torterra|Shell Smash|p1a: Torterra\n|-unboost|p1a: Torterra|def|1\n|-unboost|p1a: Torterra|spd|1\n|-boost|p1a: Torterra|atk|2\n|-boost|p1a: Torterra|spa|2\n|-boost|p1a: Torterra|spe|2\n|-enditem|p1a: Torterra|White Herb\n|-clearnegativeboost|p1a: Torterra|[silent]\n|\n|-weather|Sandstorm|[upkeep]\n|upkeep\n|turn|16\n|\n|t:|1700035161\n|move|p1a: Torterra|Shell Smash|p1a: Torterra\n|-unboost|p1a: Torterra|def|1\n|-unboost|p1a: Torterra|spd|1\n|-boost|p1a: Torterra|atk|2\n|-boost|p1a: Torterra|spa|2\n|-boost|p1a: Torterra|spe|2\n|move|p2a: Corviknight|U-turn|p1a: Torterra\n|-supereffective|p1a: Torterra\n|-damage|p1a: Torterra|63\/100\n|\n|t:|1700035165\n|switch|p2a: Sinistcha|Sinistcha-Masterpiece|61\/100|[from] U-turn\n|\n|-weather|Sandstorm|[upkeep]\n|-damage|p2a: Sinistcha|55\/100|[from] Sandstorm\n|upkeep\n|turn|17\n|\n|t:|1700035174\n|-terastallize|p1a: Torterra|Ice\n|move|p1a: Torterra|Tera Blast|p2a: Sinistcha|[anim] Tera Blast Ice\n|-supereffective|p2a: Sinistcha\n|-damage|p2a: Sinistcha|0 fnt\n|faint|p2a: Sinistcha\n|\n|-weather|Sandstorm|[upkeep]\n|-damage|p1a: Torterra|58\/100|[from] Sandstorm\n|upkeep\n|\n|t:|1700035184\n|switch|p2a: Tyranitar|Tyranitar, M|76\/100\n|turn|18\n|\n|t:|1700035187\n|move|p1a: Torterra|Bullet Seed|p2a: Tyranitar\n|-supereffective|p2a: Tyranitar\n|-damage|p2a: Tyranitar|27\/100\n|-supereffective|p2a: Tyranitar\n|-damage|p2a: Tyranitar|0 fnt\n|faint|p2a: Tyranitar\n|-hitcount|p2: Tyranitar|2\n|\n|-weather|Sandstorm|[upkeep]\n|-damage|p1a: Torterra|52\/100|[from] Sandstorm\n|upkeep\n|\n|t:|1700035190\n|switch|p2a: Corviknight|Corviknight, M|100\/100\n|-ability|p2a: Corviknight|Pressure\n|turn|19\n|\n|t:|1700035197\n|move|p1a: Torterra|Tera Blast|p2a: Corviknight|[anim] Tera Blast Ice\n|-damage|p2a: Corviknight|31\/100\n|move|p2a: Corviknight|Body Press|p1a: Torterra\n|-supereffective|p1a: Torterra\n|-damage|p1a: Torterra|0 fnt\n|faint|p1a: Torterra\n|\n|-weather|none\n|-heal|p2a: Corviknight|37\/100|[from] item: Leftovers\n|upkeep\n|\n|t:|1700035204\n|switch|p1a: Ninetales|Ninetales-Alola, M, shiny|95\/100\n|-weather|Snow|[from] ability: Snow Warning|[of] p1a: Ninetales\n|turn|20\n|\n|t:|1700035206\n|move|p1a: Ninetales|Aurora Veil|p1a: Ninetales\n|-sidestart|p1: Koryoko|move: Aurora Veil\n|move|p2a: Corviknight|U-turn|p1a: Ninetales\n|-resisted|p1a: Ninetales\n|-damage|p1a: Ninetales|91\/100\n|\n|t:|1700035209\n|switch|p2a: Kommo-o|Kommo-o, F|29\/100|[from] U-turn\n|\n|-weather|Snow|[upkeep]\n|upkeep\n|turn|21\n|l| goodturnoutforthe\n|\n|t:|1700035212\n|move|p1a: Ninetales|Freeze-Dry|p2a: Kommo-o\n|-supereffective|p2a: Kommo-o\n|-damage|p2a: Kommo-o|0 fnt\n|faint|p2a: Kommo-o\n|\n|-weather|Snow|[upkeep]\n|upkeep\n|\n|t:|1700035214\n|switch|p2a: Corviknight|Corviknight, M|37\/100\n|-ability|p2a: Corviknight|Pressure\n|turn|22\n|\n|t:|1700035216\n|move|p1a: Ninetales|Freeze-Dry|p2a: Corviknight\n|-damage|p2a: Corviknight|12\/100\n|move|p2a: Corviknight|Roost|p2a: Corviknight\n|-heal|p2a: Corviknight|62\/100\n|-singleturn|p2a: Corviknight|move: Roost\n|\n|-weather|Snow|[upkeep]\n|-heal|p2a: Corviknight|68\/100|[from] item: Leftovers\n|upkeep\n|turn|23\n|\n|t:|1700035223\n|move|p1a: Ninetales|Encore|p2a: Corviknight\n|-start|p2a: Corviknight|Encore\n|move|p2a: Corviknight|Roost|p2a: Corviknight\n|-heal|p2a: Corviknight|100\/100\n|-singleturn|p2a: Corviknight|move: Roost\n|\n|-weather|Snow|[upkeep]\n|upkeep\n|turn|24\n|\n|t:|1700035226\n|switch|p1a: Tyranitar|Tyranitar, M|91\/100\n|-weather|Sandstorm|[from] ability: Sand Stream|[of] p1a: Tyranitar\n|switch|p2a: Ogerpon|Ogerpon, F|100\/100\n|\n|-weather|Sandstorm|[upkeep]\n|-damage|p2a: Ogerpon|95\/100|[from] Sandstorm\n|-heal|p1a: Tyranitar|97\/100|[from] item: Leftovers\n|upkeep\n|turn|25\n|\n|t:|1700035242\n|switch|p1a: Ninetales|Ninetales-Alola, M, shiny|91\/100\n|-weather|Snow|[from] ability: Snow Warning|[of] p1a: Ninetales\n|move|p2a: Ogerpon|U-turn|p1a: Ninetales\n|-resisted|p1a: Ninetales\n|-damage|p1a: Ninetales|85\/100\n|\n|t:|1700035244\n|switch|p2a: Corviknight|Corviknight, M|100\/100|[from] U-turn\n|-ability|p2a: Corviknight|Pressure\n|\n|-weather|Snow|[upkeep]\n|upkeep\n|turn|26\n|\n|t:|1700035249\n|move|p1a: Ninetales|Freeze-Dry|p2a: Corviknight\n|-damage|p2a: Corviknight|72\/100\n|-status|p2a: Corviknight|frz\n|cant|p2a: Corviknight|frz\n|\n|-weather|Snow|[upkeep]\n|-heal|p2a: Corviknight|78\/100 frz|[from] item: Leftovers\n|upkeep\n|turn|27\n|\n|t:|1700035254\n|switch|p1a: Tyranitar|Tyranitar, M|97\/100\n|-weather|Sandstorm|[from] ability: Sand Stream|[of] p1a: Tyranitar\n|cant|p2a: Corviknight|frz\n|\n|-weather|Sandstorm|[upkeep]\n|-heal|p1a: Tyranitar|100\/100|[from] item: Leftovers\n|-heal|p2a: Corviknight|84\/100 frz|[from] item: Leftovers\n|-sideend|p1: Koryoko|move: Aurora Veil\n|upkeep\n|turn|28\n|c|\u2606Purple Aithen|Lmso\n|\n|t:|1700035257\n|move|p1a: Tyranitar|Dragon Dance|p1a: Tyranitar\n|-boost|p1a: Tyranitar|atk|1\n|-boost|p1a: Tyranitar|spe|1\n|-curestatus|p2a: Corviknight|frz|[msg]\n|move|p2a: Corviknight|Body Press|p1a: Tyranitar\n|-supereffective|p1a: Tyranitar\n|-damage|p1a: Tyranitar|5\/100\n|\n|-weather|Sandstorm|[upkeep]\n|-heal|p1a: Tyranitar|12\/100|[from] item: Leftovers\n|-heal|p2a: Corviknight|90\/100|[from] item: Leftovers\n|upkeep\n|turn|29\n|\n|t:|1700035260\n|move|p1a: Tyranitar|Fire Punch|p2a: Corviknight\n|-supereffective|p2a: Corviknight\n|-crit|p2a: Corviknight\n|-damage|p2a: Corviknight|12\/100\n|-status|p2a: Corviknight|brn\n|move|p2a: Corviknight|Roost|p2a: Corviknight\n|-heal|p2a: Corviknight|62\/100 brn\n|-singleturn|p2a: Corviknight|move: Roost\n|\n|-weather|Sandstorm|[upkeep]\n|-heal|p1a: Tyranitar|18\/100|[from] item: Leftovers\n|-heal|p2a: Corviknight|68\/100 brn|[from] item: Leftovers\n|-damage|p2a: Corviknight|62\/100 brn|[from] brn\n|upkeep\n|turn|30\n|n|!Purple Aithen|purpleaithen\n|\n|t:|1700035270\n|move|p1a: Tyranitar|Fire Punch|p2a: Corviknight\n|-supereffective|p2a: Corviknight\n|-damage|p2a: Corviknight|14\/100 brn\n|move|p2a: Corviknight|Roost|p2a: Corviknight\n|-heal|p2a: Corviknight|64\/100 brn\n|-singleturn|p2a: Corviknight|move: Roost\n|\n|-weather|Sandstorm|[upkeep]\n|-heal|p1a: Tyranitar|24\/100|[from] item: Leftovers\n|-heal|p2a: Corviknight|70\/100 brn|[from] item: Leftovers\n|-damage|p2a: Corviknight|64\/100 brn|[from] brn\n|upkeep\n|turn|31\n|\n|t:|1700035280\n|move|p1a: Tyranitar|Knock Off|p2a: Corviknight\n|-damage|p2a: Corviknight|16\/100 brn\n|-enditem|p2a: Corviknight|Leftovers|[from] move: Knock Off|[of] p1a: Tyranitar\n|move|p2a: Corviknight|Body Press|p1a: Tyranitar\n|-supereffective|p1a: Tyranitar\n|-damage|p1a: Tyranitar|0 fnt\n|faint|p1a: Tyranitar\n|\n|-weather|none\n|-damage|p2a: Corviknight|10\/100 brn|[from] brn\n|upkeep\n|\n|t:|1700035286\n|switch|p1a: Ninetales|Ninetales-Alola, M, shiny|85\/100\n|-weather|Snow|[from] ability: Snow Warning|[of] p1a: Ninetales\n|turn|32\n|\n|t:|1700035289\n|move|p1a: Ninetales|Freeze-Dry|p2a: Corviknight\n|-damage|p2a: Corviknight|0 fnt\n|faint|p2a: Corviknight\n|\n|-weather|Snow|[upkeep]\n|upkeep\n|\n|t:|1700035291\n|switch|p2a: Ogerpon|Ogerpon, F|95\/100\n|turn|33\n|\n|t:|1700035298\n|-terastallize|p2a: Ogerpon|Grass\n|detailschange|p2a: Ogerpon|Ogerpon-Teal-Tera, F, tera:Grass\n|-ability|p2a: Ogerpon|Embody Aspect (Teal)|boost\n|-boost|p2a: Ogerpon|spe|1\n|move|p2a: Ogerpon|Ivy Cudgel|p1a: Ninetales\n|-damage|p1a: Ninetales|15\/100\n|move|p1a: Ninetales|Freeze-Dry|p2a: Ogerpon\n|-supereffective|p2a: Ogerpon\n|-damage|p2a: Ogerpon|34\/100\n|\n|-weather|Snow|[upkeep]\n|upkeep\n|turn|34\n|c|\u2606Koryoko|gg\n|\n|t:|1700035307\n|move|p2a: Ogerpon|Ivy Cudgel|p1a: Ninetales\n|-damage|p1a: Ninetales|0 fnt\n|faint|p1a: Ninetales\n|\n|win|Purple Aithen\n|raw|Koryoko's rating: 1104 &rarr; <strong>1078<\/strong><br \/>(-26 for losing)\n|raw|Purple Aithen's rating: 1092 &rarr; <strong>1119<\/strong><br \/>(+27 for winning)\n","uploadtime":1700035268,"views":6,"p1id":"koryoko","p2id":"purpleaithen","formatid":"gen9ou","rating":1078,"private":0,"password":""}