{"id":"gen9ou-1991096366","p1":"BOX CRUSHER","p2":"naughtymm","format":"[Gen 9] OU","log":"|j|\u2606BOX CRUSHER\n|j|\u2606naughtymm\n|t:|1700042273\n|gametype|singles\n|player|p1|BOX CRUSHER|ruinmaniac|1274\n|player|p2|naughtymm|richboy-gen4|1298\n|teamsize|p1|6\n|teamsize|p2|6\n|gen|9\n|tier|[Gen 9] OU\n|rated|\n|rule|Sleep Clause Mod: Limit one foe put to sleep\n|rule|Species Clause: Limit one of each Pok\u00e9mon\n|rule|OHKO Clause: OHKO moves are banned\n|rule|Evasion Items Clause: Evasion items are banned\n|rule|Evasion Moves Clause: Evasion moves are banned\n|rule|Endless Battle Clause: Forcing endless battles is banned\n|rule|HP Percentage Mod: HP is shown in percentages\n|clearpoke\n|poke|p1|Hippowdon, M|\n|poke|p1|Bronzong|\n|poke|p1|Clefable, F|\n|poke|p1|Tatsugiri, F|\n|poke|p1|Landorus-Therian, M|\n|poke|p1|Kingambit, F|\n|poke|p2|Gholdengo|\n|poke|p2|Dragapult, F|\n|poke|p2|Rillaboom, M|\n|poke|p2|Sneasler, F|\n|poke|p2|Samurott-Hisui, F|\n|poke|p2|Landorus-Therian, M|\n|teampreview\n|inactive|Battle timer is ON: inactive players will automatically lose when time's up. (requested by naughtymm)\n|\n|t:|1700042288\n|start\n|switch|p1a: Landorus|Landorus-Therian, M|100\/100\n|switch|p2a: CRACKING|Rillaboom, M|100\/100\n|-ability|p1a: Landorus|Intimidate|boost\n|-unboost|p2a: CRACKING|atk|1\n|-fieldstart|move: Grassy Terrain|[from] ability: Grassy Surge|[of] p2a: CRACKING\n|turn|1\n|\n|t:|1700042296\n|move|p1a: Landorus|U-turn|p2a: CRACKING\n|-supereffective|p2a: CRACKING\n|-damage|p2a: CRACKING|42\/100\n|\n|t:|1700042304\n|switch|p1a: Bronzong|Bronzong|100\/100|[from] U-turn\n|move|p2a: CRACKING|Knock Off|p1a: Bronzong\n|-supereffective|p1a: Bronzong\n|-damage|p1a: Bronzong|37\/100\n|-enditem|p1a: Bronzong|Leftovers|[from] move: Knock Off|[of] p2a: CRACKING\n|\n|-heal|p2a: CRACKING|49\/100|[from] Grassy Terrain\n|upkeep\n|turn|2\n|\n|t:|1700042311\n|move|p2a: CRACKING|Knock Off|p1a: Bronzong\n|-supereffective|p1a: Bronzong\n|-damage|p1a: Bronzong|0 fnt\n|faint|p1a: Bronzong\n|\n|-heal|p2a: CRACKING|55\/100|[from] Grassy Terrain\n|upkeep\n|\n|t:|1700042316\n|switch|p1a: Clefable|Clefable, F|100\/100\n|turn|3\n|\n|t:|1700042328\n|switch|p2a: GHOSTRIDE|Gholdengo|100\/100\n|move|p1a: Clefable|Ice Beam|p2a: GHOSTRIDE\n|-resisted|p2a: GHOSTRIDE\n|-damage|p2a: GHOSTRIDE|90\/100\n|-status|p2a: GHOSTRIDE|frz\n|\n|-heal|p2a: GHOSTRIDE|97\/100 frz|[from] Grassy Terrain\n|upkeep\n|turn|4\n|\n|t:|1700042346\n|switch|p1a: Kingambit|Kingambit, F|100\/100\n|-activate|p1a: Kingambit|ability: Supreme Overlord\n|-start|p1a: Kingambit|fallen1|[silent]\n|cant|p2a: GHOSTRIDE|frz\n|\n|-heal|p2a: GHOSTRIDE|100\/100 frz|[from] Grassy Terrain\n|upkeep\n|turn|5\n|\n|t:|1700042350\n|switch|p2a: Landorus|Landorus-Therian, M|100\/100\n|-ability|p2a: Landorus|Intimidate|boost\n|-unboost|p1a: Kingambit|atk|1\n|move|p1a: Kingambit|Swords Dance|p1a: Kingambit\n|-boost|p1a: Kingambit|atk|2\n|\n|-fieldend|move: Grassy Terrain\n|upkeep\n|turn|6\n|\n|t:|1700042361\n|-terastallize|p1a: Kingambit|Flying\n|move|p2a: Landorus|U-turn|p1a: Kingambit\n|-resisted|p1a: Kingambit\n|-damage|p1a: Kingambit|93\/100\n|\n|t:|1700042373\n|switch|p2a: M.R.|Dragapult, F|100\/100|[from] U-turn\n|move|p1a: Kingambit|Swords Dance|p1a: Kingambit\n|-boost|p1a: Kingambit|atk|2\n|\n|upkeep\n|turn|7\n|\n|t:|1700042379\n|move|p1a: Kingambit|Sucker Punch||[still]\n|-fail|p1a: Kingambit\n|move|p2a: M.R.|Reflect|p2a: M.R.\n|-sidestart|p2: naughtymm|Reflect\n|\n|upkeep\n|turn|8\n|\n|t:|1700042388\n|move|p2a: M.R.|Thunder Wave|p1a: Kingambit|[miss]\n|-miss|p2a: M.R.|p1a: Kingambit\n|move|p1a: Kingambit|Swords Dance|p1a: Kingambit\n|-boost|p1a: Kingambit|atk|2\n|\n|upkeep\n|turn|9\n|\n|t:|1700042398\n|move|p2a: M.R.|Thunder Wave|p1a: Kingambit\n|-status|p1a: Kingambit|par\n|move|p1a: Kingambit|Swords Dance|p1a: Kingambit\n|-boost|p1a: Kingambit|atk|1\n|\n|upkeep\n|turn|10\n|\n|t:|1700042402\n|move|p2a: M.R.|Curse|p1a: Kingambit\n|-start|p1a: Kingambit|Curse|[of] p2a: M.R.\n|-damage|p2a: M.R.|50\/100\n|move|p1a: Kingambit|Kowtow Cleave|p2a: M.R.\n|-supereffective|p2a: M.R.\n|-damage|p2a: M.R.|0 fnt\n|faint|p2a: M.R.\n|\n|-damage|p1a: Kingambit|68\/100 par|[from] Curse\n|upkeep\n|\n|t:|1700042407\n|switch|p2a: Landorus|Landorus-Therian, M|100\/100\n|-ability|p2a: Landorus|Intimidate|boost\n|-unboost|p1a: Kingambit|atk|1\n|turn|11\n|\n|t:|1700042412\n|move|p2a: Landorus|Stone Edge|p1a: Kingambit\n|-supereffective|p1a: Kingambit\n|-damage|p1a: Kingambit|23\/100 par\n|move|p1a: Kingambit|Kowtow Cleave|p2a: Landorus\n|-damage|p2a: Landorus|20\/100\n|-damage|p1a: Kingambit|6\/100 par|[from] item: Rocky Helmet|[of] p2a: Landorus\n|\n|-damage|p1a: Kingambit|0 fnt|[from] Curse\n|faint|p1a: Kingambit\n|-end|p1a: Kingambit|fallen1|[silent]\n|upkeep\n|\n|t:|1700042421\n|switch|p1a: Tatsugiri|Tatsugiri, F|100\/100\n|turn|12\n|\n|t:|1700042432\n|switch|p2a: AND IT NEVER ENDS|Samurott-Hisui, F|100\/100\n|move|p1a: Tatsugiri|Rapid Spin|p2a: AND IT NEVER ENDS\n|-damage|p2a: AND IT NEVER ENDS|96\/100\n|-boost|p1a: Tatsugiri|spe|1\n|\n|upkeep\n|turn|13\n|\n|t:|1700042438\n|move|p1a: Tatsugiri|Nasty Plot|p1a: Tatsugiri\n|-boost|p1a: Tatsugiri|spa|2\n|move|p2a: AND IT NEVER ENDS|Knock Off|p1a: Tatsugiri\n|-damage|p1a: Tatsugiri|25\/100\n|-enditem|p1a: Tatsugiri|Heavy-Duty Boots|[from] move: Knock Off|[of] p2a: AND IT NEVER ENDS\n|\n|upkeep\n|turn|14\n|\n|t:|1700042442\n|move|p2a: AND IT NEVER ENDS|Sucker Punch|p1a: Tatsugiri\n|-damage|p1a: Tatsugiri|0 fnt\n|faint|p1a: Tatsugiri\n|\n|-sideend|p2: naughtymm|Reflect\n|upkeep\n|\n|t:|1700042446\n|switch|p1a: Clefable|Clefable, F|100\/100\n|turn|15\n|\n|t:|1700042449\n|switch|p2a: GHOSTRIDE|Gholdengo|100\/100 frz\n|move|p1a: Clefable|Moonblast|p2a: GHOSTRIDE\n|-resisted|p2a: GHOSTRIDE\n|-damage|p2a: GHOSTRIDE|83\/100 frz\n|-unboost|p2a: GHOSTRIDE|spa|1\n|\n|upkeep\n|turn|16\n|\n|t:|1700042453\n|switch|p1a: Landorus|Landorus-Therian, M|100\/100\n|-ability|p1a: Landorus|Intimidate|boost\n|-unboost|p2a: GHOSTRIDE|atk|1\n|cant|p2a: GHOSTRIDE|frz\n|\n|upkeep\n|turn|17\n|\n|t:|1700042460\n|switch|p2a: Landorus|Landorus-Therian, M|20\/100\n|-ability|p2a: Landorus|Intimidate|boost\n|-unboost|p1a: Landorus|atk|1\n|move|p1a: Landorus|Bulk Up|p1a: Landorus\n|-boost|p1a: Landorus|atk|1\n|-boost|p1a: Landorus|def|1\n|\n|upkeep\n|turn|18\n|\n|t:|1700042471\n|move|p1a: Landorus|Smack Down|p2a: Landorus\n|-damage|p2a: Landorus|7\/100\n|-start|p2a: Landorus|Smack Down\n|move|p2a: Landorus|U-turn|p1a: Landorus\n|-resisted|p1a: Landorus\n|-damage|p1a: Landorus|92\/100\n|\n|t:|1700042474\n|switch|p2a: CRACKING|Rillaboom, M|55\/100|[from] U-turn\n|-fieldstart|move: Grassy Terrain|[from] ability: Grassy Surge|[of] p2a: CRACKING\n|\n|-heal|p2a: CRACKING|61\/100|[from] Grassy Terrain\n|upkeep\n|turn|19\n|\n|t:|1700042490\n|-terastallize|p2a: CRACKING|Grass\n|move|p1a: Landorus|U-turn|p2a: CRACKING\n|-supereffective|p2a: CRACKING\n|-damage|p2a: CRACKING|0 fnt\n|faint|p2a: CRACKING\n|\n|t:|1700042499\n|switch|p1a: Clefable|Clefable, F|100\/100|[from] U-turn\n|\n|upkeep\n|\n|t:|1700042506\n|switch|p2a: NINA|Sneasler, F, shiny|100\/100\n|-enditem|p2a: NINA|Grassy Seed\n|-boost|p2a: NINA|def|1|[from] item: Grassy Seed\n|turn|20\n|\n|t:|1700042524\n|move|p2a: NINA|Swords Dance|p2a: NINA\n|-boost|p2a: NINA|atk|2\n|move|p1a: Clefable|Moonblast|p2a: NINA\n|-damage|p2a: NINA|63\/100\n|-unboost|p2a: NINA|spa|1\n|\n|-heal|p2a: NINA|70\/100|[from] Grassy Terrain\n|upkeep\n|turn|21\n|\n|t:|1700042529\n|move|p2a: NINA|Swords Dance|p2a: NINA\n|-boost|p2a: NINA|atk|2\n|move|p1a: Clefable|Encore|p2a: NINA\n|-start|p2a: NINA|Encore\n|\n|-heal|p2a: NINA|76\/100|[from] Grassy Terrain\n|upkeep\n|turn|22\n|\n|t:|1700042541\n|switch|p1a: Landorus|Landorus-Therian, M|92\/100\n|-ability|p1a: Landorus|Intimidate|boost\n|-unboost|p2a: NINA|atk|1\n|move|p2a: NINA|Swords Dance|p2a: NINA\n|-boost|p2a: NINA|atk|2\n|\n|-heal|p2a: NINA|82\/100|[from] Grassy Terrain\n|-fieldend|move: Grassy Terrain\n|upkeep\n|turn|23\n|\n|t:|1700042546\n|move|p2a: NINA|Swords Dance|p2a: NINA\n|-boost|p2a: NINA|atk|1\n|move|p1a: Landorus|Earthquake|p2a: NINA\n|-supereffective|p2a: NINA\n|-damage|p2a: NINA|0 fnt\n|faint|p2a: NINA\n|\n|upkeep\n|-message|naughtymm forfeited.\n|\n|win|BOX CRUSHER\n|raw|BOX CRUSHER's rating: 1274 &rarr; <strong>1301<\/strong><br \/>(+27 for winning)\n|raw|naughtymm's rating: 1298 &rarr; <strong>1271<\/strong><br \/>(-27 for losing)\n|l|\u2606naughtymm\n","uploadtime":1700042552,"views":12,"p1id":"boxcrusher","p2id":"naughtymm","formatid":"gen9ou","rating":1271,"private":0,"password":""}