{"id":"gen9ou-1997028826","p1":"VikontAlu","p2":"Tony93420","format":"[Gen 9] OU","log":"|j|\u2606VikontAlu\n|j|\u2606Tony93420\n|t:|1700757300\n|gametype|singles\n|player|p1|VikontAlu|265|1156\n|player|p2|Tony93420|hugh|1111\n|teamsize|p1|6\n|teamsize|p2|6\n|gen|9\n|tier|[Gen 9] OU\n|rated|\n|rule|Sleep Clause Mod: Limit one foe put to sleep\n|rule|Species Clause: Limit one of each Pok\u00e9mon\n|rule|OHKO Clause: OHKO moves are banned\n|rule|Evasion Items Clause: Evasion items are banned\n|rule|Evasion Moves Clause: Evasion moves are banned\n|rule|Endless Battle Clause: Forcing endless battles is banned\n|rule|HP Percentage Mod: HP is shown in percentages\n|clearpoke\n|poke|p1|Garganacl, M|\n|poke|p1|Great Tusk|\n|poke|p1|Gholdengo|\n|poke|p1|Iron Valiant|\n|poke|p1|Dragonite, M|\n|poke|p1|Zapdos|\n|poke|p2|Dragonite, M|\n|poke|p2|Gyarados, M|\n|poke|p2|Dragapult, F|\n|poke|p2|Gengar, M|\n|poke|p2|Zapdos|\n|poke|p2|Glimmora, F|\n|teampreview\n|inactive|Battle timer is ON: inactive players will automatically lose when time's up. (requested by Tony93420)\n|\n|t:|1700757306\n|start\n|switch|p1a: HE IS HIM|Garganacl, M|100\/100\n|switch|p2a: Glimmora|Glimmora, F|100\/100\n|turn|1\n|\n|t:|1700757313\n|move|p2a: Glimmora|Toxic|p1a: HE IS HIM\n|-immune|p1a: HE IS HIM|[from] ability: Purifying Salt\n|move|p1a: HE IS HIM|Salt Cure|p2a: Glimmora\n|-damage|p2a: Glimmora|85\/100\n|-start|p2a: Glimmora|Salt Cure\n|-activate|p2a: Glimmora|ability: Toxic Debris\n|-sidestart|p1: VikontAlu|move: Toxic Spikes\n|\n|-damage|p2a: Glimmora|73\/100|[from] Salt Cure\n|upkeep\n|turn|2\n|\n|t:|1700757327\n|move|p2a: Glimmora|Earth Power|p1a: HE IS HIM\n|-supereffective|p1a: HE IS HIM\n|-damage|p1a: HE IS HIM|49\/100\n|-unboost|p1a: HE IS HIM|spd|1\n|move|p1a: HE IS HIM|Curse|p1a: HE IS HIM\n|-unboost|p1a: HE IS HIM|spe|1\n|-boost|p1a: HE IS HIM|atk|1\n|-boost|p1a: HE IS HIM|def|1\n|\n|-heal|p1a: HE IS HIM|55\/100|[from] item: Leftovers\n|-damage|p2a: Glimmora|60\/100|[from] Salt Cure\n|upkeep\n|turn|3\n|\n|t:|1700757342\n|-terastallize|p1a: HE IS HIM|Water\n|move|p2a: Glimmora|Earth Power|p1a: HE IS HIM\n|-damage|p1a: HE IS HIM|19\/100\n|move|p1a: HE IS HIM|Recover|p1a: HE IS HIM\n|-heal|p1a: HE IS HIM|69\/100\n|\n|-heal|p1a: HE IS HIM|75\/100|[from] item: Leftovers\n|-damage|p2a: Glimmora|48\/100|[from] Salt Cure\n|upkeep\n|turn|4\n|\n|t:|1700757352\n|move|p2a: Glimmora|Stealth Rock|p1a: HE IS HIM\n|-sidestart|p1: VikontAlu|move: Stealth Rock\n|move|p1a: HE IS HIM|Earthquake|p2a: Glimmora\n|-supereffective|p2a: Glimmora\n|-damage|p2a: Glimmora|0 fnt\n|-activate|p2a: Glimmora|ability: Toxic Debris\n|-sidestart|p1: VikontAlu|move: Toxic Spikes\n|faint|p2a: Glimmora\n|\n|-heal|p1a: HE IS HIM|81\/100|[from] item: Leftovers\n|upkeep\n|\n|t:|1700757357\n|switch|p2a: Zapdos|Zapdos|100\/100\n|turn|5\n|\n|t:|1700757364\n|switch|p1a: Great Tusk|Great Tusk|100\/100\n|move|p2a: Zapdos|Thunderbolt|p1a: Great Tusk\n|-immune|p1a: Great Tusk\n|\n|upkeep\n|turn|6\n|\n|t:|1700757374\n|switch|p2a: Dragapult|Dragapult, F, shiny|100\/100\n|move|p1a: Great Tusk|Ice Spinner|p2a: Dragapult\n|-supereffective|p2a: Dragapult\n|-damage|p2a: Dragapult|23\/100\n|\n|upkeep\n|turn|7\n|\n|t:|1700757383\n|move|p2a: Dragapult|Shadow Ball|p1a: Great Tusk\n|-damage|p1a: Great Tusk|47\/100\n|-unboost|p1a: Great Tusk|spd|1\n|move|p1a: Great Tusk|Knock Off|p2a: Dragapult\n|-supereffective|p2a: Dragapult\n|-damage|p2a: Dragapult|0 fnt\n|-enditem|p2a: Dragapult|Focus Sash|[from] move: Knock Off|[of] p1a: Great Tusk\n|faint|p2a: Dragapult\n|\n|upkeep\n|\n|t:|1700757389\n|switch|p2a: Gengar|Gengar, M, shiny|100\/100\n|turn|8\n|\n|t:|1700757414\n|-end|p1a: Great Tusk|Protosynthesis|[silent]\n|switch|p1a: Zapppiii!!|Zapdos|100\/100\n|move|p2a: Gengar|Energy Ball|p1a: Zapppiii!!\n|-resisted|p1a: Zapppiii!!\n|-damage|p1a: Zapppiii!!|89\/100\n|\n|upkeep\n|turn|9\n|\n|t:|1700757430\n|move|p2a: Gengar|Sludge Bomb|p1a: Zapppiii!!\n|-damage|p1a: Zapppiii!!|58\/100\n|-status|p1a: Zapppiii!!|psn\n|move|p1a: Zapppiii!!|Discharge|p2a: Gengar\n|-damage|p2a: Gengar|47\/100\n|-status|p2a: Gengar|par\n|-start|p1a: Zapppiii!!|Disable|Discharge|[from] ability: Cursed Body|[of] p2a: Gengar\n|\n|-damage|p1a: Zapppiii!!|45\/100 psn|[from] psn\n|upkeep\n|turn|10\n|\n|t:|1700757442\n|move|p1a: Zapppiii!!|Hurricane|p2a: Gengar\n|-damage|p2a: Gengar|0 fnt\n|faint|p2a: Gengar\n|\n|-damage|p1a: Zapppiii!!|33\/100 psn|[from] psn\n|upkeep\n|\n|t:|1700757446\n|switch|p2a: Gyarados|Gyarados, M, shiny|100\/100\n|-ability|p2a: Gyarados|Intimidate|boost\n|-unboost|p1a: Zapppiii!!|atk|1\n|turn|11\n|\n|t:|1700757454\n|switch|p1a: Dragonite|Dragonite, M|100\/100\n|-terastallize|p2a: Gyarados|Ground\n|move|p2a: Gyarados|Dragon Dance|p2a: Gyarados\n|-boost|p2a: Gyarados|atk|1\n|-boost|p2a: Gyarados|spe|1\n|\n|upkeep\n|turn|12\n|\n|t:|1700757466\n|move|p2a: Gyarados|Waterfall|p1a: Dragonite\n|-resisted|p1a: Dragonite\n|-damage|p1a: Dragonite|85\/100\n|move|p1a: Dragonite|Earthquake|p2a: Gyarados\n|-damage|p2a: Gyarados|54\/100\n|\n|-heal|p2a: Gyarados|60\/100|[from] item: Leftovers\n|upkeep\n|turn|13\n|\n|t:|1700757483\n|move|p2a: Gyarados|Iron Head|p1a: Dragonite\n|-crit|p1a: Dragonite\n|-damage|p1a: Dragonite|16\/100\n|move|p1a: Dragonite|Ice Spinner|p2a: Gyarados\n|-supereffective|p2a: Gyarados\n|-damage|p2a: Gyarados|0 fnt\n|faint|p2a: Gyarados\n|\n|upkeep\n|\n|t:|1700757488\n|switch|p2a: Zapdos|Zapdos|100\/100\n|turn|14\n|\n|t:|1700757497\n|switch|p1a: Great Tusk|Great Tusk|47\/100\n|move|p2a: Zapdos|Thunderbolt|p1a: Great Tusk\n|-immune|p1a: Great Tusk\n|\n|upkeep\n|turn|15\n|\n|t:|1700757503\n|move|p1a: Great Tusk|Ice Spinner|p2a: Zapdos\n|-supereffective|p2a: Zapdos\n|-crit|p2a: Zapdos\n|-damage|p2a: Zapdos|0 fnt\n|faint|p2a: Zapdos\n|\n|upkeep\n|\n|t:|1700757506\n|switch|p2a: Dragonite|Dragonite, M|100\/100\n|turn|16\n|\n|t:|1700757509\n|move|p1a: Great Tusk|Ice Spinner|p2a: Dragonite\n|-supereffective|p2a: Dragonite\n|-crit|p2a: Dragonite\n|-damage|p2a: Dragonite|3\/100\n|move|p2a: Dragonite|Dragon Dance|p2a: Dragonite\n|-boost|p2a: Dragonite|atk|1\n|-boost|p2a: Dragonite|spe|1\n|\n|-heal|p2a: Dragonite|9\/100|[from] item: Leftovers\n|upkeep\n|turn|17\n|\n|t:|1700757518\n|move|p2a: Dragonite|Ice Spinner|p1a: Great Tusk\n|-supereffective|p1a: Great Tusk\n|-damage|p1a: Great Tusk|0 fnt\n|faint|p1a: Great Tusk\n|-end|p1a: Great Tusk|Protosynthesis|[silent]\n|\n|-heal|p2a: Dragonite|16\/100|[from] item: Leftovers\n|upkeep\n|\n|t:|1700757523\n|switch|p1a: Dragonite|Dragonite, M|16\/100\n|turn|18\n|\n|t:|1700757526\n|move|p2a: Dragonite|Extreme Speed|p1a: Dragonite\n|-damage|p1a: Dragonite|0 fnt\n|faint|p1a: Dragonite\n|\n|-heal|p2a: Dragonite|22\/100|[from] item: Leftovers\n|upkeep\n|\n|t:|1700757532\n|switch|p1a: HE IS HIM|Garganacl, M, tera:Water|81\/100\n|-damage|p1a: HE IS HIM|69\/100|[from] Stealth Rock\n|turn|19\n|\n|t:|1700757538\n|move|p2a: Dragonite|Earthquake|p1a: HE IS HIM\n|-damage|p1a: HE IS HIM|42\/100\n|move|p1a: HE IS HIM|Salt Cure|p2a: Dragonite\n|-supereffective|p2a: Dragonite\n|-damage|p2a: Dragonite|0 fnt\n|faint|p2a: Dragonite\n|\n|win|VikontAlu\n|raw|VikontAlu's rating: 1156 &rarr; <strong>1178<\/strong><br \/>(+22 for winning)\n|raw|Tony93420's rating: 1111 &rarr; <strong>1089<\/strong><br \/>(-22 for losing)\n|l|\u2606Tony93420\n","uploadtime":1700757559,"views":0,"p1id":"vikontalu","p2id":"tony93420","formatid":"gen9ou","rating":1089,"private":0,"password":""}