{"id":"gen9ou-1995809227","p1":"genesis7","p2":"Toasteduck","format":"[Gen 9] OU","log":"|j|\u2606genesis7\n|j|\u2606Toasteduck\n|t:|1700605254\n|gametype|singles\n|player|p1|genesis7|#ssdleviathans|1719\n|player|p2|Toasteduck|170|1830\n|teamsize|p1|6\n|teamsize|p2|6\n|gen|9\n|tier|[Gen 9] OU\n|rated|\n|rule|Sleep Clause Mod: Limit one foe put to sleep\n|rule|Species Clause: Limit one of each Pok\u00e9mon\n|rule|OHKO Clause: OHKO moves are banned\n|rule|Evasion Items Clause: Evasion items are banned\n|rule|Evasion Moves Clause: Evasion moves are banned\n|rule|Endless Battle Clause: Forcing endless battles is banned\n|rule|HP Percentage Mod: HP is shown in percentages\n|clearpoke\n|poke|p1|Cinderace, F|\n|poke|p1|Landorus-Therian, M|\n|poke|p1|Ribombee, M|\n|poke|p1|Manaphy|\n|poke|p1|Gholdengo|\n|poke|p1|Greninja-*, M|\n|poke|p2|Garganacl, F|\n|poke|p2|Great Tusk|\n|poke|p2|Hatterene, F|\n|poke|p2|Rillaboom, F|\n|poke|p2|Zapdos|\n|poke|p2|Goodra-Hisui, M|\n|teampreview\n|j| Revilo6000\n|\n|t:|1700605271\n|start\n|switch|p1a: Cinderace|Cinderace, F|100\/100\n|switch|p2a: Zapdos|Zapdos|100\/100\n|turn|1\n|j| Ashfak\n|\n|t:|1700605287\n|move|p1a: Cinderace|Pyro Ball|p2a: Zapdos\n|-crit|p2a: Zapdos\n|-damage|p2a: Zapdos|6\/100\n|move|p2a: Zapdos|U-turn|p1a: Cinderace\n|-resisted|p1a: Cinderace\n|-damage|p1a: Cinderace|91\/100\n|\n|t:|1700605291\n|switch|p2a: Garganacl|Garganacl, F|100\/100|[from] U-turn\n|\n|upkeep\n|turn|2\n|\n|t:|1700605302\n|move|p1a: Cinderace|High Jump Kick|p2a: Garganacl\n|-start|p1a: Cinderace|typechange|Fighting|[from] ability: Libero\n|-supereffective|p2a: Garganacl\n|-damage|p2a: Garganacl|33\/100\n|move|p2a: Garganacl|Salt Cure|p1a: Cinderace\n|-resisted|p1a: Cinderace\n|-damage|p1a: Cinderace|81\/100\n|-start|p1a: Cinderace|Salt Cure\n|\n|-heal|p2a: Garganacl|39\/100|[from] item: Leftovers\n|-damage|p1a: Cinderace|69\/100|[from] Salt Cure\n|upkeep\n|turn|3\n|\n|t:|1700605326\n|-terastallize|p2a: Garganacl|Fairy\n|move|p1a: Cinderace|U-turn|p2a: Garganacl\n|-resisted|p2a: Garganacl\n|-damage|p2a: Garganacl|33\/100\n|\n|t:|1700605336\n|switch|p1a: Kuzko|Gholdengo|100\/100|[from] U-turn\n|-item|p1a: Kuzko|Air Balloon\n|move|p2a: Garganacl|Recover|p2a: Garganacl\n|-heal|p2a: Garganacl|83\/100\n|\n|-heal|p2a: Garganacl|89\/100|[from] item: Leftovers\n|upkeep\n|turn|4\n|\n|t:|1700605344\n|switch|p2a: Goodra|Goodra-Hisui, M|100\/100\n|move|p1a: Kuzko|Make It Rain|p2a: Goodra\n|-resisted|p2a: Goodra\n|-damage|p2a: Goodra|83\/100\n|-unboost|p1a: Kuzko|spa|1\n|\n|-heal|p2a: Goodra|89\/100|[from] item: Leftovers\n|upkeep\n|turn|5\n|\n|t:|1700605355\n|switch|p1a: Landorus|Landorus-Therian, M|100\/100\n|-ability|p1a: Landorus|Intimidate|boost\n|-unboost|p2a: Goodra|atk|1\n|move|p2a: Goodra|Knock Off|p1a: Landorus\n|-damage|p1a: Landorus|85\/100\n|-enditem|p1a: Landorus|Choice Band|[from] move: Knock Off|[of] p2a: Goodra\n|\n|-heal|p2a: Goodra|95\/100|[from] item: Leftovers\n|upkeep\n|turn|6\n|j| simplegent\n|\n|t:|1700605366\n|switch|p2a: Garganacl|Garganacl, F, tera:Fairy|89\/100\n|move|p1a: Landorus|U-turn|p2a: Garganacl\n|-resisted|p2a: Garganacl\n|-damage|p2a: Garganacl|81\/100\n|\n|t:|1700605375\n|switch|p1a: Ribombee|Ribombee, M|100\/100|[from] U-turn\n|\n|-heal|p2a: Garganacl|87\/100|[from] item: Leftovers\n|upkeep\n|turn|7\n|\n|t:|1700605381\n|switch|p2a: Hatterene|Hatterene, F|100\/100\n|move|p1a: Ribombee|Moonblast|p2a: Hatterene\n|-damage|p2a: Hatterene|57\/100\n|\n|upkeep\n|turn|8\n|j| dfghhhg\n|\n|t:|1700605389\n|move|p1a: Ribombee|Moonblast|p2a: Hatterene\n|-damage|p2a: Hatterene|18\/100\n|move|p2a: Hatterene|Mystical Fire|p1a: Ribombee\n|-supereffective|p1a: Ribombee\n|-enditem|p1a: Ribombee|Focus Sash\n|-damage|p1a: Ribombee|1\/100\n|\n|upkeep\n|turn|9\n|\n|t:|1700605395\n|switch|p2a: Rillaboom|Rillaboom, F|100\/100\n|-fieldstart|move: Grassy Terrain|[from] ability: Grassy Surge|[of] p2a: Rillaboom\n|move|p1a: Ribombee|Bug Buzz|p2a: Rillaboom\n|-supereffective|p2a: Rillaboom\n|-damage|p2a: Rillaboom|34\/100\n|\n|-heal|p1a: Ribombee|7\/100|[from] Grassy Terrain\n|-heal|p2a: Rillaboom|40\/100|[from] Grassy Terrain\n|upkeep\n|turn|10\n|\n|t:|1700605406\n|move|p2a: Rillaboom|Grassy Glide|p1a: Ribombee\n|-resisted|p1a: Ribombee\n|-damage|p1a: Ribombee|0 fnt\n|faint|p1a: Ribombee\n|\n|-heal|p2a: Rillaboom|47\/100|[from] Grassy Terrain\n|upkeep\n|\n|t:|1700605413\n|switch|p1a: Cinderace|Cinderace, F|69\/100\n|turn|11\n|j| SandGetsEverywhere\n|\n|t:|1700605416\n|switch|p2a: Garganacl|Garganacl, F, tera:Fairy|87\/100\n|move|p1a: Cinderace|Pyro Ball|p2a: Garganacl\n|-damage|p2a: Garganacl|58\/100\n|\n|-heal|p1a: Cinderace|75\/100|[from] Grassy Terrain\n|-heal|p2a: Garganacl|64\/100|[from] Grassy Terrain\n|-heal|p2a: Garganacl|70\/100|[from] item: Leftovers\n|upkeep\n|turn|12\n|\n|t:|1700605431\n|-terastallize|p1a: Cinderace|Fire\n|move|p1a: Cinderace|Pyro Ball|p2a: Garganacl\n|-damage|p2a: Garganacl|29\/100\n|move|p2a: Garganacl|Salt Cure|p1a: Cinderace\n|-supereffective|p1a: Cinderace\n|-damage|p1a: Cinderace|36\/100\n|-start|p1a: Cinderace|Salt Cure\n|\n|-heal|p1a: Cinderace|42\/100|[from] Grassy Terrain\n|-heal|p2a: Garganacl|35\/100|[from] Grassy Terrain\n|-heal|p2a: Garganacl|41\/100|[from] item: Leftovers\n|-damage|p1a: Cinderace|30\/100|[from] Salt Cure\n|upkeep\n|turn|13\n|\n|t:|1700605438\n|move|p1a: Cinderace|Pyro Ball|p2a: Garganacl\n|-damage|p2a: Garganacl|4\/100\n|move|p2a: Garganacl|Recover|p2a: Garganacl\n|-heal|p2a: Garganacl|54\/100\n|\n|-heal|p1a: Cinderace|36\/100|[from] Grassy Terrain\n|-heal|p2a: Garganacl|60\/100|[from] Grassy Terrain\n|-heal|p2a: Garganacl|66\/100|[from] item: Leftovers\n|-damage|p1a: Cinderace|23\/100|[from] Salt Cure\n|-fieldend|move: Grassy Terrain\n|upkeep\n|turn|14\n|l| SandGetsEverywhere\n|\n|t:|1700605443\n|move|p1a: Cinderace|U-turn|p2a: Garganacl\n|-resisted|p2a: Garganacl\n|-damage|p2a: Garganacl|60\/100\n|\n|t:|1700605445\n|switch|p1a: Kuzko|Gholdengo|100\/100|[from] U-turn\n|-item|p1a: Kuzko|Air Balloon\n|move|p2a: Garganacl|Recover|p2a: Garganacl\n|-heal|p2a: Garganacl|100\/100\n|\n|upkeep\n|turn|15\n|\n|t:|1700605454\n|switch|p1a: Landorus|Landorus-Therian, M|85\/100\n|-ability|p1a: Landorus|Intimidate|boost\n|-unboost|p2a: Garganacl|atk|1\n|switch|p2a: Goodra|Goodra-Hisui, M|95\/100\n|\n|-heal|p2a: Goodra|100\/100|[from] item: Leftovers\n|upkeep\n|turn|16\n|\n|t:|1700605463\n|move|p1a: Landorus|U-turn|p2a: Goodra\n|-resisted|p2a: Goodra\n|-damage|p2a: Goodra|89\/100\n|-ability|p2a: Goodra|Gooey\n|-unboost|p1a: Landorus|spe|1\n|l| Revilo6000\n|j| Revilo6000\n|\n|t:|1700605479\n|switch|p1a: Manaphy|Manaphy|100\/100|[from] U-turn\n|move|p2a: Goodra|Chilling Water|p1a: Manaphy\n|-resisted|p1a: Manaphy\n|-damage|p1a: Manaphy|94\/100\n|-unboost|p1a: Manaphy|atk|1\n|\n|-heal|p2a: Goodra|96\/100|[from] item: Leftovers\n|upkeep\n|turn|17\n|\n|t:|1700605488\n|switch|p1a: Landorus|Landorus-Therian, M|85\/100\n|-ability|p1a: Landorus|Intimidate|boost\n|-unboost|p2a: Goodra|atk|1\n|move|p2a: Goodra|Knock Off|p1a: Landorus\n|-damage|p1a: Landorus|74\/100\n|\n|-heal|p2a: Goodra|100\/100|[from] item: Leftovers\n|upkeep\n|turn|18\n|\n|t:|1700605500\n|switch|p2a: Garganacl|Garganacl, F, tera:Fairy|100\/100\n|move|p1a: Landorus|Earthquake|p2a: Garganacl\n|-damage|p2a: Garganacl|69\/100\n|\n|-heal|p2a: Garganacl|75\/100|[from] item: Leftovers\n|upkeep\n|turn|19\n|\n|t:|1700605510\n|move|p1a: Landorus|Earthquake|p2a: Garganacl\n|-damage|p2a: Garganacl|42\/100\n|move|p2a: Garganacl|Salt Cure|p1a: Landorus\n|-damage|p1a: Landorus|57\/100\n|-start|p1a: Landorus|Salt Cure\n|\n|-heal|p2a: Garganacl|48\/100|[from] item: Leftovers\n|-damage|p1a: Landorus|45\/100|[from] Salt Cure\n|upkeep\n|turn|20\n|\n|t:|1700605514\n|move|p1a: Landorus|U-turn|p2a: Garganacl\n|-resisted|p2a: Garganacl\n|-damage|p2a: Garganacl|40\/100\n|\n|t:|1700605517\n|switch|p1a: Kuzko|Gholdengo|100\/100|[from] U-turn\n|-item|p1a: Kuzko|Air Balloon\n|move|p2a: Garganacl|Salt Cure|p1a: Kuzko\n|-resisted|p1a: Kuzko\n|-damage|p1a: Kuzko|94\/100\n|-start|p1a: Kuzko|Salt Cure\n|-enditem|p1a: Kuzko|Air Balloon\n|\n|-heal|p2a: Garganacl|46\/100|[from] item: Leftovers\n|-damage|p1a: Kuzko|69\/100|[from] Salt Cure\n|upkeep\n|turn|21\n|\n|t:|1700605525\n|switch|p2a: Goodra|Goodra-Hisui, M|100\/100\n|move|p1a: Kuzko|Make It Rain|p2a: Goodra\n|-resisted|p2a: Goodra\n|-damage|p2a: Goodra|83\/100\n|-unboost|p1a: Kuzko|spa|1\n|\n|-heal|p2a: Goodra|89\/100|[from] item: Leftovers\n|-damage|p1a: Kuzko|44\/100|[from] Salt Cure\n|upkeep\n|turn|22\n|\n|t:|1700605529\n|switch|p1a: Manaphy|Manaphy|94\/100\n|move|p2a: Goodra|Chilling Water|p1a: Manaphy\n|-resisted|p1a: Manaphy\n|-damage|p1a: Manaphy|88\/100\n|-unboost|p1a: Manaphy|atk|1\n|\n|-heal|p2a: Goodra|96\/100|[from] item: Leftovers\n|upkeep\n|turn|23\n|\n|t:|1700605538\n|switch|p1a: Landorus|Landorus-Therian, M|45\/100\n|-ability|p1a: Landorus|Intimidate|boost\n|-unboost|p2a: Goodra|atk|1\n|move|p2a: Goodra|Chilling Water|p1a: Landorus\n|-supereffective|p1a: Landorus\n|-damage|p1a: Landorus|11\/100\n|-unboost|p1a: Landorus|atk|1\n|\n|-heal|p2a: Goodra|100\/100|[from] item: Leftovers\n|upkeep\n|turn|24\n|\n|t:|1700605545\n|move|p1a: Landorus|U-turn|p2a: Goodra\n|-resisted|p2a: Goodra\n|-damage|p2a: Goodra|93\/100\n|-ability|p2a: Goodra|Gooey\n|-unboost|p1a: Landorus|spe|1\n|\n|t:|1700605549\n|switch|p1a: Kuzko|Gholdengo|44\/100|[from] U-turn\n|move|p2a: Goodra|Chilling Water|p1a: Kuzko\n|-damage|p1a: Kuzko|33\/100\n|-unboost|p1a: Kuzko|atk|1\n|\n|-heal|p2a: Goodra|99\/100|[from] item: Leftovers\n|upkeep\n|turn|25\n|\n|t:|1700605554\n|move|p1a: Kuzko|Recover|p1a: Kuzko\n|-heal|p1a: Kuzko|83\/100\n|move|p2a: Goodra|Knock Off|p1a: Kuzko\n|-supereffective|p1a: Kuzko\n|-damage|p1a: Kuzko|66\/100\n|\n|-heal|p2a: Goodra|100\/100|[from] item: Leftovers\n|upkeep\n|turn|26\n|\n|t:|1700605570\n|move|p1a: Kuzko|Recover|p1a: Kuzko\n|-heal|p1a: Kuzko|100\/100\n|move|p2a: Goodra|Dragon Tail|p1a: Kuzko\n|-resisted|p1a: Kuzko\n|-damage|p1a: Kuzko|95\/100\n|drag|p1a: Manaphy|Manaphy|88\/100\n|\n|upkeep\n|turn|27\n|\n|t:|1700605576\n|switch|p1a: Kuzko|Gholdengo|95\/100\n|move|p2a: Goodra|Knock Off|p1a: Kuzko\n|-supereffective|p1a: Kuzko\n|-damage|p1a: Kuzko|78\/100\n|\n|upkeep\n|turn|28\n|\n|t:|1700605585\n|switch|p2a: Hatterene|Hatterene, F|18\/100\n|move|p1a: Kuzko|Nasty Plot|p1a: Kuzko\n|-boost|p1a: Kuzko|spa|2\n|\n|upkeep\n|turn|29\n|\n|t:|1700605589\n|move|p1a: Kuzko|Shadow Ball|p2a: Hatterene\n|-supereffective|p2a: Hatterene\n|-damage|p2a: Hatterene|0 fnt\n|faint|p2a: Hatterene\n|\n|upkeep\n|\n|t:|1700605598\n|switch|p2a: Great Tusk|Great Tusk|100\/100\n|-enditem|p2a: Great Tusk|Booster Energy\n|-activate|p2a: Great Tusk|ability: Protosynthesis|[fromitem]\n|-start|p2a: Great Tusk|protosynthesisatk\n|turn|30\n|\n|t:|1700605601\n|switch|p1a: Manaphy|Manaphy|88\/100\n|move|p2a: Great Tusk|Ice Spinner|p1a: Manaphy\n|-resisted|p1a: Manaphy\n|-damage|p1a: Manaphy|69\/100\n|\n|upkeep\n|turn|31\n|\n|t:|1700605609\n|-end|p2a: Great Tusk|Protosynthesis|[silent]\n|switch|p2a: Rillaboom|Rillaboom, F|47\/100\n|-fieldstart|move: Grassy Terrain|[from] ability: Grassy Surge|[of] p2a: Rillaboom\n|move|p1a: Manaphy|Psychic|p2a: Rillaboom\n|-damage|p2a: Rillaboom|24\/100\n|\n|-heal|p1a: Manaphy|75\/100|[from] Grassy Terrain\n|-heal|p2a: Rillaboom|30\/100|[from] Grassy Terrain\n|upkeep\n|turn|32\n|\n|t:|1700605618\n|switch|p1a: Kuzko|Gholdengo|78\/100\n|move|p2a: Rillaboom|Drum Beating|p1a: Kuzko\n|-resisted|p1a: Kuzko\n|-damage|p1a: Kuzko|54\/100\n|-unboost|p1a: Kuzko|spe|1\n|\n|-heal|p2a: Rillaboom|36\/100|[from] Grassy Terrain\n|-heal|p1a: Kuzko|60\/100|[from] Grassy Terrain\n|upkeep\n|turn|33\n|\n|t:|1700605634\n|switch|p2a: Goodra|Goodra-Hisui, M|100\/100\n|move|p1a: Kuzko|Make It Rain|p2a: Goodra\n|-resisted|p2a: Goodra\n|-damage|p2a: Goodra|84\/100\n|-unboost|p1a: Kuzko|spa|1\n|\n|-heal|p2a: Goodra|90\/100|[from] Grassy Terrain\n|-heal|p2a: Goodra|96\/100|[from] item: Leftovers\n|-heal|p1a: Kuzko|66\/100|[from] Grassy Terrain\n|upkeep\n|turn|34\n|\n|t:|1700605642\n|move|p1a: Kuzko|Nasty Plot|p1a: Kuzko\n|-boost|p1a: Kuzko|spa|2\n|move|p2a: Goodra|Dragon Tail|p1a: Kuzko\n|-resisted|p1a: Kuzko\n|-damage|p1a: Kuzko|58\/100\n|drag|p1a: Landorus|Landorus-Therian, M|11\/100\n|-ability|p1a: Landorus|Intimidate|boost\n|-unboost|p2a: Goodra|atk|1\n|\n|-heal|p2a: Goodra|100\/100|[from] Grassy Terrain\n|upkeep\n|turn|35\n|\n|t:|1700605650\n|move|p1a: Landorus|U-turn|p2a: Goodra\n|-resisted|p2a: Goodra\n|-damage|p2a: Goodra|89\/100\n|-ability|p2a: Goodra|Gooey\n|-unboost|p1a: Landorus|spe|1\n|\n|t:|1700605653\n|switch|p1a: Kuzko|Gholdengo|58\/100|[from] U-turn\n|move|p2a: Goodra|Dragon Tail|p1a: Kuzko\n|-resisted|p1a: Kuzko\n|-damage|p1a: Kuzko|52\/100\n|drag|p1a: Manaphy|Manaphy|75\/100\n|\n|-heal|p1a: Manaphy|81\/100|[from] Grassy Terrain\n|-heal|p2a: Goodra|95\/100|[from] Grassy Terrain\n|-heal|p2a: Goodra|100\/100|[from] item: Leftovers\n|-fieldend|move: Grassy Terrain\n|upkeep\n|turn|36\n|\n|t:|1700605661\n|switch|p1a: Kuzko|Gholdengo|52\/100\n|move|p2a: Goodra|Dragon Tail|p1a: Kuzko\n|-resisted|p1a: Kuzko\n|-damage|p1a: Kuzko|46\/100\n|drag|p1a: Cinderace|Cinderace, F, tera:Fire|23\/100\n|\n|upkeep\n|turn|37\n|\n|t:|1700605670\n|move|p1a: Cinderace|High Jump Kick|p2a: Goodra\n|-supereffective|p2a: Goodra\n|-damage|p2a: Goodra|32\/100\n|-ability|p2a: Goodra|Gooey\n|-unboost|p1a: Cinderace|spe|1\n|move|p2a: Goodra|Dragon Tail|p1a: Cinderace\n|-damage|p1a: Cinderace|6\/100\n|drag|p1a: Landorus|Landorus-Therian, M|11\/100\n|-ability|p1a: Landorus|Intimidate|boost\n|-unboost|p2a: Goodra|atk|1\n|\n|-heal|p2a: Goodra|38\/100|[from] item: Leftovers\n|upkeep\n|turn|38\n|\n|t:|1700605680\n|switch|p2a: Zapdos|Zapdos|6\/100\n|move|p1a: Landorus|U-turn|p2a: Zapdos\n|-resisted|p2a: Zapdos\n|-damage|p2a: Zapdos|0 fnt\n|faint|p2a: Zapdos\n|\n|t:|1700605693\n|switch|p1a: Kuzko|Gholdengo|46\/100|[from] U-turn\n|\n|upkeep\n|\n|t:|1700605700\n|switch|p2a: Great Tusk|Great Tusk|100\/100\n|turn|39\n|\n|t:|1700605703\n|switch|p1a: Manaphy|Manaphy|81\/100\n|move|p2a: Great Tusk|Headlong Rush|p1a: Manaphy\n|-damage|p1a: Manaphy|19\/100\n|-unboost|p2a: Great Tusk|def|1\n|-unboost|p2a: Great Tusk|spd|1\n|\n|upkeep\n|turn|40\n|-enditem|p1a: Manaphy|Custap Berry|[eat]\n|-activate|p1a: Manaphy|item: Custap Berry|[consumed]\n|\n|t:|1700605714\n|-end|p2a: Great Tusk|Protosynthesis|[silent]\n|switch|p2a: Goodra|Goodra-Hisui, M|38\/100\n|move|p1a: Manaphy|Psychic|p2a: Goodra\n|-resisted|p2a: Goodra\n|-crit|p2a: Goodra\n|-damage|p2a: Goodra|25\/100\n|-unboost|p2a: Goodra|spd|1\n|\n|-heal|p2a: Goodra|31\/100|[from] item: Leftovers\n|upkeep\n|turn|41\n|\n|t:|1700605726\n|switch|p1a: Kuzko|Gholdengo|46\/100\n|move|p2a: Goodra|Dragon Tail|p1a: Kuzko\n|-resisted|p1a: Kuzko\n|-damage|p1a: Kuzko|37\/100\n|drag|p1a: Manaphy|Manaphy|19\/100\n|\n|-heal|p2a: Goodra|37\/100|[from] item: Leftovers\n|upkeep\n|turn|42\n|j| antonyp\n|\n|t:|1700605733\n|switch|p1a: Kuzko|Gholdengo|37\/100\n|switch|p2a: Rillaboom|Rillaboom, F|36\/100\n|-fieldstart|move: Grassy Terrain|[from] ability: Grassy Surge|[of] p2a: Rillaboom\n|\n|-heal|p2a: Rillaboom|42\/100|[from] Grassy Terrain\n|-heal|p1a: Kuzko|43\/100|[from] Grassy Terrain\n|upkeep\n|turn|43\n|\n|t:|1700605740\n|move|p2a: Rillaboom|Knock Off|p1a: Kuzko\n|-supereffective|p1a: Kuzko\n|-damage|p1a: Kuzko|2\/100\n|move|p1a: Kuzko|Make It Rain|p2a: Rillaboom\n|-damage|p2a: Rillaboom|0 fnt\n|-unboost|p1a: Kuzko|spa|1\n|faint|p2a: Rillaboom\n|\n|-heal|p1a: Kuzko|8\/100|[from] Grassy Terrain\n|upkeep\n|\n|t:|1700605751\n|switch|p2a: Great Tusk|Great Tusk|100\/100\n|turn|44\n|\n|t:|1700605756\n|switch|p1a: Manaphy|Manaphy|19\/100\n|move|p2a: Great Tusk|Rapid Spin|p1a: Manaphy\n|-damage|p1a: Manaphy|0 fnt\n|-boost|p2a: Great Tusk|spe|1\n|faint|p1a: Manaphy\n|\n|upkeep\n|\n|t:|1700605766\n|switch|p1a: Landorus|Landorus-Therian, M|11\/100\n|-ability|p1a: Landorus|Intimidate|boost\n|-unboost|p2a: Great Tusk|atk|1\n|turn|45\n|\n|t:|1700605770\n|move|p2a: Great Tusk|Bulk Up|p2a: Great Tusk\n|-boost|p2a: Great Tusk|atk|1\n|-boost|p2a: Great Tusk|def|1\n|move|p1a: Landorus|U-turn|p2a: Great Tusk\n|-resisted|p2a: Great Tusk\n|-damage|p2a: Great Tusk|93\/100\n|\n|t:|1700605773\n|switch|p1a: Greninja|Greninja, M|100\/100|[from] U-turn\n|\n|-heal|p2a: Great Tusk|99\/100|[from] Grassy Terrain\n|upkeep\n|turn|46\n|\n|t:|1700605778\n|move|p2a: Great Tusk|Headlong Rush|p1a: Greninja\n|-damage|p1a: Greninja|0 fnt\n|-unboost|p2a: Great Tusk|def|1\n|-unboost|p2a: Great Tusk|spd|1\n|faint|p1a: Greninja\n|\n|-heal|p2a: Great Tusk|100\/100|[from] Grassy Terrain\n|-fieldend|move: Grassy Terrain\n|upkeep\n|-message|genesis7 forfeited.\n|\n|win|Toasteduck\n|raw|genesis7's rating: 1719 &rarr; <strong>1705<\/strong><br \/>(-14 for losing)\n|raw|Toasteduck's rating: 1830 &rarr; <strong>1844<\/strong><br \/>(+14 for winning)\n|l|\u2606genesis7\n|l| Revilo6000\n","uploadtime":1700605796,"views":19,"p1id":"genesis7","p2id":"toasteduck","formatid":"gen9ou","rating":1705,"private":0,"password":""}