{"id":"gen9ou-1988775704","p1":"XxPOKEMONLORD420xX","p2":"Mhyung","format":"[Gen 9] OU","log":"|j|\u2606XxPOKEMONLORD420xX\n|j|\u2606Mhyung\n|t:|1699761578\n|gametype|singles\n|player|p1|XxPOKEMONLORD420xX|fisherman-gen4|\n|player|p2|Mhyung|dawn|\n|teamsize|p1|6\n|teamsize|p2|6\n|gen|9\n|tier|[Gen 9] OU\n|rule|Sleep Clause Mod: Limit one foe put to sleep\n|rule|Species Clause: Limit one of each Pok\u00e9mon\n|rule|OHKO Clause: OHKO moves are banned\n|rule|Evasion Items Clause: Evasion items are banned\n|rule|Evasion Moves Clause: Evasion moves are banned\n|rule|Endless Battle Clause: Forcing endless battles is banned\n|rule|HP Percentage Mod: HP is shown in percentages\n|clearpoke\n|poke|p1|Vaporeon, M|\n|poke|p1|Rillaboom, M|\n|poke|p1|Jirachi|\n|poke|p1|Politoed, F|\n|poke|p1|Clefable, M|\n|poke|p1|Gastrodon, M|\n|poke|p2|Kingambit, F|\n|poke|p2|Dragonite, F|\n|poke|p2|Glimmora, F|\n|poke|p2|Rotom-Wash|\n|poke|p2|Chesnaught, F|\n|poke|p2|Mimikyu, F|\n|teampreview\n|c|\u2606XxPOKEMONLORD420xX|GLHF GREETINGS FROM ARGENTINA!!!!\n|c|\u2606Mhyung|HELLLLOOO\n|c|\u2606Mhyung|GREETINGS FROM CALIFORNIA\n|\n|t:|1699761666\n|start\n|switch|p1a: Politoed|Politoed, F|100\/100\n|switch|p2a: Glimmora|Glimmora, F|100\/100\n|-weather|RainDance|[from] ability: Drizzle|[of] p1a: Politoed\n|turn|1\n|\n|t:|1699761693\n|move|p2a: Glimmora|Stealth Rock|p1a: Politoed\n|-sidestart|p1: XxPOKEMONLORD420xX|move: Stealth Rock\n|move|p1a: Politoed|Liquidation|p2a: Glimmora\n|-supereffective|p2a: Glimmora\n|-damage|p2a: Glimmora|26\/100\n|-unboost|p2a: Glimmora|def|1\n|-activate|p2a: Glimmora|ability: Toxic Debris\n|-sidestart|p1: XxPOKEMONLORD420xX|move: Toxic Spikes\n|\n|-weather|RainDance|[upkeep]\n|upkeep\n|turn|2\n|\n|t:|1699761725\n|switch|p2a: Rotom|Rotom-Wash|100\/100\n|move|p1a: Politoed|Liquidation|p2a: Rotom\n|-resisted|p2a: Rotom\n|-damage|p2a: Rotom|85\/100\n|\n|-weather|RainDance|[upkeep]\n|upkeep\n|turn|3\n|\n|t:|1699761743\n|switch|p1a: Gastrodon|Gastrodon, M|100\/100\n|-damage|p1a: Gastrodon|94\/100|[from] Stealth Rock\n|-status|p1a: Gastrodon|psn\n|move|p2a: Rotom|Thunderbolt|p1a: Gastrodon\n|-immune|p1a: Gastrodon\n|\n|-weather|RainDance|[upkeep]\n|-heal|p1a: Gastrodon|100\/100 psn|[from] item: Leftovers\n|-damage|p1a: Gastrodon|88\/100 psn|[from] psn\n|upkeep\n|turn|4\n|\n|t:|1699761784\n|switch|p2a: Chesnaught|Chesnaught, F|100\/100\n|move|p1a: Gastrodon|Sludge Bomb|p2a: Chesnaught\n|-immune|p2a: Chesnaught|[from] ability: Bulletproof\n|\n|-weather|RainDance|[upkeep]\n|-heal|p1a: Gastrodon|94\/100 psn|[from] item: Leftovers\n|-damage|p1a: Gastrodon|82\/100 psn|[from] psn\n|upkeep\n|turn|5\n|\n|t:|1699761800\n|switch|p1a: Clefable|Clefable, M|100\/100\n|-status|p1a: Clefable|psn\n|move|p2a: Chesnaught|Spikes|p1a: Clefable\n|-sidestart|p1: XxPOKEMONLORD420xX|Spikes\n|\n|-weather|RainDance|[upkeep]\n|upkeep\n|turn|6\n|\n|t:|1699761826\n|move|p2a: Chesnaught|Wood Hammer|p1a: Clefable\n|-crit|p1a: Clefable\n|-damage|p1a: Clefable|31\/100 psn\n|-damage|p2a: Chesnaught|77\/100|[from] Recoil\n|move|p1a: Clefable|Stealth Rock|p2a: Chesnaught\n|-sidestart|p2: Mhyung|move: Stealth Rock\n|\n|-weather|RainDance|[upkeep]\n|-heal|p2a: Chesnaught|83\/100|[from] item: Leftovers\n|-heal|p1a: Clefable|37\/100 psn|[from] item: Leftovers\n|upkeep\n|turn|7\n|\n|t:|1699761862\n|switch|p1a: Rillaboom|Rillaboom, M|100\/100\n|-damage|p1a: Rillaboom|88\/100|[from] Stealth Rock\n|-status|p1a: Rillaboom|psn\n|-damage|p1a: Rillaboom|76\/100 psn|[from] Spikes\n|-fieldstart|move: Grassy Terrain|[from] ability: Grassy Surge|[of] p1a: Rillaboom\n|move|p2a: Chesnaught|Spikes|p1a: Rillaboom\n|-sidestart|p1: XxPOKEMONLORD420xX|Spikes\n|\n|-weather|RainDance|[upkeep]\n|-heal|p1a: Rillaboom|82\/100 psn|[from] Grassy Terrain\n|-heal|p2a: Chesnaught|89\/100|[from] Grassy Terrain\n|-heal|p2a: Chesnaught|95\/100|[from] item: Leftovers\n|-damage|p1a: Rillaboom|70\/100 psn|[from] psn\n|upkeep\n|turn|8\n|\n|t:|1699761892\n|move|p1a: Rillaboom|U-turn|p2a: Chesnaught\n|-damage|p2a: Chesnaught|81\/100\n|\n|t:|1699761931\n|switch|p1a: Jirachi|Jirachi|100\/100|[from] U-turn\n|-damage|p1a: Jirachi|94\/100|[from] Stealth Rock\n|-damage|p1a: Jirachi|78\/100|[from] Spikes\n|move|p2a: Chesnaught|Wood Hammer|p1a: Jirachi\n|-resisted|p1a: Jirachi\n|-damage|p1a: Jirachi|48\/100\n|-damage|p2a: Chesnaught|72\/100|[from] Recoil\n|\n|-weather|none\n|-heal|p1a: Jirachi|54\/100|[from] Grassy Terrain\n|-heal|p2a: Chesnaught|78\/100|[from] Grassy Terrain\n|-heal|p2a: Chesnaught|84\/100|[from] item: Leftovers\n|upkeep\n|turn|9\n|j| Rainy34\n|\n|t:|1699761965\n|move|p1a: Jirachi|Trick|p2a: Chesnaught\n|-activate|p1a: Jirachi|move: Trick|[of] p2a: Chesnaught\n|-item|p2a: Chesnaught|Choice Scarf|[from] move: Trick\n|-item|p1a: Jirachi|Leftovers|[from] move: Trick\n|move|p2a: Chesnaught|Close Combat|p1a: Jirachi\n|-damage|p1a: Jirachi|12\/100\n|-unboost|p2a: Chesnaught|def|1\n|-unboost|p2a: Chesnaught|spd|1\n|\n|-heal|p1a: Jirachi|18\/100|[from] Grassy Terrain\n|-heal|p1a: Jirachi|24\/100|[from] item: Leftovers\n|-heal|p2a: Chesnaught|90\/100|[from] Grassy Terrain\n|upkeep\n|turn|10\n|c|\u2606XxPOKEMONLORD420xX|G_G\n|c|\u2606Mhyung|;w;\n|\n|t:|1699761996\n|move|p1a: Jirachi|Healing Wish|p1a: Jirachi\n|faint|p1a: Jirachi\n|move|p2a: Chesnaught|Close Combat|p1: Jirachi|[notarget]\n|-fail|p2a: Chesnaught\n|\n|-heal|p2a: Chesnaught|96\/100|[from] Grassy Terrain\n|upkeep\n|\n|t:|1699762006\n|switch|p1a: Clefable|Clefable, M|37\/100 psn\n|-heal|p1a: Clefable|100\/100|[from] move: Healing Wish\n|-status|p1a: Clefable|psn\n|turn|11\n|\n|t:|1699762049\n|switch|p2a: Glimmora|Glimmora, F|26\/100\n|-damage|p2a: Glimmora|14\/100|[from] Stealth Rock\n|move|p1a: Clefable|Moonblast|p2a: Glimmora\n|-resisted|p2a: Glimmora\n|-damage|p2a: Glimmora|0 fnt\n|faint|p2a: Glimmora\n|\n|upkeep\n|\n|t:|1699762075\n|switch|p2a: Mimikyu|Mimikyu, F|100\/100\n|-damage|p2a: Mimikyu|88\/100|[from] Stealth Rock\n|turn|12\n|\n|t:|1699762099\n|switch|p1a: Politoed|Politoed, F|100\/100\n|-damage|p1a: Politoed|88\/100|[from] Stealth Rock\n|-status|p1a: Politoed|psn\n|-damage|p1a: Politoed|72\/100 psn|[from] Spikes\n|-weather|RainDance|[from] ability: Drizzle|[of] p1a: Politoed\n|move|p2a: Mimikyu|Play Rough|p1a: Politoed\n|-damage|p1a: Politoed|11\/100 psn\n|-damage|p2a: Mimikyu|78\/100|[from] item: Life Orb\n|\n|-weather|RainDance|[upkeep]\n|-heal|p2a: Mimikyu|84\/100|[from] Grassy Terrain\n|-heal|p1a: Politoed|17\/100 psn|[from] Grassy Terrain\n|-damage|p1a: Politoed|4\/100 psn|[from] psn\n|upkeep\n|turn|13\n|\n|t:|1699762138\n|move|p2a: Mimikyu|Shadow Sneak|p1a: Politoed\n|-damage|p1a: Politoed|0 fnt\n|faint|p1a: Politoed\n|-damage|p2a: Mimikyu|74\/100|[from] item: Life Orb\n|\n|-weather|RainDance|[upkeep]\n|-heal|p2a: Mimikyu|80\/100|[from] Grassy Terrain\n|upkeep\n|\n|t:|1699762157\n|switch|p1a: Clefable|Clefable, M|100\/100 psn\n|turn|14\n|\n|t:|1699762167\n|move|p2a: Mimikyu|Play Rough|p1a: Clefable\n|-damage|p1a: Clefable|41\/100 psn\n|-damage|p2a: Mimikyu|70\/100|[from] item: Life Orb\n|move|p1a: Clefable|Moonblast|p2a: Mimikyu\n|-activate|p2a: Mimikyu|ability: Disguise\n|-damage|p2a: Mimikyu|70\/100\n|detailschange|p2a: Mimikyu|Mimikyu-Busted, F\n|-damage|p2a: Mimikyu|58\/100|[from] pokemon: Mimikyu-Busted\n|\n|-weather|RainDance|[upkeep]\n|-heal|p2a: Mimikyu|64\/100|[from] Grassy Terrain\n|-heal|p1a: Clefable|47\/100 psn|[from] Grassy Terrain\n|-heal|p1a: Clefable|53\/100 psn|[from] item: Leftovers\n|-fieldend|move: Grassy Terrain\n|upkeep\n|turn|15\n|\n|t:|1699762219\n|switch|p1a: Vaporeon|Vaporeon, M|100\/100\n|-damage|p1a: Vaporeon|88\/100|[from] Stealth Rock\n|-status|p1a: Vaporeon|psn\n|-damage|p1a: Vaporeon|72\/100 psn|[from] Spikes\n|move|p2a: Mimikyu|Shadow Claw|p1a: Vaporeon\n|-damage|p1a: Vaporeon|41\/100 psn\n|-damage|p2a: Mimikyu|54\/100|[from] item: Life Orb\n|\n|-weather|RainDance|[upkeep]\n|-heal|p1a: Vaporeon|47\/100 psn|[from] item: Leftovers\n|-damage|p1a: Vaporeon|35\/100 psn|[from] psn\n|upkeep\n|turn|16\n|c|\u2606XxPOKEMONLORD420xX|pls mercy\n|\n|t:|1699762240\n|switch|p2a: Rotom|Rotom-Wash|85\/100\n|-damage|p2a: Rotom|72\/100|[from] Stealth Rock\n|move|p1a: Vaporeon|Wish|p1a: Vaporeon\n|\n|-weather|RainDance|[upkeep]\n|-heal|p1a: Vaporeon|41\/100 psn|[from] item: Leftovers\n|-damage|p1a: Vaporeon|28\/100 psn|[from] psn\n|upkeep\n|turn|17\n|j| 200tang\n|c| 200tang|Hello\n|\n|t:|1699762255\n|switch|p1a: Gastrodon|Gastrodon, M|82\/100 psn\n|-damage|p1a: Gastrodon|76\/100 psn|[from] Stealth Rock\n|-damage|p1a: Gastrodon|59\/100 psn|[from] Spikes\n|move|p2a: Rotom|Thunderbolt|p1a: Gastrodon\n|-immune|p1a: Gastrodon\n|\n|-weather|RainDance|[upkeep]\n|-heal|p1a: Gastrodon|100\/100 psn|[from] move: Wish|[wisher] Vaporeon\n|-damage|p1a: Gastrodon|88\/100 psn|[from] psn\n|upkeep\n|turn|18\n|\n|t:|1699762279\n|switch|p2a: Dragonite|Dragonite, F|100\/100\n|move|p1a: Gastrodon|Earth Power|p2a: Dragonite\n|-immune|p2a: Dragonite\n|\n|-weather|RainDance|[upkeep]\n|-heal|p1a: Gastrodon|94\/100 psn|[from] item: Leftovers\n|-damage|p1a: Gastrodon|82\/100 psn|[from] psn\n|upkeep\n|turn|19\n|c|\u2606Mhyung|me mercy\n|\n|t:|1699762295\n|move|p2a: Dragonite|Dragon Dance|p2a: Dragonite\n|-boost|p2a: Dragonite|atk|1\n|-boost|p2a: Dragonite|spe|1\n|move|p1a: Gastrodon|Chilling Water|p2a: Dragonite\n|-resisted|p2a: Dragonite\n|-crit|p2a: Dragonite\n|-damage|p2a: Dragonite|87\/100\n|-unboost|p2a: Dragonite|atk|1\n|\n|-weather|none\n|-heal|p1a: Gastrodon|88\/100 psn|[from] item: Leftovers\n|-damage|p1a: Gastrodon|75\/100 psn|[from] psn\n|upkeep\n|turn|20\n|\n|t:|1699762309\n|move|p2a: Dragonite|Dragon Dance|p2a: Dragonite\n|-boost|p2a: Dragonite|atk|1\n|-boost|p2a: Dragonite|spe|1\n|move|p1a: Gastrodon|Sludge Bomb|p2a: Dragonite\n|-damage|p2a: Dragonite|60\/100\n|\n|-heal|p1a: Gastrodon|81\/100 psn|[from] item: Leftovers\n|-damage|p1a: Gastrodon|69\/100 psn|[from] psn\n|upkeep\n|turn|21\n|\n|t:|1699762318\n|move|p2a: Dragonite|Earthquake|p1a: Gastrodon\n|-damage|p1a: Gastrodon|6\/100 psn\n|move|p1a: Gastrodon|Sludge Bomb|p2a: Dragonite\n|-damage|p2a: Dragonite|31\/100\n|-status|p2a: Dragonite|psn\n|\n|-heal|p1a: Gastrodon|12\/100 psn|[from] item: Leftovers\n|-damage|p2a: Dragonite|18\/100 psn|[from] psn\n|-damage|p1a: Gastrodon|0 fnt|[from] psn\n|faint|p1a: Gastrodon\n|upkeep\n|\n|t:|1699762335\n|switch|p1a: Vaporeon|Vaporeon, M|28\/100 psn\n|-damage|p1a: Vaporeon|16\/100 psn|[from] Stealth Rock\n|-damage|p1a: Vaporeon|0 fnt|[from] Spikes\n|faint|p1a: Vaporeon\n|\n|t:|1699762344\n|switch|p1a: Clefable|Clefable, M|53\/100 psn\n|turn|22\n|\n|t:|1699762364\n|switch|p2a: Chesnaught|Chesnaught, F|96\/100\n|-damage|p2a: Chesnaught|90\/100|[from] Stealth Rock\n|move|p1a: Clefable|Moonlight|p1a: Clefable\n|-heal|p1a: Clefable|100\/100 psn\n|\n|upkeep\n|turn|23\n|\n|t:|1699762379\n|move|p2a: Chesnaught|Spikes|p1a: Clefable\n|-sidestart|p1: XxPOKEMONLORD420xX|Spikes\n|move|p1a: Clefable|Moonblast|p2a: Chesnaught\n|-supereffective|p2a: Chesnaught\n|-damage|p2a: Chesnaught|17\/100\n|\n|upkeep\n|turn|24\n|\n|t:|1699762435\n|switch|p2a: Rotom|Rotom-Wash|72\/100\n|-damage|p2a: Rotom|60\/100|[from] Stealth Rock\n|move|p1a: Clefable|Moonblast|p2a: Rotom\n|-damage|p2a: Rotom|26\/100\n|-unboost|p2a: Rotom|spa|1\n|\n|upkeep\n|turn|25\n|\n|t:|1699762445\n|move|p2a: Rotom|Trick|p1a: Clefable\n|-activate|p2a: Rotom|move: Trick|[of] p1a: Clefable\n|-item|p1a: Clefable|Choice Scarf|[from] move: Trick\n|-item|p2a: Rotom|Leftovers|[from] move: Trick\n|move|p1a: Clefable|Moonblast|p2a: Rotom\n|-damage|p2a: Rotom|0 fnt\n|faint|p2a: Rotom\n|\n|upkeep\n|\n|t:|1699762473\n|switch|p2a: Mimikyu|Mimikyu-Busted, F|54\/100\n|-damage|p2a: Mimikyu|42\/100|[from] Stealth Rock\n|turn|26\n|\n|t:|1699762481\n|move|p2a: Mimikyu|Play Rough|p1a: Clefable\n|-crit|p1a: Clefable\n|-damage|p1a: Clefable|15\/100 psn\n|-damage|p2a: Mimikyu|32\/100|[from] item: Life Orb\n|move|p1a: Clefable|Moonblast|p2a: Mimikyu\n|-damage|p2a: Mimikyu|0 fnt\n|faint|p2a: Mimikyu\n|\n|upkeep\n|c|\u2606XxPOKEMONLORD420xX|share crit hack pls\n|\n|t:|1699762492\n|switch|p2a: Dragonite|Dragonite, F|18\/100 psn\n|turn|27\n|\n|t:|1699762496\n|move|p2a: Dragonite|Extreme Speed|p1a: Clefable\n|-damage|p1a: Clefable|0 fnt\n|faint|p1a: Clefable\n|\n|-damage|p2a: Dragonite|6\/100 psn|[from] psn\n|upkeep\n|\n|t:|1699762504\n|switch|p1a: Rillaboom|Rillaboom, M|70\/100 psn\n|-damage|p1a: Rillaboom|57\/100 psn|[from] Stealth Rock\n|-damage|p1a: Rillaboom|32\/100 psn|[from] Spikes\n|-fieldstart|move: Grassy Terrain|[from] ability: Grassy Surge|[of] p1a: Rillaboom\n|turn|28\n|c|\u2606XxPOKEMONLORD420xX|ggs\n|\n|t:|1699762517\n|move|p2a: Dragonite|Extreme Speed|p1a: Rillaboom\n|-damage|p1a: Rillaboom|0 fnt\n|faint|p1a: Rillaboom\n|\n|win|Mhyung\n|c|\u2606Mhyung|ggss\n|c| 200tang|Ggs\n|l|\u2606XxPOKEMONLORD420xX\n|c| 200tang|Well played gamers\n|l| 200tang\n","uploadtime":1699762573,"views":29,"p1id":"xxpokemonlord420xx","p2id":"mhyung","formatid":"gen9ou","rating":0,"private":0,"password":""}