{"id":"gen9ou-1992453592","p1":"diamond2lion","p2":"wyverbal","format":"[Gen 9] OU","log":"|j|\u2606diamond2lion\n|j|\u2606wyverbal\n|t:|1700189454\n|gametype|singles\n|player|p1|diamond2lion|wattson|1083\n|player|p2|wyverbal|2|1021\n|teamsize|p1|6\n|teamsize|p2|6\n|gen|9\n|tier|[Gen 9] OU\n|rated|\n|rule|Sleep Clause Mod: Limit one foe put to sleep\n|rule|Species Clause: Limit one of each Pok\u00e9mon\n|rule|OHKO Clause: OHKO moves are banned\n|rule|Evasion Items Clause: Evasion items are banned\n|rule|Evasion Moves Clause: Evasion moves are banned\n|rule|Endless Battle Clause: Forcing endless battles is banned\n|rule|HP Percentage Mod: HP is shown in percentages\n|clearpoke\n|poke|p1|Dondozo, M|\n|poke|p1|Corviknight, F|\n|poke|p1|Infernape, F|\n|poke|p1|Great Tusk|\n|poke|p1|Toxapex, F|\n|poke|p1|Meloetta|\n|poke|p2|Dipplin, F|\n|poke|p2|Enamorus-Therian, F|\n|poke|p2|Glimmora, M|\n|poke|p2|Alomomola, F|\n|poke|p2|Scizor, M|\n|poke|p2|Kommo-o, F|\n|teampreview\n|inactive|Battle timer is ON: inactive players will automatically lose when time's up. (requested by wyverbal)\n|\n|t:|1700189478\n|start\n|switch|p1a: Dondozo|Dondozo, M|100\/100\n|switch|p2a: Glimmora|Glimmora, M, shiny|100\/100\n|-item|p2a: Glimmora|Air Balloon\n|turn|1\n|\n|t:|1700189493\n|-terastallize|p1a: Dondozo|Steel\n|move|p2a: Glimmora|Toxic|p1a: Dondozo\n|-status|p1a: Dondozo|tox\n|move|p1a: Dondozo|Yawn|p2a: Glimmora\n|-start|p2a: Glimmora|move: Yawn|[of] p1a: Dondozo\n|\n|-damage|p1a: Dondozo|94\/100 tox|[from] psn\n|upkeep\n|turn|2\n|\n|t:|1700189507\n|switch|p2a: Dipplin|Dipplin, F, shiny|100\/100\n|move|p1a: Dondozo|Aqua Tail|p2a: Dipplin\n|-resisted|p2a: Dipplin\n|-damage|p2a: Dipplin|96\/100\n|\n|-heal|p1a: Dondozo|100\/100 tox|[from] item: Leftovers\n|-damage|p1a: Dondozo|88\/100 tox|[from] psn\n|upkeep\n|turn|3\n|\n|t:|1700189518\n|move|p1a: Dondozo|Protect|p1a: Dondozo\n|-singleturn|p1a: Dondozo|Protect\n|move|p2a: Dipplin|Infestation|p1a: Dondozo\n|-activate|p1a: Dondozo|move: Protect\n|\n|-heal|p1a: Dondozo|94\/100 tox|[from] item: Leftovers\n|-damage|p1a: Dondozo|75\/100 tox|[from] psn\n|upkeep\n|turn|4\n|\n|t:|1700189535\n|switch|p1a: Corviknight|Corviknight, F|100\/100\n|move|p2a: Dipplin|Infestation|p1a: Corviknight\n|-resisted|p1a: Corviknight\n|-damage|p1a: Corviknight|99\/100\n|-activate|p1a: Corviknight|move: Infestation|[of] p2a: Dipplin\n|-damage|p2a: Dipplin|79\/100|[from] item: Rocky Helmet|[of] p1a: Corviknight\n|\n|-damage|p1a: Corviknight|87\/100|[from] move: Infestation|[partiallytrapped]\n|upkeep\n|turn|5\n|\n|t:|1700189547\n|move|p1a: Corviknight|U-turn|p2a: Dipplin\n|-supereffective|p2a: Dipplin\n|-damage|p2a: Dipplin|63\/100\n|\n|t:|1700189551\n|switch|p1a: Great Tusk|Great Tusk|100\/100|[from] U-turn\n|move|p2a: Dipplin|Withdraw|p2a: Dipplin\n|-boost|p2a: Dipplin|def|1\n|\n|upkeep\n|turn|6\n|\n|t:|1700189559\n|move|p1a: Great Tusk|Ice Spinner|p2a: Dipplin\n|-supereffective|p2a: Dipplin\n|-damage|p2a: Dipplin|24\/100\n|move|p2a: Dipplin|Recover|p2a: Dipplin\n|-heal|p2a: Dipplin|74\/100\n|\n|upkeep\n|turn|7\n|\n|t:|1700189574\n|move|p1a: Great Tusk|Rapid Spin|p2a: Dipplin\n|-damage|p2a: Dipplin|68\/100\n|-boost|p1a: Great Tusk|spe|1\n|move|p2a: Dipplin|Withdraw|p2a: Dipplin\n|-boost|p2a: Dipplin|def|1\n|\n|upkeep\n|turn|8\n|\n|t:|1700189587\n|move|p1a: Great Tusk|Ice Spinner|p2a: Dipplin\n|-supereffective|p2a: Dipplin\n|-crit|p2a: Dipplin\n|-damage|p2a: Dipplin|0 fnt\n|faint|p2a: Dipplin\n|\n|upkeep\n|c|\u2606diamond2lion|lol\n|\n|t:|1700189598\n|switch|p2a: Enamorus|Enamorus-Therian, F, shiny|100\/100\n|turn|9\n|c|\u2606wyverbal|just pokemon things\n|\n|t:|1700189627\n|move|p1a: Great Tusk|Ice Spinner|p2a: Enamorus\n|-supereffective|p2a: Enamorus\n|-damage|p2a: Enamorus|47\/100\n|-enditem|p2a: Enamorus|Weakness Policy\n|-boost|p2a: Enamorus|atk|2|[from] item: Weakness Policy\n|-boost|p2a: Enamorus|spa|2|[from] item: Weakness Policy\n|move|p2a: Enamorus|Moonblast|p1a: Great Tusk\n|-supereffective|p1a: Great Tusk\n|-crit|p1a: Great Tusk\n|-damage|p1a: Great Tusk|0 fnt\n|faint|p1a: Great Tusk\n|-end|p1a: Great Tusk|Protosynthesis|[silent]\n|\n|upkeep\n|\n|t:|1700189643\n|switch|p1a: Toxapex|Toxapex, F|100\/100\n|turn|10\n|\n|t:|1700189651\n|-terastallize|p2a: Enamorus|Ground\n|move|p2a: Enamorus|Earth Power|p1a: Toxapex\n|-supereffective|p1a: Toxapex\n|-damage|p1a: Toxapex|0 fnt\n|faint|p1a: Toxapex\n|\n|upkeep\n|\n|t:|1700189663\n|switch|p1a: Corviknight|Corviknight, F|87\/100\n|turn|11\n|\n|t:|1700189677\n|move|p2a: Enamorus|Mystical Fire|p1a: Corviknight\n|-supereffective|p1a: Corviknight\n|-damage|p1a: Corviknight|0 fnt\n|faint|p1a: Corviknight\n|\n|upkeep\n|\n|t:|1700189683\n|switch|p1a: Dondozo|Dondozo, M, tera:Steel|75\/100 tox\n|turn|12\n|\n|t:|1700189689\n|move|p2a: Enamorus|Earth Power|p1a: Dondozo\n|-supereffective|p1a: Dondozo\n|-damage|p1a: Dondozo|11\/100 tox\n|move|p1a: Dondozo|Yawn|p2a: Enamorus\n|-start|p2a: Enamorus|move: Yawn|[of] p1a: Dondozo\n|\n|-heal|p1a: Dondozo|17\/100 tox|[from] item: Leftovers\n|-damage|p1a: Dondozo|11\/100 tox|[from] psn\n|upkeep\n|turn|13\n|inactive|wyverbal has 120 seconds left.\n|\n|t:|1700189728\n|move|p2a: Enamorus|Earth Power|p1a: Dondozo\n|-supereffective|p1a: Dondozo\n|-damage|p1a: Dondozo|0 fnt\n|faint|p1a: Dondozo\n|\n|-end|p2a: Enamorus|move: Yawn|[silent]\n|-status|p2a: Enamorus|slp\n|upkeep\n|inactive|diamond2lion has 120 seconds left.\n|\n|t:|1700189750\n|switch|p1a: winston|Infernape, F|100\/100\n|turn|14\n|\n|t:|1700189767\n|switch|p2a: Alomomola|Alomomola, F|100\/100\n|move|p1a: winston|Poison Jab|p2a: Alomomola\n|-damage|p2a: Alomomola|83\/100\n|-damage|p1a: winston|91\/100|[from] item: Life Orb\n|\n|upkeep\n|turn|15\n|\n|t:|1700189775\n|move|p1a: winston|Thunder Punch|p2a: Alomomola\n|-supereffective|p2a: Alomomola\n|-damage|p2a: Alomomola|46\/100\n|-damage|p1a: winston|81\/100|[from] item: Life Orb\n|move|p2a: Alomomola|Scald|p1a: winston\n|-supereffective|p1a: winston\n|-damage|p1a: winston|30\/100\n|\n|upkeep\n|turn|16\n|\n|t:|1700189784\n|move|p1a: winston|Thunder Punch|p2a: Alomomola\n|-supereffective|p2a: Alomomola\n|-damage|p2a: Alomomola|11\/100\n|-damage|p1a: winston|20\/100|[from] item: Life Orb\n|move|p2a: Alomomola|Flip Turn|p1a: winston\n|-supereffective|p1a: winston\n|-damage|p1a: winston|0 fnt\n|faint|p1a: winston\n|-message|diamond2lion forfeited.\n|\n|win|wyverbal\n|raw|diamond2lion's rating: 1083 &rarr; <strong>1057<\/strong><br \/>(-26 for losing)\n|raw|wyverbal's rating: 1021 &rarr; <strong>1064<\/strong><br \/>(+43 for winning)\n|l|\u2606diamond2lion\n","uploadtime":1700189798,"views":7,"p1id":"diamond2lion","p2id":"wyverbal","formatid":"gen9ou","rating":1057,"private":0,"password":""}