{"id":"gen9ou-1993157864","p1":"THEESEFF","p2":"KAZILA","format":"[Gen 9] OU","log":"|j|\u2606THEESEFF\n|j|\u2606KAZILA\n|t:|1700271786\n|gametype|singles\n|player|p1|THEESEFF|pokemonbreeder-gen4|1323\n|player|p2|KAZILA|veteran|1420\n|teamsize|p1|6\n|teamsize|p2|6\n|gen|9\n|tier|[Gen 9] OU\n|rated|\n|rule|Sleep Clause Mod: Limit one foe put to sleep\n|rule|Species Clause: Limit one of each Pok\u00e9mon\n|rule|OHKO Clause: OHKO moves are banned\n|rule|Evasion Items Clause: Evasion items are banned\n|rule|Evasion Moves Clause: Evasion moves are banned\n|rule|Endless Battle Clause: Forcing endless battles is banned\n|rule|HP Percentage Mod: HP is shown in percentages\n|clearpoke\n|poke|p1|Bellibolt, F|\n|poke|p1|Ogerpon-Wellspring, F|\n|poke|p1|Tinkaton, F|\n|poke|p1|Iron Moth|\n|poke|p1|Great Tusk|\n|poke|p1|Dragapult, M|\n|poke|p2|Ninetales-Alola, M|\n|poke|p2|Kingambit, F|\n|poke|p2|Hoopa-Unbound|\n|poke|p2|Zamazenta-*|\n|poke|p2|Kleavor, M|\n|poke|p2|Dragonite, F|\n|teampreview\n|inactive|Battle timer is ON: inactive players will automatically lose when time's up. (requested by KAZILA)\n|inactive|KAZILA has 120 seconds left.\n|\n|t:|1700271825\n|start\n|switch|p1a: Tinkaton|Tinkaton, F|100\/100\n|switch|p2a: Ninetales|Ninetales-Alola, M|100\/100\n|-item|p1a: Tinkaton|Air Balloon\n|-weather|Snow|[from] ability: Snow Warning|[of] p2a: Ninetales\n|turn|1\n|\n|t:|1700271838\n|-terastallize|p2a: Ninetales|Steel\n|move|p1a: Tinkaton|Gigaton Hammer|p2a: Ninetales\n|-resisted|p2a: Ninetales\n|-damage|p2a: Ninetales|75\/100\n|move|p2a: Ninetales|Aurora Veil|p2a: Ninetales\n|-sidestart|p2: KAZILA|move: Aurora Veil\n|\n|-weather|Snow|[upkeep]\n|upkeep\n|turn|2\n|\n|t:|1700271863\n|switch|p2a: Kleavor|Kleavor, M|100\/100\n|move|p1a: Tinkaton|Encore||[still]\n|-fail|p1a: Tinkaton\n|\n|-weather|Snow|[upkeep]\n|upkeep\n|turn|3\n|\n|t:|1700271872\n|move|p1a: Tinkaton|Thunder Wave|p2a: Kleavor\n|-status|p2a: Kleavor|par\n|cant|p2a: Kleavor|par\n|\n|-weather|Snow|[upkeep]\n|upkeep\n|turn|4\n|\n|t:|1700271877\n|move|p1a: Tinkaton|Stealth Rock|p2a: Kleavor\n|-sidestart|p2: KAZILA|move: Stealth Rock\n|move|p2a: Kleavor|Stone Axe|p1a: Tinkaton\n|-resisted|p1a: Tinkaton\n|-damage|p1a: Tinkaton|76\/100\n|-enditem|p1a: Tinkaton|Air Balloon\n|-sidestart|p1: THEESEFF|move: Stealth Rock\n|-enditem|p2a: Kleavor|Heavy-Duty Boots|[silent]|[from] ability: Pickpocket|[of] p2a: Kleavor\n|-item|p1a: Tinkaton|Heavy-Duty Boots|[from] ability: Pickpocket|[of] p2a: Kleavor\n|\n|-weather|Snow|[upkeep]\n|upkeep\n|turn|5\n|\n|t:|1700271895\n|switch|p2a: Zamazenta|Zamazenta|100\/100\n|-damage|p2a: Zamazenta|94\/100|[from] Stealth Rock\n|-ability|p2a: Zamazenta|Dauntless Shield|boost\n|-boost|p2a: Zamazenta|def|1\n|move|p1a: Tinkaton|Gigaton Hammer|p2a: Zamazenta\n|-damage|p2a: Zamazenta|83\/100\n|\n|-weather|none\n|upkeep\n|turn|6\n|\n|t:|1700271911\n|move|p2a: Zamazenta|Psychic Fangs|p1a: Tinkaton\n|-resisted|p1a: Tinkaton\n|-damage|p1a: Tinkaton|59\/100\n|move|p1a: Tinkaton|Thunder Wave|p2a: Zamazenta\n|-status|p2a: Zamazenta|par\n|\n|upkeep\n|turn|7\n|\n|t:|1700271930\n|move|p1a: Tinkaton|Encore|p2a: Zamazenta\n|-start|p2a: Zamazenta|Encore\n|move|p2a: Zamazenta|Psychic Fangs|p1a: Tinkaton\n|-resisted|p1a: Tinkaton\n|-damage|p1a: Tinkaton|42\/100\n|\n|upkeep\n|turn|8\n|\n|t:|1700271935\n|switch|p1a: Bellibolt|Bellibolt, F|100\/100\n|-damage|p1a: Bellibolt|88\/100|[from] Stealth Rock\n|move|p2a: Zamazenta|Psychic Fangs|p1a: Bellibolt\n|-damage|p1a: Bellibolt|71\/100\n|-start|p1a: Bellibolt|Charge|Psychic Fangs|[from] ability: Electromorphosis\n|\n|-heal|p1a: Bellibolt|77\/100|[from] item: Leftovers\n|-sideend|p2: KAZILA|move: Aurora Veil\n|upkeep\n|turn|9\n|\n|t:|1700271949\n|switch|p2a: Ninetales|Ninetales-Alola, M, tera:Steel|75\/100\n|-damage|p2a: Ninetales|69\/100|[from] Stealth Rock\n|-weather|Snow|[from] ability: Snow Warning|[of] p2a: Ninetales\n|move|p1a: Bellibolt|Discharge|p2a: Ninetales\n|-damage|p2a: Ninetales|27\/100\n|-end|p1a: Bellibolt|Charge|[silent]\n|\n|-weather|Snow|[upkeep]\n|-heal|p1a: Bellibolt|83\/100|[from] item: Leftovers\n|upkeep\n|turn|10\n|\n|t:|1700271968\n|move|p2a: Ninetales|Aurora Veil|p2a: Ninetales\n|-sidestart|p2: KAZILA|move: Aurora Veil\n|move|p1a: Bellibolt|Discharge|p2a: Ninetales\n|-damage|p2a: Ninetales|17\/100\n|-status|p2a: Ninetales|par\n|\n|-weather|Snow|[upkeep]\n|-heal|p1a: Bellibolt|89\/100|[from] item: Leftovers\n|upkeep\n|turn|11\n|\n|t:|1700271982\n|move|p2a: Ninetales|Nasty Plot|p2a: Ninetales\n|-boost|p2a: Ninetales|spa|2\n|move|p1a: Bellibolt|Discharge|p2a: Ninetales\n|-damage|p2a: Ninetales|7\/100 par\n|\n|-weather|Snow|[upkeep]\n|-heal|p1a: Bellibolt|95\/100|[from] item: Leftovers\n|upkeep\n|turn|12\n|\n|t:|1700271992\n|move|p2a: Ninetales|Blizzard|p1a: Bellibolt\n|-damage|p1a: Bellibolt|36\/100\n|-start|p1a: Bellibolt|Charge|Blizzard|[from] ability: Electromorphosis\n|move|p1a: Bellibolt|Discharge|p2a: Ninetales\n|-damage|p2a: Ninetales|0 fnt\n|faint|p2a: Ninetales\n|-end|p1a: Bellibolt|Charge|[silent]\n|\n|-weather|Snow|[upkeep]\n|-heal|p1a: Bellibolt|42\/100|[from] item: Leftovers\n|upkeep\n|inactive|KAZILA has 120 seconds left.\n|\n|t:|1700272023\n|switch|p2a: Zamazenta|Zamazenta|83\/100 par\n|-damage|p2a: Zamazenta|77\/100 par|[from] Stealth Rock\n|turn|13\n|\n|t:|1700272026\n|cant|p2a: Zamazenta|par\n|move|p1a: Bellibolt|Slack Off|p1a: Bellibolt\n|-heal|p1a: Bellibolt|92\/100\n|\n|-weather|none\n|-heal|p1a: Bellibolt|99\/100|[from] item: Leftovers\n|upkeep\n|turn|14\n|\n|t:|1700272034\n|move|p2a: Zamazenta|Close Combat|p1a: Bellibolt\n|-damage|p1a: Bellibolt|60\/100\n|-unboost|p2a: Zamazenta|def|1\n|-unboost|p2a: Zamazenta|spd|1\n|-start|p1a: Bellibolt|Charge|Close Combat|[from] ability: Electromorphosis\n|move|p1a: Bellibolt|Discharge|p2a: Zamazenta\n|-damage|p2a: Zamazenta|56\/100 par\n|-end|p1a: Bellibolt|Charge|[silent]\n|\n|-heal|p1a: Bellibolt|66\/100|[from] item: Leftovers\n|upkeep\n|turn|15\n|\n|t:|1700272046\n|move|p2a: Zamazenta|Crunch|p1a: Bellibolt\n|-damage|p1a: Bellibolt|48\/100\n|-start|p1a: Bellibolt|Charge|Crunch|[from] ability: Electromorphosis\n|move|p1a: Bellibolt|Discharge|p2a: Zamazenta\n|-damage|p2a: Zamazenta|35\/100 par\n|-end|p1a: Bellibolt|Charge|[silent]\n|\n|-heal|p1a: Bellibolt|55\/100|[from] item: Leftovers\n|upkeep\n|turn|16\n|\n|t:|1700272053\n|cant|p2a: Zamazenta|par\n|move|p1a: Bellibolt|Slack Off|p1a: Bellibolt\n|-heal|p1a: Bellibolt|100\/100\n|\n|upkeep\n|turn|17\n|c|\u2606KAZILA|gg\n|\n|t:|1700272062\n|move|p2a: Zamazenta|Close Combat|p1a: Bellibolt\n|-damage|p1a: Bellibolt|58\/100\n|-unboost|p2a: Zamazenta|def|1\n|-unboost|p2a: Zamazenta|spd|1\n|-start|p1a: Bellibolt|Charge|Close Combat|[from] ability: Electromorphosis\n|move|p1a: Bellibolt|Discharge|p2a: Zamazenta\n|-damage|p2a: Zamazenta|6\/100 par\n|-end|p1a: Bellibolt|Charge|[silent]\n|\n|-heal|p1a: Bellibolt|64\/100|[from] item: Leftovers\n|-sideend|p2: KAZILA|move: Aurora Veil\n|upkeep\n|turn|18\n|\n|t:|1700272071\n|move|p2a: Zamazenta|Close Combat|p1a: Bellibolt\n|-damage|p1a: Bellibolt|24\/100\n|-unboost|p2a: Zamazenta|def|1\n|-unboost|p2a: Zamazenta|spd|1\n|-start|p1a: Bellibolt|Charge|Close Combat|[from] ability: Electromorphosis\n|move|p1a: Bellibolt|Slack Off|p1a: Bellibolt\n|-heal|p1a: Bellibolt|74\/100\n|\n|-heal|p1a: Bellibolt|81\/100|[from] item: Leftovers\n|upkeep\n|turn|19\n|\n|t:|1700272075\n|move|p2a: Zamazenta|Close Combat|p1a: Bellibolt\n|-damage|p1a: Bellibolt|39\/100\n|-unboost|p2a: Zamazenta|def|1\n|-unboost|p2a: Zamazenta|spd|1\n|-start|p1a: Bellibolt|Charge|Close Combat|[from] ability: Electromorphosis\n|move|p1a: Bellibolt|Discharge|p2a: Zamazenta\n|-damage|p2a: Zamazenta|0 fnt\n|faint|p2a: Zamazenta\n|-end|p1a: Bellibolt|Charge|[silent]\n|\n|-heal|p1a: Bellibolt|45\/100|[from] item: Leftovers\n|upkeep\n|\n|t:|1700272080\n|switch|p2a: Hoopa|Hoopa-Unbound|100\/100\n|-damage|p2a: Hoopa|88\/100|[from] Stealth Rock\n|turn|20\n|\n|t:|1700272088\n|move|p2a: Hoopa|Knock Off|p1a: Bellibolt\n|-damage|p1a: Bellibolt|14\/100\n|-start|p1a: Bellibolt|Charge|Knock Off|[from] ability: Electromorphosis\n|-enditem|p1a: Bellibolt|Leftovers|[from] move: Knock Off|[of] p2a: Hoopa\n|move|p1a: Bellibolt|Slack Off|p1a: Bellibolt\n|-heal|p1a: Bellibolt|64\/100\n|\n|upkeep\n|turn|21\n|\n|t:|1700272099\n|move|p2a: Hoopa|Psychic|p1a: Bellibolt\n|-damage|p1a: Bellibolt|17\/100\n|-start|p1a: Bellibolt|Charge|Psychic|[from] ability: Electromorphosis\n|move|p1a: Bellibolt|Slack Off|p1a: Bellibolt\n|-heal|p1a: Bellibolt|67\/100\n|\n|upkeep\n|turn|22\n|\n|t:|1700272111\n|move|p2a: Hoopa|Psychic|p1a: Bellibolt\n|-damage|p1a: Bellibolt|20\/100\n|-start|p1a: Bellibolt|Charge|Psychic|[from] ability: Electromorphosis\n|move|p1a: Bellibolt|Toxic|p2a: Hoopa\n|-status|p2a: Hoopa|tox\n|\n|-damage|p2a: Hoopa|82\/100 tox|[from] psn\n|upkeep\n|turn|23\n|\n|t:|1700272121\n|switch|p1a: Tinkaton|Tinkaton, F|42\/100\n|move|p2a: Hoopa|Psychic|p1a: Tinkaton\n|-resisted|p1a: Tinkaton\n|-damage|p1a: Tinkaton|19\/100\n|\n|-damage|p2a: Hoopa|70\/100 tox|[from] psn\n|upkeep\n|turn|24\n|\n|t:|1700272130\n|move|p1a: Tinkaton|Gigaton Hammer|p2a: Hoopa\n|-damage|p2a: Hoopa|30\/100 tox\n|-enditem|p2a: Hoopa|Sitrus Berry|[eat]\n|-heal|p2a: Hoopa|55\/100 tox|[from] item: Sitrus Berry\n|move|p2a: Hoopa|Drain Punch|p1a: Tinkaton\n|-damage|p1a: Tinkaton|0 fnt\n|-heal|p2a: Hoopa|65\/100 tox|[from] drain|[of] p1a: Tinkaton\n|faint|p1a: Tinkaton\n|\n|-damage|p2a: Hoopa|47\/100 tox|[from] psn\n|upkeep\n|\n|t:|1700272150\n|switch|p1a: Iron Moth|Iron Moth|100\/100\n|-damage|p1a: Iron Moth|76\/100|[from] Stealth Rock\n|-enditem|p1a: Iron Moth|Booster Energy\n|-activate|p1a: Iron Moth|ability: Quark Drive|[fromitem]\n|-start|p1a: Iron Moth|quarkdrivespe\n|turn|25\n|\n|t:|1700272163\n|-terastallize|p1a: Iron Moth|Fairy\n|move|p1a: Iron Moth|Fiery Dance|p2a: Hoopa\n|-damage|p2a: Hoopa|15\/100 tox\n|-boost|p1a: Iron Moth|spa|1\n|move|p2a: Hoopa|Psychic|p1a: Iron Moth\n|-crit|p1a: Iron Moth\n|-damage|p1a: Iron Moth|0 fnt\n|faint|p1a: Iron Moth\n|-end|p1a: Iron Moth|Quark Drive|[silent]\n|\n|-damage|p2a: Hoopa|0 fnt|[from] psn\n|faint|p2a: Hoopa\n|upkeep\n|\n|t:|1700272179\n|switch|p1a: Bellibolt|Bellibolt, F|20\/100\n|switch|p2a: Kleavor|Kleavor, M|100\/100 par\n|-damage|p1a: Bellibolt|8\/100|[from] Stealth Rock\n|-damage|p2a: Kleavor|75\/100 par|[from] Stealth Rock\n|turn|26\n|\n|t:|1700272189\n|move|p1a: Bellibolt|Slack Off|p1a: Bellibolt\n|-heal|p1a: Bellibolt|58\/100\n|cant|p2a: Kleavor|par\n|\n|upkeep\n|turn|27\n|\n|t:|1700272193\n|move|p1a: Bellibolt|Slack Off|p1a: Bellibolt\n|-heal|p1a: Bellibolt|100\/100\n|cant|p2a: Kleavor|par\n|\n|upkeep\n|turn|28\n|\n|t:|1700272201\n|move|p1a: Bellibolt|Discharge|p2a: Kleavor\n|-damage|p2a: Kleavor|50\/100 par\n|move|p2a: Kleavor|Defog|p1a: Bellibolt\n|-unboost|p1a: Bellibolt|evasion|1\n|-sideend|p1: THEESEFF|Stealth Rock|[from] move: Defog|[of] p2a: Kleavor\n|-sideend|p2: KAZILA|Stealth Rock|[from] move: Defog|[of] p2a: Kleavor\n|\n|upkeep\n|turn|29\n|c|\u2606THEESEFF|wow i am so sorry\n|\n|t:|1700272211\n|move|p1a: Bellibolt|Discharge|p2a: Kleavor\n|-damage|p2a: Kleavor|23\/100 par\n|move|p2a: Kleavor|Stone Axe|p1a: Bellibolt\n|-damage|p1a: Bellibolt|73\/100\n|-start|p1a: Bellibolt|Charge|Stone Axe|[from] ability: Electromorphosis\n|-sidestart|p1: THEESEFF|move: Stealth Rock\n|\n|upkeep\n|turn|30\n|\n|t:|1700272217\n|move|p1a: Bellibolt|Discharge|p2a: Kleavor\n|-damage|p2a: Kleavor|0 fnt\n|faint|p2a: Kleavor\n|-end|p1a: Bellibolt|Charge|[silent]\n|\n|upkeep\n|\n|t:|1700272227\n|switch|p2a: Dragonite|Dragonite, F|100\/100\n|turn|31\n|\n|t:|1700272236\n|move|p2a: Dragonite|Encore|p1a: Bellibolt\n|-start|p1a: Bellibolt|Encore\n|move|p1a: Bellibolt|Discharge|p2a: Dragonite\n|-damage|p2a: Dragonite|90\/100\n|\n|-heal|p2a: Dragonite|96\/100|[from] item: Leftovers\n|upkeep\n|turn|32\n|\n|t:|1700272245\n|switch|p1a: Dragapult|Dragapult, M|100\/100\n|-damage|p1a: Dragapult|88\/100|[from] Stealth Rock\n|move|p2a: Dragonite|Dragon Dance|p2a: Dragonite\n|-boost|p2a: Dragonite|atk|1\n|-boost|p2a: Dragonite|spe|1\n|\n|-heal|p2a: Dragonite|100\/100|[from] item: Leftovers\n|upkeep\n|turn|33\n|\n|t:|1700272257\n|move|p1a: Dragapult|Draco Meteor|p2a: Dragonite\n|-supereffective|p2a: Dragonite\n|-damage|p2a: Dragonite|31\/100\n|-unboost|p1a: Dragapult|spa|2\n|move|p2a: Dragonite|Iron Head|p1a: Dragapult\n|-damage|p1a: Dragapult|41\/100\n|\n|-heal|p2a: Dragonite|37\/100|[from] item: Leftovers\n|upkeep\n|turn|34\n|\n|t:|1700272270\n|move|p1a: Dragapult|Draco Meteor|p2a: Dragonite\n|-supereffective|p2a: Dragonite\n|-damage|p2a: Dragonite|0 fnt\n|-unboost|p1a: Dragapult|spa|2\n|faint|p2a: Dragonite\n|\n|upkeep\n|\n|t:|1700272272\n|switch|p2a: Kingambit|Kingambit, F|100\/100\n|-activate|p2a: Kingambit|ability: Supreme Overlord\n|-start|p2a: Kingambit|fallen5|[silent]\n|turn|35\n|\n|t:|1700272276\n|move|p2a: Kingambit|Sucker Punch|p1a: Dragapult\n|-supereffective|p1a: Dragapult\n|-damage|p1a: Dragapult|0 fnt\n|faint|p1a: Dragapult\n|\n|upkeep\n|\n|t:|1700272278\n|switch|p1a: Bellibolt|Bellibolt, F|73\/100\n|-damage|p1a: Bellibolt|61\/100|[from] Stealth Rock\n|turn|36\n|\n|t:|1700272289\n|move|p2a: Kingambit|Kowtow Cleave|p1a: Bellibolt\n|-damage|p1a: Bellibolt|17\/100\n|-start|p1a: Bellibolt|Charge|Kowtow Cleave|[from] ability: Electromorphosis\n|move|p1a: Bellibolt|Slack Off|p1a: Bellibolt\n|-heal|p1a: Bellibolt|67\/100\n|\n|upkeep\n|turn|37\n|\n|t:|1700272298\n|move|p2a: Kingambit|Kowtow Cleave|p1a: Bellibolt\n|-damage|p1a: Bellibolt|18\/100\n|-start|p1a: Bellibolt|Charge|Kowtow Cleave|[from] ability: Electromorphosis\n|move|p1a: Bellibolt|Discharge|p2a: Kingambit\n|-crit|p2a: Kingambit\n|-damage|p2a: Kingambit|44\/100\n|-end|p1a: Bellibolt|Charge|[silent]\n|\n|upkeep\n|turn|38\n|\n|t:|1700272306\n|move|p2a: Kingambit|Kowtow Cleave|p1a: Bellibolt\n|-damage|p1a: Bellibolt|0 fnt\n|faint|p1a: Bellibolt\n|\n|upkeep\n|\n|t:|1700272311\n|switch|p1a: Great Tusk|Great Tusk|100\/100\n|-damage|p1a: Great Tusk|98\/100|[from] Stealth Rock\n|-enditem|p1a: Great Tusk|Booster Energy\n|-activate|p1a: Great Tusk|ability: Protosynthesis|[fromitem]\n|-start|p1a: Great Tusk|protosynthesisspe\n|turn|39\n|\n|t:|1700272318\n|move|p1a: Great Tusk|Earthquake|p2a: Kingambit\n|-supereffective|p2a: Kingambit\n|-damage|p2a: Kingambit|0 fnt\n|faint|p2a: Kingambit\n|-end|p2a: Kingambit|fallen5|[silent]\n|\n|win|THEESEFF\n|raw|THEESEFF's rating: 1323 &rarr; <strong>1348<\/strong><br \/>(+25 for winning)\n|raw|KAZILA's rating: 1420 &rarr; <strong>1395<\/strong><br \/>(-25 for losing)\n|l|\u2606KAZILA\n","uploadtime":1700272327,"views":17,"p1id":"theeseff","p2id":"kazila","formatid":"gen9ou","rating":1348,"private":0,"password":""}