{"id":"gen9ou-1988707312","p1":"RonyXx","p2":"Mukyaup","format":"[Gen 9] OU","log":"|j|\u2606RonyXx\n|j|\u2606Mukyaup\n|t:|1699753117\n|gametype|singles\n|player|p1|RonyXx|lance|1203\n|player|p2|Mukyaup|koga|1283\n|teamsize|p1|6\n|teamsize|p2|6\n|gen|9\n|tier|[Gen 9] OU\n|rated|\n|rule|Sleep Clause Mod: Limit one foe put to sleep\n|rule|Species Clause: Limit one of each Pok\u00e9mon\n|rule|OHKO Clause: OHKO moves are banned\n|rule|Evasion Items Clause: Evasion items are banned\n|rule|Evasion Moves Clause: Evasion moves are banned\n|rule|Endless Battle Clause: Forcing endless battles is banned\n|rule|HP Percentage Mod: HP is shown in percentages\n|clearpoke\n|poke|p1|Cinderace, M|\n|poke|p1|Slowbro, M|\n|poke|p1|Weezing-Galar, M|\n|poke|p1|Rillaboom, F|\n|poke|p1|Sandy Shocks|\n|poke|p1|Tyranitar, F|\n|poke|p2|Maushold-Four|\n|poke|p2|Weezing-Galar, M|\n|poke|p2|Dragonite, F|\n|poke|p2|Walking Wake|\n|poke|p2|Muk-Alola, M|\n|poke|p2|Great Tusk|\n|teampreview\n|inactive|Battle timer is ON: inactive players will automatically lose when time's up. (requested by Mukyaup)\n|\n|t:|1699753129\n|start\n|switch|p1a: Sandy Shocks|Sandy Shocks|100\/100\n|switch|p2a: WalkingMid|Walking Wake|100\/100\n|turn|1\n|\n|t:|1699753135\n|move|p2a: WalkingMid|Hydro Steam|p1a: Sandy Shocks\n|-supereffective|p1a: Sandy Shocks\n|-damage|p1a: Sandy Shocks|0 fnt\n|faint|p1a: Sandy Shocks\n|-end|p1a: Sandy Shocks|Protosynthesis|[silent]\n|\n|upkeep\n|\n|t:|1699753144\n|switch|p1a: Slowbro|Slowbro, M|100\/100\n|turn|2\n|\n|t:|1699753148\n|-end|p2a: WalkingMid|Protosynthesis|[silent]\n|switch|p2a: Pride \ud83c\udf08|Muk-Alola, M|100\/100\n|move|p1a: Slowbro|Calm Mind|p1a: Slowbro\n|-boost|p1a: Slowbro|spa|1\n|-boost|p1a: Slowbro|spd|1\n|\n|upkeep\n|turn|3\n|\n|t:|1699753160\n|switch|p1a: Weezing|Weezing-Galar, M|100\/100\n|move|p2a: Pride \ud83c\udf08|Knock Off|p1a: Weezing\n|-resisted|p1a: Weezing\n|-damage|p1a: Weezing|89\/100\n|-enditem|p1a: Weezing|Black Sludge|[from] move: Knock Off|[of] p2a: Pride \ud83c\udf08\n|\n|upkeep\n|turn|4\n|\n|t:|1699753170\n|switch|p2a: Beyblade|Great Tusk|100\/100\n|move|p1a: Weezing|Will-O-Wisp|p2a: Beyblade\n|-status|p2a: Beyblade|brn\n|\n|-damage|p2a: Beyblade|94\/100 brn|[from] brn\n|upkeep\n|turn|5\n|\n|t:|1699753176\n|move|p2a: Beyblade|Stealth Rock|p1a: Weezing\n|-sidestart|p1: RonyXx|move: Stealth Rock\n|move|p1a: Weezing|Strange Steam|p2a: Beyblade\n|-supereffective|p2a: Beyblade\n|-damage|p2a: Beyblade|13\/100 brn\n|\n|-damage|p2a: Beyblade|7\/100 brn|[from] brn\n|upkeep\n|turn|6\n|\n|t:|1699753182\n|move|p2a: Beyblade|Rapid Spin|p1a: Weezing\n|-damage|p1a: Weezing|84\/100\n|-boost|p2a: Beyblade|spe|1\n|move|p1a: Weezing|Strange Steam|p2a: Beyblade\n|-supereffective|p2a: Beyblade\n|-damage|p2a: Beyblade|0 fnt\n|faint|p2a: Beyblade\n|-end|p2a: Beyblade|Protosynthesis|[silent]\n|\n|upkeep\n|inactive|Mukyaup has 120 seconds left.\n|\n|t:|1699753222\n|switch|p2a: Mr.TopHats|Weezing-Galar, M, shiny|100\/100\n|turn|7\n|\n|t:|1699753238\n|move|p2a: Mr.TopHats|Sludge Bomb|p1a: Weezing\n|-damage|p1a: Weezing|1\/100\n|move|p1a: Weezing|Sludge Bomb|p2a: Mr.TopHats\n|-damage|p2a: Mr.TopHats|50\/100\n|\n|upkeep\n|turn|8\n|inactive|Mukyaup has 120 seconds left.\n|\n|t:|1699753245\n|move|p2a: Mr.TopHats|Sludge Bomb|p1a: Weezing\n|-damage|p1a: Weezing|0 fnt\n|faint|p1a: Weezing\n|\n|upkeep\n|\n|t:|1699753261\n|switch|p1a: Cinderace|Cinderace, M|100\/100\n|turn|9\n|\n|t:|1699753267\n|move|p1a: Cinderace|Court Change|p1a: Cinderace\n|-start|p1a: Cinderace|typechange|Normal|[from] ability: Libero\n|-swapsideconditions\n|-activate|p1a: Cinderace|move: Court Change\n|move|p2a: Mr.TopHats|Sludge Bomb|p1a: Cinderace\n|-damage|p1a: Cinderace|15\/100\n|\n|upkeep\n|turn|10\n|\n|t:|1699753277\n|switch|p1a: Tyranitar|Tyranitar, F|100\/100\n|-weather|Sandstorm|[from] ability: Sand Stream|[of] p1a: Tyranitar\n|move|p2a: Mr.TopHats|Sludge Bomb|p1a: Tyranitar\n|-resisted|p1a: Tyranitar\n|-damage|p1a: Tyranitar|91\/100\n|\n|-weather|Sandstorm|[upkeep]\n|-damage|p2a: Mr.TopHats|44\/100|[from] Sandstorm\n|upkeep\n|turn|11\n|\n|t:|1699753285\n|move|p2a: Mr.TopHats|Sludge Bomb|p1a: Tyranitar\n|-resisted|p1a: Tyranitar\n|-damage|p1a: Tyranitar|80\/100\n|move|p1a: Tyranitar|Stone Edge|p2a: Mr.TopHats\n|-crit|p2a: Mr.TopHats\n|-damage|p2a: Mr.TopHats|0 fnt\n|faint|p2a: Mr.TopHats\n|\n|-weather|Sandstorm|[upkeep]\n|upkeep\n|\n|t:|1699753292\n|switch|p2a: Barney|Dragonite, F, shiny|100\/100\n|-damage|p2a: Barney|76\/100|[from] Stealth Rock\n|turn|12\n|\n|t:|1699753299\n|move|p2a: Barney|Earthquake|p1a: Tyranitar\n|-supereffective|p1a: Tyranitar\n|-damage|p1a: Tyranitar|0 fnt\n|faint|p1a: Tyranitar\n|\n|-weather|Sandstorm|[upkeep]\n|-damage|p2a: Barney|69\/100|[from] Sandstorm\n|upkeep\n|\n|t:|1699753304\n|switch|p1a: Slowbro|Slowbro, M|100\/100\n|turn|13\n|\n|t:|1699753311\n|switch|p2a: Pride \ud83c\udf08|Muk-Alola, M|100\/100\n|-damage|p2a: Pride \ud83c\udf08|88\/100|[from] Stealth Rock\n|move|p1a: Slowbro|Calm Mind|p1a: Slowbro\n|-boost|p1a: Slowbro|spa|1\n|-boost|p1a: Slowbro|spd|1\n|\n|-weather|Sandstorm|[upkeep]\n|-damage|p2a: Pride \ud83c\udf08|82\/100|[from] Sandstorm\n|-damage|p1a: Slowbro|94\/100|[from] Sandstorm\n|-heal|p2a: Pride \ud83c\udf08|88\/100|[from] item: Black Sludge\n|-heal|p1a: Slowbro|100\/100|[from] item: Leftovers\n|upkeep\n|turn|14\n|\n|t:|1699753314\n|-terastallize|p1a: Slowbro|Water\n|move|p2a: Pride \ud83c\udf08|Knock Off|p1a: Slowbro\n|-damage|p1a: Slowbro|74\/100\n|-enditem|p1a: Slowbro|Leftovers|[from] move: Knock Off|[of] p2a: Pride \ud83c\udf08\n|move|p1a: Slowbro|Scald|p2a: Pride \ud83c\udf08\n|-damage|p2a: Pride \ud83c\udf08|47\/100\n|\n|-weather|none\n|-heal|p2a: Pride \ud83c\udf08|53\/100|[from] item: Black Sludge\n|upkeep\n|turn|15\n|\n|t:|1699753324\n|move|p2a: Pride \ud83c\udf08|Poison Jab|p1a: Slowbro\n|-damage|p1a: Slowbro|54\/100\n|move|p1a: Slowbro|Scald|p2a: Pride \ud83c\udf08\n|-damage|p2a: Pride \ud83c\udf08|18\/100\n|\n|-heal|p2a: Pride \ud83c\udf08|24\/100|[from] item: Black Sludge\n|upkeep\n|turn|16\n|\n|t:|1699753331\n|move|p2a: Pride \ud83c\udf08|Poison Jab|p1a: Slowbro\n|-damage|p1a: Slowbro|31\/100\n|-status|p1a: Slowbro|psn\n|move|p1a: Slowbro|Slack Off|p1a: Slowbro\n|-heal|p1a: Slowbro|81\/100 psn\n|\n|-heal|p2a: Pride \ud83c\udf08|30\/100|[from] item: Black Sludge\n|-damage|p1a: Slowbro|68\/100 psn|[from] psn\n|upkeep\n|turn|17\n|\n|t:|1699753337\n|move|p2a: Pride \ud83c\udf08|Poison Jab|p1a: Slowbro\n|-damage|p1a: Slowbro|47\/100 psn\n|move|p1a: Slowbro|Slack Off|p1a: Slowbro\n|-heal|p1a: Slowbro|97\/100 psn\n|\n|-heal|p2a: Pride \ud83c\udf08|36\/100|[from] item: Black Sludge\n|-damage|p1a: Slowbro|85\/100 psn|[from] psn\n|upkeep\n|turn|18\n|\n|t:|1699753341\n|move|p2a: Pride \ud83c\udf08|Poison Jab|p1a: Slowbro\n|-damage|p1a: Slowbro|63\/100 psn\n|move|p1a: Slowbro|Scald|p2a: Pride \ud83c\udf08\n|-damage|p2a: Pride \ud83c\udf08|0 fnt\n|faint|p2a: Pride \ud83c\udf08\n|\n|-damage|p1a: Slowbro|51\/100 psn|[from] psn\n|upkeep\n|\n|t:|1699753350\n|switch|p2a: ChinaAttacks|Maushold-Four|100\/100\n|-damage|p2a: ChinaAttacks|88\/100|[from] Stealth Rock\n|turn|19\n|\n|t:|1699753364\n|switch|p1a: Rillaboom|Rillaboom, F|100\/100\n|-fieldstart|move: Grassy Terrain|[from] ability: Grassy Surge|[of] p1a: Rillaboom\n|move|p2a: ChinaAttacks|Population Bomb|p1a: Rillaboom\n|-damage|p1a: Rillaboom|90\/100\n|-damage|p1a: Rillaboom|79\/100\n|-damage|p1a: Rillaboom|69\/100\n|-damage|p1a: Rillaboom|60\/100\n|-damage|p1a: Rillaboom|48\/100\n|-enditem|p1a: Rillaboom|Sitrus Berry|[eat]\n|-heal|p1a: Rillaboom|73\/100|[from] item: Sitrus Berry\n|-damage|p1a: Rillaboom|63\/100\n|-damage|p1a: Rillaboom|53\/100\n|-damage|p1a: Rillaboom|42\/100\n|-damage|p1a: Rillaboom|32\/100\n|-damage|p1a: Rillaboom|22\/100\n|-hitcount|p1a: Rillaboom|10\n|\n|-heal|p2a: ChinaAttacks|94\/100|[from] Grassy Terrain\n|-heal|p1a: Rillaboom|28\/100|[from] Grassy Terrain\n|upkeep\n|turn|20\n|\n|t:|1699753388\n|switch|p2a: Barney|Dragonite, F, shiny|69\/100\n|-damage|p2a: Barney|44\/100|[from] Stealth Rock\n|move|p1a: Rillaboom|Grassy Glide|p2a: Barney\n|-resisted|p2a: Barney\n|-damage|p2a: Barney|34\/100\n|\n|-heal|p1a: Rillaboom|35\/100|[from] Grassy Terrain\n|upkeep\n|turn|21\n|\n|t:|1699753401\n|-terastallize|p2a: Barney|Normal\n|move|p2a: Barney|Extreme Speed|p1a: Rillaboom\n|-damage|p1a: Rillaboom|0 fnt\n|faint|p1a: Rillaboom\n|\n|-heal|p2a: Barney|40\/100|[from] Grassy Terrain\n|upkeep\n|\n|t:|1699753406\n|switch|p1a: Slowbro|Slowbro, M, tera:Water|84\/100 psn\n|turn|22\n|\n|t:|1699753409\n|move|p2a: Barney|Extreme Speed|p1a: Slowbro\n|-damage|p1a: Slowbro|31\/100 psn\n|move|p1a: Slowbro|Scald|p2a: Barney\n|-damage|p2a: Barney|0 fnt\n|faint|p2a: Barney\n|\n|-heal|p1a: Slowbro|37\/100 psn|[from] Grassy Terrain\n|-damage|p1a: Slowbro|25\/100 psn|[from] psn\n|upkeep\n|\n|t:|1699753414\n|switch|p2a: ChinaAttacks|Maushold-Four|94\/100\n|-damage|p2a: ChinaAttacks|82\/100|[from] Stealth Rock\n|turn|23\n|\n|t:|1699753418\n|move|p2a: ChinaAttacks|Population Bomb|p1a: Slowbro\n|-damage|p1a: Slowbro|16\/100 psn\n|-damage|p1a: Slowbro|9\/100 psn\n|-damage|p1a: Slowbro|0 fnt\n|faint|p1a: Slowbro\n|-hitcount|p1: Slowbro|3\n|\n|-heal|p2a: ChinaAttacks|88\/100|[from] Grassy Terrain\n|-fieldend|move: Grassy Terrain\n|upkeep\n|\n|t:|1699753420\n|switch|p1a: Cinderace|Cinderace, M|15\/100\n|turn|24\n|\n|t:|1699753424\n|move|p1a: Cinderace|Pyro Ball|p2a: ChinaAttacks\n|-damage|p2a: ChinaAttacks|0 fnt\n|faint|p2a: ChinaAttacks\n|\n|upkeep\n|\n|t:|1699753426\n|switch|p2a: WalkingMid|Walking Wake|100\/100\n|-damage|p2a: WalkingMid|88\/100|[from] Stealth Rock\n|turn|25\n|\n|t:|1699753429\n|move|p1a: Cinderace|Sucker Punch|p2a: WalkingMid\n|-start|p1a: Cinderace|typechange|Dark|[from] ability: Libero\n|-damage|p2a: WalkingMid|49\/100\n|move|p2a: WalkingMid|Hydro Steam|p1a: Cinderace\n|-damage|p1a: Cinderace|0 fnt\n|faint|p1a: Cinderace\n|\n|win|Mukyaup\n|raw|RonyXx's rating: 1203 &rarr; <strong>1184<\/strong><br \/>(-19 for losing)\n|raw|Mukyaup's rating: 1283 &rarr; <strong>1302<\/strong><br \/>(+19 for winning)\n|l|\u2606RonyXx\n","uploadtime":1699753440,"views":9,"p1id":"ronyxx","p2id":"mukyaup","formatid":"gen9ou","rating":1184,"private":0,"password":""}