{"id":"gen9ou-1996885018","p1":"pollofrito2310","p2":"Squirrel3900","format":"[Gen 9] OU","log":"|j|\u2606pollofrito2310\n|j|\u2606Squirrel3900\n|t:|1700740197\n|gametype|singles\n|player|p1|pollofrito2310|clemont|1100\n|player|p2|Squirrel3900|ingo|1000\n|teamsize|p1|6\n|teamsize|p2|6\n|gen|9\n|tier|[Gen 9] OU\n|rated|\n|rule|Sleep Clause Mod: Limit one foe put to sleep\n|rule|Species Clause: Limit one of each Pok\u00e9mon\n|rule|OHKO Clause: OHKO moves are banned\n|rule|Evasion Items Clause: Evasion items are banned\n|rule|Evasion Moves Clause: Evasion moves are banned\n|rule|Endless Battle Clause: Forcing endless battles is banned\n|rule|HP Percentage Mod: HP is shown in percentages\n|clearpoke\n|poke|p1|Salazzle, F|\n|poke|p1|Arboliva, F|\n|poke|p1|Blissey, F|\n|poke|p1|Garganacl, F|\n|poke|p1|Gligar, F|\n|poke|p1|Toxapex, M|\n|poke|p2|Arboliva, F|\n|poke|p2|Cyclizar, F|\n|poke|p2|Maushold|\n|poke|p2|Ambipom, M|\n|poke|p2|Chansey, F|\n|poke|p2|Noivern, F|\n|teampreview\n|\n|t:|1700740217\n|start\n|switch|p1a: Gligar|Gligar, F|100\/100\n|switch|p2a: Ambipom|Ambipom, M|100\/100\n|turn|1\n|\n|t:|1700740232\n|move|p2a: Ambipom|Fake Out|p1a: Gligar\n|-enditem|p2a: Ambipom|Normal Gem|[from] gem\n|-damage|p1a: Gligar|68\/100\n|cant|p1a: Gligar|flinch\n|\n|-heal|p1a: Gligar|74\/100|[from] item: Leftovers\n|upkeep\n|turn|2\n|\n|t:|1700740242\n|move|p1a: Gligar|Protect|p1a: Gligar\n|-singleturn|p1a: Gligar|Protect\n|move|p2a: Ambipom|Taunt|p1a: Gligar\n|-activate|p1a: Gligar|move: Protect\n|\n|-heal|p1a: Gligar|80\/100|[from] item: Leftovers\n|upkeep\n|turn|3\n|\n|t:|1700740254\n|switch|p1a: Garganacl|Garganacl, F, shiny|100\/100\n|move|p2a: Ambipom|Thief|p1a: Garganacl\n|-damage|p1a: Garganacl|86\/100\n|-enditem|p1a: Garganacl|Leftovers|[silent]|[from] move: Thief|[of] p2a: Ambipom\n|-item|p2a: Ambipom|Leftovers|[from] move: Thief|[of] p1a: Garganacl\n|\n|upkeep\n|turn|4\n|\n|t:|1700740266\n|move|p2a: Ambipom|Taunt|p1a: Garganacl\n|-start|p1a: Garganacl|move: Taunt\n|move|p1a: Garganacl|Salt Cure|p2a: Ambipom\n|-crit|p2a: Ambipom\n|-damage|p2a: Ambipom|68\/100\n|-start|p2a: Ambipom|Salt Cure\n|\n|-heal|p2a: Ambipom|74\/100|[from] item: Leftovers\n|-damage|p2a: Ambipom|62\/100|[from] Salt Cure\n|upkeep\n|turn|5\n|\n|t:|1700740277\n|switch|p2a: Chansey|Chansey, F|100\/100\n|switch|p1a: Toxapex|Toxapex, M, shiny|100\/100\n|\n|upkeep\n|turn|6\n|\n|t:|1700740288\n|move|p1a: Toxapex|Baneful Bunker|p1a: Toxapex\n|-singleturn|p1a: Toxapex|move: Protect\n|move|p2a: Chansey|Stealth Rock|p1a: Toxapex\n|-sidestart|p1: pollofrito2310|move: Stealth Rock\n|\n|upkeep\n|turn|7\n|\n|t:|1700740295\n|switch|p1a: Arboliva|Arboliva, F, shiny|100\/100\n|-damage|p1a: Arboliva|88\/100|[from] Stealth Rock\n|move|p2a: Chansey|Thunder Wave|p1a: Arboliva\n|-status|p1a: Arboliva|par\n|\n|upkeep\n|turn|8\n|\n|t:|1700740305\n|switch|p1a: Blissey|Blissey, F, shiny|100\/100\n|-damage|p1a: Blissey|88\/100|[from] Stealth Rock\n|move|p2a: Chansey|Seismic Toss|p1a: Blissey\n|-damage|p1a: Blissey|74\/100\n|\n|-heal|p1a: Blissey|80\/100|[from] item: Leftovers\n|upkeep\n|turn|9\n|\n|t:|1700740316\n|move|p1a: Blissey|Heal Bell|p1a: Blissey\n|-activate|p1a: Blissey|move: Heal Bell\n|-curestatus|p1: Arboliva|par|[msg]\n|move|p2a: Chansey|Seismic Toss|p1a: Blissey\n|-damage|p1a: Blissey|66\/100\n|\n|-heal|p1a: Blissey|72\/100|[from] item: Leftovers\n|upkeep\n|turn|10\n|\n|t:|1700740331\n|move|p1a: Blissey|Light Screen|p1a: Blissey\n|-sidestart|p1: pollofrito2310|move: Light Screen\n|move|p2a: Chansey|Seismic Toss|p1a: Blissey\n|-damage|p1a: Blissey|58\/100\n|\n|-heal|p1a: Blissey|65\/100|[from] item: Leftovers\n|upkeep\n|turn|11\n|\n|t:|1700740341\n|switch|p1a: Arboliva|Arboliva, F, shiny|88\/100\n|-damage|p1a: Arboliva|76\/100|[from] Stealth Rock\n|move|p2a: Chansey|Thunder Wave|p1a: Arboliva\n|-status|p1a: Arboliva|par\n|\n|upkeep\n|turn|12\n|\n|t:|1700740350\n|switch|p1a: Blissey|Blissey, F, shiny|65\/100\n|-damage|p1a: Blissey|52\/100|[from] Stealth Rock\n|move|p2a: Chansey|Seismic Toss|p1a: Blissey\n|-damage|p1a: Blissey|38\/100\n|\n|-heal|p1a: Blissey|44\/100|[from] item: Leftovers\n|upkeep\n|turn|13\n|\n|t:|1700740360\n|switch|p2a: Maushold|Maushold|100\/100\n|move|p1a: Blissey|Soft-Boiled|p1a: Blissey\n|-heal|p1a: Blissey|94\/100\n|\n|-heal|p1a: Blissey|99\/100|[from] item: Leftovers\n|upkeep\n|turn|14\n|\n|t:|1700740369\n|switch|p1a: Garganacl|Garganacl, F, shiny|86\/100\n|-damage|p1a: Garganacl|74\/100|[from] Stealth Rock\n|move|p2a: Maushold|Population Bomb|p1a: Garganacl\n|-resisted|p1a: Garganacl\n|-crit|p1a: Garganacl\n|-damage|p1a: Garganacl|70\/100\n|-resisted|p1a: Garganacl\n|-damage|p1a: Garganacl|67\/100\n|-resisted|p1a: Garganacl\n|-damage|p1a: Garganacl|65\/100\n|-resisted|p1a: Garganacl\n|-damage|p1a: Garganacl|62\/100\n|-resisted|p1a: Garganacl\n|-damage|p1a: Garganacl|59\/100\n|-resisted|p1a: Garganacl\n|-damage|p1a: Garganacl|57\/100\n|-resisted|p1a: Garganacl\n|-damage|p1a: Garganacl|54\/100\n|-resisted|p1a: Garganacl\n|-damage|p1a: Garganacl|51\/100\n|-resisted|p1a: Garganacl\n|-damage|p1a: Garganacl|49\/100\n|-resisted|p1a: Garganacl\n|-damage|p1a: Garganacl|46\/100\n|-hitcount|p1a: Garganacl|10\n|\n|-sideend|p1: pollofrito2310|move: Light Screen\n|upkeep\n|turn|15\n|\n|t:|1700740398\n|move|p2a: Maushold|Population Bomb|p1a: Garganacl|[miss]\n|-miss|p2a: Maushold|p1a: Garganacl\n|move|p1a: Garganacl|Recover|p1a: Garganacl\n|-heal|p1a: Garganacl|96\/100\n|\n|upkeep\n|turn|16\n|\n|t:|1700740413\n|switch|p2a: Chansey|Chansey, F|100\/100\n|move|p1a: Garganacl|Salt Cure|p2a: Chansey\n|-damage|p2a: Chansey|92\/100\n|-start|p2a: Chansey|Salt Cure\n|\n|-damage|p2a: Chansey|79\/100|[from] Salt Cure\n|upkeep\n|turn|17\n|\n|t:|1700740423\n|move|p2a: Chansey|Seismic Toss|p1a: Garganacl\n|-damage|p1a: Garganacl|71\/100\n|move|p1a: Garganacl|Iron Defense|p1a: Garganacl\n|-boost|p1a: Garganacl|def|2\n|\n|-damage|p2a: Chansey|67\/100|[from] Salt Cure\n|upkeep\n|turn|18\n|\n|t:|1700740434\n|switch|p2a: Arboliva|Arboliva, F|100\/100\n|move|p1a: Garganacl|Salt Cure|p2a: Arboliva\n|-damage|p2a: Arboliva|82\/100\n|-start|p2a: Arboliva|Salt Cure\n|\n|-damage|p2a: Arboliva|70\/100|[from] Salt Cure\n|upkeep\n|turn|19\n|\n|t:|1700740448\n|switch|p2a: Chansey|Chansey, F|67\/100\n|switch|p1a: Blissey|Blissey, F, shiny|99\/100\n|-damage|p1a: Blissey|88\/100|[from] Stealth Rock\n|\n|-heal|p1a: Blissey|94\/100|[from] item: Leftovers\n|upkeep\n|turn|20\n|\n|t:|1700740466\n|switch|p1a: Gligar|Gligar, F|80\/100\n|-damage|p1a: Gligar|68\/100|[from] Stealth Rock\n|switch|p2a: Cyclizar|Cyclizar, F|100\/100\n|\n|-heal|p1a: Gligar|74\/100|[from] item: Leftovers\n|upkeep\n|turn|21\n|\n|t:|1700740477\n|move|p2a: Cyclizar|Shift Gear|p2a: Cyclizar\n|-boost|p2a: Cyclizar|spe|2\n|-boost|p2a: Cyclizar|atk|1\n|move|p1a: Gligar|Stealth Rock|p2a: Cyclizar\n|-sidestart|p2: Squirrel3900|move: Stealth Rock\n|\n|-heal|p1a: Gligar|79\/100|[from] item: Leftovers\n|upkeep\n|turn|22\n|\n|t:|1700740486\n|switch|p1a: Garganacl|Garganacl, F, shiny|71\/100\n|-damage|p1a: Garganacl|59\/100|[from] Stealth Rock\n|move|p2a: Cyclizar|Knock Off|p1a: Garganacl\n|-damage|p1a: Garganacl|43\/100\n|\n|upkeep\n|turn|23\n|\n|t:|1700740495\n|move|p2a: Cyclizar|Iron Head|p1a: Garganacl\n|-supereffective|p1a: Garganacl\n|-damage|p1a: Garganacl|7\/100\n|move|p1a: Garganacl|Recover|p1a: Garganacl\n|-heal|p1a: Garganacl|57\/100\n|\n|upkeep\n|turn|24\n|\n|t:|1700740502\n|move|p2a: Cyclizar|Iron Head|p1a: Garganacl\n|-supereffective|p1a: Garganacl\n|-damage|p1a: Garganacl|22\/100\n|cant|p1a: Garganacl|flinch\n|\n|upkeep\n|turn|25\n|\n|t:|1700740510\n|-terastallize|p1a: Garganacl|Ghost\n|move|p2a: Cyclizar|Iron Head|p1a: Garganacl\n|-damage|p1a: Garganacl|1\/100\n|cant|p1a: Garganacl|flinch\n|\n|upkeep\n|turn|26\n|c|\u2606pollofrito2310|bruh\n|\n|t:|1700740524\n|move|p2a: Cyclizar|Knock Off|p1a: Garganacl\n|-supereffective|p1a: Garganacl\n|-damage|p1a: Garganacl|0 fnt\n|faint|p1a: Garganacl\n|\n|upkeep\n|\n|t:|1700740531\n|switch|p1a: Salazzle|Salazzle, F, shiny|100\/100\n|-damage|p1a: Salazzle|75\/100|[from] Stealth Rock\n|turn|27\n|\n|t:|1700740537\n|move|p2a: Cyclizar|Knock Off|p1a: Salazzle\n|-damage|p1a: Salazzle|9\/100\n|-enditem|p1a: Salazzle|Leftovers|[from] move: Knock Off|[of] p2a: Cyclizar\n|move|p1a: Salazzle|Toxic|p2a: Cyclizar\n|-status|p2a: Cyclizar|tox\n|\n|-damage|p2a: Cyclizar|94\/100 tox|[from] psn\n|upkeep\n|turn|28\n|\n|t:|1700740547\n|move|p1a: Salazzle|Protect|p1a: Salazzle\n|-singleturn|p1a: Salazzle|Protect\n|move|p2a: Cyclizar|Knock Off|p1a: Salazzle\n|-activate|p1a: Salazzle|move: Protect\n|\n|-damage|p2a: Cyclizar|82\/100 tox|[from] psn\n|upkeep\n|turn|29\n|\n|t:|1700740558\n|move|p1a: Salazzle|Protect||[still]\n|-fail|p1a: Salazzle\n|move|p2a: Cyclizar|Knock Off|p1a: Salazzle\n|-damage|p1a: Salazzle|0 fnt\n|faint|p1a: Salazzle\n|\n|-damage|p2a: Cyclizar|64\/100 tox|[from] psn\n|upkeep\n|\n|t:|1700740572\n|switch|p1a: Toxapex|Toxapex, M, shiny|100\/100\n|-damage|p1a: Toxapex|88\/100|[from] Stealth Rock\n|turn|30\n|\n|t:|1700740577\n|move|p2a: Cyclizar|Knock Off|p1a: Toxapex\n|-damage|p1a: Toxapex|53\/100\n|-enditem|p1a: Toxapex|Black Sludge|[from] move: Knock Off|[of] p2a: Cyclizar\n|move|p1a: Toxapex|Haze|p1a: Toxapex\n|-clearallboost\n|\n|-damage|p2a: Cyclizar|40\/100 tox|[from] psn\n|upkeep\n|turn|31\n|\n|t:|1700740595\n|move|p2a: Cyclizar|Shift Gear|p2a: Cyclizar\n|-boost|p2a: Cyclizar|spe|2\n|-boost|p2a: Cyclizar|atk|1\n|move|p1a: Toxapex|Recover|p1a: Toxapex\n|-heal|p1a: Toxapex|100\/100\n|\n|-damage|p2a: Cyclizar|10\/100 tox|[from] psn\n|upkeep\n|turn|32\n|-message|pollofrito2310 forfeited.\n|\n|win|Squirrel3900\n|raw|pollofrito2310's rating: 1100 &rarr; <strong>1068<\/strong><br \/>(-32 for losing)\n|raw|Squirrel3900's rating: 1000 &rarr; <strong>1051<\/strong><br \/>(+51 for winning)\n|l|\u2606pollofrito2310\n|n|\u2606Squirrel3900|squirrel3900\n","uploadtime":1700740650,"views":5,"p1id":"pollofrito2310","p2id":"squirrel3900","formatid":"gen9ou","rating":1051,"private":0,"password":""}