{"id":"gen9ou-1996505453","p1":"punkmag","p2":"SlowCat","format":"[Gen 9] OU","log":"|j|\u2606punkmag\n|j|\u2606SlowCat\n|t:|1700688590\n|gametype|singles\n|player|p1|punkmag|waitress-gen4|1262\n|player|p2|SlowCat|skier|1232\n|teamsize|p1|6\n|teamsize|p2|6\n|gen|9\n|tier|[Gen 9] OU\n|rated|\n|rule|Sleep Clause Mod: Limit one foe put to sleep\n|rule|Species Clause: Limit one of each Pok\u00e9mon\n|rule|OHKO Clause: OHKO moves are banned\n|rule|Evasion Items Clause: Evasion items are banned\n|rule|Evasion Moves Clause: Evasion moves are banned\n|rule|Endless Battle Clause: Forcing endless battles is banned\n|rule|HP Percentage Mod: HP is shown in percentages\n|clearpoke\n|poke|p1|Ogerpon-Wellspring, F|\n|poke|p1|Rillaboom, F|\n|poke|p1|Iron Moth|\n|poke|p1|Iron Valiant|\n|poke|p1|Dragonite, M|\n|poke|p1|Mandibuzz, F|\n|poke|p2|Iron Valiant|\n|poke|p2|Greninja-*, M|\n|poke|p2|Maushold|\n|poke|p2|Ceruledge, F|\n|poke|p2|Scizor, F|\n|poke|p2|Walking Wake|\n|teampreview\n|inactive|Battle timer is ON: inactive players will automatically lose when time's up. (requested by SlowCat)\n|inactive|punkmag also wants the timer to be on.\n|\n|t:|1700688600\n|start\n|switch|p1a: Iron Takes Off|Iron Valiant|100\/100\n|switch|p2a: Mother\u2019s Milk|Greninja, M|100\/100\n|turn|1\n|\n|t:|1700688606\n|move|p2a: Mother\u2019s Milk|Water Shuriken|p1a: Iron Takes Off\n|-start|p2a: Mother\u2019s Milk|typechange|Water|[from] ability: Protean\n|-damage|p1a: Iron Takes Off|82\/100\n|-damage|p1a: Iron Takes Off|62\/100\n|-hitcount|p1a: Iron Takes Off|2\n|move|p1a: Iron Takes Off|Moonblast|p2a: Mother\u2019s Milk\n|-damage|p2a: Mother\u2019s Milk|20\/100\n|\n|upkeep\n|turn|2\n|\n|t:|1700688618\n|-end|p1a: Iron Takes Off|Quark Drive|[silent]\n|switch|p1a: Orge Flowers|Ogerpon-Wellspring, F|100\/100\n|move|p2a: Mother\u2019s Milk|Water Shuriken|p1a: Orge Flowers\n|-immune|p1a: Orge Flowers|[from] ability: Water Absorb\n|\n|upkeep\n|turn|3\n|\n|t:|1700688626\n|switch|p2a: Scizor|Scizor, F|100\/100\n|move|p1a: Orge Flowers|Horn Leech|p2a: Scizor\n|-resisted|p2a: Scizor\n|-damage|p2a: Scizor|90\/100\n|\n|upkeep\n|turn|4\n|\n|t:|1700688638\n|move|p1a: Orge Flowers|Ivy Cudgel|p2a: Scizor|[anim] Ivy Cudgel Water\n|-damage|p2a: Scizor|33\/100\n|move|p2a: Scizor|U-turn|p1a: Orge Flowers\n|-supereffective|p1a: Orge Flowers\n|-damage|p1a: Orge Flowers|0 fnt\n|faint|p1a: Orge Flowers\n|\n|t:|1700688650\n|switch|p2a: Mother\u2019s Milk|Greninja, M|20\/100|[from] U-turn\n|\n|upkeep\n|\n|t:|1700688654\n|switch|p1a: Pinecones|Rillaboom, F|100\/100\n|-fieldstart|move: Grassy Terrain|[from] ability: Grassy Surge|[of] p1a: Pinecones\n|turn|5\n|\n|t:|1700688661\n|switch|p2a: Scizor|Scizor, F|33\/100\n|move|p1a: Pinecones|Grassy Glide|p2a: Scizor\n|-resisted|p2a: Scizor\n|-damage|p2a: Scizor|24\/100\n|\n|-heal|p2a: Scizor|31\/100|[from] Grassy Terrain\n|upkeep\n|turn|6\n|\n|t:|1700688669\n|move|p1a: Pinecones|Knock Off|p2a: Scizor\n|-damage|p2a: Scizor|0 fnt\n|-enditem|p2a: Scizor|Expert Belt|[from] move: Knock Off|[of] p1a: Pinecones\n|faint|p2a: Scizor\n|\n|upkeep\n|\n|t:|1700688674\n|switch|p2a: Butcher|Walking Wake|100\/100\n|turn|7\n|\n|t:|1700688679\n|move|p1a: Pinecones|Grassy Glide|p2a: Butcher\n|-damage|p2a: Butcher|63\/100\n|move|p2a: Butcher|Hurricane|p1a: Pinecones\n|-supereffective|p1a: Pinecones\n|-damage|p1a: Pinecones|0 fnt\n|faint|p1a: Pinecones\n|\n|-heal|p2a: Butcher|70\/100|[from] Grassy Terrain\n|upkeep\n|\n|t:|1700688691\n|switch|p1a: Clash at Iron Head|Iron Moth|100\/100\n|-enditem|p1a: Clash at Iron Head|Booster Energy\n|-activate|p1a: Clash at Iron Head|ability: Quark Drive|[fromitem]\n|-start|p1a: Clash at Iron Head|quarkdrivespa\n|turn|8\n|\n|t:|1700688699\n|move|p1a: Clash at Iron Head|Sludge Wave|p2a: Butcher\n|-damage|p2a: Butcher|0 fnt\n|faint|p2a: Butcher\n|-end|p2a: Butcher|Protosynthesis|[silent]\n|\n|upkeep\n|\n|t:|1700688702\n|switch|p2a: Mother\u2019s Milk|Greninja, M|20\/100\n|turn|9\n|\n|t:|1700688722\n|-terastallize|p1a: Clash at Iron Head|Dark\n|move|p2a: Mother\u2019s Milk|Water Shuriken|p1a: Clash at Iron Head\n|-start|p2a: Mother\u2019s Milk|typechange|Water|[from] ability: Protean\n|-damage|p1a: Clash at Iron Head|90\/100\n|-damage|p1a: Clash at Iron Head|80\/100\n|-damage|p1a: Clash at Iron Head|70\/100\n|-hitcount|p1a: Clash at Iron Head|3\n|move|p1a: Clash at Iron Head|Energy Ball|p2a: Mother\u2019s Milk\n|-supereffective|p2a: Mother\u2019s Milk\n|-damage|p2a: Mother\u2019s Milk|0 fnt\n|faint|p2a: Mother\u2019s Milk\n|\n|-heal|p1a: Clash at Iron Head|76\/100|[from] Grassy Terrain\n|-fieldend|move: Grassy Terrain\n|upkeep\n|\n|t:|1700688737\n|switch|p2a: Kimiko|Iron Valiant|100\/100\n|-enditem|p2a: Kimiko|Booster Energy\n|-activate|p2a: Kimiko|ability: Quark Drive|[fromitem]\n|-start|p2a: Kimiko|quarkdrivespe\n|turn|10\n|\n|t:|1700688755\n|move|p2a: Kimiko|Moonblast|p1a: Clash at Iron Head\n|-supereffective|p1a: Clash at Iron Head\n|-damage|p1a: Clash at Iron Head|0 fnt\n|faint|p1a: Clash at Iron Head\n|-end|p1a: Clash at Iron Head|Quark Drive|[silent]\n|\n|upkeep\n|\n|t:|1700688761\n|switch|p1a: Iron Takes Off|Iron Valiant|62\/100\n|turn|11\n|\n|t:|1700688771\n|move|p1a: Iron Takes Off|Destiny Bond|p1a: Iron Takes Off\n|-singlemove|p1a: Iron Takes Off|Destiny Bond\n|move|p2a: Kimiko|Moonblast|p1a: Iron Takes Off\n|-supereffective|p1a: Iron Takes Off\n|-damage|p1a: Iron Takes Off|0 fnt\n|faint|p1a: Iron Takes Off\n|-activate|p1a: Iron Takes Off|move: Destiny Bond\n|-end|p1a: Iron Takes Off|Quark Drive|[silent]\n|faint|p2a: Kimiko\n|-end|p2a: Kimiko|Quark Drive|[silent]\n|\n|upkeep\n|\n|t:|1700688779\n|switch|p2a: Hughie|Ceruledge, F|100\/100\n|switch|p1a: Niltelace|Dragonite, M|100\/100\n|turn|12\n|\n|t:|1700688787\n|move|p2a: Hughie|Taunt|p1a: Niltelace\n|-start|p1a: Niltelace|move: Taunt\n|move|p1a: Niltelace|Earthquake|p2a: Hughie\n|-supereffective|p2a: Hughie\n|-damage|p2a: Hughie|0 fnt\n|faint|p2a: Hughie\n|\n|upkeep\n|\n|t:|1700688793\n|switch|p2a: Jordan Li \ud83e\udd75\ud83e\udd75|Maushold|100\/100\n|turn|13\n|\n|t:|1700688799\n|switch|p1a: Mandibuzz|Mandibuzz, F|100\/100\n|move|p2a: Jordan Li \ud83e\udd75\ud83e\udd75|Tidy Up|p2a: Jordan Li \ud83e\udd75\ud83e\udd75\n|-boost|p2a: Jordan Li \ud83e\udd75\ud83e\udd75|atk|1\n|-boost|p2a: Jordan Li \ud83e\udd75\ud83e\udd75|spe|1\n|\n|upkeep\n|turn|14\n|\n|t:|1700688806\n|move|p2a: Jordan Li \ud83e\udd75\ud83e\udd75|Population Bomb|p1a: Mandibuzz\n|-damage|p1a: Mandibuzz|91\/100\n|-damage|p2a: Jordan Li \ud83e\udd75\ud83e\udd75|84\/100|[from] item: Rocky Helmet|[of] p1a: Mandibuzz\n|-damage|p1a: Mandibuzz|81\/100\n|-damage|p2a: Jordan Li \ud83e\udd75\ud83e\udd75|67\/100|[from] item: Rocky Helmet|[of] p1a: Mandibuzz\n|-damage|p1a: Mandibuzz|73\/100\n|-damage|p2a: Jordan Li \ud83e\udd75\ud83e\udd75|51\/100|[from] item: Rocky Helmet|[of] p1a: Mandibuzz\n|-damage|p1a: Mandibuzz|63\/100\n|-damage|p2a: Jordan Li \ud83e\udd75\ud83e\udd75|34\/100|[from] item: Rocky Helmet|[of] p1a: Mandibuzz\n|-damage|p1a: Mandibuzz|53\/100\n|-damage|p2a: Jordan Li \ud83e\udd75\ud83e\udd75|17\/100|[from] item: Rocky Helmet|[of] p1a: Mandibuzz\n|-crit|p1a: Mandibuzz\n|-damage|p1a: Mandibuzz|40\/100\n|-damage|p2a: Jordan Li \ud83e\udd75\ud83e\udd75|1\/100|[from] item: Rocky Helmet|[of] p1a: Mandibuzz\n|-damage|p1a: Mandibuzz|31\/100\n|-damage|p2a: Jordan Li \ud83e\udd75\ud83e\udd75|0 fnt|[from] item: Rocky Helmet|[of] p1a: Mandibuzz\n|faint|p2a: Jordan Li \ud83e\udd75\ud83e\udd75\n|\n|win|punkmag\n|-hitcount|p1a: Mandibuzz|7\n|raw|punkmag's rating: 1262 &rarr; <strong>1285<\/strong><br \/>(+23 for winning)\n|raw|SlowCat's rating: 1232 &rarr; <strong>1209<\/strong><br \/>(-23 for losing)\n|l|\u2606SlowCat\n|c|\u2606punkmag|gg\n","uploadtime":1700688850,"views":2,"p1id":"punkmag","p2id":"slowcat","formatid":"gen9ou","rating":1209,"private":0,"password":""}