{"id":"gen9ou-1993355144","p1":"eliassutterikke","p2":"Chabbott918","format":"[Gen 9] OU","log":"|j|\u2606eliassutterikke\n|j|\u2606Chabbott918\n|t:|1700304772\n|gametype|singles\n|player|p1|eliassutterikke|janitor|1172\n|player|p2|Chabbott918|raifort|1247\n|teamsize|p1|6\n|teamsize|p2|6\n|gen|9\n|tier|[Gen 9] OU\n|rated|\n|rule|Sleep Clause Mod: Limit one foe put to sleep\n|rule|Species Clause: Limit one of each Pok\u00e9mon\n|rule|OHKO Clause: OHKO moves are banned\n|rule|Evasion Items Clause: Evasion items are banned\n|rule|Evasion Moves Clause: Evasion moves are banned\n|rule|Endless Battle Clause: Forcing endless battles is banned\n|rule|HP Percentage Mod: HP is shown in percentages\n|clearpoke\n|poke|p1|Mandibuzz, F|\n|poke|p1|Volcanion|\n|poke|p1|Landorus-Therian, M|\n|poke|p1|Gholdengo|\n|poke|p1|Breloom, F|\n|poke|p1|Clefable, F|\n|poke|p2|Gholdengo|\n|poke|p2|Zapdos|\n|poke|p2|Cinderace, F|\n|poke|p2|Glimmora, F|\n|poke|p2|Samurott-Hisui, M|\n|poke|p2|Rillaboom, M|\n|teampreview\n|inactive|Battle timer is ON: inactive players will automatically lose when time's up. (requested by eliassutterikke)\n|\n|t:|1700304785\n|start\n|switch|p1a: Breloom|Breloom, F|100\/100\n|switch|p2a: Cinderace|Cinderace, F, shiny|100\/100\n|turn|1\n|\n|t:|1700304794\n|switch|p1a: Volcanion|Volcanion|100\/100\n|move|p2a: Cinderace|Will-O-Wisp|p1a: Volcanion|[miss]\n|-miss|p2a: Cinderace|p1a: Volcanion\n|\n|upkeep\n|turn|2\n|\n|t:|1700304809\n|switch|p2a: Samurott|Samurott-Hisui, M|100\/100\n|move|p1a: Volcanion|Steam Eruption|p2a: Samurott\n|-resisted|p2a: Samurott\n|-damage|p2a: Samurott|70\/100\n|\n|upkeep\n|turn|3\n|\n|t:|1700304817\n|switch|p1a: Mandibuzz|Mandibuzz, F|100\/100\n|move|p2a: Samurott|Ceaseless Edge|p1a: Mandibuzz\n|-resisted|p1a: Mandibuzz\n|-damage|p1a: Mandibuzz|84\/100\n|-sidestart|p1: eliassutterikke|Spikes\n|\n|upkeep\n|turn|4\n|\n|t:|1700304832\n|switch|p2a: Glimmora|Glimmora, F|100\/100\n|move|p1a: Mandibuzz|Knock Off|p2a: Glimmora\n|-damage|p2a: Glimmora|70\/100\n|-activate|p2a: Glimmora|ability: Toxic Debris\n|-sidestart|p1: eliassutterikke|move: Toxic Spikes\n|-enditem|p2a: Glimmora|Focus Sash|[from] move: Knock Off|[of] p1a: Mandibuzz\n|\n|upkeep\n|turn|5\n|\n|t:|1700304844\n|move|p2a: Glimmora|Sludge Wave|p1a: Mandibuzz\n|-damage|p1a: Mandibuzz|53\/100\n|move|p1a: Mandibuzz|Defog|p2a: Glimmora\n|-unboost|p2a: Glimmora|evasion|1\n|-sideend|p1: eliassutterikke|Spikes|[from] move: Defog|[of] p1a: Mandibuzz\n|-sideend|p1: eliassutterikke|Toxic Spikes|[from] move: Defog|[of] p1a: Mandibuzz\n|\n|upkeep\n|turn|6\n|\n|t:|1700304865\n|switch|p1a: Landorus|Landorus-Therian, M|100\/100\n|-ability|p1a: Landorus|Intimidate|boost\n|-unboost|p2a: Glimmora|atk|1\n|move|p2a: Glimmora|Stealth Rock|p1a: Landorus\n|-sidestart|p1: eliassutterikke|move: Stealth Rock\n|\n|upkeep\n|turn|7\n|\n|t:|1700304875\n|switch|p2a: Zapdos|Zapdos|100\/100\n|move|p1a: Landorus|Stealth Rock|p2a: Zapdos\n|-sidestart|p2: Chabbott918|move: Stealth Rock\n|\n|upkeep\n|turn|8\n|\n|t:|1700304882\n|move|p2a: Zapdos|Hurricane|p1a: Landorus\n|-damage|p1a: Landorus|43\/100\n|move|p1a: Landorus|U-turn|p2a: Zapdos\n|-resisted|p2a: Zapdos\n|-damage|p2a: Zapdos|87\/100\n|-status|p1a: Landorus|par|[from] ability: Static|[of] p2a: Zapdos\n|\n|t:|1700304895\n|switch|p1a: Clefable|Clefable, F|100\/100|[from] U-turn\n|\n|upkeep\n|turn|9\n|\n|t:|1700304908\n|move|p2a: Zapdos|Volt Switch|p1a: Clefable\n|-damage|p1a: Clefable|69\/100\n|\n|t:|1700304911\n|switch|p2a: Gholdengo|Gholdengo|100\/100|[from] Volt Switch\n|-damage|p2a: Gholdengo|94\/100|[from] Stealth Rock\n|move|p1a: Clefable|Fire Blast|p2a: Gholdengo\n|-supereffective|p2a: Gholdengo\n|-crit|p2a: Gholdengo\n|-damage|p2a: Gholdengo|21\/100\n|\n|-heal|p2a: Gholdengo|27\/100|[from] item: Leftovers\n|upkeep\n|turn|10\n|\n|t:|1700304921\n|switch|p1a: Volcanion|Volcanion|100\/100\n|-damage|p1a: Volcanion|76\/100|[from] Stealth Rock\n|move|p2a: Gholdengo|Make It Rain|p1a: Volcanion\n|-resisted|p1a: Volcanion\n|-damage|p1a: Volcanion|58\/100\n|-unboost|p2a: Gholdengo|spa|1\n|\n|-heal|p2a: Gholdengo|33\/100|[from] item: Leftovers\n|upkeep\n|turn|11\n|\n|t:|1700304933\n|switch|p2a: Samurott|Samurott-Hisui, M|70\/100\n|-damage|p2a: Samurott|57\/100|[from] Stealth Rock\n|move|p1a: Volcanion|Fire Blast|p2a: Samurott\n|-resisted|p2a: Samurott\n|-damage|p2a: Samurott|30\/100\n|\n|upkeep\n|turn|12\n|\n|t:|1700304960\n|switch|p1a: Clefable|Clefable, F|69\/100\n|move|p2a: Samurott|Ceaseless Edge|p1a: Clefable|[miss]\n|-miss|p2a: Samurott|p1a: Clefable\n|\n|upkeep\n|turn|13\n|\n|t:|1700304972\n|move|p2a: Samurott|Aqua Cutter|p1a: Clefable\n|-damage|p1a: Clefable|34\/100\n|move|p1a: Clefable|Moonblast|p2a: Samurott\n|-supereffective|p2a: Samurott\n|-damage|p2a: Samurott|0 fnt\n|faint|p2a: Samurott\n|\n|upkeep\n|\n|t:|1700304980\n|switch|p2a: Gholdengo|Gholdengo|33\/100\n|-damage|p2a: Gholdengo|27\/100|[from] Stealth Rock\n|turn|14\n|\n|t:|1700304995\n|switch|p1a: Landorus|Landorus-Therian, M|43\/100 par\n|-damage|p1a: Landorus|31\/100 par|[from] Stealth Rock\n|-ability|p1a: Landorus|Intimidate|boost\n|-unboost|p2a: Gholdengo|atk|1\n|move|p2a: Gholdengo|Recover|p2a: Gholdengo\n|-heal|p2a: Gholdengo|77\/100\n|\n|-heal|p2a: Gholdengo|83\/100|[from] item: Leftovers\n|upkeep\n|turn|15\n|\n|t:|1700305006\n|move|p2a: Gholdengo|Hex|p1a: Landorus\n|-damage|p1a: Landorus|0 fnt\n|faint|p1a: Landorus\n|\n|-heal|p2a: Gholdengo|89\/100|[from] item: Leftovers\n|upkeep\n|\n|t:|1700305012\n|switch|p1a: Mandibuzz|Mandibuzz, F|53\/100\n|turn|16\n|\n|t:|1700305020\n|move|p2a: Gholdengo|Make It Rain|p1a: Mandibuzz\n|-damage|p1a: Mandibuzz|18\/100\n|-unboost|p2a: Gholdengo|spa|1\n|move|p1a: Mandibuzz|Roost|p1a: Mandibuzz\n|-heal|p1a: Mandibuzz|68\/100\n|-singleturn|p1a: Mandibuzz|move: Roost\n|\n|-heal|p2a: Gholdengo|95\/100|[from] item: Leftovers\n|upkeep\n|turn|17\n|\n|t:|1700305030\n|move|p2a: Gholdengo|Nasty Plot|p2a: Gholdengo\n|-boost|p2a: Gholdengo|spa|2\n|move|p1a: Mandibuzz|Roost|p1a: Mandibuzz\n|-heal|p1a: Mandibuzz|100\/100\n|-singleturn|p1a: Mandibuzz|move: Roost\n|\n|-heal|p2a: Gholdengo|100\/100|[from] item: Leftovers\n|upkeep\n|turn|18\n|\n|t:|1700305035\n|move|p2a: Gholdengo|Nasty Plot|p2a: Gholdengo\n|-boost|p2a: Gholdengo|spa|2\n|move|p1a: Mandibuzz|Knock Off|p2a: Gholdengo\n|-supereffective|p2a: Gholdengo\n|-damage|p2a: Gholdengo|70\/100\n|-enditem|p2a: Gholdengo|Leftovers|[from] move: Knock Off|[of] p1a: Mandibuzz\n|\n|upkeep\n|turn|19\n|\n|t:|1700305046\n|move|p2a: Gholdengo|Make It Rain|p1a: Mandibuzz\n|-damage|p1a: Mandibuzz|24\/100\n|-unboost|p2a: Gholdengo|spa|1\n|move|p1a: Mandibuzz|U-turn|p2a: Gholdengo\n|-resisted|p2a: Gholdengo\n|-damage|p2a: Gholdengo|68\/100\n|\n|t:|1700305049\n|switch|p1a: Volcanion|Volcanion|58\/100|[from] U-turn\n|-damage|p1a: Volcanion|33\/100|[from] Stealth Rock\n|\n|upkeep\n|turn|20\n|inactive|Chabbott918 has 120 seconds left.\n|\n|t:|1700305092\n|-terastallize|p2a: Gholdengo|Flying\n|move|p1a: Volcanion|Fire Blast|p2a: Gholdengo\n|-damage|p2a: Gholdengo|12\/100\n|move|p2a: Gholdengo|Recover|p2a: Gholdengo\n|-heal|p2a: Gholdengo|62\/100\n|\n|upkeep\n|turn|21\n|\n|t:|1700305103\n|move|p1a: Volcanion|Fire Blast|p2a: Gholdengo\n|-damage|p2a: Gholdengo|3\/100\n|move|p2a: Gholdengo|Recover|p2a: Gholdengo\n|-heal|p2a: Gholdengo|53\/100\n|\n|upkeep\n|turn|22\n|inactive|Chabbott918 has 120 seconds left.\n|\n|t:|1700305111\n|switch|p2a: Glimmora|Glimmora, F|70\/100\n|-damage|p2a: Glimmora|58\/100|[from] Stealth Rock\n|move|p1a: Volcanion|Fire Blast|p2a: Glimmora\n|-resisted|p2a: Glimmora\n|-damage|p2a: Glimmora|21\/100\n|\n|upkeep\n|turn|23\n|\n|t:|1700305116\n|move|p1a: Volcanion|Fire Blast|p2a: Glimmora\n|-resisted|p2a: Glimmora\n|-damage|p2a: Glimmora|0 fnt\n|faint|p2a: Glimmora\n|\n|upkeep\n|\n|t:|1700305124\n|switch|p2a: Zapdos|Zapdos|87\/100\n|turn|24\n|\n|t:|1700305134\n|switch|p1a: Clefable|Clefable, F|34\/100\n|move|p2a: Zapdos|Volt Switch|p1a: Clefable\n|-damage|p1a: Clefable|0 fnt\n|faint|p1a: Clefable\n|\n|t:|1700305146\n|switch|p2a: Cinderace|Cinderace, F, shiny|100\/100|[from] Volt Switch\n|\n|upkeep\n|inactive|eliassutterikke has 120 seconds left.\n|\n|t:|1700305181\n|switch|p1a: Volcanion|Volcanion|33\/100\n|-damage|p1a: Volcanion|8\/100|[from] Stealth Rock\n|turn|25\n|inactive|eliassutterikke has 120 seconds left.\n|\n|t:|1700305187\n|move|p1a: Volcanion|Steam Eruption|p2a: Cinderace\n|-supereffective|p2a: Cinderace\n|-damage|p2a: Cinderace|0 fnt\n|faint|p2a: Cinderace\n|\n|upkeep\n|\n|t:|1700305205\n|switch|p2a: Rillaboom|Rillaboom, M|100\/100\n|-damage|p2a: Rillaboom|88\/100|[from] Stealth Rock\n|-fieldstart|move: Grassy Terrain|[from] ability: Grassy Surge|[of] p2a: Rillaboom\n|turn|26\n|\n|t:|1700305215\n|switch|p1a: Breloom|Breloom, F|100\/100\n|-damage|p1a: Breloom|94\/100|[from] Stealth Rock\n|move|p2a: Rillaboom|Swords Dance|p2a: Rillaboom\n|-boost|p2a: Rillaboom|atk|2\n|\n|-heal|p2a: Rillaboom|94\/100|[from] Grassy Terrain\n|-heal|p1a: Breloom|100\/100|[from] Grassy Terrain\n|-status|p1a: Breloom|tox|[from] item: Toxic Orb\n|upkeep\n|turn|27\n|\n|t:|1700305227\n|-terastallize|p1a: Breloom|Flying\n|move|p2a: Rillaboom|Drain Punch|p1a: Breloom\n|-resisted|p1a: Breloom\n|-damage|p1a: Breloom|49\/100 tox\n|-heal|p2a: Rillaboom|100\/100|[from] drain|[of] p1a: Breloom\n|-damage|p2a: Rillaboom|91\/100|[from] item: Life Orb\n|move|p1a: Breloom|Tera Blast|p2a: Rillaboom|[anim] Tera Blast Flying\n|-supereffective|p2a: Rillaboom\n|-damage|p2a: Rillaboom|0 fnt\n|faint|p2a: Rillaboom\n|\n|-heal|p1a: Breloom|61\/100 tox|[from] ability: Poison Heal\n|upkeep\n|\n|t:|1700305244\n|switch|p2a: Zapdos|Zapdos|87\/100\n|turn|28\n|\n|t:|1700305253\n|switch|p1a: Gholdengo|Gholdengo|100\/100\n|-damage|p1a: Gholdengo|94\/100|[from] Stealth Rock\n|-item|p1a: Gholdengo|Air Balloon\n|move|p2a: Zapdos|Volt Switch|p1a: Gholdengo\n|-damage|p1a: Gholdengo|50\/100\n|-enditem|p1a: Gholdengo|Air Balloon\n|\n|t:|1700305256\n|switch|p2a: Gholdengo|Gholdengo, tera:Flying|53\/100|[from] Volt Switch\n|-damage|p2a: Gholdengo|28\/100|[from] Stealth Rock\n|\n|-heal|p1a: Gholdengo|56\/100|[from] Grassy Terrain\n|upkeep\n|turn|29\n|\n|t:|1700305260\n|move|p1a: Gholdengo|Shadow Ball|p2a: Gholdengo\n|-damage|p2a: Gholdengo|0 fnt\n|faint|p2a: Gholdengo\n|\n|-heal|p1a: Gholdengo|62\/100|[from] Grassy Terrain\n|upkeep\n|\n|t:|1700305262\n|switch|p2a: Zapdos|Zapdos|87\/100\n|turn|30\n|\n|t:|1700305265\n|move|p2a: Zapdos|Heat Wave|p1a: Gholdengo\n|-supereffective|p1a: Gholdengo\n|-crit|p1a: Gholdengo\n|-damage|p1a: Gholdengo|0 fnt\n|faint|p1a: Gholdengo\n|\n|-fieldend|move: Grassy Terrain\n|upkeep\n|\n|t:|1700305272\n|switch|p1a: Mandibuzz|Mandibuzz, F|24\/100\n|turn|31\n|\n|t:|1700305282\n|move|p2a: Zapdos|Volt Switch|p1a: Mandibuzz\n|-supereffective|p1a: Mandibuzz\n|-damage|p1a: Mandibuzz|0 fnt\n|faint|p1a: Mandibuzz\n|\n|upkeep\n|\n|t:|1700305288\n|switch|p1a: Breloom|Breloom, F, tera:Flying|61\/100 tox\n|-damage|p1a: Breloom|37\/100 tox|[from] Stealth Rock\n|turn|32\n|\n|t:|1700305295\n|move|p2a: Zapdos|Volt Switch|p1a: Breloom\n|-supereffective|p1a: Breloom\n|-damage|p1a: Breloom|0 fnt\n|faint|p1a: Breloom\n|\n|upkeep\n|-message|eliassutterikke forfeited.\n|\n|win|Chabbott918\n|raw|eliassutterikke's rating: 1172 &rarr; <strong>1152<\/strong><br \/>(-20 for losing)\n|raw|Chabbott918's rating: 1247 &rarr; <strong>1267<\/strong><br \/>(+20 for winning)\n|l|\u2606eliassutterikke\n","uploadtime":1700305303,"views":31,"p1id":"eliassutterikke","p2id":"chabbott918","formatid":"gen9ou","rating":1152,"private":0,"password":""}