{"id":"gen9ou-1992770171","p1":"doodieray","p2":"chidantamio","format":"[Gen 9] OU","log":"|j|\u2606doodieray\n|j|\u2606chidantamio\n|t:|1700233901\n|gametype|singles\n|player|p1|doodieray|170|1483\n|player|p2|chidantamio|kimonogirl|1486\n|teamsize|p1|6\n|teamsize|p2|6\n|gen|9\n|tier|[Gen 9] OU\n|rated|\n|rule|Sleep Clause Mod: Limit one foe put to sleep\n|rule|Species Clause: Limit one of each Pok\u00e9mon\n|rule|OHKO Clause: OHKO moves are banned\n|rule|Evasion Items Clause: Evasion items are banned\n|rule|Evasion Moves Clause: Evasion moves are banned\n|rule|Endless Battle Clause: Forcing endless battles is banned\n|rule|HP Percentage Mod: HP is shown in percentages\n|clearpoke\n|poke|p1|Vikavolt, M|\n|poke|p1|Sneasler, M|\n|poke|p1|Garganacl, F|\n|poke|p1|Ogerpon-Wellspring, F|\n|poke|p1|Heatran, F|\n|poke|p1|Weezing-Galar, F|\n|poke|p2|Polteageist-Antique|\n|poke|p2|Indeedee-F, F|\n|poke|p2|Sneasler, M|\n|poke|p2|Armarouge, M|\n|poke|p2|Cinderace, F|\n|poke|p2|Great Tusk|\n|teampreview\n|\n|t:|1700233908\n|start\n|switch|p1a: Vikavolt|Vikavolt, M|100\/100\n|switch|p2a: Indeedee|Indeedee-F, F|100\/100\n|-fieldstart|move: Psychic Terrain|[from] ability: Psychic Surge|[of] p2a: Indeedee\n|turn|1\n|inactive|Battle timer is ON: inactive players will automatically lose when time's up. (requested by chidantamio)\n|\n|t:|1700233915\n|move|p2a: Indeedee|Psychic|p1a: Vikavolt\n|-damage|p1a: Vikavolt|52\/100\n|-unboost|p1a: Vikavolt|spd|1\n|move|p1a: Vikavolt|Volt Switch|p2a: Indeedee\n|-damage|p2a: Indeedee|55\/100\n|\n|t:|1700233924\n|switch|p1a: Sneasler|Sneasler, M|100\/100|[from] Volt Switch\n|-item|p1a: Sneasler|Air Balloon\n|\n|upkeep\n|turn|2\n|j| carbonne777\n|\n|t:|1700233936\n|move|p1a: Sneasler|Dire Claw|p2a: Indeedee\n|-damage|p2a: Indeedee|15\/100\n|move|p2a: Indeedee|Psychic|p1a: Sneasler\n|-supereffective|p1a: Sneasler\n|-damage|p1a: Sneasler|0 fnt\n|-enditem|p1a: Sneasler|Air Balloon\n|faint|p1a: Sneasler\n|\n|upkeep\n|l| carbonne777\n|\n|t:|1700233943\n|switch|p1a: Ogerpon|Ogerpon-Wellspring, F|100\/100\n|turn|3\n|\n|t:|1700233951\n|switch|p2a: Armarouge|Armarouge, M|100\/100\n|move|p1a: Ogerpon|Ivy Cudgel|p2a: Armarouge|[anim] Ivy Cudgel Water\n|-supereffective|p2a: Armarouge\n|-enditem|p2a: Armarouge|Focus Sash\n|-damage|p2a: Armarouge|1\/100\n|-ability|p2a: Armarouge|Weak Armor|boost\n|-unboost|p2a: Armarouge|def|1\n|-boost|p2a: Armarouge|spe|2\n|\n|upkeep\n|turn|4\n|\n|t:|1700233960\n|switch|p1a: Heatran|Heatran, F|100\/100\n|move|p2a: Armarouge|Destiny Bond|p2a: Armarouge\n|-singlemove|p2a: Armarouge|Destiny Bond\n|\n|upkeep\n|turn|5\n|\n|t:|1700233967\n|move|p2a: Armarouge|Aura Sphere|p1a: Heatran\n|-supereffective|p1a: Heatran\n|-damage|p1a: Heatran|63\/100\n|move|p1a: Heatran|Stealth Rock|p2a: Armarouge\n|-sidestart|p2: chidantamio|move: Stealth Rock\n|\n|-heal|p1a: Heatran|69\/100|[from] item: Leftovers\n|upkeep\n|turn|6\n|\n|t:|1700233974\n|move|p2a: Armarouge|Destiny Bond|p2a: Armarouge\n|-singlemove|p2a: Armarouge|Destiny Bond\n|move|p1a: Heatran|Earth Power|p2a: Armarouge\n|-supereffective|p2a: Armarouge\n|-damage|p2a: Armarouge|0 fnt\n|faint|p2a: Armarouge\n|-activate|p2a: Armarouge|move: Destiny Bond\n|faint|p1a: Heatran\n|\n|upkeep\n|\n|t:|1700233984\n|switch|p2a: Cinderace|Cinderace, F|100\/100\n|switch|p1a: Garganacl|Garganacl, F|100\/100\n|-damage|p2a: Cinderace|76\/100|[from] Stealth Rock\n|turn|7\n|\n|t:|1700233993\n|move|p2a: Cinderace|Court Change|p2a: Cinderace\n|-start|p2a: Cinderace|typechange|Normal|[from] ability: Libero\n|-swapsideconditions\n|-activate|p2a: Cinderace|move: Court Change\n|move|p1a: Garganacl|Earthquake|p2a: Cinderace\n|-damage|p2a: Cinderace|41\/100\n|\n|upkeep\n|turn|8\n|\n|t:|1700234005\n|switch|p2a: Great Tusk|Great Tusk|100\/100\n|move|p1a: Garganacl|Salt Cure|p2a: Great Tusk\n|-resisted|p2a: Great Tusk\n|-damage|p2a: Great Tusk|99\/100\n|-start|p2a: Great Tusk|Salt Cure\n|\n|-damage|p2a: Great Tusk|86\/100|[from] Salt Cure\n|-fieldend|move: Psychic Terrain\n|upkeep\n|turn|9\n|\n|t:|1700234014\n|-end|p2a: Great Tusk|Protosynthesis|[silent]\n|switch|p2a: Indeedee|Indeedee-F, F|15\/100\n|-fieldstart|move: Psychic Terrain|[from] ability: Psychic Surge|[of] p2a: Indeedee\n|switch|p1a: Vikavolt|Vikavolt, M|52\/100\n|\n|upkeep\n|turn|10\n|\n|t:|1700234021\n|move|p2a: Indeedee|Healing Wish|p2a: Indeedee\n|faint|p2a: Indeedee\n|move|p1a: Vikavolt|Sticky Web|p2: Indeedee\n|-sidestart|p2: chidantamio|move: Sticky Web\n|\n|upkeep\n|\n|t:|1700234027\n|switch|p2a: Polteageist|Polteageist-Antique|100\/100\n|-activate|p2a: Polteageist|move: Sticky Web\n|-unboost|p2a: Polteageist|spe|1\n|turn|11\n|\n|t:|1700234031\n|move|p2a: Polteageist|Shell Smash|p2a: Polteageist\n|-unboost|p2a: Polteageist|def|1\n|-unboost|p2a: Polteageist|spd|1\n|-boost|p2a: Polteageist|atk|2\n|-boost|p2a: Polteageist|spa|2\n|-boost|p2a: Polteageist|spe|2\n|move|p1a: Vikavolt|Volt Switch|p2a: Polteageist\n|-damage|p2a: Polteageist|18\/100\n|\n|t:|1700234042\n|switch|p1a: Ogerpon|Ogerpon-Wellspring, F|100\/100|[from] Volt Switch\n|-damage|p1a: Ogerpon|88\/100|[from] Stealth Rock\n|\n|upkeep\n|turn|12\n|\n|t:|1700234049\n|-terastallize|p1a: Ogerpon|Water\n|detailschange|p1a: Ogerpon|Ogerpon-Wellspring-Tera, F, tera:Water\n|-ability|p1a: Ogerpon|Embody Aspect (Wellspring)|boost\n|-boost|p1a: Ogerpon|spd|1\n|move|p2a: Polteageist|Stored Power|p1a: Ogerpon\n|-damage|p1a: Ogerpon|5\/100\n|move|p1a: Ogerpon|Ivy Cudgel|p2a: Polteageist|[anim] Ivy Cudgel Water\n|-crit|p2a: Polteageist\n|-damage|p2a: Polteageist|0 fnt\n|faint|p2a: Polteageist\n|\n|upkeep\n|\n|t:|1700234062\n|switch|p2a: Cinderace|Cinderace, F|41\/100\n|-heal|p2a: Cinderace|100\/100|[from] move: Healing Wish\n|-activate|p2a: Cinderace|move: Sticky Web\n|-unboost|p2a: Cinderace|spe|1\n|turn|13\n|\n|t:|1700234069\n|move|p2a: Cinderace|Court Change|p2a: Cinderace\n|-start|p2a: Cinderace|typechange|Normal|[from] ability: Libero\n|-swapsideconditions\n|-activate|p2a: Cinderace|move: Court Change\n|move|p1a: Ogerpon|Ivy Cudgel|p2a: Cinderace|[anim] Ivy Cudgel Water\n|-crit|p2a: Cinderace\n|-damage|p2a: Cinderace|0 fnt\n|faint|p2a: Cinderace\n|\n|upkeep\n|\n|t:|1700234077\n|switch|p2a: Great Tusk|Great Tusk|86\/100\n|-damage|p2a: Great Tusk|83\/100|[from] Stealth Rock\n|turn|14\n|\n|t:|1700234082\n|-terastallize|p2a: Great Tusk|Water\n|move|p1a: Ogerpon|Ivy Cudgel|p2a: Great Tusk|[anim] Ivy Cudgel Water\n|-resisted|p2a: Great Tusk\n|-damage|p2a: Great Tusk|60\/100\n|move|p2a: Great Tusk|Rapid Spin|p1a: Ogerpon\n|-damage|p1a: Ogerpon|0 fnt\n|-boost|p2a: Great Tusk|spe|1\n|-sideend|p2: chidantamio|Stealth Rock|[from] move: Rapid Spin|[of] p2a: Great Tusk\n|faint|p1a: Ogerpon\n|\n|upkeep\n|\n|t:|1700234086\n|switch|p1a: Vikavolt|Vikavolt, M|52\/100\n|turn|15\n|\n|t:|1700234104\n|move|p2a: Great Tusk|Knock Off|p1a: Vikavolt\n|-damage|p1a: Vikavolt|19\/100\n|-enditem|p1a: Vikavolt|Heavy-Duty Boots|[from] move: Knock Off|[of] p2a: Great Tusk\n|move|p1a: Vikavolt|Volt Switch|p2a: Great Tusk\n|-supereffective|p2a: Great Tusk\n|-damage|p2a: Great Tusk|1\/100\n|\n|t:|1700234109\n|switch|p1a: Weezing|Weezing-Galar, F|100\/100|[from] Volt Switch\n|-ability|p1a: Weezing|Neutralizing Gas\n|\n|upkeep\n|turn|16\n|\n|t:|1700234121\n|-end|p2a: Great Tusk|Protosynthesis|[silent]\n|switch|p2a: Sneasler|Sneasler, M|100\/100\n|-enditem|p2a: Sneasler|Psychic Seed\n|-boost|p2a: Sneasler|spd|1|[from] item: Psychic Seed\n|move|p1a: Weezing|Flamethrower|p2a: Sneasler\n|-damage|p2a: Sneasler|89\/100\n|\n|-fieldend|move: Psychic Terrain\n|upkeep\n|turn|17\n|\n|t:|1700234129\n|move|p2a: Sneasler|Swords Dance|p2a: Sneasler\n|-boost|p2a: Sneasler|atk|2\n|move|p1a: Weezing|Will-O-Wisp|p2a: Sneasler\n|-status|p2a: Sneasler|brn\n|\n|-damage|p2a: Sneasler|83\/100 brn|[from] brn\n|upkeep\n|turn|18\n|\n|t:|1700234136\n|move|p2a: Sneasler|Swords Dance|p2a: Sneasler\n|-boost|p2a: Sneasler|atk|2\n|move|p1a: Weezing|Strange Steam|p2a: Sneasler\n|-damage|p2a: Sneasler|65\/100 brn\n|\n|-damage|p2a: Sneasler|59\/100 brn|[from] brn\n|upkeep\n|turn|19\n|\n|t:|1700234144\n|move|p2a: Sneasler|Dire Claw|p1a: Weezing\n|-damage|p1a: Weezing|50\/100\n|move|p1a: Weezing|Strange Steam|p2a: Sneasler\n|-damage|p2a: Sneasler|40\/100 brn\n|\n|-damage|p2a: Sneasler|34\/100 brn|[from] brn\n|upkeep\n|turn|20\n|\n|t:|1700234151\n|-end|p1a: Weezing|ability: Neutralizing Gas\n|switch|p1a: Vikavolt|Vikavolt, M|19\/100\n|move|p2a: Sneasler|Dire Claw|p1a: Vikavolt\n|-damage|p1a: Vikavolt|0 fnt\n|faint|p1a: Vikavolt\n|\n|-damage|p2a: Sneasler|28\/100 brn|[from] brn\n|upkeep\n|\n|t:|1700234158\n|switch|p1a: Weezing|Weezing-Galar, F|50\/100\n|-ability|p1a: Weezing|Neutralizing Gas\n|turn|21\n|\n|t:|1700234163\n|-end|p1a: Weezing|ability: Neutralizing Gas\n|switch|p1a: Garganacl|Garganacl, F|100\/100\n|-activate|p1a: Garganacl|move: Sticky Web\n|-unboost|p1a: Garganacl|spe|1\n|move|p2a: Sneasler|Dire Claw|p1a: Garganacl\n|-resisted|p1a: Garganacl\n|-damage|p1a: Garganacl|77\/100\n|\n|-heal|p1a: Garganacl|83\/100|[from] item: Leftovers\n|-damage|p2a: Sneasler|22\/100 brn|[from] brn\n|upkeep\n|turn|22\n|\n|t:|1700234174\n|switch|p1a: Weezing|Weezing-Galar, F|50\/100\n|-ability|p1a: Weezing|Neutralizing Gas\n|move|p2a: Sneasler|Close Combat|p1a: Weezing\n|-resisted|p1a: Weezing\n|-damage|p1a: Weezing|31\/100\n|-unboost|p2a: Sneasler|def|1\n|-unboost|p2a: Sneasler|spd|1\n|\n|-damage|p2a: Sneasler|16\/100 brn|[from] brn\n|upkeep\n|turn|23\n|\n|t:|1700234187\n|move|p2a: Sneasler|Dire Claw|p1a: Weezing\n|-damage|p1a: Weezing|0 fnt\n|faint|p1a: Weezing\n|-end|p1a: Weezing|ability: Neutralizing Gas\n|\n|-damage|p2a: Sneasler|10\/100 brn|[from] brn\n|upkeep\n|\n|t:|1700234190\n|switch|p1a: Garganacl|Garganacl, F|83\/100\n|-activate|p1a: Garganacl|move: Sticky Web\n|-unboost|p1a: Garganacl|spe|1\n|turn|24\n|\n|t:|1700234201\n|move|p2a: Sneasler|Dire Claw|p1a: Garganacl\n|-resisted|p1a: Garganacl\n|-damage|p1a: Garganacl|60\/100\n|move|p1a: Garganacl|Earthquake|p2a: Sneasler\n|-supereffective|p2a: Sneasler\n|-damage|p2a: Sneasler|0 fnt\n|faint|p2a: Sneasler\n|\n|-heal|p1a: Garganacl|66\/100|[from] item: Leftovers\n|upkeep\n|\n|t:|1700234210\n|switch|p2a: Great Tusk|Great Tusk, tera:Water|1\/100\n|turn|25\n|\n|t:|1700234213\n|move|p2a: Great Tusk|Body Press|p1a: Garganacl\n|-supereffective|p1a: Garganacl\n|-damage|p1a: Garganacl|5\/100\n|move|p1a: Garganacl|Earthquake|p2a: Great Tusk\n|-damage|p2a: Great Tusk|0 fnt\n|faint|p2a: Great Tusk\n|-end|p2a: Great Tusk|Protosynthesis|[silent]\n|\n|win|doodieray\n|raw|doodieray's rating: 1483 &rarr; <strong>1503<\/strong><br \/>(+20 for winning)\n|raw|chidantamio's rating: 1486 &rarr; <strong>1466<\/strong><br \/>(-20 for losing)\n|l|\u2606chidantamio\n","uploadtime":1700234219,"views":10,"p1id":"doodieray","p2id":"chidantamio","formatid":"gen9ou","rating":1466,"private":0,"password":""}