{"id":"gen9ou-1991282248","p1":"OUVT TOSHI","p2":"FleetFoxxx","format":"[Gen 9] OU","log":"|j|\u2606OUVT TOSHI\n|j|\u2606FleetFoxxx\n|t:|1700064049\n|gametype|singles\n|player|p1|OUVT TOSHI|palmer|1735\n|player|p2|FleetFoxxx|102|1771\n|teamsize|p1|6\n|teamsize|p2|6\n|gen|9\n|tier|[Gen 9] OU\n|rated|\n|rule|Sleep Clause Mod: Limit one foe put to sleep\n|rule|Species Clause: Limit one of each Pok\u00e9mon\n|rule|OHKO Clause: OHKO moves are banned\n|rule|Evasion Items Clause: Evasion items are banned\n|rule|Evasion Moves Clause: Evasion moves are banned\n|rule|Endless Battle Clause: Forcing endless battles is banned\n|rule|HP Percentage Mod: HP is shown in percentages\n|clearpoke\n|poke|p1|Ogerpon-Wellspring, F|\n|poke|p1|Zamazenta-*|\n|poke|p1|Ting-Lu|\n|poke|p1|Iron Moth|\n|poke|p1|Zapdos|\n|poke|p1|Ursaluna, F|\n|poke|p2|Rillaboom, F|\n|poke|p2|Sneasler, F|\n|poke|p2|Zamazenta-*|\n|poke|p2|Ting-Lu|\n|poke|p2|Hatterene, F|\n|poke|p2|Manaphy|\n|teampreview\n|inactive|Battle timer is ON: inactive players will automatically lose when time's up. (requested by OUVT TOSHI)\n|j| lgang007\n|\n|t:|1700064083\n|start\n|switch|p1a: Ogerpon|Ogerpon-Wellspring, F|100\/100\n|switch|p2a: Ting-Lu|Ting-Lu|100\/100\n|-ability|p2a: Ting-Lu|Vessel of Ruin\n|turn|1\n|\n|t:|1700064091\n|move|p1a: Ogerpon|Swords Dance|p1a: Ogerpon\n|-boost|p1a: Ogerpon|atk|2\n|move|p2a: Ting-Lu|Whirlwind|p1a: Ogerpon\n|drag|p1a: Iron Moth|Iron Moth|100\/100\n|-enditem|p1a: Iron Moth|Booster Energy\n|-activate|p1a: Iron Moth|ability: Quark Drive|[fromitem]\n|-start|p1a: Iron Moth|quarkdrivespe\n|\n|upkeep\n|turn|2\n|\n|t:|1700064099\n|-end|p1a: Iron Moth|Quark Drive|[silent]\n|switch|p1a: Ogerpon|Ogerpon-Wellspring, F|100\/100\n|move|p2a: Ting-Lu|Earthquake|p1a: Ogerpon\n|-resisted|p1a: Ogerpon\n|-damage|p1a: Ogerpon|75\/100\n|\n|upkeep\n|turn|3\n|\n|t:|1700064105\n|switch|p2a: Rillaboom|Rillaboom, F|100\/100\n|-fieldstart|move: Grassy Terrain|[from] ability: Grassy Surge|[of] p2a: Rillaboom\n|move|p1a: Ogerpon|Ivy Cudgel|p2a: Rillaboom|[anim] Ivy Cudgel Water\n|-resisted|p2a: Rillaboom\n|-damage|p2a: Rillaboom|69\/100\n|\n|-heal|p1a: Ogerpon|81\/100|[from] Grassy Terrain\n|-heal|p2a: Rillaboom|75\/100|[from] Grassy Terrain\n|upkeep\n|turn|4\n|\n|t:|1700064115\n|move|p1a: Ogerpon|U-turn|p2a: Rillaboom\n|-supereffective|p2a: Rillaboom\n|-damage|p2a: Rillaboom|16\/100\n|\n|t:|1700064120\n|switch|p1a: Iron Moth|Iron Moth|100\/100|[from] U-turn\n|move|p2a: Rillaboom|U-turn|p1a: Iron Moth\n|-resisted|p1a: Iron Moth\n|-damage|p1a: Iron Moth|87\/100\n|\n|t:|1700064124\n|switch|p2a: Ting-Lu|Ting-Lu|100\/100|[from] U-turn\n|-ability|p2a: Ting-Lu|Vessel of Ruin\n|\n|-heal|p1a: Iron Moth|93\/100|[from] Grassy Terrain\n|upkeep\n|turn|5\n|\n|t:|1700064131\n|-end|p1a: Iron Moth|Quark Drive|[silent]\n|switch|p1a: Ursaluna|Ursaluna, F|100\/100\n|move|p2a: Ting-Lu|Spikes|p1a: Ursaluna\n|-sidestart|p1: OUVT TOSHI|Spikes\n|\n|-status|p1a: Ursaluna|brn|[from] item: Flame Orb\n|upkeep\n|turn|6\n|\n|t:|1700064138\n|move|p1a: Ursaluna|Facade|p2a: Ting-Lu\n|-damage|p2a: Ting-Lu|35\/100\n|move|p2a: Ting-Lu|Ruination|p1a: Ursaluna\n|-damage|p1a: Ursaluna|50\/100 brn\n|\n|-heal|p1a: Ursaluna|57\/100 brn|[from] Grassy Terrain\n|-heal|p2a: Ting-Lu|41\/100|[from] Grassy Terrain\n|-heal|p2a: Ting-Lu|47\/100|[from] item: Leftovers\n|-damage|p1a: Ursaluna|50\/100 brn|[from] brn\n|upkeep\n|turn|7\n|\n|t:|1700064148\n|switch|p2a: Zamazenta|Zamazenta|100\/100\n|-ability|p2a: Zamazenta|Dauntless Shield|boost\n|-boost|p2a: Zamazenta|def|1\n|move|p1a: Ursaluna|Facade|p2a: Zamazenta\n|-crit|p2a: Zamazenta\n|-damage|p2a: Zamazenta|0 fnt\n|faint|p2a: Zamazenta\n|\n|-heal|p1a: Ursaluna|57\/100 brn|[from] Grassy Terrain\n|-damage|p1a: Ursaluna|50\/100 brn|[from] brn\n|-fieldend|move: Grassy Terrain\n|upkeep\n|\n|t:|1700064155\n|switch|p2a: Sneasler|Sneasler, F|100\/100\n|turn|8\n|\n|t:|1700064161\n|switch|p1a: Zapdos|Zapdos|100\/100\n|move|p2a: Sneasler|Close Combat|p1a: Zapdos\n|-resisted|p1a: Zapdos\n|-damage|p1a: Zapdos|69\/100\n|-unboost|p2a: Sneasler|def|1\n|-unboost|p2a: Sneasler|spd|1\n|\n|upkeep\n|turn|9\n|\n|t:|1700064166\n|switch|p2a: Ting-Lu|Ting-Lu|47\/100\n|-ability|p2a: Ting-Lu|Vessel of Ruin\n|move|p1a: Zapdos|Hurricane|p2a: Ting-Lu\n|-damage|p2a: Ting-Lu|28\/100\n|-start|p2a: Ting-Lu|confusion\n|\n|-heal|p2a: Ting-Lu|34\/100|[from] item: Leftovers\n|upkeep\n|turn|10\n|\n|t:|1700064171\n|switch|p1a: Ursaluna|Ursaluna, F|50\/100 brn\n|-damage|p1a: Ursaluna|38\/100 brn|[from] Spikes\n|-activate|p2a: Ting-Lu|confusion\n|move|p2a: Ting-Lu|Spikes|p1a: Ursaluna\n|-sidestart|p1: OUVT TOSHI|Spikes\n|\n|-heal|p2a: Ting-Lu|40\/100|[from] item: Leftovers\n|-damage|p1a: Ursaluna|32\/100 brn|[from] brn\n|upkeep\n|turn|11\n|j| Ghosty187\n|\n|t:|1700064182\n|move|p1a: Ursaluna|Facade|p2a: Ting-Lu\n|-damage|p2a: Ting-Lu|0 fnt\n|faint|p2a: Ting-Lu\n|\n|-damage|p1a: Ursaluna|25\/100 brn|[from] brn\n|upkeep\n|\n|t:|1700064186\n|switch|p2a: Sneasler|Sneasler, F|100\/100\n|turn|12\n|\n|t:|1700064192\n|move|p2a: Sneasler|Lash Out|p1a: Ursaluna\n|-damage|p1a: Ursaluna|5\/100 brn\n|move|p1a: Ursaluna|Facade|p2a: Sneasler\n|-damage|p2a: Sneasler|0 fnt\n|faint|p2a: Sneasler\n|\n|-damage|p1a: Ursaluna|0 fnt|[from] brn\n|faint|p1a: Ursaluna\n|upkeep\n|\n|t:|1700064204\n|switch|p2a: Manaphy|Manaphy|100\/100\n|switch|p1a: Iron Moth|Iron Moth|93\/100\n|-damage|p1a: Iron Moth|77\/100|[from] Spikes\n|turn|13\n|\n|t:|1700064211\n|-terastallize|p2a: Manaphy|Poison\n|move|p1a: Iron Moth|Sludge Wave|p2a: Manaphy\n|-resisted|p2a: Manaphy\n|-damage|p2a: Manaphy|79\/100\n|move|p2a: Manaphy|Take Heart|p2a: Manaphy\n|-boost|p2a: Manaphy|spa|1\n|-boost|p2a: Manaphy|spd|1\n|\n|-heal|p2a: Manaphy|85\/100|[from] item: Leftovers\n|upkeep\n|turn|14\n|\n|t:|1700064215\n|move|p1a: Iron Moth|Psychic|p2a: Manaphy\n|-supereffective|p2a: Manaphy\n|-damage|p2a: Manaphy|52\/100\n|move|p2a: Manaphy|Acid Armor|p2a: Manaphy\n|-boost|p2a: Manaphy|def|2\n|\n|-heal|p2a: Manaphy|58\/100|[from] item: Leftovers\n|upkeep\n|turn|15\n|\n|t:|1700064223\n|-end|p1a: Iron Moth|Quark Drive|[silent]\n|switch|p1a: Ting-Lu|Ting-Lu|100\/100\n|-damage|p1a: Ting-Lu|84\/100|[from] Spikes\n|-ability|p1a: Ting-Lu|Vessel of Ruin\n|move|p2a: Manaphy|Scald|p1a: Ting-Lu\n|-supereffective|p1a: Ting-Lu\n|-damage|p1a: Ting-Lu|47\/100\n|-status|p1a: Ting-Lu|brn\n|\n|-heal|p2a: Manaphy|64\/100|[from] item: Leftovers\n|-heal|p1a: Ting-Lu|53\/100 brn|[from] item: Leftovers\n|-damage|p1a: Ting-Lu|47\/100 brn|[from] brn\n|upkeep\n|turn|16\n|\n|t:|1700064226\n|move|p2a: Manaphy|Scald|p1a: Ting-Lu\n|-supereffective|p1a: Ting-Lu\n|-damage|p1a: Ting-Lu|12\/100 brn\n|move|p1a: Ting-Lu|Whirlwind|p2a: Manaphy\n|drag|p2a: Rillaboom|Rillaboom, F|16\/100\n|-fieldstart|move: Grassy Terrain|[from] ability: Grassy Surge|[of] p2a: Rillaboom\n|\n|-heal|p2a: Rillaboom|23\/100|[from] Grassy Terrain\n|-heal|p1a: Ting-Lu|19\/100 brn|[from] Grassy Terrain\n|-heal|p1a: Ting-Lu|25\/100 brn|[from] item: Leftovers\n|-damage|p1a: Ting-Lu|19\/100 brn|[from] brn\n|upkeep\n|turn|17\n|j| Kingaston17\n|\n|t:|1700064239\n|move|p2a: Rillaboom|U-turn|p1a: Ting-Lu\n|-supereffective|p1a: Ting-Lu\n|-damage|p1a: Ting-Lu|0 fnt\n|faint|p1a: Ting-Lu\n|\n|t:|1700064242\n|switch|p2a: Manaphy|Manaphy, tera:Poison|64\/100|[from] U-turn\n|\n|-heal|p2a: Manaphy|71\/100|[from] Grassy Terrain\n|-heal|p2a: Manaphy|77\/100|[from] item: Leftovers\n|upkeep\n|\n|t:|1700064248\n|switch|p1a: Iron Moth|Iron Moth|77\/100\n|-damage|p1a: Iron Moth|60\/100|[from] Spikes\n|turn|18\n|\n|t:|1700064252\n|move|p1a: Iron Moth|Psychic|p2a: Manaphy\n|-supereffective|p2a: Manaphy\n|-damage|p2a: Manaphy|23\/100\n|move|p2a: Manaphy|Scald|p1a: Iron Moth\n|-supereffective|p1a: Iron Moth\n|-damage|p1a: Iron Moth|0 fnt\n|faint|p1a: Iron Moth\n|-end|p1a: Iron Moth|Quark Drive|[silent]\n|\n|-heal|p2a: Manaphy|30\/100|[from] Grassy Terrain\n|-heal|p2a: Manaphy|36\/100|[from] item: Leftovers\n|upkeep\n|\n|t:|1700064262\n|switch|p1a: Ogerpon|Ogerpon-Wellspring, F|81\/100\n|-damage|p1a: Ogerpon|64\/100|[from] Spikes\n|turn|19\n|\n|t:|1700064266\n|move|p1a: Ogerpon|Ivy Cudgel|p2a: Manaphy|[anim] Ivy Cudgel Water\n|-damage|p2a: Manaphy|0 fnt\n|faint|p2a: Manaphy\n|\n|-heal|p1a: Ogerpon|70\/100|[from] Grassy Terrain\n|upkeep\n|\n|t:|1700064270\n|switch|p2a: Rillaboom|Rillaboom, F|23\/100\n|turn|20\n|\n|t:|1700064277\n|switch|p1a: Zapdos|Zapdos|69\/100\n|move|p2a: Rillaboom|Grassy Glide|p1a: Zapdos\n|-resisted|p1a: Zapdos\n|-damage|p1a: Zapdos|40\/100\n|-status|p2a: Rillaboom|par|[from] ability: Static|[of] p1a: Zapdos\n|\n|-heal|p2a: Rillaboom|29\/100 par|[from] Grassy Terrain\n|-fieldend|move: Grassy Terrain\n|upkeep\n|turn|21\n|\n|t:|1700064284\n|switch|p2a: Hatterene|Hatterene, F|100\/100\n|move|p1a: Zapdos|Hurricane|p2a: Hatterene\n|-damage|p2a: Hatterene|49\/100\n|\n|upkeep\n|turn|22\n|l| lgang007\n|\n|t:|1700064291\n|move|p1a: Zapdos|Hurricane|p2a: Hatterene\n|-damage|p2a: Hatterene|4\/100\n|-start|p2a: Hatterene|confusion\n|-activate|p2a: Hatterene|confusion\n|-damage|p2a: Hatterene|0 fnt|[from] confusion\n|faint|p2a: Hatterene\n|\n|upkeep\n|l| Kingaston17\n|inactive|FleetFoxxx has 120 seconds left.\n|\n|t:|1700064323\n|switch|p2a: Rillaboom|Rillaboom, F|29\/100 par\n|-fieldstart|move: Grassy Terrain|[from] ability: Grassy Surge|[of] p2a: Rillaboom\n|turn|23\n|\n|t:|1700064327\n|move|p2a: Rillaboom|Grassy Glide|p1a: Zapdos\n|-resisted|p1a: Zapdos\n|-damage|p1a: Zapdos|12\/100\n|move|p1a: Zapdos|Heat Wave|p2a: Rillaboom|[miss]\n|-miss|p1a: Zapdos|p2a: Rillaboom\n|\n|-heal|p2a: Rillaboom|35\/100 par|[from] Grassy Terrain\n|upkeep\n|turn|24\n|\n|t:|1700064335\n|move|p2a: Rillaboom|Grassy Glide|p1a: Zapdos\n|-resisted|p1a: Zapdos\n|-damage|p1a: Zapdos|0 fnt\n|faint|p1a: Zapdos\n|\n|-heal|p2a: Rillaboom|41\/100 par|[from] Grassy Terrain\n|upkeep\n|\n|t:|1700064342\n|switch|p1a: Zamazenta|Zamazenta|100\/100\n|-ability|p1a: Zamazenta|Dauntless Shield|boost\n|-boost|p1a: Zamazenta|def|1\n|turn|25\n|\n|t:|1700064348\n|-terastallize|p1a: Zamazenta|Ice\n|cant|p2a: Rillaboom|par\n|move|p1a: Zamazenta|Tera Blast|p2a: Rillaboom|[anim] Tera Blast Ice\n|-supereffective|p2a: Rillaboom\n|-damage|p2a: Rillaboom|0 fnt\n|faint|p2a: Rillaboom\n|\n|win|OUVT TOSHI\n|raw|OUVT TOSHI's rating: 1735 &rarr; <strong>1757<\/strong><br \/>(+22 for winning)\n|raw|FleetFoxxx's rating: 1771 &rarr; <strong>1749<\/strong><br \/>(-22 for losing)\n|l|\u2606FleetFoxxx\n|c|\u2606OUVT TOSHI|gg\n","uploadtime":1700064361,"views":12,"p1id":"ouvttoshi","p2id":"fleetfoxxx","formatid":"gen9ou","rating":1749,"private":0,"password":""}