{"id":"gen9ou-1994028195","p1":"derl","p2":"Ruinous Tusk","format":"[Gen 9] OU","log":"|j|\u2606derl\n|j|\u2606Ruinous Tusk\n|t:|1700396251\n|gametype|singles\n|player|p1|derl|266|1501\n|player|p2|Ruinous Tusk|hilbert|1426\n|teamsize|p1|6\n|teamsize|p2|6\n|gen|9\n|tier|[Gen 9] OU\n|rated|\n|rule|Sleep Clause Mod: Limit one foe put to sleep\n|rule|Species Clause: Limit one of each Pok\u00e9mon\n|rule|OHKO Clause: OHKO moves are banned\n|rule|Evasion Items Clause: Evasion items are banned\n|rule|Evasion Moves Clause: Evasion moves are banned\n|rule|Endless Battle Clause: Forcing endless battles is banned\n|rule|HP Percentage Mod: HP is shown in percentages\n|clearpoke\n|poke|p1|Rillaboom, M|\n|poke|p1|Cinderace, M|\n|poke|p1|Kingambit, F|\n|poke|p1|Slowking-Galar, M|\n|poke|p1|Ceruledge, M|\n|poke|p1|Thundurus-Therian, M|\n|poke|p2|Pelipper, M|\n|poke|p2|Landorus-Therian, M|\n|poke|p2|Basculegion, M|\n|poke|p2|Samurott-Hisui, M|\n|poke|p2|Zapdos|\n|poke|p2|Kingambit, M|\n|teampreview\n|inactive|Battle timer is ON: inactive players will automatically lose when time's up. (requested by Ruinous Tusk)\n|\n|t:|1700396264\n|start\n|switch|p1a: Thundurus|Thundurus-Therian, M|100\/100\n|switch|p2a: Pelipper|Pelipper, M|100\/100\n|-weather|RainDance|[from] ability: Drizzle|[of] p2a: Pelipper\n|turn|1\n|\n|t:|1700396272\n|switch|p2a: Landorus|Landorus-Therian, M|100\/100\n|-ability|p2a: Landorus|Intimidate|boost\n|-unboost|p1a: Thundurus|atk|1\n|-terastallize|p1a: Thundurus|Flying\n|move|p1a: Thundurus|Tera Blast|p2a: Landorus|[anim] Tera Blast Flying\n|-damage|p2a: Landorus|0 fnt\n|faint|p2a: Landorus\n|\n|-weather|RainDance|[upkeep]\n|upkeep\n|\n|t:|1700396276\n|switch|p2a: Basculegion|Basculegion, M|100\/100\n|turn|2\n|\n|t:|1700396291\n|switch|p1a: Slowking|Slowking-Galar, M|100\/100\n|move|p2a: Basculegion|Flip Turn|p1a: Slowking\n|-damage|p1a: Slowking|46\/100\n|\n|t:|1700396294\n|switch|p2a: Samurott|Samurott-Hisui, M|100\/100|[from] Flip Turn\n|\n|-weather|RainDance|[upkeep]\n|upkeep\n|turn|3\n|\n|t:|1700396306\n|switch|p1a: Kingambit|Kingambit, F|100\/100\n|move|p2a: Samurott|Knock Off|p1a: Kingambit\n|-resisted|p1a: Kingambit\n|-damage|p1a: Kingambit|82\/100\n|-enditem|p1a: Kingambit|Assault Vest|[from] move: Knock Off|[of] p2a: Samurott\n|\n|-weather|RainDance|[upkeep]\n|upkeep\n|turn|4\n|\n|t:|1700396316\n|-end|p1a: Kingambit|fallenundefined|[silent]\n|switch|p1a: Rillaboom|Rillaboom, M|100\/100\n|-fieldstart|move: Grassy Terrain|[from] ability: Grassy Surge|[of] p1a: Rillaboom\n|move|p2a: Samurott|Sacred Sword|p1a: Rillaboom\n|-damage|p1a: Rillaboom|58\/100\n|\n|-weather|RainDance|[upkeep]\n|-heal|p1a: Rillaboom|64\/100|[from] Grassy Terrain\n|upkeep\n|turn|5\n|\n|t:|1700396323\n|move|p2a: Samurott|Ceaseless Edge|p1a: Rillaboom\n|-damage|p1a: Rillaboom|13\/100\n|-sidestart|p1: derl|Spikes\n|move|p1a: Rillaboom|Wood Hammer|p2a: Samurott\n|-supereffective|p2a: Samurott\n|-damage|p2a: Samurott|0 fnt\n|faint|p2a: Samurott\n|-damage|p1a: Rillaboom|0 fnt|[from] Recoil\n|faint|p1a: Rillaboom\n|\n|-weather|RainDance|[upkeep]\n|upkeep\n|\n|t:|1700396342\n|switch|p2a: Basculegion|Basculegion, M|100\/100\n|switch|p1a: Cinderace|Cinderace, M|100\/100\n|turn|6\n|\n|t:|1700396350\n|move|p2a: Basculegion|Flip Turn|p1a: Cinderace\n|-supereffective|p1a: Cinderace\n|-damage|p1a: Cinderace|0 fnt\n|faint|p1a: Cinderace\n|\n|t:|1700396363\n|switch|p2a: Zapdos|Zapdos|100\/100|[from] Flip Turn\n|\n|-weather|RainDance|[upkeep]\n|upkeep\n|\n|t:|1700396390\n|switch|p1a: Thundurus|Thundurus-Therian, M, tera:Flying|100\/100\n|turn|7\n|\n|t:|1700396394\n|move|p2a: Zapdos|Hurricane|p1a: Thundurus\n|-damage|p1a: Thundurus|26\/100\n|move|p1a: Thundurus|Wildbolt Storm|p2a: Zapdos\n|-damage|p2a: Zapdos|0 fnt\n|faint|p2a: Zapdos\n|\n|-weather|RainDance|[upkeep]\n|upkeep\n|\n|t:|1700396402\n|switch|p2a: Basculegion|Basculegion, M|100\/100\n|turn|8\n|\n|t:|1700396414\n|move|p2a: Basculegion|Flip Turn|p1a: Thundurus\n|-damage|p1a: Thundurus|0 fnt\n|faint|p1a: Thundurus\n|\n|t:|1700396416\n|switch|p2a: Kingambit|Kingambit, M|100\/100|[from] Flip Turn\n|-activate|p2a: Kingambit|ability: Supreme Overlord\n|-start|p2a: Kingambit|fallen3|[silent]\n|\n|-weather|none\n|-fieldend|move: Grassy Terrain\n|upkeep\n|\n|t:|1700396424\n|switch|p1a: Ceruledge|Ceruledge, M|100\/100\n|-damage|p1a: Ceruledge|88\/100|[from] Spikes\n|turn|9\n|\n|t:|1700396431\n|-end|p2a: Kingambit|fallen3|[silent]\n|switch|p2a: Pelipper|Pelipper, M|100\/100\n|-weather|RainDance|[from] ability: Drizzle|[of] p2a: Pelipper\n|move|p1a: Ceruledge|Swords Dance|p1a: Ceruledge\n|-boost|p1a: Ceruledge|atk|2\n|\n|-weather|RainDance|[upkeep]\n|upkeep\n|turn|10\n|\n|t:|1700396436\n|move|p1a: Ceruledge|Bitter Blade|p2a: Pelipper\n|-resisted|p2a: Pelipper\n|-damage|p2a: Pelipper|81\/100\n|-heal|p1a: Ceruledge|99\/100|[from] drain|[of] p2a: Pelipper\n|move|p2a: Pelipper|Surf|p1a: Ceruledge\n|-supereffective|p1a: Ceruledge\n|-damage|p1a: Ceruledge|0 fnt\n|faint|p1a: Ceruledge\n|\n|-weather|RainDance|[upkeep]\n|upkeep\n|\n|t:|1700396448\n|switch|p1a: Slowking|Slowking-Galar, M|80\/100\n|-damage|p1a: Slowking|67\/100|[from] Spikes\n|turn|11\n|\n|t:|1700396453\n|move|p2a: Pelipper|U-turn|p1a: Slowking\n|-damage|p1a: Slowking|61\/100\n|\n|t:|1700396455\n|switch|p2a: Basculegion|Basculegion, M|100\/100|[from] U-turn\n|move|p1a: Slowking|Sludge Bomb|p2a: Basculegion\n|-resisted|p2a: Basculegion\n|-damage|p2a: Basculegion|81\/100\n|-status|p2a: Basculegion|psn\n|\n|-weather|RainDance|[upkeep]\n|-damage|p2a: Basculegion|68\/100 psn|[from] psn\n|upkeep\n|turn|12\n|\n|t:|1700396464\n|move|p2a: Basculegion|Flip Turn|p1a: Slowking\n|-damage|p1a: Slowking|7\/100\n|\n|t:|1700396467\n|switch|p2a: Kingambit|Kingambit, M|100\/100|[from] Flip Turn\n|-activate|p2a: Kingambit|ability: Supreme Overlord\n|-start|p2a: Kingambit|fallen3|[silent]\n|move|p1a: Slowking|Foul Play|p2a: Kingambit\n|-resisted|p2a: Kingambit\n|-damage|p2a: Kingambit|85\/100\n|\n|-weather|RainDance|[upkeep]\n|upkeep\n|turn|13\n|\n|t:|1700396471\n|move|p2a: Kingambit|Iron Head|p1a: Slowking\n|-damage|p1a: Slowking|0 fnt\n|faint|p1a: Slowking\n|\n|-weather|RainDance|[upkeep]\n|upkeep\n|\n|t:|1700396474\n|switch|p1a: Kingambit|Kingambit, F|82\/100\n|-damage|p1a: Kingambit|69\/100|[from] Spikes\n|-activate|p1a: Kingambit|ability: Supreme Overlord\n|-start|p1a: Kingambit|fallen5|[silent]\n|turn|14\n|\n|t:|1700396476\n|-terastallize|p2a: Kingambit|Fighting\n|move|p2a: Kingambit|Low Kick|p1a: Kingambit\n|-supereffective|p1a: Kingambit\n|-damage|p1a: Kingambit|0 fnt\n|faint|p1a: Kingambit\n|-end|p1a: Kingambit|fallen5|[silent]\n|\n|win|Ruinous Tusk\n|raw|derl's rating: 1501 &rarr; <strong>1477<\/strong><br \/>(-24 for losing)\n|raw|Ruinous Tusk's rating: 1426 &rarr; <strong>1450<\/strong><br \/>(+24 for winning)\n|l|\u2606derl\n","uploadtime":1700396481,"views":13,"p1id":"derl","p2id":"ruinoustusk","formatid":"gen9ou","rating":1450,"private":0,"password":""}