{"id":"gen9ou-1992253214","p1":"af lele.tomas","p2":"FireWizard312","format":"[Gen 9] OU","log":"|j|\u2606af lele.tomas\n|j|\u2606FireWizard312\n|t:|1700167964\n|gametype|singles\n|player|p1|af lele.tomas|nate|1646\n|player|p2|FireWizard312|170|1664\n|teamsize|p1|6\n|teamsize|p2|6\n|gen|9\n|tier|[Gen 9] OU\n|rated|\n|rule|Sleep Clause Mod: Limit one foe put to sleep\n|rule|Species Clause: Limit one of each Pok\u00e9mon\n|rule|OHKO Clause: OHKO moves are banned\n|rule|Evasion Items Clause: Evasion items are banned\n|rule|Evasion Moves Clause: Evasion moves are banned\n|rule|Endless Battle Clause: Forcing endless battles is banned\n|rule|HP Percentage Mod: HP is shown in percentages\n|clearpoke\n|poke|p1|Indeedee, M|\n|poke|p1|Armarouge, M|\n|poke|p1|Iron Treads|\n|poke|p1|Polteageist|\n|poke|p1|Hatterene, F|\n|poke|p1|Enamorus, F|\n|poke|p2|Manaphy|\n|poke|p2|Kingambit, F|\n|poke|p2|Ribombee, F|\n|poke|p2|Gholdengo|\n|poke|p2|Iron Moth|\n|poke|p2|Ogerpon-Wellspring, F|\n|teampreview\n|inactive|Battle timer is ON: inactive players will automatically lose when time's up. (requested by af lele.tomas)\n|\n|t:|1700167976\n|start\n|switch|p1a: Indeedee|Indeedee, M|100\/100\n|switch|p2a: HPDARKEAGLE|Manaphy|100\/100\n|-fieldstart|move: Psychic Terrain|[from] ability: Psychic Surge|[of] p1a: Indeedee\n|turn|1\n|\n|t:|1700167980\n|switch|p1a: Hatterene|Hatterene, F|100\/100\n|move|p2a: HPDARKEAGLE|Take Heart|p2a: HPDARKEAGLE\n|-boost|p2a: HPDARKEAGLE|spa|1\n|-boost|p2a: HPDARKEAGLE|spd|1\n|\n|upkeep\n|turn|2\n|\n|t:|1700167984\n|move|p2a: HPDARKEAGLE|Scald|p1a: Hatterene\n|-damage|p1a: Hatterene|35\/100\n|-enditem|p1a: Hatterene|Eject Button\n|\n|t:|1700167990\n|switch|p1a: Polteageist|Polteageist|100\/100\n|\n|upkeep\n|turn|3\n|\n|t:|1700167998\n|move|p2a: HPDARKEAGLE|Scald|p1a: Polteageist\n|-damage|p1a: Polteageist|33\/100\n|-status|p1a: Polteageist|brn\n|move|p1a: Polteageist|Shell Smash|p1a: Polteageist\n|-unboost|p1a: Polteageist|def|1\n|-unboost|p1a: Polteageist|spd|1\n|-boost|p1a: Polteageist|atk|2\n|-boost|p1a: Polteageist|spa|2\n|-boost|p1a: Polteageist|spe|2\n|\n|-damage|p1a: Polteageist|27\/100 brn|[from] brn\n|upkeep\n|turn|4\n|\n|t:|1700168003\n|move|p1a: Polteageist|Stored Power|p2a: HPDARKEAGLE\n|-damage|p2a: HPDARKEAGLE|17\/100\n|move|p2a: HPDARKEAGLE|Scald|p1a: Polteageist\n|-damage|p1a: Polteageist|0 fnt\n|faint|p1a: Polteageist\n|\n|-heal|p2a: HPDARKEAGLE|23\/100|[from] item: Leftovers\n|upkeep\n|\n|t:|1700168008\n|switch|p1a: Iron Treads|Iron Treads|100\/100\n|-enditem|p1a: Iron Treads|Booster Energy\n|-activate|p1a: Iron Treads|ability: Quark Drive|[fromitem]\n|-start|p1a: Iron Treads|quarkdrivespe\n|turn|5\n|\n|t:|1700168010\n|move|p1a: Iron Treads|Earthquake|p2a: HPDARKEAGLE\n|-damage|p2a: HPDARKEAGLE|0 fnt\n|faint|p2a: HPDARKEAGLE\n|\n|upkeep\n|\n|t:|1700168015\n|switch|p2a: faya|Ogerpon-Wellspring, F|100\/100\n|turn|6\n|\n|t:|1700168020\n|move|p1a: Iron Treads|Stealth Rock|p2a: faya\n|-sidestart|p2: FireWizard312|move: Stealth Rock\n|move|p2a: faya|Ivy Cudgel|p1a: Iron Treads|[anim] Ivy Cudgel Water\n|-supereffective|p1a: Iron Treads\n|-damage|p1a: Iron Treads|0 fnt\n|faint|p1a: Iron Treads\n|-end|p1a: Iron Treads|Quark Drive|[silent]\n|\n|upkeep\n|\n|t:|1700168023\n|switch|p1a: Armarouge|Armarouge, M|100\/100\n|turn|7\n|\n|t:|1700168027\n|move|p2a: faya|Ivy Cudgel|p1a: Armarouge|[anim] Ivy Cudgel Water\n|-supereffective|p1a: Armarouge\n|-enditem|p1a: Armarouge|Focus Sash\n|-damage|p1a: Armarouge|1\/100\n|-ability|p1a: Armarouge|Weak Armor|boost\n|-unboost|p1a: Armarouge|def|1\n|-boost|p1a: Armarouge|spe|2\n|move|p1a: Armarouge|Expanding Force|p2a: faya\n|-damage|p2a: faya|2\/100\n|\n|upkeep\n|turn|8\n|\n|t:|1700168032\n|move|p1a: Armarouge|Armor Cannon|p2a: faya\n|-damage|p2a: faya|0 fnt\n|-unboost|p1a: Armarouge|def|1\n|-unboost|p1a: Armarouge|spd|1\n|faint|p2a: faya\n|\n|-fieldend|move: Psychic Terrain\n|upkeep\n|\n|t:|1700168038\n|switch|p2a: wildfiree|Ribombee, F, shiny|100\/100\n|-damage|p2a: wildfiree|76\/100|[from] Stealth Rock\n|turn|9\n|\n|t:|1700168042\n|move|p1a: Armarouge|Armor Cannon|p2a: wildfiree\n|-supereffective|p2a: wildfiree\n|-damage|p2a: wildfiree|0 fnt\n|-unboost|p1a: Armarouge|def|1\n|-unboost|p1a: Armarouge|spd|1\n|faint|p2a: wildfiree\n|\n|upkeep\n|\n|t:|1700168043\n|switch|p2a: awyp|Kingambit, F|100\/100\n|-damage|p2a: awyp|94\/100|[from] Stealth Rock\n|-activate|p2a: awyp|ability: Supreme Overlord\n|-start|p2a: awyp|fallen3|[silent]\n|turn|10\n|\n|t:|1700168048\n|switch|p1a: Hatterene|Hatterene, F|35\/100\n|move|p2a: awyp|Kowtow Cleave|p1a: Hatterene\n|-damage|p1a: Hatterene|0 fnt\n|faint|p1a: Hatterene\n|\n|upkeep\n|\n|t:|1700168056\n|switch|p1a: Indeedee|Indeedee, M|100\/100\n|-fieldstart|move: Psychic Terrain|[from] ability: Psychic Surge|[of] p1a: Indeedee\n|turn|11\n|\n|t:|1700168067\n|-end|p2a: awyp|fallen3|[silent]\n|switch|p2a: wessin|Gholdengo|100\/100\n|-damage|p2a: wessin|94\/100|[from] Stealth Rock\n|-item|p2a: wessin|Air Balloon\n|move|p1a: Indeedee|Healing Wish|p1a: Indeedee\n|faint|p1a: Indeedee\n|\n|upkeep\n|\n|t:|1700168072\n|switch|p1a: Armarouge|Armarouge, M|1\/100\n|-heal|p1a: Armarouge|100\/100|[from] move: Healing Wish\n|turn|12\n|\n|t:|1700168076\n|move|p2a: wessin|Shadow Ball|p1a: Armarouge\n|-supereffective|p1a: Armarouge\n|-damage|p1a: Armarouge|0 fnt\n|faint|p1a: Armarouge\n|\n|upkeep\n|\n|t:|1700168078\n|switch|p1a: Enamorus|Enamorus, F|100\/100\n|turn|13\n|\n|t:|1700168083\n|move|p1a: Enamorus|Moonblast|p2a: wessin\n|-resisted|p2a: wessin\n|-damage|p2a: wessin|69\/100\n|-unboost|p2a: wessin|spa|1\n|-enditem|p2a: wessin|Air Balloon\n|move|p2a: wessin|Make It Rain|p1a: Enamorus\n|-supereffective|p1a: Enamorus\n|-enditem|p1a: Enamorus|Focus Sash\n|-damage|p1a: Enamorus|1\/100\n|-unboost|p2a: wessin|spa|1\n|\n|upkeep\n|turn|14\n|\n|t:|1700168088\n|move|p1a: Enamorus|Earth Power|p2a: wessin\n|-supereffective|p2a: wessin\n|-damage|p2a: wessin|5\/100\n|move|p2a: wessin|Make It Rain|p1a: Enamorus\n|-supereffective|p1a: Enamorus\n|-damage|p1a: Enamorus|0 fnt\n|-unboost|p2a: wessin|spa|1\n|faint|p1a: Enamorus\n|\n|win|FireWizard312\n|raw|af lele.tomas's rating: 1646 &rarr; <strong>1627<\/strong><br \/>(-19 for losing)\n|raw|FireWizard312's rating: 1664 &rarr; <strong>1683<\/strong><br \/>(+19 for winning)\n|l|\u2606af lele.tomas\n|l|\u2606FireWizard312\n|j|\u2606FireWizard312\n|player|p2|FireWizard312|170\n","uploadtime":1700168128,"views":9,"p1id":"afleletomas","p2id":"firewizard312","formatid":"gen9ou","rating":1627,"private":0,"password":""}