{"id":"gen9ou-1992810234","p1":"Txtrisonline","p2":"xnkasy_2","format":"[Gen 9] OU","log":"|j|\u2606Txtrisonline\n|j|\u2606xnkasy_2\n|t:|1700237421\n|gametype|singles\n|player|p1|Txtrisonline|266|1113\n|player|p2|xnkasy_2|102|1097\n|teamsize|p1|6\n|teamsize|p2|6\n|gen|9\n|tier|[Gen 9] OU\n|rated|\n|rule|Sleep Clause Mod: Limit one foe put to sleep\n|rule|Species Clause: Limit one of each Pok\u00e9mon\n|rule|OHKO Clause: OHKO moves are banned\n|rule|Evasion Items Clause: Evasion items are banned\n|rule|Evasion Moves Clause: Evasion moves are banned\n|rule|Endless Battle Clause: Forcing endless battles is banned\n|rule|HP Percentage Mod: HP is shown in percentages\n|clearpoke\n|poke|p1|Kingambit, F|\n|poke|p1|Sinistcha|\n|poke|p1|Empoleon, F|\n|poke|p1|Dragonite, M|\n|poke|p1|Cinderace, F|\n|poke|p1|Iron Moth|\n|poke|p2|Iron Moth|\n|poke|p2|Great Tusk|\n|poke|p2|Gholdengo|\n|poke|p2|Ninetales-Alola, M|\n|poke|p2|Kingambit, M|\n|poke|p2|Samurott-Hisui, F|\n|teampreview\n|\n|t:|1700237431\n|start\n|switch|p1a: Cinderace|Cinderace, F, shiny|100\/100\n|switch|p2a: Samurott|Samurott-Hisui, F|100\/100\n|-item|p1a: Cinderace|Air Balloon\n|turn|1\n|\n|t:|1700237444\n|move|p1a: Cinderace|U-turn|p2a: Samurott\n|-start|p1a: Cinderace|typechange|Bug|[from] ability: Libero\n|-supereffective|p2a: Samurott\n|-damage|p2a: Samurott|21\/100\n|\n|t:|1700237450\n|switch|p1a: Empoleon|Empoleon, F|100\/100|[from] U-turn\n|move|p2a: Samurott|Razor Shell|p1a: Empoleon\n|-resisted|p1a: Empoleon\n|-damage|p1a: Empoleon|72\/100\n|\n|-heal|p1a: Empoleon|78\/100|[from] item: Leftovers\n|upkeep\n|turn|2\n|\n|t:|1700237465\n|move|p1a: Empoleon|Protect|p1a: Empoleon\n|-singleturn|p1a: Empoleon|Protect\n|move|p2a: Samurott|Ceaseless Edge|p1a: Empoleon\n|-activate|p1a: Empoleon|move: Protect\n|\n|-heal|p1a: Empoleon|85\/100|[from] item: Leftovers\n|upkeep\n|turn|3\n|\n|t:|1700237474\n|move|p2a: Samurott|Ceaseless Edge|p1a: Empoleon\n|-damage|p1a: Empoleon|37\/100\n|-sidestart|p1: Txtrisonline|Spikes\n|move|p1a: Empoleon|Stealth Rock|p2a: Samurott\n|-sidestart|p2: xnkasy_2|move: Stealth Rock\n|\n|-heal|p1a: Empoleon|43\/100|[from] item: Leftovers\n|upkeep\n|turn|4\n|\n|t:|1700237481\n|move|p1a: Empoleon|Protect|p1a: Empoleon\n|-singleturn|p1a: Empoleon|Protect\n|move|p2a: Samurott|Ceaseless Edge|p1a: Empoleon\n|-activate|p1a: Empoleon|move: Protect\n|\n|-heal|p1a: Empoleon|49\/100|[from] item: Leftovers\n|upkeep\n|turn|5\n|\n|t:|1700237494\n|move|p2a: Samurott|Ceaseless Edge|p1a: Empoleon\n|-damage|p1a: Empoleon|4\/100\n|-sidestart|p1: Txtrisonline|Spikes\n|move|p1a: Empoleon|Flash Cannon|p2a: Samurott\n|-resisted|p2a: Samurott\n|-damage|p2a: Samurott|0 fnt\n|faint|p2a: Samurott\n|\n|-heal|p1a: Empoleon|10\/100|[from] item: Leftovers\n|upkeep\n|\n|t:|1700237506\n|switch|p2a: Great Tusk|Great Tusk|100\/100\n|-damage|p2a: Great Tusk|97\/100|[from] Stealth Rock\n|turn|6\n|\n|t:|1700237521\n|move|p1a: Empoleon|Protect|p1a: Empoleon\n|-singleturn|p1a: Empoleon|Protect\n|move|p2a: Great Tusk|Knock Off|p1a: Empoleon\n|-activate|p1a: Empoleon|move: Protect\n|\n|-heal|p2a: Great Tusk|100\/100|[from] item: Leftovers\n|-heal|p1a: Empoleon|16\/100|[from] item: Leftovers\n|upkeep\n|turn|7\n|\n|t:|1700237532\n|move|p2a: Great Tusk|Knock Off|p1a: Empoleon\n|-damage|p1a: Empoleon|0 fnt\n|-enditem|p1a: Empoleon|Leftovers|[from] move: Knock Off|[of] p2a: Great Tusk\n|faint|p1a: Empoleon\n|\n|upkeep\n|\n|t:|1700237539\n|switch|p1a: Dragonite|Dragonite, M|100\/100\n|turn|8\n|\n|t:|1700237553\n|move|p2a: Great Tusk|Rapid Spin|p1a: Dragonite\n|-damage|p1a: Dragonite|91\/100\n|-boost|p2a: Great Tusk|spe|1\n|-sideend|p2: xnkasy_2|Stealth Rock|[from] move: Rapid Spin|[of] p2a: Great Tusk\n|move|p1a: Dragonite|Dragon Dance|p1a: Dragonite\n|-boost|p1a: Dragonite|atk|1\n|-boost|p1a: Dragonite|spe|1\n|\n|upkeep\n|turn|9\n|\n|t:|1700237572\n|-terastallize|p1a: Dragonite|Normal\n|move|p1a: Dragonite|Extreme Speed|p2a: Great Tusk\n|-damage|p2a: Great Tusk|49\/100\n|move|p2a: Great Tusk|Knock Off|p1a: Dragonite\n|-damage|p1a: Dragonite|57\/100\n|-enditem|p1a: Dragonite|Heavy-Duty Boots|[from] move: Knock Off|[of] p2a: Great Tusk\n|\n|-heal|p2a: Great Tusk|56\/100|[from] item: Leftovers\n|upkeep\n|turn|10\n|\n|t:|1700237602\n|move|p1a: Dragonite|Extreme Speed|p2a: Great Tusk\n|-damage|p2a: Great Tusk|7\/100\n|move|p2a: Great Tusk|Close Combat|p1a: Dragonite\n|-supereffective|p1a: Dragonite\n|-damage|p1a: Dragonite|0 fnt\n|-unboost|p2a: Great Tusk|def|1\n|-unboost|p2a: Great Tusk|spd|1\n|faint|p1a: Dragonite\n|\n|-heal|p2a: Great Tusk|13\/100|[from] item: Leftovers\n|upkeep\n|\n|t:|1700237607\n|switch|p1a: Iron Moth|Iron Moth|100\/100\n|-damage|p1a: Iron Moth|84\/100|[from] Spikes\n|-enditem|p1a: Iron Moth|Booster Energy\n|-activate|p1a: Iron Moth|ability: Quark Drive|[fromitem]\n|-start|p1a: Iron Moth|quarkdrivespe\n|turn|11\n|\n|t:|1700237626\n|move|p1a: Iron Moth|Fiery Dance|p2a: Great Tusk\n|-damage|p2a: Great Tusk|0 fnt\n|faint|p2a: Great Tusk\n|-end|p2a: Great Tusk|Protosynthesis|[silent]\n|\n|upkeep\n|\n|t:|1700237648\n|switch|p2a: Iron Moth|Iron Moth|100\/100\n|-enditem|p2a: Iron Moth|Booster Energy\n|-activate|p2a: Iron Moth|ability: Quark Drive|[fromitem]\n|-start|p2a: Iron Moth|quarkdrivespe\n|turn|12\n|\n|t:|1700237662\n|move|p2a: Iron Moth|Fiery Dance|p1a: Iron Moth\n|-resisted|p1a: Iron Moth\n|-damage|p1a: Iron Moth|65\/100\n|-boost|p2a: Iron Moth|spa|1\n|move|p1a: Iron Moth|Fiery Dance|p2a: Iron Moth\n|-resisted|p2a: Iron Moth\n|-damage|p2a: Iron Moth|81\/100\n|-boost|p1a: Iron Moth|spa|1\n|\n|upkeep\n|turn|13\n|\n|t:|1700237676\n|move|p1a: Iron Moth|Fiery Dance|p2a: Iron Moth\n|-resisted|p2a: Iron Moth\n|-damage|p2a: Iron Moth|47\/100\n|-boost|p1a: Iron Moth|spa|1\n|move|p2a: Iron Moth|Fiery Dance|p1a: Iron Moth\n|-resisted|p1a: Iron Moth\n|-damage|p1a: Iron Moth|37\/100\n|-boost|p2a: Iron Moth|spa|1\n|\n|upkeep\n|turn|14\n|\n|t:|1700237692\n|move|p2a: Iron Moth|Fiery Dance|p1a: Iron Moth\n|-resisted|p1a: Iron Moth\n|-damage|p1a: Iron Moth|1\/100\n|-boost|p2a: Iron Moth|spa|1\n|move|p1a: Iron Moth|Sludge Wave|p2a: Iron Moth\n|-resisted|p2a: Iron Moth\n|-damage|p2a: Iron Moth|0 fnt\n|faint|p2a: Iron Moth\n|-end|p2a: Iron Moth|Quark Drive|[silent]\n|\n|upkeep\n|\n|t:|1700237705\n|switch|p2a: Kingambit|Kingambit, M|100\/100\n|-activate|p2a: Kingambit|ability: Supreme Overlord\n|-start|p2a: Kingambit|fallen3|[silent]\n|turn|15\n|\n|t:|1700237709\n|move|p2a: Kingambit|Sucker Punch|p1a: Iron Moth\n|-damage|p1a: Iron Moth|0 fnt\n|faint|p1a: Iron Moth\n|-end|p1a: Iron Moth|Quark Drive|[silent]\n|\n|upkeep\n|\n|t:|1700237712\n|switch|p1a: Cinderace|Cinderace, F, shiny|100\/100\n|-item|p1a: Cinderace|Air Balloon\n|turn|16\n|\n|t:|1700237721\n|-terastallize|p2a: Kingambit|Water\n|move|p1a: Cinderace|High Jump Kick|p2a: Kingambit\n|-start|p1a: Cinderace|typechange|Fighting|[from] ability: Libero\n|-damage|p2a: Kingambit|54\/100\n|move|p2a: Kingambit|Kowtow Cleave|p1a: Cinderace\n|-resisted|p1a: Cinderace\n|-damage|p1a: Cinderace|42\/100\n|-enditem|p1a: Cinderace|Air Balloon\n|\n|upkeep\n|turn|17\n|\n|t:|1700237736\n|switch|p1a: Kingambit|Kingambit, F|100\/100\n|-activate|p1a: Kingambit|ability: Supreme Overlord\n|-start|p1a: Kingambit|fallen3|[silent]\n|-item|p1a: Kingambit|Air Balloon\n|move|p2a: Kingambit|Sucker Punch||[still]\n|-fail|p2a: Kingambit\n|\n|upkeep\n|turn|18\n|\n|t:|1700237748\n|move|p2a: Kingambit|Swords Dance|p2a: Kingambit\n|-boost|p2a: Kingambit|atk|2\n|move|p1a: Kingambit|Swords Dance|p1a: Kingambit\n|-boost|p1a: Kingambit|atk|2\n|\n|upkeep\n|turn|19\n|\n|t:|1700237783\n|-end|p2a: Kingambit|fallen3|[silent]\n|switch|p2a: Ninetales|Ninetales-Alola, M|100\/100\n|-weather|Snow|[from] ability: Snow Warning|[of] p2a: Ninetales\n|move|p1a: Kingambit|Kowtow Cleave|p2a: Ninetales\n|-resisted|p2a: Ninetales\n|-damage|p2a: Ninetales|40\/100\n|\n|-weather|Snow|[upkeep]\n|upkeep\n|turn|20\n|\n|t:|1700237804\n|move|p1a: Kingambit|Sucker Punch||[still]\n|-fail|p1a: Kingambit\n|move|p2a: Ninetales|Aurora Veil|p2a: Ninetales\n|-sidestart|p2: xnkasy_2|move: Aurora Veil\n|\n|-weather|Snow|[upkeep]\n|upkeep\n|turn|21\n|\n|t:|1700237812\n|move|p2a: Ninetales|Encore|p1a: Kingambit\n|-start|p1a: Kingambit|Encore\n|move|p1a: Kingambit|Sucker Punch||[still]\n|-fail|p1a: Kingambit\n|\n|-weather|Snow|[upkeep]\n|upkeep\n|turn|22\n|inactive|Battle timer is ON: inactive players will automatically lose when time's up. (requested by Txtrisonline)\n|\n|t:|1700237836\n|switch|p2a: Kingambit|Kingambit, M, tera:Water|54\/100\n|-activate|p2a: Kingambit|ability: Supreme Overlord\n|-start|p2a: Kingambit|fallen3|[silent]\n|-end|p1a: Kingambit|fallen3|[silent]\n|switch|p1a: Cinderace|Cinderace, F, shiny|42\/100\n|-damage|p1a: Cinderace|25\/100|[from] Spikes\n|\n|-weather|Snow|[upkeep]\n|upkeep\n|turn|23\n|\n|t:|1700237849\n|move|p1a: Cinderace|Acrobatics|p2a: Kingambit\n|-start|p1a: Cinderace|typechange|Flying|[from] ability: Libero\n|-damage|p2a: Kingambit|33\/100\n|move|p2a: Kingambit|Kowtow Cleave|p1a: Cinderace\n|-damage|p1a: Cinderace|0 fnt\n|faint|p1a: Cinderace\n|\n|-weather|none\n|upkeep\n|\n|t:|1700237862\n|switch|p1a: Sinistcha|Sinistcha, shiny|100\/100\n|-damage|p1a: Sinistcha|84\/100|[from] Spikes\n|turn|24\n|\n|t:|1700237874\n|move|p2a: Kingambit|Sucker Punch|p1a: Sinistcha\n|-supereffective|p1a: Sinistcha\n|-damage|p1a: Sinistcha|0 fnt\n|faint|p1a: Sinistcha\n|\n|upkeep\n|\n|t:|1700237880\n|switch|p1a: Kingambit|Kingambit, F|100\/100\n|-activate|p1a: Kingambit|ability: Supreme Overlord\n|-start|p1a: Kingambit|fallen5|[silent]\n|-item|p1a: Kingambit|Air Balloon\n|turn|25\n|\n|t:|1700237892\n|move|p1a: Kingambit|Swords Dance|p1a: Kingambit\n|-boost|p1a: Kingambit|atk|2\n|move|p2a: Kingambit|Swords Dance|p2a: Kingambit\n|-boost|p2a: Kingambit|atk|2\n|\n|upkeep\n|turn|26\n|\n|t:|1700237905\n|move|p2a: Kingambit|Sucker Punch|p1a: Kingambit\n|-resisted|p1a: Kingambit\n|-damage|p1a: Kingambit|54\/100\n|-enditem|p1a: Kingambit|Air Balloon\n|move|p1a: Kingambit|Iron Head|p2a: Kingambit\n|-resisted|p2a: Kingambit\n|-damage|p2a: Kingambit|9\/100\n|\n|upkeep\n|turn|27\n|\n|t:|1700237921\n|move|p2a: Kingambit|Sucker Punch|p1a: Kingambit\n|-resisted|p1a: Kingambit\n|-damage|p1a: Kingambit|7\/100\n|move|p1a: Kingambit|Iron Head|p2a: Kingambit\n|-resisted|p2a: Kingambit\n|-damage|p2a: Kingambit|0 fnt\n|faint|p2a: Kingambit\n|-end|p2a: Kingambit|fallen3|[silent]\n|\n|-sideend|p2: xnkasy_2|move: Aurora Veil\n|upkeep\n|\n|t:|1700237930\n|switch|p2a: Ninetales|Ninetales-Alola, M|40\/100\n|-weather|Snow|[from] ability: Snow Warning|[of] p2a: Ninetales\n|turn|28\n|inactive|xnkasy_2 has 120 seconds left.\n|\n|t:|1700237961\n|move|p2a: Ninetales|Aurora Veil|p2a: Ninetales\n|-sidestart|p2: xnkasy_2|move: Aurora Veil\n|move|p1a: Kingambit|Iron Head|p2a: Ninetales\n|-supereffective|p2a: Ninetales\n|-damage|p2a: Ninetales|0 fnt\n|faint|p2a: Ninetales\n|\n|-weather|Snow|[upkeep]\n|upkeep\n|inactive|xnkasy_2 has 120 seconds left.\n|\n|t:|1700237967\n|switch|p2a: Gholdengo|Gholdengo|100\/100\n|turn|29\n|inactive|xnkasy_2 has 120 seconds left.\n|\n|t:|1700237988\n|move|p1a: Kingambit|Sucker Punch||[still]\n|-fail|p1a: Kingambit\n|move|p2a: Gholdengo|Nasty Plot|p2a: Gholdengo\n|-boost|p2a: Gholdengo|spa|2\n|\n|-weather|Snow|[upkeep]\n|upkeep\n|turn|30\n|\n|t:|1700237998\n|move|p2a: Gholdengo|Protect|p2a: Gholdengo\n|-singleturn|p2a: Gholdengo|Protect\n|move|p1a: Kingambit|Sucker Punch||[still]\n|-fail|p1a: Kingambit\n|\n|-weather|Snow|[upkeep]\n|upkeep\n|turn|31\n|\n|t:|1700238010\n|move|p1a: Kingambit|Sucker Punch||[still]\n|-fail|p1a: Kingambit\n|move|p2a: Gholdengo|Nasty Plot|p2a: Gholdengo\n|-boost|p2a: Gholdengo|spa|2\n|\n|-weather|Snow|[upkeep]\n|upkeep\n|turn|32\n|\n|t:|1700238019\n|move|p2a: Gholdengo|Protect|p2a: Gholdengo\n|-singleturn|p2a: Gholdengo|Protect\n|move|p1a: Kingambit|Sucker Punch||[still]\n|-fail|p1a: Kingambit\n|\n|-weather|none\n|upkeep\n|turn|33\n|inactive|xnkasy_2 has 120 seconds left.\n|\n|t:|1700238037\n|move|p2a: Gholdengo|Make It Rain|p1a: Kingambit\n|-resisted|p1a: Kingambit\n|-damage|p1a: Kingambit|0 fnt\n|-unboost|p2a: Gholdengo|spa|1\n|faint|p1a: Kingambit\n|-end|p1a: Kingambit|fallen5|[silent]\n|\n|win|xnkasy_2\n|raw|Txtrisonline's rating: 1113 &rarr; <strong>1087<\/strong><br \/>(-26 for losing)\n|raw|xnkasy_2's rating: 1097 &rarr; <strong>1124<\/strong><br \/>(+27 for winning)\n|l|\u2606Txtrisonline\n|c|\u2606xnkasy_2|lol\n","uploadtime":1700238058,"views":11,"p1id":"txtrisonline","p2id":"xnkasy2","formatid":"gen9ou","rating":1087,"private":0,"password":""}