{"id":"gen9ou-1991614754","p1":"dusteet","p2":"Girlhero","format":"[Gen 9] OU","log":"|j|\u2606dusteet\n|j|\u2606Girlhero\n|t:|1700094433\n|gametype|singles\n|player|p1|dusteet|karen|1257\n|player|p2|Girlhero|iris|1163\n|teamsize|p1|6\n|teamsize|p2|6\n|gen|9\n|tier|[Gen 9] OU\n|rated|\n|rule|Sleep Clause Mod: Limit one foe put to sleep\n|rule|Species Clause: Limit one of each Pok\u00e9mon\n|rule|OHKO Clause: OHKO moves are banned\n|rule|Evasion Items Clause: Evasion items are banned\n|rule|Evasion Moves Clause: Evasion moves are banned\n|rule|Endless Battle Clause: Forcing endless battles is banned\n|rule|HP Percentage Mod: HP is shown in percentages\n|clearpoke\n|poke|p1|Rillaboom, F|\n|poke|p1|Garganacl, F|\n|poke|p1|Great Tusk|\n|poke|p1|Heatran, M|\n|poke|p1|Zapdos|\n|poke|p1|Walking Wake|\n|poke|p2|Iron Valiant|\n|poke|p2|Ribombee, M|\n|poke|p2|Dragapult, F|\n|poke|p2|Great Tusk|\n|poke|p2|Gholdengo|\n|poke|p2|Rillaboom, F|\n|teampreview\n|\n|t:|1700094446\n|start\n|switch|p1a: Heatran|Heatran, M|100\/100\n|switch|p2a: Ribombee|Ribombee, M|100\/100\n|turn|1\n|\n|t:|1700094458\n|move|p2a: Ribombee|Sticky Web|p1a: Heatran\n|-sidestart|p1: dusteet|move: Sticky Web\n|move|p1a: Heatran|Magma Storm|p2a: Ribombee\n|-supereffective|p2a: Ribombee\n|-enditem|p2a: Ribombee|Focus Sash\n|-damage|p2a: Ribombee|1\/100\n|-activate|p2a: Ribombee|move: Magma Storm|[of] p1a: Heatran\n|\n|-damage|p2a: Ribombee|0 fnt|[from] move: Magma Storm|[partiallytrapped]\n|faint|p2a: Ribombee\n|upkeep\n|\n|t:|1700094471\n|switch|p2a: Great Tusk|Great Tusk|100\/100\n|turn|2\n|inactive|Battle timer is ON: inactive players will automatically lose when time's up. (requested by dusteet)\n|\n|t:|1700094479\n|-terastallize|p1a: Heatran|Ghost\n|move|p2a: Great Tusk|Stealth Rock|p1a: Heatran\n|-sidestart|p1: dusteet|move: Stealth Rock\n|move|p1a: Heatran|Magma Storm|p2a: Great Tusk\n|-damage|p2a: Great Tusk|42\/100\n|-activate|p2a: Great Tusk|move: Magma Storm|[of] p1a: Heatran\n|\n|-damage|p2a: Great Tusk|30\/100|[from] move: Magma Storm|[partiallytrapped]\n|upkeep\n|turn|3\n|\n|t:|1700094490\n|move|p2a: Great Tusk|Knock Off|p1a: Heatran\n|-supereffective|p1a: Heatran\n|-damage|p1a: Heatran|56\/100\n|-enditem|p1a: Heatran|Leftovers|[from] move: Knock Off|[of] p2a: Great Tusk\n|move|p1a: Heatran|Earth Power|p2a: Great Tusk\n|-damage|p2a: Great Tusk|0 fnt\n|faint|p2a: Great Tusk\n|-end|p2a: Great Tusk|Protosynthesis|[silent]\n|\n|upkeep\n|\n|t:|1700094501\n|switch|p2a: Gholdengo|Gholdengo|100\/100\n|-item|p2a: Gholdengo|Air Balloon\n|turn|4\n|\n|t:|1700094512\n|move|p2a: Gholdengo|Shadow Ball|p1a: Heatran\n|-supereffective|p1a: Heatran\n|-damage|p1a: Heatran|6\/100\n|move|p1a: Heatran|Magma Storm|p2a: Gholdengo\n|-supereffective|p2a: Gholdengo\n|-damage|p2a: Gholdengo|0 fnt\n|-enditem|p2a: Gholdengo|Air Balloon\n|faint|p2a: Gholdengo\n|\n|upkeep\n|\n|t:|1700094526\n|switch|p2a: Dragapult|Dragapult, F|100\/100\n|turn|5\n|\n|t:|1700094533\n|move|p2a: Dragapult|Shadow Ball|p1a: Heatran\n|-supereffective|p1a: Heatran\n|-crit|p1a: Heatran\n|-damage|p1a: Heatran|0 fnt\n|faint|p1a: Heatran\n|\n|upkeep\n|\n|t:|1700094538\n|switch|p1a: Great Tusk|Great Tusk|100\/100\n|-activate|p1a: Great Tusk|move: Sticky Web\n|-unboost|p1a: Great Tusk|spe|1\n|-damage|p1a: Great Tusk|97\/100|[from] Stealth Rock\n|turn|6\n|\n|t:|1700094546\n|move|p2a: Dragapult|Shadow Ball|p1a: Great Tusk\n|-crit|p1a: Great Tusk\n|-damage|p1a: Great Tusk|0 fnt\n|faint|p1a: Great Tusk\n|-end|p1a: Great Tusk|Protosynthesis|[silent]\n|\n|upkeep\n|\n|t:|1700094571\n|switch|p1a: Walking Wake|Walking Wake|100\/100\n|turn|7\n|\n|t:|1700094578\n|switch|p2a: Rillaboom|Rillaboom, F|100\/100\n|-fieldstart|move: Grassy Terrain|[from] ability: Grassy Surge|[of] p2a: Rillaboom\n|move|p1a: Walking Wake|Knock Off|p2a: Rillaboom\n|-damage|p2a: Rillaboom|83\/100\n|-enditem|p2a: Rillaboom|Choice Band|[from] move: Knock Off|[of] p1a: Walking Wake\n|\n|-heal|p2a: Rillaboom|89\/100|[from] Grassy Terrain\n|upkeep\n|turn|8\n|\n|t:|1700094595\n|move|p1a: Walking Wake|Flip Turn|p2a: Rillaboom\n|-resisted|p2a: Rillaboom\n|-damage|p2a: Rillaboom|79\/100\n|\n|t:|1700094598\n|-end|p1a: Walking Wake|Protosynthesis|[silent]\n|switch|p1a: Rillaboom|Rillaboom, F|100\/100|[from] Flip Turn\n|-activate|p1a: Rillaboom|move: Sticky Web\n|-unboost|p1a: Rillaboom|spe|1\n|-damage|p1a: Rillaboom|88\/100|[from] Stealth Rock\n|move|p2a: Rillaboom|Knock Off|p1a: Rillaboom\n|-damage|p1a: Rillaboom|52\/100\n|-enditem|p1a: Rillaboom|Choice Band|[from] move: Knock Off|[of] p2a: Rillaboom\n|\n|-heal|p2a: Rillaboom|86\/100|[from] Grassy Terrain\n|-heal|p1a: Rillaboom|58\/100|[from] Grassy Terrain\n|upkeep\n|turn|9\n|\n|t:|1700094611\n|move|p2a: Rillaboom|U-turn|p1a: Rillaboom\n|-supereffective|p1a: Rillaboom\n|-damage|p1a: Rillaboom|3\/100\n|\n|t:|1700094617\n|switch|p2a: Dragapult|Dragapult, F|100\/100|[from] U-turn\n|move|p1a: Rillaboom|U-turn|p2a: Dragapult\n|-resisted|p2a: Dragapult\n|-damage|p2a: Dragapult|82\/100\n|\n|t:|1700094643\n|switch|p1a: Zapdos|Zapdos|100\/100|[from] U-turn\n|\n|-heal|p2a: Dragapult|88\/100|[from] Grassy Terrain\n|upkeep\n|turn|10\n|\n|t:|1700094665\n|-terastallize|p2a: Dragapult|Dragon\n|move|p2a: Dragapult|Draco Meteor|p1a: Zapdos\n|-damage|p1a: Zapdos|0 fnt\n|-unboost|p2a: Dragapult|spa|2\n|faint|p1a: Zapdos\n|\n|-heal|p2a: Dragapult|94\/100|[from] Grassy Terrain\n|upkeep\n|inactive|dusteet has 120 seconds left.\n|\n|t:|1700094691\n|switch|p1a: Garganacl|Garganacl, F|100\/100\n|-activate|p1a: Garganacl|move: Sticky Web\n|-unboost|p1a: Garganacl|spe|1\n|-damage|p1a: Garganacl|88\/100|[from] Stealth Rock\n|turn|11\n|\n|t:|1700094703\n|switch|p2a: Rillaboom|Rillaboom, F|86\/100\n|move|p1a: Garganacl|Iron Defense|p1a: Garganacl\n|-boost|p1a: Garganacl|def|2\n|\n|-heal|p2a: Rillaboom|92\/100|[from] Grassy Terrain\n|-heal|p1a: Garganacl|94\/100|[from] Grassy Terrain\n|-heal|p1a: Garganacl|100\/100|[from] item: Leftovers\n|-fieldend|move: Grassy Terrain\n|upkeep\n|turn|12\n|inactive|dusteet has 120 seconds left.\n|\n|t:|1700094712\n|move|p2a: Rillaboom|Knock Off|p1a: Garganacl\n|-damage|p1a: Garganacl|89\/100\n|-enditem|p1a: Garganacl|Leftovers|[from] move: Knock Off|[of] p2a: Rillaboom\n|move|p1a: Garganacl|Iron Defense|p1a: Garganacl\n|-boost|p1a: Garganacl|def|2\n|\n|upkeep\n|turn|13\n|\n|t:|1700094718\n|switch|p2a: Dragapult|Dragapult, F, tera:Dragon|94\/100\n|move|p1a: Garganacl|Iron Defense|p1a: Garganacl\n|-boost|p1a: Garganacl|def|2\n|\n|upkeep\n|turn|14\n|\n|t:|1700094723\n|move|p2a: Dragapult|Draco Meteor|p1a: Garganacl\n|-damage|p1a: Garganacl|19\/100\n|-unboost|p2a: Dragapult|spa|2\n|move|p1a: Garganacl|Recover|p1a: Garganacl\n|-heal|p1a: Garganacl|69\/100\n|\n|upkeep\n|turn|15\n|\n|t:|1700094731\n|switch|p2a: Rillaboom|Rillaboom, F|92\/100\n|-fieldstart|move: Grassy Terrain|[from] ability: Grassy Surge|[of] p2a: Rillaboom\n|move|p1a: Garganacl|Recover|p1a: Garganacl\n|-heal|p1a: Garganacl|100\/100\n|\n|-heal|p2a: Rillaboom|98\/100|[from] Grassy Terrain\n|upkeep\n|turn|16\n|\n|t:|1700094738\n|move|p2a: Rillaboom|Wood Hammer|p1a: Garganacl\n|-supereffective|p1a: Garganacl\n|-damage|p1a: Garganacl|73\/100\n|-damage|p2a: Rillaboom|87\/100|[from] Recoil\n|move|p1a: Garganacl|Salt Cure|p2a: Rillaboom\n|-damage|p2a: Rillaboom|71\/100\n|-start|p2a: Rillaboom|Salt Cure\n|\n|-heal|p2a: Rillaboom|77\/100|[from] Grassy Terrain\n|-heal|p1a: Garganacl|79\/100|[from] Grassy Terrain\n|-damage|p2a: Rillaboom|65\/100|[from] Salt Cure\n|upkeep\n|turn|17\n|\n|t:|1700094747\n|move|p2a: Rillaboom|U-turn|p1a: Garganacl\n|-damage|p1a: Garganacl|75\/100\n|\n|t:|1700094751\n|switch|p2a: Dragapult|Dragapult, F, tera:Dragon|94\/100|[from] U-turn\n|move|p1a: Garganacl|Recover|p1a: Garganacl\n|-heal|p1a: Garganacl|100\/100\n|\n|-heal|p2a: Dragapult|99\/100|[from] Grassy Terrain\n|upkeep\n|turn|18\n|\n|t:|1700094767\n|move|p2a: Dragapult|Draco Meteor|p1a: Garganacl\n|-damage|p1a: Garganacl|20\/100\n|-unboost|p2a: Dragapult|spa|2\n|move|p1a: Garganacl|Recover|p1a: Garganacl\n|-heal|p1a: Garganacl|70\/100\n|\n|-heal|p2a: Dragapult|100\/100|[from] Grassy Terrain\n|-heal|p1a: Garganacl|76\/100|[from] Grassy Terrain\n|upkeep\n|turn|19\n|\n|t:|1700094778\n|switch|p2a: Rillaboom|Rillaboom, F|65\/100\n|move|p1a: Garganacl|Salt Cure|p2a: Rillaboom\n|-damage|p2a: Rillaboom|48\/100\n|-start|p2a: Rillaboom|Salt Cure\n|\n|-heal|p2a: Rillaboom|54\/100|[from] Grassy Terrain\n|-heal|p1a: Garganacl|82\/100|[from] Grassy Terrain\n|-damage|p2a: Rillaboom|42\/100|[from] Salt Cure\n|-fieldend|move: Grassy Terrain\n|upkeep\n|turn|20\n|\n|t:|1700094785\n|move|p2a: Rillaboom|Wood Hammer|p1a: Garganacl\n|-supereffective|p1a: Garganacl\n|-damage|p1a: Garganacl|60\/100\n|-damage|p2a: Rillaboom|33\/100|[from] Recoil\n|move|p1a: Garganacl|Recover|p1a: Garganacl\n|-heal|p1a: Garganacl|100\/100\n|\n|-damage|p2a: Rillaboom|21\/100|[from] Salt Cure\n|upkeep\n|turn|21\n|\n|t:|1700094792\n|switch|p2a: Dragapult|Dragapult, F, tera:Dragon|100\/100\n|move|p1a: Garganacl|Salt Cure|p2a: Dragapult\n|-damage|p2a: Dragapult|83\/100\n|-start|p2a: Dragapult|Salt Cure\n|\n|-damage|p2a: Dragapult|71\/100|[from] Salt Cure\n|upkeep\n|turn|22\n|\n|t:|1700094797\n|move|p2a: Dragapult|U-turn|p1a: Garganacl\n|-damage|p1a: Garganacl|97\/100\n|\n|t:|1700094801\n|switch|p2a: Rillaboom|Rillaboom, F|21\/100|[from] U-turn\n|-fieldstart|move: Grassy Terrain|[from] ability: Grassy Surge|[of] p2a: Rillaboom\n|move|p1a: Garganacl|Recover|p1a: Garganacl\n|-heal|p1a: Garganacl|100\/100\n|\n|-heal|p2a: Rillaboom|27\/100|[from] Grassy Terrain\n|upkeep\n|turn|23\n|\n|t:|1700094808\n|move|p2a: Rillaboom|Wood Hammer|p1a: Garganacl\n|-supereffective|p1a: Garganacl\n|-damage|p1a: Garganacl|71\/100\n|-damage|p2a: Rillaboom|16\/100|[from] Recoil\n|move|p1a: Garganacl|Salt Cure|p2a: Rillaboom\n|-damage|p2a: Rillaboom|2\/100\n|-start|p2a: Rillaboom|Salt Cure\n|\n|-heal|p2a: Rillaboom|8\/100|[from] Grassy Terrain\n|-heal|p1a: Garganacl|78\/100|[from] Grassy Terrain\n|-damage|p2a: Rillaboom|0 fnt|[from] Salt Cure\n|faint|p2a: Rillaboom\n|upkeep\n|\n|t:|1700094816\n|switch|p2a: Dragapult|Dragapult, F, tera:Dragon|71\/100\n|turn|24\n|\n|t:|1700094821\n|move|p2a: Dragapult|Draco Meteor|p1a: Garganacl\n|-damage|p1a: Garganacl|10\/100\n|-unboost|p2a: Dragapult|spa|2\n|move|p1a: Garganacl|Recover|p1a: Garganacl\n|-heal|p1a: Garganacl|60\/100\n|\n|-heal|p2a: Dragapult|77\/100|[from] Grassy Terrain\n|-heal|p1a: Garganacl|66\/100|[from] Grassy Terrain\n|upkeep\n|turn|25\n|\n|t:|1700094828\n|move|p2a: Dragapult|Draco Meteor|p1a: Garganacl|[miss]\n|-miss|p2a: Dragapult|p1a: Garganacl\n|move|p1a: Garganacl|Salt Cure|p2a: Dragapult\n|-damage|p2a: Dragapult|58\/100\n|-start|p2a: Dragapult|Salt Cure\n|\n|-heal|p2a: Dragapult|64\/100|[from] Grassy Terrain\n|-heal|p1a: Garganacl|72\/100|[from] Grassy Terrain\n|-damage|p2a: Dragapult|52\/100|[from] Salt Cure\n|upkeep\n|turn|26\n|\n|t:|1700094834\n|switch|p2a: Iron Valiant|Iron Valiant|100\/100\n|-enditem|p2a: Iron Valiant|Booster Energy\n|-activate|p2a: Iron Valiant|ability: Quark Drive|[fromitem]\n|-start|p2a: Iron Valiant|quarkdrivespe\n|move|p1a: Garganacl|Body Press|p2a: Iron Valiant\n|-resisted|p2a: Iron Valiant\n|-damage|p2a: Iron Valiant|40\/100\n|\n|-heal|p2a: Iron Valiant|46\/100|[from] Grassy Terrain\n|-heal|p1a: Garganacl|78\/100|[from] Grassy Terrain\n|-fieldend|move: Grassy Terrain\n|upkeep\n|turn|27\n|\n|t:|1700094846\n|move|p2a: Iron Valiant|Close Combat|p1a: Garganacl\n|-supereffective|p1a: Garganacl\n|-damage|p1a: Garganacl|56\/100\n|-unboost|p2a: Iron Valiant|def|1\n|-unboost|p2a: Iron Valiant|spd|1\n|move|p1a: Garganacl|Body Press|p2a: Iron Valiant\n|-resisted|p2a: Iron Valiant\n|-damage|p2a: Iron Valiant|0 fnt\n|faint|p2a: Iron Valiant\n|-end|p2a: Iron Valiant|Quark Drive|[silent]\n|\n|upkeep\n|\n|t:|1700094853\n|switch|p2a: Dragapult|Dragapult, F, tera:Dragon|52\/100\n|turn|28\n|\n|t:|1700094856\n|move|p2a: Dragapult|Draco Meteor|p1a: Garganacl\n|-damage|p1a: Garganacl|0 fnt\n|-unboost|p2a: Dragapult|spa|2\n|faint|p1a: Garganacl\n|\n|upkeep\n|\n|t:|1700094859\n|switch|p1a: Rillaboom|Rillaboom, F|3\/100\n|-activate|p1a: Rillaboom|move: Sticky Web\n|-unboost|p1a: Rillaboom|spe|1\n|-damage|p1a: Rillaboom|0 fnt|[from] Stealth Rock\n|faint|p1a: Rillaboom\n|\n|t:|1700094861\n|switch|p1a: Walking Wake|Walking Wake|100\/100\n|turn|29\n|\n|t:|1700094865\n|move|p2a: Dragapult|Draco Meteor|p1a: Walking Wake\n|-supereffective|p1a: Walking Wake\n|-damage|p1a: Walking Wake|0 fnt\n|-unboost|p2a: Dragapult|spa|2\n|faint|p1a: Walking Wake\n|-end|p1a: Walking Wake|Protosynthesis|[silent]\n|\n|win|Girlhero\n|raw|dusteet's rating: 1257 &rarr; <strong>1225<\/strong><br \/>(-32 for losing)\n|raw|Girlhero's rating: 1163 &rarr; <strong>1195<\/strong><br \/>(+32 for winning)\n|l|\u2606dusteet\n","uploadtime":1700094879,"views":23,"p1id":"dusteet","p2id":"girlhero","formatid":"gen9ou","rating":1195,"private":0,"password":""}