{"id":"gen9ou-1990131725","p1":"Diereta","p2":"d18l","format":"[Gen 9] OU","log":"|j|\u2606Diereta\n|j|\u2606d18l\n|t:|1699927968\n|gametype|singles\n|player|p1|Diereta|gambler|1804\n|player|p2|d18l|backpacker|1705\n|teamsize|p1|6\n|teamsize|p2|6\n|gen|9\n|tier|[Gen 9] OU\n|rated|\n|rule|Sleep Clause Mod: Limit one foe put to sleep\n|rule|Species Clause: Limit one of each Pok\u00e9mon\n|rule|OHKO Clause: OHKO moves are banned\n|rule|Evasion Items Clause: Evasion items are banned\n|rule|Evasion Moves Clause: Evasion moves are banned\n|rule|Endless Battle Clause: Forcing endless battles is banned\n|rule|HP Percentage Mod: HP is shown in percentages\n|clearpoke\n|poke|p1|Goodra-Hisui, F|\n|poke|p1|Ogerpon-Wellspring, F|\n|poke|p1|Donphan, M|\n|poke|p1|Zamazenta-*|\n|poke|p1|Cinderace, M|\n|poke|p1|Zapdos|\n|poke|p2|Ribombee, F|\n|poke|p2|Gholdengo|\n|poke|p2|Great Tusk|\n|poke|p2|Kingambit, F|\n|poke|p2|Ogerpon-Wellspring, F|\n|poke|p2|Iron Moth|\n|teampreview\n|\n|t:|1699927973\n|start\n|switch|p1a: Rhaenyra|Goodra-Hisui, F|100\/100\n|switch|p2a: Ribombee|Ribombee, F|100\/100\n|turn|1\n|\n|t:|1699927998\n|move|p2a: Ribombee|Moonblast|p1a: Rhaenyra\n|-damage|p1a: Rhaenyra|82\/100\n|move|p1a: Rhaenyra|Flash Cannon|p2a: Ribombee\n|-supereffective|p2a: Ribombee\n|-enditem|p2a: Ribombee|Focus Sash\n|-damage|p2a: Ribombee|1\/100\n|\n|upkeep\n|turn|2\n|j| SwabbyYabby\n|\n|t:|1699928005\n|move|p2a: Ribombee|Moonblast|p1a: Rhaenyra\n|-damage|p1a: Rhaenyra|66\/100\n|move|p1a: Rhaenyra|Ice Beam|p2a: Ribombee\n|-crit|p2a: Ribombee\n|-damage|p2a: Ribombee|0 fnt\n|faint|p2a: Ribombee\n|\n|upkeep\n|j| t-modesty\n|j| Porycomingback\n|\n|t:|1699928027\n|switch|p2a: Kingambit|Kingambit, F|100\/100\n|-activate|p2a: Kingambit|ability: Supreme Overlord\n|-start|p2a: Kingambit|fallen1|[silent]\n|turn|3\n|\n|t:|1699928032\n|switch|p1a: WhatTheDogDoing?|Zamazenta|100\/100\n|-ability|p1a: WhatTheDogDoing?|Dauntless Shield|boost\n|-boost|p1a: WhatTheDogDoing?|def|1\n|move|p2a: Kingambit|Kowtow Cleave|p1a: WhatTheDogDoing?\n|-resisted|p1a: WhatTheDogDoing?\n|-damage|p1a: WhatTheDogDoing?|80\/100\n|\n|upkeep\n|turn|4\n|\n|t:|1699928038\n|switch|p1a: Zip-Zap-Dos|Zapdos|100\/100\n|-end|p2a: Kingambit|fallen1|[silent]\n|switch|p2a: Gholdengo|Gholdengo|100\/100\n|-item|p2a: Gholdengo|Air Balloon\n|\n|upkeep\n|turn|5\n|\n|t:|1699928054\n|move|p1a: Zip-Zap-Dos|Volt Switch|p2a: Gholdengo\n|-damage|p2a: Gholdengo|64\/100\n|-enditem|p2a: Gholdengo|Air Balloon\n|\n|t:|1699928061\n|switch|p1a: Rammot|Cinderace, M|100\/100|[from] Volt Switch\n|move|p2a: Gholdengo|Nasty Plot|p2a: Gholdengo\n|-boost|p2a: Gholdengo|spa|2\n|\n|upkeep\n|turn|6\n|\n|t:|1699928068\n|-terastallize|p2a: Gholdengo|Ghost\n|move|p1a: Rammot|Pyro Ball|p2a: Gholdengo\n|-damage|p2a: Gholdengo|28\/100\n|-status|p2a: Gholdengo|brn\n|move|p2a: Gholdengo|Shadow Ball|p1a: Rammot\n|-damage|p1a: Rammot|0 fnt\n|faint|p1a: Rammot\n|\n|-damage|p2a: Gholdengo|22\/100 brn|[from] brn\n|upkeep\n|\n|t:|1699928072\n|switch|p1a: Ogo|Ogerpon-Wellspring, F|100\/100\n|turn|7\n|\n|t:|1699928081\n|move|p1a: Ogo|Horn Leech|p2a: Gholdengo\n|-damage|p2a: Gholdengo|0 fnt\n|faint|p2a: Gholdengo\n|\n|upkeep\n|l| t-modesty\n|c|\u2606Diereta|Test\n|c|\u2606Diereta|Lag\n|\n|t:|1699928127\n|switch|p2a: Ogerpon|Ogerpon-Wellspring, F|100\/100\n|turn|8\n|inactive|Battle timer is ON: inactive players will automatically lose when time's up. (requested by Diereta)\n|j| Roshino\n|\n|t:|1699928132\n|move|p1a: Ogo|Horn Leech|p2a: Ogerpon\n|-damage|p2a: Ogerpon|40\/100\n|move|p2a: Ogerpon|Power Whip|p1a: Ogo\n|-damage|p1a: Ogo|9\/100\n|\n|upkeep\n|turn|9\n|\n|t:|1699928142\n|switch|p1a: WhatTheDogDoing?|Zamazenta|80\/100\n|move|p2a: Ogerpon|Power Whip|p1a: WhatTheDogDoing?\n|-damage|p1a: WhatTheDogDoing?|16\/100\n|\n|upkeep\n|turn|10\n|j| cheese miestro\n|\n|t:|1699928148\n|switch|p2a: Great Tusk|Great Tusk|100\/100\n|-enditem|p2a: Great Tusk|Booster Energy\n|-activate|p2a: Great Tusk|ability: Protosynthesis|[fromitem]\n|-start|p2a: Great Tusk|protosynthesisspe\n|move|p1a: WhatTheDogDoing?|Close Combat|p2a: Great Tusk\n|-damage|p2a: Great Tusk|65\/100\n|-unboost|p1a: WhatTheDogDoing?|def|1\n|-unboost|p1a: WhatTheDogDoing?|spd|1\n|\n|upkeep\n|turn|11\n|\n|t:|1699928161\n|switch|p1a: Zip-Zap-Dos|Zapdos|100\/100\n|move|p2a: Great Tusk|Bulk Up|p2a: Great Tusk\n|-boost|p2a: Great Tusk|atk|1\n|-boost|p2a: Great Tusk|def|1\n|\n|upkeep\n|turn|12\n|\n|t:|1699928165\n|-terastallize|p1a: Zip-Zap-Dos|Ghost\n|move|p2a: Great Tusk|Ice Spinner|p1a: Zip-Zap-Dos\n|-damage|p1a: Zip-Zap-Dos|62\/100\n|-damage|p2a: Great Tusk|49\/100|[from] item: Rocky Helmet|[of] p1a: Zip-Zap-Dos\n|move|p1a: Zip-Zap-Dos|Hurricane|p2a: Great Tusk\n|-supereffective|p2a: Great Tusk\n|-damage|p2a: Great Tusk|0 fnt\n|faint|p2a: Great Tusk\n|-end|p2a: Great Tusk|Protosynthesis|[silent]\n|\n|upkeep\n|inactive|d18l has 120 seconds left.\n|\n|t:|1699928205\n|switch|p2a: Kingambit|Kingambit, F|100\/100\n|-activate|p2a: Kingambit|ability: Supreme Overlord\n|-start|p2a: Kingambit|fallen3|[silent]\n|turn|13\n|inactive|d18l has 120 seconds left.\n|\n|t:|1699928215\n|move|p2a: Kingambit|Sucker Punch|p1a: Zip-Zap-Dos\n|-supereffective|p1a: Zip-Zap-Dos\n|-damage|p1a: Zip-Zap-Dos|0 fnt\n|-damage|p2a: Kingambit|84\/100|[from] item: Rocky Helmet|[of] p1a: Zip-Zap-Dos\n|-status|p2a: Kingambit|par|[from] ability: Static|[of] p1a: Zip-Zap-Dos\n|faint|p1a: Zip-Zap-Dos\n|\n|upkeep\n|\n|t:|1699928219\n|switch|p1a: Kandula|Donphan, M|100\/100\n|turn|14\n|\n|t:|1699928222\n|-end|p2a: Kingambit|fallen3|[silent]\n|switch|p2a: Ogerpon|Ogerpon-Wellspring, F|40\/100\n|move|p1a: Kandula|Earthquake|p2a: Ogerpon\n|-resisted|p2a: Ogerpon\n|-damage|p2a: Ogerpon|6\/100\n|\n|upkeep\n|turn|15\n|\n|t:|1699928230\n|move|p1a: Kandula|Ice Shard|p2a: Ogerpon\n|-damage|p2a: Ogerpon|0 fnt\n|faint|p2a: Ogerpon\n|\n|upkeep\n|-message|d18l forfeited.\n|\n|win|Diereta\n|raw|Diereta's rating: 1804 &rarr; <strong>1818<\/strong><br \/>(+14 for winning)\n|raw|d18l's rating: 1705 &rarr; <strong>1691<\/strong><br \/>(-14 for losing)\n|l| Roshino\n|l| Porycomingback\n|l|\u2606d18l\n","uploadtime":1699928249,"views":26,"p1id":"diereta","p2id":"d18l","formatid":"gen9ou","rating":1691,"private":0,"password":""}