{"id":"gen9ou-1995350879","p1":"Skaraptor2.1","p2":"Serlac","format":"[Gen 9] OU","log":"|j|\u2606Skaraptor2.1\n|j|\u2606Serlac\n|t:|1700558241\n|gametype|singles\n|player|p1|Skaraptor2.1|bodybuilderf-gen9|1262\n|player|p2|Serlac|scientist|1323\n|teamsize|p1|6\n|teamsize|p2|6\n|gen|9\n|tier|[Gen 9] OU\n|rated|\n|rule|Sleep Clause Mod: Limit one foe put to sleep\n|rule|Species Clause: Limit one of each Pok\u00e9mon\n|rule|OHKO Clause: OHKO moves are banned\n|rule|Evasion Items Clause: Evasion items are banned\n|rule|Evasion Moves Clause: Evasion moves are banned\n|rule|Endless Battle Clause: Forcing endless battles is banned\n|rule|HP Percentage Mod: HP is shown in percentages\n|clearpoke\n|poke|p1|Ribombee, M|\n|poke|p1|Ogerpon-Wellspring, F|\n|poke|p1|Great Tusk|\n|poke|p1|Zamazenta-*|\n|poke|p1|Iron Valiant|\n|poke|p1|Kingambit, F|\n|poke|p2|Glimmora, F|\n|poke|p2|Gholdengo|\n|poke|p2|Dragapult, F|\n|poke|p2|Ursaluna, M|\n|poke|p2|Clefable, F|\n|poke|p2|Iron Valiant|\n|teampreview\n|inactive|Battle timer is ON: inactive players will automatically lose when time's up. (requested by Skaraptor2.1)\n|\n|t:|1700558267\n|start\n|switch|p1a: Raging Queer|Great Tusk|100\/100\n|switch|p2a: Glimmora|Glimmora, F|100\/100\n|turn|1\n|\n|t:|1700558270\n|move|p2a: Glimmora|Energy Ball|p1a: Raging Queer\n|-supereffective|p1a: Raging Queer\n|-damage|p1a: Raging Queer|46\/100\n|move|p1a: Raging Queer|Earthquake|p2a: Glimmora\n|-supereffective|p2a: Glimmora\n|-enditem|p2a: Glimmora|Focus Sash\n|-damage|p2a: Glimmora|1\/100\n|-activate|p2a: Glimmora|ability: Toxic Debris\n|-sidestart|p1: Skaraptor2.1|move: Toxic Spikes\n|\n|upkeep\n|turn|2\n|\n|t:|1700558279\n|-terastallize|p1a: Raging Queer|Steel\n|move|p2a: Glimmora|Energy Ball|p1a: Raging Queer\n|-resisted|p1a: Raging Queer\n|-damage|p1a: Raging Queer|33\/100\n|move|p1a: Raging Queer|Rapid Spin|p2a: Glimmora\n|-resisted|p2a: Glimmora\n|-damage|p2a: Glimmora|0 fnt\n|-boost|p1a: Raging Queer|spe|1\n|-activate|p2a: Glimmora|ability: Toxic Debris\n|-sidestart|p1: Skaraptor2.1|move: Toxic Spikes\n|-sideend|p1: Skaraptor2.1|Toxic Spikes|[from] move: Rapid Spin|[of] p1a: Raging Queer\n|faint|p2a: Glimmora\n|\n|upkeep\n|\n|t:|1700558291\n|switch|p2a: Gholdengo|Gholdengo|100\/100\n|-item|p2a: Gholdengo|Air Balloon\n|turn|3\n|\n|t:|1700558298\n|move|p1a: Raging Queer|Knock Off|p2a: Gholdengo\n|-supereffective|p2a: Gholdengo\n|-damage|p2a: Gholdengo|34\/100\n|-enditem|p2a: Gholdengo|Air Balloon\n|move|p2a: Gholdengo|Focus Blast|p1a: Raging Queer|[miss]\n|-miss|p2a: Gholdengo|p1a: Raging Queer\n|\n|upkeep\n|turn|4\n|\n|t:|1700558304\n|move|p1a: Raging Queer|Earthquake|p2a: Gholdengo\n|-supereffective|p2a: Gholdengo\n|-damage|p2a: Gholdengo|0 fnt\n|faint|p2a: Gholdengo\n|\n|upkeep\n|\n|t:|1700558313\n|switch|p2a: Ursaluna|Ursaluna, M|100\/100\n|turn|5\n|\n|t:|1700558329\n|-terastallize|p2a: Ursaluna|Poison\n|move|p1a: Raging Queer|Knock Off|p2a: Ursaluna\n|-damage|p2a: Ursaluna|77\/100\n|-enditem|p2a: Ursaluna|Flame Orb|[from] move: Knock Off|[of] p1a: Raging Queer\n|move|p2a: Ursaluna|Fire Punch|p1a: Raging Queer\n|-supereffective|p1a: Raging Queer\n|-damage|p1a: Raging Queer|0 fnt\n|faint|p1a: Raging Queer\n|-end|p1a: Raging Queer|Protosynthesis|[silent]\n|\n|upkeep\n|\n|t:|1700558337\n|switch|p1a: Twink|Ribombee, M|100\/100\n|turn|6\n|\n|t:|1700558340\n|move|p1a: Twink|Sticky Web|p2a: Ursaluna\n|-sidestart|p2: Serlac|move: Sticky Web\n|move|p2a: Ursaluna|Fire Punch|p1a: Twink\n|-supereffective|p1a: Twink\n|-enditem|p1a: Twink|Focus Sash\n|-damage|p1a: Twink|1\/100\n|\n|upkeep\n|turn|7\n|\n|t:|1700558350\n|move|p1a: Twink|Moonblast|p2a: Ursaluna\n|-resisted|p2a: Ursaluna\n|-damage|p2a: Ursaluna|64\/100\n|move|p2a: Ursaluna|Fire Punch|p1a: Twink\n|-supereffective|p1a: Twink\n|-damage|p1a: Twink|0 fnt\n|faint|p1a: Twink\n|\n|upkeep\n|\n|t:|1700558353\n|switch|p1a: Transfem|Ogerpon-Wellspring, F|100\/100\n|turn|8\n|\n|t:|1700558357\n|move|p1a: Transfem|Ivy Cudgel|p2a: Ursaluna|[anim] Ivy Cudgel Water\n|-damage|p2a: Ursaluna|18\/100\n|move|p2a: Ursaluna|Headlong Rush|p1a: Transfem\n|-resisted|p1a: Transfem\n|-damage|p1a: Transfem|51\/100\n|-unboost|p2a: Ursaluna|def|1\n|-unboost|p2a: Ursaluna|spd|1\n|\n|upkeep\n|turn|9\n|\n|t:|1700558362\n|move|p1a: Transfem|Horn Leech|p2a: Ursaluna\n|-resisted|p2a: Ursaluna\n|-damage|p2a: Ursaluna|0 fnt\n|-heal|p1a: Transfem|63\/100|[from] drain|[of] p2a: Ursaluna\n|faint|p2a: Ursaluna\n|\n|upkeep\n|\n|t:|1700558366\n|switch|p2a: Dragapult|Dragapult, F|100\/100\n|-activate|p2a: Dragapult|move: Sticky Web\n|-fail|p2a: Dragapult|unboost|[from] ability: Clear Body|[of] p2a: Dragapult\n|turn|10\n|\n|t:|1700558370\n|move|p2a: Dragapult|Dragon Darts|p1a: Transfem\n|-damage|p1a: Transfem|32\/100\n|-anim|p2a: Dragapult|Dragon Darts|p1a: Transfem\n|-damage|p1a: Transfem|2\/100\n|move|p1a: Transfem|Knock Off|p2a: Dragapult\n|-supereffective|p2a: Dragapult\n|-enditem|p2a: Dragapult|Focus Sash\n|-damage|p2a: Dragapult|1\/100\n|\n|upkeep\n|turn|11\n|\n|t:|1700558376\n|move|p2a: Dragapult|Dragon Darts|p1a: Transfem\n|-crit|p1a: Transfem\n|-damage|p1a: Transfem|0 fnt\n|faint|p1a: Transfem\n|\n|upkeep\n|\n|t:|1700558378\n|switch|p1a: Bigender|Iron Valiant|100\/100\n|-enditem|p1a: Bigender|Booster Energy\n|-activate|p1a: Bigender|ability: Quark Drive|[fromitem]\n|-start|p1a: Bigender|quarkdrivespe\n|turn|12\n|\n|t:|1700558383\n|switch|p2a: Clefable|Clefable, F|100\/100\n|-activate|p2a: Clefable|move: Sticky Web\n|-unboost|p2a: Clefable|spe|1\n|move|p1a: Bigender|Moonblast|p2a: Clefable\n|-damage|p2a: Clefable|58\/100\n|\n|-heal|p2a: Clefable|64\/100|[from] item: Leftovers\n|upkeep\n|turn|13\n|\n|t:|1700558392\n|move|p2a: Clefable|Protect|p2a: Clefable\n|-singleturn|p2a: Clefable|Protect\n|move|p1a: Bigender|Moonblast|p2a: Clefable\n|-activate|p2a: Clefable|move: Protect\n|\n|-heal|p2a: Clefable|70\/100|[from] item: Leftovers\n|upkeep\n|turn|14\n|\n|t:|1700558397\n|move|p1a: Bigender|Moonblast|p2a: Clefable\n|-damage|p2a: Clefable|27\/100\n|move|p2a: Clefable|Wish|p2a: Clefable\n|\n|-heal|p2a: Clefable|33\/100|[from] item: Leftovers\n|upkeep\n|turn|15\n|\n|t:|1700558402\n|move|p2a: Clefable|Protect|p2a: Clefable\n|-singleturn|p2a: Clefable|Protect\n|move|p1a: Bigender|Calm Mind|p1a: Bigender\n|-boost|p1a: Bigender|spa|1\n|-boost|p1a: Bigender|spd|1\n|\n|-heal|p2a: Clefable|83\/100|[from] move: Wish|[wisher] Clefable\n|-heal|p2a: Clefable|89\/100|[from] item: Leftovers\n|upkeep\n|turn|16\n|\n|t:|1700558405\n|move|p1a: Bigender|Moonblast|p2a: Clefable\n|-damage|p2a: Clefable|49\/100\n|move|p2a: Clefable|Calm Mind|p2a: Clefable\n|-boost|p2a: Clefable|spa|1\n|-boost|p2a: Clefable|spd|1\n|\n|-heal|p2a: Clefable|55\/100|[from] item: Leftovers\n|upkeep\n|turn|17\n|\n|t:|1700558413\n|-end|p1a: Bigender|Quark Drive|[silent]\n|switch|p1a: Queengambit|Kingambit, F|100\/100\n|-activate|p1a: Queengambit|ability: Supreme Overlord\n|-start|p1a: Queengambit|fallen3|[silent]\n|move|p2a: Clefable|Protect||[still]\n|-fail|p2a: Clefable\n|\n|-heal|p2a: Clefable|61\/100|[from] item: Leftovers\n|upkeep\n|turn|18\n|\n|t:|1700558417\n|move|p2a: Clefable|Protect|p2a: Clefable\n|-singleturn|p2a: Clefable|Protect\n|move|p1a: Queengambit|Iron Head|p2a: Clefable\n|-activate|p2a: Clefable|move: Protect\n|\n|-heal|p2a: Clefable|67\/100|[from] item: Leftovers\n|upkeep\n|turn|19\n|\n|t:|1700558420\n|move|p1a: Queengambit|Swords Dance|p1a: Queengambit\n|-boost|p1a: Queengambit|atk|2\n|move|p2a: Clefable|Wish|p2a: Clefable\n|\n|-heal|p2a: Clefable|73\/100|[from] item: Leftovers\n|upkeep\n|turn|20\n|\n|t:|1700558423\n|move|p1a: Queengambit|Iron Head|p2a: Clefable\n|-supereffective|p2a: Clefable\n|-damage|p2a: Clefable|0 fnt\n|faint|p2a: Clefable\n|\n|upkeep\n|\n|t:|1700558427\n|switch|p2a: Iron Valiant|Iron Valiant|100\/100\n|-activate|p2a: Iron Valiant|move: Sticky Web\n|-unboost|p2a: Iron Valiant|spe|1\n|-enditem|p2a: Iron Valiant|Booster Energy\n|-activate|p2a: Iron Valiant|ability: Quark Drive|[fromitem]\n|-start|p2a: Iron Valiant|quarkdrivespa\n|turn|21\n|\n|t:|1700558433\n|move|p1a: Queengambit|Sucker Punch|p2a: Iron Valiant\n|-resisted|p2a: Iron Valiant\n|-damage|p2a: Iron Valiant|69\/100\n|move|p2a: Iron Valiant|Moonblast|p1a: Queengambit\n|-damage|p1a: Queengambit|37\/100\n|-unboost|p1a: Queengambit|spa|1\n|\n|-heal|p1a: Queengambit|44\/100|[from] item: Leftovers\n|upkeep\n|turn|22\n|\n|t:|1700558437\n|move|p1a: Queengambit|Sucker Punch||[still]\n|-fail|p1a: Queengambit\n|move|p2a: Iron Valiant|Encore|p1a: Queengambit\n|-start|p1a: Queengambit|Encore\n|\n|-heal|p1a: Queengambit|50\/100|[from] item: Leftovers\n|upkeep\n|turn|23\n|\n|t:|1700558441\n|-end|p1a: Queengambit|fallen3|[silent]\n|switch|p1a: Defender of Trans|Zamazenta, shiny|100\/100\n|-ability|p1a: Defender of Trans|Dauntless Shield|boost\n|-boost|p1a: Defender of Trans|def|1\n|move|p2a: Iron Valiant|Calm Mind|p2a: Iron Valiant\n|-boost|p2a: Iron Valiant|spa|1\n|-boost|p2a: Iron Valiant|spd|1\n|\n|upkeep\n|turn|24\n|\n|t:|1700558443\n|move|p1a: Defender of Trans|Heavy Slam|p2a: Iron Valiant\n|-supereffective|p2a: Iron Valiant\n|-damage|p2a: Iron Valiant|0 fnt\n|faint|p2a: Iron Valiant\n|-end|p2a: Iron Valiant|Quark Drive|[silent]\n|\n|upkeep\n|\n|t:|1700558446\n|switch|p2a: Dragapult|Dragapult, F|1\/100\n|-activate|p2a: Dragapult|move: Sticky Web\n|-fail|p2a: Dragapult|unboost|[from] ability: Clear Body|[of] p2a: Dragapult\n|turn|25\n|\n|t:|1700558448\n|move|p2a: Dragapult|Dragon Darts|p1a: Defender of Trans\n|-damage|p1a: Defender of Trans|90\/100\n|-anim|p2a: Dragapult|Dragon Darts|p1a: Defender of Trans\n|-damage|p1a: Defender of Trans|79\/100\n|move|p1a: Defender of Trans|Crunch|p2a: Dragapult\n|-supereffective|p2a: Dragapult\n|-damage|p2a: Dragapult|0 fnt\n|faint|p2a: Dragapult\n|\n|win|Skaraptor2.1\n|raw|Skaraptor2.1's rating: 1262 &rarr; <strong>1291<\/strong><br \/>(+29 for winning)\n|raw|Serlac's rating: 1323 &rarr; <strong>1300<\/strong><br \/>(-23 for losing)\n","uploadtime":1700558451,"views":15,"p1id":"skaraptor21","p2id":"serlac","formatid":"gen9ou","rating":1291,"private":0,"password":""}