{"id":"gen9ou-1993420968","p1":"Eradorr","p2":"Chabbott918","format":"[Gen 9] OU","log":"|j|\u2606Eradorr\n|j|\u2606Chabbott918\n|t:|1700315650\n|gametype|singles\n|player|p1|Eradorr|scientist-gen4|1306\n|player|p2|Chabbott918|raifort|1389\n|teamsize|p1|6\n|teamsize|p2|6\n|gen|9\n|tier|[Gen 9] OU\n|rated|\n|rule|Sleep Clause Mod: Limit one foe put to sleep\n|rule|Species Clause: Limit one of each Pok\u00e9mon\n|rule|OHKO Clause: OHKO moves are banned\n|rule|Evasion Items Clause: Evasion items are banned\n|rule|Evasion Moves Clause: Evasion moves are banned\n|rule|Endless Battle Clause: Forcing endless battles is banned\n|rule|HP Percentage Mod: HP is shown in percentages\n|clearpoke\n|poke|p1|Torkoal, M|\n|poke|p1|Heatran, M|\n|poke|p1|Great Tusk|\n|poke|p1|Brute Bonnet|\n|poke|p1|Cinderace, M|\n|poke|p1|Alomomola, M|\n|poke|p2|Iron Leaves|\n|poke|p2|Ribombee, F|\n|poke|p2|Corviknight, M|\n|poke|p2|Ceruledge, M|\n|poke|p2|Greninja-*, M|\n|poke|p2|Kommo-o, M|\n|teampreview\n|\n|t:|1700315669\n|start\n|switch|p1a: Great Tusk|Great Tusk|100\/100\n|switch|p2a: Corviknight|Corviknight, M|100\/100\n|-ability|p2a: Corviknight|Pressure\n|turn|1\n|\n|t:|1700315677\n|-end|p1a: Great Tusk|Protosynthesis|[silent]\n|switch|p1a: Cinderace|Cinderace, M|100\/100\n|move|p2a: Corviknight|Reflect|p2a: Corviknight\n|-sidestart|p2: Chabbott918|Reflect\n|\n|upkeep\n|turn|2\n|\n|t:|1700315686\n|switch|p2a: Greninja|Greninja, M, shiny|100\/100\n|move|p1a: Cinderace|Pyro Ball|p2a: Greninja\n|-resisted|p2a: Greninja\n|-damage|p2a: Greninja|78\/100\n|\n|upkeep\n|turn|3\n|\n|t:|1700315698\n|switch|p1a: Alomomola|Alomomola, M|100\/100\n|move|p2a: Greninja|U-turn|p1a: Alomomola\n|-start|p2a: Greninja|typechange|Bug|[from] ability: Protean\n|-damage|p1a: Alomomola|90\/100\n|\n|t:|1700315707\n|switch|p2a: Iron Weave|Iron Leaves|100\/100|[from] U-turn\n|-enditem|p2a: Iron Weave|Booster Energy\n|-activate|p2a: Iron Weave|ability: Quark Drive|[fromitem]\n|-start|p2a: Iron Weave|quarkdriveatk\n|\n|upkeep\n|turn|4\n|\n|t:|1700315713\n|switch|p1a: Brute Bonnet|Brute Bonnet|100\/100\n|move|p2a: Iron Weave|Swords Dance|p2a: Iron Weave\n|-boost|p2a: Iron Weave|atk|2\n|\n|upkeep\n|turn|5\n|\n|t:|1700315718\n|move|p1a: Brute Bonnet|Sucker Punch|p2a: Iron Weave\n|-supereffective|p2a: Iron Weave\n|-damage|p2a: Iron Weave|51\/100\n|move|p2a: Iron Weave|Sacred Sword|p1a: Brute Bonnet\n|-supereffective|p1a: Brute Bonnet\n|-damage|p1a: Brute Bonnet|0 fnt\n|faint|p1a: Brute Bonnet\n|-end|p1a: Brute Bonnet|Protosynthesis|[silent]\n|\n|upkeep\n|\n|t:|1700315726\n|switch|p1a: Torkoal|Torkoal, M|100\/100\n|-weather|SunnyDay|[from] ability: Drought|[of] p1a: Torkoal\n|turn|6\n|\n|t:|1700315760\n|move|p2a: Iron Weave|Sacred Sword|p1a: Torkoal\n|-damage|p1a: Torkoal|56\/100\n|move|p1a: Torkoal|Stealth Rock|p2a: Iron Weave\n|-sidestart|p2: Chabbott918|move: Stealth Rock\n|\n|-weather|SunnyDay|[upkeep]\n|upkeep\n|turn|7\n|\n|t:|1700315786\n|move|p2a: Iron Weave|Sacred Sword|p1a: Torkoal\n|-crit|p1a: Torkoal\n|-damage|p1a: Torkoal|0 fnt\n|faint|p1a: Torkoal\n|\n|-weather|SunnyDay|[upkeep]\n|upkeep\n|\n|t:|1700315797\n|switch|p1a: Great Tusk|Great Tusk|100\/100\n|-activate|p1a: Great Tusk|ability: Protosynthesis\n|-start|p1a: Great Tusk|protosynthesisspe\n|turn|8\n|\n|t:|1700315802\n|move|p1a: Great Tusk|Bulk Up|p1a: Great Tusk\n|-boost|p1a: Great Tusk|atk|1\n|-boost|p1a: Great Tusk|def|1\n|move|p2a: Iron Weave|Trailblaze|p1a: Great Tusk\n|-supereffective|p1a: Great Tusk\n|-crit|p1a: Great Tusk\n|-damage|p1a: Great Tusk|0 fnt\n|-boost|p2a: Iron Weave|spe|1\n|faint|p1a: Great Tusk\n|-end|p1a: Great Tusk|Protosynthesis|[silent]\n|\n|-weather|SunnyDay|[upkeep]\n|-sideend|p2: Chabbott918|Reflect\n|upkeep\n|-message|Eradorr forfeited.\n|\n|win|Chabbott918\n|raw|Eradorr's rating: 1306 &rarr; <strong>1291<\/strong><br \/>(-15 for losing)\n|raw|Chabbott918's rating: 1389 &rarr; <strong>1404<\/strong><br \/>(+15 for winning)\n|l|\u2606Eradorr\n","uploadtime":1700315815,"views":8,"p1id":"eradorr","p2id":"chabbott918","formatid":"gen9ou","rating":1291,"private":0,"password":""}