{"id":"gen9ou-1993754096","p1":"Ihatekingambit12","p2":"clumsy_phanpy","format":"[Gen 9] OU","log":"|j|\u2606Ihatekingambit12\n|j|\u2606clumsy_phanpy\n|t:|1700353263\n|gametype|singles\n|player|p1|Ihatekingambit12|102|1099\n|player|p2|clumsy_phanpy|pokemaniac|1158\n|teamsize|p1|6\n|teamsize|p2|6\n|gen|9\n|tier|[Gen 9] OU\n|rated|\n|rule|Sleep Clause Mod: Limit one foe put to sleep\n|rule|Species Clause: Limit one of each Pok\u00e9mon\n|rule|OHKO Clause: OHKO moves are banned\n|rule|Evasion Items Clause: Evasion items are banned\n|rule|Evasion Moves Clause: Evasion moves are banned\n|rule|Endless Battle Clause: Forcing endless battles is banned\n|rule|HP Percentage Mod: HP is shown in percentages\n|clearpoke\n|poke|p1|Weavile, F|\n|poke|p1|Salamence, F|\n|poke|p1|Glimmora, M|\n|poke|p1|Great Tusk|\n|poke|p1|Clefable, M|\n|poke|p1|Jirachi|\n|poke|p2|Ceruledge, M|\n|poke|p2|Indeedee, M|\n|poke|p2|Sneasler, M|\n|poke|p2|Maushold-Four|\n|poke|p2|Talonflame, M|\n|poke|p2|Jirachi|\n|teampreview\n|inactive|Battle timer is ON: inactive players will automatically lose when time's up. (requested by clumsy_phanpy)\n|\n|t:|1700353288\n|start\n|switch|p1a: Salamence|Salamence, F|100\/100\n|switch|p2a: Indeedee|Indeedee, M|100\/100\n|-fieldstart|move: Psychic Terrain|[from] ability: Psychic Surge|[of] p2a: Indeedee\n|turn|1\n|\n|t:|1700353294\n|move|p1a: Salamence|Outrage|p2a: Indeedee\n|-damage|p2a: Indeedee|0 fnt\n|faint|p2a: Indeedee\n|-ability|p1a: Salamence|Moxie|boost\n|-boost|p1a: Salamence|atk|1\n|\n|upkeep\n|\n|t:|1700353301\n|switch|p2a: Ceruledge|Ceruledge, M|100\/100\n|turn|2\n|\n|t:|1700353318\n|move|p1a: Salamence|Outrage|p2a: Ceruledge|[from]lockedmove\n|-enditem|p2a: Ceruledge|Focus Sash\n|-damage|p2a: Ceruledge|1\/100\n|-ability|p2a: Ceruledge|Weak Armor|boost\n|-unboost|p2a: Ceruledge|def|1\n|-boost|p2a: Ceruledge|spe|2\n|move|p2a: Ceruledge|Swords Dance|p2a: Ceruledge\n|-boost|p2a: Ceruledge|atk|2\n|\n|upkeep\n|turn|3\n|\n|t:|1700353322\n|move|p2a: Ceruledge|Poltergeist|p1a: Salamence\n|-activate|p1a: Salamence|move: Poltergeist|Choice Scarf\n|-damage|p1a: Salamence|0 fnt\n|faint|p1a: Salamence\n|\n|upkeep\n|\n|t:|1700353325\n|switch|p1a: Weavile|Weavile, F|100\/100\n|-ability|p1a: Weavile|Pressure\n|turn|4\n|\n|t:|1700353329\n|switch|p1a: Glimmora|Glimmora, M|100\/100\n|move|p2a: Ceruledge|Bitter Blade|p1a: Glimmora\n|-resisted|p1a: Glimmora\n|-damage|p1a: Glimmora|44\/100\n|-heal|p2a: Ceruledge|31\/100|[from] drain|[of] p1a: Glimmora\n|-activate|p1a: Glimmora|ability: Toxic Debris\n|-sidestart|p2: clumsy_phanpy|move: Toxic Spikes\n|\n|upkeep\n|turn|5\n|\n|t:|1700353335\n|move|p2a: Ceruledge|Bitter Blade|p1a: Glimmora\n|-resisted|p1a: Glimmora\n|-damage|p1a: Glimmora|0 fnt\n|-heal|p2a: Ceruledge|54\/100|[from] drain|[of] p1a: Glimmora\n|-activate|p1a: Glimmora|ability: Toxic Debris\n|-sidestart|p2: clumsy_phanpy|move: Toxic Spikes\n|faint|p1a: Glimmora\n|\n|upkeep\n|\n|t:|1700353339\n|switch|p1a: Great Tusk|Great Tusk|100\/100\n|turn|6\n|\n|t:|1700353345\n|-terastallize|p2a: Ceruledge|Fire\n|move|p2a: Ceruledge|Bitter Blade|p1a: Great Tusk\n|-damage|p1a: Great Tusk|18\/100\n|-heal|p2a: Ceruledge|100\/100|[from] drain|[of] p1a: Great Tusk\n|move|p1a: Great Tusk|Headlong Rush|p2a: Ceruledge\n|-supereffective|p2a: Ceruledge\n|-damage|p2a: Ceruledge|0 fnt\n|-unboost|p1a: Great Tusk|def|1\n|-unboost|p1a: Great Tusk|spd|1\n|faint|p2a: Ceruledge\n|\n|upkeep\n|\n|t:|1700353352\n|switch|p2a: Sneasler|Sneasler, M|100\/100\n|-sideend|p2: clumsy_phanpy|move: Toxic Spikes|[of] p2a: Sneasler\n|-enditem|p2a: Sneasler|Psychic Seed\n|-boost|p2a: Sneasler|spd|1|[from] item: Psychic Seed\n|turn|7\n|\n|t:|1700353370\n|move|p2a: Sneasler|Acrobatics|p1a: Great Tusk\n|-supereffective|p1a: Great Tusk\n|-damage|p1a: Great Tusk|0 fnt\n|faint|p1a: Great Tusk\n|-end|p1a: Great Tusk|Protosynthesis|[silent]\n|\n|upkeep\n|\n|t:|1700353374\n|switch|p1a: Jirachi|Jirachi|100\/100\n|turn|8\n|\n|t:|1700353377\n|move|p2a: Sneasler|Swords Dance|p2a: Sneasler\n|-boost|p2a: Sneasler|atk|2\n|move|p1a: Jirachi|Psychic|p2a: Sneasler\n|-supereffective|p2a: Sneasler\n|-damage|p2a: Sneasler|0 fnt\n|faint|p2a: Sneasler\n|\n|-fieldend|move: Psychic Terrain\n|upkeep\n|\n|t:|1700353381\n|switch|p2a: Maushold|Maushold-Four|100\/100\n|turn|9\n|\n|t:|1700353383\n|move|p2a: Maushold|Population Bomb|p1a: Jirachi\n|-resisted|p1a: Jirachi\n|-damage|p1a: Jirachi|95\/100\n|-resisted|p1a: Jirachi\n|-damage|p1a: Jirachi|89\/100\n|-resisted|p1a: Jirachi\n|-damage|p1a: Jirachi|83\/100\n|-resisted|p1a: Jirachi\n|-damage|p1a: Jirachi|77\/100\n|-resisted|p1a: Jirachi\n|-damage|p1a: Jirachi|71\/100\n|-resisted|p1a: Jirachi\n|-damage|p1a: Jirachi|65\/100\n|-resisted|p1a: Jirachi\n|-damage|p1a: Jirachi|59\/100\n|-resisted|p1a: Jirachi\n|-damage|p1a: Jirachi|53\/100\n|-resisted|p1a: Jirachi\n|-damage|p1a: Jirachi|47\/100\n|-resisted|p1a: Jirachi\n|-damage|p1a: Jirachi|41\/100\n|-hitcount|p1a: Jirachi|10\n|move|p1a: Jirachi|Psychic|p2a: Maushold\n|-damage|p2a: Maushold|10\/100\n|\n|upkeep\n|turn|10\n|\n|t:|1700353386\n|move|p2a: Maushold|Bite|p1a: Jirachi\n|-supereffective|p1a: Jirachi\n|-damage|p1a: Jirachi|0 fnt\n|faint|p1a: Jirachi\n|\n|upkeep\n|\n|t:|1700353388\n|switch|p1a: Weavile|Weavile, F|100\/100\n|-ability|p1a: Weavile|Pressure\n|turn|11\n|\n|t:|1700353391\n|move|p1a: Weavile|Ice Shard|p2a: Maushold\n|-damage|p2a: Maushold|0 fnt\n|faint|p2a: Maushold\n|\n|upkeep\n|\n|t:|1700353393\n|switch|p2a: Talonflame|Talonflame, M|100\/100\n|turn|12\n|\n|t:|1700353399\n|move|p2a: Talonflame|Will-O-Wisp|p1a: Weavile\n|-status|p1a: Weavile|brn\n|move|p1a: Weavile|Substitute|p1a: Weavile\n|-start|p1a: Weavile|Substitute\n|-damage|p1a: Weavile|76\/100 brn\n|\n|-damage|p1a: Weavile|70\/100 brn|[from] brn\n|upkeep\n|turn|13\n|\n|t:|1700353404\n|move|p2a: Talonflame|Dual Wingbeat|p1a: Weavile\n|-activate|p1a: Weavile|move: Substitute|[damage]\n|-end|p1a: Weavile|Substitute\n|-hitcount|p1a: Weavile|2\n|move|p1a: Weavile|Knock Off|p2a: Talonflame\n|-damage|p2a: Talonflame|68\/100\n|-enditem|p2a: Talonflame|Heavy-Duty Boots|[from] move: Knock Off|[of] p1a: Weavile\n|\n|-damage|p1a: Weavile|63\/100 brn|[from] brn\n|upkeep\n|turn|14\n|\n|t:|1700353408\n|move|p2a: Talonflame|Dual Wingbeat|p1a: Weavile|[miss]\n|-miss|p2a: Talonflame|p1a: Weavile\n|move|p1a: Weavile|Ice Spinner|p2a: Talonflame\n|-damage|p2a: Talonflame|42\/100\n|\n|-damage|p1a: Weavile|57\/100 brn|[from] brn\n|upkeep\n|turn|15\n|\n|t:|1700353411\n|move|p2a: Talonflame|Dual Wingbeat|p1a: Weavile\n|-damage|p1a: Weavile|34\/100 brn\n|-damage|p1a: Weavile|10\/100 brn\n|-hitcount|p1a: Weavile|2\n|move|p1a: Weavile|Ice Spinner|p2a: Talonflame\n|-damage|p2a: Talonflame|15\/100\n|\n|-damage|p1a: Weavile|4\/100 brn|[from] brn\n|upkeep\n|turn|16\n|\n|t:|1700353436\n|move|p1a: Weavile|Ice Shard|p2a: Talonflame\n|-damage|p2a: Talonflame|3\/100\n|move|p2a: Talonflame|Roost|p2a: Talonflame\n|-heal|p2a: Talonflame|53\/100\n|-singleturn|p2a: Talonflame|move: Roost\n|\n|-damage|p1a: Weavile|0 fnt|[from] brn\n|faint|p1a: Weavile\n|upkeep\n|\n|t:|1700353439\n|switch|p1a: Clefable|Clefable, M|100\/100\n|turn|17\n|\n|t:|1700353443\n|switch|p2a: Jirachi|Jirachi|100\/100\n|move|p1a: Clefable|Thunderbolt|p2a: Jirachi\n|-damage|p2a: Jirachi|84\/100\n|\n|-heal|p2a: Jirachi|90\/100|[from] item: Leftovers\n|upkeep\n|turn|18\n|\n|t:|1700353454\n|-terastallize|p1a: Clefable|Water\n|move|p2a: Jirachi|Cosmic Power|p2a: Jirachi\n|-boost|p2a: Jirachi|def|1\n|-boost|p2a: Jirachi|spd|1\n|move|p1a: Clefable|Chilling Water|p2a: Jirachi\n|-damage|p2a: Jirachi|80\/100\n|-unboost|p2a: Jirachi|atk|1\n|\n|-heal|p2a: Jirachi|86\/100|[from] item: Leftovers\n|upkeep\n|turn|19\n|\n|t:|1700353458\n|move|p2a: Jirachi|Cosmic Power|p2a: Jirachi\n|-boost|p2a: Jirachi|def|1\n|-boost|p2a: Jirachi|spd|1\n|move|p1a: Clefable|Thunderbolt|p2a: Jirachi\n|-damage|p2a: Jirachi|78\/100\n|\n|-heal|p2a: Jirachi|85\/100|[from] item: Leftovers\n|upkeep\n|turn|20\n|\n|t:|1700353460\n|move|p2a: Jirachi|Ice Punch|p1a: Clefable\n|-resisted|p1a: Clefable\n|-damage|p1a: Clefable|95\/100\n|move|p1a: Clefable|Moonblast|p2a: Jirachi\n|-resisted|p2a: Jirachi\n|-damage|p2a: Jirachi|79\/100\n|\n|-heal|p2a: Jirachi|85\/100|[from] item: Leftovers\n|-heal|p1a: Clefable|100\/100|[from] item: Leftovers\n|upkeep\n|turn|21\n|\n|t:|1700353465\n|move|p2a: Jirachi|Ice Punch|p1a: Clefable\n|-resisted|p1a: Clefable\n|-damage|p1a: Clefable|95\/100\n|-status|p1a: Clefable|frz\n|cant|p1a: Clefable|frz\n|\n|-heal|p2a: Jirachi|91\/100|[from] item: Leftovers\n|-heal|p1a: Clefable|100\/100 frz|[from] item: Leftovers\n|upkeep\n|turn|22\n|\n|t:|1700353493\n|move|p2a: Jirachi|Cosmic Power|p2a: Jirachi\n|-boost|p2a: Jirachi|def|1\n|-boost|p2a: Jirachi|spd|1\n|-curestatus|p1a: Clefable|frz|[msg]\n|move|p1a: Clefable|Chilling Water|p2a: Jirachi\n|-damage|p2a: Jirachi|85\/100\n|-unboost|p2a: Jirachi|atk|1\n|\n|-heal|p2a: Jirachi|91\/100|[from] item: Leftovers\n|upkeep\n|turn|23\n|\n|t:|1700353502\n|move|p2a: Jirachi|Ice Punch|p1a: Clefable\n|-resisted|p1a: Clefable\n|-damage|p1a: Clefable|97\/100\n|move|p1a: Clefable|Chilling Water|p2a: Jirachi\n|-damage|p2a: Jirachi|84\/100\n|-unboost|p2a: Jirachi|atk|1\n|\n|-heal|p2a: Jirachi|90\/100|[from] item: Leftovers\n|-heal|p1a: Clefable|100\/100|[from] item: Leftovers\n|upkeep\n|turn|24\n|\n|t:|1700353509\n|move|p2a: Jirachi|Ice Punch|p1a: Clefable\n|-resisted|p1a: Clefable\n|-damage|p1a: Clefable|97\/100\n|move|p1a: Clefable|Chilling Water|p2a: Jirachi\n|-damage|p2a: Jirachi|83\/100\n|-unboost|p2a: Jirachi|atk|1\n|\n|-heal|p2a: Jirachi|89\/100|[from] item: Leftovers\n|-heal|p1a: Clefable|100\/100|[from] item: Leftovers\n|upkeep\n|turn|25\n|\n|t:|1700353512\n|move|p2a: Jirachi|Ice Punch|p1a: Clefable\n|-resisted|p1a: Clefable\n|-damage|p1a: Clefable|98\/100\n|-status|p1a: Clefable|frz\n|cant|p1a: Clefable|frz\n|\n|-heal|p2a: Jirachi|96\/100|[from] item: Leftovers\n|-heal|p1a: Clefable|100\/100 frz|[from] item: Leftovers\n|upkeep\n|turn|26\n|\n|t:|1700353515\n|switch|p2a: Talonflame|Talonflame, M|53\/100\n|cant|p1a: Clefable|frz\n|\n|upkeep\n|turn|27\n|\n|t:|1700353518\n|move|p2a: Talonflame|Defog|p1a: Clefable\n|-unboost|p1a: Clefable|evasion|1\n|cant|p1a: Clefable|frz\n|\n|upkeep\n|turn|28\n|\n|t:|1700353523\n|move|p2a: Talonflame|Dual Wingbeat|p1a: Clefable\n|-damage|p1a: Clefable|88\/100 frz\n|-damage|p1a: Clefable|75\/100 frz\n|-hitcount|p1a: Clefable|2\n|cant|p1a: Clefable|frz\n|\n|-heal|p1a: Clefable|81\/100 frz|[from] item: Leftovers\n|upkeep\n|turn|29\n|\n|t:|1700353532\n|move|p2a: Talonflame|Dual Wingbeat|p1a: Clefable\n|-damage|p1a: Clefable|69\/100 frz\n|-damage|p1a: Clefable|54\/100 frz\n|-hitcount|p1a: Clefable|2\n|-curestatus|p1a: Clefable|frz|[msg]\n|move|p1a: Clefable|Wish|p1a: Clefable\n|\n|-heal|p1a: Clefable|60\/100|[from] item: Leftovers\n|upkeep\n|turn|30\n|\n|t:|1700353535\n|move|p2a: Talonflame|Dual Wingbeat|p1a: Clefable\n|-damage|p1a: Clefable|47\/100\n|-damage|p1a: Clefable|33\/100\n|-hitcount|p1a: Clefable|2\n|move|p1a: Clefable|Chilling Water|p2a: Talonflame\n|-supereffective|p2a: Talonflame\n|-damage|p2a: Talonflame|0 fnt\n|faint|p2a: Talonflame\n|\n|-heal|p1a: Clefable|83\/100|[from] move: Wish|[wisher] Clefable\n|-heal|p1a: Clefable|89\/100|[from] item: Leftovers\n|upkeep\n|\n|t:|1700353538\n|switch|p2a: Jirachi|Jirachi|96\/100\n|turn|31\n|\n|t:|1700353540\n|move|p2a: Jirachi|Iron Head|p1a: Clefable\n|-resisted|p1a: Clefable\n|-damage|p1a: Clefable|76\/100\n|cant|p1a: Clefable|flinch\n|\n|-heal|p2a: Jirachi|100\/100|[from] item: Leftovers\n|-heal|p1a: Clefable|82\/100|[from] item: Leftovers\n|upkeep\n|turn|32\n|\n|t:|1700353543\n|move|p2a: Jirachi|Iron Head|p1a: Clefable\n|-resisted|p1a: Clefable\n|-damage|p1a: Clefable|70\/100\n|cant|p1a: Clefable|flinch\n|\n|-heal|p1a: Clefable|76\/100|[from] item: Leftovers\n|upkeep\n|turn|33\n|\n|t:|1700353554\n|move|p2a: Jirachi|Iron Head|p1a: Clefable\n|-resisted|p1a: Clefable\n|-damage|p1a: Clefable|63\/100\n|cant|p1a: Clefable|flinch\n|\n|-heal|p1a: Clefable|69\/100|[from] item: Leftovers\n|upkeep\n|turn|34\n|\n|t:|1700353557\n|move|p2a: Jirachi|Iron Head|p1a: Clefable\n|-resisted|p1a: Clefable\n|-damage|p1a: Clefable|57\/100\n|move|p1a: Clefable|Chilling Water|p2a: Jirachi\n|-damage|p2a: Jirachi|86\/100\n|-unboost|p2a: Jirachi|atk|1\n|\n|-heal|p2a: Jirachi|92\/100|[from] item: Leftovers\n|-heal|p1a: Clefable|63\/100|[from] item: Leftovers\n|upkeep\n|turn|35\n|\n|t:|1700353570\n|move|p2a: Jirachi|Cosmic Power|p2a: Jirachi\n|-boost|p2a: Jirachi|def|1\n|-boost|p2a: Jirachi|spd|1\n|move|p1a: Clefable|Chilling Water|p2a: Jirachi\n|-damage|p2a: Jirachi|81\/100\n|-unboost|p2a: Jirachi|atk|1\n|\n|-heal|p2a: Jirachi|87\/100|[from] item: Leftovers\n|-heal|p1a: Clefable|69\/100|[from] item: Leftovers\n|upkeep\n|turn|36\n|\n|t:|1700353579\n|move|p2a: Jirachi|Cosmic Power|p2a: Jirachi\n|-boost|p2a: Jirachi|def|1\n|-boost|p2a: Jirachi|spd|1\n|move|p1a: Clefable|Wish|p1a: Clefable\n|\n|-heal|p2a: Jirachi|93\/100|[from] item: Leftovers\n|-heal|p1a: Clefable|75\/100|[from] item: Leftovers\n|upkeep\n|turn|37\n|\n|t:|1700353593\n|move|p2a: Jirachi|Cosmic Power|p2a: Jirachi\n|-boost|p2a: Jirachi|def|1\n|-boost|p2a: Jirachi|spd|1\n|move|p1a: Clefable|Chilling Water|p2a: Jirachi\n|-damage|p2a: Jirachi|86\/100\n|-unboost|p2a: Jirachi|atk|1\n|\n|-heal|p1a: Clefable|100\/100|[from] move: Wish|[wisher] Clefable\n|-heal|p2a: Jirachi|92\/100|[from] item: Leftovers\n|upkeep\n|turn|38\n|\n|t:|1700353597\n|move|p2a: Jirachi|Cosmic Power|p2a: Jirachi\n|-boost|p2a: Jirachi|def|1\n|-boost|p2a: Jirachi|spd|1\n|move|p1a: Clefable|Chilling Water|p2a: Jirachi\n|-damage|p2a: Jirachi|87\/100\n|-unboost|p2a: Jirachi|atk|1\n|\n|-heal|p2a: Jirachi|93\/100|[from] item: Leftovers\n|upkeep\n|turn|39\n|\n|t:|1700353610\n|move|p2a: Jirachi|Cosmic Power|p2a: Jirachi\n|-boost|p2a: Jirachi|def|1\n|-boost|p2a: Jirachi|spd|1\n|move|p1a: Clefable|Chilling Water|p2a: Jirachi\n|-damage|p2a: Jirachi|89\/100\n|-unboost|p2a: Jirachi|atk|1\n|\n|-heal|p2a: Jirachi|95\/100|[from] item: Leftovers\n|upkeep\n|turn|40\n|\n|t:|1700353612\n|move|p2a: Jirachi|Cosmic Power|p2a: Jirachi\n|-boost|p2a: Jirachi|def|1\n|-boost|p2a: Jirachi|spd|1\n|move|p1a: Clefable|Chilling Water|p2a: Jirachi\n|-crit|p2a: Jirachi\n|-damage|p2a: Jirachi|70\/100\n|-unboost|p2a: Jirachi|atk|1\n|\n|-heal|p2a: Jirachi|76\/100|[from] item: Leftovers\n|upkeep\n|turn|41\n|\n|t:|1700353617\n|move|p2a: Jirachi|Cosmic Power|p2a: Jirachi\n|-boost|p2a: Jirachi|def|0\n|-boost|p2a: Jirachi|spd|0\n|move|p1a: Clefable|Wish|p1a: Clefable\n|\n|-heal|p2a: Jirachi|82\/100|[from] item: Leftovers\n|upkeep\n|turn|42\n|\n|t:|1700353620\n|move|p2a: Jirachi|Cosmic Power|p2a: Jirachi\n|-boost|p2a: Jirachi|def|0\n|-boost|p2a: Jirachi|spd|0\n|move|p1a: Clefable|Moonblast|p2a: Jirachi\n|-resisted|p2a: Jirachi\n|-damage|p2a: Jirachi|79\/100\n|-unboost|p2a: Jirachi|spa|1\n|\n|-heal|p2a: Jirachi|85\/100|[from] item: Leftovers\n|upkeep\n|turn|43\n|\n|t:|1700353622\n|move|p2a: Jirachi|Cosmic Power|p2a: Jirachi\n|-boost|p2a: Jirachi|def|0\n|-boost|p2a: Jirachi|spd|0\n|move|p1a: Clefable|Thunderbolt|p2a: Jirachi\n|-damage|p2a: Jirachi|81\/100\n|\n|-heal|p2a: Jirachi|87\/100|[from] item: Leftovers\n|upkeep\n|turn|44\n|\n|t:|1700353624\n|move|p2a: Jirachi|Cosmic Power|p2a: Jirachi\n|-boost|p2a: Jirachi|def|0\n|-boost|p2a: Jirachi|spd|0\n|move|p1a: Clefable|Thunderbolt|p2a: Jirachi\n|-crit|p2a: Jirachi\n|-damage|p2a: Jirachi|65\/100\n|\n|-heal|p2a: Jirachi|71\/100|[from] item: Leftovers\n|upkeep\n|turn|45\n|\n|t:|1700353626\n|move|p2a: Jirachi|Cosmic Power|p2a: Jirachi\n|-boost|p2a: Jirachi|def|0\n|-boost|p2a: Jirachi|spd|0\n|move|p1a: Clefable|Thunderbolt|p2a: Jirachi\n|-damage|p2a: Jirachi|67\/100\n|\n|-heal|p2a: Jirachi|73\/100|[from] item: Leftovers\n|upkeep\n|turn|46\n|\n|t:|1700353628\n|move|p2a: Jirachi|Cosmic Power|p2a: Jirachi\n|-boost|p2a: Jirachi|def|0\n|-boost|p2a: Jirachi|spd|0\n|move|p1a: Clefable|Thunderbolt|p2a: Jirachi\n|-damage|p2a: Jirachi|69\/100\n|\n|-heal|p2a: Jirachi|75\/100|[from] item: Leftovers\n|upkeep\n|turn|47\n|\n|t:|1700353636\n|move|p2a: Jirachi|Cosmic Power|p2a: Jirachi\n|-boost|p2a: Jirachi|def|0\n|-boost|p2a: Jirachi|spd|0\n|move|p1a: Clefable|Thunderbolt|p2a: Jirachi\n|-damage|p2a: Jirachi|70\/100\n|\n|-heal|p2a: Jirachi|77\/100|[from] item: Leftovers\n|upkeep\n|turn|48\n|\n|t:|1700353640\n|move|p2a: Jirachi|Cosmic Power|p2a: Jirachi\n|-boost|p2a: Jirachi|def|0\n|-boost|p2a: Jirachi|spd|0\n|move|p1a: Clefable|Thunderbolt|p2a: Jirachi\n|-damage|p2a: Jirachi|73\/100\n|\n|-heal|p2a: Jirachi|79\/100|[from] item: Leftovers\n|upkeep\n|turn|49\n|\n|t:|1700353642\n|move|p2a: Jirachi|Cosmic Power|p2a: Jirachi\n|-boost|p2a: Jirachi|def|0\n|-boost|p2a: Jirachi|spd|0\n|move|p1a: Clefable|Thunderbolt|p2a: Jirachi\n|-damage|p2a: Jirachi|75\/100\n|\n|-heal|p2a: Jirachi|81\/100|[from] item: Leftovers\n|upkeep\n|turn|50\n|\n|t:|1700353654\n|move|p2a: Jirachi|Cosmic Power|p2a: Jirachi\n|-boost|p2a: Jirachi|def|0\n|-boost|p2a: Jirachi|spd|0\n|move|p1a: Clefable|Thunderbolt|p2a: Jirachi\n|-damage|p2a: Jirachi|77\/100\n|\n|-heal|p2a: Jirachi|83\/100|[from] item: Leftovers\n|upkeep\n|turn|51\n|inactive|clumsy_phanpy has 120 seconds left.\n|\n|t:|1700353713\n|move|p2a: Jirachi|Iron Head|p1a: Clefable\n|-resisted|p1a: Clefable\n|-damage|p1a: Clefable|97\/100\n|cant|p1a: Clefable|flinch\n|\n|-heal|p2a: Jirachi|89\/100|[from] item: Leftovers\n|-heal|p1a: Clefable|100\/100|[from] item: Leftovers\n|upkeep\n|turn|52\n|\n|t:|1700353718\n|move|p2a: Jirachi|Ice Punch|p1a: Clefable\n|-resisted|p1a: Clefable\n|-damage|p1a: Clefable|98\/100\n|move|p1a: Clefable|Thunderbolt|p2a: Jirachi\n|-damage|p2a: Jirachi|85\/100\n|\n|-heal|p2a: Jirachi|91\/100|[from] item: Leftovers\n|-heal|p1a: Clefable|100\/100|[from] item: Leftovers\n|upkeep\n|turn|53\n|inactive|Ihatekingambit12 has 120 seconds left.\n|-message|clumsy_phanpy forfeited.\n|\n|win|Ihatekingambit12\n|raw|Ihatekingambit12's rating: 1133 &rarr; <strong>1160<\/strong><br \/>(+27 for winning)\n|raw|clumsy_phanpy's rating: 1158 &rarr; <strong>1131<\/strong><br \/>(-27 for losing)\n|l|\u2606clumsy_phanpy\n","uploadtime":1700353755,"views":17,"p1id":"ihatekingambit12","p2id":"clumsyphanpy","formatid":"gen9ou","rating":1131,"private":0,"password":""}