{"id":"gen9ou-1995460214","p1":"Petergriffinonline","p2":"Skaraptor2.1","format":"[Gen 9] OU","log":"|j|\u2606Petergriffinonline\n|j|\u2606Skaraptor2.1\n|t:|1700573322\n|gametype|singles\n|player|p1|Petergriffinonline|169|1351\n|player|p2|Skaraptor2.1|bodybuilderf-gen9|1285\n|teamsize|p1|6\n|teamsize|p2|6\n|gen|9\n|tier|[Gen 9] OU\n|rated|\n|rule|Sleep Clause Mod: Limit one foe put to sleep\n|rule|Species Clause: Limit one of each Pok\u00e9mon\n|rule|OHKO Clause: OHKO moves are banned\n|rule|Evasion Items Clause: Evasion items are banned\n|rule|Evasion Moves Clause: Evasion moves are banned\n|rule|Endless Battle Clause: Forcing endless battles is banned\n|rule|HP Percentage Mod: HP is shown in percentages\n|clearpoke\n|poke|p1|Ogerpon-Wellspring, F|\n|poke|p1|Samurott-Hisui, F|\n|poke|p1|Great Tusk|\n|poke|p1|Heatran, M|\n|poke|p1|Thundurus-Therian, M|\n|poke|p1|Slowking-Galar, M|\n|poke|p2|Ribombee, M|\n|poke|p2|Ogerpon-Wellspring, F|\n|poke|p2|Great Tusk|\n|poke|p2|Zamazenta-*|\n|poke|p2|Iron Valiant|\n|poke|p2|Kingambit, F|\n|teampreview\n|inactive|Battle timer is ON: inactive players will automatically lose when time's up. (requested by Skaraptor2.1)\n|\n|t:|1700573343\n|start\n|switch|p1a: Heatran|Heatran, M|100\/100\n|switch|p2a: Transfem|Ogerpon-Wellspring, F|100\/100\n|-item|p1a: Heatran|Air Balloon\n|turn|1\n|\n|t:|1700573350\n|-terastallize|p1a: Heatran|Ghost\n|move|p2a: Transfem|Knock Off|p1a: Heatran\n|-supereffective|p1a: Heatran\n|-damage|p1a: Heatran|43\/100\n|-enditem|p1a: Heatran|Air Balloon\n|move|p1a: Heatran|Will-O-Wisp|p2a: Transfem\n|-status|p2a: Transfem|brn\n|\n|-damage|p2a: Transfem|95\/100 brn|[from] brn\n|upkeep\n|turn|2\n|\n|t:|1700573368\n|switch|p1a: Ogerpon|Ogerpon-Wellspring, F|100\/100\n|move|p2a: Transfem|Swords Dance|p2a: Transfem\n|-boost|p2a: Transfem|atk|2\n|\n|-damage|p2a: Transfem|89\/100 brn|[from] brn\n|upkeep\n|turn|3\n|\n|t:|1700573372\n|move|p2a: Transfem|Horn Leech|p1a: Ogerpon\n|-damage|p1a: Ogerpon|43\/100\n|-heal|p2a: Transfem|100\/100 brn|[from] drain|[of] p1a: Ogerpon\n|move|p1a: Ogerpon|Swords Dance|p1a: Ogerpon\n|-boost|p1a: Ogerpon|atk|2\n|\n|-damage|p2a: Transfem|95\/100 brn|[from] brn\n|upkeep\n|turn|4\n|\n|t:|1700573378\n|move|p2a: Transfem|Horn Leech|p1a: Ogerpon\n|-damage|p1a: Ogerpon|0 fnt\n|-heal|p2a: Transfem|100\/100 brn|[from] drain|[of] p1a: Ogerpon\n|faint|p1a: Ogerpon\n|\n|-damage|p2a: Transfem|95\/100 brn|[from] brn\n|upkeep\n|\n|t:|1700573399\n|switch|p1a: Thundurus|Thundurus-Therian, M|100\/100\n|turn|5\n|\n|t:|1700573413\n|move|p1a: Thundurus|Thunderbolt|p2a: Transfem\n|-damage|p2a: Transfem|30\/100 brn\n|move|p2a: Transfem|Ivy Cudgel|p1a: Thundurus|[anim] Ivy Cudgel Water\n|-damage|p1a: Thundurus|18\/100\n|\n|-damage|p2a: Transfem|24\/100 brn|[from] brn\n|upkeep\n|turn|6\n|\n|t:|1700573416\n|move|p1a: Thundurus|Thunderbolt|p2a: Transfem\n|-damage|p2a: Transfem|0 fnt\n|faint|p2a: Transfem\n|\n|upkeep\n|\n|t:|1700573418\n|switch|p2a: Raging Queer|Great Tusk|100\/100\n|turn|7\n|inactive|Petergriffinonline has 120 seconds left.\n|\n|t:|1700573451\n|switch|p1a: Samurott|Samurott-Hisui, F|100\/100\n|move|p2a: Raging Queer|Knock Off|p1a: Samurott\n|-resisted|p1a: Samurott\n|-damage|p1a: Samurott|81\/100\n|-enditem|p1a: Samurott|Choice Scarf|[from] move: Knock Off|[of] p2a: Raging Queer\n|\n|upkeep\n|turn|8\n|\n|t:|1700573465\n|-end|p2a: Raging Queer|Protosynthesis|[silent]\n|switch|p2a: Bigender|Iron Valiant|100\/100\n|-enditem|p2a: Bigender|Booster Energy\n|-activate|p2a: Bigender|ability: Quark Drive|[fromitem]\n|-start|p2a: Bigender|quarkdrivespe\n|move|p1a: Samurott|Aqua Cutter|p2a: Bigender\n|-damage|p2a: Bigender|36\/100\n|\n|upkeep\n|turn|9\n|\n|t:|1700573475\n|move|p2a: Bigender|Moonblast|p1a: Samurott\n|-supereffective|p1a: Samurott\n|-damage|p1a: Samurott|0 fnt\n|faint|p1a: Samurott\n|\n|upkeep\n|inactive|Petergriffinonline has 120 seconds left.\n|\n|t:|1700573504\n|switch|p1a: Thundurus|Thundurus-Therian, M|18\/100\n|turn|10\n|inactive|Petergriffinonline has 120 seconds left.\n|\n|t:|1700573518\n|move|p2a: Bigender|Moonblast|p1a: Thundurus\n|-damage|p1a: Thundurus|0 fnt\n|faint|p1a: Thundurus\n|\n|upkeep\n|\n|t:|1700573523\n|switch|p1a: Slowking|Slowking-Galar, M|100\/100\n|turn|11\n|\n|t:|1700573534\n|move|p2a: Bigender|Destiny Bond|p2a: Bigender\n|-singlemove|p2a: Bigender|Destiny Bond\n|move|p1a: Slowking|Future Sight|p2a: Bigender\n|-start|p1a: Slowking|move: Future Sight\n|\n|upkeep\n|turn|12\n|l|\u2606Petergriffinonline\n|inactive|Petergriffinonline disconnected and has a minute to reconnect!\n|player|p1|\n|inactive|Petergriffinonline has 30 seconds to reconnect!\n|inactive|Petergriffinonline has 20 seconds to reconnect!\n|j|\u2606Petergriffinonline\n|inactive|Petergriffinonline reconnected and has 100 seconds left.\n|player|p1|Petergriffinonline|169\n|inactive|Petergriffinonline has 90 seconds left.\n|\n|t:|1700573587\n|move|p2a: Bigender|Calm Mind|p2a: Bigender\n|-boost|p2a: Bigender|spa|1\n|-boost|p2a: Bigender|spd|1\n|move|p1a: Slowking|Sludge Bomb|p2a: Bigender\n|-supereffective|p2a: Bigender\n|-damage|p2a: Bigender|0 fnt\n|faint|p2a: Bigender\n|-end|p2a: Bigender|Quark Drive|[silent]\n|\n|upkeep\n|\n|t:|1700573594\n|switch|p2a: Raging Queer|Great Tusk|100\/100\n|turn|13\n|\n|t:|1700573603\n|-terastallize|p2a: Raging Queer|Steel\n|move|p2a: Raging Queer|Bulk Up|p2a: Raging Queer\n|-boost|p2a: Raging Queer|atk|1\n|-boost|p2a: Raging Queer|def|1\n|move|p1a: Slowking|Flamethrower|p2a: Raging Queer\n|-supereffective|p2a: Raging Queer\n|-damage|p2a: Raging Queer|57\/100\n|\n|-end|p2a: Raging Queer|move: Future Sight\n|-resisted|p2a: Raging Queer\n|-damage|p2a: Raging Queer|34\/100\n|upkeep\n|turn|14\n|\n|t:|1700573617\n|move|p2a: Raging Queer|Earthquake|p1a: Slowking\n|-supereffective|p1a: Slowking\n|-damage|p1a: Slowking|0 fnt\n|faint|p1a: Slowking\n|\n|upkeep\n|\n|t:|1700573626\n|switch|p1a: Great Tusk|Great Tusk|100\/100\n|-enditem|p1a: Great Tusk|Booster Energy\n|-activate|p1a: Great Tusk|ability: Protosynthesis|[fromitem]\n|-start|p1a: Great Tusk|protosynthesisspe\n|turn|15\n|\n|t:|1700573637\n|move|p1a: Great Tusk|Earthquake|p2a: Raging Queer\n|-supereffective|p2a: Raging Queer\n|-damage|p2a: Raging Queer|0 fnt\n|faint|p2a: Raging Queer\n|-end|p2a: Raging Queer|Protosynthesis|[silent]\n|\n|upkeep\n|\n|t:|1700573643\n|switch|p2a: Twink|Ribombee, M|100\/100\n|turn|16\n|\n|t:|1700573656\n|move|p1a: Great Tusk|Earthquake|p2a: Twink\n|-resisted|p2a: Twink\n|-damage|p2a: Twink|69\/100\n|move|p2a: Twink|Stun Spore|p1a: Great Tusk|[miss]\n|-miss|p2a: Twink|p1a: Great Tusk\n|\n|upkeep\n|turn|17\n|\n|t:|1700573661\n|move|p1a: Great Tusk|Rapid Spin|p2a: Twink\n|-damage|p2a: Twink|47\/100\n|-boost|p1a: Great Tusk|spe|1\n|move|p2a: Twink|Sticky Web|p1a: Great Tusk\n|-sidestart|p1: Petergriffinonline|move: Sticky Web\n|\n|upkeep\n|turn|18\n|inactive|Petergriffinonline has 120 seconds left.\n|\n|t:|1700573670\n|move|p1a: Great Tusk|Earthquake|p2a: Twink\n|-resisted|p2a: Twink\n|-damage|p2a: Twink|12\/100\n|move|p2a: Twink|Moonblast|p1a: Great Tusk\n|-supereffective|p1a: Great Tusk\n|-damage|p1a: Great Tusk|24\/100\n|-unboost|p1a: Great Tusk|spa|1\n|\n|upkeep\n|turn|19\n|\n|t:|1700573673\n|move|p1a: Great Tusk|Earthquake|p2a: Twink\n|-resisted|p2a: Twink\n|-damage|p2a: Twink|0 fnt\n|faint|p2a: Twink\n|\n|upkeep\n|\n|t:|1700573677\n|switch|p2a: Defender of Trans|Zamazenta, shiny|100\/100\n|-ability|p2a: Defender of Trans|Dauntless Shield|boost\n|-boost|p2a: Defender of Trans|def|1\n|turn|20\n|\n|t:|1700573688\n|move|p1a: Great Tusk|Close Combat|p2a: Defender of Trans\n|-damage|p2a: Defender of Trans|76\/100\n|-unboost|p1a: Great Tusk|def|1\n|-unboost|p1a: Great Tusk|spd|1\n|move|p2a: Defender of Trans|Iron Defense|p2a: Defender of Trans\n|-boost|p2a: Defender of Trans|def|2\n|\n|-heal|p2a: Defender of Trans|82\/100|[from] item: Leftovers\n|upkeep\n|turn|21\n|\n|t:|1700573695\n|move|p1a: Great Tusk|Close Combat|p2a: Defender of Trans\n|-damage|p2a: Defender of Trans|69\/100\n|-unboost|p1a: Great Tusk|def|1\n|-unboost|p1a: Great Tusk|spd|1\n|move|p2a: Defender of Trans|Iron Defense|p2a: Defender of Trans\n|-boost|p2a: Defender of Trans|def|2\n|\n|-heal|p2a: Defender of Trans|75\/100|[from] item: Leftovers\n|upkeep\n|turn|22\n|\n|t:|1700573698\n|move|p1a: Great Tusk|Bulk Up|p1a: Great Tusk\n|-boost|p1a: Great Tusk|atk|1\n|-boost|p1a: Great Tusk|def|1\n|move|p2a: Defender of Trans|Body Press|p1a: Great Tusk\n|-damage|p1a: Great Tusk|0 fnt\n|faint|p1a: Great Tusk\n|-end|p1a: Great Tusk|Protosynthesis|[silent]\n|\n|-heal|p2a: Defender of Trans|81\/100|[from] item: Leftovers\n|upkeep\n|\n|t:|1700573700\n|switch|p1a: Heatran|Heatran, M, tera:Ghost|43\/100\n|-activate|p1a: Heatran|move: Sticky Web\n|-unboost|p1a: Heatran|spe|1\n|turn|23\n|\n|t:|1700573703\n|move|p2a: Defender of Trans|Crunch|p1a: Heatran\n|-supereffective|p1a: Heatran\n|-damage|p1a: Heatran|9\/100\n|-unboost|p1a: Heatran|def|1\n|move|p1a: Heatran|Will-O-Wisp|p2a: Defender of Trans\n|-status|p2a: Defender of Trans|brn\n|\n|-heal|p2a: Defender of Trans|87\/100 brn|[from] item: Leftovers\n|-damage|p2a: Defender of Trans|81\/100 brn|[from] brn\n|upkeep\n|turn|24\n|\n|t:|1700573707\n|move|p2a: Defender of Trans|Crunch|p1a: Heatran\n|-supereffective|p1a: Heatran\n|-damage|p1a: Heatran|0 fnt\n|faint|p1a: Heatran\n|\n|win|Skaraptor2.1\n|raw|Petergriffinonline's rating: 1351 &rarr; <strong>1327<\/strong><br \/>(-24 for losing)\n|raw|Skaraptor2.1's rating: 1285 &rarr; <strong>1315<\/strong><br \/>(+30 for winning)\n|l|\u2606Petergriffinonline\n","uploadtime":1700573714,"views":14,"p1id":"petergriffinonline","p2id":"skaraptor21","formatid":"gen9ou","rating":1315,"private":0,"password":""}