{"id":"gen9ou-1988781089","p1":"ripped guy","p2":"pochaccokun","format":"[Gen 9] OU","log":"|j|\u2606ripped guy\n|j|\u2606pochaccokun\n|t:|1699762300\n|gametype|singles\n|player|p1|ripped guy|marlon|1132\n|player|p2|pochaccokun|caitlin|1131\n|teamsize|p1|6\n|teamsize|p2|6\n|gen|9\n|tier|[Gen 9] OU\n|rated|\n|rule|Sleep Clause Mod: Limit one foe put to sleep\n|rule|Species Clause: Limit one of each Pok\u00e9mon\n|rule|OHKO Clause: OHKO moves are banned\n|rule|Evasion Items Clause: Evasion items are banned\n|rule|Evasion Moves Clause: Evasion moves are banned\n|rule|Endless Battle Clause: Forcing endless battles is banned\n|rule|HP Percentage Mod: HP is shown in percentages\n|clearpoke\n|poke|p1|Samurott-Hisui, M|\n|poke|p1|Slowking-Galar, M|\n|poke|p1|Breloom, F|\n|poke|p1|Iron Treads|\n|poke|p1|Enamorus, F|\n|poke|p1|Heatran, F|\n|poke|p2|Ribombee, F|\n|poke|p2|Gliscor, F|\n|poke|p2|Gholdengo|\n|poke|p2|Garganacl, F|\n|poke|p2|Weavile, M|\n|poke|p2|Kingambit, F|\n|teampreview\n|\n|t:|1699762304\n|start\n|switch|p1a: Heatran|Heatran, F|100\/100\n|switch|p2a: Ribombee|Ribombee, F, shiny|100\/100\n|-item|p1a: Heatran|Air Balloon\n|turn|1\n|inactive|Battle timer is ON: inactive players will automatically lose when time's up. (requested by ripped guy)\n|c|\u2606ripped guy|gg\n|\n|t:|1699762346\n|switch|p2a: Garganacl|Garganacl, F|100\/100\n|move|p1a: Heatran|Flamethrower|p2a: Garganacl\n|-resisted|p2a: Garganacl\n|-damage|p2a: Garganacl|78\/100\n|\n|-heal|p2a: Garganacl|85\/100|[from] item: Leftovers\n|upkeep\n|turn|2\n|\n|t:|1699762358\n|move|p1a: Heatran|Flash Cannon|p2a: Garganacl\n|-supereffective|p2a: Garganacl\n|-damage|p2a: Garganacl|13\/100\n|-unboost|p2a: Garganacl|spd|1\n|move|p2a: Garganacl|Salt Cure|p1a: Heatran\n|-damage|p1a: Heatran|89\/100\n|-start|p1a: Heatran|Salt Cure\n|-enditem|p1a: Heatran|Air Balloon\n|\n|-heal|p2a: Garganacl|19\/100|[from] item: Leftovers\n|-damage|p1a: Heatran|64\/100|[from] Salt Cure\n|upkeep\n|turn|3\n|\n|t:|1699762371\n|switch|p2a: Gliscor|Gliscor, F|100\/100\n|move|p1a: Heatran|Flash Cannon|p2a: Gliscor\n|-damage|p2a: Gliscor|41\/100\n|\n|-damage|p1a: Heatran|39\/100|[from] Salt Cure\n|-status|p2a: Gliscor|tox|[from] item: Toxic Orb\n|upkeep\n|turn|4\n|\n|t:|1699762381\n|move|p2a: Gliscor|Protect|p2a: Gliscor\n|-singleturn|p2a: Gliscor|Protect\n|move|p1a: Heatran|Flash Cannon|p2a: Gliscor\n|-activate|p2a: Gliscor|move: Protect\n|\n|-heal|p2a: Gliscor|54\/100 tox|[from] ability: Poison Heal\n|-damage|p1a: Heatran|14\/100|[from] Salt Cure\n|upkeep\n|turn|5\n|\n|t:|1699762397\n|switch|p1a: Samurott|Samurott-Hisui, M|100\/100\n|move|p2a: Gliscor|Spikes|p1a: Samurott\n|-sidestart|p1: ripped guy|Spikes\n|\n|-heal|p2a: Gliscor|66\/100 tox|[from] ability: Poison Heal\n|upkeep\n|turn|6\n|\n|t:|1699762411\n|switch|p2a: Ribombee|Ribombee, F, shiny|100\/100\n|move|p1a: Samurott|Razor Shell|p2a: Ribombee\n|-damage|p2a: Ribombee|7\/100\n|\n|upkeep\n|turn|7\n|inactive|pochaccokun has 120 seconds left.\n|\n|t:|1699762439\n|move|p1a: Samurott|Aqua Jet|p2a: Ribombee\n|-damage|p2a: Ribombee|0 fnt\n|faint|p2a: Ribombee\n|\n|upkeep\n|inactive|pochaccokun has 120 seconds left.\n|\n|t:|1699762462\n|switch|p2a: Gliscor|Gliscor, F|66\/100 tox\n|turn|8\n|\n|t:|1699762477\n|-terastallize|p2a: Gliscor|Water\n|move|p1a: Samurott|Aqua Jet|p2a: Gliscor\n|-resisted|p2a: Gliscor\n|-crit|p2a: Gliscor\n|-damage|p2a: Gliscor|58\/100 tox\n|move|p2a: Gliscor|Toxic|p1a: Samurott\n|-status|p1a: Samurott|tox\n|\n|-damage|p1a: Samurott|94\/100 tox|[from] psn\n|-heal|p2a: Gliscor|71\/100 tox|[from] ability: Poison Heal\n|upkeep\n|turn|9\n|\n|t:|1699762489\n|move|p1a: Samurott|Ceaseless Edge|p2a: Gliscor|[miss]\n|-miss|p1a: Samurott|p2a: Gliscor\n|move|p2a: Gliscor|Earthquake|p1a: Samurott\n|-damage|p1a: Samurott|54\/100 tox\n|\n|-damage|p1a: Samurott|41\/100 tox|[from] psn\n|-heal|p2a: Gliscor|83\/100 tox|[from] ability: Poison Heal\n|upkeep\n|turn|10\n|\n|t:|1699762505\n|move|p2a: Gliscor|Protect|p2a: Gliscor\n|-singleturn|p2a: Gliscor|Protect\n|move|p1a: Samurott|Ceaseless Edge|p2a: Gliscor\n|-activate|p2a: Gliscor|move: Protect\n|\n|-damage|p1a: Samurott|23\/100 tox|[from] psn\n|-heal|p2a: Gliscor|96\/100 tox|[from] ability: Poison Heal\n|upkeep\n|turn|11\n|\n|t:|1699762515\n|move|p1a: Samurott|Ceaseless Edge|p2a: Gliscor\n|-damage|p2a: Gliscor|67\/100 tox\n|-sidestart|p2: pochaccokun|Spikes\n|move|p2a: Gliscor|Spikes|p1a: Samurott\n|-sidestart|p1: ripped guy|Spikes\n|\n|-damage|p1a: Samurott|0 fnt|[from] psn\n|faint|p1a: Samurott\n|-heal|p2a: Gliscor|79\/100 tox|[from] ability: Poison Heal\n|upkeep\n|\n|t:|1699762528\n|switch|p1a: Iron Treads|Iron Treads|100\/100\n|-damage|p1a: Iron Treads|84\/100|[from] Spikes\n|-enditem|p1a: Iron Treads|Booster Energy\n|-activate|p1a: Iron Treads|ability: Quark Drive|[fromitem]\n|-start|p1a: Iron Treads|quarkdriveatk\n|turn|12\n|\n|t:|1699762536\n|move|p1a: Iron Treads|Rapid Spin|p2a: Gliscor\n|-damage|p2a: Gliscor|66\/100 tox\n|-boost|p1a: Iron Treads|spe|1\n|-sideend|p1: ripped guy|Spikes|[from] move: Rapid Spin|[of] p1a: Iron Treads\n|move|p2a: Gliscor|Earthquake|p1a: Iron Treads\n|-supereffective|p1a: Iron Treads\n|-damage|p1a: Iron Treads|26\/100\n|\n|-heal|p2a: Gliscor|79\/100 tox|[from] ability: Poison Heal\n|upkeep\n|turn|13\n|inactive|pochaccokun has 120 seconds left.\n|\n|t:|1699762550\n|move|p1a: Iron Treads|Earthquake|p2a: Gliscor\n|-damage|p2a: Gliscor|40\/100 tox\n|move|p2a: Gliscor|Earthquake|p1a: Iron Treads\n|-supereffective|p1a: Iron Treads\n|-damage|p1a: Iron Treads|0 fnt\n|faint|p1a: Iron Treads\n|-end|p1a: Iron Treads|Quark Drive|[silent]\n|\n|-heal|p2a: Gliscor|52\/100 tox|[from] ability: Poison Heal\n|upkeep\n|\n|t:|1699762560\n|switch|p1a: Breloom|Breloom, F|100\/100\n|turn|14\n|inactive|pochaccokun has 120 seconds left.\n|\n|t:|1699762576\n|move|p2a: Gliscor|Protect|p2a: Gliscor\n|-singleturn|p2a: Gliscor|Protect\n|move|p1a: Breloom|Rock Tomb|p2a: Gliscor\n|-activate|p2a: Gliscor|move: Protect\n|\n|-heal|p2a: Gliscor|65\/100 tox|[from] ability: Poison Heal\n|upkeep\n|turn|15\n|inactive|pochaccokun has 120 seconds left.\n|\n|t:|1699762594\n|switch|p2a: Garganacl|Garganacl, F|19\/100\n|-damage|p2a: Garganacl|7\/100|[from] Spikes\n|move|p1a: Breloom|Rock Tomb|p2a: Garganacl\n|-damage|p2a: Garganacl|0 fnt\n|faint|p2a: Garganacl\n|\n|upkeep\n|\n|t:|1699762616\n|switch|p2a: Gholdengo|Gholdengo|100\/100\n|-damage|p2a: Gholdengo|88\/100|[from] Spikes\n|turn|16\n|\n|t:|1699762627\n|switch|p1a: Heatran|Heatran, F|14\/100\n|move|p2a: Gholdengo|Nasty Plot|p2a: Gholdengo\n|-boost|p2a: Gholdengo|spa|2\n|\n|upkeep\n|turn|17\n|\n|t:|1699762638\n|move|p2a: Gholdengo|Shadow Ball|p1a: Heatran\n|-damage|p1a: Heatran|0 fnt\n|faint|p1a: Heatran\n|\n|upkeep\n|\n|t:|1699762642\n|switch|p1a: Enamorus|Enamorus, F|100\/100\n|turn|18\n|inactive|pochaccokun has 90 seconds left.\n|\n|t:|1699762677\n|move|p1a: Enamorus|Earth Power|p2a: Gholdengo\n|-supereffective|p2a: Gholdengo\n|-damage|p2a: Gholdengo|0 fnt\n|faint|p2a: Gholdengo\n|-damage|p1a: Enamorus|91\/100|[from] item: Life Orb\n|\n|upkeep\n|inactive|pochaccokun has 90 seconds left.\n|\n|t:|1699762686\n|switch|p2a: Gliscor|Gliscor, F, tera:Water|65\/100 tox\n|-damage|p2a: Gliscor|52\/100 tox|[from] Spikes\n|turn|19\n|\n|t:|1699762696\n|move|p1a: Enamorus|Moonblast|p2a: Gliscor\n|-damage|p2a: Gliscor|0 fnt\n|faint|p2a: Gliscor\n|-damage|p1a: Enamorus|81\/100|[from] item: Life Orb\n|\n|upkeep\n|inactive|pochaccokun has 90 seconds left.\n|\n|t:|1699762711\n|switch|p2a: Papaya|Weavile, M, shiny|100\/100\n|-ability|p2a: Papaya|Pressure\n|turn|20\n|inactive|pochaccokun has 90 seconds left.\n|\n|t:|1699762719\n|-terastallize|p1a: Enamorus|Fairy\n|move|p2a: Papaya|Icicle Crash|p1a: Enamorus\n|-damage|p1a: Enamorus|12\/100\n|cant|p1a: Enamorus|flinch\n|\n|upkeep\n|turn|21\n|c|\u2606ripped guy|bruh\n|inactive|pochaccokun has 90 seconds left.\n|\n|t:|1699762736\n|move|p2a: Papaya|Knock Off|p1a: Enamorus\n|-resisted|p1a: Enamorus\n|-damage|p1a: Enamorus|0 fnt\n|-enditem|p1a: Enamorus|Life Orb|[from] move: Knock Off|[of] p2a: Papaya\n|faint|p1a: Enamorus\n|\n|upkeep\n|\n|t:|1699762742\n|switch|p1a: Breloom|Breloom, F|100\/100\n|turn|22\n|\n|t:|1699762750\n|switch|p1a: Slowking|Slowking-Galar, M|100\/100\n|move|p2a: Papaya|Ice Shard|p1a: Slowking\n|-damage|p1a: Slowking|79\/100\n|\n|-heal|p1a: Slowking|85\/100|[from] item: Black Sludge\n|upkeep\n|turn|23\n|\n|t:|1699762761\n|move|p2a: Papaya|Swords Dance|p2a: Papaya\n|-boost|p2a: Papaya|atk|2\n|move|p1a: Slowking|Sludge Bomb|p2a: Papaya\n|-damage|p2a: Papaya|37\/100\n|\n|-heal|p1a: Slowking|91\/100|[from] item: Black Sludge\n|upkeep\n|turn|24\n|\n|t:|1699762768\n|move|p2a: Papaya|Knock Off|p1a: Slowking\n|-supereffective|p1a: Slowking\n|-damage|p1a: Slowking|0 fnt\n|-enditem|p1a: Slowking|Black Sludge|[from] move: Knock Off|[of] p2a: Papaya\n|faint|p1a: Slowking\n|\n|upkeep\n|\n|t:|1699762774\n|switch|p1a: Breloom|Breloom, F|100\/100\n|turn|25\n|inactive|pochaccokun has 120 seconds left.\n|c|\u2606ripped guy|gg\n|\n|t:|1699762795\n|move|p2a: Papaya|Ice Shard|p1a: Breloom\n|-supereffective|p1a: Breloom\n|-damage|p1a: Breloom|0 fnt\n|faint|p1a: Breloom\n|\n|win|pochaccokun\n|raw|ripped guy's rating: 1132 &rarr; <strong>1107<\/strong><br \/>(-25 for losing)\n|raw|pochaccokun's rating: 1131 &rarr; <strong>1156<\/strong><br \/>(+25 for winning)\n|c|\u2606ripped guy|I could have been real close\n|l|\u2606ripped guy\n|c|\u2606pochaccokun|gg\n","uploadtime":1699762882,"views":9,"p1id":"rippedguy","p2id":"pochaccokun","formatid":"gen9ou","rating":1107,"private":0,"password":""}