{"id":"gen9ou-1997114073","p1":"Xincor","p2":"h4v0ckn1ght","format":"[Gen 9] OU","log":"|j|\u2606Xincor\n|j|\u2606h4v0ckn1ght\n|t:|1700765903\n|gametype|singles\n|player|p1|Xincor|marley|1316\n|player|p2|h4v0ckn1ght|rosa|1359\n|teamsize|p1|6\n|teamsize|p2|6\n|gen|9\n|tier|[Gen 9] OU\n|rated|\n|rule|Sleep Clause Mod: Limit one foe put to sleep\n|rule|Species Clause: Limit one of each Pok\u00e9mon\n|rule|OHKO Clause: OHKO moves are banned\n|rule|Evasion Items Clause: Evasion items are banned\n|rule|Evasion Moves Clause: Evasion moves are banned\n|rule|Endless Battle Clause: Forcing endless battles is banned\n|rule|HP Percentage Mod: HP is shown in percentages\n|clearpoke\n|poke|p1|Kingambit, F|\n|poke|p1|Gholdengo|\n|poke|p1|Samurott-Hisui, F|\n|poke|p1|Landorus-Therian, M|\n|poke|p1|Iron Valiant|\n|poke|p1|Corviknight, F|\n|poke|p2|Cinderace, F|\n|poke|p2|Great Tusk|\n|poke|p2|Samurott-Hisui, M|\n|poke|p2|Rillaboom, F|\n|poke|p2|Gholdengo|\n|poke|p2|Iron Valiant|\n|teampreview\n|inactive|Battle timer is ON: inactive players will automatically lose when time's up. (requested by h4v0ckn1ght)\n|\n|t:|1700765930\n|start\n|switch|p1a: Samurott|Samurott-Hisui, F|100\/100\n|switch|p2a: Samurott|Samurott-Hisui, M|100\/100\n|turn|1\n|\n|t:|1700765944\n|switch|p2a: Great Tusk|Great Tusk|100\/100\n|move|p1a: Samurott|Sacred Sword|p2a: Great Tusk\n|-damage|p2a: Great Tusk|79\/100\n|\n|-heal|p2a: Great Tusk|85\/100|[from] item: Leftovers\n|upkeep\n|turn|2\n|\n|t:|1700765951\n|switch|p1a: Corviknight|Corviknight, F|100\/100\n|-ability|p1a: Corviknight|Pressure\n|move|p2a: Great Tusk|Rapid Spin|p1a: Corviknight\n|-resisted|p1a: Corviknight\n|-damage|p1a: Corviknight|96\/100\n|-boost|p2a: Great Tusk|spe|1\n|\n|-heal|p2a: Great Tusk|92\/100|[from] item: Leftovers\n|-heal|p1a: Corviknight|100\/100|[from] item: Leftovers\n|upkeep\n|turn|3\n|\n|t:|1700765954\n|-end|p2a: Great Tusk|Protosynthesis|[silent]\n|switch|p2a: Cinderace|Cinderace, F|100\/100\n|move|p1a: Corviknight|Brave Bird|p2a: Cinderace\n|-damage|p2a: Cinderace|53\/100\n|-damage|p1a: Corviknight|86\/100|[from] Recoil\n|\n|-heal|p1a: Corviknight|93\/100|[from] item: Leftovers\n|upkeep\n|turn|4\n|\n|t:|1700765961\n|switch|p1a: Landorus|Landorus-Therian, M|100\/100\n|-ability|p1a: Landorus|Intimidate|boost\n|-unboost|p2a: Cinderace|atk|1\n|move|p2a: Cinderace|Will-O-Wisp|p1a: Landorus\n|-status|p1a: Landorus|brn\n|\n|-damage|p1a: Landorus|95\/100 brn|[from] brn\n|upkeep\n|turn|5\n|\n|t:|1700765969\n|move|p2a: Cinderace|U-turn|p1a: Landorus\n|-resisted|p1a: Landorus\n|-damage|p1a: Landorus|88\/100 brn\n|\n|t:|1700765975\n|switch|p2a: Great Tusk|Great Tusk|92\/100|[from] U-turn\n|move|p1a: Landorus|Earthquake|p2a: Great Tusk\n|-damage|p2a: Great Tusk|76\/100\n|\n|-heal|p1a: Landorus|94\/100 brn|[from] item: Leftovers\n|-heal|p2a: Great Tusk|82\/100|[from] item: Leftovers\n|-damage|p1a: Landorus|88\/100 brn|[from] brn\n|upkeep\n|turn|6\n|\n|t:|1700765980\n|move|p1a: Landorus|Taunt|p2a: Great Tusk\n|-start|p2a: Great Tusk|move: Taunt\n|cant|p2a: Great Tusk|move: Taunt|Bulk Up\n|\n|-heal|p1a: Landorus|94\/100 brn|[from] item: Leftovers\n|-heal|p2a: Great Tusk|89\/100|[from] item: Leftovers\n|-damage|p1a: Landorus|88\/100 brn|[from] brn\n|upkeep\n|turn|7\n|\n|t:|1700765985\n|move|p1a: Landorus|U-turn|p2a: Great Tusk\n|-resisted|p2a: Great Tusk\n|-damage|p2a: Great Tusk|85\/100\n|\n|t:|1700765995\n|switch|p1a: Iron Valiant|Iron Valiant|100\/100|[from] U-turn\n|move|p2a: Great Tusk|Ice Spinner|p1a: Iron Valiant\n|-damage|p1a: Iron Valiant|72\/100\n|\n|-heal|p2a: Great Tusk|92\/100|[from] item: Leftovers\n|upkeep\n|turn|8\n|\n|t:|1700766002\n|-end|p2a: Great Tusk|Protosynthesis|[silent]\n|switch|p2a: Gholdengo|Gholdengo|100\/100\n|-item|p2a: Gholdengo|Air Balloon\n|move|p1a: Iron Valiant|Knock Off|p2a: Gholdengo\n|-supereffective|p2a: Gholdengo\n|-damage|p2a: Gholdengo|54\/100\n|-enditem|p2a: Gholdengo|Air Balloon\n|\n|upkeep\n|turn|9\n|\n|t:|1700766015\n|-end|p1a: Iron Valiant|Quark Drive|[silent]\n|switch|p1a: Samurott|Samurott-Hisui, F|100\/100\n|move|p2a: Gholdengo|Recover|p2a: Gholdengo\n|-heal|p2a: Gholdengo|100\/100\n|\n|upkeep\n|turn|10\n|\n|t:|1700766023\n|switch|p2a: Rillaboom|Rillaboom, F|100\/100\n|-fieldstart|move: Grassy Terrain|[from] ability: Grassy Surge|[of] p2a: Rillaboom\n|move|p1a: Samurott|Flip Turn|p2a: Rillaboom\n|-resisted|p2a: Rillaboom\n|-damage|p2a: Rillaboom|86\/100\n|\n|t:|1700766028\n|switch|p1a: Corviknight|Corviknight, F|93\/100|[from] Flip Turn\n|-ability|p1a: Corviknight|Pressure\n|\n|-heal|p2a: Rillaboom|92\/100|[from] Grassy Terrain\n|-heal|p1a: Corviknight|99\/100|[from] item: Leftovers\n|upkeep\n|turn|11\n|\n|t:|1700766035\n|switch|p2a: Cinderace|Cinderace, F|53\/100\n|move|p1a: Corviknight|Brave Bird|p2a: Cinderace\n|-damage|p2a: Cinderace|8\/100\n|-damage|p1a: Corviknight|86\/100|[from] Recoil\n|\n|-heal|p2a: Cinderace|14\/100|[from] Grassy Terrain\n|-heal|p1a: Corviknight|92\/100|[from] item: Leftovers\n|upkeep\n|turn|12\n|\n|t:|1700766043\n|switch|p1a: Landorus|Landorus-Therian, M|88\/100 brn\n|-ability|p1a: Landorus|Intimidate|boost\n|-unboost|p2a: Cinderace|atk|1\n|move|p2a: Cinderace|Pyro Ball|p1a: Landorus\n|-damage|p1a: Landorus|34\/100 brn\n|\n|-heal|p2a: Cinderace|20\/100|[from] Grassy Terrain\n|-heal|p1a: Landorus|40\/100 brn|[from] item: Leftovers\n|-damage|p1a: Landorus|34\/100 brn|[from] brn\n|upkeep\n|turn|13\n|\n|t:|1700766054\n|switch|p1a: Samurott|Samurott-Hisui, F|100\/100\n|move|p2a: Cinderace|Pyro Ball|p1a: Samurott\n|-resisted|p1a: Samurott\n|-damage|p1a: Samurott|68\/100\n|\n|-heal|p1a: Samurott|74\/100|[from] Grassy Terrain\n|-heal|p2a: Cinderace|27\/100|[from] Grassy Terrain\n|upkeep\n|turn|14\n|\n|t:|1700766058\n|move|p1a: Samurott|Ceaseless Edge|p2a: Cinderace\n|-damage|p2a: Cinderace|0 fnt\n|-sidestart|p2: h4v0ckn1ght|Spikes\n|faint|p2a: Cinderace\n|\n|-heal|p1a: Samurott|80\/100|[from] Grassy Terrain\n|-fieldend|move: Grassy Terrain\n|upkeep\n|\n|t:|1700766061\n|switch|p2a: Great Tusk|Great Tusk|92\/100\n|-damage|p2a: Great Tusk|79\/100|[from] Spikes\n|turn|15\n|\n|t:|1700766066\n|switch|p1a: Iron Valiant|Iron Valiant|72\/100\n|move|p2a: Great Tusk|Bulk Up|p2a: Great Tusk\n|-boost|p2a: Great Tusk|atk|1\n|-boost|p2a: Great Tusk|def|1\n|\n|-heal|p2a: Great Tusk|85\/100|[from] item: Leftovers\n|upkeep\n|turn|16\n|\n|t:|1700766073\n|-terastallize|p2a: Great Tusk|Poison\n|move|p1a: Iron Valiant|Encore|p2a: Great Tusk\n|-start|p2a: Great Tusk|Encore\n|move|p2a: Great Tusk|Bulk Up|p2a: Great Tusk\n|-boost|p2a: Great Tusk|atk|1\n|-boost|p2a: Great Tusk|def|1\n|\n|-heal|p2a: Great Tusk|92\/100|[from] item: Leftovers\n|upkeep\n|turn|17\n|\n|t:|1700766080\n|-end|p2a: Great Tusk|Protosynthesis|[silent]\n|switch|p2a: Gholdengo|Gholdengo|100\/100\n|-damage|p2a: Gholdengo|88\/100|[from] Spikes\n|move|p1a: Iron Valiant|Knock Off|p2a: Gholdengo\n|-supereffective|p2a: Gholdengo\n|-damage|p2a: Gholdengo|58\/100\n|\n|upkeep\n|turn|18\n|\n|t:|1700766087\n|-end|p1a: Iron Valiant|Quark Drive|[silent]\n|switch|p1a: Samurott|Samurott-Hisui, F|80\/100\n|move|p2a: Gholdengo|Recover|p2a: Gholdengo\n|-heal|p2a: Gholdengo|100\/100\n|\n|upkeep\n|turn|19\n|\n|t:|1700766092\n|switch|p2a: Rillaboom|Rillaboom, F|92\/100\n|-damage|p2a: Rillaboom|80\/100|[from] Spikes\n|-fieldstart|move: Grassy Terrain|[from] ability: Grassy Surge|[of] p2a: Rillaboom\n|move|p1a: Samurott|Ceaseless Edge|p2a: Rillaboom\n|-damage|p2a: Rillaboom|34\/100\n|-sidestart|p2: h4v0ckn1ght|Spikes\n|\n|-heal|p1a: Samurott|86\/100|[from] Grassy Terrain\n|-heal|p2a: Rillaboom|40\/100|[from] Grassy Terrain\n|upkeep\n|turn|20\n|\n|t:|1700766101\n|switch|p1a: Corviknight|Corviknight, F|92\/100\n|-ability|p1a: Corviknight|Pressure\n|move|p2a: Rillaboom|U-turn|p1a: Corviknight\n|-resisted|p1a: Corviknight\n|-damage|p1a: Corviknight|86\/100\n|\n|t:|1700766106\n|switch|p2a: Gholdengo|Gholdengo|100\/100|[from] U-turn\n|-damage|p2a: Gholdengo|84\/100|[from] Spikes\n|\n|-heal|p2a: Gholdengo|90\/100|[from] Grassy Terrain\n|-heal|p1a: Corviknight|93\/100|[from] item: Leftovers\n|upkeep\n|turn|21\n|\n|t:|1700766114\n|move|p2a: Gholdengo|Nasty Plot|p2a: Gholdengo\n|-boost|p2a: Gholdengo|spa|2\n|move|p1a: Corviknight|U-turn|p2a: Gholdengo\n|-resisted|p2a: Gholdengo\n|-damage|p2a: Gholdengo|87\/100\n|\n|t:|1700766120\n|switch|p1a: Samurott|Samurott-Hisui, F|86\/100|[from] U-turn\n|\n|-heal|p1a: Samurott|93\/100|[from] Grassy Terrain\n|-heal|p2a: Gholdengo|93\/100|[from] Grassy Terrain\n|upkeep\n|turn|22\n|\n|t:|1700766125\n|move|p1a: Samurott|Ceaseless Edge|p2a: Gholdengo\n|-supereffective|p2a: Gholdengo\n|-damage|p2a: Gholdengo|28\/100\n|-sidestart|p2: h4v0ckn1ght|Spikes\n|move|p2a: Gholdengo|Make It Rain|p1a: Samurott\n|-resisted|p1a: Samurott\n|-damage|p1a: Samurott|20\/100\n|-unboost|p2a: Gholdengo|spa|1\n|\n|-heal|p1a: Samurott|26\/100|[from] Grassy Terrain\n|-heal|p2a: Gholdengo|34\/100|[from] Grassy Terrain\n|upkeep\n|turn|23\n|\n|t:|1700766133\n|switch|p2a: Great Tusk|Great Tusk, tera:Poison|92\/100\n|-damage|p2a: Great Tusk|67\/100|[from] Spikes\n|move|p1a: Samurott|Ceaseless Edge|p2a: Great Tusk\n|-damage|p2a: Great Tusk|44\/100\n|\n|-heal|p1a: Samurott|32\/100|[from] Grassy Terrain\n|-heal|p2a: Great Tusk|50\/100|[from] Grassy Terrain\n|-heal|p2a: Great Tusk|57\/100|[from] item: Leftovers\n|-fieldend|move: Grassy Terrain\n|upkeep\n|turn|24\n|\n|t:|1700766139\n|switch|p1a: Iron Valiant|Iron Valiant|72\/100\n|move|p2a: Great Tusk|Earthquake|p1a: Iron Valiant\n|-damage|p1a: Iron Valiant|12\/100\n|\n|-heal|p2a: Great Tusk|63\/100|[from] item: Leftovers\n|upkeep\n|turn|25\n|\n|t:|1700766147\n|move|p1a: Iron Valiant|Knock Off|p2a: Great Tusk\n|-damage|p2a: Great Tusk|46\/100\n|-enditem|p2a: Great Tusk|Leftovers|[from] move: Knock Off|[of] p1a: Iron Valiant\n|move|p2a: Great Tusk|Rapid Spin|p1a: Iron Valiant\n|-damage|p1a: Iron Valiant|0 fnt\n|-boost|p2a: Great Tusk|spe|1\n|-sideend|p2: h4v0ckn1ght|Spikes|[from] move: Rapid Spin|[of] p2a: Great Tusk\n|faint|p1a: Iron Valiant\n|-end|p1a: Iron Valiant|Quark Drive|[silent]\n|\n|upkeep\n|inactive|Xincor has 120 seconds left.\n|\n|t:|1700766178\n|switch|p1a: Gholdengo|Gholdengo|100\/100\n|turn|26\n|\n|t:|1700766189\n|-terastallize|p1a: Gholdengo|Flying\n|move|p2a: Great Tusk|Earthquake|p1a: Gholdengo\n|-immune|p1a: Gholdengo\n|move|p1a: Gholdengo|Make It Rain|p2a: Great Tusk\n|-damage|p2a: Great Tusk|0 fnt\n|-unboost|p1a: Gholdengo|spa|1\n|faint|p2a: Great Tusk\n|-end|p2a: Great Tusk|Protosynthesis|[silent]\n|\n|upkeep\n|\n|t:|1700766191\n|switch|p2a: Samurott|Samurott-Hisui, M|100\/100\n|turn|27\n|\n|t:|1700766202\n|switch|p1a: Corviknight|Corviknight, F|93\/100\n|-ability|p1a: Corviknight|Pressure\n|move|p2a: Samurott|Ceaseless Edge|p1a: Corviknight\n|-damage|p1a: Corviknight|63\/100\n|-sidestart|p1: Xincor|Spikes\n|\n|-heal|p1a: Corviknight|69\/100|[from] item: Leftovers\n|upkeep\n|turn|28\n|\n|t:|1700766208\n|switch|p2a: Gholdengo|Gholdengo|34\/100\n|move|p1a: Corviknight|Roost|p1a: Corviknight\n|-heal|p1a: Corviknight|100\/100\n|-singleturn|p1a: Corviknight|move: Roost\n|\n|upkeep\n|turn|29\n|\n|t:|1700766212\n|move|p2a: Gholdengo|Recover|p2a: Gholdengo\n|-heal|p2a: Gholdengo|84\/100\n|move|p1a: Corviknight|U-turn|p2a: Gholdengo\n|-resisted|p2a: Gholdengo\n|-damage|p2a: Gholdengo|81\/100\n|\n|t:|1700766216\n|switch|p1a: Gholdengo|Gholdengo, tera:Flying|100\/100|[from] U-turn\n|\n|upkeep\n|turn|30\n|\n|t:|1700766223\n|switch|p2a: Samurott|Samurott-Hisui, M|100\/100\n|move|p1a: Gholdengo|Shadow Ball|p2a: Samurott\n|-resisted|p2a: Samurott\n|-damage|p2a: Samurott|77\/100\n|-unboost|p2a: Samurott|spd|1\n|\n|upkeep\n|turn|31\n|\n|t:|1700766226\n|move|p2a: Samurott|Ceaseless Edge|p1a: Gholdengo\n|-damage|p1a: Gholdengo|41\/100\n|-sidestart|p1: Xincor|Spikes\n|move|p1a: Gholdengo|Focus Blast|p2a: Samurott|[miss]\n|-miss|p1a: Gholdengo|p2a: Samurott\n|\n|-heal|p1a: Gholdengo|47\/100|[from] item: Leftovers\n|upkeep\n|turn|32\n|\n|t:|1700766232\n|switch|p1a: Corviknight|Corviknight, F|100\/100\n|-ability|p1a: Corviknight|Pressure\n|move|p2a: Samurott|Ceaseless Edge|p1a: Corviknight\n|-damage|p1a: Corviknight|69\/100\n|-sidestart|p1: Xincor|Spikes\n|\n|-heal|p1a: Corviknight|75\/100|[from] item: Leftovers\n|upkeep\n|turn|33\n|\n|t:|1700766236\n|switch|p2a: Gholdengo|Gholdengo|81\/100\n|move|p1a: Corviknight|Defog|p2a: Gholdengo\n|-immune|p2a: Gholdengo|[from] ability: Good as Gold\n|\n|-heal|p1a: Corviknight|81\/100|[from] item: Leftovers\n|upkeep\n|turn|34\n|\n|t:|1700766241\n|move|p2a: Gholdengo|Make It Rain|p1a: Corviknight\n|-resisted|p1a: Corviknight\n|-damage|p1a: Corviknight|56\/100\n|-unboost|p2a: Gholdengo|spa|1\n|move|p1a: Corviknight|U-turn|p2a: Gholdengo\n|-resisted|p2a: Gholdengo\n|-damage|p2a: Gholdengo|79\/100\n|\n|t:|1700766248\n|switch|p1a: Gholdengo|Gholdengo, tera:Flying|47\/100|[from] U-turn\n|\n|-heal|p1a: Gholdengo|54\/100|[from] item: Leftovers\n|upkeep\n|turn|35\n|\n|t:|1700766251\n|switch|p2a: Samurott|Samurott-Hisui, M|77\/100\n|move|p1a: Gholdengo|Shadow Ball|p2a: Samurott\n|-resisted|p2a: Samurott\n|-damage|p2a: Samurott|53\/100\n|\n|-heal|p1a: Gholdengo|60\/100|[from] item: Leftovers\n|upkeep\n|turn|36\n|\n|t:|1700766258\n|move|p2a: Samurott|Aqua Cutter|p1a: Gholdengo\n|-damage|p1a: Gholdengo|0 fnt\n|faint|p1a: Gholdengo\n|\n|upkeep\n|\n|t:|1700766265\n|switch|p1a: Corviknight|Corviknight, F|56\/100\n|-ability|p1a: Corviknight|Pressure\n|turn|37\n|\n|t:|1700766269\n|switch|p2a: Gholdengo|Gholdengo|79\/100\n|move|p1a: Corviknight|Roost|p1a: Corviknight\n|-heal|p1a: Corviknight|100\/100\n|-singleturn|p1a: Corviknight|move: Roost\n|\n|upkeep\n|turn|38\n|\n|t:|1700766273\n|move|p2a: Gholdengo|Nasty Plot|p2a: Gholdengo\n|-boost|p2a: Gholdengo|spa|2\n|move|p1a: Corviknight|Brave Bird|p2a: Gholdengo\n|-resisted|p2a: Gholdengo\n|-damage|p2a: Gholdengo|65\/100\n|-damage|p1a: Corviknight|96\/100|[from] Recoil\n|\n|-heal|p1a: Corviknight|100\/100|[from] item: Leftovers\n|upkeep\n|turn|39\n|\n|t:|1700766275\n|move|p2a: Gholdengo|Recover|p2a: Gholdengo\n|-heal|p2a: Gholdengo|100\/100\n|move|p1a: Corviknight|U-turn|p2a: Gholdengo\n|-resisted|p2a: Gholdengo\n|-damage|p2a: Gholdengo|98\/100\n|\n|t:|1700766281\n|switch|p1a: Samurott|Samurott-Hisui, F|32\/100|[from] U-turn\n|-damage|p1a: Samurott|7\/100|[from] Spikes\n|\n|upkeep\n|turn|40\n|\n|t:|1700766284\n|move|p1a: Samurott|Ceaseless Edge|p2a: Gholdengo|[miss]\n|-miss|p1a: Samurott|p2a: Gholdengo\n|move|p2a: Gholdengo|Shadow Ball|p1a: Samurott\n|-resisted|p1a: Samurott\n|-damage|p1a: Samurott|0 fnt\n|faint|p1a: Samurott\n|\n|upkeep\n|\n|t:|1700766290\n|switch|p1a: Landorus|Landorus-Therian, M|34\/100 brn\n|-ability|p1a: Landorus|Intimidate|boost\n|-unboost|p2a: Gholdengo|atk|1\n|turn|41\n|\n|t:|1700766292\n|move|p1a: Landorus|Earthquake|p2a: Gholdengo\n|-supereffective|p2a: Gholdengo\n|-damage|p2a: Gholdengo|55\/100\n|move|p2a: Gholdengo|Nasty Plot|p2a: Gholdengo\n|-boost|p2a: Gholdengo|spa|2\n|\n|-heal|p1a: Landorus|40\/100 brn|[from] item: Leftovers\n|-damage|p1a: Landorus|34\/100 brn|[from] brn\n|upkeep\n|turn|42\n|\n|t:|1700766297\n|move|p1a: Landorus|Earthquake|p2a: Gholdengo\n|-supereffective|p2a: Gholdengo\n|-damage|p2a: Gholdengo|16\/100\n|move|p2a: Gholdengo|Recover|p2a: Gholdengo\n|-heal|p2a: Gholdengo|66\/100\n|\n|-heal|p1a: Landorus|40\/100 brn|[from] item: Leftovers\n|-damage|p1a: Landorus|34\/100 brn|[from] brn\n|upkeep\n|turn|43\n|\n|t:|1700766300\n|move|p1a: Landorus|Stealth Rock|p2a: Gholdengo\n|-sidestart|p2: h4v0ckn1ght|move: Stealth Rock\n|move|p2a: Gholdengo|Recover|p2a: Gholdengo\n|-heal|p2a: Gholdengo|100\/100\n|\n|-heal|p1a: Landorus|40\/100 brn|[from] item: Leftovers\n|-damage|p1a: Landorus|34\/100 brn|[from] brn\n|upkeep\n|turn|44\n|\n|t:|1700766304\n|move|p1a: Landorus|Earthquake|p2a: Gholdengo\n|-supereffective|p2a: Gholdengo\n|-damage|p2a: Gholdengo|57\/100\n|move|p2a: Gholdengo|Shadow Ball|p1a: Landorus\n|-damage|p1a: Landorus|0 fnt\n|faint|p1a: Landorus\n|\n|upkeep\n|\n|t:|1700766310\n|switch|p1a: Kingambit|Kingambit, F|100\/100\n|-damage|p1a: Kingambit|75\/100|[from] Spikes\n|-activate|p1a: Kingambit|ability: Supreme Overlord\n|-start|p1a: Kingambit|fallen4|[silent]\n|turn|45\n|\n|t:|1700766316\n|move|p2a: Gholdengo|Recover|p2a: Gholdengo\n|-heal|p2a: Gholdengo|100\/100\n|move|p1a: Kingambit|Swords Dance|p1a: Kingambit\n|-boost|p1a: Kingambit|atk|2\n|\n|-heal|p1a: Kingambit|82\/100|[from] item: Leftovers\n|upkeep\n|turn|46\n|\n|t:|1700766323\n|move|p1a: Kingambit|Sucker Punch||[still]\n|-fail|p1a: Kingambit\n|move|p2a: Gholdengo|Nasty Plot|p2a: Gholdengo\n|-boost|p2a: Gholdengo|spa|2\n|\n|-heal|p1a: Kingambit|88\/100|[from] item: Leftovers\n|upkeep\n|turn|47\n|\n|t:|1700766327\n|move|p1a: Kingambit|Sucker Punch||[still]\n|-fail|p1a: Kingambit\n|move|p2a: Gholdengo|Nasty Plot|p2a: Gholdengo\n|-boost|p2a: Gholdengo|spa|0\n|\n|-heal|p1a: Kingambit|94\/100|[from] item: Leftovers\n|upkeep\n|turn|48\n|\n|t:|1700766331\n|move|p1a: Kingambit|Sucker Punch|p2a: Gholdengo\n|-supereffective|p2a: Gholdengo\n|-damage|p2a: Gholdengo|0 fnt\n|faint|p2a: Gholdengo\n|\n|-heal|p1a: Kingambit|99\/100|[from] item: Leftovers\n|upkeep\n|\n|t:|1700766336\n|switch|p2a: Iron Valiant|Iron Valiant|100\/100\n|-damage|p2a: Iron Valiant|94\/100|[from] Stealth Rock\n|-enditem|p2a: Iron Valiant|Booster Energy\n|-activate|p2a: Iron Valiant|ability: Quark Drive|[fromitem]\n|-start|p2a: Iron Valiant|quarkdrivespe\n|turn|49\n|\n|t:|1700766341\n|move|p1a: Kingambit|Sucker Punch||[still]\n|-fail|p1a: Kingambit\n|move|p2a: Iron Valiant|Encore|p1a: Kingambit\n|-start|p1a: Kingambit|Encore\n|\n|-heal|p1a: Kingambit|100\/100|[from] item: Leftovers\n|upkeep\n|turn|50\n|\n|t:|1700766345\n|move|p1a: Kingambit|Sucker Punch||[still]\n|-fail|p1a: Kingambit\n|move|p2a: Iron Valiant|Calm Mind|p2a: Iron Valiant\n|-boost|p2a: Iron Valiant|spa|1\n|-boost|p2a: Iron Valiant|spd|1\n|\n|upkeep\n|turn|51\n|\n|t:|1700766348\n|move|p1a: Kingambit|Sucker Punch||[still]\n|-fail|p1a: Kingambit\n|move|p2a: Iron Valiant|Calm Mind|p2a: Iron Valiant\n|-boost|p2a: Iron Valiant|spa|1\n|-boost|p2a: Iron Valiant|spd|1\n|\n|upkeep\n|turn|52\n|\n|t:|1700766351\n|-end|p1a: Kingambit|fallen4|[silent]\n|switch|p1a: Corviknight|Corviknight, F|100\/100\n|-ability|p1a: Corviknight|Pressure\n|move|p2a: Iron Valiant|Calm Mind|p2a: Iron Valiant\n|-boost|p2a: Iron Valiant|spa|1\n|-boost|p2a: Iron Valiant|spd|1\n|\n|upkeep\n|turn|53\n|\n|t:|1700766354\n|move|p2a: Iron Valiant|Moonblast|p1a: Corviknight\n|-resisted|p1a: Corviknight\n|-damage|p1a: Corviknight|46\/100\n|move|p1a: Corviknight|Brave Bird|p2a: Iron Valiant\n|-supereffective|p2a: Iron Valiant\n|-damage|p2a: Iron Valiant|0 fnt\n|faint|p2a: Iron Valiant\n|-end|p2a: Iron Valiant|Quark Drive|[silent]\n|-damage|p1a: Corviknight|23\/100|[from] Recoil\n|\n|-heal|p1a: Corviknight|30\/100|[from] item: Leftovers\n|upkeep\n|\n|t:|1700766363\n|switch|p2a: Samurott|Samurott-Hisui, M|53\/100\n|-damage|p2a: Samurott|40\/100|[from] Stealth Rock\n|turn|54\n|\n|t:|1700766366\n|move|p2a: Samurott|Aqua Cutter|p1a: Corviknight\n|-crit|p1a: Corviknight\n|-damage|p1a: Corviknight|0 fnt\n|faint|p1a: Corviknight\n|\n|upkeep\n|\n|t:|1700766369\n|switch|p1a: Kingambit|Kingambit, F|100\/100\n|-damage|p1a: Kingambit|75\/100|[from] Spikes\n|-activate|p1a: Kingambit|ability: Supreme Overlord\n|-start|p1a: Kingambit|fallen5|[silent]\n|turn|55\n|\n|t:|1700766374\n|move|p1a: Kingambit|Sucker Punch|p2a: Samurott\n|-resisted|p2a: Samurott\n|-damage|p2a: Samurott|0 fnt\n|faint|p2a: Samurott\n|\n|-heal|p1a: Kingambit|82\/100|[from] item: Leftovers\n|upkeep\n|\n|t:|1700766376\n|switch|p2a: Rillaboom|Rillaboom, F|40\/100\n|-damage|p2a: Rillaboom|28\/100|[from] Stealth Rock\n|-fieldstart|move: Grassy Terrain|[from] ability: Grassy Surge|[of] p2a: Rillaboom\n|turn|56\n|\n|t:|1700766379\n|move|p1a: Kingambit|Sucker Punch|p2a: Rillaboom\n|-damage|p2a: Rillaboom|0 fnt\n|faint|p2a: Rillaboom\n|\n|win|Xincor\n|raw|Xincor's rating: 1316 &rarr; <strong>1338<\/strong><br \/>(+22 for winning)\n|raw|h4v0ckn1ght's rating: 1359 &rarr; <strong>1337<\/strong><br \/>(-22 for losing)\n|l|\u2606h4v0ckn1ght\n|c|\u2606Xincor|gg\n","uploadtime":1700766401,"views":5,"p1id":"xincor","p2id":"h4v0ckn1ght","formatid":"gen9ou","rating":1337,"private":0,"password":""}