{"id":"gen9ou-2000451292","p1":"dddddannyboy","p2":"RedWave2024","format":"[Gen 9] OU","log":"|j|\u203ddddddannyboy\n|j|\u2606RedWave2024\n|t:|1701195927\n|gametype|singles\n|player|p1|dddddannyboy|cynthia|1477\n|player|p2|RedWave2024|fairytalegirl|1381\n|teamsize|p1|6\n|teamsize|p2|6\n|gen|9\n|tier|[Gen 9] OU\n|rated|\n|rule|Sleep Clause Mod: Limit one foe put to sleep\n|rule|Species Clause: Limit one of each Pok\u00e9mon\n|rule|OHKO Clause: OHKO moves are banned\n|rule|Evasion Items Clause: Evasion items are banned\n|rule|Evasion Moves Clause: Evasion moves are banned\n|rule|Endless Battle Clause: Forcing endless battles is banned\n|rule|HP Percentage Mod: HP is shown in percentages\n|clearpoke\n|poke|p1|Ribombee, F|\n|poke|p1|Gholdengo|\n|poke|p1|Manaphy|\n|poke|p1|Great Tusk|\n|poke|p1|Kingambit, F|\n|poke|p1|Iron Moth|\n|poke|p2|Polteageist-Antique|\n|poke|p2|Gardevoir, M|\n|poke|p2|Salamence, M|\n|poke|p2|Corviknight, M|\n|poke|p2|Regidrago|\n|poke|p2|Alomomola, M|\n|teampreview\n|j| chubbynutz\n|\n|t:|1701195942\n|start\n|switch|p1a: Ribombee|Ribombee, F|100\/100\n|switch|p2a: Alomomola|Alomomola, M|100\/100\n|turn|1\n|\n|t:|1701195946\n|move|p1a: Ribombee|Sticky Web|p2a: Alomomola\n|-sidestart|p2: RedWave2024|move: Sticky Web\n|move|p2a: Alomomola|Whirlpool|p1a: Ribombee\n|-damage|p1a: Ribombee|89\/100\n|-activate|p1a: Ribombee|move: Whirlpool|[of] p2a: Alomomola\n|\n|-damage|p1a: Ribombee|73\/100|[from] move: Whirlpool|[partiallytrapped]\n|upkeep\n|turn|2\n|\n|t:|1701195950\n|move|p1a: Ribombee|Moonblast|p2a: Alomomola\n|-damage|p2a: Alomomola|70\/100\n|move|p2a: Alomomola|Bounce||[still]\n|-prepare|p2a: Alomomola|Bounce\n|\n|-damage|p1a: Ribombee|56\/100|[from] move: Whirlpool|[partiallytrapped]\n|upkeep\n|turn|3\n|\n|t:|1701195958\n|move|p1a: Ribombee|Skill Swap|p2a: Alomomola|[miss]\n|-miss|p1a: Ribombee|p2a: Alomomola\n|move|p2a: Alomomola|Bounce|p1a: Ribombee|[from]lockedmove\n|-supereffective|p1a: Ribombee\n|-damage|p1a: Ribombee|0 fnt\n|faint|p1a: Ribombee\n|\n|upkeep\n|\n|t:|1701195966\n|switch|p1a: Manaphy|Manaphy|100\/100\n|turn|4\n|\n|t:|1701195970\n|switch|p2a: Regidrago|Regidrago|100\/100\n|-activate|p2a: Regidrago|move: Sticky Web\n|-unboost|p2a: Regidrago|spe|1\n|move|p1a: Manaphy|Tail Glow|p1a: Manaphy\n|-boost|p1a: Manaphy|spa|3\n|\n|upkeep\n|turn|5\n|\n|t:|1701195976\n|move|p1a: Manaphy|Dazzling Gleam|p2a: Regidrago\n|-supereffective|p2a: Regidrago\n|-damage|p2a: Regidrago|0 fnt\n|faint|p2a: Regidrago\n|\n|upkeep\n|\n|t:|1701195981\n|switch|p2a: Alomomola|Alomomola, M|100\/100\n|-activate|p2a: Alomomola|move: Sticky Web\n|-unboost|p2a: Alomomola|spe|1\n|turn|6\n|\n|t:|1701195984\n|move|p1a: Manaphy|Energy Ball|p2a: Alomomola\n|-supereffective|p2a: Alomomola\n|-damage|p2a: Alomomola|0 fnt\n|faint|p2a: Alomomola\n|\n|upkeep\n|-message|RedWave2024 forfeited.\n|\n|win|dddddannyboy\n|raw|dddddannyboy's rating: 1477 &rarr; <strong>1492<\/strong><br \/>(+15 for winning)\n|raw|RedWave2024's rating: 1381 &rarr; <strong>1366<\/strong><br \/>(-15 for losing)\n|l|\u2606RedWave2024\n|l| chubbynutz\n","uploadtime":1701196153,"views":12,"p1id":"dddddannyboy","p2id":"redwave2024","formatid":"gen9ou","rating":1366,"private":0,"password":""}