{"id":"gen9ou-1998190035","p1":"RUMYMOME","p2":"dreepy airlines","format":"[Gen 9] OU","log":"|j|\u2606RUMYMOME\n|j|\u2606dreepy airlines\n|inactive|Battle timer is ON: inactive players will automatically lose when time's up.\n|t:|1700909447\n|gametype|singles\n|player|p1|RUMYMOME|marshal|\n|player|p2|dreepy airlines|waitress-gen6|\n|teamsize|p1|6\n|teamsize|p2|6\n|gen|9\n|tier|[Gen 9] OU\n|rated|Tournament battle\n|rule|Sleep Clause Mod: Limit one foe put to sleep\n|rule|Species Clause: Limit one of each Pok\u00e9mon\n|rule|OHKO Clause: OHKO moves are banned\n|rule|Evasion Items Clause: Evasion items are banned\n|rule|Evasion Moves Clause: Evasion moves are banned\n|rule|Endless Battle Clause: Forcing endless battles is banned\n|rule|HP Percentage Mod: HP is shown in percentages\n|clearpoke\n|poke|p1|Slowbro-Galar, F|\n|poke|p1|Kingambit, F|\n|poke|p1|Dragapult, M|\n|poke|p1|Greninja-*, F|\n|poke|p1|Glimmora, M|\n|poke|p1|Garganacl, M|\n|poke|p2|Grimmsnarl, M|\n|poke|p2|Skeledirge, M|\n|poke|p2|Slowbro-Galar, M|\n|poke|p2|Iron Hands|\n|poke|p2|Kingambit, F|\n|poke|p2|Enamorus-Therian, F|\n|teampreview\n|j|*Lady Monita \u2746\n|inactive|dreepy airlines also wants the timer to be on.\n|j| Bunnysai\n|c|\u2606dreepy airlines|hf\n|c| Bunnysai|Start rental of supply small ppt I am a Java simple program hello \ud83d\udc4b I can check \u2714\ufe0f I am not \ud83d\udead I am 6\n|c|\u2606dreepy airlines|wha\n|inactive|RUMYMOME has 120 seconds left.\n|c| Bunnysai|Sorry\n|\n|t:|1700909499\n|start\n|switch|p1a: Slowbro|Slowbro-Galar, F|100\/100\n|switch|p2a: catch these|Iron Hands|100\/100\n|turn|1\n|c|\u2606RUMYMOME|Glhf\n|inactive|dreepy airlines has 120 seconds left.\n|c| Bunnysai|My small brother type what ever he want sorry \ud83d\ude10\ud83d\ude10\n|j| jerin123\n|c|\u2606dreepy airlines|soz just got back hf\n|inactive|dreepy airlines has 90 seconds left.\n|-activate|p1a: Slowbro|item: Quick Claw\n|\n|t:|1700909560\n|move|p1a: Slowbro|Belly Drum|p1a: Slowbro\n|-damage|p1a: Slowbro|51\/100\n|-setboost|p1a: Slowbro|atk|6|[from] move: Belly Drum\n|move|p2a: catch these|Swords Dance|p2a: catch these\n|-boost|p2a: catch these|atk|2\n|\n|upkeep\n|turn|2\n|\n|t:|1700909564\n|move|p2a: catch these|Thunder Punch|p1a: Slowbro\n|-damage|p1a: Slowbro|0 fnt\n|faint|p1a: Slowbro\n|\n|upkeep\n|\n|t:|1700909579\n|switch|p1a: Glimmora|Glimmora, M|100\/100\n|turn|3\n|inactive|dreepy airlines has 90 seconds left.\n|c|\u2606RUMYMOME|Not once has the slowbro lived up to my expectations\n|c|\u2606dreepy airlines|1 sec mb\n|inactive|dreepy airlines has 60 seconds left.\n|\n|t:|1700909656\n|move|p1a: Glimmora|Earth Power|p2a: catch these\n|-supereffective|p2a: catch these\n|-damage|p2a: catch these|47\/100\n|move|p2a: catch these|Thunder Punch|p1a: Glimmora\n|-damage|p1a: Glimmora|0 fnt\n|-activate|p1a: Glimmora|ability: Toxic Debris\n|-sidestart|p2: dreepy airlines|move: Toxic Spikes\n|faint|p1a: Glimmora\n|\n|upkeep\n|\n|t:|1700909682\n|switch|p1a: Greninja|Greninja, F|100\/100\n|turn|4\n|\n|t:|1700909695\n|move|p1a: Greninja|Grass Knot|p2a: catch these\n|-start|p1a: Greninja|typechange|Grass|[from] ability: Protean\n|-damage|p2a: catch these|0 fnt\n|faint|p2a: catch these\n|-end|p2a: catch these|Quark Drive|[silent]\n|\n|upkeep\n|l| Bunnysai\n|\n|t:|1700909705\n|switch|p2a: fastest in da west|Slowbro-Galar, M|100\/100\n|-sideend|p2: dreepy airlines|move: Toxic Spikes|[of] p2a: fastest in da west\n|turn|5\n|j| Bunnysai\n|\n|t:|1700909710\n|switch|p1a: Kingambit|Kingambit, F|100\/100\n|-activate|p1a: Kingambit|ability: Supreme Overlord\n|-start|p1a: Kingambit|fallen2|[silent]\n|move|p2a: fastest in da west|Nasty Plot|p2a: fastest in da west\n|-boost|p2a: fastest in da west|spa|2\n|\n|upkeep\n|turn|6\n|\n|t:|1700909715\n|-terastallize|p2a: fastest in da west|Water\n|move|p1a: Kingambit|Kowtow Cleave|p2a: fastest in da west\n|-damage|p2a: fastest in da west|44\/100\n|move|p2a: fastest in da west|Surf|p1a: Kingambit\n|-damage|p1a: Kingambit|18\/100\n|\n|upkeep\n|turn|7\n|-activate|p2a: fastest in da west|item: Quick Claw\n|\n|t:|1700909722\n|move|p2a: fastest in da west|Surf|p1a: Kingambit\n|-damage|p1a: Kingambit|0 fnt\n|faint|p1a: Kingambit\n|-end|p1a: Kingambit|fallen2|[silent]\n|\n|upkeep\n|\n|t:|1700909727\n|switch|p1a: Greninja|Greninja, F|100\/100\n|turn|8\n|-activate|p2a: fastest in da west|item: Quick Claw\n|\n|t:|1700909738\n|move|p2a: fastest in da west|Sludge Bomb|p1a: Greninja\n|-damage|p1a: Greninja|0 fnt\n|faint|p1a: Greninja\n|\n|upkeep\n|\n|t:|1700909747\n|switch|p1a: Dragapult|Dragapult, M|100\/100\n|turn|9\n|-activate|p1a: Dragapult|item: Quick Claw\n|\n|t:|1700909750\n|move|p1a: Dragapult|Dragon Darts|p2a: fastest in da west\n|-damage|p2a: fastest in da west|21\/100\n|-anim|p1a: Dragapult|Dragon Darts|p2a: fastest in da west\n|-damage|p2a: fastest in da west|0 fnt\n|faint|p2a: fastest in da west\n|\n|upkeep\n|inactive|dreepy airlines has 90 seconds left.\n|\n|t:|1700909756\n|switch|p2a: sucker ?|Kingambit, F|100\/100\n|-activate|p2a: sucker ?|ability: Supreme Overlord\n|-start|p2a: sucker ?|fallen2|[silent]\n|turn|10\n|c|\u2606RUMYMOME|See slowbro\n|c|\u2606dreepy airlines|hes slow\n|c|\u2606RUMYMOME|That's how u do it\n|\n|t:|1700909782\n|-terastallize|p1a: Dragapult|Fighting\n|move|p1a: Dragapult|Tera Blast|p2a: sucker ?|[anim] Tera Blast Fighting\n|-supereffective|p2a: sucker ?\n|-damage|p2a: sucker ?|0 fnt\n|faint|p2a: sucker ?\n|-end|p2a: sucker ?|fallen2|[silent]\n|\n|upkeep\n|\n|t:|1700909790\n|switch|p2a: turtle|Enamorus-Therian, F|100\/100\n|turn|11\n|-activate|p2a: turtle|item: Quick Claw\n|\n|t:|1700909798\n|switch|p1a: Garganacl|Garganacl, M|100\/100\n|move|p2a: turtle|Moonblast|p1a: Garganacl\n|-damage|p1a: Garganacl|54\/100\n|\n|upkeep\n|turn|12\n|\n|t:|1700909820\n|move|p2a: turtle|Earth Power|p1a: Garganacl\n|-supereffective|p1a: Garganacl\n|-damage|p1a: Garganacl|0 fnt\n|faint|p1a: Garganacl\n|\n|upkeep\n|\n|t:|1700909823\n|switch|p1a: Dragapult|Dragapult, M, tera:Fighting|100\/100\n|turn|13\n|c|\u2606dreepy airlines|gg\n|\n|t:|1700909828\n|move|p1a: Dragapult|Psychic Fangs|p2a: turtle\n|-damage|p2a: turtle|74\/100\n|move|p2a: turtle|Moonblast|p1a: Dragapult\n|-supereffective|p1a: Dragapult\n|-crit|p1a: Dragapult\n|-damage|p1a: Dragapult|0 fnt\n|faint|p1a: Dragapult\n|\n|win|dreepy airlines\n|n|\u2606RUMYMOME|rumymome\n|n|\u2606dreepy airlines|dreepyairlines\n|n|*Lady Monita \u2746|ladymonita\n|n| jerin123|jerin123\n|n| Bunnysai|bunnysai\n","uploadtime":1700909829,"views":2,"p1id":"rumymome","p2id":"dreepyairlines","formatid":"gen9ou","rating":0,"private":0,"password":""}