{"id":"gen9ou-1994280045","p1":"Q.456lm","p2":"Welcometoearth420","format":"[Gen 9] OU","log":"|j|\u2606Q.456lm\n|j|\u2606Welcometoearth420\n|t:|1700426516\n|gametype|singles\n|player|p1|Q.456lm|hilbert|1311\n|player|p2|Welcometoearth420|turo-ai|1332\n|teamsize|p1|6\n|teamsize|p2|6\n|gen|9\n|tier|[Gen 9] OU\n|rated|\n|rule|Sleep Clause Mod: Limit one foe put to sleep\n|rule|Species Clause: Limit one of each Pok\u00e9mon\n|rule|OHKO Clause: OHKO moves are banned\n|rule|Evasion Items Clause: Evasion items are banned\n|rule|Evasion Moves Clause: Evasion moves are banned\n|rule|Endless Battle Clause: Forcing endless battles is banned\n|rule|HP Percentage Mod: HP is shown in percentages\n|clearpoke\n|poke|p1|Ribombee, F|\n|poke|p1|Iron Moth|\n|poke|p1|Manaphy|\n|poke|p1|Sneasler, F|\n|poke|p1|Kingambit, F|\n|poke|p1|Zapdos|\n|poke|p2|Toxapex, F|\n|poke|p2|Gholdengo|\n|poke|p2|Zamazenta-*|\n|poke|p2|Ting-Lu|\n|poke|p2|Zapdos|\n|poke|p2|Slowking-Galar, F|\n|teampreview\n|c|\u2606Welcometoearth420|Damn the ban ain\u2019t implemented yet\n|\n|t:|1700426549\n|start\n|switch|p1a: Ribombee|Ribombee, F|100\/100\n|switch|p2a: Ting-Lu|Ting-Lu|100\/100\n|-ability|p2a: Ting-Lu|Vessel of Ruin\n|turn|1\n|inactive|Battle timer is ON: inactive players will automatically lose when time's up. (requested by Q.456lm)\n|\n|t:|1700426555\n|move|p1a: Ribombee|Sticky Web|p2a: Ting-Lu\n|-sidestart|p2: Welcometoearth420|move: Sticky Web\n|move|p2a: Ting-Lu|Stealth Rock|p1a: Ribombee\n|-sidestart|p1: Q.456lm|move: Stealth Rock\n|\n|upkeep\n|turn|2\n|\n|t:|1700426569\n|switch|p2a: Toxapex|Toxapex, F|100\/100\n|move|p1a: Ribombee|Moonblast|p2a: Toxapex\n|-resisted|p2a: Toxapex\n|-damage|p2a: Toxapex|83\/100\n|\n|upkeep\n|turn|3\n|\n|t:|1700426577\n|move|p1a: Ribombee|Psychic|p2a: Toxapex\n|-supereffective|p2a: Toxapex\n|-damage|p2a: Toxapex|44\/100\n|move|p2a: Toxapex|Toxic|p1a: Ribombee\n|-status|p1a: Ribombee|tox\n|\n|-damage|p1a: Ribombee|94\/100 tox|[from] psn\n|upkeep\n|turn|4\n|l|\u2606Welcometoearth420\n|inactive|Welcometoearth420 disconnected and has a minute to reconnect!\n|player|p2|\n|j|\u2606Welcometoearth420\n|inactive|Welcometoearth420 reconnected and has 140 seconds left.\n|player|p2|Welcometoearth420|turo-ai\n|\n|t:|1700426593\n|move|p1a: Ribombee|Psychic|p2a: Toxapex\n|-supereffective|p2a: Toxapex\n|-damage|p2a: Toxapex|0 fnt\n|faint|p2a: Toxapex\n|\n|-damage|p1a: Ribombee|82\/100 tox|[from] psn\n|upkeep\n|\n|t:|1700426602\n|switch|p2a: Zamazenta|Zamazenta|100\/100\n|-ability|p2a: Zamazenta|Dauntless Shield|boost\n|-boost|p2a: Zamazenta|def|1\n|turn|5\n|\n|t:|1700426608\n|move|p2a: Zamazenta|Heavy Slam|p1a: Ribombee\n|-supereffective|p1a: Ribombee\n|-damage|p1a: Ribombee|0 fnt\n|faint|p1a: Ribombee\n|\n|upkeep\n|\n|t:|1700426613\n|switch|p1a: Zapdos|Zapdos|100\/100\n|turn|6\n|\n|t:|1700426623\n|-terastallize|p2a: Zamazenta|Steel\n|move|p2a: Zamazenta|Stone Edge|p1a: Zapdos\n|-supereffective|p1a: Zapdos\n|-damage|p1a: Zapdos|29\/100\n|move|p1a: Zapdos|Hurricane|p2a: Zamazenta\n|-resisted|p2a: Zamazenta\n|-damage|p2a: Zamazenta|77\/100\n|\n|upkeep\n|turn|7\n|\n|t:|1700426636\n|move|p2a: Zamazenta|Stone Edge|p1a: Zapdos\n|-supereffective|p1a: Zapdos\n|-damage|p1a: Zapdos|0 fnt\n|faint|p1a: Zapdos\n|\n|upkeep\n|\n|t:|1700426641\n|switch|p1a: Iron Moth|Iron Moth|100\/100\n|-damage|p1a: Iron Moth|76\/100|[from] Stealth Rock\n|-enditem|p1a: Iron Moth|Booster Energy\n|-activate|p1a: Iron Moth|ability: Quark Drive|[fromitem]\n|-start|p1a: Iron Moth|quarkdrivespe\n|turn|8\n|\n|t:|1700426651\n|switch|p2a: Ting-Lu|Ting-Lu|100\/100\n|-activate|p2a: Ting-Lu|move: Sticky Web\n|-unboost|p2a: Ting-Lu|spe|1\n|-ability|p2a: Ting-Lu|Vessel of Ruin\n|move|p1a: Iron Moth|Fiery Dance|p2a: Ting-Lu\n|-crit|p2a: Ting-Lu\n|-damage|p2a: Ting-Lu|74\/100\n|\n|-heal|p2a: Ting-Lu|80\/100|[from] item: Leftovers\n|upkeep\n|turn|9\n|\n|t:|1700426669\n|-end|p1a: Iron Moth|Quark Drive|[silent]\n|switch|p1a: Sneasler|Sneasler, F|100\/100\n|-damage|p1a: Sneasler|95\/100|[from] Stealth Rock\n|-item|p1a: Sneasler|Air Balloon\n|move|p2a: Ting-Lu|Earthquake|p1a: Sneasler\n|-immune|p1a: Sneasler\n|\n|-heal|p2a: Ting-Lu|87\/100|[from] item: Leftovers\n|upkeep\n|turn|10\n|\n|t:|1700426685\n|switch|p2a: Zapdos|Zapdos|100\/100\n|move|p1a: Sneasler|Close Combat|p2a: Zapdos\n|-resisted|p2a: Zapdos\n|-damage|p2a: Zapdos|75\/100\n|-unboost|p1a: Sneasler|def|1\n|-unboost|p1a: Sneasler|spd|1\n|-status|p1a: Sneasler|par|[from] ability: Static|[of] p2a: Zapdos\n|\n|upkeep\n|turn|11\n|inactive|Q.456lm has 120 seconds left.\n|\n|t:|1700426705\n|move|p2a: Zapdos|Hurricane|p1a: Sneasler\n|-supereffective|p1a: Sneasler\n|-damage|p1a: Sneasler|0 fnt\n|-enditem|p1a: Sneasler|Air Balloon\n|faint|p1a: Sneasler\n|\n|upkeep\n|inactive|Q.456lm has 120 seconds left.\n|\n|t:|1700426712\n|switch|p1a: Iron Moth|Iron Moth|76\/100\n|-damage|p1a: Iron Moth|51\/100|[from] Stealth Rock\n|turn|12\n|inactive|Q.456lm has 120 seconds left.\n|\n|t:|1700426724\n|switch|p2a: Ting-Lu|Ting-Lu|87\/100\n|-activate|p2a: Ting-Lu|move: Sticky Web\n|-unboost|p2a: Ting-Lu|spe|1\n|-ability|p2a: Ting-Lu|Vessel of Ruin\n|move|p1a: Iron Moth|Fiery Dance|p2a: Ting-Lu\n|-damage|p2a: Ting-Lu|71\/100\n|-boost|p1a: Iron Moth|spa|1\n|\n|-heal|p2a: Ting-Lu|78\/100|[from] item: Leftovers\n|upkeep\n|turn|13\n|inactive|Q.456lm has 120 seconds left.\n|\n|t:|1700426737\n|-end|p1a: Iron Moth|Quark Drive|[silent]\n|switch|p1a: Manaphy|Manaphy|100\/100\n|-damage|p1a: Manaphy|88\/100|[from] Stealth Rock\n|move|p2a: Ting-Lu|Earthquake|p1a: Manaphy\n|-damage|p1a: Manaphy|54\/100\n|\n|-heal|p1a: Manaphy|60\/100|[from] item: Leftovers\n|-heal|p2a: Ting-Lu|84\/100|[from] item: Leftovers\n|upkeep\n|turn|14\n|inactive|Q.456lm has 120 seconds left.\n|\n|t:|1700426752\n|move|p1a: Manaphy|Tail Glow|p1a: Manaphy\n|-boost|p1a: Manaphy|spa|3\n|move|p2a: Ting-Lu|Ruination|p1a: Manaphy\n|-damage|p1a: Manaphy|30\/100\n|\n|-heal|p1a: Manaphy|37\/100|[from] item: Leftovers\n|-heal|p2a: Ting-Lu|90\/100|[from] item: Leftovers\n|upkeep\n|turn|15\n|\n|t:|1700426761\n|move|p1a: Manaphy|Scald|p2a: Ting-Lu\n|-supereffective|p2a: Ting-Lu\n|-damage|p2a: Ting-Lu|20\/100\n|move|p2a: Ting-Lu|Earthquake|p1a: Manaphy\n|-damage|p1a: Manaphy|0 fnt\n|faint|p1a: Manaphy\n|\n|-heal|p2a: Ting-Lu|26\/100|[from] item: Leftovers\n|upkeep\n|\n|t:|1700426770\n|switch|p1a: Iron Moth|Iron Moth|51\/100\n|-damage|p1a: Iron Moth|26\/100|[from] Stealth Rock\n|turn|16\n|\n|t:|1700426777\n|move|p1a: Iron Moth|Fiery Dance|p2a: Ting-Lu\n|-damage|p2a: Ting-Lu|10\/100\n|-boost|p1a: Iron Moth|spa|1\n|move|p2a: Ting-Lu|Earthquake|p1a: Iron Moth\n|-supereffective|p1a: Iron Moth\n|-damage|p1a: Iron Moth|0 fnt\n|faint|p1a: Iron Moth\n|-end|p1a: Iron Moth|Quark Drive|[silent]\n|\n|-heal|p2a: Ting-Lu|16\/100|[from] item: Leftovers\n|upkeep\n|\n|t:|1700426787\n|switch|p1a: Kingambit|Kingambit, F|100\/100\n|-damage|p1a: Kingambit|94\/100|[from] Stealth Rock\n|-activate|p1a: Kingambit|ability: Supreme Overlord\n|-start|p1a: Kingambit|fallen5|[silent]\n|turn|17\n|\n|t:|1700426802\n|switch|p2a: Zamazenta|Zamazenta, tera:Steel|77\/100\n|move|p1a: Kingambit|Sucker Punch||[still]\n|-fail|p1a: Kingambit\n|\n|-heal|p1a: Kingambit|100\/100|[from] item: Leftovers\n|upkeep\n|turn|18\n|\n|t:|1700426815\n|move|p1a: Kingambit|Sucker Punch|p2a: Zamazenta\n|-damage|p2a: Zamazenta|26\/100\n|move|p2a: Zamazenta|Close Combat|p1a: Kingambit\n|-supereffective|p1a: Kingambit\n|-damage|p1a: Kingambit|0 fnt\n|-unboost|p2a: Zamazenta|def|1\n|-unboost|p2a: Zamazenta|spd|1\n|faint|p1a: Kingambit\n|-end|p1a: Kingambit|fallen5|[silent]\n|\n|win|Welcometoearth420\n|raw|Q.456lm's rating: 1311 &rarr; <strong>1292<\/strong><br \/>(-19 for losing)\n|raw|Welcometoearth420's rating: 1332 &rarr; <strong>1351<\/strong><br \/>(+19 for winning)\n","uploadtime":1700426818,"views":7,"p1id":"q456lm","p2id":"welcometoearth420","formatid":"gen9ou","rating":1292,"private":0,"password":""}