{"id":"gen9ou-1993983824","p1":"ScorvolTopLadder","p2":"AmazingJambon","format":"[Gen 9] OU","log":"|j|\u2606ScorvolTopLadder\n|j|\u2606AmazingJambon\n|t:|1700388067\n|gametype|singles\n|player|p1|ScorvolTopLadder|gentleman|1385\n|player|p2|AmazingJambon|102|1350\n|teamsize|p1|6\n|teamsize|p2|6\n|gen|9\n|tier|[Gen 9] OU\n|rated|\n|rule|Sleep Clause Mod: Limit one foe put to sleep\n|rule|Species Clause: Limit one of each Pok\u00e9mon\n|rule|OHKO Clause: OHKO moves are banned\n|rule|Evasion Items Clause: Evasion items are banned\n|rule|Evasion Moves Clause: Evasion moves are banned\n|rule|Endless Battle Clause: Forcing endless battles is banned\n|rule|HP Percentage Mod: HP is shown in percentages\n|clearpoke\n|poke|p1|Blissey, F|\n|poke|p1|Clodsire, M|\n|poke|p1|Alomomola, F|\n|poke|p1|Dondozo, F|\n|poke|p1|Clefable, F|\n|poke|p1|Ting-Lu|\n|poke|p2|Kingambit, M|\n|poke|p2|Great Tusk|\n|poke|p2|Dragapult, F|\n|poke|p2|Ogerpon-Wellspring, F|\n|poke|p2|Blissey, F|\n|poke|p2|Zapdos|\n|teampreview\n|inactive|Battle timer is ON: inactive players will automatically lose when time's up. (requested by ScorvolTopLadder)\n|inactive|ScorvolTopLadder has 120 seconds left.\n|inactive|AmazingJambon has 120 seconds left.\n|\n|t:|1700388100\n|start\n|switch|p1a: eaten your soul|Blissey, F|100\/100\n|switch|p2a: Great Tusk|Great Tusk|100\/100\n|turn|1\n|\n|t:|1700388110\n|switch|p1a: slurp|Alomomola, F|100\/100\n|move|p2a: Great Tusk|Knock Off|p1a: slurp\n|-damage|p1a: slurp|87\/100\n|-enditem|p1a: slurp|Heavy-Duty Boots|[from] move: Knock Off|[of] p2a: Great Tusk\n|\n|upkeep\n|turn|2\n|\n|t:|1700388121\n|-end|p2a: Great Tusk|Protosynthesis|[silent]\n|switch|p2a: Blissey|Blissey, F|100\/100\n|move|p1a: slurp|Whirlpool|p2a: Blissey\n|-crit|p2a: Blissey\n|-damage|p2a: Blissey|97\/100\n|-activate|p2a: Blissey|move: Whirlpool|[of] p1a: slurp\n|\n|-damage|p2a: Blissey|84\/100|[from] move: Whirlpool|[partiallytrapped]\n|upkeep\n|turn|3\n|\n|t:|1700388132\n|switch|p1a: eaten your soul|Blissey, F|100\/100\n|move|p2a: Blissey|Seismic Toss|p1a: eaten your soul\n|-damage|p1a: eaten your soul|86\/100\n|\n|-end|p2a: Blissey|Whirlpool|[partiallytrapped]|[silent]\n|upkeep\n|turn|4\n|\n|t:|1700388140\n|move|p1a: eaten your soul|Stealth Rock|p2a: Blissey\n|-sidestart|p2: AmazingJambon|move: Stealth Rock\n|move|p2a: Blissey|Stealth Rock|p1a: eaten your soul\n|-sidestart|p1: ScorvolTopLadder|move: Stealth Rock\n|\n|upkeep\n|turn|5\n|\n|t:|1700388146\n|switch|p2a: Great Tusk|Great Tusk|100\/100\n|-damage|p2a: Great Tusk|98\/100|[from] Stealth Rock\n|move|p1a: eaten your soul|Seismic Toss|p2a: Great Tusk\n|-damage|p2a: Great Tusk|74\/100\n|\n|-heal|p2a: Great Tusk|81\/100|[from] item: Leftovers\n|upkeep\n|turn|6\n|\n|t:|1700388157\n|switch|p1a: gulp|Clefable, F|100\/100\n|move|p2a: Great Tusk|Earthquake|p1a: gulp\n|-damage|p1a: gulp|65\/100\n|\n|-heal|p2a: Great Tusk|87\/100|[from] item: Leftovers\n|-heal|p1a: gulp|72\/100|[from] item: Leftovers\n|upkeep\n|turn|7\n|\n|t:|1700388176\n|-end|p2a: Great Tusk|Protosynthesis|[silent]\n|switch|p2a: Kingambit|Kingambit, M|100\/100\n|-damage|p2a: Kingambit|94\/100|[from] Stealth Rock\n|move|p1a: gulp|Knock Off|p2a: Kingambit\n|-resisted|p2a: Kingambit\n|-damage|p2a: Kingambit|88\/100\n|-enditem|p2a: Kingambit|Mental Herb|[from] move: Knock Off|[of] p1a: gulp\n|\n|-heal|p1a: gulp|78\/100|[from] item: Leftovers\n|upkeep\n|turn|8\n|\n|t:|1700388195\n|-end|p2a: Kingambit|fallenundefined|[silent]\n|switch|p2a: Dragapult|Dragapult, F|100\/100\n|-damage|p2a: Dragapult|88\/100|[from] Stealth Rock\n|switch|p1a: the maze|Ting-Lu|100\/100\n|-ability|p1a: the maze|Vessel of Ruin\n|\n|upkeep\n|turn|9\n|\n|t:|1700388204\n|move|p2a: Dragapult|U-turn|p1a: the maze\n|-supereffective|p1a: the maze\n|-damage|p1a: the maze|83\/100\n|\n|t:|1700388221\n|switch|p2a: Great Tusk|Great Tusk|87\/100|[from] U-turn\n|-damage|p2a: Great Tusk|84\/100|[from] Stealth Rock\n|move|p1a: the maze|Ruination|p2a: Great Tusk\n|-damage|p2a: Great Tusk|42\/100\n|\n|-heal|p2a: Great Tusk|48\/100|[from] item: Leftovers\n|upkeep\n|turn|10\n|\n|t:|1700388229\n|switch|p1a: slurp|Alomomola, F|100\/100\n|-damage|p1a: slurp|88\/100|[from] Stealth Rock\n|move|p2a: Great Tusk|Rapid Spin|p1a: slurp\n|-damage|p1a: slurp|80\/100\n|-boost|p2a: Great Tusk|spe|1\n|-sideend|p2: AmazingJambon|Stealth Rock|[from] move: Rapid Spin|[of] p2a: Great Tusk\n|\n|-heal|p2a: Great Tusk|55\/100|[from] item: Leftovers\n|upkeep\n|turn|11\n|\n|t:|1700388240\n|-end|p2a: Great Tusk|Protosynthesis|[silent]\n|switch|p2a: Zapdos|Zapdos|100\/100\n|move|p1a: slurp|Scald|p2a: Zapdos\n|-damage|p2a: Zapdos|88\/100\n|\n|upkeep\n|turn|12\n|\n|t:|1700388248\n|switch|p2a: Ogerpon|Ogerpon-Wellspring, F|100\/100\n|switch|p1a: licking ur eyeball|Clodsire, M|100\/100\n|\n|upkeep\n|turn|13\n|\n|t:|1700388259\n|switch|p2a: Kingambit|Kingambit, M|88\/100\n|switch|p1a: glup|Dondozo, F|100\/100\n|\n|upkeep\n|turn|14\n|\n|t:|1700388269\n|-end|p2a: Kingambit|fallenundefined|[silent]\n|switch|p2a: Ogerpon|Ogerpon-Wellspring, F|100\/100\n|move|p1a: glup|Curse|p1a: glup\n|-unboost|p1a: glup|spe|1\n|-boost|p1a: glup|atk|1\n|-boost|p1a: glup|def|1\n|\n|upkeep\n|turn|15\n|inactive|ScorvolTopLadder has 120 seconds left.\n|\n|t:|1700388300\n|switch|p1a: gulp|Clefable, F|78\/100\n|move|p2a: Ogerpon|Encore||[still]\n|-fail|p2a: Ogerpon\n|\n|-heal|p1a: gulp|84\/100|[from] item: Leftovers\n|upkeep\n|turn|16\n|\n|t:|1700388322\n|switch|p2a: Kingambit|Kingambit, M|88\/100\n|move|p1a: gulp|Moonblast|p2a: Kingambit\n|-crit|p2a: Kingambit\n|-damage|p2a: Kingambit|37\/100\n|\n|-heal|p1a: gulp|90\/100|[from] item: Leftovers\n|upkeep\n|turn|17\n|\n|t:|1700388334\n|move|p2a: Kingambit|Kowtow Cleave|p1a: gulp\n|-resisted|p1a: gulp\n|-damage|p1a: gulp|71\/100\n|move|p1a: gulp|Moonblast|p2a: Kingambit\n|-damage|p2a: Kingambit|6\/100\n|\n|-heal|p1a: gulp|77\/100|[from] item: Leftovers\n|upkeep\n|turn|18\n|\n|t:|1700388342\n|move|p1a: gulp|Protect|p1a: gulp\n|-singleturn|p1a: gulp|Protect\n|move|p2a: Kingambit|Iron Head|p1a: gulp\n|-activate|p1a: gulp|move: Protect\n|\n|-heal|p1a: gulp|83\/100|[from] item: Leftovers\n|upkeep\n|turn|19\n|\n|t:|1700388355\n|-terastallize|p1a: gulp|Steel\n|move|p2a: Kingambit|Iron Head|p1a: gulp\n|-resisted|p1a: gulp\n|-damage|p1a: gulp|65\/100\n|move|p1a: gulp|Moonblast|p2a: Kingambit\n|-damage|p2a: Kingambit|0 fnt\n|faint|p2a: Kingambit\n|-end|p2a: Kingambit|fallenundefined|[silent]\n|\n|-heal|p1a: gulp|71\/100|[from] item: Leftovers\n|upkeep\n|\n|t:|1700388366\n|switch|p2a: Great Tusk|Great Tusk|55\/100\n|turn|20\n|\n|t:|1700388370\n|switch|p1a: glup|Dondozo, F|100\/100\n|move|p2a: Great Tusk|Earthquake|p1a: glup\n|-damage|p1a: glup|81\/100\n|\n|-heal|p2a: Great Tusk|61\/100|[from] item: Leftovers\n|upkeep\n|turn|21\n|\n|t:|1700388383\n|-end|p2a: Great Tusk|Protosynthesis|[silent]\n|switch|p2a: Zapdos|Zapdos|88\/100\n|move|p1a: glup|Liquidation|p2a: Zapdos\n|-damage|p2a: Zapdos|66\/100\n|\n|upkeep\n|turn|22\n|\n|t:|1700388394\n|switch|p2a: Ogerpon|Ogerpon-Wellspring, F|100\/100\n|switch|p1a: eaten your soul|Blissey, F|86\/100\n|\n|upkeep\n|turn|23\n|\n|t:|1700388407\n|switch|p1a: slurp|Alomomola, F|100\/100\n|-damage|p1a: slurp|88\/100|[from] Stealth Rock\n|move|p2a: Ogerpon|Power Whip|p1a: slurp\n|-supereffective|p1a: slurp\n|-damage|p1a: slurp|11\/100\n|\n|upkeep\n|turn|24\n|\n|t:|1700388417\n|switch|p1a: gulp|Clefable, F, tera:Steel|71\/100\n|move|p2a: Ogerpon|Power Whip|p1a: gulp\n|-resisted|p1a: gulp\n|-damage|p1a: gulp|43\/100\n|\n|-heal|p1a: gulp|49\/100|[from] item: Leftovers\n|upkeep\n|turn|25\n|\n|t:|1700388425\n|-terastallize|p2a: Ogerpon|Water\n|detailschange|p2a: Ogerpon|Ogerpon-Wellspring-Tera, F, tera:Water\n|-ability|p2a: Ogerpon|Embody Aspect (Wellspring)|boost\n|-boost|p2a: Ogerpon|spd|1\n|move|p1a: gulp|Protect|p1a: gulp\n|-singleturn|p1a: gulp|Protect\n|move|p2a: Ogerpon|Ivy Cudgel|p1a: gulp|[anim] Ivy Cudgel Water\n|-activate|p1a: gulp|move: Protect\n|\n|-heal|p1a: gulp|55\/100|[from] item: Leftovers\n|upkeep\n|turn|26\n|\n|t:|1700388447\n|switch|p1a: slurp|Alomomola, F|45\/100\n|-damage|p1a: slurp|32\/100|[from] Stealth Rock\n|move|p2a: Ogerpon|Ivy Cudgel|p1a: slurp|[anim] Ivy Cudgel Water\n|-resisted|p1a: slurp\n|-damage|p1a: slurp|12\/100\n|\n|upkeep\n|turn|27\n|\n|t:|1700388458\n|move|p1a: slurp|Protect|p1a: slurp\n|-singleturn|p1a: slurp|Protect\n|move|p2a: Ogerpon|Ivy Cudgel|p1a: slurp|[anim] Ivy Cudgel Water\n|-activate|p1a: slurp|move: Protect\n|\n|upkeep\n|turn|28\n|\n|t:|1700388466\n|move|p2a: Ogerpon|U-turn|p1a: slurp\n|-damage|p1a: slurp|0 fnt\n|faint|p1a: slurp\n|\n|t:|1700388476\n|switch|p2a: Great Tusk|Great Tusk|61\/100|[from] U-turn\n|\n|-heal|p2a: Great Tusk|67\/100|[from] item: Leftovers\n|upkeep\n|\n|t:|1700388487\n|switch|p1a: glup|Dondozo, F|81\/100\n|turn|29\n|\n|t:|1700388490\n|-end|p2a: Great Tusk|Protosynthesis|[silent]\n|switch|p2a: Zapdos|Zapdos|66\/100\n|move|p1a: glup|Curse|p1a: glup\n|-unboost|p1a: glup|spe|1\n|-boost|p1a: glup|atk|1\n|-boost|p1a: glup|def|1\n|\n|upkeep\n|turn|30\n|\n|t:|1700388499\n|switch|p1a: eaten your soul|Blissey, F|86\/100\n|move|p2a: Zapdos|Volt Switch|p1a: eaten your soul\n|-damage|p1a: eaten your soul|79\/100\n|\n|t:|1700388505\n|switch|p2a: Ogerpon|Ogerpon-Wellspring-Tera, F, tera:Water|100\/100|[from] Volt Switch\n|-ability|p2a: Ogerpon|Embody Aspect (Wellspring)|boost\n|-boost|p2a: Ogerpon|spd|1\n|\n|upkeep\n|turn|31\n|-message|ScorvolTopLadder forfeited.\n|\n|win|AmazingJambon\n|raw|ScorvolTopLadder's rating: 1385 &rarr; <strong>1363<\/strong><br \/>(-22 for losing)\n|raw|AmazingJambon's rating: 1350 &rarr; <strong>1372<\/strong><br \/>(+22 for winning)\n|l|\u2606ScorvolTopLadder\n|c|\u2606AmazingJambon|hahahahahhahahahahaha\n","uploadtime":1700388543,"views":8,"p1id":"scorvoltopladder","p2id":"amazingjambon","formatid":"gen9ou","rating":1363,"private":0,"password":""}