{"id":"gen9ou-1995940116","p1":"Kalson Dragheart","p2":"ziyi1117","format":"[Gen 9] OU","log":"|j|\u2606Kalson Dragheart\n|j|\u2606ziyi1117\n|t:|1700619832\n|gametype|singles\n|player|p1|Kalson Dragheart|backpacker|1093\n|player|p2|ziyi1117|linebacker|1160\n|teamsize|p1|6\n|teamsize|p2|6\n|gen|9\n|tier|[Gen 9] OU\n|rated|\n|rule|Sleep Clause Mod: Limit one foe put to sleep\n|rule|Species Clause: Limit one of each Pok\u00e9mon\n|rule|OHKO Clause: OHKO moves are banned\n|rule|Evasion Items Clause: Evasion items are banned\n|rule|Evasion Moves Clause: Evasion moves are banned\n|rule|Endless Battle Clause: Forcing endless battles is banned\n|rule|HP Percentage Mod: HP is shown in percentages\n|clearpoke\n|poke|p1|Lucario, M|\n|poke|p1|Gardevoir, F|\n|poke|p1|Salamence, F|\n|poke|p1|Vaporeon, M|\n|poke|p1|Ceruledge, F|\n|poke|p1|Luxray, M|\n|poke|p2|Ninetales-Alola, M|\n|poke|p2|Cetitan, M|\n|poke|p2|Alomomola, F|\n|poke|p2|Clodsire, M|\n|poke|p2|Great Tusk|\n|poke|p2|Cinderace, M|\n|teampreview\n|\n|t:|1700619837\n|start\n|switch|p1a: Vaporeon|Vaporeon, M|100\/100\n|switch|p2a: Ninetales|Ninetales-Alola, M|100\/100\n|-weather|Snow|[from] ability: Snow Warning|[of] p2a: Ninetales\n|turn|1\n|\n|t:|1700619848\n|move|p2a: Ninetales|Aurora Veil|p2a: Ninetales\n|-sidestart|p2: ziyi1117|move: Aurora Veil\n|move|p1a: Vaporeon|Calm Mind|p1a: Vaporeon\n|-boost|p1a: Vaporeon|spa|1\n|-boost|p1a: Vaporeon|spd|1\n|\n|-weather|Snow|[upkeep]\n|upkeep\n|turn|2\n|\n|t:|1700619858\n|move|p2a: Ninetales|Encore|p1a: Vaporeon\n|-start|p1a: Vaporeon|Encore\n|move|p1a: Vaporeon|Calm Mind|p1a: Vaporeon\n|-boost|p1a: Vaporeon|spa|1\n|-boost|p1a: Vaporeon|spd|1\n|\n|-weather|Snow|[upkeep]\n|upkeep\n|turn|3\n|\n|t:|1700619867\n|switch|p2a: Cetitan|Cetitan, M|100\/100\n|move|p1a: Vaporeon|Calm Mind|p1a: Vaporeon\n|-boost|p1a: Vaporeon|spa|1\n|-boost|p1a: Vaporeon|spd|1\n|\n|-weather|Snow|[upkeep]\n|upkeep\n|turn|4\n|\n|t:|1700619875\n|-terastallize|p2a: Cetitan|Electric\n|move|p2a: Cetitan|Belly Drum|p2a: Cetitan\n|-damage|p2a: Cetitan|51\/100\n|-setboost|p2a: Cetitan|atk|6|[from] move: Belly Drum\n|move|p1a: Vaporeon|Calm Mind|p1a: Vaporeon\n|-boost|p1a: Vaporeon|spa|1\n|-boost|p1a: Vaporeon|spd|1\n|\n|-weather|Snow|[upkeep]\n|-heal|p2a: Cetitan|57\/100|[from] item: Leftovers\n|-end|p1a: Vaporeon|Encore\n|upkeep\n|turn|5\n|inactive|Battle timer is ON: inactive players will automatically lose when time's up. (requested by ziyi1117)\n|\n|t:|1700619900\n|move|p2a: Cetitan|Tera Blast|p1a: Vaporeon|[anim] Tera Blast Electric\n|-supereffective|p1a: Vaporeon\n|-damage|p1a: Vaporeon|0 fnt\n|faint|p1a: Vaporeon\n|\n|-weather|Snow|[upkeep]\n|-heal|p2a: Cetitan|63\/100|[from] item: Leftovers\n|-sideend|p2: ziyi1117|move: Aurora Veil\n|upkeep\n|\n|t:|1700619914\n|switch|p1a: Luxray|Luxray, M|100\/100\n|-ability|p1a: Luxray|Intimidate|boost\n|-unboost|p2a: Cetitan|atk|1\n|turn|6\n|\n|t:|1700619927\n|move|p2a: Cetitan|Earthquake|p1a: Luxray\n|-supereffective|p1a: Luxray\n|-damage|p1a: Luxray|0 fnt\n|faint|p1a: Luxray\n|\n|-weather|Snow|[upkeep]\n|-heal|p2a: Cetitan|69\/100|[from] item: Leftovers\n|upkeep\n|\n|t:|1700619942\n|switch|p1a: Lucario|Lucario, M|100\/100\n|turn|7\n|\n|t:|1700619949\n|move|p2a: Cetitan|Earthquake|p1a: Lucario\n|-supereffective|p1a: Lucario\n|-enditem|p1a: Lucario|Focus Sash\n|-damage|p1a: Lucario|1\/100\n|move|p1a: Lucario|Close Combat|p2a: Cetitan\n|-damage|p2a: Cetitan|11\/100\n|-unboost|p1a: Lucario|def|1\n|-unboost|p1a: Lucario|spd|1\n|\n|-weather|Snow|[upkeep]\n|-heal|p2a: Cetitan|17\/100|[from] item: Leftovers\n|upkeep\n|turn|8\n|\n|t:|1700619961\n|move|p1a: Lucario|Extreme Speed|p2a: Cetitan\n|-damage|p2a: Cetitan|0 fnt\n|faint|p2a: Cetitan\n|\n|-weather|none\n|upkeep\n|\n|t:|1700619969\n|switch|p2a: Cinderace|Cinderace, M|100\/100\n|turn|9\n|\n|t:|1700619976\n|move|p1a: Lucario|Extreme Speed|p2a: Cinderace\n|-damage|p2a: Cinderace|65\/100\n|move|p2a: Cinderace|Sucker Punch||[still]\n|-fail|p2a: Cinderace\n|\n|upkeep\n|turn|10\n|\n|t:|1700619983\n|move|p1a: Lucario|Extreme Speed|p2a: Cinderace\n|-damage|p2a: Cinderace|32\/100\n|move|p2a: Cinderace|Pyro Ball|p1a: Lucario|[miss]\n|-miss|p2a: Cinderace|p1a: Lucario\n|\n|upkeep\n|turn|11\n|\n|t:|1700619995\n|move|p1a: Lucario|Extreme Speed|p2a: Cinderace\n|-damage|p2a: Cinderace|0 fnt\n|faint|p2a: Cinderace\n|\n|upkeep\n|\n|t:|1700620001\n|switch|p2a: Ninetales|Ninetales-Alola, M|100\/100\n|-weather|Snow|[from] ability: Snow Warning|[of] p2a: Ninetales\n|turn|12\n|\n|t:|1700620014\n|move|p1a: Lucario|Extreme Speed|p2a: Ninetales\n|-damage|p2a: Ninetales|75\/100\n|move|p2a: Ninetales|Aurora Veil|p2a: Ninetales\n|-sidestart|p2: ziyi1117|move: Aurora Veil\n|\n|-weather|Snow|[upkeep]\n|upkeep\n|turn|13\n|\n|t:|1700620024\n|move|p2a: Ninetales|Blizzard|p1a: Lucario\n|-resisted|p1a: Lucario\n|-damage|p1a: Lucario|0 fnt\n|faint|p1a: Lucario\n|\n|-weather|Snow|[upkeep]\n|upkeep\n|\n|t:|1700620034\n|switch|p1a: Gardevoir|Gardevoir, F|100\/100\n|turn|14\n|\n|t:|1700620045\n|switch|p2a: Great Tusk|Great Tusk|100\/100\n|move|p1a: Gardevoir|Mystical Fire|p2a: Great Tusk\n|-damage|p2a: Great Tusk|92\/100\n|-unboost|p2a: Great Tusk|spa|1\n|\n|-weather|Snow|[upkeep]\n|upkeep\n|turn|15\n|\n|t:|1700620067\n|move|p1a: Gardevoir|Moonblast|p2a: Great Tusk\n|-supereffective|p2a: Great Tusk\n|-damage|p2a: Great Tusk|58\/100\n|-unboost|p2a: Great Tusk|spa|1\n|move|p2a: Great Tusk|Headlong Rush|p1a: Gardevoir\n|-damage|p1a: Gardevoir|0 fnt\n|-unboost|p2a: Great Tusk|def|1\n|-unboost|p2a: Great Tusk|spd|1\n|faint|p1a: Gardevoir\n|\n|-weather|Snow|[upkeep]\n|upkeep\n|inactive|Kalson Dragheart has 120 seconds left.\n|\n|t:|1700620087\n|switch|p1a: Ceruledge|Ceruledge, F|100\/100\n|turn|16\n|inactive|Kalson Dragheart has 120 seconds left.\n|\n|t:|1700620105\n|-end|p2a: Great Tusk|Protosynthesis|[silent]\n|switch|p2a: Clodsire|Clodsire, M|100\/100\n|-terastallize|p1a: Ceruledge|Grass\n|move|p1a: Ceruledge|Tera Blast|p2a: Clodsire|[anim] Tera Blast Grass\n|-damage|p2a: Clodsire|78\/100\n|\n|-weather|Snow|[upkeep]\n|-heal|p2a: Clodsire|85\/100|[from] item: Black Sludge\n|-sideend|p2: ziyi1117|move: Aurora Veil\n|upkeep\n|turn|17\n|inactive|Kalson Dragheart has 120 seconds left.\n|\n|t:|1700620119\n|move|p1a: Ceruledge|Bulk Up|p1a: Ceruledge\n|-boost|p1a: Ceruledge|atk|1\n|-boost|p1a: Ceruledge|def|1\n|move|p2a: Clodsire|Curse|p2a: Clodsire\n|-unboost|p2a: Clodsire|spe|1\n|-boost|p2a: Clodsire|atk|1\n|-boost|p2a: Clodsire|def|1\n|\n|-weather|Snow|[upkeep]\n|-heal|p2a: Clodsire|91\/100|[from] item: Black Sludge\n|upkeep\n|turn|18\n|inactive|Kalson Dragheart has 120 seconds left.\n|\n|t:|1700620130\n|move|p1a: Ceruledge|Bitter Blade|p2a: Clodsire\n|-damage|p2a: Clodsire|60\/100\n|move|p2a: Clodsire|Curse|p2a: Clodsire\n|-unboost|p2a: Clodsire|spe|1\n|-boost|p2a: Clodsire|atk|1\n|-boost|p2a: Clodsire|def|1\n|\n|-weather|Snow|[upkeep]\n|-heal|p2a: Clodsire|66\/100|[from] item: Black Sludge\n|upkeep\n|turn|19\n|inactive|Kalson Dragheart has 120 seconds left.\n|\n|t:|1700620152\n|switch|p1a: Salamence|Salamence, F|100\/100\n|move|p2a: Clodsire|Recover|p2a: Clodsire\n|-heal|p2a: Clodsire|100\/100\n|\n|-weather|none\n|upkeep\n|turn|20\n|\n|t:|1700620160\n|move|p1a: Salamence|Dragon Dance|p1a: Salamence\n|-boost|p1a: Salamence|atk|1\n|-boost|p1a: Salamence|spe|1\n|move|p2a: Clodsire|Curse|p2a: Clodsire\n|-unboost|p2a: Clodsire|spe|1\n|-boost|p2a: Clodsire|atk|1\n|-boost|p2a: Clodsire|def|1\n|\n|upkeep\n|turn|21\n|\n|t:|1700620170\n|move|p1a: Salamence|Dragon Dance|p1a: Salamence\n|-boost|p1a: Salamence|atk|1\n|-boost|p1a: Salamence|spe|1\n|move|p2a: Clodsire|Curse|p2a: Clodsire\n|-unboost|p2a: Clodsire|spe|1\n|-boost|p2a: Clodsire|atk|1\n|-boost|p2a: Clodsire|def|1\n|\n|upkeep\n|turn|22\n|inactive|Kalson Dragheart has 120 seconds left.\n|\n|t:|1700620179\n|move|p1a: Salamence|Earthquake|p2a: Clodsire\n|-supereffective|p2a: Clodsire\n|-damage|p2a: Clodsire|71\/100\n|move|p2a: Clodsire|Curse|p2a: Clodsire\n|-unboost|p2a: Clodsire|spe|1\n|-boost|p2a: Clodsire|atk|1\n|-boost|p2a: Clodsire|def|1\n|\n|-heal|p2a: Clodsire|77\/100|[from] item: Black Sludge\n|upkeep\n|turn|23\n|\n|t:|1700620188\n|move|p1a: Salamence|Dragon Dance|p1a: Salamence\n|-boost|p1a: Salamence|atk|1\n|-boost|p1a: Salamence|spe|1\n|move|p2a: Clodsire|Poison Jab|p1a: Salamence\n|-damage|p1a: Salamence|6\/100\n|-status|p1a: Salamence|psn\n|-enditem|p1a: Salamence|Lum Berry|[eat]\n|-curestatus|p1a: Salamence|psn|[msg]\n|\n|-heal|p2a: Clodsire|84\/100|[from] item: Black Sludge\n|upkeep\n|turn|24\n|\n|t:|1700620199\n|move|p1a: Salamence|Earthquake|p2a: Clodsire\n|-supereffective|p2a: Clodsire\n|-damage|p2a: Clodsire|58\/100\n|move|p2a: Clodsire|Poison Jab|p1a: Salamence\n|-crit|p1a: Salamence\n|-damage|p1a: Salamence|0 fnt\n|faint|p1a: Salamence\n|\n|-heal|p2a: Clodsire|65\/100|[from] item: Black Sludge\n|upkeep\n|\n|t:|1700620208\n|switch|p1a: Ceruledge|Ceruledge, F, tera:Grass|100\/100\n|turn|25\n|c|\u2606Kalson Dragheart|gg\n|-message|Kalson Dragheart forfeited.\n|\n|win|ziyi1117\n|raw|Kalson Dragheart's rating: 1093 &rarr; <strong>1074<\/strong><br \/>(-19 for losing)\n|raw|ziyi1117's rating: 1160 &rarr; <strong>1180<\/strong><br \/>(+20 for winning)\n|l|\u2606Kalson Dragheart\n","uploadtime":1700620238,"views":0,"p1id":"kalsondragheart","p2id":"ziyi1117","formatid":"gen9ou","rating":1074,"private":0,"password":""}