{"id":"gen9ou-1991736686","p1":"pastavore","p2":"boongal","format":"[Gen 9] OU","log":"|j|\u2606pastavore\n|j|\u2606boongal\n|t:|1700108882\n|gametype|singles\n|player|p1|pastavore|pokemonranger-gen4|1312\n|player|p2|boongal|sabrina|1291\n|teamsize|p1|6\n|teamsize|p2|6\n|gen|9\n|tier|[Gen 9] OU\n|rated|\n|rule|Sleep Clause Mod: Limit one foe put to sleep\n|rule|Species Clause: Limit one of each Pok\u00e9mon\n|rule|OHKO Clause: OHKO moves are banned\n|rule|Evasion Items Clause: Evasion items are banned\n|rule|Evasion Moves Clause: Evasion moves are banned\n|rule|Endless Battle Clause: Forcing endless battles is banned\n|rule|HP Percentage Mod: HP is shown in percentages\n|clearpoke\n|poke|p1|Samurott-Hisui, M|\n|poke|p1|Gholdengo|\n|poke|p1|Ceruledge, F|\n|poke|p1|Rillaboom, M|\n|poke|p1|Zamazenta-*|\n|poke|p1|Great Tusk|\n|poke|p2|Ursaluna, M|\n|poke|p2|Ribombee, M|\n|poke|p2|Tornadus-Therian, M|\n|poke|p2|Brambleghast, F|\n|poke|p2|Great Tusk|\n|poke|p2|Iron Moth|\n|teampreview\n|inactive|Battle timer is ON: inactive players will automatically lose when time's up. (requested by boongal)\n|\n|t:|1700108906\n|start\n|switch|p1a: Gholdengo|Gholdengo|100\/100\n|switch|p2a: Tornadus|Tornadus-Therian, M|100\/100\n|turn|1\n|\n|t:|1700108912\n|switch|p2a: Ribombee|Ribombee, M|100\/100\n|move|p1a: Gholdengo|Make It Rain|p2a: Ribombee\n|-supereffective|p2a: Ribombee\n|-enditem|p2a: Ribombee|Focus Sash\n|-damage|p2a: Ribombee|1\/100\n|-unboost|p1a: Gholdengo|spa|1\n|\n|upkeep\n|turn|2\n|\n|t:|1700108924\n|move|p1a: Gholdengo|Make It Rain|p2a: Ribombee\n|-supereffective|p2a: Ribombee\n|-damage|p2a: Ribombee|0 fnt\n|-unboost|p1a: Gholdengo|spa|1\n|faint|p2a: Ribombee\n|\n|upkeep\n|\n|t:|1700108935\n|switch|p2a: Iron Moth|Iron Moth|100\/100\n|-enditem|p2a: Iron Moth|Booster Energy\n|-activate|p2a: Iron Moth|ability: Quark Drive|[fromitem]\n|-start|p2a: Iron Moth|quarkdrivespe\n|turn|3\n|\n|t:|1700108946\n|switch|p1a: Samurott|Samurott-Hisui, M|100\/100\n|move|p2a: Iron Moth|Substitute|p2a: Iron Moth\n|-start|p2a: Iron Moth|Substitute\n|-damage|p2a: Iron Moth|76\/100\n|\n|upkeep\n|turn|4\n|\n|t:|1700108952\n|move|p2a: Iron Moth|Dazzling Gleam|p1a: Samurott\n|-supereffective|p1a: Samurott\n|-damage|p1a: Samurott|21\/100\n|move|p1a: Samurott|Ceaseless Edge|p2a: Iron Moth\n|-end|p2a: Iron Moth|Substitute\n|-sidestart|p2: boongal|Spikes\n|\n|upkeep\n|turn|5\n|\n|t:|1700108959\n|move|p2a: Iron Moth|Dazzling Gleam|p1a: Samurott\n|-supereffective|p1a: Samurott\n|-damage|p1a: Samurott|0 fnt\n|faint|p1a: Samurott\n|\n|upkeep\n|\n|t:|1700108972\n|switch|p1a: Great Tusk|Great Tusk|100\/100\n|-enditem|p1a: Great Tusk|Booster Energy\n|-activate|p1a: Great Tusk|ability: Protosynthesis|[fromitem]\n|-start|p1a: Great Tusk|protosynthesisspe\n|turn|6\n|\n|t:|1700108985\n|-end|p2a: Iron Moth|Quark Drive|[silent]\n|switch|p2a: Great Tusk|Great Tusk|100\/100\n|-damage|p2a: Great Tusk|88\/100|[from] Spikes\n|-enditem|p2a: Great Tusk|Booster Energy\n|-activate|p2a: Great Tusk|ability: Protosynthesis|[fromitem]\n|-start|p2a: Great Tusk|protosynthesisatk\n|-terastallize|p1a: Great Tusk|Poison\n|move|p1a: Great Tusk|High Horsepower|p2a: Great Tusk|[miss]\n|-miss|p1a: Great Tusk|p2a: Great Tusk\n|\n|upkeep\n|turn|7\n|\n|t:|1700109003\n|-end|p1a: Great Tusk|Protosynthesis|[silent]\n|switch|p1a: Rillaboom|Rillaboom, M|100\/100\n|-fieldstart|move: Grassy Terrain|[from] ability: Grassy Surge|[of] p1a: Rillaboom\n|move|p2a: Great Tusk|Earthquake|p1a: Rillaboom\n|-resisted|p1a: Rillaboom\n|-damage|p1a: Rillaboom|81\/100\n|\n|-heal|p2a: Great Tusk|94\/100|[from] Grassy Terrain\n|-heal|p1a: Rillaboom|87\/100|[from] Grassy Terrain\n|upkeep\n|turn|8\n|\n|t:|1700109017\n|-terastallize|p2a: Great Tusk|Ice\n|move|p2a: Great Tusk|Ice Spinner|p1a: Rillaboom\n|-supereffective|p1a: Rillaboom\n|-damage|p1a: Rillaboom|0 fnt\n|-fieldend|move: Grassy Terrain\n|faint|p1a: Rillaboom\n|\n|upkeep\n|\n|t:|1700109022\n|switch|p1a: Zamazenta|Zamazenta|100\/100\n|-ability|p1a: Zamazenta|Dauntless Shield|boost\n|-boost|p1a: Zamazenta|def|1\n|turn|9\n|\n|t:|1700109030\n|move|p1a: Zamazenta|Body Press|p2a: Great Tusk\n|-supereffective|p2a: Great Tusk\n|-damage|p2a: Great Tusk|5\/100\n|move|p2a: Great Tusk|Rapid Spin|p1a: Zamazenta\n|-damage|p1a: Zamazenta|90\/100\n|-boost|p2a: Great Tusk|spe|1\n|-sideend|p2: boongal|Spikes|[from] move: Rapid Spin|[of] p2a: Great Tusk\n|\n|-heal|p1a: Zamazenta|96\/100|[from] item: Leftovers\n|upkeep\n|turn|10\n|\n|t:|1700109036\n|move|p2a: Great Tusk|Earthquake|p1a: Zamazenta\n|-damage|p1a: Zamazenta|62\/100\n|move|p1a: Zamazenta|Body Press|p2a: Great Tusk\n|-supereffective|p2a: Great Tusk\n|-damage|p2a: Great Tusk|0 fnt\n|faint|p2a: Great Tusk\n|-end|p2a: Great Tusk|Protosynthesis|[silent]\n|\n|-heal|p1a: Zamazenta|68\/100|[from] item: Leftovers\n|upkeep\n|\n|t:|1700109049\n|switch|p2a: Iron Moth|Iron Moth|76\/100\n|turn|11\n|\n|t:|1700109054\n|move|p1a: Zamazenta|Crunch|p2a: Iron Moth\n|-damage|p2a: Iron Moth|47\/100\n|move|p2a: Iron Moth|Dazzling Gleam|p1a: Zamazenta\n|-supereffective|p1a: Zamazenta\n|-damage|p1a: Zamazenta|18\/100\n|\n|-heal|p1a: Zamazenta|24\/100|[from] item: Leftovers\n|upkeep\n|turn|12\n|\n|t:|1700109059\n|move|p1a: Zamazenta|Crunch|p2a: Iron Moth\n|-damage|p2a: Iron Moth|17\/100\n|move|p2a: Iron Moth|Dazzling Gleam|p1a: Zamazenta\n|-supereffective|p1a: Zamazenta\n|-damage|p1a: Zamazenta|0 fnt\n|faint|p1a: Zamazenta\n|\n|upkeep\n|\n|t:|1700109066\n|switch|p1a: Great Tusk|Great Tusk, tera:Poison|100\/100\n|turn|13\n|\n|t:|1700109075\n|move|p2a: Iron Moth|Dazzling Gleam|p1a: Great Tusk\n|-resisted|p1a: Great Tusk\n|-damage|p1a: Great Tusk|81\/100\n|move|p1a: Great Tusk|High Horsepower|p2a: Iron Moth\n|-supereffective|p2a: Iron Moth\n|-damage|p2a: Iron Moth|0 fnt\n|faint|p2a: Iron Moth\n|-end|p2a: Iron Moth|Quark Drive|[silent]\n|\n|upkeep\n|\n|t:|1700109085\n|switch|p2a: Tornadus|Tornadus-Therian, M|100\/100\n|turn|14\n|\n|t:|1700109091\n|move|p2a: Tornadus|Bleakwind Storm|p1a: Great Tusk\n|-damage|p1a: Great Tusk|30\/100\n|move|p1a: Great Tusk|Ice Spinner|p2a: Tornadus\n|-supereffective|p2a: Tornadus\n|-damage|p2a: Tornadus|55\/100\n|-enditem|p2a: Tornadus|Eject Button\n|\n|t:|1700109101\n|switch|p2a: Ursaluna|Ursaluna, M|100\/100\n|\n|-status|p2a: Ursaluna|brn|[from] item: Flame Orb\n|upkeep\n|turn|15\n|\n|t:|1700109109\n|switch|p2a: Tornadus|Tornadus-Therian, M|88\/100\n|move|p1a: Great Tusk|High Horsepower|p2a: Tornadus\n|-immune|p2a: Tornadus\n|\n|upkeep\n|turn|16\n|\n|t:|1700109118\n|move|p2a: Tornadus|Tailwind|p2a: Tornadus\n|-sidestart|p2: boongal|move: Tailwind\n|move|p1a: Great Tusk|Ice Spinner|p2a: Tornadus\n|-supereffective|p2a: Tornadus\n|-damage|p2a: Tornadus|38\/100\n|\n|upkeep\n|turn|17\n|\n|t:|1700109125\n|move|p2a: Tornadus|Bleakwind Storm|p1a: Great Tusk\n|-damage|p1a: Great Tusk|0 fnt\n|faint|p1a: Great Tusk\n|-end|p1a: Great Tusk|Protosynthesis|[silent]\n|\n|upkeep\n|\n|t:|1700109130\n|switch|p1a: Gholdengo|Gholdengo|100\/100\n|turn|18\n|\n|t:|1700109141\n|switch|p2a: Ursaluna|Ursaluna, M|100\/100 brn\n|move|p1a: Gholdengo|Make It Rain|p2a: Ursaluna\n|-damage|p2a: Ursaluna|38\/100 brn\n|-unboost|p1a: Gholdengo|spa|1\n|\n|-damage|p2a: Ursaluna|32\/100 brn|[from] brn\n|upkeep\n|turn|19\n|\n|t:|1700109152\n|move|p1a: Gholdengo|Make It Rain|p2a: Ursaluna\n|-damage|p2a: Ursaluna|0 fnt\n|-unboost|p1a: Gholdengo|spa|1\n|faint|p2a: Ursaluna\n|\n|-sideend|p2: boongal|move: Tailwind\n|upkeep\n|\n|t:|1700109153\n|switch|p2a: Tornadus|Tornadus-Therian, M|71\/100\n|turn|20\n|\n|t:|1700109170\n|move|p1a: Gholdengo|Make It Rain|p2a: Tornadus\n|-damage|p2a: Tornadus|34\/100\n|-unboost|p1a: Gholdengo|spa|1\n|move|p2a: Tornadus|Tailwind|p2a: Tornadus\n|-sidestart|p2: boongal|move: Tailwind\n|\n|upkeep\n|turn|21\n|\n|t:|1700109178\n|move|p2a: Tornadus|Heat Wave|p1a: Gholdengo\n|-supereffective|p1a: Gholdengo\n|-damage|p1a: Gholdengo|44\/100\n|move|p1a: Gholdengo|Make It Rain|p2a: Tornadus\n|-damage|p2a: Tornadus|4\/100\n|-unboost|p1a: Gholdengo|spa|1\n|\n|upkeep\n|turn|22\n|\n|t:|1700109189\n|move|p2a: Tornadus|U-turn|p1a: Gholdengo\n|-resisted|p1a: Gholdengo\n|-damage|p1a: Gholdengo|40\/100\n|\n|t:|1700109190\n|switch|p2a: Brambleghast|Brambleghast, F|100\/100|[from] U-turn\n|-ability|p2a: Brambleghast|Wind Rider|boost\n|-boost|p2a: Brambleghast|atk|1\n|move|p1a: Gholdengo|Make It Rain|p2a: Brambleghast\n|-damage|p2a: Brambleghast|62\/100\n|-unboost|p1a: Gholdengo|spa|1\n|\n|upkeep\n|turn|23\n|\n|t:|1700109208\n|switch|p2a: Tornadus|Tornadus-Therian, M|37\/100\n|switch|p1a: Ceruledge|Ceruledge, F|100\/100\n|\n|-sideend|p2: boongal|move: Tailwind\n|upkeep\n|turn|24\n|\n|t:|1700109216\n|move|p2a: Tornadus|Tailwind|p2a: Tornadus\n|-sidestart|p2: boongal|move: Tailwind\n|move|p1a: Ceruledge|Swords Dance|p1a: Ceruledge\n|-boost|p1a: Ceruledge|atk|2\n|\n|upkeep\n|turn|25\n|\n|t:|1700109220\n|move|p1a: Ceruledge|Shadow Sneak|p2a: Tornadus\n|-damage|p2a: Tornadus|0 fnt\n|faint|p2a: Tornadus\n|\n|upkeep\n|\n|t:|1700109221\n|switch|p2a: Brambleghast|Brambleghast, F|62\/100\n|-ability|p2a: Brambleghast|Wind Rider|boost\n|-boost|p2a: Brambleghast|atk|1\n|turn|26\n|\n|t:|1700109231\n|move|p2a: Brambleghast|Shadow Sneak|p1a: Ceruledge\n|-supereffective|p1a: Ceruledge\n|-damage|p1a: Ceruledge|9\/100\n|-ability|p1a: Ceruledge|Weak Armor|boost\n|-unboost|p1a: Ceruledge|def|1\n|-boost|p1a: Ceruledge|spe|2\n|move|p1a: Ceruledge|Destiny Bond|p1a: Ceruledge\n|-singlemove|p1a: Ceruledge|Destiny Bond\n|\n|upkeep\n|turn|27\n|\n|t:|1700109242\n|move|p1a: Ceruledge|Bitter Blade|p2a: Brambleghast\n|-supereffective|p2a: Brambleghast\n|-damage|p2a: Brambleghast|0 fnt\n|-heal|p1a: Ceruledge|36\/100|[from] drain|[of] p2a: Brambleghast\n|faint|p2a: Brambleghast\n|\n|win|pastavore\n|raw|pastavore's rating: 1312 &rarr; <strong>1331<\/strong><br \/>(+19 for winning)\n|raw|boongal's rating: 1291 &rarr; <strong>1268<\/strong><br \/>(-23 for losing)\n|c|\u2606pastavore|gg\n|l|\u2606pastavore\n|c|\u2606boongal|oh thats cheap as fuck\n|c|\u2606boongal|gg\n|l|\u2606boongal\n|j|\u2606pastavore\n|player|p1|pastavore|pokemonranger-gen4\n","uploadtime":1700109276,"views":8,"p1id":"pastavore","p2id":"boongal","formatid":"gen9ou","rating":1268,"private":0,"password":""}