{"id":"gen9ou-1991553956","p1":"genesis7","p2":"alvar03","format":"[Gen 9] OU","log":"|j|\u2606genesis7\n|j|\u2606alvar03\n|t:|1700087787\n|gametype|singles\n|player|p1|genesis7|#ssdleviathans|1767\n|player|p2|alvar03|alder|1905\n|teamsize|p1|6\n|teamsize|p2|6\n|gen|9\n|tier|[Gen 9] OU\n|rated|\n|rule|Sleep Clause Mod: Limit one foe put to sleep\n|rule|Species Clause: Limit one of each Pok\u00e9mon\n|rule|OHKO Clause: OHKO moves are banned\n|rule|Evasion Items Clause: Evasion items are banned\n|rule|Evasion Moves Clause: Evasion moves are banned\n|rule|Endless Battle Clause: Forcing endless battles is banned\n|rule|HP Percentage Mod: HP is shown in percentages\n|clearpoke\n|poke|p1|Sneasler, F|\n|poke|p1|Landorus-Therian, M|\n|poke|p1|Ribombee, M|\n|poke|p1|Manaphy|\n|poke|p1|Gholdengo|\n|poke|p1|Greninja-*, M|\n|poke|p2|Rillaboom, M|\n|poke|p2|Okidogi, M|\n|poke|p2|Heatran, F|\n|poke|p2|Great Tusk|\n|poke|p2|Mandibuzz, F|\n|poke|p2|Dragapult, F|\n|teampreview\n|inactive|Battle timer is ON: inactive players will automatically lose when time's up. (requested by alvar03)\n|j| Narusegawa Nagi\n|\n|t:|1700087822\n|start\n|switch|p1a: Ribombee|Ribombee, M|100\/100\n|switch|p2a: Neat Trans|Heatran, F|100\/100\n|turn|1\n|\n|t:|1700087828\n|move|p1a: Ribombee|Sticky Web|p2a: Neat Trans\n|-sidestart|p2: alvar03|move: Sticky Web\n|move|p2a: Neat Trans|Stealth Rock|p1a: Ribombee\n|-sidestart|p1: genesis7|move: Stealth Rock\n|\n|upkeep\n|turn|2\n|\n|t:|1700087831\n|move|p1a: Ribombee|Stun Spore|p2a: Neat Trans\n|-status|p2a: Neat Trans|par\n|move|p2a: Neat Trans|Magma Storm|p1a: Ribombee\n|-supereffective|p1a: Ribombee\n|-enditem|p1a: Ribombee|Focus Sash\n|-damage|p1a: Ribombee|1\/100\n|-activate|p1a: Ribombee|move: Magma Storm|[of] p2a: Neat Trans\n|\n|-damage|p1a: Ribombee|0 fnt|[from] move: Magma Storm|[partiallytrapped]\n|faint|p1a: Ribombee\n|upkeep\n|\n|t:|1700087838\n|switch|p1a: Manaphy|Manaphy|100\/100\n|-damage|p1a: Manaphy|88\/100|[from] Stealth Rock\n|turn|3\n|\n|t:|1700087845\n|switch|p2a: Lord Bongo|Rillaboom, M|100\/100\n|-activate|p2a: Lord Bongo|move: Sticky Web\n|-unboost|p2a: Lord Bongo|spe|1\n|-fieldstart|move: Grassy Terrain|[from] ability: Grassy Surge|[of] p2a: Lord Bongo\n|move|p1a: Manaphy|Tail Glow|p1a: Manaphy\n|-boost|p1a: Manaphy|spa|3\n|\n|-heal|p1a: Manaphy|94\/100|[from] Grassy Terrain\n|upkeep\n|turn|4\n|\n|t:|1700087851\n|-terastallize|p1a: Manaphy|Grass\n|move|p2a: Lord Bongo|Grassy Glide|p1a: Manaphy\n|-resisted|p1a: Manaphy\n|-damage|p1a: Manaphy|65\/100\n|move|p1a: Manaphy|Psychic|p2a: Lord Bongo\n|-damage|p2a: Lord Bongo|5\/100\n|\n|-heal|p1a: Manaphy|71\/100|[from] Grassy Terrain\n|-heal|p2a: Lord Bongo|11\/100|[from] Grassy Terrain\n|upkeep\n|turn|5\n|\n|t:|1700087857\n|move|p2a: Lord Bongo|Grassy Glide|p1a: Manaphy\n|-resisted|p1a: Manaphy\n|-damage|p1a: Manaphy|40\/100\n|move|p1a: Manaphy|Scald|p2a: Lord Bongo\n|-resisted|p2a: Lord Bongo\n|-damage|p2a: Lord Bongo|0 fnt\n|faint|p2a: Lord Bongo\n|\n|-heal|p1a: Manaphy|46\/100|[from] Grassy Terrain\n|upkeep\n|\n|t:|1700087875\n|switch|p2a: Treat Gusk|Great Tusk|100\/100\n|turn|6\n|\n|t:|1700087883\n|-terastallize|p2a: Treat Gusk|Dragon\n|move|p2a: Treat Gusk|Rapid Spin|p1a: Manaphy\n|-damage|p1a: Manaphy|27\/100\n|-boost|p2a: Treat Gusk|spe|1\n|-sideend|p2: alvar03|Sticky Web|[from] move: Rapid Spin|[of] p2a: Treat Gusk\n|move|p1a: Manaphy|Scald|p2a: Treat Gusk\n|-resisted|p2a: Treat Gusk\n|-damage|p2a: Treat Gusk|33\/100\n|\n|-heal|p2a: Treat Gusk|39\/100|[from] Grassy Terrain\n|-heal|p1a: Manaphy|33\/100|[from] Grassy Terrain\n|upkeep\n|turn|7\n|\n|t:|1700087908\n|move|p2a: Treat Gusk|Close Combat|p1a: Manaphy\n|-damage|p1a: Manaphy|0 fnt\n|-unboost|p2a: Treat Gusk|def|1\n|-unboost|p2a: Treat Gusk|spd|1\n|faint|p1a: Manaphy\n|\n|-heal|p2a: Treat Gusk|45\/100|[from] Grassy Terrain\n|-fieldend|move: Grassy Terrain\n|upkeep\n|\n|t:|1700087914\n|switch|p1a: Kuzko|Gholdengo|100\/100\n|-damage|p1a: Kuzko|94\/100|[from] Stealth Rock\n|-item|p1a: Kuzko|Air Balloon\n|turn|8\n|\n|t:|1700087923\n|-end|p2a: Treat Gusk|Protosynthesis|[silent]\n|switch|p2a: Neat Trans|Heatran, F|100\/100 par\n|move|p1a: Kuzko|Make It Rain|p2a: Neat Trans\n|-resisted|p2a: Neat Trans\n|-damage|p2a: Neat Trans|91\/100 par\n|-unboost|p1a: Kuzko|spa|1\n|\n|-heal|p2a: Neat Trans|97\/100 par|[from] item: Leftovers\n|upkeep\n|turn|9\n|j| schizzlestick\n|\n|t:|1700087930\n|switch|p1a: Greninja|Greninja, M|100\/100\n|-damage|p1a: Greninja|88\/100|[from] Stealth Rock\n|cant|p2a: Neat Trans|par\n|\n|-heal|p2a: Neat Trans|100\/100 par|[from] item: Leftovers\n|upkeep\n|turn|10\n|\n|t:|1700087938\n|switch|p2a: 142 km\/h|Dragapult, F|100\/100\n|move|p1a: Greninja|Surf|p2a: 142 km\/h\n|-resisted|p2a: 142 km\/h\n|-damage|p2a: 142 km\/h|65\/100\n|-damage|p1a: Greninja|78\/100|[from] item: Life Orb\n|\n|-heal|p2a: 142 km\/h|71\/100|[from] item: Leftovers\n|upkeep\n|turn|11\n|l| schizzlestick\n|j| Ongholdengo\n|\n|t:|1700087950\n|move|p2a: 142 km\/h|U-turn|p1a: Greninja\n|-supereffective|p1a: Greninja\n|-crit|p1a: Greninja\n|-damage|p1a: Greninja|0 fnt\n|faint|p1a: Greninja\n|\n|t:|1700087957\n|switch|p2a: Bully bird|Mandibuzz, F|100\/100|[from] U-turn\n|\n|upkeep\n|\n|t:|1700087963\n|switch|p1a: Sneasler|Sneasler, F|100\/100\n|-damage|p1a: Sneasler|95\/100|[from] Stealth Rock\n|turn|12\n|\n|t:|1700087969\n|switch|p2a: Treat Gusk|Great Tusk, tera:Dragon|45\/100\n|move|p1a: Sneasler|Dire Claw|p2a: Treat Gusk\n|-damage|p2a: Treat Gusk|16\/100\n|\n|upkeep\n|turn|13\n|j| ppyyy\n|\n|t:|1700087976\n|move|p1a: Sneasler|Dire Claw|p2a: Treat Gusk\n|-crit|p2a: Treat Gusk\n|-damage|p2a: Treat Gusk|0 fnt\n|faint|p2a: Treat Gusk\n|-end|p2a: Treat Gusk|Protosynthesis|[silent]\n|\n|upkeep\n|\n|t:|1700087978\n|switch|p2a: 142 km\/h|Dragapult, F|71\/100\n|turn|14\n|\n|t:|1700087984\n|switch|p1a: Kuzko|Gholdengo|94\/100\n|-damage|p1a: Kuzko|88\/100|[from] Stealth Rock\n|-item|p1a: Kuzko|Air Balloon\n|move|p2a: 142 km\/h|Thunder Wave|p1a: Kuzko\n|-immune|p1a: Kuzko|[from] ability: Good as Gold\n|\n|-heal|p2a: 142 km\/h|77\/100|[from] item: Leftovers\n|upkeep\n|turn|15\n|\n|t:|1700087992\n|move|p2a: 142 km\/h|U-turn|p1a: Kuzko\n|-resisted|p1a: Kuzko\n|-damage|p1a: Kuzko|85\/100\n|-enditem|p1a: Kuzko|Air Balloon\n|\n|t:|1700087994\n|switch|p2a: Neat Trans|Heatran, F|100\/100 par|[from] U-turn\n|move|p1a: Kuzko|Shadow Ball|p2a: Neat Trans\n|-damage|p2a: Neat Trans|75\/100 par\n|\n|-heal|p2a: Neat Trans|81\/100 par|[from] item: Leftovers\n|upkeep\n|turn|16\n|\n|t:|1700088002\n|switch|p1a: Landorus|Landorus-Therian, M|100\/100\n|-damage|p1a: Landorus|88\/100|[from] Stealth Rock\n|-ability|p1a: Landorus|Intimidate|boost\n|-unboost|p2a: Neat Trans|atk|1\n|cant|p2a: Neat Trans|par\n|\n|-heal|p2a: Neat Trans|87\/100 par|[from] item: Leftovers\n|upkeep\n|turn|17\n|\n|t:|1700088016\n|switch|p2a: Bully bird|Mandibuzz, F|100\/100\n|move|p1a: Landorus|Rock Slide|p2a: Bully bird\n|-supereffective|p2a: Bully bird\n|-damage|p2a: Bully bird|48\/100\n|\n|upkeep\n|turn|18\n|\n|t:|1700088025\n|switch|p1a: Kuzko|Gholdengo|85\/100\n|-damage|p1a: Kuzko|79\/100|[from] Stealth Rock\n|switch|p2a: Perro Sanxe|Okidogi, M|100\/100\n|\n|upkeep\n|turn|19\n|\n|t:|1700088031\n|switch|p2a: Neat Trans|Heatran, F|87\/100 par\n|move|p1a: Kuzko|Nasty Plot|p1a: Kuzko\n|-boost|p1a: Kuzko|spa|2\n|\n|-heal|p2a: Neat Trans|94\/100 par|[from] item: Leftovers\n|upkeep\n|turn|20\n|\n|t:|1700088036\n|move|p1a: Kuzko|Shadow Ball|p2a: Neat Trans\n|-damage|p2a: Neat Trans|41\/100 par\n|move|p2a: Neat Trans|Magma Storm|p1a: Kuzko\n|-supereffective|p1a: Kuzko\n|-damage|p1a: Kuzko|9\/100\n|-activate|p1a: Kuzko|move: Magma Storm|[of] p2a: Neat Trans\n|\n|-heal|p2a: Neat Trans|47\/100 par|[from] item: Leftovers\n|-damage|p1a: Kuzko|0 fnt|[from] move: Magma Storm|[partiallytrapped]\n|faint|p1a: Kuzko\n|upkeep\n|\n|t:|1700088044\n|switch|p1a: Sneasler|Sneasler, F|95\/100\n|-damage|p1a: Sneasler|89\/100|[from] Stealth Rock\n|turn|21\n|\n|t:|1700088048\n|move|p1a: Sneasler|Close Combat|p2a: Neat Trans\n|-supereffective|p2a: Neat Trans\n|-damage|p2a: Neat Trans|0 fnt\n|-unboost|p1a: Sneasler|def|1\n|-unboost|p1a: Sneasler|spd|1\n|faint|p2a: Neat Trans\n|\n|upkeep\n|\n|t:|1700088060\n|switch|p2a: 142 km\/h|Dragapult, F|77\/100\n|turn|22\n|\n|t:|1700088066\n|move|p2a: 142 km\/h|Draco Meteor|p1a: Sneasler\n|-damage|p1a: Sneasler|0 fnt\n|-unboost|p2a: 142 km\/h|spa|2\n|faint|p1a: Sneasler\n|\n|-heal|p2a: 142 km\/h|83\/100|[from] item: Leftovers\n|upkeep\n|\n|t:|1700088069\n|switch|p1a: Landorus|Landorus-Therian, M|88\/100\n|-damage|p1a: Landorus|76\/100|[from] Stealth Rock\n|-ability|p1a: Landorus|Intimidate|boost\n|-unboost|p2a: 142 km\/h|atk|1\n|turn|23\n|j| NaokiS2\n|\n|t:|1700088074\n|switch|p2a: Bully bird|Mandibuzz, F|48\/100\n|move|p1a: Landorus|Rock Slide|p2a: Bully bird\n|-supereffective|p2a: Bully bird\n|-damage|p2a: Bully bird|0 fnt\n|faint|p2a: Bully bird\n|\n|upkeep\n|\n|t:|1700088077\n|switch|p2a: Perro Sanxe|Okidogi, M|100\/100\n|turn|24\n|\n|t:|1700088081\n|move|p1a: Landorus|Rock Slide|p2a: Perro Sanxe\n|-resisted|p2a: Perro Sanxe\n|-damage|p2a: Perro Sanxe|81\/100\n|move|p2a: Perro Sanxe|Ice Punch|p1a: Landorus\n|-supereffective|p1a: Landorus\n|-damage|p1a: Landorus|0 fnt\n|faint|p1a: Landorus\n|\n|win|alvar03\n|raw|genesis7's rating: 1767 &rarr; <strong>1755<\/strong><br \/>(-12 for losing)\n|raw|alvar03's rating: 1905 &rarr; <strong>1917<\/strong><br \/>(+12 for winning)\n|c|\u2606alvar03|gg\n|c|\u2606genesis7|gg\n|l|\u2606genesis7\n|l| Ongholdengo\n","uploadtime":1700088151,"views":8,"p1id":"genesis7","p2id":"alvar03","formatid":"gen9ou","rating":1755,"private":0,"password":""}