{"id":"gen9ou-1990596342","p1":"adolover25","p2":"ASWBeast","format":"[Gen 9] OU","log":"|j|\u2606adolover25\n|j|\u2606ASWBeast\n|t:|1699984397\n|gametype|singles\n|player|p1|adolover25|maid|1076\n|player|p2|ASWBeast|2|1000\n|teamsize|p1|6\n|teamsize|p2|6\n|gen|9\n|tier|[Gen 9] OU\n|rated|\n|rule|Sleep Clause Mod: Limit one foe put to sleep\n|rule|Species Clause: Limit one of each Pok\u00e9mon\n|rule|OHKO Clause: OHKO moves are banned\n|rule|Evasion Items Clause: Evasion items are banned\n|rule|Evasion Moves Clause: Evasion moves are banned\n|rule|Endless Battle Clause: Forcing endless battles is banned\n|rule|HP Percentage Mod: HP is shown in percentages\n|clearpoke\n|poke|p1|Glimmora, M|\n|poke|p1|Sneasler, F|\n|poke|p1|Iron Moth|\n|poke|p1|Gholdengo|\n|poke|p1|Ogerpon-Wellspring, F|\n|poke|p1|Meowscarada, F|\n|poke|p2|Snorlax, M|\n|poke|p2|Mimikyu, F|\n|poke|p2|Azumarill, M|\n|poke|p2|Kingambit, M|\n|poke|p2|Ceruledge, M|\n|poke|p2|Magikarp, L1, F|\n|teampreview\n|inactive|Battle timer is ON: inactive players will automatically lose when time's up. (requested by adolover25)\n|\n|t:|1699984406\n|start\n|switch|p1a: Glimmora|Glimmora, M|100\/100\n|switch|p2a: Snorlax|Snorlax, M|100\/100\n|turn|1\n|\n|t:|1699984416\n|move|p1a: Glimmora|Stealth Rock|p2a: Snorlax\n|-sidestart|p2: ASWBeast|move: Stealth Rock\n|move|p2a: Snorlax|Substitute|p2a: Snorlax\n|-start|p2a: Snorlax|Substitute\n|-damage|p2a: Snorlax|76\/100\n|\n|-status|p2a: Snorlax|tox|[from] item: Toxic Orb\n|upkeep\n|turn|2\n|inactive|adolover25 has 120 seconds left.\n|\n|t:|1699984454\n|switch|p1a: Iron Moth|Iron Moth|100\/100\n|-enditem|p1a: Iron Moth|Booster Energy\n|-activate|p1a: Iron Moth|ability: Quark Drive|[fromitem]\n|-start|p1a: Iron Moth|quarkdrivespe\n|move|p2a: Snorlax|Protect||[still]\n|-fail|p2a: Snorlax\n|\n|-damage|p2a: Snorlax|69\/100 tox|[from] psn\n|upkeep\n|turn|3\n|inactive|adolover25 has 120 seconds left.\n|\n|t:|1699984473\n|move|p2a: Snorlax|Protect|p2a: Snorlax\n|-singleturn|p2a: Snorlax|Protect\n|move|p1a: Iron Moth|Substitute|p1a: Iron Moth\n|-start|p1a: Iron Moth|Substitute\n|-damage|p1a: Iron Moth|75\/100\n|\n|-damage|p2a: Snorlax|57\/100 tox|[from] psn\n|upkeep\n|turn|4\n|\n|t:|1699984480\n|move|p1a: Iron Moth|Fiery Dance|p2a: Snorlax\n|-activate|p2a: Snorlax|move: Substitute|[damage]\n|-boost|p1a: Iron Moth|spa|1\n|move|p2a: Snorlax|Belly Drum|p2a: Snorlax\n|-damage|p2a: Snorlax|7\/100 tox\n|-setboost|p2a: Snorlax|atk|6|[from] move: Belly Drum\n|\n|-damage|p2a: Snorlax|0 fnt|[from] psn\n|faint|p2a: Snorlax\n|upkeep\n|\n|t:|1699984493\n|switch|p2a: Mimikyu|Mimikyu, F|100\/100\n|-damage|p2a: Mimikyu|88\/100|[from] Stealth Rock\n|turn|5\n|inactive|adolover25 has 120 seconds left.\n|\n|t:|1699984506\n|move|p1a: Iron Moth|Fiery Dance|p2a: Mimikyu\n|-activate|p2a: Mimikyu|ability: Disguise\n|-damage|p2a: Mimikyu|88\/100\n|-boost|p1a: Iron Moth|spa|1\n|detailschange|p2a: Mimikyu|Mimikyu-Busted, F\n|-damage|p2a: Mimikyu|76\/100|[from] pokemon: Mimikyu-Busted\n|move|p2a: Mimikyu|Copycat|p2a: Mimikyu\n|move|p2a: Mimikyu|Fiery Dance|p1a: Iron Moth|[from]move: Copycat\n|-resisted|p1a: Iron Moth\n|-activate|p1a: Iron Moth|move: Substitute|[damage]\n|-damage|p2a: Mimikyu|66\/100|[from] item: Life Orb\n|\n|upkeep\n|turn|6\n|\n|t:|1699984514\n|switch|p2a: Azumarill|Azumarill, M|100\/100\n|-damage|p2a: Azumarill|88\/100|[from] Stealth Rock\n|move|p1a: Iron Moth|Fiery Dance|p2a: Azumarill\n|-resisted|p2a: Azumarill\n|-damage|p2a: Azumarill|71\/100\n|-boost|p1a: Iron Moth|spa|1\n|\n|upkeep\n|turn|7\n|\n|t:|1699984522\n|move|p1a: Iron Moth|Sludge Wave|p2a: Azumarill\n|-supereffective|p2a: Azumarill\n|-damage|p2a: Azumarill|0 fnt\n|faint|p2a: Azumarill\n|\n|upkeep\n|\n|t:|1699984528\n|switch|p2a: Magikarp|Magikarp, L1, F|100\/100\n|-damage|p2a: Magikarp|91\/100|[from] Stealth Rock\n|turn|8\n|\n|t:|1699984537\n|move|p1a: Iron Moth|Fiery Dance|p2a: Magikarp\n|-resisted|p2a: Magikarp\n|-damage|p2a: Magikarp|0 fnt\n|-boost|p1a: Iron Moth|spa|1\n|faint|p2a: Magikarp\n|\n|upkeep\n|\n|t:|1699984545\n|switch|p2a: Ceruledge|Ceruledge, M|100\/100\n|-damage|p2a: Ceruledge|76\/100|[from] Stealth Rock\n|turn|9\n|\n|t:|1699984553\n|move|p1a: Iron Moth|Sludge Wave|p2a: Ceruledge\n|-resisted|p2a: Ceruledge\n|-damage|p2a: Ceruledge|0 fnt\n|faint|p2a: Ceruledge\n|\n|upkeep\n|\n|t:|1699984558\n|switch|p2a: Mimikyu|Mimikyu-Busted, F|66\/100\n|-damage|p2a: Mimikyu|53\/100|[from] Stealth Rock\n|turn|10\n|\n|t:|1699984562\n|move|p2a: Mimikyu|Shadow Sneak|p1a: Iron Moth\n|-crit|p1a: Iron Moth\n|-end|p1a: Iron Moth|Substitute\n|-damage|p2a: Mimikyu|44\/100|[from] item: Life Orb\n|move|p1a: Iron Moth|Fiery Dance|p2a: Mimikyu\n|-damage|p2a: Mimikyu|0 fnt\n|-boost|p1a: Iron Moth|spa|1\n|faint|p2a: Mimikyu\n|\n|upkeep\n|\n|t:|1699984570\n|switch|p2a: Kingambit|Kingambit, M|100\/100\n|-damage|p2a: Kingambit|94\/100|[from] Stealth Rock\n|-activate|p2a: Kingambit|ability: Supreme Overlord\n|-start|p2a: Kingambit|fallen5|[silent]\n|turn|11\n|\n|t:|1699984579\n|-terastallize|p2a: Kingambit|Dark\n|move|p1a: Iron Moth|Substitute|p1a: Iron Moth\n|-start|p1a: Iron Moth|Substitute\n|-damage|p1a: Iron Moth|50\/100\n|move|p2a: Kingambit|Kowtow Cleave|p1a: Iron Moth\n|-end|p1a: Iron Moth|Substitute\n|\n|upkeep\n|turn|12\n|\n|t:|1699984586\n|move|p1a: Iron Moth|Bug Buzz|p2a: Kingambit\n|-supereffective|p2a: Kingambit\n|-damage|p2a: Kingambit|0 fnt\n|faint|p2a: Kingambit\n|-end|p2a: Kingambit|fallen5|[silent]\n|\n|win|adolover25\n|raw|adolover25's rating: 1076 &rarr; <strong>1098<\/strong><br \/>(+22 for winning)\n|raw|ASWBeast's rating: 1000 &rarr; <strong>1000<\/strong><br \/>(+0 for losing)\n|l|\u2606ASWBeast\n","uploadtime":1699984600,"views":8,"p1id":"adolover25","p2id":"aswbeast","formatid":"gen9ou","rating":1000,"private":0,"password":""}