{"id":"gen9ou-1995598994","p1":"raff95","p2":"NYC Red","format":"[Gen 9] OU","log":"|j|\u2606raff95\n|j|\u2606NYC Red\n|t:|1700586286\n|gametype|singles\n|player|p1|raff95|102|1123\n|player|p2|NYC Red|265|1098\n|teamsize|p1|6\n|teamsize|p2|6\n|gen|9\n|tier|[Gen 9] OU\n|rated|\n|rule|Sleep Clause Mod: Limit one foe put to sleep\n|rule|Species Clause: Limit one of each Pok\u00e9mon\n|rule|OHKO Clause: OHKO moves are banned\n|rule|Evasion Items Clause: Evasion items are banned\n|rule|Evasion Moves Clause: Evasion moves are banned\n|rule|Endless Battle Clause: Forcing endless battles is banned\n|rule|HP Percentage Mod: HP is shown in percentages\n|clearpoke\n|poke|p1|Slowking, M|\n|poke|p1|Dragonite, F|\n|poke|p1|Corviknight, F|\n|poke|p1|Braviary-Hisui, M|\n|poke|p1|Clodsire, F|\n|poke|p1|Meowscarada, F|\n|poke|p2|Ribombee, F|\n|poke|p2|Empoleon, F|\n|poke|p2|Gholdengo|\n|poke|p2|Great Tusk|\n|poke|p2|Greninja-*, M|\n|poke|p2|Iron Moth|\n|teampreview\n|inactive|Battle timer is ON: inactive players will automatically lose when time's up. (requested by NYC Red)\n|\n|t:|1700586305\n|start\n|switch|p1a: Clodsire|Clodsire, F|100\/100\n|switch|p2a: Ribombee|Ribombee, F|100\/100\n|turn|1\n|\n|t:|1700586309\n|move|p2a: Ribombee|Sticky Web|p1a: Clodsire\n|-sidestart|p1: raff95|move: Sticky Web\n|move|p1a: Clodsire|Poison Jab|p2a: Ribombee\n|-supereffective|p2a: Ribombee\n|-damage|p2a: Ribombee|18\/100\n|\n|upkeep\n|turn|2\n|\n|t:|1700586316\n|switch|p2a: Empoleon|Empoleon, F|100\/100\n|move|p1a: Clodsire|Poison Jab|p2a: Empoleon\n|-immune|p2a: Empoleon\n|\n|upkeep\n|turn|3\n|\n|t:|1700586323\n|switch|p1a: Corviknight|Corviknight, F|100\/100\n|move|p2a: Empoleon|Stealth Rock|p1a: Corviknight\n|-sidestart|p1: raff95|move: Stealth Rock\n|\n|upkeep\n|turn|4\n|\n|t:|1700586329\n|move|p1a: Corviknight|Iron Defense|p1a: Corviknight\n|-boost|p1a: Corviknight|def|2\n|move|p2a: Empoleon|Ice Beam|p1a: Corviknight\n|-damage|p1a: Corviknight|86\/100\n|\n|-heal|p1a: Corviknight|92\/100|[from] item: Leftovers\n|upkeep\n|turn|5\n|\n|t:|1700586335\n|move|p1a: Corviknight|Body Press|p2a: Empoleon\n|-supereffective|p2a: Empoleon\n|-damage|p2a: Empoleon|27\/100\n|move|p2a: Empoleon|Roar|p1a: Corviknight\n|drag|p1a: Braviary|Braviary-Hisui, M, shiny|100\/100\n|-damage|p1a: Braviary|76\/100|[from] Stealth Rock\n|\n|-heal|p2a: Empoleon|34\/100|[from] item: Leftovers\n|upkeep\n|turn|6\n|\n|t:|1700586345\n|move|p1a: Braviary|Hurricane|p2a: Empoleon\n|-resisted|p2a: Empoleon\n|-damage|p2a: Empoleon|2\/100\n|move|p2a: Empoleon|Roar|p1a: Braviary\n|drag|p1a: Meowscarada|Meowscarada, F|100\/100\n|-activate|p1a: Meowscarada|move: Sticky Web\n|-unboost|p1a: Meowscarada|spe|1\n|-damage|p1a: Meowscarada|88\/100|[from] Stealth Rock\n|\n|-heal|p2a: Empoleon|8\/100|[from] item: Leftovers\n|upkeep\n|turn|7\n|\n|t:|1700586354\n|move|p1a: Meowscarada|Knock Off|p2a: Empoleon\n|-start|p1a: Meowscarada|typechange|Dark|[from] ability: Protean\n|-damage|p2a: Empoleon|0 fnt\n|-enditem|p2a: Empoleon|Leftovers|[from] move: Knock Off|[of] p1a: Meowscarada\n|faint|p2a: Empoleon\n|\n|upkeep\n|\n|t:|1700586357\n|switch|p2a: Ribombee|Ribombee, F|18\/100\n|turn|8\n|\n|t:|1700586361\n|switch|p1a: Clodsire|Clodsire, F|100\/100\n|move|p2a: Ribombee|Stun Spore|p1a: Clodsire\n|-status|p1a: Clodsire|par\n|\n|upkeep\n|turn|9\n|\n|t:|1700586366\n|move|p2a: Ribombee|Psychic|p1a: Clodsire\n|-supereffective|p1a: Clodsire\n|-damage|p1a: Clodsire|73\/100 par\n|move|p1a: Clodsire|Poison Jab|p2a: Ribombee\n|-supereffective|p2a: Ribombee\n|-damage|p2a: Ribombee|0 fnt\n|faint|p2a: Ribombee\n|\n|upkeep\n|\n|t:|1700586375\n|switch|p2a: Great Tusk|Great Tusk|100\/100\n|turn|10\n|\n|t:|1700586385\n|switch|p1a: Corviknight|Corviknight, F|92\/100\n|-damage|p1a: Corviknight|79\/100|[from] Stealth Rock\n|move|p2a: Great Tusk|Bulk Up|p2a: Great Tusk\n|-boost|p2a: Great Tusk|atk|1\n|-boost|p2a: Great Tusk|def|1\n|\n|-heal|p1a: Corviknight|86\/100|[from] item: Leftovers\n|upkeep\n|turn|11\n|\n|t:|1700586392\n|move|p2a: Great Tusk|Bulk Up|p2a: Great Tusk\n|-boost|p2a: Great Tusk|atk|1\n|-boost|p2a: Great Tusk|def|1\n|move|p1a: Corviknight|Iron Defense|p1a: Corviknight\n|-boost|p1a: Corviknight|def|2\n|\n|-heal|p1a: Corviknight|92\/100|[from] item: Leftovers\n|upkeep\n|turn|12\n|\n|t:|1700586399\n|move|p2a: Great Tusk|Bulk Up|p2a: Great Tusk\n|-boost|p2a: Great Tusk|atk|1\n|-boost|p2a: Great Tusk|def|1\n|move|p1a: Corviknight|Iron Defense|p1a: Corviknight\n|-boost|p1a: Corviknight|def|2\n|\n|-heal|p1a: Corviknight|98\/100|[from] item: Leftovers\n|upkeep\n|turn|13\n|\n|t:|1700586405\n|move|p2a: Great Tusk|Bulk Up|p2a: Great Tusk\n|-boost|p2a: Great Tusk|atk|1\n|-boost|p2a: Great Tusk|def|1\n|move|p1a: Corviknight|Brave Bird|p2a: Great Tusk\n|-supereffective|p2a: Great Tusk\n|-damage|p2a: Great Tusk|84\/100\n|-damage|p1a: Corviknight|93\/100|[from] Recoil\n|\n|-heal|p1a: Corviknight|99\/100|[from] item: Leftovers\n|upkeep\n|turn|14\n|\n|t:|1700586412\n|move|p2a: Great Tusk|Bulk Up|p2a: Great Tusk\n|-boost|p2a: Great Tusk|atk|1\n|-boost|p2a: Great Tusk|def|1\n|move|p1a: Corviknight|Body Press|p2a: Great Tusk\n|-damage|p2a: Great Tusk|72\/100\n|\n|-heal|p1a: Corviknight|100\/100|[from] item: Leftovers\n|upkeep\n|turn|15\n|\n|t:|1700586415\n|move|p2a: Great Tusk|Rapid Spin|p1a: Corviknight\n|-resisted|p1a: Corviknight\n|-damage|p1a: Corviknight|93\/100\n|-boost|p2a: Great Tusk|spe|1\n|move|p1a: Corviknight|Iron Defense|p1a: Corviknight\n|-boost|p1a: Corviknight|def|2\n|\n|-heal|p1a: Corviknight|99\/100|[from] item: Leftovers\n|upkeep\n|turn|16\n|\n|t:|1700586418\n|move|p2a: Great Tusk|Bulk Up|p2a: Great Tusk\n|-boost|p2a: Great Tusk|atk|1\n|-boost|p2a: Great Tusk|def|1\n|move|p1a: Corviknight|Body Press|p2a: Great Tusk\n|-damage|p2a: Great Tusk|58\/100\n|\n|-heal|p1a: Corviknight|100\/100|[from] item: Leftovers\n|upkeep\n|turn|17\n|\n|t:|1700586424\n|move|p2a: Great Tusk|Ice Spinner|p1a: Corviknight\n|-crit|p1a: Corviknight\n|-damage|p1a: Corviknight|0 fnt\n|faint|p1a: Corviknight\n|\n|upkeep\n|\n|t:|1700586428\n|switch|p1a: Clodsire|Clodsire, F|73\/100 par\n|turn|18\n|\n|t:|1700586432\n|move|p2a: Great Tusk|Ice Spinner|p1a: Clodsire\n|-supereffective|p1a: Clodsire\n|-damage|p1a: Clodsire|20\/100 par\n|move|p1a: Clodsire|Earthquake|p2a: Great Tusk\n|-damage|p2a: Great Tusk|40\/100\n|\n|upkeep\n|turn|19\n|\n|t:|1700586439\n|move|p2a: Great Tusk|Rapid Spin|p1a: Clodsire\n|-damage|p1a: Clodsire|3\/100 par\n|-boost|p2a: Great Tusk|spe|1\n|move|p1a: Clodsire|Poison Jab|p2a: Great Tusk\n|-resisted|p2a: Great Tusk\n|-damage|p2a: Great Tusk|34\/100\n|\n|upkeep\n|turn|20\n|\n|t:|1700586442\n|move|p2a: Great Tusk|Rapid Spin|p1a: Clodsire\n|-damage|p1a: Clodsire|0 fnt\n|-boost|p2a: Great Tusk|spe|1\n|faint|p1a: Clodsire\n|\n|upkeep\n|-message|raff95 forfeited.\n|\n|win|NYC Red\n|raw|raff95's rating: 1123 &rarr; <strong>1096<\/strong><br \/>(-27 for losing)\n|raw|NYC Red's rating: 1098 &rarr; <strong>1125<\/strong><br \/>(+27 for winning)\n|l|\u2606raff95\n","uploadtime":1700586455,"views":1,"p1id":"raff95","p2id":"nycred","formatid":"gen9ou","rating":1096,"private":0,"password":""}