{"id":"gen9ou-1990851304","p1":"cagoen10","p2":"mudgeywudgey","format":"[Gen 9] OU","log":"|j|\u2606cagoen10\n|j|\u2606mudgeywudgey\n|t:|1700007554\n|gametype|singles\n|player|p1|cagoen10|2|1050\n|player|p2|mudgeywudgey|170|1045\n|teamsize|p1|6\n|teamsize|p2|6\n|gen|9\n|tier|[Gen 9] OU\n|rated|\n|rule|Sleep Clause Mod: Limit one foe put to sleep\n|rule|Species Clause: Limit one of each Pok\u00e9mon\n|rule|OHKO Clause: OHKO moves are banned\n|rule|Evasion Items Clause: Evasion items are banned\n|rule|Evasion Moves Clause: Evasion moves are banned\n|rule|Endless Battle Clause: Forcing endless battles is banned\n|rule|HP Percentage Mod: HP is shown in percentages\n|clearpoke\n|poke|p1|Heatran, M|\n|poke|p1|Ogerpon-Cornerstone, F|\n|poke|p1|Samurott-Hisui, F|\n|poke|p1|Ninetales-Alola, F|\n|poke|p1|Walking Wake|\n|poke|p1|Zapdos|\n|poke|p2|Greninja-*, M|\n|poke|p2|Iron Moth|\n|poke|p2|Ogerpon-Cornerstone, F|\n|poke|p2|Gholdengo|\n|poke|p2|Great Tusk|\n|poke|p2|Ribombee, F|\n|teampreview\n|inactive|Battle timer is ON: inactive players will automatically lose when time's up. (requested by mudgeywudgey)\n|\n|t:|1700007570\n|start\n|switch|p1a: Ninetales|Ninetales-Alola, F|100\/100\n|switch|p2a: Ribombee|Ribombee, F|100\/100\n|-weather|Snow|[from] ability: Snow Warning|[of] p1a: Ninetales\n|turn|1\n|\n|t:|1700007576\n|move|p2a: Ribombee|Sticky Web|p1a: Ninetales\n|-sidestart|p1: cagoen10|move: Sticky Web\n|move|p1a: Ninetales|Encore|p2a: Ribombee\n|-start|p2a: Ribombee|Encore\n|\n|-weather|Snow|[upkeep]\n|upkeep\n|turn|2\n|\n|t:|1700007586\n|switch|p2a: Iron Moth|Iron Moth|100\/100\n|move|p1a: Ninetales|Aurora Veil|p1a: Ninetales\n|-sidestart|p1: cagoen10|move: Aurora Veil\n|\n|-weather|Snow|[upkeep]\n|upkeep\n|turn|3\n|\n|t:|1700007606\n|-end|p2a: Iron Moth|Quark Drive|[silent]\n|switch|p2a: Great Tusk|Great Tusk|100\/100\n|switch|p1a: Walking Wake|Walking Wake|100\/100\n|-activate|p1a: Walking Wake|move: Sticky Web\n|-unboost|p1a: Walking Wake|spe|1\n|\n|-weather|Snow|[upkeep]\n|upkeep\n|turn|4\n|\n|t:|1700007624\n|move|p2a: Great Tusk|Knock Off|p1a: Walking Wake\n|-damage|p1a: Walking Wake|81\/100\n|-enditem|p1a: Walking Wake|Salac Berry|[from] move: Knock Off|[of] p2a: Great Tusk\n|move|p1a: Walking Wake|Hydro Steam|p2a: Great Tusk\n|-supereffective|p2a: Great Tusk\n|-damage|p2a: Great Tusk|0 fnt\n|faint|p2a: Great Tusk\n|-end|p2a: Great Tusk|Protosynthesis|[silent]\n|\n|-weather|Snow|[upkeep]\n|upkeep\n|\n|t:|1700007633\n|switch|p2a: Iron Moth|Iron Moth|100\/100\n|turn|5\n|\n|t:|1700007639\n|move|p2a: Iron Moth|Energy Ball|p1a: Walking Wake\n|-damage|p1a: Walking Wake|52\/100\n|-unboost|p1a: Walking Wake|spd|1\n|move|p1a: Walking Wake|Hydro Steam|p2a: Iron Moth\n|-supereffective|p2a: Iron Moth\n|-damage|p2a: Iron Moth|16\/100\n|\n|-weather|none\n|upkeep\n|turn|6\n|\n|t:|1700007654\n|-end|p1a: Walking Wake|Protosynthesis|[silent]\n|switch|p1a: Heatran|Heatran, M|100\/100\n|-activate|p1a: Heatran|move: Sticky Web\n|-unboost|p1a: Heatran|spe|1\n|-terastallize|p2a: Iron Moth|Grass\n|move|p2a: Iron Moth|Energy Ball|p1a: Heatran\n|-resisted|p1a: Heatran\n|-damage|p1a: Heatran|95\/100\n|\n|-heal|p1a: Heatran|100\/100|[from] item: Leftovers\n|upkeep\n|turn|7\n|\n|t:|1700007666\n|-end|p2a: Iron Moth|Quark Drive|[silent]\n|switch|p2a: Ribombee|Ribombee, F|100\/100\n|move|p1a: Heatran|Stealth Rock|p2a: Ribombee\n|-sidestart|p2: mudgeywudgey|move: Stealth Rock\n|\n|upkeep\n|turn|8\n|\n|t:|1700007672\n|move|p2a: Ribombee|Stun Spore|p1a: Heatran|[miss]\n|-miss|p2a: Ribombee|p1a: Heatran\n|move|p1a: Heatran|Lava Plume|p2a: Ribombee\n|-supereffective|p2a: Ribombee\n|-enditem|p2a: Ribombee|Focus Sash\n|-damage|p2a: Ribombee|1\/100\n|\n|upkeep\n|turn|9\n|\n|t:|1700007684\n|move|p2a: Ribombee|Stun Spore|p1a: Heatran\n|-status|p1a: Heatran|par\n|move|p1a: Heatran|Lava Plume|p2a: Ribombee\n|-supereffective|p2a: Ribombee\n|-damage|p2a: Ribombee|0 fnt\n|faint|p2a: Ribombee\n|\n|-sideend|p1: cagoen10|move: Aurora Veil\n|upkeep\n|\n|t:|1700007692\n|switch|p2a: Greninja|Greninja, M|100\/100\n|-damage|p2a: Greninja|88\/100|[from] Stealth Rock\n|turn|10\n|\n|t:|1700007702\n|switch|p1a: Walking Wake|Walking Wake|52\/100\n|-activate|p1a: Walking Wake|move: Sticky Web\n|-unboost|p1a: Walking Wake|spe|1\n|move|p2a: Greninja|Hydro Pump|p1a: Walking Wake\n|-resisted|p1a: Walking Wake\n|-damage|p1a: Walking Wake|34\/100\n|-damage|p2a: Greninja|78\/100|[from] item: Life Orb\n|\n|upkeep\n|turn|11\n|\n|t:|1700007722\n|move|p2a: Greninja|Ice Beam|p1a: Walking Wake\n|-damage|p1a: Walking Wake|0 fnt\n|faint|p1a: Walking Wake\n|-end|p1a: Walking Wake|Protosynthesis|[silent]\n|-ability|p2a: Greninja|Battle Bond|boost\n|-boost|p2a: Greninja|atk|1\n|-boost|p2a: Greninja|spa|1\n|-boost|p2a: Greninja|spe|1\n|-activate|p2a: Greninja|ability: Battle Bond\n|-damage|p2a: Greninja|69\/100|[from] item: Life Orb\n|\n|upkeep\n|\n|t:|1700007737\n|switch|p1a: Ogerpon|Ogerpon-Cornerstone, F|100\/100\n|-activate|p1a: Ogerpon|move: Sticky Web\n|-unboost|p1a: Ogerpon|spe|1\n|turn|12\n|\n|t:|1700007745\n|move|p2a: Greninja|Water Shuriken|p1a: Ogerpon\n|-damage|p1a: Ogerpon|83\/100\n|-damage|p1a: Ogerpon|66\/100\n|-hitcount|p1a: Ogerpon|2\n|-damage|p2a: Greninja|59\/100|[from] item: Life Orb\n|move|p1a: Ogerpon|Horn Leech|p2a: Greninja\n|-supereffective|p2a: Greninja\n|-damage|p2a: Greninja|0 fnt\n|-heal|p1a: Ogerpon|94\/100|[from] drain|[of] p2a: Greninja\n|faint|p2a: Greninja\n|\n|upkeep\n|inactive|mudgeywudgey has 120 seconds left.\n|\n|t:|1700007771\n|switch|p2a: Iron Moth|Iron Moth, tera:Grass|16\/100\n|-damage|p2a: Iron Moth|4\/100|[from] Stealth Rock\n|turn|13\n|inactive|mudgeywudgey has 120 seconds left.\n|\n|t:|1700007786\n|switch|p1a: Heatran|Heatran, M|100\/100 par\n|-activate|p1a: Heatran|move: Sticky Web\n|-unboost|p1a: Heatran|spe|1\n|move|p2a: Iron Moth|Psychic|p1a: Heatran\n|-resisted|p1a: Heatran\n|-damage|p1a: Heatran|87\/100 par\n|\n|-heal|p1a: Heatran|93\/100 par|[from] item: Leftovers\n|upkeep\n|turn|14\n|-message|mudgeywudgey forfeited.\n|\n|win|cagoen10\n|raw|cagoen10's rating: 1050 &rarr; <strong>1082<\/strong><br \/>(+32 for winning)\n|raw|mudgeywudgey's rating: 1045 &rarr; <strong>1028<\/strong><br \/>(-17 for losing)\n|l|\u2606mudgeywudgey\n","uploadtime":1700007958,"views":12,"p1id":"cagoen10","p2id":"mudgeywudgey","formatid":"gen9ou","rating":1028,"private":0,"password":""}