{"id":"gen9ou-1997472104","p1":"Landryssa60","p2":"Skaraptor2.1","format":"[Gen 9] OU","log":"|j|\u2606Landryssa60\n|j|\u2606Skaraptor2.1\n|t:|1700811326\n|gametype|singles\n|player|p1|Landryssa60|101|1274\n|player|p2|Skaraptor2.1|bodybuilderf-gen9|1381\n|teamsize|p1|6\n|teamsize|p2|6\n|gen|9\n|tier|[Gen 9] OU\n|rated|\n|rule|Sleep Clause Mod: Limit one foe put to sleep\n|rule|Species Clause: Limit one of each Pok\u00e9mon\n|rule|OHKO Clause: OHKO moves are banned\n|rule|Evasion Items Clause: Evasion items are banned\n|rule|Evasion Moves Clause: Evasion moves are banned\n|rule|Endless Battle Clause: Forcing endless battles is banned\n|rule|HP Percentage Mod: HP is shown in percentages\n|clearpoke\n|poke|p1|Kingambit, M|\n|poke|p1|Great Tusk|\n|poke|p1|Dragapult, F|\n|poke|p1|Ogerpon-Wellspring, F|\n|poke|p1|Blissey, F|\n|poke|p1|Zapdos|\n|poke|p2|Ribombee, M|\n|poke|p2|Ogerpon-Wellspring, F|\n|poke|p2|Great Tusk|\n|poke|p2|Zamazenta-*|\n|poke|p2|Iron Valiant|\n|poke|p2|Kingambit, F|\n|teampreview\n|inactive|Battle timer is ON: inactive players will automatically lose when time's up. (requested by Skaraptor2.1)\n|inactive|Skaraptor2.1 has 120 seconds left.\n|\n|t:|1700811363\n|start\n|switch|p1a: Zapdos|Zapdos, shiny|100\/100\n|switch|p2a: Twink|Ribombee, M|100\/100\n|turn|1\n|\n|t:|1700811370\n|move|p2a: Twink|Sticky Web|p1a: Zapdos\n|-sidestart|p1: Landryssa60|move: Sticky Web\n|move|p1a: Zapdos|Heat Wave|p2a: Twink\n|-supereffective|p2a: Twink\n|-damage|p2a: Twink|28\/100\n|\n|upkeep\n|turn|2\n|\n|t:|1700811386\n|move|p2a: Twink|Skill Swap|p1a: Zapdos\n|-activate|p2a: Twink|move: Skill Swap|Static|Shield Dust|[of] p1a: Zapdos\n|move|p1a: Zapdos|Hurricane|p2a: Twink\n|-supereffective|p2a: Twink\n|-damage|p2a: Twink|0 fnt\n|faint|p2a: Twink\n|\n|upkeep\n|\n|t:|1700811391\n|switch|p2a: Transfem|Ogerpon-Wellspring, F|100\/100\n|turn|3\n|\n|t:|1700811403\n|move|p2a: Transfem|Knock Off|p1a: Zapdos\n|-damage|p1a: Zapdos|68\/100\n|-enditem|p1a: Zapdos|Heavy-Duty Boots|[from] move: Knock Off|[of] p2a: Transfem\n|move|p1a: Zapdos|Volt Switch|p2a: Transfem\n|-damage|p2a: Transfem|69\/100\n|\n|t:|1700811417\n|switch|p1a: Dragapult|Dragapult, F, shiny|100\/100|[from] Volt Switch\n|-activate|p1a: Dragapult|move: Sticky Web\n|-unboost|p1a: Dragapult|spe|1\n|\n|upkeep\n|turn|4\n|\n|t:|1700811421\n|switch|p1a: Zapdos|Zapdos, shiny|68\/100\n|move|p2a: Transfem|Knock Off|p1a: Zapdos\n|-damage|p1a: Zapdos|47\/100\n|\n|upkeep\n|turn|5\n|\n|t:|1700811428\n|move|p2a: Transfem|Ivy Cudgel|p1a: Zapdos|[anim] Ivy Cudgel Water\n|-damage|p1a: Zapdos|0 fnt\n|faint|p1a: Zapdos\n|\n|upkeep\n|\n|t:|1700811437\n|switch|p1a: Great Tusk|Great Tusk|100\/100\n|-activate|p1a: Great Tusk|move: Sticky Web\n|-unboost|p1a: Great Tusk|spe|1\n|turn|6\n|\n|t:|1700811443\n|-terastallize|p1a: Great Tusk|Steel\n|move|p2a: Transfem|Ivy Cudgel|p1a: Great Tusk|[anim] Ivy Cudgel Water\n|-damage|p1a: Great Tusk|64\/100\n|move|p1a: Great Tusk|Rapid Spin|p2a: Transfem\n|-damage|p2a: Transfem|49\/100\n|-boost|p1a: Great Tusk|spe|1\n|-sideend|p1: Landryssa60|Sticky Web|[from] move: Rapid Spin|[of] p1a: Great Tusk\n|\n|-heal|p1a: Great Tusk|71\/100|[from] item: Leftovers\n|upkeep\n|turn|7\n|\n|t:|1700811453\n|move|p2a: Transfem|Knock Off|p1a: Great Tusk\n|-damage|p1a: Great Tusk|46\/100\n|-enditem|p1a: Great Tusk|Leftovers|[from] move: Knock Off|[of] p2a: Transfem\n|move|p1a: Great Tusk|Bulk Up|p1a: Great Tusk\n|-boost|p1a: Great Tusk|atk|1\n|-boost|p1a: Great Tusk|def|1\n|\n|upkeep\n|turn|8\n|\n|t:|1700811461\n|move|p2a: Transfem|Swords Dance|p2a: Transfem\n|-boost|p2a: Transfem|atk|2\n|move|p1a: Great Tusk|Knock Off|p2a: Transfem\n|-damage|p2a: Transfem|14\/100\n|\n|upkeep\n|turn|9\n|\n|t:|1700811468\n|move|p2a: Transfem|Ivy Cudgel|p1a: Great Tusk|[anim] Ivy Cudgel Water\n|-damage|p1a: Great Tusk|0 fnt\n|faint|p1a: Great Tusk\n|-end|p1a: Great Tusk|Protosynthesis|[silent]\n|\n|upkeep\n|\n|t:|1700811472\n|switch|p1a: Ogerpon|Ogerpon-Wellspring, F|100\/100\n|turn|10\n|\n|t:|1700811480\n|move|p1a: Ogerpon|Encore|p2a: Transfem\n|-start|p2a: Transfem|Encore\n|move|p2a: Transfem|Ivy Cudgel|p1a: Ogerpon|[anim] Ivy Cudgel Water\n|-immune|p1a: Ogerpon|[from] ability: Water Absorb\n|\n|upkeep\n|turn|11\n|\n|t:|1700811487\n|move|p2a: Transfem|Ivy Cudgel|p1a: Ogerpon|[anim] Ivy Cudgel Water\n|-immune|p1a: Ogerpon|[from] ability: Water Absorb\n|move|p1a: Ogerpon|U-turn|p2a: Transfem\n|-supereffective|p2a: Transfem\n|-damage|p2a: Transfem|0 fnt\n|faint|p2a: Transfem\n|l|\u2606Skaraptor2.1\n|inactive|Skaraptor2.1 disconnected and has a minute to reconnect!\n|player|p2|\n|inactive|Landryssa60 has 120 seconds left.\n|\n|t:|1700811519\n|switch|p1a: Dragapult|Dragapult, F, shiny|100\/100|[from] U-turn\n|\n|upkeep\n|j|\u2606Skaraptor2.1\n|inactive|Skaraptor2.1 reconnected and has 150 seconds left.\n|player|p2|Skaraptor2.1|bodybuilderf-gen9\n|\n|t:|1700811525\n|switch|p2a: Bigender|Iron Valiant|100\/100\n|-enditem|p2a: Bigender|Booster Energy\n|-activate|p2a: Bigender|ability: Quark Drive|[fromitem]\n|-start|p2a: Bigender|quarkdrivespe\n|turn|12\n|inactive|Landryssa60 has 120 seconds left.\n|\n|t:|1700811540\n|switch|p1a: Blissey|Blissey, F, shiny|100\/100\n|move|p2a: Bigender|Moonblast|p1a: Blissey\n|-damage|p1a: Blissey|84\/100\n|\n|upkeep\n|turn|13\n|\n|t:|1700811567\n|move|p2a: Bigender|Calm Mind|p2a: Bigender\n|-boost|p2a: Bigender|spa|1\n|-boost|p2a: Bigender|spd|1\n|move|p1a: Blissey|Stealth Rock|p2a: Bigender\n|-sidestart|p2: Skaraptor2.1|move: Stealth Rock\n|\n|upkeep\n|turn|14\n|\n|t:|1700811574\n|move|p2a: Bigender|Calm Mind|p2a: Bigender\n|-boost|p2a: Bigender|spa|1\n|-boost|p2a: Bigender|spd|1\n|move|p1a: Blissey|Seismic Toss|p2a: Bigender\n|-damage|p2a: Bigender|66\/100\n|\n|upkeep\n|turn|15\n|\n|t:|1700811582\n|move|p2a: Bigender|Moonblast|p1a: Blissey\n|-damage|p1a: Blissey|50\/100\n|move|p1a: Blissey|Soft-Boiled|p1a: Blissey\n|-heal|p1a: Blissey|100\/100\n|\n|upkeep\n|turn|16\n|\n|t:|1700811587\n|move|p2a: Bigender|Moonblast|p1a: Blissey\n|-damage|p1a: Blissey|64\/100\n|move|p1a: Blissey|Seismic Toss|p2a: Bigender\n|-damage|p2a: Bigender|31\/100\n|\n|upkeep\n|turn|17\n|\n|t:|1700811593\n|move|p2a: Bigender|Moonblast|p1a: Blissey\n|-damage|p1a: Blissey|31\/100\n|move|p1a: Blissey|Soft-Boiled|p1a: Blissey\n|-heal|p1a: Blissey|81\/100\n|\n|upkeep\n|turn|18\n|\n|t:|1700811599\n|move|p2a: Bigender|Destiny Bond|p2a: Bigender\n|-singlemove|p2a: Bigender|Destiny Bond\n|move|p1a: Blissey|Soft-Boiled|p1a: Blissey\n|-heal|p1a: Blissey|100\/100\n|\n|upkeep\n|turn|19\n|\n|t:|1700811610\n|move|p2a: Bigender|Moonblast|p1a: Blissey\n|-crit|p1a: Blissey\n|-damage|p1a: Blissey|49\/100\n|-unboost|p1a: Blissey|spa|1\n|move|p1a: Blissey|Shadow Ball|p2a: Bigender\n|-damage|p2a: Bigender|22\/100\n|-unboost|p2a: Bigender|spd|1\n|\n|upkeep\n|turn|20\n|\n|t:|1700811629\n|move|p2a: Bigender|Moonblast|p1a: Blissey\n|-damage|p1a: Blissey|13\/100\n|move|p1a: Blissey|Soft-Boiled|p1a: Blissey\n|-heal|p1a: Blissey|63\/100\n|\n|upkeep\n|turn|21\n|\n|t:|1700811634\n|move|p2a: Bigender|Moonblast|p1a: Blissey\n|-damage|p1a: Blissey|29\/100\n|move|p1a: Blissey|Soft-Boiled|p1a: Blissey\n|-heal|p1a: Blissey|79\/100\n|\n|upkeep\n|turn|22\n|\n|t:|1700811641\n|move|p2a: Bigender|Moonblast|p1a: Blissey\n|-damage|p1a: Blissey|47\/100\n|-unboost|p1a: Blissey|spa|1\n|move|p1a: Blissey|Seismic Toss|p2a: Bigender\n|-damage|p2a: Bigender|0 fnt\n|faint|p2a: Bigender\n|-end|p2a: Bigender|Quark Drive|[silent]\n|\n|upkeep\n|\n|t:|1700811648\n|switch|p2a: Raging Queer|Great Tusk|100\/100\n|turn|23\n|\n|t:|1700811655\n|switch|p1a: Dragapult|Dragapult, F, shiny|100\/100\n|move|p2a: Raging Queer|Knock Off|p1a: Dragapult\n|-supereffective|p1a: Dragapult\n|-damage|p1a: Dragapult|13\/100\n|-enditem|p1a: Dragapult|Choice Specs|[from] move: Knock Off|[of] p2a: Raging Queer\n|\n|upkeep\n|turn|24\n|\n|t:|1700811668\n|-terastallize|p2a: Raging Queer|Dark\n|move|p1a: Dragapult|Draco Meteor|p2a: Raging Queer\n|-damage|p2a: Raging Queer|12\/100\n|-unboost|p1a: Dragapult|spa|2\n|move|p2a: Raging Queer|Knock Off|p1a: Dragapult\n|-supereffective|p1a: Dragapult\n|-damage|p1a: Dragapult|0 fnt\n|faint|p1a: Dragapult\n|\n|upkeep\n|\n|t:|1700811695\n|switch|p1a: Ogerpon|Ogerpon-Wellspring, F|100\/100\n|turn|25\n|\n|t:|1700811705\n|move|p1a: Ogerpon|Ivy Cudgel|p2a: Raging Queer|[anim] Ivy Cudgel Water\n|-damage|p2a: Raging Queer|0 fnt\n|faint|p2a: Raging Queer\n|-end|p2a: Raging Queer|Protosynthesis|[silent]\n|\n|upkeep\n|\n|t:|1700811707\n|switch|p2a: Defender of Trans|Zamazenta, shiny|100\/100\n|-damage|p2a: Defender of Trans|94\/100|[from] Stealth Rock\n|-ability|p2a: Defender of Trans|Dauntless Shield|boost\n|-boost|p2a: Defender of Trans|def|1\n|turn|26\n|\n|t:|1700811721\n|move|p2a: Defender of Trans|Iron Defense|p2a: Defender of Trans\n|-boost|p2a: Defender of Trans|def|2\n|move|p1a: Ogerpon|Power Whip|p2a: Defender of Trans\n|-damage|p2a: Defender of Trans|75\/100\n|\n|-heal|p2a: Defender of Trans|81\/100|[from] item: Leftovers\n|upkeep\n|turn|27\n|\n|t:|1700811729\n|move|p2a: Defender of Trans|Iron Defense|p2a: Defender of Trans\n|-boost|p2a: Defender of Trans|def|2\n|move|p1a: Ogerpon|Encore|p2a: Defender of Trans\n|-start|p2a: Defender of Trans|Encore\n|\n|-heal|p2a: Defender of Trans|87\/100|[from] item: Leftovers\n|upkeep\n|turn|28\n|\n|t:|1700811737\n|move|p2a: Defender of Trans|Iron Defense|p2a: Defender of Trans\n|-boost|p2a: Defender of Trans|def|1\n|move|p1a: Ogerpon|Ivy Cudgel|p2a: Defender of Trans|[anim] Ivy Cudgel Water\n|-damage|p2a: Defender of Trans|78\/100\n|\n|-heal|p2a: Defender of Trans|84\/100|[from] item: Leftovers\n|upkeep\n|turn|29\n|\n|t:|1700811750\n|switch|p1a: Kingambit|Kingambit, M|100\/100\n|-activate|p1a: Kingambit|ability: Supreme Overlord\n|-start|p1a: Kingambit|fallen3|[silent]\n|move|p2a: Defender of Trans|Iron Defense|p2a: Defender of Trans\n|-boost|p2a: Defender of Trans|def|0\n|\n|-heal|p2a: Defender of Trans|90\/100|[from] item: Leftovers\n|upkeep\n|turn|30\n|-message|Landryssa60 forfeited.\n|\n|win|Skaraptor2.1\n|raw|Landryssa60's rating: 1274 &rarr; <strong>1256<\/strong><br \/>(-18 for losing)\n|raw|Skaraptor2.1's rating: 1381 &rarr; <strong>1395<\/strong><br \/>(+14 for winning)\n|l|\u2606Landryssa60\n","uploadtime":1700811758,"views":2,"p1id":"landryssa60","p2id":"skaraptor21","formatid":"gen9ou","rating":1256,"private":0,"password":""}