{"id":"gen9ou-1997293570","p1":"PureVessel00","p2":"Sick Fiesta","format":"[Gen 9] OU","log":"|j|\u2606PureVessel00\n|j|\u2606Sick Fiesta\n|t:|1700785673\n|gametype|singles\n|player|p1|PureVessel00|pokemaniac|1611\n|player|p2|Sick Fiesta|waiter-gen4dp|1590\n|teamsize|p1|6\n|teamsize|p2|6\n|gen|9\n|tier|[Gen 9] OU\n|rated|\n|rule|Sleep Clause Mod: Limit one foe put to sleep\n|rule|Species Clause: Limit one of each Pok\u00e9mon\n|rule|OHKO Clause: OHKO moves are banned\n|rule|Evasion Items Clause: Evasion items are banned\n|rule|Evasion Moves Clause: Evasion moves are banned\n|rule|Endless Battle Clause: Forcing endless battles is banned\n|rule|HP Percentage Mod: HP is shown in percentages\n|clearpoke\n|poke|p1|Ursaluna, M|\n|poke|p1|Corviknight, M|\n|poke|p1|Iron Hands|\n|poke|p1|Dragonite, F|\n|poke|p1|Dondozo, F|\n|poke|p1|Cinderace, F|\n|poke|p2|Meowscarada, F|\n|poke|p2|Slowking-Galar, M|\n|poke|p2|Iron Valiant|\n|poke|p2|Garganacl, F|\n|poke|p2|Dragonite, M|\n|poke|p2|Great Tusk|\n|teampreview\n|inactive|Battle timer is ON: inactive players will automatically lose when time's up. (requested by Sick Fiesta)\n|\n|t:|1700785691\n|start\n|switch|p1a: Corviknight|Corviknight, M|100\/100\n|switch|p2a: Slowking|Slowking-Galar, M|100\/100\n|-ability|p1a: Corviknight|Pressure\n|turn|1\n|\n|t:|1700785698\n|move|p1a: Corviknight|U-turn|p2a: Slowking\n|-damage|p2a: Slowking|84\/100\n|\n|t:|1700785712\n|switch|p1a: Ursaluna|Ursaluna, M|100\/100|[from] U-turn\n|move|p2a: Slowking|Trick|p1a: Ursaluna\n|-activate|p2a: Slowking|move: Trick|[of] p1a: Ursaluna\n|-item|p1a: Ursaluna|Black Sludge|[from] move: Trick\n|-item|p2a: Slowking|Flame Orb|[from] move: Trick\n|\n|-damage|p1a: Ursaluna|88\/100|[from] item: Black Sludge\n|-status|p2a: Slowking|brn|[from] item: Flame Orb\n|upkeep\n|turn|2\n|\n|t:|1700785730\n|switch|p2a: Great Tusk|Great Tusk|100\/100\n|move|p1a: Ursaluna|Facade|p2a: Great Tusk\n|-damage|p2a: Great Tusk|70\/100\n|\n|-heal|p2a: Great Tusk|76\/100|[from] item: Leftovers\n|-damage|p1a: Ursaluna|76\/100|[from] item: Black Sludge\n|upkeep\n|turn|3\n|\n|t:|1700785750\n|switch|p1a: Corviknight|Corviknight, M|100\/100\n|-ability|p1a: Corviknight|Pressure\n|move|p2a: Great Tusk|Ice Spinner|p1a: Corviknight\n|-crit|p1a: Corviknight\n|-damage|p1a: Corviknight|73\/100\n|-damage|p2a: Great Tusk|59\/100|[from] item: Rocky Helmet|[of] p1a: Corviknight\n|\n|-heal|p2a: Great Tusk|65\/100|[from] item: Leftovers\n|upkeep\n|turn|4\n|\n|t:|1700785761\n|-end|p2a: Great Tusk|Protosynthesis|[silent]\n|switch|p2a: Garganacl|Garganacl, F|100\/100\n|move|p1a: Corviknight|U-turn|p2a: Garganacl\n|-damage|p2a: Garganacl|92\/100\n|\n|t:|1700785771\n|switch|p1a: Ursaluna|Ursaluna, M|76\/100|[from] U-turn\n|\n|-damage|p1a: Ursaluna|63\/100|[from] item: Black Sludge\n|-heal|p2a: Garganacl|98\/100|[from] item: Leftovers\n|upkeep\n|turn|5\n|\n|t:|1700785782\n|switch|p2a: Great Tusk|Great Tusk|65\/100\n|move|p1a: Ursaluna|Avalanche|p2a: Great Tusk\n|-supereffective|p2a: Great Tusk\n|-crit|p2a: Great Tusk\n|-damage|p2a: Great Tusk|10\/100\n|\n|-heal|p2a: Great Tusk|17\/100|[from] item: Leftovers\n|-damage|p1a: Ursaluna|51\/100|[from] item: Black Sludge\n|upkeep\n|turn|6\n|\n|t:|1700785795\n|switch|p1a: Corviknight|Corviknight, M|73\/100\n|-ability|p1a: Corviknight|Pressure\n|move|p2a: Great Tusk|Earthquake|p1a: Corviknight\n|-immune|p1a: Corviknight\n|\n|-heal|p2a: Great Tusk|23\/100|[from] item: Leftovers\n|upkeep\n|turn|7\n|\n|t:|1700785809\n|-end|p2a: Great Tusk|Protosynthesis|[silent]\n|switch|p2a: Garganacl|Garganacl, F|98\/100\n|move|p1a: Corviknight|U-turn|p2a: Garganacl\n|-damage|p2a: Garganacl|89\/100\n|inactive|PureVessel00 has 120 seconds left.\n|\n|t:|1700785820\n|switch|p1a: Iron Hands|Iron Hands|100\/100|[from] U-turn\n|\n|-heal|p2a: Garganacl|95\/100|[from] item: Leftovers\n|upkeep\n|turn|8\n|\n|t:|1700785828\n|-terastallize|p2a: Garganacl|Poison\n|move|p1a: Iron Hands|Drain Punch|p2a: Garganacl\n|-resisted|p2a: Garganacl\n|-damage|p2a: Garganacl|79\/100\n|move|p2a: Garganacl|Iron Defense|p2a: Garganacl\n|-boost|p2a: Garganacl|def|2\n|\n|-heal|p2a: Garganacl|85\/100|[from] item: Leftovers\n|upkeep\n|turn|9\n|inactive|PureVessel00 has 120 seconds left.\n|\n|t:|1700785846\n|move|p1a: Iron Hands|Earthquake|p2a: Garganacl\n|-supereffective|p2a: Garganacl\n|-damage|p2a: Garganacl|55\/100\n|move|p2a: Garganacl|Iron Defense|p2a: Garganacl\n|-boost|p2a: Garganacl|def|2\n|\n|-heal|p2a: Garganacl|61\/100|[from] item: Leftovers\n|upkeep\n|turn|10\n|inactive|PureVessel00 has 120 seconds left.\n|\n|t:|1700785858\n|move|p1a: Iron Hands|Earthquake|p2a: Garganacl\n|-supereffective|p2a: Garganacl\n|-damage|p2a: Garganacl|44\/100\n|move|p2a: Garganacl|Recover|p2a: Garganacl\n|-heal|p2a: Garganacl|94\/100\n|\n|-heal|p2a: Garganacl|99\/100|[from] item: Leftovers\n|upkeep\n|turn|11\n|\n|t:|1700785865\n|move|p1a: Iron Hands|Earthquake|p2a: Garganacl\n|-supereffective|p2a: Garganacl\n|-damage|p2a: Garganacl|82\/100\n|move|p2a: Garganacl|Iron Defense|p2a: Garganacl\n|-boost|p2a: Garganacl|def|2\n|\n|-heal|p2a: Garganacl|88\/100|[from] item: Leftovers\n|upkeep\n|turn|12\n|\n|t:|1700785872\n|move|p1a: Iron Hands|Earthquake|p2a: Garganacl\n|-supereffective|p2a: Garganacl\n|-damage|p2a: Garganacl|75\/100\n|move|p2a: Garganacl|Body Press|p1a: Iron Hands\n|-damage|p1a: Iron Hands|31\/100\n|\n|-heal|p2a: Garganacl|81\/100|[from] item: Leftovers\n|upkeep\n|turn|13\n|\n|t:|1700785886\n|move|p1a: Iron Hands|Earthquake|p2a: Garganacl\n|-supereffective|p2a: Garganacl\n|-damage|p2a: Garganacl|68\/100\n|move|p2a: Garganacl|Body Press|p1a: Iron Hands\n|-damage|p1a: Iron Hands|0 fnt\n|faint|p1a: Iron Hands\n|-end|p1a: Iron Hands|Quark Drive|[silent]\n|\n|-heal|p2a: Garganacl|74\/100|[from] item: Leftovers\n|upkeep\n|inactive|PureVessel00 has 120 seconds left.\n|\n|t:|1700785902\n|switch|p1a: Dondozo|Dondozo, F|100\/100\n|turn|14\n|\n|t:|1700785907\n|-terastallize|p1a: Dondozo|Fairy\n|move|p1a: Dondozo|Curse|p1a: Dondozo\n|-unboost|p1a: Dondozo|spe|1\n|-boost|p1a: Dondozo|atk|1\n|-boost|p1a: Dondozo|def|1\n|move|p2a: Garganacl|Salt Cure|p1a: Dondozo\n|-damage|p1a: Dondozo|96\/100\n|-start|p1a: Dondozo|Salt Cure\n|\n|-heal|p2a: Garganacl|80\/100|[from] item: Leftovers\n|-heal|p1a: Dondozo|100\/100|[from] item: Leftovers\n|-damage|p1a: Dondozo|88\/100|[from] Salt Cure\n|upkeep\n|turn|15\n|\n|t:|1700785919\n|switch|p2a: Slowking|Slowking-Galar, M|100\/100 brn\n|move|p1a: Dondozo|Curse|p1a: Dondozo\n|-unboost|p1a: Dondozo|spe|1\n|-boost|p1a: Dondozo|atk|1\n|-boost|p1a: Dondozo|def|1\n|\n|-heal|p1a: Dondozo|94\/100|[from] item: Leftovers\n|-damage|p2a: Slowking|94\/100 brn|[from] brn\n|-damage|p1a: Dondozo|82\/100|[from] Salt Cure\n|upkeep\n|turn|16\n|\n|t:|1700785931\n|switch|p1a: Ursaluna|Ursaluna, M|51\/100\n|move|p2a: Slowking|Future Sight|p1a: Ursaluna\n|-start|p2a: Slowking|move: Future Sight\n|\n|-damage|p1a: Ursaluna|38\/100|[from] item: Black Sludge\n|-damage|p2a: Slowking|88\/100 brn|[from] brn\n|upkeep\n|turn|17\n|\n|t:|1700785938\n|switch|p2a: Great Tusk|Great Tusk|23\/100\n|move|p1a: Ursaluna|Earthquake|p2a: Great Tusk\n|-damage|p2a: Great Tusk|0 fnt\n|faint|p2a: Great Tusk\n|-end|p2a: Great Tusk|Protosynthesis|[silent]\n|\n|-damage|p1a: Ursaluna|26\/100|[from] item: Black Sludge\n|upkeep\n|inactive|Sick Fiesta has 120 seconds left.\n|\n|t:|1700785969\n|switch|p2a: Iron Valiant|Iron Valiant|100\/100\n|-enditem|p2a: Iron Valiant|Booster Energy\n|-activate|p2a: Iron Valiant|ability: Quark Drive|[fromitem]\n|-start|p2a: Iron Valiant|quarkdrivespe\n|turn|18\n|\n|t:|1700785976\n|move|p2a: Iron Valiant|Moonblast|p1a: Ursaluna\n|-damage|p1a: Ursaluna|0 fnt\n|faint|p1a: Ursaluna\n|\n|-hint|Future Sight did not hit because the target is fainted.\n|upkeep\n|\n|t:|1700785991\n|switch|p1a: Dragonite|Dragonite, F|100\/100\n|turn|19\n|\n|t:|1700786001\n|move|p2a: Iron Valiant|Moonblast|p1a: Dragonite\n|-supereffective|p1a: Dragonite\n|-damage|p1a: Dragonite|55\/100\n|-unboost|p1a: Dragonite|spa|1\n|move|p1a: Dragonite|Dragon Dance|p1a: Dragonite\n|-boost|p1a: Dragonite|atk|1\n|-boost|p1a: Dragonite|spe|1\n|\n|upkeep\n|turn|20\n|\n|t:|1700786008\n|move|p1a: Dragonite|Extreme Speed|p2a: Iron Valiant\n|-damage|p2a: Iron Valiant|38\/100\n|move|p2a: Iron Valiant|Moonblast|p1a: Dragonite\n|-supereffective|p1a: Dragonite\n|-damage|p1a: Dragonite|0 fnt\n|faint|p1a: Dragonite\n|\n|upkeep\n|\n|t:|1700786022\n|switch|p1a: Dondozo|Dondozo, F, tera:Fairy|82\/100\n|turn|21\n|\n|t:|1700786025\n|move|p2a: Iron Valiant|Moonblast|p1a: Dondozo\n|-damage|p1a: Dondozo|44\/100\n|move|p1a: Dondozo|Liquidation|p2a: Iron Valiant\n|-damage|p2a: Iron Valiant|0 fnt\n|faint|p2a: Iron Valiant\n|-end|p2a: Iron Valiant|Quark Drive|[silent]\n|\n|-heal|p1a: Dondozo|50\/100|[from] item: Leftovers\n|upkeep\n|\n|t:|1700786033\n|switch|p2a: Slowking|Slowking-Galar, M|100\/100 brn\n|turn|22\n|\n|t:|1700786045\n|move|p1a: Dondozo|Rest|p1a: Dondozo\n|-status|p1a: Dondozo|slp|[from] move: Rest\n|-heal|p1a: Dondozo|100\/100 slp|[silent]\n|move|p2a: Slowking|Trick|p1a: Dondozo\n|-activate|p2a: Slowking|move: Trick|[of] p1a: Dondozo\n|-item|p1a: Dondozo|Flame Orb|[from] move: Trick\n|-item|p2a: Slowking|Leftovers|[from] move: Trick\n|\n|-damage|p2a: Slowking|94\/100 brn|[from] brn\n|upkeep\n|turn|23\n|\n|t:|1700786057\n|cant|p1a: Dondozo|slp\n|move|p1a: Dondozo|Sleep Talk|p1a: Dondozo\n|move|p1a: Dondozo|Rest||[from]move: Sleep Talk|[still]\n|-fail|p1a: Dondozo\n|move|p2a: Slowking|Future Sight|p1a: Dondozo\n|-start|p2a: Slowking|move: Future Sight\n|\n|-heal|p2a: Slowking|100\/100 brn|[from] item: Leftovers\n|-damage|p2a: Slowking|94\/100 brn|[from] brn\n|upkeep\n|turn|24\n|j| oracio7420\n|\n|t:|1700786066\n|cant|p1a: Dondozo|slp\n|move|p1a: Dondozo|Sleep Talk|p1a: Dondozo\n|move|p1a: Dondozo|Liquidation|p2a: Slowking|[from]move: Sleep Talk\n|-damage|p2a: Slowking|66\/100 brn\n|move|p2a: Slowking|Sludge Bomb|p1a: Dondozo\n|-supereffective|p1a: Dondozo\n|-damage|p1a: Dondozo|45\/100 slp\n|\n|-heal|p2a: Slowking|72\/100 brn|[from] item: Leftovers\n|-damage|p2a: Slowking|66\/100 brn|[from] brn\n|upkeep\n|turn|25\n|\n|t:|1700786080\n|switch|p1a: Corviknight|Corviknight, M|73\/100\n|-ability|p1a: Corviknight|Pressure\n|move|p2a: Slowking|Chilly Reception|p2a: Slowking\n|-weather|Snow\n|l| oracio7420\n|\n|t:|1700786090\n|switch|p2a: Garganacl|Garganacl, F, tera:Poison|80\/100|[from] Chilly Reception\n|\n|-weather|Snow|[upkeep]\n|-end|p1a: Corviknight|move: Future Sight\n|-resisted|p1a: Corviknight\n|-damage|p1a: Corviknight|50\/100\n|-heal|p2a: Garganacl|87\/100|[from] item: Leftovers\n|upkeep\n|turn|26\n|\n|t:|1700786099\n|move|p1a: Corviknight|U-turn|p2a: Garganacl\n|-resisted|p2a: Garganacl\n|-damage|p2a: Garganacl|81\/100\n|\n|t:|1700786103\n|switch|p1a: Dondozo|Dondozo, F, tera:Fairy|45\/100 slp|[from] U-turn\n|move|p2a: Garganacl|Iron Defense|p2a: Garganacl\n|-boost|p2a: Garganacl|def|2\n|\n|-weather|Snow|[upkeep]\n|-heal|p2a: Garganacl|88\/100|[from] item: Leftovers\n|upkeep\n|turn|27\n|\n|t:|1700786110\n|-curestatus|p1a: Dondozo|slp|[msg]\n|move|p1a: Dondozo|Rest|p1a: Dondozo\n|-status|p1a: Dondozo|slp|[from] move: Rest\n|-heal|p1a: Dondozo|100\/100 slp|[silent]\n|move|p2a: Garganacl|Salt Cure|p1a: Dondozo\n|-damage|p1a: Dondozo|93\/100 slp\n|-start|p1a: Dondozo|Salt Cure\n|\n|-weather|Snow|[upkeep]\n|-heal|p2a: Garganacl|94\/100|[from] item: Leftovers\n|-damage|p1a: Dondozo|81\/100 slp|[from] Salt Cure\n|upkeep\n|turn|28\n|\n|t:|1700786121\n|switch|p2a: Slowking|Slowking-Galar, M|99\/100 brn\n|cant|p1a: Dondozo|slp\n|move|p1a: Dondozo|Sleep Talk|p1a: Dondozo\n|move|p1a: Dondozo|Curse|p1a: Dondozo|[from]move: Sleep Talk\n|-unboost|p1a: Dondozo|spe|1\n|-boost|p1a: Dondozo|atk|1\n|-boost|p1a: Dondozo|def|1\n|\n|-weather|Snow|[upkeep]\n|-heal|p2a: Slowking|100\/100 brn|[from] item: Leftovers\n|-damage|p2a: Slowking|94\/100 brn|[from] brn\n|-damage|p1a: Dondozo|69\/100 slp|[from] Salt Cure\n|upkeep\n|turn|29\n|-message|PureVessel00 forfeited.\n|\n|win|Sick Fiesta\n|raw|PureVessel00's rating: 1611 &rarr; <strong>1590<\/strong><br \/>(-21 for losing)\n|raw|Sick Fiesta's rating: 1590 &rarr; <strong>1611<\/strong><br \/>(+21 for winning)\n|l|\u2606PureVessel00\n","uploadtime":1700786149,"views":4,"p1id":"purevessel00","p2id":"sickfiesta","formatid":"gen9ou","rating":1590,"private":0,"password":""}