{"id":"gen9ou-1994891519","p1":"fazbeared","p2":"westlose","format":"[Gen 9] OU","log":"|j|\u2606fazbeared\n|j|\u2606westlose\n|t:|1700502195\n|gametype|singles\n|player|p1|fazbeared|lass-gen4dp|1429\n|player|p2|westlose|rocketgruntf|1369\n|teamsize|p1|6\n|teamsize|p2|6\n|gen|9\n|tier|[Gen 9] OU\n|rated|\n|rule|Sleep Clause Mod: Limit one foe put to sleep\n|rule|Species Clause: Limit one of each Pok\u00e9mon\n|rule|OHKO Clause: OHKO moves are banned\n|rule|Evasion Items Clause: Evasion items are banned\n|rule|Evasion Moves Clause: Evasion moves are banned\n|rule|Endless Battle Clause: Forcing endless battles is banned\n|rule|HP Percentage Mod: HP is shown in percentages\n|clearpoke\n|poke|p1|Weezing-Galar, F|\n|poke|p1|Rotom-Wash|\n|poke|p1|Dragapult, F|\n|poke|p1|Heatran, M|\n|poke|p1|Meowscarada, M|\n|poke|p1|Garchomp, M|\n|poke|p2|Weavile, M|\n|poke|p2|Clefable, F|\n|poke|p2|Corviknight, F|\n|poke|p2|Garganacl, M|\n|poke|p2|Amoonguss, F|\n|poke|p2|Dondozo, F|\n|teampreview\n|\n|t:|1700502245\n|start\n|switch|p1a: Heatran|Heatran, M, shiny|100\/100\n|switch|p2a: Chewy|Clefable, F|100\/100\n|turn|1\n|\n|t:|1700502269\n|switch|p2a: Great Mighty Poo|Garganacl, M|100\/100\n|move|p1a: Heatran|Magma Storm|p2a: Great Mighty Poo\n|-resisted|p2a: Great Mighty Poo\n|-damage|p2a: Great Mighty Poo|80\/100\n|-activate|p2a: Great Mighty Poo|move: Magma Storm|[of] p1a: Heatran\n|\n|-heal|p2a: Great Mighty Poo|87\/100|[from] item: Leftovers\n|-damage|p2a: Great Mighty Poo|74\/100|[from] move: Magma Storm|[partiallytrapped]\n|upkeep\n|turn|2\n|\n|t:|1700502285\n|switch|p1a: Meowscarada|Meowscarada, M|100\/100\n|-terastallize|p2a: Great Mighty Poo|Water\n|move|p2a: Great Mighty Poo|Salt Cure|p1a: Meowscarada\n|-damage|p1a: Meowscarada|80\/100\n|-start|p1a: Meowscarada|Salt Cure\n|\n|-heal|p2a: Great Mighty Poo|80\/100|[from] item: Leftovers\n|-damage|p1a: Meowscarada|68\/100|[from] Salt Cure\n|-end|p2a: Great Mighty Poo|Magma Storm|[partiallytrapped]|[silent]\n|upkeep\n|turn|3\n|\n|t:|1700502302\n|switch|p2a: Juan Debiedma|Corviknight, F|100\/100\n|-ability|p2a: Juan Debiedma|Pressure\n|move|p1a: Meowscarada|Spikes|p2a: Juan Debiedma\n|-sidestart|p2: westlose|Spikes\n|\n|-damage|p1a: Meowscarada|55\/100|[from] Salt Cure\n|upkeep\n|turn|4\n|\n|t:|1700502312\n|switch|p1a: Weezing|Weezing-Galar, F|100\/100\n|-ability|p1a: Weezing|Neutralizing Gas\n|move|p2a: Juan Debiedma|Defog|p1a: Weezing\n|-unboost|p1a: Weezing|evasion|1\n|-sideend|p2: westlose|Spikes|[from] move: Defog|[of] p2a: Juan Debiedma\n|\n|upkeep\n|turn|5\n|\n|t:|1700502335\n|move|p2a: Juan Debiedma|U-turn|p1a: Weezing\n|-resisted|p1a: Weezing\n|-damage|p1a: Weezing|98\/100\n|-damage|p2a: Juan Debiedma|84\/100|[from] item: Rocky Helmet|[of] p1a: Weezing\n|\n|t:|1700502343\n|switch|p2a: Great Mighty Poo|Garganacl, M, tera:Water|80\/100|[from] U-turn\n|move|p1a: Weezing|Will-O-Wisp|p2a: Great Mighty Poo|[miss]\n|-miss|p1a: Weezing|p2a: Great Mighty Poo\n|\n|-heal|p2a: Great Mighty Poo|87\/100|[from] item: Leftovers\n|upkeep\n|turn|6\n|\n|t:|1700502352\n|move|p1a: Weezing|Strange Steam|p2a: Great Mighty Poo\n|-damage|p2a: Great Mighty Poo|67\/100\n|move|p2a: Great Mighty Poo|Salt Cure|p1a: Weezing\n|-damage|p1a: Weezing|89\/100\n|-start|p1a: Weezing|Salt Cure\n|\n|-heal|p2a: Great Mighty Poo|73\/100|[from] item: Leftovers\n|-damage|p1a: Weezing|77\/100|[from] Salt Cure\n|upkeep\n|turn|7\n|\n|t:|1700502361\n|move|p1a: Weezing|Will-O-Wisp|p2a: Great Mighty Poo\n|-status|p2a: Great Mighty Poo|brn\n|move|p2a: Great Mighty Poo|Salt Cure|p1a: Weezing\n|-damage|p1a: Weezing|72\/100\n|\n|-heal|p2a: Great Mighty Poo|79\/100 brn|[from] item: Leftovers\n|-damage|p2a: Great Mighty Poo|73\/100 brn|[from] brn\n|-damage|p1a: Weezing|60\/100|[from] Salt Cure\n|upkeep\n|turn|8\n|\n|t:|1700502414\n|-end|p1a: Weezing|ability: Neutralizing Gas\n|switch|p1a: Meowscarada|Meowscarada, M|55\/100\n|move|p2a: Great Mighty Poo|Earthquake|p1a: Meowscarada\n|-resisted|p1a: Meowscarada\n|-damage|p1a: Meowscarada|46\/100\n|\n|-heal|p2a: Great Mighty Poo|79\/100 brn|[from] item: Leftovers\n|-damage|p2a: Great Mighty Poo|73\/100 brn|[from] brn\n|upkeep\n|turn|9\n|\n|t:|1700502423\n|switch|p2a: Juan Debiedma|Corviknight, F|84\/100\n|-ability|p2a: Juan Debiedma|Pressure\n|move|p1a: Meowscarada|Knock Off|p2a: Juan Debiedma\n|-damage|p2a: Juan Debiedma|58\/100\n|-damage|p1a: Meowscarada|30\/100|[from] item: Rocky Helmet|[of] p2a: Juan Debiedma\n|-enditem|p2a: Juan Debiedma|Rocky Helmet|[from] move: Knock Off|[of] p1a: Meowscarada\n|\n|upkeep\n|turn|10\n|\n|t:|1700502460\n|move|p1a: Meowscarada|U-turn|p2a: Juan Debiedma\n|-resisted|p2a: Juan Debiedma\n|-damage|p2a: Juan Debiedma|54\/100\n|\n|t:|1700502463\n|switch|p1a: Heatran|Heatran, M, shiny|100\/100|[from] U-turn\n|move|p2a: Juan Debiedma|Roost|p2a: Juan Debiedma\n|-heal|p2a: Juan Debiedma|100\/100\n|-singleturn|p2a: Juan Debiedma|move: Roost\n|\n|upkeep\n|turn|11\n|\n|t:|1700502482\n|switch|p2a: Great Mighty Poo|Garganacl, M, tera:Water|73\/100 brn\n|move|p1a: Heatran|Magma Storm|p2a: Great Mighty Poo\n|-resisted|p2a: Great Mighty Poo\n|-damage|p2a: Great Mighty Poo|56\/100 brn\n|-activate|p2a: Great Mighty Poo|move: Magma Storm|[of] p1a: Heatran\n|\n|-heal|p2a: Great Mighty Poo|62\/100 brn|[from] item: Leftovers\n|-damage|p2a: Great Mighty Poo|56\/100 brn|[from] brn\n|-damage|p2a: Great Mighty Poo|44\/100 brn|[from] move: Magma Storm|[partiallytrapped]\n|upkeep\n|turn|12\n|\n|t:|1700502492\n|move|p1a: Heatran|Taunt|p2a: Great Mighty Poo\n|-start|p2a: Great Mighty Poo|move: Taunt\n|cant|p2a: Great Mighty Poo|move: Taunt|Recover\n|\n|-heal|p2a: Great Mighty Poo|50\/100 brn|[from] item: Leftovers\n|-damage|p2a: Great Mighty Poo|44\/100 brn|[from] brn\n|-damage|p2a: Great Mighty Poo|31\/100 brn|[from] move: Magma Storm|[partiallytrapped]\n|upkeep\n|turn|13\n|\n|t:|1700502518\n|move|p1a: Heatran|Earth Power|p2a: Great Mighty Poo\n|-crit|p2a: Great Mighty Poo\n|-damage|p2a: Great Mighty Poo|0 fnt\n|faint|p2a: Great Mighty Poo\n|\n|upkeep\n|\n|t:|1700502528\n|switch|p2a: Le Fish|Dondozo, F|100\/100\n|turn|14\n|\n|t:|1700502539\n|switch|p1a: Rotom|Rotom-Wash|100\/100\n|move|p2a: Le Fish|Liquidation|p1a: Rotom\n|-resisted|p1a: Rotom\n|-damage|p1a: Rotom|86\/100\n|\n|-heal|p1a: Rotom|92\/100|[from] item: Leftovers\n|upkeep\n|turn|15\n|\n|t:|1700502551\n|switch|p2a: Sus|Amoonguss, F|100\/100\n|move|p1a: Rotom|Thunder Wave|p2a: Sus|[miss]\n|-miss|p1a: Rotom|p2a: Sus\n|\n|-heal|p1a: Rotom|98\/100|[from] item: Leftovers\n|upkeep\n|turn|16\n|\n|t:|1700502568\n|move|p1a: Rotom|Thunder Wave|p2a: Sus\n|-status|p2a: Sus|par\n|move|p2a: Sus|Spore|p1a: Rotom\n|-status|p1a: Rotom|slp|[from] move: Spore\n|\n|-heal|p1a: Rotom|100\/100 slp|[from] item: Leftovers\n|upkeep\n|turn|17\n|\n|t:|1700502586\n|switch|p1a: Heatran|Heatran, M, shiny|100\/100\n|switch|p2a: Chewy|Clefable, F|100\/100\n|\n|upkeep\n|turn|18\n|\n|t:|1700502592\n|switch|p2a: Le Fish|Dondozo, F|100\/100\n|move|p1a: Heatran|Taunt|p2a: Le Fish\n|-start|p2a: Le Fish|move: Taunt\n|\n|upkeep\n|turn|19\n|\n|t:|1700502596\n|switch|p1a: Rotom|Rotom-Wash|100\/100 slp\n|move|p2a: Le Fish|Body Press|p1a: Rotom\n|-damage|p1a: Rotom|73\/100 slp\n|\n|-heal|p1a: Rotom|79\/100 slp|[from] item: Leftovers\n|upkeep\n|turn|20\n|\n|t:|1700502606\n|cant|p1a: Rotom|slp\n|move|p2a: Le Fish|Body Press|p1a: Rotom\n|-damage|p1a: Rotom|50\/100 slp\n|\n|-heal|p1a: Rotom|56\/100 slp|[from] item: Leftovers\n|-end|p2a: Le Fish|move: Taunt\n|upkeep\n|turn|21\n|\n|t:|1700502613\n|switch|p2a: Chewy|Clefable, F|100\/100\n|-curestatus|p1a: Rotom|slp|[msg]\n|move|p1a: Rotom|Thunder Wave|p2a: Chewy\n|-status|p2a: Chewy|par\n|\n|-heal|p1a: Rotom|62\/100|[from] item: Leftovers\n|upkeep\n|turn|22\n|\n|t:|1700502619\n|move|p1a: Rotom|Protect|p1a: Rotom\n|-singleturn|p1a: Rotom|Protect\n|cant|p2a: Chewy|par\n|\n|-heal|p1a: Rotom|68\/100|[from] item: Leftovers\n|upkeep\n|turn|23\n|\n|t:|1700502626\n|move|p1a: Rotom|Volt Switch|p2a: Chewy\n|-damage|p2a: Chewy|79\/100 par\n|\n|t:|1700502631\n|switch|p1a: Heatran|Heatran, M, shiny|100\/100|[from] Volt Switch\n|cant|p2a: Chewy|par\n|\n|-heal|p2a: Chewy|85\/100 par|[from] item: Leftovers\n|upkeep\n|turn|24\n|\n|t:|1700502637\n|switch|p2a: Le Fish|Dondozo, F|100\/100\n|move|p1a: Heatran|Stealth Rock|p2a: Le Fish\n|-sidestart|p2: westlose|move: Stealth Rock\n|\n|upkeep\n|turn|25\n|\n|t:|1700502640\n|switch|p1a: Dragapult|Dragapult, F|100\/100\n|move|p2a: Le Fish|Body Press|p1a: Dragapult\n|-immune|p1a: Dragapult\n|\n|upkeep\n|turn|26\n|\n|t:|1700502658\n|switch|p2a: Sus|Amoonguss, F|100\/100 par\n|move|p1a: Dragapult|Shadow Ball|p2a: Sus\n|-damage|p2a: Sus|64\/100 par\n|\n|upkeep\n|turn|27\n|\n|t:|1700502678\n|switch|p1a: Meowscarada|Meowscarada, M|30\/100\n|move|p2a: Sus|Spore|p1a: Meowscarada\n|-immune|p1a: Meowscarada\n|\n|upkeep\n|turn|28\n|\n|t:|1700502686\n|switch|p2a: Juan Debiedma|Corviknight, F|100\/100\n|-damage|p2a: Juan Debiedma|88\/100|[from] Stealth Rock\n|-ability|p2a: Juan Debiedma|Pressure\n|move|p1a: Meowscarada|Knock Off|p2a: Juan Debiedma\n|-crit|p2a: Juan Debiedma\n|-damage|p2a: Juan Debiedma|63\/100\n|\n|upkeep\n|turn|29\n|\n|t:|1700502694\n|move|p1a: Meowscarada|U-turn|p2a: Juan Debiedma\n|-resisted|p2a: Juan Debiedma\n|-damage|p2a: Juan Debiedma|60\/100\n|\n|t:|1700502696\n|switch|p1a: Heatran|Heatran, M, shiny|100\/100|[from] U-turn\n|move|p2a: Juan Debiedma|Body Press|p1a: Heatran\n|-supereffective|p1a: Heatran\n|-damage|p1a: Heatran|45\/100\n|\n|-heal|p1a: Heatran|52\/100|[from] item: Leftovers\n|upkeep\n|turn|30\n|\n|t:|1700502716\n|switch|p1a: Weezing|Weezing-Galar, F|60\/100\n|-ability|p1a: Weezing|Neutralizing Gas\n|move|p2a: Juan Debiedma|Body Press|p1a: Weezing\n|-resisted|p1a: Weezing\n|-damage|p1a: Weezing|56\/100\n|-damage|p2a: Juan Debiedma|43\/100|[from] item: Rocky Helmet|[of] p1a: Weezing\n|\n|upkeep\n|turn|31\n|\n|t:|1700502727\n|move|p2a: Juan Debiedma|U-turn|p1a: Weezing\n|-resisted|p1a: Weezing\n|-damage|p1a: Weezing|54\/100\n|-damage|p2a: Juan Debiedma|27\/100|[from] item: Rocky Helmet|[of] p1a: Weezing\n|\n|t:|1700502735\n|switch|p2a: Chewy|Clefable, F|85\/100 par|[from] U-turn\n|-damage|p2a: Chewy|73\/100 par|[from] Stealth Rock\n|move|p1a: Weezing|Will-O-Wisp||[still]\n|-fail|p1a: Weezing\n|\n|-heal|p2a: Chewy|79\/100 par|[from] item: Leftovers\n|upkeep\n|turn|32\n|\n|t:|1700502743\n|move|p1a: Weezing|Pain Split|p2a: Chewy\n|-sethp|p2a: Chewy|62\/100 par|[from] move: Pain Split|[silent]\n|-sethp|p1a: Weezing|73\/100|[from] move: Pain Split\n|cant|p2a: Chewy|par\n|\n|-heal|p2a: Chewy|68\/100 par|[from] item: Leftovers\n|upkeep\n|turn|33\n|\n|t:|1700502756\n|-end|p1a: Weezing|ability: Neutralizing Gas\n|switch|p1a: Heatran|Heatran, M, shiny|52\/100\n|move|p2a: Chewy|Stealth Rock|p1a: Heatran\n|-sidestart|p1: fazbeared|move: Stealth Rock\n|\n|-heal|p1a: Heatran|58\/100|[from] item: Leftovers\n|-heal|p2a: Chewy|74\/100 par|[from] item: Leftovers\n|upkeep\n|turn|34\n|\n|t:|1700502765\n|switch|p2a: Le Fish|Dondozo, F|100\/100\n|move|p1a: Heatran|Magma Storm|p2a: Le Fish\n|-resisted|p2a: Le Fish\n|-damage|p2a: Le Fish|71\/100\n|-activate|p2a: Le Fish|move: Magma Storm|[of] p1a: Heatran\n|\n|-heal|p1a: Heatran|64\/100|[from] item: Leftovers\n|-damage|p2a: Le Fish|59\/100|[from] move: Magma Storm|[partiallytrapped]\n|upkeep\n|turn|35\n|\n|t:|1700502774\n|switch|p1a: Dragapult|Dragapult, F|100\/100\n|-damage|p1a: Dragapult|88\/100|[from] Stealth Rock\n|move|p2a: Le Fish|Liquidation|p1a: Dragapult\n|-resisted|p1a: Dragapult\n|-damage|p1a: Dragapult|68\/100\n|\n|-end|p2a: Le Fish|Magma Storm|[partiallytrapped]|[silent]\n|upkeep\n|turn|36\n|\n|t:|1700502785\n|switch|p2a: Sus|Amoonguss, F|97\/100 par\n|move|p1a: Dragapult|Hex|p2a: Sus\n|-damage|p2a: Sus|39\/100 par\n|\n|upkeep\n|turn|37\n|\n|t:|1700502846\n|switch|p1a: Meowscarada|Meowscarada, M|30\/100\n|switch|p2a: Juan Debiedma|Corviknight, F|27\/100\n|-damage|p2a: Juan Debiedma|15\/100|[from] Stealth Rock\n|-ability|p2a: Juan Debiedma|Pressure\n|\n|upkeep\n|turn|38\n|\n|t:|1700502852\n|move|p1a: Meowscarada|Knock Off|p2a: Juan Debiedma\n|-damage|p2a: Juan Debiedma|0 fnt\n|faint|p2a: Juan Debiedma\n|\n|upkeep\n|\n|t:|1700502856\n|switch|p2a: Jesse|Weavile, M|100\/100\n|-ability|p2a: Jesse|Pressure\n|turn|39\n|\n|t:|1700502862\n|move|p2a: Jesse|Ice Shard|p1a: Meowscarada\n|-supereffective|p1a: Meowscarada\n|-damage|p1a: Meowscarada|0 fnt\n|faint|p1a: Meowscarada\n|\n|upkeep\n|\n|t:|1700502866\n|switch|p1a: Weezing|Weezing-Galar, F|73\/100\n|-ability|p1a: Weezing|Neutralizing Gas\n|-damage|p1a: Weezing|61\/100|[from] Stealth Rock\n|turn|40\n|\n|t:|1700502879\n|switch|p2a: Le Fish|Dondozo, F|59\/100\n|move|p1a: Weezing|Defog|p2a: Le Fish\n|-unboost|p2a: Le Fish|evasion|1\n|-sideend|p2: westlose|Stealth Rock|[from] move: Defog|[of] p1a: Weezing\n|-sideend|p1: fazbeared|Stealth Rock|[from] move: Defog|[of] p1a: Weezing\n|\n|upkeep\n|turn|41\n|\n|t:|1700502930\n|move|p1a: Weezing|Strange Steam|p2a: Le Fish\n|-damage|p2a: Le Fish|33\/100\n|move|p2a: Le Fish|Rest|p2a: Le Fish\n|-status|p2a: Le Fish|slp|[from] move: Rest\n|-heal|p2a: Le Fish|100\/100 slp|[silent]\n|\n|upkeep\n|turn|42\n|\n|t:|1700502937\n|move|p1a: Weezing|Pain Split|p2a: Le Fish\n|-sethp|p2a: Le Fish|70\/100 slp|[from] move: Pain Split|[silent]\n|-sethp|p1a: Weezing|100\/100|[from] move: Pain Split\n|cant|p2a: Le Fish|slp\n|move|p2a: Le Fish|Sleep Talk|p2a: Le Fish\n|move|p2a: Le Fish|Liquidation|p1a: Weezing|[from]move: Sleep Talk\n|-damage|p1a: Weezing|81\/100\n|-damage|p2a: Le Fish|54\/100 slp|[from] item: Rocky Helmet|[of] p1a: Weezing\n|\n|upkeep\n|turn|43\n|\n|t:|1700502983\n|-end|p1a: Weezing|ability: Neutralizing Gas\n|switch|p1a: Dragapult|Dragapult, F|68\/100\n|switch|p2a: Chewy|Clefable, F|74\/100 par\n|\n|-heal|p2a: Chewy|80\/100 par|[from] item: Leftovers\n|upkeep\n|turn|44\n|\n|t:|1700502993\n|switch|p1a: Heatran|Heatran, M, shiny|64\/100\n|move|p2a: Chewy|Moonblast|p1a: Heatran\n|-resisted|p1a: Heatran\n|-damage|p1a: Heatran|56\/100\n|\n|-heal|p1a: Heatran|62\/100|[from] item: Leftovers\n|-heal|p2a: Chewy|87\/100 par|[from] item: Leftovers\n|upkeep\n|turn|45\n|\n|t:|1700503003\n|switch|p2a: Le Fish|Dondozo, F|54\/100 slp\n|move|p1a: Heatran|Magma Storm|p2a: Le Fish\n|-resisted|p2a: Le Fish\n|-damage|p2a: Le Fish|26\/100 slp\n|-activate|p2a: Le Fish|move: Magma Storm|[of] p1a: Heatran\n|\n|-heal|p1a: Heatran|68\/100|[from] item: Leftovers\n|-damage|p2a: Le Fish|14\/100 slp|[from] move: Magma Storm|[partiallytrapped]\n|upkeep\n|turn|46\n|\n|t:|1700503008\n|move|p1a: Heatran|Earth Power|p2a: Le Fish\n|-damage|p2a: Le Fish|0 fnt\n|faint|p2a: Le Fish\n|\n|-heal|p1a: Heatran|74\/100|[from] item: Leftovers\n|upkeep\n|\n|t:|1700503022\n|switch|p2a: Sus|Amoonguss, F|72\/100 par\n|turn|47\n|\n|t:|1700503027\n|move|p1a: Heatran|Taunt|p2a: Sus\n|-start|p2a: Sus|move: Taunt\n|cant|p2a: Sus|move: Taunt|Spore\n|\n|-heal|p1a: Heatran|80\/100|[from] item: Leftovers\n|upkeep\n|turn|48\n|\n|t:|1700503035\n|move|p1a: Heatran|Magma Storm|p2a: Sus\n|-supereffective|p2a: Sus\n|-damage|p2a: Sus|0 fnt\n|faint|p2a: Sus\n|\n|-heal|p1a: Heatran|87\/100|[from] item: Leftovers\n|upkeep\n|\n|t:|1700503038\n|switch|p2a: Jesse|Weavile, M|100\/100\n|-ability|p2a: Jesse|Pressure\n|turn|49\n|\n|t:|1700503043\n|move|p2a: Jesse|Swords Dance|p2a: Jesse\n|-boost|p2a: Jesse|atk|2\n|move|p1a: Heatran|Magma Storm|p2a: Jesse\n|-supereffective|p2a: Jesse\n|-damage|p2a: Jesse|0 fnt\n|faint|p2a: Jesse\n|\n|-heal|p1a: Heatran|93\/100|[from] item: Leftovers\n|upkeep\n|\n|t:|1700503048\n|switch|p2a: Chewy|Clefable, F|87\/100 par\n|turn|50\n|\n|t:|1700503050\n|move|p1a: Heatran|Taunt|p2a: Chewy\n|-start|p2a: Chewy|move: Taunt\n|move|p2a: Chewy|Moonblast|p1a: Heatran\n|-resisted|p1a: Heatran\n|-damage|p1a: Heatran|86\/100\n|\n|-heal|p1a: Heatran|92\/100|[from] item: Leftovers\n|-heal|p2a: Chewy|93\/100 par|[from] item: Leftovers\n|upkeep\n|turn|51\n|\n|t:|1700503052\n|move|p1a: Heatran|Magma Storm|p2a: Chewy\n|-damage|p2a: Chewy|34\/100 par\n|-activate|p2a: Chewy|move: Magma Storm|[of] p1a: Heatran\n|move|p2a: Chewy|Moonblast|p1a: Heatran\n|-resisted|p1a: Heatran\n|-crit|p1a: Heatran\n|-damage|p1a: Heatran|81\/100\n|-unboost|p1a: Heatran|spa|1\n|\n|-heal|p1a: Heatran|87\/100|[from] item: Leftovers\n|-heal|p2a: Chewy|40\/100 par|[from] item: Leftovers\n|upkeep\n|turn|52\n|\n|t:|1700503054\n|move|p1a: Heatran|Earth Power|p2a: Chewy\n|-crit|p2a: Chewy\n|-damage|p2a: Chewy|0 fnt\n|faint|p2a: Chewy\n|\n|win|fazbeared\n|raw|fazbeared's rating: 1429 &rarr; <strong>1446<\/strong><br \/>(+17 for winning)\n|raw|westlose's rating: 1369 &rarr; <strong>1352<\/strong><br \/>(-17 for losing)\n","uploadtime":1700503149,"views":8,"p1id":"fazbeared","p2id":"westlose","formatid":"gen9ou","rating":1352,"private":0,"password":""}