{"id":"gen9ou-1996166337","p1":"oblockoclock","p2":"superhjk detective","format":"[Gen 9] OU","log":"|j|\u2606oblockoclock\n|j|\u2606superhjk detective\n|t:|1700653936\n|gametype|singles\n|player|p1|oblockoclock|buck|1690\n|player|p2|superhjk detective|proton|1772\n|teamsize|p1|6\n|teamsize|p2|6\n|gen|9\n|tier|[Gen 9] OU\n|rated|\n|rule|Sleep Clause Mod: Limit one foe put to sleep\n|rule|Species Clause: Limit one of each Pok\u00e9mon\n|rule|OHKO Clause: OHKO moves are banned\n|rule|Evasion Items Clause: Evasion items are banned\n|rule|Evasion Moves Clause: Evasion moves are banned\n|rule|Endless Battle Clause: Forcing endless battles is banned\n|rule|HP Percentage Mod: HP is shown in percentages\n|clearpoke\n|poke|p1|Landorus-Therian, M|\n|poke|p1|Quaquaval, F|\n|poke|p1|Amoonguss, M|\n|poke|p1|Thundurus-Therian, M|\n|poke|p1|Goodra-Hisui, M|\n|poke|p1|Iron Valiant|\n|poke|p2|Clodsire, F|\n|poke|p2|Dragapult, M|\n|poke|p2|Dondozo, M|\n|poke|p2|Zamazenta-*|\n|poke|p2|Great Tusk|\n|poke|p2|Hoopa-Unbound|\n|teampreview\n|inactive|Battle timer is ON: inactive players will automatically lose when time's up. (requested by superhjk detective)\n|inactive|superhjk detective has 120 seconds left.\n|\n|t:|1700653970\n|start\n|switch|p1a: Thundurus|Thundurus-Therian, M, shiny|100\/100\n|switch|p2a: Dragapult|Dragapult, M|100\/100\n|turn|1\n|j| Riyad Mahrez\n|\n|t:|1700653985\n|switch|p1a: Goodra|Goodra-Hisui, M|100\/100\n|move|p2a: Dragapult|U-turn|p1a: Goodra\n|-resisted|p1a: Goodra\n|-damage|p1a: Goodra|92\/100\n|\n|t:|1700653999\n|switch|p2a: Great Tusk|Great Tusk|100\/100|[from] U-turn\n|-enditem|p2a: Great Tusk|Booster Energy\n|-activate|p2a: Great Tusk|ability: Protosynthesis|[fromitem]\n|-start|p2a: Great Tusk|protosynthesisspe\n|\n|upkeep\n|turn|2\n|\n|t:|1700654003\n|move|p2a: Great Tusk|Stealth Rock|p1a: Goodra\n|-sidestart|p1: oblockoclock|move: Stealth Rock\n|move|p1a: Goodra|Ice Beam|p2a: Great Tusk\n|-supereffective|p2a: Great Tusk\n|-damage|p2a: Great Tusk|25\/100\n|\n|upkeep\n|turn|3\n|\n|t:|1700654008\n|move|p2a: Great Tusk|Knock Off|p1a: Goodra\n|-damage|p1a: Goodra|66\/100\n|-enditem|p1a: Goodra|Assault Vest|[from] move: Knock Off|[of] p2a: Great Tusk\n|move|p1a: Goodra|Flash Cannon|p2a: Great Tusk\n|-damage|p2a: Great Tusk|0 fnt\n|faint|p2a: Great Tusk\n|-end|p2a: Great Tusk|Protosynthesis|[silent]\n|\n|upkeep\n|j| Modachi\n|\n|t:|1700654029\n|switch|p2a: Hoopa|Hoopa-Unbound|100\/100\n|turn|4\n|\n|t:|1700654044\n|move|p2a: Hoopa|Dark Pulse|p1a: Goodra\n|-damage|p1a: Goodra|28\/100\n|move|p1a: Goodra|Flash Cannon|p2a: Hoopa\n|-damage|p2a: Hoopa|63\/100\n|\n|upkeep\n|turn|5\n|j| Ctannn\n|\n|t:|1700654049\n|move|p2a: Hoopa|Dark Pulse|p1a: Goodra\n|-damage|p1a: Goodra|0 fnt\n|faint|p1a: Goodra\n|\n|upkeep\n|\n|t:|1700654051\n|switch|p1a: Landorus|Landorus-Therian, M|100\/100\n|-damage|p1a: Landorus|88\/100|[from] Stealth Rock\n|-ability|p1a: Landorus|Intimidate|boost\n|-unboost|p2a: Hoopa|atk|1\n|turn|6\n|\n|t:|1700654054\n|move|p1a: Landorus|U-turn|p2a: Hoopa\n|-supereffective|p2a: Hoopa\n|-damage|p2a: Hoopa|0 fnt\n|faint|p2a: Hoopa\n|\n|t:|1700654058\n|switch|p1a: Quaquaval|Quaquaval, F|100\/100|[from] U-turn\n|-damage|p1a: Quaquaval|94\/100|[from] Stealth Rock\n|\n|upkeep\n|\n|t:|1700654064\n|switch|p2a: Dragapult|Dragapult, M|100\/100\n|turn|7\n|\n|t:|1700654071\n|move|p2a: Dragapult|Shadow Ball|p1a: Quaquaval\n|-damage|p1a: Quaquaval|63\/100\n|move|p1a: Quaquaval|Knock Off|p2a: Dragapult\n|-supereffective|p2a: Dragapult\n|-damage|p2a: Dragapult|13\/100\n|-enditem|p2a: Dragapult|Choice Specs|[from] move: Knock Off|[of] p1a: Quaquaval\n|\n|upkeep\n|turn|8\n|l| Modachi\n|\n|t:|1700654078\n|move|p2a: Dragapult|Draco Meteor|p1a: Quaquaval\n|-damage|p1a: Quaquaval|28\/100\n|-unboost|p2a: Dragapult|spa|2\n|move|p1a: Quaquaval|Aqua Step|p2a: Dragapult\n|-resisted|p2a: Dragapult\n|-damage|p2a: Dragapult|0 fnt\n|-boost|p1a: Quaquaval|spe|1\n|faint|p2a: Dragapult\n|-ability|p1a: Quaquaval|Moxie|boost\n|-boost|p1a: Quaquaval|atk|1\n|\n|upkeep\n|\n|t:|1700654088\n|switch|p2a: Zamazenta|Zamazenta|100\/100\n|-ability|p2a: Zamazenta|Dauntless Shield|boost\n|-boost|p2a: Zamazenta|def|1\n|turn|9\n|\n|t:|1700654091\n|move|p2a: Zamazenta|Body Press|p1a: Quaquaval\n|-damage|p1a: Quaquaval|0 fnt\n|faint|p1a: Quaquaval\n|\n|upkeep\n|\n|t:|1700654102\n|switch|p1a: Thundurus|Thundurus-Therian, M, shiny|100\/100\n|-damage|p1a: Thundurus|76\/100|[from] Stealth Rock\n|turn|10\n|\n|t:|1700654118\n|switch|p2a: Clodsire|Clodsire, F|100\/100\n|-terastallize|p1a: Thundurus|Flying\n|move|p1a: Thundurus|Tera Blast|p2a: Clodsire|[anim] Tera Blast Flying\n|-damage|p2a: Clodsire|46\/100\n|\n|-heal|p2a: Clodsire|52\/100|[from] item: Leftovers\n|upkeep\n|turn|11\n|\n|t:|1700654124\n|move|p1a: Thundurus|Tera Blast|p2a: Clodsire|[anim] Tera Blast Flying\n|-damage|p2a: Clodsire|0 fnt\n|faint|p2a: Clodsire\n|\n|upkeep\n|\n|t:|1700654134\n|switch|p2a: Dondozo|Dondozo, M|100\/100\n|turn|12\n|\n|t:|1700654140\n|switch|p1a: Landorus|Landorus-Therian, M|88\/100\n|-damage|p1a: Landorus|76\/100|[from] Stealth Rock\n|-ability|p1a: Landorus|Intimidate|boost\n|-unboost|p2a: Dondozo|atk|1\n|move|p2a: Dondozo|Wave Crash|p1a: Landorus\n|-supereffective|p1a: Landorus\n|-damage|p1a: Landorus|8\/100\n|-damage|p2a: Dondozo|86\/100|[from] Recoil\n|\n|-heal|p2a: Dondozo|92\/100|[from] item: Leftovers\n|upkeep\n|turn|13\n|\n|t:|1700654146\n|move|p1a: Landorus|Earthquake|p2a: Dondozo\n|-damage|p2a: Dondozo|69\/100\n|move|p2a: Dondozo|Curse|p2a: Dondozo\n|-unboost|p2a: Dondozo|spe|1\n|-boost|p2a: Dondozo|atk|1\n|-boost|p2a: Dondozo|def|1\n|\n|-heal|p2a: Dondozo|75\/100|[from] item: Leftovers\n|upkeep\n|turn|14\n|\n|t:|1700654151\n|move|p1a: Landorus|Earthquake|p2a: Dondozo\n|-damage|p2a: Dondozo|59\/100\n|move|p2a: Dondozo|Curse|p2a: Dondozo\n|-unboost|p2a: Dondozo|spe|1\n|-boost|p2a: Dondozo|atk|1\n|-boost|p2a: Dondozo|def|1\n|\n|-heal|p2a: Dondozo|66\/100|[from] item: Leftovers\n|upkeep\n|turn|15\n|\n|t:|1700654163\n|switch|p1a: Thundurus|Thundurus-Therian, M, shiny, tera:Flying|76\/100\n|-damage|p1a: Thundurus|51\/100|[from] Stealth Rock\n|move|p2a: Dondozo|Wave Crash|p1a: Thundurus\n|-damage|p1a: Thundurus|0 fnt\n|faint|p1a: Thundurus\n|-damage|p2a: Dondozo|56\/100|[from] Recoil\n|\n|-heal|p2a: Dondozo|62\/100|[from] item: Leftovers\n|upkeep\n|\n|t:|1700654193\n|switch|p1a: Amoonguss|Amoonguss, M, shiny|100\/100\n|-damage|p1a: Amoonguss|88\/100|[from] Stealth Rock\n|turn|16\n|\n|t:|1700654206\n|-terastallize|p2a: Dondozo|Dark\n|move|p1a: Amoonguss|Giga Drain|p2a: Dondozo\n|-damage|p2a: Dondozo|40\/100\n|-heal|p1a: Amoonguss|100\/100|[from] drain|[of] p2a: Dondozo\n|move|p2a: Dondozo|Wave Crash|p1a: Amoonguss\n|-resisted|p1a: Amoonguss\n|-damage|p1a: Amoonguss|77\/100\n|-damage|p2a: Dondozo|23\/100|[from] item: Rocky Helmet|[of] p1a: Amoonguss\n|-damage|p2a: Dondozo|16\/100|[from] Recoil\n|\n|-heal|p2a: Dondozo|23\/100|[from] item: Leftovers\n|upkeep\n|turn|17\n|\n|t:|1700654223\n|move|p1a: Amoonguss|Sludge Bomb|p2a: Dondozo\n|-damage|p2a: Dondozo|0 fnt\n|faint|p2a: Dondozo\n|\n|upkeep\n|l| Ctannn\n|\n|t:|1700654226\n|switch|p2a: Zamazenta|Zamazenta|100\/100\n|turn|18\n|\n|t:|1700654229\n|move|p2a: Zamazenta|Substitute|p2a: Zamazenta\n|-start|p2a: Zamazenta|Substitute\n|-damage|p2a: Zamazenta|76\/100\n|move|p1a: Amoonguss|Spore||[still]\n|-fail|p1a: Amoonguss\n|\n|-heal|p2a: Zamazenta|82\/100|[from] item: Leftovers\n|upkeep\n|turn|19\n|\n|t:|1700654234\n|move|p2a: Zamazenta|Crunch|p1a: Amoonguss\n|-damage|p1a: Amoonguss|57\/100\n|-unboost|p1a: Amoonguss|def|1\n|-damage|p2a: Zamazenta|65\/100|[from] item: Rocky Helmet|[of] p1a: Amoonguss\n|move|p1a: Amoonguss|Sludge Bomb|p2a: Zamazenta\n|-activate|p2a: Zamazenta|move: Substitute|[damage]\n|\n|-heal|p2a: Zamazenta|71\/100|[from] item: Leftovers\n|upkeep\n|turn|20\n|\n|t:|1700654249\n|move|p2a: Zamazenta|Crunch|p1a: Amoonguss\n|-damage|p1a: Amoonguss|28\/100\n|-damage|p2a: Zamazenta|55\/100|[from] item: Rocky Helmet|[of] p1a: Amoonguss\n|move|p1a: Amoonguss|Giga Drain|p2a: Zamazenta\n|-end|p2a: Zamazenta|Substitute\n|-heal|p1a: Amoonguss|29\/100|[from] drain|[of] p2a: Zamazenta\n|\n|-heal|p2a: Zamazenta|61\/100|[from] item: Leftovers\n|upkeep\n|turn|21\n|\n|t:|1700654253\n|switch|p1a: Iron Valiant|Iron Valiant|100\/100\n|-damage|p1a: Iron Valiant|94\/100|[from] Stealth Rock\n|-enditem|p1a: Iron Valiant|Booster Energy\n|-activate|p1a: Iron Valiant|ability: Quark Drive|[fromitem]\n|-start|p1a: Iron Valiant|quarkdrivespe\n|move|p2a: Zamazenta|Iron Defense|p2a: Zamazenta\n|-boost|p2a: Zamazenta|def|2\n|\n|-heal|p2a: Zamazenta|67\/100|[from] item: Leftovers\n|upkeep\n|turn|22\n|\n|t:|1700654258\n|move|p1a: Iron Valiant|Encore|p2a: Zamazenta\n|-start|p2a: Zamazenta|Encore\n|move|p2a: Zamazenta|Iron Defense|p2a: Zamazenta\n|-boost|p2a: Zamazenta|def|2\n|\n|-heal|p2a: Zamazenta|73\/100|[from] item: Leftovers\n|upkeep\n|turn|23\n|\n|t:|1700654260\n|move|p1a: Iron Valiant|Moonblast|p2a: Zamazenta\n|-supereffective|p2a: Zamazenta\n|-damage|p2a: Zamazenta|0 fnt\n|faint|p2a: Zamazenta\n|\n|win|oblockoclock\n|raw|oblockoclock's rating: 1690 &rarr; <strong>1715<\/strong><br \/>(+25 for winning)\n|raw|superhjk detective's rating: 1772 &rarr; <strong>1747<\/strong><br \/>(-25 for losing)\n|l|\u2606oblockoclock\n","uploadtime":1700654276,"views":1,"p1id":"oblockoclock","p2id":"superhjkdetective","formatid":"gen9ou","rating":1715,"private":0,"password":""}