{"id":"gen9ou-1992166552","p1":"Sc3ne","p2":"snotnosezill","format":"[Gen 9] OU","log":"|j|\u2606Sc3ne\n|j|\u2606snotnosezill\n|t:|1700160527\n|gametype|singles\n|player|p1|Sc3ne|265|1019\n|player|p2|snotnosezill|101|1012\n|teamsize|p1|6\n|teamsize|p2|6\n|gen|9\n|tier|[Gen 9] OU\n|rated|\n|rule|Sleep Clause Mod: Limit one foe put to sleep\n|rule|Species Clause: Limit one of each Pok\u00e9mon\n|rule|OHKO Clause: OHKO moves are banned\n|rule|Evasion Items Clause: Evasion items are banned\n|rule|Evasion Moves Clause: Evasion moves are banned\n|rule|Endless Battle Clause: Forcing endless battles is banned\n|rule|HP Percentage Mod: HP is shown in percentages\n|clearpoke\n|poke|p1|Enamorus, F|\n|poke|p1|Glimmora, F|\n|poke|p1|Heatran, M|\n|poke|p1|Corviknight, F|\n|poke|p1|Quagsire, M|\n|poke|p1|Walking Wake|\n|poke|p2|Torkoal, F|\n|poke|p2|Skeledirge, M|\n|poke|p2|Heatran, F|\n|poke|p2|Walking Wake|\n|poke|p2|Moltres-Galar|\n|poke|p2|Ninetales-Alola, F|\n|teampreview\n|\n|t:|1700160538\n|start\n|switch|p1a: uh|Quagsire, M|100\/100\n|switch|p2a: Torkoal|Torkoal, F|100\/100\n|-weather|SunnyDay|[from] ability: Drought|[of] p2a: Torkoal\n|turn|1\n|\n|t:|1700160553\n|switch|p2a: Heatran|Heatran, F|100\/100\n|-item|p2a: Heatran|Air Balloon\n|move|p1a: uh|Earthquake|p2a: Heatran\n|-immune|p2a: Heatran\n|\n|-weather|SunnyDay|[upkeep]\n|upkeep\n|turn|2\n|\n|t:|1700160566\n|-terastallize|p2a: Heatran|Grass\n|move|p2a: Heatran|Solar Beam||[still]\n|-prepare|p2a: Heatran|Solar Beam\n|-anim|p2a: Heatran|Solar Beam|p1a: uh\n|-supereffective|p1a: uh\n|-damage|p1a: uh|0 fnt\n|faint|p1a: uh\n|\n|-weather|SunnyDay|[upkeep]\n|upkeep\n|\n|t:|1700160579\n|switch|p1a: Crazy Frog|Heatran, M|100\/100\n|turn|3\n|\n|t:|1700160592\n|move|p2a: Heatran|Earth Power|p1a: Crazy Frog\n|-supereffective|p1a: Crazy Frog\n|-damage|p1a: Crazy Frog|0 fnt\n|faint|p1a: Crazy Frog\n|\n|-weather|SunnyDay|[upkeep]\n|upkeep\n|\n|t:|1700160600\n|switch|p1a: Waking Walk|Walking Wake|100\/100\n|-activate|p1a: Waking Walk|ability: Protosynthesis\n|-start|p1a: Waking Walk|protosynthesisspe\n|turn|4\n|\n|t:|1700160610\n|move|p2a: Heatran|Solar Beam||[still]\n|-prepare|p2a: Heatran|Solar Beam\n|-anim|p2a: Heatran|Solar Beam|p1a: Waking Walk\n|-crit|p1a: Waking Walk\n|-damage|p1a: Waking Walk|0 fnt\n|faint|p1a: Waking Walk\n|-end|p1a: Waking Walk|Protosynthesis|[silent]\n|\n|-weather|SunnyDay|[upkeep]\n|upkeep\n|\n|t:|1700160618\n|switch|p1a: Attano|Corviknight, F|100\/100\n|turn|5\n|\n|t:|1700160628\n|move|p2a: Heatran|Magma Storm|p1a: Attano\n|-supereffective|p1a: Attano\n|-crit|p1a: Attano\n|-damage|p1a: Attano|0 fnt\n|faint|p1a: Attano\n|\n|-weather|SunnyDay|[upkeep]\n|upkeep\n|\n|t:|1700160637\n|switch|p1a: Kim|Enamorus, F, shiny|100\/100\n|turn|6\n|\n|t:|1700160644\n|move|p2a: Heatran|Magma Storm|p1a: Kim\n|-damage|p1a: Kim|41\/100\n|-activate|p1a: Kim|move: Magma Storm|[of] p2a: Heatran\n|move|p1a: Kim|Superpower|p2a: Heatran\n|-damage|p2a: Heatran|64\/100\n|-boost|p1a: Kim|atk|1\n|-boost|p1a: Kim|def|1\n|-status|p1a: Kim|brn|[from] ability: Flame Body|[of] p2a: Heatran\n|-enditem|p2a: Heatran|Air Balloon\n|\n|-weather|SunnyDay|[upkeep]\n|-damage|p1a: Kim|35\/100 brn|[from] brn\n|-damage|p1a: Kim|22\/100 brn|[from] move: Magma Storm|[partiallytrapped]\n|upkeep\n|turn|7\n|\n|t:|1700160664\n|move|p2a: Heatran|Protect|p2a: Heatran\n|-singleturn|p2a: Heatran|Protect\n|move|p1a: Kim|Play Rough|p2a: Heatran\n|-activate|p2a: Heatran|move: Protect\n|\n|-weather|SunnyDay|[upkeep]\n|-damage|p1a: Kim|16\/100 brn|[from] brn\n|-damage|p1a: Kim|4\/100 brn|[from] move: Magma Storm|[partiallytrapped]\n|upkeep\n|turn|8\n|c|\u2606snotnosezill|\u2620\ufe0f\n|\n|t:|1700160680\n|move|p2a: Heatran|Earth Power|p1a: Kim\n|-immune|p1a: Kim\n|move|p1a: Kim|Play Rough|p2a: Heatran|[miss]\n|-miss|p1a: Kim|p2a: Heatran\n|\n|-weather|none\n|-damage|p1a: Kim|0 fnt|[from] brn\n|faint|p1a: Kim\n|upkeep\n|-message|Sc3ne forfeited.\n|\n|win|snotnosezill\n|raw|Sc3ne's rating: 1019 &rarr; <strong>1006<\/strong><br \/>(-13 for losing)\n|raw|snotnosezill's rating: 1012 &rarr; <strong>1051<\/strong><br \/>(+39 for winning)\n|l|\u2606Sc3ne\n","uploadtime":1700160694,"views":7,"p1id":"sc3ne","p2id":"snotnosezill","formatid":"gen9ou","rating":1006,"private":0,"password":""}