{"id":"gen9ou-1992796253","p1":"elfelikz","p2":"MochiBeard","format":"[Gen 9] OU","log":"|j|\u203delfelikz\n|j|\u2606MochiBeard\n|t:|1700236196\n|gametype|singles\n|player|p1|elfelikz|unknown|1119\n|player|p2|MochiBeard|hugh|1045\n|teamsize|p1|6\n|teamsize|p2|6\n|gen|9\n|tier|[Gen 9] OU\n|rated|\n|rule|Sleep Clause Mod: Limit one foe put to sleep\n|rule|Species Clause: Limit one of each Pok\u00e9mon\n|rule|OHKO Clause: OHKO moves are banned\n|rule|Evasion Items Clause: Evasion items are banned\n|rule|Evasion Moves Clause: Evasion moves are banned\n|rule|Endless Battle Clause: Forcing endless battles is banned\n|rule|HP Percentage Mod: HP is shown in percentages\n|clearpoke\n|poke|p1|Rillaboom, M|\n|poke|p1|Sneasler, F|\n|poke|p1|Ribombee, F|\n|poke|p1|Great Tusk|\n|poke|p1|Zapdos|\n|poke|p1|Enamorus, F|\n|poke|p2|Murkrow, M|\n|poke|p2|Dragonite, F|\n|poke|p2|Landorus-Therian, M|\n|poke|p2|Garchomp, F|\n|poke|p2|Zamazenta-*|\n|poke|p2|Froslass, F|\n|teampreview\n|\n|t:|1700236208\n|start\n|switch|p1a: Zapdos|Zapdos|100\/100\n|switch|p2a: Murkrow|Murkrow, M|100\/100\n|turn|1\n|\n|t:|1700236214\n|move|p2a: Murkrow|Tailwind|p2a: Murkrow\n|-sidestart|p2: MochiBeard|move: Tailwind\n|move|p1a: Zapdos|Thunderbolt|p2a: Murkrow\n|-supereffective|p2a: Murkrow\n|-damage|p2a: Murkrow|0 fnt\n|faint|p2a: Murkrow\n|\n|upkeep\n|c|\u2606MochiBeard|glhf\n|\n|t:|1700236223\n|switch|p2a: Garchomp|Garchomp, F, shiny|100\/100\n|turn|2\n|\n|t:|1700236229\n|switch|p1a: Enamorus|Enamorus, F|100\/100\n|move|p2a: Garchomp|Outrage|p1a: Enamorus\n|-immune|p1a: Enamorus\n|\n|upkeep\n|turn|3\n|inactive|Battle timer is ON: inactive players will automatically lose when time's up. (requested by elfelikz)\n|\n|t:|1700236245\n|switch|p2a: Froslass|Froslass, F|100\/100\n|move|p1a: Enamorus|Moonblast|p2a: Froslass\n|-damage|p2a: Froslass|6\/100\n|-start|p1a: Enamorus|Disable|Moonblast|[from] ability: Cursed Body|[of] p2a: Froslass\n|\n|upkeep\n|turn|4\n|\n|t:|1700236255\n|switch|p1a: Ribombee|Ribombee, F, shiny|100\/100\n|move|p2a: Froslass|Ice Beam|p1a: Ribombee\n|-damage|p1a: Ribombee|15\/100\n|-damage|p2a: Froslass|0 fnt|[from] item: Life Orb\n|faint|p2a: Froslass\n|\n|-sideend|p2: MochiBeard|move: Tailwind\n|upkeep\n|\n|t:|1700236263\n|switch|p2a: Dragonite|Dragonite, F, shiny|100\/100\n|turn|5\n|\n|t:|1700236267\n|move|p2a: Dragonite|Extreme Speed|p1a: Ribombee\n|-enditem|p2a: Dragonite|Normal Gem|[from] gem\n|-damage|p1a: Ribombee|0 fnt\n|faint|p1a: Ribombee\n|\n|upkeep\n|\n|t:|1700236270\n|switch|p1a: Enamorus|Enamorus, F|100\/100\n|turn|6\n|\n|t:|1700236277\n|-terastallize|p2a: Dragonite|Normal\n|move|p2a: Dragonite|Extreme Speed|p1a: Enamorus\n|-damage|p1a: Enamorus|33\/100\n|move|p1a: Enamorus|Moonblast|p2a: Dragonite\n|-damage|p2a: Dragonite|60\/100\n|\n|upkeep\n|turn|7\n|\n|t:|1700236286\n|switch|p1a: Sneasler|Sneasler, F, shiny|100\/100\n|move|p2a: Dragonite|Extreme Speed|p1a: Sneasler\n|-damage|p1a: Sneasler|18\/100\n|\n|upkeep\n|turn|8\n|\n|t:|1700236292\n|move|p2a: Dragonite|Extreme Speed|p1a: Sneasler\n|-damage|p1a: Sneasler|0 fnt\n|faint|p1a: Sneasler\n|\n|upkeep\n|\n|t:|1700236294\n|switch|p1a: Great Tusk|Great Tusk|100\/100\n|turn|9\n|\n|t:|1700236300\n|move|p1a: Great Tusk|Close Combat|p2a: Dragonite\n|-supereffective|p2a: Dragonite\n|-damage|p2a: Dragonite|0 fnt\n|-unboost|p1a: Great Tusk|def|1\n|-unboost|p1a: Great Tusk|spd|1\n|faint|p2a: Dragonite\n|\n|upkeep\n|\n|t:|1700236311\n|switch|p2a: Landorus|Landorus-Therian, M|100\/100\n|-ability|p2a: Landorus|Intimidate|boost\n|-unboost|p1a: Great Tusk|atk|1\n|turn|10\n|\n|t:|1700236317\n|-end|p1a: Great Tusk|Protosynthesis|[silent]\n|switch|p1a: Zapdos|Zapdos|100\/100\n|move|p2a: Landorus|Body Slam|p1a: Zapdos\n|-damage|p1a: Zapdos|69\/100\n|\n|upkeep\n|turn|11\n|\n|t:|1700236324\n|move|p1a: Zapdos|Hurricane|p2a: Landorus|[miss]\n|-miss|p1a: Zapdos|p2a: Landorus\n|move|p2a: Landorus|Body Slam|p1a: Zapdos\n|-damage|p1a: Zapdos|38\/100\n|\n|upkeep\n|turn|12\n|\n|t:|1700236330\n|move|p1a: Zapdos|Roost|p1a: Zapdos\n|-heal|p1a: Zapdos|88\/100\n|-singleturn|p1a: Zapdos|move: Roost\n|move|p2a: Landorus|Body Slam|p1a: Zapdos\n|-damage|p1a: Zapdos|54\/100\n|-status|p2a: Landorus|par|[from] ability: Static|[of] p1a: Zapdos\n|\n|upkeep\n|turn|13\n|\n|t:|1700236339\n|move|p1a: Zapdos|Hurricane|p2a: Landorus|[miss]\n|-miss|p1a: Zapdos|p2a: Landorus\n|cant|p2a: Landorus|par\n|\n|upkeep\n|turn|14\n|\n|t:|1700236346\n|move|p1a: Zapdos|Hurricane|p2a: Landorus|[miss]\n|-miss|p1a: Zapdos|p2a: Landorus\n|move|p2a: Landorus|Body Slam|p1a: Zapdos\n|-crit|p1a: Zapdos\n|-damage|p1a: Zapdos|6\/100\n|\n|upkeep\n|turn|15\n|\n|t:|1700236353\n|move|p1a: Zapdos|Roost|p1a: Zapdos\n|-heal|p1a: Zapdos|57\/100\n|-singleturn|p1a: Zapdos|move: Roost\n|move|p2a: Landorus|Body Slam|p1a: Zapdos\n|-damage|p1a: Zapdos|23\/100\n|\n|upkeep\n|turn|16\n|\n|t:|1700236359\n|move|p1a: Zapdos|Roost|p1a: Zapdos\n|-heal|p1a: Zapdos|73\/100\n|-singleturn|p1a: Zapdos|move: Roost\n|move|p2a: Landorus|Body Slam|p1a: Zapdos\n|-damage|p1a: Zapdos|42\/100\n|\n|upkeep\n|turn|17\n|\n|t:|1700236366\n|move|p1a: Zapdos|Roost|p1a: Zapdos\n|-heal|p1a: Zapdos|92\/100\n|-singleturn|p1a: Zapdos|move: Roost\n|move|p2a: Landorus|Body Slam|p1a: Zapdos\n|-damage|p1a: Zapdos|61\/100\n|\n|upkeep\n|turn|18\n|\n|t:|1700236373\n|move|p1a: Zapdos|Hurricane|p2a: Landorus\n|-damage|p2a: Landorus|47\/100 par\n|move|p2a: Landorus|Body Slam|p1a: Zapdos\n|-damage|p1a: Zapdos|29\/100\n|\n|upkeep\n|turn|19\n|\n|t:|1700236379\n|move|p1a: Zapdos|Hurricane|p2a: Landorus|[miss]\n|-miss|p1a: Zapdos|p2a: Landorus\n|cant|p2a: Landorus|par\n|\n|upkeep\n|turn|20\n|\n|t:|1700236384\n|move|p1a: Zapdos|Hurricane|p2a: Landorus|[miss]\n|-miss|p1a: Zapdos|p2a: Landorus\n|move|p2a: Landorus|Body Slam|p1a: Zapdos\n|-damage|p1a: Zapdos|0 fnt\n|faint|p1a: Zapdos\n|\n|upkeep\n|\n|t:|1700236387\n|switch|p1a: Rillaboom|Rillaboom, M|100\/100\n|-fieldstart|move: Grassy Terrain|[from] ability: Grassy Surge|[of] p1a: Rillaboom\n|turn|21\n|\n|t:|1700236394\n|move|p1a: Rillaboom|Grassy Glide|p2a: Landorus\n|-damage|p2a: Landorus|0 fnt\n|faint|p2a: Landorus\n|\n|upkeep\n|\n|t:|1700236398\n|switch|p2a: Garchomp|Garchomp, F, shiny|100\/100\n|turn|22\n|\n|t:|1700236402\n|move|p1a: Rillaboom|Grassy Glide|p2a: Garchomp\n|-damage|p2a: Garchomp|37\/100\n|-damage|p1a: Rillaboom|88\/100|[from] ability: Rough Skin|[of] p2a: Garchomp\n|-damage|p1a: Rillaboom|72\/100|[from] item: Rocky Helmet|[of] p2a: Garchomp\n|move|p2a: Garchomp|Outrage|p1a: Rillaboom\n|-damage|p1a: Rillaboom|0 fnt\n|faint|p1a: Rillaboom\n|\n|-heal|p2a: Garchomp|43\/100|[from] Grassy Terrain\n|upkeep\n|\n|t:|1700236417\n|switch|p1a: Enamorus|Enamorus, F|33\/100\n|turn|23\n|\n|t:|1700236421\n|move|p1a: Enamorus|Moonblast|p2a: Garchomp\n|-supereffective|p2a: Garchomp\n|-damage|p2a: Garchomp|0 fnt\n|faint|p2a: Garchomp\n|\n|upkeep\n|\n|t:|1700236426\n|switch|p2a: Zamazenta|Zamazenta|100\/100\n|-ability|p2a: Zamazenta|Dauntless Shield|boost\n|-boost|p2a: Zamazenta|def|1\n|turn|24\n|\n|t:|1700236430\n|move|p1a: Enamorus|Moonblast|p2a: Zamazenta\n|-supereffective|p2a: Zamazenta\n|-crit|p2a: Zamazenta\n|-damage|p2a: Zamazenta|0 fnt\n|faint|p2a: Zamazenta\n|\n|win|elfelikz\n|raw|elfelikz's rating: 1119 &rarr; <strong>1139<\/strong><br \/>(+20 for winning)\n|raw|MochiBeard's rating: 1045 &rarr; <strong>1032<\/strong><br \/>(-13 for losing)\n|c|\u2606MochiBeard|ggs\n","uploadtime":1700236438,"views":9,"p1id":"elfelikz","p2id":"mochibeard","formatid":"gen9ou","rating":1032,"private":0,"password":""}