{"id":"gen9ou-1989462792","p1":"Tory","p2":"Albert4107","format":"[Gen 9] OU","log":"|j|\u203dTory\n|j|\u2606Albert4107\n|t:|1699854338\n|gametype|singles\n|player|p1|Tory|unknown|1169\n|player|p2|Albert4107|lusamine-nihilego|1238\n|teamsize|p1|6\n|teamsize|p2|6\n|gen|9\n|tier|[Gen 9] OU\n|rated|\n|rule|Sleep Clause Mod: Limit one foe put to sleep\n|rule|Species Clause: Limit one of each Pok\u00e9mon\n|rule|OHKO Clause: OHKO moves are banned\n|rule|Evasion Items Clause: Evasion items are banned\n|rule|Evasion Moves Clause: Evasion moves are banned\n|rule|Endless Battle Clause: Forcing endless battles is banned\n|rule|HP Percentage Mod: HP is shown in percentages\n|clearpoke\n|poke|p1|Heatran, M|\n|poke|p1|Dondozo, M|\n|poke|p1|Landorus-Therian, M|\n|poke|p1|Clodsire, F|\n|poke|p1|Walking Wake|\n|poke|p1|Kingambit, M|\n|poke|p2|Iron Treads|\n|poke|p2|Rotom-Mow|\n|poke|p2|Lokix, F|\n|poke|p2|Thundurus-Therian, M|\n|poke|p2|Tatsugiri, F|\n|poke|p2|Scizor, F|\n|teampreview\n|inactive|Battle timer is ON: inactive players will automatically lose when time's up. (requested by Albert4107)\n|\n|t:|1699854351\n|start\n|switch|p1a: Clodsire|Clodsire, F, shiny|100\/100\n|switch|p2a: Lokix|Lokix, F|100\/100\n|turn|1\n|\n|t:|1699854370\n|move|p2a: Lokix|U-turn|p1a: Clodsire\n|-resisted|p1a: Clodsire\n|-damage|p1a: Clodsire|48\/100\n|\n|t:|1699854374\n|switch|p2a: Iron Treads|Iron Treads|100\/100|[from] U-turn\n|move|p1a: Clodsire|Toxic Spikes|p2a: Iron Treads\n|-sidestart|p2: Albert4107|move: Toxic Spikes\n|\n|-heal|p1a: Clodsire|54\/100|[from] item: Leftovers\n|upkeep\n|turn|2\n|\n|t:|1699854382\n|switch|p1a: Landorus|Landorus-Therian, M, shiny|100\/100\n|-ability|p1a: Landorus|Intimidate|boost\n|-unboost|p2a: Iron Treads|atk|1\n|move|p2a: Iron Treads|Earthquake|p1a: Landorus\n|-immune|p1a: Landorus\n|\n|upkeep\n|turn|3\n|\n|t:|1699854391\n|move|p2a: Iron Treads|Rapid Spin|p1a: Landorus\n|-damage|p1a: Landorus|93\/100\n|-boost|p2a: Iron Treads|spe|1\n|-damage|p2a: Iron Treads|84\/100|[from] item: Rocky Helmet|[of] p1a: Landorus\n|-sideend|p2: Albert4107|Toxic Spikes|[from] move: Rapid Spin|[of] p2a: Iron Treads\n|move|p1a: Landorus|Stealth Rock|p2a: Iron Treads\n|-sidestart|p2: Albert4107|move: Stealth Rock\n|\n|upkeep\n|turn|4\n|\n|t:|1699854400\n|move|p2a: Iron Treads|Knock Off|p1a: Landorus\n|-damage|p1a: Landorus|77\/100\n|-damage|p2a: Iron Treads|68\/100|[from] item: Rocky Helmet|[of] p1a: Landorus\n|-enditem|p1a: Landorus|Rocky Helmet|[from] move: Knock Off|[of] p2a: Iron Treads\n|move|p1a: Landorus|Earthquake|p2a: Iron Treads\n|-supereffective|p2a: Iron Treads\n|-damage|p2a: Iron Treads|0 fnt\n|faint|p2a: Iron Treads\n|-end|p2a: Iron Treads|Quark Drive|[silent]\n|\n|upkeep\n|\n|t:|1699854407\n|switch|p2a: Tatsugiri|Tatsugiri, F|100\/100\n|turn|5\n|\n|t:|1699854419\n|switch|p1a: Dondozo|Dondozo, M, shiny|100\/100\n|move|p2a: Tatsugiri|Hydro Pump|p1a: Dondozo\n|-resisted|p1a: Dondozo\n|-damage|p1a: Dondozo|74\/100\n|\n|upkeep\n|turn|6\n|\n|t:|1699854427\n|move|p2a: Tatsugiri|Taunt|p1a: Dondozo\n|-start|p1a: Dondozo|move: Taunt\n|move|p1a: Dondozo|Body Press|p2a: Tatsugiri\n|-damage|p2a: Tatsugiri|55\/100\n|\n|upkeep\n|turn|7\n|\n|t:|1699854435\n|move|p2a: Tatsugiri|Rapid Spin|p1a: Dondozo\n|-damage|p1a: Dondozo|71\/100\n|-boost|p2a: Tatsugiri|spe|1\n|-damage|p2a: Tatsugiri|38\/100|[from] item: Rocky Helmet|[of] p1a: Dondozo\n|-sideend|p2: Albert4107|Stealth Rock|[from] move: Rapid Spin|[of] p2a: Tatsugiri\n|move|p1a: Dondozo|Body Press|p2a: Tatsugiri\n|-damage|p2a: Tatsugiri|0 fnt\n|faint|p2a: Tatsugiri\n|\n|upkeep\n|\n|t:|1699854440\n|switch|p2a: Thundurus|Thundurus-Therian, M|100\/100\n|turn|8\n|\n|t:|1699854445\n|switch|p1a: Clodsire|Clodsire, F, shiny|54\/100\n|move|p2a: Thundurus|Volt Switch|p1a: Clodsire\n|-immune|p1a: Clodsire\n|\n|-heal|p1a: Clodsire|60\/100|[from] item: Leftovers\n|upkeep\n|turn|9\n|\n|t:|1699854465\n|switch|p2a: Lokix|Lokix, F|100\/100\n|move|p1a: Clodsire|Toxic Spikes|p2a: Lokix\n|-sidestart|p2: Albert4107|move: Toxic Spikes\n|\n|-heal|p1a: Clodsire|67\/100|[from] item: Leftovers\n|upkeep\n|turn|10\n|\n|t:|1699854471\n|move|p2a: Lokix|Knock Off|p1a: Clodsire\n|-damage|p1a: Clodsire|0 fnt\n|-enditem|p1a: Clodsire|Leftovers|[from] move: Knock Off|[of] p2a: Lokix\n|faint|p1a: Clodsire\n|\n|upkeep\n|\n|t:|1699854478\n|switch|p1a: Landorus|Landorus-Therian, M, shiny|77\/100\n|-ability|p1a: Landorus|Intimidate|boost\n|-unboost|p2a: Lokix|atk|1\n|turn|11\n|\n|t:|1699854489\n|switch|p2a: Thundurus|Thundurus-Therian, M|100\/100\n|move|p1a: Landorus|Stealth Rock|p2a: Thundurus\n|-sidestart|p2: Albert4107|move: Stealth Rock\n|\n|upkeep\n|turn|12\n|\n|t:|1699854497\n|move|p2a: Thundurus|Psychic|p1a: Landorus\n|-damage|p1a: Landorus|37\/100\n|-unboost|p1a: Landorus|spd|1\n|move|p1a: Landorus|Stone Edge|p2a: Thundurus\n|-supereffective|p2a: Thundurus\n|-damage|p2a: Thundurus|2\/100\n|\n|upkeep\n|turn|13\n|\n|t:|1699854505\n|move|p2a: Thundurus|Psychic|p1a: Landorus\n|-damage|p1a: Landorus|0 fnt\n|faint|p1a: Landorus\n|\n|upkeep\n|\n|t:|1699854514\n|switch|p1a: Heatran|Heatran, M, shiny|100\/100\n|turn|14\n|\n|t:|1699854519\n|move|p2a: Thundurus|Psychic|p1a: Heatran\n|-resisted|p1a: Heatran\n|-damage|p1a: Heatran|90\/100\n|move|p1a: Heatran|Will-O-Wisp|p2a: Thundurus\n|-status|p2a: Thundurus|brn\n|\n|-heal|p1a: Heatran|96\/100|[from] item: Leftovers\n|-damage|p2a: Thundurus|0 fnt|[from] brn\n|faint|p2a: Thundurus\n|upkeep\n|\n|t:|1699854527\n|switch|p2a: Lokix|Lokix, F|100\/100\n|-status|p2a: Lokix|psn\n|-damage|p2a: Lokix|76\/100 psn|[from] Stealth Rock\n|turn|15\n|\n|t:|1699854534\n|move|p2a: Lokix|Axe Kick|p1a: Heatran\n|-supereffective|p1a: Heatran\n|-damage|p1a: Heatran|0 fnt\n|faint|p1a: Heatran\n|\n|-damage|p2a: Lokix|63\/100 psn|[from] psn\n|upkeep\n|\n|t:|1699854540\n|switch|p1a: Dondozo|Dondozo, M, shiny|71\/100\n|turn|16\n|\n|t:|1699854547\n|switch|p2a: Scizor|Scizor, F|100\/100\n|move|p1a: Dondozo|Liquidation|p2a: Scizor\n|-damage|p2a: Scizor|74\/100\n|\n|upkeep\n|turn|17\n|\n|t:|1699854555\n|move|p2a: Scizor|Defog|p1a: Dondozo\n|-unboost|p1a: Dondozo|evasion|1\n|-sideend|p2: Albert4107|Toxic Spikes|[from] move: Defog|[of] p2a: Scizor\n|-sideend|p2: Albert4107|Stealth Rock|[from] move: Defog|[of] p2a: Scizor\n|move|p1a: Dondozo|Body Press|p2a: Scizor\n|-damage|p2a: Scizor|47\/100\n|\n|upkeep\n|turn|18\n|\n|t:|1699854562\n|move|p2a: Scizor|Swords Dance|p2a: Scizor\n|-boost|p2a: Scizor|atk|2\n|move|p1a: Dondozo|Liquidation|p2a: Scizor\n|-damage|p2a: Scizor|23\/100\n|\n|upkeep\n|turn|19\n|\n|t:|1699854571\n|move|p2a: Scizor|Knock Off|p1a: Dondozo\n|-damage|p1a: Dondozo|59\/100\n|-damage|p2a: Scizor|6\/100|[from] item: Rocky Helmet|[of] p1a: Dondozo\n|-enditem|p1a: Dondozo|Rocky Helmet|[from] move: Knock Off|[of] p2a: Scizor\n|move|p1a: Dondozo|Body Press|p2a: Scizor\n|-damage|p2a: Scizor|0 fnt\n|faint|p2a: Scizor\n|\n|upkeep\n|\n|t:|1699854575\n|switch|p2a: Rotom|Rotom-Mow|100\/100\n|turn|20\n|\n|t:|1699854585\n|move|p2a: Rotom|Thunderbolt|p1a: Dondozo\n|-supereffective|p1a: Dondozo\n|-damage|p1a: Dondozo|0 fnt\n|faint|p1a: Dondozo\n|\n|upkeep\n|\n|t:|1699854592\n|switch|p1a: Walking Wake|Walking Wake|100\/100\n|-enditem|p1a: Walking Wake|Booster Energy\n|-activate|p1a: Walking Wake|ability: Protosynthesis|[fromitem]\n|-start|p1a: Walking Wake|protosynthesisspa\n|turn|21\n|\n|t:|1699854599\n|move|p2a: Rotom|Thunderbolt|p1a: Walking Wake\n|-damage|p1a: Walking Wake|51\/100\n|move|p1a: Walking Wake|Flamethrower|p2a: Rotom\n|-supereffective|p2a: Rotom\n|-damage|p2a: Rotom|0 fnt\n|faint|p2a: Rotom\n|\n|upkeep\n|\n|t:|1699854602\n|switch|p2a: Lokix|Lokix, F|63\/100 psn\n|turn|22\n|\n|t:|1699854613\n|move|p1a: Walking Wake|Draco Meteor|p2a: Lokix\n|-crit|p2a: Lokix\n|-damage|p2a: Lokix|0 fnt\n|-unboost|p1a: Walking Wake|spa|2\n|faint|p2a: Lokix\n|\n|win|Tory\n|raw|Tory's rating: 1169 &rarr; <strong>1199<\/strong><br \/>(+30 for winning)\n|raw|Albert4107's rating: 1238 &rarr; <strong>1208<\/strong><br \/>(-30 for losing)\n|l|\u2606Albert4107\n","uploadtime":1699854620,"views":8,"p1id":"tory","p2id":"albert4107","formatid":"gen9ou","rating":1199,"private":0,"password":""}