{"id":"gen9ou-2000189728","p1":"tekken_is_life","p2":"illneverchooseyou","format":"[Gen 9] OU","log":"|j|\u203dtekken_is_life\n|j|\u2606illneverchooseyou\n|t:|1701169652\n|gametype|singles\n|player|p1|tekken_is_life|riley|1692\n|player|p2|illneverchooseyou|psychic-gen4|1613\n|teamsize|p1|6\n|teamsize|p2|6\n|gen|9\n|tier|[Gen 9] OU\n|rated|\n|rule|Sleep Clause Mod: Limit one foe put to sleep\n|rule|Species Clause: Limit one of each Pok\u00e9mon\n|rule|OHKO Clause: OHKO moves are banned\n|rule|Evasion Items Clause: Evasion items are banned\n|rule|Evasion Moves Clause: Evasion moves are banned\n|rule|Endless Battle Clause: Forcing endless battles is banned\n|rule|HP Percentage Mod: HP is shown in percentages\n|clearpoke\n|poke|p1|Enamorus, F|\n|poke|p1|Iron Moth|\n|poke|p1|Great Tusk|\n|poke|p1|Ogerpon-Cornerstone, F|\n|poke|p1|Kingambit, F|\n|poke|p1|Dragapult, F|\n|poke|p2|Great Tusk|\n|poke|p2|Ursaluna, F|\n|poke|p2|Iron Moth|\n|poke|p2|Slowking-Galar, F|\n|poke|p2|Alomomola, F|\n|poke|p2|Amoonguss, M|\n|teampreview\n|\n|t:|1701169662\n|start\n|switch|p1a: Dragapult|Dragapult, F|100\/100\n|switch|p2a: Alomomola|Alomomola, F|100\/100\n|turn|1\n|\n|t:|1701169669\n|move|p1a: Dragapult|Draco Meteor|p2a: Alomomola\n|-damage|p2a: Alomomola|0 fnt\n|-unboost|p1a: Dragapult|spa|2\n|faint|p2a: Alomomola\n|\n|upkeep\n|\n|t:|1701169679\n|switch|p2a: Great Tusk|Great Tusk|100\/100\n|turn|2\n|\n|t:|1701169686\n|switch|p1a: Enamorus|Enamorus, F|100\/100\n|move|p2a: Great Tusk|Stealth Rock|p1a: Enamorus\n|-sidestart|p1: tekken_is_life|move: Stealth Rock\n|\n|upkeep\n|turn|3\n|\n|t:|1701169691\n|-end|p2a: Great Tusk|Protosynthesis|[silent]\n|switch|p2a: Slowking|Slowking-Galar, F, shiny|100\/100\n|move|p1a: Enamorus|Earth Power|p2a: Slowking\n|-supereffective|p2a: Slowking\n|-damage|p2a: Slowking|62\/100\n|-unboost|p2a: Slowking|spd|1\n|\n|upkeep\n|turn|4\n|\n|t:|1701169694\n|switch|p2a: Amoonguss|Amoonguss, M, shiny|100\/100\n|move|p1a: Enamorus|Earth Power|p2a: Amoonguss\n|-damage|p2a: Amoonguss|76\/100\n|\n|upkeep\n|turn|5\n|\n|t:|1701169702\n|switch|p1a: Ogerpon|Ogerpon-Cornerstone, F|100\/100\n|-damage|p1a: Ogerpon|88\/100|[from] Stealth Rock\n|move|p2a: Amoonguss|Giga Drain|p1a: Ogerpon\n|-damage|p1a: Ogerpon|59\/100\n|-heal|p2a: Amoonguss|87\/100|[from] drain|[of] p1a: Ogerpon\n|\n|upkeep\n|turn|6\n|j| Neutralist\n|\n|t:|1701169708\n|move|p1a: Ogerpon|Ivy Cudgel|p2a: Amoonguss|[anim] Ivy Cudgel Rock\n|-damage|p2a: Amoonguss|32\/100\n|move|p2a: Amoonguss|Foul Play|p1a: Ogerpon\n|-damage|p1a: Ogerpon|19\/100\n|\n|upkeep\n|turn|7\n|\n|t:|1701169727\n|switch|p2a: Iron Moth|Iron Moth|100\/100\n|move|p1a: Ogerpon|Horn Leech|p2a: Iron Moth\n|-resisted|p2a: Iron Moth\n|-damage|p2a: Iron Moth|81\/100\n|-heal|p1a: Ogerpon|29\/100|[from] drain|[of] p2a: Iron Moth\n|\n|upkeep\n|turn|8\n|\n|t:|1701169746\n|move|p2a: Iron Moth|Fiery Dance|p1a: Ogerpon\n|-damage|p1a: Ogerpon|0 fnt\n|-boost|p2a: Iron Moth|spa|1\n|faint|p1a: Ogerpon\n|\n|upkeep\n|l| Neutralist\n|\n|t:|1701169753\n|switch|p1a: Great Tusk|Great Tusk|100\/100\n|-damage|p1a: Great Tusk|98\/100|[from] Stealth Rock\n|-enditem|p1a: Great Tusk|Booster Energy\n|-activate|p1a: Great Tusk|ability: Protosynthesis|[fromitem]\n|-start|p1a: Great Tusk|protosynthesisatk\n|turn|9\n|inactive|Battle timer is ON: inactive players will automatically lose when time's up. (requested by tekken_is_life)\n|inactive|illneverchooseyou has 120 seconds left.\n|\n|t:|1701169809\n|-terastallize|p2a: Iron Moth|Fire\n|move|p2a: Iron Moth|Fiery Dance|p1a: Great Tusk\n|-damage|p1a: Great Tusk|0 fnt\n|faint|p1a: Great Tusk\n|-end|p1a: Great Tusk|Protosynthesis|[silent]\n|\n|upkeep\n|\n|t:|1701169832\n|switch|p1a: Dragapult|Dragapult, F|100\/100\n|-damage|p1a: Dragapult|88\/100|[from] Stealth Rock\n|turn|10\n|j| quesitoooo\n|inactive|illneverchooseyou has 120 seconds left.\n|\n|t:|1701169867\n|-end|p2a: Iron Moth|Quark Drive|[silent]\n|switch|p2a: Slowking|Slowking-Galar, F, shiny|95\/100\n|move|p1a: Dragapult|Draco Meteor|p2a: Slowking\n|-damage|p2a: Slowking|48\/100\n|-unboost|p1a: Dragapult|spa|2\n|\n|upkeep\n|turn|11\n|inactive|illneverchooseyou has 120 seconds left.\n|\n|t:|1701169877\n|switch|p1a: Enamorus|Enamorus, F|100\/100\n|-damage|p1a: Enamorus|76\/100|[from] Stealth Rock\n|move|p2a: Slowking|Chilly Reception|p2a: Slowking\n|-weather|Snow\n|inactive|illneverchooseyou has 120 seconds left.\n|\n|t:|1701169889\n|switch|p2a: Iron Moth|Iron Moth, tera:Fire|81\/100|[from] Chilly Reception\n|\n|-weather|Snow|[upkeep]\n|upkeep\n|turn|12\n|\n|t:|1701169893\n|move|p2a: Iron Moth|U-turn|p1a: Enamorus\n|-resisted|p1a: Enamorus\n|-crit|p1a: Enamorus\n|-damage|p1a: Enamorus|69\/100\n|\n|t:|1701169898\n|-end|p2a: Iron Moth|Quark Drive|[silent]\n|switch|p2a: Amoonguss|Amoonguss, M, shiny|65\/100|[from] U-turn\n|move|p1a: Enamorus|Healing Wish|p1a: Enamorus\n|faint|p1a: Enamorus\n|\n|-weather|Snow|[upkeep]\n|upkeep\n|\n|t:|1701169902\n|switch|p1a: Iron Moth|Iron Moth|100\/100\n|-damage|p1a: Iron Moth|76\/100|[from] Stealth Rock\n|-enditem|p1a: Iron Moth|Booster Energy\n|-activate|p1a: Iron Moth|ability: Quark Drive|[fromitem]\n|-start|p1a: Iron Moth|quarkdrivespe\n|turn|13\n|\n|t:|1701169906\n|switch|p2a: Slowking|Slowking-Galar, F, shiny|81\/100\n|move|p1a: Iron Moth|Fiery Dance|p2a: Slowking\n|-damage|p2a: Slowking|55\/100\n|\n|-weather|Snow|[upkeep]\n|upkeep\n|turn|14\n|\n|t:|1701169915\n|move|p1a: Iron Moth|Fiery Dance|p2a: Slowking\n|-damage|p2a: Slowking|30\/100\n|move|p2a: Slowking|Trick Room|p2a: Slowking\n|-fieldstart|move: Trick Room|[of] p2a: Slowking\n|\n|-weather|Snow|[upkeep]\n|upkeep\n|turn|15\n|\n|t:|1701169923\n|move|p1a: Iron Moth|Fiery Dance|p2a: Slowking\n|-damage|p2a: Slowking|5\/100\n|move|p2a: Slowking|Chilly Reception|p2a: Slowking\n|\n|t:|1701169925\n|switch|p2a: Ursaluna|Ursaluna, F|100\/100|[from] Chilly Reception\n|\n|-weather|none\n|-status|p2a: Ursaluna|brn|[from] item: Flame Orb\n|upkeep\n|turn|16\n|\n|t:|1701169930\n|move|p2a: Ursaluna|Facade|p1a: Iron Moth\n|-damage|p1a: Iron Moth|0 fnt\n|faint|p1a: Iron Moth\n|-end|p1a: Iron Moth|Quark Drive|[silent]\n|\n|-damage|p2a: Ursaluna|94\/100 brn|[from] brn\n|upkeep\n|\n|t:|1701169932\n|switch|p1a: Kingambit|Kingambit, F|100\/100\n|-damage|p1a: Kingambit|94\/100|[from] Stealth Rock\n|-activate|p1a: Kingambit|ability: Supreme Overlord\n|-start|p1a: Kingambit|fallen4|[silent]\n|turn|17\n|\n|t:|1701169940\n|-end|p1a: Kingambit|fallen4|[silent]\n|switch|p1a: Dragapult|Dragapult, F|88\/100\n|-heal|p1a: Dragapult|100\/100|[from] move: Healing Wish\n|-damage|p1a: Dragapult|88\/100|[from] Stealth Rock\n|move|p2a: Ursaluna|Headlong Rush|p1a: Dragapult\n|-damage|p1a: Dragapult|0 fnt\n|-unboost|p2a: Ursaluna|def|1\n|-unboost|p2a: Ursaluna|spd|1\n|faint|p1a: Dragapult\n|\n|-damage|p2a: Ursaluna|88\/100 brn|[from] brn\n|upkeep\n|\n|t:|1701169942\n|switch|p1a: Kingambit|Kingambit, F|94\/100\n|-damage|p1a: Kingambit|88\/100|[from] Stealth Rock\n|-activate|p1a: Kingambit|ability: Supreme Overlord\n|-start|p1a: Kingambit|fallen5|[silent]\n|turn|18\n|\n|t:|1701169948\n|-terastallize|p1a: Kingambit|Dark\n|move|p1a: Kingambit|Sucker Punch|p2a: Ursaluna\n|-damage|p2a: Ursaluna|6\/100 brn\n|move|p2a: Ursaluna|Headlong Rush|p1a: Kingambit\n|-damage|p1a: Kingambit|5\/100\n|-unboost|p2a: Ursaluna|def|1\n|-unboost|p2a: Ursaluna|spd|1\n|\n|-heal|p1a: Kingambit|12\/100|[from] item: Leftovers\n|-damage|p2a: Ursaluna|0 fnt|[from] brn\n|faint|p2a: Ursaluna\n|-fieldend|move: Trick Room\n|upkeep\n|\n|t:|1701169952\n|switch|p2a: Great Tusk|Great Tusk|100\/100\n|turn|19\n|-message|tekken_is_life forfeited.\n|\n|win|illneverchooseyou\n|raw|tekken_is_life's rating: 1692 &rarr; <strong>1668<\/strong><br \/>(-24 for losing)\n|raw|illneverchooseyou's rating: 1613 &rarr; <strong>1637<\/strong><br \/>(+24 for winning)\n|c|\u2606illneverchooseyou|Gg\n|l|\u203dtekken_is_life\n|l| quesitoooo\n","uploadtime":1701169966,"views":3,"p1id":"tekkenislife","p2id":"illneverchooseyou","formatid":"gen9ou","rating":1637,"private":0,"password":""}