{"id":"gen9ou-1988413911","p1":"softbot","p2":"AshWeatherill","format":"[Gen 9] OU","log":"|j|\u2606softbot\n|j|\u2606AshWeatherill\n|t:|1699720302\n|gametype|singles\n|player|p1|softbot|lorelei-gen1rb|1000\n|player|p2|AshWeatherill|170|1074\n|teamsize|p1|6\n|teamsize|p2|6\n|gen|9\n|tier|[Gen 9] OU\n|rated|\n|rule|Sleep Clause Mod: Limit one foe put to sleep\n|rule|Species Clause: Limit one of each Pok\u00e9mon\n|rule|OHKO Clause: OHKO moves are banned\n|rule|Evasion Items Clause: Evasion items are banned\n|rule|Evasion Moves Clause: Evasion moves are banned\n|rule|Endless Battle Clause: Forcing endless battles is banned\n|rule|HP Percentage Mod: HP is shown in percentages\n|clearpoke\n|poke|p1|Ceruledge, M|\n|poke|p1|Kingambit, M|\n|poke|p1|Great Tusk|\n|poke|p1|Iron Valiant|\n|poke|p1|Ogerpon-Wellspring, F|\n|poke|p1|Gholdengo|\n|poke|p2|Arcanine-Hisui, M|\n|poke|p2|Electrode-Hisui|\n|poke|p2|Landorus-Therian, M|\n|poke|p2|Inteleon, F|\n|poke|p2|Slowking-Galar, M|\n|poke|p2|Iron Treads|\n|teampreview\n|inactive|Battle timer is ON: inactive players will automatically lose when time's up. (requested by AshWeatherill)\n|\n|t:|1699720316\n|start\n|switch|p1a: Ceruledge|Ceruledge, M|100\/100\n|switch|p2a: Iron Treads|Iron Treads|100\/100\n|-item|p1a: Ceruledge|Air Balloon\n|turn|1\n|\n|t:|1699720329\n|-end|p2a: Iron Treads|Quark Drive|[silent]\n|switch|p2a: Arcanine|Arcanine-Hisui, M|100\/100\n|move|p1a: Ceruledge|Swords Dance|p1a: Ceruledge\n|-boost|p1a: Ceruledge|atk|2\n|\n|upkeep\n|turn|2\n|\n|t:|1699720338\n|move|p2a: Arcanine|Head Smash|p1a: Ceruledge|[miss]\n|-miss|p2a: Arcanine|p1a: Ceruledge\n|move|p1a: Ceruledge|Close Combat|p2a: Arcanine\n|-supereffective|p2a: Arcanine\n|-damage|p2a: Arcanine|0 fnt\n|-unboost|p1a: Ceruledge|def|1\n|-unboost|p1a: Ceruledge|spd|1\n|faint|p2a: Arcanine\n|\n|upkeep\n|c|\u2606AshWeatherill|gotta love it\n|\n|t:|1699720351\n|switch|p2a: Inteleon|Inteleon, F|100\/100\n|turn|3\n|c|\u2606softbot|rofl\n|\n|t:|1699720358\n|move|p1a: Ceruledge|Shadow Sneak|p2a: Inteleon\n|-damage|p2a: Inteleon|32\/100\n|move|p2a: Inteleon|Surf|p1a: Ceruledge\n|-supereffective|p1a: Ceruledge\n|-damage|p1a: Ceruledge|0 fnt\n|-enditem|p1a: Ceruledge|Air Balloon\n|faint|p1a: Ceruledge\n|\n|upkeep\n|\n|t:|1699720374\n|switch|p1a: Gholdengo|Gholdengo|100\/100\n|turn|4\n|\n|t:|1699720383\n|switch|p2a: Landorus|Landorus-Therian, M|100\/100\n|-ability|p2a: Landorus|Intimidate|boost\n|-unboost|p1a: Gholdengo|atk|1\n|move|p1a: Gholdengo|Shadow Ball|p2a: Landorus\n|-damage|p2a: Landorus|62\/100\n|\n|upkeep\n|turn|5\n|\n|t:|1699720392\n|switch|p1a: Great Tusk|Great Tusk|100\/100\n|move|p2a: Landorus|Earthquake|p1a: Great Tusk\n|-damage|p1a: Great Tusk|57\/100\n|\n|-heal|p1a: Great Tusk|63\/100|[from] item: Leftovers\n|upkeep\n|turn|6\n|\n|t:|1699720402\n|switch|p2a: Electrode|Electrode-Hisui|100\/100\n|move|p1a: Great Tusk|Stealth Rock|p2a: Electrode\n|-sidestart|p2: AshWeatherill|move: Stealth Rock\n|\n|-heal|p1a: Great Tusk|69\/100|[from] item: Leftovers\n|upkeep\n|turn|7\n|c|\u2606softbot|dude i have not played this shit in yrs why is electrode made of wood\n|inactive|softbot has 120 seconds left.\n|\n|t:|1699720435\n|-end|p1a: Great Tusk|Protosynthesis|[silent]\n|switch|p1a: Ogerpon|Ogerpon-Wellspring, F|100\/100\n|move|p2a: Electrode|Leaf Storm|p1a: Ogerpon\n|-damage|p1a: Ogerpon|48\/100\n|-unboost|p2a: Electrode|spa|2\n|-enditem|p2a: Electrode|Eject Pack\n|\n|t:|1699720465\n|switch|p2a: Slowking|Slowking-Galar, M|100\/100\n|-damage|p2a: Slowking|88\/100|[from] Stealth Rock\n|\n|-heal|p2a: Slowking|94\/100|[from] item: Black Sludge\n|upkeep\n|turn|8\n|\n|t:|1699720474\n|move|p1a: Ogerpon|Taunt|p2a: Slowking\n|-start|p2a: Slowking|move: Taunt\n|cant|p2a: Slowking|move: Taunt|Yawn\n|\n|-heal|p2a: Slowking|99\/100|[from] item: Black Sludge\n|upkeep\n|turn|9\n|\n|t:|1699720480\n|move|p1a: Ogerpon|U-turn|p2a: Slowking\n|-damage|p2a: Slowking|70\/100\n|\n|t:|1699720489\n|switch|p1a: Kingambit|Kingambit, M|100\/100|[from] U-turn\n|-activate|p1a: Kingambit|ability: Supreme Overlord\n|-start|p1a: Kingambit|fallen1|[silent]\n|move|p2a: Slowking|Sludge Bomb|p1a: Kingambit\n|-immune|p1a: Kingambit\n|\n|-heal|p2a: Slowking|76\/100|[from] item: Black Sludge\n|upkeep\n|turn|10\n|\n|t:|1699720498\n|switch|p2a: Landorus|Landorus-Therian, M|62\/100\n|-damage|p2a: Landorus|49\/100|[from] Stealth Rock\n|-ability|p2a: Landorus|Intimidate|boost\n|-unboost|p1a: Kingambit|atk|1\n|move|p1a: Kingambit|Swords Dance|p1a: Kingambit\n|-boost|p1a: Kingambit|atk|2\n|\n|upkeep\n|turn|11\n|\n|t:|1699720509\n|move|p1a: Kingambit|Sucker Punch|p2a: Landorus\n|-damage|p2a: Landorus|0 fnt\n|faint|p2a: Landorus\n|\n|upkeep\n|-message|AshWeatherill forfeited.\n|\n|win|softbot\n|raw|softbot's rating: 1000 &rarr; <strong>1048<\/strong><br \/>(+48 for winning)\n|raw|AshWeatherill's rating: 1074 &rarr; <strong>1048<\/strong><br \/>(-26 for losing)\n|l|\u2606AshWeatherill\n|c|\u2606softbot|ggs\n","uploadtime":1699720530,"views":17,"p1id":"softbot","p2id":"ashweatherill","formatid":"gen9ou","rating":1048,"private":0,"password":""}