{"id":"gen9ou-1989059378","p1":"Nesugosu","p2":"VioletWinds","format":"[Gen 9] OU","log":"|j|\u2606Nesugosu\n|j|\u2606VioletWinds\n|t:|1699807676\n|gametype|singles\n|player|p1|Nesugosu|pokemonbreeder-gen4|1150\n|player|p2|VioletWinds|102|1167\n|teamsize|p1|6\n|teamsize|p2|6\n|gen|9\n|tier|[Gen 9] OU\n|rated|\n|rule|Sleep Clause Mod: Limit one foe put to sleep\n|rule|Species Clause: Limit one of each Pok\u00e9mon\n|rule|OHKO Clause: OHKO moves are banned\n|rule|Evasion Items Clause: Evasion items are banned\n|rule|Evasion Moves Clause: Evasion moves are banned\n|rule|Endless Battle Clause: Forcing endless battles is banned\n|rule|HP Percentage Mod: HP is shown in percentages\n|clearpoke\n|poke|p1|Zoroark-Hisui, M|\n|poke|p1|Lokix, M|\n|poke|p1|Sandy Shocks|\n|poke|p1|Great Tusk|\n|poke|p1|Kingambit, M|\n|poke|p1|Hatterene, F|\n|poke|p2|Ribombee, F|\n|poke|p2|Glimmora, M|\n|poke|p2|Dudunsparce-*, M|\n|poke|p2|Gallade, M|\n|poke|p2|Empoleon, F|\n|poke|p2|Eelektross, F|\n|teampreview\n|inactive|Battle timer is ON: inactive players will automatically lose when time's up. (requested by Nesugosu)\n|\n|t:|1699807701\n|start\n|switch|p1a: Sandy Shocks|Sandy Shocks|100\/100\n|switch|p2a: Glimmora|Glimmora, M|100\/100\n|turn|1\n|\n|t:|1699807714\n|move|p1a: Sandy Shocks|Stealth Rock|p2a: Glimmora\n|-sidestart|p2: VioletWinds|move: Stealth Rock\n|move|p2a: Glimmora|Acid Spray|p1a: Sandy Shocks\n|-resisted|p1a: Sandy Shocks\n|-damage|p1a: Sandy Shocks|89\/100\n|-unboost|p1a: Sandy Shocks|spd|2\n|\n|upkeep\n|turn|2\n|\n|t:|1699807722\n|move|p1a: Sandy Shocks|Earth Power|p2a: Glimmora\n|-supereffective|p2a: Glimmora\n|-damage|p2a: Glimmora|0 fnt\n|faint|p2a: Glimmora\n|\n|upkeep\n|\n|t:|1699807734\n|switch|p2a: Empoleon|Empoleon, F|100\/100\n|-damage|p2a: Empoleon|94\/100|[from] Stealth Rock\n|turn|3\n|\n|t:|1699807742\n|-terastallize|p2a: Empoleon|Flying\n|move|p1a: Sandy Shocks|Volt Switch|p2a: Empoleon\n|-supereffective|p2a: Empoleon\n|-damage|p2a: Empoleon|23\/100\n|\n|t:|1699807764\n|-end|p1a: Sandy Shocks|Protosynthesis|[silent]\n|switch|p1a: Kingambit|Kingambit, M|100\/100|[from] Volt Switch\n|move|p2a: Empoleon|Earthquake|p1a: Kingambit\n|-supereffective|p1a: Kingambit\n|-damage|p1a: Kingambit|62\/100\n|-heal|p2a: Empoleon|29\/100|[from] item: Shell Bell|[of] p1a: Kingambit\n|\n|upkeep\n|turn|4\n|\n|t:|1699807776\n|switch|p2a: Gallade|Gallade, M|100\/100\n|-damage|p2a: Gallade|94\/100|[from] Stealth Rock\n|move|p1a: Kingambit|Sucker Punch||[still]\n|-fail|p1a: Kingambit\n|\n|upkeep\n|turn|5\n|\n|t:|1699807784\n|switch|p1a: Lokix|Lokix, M|100\/100\n|move|p2a: Gallade|Bulk Up|p2a: Gallade\n|-boost|p2a: Gallade|atk|1\n|-boost|p2a: Gallade|def|1\n|\n|upkeep\n|turn|6\n|\n|t:|1699807794\n|move|p1a: Lokix|First Impression|p2a: Gallade\n|-damage|p2a: Gallade|60\/100\n|-damage|p1a: Lokix|91\/100|[from] item: Life Orb\n|move|p2a: Gallade|Drain Punch|p1a: Lokix\n|-damage|p1a: Lokix|4\/100\n|-heal|p2a: Gallade|96\/100|[from] drain|[of] p1a: Lokix\n|\n|upkeep\n|turn|7\n|\n|t:|1699807809\n|move|p1a: Lokix|Knock Off|p2a: Gallade\n|-damage|p2a: Gallade|61\/100\n|-enditem|p2a: Gallade|Black Belt|[from] move: Knock Off|[of] p1a: Lokix\n|-damage|p1a: Lokix|0 fnt|[from] item: Life Orb\n|faint|p1a: Lokix\n|move|p2a: Gallade|Bulk Up|p2a: Gallade\n|-boost|p2a: Gallade|atk|1\n|-boost|p2a: Gallade|def|1\n|\n|upkeep\n|\n|t:|1699807819\n|switch|p1a: Hatterene|Hatterene, F|100\/100\n|turn|8\n|\n|t:|1699807826\n|move|p1a: Hatterene|Nasty Plot|p1a: Hatterene\n|-boost|p1a: Hatterene|spa|2\n|move|p2a: Gallade|Leaf Blade|p1a: Hatterene\n|-enditem|p1a: Hatterene|Focus Sash\n|-damage|p1a: Hatterene|1\/100\n|replace|p1a: Zoroark|Zoroark-Hisui, M\n|-end|p1a: Zoroark|Illusion\n|\n|upkeep\n|turn|9\n|\n|t:|1699807847\n|move|p1a: Zoroark|Shadow Ball|p2a: Gallade\n|-supereffective|p2a: Gallade\n|-damage|p2a: Gallade|0 fnt\n|faint|p2a: Gallade\n|\n|upkeep\n|\n|t:|1699807853\n|switch|p2a: Dudunsparce|Dudunsparce, M|100\/100\n|-damage|p2a: Dudunsparce|88\/100|[from] Stealth Rock\n|turn|10\n|\n|t:|1699807858\n|-terastallize|p1a: Zoroark|Fighting\n|move|p1a: Zoroark|Tera Blast|p2a: Dudunsparce|[anim] Tera Blast Fighting\n|-supereffective|p2a: Dudunsparce\n|-damage|p2a: Dudunsparce|0 fnt\n|faint|p2a: Dudunsparce\n|\n|upkeep\n|\n|t:|1699807871\n|switch|p2a: Ribombee|Ribombee, F|100\/100\n|-damage|p2a: Ribombee|76\/100|[from] Stealth Rock\n|turn|11\n|\n|t:|1699807878\n|move|p1a: Zoroark|Shadow Ball|p2a: Ribombee\n|-damage|p2a: Ribombee|0 fnt\n|faint|p2a: Ribombee\n|\n|upkeep\n|\n|t:|1699807883\n|switch|p2a: Eelektross|Eelektross, F|100\/100\n|-damage|p2a: Eelektross|88\/100|[from] Stealth Rock\n|turn|12\n|\n|t:|1699807888\n|move|p1a: Zoroark|Shadow Ball|p2a: Eelektross\n|-damage|p2a: Eelektross|9\/100\n|-unboost|p2a: Eelektross|spd|1\n|-enditem|p2a: Eelektross|Figy Berry|[eat]\n|-heal|p2a: Eelektross|42\/100|[from] item: Figy Berry\n|move|p2a: Eelektross|Lunge|p1a: Zoroark\n|-resisted|p1a: Zoroark\n|-damage|p1a: Zoroark|0 fnt\n|faint|p1a: Zoroark\n|\n|upkeep\n|\n|t:|1699807912\n|switch|p1a: Sandy Shocks|Sandy Shocks|89\/100\n|turn|13\n|\n|t:|1699807920\n|move|p1a: Sandy Shocks|Tera Blast|p2a: Eelektross\n|-damage|p2a: Eelektross|5\/100\n|move|p2a: Eelektross|Coil|p2a: Eelektross\n|-boost|p2a: Eelektross|atk|1\n|-boost|p2a: Eelektross|def|1\n|-boost|p2a: Eelektross|accuracy|1\n|\n|upkeep\n|turn|14\n|\n|t:|1699807929\n|move|p1a: Sandy Shocks|Tera Blast|p2a: Eelektross\n|-damage|p2a: Eelektross|0 fnt\n|faint|p2a: Eelektross\n|\n|upkeep\n|\n|t:|1699807936\n|switch|p2a: Empoleon|Empoleon, F, tera:Flying|29\/100\n|-damage|p2a: Empoleon|4\/100|[from] Stealth Rock\n|turn|15\n|\n|t:|1699807947\n|move|p1a: Sandy Shocks|Volt Switch|p2a: Empoleon\n|-supereffective|p2a: Empoleon\n|-damage|p2a: Empoleon|0 fnt\n|faint|p2a: Empoleon\n|\n|win|Nesugosu\n|raw|Nesugosu's rating: 1150 &rarr; <strong>1176<\/strong><br \/>(+26 for winning)\n|raw|VioletWinds's rating: 1167 &rarr; <strong>1141<\/strong><br \/>(-26 for losing)\n|l|\u2606VioletWinds\n","uploadtime":1699807959,"views":10,"p1id":"nesugosu","p2id":"violetwinds","formatid":"gen9ou","rating":1141,"private":0,"password":""}