{"id":"gen9ou-1990728566","p1":"Sirpumpkinalot","p2":"Zovafire","format":"[Gen 9] OU","log":"|j|\u2606Sirpumpkinalot\n|j|\u2606Zovafire\n|t:|1699995367\n|gametype|singles\n|player|p1|Sirpumpkinalot|benga|1322\n|player|p2|Zovafire|sightseerf|1282\n|teamsize|p1|6\n|teamsize|p2|6\n|gen|9\n|tier|[Gen 9] OU\n|rated|\n|rule|Sleep Clause Mod: Limit one foe put to sleep\n|rule|Species Clause: Limit one of each Pok\u00e9mon\n|rule|OHKO Clause: OHKO moves are banned\n|rule|Evasion Items Clause: Evasion items are banned\n|rule|Evasion Moves Clause: Evasion moves are banned\n|rule|Endless Battle Clause: Forcing endless battles is banned\n|rule|HP Percentage Mod: HP is shown in percentages\n|clearpoke\n|poke|p1|Kommo-o, M|\n|poke|p1|Slowking-Galar, M|\n|poke|p1|Great Tusk|\n|poke|p1|Corviknight, F|\n|poke|p1|Dragapult, M|\n|poke|p1|Samurott-Hisui, F|\n|poke|p2|Great Tusk|\n|poke|p2|Ogerpon-Wellspring, F|\n|poke|p2|Hatterene, F|\n|poke|p2|Kingambit, M|\n|poke|p2|Meowscarada, F|\n|poke|p2|Ninetales-Alola, F|\n|teampreview\n|inactive|Battle timer is ON: inactive players will automatically lose when time's up. (requested by Zovafire)\n|\n|t:|1699995379\n|start\n|switch|p1a: Slowking|Slowking-Galar, M|100\/100\n|switch|p2a: Shiver Tails|Ninetales-Alola, F|100\/100\n|-weather|Snow|[from] ability: Snow Warning|[of] p2a: Shiver Tails\n|turn|1\n|\n|t:|1699995391\n|move|p2a: Shiver Tails|Aurora Veil|p2a: Shiver Tails\n|-sidestart|p2: Zovafire|move: Aurora Veil\n|move|p1a: Slowking|Sludge Bomb|p2a: Shiver Tails\n|-supereffective|p2a: Shiver Tails\n|-damage|p2a: Shiver Tails|62\/100\n|-status|p2a: Shiver Tails|psn\n|\n|-weather|Snow|[upkeep]\n|-damage|p2a: Shiver Tails|50\/100 psn|[from] psn\n|upkeep\n|turn|2\n|\n|t:|1699995397\n|move|p2a: Shiver Tails|Encore|p1a: Slowking\n|-start|p1a: Slowking|Encore\n|move|p1a: Slowking|Sludge Bomb|p2a: Shiver Tails\n|-supereffective|p2a: Shiver Tails\n|-damage|p2a: Shiver Tails|13\/100 psn\n|\n|-weather|Snow|[upkeep]\n|-damage|p2a: Shiver Tails|0 fnt|[from] psn\n|faint|p2a: Shiver Tails\n|upkeep\n|\n|t:|1699995399\n|switch|p2a: Iron Overlord|Kingambit, M|100\/100\n|-activate|p2a: Iron Overlord|ability: Supreme Overlord\n|-start|p2a: Iron Overlord|fallen1|[silent]\n|turn|3\n|\n|t:|1699995414\n|switch|p1a: Corviknight|Corviknight, F|100\/100\n|-ability|p1a: Corviknight|Pressure\n|move|p2a: Iron Overlord|Swords Dance|p2a: Iron Overlord\n|-boost|p2a: Iron Overlord|atk|2\n|\n|-weather|Snow|[upkeep]\n|upkeep\n|turn|4\n|\n|t:|1699995420\n|move|p2a: Iron Overlord|Swords Dance|p2a: Iron Overlord\n|-boost|p2a: Iron Overlord|atk|2\n|move|p1a: Corviknight|Body Press|p2a: Iron Overlord\n|-supereffective|p2a: Iron Overlord\n|-damage|p2a: Iron Overlord|57\/100\n|\n|-weather|Snow|[upkeep]\n|-heal|p2a: Iron Overlord|63\/100|[from] item: Leftovers\n|upkeep\n|turn|5\n|\n|t:|1699995429\n|move|p2a: Iron Overlord|Iron Head|p1a: Corviknight\n|-resisted|p1a: Corviknight\n|-damage|p1a: Corviknight|53\/100\n|-damage|p2a: Iron Overlord|47\/100|[from] item: Rocky Helmet|[of] p1a: Corviknight\n|cant|p1a: Corviknight|flinch\n|\n|-weather|none\n|-heal|p2a: Iron Overlord|53\/100|[from] item: Leftovers\n|upkeep\n|turn|6\n|\n|t:|1699995454\n|switch|p1a: Great Tusk|Great Tusk|100\/100\n|move|p2a: Iron Overlord|Brick Break|p1a: Great Tusk\n|-damage|p1a: Great Tusk|24\/100\n|\n|-heal|p2a: Iron Overlord|59\/100|[from] item: Leftovers\n|upkeep\n|turn|7\n|\n|t:|1699995462\n|move|p2a: Iron Overlord|Sucker Punch|p1a: Great Tusk\n|-resisted|p1a: Great Tusk\n|-damage|p1a: Great Tusk|0 fnt\n|faint|p1a: Great Tusk\n|-end|p1a: Great Tusk|Protosynthesis|[silent]\n|\n|-heal|p2a: Iron Overlord|65\/100|[from] item: Leftovers\n|upkeep\n|inactive|Sirpumpkinalot has 120 seconds left.\n|\n|t:|1699995494\n|switch|p1a: Corviknight|Corviknight, F|53\/100\n|-ability|p1a: Corviknight|Pressure\n|turn|8\n|\n|t:|1699995500\n|move|p2a: Iron Overlord|Brick Break|p1a: Corviknight\n|-damage|p1a: Corviknight|0 fnt\n|-damage|p2a: Iron Overlord|48\/100|[from] item: Rocky Helmet|[of] p1a: Corviknight\n|faint|p1a: Corviknight\n|\n|-heal|p2a: Iron Overlord|55\/100|[from] item: Leftovers\n|-sideend|p2: Zovafire|move: Aurora Veil\n|upkeep\n|\n|t:|1699995510\n|switch|p1a: Kommo-o|Kommo-o, M|100\/100\n|turn|9\n|inactive|Sirpumpkinalot has 120 seconds left.\n|\n|t:|1699995517\n|-terastallize|p2a: Iron Overlord|Fairy\n|move|p1a: Kommo-o|Flamethrower|p2a: Iron Overlord\n|-damage|p2a: Iron Overlord|27\/100\n|move|p2a: Iron Overlord|Iron Head|p1a: Kommo-o\n|-damage|p1a: Kommo-o|0 fnt\n|faint|p1a: Kommo-o\n|\n|-heal|p2a: Iron Overlord|33\/100|[from] item: Leftovers\n|upkeep\n|inactive|Sirpumpkinalot has 120 seconds left.\n|\n|t:|1699995526\n|switch|p1a: Samurott|Samurott-Hisui, F|100\/100\n|turn|10\n|\n|t:|1699995529\n|move|p1a: Samurott|Aqua Cutter|p2a: Iron Overlord\n|-damage|p2a: Iron Overlord|0 fnt\n|faint|p2a: Iron Overlord\n|-end|p2a: Iron Overlord|fallen1|[silent]\n|\n|upkeep\n|\n|t:|1699995534\n|switch|p2a: Wellspring Cudgel|Ogerpon-Wellspring, F|100\/100\n|turn|11\n|\n|t:|1699995540\n|move|p2a: Wellspring Cudgel|Encore|p1a: Samurott\n|-start|p1a: Samurott|Encore\n|move|p1a: Samurott|Aqua Cutter|p2a: Wellspring Cudgel\n|-immune|p2a: Wellspring Cudgel|[from] ability: Water Absorb\n|\n|upkeep\n|turn|12\n|\n|t:|1699995549\n|switch|p1a: Dragapult|Dragapult, M|100\/100\n|move|p2a: Wellspring Cudgel|Swords Dance|p2a: Wellspring Cudgel\n|-boost|p2a: Wellspring Cudgel|atk|2\n|\n|upkeep\n|turn|13\n|\n|t:|1699995572\n|move|p1a: Dragapult|Draco Meteor|p2a: Wellspring Cudgel\n|-damage|p2a: Wellspring Cudgel|0 fnt\n|-unboost|p1a: Dragapult|spa|2\n|faint|p2a: Wellspring Cudgel\n|\n|upkeep\n|\n|t:|1699995578\n|switch|p2a: Great Tusk|Great Tusk|100\/100\n|-enditem|p2a: Great Tusk|Booster Energy\n|-activate|p2a: Great Tusk|ability: Protosynthesis|[fromitem]\n|-start|p2a: Great Tusk|protosynthesisspe\n|turn|14\n|\n|t:|1699995587\n|switch|p1a: Samurott|Samurott-Hisui, F|100\/100\n|move|p2a: Great Tusk|Bulk Up|p2a: Great Tusk\n|-boost|p2a: Great Tusk|atk|1\n|-boost|p2a: Great Tusk|def|1\n|\n|upkeep\n|turn|15\n|\n|t:|1699995596\n|move|p2a: Great Tusk|Headlong Rush|p1a: Samurott\n|-damage|p1a: Samurott|2\/100\n|-unboost|p2a: Great Tusk|def|1\n|-unboost|p2a: Great Tusk|spd|1\n|move|p1a: Samurott|Taunt|p2a: Great Tusk\n|-start|p2a: Great Tusk|move: Taunt\n|\n|upkeep\n|turn|16\n|\n|t:|1699995608\n|move|p1a: Samurott|Sucker Punch|p2a: Great Tusk\n|-resisted|p2a: Great Tusk\n|-crit|p2a: Great Tusk\n|-damage|p2a: Great Tusk|84\/100\n|move|p2a: Great Tusk|Knock Off|p1a: Samurott\n|-resisted|p1a: Samurott\n|-damage|p1a: Samurott|0 fnt\n|-enditem|p1a: Samurott|Covert Cloak|[from] move: Knock Off|[of] p2a: Great Tusk\n|faint|p1a: Samurott\n|\n|upkeep\n|\n|t:|1699995617\n|switch|p1a: Dragapult|Dragapult, M|100\/100\n|turn|17\n|\n|t:|1699995628\n|-terastallize|p1a: Dragapult|Ghost\n|move|p2a: Great Tusk|Knock Off|p1a: Dragapult\n|-supereffective|p1a: Dragapult\n|-crit|p1a: Dragapult\n|-damage|p1a: Dragapult|0 fnt\n|-enditem|p1a: Dragapult|Choice Specs|[from] move: Knock Off|[of] p2a: Great Tusk\n|faint|p1a: Dragapult\n|\n|upkeep\n|-message|Sirpumpkinalot forfeited.\n|\n|win|Zovafire\n|raw|Sirpumpkinalot's rating: 1322 &rarr; <strong>1300<\/strong><br \/>(-22 for losing)\n|raw|Zovafire's rating: 1282 &rarr; <strong>1310<\/strong><br \/>(+28 for winning)\n|l|\u2606Sirpumpkinalot\n","uploadtime":1699995643,"views":6,"p1id":"sirpumpkinalot","p2id":"zovafire","formatid":"gen9ou","rating":1300,"private":0,"password":""}