{"id":"gen9ou-1989299475","p1":"Askeriska","p2":"Lautaroo","format":"[Gen 9] OU","log":"|j|\u2606Askeriska\n|j|\u2606Lautaroo\n|t:|1699833552\n|gametype|singles\n|player|p1|Askeriska|lucas|1359\n|player|p2|Lautaroo|265|1481\n|teamsize|p1|6\n|teamsize|p2|6\n|gen|9\n|tier|[Gen 9] OU\n|rated|\n|rule|Sleep Clause Mod: Limit one foe put to sleep\n|rule|Species Clause: Limit one of each Pok\u00e9mon\n|rule|OHKO Clause: OHKO moves are banned\n|rule|Evasion Items Clause: Evasion items are banned\n|rule|Evasion Moves Clause: Evasion moves are banned\n|rule|Endless Battle Clause: Forcing endless battles is banned\n|rule|HP Percentage Mod: HP is shown in percentages\n|clearpoke\n|poke|p1|Dragonite, F|\n|poke|p1|Kingambit, M|\n|poke|p1|Glimmora, F|\n|poke|p1|Gholdengo|\n|poke|p1|Iron Valiant|\n|poke|p1|Cinderace, M|\n|poke|p2|Ribombee, F|\n|poke|p2|Ogerpon-Cornerstone, F|\n|poke|p2|Ceruledge, M|\n|poke|p2|Greninja-*, M|\n|poke|p2|Corviknight, M|\n|poke|p2|Gardevoir, M|\n|teampreview\n|inactive|Battle timer is ON: inactive players will automatically lose when time's up. (requested by Askeriska)\n|\n|t:|1699833561\n|start\n|switch|p1a: Glimmora|Glimmora, F|100\/100\n|switch|p2a: Gardevoir|Gardevoir, M|100\/100\n|-ability|p2a: Gardevoir|Toxic Debris|[from] ability: Trace|[of] p1a: Glimmora\n|turn|1\n|\n|t:|1699833570\n|move|p2a: Gardevoir|Trick|p1a: Glimmora\n|-activate|p2a: Gardevoir|move: Trick|[of] p1a: Glimmora\n|-item|p1a: Glimmora|Choice Scarf|[from] move: Trick\n|-item|p2a: Gardevoir|Focus Sash|[from] move: Trick\n|move|p1a: Glimmora|Stealth Rock|p2a: Gardevoir\n|-sidestart|p2: Lautaroo|move: Stealth Rock\n|\n|upkeep\n|turn|2\n|\n|t:|1699833578\n|switch|p1a: Gholdengo|Gholdengo|100\/100\n|-item|p1a: Gholdengo|Air Balloon\n|move|p2a: Gardevoir|Mystical Fire|p1a: Gholdengo\n|-supereffective|p1a: Gholdengo\n|-damage|p1a: Gholdengo|44\/100\n|-unboost|p1a: Gholdengo|spa|1\n|-enditem|p1a: Gholdengo|Air Balloon\n|\n|upkeep\n|turn|3\n|\n|t:|1699833583\n|move|p1a: Gholdengo|Make It Rain|p2a: Gardevoir\n|-supereffective|p2a: Gardevoir\n|-enditem|p2a: Gardevoir|Focus Sash\n|-damage|p2a: Gardevoir|1\/100\n|-unboost|p1a: Gholdengo|spa|1\n|move|p2a: Gardevoir|Mystical Fire|p1a: Gholdengo\n|-supereffective|p1a: Gholdengo\n|-damage|p1a: Gholdengo|0 fnt\n|faint|p1a: Gholdengo\n|\n|upkeep\n|\n|t:|1699833591\n|switch|p1a: Cinderace|Cinderace, M|100\/100\n|turn|4\n|\n|t:|1699833600\n|move|p1a: Cinderace|U-turn|p2a: Gardevoir\n|-damage|p2a: Gardevoir|0 fnt\n|-activate|p2a: Gardevoir|ability: Toxic Debris\n|-sidestart|p1: Askeriska|move: Toxic Spikes\n|faint|p2a: Gardevoir\n|\n|t:|1699833605\n|switch|p1a: Glimmora|Glimmora, F|100\/100|[from] U-turn\n|-sideend|p1: Askeriska|move: Toxic Spikes|[of] p1a: Glimmora\n|\n|upkeep\n|\n|t:|1699833616\n|switch|p2a: Corviknight|Corviknight, M, shiny|100\/100\n|-damage|p2a: Corviknight|88\/100|[from] Stealth Rock\n|turn|5\n|\n|t:|1699833623\n|switch|p1a: Cinderace|Cinderace, M|100\/100\n|move|p2a: Corviknight|Iron Head|p1a: Cinderace\n|-resisted|p1a: Cinderace\n|-damage|p1a: Cinderace|86\/100\n|\n|upkeep\n|turn|6\n|\n|t:|1699833628\n|move|p1a: Cinderace|Pyro Ball|p2a: Corviknight\n|-supereffective|p2a: Corviknight\n|-damage|p2a: Corviknight|14\/100\n|move|p2a: Corviknight|Defog|p1a: Cinderace\n|-unboost|p1a: Cinderace|evasion|1\n|-sideend|p2: Lautaroo|Stealth Rock|[from] move: Defog|[of] p2a: Corviknight\n|\n|upkeep\n|turn|7\n|\n|t:|1699833633\n|move|p1a: Cinderace|U-turn|p2a: Corviknight\n|-resisted|p2a: Corviknight\n|-damage|p2a: Corviknight|11\/100\n|-damage|p1a: Cinderace|69\/100|[from] item: Rocky Helmet|[of] p2a: Corviknight\n|\n|t:|1699833636\n|switch|p1a: Glimmora|Glimmora, F|100\/100|[from] U-turn\n|move|p2a: Corviknight|Brave Bird|p1a: Glimmora\n|-resisted|p1a: Glimmora\n|-damage|p1a: Glimmora|80\/100\n|-activate|p1a: Glimmora|ability: Toxic Debris\n|-sidestart|p2: Lautaroo|move: Toxic Spikes\n|-damage|p2a: Corviknight|5\/100|[from] Recoil\n|\n|upkeep\n|turn|8\n|\n|t:|1699833641\n|move|p1a: Glimmora|Energy Ball|p2a: Corviknight\n|-resisted|p2a: Corviknight\n|-damage|p2a: Corviknight|0 fnt\n|faint|p2a: Corviknight\n|\n|upkeep\n|\n|t:|1699833647\n|switch|p2a: Greninja|Greninja, M|100\/100\n|-status|p2a: Greninja|psn\n|turn|9\n|\n|t:|1699833651\n|move|p1a: Glimmora|Energy Ball|p2a: Greninja\n|-supereffective|p2a: Greninja\n|-damage|p2a: Greninja|0 fnt\n|faint|p2a: Greninja\n|\n|upkeep\n|\n|t:|1699833656\n|switch|p2a: Ceruledge|Ceruledge, M|100\/100\n|turn|10\n|\n|t:|1699833664\n|switch|p1a: Dragonite|Dragonite, F|100\/100\n|move|p2a: Ceruledge|Swords Dance|p2a: Ceruledge\n|-boost|p2a: Ceruledge|atk|2\n|\n|upkeep\n|turn|11\n|\n|t:|1699833670\n|move|p2a: Ceruledge|Bitter Blade|p1a: Dragonite\n|-resisted|p1a: Dragonite\n|-damage|p1a: Dragonite|76\/100\n|move|p1a: Dragonite|Earthquake|p2a: Ceruledge\n|-supereffective|p2a: Ceruledge\n|-damage|p2a: Ceruledge|0 fnt\n|faint|p2a: Ceruledge\n|\n|upkeep\n|\n|t:|1699833678\n|switch|p2a: Ogerpon|Ogerpon-Cornerstone, F|100\/100\n|-status|p2a: Ogerpon|psn\n|turn|12\n|\n|t:|1699833682\n|switch|p1a: Glimmora|Glimmora, F|80\/100\n|move|p2a: Ogerpon|Swords Dance|p2a: Ogerpon\n|-boost|p2a: Ogerpon|atk|2\n|\n|-damage|p2a: Ogerpon|88\/100 psn|[from] psn\n|upkeep\n|turn|13\n|\n|t:|1699833690\n|-terastallize|p2a: Ogerpon|Rock\n|detailschange|p2a: Ogerpon|Ogerpon-Cornerstone-Tera, F, tera:Rock\n|-ability|p2a: Ogerpon|Embody Aspect (Cornerstone)|boost\n|-boost|p2a: Ogerpon|def|1\n|move|p1a: Glimmora|Earth Power|p2a: Ogerpon\n|-supereffective|p2a: Ogerpon\n|-damage|p2a: Ogerpon|20\/100 psn\n|-unboost|p2a: Ogerpon|spd|1\n|move|p2a: Ogerpon|Trailblaze|p1a: Glimmora\n|-damage|p1a: Glimmora|4\/100\n|-boost|p2a: Ogerpon|spe|1\n|-activate|p1a: Glimmora|ability: Toxic Debris\n|-sidestart|p2: Lautaroo|move: Toxic Spikes\n|\n|-damage|p2a: Ogerpon|7\/100 psn|[from] psn\n|upkeep\n|turn|14\n|-message|Lautaroo forfeited.\n|\n|win|Askeriska\n|raw|Askeriska's rating: 1359 &rarr; <strong>1386<\/strong><br \/>(+27 for winning)\n|raw|Lautaroo's rating: 1481 &rarr; <strong>1454<\/strong><br \/>(-27 for losing)\n|l|\u2606Lautaroo\n","uploadtime":1699833710,"views":12,"p1id":"askeriska","p2id":"lautaroo","formatid":"gen9ou","rating":1386,"private":0,"password":""}