{"id":"gen9ou-1992252966","p1":"futurebaby","p2":"SmeargleOnAcid","format":"[Gen 9] OU","log":"|j|\u2606futurebaby\n|j|\u203dSmeargleOnAcid\n|t:|1700167942\n|gametype|singles\n|player|p1|futurebaby|clair|1145\n|player|p2|SmeargleOnAcid|alder|1131\n|teamsize|p1|6\n|teamsize|p2|6\n|gen|9\n|tier|[Gen 9] OU\n|rated|\n|rule|Sleep Clause Mod: Limit one foe put to sleep\n|rule|Species Clause: Limit one of each Pok\u00e9mon\n|rule|OHKO Clause: OHKO moves are banned\n|rule|Evasion Items Clause: Evasion items are banned\n|rule|Evasion Moves Clause: Evasion moves are banned\n|rule|Endless Battle Clause: Forcing endless battles is banned\n|rule|HP Percentage Mod: HP is shown in percentages\n|clearpoke\n|poke|p1|Glimmora, M|\n|poke|p1|Ceruledge, F|\n|poke|p1|Gholdengo|\n|poke|p1|Ninetales-Alola, F|\n|poke|p1|Dondozo, M|\n|poke|p1|Iron Valiant|\n|poke|p2|Pawmot, M|\n|poke|p2|Alomomola, M|\n|poke|p2|Chansey, F|\n|poke|p2|Ditto|\n|poke|p2|Cinderace, M|\n|poke|p2|Garganacl, M|\n|teampreview\n|\n|t:|1700167947\n|start\n|switch|p1a: Glimmora|Glimmora, M, shiny|100\/100\n|switch|p2a: Garganacl|Garganacl, M|100\/100\n|-item|p1a: Glimmora|Air Balloon\n|turn|1\n|\n|t:|1700167953\n|move|p1a: Glimmora|Energy Ball|p2a: Garganacl\n|-supereffective|p2a: Garganacl\n|-damage|p2a: Garganacl|64\/100\n|move|p2a: Garganacl|Iron Defense|p2a: Garganacl\n|-boost|p2a: Garganacl|def|2\n|\n|upkeep\n|turn|2\n|\n|t:|1700167960\n|move|p1a: Glimmora|Energy Ball|p2a: Garganacl\n|-supereffective|p2a: Garganacl\n|-damage|p2a: Garganacl|29\/100\n|-enditem|p2a: Garganacl|Sitrus Berry|[eat]\n|-heal|p2a: Garganacl|54\/100|[from] item: Sitrus Berry\n|move|p2a: Garganacl|Salt Cure|p1a: Glimmora\n|-damage|p1a: Glimmora|86\/100\n|-start|p1a: Glimmora|Salt Cure\n|-activate|p1a: Glimmora|ability: Toxic Debris\n|-sidestart|p2: SmeargleOnAcid|move: Toxic Spikes\n|-enditem|p1a: Glimmora|Air Balloon\n|\n|-damage|p1a: Glimmora|73\/100|[from] Salt Cure\n|upkeep\n|turn|3\n|\n|t:|1700167972\n|move|p1a: Glimmora|Energy Ball|p2a: Garganacl\n|-supereffective|p2a: Garganacl\n|-damage|p2a: Garganacl|20\/100\n|move|p2a: Garganacl|Recover|p2a: Garganacl\n|-heal|p2a: Garganacl|70\/100\n|\n|-damage|p1a: Glimmora|61\/100|[from] Salt Cure\n|upkeep\n|turn|4\n|\n|t:|1700167981\n|move|p1a: Glimmora|Stealth Rock|p2a: Garganacl\n|-sidestart|p2: SmeargleOnAcid|move: Stealth Rock\n|move|p2a: Garganacl|Recover|p2a: Garganacl\n|-heal|p2a: Garganacl|100\/100\n|\n|-damage|p1a: Glimmora|49\/100|[from] Salt Cure\n|upkeep\n|turn|5\n|\n|t:|1700167991\n|switch|p1a: Dondozo|Dondozo, M|100\/100\n|move|p2a: Garganacl|Body Press|p1a: Dondozo\n|-damage|p1a: Dondozo|87\/100\n|\n|-heal|p1a: Dondozo|93\/100|[from] item: Leftovers\n|upkeep\n|turn|6\n|\n|t:|1700167997\n|move|p2a: Garganacl|Salt Cure|p1a: Dondozo\n|-damage|p1a: Dondozo|85\/100\n|-start|p1a: Dondozo|Salt Cure\n|move|p1a: Dondozo|Earthquake|p2a: Garganacl\n|-supereffective|p2a: Garganacl\n|-damage|p2a: Garganacl|56\/100\n|\n|-heal|p1a: Dondozo|92\/100|[from] item: Leftovers\n|-damage|p1a: Dondozo|67\/100|[from] Salt Cure\n|upkeep\n|turn|7\n|\n|t:|1700168006\n|move|p2a: Garganacl|Iron Defense|p2a: Garganacl\n|-boost|p2a: Garganacl|def|2\n|move|p1a: Dondozo|Earthquake|p2a: Garganacl\n|-supereffective|p2a: Garganacl\n|-damage|p2a: Garganacl|14\/100\n|\n|-heal|p1a: Dondozo|73\/100|[from] item: Leftovers\n|-damage|p1a: Dondozo|48\/100|[from] Salt Cure\n|upkeep\n|turn|8\n|\n|t:|1700168014\n|move|p2a: Garganacl|Recover|p2a: Garganacl\n|-heal|p2a: Garganacl|64\/100\n|move|p1a: Dondozo|Earthquake|p2a: Garganacl\n|-supereffective|p2a: Garganacl\n|-damage|p2a: Garganacl|24\/100\n|\n|-heal|p1a: Dondozo|54\/100|[from] item: Leftovers\n|-damage|p1a: Dondozo|29\/100|[from] Salt Cure\n|upkeep\n|turn|9\n|\n|t:|1700168022\n|move|p1a: Dondozo|Rest|p1a: Dondozo\n|-status|p1a: Dondozo|slp|[from] move: Rest\n|-heal|p1a: Dondozo|100\/100 slp|[silent]\n|move|p2a: Garganacl|Recover|p2a: Garganacl\n|-heal|p2a: Garganacl|74\/100\n|\n|-damage|p1a: Dondozo|75\/100 slp|[from] Salt Cure\n|upkeep\n|turn|10\n|\n|t:|1700168031\n|cant|p1a: Dondozo|slp\n|move|p1a: Dondozo|Sleep Talk|p1a: Dondozo\n|move|p1a: Dondozo|Earthquake|p2a: Garganacl|[from]move: Sleep Talk\n|-supereffective|p2a: Garganacl\n|-damage|p2a: Garganacl|32\/100\n|move|p2a: Garganacl|Iron Defense|p2a: Garganacl\n|-boost|p2a: Garganacl|def|2\n|\n|-heal|p1a: Dondozo|82\/100 slp|[from] item: Leftovers\n|-damage|p1a: Dondozo|57\/100 slp|[from] Salt Cure\n|upkeep\n|turn|11\n|\n|t:|1700168041\n|move|p2a: Garganacl|Recover|p2a: Garganacl\n|-heal|p2a: Garganacl|82\/100\n|cant|p1a: Dondozo|slp\n|move|p1a: Dondozo|Sleep Talk|p1a: Dondozo\n|move|p1a: Dondozo|Liquidation|p2a: Garganacl|[from]move: Sleep Talk\n|-supereffective|p2a: Garganacl\n|-damage|p2a: Garganacl|29\/100\n|\n|-heal|p1a: Dondozo|63\/100 slp|[from] item: Leftovers\n|-damage|p1a: Dondozo|38\/100 slp|[from] Salt Cure\n|upkeep\n|turn|12\n|\n|t:|1700168051\n|move|p2a: Garganacl|Recover|p2a: Garganacl\n|-heal|p2a: Garganacl|79\/100\n|-curestatus|p1a: Dondozo|slp|[msg]\n|move|p1a: Dondozo|Liquidation|p2a: Garganacl\n|-supereffective|p2a: Garganacl\n|-damage|p2a: Garganacl|26\/100\n|\n|-heal|p1a: Dondozo|44\/100|[from] item: Leftovers\n|-damage|p1a: Dondozo|19\/100|[from] Salt Cure\n|upkeep\n|turn|13\n|\n|t:|1700168065\n|move|p1a: Dondozo|Liquidation|p2a: Garganacl\n|-supereffective|p2a: Garganacl\n|-damage|p2a: Garganacl|0 fnt\n|faint|p2a: Garganacl\n|\n|-heal|p1a: Dondozo|25\/100|[from] item: Leftovers\n|-damage|p1a: Dondozo|0 fnt|[from] Salt Cure\n|faint|p1a: Dondozo\n|upkeep\n|\n|t:|1700168074\n|switch|p1a: Glimmora|Glimmora, M, shiny|49\/100\n|switch|p2a: Cinderace|Cinderace, M|100\/100\n|turn|14\n|\n|t:|1700168084\n|move|p2a: Cinderace|High Jump Kick|p1a: Glimmora\n|-start|p2a: Cinderace|typechange|Fighting|[from] ability: Libero\n|-damage|p1a: Glimmora|0 fnt\n|-activate|p1a: Glimmora|ability: Toxic Debris\n|-sidestart|p2: SmeargleOnAcid|move: Toxic Spikes\n|faint|p1a: Glimmora\n|\n|upkeep\n|\n|t:|1700168098\n|switch|p1a: Ceruledge|Ceruledge, F, shiny|100\/100\n|turn|15\n|\n|t:|1700168101\n|move|p2a: Cinderace|Court Change|p2a: Cinderace\n|-swapsideconditions\n|-activate|p2a: Cinderace|move: Court Change\n|move|p1a: Ceruledge|Swords Dance|p1a: Ceruledge\n|-boost|p1a: Ceruledge|atk|2\n|\n|upkeep\n|turn|16\n|\n|t:|1700168108\n|move|p2a: Cinderace|Sucker Punch||[still]\n|-fail|p2a: Cinderace\n|move|p1a: Ceruledge|Swords Dance|p1a: Ceruledge\n|-boost|p1a: Ceruledge|atk|2\n|\n|upkeep\n|turn|17\n|\n|t:|1700168116\n|move|p2a: Cinderace|Sucker Punch||[still]\n|-fail|p2a: Cinderace\n|move|p1a: Ceruledge|Swords Dance|p1a: Ceruledge\n|-boost|p1a: Ceruledge|atk|2\n|\n|upkeep\n|turn|18\n|\n|t:|1700168121\n|move|p2a: Cinderace|Sucker Punch||[still]\n|-fail|p2a: Cinderace\n|move|p1a: Ceruledge|Swords Dance|p1a: Ceruledge\n|-boost|p1a: Ceruledge|atk|0\n|\n|upkeep\n|turn|19\n|\n|t:|1700168126\n|move|p2a: Cinderace|Sucker Punch|p1a: Ceruledge\n|-supereffective|p1a: Ceruledge\n|-damage|p1a: Ceruledge|39\/100\n|-ability|p1a: Ceruledge|Weak Armor|boost\n|-unboost|p1a: Ceruledge|def|1\n|-boost|p1a: Ceruledge|spe|2\n|move|p1a: Ceruledge|Psycho Cut|p2a: Cinderace\n|-supereffective|p2a: Cinderace\n|-damage|p2a: Cinderace|0 fnt\n|faint|p2a: Cinderace\n|\n|upkeep\n|\n|t:|1700168138\n|switch|p2a: Ditto|Ditto|100\/100\n|-transform|p2a: Ditto|p1a: Ceruledge|[from] ability: Imposter\n|turn|20\n|n|!futurebaby|futurebaby\n|\n|t:|1700168158\n|move|p2a: Ditto|Bitter Blade|p1a: Ceruledge\n|-resisted|p1a: Ceruledge\n|-damage|p1a: Ceruledge|0 fnt\n|faint|p1a: Ceruledge\n|\n|upkeep\n|\n|t:|1700168164\n|switch|p1a: Gholdengo|Gholdengo|100\/100\n|-damage|p1a: Gholdengo|94\/100|[from] Stealth Rock\n|turn|21\n|\n|t:|1700168173\n|move|p2a: Ditto|Bitter Blade|p1a: Gholdengo\n|-supereffective|p1a: Gholdengo\n|-damage|p1a: Gholdengo|0 fnt\n|faint|p1a: Gholdengo\n|\n|upkeep\n|\n|t:|1700168178\n|switch|p1a: Iron Valiant|Iron Valiant|100\/100\n|-status|p1a: Iron Valiant|tox\n|-damage|p1a: Iron Valiant|94\/100 tox|[from] Stealth Rock\n|-enditem|p1a: Iron Valiant|Booster Energy\n|-activate|p1a: Iron Valiant|ability: Quark Drive|[fromitem]\n|-start|p1a: Iron Valiant|quarkdrivespe\n|turn|22\n|\n|t:|1700168187\n|move|p2a: Ditto|Bitter Blade|p1a: Iron Valiant\n|-damage|p1a: Iron Valiant|0 fnt\n|faint|p1a: Iron Valiant\n|-end|p1a: Iron Valiant|Quark Drive|[silent]\n|\n|upkeep\n|\n|t:|1700168192\n|switch|p1a: Ninetales|Ninetales-Alola, F|100\/100\n|-status|p1a: Ninetales|tox\n|-damage|p1a: Ninetales|76\/100 tox|[from] Stealth Rock\n|-weather|Snow|[from] ability: Snow Warning|[of] p1a: Ninetales\n|turn|23\n|\n|t:|1700168199\n|move|p2a: Ditto|Bitter Blade|p1a: Ninetales\n|-supereffective|p1a: Ninetales\n|-damage|p1a: Ninetales|0 fnt\n|faint|p1a: Ninetales\n|\n|win|SmeargleOnAcid\n|raw|futurebaby's rating: 1145 &rarr; <strong>1119<\/strong><br \/>(-26 for losing)\n|raw|SmeargleOnAcid's rating: 1131 &rarr; <strong>1157<\/strong><br \/>(+26 for winning)\n","uploadtime":1700168148,"views":7,"p1id":"futurebaby","p2id":"smeargleonacid","formatid":"gen9ou","rating":1119,"private":0,"password":""}