{"id":"gen9ou-1988828979","p1":"gett guuud","p2":"MuggsyO1","format":"[Gen 9] OU","log":"|j|\u2606gett guuud\n|j|\u203dMuggsyO1\n|t:|1699769493\n|gametype|singles\n|player|p1|gett guuud|cyclist|1286\n|player|p2|MuggsyO1|265|1202\n|teamsize|p1|6\n|teamsize|p2|6\n|gen|9\n|tier|[Gen 9] OU\n|rated|\n|rule|Sleep Clause Mod: Limit one foe put to sleep\n|rule|Species Clause: Limit one of each Pok\u00e9mon\n|rule|OHKO Clause: OHKO moves are banned\n|rule|Evasion Items Clause: Evasion items are banned\n|rule|Evasion Moves Clause: Evasion moves are banned\n|rule|Endless Battle Clause: Forcing endless battles is banned\n|rule|HP Percentage Mod: HP is shown in percentages\n|clearpoke\n|poke|p1|Hatterene, F|\n|poke|p1|Ursaluna, M|\n|poke|p1|Zamazenta-*|\n|poke|p1|Breloom, M|\n|poke|p1|Slowking-Galar, F|\n|poke|p1|Corviknight, M|\n|poke|p2|Ninetales-Alola, M|\n|poke|p2|Heatran, M|\n|poke|p2|Toxapex, F|\n|poke|p2|Gliscor, F|\n|poke|p2|Iron Valiant|\n|poke|p2|Torterra, F|\n|teampreview\n|inactive|Battle timer is ON: inactive players will automatically lose when time's up. (requested by gett guuud)\n|\n|t:|1699769506\n|start\n|switch|p1a: Breloom|Breloom, M|100\/100\n|switch|p2a: Ninetales|Ninetales-Alola, M|100\/100\n|-weather|Snow|[from] ability: Snow Warning|[of] p2a: Ninetales\n|turn|1\n|\n|t:|1699769512\n|move|p2a: Ninetales|Aurora Veil|p2a: Ninetales\n|-sidestart|p2: MuggsyO1|move: Aurora Veil\n|move|p1a: Breloom|Spore|p2a: Ninetales\n|-status|p2a: Ninetales|slp|[from] move: Spore\n|\n|-weather|Snow|[upkeep]\n|upkeep\n|turn|2\n|\n|t:|1699769524\n|switch|p2a: Torterra|Torterra, F, shiny|100\/100\n|move|p1a: Breloom|Rock Tomb|p2a: Torterra\n|-resisted|p2a: Torterra\n|-damage|p2a: Torterra|92\/100\n|-unboost|p2a: Torterra|spe|1\n|\n|-weather|Snow|[upkeep]\n|upkeep\n|turn|3\n|\n|t:|1699769535\n|switch|p1a: Corviknight|Corviknight, M|100\/100\n|-ability|p1a: Corviknight|Pressure\n|-terastallize|p2a: Torterra|Steel\n|move|p2a: Torterra|Shell Smash|p2a: Torterra\n|-unboost|p2a: Torterra|def|1\n|-unboost|p2a: Torterra|spd|1\n|-boost|p2a: Torterra|atk|2\n|-boost|p2a: Torterra|spa|2\n|-boost|p2a: Torterra|spe|2\n|\n|-weather|Snow|[upkeep]\n|upkeep\n|turn|4\n|\n|t:|1699769543\n|move|p2a: Torterra|Shell Smash|p2a: Torterra\n|-unboost|p2a: Torterra|def|1\n|-unboost|p2a: Torterra|spd|1\n|-boost|p2a: Torterra|atk|2\n|-boost|p2a: Torterra|spa|2\n|-boost|p2a: Torterra|spe|2\n|move|p1a: Corviknight|Iron Defense|p1a: Corviknight\n|-boost|p1a: Corviknight|def|2\n|\n|-weather|Snow|[upkeep]\n|upkeep\n|turn|5\n|c|\u2606gett guuud|try it\n|\n|t:|1699769558\n|move|p2a: Torterra|Rock Blast|p1a: Corviknight\n|-damage|p1a: Corviknight|92\/100\n|-damage|p1a: Corviknight|85\/100\n|-damage|p1a: Corviknight|77\/100\n|-damage|p1a: Corviknight|70\/100\n|-damage|p1a: Corviknight|62\/100\n|-hitcount|p1a: Corviknight|5\n|move|p1a: Corviknight|Body Press|p2a: Torterra\n|-supereffective|p2a: Torterra\n|-damage|p2a: Torterra|0 fnt\n|faint|p2a: Torterra\n|\n|-weather|none\n|-heal|p1a: Corviknight|68\/100|[from] item: Leftovers\n|-sideend|p2: MuggsyO1|move: Aurora Veil\n|upkeep\n|c|\u2606gett guuud|rekt\n|\n|t:|1699769568\n|switch|p2a: Iron Valiant|Iron Valiant|100\/100\n|-enditem|p2a: Iron Valiant|Booster Energy\n|-activate|p2a: Iron Valiant|ability: Quark Drive|[fromitem]\n|-start|p2a: Iron Valiant|quarkdrivespe\n|turn|6\n|\n|t:|1699769573\n|switch|p1a: Slowking|Slowking-Galar, F|100\/100\n|move|p2a: Iron Valiant|Calm Mind|p2a: Iron Valiant\n|-boost|p2a: Iron Valiant|spa|1\n|-boost|p2a: Iron Valiant|spd|1\n|\n|upkeep\n|turn|7\n|\n|t:|1699769579\n|move|p2a: Iron Valiant|Psychic|p1a: Slowking\n|-damage|p1a: Slowking|64\/100\n|move|p1a: Slowking|Trick Room|p1a: Slowking\n|-fieldstart|move: Trick Room|[of] p1a: Slowking\n|\n|upkeep\n|turn|8\n|c|\u2606gett guuud|try it\n|\n|t:|1699769588\n|-end|p2a: Iron Valiant|Quark Drive|[silent]\n|switch|p2a: Heatran|Heatran, M, shiny|100\/100\n|move|p1a: Slowking|Sludge Bomb|p2a: Heatran\n|-immune|p2a: Heatran\n|\n|upkeep\n|turn|9\n|\n|t:|1699769597\n|switch|p1a: Ursaluna|Ursaluna, M|100\/100\n|move|p2a: Heatran|Magma Storm|p1a: Ursaluna\n|-damage|p1a: Ursaluna|60\/100\n|-activate|p1a: Ursaluna|move: Magma Storm|[of] p2a: Heatran\n|\n|-damage|p1a: Ursaluna|48\/100|[from] move: Magma Storm|[partiallytrapped]\n|-status|p1a: Ursaluna|brn|[from] item: Flame Orb\n|upkeep\n|turn|10\n|\n|t:|1699769607\n|move|p2a: Heatran|Protect|p2a: Heatran\n|-singleturn|p2a: Heatran|Protect\n|move|p1a: Ursaluna|Facade|p2a: Heatran\n|-activate|p2a: Heatran|move: Protect\n|\n|-damage|p1a: Ursaluna|42\/100 brn|[from] brn\n|-damage|p1a: Ursaluna|30\/100 brn|[from] move: Magma Storm|[partiallytrapped]\n|upkeep\n|turn|11\n|c|\u2606gett guuud|try it\n|inactive|MuggsyO1 has 120 seconds left.\n|c|\u2606gett guuud|thinking hard\n|\n|t:|1699769647\n|move|p1a: Ursaluna|Headlong Rush|p2a: Heatran\n|-supereffective|p2a: Heatran\n|-damage|p2a: Heatran|0 fnt\n|-unboost|p1a: Ursaluna|def|1\n|-unboost|p1a: Ursaluna|spd|1\n|faint|p2a: Heatran\n|\n|-damage|p1a: Ursaluna|24\/100 brn|[from] brn\n|-end|p1a: Ursaluna|Magma Storm|[partiallytrapped]|[silent]\n|-fieldend|move: Trick Room\n|upkeep\n|c|\u2606gett guuud|rekt\n|\n|t:|1699769659\n|switch|p2a: Iron Valiant|Iron Valiant|100\/100\n|turn|12\n|\n|t:|1699769663\n|switch|p1a: Slowking|Slowking-Galar, F|97\/100\n|move|p2a: Iron Valiant|Psychic|p1a: Slowking\n|-damage|p1a: Slowking|73\/100\n|\n|upkeep\n|turn|13\n|inactive|MuggsyO1 has 120 seconds left.\n|\n|t:|1699769670\n|-end|p2a: Iron Valiant|Quark Drive|[silent]\n|switch|p2a: Ninetales|Ninetales-Alola, M|100\/100 slp\n|-weather|Snow|[from] ability: Snow Warning|[of] p2a: Ninetales\n|move|p1a: Slowking|Trick Room|p1a: Slowking\n|-fieldstart|move: Trick Room|[of] p1a: Slowking\n|\n|-weather|Snow|[upkeep]\n|upkeep\n|turn|14\n|\n|t:|1699769673\n|move|p1a: Slowking|Sludge Bomb|p2a: Ninetales\n|-supereffective|p2a: Ninetales\n|-enditem|p2a: Ninetales|Focus Sash\n|-damage|p2a: Ninetales|1\/100 slp\n|-damage|p1a: Slowking|63\/100|[from] item: Life Orb\n|cant|p2a: Ninetales|slp\n|\n|-weather|Snow|[upkeep]\n|upkeep\n|turn|15\n|\n|t:|1699769688\n|move|p1a: Slowking|Surf|p2a: Ninetales\n|-damage|p2a: Ninetales|0 fnt\n|faint|p2a: Ninetales\n|-damage|p1a: Slowking|53\/100|[from] item: Life Orb\n|\n|-weather|Snow|[upkeep]\n|upkeep\n|c|\u2606gett guuud|gg\n|inactive|MuggsyO1 has 120 seconds left.\n|inactive|MuggsyO1 has 90 seconds left.\n|c|\u2606gett guuud|locked\n|inactive|MuggsyO1 has 60 seconds left.\n|c|\u2606gett guuud|timestaller\n|c|\u2606gett guuud|muted\n|inactive|MuggsyO1 has 30 seconds left.\n|inactive|MuggsyO1 has 20 seconds left.\n|inactive|MuggsyO1 has 15 seconds left.\n|inactive|MuggsyO1 has 10 seconds left.\n|inactive|MuggsyO1 has 5 seconds left.\n|-message|MuggsyO1 lost due to inactivity.\n|\n|win|gett guuud\n|raw|gett guuud's rating: 1286 &rarr; <strong>1305<\/strong><br \/>(+19 for winning)\n|raw|MuggsyO1's rating: 1202 &rarr; <strong>1183<\/strong><br \/>(-19 for losing)\n|l|\u203dMuggsyO1\n","uploadtime":1699769830,"views":26,"p1id":"gettguuud","p2id":"muggsyo1","formatid":"gen9ou","rating":1183,"private":0,"password":""}