{"id":"gen9ou-1990576408","p1":"El Squiggle","p2":"Foxhunter66","format":"[Gen 9] OU","log":"|j|\u2606El Squiggle\n|j|\u2606Foxhunter66\n|t:|1699982792\n|gametype|singles\n|player|p1|El Squiggle|266|1370\n|player|p2|Foxhunter66|169|1307\n|teamsize|p1|6\n|teamsize|p2|6\n|gen|9\n|tier|[Gen 9] OU\n|rated|\n|rule|Sleep Clause Mod: Limit one foe put to sleep\n|rule|Species Clause: Limit one of each Pok\u00e9mon\n|rule|OHKO Clause: OHKO moves are banned\n|rule|Evasion Items Clause: Evasion items are banned\n|rule|Evasion Moves Clause: Evasion moves are banned\n|rule|Endless Battle Clause: Forcing endless battles is banned\n|rule|HP Percentage Mod: HP is shown in percentages\n|clearpoke\n|poke|p1|Enamorus-Therian, F|\n|poke|p1|Great Tusk|\n|poke|p1|Heatran, F|\n|poke|p1|Corviknight, M|\n|poke|p1|Ogerpon-Wellspring, F|\n|poke|p1|Iron Hands|\n|poke|p2|Dragapult, F|\n|poke|p2|Ninetales-Alola, F|\n|poke|p2|Kommo-o, F|\n|poke|p2|Weavile, M|\n|poke|p2|Kingambit, F|\n|poke|p2|Landorus-Therian, M|\n|teampreview\n|\n|t:|1699982829\n|start\n|switch|p1a: Corviknight|Corviknight, M|100\/100\n|switch|p2a: Landorus|Landorus-Therian, M|100\/100\n|-ability|p2a: Landorus|Intimidate|boost\n|-ability|p1a: Corviknight|Mirror Armor\n|-unboost|p2a: Landorus|atk|1\n|turn|1\n|\n|t:|1699982841\n|move|p2a: Landorus|Taunt|p1a: Corviknight\n|-start|p1a: Corviknight|move: Taunt\n|move|p1a: Corviknight|U-turn|p2a: Landorus\n|-resisted|p2a: Landorus\n|-damage|p2a: Landorus|96\/100\n|-damage|p1a: Corviknight|84\/100|[from] item: Rocky Helmet|[of] p2a: Landorus\n|\n|t:|1699982855\n|switch|p1a: Ogerpon|Ogerpon-Wellspring, F|100\/100|[from] U-turn\n|\n|upkeep\n|turn|2\n|\n|t:|1699982875\n|switch|p2a: Dragapult|Dragapult, F|100\/100\n|move|p1a: Ogerpon|Swords Dance|p1a: Ogerpon\n|-boost|p1a: Ogerpon|atk|2\n|\n|upkeep\n|turn|3\n|\n|t:|1699982882\n|move|p2a: Dragapult|Will-O-Wisp|p1a: Ogerpon\n|-status|p1a: Ogerpon|brn\n|move|p1a: Ogerpon|Knock Off|p2a: Dragapult\n|-supereffective|p2a: Dragapult\n|-damage|p2a: Dragapult|0 fnt\n|-enditem|p2a: Dragapult|Leftovers|[from] move: Knock Off|[of] p1a: Ogerpon\n|faint|p2a: Dragapult\n|\n|-damage|p1a: Ogerpon|95\/100 brn|[from] brn\n|upkeep\n|\n|t:|1699982898\n|switch|p2a: Ninetales|Ninetales-Alola, F|100\/100\n|-weather|Snow|[from] ability: Snow Warning|[of] p2a: Ninetales\n|turn|4\n|\n|t:|1699982909\n|switch|p2a: Landorus|Landorus-Therian, M|96\/100\n|-ability|p2a: Landorus|Intimidate|boost\n|-unboost|p1a: Ogerpon|atk|1\n|move|p1a: Ogerpon|Ivy Cudgel|p2a: Landorus|[anim] Ivy Cudgel Water\n|-supereffective|p2a: Landorus\n|-damage|p2a: Landorus|32\/100\n|\n|-weather|Snow|[upkeep]\n|-damage|p1a: Ogerpon|89\/100 brn|[from] brn\n|upkeep\n|turn|5\n|\n|t:|1699982931\n|switch|p2a: Kingambit|Kingambit, F|100\/100\n|-activate|p2a: Kingambit|ability: Supreme Overlord\n|-start|p2a: Kingambit|fallen1|[silent]\n|move|p1a: Ogerpon|Ivy Cudgel|p2a: Kingambit|[anim] Ivy Cudgel Water\n|-crit|p2a: Kingambit\n|-damage|p2a: Kingambit|50\/100\n|\n|-weather|Snow|[upkeep]\n|-damage|p1a: Ogerpon|83\/100 brn|[from] brn\n|upkeep\n|turn|6\n|\n|t:|1699982965\n|move|p1a: Ogerpon|Ivy Cudgel|p2a: Kingambit|[anim] Ivy Cudgel Water\n|-damage|p2a: Kingambit|15\/100\n|move|p2a: Kingambit|Iron Head|p1a: Ogerpon\n|-resisted|p1a: Ogerpon\n|-damage|p1a: Ogerpon|48\/100 brn\n|\n|-weather|Snow|[upkeep]\n|-damage|p1a: Ogerpon|42\/100 brn|[from] brn\n|upkeep\n|turn|7\n|\n|t:|1699982974\n|move|p2a: Kingambit|Sucker Punch|p1a: Ogerpon\n|-damage|p1a: Ogerpon|0 fnt\n|faint|p1a: Ogerpon\n|\n|-weather|Snow|[upkeep]\n|upkeep\n|\n|t:|1699982983\n|switch|p1a: Iron Hands|Iron Hands|100\/100\n|turn|8\n|\n|t:|1699982990\n|-end|p2a: Kingambit|fallen1|[silent]\n|switch|p2a: Landorus|Landorus-Therian, M|32\/100\n|-ability|p2a: Landorus|Intimidate|boost\n|-unboost|p1a: Iron Hands|atk|1\n|move|p1a: Iron Hands|Drain Punch|p2a: Landorus\n|-resisted|p2a: Landorus\n|-damage|p2a: Landorus|22\/100\n|-damage|p1a: Iron Hands|84\/100|[from] item: Rocky Helmet|[of] p2a: Landorus\n|\n|-weather|none\n|upkeep\n|turn|9\n|\n|t:|1699983002\n|-end|p1a: Iron Hands|Quark Drive|[silent]\n|switch|p1a: Enamorus|Enamorus-Therian, F|100\/100\n|move|p2a: Landorus|Stealth Rock|p1a: Enamorus\n|-sidestart|p1: El Squiggle|move: Stealth Rock\n|\n|upkeep\n|turn|10\n|\n|t:|1699983012\n|move|p2a: Landorus|U-turn|p1a: Enamorus\n|-resisted|p1a: Enamorus\n|-damage|p1a: Enamorus|96\/100\n|\n|t:|1699983018\n|switch|p2a: Ninetales|Ninetales-Alola, F|100\/100|[from] U-turn\n|-weather|Snow|[from] ability: Snow Warning|[of] p2a: Ninetales\n|move|p1a: Enamorus|Moonblast|p2a: Ninetales\n|-damage|p2a: Ninetales|48\/100\n|\n|-weather|Snow|[upkeep]\n|-heal|p1a: Enamorus|100\/100|[from] item: Leftovers\n|upkeep\n|turn|11\n|\n|t:|1699983031\n|move|p2a: Ninetales|Aurora Veil|p2a: Ninetales\n|-sidestart|p2: Foxhunter66|move: Aurora Veil\n|move|p1a: Enamorus|Moonblast|p2a: Ninetales\n|-damage|p2a: Ninetales|21\/100\n|\n|-weather|Snow|[upkeep]\n|upkeep\n|turn|12\n|\n|t:|1699983048\n|switch|p2a: Kommo-o|Kommo-o, F|100\/100\n|move|p1a: Enamorus|Calm Mind|p1a: Enamorus\n|-boost|p1a: Enamorus|spa|1\n|-boost|p1a: Enamorus|spd|1\n|\n|-weather|Snow|[upkeep]\n|upkeep\n|turn|13\n|\n|t:|1699983057\n|move|p2a: Kommo-o|Clangorous Soul|p2a: Kommo-o\n|-boost|p2a: Kommo-o|atk|1\n|-boost|p2a: Kommo-o|def|1\n|-boost|p2a: Kommo-o|spa|1\n|-boost|p2a: Kommo-o|spd|1\n|-boost|p2a: Kommo-o|spe|1\n|-damage|p2a: Kommo-o|68\/100\n|-enditem|p2a: Kommo-o|Throat Spray\n|-boost|p2a: Kommo-o|spa|1|[from] item: Throat Spray\n|move|p1a: Enamorus|Draining Kiss|p2a: Kommo-o\n|-supereffective|p2a: Kommo-o\n|-crit|p2a: Kommo-o\n|-damage|p2a: Kommo-o|0 fnt\n|faint|p2a: Kommo-o\n|\n|-weather|Snow|[upkeep]\n|upkeep\n|\n|t:|1699983079\n|switch|p2a: Weavile|Weavile, M|100\/100\n|-ability|p2a: Weavile|Pressure\n|turn|14\n|\n|t:|1699983088\n|move|p2a: Weavile|Icicle Crash|p1a: Enamorus\n|-supereffective|p1a: Enamorus\n|-damage|p1a: Enamorus|0 fnt\n|faint|p1a: Enamorus\n|\n|-weather|none\n|upkeep\n|\n|t:|1699983099\n|switch|p1a: Heatran|Heatran, F|100\/100\n|-damage|p1a: Heatran|88\/100|[from] Stealth Rock\n|turn|15\n|\n|t:|1699983104\n|switch|p2a: Landorus|Landorus-Therian, M|22\/100\n|-ability|p2a: Landorus|Intimidate|boost\n|-unboost|p1a: Heatran|atk|1\n|move|p1a: Heatran|Flash Cannon|p2a: Landorus\n|-damage|p2a: Landorus|0 fnt\n|faint|p2a: Landorus\n|\n|upkeep\n|\n|t:|1699983116\n|switch|p2a: Weavile|Weavile, M|100\/100\n|-ability|p2a: Weavile|Pressure\n|turn|16\n|\n|t:|1699983124\n|move|p2a: Weavile|Low Kick|p1a: Heatran\n|-supereffective|p1a: Heatran\n|-crit|p1a: Heatran\n|-damage|p1a: Heatran|0 fnt\n|faint|p1a: Heatran\n|\n|upkeep\n|\n|t:|1699983131\n|switch|p1a: Iron Hands|Iron Hands|84\/100\n|-damage|p1a: Iron Hands|78\/100|[from] Stealth Rock\n|turn|17\n|\n|t:|1699983139\n|switch|p2a: Ninetales|Ninetales-Alola, F|21\/100\n|-weather|Snow|[from] ability: Snow Warning|[of] p2a: Ninetales\n|move|p1a: Iron Hands|Drain Punch|p2a: Ninetales\n|-damage|p2a: Ninetales|3\/100\n|-heal|p1a: Iron Hands|84\/100|[from] drain|[of] p2a: Ninetales\n|\n|-weather|Snow|[upkeep]\n|upkeep\n|turn|18\n|\n|t:|1699983156\n|move|p2a: Ninetales|Moonblast|p1a: Iron Hands\n|-supereffective|p1a: Iron Hands\n|-damage|p1a: Iron Hands|49\/100\n|move|p1a: Iron Hands|Drain Punch|p2a: Ninetales\n|-damage|p2a: Ninetales|0 fnt\n|-heal|p1a: Iron Hands|50\/100|[from] drain|[of] p2a: Ninetales\n|faint|p2a: Ninetales\n|\n|-weather|Snow|[upkeep]\n|-sideend|p2: Foxhunter66|move: Aurora Veil\n|upkeep\n|\n|t:|1699983169\n|switch|p2a: Weavile|Weavile, M|100\/100\n|-ability|p2a: Weavile|Pressure\n|turn|19\n|\n|t:|1699983177\n|-terastallize|p2a: Weavile|Ice\n|move|p2a: Weavile|Icicle Crash|p1a: Iron Hands\n|-damage|p1a: Iron Hands|0 fnt\n|faint|p1a: Iron Hands\n|-end|p1a: Iron Hands|Quark Drive|[silent]\n|\n|-weather|Snow|[upkeep]\n|upkeep\n|\n|t:|1699983183\n|switch|p1a: Corviknight|Corviknight, M|84\/100\n|-damage|p1a: Corviknight|72\/100|[from] Stealth Rock\n|turn|20\n|\n|t:|1699983188\n|move|p2a: Weavile|Icicle Crash|p1a: Corviknight\n|-crit|p1a: Corviknight\n|-damage|p1a: Corviknight|2\/100\n|move|p1a: Corviknight|Body Press|p2a: Weavile\n|-supereffective|p2a: Weavile\n|-damage|p2a: Weavile|36\/100\n|\n|-weather|Snow|[upkeep]\n|upkeep\n|turn|21\n|\n|t:|1699983197\n|move|p2a: Weavile|Icicle Crash|p1a: Corviknight\n|-damage|p1a: Corviknight|0 fnt\n|faint|p1a: Corviknight\n|\n|-weather|none\n|upkeep\n|\n|t:|1699983199\n|switch|p1a: Great Tusk|Great Tusk|100\/100\n|-damage|p1a: Great Tusk|98\/100|[from] Stealth Rock\n|turn|22\n|\n|t:|1699983207\n|move|p2a: Weavile|Icicle Crash|p1a: Great Tusk\n|-supereffective|p1a: Great Tusk\n|-damage|p1a: Great Tusk|0 fnt\n|faint|p1a: Great Tusk\n|-end|p1a: Great Tusk|Protosynthesis|[silent]\n|\n|win|Foxhunter66\n|raw|El Squiggle's rating: 1370 &rarr; <strong>1346<\/strong><br \/>(-24 for losing)\n|raw|Foxhunter66's rating: 1307 &rarr; <strong>1331<\/strong><br \/>(+24 for winning)\n|l|\u2606El Squiggle\n|player|p2|Foxhunter66|169\n","uploadtime":1699983435,"views":16,"p1id":"elsquiggle","p2id":"foxhunter66","formatid":"gen9ou","rating":1331,"private":0,"password":""}