{"id":"gen9ou-1993138406","p1":"Joestar4ever","p2":"AshMegaLuxio","format":"[Gen 9] OU","log":"|j|\u2606Joestar4ever\n|j|\u2606AshMegaLuxio\n|t:|1700269324\n|gametype|singles\n|player|p1|Joestar4ever|lance|1174\n|player|p2|AshMegaLuxio|red-masters|1186\n|teamsize|p1|6\n|teamsize|p2|6\n|gen|9\n|tier|[Gen 9] OU\n|rated|\n|rule|Sleep Clause Mod: Limit one foe put to sleep\n|rule|Species Clause: Limit one of each Pok\u00e9mon\n|rule|OHKO Clause: OHKO moves are banned\n|rule|Evasion Items Clause: Evasion items are banned\n|rule|Evasion Moves Clause: Evasion moves are banned\n|rule|Endless Battle Clause: Forcing endless battles is banned\n|rule|HP Percentage Mod: HP is shown in percentages\n|clearpoke\n|poke|p1|Iron Valiant|\n|poke|p1|Great Tusk|\n|poke|p1|Kingambit, F|\n|poke|p1|Ting-Lu|\n|poke|p1|Ogerpon-Wellspring, F|\n|poke|p1|Dondozo, M|\n|poke|p2|Dragapult, F|\n|poke|p2|Alomomola, F|\n|poke|p2|Kommo-o, M|\n|poke|p2|Iron Valiant|\n|poke|p2|Corviknight, F|\n|poke|p2|Ceruledge, F|\n|teampreview\n|inactive|Battle timer is ON: inactive players will automatically lose when time's up. (requested by AshMegaLuxio)\n|\n|t:|1700269329\n|start\n|switch|p1a: Ting-Lu|Ting-Lu|100\/100\n|switch|p2a: Dragapult|Dragapult, F|100\/100\n|-ability|p1a: Ting-Lu|Vessel of Ruin\n|turn|1\n|\n|t:|1700269338\n|move|p2a: Dragapult|Will-O-Wisp|p1a: Ting-Lu\n|-status|p1a: Ting-Lu|brn\n|move|p1a: Ting-Lu|Stealth Rock|p2a: Dragapult\n|-sidestart|p2: AshMegaLuxio|move: Stealth Rock\n|\n|-damage|p1a: Ting-Lu|94\/100 brn|[from] brn\n|upkeep\n|turn|2\n|\n|t:|1700269346\n|move|p2a: Dragapult|U-turn|p1a: Ting-Lu\n|-supereffective|p1a: Ting-Lu\n|-damage|p1a: Ting-Lu|76\/100 brn\n|\n|t:|1700269352\n|switch|p2a: Corviknight|Corviknight, F|100\/100|[from] U-turn\n|-damage|p2a: Corviknight|88\/100|[from] Stealth Rock\n|-ability|p2a: Corviknight|Pressure\n|move|p1a: Ting-Lu|Whirlwind|p2a: Corviknight\n|drag|p2a: Iron Valiant|Iron Valiant|100\/100\n|-damage|p2a: Iron Valiant|94\/100|[from] Stealth Rock\n|-enditem|p2a: Iron Valiant|Booster Energy\n|-activate|p2a: Iron Valiant|ability: Quark Drive|[fromitem]\n|-start|p2a: Iron Valiant|quarkdrivespe\n|\n|-heal|p1a: Ting-Lu|82\/100 brn|[from] item: Leftovers\n|-damage|p1a: Ting-Lu|76\/100 brn|[from] brn\n|upkeep\n|turn|3\n|\n|t:|1700269366\n|move|p2a: Iron Valiant|Close Combat|p1a: Ting-Lu\n|-supereffective|p1a: Ting-Lu\n|-damage|p1a: Ting-Lu|19\/100 brn\n|-unboost|p2a: Iron Valiant|def|1\n|-unboost|p2a: Iron Valiant|spd|1\n|move|p1a: Ting-Lu|Whirlwind|p2a: Iron Valiant\n|-end|p2a: Iron Valiant|Quark Drive|[silent]\n|drag|p2a: Alomomola|Alomomola, F|100\/100\n|-damage|p2a: Alomomola|88\/100|[from] Stealth Rock\n|\n|-heal|p1a: Ting-Lu|26\/100 brn|[from] item: Leftovers\n|-damage|p1a: Ting-Lu|19\/100 brn|[from] brn\n|upkeep\n|turn|4\n|\n|t:|1700269379\n|move|p2a: Alomomola|Flip Turn|p1a: Ting-Lu\n|-supereffective|p1a: Ting-Lu\n|-damage|p1a: Ting-Lu|3\/100 brn\n|\n|t:|1700269384\n|switch|p2a: Dragapult|Dragapult, F|100\/100|[from] Flip Turn\n|-damage|p2a: Dragapult|88\/100|[from] Stealth Rock\n|move|p1a: Ting-Lu|Whirlwind|p2a: Dragapult\n|drag|p2a: Kommo-o|Kommo-o, M|100\/100\n|-damage|p2a: Kommo-o|94\/100|[from] Stealth Rock\n|\n|-heal|p1a: Ting-Lu|10\/100 brn|[from] item: Leftovers\n|-damage|p1a: Ting-Lu|3\/100 brn|[from] brn\n|upkeep\n|turn|5\n|\n|t:|1700269396\n|move|p2a: Kommo-o|Flash Cannon|p1a: Ting-Lu\n|-damage|p1a: Ting-Lu|0 fnt\n|faint|p1a: Ting-Lu\n|\n|upkeep\n|\n|t:|1700269410\n|switch|p1a: Iron Valiant|Iron Valiant|100\/100\n|turn|6\n|\n|t:|1700269428\n|-terastallize|p2a: Kommo-o|Steel\n|move|p1a: Iron Valiant|Moonblast|p2a: Kommo-o\n|-resisted|p2a: Kommo-o\n|-damage|p2a: Kommo-o|55\/100\n|move|p2a: Kommo-o|Clangorous Soul|p2a: Kommo-o\n|-boost|p2a: Kommo-o|atk|1\n|-boost|p2a: Kommo-o|def|1\n|-boost|p2a: Kommo-o|spa|1\n|-boost|p2a: Kommo-o|spd|1\n|-boost|p2a: Kommo-o|spe|1\n|-damage|p2a: Kommo-o|22\/100\n|-enditem|p2a: Kommo-o|Throat Spray\n|-boost|p2a: Kommo-o|spa|1|[from] item: Throat Spray\n|\n|upkeep\n|turn|7\n|\n|t:|1700269441\n|-end|p1a: Iron Valiant|Quark Drive|[silent]\n|switch|p1a: Dondozo|Dondozo, M|100\/100\n|move|p2a: Kommo-o|Flash Cannon|p1a: Dondozo\n|-resisted|p1a: Dondozo\n|-damage|p1a: Dondozo|84\/100\n|\n|-heal|p1a: Dondozo|91\/100|[from] item: Leftovers\n|upkeep\n|turn|8\n|\n|t:|1700269452\n|switch|p2a: Corviknight|Corviknight, F|88\/100\n|-damage|p2a: Corviknight|75\/100|[from] Stealth Rock\n|-ability|p2a: Corviknight|Pressure\n|move|p1a: Dondozo|Liquidation|p2a: Corviknight\n|-damage|p2a: Corviknight|52\/100\n|-damage|p1a: Dondozo|74\/100|[from] item: Rocky Helmet|[of] p2a: Corviknight\n|\n|-heal|p1a: Dondozo|80\/100|[from] item: Leftovers\n|upkeep\n|turn|9\n|\n|t:|1700269464\n|switch|p1a: Great Tusk|Great Tusk|100\/100\n|move|p2a: Corviknight|Defog|p1a: Great Tusk\n|-unboost|p1a: Great Tusk|evasion|1\n|-sideend|p2: AshMegaLuxio|Stealth Rock|[from] move: Defog|[of] p2a: Corviknight\n|\n|upkeep\n|turn|10\n|\n|t:|1700269474\n|switch|p2a: Kommo-o|Kommo-o, M, tera:Steel|22\/100\n|move|p1a: Great Tusk|Knock Off|p2a: Kommo-o\n|-crit|p2a: Kommo-o\n|-damage|p2a: Kommo-o|0 fnt\n|faint|p2a: Kommo-o\n|\n|upkeep\n|\n|t:|1700269490\n|switch|p2a: Iron Valiant|Iron Valiant|94\/100\n|turn|11\n|\n|t:|1700269500\n|-end|p1a: Great Tusk|Protosynthesis|[silent]\n|switch|p1a: Dondozo|Dondozo, M|80\/100\n|move|p2a: Iron Valiant|Encore||[still]\n|-fail|p2a: Iron Valiant\n|\n|-heal|p1a: Dondozo|86\/100|[from] item: Leftovers\n|upkeep\n|turn|12\n|\n|t:|1700269508\n|move|p2a: Iron Valiant|Knock Off|p1a: Dondozo\n|-damage|p1a: Dondozo|67\/100\n|-enditem|p1a: Dondozo|Leftovers|[from] move: Knock Off|[of] p2a: Iron Valiant\n|move|p1a: Dondozo|Liquidation|p2a: Iron Valiant\n|-damage|p2a: Iron Valiant|46\/100\n|\n|upkeep\n|turn|13\n|\n|t:|1700269517\n|-end|p2a: Iron Valiant|Quark Drive|[silent]\n|switch|p2a: Alomomola|Alomomola, F|100\/100\n|move|p1a: Dondozo|Liquidation|p2a: Alomomola\n|-resisted|p2a: Alomomola\n|-crit|p2a: Alomomola\n|-damage|p2a: Alomomola|85\/100\n|-enditem|p2a: Alomomola|Red Card|[of] p1a: Dondozo\n|drag|p1a: Great Tusk|Great Tusk|100\/100\n|\n|upkeep\n|turn|14\n|\n|t:|1700269526\n|move|p1a: Great Tusk|Knock Off|p2a: Alomomola\n|-damage|p2a: Alomomola|72\/100\n|move|p2a: Alomomola|Wish|p2a: Alomomola\n|\n|upkeep\n|turn|15\n|\n|t:|1700269532\n|move|p1a: Great Tusk|Bulk Up|p1a: Great Tusk\n|-boost|p1a: Great Tusk|atk|1\n|-boost|p1a: Great Tusk|def|1\n|move|p2a: Alomomola|Flip Turn|p1a: Great Tusk\n|-supereffective|p1a: Great Tusk\n|-damage|p1a: Great Tusk|88\/100\n|\n|t:|1700269536\n|switch|p2a: Iron Valiant|Iron Valiant|46\/100|[from] Flip Turn\n|\n|-heal|p2a: Iron Valiant|100\/100|[from] move: Wish|[wisher] Alomomola\n|-heal|p1a: Great Tusk|94\/100|[from] item: Leftovers\n|upkeep\n|turn|16\n|\n|t:|1700269547\n|-terastallize|p1a: Great Tusk|Dragon\n|move|p2a: Iron Valiant|Encore|p1a: Great Tusk\n|-start|p1a: Great Tusk|Encore\n|move|p1a: Great Tusk|Bulk Up|p1a: Great Tusk\n|-boost|p1a: Great Tusk|atk|1\n|-boost|p1a: Great Tusk|def|1\n|\n|-heal|p1a: Great Tusk|99\/100|[from] item: Leftovers\n|upkeep\n|turn|17\n|\n|t:|1700269559\n|-end|p1a: Great Tusk|Protosynthesis|[silent]\n|switch|p1a: Dondozo|Dondozo, M|67\/100\n|move|p2a: Iron Valiant|Knock Off|p1a: Dondozo\n|-damage|p1a: Dondozo|52\/100\n|\n|upkeep\n|turn|18\n|\n|t:|1700269566\n|move|p2a: Iron Valiant|Close Combat|p1a: Dondozo\n|-damage|p1a: Dondozo|17\/100\n|-unboost|p2a: Iron Valiant|def|1\n|-unboost|p2a: Iron Valiant|spd|1\n|move|p1a: Dondozo|Liquidation|p2a: Iron Valiant\n|-damage|p2a: Iron Valiant|47\/100\n|\n|upkeep\n|turn|19\n|\n|t:|1700269575\n|move|p2a: Iron Valiant|Close Combat|p1a: Dondozo\n|-damage|p1a: Dondozo|0 fnt\n|-unboost|p2a: Iron Valiant|def|1\n|-unboost|p2a: Iron Valiant|spd|1\n|faint|p1a: Dondozo\n|\n|upkeep\n|\n|t:|1700269591\n|switch|p1a: Iron Valiant|Iron Valiant|100\/100\n|turn|20\n|\n|t:|1700269597\n|move|p2a: Iron Valiant|Knock Off|p1a: Iron Valiant\n|-resisted|p1a: Iron Valiant\n|-damage|p1a: Iron Valiant|90\/100\n|-enditem|p1a: Iron Valiant|Choice Specs|[from] move: Knock Off|[of] p2a: Iron Valiant\n|move|p1a: Iron Valiant|Thunderbolt|p2a: Iron Valiant\n|-damage|p2a: Iron Valiant|0 fnt\n|faint|p2a: Iron Valiant\n|-end|p2a: Iron Valiant|Quark Drive|[silent]\n|\n|upkeep\n|\n|t:|1700269614\n|switch|p2a: Ceruledge|Ceruledge, F|100\/100\n|turn|21\n|\n|t:|1700269618\n|-end|p1a: Iron Valiant|Quark Drive|[silent]\n|switch|p1a: Ogerpon|Ogerpon-Wellspring, F|100\/100\n|move|p2a: Ceruledge|Bitter Blade|p1a: Ogerpon\n|-crit|p1a: Ogerpon\n|-damage|p1a: Ogerpon|13\/100\n|\n|upkeep\n|turn|22\n|\n|t:|1700269626\n|move|p2a: Ceruledge|Shadow Sneak|p1a: Ogerpon\n|-damage|p1a: Ogerpon|0 fnt\n|faint|p1a: Ogerpon\n|\n|upkeep\n|\n|t:|1700269631\n|switch|p1a: Great Tusk|Great Tusk, tera:Dragon|99\/100\n|turn|23\n|\n|t:|1700269635\n|move|p2a: Ceruledge|Swords Dance|p2a: Ceruledge\n|-boost|p2a: Ceruledge|atk|2\n|move|p1a: Great Tusk|Knock Off|p2a: Ceruledge\n|-supereffective|p2a: Ceruledge\n|-enditem|p2a: Ceruledge|Focus Sash\n|-damage|p2a: Ceruledge|1\/100\n|-ability|p2a: Ceruledge|Weak Armor|boost\n|-unboost|p2a: Ceruledge|def|1\n|-boost|p2a: Ceruledge|spe|2\n|\n|-heal|p1a: Great Tusk|100\/100|[from] item: Leftovers\n|upkeep\n|turn|24\n|\n|t:|1700269648\n|move|p2a: Ceruledge|Poltergeist|p1a: Great Tusk\n|-activate|p1a: Great Tusk|move: Poltergeist|Leftovers\n|-damage|p1a: Great Tusk|28\/100\n|move|p1a: Great Tusk|Knock Off|p2a: Ceruledge\n|-supereffective|p2a: Ceruledge\n|-damage|p2a: Ceruledge|0 fnt\n|faint|p2a: Ceruledge\n|\n|-heal|p1a: Great Tusk|34\/100|[from] item: Leftovers\n|upkeep\n|\n|t:|1700269655\n|switch|p2a: Dragapult|Dragapult, F|88\/100\n|turn|25\n|\n|t:|1700269660\n|move|p2a: Dragapult|Dragon Darts|p1a: Great Tusk\n|-supereffective|p1a: Great Tusk\n|-damage|p1a: Great Tusk|8\/100\n|-anim|p2a: Dragapult|Dragon Darts|p1a: Great Tusk\n|-supereffective|p1a: Great Tusk\n|-damage|p1a: Great Tusk|0 fnt\n|faint|p1a: Great Tusk\n|-end|p1a: Great Tusk|Protosynthesis|[silent]\n|\n|-heal|p2a: Dragapult|94\/100|[from] item: Leftovers\n|upkeep\n|\n|t:|1700269679\n|switch|p1a: Kingambit|Kingambit, F|100\/100\n|-activate|p1a: Kingambit|ability: Supreme Overlord\n|-start|p1a: Kingambit|fallen4|[silent]\n|turn|26\n|\n|t:|1700269684\n|move|p2a: Dragapult|Will-O-Wisp|p1a: Kingambit\n|-status|p1a: Kingambit|brn\n|move|p1a: Kingambit|Swords Dance|p1a: Kingambit\n|-boost|p1a: Kingambit|atk|2\n|\n|-heal|p2a: Dragapult|99\/100|[from] item: Leftovers\n|-damage|p1a: Kingambit|94\/100 brn|[from] brn\n|upkeep\n|turn|27\n|\n|t:|1700269694\n|switch|p2a: Alomomola|Alomomola, F|100\/100\n|move|p1a: Kingambit|Iron Head|p2a: Alomomola\n|-resisted|p2a: Alomomola\n|-damage|p2a: Alomomola|83\/100\n|\n|-damage|p1a: Kingambit|88\/100 brn|[from] brn\n|upkeep\n|turn|28\n|\n|t:|1700269702\n|move|p2a: Alomomola|Protect|p2a: Alomomola\n|-singleturn|p2a: Alomomola|Protect\n|move|p1a: Kingambit|Low Kick|p2a: Alomomola\n|-activate|p2a: Alomomola|move: Protect\n|\n|-damage|p1a: Kingambit|82\/100 brn|[from] brn\n|upkeep\n|turn|29\n|\n|t:|1700269709\n|move|p1a: Kingambit|Low Kick|p2a: Alomomola\n|-damage|p2a: Alomomola|67\/100\n|move|p2a: Alomomola|Wish|p2a: Alomomola\n|\n|-damage|p1a: Kingambit|76\/100 brn|[from] brn\n|upkeep\n|turn|30\n|\n|t:|1700269716\n|-end|p1a: Kingambit|fallen4|[silent]\n|switch|p1a: Iron Valiant|Iron Valiant|90\/100\n|move|p2a: Alomomola|Protect||[still]\n|-fail|p2a: Alomomola\n|\n|-heal|p2a: Alomomola|100\/100|[from] move: Wish|[wisher] Alomomola\n|upkeep\n|turn|31\n|\n|t:|1700269725\n|switch|p2a: Dragapult|Dragapult, F|99\/100\n|move|p1a: Iron Valiant|Thunderbolt|p2a: Dragapult\n|-resisted|p2a: Dragapult\n|-damage|p2a: Dragapult|80\/100\n|\n|-heal|p2a: Dragapult|86\/100|[from] item: Leftovers\n|upkeep\n|turn|32\n|\n|t:|1700269733\n|move|p2a: Dragapult|Will-O-Wisp|p1a: Iron Valiant\n|-status|p1a: Iron Valiant|brn\n|move|p1a: Iron Valiant|Moonblast|p2a: Dragapult\n|-supereffective|p2a: Dragapult\n|-damage|p2a: Dragapult|0 fnt\n|faint|p2a: Dragapult\n|\n|-damage|p1a: Iron Valiant|84\/100 brn|[from] brn\n|upkeep\n|\n|t:|1700269743\n|switch|p2a: Alomomola|Alomomola, F|100\/100\n|turn|33\n|\n|t:|1700269751\n|move|p2a: Alomomola|Protect|p2a: Alomomola\n|-singleturn|p2a: Alomomola|Protect\n|move|p1a: Iron Valiant|Thunderbolt|p2a: Alomomola\n|-activate|p2a: Alomomola|move: Protect\n|\n|-damage|p1a: Iron Valiant|78\/100 brn|[from] brn\n|upkeep\n|turn|34\n|\n|t:|1700269760\n|move|p1a: Iron Valiant|Energy Ball|p2a: Alomomola\n|-supereffective|p2a: Alomomola\n|-damage|p2a: Alomomola|36\/100\n|move|p2a: Alomomola|Wish|p2a: Alomomola\n|\n|-damage|p1a: Iron Valiant|71\/100 brn|[from] brn\n|upkeep\n|turn|35\n|\n|t:|1700269767\n|switch|p2a: Corviknight|Corviknight, F|52\/100\n|-ability|p2a: Corviknight|Pressure\n|move|p1a: Iron Valiant|Energy Ball|p2a: Corviknight\n|-resisted|p2a: Corviknight\n|-damage|p2a: Corviknight|44\/100\n|\n|-heal|p2a: Corviknight|100\/100|[from] move: Wish|[wisher] Alomomola\n|-damage|p1a: Iron Valiant|65\/100 brn|[from] brn\n|upkeep\n|turn|36\n|\n|t:|1700269778\n|move|p1a: Iron Valiant|Thunderbolt|p2a: Corviknight\n|-supereffective|p2a: Corviknight\n|-damage|p2a: Corviknight|40\/100\n|move|p2a: Corviknight|Brave Bird|p1a: Iron Valiant\n|-supereffective|p1a: Iron Valiant\n|-damage|p1a: Iron Valiant|0 fnt\n|faint|p1a: Iron Valiant\n|-end|p1a: Iron Valiant|Quark Drive|[silent]\n|-damage|p2a: Corviknight|25\/100|[from] Recoil\n|\n|upkeep\n|-message|Joestar4ever forfeited.\n|\n|win|AshMegaLuxio\n|raw|Joestar4ever's rating: 1174 &rarr; <strong>1152<\/strong><br \/>(-22 for losing)\n|raw|AshMegaLuxio's rating: 1212 &rarr; <strong>1234<\/strong><br \/>(+22 for winning)\n|l|\u2606Joestar4ever\n|c|\u2606AshMegaLuxio|gg\n","uploadtime":1700269792,"views":17,"p1id":"joestar4ever","p2id":"ashmegaluxio","formatid":"gen9ou","rating":1152,"private":0,"password":""}