{"id":"gen9ou-1995245318","p1":"penguinpenguin2","p2":"shern167","format":"[Gen 9] OU","log":"|j|\u2606penguinpenguin2\n|j|\u2606shern167\n|t:|1700539455\n|gametype|singles\n|player|p1|penguinpenguin2|102|1211\n|player|p2|shern167|2|1143\n|teamsize|p1|6\n|teamsize|p2|6\n|gen|9\n|tier|[Gen 9] OU\n|rated|\n|rule|Sleep Clause Mod: Limit one foe put to sleep\n|rule|Species Clause: Limit one of each Pok\u00e9mon\n|rule|OHKO Clause: OHKO moves are banned\n|rule|Evasion Items Clause: Evasion items are banned\n|rule|Evasion Moves Clause: Evasion moves are banned\n|rule|Endless Battle Clause: Forcing endless battles is banned\n|rule|HP Percentage Mod: HP is shown in percentages\n|clearpoke\n|poke|p1|Iron Jugulis|\n|poke|p1|Ogerpon-Wellspring, F|\n|poke|p1|Tinkaton, F|\n|poke|p1|Iron Moth|\n|poke|p1|Great Tusk|\n|poke|p1|Dragapult, M|\n|poke|p2|Gholdengo|\n|poke|p2|Glimmora, F|\n|poke|p2|Iron Moth|\n|poke|p2|Ting-Lu|\n|poke|p2|Blissey, F|\n|poke|p2|Dragonite, F|\n|teampreview\n|inactive|Battle timer is ON: inactive players will automatically lose when time's up. (requested by shern167)\n|\n|t:|1700539465\n|start\n|switch|p1a: Iron Jugulis|Iron Jugulis|100\/100\n|switch|p2a: Glimmora|Glimmora, F|100\/100\n|-enditem|p1a: Iron Jugulis|Booster Energy\n|-activate|p1a: Iron Jugulis|ability: Quark Drive|[fromitem]\n|-start|p1a: Iron Jugulis|quarkdrivespe\n|turn|1\n|\n|t:|1700539474\n|move|p2a: Glimmora|Spiky Shield|p2a: Glimmora\n|-singleturn|p2a: Glimmora|move: Protect\n|move|p1a: Iron Jugulis|Taunt|p2a: Glimmora\n|-activate|p2a: Glimmora|move: Protect\n|\n|upkeep\n|turn|2\n|\n|t:|1700539481\n|move|p1a: Iron Jugulis|Knock Off|p2a: Glimmora\n|-damage|p2a: Glimmora|75\/100\n|-activate|p2a: Glimmora|ability: Toxic Debris\n|-sidestart|p1: penguinpenguin2|move: Toxic Spikes\n|-enditem|p2a: Glimmora|Black Sludge|[from] move: Knock Off|[of] p1a: Iron Jugulis\n|move|p2a: Glimmora|Earth Power|p1a: Iron Jugulis\n|-immune|p1a: Iron Jugulis\n|\n|upkeep\n|turn|3\n|\n|t:|1700539493\n|move|p2a: Glimmora|Spiky Shield|p2a: Glimmora\n|-singleturn|p2a: Glimmora|move: Protect\n|move|p1a: Iron Jugulis|Earth Power|p2a: Glimmora\n|-activate|p2a: Glimmora|move: Protect\n|\n|upkeep\n|turn|4\n|\n|t:|1700539501\n|switch|p2a: Dragonite|Dragonite, F|100\/100\n|move|p1a: Iron Jugulis|Knock Off|p2a: Dragonite\n|-damage|p2a: Dragonite|86\/100\n|-enditem|p2a: Dragonite|Leftovers|[from] move: Knock Off|[of] p1a: Iron Jugulis\n|\n|upkeep\n|turn|5\n|\n|t:|1700539505\n|move|p1a: Iron Jugulis|Taunt|p2a: Dragonite\n|-start|p2a: Dragonite|move: Taunt\n|move|p2a: Dragonite|Dragon Claw|p1a: Iron Jugulis\n|-damage|p1a: Iron Jugulis|53\/100\n|\n|upkeep\n|turn|6\n|\n|t:|1700539515\n|-end|p1a: Iron Jugulis|Quark Drive|[silent]\n|switch|p1a: TWINKATON|Tinkaton, F|100\/100\n|-item|p1a: TWINKATON|Air Balloon\n|move|p2a: Dragonite|Ice Spinner|p1a: TWINKATON\n|-resisted|p1a: TWINKATON\n|-damage|p1a: TWINKATON|85\/100\n|-enditem|p1a: TWINKATON|Air Balloon\n|\n|upkeep\n|turn|7\n|\n|t:|1700539520\n|move|p1a: TWINKATON|Stealth Rock|p2a: Dragonite\n|-sidestart|p2: shern167|move: Stealth Rock\n|move|p2a: Dragonite|Earthquake|p1a: TWINKATON\n|-supereffective|p1a: TWINKATON\n|-damage|p1a: TWINKATON|11\/100\n|\n|-end|p2a: Dragonite|move: Taunt\n|upkeep\n|turn|8\n|\n|t:|1700539527\n|switch|p2a: Glimmora|Glimmora, F|75\/100\n|-damage|p2a: Glimmora|63\/100|[from] Stealth Rock\n|move|p1a: TWINKATON|Thunder Wave|p2a: Glimmora\n|-status|p2a: Glimmora|par\n|\n|upkeep\n|turn|9\n|\n|t:|1700539536\n|switch|p1a: Iron Moth|Iron Moth|100\/100\n|-sideend|p1: penguinpenguin2|move: Toxic Spikes|[of] p1a: Iron Moth\n|-enditem|p1a: Iron Moth|Booster Energy\n|-activate|p1a: Iron Moth|ability: Quark Drive|[fromitem]\n|-start|p1a: Iron Moth|quarkdrivespe\n|cant|p2a: Glimmora|par\n|\n|upkeep\n|turn|10\n|\n|t:|1700539542\n|move|p1a: Iron Moth|Psychic|p2a: Glimmora\n|-supereffective|p2a: Glimmora\n|-damage|p2a: Glimmora|15\/100 par\n|-unboost|p2a: Glimmora|spd|1\n|move|p2a: Glimmora|Mortal Spin|p1a: Iron Moth\n|-resisted|p1a: Iron Moth\n|-damage|p1a: Iron Moth|97\/100\n|-sideend|p2: shern167|Stealth Rock|[from] move: Mortal Spin|[of] p2a: Glimmora\n|\n|upkeep\n|turn|11\n|\n|t:|1700539549\n|move|p1a: Iron Moth|Fiery Dance|p2a: Glimmora\n|-resisted|p2a: Glimmora\n|-damage|p2a: Glimmora|0 fnt\n|faint|p2a: Glimmora\n|\n|upkeep\n|\n|t:|1700539565\n|switch|p2a: Dragonite|Dragonite, F|86\/100\n|turn|12\n|\n|t:|1700539572\n|-end|p1a: Iron Moth|Quark Drive|[silent]\n|switch|p1a: TWINKATON|Tinkaton, F|11\/100\n|move|p2a: Dragonite|Dragon Dance|p2a: Dragonite\n|-boost|p2a: Dragonite|atk|1\n|-boost|p2a: Dragonite|spe|1\n|\n|upkeep\n|turn|13\n|\n|t:|1700539578\n|move|p2a: Dragonite|Earthquake|p1a: TWINKATON\n|-supereffective|p1a: TWINKATON\n|-crit|p1a: TWINKATON\n|-damage|p1a: TWINKATON|0 fnt\n|faint|p1a: TWINKATON\n|\n|upkeep\n|\n|t:|1700539590\n|switch|p1a: Great Tusk|Great Tusk|100\/100\n|-enditem|p1a: Great Tusk|Booster Energy\n|-activate|p1a: Great Tusk|ability: Protosynthesis|[fromitem]\n|-start|p1a: Great Tusk|protosynthesisspe\n|turn|14\n|\n|t:|1700539596\n|-terastallize|p2a: Dragonite|Dragon\n|move|p1a: Great Tusk|Ice Spinner|p2a: Dragonite\n|-supereffective|p2a: Dragonite\n|-damage|p2a: Dragonite|31\/100\n|move|p2a: Dragonite|Ice Spinner|p1a: Great Tusk\n|-supereffective|p1a: Great Tusk\n|-damage|p1a: Great Tusk|52\/100\n|\n|upkeep\n|turn|15\n|\n|t:|1700539604\n|move|p1a: Great Tusk|Ice Spinner|p2a: Dragonite\n|-supereffective|p2a: Dragonite\n|-damage|p2a: Dragonite|0 fnt\n|faint|p2a: Dragonite\n|\n|upkeep\n|\n|t:|1700539609\n|switch|p2a: Iron Moth|Iron Moth|100\/100\n|-enditem|p2a: Iron Moth|Booster Energy\n|-activate|p2a: Iron Moth|ability: Quark Drive|[fromitem]\n|-start|p2a: Iron Moth|quarkdrivespa\n|turn|16\n|\n|t:|1700539614\n|-end|p1a: Great Tusk|Protosynthesis|[silent]\n|switch|p1a: Dragapult|Dragapult, M|100\/100\n|move|p2a: Iron Moth|Energy Ball|p1a: Dragapult\n|-resisted|p1a: Dragapult\n|-damage|p1a: Dragapult|69\/100\n|\n|upkeep\n|turn|17\n|\n|t:|1700539621\n|move|p1a: Dragapult|Shadow Ball|p2a: Iron Moth\n|-damage|p2a: Iron Moth|47\/100\n|move|p2a: Iron Moth|Fiery Dance|p1a: Dragapult\n|-resisted|p1a: Dragapult\n|-damage|p1a: Dragapult|30\/100\n|\n|upkeep\n|turn|18\n|\n|t:|1700539629\n|-end|p2a: Iron Moth|Quark Drive|[silent]\n|switch|p2a: Blissey|Blissey, F|100\/100\n|move|p1a: Dragapult|Shadow Ball|p2a: Blissey\n|-immune|p2a: Blissey\n|\n|upkeep\n|turn|19\n|\n|t:|1700539633\n|switch|p1a: Iron Jugulis|Iron Jugulis|53\/100\n|move|p2a: Blissey|Thunder Wave|p1a: Iron Jugulis\n|-status|p1a: Iron Jugulis|par\n|\n|upkeep\n|turn|20\n|\n|t:|1700539639\n|cant|p1a: Iron Jugulis|par\n|move|p2a: Blissey|Seismic Toss|p1a: Iron Jugulis\n|-damage|p1a: Iron Jugulis|23\/100 par\n|\n|upkeep\n|turn|21\n|\n|t:|1700539646\n|cant|p1a: Iron Jugulis|par\n|move|p2a: Blissey|Chilling Water|p1a: Iron Jugulis\n|-damage|p1a: Iron Jugulis|10\/100 par\n|-unboost|p1a: Iron Jugulis|atk|1\n|\n|upkeep\n|turn|22\n|\n|t:|1700539651\n|cant|p1a: Iron Jugulis|par\n|move|p2a: Blissey|Chilling Water|p1a: Iron Jugulis\n|-damage|p1a: Iron Jugulis|0 fnt\n|faint|p1a: Iron Jugulis\n|-end|p1a: Iron Jugulis|Quark Drive|[silent]\n|\n|upkeep\n|\n|t:|1700539654\n|switch|p1a: Ogerpon|Ogerpon-Wellspring, F|100\/100\n|turn|23\n|\n|t:|1700539658\n|move|p1a: Ogerpon|Ivy Cudgel|p2a: Blissey|[anim] Ivy Cudgel Water\n|-damage|p2a: Blissey|39\/100\n|move|p2a: Blissey|Thunder Wave|p1a: Ogerpon\n|-status|p1a: Ogerpon|par\n|\n|-heal|p2a: Blissey|45\/100|[from] item: Leftovers\n|upkeep\n|turn|24\n|\n|t:|1700539665\n|move|p1a: Ogerpon|U-turn|p2a: Blissey\n|-damage|p2a: Blissey|15\/100\n|\n|t:|1700539668\n|switch|p1a: Great Tusk|Great Tusk|52\/100|[from] U-turn\n|move|p2a: Blissey|Soft-Boiled|p2a: Blissey\n|-heal|p2a: Blissey|65\/100\n|\n|-heal|p2a: Blissey|71\/100|[from] item: Leftovers\n|upkeep\n|turn|25\n|\n|t:|1700539675\n|move|p1a: Great Tusk|Headlong Rush|p2a: Blissey\n|-damage|p2a: Blissey|14\/100\n|-unboost|p1a: Great Tusk|def|1\n|-unboost|p1a: Great Tusk|spd|1\n|move|p2a: Blissey|Chilling Water|p1a: Great Tusk\n|-supereffective|p1a: Great Tusk\n|-damage|p1a: Great Tusk|17\/100\n|-unboost|p1a: Great Tusk|atk|1\n|\n|-heal|p2a: Blissey|20\/100|[from] item: Leftovers\n|upkeep\n|turn|26\n|\n|t:|1700539695\n|switch|p2a: Ting-Lu|Ting-Lu|100\/100\n|-ability|p2a: Ting-Lu|Vessel of Ruin\n|move|p1a: Great Tusk|Headlong Rush|p2a: Ting-Lu\n|-damage|p2a: Ting-Lu|81\/100\n|-unboost|p1a: Great Tusk|def|1\n|-unboost|p1a: Great Tusk|spd|1\n|\n|upkeep\n|turn|27\n|\n|t:|1700539704\n|-end|p1a: Great Tusk|Protosynthesis|[silent]\n|switch|p1a: Ogerpon|Ogerpon-Wellspring, F|100\/100 par\n|move|p2a: Ting-Lu|Throat Chop|p1a: Ogerpon\n|-damage|p1a: Ogerpon|42\/100 par\n|-start|p1a: Ogerpon|Throat Chop|[silent]\n|\n|upkeep\n|turn|28\n|\n|t:|1700539711\n|move|p1a: Ogerpon|Ivy Cudgel|p2a: Ting-Lu|[anim] Ivy Cudgel Water\n|-supereffective|p2a: Ting-Lu\n|-damage|p2a: Ting-Lu|12\/100\n|move|p2a: Ting-Lu|Throat Chop|p1a: Ogerpon\n|-damage|p1a: Ogerpon|0 fnt\n|faint|p1a: Ogerpon\n|\n|upkeep\n|\n|t:|1700539723\n|switch|p1a: Great Tusk|Great Tusk|17\/100\n|turn|29\n|\n|t:|1700539726\n|move|p1a: Great Tusk|Ice Spinner|p2a: Ting-Lu\n|-supereffective|p2a: Ting-Lu\n|-damage|p2a: Ting-Lu|0 fnt\n|faint|p2a: Ting-Lu\n|\n|upkeep\n|\n|t:|1700539732\n|switch|p2a: Gholdengo|Gholdengo|100\/100\n|turn|30\n|\n|t:|1700539738\n|move|p1a: Great Tusk|Headlong Rush|p2a: Gholdengo\n|-supereffective|p2a: Gholdengo\n|-crit|p2a: Gholdengo\n|-damage|p2a: Gholdengo|0 fnt\n|-unboost|p1a: Great Tusk|def|1\n|-unboost|p1a: Great Tusk|spd|1\n|faint|p2a: Gholdengo\n|\n|upkeep\n|\n|t:|1700539741\n|switch|p2a: Iron Moth|Iron Moth|47\/100\n|turn|31\n|\n|t:|1700539744\n|-end|p1a: Great Tusk|Protosynthesis|[silent]\n|switch|p1a: Iron Moth|Iron Moth|97\/100\n|move|p2a: Iron Moth|Energy Ball|p1a: Iron Moth\n|-resisted|p1a: Iron Moth\n|-damage|p1a: Iron Moth|89\/100\n|\n|upkeep\n|turn|32\n|\n|t:|1700539749\n|move|p1a: Iron Moth|Psychic|p2a: Iron Moth\n|-supereffective|p2a: Iron Moth\n|-damage|p2a: Iron Moth|0 fnt\n|faint|p2a: Iron Moth\n|-end|p2a: Iron Moth|Quark Drive|[silent]\n|\n|upkeep\n|\n|t:|1700539751\n|switch|p2a: Blissey|Blissey, F|20\/100\n|turn|33\n|\n|t:|1700539761\n|move|p1a: Iron Moth|Sludge Wave|p2a: Blissey\n|-damage|p2a: Blissey|5\/100\n|move|p2a: Blissey|Soft-Boiled|p2a: Blissey\n|-heal|p2a: Blissey|55\/100\n|\n|-heal|p2a: Blissey|62\/100|[from] item: Leftovers\n|upkeep\n|turn|34\n|\n|t:|1700539765\n|move|p1a: Iron Moth|Sludge Wave|p2a: Blissey\n|-damage|p2a: Blissey|48\/100\n|move|p2a: Blissey|Soft-Boiled|p2a: Blissey\n|-heal|p2a: Blissey|98\/100\n|\n|-heal|p2a: Blissey|100\/100|[from] item: Leftovers\n|upkeep\n|turn|35\n|\n|t:|1700539773\n|move|p1a: Iron Moth|Sludge Wave|p2a: Blissey\n|-damage|p2a: Blissey|87\/100\n|move|p2a: Blissey|Thunder Wave|p1a: Iron Moth\n|-status|p1a: Iron Moth|par\n|\n|-heal|p2a: Blissey|93\/100|[from] item: Leftovers\n|upkeep\n|turn|36\n|\n|t:|1700539781\n|move|p1a: Iron Moth|Sludge Wave|p2a: Blissey\n|-damage|p2a: Blissey|79\/100\n|move|p2a: Blissey|Seismic Toss|p1a: Iron Moth\n|-damage|p1a: Iron Moth|55\/100 par\n|\n|-heal|p2a: Blissey|85\/100|[from] item: Leftovers\n|upkeep\n|turn|37\n|\n|t:|1700539788\n|move|p1a: Iron Moth|Sludge Wave|p2a: Blissey\n|-damage|p2a: Blissey|71\/100\n|move|p2a: Blissey|Seismic Toss|p1a: Iron Moth\n|-damage|p1a: Iron Moth|22\/100 par\n|\n|-heal|p2a: Blissey|77\/100|[from] item: Leftovers\n|upkeep\n|turn|38\n|\n|t:|1700539807\n|move|p1a: Iron Moth|Sludge Wave|p2a: Blissey\n|-damage|p2a: Blissey|64\/100\n|move|p2a: Blissey|Seismic Toss|p1a: Iron Moth\n|-damage|p1a: Iron Moth|0 fnt\n|faint|p1a: Iron Moth\n|-end|p1a: Iron Moth|Quark Drive|[silent]\n|\n|-heal|p2a: Blissey|70\/100|[from] item: Leftovers\n|upkeep\n|\n|t:|1700539818\n|switch|p1a: Dragapult|Dragapult, M|30\/100\n|turn|39\n|\n|t:|1700539833\n|move|p1a: Dragapult|Draco Meteor|p2a: Blissey\n|-damage|p2a: Blissey|42\/100\n|-unboost|p1a: Dragapult|spa|2\n|move|p2a: Blissey|Thunder Wave|p1a: Dragapult\n|-status|p1a: Dragapult|par\n|\n|-heal|p2a: Blissey|48\/100|[from] item: Leftovers\n|upkeep\n|turn|40\n|\n|t:|1700539840\n|switch|p1a: Great Tusk|Great Tusk|17\/100\n|move|p2a: Blissey|Soft-Boiled|p2a: Blissey\n|-heal|p2a: Blissey|98\/100\n|\n|-heal|p2a: Blissey|100\/100|[from] item: Leftovers\n|upkeep\n|turn|41\n|\n|t:|1700539847\n|move|p1a: Great Tusk|Headlong Rush|p2a: Blissey\n|-damage|p2a: Blissey|51\/100\n|-unboost|p1a: Great Tusk|def|1\n|-unboost|p1a: Great Tusk|spd|1\n|move|p2a: Blissey|Chilling Water|p1a: Great Tusk\n|-supereffective|p1a: Great Tusk\n|-damage|p1a: Great Tusk|0 fnt\n|faint|p1a: Great Tusk\n|-end|p1a: Great Tusk|Protosynthesis|[silent]\n|\n|-heal|p2a: Blissey|57\/100|[from] item: Leftovers\n|upkeep\n|\n|t:|1700539850\n|switch|p1a: Dragapult|Dragapult, M|30\/100 par\n|turn|42\n|-message|penguinpenguin2 forfeited.\n|\n|win|shern167\n|raw|penguinpenguin2's rating: 1211 &rarr; <strong>1181<\/strong><br \/>(-30 for losing)\n|raw|shern167's rating: 1143 &rarr; <strong>1173<\/strong><br \/>(+30 for winning)\n|l|\u2606penguinpenguin2\n|c|\u2606shern167|lmao\n","uploadtime":1700539867,"views":28,"p1id":"penguinpenguin2","p2id":"shern167","formatid":"gen9ou","rating":1173,"private":0,"password":""}