{"id":"gen9ou-1989292632","p1":"dnjcpienwrcipne","p2":"Paquetty","format":"[Gen 9] OU","log":"|j|\u2606dnjcpienwrcipne\n|j|\u2606Paquetty\n|t:|1699832753\n|gametype|singles\n|player|p1|dnjcpienwrcipne|blackbelt-gen4dp|1103\n|player|p2|Paquetty|harlequin|1095\n|teamsize|p1|6\n|teamsize|p2|6\n|gen|9\n|tier|[Gen 9] OU\n|rated|\n|rule|Sleep Clause Mod: Limit one foe put to sleep\n|rule|Species Clause: Limit one of each Pok\u00e9mon\n|rule|OHKO Clause: OHKO moves are banned\n|rule|Evasion Items Clause: Evasion items are banned\n|rule|Evasion Moves Clause: Evasion moves are banned\n|rule|Endless Battle Clause: Forcing endless battles is banned\n|rule|HP Percentage Mod: HP is shown in percentages\n|clearpoke\n|poke|p1|Gholdengo|\n|poke|p1|Walking Wake|\n|poke|p1|Ogerpon-Wellspring, F|\n|poke|p1|Great Tusk|\n|poke|p1|Landorus-Therian, M|\n|poke|p1|Alomomola, M|\n|poke|p2|Milotic, F|\n|poke|p2|Weezing-Galar, M|\n|poke|p2|Skeledirge, F|\n|poke|p2|Mandibuzz, F|\n|poke|p2|Dragapult, M|\n|poke|p2|Landorus-Therian, M|\n|teampreview\n|\n|t:|1699832764\n|start\n|switch|p1a: Dondzo|Landorus-Therian, M|100\/100\n|switch|p2a: Weezing|Weezing-Galar, M|100\/100\n|-ability|p2a: Weezing|Neutralizing Gas\n|turn|1\n|\n|t:|1699832771\n|move|p1a: Dondzo|Stealth Rock|p2a: Weezing\n|-sidestart|p2: Paquetty|move: Stealth Rock\n|move|p2a: Weezing|Will-O-Wisp|p1a: Dondzo\n|-status|p1a: Dondzo|brn\n|\n|-damage|p1a: Dondzo|94\/100 brn|[from] brn\n|upkeep\n|turn|2\n|\n|t:|1699832778\n|move|p1a: Dondzo|U-turn|p2a: Weezing\n|-resisted|p2a: Weezing\n|-damage|p2a: Weezing|99\/100\n|\n|t:|1699832788\n|switch|p1a: Alomomola|Alomomola, M|100\/100|[from] U-turn\n|move|p2a: Weezing|Defog|p1a: Alomomola\n|-unboost|p1a: Alomomola|evasion|1\n|-sideend|p2: Paquetty|Stealth Rock|[from] move: Defog|[of] p2a: Weezing\n|\n|-heal|p2a: Weezing|100\/100|[from] item: Leftovers\n|upkeep\n|turn|3\n|\n|t:|1699832799\n|-end|p2a: Weezing|ability: Neutralizing Gas\n|switch|p2a: Mandibuzz|Mandibuzz, F|100\/100\n|move|p1a: Alomomola|Whirlpool|p2a: Mandibuzz\n|-damage|p2a: Mandibuzz|96\/100\n|-activate|p2a: Mandibuzz|move: Whirlpool|[of] p1a: Alomomola\n|\n|-damage|p2a: Mandibuzz|83\/100|[from] move: Whirlpool|[partiallytrapped]\n|upkeep\n|turn|4\n|\n|t:|1699832814\n|move|p1a: Alomomola|Protect|p1a: Alomomola\n|-singleturn|p1a: Alomomola|Protect\n|move|p2a: Mandibuzz|Toxic|p1a: Alomomola\n|-activate|p1a: Alomomola|move: Protect\n|\n|-damage|p2a: Mandibuzz|71\/100|[from] move: Whirlpool|[partiallytrapped]\n|upkeep\n|turn|5\n|\n|t:|1699832819\n|switch|p1a: Dondzo|Landorus-Therian, M|94\/100 brn\n|-ability|p1a: Dondzo|Intimidate|boost\n|-unboost|p2a: Mandibuzz|atk|1\n|move|p2a: Mandibuzz|Roost|p2a: Mandibuzz\n|-heal|p2a: Mandibuzz|100\/100\n|-singleturn|p2a: Mandibuzz|move: Roost\n|\n|-damage|p1a: Dondzo|88\/100 brn|[from] brn\n|-end|p2a: Mandibuzz|Whirlpool|[partiallytrapped]|[silent]\n|upkeep\n|turn|6\n|\n|t:|1699832829\n|move|p1a: Dondzo|Stealth Rock|p2a: Mandibuzz\n|-sidestart|p2: Paquetty|move: Stealth Rock\n|move|p2a: Mandibuzz|Iron Defense|p2a: Mandibuzz\n|-boost|p2a: Mandibuzz|def|2\n|\n|-damage|p1a: Dondzo|82\/100 brn|[from] brn\n|upkeep\n|turn|7\n|\n|t:|1699832836\n|move|p1a: Dondzo|U-turn|p2a: Mandibuzz\n|-damage|p2a: Mandibuzz|97\/100\n|inactive|Battle timer is ON: inactive players will automatically lose when time's up. (requested by Paquetty)\n|\n|t:|1699832847\n|switch|p1a: Hatteren|Walking Wake|100\/100|[from] U-turn\n|move|p2a: Mandibuzz|Iron Defense|p2a: Mandibuzz\n|-boost|p2a: Mandibuzz|def|2\n|\n|upkeep\n|turn|8\n|\n|t:|1699832868\n|switch|p2a: Dragapult|Dragapult, M|100\/100\n|-damage|p2a: Dragapult|88\/100|[from] Stealth Rock\n|move|p1a: Hatteren|Hydro Steam|p2a: Dragapult\n|-resisted|p2a: Dragapult\n|-crit|p2a: Dragapult\n|-damage|p2a: Dragapult|30\/100\n|\n|upkeep\n|turn|9\n|\n|t:|1699832882\n|-end|p1a: Hatteren|Protosynthesis|[silent]\n|switch|p1a: Alomomola|Alomomola, M|100\/100\n|move|p2a: Dragapult|Draco Meteor|p1a: Alomomola\n|-damage|p1a: Alomomola|4\/100\n|-unboost|p2a: Dragapult|spa|2\n|\n|-heal|p1a: Alomomola|10\/100|[from] item: Leftovers\n|upkeep\n|turn|10\n|\n|t:|1699832896\n|switch|p1a: Drkrai|Ogerpon-Wellspring, F|100\/100\n|move|p2a: Dragapult|Draco Meteor|p1a: Drkrai\n|-damage|p1a: Drkrai|49\/100\n|-unboost|p2a: Dragapult|spa|2\n|\n|upkeep\n|turn|11\n|\n|t:|1699832906\n|switch|p2a: Landorus|Landorus-Therian, M|100\/100\n|-damage|p2a: Landorus|88\/100|[from] Stealth Rock\n|-ability|p2a: Landorus|Intimidate|boost\n|-unboost|p1a: Drkrai|atk|1\n|move|p1a: Drkrai|Horn Leech|p2a: Landorus\n|-damage|p2a: Landorus|62\/100\n|-heal|p1a: Drkrai|65\/100|[from] drain|[of] p2a: Landorus\n|\n|-heal|p2a: Landorus|68\/100|[from] item: Leftovers\n|upkeep\n|turn|12\n|\n|t:|1699832919\n|switch|p2a: Weezing|Weezing-Galar, M|100\/100\n|-ability|p2a: Weezing|Neutralizing Gas\n|-damage|p2a: Weezing|88\/100|[from] Stealth Rock\n|move|p1a: Drkrai|Ivy Cudgel|p2a: Weezing\n|-damage|p2a: Weezing|63\/100\n|\n|-heal|p2a: Weezing|69\/100|[from] item: Leftovers\n|upkeep\n|turn|13\n|\n|t:|1699832930\n|move|p1a: Drkrai|U-turn|p2a: Weezing\n|-resisted|p2a: Weezing\n|-damage|p2a: Weezing|66\/100\n|\n|t:|1699832937\n|switch|p1a: Dondzo|Landorus-Therian, M|82\/100 brn|[from] U-turn\n|move|p2a: Weezing|Will-O-Wisp|p1a: Dondzo\n|-fail|p1a: Dondzo|brn\n|\n|-heal|p2a: Weezing|72\/100|[from] item: Leftovers\n|-damage|p1a: Dondzo|76\/100 brn|[from] brn\n|upkeep\n|turn|14\n|inactive|dnjcpienwrcipne has 120 seconds left.\n|\n|t:|1699832968\n|-end|p2a: Weezing|ability: Neutralizing Gas\n|-ability|p1a: Dondzo|Intimidate|boost\n|-unboost|p2a: Weezing|atk|1\n|switch|p2a: Mandibuzz|Mandibuzz, F|97\/100\n|move|p1a: Dondzo|Earthquake|p2a: Mandibuzz\n|-immune|p2a: Mandibuzz\n|\n|-damage|p1a: Dondzo|70\/100 brn|[from] brn\n|upkeep\n|turn|15\n|inactive|dnjcpienwrcipne has 120 seconds left.\n|\n|t:|1699832981\n|switch|p1a: Alomomola|Alomomola, M|43\/100\n|move|p2a: Mandibuzz|Iron Defense|p2a: Mandibuzz\n|-boost|p2a: Mandibuzz|def|2\n|\n|-heal|p1a: Alomomola|50\/100|[from] item: Leftovers\n|upkeep\n|turn|16\n|\n|t:|1699832989\n|switch|p1a: Dondzo|Landorus-Therian, M|70\/100 brn\n|-ability|p1a: Dondzo|Intimidate|boost\n|-unboost|p2a: Mandibuzz|atk|1\n|move|p2a: Mandibuzz|Foul Play|p1a: Dondzo\n|-damage|p1a: Dondzo|38\/100 brn\n|-damage|p2a: Mandibuzz|80\/100|[from] item: Rocky Helmet|[of] p1a: Dondzo\n|\n|-damage|p1a: Dondzo|32\/100 brn|[from] brn\n|upkeep\n|turn|17\n|\n|t:|1699832999\n|move|p1a: Dondzo|U-turn|p2a: Mandibuzz\n|-damage|p2a: Mandibuzz|77\/100\n|\n|t:|1699833002\n|switch|p1a: Alomomola|Alomomola, M|83\/100|[from] U-turn\n|move|p2a: Mandibuzz|Foul Play|p1a: Alomomola\n|-damage|p1a: Alomomola|71\/100\n|\n|-heal|p1a: Alomomola|77\/100|[from] item: Leftovers\n|upkeep\n|turn|18\n|\n|t:|1699833009\n|move|p2a: Mandibuzz|Toxic|p1a: Alomomola\n|-status|p1a: Alomomola|tox\n|move|p1a: Alomomola|Scald|p2a: Mandibuzz\n|-damage|p2a: Mandibuzz|66\/100\n|\n|-heal|p1a: Alomomola|83\/100 tox|[from] item: Leftovers\n|-damage|p1a: Alomomola|77\/100 tox|[from] psn\n|upkeep\n|turn|19\n|\n|t:|1699833017\n|move|p2a: Mandibuzz|Roost|p2a: Mandibuzz\n|-heal|p2a: Mandibuzz|100\/100\n|-singleturn|p2a: Mandibuzz|move: Roost\n|move|p1a: Alomomola|Wish|p1a: Alomomola\n|\n|-heal|p1a: Alomomola|83\/100 tox|[from] item: Leftovers\n|-damage|p1a: Alomomola|71\/100 tox|[from] psn\n|upkeep\n|turn|20\n|\n|t:|1699833029\n|switch|p2a: Weezing|Weezing-Galar, M|72\/100\n|-ability|p2a: Weezing|Neutralizing Gas\n|-damage|p2a: Weezing|59\/100|[from] Stealth Rock\n|move|p1a: Alomomola|Scald|p2a: Weezing\n|-damage|p2a: Weezing|40\/100\n|-status|p2a: Weezing|brn\n|\n|-heal|p1a: Alomomola|100\/100 tox|[from] move: Wish|[wisher] Alomomola\n|-heal|p2a: Weezing|46\/100 brn|[from] item: Leftovers\n|-damage|p1a: Alomomola|82\/100 tox|[from] psn\n|-damage|p2a: Weezing|40\/100 brn|[from] brn\n|upkeep\n|turn|21\n|\n|t:|1699833048\n|move|p2a: Weezing|Pain Split|p1a: Alomomola\n|-sethp|p1a: Alomomola|53\/100 tox|[from] move: Pain Split|[silent]\n|-sethp|p2a: Weezing|85\/100 brn|[from] move: Pain Split\n|move|p1a: Alomomola|Wish|p1a: Alomomola\n|\n|-heal|p2a: Weezing|91\/100 brn|[from] item: Leftovers\n|-heal|p1a: Alomomola|60\/100 tox|[from] item: Leftovers\n|-damage|p1a: Alomomola|35\/100 tox|[from] psn\n|-damage|p2a: Weezing|85\/100 brn|[from] brn\n|upkeep\n|turn|22\n|\n|t:|1699833056\n|switch|p1a: Dondzo|Landorus-Therian, M|32\/100 brn\n|move|p2a: Weezing|Defog|p1a: Dondzo\n|-unboost|p1a: Dondzo|evasion|1\n|-sideend|p2: Paquetty|Stealth Rock|[from] move: Defog|[of] p2a: Weezing\n|\n|-heal|p1a: Dondzo|100\/100 brn|[from] move: Wish|[wisher] Alomomola\n|-heal|p2a: Weezing|91\/100 brn|[from] item: Leftovers\n|-damage|p1a: Dondzo|94\/100 brn|[from] brn\n|-damage|p2a: Weezing|85\/100 brn|[from] brn\n|upkeep\n|turn|23\n|\n|t:|1699833073\n|-end|p2a: Weezing|ability: Neutralizing Gas\n|-ability|p1a: Dondzo|Intimidate|boost\n|-unboost|p2a: Weezing|atk|1\n|switch|p2a: Landorus|Landorus-Therian, M|68\/100\n|-ability|p2a: Landorus|Intimidate|boost\n|-unboost|p1a: Dondzo|atk|1\n|move|p1a: Dondzo|Stealth Rock|p2a: Landorus\n|-sidestart|p2: Paquetty|move: Stealth Rock\n|\n|-heal|p2a: Landorus|74\/100|[from] item: Leftovers\n|-damage|p1a: Dondzo|88\/100 brn|[from] brn\n|upkeep\n|turn|24\n|\n|t:|1699833085\n|move|p2a: Landorus|Stealth Rock|p1a: Dondzo\n|-sidestart|p1: dnjcpienwrcipne|move: Stealth Rock\n|move|p1a: Dondzo|U-turn|p2a: Landorus\n|-resisted|p2a: Landorus\n|-damage|p2a: Landorus|70\/100\n|\n|t:|1699833103\n|switch|p1a: Drkrai|Ogerpon-Wellspring, F|65\/100|[from] U-turn\n|-damage|p1a: Drkrai|53\/100|[from] Stealth Rock\n|\n|-heal|p2a: Landorus|76\/100|[from] item: Leftovers\n|upkeep\n|turn|25\n|\n|t:|1699833114\n|move|p1a: Drkrai|Ivy Cudgel|p2a: Landorus\n|-supereffective|p2a: Landorus\n|-damage|p2a: Landorus|0 fnt\n|faint|p2a: Landorus\n|\n|upkeep\n|\n|t:|1699833122\n|switch|p2a: Weezing|Weezing-Galar, M|85\/100 brn\n|-ability|p2a: Weezing|Neutralizing Gas\n|-damage|p2a: Weezing|73\/100 brn|[from] Stealth Rock\n|turn|26\n|\n|t:|1699833139\n|switch|p1a: Alomomola|Alomomola, M|35\/100 tox\n|-damage|p1a: Alomomola|23\/100 tox|[from] Stealth Rock\n|move|p2a: Weezing|Defog|p1a: Alomomola\n|-unboost|p1a: Alomomola|evasion|1\n|-sideend|p1: dnjcpienwrcipne|Stealth Rock|[from] move: Defog|[of] p2a: Weezing\n|-sideend|p2: Paquetty|Stealth Rock|[from] move: Defog|[of] p2a: Weezing\n|\n|-heal|p2a: Weezing|79\/100 brn|[from] item: Leftovers\n|-heal|p1a: Alomomola|29\/100 tox|[from] item: Leftovers\n|-damage|p1a: Alomomola|23\/100 tox|[from] psn\n|-damage|p2a: Weezing|73\/100 brn|[from] brn\n|upkeep\n|turn|27\n|\n|t:|1699833151\n|move|p2a: Weezing|Sludge Bomb|p1a: Alomomola\n|-damage|p1a: Alomomola|0 fnt\n|faint|p1a: Alomomola\n|\n|-heal|p2a: Weezing|79\/100 brn|[from] item: Leftovers\n|-damage|p2a: Weezing|73\/100 brn|[from] brn\n|upkeep\n|c|\u2606dnjcpienwrcipne|oh\n|\n|t:|1699833172\n|switch|p1a: Robimbe|Gholdengo|100\/100\n|turn|28\n|\n|t:|1699833182\n|move|p1a: Robimbe|Trick|p2a: Weezing\n|-activate|p1a: Robimbe|move: Trick|[of] p2a: Weezing\n|-item|p2a: Weezing|Choice Scarf|[from] move: Trick\n|-item|p1a: Robimbe|Leftovers|[from] move: Trick\n|move|p2a: Weezing|Will-O-Wisp|p1a: Robimbe\n|-status|p1a: Robimbe|brn\n|\n|-damage|p1a: Robimbe|94\/100 brn|[from] brn\n|-damage|p2a: Weezing|67\/100 brn|[from] brn\n|upkeep\n|turn|29\n|\n|t:|1699833193\n|-end|p2a: Weezing|ability: Neutralizing Gas\n|switch|p2a: Mandibuzz|Mandibuzz, F|100\/100\n|move|p1a: Robimbe|Make It Rain|p2a: Mandibuzz\n|-damage|p2a: Mandibuzz|45\/100\n|-unboost|p1a: Robimbe|spa|1\n|\n|-heal|p1a: Robimbe|100\/100 brn|[from] item: Leftovers\n|-damage|p1a: Robimbe|94\/100 brn|[from] brn\n|upkeep\n|turn|30\n|\n|t:|1699833212\n|switch|p1a: Hatteren|Walking Wake|100\/100\n|move|p2a: Mandibuzz|Roost|p2a: Mandibuzz\n|-heal|p2a: Mandibuzz|95\/100\n|-singleturn|p2a: Mandibuzz|move: Roost\n|\n|upkeep\n|turn|31\n|\n|t:|1699833220\n|move|p1a: Hatteren|Draco Meteor|p2a: Mandibuzz\n|-damage|p2a: Mandibuzz|13\/100\n|-unboost|p1a: Hatteren|spa|2\n|move|p2a: Mandibuzz|Toxic|p1a: Hatteren\n|-status|p1a: Hatteren|tox\n|\n|-damage|p1a: Hatteren|94\/100 tox|[from] psn\n|upkeep\n|turn|32\n|\n|t:|1699833230\n|switch|p2a: Milotic|Milotic, F, shiny|100\/100\n|move|p1a: Hatteren|Draco Meteor|p2a: Milotic\n|-damage|p2a: Milotic|73\/100\n|-unboost|p1a: Hatteren|spa|2\n|\n|-damage|p1a: Hatteren|82\/100 tox|[from] psn\n|upkeep\n|turn|33\n|\n|t:|1699833245\n|-end|p1a: Hatteren|Protosynthesis|[silent]\n|switch|p1a: Drkrai|Ogerpon-Wellspring, F|53\/100\n|switch|p2a: Skeledirge|Skeledirge, F|100\/100\n|\n|upkeep\n|turn|34\n|\n|t:|1699833261\n|-terastallize|p2a: Skeledirge|Water\n|move|p1a: Drkrai|Ivy Cudgel|p2a: Skeledirge\n|-resisted|p2a: Skeledirge\n|-crit|p2a: Skeledirge\n|-damage|p2a: Skeledirge|62\/100\n|move|p2a: Skeledirge|Will-O-Wisp|p1a: Drkrai\n|-status|p1a: Drkrai|brn\n|\n|-damage|p1a: Drkrai|47\/100 brn|[from] brn\n|upkeep\n|turn|35\n|\n|t:|1699833274\n|move|p1a: Drkrai|Horn Leech|p2a: Skeledirge\n|-supereffective|p2a: Skeledirge\n|-damage|p2a: Skeledirge|24\/100\n|-heal|p1a: Drkrai|72\/100 brn|[from] drain|[of] p2a: Skeledirge\n|move|p2a: Skeledirge|Torch Song|p1a: Drkrai\n|-damage|p1a: Drkrai|39\/100 brn\n|-boost|p2a: Skeledirge|spa|1\n|\n|-damage|p1a: Drkrai|33\/100 brn|[from] brn\n|upkeep\n|turn|36\n|\n|t:|1699833290\n|switch|p2a: Weezing|Weezing-Galar, M|67\/100 brn\n|-ability|p2a: Weezing|Neutralizing Gas\n|move|p1a: Drkrai|Horn Leech|p2a: Weezing\n|-resisted|p2a: Weezing\n|-damage|p2a: Weezing|60\/100 brn\n|-heal|p1a: Drkrai|37\/100 brn|[from] drain|[of] p2a: Weezing\n|\n|-damage|p1a: Drkrai|31\/100 brn|[from] brn\n|-damage|p2a: Weezing|54\/100 brn|[from] brn\n|upkeep\n|turn|37\n|\n|t:|1699833301\n|switch|p1a: Robimbe|Gholdengo|94\/100 brn\n|move|p2a: Weezing|Sludge Bomb|p1a: Robimbe\n|-immune|p1a: Robimbe\n|\n|-heal|p1a: Robimbe|100\/100 brn|[from] item: Leftovers\n|-damage|p1a: Robimbe|94\/100 brn|[from] brn\n|-damage|p2a: Weezing|48\/100 brn|[from] brn\n|upkeep\n|turn|38\n|\n|t:|1699833310\n|move|p1a: Robimbe|Shadow Ball|p2a: Weezing\n|-damage|p2a: Weezing|0 fnt\n|faint|p2a: Weezing\n|-end|p2a: Weezing|ability: Neutralizing Gas\n|\n|-heal|p1a: Robimbe|100\/100 brn|[from] item: Leftovers\n|-damage|p1a: Robimbe|94\/100 brn|[from] brn\n|upkeep\n|\n|t:|1699833319\n|switch|p2a: Dragapult|Dragapult, M|30\/100\n|turn|39\n|\n|t:|1699833342\n|-terastallize|p1a: Robimbe|Fighting\n|move|p2a: Dragapult|Shadow Ball|p1a: Robimbe\n|-damage|p1a: Robimbe|36\/100 brn\n|move|p1a: Robimbe|Shadow Ball|p2a: Dragapult\n|-supereffective|p2a: Dragapult\n|-damage|p2a: Dragapult|0 fnt\n|faint|p2a: Dragapult\n|\n|-heal|p1a: Robimbe|42\/100 brn|[from] item: Leftovers\n|-damage|p1a: Robimbe|36\/100 brn|[from] brn\n|upkeep\n|\n|t:|1699833345\n|switch|p2a: Milotic|Milotic, F, shiny|73\/100\n|turn|40\n|\n|t:|1699833354\n|switch|p2a: Mandibuzz|Mandibuzz, F|13\/100\n|move|p1a: Robimbe|Shadow Ball|p2a: Mandibuzz\n|-resisted|p2a: Mandibuzz\n|-damage|p2a: Mandibuzz|0 fnt\n|faint|p2a: Mandibuzz\n|\n|-heal|p1a: Robimbe|42\/100 brn|[from] item: Leftovers\n|-damage|p1a: Robimbe|36\/100 brn|[from] brn\n|upkeep\n|\n|t:|1699833358\n|switch|p2a: Milotic|Milotic, F, shiny|73\/100\n|turn|41\n|\n|t:|1699833361\n|move|p1a: Robimbe|Shadow Ball|p2a: Milotic\n|-damage|p2a: Milotic|48\/100\n|move|p2a: Milotic|Recover|p2a: Milotic\n|-heal|p2a: Milotic|98\/100\n|\n|-heal|p1a: Robimbe|42\/100 brn|[from] item: Leftovers\n|-damage|p1a: Robimbe|36\/100 brn|[from] brn\n|upkeep\n|turn|42\n|\n|t:|1699833378\n|move|p1a: Robimbe|Shadow Ball|p2a: Milotic\n|-damage|p2a: Milotic|71\/100\n|move|p2a: Milotic|Scald|p1a: Robimbe\n|-damage|p1a: Robimbe|6\/100 brn\n|\n|-heal|p1a: Robimbe|12\/100 brn|[from] item: Leftovers\n|-damage|p1a: Robimbe|6\/100 brn|[from] brn\n|upkeep\n|turn|43\n|\n|t:|1699833390\n|move|p1a: Robimbe|Shadow Ball|p2a: Milotic\n|-damage|p2a: Milotic|45\/100\n|move|p2a: Milotic|Recover|p2a: Milotic\n|-heal|p2a: Milotic|95\/100\n|\n|-heal|p1a: Robimbe|12\/100 brn|[from] item: Leftovers\n|-damage|p1a: Robimbe|6\/100 brn|[from] brn\n|upkeep\n|turn|44\n|\n|t:|1699833398\n|move|p1a: Robimbe|Focus Blast|p2a: Milotic\n|-damage|p2a: Milotic|57\/100\n|-unboost|p2a: Milotic|spd|1\n|move|p2a: Milotic|Scald|p1a: Robimbe\n|-crit|p1a: Robimbe\n|-damage|p1a: Robimbe|0 fnt\n|faint|p1a: Robimbe\n|\n|upkeep\n|\n|t:|1699833404\n|switch|p1a: Dondzo|Landorus-Therian, M|88\/100 brn\n|-ability|p1a: Dondzo|Intimidate|boost\n|-unboost|p2a: Milotic|atk|1\n|turn|45\n|\n|t:|1699833411\n|move|p1a: Dondzo|Grass Knot|p2a: Milotic\n|-supereffective|p2a: Milotic\n|-damage|p2a: Milotic|20\/100\n|move|p2a: Milotic|Scald|p1a: Dondzo\n|-supereffective|p1a: Dondzo\n|-damage|p1a: Dondzo|29\/100 brn\n|\n|-damage|p1a: Dondzo|23\/100 brn|[from] brn\n|upkeep\n|turn|46\n|\n|t:|1699833419\n|switch|p2a: Skeledirge|Skeledirge, F, tera:Water|24\/100\n|move|p1a: Dondzo|Grass Knot|p2a: Skeledirge\n|-supereffective|p2a: Skeledirge\n|-damage|p2a: Skeledirge|0 fnt\n|faint|p2a: Skeledirge\n|\n|-damage|p1a: Dondzo|17\/100 brn|[from] brn\n|upkeep\n|\n|t:|1699833425\n|switch|p2a: Milotic|Milotic, F, shiny|20\/100\n|turn|47\n|\n|t:|1699833430\n|move|p1a: Dondzo|Grass Knot|p2a: Milotic\n|-supereffective|p2a: Milotic\n|-damage|p2a: Milotic|0 fnt\n|faint|p2a: Milotic\n|\n|win|dnjcpienwrcipne\n|raw|dnjcpienwrcipne's rating: 1103 &rarr; <strong>1127<\/strong><br \/>(+24 for winning)\n|raw|Paquetty's rating: 1095 &rarr; <strong>1071<\/strong><br \/>(-24 for losing)\n|l|\u2606Paquetty\n|c|\u2606dnjcpienwrcipne|gg\n","uploadtime":1699833450,"views":24,"p1id":"dnjcpienwrcipne","p2id":"paquetty","formatid":"gen9ou","rating":1071,"private":0,"password":""}