{"id":"gen9ou-1994848744","p1":"Katsu6624","p2":"menpiii","format":"[Gen 9] OU","log":"|j|\u2606Katsu6624\n|j|\u2606menpiii\n|t:|1700498371\n|gametype|singles\n|player|p1|Katsu6624|cynthia-gen4|1111\n|player|p2|menpiii|170|1113\n|teamsize|p1|6\n|teamsize|p2|6\n|gen|9\n|tier|[Gen 9] OU\n|rated|\n|rule|Sleep Clause Mod: Limit one foe put to sleep\n|rule|Species Clause: Limit one of each Pok\u00e9mon\n|rule|OHKO Clause: OHKO moves are banned\n|rule|Evasion Items Clause: Evasion items are banned\n|rule|Evasion Moves Clause: Evasion moves are banned\n|rule|Endless Battle Clause: Forcing endless battles is banned\n|rule|HP Percentage Mod: HP is shown in percentages\n|clearpoke\n|poke|p1|Garchomp, M|\n|poke|p1|Spiritomb, M|\n|poke|p1|Milotic, F|\n|poke|p1|Braviary-Hisui, M|\n|poke|p1|Lucario, M|\n|poke|p1|Glaceon, F|\n|poke|p2|Gholdengo|\n|poke|p2|Garchomp, M|\n|poke|p2|Great Tusk|\n|poke|p2|Thundurus, M|\n|poke|p2|Dragonite, F|\n|poke|p2|Rotom-Wash|\n|teampreview\n|inactive|Battle timer is ON: inactive players will automatically lose when time's up. (requested by Katsu6624)\n|\n|t:|1700498387\n|start\n|switch|p1a: Poubelle|Glaceon, F, shiny|100\/100\n|switch|p2a: Rotom|Rotom-Wash|100\/100\n|turn|1\n|\n|t:|1700498393\n|move|p2a: Rotom|Volt Switch|p1a: Poubelle\n|-damage|p1a: Poubelle|62\/100\n|\n|t:|1700498410\n|switch|p2a: Dragonite|Dragonite, F, shiny|100\/100|[from] Volt Switch\n|move|p1a: Poubelle|Freeze-Dry|p2a: Dragonite\n|-supereffective|p2a: Dragonite\n|-damage|p2a: Dragonite|10\/100\n|\n|-heal|p2a: Dragonite|17\/100|[from] item: Leftovers\n|upkeep\n|turn|2\n|\n|t:|1700498439\n|move|p1a: Poubelle|Freeze-Dry|p2a: Dragonite\n|-supereffective|p2a: Dragonite\n|-damage|p2a: Dragonite|0 fnt\n|faint|p2a: Dragonite\n|\n|upkeep\n|\n|t:|1700498443\n|switch|p2a: Rotom|Rotom-Wash|100\/100\n|turn|3\n|\n|t:|1700498448\n|switch|p1a: ZEHAHAHAHAHAHA|Garchomp, M|100\/100\n|-terastallize|p2a: Rotom|Fire\n|move|p2a: Rotom|Tera Blast|p1a: ZEHAHAHAHAHAHA|[anim] Tera Blast Fire\n|-resisted|p1a: ZEHAHAHAHAHAHA\n|-damage|p1a: ZEHAHAHAHAHAHA|77\/100\n|\n|upkeep\n|turn|4\n|\n|t:|1700498459\n|move|p1a: ZEHAHAHAHAHAHA|Scale Shot|p2a: Rotom\n|-damage|p2a: Rotom|82\/100\n|-damage|p2a: Rotom|64\/100\n|-damage|p2a: Rotom|46\/100\n|-damage|p2a: Rotom|28\/100\n|-hitcount|p2a: Rotom|4\n|-unboost|p1a: ZEHAHAHAHAHAHA|def|1\n|-boost|p1a: ZEHAHAHAHAHAHA|spe|1\n|-damage|p1a: ZEHAHAHAHAHAHA|67\/100|[from] item: Life Orb\n|move|p2a: Rotom|Hydro Pump|p1a: ZEHAHAHAHAHAHA|[miss]\n|-miss|p2a: Rotom|p1a: ZEHAHAHAHAHAHA\n|\n|upkeep\n|turn|5\n|\n|t:|1700498476\n|switch|p2a: Thundurus|Thundurus, M|100\/100\n|move|p1a: ZEHAHAHAHAHAHA|Scale Shot|p2a: Thundurus\n|-damage|p2a: Thundurus|77\/100\n|-damage|p2a: Thundurus|54\/100\n|-hitcount|p2a: Thundurus|2\n|-unboost|p1a: ZEHAHAHAHAHAHA|def|1\n|-boost|p1a: ZEHAHAHAHAHAHA|spe|1\n|-damage|p1a: ZEHAHAHAHAHAHA|57\/100|[from] item: Life Orb\n|\n|upkeep\n|turn|6\n|\n|t:|1700498489\n|move|p1a: ZEHAHAHAHAHAHA|Fire Blast|p2a: Thundurus\n|-damage|p2a: Thundurus|2\/100\n|-damage|p1a: ZEHAHAHAHAHAHA|48\/100|[from] item: Life Orb\n|move|p2a: Thundurus|Dark Pulse|p1a: ZEHAHAHAHAHAHA\n|-damage|p1a: ZEHAHAHAHAHAHA|13\/100\n|\n|upkeep\n|turn|7\n|\n|t:|1700498497\n|move|p1a: ZEHAHAHAHAHAHA|Scale Shot|p2a: Thundurus\n|-damage|p2a: Thundurus|0 fnt\n|faint|p2a: Thundurus\n|-hitcount|p2: Thundurus|1\n|-unboost|p1a: ZEHAHAHAHAHAHA|def|1\n|-boost|p1a: ZEHAHAHAHAHAHA|spe|1\n|-damage|p1a: ZEHAHAHAHAHAHA|3\/100|[from] item: Life Orb\n|\n|upkeep\n|\n|t:|1700498504\n|switch|p2a: Garchomp|Garchomp, M|100\/100\n|turn|8\n|\n|t:|1700498526\n|switch|p2a: Great Tusk|Great Tusk|100\/100\n|-enditem|p2a: Great Tusk|Booster Energy\n|-activate|p2a: Great Tusk|ability: Protosynthesis|[fromitem]\n|-start|p2a: Great Tusk|protosynthesisspe\n|move|p1a: ZEHAHAHAHAHAHA|Scale Shot|p2a: Great Tusk\n|-damage|p2a: Great Tusk|92\/100\n|-damage|p2a: Great Tusk|83\/100\n|-damage|p2a: Great Tusk|74\/100\n|-damage|p2a: Great Tusk|66\/100\n|-hitcount|p2a: Great Tusk|4\n|-unboost|p1a: ZEHAHAHAHAHAHA|def|1\n|-boost|p1a: ZEHAHAHAHAHAHA|spe|1\n|-damage|p1a: ZEHAHAHAHAHAHA|0 fnt|[from] item: Life Orb\n|faint|p1a: ZEHAHAHAHAHAHA\n|\n|upkeep\n|\n|t:|1700498541\n|switch|p1a: CUI CUI|Braviary-Hisui, M, shiny|100\/100\n|turn|9\n|inactive|menpiii has 120 seconds left.\n|\n|t:|1700498573\n|move|p2a: Great Tusk|Knock Off|p1a: CUI CUI\n|-supereffective|p1a: CUI CUI\n|-damage|p1a: CUI CUI|42\/100\n|-enditem|p1a: CUI CUI|Heavy-Duty Boots|[from] move: Knock Off|[of] p2a: Great Tusk\n|move|p1a: CUI CUI|Esper Wing|p2a: Great Tusk\n|-supereffective|p2a: Great Tusk\n|-damage|p2a: Great Tusk|0 fnt\n|-boost|p1a: CUI CUI|spe|1\n|faint|p2a: Great Tusk\n|-end|p2a: Great Tusk|Protosynthesis|[silent]\n|\n|upkeep\n|inactive|menpiii has 120 seconds left.\n|\n|t:|1700498580\n|switch|p2a: Rotom|Rotom-Wash, tera:Fire|28\/100\n|turn|10\n|\n|t:|1700498583\n|move|p1a: CUI CUI|Esper Wing|p2a: Rotom\n|-damage|p2a: Rotom|0 fnt\n|-boost|p1a: CUI CUI|spe|1\n|faint|p2a: Rotom\n|\n|upkeep\n|inactive|menpiii has 120 seconds left.\n|\n|t:|1700498608\n|switch|p2a: Garchomp|Garchomp, M|100\/100\n|turn|11\n|inactive|menpiii has 120 seconds left.\n|\n|t:|1700498619\n|move|p1a: CUI CUI|Hurricane|p2a: Garchomp\n|-damage|p2a: Garchomp|58\/100\n|move|p2a: Garchomp|Iron Head|p1a: CUI CUI\n|-damage|p1a: CUI CUI|7\/100\n|\n|upkeep\n|turn|12\n|\n|t:|1700498626\n|move|p1a: CUI CUI|Esper Wing|p2a: Garchomp\n|-damage|p2a: Garchomp|25\/100\n|-boost|p1a: CUI CUI|spe|1\n|move|p2a: Garchomp|Iron Head|p1a: CUI CUI\n|-damage|p1a: CUI CUI|0 fnt\n|faint|p1a: CUI CUI\n|\n|upkeep\n|\n|t:|1700498640\n|switch|p1a: AGROU GROU|Lucario, M|100\/100\n|turn|13\n|inactive|menpiii has 120 seconds left.\n|\n|t:|1700498660\n|move|p1a: AGROU GROU|Meteor Mash|p2a: Garchomp|[miss]\n|-miss|p1a: AGROU GROU|p2a: Garchomp\n|move|p2a: Garchomp|Earthquake|p1a: AGROU GROU\n|-supereffective|p1a: AGROU GROU\n|-damage|p1a: AGROU GROU|0 fnt\n|faint|p1a: AGROU GROU\n|\n|upkeep\n|inactive|Katsu6624 has 120 seconds left.\n|\n|t:|1700498692\n|switch|p1a: Je stall|Milotic, F|100\/100\n|turn|14\n|\n|t:|1700498701\n|move|p2a: Garchomp|Outrage|p1a: Je stall\n|-damage|p1a: Je stall|36\/100\n|move|p1a: Je stall|Scald|p2a: Garchomp\n|-damage|p2a: Garchomp|0 fnt\n|faint|p2a: Garchomp\n|\n|upkeep\n|\n|t:|1700498709\n|switch|p2a: Gholdengo|Gholdengo|100\/100\n|-item|p2a: Gholdengo|Air Balloon\n|turn|15\n|\n|t:|1700498712\n|move|p2a: Gholdengo|Thunderbolt|p1a: Je stall\n|-supereffective|p1a: Je stall\n|-damage|p1a: Je stall|0 fnt\n|faint|p1a: Je stall\n|\n|upkeep\n|\n|t:|1700498716\n|switch|p1a: Poubelle|Glaceon, F, shiny|62\/100\n|turn|16\n|\n|t:|1700498727\n|move|p2a: Gholdengo|Nasty Plot|p2a: Gholdengo\n|-boost|p2a: Gholdengo|spa|2\n|move|p1a: Poubelle|Water Pulse|p2a: Gholdengo\n|-damage|p2a: Gholdengo|64\/100\n|-enditem|p2a: Gholdengo|Air Balloon\n|\n|upkeep\n|turn|17\n|\n|t:|1700498734\n|move|p2a: Gholdengo|Make It Rain|p1a: Poubelle\n|-supereffective|p1a: Poubelle\n|-damage|p1a: Poubelle|0 fnt\n|-unboost|p2a: Gholdengo|spa|1\n|faint|p1a: Poubelle\n|\n|upkeep\n|\n|t:|1700498737\n|switch|p1a: Bzuuougururu|Spiritomb, M, shiny|100\/100\n|-ability|p1a: Bzuuougururu|Pressure\n|turn|18\n|\n|t:|1700498749\n|move|p1a: Bzuuougururu|Shadow Sneak|p2a: Gholdengo\n|-supereffective|p2a: Gholdengo\n|-damage|p2a: Gholdengo|23\/100\n|move|p2a: Gholdengo|Make It Rain|p1a: Bzuuougururu\n|-damage|p1a: Bzuuougururu|1\/100\n|-unboost|p2a: Gholdengo|spa|1\n|\n|-heal|p1a: Bzuuougururu|7\/100|[from] item: Leftovers\n|upkeep\n|turn|19\n|c|\u2606Katsu6624|AHAHHA\n|\n|t:|1700498759\n|move|p1a: Bzuuougururu|Shadow Sneak|p2a: Gholdengo\n|-supereffective|p2a: Gholdengo\n|-damage|p2a: Gholdengo|0 fnt\n|faint|p2a: Gholdengo\n|\n|win|Katsu6624\n|raw|Katsu6624's rating: 1111 &rarr; <strong>1138<\/strong><br \/>(+27 for winning)\n|raw|menpiii's rating: 1135 &rarr; <strong>1108<\/strong><br \/>(-27 for losing)\n","uploadtime":1700498764,"views":6,"p1id":"katsu6624","p2id":"menpiii","formatid":"gen9ou","rating":1108,"private":0,"password":""}