{"id":"gen9ou-1995142534","p1":"Ryuki D Miyazaki","p2":"soccersniper","format":"[Gen 9] OU","log":"|j|\u2606Ryuki D Miyazaki\n|j|\u2606soccersniper\n|t:|1700527312\n|gametype|singles\n|player|p1|Ryuki D Miyazaki|saguaro|1381\n|player|p2|soccersniper|2|1405\n|teamsize|p1|6\n|teamsize|p2|6\n|gen|9\n|tier|[Gen 9] OU\n|rated|\n|rule|Sleep Clause Mod: Limit one foe put to sleep\n|rule|Species Clause: Limit one of each Pok\u00e9mon\n|rule|OHKO Clause: OHKO moves are banned\n|rule|Evasion Items Clause: Evasion items are banned\n|rule|Evasion Moves Clause: Evasion moves are banned\n|rule|Endless Battle Clause: Forcing endless battles is banned\n|rule|HP Percentage Mod: HP is shown in percentages\n|clearpoke\n|poke|p1|Poliwrath, M|\n|poke|p1|Pelipper, M|\n|poke|p1|Overqwil, F|\n|poke|p1|Rillaboom, F|\n|poke|p1|Iron Treads|\n|poke|p1|Zapdos|\n|poke|p2|Zapdos|\n|poke|p2|Scizor, F|\n|poke|p2|Dragapult, F|\n|poke|p2|Empoleon, M|\n|poke|p2|Skeledirge, M|\n|poke|p2|Great Tusk|\n|teampreview\n|inactive|Battle timer is ON: inactive players will automatically lose when time's up. (requested by Ryuki D Miyazaki)\n|inactive|soccersniper has 120 seconds left.\n|inactive|soccersniper has 90 seconds left.\n|\n|t:|1700527379\n|start\n|switch|p1a: Pelipper|Pelipper, M|100\/100\n|switch|p2a: Zapdos|Zapdos|100\/100\n|-weather|RainDance|[from] ability: Drizzle|[of] p1a: Pelipper\n|turn|1\n|inactive|soccersniper has 120 seconds left.\n|\n|t:|1700527411\n|switch|p2a: Great Tusk|Great Tusk|100\/100\n|-enditem|p2a: Great Tusk|Booster Energy\n|-activate|p2a: Great Tusk|ability: Protosynthesis|[fromitem]\n|-start|p2a: Great Tusk|protosynthesisspe\n|switch|p1a: Iron Treads|Iron Treads|100\/100\n|-enditem|p1a: Iron Treads|Booster Energy\n|-activate|p1a: Iron Treads|ability: Quark Drive|[fromitem]\n|-start|p1a: Iron Treads|quarkdrivespe\n|\n|-weather|RainDance|[upkeep]\n|upkeep\n|turn|2\n|inactive|soccersniper has 120 seconds left.\n|inactive|Ryuki D Miyazaki has 120 seconds left.\n|\n|t:|1700527442\n|move|p1a: Iron Treads|Stealth Rock|p2a: Great Tusk\n|-sidestart|p2: soccersniper|move: Stealth Rock\n|move|p2a: Great Tusk|Headlong Rush|p1a: Iron Treads\n|-supereffective|p1a: Iron Treads\n|-damage|p1a: Iron Treads|0 fnt\n|-unboost|p2a: Great Tusk|def|1\n|-unboost|p2a: Great Tusk|spd|1\n|faint|p1a: Iron Treads\n|-end|p1a: Iron Treads|Quark Drive|[silent]\n|\n|-weather|RainDance|[upkeep]\n|upkeep\n|inactive|Ryuki D Miyazaki has 120 seconds left.\n|\n|t:|1700527458\n|switch|p1a: Overqwil|Overqwil, F|100\/100\n|turn|3\n|inactive|soccersniper has 120 seconds left.\n|\n|t:|1700527482\n|-end|p2a: Great Tusk|Protosynthesis|[silent]\n|switch|p2a: Zapdos|Zapdos|100\/100\n|move|p1a: Overqwil|Swords Dance|p1a: Overqwil\n|-boost|p1a: Overqwil|atk|2\n|\n|-weather|RainDance|[upkeep]\n|upkeep\n|turn|4\n|inactive|soccersniper has 120 seconds left.\n|\n|t:|1700527495\n|-terastallize|p2a: Zapdos|Water\n|move|p1a: Overqwil|Gunk Shot|p2a: Zapdos|[miss]\n|-miss|p1a: Overqwil|p2a: Zapdos\n|move|p2a: Zapdos|Hurricane|p1a: Overqwil\n|-damage|p1a: Overqwil|32\/100\n|\n|-weather|RainDance|[upkeep]\n|upkeep\n|turn|5\n|inactive|soccersniper has 120 seconds left.\n|\n|t:|1700527512\n|switch|p2a: Empoleon|Empoleon, M|100\/100\n|-damage|p2a: Empoleon|94\/100|[from] Stealth Rock\n|move|p1a: Overqwil|Gunk Shot|p2a: Empoleon\n|-immune|p2a: Empoleon\n|\n|-weather|RainDance|[upkeep]\n|-heal|p2a: Empoleon|100\/100|[from] item: Leftovers\n|upkeep\n|turn|6\n|c|\u2606Ryuki D Miyazaki|great\n|\n|t:|1700527526\n|move|p1a: Overqwil|Crunch|p2a: Empoleon\n|-damage|p2a: Empoleon|0 fnt\n|faint|p2a: Empoleon\n|-damage|p1a: Overqwil|23\/100|[from] item: Life Orb\n|\n|-weather|RainDance|[upkeep]\n|upkeep\n|\n|t:|1700527535\n|switch|p2a: Scizor|Scizor, F|100\/100\n|-damage|p2a: Scizor|88\/100|[from] Stealth Rock\n|turn|7\n|\n|t:|1700527541\n|switch|p1a: Zapdos|Zapdos|100\/100\n|move|p2a: Scizor|Bullet Punch|p1a: Zapdos\n|-resisted|p1a: Zapdos\n|-crit|p1a: Zapdos\n|-damage|p1a: Zapdos|57\/100\n|\n|-weather|RainDance|[upkeep]\n|upkeep\n|turn|8\n|inactive|soccersniper has 120 seconds left.\n|\n|t:|1700527573\n|switch|p2a: Skeledirge|Skeledirge, M|100\/100\n|move|p1a: Zapdos|Hurricane|p2a: Skeledirge\n|-damage|p2a: Skeledirge|60\/100\n|\n|-weather|none\n|upkeep\n|turn|9\n|\n|t:|1700527590\n|switch|p1a: Pelipper|Pelipper, M|100\/100\n|-weather|RainDance|[from] ability: Drizzle|[of] p1a: Pelipper\n|move|p2a: Skeledirge|Shadow Ball|p1a: Pelipper\n|-damage|p1a: Pelipper|71\/100\n|\n|-weather|RainDance|[upkeep]\n|upkeep\n|turn|10\n|inactive|soccersniper has 90 seconds left.\n|\n|t:|1700527612\n|move|p2a: Skeledirge|Slack Off|p2a: Skeledirge\n|-heal|p2a: Skeledirge|100\/100\n|move|p1a: Pelipper|U-turn|p2a: Skeledirge\n|-resisted|p2a: Skeledirge\n|-damage|p2a: Skeledirge|99\/100\n|\n|t:|1700527617\n|switch|p1a: Overqwil|Overqwil, F|23\/100|[from] U-turn\n|\n|-weather|RainDance|[upkeep]\n|upkeep\n|turn|11\n|\n|t:|1700527628\n|move|p1a: Overqwil|Liquidation|p2a: Skeledirge\n|-supereffective|p2a: Skeledirge\n|-damage|p2a: Skeledirge|14\/100\n|-damage|p1a: Overqwil|13\/100|[from] item: Life Orb\n|move|p2a: Skeledirge|Will-O-Wisp|p1a: Overqwil|[miss]\n|-miss|p2a: Skeledirge|p1a: Overqwil\n|\n|-weather|RainDance|[upkeep]\n|upkeep\n|turn|12\n|\n|t:|1700527641\n|switch|p2a: Zapdos|Zapdos, tera:Water|100\/100\n|move|p1a: Overqwil|Liquidation|p2a: Zapdos\n|-resisted|p2a: Zapdos\n|-damage|p2a: Zapdos|78\/100\n|-damage|p1a: Overqwil|3\/100|[from] item: Life Orb\n|\n|-weather|RainDance|[upkeep]\n|upkeep\n|turn|13\n|\n|t:|1700527667\n|switch|p2a: Skeledirge|Skeledirge, M|14\/100\n|move|p1a: Overqwil|Gunk Shot|p2a: Skeledirge\n|-resisted|p2a: Skeledirge\n|-damage|p2a: Skeledirge|0 fnt\n|faint|p2a: Skeledirge\n|-damage|p1a: Overqwil|0 fnt|[from] item: Life Orb\n|faint|p1a: Overqwil\n|\n|-weather|RainDance|[upkeep]\n|upkeep\n|inactive|soccersniper has 90 seconds left.\n|\n|t:|1700527705\n|switch|p1a: Zapdos|Zapdos|57\/100\n|switch|p2a: Zapdos|Zapdos, tera:Water|78\/100\n|turn|14\n|\n|t:|1700527720\n|switch|p2a: Dragapult|Dragapult, F|100\/100\n|-damage|p2a: Dragapult|88\/100|[from] Stealth Rock\n|move|p1a: Zapdos|Roost|p1a: Zapdos\n|-heal|p1a: Zapdos|100\/100\n|-singleturn|p1a: Zapdos|move: Roost\n|\n|-weather|RainDance|[upkeep]\n|upkeep\n|turn|15\n|\n|t:|1700527727\n|move|p2a: Dragapult|Draco Meteor|p1a: Zapdos\n|-damage|p1a: Zapdos|0 fnt\n|-unboost|p2a: Dragapult|spa|2\n|faint|p1a: Zapdos\n|\n|-weather|RainDance|[upkeep]\n|upkeep\n|\n|t:|1700527730\n|switch|p1a: Poliwrath|Poliwrath, M|100\/100\n|turn|16\n|inactive|soccersniper has 60 seconds left.\n|\n|t:|1700527783\n|switch|p1a: Rillaboom|Rillaboom, F|100\/100\n|-fieldstart|move: Grassy Terrain|[from] ability: Grassy Surge|[of] p1a: Rillaboom\n|move|p2a: Dragapult|Draco Meteor|p1a: Rillaboom\n|-damage|p1a: Rillaboom|43\/100\n|-unboost|p2a: Dragapult|spa|2\n|\n|-weather|none\n|-heal|p2a: Dragapult|94\/100|[from] Grassy Terrain\n|-heal|p1a: Rillaboom|49\/100|[from] Grassy Terrain\n|upkeep\n|turn|17\n|\n|t:|1700527807\n|switch|p2a: Great Tusk|Great Tusk|100\/100\n|-damage|p2a: Great Tusk|98\/100|[from] Stealth Rock\n|move|p1a: Rillaboom|U-turn|p2a: Great Tusk\n|-resisted|p2a: Great Tusk\n|-damage|p2a: Great Tusk|86\/100\n|\n|t:|1700527811\n|switch|p1a: Pelipper|Pelipper, M|71\/100|[from] U-turn\n|-weather|RainDance|[from] ability: Drizzle|[of] p1a: Pelipper\n|\n|-weather|RainDance|[upkeep]\n|-heal|p2a: Great Tusk|92\/100|[from] Grassy Terrain\n|upkeep\n|turn|18\n|\n|t:|1700527825\n|-end|p2a: Great Tusk|Protosynthesis|[silent]\n|switch|p2a: Dragapult|Dragapult, F|94\/100\n|-damage|p2a: Dragapult|82\/100|[from] Stealth Rock\n|move|p1a: Pelipper|U-turn|p2a: Dragapult\n|-resisted|p2a: Dragapult\n|-damage|p2a: Dragapult|76\/100\n|\n|t:|1700527837\n|switch|p1a: Rillaboom|Rillaboom, F|49\/100|[from] U-turn\n|\n|-weather|RainDance|[upkeep]\n|-heal|p2a: Dragapult|82\/100|[from] Grassy Terrain\n|-heal|p1a: Rillaboom|55\/100|[from] Grassy Terrain\n|upkeep\n|turn|19\n|inactive|soccersniper has 60 seconds left.\n|inactive|soccersniper has 30 seconds left.\n|\n|t:|1700527879\n|move|p1a: Rillaboom|Grassy Glide|p2a: Dragapult\n|-resisted|p2a: Dragapult\n|-damage|p2a: Dragapult|42\/100\n|move|p2a: Dragapult|Shadow Ball|p1a: Rillaboom\n|-damage|p1a: Rillaboom|0 fnt\n|faint|p1a: Rillaboom\n|\n|-weather|RainDance|[upkeep]\n|-heal|p2a: Dragapult|48\/100|[from] Grassy Terrain\n|upkeep\n|inactive|soccersniper has 30 seconds left this turn.\n|\n|t:|1700527889\n|switch|p1a: Poliwrath|Poliwrath, M|100\/100\n|turn|20\n|\n|t:|1700527912\n|move|p1a: Poliwrath|Liquidation|p2a: Dragapult\n|-resisted|p2a: Dragapult\n|-damage|p2a: Dragapult|10\/100\n|move|p2a: Dragapult|Shadow Ball|p1a: Poliwrath\n|-damage|p1a: Poliwrath|41\/100\n|-enditem|p1a: Poliwrath|Sitrus Berry|[eat]\n|-heal|p1a: Poliwrath|65\/100|[from] item: Sitrus Berry\n|\n|-weather|RainDance|[upkeep]\n|-heal|p1a: Poliwrath|72\/100|[from] Grassy Terrain\n|-heal|p2a: Dragapult|16\/100|[from] Grassy Terrain\n|-fieldend|move: Grassy Terrain\n|upkeep\n|turn|21\n|\n|t:|1700527926\n|move|p1a: Poliwrath|Liquidation|p2a: Dragapult\n|-resisted|p2a: Dragapult\n|-damage|p2a: Dragapult|0 fnt\n|faint|p2a: Dragapult\n|\n|-weather|RainDance|[upkeep]\n|upkeep\n|\n|t:|1700527931\n|switch|p2a: Zapdos|Zapdos, tera:Water|78\/100\n|turn|22\n|\n|t:|1700527943\n|-terastallize|p1a: Poliwrath|Poison\n|move|p1a: Poliwrath|Drain Punch|p2a: Zapdos\n|-damage|p2a: Zapdos|49\/100\n|-heal|p1a: Poliwrath|89\/100|[from] drain|[of] p2a: Zapdos\n|-status|p1a: Poliwrath|par|[from] ability: Static|[of] p2a: Zapdos\n|move|p2a: Zapdos|Volt Switch|p1a: Poliwrath\n|-damage|p1a: Poliwrath|55\/100 par\n|-message|Ryuki D Miyazaki forfeited.\n|\n|win|soccersniper\n|raw|Ryuki D Miyazaki's rating: 1381 &rarr; <strong>1362<\/strong><br \/>(-19 for losing)\n|raw|soccersniper's rating: 1405 &rarr; <strong>1424<\/strong><br \/>(+19 for winning)\n|l|\u2606Ryuki D Miyazaki\n","uploadtime":1700527963,"views":5,"p1id":"ryukidmiyazaki","p2id":"soccersniper","formatid":"gen9ou","rating":1362,"private":0,"password":""}