{"id":"gen9ou-1993475236","p1":"gurkious","p2":"Dabmast3r","format":"[Gen 9] OU","log":"|j|\u2606gurkious\n|j|\u2606Dabmast3r\n|t:|1700322390\n|gametype|singles\n|player|p1|gurkious|swimmer|1014\n|player|p2|Dabmast3r|265|1093\n|teamsize|p1|6\n|teamsize|p2|6\n|gen|9\n|tier|[Gen 9] OU\n|rated|\n|rule|Sleep Clause Mod: Limit one foe put to sleep\n|rule|Species Clause: Limit one of each Pok\u00e9mon\n|rule|OHKO Clause: OHKO moves are banned\n|rule|Evasion Items Clause: Evasion items are banned\n|rule|Evasion Moves Clause: Evasion moves are banned\n|rule|Endless Battle Clause: Forcing endless battles is banned\n|rule|HP Percentage Mod: HP is shown in percentages\n|clearpoke\n|poke|p1|Rabsca, M|\n|poke|p1|Ribombee, F|\n|poke|p1|Kommo-o, M|\n|poke|p1|Maushold-Four|\n|poke|p1|Alomomola, F|\n|poke|p1|Pawmot, F|\n|poke|p2|Ariados, M|\n|poke|p2|Arbok, F|\n|poke|p2|Iron Moth|\n|poke|p2|Toxapex, F|\n|poke|p2|Clodsire, F|\n|poke|p2|Overqwil, M|\n|teampreview\n|inactive|Battle timer is ON: inactive players will automatically lose when time's up. (requested by Dabmast3r)\n|\n|t:|1700322402\n|start\n|switch|p1a: Ribombee|Ribombee, F|100\/100\n|switch|p2a: Ariados|Ariados, M|100\/100\n|turn|1\n|\n|t:|1700322409\n|move|p1a: Ribombee|Sticky Web|p2a: Ariados\n|-sidestart|p2: Dabmast3r|move: Sticky Web\n|move|p2a: Ariados|Toxic Thread|p1a: Ribombee\n|-unboost|p1a: Ribombee|spe|1\n|-status|p1a: Ribombee|psn\n|\n|-damage|p1a: Ribombee|88\/100 psn|[from] psn\n|upkeep\n|turn|2\n|\n|t:|1700322420\n|move|p1a: Ribombee|Psychic|p2a: Ariados\n|-supereffective|p2a: Ariados\n|-damage|p2a: Ariados|37\/100\n|move|p2a: Ariados|Sticky Web|p1a: Ribombee\n|-sidestart|p1: gurkious|move: Sticky Web\n|\n|-damage|p1a: Ribombee|76\/100 psn|[from] psn\n|upkeep\n|turn|3\n|\n|t:|1700322429\n|switch|p2a: Overqwil|Overqwil, M|100\/100\n|-activate|p2a: Overqwil|move: Sticky Web\n|-unboost|p2a: Overqwil|spe|1\n|-ability|p2a: Overqwil|Intimidate|boost\n|-unboost|p1a: Ribombee|atk|1\n|move|p1a: Ribombee|Psychic|p2a: Overqwil\n|-immune|p2a: Overqwil\n|\n|-damage|p1a: Ribombee|64\/100 psn|[from] psn\n|upkeep\n|turn|4\n|inactive|gurkious has 120 seconds left.\n|\n|t:|1700322461\n|switch|p1a: Rabsca|Rabsca, M|100\/100\n|-activate|p1a: Rabsca|move: Sticky Web\n|-unboost|p1a: Rabsca|spe|1\n|move|p2a: Overqwil|Barb Barrage|p1a: Rabsca\n|-damage|p1a: Rabsca|46\/100\n|\n|-heal|p1a: Rabsca|52\/100|[from] item: Leftovers\n|upkeep\n|turn|5\n|inactive|gurkious has 120 seconds left.\n|inactive|Dabmast3r has 120 seconds left.\n|\n|t:|1700322486\n|move|p2a: Overqwil|Barb Barrage|p1a: Rabsca\n|-damage|p1a: Rabsca|4\/100\n|-status|p1a: Rabsca|psn\n|-activate|p1a: Rabsca|ability: Synchronize\n|-immune|p2a: Overqwil\n|move|p1a: Rabsca|Light Screen|p1a: Rabsca\n|-sidestart|p1: gurkious|move: Light Screen\n|\n|-heal|p1a: Rabsca|10\/100 psn|[from] item: Leftovers\n|-damage|p1a: Rabsca|0 fnt|[from] psn\n|faint|p1a: Rabsca\n|upkeep\n|\n|t:|1700322507\n|switch|p1a: Maushold|Maushold-Four|100\/100\n|-activate|p1a: Maushold|move: Sticky Web\n|-unboost|p1a: Maushold|spe|1\n|turn|6\n|inactive|Dabmast3r has 120 seconds left.\n|\n|t:|1700322525\n|move|p1a: Maushold|Thunder Wave|p2a: Overqwil\n|-status|p2a: Overqwil|par\n|cant|p2a: Overqwil|par\n|\n|upkeep\n|turn|7\n|\n|t:|1700322530\n|move|p1a: Maushold|Tidy Up|p1a: Maushold\n|-sideend|p1: gurkious|Sticky Web\n|-sideend|p2: Dabmast3r|Sticky Web\n|-activate|p1a: Maushold|move: Tidy Up\n|-boost|p1a: Maushold|atk|1\n|-boost|p1a: Maushold|spe|1\n|move|p2a: Overqwil|Barb Barrage|p1a: Maushold\n|-damage|p1a: Maushold|36\/100\n|\n|upkeep\n|turn|8\n|inactive|Dabmast3r has 120 seconds left.\n|\n|t:|1700322550\n|switch|p2a: Ariados|Ariados, M|37\/100\n|move|p1a: Maushold|Population Bomb|p2a: Ariados\n|-damage|p2a: Ariados|26\/100\n|-damage|p2a: Ariados|14\/100\n|-damage|p2a: Ariados|2\/100\n|-damage|p2a: Ariados|0 fnt\n|faint|p2a: Ariados\n|-hitcount|p2: Ariados|4\n|\n|upkeep\n|inactive|Dabmast3r has 120 seconds left.\n|\n|t:|1700322561\n|switch|p2a: Toxapex|Toxapex, F|100\/100\n|-item|p2a: Toxapex|Air Balloon\n|turn|9\n|inactive|Dabmast3r has 120 seconds left.\n|\n|t:|1700322571\n|move|p2a: Toxapex|Baneful Bunker|p2a: Toxapex\n|-singleturn|p2a: Toxapex|move: Protect\n|move|p1a: Maushold|Thunder Wave|p2a: Toxapex\n|-activate|p2a: Toxapex|move: Protect\n|\n|-sideend|p1: gurkious|move: Light Screen\n|upkeep\n|turn|10\n|inactive|Dabmast3r has 120 seconds left.\n|\n|t:|1700322582\n|move|p1a: Maushold|Thunder Wave|p2a: Toxapex\n|-status|p2a: Toxapex|par\n|move|p2a: Toxapex|Infestation|p1a: Maushold\n|-damage|p1a: Maushold|33\/100\n|-activate|p1a: Maushold|move: Infestation|[of] p2a: Toxapex\n|\n|-damage|p1a: Maushold|20\/100|[from] move: Infestation|[partiallytrapped]\n|upkeep\n|turn|11\n|inactive|Dabmast3r has 120 seconds left.\n|\n|t:|1700322591\n|cant|p2a: Toxapex|par\n|move|p1a: Maushold|Population Bomb|p2a: Toxapex\n|-damage|p2a: Toxapex|95\/100 par\n|-enditem|p2a: Toxapex|Air Balloon\n|-damage|p2a: Toxapex|90\/100 par\n|-damage|p2a: Toxapex|85\/100 par\n|-damage|p2a: Toxapex|79\/100 par\n|-crit|p2a: Toxapex\n|-damage|p2a: Toxapex|72\/100 par\n|-damage|p2a: Toxapex|67\/100 par\n|-damage|p2a: Toxapex|62\/100 par\n|-damage|p2a: Toxapex|57\/100 par\n|-crit|p2a: Toxapex\n|-damage|p2a: Toxapex|50\/100 par\n|-damage|p2a: Toxapex|45\/100 par\n|-hitcount|p2a: Toxapex|10\n|\n|-damage|p1a: Maushold|8\/100|[from] move: Infestation|[partiallytrapped]\n|upkeep\n|turn|12\n|inactive|Dabmast3r has 120 seconds left.\n|\n|t:|1700322610\n|move|p2a: Toxapex|Baneful Bunker|p2a: Toxapex\n|-singleturn|p2a: Toxapex|move: Protect\n|move|p1a: Maushold|Population Bomb|p2a: Toxapex\n|-activate|p2a: Toxapex|move: Protect\n|-status|p1a: Maushold|psn\n|\n|-damage|p1a: Maushold|0 fnt|[from] psn\n|faint|p1a: Maushold\n|upkeep\n|\n|t:|1700322624\n|switch|p1a: Ribombee|Ribombee, F|64\/100 psn\n|turn|13\n|\n|t:|1700322632\n|switch|p2a: Overqwil|Overqwil, M|100\/100 par\n|-ability|p2a: Overqwil|Intimidate|boost\n|-unboost|p1a: Ribombee|atk|1\n|move|p1a: Ribombee|Psychic|p2a: Overqwil\n|-immune|p2a: Overqwil\n|\n|-damage|p1a: Ribombee|51\/100 psn|[from] psn\n|upkeep\n|turn|14\n|\n|t:|1700322647\n|switch|p1a: Pawmot|Pawmot, F|100\/100\n|cant|p2a: Overqwil|par\n|\n|upkeep\n|turn|15\n|\n|t:|1700322656\n|move|p1a: Pawmot|Revival Blessing|p1a: Pawmot\n|\n|t:|1700322660\n|-heal|p1: Rabsca|50\/100|[from] move: Revival Blessing\n|move|p2a: Overqwil|Barb Barrage|p1a: Pawmot\n|-damage|p1a: Pawmot|18\/100\n|\n|-heal|p1a: Pawmot|24\/100|[from] item: Leftovers\n|upkeep\n|turn|16\n|\n|t:|1700322669\n|move|p1a: Pawmot|Volt Switch|p2a: Overqwil\n|-damage|p2a: Overqwil|79\/100 par\n|\n|t:|1700322675\n|switch|p1a: Kommo-o|Kommo-o, M|100\/100|[from] Volt Switch\n|cant|p2a: Overqwil|par\n|\n|upkeep\n|turn|17\n|\n|t:|1700322686\n|switch|p2a: Clodsire|Clodsire, F|100\/100\n|-terastallize|p1a: Kommo-o|Normal\n|move|p1a: Kommo-o|Clangorous Soul|p1a: Kommo-o\n|-boost|p1a: Kommo-o|atk|1\n|-boost|p1a: Kommo-o|def|1\n|-boost|p1a: Kommo-o|spa|1\n|-boost|p1a: Kommo-o|spd|1\n|-boost|p1a: Kommo-o|spe|1\n|-damage|p1a: Kommo-o|68\/100\n|-enditem|p1a: Kommo-o|Throat Spray\n|-boost|p1a: Kommo-o|spa|1|[from] item: Throat Spray\n|\n|upkeep\n|turn|18\n|\n|t:|1700322701\n|move|p1a: Kommo-o|Boomburst|p2a: Clodsire\n|-damage|p2a: Clodsire|60\/100\n|move|p2a: Clodsire|Yawn|p1a: Kommo-o\n|-start|p1a: Kommo-o|move: Yawn|[of] p2a: Clodsire\n|\n|-heal|p2a: Clodsire|66\/100|[from] item: Leftovers\n|upkeep\n|turn|19\n|\n|t:|1700322712\n|move|p2a: Clodsire|Protect|p2a: Clodsire\n|-singleturn|p2a: Clodsire|Protect\n|move|p1a: Kommo-o|Boomburst|p2a: Clodsire\n|-activate|p2a: Clodsire|move: Protect\n|\n|-heal|p2a: Clodsire|72\/100|[from] item: Leftovers\n|-end|p1a: Kommo-o|move: Yawn|[silent]\n|-status|p1a: Kommo-o|slp\n|upkeep\n|turn|20\n|inactive|gurkious has 120 seconds left.\n|\n|t:|1700322755\n|switch|p2a: Iron Moth|Iron Moth|100\/100\n|cant|p1a: Kommo-o|slp\n|\n|upkeep\n|turn|21\n|inactive|gurkious has 120 seconds left.\n|\n|t:|1700322766\n|-terastallize|p2a: Iron Moth|Fire\n|-curestatus|p1a: Kommo-o|slp|[msg]\n|move|p1a: Kommo-o|Drain Punch|p2a: Iron Moth\n|-damage|p2a: Iron Moth|28\/100\n|-heal|p1a: Kommo-o|100\/100|[from] drain|[of] p2a: Iron Moth\n|move|p2a: Iron Moth|Overheat|p1a: Kommo-o\n|-damage|p1a: Kommo-o|0 fnt\n|-unboost|p2a: Iron Moth|spa|2\n|faint|p1a: Kommo-o\n|\n|upkeep\n|c|\u2606Dabmast3r|I went all in\n|\n|t:|1700322783\n|switch|p1a: Rabsca|Rabsca, M|50\/100\n|turn|22\n|c|\u2606Dabmast3r|And was rewarded\n|\n|t:|1700322790\n|move|p2a: Iron Moth|Overheat|p1a: Rabsca\n|-supereffective|p1a: Rabsca\n|-damage|p1a: Rabsca|0 fnt\n|-unboost|p2a: Iron Moth|spa|2\n|faint|p1a: Rabsca\n|\n|upkeep\n|\n|t:|1700322798\n|switch|p1a: Pawmot|Pawmot, F|24\/100\n|turn|23\n|\n|t:|1700322801\n|move|p2a: Iron Moth|Overheat|p1a: Pawmot\n|-damage|p1a: Pawmot|0 fnt\n|-unboost|p2a: Iron Moth|spa|2\n|faint|p1a: Pawmot\n|\n|upkeep\n|\n|t:|1700322806\n|switch|p1a: Alomomola|Alomomola, F|100\/100\n|turn|24\n|c|\u2606Dabmast3r|I WILL HEAT\n|\n|t:|1700322816\n|-end|p2a: Iron Moth|Quark Drive|[silent]\n|switch|p2a: Overqwil|Overqwil, M|79\/100 par\n|-ability|p2a: Overqwil|Intimidate|boost\n|-unboost|p1a: Alomomola|atk|1\n|move|p1a: Alomomola|Surf|p2a: Overqwil\n|-damage|p2a: Overqwil|59\/100 par\n|\n|upkeep\n|turn|25\n|\n|t:|1700322829\n|move|p1a: Alomomola|Wish|p1a: Alomomola\n|move|p2a: Overqwil|Barb Barrage|p1a: Alomomola\n|-damage|p1a: Alomomola|74\/100\n|\n|-heal|p1a: Alomomola|80\/100|[from] item: Leftovers\n|upkeep\n|turn|26\n|\n|t:|1700322836\n|switch|p1a: Ribombee|Ribombee, F|51\/100 psn\n|move|p2a: Overqwil|Barb Barrage|p1a: Ribombee\n|-supereffective|p1a: Ribombee\n|-damage|p1a: Ribombee|0 fnt\n|faint|p1a: Ribombee\n|\n|upkeep\n|\n|t:|1700322841\n|switch|p1a: Alomomola|Alomomola, F|80\/100\n|turn|27\n|\n|t:|1700322847\n|move|p1a: Alomomola|Surf|p2a: Overqwil\n|-damage|p2a: Overqwil|39\/100 par\n|move|p2a: Overqwil|Barb Barrage|p1a: Alomomola\n|-damage|p1a: Alomomola|56\/100\n|\n|-heal|p1a: Alomomola|62\/100|[from] item: Leftovers\n|upkeep\n|turn|28\n|\n|t:|1700322855\n|move|p1a: Alomomola|Surf|p2a: Overqwil\n|-damage|p2a: Overqwil|19\/100 par\n|cant|p2a: Overqwil|par\n|\n|-heal|p1a: Alomomola|68\/100|[from] item: Leftovers\n|upkeep\n|turn|29\n|-message|gurkious forfeited.\n|\n|win|Dabmast3r\n|raw|gurkious's rating: 1014 &rarr; <strong>1005<\/strong><br \/>(-9 for losing)\n|raw|Dabmast3r's rating: 1093 &rarr; <strong>1113<\/strong><br \/>(+20 for winning)\n|l|\u2606gurkious\n|c|\u2606Dabmast3r|Gg\n","uploadtime":1700322873,"views":12,"p1id":"gurkious","p2id":"dabmast3r","formatid":"gen9ou","rating":1005,"private":0,"password":""}