{"id":"gen9ou-1988517567","p1":"FavMon=Garchomp","p2":"GodKmi","format":"[Gen 9] OU","log":"|j|\u2606FavMon=Garchomp\n|j|\u2606GodKmi\n|t:|1699731441\n|gametype|singles\n|player|p1|FavMon=Garchomp|hilbert|\n|player|p2|GodKmi|saguaro|\n|teamsize|p1|6\n|teamsize|p2|6\n|gen|9\n|tier|[Gen 9] OU\n|rule|Sleep Clause Mod: Limit one foe put to sleep\n|rule|Species Clause: Limit one of each Pok\u00e9mon\n|rule|OHKO Clause: OHKO moves are banned\n|rule|Evasion Items Clause: Evasion items are banned\n|rule|Evasion Moves Clause: Evasion moves are banned\n|rule|Endless Battle Clause: Forcing endless battles is banned\n|rule|HP Percentage Mod: HP is shown in percentages\n|clearpoke\n|poke|p1|Meowscarada, M|\n|poke|p1|Iron Valiant|\n|poke|p1|Kingambit, M|\n|poke|p1|Iron Moth|\n|poke|p1|Ninetales-Alola, F|\n|poke|p1|Manaphy|\n|poke|p2|Uxie|\n|poke|p2|Florges, F|\n|poke|p2|Greninja-*, M|\n|poke|p2|Gholdengo|\n|poke|p2|Great Tusk|\n|poke|p2|Garganacl, M|\n|teampreview\n|\n|t:|1699731451\n|start\n|switch|p1a: Meowscarada|Meowscarada, M|100\/100\n|switch|p2a: Greninja|Greninja, M|100\/100\n|turn|1\n|\n|t:|1699731459\n|switch|p2a: Gholdengo|Gholdengo|100\/100\n|move|p1a: Meowscarada|Flower Trick|p2a: Gholdengo\n|-start|p1a: Meowscarada|typechange|Grass|[from] ability: Protean\n|-resisted|p2a: Gholdengo\n|-crit|p2a: Gholdengo\n|-damage|p2a: Gholdengo|87\/100\n|\n|-heal|p2a: Gholdengo|93\/100|[from] item: Leftovers\n|upkeep\n|turn|2\n|\n|t:|1699731467\n|switch|p1a: Kingambit|Kingambit, M|100\/100\n|switch|p2a: Uxie|Uxie|100\/100\n|\n|upkeep\n|turn|3\n|\n|t:|1699731491\n|-end|p1a: Kingambit|fallenundefined|[silent]\n|switch|p1a: Meowscarada|Meowscarada, M|100\/100\n|move|p2a: Uxie|Trick|p1a: Meowscarada\n|-activate|p2a: Uxie|move: Trick|[of] p1a: Meowscarada\n|-item|p1a: Meowscarada|Choice Scarf|[from] move: Trick\n|-item|p2a: Uxie|Choice Scarf|[from] move: Trick\n|\n|upkeep\n|turn|4\n|\n|t:|1699731509\n|switch|p2a: Great Tusk|Great Tusk|100\/100\n|move|p1a: Meowscarada|U-turn|p2a: Great Tusk\n|-start|p1a: Meowscarada|typechange|Bug|[from] ability: Protean\n|-resisted|p2a: Great Tusk\n|-damage|p2a: Great Tusk|94\/100\n|\n|t:|1699731513\n|switch|p1a: Ninetales|Ninetales-Alola, F|100\/100|[from] U-turn\n|-weather|Snow|[from] ability: Snow Warning|[of] p1a: Ninetales\n|\n|-weather|Snow|[upkeep]\n|-heal|p2a: Great Tusk|99\/100|[from] item: Leftovers\n|upkeep\n|turn|5\n|\n|t:|1699731521\n|-end|p2a: Great Tusk|Protosynthesis|[silent]\n|switch|p2a: Garganacl|Garganacl, M|100\/100\n|move|p1a: Ninetales|Freeze-Dry|p2a: Garganacl\n|-damage|p2a: Garganacl|88\/100\n|\n|-weather|Snow|[upkeep]\n|-heal|p2a: Garganacl|94\/100|[from] item: Leftovers\n|upkeep\n|turn|6\n|\n|t:|1699731526\n|switch|p1a: Meowscarada|Meowscarada, M|100\/100\n|move|p2a: Garganacl|Salt Cure|p1a: Meowscarada\n|-damage|p1a: Meowscarada|85\/100\n|-start|p1a: Meowscarada|Salt Cure\n|\n|-weather|Snow|[upkeep]\n|-heal|p2a: Garganacl|99\/100|[from] item: Leftovers\n|-damage|p1a: Meowscarada|72\/100|[from] Salt Cure\n|upkeep\n|turn|7\n|\n|t:|1699731531\n|move|p2a: Garganacl|Protect|p2a: Garganacl\n|-singleturn|p2a: Garganacl|Protect\n|move|p1a: Meowscarada|Spikes|p2a: Garganacl\n|-start|p1a: Meowscarada|typechange|Ground|[from] ability: Protean\n|-sidestart|p2: GodKmi|Spikes\n|\n|-weather|Snow|[upkeep]\n|-heal|p2a: Garganacl|100\/100|[from] item: Leftovers\n|-damage|p1a: Meowscarada|60\/100|[from] Salt Cure\n|upkeep\n|turn|8\n|inactive|Battle timer is ON: inactive players will automatically lose when time's up. (requested by GodKmi)\n|\n|t:|1699731598\n|switch|p1a: Manaphy|Manaphy|100\/100\n|move|p2a: Garganacl|Salt Cure|p1a: Manaphy\n|-damage|p1a: Manaphy|86\/100\n|-start|p1a: Manaphy|Salt Cure\n|\n|-weather|none\n|-heal|p1a: Manaphy|93\/100|[from] item: Leftovers\n|-damage|p1a: Manaphy|68\/100|[from] Salt Cure\n|upkeep\n|turn|9\n|\n|t:|1699731616\n|switch|p1a: Meowscarada|Meowscarada, M|60\/100\n|switch|p2a: Uxie|Uxie|100\/100\n|\n|upkeep\n|turn|10\n|\n|t:|1699731626\n|move|p1a: Meowscarada|Spikes|p2a: Uxie\n|-start|p1a: Meowscarada|typechange|Ground|[from] ability: Protean\n|-sidestart|p2: GodKmi|Spikes\n|move|p2a: Uxie|Stealth Rock|p1a: Meowscarada\n|-sidestart|p1: FavMon=Garchomp|move: Stealth Rock\n|\n|upkeep\n|turn|11\n|\n|t:|1699731638\n|switch|p1a: Ninetales|Ninetales-Alola, F|100\/100\n|-damage|p1a: Ninetales|76\/100|[from] Stealth Rock\n|-weather|Snow|[from] ability: Snow Warning|[of] p1a: Ninetales\n|switch|p2a: Great Tusk|Great Tusk|99\/100\n|-damage|p2a: Great Tusk|83\/100|[from] Spikes\n|\n|-weather|Snow|[upkeep]\n|-heal|p2a: Great Tusk|90\/100|[from] item: Leftovers\n|upkeep\n|turn|12\n|\n|t:|1699731643\n|move|p1a: Ninetales|Freeze-Dry|p2a: Great Tusk\n|-supereffective|p2a: Great Tusk\n|-damage|p2a: Great Tusk|32\/100\n|move|p2a: Great Tusk|Rapid Spin|p1a: Ninetales\n|-damage|p1a: Ninetales|63\/100\n|-boost|p2a: Great Tusk|spe|1\n|-sideend|p2: GodKmi|Spikes|[from] move: Rapid Spin|[of] p2a: Great Tusk\n|\n|-weather|Snow|[upkeep]\n|-heal|p2a: Great Tusk|38\/100|[from] item: Leftovers\n|upkeep\n|turn|13\n|\n|t:|1699731649\n|move|p1a: Ninetales|Freeze-Dry|p2a: Great Tusk\n|-supereffective|p2a: Great Tusk\n|-damage|p2a: Great Tusk|0 fnt\n|faint|p2a: Great Tusk\n|-end|p2a: Great Tusk|Protosynthesis|[silent]\n|\n|-weather|Snow|[upkeep]\n|upkeep\n|\n|t:|1699731655\n|switch|p2a: Uxie|Uxie|100\/100\n|turn|14\n|\n|t:|1699731661\n|switch|p1a: Meowscarada|Meowscarada, M|60\/100\n|-damage|p1a: Meowscarada|47\/100|[from] Stealth Rock\n|move|p2a: Uxie|U-turn|p1a: Meowscarada\n|-supereffective|p1a: Meowscarada\n|-damage|p1a: Meowscarada|0 fnt\n|faint|p1a: Meowscarada\n|\n|t:|1699731665\n|switch|p2a: Florges|Florges, F|100\/100|[from] U-turn\n|\n|-weather|Snow|[upkeep]\n|upkeep\n|c|\u2606FavMon=Garchomp|what\n|c|\u2606GodKmi|whet\n|\n|t:|1699731672\n|switch|p1a: Kingambit|Kingambit, M|100\/100\n|-damage|p1a: Kingambit|94\/100|[from] Stealth Rock\n|-activate|p1a: Kingambit|ability: Supreme Overlord\n|-start|p1a: Kingambit|fallen1|[silent]\n|turn|15\n|\n|t:|1699731679\n|move|p2a: Florges|Trick|p1a: Kingambit\n|-activate|p2a: Florges|move: Trick|[of] p1a: Kingambit\n|-item|p1a: Kingambit|Choice Scarf|[from] move: Trick\n|-item|p2a: Florges|Leftovers|[from] move: Trick\n|move|p1a: Kingambit|Iron Head|p2a: Florges\n|-supereffective|p2a: Florges\n|-damage|p2a: Florges|0 fnt\n|faint|p2a: Florges\n|\n|-weather|none\n|upkeep\n|\n|t:|1699731684\n|switch|p2a: Gholdengo|Gholdengo|93\/100\n|turn|16\n|\n|t:|1699731690\n|-end|p1a: Kingambit|fallen1|[silent]\n|switch|p1a: Ninetales|Ninetales-Alola, F|63\/100\n|-damage|p1a: Ninetales|38\/100|[from] Stealth Rock\n|-weather|Snow|[from] ability: Snow Warning|[of] p1a: Ninetales\n|switch|p2a: Greninja|Greninja, M|100\/100\n|\n|-weather|Snow|[upkeep]\n|upkeep\n|turn|17\n|\n|t:|1699731701\n|switch|p2a: Garganacl|Garganacl, M|100\/100\n|move|p1a: Ninetales|Moonblast|p2a: Garganacl\n|-damage|p2a: Garganacl|82\/100\n|\n|-weather|Snow|[upkeep]\n|-heal|p2a: Garganacl|88\/100|[from] item: Leftovers\n|upkeep\n|turn|18\n|\n|t:|1699731707\n|move|p1a: Ninetales|Aurora Veil|p1a: Ninetales\n|-sidestart|p1: FavMon=Garchomp|move: Aurora Veil\n|move|p2a: Garganacl|Salt Cure|p1a: Ninetales\n|-supereffective|p1a: Ninetales\n|-damage|p1a: Ninetales|27\/100\n|-start|p1a: Ninetales|Salt Cure\n|\n|-weather|Snow|[upkeep]\n|-heal|p2a: Garganacl|94\/100|[from] item: Leftovers\n|-damage|p1a: Ninetales|14\/100|[from] Salt Cure\n|upkeep\n|turn|19\n|\n|t:|1699731717\n|move|p1a: Ninetales|Freeze-Dry|p2a: Garganacl\n|-damage|p2a: Garganacl|80\/100\n|move|p2a: Garganacl|Iron Defense|p2a: Garganacl\n|-boost|p2a: Garganacl|def|2\n|\n|-weather|Snow|[upkeep]\n|-heal|p2a: Garganacl|86\/100|[from] item: Leftovers\n|-damage|p1a: Ninetales|2\/100|[from] Salt Cure\n|upkeep\n|turn|20\n|\n|t:|1699731720\n|move|p2a: Garganacl|Protect|p2a: Garganacl\n|-singleturn|p2a: Garganacl|Protect\n|move|p1a: Ninetales|Encore|p2a: Garganacl\n|-activate|p2a: Garganacl|move: Protect\n|\n|-weather|none\n|-heal|p2a: Garganacl|92\/100|[from] item: Leftovers\n|-damage|p1a: Ninetales|0 fnt|[from] Salt Cure\n|faint|p1a: Ninetales\n|upkeep\n|\n|t:|1699731726\n|switch|p1a: Manaphy|Manaphy|68\/100\n|-damage|p1a: Manaphy|55\/100|[from] Stealth Rock\n|turn|21\n|\n|t:|1699731730\n|move|p1a: Manaphy|Tail Glow|p1a: Manaphy\n|-boost|p1a: Manaphy|spa|3\n|move|p2a: Garganacl|Salt Cure|p1a: Manaphy\n|-damage|p1a: Manaphy|48\/100\n|-start|p1a: Manaphy|Salt Cure\n|\n|-heal|p1a: Manaphy|54\/100|[from] item: Leftovers\n|-heal|p2a: Garganacl|99\/100|[from] item: Leftovers\n|-damage|p1a: Manaphy|30\/100|[from] Salt Cure\n|upkeep\n|turn|22\n|\n|t:|1699731733\n|move|p2a: Garganacl|Protect|p2a: Garganacl\n|-singleturn|p2a: Garganacl|Protect\n|move|p1a: Manaphy|Surf|p2a: Garganacl\n|-activate|p2a: Garganacl|move: Protect\n|\n|-heal|p1a: Manaphy|36\/100|[from] item: Leftovers\n|-heal|p2a: Garganacl|100\/100|[from] item: Leftovers\n|-damage|p1a: Manaphy|11\/100|[from] Salt Cure\n|upkeep\n|turn|23\n|\n|t:|1699731739\n|-terastallize|p2a: Garganacl|Water\n|move|p1a: Manaphy|Energy Ball|p2a: Garganacl\n|-supereffective|p2a: Garganacl\n|-damage|p2a: Garganacl|8\/100\n|move|p2a: Garganacl|Recover|p2a: Garganacl\n|-heal|p2a: Garganacl|58\/100\n|\n|-heal|p1a: Manaphy|17\/100|[from] item: Leftovers\n|-heal|p2a: Garganacl|65\/100|[from] item: Leftovers\n|-damage|p1a: Manaphy|0 fnt|[from] Salt Cure\n|faint|p1a: Manaphy\n|upkeep\n|\n|t:|1699731747\n|switch|p1a: Iron Valiant|Iron Valiant|100\/100\n|-damage|p1a: Iron Valiant|94\/100|[from] Stealth Rock\n|-enditem|p1a: Iron Valiant|Booster Energy\n|-activate|p1a: Iron Valiant|ability: Quark Drive|[fromitem]\n|-start|p1a: Iron Valiant|quarkdrivespe\n|turn|24\n|\n|t:|1699731750\n|move|p1a: Iron Valiant|Calm Mind|p1a: Iron Valiant\n|-boost|p1a: Iron Valiant|spa|1\n|-boost|p1a: Iron Valiant|spd|1\n|move|p2a: Garganacl|Recover|p2a: Garganacl\n|-heal|p2a: Garganacl|100\/100\n|\n|upkeep\n|turn|25\n|\n|t:|1699731756\n|move|p1a: Iron Valiant|Calm Mind|p1a: Iron Valiant\n|-boost|p1a: Iron Valiant|spa|1\n|-boost|p1a: Iron Valiant|spd|1\n|move|p2a: Garganacl|Salt Cure|p1a: Iron Valiant\n|-resisted|p1a: Iron Valiant\n|-damage|p1a: Iron Valiant|90\/100\n|-start|p1a: Iron Valiant|Salt Cure\n|\n|-damage|p1a: Iron Valiant|78\/100|[from] Salt Cure\n|-sideend|p1: FavMon=Garchomp|move: Aurora Veil\n|upkeep\n|turn|26\n|\n|t:|1699731769\n|move|p1a: Iron Valiant|Moonblast|p2a: Garganacl\n|-crit|p2a: Garganacl\n|-damage|p2a: Garganacl|5\/100\n|-unboost|p2a: Garganacl|spa|1\n|move|p2a: Garganacl|Salt Cure|p1a: Iron Valiant\n|-resisted|p1a: Iron Valiant\n|-damage|p1a: Iron Valiant|69\/100\n|\n|-heal|p2a: Garganacl|12\/100|[from] item: Leftovers\n|-damage|p1a: Iron Valiant|57\/100|[from] Salt Cure\n|upkeep\n|turn|27\n|\n|t:|1699731775\n|move|p2a: Garganacl|Protect|p2a: Garganacl\n|-singleturn|p2a: Garganacl|Protect\n|move|p1a: Iron Valiant|Moonblast|p2a: Garganacl\n|-activate|p2a: Garganacl|move: Protect\n|\n|-heal|p2a: Garganacl|18\/100|[from] item: Leftovers\n|-damage|p1a: Iron Valiant|44\/100|[from] Salt Cure\n|upkeep\n|turn|28\n|\n|t:|1699731779\n|move|p1a: Iron Valiant|Moonblast|p2a: Garganacl\n|-damage|p2a: Garganacl|0 fnt\n|faint|p2a: Garganacl\n|\n|-damage|p1a: Iron Valiant|32\/100|[from] Salt Cure\n|upkeep\n|\n|t:|1699731781\n|switch|p2a: Gholdengo|Gholdengo|93\/100\n|turn|29\n|\n|t:|1699731783\n|move|p2a: Gholdengo|Protect|p2a: Gholdengo\n|-singleturn|p2a: Gholdengo|Protect\n|move|p1a: Iron Valiant|Moonblast|p2a: Gholdengo\n|-activate|p2a: Gholdengo|move: Protect\n|\n|-heal|p2a: Gholdengo|99\/100|[from] item: Leftovers\n|-damage|p1a: Iron Valiant|20\/100|[from] Salt Cure\n|upkeep\n|turn|30\n|\n|t:|1699731787\n|move|p1a: Iron Valiant|Moonblast|p2a: Gholdengo\n|-resisted|p2a: Gholdengo\n|-damage|p2a: Gholdengo|54\/100\n|move|p2a: Gholdengo|Nasty Plot|p2a: Gholdengo\n|-boost|p2a: Gholdengo|spa|2\n|\n|-heal|p2a: Gholdengo|60\/100|[from] item: Leftovers\n|-damage|p1a: Iron Valiant|7\/100|[from] Salt Cure\n|upkeep\n|turn|31\n|\n|t:|1699731792\n|move|p2a: Gholdengo|Protect|p2a: Gholdengo\n|-singleturn|p2a: Gholdengo|Protect\n|move|p1a: Iron Valiant|Moonblast|p2a: Gholdengo\n|-activate|p2a: Gholdengo|move: Protect\n|\n|-heal|p2a: Gholdengo|66\/100|[from] item: Leftovers\n|-damage|p1a: Iron Valiant|0 fnt|[from] Salt Cure\n|faint|p1a: Iron Valiant\n|-end|p1a: Iron Valiant|Quark Drive|[silent]\n|upkeep\n|\n|t:|1699731794\n|switch|p1a: Iron Moth|Iron Moth|100\/100\n|-damage|p1a: Iron Moth|76\/100|[from] Stealth Rock\n|-enditem|p1a: Iron Moth|Booster Energy\n|-activate|p1a: Iron Moth|ability: Quark Drive|[fromitem]\n|-start|p1a: Iron Moth|quarkdrivespe\n|turn|32\n|\n|t:|1699731799\n|switch|p2a: Greninja|Greninja, M|100\/100\n|move|p1a: Iron Moth|Fiery Dance|p2a: Greninja\n|-resisted|p2a: Greninja\n|-damage|p2a: Greninja|72\/100\n|-boost|p1a: Iron Moth|spa|1\n|\n|upkeep\n|turn|33\n|\n|t:|1699731810\n|-terastallize|p1a: Iron Moth|Ghost\n|move|p1a: Iron Moth|Dazzling Gleam|p2a: Greninja\n|-supereffective|p2a: Greninja\n|-damage|p2a: Greninja|0 fnt\n|faint|p2a: Greninja\n|\n|upkeep\n|\n|t:|1699731816\n|switch|p2a: Uxie|Uxie|100\/100\n|turn|34\n|\n|t:|1699731819\n|move|p1a: Iron Moth|Substitute|p1a: Iron Moth\n|-start|p1a: Iron Moth|Substitute\n|-damage|p1a: Iron Moth|51\/100\n|move|p2a: Uxie|Psychic|p1a: Iron Moth\n|-end|p1a: Iron Moth|Substitute\n|\n|upkeep\n|turn|35\n|\n|t:|1699731823\n|move|p1a: Iron Moth|Fiery Dance|p2a: Uxie\n|-damage|p2a: Uxie|52\/100\n|-boost|p1a: Iron Moth|spa|1\n|move|p2a: Uxie|Psychic|p1a: Iron Moth\n|-damage|p1a: Iron Moth|24\/100\n|\n|upkeep\n|turn|36\n|\n|t:|1699731827\n|move|p1a: Iron Moth|Sludge Wave|p2a: Uxie\n|-damage|p2a: Uxie|0 fnt\n|faint|p2a: Uxie\n|\n|upkeep\n|\n|t:|1699731830\n|switch|p2a: Gholdengo|Gholdengo|66\/100\n|turn|37\n|\n|t:|1699731832\n|move|p1a: Iron Moth|Fiery Dance|p2a: Gholdengo\n|-supereffective|p2a: Gholdengo\n|-damage|p2a: Gholdengo|0 fnt\n|-boost|p1a: Iron Moth|spa|1\n|faint|p2a: Gholdengo\n|\n|win|FavMon=Garchomp\n","uploadtime":1699731835,"views":11,"p1id":"favmongarchomp","p2id":"godkmi","formatid":"gen9ou","rating":0,"private":0,"password":""}