{"id":"gen9ou-1996457276","p1":"TrueSkyKing","p2":"birds of fallacy","format":"[Gen 9] OU","log":"|j|\u2606TrueSkyKing\n|j|\u2606birds of fallacy\n|t:|1700683860\n|gametype|singles\n|player|p1|TrueSkyKing|red|1164\n|player|p2|birds of fallacy|volo|1182\n|teamsize|p1|6\n|teamsize|p2|6\n|gen|9\n|tier|[Gen 9] OU\n|rated|\n|rule|Sleep Clause Mod: Limit one foe put to sleep\n|rule|Species Clause: Limit one of each Pok\u00e9mon\n|rule|OHKO Clause: OHKO moves are banned\n|rule|Evasion Items Clause: Evasion items are banned\n|rule|Evasion Moves Clause: Evasion moves are banned\n|rule|Endless Battle Clause: Forcing endless battles is banned\n|rule|HP Percentage Mod: HP is shown in percentages\n|clearpoke\n|poke|p1|Munkidori, M|\n|poke|p1|Espeon, M|\n|poke|p1|Dondozo, F|\n|poke|p1|Rillaboom, M|\n|poke|p1|Sandy Shocks|\n|poke|p1|Heatran, M|\n|poke|p2|Lokix, F|\n|poke|p2|Samurott-Hisui, F|\n|poke|p2|Zapdos|\n|poke|p2|Thundurus-Therian, M|\n|poke|p2|Slowking-Galar, F|\n|poke|p2|Corviknight, F|\n|teampreview\n|inactive|Battle timer is ON: inactive players will automatically lose when time's up. (requested by TrueSkyKing)\n|\n|t:|1700683880\n|start\n|switch|p1a: Joji|Munkidori, M|100\/100\n|switch|p2a: Thundurus|Thundurus-Therian, M|100\/100\n|turn|1\n|\n|t:|1700683884\n|move|p1a: Joji|Fake Out|p2a: Thundurus\n|-damage|p2a: Thundurus|89\/100\n|cant|p2a: Thundurus|flinch\n|\n|upkeep\n|turn|2\n|\n|t:|1700683895\n|move|p1a: Joji|U-turn|p2a: Thundurus\n|-resisted|p2a: Thundurus\n|-damage|p2a: Thundurus|80\/100\n|\n|t:|1700683900\n|switch|p1a: ELO|Sandy Shocks|100\/100|[from] U-turn\n|move|p2a: Thundurus|Volt Switch|p1a: ELO\n|-immune|p1a: ELO\n|\n|upkeep\n|turn|3\n|\n|t:|1700683906\n|move|p2a: Thundurus|Taunt|p1a: ELO\n|-start|p1a: ELO|move: Taunt\n|cant|p1a: ELO|move: Taunt|Spikes\n|\n|upkeep\n|turn|4\n|\n|t:|1700683918\n|-terastallize|p1a: ELO|Ice\n|move|p2a: Thundurus|Grass Knot|p1a: ELO\n|-damage|p1a: ELO|62\/100\n|move|p1a: ELO|Tera Blast|p2a: Thundurus|[anim] Tera Blast Ice\n|-supereffective|p2a: Thundurus\n|-damage|p2a: Thundurus|0 fnt\n|faint|p2a: Thundurus\n|\n|upkeep\n|\n|t:|1700683930\n|switch|p2a: Samurott|Samurott-Hisui, F|100\/100\n|turn|5\n|\n|t:|1700683935\n|move|p2a: Samurott|Ceaseless Edge|p1a: ELO\n|-damage|p1a: ELO|2\/100\n|-sidestart|p1: TrueSkyKing|Spikes\n|move|p1a: ELO|Volt Switch|p2a: Samurott\n|-supereffective|p2a: Samurott\n|-damage|p2a: Samurott|0 fnt\n|faint|p2a: Samurott\n|\n|t:|1700683948\n|-end|p1a: ELO|Protosynthesis|[silent]\n|switch|p1a: Joji|Munkidori, M|100\/100|[from] Volt Switch\n|-damage|p1a: Joji|88\/100|[from] Spikes\n|\n|upkeep\n|\n|t:|1700683951\n|switch|p2a: Lokix|Lokix, F|100\/100\n|turn|6\n|\n|t:|1700683956\n|switch|p2a: Zapdos|Zapdos|100\/100\n|move|p1a: Joji|Fake Out|p2a: Zapdos\n|-damage|p2a: Zapdos|93\/100\n|-damage|p1a: Joji|72\/100|[from] item: Rocky Helmet|[of] p2a: Zapdos\n|\n|upkeep\n|turn|7\n|\n|t:|1700683965\n|move|p1a: Joji|Future Sight|p2a: Zapdos\n|-start|p1a: Joji|move: Future Sight\n|move|p2a: Zapdos|Air Cutter|p1a: Joji\n|-damage|p1a: Joji|30\/100\n|\n|upkeep\n|turn|8\n|\n|t:|1700683970\n|move|p1a: Joji|Sludge Wave|p2a: Zapdos\n|-crit|p2a: Zapdos\n|-damage|p2a: Zapdos|19\/100\n|move|p2a: Zapdos|Volt Switch|p1a: Joji\n|-damage|p1a: Joji|0 fnt\n|faint|p1a: Joji\n|\n|t:|1700683977\n|switch|p2a: Lokix|Lokix, F|100\/100|[from] Volt Switch\n|\n|upkeep\n|\n|t:|1700683987\n|switch|p1a: Anthrax|Heatran, M|100\/100\n|-damage|p1a: Anthrax|88\/100|[from] Spikes\n|turn|9\n|\n|t:|1700683992\n|move|p1a: Anthrax|Protect|p1a: Anthrax\n|-singleturn|p1a: Anthrax|Protect\n|move|p2a: Lokix|Axe Kick|p1a: Anthrax\n|-activate|p1a: Anthrax|move: Protect\n|-damage|p2a: Lokix|50\/100|[from] highjumpkick\n|\n|-end|p2a: Lokix|move: Future Sight\n|-immune|p2a: Lokix\n|-heal|p1a: Anthrax|94\/100|[from] item: Leftovers\n|upkeep\n|turn|10\n|\n|t:|1700684000\n|move|p2a: Lokix|Axe Kick|p1a: Anthrax\n|-supereffective|p1a: Anthrax\n|-damage|p1a: Anthrax|4\/100\n|move|p1a: Anthrax|Will-O-Wisp|p2a: Lokix\n|-status|p2a: Lokix|brn\n|\n|-heal|p1a: Anthrax|10\/100|[from] item: Leftovers\n|-damage|p2a: Lokix|45\/100 brn|[from] brn\n|upkeep\n|turn|11\n|\n|t:|1700684008\n|switch|p2a: Zapdos|Zapdos|19\/100\n|move|p1a: Anthrax|Protect||[still]\n|-fail|p1a: Anthrax\n|\n|-heal|p1a: Anthrax|16\/100|[from] item: Leftovers\n|upkeep\n|turn|12\n|\n|t:|1700684029\n|move|p2a: Zapdos|Roost|p2a: Zapdos\n|-heal|p2a: Zapdos|69\/100\n|-singleturn|p2a: Zapdos|move: Roost\n|move|p1a: Anthrax|Magma Storm|p2a: Zapdos\n|-damage|p2a: Zapdos|21\/100\n|-activate|p2a: Zapdos|move: Magma Storm|[of] p1a: Anthrax\n|\n|-heal|p1a: Anthrax|22\/100|[from] item: Leftovers\n|-damage|p2a: Zapdos|9\/100|[from] move: Magma Storm|[partiallytrapped]\n|upkeep\n|turn|13\n|\n|t:|1700684039\n|move|p2a: Zapdos|Volt Switch|p1a: Anthrax\n|-damage|p1a: Anthrax|0 fnt\n|faint|p1a: Anthrax\n|\n|t:|1700684047\n|switch|p2a: Slowking|Slowking-Galar, F|100\/100|[from] Volt Switch\n|\n|upkeep\n|\n|t:|1700684059\n|switch|p1a: UWU|Espeon, M|100\/100\n|-damage|p1a: UWU|88\/100|[from] Spikes\n|turn|14\n|\n|t:|1700684064\n|move|p1a: UWU|Calm Mind|p1a: UWU\n|-boost|p1a: UWU|spa|1\n|-boost|p1a: UWU|spd|1\n|move|p2a: Slowking|Sludge Bomb|p1a: UWU\n|-damage|p1a: UWU|45\/100\n|\n|-heal|p1a: UWU|51\/100|[from] item: Leftovers\n|upkeep\n|turn|15\n|\n|t:|1700684069\n|move|p1a: UWU|Psyshock|p2a: Slowking\n|-damage|p2a: Slowking|38\/100\n|move|p2a: Slowking|Chilly Reception|p2a: Slowking\n|-weather|Snow\n|\n|t:|1700684073\n|switch|p2a: Lokix|Lokix, F|45\/100 brn|[from] Chilly Reception\n|\n|-weather|Snow|[upkeep]\n|-heal|p1a: UWU|57\/100|[from] item: Leftovers\n|-damage|p2a: Lokix|39\/100 brn|[from] brn\n|upkeep\n|turn|16\n|\n|t:|1700684076\n|move|p2a: Lokix|First Impression|p1a: UWU\n|-supereffective|p1a: UWU\n|-damage|p1a: UWU|0 fnt\n|faint|p1a: UWU\n|\n|-weather|Snow|[upkeep]\n|-damage|p2a: Lokix|33\/100 brn|[from] brn\n|upkeep\n|\n|t:|1700684081\n|switch|p1a: Big Empty|Dondozo, F|100\/100\n|-damage|p1a: Big Empty|88\/100|[from] Spikes\n|turn|17\n|\n|t:|1700684089\n|switch|p2a: Slowking|Slowking-Galar, F|71\/100\n|move|p1a: Big Empty|Curse|p1a: Big Empty\n|-unboost|p1a: Big Empty|spe|1\n|-boost|p1a: Big Empty|atk|1\n|-boost|p1a: Big Empty|def|1\n|\n|-weather|Snow|[upkeep]\n|-heal|p1a: Big Empty|94\/100|[from] item: Leftovers\n|upkeep\n|turn|18\n|\n|t:|1700684095\n|move|p2a: Slowking|Future Sight|p1a: Big Empty\n|-start|p2a: Slowking|move: Future Sight\n|move|p1a: Big Empty|Earthquake|p2a: Slowking\n|-supereffective|p2a: Slowking\n|-damage|p2a: Slowking|0 fnt\n|faint|p2a: Slowking\n|\n|-weather|Snow|[upkeep]\n|-heal|p1a: Big Empty|99\/100|[from] item: Leftovers\n|upkeep\n|\n|t:|1700684100\n|switch|p2a: Zapdos|Zapdos|9\/100\n|turn|19\n|\n|t:|1700684103\n|move|p2a: Zapdos|Volt Switch|p1a: Big Empty\n|-supereffective|p1a: Big Empty\n|-damage|p1a: Big Empty|28\/100\n|\n|t:|1700684107\n|switch|p2a: Corviknight|Corviknight, F|100\/100|[from] Volt Switch\n|move|p1a: Big Empty|Wave Crash|p2a: Corviknight\n|-damage|p2a: Corviknight|48\/100\n|-damage|p1a: Big Empty|17\/100|[from] Recoil\n|\n|-weather|none\n|-heal|p2a: Corviknight|54\/100|[from] item: Leftovers\n|-heal|p1a: Big Empty|23\/100|[from] item: Leftovers\n|upkeep\n|turn|20\n|\n|t:|1700684118\n|move|p2a: Corviknight|Roost|p2a: Corviknight\n|-heal|p2a: Corviknight|100\/100\n|-singleturn|p2a: Corviknight|move: Roost\n|move|p1a: Big Empty|Wave Crash|p2a: Corviknight\n|-crit|p2a: Corviknight\n|-damage|p2a: Corviknight|21\/100\n|-damage|p1a: Big Empty|5\/100|[from] Recoil\n|\n|-end|p1a: Big Empty|move: Future Sight\n|-damage|p1a: Big Empty|0 fnt\n|faint|p1a: Big Empty\n|-heal|p2a: Corviknight|27\/100|[from] item: Leftovers\n|upkeep\n|\n|t:|1700684122\n|switch|p1a: Ringo Starr|Rillaboom, M|100\/100\n|-damage|p1a: Ringo Starr|88\/100|[from] Spikes\n|-fieldstart|move: Grassy Terrain|[from] ability: Grassy Surge|[of] p1a: Ringo Starr\n|turn|21\n|l|\u2606birds of fallacy\n|inactive|birds of fallacy disconnected and has a minute to reconnect!\n|player|p2|\n|\n|t:|1700684133\n|move|p1a: Ringo Starr|Drain Punch|p2a: Corviknight\n|-damage|p2a: Corviknight|0 fnt\n|-heal|p1a: Ringo Starr|99\/100|[from] drain|[of] p2a: Corviknight\n|faint|p2a: Corviknight\n|-damage|p1a: Ringo Starr|90\/100|[from] item: Life Orb\n|\n|-heal|p1a: Ringo Starr|96\/100|[from] Grassy Terrain\n|upkeep\n|j|\u2606birds of fallacy\n|inactive|birds of fallacy reconnected and has 145 seconds left.\n|player|p2|birds of fallacy|volo\n|\n|t:|1700684144\n|switch|p2a: Lokix|Lokix, F|33\/100 brn\n|turn|22\n|\n|t:|1700684153\n|move|p2a: Lokix|First Impression|p1a: Ringo Starr\n|-supereffective|p1a: Ringo Starr\n|-damage|p1a: Ringo Starr|44\/100\n|move|p1a: Ringo Starr|Grassy Glide|p2a: Lokix\n|-resisted|p2a: Lokix\n|-damage|p2a: Lokix|0 fnt\n|faint|p2a: Lokix\n|-damage|p1a: Ringo Starr|34\/100|[from] item: Life Orb\n|\n|-heal|p1a: Ringo Starr|40\/100|[from] Grassy Terrain\n|upkeep\n|\n|t:|1700684157\n|switch|p2a: Zapdos|Zapdos|9\/100\n|turn|23\n|\n|t:|1700684160\n|move|p1a: Ringo Starr|Grassy Glide|p2a: Zapdos\n|-resisted|p2a: Zapdos\n|-damage|p2a: Zapdos|0 fnt\n|-damage|p1a: Ringo Starr|24\/100|[from] item: Rocky Helmet|[of] p2a: Zapdos\n|faint|p2a: Zapdos\n|-damage|p1a: Ringo Starr|14\/100|[from] item: Life Orb\n|\n|win|TrueSkyKing\n|raw|TrueSkyKing's rating: 1164 &rarr; <strong>1190<\/strong><br \/>(+26 for winning)\n|raw|birds of fallacy's rating: 1182 &rarr; <strong>1156<\/strong><br \/>(-26 for losing)\n|l|\u2606birds of fallacy\n","uploadtime":1700684169,"views":0,"p1id":"trueskyking","p2id":"birdsoffallacy","formatid":"gen9ou","rating":1156,"private":0,"password":""}