{"id":"gen9ou-1995460544","p1":"Deez Tusks","p2":"OUVT TOSHI","format":"[Gen 9] OU","log":"|j|\u2606Deez Tusks\n|j|\u2606OUVT TOSHI\n|t:|1700573358\n|gametype|singles\n|player|p1|Deez Tusks|unknown|1550\n|player|p2|OUVT TOSHI|palmer|1597\n|teamsize|p1|6\n|teamsize|p2|6\n|gen|9\n|tier|[Gen 9] OU\n|rated|\n|rule|Sleep Clause Mod: Limit one foe put to sleep\n|rule|Species Clause: Limit one of each Pok\u00e9mon\n|rule|OHKO Clause: OHKO moves are banned\n|rule|Evasion Items Clause: Evasion items are banned\n|rule|Evasion Moves Clause: Evasion moves are banned\n|rule|Endless Battle Clause: Forcing endless battles is banned\n|rule|HP Percentage Mod: HP is shown in percentages\n|clearpoke\n|poke|p1|Greninja-*, M|\n|poke|p1|Thundurus-Therian, M|\n|poke|p1|Slowking-Galar, M|\n|poke|p1|Landorus-Therian, M|\n|poke|p1|Corviknight, F|\n|poke|p1|Cinderace, F|\n|poke|p2|Ogerpon-Wellspring, F|\n|poke|p2|Zamazenta-*|\n|poke|p2|Ting-Lu|\n|poke|p2|Iron Moth|\n|poke|p2|Zapdos|\n|poke|p2|Ursaluna, F|\n|teampreview\n|\n|t:|1700573379\n|start\n|switch|p1a: Thundurus|Thundurus-Therian, M|100\/100\n|switch|p2a: Ogerpon|Ogerpon-Wellspring, F|100\/100\n|turn|1\n|inactive|Battle timer is ON: inactive players will automatically lose when time's up. (requested by OUVT TOSHI)\n|\n|t:|1700573385\n|move|p1a: Thundurus|U-turn|p2a: Ogerpon\n|-supereffective|p2a: Ogerpon\n|-damage|p2a: Ogerpon|60\/100\n|j| SwabbyYabby\n|\n|t:|1700573401\n|switch|p1a: Cinderace|Cinderace, F|100\/100|[from] U-turn\n|move|p2a: Ogerpon|U-turn|p1a: Cinderace\n|-resisted|p1a: Cinderace\n|-damage|p1a: Cinderace|83\/100\n|\n|t:|1700573422\n|switch|p2a: Iron Moth|Iron Moth|100\/100|[from] U-turn\n|-enditem|p2a: Iron Moth|Booster Energy\n|-activate|p2a: Iron Moth|ability: Quark Drive|[fromitem]\n|-start|p2a: Iron Moth|quarkdrivespe\n|\n|upkeep\n|turn|2\n|\n|t:|1700573429\n|switch|p1a: Slowking|Slowking-Galar, M|100\/100\n|move|p2a: Iron Moth|Fiery Dance|p1a: Slowking\n|-damage|p1a: Slowking|74\/100\n|-boost|p2a: Iron Moth|spa|1\n|\n|upkeep\n|turn|3\n|\n|t:|1700573433\n|move|p2a: Iron Moth|Fiery Dance|p1a: Slowking\n|-damage|p1a: Slowking|42\/100\n|move|p1a: Slowking|Trick Room|p1a: Slowking\n|-fieldstart|move: Trick Room|[of] p1a: Slowking\n|\n|upkeep\n|turn|4\n|\n|t:|1700573438\n|-end|p2a: Iron Moth|Quark Drive|[silent]\n|switch|p2a: Ting-Lu|Ting-Lu|100\/100\n|-ability|p2a: Ting-Lu|Vessel of Ruin\n|move|p1a: Slowking|Psyshock|p2a: Ting-Lu\n|-immune|p2a: Ting-Lu\n|\n|upkeep\n|turn|5\n|\n|t:|1700573444\n|move|p1a: Slowking|Chilly Reception|p1a: Slowking\n|-weather|Snow\n|\n|t:|1700573452\n|switch|p1a: Landorus|Landorus-Therian, M|100\/100|[from] Chilly Reception\n|-ability|p1a: Landorus|Intimidate|boost\n|-unboost|p2a: Ting-Lu|atk|1\n|move|p2a: Ting-Lu|Stealth Rock|p1a: Landorus\n|-sidestart|p1: Deez Tusks|move: Stealth Rock\n|\n|-weather|Snow|[upkeep]\n|upkeep\n|turn|6\n|\n|t:|1700573456\n|move|p1a: Landorus|Stealth Rock|p2a: Ting-Lu\n|-sidestart|p2: OUVT TOSHI|move: Stealth Rock\n|move|p2a: Ting-Lu|Whirlwind|p1a: Landorus\n|drag|p1a: Thundurus|Thundurus-Therian, M|100\/100\n|-damage|p1a: Thundurus|76\/100|[from] Stealth Rock\n|\n|-weather|Snow|[upkeep]\n|upkeep\n|turn|7\n|\n|t:|1700573465\n|move|p2a: Ting-Lu|Ruination|p1a: Thundurus\n|-damage|p1a: Thundurus|38\/100\n|move|p1a: Thundurus|U-turn|p2a: Ting-Lu\n|-supereffective|p2a: Ting-Lu\n|-damage|p2a: Ting-Lu|83\/100\n|\n|t:|1700573470\n|switch|p1a: Slowking|Slowking-Galar, M|75\/100|[from] U-turn\n|\n|-weather|Snow|[upkeep]\n|-heal|p2a: Ting-Lu|89\/100|[from] item: Leftovers\n|-fieldend|move: Trick Room\n|upkeep\n|turn|8\n|\n|t:|1700573476\n|switch|p1a: Landorus|Landorus-Therian, M|100\/100\n|-ability|p1a: Landorus|Intimidate|boost\n|-unboost|p2a: Ting-Lu|atk|1\n|move|p2a: Ting-Lu|Earthquake|p1a: Landorus\n|-immune|p1a: Landorus\n|\n|-weather|Snow|[upkeep]\n|-heal|p2a: Ting-Lu|95\/100|[from] item: Leftovers\n|upkeep\n|turn|9\n|\n|t:|1700573486\n|move|p1a: Landorus|Earthquake|p2a: Ting-Lu\n|-damage|p2a: Ting-Lu|68\/100\n|move|p2a: Ting-Lu|Ruination|p1a: Landorus\n|-damage|p1a: Landorus|51\/100\n|\n|-weather|none\n|-heal|p2a: Ting-Lu|75\/100|[from] item: Leftovers\n|upkeep\n|turn|10\n|\n|t:|1700573494\n|switch|p2a: Zapdos|Zapdos|100\/100\n|move|p1a: Landorus|Smack Down|p2a: Zapdos\n|-supereffective|p2a: Zapdos\n|-crit|p2a: Zapdos\n|-damage|p2a: Zapdos|57\/100\n|-start|p2a: Zapdos|Smack Down\n|\n|upkeep\n|turn|11\n|\n|t:|1700573502\n|switch|p2a: Ursaluna|Ursaluna, F|100\/100\n|-damage|p2a: Ursaluna|94\/100|[from] Stealth Rock\n|move|p1a: Landorus|Earthquake|p2a: Ursaluna\n|-damage|p2a: Ursaluna|57\/100\n|\n|-status|p2a: Ursaluna|brn|[from] item: Flame Orb\n|upkeep\n|turn|12\n|\n|t:|1700573508\n|switch|p1a: Corviknight|Corviknight, F|100\/100\n|-damage|p1a: Corviknight|88\/100|[from] Stealth Rock\n|-ability|p1a: Corviknight|Pressure\n|move|p2a: Ursaluna|Facade|p1a: Corviknight\n|-resisted|p1a: Corviknight\n|-damage|p1a: Corviknight|52\/100\n|-damage|p2a: Ursaluna|40\/100 brn|[from] item: Rocky Helmet|[of] p1a: Corviknight\n|\n|-damage|p2a: Ursaluna|34\/100 brn|[from] brn\n|upkeep\n|turn|13\n|\n|t:|1700573516\n|move|p2a: Ursaluna|Fire Punch|p1a: Corviknight\n|-supereffective|p1a: Corviknight\n|-damage|p1a: Corviknight|2\/100\n|-damage|p2a: Ursaluna|18\/100 brn|[from] item: Rocky Helmet|[of] p1a: Corviknight\n|move|p1a: Corviknight|Roost|p1a: Corviknight\n|-heal|p1a: Corviknight|52\/100\n|-singleturn|p1a: Corviknight|move: Roost\n|\n|-damage|p2a: Ursaluna|12\/100 brn|[from] brn\n|upkeep\n|turn|14\n|\n|t:|1700573523\n|move|p2a: Ursaluna|Fire Punch|p1a: Corviknight\n|-supereffective|p1a: Corviknight\n|-damage|p1a: Corviknight|0 fnt\n|-damage|p2a: Ursaluna|0 fnt|[from] item: Rocky Helmet|[of] p1a: Corviknight\n|faint|p1a: Corviknight\n|faint|p2a: Ursaluna\n|\n|upkeep\n|\n|t:|1700573543\n|switch|p2a: Zapdos|Zapdos|57\/100\n|switch|p1a: Cinderace|Cinderace, F|83\/100\n|turn|15\n|\n|t:|1700573549\n|move|p1a: Cinderace|Pyro Ball|p2a: Zapdos\n|-damage|p2a: Zapdos|8\/100\n|-status|p2a: Zapdos|brn\n|move|p2a: Zapdos|Discharge|p1a: Cinderace\n|-damage|p1a: Cinderace|32\/100\n|\n|-damage|p2a: Zapdos|2\/100 brn|[from] brn\n|upkeep\n|turn|16\n|\n|t:|1700573558\n|move|p1a: Cinderace|Pyro Ball|p2a: Zapdos\n|-damage|p2a: Zapdos|0 fnt\n|faint|p2a: Zapdos\n|\n|upkeep\n|\n|t:|1700573563\n|switch|p2a: Iron Moth|Iron Moth|100\/100\n|-damage|p2a: Iron Moth|76\/100|[from] Stealth Rock\n|turn|17\n|\n|t:|1700573568\n|move|p1a: Cinderace|Pyro Ball|p2a: Iron Moth\n|-resisted|p2a: Iron Moth\n|-damage|p2a: Iron Moth|33\/100\n|move|p2a: Iron Moth|Fiery Dance|p1a: Cinderace\n|-resisted|p1a: Cinderace\n|-damage|p1a: Cinderace|3\/100\n|\n|upkeep\n|turn|18\n|\n|t:|1700573573\n|move|p1a: Cinderace|Pyro Ball|p2a: Iron Moth\n|-resisted|p2a: Iron Moth\n|-damage|p2a: Iron Moth|0 fnt\n|faint|p2a: Iron Moth\n|-end|p2a: Iron Moth|Quark Drive|[silent]\n|\n|upkeep\n|\n|t:|1700573579\n|switch|p2a: Zamazenta|Zamazenta|100\/100\n|-ability|p2a: Zamazenta|Dauntless Shield|boost\n|-boost|p2a: Zamazenta|def|1\n|turn|19\n|\n|t:|1700573582\n|move|p2a: Zamazenta|Heavy Slam|p1a: Cinderace\n|-resisted|p1a: Cinderace\n|-damage|p1a: Cinderace|0 fnt\n|faint|p1a: Cinderace\n|\n|upkeep\n|\n|t:|1700573585\n|switch|p1a: Thundurus|Thundurus-Therian, M|38\/100\n|-damage|p1a: Thundurus|14\/100|[from] Stealth Rock\n|turn|20\n|\n|t:|1700573589\n|switch|p2a: Ting-Lu|Ting-Lu|75\/100\n|-damage|p2a: Ting-Lu|68\/100|[from] Stealth Rock\n|-ability|p2a: Ting-Lu|Vessel of Ruin\n|-terastallize|p1a: Thundurus|Flying\n|move|p1a: Thundurus|Tera Blast|p2a: Ting-Lu|[anim] Tera Blast Flying\n|-damage|p2a: Ting-Lu|43\/100\n|\n|-heal|p2a: Ting-Lu|49\/100|[from] item: Leftovers\n|upkeep\n|turn|21\n|\n|t:|1700573598\n|move|p1a: Thundurus|Tera Blast|p2a: Ting-Lu|[anim] Tera Blast Flying\n|-damage|p2a: Ting-Lu|23\/100\n|move|p2a: Ting-Lu|Whirlwind|p1a: Thundurus\n|drag|p1a: Landorus|Landorus-Therian, M|51\/100\n|-ability|p1a: Landorus|Intimidate|boost\n|-unboost|p2a: Ting-Lu|atk|1\n|\n|-heal|p2a: Ting-Lu|29\/100|[from] item: Leftovers\n|upkeep\n|turn|22\n|\n|t:|1700573603\n|move|p1a: Landorus|Earthquake|p2a: Ting-Lu\n|-damage|p2a: Ting-Lu|0 fnt\n|faint|p2a: Ting-Lu\n|\n|upkeep\n|\n|t:|1700573608\n|switch|p2a: Ogerpon|Ogerpon-Wellspring, F|60\/100\n|-damage|p2a: Ogerpon|48\/100|[from] Stealth Rock\n|turn|23\n|\n|t:|1700573612\n|move|p2a: Ogerpon|Ivy Cudgel|p1a: Landorus|[anim] Ivy Cudgel Water\n|-supereffective|p1a: Landorus\n|-damage|p1a: Landorus|0 fnt\n|faint|p1a: Landorus\n|\n|upkeep\n|\n|t:|1700573619\n|switch|p1a: Greninja|Greninja, M|100\/100\n|-damage|p1a: Greninja|88\/100|[from] Stealth Rock\n|turn|24\n|\n|t:|1700573623\n|switch|p2a: Zamazenta|Zamazenta|100\/100\n|move|p1a: Greninja|Ice Beam|p2a: Zamazenta\n|-start|p1a: Greninja|typechange|Ice|[from] ability: Protean\n|-damage|p2a: Zamazenta|53\/100\n|-status|p2a: Zamazenta|frz\n|\n|upkeep\n|turn|25\n|c|\u2606OUVT TOSHI|._.\n|c|\u2606Deez Tusks|sorry bro\n|\n|t:|1700573638\n|switch|p1a: Thundurus|Thundurus-Therian, M, tera:Flying|14\/100\n|-damage|p1a: Thundurus|0 fnt|[from] Stealth Rock\n|faint|p1a: Thundurus\n|cant|p2a: Zamazenta|frz\n|\n|upkeep\n|\n|t:|1700573650\n|switch|p1a: Slowking|Slowking-Galar, M|100\/100\n|turn|26\n|\n|t:|1700573657\n|-terastallize|p2a: Zamazenta|Ice\n|cant|p2a: Zamazenta|frz\n|move|p1a: Slowking|Psyshock|p2a: Zamazenta\n|-damage|p2a: Zamazenta|28\/100 frz\n|\n|upkeep\n|turn|27\n|\n|t:|1700573667\n|-curestatus|p2a: Zamazenta|frz|[msg]\n|move|p2a: Zamazenta|Crunch|p1a: Slowking\n|-supereffective|p1a: Slowking\n|-damage|p1a: Slowking|43\/100\n|move|p1a: Slowking|Chilly Reception|p1a: Slowking\n|-weather|Snow\n|\n|t:|1700573675\n|switch|p1a: Greninja|Greninja, M|88\/100|[from] Chilly Reception\n|-damage|p1a: Greninja|76\/100|[from] Stealth Rock\n|\n|-weather|Snow|[upkeep]\n|upkeep\n|turn|28\n|\n|t:|1700573681\n|move|p2a: Zamazenta|Close Combat|p1a: Greninja\n|-supereffective|p1a: Greninja\n|-damage|p1a: Greninja|0 fnt\n|-unboost|p2a: Zamazenta|def|1\n|-unboost|p2a: Zamazenta|spd|1\n|faint|p1a: Greninja\n|\n|-weather|Snow|[upkeep]\n|upkeep\n|\n|t:|1700573685\n|switch|p1a: Slowking|Slowking-Galar, M|76\/100\n|turn|29\n|\n|t:|1700573689\n|move|p2a: Zamazenta|Crunch|p1a: Slowking\n|-supereffective|p1a: Slowking\n|-damage|p1a: Slowking|18\/100\n|-unboost|p1a: Slowking|def|1\n|move|p1a: Slowking|Trick Room|p1a: Slowking\n|-fieldstart|move: Trick Room|[of] p1a: Slowking\n|\n|-weather|Snow|[upkeep]\n|upkeep\n|turn|30\n|\n|t:|1700573696\n|move|p1a: Slowking|Sludge Bomb|p2a: Zamazenta\n|-damage|p2a: Zamazenta|0 fnt\n|faint|p2a: Zamazenta\n|\n|-weather|Snow|[upkeep]\n|upkeep\n|\n|t:|1700573701\n|switch|p2a: Ogerpon|Ogerpon-Wellspring, F|48\/100\n|-damage|p2a: Ogerpon|35\/100|[from] Stealth Rock\n|turn|31\n|\n|t:|1700573705\n|move|p1a: Slowking|Sludge Bomb|p2a: Ogerpon\n|-supereffective|p2a: Ogerpon\n|-damage|p2a: Ogerpon|0 fnt\n|faint|p2a: Ogerpon\n|\n|win|Deez Tusks\n|raw|Deez Tusks's rating: 1550 &rarr; <strong>1573<\/strong><br \/>(+23 for winning)\n|raw|OUVT TOSHI's rating: 1597 &rarr; <strong>1574<\/strong><br \/>(-23 for losing)\n|c|\u2606Deez Tusks|gg\n|l|\u2606OUVT TOSHI\n|l| SwabbyYabby\n","uploadtime":1700573907,"views":6,"p1id":"deeztusks","p2id":"ouvttoshi","formatid":"gen9ou","rating":1573,"private":0,"password":""}