{"id":"gen9ou-1993252304","p1":"stee1osprei","p2":"NoobNpc_69","format":"[Gen 9] OU","log":"|j|\u2606stee1osprei\n|j|\u2606NoobNpc_69\n|t:|1700284570\n|gametype|singles\n|player|p1|stee1osprei|candice|1564\n|player|p2|NoobNpc_69|unknown|1490\n|teamsize|p1|6\n|teamsize|p2|6\n|gen|9\n|tier|[Gen 9] OU\n|rated|\n|rule|Sleep Clause Mod: Limit one foe put to sleep\n|rule|Species Clause: Limit one of each Pok\u00e9mon\n|rule|OHKO Clause: OHKO moves are banned\n|rule|Evasion Items Clause: Evasion items are banned\n|rule|Evasion Moves Clause: Evasion moves are banned\n|rule|Endless Battle Clause: Forcing endless battles is banned\n|rule|HP Percentage Mod: HP is shown in percentages\n|clearpoke\n|poke|p1|Azumarill, M|\n|poke|p1|Dragonite, M|\n|poke|p1|Forretress, F|\n|poke|p1|Hatterene, F|\n|poke|p1|Skeledirge, M|\n|poke|p1|Kingambit, F|\n|poke|p2|Gengar, M|\n|poke|p2|Dondozo, M|\n|poke|p2|Heatran, F|\n|poke|p2|Thundurus-Therian, M|\n|poke|p2|Ogerpon-Cornerstone, F|\n|poke|p2|Kingambit, F|\n|teampreview\n|inactive|Battle timer is ON: inactive players will automatically lose when time's up. (requested by NoobNpc_69)\n|inactive|stee1osprei has 120 seconds left.\n|inactive|NoobNpc_69 has 120 seconds left.\n|inactive|stee1osprei has 90 seconds left.\n|\n|t:|1700284634\n|start\n|switch|p1a: Hatterene|Hatterene, F|100\/100\n|switch|p2a: Gengar|Gengar, M|100\/100\n|turn|1\n|\n|t:|1700284655\n|switch|p2a: Heatran|Heatran, F|100\/100\n|move|p1a: Hatterene|Psyshock|p2a: Heatran\n|-resisted|p2a: Heatran\n|-damage|p2a: Heatran|79\/100\n|\n|-heal|p2a: Heatran|85\/100|[from] item: Leftovers\n|upkeep\n|turn|2\n|\n|t:|1700284663\n|switch|p1a: Azumarill|Azumarill, M|100\/100\n|move|p2a: Heatran|Magma Storm|p1a: Azumarill\n|-resisted|p1a: Azumarill\n|-damage|p1a: Azumarill|87\/100\n|-activate|p1a: Azumarill|move: Magma Storm|[of] p2a: Heatran\n|\n|-heal|p2a: Heatran|91\/100|[from] item: Leftovers\n|-damage|p1a: Azumarill|75\/100|[from] move: Magma Storm|[partiallytrapped]\n|upkeep\n|turn|3\n|\n|t:|1700284673\n|switch|p2a: Dondozo|Dondozo, M|100\/100\n|move|p1a: Azumarill|Liquidation|p2a: Dondozo\n|-resisted|p2a: Dondozo\n|-damage|p2a: Dondozo|88\/100\n|-unboost|p2a: Dondozo|def|1\n|\n|-end|p1a: Azumarill|Magma Storm|[partiallytrapped]|[silent]\n|upkeep\n|turn|4\n|\n|t:|1700284686\n|switch|p1a: Forretress|Forretress, F|100\/100\n|switch|p2a: Gengar|Gengar, M|100\/100\n|\n|upkeep\n|turn|5\n|\n|t:|1700284698\n|switch|p1a: Kingambit|Kingambit, F|100\/100\n|move|p2a: Gengar|Shadow Ball|p1a: Kingambit\n|-resisted|p1a: Kingambit\n|-damage|p1a: Kingambit|72\/100\n|\n|-heal|p1a: Kingambit|78\/100|[from] item: Leftovers\n|upkeep\n|turn|6\n|\n|t:|1700284721\n|switch|p2a: Dondozo|Dondozo, M|88\/100\n|move|p1a: Kingambit|Kowtow Cleave|p2a: Dondozo\n|-damage|p2a: Dondozo|66\/100\n|\n|-heal|p1a: Kingambit|84\/100|[from] item: Leftovers\n|upkeep\n|turn|7\n|\n|t:|1700284729\n|-end|p1a: Kingambit|fallenundefined|[silent]\n|switch|p1a: Forretress|Forretress, F|100\/100\n|move|p2a: Dondozo|Rest|p2a: Dondozo\n|-status|p2a: Dondozo|slp|[from] move: Rest\n|-heal|p2a: Dondozo|100\/100 slp|[silent]\n|\n|upkeep\n|turn|8\n|\n|t:|1700284738\n|switch|p2a: Thundurus|Thundurus-Therian, M|100\/100\n|move|p1a: Forretress|Spikes|p2a: Thundurus\n|-sidestart|p2: NoobNpc_69|Spikes\n|\n|upkeep\n|turn|9\n|inactive|stee1osprei has 120 seconds left.\n|\n|t:|1700284763\n|switch|p1a: Skeledirge|Skeledirge, M|100\/100\n|move|p2a: Thundurus|Thunderbolt|p1a: Skeledirge\n|-damage|p1a: Skeledirge|64\/100\n|\n|upkeep\n|turn|10\n|inactive|stee1osprei has 120 seconds left.\n|\n|t:|1700284776\n|move|p2a: Thundurus|Volt Switch|p1a: Skeledirge\n|-damage|p1a: Skeledirge|35\/100\n|\n|t:|1700284784\n|switch|p2a: Heatran|Heatran, F|91\/100|[from] Volt Switch\n|-damage|p2a: Heatran|79\/100|[from] Spikes\n|move|p1a: Skeledirge|Shadow Ball|p2a: Heatran\n|-damage|p2a: Heatran|60\/100\n|\n|-heal|p2a: Heatran|66\/100|[from] item: Leftovers\n|upkeep\n|turn|11\n|\n|t:|1700284793\n|move|p2a: Heatran|Taunt|p1a: Skeledirge\n|-start|p1a: Skeledirge|move: Taunt\n|cant|p1a: Skeledirge|move: Taunt|Slack Off\n|\n|-heal|p2a: Heatran|73\/100|[from] item: Leftovers\n|upkeep\n|turn|12\n|\n|t:|1700284803\n|switch|p1a: Azumarill|Azumarill, M|75\/100\n|move|p2a: Heatran|Magma Storm|p1a: Azumarill\n|-resisted|p1a: Azumarill\n|-damage|p1a: Azumarill|60\/100\n|-activate|p1a: Azumarill|move: Magma Storm|[of] p2a: Heatran\n|\n|-heal|p2a: Heatran|79\/100|[from] item: Leftovers\n|-damage|p1a: Azumarill|48\/100|[from] move: Magma Storm|[partiallytrapped]\n|upkeep\n|turn|13\n|\n|t:|1700284817\n|-terastallize|p2a: Heatran|Grass\n|move|p2a: Heatran|Earth Power|p1a: Azumarill\n|-damage|p1a: Azumarill|30\/100\n|move|p1a: Azumarill|Liquidation|p2a: Heatran\n|-resisted|p2a: Heatran\n|-damage|p2a: Heatran|55\/100\n|\n|-heal|p2a: Heatran|61\/100|[from] item: Leftovers\n|-damage|p1a: Azumarill|18\/100|[from] move: Magma Storm|[partiallytrapped]\n|upkeep\n|turn|14\n|\n|t:|1700284827\n|move|p2a: Heatran|Earth Power|p1a: Azumarill\n|-damage|p1a: Azumarill|1\/100\n|move|p1a: Azumarill|Ice Spinner|p2a: Heatran\n|-supereffective|p2a: Heatran\n|-damage|p2a: Heatran|7\/100\n|\n|-heal|p2a: Heatran|13\/100|[from] item: Leftovers\n|-damage|p1a: Azumarill|0 fnt|[from] move: Magma Storm|[partiallytrapped]\n|faint|p1a: Azumarill\n|upkeep\n|inactive|stee1osprei has 120 seconds left.\n|\n|t:|1700284875\n|switch|p1a: Hatterene|Hatterene, F|100\/100\n|turn|15\n|\n|t:|1700284882\n|move|p2a: Heatran|Magma Storm|p1a: Hatterene\n|-damage|p1a: Hatterene|56\/100\n|-activate|p1a: Hatterene|move: Magma Storm|[of] p2a: Heatran\n|move|p1a: Hatterene|Trick Room|p1a: Hatterene\n|-fieldstart|move: Trick Room|[of] p1a: Hatterene\n|\n|-heal|p1a: Hatterene|62\/100|[from] item: Leftovers\n|-heal|p2a: Heatran|19\/100|[from] item: Leftovers\n|-damage|p1a: Hatterene|50\/100|[from] move: Magma Storm|[partiallytrapped]\n|upkeep\n|turn|16\n|\n|t:|1700284891\n|move|p1a: Hatterene|Draining Kiss|p2a: Heatran\n|-damage|p2a: Heatran|2\/100\n|-heal|p1a: Hatterene|66\/100|[from] drain|[of] p2a: Heatran\n|move|p2a: Heatran|Magma Storm|p1a: Hatterene\n|-damage|p1a: Hatterene|17\/100\n|\n|-heal|p1a: Hatterene|23\/100|[from] item: Leftovers\n|-heal|p2a: Heatran|8\/100|[from] item: Leftovers\n|-damage|p1a: Hatterene|10\/100|[from] move: Magma Storm|[partiallytrapped]\n|upkeep\n|turn|17\n|\n|t:|1700284902\n|move|p1a: Hatterene|Draining Kiss|p2a: Heatran\n|-damage|p2a: Heatran|0 fnt\n|-heal|p1a: Hatterene|17\/100|[from] drain|[of] p2a: Heatran\n|faint|p2a: Heatran\n|\n|-heal|p1a: Hatterene|23\/100|[from] item: Leftovers\n|-end|p1a: Hatterene|Magma Storm|[partiallytrapped]|[silent]\n|upkeep\n|\n|t:|1700284924\n|switch|p2a: Thundurus|Thundurus-Therian, M|100\/100\n|turn|18\n|\n|t:|1700284929\n|move|p1a: Hatterene|Draining Kiss|p2a: Thundurus\n|-damage|p2a: Thundurus|60\/100\n|-heal|p1a: Hatterene|52\/100|[from] drain|[of] p2a: Thundurus\n|move|p2a: Thundurus|Thunderbolt|p1a: Hatterene\n|-damage|p1a: Hatterene|2\/100\n|-status|p1a: Hatterene|par\n|\n|-heal|p1a: Hatterene|8\/100 par|[from] item: Leftovers\n|upkeep\n|turn|19\n|inactive|stee1osprei has 120 seconds left.\n|\n|t:|1700284941\n|move|p1a: Hatterene|Psyshock|p2a: Thundurus\n|-damage|p2a: Thundurus|0 fnt\n|faint|p2a: Thundurus\n|\n|-heal|p1a: Hatterene|14\/100 par|[from] item: Leftovers\n|-fieldend|move: Trick Room\n|upkeep\n|\n|t:|1700284947\n|switch|p2a: Ogerpon|Ogerpon-Cornerstone, F|100\/100\n|-damage|p2a: Ogerpon|88\/100|[from] Spikes\n|turn|20\n|\n|t:|1700284952\n|move|p2a: Ogerpon|Ivy Cudgel|p1a: Hatterene|[anim] Ivy Cudgel Rock\n|-damage|p1a: Hatterene|0 fnt\n|faint|p1a: Hatterene\n|\n|upkeep\n|\n|t:|1700284967\n|switch|p1a: Forretress|Forretress, F|100\/100\n|turn|21\n|\n|t:|1700284978\n|move|p2a: Ogerpon|Spikes|p1a: Forretress\n|-sidestart|p1: stee1osprei|Spikes\n|move|p1a: Forretress|Body Press|p2a: Ogerpon\n|-supereffective|p2a: Ogerpon\n|-damage|p2a: Ogerpon|8\/100\n|\n|upkeep\n|turn|22\n|\n|t:|1700284985\n|switch|p2a: Gengar|Gengar, M|100\/100\n|-damage|p2a: Gengar|88\/100|[from] Spikes\n|move|p1a: Forretress|Spikes|p2a: Gengar\n|-sidestart|p2: NoobNpc_69|Spikes\n|\n|upkeep\n|turn|23\n|inactive|stee1osprei has 120 seconds left.\n|\n|t:|1700285011\n|switch|p1a: Skeledirge|Skeledirge, M|35\/100\n|-damage|p1a: Skeledirge|23\/100|[from] Spikes\n|move|p2a: Gengar|Focus Blast|p1a: Skeledirge\n|-immune|p1a: Skeledirge\n|\n|upkeep\n|turn|24\n|inactive|stee1osprei has 120 seconds left.\n|\n|t:|1700285018\n|switch|p2a: Ogerpon|Ogerpon-Cornerstone, F|8\/100\n|-damage|p2a: Ogerpon|0 fnt|[from] Spikes\n|faint|p2a: Ogerpon\n|move|p1a: Skeledirge|Slack Off|p1a: Skeledirge\n|-heal|p1a: Skeledirge|73\/100\n|\n|upkeep\n|\n|t:|1700285020\n|switch|p2a: Gengar|Gengar, M|88\/100\n|-damage|p2a: Gengar|72\/100|[from] Spikes\n|turn|25\n|inactive|stee1osprei has 120 seconds left.\n|\n|t:|1700285037\n|-terastallize|p1a: Skeledirge|Water\n|move|p2a: Gengar|Focus Blast|p1a: Skeledirge\n|-damage|p1a: Skeledirge|24\/100\n|move|p1a: Skeledirge|Shadow Ball|p2a: Gengar\n|-supereffective|p2a: Gengar\n|-damage|p2a: Gengar|0 fnt\n|faint|p2a: Gengar\n|\n|upkeep\n|\n|t:|1700285045\n|switch|p2a: Kingambit|Kingambit, F|100\/100\n|-damage|p2a: Kingambit|84\/100|[from] Spikes\n|-activate|p2a: Kingambit|ability: Supreme Overlord\n|-start|p2a: Kingambit|fallen4|[silent]\n|turn|26\n|\n|t:|1700285052\n|move|p1a: Skeledirge|Slack Off|p1a: Skeledirge\n|-heal|p1a: Skeledirge|74\/100\n|move|p2a: Kingambit|Kowtow Cleave|p1a: Skeledirge\n|-crit|p1a: Skeledirge\n|-damage|p1a: Skeledirge|0 fnt\n|faint|p1a: Skeledirge\n|\n|-heal|p2a: Kingambit|90\/100|[from] item: Leftovers\n|upkeep\n|\n|t:|1700285063\n|switch|p1a: Forretress|Forretress, F|100\/100\n|-damage|p1a: Forretress|88\/100|[from] Spikes\n|turn|27\n|\n|t:|1700285067\n|-end|p2a: Kingambit|fallen4|[silent]\n|switch|p2a: Dondozo|Dondozo, M|100\/100 slp\n|move|p1a: Forretress|Body Press|p2a: Dondozo\n|-damage|p2a: Dondozo|85\/100 slp\n|\n|-heal|p1a: Forretress|94\/100|[from] item: Leftovers\n|upkeep\n|turn|28\n|\n|t:|1700285075\n|move|p1a: Forretress|Giga Drain|p2a: Dondozo\n|-supereffective|p2a: Dondozo\n|-damage|p2a: Dondozo|65\/100 slp\n|-heal|p1a: Forretress|100\/100|[from] drain|[of] p2a: Dondozo\n|cant|p2a: Dondozo|slp\n|move|p2a: Dondozo|Sleep Talk|p2a: Dondozo\n|move|p2a: Dondozo|Rest||[from]move: Sleep Talk|[still]\n|-fail|p2a: Dondozo\n|\n|upkeep\n|turn|29\n|\n|t:|1700285085\n|move|p1a: Forretress|Giga Drain|p2a: Dondozo\n|-supereffective|p2a: Dondozo\n|-damage|p2a: Dondozo|43\/100 slp\n|cant|p2a: Dondozo|slp\n|move|p2a: Dondozo|Sleep Talk|p2a: Dondozo\n|move|p2a: Dondozo|Body Press|p1a: Forretress|[from]move: Sleep Talk\n|-damage|p1a: Forretress|84\/100\n|\n|-heal|p1a: Forretress|90\/100|[from] item: Leftovers\n|upkeep\n|turn|30\n|\n|t:|1700285097\n|move|p1a: Forretress|Rapid Spin|p2a: Dondozo\n|-damage|p2a: Dondozo|39\/100 slp\n|-boost|p1a: Forretress|spe|1\n|-sideend|p1: stee1osprei|Spikes|[from] move: Rapid Spin|[of] p1a: Forretress\n|-curestatus|p2a: Dondozo|slp|[msg]\n|move|p2a: Dondozo|Rest|p2a: Dondozo\n|-status|p2a: Dondozo|slp|[from] move: Rest\n|-heal|p2a: Dondozo|100\/100 slp|[silent]\n|\n|-heal|p1a: Forretress|96\/100|[from] item: Leftovers\n|upkeep\n|turn|31\n|\n|t:|1700285107\n|move|p1a: Forretress|Giga Drain|p2a: Dondozo\n|-supereffective|p2a: Dondozo\n|-damage|p2a: Dondozo|77\/100 slp\n|-heal|p1a: Forretress|100\/100|[from] drain|[of] p2a: Dondozo\n|cant|p2a: Dondozo|slp\n|move|p2a: Dondozo|Sleep Talk|p2a: Dondozo\n|move|p2a: Dondozo|Liquidation|p1a: Forretress|[from]move: Sleep Talk\n|-damage|p1a: Forretress|83\/100\n|\n|-heal|p1a: Forretress|89\/100|[from] item: Leftovers\n|upkeep\n|turn|32\n|\n|t:|1700285118\n|move|p1a: Forretress|Giga Drain|p2a: Dondozo\n|-supereffective|p2a: Dondozo\n|-damage|p2a: Dondozo|56\/100 slp\n|-heal|p1a: Forretress|100\/100|[from] drain|[of] p2a: Dondozo\n|cant|p2a: Dondozo|slp\n|move|p2a: Dondozo|Sleep Talk|p2a: Dondozo\n|move|p2a: Dondozo|Rest||[from]move: Sleep Talk|[still]\n|-fail|p2a: Dondozo\n|\n|upkeep\n|turn|33\n|\n|t:|1700285128\n|move|p1a: Forretress|Giga Drain|p2a: Dondozo\n|-supereffective|p2a: Dondozo\n|-damage|p2a: Dondozo|36\/100 slp\n|-curestatus|p2a: Dondozo|slp|[msg]\n|move|p2a: Dondozo|Liquidation|p1a: Forretress\n|-damage|p1a: Forretress|84\/100\n|\n|-heal|p1a: Forretress|90\/100|[from] item: Leftovers\n|upkeep\n|turn|34\n|\n|t:|1700285140\n|move|p1a: Forretress|Body Press|p2a: Dondozo\n|-damage|p2a: Dondozo|20\/100\n|move|p2a: Dondozo|Rest|p2a: Dondozo\n|-status|p2a: Dondozo|slp|[from] move: Rest\n|-heal|p2a: Dondozo|100\/100 slp|[silent]\n|\n|-heal|p1a: Forretress|96\/100|[from] item: Leftovers\n|upkeep\n|turn|35\n|\n|t:|1700285148\n|move|p1a: Forretress|Spikes|p2a: Dondozo\n|-sidestart|p2: NoobNpc_69|Spikes\n|cant|p2a: Dondozo|slp\n|move|p2a: Dondozo|Sleep Talk|p2a: Dondozo\n|move|p2a: Dondozo|Body Press|p1a: Forretress|[from]move: Sleep Talk\n|-damage|p1a: Forretress|82\/100\n|\n|-heal|p1a: Forretress|88\/100|[from] item: Leftovers\n|upkeep\n|turn|36\n|\n|t:|1700285157\n|move|p1a: Forretress|Rapid Spin|p2a: Dondozo\n|-damage|p2a: Dondozo|96\/100 slp\n|-boost|p1a: Forretress|spe|1\n|cant|p2a: Dondozo|slp\n|move|p2a: Dondozo|Sleep Talk|p2a: Dondozo\n|move|p2a: Dondozo|Liquidation|p1a: Forretress|[from]move: Sleep Talk\n|-damage|p1a: Forretress|71\/100\n|\n|-heal|p1a: Forretress|78\/100|[from] item: Leftovers\n|upkeep\n|turn|37\n|\n|t:|1700285169\n|move|p1a: Forretress|Giga Drain|p2a: Dondozo\n|-supereffective|p2a: Dondozo\n|-damage|p2a: Dondozo|75\/100 slp\n|-heal|p1a: Forretress|93\/100|[from] drain|[of] p2a: Dondozo\n|-curestatus|p2a: Dondozo|slp|[msg]\n|move|p2a: Dondozo|Sleep Talk||[still]\n|-fail|p2a: Dondozo\n|\n|-heal|p1a: Forretress|99\/100|[from] item: Leftovers\n|upkeep\n|turn|38\n|\n|t:|1700285179\n|move|p1a: Forretress|Rapid Spin|p2a: Dondozo\n|-damage|p2a: Dondozo|71\/100\n|-boost|p1a: Forretress|spe|1\n|move|p2a: Dondozo|Body Press|p1a: Forretress\n|-damage|p1a: Forretress|82\/100\n|\n|-heal|p1a: Forretress|88\/100|[from] item: Leftovers\n|upkeep\n|turn|39\n|\n|t:|1700285187\n|move|p1a: Forretress|Body Press|p2a: Dondozo\n|-damage|p2a: Dondozo|56\/100\n|move|p2a: Dondozo|Liquidation|p1a: Forretress\n|-damage|p1a: Forretress|72\/100\n|\n|-heal|p1a: Forretress|78\/100|[from] item: Leftovers\n|upkeep\n|turn|40\n|\n|t:|1700285195\n|move|p1a: Forretress|Body Press|p2a: Dondozo\n|-damage|p2a: Dondozo|42\/100\n|move|p2a: Dondozo|Liquidation|p1a: Forretress\n|-damage|p1a: Forretress|63\/100\n|-unboost|p1a: Forretress|def|1\n|\n|-heal|p1a: Forretress|69\/100|[from] item: Leftovers\n|upkeep\n|turn|41\n|\n|t:|1700285207\n|move|p1a: Forretress|Giga Drain|p2a: Dondozo\n|-supereffective|p2a: Dondozo\n|-damage|p2a: Dondozo|21\/100\n|-heal|p1a: Forretress|84\/100|[from] drain|[of] p2a: Dondozo\n|move|p2a: Dondozo|Rest|p2a: Dondozo\n|-status|p2a: Dondozo|slp|[from] move: Rest\n|-heal|p2a: Dondozo|100\/100 slp|[silent]\n|\n|-heal|p1a: Forretress|90\/100|[from] item: Leftovers\n|upkeep\n|turn|42\n|\n|t:|1700285221\n|switch|p1a: Dragonite|Dragonite, M|100\/100\n|cant|p2a: Dondozo|slp\n|move|p2a: Dondozo|Sleep Talk|p2a: Dondozo\n|move|p2a: Dondozo|Body Press|p1a: Dragonite|[from]move: Sleep Talk\n|-resisted|p1a: Dragonite\n|-damage|p1a: Dragonite|93\/100\n|\n|upkeep\n|turn|43\n|\n|t:|1700285239\n|switch|p1a: Forretress|Forretress, F|90\/100\n|switch|p2a: Kingambit|Kingambit, F|90\/100\n|-damage|p2a: Kingambit|65\/100|[from] Spikes\n|-activate|p2a: Kingambit|ability: Supreme Overlord\n|-start|p2a: Kingambit|fallen4|[silent]\n|\n|-heal|p2a: Kingambit|71\/100|[from] item: Leftovers\n|-heal|p1a: Forretress|96\/100|[from] item: Leftovers\n|upkeep\n|turn|44\n|\n|t:|1700285250\n|move|p2a: Kingambit|Kowtow Cleave|p1a: Forretress\n|-damage|p1a: Forretress|60\/100\n|move|p1a: Forretress|Body Press|p2a: Kingambit\n|-supereffective|p2a: Kingambit\n|-damage|p2a: Kingambit|0 fnt\n|faint|p2a: Kingambit\n|-end|p2a: Kingambit|fallen4|[silent]\n|\n|-heal|p1a: Forretress|66\/100|[from] item: Leftovers\n|upkeep\n|\n|t:|1700285253\n|switch|p2a: Dondozo|Dondozo, M|100\/100 slp\n|turn|45\n|-message|NoobNpc_69 forfeited.\n|\n|win|stee1osprei\n|raw|stee1osprei's rating: 1564 &rarr; <strong>1580<\/strong><br \/>(+16 for winning)\n|raw|NoobNpc_69's rating: 1490 &rarr; <strong>1474<\/strong><br \/>(-16 for losing)\n|l|\u2606NoobNpc_69\n","uploadtime":1700285276,"views":18,"p1id":"stee1osprei","p2id":"noobnpc69","formatid":"gen9ou","rating":1474,"private":0,"password":""}