{"id":"gen9ou-1995850562","p1":"Zovafire","p2":"Nugget O Silver","format":"[Gen 9] OU","log":"|j|\u2606Zovafire\n|j|\u2606Nugget O Silver\n|t:|1700609549\n|gametype|singles\n|player|p1|Zovafire|roxie|\n|player|p2|Nugget O Silver|colress|\n|teamsize|p1|6\n|teamsize|p2|6\n|gen|9\n|tier|[Gen 9] OU\n|rule|Sleep Clause Mod: Limit one foe put to sleep\n|rule|Species Clause: Limit one of each Pok\u00e9mon\n|rule|OHKO Clause: OHKO moves are banned\n|rule|Evasion Items Clause: Evasion items are banned\n|rule|Evasion Moves Clause: Evasion moves are banned\n|rule|Endless Battle Clause: Forcing endless battles is banned\n|rule|HP Percentage Mod: HP is shown in percentages\n|clearpoke\n|poke|p1|Great Tusk|\n|poke|p1|Ogerpon-Wellspring, F|\n|poke|p1|Hatterene, F|\n|poke|p1|Kingambit, M|\n|poke|p1|Meowscarada, F|\n|poke|p1|Ninetales-Alola, F|\n|poke|p2|Rillaboom, M|\n|poke|p2|Hawlucha, M|\n|poke|p2|Zamazenta-*|\n|poke|p2|Ogerpon-Cornerstone, F|\n|poke|p2|Great Tusk|\n|poke|p2|Iron Moth|\n|teampreview\n|inactive|Battle timer is ON: inactive players will automatically lose when time's up. (requested by Zovafire)\n|\n|t:|1700609558\n|start\n|switch|p1a: Shiver Tails|Ninetales-Alola, F|100\/100\n|switch|p2a: Great Tusk|Great Tusk|100\/100\n|-weather|Snow|[from] ability: Snow Warning|[of] p1a: Shiver Tails\n|turn|1\n|\n|t:|1700609574\n|move|p1a: Shiver Tails|Aurora Veil|p1a: Shiver Tails\n|-sidestart|p1: Zovafire|move: Aurora Veil\n|move|p2a: Great Tusk|Close Combat|p1a: Shiver Tails\n|-damage|p1a: Shiver Tails|74\/100\n|-unboost|p2a: Great Tusk|def|1\n|-unboost|p2a: Great Tusk|spd|1\n|\n|-weather|Snow|[upkeep]\n|upkeep\n|turn|2\n|\n|t:|1700609583\n|switch|p1a: Great Tusk|Great Tusk|100\/100\n|-enditem|p1a: Great Tusk|Booster Energy\n|-activate|p1a: Great Tusk|ability: Protosynthesis|[fromitem]\n|-start|p1a: Great Tusk|protosynthesisspe\n|-end|p2a: Great Tusk|Protosynthesis|[silent]\n|switch|p2a: Iron Moth|Iron Moth|100\/100\n|-enditem|p2a: Iron Moth|Booster Energy\n|-activate|p2a: Iron Moth|ability: Quark Drive|[fromitem]\n|-start|p2a: Iron Moth|quarkdrivespe\n|\n|-weather|Snow|[upkeep]\n|upkeep\n|turn|3\n|\n|t:|1700609593\n|-terastallize|p2a: Iron Moth|Ghost\n|move|p2a: Iron Moth|Energy Ball|p1a: Great Tusk\n|-supereffective|p1a: Great Tusk\n|-damage|p1a: Great Tusk|61\/100\n|-unboost|p1a: Great Tusk|spd|1\n|move|p1a: Great Tusk|Knock Off|p2a: Iron Moth\n|-supereffective|p2a: Iron Moth\n|-damage|p2a: Iron Moth|49\/100\n|\n|-weather|Snow|[upkeep]\n|upkeep\n|turn|4\n|\n|t:|1700609601\n|move|p2a: Iron Moth|Energy Ball|p1a: Great Tusk\n|-supereffective|p1a: Great Tusk\n|-damage|p1a: Great Tusk|2\/100\n|move|p1a: Great Tusk|Knock Off|p2a: Iron Moth\n|-supereffective|p2a: Iron Moth\n|-damage|p2a: Iron Moth|0 fnt\n|faint|p2a: Iron Moth\n|-end|p2a: Iron Moth|Quark Drive|[silent]\n|\n|-weather|Snow|[upkeep]\n|upkeep\n|\n|t:|1700609607\n|switch|p2a: Rillaboom|Rillaboom, M|100\/100\n|-fieldstart|move: Grassy Terrain|[from] ability: Grassy Surge|[of] p2a: Rillaboom\n|turn|5\n|\n|t:|1700609610\n|move|p2a: Rillaboom|Grassy Glide|p1a: Great Tusk\n|-supereffective|p1a: Great Tusk\n|-damage|p1a: Great Tusk|0 fnt\n|faint|p1a: Great Tusk\n|-end|p1a: Great Tusk|Protosynthesis|[silent]\n|\n|-weather|none\n|upkeep\n|\n|t:|1700609615\n|switch|p1a: Fungal Witch|Hatterene, F|100\/100\n|turn|6\n|\n|t:|1700609625\n|switch|p2a: Ogerpon|Ogerpon-Cornerstone, F|100\/100\n|move|p1a: Fungal Witch|Nuzzle|p2a: Ogerpon\n|-resisted|p2a: Ogerpon\n|-damage|p2a: Ogerpon|98\/100\n|-status|p2a: Ogerpon|par\n|\n|-heal|p2a: Ogerpon|100\/100 par|[from] Grassy Terrain\n|upkeep\n|turn|7\n|\n|t:|1700609629\n|cant|p2a: Ogerpon|par\n|move|p1a: Fungal Witch|Calm Mind|p1a: Fungal Witch\n|-boost|p1a: Fungal Witch|spa|1\n|-boost|p1a: Fungal Witch|spd|1\n|\n|upkeep\n|turn|8\n|\n|t:|1700609632\n|move|p2a: Ogerpon|Ivy Cudgel|p1a: Fungal Witch|[anim] Ivy Cudgel Rock\n|-damage|p1a: Fungal Witch|74\/100\n|move|p1a: Fungal Witch|Draining Kiss|p2a: Ogerpon\n|-damage|p2a: Ogerpon|64\/100 par\n|-heal|p1a: Fungal Witch|99\/100|[from] drain|[of] p2a: Ogerpon\n|\n|-heal|p2a: Ogerpon|70\/100 par|[from] Grassy Terrain\n|-heal|p1a: Fungal Witch|100\/100|[from] Grassy Terrain\n|-sideend|p1: Zovafire|move: Aurora Veil\n|upkeep\n|turn|9\n|\n|t:|1700609639\n|move|p2a: Ogerpon|Power Whip|p1a: Fungal Witch|[miss]\n|-miss|p2a: Ogerpon|p1a: Fungal Witch\n|move|p1a: Fungal Witch|Calm Mind|p1a: Fungal Witch\n|-boost|p1a: Fungal Witch|spa|1\n|-boost|p1a: Fungal Witch|spd|1\n|\n|-heal|p2a: Ogerpon|76\/100 par|[from] Grassy Terrain\n|-fieldend|move: Grassy Terrain\n|upkeep\n|turn|10\n|\n|t:|1700609641\n|cant|p2a: Ogerpon|par\n|move|p1a: Fungal Witch|Draining Kiss|p2a: Ogerpon\n|-damage|p2a: Ogerpon|19\/100 par\n|\n|upkeep\n|turn|11\n|\n|t:|1700609643\n|move|p2a: Ogerpon|Ivy Cudgel|p1a: Fungal Witch|[anim] Ivy Cudgel Rock\n|-damage|p1a: Fungal Witch|48\/100\n|move|p1a: Fungal Witch|Calm Mind|p1a: Fungal Witch\n|-boost|p1a: Fungal Witch|spa|1\n|-boost|p1a: Fungal Witch|spd|1\n|\n|-heal|p1a: Fungal Witch|54\/100|[from] item: Leftovers\n|upkeep\n|turn|12\n|\n|t:|1700609647\n|move|p2a: Ogerpon|Ivy Cudgel|p1a: Fungal Witch|[anim] Ivy Cudgel Rock\n|-damage|p1a: Fungal Witch|6\/100\n|move|p1a: Fungal Witch|Draining Kiss|p2a: Ogerpon\n|-damage|p2a: Ogerpon|0 fnt\n|-heal|p1a: Fungal Witch|19\/100|[from] drain|[of] p2a: Ogerpon\n|faint|p2a: Ogerpon\n|\n|-heal|p1a: Fungal Witch|25\/100|[from] item: Leftovers\n|upkeep\n|\n|t:|1700609660\n|switch|p2a: Rillaboom|Rillaboom, M|100\/100\n|-fieldstart|move: Grassy Terrain|[from] ability: Grassy Surge|[of] p2a: Rillaboom\n|turn|13\n|\n|t:|1700609662\n|move|p2a: Rillaboom|U-turn|p1a: Fungal Witch\n|-damage|p1a: Fungal Witch|0 fnt\n|faint|p1a: Fungal Witch\n|\n|t:|1700609669\n|switch|p2a: Great Tusk|Great Tusk|100\/100|[from] U-turn\n|\n|upkeep\n|\n|t:|1700609672\n|switch|p1a: Shiver Tails|Ninetales-Alola, F|74\/100\n|-weather|Snow|[from] ability: Snow Warning|[of] p1a: Shiver Tails\n|turn|14\n|\n|t:|1700609701\n|move|p1a: Shiver Tails|Aurora Veil|p1a: Shiver Tails\n|-sidestart|p1: Zovafire|move: Aurora Veil\n|move|p2a: Great Tusk|Rapid Spin|p1a: Shiver Tails\n|-damage|p1a: Shiver Tails|66\/100\n|-boost|p2a: Great Tusk|spe|1\n|\n|-weather|Snow|[upkeep]\n|-heal|p1a: Shiver Tails|72\/100|[from] Grassy Terrain\n|upkeep\n|turn|15\n|\n|t:|1700609705\n|move|p2a: Great Tusk|Knock Off|p1a: Shiver Tails\n|-resisted|p1a: Shiver Tails\n|-damage|p1a: Shiver Tails|66\/100\n|-enditem|p1a: Shiver Tails|Light Clay|[from] move: Knock Off|[of] p2a: Great Tusk\n|move|p1a: Shiver Tails|Moonblast|p2a: Great Tusk\n|-supereffective|p2a: Great Tusk\n|-damage|p2a: Great Tusk|12\/100\n|\n|-weather|Snow|[upkeep]\n|-heal|p2a: Great Tusk|18\/100|[from] Grassy Terrain\n|-heal|p1a: Shiver Tails|72\/100|[from] Grassy Terrain\n|upkeep\n|turn|16\n|\n|t:|1700609708\n|move|p2a: Great Tusk|Close Combat|p1a: Shiver Tails\n|-damage|p1a: Shiver Tails|44\/100\n|-unboost|p2a: Great Tusk|def|1\n|-unboost|p2a: Great Tusk|spd|1\n|move|p1a: Shiver Tails|Moonblast|p2a: Great Tusk\n|-supereffective|p2a: Great Tusk\n|-damage|p2a: Great Tusk|0 fnt\n|faint|p2a: Great Tusk\n|-end|p2a: Great Tusk|Protosynthesis|[silent]\n|\n|-weather|Snow|[upkeep]\n|-heal|p1a: Shiver Tails|50\/100|[from] Grassy Terrain\n|upkeep\n|\n|t:|1700609716\n|switch|p2a: Zamazenta|Zamazenta|100\/100\n|-ability|p2a: Zamazenta|Dauntless Shield|boost\n|-boost|p2a: Zamazenta|def|1\n|turn|17\n|\n|t:|1700609719\n|move|p2a: Zamazenta|Stone Edge|p1a: Shiver Tails|[miss]\n|-miss|p2a: Zamazenta|p1a: Shiver Tails\n|move|p1a: Shiver Tails|Moonblast|p2a: Zamazenta\n|-supereffective|p2a: Zamazenta\n|-damage|p2a: Zamazenta|43\/100\n|\n|-weather|Snow|[upkeep]\n|-heal|p2a: Zamazenta|49\/100|[from] Grassy Terrain\n|-heal|p2a: Zamazenta|56\/100|[from] item: Leftovers\n|-heal|p1a: Shiver Tails|56\/100|[from] Grassy Terrain\n|-fieldend|move: Grassy Terrain\n|upkeep\n|turn|18\n|\n|t:|1700609726\n|move|p2a: Zamazenta|Body Press|p1a: Shiver Tails\n|-damage|p1a: Shiver Tails|35\/100\n|move|p1a: Shiver Tails|Moonblast|p2a: Zamazenta\n|-supereffective|p2a: Zamazenta\n|-damage|p2a: Zamazenta|3\/100\n|\n|-weather|none\n|-heal|p2a: Zamazenta|9\/100|[from] item: Leftovers\n|upkeep\n|turn|19\n|\n|t:|1700609729\n|move|p2a: Zamazenta|Stone Edge|p1a: Shiver Tails\n|-supereffective|p1a: Shiver Tails\n|-damage|p1a: Shiver Tails|0 fnt\n|faint|p1a: Shiver Tails\n|\n|-heal|p2a: Zamazenta|16\/100|[from] item: Leftovers\n|upkeep\n|\n|t:|1700609735\n|switch|p1a: Purring Mask|Meowscarada, F, shiny|100\/100\n|turn|20\n|\n|t:|1700609753\n|move|p1a: Purring Mask|Play Rough|p2a: Zamazenta|[miss]\n|-start|p1a: Purring Mask|typechange|Fairy|[from] ability: Protean\n|-miss|p1a: Purring Mask|p2a: Zamazenta\n|move|p2a: Zamazenta|Body Press|p1a: Purring Mask\n|-resisted|p1a: Purring Mask\n|-damage|p1a: Purring Mask|80\/100\n|\n|-heal|p2a: Zamazenta|22\/100|[from] item: Leftovers\n|upkeep\n|turn|21\n|\n|t:|1700609763\n|move|p1a: Purring Mask|Play Rough|p2a: Zamazenta\n|-supereffective|p2a: Zamazenta\n|-damage|p2a: Zamazenta|0 fnt\n|faint|p2a: Zamazenta\n|\n|-sideend|p1: Zovafire|move: Aurora Veil\n|upkeep\n|\n|t:|1700609764\n|switch|p2a: Rillaboom|Rillaboom, M|100\/100\n|-fieldstart|move: Grassy Terrain|[from] ability: Grassy Surge|[of] p2a: Rillaboom\n|turn|22\n|c|\u2606Zovafire|killing myself\n|\n|t:|1700609773\n|move|p1a: Purring Mask|Play Rough|p2a: Rillaboom\n|-damage|p2a: Rillaboom|58\/100\n|move|p2a: Rillaboom|Wood Hammer|p1a: Purring Mask\n|-damage|p1a: Purring Mask|0 fnt\n|faint|p1a: Purring Mask\n|-damage|p2a: Rillaboom|35\/100|[from] Recoil\n|\n|-heal|p2a: Rillaboom|42\/100|[from] Grassy Terrain\n|upkeep\n|\n|t:|1700609780\n|switch|p1a: Wellspring Cudgel|Ogerpon-Wellspring, F|100\/100\n|turn|23\n|\n|t:|1700609804\n|-terastallize|p1a: Wellspring Cudgel|Water\n|detailschange|p1a: Wellspring Cudgel|Ogerpon-Wellspring-Tera, F, tera:Water\n|-ability|p1a: Wellspring Cudgel|Embody Aspect (Wellspring)|boost\n|-boost|p1a: Wellspring Cudgel|spd|1\n|move|p1a: Wellspring Cudgel|Ivy Cudgel|p2a: Rillaboom|[anim] Ivy Cudgel Water\n|-resisted|p2a: Rillaboom\n|-crit|p2a: Rillaboom\n|-damage|p2a: Rillaboom|0 fnt\n|faint|p2a: Rillaboom\n|\n|upkeep\n|\n|t:|1700609807\n|switch|p2a: Hawlucha|Hawlucha, M|100\/100\n|-enditem|p2a: Hawlucha|Grassy Seed\n|-boost|p2a: Hawlucha|def|1|[from] item: Grassy Seed\n|turn|24\n|\n|t:|1700609813\n|move|p2a: Hawlucha|Swords Dance|p2a: Hawlucha\n|-boost|p2a: Hawlucha|atk|2\n|move|p1a: Wellspring Cudgel|Ivy Cudgel|p2a: Hawlucha|[anim] Ivy Cudgel Water\n|-damage|p2a: Hawlucha|26\/100\n|\n|upkeep\n|turn|25\n|\n|t:|1700609817\n|move|p2a: Hawlucha|Acrobatics|p1a: Wellspring Cudgel\n|-damage|p1a: Wellspring Cudgel|0 fnt\n|faint|p1a: Wellspring Cudgel\n|\n|upkeep\n|\n|t:|1700609819\n|switch|p1a: Iron Overlord|Kingambit, M|100\/100\n|-activate|p1a: Iron Overlord|ability: Supreme Overlord\n|-start|p1a: Iron Overlord|fallen5|[silent]\n|turn|26\n|\n|t:|1700609823\n|move|p2a: Hawlucha|Close Combat|p1a: Iron Overlord\n|-supereffective|p1a: Iron Overlord\n|-damage|p1a: Iron Overlord|0 fnt\n|-unboost|p2a: Hawlucha|def|1\n|-unboost|p2a: Hawlucha|spd|1\n|faint|p1a: Iron Overlord\n|-end|p1a: Iron Overlord|fallen5|[silent]\n|\n|win|Nugget O Silver\n|c|\u2606Zovafire|gg\n|c|\u2606Nugget O Silver|gg\n","uploadtime":1700609844,"views":8,"p1id":"zovafire","p2id":"nuggetosilver","formatid":"gen9ou","rating":0,"private":0,"password":""}