{"id":"gen9ou-1993715272","p1":"TacoTuSempai","p2":"Mr.Marvel19200","format":"[Gen 9] OU","log":"|j|\u2606TacoTuSempai\n|j|\u2606Mr.Marvel19200\n|t:|1700348734\n|gametype|singles\n|player|p1|TacoTuSempai|dragontamer|1234\n|player|p2|Mr.Marvel19200|juan|1223\n|teamsize|p1|6\n|teamsize|p2|6\n|gen|9\n|tier|[Gen 9] OU\n|rated|\n|rule|Sleep Clause Mod: Limit one foe put to sleep\n|rule|Species Clause: Limit one of each Pok\u00e9mon\n|rule|OHKO Clause: OHKO moves are banned\n|rule|Evasion Items Clause: Evasion items are banned\n|rule|Evasion Moves Clause: Evasion moves are banned\n|rule|Endless Battle Clause: Forcing endless battles is banned\n|rule|HP Percentage Mod: HP is shown in percentages\n|clearpoke\n|poke|p1|Greninja-*, M|\n|poke|p1|Alomomola, F|\n|poke|p1|Landorus-Therian, M|\n|poke|p1|Toxapex, M|\n|poke|p1|Corviknight, F|\n|poke|p1|Ogerpon-Wellspring, F|\n|poke|p2|Sableye, M|\n|poke|p2|Skeledirge, M|\n|poke|p2|Clodsire, F|\n|poke|p2|Weezing, M|\n|poke|p2|Forretress, F|\n|poke|p2|Samurott-Hisui, F|\n|teampreview\n|\n|t:|1700348740\n|start\n|switch|p1a: Greninja|Greninja, M|100\/100\n|switch|p2a: Forretress|Forretress, F|100\/100\n|turn|1\n|\n|t:|1700348746\n|move|p1a: Greninja|Hydro Pump|p2a: Forretress|[miss]\n|-miss|p1a: Greninja|p2a: Forretress\n|move|p2a: Forretress|Stealth Rock|p1a: Greninja\n|-sidestart|p1: TacoTuSempai|move: Stealth Rock\n|\n|upkeep\n|turn|2\n|\n|t:|1700348756\n|switch|p1a: Corviknight|Corviknight, F|100\/100\n|-damage|p1a: Corviknight|88\/100|[from] Stealth Rock\n|-ability|p1a: Corviknight|Pressure\n|switch|p2a: Clodsire|Clodsire, F|100\/100\n|\n|upkeep\n|turn|3\n|\n|t:|1700348768\n|switch|p2a: Skeledirge|Skeledirge, M|100\/100\n|move|p1a: Corviknight|Defog|p2a: Skeledirge\n|-unboost|p2a: Skeledirge|evasion|1\n|-sideend|p1: TacoTuSempai|Stealth Rock|[from] move: Defog|[of] p1a: Corviknight\n|\n|upkeep\n|turn|4\n|\n|t:|1700348777\n|move|p1a: Corviknight|Protect|p1a: Corviknight\n|-singleturn|p1a: Corviknight|Protect\n|move|p2a: Skeledirge|Torch Song|p1a: Corviknight\n|-activate|p1a: Corviknight|move: Protect\n|\n|upkeep\n|turn|5\n|\n|t:|1700348784\n|switch|p1a: Alomomola|Alomomola, F|100\/100\n|move|p2a: Skeledirge|Torch Song|p1a: Alomomola\n|-resisted|p1a: Alomomola\n|-damage|p1a: Alomomola|82\/100\n|-boost|p2a: Skeledirge|spa|1\n|\n|upkeep\n|turn|6\n|\n|t:|1700348796\n|switch|p2a: Clodsire|Clodsire, F|100\/100\n|move|p1a: Alomomola|Flip Turn|p2a: Clodsire\n|-immune|p2a: Clodsire|[from] ability: Water Absorb\n|\n|upkeep\n|turn|7\n|\n|t:|1700348809\n|switch|p2a: Skeledirge|Skeledirge, M|100\/100\n|move|p1a: Alomomola|Protect||[still]\n|-fail|p1a: Alomomola\n|\n|upkeep\n|turn|8\n|\n|t:|1700348820\n|switch|p2a: Clodsire|Clodsire, F|100\/100\n|move|p1a: Alomomola|Flip Turn|p2a: Clodsire\n|-immune|p2a: Clodsire|[from] ability: Water Absorb\n|\n|upkeep\n|turn|9\n|\n|t:|1700348832\n|switch|p1a: Toxapex|Toxapex, M|100\/100\n|move|p2a: Clodsire|Toxic|p1a: Toxapex\n|-immune|p1a: Toxapex\n|\n|upkeep\n|turn|10\n|\n|t:|1700348838\n|move|p1a: Toxapex|Ice Beam|p2a: Clodsire\n|-supereffective|p2a: Clodsire\n|-damage|p2a: Clodsire|88\/100\n|move|p2a: Clodsire|Earthquake|p1a: Toxapex\n|-supereffective|p1a: Toxapex\n|-damage|p1a: Toxapex|61\/100\n|\n|-heal|p1a: Toxapex|67\/100|[from] item: Black Sludge\n|-heal|p2a: Clodsire|94\/100|[from] item: Black Sludge\n|upkeep\n|turn|11\n|\n|t:|1700348849\n|move|p1a: Toxapex|Ice Beam|p2a: Clodsire\n|-supereffective|p2a: Clodsire\n|-damage|p2a: Clodsire|79\/100\n|move|p2a: Clodsire|Earthquake|p1a: Toxapex\n|-supereffective|p1a: Toxapex\n|-damage|p1a: Toxapex|25\/100\n|\n|-heal|p1a: Toxapex|31\/100|[from] item: Black Sludge\n|-heal|p2a: Clodsire|85\/100|[from] item: Black Sludge\n|upkeep\n|turn|12\n|\n|t:|1700348860\n|switch|p1a: Landorus|Landorus-Therian, M|100\/100\n|-ability|p1a: Landorus|Intimidate|boost\n|-unboost|p2a: Clodsire|atk|1\n|switch|p2a: Skeledirge|Skeledirge, M|100\/100\n|\n|upkeep\n|turn|13\n|inactive|Battle timer is ON: inactive players will automatically lose when time's up. (requested by Mr.Marvel19200)\n|\n|t:|1700348873\n|switch|p2a: Weezing|Weezing, M|100\/100\n|move|p1a: Landorus|Crunch|p2a: Weezing\n|-damage|p2a: Weezing|85\/100\n|\n|-heal|p2a: Weezing|91\/100|[from] item: Leftovers\n|upkeep\n|turn|14\n|\n|t:|1700348882\n|move|p1a: Landorus|U-turn|p2a: Weezing\n|-resisted|p2a: Weezing\n|-damage|p2a: Weezing|83\/100\n|\n|t:|1700348893\n|switch|p1a: Toxapex|Toxapex, M|65\/100|[from] U-turn\n|move|p2a: Weezing|Will-O-Wisp|p1a: Toxapex\n|-status|p1a: Toxapex|brn\n|\n|-heal|p2a: Weezing|89\/100|[from] item: Leftovers\n|-heal|p1a: Toxapex|71\/100 brn|[from] item: Black Sludge\n|-damage|p1a: Toxapex|65\/100 brn|[from] brn\n|upkeep\n|turn|15\n|\n|t:|1700348905\n|switch|p2a: Clodsire|Clodsire, F|85\/100\n|move|p1a: Toxapex|Ice Beam|p2a: Clodsire\n|-supereffective|p2a: Clodsire\n|-damage|p2a: Clodsire|72\/100\n|\n|-heal|p1a: Toxapex|71\/100 brn|[from] item: Black Sludge\n|-heal|p2a: Clodsire|78\/100|[from] item: Black Sludge\n|-damage|p1a: Toxapex|65\/100 brn|[from] brn\n|upkeep\n|turn|16\n|\n|t:|1700348921\n|move|p1a: Toxapex|Recover|p1a: Toxapex\n|-heal|p1a: Toxapex|100\/100 brn\n|move|p2a: Clodsire|Earthquake|p1a: Toxapex\n|-supereffective|p1a: Toxapex\n|-damage|p1a: Toxapex|59\/100 brn\n|\n|-heal|p1a: Toxapex|65\/100 brn|[from] item: Black Sludge\n|-heal|p2a: Clodsire|84\/100|[from] item: Black Sludge\n|-damage|p1a: Toxapex|59\/100 brn|[from] brn\n|upkeep\n|turn|17\n|\n|t:|1700348934\n|switch|p1a: Corviknight|Corviknight, F|88\/100\n|-ability|p1a: Corviknight|Pressure\n|switch|p2a: Sableye|Sableye, M|100\/100\n|\n|upkeep\n|turn|18\n|\n|t:|1700348943\n|move|p1a: Corviknight|Protect|p1a: Corviknight\n|-singleturn|p1a: Corviknight|Protect\n|move|p2a: Sableye|Knock Off|p1a: Corviknight\n|-activate|p1a: Corviknight|move: Protect\n|\n|upkeep\n|turn|19\n|inactive|TacoTuSempai has 120 seconds left.\n|\n|t:|1700348979\n|switch|p1a: Greninja|Greninja, M|100\/100\n|move|p2a: Sableye|Knock Off|p1a: Greninja\n|-resisted|p1a: Greninja\n|-damage|p1a: Greninja|77\/100\n|-enditem|p1a: Greninja|Focus Sash|[from] move: Knock Off|[of] p2a: Sableye\n|\n|upkeep\n|turn|20\n|inactive|TacoTuSempai has 120 seconds left.\n|\n|t:|1700348989\n|switch|p2a: Forretress|Forretress, F|100\/100\n|move|p1a: Greninja|Dark Pulse|p2a: Forretress\n|-damage|p2a: Forretress|51\/100\n|-enditem|p2a: Forretress|Red Card|[of] p1a: Greninja\n|drag|p1a: Landorus|Landorus-Therian, M|100\/100\n|-ability|p1a: Landorus|Intimidate|boost\n|-unboost|p2a: Forretress|atk|1\n|\n|upkeep\n|turn|21\n|inactive|TacoTuSempai has 120 seconds left.\n|\n|t:|1700349002\n|switch|p1a: Corviknight|Corviknight, F|88\/100\n|-ability|p1a: Corviknight|Pressure\n|move|p2a: Forretress|Stealth Rock|p1a: Corviknight\n|-sidestart|p1: TacoTuSempai|move: Stealth Rock\n|\n|upkeep\n|turn|22\n|\n|t:|1700349009\n|switch|p2a: Sableye|Sableye, M|100\/100\n|move|p1a: Corviknight|Defog|p2a: Sableye\n|-unboost|p2a: Sableye|evasion|1\n|-sideend|p1: TacoTuSempai|Stealth Rock|[from] move: Defog|[of] p1a: Corviknight\n|\n|upkeep\n|turn|23\n|\n|t:|1700349020\n|switch|p1a: Greninja|Greninja, M|77\/100\n|switch|p2a: Samurott|Samurott-Hisui, F|100\/100\n|\n|upkeep\n|turn|24\n|\n|t:|1700349028\n|-terastallize|p2a: Samurott|Fighting\n|move|p2a: Samurott|Sacred Sword|p1a: Greninja\n|-supereffective|p1a: Greninja\n|-damage|p1a: Greninja|0 fnt\n|faint|p1a: Greninja\n|\n|upkeep\n|\n|t:|1700349034\n|switch|p1a: Landorus|Landorus-Therian, M|100\/100\n|-ability|p1a: Landorus|Intimidate|boost\n|-unboost|p2a: Samurott|atk|1\n|turn|25\n|\n|t:|1700349041\n|switch|p2a: Weezing|Weezing, M|89\/100\n|move|p1a: Landorus|Crunch|p2a: Weezing\n|-damage|p2a: Weezing|73\/100\n|\n|-heal|p2a: Weezing|79\/100|[from] item: Leftovers\n|upkeep\n|turn|26\n|\n|t:|1700349050\n|move|p1a: Landorus|U-turn|p2a: Weezing\n|-resisted|p2a: Weezing\n|-damage|p2a: Weezing|71\/100\n|\n|t:|1700349055\n|switch|p1a: Alomomola|Alomomola, F|100\/100|[from] U-turn\n|move|p2a: Weezing|Will-O-Wisp|p1a: Alomomola\n|-status|p1a: Alomomola|brn\n|\n|-heal|p2a: Weezing|77\/100|[from] item: Leftovers\n|-damage|p1a: Alomomola|94\/100 brn|[from] brn\n|upkeep\n|turn|27\n|\n|t:|1700349071\n|move|p1a: Alomomola|Wish|p1a: Alomomola\n|move|p2a: Weezing|Sludge Bomb|p1a: Alomomola\n|-crit|p1a: Alomomola\n|-damage|p1a: Alomomola|50\/100 brn\n|\n|-heal|p2a: Weezing|83\/100|[from] item: Leftovers\n|-damage|p1a: Alomomola|44\/100 brn|[from] brn\n|upkeep\n|turn|28\n|\n|t:|1700349089\n|move|p1a: Alomomola|Scald|p2a: Weezing\n|-damage|p2a: Weezing|64\/100\n|move|p2a: Weezing|Sludge Bomb|p1a: Alomomola\n|-damage|p1a: Alomomola|13\/100 brn\n|\n|-heal|p1a: Alomomola|63\/100 brn|[from] move: Wish|[wisher] Alomomola\n|-heal|p2a: Weezing|70\/100|[from] item: Leftovers\n|-damage|p1a: Alomomola|56\/100 brn|[from] brn\n|upkeep\n|turn|29\n|\n|t:|1700349108\n|move|p2a: Weezing|Sludge Bomb|p1a: Alomomola\n|-crit|p1a: Alomomola\n|-damage|p1a: Alomomola|7\/100 brn\n|move|p1a: Alomomola|Wish|p1a: Alomomola\n|\n|-heal|p2a: Weezing|76\/100|[from] item: Leftovers\n|-damage|p1a: Alomomola|1\/100 brn|[from] brn\n|upkeep\n|turn|30\n|\n|t:|1700349118\n|switch|p1a: Corviknight|Corviknight, F|88\/100\n|-ability|p1a: Corviknight|Pressure\n|move|p2a: Weezing|Stockpile|p2a: Weezing\n|-start|p2a: Weezing|stockpile1\n|-boost|p2a: Weezing|def|1\n|-boost|p2a: Weezing|spd|1\n|\n|-heal|p1a: Corviknight|100\/100|[from] move: Wish|[wisher] Alomomola\n|-heal|p2a: Weezing|82\/100|[from] item: Leftovers\n|upkeep\n|turn|31\n|\n|t:|1700349132\n|move|p1a: Corviknight|U-turn|p2a: Weezing\n|-resisted|p2a: Weezing\n|-damage|p2a: Weezing|78\/100\n|\n|t:|1700349142\n|switch|p1a: Toxapex|Toxapex, M|92\/100 brn|[from] U-turn\n|move|p2a: Weezing|Will-O-Wisp|p1a: Toxapex\n|-fail|p1a: Toxapex|brn\n|\n|-heal|p2a: Weezing|84\/100|[from] item: Leftovers\n|-heal|p1a: Toxapex|99\/100 brn|[from] item: Black Sludge\n|-damage|p1a: Toxapex|92\/100 brn|[from] brn\n|upkeep\n|turn|32\n|\n|t:|1700349165\n|switch|p2a: Sableye|Sableye, M|100\/100\n|move|p1a: Toxapex|Haze|p1a: Toxapex\n|-clearallboost\n|\n|-heal|p1a: Toxapex|99\/100 brn|[from] item: Black Sludge\n|-damage|p1a: Toxapex|92\/100 brn|[from] brn\n|upkeep\n|turn|33\n|\n|t:|1700349187\n|switch|p1a: Alomomola|Alomomola, F|34\/100 brn\n|move|p2a: Sableye|Encore||[still]\n|-fail|p2a: Sableye\n|\n|-damage|p1a: Alomomola|28\/100 brn|[from] brn\n|upkeep\n|turn|34\n|\n|t:|1700349199\n|switch|p1a: Toxapex|Toxapex, M|100\/100 brn\n|move|p2a: Sableye|Knock Off|p1a: Toxapex\n|-damage|p1a: Toxapex|81\/100 brn\n|-enditem|p1a: Toxapex|Black Sludge|[from] move: Knock Off|[of] p2a: Sableye\n|\n|-damage|p1a: Toxapex|75\/100 brn|[from] brn\n|upkeep\n|turn|35\n|\n|t:|1700349216\n|switch|p2a: Clodsire|Clodsire, F|84\/100\n|switch|p1a: Alomomola|Alomomola, F|61\/100 brn\n|\n|-heal|p2a: Clodsire|90\/100|[from] item: Black Sludge\n|-damage|p1a: Alomomola|55\/100 brn|[from] brn\n|upkeep\n|turn|36\n|\n|t:|1700349230\n|switch|p2a: Sableye|Sableye, M|100\/100\n|move|p1a: Alomomola|Wish|p1a: Alomomola\n|\n|-damage|p1a: Alomomola|49\/100 brn|[from] brn\n|upkeep\n|turn|37\n|\n|t:|1700349241\n|move|p2a: Sableye|Encore|p1a: Alomomola\n|-start|p1a: Alomomola|Encore\n|move|p1a: Alomomola|Wish||[still]\n|-fail|p1a: Alomomola\n|\n|-heal|p1a: Alomomola|99\/100 brn|[from] move: Wish|[wisher] Alomomola\n|-damage|p1a: Alomomola|93\/100 brn|[from] brn\n|upkeep\n|turn|38\n|\n|t:|1700349254\n|switch|p1a: Toxapex|Toxapex, M|100\/100 brn\n|move|p2a: Sableye|Knock Off|p1a: Toxapex\n|-damage|p1a: Toxapex|85\/100 brn\n|\n|-damage|p1a: Toxapex|79\/100 brn|[from] brn\n|upkeep\n|turn|39\n|\n|t:|1700349272\n|switch|p2a: Clodsire|Clodsire, F|90\/100\n|move|p1a: Toxapex|Ice Beam|p2a: Clodsire\n|-supereffective|p2a: Clodsire\n|-damage|p2a: Clodsire|77\/100\n|\n|-heal|p2a: Clodsire|83\/100|[from] item: Black Sludge\n|-damage|p1a: Toxapex|73\/100 brn|[from] brn\n|upkeep\n|turn|40\n|\n|t:|1700349283\n|switch|p1a: Corviknight|Corviknight, F|100\/100\n|-ability|p1a: Corviknight|Pressure\n|switch|p2a: Skeledirge|Skeledirge, M|100\/100\n|\n|upkeep\n|turn|41\n|\n|t:|1700349296\n|switch|p1a: Alomomola|Alomomola, F|100\/100 brn\n|move|p2a: Skeledirge|Torch Song|p1a: Alomomola\n|-resisted|p1a: Alomomola\n|-damage|p1a: Alomomola|83\/100 brn\n|-boost|p2a: Skeledirge|spa|1\n|\n|-damage|p1a: Alomomola|77\/100 brn|[from] brn\n|upkeep\n|turn|42\n|\n|t:|1700349308\n|move|p2a: Skeledirge|Shadow Ball|p1a: Alomomola\n|-damage|p1a: Alomomola|20\/100 brn\n|move|p1a: Alomomola|Flip Turn|p2a: Skeledirge\n|-supereffective|p2a: Skeledirge\n|-damage|p2a: Skeledirge|92\/100\n|\n|t:|1700349317\n|switch|p1a: Ogerpon|Ogerpon-Wellspring, F|100\/100|[from] Flip Turn\n|\n|upkeep\n|turn|43\n|\n|t:|1700349339\n|move|p1a: Ogerpon|Ivy Cudgel|p2a: Skeledirge|[anim] Ivy Cudgel Water\n|-supereffective|p2a: Skeledirge\n|-damage|p2a: Skeledirge|18\/100\n|move|p2a: Skeledirge|Shadow Ball|p1a: Ogerpon\n|-crit|p1a: Ogerpon\n|-damage|p1a: Ogerpon|20\/100\n|\n|upkeep\n|turn|44\n|\n|t:|1700349350\n|switch|p2a: Clodsire|Clodsire, F|83\/100\n|move|p1a: Ogerpon|Stomping Tantrum|p2a: Clodsire\n|-supereffective|p2a: Clodsire\n|-damage|p2a: Clodsire|22\/100\n|\n|-heal|p2a: Clodsire|28\/100|[from] item: Black Sludge\n|upkeep\n|turn|45\n|\n|t:|1700349366\n|switch|p2a: Weezing|Weezing, M|84\/100\n|move|p1a: Ogerpon|Stomping Tantrum|p2a: Weezing\n|-immune|p2a: Weezing|[from] ability: Levitate\n|\n|-heal|p2a: Weezing|90\/100|[from] item: Leftovers\n|upkeep\n|turn|46\n|\n|t:|1700349374\n|switch|p1a: Alomomola|Alomomola, F|54\/100 brn\n|move|p2a: Weezing|Sludge Bomb|p1a: Alomomola\n|-damage|p1a: Alomomola|23\/100 brn\n|\n|-heal|p2a: Weezing|96\/100|[from] item: Leftovers\n|-damage|p1a: Alomomola|17\/100 brn|[from] brn\n|upkeep\n|turn|47\n|\n|t:|1700349384\n|switch|p1a: Toxapex|Toxapex, M|100\/100 brn\n|move|p2a: Weezing|Sludge Bomb|p1a: Toxapex\n|-resisted|p1a: Toxapex\n|-damage|p1a: Toxapex|92\/100 brn\n|\n|-heal|p2a: Weezing|100\/100|[from] item: Leftovers\n|-damage|p1a: Toxapex|86\/100 brn|[from] brn\n|upkeep\n|turn|48\n|\n|t:|1700349397\n|switch|p2a: Clodsire|Clodsire, F|28\/100\n|move|p1a: Toxapex|Ice Beam|p2a: Clodsire\n|-supereffective|p2a: Clodsire\n|-damage|p2a: Clodsire|15\/100\n|\n|-heal|p2a: Clodsire|22\/100|[from] item: Black Sludge\n|-damage|p1a: Toxapex|79\/100 brn|[from] brn\n|upkeep\n|turn|49\n|\n|t:|1700349416\n|switch|p1a: Corviknight|Corviknight, F|100\/100\n|-ability|p1a: Corviknight|Pressure\n|move|p2a: Clodsire|Recover|p2a: Clodsire\n|-heal|p2a: Clodsire|72\/100\n|\n|-heal|p2a: Clodsire|78\/100|[from] item: Black Sludge\n|upkeep\n|turn|50\n|\n|t:|1700349428\n|switch|p2a: Skeledirge|Skeledirge, M|18\/100\n|move|p1a: Corviknight|U-turn|p2a: Skeledirge\n|-resisted|p2a: Skeledirge\n|-damage|p2a: Skeledirge|16\/100\n|\n|t:|1700349445\n|switch|p1a: Landorus|Landorus-Therian, M|100\/100|[from] U-turn\n|-ability|p1a: Landorus|Intimidate|boost\n|-unboost|p2a: Skeledirge|atk|1\n|\n|upkeep\n|turn|51\n|\n|t:|1700349451\n|switch|p2a: Weezing|Weezing, M|100\/100\n|move|p1a: Landorus|Crunch|p2a: Weezing\n|-damage|p2a: Weezing|83\/100\n|\n|-heal|p2a: Weezing|89\/100|[from] item: Leftovers\n|upkeep\n|turn|52\n|\n|t:|1700349463\n|move|p1a: Landorus|U-turn|p2a: Weezing\n|-resisted|p2a: Weezing\n|-damage|p2a: Weezing|82\/100\n|\n|t:|1700349484\n|switch|p1a: Alomomola|Alomomola, F|50\/100 brn|[from] U-turn\n|move|p2a: Weezing|Will-O-Wisp|p1a: Alomomola\n|-fail|p1a: Alomomola|brn\n|\n|-heal|p2a: Weezing|88\/100|[from] item: Leftovers\n|-damage|p1a: Alomomola|44\/100 brn|[from] brn\n|upkeep\n|turn|53\n|\n|t:|1700349494\n|move|p2a: Weezing|Sludge Bomb|p1a: Alomomola\n|-damage|p1a: Alomomola|14\/100 brn\n|move|p1a: Alomomola|Wish|p1a: Alomomola\n|\n|-heal|p2a: Weezing|94\/100|[from] item: Leftovers\n|-damage|p1a: Alomomola|8\/100 brn|[from] brn\n|upkeep\n|turn|54\n|\n|t:|1700349509\n|move|p1a: Alomomola|Protect|p1a: Alomomola\n|-singleturn|p1a: Alomomola|Protect\n|move|p2a: Weezing|Sludge Bomb|p1a: Alomomola\n|-activate|p1a: Alomomola|move: Protect\n|\n|-heal|p1a: Alomomola|58\/100 brn|[from] move: Wish|[wisher] Alomomola\n|-heal|p2a: Weezing|99\/100|[from] item: Leftovers\n|-damage|p1a: Alomomola|52\/100 brn|[from] brn\n|upkeep\n|turn|55\n|\n|t:|1700349520\n|move|p2a: Weezing|Sludge Bomb|p1a: Alomomola\n|-damage|p1a: Alomomola|19\/100 brn\n|move|p1a: Alomomola|Flip Turn|p2a: Weezing\n|-damage|p2a: Weezing|96\/100\n|\n|t:|1700349527\n|switch|p1a: Corviknight|Corviknight, F|100\/100|[from] Flip Turn\n|-ability|p1a: Corviknight|Pressure\n|\n|-heal|p2a: Weezing|100\/100|[from] item: Leftovers\n|upkeep\n|turn|56\n|\n|t:|1700349536\n|move|p1a: Corviknight|Protect|p1a: Corviknight\n|-singleturn|p1a: Corviknight|Protect\n|move|p2a: Weezing|Sludge Bomb|p1a: Corviknight\n|-activate|p1a: Corviknight|move: Protect\n|\n|upkeep\n|turn|57\n|\n|t:|1700349550\n|move|p1a: Corviknight|U-turn|p2a: Weezing\n|-resisted|p2a: Weezing\n|-damage|p2a: Weezing|95\/100\n|\n|t:|1700349553\n|switch|p1a: Toxapex|Toxapex, M|100\/100 brn|[from] U-turn\n|move|p2a: Weezing|Will-O-Wisp|p1a: Toxapex\n|-fail|p1a: Toxapex|brn\n|\n|-heal|p2a: Weezing|100\/100|[from] item: Leftovers\n|-damage|p1a: Toxapex|94\/100 brn|[from] brn\n|upkeep\n|turn|58\n|\n|t:|1700349569\n|switch|p2a: Skeledirge|Skeledirge, M|16\/100\n|move|p1a: Toxapex|Ice Beam|p2a: Skeledirge\n|-resisted|p2a: Skeledirge\n|-damage|p2a: Skeledirge|10\/100\n|\n|-damage|p1a: Toxapex|88\/100 brn|[from] brn\n|upkeep\n|turn|59\n|\n|t:|1700349583\n|move|p1a: Toxapex|Baneful Bunker|p1a: Toxapex\n|-singleturn|p1a: Toxapex|move: Protect\n|move|p2a: Skeledirge|Slack Off|p2a: Skeledirge\n|-heal|p2a: Skeledirge|60\/100\n|\n|-damage|p1a: Toxapex|82\/100 brn|[from] brn\n|upkeep\n|turn|60\n|\n|t:|1700349594\n|switch|p2a: Clodsire|Clodsire, F|78\/100\n|switch|p1a: Landorus|Landorus-Therian, M|100\/100\n|-ability|p1a: Landorus|Intimidate|boost\n|-unboost|p2a: Clodsire|atk|1\n|\n|-heal|p2a: Clodsire|84\/100|[from] item: Black Sludge\n|upkeep\n|turn|61\n|\n|t:|1700349605\n|switch|p2a: Weezing|Weezing, M|100\/100\n|move|p1a: Landorus|Earthquake|p2a: Weezing\n|-immune|p2a: Weezing|[from] ability: Levitate\n|\n|upkeep\n|turn|62\n|\n|t:|1700349616\n|move|p1a: Landorus|U-turn|p2a: Weezing\n|-resisted|p2a: Weezing\n|-damage|p2a: Weezing|94\/100\n|\n|t:|1700349622\n|switch|p1a: Toxapex|Toxapex, M|100\/100 brn|[from] U-turn\n|move|p2a: Weezing|Sludge Bomb|p1a: Toxapex\n|-resisted|p1a: Toxapex\n|-damage|p1a: Toxapex|92\/100 brn\n|\n|-heal|p2a: Weezing|99\/100|[from] item: Leftovers\n|-damage|p1a: Toxapex|86\/100 brn|[from] brn\n|upkeep\n|turn|63\n|\n|t:|1700349633\n|switch|p2a: Forretress|Forretress, F|51\/100\n|move|p1a: Toxapex|Ice Beam|p2a: Forretress\n|-resisted|p2a: Forretress\n|-damage|p2a: Forretress|42\/100\n|\n|-damage|p1a: Toxapex|79\/100 brn|[from] brn\n|upkeep\n|turn|64\n|\n|t:|1700349646\n|switch|p1a: Corviknight|Corviknight, F|100\/100\n|-ability|p1a: Corviknight|Pressure\n|move|p2a: Forretress|Stealth Rock|p1a: Corviknight\n|-sidestart|p1: TacoTuSempai|move: Stealth Rock\n|\n|upkeep\n|turn|65\n|\n|t:|1700349657\n|switch|p2a: Sableye|Sableye, M|100\/100\n|move|p1a: Corviknight|Defog|p2a: Sableye\n|-unboost|p2a: Sableye|evasion|1\n|-sideend|p1: TacoTuSempai|Stealth Rock|[from] move: Defog|[of] p1a: Corviknight\n|\n|upkeep\n|turn|66\n|\n|t:|1700349664\n|switch|p1a: Alomomola|Alomomola, F|53\/100 brn\n|move|p2a: Sableye|Encore||[still]\n|-fail|p2a: Sableye\n|\n|-damage|p1a: Alomomola|47\/100 brn|[from] brn\n|upkeep\n|turn|67\n|\n|t:|1700349673\n|switch|p2a: Weezing|Weezing, M|99\/100\n|move|p1a: Alomomola|Wish|p1a: Alomomola\n|\n|-heal|p2a: Weezing|100\/100|[from] item: Leftovers\n|-damage|p1a: Alomomola|40\/100 brn|[from] brn\n|upkeep\n|turn|68\n|\n|t:|1700349697\n|switch|p2a: Skeledirge|Skeledirge, M|60\/100\n|move|p1a: Alomomola|Protect||[still]\n|-fail|p1a: Alomomola\n|\n|-heal|p1a: Alomomola|90\/100 brn|[from] move: Wish|[wisher] Alomomola\n|-damage|p1a: Alomomola|84\/100 brn|[from] brn\n|upkeep\n|turn|69\n|\n|t:|1700349709\n|switch|p1a: Landorus|Landorus-Therian, M|100\/100\n|-ability|p1a: Landorus|Intimidate|boost\n|-unboost|p2a: Skeledirge|atk|1\n|move|p2a: Skeledirge|Torch Song|p1a: Landorus\n|-damage|p1a: Landorus|61\/100\n|-boost|p2a: Skeledirge|spa|1\n|\n|upkeep\n|turn|70\n|\n|t:|1700349722\n|switch|p2a: Weezing|Weezing, M|100\/100\n|move|p1a: Landorus|Crunch|p2a: Weezing\n|-damage|p2a: Weezing|83\/100\n|\n|-heal|p2a: Weezing|89\/100|[from] item: Leftovers\n|upkeep\n|turn|71\n|\n|t:|1700349731\n|switch|p2a: Sableye|Sableye, M|100\/100\n|move|p1a: Landorus|Protect||[still]\n|-fail|p1a: Landorus\n|\n|upkeep\n|turn|72\n|\n|t:|1700349750\n|move|p1a: Landorus|Protect|p1a: Landorus\n|-singleturn|p1a: Landorus|Protect\n|move|p2a: Sableye|Skill Swap|p1a: Landorus\n|-activate|p1a: Landorus|move: Protect\n|\n|upkeep\n|turn|73\n|\n|t:|1700349761\n|switch|p1a: Alomomola|Alomomola, F|100\/100 brn\n|switch|p2a: Forretress|Forretress, F|42\/100\n|\n|-damage|p1a: Alomomola|94\/100 brn|[from] brn\n|upkeep\n|turn|74\n|\n|t:|1700349772\n|move|p1a: Alomomola|Scald|p2a: Forretress\n|-damage|p2a: Forretress|24\/100\n|-status|p2a: Forretress|brn\n|move|p2a: Forretress|Ice Spinner|p1a: Alomomola\n|-resisted|p1a: Alomomola\n|-damage|p1a: Alomomola|91\/100 brn\n|-damage|p2a: Forretress|7\/100 brn|[from] item: Rocky Helmet|[of] p1a: Alomomola\n|\n|-damage|p1a: Alomomola|85\/100 brn|[from] brn\n|-damage|p2a: Forretress|1\/100 brn|[from] brn\n|upkeep\n|turn|75\n|\n|t:|1700349786\n|move|p1a: Alomomola|Flip Turn|p2a: Forretress\n|-damage|p2a: Forretress|0 fnt\n|faint|p2a: Forretress\n|\n|t:|1700349803\n|switch|p1a: Corviknight|Corviknight, F|100\/100|[from] Flip Turn\n|-ability|p1a: Corviknight|Pressure\n|\n|upkeep\n|\n|t:|1700349809\n|switch|p2a: Skeledirge|Skeledirge, M|60\/100\n|turn|76\n|\n|t:|1700349816\n|move|p1a: Corviknight|U-turn|p2a: Skeledirge\n|-resisted|p2a: Skeledirge\n|-damage|p2a: Skeledirge|58\/100\n|\n|t:|1700349822\n|switch|p1a: Toxapex|Toxapex, M|100\/100 brn|[from] U-turn\n|move|p2a: Skeledirge|Torch Song|p1a: Toxapex\n|-resisted|p1a: Toxapex\n|-damage|p1a: Toxapex|92\/100 brn\n|-boost|p2a: Skeledirge|spa|1\n|\n|-damage|p1a: Toxapex|85\/100 brn|[from] brn\n|upkeep\n|turn|77\n|\n|t:|1700349848\n|switch|p2a: Clodsire|Clodsire, F|84\/100\n|move|p1a: Toxapex|Haze|p1a: Toxapex\n|-clearallboost\n|\n|-heal|p2a: Clodsire|90\/100|[from] item: Black Sludge\n|-damage|p1a: Toxapex|79\/100 brn|[from] brn\n|upkeep\n|turn|78\n|\n|t:|1700349859\n|switch|p1a: Corviknight|Corviknight, F|100\/100\n|-ability|p1a: Corviknight|Pressure\n|switch|p2a: Weezing|Weezing, M|89\/100\n|\n|-heal|p2a: Weezing|95\/100|[from] item: Leftovers\n|upkeep\n|turn|79\n|\n|t:|1700349869\n|switch|p2a: Clodsire|Clodsire, F|90\/100\n|move|p1a: Corviknight|Protect||[still]\n|-fail|p1a: Corviknight\n|\n|-heal|p2a: Clodsire|97\/100|[from] item: Black Sludge\n|upkeep\n|turn|80\n|\n|t:|1700349880\n|switch|p2a: Skeledirge|Skeledirge, M|58\/100\n|move|p1a: Corviknight|U-turn|p2a: Skeledirge\n|-resisted|p2a: Skeledirge\n|-damage|p2a: Skeledirge|56\/100\n|\n|t:|1700349889\n|switch|p1a: Ogerpon|Ogerpon-Wellspring, F|20\/100|[from] U-turn\n|\n|upkeep\n|turn|81\n|\n|t:|1700349896\n|switch|p2a: Sableye|Sableye, M|100\/100\n|move|p1a: Ogerpon|Stomping Tantrum|p2a: Sableye\n|-damage|p2a: Sableye|69\/100\n|-damage|p1a: Ogerpon|3\/100|[from] item: Rocky Helmet|[of] p2a: Sableye\n|\n|upkeep\n|turn|82\n|\n|t:|1700349921\n|switch|p1a: Alomomola|Alomomola, F|100\/100 brn\n|move|p2a: Sableye|Knock Off|p1a: Alomomola\n|-damage|p1a: Alomomola|86\/100 brn\n|-damage|p2a: Sableye|53\/100|[from] item: Rocky Helmet|[of] p1a: Alomomola\n|-enditem|p1a: Alomomola|Rocky Helmet|[from] move: Knock Off|[of] p2a: Sableye\n|\n|-damage|p1a: Alomomola|80\/100 brn|[from] brn\n|upkeep\n|turn|83\n|\n|t:|1700349934\n|move|p2a: Sableye|Skill Swap|p1a: Alomomola\n|-activate|p2a: Sableye|move: Skill Swap|Regenerator|Prankster|[of] p1a: Alomomola\n|move|p1a: Alomomola|Wish|p1a: Alomomola\n|\n|-damage|p1a: Alomomola|74\/100 brn|[from] brn\n|upkeep\n|turn|84\n|\n|t:|1700349943\n|switch|p1a: Landorus|Landorus-Therian, M|61\/100\n|-ability|p1a: Landorus|Intimidate|boost\n|-unboost|p2a: Sableye|atk|1\n|move|p2a: Sableye|Encore||[still]\n|-fail|p2a: Sableye\n|\n|-heal|p1a: Landorus|100\/100|[from] move: Wish|[wisher] Alomomola\n|upkeep\n|turn|85\n|\n|t:|1700349954\n|switch|p2a: Weezing|Weezing, M|95\/100\n|move|p1a: Landorus|Crunch|p2a: Weezing\n|-damage|p2a: Weezing|77\/100\n|\n|-heal|p2a: Weezing|83\/100|[from] item: Leftovers\n|upkeep\n|turn|86\n|\n|t:|1700349965\n|move|p1a: Landorus|U-turn|p2a: Weezing\n|-resisted|p2a: Weezing\n|-damage|p2a: Weezing|76\/100\n|\n|t:|1700349982\n|switch|p1a: Toxapex|Toxapex, M|100\/100 brn|[from] U-turn\n|move|p2a: Weezing|Will-O-Wisp|p1a: Toxapex\n|-fail|p1a: Toxapex|brn\n|\n|-heal|p2a: Weezing|82\/100|[from] item: Leftovers\n|-damage|p1a: Toxapex|94\/100 brn|[from] brn\n|upkeep\n|turn|87\n|\n|t:|1700349998\n|move|p2a: Weezing|Sludge Bomb|p1a: Toxapex\n|-resisted|p1a: Toxapex\n|-damage|p1a: Toxapex|86\/100 brn\n|move|p1a: Toxapex|Ice Beam|p2a: Weezing\n|-damage|p2a: Weezing|65\/100\n|\n|-heal|p2a: Weezing|71\/100|[from] item: Leftovers\n|-damage|p1a: Toxapex|80\/100 brn|[from] brn\n|upkeep\n|turn|88\n|\n|t:|1700350010\n|move|p2a: Weezing|Sludge Bomb|p1a: Toxapex\n|-resisted|p1a: Toxapex\n|-damage|p1a: Toxapex|72\/100 brn\n|move|p1a: Toxapex|Ice Beam|p2a: Weezing\n|-damage|p2a: Weezing|55\/100\n|\n|-heal|p2a: Weezing|61\/100|[from] item: Leftovers\n|-damage|p1a: Toxapex|66\/100 brn|[from] brn\n|upkeep\n|turn|89\n|inactive|Mr.Marvel19200 has 120 seconds left.\n|\n|t:|1700350022\n|switch|p2a: Clodsire|Clodsire, F|97\/100\n|move|p1a: Toxapex|Ice Beam|p2a: Clodsire\n|-supereffective|p2a: Clodsire\n|-damage|p2a: Clodsire|84\/100\n|\n|-heal|p2a: Clodsire|90\/100|[from] item: Black Sludge\n|-damage|p1a: Toxapex|59\/100 brn|[from] brn\n|upkeep\n|turn|90\n|inactive|Mr.Marvel19200 has 120 seconds left.\n|\n|t:|1700350033\n|switch|p1a: Alomomola|Alomomola, F|74\/100 brn\n|move|p2a: Clodsire|Earthquake|p1a: Alomomola\n|-damage|p1a: Alomomola|59\/100 brn\n|\n|-heal|p2a: Clodsire|96\/100|[from] item: Black Sludge\n|-damage|p1a: Alomomola|53\/100 brn|[from] brn\n|upkeep\n|turn|91\n|\n|t:|1700350044\n|move|p1a: Alomomola|Wish|p1a: Alomomola\n|move|p2a: Clodsire|Stockpile|p2a: Clodsire\n|-start|p2a: Clodsire|stockpile1\n|-boost|p2a: Clodsire|def|1\n|-boost|p2a: Clodsire|spd|1\n|\n|-heal|p2a: Clodsire|100\/100|[from] item: Black Sludge\n|-damage|p1a: Alomomola|47\/100 brn|[from] brn\n|upkeep\n|turn|92\n|\n|t:|1700350054\n|switch|p1a: Ogerpon|Ogerpon-Wellspring, F|3\/100\n|move|p2a: Clodsire|Stockpile|p2a: Clodsire\n|-start|p2a: Clodsire|stockpile2\n|-boost|p2a: Clodsire|def|1\n|-boost|p2a: Clodsire|spd|1\n|\n|-heal|p1a: Ogerpon|92\/100|[from] move: Wish|[wisher] Alomomola\n|upkeep\n|turn|93\n|\n|t:|1700350066\n|switch|p1a: Corviknight|Corviknight, F|100\/100\n|-ability|p1a: Corviknight|Pressure\n|move|p2a: Clodsire|Toxic|p1a: Corviknight\n|-immune|p1a: Corviknight\n|\n|upkeep\n|turn|94\n|\n|t:|1700350076\n|switch|p2a: Skeledirge|Skeledirge, M|56\/100\n|move|p1a: Corviknight|Defog|p2a: Skeledirge\n|-unboost|p2a: Skeledirge|evasion|1\n|\n|upkeep\n|turn|95\n|\n|t:|1700350083\n|move|p1a: Corviknight|U-turn|p2a: Skeledirge\n|-resisted|p2a: Skeledirge\n|-damage|p2a: Skeledirge|54\/100\n|\n|t:|1700350087\n|switch|p1a: Toxapex|Toxapex, M|93\/100 brn|[from] U-turn\n|move|p2a: Skeledirge|Torch Song|p1a: Toxapex\n|-resisted|p1a: Toxapex\n|-damage|p1a: Toxapex|82\/100 brn\n|-boost|p2a: Skeledirge|spa|1\n|\n|-damage|p1a: Toxapex|76\/100 brn|[from] brn\n|upkeep\n|turn|96\n|\n|t:|1700350098\n|move|p2a: Skeledirge|Shadow Ball|p1a: Toxapex\n|-damage|p1a: Toxapex|48\/100 brn\n|move|p1a: Toxapex|Haze|p1a: Toxapex\n|-clearallboost\n|\n|-damage|p1a: Toxapex|42\/100 brn|[from] brn\n|upkeep\n|turn|97\n|\n|t:|1700350110\n|switch|p2a: Clodsire|Clodsire, F|100\/100\n|switch|p1a: Landorus|Landorus-Therian, M|100\/100\n|-ability|p1a: Landorus|Intimidate|boost\n|-unboost|p2a: Clodsire|atk|1\n|\n|upkeep\n|turn|98\n|\n|t:|1700350119\n|move|p1a: Landorus|Earthquake|p2a: Clodsire\n|-supereffective|p2a: Clodsire\n|-damage|p2a: Clodsire|0 fnt\n|faint|p2a: Clodsire\n|\n|upkeep\n|\n|t:|1700350126\n|switch|p2a: Samurott|Samurott-Hisui, F, tera:Fighting|100\/100\n|turn|99\n|inactive|Mr.Marvel19200 has 90 seconds left.\n|\n|t:|1700350139\n|move|p1a: Landorus|Protect|p1a: Landorus\n|-singleturn|p1a: Landorus|Protect\n|move|p2a: Samurott|Ceaseless Edge|p1a: Landorus\n|-activate|p1a: Landorus|move: Protect\n|\n|upkeep\n|turn|100\n|inactive|Mr.Marvel19200 has 90 seconds left.\n|\n|t:|1700350154\n|move|p2a: Samurott|Ceaseless Edge|p1a: Landorus\n|-damage|p1a: Landorus|61\/100\n|-damage|p2a: Samurott|84\/100|[from] item: Rocky Helmet|[of] p1a: Landorus\n|-sidestart|p1: TacoTuSempai|Spikes\n|move|p1a: Landorus|U-turn|p2a: Samurott\n|-resisted|p2a: Samurott\n|-damage|p2a: Samurott|69\/100\n|\n|t:|1700350166\n|switch|p1a: Alomomola|Alomomola, F|80\/100 brn|[from] U-turn\n|-damage|p1a: Alomomola|68\/100 brn|[from] Spikes\n|\n|-damage|p1a: Alomomola|62\/100 brn|[from] brn\n|upkeep\n|turn|101\n|\n|t:|1700350174\n|move|p2a: Samurott|Ceaseless Edge|p1a: Alomomola\n|-damage|p1a: Alomomola|37\/100 brn\n|-sidestart|p1: TacoTuSempai|Spikes\n|move|p1a: Alomomola|Wish|p1a: Alomomola\n|\n|-damage|p1a: Alomomola|31\/100 brn|[from] brn\n|upkeep\n|turn|102\n|inactive|TacoTuSempai has 120 seconds left.\n|\n|t:|1700350188\n|switch|p1a: Landorus|Landorus-Therian, M|61\/100\n|-ability|p1a: Landorus|Intimidate|boost\n|-unboost|p2a: Samurott|atk|1\n|move|p2a: Samurott|Ceaseless Edge|p1a: Landorus\n|-damage|p1a: Landorus|36\/100\n|-damage|p2a: Samurott|53\/100|[from] item: Rocky Helmet|[of] p1a: Landorus\n|-sidestart|p1: TacoTuSempai|Spikes\n|\n|-heal|p1a: Landorus|100\/100|[from] move: Wish|[wisher] Alomomola\n|upkeep\n|turn|103\n|inactive|TacoTuSempai has 120 seconds left.\n|inactive|Mr.Marvel19200 has 90 seconds left.\n|\n|t:|1700350200\n|switch|p2a: Weezing|Weezing, M|61\/100\n|move|p1a: Landorus|U-turn|p2a: Weezing\n|-resisted|p2a: Weezing\n|-damage|p2a: Weezing|54\/100\n|\n|t:|1700350206\n|switch|p1a: Corviknight|Corviknight, F|100\/100|[from] U-turn\n|-ability|p1a: Corviknight|Pressure\n|\n|-heal|p2a: Weezing|60\/100|[from] item: Leftovers\n|upkeep\n|turn|104\n|\n|t:|1700350214\n|move|p1a: Corviknight|Defog|p2a: Weezing\n|-unboost|p2a: Weezing|evasion|1\n|-sideend|p1: TacoTuSempai|Spikes|[from] move: Defog|[of] p1a: Corviknight\n|move|p2a: Weezing|Will-O-Wisp|p1a: Corviknight\n|-status|p1a: Corviknight|brn\n|\n|-heal|p2a: Weezing|66\/100|[from] item: Leftovers\n|-damage|p1a: Corviknight|94\/100 brn|[from] brn\n|upkeep\n|turn|105\n|inactive|TacoTuSempai has 120 seconds left.\n|inactive|Mr.Marvel19200 has 90 seconds left.\n|\n|t:|1700350224\n|move|p1a: Corviknight|U-turn|p2a: Weezing\n|-resisted|p2a: Weezing\n|-damage|p2a: Weezing|64\/100\n|inactive|TacoTuSempai has 120 seconds left.\n|\n|t:|1700350231\n|switch|p1a: Toxapex|Toxapex, M|75\/100 brn|[from] U-turn\n|move|p2a: Weezing|Stockpile|p2a: Weezing\n|-start|p2a: Weezing|stockpile1\n|-boost|p2a: Weezing|def|1\n|-boost|p2a: Weezing|spd|1\n|\n|-heal|p2a: Weezing|70\/100|[from] item: Leftovers\n|-damage|p1a: Toxapex|69\/100 brn|[from] brn\n|upkeep\n|turn|106\n|inactive|TacoTuSempai has 120 seconds left.\n|inactive|Mr.Marvel19200 has 90 seconds left.\n|\n|t:|1700350249\n|switch|p2a: Samurott|Samurott-Hisui, F, tera:Fighting|53\/100\n|move|p1a: Toxapex|Haze|p1a: Toxapex\n|-clearallboost\n|\n|-damage|p1a: Toxapex|63\/100 brn|[from] brn\n|upkeep\n|turn|107\n|\n|t:|1700350262\n|move|p1a: Toxapex|Baneful Bunker|p1a: Toxapex\n|-singleturn|p1a: Toxapex|move: Protect\n|move|p2a: Samurott|Sacred Sword|p1a: Toxapex\n|-activate|p1a: Toxapex|move: Protect\n|-status|p2a: Samurott|psn\n|\n|-damage|p2a: Samurott|40\/100 psn|[from] psn\n|-damage|p1a: Toxapex|56\/100 brn|[from] brn\n|upkeep\n|turn|108\n|inactive|TacoTuSempai has 120 seconds left.\n|\n|t:|1700350278\n|switch|p1a: Landorus|Landorus-Therian, M|100\/100\n|-ability|p1a: Landorus|Intimidate|boost\n|-unboost|p2a: Samurott|atk|1\n|move|p2a: Samurott|Sacred Sword|p1a: Landorus\n|-resisted|p1a: Landorus\n|-damage|p1a: Landorus|84\/100\n|-damage|p2a: Samurott|24\/100 psn|[from] item: Rocky Helmet|[of] p1a: Landorus\n|\n|-damage|p2a: Samurott|11\/100 psn|[from] psn\n|upkeep\n|turn|109\n|\n|t:|1700350292\n|switch|p2a: Sableye|Sableye, M|86\/100\n|move|p1a: Landorus|U-turn|p2a: Sableye\n|-damage|p2a: Sableye|64\/100\n|-damage|p1a: Landorus|68\/100|[from] item: Rocky Helmet|[of] p2a: Sableye\n|\n|t:|1700350305\n|switch|p1a: Toxapex|Toxapex, M|90\/100 brn|[from] U-turn\n|\n|-damage|p1a: Toxapex|83\/100 brn|[from] brn\n|upkeep\n|turn|110\n|\n|t:|1700350316\n|move|p2a: Sableye|Skill Swap|p1a: Toxapex\n|-activate|p2a: Sableye|move: Skill Swap|Regenerator|Prankster|[of] p1a: Toxapex\n|move|p1a: Toxapex|Ice Beam|p2a: Sableye\n|-damage|p2a: Sableye|45\/100\n|\n|-damage|p1a: Toxapex|77\/100 brn|[from] brn\n|upkeep\n|turn|111\n|\n|t:|1700350328\n|switch|p2a: Weezing|Weezing, M|70\/100\n|move|p1a: Toxapex|Ice Beam|p2a: Weezing\n|-damage|p2a: Weezing|54\/100\n|\n|-heal|p2a: Weezing|60\/100|[from] item: Leftovers\n|-damage|p1a: Toxapex|71\/100 brn|[from] brn\n|upkeep\n|turn|112\n|inactive|Mr.Marvel19200 has 60 seconds left.\n|\n|t:|1700350340\n|move|p2a: Weezing|Sludge Bomb|p1a: Toxapex\n|-resisted|p1a: Toxapex\n|-damage|p1a: Toxapex|62\/100 brn\n|move|p1a: Toxapex|Ice Beam|p2a: Weezing\n|-damage|p2a: Weezing|43\/100\n|\n|-heal|p2a: Weezing|49\/100|[from] item: Leftovers\n|-damage|p1a: Toxapex|56\/100 brn|[from] brn\n|upkeep\n|turn|113\n|inactive|Mr.Marvel19200 has 60 seconds left.\n|\n|t:|1700350351\n|move|p1a: Toxapex|Recover|p1a: Toxapex\n|-heal|p1a: Toxapex|100\/100 brn\n|move|p2a: Weezing|Stockpile|p2a: Weezing\n|-start|p2a: Weezing|stockpile1\n|-boost|p2a: Weezing|def|1\n|-boost|p2a: Weezing|spd|1\n|\n|-heal|p2a: Weezing|55\/100|[from] item: Leftovers\n|-damage|p1a: Toxapex|94\/100 brn|[from] brn\n|upkeep\n|turn|114\n|\n|t:|1700350362\n|switch|p2a: Sableye|Sableye, M|78\/100\n|move|p1a: Toxapex|Haze|p1a: Toxapex\n|-clearallboost\n|\n|-damage|p1a: Toxapex|88\/100 brn|[from] brn\n|upkeep\n|turn|115\n|\n|t:|1700350372\n|switch|p1a: Alomomola|Alomomola, F|65\/100 brn\n|move|p2a: Sableye|Encore||[still]\n|-fail|p2a: Sableye\n|\n|-damage|p1a: Alomomola|58\/100 brn|[from] brn\n|upkeep\n|turn|116\n|\n|t:|1700350381\n|switch|p1a: Toxapex|Toxapex, M|88\/100 brn\n|move|p2a: Sableye|Skill Swap|p1a: Toxapex\n|-activate|p2a: Sableye|move: Skill Swap|Regenerator|Prankster|[of] p1a: Toxapex\n|\n|-damage|p1a: Toxapex|82\/100 brn|[from] brn\n|upkeep\n|turn|117\n|inactive|TacoTuSempai has 90 seconds left.\n|\n|t:|1700350402\n|move|p2a: Sableye|Knock Off|p1a: Toxapex\n|-damage|p1a: Toxapex|69\/100 brn\n|move|p1a: Toxapex|Ice Beam|p2a: Sableye\n|-damage|p2a: Sableye|59\/100\n|\n|-damage|p1a: Toxapex|62\/100 brn|[from] brn\n|upkeep\n|turn|118\n|inactive|TacoTuSempai has 90 seconds left.\n|\n|t:|1700350412\n|move|p1a: Toxapex|Baneful Bunker|p1a: Toxapex\n|-singleturn|p1a: Toxapex|move: Protect\n|move|p2a: Sableye|Encore|p1a: Toxapex\n|-activate|p1a: Toxapex|move: Protect\n|\n|-damage|p1a: Toxapex|56\/100 brn|[from] brn\n|upkeep\n|turn|119\n|inactive|TacoTuSempai has 90 seconds left.\n|\n|t:|1700350420\n|switch|p1a: Alomomola|Alomomola, F|92\/100 brn\n|move|p2a: Sableye|Encore||[still]\n|-fail|p2a: Sableye\n|\n|-damage|p1a: Alomomola|86\/100 brn|[from] brn\n|upkeep\n|turn|120\n|inactive|TacoTuSempai has 90 seconds left.\n|inactive|Mr.Marvel19200 has 30 seconds left.\n|\n|t:|1700350435\n|switch|p2a: Skeledirge|Skeledirge, M|54\/100\n|move|p1a: Alomomola|Scald|p2a: Skeledirge\n|-supereffective|p2a: Skeledirge\n|-damage|p2a: Skeledirge|25\/100\n|\n|-damage|p1a: Alomomola|79\/100 brn|[from] brn\n|upkeep\n|turn|121\n|inactive|Mr.Marvel19200 has 30 seconds left this turn.\n|inactive|TacoTuSempai has 90 seconds left.\n|\n|t:|1700350447\n|move|p2a: Skeledirge|Slack Off|p2a: Skeledirge\n|-heal|p2a: Skeledirge|75\/100\n|move|p1a: Alomomola|Scald|p2a: Skeledirge\n|-supereffective|p2a: Skeledirge\n|-damage|p2a: Skeledirge|45\/100\n|\n|-damage|p1a: Alomomola|73\/100 brn|[from] brn\n|upkeep\n|turn|122\n|inactive|Mr.Marvel19200 has 30 seconds left this turn.\n|inactive|Mr.Marvel19200 has 20 seconds left.\n|\n|t:|1700350460\n|move|p2a: Skeledirge|Torch Song|p1a: Alomomola\n|-resisted|p1a: Alomomola\n|-damage|p1a: Alomomola|55\/100 brn\n|-boost|p2a: Skeledirge|spa|1\n|move|p1a: Alomomola|Flip Turn|p2a: Skeledirge\n|-supereffective|p2a: Skeledirge\n|-damage|p2a: Skeledirge|37\/100\n|inactive|Mr.Marvel19200 has 25 seconds left this turn.\n|\n|t:|1700350470\n|switch|p1a: Ogerpon|Ogerpon-Wellspring, F|92\/100|[from] Flip Turn\n|\n|upkeep\n|turn|123\n|inactive|Mr.Marvel19200 has 30 seconds left this turn.\n|\n|t:|1700350477\n|switch|p2a: Sableye|Sableye, M|93\/100\n|move|p1a: Ogerpon|Ivy Cudgel|p2a: Sableye|[anim] Ivy Cudgel Water\n|-damage|p2a: Sableye|33\/100\n|\n|upkeep\n|turn|124\n|inactive|Mr.Marvel19200 has 30 seconds left this turn.\n|inactive|TacoTuSempai has 90 seconds left.\n|inactive|Mr.Marvel19200 has 20 seconds left.\n|\n|t:|1700350488\n|move|p2a: Sableye|Recover|p2a: Sableye\n|-heal|p2a: Sableye|83\/100\n|move|p1a: Ogerpon|Ivy Cudgel|p2a: Sableye|[anim] Ivy Cudgel Water\n|-damage|p2a: Sableye|22\/100\n|\n|upkeep\n|turn|125\n|inactive|Mr.Marvel19200 has 25 seconds left this turn.\n|inactive|TacoTuSempai has 90 seconds left.\n|inactive|Mr.Marvel19200 has 20 seconds left.\n|inactive|Mr.Marvel19200 has 15 seconds left.\n|inactive|Mr.Marvel19200 has 10 seconds left.\n|\n|t:|1700350504\n|move|p2a: Sableye|Recover|p2a: Sableye\n|-heal|p2a: Sableye|72\/100\n|move|p1a: Ogerpon|Ivy Cudgel|p2a: Sableye|[anim] Ivy Cudgel Water\n|-damage|p2a: Sableye|14\/100\n|\n|upkeep\n|turn|126\n|inactive|Mr.Marvel19200 has 15 seconds left this turn.\n|inactive|TacoTuSempai has 90 seconds left.\n|inactive|Mr.Marvel19200 has 10 seconds left.\n|\n|t:|1700350511\n|move|p2a: Sableye|Recover|p2a: Sableye\n|-heal|p2a: Sableye|64\/100\n|move|p1a: Ogerpon|Ivy Cudgel|p2a: Sableye|[anim] Ivy Cudgel Water\n|-damage|p2a: Sableye|6\/100\n|\n|upkeep\n|turn|127\n|inactive|Mr.Marvel19200 has 15 seconds left this turn.\n|inactive|TacoTuSempai has 90 seconds left.\n|inactive|Mr.Marvel19200 has 10 seconds left.\n|\n|t:|1700350518\n|move|p2a: Sableye|Recover|p2a: Sableye\n|-heal|p2a: Sableye|56\/100\n|move|p1a: Ogerpon|Ivy Cudgel|p2a: Sableye|[anim] Ivy Cudgel Water\n|-damage|p2a: Sableye|0 fnt\n|faint|p2a: Sableye\n|\n|upkeep\n|inactive|Mr.Marvel19200 has 15 seconds left this turn.\n|inactive|Mr.Marvel19200 has 10 seconds left.\n|c|\u2606TacoTuSempai|gg\n|inactive|Mr.Marvel19200 has 5 seconds left.\n|\n|t:|1700350528\n|switch|p2a: Samurott|Samurott-Hisui, F, tera:Fighting|11\/100 psn\n|turn|128\n|inactive|Mr.Marvel19200 has 10 seconds left this turn.\n|c|\u2606TacoTuSempai|izi\n|c|\u2606TacoTuSempai|pizi\n|c|\u2606TacoTuSempai|limons\n|inactive|TacoTuSempai has 90 seconds left.\n|\n|t:|1700350540\n|move|p2a: Samurott|Sucker Punch|p1a: Ogerpon\n|-crit|p1a: Ogerpon\n|-damage|p1a: Ogerpon|29\/100\n|move|p1a: Ogerpon|Quick Attack|p2a: Samurott\n|-damage|p2a: Samurott|0 fnt\n|faint|p2a: Samurott\n|\n|upkeep\n|inactive|Mr.Marvel19200 has 15 seconds left this turn.\n|inactive|Mr.Marvel19200 has 10 seconds left.\n|\n|t:|1700350548\n|switch|p2a: Weezing|Weezing, M|55\/100\n|turn|129\n|inactive|Mr.Marvel19200 has 15 seconds left this turn.\n|\n|t:|1700350553\n|switch|p1a: Toxapex|Toxapex, M|56\/100 brn\n|move|p2a: Weezing|Sludge Bomb|p1a: Toxapex\n|-resisted|p1a: Toxapex\n|-damage|p1a: Toxapex|47\/100 brn\n|\n|-heal|p2a: Weezing|61\/100|[from] item: Leftovers\n|-damage|p1a: Toxapex|41\/100 brn|[from] brn\n|upkeep\n|turn|130\n|inactive|Mr.Marvel19200 has 20 seconds left this turn.\n|inactive|Mr.Marvel19200 has 15 seconds left.\n|inactive|TacoTuSempai has 90 seconds left.\n|\n|t:|1700350565\n|switch|p1a: Landorus|Landorus-Therian, M|68\/100\n|-ability|p1a: Landorus|Intimidate|boost\n|-unboost|p2a: Weezing|atk|1\n|move|p2a: Weezing|Rest|p2a: Weezing\n|-status|p2a: Weezing|slp|[from] move: Rest\n|-heal|p2a: Weezing|100\/100 slp|[silent]\n|\n|upkeep\n|turn|131\n|inactive|Mr.Marvel19200 has 20 seconds left this turn.\n|inactive|TacoTuSempai has 90 seconds left.\n|inactive|Mr.Marvel19200 has 15 seconds left.\n|\n|t:|1700350575\n|move|p1a: Landorus|U-turn|p2a: Weezing\n|-resisted|p2a: Weezing\n|-damage|p2a: Weezing|93\/100 slp\n|inactive|Mr.Marvel19200 has 20 seconds left this turn.\n|\n|t:|1700350580\n|switch|p1a: Alomomola|Alomomola, F|88\/100 brn|[from] U-turn\n|cant|p2a: Weezing|slp\n|\n|-heal|p2a: Weezing|99\/100 slp|[from] item: Leftovers\n|-damage|p1a: Alomomola|82\/100 brn|[from] brn\n|upkeep\n|turn|132\n|inactive|Mr.Marvel19200 has 25 seconds left this turn.\n|inactive|Mr.Marvel19200 has 20 seconds left.\n|\n|t:|1700350590\n|cant|p2a: Weezing|slp\n|move|p1a: Alomomola|Wish|p1a: Alomomola\n|\n|-heal|p2a: Weezing|100\/100 slp|[from] item: Leftovers\n|-damage|p1a: Alomomola|76\/100 brn|[from] brn\n|upkeep\n|turn|133\n|inactive|Mr.Marvel19200 has 25 seconds left this turn.\n|inactive|Mr.Marvel19200 has 20 seconds left.\n|\n|t:|1700350598\n|switch|p1a: Ogerpon|Ogerpon-Wellspring, F|29\/100\n|-curestatus|p2a: Weezing|slp|[msg]\n|move|p2a: Weezing|Sludge Bomb|p1a: Ogerpon\n|-supereffective|p1a: Ogerpon\n|-damage|p1a: Ogerpon|0 fnt\n|faint|p1a: Ogerpon\n|\n|upkeep\n|inactive|Mr.Marvel19200 has 25 seconds left this turn.\n|\n|t:|1700350607\n|switch|p1a: Alomomola|Alomomola, F|100\/100 brn\n|turn|134\n|inactive|Mr.Marvel19200 has 30 seconds left this turn.\n|\n|t:|1700350614\n|move|p2a: Weezing|Stockpile|p2a: Weezing\n|-start|p2a: Weezing|stockpile1\n|-boost|p2a: Weezing|def|1\n|-boost|p2a: Weezing|spd|1\n|move|p1a: Alomomola|Scald|p2a: Weezing\n|-damage|p2a: Weezing|88\/100\n|-status|p2a: Weezing|brn\n|\n|-heal|p2a: Weezing|94\/100 brn|[from] item: Leftovers\n|-damage|p1a: Alomomola|94\/100 brn|[from] brn\n|-damage|p2a: Weezing|88\/100 brn|[from] brn\n|upkeep\n|turn|135\n|inactive|Mr.Marvel19200 has 30 seconds left this turn.\n|inactive|Mr.Marvel19200 has 20 seconds left.\n|\n|t:|1700350629\n|switch|p2a: Skeledirge|Skeledirge, M|37\/100\n|switch|p1a: Toxapex|Toxapex, M|74\/100 brn\n|\n|-damage|p1a: Toxapex|68\/100 brn|[from] brn\n|upkeep\n|turn|136\n|inactive|Mr.Marvel19200 has 25 seconds left this turn.\n|inactive|Mr.Marvel19200 has 20 seconds left.\n|\n|t:|1700350643\n|switch|p1a: Landorus|Landorus-Therian, M|68\/100\n|-ability|p1a: Landorus|Intimidate|boost\n|-unboost|p2a: Skeledirge|atk|1\n|move|p2a: Skeledirge|Slack Off|p2a: Skeledirge\n|-heal|p2a: Skeledirge|87\/100\n|\n|upkeep\n|turn|137\n|inactive|Mr.Marvel19200 has 25 seconds left this turn.\n|inactive|Mr.Marvel19200 has 20 seconds left.\n|\n|t:|1700350651\n|switch|p2a: Weezing|Weezing, M|88\/100 brn\n|move|p1a: Landorus|Crunch|p2a: Weezing\n|-damage|p2a: Weezing|71\/100 brn\n|\n|-heal|p2a: Weezing|77\/100 brn|[from] item: Leftovers\n|-damage|p2a: Weezing|71\/100 brn|[from] brn\n|upkeep\n|turn|138\n|inactive|Mr.Marvel19200 has 25 seconds left this turn.\n|inactive|Mr.Marvel19200 has 20 seconds left.\n|inactive|Mr.Marvel19200 has 15 seconds left.\n|\n|t:|1700350663\n|switch|p2a: Skeledirge|Skeledirge, M|87\/100\n|move|p1a: Landorus|U-turn|p2a: Skeledirge\n|-resisted|p2a: Skeledirge\n|-damage|p2a: Skeledirge|84\/100\n|inactive|Mr.Marvel19200 has 20 seconds left this turn.\n|\n|t:|1700350667\n|switch|p1a: Alomomola|Alomomola, F|100\/100 brn|[from] U-turn\n|\n|-damage|p1a: Alomomola|94\/100 brn|[from] brn\n|upkeep\n|turn|139\n|inactive|Mr.Marvel19200 has 25 seconds left this turn.\n|inactive|Mr.Marvel19200 has 20 seconds left.\n|\n|t:|1700350674\n|move|p2a: Skeledirge|Shadow Ball|p1a: Alomomola\n|-damage|p1a: Alomomola|58\/100 brn\n|move|p1a: Alomomola|Flip Turn|p2a: Skeledirge\n|-supereffective|p2a: Skeledirge\n|-damage|p2a: Skeledirge|75\/100\n|inactive|Mr.Marvel19200 has 25 seconds left this turn.\n|\n|t:|1700350685\n|switch|p1a: Landorus|Landorus-Therian, M|68\/100|[from] Flip Turn\n|-ability|p1a: Landorus|Intimidate|boost\n|-unboost|p2a: Skeledirge|atk|1\n|\n|upkeep\n|turn|140\n|inactive|Mr.Marvel19200 has 30 seconds left this turn.\n|\n|t:|1700350692\n|switch|p2a: Weezing|Weezing, M|71\/100 brn\n|move|p1a: Landorus|Earthquake|p2a: Weezing\n|-immune|p2a: Weezing|[from] ability: Levitate\n|\n|-heal|p2a: Weezing|77\/100 brn|[from] item: Leftovers\n|-damage|p2a: Weezing|71\/100 brn|[from] brn\n|upkeep\n|turn|141\n|inactive|Mr.Marvel19200 has 30 seconds left this turn.\n|inactive|Mr.Marvel19200 has 20 seconds left.\n|\n|t:|1700350706\n|move|p1a: Landorus|Protect|p1a: Landorus\n|-singleturn|p1a: Landorus|Protect\n|move|p2a: Weezing|Will-O-Wisp|p1a: Landorus\n|-activate|p1a: Landorus|move: Protect\n|\n|-heal|p2a: Weezing|77\/100 brn|[from] item: Leftovers\n|-damage|p2a: Weezing|71\/100 brn|[from] brn\n|upkeep\n|turn|142\n|inactive|Mr.Marvel19200 has 25 seconds left this turn.\n|inactive|Mr.Marvel19200 has 20 seconds left.\n|\n|t:|1700350715\n|move|p1a: Landorus|U-turn|p2a: Weezing\n|-resisted|p2a: Weezing\n|-damage|p2a: Weezing|63\/100 brn\n|inactive|Mr.Marvel19200 has 25 seconds left this turn.\n|\n|t:|1700350718\n|switch|p1a: Corviknight|Corviknight, F|94\/100 brn|[from] U-turn\n|-ability|p1a: Corviknight|Pressure\n|move|p2a: Weezing|Will-O-Wisp|p1a: Corviknight\n|-fail|p1a: Corviknight|brn\n|\n|-heal|p2a: Weezing|69\/100 brn|[from] item: Leftovers\n|-damage|p1a: Corviknight|88\/100 brn|[from] brn\n|-damage|p2a: Weezing|63\/100 brn|[from] brn\n|upkeep\n|turn|143\n|inactive|Mr.Marvel19200 has 30 seconds left this turn.\n|inactive|TacoTuSempai has 120 seconds left.\n|inactive|Mr.Marvel19200 has 20 seconds left.\n|\n|t:|1700350731\n|move|p1a: Corviknight|U-turn|p2a: Weezing\n|-resisted|p2a: Weezing\n|-damage|p2a: Weezing|61\/100 brn\n|inactive|Mr.Marvel19200 has 25 seconds left this turn.\n|\n|t:|1700350734\n|switch|p1a: Toxapex|Toxapex, M|100\/100 brn|[from] U-turn\n|move|p2a: Weezing|Rest|p2a: Weezing\n|-status|p2a: Weezing|slp|[from] move: Rest\n|-heal|p2a: Weezing|100\/100 slp|[silent]\n|\n|-damage|p1a: Toxapex|94\/100 brn|[from] brn\n|upkeep\n|turn|144\n|inactive|Mr.Marvel19200 has 30 seconds left this turn.\n|inactive|TacoTuSempai has 120 seconds left.\n|inactive|Mr.Marvel19200 has 20 seconds left.\n|\n|t:|1700350745\n|switch|p1a: Alomomola|Alomomola, F|91\/100 brn\n|cant|p2a: Weezing|slp\n|\n|-damage|p1a: Alomomola|85\/100 brn|[from] brn\n|upkeep\n|turn|145\n|inactive|Mr.Marvel19200 has 25 seconds left this turn.\n|inactive|TacoTuSempai has 120 seconds left.\n|inactive|Mr.Marvel19200 has 20 seconds left.\n|\n|t:|1700350755\n|switch|p1a: Corviknight|Corviknight, F|88\/100 brn\n|-ability|p1a: Corviknight|Pressure\n|cant|p2a: Weezing|slp\n|\n|-damage|p1a: Corviknight|82\/100 brn|[from] brn\n|upkeep\n|turn|146\n|inactive|Mr.Marvel19200 has 25 seconds left this turn.\n|inactive|TacoTuSempai has 120 seconds left.\n|inactive|Mr.Marvel19200 has 20 seconds left.\n|\n|t:|1700350764\n|move|p1a: Corviknight|U-turn|p2a: Weezing\n|-resisted|p2a: Weezing\n|-damage|p2a: Weezing|98\/100 slp\n|inactive|Mr.Marvel19200 has 25 seconds left this turn.\n|\n|t:|1700350768\n|switch|p1a: Alomomola|Alomomola, F|100\/100 brn|[from] U-turn\n|-curestatus|p2a: Weezing|slp|[msg]\n|move|p2a: Weezing|Stockpile|p2a: Weezing\n|-start|p2a: Weezing|stockpile1\n|-boost|p2a: Weezing|def|1\n|-boost|p2a: Weezing|spd|1\n|\n|-heal|p2a: Weezing|100\/100|[from] item: Leftovers\n|-damage|p1a: Alomomola|94\/100 brn|[from] brn\n|upkeep\n|turn|147\n|inactive|Mr.Marvel19200 has 30 seconds left this turn.\n|inactive|TacoTuSempai has 120 seconds left.\n|inactive|Mr.Marvel19200 has 20 seconds left.\n|\n|t:|1700350781\n|switch|p1a: Corviknight|Corviknight, F|82\/100 brn\n|-ability|p1a: Corviknight|Pressure\n|move|p2a: Weezing|Stockpile|p2a: Weezing\n|-start|p2a: Weezing|stockpile2\n|-boost|p2a: Weezing|def|1\n|-boost|p2a: Weezing|spd|1\n|\n|-damage|p1a: Corviknight|76\/100 brn|[from] brn\n|upkeep\n|turn|148\n|inactive|Mr.Marvel19200 has 25 seconds left this turn.\n|inactive|TacoTuSempai has 120 seconds left.\n|inactive|Mr.Marvel19200 has 20 seconds left.\n|inactive|Mr.Marvel19200 has 15 seconds left.\n|\n|t:|1700350792\n|move|p1a: Corviknight|Defog|p2a: Weezing\n|-unboost|p2a: Weezing|evasion|1\n|move|p2a: Weezing|Stockpile|p2a: Weezing\n|-start|p2a: Weezing|stockpile3\n|-boost|p2a: Weezing|def|1\n|-boost|p2a: Weezing|spd|1\n|\n|-damage|p1a: Corviknight|70\/100 brn|[from] brn\n|upkeep\n|turn|149\n|inactive|Mr.Marvel19200 has 20 seconds left this turn.\n|inactive|TacoTuSempai has 120 seconds left.\n|inactive|Mr.Marvel19200 has 15 seconds left.\n|inactive|Mr.Marvel19200 has 10 seconds left.\n|\n|t:|1700350803\n|move|p1a: Corviknight|Defog|p2a: Weezing\n|-unboost|p2a: Weezing|evasion|1\n|move|p2a: Weezing|Stockpile||[still]\n|-fail|p2a: Weezing\n|\n|-damage|p1a: Corviknight|64\/100 brn|[from] brn\n|upkeep\n|turn|150\n|inactive|Mr.Marvel19200 has 15 seconds left this turn.\n|inactive|TacoTuSempai has 120 seconds left.\n|inactive|Mr.Marvel19200 has 10 seconds left.\n|\n|t:|1700350814\n|switch|p1a: Toxapex|Toxapex, M|100\/100 brn\n|move|p2a: Weezing|Will-O-Wisp|p1a: Toxapex|[miss]\n|-miss|p2a: Weezing|p1a: Toxapex\n|\n|-damage|p1a: Toxapex|94\/100 brn|[from] brn\n|upkeep\n|turn|151\n|inactive|Mr.Marvel19200 has 15 seconds left this turn.\n|inactive|Mr.Marvel19200 has 10 seconds left.\n|\n|t:|1700350823\n|switch|p2a: Skeledirge|Skeledirge, M|75\/100\n|move|p1a: Toxapex|Haze|p1a: Toxapex\n|-clearallboost\n|\n|-damage|p1a: Toxapex|88\/100 brn|[from] brn\n|upkeep\n|turn|152\n|inactive|Mr.Marvel19200 has 15 seconds left this turn.\n|inactive|Mr.Marvel19200 has 10 seconds left.\n|\n|t:|1700350831\n|move|p1a: Toxapex|Baneful Bunker|p1a: Toxapex\n|-singleturn|p1a: Toxapex|move: Protect\n|move|p2a: Skeledirge|Shadow Ball|p1a: Toxapex\n|-activate|p1a: Toxapex|move: Protect\n|\n|-damage|p1a: Toxapex|82\/100 brn|[from] brn\n|upkeep\n|turn|153\n|inactive|Mr.Marvel19200 has 15 seconds left this turn.\n|inactive|Mr.Marvel19200 has 10 seconds left.\n|\n|t:|1700350848\n|switch|p1a: Alomomola|Alomomola, F|100\/100 brn\n|move|p2a: Skeledirge|Shadow Ball|p1a: Alomomola\n|-damage|p1a: Alomomola|63\/100 brn\n|-unboost|p1a: Alomomola|spd|1\n|\n|-damage|p1a: Alomomola|57\/100 brn|[from] brn\n|upkeep\n|turn|154\n|inactive|Mr.Marvel19200 has 15 seconds left this turn.\n|inactive|Mr.Marvel19200 has 10 seconds left.\n|\n|t:|1700350858\n|switch|p1a: Toxapex|Toxapex, M|100\/100 brn\n|move|p2a: Skeledirge|Shadow Ball|p1a: Toxapex\n|-damage|p1a: Toxapex|81\/100 brn\n|\n|-damage|p1a: Toxapex|75\/100 brn|[from] brn\n|upkeep\n|turn|155\n|inactive|Mr.Marvel19200 has 15 seconds left this turn.\n|inactive|Mr.Marvel19200 has 10 seconds left.\n|inactive|Mr.Marvel19200 has 5 seconds left.\n|\n|t:|1700350868\n|move|p2a: Skeledirge|Slack Off|p2a: Skeledirge\n|-heal|p2a: Skeledirge|100\/100\n|move|p1a: Toxapex|Ice Beam|p2a: Skeledirge\n|-resisted|p2a: Skeledirge\n|-damage|p2a: Skeledirge|94\/100\n|\n|-damage|p1a: Toxapex|68\/100 brn|[from] brn\n|upkeep\n|turn|156\n|inactive|Mr.Marvel19200 has 10 seconds left this turn.\n|inactive|Mr.Marvel19200 has 5 seconds left.\n|\n|t:|1700350877\n|switch|p1a: Alomomola|Alomomola, F|91\/100 brn\n|move|p2a: Skeledirge|Shadow Ball|p1a: Alomomola\n|-damage|p1a: Alomomola|57\/100 brn\n|\n|-damage|p1a: Alomomola|51\/100 brn|[from] brn\n|upkeep\n|turn|157\n|inactive|Mr.Marvel19200 has 10 seconds left this turn.\n|inactive|Mr.Marvel19200 has 5 seconds left.\n|\n|t:|1700350885\n|switch|p1a: Toxapex|Toxapex, M|100\/100 brn\n|move|p2a: Skeledirge|Shadow Ball|p1a: Toxapex\n|-damage|p1a: Toxapex|82\/100 brn\n|\n|-damage|p1a: Toxapex|75\/100 brn|[from] brn\n|upkeep\n|turn|158\n|inactive|Mr.Marvel19200 has 10 seconds left this turn.\n|inactive|Mr.Marvel19200 has 5 seconds left.\n|\n|t:|1700350894\n|move|p2a: Skeledirge|Shadow Ball|p1a: Toxapex\n|-damage|p1a: Toxapex|56\/100 brn\n|move|p1a: Toxapex|Ice Beam|p2a: Skeledirge\n|-resisted|p2a: Skeledirge\n|-damage|p2a: Skeledirge|87\/100\n|\n|-damage|p1a: Toxapex|50\/100 brn|[from] brn\n|upkeep\n|turn|159\n|inactive|Mr.Marvel19200 has 10 seconds left this turn.\n|inactive|Mr.Marvel19200 has 5 seconds left.\n|\n|t:|1700350903\n|switch|p1a: Alomomola|Alomomola, F|84\/100 brn\n|move|p2a: Skeledirge|Torch Song|p1a: Alomomola\n|-resisted|p1a: Alomomola\n|-damage|p1a: Alomomola|67\/100 brn\n|-boost|p2a: Skeledirge|spa|1\n|\n|-damage|p1a: Alomomola|61\/100 brn|[from] brn\n|upkeep\n|turn|160\n|inactive|Mr.Marvel19200 has 10 seconds left this turn.\n|inactive|Mr.Marvel19200 has 5 seconds left.\n|\n|t:|1700350913\n|move|p1a: Alomomola|Protect|p1a: Alomomola\n|-singleturn|p1a: Alomomola|Protect\n|move|p2a: Skeledirge|Shadow Ball|p1a: Alomomola\n|-activate|p1a: Alomomola|move: Protect\n|\n|-damage|p1a: Alomomola|54\/100 brn|[from] brn\n|upkeep\n|turn|161\n|inactive|Mr.Marvel19200 has 10 seconds left this turn.\n|inactive|Mr.Marvel19200 has 5 seconds left.\n|\n|t:|1700350933\n|switch|p1a: Toxapex|Toxapex, M|83\/100 brn\n|move|p2a: Skeledirge|Shadow Ball|p1a: Toxapex\n|-damage|p1a: Toxapex|57\/100 brn\n|\n|-damage|p1a: Toxapex|50\/100 brn|[from] brn\n|upkeep\n|turn|162\n|inactive|Mr.Marvel19200 has 10 seconds left this turn.\n|inactive|Mr.Marvel19200 has 5 seconds left.\n|inactive|TacoTuSempai has 90 seconds left.\n|\n|t:|1700350944\n|move|p2a: Skeledirge|Shadow Ball|p1a: Toxapex\n|-damage|p1a: Toxapex|22\/100 brn\n|-unboost|p1a: Toxapex|spd|1\n|move|p1a: Toxapex|Haze|p1a: Toxapex\n|-clearallboost\n|\n|-damage|p1a: Toxapex|15\/100 brn|[from] brn\n|upkeep\n|turn|163\n|inactive|Mr.Marvel19200 has 10 seconds left this turn.\n|inactive|TacoTuSempai has 90 seconds left.\n|inactive|Mr.Marvel19200 has 5 seconds left.\n|\n|t:|1700350953\n|switch|p1a: Landorus|Landorus-Therian, M|68\/100\n|-ability|p1a: Landorus|Intimidate|boost\n|-unboost|p2a: Skeledirge|atk|1\n|move|p2a: Skeledirge|Shadow Ball|p1a: Landorus\n|-damage|p1a: Landorus|26\/100\n|\n|upkeep\n|turn|164\n|inactive|Mr.Marvel19200 has 10 seconds left this turn.\n|inactive|TacoTuSempai has 90 seconds left.\n|inactive|Mr.Marvel19200 has 5 seconds left.\n|\n|t:|1700350963\n|move|p1a: Landorus|Crunch|p2a: Skeledirge\n|-supereffective|p2a: Skeledirge\n|-damage|p2a: Skeledirge|55\/100\n|move|p2a: Skeledirge|Shadow Ball|p1a: Landorus\n|-damage|p1a: Landorus|0 fnt\n|faint|p1a: Landorus\n|\n|upkeep\n|inactive|Mr.Marvel19200 has 10 seconds left this turn.\n|inactive|TacoTuSempai has 90 seconds left.\n|\n|t:|1700350974\n|switch|p1a: Toxapex|Toxapex, M|49\/100 brn\n|turn|165\n|inactive|Mr.Marvel19200 has 15 seconds left this turn.\n|\n|t:|1700350977\n|switch|p1a: Alomomola|Alomomola, F|88\/100 brn\n|move|p2a: Skeledirge|Shadow Ball|p1a: Alomomola\n|-damage|p1a: Alomomola|53\/100 brn\n|\n|-damage|p1a: Alomomola|47\/100 brn|[from] brn\n|upkeep\n|turn|166\n|inactive|Mr.Marvel19200 has 20 seconds left this turn.\n|inactive|TacoTuSempai has 90 seconds left.\n|inactive|Mr.Marvel19200 has 15 seconds left.\n|\n|t:|1700350986\n|switch|p1a: Toxapex|Toxapex, M|82\/100 brn\n|move|p2a: Skeledirge|Torch Song|p1a: Toxapex\n|-resisted|p1a: Toxapex\n|-damage|p1a: Toxapex|72\/100 brn\n|-boost|p2a: Skeledirge|spa|1\n|\n|-damage|p1a: Toxapex|65\/100 brn|[from] brn\n|upkeep\n|turn|167\n|inactive|Mr.Marvel19200 has 20 seconds left this turn.\n|inactive|TacoTuSempai has 90 seconds left.\n|inactive|Mr.Marvel19200 has 15 seconds left.\n|\n|t:|1700350996\n|move|p2a: Skeledirge|Shadow Ball|p1a: Toxapex\n|-damage|p1a: Toxapex|37\/100 brn\n|move|p1a: Toxapex|Haze|p1a: Toxapex\n|-clearallboost\n|\n|-damage|p1a: Toxapex|31\/100 brn|[from] brn\n|upkeep\n|turn|168\n|inactive|Mr.Marvel19200 has 15 seconds left this turn.\n|inactive|Mr.Marvel19200 has 10 seconds left.\n|\n|t:|1700351005\n|move|p2a: Skeledirge|Shadow Ball|p1a: Toxapex\n|-damage|p1a: Toxapex|11\/100 brn\n|-unboost|p1a: Toxapex|spd|1\n|move|p1a: Toxapex|Recover|p1a: Toxapex\n|-heal|p1a: Toxapex|61\/100 brn\n|\n|-damage|p1a: Toxapex|55\/100 brn|[from] brn\n|upkeep\n|turn|169\n|inactive|Mr.Marvel19200 has 15 seconds left this turn.\n|inactive|Mr.Marvel19200 has 10 seconds left.\n|\n|t:|1700351019\n|switch|p1a: Alomomola|Alomomola, F|80\/100 brn\n|move|p2a: Skeledirge|Shadow Ball|p1a: Alomomola\n|-damage|p1a: Alomomola|46\/100 brn\n|\n|-damage|p1a: Alomomola|39\/100 brn|[from] brn\n|upkeep\n|turn|170\n|inactive|Mr.Marvel19200 has 10 seconds left this turn.\n|inactive|Mr.Marvel19200 has 5 seconds left.\n|\n|t:|1700351029\n|switch|p1a: Toxapex|Toxapex, M|88\/100 brn\n|move|p2a: Skeledirge|Shadow Ball|p1a: Toxapex\n|-damage|p1a: Toxapex|71\/100 brn\n|\n|-damage|p1a: Toxapex|64\/100 brn|[from] brn\n|upkeep\n|turn|171\n|inactive|Mr.Marvel19200 has 10 seconds left this turn.\n|inactive|Mr.Marvel19200 has 5 seconds left.\n|\n|t:|1700351040\n|move|p1a: Toxapex|Baneful Bunker|p1a: Toxapex\n|-singleturn|p1a: Toxapex|move: Protect\n|move|p2a: Skeledirge|Shadow Ball|p1a: Toxapex\n|-activate|p1a: Toxapex|move: Protect\n|\n|-damage|p1a: Toxapex|58\/100 brn|[from] brn\n|upkeep\n|turn|172\n|inactive|Mr.Marvel19200 has 5 seconds left this turn.\n|-message|Mr.Marvel19200 lost due to inactivity.\n|\n|win|TacoTuSempai\n|raw|TacoTuSempai's rating: 1234 &rarr; <strong>1258<\/strong><br \/>(+24 for winning)\n|raw|Mr.Marvel19200's rating: 1223 &rarr; <strong>1199<\/strong><br \/>(-24 for losing)\n|l|\u2606TacoTuSempai\n|c|\u2606Mr.Marvel19200|Oooooouch\n|c|\u2606Mr.Marvel19200|Such a looooooong game\n","uploadtime":1700351107,"views":9,"p1id":"tacotusempai","p2id":"mrmarvel19200","formatid":"gen9ou","rating":1199,"private":0,"password":""}