{"id":"gen9ou-1994681921","p1":"XxDarkJeanRaoulxX","p2":"Skaraptor2.1","format":"[Gen 9] OU","log":"|j|\u2606XxDarkJeanRaoulxX\n|j|\u2606Skaraptor2.1\n|t:|1700480297\n|gametype|singles\n|player|p1|XxDarkJeanRaoulxX|richboy-gen4|1290\n|player|p2|Skaraptor2.1|bodybuilderf-gen9|1370\n|teamsize|p1|6\n|teamsize|p2|6\n|gen|9\n|tier|[Gen 9] OU\n|rated|\n|rule|Sleep Clause Mod: Limit one foe put to sleep\n|rule|Species Clause: Limit one of each Pok\u00e9mon\n|rule|OHKO Clause: OHKO moves are banned\n|rule|Evasion Items Clause: Evasion items are banned\n|rule|Evasion Moves Clause: Evasion moves are banned\n|rule|Endless Battle Clause: Forcing endless battles is banned\n|rule|HP Percentage Mod: HP is shown in percentages\n|clearpoke\n|poke|p1|Dragonite, M|\n|poke|p1|Iron Valiant|\n|poke|p1|Iron Treads|\n|poke|p1|Kingambit, M|\n|poke|p1|Ceruledge, M|\n|poke|p1|Ogerpon-Cornerstone, F|\n|poke|p2|Ribombee, M|\n|poke|p2|Ogerpon-Wellspring, F|\n|poke|p2|Great Tusk|\n|poke|p2|Zamazenta-*|\n|poke|p2|Iron Valiant|\n|poke|p2|Kingambit, F|\n|teampreview\n|inactive|Battle timer is ON: inactive players will automatically lose when time's up. (requested by Skaraptor2.1)\n|inactive|XxDarkJeanRaoulxX also wants the timer to be on.\n|\n|t:|1700480308\n|start\n|switch|p1a: Iron Treads|Iron Treads|100\/100\n|switch|p2a: Transfem|Ogerpon-Wellspring, F|100\/100\n|turn|1\n|\n|t:|1700480318\n|move|p2a: Transfem|Ivy Cudgel|p1a: Iron Treads|[anim] Ivy Cudgel Water\n|-supereffective|p1a: Iron Treads\n|-damage|p1a: Iron Treads|0 fnt\n|faint|p1a: Iron Treads\n|-end|p1a: Iron Treads|Quark Drive|[silent]\n|\n|upkeep\n|\n|t:|1700480335\n|switch|p1a: Dragonite|Dragonite, M|100\/100\n|turn|2\n|\n|t:|1700480340\n|move|p2a: Transfem|Knock Off|p1a: Dragonite\n|-damage|p1a: Dragonite|79\/100\n|-enditem|p1a: Dragonite|Heavy-Duty Boots|[from] move: Knock Off|[of] p2a: Transfem\n|move|p1a: Dragonite|Dragon Dance|p1a: Dragonite\n|-boost|p1a: Dragonite|atk|1\n|-boost|p1a: Dragonite|spe|1\n|\n|upkeep\n|turn|3\n|\n|t:|1700480351\n|move|p1a: Dragonite|Dragon Dance|p1a: Dragonite\n|-boost|p1a: Dragonite|atk|1\n|-boost|p1a: Dragonite|spe|1\n|move|p2a: Transfem|Ivy Cudgel|p1a: Dragonite|[anim] Ivy Cudgel Water\n|-resisted|p1a: Dragonite\n|-damage|p1a: Dragonite|45\/100\n|\n|upkeep\n|turn|4\n|\n|t:|1700480357\n|move|p1a: Dragonite|Dragon Dance|p1a: Dragonite\n|-boost|p1a: Dragonite|atk|1\n|-boost|p1a: Dragonite|spe|1\n|move|p2a: Transfem|Ivy Cudgel|p1a: Dragonite|[anim] Ivy Cudgel Water\n|-resisted|p1a: Dragonite\n|-damage|p1a: Dragonite|10\/100\n|\n|upkeep\n|turn|5\n|\n|t:|1700480360\n|move|p1a: Dragonite|Extreme Speed|p2a: Transfem\n|-damage|p2a: Transfem|6\/100\n|move|p2a: Transfem|Ivy Cudgel|p1a: Dragonite|[anim] Ivy Cudgel Water\n|-resisted|p1a: Dragonite\n|-damage|p1a: Dragonite|0 fnt\n|faint|p1a: Dragonite\n|\n|upkeep\n|\n|t:|1700480376\n|switch|p1a: Ceruledge|Ceruledge, M|100\/100\n|turn|6\n|\n|t:|1700480381\n|move|p1a: Ceruledge|Shadow Sneak|p2a: Transfem\n|-damage|p2a: Transfem|0 fnt\n|faint|p2a: Transfem\n|\n|upkeep\n|\n|t:|1700480384\n|switch|p2a: Twink|Ribombee, M|100\/100\n|turn|7\n|\n|t:|1700480389\n|switch|p1a: Iron Valiant|Iron Valiant|100\/100\n|-enditem|p1a: Iron Valiant|Booster Energy\n|-activate|p1a: Iron Valiant|ability: Quark Drive|[fromitem]\n|-start|p1a: Iron Valiant|quarkdrivespe\n|move|p2a: Twink|Stun Spore|p1a: Iron Valiant\n|-status|p1a: Iron Valiant|par\n|\n|upkeep\n|turn|8\n|\n|t:|1700480409\n|move|p2a: Twink|Sticky Web|p1a: Iron Valiant\n|-sidestart|p1: XxDarkJeanRaoulxX|move: Sticky Web\n|move|p1a: Iron Valiant|Encore|p2a: Twink\n|-start|p2a: Twink|Encore\n|\n|upkeep\n|turn|9\n|\n|t:|1700480418\n|switch|p2a: Raging Queer|Great Tusk|100\/100\n|-end|p1a: Iron Valiant|Quark Drive|[silent]\n|switch|p1a: Ceruledge|Ceruledge, M|100\/100\n|-activate|p1a: Ceruledge|move: Sticky Web\n|-unboost|p1a: Ceruledge|spe|1\n|\n|upkeep\n|turn|10\n|inactive|XxDarkJeanRaoulxX has 120 seconds left.\n|\n|t:|1700480451\n|move|p2a: Raging Queer|Earthquake|p1a: Ceruledge\n|-supereffective|p1a: Ceruledge\n|-enditem|p1a: Ceruledge|Focus Sash\n|-damage|p1a: Ceruledge|1\/100\n|-ability|p1a: Ceruledge|Weak Armor|boost\n|-unboost|p1a: Ceruledge|def|1\n|-boost|p1a: Ceruledge|spe|2\n|move|p1a: Ceruledge|Swords Dance|p1a: Ceruledge\n|-boost|p1a: Ceruledge|atk|2\n|\n|upkeep\n|turn|11\n|inactive|XxDarkJeanRaoulxX has 120 seconds left.\n|\n|t:|1700480466\n|move|p1a: Ceruledge|Bitter Blade|p2a: Raging Queer\n|-damage|p2a: Raging Queer|43\/100\n|-heal|p1a: Ceruledge|44\/100|[from] drain|[of] p2a: Raging Queer\n|move|p2a: Raging Queer|Earthquake|p1a: Ceruledge\n|-supereffective|p1a: Ceruledge\n|-damage|p1a: Ceruledge|0 fnt\n|faint|p1a: Ceruledge\n|\n|upkeep\n|-message|XxDarkJeanRaoulxX forfeited.\n|\n|win|Skaraptor2.1\n|raw|XxDarkJeanRaoulxX's rating: 1290 &rarr; <strong>1271<\/strong><br \/>(-19 for losing)\n|raw|Skaraptor2.1's rating: 1370 &rarr; <strong>1385<\/strong><br \/>(+15 for winning)\n|l|\u2606XxDarkJeanRaoulxX\n","uploadtime":1700480483,"views":4,"p1id":"xxdarkjeanraoulxx","p2id":"skaraptor21","formatid":"gen9ou","rating":1271,"private":0,"password":""}