{"id":"gen9ou-1993795385","p1":"Ombre Nomade","p2":"zshmoneyy","format":"[Gen 9] OU","log":"|j|\u2606Ombre Nomade\n|j|\u2606zshmoneyy\n|t:|1700358206\n|gametype|singles\n|player|p1|Ombre Nomade|jasmine-gen2|1403\n|player|p2|zshmoneyy|flannery|1325\n|teamsize|p1|6\n|teamsize|p2|6\n|gen|9\n|tier|[Gen 9] OU\n|rated|\n|rule|Sleep Clause Mod: Limit one foe put to sleep\n|rule|Species Clause: Limit one of each Pok\u00e9mon\n|rule|OHKO Clause: OHKO moves are banned\n|rule|Evasion Items Clause: Evasion items are banned\n|rule|Evasion Moves Clause: Evasion moves are banned\n|rule|Endless Battle Clause: Forcing endless battles is banned\n|rule|HP Percentage Mod: HP is shown in percentages\n|clearpoke\n|poke|p1|Iron Moth|\n|poke|p1|Greninja-*, M|\n|poke|p1|Toedscruel, M|\n|poke|p1|Tornadus-Therian, M|\n|poke|p1|Sneasler, F|\n|poke|p1|Heatran, F|\n|poke|p2|Kingambit, F|\n|poke|p2|Ceruledge, M|\n|poke|p2|Cinderace, M|\n|poke|p2|Slowking-Galar, M|\n|poke|p2|Dondozo, F|\n|poke|p2|Corviknight, M|\n|teampreview\n|inactive|Battle timer is ON: inactive players will automatically lose when time's up. (requested by Ombre Nomade)\n|\n|t:|1700358218\n|start\n|switch|p1a: Enough Enough|Sneasler, F|100\/100\n|switch|p2a: Fire Fist Sabo\ud83d\udd25|Cinderace, M|100\/100\n|turn|1\n|\n|t:|1700358226\n|switch|p2a: MuGiWaRa!!!|Slowking-Galar, M|100\/100\n|move|p1a: Enough Enough|Close Combat|p2a: MuGiWaRa!!!\n|-resisted|p2a: MuGiWaRa!!!\n|-damage|p2a: MuGiWaRa!!!|89\/100\n|-unboost|p1a: Enough Enough|def|1\n|-unboost|p1a: Enough Enough|spd|1\n|\n|upkeep\n|turn|2\n|\n|t:|1700358236\n|switch|p1a: Daddy|Heatran, F|100\/100\n|move|p2a: MuGiWaRa!!!|Future Sight|p1a: Daddy\n|-start|p2a: MuGiWaRa!!!|move: Future Sight\n|\n|upkeep\n|turn|3\n|\n|t:|1700358242\n|move|p1a: Daddy|Magma Storm|p2a: MuGiWaRa!!!\n|-damage|p2a: MuGiWaRa!!!|68\/100\n|-activate|p2a: MuGiWaRa!!!|move: Magma Storm|[of] p1a: Daddy\n|move|p2a: MuGiWaRa!!!|Focus Blast|p1a: Daddy|[miss]\n|-miss|p2a: MuGiWaRa!!!|p1a: Daddy\n|\n|-damage|p2a: MuGiWaRa!!!|56\/100|[from] move: Magma Storm|[partiallytrapped]\n|upkeep\n|turn|4\n|\n|t:|1700358251\n|move|p1a: Daddy|Stealth Rock|p2a: MuGiWaRa!!!\n|-sidestart|p2: zshmoneyy|move: Stealth Rock\n|move|p2a: MuGiWaRa!!!|Focus Blast|p1a: Daddy\n|-supereffective|p1a: Daddy\n|-damage|p1a: Daddy|63\/100\n|\n|-end|p1a: Daddy|move: Future Sight\n|-resisted|p1a: Daddy\n|-damage|p1a: Daddy|49\/100\n|-heal|p1a: Daddy|56\/100|[from] item: Leftovers\n|-damage|p2a: MuGiWaRa!!!|43\/100|[from] move: Magma Storm|[partiallytrapped]\n|upkeep\n|turn|5\n|\n|t:|1700358264\n|move|p1a: Daddy|Protect|p1a: Daddy\n|-singleturn|p1a: Daddy|Protect\n|move|p2a: MuGiWaRa!!!|Focus Blast|p1a: Daddy\n|-activate|p1a: Daddy|move: Protect\n|\n|-heal|p1a: Daddy|62\/100|[from] item: Leftovers\n|-damage|p2a: MuGiWaRa!!!|31\/100|[from] move: Magma Storm|[partiallytrapped]\n|upkeep\n|turn|6\n|\n|t:|1700358273\n|move|p1a: Daddy|Earth Power|p2a: MuGiWaRa!!!\n|-supereffective|p2a: MuGiWaRa!!!\n|-damage|p2a: MuGiWaRa!!!|5\/100\n|move|p2a: MuGiWaRa!!!|Focus Blast|p1a: Daddy\n|-supereffective|p1a: Daddy\n|-damage|p1a: Daddy|22\/100\n|\n|-heal|p1a: Daddy|29\/100|[from] item: Leftovers\n|-damage|p2a: MuGiWaRa!!!|0 fnt|[from] move: Magma Storm|[partiallytrapped]\n|faint|p2a: MuGiWaRa!!!\n|upkeep\n|\n|t:|1700358289\n|switch|p2a: Fire Fist Sabo\ud83d\udd25|Cinderace, M|100\/100\n|turn|7\n|\n|t:|1700358296\n|move|p2a: Fire Fist Sabo\ud83d\udd25|Court Change|p2a: Fire Fist Sabo\ud83d\udd25\n|-start|p2a: Fire Fist Sabo\ud83d\udd25|typechange|Normal|[from] ability: Libero\n|-swapsideconditions\n|-activate|p2a: Fire Fist Sabo\ud83d\udd25|move: Court Change\n|move|p1a: Daddy|Earth Power|p2a: Fire Fist Sabo\ud83d\udd25\n|-damage|p2a: Fire Fist Sabo\ud83d\udd25|61\/100\n|\n|-heal|p1a: Daddy|35\/100|[from] item: Leftovers\n|upkeep\n|turn|8\n|\n|t:|1700358306\n|move|p2a: Fire Fist Sabo\ud83d\udd25|High Jump Kick|p1a: Daddy\n|-supereffective|p1a: Daddy\n|-damage|p1a: Daddy|0 fnt\n|faint|p1a: Daddy\n|\n|upkeep\n|\n|t:|1700358311\n|switch|p1a: Enough Enough|Sneasler, F|100\/100\n|-damage|p1a: Enough Enough|95\/100|[from] Stealth Rock\n|turn|9\n|\n|t:|1700358323\n|switch|p2a: KaiDo!!|Dondozo, F|100\/100\n|move|p1a: Enough Enough|Switcheroo|p2a: KaiDo!!\n|-activate|p1a: Enough Enough|move: Trick|[of] p2a: KaiDo!!\n|-item|p2a: KaiDo!!|Choice Scarf|[from] move: Switcheroo\n|-item|p1a: Enough Enough|Leftovers|[from] move: Switcheroo\n|\n|-heal|p1a: Enough Enough|100\/100|[from] item: Leftovers\n|upkeep\n|turn|10\n|\n|t:|1700358337\n|move|p1a: Enough Enough|U-turn|p2a: KaiDo!!\n|-damage|p2a: KaiDo!!|90\/100\n|\n|t:|1700358340\n|switch|p1a: 18+|Toedscruel, M|100\/100|[from] U-turn\n|-damage|p1a: 18+|94\/100|[from] Stealth Rock\n|move|p2a: KaiDo!!|Liquidation|p1a: 18+\n|-damage|p1a: 18+|59\/100\n|-unboost|p1a: 18+|def|1\n|\n|-heal|p1a: 18+|65\/100|[from] item: Leftovers\n|upkeep\n|turn|11\n|\n|t:|1700358349\n|switch|p2a: MiHawK|Corviknight, M|100\/100\n|move|p1a: 18+|Spore|p2a: MiHawK\n|-status|p2a: MiHawK|slp|[from] move: Spore\n|\n|-heal|p1a: 18+|71\/100|[from] item: Leftovers\n|upkeep\n|turn|12\n|\n|t:|1700358366\n|move|p1a: 18+|Rapid Spin|p2a: MiHawK\n|-resisted|p2a: MiHawK\n|-damage|p2a: MiHawK|97\/100 slp\n|-boost|p1a: 18+|spe|1\n|-damage|p1a: 18+|54\/100|[from] item: Rocky Helmet|[of] p2a: MiHawK\n|-sideend|p1: Ombre Nomade|Stealth Rock|[from] move: Rapid Spin|[of] p1a: 18+\n|cant|p2a: MiHawK|slp\n|\n|-heal|p1a: 18+|60\/100|[from] item: Leftovers\n|upkeep\n|turn|13\n|\n|t:|1700358377\n|switch|p1a: Phobia|Iron Moth|100\/100\n|-enditem|p1a: Phobia|Booster Energy\n|-activate|p1a: Phobia|ability: Quark Drive|[fromitem]\n|-start|p1a: Phobia|quarkdrivespe\n|-curestatus|p2a: MiHawK|slp|[msg]\n|move|p2a: MiHawK|Brave Bird|p1a: Phobia\n|-damage|p1a: Phobia|40\/100\n|-damage|p2a: MiHawK|81\/100|[from] Recoil\n|\n|upkeep\n|turn|14\n|inactive|zshmoneyy has 120 seconds left.\n|\n|t:|1700358411\n|switch|p2a: Fire Fist Sabo\ud83d\udd25|Cinderace, M|61\/100\n|move|p1a: Phobia|Fiery Dance|p2a: Fire Fist Sabo\ud83d\udd25\n|-resisted|p2a: Fire Fist Sabo\ud83d\udd25\n|-damage|p2a: Fire Fist Sabo\ud83d\udd25|34\/100\n|-boost|p1a: Phobia|spa|1\n|\n|upkeep\n|turn|15\n|inactive|zshmoneyy has 120 seconds left.\n|\n|t:|1700358419\n|move|p2a: Fire Fist Sabo\ud83d\udd25|Sucker Punch|p1a: Phobia\n|-start|p2a: Fire Fist Sabo\ud83d\udd25|typechange|Dark|[from] ability: Libero\n|-damage|p1a: Phobia|0 fnt\n|faint|p1a: Phobia\n|-end|p1a: Phobia|Quark Drive|[silent]\n|\n|upkeep\n|\n|t:|1700358426\n|switch|p1a: Enough Enough|Sneasler, F|100\/100\n|turn|16\n|\n|t:|1700358440\n|switch|p2a: KaiDo!!|Dondozo, F|90\/100\n|move|p1a: Enough Enough|U-turn|p2a: KaiDo!!\n|-damage|p2a: KaiDo!!|78\/100\n|\n|t:|1700358443\n|switch|p1a: 18+|Toedscruel, M|60\/100|[from] U-turn\n|\n|-heal|p1a: 18+|66\/100|[from] item: Leftovers\n|upkeep\n|turn|17\n|inactive|zshmoneyy has 120 seconds left.\n|\n|t:|1700358466\n|switch|p1a: Mr.Brightside|Tornadus-Therian, M|100\/100\n|-terastallize|p2a: KaiDo!!|Grass\n|move|p2a: KaiDo!!|Curse|p2a: KaiDo!!\n|-unboost|p2a: KaiDo!!|spe|1\n|-boost|p2a: KaiDo!!|atk|1\n|-boost|p2a: KaiDo!!|def|1\n|\n|upkeep\n|turn|18\n|\n|t:|1700358476\n|switch|p2a: MiHawK|Corviknight, M|81\/100\n|move|p1a: Mr.Brightside|Taunt|p2a: MiHawK\n|-start|p2a: MiHawK|move: Taunt\n|\n|upkeep\n|turn|19\n|\n|t:|1700358481\n|move|p1a: Mr.Brightside|Knock Off|p2a: MiHawK\n|-damage|p2a: MiHawK|61\/100\n|-damage|p1a: Mr.Brightside|84\/100|[from] item: Rocky Helmet|[of] p2a: MiHawK\n|-enditem|p2a: MiHawK|Rocky Helmet|[from] move: Knock Off|[of] p1a: Mr.Brightside\n|move|p2a: MiHawK|Brave Bird|p1a: Mr.Brightside\n|-damage|p1a: Mr.Brightside|40\/100\n|-damage|p2a: MiHawK|48\/100|[from] Recoil\n|\n|upkeep\n|turn|20\n|\n|t:|1700358490\n|move|p1a: Mr.Brightside|U-turn|p2a: MiHawK\n|-resisted|p2a: MiHawK\n|-damage|p2a: MiHawK|45\/100\n|\n|t:|1700358497\n|switch|p1a: 18+|Toedscruel, M|66\/100|[from] U-turn\n|move|p2a: MiHawK|Brave Bird|p1a: 18+\n|-supereffective|p1a: 18+\n|-damage|p1a: 18+|0 fnt\n|faint|p1a: 18+\n|-damage|p2a: MiHawK|25\/100|[from] Recoil\n|\n|-end|p2a: MiHawK|move: Taunt\n|upkeep\n|\n|t:|1700358499\n|switch|p1a: Nightclub Bathroom|Greninja, M|100\/100\n|turn|21\n|\n|t:|1700358514\n|move|p1a: Nightclub Bathroom|Dark Pulse|p2a: MiHawK\n|-damage|p2a: MiHawK|0 fnt\n|faint|p2a: MiHawK\n|-ability|p1a: Nightclub Bathroom|Battle Bond|boost\n|-boost|p1a: Nightclub Bathroom|atk|1\n|-boost|p1a: Nightclub Bathroom|spa|1\n|-boost|p1a: Nightclub Bathroom|spe|1\n|-activate|p1a: Nightclub Bathroom|ability: Battle Bond\n|-damage|p1a: Nightclub Bathroom|91\/100|[from] item: Life Orb\n|\n|upkeep\n|\n|t:|1700358524\n|switch|p2a: Zoro|Ceruledge, M|100\/100\n|turn|22\n|\n|t:|1700358531\n|move|p1a: Nightclub Bathroom|Dark Pulse|p2a: Zoro\n|-supereffective|p2a: Zoro\n|-enditem|p2a: Zoro|Focus Sash\n|-damage|p2a: Zoro|1\/100\n|-damage|p1a: Nightclub Bathroom|81\/100|[from] item: Life Orb\n|move|p2a: Zoro|Close Combat|p1a: Nightclub Bathroom\n|-supereffective|p1a: Nightclub Bathroom\n|-damage|p1a: Nightclub Bathroom|0 fnt\n|-unboost|p2a: Zoro|def|1\n|-unboost|p2a: Zoro|spd|1\n|faint|p1a: Nightclub Bathroom\n|\n|upkeep\n|\n|t:|1700358539\n|switch|p1a: Enough Enough|Sneasler, F|100\/100\n|turn|23\n|\n|t:|1700358552\n|switch|p2a: KaiDo!!|Dondozo, F, tera:Grass|78\/100\n|move|p1a: Enough Enough|U-turn|p2a: KaiDo!!\n|-supereffective|p2a: KaiDo!!\n|-damage|p2a: KaiDo!!|58\/100\n|\n|t:|1700358554\n|switch|p1a: Mr.Brightside|Tornadus-Therian, M|73\/100|[from] U-turn\n|\n|upkeep\n|turn|24\n|\n|t:|1700358568\n|switch|p2a: Zoro|Ceruledge, M|1\/100\n|move|p1a: Mr.Brightside|Taunt|p2a: Zoro\n|-start|p2a: Zoro|move: Taunt\n|\n|upkeep\n|turn|25\n|\n|t:|1700358574\n|move|p1a: Mr.Brightside|Knock Off|p2a: Zoro\n|-supereffective|p2a: Zoro\n|-damage|p2a: Zoro|0 fnt\n|faint|p2a: Zoro\n|\n|upkeep\n|\n|t:|1700358581\n|switch|p2a: Fire Fist Sabo\ud83d\udd25|Cinderace, M|34\/100\n|turn|26\n|\n|t:|1700358585\n|move|p1a: Mr.Brightside|Knock Off|p2a: Fire Fist Sabo\ud83d\udd25\n|-damage|p2a: Fire Fist Sabo\ud83d\udd25|3\/100\n|-enditem|p2a: Fire Fist Sabo\ud83d\udd25|Heavy-Duty Boots|[from] move: Knock Off|[of] p1a: Mr.Brightside\n|move|p2a: Fire Fist Sabo\ud83d\udd25|Pyro Ball|p1a: Mr.Brightside\n|-damage|p1a: Mr.Brightside|3\/100\n|\n|upkeep\n|turn|27\n|\n|t:|1700358595\n|switch|p1a: Enough Enough|Sneasler, F|100\/100\n|move|p2a: Fire Fist Sabo\ud83d\udd25|Sucker Punch||[still]\n|-fail|p2a: Fire Fist Sabo\ud83d\udd25\n|\n|upkeep\n|turn|28\n|\n|t:|1700358607\n|move|p1a: Enough Enough|U-turn|p2a: Fire Fist Sabo\ud83d\udd25\n|-resisted|p2a: Fire Fist Sabo\ud83d\udd25\n|-damage|p2a: Fire Fist Sabo\ud83d\udd25|0 fnt\n|faint|p2a: Fire Fist Sabo\ud83d\udd25\n|\n|t:|1700358608\n|switch|p1a: Mr.Brightside|Tornadus-Therian, M|36\/100|[from] U-turn\n|\n|upkeep\n|\n|t:|1700358613\n|switch|p2a: ShankZ(YONKO BRUH)|Kingambit, F|100\/100\n|-activate|p2a: ShankZ(YONKO BRUH)|ability: Supreme Overlord\n|-start|p2a: ShankZ(YONKO BRUH)|fallen4|[silent]\n|turn|29\n|\n|t:|1700358627\n|move|p1a: Mr.Brightside|Taunt|p2a: ShankZ(YONKO BRUH)\n|-start|p2a: ShankZ(YONKO BRUH)|move: Taunt\n|move|p2a: ShankZ(YONKO BRUH)|Tera Blast|p1a: Mr.Brightside\n|-damage|p1a: Mr.Brightside|20\/100\n|\n|upkeep\n|turn|30\n|\n|t:|1700358639\n|move|p1a: Mr.Brightside|Hurricane|p2a: ShankZ(YONKO BRUH)\n|-resisted|p2a: ShankZ(YONKO BRUH)\n|-damage|p2a: ShankZ(YONKO BRUH)|82\/100\n|move|p2a: ShankZ(YONKO BRUH)|Kowtow Cleave|p1a: Mr.Brightside\n|-damage|p1a: Mr.Brightside|0 fnt\n|faint|p1a: Mr.Brightside\n|\n|upkeep\n|\n|t:|1700358642\n|switch|p1a: Enough Enough|Sneasler, F|100\/100\n|turn|31\n|inactive|zshmoneyy has 120 seconds left.\n|\n|t:|1700358683\n|-terastallize|p1a: Enough Enough|Fighting\n|move|p2a: ShankZ(YONKO BRUH)|Sucker Punch|p1a: Enough Enough\n|-resisted|p1a: Enough Enough\n|-crit|p1a: Enough Enough\n|-damage|p1a: Enough Enough|29\/100\n|move|p1a: Enough Enough|Close Combat|p2a: ShankZ(YONKO BRUH)\n|-supereffective|p2a: ShankZ(YONKO BRUH)\n|-damage|p2a: ShankZ(YONKO BRUH)|0 fnt\n|-unboost|p1a: Enough Enough|def|1\n|-unboost|p1a: Enough Enough|spd|1\n|faint|p2a: ShankZ(YONKO BRUH)\n|-end|p2a: ShankZ(YONKO BRUH)|fallen4|[silent]\n|\n|-heal|p1a: Enough Enough|35\/100|[from] item: Leftovers\n|upkeep\n|\n|t:|1700358694\n|switch|p2a: KaiDo!!|Dondozo, F, tera:Grass|58\/100\n|turn|32\n|c|\u2606Ombre Nomade|gg\n|c|\u2606zshmoneyy|!!!\n|inactive|Ombre Nomade has 120 seconds left.\n|c|\u2606zshmoneyy|gggg\n|\n|t:|1700358750\n|move|p1a: Enough Enough|Dire Claw|p2a: KaiDo!!\n|-supereffective|p2a: KaiDo!!\n|-damage|p2a: KaiDo!!|18\/100\n|-status|p2a: KaiDo!!|psn|[from] ability: Poison Touch|[of] p1a: Enough Enough\n|move|p2a: KaiDo!!|Liquidation|p1a: Enough Enough\n|-damage|p1a: Enough Enough|0 fnt\n|faint|p1a: Enough Enough\n|\n|win|zshmoneyy\n|raw|Ombre Nomade's rating: 1403 &rarr; <strong>1379<\/strong><br \/>(-24 for losing)\n|raw|zshmoneyy's rating: 1325 &rarr; <strong>1349<\/strong><br \/>(+24 for winning)\n|l|\u2606Ombre Nomade\n","uploadtime":1700358797,"views":8,"p1id":"ombrenomade","p2id":"zshmoneyy","formatid":"gen9ou","rating":1349,"private":0,"password":""}