{"id":"gen9ou-1992025791","p1":"Koryoko","p2":"grandelta4","format":"[Gen 9] OU","log":"|j|\u2606Koryoko\n|j|\u2606grandelta4\n|t:|1700148806\n|gametype|singles\n|player|p1|Koryoko|101|1142\n|player|p2|grandelta4|2|1048\n|teamsize|p1|6\n|teamsize|p2|6\n|gen|9\n|tier|[Gen 9] OU\n|rated|\n|rule|Sleep Clause Mod: Limit one foe put to sleep\n|rule|Species Clause: Limit one of each Pok\u00e9mon\n|rule|OHKO Clause: OHKO moves are banned\n|rule|Evasion Items Clause: Evasion items are banned\n|rule|Evasion Moves Clause: Evasion moves are banned\n|rule|Endless Battle Clause: Forcing endless battles is banned\n|rule|HP Percentage Mod: HP is shown in percentages\n|clearpoke\n|poke|p1|Tyranitar, M|\n|poke|p1|Donphan, M|\n|poke|p1|Walking Wake|\n|poke|p1|Corviknight, M|\n|poke|p1|Ninetales-Alola, M|\n|poke|p1|Torterra, M|\n|poke|p2|Dragonite, F|\n|poke|p2|Chansey, F|\n|poke|p2|Great Tusk|\n|poke|p2|Magnezone|\n|poke|p2|Amoonguss, M|\n|poke|p2|Iron Valiant|\n|teampreview\n|\n|t:|1700148817\n|start\n|switch|p1a: Walking Wake|Walking Wake|100\/100\n|switch|p2a: Magnezone|Magnezone|100\/100\n|-enditem|p1a: Walking Wake|Booster Energy\n|-activate|p1a: Walking Wake|ability: Protosynthesis|[fromitem]\n|-start|p1a: Walking Wake|protosynthesisspa\n|turn|1\n|\n|t:|1700148826\n|move|p1a: Walking Wake|Agility|p1a: Walking Wake\n|-boost|p1a: Walking Wake|spe|2\n|move|p2a: Magnezone|Discharge|p1a: Walking Wake\n|-damage|p1a: Walking Wake|52\/100\n|\n|upkeep\n|turn|2\n|\n|t:|1700148832\n|move|p1a: Walking Wake|Flamethrower|p2a: Magnezone\n|-supereffective|p2a: Magnezone\n|-damage|p2a: Magnezone|29\/100\n|move|p2a: Magnezone|Discharge|p1a: Walking Wake\n|-damage|p1a: Walking Wake|0 fnt\n|faint|p1a: Walking Wake\n|-end|p1a: Walking Wake|Protosynthesis|[silent]\n|\n|upkeep\n|\n|t:|1700148842\n|switch|p1a: Ninetales|Ninetales-Alola, M, shiny|100\/100\n|-weather|Snow|[from] ability: Snow Warning|[of] p1a: Ninetales\n|turn|3\n|inactive|Battle timer is ON: inactive players will automatically lose when time's up. (requested by Koryoko)\n|\n|t:|1700148864\n|move|p1a: Ninetales|Encore|p2a: Magnezone\n|-start|p2a: Magnezone|Encore\n|move|p2a: Magnezone|Discharge|p1a: Ninetales\n|-damage|p1a: Ninetales|42\/100\n|-status|p1a: Ninetales|par\n|\n|-weather|Snow|[upkeep]\n|upkeep\n|turn|4\n|\n|t:|1700148871\n|cant|p1a: Ninetales|par\n|move|p2a: Magnezone|Discharge|p1a: Ninetales\n|-damage|p1a: Ninetales|0 fnt\n|faint|p1a: Ninetales\n|\n|-weather|Snow|[upkeep]\n|upkeep\n|\n|t:|1700148881\n|switch|p1a: Tyranitar|Tyranitar, M|100\/100\n|-weather|Sandstorm|[from] ability: Sand Stream|[of] p1a: Tyranitar\n|turn|5\n|\n|t:|1700148894\n|move|p1a: Tyranitar|Dragon Dance|p1a: Tyranitar\n|-boost|p1a: Tyranitar|atk|1\n|-boost|p1a: Tyranitar|spe|1\n|move|p2a: Magnezone|Discharge|p1a: Tyranitar\n|-damage|p1a: Tyranitar|69\/100\n|\n|-weather|Sandstorm|[upkeep]\n|-heal|p1a: Tyranitar|75\/100|[from] item: Leftovers\n|-end|p2a: Magnezone|Encore\n|upkeep\n|turn|6\n|\n|t:|1700148904\n|move|p1a: Tyranitar|Dragon Dance|p1a: Tyranitar\n|-boost|p1a: Tyranitar|atk|1\n|-boost|p1a: Tyranitar|spe|1\n|move|p2a: Magnezone|Flash Cannon|p1a: Tyranitar\n|-supereffective|p1a: Tyranitar\n|-damage|p1a: Tyranitar|10\/100\n|\n|-weather|Sandstorm|[upkeep]\n|-heal|p1a: Tyranitar|16\/100|[from] item: Leftovers\n|upkeep\n|turn|7\n|\n|t:|1700148912\n|-terastallize|p2a: Magnezone|Flying\n|move|p1a: Tyranitar|Fire Punch|p2a: Magnezone\n|-damage|p2a: Magnezone|0 fnt\n|faint|p2a: Magnezone\n|\n|-weather|Sandstorm|[upkeep]\n|-heal|p1a: Tyranitar|22\/100|[from] item: Leftovers\n|upkeep\n|\n|t:|1700148919\n|switch|p2a: Amoonguss|Amoonguss, M, shiny|100\/100\n|turn|8\n|\n|t:|1700148925\n|move|p1a: Tyranitar|Fire Punch|p2a: Amoonguss\n|-supereffective|p2a: Amoonguss\n|-damage|p2a: Amoonguss|0 fnt\n|faint|p2a: Amoonguss\n|\n|-weather|Sandstorm|[upkeep]\n|-heal|p1a: Tyranitar|28\/100|[from] item: Leftovers\n|upkeep\n|\n|t:|1700148932\n|switch|p2a: Great Tusk|Great Tusk|100\/100\n|turn|9\n|\n|t:|1700148938\n|-terastallize|p1a: Tyranitar|Ghost\n|move|p1a: Tyranitar|Fire Punch|p2a: Great Tusk\n|-damage|p2a: Great Tusk|61\/100\n|move|p2a: Great Tusk|Close Combat|p1a: Tyranitar\n|-immune|p1a: Tyranitar\n|\n|-weather|none\n|-heal|p1a: Tyranitar|34\/100|[from] item: Leftovers\n|upkeep\n|turn|10\n|\n|t:|1700148955\n|move|p1a: Tyranitar|Knock Off|p2a: Great Tusk\n|-resisted|p2a: Great Tusk\n|-damage|p2a: Great Tusk|25\/100\n|-enditem|p2a: Great Tusk|Heavy-Duty Boots|[from] move: Knock Off|[of] p1a: Tyranitar\n|move|p2a: Great Tusk|Earthquake|p1a: Tyranitar\n|-damage|p1a: Tyranitar|0 fnt\n|faint|p1a: Tyranitar\n|\n|upkeep\n|\n|t:|1700148968\n|switch|p1a: Corviknight|Corviknight, M|100\/100\n|-ability|p1a: Corviknight|Pressure\n|turn|11\n|\n|t:|1700148982\n|move|p2a: Great Tusk|Close Combat|p1a: Corviknight\n|-crit|p1a: Corviknight\n|-damage|p1a: Corviknight|13\/100\n|-unboost|p2a: Great Tusk|def|1\n|-unboost|p2a: Great Tusk|spd|1\n|-damage|p2a: Great Tusk|8\/100|[from] item: Rocky Helmet|[of] p1a: Corviknight\n|move|p1a: Corviknight|Bulk Up|p1a: Corviknight\n|-boost|p1a: Corviknight|atk|1\n|-boost|p1a: Corviknight|def|1\n|\n|upkeep\n|turn|12\n|\n|t:|1700149007\n|move|p2a: Great Tusk|Close Combat|p1a: Corviknight\n|-damage|p1a: Corviknight|0 fnt\n|-unboost|p2a: Great Tusk|def|1\n|-unboost|p2a: Great Tusk|spd|1\n|-damage|p2a: Great Tusk|0 fnt|[from] item: Rocky Helmet|[of] p1a: Corviknight\n|faint|p1a: Corviknight\n|faint|p2a: Great Tusk\n|-end|p2a: Great Tusk|Protosynthesis|[silent]\n|\n|upkeep\n|\n|t:|1700149025\n|switch|p2a: Dragonite|Dragonite, F|100\/100\n|switch|p1a: Donphan|Donphan, M|100\/100\n|turn|13\n|\n|t:|1700149036\n|move|p2a: Dragonite|Dragon Dance|p2a: Dragonite\n|-boost|p2a: Dragonite|atk|1\n|-boost|p2a: Dragonite|spe|1\n|move|p1a: Donphan|Knock Off|p2a: Dragonite\n|-damage|p2a: Dragonite|81\/100\n|-enditem|p2a: Dragonite|Leftovers|[from] move: Knock Off|[of] p1a: Donphan\n|\n|upkeep\n|turn|14\n|\n|t:|1700149057\n|move|p1a: Donphan|Ice Shard|p2a: Dragonite\n|-supereffective|p2a: Dragonite\n|-damage|p2a: Dragonite|17\/100\n|move|p2a: Dragonite|Dragon Dance|p2a: Dragonite\n|-boost|p2a: Dragonite|atk|1\n|-boost|p2a: Dragonite|spe|1\n|\n|upkeep\n|turn|15\n|inactive|Koryoko has 120 seconds left.\n|\n|t:|1700149111\n|move|p1a: Donphan|Ice Shard|p2a: Dragonite\n|-supereffective|p2a: Dragonite\n|-damage|p2a: Dragonite|0 fnt\n|faint|p2a: Dragonite\n|\n|upkeep\n|inactive|grandelta4 has 120 seconds left.\n|\n|t:|1700149136\n|switch|p2a: Iron Valiant|Iron Valiant|100\/100\n|-enditem|p2a: Iron Valiant|Booster Energy\n|-activate|p2a: Iron Valiant|ability: Quark Drive|[fromitem]\n|-start|p2a: Iron Valiant|quarkdrivespe\n|turn|16\n|\n|t:|1700149155\n|move|p1a: Donphan|Ice Shard|p2a: Iron Valiant\n|-damage|p2a: Iron Valiant|81\/100\n|move|p2a: Iron Valiant|Moonblast|p1a: Donphan\n|-damage|p1a: Donphan|37\/100\n|\n|upkeep\n|turn|17\n|\n|t:|1700149161\n|move|p1a: Donphan|Ice Shard|p2a: Iron Valiant\n|-damage|p2a: Iron Valiant|62\/100\n|move|p2a: Iron Valiant|Moonblast|p1a: Donphan\n|-damage|p1a: Donphan|0 fnt\n|faint|p1a: Donphan\n|\n|upkeep\n|\n|t:|1700149165\n|switch|p1a: Torterra|Torterra, M|100\/100\n|turn|18\n|inactive|Koryoko has 120 seconds left.\n|\n|t:|1700149179\n|move|p2a: Iron Valiant|Moonblast|p1a: Torterra\n|-damage|p1a: Torterra|37\/100\n|move|p1a: Torterra|Bullet Seed|p2a: Iron Valiant\n|-damage|p2a: Iron Valiant|48\/100\n|-damage|p2a: Iron Valiant|33\/100\n|-damage|p2a: Iron Valiant|17\/100\n|-damage|p2a: Iron Valiant|1\/100\n|-hitcount|p2a: Iron Valiant|4\n|\n|upkeep\n|turn|19\n|inactive|Koryoko has 120 seconds left.\n|c|\u2606Koryoko|gg\n|\n|t:|1700149192\n|move|p2a: Iron Valiant|Moonblast|p1a: Torterra\n|-damage|p1a: Torterra|0 fnt\n|faint|p1a: Torterra\n|\n|win|grandelta4\n|raw|Koryoko's rating: 1142 &rarr; <strong>1110<\/strong><br \/>(-32 for losing)\n|raw|grandelta4's rating: 1048 &rarr; <strong>1089<\/strong><br \/>(+41 for winning)\n|c|\u2606grandelta4|GG\n|l|\u2606Koryoko\n","uploadtime":1700149198,"views":9,"p1id":"koryoko","p2id":"grandelta4","formatid":"gen9ou","rating":1089,"private":0,"password":""}