{"id":"gen9ou-1989759077","p1":"cramptemoi","p2":"Markeysparkey","format":"[Gen 9] OU","log":"|j|\u2606cramptemoi\n|j|\u2606Markeysparkey\n|t:|1699893316\n|gametype|singles\n|player|p1|cramptemoi|alder|1082\n|player|p2|Markeysparkey|picnicker|1098\n|teamsize|p1|6\n|teamsize|p2|6\n|gen|9\n|tier|[Gen 9] OU\n|rated|\n|rule|Sleep Clause Mod: Limit one foe put to sleep\n|rule|Species Clause: Limit one of each Pok\u00e9mon\n|rule|OHKO Clause: OHKO moves are banned\n|rule|Evasion Items Clause: Evasion items are banned\n|rule|Evasion Moves Clause: Evasion moves are banned\n|rule|Endless Battle Clause: Forcing endless battles is banned\n|rule|HP Percentage Mod: HP is shown in percentages\n|clearpoke\n|poke|p1|Ceruledge, M|\n|poke|p1|Enamorus, F|\n|poke|p1|Samurott-Hisui, F|\n|poke|p1|Landorus-Therian, M|\n|poke|p1|Gholdengo|\n|poke|p1|Cinderace, F|\n|poke|p2|Kingambit, F|\n|poke|p2|Sneasler, F|\n|poke|p2|Walking Wake|\n|poke|p2|Rillaboom, F|\n|poke|p2|Zamazenta-*|\n|poke|p2|Torkoal, M|\n|teampreview\n|inactive|Battle timer is ON: inactive players will automatically lose when time's up. (requested by Markeysparkey)\n|\n|t:|1699893324\n|start\n|switch|p1a: Landorus|Landorus-Therian, M|100\/100\n|switch|p2a: \ud83d\udc22\ud83c\udf46|Torkoal, M|100\/100\n|-ability|p1a: Landorus|Intimidate|boost\n|-unboost|p2a: \ud83d\udc22\ud83c\udf46|atk|1\n|-weather|SunnyDay|[from] ability: Drought|[of] p2a: \ud83d\udc22\ud83c\udf46\n|turn|1\n|\n|t:|1699893340\n|move|p1a: Landorus|Earthquake|p2a: \ud83d\udc22\ud83c\udf46\n|-supereffective|p2a: \ud83d\udc22\ud83c\udf46\n|-damage|p2a: \ud83d\udc22\ud83c\udf46|46\/100\n|move|p2a: \ud83d\udc22\ud83c\udf46|Rapid Spin|p1a: Landorus\n|-damage|p1a: Landorus|96\/100\n|-boost|p2a: \ud83d\udc22\ud83c\udf46|spe|1\n|-damage|p2a: \ud83d\udc22\ud83c\udf46|30\/100|[from] item: Rocky Helmet|[of] p1a: Landorus\n|\n|-weather|SunnyDay|[upkeep]\n|upkeep\n|turn|2\n|\n|t:|1699893351\n|-terastallize|p2a: \ud83d\udc22\ud83c\udf46|Flying\n|move|p1a: Landorus|Earthquake|p2a: \ud83d\udc22\ud83c\udf46\n|-immune|p2a: \ud83d\udc22\ud83c\udf46\n|move|p2a: \ud83d\udc22\ud83c\udf46|Yawn|p1a: Landorus\n|-start|p1a: Landorus|move: Yawn|[of] p2a: \ud83d\udc22\ud83c\udf46\n|\n|-weather|SunnyDay|[upkeep]\n|upkeep\n|turn|3\n|\n|t:|1699893360\n|switch|p1a: Enamorus|Enamorus, F|100\/100\n|switch|p2a: \ud83d\udc4c\ud83d\udc4c\ud83d\ude02\ud83d\ude02|Walking Wake|100\/100\n|-activate|p2a: \ud83d\udc4c\ud83d\udc4c\ud83d\ude02\ud83d\ude02|ability: Protosynthesis\n|-start|p2a: \ud83d\udc4c\ud83d\udc4c\ud83d\ude02\ud83d\ude02|protosynthesisspa\n|\n|-weather|SunnyDay|[upkeep]\n|upkeep\n|turn|4\n|\n|t:|1699893369\n|move|p1a: Enamorus|Substitute|p1a: Enamorus\n|-start|p1a: Enamorus|Substitute\n|-damage|p1a: Enamorus|76\/100\n|move|p2a: \ud83d\udc4c\ud83d\udc4c\ud83d\ude02\ud83d\ude02|Dragon Dance|p2a: \ud83d\udc4c\ud83d\udc4c\ud83d\ude02\ud83d\ude02\n|-boost|p2a: \ud83d\udc4c\ud83d\udc4c\ud83d\ude02\ud83d\ude02|atk|1\n|-boost|p2a: \ud83d\udc4c\ud83d\udc4c\ud83d\ude02\ud83d\ude02|spe|1\n|\n|-weather|SunnyDay|[upkeep]\n|-heal|p1a: Enamorus|82\/100|[from] item: Leftovers\n|upkeep\n|turn|5\n|\n|t:|1699893377\n|move|p1a: Enamorus|Calm Mind|p1a: Enamorus\n|-boost|p1a: Enamorus|spa|1\n|-boost|p1a: Enamorus|spd|1\n|move|p2a: \ud83d\udc4c\ud83d\udc4c\ud83d\ude02\ud83d\ude02|Roar|p1a: Enamorus\n|drag|p1a: Cinderace|Cinderace, F|100\/100\n|\n|-weather|SunnyDay|[upkeep]\n|upkeep\n|turn|6\n|\n|t:|1699893399\n|switch|p1a: Samurott|Samurott-Hisui, F|100\/100\n|move|p2a: \ud83d\udc4c\ud83d\udc4c\ud83d\ude02\ud83d\ude02|Dragon Dance|p2a: \ud83d\udc4c\ud83d\udc4c\ud83d\ude02\ud83d\ude02\n|-boost|p2a: \ud83d\udc4c\ud83d\udc4c\ud83d\ude02\ud83d\ude02|atk|1\n|-boost|p2a: \ud83d\udc4c\ud83d\udc4c\ud83d\ude02\ud83d\ude02|spe|1\n|\n|-weather|SunnyDay|[upkeep]\n|upkeep\n|turn|7\n|\n|t:|1699893422\n|move|p2a: \ud83d\udc4c\ud83d\udc4c\ud83d\ude02\ud83d\ude02|Dragon Pulse|p1a: Samurott\n|-damage|p1a: Samurott|0 fnt\n|faint|p1a: Samurott\n|-damage|p2a: \ud83d\udc4c\ud83d\udc4c\ud83d\ude02\ud83d\ude02|90\/100|[from] item: Life Orb\n|\n|-weather|SunnyDay|[upkeep]\n|upkeep\n|inactive|cramptemoi has 120 seconds left.\n|\n|t:|1699893445\n|switch|p1a: Ceruledge|Ceruledge, M|100\/100\n|turn|8\n|\n|t:|1699893451\n|move|p2a: \ud83d\udc4c\ud83d\udc4c\ud83d\ude02\ud83d\ude02|Hydro Steam|p1a: Ceruledge\n|-supereffective|p1a: Ceruledge\n|-enditem|p1a: Ceruledge|Focus Sash\n|-damage|p1a: Ceruledge|1\/100\n|-damage|p2a: \ud83d\udc4c\ud83d\udc4c\ud83d\ude02\ud83d\ude02|80\/100|[from] item: Life Orb\n|move|p1a: Ceruledge|Swords Dance|p1a: Ceruledge\n|-boost|p1a: Ceruledge|atk|2\n|\n|-weather|none\n|-end|p2a: \ud83d\udc4c\ud83d\udc4c\ud83d\ude02\ud83d\ude02|Protosynthesis\n|upkeep\n|turn|9\n|\n|t:|1699893461\n|-terastallize|p1a: Ceruledge|Ghost\n|move|p1a: Ceruledge|Shadow Sneak|p2a: \ud83d\udc4c\ud83d\udc4c\ud83d\ude02\ud83d\ude02\n|-damage|p2a: \ud83d\udc4c\ud83d\udc4c\ud83d\ude02\ud83d\ude02|23\/100\n|move|p2a: \ud83d\udc4c\ud83d\udc4c\ud83d\ude02\ud83d\ude02|Dragon Pulse|p1a: Ceruledge\n|-damage|p1a: Ceruledge|0 fnt\n|faint|p1a: Ceruledge\n|-damage|p2a: \ud83d\udc4c\ud83d\udc4c\ud83d\ude02\ud83d\ude02|13\/100|[from] item: Life Orb\n|\n|upkeep\n|inactive|cramptemoi has 120 seconds left.\n|inactive|cramptemoi has 90 seconds left.\n|inactive|cramptemoi has 60 seconds left.\n|inactive|cramptemoi has 30 seconds left.\n|inactive|cramptemoi has 20 seconds left.\n|inactive|cramptemoi has 15 seconds left.\n|\n|t:|1699893586\n|switch|p1a: Enamorus|Enamorus, F|82\/100\n|turn|10\n|inactive|cramptemoi has 25 seconds left this turn.\n|\n|t:|1699893611\n|move|p2a: \ud83d\udc4c\ud83d\udc4c\ud83d\ude02\ud83d\ude02|Hydro Steam|p1a: Enamorus\n|-crit|p1a: Enamorus\n|-damage|p1a: Enamorus|0 fnt\n|faint|p1a: Enamorus\n|-damage|p2a: \ud83d\udc4c\ud83d\udc4c\ud83d\ude02\ud83d\ude02|3\/100|[from] item: Life Orb\n|\n|upkeep\n|inactive|cramptemoi has 30 seconds left this turn.\n|l|\u2606cramptemoi\n|inactive|cramptemoi disconnected and has a minute to reconnect!\n|player|p1|\n|inactive|cramptemoi has 20 seconds left.\n|inactive|cramptemoi has 15 seconds left.\n|inactive|cramptemoi has 10 seconds left.\n|inactive|cramptemoi has 5 seconds left.\n|-message|cramptemoi lost due to inactivity.\n|\n|win|Markeysparkey\n|raw|cramptemoi's rating: 1082 &rarr; <strong>1061<\/strong><br \/>(-21 for losing)\n|raw|Markeysparkey's rating: 1098 &rarr; <strong>1122<\/strong><br \/>(+24 for winning)\n","uploadtime":1699893655,"views":10,"p1id":"cramptemoi","p2id":"markeysparkey","formatid":"gen9ou","rating":1061,"private":0,"password":""}