{"id":"gen9ou-1988584520","p1":"Imanjoneser","p2":"Lexsleyker","format":"[Gen 9] OU","log":"|j|\u2606Imanjoneser\n|j|\u2606Lexsleyker\n|t:|1699738820\n|gametype|singles\n|player|p1|Imanjoneser|bugcatcher-gen4dp|1009\n|player|p2|Lexsleyker|cowgirl|1020\n|teamsize|p1|6\n|teamsize|p2|6\n|gen|9\n|tier|[Gen 9] OU\n|rated|\n|rule|Sleep Clause Mod: Limit one foe put to sleep\n|rule|Species Clause: Limit one of each Pok\u00e9mon\n|rule|OHKO Clause: OHKO moves are banned\n|rule|Evasion Items Clause: Evasion items are banned\n|rule|Evasion Moves Clause: Evasion moves are banned\n|rule|Endless Battle Clause: Forcing endless battles is banned\n|rule|HP Percentage Mod: HP is shown in percentages\n|clearpoke\n|poke|p1|Glastrier|\n|poke|p1|Regidrago|\n|poke|p1|Dusknoir, M|\n|poke|p1|Hoopa|\n|poke|p1|Diancie|\n|poke|p1|Scream Tail|\n|poke|p2|Talonflame, M|\n|poke|p2|Spidops, F|\n|poke|p2|Vivillon, M|\n|poke|p2|Pawmot, M|\n|poke|p2|Oinkologne, M|\n|poke|p2|Jumpluff, F|\n|teampreview\n|\n|t:|1699738834\n|start\n|switch|p1a: Dusknoir|Dusknoir, M, shiny|100\/100\n|switch|p2a: Spidops|Spidops, F|100\/100\n|-item|p2a: Spidops|Rocky Helmet|[from] ability: Frisk|[of] p1a: Dusknoir|[identify]\n|turn|1\n|\n|t:|1699738858\n|move|p1a: Dusknoir|Substitute|p1a: Dusknoir\n|-start|p1a: Dusknoir|Substitute\n|-damage|p1a: Dusknoir|76\/100\n|move|p2a: Spidops|Sticky Web|p1a: Dusknoir\n|-sidestart|p1: Imanjoneser|move: Sticky Web\n|\n|-heal|p1a: Dusknoir|82\/100|[from] item: Leftovers\n|upkeep\n|turn|2\n|\n|t:|1699738872\n|move|p1a: Dusknoir|Will-O-Wisp|p2a: Spidops\n|-status|p2a: Spidops|brn\n|move|p2a: Spidops|Spikes|p1a: Dusknoir\n|-sidestart|p1: Imanjoneser|Spikes\n|\n|-heal|p1a: Dusknoir|88\/100|[from] item: Leftovers\n|-damage|p2a: Spidops|94\/100 brn|[from] brn\n|upkeep\n|turn|3\n|\n|t:|1699738881\n|move|p1a: Dusknoir|Rock Tomb|p2a: Spidops\n|-supereffective|p2a: Spidops\n|-damage|p2a: Spidops|72\/100 brn\n|-unboost|p2a: Spidops|spe|1\n|move|p2a: Spidops|Spikes|p1a: Dusknoir\n|-sidestart|p1: Imanjoneser|Spikes\n|\n|-heal|p1a: Dusknoir|94\/100|[from] item: Leftovers\n|-damage|p2a: Spidops|66\/100 brn|[from] brn\n|upkeep\n|turn|4\n|\n|t:|1699738890\n|move|p1a: Dusknoir|Rock Tomb|p2a: Spidops\n|-supereffective|p2a: Spidops\n|-crit|p2a: Spidops\n|-damage|p2a: Spidops|34\/100 brn\n|-unboost|p2a: Spidops|spe|1\n|move|p2a: Spidops|Spikes|p1a: Dusknoir\n|-sidestart|p1: Imanjoneser|Spikes\n|\n|-heal|p1a: Dusknoir|99\/100|[from] item: Leftovers\n|-damage|p2a: Spidops|28\/100 brn|[from] brn\n|upkeep\n|turn|5\n|\n|t:|1699738923\n|move|p1a: Dusknoir|Rock Tomb|p2a: Spidops\n|-supereffective|p2a: Spidops\n|-damage|p2a: Spidops|3\/100 brn\n|-unboost|p2a: Spidops|spe|1\n|move|p2a: Spidops|U-turn|p1a: Dusknoir\n|-resisted|p1a: Dusknoir\n|-activate|p1a: Dusknoir|move: Substitute|[damage]\n|\n|t:|1699738933\n|switch|p2a: Jumpluff|Jumpluff, F|100\/100|[from] U-turn\n|\n|-heal|p1a: Dusknoir|100\/100|[from] item: Leftovers\n|upkeep\n|turn|6\n|\n|t:|1699738939\n|move|p2a: Jumpluff|Energy Ball|p1a: Dusknoir\n|-damage|p1a: Dusknoir|70\/100\n|move|p1a: Dusknoir|Rock Tomb|p2a: Jumpluff\n|-supereffective|p2a: Jumpluff\n|-damage|p2a: Jumpluff|53\/100\n|-unboost|p2a: Jumpluff|spe|1\n|\n|-heal|p1a: Dusknoir|76\/100|[from] item: Leftovers\n|upkeep\n|turn|7\n|\n|t:|1699738952\n|move|p2a: Jumpluff|Energy Ball|p1a: Dusknoir\n|-damage|p1a: Dusknoir|41\/100\n|move|p1a: Dusknoir|Will-O-Wisp|p2a: Jumpluff\n|-status|p2a: Jumpluff|brn\n|\n|-heal|p1a: Dusknoir|47\/100|[from] item: Leftovers\n|-damage|p2a: Jumpluff|47\/100 brn|[from] brn\n|upkeep\n|turn|8\n|\n|t:|1699738964\n|move|p2a: Jumpluff|Energy Ball|p1a: Dusknoir\n|-damage|p1a: Dusknoir|16\/100\n|move|p1a: Dusknoir|Rock Tomb|p2a: Jumpluff\n|-supereffective|p2a: Jumpluff\n|-damage|p2a: Jumpluff|4\/100 brn\n|-unboost|p2a: Jumpluff|spe|1\n|\n|-heal|p1a: Dusknoir|22\/100|[from] item: Leftovers\n|-damage|p2a: Jumpluff|0 fnt|[from] brn\n|faint|p2a: Jumpluff\n|upkeep\n|\n|t:|1699738972\n|switch|p2a: Pawmot|Pawmot, M|100\/100\n|turn|9\n|\n|t:|1699738977\n|-terastallize|p2a: Pawmot|Electric\n|move|p2a: Pawmot|Double Shock|p1a: Dusknoir\n|-end|p1a: Dusknoir|Substitute\n|-start|p2a: Pawmot|typechange|Electric|[from] move: Double Shock\n|-damage|p2a: Pawmot|91\/100|[from] item: Life Orb\n|move|p1a: Dusknoir|Will-O-Wisp|p2a: Pawmot\n|-status|p2a: Pawmot|brn\n|\n|-heal|p1a: Dusknoir|28\/100|[from] item: Leftovers\n|-damage|p2a: Pawmot|84\/100 brn|[from] brn\n|upkeep\n|turn|10\n|\n|t:|1699738996\n|move|p2a: Pawmot|Double Shock|p1a: Dusknoir\n|-damage|p1a: Dusknoir|0 fnt\n|-start|p2a: Pawmot|typechange|Electric|[from] move: Double Shock\n|faint|p1a: Dusknoir\n|-damage|p2a: Pawmot|75\/100 brn|[from] item: Life Orb\n|\n|-damage|p2a: Pawmot|68\/100 brn|[from] brn\n|upkeep\n|\n|t:|1699739032\n|switch|p1a: Diancie|Diancie, shiny|100\/100\n|-activate|p1a: Diancie|move: Sticky Web\n|-fail|p1a: Diancie|unboost|[from] ability: Clear Body|[of] p1a: Diancie\n|-damage|p1a: Diancie|75\/100|[from] Spikes\n|turn|11\n|\n|t:|1699739042\n|move|p2a: Pawmot|Revival Blessing|p2a: Pawmot\n|\n|t:|1699739044\n|-heal|p2: Jumpluff|50\/100|[from] move: Revival Blessing\n|move|p1a: Diancie|Diamond Storm|p2a: Pawmot|[miss]\n|-miss|p1a: Diancie|p2a: Pawmot\n|\n|-heal|p1a: Diancie|82\/100|[from] item: Leftovers\n|-damage|p2a: Pawmot|62\/100 brn|[from] brn\n|upkeep\n|turn|12\n|\n|t:|1699739052\n|switch|p2a: Spidops|Spidops, F|3\/100 brn\n|move|p1a: Diancie|Amnesia|p1a: Diancie\n|-boost|p1a: Diancie|spd|2\n|\n|-heal|p1a: Diancie|88\/100|[from] item: Leftovers\n|-damage|p2a: Spidops|0 fnt|[from] brn\n|faint|p2a: Spidops\n|upkeep\n|\n|t:|1699739061\n|switch|p2a: Jumpluff|Jumpluff, F|50\/100\n|turn|13\n|\n|t:|1699739065\n|move|p2a: Jumpluff|Leaf Storm|p1a: Diancie\n|-supereffective|p1a: Diancie\n|-damage|p1a: Diancie|43\/100\n|-unboost|p2a: Jumpluff|spa|2\n|move|p1a: Diancie|Diamond Storm|p2a: Jumpluff\n|-supereffective|p2a: Jumpluff\n|-damage|p2a: Jumpluff|0 fnt\n|faint|p2a: Jumpluff\n|\n|-heal|p1a: Diancie|49\/100|[from] item: Leftovers\n|upkeep\n|\n|t:|1699739070\n|switch|p2a: Pawmot|Pawmot, M, tera:Electric|62\/100 brn\n|turn|14\n|\n|t:|1699739092\n|move|p2a: Pawmot|Double Shock|p1a: Diancie\n|-damage|p1a: Diancie|15\/100\n|-start|p2a: Pawmot|typechange|Electric|[from] move: Double Shock\n|-damage|p2a: Pawmot|52\/100 brn|[from] item: Life Orb\n|move|p1a: Diancie|Diamond Storm|p2a: Pawmot\n|-damage|p2a: Pawmot|0 fnt\n|-boost|p1a: Diancie|def|2\n|faint|p2a: Pawmot\n|\n|-heal|p1a: Diancie|21\/100|[from] item: Leftovers\n|upkeep\n|\n|t:|1699739101\n|switch|p2a: Vivillon|Vivillon, M|100\/100\n|turn|15\n|\n|t:|1699739107\n|move|p2a: Vivillon|Sleep Powder|p1a: Diancie\n|-status|p1a: Diancie|slp|[from] move: Sleep Powder\n|cant|p1a: Diancie|slp\n|\n|-heal|p1a: Diancie|27\/100 slp|[from] item: Leftovers\n|upkeep\n|turn|16\n|\n|t:|1699739139\n|move|p2a: Vivillon|Substitute|p2a: Vivillon\n|-start|p2a: Vivillon|Substitute\n|-damage|p2a: Vivillon|76\/100\n|-curestatus|p1a: Diancie|slp|[msg]\n|move|p1a: Diancie|Diamond Storm|p2a: Vivillon\n|-supereffective|p2a: Vivillon\n|-end|p2a: Vivillon|Substitute\n|\n|-heal|p1a: Diancie|34\/100|[from] item: Leftovers\n|upkeep\n|turn|17\n|\n|t:|1699739149\n|move|p2a: Vivillon|Sleep Powder|p1a: Diancie\n|-status|p1a: Diancie|slp|[from] move: Sleep Powder\n|cant|p1a: Diancie|slp\n|\n|-heal|p1a: Diancie|40\/100 slp|[from] item: Leftovers\n|upkeep\n|turn|18\n|\n|t:|1699739172\n|move|p2a: Vivillon|Substitute|p2a: Vivillon\n|-start|p2a: Vivillon|Substitute\n|-damage|p2a: Vivillon|51\/100\n|-curestatus|p1a: Diancie|slp|[msg]\n|move|p1a: Diancie|Diamond Storm|p2a: Vivillon\n|-supereffective|p2a: Vivillon\n|-end|p2a: Vivillon|Substitute\n|-boost|p1a: Diancie|def|2\n|\n|-heal|p1a: Diancie|46\/100|[from] item: Leftovers\n|upkeep\n|turn|19\n|\n|t:|1699739184\n|move|p2a: Vivillon|Sleep Powder|p1a: Diancie\n|-status|p1a: Diancie|slp|[from] move: Sleep Powder\n|cant|p1a: Diancie|slp\n|\n|-heal|p1a: Diancie|52\/100 slp|[from] item: Leftovers\n|upkeep\n|turn|20\n|\n|t:|1699739190\n|move|p2a: Vivillon|Substitute|p2a: Vivillon\n|-start|p2a: Vivillon|Substitute\n|-damage|p2a: Vivillon|26\/100\n|cant|p1a: Diancie|slp\n|\n|-heal|p1a: Diancie|59\/100 slp|[from] item: Leftovers\n|upkeep\n|turn|21\n|\n|t:|1699739198\n|move|p2a: Vivillon|Hurricane|p1a: Diancie\n|-resisted|p1a: Diancie\n|-damage|p1a: Diancie|50\/100 slp\n|-start|p1a: Diancie|confusion\n|-curestatus|p1a: Diancie|slp|[msg]\n|-activate|p1a: Diancie|confusion\n|move|p1a: Diancie|Diamond Storm|p2a: Vivillon\n|-supereffective|p2a: Vivillon\n|-end|p2a: Vivillon|Substitute\n|-boost|p1a: Diancie|def|2\n|\n|-heal|p1a: Diancie|56\/100|[from] item: Leftovers\n|upkeep\n|turn|22\n|\n|t:|1699739210\n|move|p2a: Vivillon|Sleep Powder|p1a: Diancie\n|-status|p1a: Diancie|slp|[from] move: Sleep Powder\n|cant|p1a: Diancie|slp\n|\n|-heal|p1a: Diancie|62\/100 slp|[from] item: Leftovers\n|upkeep\n|turn|23\n|\n|t:|1699739234\n|move|p2a: Vivillon|Substitute|p2a: Vivillon\n|-start|p2a: Vivillon|Substitute\n|-damage|p2a: Vivillon|1\/100\n|cant|p1a: Diancie|slp\n|\n|-heal|p1a: Diancie|69\/100 slp|[from] item: Leftovers\n|upkeep\n|turn|24\n|\n|t:|1699739252\n|move|p2a: Vivillon|Quiver Dance|p2a: Vivillon\n|-boost|p2a: Vivillon|spa|1\n|-boost|p2a: Vivillon|spd|1\n|-boost|p2a: Vivillon|spe|1\n|cant|p1a: Diancie|slp\n|\n|-heal|p1a: Diancie|75\/100 slp|[from] item: Leftovers\n|upkeep\n|turn|25\n|\n|t:|1699739272\n|move|p2a: Vivillon|Quiver Dance|p2a: Vivillon\n|-boost|p2a: Vivillon|spa|1\n|-boost|p2a: Vivillon|spd|1\n|-boost|p2a: Vivillon|spe|1\n|-curestatus|p1a: Diancie|slp|[msg]\n|-activate|p1a: Diancie|confusion\n|-damage|p1a: Diancie|73\/100|[from] confusion\n|\n|-heal|p1a: Diancie|79\/100|[from] item: Leftovers\n|upkeep\n|turn|26\n|\n|t:|1699739280\n|move|p2a: Vivillon|Sleep Powder|p1a: Diancie\n|-status|p1a: Diancie|slp|[from] move: Sleep Powder\n|cant|p1a: Diancie|slp\n|\n|-heal|p1a: Diancie|86\/100 slp|[from] item: Leftovers\n|upkeep\n|turn|27\n|\n|t:|1699739316\n|move|p2a: Vivillon|Quiver Dance|p2a: Vivillon\n|-boost|p2a: Vivillon|spa|1\n|-boost|p2a: Vivillon|spd|1\n|-boost|p2a: Vivillon|spe|1\n|cant|p1a: Diancie|slp\n|\n|-heal|p1a: Diancie|92\/100 slp|[from] item: Leftovers\n|upkeep\n|turn|28\n|\n|t:|1699739323\n|move|p2a: Vivillon|Quiver Dance|p2a: Vivillon\n|-boost|p2a: Vivillon|spa|1\n|-boost|p2a: Vivillon|spd|1\n|-boost|p2a: Vivillon|spe|1\n|cant|p1a: Diancie|slp\n|\n|-heal|p1a: Diancie|98\/100 slp|[from] item: Leftovers\n|upkeep\n|turn|29\n|c|\u2606Imanjoneser|this is crazy lol\n|\n|t:|1699739333\n|move|p2a: Vivillon|Hurricane|p1a: Diancie|[miss]\n|-miss|p2a: Vivillon|p1a: Diancie\n|-curestatus|p1a: Diancie|slp|[msg]\n|-end|p1a: Diancie|confusion\n|move|p1a: Diancie|Body Press|p2a: Vivillon\n|-resisted|p2a: Vivillon\n|-end|p2a: Vivillon|Substitute\n|\n|-heal|p1a: Diancie|100\/100|[from] item: Leftovers\n|upkeep\n|turn|30\n|\n|t:|1699739343\n|move|p2a: Vivillon|Sleep Powder|p1a: Diancie\n|-status|p1a: Diancie|slp|[from] move: Sleep Powder\n|cant|p1a: Diancie|slp\n|\n|upkeep\n|turn|31\n|\n|t:|1699739348\n|move|p2a: Vivillon|Hurricane|p1a: Diancie\n|-resisted|p1a: Diancie\n|-damage|p1a: Diancie|76\/100 slp\n|-start|p1a: Diancie|confusion\n|cant|p1a: Diancie|slp\n|\n|-heal|p1a: Diancie|83\/100 slp|[from] item: Leftovers\n|upkeep\n|turn|32\n|c|\u2606Imanjoneser|lol\n|\n|t:|1699739356\n|move|p2a: Vivillon|Hurricane|p1a: Diancie\n|-resisted|p1a: Diancie\n|-damage|p1a: Diancie|57\/100 slp\n|cant|p1a: Diancie|slp\n|\n|-heal|p1a: Diancie|63\/100 slp|[from] item: Leftovers\n|upkeep\n|turn|33\n|\n|t:|1699739362\n|move|p2a: Vivillon|Hurricane|p1a: Diancie\n|-resisted|p1a: Diancie\n|-damage|p1a: Diancie|38\/100 slp\n|-curestatus|p1a: Diancie|slp|[msg]\n|-activate|p1a: Diancie|confusion\n|move|p1a: Diancie|Body Press|p2a: Vivillon\n|-resisted|p2a: Vivillon\n|-damage|p2a: Vivillon|0 fnt\n|faint|p2a: Vivillon\n|\n|-heal|p1a: Diancie|44\/100|[from] item: Leftovers\n|upkeep\n|\n|t:|1699739371\n|switch|p2a: Talonflame|Talonflame, M|100\/100\n|turn|34\n|\n|t:|1699739387\n|move|p2a: Talonflame|Brave Bird|p1a: Diancie\n|-resisted|p1a: Diancie\n|-damage|p1a: Diancie|38\/100\n|-damage|p2a: Talonflame|98\/100|[from] Recoil\n|-activate|p1a: Diancie|confusion\n|move|p1a: Diancie|Body Press|p2a: Talonflame\n|-resisted|p2a: Talonflame\n|-crit|p2a: Talonflame\n|-damage|p2a: Talonflame|0 fnt\n|faint|p2a: Talonflame\n|\n|-heal|p1a: Diancie|44\/100|[from] item: Leftovers\n|upkeep\n|\n|t:|1699739394\n|switch|p2a: Oinkologne|Oinkologne, M|100\/100\n|turn|35\n|\n|t:|1699739408\n|move|p2a: Oinkologne|Stuff Cheeks|p2a: Oinkologne\n|-boost|p2a: Oinkologne|def|2\n|-enditem|p2a: Oinkologne|Liechi Berry|[eat]\n|-boost|p2a: Oinkologne|atk|1|[from] item: Liechi Berry\n|-end|p1a: Diancie|confusion\n|move|p1a: Diancie|Body Press|p2a: Oinkologne\n|-supereffective|p2a: Oinkologne\n|-damage|p2a: Oinkologne|0 fnt\n|faint|p2a: Oinkologne\n|\n|win|Imanjoneser\n|raw|Imanjoneser's rating: 1009 &rarr; <strong>1049<\/strong><br \/>(+40 for winning)\n|raw|Lexsleyker's rating: 1020 &rarr; <strong>1007<\/strong><br \/>(-13 for losing)\n|l|\u2606Lexsleyker\n|c|\u2606Imanjoneser|LETS GOOO\n","uploadtime":1699739424,"views":13,"p1id":"imanjoneser","p2id":"lexsleyker","formatid":"gen9ou","rating":1007,"private":0,"password":""}