{"id":"gen9ou-1999430013","p1":"Skaraptor2.1","p2":"Meliodassgr","format":"[Gen 9] OU","log":"|j|\u2606Skaraptor2.1\n|j|\u2606Meliodassgr\n|t:|1701079157\n|gametype|singles\n|player|p1|Skaraptor2.1|bodybuilderf-gen9|1392\n|player|p2|Meliodassgr|unknown|1379\n|teamsize|p1|6\n|teamsize|p2|6\n|gen|9\n|tier|[Gen 9] OU\n|rated|\n|rule|Sleep Clause Mod: Limit one foe put to sleep\n|rule|Species Clause: Limit one of each Pok\u00e9mon\n|rule|OHKO Clause: OHKO moves are banned\n|rule|Evasion Items Clause: Evasion items are banned\n|rule|Evasion Moves Clause: Evasion moves are banned\n|rule|Endless Battle Clause: Forcing endless battles is banned\n|rule|HP Percentage Mod: HP is shown in percentages\n|clearpoke\n|poke|p1|Ribombee, M|\n|poke|p1|Ogerpon-Wellspring, F|\n|poke|p1|Cinderace, M|\n|poke|p1|Zamazenta-*|\n|poke|p1|Iron Valiant|\n|poke|p1|Kingambit, F|\n|poke|p2|Lilligant-Hisui, F|\n|poke|p2|Heatran, M|\n|poke|p2|Rillaboom, M|\n|poke|p2|Corviknight, F|\n|poke|p2|Manaphy|\n|poke|p2|Dragapult, M|\n|teampreview\n|inactive|Battle timer is ON: inactive players will automatically lose when time's up. (requested by Skaraptor2.1)\n|\n|t:|1701079165\n|start\n|switch|p1a: Transfem|Ogerpon-Wellspring, F|100\/100\n|switch|p2a: Heatran|Heatran, M|100\/100\n|turn|1\n|\n|t:|1701079170\n|switch|p2a: Corviknight|Corviknight, F|100\/100\n|-ability|p2a: Corviknight|Pressure\n|move|p1a: Transfem|Knock Off|p2a: Corviknight\n|-damage|p2a: Corviknight|79\/100\n|-damage|p1a: Transfem|84\/100|[from] item: Rocky Helmet|[of] p2a: Corviknight\n|-enditem|p2a: Corviknight|Rocky Helmet|[from] move: Knock Off|[of] p1a: Transfem\n|\n|upkeep\n|turn|2\n|\n|t:|1701079175\n|move|p1a: Transfem|Swords Dance|p1a: Transfem\n|-boost|p1a: Transfem|atk|2\n|move|p2a: Corviknight|U-turn|p1a: Transfem\n|-supereffective|p1a: Transfem\n|-damage|p1a: Transfem|46\/100\n|\n|t:|1701079181\n|switch|p2a: Dragapult|Dragapult, M|100\/100|[from] U-turn\n|\n|upkeep\n|turn|3\n|\n|t:|1701079186\n|move|p2a: Dragapult|Draco Meteor|p1a: Transfem\n|-damage|p1a: Transfem|0 fnt\n|-unboost|p2a: Dragapult|spa|2\n|faint|p1a: Transfem\n|\n|upkeep\n|\n|t:|1701079190\n|switch|p1a: Twink|Ribombee, M|100\/100\n|turn|4\n|\n|t:|1701079195\n|switch|p2a: Heatran|Heatran, M|100\/100\n|move|p1a: Twink|Stun Spore|p2a: Heatran|[miss]\n|-miss|p1a: Twink|p2a: Heatran\n|\n|upkeep\n|turn|5\n|\n|t:|1701079201\n|move|p1a: Twink|Skill Swap|p2a: Heatran\n|-activate|p1a: Twink|move: Skill Swap|Flash Fire|Shield Dust|[of] p2a: Heatran\n|move|p2a: Heatran|Magma Storm|p1a: Twink\n|-start|p1a: Twink|ability: Flash Fire\n|\n|upkeep\n|turn|6\n|\n|t:|1701079206\n|move|p1a: Twink|Stun Spore|p2a: Heatran\n|-status|p2a: Heatran|par\n|move|p2a: Heatran|Taunt|p1a: Twink\n|-start|p1a: Twink|move: Taunt\n|\n|upkeep\n|turn|7\n|\n|t:|1701079218\n|-end|p1a: Twink|ability: Flash Fire|[silent]\n|switch|p1a: Twink again|Cinderace, M|100\/100\n|cant|p2a: Heatran|par\n|\n|upkeep\n|turn|8\n|\n|t:|1701079227\n|switch|p2a: Dragapult|Dragapult, M|100\/100\n|move|p1a: Twink again|High Jump Kick|p2a: Dragapult\n|-start|p1a: Twink again|typechange|Fighting|[from] ability: Libero\n|-immune|p2a: Dragapult\n|-damage|p1a: Twink again|51\/100|[from] highjumpkick\n|\n|upkeep\n|turn|9\n|\n|t:|1701079232\n|move|p2a: Dragapult|Shadow Ball|p1a: Twink again\n|-damage|p1a: Twink again|0 fnt\n|faint|p1a: Twink again\n|\n|upkeep\n|\n|t:|1701079235\n|switch|p1a: Queengambit|Kingambit, F|100\/100\n|-activate|p1a: Queengambit|ability: Supreme Overlord\n|-start|p1a: Queengambit|fallen2|[silent]\n|turn|10\n|\n|t:|1701079242\n|switch|p2a: Heatran|Heatran, M|100\/100 par\n|move|p1a: Queengambit|Swords Dance|p1a: Queengambit\n|-boost|p1a: Queengambit|atk|2\n|\n|upkeep\n|turn|11\n|\n|t:|1701079245\n|move|p1a: Queengambit|Low Kick|p2a: Heatran\n|-supereffective|p2a: Heatran\n|-damage|p2a: Heatran|0 fnt\n|faint|p2a: Heatran\n|\n|upkeep\n|\n|t:|1701079250\n|switch|p2a: Lilligant|Lilligant-Hisui, F|100\/100\n|turn|12\n|\n|t:|1701079254\n|move|p2a: Lilligant|Close Combat|p1a: Queengambit\n|-supereffective|p1a: Queengambit\n|-damage|p1a: Queengambit|0 fnt\n|-unboost|p2a: Lilligant|def|1\n|-unboost|p2a: Lilligant|spd|1\n|faint|p1a: Queengambit\n|-end|p1a: Queengambit|fallen2|[silent]\n|\n|upkeep\n|\n|t:|1701079259\n|switch|p1a: Twink|Ribombee, M|100\/100\n|turn|13\n|\n|t:|1701079262\n|switch|p2a: Corviknight|Corviknight, F|79\/100\n|-ability|p2a: Corviknight|Pressure\n|move|p1a: Twink|Moonblast|p2a: Corviknight\n|-resisted|p2a: Corviknight\n|-crit|p2a: Corviknight\n|-damage|p2a: Corviknight|55\/100\n|-unboost|p2a: Corviknight|spa|1\n|\n|upkeep\n|turn|14\n|\n|t:|1701079271\n|move|p1a: Twink|Skill Swap|p2a: Corviknight\n|-activate|p1a: Twink|move: Skill Swap|Pressure|Shield Dust|[of] p2a: Corviknight\n|-ability|p1a: Twink|Pressure\n|move|p2a: Corviknight|Roost|p2a: Corviknight\n|-heal|p2a: Corviknight|100\/100\n|-singleturn|p2a: Corviknight|move: Roost\n|\n|upkeep\n|turn|15\n|\n|t:|1701079277\n|move|p1a: Twink|Stun Spore|p2a: Corviknight\n|-status|p2a: Corviknight|par\n|move|p2a: Corviknight|Brave Bird|p1a: Twink\n|-supereffective|p1a: Twink\n|-enditem|p1a: Twink|Focus Sash\n|-damage|p1a: Twink|1\/100\n|-damage|p2a: Corviknight|74\/100 par|[from] Recoil\n|\n|upkeep\n|turn|16\n|\n|t:|1701079288\n|move|p1a: Twink|Sticky Web|p2a: Corviknight\n|-sidestart|p2: Meliodassgr|move: Sticky Web\n|move|p2a: Corviknight|Roost|p2a: Corviknight\n|-heal|p2a: Corviknight|100\/100 par\n|-singleturn|p2a: Corviknight|move: Roost\n|\n|upkeep\n|turn|17\n|\n|t:|1701079294\n|move|p1a: Twink|Moonblast|p2a: Corviknight\n|-resisted|p2a: Corviknight\n|-damage|p2a: Corviknight|84\/100 par\n|move|p2a: Corviknight|Defog|p1a: Twink\n|-unboost|p1a: Twink|evasion|1\n|-sideend|p2: Meliodassgr|Sticky Web|[from] move: Defog|[of] p2a: Corviknight\n|\n|upkeep\n|turn|18\n|\n|t:|1701079298\n|move|p1a: Twink|Sticky Web|p2a: Corviknight\n|-sidestart|p2: Meliodassgr|move: Sticky Web\n|move|p2a: Corviknight|U-turn|p1a: Twink\n|-resisted|p1a: Twink\n|-damage|p1a: Twink|0 fnt\n|faint|p1a: Twink\n|\n|t:|1701079306\n|switch|p2a: Manaphy|Manaphy|100\/100|[from] U-turn\n|-activate|p2a: Manaphy|move: Sticky Web\n|-unboost|p2a: Manaphy|spe|1\n|\n|upkeep\n|\n|t:|1701079309\n|switch|p1a: Bigender|Iron Valiant|100\/100\n|-enditem|p1a: Bigender|Booster Energy\n|-activate|p1a: Bigender|ability: Quark Drive|[fromitem]\n|-start|p1a: Bigender|quarkdrivespe\n|turn|19\n|\n|t:|1701079312\n|move|p1a: Bigender|Thunderbolt|p2a: Manaphy\n|-supereffective|p2a: Manaphy\n|-damage|p2a: Manaphy|38\/100\n|move|p2a: Manaphy|Scald|p1a: Bigender\n|-crit|p1a: Bigender\n|-damage|p1a: Bigender|5\/100\n|-status|p1a: Bigender|brn\n|\n|-heal|p2a: Manaphy|44\/100|[from] item: Leftovers\n|-damage|p1a: Bigender|0 fnt|[from] brn\n|faint|p1a: Bigender\n|-end|p1a: Bigender|Quark Drive|[silent]\n|upkeep\n|\n|t:|1701079318\n|switch|p1a: Defender of Trans|Zamazenta, shiny|100\/100\n|-ability|p1a: Defender of Trans|Dauntless Shield|boost\n|-boost|p1a: Defender of Trans|def|1\n|turn|20\n|\n|t:|1701079324\n|move|p1a: Defender of Trans|Iron Defense|p1a: Defender of Trans\n|-boost|p1a: Defender of Trans|def|2\n|move|p2a: Manaphy|Scald|p1a: Defender of Trans\n|-damage|p1a: Defender of Trans|73\/100\n|-status|p1a: Defender of Trans|brn\n|\n|-heal|p1a: Defender of Trans|80\/100 brn|[from] item: Leftovers\n|-heal|p2a: Manaphy|51\/100|[from] item: Leftovers\n|-damage|p1a: Defender of Trans|73\/100 brn|[from] brn\n|upkeep\n|turn|21\n|\n|t:|1701079327\n|move|p1a: Defender of Trans|Iron Defense|p1a: Defender of Trans\n|-boost|p1a: Defender of Trans|def|2\n|move|p2a: Manaphy|Scald|p1a: Defender of Trans\n|-damage|p1a: Defender of Trans|46\/100 brn\n|\n|-heal|p1a: Defender of Trans|53\/100 brn|[from] item: Leftovers\n|-heal|p2a: Manaphy|57\/100|[from] item: Leftovers\n|-damage|p1a: Defender of Trans|46\/100 brn|[from] brn\n|upkeep\n|turn|22\n|\n|t:|1701079332\n|move|p1a: Defender of Trans|Body Press|p2a: Manaphy\n|-damage|p2a: Manaphy|0 fnt\n|faint|p2a: Manaphy\n|\n|-heal|p1a: Defender of Trans|53\/100 brn|[from] item: Leftovers\n|-damage|p1a: Defender of Trans|46\/100 brn|[from] brn\n|upkeep\n|\n|t:|1701079338\n|switch|p2a: Dragapult|Dragapult, M|100\/100\n|-activate|p2a: Dragapult|move: Sticky Web\n|-unboost|p2a: Dragapult|spe|1\n|turn|23\n|\n|t:|1701079340\n|move|p1a: Defender of Trans|Crunch|p2a: Dragapult\n|-supereffective|p2a: Dragapult\n|-damage|p2a: Dragapult|71\/100\n|move|p2a: Dragapult|Draco Meteor|p1a: Defender of Trans\n|-damage|p1a: Defender of Trans|0 fnt\n|-unboost|p2a: Dragapult|spa|2\n|faint|p1a: Defender of Trans\n|\n|win|Meliodassgr\n|raw|Skaraptor2.1's rating: 1392 &rarr; <strong>1371<\/strong><br \/>(-21 for losing)\n|raw|Meliodassgr's rating: 1379 &rarr; <strong>1400<\/strong><br \/>(+21 for winning)\n|l|\u2606Skaraptor2.1\n","uploadtime":1701079343,"views":2,"p1id":"skaraptor21","p2id":"meliodassgr","formatid":"gen9ou","rating":1371,"private":0,"password":""}