{"id":"gen9ou-1993661126","p1":"TheZalmancer","p2":"oldworm","format":"[Gen 9] OU","log":"|j|\u2606TheZalmancer\n|j|\u2606oldworm\n|t:|1700342755\n|gametype|singles\n|player|p1|TheZalmancer|skyla|1306\n|player|p2|oldworm|265|1332\n|teamsize|p1|6\n|teamsize|p2|6\n|gen|9\n|tier|[Gen 9] OU\n|rated|\n|rule|Sleep Clause Mod: Limit one foe put to sleep\n|rule|Species Clause: Limit one of each Pok\u00e9mon\n|rule|OHKO Clause: OHKO moves are banned\n|rule|Evasion Items Clause: Evasion items are banned\n|rule|Evasion Moves Clause: Evasion moves are banned\n|rule|Endless Battle Clause: Forcing endless battles is banned\n|rule|HP Percentage Mod: HP is shown in percentages\n|clearpoke\n|poke|p1|Ogerpon-Wellspring, F|\n|poke|p1|Ninetales-Alola, F|\n|poke|p1|Corviknight, F|\n|poke|p1|Slowking-Galar, F|\n|poke|p1|Hydreigon, F|\n|poke|p1|Ditto|\n|poke|p2|Alomomola, F|\n|poke|p2|Slowking-Galar, F|\n|poke|p2|Kingambit, F|\n|poke|p2|Great Tusk|\n|poke|p2|Cinderace, F|\n|poke|p2|Thundurus-Therian, M|\n|teampreview\n|j| ogkbee\n|\n|t:|1700342811\n|start\n|switch|p1a: Hydreigon|Hydreigon, F|100\/100\n|switch|p2a: Cinderace|Cinderace, F|100\/100\n|turn|1\n|\n|t:|1700342842\n|switch|p2a: Kingambit|Kingambit, F|100\/100\n|move|p1a: Hydreigon|Stealth Rock|p2a: Kingambit\n|-sidestart|p2: oldworm|move: Stealth Rock\n|\n|upkeep\n|turn|2\n|\n|t:|1700342859\n|move|p1a: Hydreigon|Thunder Wave|p2a: Kingambit\n|-status|p2a: Kingambit|par\n|move|p2a: Kingambit|Iron Head|p1a: Hydreigon\n|-damage|p1a: Hydreigon|57\/100\n|\n|upkeep\n|turn|3\n|\n|t:|1700342868\n|switch|p1a: Ogerpon|Ogerpon-Wellspring, F|100\/100\n|move|p2a: Kingambit|Iron Head|p1a: Ogerpon\n|-resisted|p1a: Ogerpon\n|-damage|p1a: Ogerpon|68\/100\n|\n|upkeep\n|turn|4\n|\n|t:|1700342892\n|move|p2a: Kingambit|Sucker Punch|p1a: Ogerpon\n|-damage|p1a: Ogerpon|14\/100\n|move|p1a: Ogerpon|Brick Break|p2a: Kingambit\n|-supereffective|p2a: Kingambit\n|-damage|p2a: Kingambit|8\/100 par\n|\n|-heal|p2a: Kingambit|14\/100 par|[from] item: Leftovers\n|upkeep\n|turn|5\n|\n|t:|1700342911\n|switch|p1a: Corviknight|Corviknight, F, shiny|100\/100\n|move|p2a: Kingambit|Sucker Punch||[still]\n|-fail|p2a: Kingambit\n|\n|-heal|p2a: Kingambit|20\/100 par|[from] item: Leftovers\n|upkeep\n|turn|6\n|\n|t:|1700342918\n|-end|p2a: Kingambit|fallenundefined|[silent]\n|switch|p2a: Cinderace|Cinderace, F|100\/100\n|move|p1a: Corviknight|Iron Head|p2a: Cinderace\n|-resisted|p2a: Cinderace\n|-crit|p2a: Cinderace\n|-damage|p2a: Cinderace|75\/100\n|\n|upkeep\n|turn|7\n|\n|t:|1700342924\n|move|p2a: Cinderace|Court Change|p2a: Cinderace\n|-start|p2a: Cinderace|typechange|Normal|[from] ability: Libero\n|-swapsideconditions\n|-activate|p2a: Cinderace|move: Court Change\n|move|p1a: Corviknight|U-turn|p2a: Cinderace\n|-damage|p2a: Cinderace|56\/100\n|\n|t:|1700342940\n|switch|p1a: Ninetales|Ninetales-Alola, F, shiny|100\/100|[from] U-turn\n|-damage|p1a: Ninetales|76\/100|[from] Stealth Rock\n|-weather|Snow|[from] ability: Snow Warning|[of] p1a: Ninetales\n|\n|-weather|Snow|[upkeep]\n|upkeep\n|turn|8\n|\n|t:|1700342985\n|move|p2a: Cinderace|Court Change|p2a: Cinderace\n|-swapsideconditions\n|-activate|p2a: Cinderace|move: Court Change\n|move|p1a: Ninetales|Hypnosis|p2a: Cinderace\n|-status|p2a: Cinderace|slp|[from] move: Hypnosis\n|\n|-weather|Snow|[upkeep]\n|upkeep\n|turn|9\n|\n|t:|1700342997\n|switch|p1a: Ogerpon|Ogerpon-Wellspring, F|14\/100\n|cant|p2a: Cinderace|slp\n|\n|-weather|Snow|[upkeep]\n|upkeep\n|turn|10\n|\n|t:|1700343004\n|cant|p2a: Cinderace|slp\n|move|p1a: Ogerpon|Horn Leech|p2a: Cinderace\n|-damage|p2a: Cinderace|0 fnt\n|-heal|p1a: Ogerpon|42\/100|[from] drain|[of] p2a: Cinderace\n|faint|p2a: Cinderace\n|\n|-weather|Snow|[upkeep]\n|upkeep\n|\n|t:|1700343017\n|switch|p2a: Kingambit|Kingambit, F|20\/100 par\n|-damage|p2a: Kingambit|14\/100 par|[from] Stealth Rock\n|-activate|p2a: Kingambit|ability: Supreme Overlord\n|-start|p2a: Kingambit|fallen1|[silent]\n|turn|11\n|\n|t:|1700343023\n|switch|p1a: Corviknight|Corviknight, F, shiny|100\/100\n|cant|p2a: Kingambit|par\n|\n|-weather|none\n|-heal|p2a: Kingambit|20\/100 par|[from] item: Leftovers\n|upkeep\n|turn|12\n|\n|t:|1700343034\n|-end|p2a: Kingambit|fallen1|[silent]\n|switch|p2a: Great Tusk|Great Tusk|100\/100\n|-damage|p2a: Great Tusk|98\/100|[from] Stealth Rock\n|move|p1a: Corviknight|U-turn|p2a: Great Tusk\n|-resisted|p2a: Great Tusk\n|-damage|p2a: Great Tusk|92\/100\n|-damage|p1a: Corviknight|84\/100|[from] item: Rocky Helmet|[of] p2a: Great Tusk\n|\n|t:|1700343041\n|switch|p1a: Ninetales|Ninetales-Alola, F, shiny|76\/100|[from] U-turn\n|-weather|Snow|[from] ability: Snow Warning|[of] p1a: Ninetales\n|\n|-weather|Snow|[upkeep]\n|upkeep\n|turn|13\n|\n|t:|1700343047\n|move|p1a: Ninetales|Aurora Veil|p1a: Ninetales\n|-sidestart|p1: TheZalmancer|move: Aurora Veil\n|move|p2a: Great Tusk|Rapid Spin|p1a: Ninetales\n|-damage|p1a: Ninetales|68\/100\n|-boost|p2a: Great Tusk|spe|1\n|-sideend|p2: oldworm|Stealth Rock|[from] move: Rapid Spin|[of] p2a: Great Tusk\n|\n|-weather|Snow|[upkeep]\n|upkeep\n|turn|14\n|\n|t:|1700343057\n|-end|p2a: Great Tusk|Protosynthesis|[silent]\n|switch|p2a: Alomomola|Alomomola, F|100\/100\n|move|p1a: Ninetales|Freeze-Dry|p2a: Alomomola\n|-supereffective|p2a: Alomomola\n|-damage|p2a: Alomomola|65\/100\n|-enditem|p2a: Alomomola|Red Card|[of] p1a: Ninetales\n|drag|p1a: Corviknight|Corviknight, F, shiny|84\/100\n|\n|-weather|Snow|[upkeep]\n|-heal|p1a: Corviknight|90\/100|[from] item: Leftovers\n|upkeep\n|turn|15\n|\n|t:|1700343076\n|move|p1a: Corviknight|U-turn|p2a: Alomomola\n|-damage|p2a: Alomomola|57\/100\n|\n|t:|1700343080\n|switch|p1a: Ogerpon|Ogerpon-Wellspring, F|42\/100|[from] U-turn\n|move|p2a: Alomomola|Scald|p1a: Ogerpon\n|-heal|p1a: Ogerpon|67\/100|[from] ability: Water Absorb|[of] p2a: Alomomola\n|\n|-weather|Snow|[upkeep]\n|upkeep\n|turn|16\n|\n|t:|1700343088\n|-terastallize|p2a: Alomomola|Flying\n|move|p1a: Ogerpon|Swords Dance|p1a: Ogerpon\n|-boost|p1a: Ogerpon|atk|2\n|move|p2a: Alomomola|Acrobatics|p1a: Ogerpon\n|-supereffective|p1a: Ogerpon\n|-damage|p1a: Ogerpon|25\/100\n|\n|-weather|none\n|upkeep\n|turn|17\n|\n|t:|1700343102\n|move|p1a: Ogerpon|Ivy Cudgel|p2a: Alomomola|[anim] Ivy Cudgel Water\n|-damage|p2a: Alomomola|0 fnt\n|faint|p2a: Alomomola\n|\n|upkeep\n|\n|t:|1700343114\n|switch|p2a: Kingambit|Kingambit, F|20\/100 par\n|-activate|p2a: Kingambit|ability: Supreme Overlord\n|-start|p2a: Kingambit|fallen2|[silent]\n|turn|18\n|\n|t:|1700343118\n|move|p1a: Ogerpon|Horn Leech|p2a: Kingambit\n|-resisted|p2a: Kingambit\n|-damage|p2a: Kingambit|0 fnt\n|-heal|p1a: Ogerpon|38\/100|[from] drain|[of] p2a: Kingambit\n|faint|p2a: Kingambit\n|-end|p2a: Kingambit|fallen2|[silent]\n|\n|upkeep\n|-message|oldworm forfeited.\n|\n|win|TheZalmancer\n|raw|TheZalmancer's rating: 1306 &rarr; <strong>1327<\/strong><br \/>(+21 for winning)\n|raw|oldworm's rating: 1332 &rarr; <strong>1311<\/strong><br \/>(-21 for losing)\n|l|\u2606oldworm\n|c|\u2606TheZalmancer|ggs\n","uploadtime":1700343156,"views":12,"p1id":"thezalmancer","p2id":"oldworm","formatid":"gen9ou","rating":1311,"private":0,"password":""}