{"id":"gen9ou-1990503103","p1":"eusha786","p2":"Angel_Oceanpart","format":"[Gen 9] OU","log":"|j|\u2606eusha786\n|j|\u2606Angel_Oceanpart\n|t:|1699976774\n|gametype|singles\n|player|p1|eusha786|266|1088\n|player|p2|Angel_Oceanpart|preschoolerf|1173\n|teamsize|p1|6\n|teamsize|p2|6\n|gen|9\n|tier|[Gen 9] OU\n|rated|\n|rule|Sleep Clause Mod: Limit one foe put to sleep\n|rule|Species Clause: Limit one of each Pok\u00e9mon\n|rule|OHKO Clause: OHKO moves are banned\n|rule|Evasion Items Clause: Evasion items are banned\n|rule|Evasion Moves Clause: Evasion moves are banned\n|rule|Endless Battle Clause: Forcing endless battles is banned\n|rule|HP Percentage Mod: HP is shown in percentages\n|clearpoke\n|poke|p1|Florges, F|\n|poke|p1|Hydreigon, M|\n|poke|p1|Arcanine, F|\n|poke|p1|Leafeon, M|\n|poke|p1|Armarouge, F|\n|poke|p1|Corviknight, M|\n|poke|p2|Ditto|\n|poke|p2|Alomomola, F|\n|poke|p2|Corviknight, M|\n|poke|p2|Heatran, F|\n|poke|p2|Pawmot, F|\n|poke|p2|Zoroark, F|\n|teampreview\n|inactive|Battle timer is ON: inactive players will automatically lose when time's up. (requested by Angel_Oceanpart)\n|\n|t:|1699976806\n|start\n|switch|p1a: Armarouge|Armarouge, F|100\/100\n|switch|p2a: Betrayal|Heatran, F|100\/100\n|turn|1\n|\n|t:|1699976820\n|move|p2a: Betrayal|Earth Power|p1a: Armarouge\n|-supereffective|p1a: Armarouge\n|-damage|p1a: Armarouge|0 fnt\n|faint|p1a: Armarouge\n|\n|upkeep\n|\n|t:|1699976829\n|switch|p1a: Hydreigon|Hydreigon, M|100\/100\n|turn|2\n|\n|t:|1699976846\n|switch|p2a: Forgive|Corviknight, M|100\/100\n|-ability|p2a: Forgive|Pressure\n|move|p1a: Hydreigon|Earth Power|p2a: Forgive\n|-immune|p2a: Forgive\n|\n|upkeep\n|turn|3\n|\n|t:|1699976857\n|switch|p1a: Arcanine|Arcanine, F|100\/100\n|-ability|p1a: Arcanine|Intimidate|boost\n|-unboost|p2a: Forgive|atk|1\n|move|p2a: Forgive|U-turn|p1a: Arcanine\n|-resisted|p1a: Arcanine\n|-damage|p1a: Arcanine|95\/100\n|inactive|Angel_Oceanpart has 120 seconds left.\n|\n|t:|1699976891\n|switch|p2a: Tori|Ditto|100\/100|[from] U-turn\n|-transform|p2a: Tori|p1a: Arcanine|[from] ability: Imposter\n|-ability|p2a: Tori|Intimidate|boost\n|-unboost|p1a: Arcanine|atk|1\n|\n|upkeep\n|turn|4\n|inactive|Angel_Oceanpart has 120 seconds left.\n|\n|t:|1699976912\n|switch|p1a: Hydreigon|Hydreigon, M|100\/100\n|move|p2a: Tori|Flare Blitz|p1a: Hydreigon\n|-resisted|p1a: Hydreigon\n|-damage|p1a: Hydreigon|67\/100\n|-damage|p2a: Tori|88\/100|[from] Recoil\n|\n|upkeep\n|turn|5\n|\n|t:|1699976922\n|switch|p2a: Forgive|Corviknight, M|100\/100\n|-ability|p2a: Forgive|Pressure\n|move|p1a: Hydreigon|Tri Attack|p2a: Forgive\n|-resisted|p2a: Forgive\n|-crit|p2a: Forgive\n|-damage|p2a: Forgive|82\/100\n|\n|upkeep\n|turn|6\n|\n|t:|1699976934\n|switch|p1a: Corviknight|Corviknight, M|100\/100\n|-ability|p1a: Corviknight|Pressure\n|move|p2a: Forgive|U-turn|p1a: Corviknight\n|-resisted|p1a: Corviknight\n|-damage|p1a: Corviknight|98\/100\n|\n|t:|1699976949\n|switch|p2a: Retry|Pawmot, F|100\/100|[from] U-turn\n|\n|upkeep\n|turn|7\n|\n|t:|1699976972\n|switch|p2a: Forgive|Corviknight, M|82\/100\n|-ability|p2a: Forgive|Pressure\n|move|p1a: Corviknight|Body Press|p2a: Forgive\n|-damage|p2a: Forgive|70\/100\n|-damage|p1a: Corviknight|81\/100|[from] item: Rocky Helmet|[of] p2a: Forgive\n|\n|upkeep\n|turn|8\n|\n|t:|1699976983\n|move|p1a: Corviknight|Bulk Up|p1a: Corviknight\n|-boost|p1a: Corviknight|atk|1\n|-boost|p1a: Corviknight|def|1\n|move|p2a: Forgive|Roost|p2a: Forgive\n|-heal|p2a: Forgive|100\/100\n|-singleturn|p2a: Forgive|move: Roost\n|\n|upkeep\n|turn|9\n|\n|t:|1699976993\n|move|p1a: Corviknight|Bulk Up|p1a: Corviknight\n|-boost|p1a: Corviknight|atk|1\n|-boost|p1a: Corviknight|def|1\n|move|p2a: Forgive|U-turn|p1a: Corviknight\n|-resisted|p1a: Corviknight\n|-damage|p1a: Corviknight|80\/100\n|\n|t:|1699977000\n|switch|p2a: Tori|Ditto|88\/100|[from] U-turn\n|-transform|p2a: Tori|p1a: Corviknight|[from] ability: Imposter\n|-ability|p2a: Tori|Pressure\n|\n|upkeep\n|turn|10\n|\n|t:|1699977011\n|move|p2a: Tori|Bulk Up|p2a: Tori\n|-boost|p2a: Tori|atk|1\n|-boost|p2a: Tori|def|1\n|move|p1a: Corviknight|Bulk Up|p1a: Corviknight\n|-boost|p1a: Corviknight|atk|1\n|-boost|p1a: Corviknight|def|1\n|\n|upkeep\n|turn|11\n|\n|t:|1699977022\n|move|p2a: Tori|Bulk Up|p2a: Tori\n|-boost|p2a: Tori|atk|1\n|-boost|p2a: Tori|def|1\n|move|p1a: Corviknight|Body Press|p2a: Tori\n|-damage|p2a: Tori|72\/100\n|-enditem|p2a: Tori|Red Card|[of] p1a: Corviknight\n|drag|p1a: Hydreigon|Hydreigon, M|67\/100\n|\n|upkeep\n|turn|12\n|\n|t:|1699977039\n|move|p1a: Hydreigon|Tri Attack|p2a: Tori\n|-resisted|p2a: Tori\n|-damage|p2a: Tori|59\/100\n|move|p2a: Tori|Body Press|p1a: Hydreigon\n|-supereffective|p1a: Hydreigon\n|-damage|p1a: Hydreigon|0 fnt\n|faint|p1a: Hydreigon\n|\n|upkeep\n|-message|eusha786 forfeited.\n|\n|win|Angel_Oceanpart\n|raw|eusha786's rating: 1088 &rarr; <strong>1070<\/strong><br \/>(-18 for losing)\n|raw|Angel_Oceanpart's rating: 1173 &rarr; <strong>1192<\/strong><br \/>(+19 for winning)\n|l|\u2606eusha786\n","uploadtime":1699977053,"views":6,"p1id":"eusha786","p2id":"angeloceanpart","formatid":"gen9ou","rating":1070,"private":0,"password":""}