{"id":"gen9ou-1988723735","p1":"Sahoran","p2":"EeveeLazuli","format":"[Gen 9] OU","log":"|j|\u2606Sahoran\n|j|\u2606EeveeLazuli\n|t:|1699755073\n|gametype|singles\n|player|p1|Sahoran|red|\n|player|p2|EeveeLazuli|palmer|\n|teamsize|p1|6\n|teamsize|p2|6\n|gen|9\n|tier|[Gen 9] OU\n|rule|Sleep Clause Mod: Limit one foe put to sleep\n|rule|Species Clause: Limit one of each Pok\u00e9mon\n|rule|OHKO Clause: OHKO moves are banned\n|rule|Evasion Items Clause: Evasion items are banned\n|rule|Evasion Moves Clause: Evasion moves are banned\n|rule|Endless Battle Clause: Forcing endless battles is banned\n|rule|HP Percentage Mod: HP is shown in percentages\n|clearpoke\n|poke|p1|Spiritomb, M|\n|poke|p1|Dragapult, M|\n|poke|p1|Charizard, M|\n|poke|p1|Goodra-Hisui, M|\n|poke|p1|Dondozo, F|\n|poke|p1|Staraptor, M|\n|poke|p2|Zapdos|\n|poke|p2|Heatran, F|\n|poke|p2|Garchomp, F|\n|poke|p2|Tsareena, F|\n|poke|p2|Cresselia, F|\n|poke|p2|Umbreon, M|\n|teampreview\n|c|\u2606Sahoran|alch ni me prepare para esto\n|c|\u2606Sahoran|se gentil\n|c|\u2606Sahoran|no me lastimes :,v\n|\n|t:|1699755182\n|start\n|switch|p1a: Charizard|Charizard, M|100\/100\n|switch|p2a: Raiden|Zapdos|100\/100\n|turn|1\n|\n|t:|1699755198\n|switch|p1a: Spiritomb|Spiritomb, M|100\/100\n|move|p2a: Raiden|Volt Switch|p1a: Spiritomb\n|-damage|p1a: Spiritomb|59\/100\n|\n|t:|1699755214\n|switch|p2a: Cynthia|Garchomp, F|100\/100|[from] Volt Switch\n|\n|upkeep\n|turn|2\n|\n|t:|1699755228\n|move|p2a: Cynthia|Scale Shot|p1a: Spiritomb\n|-damage|p1a: Spiritomb|45\/100\n|-damage|p1a: Spiritomb|32\/100\n|-damage|p1a: Spiritomb|18\/100\n|-damage|p1a: Spiritomb|4\/100\n|-damage|p1a: Spiritomb|0 fnt\n|faint|p1a: Spiritomb\n|-hitcount|p1: Spiritomb|5\n|-unboost|p2a: Cynthia|def|1\n|-boost|p2a: Cynthia|spe|1\n|\n|upkeep\n|\n|t:|1699755241\n|switch|p1a: Dondozo|Dondozo, F|100\/100\n|turn|3\n|\n|t:|1699755263\n|switch|p2a: Twilight|Cresselia, F|100\/100\n|move|p1a: Dondozo|Body Press|p2a: Twilight\n|-resisted|p2a: Twilight\n|-damage|p2a: Twilight|91\/100\n|\n|-heal|p2a: Twilight|97\/100|[from] item: Leftovers\n|upkeep\n|turn|4\n|\n|t:|1699755276\n|switch|p1a: Dragapult|Dragapult, M|100\/100\n|move|p2a: Twilight|Thunder Wave|p1a: Dragapult\n|-status|p1a: Dragapult|par\n|\n|-heal|p2a: Twilight|100\/100|[from] item: Leftovers\n|upkeep\n|turn|5\n|\n|t:|1699755300\n|switch|p2a: Orion|Umbreon, M|100\/100\n|cant|p1a: Dragapult|par\n|\n|upkeep\n|turn|6\n|\n|t:|1699755309\n|switch|p1a: Staraptor|Staraptor, M|100\/100\n|move|p2a: Orion|Foul Play|p1a: Staraptor\n|-damage|p1a: Staraptor|37\/100\n|\n|upkeep\n|turn|7\n|\n|t:|1699755324\n|switch|p2a: Twilight|Cresselia, F|100\/100\n|move|p1a: Staraptor|U-turn|p2a: Twilight\n|-supereffective|p2a: Twilight\n|-damage|p2a: Twilight|69\/100\n|\n|t:|1699755330\n|switch|p1a: Dondozo|Dondozo, F|100\/100|[from] U-turn\n|\n|-heal|p2a: Twilight|75\/100|[from] item: Leftovers\n|upkeep\n|turn|8\n|\n|t:|1699755351\n|switch|p1a: Staraptor|Staraptor, M|37\/100\n|move|p2a: Twilight|Calm Mind|p2a: Twilight\n|-boost|p2a: Twilight|spa|1\n|-boost|p2a: Twilight|spd|1\n|\n|-heal|p2a: Twilight|82\/100|[from] item: Leftovers\n|upkeep\n|turn|9\n|\n|t:|1699755366\n|move|p1a: Staraptor|Hurricane|p2a: Twilight\n|-damage|p2a: Twilight|74\/100\n|move|p2a: Twilight|Moonlight|p2a: Twilight\n|-heal|p2a: Twilight|100\/100\n|\n|upkeep\n|turn|10\n|\n|t:|1699755376\n|move|p1a: Staraptor|Close Combat|p2a: Twilight\n|-resisted|p2a: Twilight\n|-damage|p2a: Twilight|87\/100\n|-unboost|p1a: Staraptor|def|1\n|-unboost|p1a: Staraptor|spd|1\n|move|p2a: Twilight|Calm Mind|p2a: Twilight\n|-boost|p2a: Twilight|spa|1\n|-boost|p2a: Twilight|spd|1\n|\n|-heal|p2a: Twilight|93\/100|[from] item: Leftovers\n|upkeep\n|turn|11\n|\n|t:|1699755385\n|move|p1a: Staraptor|U-turn|p2a: Twilight\n|-supereffective|p2a: Twilight\n|-damage|p2a: Twilight|61\/100\n|\n|t:|1699755389\n|switch|p1a: Dragapult|Dragapult, M|100\/100 par|[from] U-turn\n|move|p2a: Twilight|Moonblast|p1a: Dragapult\n|-supereffective|p1a: Dragapult\n|-damage|p1a: Dragapult|7\/100 par\n|\n|-heal|p2a: Twilight|67\/100|[from] item: Leftovers\n|upkeep\n|turn|12\n|\n|t:|1699755404\n|move|p1a: Dragapult|U-turn|p2a: Twilight\n|-supereffective|p2a: Twilight\n|-damage|p2a: Twilight|41\/100\n|\n|t:|1699755409\n|switch|p1a: Staraptor|Staraptor, M|37\/100|[from] U-turn\n|move|p2a: Twilight|Moonlight|p2a: Twilight\n|-heal|p2a: Twilight|91\/100\n|\n|-heal|p2a: Twilight|98\/100|[from] item: Leftovers\n|upkeep\n|turn|13\n|\n|t:|1699755417\n|move|p1a: Staraptor|Feather Dance|p2a: Twilight\n|-unboost|p2a: Twilight|atk|2\n|move|p2a: Twilight|Moonblast|p1a: Staraptor\n|-crit|p1a: Staraptor\n|-damage|p1a: Staraptor|0 fnt\n|faint|p1a: Staraptor\n|\n|-heal|p2a: Twilight|100\/100|[from] item: Leftovers\n|upkeep\n|\n|t:|1699755432\n|switch|p1a: Charizard|Charizard, M|100\/100\n|turn|14\n|\n|t:|1699755439\n|move|p1a: Charizard|Dragon Dance|p1a: Charizard\n|-boost|p1a: Charizard|atk|1\n|-boost|p1a: Charizard|spe|1\n|move|p2a: Twilight|Moonblast|p1a: Charizard\n|-resisted|p1a: Charizard\n|-damage|p1a: Charizard|77\/100\n|\n|upkeep\n|turn|15\n|\n|t:|1699755446\n|move|p1a: Charizard|Dragon Dance|p1a: Charizard\n|-boost|p1a: Charizard|atk|1\n|-boost|p1a: Charizard|spe|1\n|move|p2a: Twilight|Thunder Wave|p1a: Charizard\n|-status|p1a: Charizard|par\n|\n|upkeep\n|turn|16\n|\n|t:|1699755458\n|switch|p2a: Raiden|Zapdos|100\/100\n|move|p1a: Charizard|Earthquake|p2a: Raiden\n|-immune|p2a: Raiden\n|\n|upkeep\n|turn|17\n|\n|t:|1699755465\n|switch|p1a: Dragapult|Dragapult, M|7\/100 par\n|move|p2a: Raiden|Volt Switch|p1a: Dragapult\n|-resisted|p1a: Dragapult\n|-damage|p1a: Dragapult|0 fnt\n|faint|p1a: Dragapult\n|\n|t:|1699755479\n|switch|p2a: Emerald|Tsareena, F|100\/100|[from] Volt Switch\n|\n|upkeep\n|\n|t:|1699755484\n|switch|p1a: Goodra|Goodra-Hisui, M|100\/100\n|turn|18\n|\n|t:|1699755489\n|move|p1a: Goodra|Protect|p1a: Goodra\n|-singleturn|p1a: Goodra|Protect\n|move|p2a: Emerald|U-turn|p1a: Goodra\n|-activate|p1a: Goodra|move: Protect\n|\n|upkeep\n|turn|19\n|\n|t:|1699755506\n|move|p2a: Emerald|U-turn|p1a: Goodra\n|-resisted|p1a: Goodra\n|-damage|p1a: Goodra|88\/100\n|\n|t:|1699755513\n|switch|p2a: Fiery|Heatran, F|100\/100|[from] U-turn\n|move|p1a: Goodra|Dragon Tail|p2a: Fiery\n|-resisted|p2a: Fiery\n|-damage|p2a: Fiery|91\/100\n|drag|p2a: Twilight|Cresselia, F|100\/100\n|\n|-heal|p1a: Goodra|94\/100|[from] item: Leftovers\n|upkeep\n|turn|20\n|\n|t:|1699755529\n|move|p2a: Twilight|Moonblast|p1a: Goodra\n|-damage|p1a: Goodra|85\/100\n|move|p1a: Goodra|Dragon Tail|p2a: Twilight\n|-damage|p2a: Twilight|87\/100\n|drag|p2a: Fiery|Heatran, F|91\/100\n|\n|-heal|p2a: Fiery|97\/100|[from] item: Leftovers\n|-heal|p1a: Goodra|91\/100|[from] item: Leftovers\n|upkeep\n|turn|21\n|\n|t:|1699755542\n|move|p1a: Goodra|Protect|p1a: Goodra\n|-singleturn|p1a: Goodra|Protect\n|move|p2a: Fiery|Stealth Rock|p1a: Goodra\n|-sidestart|p1: Sahoran|move: Stealth Rock\n|\n|-heal|p2a: Fiery|100\/100|[from] item: Leftovers\n|-heal|p1a: Goodra|97\/100|[from] item: Leftovers\n|upkeep\n|turn|22\n|\n|t:|1699755551\n|move|p2a: Fiery|Flamethrower|p1a: Goodra\n|-damage|p1a: Goodra|70\/100\n|move|p1a: Goodra|Dragon Tail|p2a: Fiery\n|-resisted|p2a: Fiery\n|-damage|p2a: Fiery|91\/100\n|drag|p2a: Twilight|Cresselia, F|87\/100\n|\n|-heal|p2a: Twilight|93\/100|[from] item: Leftovers\n|-heal|p1a: Goodra|76\/100|[from] item: Leftovers\n|upkeep\n|turn|23\n|\n|t:|1699755561\n|move|p2a: Twilight|Moonblast|p1a: Goodra\n|-damage|p1a: Goodra|68\/100\n|move|p1a: Goodra|Heavy Slam|p2a: Twilight\n|-damage|p2a: Twilight|74\/100\n|\n|-heal|p2a: Twilight|80\/100|[from] item: Leftovers\n|-heal|p1a: Goodra|74\/100|[from] item: Leftovers\n|upkeep\n|turn|24\n|\n|t:|1699755579\n|switch|p2a: Emerald|Tsareena, F|100\/100\n|move|p1a: Goodra|Dragon Tail|p2a: Emerald\n|-damage|p2a: Emerald|80\/100\n|drag|p2a: Orion|Umbreon, M|100\/100\n|\n|-heal|p1a: Goodra|80\/100|[from] item: Leftovers\n|upkeep\n|turn|25\n|\n|t:|1699755589\n|move|p2a: Orion|Wish|p2a: Orion\n|move|p1a: Goodra|Heavy Slam|p2a: Orion\n|-damage|p2a: Orion|78\/100\n|\n|-heal|p2a: Orion|84\/100|[from] item: Leftovers\n|-heal|p1a: Goodra|86\/100|[from] item: Leftovers\n|upkeep\n|turn|26\n|\n|t:|1699755596\n|move|p2a: Orion|Foul Play|p1a: Goodra\n|-damage|p1a: Goodra|54\/100\n|move|p1a: Goodra|Dragon Tail|p2a: Orion\n|-damage|p2a: Orion|72\/100\n|drag|p2a: Emerald|Tsareena, F|80\/100\n|\n|-heal|p2a: Emerald|100\/100|[from] move: Wish|[wisher] Orion\n|-heal|p1a: Goodra|60\/100|[from] item: Leftovers\n|upkeep\n|turn|27\n|\n|t:|1699755606\n|move|p2a: Emerald|High Jump Kick|p1a: Goodra|[miss]\n|-miss|p2a: Emerald|p1a: Goodra\n|-damage|p2a: Emerald|50\/100|[from] highjumpkick\n|move|p1a: Goodra|Heavy Slam|p2a: Emerald\n|-damage|p2a: Emerald|12\/100\n|\n|-heal|p1a: Goodra|66\/100|[from] item: Leftovers\n|upkeep\n|turn|28\n|\n|t:|1699755618\n|switch|p2a: Orion|Umbreon, M|72\/100\n|move|p1a: Goodra|Dragon Tail|p2a: Orion|[miss]\n|-miss|p1a: Goodra|p2a: Orion\n|\n|-heal|p2a: Orion|78\/100|[from] item: Leftovers\n|-heal|p1a: Goodra|72\/100|[from] item: Leftovers\n|upkeep\n|turn|29\n|\n|t:|1699755626\n|move|p2a: Orion|Wish|p2a: Orion\n|move|p1a: Goodra|Heavy Slam|p2a: Orion\n|-damage|p2a: Orion|54\/100\n|\n|-heal|p2a: Orion|60\/100|[from] item: Leftovers\n|-heal|p1a: Goodra|78\/100|[from] item: Leftovers\n|upkeep\n|turn|30\n|\n|t:|1699755635\n|move|p2a: Orion|Protect|p2a: Orion\n|-singleturn|p2a: Orion|Protect\n|move|p1a: Goodra|Heavy Slam|p2a: Orion\n|-activate|p2a: Orion|move: Protect\n|\n|-heal|p2a: Orion|100\/100|[from] move: Wish|[wisher] Orion\n|-heal|p1a: Goodra|84\/100|[from] item: Leftovers\n|upkeep\n|turn|31\n|\n|t:|1699755643\n|move|p2a: Orion|Foul Play|p1a: Goodra\n|-damage|p1a: Goodra|55\/100\n|move|p1a: Goodra|Heavy Slam|p2a: Orion\n|-damage|p2a: Orion|75\/100\n|\n|-heal|p2a: Orion|81\/100|[from] item: Leftovers\n|-heal|p1a: Goodra|61\/100|[from] item: Leftovers\n|upkeep\n|turn|32\n|\n|t:|1699755651\n|move|p2a: Orion|Foul Play|p1a: Goodra\n|-damage|p1a: Goodra|30\/100\n|move|p1a: Goodra|Dragon Tail|p2a: Orion\n|-damage|p2a: Orion|69\/100\n|drag|p2a: Cynthia|Garchomp, F|100\/100\n|\n|-heal|p1a: Goodra|36\/100|[from] item: Leftovers\n|upkeep\n|turn|33\n|\n|t:|1699755660\n|move|p2a: Cynthia|Earthquake|p1a: Goodra\n|-supereffective|p1a: Goodra\n|-damage|p1a: Goodra|0 fnt\n|faint|p1a: Goodra\n|\n|upkeep\n|\n|t:|1699755665\n|switch|p1a: Charizard|Charizard, M|77\/100 par\n|turn|34\n|\n|t:|1699755671\n|move|p2a: Cynthia|Scale Shot|p1a: Charizard\n|-damage|p1a: Charizard|59\/100 par\n|-damage|p1a: Charizard|41\/100 par\n|-damage|p1a: Charizard|22\/100 par\n|-damage|p1a: Charizard|4\/100 par\n|-hitcount|p1a: Charizard|4\n|-unboost|p2a: Cynthia|def|1\n|-boost|p2a: Cynthia|spe|1\n|move|p1a: Charizard|Earthquake|p2a: Cynthia\n|-damage|p2a: Cynthia|59\/100\n|\n|upkeep\n|turn|35\n|\n|t:|1699755685\n|move|p2a: Cynthia|Scale Shot|p1a: Charizard\n|-crit|p1a: Charizard\n|-damage|p1a: Charizard|0 fnt\n|faint|p1a: Charizard\n|-hitcount|p1: Charizard|1\n|-unboost|p2a: Cynthia|def|1\n|-boost|p2a: Cynthia|spe|1\n|\n|upkeep\n|\n|t:|1699755693\n|switch|p1a: Dondozo|Dondozo, F|100\/100\n|-damage|p1a: Dondozo|88\/100|[from] Stealth Rock\n|turn|36\n|\n|t:|1699755703\n|move|p2a: Cynthia|Earthquake|p1a: Dondozo\n|-damage|p1a: Dondozo|66\/100\n|move|p1a: Dondozo|Body Press|p2a: Cynthia\n|-damage|p2a: Cynthia|32\/100\n|-damage|p1a: Dondozo|54\/100|[from] ability: Rough Skin|[of] p2a: Cynthia\n|\n|-heal|p1a: Dondozo|60\/100|[from] item: Leftovers\n|upkeep\n|turn|37\n|\n|t:|1699755715\n|move|p2a: Cynthia|Earthquake|p1a: Dondozo\n|-damage|p1a: Dondozo|36\/100\n|move|p1a: Dondozo|Curse|p1a: Dondozo\n|-unboost|p1a: Dondozo|spe|1\n|-boost|p1a: Dondozo|atk|1\n|-boost|p1a: Dondozo|def|1\n|\n|-heal|p1a: Dondozo|42\/100|[from] item: Leftovers\n|upkeep\n|turn|38\n|\n|t:|1699755726\n|move|p2a: Cynthia|Earthquake|p1a: Dondozo\n|-damage|p1a: Dondozo|26\/100\n|move|p1a: Dondozo|Liquidation|p2a: Cynthia\n|-damage|p2a: Cynthia|0 fnt\n|-damage|p1a: Dondozo|14\/100|[from] ability: Rough Skin|[of] p2a: Cynthia\n|faint|p2a: Cynthia\n|\n|-heal|p1a: Dondozo|20\/100|[from] item: Leftovers\n|upkeep\n|\n|t:|1699755736\n|switch|p2a: Emerald|Tsareena, F|12\/100\n|turn|39\n|\n|t:|1699755740\n|move|p2a: Emerald|Power Whip|p1a: Dondozo\n|-supereffective|p1a: Dondozo\n|-damage|p1a: Dondozo|0 fnt\n|faint|p1a: Dondozo\n|\n|win|EeveeLazuli\n","uploadtime":1699755746,"views":56,"p1id":"sahoran","p2id":"eeveelazuli","formatid":"gen9ou","rating":0,"private":0,"password":""}