{"id":"gen9ou-1993959422","p1":"Rhyfinn08","p2":"sgyyds","format":"[Gen 9] OU","log":"|j|\u2606Rhyfinn08\n|j|\u2606sgyyds\n|t:|1700383052\n|gametype|singles\n|player|p1|Rhyfinn08|ninjaboy|1048\n|player|p2|sgyyds|lucas|1000\n|teamsize|p1|6\n|teamsize|p2|6\n|gen|9\n|tier|[Gen 9] OU\n|rated|\n|rule|Sleep Clause Mod: Limit one foe put to sleep\n|rule|Species Clause: Limit one of each Pok\u00e9mon\n|rule|OHKO Clause: OHKO moves are banned\n|rule|Evasion Items Clause: Evasion items are banned\n|rule|Evasion Moves Clause: Evasion moves are banned\n|rule|Endless Battle Clause: Forcing endless battles is banned\n|rule|HP Percentage Mod: HP is shown in percentages\n|clearpoke\n|poke|p1|Slowking-Galar, M|\n|poke|p1|Thundurus-Therian, M|\n|poke|p1|Alomomola, M|\n|poke|p1|Cinderace, F|\n|poke|p1|Iron Valiant|\n|poke|p1|Dragonite, M|\n|poke|p2|Dondozo, M|\n|poke|p2|Goodra-Hisui, M|\n|poke|p2|Clefable, M|\n|poke|p2|Pelipper, M|\n|poke|p2|Greninja-*, M|\n|poke|p2|Volcanion|\n|teampreview\n|inactive|Battle timer is ON: inactive players will automatically lose when time's up. (requested by Rhyfinn08)\n|\n|t:|1700383060\n|start\n|switch|p1a: Thundurus|Thundurus-Therian, M|100\/100\n|switch|p2a: Volcanion|Volcanion|100\/100\n|turn|1\n|\n|t:|1700383071\n|-terastallize|p2a: Volcanion|Fire\n|move|p1a: Thundurus|Volt Switch|p2a: Volcanion\n|-damage|p2a: Volcanion|64\/100\n|\n|t:|1700383078\n|switch|p1a: Slowking|Slowking-Galar, M|100\/100|[from] Volt Switch\n|move|p2a: Volcanion|Will-O-Wisp|p1a: Slowking\n|-status|p1a: Slowking|brn\n|\n|-heal|p2a: Volcanion|70\/100|[from] item: Leftovers\n|-damage|p1a: Slowking|94\/100 brn|[from] brn\n|upkeep\n|turn|2\n|\n|t:|1700383087\n|switch|p2a: Pelipper|Pelipper, M|100\/100\n|-weather|RainDance|[from] ability: Drizzle|[of] p2a: Pelipper\n|move|p1a: Slowking|Yawn|p2a: Pelipper\n|-start|p2a: Pelipper|move: Yawn|[of] p1a: Slowking\n|\n|-weather|RainDance|[upkeep]\n|-damage|p1a: Slowking|88\/100 brn|[from] brn\n|upkeep\n|turn|3\n|\n|t:|1700383097\n|switch|p2a: Volcanion|Volcanion, tera:Fire|70\/100\n|move|p1a: Slowking|Chilly Reception|p1a: Slowking\n|-weather|Snow\n|\n|t:|1700383110\n|switch|p1a: Thundurus|Thundurus-Therian, M|100\/100|[from] Chilly Reception\n|\n|-weather|Snow|[upkeep]\n|-heal|p2a: Volcanion|76\/100|[from] item: Leftovers\n|upkeep\n|turn|4\n|\n|t:|1700383119\n|move|p1a: Thundurus|Volt Switch|p2a: Volcanion\n|-damage|p2a: Volcanion|42\/100\n|\n|t:|1700383123\n|switch|p1a: Slowking|Slowking-Galar, M|100\/100 brn|[from] Volt Switch\n|move|p2a: Volcanion|Weather Ball|p1a: Slowking\n|-damage|p1a: Slowking|82\/100 brn\n|\n|-weather|Snow|[upkeep]\n|-heal|p2a: Volcanion|48\/100|[from] item: Leftovers\n|-damage|p1a: Slowking|76\/100 brn|[from] brn\n|upkeep\n|turn|5\n|\n|t:|1700383132\n|move|p2a: Volcanion|Steam Eruption|p1a: Slowking\n|-damage|p1a: Slowking|47\/100 brn\n|move|p1a: Slowking|Chilly Reception|p1a: Slowking\n|\n|t:|1700383143\n|switch|p1a: Thundurus|Thundurus-Therian, M|100\/100|[from] Chilly Reception\n|\n|-weather|Snow|[upkeep]\n|-heal|p2a: Volcanion|54\/100|[from] item: Leftovers\n|upkeep\n|turn|6\n|\n|t:|1700383158\n|switch|p2a: Pelipper|Pelipper, M|100\/100\n|-weather|RainDance|[from] ability: Drizzle|[of] p2a: Pelipper\n|move|p1a: Thundurus|Thunderbolt|p2a: Pelipper\n|-supereffective|p2a: Pelipper\n|-damage|p2a: Pelipper|0 fnt\n|faint|p2a: Pelipper\n|\n|-weather|RainDance|[upkeep]\n|upkeep\n|\n|t:|1700383171\n|switch|p2a: Goodra|Goodra-Hisui, M|100\/100\n|turn|7\n|\n|t:|1700383176\n|switch|p1a: Slowking|Slowking-Galar, M|80\/100 brn\n|move|p2a: Goodra|Sludge Bomb|p1a: Slowking\n|-resisted|p1a: Slowking\n|-crit|p1a: Slowking\n|-damage|p1a: Slowking|67\/100 brn\n|\n|-weather|RainDance|[upkeep]\n|-damage|p1a: Slowking|61\/100 brn|[from] brn\n|upkeep\n|turn|8\n|\n|t:|1700383184\n|switch|p2a: Greninja|Greninja, M|100\/100\n|move|p1a: Slowking|Yawn|p2a: Greninja\n|-start|p2a: Greninja|move: Yawn|[of] p1a: Slowking\n|\n|-weather|RainDance|[upkeep]\n|-damage|p1a: Slowking|55\/100 brn|[from] brn\n|upkeep\n|turn|9\n|\n|t:|1700383191\n|move|p2a: Greninja|Water Shuriken|p1a: Slowking\n|-damage|p1a: Slowking|47\/100 brn\n|-damage|p1a: Slowking|39\/100 brn\n|-damage|p1a: Slowking|33\/100 brn\n|-hitcount|p1a: Slowking|3\n|move|p1a: Slowking|Slack Off|p1a: Slowking\n|-heal|p1a: Slowking|83\/100 brn\n|\n|-weather|RainDance|[upkeep]\n|-damage|p1a: Slowking|77\/100 brn|[from] brn\n|-end|p2a: Greninja|move: Yawn|[silent]\n|-status|p2a: Greninja|slp\n|upkeep\n|turn|10\n|-message|sgyyds forfeited.\n|\n|win|Rhyfinn08\n|raw|Rhyfinn08's rating: 1048 &rarr; <strong>1076<\/strong><br \/>(+28 for winning)\n|raw|sgyyds's rating: 1000 &rarr; <strong>1000<\/strong><br \/>(+0 for losing)\n|l|\u2606sgyyds\n","uploadtime":1700383205,"views":10,"p1id":"rhyfinn08","p2id":"sgyyds","formatid":"gen9ou","rating":1000,"private":0,"password":""}