{"id":"gen9ou-1990838686","p1":"Genarf","p2":"trevobo","format":"[Gen 9] OU","log":"|j|\u2606Genarf\n|j|\u2606trevobo\n|t:|1700006151\n|gametype|singles\n|player|p1|Genarf|clair|1262\n|player|p2|trevobo|swimmer|1236\n|teamsize|p1|6\n|teamsize|p2|6\n|gen|9\n|tier|[Gen 9] OU\n|rated|\n|rule|Sleep Clause Mod: Limit one foe put to sleep\n|rule|Species Clause: Limit one of each Pok\u00e9mon\n|rule|OHKO Clause: OHKO moves are banned\n|rule|Evasion Items Clause: Evasion items are banned\n|rule|Evasion Moves Clause: Evasion moves are banned\n|rule|Endless Battle Clause: Forcing endless battles is banned\n|rule|HP Percentage Mod: HP is shown in percentages\n|clearpoke\n|poke|p1|Sneasler, F|\n|poke|p1|Rillaboom, M|\n|poke|p1|Dondozo, M|\n|poke|p1|Ribombee, M|\n|poke|p1|Samurott-Hisui, F|\n|poke|p1|Thundurus-Therian, M|\n|poke|p2|Rillaboom, M|\n|poke|p2|Sneasler, M|\n|poke|p2|Pelipper, F|\n|poke|p2|Iron Jugulis|\n|poke|p2|Poliwrath, M|\n|poke|p2|Tornadus, M|\n|teampreview\n|inactive|Battle timer is ON: inactive players will automatically lose when time's up. (requested by Genarf)\n|c|\u2606Genarf|glhf\n|\n|t:|1700006161\n|start\n|switch|p1a: Thundurus|Thundurus-Therian, M|100\/100\n|switch|p2a: Rillaboom|Rillaboom, M|100\/100\n|-fieldstart|move: Grassy Terrain|[from] ability: Grassy Surge|[of] p2a: Rillaboom\n|turn|1\n|\n|t:|1700006171\n|move|p1a: Thundurus|U-turn|p2a: Rillaboom\n|-supereffective|p2a: Rillaboom\n|-damage|p2a: Rillaboom|72\/100\n|\n|t:|1700006178\n|switch|p1a: YaLikeSpeedDrops?|Ribombee, M|100\/100|[from] U-turn\n|move|p2a: Rillaboom|Wood Hammer|p1a: YaLikeSpeedDrops?\n|-resisted|p1a: YaLikeSpeedDrops?\n|-enditem|p1a: YaLikeSpeedDrops?|Focus Sash\n|-damage|p1a: YaLikeSpeedDrops?|1\/100\n|-damage|p2a: Rillaboom|51\/100|[from] Recoil\n|\n|-heal|p1a: YaLikeSpeedDrops?|7\/100|[from] Grassy Terrain\n|-heal|p2a: Rillaboom|57\/100|[from] Grassy Terrain\n|upkeep\n|turn|2\n|\n|t:|1700006191\n|switch|p2a: Sneasler|Sneasler, M|100\/100\n|-enditem|p2a: Sneasler|Grassy Seed\n|-boost|p2a: Sneasler|def|1|[from] item: Grassy Seed\n|move|p1a: YaLikeSpeedDrops?|Sticky Web|p2a: Sneasler\n|-sidestart|p2: trevobo|move: Sticky Web\n|\n|-heal|p1a: YaLikeSpeedDrops?|13\/100|[from] Grassy Terrain\n|upkeep\n|turn|3\n|\n|t:|1700006199\n|move|p2a: Sneasler|Swords Dance|p2a: Sneasler\n|-boost|p2a: Sneasler|atk|2\n|move|p1a: YaLikeSpeedDrops?|Moonblast|p2a: Sneasler\n|-damage|p2a: Sneasler|43\/100\n|-unboost|p2a: Sneasler|spa|1\n|\n|-heal|p2a: Sneasler|49\/100|[from] Grassy Terrain\n|-heal|p1a: YaLikeSpeedDrops?|19\/100|[from] Grassy Terrain\n|upkeep\n|turn|4\n|\n|t:|1700006209\n|move|p2a: Sneasler|Fire Punch|p1a: YaLikeSpeedDrops?\n|-supereffective|p1a: YaLikeSpeedDrops?\n|-damage|p1a: YaLikeSpeedDrops?|0 fnt\n|faint|p1a: YaLikeSpeedDrops?\n|\n|-heal|p2a: Sneasler|54\/100|[from] Grassy Terrain\n|upkeep\n|\n|t:|1700006230\n|switch|p1a: Donkey Kong|Rillaboom, M|100\/100\n|turn|5\n|\n|t:|1700006242\n|switch|p1a: DonBOZO|Dondozo, M|100\/100\n|move|p2a: Sneasler|Acrobatics|p1a: DonBOZO\n|-damage|p1a: DonBOZO|82\/100\n|\n|-heal|p2a: Sneasler|60\/100|[from] Grassy Terrain\n|-heal|p1a: DonBOZO|88\/100|[from] Grassy Terrain\n|-heal|p1a: DonBOZO|95\/100|[from] item: Leftovers\n|-fieldend|move: Grassy Terrain\n|upkeep\n|turn|6\n|\n|t:|1700006260\n|move|p2a: Sneasler|Close Combat|p1a: DonBOZO\n|-damage|p1a: DonBOZO|65\/100\n|-unboost|p2a: Sneasler|def|1\n|-unboost|p2a: Sneasler|spd|1\n|move|p1a: DonBOZO|Curse|p1a: DonBOZO\n|-unboost|p1a: DonBOZO|spe|1\n|-boost|p1a: DonBOZO|atk|1\n|-boost|p1a: DonBOZO|def|1\n|\n|-heal|p1a: DonBOZO|71\/100|[from] item: Leftovers\n|upkeep\n|turn|7\n|\n|t:|1700006273\n|switch|p2a: Tornadus|Tornadus, M|100\/100\n|move|p1a: DonBOZO|Waterfall|p2a: Tornadus\n|-damage|p2a: Tornadus|39\/100\n|\n|-heal|p1a: DonBOZO|77\/100|[from] item: Leftovers\n|upkeep\n|turn|8\n|\n|t:|1700006280\n|move|p2a: Tornadus|Sludge Bomb|p1a: DonBOZO\n|-damage|p1a: DonBOZO|48\/100\n|move|p1a: DonBOZO|Waterfall|p2a: Tornadus\n|-damage|p2a: Tornadus|0 fnt\n|faint|p2a: Tornadus\n|\n|-heal|p1a: DonBOZO|54\/100|[from] item: Leftovers\n|upkeep\n|\n|t:|1700006288\n|switch|p2a: Iron Jugulis|Iron Jugulis|100\/100\n|-enditem|p2a: Iron Jugulis|Booster Energy\n|-activate|p2a: Iron Jugulis|ability: Quark Drive|[fromitem]\n|-start|p2a: Iron Jugulis|quarkdrivespe\n|turn|9\n|\n|t:|1700006293\n|move|p2a: Iron Jugulis|Dark Pulse|p1a: DonBOZO\n|-damage|p1a: DonBOZO|14\/100\n|move|p1a: DonBOZO|Waterfall|p2a: Iron Jugulis\n|-damage|p2a: Iron Jugulis|53\/100\n|\n|-heal|p1a: DonBOZO|20\/100|[from] item: Leftovers\n|upkeep\n|turn|10\n|\n|t:|1700006308\n|switch|p1a: Bearded Lady|Samurott-Hisui, F|100\/100\n|move|p2a: Iron Jugulis|Dark Pulse|p1a: Bearded Lady\n|-resisted|p1a: Bearded Lady\n|-crit|p1a: Bearded Lady\n|-damage|p1a: Bearded Lady|56\/100\n|\n|upkeep\n|turn|11\n|\n|t:|1700006314\n|move|p1a: Bearded Lady|Aqua Jet|p2a: Iron Jugulis\n|-damage|p2a: Iron Jugulis|32\/100\n|move|p2a: Iron Jugulis|Hurricane|p1a: Bearded Lady|[miss]\n|-miss|p2a: Iron Jugulis|p1a: Bearded Lady\n|\n|upkeep\n|turn|12\n|\n|t:|1700006318\n|move|p1a: Bearded Lady|Aqua Jet|p2a: Iron Jugulis\n|-damage|p2a: Iron Jugulis|10\/100\n|move|p2a: Iron Jugulis|Hurricane|p1a: Bearded Lady\n|-damage|p1a: Bearded Lady|0 fnt\n|faint|p1a: Bearded Lady\n|\n|upkeep\n|\n|t:|1700006327\n|switch|p1a: Donkey Kong|Rillaboom, M|100\/100\n|-fieldstart|move: Grassy Terrain|[from] ability: Grassy Surge|[of] p1a: Donkey Kong\n|turn|13\n|\n|t:|1700006331\n|move|p1a: Donkey Kong|Grassy Glide|p2a: Iron Jugulis\n|-resisted|p2a: Iron Jugulis\n|-damage|p2a: Iron Jugulis|0 fnt\n|faint|p2a: Iron Jugulis\n|-end|p2a: Iron Jugulis|Quark Drive|[silent]\n|\n|upkeep\n|\n|t:|1700006338\n|switch|p2a: Pelipper|Pelipper, F|100\/100\n|-weather|RainDance|[from] ability: Drizzle|[of] p2a: Pelipper\n|turn|14\n|\n|t:|1700006343\n|move|p1a: Donkey Kong|Grassy Glide|p2a: Pelipper\n|-damage|p2a: Pelipper|42\/100\n|move|p2a: Pelipper|Hurricane|p1a: Donkey Kong\n|-supereffective|p1a: Donkey Kong\n|-damage|p1a: Donkey Kong|0 fnt\n|faint|p1a: Donkey Kong\n|\n|-weather|RainDance|[upkeep]\n|upkeep\n|\n|t:|1700006355\n|switch|p1a: PressAtoSneas|Sneasler, F|100\/100\n|-enditem|p1a: PressAtoSneas|Grassy Seed\n|-boost|p1a: PressAtoSneas|def|1|[from] item: Grassy Seed\n|turn|15\n|\n|t:|1700006362\n|-terastallize|p1a: PressAtoSneas|Flying\n|move|p1a: PressAtoSneas|Acrobatics|p2a: Pelipper\n|-damage|p2a: Pelipper|0 fnt\n|faint|p2a: Pelipper\n|\n|-weather|RainDance|[upkeep]\n|upkeep\n|inactive|trevobo has 120 seconds left.\n|\n|t:|1700006393\n|switch|p2a: Poliwrath|Poliwrath, M|100\/100\n|-activate|p2a: Poliwrath|move: Sticky Web\n|-unboost|p2a: Poliwrath|spe|1\n|turn|16\n|\n|t:|1700006400\n|-terastallize|p2a: Poliwrath|Poison\n|move|p1a: PressAtoSneas|Acrobatics|p2a: Poliwrath\n|-damage|p2a: Poliwrath|35\/100\n|-enditem|p2a: Poliwrath|Sitrus Berry|[eat]\n|-heal|p2a: Poliwrath|60\/100|[from] item: Sitrus Berry\n|move|p2a: Poliwrath|Belly Drum|p2a: Poliwrath\n|-damage|p2a: Poliwrath|10\/100\n|-setboost|p2a: Poliwrath|atk|6|[from] move: Belly Drum\n|\n|-weather|RainDance|[upkeep]\n|-heal|p2a: Poliwrath|16\/100|[from] Grassy Terrain\n|upkeep\n|turn|17\n|-message|trevobo forfeited.\n|\n|win|Genarf\n|raw|Genarf's rating: 1262 &rarr; <strong>1285<\/strong><br \/>(+23 for winning)\n|raw|trevobo's rating: 1236 &rarr; <strong>1213<\/strong><br \/>(-23 for losing)\n|l|\u2606trevobo\n","uploadtime":1700006443,"views":19,"p1id":"genarf","p2id":"trevobo","formatid":"gen9ou","rating":1213,"private":0,"password":""}