{"id":"gen9ou-1992557235","p1":"ouzd king bandit","p2":"Redribbonrenegade","format":"[Gen 9] OU","log":"|j|\u2606ouzd king bandit\n|j|\u2606Redribbonrenegade\n|t:|1700205309\n|gametype|singles\n|player|p1|ouzd king bandit|169|1515\n|player|p2|Redribbonrenegade|marshal|1503\n|teamsize|p1|6\n|teamsize|p2|6\n|gen|9\n|tier|[Gen 9] OU\n|rated|\n|rule|Sleep Clause Mod: Limit one foe put to sleep\n|rule|Species Clause: Limit one of each Pok\u00e9mon\n|rule|OHKO Clause: OHKO moves are banned\n|rule|Evasion Items Clause: Evasion items are banned\n|rule|Evasion Moves Clause: Evasion moves are banned\n|rule|Endless Battle Clause: Forcing endless battles is banned\n|rule|HP Percentage Mod: HP is shown in percentages\n|clearpoke\n|poke|p1|Brambleghast, M|\n|poke|p1|Enamorus, F|\n|poke|p1|Kingambit, M|\n|poke|p1|Dragapult, F|\n|poke|p1|Ogerpon, F|\n|poke|p1|Kleavor, F|\n|poke|p2|Ursaluna, M|\n|poke|p2|Volcanion|\n|poke|p2|Garganacl, F|\n|poke|p2|Sinistcha-Masterpiece|\n|poke|p2|Cresselia, F|\n|poke|p2|Weezing-Galar, M|\n|teampreview\n|\n|t:|1700205329\n|start\n|switch|p1a: Brambleghast|Brambleghast, M|100\/100\n|switch|p2a: Chi-Chi \ud83c\udf75|Sinistcha-Masterpiece, shiny|100\/100\n|turn|1\n|\n|t:|1700205341\n|switch|p2a: Forge \ud83d\ude82|Volcanion|100\/100\n|move|p1a: Brambleghast|Spikes|p2a: Forge \ud83d\ude82\n|-sidestart|p2: Redribbonrenegade|Spikes\n|\n|upkeep\n|turn|2\n|\n|t:|1700205349\n|move|p1a: Brambleghast|Bullet Seed|p2a: Forge \ud83d\ude82\n|-damage|p2a: Forge \ud83d\ude82|91\/100\n|-damage|p2a: Forge \ud83d\ude82|82\/100\n|-damage|p2a: Forge \ud83d\ude82|71\/100\n|-damage|p2a: Forge \ud83d\ude82|61\/100\n|-hitcount|p2a: Forge \ud83d\ude82|4\n|move|p2a: Forge \ud83d\ude82|Flamethrower|p1a: Brambleghast\n|-supereffective|p1a: Brambleghast\n|-damage|p1a: Brambleghast|0 fnt\n|faint|p1a: Brambleghast\n|\n|upkeep\n|\n|t:|1700205356\n|switch|p1a: Kleavor|Kleavor, F|100\/100\n|turn|3\n|\n|t:|1700205363\n|-terastallize|p2a: Forge \ud83d\ude82|Ground\n|move|p1a: Kleavor|Rock Slide|p2a: Forge \ud83d\ude82|[miss]\n|-miss|p1a: Kleavor|p2a: Forge \ud83d\ude82\n|move|p2a: Forge \ud83d\ude82|Steam Eruption|p1a: Kleavor\n|-supereffective|p1a: Kleavor\n|-damage|p1a: Kleavor|0 fnt\n|faint|p1a: Kleavor\n|\n|upkeep\n|\n|t:|1700205367\n|switch|p1a: Ogerpon|Ogerpon, F|100\/100\n|turn|4\n|\n|t:|1700205374\n|switch|p1a: Kingambit|Kingambit, M|100\/100\n|-activate|p1a: Kingambit|ability: Supreme Overlord\n|-start|p1a: Kingambit|fallen2|[silent]\n|switch|p2a: Chi-Chi \ud83c\udf75|Sinistcha-Masterpiece, shiny|100\/100\n|\n|upkeep\n|turn|5\n|\n|t:|1700205382\n|move|p2a: Chi-Chi \ud83c\udf75|Iron Defense|p2a: Chi-Chi \ud83c\udf75\n|-boost|p2a: Chi-Chi \ud83c\udf75|def|2\n|move|p1a: Kingambit|Kowtow Cleave|p2a: Chi-Chi \ud83c\udf75\n|-supereffective|p2a: Chi-Chi \ud83c\udf75\n|-damage|p2a: Chi-Chi \ud83c\udf75|39\/100\n|-damage|p1a: Kingambit|91\/100|[from] item: Life Orb\n|\n|upkeep\n|turn|6\n|\n|t:|1700205387\n|-end|p1a: Kingambit|fallen2|[silent]\n|switch|p1a: Enamorus|Enamorus, F|100\/100\n|move|p2a: Chi-Chi \ud83c\udf75|Strength Sap|p1a: Enamorus\n|-boost|p1a: Enamorus|atk|1\n|-heal|p2a: Chi-Chi \ud83c\udf75|99\/100\n|\n|upkeep\n|turn|7\n|\n|t:|1700205399\n|switch|p2a: Kim Joe Un \u26f0\ufe0f|Ursaluna, M, shiny|100\/100\n|-damage|p2a: Kim Joe Un \u26f0\ufe0f|88\/100|[from] Spikes\n|move|p1a: Enamorus|Taunt|p2a: Kim Joe Un \u26f0\ufe0f\n|-start|p2a: Kim Joe Un \u26f0\ufe0f|move: Taunt\n|\n|upkeep\n|turn|8\n|\n|t:|1700205404\n|switch|p1a: Ogerpon|Ogerpon, F|100\/100\n|move|p2a: Kim Joe Un \u26f0\ufe0f|Avalanche|p1a: Ogerpon\n|-supereffective|p1a: Ogerpon\n|-damage|p1a: Ogerpon|35\/100\n|\n|upkeep\n|turn|9\n|j| Lucrodium\n|\n|t:|1700205411\n|switch|p2a: Gibson \ud83d\udd74\ufe0f|Weezing-Galar, M|100\/100\n|move|p1a: Ogerpon|Ivy Cudgel|p2a: Gibson \ud83d\udd74\ufe0f\n|-resisted|p2a: Gibson \ud83d\udd74\ufe0f\n|-damage|p2a: Gibson \ud83d\udd74\ufe0f|83\/100\n|\n|-heal|p2a: Gibson \ud83d\udd74\ufe0f|89\/100|[from] item: Leftovers\n|upkeep\n|turn|10\n|\n|t:|1700205422\n|move|p1a: Ogerpon|Ivy Cudgel|p2a: Gibson \ud83d\udd74\ufe0f\n|-resisted|p2a: Gibson \ud83d\udd74\ufe0f\n|-damage|p2a: Gibson \ud83d\udd74\ufe0f|71\/100\n|move|p2a: Gibson \ud83d\udd74\ufe0f|Clear Smog|p1a: Ogerpon\n|-supereffective|p1a: Ogerpon\n|-damage|p1a: Ogerpon|0 fnt\n|-clearboost|p1a: Ogerpon\n|faint|p1a: Ogerpon\n|\n|-heal|p2a: Gibson \ud83d\udd74\ufe0f|77\/100|[from] item: Leftovers\n|upkeep\n|\n|t:|1700205424\n|switch|p1a: Kingambit|Kingambit, M|91\/100\n|-activate|p1a: Kingambit|ability: Supreme Overlord\n|-start|p1a: Kingambit|fallen3|[silent]\n|turn|11\n|\n|t:|1700205433\n|switch|p2a: Chi-Chi \ud83c\udf75|Sinistcha-Masterpiece, shiny|99\/100\n|move|p1a: Kingambit|Iron Head|p2a: Chi-Chi \ud83c\udf75\n|-damage|p2a: Chi-Chi \ud83c\udf75|40\/100\n|-damage|p1a: Kingambit|81\/100|[from] item: Life Orb\n|\n|upkeep\n|turn|12\n|\n|t:|1700205442\n|-end|p1a: Kingambit|fallen3|[silent]\n|switch|p1a: Dragapult|Dragapult, F|100\/100\n|move|p2a: Chi-Chi \ud83c\udf75|Strength Sap|p1a: Dragapult\n|-fail|p1a: Dragapult|unboost|[from] ability: Clear Body|[of] p1a: Dragapult\n|-heal|p2a: Chi-Chi \ud83c\udf75|100\/100\n|\n|upkeep\n|turn|13\n|\n|t:|1700205448\n|switch|p2a: Wojbomb \ud83d\udce0|Garganacl, F|100\/100\n|-damage|p2a: Wojbomb \ud83d\udce0|88\/100|[from] Spikes\n|move|p1a: Dragapult|Dragon Dance|p1a: Dragapult\n|-boost|p1a: Dragapult|atk|1\n|-boost|p1a: Dragapult|spe|1\n|\n|upkeep\n|turn|14\n|\n|t:|1700205455\n|-terastallize|p1a: Dragapult|Dragon\n|move|p1a: Dragapult|Dragon Darts|p2a: Wojbomb \ud83d\udce0\n|-damage|p2a: Wojbomb \ud83d\udce0|53\/100\n|-anim|p1a: Dragapult|Dragon Darts|p2a: Wojbomb \ud83d\udce0\n|-damage|p2a: Wojbomb \ud83d\udce0|20\/100\n|move|p2a: Wojbomb \ud83d\udce0|Salt Cure|p1a: Dragapult\n|-damage|p1a: Dragapult|83\/100\n|-start|p1a: Dragapult|Salt Cure\n|\n|-damage|p1a: Dragapult|71\/100|[from] Salt Cure\n|upkeep\n|turn|15\n|\n|t:|1700205463\n|move|p1a: Dragapult|Dragon Darts|p2a: Wojbomb \ud83d\udce0\n|-damage|p2a: Wojbomb \ud83d\udce0|0 fnt\n|faint|p2a: Wojbomb \ud83d\udce0\n|\n|-damage|p1a: Dragapult|59\/100|[from] Salt Cure\n|upkeep\n|\n|t:|1700205477\n|switch|p2a: Gibson \ud83d\udd74\ufe0f|Weezing-Galar, M|77\/100\n|turn|16\n|\n|t:|1700205484\n|switch|p1a: Enamorus|Enamorus, F|100\/100\n|move|p2a: Gibson \ud83d\udd74\ufe0f|Clear Smog|p1a: Enamorus\n|-supereffective|p1a: Enamorus\n|-damage|p1a: Enamorus|55\/100\n|-clearboost|p1a: Enamorus\n|\n|-heal|p2a: Gibson \ud83d\udd74\ufe0f|83\/100|[from] item: Leftovers\n|upkeep\n|turn|17\n|\n|t:|1700205495\n|move|p1a: Enamorus|Misty Explosion|p2a: Gibson \ud83d\udd74\ufe0f\n|-resisted|p2a: Gibson \ud83d\udd74\ufe0f\n|-damage|p2a: Gibson \ud83d\udd74\ufe0f|36\/100\n|faint|p1a: Enamorus\n|move|p2a: Gibson \ud83d\udd74\ufe0f|Clear Smog|p1: Enamorus|[notarget]\n|-fail|p2a: Gibson \ud83d\udd74\ufe0f\n|\n|-heal|p2a: Gibson \ud83d\udd74\ufe0f|42\/100|[from] item: Leftovers\n|upkeep\n|\n|t:|1700205497\n|switch|p1a: Kingambit|Kingambit, M|81\/100\n|-activate|p1a: Kingambit|ability: Supreme Overlord\n|-start|p1a: Kingambit|fallen4|[silent]\n|turn|18\n|\n|t:|1700205501\n|move|p1a: Kingambit|Iron Head|p2a: Gibson \ud83d\udd74\ufe0f\n|-supereffective|p2a: Gibson \ud83d\udd74\ufe0f\n|-damage|p2a: Gibson \ud83d\udd74\ufe0f|0 fnt\n|faint|p2a: Gibson \ud83d\udd74\ufe0f\n|-damage|p1a: Kingambit|71\/100|[from] item: Life Orb\n|\n|upkeep\n|\n|t:|1700205507\n|switch|p2a: Forge \ud83d\ude82|Volcanion, tera:Ground|61\/100\n|-damage|p2a: Forge \ud83d\ude82|49\/100|[from] Spikes\n|turn|19\n|\n|t:|1700205512\n|move|p1a: Kingambit|Sucker Punch|p2a: Forge \ud83d\ude82\n|-crit|p2a: Forge \ud83d\ude82\n|-damage|p2a: Forge \ud83d\ude82|0 fnt\n|faint|p2a: Forge \ud83d\ude82\n|-damage|p1a: Kingambit|61\/100|[from] item: Life Orb\n|\n|upkeep\n|\n|t:|1700205521\n|switch|p2a: Chi-Chi \ud83c\udf75|Sinistcha-Masterpiece, shiny|100\/100\n|turn|20\n|\n|t:|1700205526\n|-end|p1a: Kingambit|fallen4|[silent]\n|switch|p1a: Dragapult|Dragapult, F, tera:Dragon|59\/100\n|move|p2a: Chi-Chi \ud83c\udf75|Iron Defense|p2a: Chi-Chi \ud83c\udf75\n|-boost|p2a: Chi-Chi \ud83c\udf75|def|2\n|\n|upkeep\n|turn|21\n|\n|t:|1700205532\n|move|p1a: Dragapult|Dragon Dance|p1a: Dragapult\n|-boost|p1a: Dragapult|atk|1\n|-boost|p1a: Dragapult|spe|1\n|move|p2a: Chi-Chi \ud83c\udf75|Iron Defense|p2a: Chi-Chi \ud83c\udf75\n|-boost|p2a: Chi-Chi \ud83c\udf75|def|2\n|\n|upkeep\n|turn|22\n|\n|t:|1700205534\n|move|p1a: Dragapult|Dragon Dance|p1a: Dragapult\n|-boost|p1a: Dragapult|atk|1\n|-boost|p1a: Dragapult|spe|1\n|move|p2a: Chi-Chi \ud83c\udf75|Strength Sap||[still]\n|-fail|p1a: Dragapult|unboost|[from] ability: Clear Body|[of] p1a: Dragapult\n|-fail|p2a: Chi-Chi \ud83c\udf75\n|\n|upkeep\n|turn|23\n|\n|t:|1700205549\n|move|p1a: Dragapult|Dragon Darts|p2a: Chi-Chi \ud83c\udf75\n|-damage|p2a: Chi-Chi \ud83c\udf75|82\/100\n|-anim|p1a: Dragapult|Dragon Darts|p2a: Chi-Chi \ud83c\udf75\n|-damage|p2a: Chi-Chi \ud83c\udf75|66\/100\n|move|p2a: Chi-Chi \ud83c\udf75|Iron Defense|p2a: Chi-Chi \ud83c\udf75\n|-boost|p2a: Chi-Chi \ud83c\udf75|def|2\n|\n|upkeep\n|turn|24\n|\n|t:|1700205553\n|move|p1a: Dragapult|Dragon Dance|p1a: Dragapult\n|-boost|p1a: Dragapult|atk|1\n|-boost|p1a: Dragapult|spe|1\n|move|p2a: Chi-Chi \ud83c\udf75|Matcha Gotcha|p1a: Dragapult\n|-resisted|p1a: Dragapult\n|-damage|p1a: Dragapult|36\/100\n|-heal|p2a: Chi-Chi \ud83c\udf75|76\/100|[from] drain|[of] p1a: Dragapult\n|\n|upkeep\n|turn|25\n|\n|t:|1700205557\n|move|p1a: Dragapult|Dragon Darts|p2a: Chi-Chi \ud83c\udf75\n|-damage|p2a: Chi-Chi \ud83c\udf75|59\/100\n|-anim|p1a: Dragapult|Dragon Darts|p2a: Chi-Chi \ud83c\udf75\n|-damage|p2a: Chi-Chi \ud83c\udf75|43\/100\n|move|p2a: Chi-Chi \ud83c\udf75|Matcha Gotcha|p1a: Dragapult\n|-resisted|p1a: Dragapult\n|-damage|p1a: Dragapult|14\/100\n|-heal|p2a: Chi-Chi \ud83c\udf75|53\/100|[from] drain|[of] p1a: Dragapult\n|\n|upkeep\n|turn|26\n|\n|t:|1700205567\n|move|p1a: Dragapult|Dragon Dance|p1a: Dragapult\n|-boost|p1a: Dragapult|atk|1\n|-boost|p1a: Dragapult|spe|1\n|move|p2a: Chi-Chi \ud83c\udf75|Matcha Gotcha|p1a: Dragapult\n|-resisted|p1a: Dragapult\n|-damage|p1a: Dragapult|0 fnt\n|-heal|p2a: Chi-Chi \ud83c\udf75|59\/100|[from] drain|[of] p1a: Dragapult\n|faint|p1a: Dragapult\n|\n|upkeep\n|\n|t:|1700205569\n|switch|p1a: Kingambit|Kingambit, M|61\/100\n|-activate|p1a: Kingambit|ability: Supreme Overlord\n|-start|p1a: Kingambit|fallen5|[silent]\n|turn|27\n|\n|t:|1700205573\n|move|p2a: Chi-Chi \ud83c\udf75|Matcha Gotcha|p1a: Kingambit\n|-resisted|p1a: Kingambit\n|-damage|p1a: Kingambit|41\/100\n|-heal|p2a: Chi-Chi \ud83c\udf75|69\/100|[from] drain|[of] p1a: Kingambit\n|move|p1a: Kingambit|Kowtow Cleave|p2a: Chi-Chi \ud83c\udf75\n|-supereffective|p2a: Chi-Chi \ud83c\udf75\n|-crit|p2a: Chi-Chi \ud83c\udf75\n|-damage|p2a: Chi-Chi \ud83c\udf75|0 fnt\n|faint|p2a: Chi-Chi \ud83c\udf75\n|-damage|p1a: Kingambit|31\/100|[from] item: Life Orb\n|\n|upkeep\n|\n|t:|1700205582\n|switch|p2a: Kim Joe Un \u26f0\ufe0f|Ursaluna, M, shiny|88\/100\n|-damage|p2a: Kim Joe Un \u26f0\ufe0f|76\/100|[from] Spikes\n|turn|28\n|\n|t:|1700205602\n|move|p1a: Kingambit|Kowtow Cleave|p2a: Kim Joe Un \u26f0\ufe0f\n|-damage|p2a: Kim Joe Un \u26f0\ufe0f|0 fnt\n|faint|p2a: Kim Joe Un \u26f0\ufe0f\n|-damage|p1a: Kingambit|21\/100|[from] item: Life Orb\n|\n|upkeep\n|\n|t:|1700205605\n|switch|p2a: Rennala \ud83c\udf19|Cresselia, F|100\/100\n|turn|29\n|\n|t:|1700205608\n|move|p2a: Rennala \ud83c\udf19|Moonblast|p1a: Kingambit\n|-damage|p1a: Kingambit|0 fnt\n|faint|p1a: Kingambit\n|-end|p1a: Kingambit|fallen5|[silent]\n|\n|win|Redribbonrenegade\n|raw|ouzd king bandit's rating: 1515 &rarr; <strong>1494<\/strong><br \/>(-21 for losing)\n|raw|Redribbonrenegade's rating: 1503 &rarr; <strong>1524<\/strong><br \/>(+21 for winning)\n","uploadtime":1700205622,"views":17,"p1id":"ouzdkingbandit","p2id":"redribbonrenegade","formatid":"gen9ou","rating":1494,"private":0,"password":""}