{"id":"gen9ou-1997421720","p1":"Him1623","p2":"Joker040921","format":"[Gen 9] OU","log":"|j|\u2606Him1623\n|j|\u2606Joker040921\n|t:|1700802529\n|gametype|singles\n|player|p1|Him1623|ghetsis-gen5bw|1243\n|player|p2|Joker040921|cynthia-gen7|1145\n|teamsize|p1|6\n|teamsize|p2|6\n|gen|9\n|tier|[Gen 9] OU\n|rated|\n|rule|Sleep Clause Mod: Limit one foe put to sleep\n|rule|Species Clause: Limit one of each Pok\u00e9mon\n|rule|OHKO Clause: OHKO moves are banned\n|rule|Evasion Items Clause: Evasion items are banned\n|rule|Evasion Moves Clause: Evasion moves are banned\n|rule|Endless Battle Clause: Forcing endless battles is banned\n|rule|HP Percentage Mod: HP is shown in percentages\n|clearpoke\n|poke|p1|Iron Moth|\n|poke|p1|Kommo-o, F|\n|poke|p1|Ninetales-Alola, F|\n|poke|p1|Hatterene, F|\n|poke|p1|Kingambit, F|\n|poke|p1|Great Tusk|\n|poke|p2|Great Tusk|\n|poke|p2|Iron Valiant|\n|poke|p2|Glimmora, F|\n|poke|p2|Gholdengo|\n|poke|p2|Moltres|\n|poke|p2|Sandy Shocks|\n|teampreview\n|inactive|Battle timer is ON: inactive players will automatically lose when time's up. (requested by Him1623)\n|\n|t:|1700802538\n|start\n|switch|p1a: Ninetales|Ninetales-Alola, F|100\/100\n|switch|p2a: Sandy Shocks|Sandy Shocks|100\/100\n|-weather|Snow|[from] ability: Snow Warning|[of] p1a: Ninetales\n|-enditem|p2a: Sandy Shocks|Booster Energy\n|-activate|p2a: Sandy Shocks|ability: Protosynthesis|[fromitem]\n|-start|p2a: Sandy Shocks|protosynthesisspe\n|turn|1\n|\n|t:|1700802541\n|move|p2a: Sandy Shocks|Sunny Day|p2a: Sandy Shocks\n|-weather|SunnyDay\n|move|p1a: Ninetales|Encore|p2a: Sandy Shocks\n|-start|p2a: Sandy Shocks|Encore\n|\n|-weather|SunnyDay|[upkeep]\n|upkeep\n|turn|2\n|\n|t:|1700802547\n|-end|p2a: Sandy Shocks|Protosynthesis|[silent]\n|switch|p2a: Gholdengo|Gholdengo|100\/100\n|move|p1a: Ninetales|Aurora Veil||[still]\n|-fail|p1a: Ninetales\n|\n|-weather|SunnyDay|[upkeep]\n|upkeep\n|turn|3\n|\n|t:|1700802569\n|switch|p1a: Iron Moth|Iron Moth|100\/100\n|-enditem|p1a: Iron Moth|Booster Energy\n|-activate|p1a: Iron Moth|ability: Quark Drive|[fromitem]\n|-start|p1a: Iron Moth|quarkdrivespe\n|move|p2a: Gholdengo|Thunder Wave|p1a: Iron Moth|[miss]\n|-miss|p2a: Gholdengo|p1a: Iron Moth\n|\n|-weather|SunnyDay|[upkeep]\n|upkeep\n|turn|4\n|c|\u2606Him1623|bad luck\n|\n|t:|1700802588\n|switch|p2a: Great Tusk|Great Tusk|100\/100\n|-activate|p2a: Great Tusk|ability: Protosynthesis\n|-start|p2a: Great Tusk|protosynthesisatk\n|move|p1a: Iron Moth|Fiery Dance|p2a: Great Tusk\n|-damage|p2a: Great Tusk|50\/100\n|\n|-weather|SunnyDay|[upkeep]\n|upkeep\n|turn|5\n|\n|t:|1700802600\n|-terastallize|p2a: Great Tusk|Water\n|move|p1a: Iron Moth|Dazzling Gleam|p2a: Great Tusk\n|-damage|p2a: Great Tusk|25\/100\n|move|p2a: Great Tusk|Earthquake|p1a: Iron Moth\n|-supereffective|p1a: Iron Moth\n|-damage|p1a: Iron Moth|0 fnt\n|faint|p1a: Iron Moth\n|-end|p1a: Iron Moth|Quark Drive|[silent]\n|\n|-weather|none\n|-end|p2a: Great Tusk|Protosynthesis\n|upkeep\n|\n|t:|1700802607\n|switch|p1a: Ninetales|Ninetales-Alola, F|100\/100\n|-weather|Snow|[from] ability: Snow Warning|[of] p1a: Ninetales\n|turn|6\n|\n|t:|1700802612\n|move|p1a: Ninetales|Aurora Veil|p1a: Ninetales\n|-sidestart|p1: Him1623|move: Aurora Veil\n|move|p2a: Great Tusk|Brick Break|p1a: Ninetales\n|-sideend|p1: Him1623|move: Aurora Veil\n|-damage|p1a: Ninetales|66\/100\n|\n|-weather|Snow|[upkeep]\n|upkeep\n|turn|7\n|\n|t:|1700802619\n|move|p1a: Ninetales|Hypnosis|p2a: Great Tusk|[miss]\n|-miss|p1a: Ninetales|p2a: Great Tusk\n|move|p2a: Great Tusk|Brick Break|p1a: Ninetales\n|-damage|p1a: Ninetales|30\/100\n|\n|-weather|Snow|[upkeep]\n|upkeep\n|turn|8\n|\n|t:|1700802624\n|-end|p2a: Great Tusk|Protosynthesis|[silent]\n|switch|p2a: Gholdengo|Gholdengo|100\/100\n|move|p1a: Ninetales|Hypnosis|p2a: Gholdengo\n|-immune|p2a: Gholdengo|[from] ability: Good as Gold\n|\n|-weather|Snow|[upkeep]\n|upkeep\n|turn|9\n|\n|t:|1700802635\n|move|p1a: Ninetales|Aurora Veil|p1a: Ninetales\n|-sidestart|p1: Him1623|move: Aurora Veil\n|move|p2a: Gholdengo|Make It Rain|p1a: Ninetales\n|-supereffective|p1a: Ninetales\n|-damage|p1a: Ninetales|0 fnt\n|-unboost|p2a: Gholdengo|spa|1\n|faint|p1a: Ninetales\n|\n|-weather|Snow|[upkeep]\n|upkeep\n|\n|t:|1700802641\n|switch|p1a: Kommo-o|Kommo-o, F|100\/100\n|turn|10\n|\n|t:|1700802647\n|move|p1a: Kommo-o|Clangorous Soul|p1a: Kommo-o\n|-boost|p1a: Kommo-o|atk|1\n|-boost|p1a: Kommo-o|def|1\n|-boost|p1a: Kommo-o|spa|1\n|-boost|p1a: Kommo-o|spd|1\n|-boost|p1a: Kommo-o|spe|1\n|-damage|p1a: Kommo-o|68\/100\n|-enditem|p1a: Kommo-o|Throat Spray\n|-boost|p1a: Kommo-o|spa|1|[from] item: Throat Spray\n|move|p2a: Gholdengo|Thunder Wave|p1a: Kommo-o\n|-status|p1a: Kommo-o|par\n|\n|-weather|none\n|upkeep\n|turn|11\n|\n|t:|1700802664\n|switch|p2a: Moltres|Moltres|100\/100\n|move|p1a: Kommo-o|Flamethrower|p2a: Moltres\n|-resisted|p2a: Moltres\n|-damage|p2a: Moltres|72\/100\n|\n|upkeep\n|turn|12\n|\n|t:|1700802673\n|-terastallize|p1a: Kommo-o|Normal\n|move|p2a: Moltres|Hurricane|p1a: Kommo-o\n|-damage|p1a: Kommo-o|47\/100 par\n|move|p1a: Kommo-o|Boomburst|p2a: Moltres\n|-damage|p2a: Moltres|0 fnt\n|faint|p2a: Moltres\n|\n|upkeep\n|inactive|Joker040921 has 120 seconds left.\n|inactive|Joker040921 has 90 seconds left.\n|\n|t:|1700802744\n|switch|p2a: Great Tusk|Great Tusk, tera:Water|25\/100\n|turn|13\n|\n|t:|1700802756\n|move|p1a: Kommo-o|Boomburst|p2a: Great Tusk\n|-damage|p2a: Great Tusk|0 fnt\n|faint|p2a: Great Tusk\n|-end|p2a: Great Tusk|Protosynthesis|[silent]\n|\n|upkeep\n|\n|t:|1700802784\n|switch|p2a: Iron Valiant|Iron Valiant|100\/100\n|turn|14\n|\n|t:|1700802793\n|move|p2a: Iron Valiant|Trick|p1a: Kommo-o\n|-activate|p2a: Iron Valiant|move: Trick|[of] p1a: Kommo-o\n|-item|p1a: Kommo-o|Choice Scarf|[from] move: Trick\n|-enditem|p2a: Iron Valiant|Choice Scarf|[silent]|[from] move: Trick\n|move|p1a: Kommo-o|Boomburst|p2a: Iron Valiant\n|-damage|p2a: Iron Valiant|0 fnt\n|faint|p2a: Iron Valiant\n|-end|p2a: Iron Valiant|Quark Drive|[silent]\n|\n|upkeep\n|\n|t:|1700802798\n|switch|p2a: Gholdengo|Gholdengo|100\/100\n|turn|15\n|\n|t:|1700802805\n|switch|p1a: Kingambit|Kingambit, F|100\/100\n|-activate|p1a: Kingambit|ability: Supreme Overlord\n|-start|p1a: Kingambit|fallen2|[silent]\n|move|p2a: Gholdengo|Thunder Wave|p1a: Kingambit\n|-status|p1a: Kingambit|par\n|\n|upkeep\n|turn|16\n|inactive|Joker040921 has 90 seconds left.\n|\n|t:|1700802819\n|switch|p2a: Sandy Shocks|Sandy Shocks|100\/100\n|cant|p1a: Kingambit|par\n|\n|-sideend|p1: Him1623|move: Aurora Veil\n|upkeep\n|turn|17\n|inactive|Joker040921 has 90 seconds left.\n|\n|t:|1700802832\n|move|p2a: Sandy Shocks|Substitute|p2a: Sandy Shocks\n|-start|p2a: Sandy Shocks|Substitute\n|-damage|p2a: Sandy Shocks|76\/100\n|move|p1a: Kingambit|Low Kick|p2a: Sandy Shocks\n|-end|p2a: Sandy Shocks|Substitute\n|\n|upkeep\n|turn|18\n|\n|t:|1700802838\n|move|p2a: Sandy Shocks|Earth Power|p1a: Kingambit\n|-supereffective|p1a: Kingambit\n|-damage|p1a: Kingambit|3\/100 par\n|move|p1a: Kingambit|Low Kick|p2a: Sandy Shocks\n|-damage|p2a: Sandy Shocks|33\/100\n|\n|-heal|p1a: Kingambit|9\/100 par|[from] item: Leftovers\n|upkeep\n|turn|19\n|\n|t:|1700802846\n|cant|p1a: Kingambit|par\n|move|p2a: Sandy Shocks|Substitute|p2a: Sandy Shocks\n|-start|p2a: Sandy Shocks|Substitute\n|-damage|p2a: Sandy Shocks|9\/100\n|\n|-heal|p1a: Kingambit|15\/100 par|[from] item: Leftovers\n|upkeep\n|turn|20\n|\n|t:|1700802851\n|move|p2a: Sandy Shocks|Earth Power|p1a: Kingambit\n|-supereffective|p1a: Kingambit\n|-damage|p1a: Kingambit|0 fnt\n|faint|p1a: Kingambit\n|-end|p1a: Kingambit|fallen2|[silent]\n|\n|upkeep\n|\n|t:|1700802858\n|switch|p1a: Great Tusk|Great Tusk|100\/100\n|-enditem|p1a: Great Tusk|Booster Energy\n|-activate|p1a: Great Tusk|ability: Protosynthesis|[fromitem]\n|-start|p1a: Great Tusk|protosynthesisatk\n|turn|21\n|inactive|Joker040921 has 120 seconds left.\n|\n|t:|1700802864\n|move|p2a: Sandy Shocks|Earth Power|p1a: Great Tusk\n|-damage|p1a: Great Tusk|40\/100\n|-unboost|p1a: Great Tusk|spd|1\n|move|p1a: Great Tusk|Ice Spinner|p2a: Sandy Shocks\n|-supereffective|p2a: Sandy Shocks\n|-end|p2a: Sandy Shocks|Substitute\n|\n|upkeep\n|turn|22\n|\n|t:|1700802875\n|-end|p1a: Great Tusk|Protosynthesis|[silent]\n|switch|p1a: Kommo-o|Kommo-o, F, tera:Normal|47\/100 par\n|move|p2a: Sandy Shocks|Earth Power|p1a: Kommo-o\n|-damage|p1a: Kommo-o|0 fnt\n|faint|p1a: Kommo-o\n|\n|upkeep\n|\n|t:|1700802877\n|switch|p1a: Hatterene|Hatterene, F|100\/100\n|turn|23\n|\n|t:|1700802887\n|move|p2a: Sandy Shocks|Earth Power|p1a: Hatterene\n|-damage|p1a: Hatterene|53\/100\n|move|p1a: Hatterene|Agility|p1a: Hatterene\n|-boost|p1a: Hatterene|spe|2\n|\n|upkeep\n|turn|24\n|\n|t:|1700802892\n|move|p1a: Hatterene|Stored Power|p2a: Sandy Shocks\n|-crit|p2a: Sandy Shocks\n|-damage|p2a: Sandy Shocks|0 fnt\n|faint|p2a: Sandy Shocks\n|-end|p2a: Sandy Shocks|Protosynthesis|[silent]\n|\n|upkeep\n|\n|t:|1700802898\n|switch|p2a: Gholdengo|Gholdengo|100\/100\n|turn|25\n|\n|t:|1700802901\n|move|p1a: Hatterene|Stored Power|p2a: Gholdengo\n|-resisted|p2a: Gholdengo\n|-damage|p2a: Gholdengo|84\/100\n|-enditem|p2a: Gholdengo|Red Card|[of] p1a: Hatterene\n|drag|p1a: Great Tusk|Great Tusk|40\/100\n|move|p2a: Gholdengo|Make It Rain|p1a: Great Tusk\n|-damage|p1a: Great Tusk|0 fnt\n|-unboost|p2a: Gholdengo|spa|1\n|faint|p1a: Great Tusk\n|-end|p1a: Great Tusk|Protosynthesis|[silent]\n|\n|upkeep\n|\n|t:|1700802904\n|switch|p1a: Hatterene|Hatterene, F|53\/100\n|turn|26\n|\n|t:|1700802920\n|move|p2a: Gholdengo|Make It Rain|p1a: Hatterene\n|-supereffective|p1a: Hatterene\n|-damage|p1a: Hatterene|0 fnt\n|-unboost|p2a: Gholdengo|spa|1\n|faint|p1a: Hatterene\n|\n|win|Joker040921\n|raw|Him1623's rating: 1243 &rarr; <strong>1211<\/strong><br \/>(-32 for losing)\n|raw|Joker040921's rating: 1145 &rarr; <strong>1177<\/strong><br \/>(+32 for winning)\n|l|\u2606Him1623\n","uploadtime":1700802925,"views":6,"p1id":"him1623","p2id":"joker040921","formatid":"gen9ou","rating":1177,"private":0,"password":""}