{"id":"gen9ou-1988636337","p1":"langleys0ryu","p2":"OUVT TOSHI","format":"[Gen 9] OU","log":"|j|\u2606langleys0ryu\n|j|\u2606OUVT TOSHI\n|t:|1699744637\n|gametype|singles\n|player|p1|langleys0ryu|misty|1703\n|player|p2|OUVT TOSHI|palmer|1734\n|teamsize|p1|6\n|teamsize|p2|6\n|gen|9\n|tier|[Gen 9] OU\n|rated|\n|rule|Sleep Clause Mod: Limit one foe put to sleep\n|rule|Species Clause: Limit one of each Pok\u00e9mon\n|rule|OHKO Clause: OHKO moves are banned\n|rule|Evasion Items Clause: Evasion items are banned\n|rule|Evasion Moves Clause: Evasion moves are banned\n|rule|Endless Battle Clause: Forcing endless battles is banned\n|rule|HP Percentage Mod: HP is shown in percentages\n|clearpoke\n|poke|p1|Torkoal, F|\n|poke|p1|Iron Moth|\n|poke|p1|Great Tusk|\n|poke|p1|Hatterene, F|\n|poke|p1|Walking Wake|\n|poke|p1|Dragonite, F|\n|poke|p2|Ogerpon-Wellspring, F|\n|poke|p2|Zamazenta-*|\n|poke|p2|Ting-Lu|\n|poke|p2|Iron Moth|\n|poke|p2|Zapdos|\n|poke|p2|Ursaluna, F|\n|teampreview\n|\n|t:|1699744659\n|start\n|switch|p1a: Torkoal|Torkoal, F, shiny|100\/100\n|switch|p2a: Ogerpon|Ogerpon-Wellspring, F|100\/100\n|-weather|SunnyDay|[from] ability: Drought|[of] p1a: Torkoal\n|turn|1\n|inactive|Battle timer is ON: inactive players will automatically lose when time's up. (requested by OUVT TOSHI)\n|j| STOgx\n|\n|t:|1699744665\n|move|p2a: Ogerpon|U-turn|p1a: Torkoal\n|-resisted|p1a: Torkoal\n|-damage|p1a: Torkoal|93\/100\n|\n|t:|1699744668\n|switch|p2a: Ursaluna|Ursaluna, F|100\/100|[from] U-turn\n|move|p1a: Torkoal|Stealth Rock|p2a: Ursaluna\n|-sidestart|p2: OUVT TOSHI|move: Stealth Rock\n|\n|-weather|SunnyDay|[upkeep]\n|-status|p2a: Ursaluna|brn|[from] item: Flame Orb\n|upkeep\n|turn|2\n|\n|t:|1699744674\n|switch|p1a: Great Tusk|Great Tusk|100\/100\n|-activate|p1a: Great Tusk|ability: Protosynthesis\n|-start|p1a: Great Tusk|protosynthesisatk\n|move|p2a: Ursaluna|Facade|p1a: Great Tusk\n|-damage|p1a: Great Tusk|2\/100\n|\n|-weather|SunnyDay|[upkeep]\n|-damage|p2a: Ursaluna|94\/100 brn|[from] brn\n|upkeep\n|turn|3\n|\n|t:|1699744685\n|switch|p2a: Zapdos|Zapdos|100\/100\n|move|p1a: Great Tusk|Ice Spinner|p2a: Zapdos\n|-supereffective|p2a: Zapdos\n|-damage|p2a: Zapdos|38\/100\n|\n|-weather|SunnyDay|[upkeep]\n|upkeep\n|turn|4\n|\n|t:|1699744691\n|move|p2a: Zapdos|Heat Wave|p1a: Great Tusk|[miss]\n|-miss|p2a: Zapdos|p1a: Great Tusk\n|move|p1a: Great Tusk|Ice Spinner|p2a: Zapdos\n|-supereffective|p2a: Zapdos\n|-damage|p2a: Zapdos|0 fnt\n|faint|p2a: Zapdos\n|\n|-weather|SunnyDay|[upkeep]\n|upkeep\n|j| syde\n|j| Box Scammer\n|\n|t:|1699744703\n|switch|p2a: Ogerpon|Ogerpon-Wellspring, F|100\/100\n|-damage|p2a: Ogerpon|88\/100|[from] Stealth Rock\n|turn|5\n|j| EmpanadaX\n|\n|t:|1699744709\n|move|p2a: Ogerpon|U-turn|p1a: Great Tusk\n|-resisted|p1a: Great Tusk\n|-damage|p1a: Great Tusk|0 fnt\n|faint|p1a: Great Tusk\n|-end|p1a: Great Tusk|Protosynthesis|[silent]\n|\n|t:|1699744716\n|switch|p2a: Ursaluna|Ursaluna, F|94\/100 brn|[from] U-turn\n|-damage|p2a: Ursaluna|88\/100 brn|[from] Stealth Rock\n|\n|-weather|SunnyDay|[upkeep]\n|-damage|p2a: Ursaluna|82\/100 brn|[from] brn\n|upkeep\n|\n|t:|1699744719\n|switch|p1a: Walking Wake|Walking Wake|100\/100\n|-activate|p1a: Walking Wake|ability: Protosynthesis\n|-start|p1a: Walking Wake|protosynthesisspe\n|turn|6\n|\n|t:|1699744730\n|-terastallize|p2a: Ursaluna|Fairy\n|move|p1a: Walking Wake|Draco Meteor|p2a: Ursaluna\n|-immune|p2a: Ursaluna\n|move|p2a: Ursaluna|Facade|p1a: Walking Wake\n|-damage|p1a: Walking Wake|0 fnt\n|faint|p1a: Walking Wake\n|-end|p1a: Walking Wake|Protosynthesis|[silent]\n|\n|-weather|SunnyDay|[upkeep]\n|-damage|p2a: Ursaluna|75\/100 brn|[from] brn\n|upkeep\n|\n|t:|1699744740\n|switch|p1a: Iron Moth|Iron Moth|100\/100\n|-enditem|p1a: Iron Moth|Booster Energy\n|-activate|p1a: Iron Moth|ability: Quark Drive|[fromitem]\n|-start|p1a: Iron Moth|quarkdrivespe\n|turn|7\n|\n|t:|1699744746\n|switch|p2a: Ting-Lu|Ting-Lu|100\/100\n|-damage|p2a: Ting-Lu|94\/100|[from] Stealth Rock\n|-ability|p2a: Ting-Lu|Vessel of Ruin\n|move|p1a: Iron Moth|Fiery Dance|p2a: Ting-Lu\n|-damage|p2a: Ting-Lu|67\/100\n|-boost|p1a: Iron Moth|spa|1\n|\n|-weather|SunnyDay|[upkeep]\n|-heal|p2a: Ting-Lu|74\/100|[from] item: Leftovers\n|upkeep\n|turn|8\n|\n|t:|1699744749\n|move|p1a: Iron Moth|Dazzling Gleam|p2a: Ting-Lu\n|-supereffective|p2a: Ting-Lu\n|-crit|p2a: Ting-Lu\n|-damage|p2a: Ting-Lu|27\/100\n|move|p2a: Ting-Lu|Earthquake|p1a: Iron Moth\n|-supereffective|p1a: Iron Moth\n|-damage|p1a: Iron Moth|0 fnt\n|faint|p1a: Iron Moth\n|-end|p1a: Iron Moth|Quark Drive|[silent]\n|\n|-weather|none\n|-heal|p2a: Ting-Lu|34\/100|[from] item: Leftovers\n|upkeep\n|\n|t:|1699744755\n|switch|p1a: Dragonite|Dragonite, F|100\/100\n|turn|9\n|\n|t:|1699744760\n|move|p1a: Dragonite|Dragon Dance|p1a: Dragonite\n|-boost|p1a: Dragonite|atk|1\n|-boost|p1a: Dragonite|spe|1\n|move|p2a: Ting-Lu|Whirlwind|p1a: Dragonite\n|drag|p1a: Hatterene|Hatterene, F|100\/100\n|\n|-heal|p2a: Ting-Lu|40\/100|[from] item: Leftovers\n|upkeep\n|turn|10\n|l| STOgx\n|\n|t:|1699744767\n|switch|p2a: Ursaluna|Ursaluna, F, tera:Fairy|75\/100 brn\n|-damage|p2a: Ursaluna|63\/100 brn|[from] Stealth Rock\n|move|p1a: Hatterene|Calm Mind|p1a: Hatterene\n|-boost|p1a: Hatterene|spa|1\n|-boost|p1a: Hatterene|spd|1\n|\n|-damage|p2a: Ursaluna|57\/100 brn|[from] brn\n|upkeep\n|turn|11\n|j| Yoyothecuban\n|\n|t:|1699744770\n|move|p2a: Ursaluna|Facade|p1a: Hatterene\n|-damage|p1a: Hatterene|0 fnt\n|faint|p1a: Hatterene\n|\n|-damage|p2a: Ursaluna|50\/100 brn|[from] brn\n|upkeep\n|\n|t:|1699744776\n|switch|p1a: Dragonite|Dragonite, F|100\/100\n|turn|12\n|\n|t:|1699744779\n|move|p1a: Dragonite|Dragon Dance|p1a: Dragonite\n|-boost|p1a: Dragonite|atk|1\n|-boost|p1a: Dragonite|spe|1\n|move|p2a: Ursaluna|Facade|p1a: Dragonite\n|-damage|p1a: Dragonite|30\/100\n|\n|-damage|p2a: Ursaluna|44\/100 brn|[from] brn\n|upkeep\n|turn|13\n|\n|t:|1699744782\n|-terastallize|p1a: Dragonite|Normal\n|move|p1a: Dragonite|Extreme Speed|p2a: Ursaluna\n|-damage|p2a: Ursaluna|0 fnt\n|faint|p2a: Ursaluna\n|\n|upkeep\n|\n|t:|1699744788\n|switch|p2a: Zamazenta|Zamazenta|100\/100\n|-ability|p2a: Zamazenta|Dauntless Shield|boost\n|-boost|p2a: Zamazenta|def|1\n|turn|14\n|\n|t:|1699744793\n|move|p1a: Dragonite|Extreme Speed|p2a: Zamazenta\n|-damage|p2a: Zamazenta|63\/100\n|move|p2a: Zamazenta|Close Combat|p1a: Dragonite\n|-supereffective|p1a: Dragonite\n|-damage|p1a: Dragonite|0 fnt\n|-unboost|p2a: Zamazenta|def|1\n|-unboost|p2a: Zamazenta|spd|1\n|faint|p1a: Dragonite\n|\n|upkeep\n|j| ThatJebshuckle\n|-message|langleys0ryu forfeited.\n|\n|win|OUVT TOSHI\n|raw|langleys0ryu's rating: 1703 &rarr; <strong>1685<\/strong><br \/>(-18 for losing)\n|raw|OUVT TOSHI's rating: 1734 &rarr; <strong>1752<\/strong><br \/>(+18 for winning)\n|l| ThatJebshuckle\n","uploadtime":1699744808,"views":15,"p1id":"langleys0ryu","p2id":"ouvttoshi","formatid":"gen9ou","rating":1685,"private":0,"password":""}