{"id":"gen9ou-2000252976","p1":"Nova123mega","p2":"Francoise Fat","format":"[Gen 9] OU","log":"|j|\u2606Nova123mega\n|j|\u2606Francoise Fat\n|t:|1701177856\n|gametype|singles\n|player|p1|Nova123mega|volkner|1044\n|player|p2|Francoise Fat|170|1068\n|teamsize|p1|6\n|teamsize|p2|6\n|gen|9\n|tier|[Gen 9] OU\n|rated|\n|rule|Sleep Clause Mod: Limit one foe put to sleep\n|rule|Species Clause: Limit one of each Pok\u00e9mon\n|rule|OHKO Clause: OHKO moves are banned\n|rule|Evasion Items Clause: Evasion items are banned\n|rule|Evasion Moves Clause: Evasion moves are banned\n|rule|Endless Battle Clause: Forcing endless battles is banned\n|rule|HP Percentage Mod: HP is shown in percentages\n|clearpoke\n|poke|p1|Kommo-o, M|\n|poke|p1|Gholdengo|\n|poke|p1|Dusclops, F|\n|poke|p1|Toxapex, M|\n|poke|p1|Klefki, F|\n|poke|p1|Scizor, F|\n|poke|p2|Torterra, F|\n|poke|p2|Kingambit, M|\n|poke|p2|Azumarill, M|\n|poke|p2|Armarouge, M|\n|poke|p2|Regidrago|\n|poke|p2|Maushold-Four|\n|teampreview\n|\n|t:|1701177872\n|start\n|switch|p1a: Llavero|Klefki, F|100\/100\n|switch|p2a: Maushold|Maushold-Four|100\/100\n|turn|1\n|\n|t:|1701177885\n|move|p1a: Llavero|Reflect|p1a: Llavero\n|-sidestart|p1: Nova123mega|Reflect\n|move|p2a: Maushold|Super Fang|p1a: Llavero\n|-damage|p1a: Llavero|50\/100\n|\n|upkeep\n|turn|2\n|\n|t:|1701177899\n|switch|p1a: Oro avaroso|Gholdengo|100\/100\n|move|p2a: Maushold|Tidy Up|p2a: Maushold\n|-boost|p2a: Maushold|atk|1\n|-boost|p2a: Maushold|spe|1\n|\n|upkeep\n|turn|3\n|\n|t:|1701177909\n|move|p2a: Maushold|Bite|p1a: Oro avaroso\n|-supereffective|p1a: Oro avaroso\n|-damage|p1a: Oro avaroso|63\/100\n|move|p1a: Oro avaroso|Thunderbolt|p2a: Maushold\n|-damage|p2a: Maushold|54\/100\n|\n|upkeep\n|turn|4\n|\n|t:|1701177915\n|move|p2a: Maushold|Bite|p1a: Oro avaroso\n|-supereffective|p1a: Oro avaroso\n|-crit|p1a: Oro avaroso\n|-damage|p1a: Oro avaroso|0 fnt\n|faint|p1a: Oro avaroso\n|\n|upkeep\n|\n|t:|1701177923\n|switch|p1a: Escamoso|Kommo-o, M, shiny|100\/100\n|turn|5\n|\n|t:|1701177934\n|move|p2a: Maushold|Tidy Up|p2a: Maushold\n|-boost|p2a: Maushold|atk|1\n|-boost|p2a: Maushold|spe|1\n|move|p1a: Escamoso|Drain Punch|p2a: Maushold\n|-supereffective|p2a: Maushold\n|-damage|p2a: Maushold|0 fnt\n|faint|p2a: Maushold\n|\n|upkeep\n|\n|t:|1701177943\n|switch|p2a: Azumarill|Azumarill, M, shiny|100\/100\n|turn|6\n|\n|t:|1701177952\n|switch|p1a: Scizor|Scizor, F|100\/100\n|move|p2a: Azumarill|Belly Drum|p2a: Azumarill\n|-damage|p2a: Azumarill|50\/100\n|-setboost|p2a: Azumarill|atk|6|[from] move: Belly Drum\n|-enditem|p2a: Azumarill|Sitrus Berry|[eat]\n|-heal|p2a: Azumarill|75\/100|[from] item: Sitrus Berry\n|\n|upkeep\n|turn|7\n|\n|t:|1701177963\n|-terastallize|p2a: Azumarill|Water\n|move|p1a: Scizor|Bullet Punch|p2a: Azumarill\n|-resisted|p2a: Azumarill\n|-damage|p2a: Azumarill|60\/100\n|move|p2a: Azumarill|Aqua Jet|p1a: Scizor\n|-damage|p1a: Scizor|24\/100\n|\n|upkeep\n|turn|8\n|\n|t:|1701177981\n|move|p1a: Scizor|Bullet Punch|p2a: Azumarill\n|-resisted|p2a: Azumarill\n|-damage|p2a: Azumarill|45\/100\n|move|p2a: Azumarill|Aqua Jet|p1a: Scizor\n|-damage|p1a: Scizor|0 fnt\n|faint|p1a: Scizor\n|\n|-sideend|p1: Nova123mega|Reflect\n|upkeep\n|\n|t:|1701177990\n|switch|p1a: Un ojo|Dusclops, F, shiny|100\/100\n|-ability|p1a: Un ojo|Pressure\n|turn|9\n|\n|t:|1701178017\n|move|p2a: Azumarill|Play Rough|p1a: Un ojo\n|-damage|p1a: Un ojo|0 fnt\n|faint|p1a: Un ojo\n|\n|upkeep\n|\n|t:|1701178024\n|switch|p1a: Toxico|Toxapex, M|100\/100\n|turn|10\n|\n|t:|1701178091\n|move|p1a: Toxico|Baneful Bunker|p1a: Toxico\n|-singleturn|p1a: Toxico|move: Protect\n|move|p2a: Azumarill|Play Rough|p1a: Toxico\n|-activate|p1a: Toxico|move: Protect\n|-status|p2a: Azumarill|psn\n|\n|-damage|p2a: Azumarill|32\/100 psn|[from] psn\n|upkeep\n|turn|11\n|inactive|Battle timer is ON: inactive players will automatically lose when time's up. (requested by Nova123mega)\n|\n|t:|1701178104\n|move|p2a: Azumarill|Play Rough|p1a: Toxico\n|-resisted|p1a: Toxico\n|-damage|p1a: Toxico|7\/100\n|move|p1a: Toxico|Recover|p1a: Toxico\n|-heal|p1a: Toxico|57\/100\n|\n|-heal|p1a: Toxico|63\/100|[from] item: Black Sludge\n|-damage|p2a: Azumarill|20\/100 psn|[from] psn\n|upkeep\n|turn|12\n|\n|t:|1701178115\n|move|p1a: Toxico|Baneful Bunker|p1a: Toxico\n|-singleturn|p1a: Toxico|move: Protect\n|move|p2a: Azumarill|Play Rough|p1a: Toxico\n|-activate|p1a: Toxico|move: Protect\n|\n|-heal|p1a: Toxico|69\/100|[from] item: Black Sludge\n|-damage|p2a: Azumarill|7\/100 psn|[from] psn\n|upkeep\n|turn|13\n|\n|t:|1701178127\n|move|p1a: Toxico|Baneful Bunker|p1a: Toxico\n|-singleturn|p1a: Toxico|move: Protect\n|move|p2a: Azumarill|Play Rough|p1a: Toxico\n|-activate|p1a: Toxico|move: Protect\n|\n|-heal|p1a: Toxico|75\/100|[from] item: Black Sludge\n|-damage|p2a: Azumarill|0 fnt|[from] psn\n|faint|p2a: Azumarill\n|upkeep\n|c|\u2606Francoise Fat|ohhhh yes of course\n|\n|t:|1701178136\n|switch|p2a: Torterra|Torterra, F|100\/100\n|turn|14\n|\n|t:|1701178144\n|switch|p2a: CHARLOS MAX|Armarouge, M, shiny|100\/100\n|switch|p1a: Escamoso|Kommo-o, M, shiny|100\/100\n|\n|upkeep\n|turn|15\n|\n|t:|1701178153\n|switch|p1a: Llavero|Klefki, F|50\/100\n|move|p2a: CHARLOS MAX|Psychic|p1a: Llavero\n|-resisted|p1a: Llavero\n|-damage|p1a: Llavero|27\/100\n|\n|upkeep\n|turn|16\n|\n|t:|1701178161\n|move|p1a: Llavero|Light Screen|p1a: Llavero\n|-sidestart|p1: Nova123mega|move: Light Screen\n|move|p2a: CHARLOS MAX|Aura Sphere|p1a: Llavero\n|-damage|p1a: Llavero|10\/100\n|\n|upkeep\n|turn|17\n|\n|t:|1701178169\n|switch|p2a: Kingambit|Kingambit, M, shiny|100\/100\n|-activate|p2a: Kingambit|ability: Supreme Overlord\n|-start|p2a: Kingambit|fallen2|[silent]\n|move|p1a: Llavero|Reflect|p1a: Llavero\n|-sidestart|p1: Nova123mega|Reflect\n|\n|upkeep\n|turn|18\n|\n|t:|1701178179\n|move|p1a: Llavero|Spikes|p2a: Kingambit\n|-sidestart|p2: Francoise Fat|Spikes\n|move|p2a: Kingambit|Substitute|p2a: Kingambit\n|-start|p2a: Kingambit|Substitute\n|-damage|p2a: Kingambit|75\/100\n|\n|-heal|p2a: Kingambit|82\/100|[from] item: Leftovers\n|upkeep\n|turn|19\n|\n|t:|1701178189\n|move|p1a: Llavero|Foul Play|p2a: Kingambit\n|-resisted|p2a: Kingambit\n|-activate|p2a: Kingambit|move: Substitute|[damage]\n|move|p2a: Kingambit|Iron Defense|p2a: Kingambit\n|-boost|p2a: Kingambit|def|2\n|\n|-heal|p2a: Kingambit|88\/100|[from] item: Leftovers\n|upkeep\n|turn|20\n|\n|t:|1701178197\n|move|p1a: Llavero|Foul Play|p2a: Kingambit\n|-resisted|p2a: Kingambit\n|-activate|p2a: Kingambit|move: Substitute|[damage]\n|move|p2a: Kingambit|Iron Defense|p2a: Kingambit\n|-boost|p2a: Kingambit|def|2\n|\n|-heal|p2a: Kingambit|94\/100|[from] item: Leftovers\n|upkeep\n|turn|21\n|c|\u2606Francoise Fat|!dt comeuppance\n|raw|<ul class=\"utilichart\"><li class=\"result\"><span class=\"col movenamecol\"><a href=\"https:\/\/dex.pokemonshowdown.com\/moves\/comeuppance\">Comeuppance<\/a><\/span> <span class=\"col typecol\"><img src=\"\/\/play.pokemonshowdown.com\/sprites\/types\/Dark.png\" alt=\"Dark\" width=\"32\" height=\"14\"><img src=\"\/\/play.pokemonshowdown.com\/sprites\/categories\/Physical.png\" alt=\"Physical\" width=\"32\" height=\"14\"><\/span> <span class=\"col widelabelcol\"><em>Accuracy<\/em><br>100%<\/span> <span class=\"col pplabelcol\"><em>PP<\/em><br>16<\/span> <span class=\"col movedesccol\">If hit by an attack, returns 1.5x damage.<\/span> <\/li><li style=\"clear:both\"><\/li><\/ul>\n|raw|<font size=\"1\"><font color=\"#686868\">Priority:<\/font> 0&nbsp;|&ThickSpace;<font color=\"#686868\">Gen:<\/font> 9&nbsp;|&ThickSpace;&#10003; Contact&nbsp;|&ThickSpace;<font color=\"#686868\">Z-Power:<\/font> 100&nbsp;|&ThickSpace;<font color=\"#686868\">Dynamax Power:<\/font> 100&nbsp;|&ThickSpace;<font color=\"#686868\">Target:<\/font> Chosen Automatically<\/font>\n\n|\n|t:|1701178205\n|move|p1a: Llavero|Foul Play|p2a: Kingambit\n|-resisted|p2a: Kingambit\n|-activate|p2a: Kingambit|move: Substitute|[damage]\n|move|p2a: Kingambit|Iron Defense|p2a: Kingambit\n|-boost|p2a: Kingambit|def|2\n|\n|-heal|p2a: Kingambit|99\/100|[from] item: Leftovers\n|upkeep\n|turn|22\n|\n|t:|1701178213\n|move|p1a: Llavero|Foul Play|p2a: Kingambit\n|-resisted|p2a: Kingambit\n|-crit|p2a: Kingambit\n|-activate|p2a: Kingambit|move: Substitute|[damage]\n|move|p2a: Kingambit|Iron Defense|p2a: Kingambit\n|-boost|p2a: Kingambit|def|0\n|\n|-heal|p2a: Kingambit|100\/100|[from] item: Leftovers\n|upkeep\n|turn|23\n|\n|t:|1701178223\n|move|p1a: Llavero|Foul Play|p2a: Kingambit\n|-resisted|p2a: Kingambit\n|-end|p2a: Kingambit|Substitute\n|move|p2a: Kingambit|Swords Dance|p2a: Kingambit\n|-boost|p2a: Kingambit|atk|2\n|\n|-sideend|p1: Nova123mega|move: Light Screen\n|upkeep\n|turn|24\n|\n|t:|1701178231\n|move|p1a: Llavero|Foul Play|p2a: Kingambit\n|-resisted|p2a: Kingambit\n|-damage|p2a: Kingambit|97\/100\n|move|p2a: Kingambit|Substitute|p2a: Kingambit\n|-start|p2a: Kingambit|Substitute\n|-damage|p2a: Kingambit|72\/100\n|\n|-heal|p2a: Kingambit|78\/100|[from] item: Leftovers\n|-sideend|p1: Nova123mega|Reflect\n|upkeep\n|turn|25\n|\n|t:|1701178246\n|move|p1a: Llavero|Spikes|p2a: Kingambit\n|-sidestart|p2: Francoise Fat|Spikes\n|move|p2a: Kingambit|Swords Dance|p2a: Kingambit\n|-boost|p2a: Kingambit|atk|2\n|\n|-heal|p2a: Kingambit|84\/100|[from] item: Leftovers\n|upkeep\n|turn|26\n|\n|t:|1701178254\n|move|p1a: Llavero|Spikes|p2a: Kingambit\n|-sidestart|p2: Francoise Fat|Spikes\n|move|p2a: Kingambit|Kowtow Cleave|p1a: Llavero\n|-resisted|p1a: Llavero\n|-damage|p1a: Llavero|0 fnt\n|faint|p1a: Llavero\n|\n|-heal|p2a: Kingambit|90\/100|[from] item: Leftovers\n|upkeep\n|\n|t:|1701178262\n|switch|p1a: Toxico|Toxapex, M|100\/100\n|turn|27\n|\n|t:|1701178269\n|move|p1a: Toxico|Baneful Bunker|p1a: Toxico\n|-singleturn|p1a: Toxico|move: Protect\n|move|p2a: Kingambit|Kowtow Cleave|p1a: Toxico\n|-activate|p1a: Toxico|move: Protect\n|\n|-heal|p2a: Kingambit|96\/100|[from] item: Leftovers\n|upkeep\n|turn|28\n|\n|t:|1701178279\n|move|p2a: Kingambit|Kowtow Cleave|p1a: Toxico\n|-damage|p1a: Toxico|0 fnt\n|faint|p1a: Toxico\n|\n|-heal|p2a: Kingambit|100\/100|[from] item: Leftovers\n|upkeep\n|-message|Nova123mega forfeited.\n|\n|win|Francoise Fat\n|raw|Nova123mega's rating: 1044 &rarr; <strong>1029<\/strong><br \/>(-15 for losing)\n|raw|Francoise Fat's rating: 1068 &rarr; <strong>1096<\/strong><br \/>(+28 for winning)\n|l|\u2606Nova123mega\n","uploadtime":1701178289,"views":4,"p1id":"nova123mega","p2id":"francoisefat","formatid":"gen9ou","rating":1029,"private":0,"password":""}