{"id":"gen9ou-1996698343","p1":"VikrThe","p2":"insurance scammer","format":"[Gen 9] OU","log":"|j|\u2606VikrThe\n|j|\u2606insurance scammer\n|t:|1700711214\n|gametype|singles\n|player|p1|VikrThe|2|1157\n|player|p2|insurance scammer|swimmer|1200\n|teamsize|p1|6\n|teamsize|p2|6\n|gen|9\n|tier|[Gen 9] OU\n|rated|\n|rule|Sleep Clause Mod: Limit one foe put to sleep\n|rule|Species Clause: Limit one of each Pok\u00e9mon\n|rule|OHKO Clause: OHKO moves are banned\n|rule|Evasion Items Clause: Evasion items are banned\n|rule|Evasion Moves Clause: Evasion moves are banned\n|rule|Endless Battle Clause: Forcing endless battles is banned\n|rule|HP Percentage Mod: HP is shown in percentages\n|clearpoke\n|poke|p1|Crawdaunt, M|\n|poke|p1|Cresselia, F|\n|poke|p1|Glimmora, F|\n|poke|p1|Gholdengo|\n|poke|p1|Ogerpon-Wellspring, F|\n|poke|p1|Greninja-*, M|\n|poke|p2|Dragapult, M|\n|poke|p2|Thundurus-Therian, M|\n|poke|p2|Kingambit, F|\n|poke|p2|Clodsire, M|\n|poke|p2|Clefable, F|\n|poke|p2|Cinderace, F|\n|teampreview\n|inactive|Battle timer is ON: inactive players will automatically lose when time's up. (requested by insurance scammer)\n|\n|t:|1700711231\n|start\n|switch|p1a: Glimmora|Glimmora, F|100\/100\n|switch|p2a: Clefable|Clefable, F|100\/100\n|turn|1\n|\n|t:|1700711236\n|move|p1a: Glimmora|Stealth Rock|p2a: Clefable\n|-sidestart|p2: insurance scammer|move: Stealth Rock\n|move|p2a: Clefable|Stealth Rock|p1a: Glimmora\n|-sidestart|p1: VikrThe|move: Stealth Rock\n|\n|upkeep\n|turn|2\n|\n|t:|1700711240\n|switch|p2a: Dragapult|Dragapult, M|100\/100\n|-damage|p2a: Dragapult|88\/100|[from] Stealth Rock\n|move|p1a: Glimmora|Sludge Bomb|p2a: Dragapult\n|-resisted|p2a: Dragapult\n|-damage|p2a: Dragapult|58\/100\n|-status|p2a: Dragapult|psn\n|\n|-heal|p2a: Dragapult|64\/100 psn|[from] item: Leftovers\n|-damage|p2a: Dragapult|51\/100 psn|[from] psn\n|upkeep\n|turn|3\n|\n|t:|1700711250\n|move|p2a: Dragapult|Will-O-Wisp|p1a: Glimmora\n|-status|p1a: Glimmora|brn\n|move|p1a: Glimmora|Mortal Spin|p2a: Dragapult\n|-resisted|p2a: Dragapult\n|-damage|p2a: Dragapult|49\/100 psn\n|-sideend|p1: VikrThe|Stealth Rock|[from] move: Mortal Spin|[of] p1a: Glimmora\n|\n|-heal|p2a: Dragapult|55\/100 psn|[from] item: Leftovers\n|-damage|p2a: Dragapult|43\/100 psn|[from] psn\n|-damage|p1a: Glimmora|94\/100 brn|[from] brn\n|upkeep\n|turn|4\n|\n|t:|1700711256\n|move|p2a: Dragapult|Hex|p1a: Glimmora\n|-damage|p1a: Glimmora|9\/100 brn\n|move|p1a: Glimmora|Earth Power|p2a: Dragapult\n|-damage|p2a: Dragapult|4\/100 psn\n|\n|-heal|p2a: Dragapult|10\/100 psn|[from] item: Leftovers\n|-damage|p2a: Dragapult|0 fnt|[from] psn\n|faint|p2a: Dragapult\n|-damage|p1a: Glimmora|3\/100 brn|[from] brn\n|upkeep\n|\n|t:|1700711262\n|switch|p2a: Cinderace|Cinderace, F|100\/100\n|turn|5\n|\n|t:|1700711268\n|move|p2a: Cinderace|Pyro Ball|p1a: Glimmora\n|-resisted|p1a: Glimmora\n|-damage|p1a: Glimmora|0 fnt\n|-activate|p1a: Glimmora|ability: Toxic Debris\n|-sidestart|p2: insurance scammer|move: Toxic Spikes\n|faint|p1a: Glimmora\n|\n|upkeep\n|\n|t:|1700711274\n|switch|p1a: Crawdaunt|Crawdaunt, M|100\/100\n|turn|6\n|\n|t:|1700711283\n|move|p1a: Crawdaunt|Aqua Jet|p2a: Cinderace\n|-supereffective|p2a: Cinderace\n|-damage|p2a: Cinderace|0 fnt\n|faint|p2a: Cinderace\n|\n|upkeep\n|\n|t:|1700711288\n|switch|p2a: Clefable|Clefable, F|100\/100\n|-status|p2a: Clefable|psn\n|turn|7\n|\n|t:|1700711297\n|switch|p1a: Gholdengo|Gholdengo|100\/100\n|move|p2a: Clefable|Stealth Rock|p1a: Gholdengo\n|-sidestart|p1: VikrThe|move: Stealth Rock\n|\n|upkeep\n|turn|8\n|\n|t:|1700711303\n|switch|p2a: Clodsire|Clodsire, M|100\/100\n|-damage|p2a: Clodsire|94\/100|[from] Stealth Rock\n|-sideend|p2: insurance scammer|move: Toxic Spikes|[of] p2a: Clodsire\n|move|p1a: Gholdengo|Trick|p2a: Clodsire\n|-activate|p1a: Gholdengo|move: Trick|[of] p2a: Clodsire\n|-item|p2a: Clodsire|Choice Scarf|[from] move: Trick\n|-item|p1a: Gholdengo|Leftovers|[from] move: Trick\n|\n|upkeep\n|turn|9\n|\n|t:|1700711313\n|move|p1a: Gholdengo|Shadow Ball|p2a: Clodsire\n|-damage|p2a: Clodsire|71\/100\n|move|p2a: Clodsire|Spikes|p1a: Gholdengo\n|-sidestart|p1: VikrThe|Spikes\n|\n|upkeep\n|turn|10\n|\n|t:|1700711322\n|switch|p1a: Crawdaunt|Crawdaunt, M|100\/100\n|-damage|p1a: Crawdaunt|88\/100|[from] Stealth Rock\n|-damage|p1a: Crawdaunt|76\/100|[from] Spikes\n|move|p2a: Clodsire|Spikes|p1a: Crawdaunt\n|-sidestart|p1: VikrThe|Spikes\n|\n|upkeep\n|turn|11\n|\n|t:|1700711339\n|move|p1a: Crawdaunt|Crabhammer|p2a: Clodsire\n|-supereffective|p2a: Clodsire\n|-damage|p2a: Clodsire|0 fnt\n|faint|p2a: Clodsire\n|\n|upkeep\n|\n|t:|1700711342\n|switch|p2a: Thundurus|Thundurus-Therian, M|100\/100\n|-damage|p2a: Thundurus|76\/100|[from] Stealth Rock\n|turn|12\n|\n|t:|1700711348\n|switch|p1a: Cresselia|Cresselia, F|100\/100\n|-damage|p1a: Cresselia|88\/100|[from] Stealth Rock\n|move|p2a: Thundurus|Volt Switch|p1a: Cresselia\n|-damage|p1a: Cresselia|42\/100\n|\n|t:|1700711354\n|switch|p2a: Kingambit|Kingambit, F|100\/100|[from] Volt Switch\n|-damage|p2a: Kingambit|94\/100|[from] Stealth Rock\n|-activate|p2a: Kingambit|ability: Supreme Overlord\n|-start|p2a: Kingambit|fallen3|[silent]\n|\n|-heal|p1a: Cresselia|48\/100|[from] item: Leftovers\n|-heal|p2a: Kingambit|100\/100|[from] item: Leftovers\n|upkeep\n|turn|13\n|\n|t:|1700711372\n|move|p1a: Cresselia|Moonlight|p1a: Cresselia\n|-heal|p1a: Cresselia|98\/100\n|move|p2a: Kingambit|Kowtow Cleave|p1a: Cresselia\n|-supereffective|p1a: Cresselia\n|-damage|p1a: Cresselia|27\/100\n|\n|-heal|p1a: Cresselia|33\/100|[from] item: Leftovers\n|upkeep\n|turn|14\n|\n|t:|1700711380\n|switch|p1a: Greninja|Greninja, M|100\/100\n|-damage|p1a: Greninja|88\/100|[from] Stealth Rock\n|-damage|p1a: Greninja|72\/100|[from] Spikes\n|move|p2a: Kingambit|Swords Dance|p2a: Kingambit\n|-boost|p2a: Kingambit|atk|2\n|\n|upkeep\n|turn|15\n|\n|t:|1700711388\n|move|p1a: Greninja|Water Shuriken|p2a: Kingambit\n|-damage|p2a: Kingambit|93\/100\n|-damage|p2a: Kingambit|85\/100\n|-damage|p2a: Kingambit|77\/100\n|-hitcount|p2a: Kingambit|3\n|-damage|p1a: Greninja|62\/100|[from] item: Life Orb\n|move|p2a: Kingambit|Sucker Punch||[still]\n|-fail|p2a: Kingambit\n|\n|-heal|p2a: Kingambit|83\/100|[from] item: Leftovers\n|upkeep\n|turn|16\n|\n|t:|1700711397\n|move|p1a: Greninja|Water Shuriken|p2a: Kingambit\n|-damage|p2a: Kingambit|74\/100\n|-damage|p2a: Kingambit|65\/100\n|-damage|p2a: Kingambit|56\/100\n|-damage|p2a: Kingambit|47\/100\n|-hitcount|p2a: Kingambit|4\n|-damage|p1a: Greninja|52\/100|[from] item: Life Orb\n|move|p2a: Kingambit|Kowtow Cleave|p1a: Greninja\n|-resisted|p1a: Greninja\n|-damage|p1a: Greninja|0 fnt\n|faint|p1a: Greninja\n|\n|-heal|p2a: Kingambit|53\/100|[from] item: Leftovers\n|upkeep\n|\n|t:|1700711412\n|switch|p1a: Ogerpon|Ogerpon-Wellspring, F|100\/100\n|-damage|p1a: Ogerpon|88\/100|[from] Stealth Rock\n|-damage|p1a: Ogerpon|72\/100|[from] Spikes\n|turn|17\n|\n|t:|1700711422\n|move|p2a: Kingambit|Sucker Punch||[still]\n|-fail|p2a: Kingambit\n|move|p1a: Ogerpon|Encore|p2a: Kingambit\n|-start|p2a: Kingambit|Encore\n|\n|-heal|p2a: Kingambit|59\/100|[from] item: Leftovers\n|upkeep\n|turn|18\n|\n|t:|1700711432\n|-end|p2a: Kingambit|fallen3|[silent]\n|switch|p2a: Clefable|Clefable, F|100\/100 psn\n|move|p1a: Ogerpon|Swords Dance|p1a: Ogerpon\n|-boost|p1a: Ogerpon|atk|2\n|\n|upkeep\n|turn|19\n|\n|t:|1700711435\n|move|p1a: Ogerpon|Ivy Cudgel|p2a: Clefable|[anim] Ivy Cudgel Water\n|-damage|p2a: Clefable|5\/100 psn\n|move|p2a: Clefable|Moonblast|p1a: Ogerpon\n|-damage|p1a: Ogerpon|33\/100\n|-unboost|p1a: Ogerpon|spa|1\n|\n|-heal|p2a: Clefable|11\/100 psn|[from] item: Leftovers\n|upkeep\n|turn|20\n|\n|t:|1700711443\n|move|p1a: Ogerpon|Ivy Cudgel|p2a: Clefable|[anim] Ivy Cudgel Water\n|-damage|p2a: Clefable|0 fnt\n|faint|p2a: Clefable\n|\n|upkeep\n|\n|t:|1700711445\n|switch|p2a: Kingambit|Kingambit, F|59\/100\n|-damage|p2a: Kingambit|53\/100|[from] Stealth Rock\n|-activate|p2a: Kingambit|ability: Supreme Overlord\n|-start|p2a: Kingambit|fallen4|[silent]\n|turn|21\n|\n|t:|1700711452\n|move|p2a: Kingambit|Sucker Punch||[still]\n|-fail|p2a: Kingambit\n|move|p1a: Ogerpon|Encore|p2a: Kingambit\n|-start|p2a: Kingambit|Encore\n|\n|-heal|p2a: Kingambit|59\/100|[from] item: Leftovers\n|upkeep\n|turn|22\n|\n|t:|1700711461\n|switch|p1a: Gholdengo|Gholdengo|100\/100\n|-damage|p1a: Gholdengo|94\/100|[from] Stealth Rock\n|-damage|p1a: Gholdengo|78\/100|[from] Spikes\n|-end|p2a: Kingambit|fallen4|[silent]\n|switch|p2a: Thundurus|Thundurus-Therian, M|76\/100\n|-damage|p2a: Thundurus|51\/100|[from] Stealth Rock\n|\n|-heal|p1a: Gholdengo|84\/100|[from] item: Leftovers\n|upkeep\n|turn|23\n|\n|t:|1700711471\n|move|p2a: Thundurus|Volt Switch|p1a: Gholdengo\n|-damage|p1a: Gholdengo|4\/100\n|\n|t:|1700711474\n|switch|p2a: Kingambit|Kingambit, F|59\/100|[from] Volt Switch\n|-damage|p2a: Kingambit|53\/100|[from] Stealth Rock\n|-activate|p2a: Kingambit|ability: Supreme Overlord\n|-start|p2a: Kingambit|fallen4|[silent]\n|move|p1a: Gholdengo|Make It Rain|p2a: Kingambit\n|-resisted|p2a: Kingambit\n|-damage|p2a: Kingambit|23\/100\n|-unboost|p1a: Gholdengo|spa|1\n|\n|-heal|p1a: Gholdengo|10\/100|[from] item: Leftovers\n|-heal|p2a: Kingambit|29\/100|[from] item: Leftovers\n|upkeep\n|turn|24\n|\n|t:|1700711481\n|move|p1a: Gholdengo|Make It Rain|p2a: Kingambit\n|-resisted|p2a: Kingambit\n|-damage|p2a: Kingambit|8\/100\n|-unboost|p1a: Gholdengo|spa|1\n|move|p2a: Kingambit|Kowtow Cleave|p1a: Gholdengo\n|-supereffective|p1a: Gholdengo\n|-damage|p1a: Gholdengo|0 fnt\n|faint|p1a: Gholdengo\n|\n|-heal|p2a: Kingambit|15\/100|[from] item: Leftovers\n|upkeep\n|\n|t:|1700711488\n|switch|p1a: Crawdaunt|Crawdaunt, M|76\/100\n|-damage|p1a: Crawdaunt|63\/100|[from] Stealth Rock\n|-damage|p1a: Crawdaunt|47\/100|[from] Spikes\n|turn|25\n|\n|t:|1700711494\n|move|p1a: Crawdaunt|Aqua Jet|p2a: Kingambit\n|-damage|p2a: Kingambit|0 fnt\n|faint|p2a: Kingambit\n|-end|p2a: Kingambit|fallen4|[silent]\n|\n|upkeep\n|\n|t:|1700711496\n|switch|p2a: Thundurus|Thundurus-Therian, M|51\/100\n|-damage|p2a: Thundurus|26\/100|[from] Stealth Rock\n|turn|26\n|\n|t:|1700711498\n|move|p1a: Crawdaunt|Aqua Jet|p2a: Thundurus\n|-damage|p2a: Thundurus|0 fnt\n|faint|p2a: Thundurus\n|\n|win|VikrThe\n|raw|VikrThe's rating: 1157 &rarr; <strong>1185<\/strong><br \/>(+28 for winning)\n|raw|insurance scammer's rating: 1200 &rarr; <strong>1172<\/strong><br \/>(-28 for losing)\n|l|\u2606insurance scammer\n","uploadtime":1700711501,"views":6,"p1id":"vikrthe","p2id":"insurancescammer","formatid":"gen9ou","rating":1172,"private":0,"password":""}