{"id":"gen9ou-1990723006","p1":"Nightngale","p2":"GoTE Heartless","format":"[Gen 9] OU","log":"|j|\u2606Nightngale\n|j|\u2606GoTE Heartless\n|t:|1699994880\n|gametype|singles\n|player|p1|Nightngale|2|1310\n|player|p2|GoTE Heartless|guzma|1417\n|teamsize|p1|6\n|teamsize|p2|6\n|gen|9\n|tier|[Gen 9] OU\n|rated|\n|rule|Sleep Clause Mod: Limit one foe put to sleep\n|rule|Species Clause: Limit one of each Pok\u00e9mon\n|rule|OHKO Clause: OHKO moves are banned\n|rule|Evasion Items Clause: Evasion items are banned\n|rule|Evasion Moves Clause: Evasion moves are banned\n|rule|Endless Battle Clause: Forcing endless battles is banned\n|rule|HP Percentage Mod: HP is shown in percentages\n|clearpoke\n|poke|p1|Ditto|\n|poke|p1|Clefable, M|\n|poke|p1|Sneasler, F|\n|poke|p1|Dragonite, M|\n|poke|p1|Rillaboom, M|\n|poke|p1|Dondozo, M|\n|poke|p2|Chandelure, M|\n|poke|p2|Gholdengo|\n|poke|p2|Garganacl, M|\n|poke|p2|Rillaboom, M|\n|poke|p2|Salamence, M|\n|poke|p2|Cinderace, M|\n|teampreview\n|inactive|Battle timer is ON: inactive players will automatically lose when time's up. (requested by Nightngale)\n|inactive|GoTE Heartless also wants the timer to be on.\n|\n|t:|1699994906\n|start\n|switch|p1a: Dragon|Dragonite, M, shiny|100\/100\n|switch|p2a: Cinderace|Cinderace, M|100\/100\n|turn|1\n|\n|t:|1699994912\n|move|p2a: Cinderace|Will-O-Wisp|p1a: Dragon\n|-status|p1a: Dragon|brn\n|move|p1a: Dragon|Earthquake|p2a: Cinderace\n|-supereffective|p2a: Cinderace\n|-damage|p2a: Cinderace|54\/100\n|\n|-damage|p1a: Dragon|94\/100 brn|[from] brn\n|upkeep\n|turn|2\n|\n|t:|1699994918\n|move|p2a: Cinderace|U-turn|p1a: Dragon\n|-resisted|p1a: Dragon\n|-damage|p1a: Dragon|85\/100 brn\n|\n|t:|1699994924\n|switch|p2a: Rillaboom|Rillaboom, M|100\/100|[from] U-turn\n|-fieldstart|move: Grassy Terrain|[from] ability: Grassy Surge|[of] p2a: Rillaboom\n|move|p1a: Dragon|Thunder Wave|p2a: Rillaboom\n|-status|p2a: Rillaboom|par\n|\n|-damage|p1a: Dragon|79\/100 brn|[from] brn\n|upkeep\n|turn|3\n|\n|t:|1699994929\n|move|p1a: Dragon|Ice Punch|p2a: Rillaboom\n|-supereffective|p2a: Rillaboom\n|-damage|p2a: Rillaboom|71\/100 par\n|move|p2a: Rillaboom|U-turn|p1a: Dragon\n|-resisted|p1a: Dragon\n|-damage|p1a: Dragon|62\/100 brn\n|\n|t:|1699994935\n|switch|p2a: Garganacl|Garganacl, M|100\/100|[from] U-turn\n|\n|-damage|p1a: Dragon|56\/100 brn|[from] brn\n|upkeep\n|turn|4\n|\n|t:|1699994941\n|switch|p1a: posioncum|Sneasler, F|100\/100\n|-item|p1a: posioncum|Air Balloon\n|move|p2a: Garganacl|Stealth Rock|p1a: posioncum\n|-sidestart|p1: Nightngale|move: Stealth Rock\n|\n|upkeep\n|turn|5\n|\n|t:|1699994950\n|switch|p2a: Gholdengo|Gholdengo|100\/100\n|-item|p2a: Gholdengo|Air Balloon\n|move|p1a: posioncum|Close Combat|p2a: Gholdengo\n|-immune|p2a: Gholdengo\n|\n|upkeep\n|turn|6\n|\n|t:|1699994955\n|move|p1a: posioncum|U-turn|p2a: Gholdengo\n|-resisted|p2a: Gholdengo\n|-damage|p2a: Gholdengo|93\/100\n|-enditem|p2a: Gholdengo|Air Balloon\n|\n|t:|1699994966\n|switch|p1a: Dragon|Dragonite, M, shiny|56\/100 brn|[from] U-turn\n|-damage|p1a: Dragon|31\/100 brn|[from] Stealth Rock\n|move|p2a: Gholdengo|Shadow Ball|p1a: Dragon\n|-damage|p1a: Dragon|0 fnt\n|faint|p1a: Dragon\n|\n|-heal|p2a: Gholdengo|99\/100|[from] Grassy Terrain\n|-fieldend|move: Grassy Terrain\n|upkeep\n|\n|t:|1699994985\n|switch|p1a: Rillabocum|Rillaboom, M|100\/100\n|-damage|p1a: Rillabocum|88\/100|[from] Stealth Rock\n|-fieldstart|move: Grassy Terrain|[from] ability: Grassy Surge|[of] p1a: Rillabocum\n|turn|7\n|\n|t:|1699994996\n|move|p2a: Gholdengo|Make It Rain|p1a: Rillabocum\n|-damage|p1a: Rillabocum|10\/100\n|-unboost|p2a: Gholdengo|spa|1\n|move|p1a: Rillabocum|Knock Off|p2a: Gholdengo\n|-supereffective|p2a: Gholdengo\n|-damage|p2a: Gholdengo|24\/100\n|-damage|p1a: Rillabocum|0 fnt|[from] item: Life Orb\n|faint|p1a: Rillabocum\n|\n|-heal|p2a: Gholdengo|30\/100|[from] Grassy Terrain\n|upkeep\n|\n|t:|1699995016\n|switch|p1a: Ditcum|Ditto|100\/100\n|-damage|p1a: Ditcum|88\/100|[from] Stealth Rock\n|-transform|p1a: Ditcum|p2a: Gholdengo|[from] ability: Imposter\n|turn|8\n|\n|t:|1699995024\n|switch|p2a: Garganacl|Garganacl, M|100\/100\n|move|p1a: Ditcum|Shadow Ball|p2a: Garganacl\n|-damage|p2a: Garganacl|91\/100\n|-unboost|p2a: Garganacl|spd|1\n|\n|-heal|p1a: Ditcum|94\/100|[from] Grassy Terrain\n|-heal|p2a: Garganacl|97\/100|[from] Grassy Terrain\n|-heal|p2a: Garganacl|100\/100|[from] item: Leftovers\n|upkeep\n|turn|9\n|\n|t:|1699995031\n|switch|p1a: Clefcum|Clefable, M|100\/100\n|move|p2a: Garganacl|Salt Cure|p1a: Clefcum\n|-damage|p1a: Clefcum|87\/100\n|-start|p1a: Clefcum|Salt Cure\n|\n|-heal|p1a: Clefcum|93\/100|[from] Grassy Terrain\n|upkeep\n|turn|10\n|\n|t:|1699995041\n|switch|p2a: Chandelure|Chandelure, M|100\/100\n|move|p1a: Clefcum|Cosmic Power|p1a: Clefcum\n|-boost|p1a: Clefcum|def|1\n|-boost|p1a: Clefcum|spd|1\n|\n|-heal|p1a: Clefcum|99\/100|[from] Grassy Terrain\n|upkeep\n|turn|11\n|\n|t:|1699995059\n|move|p2a: Chandelure|Fire Blast|p1a: Clefcum\n|-damage|p1a: Clefcum|62\/100\n|move|p1a: Clefcum|Moonlight|p1a: Clefcum\n|-heal|p1a: Clefcum|100\/100\n|\n|-fieldend|move: Grassy Terrain\n|upkeep\n|turn|12\n|\n|t:|1699995064\n|move|p2a: Chandelure|Fire Blast|p1a: Clefcum\n|-damage|p1a: Clefcum|65\/100\n|-status|p1a: Clefcum|brn\n|move|p1a: Clefcum|Cosmic Power|p1a: Clefcum\n|-boost|p1a: Clefcum|def|1\n|-boost|p1a: Clefcum|spd|1\n|\n|upkeep\n|turn|13\n|\n|t:|1699995068\n|move|p2a: Chandelure|Shadow Ball|p1a: Clefcum\n|-damage|p1a: Clefcum|44\/100 brn\n|-unboost|p1a: Clefcum|spd|1\n|move|p1a: Clefcum|Moonlight|p1a: Clefcum\n|-heal|p1a: Clefcum|94\/100 brn\n|\n|upkeep\n|turn|14\n|\n|t:|1699995072\n|move|p2a: Chandelure|Shadow Ball|p1a: Clefcum\n|-damage|p1a: Clefcum|65\/100 brn\n|move|p1a: Clefcum|Cosmic Power|p1a: Clefcum\n|-boost|p1a: Clefcum|def|1\n|-boost|p1a: Clefcum|spd|1\n|\n|upkeep\n|turn|15\n|\n|t:|1699995082\n|move|p2a: Chandelure|Shadow Ball|p1a: Clefcum\n|-damage|p1a: Clefcum|44\/100 brn\n|move|p1a: Clefcum|Moonlight|p1a: Clefcum\n|-heal|p1a: Clefcum|94\/100 brn\n|\n|upkeep\n|turn|16\n|\n|t:|1699995086\n|move|p2a: Chandelure|Shadow Ball|p1a: Clefcum\n|-damage|p1a: Clefcum|74\/100 brn\n|move|p1a: Clefcum|Cosmic Power|p1a: Clefcum\n|-boost|p1a: Clefcum|def|1\n|-boost|p1a: Clefcum|spd|1\n|\n|upkeep\n|turn|17\n|\n|t:|1699995092\n|switch|p2a: Gholdengo|Gholdengo|30\/100\n|move|p1a: Clefcum|Stored Power|p2a: Gholdengo\n|-resisted|p2a: Gholdengo\n|-damage|p2a: Gholdengo|0 fnt\n|faint|p2a: Gholdengo\n|\n|upkeep\n|\n|t:|1699995097\n|switch|p2a: Garganacl|Garganacl, M|100\/100\n|turn|18\n|\n|t:|1699995105\n|move|p1a: Clefcum|Cosmic Power|p1a: Clefcum\n|-boost|p1a: Clefcum|def|1\n|-boost|p1a: Clefcum|spd|1\n|move|p2a: Garganacl|Earthquake|p1a: Clefcum\n|-damage|p1a: Clefcum|68\/100 brn\n|\n|upkeep\n|turn|19\n|\n|t:|1699995109\n|switch|p2a: Salamence|Salamence, M|100\/100\n|move|p1a: Clefcum|Cosmic Power|p1a: Clefcum\n|-boost|p1a: Clefcum|def|1\n|-boost|p1a: Clefcum|spd|1\n|\n|upkeep\n|turn|20\n|\n|t:|1699995114\n|move|p2a: Salamence|Iron Head|p1a: Clefcum\n|-supereffective|p1a: Clefcum\n|-damage|p1a: Clefcum|55\/100 brn\n|move|p1a: Clefcum|Stored Power|p2a: Salamence\n|-damage|p2a: Salamence|0 fnt\n|faint|p2a: Salamence\n|\n|upkeep\n|\n|t:|1699995123\n|switch|p2a: Rillaboom|Rillaboom, M|71\/100 par\n|-fieldstart|move: Grassy Terrain|[from] ability: Grassy Surge|[of] p2a: Rillaboom\n|turn|21\n|\n|t:|1699995129\n|move|p1a: Clefcum|Moonlight|p1a: Clefcum\n|-heal|p1a: Clefcum|100\/100 brn\n|move|p2a: Rillaboom|Knock Off|p1a: Clefcum\n|-resisted|p1a: Clefcum\n|-damage|p1a: Clefcum|95\/100 brn\n|-enditem|p1a: Clefcum|Life Orb|[from] move: Knock Off|[of] p2a: Rillaboom\n|\n|-heal|p1a: Clefcum|100\/100 brn|[from] Grassy Terrain\n|-heal|p2a: Rillaboom|77\/100 par|[from] Grassy Terrain\n|upkeep\n|turn|22\n|-message|GoTE Heartless forfeited.\n|\n|win|Nightngale\n|raw|Nightngale's rating: 1310 &rarr; <strong>1336<\/strong><br \/>(+26 for winning)\n|raw|GoTE Heartless's rating: 1417 &rarr; <strong>1391<\/strong><br \/>(-26 for losing)\n|l|\u2606GoTE Heartless\n","uploadtime":1699995147,"views":5,"p1id":"nightngale","p2id":"goteheartless","formatid":"gen9ou","rating":1336,"private":0,"password":""}