{"id":"gen9ou-1993609077","p1":"DBWizard","p2":"fly for you","format":"[Gen 9] OU","log":"|j|\u2606DBWizard\n|j|\u2606fly for you\n|t:|1700337085\n|gametype|singles\n|player|p1|DBWizard|ingo|1052\n|player|p2|fly for you|101|1096\n|teamsize|p1|6\n|teamsize|p2|6\n|gen|9\n|tier|[Gen 9] OU\n|rated|\n|rule|Sleep Clause Mod: Limit one foe put to sleep\n|rule|Species Clause: Limit one of each Pok\u00e9mon\n|rule|OHKO Clause: OHKO moves are banned\n|rule|Evasion Items Clause: Evasion items are banned\n|rule|Evasion Moves Clause: Evasion moves are banned\n|rule|Endless Battle Clause: Forcing endless battles is banned\n|rule|HP Percentage Mod: HP is shown in percentages\n|clearpoke\n|poke|p1|Gholdengo|\n|poke|p1|Garganacl, M|\n|poke|p1|Sneasler, F|\n|poke|p1|Walking Wake|\n|poke|p1|Landorus-Therian, M|\n|poke|p1|Kingambit, M|\n|poke|p2|Muk-Alola, F|\n|poke|p2|Walking Wake|\n|poke|p2|Amoonguss, F|\n|poke|p2|Chandelure, F|\n|poke|p2|Torkoal, M|\n|poke|p2|Zapdos|\n|teampreview\n|inactive|Battle timer is ON: inactive players will automatically lose when time's up. (requested by DBWizard)\n|\n|t:|1700337095\n|start\n|switch|p1a: Jimmy Nuetron|Garganacl, M|100\/100\n|switch|p2a: Muk|Muk-Alola, F|100\/100\n|turn|1\n|\n|t:|1700337099\n|move|p2a: Muk|Knock Off|p1a: Jimmy Nuetron\n|-damage|p1a: Jimmy Nuetron|82\/100\n|-enditem|p1a: Jimmy Nuetron|Leftovers|[from] move: Knock Off|[of] p2a: Muk\n|move|p1a: Jimmy Nuetron|Stealth Rock|p2a: Muk\n|-sidestart|p2: fly for you|move: Stealth Rock\n|\n|upkeep\n|turn|2\n|\n|t:|1700337108\n|move|p2a: Muk|Drain Punch|p1a: Jimmy Nuetron\n|-supereffective|p1a: Jimmy Nuetron\n|-damage|p1a: Jimmy Nuetron|64\/100\n|move|p1a: Jimmy Nuetron|Salt Cure|p2a: Muk\n|-damage|p2a: Muk|89\/100\n|-start|p2a: Muk|Salt Cure\n|\n|-heal|p2a: Muk|96\/100|[from] item: Leftovers\n|-damage|p2a: Muk|83\/100|[from] Salt Cure\n|upkeep\n|turn|3\n|\n|t:|1700337117\n|move|p2a: Muk|Drain Punch|p1a: Jimmy Nuetron\n|-supereffective|p1a: Jimmy Nuetron\n|-damage|p1a: Jimmy Nuetron|44\/100\n|-heal|p2a: Muk|93\/100|[from] drain|[of] p1a: Jimmy Nuetron\n|move|p1a: Jimmy Nuetron|Recover|p1a: Jimmy Nuetron\n|-heal|p1a: Jimmy Nuetron|94\/100\n|\n|-heal|p2a: Muk|99\/100|[from] item: Leftovers\n|-damage|p2a: Muk|87\/100|[from] Salt Cure\n|upkeep\n|turn|4\n|\n|t:|1700337126\n|move|p1a: Jimmy Nuetron|Protect|p1a: Jimmy Nuetron\n|-singleturn|p1a: Jimmy Nuetron|Protect\n|move|p2a: Muk|Disable|p1a: Jimmy Nuetron\n|-activate|p1a: Jimmy Nuetron|move: Protect\n|\n|-heal|p2a: Muk|93\/100|[from] item: Leftovers\n|-damage|p2a: Muk|81\/100|[from] Salt Cure\n|upkeep\n|turn|5\n|\n|t:|1700337139\n|switch|p1a: Its landover|Landorus-Therian, M|100\/100\n|-ability|p1a: Its landover|Intimidate|boost\n|-unboost|p2a: Muk|atk|1\n|move|p2a: Muk|Disable||[still]\n|-fail|p2a: Muk\n|\n|-heal|p2a: Muk|87\/100|[from] item: Leftovers\n|-damage|p2a: Muk|74\/100|[from] Salt Cure\n|upkeep\n|turn|6\n|\n|t:|1700337153\n|switch|p2a: Zapdos|Zapdos|100\/100\n|-ability|p2a: Zapdos|Pressure\n|move|p1a: Its landover|Taunt|p2a: Zapdos\n|-start|p2a: Zapdos|move: Taunt\n|\n|upkeep\n|turn|7\n|\n|t:|1700337164\n|move|p2a: Zapdos|Drill Peck|p1a: Its landover\n|-damage|p1a: Its landover|65\/100\n|move|p1a: Its landover|U-turn|p2a: Zapdos\n|-resisted|p2a: Zapdos\n|-damage|p2a: Zapdos|84\/100\n|\n|t:|1700337179\n|switch|p1a: We Walking Back|Walking Wake|100\/100|[from] U-turn\n|\n|upkeep\n|turn|8\n|\n|t:|1700337189\n|move|p1a: We Walking Back|Draco Meteor|p2a: Zapdos\n|-damage|p2a: Zapdos|0 fnt\n|-unboost|p1a: We Walking Back|spa|2\n|faint|p2a: Zapdos\n|\n|upkeep\n|\n|t:|1700337194\n|switch|p2a: Amoonguss|Amoonguss, F|100\/100\n|-damage|p2a: Amoonguss|88\/100|[from] Stealth Rock\n|turn|9\n|\n|t:|1700337199\n|-end|p1a: We Walking Back|Protosynthesis|[silent]\n|switch|p1a: Printinyobogos|Gholdengo|100\/100\n|move|p2a: Amoonguss|Clear Smog|p1a: Printinyobogos\n|-immune|p1a: Printinyobogos\n|\n|-heal|p2a: Amoonguss|94\/100|[from] item: Leftovers\n|upkeep\n|turn|10\n|\n|t:|1700337210\n|move|p1a: Printinyobogos|Nasty Plot|p1a: Printinyobogos\n|-boost|p1a: Printinyobogos|spa|2\n|move|p2a: Amoonguss|Clear Smog|p1a: Printinyobogos\n|-immune|p1a: Printinyobogos\n|\n|-heal|p2a: Amoonguss|100\/100|[from] item: Leftovers\n|upkeep\n|turn|11\n|\n|t:|1700337220\n|switch|p2a: Muk|Muk-Alola, F|74\/100\n|-damage|p2a: Muk|62\/100|[from] Stealth Rock\n|move|p1a: Printinyobogos|Make It Rain|p2a: Muk\n|-damage|p2a: Muk|0 fnt\n|-unboost|p1a: Printinyobogos|spa|1\n|faint|p2a: Muk\n|\n|upkeep\n|\n|t:|1700337238\n|switch|p2a: Walking Wake|Walking Wake|100\/100\n|-damage|p2a: Walking Wake|88\/100|[from] Stealth Rock\n|-enditem|p2a: Walking Wake|Booster Energy\n|-activate|p2a: Walking Wake|ability: Protosynthesis|[fromitem]\n|-start|p2a: Walking Wake|protosynthesisspe\n|turn|12\n|\n|t:|1700337251\n|move|p2a: Walking Wake|Flamethrower|p1a: Printinyobogos\n|-supereffective|p1a: Printinyobogos\n|-damage|p1a: Printinyobogos|41\/100\n|move|p1a: Printinyobogos|Shadow Ball|p2a: Walking Wake\n|-damage|p2a: Walking Wake|29\/100\n|\n|upkeep\n|turn|13\n|\n|t:|1700337258\n|switch|p1a: We Walking Back|Walking Wake|100\/100\n|move|p2a: Walking Wake|Flamethrower|p1a: We Walking Back\n|-resisted|p1a: We Walking Back\n|-damage|p1a: We Walking Back|93\/100\n|\n|upkeep\n|turn|14\n|\n|t:|1700337265\n|move|p2a: Walking Wake|Dragon Pulse|p1a: We Walking Back\n|-supereffective|p1a: We Walking Back\n|-damage|p1a: We Walking Back|11\/100\n|move|p1a: We Walking Back|Dragon Pulse|p2a: Walking Wake\n|-supereffective|p2a: Walking Wake\n|-damage|p2a: Walking Wake|0 fnt\n|faint|p2a: Walking Wake\n|-end|p2a: Walking Wake|Protosynthesis|[silent]\n|\n|upkeep\n|\n|t:|1700337272\n|switch|p2a: Amoonguss|Amoonguss, F|100\/100\n|-damage|p2a: Amoonguss|88\/100|[from] Stealth Rock\n|turn|15\n|\n|t:|1700337281\n|-end|p1a: We Walking Back|Protosynthesis|[silent]\n|switch|p1a: Printinyobogos|Gholdengo|41\/100\n|move|p2a: Amoonguss|Spore|p1a: Printinyobogos\n|-immune|p1a: Printinyobogos|[from] ability: Good as Gold\n|\n|-heal|p2a: Amoonguss|94\/100|[from] item: Leftovers\n|upkeep\n|turn|16\n|\n|t:|1700337289\n|switch|p2a: Torkoal|Torkoal, M|100\/100\n|-damage|p2a: Torkoal|76\/100|[from] Stealth Rock\n|-weather|SunnyDay|[from] ability: Drought|[of] p2a: Torkoal\n|move|p1a: Printinyobogos|Nasty Plot|p1a: Printinyobogos\n|-boost|p1a: Printinyobogos|spa|2\n|\n|-weather|SunnyDay|[upkeep]\n|upkeep\n|turn|17\n|\n|t:|1700337298\n|move|p1a: Printinyobogos|Shadow Ball|p2a: Torkoal\n|-damage|p2a: Torkoal|0 fnt\n|faint|p2a: Torkoal\n|\n|-weather|SunnyDay|[upkeep]\n|upkeep\n|\n|t:|1700337304\n|switch|p2a: Chandelure|Chandelure, F|100\/100\n|-damage|p2a: Chandelure|76\/100|[from] Stealth Rock\n|turn|18\n|\n|t:|1700337309\n|move|p1a: Printinyobogos|Shadow Ball|p2a: Chandelure\n|-supereffective|p2a: Chandelure\n|-damage|p2a: Chandelure|0 fnt\n|faint|p2a: Chandelure\n|\n|-weather|SunnyDay|[upkeep]\n|upkeep\n|\n|t:|1700337315\n|switch|p2a: Amoonguss|Amoonguss, F|100\/100\n|-damage|p2a: Amoonguss|88\/100|[from] Stealth Rock\n|turn|19\n|\n|t:|1700337320\n|-terastallize|p2a: Amoonguss|Poison\n|move|p1a: Printinyobogos|Make It Rain|p2a: Amoonguss\n|-damage|p2a: Amoonguss|0 fnt\n|-unboost|p1a: Printinyobogos|spa|1\n|faint|p2a: Amoonguss\n|\n|win|DBWizard\n|raw|DBWizard's rating: 1052 &rarr; <strong>1088<\/strong><br \/>(+36 for winning)\n|raw|fly for you's rating: 1096 &rarr; <strong>1069<\/strong><br \/>(-27 for losing)\n|c|\u2606DBWizard|gg\n|l|\u2606fly for you\n","uploadtime":1700337333,"views":14,"p1id":"dbwizard","p2id":"flyforyou","formatid":"gen9ou","rating":1069,"private":0,"password":""}