{"id":"gen9ou-1996677404","p1":"41udson","p2":"Lime832","format":"[Gen 9] OU","log":"|j|\u260641udson\n|j|\u2606Lime832\n|t:|1700708512\n|gametype|singles\n|player|p1|41udson|hilbert-masters2|1387\n|player|p2|Lime832|266|1325\n|teamsize|p1|6\n|teamsize|p2|6\n|gen|9\n|tier|[Gen 9] OU\n|rated|\n|rule|Sleep Clause Mod: Limit one foe put to sleep\n|rule|Species Clause: Limit one of each Pok\u00e9mon\n|rule|OHKO Clause: OHKO moves are banned\n|rule|Evasion Items Clause: Evasion items are banned\n|rule|Evasion Moves Clause: Evasion moves are banned\n|rule|Endless Battle Clause: Forcing endless battles is banned\n|rule|HP Percentage Mod: HP is shown in percentages\n|clearpoke\n|poke|p1|Klefki, M|\n|poke|p1|Blissey, F|\n|poke|p1|Toxapex, M|\n|poke|p1|Corviknight, M|\n|poke|p1|Hatterene, F|\n|poke|p1|Kommo-o, M|\n|poke|p2|Zapdos|\n|poke|p2|Kingambit, M|\n|poke|p2|Cinderace, F|\n|poke|p2|Dragonite, M|\n|poke|p2|Great Tusk|\n|poke|p2|Iron Valiant|\n|teampreview\n|inactive|Battle timer is ON: inactive players will automatically lose when time's up. (requested by 41udson)\n|inactive|Lime832 also wants the timer to be on.\n|\n|t:|1700708527\n|start\n|switch|p1a: Blissey|Blissey, F|100\/100\n|switch|p2a: Zapdos|Zapdos|100\/100\n|turn|1\n|\n|t:|1700708543\n|switch|p2a: Cinderace|Cinderace, F|100\/100\n|move|p1a: Blissey|Seismic Toss|p2a: Cinderace\n|-damage|p2a: Cinderace|67\/100\n|\n|upkeep\n|turn|2\n|\n|t:|1700708560\n|switch|p1a: Toxapex|Toxapex, M|100\/100\n|move|p2a: Cinderace|Pyro Ball|p1a: Toxapex\n|-resisted|p1a: Toxapex\n|-damage|p1a: Toxapex|83\/100\n|\n|upkeep\n|turn|3\n|\n|t:|1700708578\n|move|p2a: Cinderace|U-turn|p1a: Toxapex\n|-start|p2a: Cinderace|typechange|Bug|[from] ability: Libero\n|-resisted|p1a: Toxapex\n|-damage|p1a: Toxapex|73\/100\n|-damage|p2a: Cinderace|51\/100|[from] item: Rocky Helmet|[of] p1a: Toxapex\n|inactive|Lime832 has 120 seconds left.\n|\n|t:|1700708588\n|switch|p2a: Zapdos|Zapdos|100\/100|[from] U-turn\n|move|p1a: Toxapex|Surf|p2a: Zapdos\n|-damage|p2a: Zapdos|85\/100\n|\n|upkeep\n|turn|4\n|inactive|Lime832 has 120 seconds left.\n|\n|t:|1700708600\n|switch|p1a: Blissey|Blissey, F|100\/100\n|move|p2a: Zapdos|Discharge|p1a: Blissey\n|-damage|p1a: Blissey|87\/100\n|\n|upkeep\n|turn|5\n|inactive|Lime832 has 120 seconds left.\n|\n|t:|1700708616\n|switch|p2a: Cinderace|Cinderace, F|51\/100\n|move|p1a: Blissey|Seismic Toss|p2a: Cinderace\n|-damage|p2a: Cinderace|17\/100\n|\n|upkeep\n|turn|6\n|inactive|Lime832 has 120 seconds left.\n|\n|t:|1700708623\n|switch|p1a: Toxapex|Toxapex, M|100\/100\n|move|p2a: Cinderace|U-turn|p1a: Toxapex\n|-start|p2a: Cinderace|typechange|Bug|[from] ability: Libero\n|-resisted|p1a: Toxapex\n|-damage|p1a: Toxapex|91\/100\n|-damage|p2a: Cinderace|1\/100|[from] item: Rocky Helmet|[of] p1a: Toxapex\n|inactive|Lime832 has 120 seconds left.\n|\n|t:|1700708636\n|switch|p2a: Great Tusk|Great Tusk|100\/100|[from] U-turn\n|\n|upkeep\n|turn|7\n|inactive|Lime832 has 120 seconds left.\n|\n|t:|1700708654\n|switch|p1a: Corviknight|Corviknight, M|100\/100\n|move|p2a: Great Tusk|Bulk Up|p2a: Great Tusk\n|-boost|p2a: Great Tusk|atk|1\n|-boost|p2a: Great Tusk|def|1\n|\n|upkeep\n|turn|8\n|\n|t:|1700708666\n|move|p2a: Great Tusk|Rapid Spin|p1a: Corviknight\n|-resisted|p1a: Corviknight\n|-damage|p1a: Corviknight|92\/100\n|-boost|p2a: Great Tusk|spe|1\n|move|p1a: Corviknight|Brave Bird|p2a: Great Tusk\n|-supereffective|p2a: Great Tusk\n|-damage|p2a: Great Tusk|66\/100\n|-damage|p1a: Corviknight|82\/100|[from] Recoil\n|\n|-heal|p2a: Great Tusk|72\/100|[from] item: Leftovers\n|-heal|p1a: Corviknight|88\/100|[from] item: Leftovers\n|upkeep\n|turn|9\n|inactive|Lime832 has 120 seconds left.\n|\n|t:|1700708681\n|move|p2a: Great Tusk|Bulk Up|p2a: Great Tusk\n|-boost|p2a: Great Tusk|atk|1\n|-boost|p2a: Great Tusk|def|1\n|move|p1a: Corviknight|Brave Bird|p2a: Great Tusk\n|-supereffective|p2a: Great Tusk\n|-damage|p2a: Great Tusk|43\/100\n|-damage|p1a: Corviknight|79\/100|[from] Recoil\n|\n|-heal|p2a: Great Tusk|49\/100|[from] item: Leftovers\n|-heal|p1a: Corviknight|85\/100|[from] item: Leftovers\n|upkeep\n|turn|10\n|\n|t:|1700708699\n|-terastallize|p2a: Great Tusk|Ice\n|move|p2a: Great Tusk|Bulk Up|p2a: Great Tusk\n|-boost|p2a: Great Tusk|atk|1\n|-boost|p2a: Great Tusk|def|1\n|move|p1a: Corviknight|Brave Bird|p2a: Great Tusk\n|-damage|p2a: Great Tusk|38\/100\n|-damage|p1a: Corviknight|82\/100|[from] Recoil\n|\n|-heal|p2a: Great Tusk|45\/100|[from] item: Leftovers\n|-heal|p1a: Corviknight|88\/100|[from] item: Leftovers\n|upkeep\n|turn|11\n|\n|t:|1700708713\n|move|p2a: Great Tusk|Ice Spinner|p1a: Corviknight\n|-damage|p1a: Corviknight|22\/100\n|move|p1a: Corviknight|Body Press|p2a: Great Tusk\n|-supereffective|p2a: Great Tusk\n|-damage|p2a: Great Tusk|30\/100\n|\n|-heal|p2a: Great Tusk|36\/100|[from] item: Leftovers\n|-heal|p1a: Corviknight|29\/100|[from] item: Leftovers\n|upkeep\n|turn|12\n|\n|t:|1700708724\n|switch|p1a: Klefki|Klefki, M|100\/100\n|move|p2a: Great Tusk|Ice Spinner|p1a: Klefki\n|-resisted|p1a: Klefki\n|-damage|p1a: Klefki|37\/100\n|\n|-heal|p2a: Great Tusk|42\/100|[from] item: Leftovers\n|upkeep\n|turn|13\n|\n|t:|1700708733\n|move|p1a: Klefki|Reflect|p1a: Klefki\n|-sidestart|p1: 41udson|Reflect\n|move|p2a: Great Tusk|Ice Spinner|p1a: Klefki\n|-resisted|p1a: Klefki\n|-damage|p1a: Klefki|7\/100\n|\n|-heal|p2a: Great Tusk|49\/100|[from] item: Leftovers\n|upkeep\n|turn|14\n|\n|t:|1700708743\n|move|p1a: Klefki|Thunder Wave|p2a: Great Tusk\n|-status|p2a: Great Tusk|par\n|move|p2a: Great Tusk|Ice Spinner|p1a: Klefki\n|-resisted|p1a: Klefki\n|-damage|p1a: Klefki|0 fnt\n|faint|p1a: Klefki\n|\n|-heal|p2a: Great Tusk|55\/100 par|[from] item: Leftovers\n|upkeep\n|\n|t:|1700708751\n|switch|p1a: Toxapex|Toxapex, M|100\/100\n|turn|15\n|inactive|Lime832 has 120 seconds left.\n|\n|t:|1700708757\n|move|p2a: Great Tusk|Earthquake|p1a: Toxapex\n|-supereffective|p1a: Toxapex\n|-damage|p1a: Toxapex|27\/100\n|move|p1a: Toxapex|Haze|p1a: Toxapex\n|-clearallboost\n|\n|-heal|p2a: Great Tusk|61\/100 par|[from] item: Leftovers\n|upkeep\n|turn|16\n|inactive|Lime832 has 120 seconds left.\n|\n|t:|1700708769\n|switch|p1a: Kommo-o|Kommo-o, M|100\/100\n|move|p2a: Great Tusk|Bulk Up|p2a: Great Tusk\n|-boost|p2a: Great Tusk|atk|1\n|-boost|p2a: Great Tusk|def|1\n|\n|-heal|p2a: Great Tusk|67\/100 par|[from] item: Leftovers\n|upkeep\n|turn|17\n|inactive|Lime832 has 120 seconds left.\n|\n|t:|1700708780\n|-end|p2a: Great Tusk|Protosynthesis|[silent]\n|switch|p2a: Zapdos|Zapdos|85\/100\n|-terastallize|p1a: Kommo-o|Normal\n|move|p1a: Kommo-o|Clangorous Soul|p1a: Kommo-o\n|-boost|p1a: Kommo-o|atk|1\n|-boost|p1a: Kommo-o|def|1\n|-boost|p1a: Kommo-o|spa|1\n|-boost|p1a: Kommo-o|spd|1\n|-boost|p1a: Kommo-o|spe|1\n|-damage|p1a: Kommo-o|68\/100\n|\n|upkeep\n|turn|18\n|inactive|Lime832 has 120 seconds left.\n|\n|t:|1700708794\n|move|p1a: Kommo-o|Clangorous Soul|p1a: Kommo-o\n|-boost|p1a: Kommo-o|atk|1\n|-boost|p1a: Kommo-o|def|1\n|-boost|p1a: Kommo-o|spa|1\n|-boost|p1a: Kommo-o|spd|1\n|-boost|p1a: Kommo-o|spe|1\n|-damage|p1a: Kommo-o|35\/100\n|move|p2a: Zapdos|Discharge|p1a: Kommo-o\n|-damage|p1a: Kommo-o|12\/100\n|-enditem|p1a: Kommo-o|Iapapa Berry|[eat]\n|-heal|p1a: Kommo-o|45\/100|[from] item: Iapapa Berry\n|\n|upkeep\n|turn|19\n|inactive|Lime832 has 120 seconds left.\n|\n|t:|1700708806\n|move|p1a: Kommo-o|Boomburst|p2a: Zapdos\n|-damage|p2a: Zapdos|0 fnt\n|faint|p2a: Zapdos\n|\n|upkeep\n|inactive|Lime832 has 120 seconds left.\n|\n|t:|1700708813\n|switch|p2a: Cinderace|Cinderace, F|1\/100\n|turn|20\n|\n|t:|1700708821\n|move|p1a: Kommo-o|Boomburst|p2a: Cinderace\n|-damage|p2a: Cinderace|0 fnt\n|faint|p2a: Cinderace\n|\n|-sideend|p1: 41udson|Reflect\n|upkeep\n|\n|t:|1700708831\n|switch|p2a: Dragonite|Dragonite, M|100\/100\n|turn|21\n|\n|t:|1700708838\n|move|p1a: Kommo-o|Clanging Scales|p2a: Dragonite\n|-supereffective|p2a: Dragonite\n|-damage|p2a: Dragonite|0 fnt\n|faint|p2a: Dragonite\n|-unboost|p1a: Kommo-o|def|1\n|\n|upkeep\n|inactive|Lime832 has 120 seconds left.\n|\n|t:|1700708855\n|switch|p2a: Kingambit|Kingambit, M|100\/100\n|-activate|p2a: Kingambit|ability: Supreme Overlord\n|-start|p2a: Kingambit|fallen3|[silent]\n|turn|22\n|\n|t:|1700708863\n|move|p1a: Kommo-o|Drain Punch|p2a: Kingambit\n|-supereffective|p2a: Kingambit\n|-damage|p2a: Kingambit|0 fnt\n|-heal|p1a: Kommo-o|100\/100|[from] drain|[of] p2a: Kingambit\n|faint|p2a: Kingambit\n|-end|p2a: Kingambit|fallen3|[silent]\n|\n|upkeep\n|-message|Lime832 forfeited.\n|\n|win|41udson\n|raw|41udson's rating: 1387 &rarr; <strong>1403<\/strong><br \/>(+16 for winning)\n|raw|Lime832's rating: 1325 &rarr; <strong>1309<\/strong><br \/>(-16 for losing)\n|l|\u2606Lime832\n","uploadtime":1700708899,"views":2,"p1id":"41udson","p2id":"lime832","formatid":"gen9ou","rating":1309,"private":0,"password":""}