{"id":"gen9ou-1991719482","p1":"jumboDorito","p2":"Ogoerpimp","format":"[Gen 9] OU","log":"|j|\u2606jumboDorito\n|j|\u2606Ogoerpimp\n|t:|1700106635\n|gametype|singles\n|player|p1|jumboDorito|juan|1101\n|player|p2|Ogoerpimp|brycen|1202\n|teamsize|p1|6\n|teamsize|p2|6\n|gen|9\n|tier|[Gen 9] OU\n|rated|\n|rule|Sleep Clause Mod: Limit one foe put to sleep\n|rule|Species Clause: Limit one of each Pok\u00e9mon\n|rule|OHKO Clause: OHKO moves are banned\n|rule|Evasion Items Clause: Evasion items are banned\n|rule|Evasion Moves Clause: Evasion moves are banned\n|rule|Endless Battle Clause: Forcing endless battles is banned\n|rule|HP Percentage Mod: HP is shown in percentages\n|clearpoke\n|poke|p1|Arbok, M|\n|poke|p1|Ariados, M|\n|poke|p1|Munkidori, M|\n|poke|p1|Toxapex, F|\n|poke|p1|Glimmora, F|\n|poke|p1|Muk, F|\n|poke|p2|Dragapult, M|\n|poke|p2|Garganacl, M|\n|poke|p2|Iron Moth|\n|poke|p2|Ogerpon-Wellspring, F|\n|poke|p2|Zapdos|\n|poke|p2|Weezing-Galar, F|\n|teampreview\n|inactive|Battle timer is ON: inactive players will automatically lose when time's up. (requested by Ogoerpimp)\n|\n|t:|1700106657\n|start\n|switch|p1a: Daddy Long Legs|Ariados, M|100\/100\n|switch|p2a: Garganacl|Garganacl, M, shiny|100\/100\n|turn|1\n|\n|t:|1700106681\n|move|p1a: Daddy Long Legs|Knock Off|p2a: Garganacl\n|-damage|p2a: Garganacl|86\/100\n|-enditem|p2a: Garganacl|Leftovers|[from] move: Knock Off|[of] p1a: Daddy Long Legs\n|move|p2a: Garganacl|Salt Cure|p1a: Daddy Long Legs\n|-supereffective|p1a: Daddy Long Legs\n|-damage|p1a: Daddy Long Legs|62\/100\n|-start|p1a: Daddy Long Legs|Salt Cure\n|\n|-damage|p1a: Daddy Long Legs|50\/100|[from] Salt Cure\n|upkeep\n|turn|2\n|\n|t:|1700106690\n|move|p1a: Daddy Long Legs|Sticky Web|p2a: Garganacl\n|-sidestart|p2: Ogoerpimp|move: Sticky Web\n|move|p2a: Garganacl|Salt Cure|p1a: Daddy Long Legs\n|-supereffective|p1a: Daddy Long Legs\n|-damage|p1a: Daddy Long Legs|12\/100\n|\n|-damage|p1a: Daddy Long Legs|0 fnt|[from] Salt Cure\n|faint|p1a: Daddy Long Legs\n|upkeep\n|\n|t:|1700106698\n|switch|p1a: Happy|Glimmora, F|100\/100\n|turn|3\n|\n|t:|1700106704\n|move|p1a: Happy|Energy Ball|p2a: Garganacl\n|-supereffective|p2a: Garganacl\n|-damage|p2a: Garganacl|32\/100\n|-damage|p1a: Happy|91\/100|[from] item: Life Orb\n|move|p2a: Garganacl|Body Press|p1a: Happy\n|-damage|p1a: Happy|64\/100\n|-activate|p1a: Happy|ability: Toxic Debris\n|-sidestart|p2: Ogoerpimp|move: Toxic Spikes\n|\n|upkeep\n|turn|4\n|\n|t:|1700106711\n|move|p1a: Happy|Earth Power|p2a: Garganacl\n|-supereffective|p2a: Garganacl\n|-damage|p2a: Garganacl|0 fnt\n|faint|p2a: Garganacl\n|-damage|p1a: Happy|55\/100|[from] item: Life Orb\n|\n|upkeep\n|\n|t:|1700106718\n|switch|p2a: Iron Moth|Iron Moth|100\/100\n|-item|p2a: Iron Moth|Air Balloon\n|turn|5\n|\n|t:|1700106732\n|-end|p2a: Iron Moth|Quark Drive|[silent]\n|switch|p2a: Weezing|Weezing-Galar, F|100\/100\n|-ability|p2a: Weezing|Neutralizing Gas\n|-activate|p2a: Weezing|move: Sticky Web\n|-unboost|p2a: Weezing|spe|1\n|-sideend|p2: Ogoerpimp|move: Toxic Spikes|[of] p2a: Weezing\n|switch|p1a: Yummy|Muk, F|100\/100\n|\n|upkeep\n|turn|6\n|\n|t:|1700106739\n|move|p1a: Yummy|Curse|p1a: Yummy\n|-unboost|p1a: Yummy|spe|1\n|-boost|p1a: Yummy|atk|1\n|-boost|p1a: Yummy|def|1\n|move|p2a: Weezing|Defog|p1a: Yummy\n|-unboost|p1a: Yummy|evasion|1\n|-sideend|p2: Ogoerpimp|Sticky Web|[from] move: Defog|[of] p2a: Weezing\n|\n|upkeep\n|turn|7\n|\n|t:|1700106752\n|-end|p2a: Weezing|ability: Neutralizing Gas\n|switch|p2a: Ogerpon|Ogerpon-Wellspring, F|100\/100\n|move|p1a: Yummy|Curse|p1a: Yummy\n|-unboost|p1a: Yummy|spe|1\n|-boost|p1a: Yummy|atk|1\n|-boost|p1a: Yummy|def|1\n|\n|upkeep\n|turn|8\n|\n|t:|1700106759\n|-terastallize|p2a: Ogerpon|Water\n|detailschange|p2a: Ogerpon|Ogerpon-Wellspring-Tera, F, tera:Water\n|-ability|p2a: Ogerpon|Embody Aspect (Wellspring)|boost\n|-boost|p2a: Ogerpon|spd|1\n|move|p2a: Ogerpon|Swords Dance|p2a: Ogerpon\n|-boost|p2a: Ogerpon|atk|2\n|move|p1a: Yummy|Drain Punch|p2a: Ogerpon\n|-damage|p2a: Ogerpon|41\/100\n|\n|upkeep\n|turn|9\n|\n|t:|1700106768\n|move|p2a: Ogerpon|Ivy Cudgel|p1a: Yummy|[anim] Ivy Cudgel Water\n|-damage|p1a: Yummy|23\/100\n|move|p1a: Yummy|Drain Punch|p2a: Ogerpon\n|-damage|p2a: Ogerpon|0 fnt\n|-heal|p1a: Yummy|38\/100|[from] drain|[of] p2a: Ogerpon\n|faint|p2a: Ogerpon\n|\n|upkeep\n|\n|t:|1700106772\n|switch|p2a: Dragapult|Dragapult, M, shiny|100\/100\n|turn|10\n|\n|t:|1700106779\n|move|p1a: Yummy|Shadow Sneak|p2a: Dragapult\n|-supereffective|p2a: Dragapult\n|-damage|p2a: Dragapult|25\/100\n|move|p2a: Dragapult|Shadow Ball|p1a: Yummy\n|-damage|p1a: Yummy|0 fnt\n|faint|p1a: Yummy\n|\n|upkeep\n|\n|t:|1700106794\n|switch|p1a: OU the Pex|Toxapex, F|100\/100\n|turn|11\n|\n|t:|1700106801\n|switch|p2a: Zapdos|Zapdos, shiny|100\/100\n|move|p1a: OU the Pex|Liquidation|p2a: Zapdos\n|-damage|p2a: Zapdos|60\/100\n|\n|upkeep\n|turn|12\n|\n|t:|1700106808\n|switch|p1a: Happy|Glimmora, F|55\/100\n|move|p2a: Zapdos|Discharge|p1a: Happy\n|-damage|p1a: Happy|7\/100\n|\n|upkeep\n|turn|13\n|\n|t:|1700106814\n|move|p1a: Happy|Stealth Rock|p2a: Zapdos\n|-sidestart|p2: Ogoerpimp|move: Stealth Rock\n|move|p2a: Zapdos|Discharge|p1a: Happy\n|-damage|p1a: Happy|0 fnt\n|faint|p1a: Happy\n|\n|upkeep\n|\n|t:|1700106822\n|switch|p1a: Sandwich Thief|Munkidori, M|100\/100\n|turn|14\n|\n|t:|1700106825\n|move|p1a: Sandwich Thief|Venoshock|p2a: Zapdos\n|-damage|p2a: Zapdos|21\/100\n|move|p2a: Zapdos|Discharge|p1a: Sandwich Thief\n|-crit|p1a: Sandwich Thief\n|-damage|p1a: Sandwich Thief|31\/100\n|\n|upkeep\n|turn|15\n|\n|t:|1700106832\n|move|p1a: Sandwich Thief|Venoshock|p2a: Zapdos\n|-damage|p2a: Zapdos|0 fnt\n|faint|p2a: Zapdos\n|\n|upkeep\n|\n|t:|1700106839\n|switch|p2a: Iron Moth|Iron Moth|100\/100\n|-damage|p2a: Iron Moth|76\/100|[from] Stealth Rock\n|-item|p2a: Iron Moth|Air Balloon\n|turn|16\n|\n|t:|1700106845\n|move|p1a: Sandwich Thief|Psyshock|p2a: Iron Moth\n|-supereffective|p2a: Iron Moth\n|-damage|p2a: Iron Moth|0 fnt\n|-enditem|p2a: Iron Moth|Air Balloon\n|faint|p2a: Iron Moth\n|-end|p2a: Iron Moth|Quark Drive|[silent]\n|\n|upkeep\n|\n|t:|1700106855\n|switch|p2a: Dragapult|Dragapult, M, shiny|25\/100\n|-damage|p2a: Dragapult|12\/100|[from] Stealth Rock\n|turn|17\n|\n|t:|1700106864\n|move|p2a: Dragapult|Shadow Ball|p1a: Sandwich Thief\n|-supereffective|p1a: Sandwich Thief\n|-damage|p1a: Sandwich Thief|0 fnt\n|faint|p1a: Sandwich Thief\n|\n|upkeep\n|\n|t:|1700106868\n|switch|p1a: Arbok|Arbok, M|100\/100\n|-ability|p1a: Arbok|Intimidate|boost\n|-unboost|p2a: Dragapult|atk|1\n|turn|18\n|\n|t:|1700106872\n|move|p2a: Dragapult|Shadow Ball|p1a: Arbok\n|-damage|p1a: Arbok|19\/100\n|-unboost|p1a: Arbok|spd|1\n|move|p1a: Arbok|Scale Shot|p2a: Dragapult\n|-supereffective|p2a: Dragapult\n|-damage|p2a: Dragapult|0 fnt\n|faint|p2a: Dragapult\n|-hitcount|p2: Dragapult|1\n|-unboost|p1a: Arbok|def|1\n|-boost|p1a: Arbok|spe|1\n|\n|upkeep\n|\n|t:|1700106878\n|switch|p2a: Weezing|Weezing-Galar, F|100\/100\n|-ability|p2a: Weezing|Neutralizing Gas\n|-damage|p2a: Weezing|88\/100|[from] Stealth Rock\n|turn|19\n|\n|t:|1700106890\n|move|p1a: Arbok|Earthquake|p2a: Weezing\n|-supereffective|p2a: Weezing\n|-damage|p2a: Weezing|36\/100\n|move|p2a: Weezing|Sludge Bomb|p1a: Arbok\n|-resisted|p1a: Arbok\n|-damage|p1a: Arbok|0 fnt\n|faint|p1a: Arbok\n|\n|-heal|p2a: Weezing|42\/100|[from] item: Leftovers\n|upkeep\n|\n|t:|1700106895\n|switch|p1a: OU the Pex|Toxapex, F|100\/100\n|turn|20\n|\n|t:|1700106900\n|move|p2a: Weezing|Sludge Bomb|p1a: OU the Pex\n|-resisted|p1a: OU the Pex\n|-damage|p1a: OU the Pex|85\/100\n|move|p1a: OU the Pex|Liquidation|p2a: Weezing\n|-damage|p2a: Weezing|0 fnt\n|faint|p2a: Weezing\n|-end|p2a: Weezing|ability: Neutralizing Gas\n|\n|win|jumboDorito\n|raw|jumboDorito's rating: 1101 &rarr; <strong>1133<\/strong><br \/>(+32 for winning)\n|raw|Ogoerpimp's rating: 1202 &rarr; <strong>1170<\/strong><br \/>(-32 for losing)\n|l|\u2606Ogoerpimp\n|c|\u2606jumboDorito|gg\n","uploadtime":1700106912,"views":8,"p1id":"jumbodorito","p2id":"ogoerpimp","formatid":"gen9ou","rating":1133,"private":0,"password":""}