{"id":"gen9ou-1988949929","p1":"Skaraptor2.1","p2":"Seaslugg22","format":"[Gen 9] OU","log":"|j|\u2606Skaraptor2.1\n|j|\u2606Seaslugg22\n|t:|1699793215\n|gametype|singles\n|player|p1|Skaraptor2.1|emma|1198\n|player|p2|Seaslugg22|grusha|1211\n|teamsize|p1|6\n|teamsize|p2|6\n|gen|9\n|tier|[Gen 9] OU\n|rated|\n|rule|Sleep Clause Mod: Limit one foe put to sleep\n|rule|Species Clause: Limit one of each Pok\u00e9mon\n|rule|OHKO Clause: OHKO moves are banned\n|rule|Evasion Items Clause: Evasion items are banned\n|rule|Evasion Moves Clause: Evasion moves are banned\n|rule|Endless Battle Clause: Forcing endless battles is banned\n|rule|HP Percentage Mod: HP is shown in percentages\n|clearpoke\n|poke|p1|Ribombee, M|\n|poke|p1|Ogerpon-Wellspring, F|\n|poke|p1|Iron Moth|\n|poke|p1|Zamazenta-*|\n|poke|p1|Iron Valiant|\n|poke|p1|Kingambit, F|\n|poke|p2|Cinderace, M|\n|poke|p2|Rillaboom, M|\n|poke|p2|Dragapult, F|\n|poke|p2|Sneasler, M|\n|poke|p2|Slowking-Galar, M|\n|poke|p2|Dondozo, M|\n|teampreview\n|inactive|Battle timer is ON: inactive players will automatically lose when time's up. (requested by Seaslugg22)\n|inactive|Skaraptor2.1 also wants the timer to be on.\n|\n|t:|1699793244\n|start\n|switch|p1a: Transfem|Ogerpon-Wellspring, F|100\/100\n|switch|p2a: Dragapult|Dragapult, F|100\/100\n|turn|1\n|\n|t:|1699793247\n|move|p2a: Dragapult|U-turn|p1a: Transfem\n|-supereffective|p1a: Transfem\n|-damage|p1a: Transfem|3\/100\n|\n|t:|1699793250\n|switch|p2a: Slowking|Slowking-Galar, M|100\/100|[from] U-turn\n|move|p1a: Transfem|Swords Dance|p1a: Transfem\n|-boost|p1a: Transfem|atk|2\n|\n|upkeep\n|turn|2\n|\n|t:|1699793254\n|switch|p2a: Dondozo|Dondozo, M|100\/100\n|move|p1a: Transfem|Ivy Cudgel|p2a: Dondozo\n|-resisted|p2a: Dondozo\n|-damage|p2a: Dondozo|88\/100\n|\n|upkeep\n|turn|3\n|\n|t:|1699793263\n|switch|p2a: Rillaboom|Rillaboom, M|100\/100\n|-fieldstart|move: Grassy Terrain|[from] ability: Grassy Surge|[of] p2a: Rillaboom\n|move|p1a: Transfem|Horn Leech|p2a: Rillaboom\n|-resisted|p2a: Rillaboom\n|-damage|p2a: Rillaboom|47\/100\n|-heal|p1a: Transfem|40\/100|[from] drain|[of] p2a: Rillaboom\n|-enditem|p2a: Rillaboom|Eject Button\n|\n|t:|1699793264\n|switch|p2a: Sneasler|Sneasler, M|100\/100\n|-enditem|p2a: Sneasler|Grassy Seed\n|-boost|p2a: Sneasler|def|1|[from] item: Grassy Seed\n|\n|-heal|p1a: Transfem|46\/100|[from] Grassy Terrain\n|upkeep\n|turn|4\n|\n|t:|1699793277\n|move|p2a: Sneasler|Acrobatics|p1a: Transfem\n|-supereffective|p1a: Transfem\n|-damage|p1a: Transfem|0 fnt\n|faint|p1a: Transfem\n|\n|upkeep\n|\n|t:|1699793279\n|switch|p1a: Twink|Ribombee, M|100\/100\n|turn|5\n|\n|t:|1699793282\n|move|p2a: Sneasler|Dire Claw|p1a: Twink\n|-supereffective|p1a: Twink\n|-enditem|p1a: Twink|Focus Sash\n|-damage|p1a: Twink|1\/100\n|move|p1a: Twink|Stun Spore|p2a: Sneasler\n|-status|p2a: Sneasler|par\n|\n|-heal|p1a: Twink|7\/100|[from] Grassy Terrain\n|upkeep\n|turn|6\n|\n|t:|1699793302\n|switch|p1a: Solar Panels|Iron Moth|100\/100\n|-enditem|p1a: Solar Panels|Booster Energy\n|-activate|p1a: Solar Panels|ability: Quark Drive|[fromitem]\n|-start|p1a: Solar Panels|quarkdrivespe\n|move|p2a: Sneasler|Acrobatics|p1a: Solar Panels\n|-damage|p1a: Solar Panels|24\/100\n|\n|-heal|p1a: Solar Panels|30\/100|[from] Grassy Terrain\n|upkeep\n|turn|7\n|\n|t:|1699793311\n|switch|p2a: Slowking|Slowking-Galar, M|100\/100\n|move|p1a: Solar Panels|Fiery Dance|p2a: Slowking\n|-damage|p2a: Slowking|75\/100\n|-boost|p1a: Solar Panels|spa|1\n|\n|-heal|p1a: Solar Panels|36\/100|[from] Grassy Terrain\n|-heal|p2a: Slowking|81\/100|[from] Grassy Terrain\n|-fieldend|move: Grassy Terrain\n|upkeep\n|turn|8\n|\n|t:|1699793321\n|move|p1a: Solar Panels|Substitute|p1a: Solar Panels\n|-start|p1a: Solar Panels|Substitute\n|-damage|p1a: Solar Panels|11\/100\n|move|p2a: Slowking|Future Sight|p1a: Solar Panels\n|-start|p2a: Slowking|move: Future Sight\n|\n|upkeep\n|turn|9\n|\n|t:|1699793324\n|move|p1a: Solar Panels|Fiery Dance|p2a: Slowking\n|-damage|p2a: Slowking|48\/100\n|-boost|p1a: Solar Panels|spa|1\n|move|p2a: Slowking|Psychic|p1a: Solar Panels\n|-supereffective|p1a: Solar Panels\n|-end|p1a: Solar Panels|Substitute\n|\n|upkeep\n|turn|10\n|\n|t:|1699793330\n|move|p1a: Solar Panels|Fiery Dance|p2a: Slowking\n|-damage|p2a: Slowking|0 fnt\n|-boost|p1a: Solar Panels|spa|1\n|faint|p2a: Slowking\n|\n|-end|p1a: Solar Panels|move: Future Sight\n|-supereffective|p1a: Solar Panels\n|-damage|p1a: Solar Panels|0 fnt\n|faint|p1a: Solar Panels\n|-end|p1a: Solar Panels|Quark Drive|[silent]\n|upkeep\n|\n|t:|1699793336\n|switch|p1a: Bigender|Iron Valiant|100\/100\n|switch|p2a: Dragapult|Dragapult, F|100\/100\n|-enditem|p1a: Bigender|Booster Energy\n|-activate|p1a: Bigender|ability: Quark Drive|[fromitem]\n|-start|p1a: Bigender|quarkdrivespe\n|turn|11\n|\n|t:|1699793341\n|move|p1a: Bigender|Calm Mind|p1a: Bigender\n|-boost|p1a: Bigender|spa|1\n|-boost|p1a: Bigender|spd|1\n|move|p2a: Dragapult|U-turn|p1a: Bigender\n|-resisted|p1a: Bigender\n|-damage|p1a: Bigender|89\/100\n|\n|t:|1699793344\n|switch|p2a: Dondozo|Dondozo, M|88\/100|[from] U-turn\n|\n|upkeep\n|turn|12\n|\n|t:|1699793347\n|move|p1a: Bigender|Thunderbolt|p2a: Dondozo\n|-supereffective|p2a: Dondozo\n|-damage|p2a: Dondozo|34\/100\n|move|p2a: Dondozo|Liquidation|p1a: Bigender\n|-damage|p1a: Bigender|54\/100\n|\n|upkeep\n|turn|13\n|\n|t:|1699793356\n|-terastallize|p2a: Dondozo|Fairy\n|move|p1a: Bigender|Thunderbolt|p2a: Dondozo\n|-damage|p2a: Dondozo|8\/100\n|move|p2a: Dondozo|Rest|p2a: Dondozo\n|-status|p2a: Dondozo|slp|[from] move: Rest\n|-heal|p2a: Dondozo|100\/100 slp|[silent]\n|\n|upkeep\n|turn|14\n|\n|t:|1699793362\n|move|p1a: Bigender|Calm Mind|p1a: Bigender\n|-boost|p1a: Bigender|spa|1\n|-boost|p1a: Bigender|spd|1\n|cant|p2a: Dondozo|slp\n|move|p2a: Dondozo|Sleep Talk|p2a: Dondozo\n|move|p2a: Dondozo|Rest||[from]move: Sleep Talk|[still]\n|-fail|p2a: Dondozo\n|\n|upkeep\n|turn|15\n|\n|t:|1699793369\n|move|p1a: Bigender|Thunderbolt|p2a: Dondozo\n|-damage|p2a: Dondozo|72\/100 slp\n|cant|p2a: Dondozo|slp\n|move|p2a: Dondozo|Sleep Talk|p2a: Dondozo\n|move|p2a: Dondozo|Body Press|p1a: Bigender|[from]move: Sleep Talk\n|-resisted|p1a: Bigender\n|-damage|p1a: Bigender|35\/100\n|\n|upkeep\n|turn|16\n|\n|t:|1699793381\n|move|p1a: Bigender|Destiny Bond|p1a: Bigender\n|-singlemove|p1a: Bigender|Destiny Bond\n|-curestatus|p2a: Dondozo|slp|[msg]\n|move|p2a: Dondozo|Liquidation|p1a: Bigender\n|-damage|p1a: Bigender|0 fnt\n|faint|p1a: Bigender\n|-activate|p1a: Bigender|move: Destiny Bond\n|-end|p1a: Bigender|Quark Drive|[silent]\n|faint|p2a: Dondozo\n|\n|upkeep\n|\n|t:|1699793393\n|switch|p1a: Defender of Trans|Zamazenta, shiny|100\/100\n|switch|p2a: Dragapult|Dragapult, F|100\/100\n|-ability|p1a: Defender of Trans|Dauntless Shield|boost\n|-boost|p1a: Defender of Trans|def|1\n|turn|17\n|\n|t:|1699793397\n|move|p2a: Dragapult|Will-O-Wisp|p1a: Defender of Trans\n|-status|p1a: Defender of Trans|brn\n|move|p1a: Defender of Trans|Iron Defense|p1a: Defender of Trans\n|-boost|p1a: Defender of Trans|def|2\n|\n|-damage|p1a: Defender of Trans|94\/100 brn|[from] brn\n|upkeep\n|turn|18\n|\n|t:|1699793404\n|switch|p2a: Sneasler|Sneasler, M|100\/100 par\n|move|p1a: Defender of Trans|Iron Defense|p1a: Defender of Trans\n|-boost|p1a: Defender of Trans|def|2\n|\n|-heal|p1a: Defender of Trans|100\/100 brn|[from] item: Leftovers\n|-damage|p1a: Defender of Trans|94\/100 brn|[from] brn\n|upkeep\n|turn|19\n|\n|t:|1699793409\n|move|p1a: Defender of Trans|Body Press|p2a: Sneasler\n|-resisted|p2a: Sneasler\n|-damage|p2a: Sneasler|47\/100 par\n|move|p2a: Sneasler|Acrobatics|p1a: Defender of Trans\n|-supereffective|p1a: Defender of Trans\n|-damage|p1a: Defender of Trans|78\/100 brn\n|\n|-heal|p1a: Defender of Trans|84\/100 brn|[from] item: Leftovers\n|-damage|p1a: Defender of Trans|78\/100 brn|[from] brn\n|upkeep\n|turn|20\n|\n|t:|1699793416\n|switch|p2a: Dragapult|Dragapult, F|100\/100\n|move|p1a: Defender of Trans|Body Press|p2a: Dragapult\n|-immune|p2a: Dragapult\n|\n|-heal|p1a: Defender of Trans|84\/100 brn|[from] item: Leftovers\n|-damage|p1a: Defender of Trans|78\/100 brn|[from] brn\n|upkeep\n|turn|21\n|\n|t:|1699793423\n|move|p2a: Dragapult|U-turn|p1a: Defender of Trans\n|-resisted|p1a: Defender of Trans\n|-damage|p1a: Defender of Trans|74\/100 brn\n|\n|t:|1699793426\n|switch|p2a: Sneasler|Sneasler, M|47\/100 par|[from] U-turn\n|move|p1a: Defender of Trans|Crunch|p2a: Sneasler\n|-resisted|p2a: Sneasler\n|-damage|p2a: Sneasler|37\/100 par\n|\n|-heal|p1a: Defender of Trans|81\/100 brn|[from] item: Leftovers\n|-damage|p1a: Defender of Trans|74\/100 brn|[from] brn\n|upkeep\n|turn|22\n|\n|t:|1699793433\n|move|p1a: Defender of Trans|Heavy Slam|p2a: Sneasler\n|-damage|p2a: Sneasler|13\/100 par\n|cant|p2a: Sneasler|par\n|\n|-heal|p1a: Defender of Trans|81\/100 brn|[from] item: Leftovers\n|-damage|p1a: Defender of Trans|74\/100 brn|[from] brn\n|upkeep\n|turn|23\n|\n|t:|1699793442\n|move|p1a: Defender of Trans|Heavy Slam|p2a: Sneasler\n|-damage|p2a: Sneasler|0 fnt\n|faint|p2a: Sneasler\n|\n|-heal|p1a: Defender of Trans|81\/100 brn|[from] item: Leftovers\n|-damage|p1a: Defender of Trans|74\/100 brn|[from] brn\n|upkeep\n|\n|t:|1699793445\n|switch|p2a: Rillaboom|Rillaboom, M|47\/100\n|-fieldstart|move: Grassy Terrain|[from] ability: Grassy Surge|[of] p2a: Rillaboom\n|turn|24\n|\n|t:|1699793447\n|move|p1a: Defender of Trans|Body Press|p2a: Rillaboom\n|-damage|p2a: Rillaboom|0 fnt\n|faint|p2a: Rillaboom\n|\n|-heal|p1a: Defender of Trans|81\/100 brn|[from] Grassy Terrain\n|-heal|p1a: Defender of Trans|87\/100 brn|[from] item: Leftovers\n|-damage|p1a: Defender of Trans|81\/100 brn|[from] brn\n|upkeep\n|-message|Seaslugg22 forfeited.\n|\n|win|Skaraptor2.1\n|raw|Skaraptor2.1's rating: 1198 &rarr; <strong>1224<\/strong><br \/>(+26 for winning)\n|raw|Seaslugg22's rating: 1211 &rarr; <strong>1185<\/strong><br \/>(-26 for losing)\n|l|\u2606Seaslugg22\n","uploadtime":1699793454,"views":14,"p1id":"skaraptor21","p2id":"seaslugg22","formatid":"gen9ou","rating":1185,"private":0,"password":""}