{"id":"gen9ou-1990822844","p1":"snotnosezill","p2":"wtfwaffles","format":"[Gen 9] OU","log":"|j|\u2606snotnosezill\n|j|\u2606wtfwaffles\n|t:|1700004447\n|gametype|singles\n|player|p1|snotnosezill|1|1069\n|player|p2|wtfwaffles|riley|1022\n|teamsize|p1|6\n|teamsize|p2|6\n|gen|9\n|tier|[Gen 9] OU\n|rated|\n|rule|Sleep Clause Mod: Limit one foe put to sleep\n|rule|Species Clause: Limit one of each Pok\u00e9mon\n|rule|OHKO Clause: OHKO moves are banned\n|rule|Evasion Items Clause: Evasion items are banned\n|rule|Evasion Moves Clause: Evasion moves are banned\n|rule|Endless Battle Clause: Forcing endless battles is banned\n|rule|HP Percentage Mod: HP is shown in percentages\n|clearpoke\n|poke|p1|Torkoal, F|\n|poke|p1|Skeledirge, M|\n|poke|p1|Heatran, F|\n|poke|p1|Moltres-Galar|\n|poke|p1|Walking Wake|\n|poke|p1|Hatterene, F|\n|poke|p2|Kingambit, M|\n|poke|p2|Iron Valiant|\n|poke|p2|Great Tusk|\n|poke|p2|Dragapult, F|\n|poke|p2|Sneasler, M|\n|poke|p2|Iron Moth|\n|teampreview\n|\n|t:|1700004459\n|start\n|switch|p1a: Torkoal|Torkoal, F|100\/100\n|switch|p2a: Volcorona|Iron Moth, shiny|100\/100\n|-weather|SunnyDay|[from] ability: Drought|[of] p1a: Torkoal\n|-enditem|p2a: Volcorona|Booster Energy\n|-activate|p2a: Volcorona|ability: Quark Drive|[fromitem]\n|-start|p2a: Volcorona|quarkdrivespe\n|turn|1\n|\n|t:|1700004528\n|move|p2a: Volcorona|Air Slash|p1a: Torkoal\n|-damage|p1a: Torkoal|64\/100\n|cant|p1a: Torkoal|flinch\n|\n|-weather|SunnyDay|[upkeep]\n|upkeep\n|turn|2\n|\n|t:|1700004541\n|switch|p1a: Heatran|Heatran, F|100\/100\n|-item|p1a: Heatran|Air Balloon\n|move|p2a: Volcorona|Air Slash|p1a: Heatran\n|-resisted|p1a: Heatran\n|-damage|p1a: Heatran|87\/100\n|-enditem|p1a: Heatran|Air Balloon\n|\n|-weather|SunnyDay|[upkeep]\n|upkeep\n|turn|3\n|\n|t:|1700004562\n|-end|p2a: Volcorona|Quark Drive|[silent]\n|switch|p2a: the Sneasler|Sneasler, M|100\/100\n|move|p1a: Heatran|Magma Storm|p2a: the Sneasler\n|-damage|p2a: the Sneasler|0 fnt\n|faint|p2a: the Sneasler\n|\n|-weather|SunnyDay|[upkeep]\n|upkeep\n|\n|t:|1700004573\n|switch|p2a: Boar|Great Tusk, shiny|100\/100\n|-activate|p2a: Boar|ability: Protosynthesis\n|-start|p2a: Boar|protosynthesisatk\n|turn|4\n|\n|t:|1700004584\n|move|p1a: Heatran|Protect|p1a: Heatran\n|-singleturn|p1a: Heatran|Protect\n|move|p2a: Boar|Ice Spinner|p1a: Heatran\n|-activate|p1a: Heatran|move: Protect\n|\n|-weather|SunnyDay|[upkeep]\n|upkeep\n|turn|5\n|\n|t:|1700004596\n|move|p2a: Boar|Headlong Rush|p1a: Heatran\n|-supereffective|p1a: Heatran\n|-damage|p1a: Heatran|0 fnt\n|-unboost|p2a: Boar|def|1\n|-unboost|p2a: Boar|spd|1\n|faint|p1a: Heatran\n|\n|-weather|SunnyDay|[upkeep]\n|upkeep\n|\n|t:|1700004624\n|switch|p1a: Walking Wake|Walking Wake|100\/100\n|-activate|p1a: Walking Wake|ability: Protosynthesis\n|-start|p1a: Walking Wake|protosynthesisspa\n|turn|6\n|\n|t:|1700004647\n|-end|p2a: Boar|Protosynthesis|[silent]\n|switch|p2a: Gallede|Iron Valiant, shiny|100\/100\n|-enditem|p2a: Gallede|Booster Energy\n|-activate|p2a: Gallede|ability: Quark Drive|[fromitem]\n|-start|p2a: Gallede|quarkdrivespe\n|move|p1a: Walking Wake|Substitute|p1a: Walking Wake\n|-start|p1a: Walking Wake|Substitute\n|-damage|p1a: Walking Wake|76\/100\n|\n|-weather|SunnyDay|[upkeep]\n|-heal|p1a: Walking Wake|82\/100|[from] item: Leftovers\n|upkeep\n|turn|7\n|\n|t:|1700004668\n|move|p2a: Gallede|Spirit Break|p1a: Walking Wake\n|-supereffective|p1a: Walking Wake\n|-end|p1a: Walking Wake|Substitute\n|move|p1a: Walking Wake|Hydro Steam|p2a: Gallede\n|-damage|p2a: Gallede|0 fnt\n|faint|p2a: Gallede\n|-end|p2a: Gallede|Quark Drive|[silent]\n|\n|-weather|SunnyDay|[upkeep]\n|-heal|p1a: Walking Wake|88\/100|[from] item: Leftovers\n|upkeep\n|\n|t:|1700004683\n|switch|p2a: 1- Shot|Dragapult, F, shiny|100\/100\n|turn|8\n|\n|t:|1700004711\n|-terastallize|p1a: Walking Wake|Fairy\n|move|p2a: 1- Shot|Dragon Darts|p1a: Walking Wake\n|-immune|p1a: Walking Wake\n|move|p1a: Walking Wake|Dragon Pulse|p2a: 1- Shot\n|-supereffective|p2a: 1- Shot\n|-damage|p2a: 1- Shot|0 fnt\n|faint|p2a: 1- Shot\n|\n|-weather|none\n|-end|p1a: Walking Wake|Protosynthesis\n|-heal|p1a: Walking Wake|94\/100|[from] item: Leftovers\n|upkeep\n|\n|t:|1700004745\n|switch|p2a: King Gamble|Kingambit, M, shiny|100\/100\n|-activate|p2a: King Gamble|ability: Supreme Overlord\n|-start|p2a: King Gamble|fallen3|[silent]\n|turn|9\n|inactive|Battle timer is ON: inactive players will automatically lose when time's up. (requested by wtfwaffles)\n|\n|t:|1700004780\n|move|p1a: Walking Wake|Substitute|p1a: Walking Wake\n|-start|p1a: Walking Wake|Substitute\n|-damage|p1a: Walking Wake|70\/100\n|move|p2a: King Gamble|Swords Dance|p2a: King Gamble\n|-boost|p2a: King Gamble|atk|2\n|\n|-heal|p1a: Walking Wake|76\/100|[from] item: Leftovers\n|upkeep\n|turn|10\n|\n|t:|1700004810\n|move|p2a: King Gamble|Iron Head|p1a: Walking Wake\n|-supereffective|p1a: Walking Wake\n|-end|p1a: Walking Wake|Substitute\n|move|p1a: Walking Wake|Roar|p2a: King Gamble\n|-end|p2a: King Gamble|fallen3|[silent]\n|drag|p2a: Boar|Great Tusk, shiny|100\/100\n|\n|-heal|p1a: Walking Wake|82\/100|[from] item: Leftovers\n|upkeep\n|turn|11\n|inactive|snotnosezill has 120 seconds left.\n|\n|t:|1700004838\n|-terastallize|p2a: Boar|Fairy\n|move|p1a: Walking Wake|Hydro Steam|p2a: Boar\n|-damage|p2a: Boar|34\/100\n|move|p2a: Boar|Headlong Rush|p1a: Walking Wake\n|-damage|p1a: Walking Wake|15\/100\n|-unboost|p2a: Boar|def|1\n|-unboost|p2a: Boar|spd|1\n|\n|-heal|p1a: Walking Wake|21\/100|[from] item: Leftovers\n|upkeep\n|turn|12\n|inactive|snotnosezill has 120 seconds left.\n|inactive|wtfwaffles has 120 seconds left.\n|\n|t:|1700004857\n|move|p1a: Walking Wake|Hydro Steam|p2a: Boar\n|-damage|p2a: Boar|0 fnt\n|faint|p2a: Boar\n|-end|p2a: Boar|Protosynthesis|[silent]\n|\n|-heal|p1a: Walking Wake|27\/100|[from] item: Leftovers\n|upkeep\n|inactive|wtfwaffles has 120 seconds left.\n|\n|t:|1700004868\n|switch|p2a: Volcorona|Iron Moth, shiny|100\/100\n|turn|13\n|inactive|wtfwaffles has 120 seconds left.\n|inactive|snotnosezill has 120 seconds left.\n|\n|t:|1700004908\n|-end|p1a: Walking Wake|Protosynthesis|[silent]\n|switch|p1a: Skeledirge|Skeledirge, M|100\/100\n|move|p2a: Volcorona|Sludge Wave|p1a: Skeledirge\n|-resisted|p1a: Skeledirge\n|-damage|p1a: Skeledirge|75\/100\n|\n|upkeep\n|turn|14\n|inactive|wtfwaffles has 120 seconds left.\n|\n|t:|1700004924\n|-end|p2a: Volcorona|Quark Drive|[silent]\n|switch|p2a: King Gamble|Kingambit, M, shiny|100\/100\n|-activate|p2a: King Gamble|ability: Supreme Overlord\n|-start|p2a: King Gamble|fallen4|[silent]\n|move|p1a: Skeledirge|Sing|p2a: King Gamble|[miss]\n|-miss|p1a: Skeledirge|p2a: King Gamble\n|-enditem|p1a: Skeledirge|Blunder Policy\n|-boost|p1a: Skeledirge|spe|2\n|\n|upkeep\n|turn|15\n|inactive|wtfwaffles has 120 seconds left.\n|\n|t:|1700004933\n|move|p1a: Skeledirge|Sing|p2a: King Gamble\n|-status|p2a: King Gamble|slp|[from] move: Sing\n|cant|p2a: King Gamble|slp\n|\n|upkeep\n|turn|16\n|\n|t:|1700004939\n|move|p1a: Skeledirge|Torch Song|p2a: King Gamble\n|-supereffective|p2a: King Gamble\n|-damage|p2a: King Gamble|26\/100 slp\n|-boost|p1a: Skeledirge|spa|1\n|cant|p2a: King Gamble|slp\n|\n|upkeep\n|turn|17\n|inactive|snotnosezill has 120 seconds left.\n|\n|t:|1700004946\n|move|p1a: Skeledirge|Torch Song|p2a: King Gamble\n|-supereffective|p2a: King Gamble\n|-damage|p2a: King Gamble|0 fnt\n|-boost|p1a: Skeledirge|spa|1\n|faint|p2a: King Gamble\n|-end|p2a: King Gamble|fallen4|[silent]\n|\n|upkeep\n|\n|t:|1700004952\n|switch|p2a: Volcorona|Iron Moth, shiny|100\/100\n|turn|18\n|\n|t:|1700004957\n|move|p1a: Skeledirge|Torch Song|p2a: Volcorona\n|-resisted|p2a: Volcorona\n|-damage|p2a: Volcorona|63\/100\n|-boost|p1a: Skeledirge|spa|1\n|move|p2a: Volcorona|Air Slash|p1a: Skeledirge\n|-damage|p1a: Skeledirge|46\/100\n|\n|upkeep\n|turn|19\n|\n|t:|1700004966\n|move|p1a: Skeledirge|Sing|p2a: Volcorona|[miss]\n|-miss|p1a: Skeledirge|p2a: Volcorona\n|move|p2a: Volcorona|Discharge|p1a: Skeledirge\n|-damage|p1a: Skeledirge|17\/100\n|-status|p1a: Skeledirge|par\n|\n|upkeep\n|turn|20\n|\n|t:|1700004975\n|switch|p1a: Hatterene|Hatterene, F|100\/100\n|move|p2a: Volcorona|Discharge|p1a: Hatterene\n|-damage|p1a: Hatterene|74\/100\n|-status|p1a: Hatterene|par\n|-enditem|p1a: Hatterene|Eject Button\n|\n|t:|1700004994\n|switch|p1a: Walking Wake|Walking Wake, tera:Fairy|27\/100\n|\n|-heal|p1a: Walking Wake|33\/100|[from] item: Leftovers\n|upkeep\n|turn|21\n|\n|t:|1700005001\n|move|p2a: Volcorona|Sludge Wave|p1a: Walking Wake\n|-supereffective|p1a: Walking Wake\n|-damage|p1a: Walking Wake|0 fnt\n|faint|p1a: Walking Wake\n|-end|p1a: Walking Wake|Protosynthesis|[silent]\n|\n|upkeep\n|\n|t:|1700005006\n|switch|p1a: Torkoal|Torkoal, F|64\/100\n|-weather|SunnyDay|[from] ability: Drought|[of] p1a: Torkoal\n|turn|22\n|\n|t:|1700005013\n|move|p2a: Volcorona|Air Slash|p1a: Torkoal\n|-damage|p1a: Torkoal|32\/100\n|move|p1a: Torkoal|Eruption|p2a: Volcorona\n|-resisted|p2a: Volcorona\n|-damage|p2a: Volcorona|50\/100\n|\n|-weather|SunnyDay|[upkeep]\n|upkeep\n|turn|23\n|\n|t:|1700005031\n|switch|p1a: Hatterene|Hatterene, F|74\/100 par\n|move|p2a: Volcorona|Air Slash|p1a: Hatterene\n|-damage|p1a: Hatterene|50\/100 par\n|\n|-weather|SunnyDay|[upkeep]\n|upkeep\n|turn|24\n|\n|t:|1700005047\n|move|p2a: Volcorona|Flamethrower|p1a: Hatterene\n|-damage|p1a: Hatterene|0 fnt\n|faint|p1a: Hatterene\n|\n|-weather|SunnyDay|[upkeep]\n|upkeep\n|\n|t:|1700005056\n|switch|p1a: Moltres|Moltres-Galar|100\/100\n|turn|25\n|\n|t:|1700005073\n|move|p2a: Volcorona|Discharge|p1a: Moltres\n|-supereffective|p1a: Moltres\n|-damage|p1a: Moltres|56\/100\n|move|p1a: Moltres|Fiery Wrath|p2a: Volcorona\n|-damage|p2a: Volcorona|12\/100\n|\n|-weather|SunnyDay|[upkeep]\n|upkeep\n|turn|26\n|\n|t:|1700005090\n|move|p2a: Volcorona|Air Slash|p1a: Moltres\n|-damage|p1a: Moltres|32\/100\n|-ability|p1a: Moltres|Berserk|boost\n|-boost|p1a: Moltres|spa|1\n|-enditem|p1a: Moltres|Sitrus Berry|[eat]\n|-heal|p1a: Moltres|57\/100|[from] item: Sitrus Berry\n|move|p1a: Moltres|Fiery Wrath|p2a: Volcorona\n|-damage|p2a: Volcorona|0 fnt\n|faint|p2a: Volcorona\n|-end|p2a: Volcorona|Quark Drive|[silent]\n|\n|win|snotnosezill\n|raw|snotnosezill's rating: 1069 &rarr; <strong>1095<\/strong><br \/>(+26 for winning)\n|raw|wtfwaffles's rating: 1022 &rarr; <strong>1010<\/strong><br \/>(-12 for losing)\n","uploadtime":1700005103,"views":20,"p1id":"snotnosezill","p2id":"wtfwaffles","formatid":"gen9ou","rating":1010,"private":0,"password":""}