{"id":"gen9ou-2000513760","p1":"0rTheSpecial0ne\u26a0\ufe0f+","p2":"Alexander90281","format":"[Gen 9] OU","log":"|j|\u26060rTheSpecial0ne\u26a0\ufe0f+\n|j|\u2606Alexander90281\n|inactive|Battle timer is ON: inactive players will automatically lose when time's up.\n|t:|1701201163\n|gametype|singles\n|player|p1|0rTheSpecial0ne\u26a0\ufe0f+|teammates|\n|player|p2|Alexander90281|tateandliza-gen6|\n|teamsize|p1|6\n|teamsize|p2|6\n|gen|9\n|tier|[Gen 9] OU\n|rated|Tournament battle\n|rule|Sleep Clause Mod: Limit one foe put to sleep\n|rule|Species Clause: Limit one of each Pok\u00e9mon\n|rule|OHKO Clause: OHKO moves are banned\n|rule|Evasion Items Clause: Evasion items are banned\n|rule|Evasion Moves Clause: Evasion moves are banned\n|rule|Endless Battle Clause: Forcing endless battles is banned\n|rule|HP Percentage Mod: HP is shown in percentages\n|clearpoke\n|poke|p1|Great Tusk|\n|poke|p1|Cresselia, F|\n|poke|p1|Hatterene, F|\n|poke|p1|Zamazenta-*|\n|poke|p1|Ting-Lu|\n|poke|p1|Zapdos|\n|poke|p2|Iron Valiant|\n|poke|p2|Glimmora, M|\n|poke|p2|Kingambit, F|\n|poke|p2|Ceruledge, M|\n|poke|p2|Armarouge, F|\n|poke|p2|Kleavor, M|\n|teampreview\n|inactive|0rTheSpecial0ne\u26a0\ufe0f+ also wants the timer to be on.\n|j| Diego the creator\n|j|+Diegogris\n|inactive|0rTheSpecial0ne\u26a0\ufe0f+ has 120 seconds left.\n|\n|t:|1701201198\n|start\n|switch|p1a: Great Tusk|Great Tusk, shiny|100\/100\n|switch|p2a: Ceruledge|Ceruledge, M|100\/100\n|turn|1\n|\n|t:|1701201205\n|move|p2a: Ceruledge|Swords Dance|p2a: Ceruledge\n|-boost|p2a: Ceruledge|atk|2\n|move|p1a: Great Tusk|Stealth Rock|p2a: Ceruledge\n|-sidestart|p2: Alexander90281|move: Stealth Rock\n|\n|upkeep\n|turn|2\n|j| asugamingpoke\n|\n|t:|1701201212\n|move|p2a: Ceruledge|Swords Dance|p2a: Ceruledge\n|-boost|p2a: Ceruledge|atk|2\n|move|p1a: Great Tusk|Earthquake|p2a: Ceruledge\n|-supereffective|p2a: Ceruledge\n|-enditem|p2a: Ceruledge|Focus Sash\n|-damage|p2a: Ceruledge|1\/100\n|-ability|p2a: Ceruledge|Weak Armor|boost\n|-unboost|p2a: Ceruledge|def|1\n|-boost|p2a: Ceruledge|spe|2\n|\n|upkeep\n|turn|3\n|\n|t:|1701201218\n|-terastallize|p2a: Ceruledge|Fairy\n|move|p2a: Ceruledge|Bitter Blade|p1a: Great Tusk\n|-damage|p1a: Great Tusk|26\/100\n|-heal|p2a: Ceruledge|49\/100|[from] drain|[of] p1a: Great Tusk\n|-damage|p2a: Ceruledge|33\/100|[from] item: Rocky Helmet|[of] p1a: Great Tusk\n|move|p1a: Great Tusk|Earthquake|p2a: Ceruledge\n|-damage|p2a: Ceruledge|0 fnt\n|faint|p2a: Ceruledge\n|\n|upkeep\n|\n|t:|1701201227\n|switch|p2a: Glimmora|Glimmora, M|100\/100\n|-damage|p2a: Glimmora|88\/100|[from] Stealth Rock\n|turn|4\n|\n|t:|1701201234\n|move|p2a: Glimmora|Dazzling Gleam|p1a: Great Tusk\n|-supereffective|p1a: Great Tusk\n|-damage|p1a: Great Tusk|0 fnt\n|faint|p1a: Great Tusk\n|-end|p1a: Great Tusk|Protosynthesis|[silent]\n|\n|upkeep\n|\n|t:|1701201243\n|switch|p1a: Cresselia|Cresselia, F, shiny|100\/100\n|turn|5\n|\n|t:|1701201246\n|-terastallize|p1a: Cresselia|Poison\n|move|p2a: Glimmora|Mortal Spin|p1a: Cresselia\n|-resisted|p1a: Cresselia\n|-damage|p1a: Cresselia|99\/100\n|-sideend|p2: Alexander90281|Stealth Rock|[from] move: Mortal Spin|[of] p2a: Glimmora\n|move|p1a: Cresselia|Calm Mind|p1a: Cresselia\n|-boost|p1a: Cresselia|spa|1\n|-boost|p1a: Cresselia|spd|1\n|\n|-heal|p1a: Cresselia|100\/100|[from] item: Leftovers\n|upkeep\n|turn|6\n|\n|t:|1701201252\n|move|p2a: Glimmora|Stealth Rock|p1a: Cresselia\n|-sidestart|p1: 0rTheSpecial0ne\u26a0\ufe0f+|move: Stealth Rock\n|move|p1a: Cresselia|Calm Mind|p1a: Cresselia\n|-boost|p1a: Cresselia|spa|1\n|-boost|p1a: Cresselia|spd|1\n|\n|upkeep\n|turn|7\n|\n|t:|1701201255\n|switch|p2a: Kleavor|Kleavor, M|100\/100\n|move|p1a: Cresselia|Calm Mind|p1a: Cresselia\n|-boost|p1a: Cresselia|spa|1\n|-boost|p1a: Cresselia|spd|1\n|\n|upkeep\n|turn|8\n|\n|t:|1701201260\n|move|p2a: Kleavor|Stone Axe|p1a: Cresselia\n|-damage|p1a: Cresselia|57\/100\n|move|p1a: Cresselia|Stored Power|p2a: Kleavor\n|-damage|p2a: Kleavor|0 fnt\n|faint|p2a: Kleavor\n|\n|-heal|p1a: Cresselia|63\/100|[from] item: Leftovers\n|upkeep\n|\n|t:|1701201271\n|switch|p2a: Armarouge|Armarouge, F|100\/100\n|turn|9\n|j| Malamardo\n|\n|t:|1701201275\n|move|p2a: Armarouge|Calm Mind|p2a: Armarouge\n|-boost|p2a: Armarouge|spa|1\n|-boost|p2a: Armarouge|spd|1\n|move|p1a: Cresselia|Calm Mind|p1a: Cresselia\n|-boost|p1a: Cresselia|spa|1\n|-boost|p1a: Cresselia|spd|1\n|\n|-heal|p1a: Cresselia|69\/100|[from] item: Leftovers\n|upkeep\n|turn|10\n|\n|t:|1701201278\n|move|p2a: Armarouge|Calm Mind|p2a: Armarouge\n|-boost|p2a: Armarouge|spa|1\n|-boost|p2a: Armarouge|spd|1\n|move|p1a: Cresselia|Stored Power|p2a: Armarouge\n|-resisted|p2a: Armarouge\n|-damage|p2a: Armarouge|54\/100\n|\n|-heal|p1a: Cresselia|75\/100|[from] item: Leftovers\n|upkeep\n|turn|11\n|\n|t:|1701201285\n|move|p2a: Armarouge|Stored Power|p1a: Cresselia\n|-supereffective|p1a: Cresselia\n|-damage|p1a: Cresselia|37\/100\n|move|p1a: Cresselia|Stored Power|p2a: Armarouge\n|-resisted|p2a: Armarouge\n|-damage|p2a: Armarouge|10\/100\n|\n|-heal|p1a: Cresselia|43\/100|[from] item: Leftovers\n|upkeep\n|turn|12\n|\n|t:|1701201290\n|move|p2a: Armarouge|Stored Power|p1a: Cresselia\n|-supereffective|p1a: Cresselia\n|-damage|p1a: Cresselia|2\/100\n|move|p1a: Cresselia|Moonlight|p1a: Cresselia\n|-heal|p1a: Cresselia|52\/100\n|\n|-heal|p1a: Cresselia|58\/100|[from] item: Leftovers\n|upkeep\n|turn|13\n|\n|t:|1701201294\n|move|p2a: Armarouge|Calm Mind|p2a: Armarouge\n|-boost|p2a: Armarouge|spa|1\n|-boost|p2a: Armarouge|spd|1\n|move|p1a: Cresselia|Stored Power|p2a: Armarouge\n|-resisted|p2a: Armarouge\n|-damage|p2a: Armarouge|0 fnt\n|faint|p2a: Armarouge\n|\n|-heal|p1a: Cresselia|64\/100|[from] item: Leftovers\n|upkeep\n|\n|t:|1701201305\n|switch|p2a: Iron Valiant|Iron Valiant|100\/100\n|-enditem|p2a: Iron Valiant|Booster Energy\n|-activate|p2a: Iron Valiant|ability: Quark Drive|[fromitem]\n|-start|p2a: Iron Valiant|quarkdrivespe\n|turn|14\n|\n|t:|1701201308\n|move|p2a: Iron Valiant|Psyshock|p1a: Cresselia\n|-supereffective|p1a: Cresselia\n|-damage|p1a: Cresselia|38\/100\n|move|p1a: Cresselia|Moonlight|p1a: Cresselia\n|-heal|p1a: Cresselia|88\/100\n|\n|-heal|p1a: Cresselia|94\/100|[from] item: Leftovers\n|upkeep\n|turn|15\n|\n|t:|1701201313\n|move|p2a: Iron Valiant|Psyshock|p1a: Cresselia\n|-supereffective|p1a: Cresselia\n|-damage|p1a: Cresselia|68\/100\n|move|p1a: Cresselia|Stored Power|p2a: Iron Valiant\n|-supereffective|p2a: Iron Valiant\n|-damage|p2a: Iron Valiant|0 fnt\n|faint|p2a: Iron Valiant\n|-end|p2a: Iron Valiant|Quark Drive|[silent]\n|\n|-heal|p1a: Cresselia|74\/100|[from] item: Leftovers\n|upkeep\n|\n|t:|1701201318\n|switch|p2a: Kingambit|Kingambit, F|100\/100\n|-activate|p2a: Kingambit|ability: Supreme Overlord\n|-start|p2a: Kingambit|fallen4|[silent]\n|turn|16\n|\n|t:|1701201321\n|move|p2a: Kingambit|Swords Dance|p2a: Kingambit\n|-boost|p2a: Kingambit|atk|2\n|move|p1a: Cresselia|Moonblast|p2a: Kingambit\n|-damage|p2a: Kingambit|38\/100\n|\n|-heal|p1a: Cresselia|80\/100|[from] item: Leftovers\n|upkeep\n|turn|17\n|\n|t:|1701201325\n|move|p2a: Kingambit|Sucker Punch|p1a: Cresselia\n|-damage|p1a: Cresselia|25\/100\n|move|p1a: Cresselia|Moonblast|p2a: Kingambit\n|-damage|p2a: Kingambit|0 fnt\n|faint|p2a: Kingambit\n|-end|p2a: Kingambit|fallen4|[silent]\n|\n|-heal|p1a: Cresselia|31\/100|[from] item: Leftovers\n|upkeep\n|l| asugamingpoke\n|\n|t:|1701201329\n|switch|p2a: Glimmora|Glimmora, M|88\/100\n|turn|18\n|c|\u26060rTheSpecial0ne\u26a0\ufe0f+|bueno gg\n|c| Diego the creator|El cresselia se hico todo el torneo literal\n|c|\u2606Alexander90281|si, por no venir con mi team XD, me las paagras\n|\n|t:|1701201349\n|move|p2a: Glimmora|Earth Power|p1a: Cresselia\n|-immune|p1a: Cresselia|[from] ability: Levitate\n|move|p1a: Cresselia|Stored Power|p2a: Glimmora\n|-supereffective|p2a: Glimmora\n|-damage|p2a: Glimmora|0 fnt\n|faint|p2a: Glimmora\n|\n|win|0rTheSpecial0ne\u26a0\ufe0f+\n|n|\u26060rTheSpecial0ne\u26a0\ufe0f+|0rthespecial0ne\n|n|\u2606Alexander90281|alexander90281\n|n| Diego the creator|diegothecreator\n|n| Diegogris|diegogris\n|n| Malamardo|malamardo\n|l|\u2606Alexander90281\n|l| Diegogris\n|l| Diego the creator\n|l|\u26060rTheSpecial0ne\u26a0\ufe0f+\n|j|\u26060rTheSpecial0ne\u26a0\ufe0f+\n|player|p1|0rTheSpecial0ne\u26a0\ufe0f+|teammates\n","uploadtime":1701201350,"views":4,"p1id":"0rthespecial0ne","p2id":"alexander90281","formatid":"gen9ou","rating":0,"private":0,"password":""}