{"id":"gen9ou-1989851577","p1":"RoseColoredLife","p2":"papi de quatro","format":"[Gen 9] OU","log":"|j|\u2606RoseColoredLife\n|j|\u2606papi de quatro\n|t:|1699901044\n|gametype|singles\n|player|p1|RoseColoredLife|marnie|1182\n|player|p2|papi de quatro|266|1122\n|teamsize|p1|6\n|teamsize|p2|6\n|gen|9\n|tier|[Gen 9] OU\n|rated|\n|rule|Sleep Clause Mod: Limit one foe put to sleep\n|rule|Species Clause: Limit one of each Pok\u00e9mon\n|rule|OHKO Clause: OHKO moves are banned\n|rule|Evasion Items Clause: Evasion items are banned\n|rule|Evasion Moves Clause: Evasion moves are banned\n|rule|Endless Battle Clause: Forcing endless battles is banned\n|rule|HP Percentage Mod: HP is shown in percentages\n|clearpoke\n|poke|p1|Hatterene, F|\n|poke|p1|Haxorus, F|\n|poke|p1|Arboliva, F|\n|poke|p1|Muk-Alola, M|\n|poke|p1|Tauros-Paldea-Aqua, M|\n|poke|p1|Maushold-Four|\n|poke|p2|Rillaboom, F|\n|poke|p2|Sneasler, M|\n|poke|p2|Ninetales-Alola, F|\n|poke|p2|Glimmora, M|\n|poke|p2|Kingambit, F|\n|poke|p2|Dragapult, M|\n|teampreview\n|\n|t:|1699901056\n|start\n|switch|p1a: Haxorus|Haxorus, F|100\/100\n|switch|p2a: Glimmora|Glimmora, M|100\/100\n|turn|1\n|\n|t:|1699901062\n|switch|p1a: Hatterene|Hatterene, F|100\/100\n|move|p2a: Glimmora|Stealth Rock|p1a: Hatterene\n|move|p1a: Hatterene|Stealth Rock|p2a: Glimmora|[from]ability: Magic Bounce\n|-sidestart|p2: papi de quatro|move: Stealth Rock\n|\n|upkeep\n|turn|2\n|\n|t:|1699901069\n|move|p2a: Glimmora|Mortal Spin|p1a: Hatterene\n|-supereffective|p1a: Hatterene\n|-damage|p1a: Hatterene|86\/100\n|-status|p1a: Hatterene|psn\n|-sideend|p2: papi de quatro|Stealth Rock|[from] move: Mortal Spin|[of] p2a: Glimmora\n|move|p1a: Hatterene|Calm Mind|p1a: Hatterene\n|-boost|p1a: Hatterene|spa|1\n|-boost|p1a: Hatterene|spd|1\n|\n|-damage|p1a: Hatterene|74\/100 psn|[from] psn\n|upkeep\n|turn|3\n|\n|t:|1699901079\n|move|p2a: Glimmora|Sludge Bomb|p1a: Hatterene\n|-supereffective|p1a: Hatterene\n|-damage|p1a: Hatterene|15\/100 psn\n|move|p1a: Hatterene|Stored Power|p2a: Glimmora\n|-supereffective|p2a: Glimmora\n|-damage|p2a: Glimmora|0 fnt\n|faint|p2a: Glimmora\n|\n|-damage|p1a: Hatterene|3\/100 psn|[from] psn\n|upkeep\n|\n|t:|1699901092\n|switch|p2a: Ninetales|Ninetales-Alola, F|100\/100\n|-weather|Snow|[from] ability: Snow Warning|[of] p2a: Ninetales\n|turn|4\n|\n|t:|1699901097\n|move|p2a: Ninetales|Aurora Veil|p2a: Ninetales\n|-sidestart|p2: papi de quatro|move: Aurora Veil\n|move|p1a: Hatterene|Stored Power|p2a: Ninetales\n|-damage|p2a: Ninetales|74\/100\n|\n|-weather|Snow|[upkeep]\n|-damage|p1a: Hatterene|0 fnt|[from] psn\n|faint|p1a: Hatterene\n|upkeep\n|\n|t:|1699901103\n|switch|p1a: Maushold|Maushold-Four|100\/100\n|turn|5\n|\n|t:|1699901112\n|switch|p2a: Rillaboom|Rillaboom, F, shiny|100\/100\n|-fieldstart|move: Grassy Terrain|[from] ability: Grassy Surge|[of] p2a: Rillaboom\n|move|p1a: Maushold|Encore||[still]\n|-fail|p1a: Maushold\n|\n|-weather|Snow|[upkeep]\n|upkeep\n|turn|6\n|\n|t:|1699901120\n|switch|p1a: Tauros|Tauros-Paldea-Aqua, M|100\/100\n|-ability|p1a: Tauros|Intimidate|boost\n|-unboost|p2a: Rillaboom|atk|1\n|move|p2a: Rillaboom|Drain Punch|p1a: Tauros\n|-damage|p1a: Tauros|89\/100\n|-damage|p2a: Rillaboom|84\/100|[from] item: Rocky Helmet|[of] p1a: Tauros\n|\n|-weather|Snow|[upkeep]\n|-heal|p1a: Tauros|95\/100|[from] Grassy Terrain\n|-heal|p2a: Rillaboom|90\/100|[from] Grassy Terrain\n|upkeep\n|turn|7\n|inactive|Battle timer is ON: inactive players will automatically lose when time's up. (requested by papi de quatro)\n|\n|t:|1699901145\n|switch|p1a: Arboliva|Arboliva, F|100\/100\n|move|p2a: Rillaboom|Knock Off|p1a: Arboliva\n|-damage|p1a: Arboliva|74\/100\n|-enditem|p1a: Arboliva|Terrain Extender|[from] move: Knock Off|[of] p2a: Rillaboom\n|\n|-weather|Snow|[upkeep]\n|-heal|p2a: Rillaboom|96\/100|[from] Grassy Terrain\n|-heal|p1a: Arboliva|80\/100|[from] Grassy Terrain\n|upkeep\n|turn|8\n|\n|t:|1699901157\n|switch|p1a: Tauros|Tauros-Paldea-Aqua, M|95\/100\n|-ability|p1a: Tauros|Intimidate|boost\n|-unboost|p2a: Rillaboom|atk|1\n|move|p2a: Rillaboom|U-turn|p1a: Tauros\n|-resisted|p1a: Tauros\n|-damage|p1a: Tauros|90\/100\n|-damage|p2a: Rillaboom|80\/100|[from] item: Rocky Helmet|[of] p1a: Tauros\n|\n|t:|1699901167\n|switch|p2a: Sneasler|Sneasler, M|100\/100|[from] U-turn\n|-enditem|p2a: Sneasler|Grassy Seed\n|-boost|p2a: Sneasler|def|1|[from] item: Grassy Seed\n|\n|-weather|none\n|-heal|p1a: Tauros|96\/100|[from] Grassy Terrain\n|upkeep\n|turn|9\n|\n|t:|1699901174\n|move|p2a: Sneasler|Swords Dance|p2a: Sneasler\n|-boost|p2a: Sneasler|atk|2\n|move|p1a: Tauros|Raging Bull|p2a: Sneasler\n|-sideend|p2: papi de quatro|move: Aurora Veil\n|-damage|p2a: Sneasler|64\/100\n|\n|-heal|p2a: Sneasler|70\/100|[from] Grassy Terrain\n|-heal|p1a: Tauros|100\/100|[from] Grassy Terrain\n|-fieldend|move: Grassy Terrain\n|upkeep\n|turn|10\n|\n|t:|1699901183\n|move|p2a: Sneasler|Acrobatics|p1a: Tauros\n|-supereffective|p1a: Tauros\n|-damage|p1a: Tauros|0 fnt\n|-damage|p2a: Sneasler|54\/100|[from] item: Rocky Helmet|[of] p1a: Tauros\n|faint|p1a: Tauros\n|\n|upkeep\n|\n|t:|1699901195\n|switch|p1a: Haxorus|Haxorus, F|100\/100\n|turn|11\n|\n|t:|1699901199\n|-terastallize|p1a: Haxorus|Bug\n|move|p1a: Haxorus|First Impression|p2a: Sneasler\n|-resisted|p2a: Sneasler\n|-damage|p2a: Sneasler|43\/100\n|move|p2a: Sneasler|Acrobatics|p1a: Haxorus\n|-supereffective|p1a: Haxorus\n|-damage|p1a: Haxorus|0 fnt\n|faint|p1a: Haxorus\n|\n|upkeep\n|-message|RoseColoredLife forfeited.\n|\n|win|papi de quatro\n|raw|RoseColoredLife's rating: 1182 &rarr; <strong>1153<\/strong><br \/>(-29 for losing)\n|raw|papi de quatro's rating: 1122 &rarr; <strong>1151<\/strong><br \/>(+29 for winning)\n|l|\u2606RoseColoredLife\n","uploadtime":1699901213,"views":14,"p1id":"rosecoloredlife","p2id":"papidequatro","formatid":"gen9ou","rating":1151,"private":0,"password":""}