{"id":"gen9ou-1990260494","p1":"Zapsuki","p2":"akijuen","format":"[Gen 9] OU","log":"|j|\u2606Zapsuki\n|j|\u2606akijuen\n|t:|1699946460\n|gametype|singles\n|player|p1|Zapsuki|irida|1651\n|player|p2|akijuen|giovanni|1617\n|teamsize|p1|6\n|teamsize|p2|6\n|gen|9\n|tier|[Gen 9] OU\n|rated|\n|rule|Sleep Clause Mod: Limit one foe put to sleep\n|rule|Species Clause: Limit one of each Pok\u00e9mon\n|rule|OHKO Clause: OHKO moves are banned\n|rule|Evasion Items Clause: Evasion items are banned\n|rule|Evasion Moves Clause: Evasion moves are banned\n|rule|Endless Battle Clause: Forcing endless battles is banned\n|rule|HP Percentage Mod: HP is shown in percentages\n|clearpoke\n|poke|p1|Dragonite, F|\n|poke|p1|Garchomp, M|\n|poke|p1|Kommo-o, F|\n|poke|p1|Dragapult, M|\n|poke|p1|Tinkaton, F|\n|poke|p1|Walking Wake|\n|poke|p2|Heatran, M|\n|poke|p2|Hatterene, F|\n|poke|p2|Ursaluna, F|\n|poke|p2|Rillaboom, F|\n|poke|p2|Sneasler, F|\n|poke|p2|Iron Valiant|\n|teampreview\n|inactive|Battle timer is ON: inactive players will automatically lose when time's up. (requested by Zapsuki)\n|inactive|Zapsuki has 120 seconds left.\n|c|\u2606akijuen|oh, dragmag\n|\n|t:|1699946501\n|start\n|switch|p1a: Walking Wake|Walking Wake|100\/100\n|switch|p2a: Hatterene|Hatterene, F|100\/100\n|turn|1\n|j| cheese miestro\n|\n|t:|1699946509\n|-end|p1a: Walking Wake|Protosynthesis|[silent]\n|switch|p1a: Tinkaton|Tinkaton, F, shiny|100\/100\n|-ability|p1a: Tinkaton|Mold Breaker\n|switch|p2a: Rillaboom|Rillaboom, F|100\/100\n|-fieldstart|move: Grassy Terrain|[from] ability: Grassy Surge|[of] p2a: Rillaboom\n|\n|upkeep\n|turn|2\n|\n|t:|1699946518\n|move|p1a: Tinkaton|Knock Off|p2a: Rillaboom\n|-damage|p2a: Rillaboom|85\/100\n|-enditem|p2a: Rillaboom|Assault Vest|[from] move: Knock Off|[of] p1a: Tinkaton\n|move|p2a: Rillaboom|Knock Off|p1a: Tinkaton\n|-resisted|p1a: Tinkaton\n|-damage|p1a: Tinkaton|81\/100\n|-enditem|p1a: Tinkaton|Leftovers|[from] move: Knock Off|[of] p2a: Rillaboom\n|\n|-heal|p1a: Tinkaton|87\/100|[from] Grassy Terrain\n|-heal|p2a: Rillaboom|91\/100|[from] Grassy Terrain\n|upkeep\n|turn|3\n|\n|t:|1699946529\n|move|p1a: Tinkaton|Knock Off|p2a: Rillaboom\n|-damage|p2a: Rillaboom|79\/100\n|move|p2a: Rillaboom|Drain Punch|p1a: Tinkaton\n|-damage|p1a: Tinkaton|54\/100\n|-heal|p2a: Rillaboom|95\/100|[from] drain|[of] p1a: Tinkaton\n|\n|-heal|p1a: Tinkaton|60\/100|[from] Grassy Terrain\n|-heal|p2a: Rillaboom|100\/100|[from] Grassy Terrain\n|upkeep\n|turn|4\n|c| cheese miestro|its almost dragmag\n|\n|t:|1699946559\n|switch|p1a: Kommo-o|Kommo-o, F|100\/100\n|move|p2a: Rillaboom|U-turn|p1a: Kommo-o\n|-resisted|p1a: Kommo-o\n|-damage|p1a: Kommo-o|89\/100\n|j| Noobster237\n|\n|t:|1699946582\n|switch|p2a: Iron Valiant|Iron Valiant|100\/100|[from] U-turn\n|-enditem|p2a: Iron Valiant|Booster Energy\n|-activate|p2a: Iron Valiant|ability: Quark Drive|[fromitem]\n|-start|p2a: Iron Valiant|quarkdrivespa\n|\n|-heal|p1a: Kommo-o|95\/100|[from] Grassy Terrain\n|upkeep\n|turn|5\n|j| iron tusk 69\n|j| SDK04\n|l| SDK04\n|c| iron tusk 69|where the ma\n|c| iron tusk 69|g\n|inactive|Zapsuki has 120 seconds left.\n|c| iron tusk 69|i seee 6 drag\n|\n|t:|1699946611\n|switch|p1a: Tinkaton|Tinkaton, F, shiny|60\/100\n|-ability|p1a: Tinkaton|Mold Breaker\n|move|p2a: Iron Valiant|Calm Mind|p2a: Iron Valiant\n|-boost|p2a: Iron Valiant|spa|1\n|-boost|p2a: Iron Valiant|spd|1\n|\n|-heal|p1a: Tinkaton|66\/100|[from] Grassy Terrain\n|-fieldend|move: Grassy Terrain\n|upkeep\n|turn|6\n|c|\u2606akijuen|There's the pink mag\n|j| Ad.... 067 \u30c4\n|\n|t:|1699946619\n|move|p2a: Iron Valiant|Vacuum Wave|p1a: Tinkaton\n|-damage|p1a: Tinkaton|39\/100\n|move|p1a: Tinkaton|Gigaton Hammer|p2a: Iron Valiant\n|-supereffective|p2a: Iron Valiant\n|-damage|p2a: Iron Valiant|0 fnt\n|faint|p2a: Iron Valiant\n|-end|p2a: Iron Valiant|Quark Drive|[silent]\n|\n|upkeep\n|\n|t:|1699946623\n|switch|p2a: Heatran|Heatran, M|100\/100\n|-item|p2a: Heatran|Air Balloon\n|turn|7\n|c| cheese miestro|its needs mag pull\n|inactive|Zapsuki has 120 seconds left.\n|c| Ad.... 067 \u30c4|unfort tinka doesnt get it\n|\n|t:|1699946647\n|switch|p1a: Walking Wake|Walking Wake|100\/100\n|move|p2a: Heatran|Stealth Rock|p1a: Walking Wake\n|-sidestart|p1: Zapsuki|move: Stealth Rock\n|\n|upkeep\n|turn|8\n|j| Coldramen15\n|c| iron tusk 69|doesnt moonblast outdamage vwave\n|c| iron tusk 69|even resisted\n|\n|t:|1699946655\n|switch|p2a: Rillaboom|Rillaboom, F|100\/100\n|-fieldstart|move: Grassy Terrain|[from] ability: Grassy Surge|[of] p2a: Rillaboom\n|move|p1a: Walking Wake|Scald|p2a: Rillaboom\n|-resisted|p2a: Rillaboom\n|-damage|p2a: Rillaboom|79\/100\n|-status|p2a: Rillaboom|brn\n|\n|-heal|p2a: Rillaboom|85\/100 brn|[from] Grassy Terrain\n|-damage|p2a: Rillaboom|79\/100 brn|[from] brn\n|upkeep\n|turn|9\n|l| Coldramen15\n|c|\u2606akijuen|Oh come on\n|\n|t:|1699946667\n|move|p1a: Walking Wake|Draco Meteor|p2a: Rillaboom\n|-damage|p2a: Rillaboom|0 fnt\n|-unboost|p1a: Walking Wake|spa|2\n|-enditem|p1a: Walking Wake|Eject Pack\n|faint|p2a: Rillaboom\n|\n|t:|1699946683\n|-end|p1a: Walking Wake|Protosynthesis|[silent]\n|switch|p1a: Garchomp|Garchomp, M|100\/100\n|-damage|p1a: Garchomp|94\/100|[from] Stealth Rock\n|\n|-heal|p1a: Garchomp|100\/100|[from] Grassy Terrain\n|upkeep\n|c| cheese miestro|we need a fairy trapping ability\n|l| Noobster237\n|\n|t:|1699946695\n|switch|p2a: Hatterene|Hatterene, F|100\/100\n|turn|10\n|inactive|Zapsuki has 120 seconds left.\n|\n|t:|1699946716\n|switch|p1a: Tinkaton|Tinkaton, F, shiny|39\/100\n|-damage|p1a: Tinkaton|33\/100|[from] Stealth Rock\n|-ability|p1a: Tinkaton|Mold Breaker\n|switch|p2a: Sneasler|Sneasler, F|100\/100\n|-enditem|p2a: Sneasler|Grassy Seed\n|-boost|p2a: Sneasler|def|1|[from] item: Grassy Seed\n|\n|-heal|p1a: Tinkaton|39\/100|[from] Grassy Terrain\n|upkeep\n|turn|11\n|inactive|Zapsuki has 120 seconds left.\n|c| iron tusk 69|i feel like running dragmag is 2 bans late\n|c| iron tusk 69|you lost like\n|c| iron tusk 69|the 2 best drags\n|\n|t:|1699946748\n|move|p2a: Sneasler|Swords Dance|p2a: Sneasler\n|-boost|p2a: Sneasler|atk|2\n|move|p1a: Tinkaton|Thunder Wave|p2a: Sneasler|[miss]\n|-miss|p1a: Tinkaton|p2a: Sneasler\n|\n|-heal|p1a: Tinkaton|45\/100|[from] Grassy Terrain\n|upkeep\n|turn|12\n|c|\u2606akijuen|Roraing moon and who else?\n|c| iron tusk 69|bax\n|c| cheese miestro|bax\n|c|\u2606akijuen|Oh right\n|\n|t:|1699946761\n|switch|p1a: Dragapult|Dragapult, M|100\/100\n|move|p2a: Sneasler|Close Combat|p1a: Dragapult\n|-immune|p1a: Dragapult\n|\n|-fieldend|move: Grassy Terrain\n|upkeep\n|turn|13\n|c| iron tusk 69|have we already forgotten\n|\n|t:|1699946767\n|-terastallize|p1a: Dragapult|Fairy\n|move|p2a: Sneasler|Lash Out|p1a: Dragapult\n|-resisted|p1a: Dragapult\n|-damage|p1a: Dragapult|57\/100\n|move|p1a: Dragapult|Will-O-Wisp|p2a: Sneasler\n|-status|p2a: Sneasler|brn\n|\n|-damage|p2a: Sneasler|95\/100 brn|[from] brn\n|upkeep\n|turn|14\n|\n|t:|1699946771\n|move|p2a: Sneasler|Dire Claw|p1a: Dragapult\n|-supereffective|p1a: Dragapult\n|-damage|p1a: Dragapult|0 fnt\n|faint|p1a: Dragapult\n|\n|-damage|p2a: Sneasler|89\/100 brn|[from] brn\n|upkeep\n|c|\u2606akijuen|IDK if that was worth it\n|c| cheese miestro|apparently they were both uu or smth at one point\n|\n|t:|1699946801\n|switch|p1a: Garchomp|Garchomp, M|100\/100\n|-damage|p1a: Garchomp|94\/100|[from] Stealth Rock\n|turn|15\n|\n|t:|1699946808\n|move|p2a: Sneasler|Close Combat|p1a: Garchomp\n|-damage|p1a: Garchomp|32\/100\n|-unboost|p2a: Sneasler|def|1\n|-unboost|p2a: Sneasler|spd|1\n|-damage|p2a: Sneasler|76\/100 brn|[from] ability: Rough Skin|[of] p1a: Garchomp\n|-damage|p2a: Sneasler|60\/100 brn|[from] item: Rocky Helmet|[of] p1a: Garchomp\n|move|p1a: Garchomp|Earthquake|p2a: Sneasler\n|-supereffective|p2a: Sneasler\n|-damage|p2a: Sneasler|0 fnt\n|faint|p2a: Sneasler\n|\n|upkeep\n|c| iron tusk 69|Well bax was UU bc of chien pao\n|\n|t:|1699946814\n|switch|p2a: Hatterene|Hatterene, F|100\/100\n|turn|16\n|\n|t:|1699946819\n|move|p1a: Garchomp|Earthquake|p2a: Hatterene\n|-damage|p2a: Hatterene|65\/100\n|move|p2a: Hatterene|Trick Room|p2a: Hatterene\n|-fieldstart|move: Trick Room|[of] p2a: Hatterene\n|\n|upkeep\n|turn|17\n|c| iron tusk 69|and moon was UU bc it was ever so slightly hard to slot\n|inactive|Zapsuki has 120 seconds left.\n|c| iron tusk 69|and then no one was using it\n|c| iron tusk 69|that was a very undeserved UU drop\n|c| cheese miestro|i see\n|c| iron tusk 69|But the fact that he dropped before carchomp\n|\n|t:|1699946852\n|switch|p2a: Ursaluna|Ursaluna, F|100\/100\n|move|p1a: Garchomp|Dragon Tail|p2a: Ursaluna\n|-damage|p2a: Ursaluna|81\/100\n|drag|p2a: Hatterene|Hatterene, F|65\/100\n|\n|upkeep\n|turn|18\n|c| iron tusk 69|is FUCKING hilarious\n|c|\u2606akijuen|WTF?\n|c| iron tusk 69|and we'll never forget it\n|c|\u2606akijuen|Holy shit what a read\n|\n|t:|1699946869\n|move|p2a: Hatterene|Psyshock|p1a: Garchomp\n|-damage|p1a: Garchomp|0 fnt\n|faint|p1a: Garchomp\n|\n|upkeep\n|\n|t:|1699946879\n|switch|p1a: Tinkaton|Tinkaton, F, shiny|45\/100\n|-damage|p1a: Tinkaton|39\/100|[from] Stealth Rock\n|-ability|p1a: Tinkaton|Mold Breaker\n|turn|19\n|\n|t:|1699946883\n|switch|p2a: Ursaluna|Ursaluna, F|81\/100\n|move|p1a: Tinkaton|Knock Off|p2a: Ursaluna\n|-damage|p2a: Ursaluna|70\/100\n|-enditem|p2a: Ursaluna|Flame Orb|[from] move: Knock Off|[of] p1a: Tinkaton\n|\n|upkeep\n|turn|20\n|\n|t:|1699946904\n|switch|p1a: Dragonite|Dragonite, F|100\/100\n|move|p2a: Ursaluna|Fire Punch|p1a: Dragonite\n|-resisted|p1a: Dragonite\n|-damage|p1a: Dragonite|92\/100\n|\n|-fieldend|move: Trick Room\n|upkeep\n|turn|21\n|inactive|Zapsuki has 90 seconds left.\n|\n|t:|1699946925\n|move|p1a: Dragonite|Dragon Claw|p2a: Ursaluna\n|-damage|p2a: Ursaluna|42\/100\n|move|p2a: Ursaluna|Ice Punch|p1a: Dragonite\n|-supereffective|p1a: Dragonite\n|-damage|p1a: Dragonite|0 fnt\n|faint|p1a: Dragonite\n|\n|upkeep\n|inactive|Zapsuki has 90 seconds left.\n|\n|t:|1699946930\n|switch|p1a: Walking Wake|Walking Wake|100\/100\n|-damage|p1a: Walking Wake|88\/100|[from] Stealth Rock\n|turn|22\n|c| iron tusk 69|dragon claw\n|\n|t:|1699946946\n|switch|p2a: Heatran|Heatran, M|100\/100\n|-item|p2a: Heatran|Air Balloon\n|move|p1a: Walking Wake|Scald|p2a: Heatran\n|-supereffective|p2a: Heatran\n|-damage|p2a: Heatran|16\/100\n|-enditem|p2a: Heatran|Air Balloon\n|\n|upkeep\n|turn|23\n|\n|t:|1699946951\n|move|p1a: Walking Wake|Scald|p2a: Heatran\n|-supereffective|p2a: Heatran\n|-damage|p2a: Heatran|0 fnt\n|faint|p2a: Heatran\n|\n|upkeep\n|\n|t:|1699946953\n|switch|p2a: Hatterene|Hatterene, F|65\/100\n|turn|24\n|inactive|Zapsuki has 90 seconds left.\n|\n|t:|1699946990\n|-end|p1a: Walking Wake|Protosynthesis|[silent]\n|switch|p1a: Tinkaton|Tinkaton, F, shiny|39\/100\n|-damage|p1a: Tinkaton|33\/100|[from] Stealth Rock\n|-ability|p1a: Tinkaton|Mold Breaker\n|-terastallize|p2a: Hatterene|Water\n|move|p2a: Hatterene|Trick Room|p2a: Hatterene\n|-fieldstart|move: Trick Room|[of] p2a: Hatterene\n|\n|upkeep\n|turn|25\n|inactive|Zapsuki has 90 seconds left.\n|c|\u2606akijuen|Jesus, the reads are real\n|\n|t:|1699947010\n|move|p2a: Hatterene|Healing Wish|p2a: Hatterene\n|faint|p2a: Hatterene\n|move|p1a: Tinkaton|Encore|p2: Hatterene|[notarget]\n|-fail|p1a: Tinkaton\n|\n|upkeep\n|\n|t:|1699947013\n|switch|p2a: Ursaluna|Ursaluna, F|42\/100\n|-heal|p2a: Ursaluna|100\/100|[from] move: Healing Wish\n|turn|26\n|\n|t:|1699947040\n|move|p2a: Ursaluna|Fire Punch|p1a: Tinkaton\n|-supereffective|p1a: Tinkaton\n|-damage|p1a: Tinkaton|0 fnt\n|faint|p1a: Tinkaton\n|\n|upkeep\n|\n|t:|1699947047\n|switch|p1a: Kommo-o|Kommo-o, F|95\/100\n|turn|27\n|\n|t:|1699947052\n|move|p2a: Ursaluna|Ice Punch|p1a: Kommo-o\n|-supereffective|p1a: Kommo-o\n|-damage|p1a: Kommo-o|38\/100\n|move|p1a: Kommo-o|Close Combat|p2a: Ursaluna\n|-supereffective|p2a: Ursaluna\n|-damage|p2a: Ursaluna|36\/100\n|-unboost|p1a: Kommo-o|def|1\n|-unboost|p1a: Kommo-o|spd|1\n|\n|upkeep\n|turn|28\n|c|\u2606akijuen|gg\n|-message|akijuen forfeited.\n|\n|win|Zapsuki\n|raw|Zapsuki's rating: 1651 &rarr; <strong>1669<\/strong><br \/>(+18 for winning)\n|raw|akijuen's rating: 1617 &rarr; <strong>1599<\/strong><br \/>(-18 for losing)\n|c|\u2606Zapsuki|gg\n|l| cheese miestro\n|l|\u2606akijuen\n|n| iron tusk 68|irontusk69\n|n| iron tusk 69|irontusk68\n|j| Tanishh\n|l| iron tusk 69\n|l| Tanishh\n|l| Ad.... 067 \u30c4\n","uploadtime":1699947086,"views":14,"p1id":"zapsuki","p2id":"akijuen","formatid":"gen9ou","rating":1599,"private":0,"password":""}