{"id":"gen9ou-1991773118","p1":"Buff My Skill","p2":"RegCronulus","format":"[Gen 9] OU","log":"|j|\u2606Buff My Skill\n|j|\u2606RegCronulus\n|t:|1700114679\n|gametype|singles\n|player|p1|Buff My Skill|erika|1205\n|player|p2|RegCronulus|2|1117\n|teamsize|p1|6\n|teamsize|p2|6\n|gen|9\n|tier|[Gen 9] OU\n|rated|\n|rule|Sleep Clause Mod: Limit one foe put to sleep\n|rule|Species Clause: Limit one of each Pok\u00e9mon\n|rule|OHKO Clause: OHKO moves are banned\n|rule|Evasion Items Clause: Evasion items are banned\n|rule|Evasion Moves Clause: Evasion moves are banned\n|rule|Endless Battle Clause: Forcing endless battles is banned\n|rule|HP Percentage Mod: HP is shown in percentages\n|clearpoke\n|poke|p1|Sneasler, M|\n|poke|p1|Landorus-Therian, M|\n|poke|p1|Dragapult, M|\n|poke|p1|Samurott-Hisui, M|\n|poke|p1|Enamorus, F|\n|poke|p1|Kingambit, M|\n|poke|p2|Iron Hands|\n|poke|p2|Polteageist|\n|poke|p2|Iron Moth|\n|poke|p2|Iron Treads|\n|poke|p2|Ogerpon-Wellspring, F|\n|poke|p2|Haxorus, F|\n|teampreview\n|inactive|Battle timer is ON: inactive players will automatically lose when time's up. (requested by Buff My Skill)\n|\n|t:|1700114702\n|start\n|switch|p1a: Samurott|Samurott-Hisui, M|100\/100\n|switch|p2a: Iron Treads|Iron Treads|100\/100\n|-enditem|p2a: Iron Treads|Booster Energy\n|-activate|p2a: Iron Treads|ability: Quark Drive|[fromitem]\n|-start|p2a: Iron Treads|quarkdrivespe\n|turn|1\n|\n|t:|1700114713\n|move|p2a: Iron Treads|Stealth Rock|p1a: Samurott\n|-sidestart|p1: Buff My Skill|move: Stealth Rock\n|move|p1a: Samurott|Razor Shell|p2a: Iron Treads\n|-supereffective|p2a: Iron Treads\n|-damage|p2a: Iron Treads|0 fnt\n|faint|p2a: Iron Treads\n|-end|p2a: Iron Treads|Quark Drive|[silent]\n|\n|upkeep\n|\n|t:|1700114723\n|switch|p2a: Ogerpon|Ogerpon-Wellspring, F|100\/100\n|turn|2\n|\n|t:|1700114727\n|move|p2a: Ogerpon|Trailblaze|p1a: Samurott\n|-supereffective|p1a: Samurott\n|-crit|p1a: Samurott\n|-enditem|p1a: Samurott|Focus Sash\n|-damage|p1a: Samurott|1\/100\n|-boost|p2a: Ogerpon|spe|1\n|move|p1a: Samurott|Ceaseless Edge|p2a: Ogerpon\n|-damage|p2a: Ogerpon|33\/100\n|-sidestart|p2: RegCronulus|Spikes\n|\n|upkeep\n|turn|3\n|\n|t:|1700114740\n|move|p2a: Ogerpon|Trailblaze|p1a: Samurott\n|-supereffective|p1a: Samurott\n|-damage|p1a: Samurott|0 fnt\n|-boost|p2a: Ogerpon|spe|1\n|faint|p1a: Samurott\n|\n|upkeep\n|\n|t:|1700114754\n|switch|p1a: Dragapult|Dragapult, M|100\/100\n|-damage|p1a: Dragapult|88\/100|[from] Stealth Rock\n|turn|4\n|\n|t:|1700114760\n|move|p2a: Ogerpon|Play Rough|p1a: Dragapult\n|-supereffective|p1a: Dragapult\n|-damage|p1a: Dragapult|0 fnt\n|faint|p1a: Dragapult\n|\n|upkeep\n|\n|t:|1700114770\n|switch|p1a: Landorus|Landorus-Therian, M|100\/100\n|-damage|p1a: Landorus|88\/100|[from] Stealth Rock\n|-ability|p1a: Landorus|Intimidate|boost\n|-unboost|p2a: Ogerpon|atk|1\n|turn|5\n|\n|t:|1700114777\n|-terastallize|p2a: Ogerpon|Water\n|detailschange|p2a: Ogerpon|Ogerpon-Wellspring-Tera, F, tera:Water\n|-ability|p2a: Ogerpon|Embody Aspect (Wellspring)|boost\n|-boost|p2a: Ogerpon|spd|1\n|move|p2a: Ogerpon|Ivy Cudgel|p1a: Landorus|[anim] Ivy Cudgel Water\n|-supereffective|p1a: Landorus\n|-damage|p1a: Landorus|0 fnt\n|faint|p1a: Landorus\n|\n|upkeep\n|inactive|Buff My Skill has 120 seconds left.\n|inactive|Buff My Skill has 90 seconds left.\n|\n|t:|1700114848\n|switch|p1a: Kingambit|Kingambit, M|100\/100\n|-damage|p1a: Kingambit|94\/100|[from] Stealth Rock\n|-activate|p1a: Kingambit|ability: Supreme Overlord\n|-start|p1a: Kingambit|fallen3|[silent]\n|-item|p1a: Kingambit|Air Balloon\n|turn|6\n|\n|t:|1700114858\n|move|p1a: Kingambit|Sucker Punch||[still]\n|-fail|p1a: Kingambit\n|move|p2a: Ogerpon|Swords Dance|p2a: Ogerpon\n|-boost|p2a: Ogerpon|atk|2\n|\n|upkeep\n|turn|7\n|\n|t:|1700114865\n|move|p2a: Ogerpon|Ivy Cudgel|p1a: Kingambit|[anim] Ivy Cudgel Water\n|-damage|p1a: Kingambit|0 fnt\n|-enditem|p1a: Kingambit|Air Balloon\n|faint|p1a: Kingambit\n|-end|p1a: Kingambit|fallen3|[silent]\n|\n|upkeep\n|-message|Buff My Skill forfeited.\n|\n|win|RegCronulus\n|raw|Buff My Skill's rating: 1205 &rarr; <strong>1174<\/strong><br \/>(-31 for losing)\n|raw|RegCronulus's rating: 1117 &rarr; <strong>1148<\/strong><br \/>(+31 for winning)\n|l|\u2606Buff My Skill\n","uploadtime":1700114885,"views":7,"p1id":"buffmyskill","p2id":"regcronulus","formatid":"gen9ou","rating":1148,"private":0,"password":""}