{"id":"gen9ou-1995290922","p1":"Victor.liu","p2":"XxN00bM4st3rxX69","format":"[Gen 9] OU","log":"|j|\u2606Victor.liu\n|j|\u2606XxN00bM4st3rxX69\n|t:|1700547859\n|gametype|singles\n|player|p1|Victor.liu|1|1147\n|player|p2|XxN00bM4st3rxX69|102|1116\n|teamsize|p1|6\n|teamsize|p2|6\n|gen|9\n|tier|[Gen 9] OU\n|rated|\n|rule|Sleep Clause Mod: Limit one foe put to sleep\n|rule|Species Clause: Limit one of each Pok\u00e9mon\n|rule|OHKO Clause: OHKO moves are banned\n|rule|Evasion Items Clause: Evasion items are banned\n|rule|Evasion Moves Clause: Evasion moves are banned\n|rule|Endless Battle Clause: Forcing endless battles is banned\n|rule|HP Percentage Mod: HP is shown in percentages\n|clearpoke\n|poke|p1|Zapdos|\n|poke|p1|Ogerpon-Wellspring, F|\n|poke|p1|Slowking-Galar, F|\n|poke|p1|Ting-Lu|\n|poke|p1|Dragonite, M|\n|poke|p1|Ceruledge, M|\n|poke|p2|Manaphy|\n|poke|p2|Pelipper, M|\n|poke|p2|Great Tusk|\n|poke|p2|Samurott-Hisui, F|\n|poke|p2|Gholdengo|\n|poke|p2|Zapdos|\n|teampreview\n|\n|t:|1700547883\n|start\n|switch|p1a: Ting-Lu|Ting-Lu|100\/100\n|switch|p2a: Manaphy|Manaphy|100\/100\n|-ability|p1a: Ting-Lu|Vessel of Ruin\n|turn|1\n|\n|t:|1700547892\n|move|p2a: Manaphy|Tail Glow|p2a: Manaphy\n|-boost|p2a: Manaphy|spa|3\n|move|p1a: Ting-Lu|Stealth Rock|p2a: Manaphy\n|-sidestart|p2: XxN00bM4st3rxX69|move: Stealth Rock\n|\n|upkeep\n|turn|2\n|\n|t:|1700547901\n|move|p2a: Manaphy|Ice Beam|p1a: Ting-Lu\n|-supereffective|p1a: Ting-Lu\n|-damage|p1a: Ting-Lu|27\/100\n|-damage|p2a: Manaphy|91\/100|[from] item: Life Orb\n|move|p1a: Ting-Lu|Whirlwind|p2a: Manaphy\n|drag|p2a: Gholdengo|Gholdengo|100\/100\n|-damage|p2a: Gholdengo|94\/100|[from] Stealth Rock\n|-item|p2a: Gholdengo|Air Balloon\n|\n|-heal|p1a: Ting-Lu|33\/100|[from] item: Leftovers\n|upkeep\n|turn|3\n|\n|t:|1700547913\n|switch|p1a: Ceruledge|Ceruledge, M|100\/100\n|move|p2a: Gholdengo|Make It Rain|p1a: Ceruledge\n|-resisted|p1a: Ceruledge\n|-damage|p1a: Ceruledge|60\/100\n|-unboost|p2a: Gholdengo|spa|1\n|\n|-heal|p1a: Ceruledge|66\/100|[from] item: Leftovers\n|upkeep\n|turn|4\n|\n|t:|1700547941\n|switch|p2a: Great Tusk|Great Tusk|100\/100\n|-damage|p2a: Great Tusk|98\/100|[from] Stealth Rock\n|-enditem|p2a: Great Tusk|Booster Energy\n|-activate|p2a: Great Tusk|ability: Protosynthesis|[fromitem]\n|-start|p2a: Great Tusk|protosynthesisspe\n|move|p1a: Ceruledge|Phantom Force||[still]\n|-prepare|p1a: Ceruledge|Phantom Force\n|\n|-heal|p1a: Ceruledge|73\/100|[from] item: Leftovers\n|upkeep\n|turn|5\n|\n|t:|1700547955\n|move|p2a: Great Tusk|Bulk Up|p2a: Great Tusk\n|-boost|p2a: Great Tusk|atk|1\n|-boost|p2a: Great Tusk|def|1\n|move|p1a: Ceruledge|Phantom Force|p2a: Great Tusk|[from]lockedmove\n|-damage|p2a: Great Tusk|77\/100\n|\n|-heal|p1a: Ceruledge|79\/100|[from] item: Leftovers\n|upkeep\n|turn|6\n|\n|t:|1700547976\n|switch|p1a: Zapdos|Zapdos|100\/100\n|move|p2a: Great Tusk|Bulk Up|p2a: Great Tusk\n|-boost|p2a: Great Tusk|atk|1\n|-boost|p2a: Great Tusk|def|1\n|\n|upkeep\n|turn|7\n|inactive|Battle timer is ON: inactive players will automatically lose when time's up. (requested by XxN00bM4st3rxX69)\n|\n|t:|1700548011\n|move|p2a: Great Tusk|Rapid Spin|p1a: Zapdos\n|-damage|p1a: Zapdos|75\/100\n|-boost|p2a: Great Tusk|spe|1\n|-sideend|p2: XxN00bM4st3rxX69|Stealth Rock|[from] move: Rapid Spin|[of] p2a: Great Tusk\n|move|p1a: Zapdos|Volt Switch|p2a: Great Tusk\n|-immune|p2a: Great Tusk\n|\n|upkeep\n|turn|8\n|\n|t:|1700548020\n|move|p2a: Great Tusk|Bulk Up|p2a: Great Tusk\n|-boost|p2a: Great Tusk|atk|1\n|-boost|p2a: Great Tusk|def|1\n|move|p1a: Zapdos|Hurricane|p2a: Great Tusk\n|-supereffective|p2a: Great Tusk\n|-damage|p2a: Great Tusk|0 fnt\n|faint|p2a: Great Tusk\n|-end|p2a: Great Tusk|Protosynthesis|[silent]\n|\n|upkeep\n|\n|t:|1700548038\n|switch|p2a: Manaphy|Manaphy|91\/100\n|turn|9\n|l|\u2606Victor.liu\n|inactive|Victor.liu disconnected and has a minute to reconnect!\n|player|p1|\n|j|\u2606Victor.liu\n|inactive|Victor.liu reconnected and has 125 seconds left.\n|player|p1|Victor.liu|1\n|inactive|Victor.liu has 120 seconds left.\n|\n|t:|1700548071\n|move|p2a: Manaphy|Ice Beam|p1a: Zapdos\n|-supereffective|p1a: Zapdos\n|-damage|p1a: Zapdos|6\/100\n|-damage|p2a: Manaphy|81\/100|[from] item: Life Orb\n|move|p1a: Zapdos|Volt Switch|p2a: Manaphy\n|-supereffective|p2a: Manaphy\n|-damage|p2a: Manaphy|26\/100\n|c|\u2606XxN00bM4st3rxX69|welcome baach\n|inactive|Victor.liu has 120 seconds left.\n|\n|t:|1700548088\n|switch|p1a: Ceruledge|Ceruledge, M|79\/100|[from] Volt Switch\n|\n|-heal|p1a: Ceruledge|85\/100|[from] item: Leftovers\n|upkeep\n|turn|10\n|\n|t:|1700548101\n|switch|p2a: Samurott|Samurott-Hisui, F|100\/100\n|move|p1a: Ceruledge|Phantom Force||[still]\n|-prepare|p1a: Ceruledge|Phantom Force\n|\n|-heal|p1a: Ceruledge|91\/100|[from] item: Leftovers\n|upkeep\n|turn|11\n|\n|t:|1700548111\n|move|p1a: Ceruledge|Phantom Force|p2a: Samurott|[from]lockedmove\n|-resisted|p2a: Samurott\n|-damage|p2a: Samurott|72\/100\n|move|p2a: Samurott|Ceaseless Edge|p1a: Ceruledge\n|-supereffective|p1a: Ceruledge\n|-damage|p1a: Ceruledge|0 fnt\n|-sidestart|p1: Victor.liu|Spikes\n|faint|p1a: Ceruledge\n|\n|upkeep\n|\n|t:|1700548119\n|switch|p1a: Ogerpon|Ogerpon-Wellspring, F|100\/100\n|-damage|p1a: Ogerpon|88\/100|[from] Spikes\n|turn|12\n|inactive|Victor.liu has 120 seconds left.\n|\n|t:|1700548133\n|switch|p2a: Pelipper|Pelipper, M|100\/100\n|-weather|RainDance|[from] ability: Drizzle|[of] p2a: Pelipper\n|move|p1a: Ogerpon|Ivy Cudgel|p2a: Pelipper|[anim] Ivy Cudgel Water\n|-resisted|p2a: Pelipper\n|-damage|p2a: Pelipper|68\/100\n|\n|-weather|RainDance|[upkeep]\n|-heal|p2a: Pelipper|74\/100|[from] item: Leftovers\n|upkeep\n|turn|13\n|inactive|Victor.liu has 120 seconds left.\n|\n|t:|1700548144\n|move|p1a: Ogerpon|Power Whip|p2a: Pelipper\n|-damage|p2a: Pelipper|17\/100\n|move|p2a: Pelipper|Hurricane|p1a: Ogerpon\n|-supereffective|p1a: Ogerpon\n|-damage|p1a: Ogerpon|0 fnt\n|faint|p1a: Ogerpon\n|\n|-weather|RainDance|[upkeep]\n|-heal|p2a: Pelipper|23\/100|[from] item: Leftovers\n|upkeep\n|inactive|Victor.liu has 120 seconds left.\n|\n|t:|1700548159\n|switch|p1a: Zapdos|Zapdos|6\/100\n|turn|14\n|\n|t:|1700548171\n|switch|p2a: Zapdos|Zapdos|100\/100\n|move|p1a: Zapdos|Thunder Wave|p2a: Zapdos|[miss]\n|-miss|p1a: Zapdos|p2a: Zapdos\n|\n|-weather|RainDance|[upkeep]\n|upkeep\n|turn|15\n|\n|t:|1700548186\n|switch|p1a: Slowking|Slowking-Galar, F|100\/100\n|move|p2a: Zapdos|Weather Ball|p1a: Slowking\n|-damage|p1a: Slowking|64\/100\n|\n|-weather|RainDance|[upkeep]\n|upkeep\n|turn|16\n|\n|t:|1700548195\n|move|p2a: Zapdos|Thunder|p1a: Slowking\n|-damage|p1a: Slowking|24\/100\n|move|p1a: Slowking|Ice Beam|p2a: Zapdos\n|-supereffective|p2a: Zapdos\n|-damage|p2a: Zapdos|53\/100\n|\n|-weather|none\n|upkeep\n|turn|17\n|\n|t:|1700548210\n|switch|p2a: Pelipper|Pelipper, M|23\/100\n|-weather|RainDance|[from] ability: Drizzle|[of] p2a: Pelipper\n|move|p1a: Slowking|Ice Beam|p2a: Pelipper\n|-damage|p2a: Pelipper|0 fnt\n|faint|p2a: Pelipper\n|\n|-weather|RainDance|[upkeep]\n|upkeep\n|\n|t:|1700548218\n|switch|p2a: Zapdos|Zapdos|53\/100\n|turn|18\n|\n|t:|1700548223\n|move|p2a: Zapdos|Thunder|p1a: Slowking\n|-damage|p1a: Slowking|0 fnt\n|faint|p1a: Slowking\n|\n|-weather|RainDance|[upkeep]\n|upkeep\n|\n|t:|1700548232\n|switch|p1a: Zapdos|Zapdos|6\/100\n|turn|19\n|\n|t:|1700548237\n|move|p2a: Zapdos|Thunder|p1a: Zapdos\n|-damage|p1a: Zapdos|0 fnt\n|faint|p1a: Zapdos\n|\n|-weather|RainDance|[upkeep]\n|upkeep\n|\n|t:|1700548243\n|switch|p1a: Dragonite|Dragonite, M|100\/100\n|turn|20\n|\n|t:|1700548251\n|-terastallize|p1a: Dragonite|Normal\n|move|p2a: Zapdos|Thunder|p1a: Dragonite\n|-damage|p1a: Dragonite|79\/100\n|-status|p1a: Dragonite|par\n|move|p1a: Dragonite|Dragon Dance|p1a: Dragonite\n|-boost|p1a: Dragonite|atk|1\n|-boost|p1a: Dragonite|spe|1\n|\n|-weather|RainDance|[upkeep]\n|-heal|p1a: Dragonite|85\/100 par|[from] item: Leftovers\n|upkeep\n|turn|21\n|\n|t:|1700548266\n|move|p2a: Zapdos|Hurricane|p1a: Dragonite\n|-damage|p1a: Dragonite|41\/100 par\n|-start|p1a: Dragonite|confusion\n|-activate|p1a: Dragonite|confusion\n|move|p1a: Dragonite|Roost|p1a: Dragonite\n|-heal|p1a: Dragonite|91\/100 par\n|\n|-weather|none\n|-heal|p1a: Dragonite|97\/100 par|[from] item: Leftovers\n|upkeep\n|turn|22\n|c|\u2606XxN00bM4st3rxX69|tough\n|\n|t:|1700548277\n|-activate|p1a: Dragonite|confusion\n|move|p1a: Dragonite|Extreme Speed|p2a: Zapdos\n|-damage|p2a: Zapdos|0 fnt\n|faint|p2a: Zapdos\n|\n|-heal|p1a: Dragonite|100\/100 par|[from] item: Leftovers\n|upkeep\n|\n|t:|1700548286\n|switch|p2a: Gholdengo|Gholdengo|94\/100\n|-item|p2a: Gholdengo|Air Balloon\n|turn|23\n|\n|t:|1700548292\n|move|p2a: Gholdengo|Nasty Plot|p2a: Gholdengo\n|-boost|p2a: Gholdengo|spa|2\n|-end|p1a: Dragonite|confusion\n|move|p1a: Dragonite|Dragon Dance|p1a: Dragonite\n|-boost|p1a: Dragonite|atk|1\n|-boost|p1a: Dragonite|spe|1\n|\n|upkeep\n|turn|24\n|\n|t:|1700548301\n|move|p1a: Dragonite|Earthquake|p2a: Gholdengo\n|-immune|p2a: Gholdengo\n|move|p2a: Gholdengo|Nasty Plot|p2a: Gholdengo\n|-boost|p2a: Gholdengo|spa|2\n|\n|upkeep\n|turn|25\n|\n|t:|1700548309\n|move|p1a: Dragonite|Extreme Speed|p2a: Gholdengo\n|-immune|p2a: Gholdengo\n|move|p2a: Gholdengo|Nasty Plot|p2a: Gholdengo\n|-boost|p2a: Gholdengo|spa|2\n|\n|upkeep\n|turn|26\n|c|\u2606XxN00bM4st3rxX69|very tough\n|\n|t:|1700548318\n|switch|p1a: Ting-Lu|Ting-Lu|33\/100\n|-damage|p1a: Ting-Lu|21\/100|[from] Spikes\n|-ability|p1a: Ting-Lu|Vessel of Ruin\n|move|p2a: Gholdengo|Make It Rain|p1a: Ting-Lu\n|-damage|p1a: Ting-Lu|0 fnt\n|-unboost|p2a: Gholdengo|spa|1\n|faint|p1a: Ting-Lu\n|\n|upkeep\n|\n|t:|1700548331\n|switch|p1a: Dragonite|Dragonite, M, tera:Normal|100\/100 par\n|-damage|p1a: Dragonite|88\/100 par|[from] Spikes\n|turn|27\n|c|\u2606XxN00bM4st3rxX69|GGWP Victor L\n|-message|Victor.liu forfeited.\n|\n|win|XxN00bM4st3rxX69\n|raw|Victor.liu's rating: 1147 &rarr; <strong>1120<\/strong><br \/>(-27 for losing)\n|raw|XxN00bM4st3rxX69's rating: 1116 &rarr; <strong>1143<\/strong><br \/>(+27 for winning)\n|l|\u2606Victor.liu\n","uploadtime":1700548344,"views":3,"p1id":"victorliu","p2id":"xxn00bm4st3rxx69","formatid":"gen9ou","rating":1120,"private":0,"password":""}