{"id":"gen9ou-1996269260","p1":"mummyNSFW","p2":"KrustyKrabby39","format":"[Gen 9] OU","log":"|j|\u2606mummyNSFW\n|j|\u2606KrustyKrabby39\n|t:|1700665922\n|gametype|singles\n|player|p1|mummyNSFW|cynthia-gen4|1307\n|player|p2|KrustyKrabby39|101|1270\n|teamsize|p1|6\n|teamsize|p2|6\n|gen|9\n|tier|[Gen 9] OU\n|rated|\n|rule|Sleep Clause Mod: Limit one foe put to sleep\n|rule|Species Clause: Limit one of each Pok\u00e9mon\n|rule|OHKO Clause: OHKO moves are banned\n|rule|Evasion Items Clause: Evasion items are banned\n|rule|Evasion Moves Clause: Evasion moves are banned\n|rule|Endless Battle Clause: Forcing endless battles is banned\n|rule|HP Percentage Mod: HP is shown in percentages\n|clearpoke\n|poke|p1|Landorus-Therian, M|\n|poke|p1|Staraptor, M|\n|poke|p1|Hydreigon, F|\n|poke|p1|Iron Moth|\n|poke|p1|Rillaboom, M|\n|poke|p1|Rotom-Wash|\n|poke|p2|Gholdengo|\n|poke|p2|Ceruledge, F|\n|poke|p2|Rillaboom, M|\n|poke|p2|Garganacl, M|\n|poke|p2|Kommo-o, M|\n|poke|p2|Quaquaval, M|\n|teampreview\n|\n|t:|1700665929\n|start\n|switch|p1a: Wiped you|Hydreigon, F|100\/100\n|switch|p2a: Garganacl|Garganacl, M|100\/100\n|turn|1\n|\n|t:|1700665934\n|move|p1a: Wiped you|Surf|p2a: Garganacl\n|-supereffective|p2a: Garganacl\n|-damage|p2a: Garganacl|12\/100\n|move|p2a: Garganacl|Stealth Rock|p1a: Wiped you\n|-sidestart|p1: mummyNSFW|move: Stealth Rock\n|\n|-heal|p2a: Garganacl|18\/100|[from] item: Leftovers\n|upkeep\n|turn|2\n|\n|t:|1700665941\n|move|p1a: Wiped you|Surf|p2a: Garganacl\n|-supereffective|p2a: Garganacl\n|-damage|p2a: Garganacl|0 fnt\n|faint|p2a: Garganacl\n|\n|upkeep\n|\n|t:|1700665948\n|switch|p2a: Kommo-o|Kommo-o, M|100\/100\n|turn|3\n|\n|t:|1700665963\n|switch|p1a: discount rona|Iron Moth|100\/100\n|-damage|p1a: discount rona|76\/100|[from] Stealth Rock\n|-enditem|p1a: discount rona|Booster Energy\n|-activate|p1a: discount rona|ability: Quark Drive|[fromitem]\n|-start|p1a: discount rona|quarkdrivespe\n|move|p2a: Kommo-o|Clangorous Soul|p2a: Kommo-o\n|-boost|p2a: Kommo-o|atk|1\n|-boost|p2a: Kommo-o|def|1\n|-boost|p2a: Kommo-o|spa|1\n|-boost|p2a: Kommo-o|spd|1\n|-boost|p2a: Kommo-o|spe|1\n|-damage|p2a: Kommo-o|68\/100\n|\n|-heal|p2a: Kommo-o|74\/100|[from] item: Leftovers\n|upkeep\n|turn|4\n|\n|t:|1700665976\n|-terastallize|p2a: Kommo-o|Normal\n|move|p1a: discount rona|Dazzling Gleam|p2a: Kommo-o\n|-damage|p2a: Kommo-o|58\/100\n|move|p2a: Kommo-o|Boomburst|p1a: discount rona\n|-damage|p1a: discount rona|9\/100\n|\n|-heal|p2a: Kommo-o|64\/100|[from] item: Leftovers\n|upkeep\n|turn|5\n|\n|t:|1700665985\n|move|p1a: discount rona|Sludge Wave|p2a: Kommo-o\n|-damage|p2a: Kommo-o|36\/100\n|move|p2a: Kommo-o|Boomburst|p1a: discount rona\n|-damage|p1a: discount rona|0 fnt\n|faint|p1a: discount rona\n|-end|p1a: discount rona|Quark Drive|[silent]\n|\n|-heal|p2a: Kommo-o|42\/100|[from] item: Leftovers\n|upkeep\n|\n|t:|1700665994\n|switch|p1a: UUbl(boy love)|Staraptor, M, shiny|100\/100\n|-damage|p1a: UUbl(boy love)|76\/100|[from] Stealth Rock\n|-ability|p1a: UUbl(boy love)|Intimidate|boost\n|-unboost|p2a: Kommo-o|atk|1\n|turn|6\n|\n|t:|1700666001\n|move|p1a: UUbl(boy love)|Double-Edge|p2a: Kommo-o\n|-damage|p2a: Kommo-o|8\/100\n|-damage|p1a: UUbl(boy love)|63\/100|[from] Recoil\n|move|p2a: Kommo-o|Boomburst|p1a: UUbl(boy love)\n|-damage|p1a: UUbl(boy love)|0 fnt\n|faint|p1a: UUbl(boy love)\n|\n|-heal|p2a: Kommo-o|14\/100|[from] item: Leftovers\n|upkeep\n|\n|t:|1700666014\n|switch|p1a: it aint landover|Landorus-Therian, M|100\/100\n|-damage|p1a: it aint landover|88\/100|[from] Stealth Rock\n|-ability|p1a: it aint landover|Intimidate|boost\n|-unboost|p2a: Kommo-o|atk|1\n|turn|7\n|\n|t:|1700666021\n|move|p1a: it aint landover|Earthquake|p2a: Kommo-o\n|-damage|p2a: Kommo-o|0 fnt\n|faint|p2a: Kommo-o\n|\n|upkeep\n|\n|t:|1700666025\n|switch|p2a: Quaquaval|Quaquaval, M|100\/100\n|turn|8\n|\n|t:|1700666029\n|move|p1a: it aint landover|Earthquake|p2a: Quaquaval\n|-damage|p2a: Quaquaval|28\/100\n|move|p2a: Quaquaval|Aqua Step|p1a: it aint landover\n|-supereffective|p1a: it aint landover\n|-damage|p1a: it aint landover|4\/100\n|-boost|p2a: Quaquaval|spe|1\n|\n|upkeep\n|turn|9\n|\n|t:|1700666038\n|move|p1a: it aint landover|Earthquake|p2a: Quaquaval\n|-damage|p2a: Quaquaval|0 fnt\n|faint|p2a: Quaquaval\n|\n|upkeep\n|\n|t:|1700666051\n|switch|p2a: Ceruledge|Ceruledge, F|100\/100\n|turn|10\n|\n|t:|1700666053\n|move|p2a: Ceruledge|Shadow Sneak|p1a: it aint landover\n|-damage|p1a: it aint landover|0 fnt\n|faint|p1a: it aint landover\n|-damage|p2a: Ceruledge|91\/100|[from] item: Life Orb\n|\n|upkeep\n|\n|t:|1700666058\n|switch|p1a: Wiped you|Hydreigon, F|100\/100\n|-damage|p1a: Wiped you|88\/100|[from] Stealth Rock\n|turn|11\n|\n|t:|1700666063\n|switch|p2a: Rillaboom|Rillaboom, M|100\/100\n|-fieldstart|move: Grassy Terrain|[from] ability: Grassy Surge|[of] p2a: Rillaboom\n|move|p1a: Wiped you|Dark Pulse|p2a: Rillaboom\n|-damage|p2a: Rillaboom|61\/100\n|\n|-heal|p2a: Rillaboom|67\/100|[from] Grassy Terrain\n|upkeep\n|turn|12\n|\n|t:|1700666074\n|switch|p1a: monke|Rillaboom, M, shiny|100\/100\n|-damage|p1a: monke|88\/100|[from] Stealth Rock\n|move|p2a: Rillaboom|Drain Punch|p1a: monke\n|-damage|p1a: monke|62\/100\n|-heal|p2a: Rillaboom|80\/100|[from] drain|[of] p1a: monke\n|\n|-heal|p1a: monke|68\/100|[from] Grassy Terrain\n|-heal|p2a: Rillaboom|87\/100|[from] Grassy Terrain\n|upkeep\n|turn|13\n|\n|t:|1700666085\n|move|p1a: monke|Knock Off|p2a: Rillaboom\n|-damage|p2a: Rillaboom|52\/100\n|-enditem|p2a: Rillaboom|Assault Vest|[from] move: Knock Off|[of] p1a: monke\n|move|p2a: Rillaboom|Knock Off|p1a: monke\n|-damage|p1a: monke|33\/100\n|-enditem|p1a: monke|Assault Vest|[from] move: Knock Off|[of] p2a: Rillaboom\n|\n|-heal|p1a: monke|39\/100|[from] Grassy Terrain\n|-heal|p2a: Rillaboom|59\/100|[from] Grassy Terrain\n|upkeep\n|turn|14\n|\n|t:|1700666096\n|move|p1a: monke|Drain Punch|p2a: Rillaboom\n|-damage|p2a: Rillaboom|33\/100\n|-heal|p1a: monke|52\/100|[from] drain|[of] p2a: Rillaboom\n|move|p2a: Rillaboom|Drain Punch|p1a: monke\n|-damage|p1a: monke|24\/100\n|-heal|p2a: Rillaboom|47\/100|[from] drain|[of] p1a: monke\n|\n|-heal|p1a: monke|30\/100|[from] Grassy Terrain\n|-heal|p2a: Rillaboom|53\/100|[from] Grassy Terrain\n|upkeep\n|turn|15\n|\n|t:|1700666110\n|move|p1a: monke|Drain Punch|p2a: Rillaboom\n|-damage|p2a: Rillaboom|24\/100\n|-heal|p1a: monke|45\/100|[from] drain|[of] p2a: Rillaboom\n|move|p2a: Rillaboom|Drain Punch|p1a: monke\n|-damage|p1a: monke|17\/100\n|-heal|p2a: Rillaboom|38\/100|[from] drain|[of] p1a: monke\n|\n|-heal|p1a: monke|23\/100|[from] Grassy Terrain\n|-heal|p2a: Rillaboom|44\/100|[from] Grassy Terrain\n|-fieldend|move: Grassy Terrain\n|upkeep\n|turn|16\n|\n|t:|1700666125\n|move|p1a: monke|Drain Punch|p2a: Rillaboom\n|-damage|p2a: Rillaboom|16\/100\n|-heal|p1a: monke|38\/100|[from] drain|[of] p2a: Rillaboom\n|move|p2a: Rillaboom|Drain Punch|p1a: monke\n|-damage|p1a: monke|10\/100\n|-heal|p2a: Rillaboom|30\/100|[from] drain|[of] p1a: monke\n|\n|upkeep\n|turn|17\n|\n|t:|1700666134\n|move|p1a: monke|Drain Punch|p2a: Rillaboom\n|-damage|p2a: Rillaboom|0 fnt\n|-heal|p1a: monke|24\/100|[from] drain|[of] p2a: Rillaboom\n|faint|p2a: Rillaboom\n|\n|upkeep\n|\n|t:|1700666139\n|switch|p2a: Ceruledge|Ceruledge, F|91\/100\n|turn|18\n|\n|t:|1700666142\n|move|p2a: Ceruledge|Shadow Sneak|p1a: monke\n|-damage|p1a: monke|0 fnt\n|faint|p1a: monke\n|-damage|p2a: Ceruledge|81\/100|[from] item: Life Orb\n|\n|upkeep\n|\n|t:|1700666147\n|switch|p1a: Wiped you|Hydreigon, F|88\/100\n|-damage|p1a: Wiped you|76\/100|[from] Stealth Rock\n|turn|19\n|\n|t:|1700666151\n|move|p2a: Ceruledge|Shadow Sneak|p1a: Wiped you\n|-resisted|p1a: Wiped you\n|-damage|p1a: Wiped you|59\/100\n|-damage|p2a: Ceruledge|71\/100|[from] item: Life Orb\n|move|p1a: Wiped you|Dark Pulse|p2a: Ceruledge\n|-supereffective|p2a: Ceruledge\n|-damage|p2a: Ceruledge|0 fnt\n|faint|p2a: Ceruledge\n|\n|upkeep\n|\n|t:|1700666158\n|switch|p2a: Gholdengo|Gholdengo|100\/100\n|turn|20\n|\n|t:|1700666163\n|move|p1a: Wiped you|Dark Pulse|p2a: Gholdengo\n|-supereffective|p2a: Gholdengo\n|-damage|p2a: Gholdengo|0 fnt\n|faint|p2a: Gholdengo\n|\n|win|mummyNSFW\n|raw|mummyNSFW's rating: 1307 &rarr; <strong>1325<\/strong><br \/>(+18 for winning)\n|raw|KrustyKrabby39's rating: 1270 &rarr; <strong>1248<\/strong><br \/>(-22 for losing)\n|l|\u2606KrustyKrabby39\n","uploadtime":1700666196,"views":0,"p1id":"mummynsfw","p2id":"krustykrabby39","formatid":"gen9ou","rating":1248,"private":0,"password":""}