{"id":"gen9ou-1992808528","p1":"nathumain","p2":"PLAYB0I R0BBIE B","format":"[Gen 9] OU","log":"|j|\u2606nathumain\n|j|\u2606PLAYB0I R0BBIE B\n|t:|1700237273\n|gametype|singles\n|player|p1|nathumain|colress|1094\n|player|p2|PLAYB0I R0BBIE B|eusine|1188\n|teamsize|p1|6\n|teamsize|p2|6\n|gen|9\n|tier|[Gen 9] OU\n|rated|\n|rule|Sleep Clause Mod: Limit one foe put to sleep\n|rule|Species Clause: Limit one of each Pok\u00e9mon\n|rule|OHKO Clause: OHKO moves are banned\n|rule|Evasion Items Clause: Evasion items are banned\n|rule|Evasion Moves Clause: Evasion moves are banned\n|rule|Endless Battle Clause: Forcing endless battles is banned\n|rule|HP Percentage Mod: HP is shown in percentages\n|clearpoke\n|poke|p1|Samurott-Hisui, F|\n|poke|p1|Enamorus, F|\n|poke|p1|Ceruledge, F|\n|poke|p1|Great Tusk|\n|poke|p1|Dragonite, F|\n|poke|p1|Toxapex, F|\n|poke|p2|Meowscarada, F|\n|poke|p2|Thundurus-Therian, M|\n|poke|p2|Dragapult, F|\n|poke|p2|Heatran, F|\n|poke|p2|Great Tusk|\n|poke|p2|Slowking-Galar, F|\n|teampreview\n|inactive|Battle timer is ON: inactive players will automatically lose when time's up. (requested by nathumain)\n|\n|t:|1700237296\n|start\n|switch|p1a: Samurott|Samurott-Hisui, F|100\/100\n|switch|p2a: SICKO MODE|Meowscarada, F|100\/100\n|turn|1\n|\n|t:|1700237317\n|switch|p1a: Enamorus|Enamorus, F|100\/100\n|move|p2a: SICKO MODE|U-turn|p1a: Enamorus\n|-start|p2a: SICKO MODE|typechange|Bug|[from] ability: Protean\n|-resisted|p1a: Enamorus\n|-damage|p1a: Enamorus|81\/100\n|\n|t:|1700237321\n|switch|p2a: WAKE UP|Slowking-Galar, F|100\/100|[from] U-turn\n|\n|upkeep\n|turn|2\n|\n|t:|1700237328\n|switch|p1a: Samurott|Samurott-Hisui, F|100\/100\n|move|p2a: WAKE UP|Sludge Bomb|p1a: Samurott\n|-damage|p1a: Samurott|41\/100\n|\n|-heal|p1a: Samurott|47\/100|[from] item: Leftovers\n|upkeep\n|turn|3\n|\n|t:|1700237335\n|switch|p2a: ASTROTHUNDER|Thundurus-Therian, M|100\/100\n|move|p1a: Samurott|Ceaseless Edge|p2a: ASTROTHUNDER\n|-damage|p2a: ASTROTHUNDER|34\/100\n|-sidestart|p2: PLAYB0I R0BBIE B|Spikes\n|\n|-heal|p1a: Samurott|53\/100|[from] item: Leftovers\n|upkeep\n|turn|4\n|\n|t:|1700237344\n|switch|p1a: Great Tusk|Great Tusk|100\/100\n|-terastallize|p2a: ASTROTHUNDER|Flying\n|move|p2a: ASTROTHUNDER|Tera Blast|p1a: Great Tusk|[anim] Tera Blast Flying\n|-supereffective|p1a: Great Tusk\n|-damage|p1a: Great Tusk|0 fnt\n|faint|p1a: Great Tusk\n|-end|p1a: Great Tusk|Protosynthesis|[silent]\n|\n|upkeep\n|\n|t:|1700237360\n|switch|p1a: Enamorus|Enamorus, F|81\/100\n|turn|5\n|\n|t:|1700237364\n|switch|p2a: WAKE UP|Slowking-Galar, F|100\/100\n|-damage|p2a: WAKE UP|88\/100|[from] Spikes\n|move|p1a: Enamorus|Play Rough|p2a: WAKE UP|[miss]\n|-miss|p1a: Enamorus|p2a: WAKE UP\n|\n|upkeep\n|turn|6\n|\n|t:|1700237369\n|switch|p1a: Toxapex|Toxapex, F|100\/100\n|move|p2a: WAKE UP|Sludge Bomb|p1a: Toxapex\n|-resisted|p1a: Toxapex\n|-damage|p1a: Toxapex|93\/100\n|\n|upkeep\n|turn|7\n|\n|t:|1700237393\n|move|p1a: Toxapex|Infestation|p2a: WAKE UP\n|-damage|p2a: WAKE UP|87\/100\n|-activate|p2a: WAKE UP|move: Infestation|[of] p1a: Toxapex\n|move|p2a: WAKE UP|Future Sight|p1a: Toxapex\n|-start|p2a: WAKE UP|move: Future Sight\n|\n|-damage|p2a: WAKE UP|74\/100|[from] move: Infestation|[partiallytrapped]\n|upkeep\n|turn|8\n|inactive|nathumain has 120 seconds left.\n|\n|t:|1700237418\n|move|p1a: Toxapex|Acid Spray|p2a: WAKE UP\n|-resisted|p2a: WAKE UP\n|-damage|p2a: WAKE UP|72\/100\n|-unboost|p2a: WAKE UP|spd|2\n|move|p2a: WAKE UP|Sludge Bomb|p1a: Toxapex\n|-resisted|p1a: Toxapex\n|-damage|p1a: Toxapex|85\/100\n|\n|-damage|p2a: WAKE UP|60\/100|[from] move: Infestation|[partiallytrapped]\n|upkeep\n|turn|9\n|inactive|nathumain has 120 seconds left.\n|\n|t:|1700237433\n|move|p1a: Toxapex|Chilling Water|p2a: WAKE UP\n|-crit|p2a: WAKE UP\n|-damage|p2a: WAKE UP|47\/100\n|-unboost|p2a: WAKE UP|atk|1\n|move|p2a: WAKE UP|Sludge Bomb|p1a: Toxapex\n|-resisted|p1a: Toxapex\n|-damage|p1a: Toxapex|77\/100\n|\n|-end|p1a: Toxapex|move: Future Sight\n|-supereffective|p1a: Toxapex\n|-damage|p1a: Toxapex|31\/100\n|-damage|p2a: WAKE UP|35\/100|[from] move: Infestation|[partiallytrapped]\n|upkeep\n|turn|10\n|inactive|nathumain has 120 seconds left.\n|\n|t:|1700237455\n|move|p1a: Toxapex|Chilling Water|p2a: WAKE UP\n|-damage|p2a: WAKE UP|25\/100\n|-unboost|p2a: WAKE UP|atk|1\n|move|p2a: WAKE UP|Future Sight|p1a: Toxapex\n|-start|p2a: WAKE UP|move: Future Sight\n|\n|-damage|p2a: WAKE UP|12\/100|[from] move: Infestation|[partiallytrapped]\n|upkeep\n|turn|11\n|\n|t:|1700237466\n|move|p1a: Toxapex|Chilling Water|p2a: WAKE UP\n|-damage|p2a: WAKE UP|2\/100\n|-unboost|p2a: WAKE UP|atk|1\n|move|p2a: WAKE UP|Sludge Bomb|p1a: Toxapex\n|-resisted|p1a: Toxapex\n|-damage|p1a: Toxapex|23\/100\n|\n|-end|p2a: WAKE UP|Infestation|[partiallytrapped]\n|upkeep\n|turn|12\n|\n|t:|1700237480\n|switch|p1a: Samurott|Samurott-Hisui, F|53\/100\n|switch|p2a: ASTROTHUNDER|Thundurus-Therian, M, tera:Flying|34\/100\n|\n|-end|p1a: Samurott|move: Future Sight\n|-immune|p1a: Samurott\n|-heal|p1a: Samurott|59\/100|[from] item: Leftovers\n|upkeep\n|turn|13\n|\n|t:|1700237495\n|-terastallize|p1a: Samurott|Ghost\n|move|p2a: ASTROTHUNDER|Volt Switch|p1a: Samurott\n|-damage|p1a: Samurott|0 fnt\n|faint|p1a: Samurott\n|\n|t:|1700237508\n|switch|p2a: YOSEMITE|Great Tusk|100\/100|[from] Volt Switch\n|\n|upkeep\n|\n|t:|1700237524\n|switch|p1a: Enamorus|Enamorus, F|81\/100\n|turn|14\n|\n|t:|1700237531\n|-end|p2a: YOSEMITE|Protosynthesis|[silent]\n|switch|p2a: WAKE UP|Slowking-Galar, F|36\/100\n|-damage|p2a: WAKE UP|23\/100|[from] Spikes\n|move|p1a: Enamorus|Superpower|p2a: WAKE UP\n|-resisted|p2a: WAKE UP\n|-damage|p2a: WAKE UP|14\/100\n|-boost|p1a: Enamorus|atk|1\n|-boost|p1a: Enamorus|def|1\n|\n|upkeep\n|turn|15\n|\n|t:|1700237541\n|move|p1a: Enamorus|Play Rough|p2a: WAKE UP\n|-resisted|p2a: WAKE UP\n|-damage|p2a: WAKE UP|0 fnt\n|faint|p2a: WAKE UP\n|\n|upkeep\n|\n|t:|1700237544\n|switch|p2a: NO BYSTANDERS|Dragapult, F|100\/100\n|turn|16\n|\n|t:|1700237552\n|move|p2a: NO BYSTANDERS|Thunder Wave|p1a: Enamorus\n|-status|p1a: Enamorus|par\n|move|p1a: Enamorus|Play Rough|p2a: NO BYSTANDERS\n|-supereffective|p2a: NO BYSTANDERS\n|-crit|p2a: NO BYSTANDERS\n|-damage|p2a: NO BYSTANDERS|0 fnt\n|faint|p2a: NO BYSTANDERS\n|\n|upkeep\n|\n|t:|1700237560\n|switch|p2a: ASTROTHUNDER|Thundurus-Therian, M, tera:Flying|34\/100\n|turn|17\n|\n|t:|1700237566\n|switch|p1a: Dragonite|Dragonite, F|100\/100\n|move|p2a: ASTROTHUNDER|Volt Switch|p1a: Dragonite\n|-damage|p1a: Dragonite|69\/100\n|\n|t:|1700237568\n|switch|p2a: YOSEMITE|Great Tusk|100\/100|[from] Volt Switch\n|\n|upkeep\n|turn|18\n|\n|t:|1700237590\n|switch|p1a: Enamorus|Enamorus, F|81\/100 par\n|move|p2a: YOSEMITE|Ice Spinner|p1a: Enamorus\n|-supereffective|p1a: Enamorus\n|-damage|p1a: Enamorus|0 fnt\n|faint|p1a: Enamorus\n|\n|upkeep\n|\n|t:|1700237597\n|switch|p1a: Ceruledge|Ceruledge, F|100\/100\n|turn|19\n|\n|t:|1700237600\n|move|p2a: YOSEMITE|Headlong Rush|p1a: Ceruledge\n|-supereffective|p1a: Ceruledge\n|-enditem|p1a: Ceruledge|Focus Sash\n|-damage|p1a: Ceruledge|1\/100\n|-unboost|p2a: YOSEMITE|def|1\n|-unboost|p2a: YOSEMITE|spd|1\n|-ability|p1a: Ceruledge|Weak Armor|boost\n|-unboost|p1a: Ceruledge|def|1\n|-boost|p1a: Ceruledge|spe|2\n|move|p1a: Ceruledge|Swords Dance|p1a: Ceruledge\n|-boost|p1a: Ceruledge|atk|2\n|\n|upkeep\n|turn|20\n|\n|t:|1700237606\n|-end|p2a: YOSEMITE|Protosynthesis|[silent]\n|switch|p2a: 5% TINT|Heatran, F|100\/100\n|-item|p2a: 5% TINT|Air Balloon\n|move|p1a: Ceruledge|Poltergeist|p2a: 5% TINT\n|-activate|p2a: 5% TINT|move: Poltergeist|Air Balloon\n|-damage|p2a: 5% TINT|6\/100\n|-enditem|p2a: 5% TINT|Air Balloon\n|\n|upkeep\n|turn|21\n|\n|t:|1700237612\n|move|p1a: Ceruledge|Close Combat|p2a: 5% TINT\n|-supereffective|p2a: 5% TINT\n|-damage|p2a: 5% TINT|0 fnt\n|-unboost|p1a: Ceruledge|def|1\n|-unboost|p1a: Ceruledge|spd|1\n|faint|p2a: 5% TINT\n|\n|upkeep\n|\n|t:|1700237614\n|switch|p2a: YOSEMITE|Great Tusk|100\/100\n|turn|22\n|\n|t:|1700237622\n|move|p1a: Ceruledge|Poltergeist|p2a: YOSEMITE\n|-activate|p2a: YOSEMITE|move: Poltergeist|Heavy-Duty Boots\n|-damage|p2a: YOSEMITE|21\/100\n|move|p2a: YOSEMITE|Ice Spinner|p1a: Ceruledge\n|-resisted|p1a: Ceruledge\n|-damage|p1a: Ceruledge|0 fnt\n|faint|p1a: Ceruledge\n|\n|upkeep\n|\n|t:|1700237632\n|switch|p1a: Dragonite|Dragonite, F|69\/100\n|turn|23\n|\n|t:|1700237635\n|move|p1a: Dragonite|Extreme Speed|p2a: YOSEMITE\n|-damage|p2a: YOSEMITE|0 fnt\n|faint|p2a: YOSEMITE\n|-end|p2a: YOSEMITE|Protosynthesis|[silent]\n|\n|upkeep\n|\n|t:|1700237639\n|switch|p2a: SICKO MODE|Meowscarada, F|100\/100\n|-damage|p2a: SICKO MODE|88\/100|[from] Spikes\n|turn|24\n|\n|t:|1700237666\n|move|p1a: Dragonite|Extreme Speed|p2a: SICKO MODE\n|-damage|p2a: SICKO MODE|38\/100\n|move|p2a: SICKO MODE|Knock Off|p1a: Dragonite\n|-start|p2a: SICKO MODE|typechange|Dark|[from] ability: Protean\n|-damage|p1a: Dragonite|0 fnt\n|-enditem|p1a: Dragonite|Heavy-Duty Boots|[from] move: Knock Off|[of] p2a: SICKO MODE\n|faint|p1a: Dragonite\n|\n|upkeep\n|\n|t:|1700237672\n|switch|p1a: Toxapex|Toxapex, F|56\/100\n|turn|25\n|\n|t:|1700237677\n|move|p2a: SICKO MODE|Knock Off|p1a: Toxapex\n|-damage|p1a: Toxapex|0 fnt\n|-enditem|p1a: Toxapex|Assault Vest|[from] move: Knock Off|[of] p2a: SICKO MODE\n|faint|p1a: Toxapex\n|\n|win|PLAYB0I R0BBIE B\n|raw|nathumain's rating: 1094 &rarr; <strong>1076<\/strong><br \/>(-18 for losing)\n|raw|PLAYB0I R0BBIE B's rating: 1188 &rarr; <strong>1206<\/strong><br \/>(+18 for winning)\n|l|\u2606nathumain\n","uploadtime":1700237684,"views":13,"p1id":"nathumain","p2id":"playb0ir0bbieb","formatid":"gen9ou","rating":1076,"private":0,"password":""}