{"id":"gen9ou-1991682751","p1":"Jamel1","p2":"TismWarrior1","format":"[Gen 9] OU","log":"|j|\u2606Jamel1\n|j|\u2606TismWarrior1\n|t:|1700102185\n|gametype|singles\n|player|p1|Jamel1|cyrus|1769\n|player|p2|TismWarrior1|medium|1728\n|teamsize|p1|6\n|teamsize|p2|6\n|gen|9\n|tier|[Gen 9] OU\n|rated|\n|rule|Sleep Clause Mod: Limit one foe put to sleep\n|rule|Species Clause: Limit one of each Pok\u00e9mon\n|rule|OHKO Clause: OHKO moves are banned\n|rule|Evasion Items Clause: Evasion items are banned\n|rule|Evasion Moves Clause: Evasion moves are banned\n|rule|Endless Battle Clause: Forcing endless battles is banned\n|rule|HP Percentage Mod: HP is shown in percentages\n|clearpoke\n|poke|p1|Jirachi|\n|poke|p1|Kommo-o, F|\n|poke|p1|Gyarados, M|\n|poke|p1|Armarouge, M|\n|poke|p1|Azumarill, M|\n|poke|p1|Ninetales-Alola, F|\n|poke|p2|Dondozo, F|\n|poke|p2|Clefable, F|\n|poke|p2|Dragapult, F|\n|poke|p2|Skeledirge, M|\n|poke|p2|Meowscarada, F|\n|poke|p2|Zapdos|\n|teampreview\n|inactive|Battle timer is ON: inactive players will automatically lose when time's up. (requested by TismWarrior1)\n|c|\u2606TismWarrior1|hf\n|\n|t:|1700102204\n|start\n|switch|p1a: Azumarill|Azumarill, M|100\/100\n|switch|p2a: Meowscarada|Meowscarada, F|100\/100\n|turn|1\n|\n|t:|1700102210\n|move|p2a: Meowscarada|Spikes|p1a: Azumarill\n|-sidestart|p1: Jamel1|Spikes\n|move|p1a: Azumarill|Play Rough|p2a: Meowscarada\n|-supereffective|p2a: Meowscarada\n|-damage|p2a: Meowscarada|0 fnt\n|faint|p2a: Meowscarada\n|\n|upkeep\n|\n|t:|1700102215\n|switch|p2a: Zapdos|Zapdos|100\/100\n|turn|2\n|\n|t:|1700102219\n|move|p2a: Zapdos|Volt Switch|p1a: Azumarill\n|-supereffective|p1a: Azumarill\n|-damage|p1a: Azumarill|43\/100\n|-enditem|p1a: Azumarill|Sitrus Berry|[eat]\n|-heal|p1a: Azumarill|67\/100|[from] item: Sitrus Berry\n|\n|t:|1700102225\n|switch|p2a: Dondozo|Dondozo, F|100\/100|[from] Volt Switch\n|move|p1a: Azumarill|Play Rough|p2a: Dondozo\n|-damage|p2a: Dondozo|68\/100\n|\n|upkeep\n|turn|3\n|j| DittoTang\n|\n|t:|1700102231\n|move|p1a: Azumarill|Play Rough|p2a: Dondozo|[miss]\n|-miss|p1a: Azumarill|p2a: Dondozo\n|move|p2a: Dondozo|Curse|p2a: Dondozo\n|-unboost|p2a: Dondozo|spe|1\n|-boost|p2a: Dondozo|atk|1\n|-boost|p2a: Dondozo|def|1\n|\n|upkeep\n|turn|4\n|\n|t:|1700102235\n|move|p1a: Azumarill|Tickle|p2a: Dondozo\n|-unboost|p2a: Dondozo|atk|1\n|-unboost|p2a: Dondozo|def|1\n|move|p2a: Dondozo|Earthquake|p1a: Azumarill\n|-crit|p1a: Azumarill\n|-damage|p1a: Azumarill|31\/100\n|\n|upkeep\n|turn|5\n|l| DittoTang\n|c|\u2606TismWarrior1|woah why'd you tickle me ;-;\n|\n|t:|1700102256\n|switch|p2a: Zapdos|Zapdos|100\/100\n|move|p1a: Azumarill|Play Rough|p2a: Zapdos\n|-damage|p2a: Zapdos|53\/100\n|\n|upkeep\n|turn|6\n|\n|t:|1700102262\n|move|p1a: Azumarill|Aqua Jet|p2a: Zapdos\n|-damage|p2a: Zapdos|32\/100\n|move|p2a: Zapdos|Roost|p2a: Zapdos\n|-heal|p2a: Zapdos|82\/100\n|-singleturn|p2a: Zapdos|move: Roost\n|\n|upkeep\n|turn|7\n|\n|t:|1700102268\n|move|p1a: Azumarill|Aqua Jet|p2a: Zapdos\n|-damage|p2a: Zapdos|59\/100\n|move|p2a: Zapdos|Volt Switch|p1a: Azumarill\n|-supereffective|p1a: Azumarill\n|-damage|p1a: Azumarill|0 fnt\n|faint|p1a: Azumarill\n|\n|t:|1700102275\n|switch|p2a: Skeledirge|Skeledirge, M|100\/100|[from] Volt Switch\n|\n|upkeep\n|\n|t:|1700102282\n|switch|p1a: Ninetales|Ninetales-Alola, F|100\/100\n|-damage|p1a: Ninetales|88\/100|[from] Spikes\n|-weather|Snow|[from] ability: Snow Warning|[of] p1a: Ninetales\n|turn|8\n|\n|t:|1700102289\n|move|p1a: Ninetales|Aurora Veil|p1a: Ninetales\n|-sidestart|p1: Jamel1|move: Aurora Veil\n|move|p2a: Skeledirge|Torch Song|p1a: Ninetales\n|-supereffective|p1a: Ninetales\n|-damage|p1a: Ninetales|54\/100\n|-boost|p2a: Skeledirge|spa|1\n|\n|-weather|Snow|[upkeep]\n|upkeep\n|turn|9\n|\n|t:|1700102296\n|move|p1a: Ninetales|Hypnosis|p2a: Skeledirge\n|-status|p2a: Skeledirge|slp|[from] move: Hypnosis\n|cant|p2a: Skeledirge|slp\n|\n|-weather|Snow|[upkeep]\n|upkeep\n|turn|10\n|\n|t:|1700102305\n|switch|p1a: Gyarados|Gyarados, M, shiny|100\/100\n|-curestatus|p2a: Skeledirge|slp|[msg]\n|move|p2a: Skeledirge|Will-O-Wisp|p1a: Gyarados\n|-status|p1a: Gyarados|brn\n|\n|-weather|Snow|[upkeep]\n|-damage|p1a: Gyarados|94\/100 brn|[from] brn\n|upkeep\n|turn|11\n|\n|t:|1700102321\n|switch|p1a: Kommo-o|Kommo-o, F|100\/100\n|-damage|p1a: Kommo-o|88\/100|[from] Spikes\n|switch|p2a: Dondozo|Dondozo, F|68\/100\n|\n|-weather|Snow|[upkeep]\n|upkeep\n|turn|12\n|\n|t:|1700102326\n|move|p1a: Kommo-o|Clangorous Soul|p1a: Kommo-o\n|-boost|p1a: Kommo-o|atk|1\n|-boost|p1a: Kommo-o|def|1\n|-boost|p1a: Kommo-o|spa|1\n|-boost|p1a: Kommo-o|spd|1\n|-boost|p1a: Kommo-o|spe|1\n|-damage|p1a: Kommo-o|55\/100\n|move|p2a: Dondozo|Curse|p2a: Dondozo\n|-unboost|p2a: Dondozo|spe|1\n|-boost|p2a: Dondozo|atk|1\n|-boost|p2a: Dondozo|def|1\n|\n|-weather|none\n|upkeep\n|turn|13\n|\n|t:|1700102336\n|move|p1a: Kommo-o|Substitute|p1a: Kommo-o\n|-start|p1a: Kommo-o|Substitute\n|-damage|p1a: Kommo-o|30\/100\n|move|p2a: Dondozo|Curse|p2a: Dondozo\n|-unboost|p2a: Dondozo|spe|1\n|-boost|p2a: Dondozo|atk|1\n|-boost|p2a: Dondozo|def|1\n|\n|upkeep\n|turn|14\n|\n|t:|1700102343\n|move|p1a: Kommo-o|Drain Punch|p2a: Dondozo\n|-damage|p2a: Dondozo|56\/100\n|-heal|p1a: Kommo-o|40\/100|[from] drain|[of] p2a: Dondozo\n|move|p2a: Dondozo|Avalanche|p1a: Kommo-o\n|-supereffective|p1a: Kommo-o\n|-end|p1a: Kommo-o|Substitute\n|\n|upkeep\n|turn|15\n|\n|t:|1700102348\n|move|p1a: Kommo-o|Substitute|p1a: Kommo-o\n|-start|p1a: Kommo-o|Substitute\n|-damage|p1a: Kommo-o|15\/100\n|-enditem|p1a: Kommo-o|Lansat Berry|[eat]\n|-start|p1a: Kommo-o|move: Focus Energy\n|move|p2a: Dondozo|Curse|p2a: Dondozo\n|-unboost|p2a: Dondozo|spe|1\n|-boost|p2a: Dondozo|atk|1\n|-boost|p2a: Dondozo|def|1\n|\n|-sideend|p1: Jamel1|move: Aurora Veil\n|upkeep\n|turn|16\n|\n|t:|1700102357\n|move|p1a: Kommo-o|Drain Punch|p2a: Dondozo\n|-crit|p2a: Dondozo\n|-damage|p2a: Dondozo|19\/100\n|-heal|p1a: Kommo-o|46\/100|[from] drain|[of] p2a: Dondozo\n|move|p2a: Dondozo|Rest|p2a: Dondozo\n|-status|p2a: Dondozo|slp|[from] move: Rest\n|-heal|p2a: Dondozo|100\/100 slp|[silent]\n|\n|upkeep\n|turn|17\n|\n|t:|1700102363\n|move|p1a: Kommo-o|Drain Punch|p2a: Dondozo\n|-damage|p2a: Dondozo|90\/100 slp\n|-heal|p1a: Kommo-o|54\/100|[from] drain|[of] p2a: Dondozo\n|cant|p2a: Dondozo|slp\n|\n|upkeep\n|turn|18\n|\n|t:|1700102367\n|move|p1a: Kommo-o|Drain Punch|p2a: Dondozo\n|-crit|p2a: Dondozo\n|-damage|p2a: Dondozo|58\/100 slp\n|-heal|p1a: Kommo-o|81\/100|[from] drain|[of] p2a: Dondozo\n|cant|p2a: Dondozo|slp\n|\n|upkeep\n|turn|19\n|\n|t:|1700102372\n|move|p1a: Kommo-o|Drain Punch|p2a: Dondozo\n|-crit|p2a: Dondozo\n|-damage|p2a: Dondozo|22\/100 slp\n|-heal|p1a: Kommo-o|100\/100|[from] drain|[of] p2a: Dondozo\n|-curestatus|p2a: Dondozo|slp|[msg]\n|move|p2a: Dondozo|Avalanche|p1a: Kommo-o\n|-supereffective|p1a: Kommo-o\n|-crit|p1a: Kommo-o\n|-end|p1a: Kommo-o|Substitute\n|\n|upkeep\n|turn|20\n|\n|t:|1700102382\n|move|p1a: Kommo-o|Drain Punch|p2a: Dondozo\n|-crit|p2a: Dondozo\n|-damage|p2a: Dondozo|0 fnt\n|faint|p2a: Dondozo\n|\n|upkeep\n|\n|t:|1700102395\n|switch|p2a: Dragapult|Dragapult, F|100\/100\n|turn|21\n|\n|t:|1700102400\n|-terastallize|p2a: Dragapult|Fairy\n|-terastallize|p1a: Kommo-o|Ground\n|move|p2a: Dragapult|Will-O-Wisp|p1a: Kommo-o\n|-status|p1a: Kommo-o|brn\n|move|p1a: Kommo-o|Clangorous Soul|p1a: Kommo-o\n|-boost|p1a: Kommo-o|atk|1\n|-boost|p1a: Kommo-o|def|1\n|-boost|p1a: Kommo-o|spa|1\n|-boost|p1a: Kommo-o|spd|1\n|-boost|p1a: Kommo-o|spe|1\n|-damage|p1a: Kommo-o|68\/100 brn\n|\n|-damage|p1a: Kommo-o|61\/100 brn|[from] brn\n|upkeep\n|turn|22\n|\n|t:|1700102427\n|move|p1a: Kommo-o|Earthquake|p2a: Dragapult\n|-crit|p2a: Dragapult\n|-damage|p2a: Dragapult|0 fnt\n|faint|p2a: Dragapult\n|\n|-damage|p1a: Kommo-o|55\/100 brn|[from] brn\n|upkeep\n|\n|t:|1700102430\n|switch|p2a: Skeledirge|Skeledirge, M|100\/100\n|turn|23\n|\n|t:|1700102435\n|move|p1a: Kommo-o|Earthquake|p2a: Skeledirge\n|-supereffective|p2a: Skeledirge\n|-damage|p2a: Skeledirge|59\/100\n|move|p2a: Skeledirge|Hex|p1a: Kommo-o\n|-damage|p1a: Kommo-o|0 fnt\n|faint|p1a: Kommo-o\n|\n|upkeep\n|\n|t:|1700102441\n|switch|p1a: Ninetales|Ninetales-Alola, F|54\/100\n|-damage|p1a: Ninetales|42\/100|[from] Spikes\n|-weather|Snow|[from] ability: Snow Warning|[of] p1a: Ninetales\n|turn|24\n|\n|t:|1700102449\n|move|p1a: Ninetales|Aurora Veil|p1a: Ninetales\n|-sidestart|p1: Jamel1|move: Aurora Veil\n|move|p2a: Skeledirge|Torch Song|p1a: Ninetales\n|-supereffective|p1a: Ninetales\n|-damage|p1a: Ninetales|5\/100\n|-boost|p2a: Skeledirge|spa|1\n|\n|-weather|Snow|[upkeep]\n|upkeep\n|turn|25\n|\n|t:|1700102456\n|switch|p2a: Clefable|Clefable, F|100\/100\n|move|p1a: Ninetales|Hypnosis|p2a: Clefable|[miss]\n|-miss|p1a: Ninetales|p2a: Clefable\n|\n|-weather|Snow|[upkeep]\n|upkeep\n|turn|26\n|\n|t:|1700102466\n|move|p1a: Ninetales|Hypnosis|p2a: Clefable|[miss]\n|-miss|p1a: Ninetales|p2a: Clefable\n|move|p2a: Clefable|Stealth Rock|p1a: Ninetales\n|-sidestart|p1: Jamel1|move: Stealth Rock\n|\n|-weather|Snow|[upkeep]\n|upkeep\n|turn|27\n|\n|t:|1700102472\n|move|p1a: Ninetales|Hypnosis|p2a: Clefable\n|-status|p2a: Clefable|slp|[from] move: Hypnosis\n|cant|p2a: Clefable|slp\n|\n|-weather|Snow|[upkeep]\n|upkeep\n|turn|28\n|\n|t:|1700102476\n|move|p1a: Ninetales|Freeze-Dry|p2a: Clefable\n|-damage|p2a: Clefable|77\/100 slp\n|cant|p2a: Clefable|slp\n|\n|-weather|none\n|-heal|p2a: Clefable|83\/100 slp|[from] item: Leftovers\n|upkeep\n|turn|29\n|\n|t:|1700102484\n|switch|p1a: Jirachi|Jirachi|100\/100\n|-damage|p1a: Jirachi|88\/100|[from] Spikes\n|-damage|p1a: Jirachi|82\/100|[from] Stealth Rock\n|switch|p2a: Skeledirge|Skeledirge, M|59\/100\n|\n|upkeep\n|turn|30\n|\n|t:|1700102491\n|move|p1a: Jirachi|Cosmic Power|p1a: Jirachi\n|-boost|p1a: Jirachi|def|1\n|-boost|p1a: Jirachi|spd|1\n|move|p2a: Skeledirge|Will-O-Wisp|p1a: Jirachi\n|-status|p1a: Jirachi|brn\n|\n|-damage|p1a: Jirachi|76\/100 brn|[from] brn\n|upkeep\n|turn|31\n|\n|t:|1700102497\n|move|p1a: Jirachi|Cosmic Power|p1a: Jirachi\n|-boost|p1a: Jirachi|def|1\n|-boost|p1a: Jirachi|spd|1\n|move|p2a: Skeledirge|Slack Off|p2a: Skeledirge\n|-heal|p2a: Skeledirge|100\/100\n|\n|-damage|p1a: Jirachi|70\/100 brn|[from] brn\n|-sideend|p1: Jamel1|move: Aurora Veil\n|upkeep\n|turn|32\n|\n|t:|1700102501\n|move|p1a: Jirachi|Thunder|p2a: Skeledirge\n|-damage|p2a: Skeledirge|74\/100\n|-status|p2a: Skeledirge|par\n|move|p2a: Skeledirge|Torch Song|p1a: Jirachi\n|-supereffective|p1a: Jirachi\n|-damage|p1a: Jirachi|9\/100 brn\n|-boost|p2a: Skeledirge|spa|1\n|-enditem|p1a: Jirachi|Weakness Policy\n|-boost|p1a: Jirachi|atk|2|[from] item: Weakness Policy\n|-boost|p1a: Jirachi|spa|2|[from] item: Weakness Policy\n|\n|-damage|p1a: Jirachi|3\/100 brn|[from] brn\n|upkeep\n|turn|33\n|\n|t:|1700102508\n|move|p1a: Jirachi|Stored Power|p2a: Skeledirge\n|-crit|p2a: Skeledirge\n|-damage|p2a: Skeledirge|0 fnt\n|faint|p2a: Skeledirge\n|\n|-damage|p1a: Jirachi|0 fnt|[from] brn\n|faint|p1a: Jirachi\n|upkeep\n|\n|t:|1700102517\n|switch|p1a: Ninetales|Ninetales-Alola, F|5\/100\n|switch|p2a: Zapdos|Zapdos|59\/100\n|-damage|p1a: Ninetales|0 fnt|[from] Spikes\n|faint|p1a: Ninetales\n|\n|t:|1700102520\n|switch|p1a: Gyarados|Gyarados, M, shiny|94\/100 brn\n|-damage|p1a: Gyarados|70\/100 brn|[from] Stealth Rock\n|turn|34\n|\n|t:|1700102526\n|move|p2a: Zapdos|Roost|p2a: Zapdos\n|-heal|p2a: Zapdos|100\/100\n|-singleturn|p2a: Zapdos|move: Roost\n|move|p1a: Gyarados|Waterfall|p2a: Zapdos\n|-damage|p2a: Zapdos|83\/100\n|\n|-heal|p1a: Gyarados|76\/100 brn|[from] item: Leftovers\n|-damage|p1a: Gyarados|70\/100 brn|[from] brn\n|upkeep\n|turn|35\n|\n|t:|1700102533\n|move|p2a: Zapdos|Hurricane|p1a: Gyarados\n|-damage|p1a: Gyarados|20\/100 brn\n|move|p1a: Gyarados|Dragon Dance|p1a: Gyarados\n|-boost|p1a: Gyarados|atk|1\n|-boost|p1a: Gyarados|spe|1\n|\n|-heal|p1a: Gyarados|26\/100 brn|[from] item: Leftovers\n|-damage|p1a: Gyarados|20\/100 brn|[from] brn\n|upkeep\n|turn|36\n|\n|t:|1700102539\n|move|p1a: Gyarados|Waterfall|p2a: Zapdos\n|-damage|p2a: Zapdos|55\/100\n|move|p2a: Zapdos|Roost|p2a: Zapdos\n|-heal|p2a: Zapdos|100\/100\n|-singleturn|p2a: Zapdos|move: Roost\n|\n|-heal|p1a: Gyarados|26\/100 brn|[from] item: Leftovers\n|-damage|p1a: Gyarados|20\/100 brn|[from] brn\n|upkeep\n|turn|37\n|\n|t:|1700102544\n|move|p1a: Gyarados|Waterfall|p2a: Zapdos\n|-damage|p2a: Zapdos|71\/100\n|move|p2a: Zapdos|Hurricane|p1a: Gyarados\n|-damage|p1a: Gyarados|0 fnt\n|faint|p1a: Gyarados\n|\n|upkeep\n|\n|t:|1700102548\n|switch|p1a: Armarouge|Armarouge, M|100\/100\n|-damage|p1a: Armarouge|88\/100|[from] Spikes\n|-damage|p1a: Armarouge|63\/100|[from] Stealth Rock\n|turn|38\n|\n|t:|1700102555\n|move|p2a: Zapdos|Thunder Wave|p1a: Armarouge\n|-status|p1a: Armarouge|par\n|move|p1a: Armarouge|Calm Mind|p1a: Armarouge\n|-boost|p1a: Armarouge|spa|1\n|-boost|p1a: Armarouge|spd|1\n|\n|upkeep\n|turn|39\n|\n|t:|1700102561\n|move|p2a: Zapdos|Hurricane|p1a: Armarouge\n|-damage|p1a: Armarouge|32\/100 par\n|cant|p1a: Armarouge|par\n|\n|upkeep\n|turn|40\n|\n|t:|1700102566\n|move|p2a: Zapdos|Hurricane|p1a: Armarouge\n|-damage|p1a: Armarouge|0 fnt\n|faint|p1a: Armarouge\n|\n|win|TismWarrior1\n|raw|Jamel1's rating: 1769 &rarr; <strong>1747<\/strong><br \/>(-22 for losing)\n|raw|TismWarrior1's rating: 1728 &rarr; <strong>1750<\/strong><br \/>(+22 for winning)\n|l|\u2606Jamel1\n|c|\u2606TismWarrior1|gg\n","uploadtime":1700102572,"views":12,"p1id":"jamel1","p2id":"tismwarrior1","formatid":"gen9ou","rating":1747,"private":0,"password":""}