{"id":"gen9ou-1989368309","p1":"8thjim","p2":"taxedosharpedo3","format":"[Gen 9] OU","log":"|j|\u26068thjim\n|j|\u2606taxedosharpedo3\n|t:|1699841569\n|gametype|singles\n|player|p1|8thjim|raihan|1564\n|player|p2|taxedosharpedo3|alder|1649\n|teamsize|p1|6\n|teamsize|p2|6\n|gen|9\n|tier|[Gen 9] OU\n|rated|\n|rule|Sleep Clause Mod: Limit one foe put to sleep\n|rule|Species Clause: Limit one of each Pok\u00e9mon\n|rule|OHKO Clause: OHKO moves are banned\n|rule|Evasion Items Clause: Evasion items are banned\n|rule|Evasion Moves Clause: Evasion moves are banned\n|rule|Endless Battle Clause: Forcing endless battles is banned\n|rule|HP Percentage Mod: HP is shown in percentages\n|clearpoke\n|poke|p1|Ceruledge, M|\n|poke|p1|Sneasler, M|\n|poke|p1|Zapdos|\n|poke|p1|Ting-Lu|\n|poke|p1|Dragapult, F|\n|poke|p1|Lilligant-Hisui, F|\n|poke|p2|Thundurus-Therian, M|\n|poke|p2|Goodra-Hisui, F|\n|poke|p2|Cinderace, F|\n|poke|p2|Landorus-Therian, M|\n|poke|p2|Iron Valiant|\n|poke|p2|Kingambit, F|\n|teampreview\n|\n|t:|1699841577\n|start\n|switch|p1a: Sneasler|Sneasler, M|100\/100\n|switch|p2a: Kirin|Thundurus-Therian, M|100\/100\n|turn|1\n|inactive|Battle timer is ON: inactive players will automatically lose when time's up. (requested by taxedosharpedo3)\n|\n|t:|1699841583\n|-terastallize|p2a: Kirin|Flying\n|move|p1a: Sneasler|Fake Out|p2a: Kirin\n|-damage|p2a: Kirin|75\/100\n|cant|p2a: Kirin|flinch\n|\n|upkeep\n|turn|2\n|\n|t:|1699841591\n|switch|p1a: Ting-Lu|Ting-Lu|100\/100\n|-ability|p1a: Ting-Lu|Vessel of Ruin\n|switch|p2a: 0.04% UU|Landorus-Therian, M|100\/100\n|-ability|p2a: 0.04% UU|Intimidate|boost\n|-unboost|p1a: Ting-Lu|atk|1\n|\n|upkeep\n|turn|3\n|\n|t:|1699841597\n|switch|p1a: Zapdos|Zapdos|100\/100\n|move|p2a: 0.04% UU|U-turn|p1a: Zapdos\n|-resisted|p1a: Zapdos\n|-damage|p1a: Zapdos|91\/100\n|\n|t:|1699841601\n|switch|p2a: Kirin|Thundurus-Therian, M, tera:Flying|75\/100|[from] U-turn\n|\n|upkeep\n|turn|4\n|\n|t:|1699841608\n|switch|p1a: Ting-Lu|Ting-Lu|100\/100\n|-ability|p1a: Ting-Lu|Vessel of Ruin\n|move|p2a: Kirin|Tera Blast|p1a: Ting-Lu|[anim] Tera Blast Flying\n|-damage|p1a: Ting-Lu|61\/100\n|\n|-heal|p1a: Ting-Lu|67\/100|[from] item: Leftovers\n|upkeep\n|turn|5\n|\n|t:|1699841615\n|move|p2a: Kirin|Tera Blast|p1a: Ting-Lu|[anim] Tera Blast Flying\n|-damage|p1a: Ting-Lu|22\/100\n|move|p1a: Ting-Lu|Whirlwind|p2a: Kirin\n|drag|p2a: BS|Iron Valiant|100\/100\n|-enditem|p2a: BS|Booster Energy\n|-activate|p2a: BS|ability: Quark Drive|[fromitem]\n|-start|p2a: BS|quarkdrivespe\n|\n|-heal|p1a: Ting-Lu|29\/100|[from] item: Leftovers\n|upkeep\n|turn|6\n|\n|t:|1699841635\n|-terastallize|p1a: Ting-Lu|Poison\n|move|p2a: BS|Spirit Break|p1a: Ting-Lu\n|-resisted|p1a: Ting-Lu\n|-damage|p1a: Ting-Lu|17\/100\n|-unboost|p1a: Ting-Lu|spa|1\n|move|p1a: Ting-Lu|Rest|p1a: Ting-Lu\n|-status|p1a: Ting-Lu|slp|[from] move: Rest\n|-heal|p1a: Ting-Lu|100\/100 slp|[silent]\n|\n|upkeep\n|turn|7\n|\n|t:|1699841646\n|-end|p2a: BS|Quark Drive|[silent]\n|switch|p2a: Kirin|Thundurus-Therian, M, tera:Flying|75\/100\n|cant|p1a: Ting-Lu|slp\n|move|p1a: Ting-Lu|Sleep Talk|p1a: Ting-Lu\n|move|p1a: Ting-Lu|Rest||[from]move: Sleep Talk|[still]\n|-fail|p1a: Ting-Lu\n|\n|upkeep\n|turn|8\n|\n|t:|1699841654\n|move|p2a: Kirin|Tera Blast|p1a: Ting-Lu|[anim] Tera Blast Flying\n|-damage|p1a: Ting-Lu|57\/100 slp\n|cant|p1a: Ting-Lu|slp\n|move|p1a: Ting-Lu|Sleep Talk|p1a: Ting-Lu\n|move|p1a: Ting-Lu|Rest||[from]move: Sleep Talk|[still]\n|-fail|p1a: Ting-Lu\n|\n|-heal|p1a: Ting-Lu|63\/100 slp|[from] item: Leftovers\n|upkeep\n|turn|9\n|\n|t:|1699841660\n|move|p2a: Kirin|Tera Blast|p1a: Ting-Lu|[anim] Tera Blast Flying\n|-damage|p1a: Ting-Lu|20\/100 slp\n|-curestatus|p1a: Ting-Lu|slp|[msg]\n|move|p1a: Ting-Lu|Whirlwind|p2a: Kirin\n|drag|p2a: Gary|Goodra-Hisui, F|100\/100\n|\n|-heal|p1a: Ting-Lu|26\/100|[from] item: Leftovers\n|upkeep\n|turn|10\n|\n|t:|1699841664\n|move|p2a: Gary|Draco Meteor|p1a: Ting-Lu\n|-damage|p1a: Ting-Lu|0 fnt\n|-unboost|p2a: Gary|spa|2\n|faint|p1a: Ting-Lu\n|\n|upkeep\n|\n|t:|1699841674\n|switch|p1a: Lilligant|Lilligant-Hisui, F|100\/100\n|turn|11\n|\n|t:|1699841678\n|move|p1a: Lilligant|Victory Dance|p1a: Lilligant\n|-boost|p1a: Lilligant|atk|1\n|-boost|p1a: Lilligant|def|1\n|-boost|p1a: Lilligant|spe|1\n|move|p2a: Gary|Flamethrower|p1a: Lilligant\n|-supereffective|p1a: Lilligant\n|-damage|p1a: Lilligant|53\/100\n|\n|upkeep\n|turn|12\n|\n|t:|1699841686\n|switch|p2a: 0.04% UU|Landorus-Therian, M|100\/100\n|-ability|p2a: 0.04% UU|Intimidate|boost\n|-unboost|p1a: Lilligant|atk|1\n|move|p1a: Lilligant|Close Combat|p2a: 0.04% UU\n|-resisted|p2a: 0.04% UU\n|-damage|p2a: 0.04% UU|74\/100\n|-unboost|p1a: Lilligant|def|1\n|-unboost|p1a: Lilligant|spd|1\n|\n|upkeep\n|turn|13\n|\n|t:|1699841696\n|move|p1a: Lilligant|Ice Spinner|p2a: 0.04% UU|[miss]\n|-miss|p1a: Lilligant|p2a: 0.04% UU\n|move|p2a: 0.04% UU|U-turn|p1a: Lilligant\n|-damage|p1a: Lilligant|18\/100\n|\n|t:|1699841705\n|switch|p2a: Goober threat|Kingambit, F|100\/100|[from] U-turn\n|-item|p2a: Goober threat|Air Balloon\n|\n|upkeep\n|turn|14\n|\n|t:|1699841709\n|switch|p1a: Sneasler|Sneasler, M|100\/100\n|move|p2a: Goober threat|Sucker Punch||[still]\n|-fail|p2a: Goober threat\n|\n|upkeep\n|turn|15\n|\n|t:|1699841712\n|-end|p2a: Goober threat|fallenundefined|[silent]\n|switch|p2a: 0.04% UU|Landorus-Therian, M|74\/100\n|-ability|p2a: 0.04% UU|Intimidate|boost\n|-unboost|p1a: Sneasler|atk|1\n|move|p1a: Sneasler|Close Combat|p2a: 0.04% UU\n|-resisted|p2a: 0.04% UU\n|-damage|p2a: 0.04% UU|60\/100\n|-unboost|p1a: Sneasler|def|1\n|-unboost|p1a: Sneasler|spd|1\n|\n|upkeep\n|turn|16\n|\n|t:|1699841722\n|switch|p1a: Zapdos|Zapdos|91\/100\n|move|p2a: 0.04% UU|Stealth Rock|p1a: Zapdos\n|-sidestart|p1: 8thjim|move: Stealth Rock\n|\n|upkeep\n|turn|17\n|\n|t:|1699841725\n|switch|p2a: Gary|Goodra-Hisui, F|100\/100\n|move|p1a: Zapdos|Air Cutter|p2a: Gary\n|-resisted|p2a: Gary\n|-damage|p2a: Gary|95\/100\n|\n|upkeep\n|turn|18\n|\n|t:|1699841732\n|move|p1a: Zapdos|Volt Switch|p2a: Gary\n|-resisted|p2a: Gary\n|-damage|p2a: Gary|88\/100\n|\n|t:|1699841734\n|switch|p1a: Lilligant|Lilligant-Hisui, F|18\/100|[from] Volt Switch\n|-damage|p1a: Lilligant|12\/100|[from] Stealth Rock\n|move|p2a: Gary|Draco Meteor|p1a: Lilligant\n|-damage|p1a: Lilligant|0 fnt\n|-unboost|p2a: Gary|spa|2\n|faint|p1a: Lilligant\n|\n|upkeep\n|\n|t:|1699841739\n|switch|p1a: Ceruledge|Ceruledge, M|100\/100\n|turn|19\n|\n|t:|1699841744\n|switch|p2a: 0.04% UU|Landorus-Therian, M|60\/100\n|-ability|p2a: 0.04% UU|Intimidate|boost\n|-unboost|p1a: Ceruledge|atk|1\n|move|p1a: Ceruledge|Swords Dance|p1a: Ceruledge\n|-boost|p1a: Ceruledge|atk|2\n|\n|upkeep\n|turn|20\n|-message|8thjim forfeited.\n|\n|win|taxedosharpedo3\n|raw|8thjim's rating: 1564 &rarr; <strong>1549<\/strong><br \/>(-15 for losing)\n|raw|taxedosharpedo3's rating: 1649 &rarr; <strong>1664<\/strong><br \/>(+15 for winning)\n|l|\u26068thjim\n|l|\u2606taxedosharpedo3\n","uploadtime":1699841859,"views":19,"p1id":"8thjim","p2id":"taxedosharpedo3","formatid":"gen9ou","rating":1549,"private":0,"password":""}