{"id":"gen9ou-1991908939","p1":"liaoya","p2":"GuiZer","format":"[Gen 9] OU","log":"|j|\u2606liaoya\n|j|\u2606GuiZer\n|t:|1700136821\n|gametype|singles\n|player|p1|liaoya|petrel|1530\n|player|p2|GuiZer|swimmer|1470\n|teamsize|p1|6\n|teamsize|p2|6\n|gen|9\n|tier|[Gen 9] OU\n|rated|\n|rule|Sleep Clause Mod: Limit one foe put to sleep\n|rule|Species Clause: Limit one of each Pok\u00e9mon\n|rule|OHKO Clause: OHKO moves are banned\n|rule|Evasion Items Clause: Evasion items are banned\n|rule|Evasion Moves Clause: Evasion moves are banned\n|rule|Endless Battle Clause: Forcing endless battles is banned\n|rule|HP Percentage Mod: HP is shown in percentages\n|clearpoke\n|poke|p1|Drifblim, F|\n|poke|p1|Garganacl, F|\n|poke|p1|Umbreon, F|\n|poke|p1|Rotom-Wash|\n|poke|p1|Glimmora, F|\n|poke|p1|Espeon, M|\n|poke|p2|Cresselia, F|\n|poke|p2|Toxapex, M|\n|poke|p2|Cinderace, F|\n|poke|p2|Heatran, F|\n|poke|p2|Dragapult, F|\n|poke|p2|Kingambit, F|\n|teampreview\n|inactive|Battle timer is ON: inactive players will automatically lose when time's up. (requested by liaoya)\n|\n|t:|1700136832\n|start\n|switch|p1a: Rotom|Rotom-Wash|100\/100\n|switch|p2a: Cresselia|Cresselia, F|100\/100\n|turn|1\n|\n|t:|1700136842\n|switch|p2a: Toxapex|Toxapex, M|100\/100\n|move|p1a: Rotom|Trick|p2a: Toxapex\n|-activate|p1a: Rotom|move: Trick|[of] p2a: Toxapex\n|-item|p2a: Toxapex|Choice Scarf|[from] move: Trick\n|-item|p1a: Rotom|Leftovers|[from] move: Trick\n|\n|upkeep\n|turn|2\n|\n|t:|1700136856\n|switch|p1a: Espeon|Espeon, M|100\/100\n|move|p2a: Toxapex|Toxic|p1a: Espeon\n|move|p1a: Espeon|Toxic|p2a: Toxapex|[from]ability: Magic Bounce\n|-immune|p2a: Toxapex\n|\n|upkeep\n|turn|3\n|\n|t:|1700136865\n|switch|p2a: Heatran|Heatran, F|100\/100\n|move|p1a: Espeon|Trick|p2a: Heatran\n|-activate|p1a: Espeon|move: Trick|[of] p2a: Heatran\n|-item|p2a: Heatran|Choice Scarf|[from] move: Trick\n|-item|p1a: Espeon|Leftovers|[from] move: Trick\n|\n|upkeep\n|turn|4\n|\n|t:|1700136876\n|switch|p1a: Rotom|Rotom-Wash|100\/100\n|move|p2a: Heatran|Magma Storm|p1a: Rotom\n|-resisted|p1a: Rotom\n|-damage|p1a: Rotom|76\/100\n|-activate|p1a: Rotom|move: Magma Storm|[of] p2a: Heatran\n|\n|-heal|p1a: Rotom|82\/100|[from] item: Leftovers\n|-damage|p1a: Rotom|70\/100|[from] move: Magma Storm|[partiallytrapped]\n|upkeep\n|turn|5\n|\n|t:|1700136885\n|switch|p2a: Cresselia|Cresselia, F|100\/100\n|move|p1a: Rotom|Hydro Pump|p2a: Cresselia\n|-damage|p2a: Cresselia|67\/100\n|\n|-heal|p1a: Rotom|76\/100|[from] item: Leftovers\n|-heal|p2a: Cresselia|73\/100|[from] item: Leftovers\n|-end|p1a: Rotom|Magma Storm|[partiallytrapped]|[silent]\n|upkeep\n|turn|6\n|\n|t:|1700136894\n|move|p1a: Rotom|Volt Switch|p2a: Cresselia\n|-damage|p2a: Cresselia|52\/100\n|\n|t:|1700136897\n|switch|p1a: Drifblim|Drifblim, F|100\/100|[from] Volt Switch\n|move|p2a: Cresselia|Calm Mind|p2a: Cresselia\n|-boost|p2a: Cresselia|spa|1\n|-boost|p2a: Cresselia|spd|1\n|\n|-heal|p2a: Cresselia|58\/100|[from] item: Leftovers\n|upkeep\n|turn|7\n|\n|t:|1700136905\n|switch|p2a: Heatran|Heatran, F|100\/100\n|move|p1a: Drifblim|Trick|p2a: Heatran\n|-activate|p1a: Drifblim|move: Trick|[of] p2a: Heatran\n|-item|p2a: Heatran|Choice Scarf|[from] move: Trick\n|-item|p1a: Drifblim|Choice Scarf|[from] move: Trick\n|\n|upkeep\n|turn|8\n|\n|t:|1700136914\n|switch|p1a: Rotom|Rotom-Wash|76\/100\n|move|p2a: Heatran|Magma Storm|p1a: Rotom\n|-resisted|p1a: Rotom\n|-damage|p1a: Rotom|54\/100\n|-activate|p1a: Rotom|move: Magma Storm|[of] p2a: Heatran\n|\n|-heal|p1a: Rotom|60\/100|[from] item: Leftovers\n|-damage|p1a: Rotom|48\/100|[from] move: Magma Storm|[partiallytrapped]\n|upkeep\n|turn|9\n|\n|t:|1700136924\n|switch|p2a: Toxapex|Toxapex, M|100\/100\n|move|p1a: Rotom|Volt Switch|p2a: Toxapex\n|-supereffective|p2a: Toxapex\n|-damage|p2a: Toxapex|63\/100\n|\n|t:|1700136928\n|switch|p1a: Espeon|Espeon, M|100\/100|[from] Volt Switch\n|\n|upkeep\n|turn|10\n|\n|t:|1700136935\n|switch|p2a: Cresselia|Cresselia, F|58\/100\n|move|p1a: Espeon|Dazzling Gleam|p2a: Cresselia\n|-damage|p2a: Cresselia|41\/100\n|\n|-heal|p2a: Cresselia|47\/100|[from] item: Leftovers\n|upkeep\n|turn|11\n|\n|t:|1700136943\n|switch|p1a: Drifblim|Drifblim, F|100\/100\n|move|p2a: Cresselia|Moonlight|p2a: Cresselia\n|-heal|p2a: Cresselia|97\/100\n|\n|-heal|p2a: Cresselia|100\/100|[from] item: Leftovers\n|upkeep\n|turn|12\n|\n|t:|1700136954\n|switch|p1a: Garganacl|Garganacl, F, shiny|100\/100\n|switch|p2a: Heatran|Heatran, F|100\/100\n|\n|upkeep\n|turn|13\n|\n|t:|1700136963\n|-terastallize|p2a: Heatran|Grass\n|-terastallize|p1a: Garganacl|Ghost\n|move|p2a: Heatran|Steel Beam|p1a: Garganacl\n|-damage|p1a: Garganacl|59\/100\n|-damage|p2a: Heatran|50\/100|[from] steelbeam\n|move|p1a: Garganacl|Salt Cure|p2a: Heatran\n|-damage|p2a: Heatran|40\/100\n|-start|p2a: Heatran|Salt Cure\n|\n|-heal|p1a: Garganacl|66\/100|[from] item: Leftovers\n|-damage|p2a: Heatran|28\/100|[from] Salt Cure\n|upkeep\n|turn|14\n|\n|t:|1700136975\n|move|p2a: Heatran|Steel Beam|p1a: Garganacl|[miss]\n|-miss|p2a: Heatran|p1a: Garganacl\n|-damage|p2a: Heatran|0 fnt|[from] steelbeam\n|faint|p2a: Heatran\n|move|p1a: Garganacl|Recover|p1a: Garganacl\n|-heal|p1a: Garganacl|100\/100\n|\n|upkeep\n|-message|GuiZer forfeited.\n|\n|win|liaoya\n|raw|liaoya's rating: 1530 &rarr; <strong>1547<\/strong><br \/>(+17 for winning)\n|raw|GuiZer's rating: 1470 &rarr; <strong>1453<\/strong><br \/>(-17 for losing)\n|l|\u2606GuiZer\n","uploadtime":1700136988,"views":12,"p1id":"liaoya","p2id":"guizer","formatid":"gen9ou","rating":1453,"private":0,"password":""}