{"id":"gen9ou-1994109598","p1":"Theimpactassault","p2":"Halo FX","format":"[Gen 9] OU","log":"|j|\u2606Theimpactassault\n|j|\u2606Halo FX\n|t:|1700407983\n|gametype|singles\n|player|p1|Theimpactassault|hilda|1460\n|player|p2|Halo FX|diantha-masters2|1458\n|teamsize|p1|6\n|teamsize|p2|6\n|gen|9\n|tier|[Gen 9] OU\n|rated|\n|rule|Sleep Clause Mod: Limit one foe put to sleep\n|rule|Species Clause: Limit one of each Pok\u00e9mon\n|rule|OHKO Clause: OHKO moves are banned\n|rule|Evasion Items Clause: Evasion items are banned\n|rule|Evasion Moves Clause: Evasion moves are banned\n|rule|Endless Battle Clause: Forcing endless battles is banned\n|rule|HP Percentage Mod: HP is shown in percentages\n|clearpoke\n|poke|p1|Samurott-Hisui, M|\n|poke|p1|Arcanine-Hisui, F|\n|poke|p1|Corviknight, M|\n|poke|p1|Clodsire, F|\n|poke|p1|Forretress, F|\n|poke|p1|Meowscarada, F|\n|poke|p2|Samurott-Hisui, M|\n|poke|p2|Slowking-Galar, M|\n|poke|p2|Iron Moth|\n|poke|p2|Dragapult, M|\n|poke|p2|Great Tusk|\n|poke|p2|Kingambit, F|\n|teampreview\n|inactive|Battle timer is ON: inactive players will automatically lose when time's up. (requested by Halo FX)\n|\n|t:|1700407988\n|start\n|switch|p1a: Meowscarada|Meowscarada, F|100\/100\n|switch|p2a: $AMURAI JACK|Samurott-Hisui, M|100\/100\n|turn|1\n|\n|t:|1700407994\n|move|p1a: Meowscarada|U-turn|p2a: $AMURAI JACK\n|-start|p1a: Meowscarada|typechange|Bug|[from] ability: Protean\n|-supereffective|p2a: $AMURAI JACK\n|-damage|p2a: $AMURAI JACK|18\/100\n|\n|t:|1700407995\n|switch|p1a: Forretress|Forretress, F|100\/100|[from] U-turn\n|move|p2a: $AMURAI JACK|Ceaseless Edge|p1a: Forretress\n|-damage|p1a: Forretress|78\/100\n|-sidestart|p1: Theimpactassault|Spikes\n|\n|upkeep\n|turn|2\n|\n|t:|1700408006\n|switch|p2a: IN A PHANTOM|Dragapult, M|100\/100\n|move|p1a: Forretress|Rapid Spin|p2a: IN A PHANTOM\n|-immune|p2a: IN A PHANTOM\n|\n|upkeep\n|turn|3\n|\n|t:|1700408011\n|switch|p1a: Clodsire|Clodsire, F|100\/100\n|-damage|p1a: Clodsire|88\/100|[from] Spikes\n|move|p2a: IN A PHANTOM|Shadow Ball|p1a: Clodsire\n|-damage|p1a: Clodsire|61\/100\n|\n|-heal|p1a: Clodsire|67\/100|[from] item: Black Sludge\n|upkeep\n|turn|4\n|\n|t:|1700408021\n|switch|p2a: $AMURAI JACK|Samurott-Hisui, M|18\/100\n|move|p1a: Clodsire|Toxic|p2a: $AMURAI JACK\n|-status|p2a: $AMURAI JACK|tox\n|\n|-heal|p1a: Clodsire|73\/100|[from] item: Black Sludge\n|-damage|p2a: $AMURAI JACK|11\/100 tox|[from] psn\n|upkeep\n|turn|5\n|\n|t:|1700408026\n|move|p1a: Clodsire|Protect|p1a: Clodsire\n|-singleturn|p1a: Clodsire|Protect\n|move|p2a: $AMURAI JACK|Encore|p1a: Clodsire\n|-activate|p1a: Clodsire|move: Protect\n|\n|-heal|p1a: Clodsire|79\/100|[from] item: Black Sludge\n|-damage|p2a: $AMURAI JACK|0 fnt|[from] psn\n|faint|p2a: $AMURAI JACK\n|upkeep\n|\n|t:|1700408028\n|switch|p2a: FUTURE ERA|Iron Moth|100\/100\n|-enditem|p2a: FUTURE ERA|Booster Energy\n|-activate|p2a: FUTURE ERA|ability: Quark Drive|[fromitem]\n|-start|p2a: FUTURE ERA|quarkdrivespe\n|turn|6\n|\n|t:|1700408038\n|-terastallize|p2a: FUTURE ERA|Ground\n|move|p2a: FUTURE ERA|Substitute|p2a: FUTURE ERA\n|-start|p2a: FUTURE ERA|Substitute\n|-damage|p2a: FUTURE ERA|75\/100\n|move|p1a: Clodsire|Earthquake|p2a: FUTURE ERA\n|-crit|p2a: FUTURE ERA\n|-end|p2a: FUTURE ERA|Substitute\n|\n|-heal|p1a: Clodsire|86\/100|[from] item: Black Sludge\n|upkeep\n|turn|7\n|\n|t:|1700408042\n|move|p2a: FUTURE ERA|Tera Blast|p1a: Clodsire|[anim] Tera Blast Ground\n|-supereffective|p1a: Clodsire\n|-damage|p1a: Clodsire|43\/100\n|move|p1a: Clodsire|Earthquake|p2a: FUTURE ERA\n|-damage|p2a: FUTURE ERA|36\/100\n|\n|-heal|p1a: Clodsire|49\/100|[from] item: Black Sludge\n|upkeep\n|turn|8\n|\n|t:|1700408048\n|move|p2a: FUTURE ERA|Substitute|p2a: FUTURE ERA\n|-start|p2a: FUTURE ERA|Substitute\n|-damage|p2a: FUTURE ERA|11\/100\n|move|p1a: Clodsire|Earthquake|p2a: FUTURE ERA\n|-end|p2a: FUTURE ERA|Substitute\n|\n|-heal|p1a: Clodsire|55\/100|[from] item: Black Sludge\n|upkeep\n|turn|9\n|\n|t:|1700408053\n|move|p1a: Clodsire|Protect|p1a: Clodsire\n|-singleturn|p1a: Clodsire|Protect\n|move|p2a: FUTURE ERA|Tera Blast|p1a: Clodsire|[anim] Tera Blast Ground\n|-activate|p1a: Clodsire|move: Protect\n|\n|-heal|p1a: Clodsire|61\/100|[from] item: Black Sludge\n|upkeep\n|turn|10\n|\n|t:|1700408055\n|move|p2a: FUTURE ERA|Tera Blast|p1a: Clodsire|[anim] Tera Blast Ground\n|-supereffective|p1a: Clodsire\n|-damage|p1a: Clodsire|18\/100\n|move|p1a: Clodsire|Earthquake|p2a: FUTURE ERA\n|-damage|p2a: FUTURE ERA|0 fnt\n|faint|p2a: FUTURE ERA\n|-end|p2a: FUTURE ERA|Quark Drive|[silent]\n|\n|-heal|p1a: Clodsire|24\/100|[from] item: Black Sludge\n|upkeep\n|\n|t:|1700408065\n|switch|p2a: BLADEE|Kingambit, F|100\/100\n|-activate|p2a: BLADEE|ability: Supreme Overlord\n|-start|p2a: BLADEE|fallen2|[silent]\n|turn|11\n|\n|t:|1700408068\n|switch|p1a: Corviknight|Corviknight, M|100\/100\n|-ability|p1a: Corviknight|Pressure\n|move|p2a: BLADEE|Kowtow Cleave|p1a: Corviknight\n|-damage|p1a: Corviknight|60\/100\n|\n|-heal|p1a: Corviknight|66\/100|[from] item: Leftovers\n|upkeep\n|turn|12\n|\n|t:|1700408072\n|-end|p2a: BLADEE|fallen2|[silent]\n|switch|p2a: Cold Shoulder!|Slowking-Galar, M|100\/100\n|move|p1a: Corviknight|Iron Defense|p1a: Corviknight\n|-boost|p1a: Corviknight|def|2\n|\n|-heal|p1a: Corviknight|72\/100|[from] item: Leftovers\n|upkeep\n|turn|13\n|\n|t:|1700408078\n|move|p1a: Corviknight|Substitute|p1a: Corviknight\n|-start|p1a: Corviknight|Substitute\n|-damage|p1a: Corviknight|47\/100\n|move|p2a: Cold Shoulder!|Future Sight|p1a: Corviknight\n|-start|p2a: Cold Shoulder!|move: Future Sight\n|\n|-heal|p1a: Corviknight|54\/100|[from] item: Leftovers\n|upkeep\n|turn|14\n|\n|t:|1700408081\n|move|p1a: Corviknight|Roost|p1a: Corviknight\n|-heal|p1a: Corviknight|100\/100\n|-singleturn|p1a: Corviknight|move: Roost\n|move|p2a: Cold Shoulder!|Flamethrower|p1a: Corviknight\n|-supereffective|p1a: Corviknight\n|-end|p1a: Corviknight|Substitute\n|\n|upkeep\n|turn|15\n|\n|t:|1700408089\n|move|p1a: Corviknight|Substitute|p1a: Corviknight\n|-start|p1a: Corviknight|Substitute\n|-damage|p1a: Corviknight|75\/100\n|move|p2a: Cold Shoulder!|Chilly Reception|p2a: Cold Shoulder!\n|-weather|Snow\n|\n|t:|1700408091\n|switch|p2a: IN A PHANTOM|Dragapult, M|100\/100|[from] Chilly Reception\n|\n|-weather|Snow|[upkeep]\n|-end|p1a: Corviknight|move: Future Sight\n|-resisted|p1a: Corviknight\n|-end|p1a: Corviknight|Substitute\n|-heal|p1a: Corviknight|82\/100|[from] item: Leftovers\n|upkeep\n|turn|16\n|\n|t:|1700408098\n|switch|p1a: Arcanine|Arcanine-Hisui, F|100\/100\n|-damage|p1a: Arcanine|88\/100|[from] Spikes\n|move|p2a: IN A PHANTOM|Shadow Ball|p1a: Arcanine\n|-damage|p1a: Arcanine|26\/100\n|\n|-weather|Snow|[upkeep]\n|upkeep\n|turn|17\n|\n|t:|1700408104\n|switch|p2a: Mediocre Tusk|Great Tusk|100\/100\n|move|p1a: Arcanine|Head Smash|p2a: Mediocre Tusk\n|-resisted|p2a: Mediocre Tusk\n|-damage|p2a: Mediocre Tusk|91\/100\n|\n|-weather|Snow|[upkeep]\n|-heal|p2a: Mediocre Tusk|97\/100|[from] item: Leftovers\n|upkeep\n|turn|18\n|\n|t:|1700408111\n|switch|p1a: Forretress|Forretress, F|78\/100\n|move|p2a: Mediocre Tusk|Body Press|p1a: Forretress\n|-damage|p1a: Forretress|52\/100\n|\n|-weather|Snow|[upkeep]\n|-heal|p2a: Mediocre Tusk|100\/100|[from] item: Leftovers\n|upkeep\n|turn|19\n|\n|t:|1700408114\n|-end|p2a: Mediocre Tusk|Protosynthesis|[silent]\n|switch|p2a: IN A PHANTOM|Dragapult, M|100\/100\n|move|p1a: Forretress|Payback|p2a: IN A PHANTOM\n|-supereffective|p2a: IN A PHANTOM\n|-damage|p2a: IN A PHANTOM|72\/100\n|\n|-weather|none\n|upkeep\n|turn|20\n|\n|t:|1700408121\n|switch|p1a: Samurott|Samurott-Hisui, M, shiny|100\/100\n|-damage|p1a: Samurott|88\/100|[from] Spikes\n|move|p2a: IN A PHANTOM|Shadow Ball|p1a: Samurott\n|-resisted|p1a: Samurott\n|-damage|p1a: Samurott|47\/100\n|\n|-heal|p1a: Samurott|53\/100|[from] item: Leftovers\n|upkeep\n|turn|21\n|\n|t:|1700408132\n|switch|p2a: Mediocre Tusk|Great Tusk|100\/100\n|move|p1a: Samurott|Razor Shell|p2a: Mediocre Tusk\n|-supereffective|p2a: Mediocre Tusk\n|-damage|p2a: Mediocre Tusk|54\/100\n|\n|-heal|p1a: Samurott|59\/100|[from] item: Leftovers\n|-heal|p2a: Mediocre Tusk|61\/100|[from] item: Leftovers\n|upkeep\n|turn|22\n|\n|t:|1700408140\n|switch|p1a: Forretress|Forretress, F|52\/100\n|move|p2a: Mediocre Tusk|Body Press|p1a: Forretress\n|-damage|p1a: Forretress|29\/100\n|\n|-heal|p2a: Mediocre Tusk|67\/100|[from] item: Leftovers\n|upkeep\n|turn|23\n|\n|t:|1700408144\n|move|p2a: Mediocre Tusk|Earthquake|p1a: Forretress\n|-damage|p1a: Forretress|4\/100\n|move|p1a: Forretress|Payback|p2a: Mediocre Tusk\n|-resisted|p2a: Mediocre Tusk\n|-damage|p2a: Mediocre Tusk|62\/100\n|\n|-heal|p2a: Mediocre Tusk|68\/100|[from] item: Leftovers\n|upkeep\n|turn|24\n|\n|t:|1700408149\n|switch|p1a: Corviknight|Corviknight, M|82\/100\n|-ability|p1a: Corviknight|Pressure\n|move|p2a: Mediocre Tusk|Rapid Spin|p1a: Corviknight\n|-resisted|p1a: Corviknight\n|-damage|p1a: Corviknight|77\/100\n|-boost|p2a: Mediocre Tusk|spe|1\n|\n|-heal|p2a: Mediocre Tusk|74\/100|[from] item: Leftovers\n|-heal|p1a: Corviknight|83\/100|[from] item: Leftovers\n|upkeep\n|turn|25\n|\n|t:|1700408154\n|-end|p2a: Mediocre Tusk|Protosynthesis|[silent]\n|switch|p2a: Cold Shoulder!|Slowking-Galar, M|100\/100\n|move|p1a: Corviknight|Substitute|p1a: Corviknight\n|-start|p1a: Corviknight|Substitute\n|-damage|p1a: Corviknight|58\/100\n|\n|-heal|p1a: Corviknight|64\/100|[from] item: Leftovers\n|upkeep\n|turn|26\n|\n|t:|1700408156\n|move|p1a: Corviknight|Roost|p1a: Corviknight\n|-heal|p1a: Corviknight|100\/100\n|-singleturn|p1a: Corviknight|move: Roost\n|move|p2a: Cold Shoulder!|Flamethrower|p1a: Corviknight\n|-supereffective|p1a: Corviknight\n|-end|p1a: Corviknight|Substitute\n|\n|upkeep\n|turn|27\n|\n|t:|1700408161\n|switch|p1a: Arcanine|Arcanine-Hisui, F|26\/100\n|-damage|p1a: Arcanine|13\/100|[from] Spikes\n|move|p2a: Cold Shoulder!|Future Sight|p1a: Arcanine\n|-start|p2a: Cold Shoulder!|move: Future Sight\n|\n|upkeep\n|turn|28\n|\n|t:|1700408171\n|switch|p2a: Mediocre Tusk|Great Tusk|74\/100\n|-terastallize|p1a: Arcanine|Fire\n|move|p1a: Arcanine|Flare Blitz|p2a: Mediocre Tusk\n|-damage|p2a: Mediocre Tusk|30\/100\n|\n|-heal|p2a: Mediocre Tusk|37\/100|[from] item: Leftovers\n|upkeep\n|turn|29\n|\n|t:|1700408191\n|move|p1a: Arcanine|Flare Blitz|p2a: Mediocre Tusk\n|-damage|p2a: Mediocre Tusk|0 fnt\n|faint|p2a: Mediocre Tusk\n|-end|p2a: Mediocre Tusk|Protosynthesis|[silent]\n|\n|-end|p1a: Arcanine|move: Future Sight\n|-crit|p1a: Arcanine\n|-damage|p1a: Arcanine|0 fnt\n|faint|p1a: Arcanine\n|upkeep\n|\n|t:|1700408209\n|switch|p1a: Meowscarada|Meowscarada, F|100\/100\n|switch|p2a: IN A PHANTOM|Dragapult, M|72\/100\n|-damage|p1a: Meowscarada|88\/100|[from] Spikes\n|turn|30\n|\n|t:|1700408221\n|move|p1a: Meowscarada|Knock Off|p2a: IN A PHANTOM\n|-start|p1a: Meowscarada|typechange|Dark|[from] ability: Protean\n|-supereffective|p2a: IN A PHANTOM\n|-damage|p2a: IN A PHANTOM|0 fnt\n|-enditem|p2a: IN A PHANTOM|Choice Specs|[from] move: Knock Off|[of] p1a: Meowscarada\n|faint|p2a: IN A PHANTOM\n|\n|upkeep\n|\n|t:|1700408224\n|switch|p2a: BLADEE|Kingambit, F|100\/100\n|-activate|p2a: BLADEE|ability: Supreme Overlord\n|-start|p2a: BLADEE|fallen4|[silent]\n|turn|31\n|\n|t:|1700408226\n|switch|p1a: Forretress|Forretress, F|4\/100\n|move|p2a: BLADEE|Swords Dance|p2a: BLADEE\n|-boost|p2a: BLADEE|atk|2\n|\n|upkeep\n|turn|32\n|\n|t:|1700408231\n|move|p2a: BLADEE|Kowtow Cleave|p1a: Forretress\n|-damage|p1a: Forretress|0 fnt\n|faint|p1a: Forretress\n|\n|upkeep\n|\n|t:|1700408233\n|switch|p1a: Corviknight|Corviknight, M|100\/100\n|-ability|p1a: Corviknight|Pressure\n|turn|33\n|\n|t:|1700408236\n|-end|p2a: BLADEE|fallen4|[silent]\n|switch|p2a: Cold Shoulder!|Slowking-Galar, M|100\/100\n|move|p1a: Corviknight|Iron Defense|p1a: Corviknight\n|-boost|p1a: Corviknight|def|2\n|\n|upkeep\n|turn|34\n|\n|t:|1700408239\n|move|p1a: Corviknight|Substitute|p1a: Corviknight\n|-start|p1a: Corviknight|Substitute\n|-damage|p1a: Corviknight|75\/100\n|move|p2a: Cold Shoulder!|Flamethrower|p1a: Corviknight\n|-supereffective|p1a: Corviknight\n|-end|p1a: Corviknight|Substitute\n|\n|-heal|p1a: Corviknight|82\/100|[from] item: Leftovers\n|upkeep\n|turn|35\n|\n|t:|1700408243\n|switch|p1a: Clodsire|Clodsire, F|24\/100\n|-damage|p1a: Clodsire|12\/100|[from] Spikes\n|move|p2a: Cold Shoulder!|Future Sight|p1a: Clodsire\n|-start|p2a: Cold Shoulder!|move: Future Sight\n|\n|-heal|p1a: Clodsire|18\/100|[from] item: Black Sludge\n|upkeep\n|turn|36\n|\n|t:|1700408245\n|move|p2a: Cold Shoulder!|Flamethrower|p1a: Clodsire\n|-damage|p1a: Clodsire|3\/100\n|move|p1a: Clodsire|Recover|p1a: Clodsire\n|-heal|p1a: Clodsire|53\/100\n|\n|-heal|p1a: Clodsire|60\/100|[from] item: Black Sludge\n|upkeep\n|turn|37\n|\n|t:|1700408253\n|switch|p1a: Samurott|Samurott-Hisui, M, shiny|59\/100\n|-damage|p1a: Samurott|47\/100|[from] Spikes\n|move|p2a: Cold Shoulder!|Flamethrower|p1a: Samurott\n|-resisted|p1a: Samurott\n|-damage|p1a: Samurott|24\/100\n|\n|-end|p1a: Samurott|move: Future Sight\n|-immune|p1a: Samurott\n|-heal|p1a: Samurott|31\/100|[from] item: Leftovers\n|upkeep\n|turn|38\n|\n|t:|1700408259\n|move|p1a: Samurott|Ceaseless Edge|p2a: Cold Shoulder!|[miss]\n|-miss|p1a: Samurott|p2a: Cold Shoulder!\n|move|p2a: Cold Shoulder!|Chilly Reception|p2a: Cold Shoulder!\n|-weather|Snow\n|\n|t:|1700408261\n|switch|p2a: BLADEE|Kingambit, F|100\/100|[from] Chilly Reception\n|-activate|p2a: BLADEE|ability: Supreme Overlord\n|-start|p2a: BLADEE|fallen4|[silent]\n|\n|-weather|Snow|[upkeep]\n|-heal|p1a: Samurott|37\/100|[from] item: Leftovers\n|upkeep\n|turn|39\n|\n|t:|1700408267\n|move|p1a: Samurott|Aqua Jet|p2a: BLADEE\n|-damage|p2a: BLADEE|87\/100\n|move|p2a: BLADEE|Kowtow Cleave|p1a: Samurott\n|-resisted|p1a: Samurott\n|-damage|p1a: Samurott|0 fnt\n|faint|p1a: Samurott\n|\n|-weather|Snow|[upkeep]\n|-heal|p2a: BLADEE|93\/100|[from] item: Leftovers\n|upkeep\n|\n|t:|1700408269\n|switch|p1a: Corviknight|Corviknight, M|82\/100\n|-ability|p1a: Corviknight|Pressure\n|turn|40\n|\n|t:|1700408272\n|-end|p2a: BLADEE|fallen4|[silent]\n|switch|p2a: Cold Shoulder!|Slowking-Galar, M|100\/100\n|move|p1a: Corviknight|Substitute|p1a: Corviknight\n|-start|p1a: Corviknight|Substitute\n|-damage|p1a: Corviknight|57\/100\n|\n|-weather|Snow|[upkeep]\n|-heal|p1a: Corviknight|63\/100|[from] item: Leftovers\n|upkeep\n|turn|41\n|\n|t:|1700408280\n|move|p1a: Corviknight|Roost|p1a: Corviknight\n|-heal|p1a: Corviknight|100\/100\n|-singleturn|p1a: Corviknight|move: Roost\n|move|p2a: Cold Shoulder!|Future Sight|p1a: Corviknight\n|-start|p2a: Cold Shoulder!|move: Future Sight\n|\n|-weather|Snow|[upkeep]\n|upkeep\n|turn|42\n|\n|t:|1700408283\n|move|p1a: Corviknight|Iron Defense|p1a: Corviknight\n|-boost|p1a: Corviknight|def|2\n|move|p2a: Cold Shoulder!|Flamethrower|p1a: Corviknight\n|-supereffective|p1a: Corviknight\n|-end|p1a: Corviknight|Substitute\n|\n|-weather|none\n|upkeep\n|turn|43\n|\n|t:|1700408286\n|move|p1a: Corviknight|Substitute|p1a: Corviknight\n|-start|p1a: Corviknight|Substitute\n|-damage|p1a: Corviknight|75\/100\n|move|p2a: Cold Shoulder!|Flamethrower|p1a: Corviknight\n|-supereffective|p1a: Corviknight\n|-end|p1a: Corviknight|Substitute\n|\n|-end|p1a: Corviknight|move: Future Sight\n|-resisted|p1a: Corviknight\n|-damage|p1a: Corviknight|47\/100\n|-heal|p1a: Corviknight|53\/100|[from] item: Leftovers\n|upkeep\n|turn|44\n|\n|t:|1700408290\n|switch|p1a: Clodsire|Clodsire, F|60\/100\n|-damage|p1a: Clodsire|47\/100|[from] Spikes\n|move|p2a: Cold Shoulder!|Flamethrower|p1a: Clodsire\n|-crit|p1a: Clodsire\n|-damage|p1a: Clodsire|24\/100\n|-status|p1a: Clodsire|brn\n|\n|-heal|p1a: Clodsire|30\/100 brn|[from] item: Black Sludge\n|-damage|p1a: Clodsire|24\/100 brn|[from] brn\n|upkeep\n|turn|45\n|\n|t:|1700408294\n|move|p2a: Cold Shoulder!|Future Sight|p1a: Clodsire\n|-start|p2a: Cold Shoulder!|move: Future Sight\n|move|p1a: Clodsire|Recover|p1a: Clodsire\n|-heal|p1a: Clodsire|74\/100 brn\n|\n|-heal|p1a: Clodsire|80\/100 brn|[from] item: Black Sludge\n|-damage|p1a: Clodsire|74\/100 brn|[from] brn\n|upkeep\n|turn|46\n|\n|t:|1700408296\n|move|p2a: Cold Shoulder!|Chilly Reception|p2a: Cold Shoulder!\n|-weather|Snow\n|\n|t:|1700408298\n|switch|p2a: BLADEE|Kingambit, F|93\/100|[from] Chilly Reception\n|-activate|p2a: BLADEE|ability: Supreme Overlord\n|-start|p2a: BLADEE|fallen4|[silent]\n|move|p1a: Clodsire|Earthquake|p2a: BLADEE\n|-supereffective|p2a: BLADEE\n|-damage|p2a: BLADEE|73\/100\n|\n|-weather|Snow|[upkeep]\n|-heal|p2a: BLADEE|79\/100|[from] item: Leftovers\n|-heal|p1a: Clodsire|80\/100 brn|[from] item: Black Sludge\n|-damage|p1a: Clodsire|74\/100 brn|[from] brn\n|upkeep\n|turn|47\n|\n|t:|1700408303\n|move|p2a: BLADEE|Swords Dance|p2a: BLADEE\n|-boost|p2a: BLADEE|atk|2\n|move|p1a: Clodsire|Earthquake|p2a: BLADEE\n|-supereffective|p2a: BLADEE\n|-damage|p2a: BLADEE|58\/100\n|\n|-weather|Snow|[upkeep]\n|-end|p1a: Clodsire|move: Future Sight\n|-supereffective|p1a: Clodsire\n|-damage|p1a: Clodsire|9\/100 brn\n|-heal|p2a: BLADEE|64\/100|[from] item: Leftovers\n|-heal|p1a: Clodsire|15\/100 brn|[from] item: Black Sludge\n|-damage|p1a: Clodsire|9\/100 brn|[from] brn\n|upkeep\n|turn|48\n|\n|t:|1700408310\n|move|p2a: BLADEE|Iron Head|p1a: Clodsire\n|-damage|p1a: Clodsire|0 fnt\n|faint|p1a: Clodsire\n|\n|-weather|Snow|[upkeep]\n|-heal|p2a: BLADEE|70\/100|[from] item: Leftovers\n|upkeep\n|\n|t:|1700408312\n|switch|p1a: Corviknight|Corviknight, M|53\/100\n|-ability|p1a: Corviknight|Pressure\n|turn|49\n|\n|t:|1700408314\n|move|p1a: Corviknight|Iron Defense|p1a: Corviknight\n|-boost|p1a: Corviknight|def|2\n|move|p2a: BLADEE|Kowtow Cleave|p1a: Corviknight\n|-damage|p1a: Corviknight|12\/100\n|\n|-weather|Snow|[upkeep]\n|-heal|p1a: Corviknight|18\/100|[from] item: Leftovers\n|-heal|p2a: BLADEE|76\/100|[from] item: Leftovers\n|upkeep\n|turn|50\n|\n|t:|1700408318\n|move|p1a: Corviknight|Roost|p1a: Corviknight\n|-heal|p1a: Corviknight|68\/100\n|-singleturn|p1a: Corviknight|move: Roost\n|move|p2a: BLADEE|Swords Dance|p2a: BLADEE\n|-boost|p2a: BLADEE|atk|2\n|\n|-weather|none\n|-heal|p1a: Corviknight|74\/100|[from] item: Leftovers\n|-heal|p2a: BLADEE|82\/100|[from] item: Leftovers\n|upkeep\n|turn|51\n|\n|t:|1700408320\n|move|p1a: Corviknight|Substitute|p1a: Corviknight\n|-start|p1a: Corviknight|Substitute\n|-damage|p1a: Corviknight|49\/100\n|move|p2a: BLADEE|Kowtow Cleave|p1a: Corviknight\n|-end|p1a: Corviknight|Substitute\n|\n|-heal|p1a: Corviknight|56\/100|[from] item: Leftovers\n|-heal|p2a: BLADEE|88\/100|[from] item: Leftovers\n|upkeep\n|turn|52\n|\n|t:|1700408322\n|move|p1a: Corviknight|Iron Defense|p1a: Corviknight\n|-boost|p1a: Corviknight|def|2\n|move|p2a: BLADEE|Kowtow Cleave|p1a: Corviknight\n|-damage|p1a: Corviknight|12\/100\n|\n|-heal|p1a: Corviknight|18\/100|[from] item: Leftovers\n|-heal|p2a: BLADEE|94\/100|[from] item: Leftovers\n|upkeep\n|turn|53\n|\n|t:|1700408324\n|move|p1a: Corviknight|Roost|p1a: Corviknight\n|-heal|p1a: Corviknight|68\/100\n|-singleturn|p1a: Corviknight|move: Roost\n|move|p2a: BLADEE|Kowtow Cleave|p1a: Corviknight\n|-damage|p1a: Corviknight|22\/100\n|\n|-heal|p1a: Corviknight|28\/100|[from] item: Leftovers\n|-heal|p2a: BLADEE|99\/100|[from] item: Leftovers\n|upkeep\n|turn|54\n|\n|t:|1700408327\n|move|p1a: Corviknight|Roost|p1a: Corviknight\n|-heal|p1a: Corviknight|78\/100\n|-singleturn|p1a: Corviknight|move: Roost\n|move|p2a: BLADEE|Kowtow Cleave|p1a: Corviknight\n|-damage|p1a: Corviknight|32\/100\n|\n|-heal|p1a: Corviknight|38\/100|[from] item: Leftovers\n|-heal|p2a: BLADEE|100\/100|[from] item: Leftovers\n|upkeep\n|turn|55\n|\n|t:|1700408332\n|-end|p2a: BLADEE|fallen4|[silent]\n|switch|p2a: Cold Shoulder!|Slowking-Galar, M|100\/100\n|move|p1a: Corviknight|Roost|p1a: Corviknight\n|-heal|p1a: Corviknight|88\/100\n|-singleturn|p1a: Corviknight|move: Roost\n|\n|-heal|p1a: Corviknight|95\/100|[from] item: Leftovers\n|upkeep\n|turn|56\n|\n|t:|1700408336\n|move|p1a: Corviknight|Substitute|p1a: Corviknight\n|-start|p1a: Corviknight|Substitute\n|-damage|p1a: Corviknight|70\/100\n|move|p2a: Cold Shoulder!|Flamethrower|p1a: Corviknight\n|-supereffective|p1a: Corviknight\n|-end|p1a: Corviknight|Substitute\n|\n|-heal|p1a: Corviknight|76\/100|[from] item: Leftovers\n|upkeep\n|turn|57\n|\n|t:|1700408349\n|move|p1a: Corviknight|Substitute|p1a: Corviknight\n|-start|p1a: Corviknight|Substitute\n|-damage|p1a: Corviknight|51\/100\n|move|p2a: Cold Shoulder!|Flamethrower|p1a: Corviknight\n|-supereffective|p1a: Corviknight\n|-end|p1a: Corviknight|Substitute\n|\n|-heal|p1a: Corviknight|57\/100|[from] item: Leftovers\n|upkeep\n|turn|58\n|\n|t:|1700408361\n|move|p1a: Corviknight|Substitute|p1a: Corviknight\n|-start|p1a: Corviknight|Substitute\n|-damage|p1a: Corviknight|32\/100\n|move|p2a: Cold Shoulder!|Chilly Reception|p2a: Cold Shoulder!\n|-weather|Snow\n|\n|t:|1700408364\n|switch|p2a: BLADEE|Kingambit, F|100\/100|[from] Chilly Reception\n|-activate|p2a: BLADEE|ability: Supreme Overlord\n|-start|p2a: BLADEE|fallen4|[silent]\n|\n|-weather|Snow|[upkeep]\n|-heal|p1a: Corviknight|38\/100|[from] item: Leftovers\n|upkeep\n|turn|59\n|\n|t:|1700408369\n|-end|p2a: BLADEE|fallen4|[silent]\n|switch|p2a: Cold Shoulder!|Slowking-Galar, M|100\/100\n|move|p1a: Corviknight|Roost|p1a: Corviknight\n|-heal|p1a: Corviknight|88\/100\n|-singleturn|p1a: Corviknight|move: Roost\n|\n|-weather|Snow|[upkeep]\n|-heal|p1a: Corviknight|95\/100|[from] item: Leftovers\n|upkeep\n|turn|60\n|\n|t:|1700408374\n|move|p1a: Corviknight|Iron Defense|p1a: Corviknight\n|-boost|p1a: Corviknight|def|2\n|move|p2a: Cold Shoulder!|Future Sight|p1a: Corviknight\n|-start|p2a: Cold Shoulder!|move: Future Sight\n|\n|-weather|Snow|[upkeep]\n|-heal|p1a: Corviknight|100\/100|[from] item: Leftovers\n|upkeep\n|turn|61\n|\n|t:|1700408380\n|move|p1a: Corviknight|Body Press|p2a: Cold Shoulder!\n|-resisted|p2a: Cold Shoulder!\n|-damage|p2a: Cold Shoulder!|77\/100\n|move|p2a: Cold Shoulder!|Flamethrower|p1a: Corviknight\n|-supereffective|p1a: Corviknight\n|-end|p1a: Corviknight|Substitute\n|\n|-weather|Snow|[upkeep]\n|upkeep\n|turn|62\n|\n|t:|1700408385\n|move|p1a: Corviknight|Substitute|p1a: Corviknight\n|-start|p1a: Corviknight|Substitute\n|-damage|p1a: Corviknight|75\/100\n|move|p2a: Cold Shoulder!|Flamethrower|p1a: Corviknight\n|-supereffective|p1a: Corviknight\n|-end|p1a: Corviknight|Substitute\n|\n|-weather|none\n|-end|p1a: Corviknight|move: Future Sight\n|-resisted|p1a: Corviknight\n|-damage|p1a: Corviknight|49\/100\n|-heal|p1a: Corviknight|56\/100|[from] item: Leftovers\n|upkeep\n|turn|63\n|\n|t:|1700408390\n|switch|p2a: BLADEE|Kingambit, F|100\/100\n|-activate|p2a: BLADEE|ability: Supreme Overlord\n|-start|p2a: BLADEE|fallen4|[silent]\n|move|p1a: Corviknight|Substitute|p1a: Corviknight\n|-start|p1a: Corviknight|Substitute\n|-damage|p1a: Corviknight|30\/100\n|\n|-heal|p1a: Corviknight|37\/100|[from] item: Leftovers\n|upkeep\n|turn|64\n|\n|t:|1700408393\n|-end|p2a: BLADEE|fallen4|[silent]\n|switch|p2a: Cold Shoulder!|Slowking-Galar, M|100\/100\n|move|p1a: Corviknight|Body Press|p2a: Cold Shoulder!\n|-resisted|p2a: Cold Shoulder!\n|-damage|p2a: Cold Shoulder!|76\/100\n|\n|-heal|p1a: Corviknight|43\/100|[from] item: Leftovers\n|upkeep\n|turn|65\n|\n|t:|1700408398\n|move|p1a: Corviknight|Body Press|p2a: Cold Shoulder!\n|-resisted|p2a: Cold Shoulder!\n|-damage|p2a: Cold Shoulder!|50\/100\n|move|p2a: Cold Shoulder!|Chilly Reception|p2a: Cold Shoulder!\n|-weather|Snow\n|\n|t:|1700408400\n|switch|p2a: BLADEE|Kingambit, F|100\/100|[from] Chilly Reception\n|-activate|p2a: BLADEE|ability: Supreme Overlord\n|-start|p2a: BLADEE|fallen4|[silent]\n|\n|-weather|Snow|[upkeep]\n|-heal|p1a: Corviknight|49\/100|[from] item: Leftovers\n|upkeep\n|turn|66\n|\n|t:|1700408404\n|-end|p2a: BLADEE|fallen4|[silent]\n|switch|p2a: Cold Shoulder!|Slowking-Galar, M|83\/100\n|move|p1a: Corviknight|Body Press|p2a: Cold Shoulder!\n|-resisted|p2a: Cold Shoulder!\n|-damage|p2a: Cold Shoulder!|59\/100\n|\n|-weather|Snow|[upkeep]\n|-heal|p1a: Corviknight|56\/100|[from] item: Leftovers\n|upkeep\n|turn|67\n|\n|t:|1700408407\n|move|p1a: Corviknight|Body Press|p2a: Cold Shoulder!\n|-resisted|p2a: Cold Shoulder!\n|-damage|p2a: Cold Shoulder!|36\/100\n|move|p2a: Cold Shoulder!|Flamethrower|p1a: Corviknight\n|-supereffective|p1a: Corviknight\n|-end|p1a: Corviknight|Substitute\n|\n|-weather|Snow|[upkeep]\n|-heal|p1a: Corviknight|62\/100|[from] item: Leftovers\n|upkeep\n|turn|68\n|\n|t:|1700408414\n|switch|p2a: BLADEE|Kingambit, F|100\/100\n|-activate|p2a: BLADEE|ability: Supreme Overlord\n|-start|p2a: BLADEE|fallen4|[silent]\n|move|p1a: Corviknight|Body Press|p2a: BLADEE\n|-supereffective|p2a: BLADEE\n|-damage|p2a: BLADEE|0 fnt\n|faint|p2a: BLADEE\n|-end|p2a: BLADEE|fallen4|[silent]\n|\n|-weather|Snow|[upkeep]\n|-heal|p1a: Corviknight|68\/100|[from] item: Leftovers\n|upkeep\n|\n|t:|1700408415\n|switch|p2a: Cold Shoulder!|Slowking-Galar, M|70\/100\n|turn|69\n|c|\u2606Theimpactassault|RIP\n|\n|t:|1700408423\n|move|p1a: Corviknight|Substitute|p1a: Corviknight\n|-start|p1a: Corviknight|Substitute\n|-damage|p1a: Corviknight|43\/100\n|move|p2a: Cold Shoulder!|Future Sight|p1a: Corviknight\n|-start|p2a: Cold Shoulder!|move: Future Sight\n|\n|-weather|none\n|-heal|p1a: Corviknight|49\/100|[from] item: Leftovers\n|upkeep\n|turn|70\n|-message|Halo FX forfeited.\n|\n|win|Theimpactassault\n|raw|Theimpactassault's rating: 1460 &rarr; <strong>1480<\/strong><br \/>(+20 for winning)\n|raw|Halo FX's rating: 1458 &rarr; <strong>1438<\/strong><br \/>(-20 for losing)\n|l|\u2606Halo FX\n","uploadtime":1700408433,"views":10,"p1id":"theimpactassault","p2id":"halofx","formatid":"gen9ou","rating":1438,"private":0,"password":""}