{"id":"gen9ou-1988536600","p1":"Solution 77","p2":"cashmoneyman2","format":"[Gen 9] OU","log":"|j|\u2606Solution 77\n|j|\u2606cashmoneyman2\n|t:|1699733519\n|gametype|singles\n|player|p1|Solution 77|flannery|1071\n|player|p2|cashmoneyman2|grimsley|1109\n|teamsize|p1|6\n|teamsize|p2|6\n|gen|9\n|tier|[Gen 9] OU\n|rated|\n|rule|Sleep Clause Mod: Limit one foe put to sleep\n|rule|Species Clause: Limit one of each Pok\u00e9mon\n|rule|OHKO Clause: OHKO moves are banned\n|rule|Evasion Items Clause: Evasion items are banned\n|rule|Evasion Moves Clause: Evasion moves are banned\n|rule|Endless Battle Clause: Forcing endless battles is banned\n|rule|HP Percentage Mod: HP is shown in percentages\n|clearpoke\n|poke|p1|Manaphy|\n|poke|p1|Okidogi, M|\n|poke|p1|Zoroark-Hisui, F|\n|poke|p1|Arcanine-Hisui, M|\n|poke|p1|Ambipom, M|\n|poke|p1|Glimmora, F|\n|poke|p2|Kommo-o, M|\n|poke|p2|Gholdengo|\n|poke|p2|Slowking-Galar, F|\n|poke|p2|Meowscarada, M|\n|poke|p2|Toxapex, F|\n|poke|p2|Ting-Lu|\n|teampreview\n|\n|t:|1699733539\n|start\n|switch|p1a: Ambipom|Ambipom, M|100\/100\n|switch|p2a: Meowscarada|Meowscarada, M|100\/100\n|turn|1\n|\n|t:|1699733552\n|switch|p2a: Gholdengo|Gholdengo|100\/100\n|move|p1a: Ambipom|Flamethrower|p2a: Gholdengo\n|-supereffective|p2a: Gholdengo\n|-damage|p2a: Gholdengo|29\/100\n|\n|upkeep\n|turn|2\n|\n|t:|1699733563\n|move|p1a: Ambipom|Flamethrower|p2a: Gholdengo\n|-supereffective|p2a: Gholdengo\n|-damage|p2a: Gholdengo|0 fnt\n|faint|p2a: Gholdengo\n|\n|upkeep\n|\n|t:|1699733572\n|switch|p2a: Toxapex|Toxapex, F|100\/100\n|turn|3\n|\n|t:|1699733578\n|switch|p1a: Manaphy|Manaphy|100\/100\n|move|p2a: Toxapex|Toxic|p1a: Manaphy\n|-status|p1a: Manaphy|tox\n|\n|-damage|p1a: Manaphy|94\/100 tox|[from] psn\n|upkeep\n|turn|4\n|\n|t:|1699733587\n|switch|p2a: Meowscarada|Meowscarada, M|100\/100\n|move|p1a: Manaphy|Take Heart|p1a: Manaphy\n|-boost|p1a: Manaphy|spa|1\n|-boost|p1a: Manaphy|spd|1\n|-curestatus|p1a: Manaphy|tox|[msg]\n|\n|-heal|p1a: Manaphy|100\/100|[from] item: Leftovers\n|upkeep\n|turn|5\n|\n|t:|1699733598\n|-terastallize|p1a: Manaphy|Fairy\n|move|p2a: Meowscarada|Taunt|p1a: Manaphy\n|-start|p2a: Meowscarada|typechange|Dark|[from] ability: Protean\n|-start|p1a: Manaphy|move: Taunt\n|cant|p1a: Manaphy|move: Taunt|Acid Armor\n|\n|upkeep\n|turn|6\n|\n|t:|1699733611\n|switch|p2a: Slowking|Slowking-Galar, F|100\/100\n|move|p1a: Manaphy|Tera Blast|p2a: Slowking|[anim] Tera Blast Fairy\n|-resisted|p2a: Slowking\n|-damage|p2a: Slowking|87\/100\n|\n|upkeep\n|turn|7\n|\n|t:|1699733619\n|move|p1a: Manaphy|Stored Power|p2a: Slowking\n|-damage|p2a: Slowking|74\/100\n|move|p2a: Slowking|Future Sight|p1a: Manaphy\n|-start|p2a: Slowking|move: Future Sight\n|\n|-end|p1a: Manaphy|move: Taunt\n|upkeep\n|turn|8\n|\n|t:|1699733631\n|move|p1a: Manaphy|Take Heart|p1a: Manaphy\n|-boost|p1a: Manaphy|spa|1\n|-boost|p1a: Manaphy|spd|1\n|move|p2a: Slowking|Sludge Bomb|p1a: Manaphy\n|-supereffective|p1a: Manaphy\n|-damage|p1a: Manaphy|69\/100\n|-status|p1a: Manaphy|psn\n|\n|-heal|p1a: Manaphy|75\/100 psn|[from] item: Leftovers\n|-damage|p1a: Manaphy|63\/100 psn|[from] psn\n|upkeep\n|turn|9\n|\n|t:|1699733642\n|move|p1a: Manaphy|Take Heart|p1a: Manaphy\n|-boost|p1a: Manaphy|spa|1\n|-boost|p1a: Manaphy|spd|1\n|-curestatus|p1a: Manaphy|psn|[msg]\n|move|p2a: Slowking|Sludge Bomb|p1a: Manaphy\n|-supereffective|p1a: Manaphy\n|-damage|p1a: Manaphy|36\/100\n|\n|-end|p1a: Manaphy|move: Future Sight\n|-damage|p1a: Manaphy|20\/100\n|-heal|p1a: Manaphy|26\/100|[from] item: Leftovers\n|upkeep\n|turn|10\n|\n|t:|1699733655\n|move|p1a: Manaphy|Stored Power|p2a: Slowking\n|-damage|p2a: Slowking|22\/100\n|move|p2a: Slowking|Sludge Bomb|p1a: Manaphy\n|-supereffective|p1a: Manaphy\n|-damage|p1a: Manaphy|0 fnt\n|faint|p1a: Manaphy\n|\n|upkeep\n|\n|t:|1699733665\n|switch|p1a: Ambipom|Ambipom, M|100\/100\n|turn|11\n|\n|t:|1699733681\n|switch|p2a: Toxapex|Toxapex, F|100\/100\n|move|p1a: Ambipom|Knock Off|p2a: Toxapex\n|-damage|p2a: Toxapex|80\/100\n|-enditem|p2a: Toxapex|Leftovers|[from] move: Knock Off|[of] p1a: Ambipom\n|\n|upkeep\n|turn|12\n|\n|t:|1699733694\n|move|p1a: Ambipom|U-turn|p2a: Toxapex\n|-resisted|p2a: Toxapex\n|-damage|p2a: Toxapex|73\/100\n|\n|t:|1699733707\n|switch|p1a: Arcanine|Arcanine-Hisui, M|100\/100|[from] U-turn\n|move|p2a: Toxapex|Toxic|p1a: Arcanine\n|-status|p1a: Arcanine|tox\n|\n|-damage|p1a: Arcanine|94\/100 tox|[from] psn\n|upkeep\n|turn|13\n|\n|t:|1699733728\n|move|p1a: Arcanine|Head Smash|p2a: Toxapex\n|-damage|p2a: Toxapex|0 fnt\n|faint|p2a: Toxapex\n|\n|-damage|p1a: Arcanine|82\/100 tox|[from] psn\n|upkeep\n|\n|t:|1699733745\n|switch|p2a: Meowscarada|Meowscarada, M|100\/100\n|turn|14\n|\n|t:|1699733753\n|switch|p1a: Glimmora|Glimmora, F|100\/100\n|move|p2a: Meowscarada|Flower Trick|p1a: Glimmora\n|-start|p2a: Meowscarada|typechange|Grass|[from] ability: Protean\n|-crit|p1a: Glimmora\n|-damage|p1a: Glimmora|43\/100\n|-activate|p1a: Glimmora|ability: Toxic Debris\n|-sidestart|p2: cashmoneyman2|move: Toxic Spikes\n|-damage|p2a: Meowscarada|91\/100|[from] item: Life Orb\n|\n|upkeep\n|turn|15\n|\n|t:|1699733773\n|move|p1a: Glimmora|Spiky Shield|p1a: Glimmora\n|-singleturn|p1a: Glimmora|move: Protect\n|move|p2a: Meowscarada|Flower Trick|p1a: Glimmora\n|-activate|p1a: Glimmora|move: Protect\n|\n|upkeep\n|turn|16\n|\n|t:|1699733782\n|move|p2a: Meowscarada|Taunt|p1a: Glimmora\n|-start|p1a: Glimmora|move: Taunt\n|cant|p1a: Glimmora|move: Taunt|Stealth Rock\n|\n|upkeep\n|turn|17\n|\n|t:|1699733799\n|move|p2a: Meowscarada|Flower Trick|p1a: Glimmora\n|-crit|p1a: Glimmora\n|-damage|p1a: Glimmora|0 fnt\n|-activate|p1a: Glimmora|ability: Toxic Debris\n|-sidestart|p2: cashmoneyman2|move: Toxic Spikes\n|faint|p1a: Glimmora\n|-damage|p2a: Meowscarada|81\/100|[from] item: Life Orb\n|\n|upkeep\n|\n|t:|1699733811\n|switch|p1a: Arcanine|Arcanine-Hisui, M|82\/100 tox\n|turn|18\n|\n|t:|1699733817\n|switch|p2a: Slowking|Slowking-Galar, F|55\/100\n|-sideend|p2: cashmoneyman2|move: Toxic Spikes|[of] p2a: Slowking\n|move|p1a: Arcanine|Flare Blitz|p2a: Slowking\n|-damage|p2a: Slowking|0 fnt\n|faint|p2a: Slowking\n|\n|-damage|p1a: Arcanine|76\/100 tox|[from] psn\n|upkeep\n|\n|t:|1699733821\n|switch|p2a: Ting-Lu|Ting-Lu|100\/100\n|-ability|p2a: Ting-Lu|Vessel of Ruin\n|turn|19\n|\n|t:|1699733835\n|switch|p1a: Okidogi|Okidogi, M|100\/100\n|move|p2a: Ting-Lu|Earthquake|p1a: Okidogi\n|-supereffective|p1a: Okidogi\n|-damage|p1a: Okidogi|19\/100\n|-enditem|p1a: Okidogi|Aguav Berry|[eat]\n|-heal|p1a: Okidogi|52\/100|[from] item: Aguav Berry\n|\n|upkeep\n|turn|20\n|\n|t:|1699733847\n|move|p1a: Okidogi|Drain Punch|p2a: Ting-Lu\n|-supereffective|p2a: Ting-Lu\n|-damage|p2a: Ting-Lu|55\/100\n|-heal|p1a: Okidogi|87\/100|[from] drain|[of] p2a: Ting-Lu\n|move|p2a: Ting-Lu|Zen Headbutt|p1a: Okidogi\n|-supereffective|p1a: Okidogi\n|-damage|p1a: Okidogi|2\/100\n|\n|upkeep\n|turn|21\n|\n|t:|1699733859\n|move|p1a: Okidogi|Drain Punch|p2a: Ting-Lu\n|-supereffective|p2a: Ting-Lu\n|-damage|p2a: Ting-Lu|10\/100\n|-heal|p1a: Okidogi|36\/100|[from] drain|[of] p2a: Ting-Lu\n|move|p2a: Ting-Lu|Zen Headbutt|p1a: Okidogi\n|-supereffective|p1a: Okidogi\n|-damage|p1a: Okidogi|0 fnt\n|faint|p1a: Okidogi\n|\n|upkeep\n|\n|t:|1699733871\n|switch|p1a: Ambipom|Ambipom, M|100\/100\n|turn|22\n|\n|t:|1699733881\n|switch|p2a: Meowscarada|Meowscarada, M|81\/100\n|move|p1a: Ambipom|Hyper Voice|p2a: Meowscarada\n|-damage|p2a: Meowscarada|13\/100\n|\n|upkeep\n|turn|23\n|\n|t:|1699733893\n|move|p1a: Ambipom|Hyper Voice|p2a: Meowscarada\n|-damage|p2a: Meowscarada|0 fnt\n|faint|p2a: Meowscarada\n|\n|upkeep\n|\n|t:|1699733898\n|switch|p2a: Kommo-o|Kommo-o, M|100\/100\n|turn|24\n|\n|t:|1699733907\n|switch|p1a: Ambipom|Ambipom, M|100\/100\n|move|p2a: Kommo-o|Clangorous Soul|p2a: Kommo-o\n|-boost|p2a: Kommo-o|atk|1\n|-boost|p2a: Kommo-o|def|1\n|-boost|p2a: Kommo-o|spa|1\n|-boost|p2a: Kommo-o|spd|1\n|-boost|p2a: Kommo-o|spe|1\n|-damage|p2a: Kommo-o|68\/100\n|-enditem|p2a: Kommo-o|Throat Spray\n|-boost|p2a: Kommo-o|spa|1|[from] item: Throat Spray\n|\n|upkeep\n|turn|25\n|\n|t:|1699733922\n|move|p1a: Ambipom|Fake Out|p2a: Kommo-o\n|-damage|p2a: Kommo-o|47\/100\n|cant|p2a: Kommo-o|flinch\n|\n|upkeep\n|turn|26\n|\n|t:|1699733930\n|move|p2a: Kommo-o|Clanging Scales|p1a: Ambipom\n|-damage|p1a: Ambipom|0 fnt\n|faint|p1a: Ambipom\n|-unboost|p2a: Kommo-o|def|1\n|\n|upkeep\n|\n|t:|1699733936\n|switch|p1a: Arcanine|Arcanine-Hisui, M|100\/100\n|turn|27\n|\n|t:|1699733945\n|move|p1a: Arcanine|Hyper Voice|p2a: Kommo-o\n|-immune|p2a: Kommo-o|[from] ability: Soundproof\n|move|p2a: Kommo-o|Clanging Scales|p1a: Arcanine\n|-damage|p1a: Arcanine|0 fnt\n|replace|p1a: Zoroark|Zoroark-Hisui, F\n|-end|p1a: Zoroark|Illusion\n|faint|p1a: Zoroark\n|-unboost|p2a: Kommo-o|def|1\n|\n|upkeep\n|\n|t:|1699733955\n|switch|p1a: Arcanine|Arcanine-Hisui, M|76\/100 tox\n|turn|28\n|\n|t:|1699733962\n|move|p1a: Arcanine|Extreme Speed|p2a: Kommo-o\n|-crit|p2a: Kommo-o\n|-damage|p2a: Kommo-o|0 fnt\n|faint|p2a: Kommo-o\n|\n|-damage|p1a: Arcanine|70\/100 tox|[from] psn\n|upkeep\n|\n|t:|1699733966\n|switch|p2a: Ting-Lu|Ting-Lu|10\/100\n|-ability|p2a: Ting-Lu|Vessel of Ruin\n|turn|29\n|\n|t:|1699733972\n|move|p1a: Arcanine|Extreme Speed|p2a: Ting-Lu\n|-damage|p2a: Ting-Lu|0 fnt\n|faint|p2a: Ting-Lu\n|\n|win|Solution 77\n|raw|Solution 77's rating: 1071 &rarr; <strong>1104<\/strong><br \/>(+33 for winning)\n|raw|cashmoneyman2's rating: 1109 &rarr; <strong>1081<\/strong><br \/>(-28 for losing)\n","uploadtime":1699733982,"views":19,"p1id":"solution77","p2id":"cashmoneyman2","formatid":"gen9ou","rating":1081,"private":0,"password":""}