{"id":"gen9ou-1991381011","p1":"Random Battle Lord","p2":"PurifyingGhost","format":"[Gen 9] OU","log":"|j|\u2606Random Battle Lord\n|j|\u2606PurifyingGhost\n|t:|1700072356\n|gametype|singles\n|player|p1|Random Battle Lord|101|1170\n|player|p2|PurifyingGhost|raifort|1154\n|teamsize|p1|6\n|teamsize|p2|6\n|gen|9\n|tier|[Gen 9] OU\n|rated|\n|rule|Sleep Clause Mod: Limit one foe put to sleep\n|rule|Species Clause: Limit one of each Pok\u00e9mon\n|rule|OHKO Clause: OHKO moves are banned\n|rule|Evasion Items Clause: Evasion items are banned\n|rule|Evasion Moves Clause: Evasion moves are banned\n|rule|Endless Battle Clause: Forcing endless battles is banned\n|rule|HP Percentage Mod: HP is shown in percentages\n|clearpoke\n|poke|p1|Dragonite, M|\n|poke|p1|Ogerpon, F|\n|poke|p1|Iron Moth|\n|poke|p1|Jirachi|\n|poke|p1|Zoroark-Hisui, F|\n|poke|p1|Glimmora, M|\n|poke|p2|Zoroark-Hisui, F|\n|poke|p2|Garganacl, F|\n|poke|p2|Cinderace, F|\n|poke|p2|Corviknight, F|\n|poke|p2|Clodsire, F|\n|poke|p2|Dragonite, F|\n|teampreview\n|\n|t:|1700072388\n|start\n|switch|p1a: Glimmora|Glimmora, M|100\/100\n|switch|p2a: Garganacl|Garganacl, F|100\/100\n|turn|1\n|\n|t:|1700072394\n|move|p1a: Glimmora|Stealth Rock|p2a: Garganacl\n|-sidestart|p2: PurifyingGhost|move: Stealth Rock\n|move|p2a: Garganacl|Earthquake|p1a: Glimmora\n|-supereffective|p1a: Glimmora\n|-damage|p1a: Glimmora|5\/100\n|-activate|p1a: Glimmora|ability: Toxic Debris\n|-sidestart|p2: PurifyingGhost|move: Toxic Spikes\n|-enditem|p1a: Glimmora|Red Card|[of] p2a: Garganacl\n|drag|p2a: Cinderace|Cinderace, F|100\/100\n|-damage|p2a: Cinderace|88\/100|[from] Stealth Rock\n|-status|p2a: Cinderace|psn\n|\n|-damage|p2a: Cinderace|76\/100 psn|[from] psn\n|upkeep\n|turn|2\n|\n|t:|1700072407\n|move|p2a: Cinderace|Flamethrower|p1a: Glimmora\n|-resisted|p1a: Glimmora\n|-damage|p1a: Glimmora|0 fnt\n|faint|p1a: Glimmora\n|\n|-damage|p2a: Cinderace|63\/100 psn|[from] psn\n|upkeep\n|\n|t:|1700072418\n|switch|p1a: Iron Moth|Iron Moth|100\/100\n|turn|3\n|c|\u2606PurifyingGhost|Glad to see another H zoroark player\n|\n|t:|1700072430\n|switch|p2a: Garganacl|Garganacl, F|100\/100\n|-damage|p2a: Garganacl|88\/100|[from] Stealth Rock\n|move|p1a: Iron Moth|Fiery Dance|p2a: Garganacl\n|-resisted|p2a: Garganacl\n|-damage|p2a: Garganacl|70\/100\n|\n|-heal|p2a: Garganacl|76\/100|[from] item: Leftovers\n|upkeep\n|turn|4\n|\n|t:|1700072439\n|-end|p1a: Iron Moth|Quark Drive|[silent]\n|switch|p1a: Ogerpon|Ogerpon, F|100\/100\n|move|p2a: Garganacl|Salt Cure|p1a: Ogerpon\n|-damage|p1a: Ogerpon|82\/100\n|-start|p1a: Ogerpon|Salt Cure\n|\n|-heal|p2a: Garganacl|82\/100|[from] item: Leftovers\n|-damage|p1a: Ogerpon|70\/100|[from] Salt Cure\n|upkeep\n|turn|5\n|\n|t:|1700072444\n|switch|p2a: Corviknight|Corviknight, F|100\/100\n|-damage|p2a: Corviknight|88\/100|[from] Stealth Rock\n|-ability|p2a: Corviknight|Pressure\n|move|p1a: Ogerpon|U-turn|p2a: Corviknight\n|-resisted|p2a: Corviknight\n|-damage|p2a: Corviknight|85\/100\n|-damage|p1a: Ogerpon|53\/100|[from] item: Rocky Helmet|[of] p2a: Corviknight\n|\n|t:|1700072447\n|switch|p1a: Iron Moth|Iron Moth|100\/100|[from] U-turn\n|\n|upkeep\n|turn|6\n|\n|t:|1700072451\n|switch|p2a: Clodsire|Clodsire, F|100\/100\n|-damage|p2a: Clodsire|94\/100|[from] Stealth Rock\n|-sideend|p2: PurifyingGhost|move: Toxic Spikes|[of] p2a: Clodsire\n|move|p1a: Iron Moth|Fiery Dance|p2a: Clodsire\n|-damage|p2a: Clodsire|70\/100\n|-boost|p1a: Iron Moth|spa|1\n|\n|-heal|p2a: Clodsire|76\/100|[from] item: Black Sludge\n|upkeep\n|turn|7\n|\n|t:|1700072457\n|switch|p2a: Cinderace|Cinderace, F|100\/100\n|move|p1a: Iron Moth|Toxic Spikes|p2a: Cinderace\n|-sidestart|p2: PurifyingGhost|move: Toxic Spikes\n|\n|upkeep\n|turn|8\n|\n|t:|1700072462\n|move|p2a: Cinderace|Court Change|p2a: Cinderace\n|-swapsideconditions\n|-activate|p2a: Cinderace|move: Court Change\n|move|p1a: Iron Moth|Fiery Dance|p2a: Cinderace\n|-resisted|p2a: Cinderace\n|-damage|p2a: Cinderace|57\/100\n|\n|upkeep\n|turn|9\n|\n|t:|1700072464\n|move|p2a: Cinderace|U-turn|p1a: Iron Moth\n|-resisted|p1a: Iron Moth\n|-damage|p1a: Iron Moth|93\/100\n|\n|t:|1700072466\n|switch|p2a: Clodsire|Clodsire, F|76\/100|[from] U-turn\n|move|p1a: Iron Moth|Fiery Dance|p2a: Clodsire\n|-damage|p2a: Clodsire|55\/100\n|\n|-heal|p2a: Clodsire|61\/100|[from] item: Black Sludge\n|upkeep\n|turn|10\n|\n|t:|1700072469\n|move|p1a: Iron Moth|Toxic Spikes|p2a: Clodsire\n|-sidestart|p2: PurifyingGhost|move: Toxic Spikes\n|move|p2a: Clodsire|Earthquake|p1a: Iron Moth\n|-supereffective|p1a: Iron Moth\n|-damage|p1a: Iron Moth|0 fnt\n|faint|p1a: Iron Moth\n|-end|p1a: Iron Moth|Quark Drive|[silent]\n|\n|-heal|p2a: Clodsire|67\/100|[from] item: Black Sludge\n|upkeep\n|\n|t:|1700072471\n|switch|p1a: Ogerpon|Ogerpon, F|53\/100\n|turn|11\n|\n|t:|1700072474\n|switch|p2a: Corviknight|Corviknight, F|85\/100\n|-ability|p2a: Corviknight|Pressure\n|move|p1a: Ogerpon|Knock Off|p2a: Corviknight\n|-damage|p2a: Corviknight|66\/100\n|-damage|p1a: Ogerpon|37\/100|[from] item: Rocky Helmet|[of] p2a: Corviknight\n|-enditem|p2a: Corviknight|Rocky Helmet|[from] move: Knock Off|[of] p1a: Ogerpon\n|\n|upkeep\n|turn|12\n|\n|t:|1700072480\n|move|p1a: Ogerpon|Knock Off|p2a: Corviknight\n|-damage|p2a: Corviknight|53\/100\n|move|p2a: Corviknight|Roost|p2a: Corviknight\n|-heal|p2a: Corviknight|100\/100\n|-singleturn|p2a: Corviknight|move: Roost\n|\n|upkeep\n|turn|13\n|\n|t:|1700072483\n|move|p1a: Ogerpon|Encore|p2a: Corviknight\n|-start|p2a: Corviknight|Encore\n|move|p2a: Corviknight|Roost||[still]\n|-fail|p2a: Corviknight|heal\n|\n|upkeep\n|turn|14\n|\n|t:|1700072487\n|switch|p2a: Cinderace|Cinderace, F|57\/100\n|move|p1a: Ogerpon|Knock Off|p2a: Cinderace\n|-damage|p2a: Cinderace|16\/100\n|-enditem|p2a: Cinderace|Heavy-Duty Boots|[from] move: Knock Off|[of] p1a: Ogerpon\n|\n|upkeep\n|turn|15\n|\n|t:|1700072492\n|-terastallize|p1a: Ogerpon|Grass\n|detailschange|p1a: Ogerpon|Ogerpon-Teal-Tera, F, tera:Grass\n|-ability|p1a: Ogerpon|Embody Aspect (Teal)|boost\n|-boost|p1a: Ogerpon|spe|1\n|move|p1a: Ogerpon|Knock Off|p2a: Cinderace\n|-damage|p2a: Cinderace|0 fnt\n|faint|p2a: Cinderace\n|\n|upkeep\n|\n|t:|1700072495\n|switch|p2a: Corviknight|Corviknight, F|100\/100\n|-ability|p2a: Corviknight|Pressure\n|turn|16\n|\n|t:|1700072501\n|move|p1a: Ogerpon|U-turn|p2a: Corviknight\n|-resisted|p2a: Corviknight\n|-damage|p2a: Corviknight|97\/100\n|\n|t:|1700072504\n|switch|p1a: Jirachi|Jirachi|100\/100|[from] U-turn\n|-damage|p1a: Jirachi|94\/100|[from] Stealth Rock\n|move|p2a: Corviknight|U-turn|p1a: Jirachi\n|-damage|p1a: Jirachi|80\/100\n|\n|t:|1700072508\n|switch|p2a: Clodsire|Clodsire, F|67\/100|[from] U-turn\n|-sideend|p2: PurifyingGhost|move: Toxic Spikes|[of] p2a: Clodsire\n|\n|-heal|p2a: Clodsire|74\/100|[from] item: Black Sludge\n|upkeep\n|turn|17\n|\n|t:|1700072514\n|move|p1a: Jirachi|Cosmic Power|p1a: Jirachi\n|-boost|p1a: Jirachi|def|1\n|-boost|p1a: Jirachi|spd|1\n|move|p2a: Clodsire|Earthquake|p1a: Jirachi\n|-supereffective|p1a: Jirachi\n|-damage|p1a: Jirachi|30\/100\n|-enditem|p1a: Jirachi|Weakness Policy\n|-boost|p1a: Jirachi|atk|2|[from] item: Weakness Policy\n|-boost|p1a: Jirachi|spa|2|[from] item: Weakness Policy\n|\n|-heal|p2a: Clodsire|80\/100|[from] item: Black Sludge\n|upkeep\n|turn|18\n|\n|t:|1700072522\n|move|p1a: Jirachi|Stored Power|p2a: Clodsire\n|-supereffective|p2a: Clodsire\n|-damage|p2a: Clodsire|25\/100\n|move|p2a: Clodsire|Earthquake|p1a: Jirachi\n|-supereffective|p1a: Jirachi\n|-damage|p1a: Jirachi|0 fnt\n|faint|p1a: Jirachi\n|\n|-heal|p2a: Clodsire|32\/100|[from] item: Black Sludge\n|upkeep\n|\n|t:|1700072530\n|switch|p1a: Ogerpon|Ogerpon-Teal-Tera, F, tera:Grass|37\/100\n|-ability|p1a: Ogerpon|Embody Aspect (Teal)|boost\n|-boost|p1a: Ogerpon|spe|1\n|turn|19\n|\n|t:|1700072533\n|switch|p2a: Corviknight|Corviknight, F|97\/100\n|-ability|p2a: Corviknight|Pressure\n|move|p1a: Ogerpon|Ivy Cudgel|p2a: Corviknight\n|-resisted|p2a: Corviknight\n|-damage|p2a: Corviknight|88\/100\n|\n|upkeep\n|turn|20\n|-message|Random Battle Lord forfeited.\n|\n|win|PurifyingGhost\n|raw|Random Battle Lord's rating: 1170 &rarr; <strong>1144<\/strong><br \/>(-26 for losing)\n|raw|PurifyingGhost's rating: 1154 &rarr; <strong>1180<\/strong><br \/>(+26 for winning)\n|l|\u2606Random Battle Lord\n","uploadtime":1700072548,"views":17,"p1id":"randombattlelord","p2id":"purifyingghost","formatid":"gen9ou","rating":1144,"private":0,"password":""}