{"id":"gen9ou-1994266979","p1":"lux2821","p2":"Bio_Hazz","format":"[Gen 9] OU","log":"|j|\u2606lux2821\n|j|\u2606Bio_Hazz\n|t:|1700425188\n|gametype|singles\n|player|p1|lux2821|lusamine-nihilego|\n|player|p2|Bio_Hazz|lucas|\n|teamsize|p1|6\n|teamsize|p2|6\n|gen|9\n|tier|[Gen 9] OU\n|rule|Sleep Clause Mod: Limit one foe put to sleep\n|rule|Species Clause: Limit one of each Pok\u00e9mon\n|rule|OHKO Clause: OHKO moves are banned\n|rule|Evasion Items Clause: Evasion items are banned\n|rule|Evasion Moves Clause: Evasion moves are banned\n|rule|Endless Battle Clause: Forcing endless battles is banned\n|rule|HP Percentage Mod: HP is shown in percentages\n|clearpoke\n|poke|p1|Iron Valiant|\n|poke|p1|Cinderace, F|\n|poke|p1|Gholdengo|\n|poke|p1|Ogerpon-Wellspring, F|\n|poke|p1|Iron Moth|\n|poke|p1|Landorus-Therian, M|\n|poke|p2|Ribombee, M|\n|poke|p2|Sneasler, M|\n|poke|p2|Dragapult, F|\n|poke|p2|Garganacl, F|\n|poke|p2|Iron Valiant|\n|poke|p2|Ogerpon-Cornerstone, F|\n|teampreview\n|inactive|Battle timer is ON: inactive players will automatically lose when time's up. (requested by lux2821)\n|c|\u2606Bio_Hazz|glhf\n|c|\u2606lux2821|glhf!\n|\n|t:|1700425200\n|start\n|switch|p1a: Landorus|Landorus-Therian, M|100\/100\n|switch|p2a: Ribombee|Ribombee, M|100\/100\n|-ability|p1a: Landorus|Intimidate|boost\n|-unboost|p2a: Ribombee|atk|1\n|turn|1\n|\n|t:|1700425207\n|move|p1a: Landorus|Stone Edge|p2a: Ribombee\n|-supereffective|p2a: Ribombee\n|-enditem|p2a: Ribombee|Focus Sash\n|-damage|p2a: Ribombee|1\/100\n|move|p2a: Ribombee|Sticky Web|p1a: Landorus\n|-sidestart|p1: lux2821|move: Sticky Web\n|\n|upkeep\n|turn|2\n|\n|t:|1700425212\n|move|p1a: Landorus|Stone Edge|p2a: Ribombee\n|-supereffective|p2a: Ribombee\n|-damage|p2a: Ribombee|0 fnt\n|faint|p2a: Ribombee\n|\n|upkeep\n|\n|t:|1700425230\n|switch|p2a: Iron Valiant|Iron Valiant|100\/100\n|-enditem|p2a: Iron Valiant|Booster Energy\n|-activate|p2a: Iron Valiant|ability: Quark Drive|[fromitem]\n|-start|p2a: Iron Valiant|quarkdrivespe\n|turn|3\n|\n|t:|1700425236\n|move|p2a: Iron Valiant|Swords Dance|p2a: Iron Valiant\n|-boost|p2a: Iron Valiant|atk|2\n|move|p1a: Landorus|Stone Edge|p2a: Iron Valiant|[miss]\n|-miss|p1a: Landorus|p2a: Iron Valiant\n|\n|upkeep\n|turn|4\n|c|\u2606lux2821|well wip\n|\n|t:|1700425251\n|move|p2a: Iron Valiant|Knock Off|p1a: Landorus\n|-damage|p1a: Landorus|18\/100\n|-enditem|p1a: Landorus|Choice Scarf|[from] move: Knock Off|[of] p2a: Iron Valiant\n|move|p1a: Landorus|Stone Edge|p2a: Iron Valiant\n|-resisted|p2a: Iron Valiant\n|-damage|p2a: Iron Valiant|76\/100\n|\n|upkeep\n|turn|5\n|c|\u2606lux2821|rip\n|\n|t:|1700425258\n|move|p2a: Iron Valiant|Knock Off|p1a: Landorus\n|-damage|p1a: Landorus|0 fnt\n|faint|p1a: Landorus\n|\n|upkeep\n|\n|t:|1700425266\n|switch|p1a: Cheeseeee|Gholdengo|100\/100\n|-item|p1a: Cheeseeee|Air Balloon\n|turn|6\n|c|\u2606Bio_Hazz|ye thats anoying\n|\n|t:|1700425277\n|-terastallize|p1a: Cheeseeee|Dark\n|move|p2a: Iron Valiant|Knock Off|p1a: Cheeseeee\n|-resisted|p1a: Cheeseeee\n|-damage|p1a: Cheeseeee|68\/100\n|-enditem|p1a: Cheeseeee|Air Balloon\n|move|p1a: Cheeseeee|Shadow Ball|p2a: Iron Valiant\n|-damage|p2a: Iron Valiant|0 fnt\n|faint|p2a: Iron Valiant\n|-end|p2a: Iron Valiant|Quark Drive|[silent]\n|\n|upkeep\n|\n|t:|1700425289\n|switch|p2a: Dragapult|Dragapult, F|100\/100\n|turn|7\n|\n|t:|1700425294\n|move|p2a: Dragapult|U-turn|p1a: Cheeseeee\n|-supereffective|p1a: Cheeseeee\n|-damage|p1a: Cheeseeee|35\/100\n|\n|t:|1700425297\n|switch|p2a: Sneasler|Sneasler, M|100\/100|[from] U-turn\n|move|p1a: Cheeseeee|Recover|p1a: Cheeseeee\n|-heal|p1a: Cheeseeee|85\/100\n|\n|upkeep\n|turn|8\n|\n|t:|1700425301\n|move|p2a: Sneasler|Swords Dance|p2a: Sneasler\n|-boost|p2a: Sneasler|atk|2\n|move|p1a: Cheeseeee|Make It Rain|p2a: Sneasler\n|-damage|p2a: Sneasler|6\/100\n|-unboost|p1a: Cheeseeee|spa|1\n|\n|upkeep\n|turn|9\n|\n|t:|1700425312\n|move|p2a: Sneasler|Dire Claw|p1a: Cheeseeee\n|-damage|p1a: Cheeseeee|1\/100\n|-status|p1a: Cheeseeee|psn\n|move|p1a: Cheeseeee|Shadow Ball|p2a: Sneasler\n|-damage|p2a: Sneasler|0 fnt\n|faint|p2a: Sneasler\n|\n|-damage|p1a: Cheeseeee|0 fnt|[from] psn\n|faint|p1a: Cheeseeee\n|upkeep\n|\n|t:|1700425322\n|switch|p2a: Dragapult|Dragapult, F|100\/100\n|switch|p1a: Hazard Switcheroo|Cinderace, F|100\/100\n|turn|10\n|\n|t:|1700425334\n|-terastallize|p2a: Dragapult|Ghost\n|move|p2a: Dragapult|Shadow Ball|p1a: Hazard Switcheroo\n|-damage|p1a: Hazard Switcheroo|6\/100\n|move|p1a: Hazard Switcheroo|Court Change|p1a: Hazard Switcheroo\n|-start|p1a: Hazard Switcheroo|typechange|Normal|[from] ability: Libero\n|-swapsideconditions\n|-activate|p1a: Hazard Switcheroo|move: Court Change\n|\n|upkeep\n|turn|11\n|\n|t:|1700425343\n|move|p2a: Dragapult|Shadow Ball|p1a: Hazard Switcheroo\n|-immune|p1a: Hazard Switcheroo\n|move|p1a: Hazard Switcheroo|Will-O-Wisp|p2a: Dragapult\n|-status|p2a: Dragapult|brn\n|\n|-damage|p2a: Dragapult|95\/100 brn|[from] brn\n|upkeep\n|turn|12\n|\n|t:|1700425351\n|switch|p2a: Garganacl|Garganacl, F|100\/100\n|-activate|p2a: Garganacl|move: Sticky Web\n|-unboost|p2a: Garganacl|spe|1\n|move|p1a: Hazard Switcheroo|Pyro Ball|p2a: Garganacl\n|-resisted|p2a: Garganacl\n|-damage|p2a: Garganacl|90\/100\n|\n|-heal|p2a: Garganacl|97\/100|[from] item: Leftovers\n|upkeep\n|turn|13\n|\n|t:|1700425361\n|switch|p1a: Sad Moments|Ogerpon-Wellspring, F|100\/100\n|move|p2a: Garganacl|Salt Cure|p1a: Sad Moments\n|-damage|p1a: Sad Moments|81\/100\n|-start|p1a: Sad Moments|Salt Cure\n|\n|-heal|p2a: Garganacl|100\/100|[from] item: Leftovers\n|-damage|p1a: Sad Moments|56\/100|[from] Salt Cure\n|upkeep\n|turn|14\n|\n|t:|1700425370\n|move|p1a: Sad Moments|Ivy Cudgel|p2a: Garganacl|[anim] Ivy Cudgel Water\n|-supereffective|p2a: Garganacl\n|-damage|p2a: Garganacl|43\/100\n|move|p2a: Garganacl|Stealth Rock|p1a: Sad Moments\n|-sidestart|p1: lux2821|move: Stealth Rock\n|\n|-heal|p2a: Garganacl|49\/100|[from] item: Leftovers\n|-damage|p1a: Sad Moments|31\/100|[from] Salt Cure\n|upkeep\n|turn|15\n|\n|t:|1700425380\n|move|p1a: Sad Moments|Ivy Cudgel|p2a: Garganacl|[anim] Ivy Cudgel Water\n|-supereffective|p2a: Garganacl\n|-damage|p2a: Garganacl|0 fnt\n|faint|p2a: Garganacl\n|\n|-damage|p1a: Sad Moments|6\/100|[from] Salt Cure\n|upkeep\n|\n|t:|1700425392\n|switch|p2a: Dragapult|Dragapult, F, tera:Ghost|95\/100 brn\n|-activate|p2a: Dragapult|move: Sticky Web\n|-fail|p2a: Dragapult|unboost|[from] ability: Clear Body|[of] p2a: Dragapult\n|turn|16\n|\n|t:|1700425402\n|move|p2a: Dragapult|Shadow Ball|p1a: Sad Moments\n|-damage|p1a: Sad Moments|0 fnt\n|faint|p1a: Sad Moments\n|\n|-damage|p2a: Dragapult|89\/100 brn|[from] brn\n|upkeep\n|\n|t:|1700425420\n|switch|p1a: Monarch|Iron Valiant|100\/100\n|-damage|p1a: Monarch|94\/100|[from] Stealth Rock\n|-enditem|p1a: Monarch|Booster Energy\n|-activate|p1a: Monarch|ability: Quark Drive|[fromitem]\n|-start|p1a: Monarch|quarkdrivespe\n|turn|17\n|\n|t:|1700425427\n|move|p1a: Monarch|Shadow Ball|p2a: Dragapult\n|-supereffective|p2a: Dragapult\n|-damage|p2a: Dragapult|19\/100 brn\n|move|p2a: Dragapult|Shadow Ball|p1a: Monarch\n|-damage|p1a: Monarch|0 fnt\n|faint|p1a: Monarch\n|-end|p1a: Monarch|Quark Drive|[silent]\n|\n|-damage|p2a: Dragapult|13\/100 brn|[from] brn\n|upkeep\n|\n|t:|1700425435\n|switch|p1a: FutuRa|Iron Moth|100\/100\n|-damage|p1a: FutuRa|76\/100|[from] Stealth Rock\n|-enditem|p1a: FutuRa|Booster Energy\n|-activate|p1a: FutuRa|ability: Quark Drive|[fromitem]\n|-start|p1a: FutuRa|quarkdrivespe\n|turn|18\n|c|\u2606Bio_Hazz|how did that not kill\n|\n|t:|1700425440\n|move|p1a: FutuRa|Fiery Dance|p2a: Dragapult\n|-damage|p2a: Dragapult|0 fnt\n|faint|p2a: Dragapult\n|\n|upkeep\n|\n|t:|1700425442\n|switch|p2a: Ogerpon|Ogerpon-Cornerstone, F|100\/100\n|-activate|p2a: Ogerpon|move: Sticky Web\n|-unboost|p2a: Ogerpon|spe|1\n|turn|19\n|\n|t:|1700425445\n|move|p1a: FutuRa|Fiery Dance|p2a: Ogerpon\n|-damage|p2a: Ogerpon|55\/100\n|move|p2a: Ogerpon|Ivy Cudgel|p1a: FutuRa|[anim] Ivy Cudgel Rock\n|-supereffective|p1a: FutuRa\n|-damage|p1a: FutuRa|0 fnt\n|faint|p1a: FutuRa\n|-end|p1a: FutuRa|Quark Drive|[silent]\n|\n|upkeep\n|\n|t:|1700425450\n|switch|p1a: Hazard Switcheroo|Cinderace, F|6\/100\n|turn|20\n|\n|t:|1700425455\n|move|p1a: Hazard Switcheroo|Pyro Ball|p2a: Ogerpon\n|-damage|p2a: Ogerpon|0 fnt\n|faint|p2a: Ogerpon\n|\n|win|lux2821\n|c|\u2606lux2821|gg\n","uploadtime":1700425460,"views":18,"p1id":"lux2821","p2id":"biohazz","formatid":"gen9ou","rating":0,"private":0,"password":""}