{"id":"gen9ou-1989271648","p1":"klsts","p2":"Tavixy","format":"[Gen 9] OU","log":"|j|\u2606klsts\n|j|\u2606Tavixy\n|t:|1699830341\n|gametype|singles\n|player|p1|klsts|medium|1078\n|player|p2|Tavixy|266|1116\n|teamsize|p1|6\n|teamsize|p2|6\n|gen|9\n|tier|[Gen 9] OU\n|rated|\n|rule|Sleep Clause Mod: Limit one foe put to sleep\n|rule|Species Clause: Limit one of each Pok\u00e9mon\n|rule|OHKO Clause: OHKO moves are banned\n|rule|Evasion Items Clause: Evasion items are banned\n|rule|Evasion Moves Clause: Evasion moves are banned\n|rule|Endless Battle Clause: Forcing endless battles is banned\n|rule|HP Percentage Mod: HP is shown in percentages\n|clearpoke\n|poke|p1|Thundurus-Therian, M|\n|poke|p1|Forretress, F|\n|poke|p1|Ursaluna, F|\n|poke|p1|Slowking-Galar, M|\n|poke|p1|Rillaboom, F|\n|poke|p1|Heatran, F|\n|poke|p2|Iron Jugulis|\n|poke|p2|Ogerpon-Wellspring, F|\n|poke|p2|Tinkaton, F|\n|poke|p2|Iron Moth|\n|poke|p2|Great Tusk|\n|poke|p2|Dragapult, M|\n|teampreview\n|\n|t:|1699830351\n|start\n|switch|p1a: Forretress|Forretress, F|100\/100\n|switch|p2a: Iron Moth|Iron Moth|100\/100\n|-enditem|p2a: Iron Moth|Booster Energy\n|-activate|p2a: Iron Moth|ability: Quark Drive|[fromitem]\n|-start|p2a: Iron Moth|quarkdrivespe\n|turn|1\n|\n|t:|1699830360\n|-end|p2a: Iron Moth|Quark Drive|[silent]\n|switch|p2a: Ogerpon|Ogerpon-Wellspring, F|100\/100\n|switch|p1a: Heatran|Heatran, F|100\/100\n|\n|upkeep\n|turn|2\n|\n|t:|1699830373\n|switch|p1a: Rillaboom|Rillaboom, F|100\/100\n|-fieldstart|move: Grassy Terrain|[from] ability: Grassy Surge|[of] p1a: Rillaboom\n|move|p2a: Ogerpon|Spikes|p1a: Rillaboom\n|-sidestart|p1: klsts|Spikes\n|\n|upkeep\n|turn|3\n|\n|t:|1699830381\n|switch|p2a: Iron Moth|Iron Moth|100\/100\n|move|p1a: Rillaboom|Knock Off|p2a: Iron Moth\n|-damage|p2a: Iron Moth|72\/100\n|\n|-heal|p2a: Iron Moth|78\/100|[from] Grassy Terrain\n|upkeep\n|turn|4\n|\n|t:|1699830392\n|switch|p1a: Heatran|Heatran, F|100\/100\n|-damage|p1a: Heatran|88\/100|[from] Spikes\n|move|p2a: Iron Moth|Psychic|p1a: Heatran\n|-resisted|p1a: Heatran\n|-damage|p1a: Heatran|74\/100\n|\n|-heal|p2a: Iron Moth|84\/100|[from] Grassy Terrain\n|-heal|p1a: Heatran|80\/100|[from] Grassy Terrain\n|-heal|p1a: Heatran|86\/100|[from] item: Leftovers\n|upkeep\n|turn|5\n|inactive|Battle timer is ON: inactive players will automatically lose when time's up. (requested by klsts)\n|\n|t:|1699830415\n|-end|p2a: Iron Moth|Quark Drive|[silent]\n|switch|p2a: Great Tusk|Great Tusk|100\/100\n|-enditem|p2a: Great Tusk|Booster Energy\n|-activate|p2a: Great Tusk|ability: Protosynthesis|[fromitem]\n|-start|p2a: Great Tusk|protosynthesisspe\n|move|p1a: Heatran|Flamethrower|p2a: Great Tusk\n|-damage|p2a: Great Tusk|44\/100\n|\n|-heal|p2a: Great Tusk|50\/100|[from] Grassy Terrain\n|-heal|p1a: Heatran|93\/100|[from] Grassy Terrain\n|-heal|p1a: Heatran|99\/100|[from] item: Leftovers\n|upkeep\n|turn|6\n|\n|t:|1699830433\n|switch|p1a: Thundurus|Thundurus-Therian, M|100\/100\n|move|p2a: Great Tusk|Headlong Rush|p1a: Thundurus\n|-immune|p1a: Thundurus\n|\n|-heal|p2a: Great Tusk|56\/100|[from] Grassy Terrain\n|-fieldend|move: Grassy Terrain\n|upkeep\n|turn|7\n|\n|t:|1699830452\n|move|p2a: Great Tusk|Ice Spinner|p1a: Thundurus\n|-supereffective|p1a: Thundurus\n|-damage|p1a: Thundurus|25\/100\n|move|p1a: Thundurus|Grass Knot|p2a: Great Tusk\n|-supereffective|p2a: Great Tusk\n|-crit|p2a: Great Tusk\n|-damage|p2a: Great Tusk|0 fnt\n|faint|p2a: Great Tusk\n|-end|p2a: Great Tusk|Protosynthesis|[silent]\n|\n|upkeep\n|inactive|Tavixy has 120 seconds left.\n|\n|t:|1699830471\n|switch|p2a: Ogerpon|Ogerpon-Wellspring, F|100\/100\n|turn|8\n|\n|t:|1699830482\n|switch|p1a: Rillaboom|Rillaboom, F|100\/100\n|-damage|p1a: Rillaboom|88\/100|[from] Spikes\n|-fieldstart|move: Grassy Terrain|[from] ability: Grassy Surge|[of] p1a: Rillaboom\n|move|p2a: Ogerpon|U-turn|p1a: Rillaboom\n|-supereffective|p1a: Rillaboom\n|-damage|p1a: Rillaboom|29\/100\n|inactive|Tavixy has 120 seconds left.\n|inactive|Tavixy has 90 seconds left.\n|\n|t:|1699830537\n|switch|p2a: Iron Moth|Iron Moth|84\/100|[from] U-turn\n|\n|-heal|p2a: Iron Moth|90\/100|[from] Grassy Terrain\n|-heal|p1a: Rillaboom|35\/100|[from] Grassy Terrain\n|upkeep\n|turn|9\n|\n|t:|1699830551\n|switch|p1a: Heatran|Heatran, F|99\/100\n|-damage|p1a: Heatran|86\/100|[from] Spikes\n|move|p2a: Iron Moth|Sludge Wave|p1a: Heatran\n|-immune|p1a: Heatran\n|\n|-heal|p2a: Iron Moth|96\/100|[from] Grassy Terrain\n|-heal|p1a: Heatran|93\/100|[from] Grassy Terrain\n|-heal|p1a: Heatran|99\/100|[from] item: Leftovers\n|upkeep\n|turn|10\n|inactive|Tavixy has 90 seconds left.\n|\n|t:|1699830564\n|-end|p2a: Iron Moth|Quark Drive|[silent]\n|switch|p2a: Ogerpon|Ogerpon-Wellspring, F|100\/100\n|move|p1a: Heatran|Earth Power|p2a: Ogerpon\n|-resisted|p2a: Ogerpon\n|-damage|p2a: Ogerpon|82\/100\n|\n|-heal|p2a: Ogerpon|88\/100|[from] Grassy Terrain\n|-heal|p1a: Heatran|100\/100|[from] Grassy Terrain\n|upkeep\n|turn|11\n|inactive|Tavixy has 90 seconds left.\n|\n|t:|1699830579\n|-terastallize|p1a: Heatran|Fairy\n|move|p2a: Ogerpon|Ivy Cudgel|p1a: Heatran\n|-damage|p1a: Heatran|48\/100\n|move|p1a: Heatran|Will-O-Wisp|p2a: Ogerpon\n|-status|p2a: Ogerpon|brn\n|\n|-heal|p2a: Ogerpon|94\/100 brn|[from] Grassy Terrain\n|-heal|p1a: Heatran|55\/100|[from] Grassy Terrain\n|-heal|p1a: Heatran|61\/100|[from] item: Leftovers\n|-damage|p2a: Ogerpon|88\/100 brn|[from] brn\n|upkeep\n|turn|12\n|inactive|Tavixy has 90 seconds left.\n|\n|t:|1699830608\n|move|p2a: Ogerpon|Ivy Cudgel|p1a: Heatran\n|-damage|p1a: Heatran|33\/100\n|move|p1a: Heatran|Flamethrower|p2a: Ogerpon\n|-damage|p2a: Ogerpon|37\/100 brn\n|\n|-heal|p2a: Ogerpon|43\/100 brn|[from] Grassy Terrain\n|-heal|p1a: Heatran|39\/100|[from] Grassy Terrain\n|-heal|p1a: Heatran|46\/100|[from] item: Leftovers\n|-damage|p2a: Ogerpon|37\/100 brn|[from] brn\n|-fieldend|move: Grassy Terrain\n|upkeep\n|turn|13\n|\n|t:|1699830626\n|switch|p1a: Forretress|Forretress, F|100\/100\n|-damage|p1a: Forretress|88\/100|[from] Spikes\n|move|p2a: Ogerpon|U-turn|p1a: Forretress\n|-resisted|p1a: Forretress\n|-damage|p1a: Forretress|83\/100\n|-damage|p2a: Ogerpon|20\/100 brn|[from] item: Rocky Helmet|[of] p1a: Forretress\n|\n|t:|1699830632\n|switch|p2a: Iron Moth|Iron Moth|96\/100|[from] U-turn\n|\n|upkeep\n|turn|14\n|\n|t:|1699830643\n|switch|p1a: Slowking|Slowking-Galar, M|100\/100\n|move|p2a: Iron Moth|Fiery Dance|p1a: Slowking\n|-damage|p1a: Slowking|68\/100\n|-boost|p2a: Iron Moth|spa|1\n|\n|upkeep\n|turn|15\n|inactive|Tavixy has 60 seconds left.\n|\n|t:|1699830677\n|move|p2a: Iron Moth|Psychic|p1a: Slowking\n|-damage|p1a: Slowking|31\/100\n|move|p1a: Slowking|Thunder Wave|p2a: Iron Moth\n|-status|p2a: Iron Moth|par\n|\n|upkeep\n|turn|16\n|inactive|Tavixy has 60 seconds left.\n|\n|t:|1699830702\n|switch|p1a: Ursaluna|Ursaluna, F|100\/100\n|-damage|p1a: Ursaluna|88\/100|[from] Spikes\n|move|p2a: Iron Moth|Fiery Dance|p1a: Ursaluna\n|-damage|p1a: Ursaluna|34\/100\n|-boost|p2a: Iron Moth|spa|1\n|\n|-status|p1a: Ursaluna|brn|[from] item: Flame Orb\n|upkeep\n|turn|17\n|inactive|Tavixy has 60 seconds left.\n|\n|t:|1699830729\n|-end|p2a: Iron Moth|Quark Drive|[silent]\n|switch|p2a: Iron Jugulis|Iron Jugulis|100\/100\n|-enditem|p2a: Iron Jugulis|Booster Energy\n|-activate|p2a: Iron Jugulis|ability: Quark Drive|[fromitem]\n|-start|p2a: Iron Jugulis|quarkdrivespe\n|move|p1a: Ursaluna|High Horsepower|p2a: Iron Jugulis\n|-immune|p2a: Iron Jugulis\n|\n|-damage|p1a: Ursaluna|27\/100 brn|[from] brn\n|upkeep\n|turn|18\n|\n|t:|1699830744\n|switch|p1a: Heatran|Heatran, F, tera:Fairy|46\/100\n|-damage|p1a: Heatran|33\/100|[from] Spikes\n|move|p2a: Iron Jugulis|Dark Pulse|p1a: Heatran\n|-resisted|p1a: Heatran\n|-damage|p1a: Heatran|14\/100\n|\n|-heal|p1a: Heatran|20\/100|[from] item: Leftovers\n|upkeep\n|turn|19\n|\n|t:|1699830761\n|switch|p1a: Forretress|Forretress, F|83\/100\n|-damage|p1a: Forretress|70\/100|[from] Spikes\n|move|p2a: Iron Jugulis|Hurricane|p1a: Forretress\n|-damage|p1a: Forretress|0 fnt\n|faint|p1a: Forretress\n|\n|upkeep\n|\n|t:|1699830774\n|switch|p1a: Slowking|Slowking-Galar, M|64\/100\n|turn|20\n|c|\u2606Tavixy|thank god u terastilized heatran\n|\n|t:|1699830796\n|move|p2a: Iron Jugulis|Dark Pulse|p1a: Slowking\n|-supereffective|p1a: Slowking\n|-damage|p1a: Slowking|3\/100\n|move|p1a: Slowking|Thunder Wave|p2a: Iron Jugulis\n|-status|p2a: Iron Jugulis|par\n|\n|upkeep\n|turn|21\n|\n|t:|1699830809\n|switch|p1a: Rillaboom|Rillaboom, F|35\/100\n|-damage|p1a: Rillaboom|22\/100|[from] Spikes\n|-fieldstart|move: Grassy Terrain|[from] ability: Grassy Surge|[of] p1a: Rillaboom\n|move|p2a: Iron Jugulis|Dark Pulse|p1a: Rillaboom\n|-damage|p1a: Rillaboom|0 fnt\n|faint|p1a: Rillaboom\n|\n|upkeep\n|inactive|klsts has 120 seconds left.\n|\n|t:|1699830832\n|switch|p1a: Thundurus|Thundurus-Therian, M|25\/100\n|turn|22\n|inactive|Tavixy has 60 seconds left.\n|\n|t:|1699830843\n|-end|p2a: Iron Jugulis|Quark Drive|[silent]\n|switch|p2a: TWINKATON|Tinkaton, F|100\/100\n|move|p1a: Thundurus|Thunderbolt|p2a: TWINKATON\n|-damage|p2a: TWINKATON|56\/100\n|\n|-heal|p2a: TWINKATON|62\/100|[from] Grassy Terrain\n|-heal|p2a: TWINKATON|69\/100|[from] item: Leftovers\n|upkeep\n|turn|23\n|inactive|Tavixy has 60 seconds left.\n|\n|t:|1699830857\n|switch|p1a: Slowking|Slowking-Galar, M|36\/100\n|move|p2a: TWINKATON|Stealth Rock|p1a: Slowking\n|-sidestart|p1: klsts|move: Stealth Rock\n|\n|-heal|p2a: TWINKATON|75\/100|[from] Grassy Terrain\n|-heal|p2a: TWINKATON|81\/100|[from] item: Leftovers\n|-heal|p1a: Slowking|42\/100|[from] Grassy Terrain\n|upkeep\n|turn|24\n|\n|t:|1699830875\n|move|p2a: TWINKATON|Gigaton Hammer|p1a: Slowking\n|-damage|p1a: Slowking|5\/100\n|move|p1a: Slowking|Thunder Wave|p2a: TWINKATON\n|-status|p2a: TWINKATON|par\n|\n|-heal|p2a: TWINKATON|87\/100 par|[from] Grassy Terrain\n|-heal|p2a: TWINKATON|93\/100 par|[from] item: Leftovers\n|-heal|p1a: Slowking|11\/100|[from] Grassy Terrain\n|upkeep\n|turn|25\n|\n|t:|1699830887\n|switch|p1a: Heatran|Heatran, F, tera:Fairy|20\/100\n|-damage|p1a: Heatran|8\/100|[from] Spikes\n|-damage|p1a: Heatran|0 fnt|[from] Stealth Rock\n|faint|p1a: Heatran\n|move|p2a: TWINKATON|Play Rough|p1: Heatran|[notarget]\n|-fail|p2a: TWINKATON\n|\n|-heal|p2a: TWINKATON|99\/100 par|[from] Grassy Terrain\n|-heal|p2a: TWINKATON|100\/100 par|[from] item: Leftovers\n|-fieldend|move: Grassy Terrain\n|upkeep\n|\n|t:|1699830897\n|switch|p1a: Ursaluna|Ursaluna, F|27\/100 brn\n|-damage|p1a: Ursaluna|15\/100 brn|[from] Spikes\n|-damage|p1a: Ursaluna|9\/100 brn|[from] Stealth Rock\n|turn|26\n|\n|t:|1699830905\n|switch|p2a: Iron Jugulis|Iron Jugulis|100\/100 par\n|move|p1a: Ursaluna|High Horsepower|p2a: Iron Jugulis\n|-immune|p2a: Iron Jugulis\n|\n|-damage|p1a: Ursaluna|2\/100 brn|[from] brn\n|upkeep\n|turn|27\n|\n|t:|1699830915\n|move|p2a: Iron Jugulis|Dark Pulse|p1a: Ursaluna\n|-damage|p1a: Ursaluna|0 fnt\n|faint|p1a: Ursaluna\n|\n|upkeep\n|c|\u2606Tavixy|hehe\n|\n|t:|1699830920\n|switch|p1a: Thundurus|Thundurus-Therian, M|25\/100\n|turn|28\n|\n|t:|1699830927\n|-end|p2a: Iron Jugulis|Quark Drive|[silent]\n|switch|p2a: TWINKATON|Tinkaton, F|100\/100 par\n|move|p1a: Thundurus|Thunderbolt|p2a: TWINKATON\n|-damage|p2a: TWINKATON|60\/100 par\n|\n|-heal|p2a: TWINKATON|66\/100 par|[from] item: Leftovers\n|upkeep\n|turn|29\n|\n|t:|1699830940\n|switch|p1a: Slowking|Slowking-Galar, M|44\/100\n|cant|p2a: TWINKATON|par\n|\n|-heal|p2a: TWINKATON|73\/100 par|[from] item: Leftovers\n|upkeep\n|turn|30\n|\n|t:|1699830948\n|move|p2a: TWINKATON|Gigaton Hammer|p1a: Slowking\n|-damage|p1a: Slowking|2\/100\n|move|p1a: Slowking|Chilling Water|p2a: TWINKATON\n|-damage|p2a: TWINKATON|60\/100 par\n|-unboost|p2a: TWINKATON|atk|1\n|\n|-heal|p2a: TWINKATON|66\/100 par|[from] item: Leftovers\n|upkeep\n|turn|31\n|\n|t:|1699830959\n|switch|p1a: Thundurus|Thundurus-Therian, M|25\/100\n|cant|p2a: TWINKATON|par\n|\n|-heal|p2a: TWINKATON|73\/100 par|[from] item: Leftovers\n|upkeep\n|turn|32\n|\n|t:|1699830965\n|move|p1a: Thundurus|Thunderbolt|p2a: TWINKATON\n|-damage|p2a: TWINKATON|28\/100 par\n|move|p2a: TWINKATON|Play Rough|p1a: Thundurus\n|-damage|p1a: Thundurus|0 fnt\n|faint|p1a: Thundurus\n|\n|-heal|p2a: TWINKATON|34\/100 par|[from] item: Leftovers\n|upkeep\n|\n|t:|1699830973\n|switch|p1a: Slowking|Slowking-Galar, M|35\/100\n|turn|33\n|c|\u2606Tavixy|TWINK TWINK TWINK\n|\n|t:|1699830980\n|move|p2a: TWINKATON|Play Rough|p1a: Slowking\n|-resisted|p1a: Slowking\n|-damage|p1a: Slowking|27\/100\n|move|p1a: Slowking|Chilling Water|p2a: TWINKATON\n|-damage|p2a: TWINKATON|21\/100 par\n|-unboost|p2a: TWINKATON|atk|1\n|\n|-heal|p2a: TWINKATON|28\/100 par|[from] item: Leftovers\n|upkeep\n|turn|34\n|\n|t:|1699830988\n|move|p2a: TWINKATON|Gigaton Hammer|p1a: Slowking\n|-damage|p1a: Slowking|8\/100\n|move|p1a: Slowking|Eerie Spell|p2a: TWINKATON\n|-resisted|p2a: TWINKATON\n|-damage|p2a: TWINKATON|11\/100 par\n|-activate|p2a: TWINKATON|move: Eerie Spell|Gigaton Hammer|3\n|\n|-heal|p2a: TWINKATON|18\/100 par|[from] item: Leftovers\n|upkeep\n|turn|35\n|\n|t:|1699830997\n|cant|p2a: TWINKATON|par\n|move|p1a: Slowking|Chilling Water|p2a: TWINKATON\n|-damage|p2a: TWINKATON|4\/100 par\n|-unboost|p2a: TWINKATON|atk|1\n|\n|-heal|p2a: TWINKATON|10\/100 par|[from] item: Leftovers\n|upkeep\n|turn|36\n|\n|t:|1699831004\n|move|p2a: TWINKATON|Play Rough|p1a: Slowking|[miss]\n|-miss|p2a: TWINKATON|p1a: Slowking\n|move|p1a: Slowking|Chilling Water|p2a: TWINKATON\n|-damage|p2a: TWINKATON|0 fnt\n|faint|p2a: TWINKATON\n|\n|upkeep\n|c|\u2606Tavixy|NEVER GIVE UP\n|c|\u2606Tavixy|NEVER WHAT\n|c|\u2606Tavixy|NOOOOO\n|\n|t:|1699831017\n|switch|p2a: Dragapult|Dragapult, M|100\/100\n|turn|37\n|c|\u2606Tavixy|ok die bitch\n|\n|t:|1699831027\n|move|p2a: Dragapult|Shadow Ball|p1a: Slowking\n|-supereffective|p1a: Slowking\n|-damage|p1a: Slowking|0 fnt\n|faint|p1a: Slowking\n|\n|win|Tavixy\n|raw|klsts's rating: 1078 &rarr; <strong>1059<\/strong><br \/>(-19 for losing)\n|raw|Tavixy's rating: 1116 &rarr; <strong>1138<\/strong><br \/>(+22 for winning)\n","uploadtime":1699831024,"views":9,"p1id":"klsts","p2id":"tavixy","formatid":"gen9ou","rating":1059,"private":0,"password":""}