{"id":"gen9ou-1995310816","p1":"OU noooob 1","p2":"meowsaucemeow","format":"[Gen 9] OU","log":"|j|\u2606OU noooob 1\n|j|\u2606meowsaucemeow\n|t:|1700551465\n|gametype|singles\n|player|p1|OU noooob 1|preschooler|1148\n|player|p2|meowsaucemeow|169|1193\n|teamsize|p1|6\n|teamsize|p2|6\n|gen|9\n|tier|[Gen 9] OU\n|rated|\n|rule|Sleep Clause Mod: Limit one foe put to sleep\n|rule|Species Clause: Limit one of each Pok\u00e9mon\n|rule|OHKO Clause: OHKO moves are banned\n|rule|Evasion Items Clause: Evasion items are banned\n|rule|Evasion Moves Clause: Evasion moves are banned\n|rule|Endless Battle Clause: Forcing endless battles is banned\n|rule|HP Percentage Mod: HP is shown in percentages\n|clearpoke\n|poke|p1|Iron Moth|\n|poke|p1|Iron Valiant|\n|poke|p1|Kingambit, F|\n|poke|p1|Great Tusk|\n|poke|p1|Samurott-Hisui, M|\n|poke|p1|Enamorus, F|\n|poke|p2|Alomomola, F|\n|poke|p2|Slowking-Galar, F|\n|poke|p2|Kingambit, F|\n|poke|p2|Great Tusk|\n|poke|p2|Cinderace, F|\n|poke|p2|Thundurus-Therian, M|\n|teampreview\n|inactive|Battle timer is ON: inactive players will automatically lose when time's up. (requested by meowsaucemeow)\n|\n|t:|1700551483\n|start\n|switch|p1a: Great Tusk|Great Tusk|100\/100\n|switch|p2a: thorny boi|Great Tusk|100\/100\n|-enditem|p1a: Great Tusk|Booster Energy\n|-activate|p1a: Great Tusk|ability: Protosynthesis|[fromitem]\n|-start|p1a: Great Tusk|protosynthesisspe\n|turn|1\n|j| daisuu514\n|j| Coffee&whiskey\n|\n|t:|1700551506\n|move|p1a: Great Tusk|Bulk Up|p1a: Great Tusk\n|-boost|p1a: Great Tusk|atk|1\n|-boost|p1a: Great Tusk|def|1\n|move|p2a: thorny boi|Stealth Rock|p1a: Great Tusk\n|-sidestart|p1: OU noooob 1|move: Stealth Rock\n|\n|upkeep\n|turn|2\n|inactive|meowsaucemeow has 120 seconds left.\n|\n|t:|1700551533\n|-end|p2a: thorny boi|Protosynthesis|[silent]\n|switch|p2a: hannah|Alomomola, F|100\/100\n|move|p1a: Great Tusk|Bulk Up|p1a: Great Tusk\n|-boost|p1a: Great Tusk|atk|1\n|-boost|p1a: Great Tusk|def|1\n|\n|upkeep\n|turn|3\n|\n|t:|1700551538\n|move|p1a: Great Tusk|Headlong Rush|p2a: hannah\n|-damage|p2a: hannah|38\/100\n|-unboost|p1a: Great Tusk|def|1\n|-unboost|p1a: Great Tusk|spd|1\n|-enditem|p2a: hannah|Red Card|[of] p1a: Great Tusk\n|-end|p1a: Great Tusk|Protosynthesis|[silent]\n|drag|p1a: Samurott|Samurott-Hisui, M|100\/100\n|-damage|p1a: Samurott|88\/100|[from] Stealth Rock\n|move|p2a: hannah|Scald|p1a: Samurott\n|-resisted|p1a: Samurott\n|-damage|p1a: Samurott|78\/100\n|-status|p1a: Samurott|brn\n|\n|-damage|p1a: Samurott|72\/100 brn|[from] brn\n|upkeep\n|turn|4\n|c| daisuu514|damn\n|c| daisuu514|that scald burn hurts\n|c|\u2606meowsaucemeow|unlucky for sure\n|inactive|meowsaucemeow has 120 seconds left.\n|inactive|OU noooob 1 has 120 seconds left.\n|c|\u2606OU noooob 1|not unlucky\n|c|\u2606OU noooob 1|that's the game\n|\n|t:|1700551576\n|switch|p2a: ror|Thundurus-Therian, M|100\/100\n|move|p1a: Samurott|Ceaseless Edge|p2a: ror\n|-crit|p2a: ror\n|-damage|p2a: ror|54\/100\n|-sidestart|p2: meowsaucemeow|Spikes\n|\n|-damage|p1a: Samurott|66\/100 brn|[from] brn\n|upkeep\n|turn|5\n|\n|t:|1700551595\n|move|p1a: Samurott|Sucker Punch|p2a: ror\n|-damage|p2a: ror|29\/100\n|move|p2a: ror|Grass Knot|p1a: Samurott\n|-supereffective|p1a: Samurott\n|-damage|p1a: Samurott|0 fnt\n|faint|p1a: Samurott\n|\n|upkeep\n|l| Coffee&whiskey\n|\n|t:|1700551606\n|switch|p1a: Iron Moth|Iron Moth|100\/100\n|-damage|p1a: Iron Moth|76\/100|[from] Stealth Rock\n|-enditem|p1a: Iron Moth|Booster Energy\n|-activate|p1a: Iron Moth|ability: Quark Drive|[fromitem]\n|-start|p1a: Iron Moth|quarkdrivespe\n|turn|6\n|\n|t:|1700551617\n|switch|p2a: big stinky|Slowking-Galar, F|100\/100\n|-damage|p2a: big stinky|88\/100|[from] Spikes\n|move|p1a: Iron Moth|Fiery Dance|p2a: big stinky\n|-damage|p2a: big stinky|72\/100\n|-boost|p1a: Iron Moth|spa|1\n|\n|upkeep\n|turn|7\n|\n|t:|1700551625\n|move|p1a: Iron Moth|Substitute|p1a: Iron Moth\n|-start|p1a: Iron Moth|Substitute\n|-damage|p1a: Iron Moth|51\/100\n|move|p2a: big stinky|Future Sight|p1a: Iron Moth\n|-start|p2a: big stinky|move: Future Sight\n|\n|upkeep\n|turn|8\n|\n|t:|1700551630\n|move|p1a: Iron Moth|Fiery Dance|p2a: big stinky\n|-damage|p2a: big stinky|46\/100\n|-boost|p1a: Iron Moth|spa|1\n|move|p2a: big stinky|Hydro Pump|p1a: Iron Moth\n|-supereffective|p1a: Iron Moth\n|-end|p1a: Iron Moth|Substitute\n|\n|upkeep\n|turn|9\n|\n|t:|1700551639\n|-terastallize|p1a: Iron Moth|Water\n|move|p1a: Iron Moth|Fiery Dance|p2a: big stinky\n|-damage|p2a: big stinky|15\/100\n|-boost|p1a: Iron Moth|spa|1\n|move|p2a: big stinky|Hydro Pump|p1a: Iron Moth\n|-resisted|p1a: Iron Moth\n|-damage|p1a: Iron Moth|35\/100\n|\n|-end|p1a: Iron Moth|move: Future Sight\n|-damage|p1a: Iron Moth|0 fnt\n|faint|p1a: Iron Moth\n|-end|p1a: Iron Moth|Quark Drive|[silent]\n|upkeep\n|j| Coffee&whiskey\n|inactive|OU noooob 1 has 120 seconds left.\n|l| Coffee&whiskey\n|inactive|OU noooob 1 has 90 seconds left.\n|j| Coffee&whiskey\n|\n|t:|1700551696\n|switch|p1a: Great Tusk|Great Tusk|100\/100\n|-damage|p1a: Great Tusk|98\/100|[from] Stealth Rock\n|turn|10\n|\n|t:|1700551713\n|switch|p2a: hannah|Alomomola, F|71\/100\n|-damage|p2a: hannah|59\/100|[from] Spikes\n|move|p1a: Great Tusk|Ice Spinner|p2a: hannah\n|-resisted|p2a: hannah\n|-damage|p2a: hannah|52\/100\n|\n|upkeep\n|turn|11\n|\n|t:|1700551726\n|move|p1a: Great Tusk|Headlong Rush|p2a: hannah\n|-damage|p2a: hannah|18\/100\n|-unboost|p1a: Great Tusk|def|1\n|-unboost|p1a: Great Tusk|spd|1\n|move|p2a: hannah|Scald|p1a: Great Tusk\n|-supereffective|p1a: Great Tusk\n|-damage|p1a: Great Tusk|47\/100\n|\n|upkeep\n|turn|12\n|\n|t:|1700551740\n|switch|p2a: ror|Thundurus-Therian, M|29\/100\n|move|p1a: Great Tusk|Headlong Rush|p2a: ror\n|-immune|p2a: ror\n|\n|upkeep\n|turn|13\n|\n|t:|1700551748\n|move|p2a: ror|Grass Knot|p1a: Great Tusk\n|-supereffective|p1a: Great Tusk\n|-damage|p1a: Great Tusk|0 fnt\n|faint|p1a: Great Tusk\n|-end|p1a: Great Tusk|Protosynthesis|[silent]\n|\n|upkeep\n|inactive|OU noooob 1 has 90 seconds left.\n|\n|t:|1700551770\n|switch|p1a: Enamorus|Enamorus, F|100\/100\n|-damage|p1a: Enamorus|76\/100|[from] Stealth Rock\n|turn|14\n|\n|t:|1700551780\n|switch|p2a: big stinky|Slowking-Galar, F|49\/100\n|-damage|p2a: big stinky|36\/100|[from] Spikes\n|move|p1a: Enamorus|Calm Mind|p1a: Enamorus\n|-boost|p1a: Enamorus|spa|1\n|-boost|p1a: Enamorus|spd|1\n|\n|-heal|p1a: Enamorus|82\/100|[from] item: Leftovers\n|upkeep\n|turn|15\n|\n|t:|1700551784\n|move|p1a: Enamorus|Earth Power|p2a: big stinky\n|-supereffective|p2a: big stinky\n|-damage|p2a: big stinky|5\/100\n|move|p2a: big stinky|Sludge Bomb|p1a: Enamorus\n|-supereffective|p1a: Enamorus\n|-damage|p1a: Enamorus|25\/100\n|\n|-heal|p1a: Enamorus|31\/100|[from] item: Leftovers\n|upkeep\n|turn|16\n|\n|t:|1700551789\n|switch|p2a: ror|Thundurus-Therian, M|29\/100\n|move|p1a: Enamorus|Moonblast|p2a: ror\n|-damage|p2a: ror|0 fnt\n|faint|p2a: ror\n|\n|-heal|p1a: Enamorus|37\/100|[from] item: Leftovers\n|upkeep\n|\n|t:|1700551799\n|switch|p2a: big stinky|Slowking-Galar, F|38\/100\n|-damage|p2a: big stinky|25\/100|[from] Spikes\n|turn|17\n|\n|t:|1700551809\n|switch|p2a: thorny boi|Great Tusk|100\/100\n|-damage|p2a: thorny boi|88\/100|[from] Spikes\n|move|p1a: Enamorus|Earth Power|p2a: thorny boi\n|-damage|p2a: thorny boi|17\/100\n|\n|-heal|p1a: Enamorus|43\/100|[from] item: Leftovers\n|upkeep\n|turn|18\n|\n|t:|1700551815\n|move|p1a: Enamorus|Earth Power|p2a: thorny boi\n|-damage|p2a: thorny boi|0 fnt\n|faint|p2a: thorny boi\n|-end|p2a: thorny boi|Protosynthesis|[silent]\n|\n|-heal|p1a: Enamorus|49\/100|[from] item: Leftovers\n|upkeep\n|\n|t:|1700551816\n|switch|p2a: big stinky|Slowking-Galar, F|59\/100\n|-damage|p2a: big stinky|46\/100|[from] Spikes\n|turn|19\n|\n|t:|1700551825\n|move|p1a: Enamorus|Agility|p1a: Enamorus\n|-boost|p1a: Enamorus|spe|2\n|move|p2a: big stinky|Sludge Bomb|p1a: Enamorus\n|-supereffective|p1a: Enamorus\n|-damage|p1a: Enamorus|0 fnt\n|faint|p1a: Enamorus\n|\n|upkeep\n|\n|t:|1700551835\n|switch|p1a: Kingambit|Kingambit, F|100\/100\n|-damage|p1a: Kingambit|94\/100|[from] Stealth Rock\n|-activate|p1a: Kingambit|ability: Supreme Overlord\n|-start|p1a: Kingambit|fallen4|[silent]\n|turn|20\n|\n|t:|1700551844\n|switch|p2a: hannah|Alomomola, F|52\/100\n|-damage|p2a: hannah|39\/100|[from] Spikes\n|move|p1a: Kingambit|Swords Dance|p1a: Kingambit\n|-boost|p1a: Kingambit|atk|2\n|\n|upkeep\n|turn|21\n|\n|t:|1700551852\n|move|p1a: Kingambit|Kowtow Cleave|p2a: hannah\n|-damage|p2a: hannah|0 fnt\n|faint|p2a: hannah\n|\n|upkeep\n|\n|t:|1700551856\n|switch|p2a: slippy frog|Cinderace, F|100\/100\n|turn|22\n|\n|t:|1700551862\n|move|p1a: Kingambit|Sucker Punch|p2a: slippy frog\n|-damage|p2a: slippy frog|0 fnt\n|faint|p2a: slippy frog\n|\n|upkeep\n|\n|t:|1700551865\n|switch|p2a: yorick|Kingambit, F|100\/100\n|-damage|p2a: yorick|88\/100|[from] Spikes\n|-activate|p2a: yorick|ability: Supreme Overlord\n|-start|p2a: yorick|fallen4|[silent]\n|turn|23\n|\n|t:|1700551883\n|move|p1a: Kingambit|Kowtow Cleave|p2a: yorick\n|-resisted|p2a: yorick\n|-damage|p2a: yorick|31\/100\n|move|p2a: yorick|Swords Dance|p2a: yorick\n|-boost|p2a: yorick|atk|2\n|\n|-heal|p2a: yorick|37\/100|[from] item: Leftovers\n|upkeep\n|turn|24\n|\n|t:|1700551893\n|move|p1a: Kingambit|Sucker Punch|p2a: yorick\n|-resisted|p2a: yorick\n|-damage|p2a: yorick|0 fnt\n|faint|p2a: yorick\n|-end|p2a: yorick|fallen4|[silent]\n|\n|upkeep\n|-message|meowsaucemeow forfeited.\n|\n|win|OU noooob 1\n|raw|OU noooob 1's rating: 1148 &rarr; <strong>1178<\/strong><br \/>(+30 for winning)\n|raw|meowsaucemeow's rating: 1219 &rarr; <strong>1189<\/strong><br \/>(-30 for losing)\n|l|\u2606meowsaucemeow\n","uploadtime":1700551901,"views":2,"p1id":"ounoooob1","p2id":"meowsaucemeow","formatid":"gen9ou","rating":1178,"private":0,"password":""}