{"id":"gen9ou-1990968899","p1":"BKDAFEARLESS1","p2":"dinklebergggg","format":"[Gen 9] OU","log":"|j|\u2606BKDAFEARLESS1\n|j|\u2606dinklebergggg\n|t:|1700021201\n|gametype|singles\n|player|p1|BKDAFEARLESS1|hiker-gen4|1155\n|player|p2|dinklebergggg|swimmer-gen4dp|1182\n|teamsize|p1|6\n|teamsize|p2|6\n|gen|9\n|tier|[Gen 9] OU\n|rated|\n|rule|Sleep Clause Mod: Limit one foe put to sleep\n|rule|Species Clause: Limit one of each Pok\u00e9mon\n|rule|OHKO Clause: OHKO moves are banned\n|rule|Evasion Items Clause: Evasion items are banned\n|rule|Evasion Moves Clause: Evasion moves are banned\n|rule|Endless Battle Clause: Forcing endless battles is banned\n|rule|HP Percentage Mod: HP is shown in percentages\n|clearpoke\n|poke|p1|Okidogi, M|\n|poke|p1|Salamence, F|\n|poke|p1|Kingambit, F|\n|poke|p1|Ogerpon, F|\n|poke|p1|Ursaluna, M|\n|poke|p1|Great Tusk|\n|poke|p2|Leavanny, M|\n|poke|p2|Manaphy|\n|poke|p2|Shaymin|\n|poke|p2|Kommo-o, F|\n|poke|p2|Clefable, M|\n|poke|p2|Sinistcha-Masterpiece|\n|teampreview\n|inactive|Battle timer is ON: inactive players will automatically lose when time's up. (requested by BKDAFEARLESS1)\n|c|\u2606BKDAFEARLESS1|glhf\n|c|\u2606BKDAFEARLESS1|glhf\n|\n|t:|1700021214\n|start\n|switch|p1a: Great Tusk|Great Tusk|100\/100\n|switch|p2a: Leavanny|Leavanny, M|100\/100\n|-enditem|p1a: Great Tusk|Booster Energy\n|-activate|p1a: Great Tusk|ability: Protosynthesis|[fromitem]\n|-start|p1a: Great Tusk|protosynthesisatk\n|turn|1\n|\n|t:|1700021223\n|move|p2a: Leavanny|Leaf Blade|p1a: Great Tusk\n|-supereffective|p1a: Great Tusk\n|-damage|p1a: Great Tusk|48\/100\n|move|p1a: Great Tusk|Bulk Up|p1a: Great Tusk\n|-boost|p1a: Great Tusk|atk|1\n|-boost|p1a: Great Tusk|def|1\n|\n|upkeep\n|turn|2\n|\n|t:|1700021240\n|move|p2a: Leavanny|Leaf Blade|p1a: Great Tusk\n|-supereffective|p1a: Great Tusk\n|-damage|p1a: Great Tusk|13\/100\n|move|p1a: Great Tusk|Knock Off|p2a: Leavanny\n|-damage|p2a: Leavanny|0 fnt\n|-enditem|p2a: Leavanny|Heavy-Duty Boots|[from] move: Knock Off|[of] p1a: Great Tusk\n|faint|p2a: Leavanny\n|\n|upkeep\n|\n|t:|1700021254\n|switch|p2a: Manaphy|Manaphy|100\/100\n|turn|3\n|\n|t:|1700021257\n|move|p2a: Manaphy|Ice Beam|p1a: Great Tusk\n|-supereffective|p1a: Great Tusk\n|-damage|p1a: Great Tusk|0 fnt\n|faint|p1a: Great Tusk\n|-end|p1a: Great Tusk|Protosynthesis|[silent]\n|\n|upkeep\n|\n|t:|1700021263\n|switch|p1a: Explorador|Ogerpon, F|100\/100\n|turn|4\n|\n|t:|1700021267\n|switch|p2a: Sinistcha|Sinistcha-Masterpiece|100\/100\n|move|p1a: Explorador|Ivy Cudgel|p2a: Sinistcha\n|-resisted|p2a: Sinistcha\n|-damage|p2a: Sinistcha|76\/100\n|\n|-heal|p2a: Sinistcha|82\/100|[from] item: Leftovers\n|upkeep\n|turn|5\n|\n|t:|1700021275\n|switch|p1a: Continuar|Salamence, F|100\/100\n|move|p2a: Sinistcha|Nasty Plot|p2a: Sinistcha\n|-boost|p2a: Sinistcha|spa|2\n|\n|-heal|p2a: Sinistcha|88\/100|[from] item: Leftovers\n|upkeep\n|turn|6\n|\n|t:|1700021283\n|move|p1a: Continuar|Dragon Dance|p1a: Continuar\n|-boost|p1a: Continuar|atk|1\n|-boost|p1a: Continuar|spe|1\n|move|p2a: Sinistcha|Shadow Ball|p1a: Continuar\n|-damage|p1a: Continuar|6\/100\n|\n|-heal|p2a: Sinistcha|94\/100|[from] item: Leftovers\n|upkeep\n|turn|7\n|\n|t:|1700021293\n|switch|p2a: Clefable|Clefable, M|100\/100\n|move|p1a: Continuar|Dual Wingbeat|p2a: Clefable\n|-damage|p2a: Clefable|68\/100\n|-damage|p2a: Clefable|37\/100\n|-hitcount|p2a: Clefable|2\n|\n|-heal|p2a: Clefable|43\/100|[from] item: Leftovers\n|upkeep\n|turn|8\n|\n|t:|1700021301\n|move|p1a: Continuar|Earthquake|p2a: Clefable\n|-damage|p2a: Clefable|0 fnt\n|faint|p2a: Clefable\n|-ability|p1a: Continuar|Moxie|boost\n|-boost|p1a: Continuar|atk|1\n|\n|upkeep\n|\n|t:|1700021327\n|switch|p2a: Kommo-o|Kommo-o, F|100\/100\n|turn|9\n|\n|t:|1700021332\n|-terastallize|p2a: Kommo-o|Dragon\n|move|p1a: Continuar|Dragon Claw|p2a: Kommo-o\n|-supereffective|p2a: Kommo-o\n|-crit|p2a: Kommo-o\n|-damage|p2a: Kommo-o|0 fnt\n|faint|p2a: Kommo-o\n|-ability|p1a: Continuar|Moxie|boost\n|-boost|p1a: Continuar|atk|1\n|\n|upkeep\n|-message|dinklebergggg forfeited.\n|\n|win|BKDAFEARLESS1\n|raw|BKDAFEARLESS1's rating: 1155 &rarr; <strong>1182<\/strong><br \/>(+27 for winning)\n|raw|dinklebergggg's rating: 1182 &rarr; <strong>1155<\/strong><br \/>(-27 for losing)\n|l|\u2606dinklebergggg\n","uploadtime":1700021341,"views":17,"p1id":"bkdafearless1","p2id":"dinklebergggg","formatid":"gen9ou","rating":1155,"private":0,"password":""}