{"id":"gen9ou-1996479373","p1":"Pokemonouuu","p2":"TrueSkyKing","format":"[Gen 9] OU","log":"|j|\u2606Pokemonouuu\n|j|\u2606TrueSkyKing\n|t:|1700686017\n|gametype|singles\n|player|p1|Pokemonouuu|169|1137\n|player|p2|TrueSkyKing|red|1190\n|teamsize|p1|6\n|teamsize|p2|6\n|gen|9\n|tier|[Gen 9] OU\n|rated|\n|rule|Sleep Clause Mod: Limit one foe put to sleep\n|rule|Species Clause: Limit one of each Pok\u00e9mon\n|rule|OHKO Clause: OHKO moves are banned\n|rule|Evasion Items Clause: Evasion items are banned\n|rule|Evasion Moves Clause: Evasion moves are banned\n|rule|Endless Battle Clause: Forcing endless battles is banned\n|rule|HP Percentage Mod: HP is shown in percentages\n|clearpoke\n|poke|p1|Gligar, F|\n|poke|p1|Toxapex, M|\n|poke|p1|Manaphy|\n|poke|p1|Iron Moth|\n|poke|p1|Scizor, F|\n|poke|p1|Hatterene, F|\n|poke|p2|Zapdos-Galar|\n|poke|p2|Meowscarada, M|\n|poke|p2|Goodra-Hisui, M|\n|poke|p2|Rotom-Wash|\n|poke|p2|Ting-Lu|\n|poke|p2|Arcanine-Hisui, M|\n|teampreview\n|inactive|Battle timer is ON: inactive players will automatically lose when time's up. (requested by TrueSkyKing)\n|\n|t:|1700686025\n|start\n|switch|p1a: Gligar|Gligar, F|100\/100\n|switch|p2a: Def Leppard|Meowscarada, M|100\/100\n|turn|1\n|\n|t:|1700686035\n|switch|p1a: Hatterene|Hatterene, F|100\/100\n|move|p2a: Def Leppard|Knock Off|p1a: Hatterene\n|-start|p2a: Def Leppard|typechange|Dark|[from] ability: Protean\n|-damage|p1a: Hatterene|52\/100\n|-enditem|p1a: Hatterene|Leftovers|[from] move: Knock Off|[of] p2a: Def Leppard\n|\n|upkeep\n|turn|2\n|\n|t:|1700686049\n|move|p2a: Def Leppard|U-turn|p1a: Hatterene\n|-damage|p1a: Hatterene|30\/100\n|\n|t:|1700686052\n|switch|p2a: Deltarune|Ting-Lu|100\/100|[from] U-turn\n|-ability|p2a: Deltarune|Vessel of Ruin\n|move|p1a: Hatterene|Dazzling Gleam|p2a: Deltarune\n|-supereffective|p2a: Deltarune\n|-damage|p2a: Deltarune|46\/100\n|\n|-heal|p2a: Deltarune|52\/100|[from] item: Leftovers\n|upkeep\n|turn|3\n|\n|t:|1700686064\n|move|p2a: Deltarune|Earthquake|p1a: Hatterene\n|-damage|p1a: Hatterene|0 fnt\n|faint|p1a: Hatterene\n|\n|-heal|p2a: Deltarune|58\/100|[from] item: Leftovers\n|upkeep\n|\n|t:|1700686069\n|switch|p1a: Gligar|Gligar, F|100\/100\n|turn|4\n|\n|t:|1700686074\n|move|p1a: Gligar|Substitute|p1a: Gligar\n|-start|p1a: Gligar|Substitute\n|-damage|p1a: Gligar|75\/100\n|move|p2a: Deltarune|Whirlwind|p1a: Gligar\n|drag|p1a: Manaphy|Manaphy|100\/100\n|\n|-heal|p2a: Deltarune|64\/100|[from] item: Leftovers\n|upkeep\n|turn|5\n|\n|t:|1700686082\n|switch|p2a: Jello Shot|Goodra-Hisui, M|100\/100\n|move|p1a: Manaphy|Scald|p2a: Jello Shot\n|-resisted|p2a: Jello Shot\n|-damage|p2a: Jello Shot|91\/100\n|-status|p2a: Jello Shot|brn\n|\n|-damage|p2a: Jello Shot|85\/100 brn|[from] brn\n|upkeep\n|turn|6\n|\n|t:|1700686097\n|switch|p1a: Scizor|Scizor, F|100\/100\n|move|p2a: Jello Shot|Knock Off|p1a: Scizor\n|-damage|p1a: Scizor|91\/100\n|-enditem|p1a: Scizor|Metal Coat|[from] move: Knock Off|[of] p2a: Jello Shot\n|\n|-damage|p2a: Jello Shot|79\/100 brn|[from] brn\n|upkeep\n|turn|7\n|\n|t:|1700686112\n|switch|p2a: Deltarune|Ting-Lu|64\/100\n|-ability|p2a: Deltarune|Vessel of Ruin\n|move|p1a: Scizor|Swords Dance|p1a: Scizor\n|-boost|p1a: Scizor|atk|2\n|\n|-heal|p2a: Deltarune|70\/100|[from] item: Leftovers\n|upkeep\n|turn|8\n|\n|t:|1700686116\n|move|p1a: Scizor|Trailblaze|p2a: Deltarune\n|-supereffective|p2a: Deltarune\n|-damage|p2a: Deltarune|23\/100\n|-boost|p1a: Scizor|spe|1\n|move|p2a: Deltarune|Whirlwind|p1a: Scizor\n|drag|p1a: Manaphy|Manaphy|100\/100\n|\n|-heal|p2a: Deltarune|29\/100|[from] item: Leftovers\n|upkeep\n|turn|9\n|\n|t:|1700686121\n|move|p2a: Deltarune|Protect|p2a: Deltarune\n|-singleturn|p2a: Deltarune|Protect\n|move|p1a: Manaphy|Take Heart|p1a: Manaphy\n|-boost|p1a: Manaphy|spa|1\n|-boost|p1a: Manaphy|spd|1\n|\n|-heal|p2a: Deltarune|36\/100|[from] item: Leftovers\n|upkeep\n|turn|10\n|\n|t:|1700686130\n|move|p1a: Manaphy|Scald|p2a: Deltarune\n|-supereffective|p2a: Deltarune\n|-damage|p2a: Deltarune|0 fnt\n|faint|p2a: Deltarune\n|\n|upkeep\n|\n|t:|1700686139\n|switch|p2a: Pyromania|Arcanine-Hisui, M|100\/100\n|turn|11\n|\n|t:|1700686147\n|switch|p1a: Gligar|Gligar, F|75\/100\n|move|p2a: Pyromania|Wild Charge|p1a: Gligar\n|-immune|p1a: Gligar\n|\n|upkeep\n|turn|12\n|\n|t:|1700686154\n|switch|p2a: Mothership|Rotom-Wash|100\/100\n|move|p1a: Gligar|Substitute|p1a: Gligar\n|-start|p1a: Gligar|Substitute\n|-damage|p1a: Gligar|50\/100\n|\n|upkeep\n|turn|13\n|\n|t:|1700686158\n|move|p2a: Mothership|Hydro Pump|p1a: Gligar\n|-supereffective|p1a: Gligar\n|-end|p1a: Gligar|Substitute\n|move|p1a: Gligar|Swords Dance|p1a: Gligar\n|-boost|p1a: Gligar|atk|2\n|\n|upkeep\n|turn|14\n|\n|t:|1700686170\n|switch|p1a: Toxapex|Toxapex, M|100\/100\n|move|p2a: Mothership|Will-O-Wisp|p1a: Toxapex\n|-status|p1a: Toxapex|brn\n|\n|-damage|p1a: Toxapex|94\/100 brn|[from] brn\n|upkeep\n|turn|15\n|\n|t:|1700686179\n|move|p2a: Mothership|Volt Switch|p1a: Toxapex\n|-supereffective|p1a: Toxapex\n|-damage|p1a: Toxapex|42\/100 brn\n|\n|t:|1700686185\n|switch|p2a: Jello Shot|Goodra-Hisui, M|79\/100 brn|[from] Volt Switch\n|move|p1a: Toxapex|Toxic||[still]\n|-fail|p1a: Toxapex\n|\n|-heal|p1a: Toxapex|49\/100 brn|[from] item: Black Sludge\n|-damage|p2a: Jello Shot|73\/100 brn|[from] brn\n|-damage|p1a: Toxapex|42\/100 brn|[from] brn\n|upkeep\n|turn|16\n|\n|t:|1700686193\n|move|p2a: Jello Shot|Knock Off|p1a: Toxapex\n|-damage|p1a: Toxapex|36\/100 brn\n|-enditem|p1a: Toxapex|Black Sludge|[from] move: Knock Off|[of] p2a: Jello Shot\n|move|p1a: Toxapex|Recover|p1a: Toxapex\n|-heal|p1a: Toxapex|86\/100 brn\n|\n|-damage|p2a: Jello Shot|67\/100 brn|[from] brn\n|-damage|p1a: Toxapex|80\/100 brn|[from] brn\n|upkeep\n|turn|17\n|\n|t:|1700686201\n|switch|p1a: Manaphy|Manaphy|100\/100\n|move|p2a: Jello Shot|Thunderbolt|p1a: Manaphy\n|-supereffective|p1a: Manaphy\n|-damage|p1a: Manaphy|52\/100\n|\n|-heal|p1a: Manaphy|59\/100|[from] item: Leftovers\n|-damage|p2a: Jello Shot|61\/100 brn|[from] brn\n|upkeep\n|turn|18\n|\n|t:|1700686211\n|move|p1a: Manaphy|Take Heart|p1a: Manaphy\n|-boost|p1a: Manaphy|spa|1\n|-boost|p1a: Manaphy|spd|1\n|move|p2a: Jello Shot|Knock Off|p1a: Manaphy\n|-damage|p1a: Manaphy|50\/100\n|-enditem|p1a: Manaphy|Leftovers|[from] move: Knock Off|[of] p2a: Jello Shot\n|\n|-damage|p2a: Jello Shot|55\/100 brn|[from] brn\n|upkeep\n|turn|19\n|\n|t:|1700686223\n|switch|p2a: Def Leppard|Meowscarada, M|100\/100\n|move|p1a: Manaphy|Psychic|p2a: Def Leppard\n|-immune|p2a: Def Leppard\n|\n|upkeep\n|turn|20\n|\n|t:|1700686233\n|switch|p1a: Toxapex|Toxapex, M|100\/100 brn\n|move|p2a: Def Leppard|Flower Trick|p1a: Toxapex\n|-start|p2a: Def Leppard|typechange|Grass|[from] ability: Protean\n|-crit|p1a: Toxapex\n|-damage|p1a: Toxapex|69\/100 brn\n|\n|-damage|p1a: Toxapex|63\/100 brn|[from] brn\n|upkeep\n|turn|21\n|\n|t:|1700686246\n|move|p2a: Def Leppard|Spikes|p1a: Toxapex\n|-sidestart|p1: Pokemonouuu|Spikes\n|move|p1a: Toxapex|Surf|p2a: Def Leppard\n|-resisted|p2a: Def Leppard\n|-damage|p2a: Def Leppard|87\/100\n|\n|-damage|p1a: Toxapex|56\/100 brn|[from] brn\n|upkeep\n|turn|22\n|\n|t:|1700686256\n|move|p2a: Def Leppard|Spikes|p1a: Toxapex\n|-sidestart|p1: Pokemonouuu|Spikes\n|move|p1a: Toxapex|Infestation|p2a: Def Leppard\n|-supereffective|p2a: Def Leppard\n|-damage|p2a: Def Leppard|78\/100\n|-activate|p2a: Def Leppard|move: Infestation|[of] p1a: Toxapex\n|\n|-damage|p1a: Toxapex|50\/100 brn|[from] brn\n|-damage|p2a: Def Leppard|66\/100|[from] move: Infestation|[partiallytrapped]\n|upkeep\n|turn|23\n|\n|t:|1700686261\n|move|p2a: Def Leppard|Flower Trick|p1a: Toxapex\n|-crit|p1a: Toxapex\n|-damage|p1a: Toxapex|19\/100 brn\n|move|p1a: Toxapex|Toxic|p2a: Def Leppard\n|-status|p2a: Def Leppard|tox\n|\n|-damage|p2a: Def Leppard|60\/100 tox|[from] psn\n|-damage|p1a: Toxapex|13\/100 brn|[from] brn\n|-damage|p2a: Def Leppard|48\/100 tox|[from] move: Infestation|[partiallytrapped]\n|upkeep\n|turn|24\n|\n|t:|1700686271\n|move|p2a: Def Leppard|Knock Off|p1a: Toxapex\n|-damage|p1a: Toxapex|0 fnt\n|faint|p1a: Toxapex\n|\n|-damage|p2a: Def Leppard|35\/100 tox|[from] psn\n|-end|p2a: Def Leppard|Infestation|[partiallytrapped]|[silent]\n|upkeep\n|\n|t:|1700686279\n|switch|p1a: Gligar|Gligar, F|50\/100\n|turn|25\n|\n|t:|1700686283\n|move|p2a: Def Leppard|Knock Off|p1a: Gligar\n|-damage|p1a: Gligar|14\/100\n|-enditem|p1a: Gligar|Salac Berry|[from] move: Knock Off|[of] p2a: Def Leppard\n|move|p1a: Gligar|Acrobatics|p2a: Def Leppard\n|-supereffective|p2a: Def Leppard\n|-damage|p2a: Def Leppard|0 fnt\n|faint|p2a: Def Leppard\n|\n|upkeep\n|\n|t:|1700686295\n|switch|p2a: Pyromania|Arcanine-Hisui, M|100\/100\n|turn|26\n|\n|t:|1700686304\n|move|p2a: Pyromania|Flare Blitz|p1a: Gligar\n|-damage|p1a: Gligar|0 fnt\n|faint|p1a: Gligar\n|\n|upkeep\n|\n|t:|1700686309\n|switch|p1a: Manaphy|Manaphy|50\/100\n|-damage|p1a: Manaphy|34\/100|[from] Spikes\n|turn|27\n|\n|t:|1700686316\n|switch|p2a: Salsalito Turkey|Zapdos-Galar|100\/100\n|move|p1a: Manaphy|Scald|p2a: Salsalito Turkey\n|-damage|p2a: Salsalito Turkey|57\/100\n|\n|upkeep\n|turn|28\n|\n|t:|1700686323\n|move|p2a: Salsalito Turkey|Thunderous Kick|p1a: Manaphy\n|-damage|p1a: Manaphy|0 fnt\n|faint|p1a: Manaphy\n|\n|upkeep\n|\n|t:|1700686327\n|switch|p1a: Scizor|Scizor, F|91\/100\n|-damage|p1a: Scizor|74\/100|[from] Spikes\n|turn|29\n|\n|t:|1700686336\n|switch|p2a: Mothership|Rotom-Wash|100\/100\n|move|p1a: Scizor|Dual Wingbeat|p2a: Mothership\n|-resisted|p2a: Mothership\n|-damage|p2a: Mothership|85\/100\n|-resisted|p2a: Mothership\n|-crit|p2a: Mothership\n|-damage|p2a: Mothership|63\/100\n|-hitcount|p2a: Mothership|2\n|\n|-heal|p2a: Mothership|69\/100|[from] item: Leftovers\n|upkeep\n|turn|30\n|\n|t:|1700686345\n|move|p2a: Mothership|Will-O-Wisp|p1a: Scizor\n|-status|p1a: Scizor|brn\n|move|p1a: Scizor|Trailblaze|p2a: Mothership\n|-supereffective|p2a: Mothership\n|-damage|p2a: Mothership|28\/100\n|-boost|p1a: Scizor|spe|1\n|\n|-heal|p2a: Mothership|34\/100|[from] item: Leftovers\n|-damage|p1a: Scizor|68\/100 brn|[from] brn\n|upkeep\n|turn|31\n|\n|t:|1700686353\n|move|p2a: Mothership|Hydro Pump|p1a: Scizor\n|-damage|p1a: Scizor|10\/100 brn\n|move|p1a: Scizor|Swords Dance|p1a: Scizor\n|-boost|p1a: Scizor|atk|2\n|\n|-heal|p2a: Mothership|40\/100|[from] item: Leftovers\n|-damage|p1a: Scizor|3\/100 brn|[from] brn\n|upkeep\n|turn|32\n|\n|t:|1700686365\n|switch|p2a: Jello Shot|Goodra-Hisui, M|55\/100 brn\n|move|p1a: Scizor|Bullet Punch|p2a: Jello Shot\n|-resisted|p2a: Jello Shot\n|-damage|p2a: Jello Shot|40\/100 brn\n|\n|-damage|p1a: Scizor|0 fnt|[from] brn\n|faint|p1a: Scizor\n|-damage|p2a: Jello Shot|34\/100 brn|[from] brn\n|upkeep\n|\n|t:|1700686371\n|switch|p1a: Iron Moth|Iron Moth|100\/100\n|-damage|p1a: Iron Moth|84\/100|[from] Spikes\n|-enditem|p1a: Iron Moth|Booster Energy\n|-activate|p1a: Iron Moth|ability: Quark Drive|[fromitem]\n|-start|p1a: Iron Moth|quarkdrivespa\n|turn|33\n|\n|t:|1700686378\n|move|p1a: Iron Moth|Fiery Dance|p2a: Jello Shot\n|-damage|p2a: Jello Shot|8\/100 brn\n|-boost|p1a: Iron Moth|spa|1\n|move|p2a: Jello Shot|Draco Meteor|p1a: Iron Moth\n|-damage|p1a: Iron Moth|18\/100\n|-unboost|p2a: Jello Shot|spa|2\n|\n|-damage|p2a: Jello Shot|2\/100 brn|[from] brn\n|upkeep\n|turn|34\n|\n|t:|1700686387\n|move|p1a: Iron Moth|Bug Buzz|p2a: Jello Shot\n|-resisted|p2a: Jello Shot\n|-damage|p2a: Jello Shot|0 fnt\n|faint|p2a: Jello Shot\n|\n|upkeep\n|\n|t:|1700686391\n|switch|p2a: Pyromania|Arcanine-Hisui, M|100\/100\n|turn|35\n|\n|t:|1700686396\n|move|p2a: Pyromania|Extreme Speed|p1a: Iron Moth\n|-damage|p1a: Iron Moth|0 fnt\n|faint|p1a: Iron Moth\n|-end|p1a: Iron Moth|Quark Drive|[silent]\n|\n|win|TrueSkyKing\n|raw|Pokemonouuu's rating: 1137 &rarr; <strong>1116<\/strong><br \/>(-21 for losing)\n|raw|TrueSkyKing's rating: 1190 &rarr; <strong>1211<\/strong><br \/>(+21 for winning)\n","uploadtime":1700686403,"views":3,"p1id":"pokemonouuu","p2id":"trueskyking","formatid":"gen9ou","rating":1116,"private":0,"password":""}