{"id":"gen9ou-1997872871","p1":"RSstar","p2":"CoffeeBeanz2","format":"[Gen 9] OU","log":"|j|\u2606RSstar\n|j|\u2606CoffeeBeanz2\n|t:|1700862173\n|gametype|singles\n|player|p1|RSstar|drayden|\n|player|p2|CoffeeBeanz2|lysandre|\n|teamsize|p1|6\n|teamsize|p2|6\n|gen|9\n|tier|[Gen 9] OU\n|rule|Sleep Clause Mod: Limit one foe put to sleep\n|rule|Species Clause: Limit one of each Pok\u00e9mon\n|rule|OHKO Clause: OHKO moves are banned\n|rule|Evasion Items Clause: Evasion items are banned\n|rule|Evasion Moves Clause: Evasion moves are banned\n|rule|Endless Battle Clause: Forcing endless battles is banned\n|rule|HP Percentage Mod: HP is shown in percentages\n|clearpoke\n|poke|p1|Gholdengo|\n|poke|p1|Rillaboom, F|\n|poke|p1|Corviknight, M|\n|poke|p1|Ribombee, M|\n|poke|p1|Sandy Shocks|\n|poke|p1|Arcanine-Hisui, F|\n|poke|p2|Clodsire, M|\n|poke|p2|Dondozo, F|\n|poke|p2|Alomomola, M|\n|poke|p2|Talonflame, M|\n|poke|p2|Toxapex, M|\n|poke|p2|Blissey, F|\n|teampreview\n|\n|t:|1700862192\n|start\n|switch|p1a: Sandy Shocks|Sandy Shocks|100\/100\n|switch|p2a: Blissey|Blissey, F|100\/100\n|turn|1\n|\n|t:|1700862206\n|-end|p1a: Sandy Shocks|Protosynthesis|[silent]\n|switch|p1a: The Knight|Corviknight, M, shiny|100\/100\n|-ability|p1a: The Knight|Pressure\n|move|p2a: Blissey|Stealth Rock|p1a: The Knight\n|-sidestart|p1: RSstar|move: Stealth Rock\n|\n|upkeep\n|turn|2\n|\n|t:|1700862218\n|switch|p2a: Talonflame|Talonflame, M|100\/100\n|move|p1a: The Knight|Defog|p2a: Talonflame\n|-unboost|p2a: Talonflame|evasion|1\n|-sideend|p1: RSstar|Stealth Rock|[from] move: Defog|[of] p1a: The Knight\n|\n|upkeep\n|turn|3\n|\n|t:|1700862230\n|move|p2a: Talonflame|Flamethrower|p1a: The Knight\n|-supereffective|p1a: The Knight\n|-damage|p1a: The Knight|54\/100\n|move|p1a: The Knight|Brave Bird|p2a: Talonflame\n|-damage|p2a: Talonflame|65\/100\n|-damage|p1a: The Knight|43\/100|[from] Recoil\n|\n|upkeep\n|turn|4\n|\n|t:|1700862243\n|switch|p1a: Arcanine|Arcanine-Hisui, F|100\/100\n|move|p2a: Talonflame|Roost|p2a: Talonflame\n|-heal|p2a: Talonflame|100\/100\n|-singleturn|p2a: Talonflame|move: Roost\n|\n|upkeep\n|turn|5\n|\n|t:|1700862258\n|switch|p2a: Toxapex|Toxapex, M|100\/100\n|move|p1a: Arcanine|Head Smash|p2a: Toxapex\n|-damage|p2a: Toxapex|56\/100\n|\n|upkeep\n|turn|6\n|\n|t:|1700862275\n|switch|p1a: Gholdengo|Gholdengo|100\/100\n|move|p2a: Toxapex|Infestation|p1a: Gholdengo\n|-resisted|p1a: Gholdengo\n|-damage|p1a: Gholdengo|99\/100\n|-activate|p1a: Gholdengo|move: Infestation|[of] p2a: Toxapex\n|\n|-heal|p1a: Gholdengo|100\/100|[from] item: Leftovers\n|-damage|p1a: Gholdengo|88\/100|[from] move: Infestation|[partiallytrapped]\n|upkeep\n|turn|7\n|\n|t:|1700862286\n|move|p1a: Gholdengo|Nasty Plot|p1a: Gholdengo\n|-boost|p1a: Gholdengo|spa|2\n|move|p2a: Toxapex|Recover|p2a: Toxapex\n|-heal|p2a: Toxapex|100\/100\n|\n|-heal|p1a: Gholdengo|94\/100|[from] item: Leftovers\n|-damage|p1a: Gholdengo|82\/100|[from] move: Infestation|[partiallytrapped]\n|upkeep\n|turn|8\n|\n|t:|1700862295\n|switch|p2a: Blissey|Blissey, F|100\/100\n|move|p1a: Gholdengo|Nasty Plot|p1a: Gholdengo\n|-boost|p1a: Gholdengo|spa|2\n|\n|-heal|p1a: Gholdengo|88\/100|[from] item: Leftovers\n|-end|p1a: Gholdengo|Infestation|[partiallytrapped]|[silent]\n|upkeep\n|turn|9\n|\n|t:|1700862304\n|move|p1a: Gholdengo|Make It Rain|p2a: Blissey\n|-damage|p2a: Blissey|44\/100\n|-unboost|p1a: Gholdengo|spa|1\n|move|p2a: Blissey|Shadow Ball|p1a: Gholdengo\n|-supereffective|p1a: Gholdengo\n|-damage|p1a: Gholdengo|52\/100\n|\n|-heal|p1a: Gholdengo|58\/100|[from] item: Leftovers\n|upkeep\n|turn|10\n|\n|t:|1700862317\n|move|p1a: Gholdengo|Make It Rain|p2a: Blissey\n|-damage|p2a: Blissey|1\/100\n|-unboost|p1a: Gholdengo|spa|1\n|move|p2a: Blissey|Soft-Boiled|p2a: Blissey\n|-heal|p2a: Blissey|51\/100\n|\n|-heal|p1a: Gholdengo|64\/100|[from] item: Leftovers\n|upkeep\n|turn|11\n|\n|t:|1700862330\n|move|p1a: Gholdengo|Nasty Plot|p1a: Gholdengo\n|-boost|p1a: Gholdengo|spa|2\n|move|p2a: Blissey|Soft-Boiled|p2a: Blissey\n|-heal|p2a: Blissey|100\/100\n|\n|-heal|p1a: Gholdengo|70\/100|[from] item: Leftovers\n|upkeep\n|turn|12\n|\n|t:|1700862345\n|move|p1a: Gholdengo|Make It Rain|p2a: Blissey\n|-damage|p2a: Blissey|49\/100\n|-unboost|p1a: Gholdengo|spa|1\n|move|p2a: Blissey|Shadow Ball|p1a: Gholdengo\n|-supereffective|p1a: Gholdengo\n|-damage|p1a: Gholdengo|37\/100\n|\n|-heal|p1a: Gholdengo|43\/100|[from] item: Leftovers\n|upkeep\n|turn|13\n|\n|t:|1700862370\n|move|p1a: Gholdengo|Thunderbolt|p2a: Blissey\n|-damage|p2a: Blissey|28\/100\n|move|p2a: Blissey|Soft-Boiled|p2a: Blissey\n|-heal|p2a: Blissey|78\/100\n|\n|-heal|p1a: Gholdengo|49\/100|[from] item: Leftovers\n|upkeep\n|turn|14\n|\n|t:|1700862387\n|switch|p1a: Rillaboom|Rillaboom, F|100\/100\n|-fieldstart|move: Grassy Terrain|[from] ability: Grassy Surge|[of] p1a: Rillaboom\n|move|p2a: Blissey|Shadow Ball|p1a: Rillaboom\n|-damage|p1a: Rillaboom|90\/100\n|\n|-heal|p1a: Rillaboom|96\/100|[from] Grassy Terrain\n|-heal|p2a: Blissey|84\/100|[from] Grassy Terrain\n|upkeep\n|turn|15\n|\n|t:|1700862401\n|switch|p2a: Talonflame|Talonflame, M|100\/100\n|move|p1a: Rillaboom|Drum Beating|p2a: Talonflame\n|-resisted|p2a: Talonflame\n|-damage|p2a: Talonflame|88\/100\n|-unboost|p2a: Talonflame|spe|1\n|\n|-heal|p1a: Rillaboom|100\/100|[from] Grassy Terrain\n|upkeep\n|turn|16\n|\n|t:|1700862411\n|switch|p1a: Sandy Shocks|Sandy Shocks|100\/100\n|move|p2a: Talonflame|Will-O-Wisp|p1a: Sandy Shocks|[miss]\n|-miss|p2a: Talonflame|p1a: Sandy Shocks\n|\n|upkeep\n|turn|17\n|\n|t:|1700862423\n|switch|p2a: Clodsire|Clodsire, M|100\/100\n|move|p1a: Sandy Shocks|Earth Power|p2a: Clodsire\n|-supereffective|p2a: Clodsire\n|-damage|p2a: Clodsire|44\/100\n|\n|-heal|p2a: Clodsire|51\/100|[from] Grassy Terrain\n|upkeep\n|turn|18\n|\n|t:|1700862433\n|switch|p2a: Talonflame|Talonflame, M|88\/100\n|move|p1a: Sandy Shocks|Earth Power|p2a: Talonflame\n|-immune|p2a: Talonflame\n|\n|-fieldend|move: Grassy Terrain\n|upkeep\n|turn|19\n|\n|t:|1700862442\n|-end|p1a: Sandy Shocks|Protosynthesis|[silent]\n|switch|p1a: Arcanine|Arcanine-Hisui, F|100\/100\n|move|p2a: Talonflame|Flamethrower|p1a: Arcanine\n|-resisted|p1a: Arcanine\n|-damage|p1a: Arcanine|93\/100\n|\n|upkeep\n|turn|20\n|\n|t:|1700862464\n|switch|p2a: Dondozo|Dondozo, F|100\/100\n|move|p1a: Arcanine|Wild Charge|p2a: Dondozo\n|-supereffective|p2a: Dondozo\n|-crit|p2a: Dondozo\n|-damage|p2a: Dondozo|58\/100\n|\n|upkeep\n|turn|21\n|\n|t:|1700862477\n|switch|p1a: Rillaboom|Rillaboom, F|100\/100\n|-fieldstart|move: Grassy Terrain|[from] ability: Grassy Surge|[of] p1a: Rillaboom\n|move|p2a: Dondozo|Liquidation|p1a: Rillaboom\n|-resisted|p1a: Rillaboom\n|-damage|p1a: Rillaboom|86\/100\n|\n|-heal|p1a: Rillaboom|92\/100|[from] Grassy Terrain\n|-heal|p2a: Dondozo|65\/100|[from] Grassy Terrain\n|upkeep\n|turn|22\n|\n|t:|1700862488\n|switch|p1a: Sandy Shocks|Sandy Shocks|100\/100\n|switch|p2a: Toxapex|Toxapex, M|100\/100\n|\n|upkeep\n|turn|23\n|\n|t:|1700862496\n|move|p1a: Sandy Shocks|Thunderbolt|p2a: Toxapex\n|-supereffective|p2a: Toxapex\n|-damage|p2a: Toxapex|20\/100\n|move|p2a: Toxapex|Toxic|p1a: Sandy Shocks\n|-status|p1a: Sandy Shocks|tox\n|\n|-heal|p2a: Toxapex|26\/100|[from] Grassy Terrain\n|-damage|p1a: Sandy Shocks|94\/100 tox|[from] psn\n|upkeep\n|turn|24\n|\n|t:|1700862506\n|switch|p2a: Clodsire|Clodsire, M|51\/100\n|move|p1a: Sandy Shocks|Thunderbolt|p2a: Clodsire\n|-immune|p2a: Clodsire\n|\n|-heal|p1a: Sandy Shocks|100\/100 tox|[from] Grassy Terrain\n|-heal|p2a: Clodsire|57\/100|[from] Grassy Terrain\n|-damage|p1a: Sandy Shocks|88\/100 tox|[from] psn\n|upkeep\n|turn|25\n|\n|t:|1700862521\n|-end|p1a: Sandy Shocks|Protosynthesis|[silent]\n|switch|p1a: Arcanine|Arcanine-Hisui, F|93\/100\n|move|p2a: Clodsire|Recover|p2a: Clodsire\n|-heal|p2a: Clodsire|100\/100\n|\n|-heal|p1a: Arcanine|99\/100|[from] Grassy Terrain\n|-fieldend|move: Grassy Terrain\n|upkeep\n|turn|26\n|\n|t:|1700862531\n|move|p1a: Arcanine|Flare Blitz|p2a: Clodsire\n|-damage|p2a: Clodsire|32\/100\n|move|p2a: Clodsire|Earthquake|p1a: Arcanine\n|-supereffective|p1a: Arcanine\n|-damage|p1a: Arcanine|0 fnt\n|faint|p1a: Arcanine\n|\n|upkeep\n|\n|t:|1700862556\n|switch|p1a: The Knight|Corviknight, M, shiny|43\/100\n|-ability|p1a: The Knight|Pressure\n|turn|27\n|\n|t:|1700862568\n|move|p1a: The Knight|Brave Bird|p2a: Clodsire\n|-damage|p2a: Clodsire|0 fnt\n|faint|p2a: Clodsire\n|-damage|p1a: The Knight|31\/100|[from] Recoil\n|\n|upkeep\n|\n|t:|1700862572\n|switch|p2a: Talonflame|Talonflame, M|88\/100\n|turn|28\n|\n|t:|1700862577\n|move|p2a: Talonflame|Flamethrower|p1a: The Knight\n|-supereffective|p1a: The Knight\n|-damage|p1a: The Knight|0 fnt\n|faint|p1a: The Knight\n|\n|upkeep\n|\n|t:|1700862585\n|switch|p1a: Ribombee|Ribombee, M|100\/100\n|turn|29\n|\n|t:|1700862589\n|move|p1a: Ribombee|Stun Spore|p2a: Talonflame\n|-status|p2a: Talonflame|par\n|move|p2a: Talonflame|Flamethrower|p1a: Ribombee\n|-supereffective|p1a: Ribombee\n|-damage|p1a: Ribombee|11\/100\n|\n|upkeep\n|turn|30\n|\n|t:|1700862601\n|move|p1a: Ribombee|Moonblast|p2a: Talonflame\n|-resisted|p2a: Talonflame\n|-damage|p2a: Talonflame|61\/100 par\n|move|p2a: Talonflame|Flamethrower|p1a: Ribombee\n|-supereffective|p1a: Ribombee\n|-damage|p1a: Ribombee|0 fnt\n|faint|p1a: Ribombee\n|\n|upkeep\n|\n|t:|1700862610\n|switch|p1a: Gholdengo|Gholdengo|49\/100\n|turn|31\n|\n|t:|1700862614\n|move|p1a: Gholdengo|Thunderbolt|p2a: Talonflame\n|-supereffective|p2a: Talonflame\n|-damage|p2a: Talonflame|0 fnt\n|faint|p2a: Talonflame\n|\n|-heal|p1a: Gholdengo|55\/100|[from] item: Leftovers\n|upkeep\n|\n|t:|1700862618\n|switch|p2a: Blissey|Blissey, F|84\/100\n|turn|32\n|\n|t:|1700862625\n|switch|p1a: Rillaboom|Rillaboom, F|92\/100\n|-fieldstart|move: Grassy Terrain|[from] ability: Grassy Surge|[of] p1a: Rillaboom\n|move|p2a: Blissey|Seismic Toss|p1a: Rillaboom\n|-damage|p1a: Rillaboom|67\/100\n|\n|-heal|p1a: Rillaboom|73\/100|[from] Grassy Terrain\n|-heal|p2a: Blissey|90\/100|[from] Grassy Terrain\n|upkeep\n|turn|33\n|\n|t:|1700862644\n|switch|p2a: Alomomola|Alomomola, M|100\/100\n|move|p1a: Rillaboom|Drum Beating|p2a: Alomomola\n|-supereffective|p2a: Alomomola\n|-damage|p2a: Alomomola|39\/100\n|-unboost|p2a: Alomomola|spe|1\n|\n|-heal|p1a: Rillaboom|79\/100|[from] Grassy Terrain\n|-heal|p2a: Alomomola|46\/100|[from] Grassy Terrain\n|upkeep\n|turn|34\n|\n|t:|1700862657\n|-terastallize|p1a: Rillaboom|Grass\n|-terastallize|p2a: Alomomola|Flying\n|move|p1a: Rillaboom|Drum Beating|p2a: Alomomola\n|-resisted|p2a: Alomomola\n|-damage|p2a: Alomomola|26\/100\n|-unboost|p2a: Alomomola|spe|1\n|move|p2a: Alomomola|Wish|p2a: Alomomola\n|\n|-heal|p1a: Rillaboom|85\/100|[from] Grassy Terrain\n|upkeep\n|turn|35\n|\n|t:|1700862671\n|switch|p1a: Gholdengo|Gholdengo|55\/100\n|move|p2a: Alomomola|Protect||[still]\n|-fail|p2a: Alomomola\n|\n|-heal|p2a: Alomomola|76\/100|[from] move: Wish|[wisher] Alomomola\n|-heal|p1a: Gholdengo|61\/100|[from] Grassy Terrain\n|-heal|p1a: Gholdengo|67\/100|[from] item: Leftovers\n|upkeep\n|turn|36\n|\n|t:|1700862683\n|switch|p2a: Blissey|Blissey, F|90\/100\n|move|p1a: Gholdengo|Nasty Plot|p1a: Gholdengo\n|-boost|p1a: Gholdengo|spa|2\n|\n|-heal|p1a: Gholdengo|74\/100|[from] Grassy Terrain\n|-heal|p1a: Gholdengo|80\/100|[from] item: Leftovers\n|-heal|p2a: Blissey|96\/100|[from] Grassy Terrain\n|-fieldend|move: Grassy Terrain\n|upkeep\n|turn|37\n|\n|t:|1700862702\n|move|p1a: Gholdengo|Make It Rain|p2a: Blissey\n|-damage|p2a: Blissey|63\/100\n|-unboost|p1a: Gholdengo|spa|1\n|move|p2a: Blissey|Shadow Ball|p1a: Gholdengo\n|-supereffective|p1a: Gholdengo\n|-damage|p1a: Gholdengo|46\/100\n|\n|-heal|p1a: Gholdengo|52\/100|[from] item: Leftovers\n|upkeep\n|turn|38\n|\n|t:|1700862745\n|switch|p1a: Sandy Shocks|Sandy Shocks|88\/100 tox\n|move|p2a: Blissey|Shadow Ball|p1a: Sandy Shocks\n|-damage|p1a: Sandy Shocks|71\/100 tox\n|\n|-damage|p1a: Sandy Shocks|64\/100 tox|[from] psn\n|upkeep\n|turn|39\n|\n|t:|1700862756\n|move|p1a: Sandy Shocks|Volt Switch|p2a: Blissey\n|-damage|p2a: Blissey|52\/100\n|\n|t:|1700862759\n|-end|p1a: Sandy Shocks|Protosynthesis|[silent]\n|switch|p1a: Rillaboom|Rillaboom, F, tera:Grass|85\/100|[from] Volt Switch\n|-fieldstart|move: Grassy Terrain|[from] ability: Grassy Surge|[of] p1a: Rillaboom\n|move|p2a: Blissey|Stealth Rock|p1a: Rillaboom\n|-sidestart|p1: RSstar|move: Stealth Rock\n|\n|-heal|p1a: Rillaboom|91\/100|[from] Grassy Terrain\n|-heal|p2a: Blissey|58\/100|[from] Grassy Terrain\n|upkeep\n|turn|40\n|\n|t:|1700862773\n|switch|p2a: Alomomola|Alomomola, M, tera:Flying|100\/100\n|move|p1a: Rillaboom|Drain Punch|p2a: Alomomola\n|-resisted|p2a: Alomomola\n|-damage|p2a: Alomomola|94\/100\n|-heal|p1a: Rillaboom|96\/100|[from] drain|[of] p2a: Alomomola\n|\n|-heal|p1a: Rillaboom|100\/100|[from] Grassy Terrain\n|upkeep\n|turn|41\n|\n|t:|1700862788\n|move|p1a: Rillaboom|Drain Punch|p2a: Alomomola\n|-resisted|p2a: Alomomola\n|-damage|p2a: Alomomola|86\/100\n|move|p2a: Alomomola|Whirlpool|p1a: Rillaboom\n|-resisted|p1a: Rillaboom\n|-damage|p1a: Rillaboom|98\/100\n|-activate|p1a: Rillaboom|move: Whirlpool|[of] p2a: Alomomola\n|\n|-heal|p1a: Rillaboom|100\/100|[from] Grassy Terrain\n|-damage|p1a: Rillaboom|88\/100|[from] move: Whirlpool|[partiallytrapped]\n|upkeep\n|turn|42\n|\n|t:|1700862800\n|move|p1a: Rillaboom|Grassy Glide|p2a: Alomomola\n|-resisted|p2a: Alomomola\n|-damage|p2a: Alomomola|74\/100\n|move|p2a: Alomomola|Chilling Water|p1a: Rillaboom\n|-resisted|p1a: Rillaboom\n|-damage|p1a: Rillaboom|85\/100\n|-unboost|p1a: Rillaboom|atk|1\n|\n|-heal|p1a: Rillaboom|91\/100|[from] Grassy Terrain\n|-damage|p1a: Rillaboom|79\/100|[from] move: Whirlpool|[partiallytrapped]\n|upkeep\n|turn|43\n|\n|t:|1700862814\n|move|p1a: Rillaboom|Drain Punch|p2a: Alomomola\n|-resisted|p2a: Alomomola\n|-damage|p2a: Alomomola|69\/100\n|-heal|p1a: Rillaboom|82\/100|[from] drain|[of] p2a: Alomomola\n|move|p2a: Alomomola|Wish|p2a: Alomomola\n|\n|-heal|p1a: Rillaboom|88\/100|[from] Grassy Terrain\n|-damage|p1a: Rillaboom|76\/100|[from] move: Whirlpool|[partiallytrapped]\n|-fieldend|move: Grassy Terrain\n|upkeep\n|turn|44\n|\n|t:|1700862833\n|move|p1a: Rillaboom|Drain Punch|p2a: Alomomola\n|-resisted|p2a: Alomomola\n|-crit|p2a: Alomomola\n|-damage|p2a: Alomomola|58\/100\n|-heal|p1a: Rillaboom|83\/100|[from] drain|[of] p2a: Alomomola\n|move|p2a: Alomomola|Chilling Water|p1a: Rillaboom\n|-resisted|p1a: Rillaboom\n|-damage|p1a: Rillaboom|80\/100\n|-unboost|p1a: Rillaboom|atk|1\n|\n|-heal|p2a: Alomomola|100\/100|[from] move: Wish|[wisher] Alomomola\n|-damage|p1a: Rillaboom|68\/100|[from] move: Whirlpool|[partiallytrapped]\n|upkeep\n|turn|45\n|\n|t:|1700862857\n|move|p1a: Rillaboom|Drain Punch|p2a: Alomomola\n|-resisted|p2a: Alomomola\n|-damage|p2a: Alomomola|97\/100\n|-heal|p1a: Rillaboom|70\/100|[from] drain|[of] p2a: Alomomola\n|move|p2a: Alomomola|Chilling Water|p1a: Rillaboom\n|-resisted|p1a: Rillaboom\n|-damage|p1a: Rillaboom|67\/100\n|-unboost|p1a: Rillaboom|atk|1\n|\n|-end|p1a: Rillaboom|Whirlpool|[partiallytrapped]\n|upkeep\n|turn|46\n|\n|t:|1700862876\n|switch|p1a: Gholdengo|Gholdengo|52\/100\n|-damage|p1a: Gholdengo|46\/100|[from] Stealth Rock\n|move|p2a: Alomomola|Whirlpool|p1a: Gholdengo\n|-damage|p1a: Gholdengo|38\/100\n|-activate|p1a: Gholdengo|move: Whirlpool|[of] p2a: Alomomola\n|\n|-heal|p1a: Gholdengo|44\/100|[from] item: Leftovers\n|-damage|p1a: Gholdengo|32\/100|[from] move: Whirlpool|[partiallytrapped]\n|upkeep\n|turn|47\n|\n|t:|1700862895\n|move|p1a: Gholdengo|Nasty Plot|p1a: Gholdengo\n|-boost|p1a: Gholdengo|spa|2\n|move|p2a: Alomomola|Wish|p2a: Alomomola\n|\n|-heal|p1a: Gholdengo|38\/100|[from] item: Leftovers\n|-damage|p1a: Gholdengo|25\/100|[from] move: Whirlpool|[partiallytrapped]\n|upkeep\n|turn|48\n|\n|t:|1700862904\n|move|p2a: Alomomola|Protect|p2a: Alomomola\n|-singleturn|p2a: Alomomola|Protect\n|move|p1a: Gholdengo|Thunderbolt|p2a: Alomomola\n|-activate|p2a: Alomomola|move: Protect\n|\n|-heal|p2a: Alomomola|100\/100|[from] move: Wish|[wisher] Alomomola\n|-heal|p1a: Gholdengo|31\/100|[from] item: Leftovers\n|-damage|p1a: Gholdengo|19\/100|[from] move: Whirlpool|[partiallytrapped]\n|upkeep\n|turn|49\n|\n|t:|1700862916\n|switch|p2a: Blissey|Blissey, F|58\/100\n|move|p1a: Gholdengo|Make It Rain|p2a: Blissey\n|-damage|p2a: Blissey|24\/100\n|-unboost|p1a: Gholdengo|spa|1\n|\n|-heal|p1a: Gholdengo|25\/100|[from] item: Leftovers\n|-end|p1a: Gholdengo|Whirlpool|[partiallytrapped]|[silent]\n|upkeep\n|turn|50\n|\n|t:|1700862927\n|move|p1a: Gholdengo|Make It Rain|p2a: Blissey\n|-damage|p2a: Blissey|0 fnt\n|-unboost|p1a: Gholdengo|spa|1\n|faint|p2a: Blissey\n|\n|-heal|p1a: Gholdengo|31\/100|[from] item: Leftovers\n|upkeep\n|\n|t:|1700862934\n|switch|p2a: Dondozo|Dondozo, F|65\/100\n|turn|51\n|\n|t:|1700862940\n|move|p1a: Gholdengo|Thunderbolt|p2a: Dondozo\n|-supereffective|p2a: Dondozo\n|-damage|p2a: Dondozo|8\/100\n|-status|p2a: Dondozo|par\n|cant|p2a: Dondozo|par\n|\n|-heal|p1a: Gholdengo|37\/100|[from] item: Leftovers\n|upkeep\n|turn|52\n|\n|t:|1700862954\n|switch|p2a: Alomomola|Alomomola, M, tera:Flying|100\/100\n|move|p1a: Gholdengo|Thunderbolt|p2a: Alomomola\n|-supereffective|p2a: Alomomola\n|-damage|p2a: Alomomola|24\/100\n|\n|-heal|p1a: Gholdengo|43\/100|[from] item: Leftovers\n|upkeep\n|turn|53\n|\n|t:|1700862963\n|switch|p2a: Dondozo|Dondozo, F|8\/100 par\n|move|p1a: Gholdengo|Thunderbolt|p2a: Dondozo\n|-supereffective|p2a: Dondozo\n|-damage|p2a: Dondozo|0 fnt\n|faint|p2a: Dondozo\n|\n|-heal|p1a: Gholdengo|49\/100|[from] item: Leftovers\n|upkeep\n|\n|t:|1700862971\n|switch|p2a: Toxapex|Toxapex, M|59\/100\n|turn|54\n|\n|t:|1700862978\n|move|p1a: Gholdengo|Nasty Plot|p1a: Gholdengo\n|-boost|p1a: Gholdengo|spa|2\n|move|p2a: Toxapex|Recover|p2a: Toxapex\n|-heal|p2a: Toxapex|100\/100\n|\n|-heal|p1a: Gholdengo|55\/100|[from] item: Leftovers\n|upkeep\n|turn|55\n|\n|t:|1700862987\n|move|p1a: Gholdengo|Thunderbolt|p2a: Toxapex\n|-supereffective|p2a: Toxapex\n|-damage|p2a: Toxapex|0 fnt\n|faint|p2a: Toxapex\n|\n|-heal|p1a: Gholdengo|61\/100|[from] item: Leftovers\n|upkeep\n|\n|t:|1700862991\n|switch|p2a: Alomomola|Alomomola, M, tera:Flying|57\/100\n|turn|56\n|\n|t:|1700862996\n|move|p2a: Alomomola|Protect|p2a: Alomomola\n|-singleturn|p2a: Alomomola|Protect\n|move|p1a: Gholdengo|Thunderbolt|p2a: Alomomola\n|-activate|p2a: Alomomola|move: Protect\n|\n|-heal|p1a: Gholdengo|67\/100|[from] item: Leftovers\n|upkeep\n|turn|57\n|c|\u2606CoffeeBeanz2|gg\n|c|\u2606CoffeeBeanz2|the para on dozo\n|c|\u2606CoffeeBeanz2|ruined it\n|c|\u2606RSstar|Gg\n|c|\u2606CoffeeBeanz2|would of won\n|c|\u2606CoffeeBeanz2|if not\n|c|\u2606RSstar|This would have ended alot sooner if i had focus blast instead of thunderbolt or shadow ball...\n|c|\u2606CoffeeBeanz2|L\n|c|\u2606CoffeeBeanz2|i had tera ghost blissey\n|c|\u2606CoffeeBeanz2|anyway\n|c|\u2606RSstar|Shut the only L is you??\n|c|\u2606CoffeeBeanz2|no\n|c|\u2606CoffeeBeanz2|how u lose to\n|\n|t:|1700863064\n|move|p2a: Alomomola|Protect||[still]\n|-fail|p2a: Alomomola\n|move|p1a: Gholdengo|Thunderbolt|p2a: Alomomola\n|-supereffective|p2a: Alomomola\n|-damage|p2a: Alomomola|0 fnt\n|faint|p2a: Alomomola\n|\n|win|RSstar\n|c|\u2606CoffeeBeanz2|2 zu mons\n|c|\u2606RSstar|Wtf this glazing is insane\n","uploadtime":1700863094,"views":2,"p1id":"rsstar","p2id":"coffeebeanz2","formatid":"gen9ou","rating":0,"private":0,"password":""}