{"id":"gen9ou-1995960486","p1":"Slime2225","p2":"slucin","format":"[Gen 9] OU","log":"|j|\u2606Slime2225\n|j|\u2606slucin\n|t:|1700622310\n|gametype|singles\n|player|p1|Slime2225|101|\n|player|p2|slucin|169|\n|teamsize|p1|6\n|teamsize|p2|6\n|gen|9\n|tier|[Gen 9] OU\n|rule|Sleep Clause Mod: Limit one foe put to sleep\n|rule|Species Clause: Limit one of each Pok\u00e9mon\n|rule|OHKO Clause: OHKO moves are banned\n|rule|Evasion Items Clause: Evasion items are banned\n|rule|Evasion Moves Clause: Evasion moves are banned\n|rule|Endless Battle Clause: Forcing endless battles is banned\n|rule|HP Percentage Mod: HP is shown in percentages\n|clearpoke\n|poke|p1|Iron Moth|\n|poke|p1|Zamazenta-*|\n|poke|p1|Toxicroak, F|\n|poke|p1|Quaquaval, M|\n|poke|p1|Krookodile, M|\n|poke|p1|Mismagius, M|\n|poke|p2|Vikavolt, F|\n|poke|p2|Manaphy|\n|poke|p2|Zamazenta-*|\n|poke|p2|Skeledirge, M|\n|poke|p2|Kingambit, F|\n|poke|p2|Articuno-Galar|\n|teampreview\n|\n|t:|1700622329\n|start\n|switch|p1a: Iron Moth|Iron Moth|100\/100\n|switch|p2a: Vikavolt|Vikavolt, F|100\/100\n|turn|1\n|\n|t:|1700622349\n|switch|p2a: Skeledirge|Skeledirge, M|100\/100\n|move|p1a: Iron Moth|Flamethrower|p2a: Skeledirge\n|-resisted|p2a: Skeledirge\n|-damage|p2a: Skeledirge|82\/100\n|\n|upkeep\n|turn|2\n|\n|t:|1700622369\n|-end|p1a: Iron Moth|Quark Drive|[silent]\n|switch|p1a: Mismagius|Mismagius, M|100\/100\n|move|p2a: Skeledirge|Will-O-Wisp|p1a: Mismagius\n|-status|p1a: Mismagius|brn\n|\n|-damage|p1a: Mismagius|94\/100 brn|[from] brn\n|upkeep\n|turn|3\n|\n|t:|1700622380\n|switch|p2a: Kingambit|Kingambit, F|100\/100\n|move|p1a: Mismagius|Trick|p2a: Kingambit\n|-activate|p1a: Mismagius|move: Trick|[of] p2a: Kingambit\n|-item|p2a: Kingambit|Choice Scarf|[from] move: Trick\n|-item|p1a: Mismagius|Leftovers|[from] move: Trick\n|\n|-heal|p1a: Mismagius|100\/100 brn|[from] item: Leftovers\n|-damage|p1a: Mismagius|94\/100 brn|[from] brn\n|upkeep\n|turn|4\n|\n|t:|1700622392\n|move|p1a: Mismagius|Mystical Fire|p2a: Kingambit\n|-supereffective|p2a: Kingambit\n|-damage|p2a: Kingambit|54\/100\n|-unboost|p2a: Kingambit|spa|1\n|move|p2a: Kingambit|Kowtow Cleave|p1a: Mismagius\n|-supereffective|p1a: Mismagius\n|-damage|p1a: Mismagius|0 fnt\n|faint|p1a: Mismagius\n|\n|upkeep\n|\n|t:|1700622398\n|switch|p1a: Zamazenta|Zamazenta|100\/100\n|-ability|p1a: Zamazenta|Dauntless Shield|boost\n|-boost|p1a: Zamazenta|def|1\n|turn|5\n|\n|t:|1700622412\n|-end|p2a: Kingambit|fallenundefined|[silent]\n|switch|p2a: Skeledirge|Skeledirge, M|82\/100\n|move|p1a: Zamazenta|Psychic Fangs|p2a: Skeledirge\n|-damage|p2a: Skeledirge|59\/100\n|\n|upkeep\n|turn|6\n|\n|t:|1700622421\n|move|p1a: Zamazenta|Iron Head|p2a: Skeledirge\n|-resisted|p2a: Skeledirge\n|-damage|p2a: Skeledirge|48\/100\n|move|p2a: Skeledirge|Slack Off|p2a: Skeledirge\n|-heal|p2a: Skeledirge|98\/100\n|\n|upkeep\n|turn|7\n|\n|t:|1700622427\n|switch|p1a: Krookodile|Krookodile, M|100\/100\n|move|p2a: Skeledirge|Will-O-Wisp|p1a: Krookodile\n|-status|p1a: Krookodile|brn\n|\n|-damage|p1a: Krookodile|94\/100 brn|[from] brn\n|upkeep\n|turn|8\n|\n|t:|1700622437\n|switch|p2a: Vikavolt|Vikavolt, F|100\/100\n|move|p1a: Krookodile|Bulk Up|p1a: Krookodile\n|-boost|p1a: Krookodile|atk|1\n|-boost|p1a: Krookodile|def|1\n|\n|-damage|p1a: Krookodile|88\/100 brn|[from] brn\n|upkeep\n|turn|9\n|\n|t:|1700622456\n|move|p1a: Krookodile|Bulk Up|p1a: Krookodile\n|-boost|p1a: Krookodile|atk|1\n|-boost|p1a: Krookodile|def|1\n|move|p2a: Vikavolt|Bug Buzz|p1a: Krookodile\n|-supereffective|p1a: Krookodile\n|-damage|p1a: Krookodile|0 fnt\n|faint|p1a: Krookodile\n|\n|upkeep\n|\n|t:|1700622467\n|switch|p1a: Toxicroak|Toxicroak, F|100\/100\n|turn|10\n|\n|t:|1700622471\n|move|p1a: Toxicroak|Rock Slide|p2a: Vikavolt\n|-supereffective|p2a: Vikavolt\n|-damage|p2a: Vikavolt|42\/100\n|-damage|p1a: Toxicroak|91\/100|[from] item: Life Orb\n|cant|p2a: Vikavolt|flinch\n|\n|upkeep\n|turn|11\n|\n|t:|1700622481\n|switch|p2a: Kingambit|Kingambit, F|54\/100\n|move|p1a: Toxicroak|Rock Slide|p2a: Kingambit\n|-resisted|p2a: Kingambit\n|-damage|p2a: Kingambit|43\/100\n|-damage|p1a: Toxicroak|81\/100|[from] item: Life Orb\n|\n|upkeep\n|turn|12\n|\n|t:|1700622498\n|move|p1a: Toxicroak|Earthquake|p2a: Kingambit\n|-supereffective|p2a: Kingambit\n|-damage|p2a: Kingambit|0 fnt\n|faint|p2a: Kingambit\n|-end|p2a: Kingambit|fallenundefined|[silent]\n|-damage|p1a: Toxicroak|71\/100|[from] item: Life Orb\n|\n|upkeep\n|\n|t:|1700622500\n|switch|p2a: Articuno|Articuno-Galar|100\/100\n|turn|13\n|\n|t:|1700622509\n|-terastallize|p2a: Articuno|Fighting\n|move|p1a: Toxicroak|Sucker Punch||[still]\n|-fail|p1a: Toxicroak\n|move|p2a: Articuno|Calm Mind|p2a: Articuno\n|-boost|p2a: Articuno|spa|1\n|-boost|p2a: Articuno|spd|1\n|\n|upkeep\n|turn|14\n|\n|t:|1700622515\n|move|p2a: Articuno|Agility|p2a: Articuno\n|-boost|p2a: Articuno|spe|2\n|move|p1a: Toxicroak|Rock Slide|p2a: Articuno|[miss]\n|-miss|p1a: Toxicroak|p2a: Articuno\n|\n|upkeep\n|turn|15\n|\n|t:|1700622522\n|move|p2a: Articuno|Calm Mind|p2a: Articuno\n|-boost|p2a: Articuno|spa|1\n|-boost|p2a: Articuno|spd|1\n|move|p1a: Toxicroak|Rock Slide|p2a: Articuno\n|-resisted|p2a: Articuno\n|-damage|p2a: Articuno|86\/100\n|-damage|p1a: Toxicroak|61\/100|[from] item: Life Orb\n|\n|-heal|p2a: Articuno|92\/100|[from] item: Leftovers\n|upkeep\n|turn|16\n|\n|t:|1700622530\n|move|p1a: Toxicroak|Sucker Punch||[still]\n|-fail|p1a: Toxicroak\n|move|p2a: Articuno|Calm Mind|p2a: Articuno\n|-boost|p2a: Articuno|spa|1\n|-boost|p2a: Articuno|spd|1\n|\n|-heal|p2a: Articuno|98\/100|[from] item: Leftovers\n|upkeep\n|turn|17\n|\n|t:|1700622533\n|move|p2a: Articuno|Stored Power|p1a: Toxicroak\n|-supereffective|p1a: Toxicroak\n|-damage|p1a: Toxicroak|0 fnt\n|faint|p1a: Toxicroak\n|\n|-heal|p2a: Articuno|100\/100|[from] item: Leftovers\n|upkeep\n|\n|t:|1700622542\n|switch|p1a: Iron Moth|Iron Moth|100\/100\n|turn|18\n|\n|t:|1700622558\n|-terastallize|p1a: Iron Moth|Steel\n|move|p2a: Articuno|Stored Power|p1a: Iron Moth\n|-resisted|p1a: Iron Moth\n|-damage|p1a: Iron Moth|37\/100\n|move|p1a: Iron Moth|Flamethrower|p2a: Articuno\n|-damage|p2a: Articuno|83\/100\n|-status|p2a: Articuno|brn\n|\n|-heal|p2a: Articuno|89\/100 brn|[from] item: Leftovers\n|-damage|p2a: Articuno|83\/100 brn|[from] brn\n|upkeep\n|turn|19\n|\n|t:|1700622568\n|move|p2a: Articuno|Tera Blast|p1a: Iron Moth|[anim] Tera Blast Fighting\n|-supereffective|p1a: Iron Moth\n|-damage|p1a: Iron Moth|0 fnt\n|faint|p1a: Iron Moth\n|-end|p1a: Iron Moth|Quark Drive|[silent]\n|\n|-heal|p2a: Articuno|89\/100 brn|[from] item: Leftovers\n|-damage|p2a: Articuno|83\/100 brn|[from] brn\n|upkeep\n|\n|t:|1700622575\n|switch|p1a: Zamazenta|Zamazenta|100\/100\n|turn|20\n|\n|t:|1700622586\n|move|p2a: Articuno|Stored Power|p1a: Zamazenta\n|-supereffective|p1a: Zamazenta\n|-damage|p1a: Zamazenta|0 fnt\n|faint|p1a: Zamazenta\n|\n|-heal|p2a: Articuno|89\/100 brn|[from] item: Leftovers\n|-damage|p2a: Articuno|83\/100 brn|[from] brn\n|upkeep\n|\n|t:|1700622590\n|switch|p1a: Quaquaval|Quaquaval, M|100\/100\n|turn|21\n|\n|t:|1700622594\n|move|p2a: Articuno|Stored Power|p1a: Quaquaval\n|-supereffective|p1a: Quaquaval\n|-damage|p1a: Quaquaval|0 fnt\n|faint|p1a: Quaquaval\n|\n|win|slucin\n|l|\u2606Slime2225\n|j|\u2606Slime2225\n|player|p1|Slime2225|101\n","uploadtime":1700622606,"views":30,"p1id":"slime2225","p2id":"slucin","formatid":"gen9ou","rating":0,"private":0,"password":""}