{"id":"gen9ou-1989495898","p1":"poketough","p2":"myouiminari37","format":"[Gen 9] OU","log":"|j|\u2606poketough\n|j|\u2606myouiminari37\n|inactive|Battle timer is ON: inactive players will automatically lose when time's up.\n|t:|1699860451\n|gametype|singles\n|player|p1|poketough|102|\n|player|p2|myouiminari37|lady|\n|teamsize|p1|3\n|teamsize|p2|3\n|gen|9\n|tier|[Gen 9] OU\n|rated|Tournament battle\n|rule|Sleep Clause Mod: Limit one foe put to sleep\n|rule|Species Clause: Limit one of each Pok\u00e9mon\n|rule|OHKO Clause: OHKO moves are banned\n|rule|Evasion Items Clause: Evasion items are banned\n|rule|Evasion Moves Clause: Evasion moves are banned\n|rule|Endless Battle Clause: Forcing endless battles is banned\n|rule|HP Percentage Mod: HP is shown in percentages\n|clearpoke\n|poke|p1|Pelipper, F|\n|poke|p1|Ludicolo, M|\n|poke|p1|Shellder, M|\n|poke|p2|Mienshao, F|\n|poke|p2|Hydreigon, F|\n|poke|p2|Mareanie, M|\n|teampreview\n|j|*Lady Monita \u2746\n|c|\u2606myouiminari37|o nah\n|inactive|poketough has 120 seconds left.\n|\n|t:|1699860482\n|start\n|switch|p1a: Pelipper|Pelipper, F|100\/100\n|switch|p2a: Hydreigon|Hydreigon, F, shiny|100\/100\n|-weather|RainDance|[from] ability: Drizzle|[of] p1a: Pelipper\n|turn|1\n|\n|t:|1699860491\n|move|p2a: Hydreigon|Substitute|p2a: Hydreigon\n|-start|p2a: Hydreigon|Substitute\n|-damage|p2a: Hydreigon|76\/100\n|move|p1a: Pelipper|U-turn|p2a: Hydreigon\n|-supereffective|p2a: Hydreigon\n|-activate|p2a: Hydreigon|move: Substitute|[damage]\n|\n|t:|1699860499\n|switch|p1a: Shellder|Shellder, M|100\/100|[from] U-turn\n|\n|-weather|RainDance|[upkeep]\n|-heal|p2a: Hydreigon|82\/100|[from] item: Leftovers\n|upkeep\n|turn|2\n|\n|t:|1699860505\n|move|p2a: Hydreigon|Dark Pulse|p1a: Shellder\n|-enditem|p1a: Shellder|Focus Sash\n|-damage|p1a: Shellder|1\/100\n|cant|p1a: Shellder|flinch\n|\n|-weather|RainDance|[upkeep]\n|-heal|p2a: Hydreigon|88\/100|[from] item: Leftovers\n|upkeep\n|turn|3\n|\n|t:|1699860514\n|move|p2a: Hydreigon|Dark Pulse|p1a: Shellder\n|-damage|p1a: Shellder|0 fnt\n|faint|p1a: Shellder\n|\n|-weather|RainDance|[upkeep]\n|-heal|p2a: Hydreigon|94\/100|[from] item: Leftovers\n|upkeep\n|c|\u2606poketough|f\n|c|\u2606myouiminari37|f\n|\n|t:|1699860520\n|switch|p1a: Pelipper|Pelipper, F|100\/100\n|turn|4\n|\n|t:|1699860528\n|-terastallize|p2a: Hydreigon|Steel\n|move|p2a: Hydreigon|Nasty Plot|p2a: Hydreigon\n|-boost|p2a: Hydreigon|spa|2\n|move|p1a: Pelipper|U-turn|p2a: Hydreigon\n|-resisted|p2a: Hydreigon\n|-end|p2a: Hydreigon|Substitute\n|\n|t:|1699860532\n|switch|p1a: Ludicolo|Ludicolo, M|100\/100|[from] U-turn\n|\n|-weather|RainDance|[upkeep]\n|-heal|p2a: Hydreigon|99\/100|[from] item: Leftovers\n|upkeep\n|turn|5\n|\n|t:|1699860539\n|move|p1a: Ludicolo|Surf|p2a: Hydreigon\n|-damage|p2a: Hydreigon|12\/100\n|-damage|p1a: Ludicolo|91\/100|[from] item: Life Orb\n|move|p2a: Hydreigon|Dark Pulse|p1a: Ludicolo\n|-damage|p1a: Ludicolo|0 fnt\n|faint|p1a: Ludicolo\n|\n|-weather|RainDance|[upkeep]\n|-heal|p2a: Hydreigon|18\/100|[from] item: Leftovers\n|upkeep\n|\n|t:|1699860555\n|switch|p1a: Pelipper|Pelipper, F|100\/100\n|turn|6\n|c|\u2606poketough|gg\n|c|\u2606myouiminari37|gg\n|\n|t:|1699860567\n|move|p2a: Hydreigon|Dark Pulse|p1a: Pelipper\n|-damage|p1a: Pelipper|0 fnt\n|faint|p1a: Pelipper\n|\n|win|myouiminari37\n|n|\u2606poketough|poketough\n|n|\u2606myouiminari37|myouiminari37\n|n|*Lady Monita \u2746|ladymonita\n","uploadtime":1699860569,"views":8,"p1id":"poketough","p2id":"myouiminari37","formatid":"gen9ou","rating":0,"private":0,"password":""}