{"id":"gen9ou-1993208510","p1":"cb dozo ftw","p2":"TreyB44","format":"[Gen 9] OU","log":"|j|\u2606cb dozo ftw\n|j|\u2606TreyB44\n|t:|1700278247\n|gametype|singles\n|player|p1|cb dozo ftw|adaman|1178\n|player|p2|TreyB44|burglar|1261\n|teamsize|p1|6\n|teamsize|p2|6\n|gen|9\n|tier|[Gen 9] OU\n|rated|\n|rule|Sleep Clause Mod: Limit one foe put to sleep\n|rule|Species Clause: Limit one of each Pok\u00e9mon\n|rule|OHKO Clause: OHKO moves are banned\n|rule|Evasion Items Clause: Evasion items are banned\n|rule|Evasion Moves Clause: Evasion moves are banned\n|rule|Endless Battle Clause: Forcing endless battles is banned\n|rule|HP Percentage Mod: HP is shown in percentages\n|clearpoke\n|poke|p1|Dondozo, F|\n|poke|p1|Iron Valiant|\n|poke|p1|Heatran, F|\n|poke|p1|Rillaboom, F|\n|poke|p1|Hatterene, F|\n|poke|p1|Kingambit, M|\n|poke|p2|Garganacl, F|\n|poke|p2|Great Tusk|\n|poke|p2|Dragapult, F|\n|poke|p2|Toxapex, M|\n|poke|p2|Zamazenta-*|\n|poke|p2|Rillaboom, F|\n|teampreview\n|inactive|Battle timer is ON: inactive players will automatically lose when time's up. (requested by cb dozo ftw)\n|inactive|cb dozo ftw has 120 seconds left.\n|inactive|TreyB44 has 120 seconds left.\n|\n|t:|1700278288\n|start\n|switch|p1a: Heatran|Heatran, F|100\/100\n|switch|p2a: Dragapult|Dragapult, F, shiny|100\/100\n|-item|p1a: Heatran|Air Balloon\n|turn|1\n|\n|t:|1700278295\n|move|p2a: Dragapult|U-turn|p1a: Heatran\n|-resisted|p1a: Heatran\n|-damage|p1a: Heatran|97\/100\n|-enditem|p1a: Heatran|Air Balloon\n|\n|t:|1700278305\n|switch|p2a: Toxapex|Toxapex, M, shiny|100\/100|[from] U-turn\n|move|p1a: Heatran|Magma Storm|p2a: Toxapex\n|-resisted|p2a: Toxapex\n|-damage|p2a: Toxapex|89\/100\n|-activate|p2a: Toxapex|move: Magma Storm|[of] p1a: Heatran\n|\n|-damage|p2a: Toxapex|76\/100|[from] move: Magma Storm|[partiallytrapped]\n|upkeep\n|turn|2\n|\n|t:|1700278321\n|move|p1a: Heatran|Earth Power|p2a: Toxapex\n|-supereffective|p2a: Toxapex\n|-damage|p2a: Toxapex|47\/100\n|move|p2a: Toxapex|Acid Spray|p1a: Heatran\n|-immune|p1a: Heatran\n|\n|-damage|p2a: Toxapex|35\/100|[from] move: Magma Storm|[partiallytrapped]\n|upkeep\n|turn|3\n|\n|t:|1700278342\n|move|p1a: Heatran|Stealth Rock|p2a: Toxapex\n|-sidestart|p2: TreyB44|move: Stealth Rock\n|move|p2a: Toxapex|Surf|p1a: Heatran\n|-supereffective|p1a: Heatran\n|-crit|p1a: Heatran\n|-damage|p1a: Heatran|42\/100\n|\n|-damage|p2a: Toxapex|23\/100|[from] move: Magma Storm|[partiallytrapped]\n|upkeep\n|turn|4\n|\n|t:|1700278353\n|move|p1a: Heatran|Earth Power|p2a: Toxapex\n|-supereffective|p2a: Toxapex\n|-damage|p2a: Toxapex|0 fnt\n|faint|p2a: Toxapex\n|\n|upkeep\n|\n|t:|1700278364\n|switch|p2a: Great Tusk|Great Tusk, shiny|100\/100\n|-damage|p2a: Great Tusk|97\/100|[from] Stealth Rock\n|-enditem|p2a: Great Tusk|Booster Energy\n|-activate|p2a: Great Tusk|ability: Protosynthesis|[fromitem]\n|-start|p2a: Great Tusk|protosynthesisspe\n|turn|5\n|\n|t:|1700278372\n|move|p2a: Great Tusk|Bulk Up|p2a: Great Tusk\n|-boost|p2a: Great Tusk|atk|1\n|-boost|p2a: Great Tusk|def|1\n|move|p1a: Heatran|Magma Storm|p2a: Great Tusk\n|-damage|p2a: Great Tusk|45\/100\n|-activate|p2a: Great Tusk|move: Magma Storm|[of] p1a: Heatran\n|\n|-damage|p2a: Great Tusk|32\/100|[from] move: Magma Storm|[partiallytrapped]\n|upkeep\n|turn|6\n|\n|t:|1700278382\n|switch|p1a: Rillaboom|Rillaboom, F|100\/100\n|-fieldstart|move: Grassy Terrain|[from] ability: Grassy Surge|[of] p1a: Rillaboom\n|move|p2a: Great Tusk|Earthquake|p1a: Rillaboom\n|-resisted|p1a: Rillaboom\n|-damage|p1a: Rillaboom|83\/100\n|\n|-heal|p2a: Great Tusk|39\/100|[from] Grassy Terrain\n|-heal|p1a: Rillaboom|89\/100|[from] Grassy Terrain\n|-end|p2a: Great Tusk|Magma Storm|[partiallytrapped]|[silent]\n|upkeep\n|turn|7\n|\n|t:|1700278396\n|-end|p2a: Great Tusk|Protosynthesis|[silent]\n|switch|p2a: Rillaboom|Rillaboom, F, shiny|100\/100\n|-damage|p2a: Rillaboom|88\/100|[from] Stealth Rock\n|move|p1a: Rillaboom|Grassy Glide|p2a: Rillaboom\n|-resisted|p2a: Rillaboom\n|-damage|p2a: Rillaboom|56\/100\n|\n|-heal|p2a: Rillaboom|62\/100|[from] Grassy Terrain\n|-heal|p1a: Rillaboom|95\/100|[from] Grassy Terrain\n|upkeep\n|turn|8\n|\n|t:|1700278407\n|switch|p1a: Heatran|Heatran, F|42\/100\n|move|p2a: Rillaboom|U-turn|p1a: Heatran\n|-resisted|p1a: Heatran\n|-damage|p1a: Heatran|34\/100\n|\n|t:|1700278417\n|switch|p2a: Great Tusk|Great Tusk, shiny|39\/100|[from] U-turn\n|-damage|p2a: Great Tusk|36\/100|[from] Stealth Rock\n|\n|-heal|p2a: Great Tusk|42\/100|[from] Grassy Terrain\n|-heal|p1a: Heatran|41\/100|[from] Grassy Terrain\n|upkeep\n|turn|9\n|\n|t:|1700278428\n|move|p2a: Great Tusk|Rapid Spin|p1a: Heatran\n|-resisted|p1a: Heatran\n|-damage|p1a: Heatran|34\/100\n|-boost|p2a: Great Tusk|spe|1\n|-sideend|p2: TreyB44|Stealth Rock|[from] move: Rapid Spin|[of] p2a: Great Tusk\n|move|p1a: Heatran|Magma Storm|p2a: Great Tusk\n|-damage|p2a: Great Tusk|0 fnt\n|faint|p2a: Great Tusk\n|-end|p2a: Great Tusk|Protosynthesis|[silent]\n|\n|-heal|p1a: Heatran|41\/100|[from] Grassy Terrain\n|upkeep\n|inactive|TreyB44 has 120 seconds left.\n|\n|t:|1700278448\n|switch|p2a: Dragapult|Dragapult, F, shiny|100\/100\n|turn|10\n|\n|t:|1700278452\n|move|p2a: Dragapult|Shadow Ball|p1a: Heatran\n|-damage|p1a: Heatran|17\/100\n|move|p1a: Heatran|Stealth Rock|p2a: Dragapult\n|-sidestart|p2: TreyB44|move: Stealth Rock\n|\n|-heal|p1a: Heatran|24\/100|[from] Grassy Terrain\n|-fieldend|move: Grassy Terrain\n|upkeep\n|turn|11\n|\n|t:|1700278460\n|move|p2a: Dragapult|Shadow Ball|p1a: Heatran\n|-damage|p1a: Heatran|1\/100\n|move|p1a: Heatran|Magma Storm|p2a: Dragapult|[miss]\n|-miss|p1a: Heatran|p2a: Dragapult\n|\n|upkeep\n|turn|12\n|\n|t:|1700278468\n|move|p2a: Dragapult|U-turn|p1a: Heatran\n|-resisted|p1a: Heatran\n|-damage|p1a: Heatran|0 fnt\n|faint|p1a: Heatran\n|\n|t:|1700278473\n|switch|p2a: Rillaboom|Rillaboom, F, shiny|62\/100|[from] U-turn\n|-damage|p2a: Rillaboom|50\/100|[from] Stealth Rock\n|-fieldstart|move: Grassy Terrain|[from] ability: Grassy Surge|[of] p2a: Rillaboom\n|\n|-heal|p2a: Rillaboom|56\/100|[from] Grassy Terrain\n|upkeep\n|\n|t:|1700278481\n|switch|p1a: Hatterene|Hatterene, F|100\/100\n|-enditem|p1a: Hatterene|Grassy Seed\n|-boost|p1a: Hatterene|def|1|[from] item: Grassy Seed\n|turn|13\n|\n|t:|1700278490\n|-terastallize|p2a: Rillaboom|Grass\n|move|p2a: Rillaboom|Wood Hammer|p1a: Hatterene\n|-damage|p1a: Hatterene|6\/100\n|-damage|p2a: Rillaboom|27\/100|[from] Recoil\n|move|p1a: Hatterene|Calm Mind|p1a: Hatterene\n|-boost|p1a: Hatterene|spa|1\n|-boost|p1a: Hatterene|spd|1\n|\n|-heal|p2a: Rillaboom|33\/100|[from] Grassy Terrain\n|-heal|p1a: Hatterene|12\/100|[from] Grassy Terrain\n|upkeep\n|turn|14\n|\n|t:|1700278502\n|move|p2a: Rillaboom|Wood Hammer|p1a: Hatterene\n|-damage|p1a: Hatterene|0 fnt\n|faint|p1a: Hatterene\n|-damage|p2a: Rillaboom|30\/100|[from] Recoil\n|\n|-heal|p2a: Rillaboom|36\/100|[from] Grassy Terrain\n|upkeep\n|\n|t:|1700278509\n|switch|p1a: Rillaboom|Rillaboom, F|95\/100\n|turn|15\n|\n|t:|1700278517\n|switch|p2a: Zamazenta|Zamazenta, shiny|100\/100\n|-damage|p2a: Zamazenta|94\/100|[from] Stealth Rock\n|-ability|p2a: Zamazenta|Dauntless Shield|boost\n|-boost|p2a: Zamazenta|def|1\n|move|p1a: Rillaboom|U-turn|p2a: Zamazenta\n|-resisted|p2a: Zamazenta\n|-damage|p2a: Zamazenta|84\/100\n|\n|t:|1700278521\n|switch|p1a: Iron Valiant|Iron Valiant|100\/100|[from] U-turn\n|-enditem|p1a: Iron Valiant|Booster Energy\n|-activate|p1a: Iron Valiant|ability: Quark Drive|[fromitem]\n|-start|p1a: Iron Valiant|quarkdrivespe\n|\n|-heal|p2a: Zamazenta|90\/100|[from] Grassy Terrain\n|-heal|p2a: Zamazenta|97\/100|[from] item: Leftovers\n|upkeep\n|turn|16\n|\n|t:|1700278536\n|-terastallize|p1a: Iron Valiant|Fairy\n|move|p1a: Iron Valiant|Moonblast|p2a: Zamazenta\n|-supereffective|p2a: Zamazenta\n|-crit|p2a: Zamazenta\n|-damage|p2a: Zamazenta|0 fnt\n|faint|p2a: Zamazenta\n|\n|-fieldend|move: Grassy Terrain\n|upkeep\n|\n|t:|1700278546\n|switch|p2a: Garganacl|Garganacl, F, shiny|100\/100\n|-damage|p2a: Garganacl|88\/100|[from] Stealth Rock\n|turn|17\n|\n|t:|1700278553\n|move|p1a: Iron Valiant|Moonblast|p2a: Garganacl\n|-damage|p2a: Garganacl|46\/100\n|move|p2a: Garganacl|Salt Cure|p1a: Iron Valiant\n|-damage|p1a: Iron Valiant|84\/100\n|-start|p1a: Iron Valiant|Salt Cure\n|\n|-heal|p2a: Garganacl|52\/100|[from] item: Leftovers\n|-damage|p1a: Iron Valiant|71\/100|[from] Salt Cure\n|upkeep\n|turn|18\n|\n|t:|1700278562\n|move|p2a: Garganacl|Protect|p2a: Garganacl\n|-singleturn|p2a: Garganacl|Protect\n|move|p1a: Iron Valiant|Calm Mind|p1a: Iron Valiant\n|-boost|p1a: Iron Valiant|spa|1\n|-boost|p1a: Iron Valiant|spd|1\n|\n|-heal|p2a: Garganacl|58\/100|[from] item: Leftovers\n|-damage|p1a: Iron Valiant|59\/100|[from] Salt Cure\n|upkeep\n|turn|19\n|\n|t:|1700278572\n|move|p1a: Iron Valiant|Moonblast|p2a: Garganacl\n|-damage|p2a: Garganacl|0 fnt\n|faint|p2a: Garganacl\n|\n|-damage|p1a: Iron Valiant|47\/100|[from] Salt Cure\n|upkeep\n|\n|t:|1700278580\n|switch|p2a: Rillaboom|Rillaboom, F, shiny, tera:Grass|36\/100\n|-damage|p2a: Rillaboom|23\/100|[from] Stealth Rock\n|-fieldstart|move: Grassy Terrain|[from] ability: Grassy Surge|[of] p2a: Rillaboom\n|turn|20\n|\n|t:|1700278585\n|move|p2a: Rillaboom|Grassy Glide|p1a: Iron Valiant\n|-damage|p1a: Iron Valiant|0 fnt\n|faint|p1a: Iron Valiant\n|-end|p1a: Iron Valiant|Quark Drive|[silent]\n|\n|-heal|p2a: Rillaboom|30\/100|[from] Grassy Terrain\n|upkeep\n|\n|t:|1700278589\n|switch|p1a: Erebus|Kingambit, M|100\/100\n|-activate|p1a: Erebus|ability: Supreme Overlord\n|-start|p1a: Erebus|fallen3|[silent]\n|turn|21\n|\n|t:|1700278609\n|move|p2a: Rillaboom|Grassy Glide|p1a: Erebus\n|-resisted|p1a: Erebus\n|-damage|p1a: Erebus|69\/100\n|move|p1a: Erebus|Kowtow Cleave|p2a: Rillaboom\n|-damage|p2a: Rillaboom|0 fnt\n|faint|p2a: Rillaboom\n|\n|-heal|p1a: Erebus|75\/100|[from] Grassy Terrain\n|upkeep\n|-message|TreyB44 forfeited.\n|\n|win|cb dozo ftw\n|raw|cb dozo ftw's rating: 1178 &rarr; <strong>1209<\/strong><br \/>(+31 for winning)\n|raw|TreyB44's rating: 1261 &rarr; <strong>1230<\/strong><br \/>(-31 for losing)\n|l|\u2606TreyB44\n","uploadtime":1700278632,"views":13,"p1id":"cbdozoftw","p2id":"treyb44","formatid":"gen9ou","rating":1209,"private":0,"password":""}