{"id":"gen9ou-1994968564","p1":"Blu42","p2":"casual-baby","format":"[Gen 9] OU","log":"|j|\u2606Blu42\n|j|\u2606casual-baby\n|t:|1700508989\n|gametype|singles\n|player|p1|Blu42|265|1076\n|player|p2|casual-baby|dawn|1102\n|teamsize|p1|6\n|teamsize|p2|6\n|gen|9\n|tier|[Gen 9] OU\n|rated|\n|rule|Sleep Clause Mod: Limit one foe put to sleep\n|rule|Species Clause: Limit one of each Pok\u00e9mon\n|rule|OHKO Clause: OHKO moves are banned\n|rule|Evasion Items Clause: Evasion items are banned\n|rule|Evasion Moves Clause: Evasion moves are banned\n|rule|Endless Battle Clause: Forcing endless battles is banned\n|rule|HP Percentage Mod: HP is shown in percentages\n|clearpoke\n|poke|p1|Lokix, M|\n|poke|p1|Ribombee, F|\n|poke|p1|Alomomola, M|\n|poke|p1|Hatterene, F|\n|poke|p1|Gholdengo|\n|poke|p1|Polteageist-Antique|\n|poke|p2|Glimmora, M|\n|poke|p2|Gholdengo|\n|poke|p2|Iron Moth|\n|poke|p2|Iron Valiant|\n|poke|p2|Dondozo, M|\n|poke|p2|Rillaboom, M|\n|teampreview\n|inactive|Battle timer is ON: inactive players will automatically lose when time's up. (requested by casual-baby)\n|j| Adampadum\n|c|\u2606casual-baby|gl hf\n|\n|t:|1700509000\n|start\n|switch|p1a: Ribombee|Ribombee, F, shiny|100\/100\n|switch|p2a: Glimmora|Glimmora, M|100\/100\n|turn|1\n|l| Adampadum\n|\n|t:|1700509008\n|move|p1a: Ribombee|Sticky Web|p2a: Glimmora\n|-sidestart|p2: casual-baby|move: Sticky Web\n|move|p2a: Glimmora|Sludge Bomb|p1a: Ribombee\n|-supereffective|p1a: Ribombee\n|-enditem|p1a: Ribombee|Focus Sash\n|-damage|p1a: Ribombee|1\/100\n|\n|upkeep\n|turn|2\n|\n|t:|1700509017\n|move|p1a: Ribombee|Energy Ball|p2a: Glimmora\n|-damage|p2a: Glimmora|67\/100\n|move|p2a: Glimmora|Sludge Bomb|p1a: Ribombee\n|-supereffective|p1a: Ribombee\n|-damage|p1a: Ribombee|0 fnt\n|faint|p1a: Ribombee\n|\n|upkeep\n|\n|t:|1700509033\n|switch|p1a: Gholdengo|Gholdengo, shiny|100\/100\n|turn|3\n|\n|t:|1700509035\n|move|p1a: Gholdengo|Make It Rain|p2a: Glimmora\n|-supereffective|p2a: Glimmora\n|-damage|p2a: Glimmora|0 fnt\n|-unboost|p1a: Gholdengo|spa|1\n|faint|p2a: Glimmora\n|\n|upkeep\n|\n|t:|1700509044\n|switch|p2a: Iron Moth|Iron Moth|100\/100\n|-activate|p2a: Iron Moth|move: Sticky Web\n|-unboost|p2a: Iron Moth|spe|1\n|-enditem|p2a: Iron Moth|Booster Energy\n|-activate|p2a: Iron Moth|ability: Quark Drive|[fromitem]\n|-start|p2a: Iron Moth|quarkdrivespa\n|turn|4\n|\n|t:|1700509050\n|switch|p1a: Alomomola|Alomomola, M, shiny|100\/100\n|move|p2a: Iron Moth|Fiery Dance|p1a: Alomomola\n|-resisted|p1a: Alomomola\n|-damage|p1a: Alomomola|68\/100\n|-boost|p2a: Iron Moth|spa|1\n|\n|upkeep\n|turn|5\n|\n|t:|1700509059\n|move|p2a: Iron Moth|Discharge|p1a: Alomomola\n|-supereffective|p1a: Alomomola\n|-damage|p1a: Alomomola|0 fnt\n|faint|p1a: Alomomola\n|\n|upkeep\n|\n|t:|1700509079\n|switch|p1a: Polteageist|Polteageist-Antique, shiny|100\/100\n|turn|6\n|\n|t:|1700509084\n|move|p1a: Polteageist|Shell Smash|p1a: Polteageist\n|-unboost|p1a: Polteageist|def|1\n|-unboost|p1a: Polteageist|spd|1\n|-boost|p1a: Polteageist|atk|2\n|-boost|p1a: Polteageist|spa|2\n|-boost|p1a: Polteageist|spe|2\n|move|p2a: Iron Moth|Fiery Dance|p1a: Polteageist\n|-enditem|p1a: Polteageist|Focus Sash\n|-damage|p1a: Polteageist|1\/100\n|\n|upkeep\n|turn|7\n|\n|t:|1700509094\n|move|p1a: Polteageist|Stored Power|p2a: Iron Moth\n|-supereffective|p2a: Iron Moth\n|-damage|p2a: Iron Moth|0 fnt\n|faint|p2a: Iron Moth\n|-end|p2a: Iron Moth|Quark Drive|[silent]\n|\n|upkeep\n|\n|t:|1700509099\n|switch|p2a: Rillaboom|Rillaboom, M|100\/100\n|-activate|p2a: Rillaboom|move: Sticky Web\n|-unboost|p2a: Rillaboom|spe|1\n|-fieldstart|move: Grassy Terrain|[from] ability: Grassy Surge|[of] p2a: Rillaboom\n|turn|8\n|\n|t:|1700509105\n|move|p2a: Rillaboom|Grassy Glide|p1a: Polteageist\n|-damage|p1a: Polteageist|0 fnt\n|faint|p1a: Polteageist\n|\n|upkeep\n|\n|t:|1700509113\n|switch|p1a: Lokix|Lokix, M, shiny|100\/100\n|turn|9\n|\n|t:|1700509120\n|move|p1a: Lokix|First Impression|p2a: Rillaboom\n|-supereffective|p2a: Rillaboom\n|-damage|p2a: Rillaboom|0 fnt\n|faint|p2a: Rillaboom\n|-damage|p1a: Lokix|91\/100|[from] item: Life Orb\n|\n|-heal|p1a: Lokix|97\/100|[from] Grassy Terrain\n|upkeep\n|\n|t:|1700509127\n|switch|p2a: Dondozo|Dondozo, M|100\/100\n|-activate|p2a: Dondozo|move: Sticky Web\n|-unboost|p2a: Dondozo|spe|1\n|turn|10\n|\n|t:|1700509133\n|move|p1a: Lokix|U-turn|p2a: Dondozo\n|-damage|p2a: Dondozo|81\/100\n|-damage|p1a: Lokix|87\/100|[from] item: Life Orb\n|\n|t:|1700509137\n|switch|p1a: Gholdengo|Gholdengo, shiny|100\/100|[from] U-turn\n|move|p2a: Dondozo|Body Press|p1a: Gholdengo\n|-immune|p1a: Gholdengo\n|\n|-heal|p2a: Dondozo|87\/100|[from] Grassy Terrain\n|-heal|p2a: Dondozo|94\/100|[from] item: Leftovers\n|upkeep\n|turn|11\n|\n|t:|1700509145\n|move|p1a: Gholdengo|Trick|p2a: Dondozo\n|-activate|p1a: Gholdengo|move: Trick|[of] p2a: Dondozo\n|-item|p2a: Dondozo|Choice Scarf|[from] move: Trick\n|-item|p1a: Gholdengo|Leftovers|[from] move: Trick\n|move|p2a: Dondozo|Wave Crash|p1a: Gholdengo\n|-damage|p1a: Gholdengo|58\/100\n|-damage|p2a: Dondozo|84\/100|[from] Recoil\n|\n|-heal|p1a: Gholdengo|64\/100|[from] Grassy Terrain\n|-heal|p1a: Gholdengo|70\/100|[from] item: Leftovers\n|-heal|p2a: Dondozo|91\/100|[from] Grassy Terrain\n|upkeep\n|turn|12\n|\n|t:|1700509154\n|move|p1a: Gholdengo|Make It Rain|p2a: Dondozo\n|-resisted|p2a: Dondozo\n|-damage|p2a: Dondozo|61\/100\n|-unboost|p1a: Gholdengo|spa|1\n|move|p2a: Dondozo|Wave Crash|p1a: Gholdengo\n|-damage|p1a: Gholdengo|23\/100\n|-damage|p2a: Dondozo|51\/100|[from] Recoil\n|\n|-heal|p1a: Gholdengo|29\/100|[from] Grassy Terrain\n|-heal|p1a: Gholdengo|35\/100|[from] item: Leftovers\n|-heal|p2a: Dondozo|58\/100|[from] Grassy Terrain\n|-fieldend|move: Grassy Terrain\n|upkeep\n|turn|13\n|\n|t:|1700509167\n|switch|p1a: Hatterene|Hatterene, F|100\/100\n|move|p2a: Dondozo|Wave Crash|p1a: Hatterene\n|-damage|p1a: Hatterene|57\/100\n|-damage|p2a: Dondozo|49\/100|[from] Recoil\n|\n|-heal|p1a: Hatterene|63\/100|[from] item: Leftovers\n|upkeep\n|turn|14\n|\n|t:|1700509175\n|move|p2a: Dondozo|Wave Crash|p1a: Hatterene\n|-damage|p1a: Hatterene|18\/100\n|-damage|p2a: Dondozo|39\/100|[from] Recoil\n|move|p1a: Hatterene|Draining Kiss|p2a: Dondozo\n|-damage|p2a: Dondozo|9\/100\n|-heal|p1a: Hatterene|53\/100|[from] drain|[of] p2a: Dondozo\n|\n|-heal|p1a: Hatterene|59\/100|[from] item: Leftovers\n|upkeep\n|turn|15\n|\n|t:|1700509183\n|move|p2a: Dondozo|Wave Crash|p1a: Hatterene\n|-damage|p1a: Hatterene|16\/100\n|-damage|p2a: Dondozo|0 fnt|[from] Recoil\n|faint|p2a: Dondozo\n|move|p1a: Hatterene|Draining Kiss|p2: Dondozo|[notarget]\n|-fail|p1a: Hatterene\n|\n|-heal|p1a: Hatterene|22\/100|[from] item: Leftovers\n|upkeep\n|\n|t:|1700509193\n|switch|p2a: Gholdengo|Gholdengo|100\/100\n|-activate|p2a: Gholdengo|move: Sticky Web\n|-unboost|p2a: Gholdengo|spe|1\n|turn|16\n|\n|t:|1700509200\n|move|p2a: Gholdengo|Shadow Ball|p1a: Hatterene\n|-supereffective|p1a: Hatterene\n|-damage|p1a: Hatterene|0 fnt\n|faint|p1a: Hatterene\n|-damage|p2a: Gholdengo|91\/100|[from] item: Life Orb\n|\n|upkeep\n|\n|t:|1700509206\n|switch|p1a: Lokix|Lokix, M, shiny|87\/100\n|turn|17\n|\n|t:|1700509216\n|-terastallize|p1a: Lokix|Bug\n|-terastallize|p2a: Gholdengo|Fairy\n|move|p1a: Lokix|First Impression|p2a: Gholdengo\n|-resisted|p2a: Gholdengo\n|-damage|p2a: Gholdengo|1\/100\n|-damage|p1a: Lokix|77\/100|[from] item: Life Orb\n|move|p2a: Gholdengo|Dazzling Gleam|p1a: Lokix\n|-damage|p1a: Lokix|0 fnt\n|faint|p1a: Lokix\n|-damage|p2a: Gholdengo|0 fnt|[from] item: Life Orb\n|faint|p2a: Gholdengo\n|\n|upkeep\n|\n|t:|1700509228\n|switch|p2a: Iron Valiant|Iron Valiant|100\/100\n|switch|p1a: Gholdengo|Gholdengo, shiny|35\/100\n|-activate|p2a: Iron Valiant|move: Sticky Web\n|-unboost|p2a: Iron Valiant|spe|1\n|-enditem|p2a: Iron Valiant|Booster Energy\n|-activate|p2a: Iron Valiant|ability: Quark Drive|[fromitem]\n|-start|p2a: Iron Valiant|quarkdriveatk\n|turn|18\n|\n|t:|1700509237\n|move|p1a: Gholdengo|Make It Rain|p2a: Iron Valiant\n|-supereffective|p2a: Iron Valiant\n|-damage|p2a: Iron Valiant|0 fnt\n|-unboost|p1a: Gholdengo|spa|1\n|faint|p2a: Iron Valiant\n|-end|p2a: Iron Valiant|Quark Drive|[silent]\n|\n|win|Blu42\n|raw|Blu42's rating: 1076 &rarr; <strong>1107<\/strong><br \/>(+31 for winning)\n|raw|casual-baby's rating: 1102 &rarr; <strong>1075<\/strong><br \/>(-27 for losing)\n|c|\u2606casual-baby|gg\n|l|\u2606casual-baby\n","uploadtime":1700509243,"views":8,"p1id":"blu42","p2id":"casualbaby","formatid":"gen9ou","rating":1075,"private":0,"password":""}