{"id":"gen9ou-1991545728","p1":"Vladimir47","p2":"Calydon","format":"[Gen 9] OU","log":"|j|\u2606Vladimir47\n|j|\u2606Calydon\n|t:|1700086965\n|gametype|singles\n|player|p1|Vladimir47|pokekid|1232\n|player|p2|Calydon|bugcatcher-gen4dp|1333\n|teamsize|p1|6\n|teamsize|p2|6\n|gen|9\n|tier|[Gen 9] OU\n|rated|\n|rule|Sleep Clause Mod: Limit one foe put to sleep\n|rule|Species Clause: Limit one of each Pok\u00e9mon\n|rule|OHKO Clause: OHKO moves are banned\n|rule|Evasion Items Clause: Evasion items are banned\n|rule|Evasion Moves Clause: Evasion moves are banned\n|rule|Endless Battle Clause: Forcing endless battles is banned\n|rule|HP Percentage Mod: HP is shown in percentages\n|clearpoke\n|poke|p1|Morpeko, F|\n|poke|p1|Iron Moth|\n|poke|p1|Ninetales-Alola, M|\n|poke|p1|Ceruledge, F|\n|poke|p1|Kommo-o, F|\n|poke|p1|Great Tusk|\n|poke|p2|Iron Jugulis|\n|poke|p2|Ogerpon-Wellspring, F|\n|poke|p2|Tinkaton, F|\n|poke|p2|Iron Moth|\n|poke|p2|Great Tusk|\n|poke|p2|Dragapult, M|\n|teampreview\n|\n|t:|1700086996\n|start\n|switch|p1a: Morpeko|Morpeko, F|100\/100\n|switch|p2a: Iron Moth|Iron Moth|100\/100\n|-enditem|p2a: Iron Moth|Booster Energy\n|-activate|p2a: Iron Moth|ability: Quark Drive|[fromitem]\n|-start|p2a: Iron Moth|quarkdrivespe\n|turn|1\n|\n|t:|1700087021\n|move|p2a: Iron Moth|Sludge Wave|p1a: Morpeko\n|-damage|p1a: Morpeko|8\/100\n|move|p1a: Morpeko|Aura Wheel|p2a: Iron Moth\n|-damage|p2a: Iron Moth|1\/100\n|-boost|p1a: Morpeko|spe|1\n|\n|-formechange|p1a: Morpeko|Morpeko-Hangry||[from] ability: Hunger Switch\n|upkeep\n|turn|2\n|\n|t:|1700087032\n|move|p2a: Iron Moth|Fiery Dance|p1a: Morpeko\n|-damage|p1a: Morpeko|0 fnt\n|-boost|p2a: Iron Moth|spa|1\n|faint|p1a: Morpeko\n|\n|upkeep\n|\n|t:|1700087037\n|switch|p1a: Ceruledge|Ceruledge, F|100\/100\n|turn|3\n|\n|t:|1700087048\n|move|p1a: Ceruledge|Shadow Sneak|p2a: Iron Moth\n|-damage|p2a: Iron Moth|0 fnt\n|faint|p2a: Iron Moth\n|-end|p2a: Iron Moth|Quark Drive|[silent]\n|\n|upkeep\n|\n|t:|1700087074\n|switch|p2a: Ogerpon|Ogerpon-Wellspring, F|100\/100\n|turn|4\n|\n|t:|1700087089\n|move|p2a: Ogerpon|U-turn|p1a: Ceruledge\n|-resisted|p1a: Ceruledge\n|-damage|p1a: Ceruledge|91\/100\n|-ability|p1a: Ceruledge|Weak Armor|boost\n|-unboost|p1a: Ceruledge|def|1\n|-boost|p1a: Ceruledge|spe|2\n|\n|t:|1700087114\n|switch|p2a: Dragapult|Dragapult, M|100\/100|[from] U-turn\n|move|p1a: Ceruledge|Swords Dance|p1a: Ceruledge\n|-boost|p1a: Ceruledge|atk|2\n|\n|upkeep\n|turn|5\n|\n|t:|1700087131\n|-terastallize|p1a: Ceruledge|Fire\n|move|p1a: Ceruledge|Bitter Blade|p2a: Dragapult\n|-resisted|p2a: Dragapult\n|-damage|p2a: Dragapult|16\/100\n|-heal|p1a: Ceruledge|100\/100|[from] drain|[of] p2a: Dragapult\n|move|p2a: Dragapult|Shadow Ball|p1a: Ceruledge\n|-damage|p1a: Ceruledge|44\/100\n|\n|upkeep\n|turn|6\n|\n|t:|1700087144\n|move|p1a: Ceruledge|Shadow Sneak|p2a: Dragapult\n|-supereffective|p2a: Dragapult\n|-damage|p2a: Dragapult|0 fnt\n|faint|p2a: Dragapult\n|\n|upkeep\n|\n|t:|1700087161\n|switch|p2a: Ogerpon|Ogerpon-Wellspring, F|100\/100\n|turn|7\n|\n|t:|1700087178\n|-terastallize|p2a: Ogerpon|Water\n|detailschange|p2a: Ogerpon|Ogerpon-Wellspring-Tera, F, tera:Water\n|-ability|p2a: Ogerpon|Embody Aspect (Wellspring)|boost\n|-boost|p2a: Ogerpon|spd|1\n|move|p1a: Ceruledge|Bitter Blade|p2a: Ogerpon\n|-resisted|p2a: Ogerpon\n|-damage|p2a: Ogerpon|15\/100\n|-heal|p1a: Ceruledge|88\/100|[from] drain|[of] p2a: Ogerpon\n|move|p2a: Ogerpon|Ivy Cudgel|p1a: Ceruledge|[anim] Ivy Cudgel Water\n|-supereffective|p1a: Ceruledge\n|-damage|p1a: Ceruledge|0 fnt\n|faint|p1a: Ceruledge\n|\n|upkeep\n|\n|t:|1700087192\n|switch|p1a: Ninetales|Ninetales-Alola, M|100\/100\n|-weather|Snow|[from] ability: Snow Warning|[of] p1a: Ninetales\n|turn|8\n|\n|t:|1700087200\n|move|p2a: Ogerpon|Horn Leech|p1a: Ninetales\n|-damage|p1a: Ninetales|62\/100\n|-heal|p2a: Ogerpon|38\/100|[from] drain|[of] p1a: Ninetales\n|move|p1a: Ninetales|Moonblast|p2a: Ogerpon\n|-damage|p2a: Ogerpon|14\/100\n|\n|-weather|Snow|[upkeep]\n|upkeep\n|turn|9\n|\n|t:|1700087216\n|move|p2a: Ogerpon|Ivy Cudgel|p1a: Ninetales|[anim] Ivy Cudgel Water\n|-damage|p1a: Ninetales|0 fnt\n|faint|p1a: Ninetales\n|\n|-weather|Snow|[upkeep]\n|upkeep\n|\n|t:|1700087230\n|switch|p1a: Kommo-o|Kommo-o, F|100\/100\n|turn|10\n|\n|t:|1700087278\n|move|p2a: Ogerpon|Ivy Cudgel|p1a: Kommo-o|[anim] Ivy Cudgel Water\n|-resisted|p1a: Kommo-o\n|-damage|p1a: Kommo-o|62\/100\n|move|p1a: Kommo-o|Clangorous Soul|p1a: Kommo-o\n|-boost|p1a: Kommo-o|atk|1\n|-boost|p1a: Kommo-o|def|1\n|-boost|p1a: Kommo-o|spa|1\n|-boost|p1a: Kommo-o|spd|1\n|-boost|p1a: Kommo-o|spe|1\n|-damage|p1a: Kommo-o|29\/100\n|-enditem|p1a: Kommo-o|Throat Spray\n|-boost|p1a: Kommo-o|spa|1|[from] item: Throat Spray\n|\n|-weather|Snow|[upkeep]\n|upkeep\n|turn|11\n|\n|t:|1700087293\n|move|p1a: Kommo-o|Boomburst|p2a: Ogerpon\n|-damage|p2a: Ogerpon|0 fnt\n|faint|p2a: Ogerpon\n|\n|-weather|Snow|[upkeep]\n|upkeep\n|\n|t:|1700087301\n|switch|p2a: TWINKATON|Tinkaton, F|100\/100\n|-item|p2a: TWINKATON|Air Balloon\n|turn|12\n|\n|t:|1700087319\n|move|p1a: Kommo-o|Drain Punch|p2a: TWINKATON\n|-damage|p2a: TWINKATON|55\/100\n|-heal|p1a: Kommo-o|58\/100|[from] drain|[of] p2a: TWINKATON\n|-enditem|p2a: TWINKATON|Air Balloon\n|move|p2a: TWINKATON|Play Rough|p1a: Kommo-o\n|-supereffective|p1a: Kommo-o\n|-damage|p1a: Kommo-o|0 fnt\n|faint|p1a: Kommo-o\n|\n|-weather|none\n|upkeep\n|\n|t:|1700087329\n|switch|p1a: Iron Moth|Iron Moth|100\/100\n|-enditem|p1a: Iron Moth|Booster Energy\n|-activate|p1a: Iron Moth|ability: Quark Drive|[fromitem]\n|-start|p1a: Iron Moth|quarkdrivespe\n|turn|13\n|\n|t:|1700087336\n|move|p1a: Iron Moth|Fiery Dance|p2a: TWINKATON\n|-supereffective|p2a: TWINKATON\n|-damage|p2a: TWINKATON|0 fnt\n|faint|p2a: TWINKATON\n|\n|upkeep\n|\n|t:|1700087343\n|switch|p2a: Iron Jugulis|Iron Jugulis|100\/100\n|-enditem|p2a: Iron Jugulis|Booster Energy\n|-activate|p2a: Iron Jugulis|ability: Quark Drive|[fromitem]\n|-start|p2a: Iron Jugulis|quarkdrivespe\n|turn|14\n|inactive|Battle timer is ON: inactive players will automatically lose when time's up. (requested by Calydon)\n|\n|t:|1700087367\n|move|p1a: Iron Moth|Fiery Dance|p2a: Iron Jugulis\n|-damage|p2a: Iron Jugulis|45\/100\n|move|p2a: Iron Jugulis|Earth Power|p1a: Iron Moth\n|-supereffective|p1a: Iron Moth\n|-damage|p1a: Iron Moth|0 fnt\n|faint|p1a: Iron Moth\n|-end|p1a: Iron Moth|Quark Drive|[silent]\n|\n|upkeep\n|\n|t:|1700087373\n|switch|p1a: Great Tusk|Great Tusk|100\/100\n|turn|15\n|\n|t:|1700087377\n|move|p2a: Iron Jugulis|Hurricane|p1a: Great Tusk\n|-supereffective|p1a: Great Tusk\n|-crit|p1a: Great Tusk\n|-damage|p1a: Great Tusk|0 fnt\n|faint|p1a: Great Tusk\n|-end|p1a: Great Tusk|Protosynthesis|[silent]\n|\n|win|Calydon\n|raw|Vladimir47's rating: 1232 &rarr; <strong>1214<\/strong><br \/>(-18 for losing)\n|raw|Calydon's rating: 1333 &rarr; <strong>1347<\/strong><br \/>(+14 for winning)\n|l|\u2606Vladimir47\n|c|\u2606Calydon|gg\n","uploadtime":1700087388,"views":8,"p1id":"vladimir47","p2id":"calydon","formatid":"gen9ou","rating":1214,"private":0,"password":""}