{"id":"gen9ou-1992505828","p1":"Pumpkinsausage1","p2":"RepeatUntilTired3","format":"[Gen 9] OU","log":"|j|\u2606Pumpkinsausage1\n|j|\u2606RepeatUntilTired3\n|t:|1700196439\n|gametype|singles\n|player|p1|Pumpkinsausage1|101|1509\n|player|p2|RepeatUntilTired3|marlon|1501\n|teamsize|p1|6\n|teamsize|p2|6\n|gen|9\n|tier|[Gen 9] OU\n|rated|\n|rule|Sleep Clause Mod: Limit one foe put to sleep\n|rule|Species Clause: Limit one of each Pok\u00e9mon\n|rule|OHKO Clause: OHKO moves are banned\n|rule|Evasion Items Clause: Evasion items are banned\n|rule|Evasion Moves Clause: Evasion moves are banned\n|rule|Endless Battle Clause: Forcing endless battles is banned\n|rule|HP Percentage Mod: HP is shown in percentages\n|clearpoke\n|poke|p1|Rillaboom, M|\n|poke|p1|Gholdengo|\n|poke|p1|Toxapex, F|\n|poke|p1|Garganacl, M|\n|poke|p1|Great Tusk|\n|poke|p1|Dondozo, F|\n|poke|p2|Basculegion, M|\n|poke|p2|Iron Treads|\n|poke|p2|Tornadus-Therian, M|\n|poke|p2|Pelipper, M|\n|poke|p2|Chesnaught, M|\n|poke|p2|Manaphy|\n|teampreview\n|inactive|Battle timer is ON: inactive players will automatically lose when time's up. (requested by RepeatUntilTired3)\n|\n|t:|1700196446\n|start\n|switch|p1a: Great Tusks|Garganacl, M|100\/100\n|switch|p2a: Pelipper|Pelipper, M|100\/100\n|-weather|RainDance|[from] ability: Drizzle|[of] p2a: Pelipper\n|turn|1\n|\n|t:|1700196453\n|-terastallize|p1a: Great Tusks|Fairy\n|move|p2a: Pelipper|Surf|p1a: Great Tusks\n|-damage|p1a: Great Tusks|62\/100\n|move|p1a: Great Tusks|Salt Cure|p2a: Pelipper\n|-supereffective|p2a: Pelipper\n|-damage|p2a: Pelipper|72\/100\n|-start|p2a: Pelipper|Salt Cure\n|\n|-weather|RainDance|[upkeep]\n|-heal|p1a: Great Tusks|68\/100|[from] item: Leftovers\n|-damage|p2a: Pelipper|47\/100|[from] Salt Cure\n|upkeep\n|turn|2\n|\n|t:|1700196465\n|switch|p2a: Iron Treads|Iron Treads|100\/100\n|move|p1a: Great Tusks|Salt Cure|p2a: Iron Treads\n|-resisted|p2a: Iron Treads\n|-damage|p2a: Iron Treads|98\/100\n|-start|p2a: Iron Treads|Salt Cure\n|\n|-weather|RainDance|[upkeep]\n|-heal|p2a: Iron Treads|100\/100|[from] item: Leftovers\n|-heal|p1a: Great Tusks|74\/100|[from] item: Leftovers\n|-damage|p2a: Iron Treads|75\/100|[from] Salt Cure\n|upkeep\n|turn|3\n|\n|t:|1700196476\n|move|p2a: Iron Treads|Stealth Rock|p1a: Great Tusks\n|-sidestart|p1: Pumpkinsausage1|move: Stealth Rock\n|move|p1a: Great Tusks|Stealth Rock|p2a: Iron Treads\n|-sidestart|p2: RepeatUntilTired3|move: Stealth Rock\n|\n|-weather|RainDance|[upkeep]\n|-heal|p2a: Iron Treads|82\/100|[from] item: Leftovers\n|-heal|p1a: Great Tusks|80\/100|[from] item: Leftovers\n|-damage|p2a: Iron Treads|57\/100|[from] Salt Cure\n|upkeep\n|turn|4\n|\n|t:|1700196484\n|-end|p2a: Iron Treads|Quark Drive|[silent]\n|switch|p2a: Manaphy|Manaphy|100\/100\n|move|p1a: Great Tusks|Protect||[still]\n|-fail|p1a: Great Tusks\n|\n|-weather|RainDance|[upkeep]\n|-heal|p1a: Great Tusks|86\/100|[from] item: Leftovers\n|upkeep\n|turn|5\n|\n|t:|1700196501\n|switch|p1a: Glisscor|Gholdengo|100\/100\n|-damage|p1a: Glisscor|94\/100|[from] Stealth Rock\n|move|p2a: Manaphy|Tail Glow|p2a: Manaphy\n|-boost|p2a: Manaphy|spa|3\n|\n|-weather|RainDance|[upkeep]\n|upkeep\n|turn|6\n|\n|t:|1700196515\n|switch|p2a: Iron Treads|Iron Treads|57\/100\n|-damage|p2a: Iron Treads|54\/100|[from] Stealth Rock\n|move|p1a: Glisscor|Trick|p2a: Iron Treads\n|-activate|p1a: Glisscor|move: Trick|[of] p2a: Iron Treads\n|-item|p2a: Iron Treads|Choice Scarf|[from] move: Trick\n|-item|p1a: Glisscor|Leftovers|[from] move: Trick\n|\n|-weather|RainDance|[upkeep]\n|-heal|p1a: Glisscor|100\/100|[from] item: Leftovers\n|upkeep\n|turn|7\n|\n|t:|1700196541\n|switch|p1a: Great Tusk|Great Tusk|100\/100\n|-damage|p1a: Great Tusk|98\/100|[from] Stealth Rock\n|-end|p2a: Iron Treads|Quark Drive|[silent]\n|switch|p2a: Chesnaught|Chesnaught, M|100\/100\n|-damage|p2a: Chesnaught|94\/100|[from] Stealth Rock\n|\n|-weather|RainDance|[upkeep]\n|-heal|p2a: Chesnaught|100\/100|[from] item: Leftovers\n|upkeep\n|turn|8\n|\n|t:|1700196553\n|move|p1a: Great Tusk|Rapid Spin|p2a: Chesnaught\n|-damage|p2a: Chesnaught|91\/100\n|-boost|p1a: Great Tusk|spe|1\n|-sideend|p1: Pumpkinsausage1|Stealth Rock|[from] move: Rapid Spin|[of] p1a: Great Tusk\n|move|p2a: Chesnaught|Iron Defense|p2a: Chesnaught\n|-boost|p2a: Chesnaught|def|2\n|\n|-weather|none\n|-heal|p2a: Chesnaught|97\/100|[from] item: Leftovers\n|upkeep\n|turn|9\n|\n|t:|1700196566\n|-end|p1a: Great Tusk|Protosynthesis|[silent]\n|switch|p1a: Great Tusks|Garganacl, M, tera:Fairy|86\/100\n|move|p2a: Chesnaught|Spikes|p1a: Great Tusks\n|-sidestart|p1: Pumpkinsausage1|Spikes\n|\n|-heal|p2a: Chesnaught|100\/100|[from] item: Leftovers\n|-heal|p1a: Great Tusks|93\/100|[from] item: Leftovers\n|upkeep\n|turn|10\n|\n|t:|1700196575\n|move|p2a: Chesnaught|Spikes|p1a: Great Tusks\n|-sidestart|p1: Pumpkinsausage1|Spikes\n|move|p1a: Great Tusks|Salt Cure|p2a: Chesnaught\n|-resisted|p2a: Chesnaught\n|-damage|p2a: Chesnaught|98\/100\n|-start|p2a: Chesnaught|Salt Cure\n|\n|-heal|p2a: Chesnaught|100\/100|[from] item: Leftovers\n|-heal|p1a: Great Tusks|99\/100|[from] item: Leftovers\n|-damage|p2a: Chesnaught|88\/100|[from] Salt Cure\n|upkeep\n|turn|11\n|\n|t:|1700196586\n|move|p2a: Chesnaught|Knock Off|p1a: Great Tusks\n|-resisted|p1a: Great Tusks\n|-damage|p1a: Great Tusks|93\/100\n|-enditem|p1a: Great Tusks|Leftovers|[from] move: Knock Off|[of] p2a: Chesnaught\n|move|p1a: Great Tusks|Salt Cure|p2a: Chesnaught\n|-resisted|p2a: Chesnaught\n|-damage|p2a: Chesnaught|86\/100\n|\n|-heal|p2a: Chesnaught|92\/100|[from] item: Leftovers\n|-damage|p2a: Chesnaught|79\/100|[from] Salt Cure\n|upkeep\n|turn|12\n|\n|t:|1700196602\n|move|p2a: Chesnaught|Body Press|p1a: Great Tusks\n|-resisted|p1a: Great Tusks\n|-damage|p1a: Great Tusks|72\/100\n|move|p1a: Great Tusks|Salt Cure|p2a: Chesnaught\n|-resisted|p2a: Chesnaught\n|-damage|p2a: Chesnaught|77\/100\n|\n|-heal|p2a: Chesnaught|83\/100|[from] item: Leftovers\n|-damage|p2a: Chesnaught|71\/100|[from] Salt Cure\n|upkeep\n|turn|13\n|\n|t:|1700196611\n|move|p2a: Chesnaught|Spikes|p1a: Great Tusks\n|-sidestart|p1: Pumpkinsausage1|Spikes\n|move|p1a: Great Tusks|Salt Cure|p2a: Chesnaught\n|-resisted|p2a: Chesnaught\n|-damage|p2a: Chesnaught|68\/100\n|\n|-heal|p2a: Chesnaught|74\/100|[from] item: Leftovers\n|-damage|p2a: Chesnaught|62\/100|[from] Salt Cure\n|upkeep\n|turn|14\n|\n|t:|1700196619\n|move|p2a: Chesnaught|Iron Defense|p2a: Chesnaught\n|-boost|p2a: Chesnaught|def|2\n|move|p1a: Great Tusks|Salt Cure|p2a: Chesnaught\n|-resisted|p2a: Chesnaught\n|-damage|p2a: Chesnaught|60\/100\n|\n|-heal|p2a: Chesnaught|66\/100|[from] item: Leftovers\n|-damage|p2a: Chesnaught|54\/100|[from] Salt Cure\n|upkeep\n|turn|15\n|\n|t:|1700196627\n|move|p1a: Great Tusks|Protect|p1a: Great Tusks\n|-singleturn|p1a: Great Tusks|Protect\n|move|p2a: Chesnaught|Iron Defense|p2a: Chesnaught\n|-boost|p2a: Chesnaught|def|2\n|\n|-heal|p2a: Chesnaught|60\/100|[from] item: Leftovers\n|-damage|p2a: Chesnaught|47\/100|[from] Salt Cure\n|upkeep\n|turn|16\n|\n|t:|1700196635\n|move|p2a: Chesnaught|Body Press|p1a: Great Tusks\n|-resisted|p1a: Great Tusks\n|-damage|p1a: Great Tusks|28\/100\n|move|p1a: Great Tusks|Recover|p1a: Great Tusks\n|-heal|p1a: Great Tusks|78\/100\n|\n|-heal|p2a: Chesnaught|54\/100|[from] item: Leftovers\n|-damage|p2a: Chesnaught|41\/100|[from] Salt Cure\n|upkeep\n|turn|17\n|\n|t:|1700196649\n|switch|p2a: Manaphy|Manaphy|100\/100\n|move|p1a: Great Tusks|Protect||[still]\n|-fail|p1a: Great Tusks\n|\n|upkeep\n|turn|18\n|\n|t:|1700196655\n|move|p2a: Manaphy|Tail Glow|p2a: Manaphy\n|-boost|p2a: Manaphy|spa|3\n|move|p1a: Great Tusks|Salt Cure|p2a: Manaphy\n|-crit|p2a: Manaphy\n|-damage|p2a: Manaphy|83\/100\n|-start|p2a: Manaphy|Salt Cure\n|\n|-damage|p2a: Manaphy|58\/100|[from] Salt Cure\n|upkeep\n|turn|19\n|\n|t:|1700196662\n|move|p1a: Great Tusks|Protect|p1a: Great Tusks\n|-singleturn|p1a: Great Tusks|Protect\n|move|p2a: Manaphy|Surf|p1a: Great Tusks\n|-activate|p1a: Great Tusks|move: Protect\n|\n|-damage|p2a: Manaphy|33\/100|[from] Salt Cure\n|upkeep\n|turn|20\n|\n|t:|1700196674\n|switch|p1a: Garganacal|Toxapex, F|100\/100\n|-damage|p1a: Garganacal|75\/100|[from] Spikes\n|move|p2a: Manaphy|Surf|p1a: Garganacal\n|-resisted|p1a: Garganacal\n|-damage|p1a: Garganacal|40\/100\n|\n|-heal|p1a: Garganacal|46\/100|[from] item: Black Sludge\n|-damage|p2a: Manaphy|8\/100|[from] Salt Cure\n|upkeep\n|turn|21\n|\n|t:|1700196685\n|switch|p2a: Pelipper|Pelipper, M|47\/100\n|-damage|p2a: Pelipper|22\/100|[from] Stealth Rock\n|-weather|RainDance|[from] ability: Drizzle|[of] p2a: Pelipper\n|move|p1a: Garganacal|Recover|p1a: Garganacal\n|-heal|p1a: Garganacal|96\/100\n|\n|-weather|RainDance|[upkeep]\n|-heal|p1a: Garganacal|100\/100|[from] item: Black Sludge\n|upkeep\n|turn|22\n|\n|t:|1700196696\n|move|p2a: Pelipper|Roost|p2a: Pelipper\n|-heal|p2a: Pelipper|73\/100\n|-singleturn|p2a: Pelipper|move: Roost\n|move|p1a: Garganacal|Toxic|p2a: Pelipper\n|-status|p2a: Pelipper|tox\n|\n|-weather|RainDance|[upkeep]\n|-damage|p2a: Pelipper|66\/100 tox|[from] psn\n|upkeep\n|turn|23\n|\n|t:|1700196719\n|switch|p1a: Great Tusks|Garganacl, M, tera:Fairy|78\/100\n|-damage|p1a: Great Tusks|53\/100|[from] Spikes\n|move|p2a: Pelipper|U-turn|p1a: Great Tusks\n|-resisted|p1a: Great Tusks\n|-damage|p1a: Great Tusks|50\/100\n|\n|t:|1700196725\n|switch|p2a: Tornadus|Tornadus-Therian, M|100\/100|[from] U-turn\n|-damage|p2a: Tornadus|76\/100|[from] Stealth Rock\n|\n|-weather|RainDance|[upkeep]\n|upkeep\n|turn|24\n|\n|t:|1700196730\n|move|p1a: Great Tusks|Protect|p1a: Great Tusks\n|-singleturn|p1a: Great Tusks|Protect\n|move|p2a: Tornadus|Hurricane|p1a: Great Tusks\n|-activate|p1a: Great Tusks|move: Protect\n|\n|-weather|RainDance|[upkeep]\n|upkeep\n|turn|25\n|\n|t:|1700196747\n|switch|p1a: Garganacal|Toxapex, F|100\/100\n|-damage|p1a: Garganacal|75\/100|[from] Spikes\n|move|p2a: Tornadus|Hurricane|p1a: Garganacal\n|-damage|p1a: Garganacal|29\/100\n|\n|-weather|RainDance|[upkeep]\n|-heal|p1a: Garganacal|35\/100|[from] item: Black Sludge\n|upkeep\n|turn|26\n|\n|t:|1700196758\n|switch|p1a: Glisscor|Gholdengo|100\/100\n|-damage|p1a: Glisscor|76\/100|[from] Spikes\n|move|p2a: Tornadus|Hurricane|p1a: Glisscor\n|-resisted|p1a: Glisscor\n|-damage|p1a: Glisscor|31\/100\n|\n|-weather|RainDance|[upkeep]\n|-heal|p1a: Glisscor|37\/100|[from] item: Leftovers\n|upkeep\n|turn|27\n|\n|t:|1700196766\n|move|p2a: Tornadus|Hurricane|p1a: Glisscor\n|-resisted|p1a: Glisscor\n|-damage|p1a: Glisscor|0 fnt\n|faint|p1a: Glisscor\n|\n|-weather|RainDance|[upkeep]\n|upkeep\n|\n|t:|1700196777\n|switch|p1a: Great Tusks|Garganacl, M, tera:Fairy|50\/100\n|-damage|p1a: Great Tusks|25\/100|[from] Spikes\n|turn|28\n|\n|t:|1700196780\n|move|p1a: Great Tusks|Protect|p1a: Great Tusks\n|-singleturn|p1a: Great Tusks|Protect\n|move|p2a: Tornadus|Hurricane|p1a: Great Tusks\n|-activate|p1a: Great Tusks|move: Protect\n|\n|-weather|none\n|upkeep\n|turn|29\n|\n|t:|1700196789\n|move|p2a: Tornadus|Hurricane|p1a: Great Tusks|[miss]\n|-miss|p2a: Tornadus|p1a: Great Tusks\n|move|p1a: Great Tusks|Recover|p1a: Great Tusks\n|-heal|p1a: Great Tusks|75\/100\n|\n|upkeep\n|turn|30\n|\n|t:|1700196796\n|move|p2a: Tornadus|Hurricane|p1a: Great Tusks\n|-damage|p1a: Great Tusks|3\/100\n|move|p1a: Great Tusks|Salt Cure|p2a: Tornadus\n|-supereffective|p2a: Tornadus\n|-damage|p2a: Tornadus|39\/100\n|-start|p2a: Tornadus|Salt Cure\n|\n|-damage|p2a: Tornadus|27\/100|[from] Salt Cure\n|upkeep\n|turn|31\n|\n|t:|1700196806\n|switch|p2a: Basculegion|Basculegion, M|100\/100\n|-damage|p2a: Basculegion|88\/100|[from] Stealth Rock\n|move|p1a: Great Tusks|Recover|p1a: Great Tusks\n|-heal|p1a: Great Tusks|53\/100\n|\n|upkeep\n|turn|32\n|\n|t:|1700196825\n|switch|p1a: Dondozo|Dondozo, F|100\/100\n|-damage|p1a: Dondozo|75\/100|[from] Spikes\n|move|p2a: Basculegion|Wave Crash|p1a: Dondozo\n|-resisted|p1a: Dondozo\n|-damage|p1a: Dondozo|55\/100\n|-damage|p2a: Basculegion|80\/100|[from] Recoil\n|\n|upkeep\n|turn|33\n|\n|t:|1700196841\n|switch|p2a: Pelipper|Pelipper, M|66\/100 tox\n|-damage|p2a: Pelipper|42\/100 tox|[from] Stealth Rock\n|-weather|RainDance|[from] ability: Drizzle|[of] p2a: Pelipper\n|move|p1a: Dondozo|Wave Crash|p2a: Pelipper\n|-resisted|p2a: Pelipper\n|-damage|p2a: Pelipper|0 fnt\n|faint|p2a: Pelipper\n|-damage|p1a: Dondozo|47\/100|[from] Recoil\n|\n|-weather|RainDance|[upkeep]\n|upkeep\n|\n|t:|1700196854\n|switch|p2a: Manaphy|Manaphy|8\/100\n|turn|34\n|\n|t:|1700196857\n|move|p2a: Manaphy|Rest|p2a: Manaphy\n|-status|p2a: Manaphy|slp|[from] move: Rest\n|-heal|p2a: Manaphy|100\/100 slp|[silent]\n|move|p1a: Dondozo|Wave Crash|p2a: Manaphy\n|-resisted|p2a: Manaphy\n|-damage|p2a: Manaphy|54\/100 slp\n|-damage|p1a: Dondozo|34\/100|[from] Recoil\n|\n|-weather|RainDance|[upkeep]\n|-activate|p2a: Manaphy|ability: Hydration\n|-curestatus|p2a: Manaphy|slp|[msg]\n|upkeep\n|turn|35\n|\n|t:|1700196868\n|move|p2a: Manaphy|Tail Glow|p2a: Manaphy\n|-boost|p2a: Manaphy|spa|3\n|move|p1a: Dondozo|Wave Crash|p2a: Manaphy\n|-resisted|p2a: Manaphy\n|-damage|p2a: Manaphy|6\/100\n|-damage|p1a: Dondozo|22\/100|[from] Recoil\n|\n|-weather|RainDance|[upkeep]\n|upkeep\n|turn|36\n|\n|t:|1700196876\n|switch|p1a: Rillaboom|Rillaboom, M|100\/100\n|-damage|p1a: Rillaboom|76\/100|[from] Spikes\n|-fieldstart|move: Grassy Terrain|[from] ability: Grassy Surge|[of] p1a: Rillaboom\n|move|p2a: Manaphy|Rest|p2a: Manaphy\n|-status|p2a: Manaphy|slp|[from] move: Rest\n|-heal|p2a: Manaphy|100\/100 slp|[silent]\n|\n|-weather|RainDance|[upkeep]\n|-heal|p1a: Rillaboom|82\/100|[from] Grassy Terrain\n|-activate|p2a: Manaphy|ability: Hydration\n|-curestatus|p2a: Manaphy|slp|[msg]\n|upkeep\n|turn|37\n|\n|t:|1700196889\n|-terastallize|p2a: Manaphy|Grass\n|move|p1a: Rillaboom|Grassy Glide|p2a: Manaphy\n|-resisted|p2a: Manaphy\n|-damage|p2a: Manaphy|76\/100\n|move|p2a: Manaphy|Surf|p1a: Rillaboom\n|-resisted|p1a: Rillaboom\n|-damage|p1a: Rillaboom|0 fnt\n|faint|p1a: Rillaboom\n|\n|-weather|RainDance|[upkeep]\n|-heal|p2a: Manaphy|82\/100|[from] Grassy Terrain\n|upkeep\n|-message|Pumpkinsausage1 forfeited.\n|\n|win|RepeatUntilTired3\n|raw|Pumpkinsausage1's rating: 1509 &rarr; <strong>1489<\/strong><br \/>(-20 for losing)\n|raw|RepeatUntilTired3's rating: 1501 &rarr; <strong>1521<\/strong><br \/>(+20 for winning)\n|l|\u2606Pumpkinsausage1\n","uploadtime":1700196900,"views":10,"p1id":"pumpkinsausage1","p2id":"repeatuntiltired3","formatid":"gen9ou","rating":1489,"private":0,"password":""}