{"id":"gen9ou-1996736897","p1":"pokemanpablotest","p2":"Ansoni777","format":"[Gen 9] OU","log":"|j|\u2606pokemanpablotest\n|j|\u2606Ansoni777\n|t:|1700716736\n|gametype|singles\n|player|p1|pokemanpablotest|102|1147\n|player|p2|Ansoni777|101|1180\n|teamsize|p1|6\n|teamsize|p2|6\n|gen|9\n|tier|[Gen 9] OU\n|rated|\n|rule|Sleep Clause Mod: Limit one foe put to sleep\n|rule|Species Clause: Limit one of each Pok\u00e9mon\n|rule|OHKO Clause: OHKO moves are banned\n|rule|Evasion Items Clause: Evasion items are banned\n|rule|Evasion Moves Clause: Evasion moves are banned\n|rule|Endless Battle Clause: Forcing endless battles is banned\n|rule|HP Percentage Mod: HP is shown in percentages\n|clearpoke\n|poke|p1|Dragapult, M|\n|poke|p1|Ninetales-Alola, M|\n|poke|p1|Ceruledge, M|\n|poke|p1|Grimmsnarl, M|\n|poke|p1|Hatterene, F|\n|poke|p1|Rillaboom, F|\n|poke|p2|Armarouge, F|\n|poke|p2|Ogerpon-Wellspring, F|\n|poke|p2|Rillaboom, M|\n|poke|p2|Tinkaton, F|\n|poke|p2|Great Tusk|\n|poke|p2|Dragapult, F|\n|teampreview\n|inactive|Battle timer is ON: inactive players will automatically lose when time's up. (requested by pokemanpablotest)\n|\n|t:|1700716752\n|start\n|switch|p1a: Ninetales|Ninetales-Alola, M|100\/100\n|switch|p2a: Power|Tinkaton, F|100\/100\n|-weather|Snow|[from] ability: Snow Warning|[of] p1a: Ninetales\n|-ability|p2a: Power|Mold Breaker\n|turn|1\n|inactive|Ansoni777 has 120 seconds left.\n|\n|t:|1700716793\n|move|p1a: Ninetales|Aurora Veil|p1a: Ninetales\n|-sidestart|p1: pokemanpablotest|move: Aurora Veil\n|move|p2a: Power|Stealth Rock|p1a: Ninetales\n|-sidestart|p1: pokemanpablotest|move: Stealth Rock\n|\n|-weather|Snow|[upkeep]\n|upkeep\n|turn|2\n|\n|t:|1700716812\n|move|p1a: Ninetales|Misty Terrain|p1a: Ninetales\n|-fieldstart|move: Misty Terrain\n|move|p2a: Power|Thunder Wave|p1a: Ninetales\n|-activate|p1a: Ninetales|move: Misty Terrain\n|\n|-weather|Snow|[upkeep]\n|upkeep\n|turn|3\n|inactive|Ansoni777 has 120 seconds left.\n|\n|t:|1700716819\n|switch|p1a: Ceruledge|Ceruledge, M|100\/100\n|-damage|p1a: Ceruledge|75\/100|[from] Stealth Rock\n|-enditem|p1a: Ceruledge|Misty Seed\n|-boost|p1a: Ceruledge|spd|1|[from] item: Misty Seed\n|move|p2a: Power|Knock Off|p1a: Ceruledge\n|-supereffective|p1a: Ceruledge\n|-damage|p1a: Ceruledge|61\/100\n|-ability|p1a: Ceruledge|Weak Armor|boost\n|-unboost|p1a: Ceruledge|def|1\n|-boost|p1a: Ceruledge|spe|2\n|\n|-weather|Snow|[upkeep]\n|upkeep\n|turn|4\n|inactive|Ansoni777 has 120 seconds left.\n|\n|t:|1700716851\n|switch|p2a: Jurrasic Tusk|Great Tusk|100\/100\n|move|p1a: Ceruledge|Bulk Up|p1a: Ceruledge\n|-boost|p1a: Ceruledge|atk|1\n|-boost|p1a: Ceruledge|def|1\n|\n|-weather|Snow|[upkeep]\n|upkeep\n|turn|5\n|\n|t:|1700716869\n|move|p1a: Ceruledge|Bulk Up|p1a: Ceruledge\n|-boost|p1a: Ceruledge|atk|1\n|-boost|p1a: Ceruledge|def|1\n|move|p2a: Jurrasic Tusk|High Horsepower|p1a: Ceruledge\n|-supereffective|p1a: Ceruledge\n|-damage|p1a: Ceruledge|26\/100\n|-ability|p1a: Ceruledge|Weak Armor|boost\n|-unboost|p1a: Ceruledge|def|1\n|-boost|p1a: Ceruledge|spe|2\n|\n|-weather|none\n|upkeep\n|turn|6\n|\n|t:|1700716880\n|-terastallize|p1a: Ceruledge|Fire\n|move|p1a: Ceruledge|Bitter Blade|p2a: Jurrasic Tusk\n|-crit|p2a: Jurrasic Tusk\n|-damage|p2a: Jurrasic Tusk|14\/100\n|-heal|p1a: Ceruledge|85\/100|[from] drain|[of] p2a: Jurrasic Tusk\n|-damage|p1a: Ceruledge|68\/100|[from] item: Rocky Helmet|[of] p2a: Jurrasic Tusk\n|move|p2a: Jurrasic Tusk|High Horsepower|p1a: Ceruledge\n|-supereffective|p1a: Ceruledge\n|-damage|p1a: Ceruledge|13\/100\n|-ability|p1a: Ceruledge|Weak Armor|boost\n|-unboost|p1a: Ceruledge|def|1\n|-boost|p1a: Ceruledge|spe|2\n|\n|-fieldend|Misty Terrain\n|upkeep\n|turn|7\n|\n|t:|1700716897\n|move|p1a: Ceruledge|Bitter Blade|p2a: Jurrasic Tusk\n|-damage|p2a: Jurrasic Tusk|0 fnt\n|-heal|p1a: Ceruledge|22\/100|[from] drain|[of] p2a: Jurrasic Tusk\n|-damage|p1a: Ceruledge|5\/100|[from] item: Rocky Helmet|[of] p2a: Jurrasic Tusk\n|faint|p2a: Jurrasic Tusk\n|-end|p2a: Jurrasic Tusk|Protosynthesis|[silent]\n|\n|upkeep\n|\n|t:|1700716904\n|switch|p2a: M'Baku|Rillaboom, M|100\/100\n|-fieldstart|move: Grassy Terrain|[from] ability: Grassy Surge|[of] p2a: M'Baku\n|turn|8\n|\n|t:|1700716911\n|move|p1a: Ceruledge|Shadow Sneak|p2a: M'Baku\n|-damage|p2a: M'Baku|56\/100\n|move|p2a: M'Baku|Grassy Glide|p1a: Ceruledge\n|-resisted|p1a: Ceruledge\n|-damage|p1a: Ceruledge|0 fnt\n|faint|p1a: Ceruledge\n|\n|-heal|p2a: M'Baku|62\/100|[from] Grassy Terrain\n|-sideend|p1: pokemanpablotest|move: Aurora Veil\n|upkeep\n|\n|t:|1700716923\n|switch|p1a: Ninetales|Ninetales-Alola, M|100\/100\n|-damage|p1a: Ninetales|76\/100|[from] Stealth Rock\n|-weather|Snow|[from] ability: Snow Warning|[of] p1a: Ninetales\n|turn|9\n|\n|t:|1700716928\n|switch|p2a: Anya|Ogerpon-Wellspring, F|100\/100\n|move|p1a: Ninetales|Aurora Veil|p1a: Ninetales\n|-sidestart|p1: pokemanpablotest|move: Aurora Veil\n|\n|-weather|Snow|[upkeep]\n|-heal|p1a: Ninetales|82\/100|[from] Grassy Terrain\n|upkeep\n|turn|10\n|\n|t:|1700716935\n|switch|p2a: Power|Tinkaton, F|100\/100\n|-ability|p2a: Power|Mold Breaker\n|move|p1a: Ninetales|Freeze-Dry|p2a: Power\n|-resisted|p2a: Power\n|-damage|p2a: Power|94\/100\n|\n|-weather|Snow|[upkeep]\n|-heal|p1a: Ninetales|88\/100|[from] Grassy Terrain\n|-heal|p2a: Power|99\/100|[from] Grassy Terrain\n|-heal|p2a: Power|100\/100|[from] item: Leftovers\n|upkeep\n|turn|11\n|\n|t:|1700716953\n|move|p1a: Ninetales|Misty Terrain|p1a: Ninetales\n|-fieldstart|move: Misty Terrain\n|move|p2a: Power|Knock Off|p1a: Ninetales\n|-resisted|p1a: Ninetales\n|-damage|p1a: Ninetales|84\/100\n|-enditem|p1a: Ninetales|Light Clay|[from] move: Knock Off|[of] p2a: Power\n|\n|-weather|Snow|[upkeep]\n|upkeep\n|turn|12\n|\n|t:|1700716965\n|switch|p1a: Grimmsnarl|Grimmsnarl, M|100\/100\n|-damage|p1a: Grimmsnarl|88\/100|[from] Stealth Rock\n|move|p2a: Power|Gigaton Hammer|p1a: Grimmsnarl\n|-supereffective|p1a: Grimmsnarl\n|-damage|p1a: Grimmsnarl|39\/100\n|\n|-weather|Snow|[upkeep]\n|upkeep\n|turn|13\n|\n|t:|1700716984\n|move|p1a: Grimmsnarl|Substitute|p1a: Grimmsnarl\n|-start|p1a: Grimmsnarl|Substitute\n|-damage|p1a: Grimmsnarl|14\/100\n|move|p2a: Power|Knock Off|p1a: Grimmsnarl\n|-resisted|p1a: Grimmsnarl\n|-activate|p1a: Grimmsnarl|move: Substitute|[damage]\n|\n|-weather|none\n|upkeep\n|turn|14\n|\n|t:|1700716993\n|-singleturn|p1a: Grimmsnarl|move: Focus Punch\n|move|p2a: Power|Gigaton Hammer|p1a: Grimmsnarl\n|-supereffective|p1a: Grimmsnarl\n|-end|p1a: Grimmsnarl|Substitute\n|move|p1a: Grimmsnarl|Focus Punch|p2a: Power\n|-damage|p2a: Power|61\/100\n|\n|-heal|p2a: Power|67\/100|[from] item: Leftovers\n|upkeep\n|turn|15\n|\n|t:|1700717006\n|move|p1a: Grimmsnarl|Parting Shot|p2a: Power\n|-unboost|p2a: Power|atk|1\n|-unboost|p2a: Power|spa|1\n|\n|t:|1700717009\n|switch|p1a: Rillaboom|Rillaboom, F|100\/100|[from] Parting Shot\n|-damage|p1a: Rillaboom|88\/100|[from] Stealth Rock\n|-fieldstart|move: Grassy Terrain|[from] ability: Grassy Surge|[of] p1a: Rillaboom\n|move|p2a: Power|Knock Off|p1a: Rillaboom\n|-damage|p1a: Rillaboom|82\/100\n|-enditem|p1a: Rillaboom|Choice Band|[from] move: Knock Off|[of] p2a: Power\n|\n|-heal|p1a: Rillaboom|88\/100|[from] Grassy Terrain\n|-heal|p2a: Power|73\/100|[from] Grassy Terrain\n|-heal|p2a: Power|79\/100|[from] item: Leftovers\n|upkeep\n|turn|16\n|\n|t:|1700717023\n|move|p1a: Rillaboom|Knock Off|p2a: Power\n|-resisted|p2a: Power\n|-damage|p2a: Power|59\/100\n|-enditem|p2a: Power|Leftovers|[from] move: Knock Off|[of] p1a: Rillaboom\n|move|p2a: Power|Thunder Wave|p1a: Rillaboom\n|-status|p1a: Rillaboom|par\n|\n|-heal|p2a: Power|65\/100|[from] Grassy Terrain\n|-heal|p1a: Rillaboom|95\/100 par|[from] Grassy Terrain\n|-sideend|p1: pokemanpablotest|move: Aurora Veil\n|upkeep\n|turn|17\n|\n|t:|1700717052\n|switch|p2a: Shizue|Armarouge, F, shiny|100\/100\n|move|p1a: Rillaboom|U-turn|p2a: Shizue\n|-damage|p2a: Shizue|76\/100\n|-ability|p2a: Shizue|Weak Armor|boost\n|-unboost|p2a: Shizue|def|1\n|-boost|p2a: Shizue|spe|2\n|\n|t:|1700717066\n|switch|p1a: Grimmsnarl|Grimmsnarl, M|14\/100|[from] U-turn\n|-damage|p1a: Grimmsnarl|2\/100|[from] Stealth Rock\n|\n|-heal|p2a: Shizue|82\/100|[from] Grassy Terrain\n|-heal|p1a: Grimmsnarl|8\/100|[from] Grassy Terrain\n|upkeep\n|turn|18\n|\n|t:|1700717074\n|switch|p2a: Power|Tinkaton, F|65\/100\n|-ability|p2a: Power|Mold Breaker\n|move|p1a: Grimmsnarl|Parting Shot|p2a: Power\n|-unboost|p2a: Power|atk|1\n|-unboost|p2a: Power|spa|1\n|\n|t:|1700717085\n|switch|p1a: Rillaboom|Rillaboom, F|95\/100 par|[from] Parting Shot\n|-damage|p1a: Rillaboom|82\/100 par|[from] Stealth Rock\n|\n|-heal|p2a: Power|71\/100|[from] Grassy Terrain\n|-heal|p1a: Rillaboom|88\/100 par|[from] Grassy Terrain\n|upkeep\n|turn|19\n|\n|t:|1700717097\n|switch|p2a: Shizue|Armarouge, F, shiny|82\/100\n|move|p1a: Rillaboom|Drain Punch|p2a: Shizue\n|-resisted|p2a: Shizue\n|-damage|p2a: Shizue|68\/100\n|-heal|p1a: Rillaboom|96\/100 par|[from] drain|[of] p2a: Shizue\n|-ability|p2a: Shizue|Weak Armor|boost\n|-unboost|p2a: Shizue|def|1\n|-boost|p2a: Shizue|spe|2\n|\n|-heal|p2a: Shizue|75\/100|[from] Grassy Terrain\n|-heal|p1a: Rillaboom|100\/100 par|[from] Grassy Terrain\n|-fieldend|move: Grassy Terrain\n|upkeep\n|turn|20\n|\n|t:|1700717112\n|switch|p1a: Hatterene|Hatterene, F|100\/100\n|-damage|p1a: Hatterene|88\/100|[from] Stealth Rock\n|move|p2a: Shizue|Armor Cannon|p1a: Hatterene\n|-damage|p1a: Hatterene|34\/100\n|-unboost|p2a: Shizue|def|1\n|-unboost|p2a: Shizue|spd|1\n|\n|upkeep\n|turn|21\n|\n|t:|1700717135\n|move|p2a: Shizue|Armor Cannon|p1a: Hatterene\n|-damage|p1a: Hatterene|0 fnt\n|-unboost|p2a: Shizue|def|1\n|-unboost|p2a: Shizue|spd|1\n|faint|p1a: Hatterene\n|\n|upkeep\n|\n|t:|1700717142\n|switch|p1a: Dragapult|Dragapult, M|100\/100\n|-damage|p1a: Dragapult|88\/100|[from] Stealth Rock\n|turn|22\n|\n|t:|1700717157\n|switch|p2a: Power|Tinkaton, F|71\/100\n|-ability|p2a: Power|Mold Breaker\n|move|p1a: Dragapult|Phantom Force||[still]\n|-prepare|p1a: Dragapult|Phantom Force\n|\n|-heal|p1a: Dragapult|94\/100|[from] item: Leftovers\n|upkeep\n|turn|23\n|\n|t:|1700717166\n|move|p1a: Dragapult|Phantom Force|p2a: Power|[from]lockedmove\n|-damage|p2a: Power|25\/100\n|move|p2a: Power|Thunder Wave|p1a: Dragapult\n|-status|p1a: Dragapult|par\n|\n|-heal|p1a: Dragapult|99\/100 par|[from] item: Leftovers\n|upkeep\n|turn|24\n|\n|t:|1700717175\n|move|p2a: Power|Knock Off|p1a: Dragapult\n|-supereffective|p1a: Dragapult\n|-damage|p1a: Dragapult|50\/100 par\n|-enditem|p1a: Dragapult|Leftovers|[from] move: Knock Off|[of] p2a: Power\n|move|p1a: Dragapult|Will-O-Wisp|p2a: Power\n|-status|p2a: Power|brn\n|\n|-damage|p2a: Power|19\/100 brn|[from] brn\n|upkeep\n|turn|25\n|\n|t:|1700717185\n|move|p2a: Power|Gigaton Hammer|p1a: Dragapult\n|-damage|p1a: Dragapult|19\/100 par\n|cant|p1a: Dragapult|par\n|\n|-damage|p2a: Power|13\/100 brn|[from] brn\n|upkeep\n|turn|26\n|\n|t:|1700717193\n|move|p2a: Power|Knock Off|p1a: Dragapult\n|-supereffective|p1a: Dragapult\n|-damage|p1a: Dragapult|2\/100 par\n|move|p1a: Dragapult|Hex|p2a: Power\n|-damage|p2a: Power|0 fnt\n|faint|p2a: Power\n|\n|upkeep\n|\n|t:|1700717216\n|switch|p2a: M'Baku|Rillaboom, M|62\/100\n|-fieldstart|move: Grassy Terrain|[from] ability: Grassy Surge|[of] p2a: M'Baku\n|turn|27\n|\n|t:|1700717221\n|move|p2a: M'Baku|U-turn|p1a: Dragapult\n|-resisted|p1a: Dragapult\n|-crit|p1a: Dragapult\n|-damage|p1a: Dragapult|0 fnt\n|faint|p1a: Dragapult\n|\n|t:|1700717226\n|switch|p2a: Shizue|Armarouge, F, shiny|75\/100|[from] U-turn\n|\n|-heal|p2a: Shizue|81\/100|[from] Grassy Terrain\n|upkeep\n|\n|t:|1700717234\n|switch|p1a: Grimmsnarl|Grimmsnarl, M|8\/100\n|-damage|p1a: Grimmsnarl|0 fnt|[from] Stealth Rock\n|faint|p1a: Grimmsnarl\n|\n|t:|1700717238\n|switch|p1a: Ninetales|Ninetales-Alola, M|84\/100\n|-damage|p1a: Ninetales|59\/100|[from] Stealth Rock\n|-weather|Snow|[from] ability: Snow Warning|[of] p1a: Ninetales\n|turn|28\n|\n|t:|1700717245\n|move|p1a: Ninetales|Aurora Veil|p1a: Ninetales\n|-sidestart|p1: pokemanpablotest|move: Aurora Veil\n|move|p2a: Shizue|Armor Cannon|p1a: Ninetales\n|-supereffective|p1a: Ninetales\n|-damage|p1a: Ninetales|0 fnt\n|-unboost|p2a: Shizue|def|1\n|-unboost|p2a: Shizue|spd|1\n|faint|p1a: Ninetales\n|\n|-weather|Snow|[upkeep]\n|-heal|p2a: Shizue|87\/100|[from] Grassy Terrain\n|upkeep\n|\n|t:|1700717252\n|switch|p1a: Rillaboom|Rillaboom, F|100\/100 par\n|-damage|p1a: Rillaboom|88\/100 par|[from] Stealth Rock\n|turn|29\n|\n|t:|1700717257\n|move|p2a: Shizue|Armor Cannon|p1a: Rillaboom\n|-supereffective|p1a: Rillaboom\n|-damage|p1a: Rillaboom|8\/100 par\n|-unboost|p2a: Shizue|def|1\n|-unboost|p2a: Shizue|spd|1\n|move|p1a: Rillaboom|Knock Off|p2a: Shizue\n|-supereffective|p2a: Shizue\n|-damage|p2a: Shizue|0 fnt\n|-enditem|p2a: Shizue|Weakness Policy|[from] move: Knock Off|[of] p1a: Rillaboom\n|faint|p2a: Shizue\n|\n|-weather|Snow|[upkeep]\n|-heal|p1a: Rillaboom|14\/100 par|[from] Grassy Terrain\n|upkeep\n|-message|pokemanpablotest forfeited.\n|\n|win|Ansoni777\n|raw|pokemanpablotest's rating: 1128 &rarr; <strong>1107<\/strong><br \/>(-21 for losing)\n|raw|Ansoni777's rating: 1180 &rarr; <strong>1201<\/strong><br \/>(+21 for winning)\n|l|\u2606pokemanpablotest\n","uploadtime":1700718985,"views":3,"p1id":"pokemanpablotest","p2id":"ansoni777","formatid":"gen9ou","rating":1107,"private":0,"password":""}