{"id":"gen9ou-1988699266","p1":"Nugget O Silver","p2":"Asta_RPPLF","format":"[Gen 9] OU","log":"|j|\u2606Nugget O Silver\n|j|\u2606Asta_RPPLF\n|t:|1699752159\n|gametype|singles\n|player|p1|Nugget O Silver|colress|1405\n|player|p2|Asta_RPPLF|#wcop2023belgium|1490\n|teamsize|p1|6\n|teamsize|p2|6\n|gen|9\n|tier|[Gen 9] OU\n|rated|\n|rule|Sleep Clause Mod: Limit one foe put to sleep\n|rule|Species Clause: Limit one of each Pok\u00e9mon\n|rule|OHKO Clause: OHKO moves are banned\n|rule|Evasion Items Clause: Evasion items are banned\n|rule|Evasion Moves Clause: Evasion moves are banned\n|rule|Endless Battle Clause: Forcing endless battles is banned\n|rule|HP Percentage Mod: HP is shown in percentages\n|clearpoke\n|poke|p1|Weezing-Galar, M|\n|poke|p1|Ninetales-Alola, F|\n|poke|p1|Kommo-o, M|\n|poke|p1|Ogerpon-Wellspring, F|\n|poke|p1|Espeon, M|\n|poke|p1|Sneasler, M|\n|poke|p2|Corviknight, F|\n|poke|p2|Goodra-Hisui, F|\n|poke|p2|Ting-Lu|\n|poke|p2|Cinderace, M|\n|poke|p2|Iron Moth|\n|poke|p2|Ogerpon-Wellspring, F|\n|teampreview\n|inactive|Battle timer is ON: inactive players will automatically lose when time's up. (requested by Nugget O Silver)\n|inactive|Nugget O Silver has 120 seconds left.\n|\n|t:|1699752201\n|start\n|switch|p1a: Ninetales|Ninetales-Alola, F, shiny|100\/100\n|switch|p2a: Cinderace|Cinderace, M|100\/100\n|-weather|Snow|[from] ability: Snow Warning|[of] p1a: Ninetales\n|turn|1\n|\n|t:|1699752209\n|switch|p1a: Weezing|Weezing-Galar, M|100\/100\n|-fieldstart|move: Misty Terrain|[from] ability: Misty Surge|[of] p1a: Weezing\n|move|p2a: Cinderace|Pyro Ball|p1a: Weezing\n|-damage|p1a: Weezing|52\/100\n|\n|-weather|Snow|[upkeep]\n|upkeep\n|turn|2\n|\n|t:|1699752220\n|switch|p1a: Kommo-o|Kommo-o, M|100\/100\n|move|p2a: Cinderace|Pyro Ball|p1a: Kommo-o\n|-immune|p1a: Kommo-o|[from] ability: Bulletproof\n|\n|-weather|Snow|[upkeep]\n|upkeep\n|turn|3\n|\n|t:|1699752230\n|switch|p2a: Ting-Lu|Ting-Lu|100\/100\n|-ability|p2a: Ting-Lu|Vessel of Ruin\n|move|p1a: Kommo-o|Clangorous Soul|p1a: Kommo-o\n|-boost|p1a: Kommo-o|atk|1\n|-boost|p1a: Kommo-o|def|1\n|-boost|p1a: Kommo-o|spa|1\n|-boost|p1a: Kommo-o|spd|1\n|-boost|p1a: Kommo-o|spe|1\n|-damage|p1a: Kommo-o|68\/100\n|-enditem|p1a: Kommo-o|Throat Spray\n|-boost|p1a: Kommo-o|spa|1|[from] item: Throat Spray\n|\n|-weather|Snow|[upkeep]\n|upkeep\n|turn|4\n|\n|t:|1699752251\n|move|p1a: Kommo-o|Boomburst|p2a: Ting-Lu\n|-damage|p2a: Ting-Lu|69\/100\n|move|p2a: Ting-Lu|Whirlwind|p1a: Kommo-o\n|drag|p1a: Espeon|Espeon, M|100\/100\n|\n|-weather|Snow|[upkeep]\n|-heal|p2a: Ting-Lu|76\/100|[from] item: Leftovers\n|upkeep\n|turn|5\n|\n|t:|1699752263\n|switch|p2a: Cinderace|Cinderace, M|100\/100\n|move|p1a: Espeon|Trick|p2a: Cinderace\n|-activate|p1a: Espeon|move: Trick|[of] p2a: Cinderace\n|-item|p2a: Cinderace|Choice Scarf|[from] move: Trick\n|-item|p1a: Espeon|Heavy-Duty Boots|[from] move: Trick\n|\n|-weather|none\n|upkeep\n|turn|6\n|\n|t:|1699752273\n|move|p2a: Cinderace|U-turn|p1a: Espeon\n|-start|p2a: Cinderace|typechange|Bug|[from] ability: Libero\n|-supereffective|p1a: Espeon\n|-damage|p1a: Espeon|0 fnt\n|faint|p1a: Espeon\n|\n|t:|1699752285\n|switch|p2a: Goodra|Goodra-Hisui, F|100\/100|[from] U-turn\n|\n|upkeep\n|\n|t:|1699752296\n|switch|p1a: Ninetales|Ninetales-Alola, F, shiny|100\/100\n|-weather|Snow|[from] ability: Snow Warning|[of] p1a: Ninetales\n|turn|7\n|\n|t:|1699752316\n|switch|p2a: Cinderace|Cinderace, M|100\/100\n|move|p1a: Ninetales|Aurora Veil|p1a: Ninetales\n|-sidestart|p1: Nugget O Silver|move: Aurora Veil\n|\n|-weather|Snow|[upkeep]\n|upkeep\n|turn|8\n|\n|t:|1699752322\n|move|p2a: Cinderace|Court Change|p2a: Cinderace\n|-start|p2a: Cinderace|typechange|Normal|[from] ability: Libero\n|-swapsideconditions\n|-activate|p2a: Cinderace|move: Court Change\n|move|p1a: Ninetales|Aurora Veil|p1a: Ninetales\n|-sidestart|p1: Nugget O Silver|move: Aurora Veil\n|\n|-weather|Snow|[upkeep]\n|-fieldend|Misty Terrain\n|upkeep\n|turn|9\n|\n|t:|1699752333\n|switch|p2a: Iron Moth|Iron Moth|100\/100\n|-enditem|p2a: Iron Moth|Booster Energy\n|-activate|p2a: Iron Moth|ability: Quark Drive|[fromitem]\n|-start|p2a: Iron Moth|quarkdrivespe\n|switch|p1a: Weezing|Weezing-Galar, M|52\/100\n|-fieldstart|move: Misty Terrain|[from] ability: Misty Surge|[of] p1a: Weezing\n|\n|-weather|Snow|[upkeep]\n|upkeep\n|turn|10\n|\n|t:|1699752359\n|move|p2a: Iron Moth|Fiery Dance|p1a: Weezing\n|-damage|p1a: Weezing|22\/100\n|-boost|p2a: Iron Moth|spa|1\n|move|p1a: Weezing|Memento|p2a: Iron Moth\n|-unboost|p2a: Iron Moth|atk|2\n|-unboost|p2a: Iron Moth|spa|2\n|faint|p1a: Weezing\n|\n|-weather|Snow|[upkeep]\n|upkeep\n|\n|t:|1699752364\n|switch|p1a: Sneasler|Sneasler, M|100\/100\n|-enditem|p1a: Sneasler|Misty Seed\n|-boost|p1a: Sneasler|spd|1|[from] item: Misty Seed\n|turn|11\n|\n|t:|1699752377\n|move|p1a: Sneasler|Swords Dance|p1a: Sneasler\n|-boost|p1a: Sneasler|atk|2\n|move|p2a: Iron Moth|Fiery Dance|p1a: Sneasler\n|-damage|p1a: Sneasler|89\/100\n|-boost|p2a: Iron Moth|spa|1\n|\n|-weather|none\n|upkeep\n|turn|12\n|inactive|Nugget O Silver has 120 seconds left.\n|inactive|Asta_RPPLF has 120 seconds left.\n|\n|t:|1699752424\n|-end|p2a: Iron Moth|Quark Drive|[silent]\n|switch|p2a: Corviknight|Corviknight, F|100\/100\n|-ability|p2a: Corviknight|Pressure\n|-terastallize|p1a: Sneasler|Flying\n|move|p1a: Sneasler|Acrobatics|p2a: Corviknight\n|-resisted|p2a: Corviknight\n|-damage|p2a: Corviknight|81\/100\n|-damage|p1a: Sneasler|72\/100|[from] item: Rocky Helmet|[of] p2a: Corviknight\n|\n|upkeep\n|turn|13\n|inactive|Asta_RPPLF has 120 seconds left.\n|\n|t:|1699752437\n|move|p1a: Sneasler|Close Combat|p2a: Corviknight\n|-damage|p2a: Corviknight|38\/100\n|-unboost|p1a: Sneasler|def|1\n|-unboost|p1a: Sneasler|spd|1\n|-damage|p1a: Sneasler|55\/100|[from] item: Rocky Helmet|[of] p2a: Corviknight\n|move|p2a: Corviknight|Iron Defense|p2a: Corviknight\n|-boost|p2a: Corviknight|def|2\n|\n|upkeep\n|turn|14\n|inactive|Asta_RPPLF has 120 seconds left.\n|\n|t:|1699752452\n|move|p1a: Sneasler|Close Combat|p2a: Corviknight\n|-damage|p2a: Corviknight|18\/100\n|-unboost|p1a: Sneasler|def|1\n|-unboost|p1a: Sneasler|spd|1\n|-damage|p1a: Sneasler|39\/100|[from] item: Rocky Helmet|[of] p2a: Corviknight\n|move|p2a: Corviknight|Roost|p2a: Corviknight\n|-heal|p2a: Corviknight|68\/100\n|-singleturn|p2a: Corviknight|move: Roost\n|\n|-sideend|p2: Asta_RPPLF|move: Aurora Veil\n|upkeep\n|turn|15\n|inactive|Asta_RPPLF has 120 seconds left.\n|\n|t:|1699752463\n|move|p1a: Sneasler|Swords Dance|p1a: Sneasler\n|-boost|p1a: Sneasler|atk|2\n|move|p2a: Corviknight|Roost|p2a: Corviknight\n|-heal|p2a: Corviknight|100\/100\n|-singleturn|p2a: Corviknight|move: Roost\n|\n|-sideend|p1: Nugget O Silver|move: Aurora Veil\n|upkeep\n|turn|16\n|\n|t:|1699752473\n|move|p1a: Sneasler|Close Combat|p2a: Corviknight\n|-damage|p2a: Corviknight|43\/100\n|-unboost|p1a: Sneasler|def|1\n|-unboost|p1a: Sneasler|spd|1\n|-damage|p1a: Sneasler|22\/100|[from] item: Rocky Helmet|[of] p2a: Corviknight\n|move|p2a: Corviknight|Body Press|p1a: Sneasler\n|-resisted|p1a: Sneasler\n|-damage|p1a: Sneasler|0 fnt\n|faint|p1a: Sneasler\n|\n|-fieldend|Misty Terrain\n|upkeep\n|\n|t:|1699752478\n|switch|p1a: Kommo-o|Kommo-o, M|68\/100\n|turn|17\n|\n|t:|1699752495\n|switch|p2a: Goodra|Goodra-Hisui, F|100\/100\n|move|p1a: Kommo-o|Flamethrower|p2a: Goodra\n|-damage|p2a: Goodra|89\/100\n|-status|p2a: Goodra|brn\n|\n|-damage|p2a: Goodra|83\/100 brn|[from] brn\n|upkeep\n|turn|18\n|inactive|Nugget O Silver has 120 seconds left.\n|\n|t:|1699752508\n|switch|p1a: Ninetales|Ninetales-Alola, F, shiny|100\/100\n|-weather|Snow|[from] ability: Snow Warning|[of] p1a: Ninetales\n|switch|p2a: Cinderace|Cinderace, M|100\/100\n|\n|-weather|Snow|[upkeep]\n|upkeep\n|turn|19\n|\n|t:|1699752520\n|move|p2a: Cinderace|Pyro Ball|p1a: Ninetales\n|-supereffective|p1a: Ninetales\n|-damage|p1a: Ninetales|2\/100\n|move|p1a: Ninetales|Aurora Veil|p1a: Ninetales\n|-sidestart|p1: Nugget O Silver|move: Aurora Veil\n|\n|-weather|Snow|[upkeep]\n|upkeep\n|turn|20\n|inactive|Nugget O Silver has 120 seconds left.\n|\n|t:|1699752548\n|switch|p2a: Iron Moth|Iron Moth|100\/100\n|move|p1a: Ninetales|Disable||[still]\n|-fail|p1a: Ninetales\n|\n|-weather|Snow|[upkeep]\n|upkeep\n|turn|21\n|inactive|Nugget O Silver has 120 seconds left.\n|\n|t:|1699752557\n|switch|p1a: Kommo-o|Kommo-o, M|68\/100\n|move|p2a: Iron Moth|Fiery Dance|p1a: Kommo-o\n|-resisted|p1a: Kommo-o\n|-damage|p1a: Kommo-o|56\/100\n|-boost|p2a: Iron Moth|spa|1\n|\n|-weather|Snow|[upkeep]\n|upkeep\n|turn|22\n|\n|t:|1699752567\n|move|p2a: Iron Moth|Dazzling Gleam|p1a: Kommo-o\n|-supereffective|p1a: Kommo-o\n|-damage|p1a: Kommo-o|0 fnt\n|faint|p1a: Kommo-o\n|\n|-weather|none\n|upkeep\n|\n|t:|1699752571\n|switch|p1a: Ogerpon|Ogerpon-Wellspring, F|100\/100\n|turn|23\n|\n|t:|1699752578\n|-terastallize|p2a: Iron Moth|Fairy\n|move|p2a: Iron Moth|Sludge Wave|p1a: Ogerpon\n|-supereffective|p1a: Ogerpon\n|-damage|p1a: Ogerpon|19\/100\n|-status|p1a: Ogerpon|psn\n|move|p1a: Ogerpon|Ivy Cudgel|p2a: Iron Moth\n|-damage|p2a: Iron Moth|6\/100\n|\n|-damage|p1a: Ogerpon|7\/100 psn|[from] psn\n|upkeep\n|turn|24\n|\n|t:|1699752589\n|move|p2a: Iron Moth|Sludge Wave|p1a: Ogerpon\n|-supereffective|p1a: Ogerpon\n|-damage|p1a: Ogerpon|0 fnt\n|faint|p1a: Ogerpon\n|\n|upkeep\n|\n|t:|1699752592\n|switch|p1a: Ninetales|Ninetales-Alola, F, shiny|2\/100\n|-weather|Snow|[from] ability: Snow Warning|[of] p1a: Ninetales\n|turn|25\n|\n|t:|1699752598\n|move|p2a: Iron Moth|Fiery Dance|p1a: Ninetales\n|-supereffective|p1a: Ninetales\n|-damage|p1a: Ninetales|0 fnt\n|-boost|p2a: Iron Moth|spa|1\n|faint|p1a: Ninetales\n|\n|win|Asta_RPPLF\n|raw|Nugget O Silver's rating: 1386 &rarr; <strong>1372<\/strong><br \/>(-14 for losing)\n|raw|Asta_RPPLF's rating: 1490 &rarr; <strong>1504<\/strong><br \/>(+14 for winning)\n","uploadtime":1699752605,"views":14,"p1id":"nuggetosilver","p2id":"astarpplf","formatid":"gen9ou","rating":1372,"private":0,"password":""}