{"id":"gen9ou-1999723028","p1":"Flakkov","p2":"Daniel32cm","format":"[Gen 9] OU","log":"|j|\u2606Flakkov\n|j|\u2606Daniel32cm\n|t:|1701110988\n|gametype|singles\n|player|p1|Flakkov|266|1035\n|player|p2|Daniel32cm|n|1068\n|teamsize|p1|6\n|teamsize|p2|6\n|gen|9\n|tier|[Gen 9] OU\n|rated|\n|rule|Sleep Clause Mod: Limit one foe put to sleep\n|rule|Species Clause: Limit one of each Pok\u00e9mon\n|rule|OHKO Clause: OHKO moves are banned\n|rule|Evasion Items Clause: Evasion items are banned\n|rule|Evasion Moves Clause: Evasion moves are banned\n|rule|Endless Battle Clause: Forcing endless battles is banned\n|rule|HP Percentage Mod: HP is shown in percentages\n|clearpoke\n|poke|p1|Corviknight, F|\n|poke|p1|Enamorus, F|\n|poke|p1|Hoopa-Unbound|\n|poke|p1|Hatterene, F|\n|poke|p1|Toxapex, F|\n|poke|p1|Skeledirge, F|\n|poke|p2|Ceruledge, M|\n|poke|p2|Grimmsnarl, M|\n|poke|p2|Scizor, F|\n|poke|p2|Garchomp, M|\n|poke|p2|Barraskewda, M|\n|poke|p2|Eelektross, F|\n|teampreview\n|inactive|Battle timer is ON: inactive players will automatically lose when time's up. (requested by Daniel32cm)\n|\n|t:|1701111001\n|start\n|switch|p1a: Enamorus|Enamorus, F, shiny|100\/100\n|switch|p2a: Barraskewda|Barraskewda, M, shiny|100\/100\n|turn|1\n|\n|t:|1701111023\n|move|p1a: Enamorus|Moonblast|p2a: Barraskewda\n|-damage|p2a: Barraskewda|19\/100\n|move|p2a: Barraskewda|Poison Jab|p1a: Enamorus\n|-supereffective|p1a: Enamorus\n|-damage|p1a: Enamorus|3\/100\n|-status|p1a: Enamorus|psn\n|\n|-heal|p2a: Barraskewda|25\/100|[from] item: Leftovers\n|-damage|p1a: Enamorus|0 fnt|[from] psn\n|faint|p1a: Enamorus\n|upkeep\n|\n|t:|1701111036\n|switch|p1a: Toxapex|Toxapex, F|100\/100\n|turn|2\n|\n|t:|1701111050\n|move|p2a: Barraskewda|Psychic Fangs|p1a: Toxapex\n|-supereffective|p1a: Toxapex\n|-damage|p1a: Toxapex|49\/100\n|move|p1a: Toxapex|Toxic Spikes|p2a: Barraskewda\n|-sidestart|p2: Daniel32cm|move: Toxic Spikes\n|\n|-heal|p2a: Barraskewda|31\/100|[from] item: Leftovers\n|-heal|p1a: Toxapex|55\/100|[from] item: Black Sludge\n|upkeep\n|turn|3\n|\n|t:|1701111070\n|switch|p1a: Corviknight|Corviknight, F|100\/100\n|move|p2a: Barraskewda|Psychic Fangs|p1a: Corviknight\n|-resisted|p1a: Corviknight\n|-damage|p1a: Corviknight|89\/100\n|-damage|p2a: Barraskewda|15\/100|[from] item: Rocky Helmet|[of] p1a: Corviknight\n|\n|-heal|p2a: Barraskewda|20\/100|[from] item: Leftovers\n|upkeep\n|turn|4\n|\n|t:|1701111082\n|switch|p2a: Ceruledge|Ceruledge, M, shiny|100\/100\n|-status|p2a: Ceruledge|psn\n|move|p1a: Corviknight|Bulk Up|p1a: Corviknight\n|-boost|p1a: Corviknight|atk|1\n|-boost|p1a: Corviknight|def|1\n|\n|-damage|p2a: Ceruledge|88\/100 psn|[from] psn\n|upkeep\n|turn|5\n|inactive|Flakkov has 120 seconds left.\n|\n|t:|1701111108\n|move|p2a: Ceruledge|Bitter Blade|p1a: Corviknight\n|-supereffective|p1a: Corviknight\n|-damage|p1a: Corviknight|45\/100\n|-heal|p2a: Ceruledge|100\/100 psn|[from] drain|[of] p1a: Corviknight\n|-damage|p2a: Ceruledge|84\/100 psn|[from] item: Rocky Helmet|[of] p1a: Corviknight\n|move|p1a: Corviknight|Tailwind|p1a: Corviknight\n|-sidestart|p1: Flakkov|move: Tailwind\n|\n|-heal|p2a: Ceruledge|90\/100 psn|[from] item: Leftovers\n|-damage|p2a: Ceruledge|78\/100 psn|[from] psn\n|upkeep\n|turn|6\n|inactive|Flakkov has 120 seconds left.\n|\n|t:|1701111120\n|move|p1a: Corviknight|Roost|p1a: Corviknight\n|-heal|p1a: Corviknight|95\/100\n|-singleturn|p1a: Corviknight|move: Roost\n|move|p2a: Ceruledge|Bitter Blade|p1a: Corviknight\n|-supereffective|p1a: Corviknight\n|-damage|p1a: Corviknight|49\/100\n|-heal|p2a: Ceruledge|100\/100 psn|[from] drain|[of] p1a: Corviknight\n|-damage|p2a: Ceruledge|84\/100 psn|[from] item: Rocky Helmet|[of] p1a: Corviknight\n|\n|-heal|p2a: Ceruledge|90\/100 psn|[from] item: Leftovers\n|-damage|p2a: Ceruledge|78\/100 psn|[from] psn\n|upkeep\n|turn|7\n|inactive|Flakkov has 120 seconds left.\n|\n|t:|1701111142\n|switch|p1a: Toxapex|Toxapex, F|88\/100\n|move|p2a: Ceruledge|Bitter Blade|p1a: Toxapex\n|-resisted|p1a: Toxapex\n|-damage|p1a: Toxapex|72\/100\n|-heal|p2a: Ceruledge|85\/100 psn|[from] drain|[of] p1a: Toxapex\n|\n|-heal|p2a: Ceruledge|91\/100 psn|[from] item: Leftovers\n|-heal|p1a: Toxapex|79\/100|[from] item: Black Sludge\n|-damage|p2a: Ceruledge|79\/100 psn|[from] psn\n|upkeep\n|turn|8\n|\n|t:|1701111160\n|-terastallize|p2a: Ceruledge|Fighting\n|move|p2a: Ceruledge|Psycho Cut|p1a: Toxapex\n|-supereffective|p1a: Toxapex\n|-crit|p1a: Toxapex\n|-damage|p1a: Toxapex|28\/100\n|move|p1a: Toxapex|Toxic Spikes|p2a: Ceruledge\n|-sidestart|p2: Daniel32cm|move: Toxic Spikes\n|\n|-heal|p2a: Ceruledge|85\/100 psn|[from] item: Leftovers\n|-heal|p1a: Toxapex|34\/100|[from] item: Black Sludge\n|-damage|p2a: Ceruledge|72\/100 psn|[from] psn\n|-sideend|p1: Flakkov|move: Tailwind\n|upkeep\n|turn|9\n|\n|t:|1701111175\n|move|p1a: Toxapex|Baneful Bunker|p1a: Toxapex\n|-singleturn|p1a: Toxapex|move: Protect\n|move|p2a: Ceruledge|Psycho Cut|p1a: Toxapex\n|-activate|p1a: Toxapex|move: Protect\n|\n|-heal|p2a: Ceruledge|79\/100 psn|[from] item: Leftovers\n|-heal|p1a: Toxapex|40\/100|[from] item: Black Sludge\n|-damage|p2a: Ceruledge|66\/100 psn|[from] psn\n|upkeep\n|turn|10\n|inactive|Flakkov has 90 seconds left.\n|\n|t:|1701111194\n|switch|p1a: Hoopa|Hoopa-Unbound|100\/100\n|move|p2a: Ceruledge|Psycho Cut|p1a: Hoopa\n|-immune|p1a: Hoopa\n|\n|-heal|p2a: Ceruledge|72\/100 psn|[from] item: Leftovers\n|-damage|p2a: Ceruledge|60\/100 psn|[from] psn\n|upkeep\n|turn|11\n|inactive|Flakkov has 90 seconds left.\n|\n|t:|1701111216\n|move|p2a: Ceruledge|Poltergeist|p1a: Hoopa\n|-activate|p1a: Hoopa|move: Poltergeist|Assault Vest\n|-damage|p1a: Hoopa|39\/100\n|move|p1a: Hoopa|Gunk Shot|p2a: Ceruledge\n|-damage|p2a: Ceruledge|0 fnt\n|faint|p2a: Ceruledge\n|\n|upkeep\n|\n|t:|1701111231\n|switch|p2a: Scizor|Scizor, F|100\/100\n|turn|12\n|inactive|Flakkov has 90 seconds left.\n|\n|t:|1701111243\n|-terastallize|p1a: Hoopa|Steel\n|move|p2a: Scizor|X-Scissor|p1a: Hoopa\n|-resisted|p1a: Hoopa\n|-damage|p1a: Hoopa|1\/100\n|-damage|p2a: Scizor|91\/100|[from] item: Life Orb\n|move|p1a: Hoopa|Hyperspace Fury|p2a: Scizor\n|-damage|p2a: Scizor|19\/100\n|-unboost|p1a: Hoopa|def|1\n|\n|upkeep\n|turn|13\n|inactive|Flakkov has 90 seconds left.\n|\n|t:|1701111259\n|switch|p1a: Corviknight|Corviknight, F|49\/100\n|move|p2a: Scizor|X-Scissor|p1a: Corviknight\n|-resisted|p1a: Corviknight\n|-damage|p1a: Corviknight|32\/100\n|-damage|p2a: Scizor|2\/100|[from] item: Rocky Helmet|[of] p1a: Corviknight\n|-damage|p2a: Scizor|0 fnt|[from] item: Life Orb\n|faint|p2a: Scizor\n|\n|upkeep\n|\n|t:|1701111266\n|switch|p2a: Grimmsnarl|Grimmsnarl, M, shiny|100\/100\n|-status|p2a: Grimmsnarl|tox\n|-item|p1a: Corviknight|Rocky Helmet|[from] ability: Frisk|[of] p2a: Grimmsnarl|[identify]\n|turn|14\n|inactive|Flakkov has 90 seconds left.\n|\n|t:|1701111274\n|move|p1a: Corviknight|Roost|p1a: Corviknight\n|-heal|p1a: Corviknight|82\/100\n|-singleturn|p1a: Corviknight|move: Roost\n|move|p2a: Grimmsnarl|Body Press|p1a: Corviknight\n|-supereffective|p1a: Corviknight\n|-damage|p1a: Corviknight|59\/100\n|-damage|p2a: Grimmsnarl|84\/100 tox|[from] item: Rocky Helmet|[of] p1a: Corviknight\n|\n|-heal|p2a: Grimmsnarl|90\/100 tox|[from] item: Leftovers\n|-damage|p2a: Grimmsnarl|84\/100 tox|[from] psn\n|upkeep\n|turn|15\n|inactive|Flakkov has 90 seconds left.\n|\n|t:|1701111287\n|move|p1a: Corviknight|Roost|p1a: Corviknight\n|-heal|p1a: Corviknight|100\/100\n|-singleturn|p1a: Corviknight|move: Roost\n|move|p2a: Grimmsnarl|Ice Punch|p1a: Corviknight\n|-resisted|p1a: Corviknight\n|-damage|p1a: Corviknight|91\/100\n|-damage|p2a: Grimmsnarl|67\/100 tox|[from] item: Rocky Helmet|[of] p1a: Corviknight\n|\n|-heal|p2a: Grimmsnarl|74\/100 tox|[from] item: Leftovers\n|-damage|p2a: Grimmsnarl|61\/100 tox|[from] psn\n|upkeep\n|turn|16\n|inactive|Flakkov has 90 seconds left.\n|\n|t:|1701111301\n|move|p1a: Corviknight|Bulk Up|p1a: Corviknight\n|-boost|p1a: Corviknight|atk|1\n|-boost|p1a: Corviknight|def|1\n|move|p2a: Grimmsnarl|Body Press|p1a: Corviknight\n|-damage|p1a: Corviknight|84\/100\n|-damage|p2a: Grimmsnarl|45\/100 tox|[from] item: Rocky Helmet|[of] p1a: Corviknight\n|\n|-heal|p2a: Grimmsnarl|51\/100 tox|[from] item: Leftovers\n|-damage|p2a: Grimmsnarl|32\/100 tox|[from] psn\n|upkeep\n|turn|17\n|inactive|Flakkov has 90 seconds left.\n|\n|t:|1701111312\n|move|p1a: Corviknight|Bulk Up|p1a: Corviknight\n|-boost|p1a: Corviknight|atk|1\n|-boost|p1a: Corviknight|def|1\n|move|p2a: Grimmsnarl|Body Press|p1a: Corviknight\n|-damage|p1a: Corviknight|77\/100\n|-damage|p2a: Grimmsnarl|16\/100 tox|[from] item: Rocky Helmet|[of] p1a: Corviknight\n|\n|-heal|p2a: Grimmsnarl|22\/100 tox|[from] item: Leftovers\n|-damage|p2a: Grimmsnarl|0 fnt|[from] psn\n|faint|p2a: Grimmsnarl\n|upkeep\n|\n|t:|1701111319\n|switch|p2a: Eelektross|Eelektross, F|100\/100\n|turn|18\n|\n|t:|1701111330\n|move|p1a: Corviknight|Iron Head|p2a: Eelektross\n|-resisted|p2a: Eelektross\n|-damage|p2a: Eelektross|67\/100\n|move|p2a: Eelektross|Thunderbolt|p1a: Corviknight\n|-supereffective|p1a: Corviknight\n|-damage|p1a: Corviknight|0 fnt\n|faint|p1a: Corviknight\n|\n|-heal|p2a: Eelektross|73\/100|[from] item: Leftovers\n|upkeep\n|inactive|Flakkov has 90 seconds left.\n|\n|t:|1701111342\n|switch|p1a: Skeledirge|Skeledirge, F|100\/100\n|turn|19\n|\n|t:|1701111358\n|move|p1a: Skeledirge|Torch Song|p2a: Eelektross\n|-damage|p2a: Eelektross|36\/100\n|-boost|p1a: Skeledirge|spa|1\n|move|p2a: Eelektross|Hex|p1a: Skeledirge\n|-supereffective|p1a: Skeledirge\n|-damage|p1a: Skeledirge|58\/100\n|\n|-heal|p2a: Eelektross|42\/100|[from] item: Leftovers\n|upkeep\n|turn|20\n|\n|t:|1701111369\n|move|p1a: Skeledirge|Torch Song|p2a: Eelektross\n|-damage|p2a: Eelektross|0 fnt\n|-boost|p1a: Skeledirge|spa|1\n|faint|p2a: Eelektross\n|\n|upkeep\n|\n|t:|1701111378\n|switch|p2a: Garchomp|Garchomp, M|100\/100\n|-status|p2a: Garchomp|tox\n|turn|21\n|\n|t:|1701111390\n|move|p2a: Garchomp|Earthquake|p1a: Skeledirge\n|-supereffective|p1a: Skeledirge\n|-damage|p1a: Skeledirge|0 fnt\n|faint|p1a: Skeledirge\n|-damage|p2a: Garchomp|91\/100 tox|[from] item: Life Orb\n|\n|-damage|p2a: Garchomp|84\/100 tox|[from] psn\n|upkeep\n|\n|t:|1701111401\n|switch|p1a: Hoopa|Hoopa-Unbound, tera:Steel|1\/100\n|turn|22\n|\n|t:|1701111414\n|move|p2a: Garchomp|Crunch|p1a: Hoopa\n|-damage|p1a: Hoopa|0 fnt\n|faint|p1a: Hoopa\n|-damage|p2a: Garchomp|74\/100 tox|[from] item: Life Orb\n|\n|-damage|p2a: Garchomp|62\/100 tox|[from] psn\n|upkeep\n|\n|t:|1701111424\n|switch|p1a: Toxapex|Toxapex, F|74\/100\n|turn|23\n|\n|t:|1701111430\n|move|p1a: Toxapex|Baneful Bunker|p1a: Toxapex\n|-singleturn|p1a: Toxapex|move: Protect\n|move|p2a: Garchomp|Earthquake|p1a: Toxapex\n|-activate|p1a: Toxapex|move: Protect\n|\n|-heal|p1a: Toxapex|80\/100|[from] item: Black Sludge\n|-damage|p2a: Garchomp|44\/100 tox|[from] psn\n|upkeep\n|turn|24\n|\n|t:|1701111440\n|switch|p1a: Hatterene|Hatterene, F|100\/100\n|move|p2a: Garchomp|Earthquake|p1a: Hatterene\n|-damage|p1a: Hatterene|0 fnt\n|faint|p1a: Hatterene\n|-damage|p2a: Garchomp|34\/100 tox|[from] item: Life Orb\n|\n|-damage|p2a: Garchomp|10\/100 tox|[from] psn\n|upkeep\n|\n|t:|1701111450\n|switch|p1a: Toxapex|Toxapex, F|100\/100\n|turn|25\n|\n|t:|1701111455\n|move|p1a: Toxapex|Baneful Bunker|p1a: Toxapex\n|-singleturn|p1a: Toxapex|move: Protect\n|move|p2a: Garchomp|Outrage|p1a: Toxapex\n|-activate|p1a: Toxapex|move: Protect\n|\n|-damage|p2a: Garchomp|0 fnt|[from] psn\n|faint|p2a: Garchomp\n|upkeep\n|\n|t:|1701111459\n|switch|p2a: Barraskewda|Barraskewda, M, shiny|20\/100\n|-status|p2a: Barraskewda|tox\n|turn|26\n|inactive|Flakkov has 120 seconds left.\n|\n|t:|1701111470\n|move|p2a: Barraskewda|Psychic Fangs|p1a: Toxapex\n|-supereffective|p1a: Toxapex\n|-damage|p1a: Toxapex|57\/100\n|move|p1a: Toxapex|Ice Spinner|p2a: Barraskewda\n|-resisted|p2a: Barraskewda\n|-damage|p2a: Barraskewda|10\/100 tox\n|\n|-heal|p2a: Barraskewda|16\/100 tox|[from] item: Leftovers\n|-heal|p1a: Toxapex|63\/100|[from] item: Black Sludge\n|-damage|p2a: Barraskewda|10\/100 tox|[from] psn\n|upkeep\n|turn|27\n|inactive|Flakkov has 120 seconds left.\n|\n|t:|1701111481\n|move|p1a: Toxapex|Baneful Bunker|p1a: Toxapex\n|-singleturn|p1a: Toxapex|move: Protect\n|move|p2a: Barraskewda|Psychic Fangs|p1a: Toxapex\n|-activate|p1a: Toxapex|move: Protect\n|\n|-heal|p2a: Barraskewda|16\/100 tox|[from] item: Leftovers\n|-heal|p1a: Toxapex|69\/100|[from] item: Black Sludge\n|-damage|p2a: Barraskewda|4\/100 tox|[from] psn\n|upkeep\n|turn|28\n|inactive|Flakkov has 120 seconds left.\n|\n|t:|1701111491\n|move|p1a: Toxapex|Baneful Bunker||[still]\n|-fail|p1a: Toxapex\n|move|p2a: Barraskewda|Psychic Fangs|p1a: Toxapex\n|-supereffective|p1a: Toxapex\n|-damage|p1a: Toxapex|24\/100\n|\n|-heal|p2a: Barraskewda|10\/100 tox|[from] item: Leftovers\n|-heal|p1a: Toxapex|30\/100|[from] item: Black Sludge\n|-damage|p2a: Barraskewda|0 fnt|[from] psn\n|faint|p2a: Barraskewda\n|\n|win|Flakkov\n|upkeep\n|raw|Flakkov's rating: 1035 &rarr; <strong>1073<\/strong><br \/>(+38 for winning)\n|raw|Daniel32cm's rating: 1068 &rarr; <strong>1046<\/strong><br \/>(-22 for losing)\n|l|\u2606Daniel32cm\n","uploadtime":1701111508,"views":5,"p1id":"flakkov","p2id":"daniel32cm","formatid":"gen9ou","rating":1046,"private":0,"password":""}