{"id":"gen9ou-1997235978","p1":"braker89","p2":"BugCatcherN8R1X","format":"[Gen 9] OU","log":"|j|\u2606braker89\n|j|\u2606BugCatcherN8R1X\n|t:|1700778771\n|gametype|singles\n|player|p1|braker89|musician|1203\n|player|p2|BugCatcherN8R1X|bugcatcher-gen4dp|1213\n|teamsize|p1|6\n|teamsize|p2|6\n|gen|9\n|tier|[Gen 9] OU\n|rated|\n|rule|Sleep Clause Mod: Limit one foe put to sleep\n|rule|Species Clause: Limit one of each Pok\u00e9mon\n|rule|OHKO Clause: OHKO moves are banned\n|rule|Evasion Items Clause: Evasion items are banned\n|rule|Evasion Moves Clause: Evasion moves are banned\n|rule|Endless Battle Clause: Forcing endless battles is banned\n|rule|HP Percentage Mod: HP is shown in percentages\n|clearpoke\n|poke|p1|Gholdengo|\n|poke|p1|Cinderace, M|\n|poke|p1|Dondozo, M|\n|poke|p1|Corviknight, M|\n|poke|p1|Garchomp, F|\n|poke|p1|Amoonguss, M|\n|poke|p2|Kleavor, M|\n|poke|p2|Lokix, M|\n|poke|p2|Yanmega, M|\n|poke|p2|Slither Wing|\n|poke|p2|Scizor, M|\n|poke|p2|Frosmoth, M|\n|teampreview\n|inactive|Battle timer is ON: inactive players will automatically lose when time's up. (requested by BugCatcherN8R1X)\n|\n|t:|1700778785\n|start\n|switch|p1a: Gholdengo|Gholdengo|100\/100\n|switch|p2a: Hachiman|Kleavor, M|100\/100\n|turn|1\n|c|\u2606BugCatcherN8R1X|Bug Catcher Natrix wants to battle!\n|\n|t:|1700778794\n|-terastallize|p1a: Gholdengo|Fighting\n|move|p1a: Gholdengo|Trick|p2a: Hachiman\n|-activate|p1a: Gholdengo|move: Trick|[of] p2a: Hachiman\n|-item|p2a: Hachiman|Choice Scarf|[from] move: Trick\n|-item|p1a: Gholdengo|Choice Scarf|[from] move: Trick\n|move|p2a: Hachiman|U-turn|p1a: Gholdengo\n|-resisted|p1a: Gholdengo\n|-damage|p1a: Gholdengo|76\/100\n|\n|t:|1700778810\n|switch|p2a: Nidhogg|Yanmega, M|100\/100|[from] U-turn\n|\n|upkeep\n|turn|2\n|\n|t:|1700778824\n|switch|p2a: Hachiman|Kleavor, M|100\/100\n|move|p1a: Gholdengo|Trick|p2a: Hachiman\n|-activate|p1a: Gholdengo|move: Trick|[of] p2a: Hachiman\n|-item|p2a: Hachiman|Choice Scarf|[from] move: Trick\n|-item|p1a: Gholdengo|Choice Scarf|[from] move: Trick\n|\n|upkeep\n|turn|3\n|\n|t:|1700778836\n|switch|p1a: Amoonguss|Amoonguss, M|100\/100\n|move|p2a: Hachiman|Stone Axe|p1a: Amoonguss\n|-damage|p1a: Amoonguss|40\/100\n|-sidestart|p1: braker89|move: Stealth Rock\n|\n|-heal|p1a: Amoonguss|46\/100|[from] item: Leftovers\n|upkeep\n|turn|4\n|\n|t:|1700778845\n|move|p1a: Amoonguss|Protect|p1a: Amoonguss\n|-singleturn|p1a: Amoonguss|Protect\n|move|p2a: Hachiman|Stone Axe|p1a: Amoonguss\n|-activate|p1a: Amoonguss|move: Protect\n|\n|-heal|p1a: Amoonguss|53\/100|[from] item: Leftovers\n|upkeep\n|turn|5\n|\n|t:|1700778870\n|move|p2a: Hachiman|Stone Axe|p1a: Amoonguss\n|-damage|p1a: Amoonguss|0 fnt\n|faint|p1a: Amoonguss\n|\n|upkeep\n|\n|t:|1700778879\n|switch|p1a: Dondozo|Dondozo, M|100\/100\n|-damage|p1a: Dondozo|88\/100|[from] Stealth Rock\n|turn|6\n|\n|t:|1700778888\n|switch|p2a: Erebus|Lokix, M|100\/100\n|move|p1a: Dondozo|Curse|p1a: Dondozo\n|-unboost|p1a: Dondozo|spe|1\n|-boost|p1a: Dondozo|atk|1\n|-boost|p1a: Dondozo|def|1\n|\n|upkeep\n|turn|7\n|\n|t:|1700778901\n|move|p2a: Erebus|Taunt|p1a: Dondozo\n|-start|p1a: Dondozo|move: Taunt\n|move|p1a: Dondozo|Body Press|p2a: Erebus\n|-damage|p2a: Erebus|55\/100\n|\n|upkeep\n|turn|8\n|\n|t:|1700778914\n|move|p2a: Erebus|U-turn|p1a: Dondozo\n|-damage|p1a: Dondozo|75\/100\n|-damage|p2a: Erebus|38\/100|[from] item: Rocky Helmet|[of] p1a: Dondozo\n|\n|t:|1700778920\n|switch|p2a: Nidhogg|Yanmega, M|100\/100|[from] U-turn\n|move|p1a: Dondozo|Liquidation|p2a: Nidhogg\n|-damage|p2a: Nidhogg|44\/100\n|-unboost|p2a: Nidhogg|def|1\n|\n|upkeep\n|turn|9\n|\n|t:|1700778929\n|move|p2a: Nidhogg|Bug Buzz|p1a: Dondozo\n|-damage|p1a: Dondozo|44\/100\n|-enditem|p2a: Nidhogg|Throat Spray\n|-boost|p2a: Nidhogg|spa|1|[from] item: Throat Spray\n|move|p1a: Dondozo|Liquidation|p2a: Nidhogg\n|-damage|p2a: Nidhogg|0 fnt\n|faint|p2a: Nidhogg\n|\n|-end|p1a: Dondozo|move: Taunt\n|upkeep\n|\n|t:|1700778941\n|switch|p2a: Boreas|Frosmoth, M|100\/100\n|turn|10\n|\n|t:|1700778955\n|switch|p1a: Gholdengo|Gholdengo, tera:Fighting|76\/100\n|-damage|p1a: Gholdengo|70\/100|[from] Stealth Rock\n|-terastallize|p2a: Boreas|Grass\n|move|p2a: Boreas|Giga Drain|p1a: Gholdengo\n|-damage|p1a: Gholdengo|24\/100\n|\n|upkeep\n|turn|11\n|\n|t:|1700778979\n|switch|p2a: Hachiman|Kleavor, M|100\/100\n|move|p1a: Gholdengo|Trick|p2a: Hachiman\n|-activate|p1a: Gholdengo|move: Trick|[of] p2a: Hachiman\n|-item|p2a: Hachiman|Choice Scarf|[from] move: Trick\n|-item|p1a: Gholdengo|Choice Scarf|[from] move: Trick\n|\n|upkeep\n|turn|12\n|\n|t:|1700778995\n|switch|p1a: Garchomp|Garchomp, F|100\/100\n|-damage|p1a: Garchomp|94\/100|[from] Stealth Rock\n|move|p2a: Hachiman|U-turn|p1a: Garchomp\n|-damage|p1a: Garchomp|60\/100\n|-damage|p2a: Hachiman|88\/100|[from] ability: Rough Skin|[of] p1a: Garchomp\n|-damage|p2a: Hachiman|72\/100|[from] item: Rocky Helmet|[of] p1a: Garchomp\n|\n|t:|1700779009\n|switch|p2a: Erebus|Lokix, M|38\/100|[from] U-turn\n|\n|upkeep\n|turn|13\n|\n|t:|1700779018\n|move|p1a: Garchomp|Stealth Rock|p2a: Erebus\n|-sidestart|p2: BugCatcherN8R1X|move: Stealth Rock\n|move|p2a: Erebus|Taunt|p1a: Garchomp\n|-start|p1a: Garchomp|move: Taunt\n|\n|upkeep\n|turn|14\n|\n|t:|1700779035\n|switch|p1a: Corviknight|Corviknight, M|100\/100\n|-damage|p1a: Corviknight|88\/100|[from] Stealth Rock\n|-ability|p1a: Corviknight|Pressure\n|move|p2a: Erebus|Sucker Punch||[still]\n|-fail|p2a: Erebus\n|\n|upkeep\n|turn|15\n|\n|t:|1700779050\n|move|p2a: Erebus|Low Kick|p1a: Corviknight\n|-damage|p1a: Corviknight|75\/100\n|-damage|p2a: Erebus|22\/100|[from] item: Rocky Helmet|[of] p1a: Corviknight\n|move|p1a: Corviknight|U-turn|p2a: Erebus\n|-supereffective|p2a: Erebus\n|-damage|p2a: Erebus|0 fnt\n|faint|p2a: Erebus\n|\n|t:|1700779065\n|switch|p1a: Garchomp|Garchomp, F|60\/100|[from] U-turn\n|-damage|p1a: Garchomp|54\/100|[from] Stealth Rock\n|\n|upkeep\n|inactive|BugCatcherN8R1X has 120 seconds left.\n|l|\u2606braker89\n|inactive|braker89 disconnected and has a minute to reconnect!\n|player|p1|\n|\n|t:|1700779100\n|switch|p2a: Apollo|Slither Wing|100\/100\n|-damage|p2a: Apollo|88\/100|[from] Stealth Rock\n|turn|16\n|j|\u2606braker89\n|inactive|braker89 reconnected and has 140 seconds left.\n|player|p1|braker89|musician\n|\n|t:|1700779110\n|move|p1a: Garchomp|Spikes|p2a: Apollo\n|-sidestart|p2: BugCatcherN8R1X|Spikes\n|move|p2a: Apollo|Earthquake|p1a: Garchomp\n|-damage|p1a: Garchomp|31\/100\n|\n|upkeep\n|turn|17\n|inactive|braker89 has 120 seconds left.\n|\n|t:|1700779134\n|move|p1a: Garchomp|Spikes|p2a: Apollo\n|-sidestart|p2: BugCatcherN8R1X|Spikes\n|move|p2a: Apollo|Flame Charge|p1a: Garchomp\n|-resisted|p1a: Garchomp\n|-crit|p1a: Garchomp\n|-damage|p1a: Garchomp|23\/100\n|-boost|p2a: Apollo|spe|1\n|-damage|p2a: Apollo|76\/100|[from] ability: Rough Skin|[of] p1a: Garchomp\n|-damage|p2a: Apollo|59\/100|[from] item: Rocky Helmet|[of] p1a: Garchomp\n|\n|upkeep\n|turn|18\n|\n|t:|1700779144\n|move|p2a: Apollo|Earthquake|p1a: Garchomp\n|-damage|p1a: Garchomp|0 fnt\n|faint|p1a: Garchomp\n|\n|upkeep\n|inactive|braker89 has 120 seconds left.\n|\n|t:|1700779161\n|switch|p1a: Cinderace|Cinderace, M|100\/100\n|turn|19\n|inactive|braker89 has 120 seconds left.\n|\n|t:|1700779170\n|move|p1a: Cinderace|Pyro Ball|p2a: Apollo\n|-supereffective|p2a: Apollo\n|-damage|p2a: Apollo|0 fnt\n|faint|p2a: Apollo\n|-end|p2a: Apollo|Protosynthesis|[silent]\n|\n|upkeep\n|\n|t:|1700779175\n|switch|p2a: Hachiman|Kleavor, M|72\/100\n|-damage|p2a: Hachiman|47\/100|[from] Stealth Rock\n|-damage|p2a: Hachiman|30\/100|[from] Spikes\n|turn|20\n|\n|t:|1700779182\n|switch|p1a: Corviknight|Corviknight, M|75\/100\n|-damage|p1a: Corviknight|63\/100|[from] Stealth Rock\n|-ability|p1a: Corviknight|Pressure\n|move|p2a: Hachiman|Stone Axe|p1a: Corviknight\n|-damage|p1a: Corviknight|31\/100\n|-damage|p2a: Hachiman|14\/100|[from] item: Rocky Helmet|[of] p1a: Corviknight\n|\n|upkeep\n|turn|21\n|\n|t:|1700779193\n|move|p2a: Hachiman|Stone Axe|p1a: Corviknight\n|-damage|p1a: Corviknight|0 fnt\n|-damage|p2a: Hachiman|0 fnt|[from] item: Rocky Helmet|[of] p1a: Corviknight\n|faint|p1a: Corviknight\n|faint|p2a: Hachiman\n|\n|upkeep\n|\n|t:|1700779202\n|switch|p2a: Ares|Scizor, M|100\/100\n|switch|p1a: Cinderace|Cinderace, M|100\/100\n|-damage|p2a: Ares|88\/100|[from] Stealth Rock\n|-damage|p2a: Ares|72\/100|[from] Spikes\n|turn|22\n|\n|t:|1700779210\n|move|p2a: Ares|Bullet Punch|p1a: Cinderace\n|-resisted|p1a: Cinderace\n|-damage|p1a: Cinderace|80\/100\n|-heal|p2a: Ares|74\/100|[from] item: Shell Bell|[of] p1a: Cinderace\n|move|p1a: Cinderace|Will-O-Wisp|p2a: Ares\n|-status|p2a: Ares|brn\n|\n|-damage|p2a: Ares|68\/100 brn|[from] brn\n|upkeep\n|turn|23\n|\n|t:|1700779220\n|move|p1a: Cinderace|Pyro Ball|p2a: Ares\n|-supereffective|p2a: Ares\n|-damage|p2a: Ares|0 fnt\n|faint|p2a: Ares\n|\n|upkeep\n|\n|t:|1700779225\n|switch|p2a: Boreas|Frosmoth, M, tera:Grass|100\/100\n|turn|24\n|\n|t:|1700779228\n|move|p1a: Cinderace|Pyro Ball|p2a: Boreas\n|-supereffective|p2a: Boreas\n|-damage|p2a: Boreas|0 fnt\n|faint|p2a: Boreas\n|\n|win|braker89\n|raw|braker89's rating: 1203 &rarr; <strong>1229<\/strong><br \/>(+26 for winning)\n|raw|BugCatcherN8R1X's rating: 1213 &rarr; <strong>1187<\/strong><br \/>(-26 for losing)\n|c|\u2606BugCatcherN8R1X|Ggwp\n","uploadtime":1700779252,"views":4,"p1id":"braker89","p2id":"bugcatchern8r1x","formatid":"gen9ou","rating":1187,"private":0,"password":""}