{"id":"gen9ou-1993461556","p1":"bellenguer2","p2":"Romeh2o","format":"[Gen 9] OU","log":"|j|\u2606bellenguer2\n|j|\u2606Romeh2o\n|t:|1700320770\n|gametype|singles\n|player|p1|bellenguer2|dawn|1105\n|player|p2|Romeh2o|169|1103\n|teamsize|p1|6\n|teamsize|p2|6\n|gen|9\n|tier|[Gen 9] OU\n|rated|\n|rule|Sleep Clause Mod: Limit one foe put to sleep\n|rule|Species Clause: Limit one of each Pok\u00e9mon\n|rule|OHKO Clause: OHKO moves are banned\n|rule|Evasion Items Clause: Evasion items are banned\n|rule|Evasion Moves Clause: Evasion moves are banned\n|rule|Endless Battle Clause: Forcing endless battles is banned\n|rule|HP Percentage Mod: HP is shown in percentages\n|clearpoke\n|poke|p1|Zapdos|\n|poke|p1|Blissey, F|\n|poke|p1|Toxapex, M|\n|poke|p1|Clefable, M|\n|poke|p1|Corviknight, F|\n|poke|p1|Hippowdon, M|\n|poke|p2|Greninja-*, M|\n|poke|p2|Garchomp, F|\n|poke|p2|Enamorus, F|\n|poke|p2|Kingambit, F|\n|poke|p2|Iron Valiant|\n|poke|p2|Glimmora, F|\n|teampreview\n|\n|t:|1700320781\n|start\n|switch|p1a: Zapdos|Zapdos|100\/100\n|switch|p2a: Glimmora|Glimmora, F|100\/100\n|turn|1\n|inactive|Battle timer is ON: inactive players will automatically lose when time's up. (requested by Romeh2o)\n|\n|t:|1700320811\n|switch|p1a: Blissey|Blissey, F|100\/100\n|move|p2a: Glimmora|Power Gem|p1a: Blissey\n|-damage|p1a: Blissey|89\/100\n|\n|-heal|p1a: Blissey|95\/100|[from] item: Leftovers\n|upkeep\n|turn|2\n|\n|t:|1700320819\n|move|p2a: Glimmora|Stealth Rock|p1a: Blissey\n|-sidestart|p1: bellenguer2|move: Stealth Rock\n|move|p1a: Blissey|Light Screen|p1a: Blissey\n|-sidestart|p1: bellenguer2|move: Light Screen\n|\n|-heal|p1a: Blissey|100\/100|[from] item: Leftovers\n|upkeep\n|turn|3\n|\n|t:|1700320827\n|move|p2a: Glimmora|Mortal Spin|p1a: Blissey\n|-damage|p1a: Blissey|89\/100\n|-status|p1a: Blissey|psn\n|move|p1a: Blissey|Thunder Wave|p2a: Glimmora\n|-status|p2a: Glimmora|par\n|\n|-heal|p1a: Blissey|96\/100 psn|[from] item: Leftovers\n|-damage|p1a: Blissey|83\/100 psn|[from] psn\n|upkeep\n|turn|4\n|\n|t:|1700320842\n|-curestatus|p1a: Blissey|psn|[from] ability: Natural Cure\n|switch|p1a: Corviknight|Corviknight, F|100\/100\n|-damage|p1a: Corviknight|88\/100|[from] Stealth Rock\n|-ability|p1a: Corviknight|Pressure\n|cant|p2a: Glimmora|par\n|\n|upkeep\n|turn|5\n|\n|t:|1700320851\n|move|p1a: Corviknight|Defog|p2a: Glimmora\n|-unboost|p2a: Glimmora|evasion|1\n|-sideend|p1: bellenguer2|Stealth Rock|[from] move: Defog|[of] p1a: Corviknight\n|cant|p2a: Glimmora|par\n|\n|upkeep\n|turn|6\n|\n|t:|1700320862\n|move|p1a: Corviknight|U-turn|p2a: Glimmora\n|-resisted|p2a: Glimmora\n|-damage|p2a: Glimmora|91\/100 par\n|-activate|p2a: Glimmora|ability: Toxic Debris\n|-sidestart|p1: bellenguer2|move: Toxic Spikes\n|\n|t:|1700320871\n|switch|p1a: Toxapex|Toxapex, M|100\/100|[from] U-turn\n|-sideend|p1: bellenguer2|move: Toxic Spikes|[of] p1a: Toxapex\n|move|p2a: Glimmora|Stealth Rock|p1a: Toxapex\n|-sidestart|p1: bellenguer2|move: Stealth Rock\n|\n|-sideend|p1: bellenguer2|move: Light Screen\n|upkeep\n|turn|7\n|\n|t:|1700320878\n|move|p2a: Glimmora|Earth Power|p1a: Toxapex\n|-supereffective|p1a: Toxapex\n|-damage|p1a: Toxapex|54\/100\n|move|p1a: Toxapex|Surf|p2a: Glimmora\n|-supereffective|p2a: Glimmora\n|-damage|p2a: Glimmora|44\/100 par\n|\n|-heal|p1a: Toxapex|61\/100|[from] item: Black Sludge\n|upkeep\n|turn|8\n|\n|t:|1700320892\n|switch|p1a: Corviknight|Corviknight, F|88\/100\n|-damage|p1a: Corviknight|75\/100|[from] Stealth Rock\n|-ability|p1a: Corviknight|Pressure\n|cant|p2a: Glimmora|par\n|\n|upkeep\n|turn|9\n|\n|t:|1700320899\n|switch|p2a: Greninja|Greninja, M|100\/100\n|move|p1a: Corviknight|Defog|p2a: Greninja\n|-unboost|p2a: Greninja|evasion|1\n|-sideend|p1: bellenguer2|Stealth Rock|[from] move: Defog|[of] p1a: Corviknight\n|\n|upkeep\n|turn|10\n|\n|t:|1700320913\n|switch|p2a: Kingambit|Kingambit, F|100\/100\n|switch|p1a: Toxapex|Toxapex, M|94\/100\n|\n|-heal|p1a: Toxapex|99\/100|[from] item: Black Sludge\n|upkeep\n|turn|11\n|\n|t:|1700320924\n|move|p2a: Kingambit|Swords Dance|p2a: Kingambit\n|-boost|p2a: Kingambit|atk|2\n|move|p1a: Toxapex|Surf|p2a: Kingambit\n|-damage|p2a: Kingambit|80\/100\n|\n|-heal|p2a: Kingambit|86\/100|[from] item: Leftovers\n|-heal|p1a: Toxapex|100\/100|[from] item: Black Sludge\n|upkeep\n|turn|12\n|\n|t:|1700320939\n|switch|p1a: Corviknight|Corviknight, F|75\/100\n|-ability|p1a: Corviknight|Pressure\n|move|p2a: Kingambit|Swords Dance|p2a: Kingambit\n|-boost|p2a: Kingambit|atk|2\n|\n|-heal|p2a: Kingambit|93\/100|[from] item: Leftovers\n|upkeep\n|turn|13\n|\n|t:|1700320948\n|move|p2a: Kingambit|Kowtow Cleave|p1a: Corviknight\n|-damage|p1a: Corviknight|0 fnt\n|-damage|p2a: Kingambit|76\/100|[from] item: Rocky Helmet|[of] p1a: Corviknight\n|faint|p1a: Corviknight\n|\n|-heal|p2a: Kingambit|82\/100|[from] item: Leftovers\n|upkeep\n|\n|t:|1700320957\n|switch|p1a: Zapdos|Zapdos|100\/100\n|turn|14\n|\n|t:|1700320967\n|move|p1a: Zapdos|Heat Wave|p2a: Kingambit\n|-supereffective|p2a: Kingambit\n|-damage|p2a: Kingambit|23\/100\n|move|p2a: Kingambit|Kowtow Cleave|p1a: Zapdos\n|-crit|p1a: Zapdos\n|-damage|p1a: Zapdos|0 fnt\n|faint|p1a: Zapdos\n|\n|-heal|p2a: Kingambit|29\/100|[from] item: Leftovers\n|upkeep\n|\n|t:|1700320976\n|switch|p1a: Clefable|Clefable, M|100\/100\n|turn|15\n|\n|t:|1700320980\n|move|p2a: Kingambit|Iron Head|p1a: Clefable\n|-supereffective|p1a: Clefable\n|-damage|p1a: Clefable|23\/100\n|move|p1a: Clefable|Fire Blast|p2a: Kingambit\n|-supereffective|p2a: Kingambit\n|-damage|p2a: Kingambit|0 fnt\n|faint|p2a: Kingambit\n|-end|p2a: Kingambit|fallenundefined|[silent]\n|\n|-heal|p1a: Clefable|29\/100|[from] item: Leftovers\n|upkeep\n|\n|t:|1700320995\n|switch|p2a: Garchomp|Garchomp, F|100\/100\n|turn|16\n|\n|t:|1700321012\n|switch|p1a: Hippowdon|Hippowdon, M|100\/100\n|-weather|Sandstorm|[from] ability: Sand Stream|[of] p1a: Hippowdon\n|move|p2a: Garchomp|Earthquake|p1a: Hippowdon\n|-damage|p1a: Hippowdon|68\/100\n|\n|-weather|Sandstorm|[upkeep]\n|-heal|p1a: Hippowdon|74\/100|[from] item: Leftovers\n|upkeep\n|turn|17\n|\n|t:|1700321020\n|switch|p2a: Glimmora|Glimmora, F|44\/100 par\n|move|p1a: Hippowdon|Stealth Rock|p2a: Glimmora\n|-sidestart|p2: Romeh2o|move: Stealth Rock\n|\n|-weather|Sandstorm|[upkeep]\n|-heal|p1a: Hippowdon|80\/100|[from] item: Leftovers\n|upkeep\n|turn|18\n|inactive|bellenguer2 has 120 seconds left.\n|\n|t:|1700321051\n|switch|p1a: Blissey|Blissey, F|83\/100\n|move|p2a: Glimmora|Mortal Spin|p1a: Blissey\n|-damage|p1a: Blissey|71\/100\n|-status|p1a: Blissey|psn\n|-sideend|p2: Romeh2o|Stealth Rock|[from] move: Mortal Spin|[of] p2a: Glimmora\n|\n|-weather|Sandstorm|[upkeep]\n|-damage|p1a: Blissey|65\/100 psn|[from] Sandstorm\n|-heal|p1a: Blissey|71\/100 psn|[from] item: Leftovers\n|-damage|p1a: Blissey|58\/100 psn|[from] psn\n|upkeep\n|turn|19\n|\n|t:|1700321068\n|switch|p2a: Garchomp|Garchomp, F|100\/100\n|move|p1a: Blissey|Soft-Boiled|p1a: Blissey\n|-heal|p1a: Blissey|100\/100 psn\n|\n|-weather|Sandstorm|[upkeep]\n|-damage|p1a: Blissey|94\/100 psn|[from] Sandstorm\n|-heal|p1a: Blissey|100\/100 psn|[from] item: Leftovers\n|-damage|p1a: Blissey|88\/100 psn|[from] psn\n|upkeep\n|turn|20\n|\n|t:|1700321079\n|-curestatus|p1a: Blissey|psn|[from] ability: Natural Cure\n|switch|p1a: Hippowdon|Hippowdon, M|80\/100\n|move|p2a: Garchomp|Substitute|p2a: Garchomp\n|-start|p2a: Garchomp|Substitute\n|-damage|p2a: Garchomp|76\/100\n|\n|-weather|none\n|-heal|p2a: Garchomp|82\/100|[from] item: Leftovers\n|-heal|p1a: Hippowdon|86\/100|[from] item: Leftovers\n|upkeep\n|turn|21\n|\n|t:|1700321086\n|move|p2a: Garchomp|Swords Dance|p2a: Garchomp\n|-boost|p2a: Garchomp|atk|2\n|move|p1a: Hippowdon|Stealth Rock|p2a: Garchomp\n|-sidestart|p2: Romeh2o|move: Stealth Rock\n|\n|-heal|p2a: Garchomp|88\/100|[from] item: Leftovers\n|-heal|p1a: Hippowdon|92\/100|[from] item: Leftovers\n|upkeep\n|turn|22\n|\n|t:|1700321094\n|move|p2a: Garchomp|Swords Dance|p2a: Garchomp\n|-boost|p2a: Garchomp|atk|2\n|move|p1a: Hippowdon|Roar|p2a: Garchomp\n|drag|p2a: Enamorus|Enamorus, F|100\/100\n|-damage|p2a: Enamorus|76\/100|[from] Stealth Rock\n|\n|-heal|p1a: Hippowdon|99\/100|[from] item: Leftovers\n|upkeep\n|turn|23\n|\n|t:|1700321118\n|switch|p2a: Garchomp|Garchomp, F|88\/100\n|-damage|p2a: Garchomp|82\/100|[from] Stealth Rock\n|switch|p1a: Blissey|Blissey, F|88\/100\n|\n|-heal|p2a: Garchomp|88\/100|[from] item: Leftovers\n|-heal|p1a: Blissey|94\/100|[from] item: Leftovers\n|upkeep\n|turn|24\n|\n|t:|1700321124\n|switch|p1a: Hippowdon|Hippowdon, M|99\/100\n|-weather|Sandstorm|[from] ability: Sand Stream|[of] p1a: Hippowdon\n|move|p2a: Garchomp|Substitute|p2a: Garchomp\n|-start|p2a: Garchomp|Substitute\n|-damage|p2a: Garchomp|63\/100\n|\n|-weather|Sandstorm|[upkeep]\n|-heal|p2a: Garchomp|69\/100|[from] item: Leftovers\n|-heal|p1a: Hippowdon|100\/100|[from] item: Leftovers\n|upkeep\n|turn|25\n|\n|t:|1700321132\n|move|p2a: Garchomp|Earthquake|p1a: Hippowdon\n|-damage|p1a: Hippowdon|65\/100\n|move|p1a: Hippowdon|Roar|p2a: Garchomp\n|drag|p2a: Enamorus|Enamorus, F|76\/100\n|-damage|p2a: Enamorus|51\/100|[from] Stealth Rock\n|\n|-weather|Sandstorm|[upkeep]\n|-damage|p2a: Enamorus|44\/100|[from] Sandstorm\n|-heal|p1a: Hippowdon|72\/100|[from] item: Leftovers\n|upkeep\n|turn|26\n|\n|t:|1700321140\n|move|p2a: Enamorus|Moonblast|p1a: Hippowdon\n|-damage|p1a: Hippowdon|29\/100\n|move|p1a: Hippowdon|Slack Off|p1a: Hippowdon\n|-heal|p1a: Hippowdon|79\/100\n|\n|-weather|Sandstorm|[upkeep]\n|-damage|p2a: Enamorus|38\/100|[from] Sandstorm\n|-heal|p1a: Hippowdon|85\/100|[from] item: Leftovers\n|upkeep\n|turn|27\n|\n|t:|1700321147\n|switch|p1a: Blissey|Blissey, F|94\/100\n|move|p2a: Enamorus|Moonblast|p1a: Blissey\n|-damage|p1a: Blissey|79\/100\n|\n|-weather|Sandstorm|[upkeep]\n|-damage|p2a: Enamorus|32\/100|[from] Sandstorm\n|-damage|p1a: Blissey|73\/100|[from] Sandstorm\n|-heal|p1a: Blissey|79\/100|[from] item: Leftovers\n|upkeep\n|turn|28\n|\n|t:|1700321154\n|move|p2a: Enamorus|Moonblast|p1a: Blissey\n|-damage|p1a: Blissey|66\/100\n|move|p1a: Blissey|Seismic Toss|p2a: Enamorus\n|-damage|p2a: Enamorus|0 fnt\n|faint|p2a: Enamorus\n|\n|-weather|none\n|-heal|p1a: Blissey|72\/100|[from] item: Leftovers\n|upkeep\n|\n|t:|1700321159\n|switch|p2a: Garchomp|Garchomp, F|69\/100\n|-damage|p2a: Garchomp|63\/100|[from] Stealth Rock\n|turn|29\n|\n|t:|1700321173\n|switch|p1a: Hippowdon|Hippowdon, M|85\/100\n|-weather|Sandstorm|[from] ability: Sand Stream|[of] p1a: Hippowdon\n|-terastallize|p2a: Garchomp|Ground\n|move|p2a: Garchomp|Earthquake|p1a: Hippowdon\n|-damage|p1a: Hippowdon|39\/100\n|\n|-weather|Sandstorm|[upkeep]\n|-heal|p2a: Garchomp|69\/100|[from] item: Leftovers\n|-heal|p1a: Hippowdon|45\/100|[from] item: Leftovers\n|upkeep\n|turn|30\n|\n|t:|1700321188\n|switch|p1a: Clefable|Clefable, M|29\/100\n|move|p2a: Garchomp|Earthquake|p1a: Clefable\n|-damage|p1a: Clefable|0 fnt\n|faint|p1a: Clefable\n|\n|-weather|Sandstorm|[upkeep]\n|-heal|p2a: Garchomp|75\/100|[from] item: Leftovers\n|upkeep\n|\n|t:|1700321192\n|switch|p1a: Toxapex|Toxapex, M|100\/100\n|turn|31\n|\n|t:|1700321196\n|move|p2a: Garchomp|Earthquake|p1a: Toxapex\n|-supereffective|p1a: Toxapex\n|-damage|p1a: Toxapex|6\/100\n|move|p1a: Toxapex|Surf|p2a: Garchomp\n|-supereffective|p2a: Garchomp\n|-damage|p2a: Garchomp|33\/100\n|\n|-weather|Sandstorm|[upkeep]\n|-damage|p1a: Toxapex|0 fnt|[from] Sandstorm\n|faint|p1a: Toxapex\n|-heal|p2a: Garchomp|39\/100|[from] item: Leftovers\n|upkeep\n|\n|t:|1700321204\n|switch|p1a: Hippowdon|Hippowdon, M|45\/100\n|turn|32\n|\n|t:|1700321208\n|-terastallize|p1a: Hippowdon|Ground\n|move|p2a: Garchomp|Earthquake|p1a: Hippowdon\n|-damage|p1a: Hippowdon|5\/100\n|move|p1a: Hippowdon|Slack Off|p1a: Hippowdon\n|-heal|p1a: Hippowdon|55\/100\n|\n|-weather|Sandstorm|[upkeep]\n|-heal|p2a: Garchomp|45\/100|[from] item: Leftovers\n|-heal|p1a: Hippowdon|61\/100|[from] item: Leftovers\n|upkeep\n|turn|33\n|\n|t:|1700321218\n|move|p2a: Garchomp|Earthquake|p1a: Hippowdon\n|-damage|p1a: Hippowdon|15\/100\n|move|p1a: Hippowdon|Slack Off|p1a: Hippowdon\n|-heal|p1a: Hippowdon|65\/100\n|\n|-weather|none\n|-heal|p2a: Garchomp|51\/100|[from] item: Leftovers\n|-heal|p1a: Hippowdon|71\/100|[from] item: Leftovers\n|upkeep\n|turn|34\n|\n|t:|1700321227\n|move|p2a: Garchomp|Substitute|p2a: Garchomp\n|-start|p2a: Garchomp|Substitute\n|-damage|p2a: Garchomp|26\/100\n|move|p1a: Hippowdon|Slack Off|p1a: Hippowdon\n|-heal|p1a: Hippowdon|100\/100\n|\n|-heal|p2a: Garchomp|32\/100|[from] item: Leftovers\n|upkeep\n|turn|35\n|\n|t:|1700321233\n|move|p2a: Garchomp|Earthquake|p1a: Hippowdon\n|-damage|p1a: Hippowdon|57\/100\n|move|p1a: Hippowdon|Roar|p2a: Garchomp\n|drag|p2a: Iron Valiant|Iron Valiant|100\/100\n|-damage|p2a: Iron Valiant|94\/100|[from] Stealth Rock\n|-enditem|p2a: Iron Valiant|Booster Energy\n|-activate|p2a: Iron Valiant|ability: Quark Drive|[fromitem]\n|-start|p2a: Iron Valiant|quarkdrivespe\n|\n|-heal|p1a: Hippowdon|63\/100|[from] item: Leftovers\n|upkeep\n|turn|36\n|\n|t:|1700321246\n|move|p2a: Iron Valiant|Calm Mind|p2a: Iron Valiant\n|-boost|p2a: Iron Valiant|spa|1\n|-boost|p2a: Iron Valiant|spd|1\n|move|p1a: Hippowdon|Earthquake|p2a: Iron Valiant\n|-damage|p2a: Iron Valiant|29\/100\n|\n|-heal|p1a: Hippowdon|69\/100|[from] item: Leftovers\n|upkeep\n|turn|37\n|\n|t:|1700321253\n|switch|p1a: Blissey|Blissey, F|72\/100\n|move|p2a: Iron Valiant|Moonblast|p1a: Blissey\n|-damage|p1a: Blissey|52\/100\n|\n|-heal|p1a: Blissey|58\/100|[from] item: Leftovers\n|upkeep\n|turn|38\n|\n|t:|1700321261\n|move|p2a: Iron Valiant|Psyshock|p1a: Blissey\n|-damage|p1a: Blissey|0 fnt\n|faint|p1a: Blissey\n|\n|upkeep\n|\n|t:|1700321263\n|switch|p1a: Hippowdon|Hippowdon, M, tera:Ground|69\/100\n|-weather|Sandstorm|[from] ability: Sand Stream|[of] p1a: Hippowdon\n|turn|39\n|\n|t:|1700321269\n|move|p2a: Iron Valiant|Moonblast|p1a: Hippowdon\n|-damage|p1a: Hippowdon|14\/100\n|move|p1a: Hippowdon|Slack Off|p1a: Hippowdon\n|-heal|p1a: Hippowdon|64\/100\n|\n|-weather|Sandstorm|[upkeep]\n|-damage|p2a: Iron Valiant|23\/100|[from] Sandstorm\n|-heal|p1a: Hippowdon|70\/100|[from] item: Leftovers\n|upkeep\n|turn|40\n|\n|t:|1700321276\n|move|p2a: Iron Valiant|Moonblast|p1a: Hippowdon\n|-crit|p1a: Hippowdon\n|-damage|p1a: Hippowdon|0 fnt\n|faint|p1a: Hippowdon\n|\n|win|Romeh2o\n|raw|bellenguer2's rating: 1105 &rarr; <strong>1080<\/strong><br \/>(-25 for losing)\n|raw|Romeh2o's rating: 1103 &rarr; <strong>1128<\/strong><br \/>(+25 for winning)\n","uploadtime":1700321280,"views":9,"p1id":"bellenguer2","p2id":"romeh2o","formatid":"gen9ou","rating":1080,"private":0,"password":""}