{"id":"gen9ou-1994073280","p1":"ch3eckclapper","p2":"abgwh","format":"[Gen 9] OU","log":"|j|\u2606ch3eckclapper\n|j|\u2606abgwh\n|t:|1700403345\n|gametype|singles\n|player|p1|ch3eckclapper|170|1104\n|player|p2|abgwh|266|1024\n|teamsize|p1|6\n|teamsize|p2|6\n|gen|9\n|tier|[Gen 9] OU\n|rated|\n|rule|Sleep Clause Mod: Limit one foe put to sleep\n|rule|Species Clause: Limit one of each Pok\u00e9mon\n|rule|OHKO Clause: OHKO moves are banned\n|rule|Evasion Items Clause: Evasion items are banned\n|rule|Evasion Moves Clause: Evasion moves are banned\n|rule|Endless Battle Clause: Forcing endless battles is banned\n|rule|HP Percentage Mod: HP is shown in percentages\n|clearpoke\n|poke|p1|Dragapult, M|\n|poke|p1|Iron Valiant|\n|poke|p1|Samurott-Hisui, M|\n|poke|p1|Toxapex, F|\n|poke|p1|Zapdos|\n|poke|p1|Great Tusk|\n|poke|p2|Talonflame, F|\n|poke|p2|Alomomola, M|\n|poke|p2|Clodsire, F|\n|poke|p2|Dondozo, M|\n|poke|p2|Toxapex, F|\n|poke|p2|Blissey, F|\n|teampreview\n|inactive|Battle timer is ON: inactive players will automatically lose when time's up. (requested by abgwh)\n|inactive|ch3eckclapper also wants the timer to be on.\n|\n|t:|1700403372\n|start\n|switch|p1a: Great Tusk|Great Tusk|100\/100\n|switch|p2a: Toxapex|Toxapex, F|100\/100\n|turn|1\n|\n|t:|1700403378\n|move|p1a: Great Tusk|Stealth Rock|p2a: Toxapex\n|-sidestart|p2: abgwh|move: Stealth Rock\n|move|p2a: Toxapex|Toxic|p1a: Great Tusk\n|-status|p1a: Great Tusk|tox\n|\n|-damage|p1a: Great Tusk|94\/100 tox|[from] psn\n|upkeep\n|turn|2\n|\n|t:|1700403388\n|switch|p2a: Talonflame|Talonflame, F|100\/100\n|move|p1a: Great Tusk|Earthquake|p2a: Talonflame\n|-immune|p2a: Talonflame\n|\n|-heal|p1a: Great Tusk|100\/100 tox|[from] item: Leftovers\n|-damage|p1a: Great Tusk|88\/100 tox|[from] psn\n|upkeep\n|turn|3\n|\n|t:|1700403395\n|-end|p1a: Great Tusk|Protosynthesis|[silent]\n|switch|p1a: Zapdos|Zapdos|100\/100\n|move|p2a: Talonflame|Defog|p1a: Zapdos\n|-unboost|p1a: Zapdos|evasion|1\n|-sideend|p2: abgwh|Stealth Rock|[from] move: Defog|[of] p2a: Talonflame\n|\n|upkeep\n|turn|4\n|\n|t:|1700403404\n|switch|p2a: Clodsire|Clodsire, F|100\/100\n|move|p1a: Zapdos|U-turn|p2a: Clodsire\n|-resisted|p2a: Clodsire\n|-damage|p2a: Clodsire|93\/100\n|\n|t:|1700403412\n|switch|p1a: Great Tusk|Great Tusk|88\/100 tox|[from] U-turn\n|\n|-heal|p1a: Great Tusk|94\/100 tox|[from] item: Leftovers\n|-damage|p1a: Great Tusk|88\/100 tox|[from] psn\n|upkeep\n|turn|5\n|\n|t:|1700403417\n|switch|p2a: Talonflame|Talonflame, F|100\/100\n|move|p1a: Great Tusk|Stealth Rock|p2a: Talonflame\n|-sidestart|p2: abgwh|move: Stealth Rock\n|\n|-heal|p1a: Great Tusk|94\/100 tox|[from] item: Leftovers\n|-damage|p1a: Great Tusk|82\/100 tox|[from] psn\n|upkeep\n|turn|6\n|\n|t:|1700403419\n|-end|p1a: Great Tusk|Protosynthesis|[silent]\n|switch|p1a: Zapdos|Zapdos|100\/100\n|move|p2a: Talonflame|Defog|p1a: Zapdos\n|-unboost|p1a: Zapdos|evasion|1\n|-sideend|p2: abgwh|Stealth Rock|[from] move: Defog|[of] p2a: Talonflame\n|\n|upkeep\n|turn|7\n|\n|t:|1700403425\n|switch|p2a: Clodsire|Clodsire, F|93\/100\n|move|p1a: Zapdos|Heat Wave|p2a: Clodsire\n|-damage|p2a: Clodsire|78\/100\n|\n|upkeep\n|turn|8\n|\n|t:|1700403431\n|move|p1a: Zapdos|U-turn|p2a: Clodsire\n|-resisted|p2a: Clodsire\n|-damage|p2a: Clodsire|70\/100\n|\n|t:|1700403433\n|switch|p1a: Great Tusk|Great Tusk|82\/100 tox|[from] U-turn\n|move|p2a: Clodsire|Toxic|p1a: Great Tusk\n|-fail|p1a: Great Tusk|tox\n|\n|-heal|p1a: Great Tusk|88\/100 tox|[from] item: Leftovers\n|-damage|p1a: Great Tusk|82\/100 tox|[from] psn\n|upkeep\n|turn|9\n|\n|t:|1700403440\n|switch|p2a: Talonflame|Talonflame, F|100\/100\n|move|p1a: Great Tusk|Ice Spinner|p2a: Talonflame\n|-damage|p2a: Talonflame|68\/100\n|\n|-heal|p1a: Great Tusk|88\/100 tox|[from] item: Leftovers\n|-damage|p1a: Great Tusk|76\/100 tox|[from] psn\n|upkeep\n|turn|10\n|\n|t:|1700403447\n|-end|p1a: Great Tusk|Protosynthesis|[silent]\n|switch|p1a: Zapdos|Zapdos|100\/100\n|move|p2a: Talonflame|Flamethrower|p1a: Zapdos\n|-damage|p1a: Zapdos|77\/100\n|\n|upkeep\n|turn|11\n|\n|t:|1700403453\n|switch|p2a: Blissey|Blissey, F, shiny|100\/100\n|move|p1a: Zapdos|Heat Wave|p2a: Blissey\n|-crit|p2a: Blissey\n|-damage|p2a: Blissey|88\/100\n|-status|p2a: Blissey|brn\n|\n|-damage|p2a: Blissey|82\/100 brn|[from] brn\n|upkeep\n|turn|12\n|\n|t:|1700403456\n|move|p1a: Zapdos|U-turn|p2a: Blissey\n|-damage|p2a: Blissey|56\/100 brn\n|\n|t:|1700403461\n|switch|p1a: Great Tusk|Great Tusk|76\/100 tox|[from] U-turn\n|move|p2a: Blissey|Stealth Rock|p1a: Great Tusk\n|-sidestart|p1: ch3eckclapper|move: Stealth Rock\n|\n|-heal|p1a: Great Tusk|82\/100 tox|[from] item: Leftovers\n|-damage|p1a: Great Tusk|76\/100 tox|[from] psn\n|-damage|p2a: Blissey|50\/100 brn|[from] brn\n|upkeep\n|turn|13\n|\n|t:|1700403468\n|move|p1a: Great Tusk|Rapid Spin|p2a: Blissey\n|-damage|p2a: Blissey|13\/100 brn\n|-boost|p1a: Great Tusk|spe|1\n|-sideend|p1: ch3eckclapper|Stealth Rock|[from] move: Rapid Spin|[of] p1a: Great Tusk\n|move|p2a: Blissey|Soft-Boiled|p2a: Blissey\n|-heal|p2a: Blissey|63\/100 brn\n|\n|-heal|p1a: Great Tusk|82\/100 tox|[from] item: Leftovers\n|-damage|p1a: Great Tusk|69\/100 tox|[from] psn\n|-damage|p2a: Blissey|57\/100 brn|[from] brn\n|upkeep\n|turn|14\n|\n|t:|1700403474\n|-curestatus|p2a: Blissey|brn|[from] ability: Natural Cure\n|switch|p2a: Talonflame|Talonflame, F|68\/100\n|move|p1a: Great Tusk|Earthquake|p2a: Talonflame\n|-immune|p2a: Talonflame\n|\n|-heal|p1a: Great Tusk|76\/100 tox|[from] item: Leftovers\n|-damage|p1a: Great Tusk|57\/100 tox|[from] psn\n|upkeep\n|turn|15\n|\n|t:|1700403482\n|-end|p1a: Great Tusk|Protosynthesis|[silent]\n|switch|p1a: Zapdos|Zapdos|77\/100\n|move|p2a: Talonflame|Flamethrower|p1a: Zapdos\n|-damage|p1a: Zapdos|52\/100\n|\n|upkeep\n|turn|16\n|\n|t:|1700403485\n|switch|p2a: Clodsire|Clodsire, F|70\/100\n|move|p1a: Zapdos|Roost|p1a: Zapdos\n|-heal|p1a: Zapdos|100\/100\n|-singleturn|p1a: Zapdos|move: Roost\n|\n|upkeep\n|turn|17\n|\n|t:|1700403489\n|move|p1a: Zapdos|U-turn|p2a: Clodsire\n|-resisted|p2a: Clodsire\n|-damage|p2a: Clodsire|63\/100\n|\n|t:|1700403498\n|switch|p1a: Dragapult|Dragapult, M|100\/100|[from] U-turn\n|move|p2a: Clodsire|Earthquake|p1a: Dragapult\n|-damage|p1a: Dragapult|64\/100\n|\n|upkeep\n|turn|18\n|\n|t:|1700403504\n|switch|p2a: Toxapex|Toxapex, F|100\/100\n|move|p1a: Dragapult|Draco Meteor|p2a: Toxapex\n|-damage|p2a: Toxapex|27\/100\n|-unboost|p1a: Dragapult|spa|2\n|\n|upkeep\n|turn|19\n|\n|t:|1700403512\n|switch|p2a: Blissey|Blissey, F, shiny|57\/100\n|move|p1a: Dragapult|Draco Meteor|p2a: Blissey\n|-damage|p2a: Blissey|44\/100\n|-unboost|p1a: Dragapult|spa|2\n|\n|upkeep\n|turn|20\n|\n|t:|1700403516\n|switch|p1a: Great Tusk|Great Tusk|57\/100 tox\n|move|p2a: Blissey|Soft-Boiled|p2a: Blissey\n|-heal|p2a: Blissey|94\/100\n|\n|-heal|p1a: Great Tusk|63\/100 tox|[from] item: Leftovers\n|-damage|p1a: Great Tusk|57\/100 tox|[from] psn\n|upkeep\n|turn|21\n|\n|t:|1700403521\n|switch|p2a: Talonflame|Talonflame, F|68\/100\n|move|p1a: Great Tusk|Ice Spinner|p2a: Talonflame\n|-damage|p2a: Talonflame|39\/100\n|\n|-heal|p1a: Great Tusk|63\/100 tox|[from] item: Leftovers\n|-damage|p1a: Great Tusk|51\/100 tox|[from] psn\n|upkeep\n|turn|22\n|\n|t:|1700403529\n|-end|p1a: Great Tusk|Protosynthesis|[silent]\n|switch|p1a: Toxapex|Toxapex, F|100\/100\n|move|p2a: Talonflame|Roost|p2a: Talonflame\n|-heal|p2a: Talonflame|90\/100\n|-singleturn|p2a: Talonflame|move: Roost\n|\n|upkeep\n|turn|23\n|\n|t:|1700403538\n|switch|p2a: Toxapex|Toxapex, F|61\/100\n|move|p1a: Toxapex|Surf|p2a: Toxapex\n|-resisted|p2a: Toxapex\n|-damage|p2a: Toxapex|53\/100\n|\n|upkeep\n|turn|24\n|\n|t:|1700403543\n|switch|p2a: Blissey|Blissey, F, shiny|94\/100\n|switch|p1a: Zapdos|Zapdos|100\/100\n|\n|upkeep\n|turn|25\n|\n|t:|1700403548\n|move|p1a: Zapdos|U-turn|p2a: Blissey\n|-damage|p2a: Blissey|66\/100\n|\n|t:|1700403553\n|switch|p1a: Great Tusk|Great Tusk|51\/100 tox|[from] U-turn\n|move|p2a: Blissey|Stealth Rock|p1a: Great Tusk\n|-sidestart|p1: ch3eckclapper|move: Stealth Rock\n|\n|-heal|p1a: Great Tusk|57\/100 tox|[from] item: Leftovers\n|-damage|p1a: Great Tusk|51\/100 tox|[from] psn\n|upkeep\n|turn|26\n|\n|t:|1700403559\n|switch|p2a: Talonflame|Talonflame, F|90\/100\n|move|p1a: Great Tusk|Rapid Spin|p2a: Talonflame\n|-damage|p2a: Talonflame|71\/100\n|-boost|p1a: Great Tusk|spe|1\n|-sideend|p1: ch3eckclapper|Stealth Rock|[from] move: Rapid Spin|[of] p1a: Great Tusk\n|\n|-heal|p1a: Great Tusk|57\/100 tox|[from] item: Leftovers\n|-damage|p1a: Great Tusk|45\/100 tox|[from] psn\n|upkeep\n|turn|27\n|\n|t:|1700403571\n|move|p2a: Talonflame|Flamethrower|p1a: Great Tusk\n|-damage|p1a: Great Tusk|15\/100 tox\n|move|p1a: Great Tusk|Ice Spinner|p2a: Talonflame\n|-damage|p2a: Talonflame|39\/100\n|\n|-heal|p1a: Great Tusk|21\/100 tox|[from] item: Leftovers\n|-damage|p1a: Great Tusk|2\/100 tox|[from] psn\n|upkeep\n|turn|28\n|\n|t:|1700403580\n|move|p2a: Talonflame|Flamethrower|p1a: Great Tusk\n|-damage|p1a: Great Tusk|0 fnt\n|faint|p1a: Great Tusk\n|-end|p1a: Great Tusk|Protosynthesis|[silent]\n|\n|upkeep\n|\n|t:|1700403583\n|switch|p1a: Dragapult|Dragapult, M|64\/100\n|turn|29\n|\n|t:|1700403593\n|switch|p2a: Toxapex|Toxapex, F|87\/100\n|move|p1a: Dragapult|Draco Meteor|p2a: Toxapex\n|-damage|p2a: Toxapex|13\/100\n|-unboost|p1a: Dragapult|spa|2\n|\n|upkeep\n|turn|30\n|\n|t:|1700403604\n|switch|p1a: Samurott|Samurott-Hisui, M|100\/100\n|switch|p2a: Blissey|Blissey, F, shiny|66\/100\n|\n|upkeep\n|turn|31\n|\n|t:|1700403618\n|switch|p2a: Dondozo|Dondozo, M|100\/100\n|move|p1a: Samurott|Ceaseless Edge|p2a: Dondozo\n|-damage|p2a: Dondozo|65\/100\n|-sidestart|p2: abgwh|Spikes\n|\n|upkeep\n|turn|32\n|\n|t:|1700403627\n|move|p1a: Samurott|Ceaseless Edge|p2a: Dondozo\n|-damage|p2a: Dondozo|34\/100\n|-sidestart|p2: abgwh|Spikes\n|move|p2a: Dondozo|Body Press|p1a: Samurott\n|-supereffective|p1a: Samurott\n|-damage|p1a: Samurott|28\/100\n|\n|upkeep\n|turn|33\n|\n|t:|1700403634\n|switch|p1a: Dragapult|Dragapult, M|64\/100\n|move|p2a: Dondozo|Rest|p2a: Dondozo\n|-status|p2a: Dondozo|slp|[from] move: Rest\n|-heal|p2a: Dondozo|100\/100 slp|[silent]\n|\n|upkeep\n|turn|34\n|\n|t:|1700403641\n|switch|p2a: Blissey|Blissey, F, shiny|66\/100\n|move|p1a: Dragapult|Draco Meteor|p2a: Blissey\n|-damage|p2a: Blissey|41\/100\n|-unboost|p1a: Dragapult|spa|2\n|\n|upkeep\n|turn|35\n|\n|t:|1700403651\n|switch|p1a: Iron Valiant|Iron Valiant|100\/100\n|move|p2a: Blissey|Soft-Boiled|p2a: Blissey\n|-heal|p2a: Blissey|91\/100\n|\n|upkeep\n|turn|36\n|\n|t:|1700403665\n|-end|p1a: Iron Valiant|Quark Drive|[silent]\n|switch|p1a: Dragapult|Dragapult, M|64\/100\n|switch|p2a: Clodsire|Clodsire, F|63\/100\n|\n|upkeep\n|turn|37\n|\n|t:|1700403675\n|move|p1a: Dragapult|U-turn|p2a: Clodsire\n|-resisted|p2a: Clodsire\n|-damage|p2a: Clodsire|52\/100\n|\n|t:|1700403682\n|switch|p1a: Toxapex|Toxapex, F|100\/100|[from] U-turn\n|move|p2a: Clodsire|Recover|p2a: Clodsire\n|-heal|p2a: Clodsire|100\/100\n|\n|upkeep\n|turn|38\n|\n|t:|1700403691\n|switch|p2a: Blissey|Blissey, F, shiny|91\/100\n|move|p1a: Toxapex|Surf|p2a: Blissey\n|-damage|p2a: Blissey|86\/100\n|\n|upkeep\n|turn|39\n|\n|t:|1700403696\n|move|p2a: Blissey|Stealth Rock|p1a: Toxapex\n|-sidestart|p1: ch3eckclapper|move: Stealth Rock\n|move|p1a: Toxapex|Toxic|p2a: Blissey\n|-status|p2a: Blissey|tox\n|\n|-damage|p2a: Blissey|79\/100 tox|[from] psn\n|upkeep\n|turn|40\n|\n|t:|1700403700\n|-curestatus|p2a: Blissey|tox|[from] ability: Natural Cure\n|switch|p2a: Toxapex|Toxapex, F|46\/100\n|move|p1a: Toxapex|Surf|p2a: Toxapex\n|-resisted|p2a: Toxapex\n|-damage|p2a: Toxapex|39\/100\n|\n|upkeep\n|turn|41\n|\n|t:|1700403709\n|switch|p2a: Blissey|Blissey, F, shiny|79\/100\n|switch|p1a: Samurott|Samurott-Hisui, M|28\/100\n|-damage|p1a: Samurott|16\/100|[from] Stealth Rock\n|\n|upkeep\n|turn|42\n|\n|t:|1700403715\n|switch|p2a: Toxapex|Toxapex, F|72\/100\n|move|p1a: Samurott|Knock Off|p2a: Toxapex\n|-damage|p2a: Toxapex|25\/100\n|-enditem|p2a: Toxapex|Heavy-Duty Boots|[from] move: Knock Off|[of] p1a: Samurott\n|\n|upkeep\n|turn|43\n|\n|t:|1700403724\n|switch|p2a: Dondozo|Dondozo, M|100\/100 slp\n|move|p1a: Samurott|Knock Off|p2a: Dondozo\n|-damage|p2a: Dondozo|68\/100 slp\n|-enditem|p2a: Dondozo|Heavy-Duty Boots|[from] move: Knock Off|[of] p1a: Samurott\n|\n|upkeep\n|turn|44\n|\n|t:|1700403730\n|move|p1a: Samurott|Knock Off|p2a: Dondozo\n|-damage|p2a: Dondozo|45\/100 slp\n|cant|p2a: Dondozo|slp\n|move|p2a: Dondozo|Sleep Talk|p2a: Dondozo\n|move|p2a: Dondozo|Heavy Slam|p1a: Samurott|[from]move: Sleep Talk\n|-resisted|p1a: Samurott\n|-crit|p1a: Samurott\n|-damage|p1a: Samurott|0 fnt\n|faint|p1a: Samurott\n|\n|upkeep\n|\n|t:|1700403743\n|switch|p1a: Zapdos|Zapdos|100\/100\n|turn|45\n|\n|t:|1700403745\n|move|p1a: Zapdos|Thunderbolt|p2a: Dondozo\n|-supereffective|p2a: Dondozo\n|-damage|p2a: Dondozo|0 fnt\n|faint|p2a: Dondozo\n|\n|upkeep\n|\n|t:|1700403748\n|switch|p2a: Clodsire|Clodsire, F|100\/100\n|turn|46\n|\n|t:|1700403756\n|move|p1a: Zapdos|Heat Wave|p2a: Clodsire\n|-damage|p2a: Clodsire|86\/100\n|move|p2a: Clodsire|Toxic|p1a: Zapdos\n|-status|p1a: Zapdos|tox\n|\n|-damage|p1a: Zapdos|94\/100 tox|[from] psn\n|upkeep\n|turn|47\n|\n|t:|1700403762\n|move|p1a: Zapdos|U-turn|p2a: Clodsire\n|-resisted|p2a: Clodsire\n|-damage|p2a: Clodsire|78\/100\n|\n|t:|1700403766\n|switch|p1a: Dragapult|Dragapult, M|64\/100|[from] U-turn\n|-damage|p1a: Dragapult|51\/100|[from] Stealth Rock\n|move|p2a: Clodsire|Toxic|p1a: Dragapult\n|-status|p1a: Dragapult|tox\n|\n|-damage|p1a: Dragapult|45\/100 tox|[from] psn\n|upkeep\n|turn|48\n|\n|t:|1700403773\n|move|p1a: Dragapult|Draco Meteor|p2a: Clodsire\n|-damage|p2a: Clodsire|28\/100\n|-unboost|p1a: Dragapult|spa|2\n|move|p2a: Clodsire|Recover|p2a: Clodsire\n|-heal|p2a: Clodsire|78\/100\n|\n|-damage|p1a: Dragapult|33\/100 tox|[from] psn\n|upkeep\n|turn|49\n|-message|ch3eckclapper forfeited.\n|\n|win|abgwh\n|raw|ch3eckclapper's rating: 1104 &rarr; <strong>1073<\/strong><br \/>(-31 for losing)\n|raw|abgwh's rating: 1024 &rarr; <strong>1069<\/strong><br \/>(+45 for winning)\n|l|\u2606ch3eckclapper\n","uploadtime":1700403790,"views":6,"p1id":"ch3eckclapper","p2id":"abgwh","formatid":"gen9ou","rating":1069,"private":0,"password":""}