{"id":"gen9ou-1998322362","p1":"ATS01","p2":"WinterFarn47","format":"[Gen 9] OU","log":"|j|\u203dATS01\n|j|\u2606WinterFarn47\n|t:|1700929297\n|gametype|singles\n|player|p1|ATS01|koga|1053\n|player|p2|WinterFarn47|1|1090\n|teamsize|p1|6\n|teamsize|p2|6\n|gen|9\n|tier|[Gen 9] OU\n|rated|\n|rule|Sleep Clause Mod: Limit one foe put to sleep\n|rule|Species Clause: Limit one of each Pok\u00e9mon\n|rule|OHKO Clause: OHKO moves are banned\n|rule|Evasion Items Clause: Evasion items are banned\n|rule|Evasion Moves Clause: Evasion moves are banned\n|rule|Endless Battle Clause: Forcing endless battles is banned\n|rule|HP Percentage Mod: HP is shown in percentages\n|clearpoke\n|poke|p1|Ceruledge, F|\n|poke|p1|Cinderace, F|\n|poke|p1|Great Tusk|\n|poke|p1|Dragapult, M|\n|poke|p1|Dondozo, M|\n|poke|p1|Walking Wake|\n|poke|p2|Poliwrath, M|\n|poke|p2|Pelipper, F|\n|poke|p2|Overqwil, M|\n|poke|p2|Rillaboom, F|\n|poke|p2|Iron Treads|\n|poke|p2|Zapdos|\n|teampreview\n|inactive|Battle timer is ON: inactive players will automatically lose when time's up. (requested by ATS01)\n|\n|t:|1700929314\n|start\n|switch|p1a: Walking Wake|Walking Wake|100\/100\n|switch|p2a: Pelipper|Pelipper, F|100\/100\n|-weather|RainDance|[from] ability: Drizzle|[of] p2a: Pelipper\n|-enditem|p1a: Walking Wake|Booster Energy\n|-activate|p1a: Walking Wake|ability: Protosynthesis|[fromitem]\n|-start|p1a: Walking Wake|protosynthesisspa\n|turn|1\n|\n|t:|1700929326\n|move|p1a: Walking Wake|Hurricane|p2a: Pelipper\n|-damage|p2a: Pelipper|45\/100\n|move|p2a: Pelipper|U-turn|p1a: Walking Wake\n|-damage|p1a: Walking Wake|92\/100\n|\n|t:|1700929341\n|switch|p2a: Overqwil|Overqwil, M|100\/100|[from] U-turn\n|\n|-weather|RainDance|[upkeep]\n|upkeep\n|turn|2\n|\n|t:|1700929350\n|move|p2a: Overqwil|Swords Dance|p2a: Overqwil\n|-boost|p2a: Overqwil|atk|2\n|move|p1a: Walking Wake|Hydro Pump|p2a: Overqwil\n|-damage|p2a: Overqwil|0 fnt\n|faint|p2a: Overqwil\n|\n|-weather|RainDance|[upkeep]\n|upkeep\n|\n|t:|1700929364\n|switch|p2a: Poliwrath|Poliwrath, M|100\/100\n|turn|3\n|\n|t:|1700929368\n|move|p2a: Poliwrath|Belly Drum|p2a: Poliwrath\n|-damage|p2a: Poliwrath|50\/100\n|-setboost|p2a: Poliwrath|atk|6|[from] move: Belly Drum\n|-enditem|p2a: Poliwrath|Sitrus Berry|[eat]\n|-heal|p2a: Poliwrath|75\/100|[from] item: Sitrus Berry\n|move|p1a: Walking Wake|Hurricane|p2a: Poliwrath\n|-supereffective|p2a: Poliwrath\n|-damage|p2a: Poliwrath|0 fnt\n|faint|p2a: Poliwrath\n|\n|-weather|RainDance|[upkeep]\n|upkeep\n|\n|t:|1700929376\n|switch|p2a: Zapdos|Zapdos|100\/100\n|turn|4\n|\n|t:|1700929384\n|move|p1a: Walking Wake|Hydro Pump|p2a: Zapdos\n|-damage|p2a: Zapdos|0 fnt\n|faint|p2a: Zapdos\n|\n|-weather|RainDance|[upkeep]\n|upkeep\n|\n|t:|1700929387\n|switch|p2a: Rillaboom|Rillaboom, F|100\/100\n|-fieldstart|move: Grassy Terrain|[from] ability: Grassy Surge|[of] p2a: Rillaboom\n|turn|5\n|c|\u2606WinterFarn47|ok ok\n|\n|t:|1700929395\n|move|p1a: Walking Wake|Hurricane|p2a: Rillaboom\n|-supereffective|p2a: Rillaboom\n|-crit|p2a: Rillaboom\n|-damage|p2a: Rillaboom|0 fnt\n|faint|p2a: Rillaboom\n|\n|-weather|RainDance|[upkeep]\n|-heal|p1a: Walking Wake|98\/100|[from] Grassy Terrain\n|upkeep\n|\n|t:|1700929398\n|switch|p2a: Iron Treads|Iron Treads|100\/100\n|turn|6\n|\n|t:|1700929407\n|move|p1a: Walking Wake|Hydro Pump|p2a: Iron Treads|[miss]\n|-miss|p1a: Walking Wake|p2a: Iron Treads\n|move|p2a: Iron Treads|Thunder|p1a: Walking Wake\n|-damage|p1a: Walking Wake|66\/100\n|\n|-weather|RainDance|[upkeep]\n|-heal|p1a: Walking Wake|73\/100|[from] Grassy Terrain\n|upkeep\n|turn|7\n|-message|WinterFarn47 forfeited.\n|\n|win|ATS01\n|raw|ATS01's rating: 1053 &rarr; <strong>1088<\/strong><br \/>(+35 for winning)\n|raw|WinterFarn47's rating: 1090 &rarr; <strong>1064<\/strong><br \/>(-26 for losing)\n|l|\u2606WinterFarn47\n","uploadtime":1700929420,"views":6,"p1id":"ats01","p2id":"winterfarn47","formatid":"gen9ou","rating":1064,"private":0,"password":""}