{"id":"gen9ou-1989726672","p1":"OSOGOF","p2":"Setht","format":"[Gen 9] OU","log":"|j|\u2606OSOGOF\n|j|\u2606Setht\n|t:|1699890498\n|gametype|singles\n|player|p1|OSOGOF|ballguy|1151\n|player|p2|Setht|1|1213\n|teamsize|p1|6\n|teamsize|p2|6\n|gen|9\n|tier|[Gen 9] OU\n|rated|\n|rule|Sleep Clause Mod: Limit one foe put to sleep\n|rule|Species Clause: Limit one of each Pok\u00e9mon\n|rule|OHKO Clause: OHKO moves are banned\n|rule|Evasion Items Clause: Evasion items are banned\n|rule|Evasion Moves Clause: Evasion moves are banned\n|rule|Endless Battle Clause: Forcing endless battles is banned\n|rule|HP Percentage Mod: HP is shown in percentages\n|clearpoke\n|poke|p1|Sneasler, F|\n|poke|p1|Dragapult, M|\n|poke|p1|Ogerpon-Wellspring, F|\n|poke|p1|Ribombee, F|\n|poke|p1|Iron Treads|\n|poke|p1|Kingambit, F|\n|poke|p2|Dragonite, F|\n|poke|p2|Iron Moth|\n|poke|p2|Hippowdon, F|\n|poke|p2|Corviknight, M|\n|poke|p2|Dondozo, M|\n|poke|p2|Zamazenta-*|\n|teampreview\n|\n|t:|1699890507\n|start\n|switch|p1a: Ribombee|Ribombee, F|100\/100\n|switch|p2a: Hippowdon|Hippowdon, F|100\/100\n|-weather|Sandstorm|[from] ability: Sand Stream|[of] p2a: Hippowdon\n|turn|1\n|inactive|Battle timer is ON: inactive players will automatically lose when time's up. (requested by Setht)\n|\n|t:|1699890519\n|move|p1a: Ribombee|Stun Spore|p2a: Hippowdon\n|-status|p2a: Hippowdon|par\n|move|p2a: Hippowdon|Stealth Rock|p1a: Ribombee\n|-sidestart|p1: OSOGOF|move: Stealth Rock\n|\n|-weather|Sandstorm|[upkeep]\n|-damage|p1a: Ribombee|94\/100|[from] Sandstorm\n|upkeep\n|turn|2\n|\n|t:|1699890531\n|move|p1a: Ribombee|U-turn|p2a: Hippowdon\n|-damage|p2a: Hippowdon|94\/100 par\n|\n|t:|1699890532\n|switch|p1a: Iron Treads|Iron Treads|100\/100|[from] U-turn\n|move|p2a: Hippowdon|Roar|p1a: Iron Treads\n|-end|p1a: Iron Treads|Quark Drive|[silent]\n|drag|p1a: Ogerpon|Ogerpon-Wellspring, F|100\/100\n|-damage|p1a: Ogerpon|88\/100|[from] Stealth Rock\n|\n|-weather|Sandstorm|[upkeep]\n|-damage|p1a: Ogerpon|82\/100|[from] Sandstorm\n|-heal|p2a: Hippowdon|99\/100 par|[from] item: Leftovers\n|upkeep\n|turn|3\n|\n|t:|1699890548\n|move|p1a: Ogerpon|Ivy Cudgel|p2a: Hippowdon\n|-supereffective|p2a: Hippowdon\n|-damage|p2a: Hippowdon|37\/100 par\n|move|p2a: Hippowdon|Roar|p1a: Ogerpon\n|drag|p1a: Iron Treads|Iron Treads|100\/100\n|\n|-weather|Sandstorm|[upkeep]\n|-heal|p2a: Hippowdon|43\/100 par|[from] item: Leftovers\n|upkeep\n|turn|4\n|\n|t:|1699890558\n|move|p1a: Iron Treads|Rapid Spin|p2a: Hippowdon\n|-damage|p2a: Hippowdon|36\/100 par\n|-boost|p1a: Iron Treads|spe|1\n|-sideend|p1: OSOGOF|Stealth Rock|[from] move: Rapid Spin|[of] p1a: Iron Treads\n|move|p2a: Hippowdon|Slack Off|p2a: Hippowdon\n|-heal|p2a: Hippowdon|86\/100 par\n|\n|-weather|Sandstorm|[upkeep]\n|-heal|p2a: Hippowdon|92\/100 par|[from] item: Leftovers\n|upkeep\n|turn|5\n|\n|t:|1699890570\n|move|p1a: Iron Treads|Stealth Rock|p2a: Hippowdon\n|-sidestart|p2: Setht|move: Stealth Rock\n|move|p2a: Hippowdon|Stealth Rock|p1a: Iron Treads\n|-sidestart|p1: OSOGOF|move: Stealth Rock\n|\n|-weather|none\n|-heal|p2a: Hippowdon|98\/100 par|[from] item: Leftovers\n|upkeep\n|turn|6\n|\n|t:|1699890578\n|move|p1a: Iron Treads|Rapid Spin|p2a: Hippowdon\n|-damage|p2a: Hippowdon|92\/100 par\n|-boost|p1a: Iron Treads|spe|1\n|-sideend|p1: OSOGOF|Stealth Rock|[from] move: Rapid Spin|[of] p1a: Iron Treads\n|cant|p2a: Hippowdon|par\n|\n|-heal|p2a: Hippowdon|98\/100 par|[from] item: Leftovers\n|upkeep\n|turn|7\n|\n|t:|1699890589\n|move|p1a: Iron Treads|Earthquake|p2a: Hippowdon\n|-damage|p2a: Hippowdon|77\/100 par\n|move|p2a: Hippowdon|Earthquake|p1a: Iron Treads\n|-supereffective|p1a: Iron Treads\n|-damage|p1a: Iron Treads|47\/100\n|\n|-heal|p2a: Hippowdon|83\/100 par|[from] item: Leftovers\n|upkeep\n|turn|8\n|\n|t:|1699890599\n|-end|p1a: Iron Treads|Quark Drive|[silent]\n|switch|p1a: Ogerpon|Ogerpon-Wellspring, F|82\/100\n|move|p2a: Hippowdon|Stealth Rock|p1a: Ogerpon\n|-sidestart|p1: OSOGOF|move: Stealth Rock\n|\n|-heal|p2a: Hippowdon|90\/100 par|[from] item: Leftovers\n|upkeep\n|turn|9\n|\n|t:|1699890614\n|switch|p2a: Zamazenta|Zamazenta|100\/100\n|-damage|p2a: Zamazenta|94\/100|[from] Stealth Rock\n|-ability|p2a: Zamazenta|Dauntless Shield|boost\n|-boost|p2a: Zamazenta|def|1\n|move|p1a: Ogerpon|Taunt|p2a: Zamazenta\n|-start|p2a: Zamazenta|move: Taunt\n|\n|-heal|p2a: Zamazenta|100\/100|[from] item: Leftovers\n|upkeep\n|turn|10\n|\n|t:|1699890629\n|move|p2a: Zamazenta|Body Press|p1a: Ogerpon\n|-damage|p1a: Ogerpon|4\/100\n|move|p1a: Ogerpon|Knock Off|p2a: Zamazenta\n|-resisted|p2a: Zamazenta\n|-damage|p2a: Zamazenta|91\/100\n|-enditem|p2a: Zamazenta|Leftovers|[from] move: Knock Off|[of] p1a: Ogerpon\n|\n|upkeep\n|turn|11\n|\n|t:|1699890639\n|switch|p1a: Dragapult|Dragapult, M|100\/100\n|-damage|p1a: Dragapult|88\/100|[from] Stealth Rock\n|move|p2a: Zamazenta|Facade|p1a: Dragapult\n|-immune|p1a: Dragapult\n|\n|-heal|p1a: Dragapult|94\/100|[from] item: Leftovers\n|-end|p2a: Zamazenta|move: Taunt\n|upkeep\n|turn|12\n|\n|t:|1699890653\n|switch|p2a: Hippowdon|Hippowdon, F|90\/100 par\n|-damage|p2a: Hippowdon|83\/100 par|[from] Stealth Rock\n|-weather|Sandstorm|[from] ability: Sand Stream|[of] p2a: Hippowdon\n|move|p1a: Dragapult|Will-O-Wisp|p2a: Hippowdon|[miss]\n|-miss|p1a: Dragapult|p2a: Hippowdon\n|\n|-weather|Sandstorm|[upkeep]\n|-damage|p1a: Dragapult|88\/100|[from] Sandstorm\n|-heal|p1a: Dragapult|94\/100|[from] item: Leftovers\n|-heal|p2a: Hippowdon|90\/100 par|[from] item: Leftovers\n|upkeep\n|turn|13\n|\n|t:|1699890671\n|move|p1a: Dragapult|Shadow Ball|p2a: Hippowdon\n|-damage|p2a: Hippowdon|47\/100 par\n|-unboost|p2a: Hippowdon|spd|1\n|move|p2a: Hippowdon|Roar|p1a: Dragapult\n|drag|p1a: Kingambit|Kingambit, F|100\/100\n|-damage|p1a: Kingambit|94\/100|[from] Stealth Rock\n|\n|-weather|Sandstorm|[upkeep]\n|-heal|p2a: Hippowdon|53\/100 par|[from] item: Leftovers\n|upkeep\n|turn|14\n|\n|t:|1699890685\n|-end|p1a: Kingambit|fallenundefined|[silent]\n|switch|p1a: Ribombee|Ribombee, F|94\/100\n|-damage|p1a: Ribombee|69\/100|[from] Stealth Rock\n|cant|p2a: Hippowdon|par\n|\n|-weather|Sandstorm|[upkeep]\n|-damage|p1a: Ribombee|63\/100|[from] Sandstorm\n|-heal|p2a: Hippowdon|59\/100 par|[from] item: Leftovers\n|upkeep\n|turn|15\n|\n|t:|1699890696\n|move|p1a: Ribombee|Sticky Web|p2a: Hippowdon\n|-sidestart|p2: Setht|move: Sticky Web\n|move|p2a: Hippowdon|Slack Off|p2a: Hippowdon\n|-heal|p2a: Hippowdon|100\/100 par\n|\n|-weather|Sandstorm|[upkeep]\n|-damage|p1a: Ribombee|57\/100|[from] Sandstorm\n|upkeep\n|turn|16\n|\n|t:|1699890711\n|move|p1a: Ribombee|Moonblast|p2a: Hippowdon\n|-damage|p2a: Hippowdon|33\/100 par\n|-unboost|p2a: Hippowdon|spa|1\n|move|p2a: Hippowdon|Earthquake|p1a: Ribombee\n|-resisted|p1a: Ribombee\n|-damage|p1a: Ribombee|17\/100\n|\n|-weather|none\n|-heal|p2a: Hippowdon|39\/100 par|[from] item: Leftovers\n|upkeep\n|turn|17\n|\n|t:|1699890725\n|switch|p2a: Iron Moth|Iron Moth|100\/100\n|-damage|p2a: Iron Moth|75\/100|[from] Stealth Rock\n|-activate|p2a: Iron Moth|move: Sticky Web\n|-unboost|p2a: Iron Moth|spe|1\n|-enditem|p2a: Iron Moth|Booster Energy\n|-activate|p2a: Iron Moth|ability: Quark Drive|[fromitem]\n|-start|p2a: Iron Moth|quarkdrivespa\n|move|p1a: Ribombee|Moonblast|p2a: Iron Moth\n|-resisted|p2a: Iron Moth\n|-damage|p2a: Iron Moth|67\/100\n|-unboost|p2a: Iron Moth|spa|1\n|\n|upkeep\n|turn|18\n|inactive|Setht has 120 seconds left.\n|\n|t:|1699890747\n|move|p1a: Ribombee|Stun Spore|p2a: Iron Moth|[miss]\n|-miss|p1a: Ribombee|p2a: Iron Moth\n|move|p2a: Iron Moth|Dazzling Gleam|p1a: Ribombee\n|-damage|p1a: Ribombee|0 fnt\n|faint|p1a: Ribombee\n|\n|upkeep\n|\n|t:|1699890766\n|switch|p1a: Iron Treads|Iron Treads|47\/100\n|turn|19\n|\n|t:|1699890771\n|move|p1a: Iron Treads|Earthquake|p2a: Iron Moth\n|-supereffective|p2a: Iron Moth\n|-damage|p2a: Iron Moth|0 fnt\n|faint|p2a: Iron Moth\n|-end|p2a: Iron Moth|Quark Drive|[silent]\n|\n|upkeep\n|\n|t:|1699890781\n|switch|p2a: Zamazenta|Zamazenta|91\/100\n|-damage|p2a: Zamazenta|85\/100|[from] Stealth Rock\n|-activate|p2a: Zamazenta|move: Sticky Web\n|-unboost|p2a: Zamazenta|spe|1\n|turn|20\n|\n|t:|1699890792\n|move|p1a: Iron Treads|Rapid Spin|p2a: Zamazenta\n|-damage|p2a: Zamazenta|77\/100\n|-boost|p1a: Iron Treads|spe|1\n|-sideend|p1: OSOGOF|Stealth Rock|[from] move: Rapid Spin|[of] p1a: Iron Treads\n|move|p2a: Zamazenta|Iron Defense|p2a: Zamazenta\n|-boost|p2a: Zamazenta|def|2\n|\n|upkeep\n|turn|21\n|\n|t:|1699890801\n|move|p1a: Iron Treads|Volt Switch|p2a: Zamazenta\n|-damage|p2a: Zamazenta|69\/100\n|\n|t:|1699890803\n|-end|p1a: Iron Treads|Quark Drive|[silent]\n|switch|p1a: Dragapult|Dragapult, M|94\/100|[from] Volt Switch\n|move|p2a: Zamazenta|Body Press|p1a: Dragapult\n|-immune|p1a: Dragapult\n|\n|-heal|p1a: Dragapult|99\/100|[from] item: Leftovers\n|upkeep\n|turn|22\n|\n|t:|1699890815\n|move|p1a: Dragapult|Shadow Ball|p2a: Zamazenta\n|-damage|p2a: Zamazenta|37\/100\n|move|p2a: Zamazenta|Light Screen|p2a: Zamazenta\n|-sidestart|p2: Setht|move: Light Screen\n|\n|-heal|p1a: Dragapult|100\/100|[from] item: Leftovers\n|upkeep\n|turn|23\n|\n|t:|1699890826\n|switch|p2a: Hippowdon|Hippowdon, F|39\/100 par\n|-damage|p2a: Hippowdon|33\/100 par|[from] Stealth Rock\n|-activate|p2a: Hippowdon|move: Sticky Web\n|-unboost|p2a: Hippowdon|spe|1\n|-weather|Sandstorm|[from] ability: Sand Stream|[of] p2a: Hippowdon\n|move|p1a: Dragapult|Shadow Ball|p2a: Hippowdon\n|-damage|p2a: Hippowdon|11\/100 par\n|-unboost|p2a: Hippowdon|spd|1\n|\n|-weather|Sandstorm|[upkeep]\n|-damage|p1a: Dragapult|95\/100|[from] Sandstorm\n|-heal|p1a: Dragapult|100\/100|[from] item: Leftovers\n|-heal|p2a: Hippowdon|17\/100 par|[from] item: Leftovers\n|upkeep\n|turn|24\n|\n|t:|1699890842\n|move|p1a: Dragapult|Shadow Ball|p2a: Hippowdon\n|-damage|p2a: Hippowdon|0 fnt\n|faint|p2a: Hippowdon\n|\n|-weather|Sandstorm|[upkeep]\n|-damage|p1a: Dragapult|95\/100|[from] Sandstorm\n|-heal|p1a: Dragapult|100\/100|[from] item: Leftovers\n|upkeep\n|\n|t:|1699890856\n|switch|p2a: Dondozo|Dondozo, M|100\/100\n|-damage|p2a: Dondozo|88\/100|[from] Stealth Rock\n|-activate|p2a: Dondozo|move: Sticky Web\n|-unboost|p2a: Dondozo|spe|1\n|turn|25\n|\n|t:|1699890868\n|move|p1a: Dragapult|Will-O-Wisp|p2a: Dondozo\n|-status|p2a: Dondozo|brn\n|move|p2a: Dondozo|Avalanche|p1a: Dragapult\n|-supereffective|p1a: Dragapult\n|-damage|p1a: Dragapult|76\/100\n|\n|-weather|Sandstorm|[upkeep]\n|-damage|p1a: Dragapult|70\/100|[from] Sandstorm\n|-damage|p2a: Dondozo|82\/100 brn|[from] Sandstorm\n|-heal|p1a: Dragapult|76\/100|[from] item: Leftovers\n|-heal|p2a: Dondozo|88\/100 brn|[from] item: Leftovers\n|-damage|p2a: Dondozo|82\/100 brn|[from] brn\n|upkeep\n|turn|26\n|inactive|Setht has 120 seconds left.\n|\n|t:|1699890891\n|move|p1a: Dragapult|Shadow Ball|p2a: Dondozo\n|-damage|p2a: Dondozo|66\/100 brn\n|move|p2a: Dondozo|Rest|p2a: Dondozo\n|-status|p2a: Dondozo|slp|[from] move: Rest\n|-heal|p2a: Dondozo|100\/100 slp|[silent]\n|\n|-weather|Sandstorm|[upkeep]\n|-damage|p1a: Dragapult|70\/100|[from] Sandstorm\n|-damage|p2a: Dondozo|94\/100 slp|[from] Sandstorm\n|-heal|p1a: Dragapult|76\/100|[from] item: Leftovers\n|-heal|p2a: Dondozo|100\/100 slp|[from] item: Leftovers\n|-sideend|p2: Setht|move: Light Screen\n|upkeep\n|turn|27\n|inactive|Setht has 120 seconds left.\n|\n|t:|1699890909\n|switch|p1a: Sneasler|Sneasler, F|100\/100\n|cant|p2a: Dondozo|slp\n|move|p2a: Dondozo|Sleep Talk|p2a: Dondozo\n|move|p2a: Dondozo|Body Slam|p1a: Sneasler|[from]move: Sleep Talk\n|-damage|p1a: Sneasler|59\/100\n|-status|p1a: Sneasler|par\n|\n|-weather|none\n|upkeep\n|turn|28\n|inactive|Setht has 120 seconds left.\n|\n|t:|1699890921\n|move|p1a: Sneasler|Close Combat|p2a: Dondozo\n|-damage|p2a: Dondozo|42\/100 slp\n|-unboost|p1a: Sneasler|def|1\n|-unboost|p1a: Sneasler|spd|1\n|cant|p2a: Dondozo|slp\n|move|p2a: Dondozo|Sleep Talk|p2a: Dondozo\n|move|p2a: Dondozo|Rest||[from]move: Sleep Talk|[still]\n|-fail|p2a: Dondozo\n|\n|-heal|p2a: Dondozo|48\/100 slp|[from] item: Leftovers\n|upkeep\n|turn|29\n|inactive|Setht has 120 seconds left.\n|\n|t:|1699890935\n|switch|p2a: Zamazenta|Zamazenta|37\/100\n|-damage|p2a: Zamazenta|30\/100|[from] Stealth Rock\n|-activate|p2a: Zamazenta|move: Sticky Web\n|-unboost|p2a: Zamazenta|spe|1\n|move|p1a: Sneasler|Close Combat|p2a: Zamazenta\n|-damage|p2a: Zamazenta|0 fnt\n|-unboost|p1a: Sneasler|def|1\n|-unboost|p1a: Sneasler|spd|1\n|faint|p2a: Zamazenta\n|\n|upkeep\n|inactive|Setht has 120 seconds left.\n|inactive|Setht has 90 seconds left.\n|\n|t:|1699890993\n|switch|p2a: Dragonite|Dragonite, F|100\/100\n|-damage|p2a: Dragonite|75\/100|[from] Stealth Rock\n|turn|30\n|\n|t:|1699891010\n|switch|p1a: Iron Treads|Iron Treads|47\/100\n|move|p2a: Dragonite|Dragon Dance|p2a: Dragonite\n|-boost|p2a: Dragonite|atk|1\n|-boost|p2a: Dragonite|spe|1\n|\n|upkeep\n|turn|31\n|\n|t:|1699891021\n|move|p2a: Dragonite|Earthquake|p1a: Iron Treads\n|-supereffective|p1a: Iron Treads\n|-damage|p1a: Iron Treads|0 fnt\n|faint|p1a: Iron Treads\n|-end|p1a: Iron Treads|Quark Drive|[silent]\n|\n|upkeep\n|\n|t:|1699891034\n|switch|p1a: Dragapult|Dragapult, M|76\/100\n|turn|32\n|\n|t:|1699891047\n|switch|p2a: Corviknight|Corviknight, M|100\/100\n|-damage|p2a: Corviknight|88\/100|[from] Stealth Rock\n|-ability|p2a: Corviknight|Pressure\n|move|p1a: Dragapult|Draco Meteor|p2a: Corviknight\n|-resisted|p2a: Corviknight\n|-damage|p2a: Corviknight|64\/100\n|-unboost|p1a: Dragapult|spa|2\n|\n|-heal|p1a: Dragapult|82\/100|[from] item: Leftovers\n|-heal|p2a: Corviknight|70\/100|[from] item: Leftovers\n|upkeep\n|turn|33\n|\n|t:|1699891065\n|move|p1a: Dragapult|Will-O-Wisp|p2a: Corviknight\n|-status|p2a: Corviknight|brn\n|move|p2a: Corviknight|Bulk Up|p2a: Corviknight\n|-boost|p2a: Corviknight|atk|1\n|-boost|p2a: Corviknight|def|1\n|\n|-heal|p1a: Dragapult|88\/100|[from] item: Leftovers\n|-heal|p2a: Corviknight|76\/100 brn|[from] item: Leftovers\n|-damage|p2a: Corviknight|70\/100 brn|[from] brn\n|upkeep\n|turn|34\n|\n|t:|1699891081\n|move|p1a: Dragapult|U-turn|p2a: Corviknight\n|-resisted|p2a: Corviknight\n|-damage|p2a: Corviknight|68\/100 brn\n|\n|t:|1699891086\n|switch|p1a: Sneasler|Sneasler, F|59\/100 par|[from] U-turn\n|move|p2a: Corviknight|Bulk Up|p2a: Corviknight\n|-boost|p2a: Corviknight|atk|1\n|-boost|p2a: Corviknight|def|1\n|\n|-heal|p2a: Corviknight|74\/100 brn|[from] item: Leftovers\n|-damage|p2a: Corviknight|68\/100 brn|[from] brn\n|upkeep\n|turn|35\n|\n|t:|1699891101\n|move|p2a: Corviknight|Roost|p2a: Corviknight\n|-heal|p2a: Corviknight|100\/100 brn\n|-singleturn|p2a: Corviknight|move: Roost\n|cant|p1a: Sneasler|par\n|\n|-damage|p2a: Corviknight|94\/100 brn|[from] brn\n|upkeep\n|turn|36\n|inactive|Setht has 60 seconds left.\n|\n|t:|1699891132\n|move|p2a: Corviknight|Iron Head|p1a: Sneasler\n|-damage|p1a: Sneasler|21\/100 par\n|cant|p1a: Sneasler|flinch\n|\n|-heal|p2a: Corviknight|100\/100 brn|[from] item: Leftovers\n|-damage|p2a: Corviknight|94\/100 brn|[from] brn\n|upkeep\n|turn|37\n|inactive|Setht has 60 seconds left.\n|\n|t:|1699891144\n|move|p2a: Corviknight|Iron Head|p1a: Sneasler\n|-damage|p1a: Sneasler|0 fnt\n|faint|p1a: Sneasler\n|\n|-heal|p2a: Corviknight|100\/100 brn|[from] item: Leftovers\n|-damage|p2a: Corviknight|94\/100 brn|[from] brn\n|upkeep\n|\n|t:|1699891153\n|switch|p1a: Ogerpon|Ogerpon-Wellspring, F|4\/100\n|turn|38\n|\n|t:|1699891159\n|move|p1a: Ogerpon|Ivy Cudgel|p2a: Corviknight\n|-damage|p2a: Corviknight|71\/100 brn\n|move|p2a: Corviknight|Iron Head|p1a: Ogerpon\n|-resisted|p1a: Ogerpon\n|-damage|p1a: Ogerpon|0 fnt\n|faint|p1a: Ogerpon\n|\n|-heal|p2a: Corviknight|77\/100 brn|[from] item: Leftovers\n|-damage|p2a: Corviknight|71\/100 brn|[from] brn\n|upkeep\n|\n|t:|1699891163\n|switch|p1a: Dragapult|Dragapult, M|88\/100\n|turn|39\n|\n|t:|1699891172\n|move|p1a: Dragapult|Shadow Ball|p2a: Corviknight\n|-damage|p2a: Corviknight|41\/100 brn\n|move|p2a: Corviknight|Power Trip|p1a: Dragapult\n|-supereffective|p1a: Dragapult\n|-damage|p1a: Dragapult|29\/100\n|\n|-heal|p1a: Dragapult|35\/100|[from] item: Leftovers\n|-heal|p2a: Corviknight|47\/100 brn|[from] item: Leftovers\n|-damage|p2a: Corviknight|41\/100 brn|[from] brn\n|upkeep\n|turn|40\n|\n|t:|1699891185\n|move|p1a: Dragapult|Shadow Ball|p2a: Corviknight\n|-damage|p2a: Corviknight|11\/100 brn\n|move|p2a: Corviknight|Roost|p2a: Corviknight\n|-heal|p2a: Corviknight|61\/100 brn\n|-singleturn|p2a: Corviknight|move: Roost\n|\n|-heal|p1a: Dragapult|41\/100|[from] item: Leftovers\n|-heal|p2a: Corviknight|67\/100 brn|[from] item: Leftovers\n|-damage|p2a: Corviknight|61\/100 brn|[from] brn\n|upkeep\n|turn|41\n|\n|t:|1699891197\n|move|p1a: Dragapult|Shadow Ball|p2a: Corviknight\n|-damage|p2a: Corviknight|32\/100 brn\n|move|p2a: Corviknight|Power Trip|p1a: Dragapult\n|-supereffective|p1a: Dragapult\n|-damage|p1a: Dragapult|0 fnt\n|faint|p1a: Dragapult\n|\n|-heal|p2a: Corviknight|38\/100 brn|[from] item: Leftovers\n|-damage|p2a: Corviknight|32\/100 brn|[from] brn\n|upkeep\n|\n|t:|1699891201\n|switch|p1a: Kingambit|Kingambit, F|94\/100\n|-activate|p1a: Kingambit|ability: Supreme Overlord\n|-start|p1a: Kingambit|fallen5|[silent]\n|turn|42\n|\n|t:|1699891214\n|move|p1a: Kingambit|Swords Dance|p1a: Kingambit\n|-boost|p1a: Kingambit|atk|2\n|move|p2a: Corviknight|Roost|p2a: Corviknight\n|-heal|p2a: Corviknight|82\/100 brn\n|-singleturn|p2a: Corviknight|move: Roost\n|\n|-heal|p2a: Corviknight|88\/100 brn|[from] item: Leftovers\n|-damage|p2a: Corviknight|82\/100 brn|[from] brn\n|upkeep\n|turn|43\n|\n|t:|1699891227\n|move|p1a: Kingambit|Swords Dance|p1a: Kingambit\n|-boost|p1a: Kingambit|atk|2\n|move|p2a: Corviknight|Bulk Up|p2a: Corviknight\n|-boost|p2a: Corviknight|atk|1\n|-boost|p2a: Corviknight|def|1\n|\n|-heal|p2a: Corviknight|88\/100 brn|[from] item: Leftovers\n|-damage|p2a: Corviknight|82\/100 brn|[from] brn\n|upkeep\n|turn|44\n|\n|t:|1699891237\n|move|p1a: Kingambit|Swords Dance|p1a: Kingambit\n|-boost|p1a: Kingambit|atk|2\n|move|p2a: Corviknight|Bulk Up|p2a: Corviknight\n|-boost|p2a: Corviknight|atk|1\n|-boost|p2a: Corviknight|def|1\n|\n|-heal|p2a: Corviknight|88\/100 brn|[from] item: Leftovers\n|-damage|p2a: Corviknight|82\/100 brn|[from] brn\n|upkeep\n|turn|45\n|\n|t:|1699891249\n|move|p1a: Kingambit|Iron Head|p2a: Corviknight\n|-resisted|p2a: Corviknight\n|-crit|p2a: Corviknight\n|-damage|p2a: Corviknight|0 fnt\n|faint|p2a: Corviknight\n|\n|upkeep\n|\n|t:|1699891258\n|switch|p2a: Dragonite|Dragonite, F|75\/100\n|-damage|p2a: Dragonite|50\/100|[from] Stealth Rock\n|turn|46\n|\n|t:|1699891272\n|move|p1a: Kingambit|Sucker Punch|p2a: Dragonite\n|-damage|p2a: Dragonite|0 fnt\n|faint|p2a: Dragonite\n|\n|upkeep\n|\n|t:|1699891280\n|switch|p2a: Dondozo|Dondozo, M|48\/100 slp\n|-damage|p2a: Dondozo|35\/100 slp|[from] Stealth Rock\n|-activate|p2a: Dondozo|move: Sticky Web\n|-unboost|p2a: Dondozo|spe|1\n|turn|47\n|-message|Setht forfeited.\n|\n|win|OSOGOF\n|raw|OSOGOF's rating: 1151 &rarr; <strong>1180<\/strong><br \/>(+29 for winning)\n|raw|Setht's rating: 1213 &rarr; <strong>1184<\/strong><br \/>(-29 for losing)\n|l|\u2606Setht\n","uploadtime":1699891302,"views":10,"p1id":"osogof","p2id":"setht","formatid":"gen9ou","rating":1180,"private":0,"password":""}