{"id":"gen9ou-1999540633","p1":"JJJsepht","p2":"Cryptic_Brawler","format":"[Gen 9] OU","log":"|j|\u2606JJJsepht\n|j|\u203dCryptic_Brawler\n|t:|1701094169\n|gametype|singles\n|player|p1|JJJsepht|hiker-gen4|\n|player|p2|Cryptic_Brawler|ghetsis-gen5bw|\n|teamsize|p1|6\n|teamsize|p2|6\n|gen|9\n|tier|[Gen 9] OU\n|rule|Sleep Clause Mod: Limit one foe put to sleep\n|rule|Species Clause: Limit one of each Pok\u00e9mon\n|rule|OHKO Clause: OHKO moves are banned\n|rule|Evasion Items Clause: Evasion items are banned\n|rule|Evasion Moves Clause: Evasion moves are banned\n|rule|Endless Battle Clause: Forcing endless battles is banned\n|rule|HP Percentage Mod: HP is shown in percentages\n|clearpoke\n|poke|p1|Pelipper, M|\n|poke|p1|Barraskewda, M|\n|poke|p1|Great Tusk|\n|poke|p1|Amoonguss, M|\n|poke|p1|Kingambit, F|\n|poke|p1|Kilowattrel, M|\n|poke|p2|Decidueye-Hisui, F|\n|poke|p2|Great Tusk|\n|poke|p2|Milotic, M|\n|poke|p2|Ceruledge, M|\n|poke|p2|Gengar, M|\n|poke|p2|Hawlucha, M|\n|teampreview\n|inactive|Battle timer is ON: inactive players will automatically lose when time's up. (requested by Cryptic_Brawler)\n|inactive|JJJsepht has 270 seconds left.\n|\n|t:|1701094257\n|start\n|switch|p1a: Pelipper|Pelipper, M, shiny|100\/100\n|switch|p2a: Gengar|Gengar, M|100\/100\n|-weather|RainDance|[from] ability: Drizzle|[of] p1a: Pelipper\n|turn|1\n|inactive|JJJsepht has 270 seconds left.\n|\n|t:|1701094291\n|switch|p1a: Great Tusk|Great Tusk, shiny|100\/100\n|move|p2a: Gengar|Trick Room|p2a: Gengar\n|-fieldstart|move: Trick Room|[of] p2a: Gengar\n|\n|-weather|RainDance|[upkeep]\n|upkeep\n|turn|2\n|\n|t:|1701094306\n|move|p1a: Great Tusk|Earthquake|p2a: Gengar\n|-supereffective|p2a: Gengar\n|-damage|p2a: Gengar|0 fnt\n|faint|p2a: Gengar\n|\n|-weather|RainDance|[upkeep]\n|upkeep\n|\n|t:|1701094312\n|switch|p2a: Decidueye|Decidueye-Hisui, F|100\/100\n|turn|3\n|\n|t:|1701094328\n|move|p2a: Decidueye|Leaf Blade|p1a: Great Tusk\n|-supereffective|p1a: Great Tusk\n|-damage|p1a: Great Tusk|31\/100\n|-damage|p2a: Decidueye|84\/100|[from] item: Rocky Helmet|[of] p1a: Great Tusk\n|move|p1a: Great Tusk|Knock Off|p2a: Decidueye\n|-resisted|p2a: Decidueye\n|-damage|p2a: Decidueye|65\/100\n|-enditem|p2a: Decidueye|Lum Berry|[from] move: Knock Off|[of] p1a: Great Tusk\n|\n|-weather|RainDance|[upkeep]\n|upkeep\n|turn|4\n|inactive|JJJsepht has 270 seconds left.\n|\n|t:|1701094346\n|-end|p1a: Great Tusk|Protosynthesis|[silent]\n|switch|p1a: Pelipper|Pelipper, M, shiny|100\/100\n|move|p2a: Decidueye|Leaf Blade|p1a: Pelipper\n|-damage|p1a: Pelipper|63\/100\n|\n|-weather|RainDance|[upkeep]\n|upkeep\n|turn|5\n|\n|t:|1701094354\n|move|p2a: Decidueye|Sucker Punch|p1a: Pelipper\n|-damage|p1a: Pelipper|46\/100\n|move|p1a: Pelipper|Hurricane|p2a: Decidueye\n|-supereffective|p2a: Decidueye\n|-damage|p2a: Decidueye|0 fnt\n|faint|p2a: Decidueye\n|\n|-weather|RainDance|[upkeep]\n|-fieldend|move: Trick Room\n|upkeep\n|\n|t:|1701094368\n|switch|p2a: Hawlucha|Hawlucha, M|100\/100\n|turn|6\n|\n|t:|1701094383\n|move|p2a: Hawlucha|U-turn|p1a: Pelipper\n|-resisted|p1a: Pelipper\n|-damage|p1a: Pelipper|38\/100\n|\n|t:|1701094397\n|switch|p2a: Milotic|Milotic, M|100\/100|[from] U-turn\n|move|p1a: Pelipper|Hurricane|p2a: Milotic\n|-damage|p2a: Milotic|76\/100\n|\n|-weather|RainDance|[upkeep]\n|-status|p2a: Milotic|brn|[from] item: Flame Orb\n|upkeep\n|turn|7\n|\n|t:|1701094412\n|switch|p1a: Kilowattrel|Kilowattrel, M, shiny|100\/100\n|move|p2a: Milotic|Dragon Pulse|p1a: Kilowattrel\n|-damage|p1a: Kilowattrel|64\/100\n|\n|-weather|RainDance|[upkeep]\n|-heal|p1a: Kilowattrel|70\/100|[from] item: Leftovers\n|-damage|p2a: Milotic|70\/100 brn|[from] brn\n|upkeep\n|turn|8\n|\n|t:|1701094431\n|move|p1a: Kilowattrel|Volt Switch|p2a: Milotic\n|-supereffective|p2a: Milotic\n|-damage|p2a: Milotic|28\/100 brn\n|\n|t:|1701094435\n|switch|p1a: Barraskewda|Barraskewda, M, shiny|100\/100|[from] Volt Switch\n|move|p2a: Milotic|Dragon Pulse|p1a: Barraskewda\n|-damage|p1a: Barraskewda|57\/100\n|\n|-weather|none\n|-damage|p2a: Milotic|22\/100 brn|[from] brn\n|upkeep\n|turn|9\n|\n|t:|1701094451\n|move|p1a: Barraskewda|Psychic Fangs|p2a: Milotic\n|-crit|p2a: Milotic\n|-damage|p2a: Milotic|0 fnt\n|faint|p2a: Milotic\n|\n|upkeep\n|\n|t:|1701094467\n|switch|p2a: Hawlucha|Hawlucha, M|100\/100\n|turn|10\n|\n|t:|1701094490\n|move|p1a: Barraskewda|Psychic Fangs|p2a: Hawlucha\n|-supereffective|p2a: Hawlucha\n|-damage|p2a: Hawlucha|0 fnt\n|faint|p2a: Hawlucha\n|\n|upkeep\n|\n|t:|1701094496\n|switch|p2a: Ceruledge|Ceruledge, M|100\/100\n|turn|11\n|inactive|JJJsepht has 270 seconds left.\n|\n|t:|1701094533\n|switch|p1a: Kingambit|Kingambit, F, shiny|100\/100\n|switch|p2a: Great Tusk|Great Tusk|100\/100\n|-enditem|p2a: Great Tusk|Booster Energy\n|-activate|p2a: Great Tusk|ability: Protosynthesis|[fromitem]\n|-start|p2a: Great Tusk|protosynthesisatk\n|\n|upkeep\n|turn|12\n|\n|t:|1701094546\n|move|p2a: Great Tusk|Brick Break|p1a: Kingambit\n|-supereffective|p1a: Kingambit\n|-damage|p1a: Kingambit|0 fnt\n|faint|p1a: Kingambit\n|\n|upkeep\n|\n|t:|1701094555\n|switch|p1a: Amoonguss|Amoonguss, M, shiny|100\/100\n|turn|13\n|\n|t:|1701094572\n|move|p2a: Great Tusk|Zen Headbutt|p1a: Amoonguss|[miss]\n|-miss|p2a: Great Tusk|p1a: Amoonguss\n|move|p1a: Amoonguss|Grass Knot|p2a: Great Tusk\n|-supereffective|p2a: Great Tusk\n|-damage|p2a: Great Tusk|0 fnt\n|faint|p2a: Great Tusk\n|-end|p2a: Great Tusk|Protosynthesis|[silent]\n|\n|upkeep\n|\n|t:|1701094575\n|switch|p2a: Ceruledge|Ceruledge, M|100\/100\n|turn|14\n|inactive|JJJsepht has 270 seconds left.\n|\n|t:|1701094586\n|move|p2a: Ceruledge|Poltergeist|p1a: Amoonguss|[miss]\n|-miss|p2a: Ceruledge|p1a: Amoonguss\n|move|p1a: Amoonguss|Spore|p2a: Ceruledge\n|-status|p2a: Ceruledge|slp|[from] move: Spore\n|\n|upkeep\n|turn|15\n|inactive|JJJsepht has 270 seconds left.\n|-message|Cryptic_Brawler forfeited.\n|\n|win|JJJsepht\n|l|\u203dCryptic_Brawler\n","uploadtime":1701094598,"views":10,"p1id":"jjjsepht","p2id":"crypticbrawler","formatid":"gen9ou","rating":0,"private":0,"password":""}