{"id":"gen9ou-1988745142","p1":"LuG_18","p2":"Wiseblood2707","format":"[Gen 9] OU","log":"|j|\u2606LuG_18\n|j|\u2606Wiseblood2707\n|t:|1699757709\n|gametype|singles\n|player|p1|LuG_18|ethan|\n|player|p2|Wiseblood2707|giovanni|\n|teamsize|p1|6\n|teamsize|p2|6\n|gen|9\n|tier|[Gen 9] OU\n|rule|Sleep Clause Mod: Limit one foe put to sleep\n|rule|Species Clause: Limit one of each Pok\u00e9mon\n|rule|OHKO Clause: OHKO moves are banned\n|rule|Evasion Items Clause: Evasion items are banned\n|rule|Evasion Moves Clause: Evasion moves are banned\n|rule|Endless Battle Clause: Forcing endless battles is banned\n|rule|HP Percentage Mod: HP is shown in percentages\n|clearpoke\n|poke|p1|Mienshao, M|\n|poke|p1|Ogerpon-Wellspring, F|\n|poke|p1|Rotom-Heat|\n|poke|p1|Toxapex, F|\n|poke|p1|Forretress, F|\n|poke|p1|Electrode-Hisui|\n|poke|p2|Golem-Alola, F|\n|poke|p2|Articuno|\n|poke|p2|Abomasnow, F|\n|poke|p2|Dragapult, F|\n|poke|p2|Rillaboom, F|\n|poke|p2|Crawdaunt, F|\n|teampreview\n|j| LupinoFTW\n|j| LuichoX\n|j| Due Lipa\n|c| Due Lipa|abomasnow es el \u00fanico animatronico\n|\n|t:|1699757778\n|start\n|switch|p1a: We don't miss u|Toxapex, F|100\/100\n|switch|p2a: Memill\u00edn|Crawdaunt, F|100\/100\n|turn|1\n|\n|t:|1699757794\n|switch|p2a: Shrek|Golem-Alola, F|100\/100\n|move|p1a: We don't miss u|Toxic|p2a: Shrek\n|-status|p2a: Shrek|tox\n|\n|-damage|p2a: Shrek|94\/100 tox|[from] psn\n|upkeep\n|turn|2\n|\n|t:|1699757840\n|move|p2a: Shrek|Stealth Rock|p1a: We don't miss u\n|-sidestart|p1: LuG_18|move: Stealth Rock\n|move|p1a: We don't miss u|Surf|p2a: Shrek\n|-supereffective|p2a: Shrek\n|-damage|p2a: Shrek|60\/100 tox\n|\n|-damage|p2a: Shrek|48\/100 tox|[from] psn\n|upkeep\n|turn|3\n|\n|t:|1699757868\n|move|p1a: We don't miss u|Baneful Bunker|p1a: We don't miss u\n|-singleturn|p1a: We don't miss u|move: Protect\n|move|p2a: Shrek|Facade|p1a: We don't miss u\n|-activate|p1a: We don't miss u|move: Protect\n|\n|-damage|p2a: Shrek|30\/100 tox|[from] psn\n|upkeep\n|turn|4\n|\n|t:|1699757889\n|move|p2a: Shrek|Explosion|p1a: We don't miss u\n|-supereffective|p1a: We don't miss u\n|-damage|p1a: We don't miss u|0 fnt\n|faint|p2a: Shrek\n|faint|p1a: We don't miss u\n|\n|upkeep\n|c| LuichoX|GOLEMHEIMER\n|c| LupinoFTW|GOLEMHEIMER LO MAS DURO\n|c|\u2606Wiseblood2707|Golemheimer\n|c| Due Lipa|ZAAAAMN\n|\n|t:|1699757909\n|switch|p2a: Memill\u00edn|Crawdaunt, F|100\/100\n|switch|p1a: The Rock|Forretress, F|100\/100\n|-damage|p1a: The Rock|88\/100|[from] Stealth Rock\n|turn|5\n|c|\u2606LuG_18|the fuckin golemheimer\n|\n|t:|1699757925\n|move|p2a: Memill\u00edn|Close Combat|p1a: The Rock\n|-damage|p1a: The Rock|50\/100\n|-unboost|p2a: Memill\u00edn|def|1\n|-unboost|p2a: Memill\u00edn|spd|1\n|move|p1a: The Rock|Rapid Spin|p2a: Memill\u00edn\n|-damage|p2a: Memill\u00edn|81\/100\n|-boost|p1a: The Rock|spe|1\n|-sideend|p1: LuG_18|Stealth Rock|[from] move: Rapid Spin|[of] p1a: The Rock\n|\n|-heal|p1a: The Rock|56\/100|[from] item: Leftovers\n|upkeep\n|turn|6\n|\n|t:|1699757943\n|move|p2a: Memill\u00edn|Close Combat|p1a: The Rock\n|-damage|p1a: The Rock|21\/100\n|-unboost|p2a: Memill\u00edn|def|1\n|-unboost|p2a: Memill\u00edn|spd|1\n|move|p1a: The Rock|Body Press|p2a: Memill\u00edn\n|-supereffective|p2a: Memill\u00edn\n|-damage|p2a: Memill\u00edn|0 fnt\n|faint|p2a: Memill\u00edn\n|\n|-heal|p1a: The Rock|27\/100|[from] item: Leftovers\n|upkeep\n|\n|t:|1699757956\n|switch|p2a: Bocachico|Dragapult, F|100\/100\n|turn|7\n|\n|t:|1699757970\n|move|p2a: Bocachico|Shadow Ball|p1a: The Rock\n|-damage|p1a: The Rock|0 fnt\n|faint|p1a: The Rock\n|\n|upkeep\n|\n|t:|1699757976\n|switch|p1a: clap clap|Mienshao, M, shiny|100\/100\n|turn|8\n|\n|t:|1699757987\n|-terastallize|p2a: Bocachico|Fairy\n|move|p2a: Bocachico|Shadow Ball|p1a: clap clap\n|-damage|p1a: clap clap|16\/100\n|move|p1a: clap clap|Knock Off|p2a: Bocachico\n|-resisted|p2a: Bocachico\n|-damage|p2a: Bocachico|83\/100\n|-enditem|p2a: Bocachico|Choice Specs|[from] move: Knock Off|[of] p1a: clap clap\n|\n|upkeep\n|turn|9\n|\n|t:|1699758044\n|move|p2a: Bocachico|Shadow Ball|p1a: clap clap\n|-damage|p1a: clap clap|0 fnt\n|faint|p1a: clap clap\n|\n|upkeep\n|\n|t:|1699758047\n|switch|p1a: Crying Child \ud83d\ude2d|Ogerpon-Wellspring, F|100\/100\n|turn|10\n|c| Due Lipa|sonic chronicles\n|c|\u2606Wiseblood2707|Due Lipa d\u00ed lo tuyo\n|c| LupinoFTW|Dale a Overheat\n|c| LuichoX|Dale a Overheat\n|\n|t:|1699758170\n|switch|p2a: Deburas|Abomasnow, F|100\/100\n|-weather|Snow|[from] ability: Snow Warning|[of] p2a: Deburas\n|-terastallize|p1a: Crying Child \ud83d\ude2d|Water\n|detailschange|p1a: Crying Child \ud83d\ude2d|Ogerpon-Wellspring-Tera, F, tera:Water\n|-ability|p1a: Crying Child \ud83d\ude2d|Embody Aspect (Wellspring)|boost\n|-boost|p1a: Crying Child \ud83d\ude2d|spd|1\n|move|p1a: Crying Child \ud83d\ude2d|U-turn|p2a: Deburas\n|-supereffective|p2a: Deburas\n|-damage|p2a: Deburas|48\/100\n|c|\u2606Wiseblood2707|Dale a Overheat\n|\n|t:|1699758180\n|switch|p1a: 30secs|Rotom-Heat, shiny|100\/100|[from] U-turn\n|\n|-weather|Snow|[upkeep]\n|upkeep\n|turn|11\n|\n|t:|1699758205\n|move|p2a: Deburas|Ice Shard|p1a: 30secs\n|-resisted|p1a: 30secs\n|-damage|p1a: 30secs|91\/100\n|move|p1a: 30secs|Overheat|p2a: Deburas\n|-supereffective|p2a: Deburas\n|-damage|p2a: Deburas|0 fnt\n|-unboost|p1a: 30secs|spa|2\n|faint|p2a: Deburas\n|\n|-weather|Snow|[upkeep]\n|-heal|p1a: 30secs|97\/100|[from] item: Leftovers\n|upkeep\n|\n|t:|1699758216\n|switch|p2a: Bocachico|Dragapult, F, tera:Fairy|83\/100\n|turn|12\n|\n|t:|1699758241\n|move|p1a: 30secs|Protect|p1a: 30secs\n|-singleturn|p1a: 30secs|Protect\n|move|p2a: Bocachico|U-turn|p1a: 30secs\n|-activate|p1a: 30secs|move: Protect\n|\n|-weather|Snow|[upkeep]\n|-heal|p1a: 30secs|100\/100|[from] item: Leftovers\n|upkeep\n|turn|13\n|\n|t:|1699758252\n|move|p2a: Bocachico|U-turn|p1a: 30secs\n|-resisted|p1a: 30secs\n|-damage|p1a: 30secs|91\/100\n|\n|t:|1699758258\n|switch|p2a: Harambe|Rillaboom, F|100\/100|[from] U-turn\n|-fieldstart|move: Grassy Terrain|[from] ability: Grassy Surge|[of] p2a: Harambe\n|move|p1a: 30secs|Will-O-Wisp|p2a: Harambe\n|-status|p2a: Harambe|brn\n|\n|-weather|Snow|[upkeep]\n|-heal|p1a: 30secs|97\/100|[from] item: Leftovers\n|-damage|p2a: Harambe|94\/100 brn|[from] brn\n|upkeep\n|turn|14\n|\n|t:|1699758307\n|move|p1a: 30secs|Volt Switch|p2a: Harambe\n|-resisted|p2a: Harambe\n|-damage|p2a: Harambe|89\/100 brn\n|\n|t:|1699758311\n|switch|p1a: >:(|Electrode-Hisui, shiny|100\/100|[from] Volt Switch\n|move|p2a: Harambe|U-turn|p1a: >:(\n|-supereffective|p1a: >:(\n|-damage|p1a: >:(|52\/100\n|\n|t:|1699758322\n|switch|p2a: Bocachico|Dragapult, F, tera:Fairy|83\/100|[from] U-turn\n|\n|-weather|none\n|-heal|p1a: >:(|58\/100|[from] Grassy Terrain\n|-heal|p2a: Bocachico|89\/100|[from] Grassy Terrain\n|upkeep\n|turn|15\n|\n|t:|1699758334\n|move|p1a: >:(|Leaf Storm|p2a: Bocachico\n|-damage|p2a: Bocachico|0 fnt\n|-unboost|p1a: >:(|spa|2\n|faint|p2a: Bocachico\n|\n|-heal|p1a: >:(|64\/100|[from] Grassy Terrain\n|upkeep\n|\n|t:|1699758342\n|switch|p2a: Ronaldinho|Articuno|100\/100\n|-ability|p2a: Ronaldinho|Pressure\n|turn|16\n|\n|t:|1699758349\n|switch|p1a: 30secs|Rotom-Heat, shiny|97\/100\n|move|p2a: Ronaldinho|Freeze-Dry|p1a: 30secs\n|-resisted|p1a: 30secs\n|-damage|p1a: 30secs|84\/100\n|\n|-heal|p1a: 30secs|90\/100|[from] item: Leftovers\n|upkeep\n|turn|17\n|\n|t:|1699758359\n|switch|p2a: Harambe|Rillaboom, F|89\/100 brn\n|move|p1a: 30secs|Will-O-Wisp|p2a: Harambe\n|-fail|p2a: Harambe|brn\n|\n|-heal|p1a: 30secs|97\/100|[from] item: Leftovers\n|-heal|p2a: Harambe|95\/100 brn|[from] Grassy Terrain\n|-damage|p2a: Harambe|89\/100 brn|[from] brn\n|-fieldend|move: Grassy Terrain\n|upkeep\n|turn|18\n|c|\u2606LuG_18|MISSSSS\n|\n|t:|1699758381\n|move|p1a: 30secs|Overheat|p2a: Harambe\n|-supereffective|p2a: Harambe\n|-damage|p2a: Harambe|16\/100 brn\n|-unboost|p1a: 30secs|spa|2\n|move|p2a: Harambe|Knock Off|p1a: 30secs\n|-damage|p1a: 30secs|79\/100\n|-enditem|p1a: 30secs|Leftovers|[from] move: Knock Off|[of] p2a: Harambe\n|\n|-damage|p2a: Harambe|10\/100 brn|[from] brn\n|upkeep\n|turn|19\n|\n|t:|1699758390\n|move|p1a: 30secs|Volt Switch|p2a: Harambe\n|-resisted|p2a: Harambe\n|-damage|p2a: Harambe|6\/100 brn\n|\n|t:|1699758405\n|switch|p1a: >:(|Electrode-Hisui, shiny|64\/100|[from] Volt Switch\n|move|p2a: Harambe|Knock Off|p1a: >:(\n|-damage|p1a: >:(|32\/100\n|-enditem|p1a: >:(|Heavy-Duty Boots|[from] move: Knock Off|[of] p2a: Harambe\n|\n|-damage|p2a: Harambe|0 fnt|[from] brn\n|faint|p2a: Harambe\n|upkeep\n|\n|t:|1699758414\n|switch|p2a: Ronaldinho|Articuno|100\/100\n|-ability|p2a: Ronaldinho|Pressure\n|turn|20\n|\n|t:|1699758421\n|move|p1a: >:(|Thunderbolt|p2a: Ronaldinho\n|-supereffective|p2a: Ronaldinho\n|-damage|p2a: Ronaldinho|45\/100\n|move|p2a: Ronaldinho|Air Slash|p1a: >:(\n|-damage|p1a: >:(|0 fnt\n|faint|p1a: >:(\n|\n|upkeep\n|c| Due Lipa|tienes un turno para acabar el game o se vuelve un game largo\n|\n|t:|1699758428\n|switch|p1a: 30secs|Rotom-Heat, shiny|79\/100\n|turn|21\n|\n|t:|1699758433\n|move|p2a: Ronaldinho|Air Slash|p1a: 30secs|[miss]\n|-miss|p2a: Ronaldinho|p1a: 30secs\n|move|p1a: 30secs|Overheat|p2a: Ronaldinho\n|-supereffective|p2a: Ronaldinho\n|-damage|p2a: Ronaldinho|0 fnt\n|-unboost|p1a: 30secs|spa|2\n|faint|p2a: Ronaldinho\n|\n|win|LuG_18\n|c|\u2606Wiseblood2707|F\n|c|\u2606Wiseblood2707|ggs\n","uploadtime":1699758442,"views":11,"p1id":"lug18","p2id":"wiseblood2707","formatid":"gen9ou","rating":0,"private":0,"password":""}