{"id":"gen9ou-1992398672","p1":"sheluvallen","p2":"SethLeander","format":"[Gen 9] OU","log":"|j|\u2606sheluvallen\n|j|\u2606SethLeander\n|t:|1700182980\n|gametype|singles\n|player|p1|sheluvallen|caitlin|1093\n|player|p2|SethLeander|morty-masters|1023\n|teamsize|p1|6\n|teamsize|p2|6\n|gen|9\n|tier|[Gen 9] OU\n|rated|\n|rule|Sleep Clause Mod: Limit one foe put to sleep\n|rule|Species Clause: Limit one of each Pok\u00e9mon\n|rule|OHKO Clause: OHKO moves are banned\n|rule|Evasion Items Clause: Evasion items are banned\n|rule|Evasion Moves Clause: Evasion moves are banned\n|rule|Endless Battle Clause: Forcing endless battles is banned\n|rule|HP Percentage Mod: HP is shown in percentages\n|clearpoke\n|poke|p1|Sneasler, F|\n|poke|p1|Manaphy|\n|poke|p1|Rillaboom, F|\n|poke|p1|Hatterene, F|\n|poke|p1|Great Tusk|\n|poke|p1|Heatran, M|\n|poke|p2|Ting-Lu|\n|poke|p2|Grimmsnarl, M|\n|poke|p2|Rotom-Wash|\n|poke|p2|Iron Valiant|\n|poke|p2|Gholdengo|\n|poke|p2|Zoroark-Hisui, F|\n|teampreview\n|inactive|Battle timer is ON: inactive players will automatically lose when time's up. (requested by sheluvallen)\n|\n|t:|1700182994\n|start\n|switch|p1a: Heatran|Heatran, M|100\/100\n|switch|p2a: Ting-Lu|Ting-Lu|100\/100\n|-ability|p2a: Ting-Lu|Vessel of Ruin\n|turn|1\n|\n|t:|1700183003\n|move|p1a: Heatran|Stealth Rock|p2a: Ting-Lu\n|-sidestart|p2: SethLeander|move: Stealth Rock\n|move|p2a: Ting-Lu|Earthquake|p1a: Heatran\n|-supereffective|p1a: Heatran\n|-damage|p1a: Heatran|0 fnt\n|faint|p1a: Heatran\n|\n|upkeep\n|\n|t:|1700183018\n|switch|p1a: Manaphy|Manaphy, shiny|100\/100\n|turn|2\n|\n|t:|1700183030\n|move|p1a: Manaphy|Acid Armor|p1a: Manaphy\n|-boost|p1a: Manaphy|def|2\n|move|p2a: Ting-Lu|Whirlwind|p1a: Manaphy\n|drag|p1a: Hatterene|Hatterene, F|100\/100\n|\n|upkeep\n|turn|3\n|\n|t:|1700183043\n|-terastallize|p1a: Hatterene|Steel\n|move|p2a: Ting-Lu|Earthquake|p1a: Hatterene\n|-supereffective|p1a: Hatterene\n|-crit|p1a: Hatterene\n|-damage|p1a: Hatterene|0 fnt\n|faint|p1a: Hatterene\n|\n|upkeep\n|\n|t:|1700183049\n|switch|p1a: Rillaboom|Rillaboom, F|100\/100\n|-fieldstart|move: Grassy Terrain|[from] ability: Grassy Surge|[of] p1a: Rillaboom\n|turn|4\n|\n|t:|1700183055\n|move|p1a: Rillaboom|Grassy Glide|p2a: Ting-Lu\n|-supereffective|p2a: Ting-Lu\n|-damage|p2a: Ting-Lu|35\/100\n|-enditem|p2a: Ting-Lu|Red Card|[of] p1a: Rillaboom\n|drag|p1a: Manaphy|Manaphy, shiny|100\/100\n|move|p2a: Ting-Lu|Stealth Rock|p1a: Manaphy\n|-sidestart|p1: sheluvallen|move: Stealth Rock\n|\n|-heal|p2a: Ting-Lu|41\/100|[from] Grassy Terrain\n|upkeep\n|turn|5\n|\n|t:|1700183067\n|move|p1a: Manaphy|Acid Armor|p1a: Manaphy\n|-boost|p1a: Manaphy|def|2\n|move|p2a: Ting-Lu|Whirlwind|p1a: Manaphy\n|drag|p1a: Sneasler|Sneasler, F|100\/100\n|-damage|p1a: Sneasler|94\/100|[from] Stealth Rock\n|-enditem|p1a: Sneasler|Grassy Seed\n|-boost|p1a: Sneasler|def|1|[from] item: Grassy Seed\n|\n|-heal|p1a: Sneasler|100\/100|[from] Grassy Terrain\n|-heal|p2a: Ting-Lu|48\/100|[from] Grassy Terrain\n|upkeep\n|turn|6\n|\n|t:|1700183087\n|move|p1a: Sneasler|Swords Dance|p1a: Sneasler\n|-boost|p1a: Sneasler|atk|2\n|move|p2a: Ting-Lu|Whirlwind|p1a: Sneasler\n|drag|p1a: Manaphy|Manaphy, shiny|100\/100\n|-damage|p1a: Manaphy|88\/100|[from] Stealth Rock\n|\n|-heal|p1a: Manaphy|94\/100|[from] Grassy Terrain\n|-heal|p1a: Manaphy|100\/100|[from] item: Leftovers\n|-heal|p2a: Ting-Lu|54\/100|[from] Grassy Terrain\n|upkeep\n|turn|7\n|\n|t:|1700183104\n|move|p1a: Manaphy|Scald|p2a: Ting-Lu\n|-supereffective|p2a: Ting-Lu\n|-damage|p2a: Ting-Lu|22\/100\n|move|p2a: Ting-Lu|Whirlwind|p1a: Manaphy\n|drag|p1a: Great Tusk|Great Tusk|100\/100\n|-damage|p1a: Great Tusk|98\/100|[from] Stealth Rock\n|-enditem|p1a: Great Tusk|Booster Energy\n|-activate|p1a: Great Tusk|ability: Protosynthesis|[fromitem]\n|-start|p1a: Great Tusk|protosynthesisatk\n|\n|-heal|p1a: Great Tusk|100\/100|[from] Grassy Terrain\n|-heal|p2a: Ting-Lu|28\/100|[from] Grassy Terrain\n|upkeep\n|turn|8\n|inactive|SethLeander has 120 seconds left.\n|\n|t:|1700183128\n|-terastallize|p2a: Ting-Lu|Ghost\n|move|p1a: Great Tusk|Rapid Spin|p2a: Ting-Lu\n|-immune|p2a: Ting-Lu\n|move|p2a: Ting-Lu|Whirlwind|p1a: Great Tusk\n|-end|p1a: Great Tusk|Protosynthesis|[silent]\n|drag|p1a: Rillaboom|Rillaboom, F|100\/100\n|-damage|p1a: Rillaboom|88\/100|[from] Stealth Rock\n|\n|-heal|p1a: Rillaboom|94\/100|[from] Grassy Terrain\n|-heal|p2a: Ting-Lu|34\/100|[from] Grassy Terrain\n|-fieldend|move: Grassy Terrain\n|upkeep\n|turn|9\n|inactive|SethLeander has 120 seconds left.\n|-message|sheluvallen forfeited.\n|\n|win|SethLeander\n|raw|sheluvallen's rating: 1093 &rarr; <strong>1064<\/strong><br \/>(-29 for losing)\n|raw|SethLeander's rating: 1023 &rarr; <strong>1067<\/strong><br \/>(+44 for winning)\n|l|\u2606sheluvallen\n","uploadtime":1700183144,"views":10,"p1id":"sheluvallen","p2id":"sethleander","formatid":"gen9ou","rating":1064,"private":0,"password":""}