{"id":"gen9ou-1989863643","p1":"pyrose","p2":"Nah Nah64","format":"[Gen 9] OU","log":"|j|\u2606pyrose\n|j|\u2606Nah Nah64\n|t:|1699902052\n|gametype|singles\n|player|p1|pyrose|skyla-masters2|1303\n|player|p2|Nah Nah64|dancer|1233\n|teamsize|p1|6\n|teamsize|p2|6\n|gen|9\n|tier|[Gen 9] OU\n|rated|\n|rule|Sleep Clause Mod: Limit one foe put to sleep\n|rule|Species Clause: Limit one of each Pok\u00e9mon\n|rule|OHKO Clause: OHKO moves are banned\n|rule|Evasion Items Clause: Evasion items are banned\n|rule|Evasion Moves Clause: Evasion moves are banned\n|rule|Endless Battle Clause: Forcing endless battles is banned\n|rule|HP Percentage Mod: HP is shown in percentages\n|clearpoke\n|poke|p1|Rillaboom, F|\n|poke|p1|Sneasler, F|\n|poke|p1|Zamazenta-*|\n|poke|p1|Manaphy|\n|poke|p1|Heatran, F|\n|poke|p1|Hatterene, F|\n|poke|p2|Scizor, M|\n|poke|p2|Zoroark-Hisui, F|\n|poke|p2|Samurott-Hisui, M|\n|poke|p2|Ceruledge, F|\n|poke|p2|Skeledirge, F|\n|poke|p2|Corviknight, F|\n|teampreview\n|\n|t:|1699902077\n|start\n|switch|p1a: da blob|Manaphy|100\/100\n|switch|p2a: Mazka|Samurott-Hisui, M, shiny|100\/100\n|turn|1\n|\n|t:|1699902082\n|move|p1a: da blob|Acid Armor|p1a: da blob\n|-boost|p1a: da blob|def|2\n|move|p2a: Mazka|Ceaseless Edge|p1a: da blob\n|-damage|p1a: da blob|84\/100\n|-sidestart|p1: pyrose|Spikes\n|\n|-heal|p1a: da blob|90\/100|[from] item: Leftovers\n|upkeep\n|turn|2\n|\n|t:|1699902095\n|move|p1a: da blob|Acid Armor|p1a: da blob\n|-boost|p1a: da blob|def|2\n|move|p2a: Mazka|Ceaseless Edge|p1a: da blob\n|-damage|p1a: da blob|80\/100\n|-sidestart|p1: pyrose|Spikes\n|\n|-heal|p1a: da blob|86\/100|[from] item: Leftovers\n|upkeep\n|turn|3\n|\n|t:|1699902099\n|move|p1a: da blob|Acid Armor|p1a: da blob\n|-boost|p1a: da blob|def|2\n|move|p2a: Mazka|Ceaseless Edge|p1a: da blob\n|-damage|p1a: da blob|77\/100\n|-sidestart|p1: pyrose|Spikes\n|\n|-heal|p1a: da blob|83\/100|[from] item: Leftovers\n|upkeep\n|turn|4\n|\n|t:|1699902103\n|move|p1a: da blob|Take Heart|p1a: da blob\n|-boost|p1a: da blob|spa|1\n|-boost|p1a: da blob|spd|1\n|move|p2a: Mazka|Sacred Sword|p1a: da blob\n|-damage|p1a: da blob|51\/100\n|\n|-heal|p1a: da blob|57\/100|[from] item: Leftovers\n|upkeep\n|turn|5\n|\n|t:|1699902140\n|-terastallize|p1a: da blob|Poison\n|move|p1a: da blob|Take Heart|p1a: da blob\n|-boost|p1a: da blob|spa|1\n|-boost|p1a: da blob|spd|1\n|move|p2a: Mazka|Sacred Sword|p1a: da blob\n|-resisted|p1a: da blob\n|-damage|p1a: da blob|41\/100\n|\n|-heal|p1a: da blob|47\/100|[from] item: Leftovers\n|upkeep\n|turn|6\n|inactive|Battle timer is ON: inactive players will automatically lose when time's up. (requested by pyrose)\n|\n|t:|1699902164\n|move|p1a: da blob|Scald|p2a: Mazka\n|-resisted|p2a: Mazka\n|-damage|p2a: Mazka|75\/100\n|move|p2a: Mazka|Sacred Sword|p1a: da blob\n|-resisted|p1a: da blob\n|-damage|p1a: da blob|32\/100\n|\n|-heal|p1a: da blob|39\/100|[from] item: Leftovers\n|upkeep\n|turn|7\n|\n|t:|1699902173\n|move|p1a: da blob|Take Heart|p1a: da blob\n|-boost|p1a: da blob|spa|1\n|-boost|p1a: da blob|spd|1\n|move|p2a: Mazka|Sacred Sword|p1a: da blob\n|-resisted|p1a: da blob\n|-damage|p1a: da blob|22\/100\n|\n|-heal|p1a: da blob|28\/100|[from] item: Leftovers\n|upkeep\n|turn|8\n|\n|t:|1699902178\n|move|p1a: da blob|Scald|p2a: Mazka\n|-resisted|p2a: Mazka\n|-damage|p2a: Mazka|43\/100\n|move|p2a: Mazka|Sacred Sword|p1a: da blob\n|-resisted|p1a: da blob\n|-damage|p1a: da blob|12\/100\n|\n|-heal|p1a: da blob|18\/100|[from] item: Leftovers\n|upkeep\n|turn|9\n|\n|t:|1699902189\n|move|p1a: da blob|Scald|p2a: Mazka\n|-resisted|p2a: Mazka\n|-damage|p2a: Mazka|9\/100\n|move|p2a: Mazka|Sacred Sword|p1a: da blob\n|-resisted|p1a: da blob\n|-damage|p1a: da blob|3\/100\n|\n|-heal|p1a: da blob|9\/100|[from] item: Leftovers\n|upkeep\n|turn|10\n|\n|t:|1699902197\n|move|p2a: Mazka|Sucker Punch|p1a: da blob\n|-damage|p1a: da blob|2\/100\n|move|p1a: da blob|Scald|p2a: Mazka\n|-resisted|p2a: Mazka\n|-damage|p2a: Mazka|0 fnt\n|faint|p2a: Mazka\n|\n|-heal|p1a: da blob|9\/100|[from] item: Leftovers\n|upkeep\n|\n|t:|1699902224\n|switch|p2a: Crocogetor|Skeledirge, F|100\/100\n|turn|11\n|\n|t:|1699902232\n|move|p2a: Crocogetor|Flamethrower|p1a: da blob\n|-crit|p1a: da blob\n|-damage|p1a: da blob|0 fnt\n|faint|p1a: da blob\n|\n|upkeep\n|\n|t:|1699902255\n|switch|p1a: pilsbury|Heatran, F|100\/100\n|-item|p1a: pilsbury|Air Balloon\n|turn|12\n|\n|t:|1699902263\n|switch|p2a: Knight Kazer|Corviknight, F, shiny|100\/100\n|-ability|p2a: Knight Kazer|Unnerve\n|move|p1a: pilsbury|Earth Power|p2a: Knight Kazer\n|-immune|p2a: Knight Kazer\n|\n|upkeep\n|turn|13\n|\n|t:|1699902269\n|move|p1a: pilsbury|Taunt|p2a: Knight Kazer\n|-start|p2a: Knight Kazer|move: Taunt\n|move|p2a: Knight Kazer|U-turn|p1a: pilsbury\n|-resisted|p1a: pilsbury\n|-damage|p1a: pilsbury|98\/100\n|-enditem|p1a: pilsbury|Air Balloon\n|\n|t:|1699902272\n|switch|p2a: Crocogetor|Skeledirge, F|100\/100|[from] U-turn\n|\n|upkeep\n|turn|14\n|\n|t:|1699902277\n|move|p1a: pilsbury|Earth Power|p2a: Crocogetor\n|-supereffective|p2a: Crocogetor\n|-damage|p2a: Crocogetor|62\/100\n|move|p2a: Crocogetor|Earth Power|p1a: pilsbury\n|-supereffective|p1a: pilsbury\n|-damage|p1a: pilsbury|37\/100\n|\n|-heal|p2a: Crocogetor|68\/100|[from] item: Leftovers\n|upkeep\n|turn|15\n|\n|t:|1699902289\n|switch|p1a: bongo kong|Rillaboom, F|100\/100\n|-damage|p1a: bongo kong|76\/100|[from] Spikes\n|-fieldstart|move: Grassy Terrain|[from] ability: Grassy Surge|[of] p1a: bongo kong\n|move|p2a: Crocogetor|Earth Power|p1a: bongo kong\n|-resisted|p1a: bongo kong\n|-damage|p1a: bongo kong|63\/100\n|\n|-heal|p1a: bongo kong|69\/100|[from] Grassy Terrain\n|-heal|p2a: Crocogetor|74\/100|[from] Grassy Terrain\n|-heal|p2a: Crocogetor|80\/100|[from] item: Leftovers\n|upkeep\n|turn|16\n|\n|t:|1699902303\n|move|p1a: bongo kong|Knock Off|p2a: Crocogetor\n|-supereffective|p2a: Crocogetor\n|-damage|p2a: Crocogetor|0 fnt\n|-enditem|p2a: Crocogetor|Leftovers|[from] move: Knock Off|[of] p1a: bongo kong\n|faint|p2a: Crocogetor\n|\n|-heal|p1a: bongo kong|75\/100|[from] Grassy Terrain\n|upkeep\n|\n|t:|1699902312\n|switch|p2a: Mint Metal|Scizor, M, shiny|100\/100\n|turn|17\n|\n|t:|1699902318\n|move|p1a: bongo kong|Knock Off|p2a: Mint Metal\n|-damage|p2a: Mint Metal|46\/100\n|-enditem|p2a: Mint Metal|Choice Band|[from] move: Knock Off|[of] p1a: bongo kong\n|move|p2a: Mint Metal|U-turn|p1a: bongo kong\n|-supereffective|p1a: bongo kong\n|-damage|p1a: bongo kong|0 fnt\n|faint|p1a: bongo kong\n|\n|t:|1699902327\n|switch|p2a: Neo Dusted|Ceruledge, F, shiny|100\/100|[from] U-turn\n|\n|upkeep\n|\n|t:|1699902334\n|switch|p1a: flat stanley|Sneasler, F|100\/100\n|-damage|p1a: flat stanley|76\/100|[from] Spikes\n|-enditem|p1a: flat stanley|Grassy Seed\n|-boost|p1a: flat stanley|def|1|[from] item: Grassy Seed\n|turn|18\n|\n|t:|1699902340\n|move|p1a: flat stanley|Swords Dance|p1a: flat stanley\n|-boost|p1a: flat stanley|atk|2\n|move|p2a: Neo Dusted|Swords Dance|p2a: Neo Dusted\n|-boost|p2a: Neo Dusted|atk|2\n|\n|-heal|p1a: flat stanley|82\/100|[from] Grassy Terrain\n|upkeep\n|turn|19\n|\n|t:|1699902348\n|move|p1a: flat stanley|Lash Out|p2a: Neo Dusted\n|-supereffective|p2a: Neo Dusted\n|-enditem|p2a: Neo Dusted|Focus Sash\n|-damage|p2a: Neo Dusted|1\/100\n|-ability|p2a: Neo Dusted|Weak Armor|boost\n|-unboost|p2a: Neo Dusted|def|1\n|-boost|p2a: Neo Dusted|spe|2\n|move|p2a: Neo Dusted|Bitter Blade|p1a: flat stanley\n|-damage|p1a: flat stanley|0 fnt\n|-heal|p2a: Neo Dusted|48\/100|[from] drain|[of] p1a: flat stanley\n|faint|p1a: flat stanley\n|\n|-heal|p2a: Neo Dusted|54\/100|[from] Grassy Terrain\n|-fieldend|move: Grassy Terrain\n|upkeep\n|\n|t:|1699902363\n|switch|p1a: what tha dog doin|Zamazenta|100\/100\n|-damage|p1a: what tha dog doin|75\/100|[from] Spikes\n|-ability|p1a: what tha dog doin|Dauntless Shield|boost\n|-boost|p1a: what tha dog doin|def|1\n|turn|20\n|\n|t:|1699902377\n|move|p2a: Neo Dusted|Close Combat|p1a: what tha dog doin\n|-damage|p1a: what tha dog doin|34\/100\n|-unboost|p2a: Neo Dusted|def|1\n|-unboost|p2a: Neo Dusted|spd|1\n|move|p1a: what tha dog doin|Crunch|p2a: Neo Dusted\n|-supereffective|p2a: Neo Dusted\n|-damage|p2a: Neo Dusted|0 fnt\n|faint|p2a: Neo Dusted\n|\n|-heal|p1a: what tha dog doin|41\/100|[from] item: Leftovers\n|upkeep\n|\n|t:|1699902391\n|switch|p2a: Knight Kazer|Corviknight, F, shiny|100\/100\n|-ability|p2a: Knight Kazer|Unnerve\n|turn|21\n|\n|t:|1699902404\n|move|p1a: what tha dog doin|Iron Defense|p1a: what tha dog doin\n|-boost|p1a: what tha dog doin|def|2\n|move|p2a: Knight Kazer|Brave Bird|p1a: what tha dog doin\n|-supereffective|p1a: what tha dog doin\n|-damage|p1a: what tha dog doin|20\/100\n|-damage|p2a: Knight Kazer|95\/100|[from] Recoil\n|\n|-heal|p1a: what tha dog doin|27\/100|[from] item: Leftovers\n|upkeep\n|turn|22\n|\n|t:|1699902413\n|move|p1a: what tha dog doin|Iron Defense|p1a: what tha dog doin\n|-boost|p1a: what tha dog doin|def|2\n|move|p2a: Knight Kazer|Brave Bird|p1a: what tha dog doin\n|-supereffective|p1a: what tha dog doin\n|-damage|p1a: what tha dog doin|12\/100\n|-damage|p2a: Knight Kazer|91\/100|[from] Recoil\n|\n|-heal|p1a: what tha dog doin|18\/100|[from] item: Leftovers\n|upkeep\n|turn|23\n|\n|t:|1699902420\n|move|p1a: what tha dog doin|Body Press|p2a: Knight Kazer\n|-damage|p2a: Knight Kazer|12\/100\n|-damage|p1a: what tha dog doin|1\/100|[from] item: Rocky Helmet|[of] p2a: Knight Kazer\n|move|p2a: Knight Kazer|Brave Bird|p1a: what tha dog doin\n|-supereffective|p1a: what tha dog doin\n|-damage|p1a: what tha dog doin|0 fnt\n|faint|p1a: what tha dog doin\n|-damage|p2a: Knight Kazer|11\/100|[from] Recoil\n|\n|upkeep\n|\n|t:|1699902425\n|switch|p1a: pilsbury|Heatran, F|37\/100\n|-damage|p1a: pilsbury|12\/100|[from] Spikes\n|turn|24\n|\n|t:|1699902430\n|move|p1a: pilsbury|Magma Storm|p2a: Knight Kazer\n|-supereffective|p2a: Knight Kazer\n|-damage|p2a: Knight Kazer|0 fnt\n|faint|p2a: Knight Kazer\n|\n|upkeep\n|\n|t:|1699902434\n|switch|p2a: Mint Metal|Scizor, M, shiny|46\/100\n|turn|25\n|\n|t:|1699902439\n|move|p2a: Mint Metal|Bullet Punch|p1a: pilsbury\n|-resisted|p1a: pilsbury\n|-damage|p1a: pilsbury|5\/100\n|move|p1a: pilsbury|Magma Storm|p2a: Mint Metal\n|-supereffective|p2a: Mint Metal\n|-damage|p2a: Mint Metal|0 fnt\n|faint|p2a: Mint Metal\n|\n|upkeep\n|\n|t:|1699902443\n|switch|p2a: Button|Zoroark-Hisui, F, shiny|100\/100\n|turn|26\n|\n|t:|1699902447\n|move|p2a: Button|Hyper Voice|p1a: pilsbury\n|-resisted|p1a: pilsbury\n|-damage|p1a: pilsbury|0 fnt\n|faint|p1a: pilsbury\n|\n|upkeep\n|\n|t:|1699902451\n|switch|p1a: white woman|Hatterene, F|100\/100\n|-damage|p1a: white woman|76\/100|[from] Spikes\n|turn|27\n|inactive|pyrose has 120 seconds left.\n|inactive|pyrose has 90 seconds left.\n|l|\u2606pyrose\n|inactive|pyrose disconnected and has a minute to reconnect!\n|player|p1|\n|j|\u2606pyrose\n|inactive|pyrose reconnected and has 90 seconds left.\n|player|p1|pyrose|skyla-masters2\n|\n|t:|1699902531\n|-terastallize|p2a: Button|Normal\n|move|p2a: Button|Hyper Voice|p1a: white woman\n|-damage|p1a: white woman|0 fnt\n|faint|p1a: white woman\n|\n|win|Nah Nah64\n|raw|pyrose's rating: 1303 &rarr; <strong>1279<\/strong><br \/>(-24 for losing)\n|raw|Nah Nah64's rating: 1233 &rarr; <strong>1263<\/strong><br \/>(+30 for winning)\n|l|\u2606pyrose\n","uploadtime":1699902562,"views":13,"p1id":"pyrose","p2id":"nahnah64","formatid":"gen9ou","rating":1263,"private":0,"password":""}