{"id":"gen9ou-1997568099","p1":"TickledYou","p2":"SemperMamba","format":"[Gen 9] OU","log":"|j|\u2606TickledYou\n|j|\u2606SemperMamba\n|t:|1700826721\n|gametype|singles\n|player|p1|TickledYou|170|1045\n|player|p2|SemperMamba|lucas-gen4pt|1113\n|teamsize|p1|6\n|teamsize|p2|6\n|gen|9\n|tier|[Gen 9] OU\n|rated|\n|rule|Sleep Clause Mod: Limit one foe put to sleep\n|rule|Species Clause: Limit one of each Pok\u00e9mon\n|rule|OHKO Clause: OHKO moves are banned\n|rule|Evasion Items Clause: Evasion items are banned\n|rule|Evasion Moves Clause: Evasion moves are banned\n|rule|Endless Battle Clause: Forcing endless battles is banned\n|rule|HP Percentage Mod: HP is shown in percentages\n|clearpoke\n|poke|p1|Ceruledge, F|\n|poke|p1|Samurott-Hisui, M|\n|poke|p1|Iron Moth|\n|poke|p1|Pincurchin, F|\n|poke|p1|Corviknight, M|\n|poke|p1|Ogerpon-Wellspring, F|\n|poke|p2|Dragapult, M|\n|poke|p2|Ribombee, M|\n|poke|p2|Scream Tail|\n|poke|p2|Lilligant-Hisui, F|\n|poke|p2|Torkoal, F|\n|poke|p2|Ninetales, F|\n|teampreview\n|inactive|Battle timer is ON: inactive players will automatically lose when time's up. (requested by TickledYou)\n|\n|t:|1700826733\n|start\n|switch|p1a: Pincurchin|Pincurchin, F|100\/100\n|switch|p2a: Torkoal|Torkoal, F|100\/100\n|-weather|SunnyDay|[from] ability: Drought|[of] p2a: Torkoal\n|-fieldstart|move: Electric Terrain|[from] ability: Electric Surge|[of] p1a: Pincurchin\n|turn|1\n|\n|t:|1700826746\n|move|p2a: Torkoal|Stealth Rock|p1a: Pincurchin\n|-sidestart|p1: TickledYou|move: Stealth Rock\n|move|p1a: Pincurchin|Thunder Wave|p2a: Torkoal\n|-status|p2a: Torkoal|par\n|\n|-weather|SunnyDay|[upkeep]\n|upkeep\n|turn|2\n|\n|t:|1700826754\n|move|p1a: Pincurchin|Hex|p2a: Torkoal\n|-damage|p2a: Torkoal|67\/100 par\n|cant|p2a: Torkoal|par\n|\n|-weather|SunnyDay|[upkeep]\n|upkeep\n|turn|3\n|\n|t:|1700826762\n|move|p1a: Pincurchin|Hex|p2a: Torkoal\n|-damage|p2a: Torkoal|35\/100 par\n|cant|p2a: Torkoal|par\n|\n|-weather|SunnyDay|[upkeep]\n|upkeep\n|turn|4\n|\n|t:|1700826775\n|switch|p2a: Ribombee|Ribombee, M, shiny|100\/100\n|move|p1a: Pincurchin|Hex|p2a: Ribombee\n|-damage|p2a: Ribombee|80\/100\n|\n|-weather|SunnyDay|[upkeep]\n|upkeep\n|turn|5\n|\n|t:|1700826789\n|switch|p1a: Corviknight|Corviknight, M|100\/100\n|-damage|p1a: Corviknight|88\/100|[from] Stealth Rock\n|-terastallize|p2a: Ribombee|Ground\n|move|p2a: Ribombee|Quiver Dance|p2a: Ribombee\n|-boost|p2a: Ribombee|spa|1\n|-boost|p2a: Ribombee|spd|1\n|-boost|p2a: Ribombee|spe|1\n|\n|-weather|none\n|-heal|p1a: Corviknight|94\/100|[from] item: Leftovers\n|-fieldend|move: Electric Terrain\n|upkeep\n|turn|6\n|\n|t:|1700826811\n|move|p2a: Ribombee|Quiver Dance|p2a: Ribombee\n|-boost|p2a: Ribombee|spa|1\n|-boost|p2a: Ribombee|spd|1\n|-boost|p2a: Ribombee|spe|1\n|move|p1a: Corviknight|Body Press|p2a: Ribombee\n|-damage|p2a: Ribombee|33\/100\n|-enditem|p2a: Ribombee|Kee Berry|[eat]\n|-boost|p2a: Ribombee|def|1|[from] item: Kee Berry\n|\n|-heal|p1a: Corviknight|100\/100|[from] item: Leftovers\n|upkeep\n|turn|7\n|\n|t:|1700826828\n|move|p2a: Ribombee|Stored Power|p1a: Corviknight\n|-resisted|p1a: Corviknight\n|-damage|p1a: Corviknight|56\/100\n|move|p1a: Corviknight|Body Press|p2a: Ribombee\n|-damage|p2a: Ribombee|0 fnt\n|faint|p2a: Ribombee\n|\n|-heal|p1a: Corviknight|62\/100|[from] item: Leftovers\n|upkeep\n|-message|SemperMamba forfeited.\n|\n|win|TickledYou\n|raw|TickledYou's rating: 1045 &rarr; <strong>1085<\/strong><br \/>(+40 for winning)\n|raw|SemperMamba's rating: 1113 &rarr; <strong>1083<\/strong><br \/>(-30 for losing)\n|l|\u2606SemperMamba\n","uploadtime":1700826844,"views":5,"p1id":"tickledyou","p2id":"sempermamba","formatid":"gen9ou","rating":1083,"private":0,"password":""}