{"id":"gen9ou-1989230945","p1":"High Mighty Weasel","p2":"Violet Mask","format":"[Gen 9] OU","log":"|j|\u2606High Mighty Weasel\n|j|\u2606Violet Mask\n|t:|1699825942\n|gametype|singles\n|player|p1|High Mighty Weasel|cynthia-gen7|1528\n|player|p2|Violet Mask|lucian|1441\n|teamsize|p1|6\n|teamsize|p2|6\n|gen|9\n|tier|[Gen 9] OU\n|rated|\n|rule|Sleep Clause Mod: Limit one foe put to sleep\n|rule|Species Clause: Limit one of each Pok\u00e9mon\n|rule|OHKO Clause: OHKO moves are banned\n|rule|Evasion Items Clause: Evasion items are banned\n|rule|Evasion Moves Clause: Evasion moves are banned\n|rule|Endless Battle Clause: Forcing endless battles is banned\n|rule|HP Percentage Mod: HP is shown in percentages\n|clearpoke\n|poke|p1|Great Tusk|\n|poke|p1|Samurott-Hisui, F|\n|poke|p1|Iron Valiant|\n|poke|p1|Heatran, F|\n|poke|p1|Ogerpon-Cornerstone, F|\n|poke|p1|Scizor, F|\n|poke|p2|Toxapex, F|\n|poke|p2|Garchomp, F|\n|poke|p2|Heatran, M|\n|poke|p2|Mandibuzz, F|\n|poke|p2|Zamazenta-*|\n|poke|p2|Hoopa-Unbound|\n|teampreview\n|inactive|Battle timer is ON: inactive players will automatically lose when time's up. (requested by Violet Mask)\n|inactive|Violet Mask has 120 seconds left.\n|inactive|High Mighty Weasel has 120 seconds left.\n|inactive|Violet Mask has 90 seconds left.\n|\n|t:|1699826009\n|start\n|switch|p1a: Great Tusk|Great Tusk|100\/100\n|switch|p2a: Heatran|Heatran, M|100\/100\n|turn|1\n|\n|t:|1699826022\n|switch|p2a: Mandibuzz|Mandibuzz, F|100\/100\n|move|p1a: Great Tusk|Earthquake|p2a: Mandibuzz\n|-immune|p2a: Mandibuzz\n|\n|upkeep\n|turn|2\n|\n|t:|1699826033\n|-end|p1a: Great Tusk|Protosynthesis|[silent]\n|switch|p1a: Heatran|Heatran, F|100\/100\n|switch|p2a: Quacker|Garchomp, F|100\/100\n|\n|upkeep\n|turn|3\n|\n|t:|1699826040\n|switch|p1a: Great Tusk|Great Tusk|100\/100\n|move|p2a: Quacker|Earthquake|p1a: Great Tusk\n|-damage|p1a: Great Tusk|73\/100\n|\n|-heal|p1a: Great Tusk|79\/100|[from] item: Leftovers\n|upkeep\n|turn|4\n|\n|t:|1699826049\n|switch|p2a: Mandibuzz|Mandibuzz, F|100\/100\n|move|p1a: Great Tusk|Earthquake|p2a: Mandibuzz\n|-immune|p2a: Mandibuzz\n|\n|-heal|p1a: Great Tusk|85\/100|[from] item: Leftovers\n|upkeep\n|turn|5\n|\n|t:|1699826053\n|-end|p1a: Great Tusk|Protosynthesis|[silent]\n|switch|p1a: Heatran|Heatran, F|100\/100\n|move|p2a: Mandibuzz|Toxic|p1a: Heatran\n|-immune|p1a: Heatran\n|\n|upkeep\n|turn|6\n|\n|t:|1699826059\n|switch|p2a: Heatran|Heatran, M|100\/100\n|move|p1a: Heatran|Will-O-Wisp|p2a: Heatran\n|-immune|p2a: Heatran\n|\n|upkeep\n|turn|7\n|\n|t:|1699826070\n|move|p1a: Heatran|Earth Power|p2a: Heatran\n|-supereffective|p2a: Heatran\n|-damage|p2a: Heatran|36\/100\n|move|p2a: Heatran|Earth Power|p1a: Heatran\n|-supereffective|p1a: Heatran\n|-damage|p1a: Heatran|34\/100\n|\n|-heal|p2a: Heatran|42\/100|[from] item: Leftovers\n|-heal|p1a: Heatran|40\/100|[from] item: Leftovers\n|upkeep\n|turn|8\n|\n|t:|1699826080\n|switch|p2a: Hoopa|Hoopa-Unbound|100\/100\n|move|p1a: Heatran|Earth Power|p2a: Hoopa\n|-damage|p2a: Hoopa|76\/100\n|\n|-heal|p1a: Heatran|47\/100|[from] item: Leftovers\n|upkeep\n|turn|9\n|\n|t:|1699826088\n|switch|p1a: Samurott|Samurott-Hisui, F|100\/100\n|move|p2a: Hoopa|Hyperspace Fury|p1a: Samurott\n|-resisted|p1a: Samurott\n|-damage|p1a: Samurott|38\/100\n|-unboost|p2a: Hoopa|def|1\n|\n|upkeep\n|turn|10\n|\n|t:|1699826097\n|switch|p2a: Mandibuzz|Mandibuzz, F|100\/100\n|move|p1a: Samurott|Ceaseless Edge|p2a: Mandibuzz\n|-resisted|p2a: Mandibuzz\n|-damage|p2a: Mandibuzz|88\/100\n|-sidestart|p2: Violet Mask|Spikes\n|\n|upkeep\n|turn|11\n|\n|t:|1699826102\n|switch|p1a: Heatran|Heatran, F|47\/100\n|move|p2a: Mandibuzz|Defog|p1a: Heatran\n|-unboost|p1a: Heatran|evasion|1\n|-sideend|p2: Violet Mask|Spikes|[from] move: Defog|[of] p2a: Mandibuzz\n|\n|-heal|p1a: Heatran|53\/100|[from] item: Leftovers\n|upkeep\n|turn|12\n|\n|t:|1699826108\n|switch|p2a: Heatran|Heatran, M|42\/100\n|move|p1a: Heatran|Magma Storm|p2a: Heatran\n|-damage|p2a: Heatran|15\/100\n|-activate|p2a: Heatran|move: Magma Storm|[of] p1a: Heatran\n|\n|-heal|p1a: Heatran|59\/100|[from] item: Leftovers\n|-heal|p2a: Heatran|21\/100|[from] item: Leftovers\n|-damage|p2a: Heatran|9\/100|[from] move: Magma Storm|[partiallytrapped]\n|upkeep\n|turn|13\n|\n|t:|1699826114\n|move|p2a: Heatran|Earth Power|p1a: Heatran\n|-supereffective|p1a: Heatran\n|-damage|p1a: Heatran|0 fnt\n|faint|p1a: Heatran\n|\n|-heal|p2a: Heatran|15\/100|[from] item: Leftovers\n|-end|p2a: Heatran|Magma Storm|[partiallytrapped]|[silent]\n|upkeep\n|\n|t:|1699826121\n|switch|p1a: Ogerpon|Ogerpon-Cornerstone, F|100\/100\n|turn|14\n|\n|t:|1699826127\n|move|p1a: Ogerpon|Ivy Cudgel|p2a: Heatran\n|-damage|p2a: Heatran|0 fnt\n|faint|p2a: Heatran\n|\n|upkeep\n|\n|t:|1699826129\n|switch|p2a: Toxapex|Toxapex, F|100\/100\n|turn|15\n|\n|t:|1699826134\n|switch|p1a: Scizor|Scizor, F|100\/100\n|move|p2a: Toxapex|Toxic|p1a: Scizor\n|-immune|p1a: Scizor\n|\n|upkeep\n|turn|16\n|\n|t:|1699826163\n|move|p1a: Scizor|U-turn|p2a: Toxapex\n|-resisted|p2a: Toxapex\n|-damage|p2a: Toxapex|88\/100\n|inactive|High Mighty Weasel has 120 seconds left.\n|\n|t:|1699826193\n|switch|p1a: Samurott|Samurott-Hisui, F|38\/100|[from] U-turn\n|move|p2a: Toxapex|Surf|p1a: Samurott\n|-resisted|p1a: Samurott\n|-damage|p1a: Samurott|29\/100\n|\n|upkeep\n|turn|17\n|\n|t:|1699826196\n|move|p1a: Samurott|Ceaseless Edge|p2a: Toxapex\n|-damage|p2a: Toxapex|62\/100\n|-sidestart|p2: Violet Mask|Spikes\n|move|p2a: Toxapex|Toxic|p1a: Samurott\n|-status|p1a: Samurott|tox\n|\n|-damage|p1a: Samurott|22\/100 tox|[from] psn\n|upkeep\n|turn|18\n|inactive|High Mighty Weasel has 120 seconds left.\n|\n|t:|1699826203\n|switch|p2a: Mandibuzz|Mandibuzz, F|88\/100\n|move|p1a: Samurott|Razor Shell|p2a: Mandibuzz\n|-damage|p2a: Mandibuzz|59\/100\n|-unboost|p2a: Mandibuzz|def|1\n|\n|-damage|p1a: Samurott|10\/100 tox|[from] psn\n|upkeep\n|turn|19\n|inactive|High Mighty Weasel has 120 seconds left.\n|\n|t:|1699826215\n|switch|p2a: Toxapex|Toxapex, F|95\/100\n|-damage|p2a: Toxapex|82\/100|[from] Spikes\n|move|p1a: Samurott|Razor Shell|p2a: Toxapex\n|-resisted|p2a: Toxapex\n|-damage|p2a: Toxapex|67\/100\n|\n|-damage|p1a: Samurott|0 fnt|[from] psn\n|faint|p1a: Samurott\n|upkeep\n|inactive|High Mighty Weasel has 120 seconds left.\n|\n|t:|1699826223\n|switch|p1a: Great Tusk|Great Tusk|85\/100\n|turn|20\n|inactive|High Mighty Weasel has 120 seconds left.\n|\n|t:|1699826257\n|switch|p2a: Mandibuzz|Mandibuzz, F|59\/100\n|move|p1a: Great Tusk|Earthquake|p2a: Mandibuzz\n|-immune|p2a: Mandibuzz\n|\n|-heal|p1a: Great Tusk|92\/100|[from] item: Leftovers\n|upkeep\n|turn|21\n|\n|t:|1699826271\n|-end|p1a: Great Tusk|Protosynthesis|[silent]\n|switch|p1a: Iron Valiant|Iron Valiant|100\/100\n|move|p2a: Mandibuzz|Defog|p1a: Iron Valiant\n|-unboost|p1a: Iron Valiant|evasion|1\n|-sideend|p2: Violet Mask|Spikes|[from] move: Defog|[of] p2a: Mandibuzz\n|\n|upkeep\n|turn|22\n|\n|t:|1699826275\n|switch|p2a: Toxapex|Toxapex, F|99\/100\n|move|p1a: Iron Valiant|Trick|p2a: Toxapex\n|-activate|p1a: Iron Valiant|move: Trick|[of] p2a: Toxapex\n|-item|p2a: Toxapex|Choice Scarf|[from] move: Trick\n|-item|p1a: Iron Valiant|Shuca Berry|[from] move: Trick\n|\n|upkeep\n|turn|23\n|inactive|High Mighty Weasel has 120 seconds left.\n|\n|t:|1699826286\n|-end|p1a: Iron Valiant|Quark Drive|[silent]\n|switch|p1a: Scizor|Scizor, F|100\/100\n|move|p2a: Toxapex|Toxic|p1a: Scizor\n|-immune|p1a: Scizor\n|\n|upkeep\n|turn|24\n|inactive|High Mighty Weasel has 120 seconds left.\n|\n|t:|1699826305\n|switch|p2a: Hoopa|Hoopa-Unbound|76\/100\n|move|p1a: Scizor|Close Combat|p2a: Hoopa\n|-damage|p2a: Hoopa|0 fnt\n|-unboost|p1a: Scizor|def|1\n|-unboost|p1a: Scizor|spd|1\n|faint|p2a: Hoopa\n|\n|upkeep\n|\n|t:|1699826321\n|switch|p2a: Zamazenta|Zamazenta|100\/100\n|-ability|p2a: Zamazenta|Dauntless Shield|boost\n|-boost|p2a: Zamazenta|def|1\n|turn|25\n|inactive|High Mighty Weasel has 120 seconds left.\n|\n|t:|1699826345\n|switch|p1a: Great Tusk|Great Tusk|92\/100\n|move|p2a: Zamazenta|Iron Defense|p2a: Zamazenta\n|-boost|p2a: Zamazenta|def|2\n|\n|-heal|p1a: Great Tusk|98\/100|[from] item: Leftovers\n|upkeep\n|turn|26\n|\n|t:|1699826348\n|move|p2a: Zamazenta|Iron Defense|p2a: Zamazenta\n|-boost|p2a: Zamazenta|def|2\n|move|p1a: Great Tusk|Bulk Up|p1a: Great Tusk\n|-boost|p1a: Great Tusk|atk|1\n|-boost|p1a: Great Tusk|def|1\n|\n|-heal|p1a: Great Tusk|100\/100|[from] item: Leftovers\n|upkeep\n|turn|27\n|\n|t:|1699826351\n|move|p2a: Zamazenta|Body Press|p1a: Great Tusk\n|-damage|p1a: Great Tusk|57\/100\n|move|p1a: Great Tusk|Bulk Up|p1a: Great Tusk\n|-boost|p1a: Great Tusk|atk|1\n|-boost|p1a: Great Tusk|def|1\n|\n|-heal|p1a: Great Tusk|64\/100|[from] item: Leftovers\n|upkeep\n|turn|28\n|\n|t:|1699826359\n|move|p2a: Zamazenta|Body Press|p1a: Great Tusk\n|-damage|p1a: Great Tusk|33\/100\n|move|p1a: Great Tusk|Knock Off|p2a: Zamazenta\n|-resisted|p2a: Zamazenta\n|-damage|p2a: Zamazenta|94\/100\n|-enditem|p2a: Zamazenta|Leftovers|[from] move: Knock Off|[of] p1a: Great Tusk\n|\n|-heal|p1a: Great Tusk|39\/100|[from] item: Leftovers\n|upkeep\n|turn|29\n|\n|t:|1699826368\n|move|p2a: Zamazenta|Body Press|p1a: Great Tusk\n|-damage|p1a: Great Tusk|7\/100\n|move|p1a: Great Tusk|Earthquake|p2a: Zamazenta\n|-damage|p2a: Zamazenta|75\/100\n|\n|-heal|p1a: Great Tusk|13\/100|[from] item: Leftovers\n|upkeep\n|turn|30\n|\n|t:|1699826379\n|move|p2a: Zamazenta|Body Press|p1a: Great Tusk\n|-damage|p1a: Great Tusk|0 fnt\n|faint|p1a: Great Tusk\n|-end|p1a: Great Tusk|Protosynthesis|[silent]\n|\n|upkeep\n|\n|t:|1699826393\n|switch|p1a: Iron Valiant|Iron Valiant|100\/100\n|turn|31\n|\n|t:|1699826400\n|-terastallize|p2a: Zamazenta|Steel\n|move|p2a: Zamazenta|Heavy Slam|p1a: Iron Valiant\n|-supereffective|p1a: Iron Valiant\n|-damage|p1a: Iron Valiant|0 fnt\n|faint|p1a: Iron Valiant\n|-end|p1a: Iron Valiant|Quark Drive|[silent]\n|\n|upkeep\n|inactive|High Mighty Weasel has 120 seconds left.\n|\n|t:|1699826436\n|switch|p1a: Ogerpon|Ogerpon-Cornerstone, F|100\/100\n|turn|32\n|inactive|High Mighty Weasel has 120 seconds left.\n|\n|t:|1699826445\n|move|p2a: Zamazenta|Body Press|p1a: Ogerpon\n|-supereffective|p1a: Ogerpon\n|-ability|p1a: Ogerpon|Sturdy\n|-damage|p1a: Ogerpon|1\/100\n|move|p1a: Ogerpon|Power Whip|p2a: Zamazenta\n|-resisted|p2a: Zamazenta\n|-damage|p2a: Zamazenta|68\/100\n|\n|upkeep\n|turn|33\n|\n|t:|1699826455\n|move|p2a: Zamazenta|Body Press|p1a: Ogerpon\n|-supereffective|p1a: Ogerpon\n|-damage|p1a: Ogerpon|0 fnt\n|faint|p1a: Ogerpon\n|\n|upkeep\n|\n|t:|1699826458\n|switch|p1a: Scizor|Scizor, F|100\/100\n|turn|34\n|\n|t:|1699826477\n|move|p2a: Zamazenta|Body Press|p1a: Scizor\n|-crit|p1a: Scizor\n|-damage|p1a: Scizor|0 fnt\n|faint|p1a: Scizor\n|\n|win|Violet Mask\n|raw|High Mighty Weasel's rating: 1528 &rarr; <strong>1503<\/strong><br \/>(-25 for losing)\n|raw|Violet Mask's rating: 1441 &rarr; <strong>1466<\/strong><br \/>(+25 for winning)\n","uploadtime":1699826480,"views":21,"p1id":"highmightyweasel","p2id":"violetmask","formatid":"gen9ou","rating":1466,"private":0,"password":""}