{"id":"gen9ou-1991081521","p1":"NatanMarchais","p2":"liaoya","format":"[Gen 9] OU","log":"|j|\u2606NatanMarchais\n|j|\u2606liaoya\n|t:|1700039906\n|gametype|singles\n|player|p1|NatanMarchais|rocketgrunt|1446\n|player|p2|liaoya|petrel|1408\n|teamsize|p1|6\n|teamsize|p2|6\n|gen|9\n|tier|[Gen 9] OU\n|rated|\n|rule|Sleep Clause Mod: Limit one foe put to sleep\n|rule|Species Clause: Limit one of each Pok\u00e9mon\n|rule|OHKO Clause: OHKO moves are banned\n|rule|Evasion Items Clause: Evasion items are banned\n|rule|Evasion Moves Clause: Evasion moves are banned\n|rule|Endless Battle Clause: Forcing endless battles is banned\n|rule|HP Percentage Mod: HP is shown in percentages\n|clearpoke\n|poke|p1|Corviknight, M|\n|poke|p1|Iron Treads|\n|poke|p1|Gastrodon, F|\n|poke|p1|Gengar, F|\n|poke|p1|Weavile, F|\n|poke|p1|Weezing-Galar, F|\n|poke|p2|Drifblim, F|\n|poke|p2|Garganacl, F|\n|poke|p2|Umbreon, F|\n|poke|p2|Rotom-Wash|\n|poke|p2|Glimmora, F|\n|poke|p2|Espeon, F|\n|teampreview\n|inactive|Battle timer is ON: inactive players will automatically lose when time's up. (requested by NatanMarchais)\n|inactive|NatanMarchais has 120 seconds left.\n|\n|t:|1700039940\n|start\n|switch|p1a: Iron Treads|Iron Treads|100\/100\n|switch|p2a: Rotom|Rotom-Wash|100\/100\n|turn|1\n|\n|t:|1700039951\n|move|p2a: Rotom|Hydro Pump|p1a: Iron Treads|[miss]\n|-miss|p2a: Rotom|p1a: Iron Treads\n|move|p1a: Iron Treads|Stealth Rock|p2a: Rotom\n|-sidestart|p2: liaoya|move: Stealth Rock\n|\n|upkeep\n|turn|2\n|\n|t:|1700039959\n|switch|p2a: Espeon|Espeon, F|100\/100\n|-damage|p2a: Espeon|88\/100|[from] Stealth Rock\n|-end|p1a: Iron Treads|Quark Drive|[silent]\n|switch|p1a: Gastrodon|Gastrodon, F|100\/100\n|\n|upkeep\n|turn|3\n|\n|t:|1700039965\n|move|p2a: Espeon|Trick|p1a: Gastrodon\n|-activate|p2a: Espeon|move: Trick|[of] p1a: Gastrodon\n|-item|p1a: Gastrodon|Choice Scarf|[from] move: Trick\n|-item|p2a: Espeon|Leftovers|[from] move: Trick\n|move|p1a: Gastrodon|Earth Power|p2a: Espeon\n|-crit|p2a: Espeon\n|-damage|p2a: Espeon|42\/100\n|\n|-heal|p2a: Espeon|48\/100|[from] item: Leftovers\n|upkeep\n|turn|4\n|\n|t:|1700039983\n|switch|p2a: Rotom|Rotom-Wash|100\/100\n|-damage|p2a: Rotom|88\/100|[from] Stealth Rock\n|switch|p1a: Gengar|Gengar, F|100\/100\n|\n|upkeep\n|turn|5\n|\n|t:|1700039993\n|move|p1a: Gengar|Shadow Ball|p2a: Rotom\n|-damage|p2a: Rotom|19\/100\n|-unboost|p2a: Rotom|spd|1\n|move|p2a: Rotom|Trick|p1a: Gengar\n|-activate|p2a: Rotom|move: Trick|[of] p1a: Gengar\n|-item|p1a: Gengar|Choice Scarf|[from] move: Trick\n|-item|p2a: Rotom|Choice Specs|[from] move: Trick\n|\n|upkeep\n|turn|6\n|inactive|NatanMarchais has 120 seconds left.\n|\n|t:|1700040024\n|switch|p2a: Garganacl|Garganacl, F, shiny|100\/100\n|-damage|p2a: Garganacl|88\/100|[from] Stealth Rock\n|move|p1a: Gengar|Sludge Bomb|p2a: Garganacl\n|-resisted|p2a: Garganacl\n|-damage|p2a: Garganacl|74\/100\n|\n|-heal|p2a: Garganacl|80\/100|[from] item: Leftovers\n|upkeep\n|turn|7\n|inactive|NatanMarchais has 120 seconds left.\n|\n|t:|1700040042\n|switch|p1a: Weezing|Weezing-Galar, F|100\/100\n|move|p2a: Garganacl|Salt Cure|p1a: Weezing\n|-damage|p1a: Weezing|92\/100\n|-start|p1a: Weezing|Salt Cure\n|\n|-heal|p1a: Weezing|98\/100|[from] item: Black Sludge\n|-heal|p2a: Garganacl|86\/100|[from] item: Leftovers\n|-damage|p1a: Weezing|85\/100|[from] Salt Cure\n|upkeep\n|turn|8\n|\n|t:|1700040051\n|switch|p2a: Espeon|Espeon, F|48\/100\n|-damage|p2a: Espeon|36\/100|[from] Stealth Rock\n|move|p1a: Weezing|Taunt|p2a: Espeon\n|move|p2a: Espeon|Taunt|p1a: Weezing|[from]ability: Magic Bounce\n|-start|p1a: Weezing|move: Taunt\n|\n|-heal|p2a: Espeon|42\/100|[from] item: Leftovers\n|-heal|p1a: Weezing|91\/100|[from] item: Black Sludge\n|-damage|p1a: Weezing|79\/100|[from] Salt Cure\n|upkeep\n|turn|9\n|inactive|NatanMarchais has 120 seconds left.\n|\n|t:|1700040067\n|switch|p2a: Glimmora|Glimmora, F|100\/100\n|-damage|p2a: Glimmora|88\/100|[from] Stealth Rock\n|switch|p1a: Gastrodon|Gastrodon, F|100\/100\n|\n|upkeep\n|turn|10\n|\n|t:|1700040071\n|move|p2a: Glimmora|Mortal Spin|p1a: Gastrodon\n|-resisted|p1a: Gastrodon\n|-damage|p1a: Gastrodon|97\/100\n|-status|p1a: Gastrodon|psn\n|-sideend|p2: liaoya|Stealth Rock|[from] move: Mortal Spin|[of] p2a: Glimmora\n|move|p1a: Gastrodon|Surf|p2a: Glimmora\n|-supereffective|p2a: Glimmora\n|-damage|p2a: Glimmora|23\/100\n|\n|-damage|p1a: Gastrodon|85\/100 psn|[from] psn\n|upkeep\n|turn|11\n|\n|t:|1700040082\n|switch|p2a: Umbreon|Umbreon, F, shiny|100\/100\n|move|p1a: Gastrodon|Surf|p2a: Umbreon\n|-damage|p2a: Umbreon|82\/100\n|\n|-heal|p2a: Umbreon|88\/100|[from] item: Leftovers\n|-damage|p1a: Gastrodon|72\/100 psn|[from] psn\n|upkeep\n|turn|12\n|\n|t:|1700040088\n|switch|p1a: Weezing|Weezing-Galar, F|79\/100\n|move|p2a: Umbreon|Wish|p2a: Umbreon\n|\n|-heal|p2a: Umbreon|94\/100|[from] item: Leftovers\n|-heal|p1a: Weezing|85\/100|[from] item: Black Sludge\n|upkeep\n|turn|13\n|\n|t:|1700040095\n|switch|p2a: Espeon|Espeon, F|42\/100\n|move|p1a: Weezing|Dazzling Gleam|p2a: Espeon\n|-crit|p2a: Espeon\n|-damage|p2a: Espeon|7\/100\n|\n|-heal|p2a: Espeon|66\/100|[from] move: Wish|[wisher] Umbreon\n|-heal|p2a: Espeon|72\/100|[from] item: Leftovers\n|-heal|p1a: Weezing|91\/100|[from] item: Black Sludge\n|upkeep\n|turn|14\n|\n|t:|1700040110\n|move|p2a: Espeon|Psyshock|p1a: Weezing\n|-supereffective|p1a: Weezing\n|-damage|p1a: Weezing|44\/100\n|move|p1a: Weezing|Dazzling Gleam|p2a: Espeon\n|-damage|p2a: Espeon|48\/100\n|\n|-heal|p2a: Espeon|54\/100|[from] item: Leftovers\n|-heal|p1a: Weezing|50\/100|[from] item: Black Sludge\n|upkeep\n|turn|15\n|\n|t:|1700040129\n|switch|p2a: Garganacl|Garganacl, F, shiny|86\/100\n|switch|p1a: Gastrodon|Gastrodon, F|72\/100 psn\n|\n|-heal|p2a: Garganacl|93\/100|[from] item: Leftovers\n|-damage|p1a: Gastrodon|60\/100 psn|[from] psn\n|upkeep\n|turn|16\n|\n|t:|1700040137\n|-terastallize|p2a: Garganacl|Ghost\n|move|p1a: Gastrodon|Earth Power|p2a: Garganacl\n|-damage|p2a: Garganacl|75\/100\n|-unboost|p2a: Garganacl|spd|1\n|move|p2a: Garganacl|Iron Defense|p2a: Garganacl\n|-boost|p2a: Garganacl|def|2\n|\n|-heal|p2a: Garganacl|81\/100|[from] item: Leftovers\n|-damage|p1a: Gastrodon|47\/100 psn|[from] psn\n|upkeep\n|turn|17\n|\n|t:|1700040143\n|move|p1a: Gastrodon|Earth Power|p2a: Garganacl\n|-damage|p2a: Garganacl|53\/100\n|move|p2a: Garganacl|Salt Cure|p1a: Gastrodon\n|-resisted|p1a: Gastrodon\n|-damage|p1a: Gastrodon|40\/100 psn\n|-start|p1a: Gastrodon|Salt Cure\n|\n|-heal|p2a: Garganacl|59\/100|[from] item: Leftovers\n|-damage|p1a: Gastrodon|28\/100 psn|[from] psn\n|-damage|p1a: Gastrodon|3\/100 psn|[from] Salt Cure\n|upkeep\n|turn|18\n|\n|t:|1700040146\n|move|p1a: Gastrodon|Earth Power|p2a: Garganacl\n|-damage|p2a: Garganacl|29\/100\n|move|p2a: Garganacl|Recover|p2a: Garganacl\n|-heal|p2a: Garganacl|79\/100\n|\n|-heal|p2a: Garganacl|85\/100|[from] item: Leftovers\n|-damage|p1a: Gastrodon|0 fnt|[from] psn\n|faint|p1a: Gastrodon\n|upkeep\n|\n|t:|1700040157\n|switch|p1a: Gengar|Gengar, F|100\/100\n|turn|19\n|\n|t:|1700040165\n|switch|p2a: Espeon|Espeon, F|54\/100\n|move|p1a: Gengar|Trick|p2a: Espeon\n|-activate|p1a: Gengar|move: Trick|[of] p2a: Espeon\n|-item|p2a: Espeon|Choice Scarf|[from] move: Trick\n|-item|p1a: Gengar|Leftovers|[from] move: Trick\n|\n|upkeep\n|turn|20\n|\n|t:|1700040178\n|switch|p2a: Garganacl|Garganacl, F, shiny, tera:Ghost|85\/100\n|switch|p1a: Iron Treads|Iron Treads|100\/100\n|\n|-heal|p2a: Garganacl|91\/100|[from] item: Leftovers\n|upkeep\n|turn|21\n|\n|t:|1700040187\n|switch|p2a: Espeon|Espeon, F|54\/100\n|move|p1a: Iron Treads|Stealth Rock|p2a: Espeon\n|move|p2a: Espeon|Stealth Rock|p1a: Iron Treads|[from]ability: Magic Bounce\n|-sidestart|p1: NatanMarchais|move: Stealth Rock\n|\n|upkeep\n|turn|22\n|\n|t:|1700040202\n|switch|p2a: Umbreon|Umbreon, F, shiny|94\/100\n|move|p1a: Iron Treads|Earthquake|p2a: Umbreon\n|-damage|p2a: Umbreon|68\/100\n|\n|-heal|p2a: Umbreon|74\/100|[from] item: Leftovers\n|upkeep\n|turn|23\n|\n|t:|1700040223\n|move|p1a: Iron Treads|Rapid Spin|p2a: Umbreon\n|-damage|p2a: Umbreon|63\/100\n|-boost|p1a: Iron Treads|spe|1\n|-sideend|p1: NatanMarchais|Stealth Rock|[from] move: Rapid Spin|[of] p1a: Iron Treads\n|move|p2a: Umbreon|Wish|p2a: Umbreon\n|\n|-heal|p2a: Umbreon|70\/100|[from] item: Leftovers\n|upkeep\n|turn|24\n|\n|t:|1700040244\n|switch|p2a: Rotom|Rotom-Wash|19\/100\n|move|p1a: Iron Treads|Earthquake|p2a: Rotom\n|-immune|p2a: Rotom|[from] ability: Levitate\n|\n|-heal|p2a: Rotom|83\/100|[from] move: Wish|[wisher] Umbreon\n|upkeep\n|turn|25\n|\n|t:|1700040253\n|-end|p1a: Iron Treads|Quark Drive|[silent]\n|switch|p1a: Gengar|Gengar, F|100\/100\n|move|p2a: Rotom|Hydro Pump|p1a: Gengar\n|-crit|p1a: Gengar\n|-damage|p1a: Gengar|0 fnt\n|faint|p1a: Gengar\n|\n|upkeep\n|inactive|NatanMarchais has 120 seconds left.\n|\n|t:|1700040273\n|switch|p1a: Weavile|Weavile, F|100\/100\n|turn|26\n|c|\u2606liaoya|haha\n|inactive|NatanMarchais has 120 seconds left.\n|\n|t:|1700040289\n|switch|p2a: Glimmora|Glimmora, F|23\/100\n|move|p1a: Weavile|Swords Dance|p1a: Weavile\n|-boost|p1a: Weavile|atk|2\n|\n|upkeep\n|turn|27\n|inactive|NatanMarchais has 120 seconds left.\n|\n|t:|1700040302\n|move|p1a: Weavile|Icicle Spear|p2a: Glimmora\n|-damage|p2a: Glimmora|5\/100\n|-activate|p2a: Glimmora|ability: Toxic Debris\n|-sidestart|p1: NatanMarchais|move: Toxic Spikes\n|-damage|p2a: Glimmora|0 fnt\n|-activate|p2a: Glimmora|ability: Toxic Debris\n|-sidestart|p1: NatanMarchais|move: Toxic Spikes\n|faint|p2a: Glimmora\n|-hitcount|p2: Glimmora|2\n|\n|upkeep\n|\n|t:|1700040316\n|switch|p2a: Drifblim|Drifblim, F|100\/100\n|turn|28\n|\n|t:|1700040325\n|move|p2a: Drifblim|Destiny Bond|p2a: Drifblim\n|-singlemove|p2a: Drifblim|Destiny Bond\n|move|p1a: Weavile|Icicle Spear|p2a: Drifblim\n|-supereffective|p2a: Drifblim\n|-damage|p2a: Drifblim|23\/100\n|-supereffective|p2a: Drifblim\n|-damage|p2a: Drifblim|0 fnt\n|faint|p2a: Drifblim\n|-activate|p2a: Drifblim|move: Destiny Bond\n|faint|p1a: Weavile\n|-hitcount|p2: Drifblim|2\n|\n|upkeep\n|\n|t:|1700040340\n|switch|p1a: Corviknight|Corviknight, M|100\/100\n|switch|p2a: Rotom|Rotom-Wash|83\/100\n|turn|29\n|\n|t:|1700040346\n|switch|p1a: Weezing|Weezing-Galar, F|50\/100\n|move|p2a: Rotom|Trick|p1a: Weezing\n|-activate|p2a: Rotom|move: Trick|[of] p1a: Weezing\n|-item|p1a: Weezing|Choice Specs|[from] move: Trick\n|-item|p2a: Rotom|Black Sludge|[from] move: Trick\n|\n|-damage|p2a: Rotom|71\/100|[from] item: Black Sludge\n|upkeep\n|turn|30\n|\n|t:|1700040355\n|move|p2a: Rotom|Hydro Pump|p1a: Weezing\n|-damage|p1a: Weezing|0 fnt\n|faint|p1a: Weezing\n|\n|-damage|p2a: Rotom|58\/100|[from] item: Black Sludge\n|upkeep\n|\n|t:|1700040368\n|switch|p1a: Iron Treads|Iron Treads|100\/100\n|turn|31\n|\n|t:|1700040372\n|move|p1a: Iron Treads|Stealth Rock|p2a: Rotom\n|-sidestart|p2: liaoya|move: Stealth Rock\n|move|p2a: Rotom|Hydro Pump|p1a: Iron Treads\n|-supereffective|p1a: Iron Treads\n|-damage|p1a: Iron Treads|0 fnt\n|faint|p1a: Iron Treads\n|-end|p1a: Iron Treads|Quark Drive|[silent]\n|\n|-damage|p2a: Rotom|46\/100|[from] item: Black Sludge\n|upkeep\n|\n|t:|1700040377\n|switch|p1a: Corviknight|Corviknight, M|100\/100\n|turn|32\n|\n|t:|1700040381\n|move|p2a: Rotom|Trick|p1a: Corviknight\n|-activate|p2a: Rotom|move: Trick|[of] p1a: Corviknight\n|-item|p1a: Corviknight|Black Sludge|[from] move: Trick\n|-item|p2a: Rotom|Leftovers|[from] move: Trick\n|move|p1a: Corviknight|Bulk Up|p1a: Corviknight\n|-boost|p1a: Corviknight|atk|1\n|-boost|p1a: Corviknight|def|1\n|\n|-heal|p2a: Rotom|52\/100|[from] item: Leftovers\n|-damage|p1a: Corviknight|88\/100|[from] item: Black Sludge\n|upkeep\n|turn|33\n|\n|t:|1700040393\n|move|p2a: Rotom|Volt Switch|p1a: Corviknight\n|-supereffective|p1a: Corviknight\n|-crit|p1a: Corviknight\n|-damage|p1a: Corviknight|22\/100\n|\n|t:|1700040396\n|switch|p2a: Garganacl|Garganacl, F, shiny, tera:Ghost|91\/100|[from] Volt Switch\n|-damage|p2a: Garganacl|79\/100|[from] Stealth Rock\n|move|p1a: Corviknight|Roost|p1a: Corviknight\n|-heal|p1a: Corviknight|72\/100\n|-singleturn|p1a: Corviknight|move: Roost\n|\n|-damage|p1a: Corviknight|59\/100|[from] item: Black Sludge\n|-heal|p2a: Garganacl|85\/100|[from] item: Leftovers\n|upkeep\n|turn|34\n|\n|t:|1700040405\n|-terastallize|p1a: Corviknight|Dragon\n|move|p1a: Corviknight|Bulk Up|p1a: Corviknight\n|-boost|p1a: Corviknight|atk|1\n|-boost|p1a: Corviknight|def|1\n|move|p2a: Garganacl|Iron Defense|p2a: Garganacl\n|-boost|p2a: Garganacl|def|2\n|\n|-damage|p1a: Corviknight|47\/100|[from] item: Black Sludge\n|-heal|p2a: Garganacl|91\/100|[from] item: Leftovers\n|upkeep\n|turn|35\n|\n|t:|1700040414\n|move|p1a: Corviknight|Roost|p1a: Corviknight\n|-heal|p1a: Corviknight|97\/100\n|move|p2a: Garganacl|Iron Defense|p2a: Garganacl\n|-boost|p2a: Garganacl|def|2\n|\n|-damage|p1a: Corviknight|84\/100|[from] item: Black Sludge\n|-heal|p2a: Garganacl|98\/100|[from] item: Leftovers\n|upkeep\n|turn|36\n|\n|t:|1700040417\n|move|p1a: Corviknight|Bulk Up|p1a: Corviknight\n|-boost|p1a: Corviknight|atk|1\n|-boost|p1a: Corviknight|def|1\n|move|p2a: Garganacl|Salt Cure|p1a: Corviknight\n|-damage|p1a: Corviknight|80\/100\n|-start|p1a: Corviknight|Salt Cure\n|\n|-damage|p1a: Corviknight|67\/100|[from] item: Black Sludge\n|-heal|p2a: Garganacl|100\/100|[from] item: Leftovers\n|-damage|p1a: Corviknight|55\/100|[from] Salt Cure\n|upkeep\n|turn|37\n|\n|t:|1700040426\n|move|p1a: Corviknight|Bulk Up|p1a: Corviknight\n|-boost|p1a: Corviknight|atk|1\n|-boost|p1a: Corviknight|def|1\n|move|p2a: Garganacl|Iron Defense|p2a: Garganacl\n|-boost|p2a: Garganacl|def|2\n|\n|-damage|p1a: Corviknight|42\/100|[from] item: Black Sludge\n|-damage|p1a: Corviknight|30\/100|[from] Salt Cure\n|upkeep\n|turn|38\n|\n|t:|1700040430\n|move|p1a: Corviknight|Roost|p1a: Corviknight\n|-heal|p1a: Corviknight|80\/100\n|move|p2a: Garganacl|Salt Cure|p1a: Corviknight\n|-damage|p1a: Corviknight|76\/100\n|\n|-damage|p1a: Corviknight|63\/100|[from] item: Black Sludge\n|-damage|p1a: Corviknight|51\/100|[from] Salt Cure\n|upkeep\n|turn|39\n|\n|t:|1700040436\n|move|p1a: Corviknight|Bulk Up|p1a: Corviknight\n|-boost|p1a: Corviknight|atk|1\n|-boost|p1a: Corviknight|def|1\n|move|p2a: Garganacl|Salt Cure|p1a: Corviknight\n|-damage|p1a: Corviknight|48\/100\n|\n|-damage|p1a: Corviknight|35\/100|[from] item: Black Sludge\n|-damage|p1a: Corviknight|23\/100|[from] Salt Cure\n|upkeep\n|turn|40\n|\n|t:|1700040441\n|move|p1a: Corviknight|Roost|p1a: Corviknight\n|-heal|p1a: Corviknight|73\/100\n|move|p2a: Garganacl|Salt Cure|p1a: Corviknight\n|-damage|p1a: Corviknight|69\/100\n|\n|-damage|p1a: Corviknight|57\/100|[from] item: Black Sludge\n|-damage|p1a: Corviknight|44\/100|[from] Salt Cure\n|upkeep\n|turn|41\n|\n|t:|1700040448\n|move|p1a: Corviknight|Power Trip|p2a: Garganacl\n|-supereffective|p2a: Garganacl\n|-damage|p2a: Garganacl|51\/100\n|move|p2a: Garganacl|Salt Cure|p1a: Corviknight\n|-damage|p1a: Corviknight|40\/100\n|\n|-damage|p1a: Corviknight|28\/100|[from] item: Black Sludge\n|-heal|p2a: Garganacl|57\/100|[from] item: Leftovers\n|-damage|p1a: Corviknight|15\/100|[from] Salt Cure\n|upkeep\n|turn|42\n|\n|t:|1700040452\n|move|p1a: Corviknight|Roost|p1a: Corviknight\n|-heal|p1a: Corviknight|65\/100\n|move|p2a: Garganacl|Recover|p2a: Garganacl\n|-heal|p2a: Garganacl|100\/100\n|\n|-damage|p1a: Corviknight|53\/100|[from] item: Black Sludge\n|-damage|p1a: Corviknight|40\/100|[from] Salt Cure\n|upkeep\n|turn|43\n|\n|t:|1700040457\n|move|p1a: Corviknight|Bulk Up|p1a: Corviknight\n|-boost|p1a: Corviknight|atk|1\n|-boost|p1a: Corviknight|def|1\n|move|p2a: Garganacl|Salt Cure|p1a: Corviknight\n|-damage|p1a: Corviknight|36\/100\n|\n|-damage|p1a: Corviknight|24\/100|[from] item: Black Sludge\n|-damage|p1a: Corviknight|11\/100|[from] Salt Cure\n|upkeep\n|turn|44\n|\n|t:|1700040463\n|move|p1a: Corviknight|Roost|p1a: Corviknight\n|-heal|p1a: Corviknight|61\/100\n|move|p2a: Garganacl|Recover||[still]\n|-fail|p2a: Garganacl|heal\n|\n|-damage|p1a: Corviknight|49\/100|[from] item: Black Sludge\n|-damage|p1a: Corviknight|36\/100|[from] Salt Cure\n|upkeep\n|turn|45\n|\n|t:|1700040467\n|move|p1a: Corviknight|Roost|p1a: Corviknight\n|-heal|p1a: Corviknight|86\/100\n|move|p2a: Garganacl|Salt Cure|p1a: Corviknight\n|-damage|p1a: Corviknight|83\/100\n|\n|-damage|p1a: Corviknight|71\/100|[from] item: Black Sludge\n|-damage|p1a: Corviknight|58\/100|[from] Salt Cure\n|upkeep\n|turn|46\n|\n|t:|1700040470\n|move|p1a: Corviknight|Power Trip|p2a: Garganacl\n|-supereffective|p2a: Garganacl\n|-damage|p2a: Garganacl|29\/100\n|move|p2a: Garganacl|Salt Cure|p1a: Corviknight\n|-crit|p1a: Corviknight\n|-damage|p1a: Corviknight|40\/100\n|\n|-damage|p1a: Corviknight|28\/100|[from] item: Black Sludge\n|-heal|p2a: Garganacl|35\/100|[from] item: Leftovers\n|-damage|p1a: Corviknight|15\/100|[from] Salt Cure\n|upkeep\n|turn|47\n|\n|t:|1700040476\n|move|p1a: Corviknight|Roost|p1a: Corviknight\n|-heal|p1a: Corviknight|65\/100\n|move|p2a: Garganacl|Recover|p2a: Garganacl\n|-heal|p2a: Garganacl|85\/100\n|\n|-damage|p1a: Corviknight|53\/100|[from] item: Black Sludge\n|-heal|p2a: Garganacl|91\/100|[from] item: Leftovers\n|-damage|p1a: Corviknight|40\/100|[from] Salt Cure\n|upkeep\n|turn|48\n|\n|t:|1700040479\n|move|p1a: Corviknight|Power Trip|p2a: Garganacl\n|-supereffective|p2a: Garganacl\n|-damage|p2a: Garganacl|16\/100\n|move|p2a: Garganacl|Body Press|p1a: Corviknight\n|-damage|p1a: Corviknight|22\/100\n|\n|-damage|p1a: Corviknight|10\/100|[from] item: Black Sludge\n|-heal|p2a: Garganacl|22\/100|[from] item: Leftovers\n|-damage|p1a: Corviknight|0 fnt|[from] Salt Cure\n|faint|p1a: Corviknight\n|\n|win|liaoya\n|upkeep\n|raw|NatanMarchais's rating: 1446 &rarr; <strong>1424<\/strong><br \/>(-22 for losing)\n|raw|liaoya's rating: 1408 &rarr; <strong>1430<\/strong><br \/>(+22 for winning)\n|l|\u2606NatanMarchais\n","uploadtime":1700040484,"views":9,"p1id":"natanmarchais","p2id":"liaoya","formatid":"gen9ou","rating":1424,"private":0,"password":""}