{"id":"gen9ou-1995037508","p1":"Gravebanes","p2":"nekochan99","format":"[Gen 9] OU","log":"|j|\u2606Gravebanes\n|j|\u2606nekochan99\n|t:|1700515854\n|gametype|singles\n|player|p1|Gravebanes|benga|1288\n|player|p2|nekochan99|hilbert|1241\n|teamsize|p1|6\n|teamsize|p2|6\n|gen|9\n|tier|[Gen 9] OU\n|rated|\n|rule|Sleep Clause Mod: Limit one foe put to sleep\n|rule|Species Clause: Limit one of each Pok\u00e9mon\n|rule|OHKO Clause: OHKO moves are banned\n|rule|Evasion Items Clause: Evasion items are banned\n|rule|Evasion Moves Clause: Evasion moves are banned\n|rule|Endless Battle Clause: Forcing endless battles is banned\n|rule|HP Percentage Mod: HP is shown in percentages\n|clearpoke\n|poke|p1|Landorus-Therian, M|\n|poke|p1|Gholdengo|\n|poke|p1|Iron Treads|\n|poke|p1|Ogerpon-Cornerstone, F|\n|poke|p1|Rillaboom, F|\n|poke|p1|Greninja-*, M|\n|poke|p2|Torkoal, F|\n|poke|p2|Walking Wake|\n|poke|p2|Ceruledge, M|\n|poke|p2|Zapdos|\n|poke|p2|Dragapult, F|\n|poke|p2|Landorus-Therian, M|\n|teampreview\n|inactive|Battle timer is ON: inactive players will automatically lose when time's up. (requested by Gravebanes)\n|\n|t:|1700515868\n|start\n|switch|p1a: Iron Treads|Iron Treads|100\/100\n|switch|p2a: Landorus|Landorus-Therian, M|100\/100\n|-ability|p2a: Landorus|Intimidate|boost\n|-unboost|p1a: Iron Treads|atk|1\n|-enditem|p1a: Iron Treads|Booster Energy\n|-activate|p1a: Iron Treads|ability: Quark Drive|[fromitem]\n|-start|p1a: Iron Treads|quarkdrivespe\n|turn|1\n|\n|t:|1700515875\n|move|p1a: Iron Treads|Knock Off|p2a: Landorus\n|-damage|p2a: Landorus|87\/100\n|-damage|p1a: Iron Treads|84\/100|[from] item: Rocky Helmet|[of] p2a: Landorus\n|-enditem|p2a: Landorus|Rocky Helmet|[from] move: Knock Off|[of] p1a: Iron Treads\n|move|p2a: Landorus|Earthquake|p1a: Iron Treads\n|-supereffective|p1a: Iron Treads\n|-crit|p1a: Iron Treads\n|-damage|p1a: Iron Treads|0 fnt\n|faint|p1a: Iron Treads\n|-end|p1a: Iron Treads|Quark Drive|[silent]\n|\n|upkeep\n|\n|t:|1700515883\n|switch|p1a: Greninja|Greninja, M|100\/100\n|turn|2\n|\n|t:|1700515892\n|switch|p2a: Torkoal|Torkoal, F|100\/100\n|-weather|SunnyDay|[from] ability: Drought|[of] p2a: Torkoal\n|move|p1a: Greninja|Water Shuriken|p2a: Torkoal\n|-supereffective|p2a: Torkoal\n|-damage|p2a: Torkoal|93\/100\n|-supereffective|p2a: Torkoal\n|-damage|p2a: Torkoal|85\/100\n|-supereffective|p2a: Torkoal\n|-damage|p2a: Torkoal|77\/100\n|-supereffective|p2a: Torkoal\n|-damage|p2a: Torkoal|69\/100\n|-hitcount|p2a: Torkoal|4\n|\n|-weather|SunnyDay|[upkeep]\n|upkeep\n|turn|3\n|\n|t:|1700515902\n|switch|p2a: Walking Wake|Walking Wake|100\/100\n|-activate|p2a: Walking Wake|ability: Protosynthesis\n|-start|p2a: Walking Wake|protosynthesisspe\n|move|p1a: Greninja|Taunt|p2a: Walking Wake\n|-start|p2a: Walking Wake|move: Taunt\n|\n|-weather|SunnyDay|[upkeep]\n|upkeep\n|turn|4\n|\n|t:|1700515909\n|move|p2a: Walking Wake|Hydro Steam|p1a: Greninja\n|-resisted|p1a: Greninja\n|-damage|p1a: Greninja|27\/100\n|move|p1a: Greninja|Dark Pulse|p2a: Walking Wake\n|-damage|p2a: Walking Wake|57\/100\n|\n|-weather|SunnyDay|[upkeep]\n|upkeep\n|turn|5\n|\n|t:|1700515932\n|move|p2a: Walking Wake|Hydro Steam|p1a: Greninja\n|-resisted|p1a: Greninja\n|-damage|p1a: Greninja|0 fnt\n|faint|p1a: Greninja\n|\n|-weather|SunnyDay|[upkeep]\n|-end|p2a: Walking Wake|move: Taunt\n|upkeep\n|\n|t:|1700515936\n|switch|p1a: Rillaboom|Rillaboom, F|100\/100\n|-fieldstart|move: Grassy Terrain|[from] ability: Grassy Surge|[of] p1a: Rillaboom\n|turn|6\n|\n|t:|1700515944\n|move|p1a: Rillaboom|Grassy Glide|p2a: Walking Wake\n|-damage|p2a: Walking Wake|2\/100\n|-damage|p1a: Rillaboom|91\/100|[from] item: Life Orb\n|move|p2a: Walking Wake|Hydro Steam|p1a: Rillaboom\n|-resisted|p1a: Rillaboom\n|-crit|p1a: Rillaboom\n|-damage|p1a: Rillaboom|0 fnt\n|faint|p1a: Rillaboom\n|\n|-weather|SunnyDay|[upkeep]\n|-heal|p2a: Walking Wake|8\/100|[from] Grassy Terrain\n|upkeep\n|\n|t:|1700515962\n|switch|p1a: Ogerpon|Ogerpon-Cornerstone, F|100\/100\n|turn|7\n|\n|t:|1700515968\n|move|p2a: Walking Wake|Hydro Steam|p1a: Ogerpon\n|-ability|p1a: Ogerpon|Sturdy\n|-damage|p1a: Ogerpon|1\/100\n|move|p1a: Ogerpon|Horn Leech|p2a: Walking Wake\n|-damage|p2a: Walking Wake|0 fnt\n|-heal|p1a: Ogerpon|5\/100|[from] drain|[of] p2a: Walking Wake\n|faint|p2a: Walking Wake\n|-end|p2a: Walking Wake|Protosynthesis|[silent]\n|\n|-weather|SunnyDay|[upkeep]\n|-heal|p1a: Ogerpon|11\/100|[from] Grassy Terrain\n|upkeep\n|\n|t:|1700515975\n|switch|p2a: Landorus|Landorus-Therian, M|87\/100\n|-ability|p2a: Landorus|Intimidate|boost\n|-unboost|p1a: Ogerpon|atk|1\n|turn|8\n|\n|t:|1700515981\n|move|p1a: Ogerpon|Horn Leech|p2a: Landorus\n|-damage|p2a: Landorus|60\/100\n|-heal|p1a: Ogerpon|28\/100|[from] drain|[of] p2a: Landorus\n|move|p2a: Landorus|U-turn|p1a: Ogerpon\n|-supereffective|p1a: Ogerpon\n|-damage|p1a: Ogerpon|0 fnt\n|faint|p1a: Ogerpon\n|\n|t:|1700515991\n|switch|p2a: Dragapult|Dragapult, F|100\/100|[from] U-turn\n|\n|-weather|SunnyDay|[upkeep]\n|upkeep\n|\n|t:|1700515999\n|switch|p1a: Gholdengo|Gholdengo|100\/100\n|-item|p1a: Gholdengo|Air Balloon\n|turn|9\n|\n|t:|1700516003\n|-terastallize|p1a: Gholdengo|Flying\n|move|p2a: Dragapult|Shadow Ball|p1a: Gholdengo\n|-damage|p1a: Gholdengo|45\/100\n|-unboost|p1a: Gholdengo|spd|1\n|-enditem|p1a: Gholdengo|Air Balloon\n|move|p1a: Gholdengo|Shadow Ball|p2a: Dragapult\n|-supereffective|p2a: Dragapult\n|-damage|p2a: Dragapult|0 fnt\n|faint|p2a: Dragapult\n|\n|-weather|none\n|upkeep\n|\n|t:|1700516010\n|switch|p2a: Torkoal|Torkoal, F|69\/100\n|-weather|SunnyDay|[from] ability: Drought|[of] p2a: Torkoal\n|turn|10\n|\n|t:|1700516021\n|move|p1a: Gholdengo|Recover|p1a: Gholdengo\n|-heal|p1a: Gholdengo|95\/100\n|move|p2a: Torkoal|Lava Plume|p1a: Gholdengo\n|-damage|p1a: Gholdengo|44\/100\n|-status|p1a: Gholdengo|brn\n|\n|-weather|SunnyDay|[upkeep]\n|-heal|p2a: Torkoal|75\/100|[from] Grassy Terrain\n|-damage|p1a: Gholdengo|38\/100 brn|[from] brn\n|-fieldend|move: Grassy Terrain\n|upkeep\n|turn|11\n|\n|t:|1700516029\n|switch|p2a: Zapdos|Zapdos|100\/100\n|move|p1a: Gholdengo|Shadow Ball|p2a: Zapdos\n|-damage|p2a: Zapdos|44\/100\n|\n|-weather|SunnyDay|[upkeep]\n|-damage|p1a: Gholdengo|32\/100 brn|[from] brn\n|upkeep\n|turn|12\n|\n|t:|1700516035\n|move|p2a: Zapdos|Thunderbolt|p1a: Gholdengo\n|-supereffective|p1a: Gholdengo\n|-damage|p1a: Gholdengo|0 fnt\n|faint|p1a: Gholdengo\n|\n|-weather|SunnyDay|[upkeep]\n|upkeep\n|\n|t:|1700516038\n|switch|p1a: Landorus|Landorus-Therian, M|100\/100\n|-ability|p1a: Landorus|Intimidate|boost\n|-unboost|p2a: Zapdos|atk|1\n|turn|13\n|\n|t:|1700516042\n|move|p2a: Zapdos|Roost|p2a: Zapdos\n|-heal|p2a: Zapdos|95\/100\n|-singleturn|p2a: Zapdos|move: Roost\n|move|p1a: Landorus|Stone Edge|p2a: Zapdos\n|-damage|p2a: Zapdos|25\/100\n|\n|-weather|SunnyDay|[upkeep]\n|upkeep\n|turn|14\n|-message|Gravebanes forfeited.\n|\n|win|nekochan99\n|raw|Gravebanes's rating: 1288 &rarr; <strong>1260<\/strong><br \/>(-28 for losing)\n|raw|nekochan99's rating: 1241 &rarr; <strong>1269<\/strong><br \/>(+28 for winning)\n|l|\u2606Gravebanes\n","uploadtime":1700516050,"views":5,"p1id":"gravebanes","p2id":"nekochan99","formatid":"gen9ou","rating":1260,"private":0,"password":""}