{"id":"gen9ou-1993133779","p1":"WooperLeTrooper","p2":"yhgtf","format":"[Gen 9] OU","log":"|j|\u2606WooperLeTrooper\n|j|\u2606yhgtf\n|inactive|Battle timer is ON: inactive players will automatically lose when time's up.\n|t:|1700268753\n|gametype|singles\n|player|p1|WooperLeTrooper|brendan|\n|player|p2|yhgtf|iris|\n|teamsize|p1|3\n|teamsize|p2|3\n|gen|9\n|tier|[Gen 9] OU\n|rated|Tournament battle\n|rule|Sleep Clause Mod: Limit one foe put to sleep\n|rule|Species Clause: Limit one of each Pok\u00e9mon\n|rule|OHKO Clause: OHKO moves are banned\n|rule|Evasion Items Clause: Evasion items are banned\n|rule|Evasion Moves Clause: Evasion moves are banned\n|rule|Endless Battle Clause: Forcing endless battles is banned\n|rule|HP Percentage Mod: HP is shown in percentages\n|clearpoke\n|poke|p1|Cloyster, F|\n|poke|p1|Crabominable, F|\n|poke|p1|Dragonair, F|\n|poke|p2|Hydreigon, F|\n|poke|p2|Noibat, M|\n|poke|p2|Ninetales-Alola, M|\n|teampreview\n|j|*Lady Monita \u2746\n|inactive|yhgtf also wants the timer to be on.\n|\n|t:|1700268769\n|start\n|switch|p1a: Pow pow|Cloyster, F|100\/100\n|switch|p2a: Noibat|Noibat, M|100\/100\n|-item|p1a: Pow pow|Focus Sash|[from] ability: Frisk|[of] p2a: Noibat|[identify]\n|turn|1\n|\n|t:|1700268775\n|move|p2a: Noibat|Switcheroo|p1a: Pow pow\n|-activate|p2a: Noibat|move: Trick|[of] p1a: Pow pow\n|-item|p1a: Pow pow|Choice Scarf|[from] move: Switcheroo\n|-item|p2a: Noibat|Focus Sash|[from] move: Switcheroo\n|move|p1a: Pow pow|Shell Smash|p1a: Pow pow\n|-unboost|p1a: Pow pow|def|1\n|-unboost|p1a: Pow pow|spd|1\n|-boost|p1a: Pow pow|atk|2\n|-boost|p1a: Pow pow|spa|2\n|-boost|p1a: Pow pow|spe|2\n|\n|upkeep\n|turn|2\n|\n|t:|1700268787\n|switch|p1a: Bop bop|Crabominable, F|100\/100\n|move|p2a: Noibat|Heat Wave|p1a: Bop bop\n|-supereffective|p1a: Bop bop\n|-damage|p1a: Bop bop|83\/100\n|-status|p1a: Bop bop|brn\n|\n|-damage|p1a: Bop bop|77\/100 brn|[from] brn\n|upkeep\n|turn|3\n|j| Yuri134\n|\n|t:|1700268796\n|move|p2a: Noibat|Heat Wave|p1a: Bop bop\n|-supereffective|p1a: Bop bop\n|-damage|p1a: Bop bop|60\/100 brn\n|move|p1a: Bop bop|Ice Hammer|p2a: Noibat\n|-supereffective|p2a: Noibat\n|-enditem|p2a: Noibat|Focus Sash\n|-damage|p2a: Noibat|1\/100\n|-unboost|p1a: Bop bop|spe|1\n|\n|-damage|p1a: Bop bop|54\/100 brn|[from] brn\n|upkeep\n|turn|4\n|\n|t:|1700268807\n|move|p2a: Noibat|Heat Wave|p1a: Bop bop|[miss]\n|-miss|p2a: Noibat|p1a: Bop bop\n|move|p1a: Bop bop|Drain Punch|p2a: Noibat\n|-resisted|p2a: Noibat\n|-damage|p2a: Noibat|0 fnt\n|-heal|p1a: Bop bop|54\/100 brn|[from] drain|[of] p2a: Noibat\n|faint|p2a: Noibat\n|\n|-damage|p1a: Bop bop|48\/100 brn|[from] brn\n|upkeep\n|\n|t:|1700268811\n|switch|p2a: Ninetales|Ninetales-Alola, M|100\/100\n|-weather|Snow|[from] ability: Snow Warning|[of] p2a: Ninetales\n|turn|5\n|\n|t:|1700268819\n|move|p2a: Ninetales|Aurora Veil|p2a: Ninetales\n|-sidestart|p2: yhgtf|move: Aurora Veil\n|move|p1a: Bop bop|Crabhammer|p2a: Ninetales\n|-damage|p2a: Ninetales|93\/100\n|\n|-weather|Snow|[upkeep]\n|-damage|p1a: Bop bop|42\/100 brn|[from] brn\n|upkeep\n|turn|6\n|\n|t:|1700268825\n|move|p2a: Ninetales|Moonblast|p1a: Bop bop\n|-supereffective|p1a: Bop bop\n|-damage|p1a: Bop bop|1\/100 brn\n|move|p1a: Bop bop|Drain Punch|p2a: Ninetales\n|-damage|p2a: Ninetales|83\/100\n|-heal|p1a: Bop bop|6\/100 brn|[from] drain|[of] p2a: Ninetales\n|\n|-weather|Snow|[upkeep]\n|-damage|p1a: Bop bop|0 fnt|[from] brn\n|faint|p1a: Bop bop\n|upkeep\n|\n|t:|1700268831\n|switch|p1a: Pow pow|Cloyster, F|100\/100\n|turn|7\n|\n|t:|1700268847\n|move|p1a: Pow pow|Rock Blast|p2a: Ninetales\n|-supereffective|p2a: Ninetales\n|-damage|p2a: Ninetales|77\/100\n|-supereffective|p2a: Ninetales\n|-damage|p2a: Ninetales|70\/100\n|-supereffective|p2a: Ninetales\n|-damage|p2a: Ninetales|64\/100\n|-supereffective|p2a: Ninetales\n|-damage|p2a: Ninetales|58\/100\n|-supereffective|p2a: Ninetales\n|-damage|p2a: Ninetales|52\/100\n|-hitcount|p2a: Ninetales|5\n|move|p2a: Ninetales|Moonblast|p1a: Pow pow\n|-damage|p1a: Pow pow|31\/100\n|\n|-weather|Snow|[upkeep]\n|upkeep\n|turn|8\n|\n|t:|1700268855\n|move|p1a: Pow pow|Rock Blast|p2a: Ninetales\n|-supereffective|p2a: Ninetales\n|-damage|p2a: Ninetales|45\/100\n|-supereffective|p2a: Ninetales\n|-damage|p2a: Ninetales|39\/100\n|-supereffective|p2a: Ninetales\n|-crit|p2a: Ninetales\n|-damage|p2a: Ninetales|20\/100\n|-supereffective|p2a: Ninetales\n|-damage|p2a: Ninetales|13\/100\n|-supereffective|p2a: Ninetales\n|-damage|p2a: Ninetales|7\/100\n|-hitcount|p2a: Ninetales|5\n|move|p2a: Ninetales|Moonblast|p1a: Pow pow\n|-damage|p1a: Pow pow|0 fnt\n|faint|p1a: Pow pow\n|\n|-weather|Snow|[upkeep]\n|upkeep\n|\n|t:|1700268868\n|switch|p1a: Pew pew|Dragonair, F|100\/100\n|turn|9\n|\n|t:|1700268879\n|-terastallize|p1a: Pew pew|Normal\n|move|p2a: Ninetales|Moonblast|p1a: Pew pew\n|-damage|p1a: Pew pew|67\/100\n|move|p1a: Pew pew|Dragon Dance|p1a: Pew pew\n|-boost|p1a: Pew pew|atk|1\n|-boost|p1a: Pew pew|spe|1\n|\n|-weather|none\n|upkeep\n|turn|10\n|\n|t:|1700268891\n|move|p1a: Pew pew|Dragon Dance|p1a: Pew pew\n|-boost|p1a: Pew pew|atk|1\n|-boost|p1a: Pew pew|spe|1\n|move|p2a: Ninetales|Encore|p1a: Pew pew\n|-start|p1a: Pew pew|Encore\n|\n|upkeep\n|turn|11\n|\n|t:|1700268897\n|switch|p2a: Hydreigon|Hydreigon, F|100\/100\n|move|p1a: Pew pew|Dragon Dance|p1a: Pew pew\n|-boost|p1a: Pew pew|atk|1\n|-boost|p1a: Pew pew|spe|1\n|\n|upkeep\n|turn|12\n|\n|t:|1700268901\n|move|p1a: Pew pew|Dragon Dance|p1a: Pew pew\n|-boost|p1a: Pew pew|atk|1\n|-boost|p1a: Pew pew|spe|1\n|move|p2a: Hydreigon|Substitute|p2a: Hydreigon\n|-start|p2a: Hydreigon|Substitute\n|-damage|p2a: Hydreigon|76\/100\n|\n|-heal|p2a: Hydreigon|82\/100|[from] item: Leftovers\n|-sideend|p2: yhgtf|move: Aurora Veil\n|upkeep\n|turn|13\n|\n|t:|1700268919\n|move|p1a: Pew pew|Dragon Dance|p1a: Pew pew\n|-boost|p1a: Pew pew|atk|1\n|-boost|p1a: Pew pew|spe|1\n|move|p2a: Hydreigon|Nasty Plot|p2a: Hydreigon\n|-boost|p2a: Hydreigon|spa|2\n|\n|-heal|p2a: Hydreigon|88\/100|[from] item: Leftovers\n|-end|p1a: Pew pew|Encore\n|upkeep\n|turn|14\n|\n|t:|1700268925\n|move|p1a: Pew pew|Scale Shot|p2a: Hydreigon|[miss]\n|-miss|p1a: Pew pew|p2a: Hydreigon\n|move|p2a: Hydreigon|Dark Pulse|p1a: Pew pew\n|-damage|p1a: Pew pew|0 fnt\n|faint|p1a: Pew pew\n|\n|win|yhgtf\n|n|\u2606WooperLeTrooper|wooperletrooper\n|n|\u2606yhgtf|yhgtf\n|n|*Lady Monita \u2746|ladymonita\n|n| Yuri134|yuri134\n","uploadtime":1700268925,"views":16,"p1id":"wooperletrooper","p2id":"yhgtf","formatid":"gen9ou","rating":0,"private":0,"password":""}