{"id":"gen9ou-1988375057","p1":"AkiDes","p2":"swagmoneyballin","format":"[Gen 9] OU","log":"|j|\u2606AkiDes\n|j|\u2606swagmoneyballin\n|t:|1699715713\n|gametype|singles\n|player|p1|AkiDes|volkner|1050\n|player|p2|swagmoneyballin|lance|1075\n|teamsize|p1|6\n|teamsize|p2|6\n|gen|9\n|tier|[Gen 9] OU\n|rated|\n|rule|Sleep Clause Mod: Limit one foe put to sleep\n|rule|Species Clause: Limit one of each Pok\u00e9mon\n|rule|OHKO Clause: OHKO moves are banned\n|rule|Evasion Items Clause: Evasion items are banned\n|rule|Evasion Moves Clause: Evasion moves are banned\n|rule|Endless Battle Clause: Forcing endless battles is banned\n|rule|HP Percentage Mod: HP is shown in percentages\n|clearpoke\n|poke|p1|Gliscor, M|\n|poke|p1|Greninja-*, M|\n|poke|p1|Dragonite, M|\n|poke|p1|Cinderace, M|\n|poke|p1|Mandibuzz, F|\n|poke|p1|Jolteon, F|\n|poke|p2|Tyranitar, M|\n|poke|p2|Hippowdon, F|\n|poke|p2|Arcanine-Hisui, F|\n|poke|p2|Gastrodon, F|\n|poke|p2|Ogerpon-Cornerstone, F|\n|poke|p2|Landorus-Therian, M|\n|teampreview\n|\n|t:|1699715722\n|start\n|switch|p1a: Jolteon|Jolteon, F|100\/100\n|switch|p2a: Tyranitar|Tyranitar, M|100\/100\n|-weather|Sandstorm|[from] ability: Sand Stream|[of] p2a: Tyranitar\n|turn|1\n|\n|t:|1699715730\n|move|p1a: Jolteon|Volt Switch|p2a: Tyranitar\n|-damage|p2a: Tyranitar|76\/100\n|\n|t:|1699715734\n|switch|p1a: Gliscor|Gliscor, M|100\/100|[from] Volt Switch\n|move|p2a: Tyranitar|Curse|p2a: Tyranitar\n|-unboost|p2a: Tyranitar|spe|1\n|-boost|p2a: Tyranitar|atk|1\n|-boost|p2a: Tyranitar|def|1\n|\n|-weather|Sandstorm|[upkeep]\n|-status|p1a: Gliscor|tox|[from] item: Toxic Orb\n|upkeep\n|turn|2\n|\n|t:|1699715742\n|move|p1a: Gliscor|Stealth Rock|p2a: Tyranitar\n|-sidestart|p2: swagmoneyballin|move: Stealth Rock\n|move|p2a: Tyranitar|Curse|p2a: Tyranitar\n|-unboost|p2a: Tyranitar|spe|1\n|-boost|p2a: Tyranitar|atk|1\n|-boost|p2a: Tyranitar|def|1\n|\n|-weather|Sandstorm|[upkeep]\n|upkeep\n|turn|3\n|\n|t:|1699715751\n|move|p1a: Gliscor|Earthquake|p2a: Tyranitar\n|-supereffective|p2a: Tyranitar\n|-damage|p2a: Tyranitar|49\/100\n|move|p2a: Tyranitar|Crunch|p1a: Gliscor\n|-damage|p1a: Gliscor|25\/100 tox\n|\n|-weather|Sandstorm|[upkeep]\n|-heal|p1a: Gliscor|37\/100 tox|[from] ability: Poison Heal\n|upkeep\n|turn|4\n|\n|t:|1699715762\n|move|p1a: Gliscor|Protect|p1a: Gliscor\n|-singleturn|p1a: Gliscor|Protect\n|move|p2a: Tyranitar|Crunch|p1a: Gliscor\n|-activate|p1a: Gliscor|move: Protect\n|\n|-weather|Sandstorm|[upkeep]\n|-heal|p1a: Gliscor|50\/100 tox|[from] ability: Poison Heal\n|upkeep\n|turn|5\n|\n|t:|1699715781\n|move|p1a: Gliscor|Earthquake|p2a: Tyranitar\n|-supereffective|p2a: Tyranitar\n|-damage|p2a: Tyranitar|18\/100\n|move|p2a: Tyranitar|Crunch|p1a: Gliscor\n|-damage|p1a: Gliscor|0 fnt\n|faint|p1a: Gliscor\n|\n|-weather|Sandstorm|[upkeep]\n|upkeep\n|\n|t:|1699715787\n|switch|p1a: Greninja|Greninja, M, shiny|100\/100\n|turn|6\n|inactive|Battle timer is ON: inactive players will automatically lose when time's up. (requested by AkiDes)\n|\n|t:|1699715822\n|switch|p2a: Ogerpon|Ogerpon-Cornerstone, F|100\/100\n|-damage|p2a: Ogerpon|88\/100|[from] Stealth Rock\n|move|p1a: Greninja|Grass Knot|p2a: Ogerpon\n|-start|p1a: Greninja|typechange|Grass|[from] ability: Protean\n|-damage|p2a: Ogerpon|67\/100\n|\n|-weather|Sandstorm|[upkeep]\n|-damage|p1a: Greninja|95\/100|[from] Sandstorm\n|upkeep\n|turn|7\n|\n|t:|1699715835\n|switch|p1a: Mandibuzz|Mandibuzz, F|100\/100\n|move|p2a: Ogerpon|Swords Dance|p2a: Ogerpon\n|-boost|p2a: Ogerpon|atk|2\n|\n|-weather|Sandstorm|[upkeep]\n|upkeep\n|turn|8\n|\n|t:|1699715842\n|move|p2a: Ogerpon|Ivy Cudgel|p1a: Mandibuzz\n|-supereffective|p1a: Mandibuzz\n|-damage|p1a: Mandibuzz|0 fnt\n|faint|p1a: Mandibuzz\n|\n|-weather|none\n|upkeep\n|\n|t:|1699715848\n|switch|p1a: Cinderace|Cinderace, M|100\/100\n|turn|9\n|\n|t:|1699715875\n|-terastallize|p2a: Ogerpon|Rock\n|detailschange|p2a: Ogerpon|Ogerpon-Cornerstone-Tera, F, tera:Rock\n|-ability|p2a: Ogerpon|Embody Aspect (Cornerstone)|boost\n|-boost|p2a: Ogerpon|def|1\n|move|p1a: Cinderace|High Jump Kick|p2a: Ogerpon\n|-start|p1a: Cinderace|typechange|Fighting|[from] ability: Libero\n|-supereffective|p2a: Ogerpon\n|-damage|p2a: Ogerpon|0 fnt\n|faint|p2a: Ogerpon\n|\n|upkeep\n|inactive|swagmoneyballin has 120 seconds left.\n|\n|t:|1699715892\n|switch|p2a: Tyranitar|Tyranitar, M|18\/100\n|-damage|p2a: Tyranitar|6\/100|[from] Stealth Rock\n|-weather|Sandstorm|[from] ability: Sand Stream|[of] p2a: Tyranitar\n|turn|10\n|inactive|swagmoneyballin has 120 seconds left.\n|\n|t:|1699715902\n|switch|p2a: Landorus|Landorus-Therian, M|100\/100\n|-damage|p2a: Landorus|88\/100|[from] Stealth Rock\n|-ability|p2a: Landorus|Intimidate|boost\n|-unboost|p1a: Cinderace|atk|1\n|move|p1a: Cinderace|U-turn|p2a: Landorus\n|-resisted|p2a: Landorus\n|-damage|p2a: Landorus|80\/100\n|\n|t:|1699715917\n|switch|p1a: Jolteon|Jolteon, F|100\/100|[from] U-turn\n|\n|-weather|Sandstorm|[upkeep]\n|-damage|p1a: Jolteon|95\/100|[from] Sandstorm\n|-heal|p2a: Landorus|86\/100|[from] item: Leftovers\n|upkeep\n|turn|11\n|inactive|swagmoneyballin has 120 seconds left.\n|\n|t:|1699715942\n|-terastallize|p1a: Jolteon|Ice\n|move|p1a: Jolteon|Tera Blast|p2a: Landorus|[anim] Tera Blast Ice\n|-supereffective|p2a: Landorus\n|-damage|p2a: Landorus|0 fnt\n|faint|p2a: Landorus\n|\n|-weather|Sandstorm|[upkeep]\n|-damage|p1a: Jolteon|89\/100|[from] Sandstorm\n|upkeep\n|\n|t:|1699715949\n|switch|p2a: Arcanine|Arcanine-Hisui, F|100\/100\n|-damage|p2a: Arcanine|76\/100|[from] Stealth Rock\n|turn|12\n|\n|t:|1699715957\n|switch|p1a: Dragonite|Dragonite, M|100\/100\n|move|p2a: Arcanine|Flare Blitz|p1a: Dragonite\n|-resisted|p1a: Dragonite\n|-damage|p1a: Dragonite|86\/100\n|\n|-weather|Sandstorm|[upkeep]\n|-damage|p1a: Dragonite|79\/100|[from] Sandstorm\n|-heal|p2a: Arcanine|82\/100|[from] item: Leftovers\n|upkeep\n|turn|13\n|\n|t:|1699715965\n|move|p2a: Arcanine|Head Smash|p1a: Dragonite|[miss]\n|-miss|p2a: Arcanine|p1a: Dragonite\n|move|p1a: Dragonite|Earthquake|p2a: Arcanine\n|-supereffective|p2a: Arcanine\n|-damage|p2a: Arcanine|0 fnt\n|faint|p2a: Arcanine\n|\n|-weather|Sandstorm|[upkeep]\n|-damage|p1a: Dragonite|73\/100|[from] Sandstorm\n|upkeep\n|\n|t:|1699715974\n|switch|p2a: Gastrodon|Gastrodon, F|100\/100\n|-damage|p2a: Gastrodon|94\/100|[from] Stealth Rock\n|turn|14\n|\n|t:|1699715977\n|move|p1a: Dragonite|Dragon Dance|p1a: Dragonite\n|-boost|p1a: Dragonite|atk|1\n|-boost|p1a: Dragonite|spe|1\n|move|p2a: Gastrodon|Ice Beam|p1a: Dragonite\n|-supereffective|p1a: Dragonite\n|-damage|p1a: Dragonite|0 fnt\n|faint|p1a: Dragonite\n|\n|-weather|Sandstorm|[upkeep]\n|-heal|p2a: Gastrodon|100\/100|[from] item: Leftovers\n|upkeep\n|\n|t:|1699715985\n|switch|p1a: Greninja|Greninja, M, shiny|95\/100\n|turn|15\n|\n|t:|1699716001\n|move|p1a: Greninja|Grass Knot|p2a: Gastrodon\n|-start|p1a: Greninja|typechange|Grass|[from] ability: Protean\n|-supereffective|p2a: Gastrodon\n|-damage|p2a: Gastrodon|5\/100\n|move|p2a: Gastrodon|Acid Armor|p2a: Gastrodon\n|-boost|p2a: Gastrodon|def|2\n|\n|-weather|Sandstorm|[upkeep]\n|-damage|p1a: Greninja|89\/100|[from] Sandstorm\n|-heal|p2a: Gastrodon|12\/100|[from] item: Leftovers\n|upkeep\n|turn|16\n|\n|t:|1699716012\n|move|p1a: Greninja|Grass Knot|p2a: Gastrodon\n|-supereffective|p2a: Gastrodon\n|-damage|p2a: Gastrodon|0 fnt\n|faint|p2a: Gastrodon\n|\n|-weather|Sandstorm|[upkeep]\n|-damage|p1a: Greninja|83\/100|[from] Sandstorm\n|upkeep\n|\n|t:|1699716027\n|switch|p2a: Hippowdon|Hippowdon, F|100\/100\n|-damage|p2a: Hippowdon|94\/100|[from] Stealth Rock\n|turn|17\n|\n|t:|1699716031\n|move|p1a: Greninja|Grass Knot|p2a: Hippowdon\n|-supereffective|p2a: Hippowdon\n|-damage|p2a: Hippowdon|0 fnt\n|faint|p2a: Hippowdon\n|\n|-weather|none\n|upkeep\n|-message|swagmoneyballin forfeited.\n|\n|win|AkiDes\n|raw|AkiDes's rating: 1050 &rarr; <strong>1085<\/strong><br \/>(+35 for winning)\n|raw|swagmoneyballin's rating: 1075 &rarr; <strong>1052<\/strong><br \/>(-23 for losing)\n|l|\u2606swagmoneyballin\n","uploadtime":1699716039,"views":17,"p1id":"akides","p2id":"swagmoneyballin","formatid":"gen9ou","rating":1052,"private":0,"password":""}