{"id":"gen9ou-1994003171","p1":"Horai Hakkei","p2":"acidosis","format":"[Gen 9] OU","log":"|j|\u2606Horai Hakkei\n|j|\u2606acidosis\n|t:|1700391672\n|gametype|singles\n|player|p1|Horai Hakkei|1|1429\n|player|p2|acidosis|265|1542\n|teamsize|p1|6\n|teamsize|p2|6\n|gen|9\n|tier|[Gen 9] OU\n|rated|\n|rule|Sleep Clause Mod: Limit one foe put to sleep\n|rule|Species Clause: Limit one of each Pok\u00e9mon\n|rule|OHKO Clause: OHKO moves are banned\n|rule|Evasion Items Clause: Evasion items are banned\n|rule|Evasion Moves Clause: Evasion moves are banned\n|rule|Endless Battle Clause: Forcing endless battles is banned\n|rule|HP Percentage Mod: HP is shown in percentages\n|clearpoke\n|poke|p1|Iron Valiant|\n|poke|p1|Rillaboom, M|\n|poke|p1|Heatran, M|\n|poke|p1|Arcanine-Hisui, M|\n|poke|p1|Dragapult, M|\n|poke|p1|Weezing-Galar, F|\n|poke|p2|Torterra, M|\n|poke|p2|Ninetales-Alola, M|\n|poke|p2|Uxie|\n|poke|p2|Haxorus, M|\n|poke|p2|Quaquaval, M|\n|poke|p2|Ceruledge, F|\n|teampreview\n|inactive|Battle timer is ON: inactive players will automatically lose when time's up. (requested by Horai Hakkei)\n|\n|t:|1700391686\n|start\n|switch|p1a: Boro Breath|Heatran, M|100\/100\n|switch|p2a: Ninetales|Ninetales-Alola, M, shiny|100\/100\n|-weather|Snow|[from] ability: Snow Warning|[of] p2a: Ninetales\n|turn|1\n|\n|t:|1700391689\n|move|p2a: Ninetales|Aurora Veil|p2a: Ninetales\n|-sidestart|p2: acidosis|move: Aurora Veil\n|move|p1a: Boro Breath|Magma Storm|p2a: Ninetales|[miss]\n|-miss|p1a: Boro Breath|p2a: Ninetales\n|\n|-weather|Snow|[upkeep]\n|upkeep\n|turn|2\n|\n|t:|1700391696\n|switch|p2a: Haxorus|Haxorus, M, shiny|100\/100\n|-ability|p2a: Haxorus|Mold Breaker\n|move|p1a: Boro Breath|Stealth Rock|p2a: Haxorus\n|-sidestart|p2: acidosis|move: Stealth Rock\n|\n|-weather|Snow|[upkeep]\n|upkeep\n|turn|3\n|\n|t:|1700391701\n|switch|p1a: Shuron Hakkei|Weezing-Galar, F|100\/100\n|-ability|p1a: Shuron Hakkei|Neutralizing Gas\n|-item|p1a: Shuron Hakkei|Air Balloon\n|move|p2a: Haxorus|Swords Dance|p2a: Haxorus\n|-boost|p2a: Haxorus|atk|2\n|\n|-weather|Snow|[upkeep]\n|upkeep\n|turn|4\n|\n|t:|1700391716\n|switch|p2a: Quaquaval|Quaquaval, M|100\/100\n|-damage|p2a: Quaquaval|94\/100|[from] Stealth Rock\n|move|p1a: Shuron Hakkei|Will-O-Wisp|p2a: Quaquaval\n|-status|p2a: Quaquaval|brn\n|\n|-weather|Snow|[upkeep]\n|-damage|p2a: Quaquaval|88\/100 brn|[from] brn\n|upkeep\n|turn|5\n|\n|t:|1700391724\n|-end|p1a: Shuron Hakkei|ability: Neutralizing Gas\n|switch|p1a: Gundari Ryuseigun|Dragapult, M|100\/100\n|move|p2a: Quaquaval|Rapid Spin|p1a: Gundari Ryuseigun\n|-immune|p1a: Gundari Ryuseigun\n|\n|-weather|none\n|-damage|p2a: Quaquaval|82\/100 brn|[from] brn\n|upkeep\n|turn|6\n|\n|t:|1700391739\n|switch|p1a: Ragnaraku|Rillaboom, M|100\/100\n|-fieldstart|move: Grassy Terrain|[from] ability: Grassy Surge|[of] p1a: Ragnaraku\n|move|p2a: Quaquaval|Knock Off|p1a: Ragnaraku\n|-damage|p1a: Ragnaraku|84\/100\n|-enditem|p1a: Ragnaraku|Life Orb|[from] move: Knock Off|[of] p2a: Quaquaval\n|\n|-heal|p1a: Ragnaraku|91\/100|[from] Grassy Terrain\n|-heal|p2a: Quaquaval|88\/100 brn|[from] Grassy Terrain\n|-damage|p2a: Quaquaval|82\/100 brn|[from] brn\n|upkeep\n|turn|7\n|\n|t:|1700391746\n|move|p1a: Ragnaraku|Swords Dance|p1a: Ragnaraku\n|-boost|p1a: Ragnaraku|atk|2\n|move|p2a: Quaquaval|Rapid Spin|p1a: Ragnaraku\n|-damage|p1a: Ragnaraku|82\/100\n|-boost|p2a: Quaquaval|spe|1\n|-sideend|p2: acidosis|Stealth Rock|[from] move: Rapid Spin|[of] p2a: Quaquaval\n|\n|-heal|p2a: Quaquaval|88\/100 brn|[from] Grassy Terrain\n|-heal|p1a: Ragnaraku|88\/100|[from] Grassy Terrain\n|-damage|p2a: Quaquaval|82\/100 brn|[from] brn\n|upkeep\n|turn|8\n|\n|t:|1700391752\n|move|p1a: Ragnaraku|Grassy Glide|p2a: Quaquaval\n|-supereffective|p2a: Quaquaval\n|-damage|p2a: Quaquaval|0 fnt\n|faint|p2a: Quaquaval\n|\n|-heal|p1a: Ragnaraku|95\/100|[from] Grassy Terrain\n|-sideend|p2: acidosis|move: Aurora Veil\n|upkeep\n|\n|t:|1700391756\n|switch|p2a: Ceruledge|Ceruledge, F|100\/100\n|turn|9\n|\n|t:|1700391760\n|move|p2a: Ceruledge|Bitter Blade|p1a: Ragnaraku\n|-supereffective|p1a: Ragnaraku\n|-damage|p1a: Ragnaraku|0 fnt\n|faint|p1a: Ragnaraku\n|\n|upkeep\n|\n|t:|1700391765\n|switch|p1a: Horai Hakkei|Arcanine-Hisui, M|100\/100\n|turn|10\n|\n|t:|1700391772\n|move|p1a: Horai Hakkei|Head Smash|p2a: Ceruledge\n|-supereffective|p2a: Ceruledge\n|-enditem|p2a: Ceruledge|Focus Sash\n|-damage|p2a: Ceruledge|1\/100\n|-ability|p2a: Ceruledge|Weak Armor|boost\n|-unboost|p2a: Ceruledge|def|1\n|-boost|p2a: Ceruledge|spe|2\n|move|p2a: Ceruledge|Swords Dance|p2a: Ceruledge\n|-boost|p2a: Ceruledge|atk|2\n|\n|-heal|p2a: Ceruledge|7\/100|[from] Grassy Terrain\n|-fieldend|move: Grassy Terrain\n|upkeep\n|turn|11\n|\n|t:|1700391791\n|move|p2a: Ceruledge|Poltergeist|p1a: Horai Hakkei\n|-activate|p1a: Horai Hakkei|move: Poltergeist|Heavy-Duty Boots\n|-damage|p1a: Horai Hakkei|0 fnt\n|faint|p1a: Horai Hakkei\n|\n|upkeep\n|\n|t:|1700391802\n|switch|p1a: Raimei Hakkei|Iron Valiant|100\/100\n|-enditem|p1a: Raimei Hakkei|Booster Energy\n|-activate|p1a: Raimei Hakkei|ability: Quark Drive|[fromitem]\n|-start|p1a: Raimei Hakkei|quarkdrivespe\n|turn|12\n|\n|t:|1700391806\n|move|p2a: Ceruledge|Shadow Sneak|p1a: Raimei Hakkei\n|-damage|p1a: Raimei Hakkei|38\/100\n|move|p1a: Raimei Hakkei|Moonblast|p2a: Ceruledge\n|-resisted|p2a: Ceruledge\n|-damage|p2a: Ceruledge|0 fnt\n|faint|p2a: Ceruledge\n|\n|upkeep\n|\n|t:|1700391813\n|switch|p2a: Ninetales|Ninetales-Alola, M, shiny|100\/100\n|-weather|Snow|[from] ability: Snow Warning|[of] p2a: Ninetales\n|turn|13\n|\n|t:|1700391817\n|move|p1a: Raimei Hakkei|Moonblast|p2a: Ninetales\n|-damage|p2a: Ninetales|57\/100\n|move|p2a: Ninetales|Aurora Veil|p2a: Ninetales\n|-sidestart|p2: acidosis|move: Aurora Veil\n|\n|-weather|Snow|[upkeep]\n|upkeep\n|turn|14\n|\n|t:|1700391829\n|-end|p1a: Raimei Hakkei|Quark Drive|[silent]\n|switch|p1a: Boro Breath|Heatran, M|100\/100\n|move|p2a: Ninetales|Encore||[still]\n|-fail|p2a: Ninetales\n|\n|-weather|Snow|[upkeep]\n|upkeep\n|turn|15\n|\n|t:|1700391833\n|switch|p2a: Haxorus|Haxorus, M, shiny|100\/100\n|-ability|p2a: Haxorus|Mold Breaker\n|move|p1a: Boro Breath|Taunt|p2a: Haxorus\n|-start|p2a: Haxorus|move: Taunt\n|\n|-weather|Snow|[upkeep]\n|upkeep\n|turn|16\n|\n|t:|1700391836\n|switch|p1a: Shuron Hakkei|Weezing-Galar, F|100\/100\n|-ability|p1a: Shuron Hakkei|Neutralizing Gas\n|-item|p1a: Shuron Hakkei|Air Balloon\n|move|p2a: Haxorus|Close Combat|p1a: Shuron Hakkei\n|-resisted|p1a: Shuron Hakkei\n|-damage|p1a: Shuron Hakkei|91\/100\n|-unboost|p2a: Haxorus|def|1\n|-unboost|p2a: Haxorus|spd|1\n|-enditem|p1a: Shuron Hakkei|Air Balloon\n|\n|-weather|Snow|[upkeep]\n|upkeep\n|turn|17\n|\n|t:|1700391851\n|switch|p2a: Uxie|Uxie, shiny|100\/100\n|move|p1a: Shuron Hakkei|Will-O-Wisp|p2a: Uxie|[miss]\n|-miss|p1a: Shuron Hakkei|p2a: Uxie\n|\n|-weather|none\n|upkeep\n|turn|18\n|\n|t:|1700391856\n|-end|p1a: Shuron Hakkei|ability: Neutralizing Gas\n|switch|p1a: Boro Breath|Heatran, M|100\/100\n|move|p2a: Uxie|Nasty Plot|p2a: Uxie\n|-boost|p2a: Uxie|spa|2\n|\n|upkeep\n|turn|19\n|\n|t:|1700391862\n|move|p2a: Uxie|Nasty Plot|p2a: Uxie\n|-boost|p2a: Uxie|spa|2\n|move|p1a: Boro Breath|Taunt|p2a: Uxie\n|-start|p2a: Uxie|move: Taunt\n|-enditem|p2a: Uxie|Mental Herb\n|-end|p2a: Uxie|move: Taunt\n|\n|upkeep\n|turn|20\n|\n|t:|1700391868\n|move|p2a: Uxie|Nasty Plot|p2a: Uxie\n|-boost|p2a: Uxie|spa|2\n|move|p1a: Boro Breath|Magma Storm|p2a: Uxie\n|-damage|p2a: Uxie|85\/100\n|-activate|p2a: Uxie|move: Magma Storm|[of] p1a: Boro Breath\n|\n|-damage|p2a: Uxie|73\/100|[from] move: Magma Storm|[partiallytrapped]\n|-sideend|p2: acidosis|move: Aurora Veil\n|upkeep\n|turn|21\n|\n|t:|1700391874\n|move|p2a: Uxie|Shadow Ball|p1a: Boro Breath\n|-damage|p1a: Boro Breath|62\/100\n|move|p1a: Boro Breath|Earth Power|p2a: Uxie\n|-immune|p2a: Uxie|[from] ability: Levitate\n|\n|-heal|p1a: Boro Breath|68\/100|[from] item: Leftovers\n|-damage|p2a: Uxie|60\/100|[from] move: Magma Storm|[partiallytrapped]\n|upkeep\n|turn|22\n|\n|t:|1700391882\n|move|p2a: Uxie|Shadow Ball|p1a: Boro Breath\n|-damage|p1a: Boro Breath|26\/100\n|move|p1a: Boro Breath|Stealth Rock|p2a: Uxie\n|-sidestart|p2: acidosis|move: Stealth Rock\n|\n|-heal|p1a: Boro Breath|32\/100|[from] item: Leftovers\n|-damage|p2a: Uxie|48\/100|[from] move: Magma Storm|[partiallytrapped]\n|upkeep\n|turn|23\n|\n|t:|1700391885\n|move|p2a: Uxie|Shadow Ball|p1a: Boro Breath\n|-damage|p1a: Boro Breath|0 fnt\n|faint|p1a: Boro Breath\n|\n|-end|p2a: Uxie|Magma Storm|[partiallytrapped]|[silent]\n|upkeep\n|\n|t:|1700391887\n|switch|p1a: Gundari Ryuseigun|Dragapult, M|100\/100\n|turn|24\n|\n|t:|1700391891\n|-terastallize|p2a: Uxie|Fairy\n|move|p1a: Gundari Ryuseigun|Dragon Darts|p2a: Uxie\n|-immune|p2a: Uxie\n|move|p2a: Uxie|Draining Kiss|p1a: Gundari Ryuseigun\n|-supereffective|p1a: Gundari Ryuseigun\n|-damage|p1a: Gundari Ryuseigun|0 fnt\n|-heal|p2a: Uxie|100\/100|[from] drain|[of] p1a: Gundari Ryuseigun\n|faint|p1a: Gundari Ryuseigun\n|\n|upkeep\n|\n|t:|1700391900\n|switch|p1a: Shuron Hakkei|Weezing-Galar, F|91\/100\n|-ability|p1a: Shuron Hakkei|Neutralizing Gas\n|turn|25\n|\n|t:|1700391903\n|move|p2a: Uxie|Psychic|p1a: Shuron Hakkei\n|-supereffective|p1a: Shuron Hakkei\n|-crit|p1a: Shuron Hakkei\n|-damage|p1a: Shuron Hakkei|0 fnt\n|faint|p1a: Shuron Hakkei\n|-end|p1a: Shuron Hakkei|ability: Neutralizing Gas\n|\n|upkeep\n|-message|Horai Hakkei forfeited.\n|\n|win|acidosis\n|raw|Horai Hakkei's rating: 1429 &rarr; <strong>1415<\/strong><br \/>(-14 for losing)\n|raw|acidosis's rating: 1542 &rarr; <strong>1556<\/strong><br \/>(+14 for winning)\n","uploadtime":1700391948,"views":12,"p1id":"horaihakkei","p2id":"acidosis","formatid":"gen9ou","rating":1415,"private":0,"password":""}