{"id":"gen9ou-1993700276","p1":"YamiYami17","p2":"Shaheen85800","format":"[Gen 9] OU","log":"|j|\u2606YamiYami17\n|j|\u2606Shaheen85800\n|t:|1700347039\n|gametype|singles\n|player|p1|YamiYami17|102|1126\n|player|p2|Shaheen85800|workerice|1039\n|teamsize|p1|6\n|teamsize|p2|6\n|gen|9\n|tier|[Gen 9] OU\n|rated|\n|rule|Sleep Clause Mod: Limit one foe put to sleep\n|rule|Species Clause: Limit one of each Pok\u00e9mon\n|rule|OHKO Clause: OHKO moves are banned\n|rule|Evasion Items Clause: Evasion items are banned\n|rule|Evasion Moves Clause: Evasion moves are banned\n|rule|Endless Battle Clause: Forcing endless battles is banned\n|rule|HP Percentage Mod: HP is shown in percentages\n|clearpoke\n|poke|p1|Sinistcha-Masterpiece|\n|poke|p1|Arcanine-Hisui, F|\n|poke|p1|Rotom-Wash|\n|poke|p1|Zoroark-Hisui, M|\n|poke|p1|Quaquaval, F|\n|poke|p1|Glimmora, F|\n|poke|p2|Mimikyu, M|\n|poke|p2|Falinks|\n|poke|p2|Samurott-Hisui, M|\n|poke|p2|Zoroark-Hisui, M|\n|poke|p2|Lokix, M|\n|poke|p2|Dipplin, M|\n|teampreview\n|inactive|Battle timer is ON: inactive players will automatically lose when time's up. (requested by Shaheen85800)\n|\n|t:|1700347065\n|start\n|switch|p1a: Sinistcha|Sinistcha-Masterpiece|100\/100\n|switch|p2a: Yoshi|Samurott-Hisui, M, shiny|100\/100\n|turn|1\n|\n|t:|1700347074\n|switch|p2a: Iron Bug|Lokix, M, shiny|100\/100\n|move|p1a: Sinistcha|Matcha Gotcha|p2a: Iron Bug\n|-resisted|p2a: Iron Bug\n|-damage|p2a: Iron Bug|57\/100\n|\n|-heal|p2a: Iron Bug|63\/100|[from] item: Leftovers\n|upkeep\n|turn|2\n|\n|t:|1700347095\n|switch|p1a: Arcanine|Arcanine-Hisui, F|100\/100\n|-ability|p1a: Arcanine|Intimidate|boost\n|-unboost|p2a: Iron Bug|atk|1\n|move|p2a: Iron Bug|Swords Dance|p2a: Iron Bug\n|-boost|p2a: Iron Bug|atk|2\n|\n|-heal|p2a: Iron Bug|69\/100|[from] item: Leftovers\n|upkeep\n|turn|3\n|\n|t:|1700347107\n|move|p2a: Iron Bug|X-Scissor|p1a: Arcanine\n|-resisted|p1a: Arcanine\n|-damage|p1a: Arcanine|35\/100\n|move|p1a: Arcanine|Flare Blitz|p2a: Iron Bug\n|-supereffective|p2a: Iron Bug\n|-damage|p2a: Iron Bug|0 fnt\n|faint|p2a: Iron Bug\n|-damage|p1a: Arcanine|19\/100|[from] Recoil\n|\n|-heal|p1a: Arcanine|25\/100|[from] item: Leftovers\n|upkeep\n|\n|t:|1700347113\n|switch|p2a: Yoshi|Samurott-Hisui, M, shiny|100\/100\n|turn|4\n|\n|t:|1700347122\n|switch|p1a: Glimmora|Glimmora, F|100\/100\n|move|p2a: Yoshi|Swords Dance|p2a: Yoshi\n|-boost|p2a: Yoshi|atk|2\n|\n|upkeep\n|turn|5\n|\n|t:|1700347129\n|move|p2a: Yoshi|Aqua Cutter|p1a: Glimmora\n|-supereffective|p1a: Glimmora\n|-damage|p1a: Glimmora|0 fnt\n|-activate|p1a: Glimmora|ability: Toxic Debris\n|-sidestart|p2: Shaheen85800|move: Toxic Spikes\n|faint|p1a: Glimmora\n|\n|upkeep\n|\n|t:|1700347137\n|switch|p1a: Quaquaval|Quaquaval, F|100\/100\n|turn|6\n|\n|t:|1700347144\n|move|p1a: Quaquaval|Close Combat|p2a: Yoshi\n|-supereffective|p2a: Yoshi\n|-crit|p2a: Yoshi\n|-damage|p2a: Yoshi|0 fnt\n|-unboost|p1a: Quaquaval|def|1\n|-unboost|p1a: Quaquaval|spd|1\n|faint|p2a: Yoshi\n|-ability|p1a: Quaquaval|Moxie|boost\n|-boost|p1a: Quaquaval|atk|1\n|-damage|p1a: Quaquaval|91\/100|[from] item: Life Orb\n|\n|upkeep\n|\n|t:|1700347158\n|switch|p2a: Dracolombia|Dipplin, M, shiny|100\/100\n|-status|p2a: Dracolombia|psn\n|turn|7\n|\n|t:|1700347165\n|move|p1a: Quaquaval|Ice Spinner|p2a: Dracolombia\n|-supereffective|p2a: Dracolombia\n|-damage|p2a: Dracolombia|0 fnt\n|faint|p2a: Dracolombia\n|-ability|p1a: Quaquaval|Moxie|boost\n|-boost|p1a: Quaquaval|atk|1\n|-damage|p1a: Quaquaval|81\/100|[from] item: Life Orb\n|\n|upkeep\n|\n|t:|1700347169\n|switch|p2a: Familinks|Falinks, shiny|100\/100\n|-status|p2a: Familinks|psn\n|turn|8\n|\n|t:|1700347179\n|-terastallize|p1a: Quaquaval|Water\n|move|p2a: Familinks|Shadow Ball|p1a: Quaquaval\n|-damage|p1a: Quaquaval|0 fnt\n|faint|p1a: Quaquaval\n|\n|-damage|p2a: Familinks|88\/100 psn|[from] psn\n|upkeep\n|\n|t:|1700347195\n|switch|p1a: Arcanine|Arcanine-Hisui, F|100\/100\n|turn|9\n|\n|t:|1700347206\n|move|p1a: Arcanine|U-turn|p2a: Familinks\n|-resisted|p2a: Familinks\n|-damage|p2a: Familinks|74\/100 psn\n|replace|p2a: Surprise|Zoroark-Hisui, M, shiny\n|-end|p2a: Surprise|Illusion\n|\n|t:|1700347215\n|switch|p1a: Rotom|Rotom-Wash|100\/100|[from] U-turn\n|move|p2a: Surprise|Focus Blast|p1a: Rotom\n|-damage|p1a: Rotom|49\/100\n|\n|-heal|p2a: Surprise|80\/100 psn|[from] item: Leftovers\n|-heal|p1a: Rotom|55\/100|[from] item: Leftovers\n|-damage|p2a: Surprise|68\/100 psn|[from] psn\n|upkeep\n|turn|10\n|\n|t:|1700347225\n|move|p2a: Surprise|Focus Blast|p1a: Rotom\n|-damage|p1a: Rotom|9\/100\n|move|p1a: Rotom|Hydro Pump|p2a: Surprise\n|-damage|p2a: Surprise|0 fnt\n|faint|p2a: Surprise\n|\n|-heal|p1a: Rotom|15\/100|[from] item: Leftovers\n|upkeep\n|\n|t:|1700347229\n|switch|p2a: Mimikyu|Mimikyu, M|100\/100\n|-status|p2a: Mimikyu|psn\n|turn|11\n|\n|t:|1700347234\n|move|p2a: Mimikyu|Swords Dance|p2a: Mimikyu\n|-boost|p2a: Mimikyu|atk|2\n|move|p1a: Rotom|Volt Switch|p2a: Mimikyu\n|-activate|p2a: Mimikyu|ability: Disguise\n|-damage|p2a: Mimikyu|100\/100 psn\n|detailschange|p2a: Mimikyu|Mimikyu-Busted, M\n|-damage|p2a: Mimikyu|88\/100 psn|[from] pokemon: Mimikyu-Busted\n|\n|t:|1700347239\n|switch|p1a: Arcanine|Arcanine-Hisui, F|100\/100|[from] Volt Switch\n|\n|-heal|p2a: Mimikyu|94\/100 psn|[from] item: Leftovers\n|-damage|p2a: Mimikyu|82\/100 psn|[from] psn\n|upkeep\n|turn|12\n|\n|t:|1700347253\n|-terastallize|p2a: Mimikyu|Grass\n|move|p1a: Arcanine|Hex|p2a: Mimikyu\n|-damage|p2a: Mimikyu|0 fnt\n|faint|p2a: Mimikyu\n|\n|upkeep\n|\n|t:|1700347262\n|switch|p2a: Familinks|Falinks, shiny|100\/100\n|-status|p2a: Familinks|psn\n|turn|13\n|\n|t:|1700347267\n|move|p1a: Arcanine|Hex|p2a: Familinks\n|-damage|p2a: Familinks|0 fnt\n|faint|p2a: Familinks\n|\n|win|YamiYami17\n|raw|YamiYami17's rating: 1126 &rarr; <strong>1145<\/strong><br \/>(+19 for winning)\n|raw|Shaheen85800's rating: 1039 &rarr; <strong>1027<\/strong><br \/>(-12 for losing)\n|l|\u2606Shaheen85800\n","uploadtime":1700347281,"views":9,"p1id":"yamiyami17","p2id":"shaheen85800","formatid":"gen9ou","rating":1027,"private":0,"password":""}