{"id":"gen9ou-1989412697","p1":"Oshwottking","p2":"Manof10000switches","format":"[Gen 9] OU","log":"|j|\u2606Oshwottking\n|j|\u2606Manof10000switches\n|t:|1699846964\n|gametype|singles\n|player|p1|Oshwottking|silver|1126\n|player|p2|Manof10000switches|youngster-gen4dp|1152\n|teamsize|p1|6\n|teamsize|p2|6\n|gen|9\n|tier|[Gen 9] OU\n|rated|\n|rule|Sleep Clause Mod: Limit one foe put to sleep\n|rule|Species Clause: Limit one of each Pok\u00e9mon\n|rule|OHKO Clause: OHKO moves are banned\n|rule|Evasion Items Clause: Evasion items are banned\n|rule|Evasion Moves Clause: Evasion moves are banned\n|rule|Endless Battle Clause: Forcing endless battles is banned\n|rule|HP Percentage Mod: HP is shown in percentages\n|clearpoke\n|poke|p1|Ogerpon, F|\n|poke|p1|Blissey, F|\n|poke|p1|Corviknight, F|\n|poke|p1|Volcanion|\n|poke|p1|Great Tusk|\n|poke|p1|Goodra-Hisui, M|\n|poke|p2|Lokix, M|\n|poke|p2|Ogerpon-Wellspring, F|\n|poke|p2|Cinderace, F|\n|poke|p2|Whiscash, F|\n|poke|p2|Zapdos|\n|poke|p2|Shiftry, M|\n|teampreview\n|inactive|Battle timer is ON: inactive players will automatically lose when time's up. (requested by Oshwottking)\n|\n|t:|1699846977\n|start\n|switch|p1a: Goodra|Goodra-Hisui, M|100\/100\n|switch|p2a: Cinderace|Cinderace, F|100\/100\n|turn|1\n|\n|t:|1699846989\n|switch|p1a: Great Tusk|Great Tusk|100\/100\n|move|p2a: Cinderace|Pyro Ball|p1a: Great Tusk\n|-damage|p1a: Great Tusk|73\/100\n|\n|upkeep\n|turn|2\n|\n|t:|1699847002\n|move|p2a: Cinderace|Will-O-Wisp|p1a: Great Tusk\n|-status|p1a: Great Tusk|brn\n|move|p1a: Great Tusk|Knock Off|p2a: Cinderace\n|-damage|p2a: Cinderace|78\/100\n|-enditem|p2a: Cinderace|Heavy-Duty Boots|[from] move: Knock Off|[of] p1a: Great Tusk\n|\n|-damage|p1a: Great Tusk|66\/100 brn|[from] brn\n|upkeep\n|turn|3\n|\n|t:|1699847010\n|switch|p2a: Whiscash|Whiscash, F|100\/100\n|move|p1a: Great Tusk|Earthquake|p2a: Whiscash\n|-damage|p2a: Whiscash|79\/100\n|-enditem|p2a: Whiscash|Red Card|[of] p1a: Great Tusk\n|-end|p1a: Great Tusk|Protosynthesis|[silent]\n|drag|p1a: Corviknight|Corviknight, F|100\/100\n|-ability|p1a: Corviknight|Pressure\n|\n|upkeep\n|turn|4\n|\n|t:|1699847018\n|move|p1a: Corviknight|Brave Bird|p2a: Whiscash\n|-damage|p2a: Whiscash|39\/100\n|-damage|p1a: Corviknight|87\/100|[from] Recoil\n|move|p2a: Whiscash|Stealth Rock|p1a: Corviknight\n|-sidestart|p1: Oshwottking|move: Stealth Rock\n|\n|upkeep\n|turn|5\n|\n|t:|1699847023\n|move|p1a: Corviknight|Defog|p2a: Whiscash\n|-unboost|p2a: Whiscash|evasion|1\n|-sideend|p1: Oshwottking|Stealth Rock|[from] move: Defog|[of] p1a: Corviknight\n|move|p2a: Whiscash|Hydro Pump|p1a: Corviknight\n|-damage|p1a: Corviknight|44\/100\n|\n|upkeep\n|turn|6\n|\n|t:|1699847028\n|move|p1a: Corviknight|Roost|p1a: Corviknight\n|-heal|p1a: Corviknight|94\/100\n|-singleturn|p1a: Corviknight|move: Roost\n|move|p2a: Whiscash|Hydro Pump|p1a: Corviknight|[miss]\n|-miss|p2a: Whiscash|p1a: Corviknight\n|\n|upkeep\n|turn|7\n|\n|t:|1699847034\n|move|p1a: Corviknight|Brave Bird|p2a: Whiscash\n|-damage|p2a: Whiscash|4\/100\n|-damage|p1a: Corviknight|81\/100|[from] Recoil\n|move|p2a: Whiscash|Hydro Pump|p1a: Corviknight\n|-damage|p1a: Corviknight|41\/100\n|\n|upkeep\n|turn|8\n|\n|t:|1699847042\n|move|p1a: Corviknight|U-turn|p2a: Whiscash\n|-damage|p2a: Whiscash|0 fnt\n|faint|p2a: Whiscash\n|\n|t:|1699847052\n|switch|p1a: Volcanion|Volcanion|100\/100|[from] U-turn\n|\n|upkeep\n|\n|t:|1699847059\n|switch|p2a: Nefarious|Shiftry, M|100\/100\n|turn|9\n|\n|t:|1699847062\n|move|p1a: Volcanion|Fire Blast|p2a: Nefarious\n|-supereffective|p2a: Nefarious\n|-crit|p2a: Nefarious\n|-enditem|p2a: Nefarious|Focus Sash\n|-damage|p2a: Nefarious|1\/100\n|move|p2a: Nefarious|Tailwind|p2a: Nefarious\n|-sidestart|p2: Manof10000switches|move: Tailwind\n|-ability|p2a: Nefarious|Wind Rider|boost\n|-boost|p2a: Nefarious|atk|1\n|\n|upkeep\n|turn|10\n|\n|t:|1699847072\n|switch|p1a: Corviknight|Corviknight, F|41\/100\n|-ability|p1a: Corviknight|Pressure\n|move|p2a: Nefarious|Explosion|p1a: Corviknight\n|-resisted|p1a: Corviknight\n|-damage|p1a: Corviknight|7\/100\n|faint|p2a: Nefarious\n|\n|upkeep\n|\n|t:|1699847075\n|switch|p2a: Stormtrooper|Zapdos|100\/100\n|turn|11\n|\n|t:|1699847079\n|switch|p1a: Blissey|Blissey, F|100\/100\n|move|p2a: Stormtrooper|Heat Wave|p1a: Blissey\n|-damage|p1a: Blissey|88\/100\n|-status|p1a: Blissey|brn\n|\n|-damage|p1a: Blissey|82\/100 brn|[from] brn\n|upkeep\n|turn|12\n|\n|t:|1699847088\n|switch|p2a: Cinderace|Cinderace, F|78\/100\n|move|p1a: Blissey|Stealth Rock|p2a: Cinderace\n|-sidestart|p2: Manof10000switches|move: Stealth Rock\n|\n|-damage|p1a: Blissey|76\/100 brn|[from] brn\n|-sideend|p2: Manof10000switches|move: Tailwind\n|upkeep\n|turn|13\n|\n|t:|1699847091\n|move|p2a: Cinderace|Pyro Ball|p1a: Blissey\n|-damage|p1a: Blissey|26\/100 brn\n|move|p1a: Blissey|Thunder Wave|p2a: Cinderace\n|-status|p2a: Cinderace|par\n|\n|-damage|p1a: Blissey|20\/100 brn|[from] brn\n|upkeep\n|turn|14\n|\n|t:|1699847095\n|move|p2a: Cinderace|Pyro Ball|p1a: Blissey\n|-damage|p1a: Blissey|0 fnt\n|faint|p1a: Blissey\n|\n|upkeep\n|\n|t:|1699847098\n|switch|p1a: Volcanion|Volcanion|100\/100\n|turn|15\n|\n|t:|1699847106\n|move|p2a: Cinderace|Sucker Punch|p1a: Volcanion\n|-start|p2a: Cinderace|typechange|Dark|[from] ability: Libero\n|-damage|p1a: Volcanion|69\/100\n|move|p1a: Volcanion|Sludge Bomb|p2a: Cinderace\n|-damage|p2a: Cinderace|30\/100 par\n|\n|upkeep\n|turn|16\n|\n|t:|1699847114\n|cant|p2a: Cinderace|par\n|move|p1a: Volcanion|Sludge Bomb|p2a: Cinderace\n|-damage|p2a: Cinderace|0 fnt\n|faint|p2a: Cinderace\n|\n|upkeep\n|\n|t:|1699847118\n|switch|p2a: Stormtrooper|Zapdos|100\/100\n|-damage|p2a: Stormtrooper|76\/100|[from] Stealth Rock\n|turn|17\n|\n|t:|1699847121\n|switch|p1a: Goodra|Goodra-Hisui, M|100\/100\n|move|p2a: Stormtrooper|Thunder|p1a: Goodra\n|-resisted|p1a: Goodra\n|-damage|p1a: Goodra|87\/100\n|\n|upkeep\n|turn|18\n|\n|t:|1699847137\n|-terastallize|p2a: Stormtrooper|Flying\n|move|p2a: Stormtrooper|Hurricane|p1a: Goodra\n|-resisted|p1a: Goodra\n|-damage|p1a: Goodra|71\/100\n|move|p1a: Goodra|Ice Beam|p2a: Stormtrooper\n|-supereffective|p2a: Stormtrooper\n|-crit|p2a: Stormtrooper\n|-damage|p2a: Stormtrooper|0 fnt\n|faint|p2a: Stormtrooper\n|\n|upkeep\n|\n|t:|1699847145\n|switch|p2a: Gaming|Lokix, M|100\/100\n|-damage|p2a: Gaming|76\/100|[from] Stealth Rock\n|turn|19\n|\n|t:|1699847148\n|move|p2a: Gaming|Axe Kick|p1a: Goodra\n|-supereffective|p1a: Goodra\n|-damage|p1a: Goodra|0 fnt\n|faint|p1a: Goodra\n|-damage|p2a: Gaming|66\/100|[from] item: Life Orb\n|\n|upkeep\n|\n|t:|1699847154\n|switch|p1a: Ogerpon|Ogerpon, F|100\/100\n|turn|20\n|\n|t:|1699847160\n|switch|p2a: Ogerpon|Ogerpon-Wellspring, F|100\/100\n|-damage|p2a: Ogerpon|88\/100|[from] Stealth Rock\n|move|p1a: Ogerpon|U-turn|p2a: Ogerpon\n|-supereffective|p2a: Ogerpon\n|-damage|p2a: Ogerpon|0 fnt\n|faint|p2a: Ogerpon\n|\n|t:|1699847166\n|switch|p1a: Volcanion|Volcanion|69\/100|[from] U-turn\n|\n|upkeep\n|\n|t:|1699847168\n|switch|p2a: Gaming|Lokix, M|66\/100\n|-damage|p2a: Gaming|41\/100|[from] Stealth Rock\n|turn|21\n|\n|t:|1699847174\n|move|p1a: Volcanion|Sludge Bomb|p2a: Gaming\n|-damage|p2a: Gaming|0 fnt\n|faint|p2a: Gaming\n|\n|win|Oshwottking\n|raw|Oshwottking's rating: 1126 &rarr; <strong>1153<\/strong><br \/>(+27 for winning)\n|raw|Manof10000switches's rating: 1152 &rarr; <strong>1125<\/strong><br \/>(-27 for losing)\n","uploadtime":1699847179,"views":31,"p1id":"oshwottking","p2id":"manof10000switches","formatid":"gen9ou","rating":1125,"private":0,"password":""}