{"id":"gen9ou-1993645094","p1":"Sniverdrill","p2":"Slaaneshgirl","format":"[Gen 9] OU","log":"|j|\u2606Sniverdrill\n|j|\u2606Slaaneshgirl\n|t:|1700340992\n|gametype|singles\n|player|p1|Sniverdrill|miriam|1100\n|player|p2|Slaaneshgirl|beauty|1093\n|teamsize|p1|6\n|teamsize|p2|6\n|gen|9\n|tier|[Gen 9] OU\n|rated|\n|rule|Sleep Clause Mod: Limit one foe put to sleep\n|rule|Species Clause: Limit one of each Pok\u00e9mon\n|rule|OHKO Clause: OHKO moves are banned\n|rule|Evasion Items Clause: Evasion items are banned\n|rule|Evasion Moves Clause: Evasion moves are banned\n|rule|Endless Battle Clause: Forcing endless battles is banned\n|rule|HP Percentage Mod: HP is shown in percentages\n|clearpoke\n|poke|p1|Gholdengo|\n|poke|p1|Ogerpon-Wellspring, F|\n|poke|p1|Meowscarada, F|\n|poke|p1|Great Tusk|\n|poke|p1|Glimmora, M|\n|poke|p1|Tyranitar, F|\n|poke|p2|Samurott-Hisui, F|\n|poke|p2|Lucario, F|\n|poke|p2|Toxapex, F|\n|poke|p2|Garganacl, M|\n|poke|p2|Slowking-Galar, M|\n|poke|p2|Dragonite, M|\n|teampreview\n|inactive|Battle timer is ON: inactive players will automatically lose when time's up. (requested by Sniverdrill)\n|\n|t:|1700341010\n|start\n|switch|p1a: Meowscarada|Meowscarada, F, shiny|100\/100\n|switch|p2a: Garganacl|Garganacl, M|100\/100\n|turn|1\n|\n|t:|1700341017\n|-terastallize|p2a: Garganacl|Grass\n|move|p1a: Meowscarada|Flower Trick|p2a: Garganacl\n|-start|p1a: Meowscarada|typechange|Grass|[from] ability: Protean\n|-resisted|p2a: Garganacl\n|-crit|p2a: Garganacl\n|-damage|p2a: Garganacl|78\/100\n|move|p2a: Garganacl|Avalanche|p1a: Meowscarada\n|-supereffective|p1a: Meowscarada\n|-damage|p1a: Meowscarada|15\/100\n|\n|upkeep\n|turn|2\n|\n|t:|1700341033\n|switch|p1a: Glimmora|Glimmora, M|100\/100\n|move|p2a: Garganacl|Avalanche|p1a: Glimmora\n|-damage|p1a: Glimmora|84\/100\n|-activate|p1a: Glimmora|ability: Toxic Debris\n|-sidestart|p2: Slaaneshgirl|move: Toxic Spikes\n|\n|upkeep\n|turn|3\n|inactive|Slaaneshgirl has 120 seconds left.\n|inactive|Slaaneshgirl has 90 seconds left.\n|\n|t:|1700341122\n|move|p1a: Glimmora|Spikes|p2a: Garganacl\n|-sidestart|p2: Slaaneshgirl|Spikes\n|move|p2a: Garganacl|Salt Cure|p1a: Glimmora\n|-damage|p1a: Glimmora|67\/100\n|-start|p1a: Glimmora|Salt Cure\n|-activate|p1a: Glimmora|ability: Toxic Debris\n|-sidestart|p2: Slaaneshgirl|move: Toxic Spikes\n|\n|-damage|p1a: Glimmora|54\/100|[from] Salt Cure\n|upkeep\n|turn|4\n|\n|t:|1700341132\n|switch|p1a: Tyranitar|Tyranitar, F|100\/100\n|-weather|Sandstorm|[from] ability: Sand Stream|[of] p1a: Tyranitar\n|move|p2a: Garganacl|Stealth Rock|p1a: Tyranitar\n|-sidestart|p1: Sniverdrill|move: Stealth Rock\n|\n|-weather|Sandstorm|[upkeep]\n|-damage|p2a: Garganacl|72\/100|[from] Sandstorm\n|upkeep\n|turn|5\n|\n|t:|1700341141\n|move|p1a: Tyranitar|Fire Punch|p2a: Garganacl\n|-supereffective|p2a: Garganacl\n|-damage|p2a: Garganacl|44\/100\n|-damage|p1a: Tyranitar|84\/100|[from] item: Rocky Helmet|[of] p2a: Garganacl\n|move|p2a: Garganacl|Salt Cure|p1a: Tyranitar\n|-damage|p1a: Tyranitar|74\/100\n|-start|p1a: Tyranitar|Salt Cure\n|\n|-weather|Sandstorm|[upkeep]\n|-damage|p2a: Garganacl|38\/100|[from] Sandstorm\n|-heal|p1a: Tyranitar|80\/100|[from] item: Leftovers\n|-damage|p1a: Tyranitar|67\/100|[from] Salt Cure\n|upkeep\n|turn|6\n|\n|t:|1700341154\n|move|p1a: Tyranitar|Knock Off|p2a: Garganacl\n|-damage|p2a: Garganacl|10\/100\n|-damage|p1a: Tyranitar|50\/100|[from] item: Rocky Helmet|[of] p2a: Garganacl\n|-enditem|p2a: Garganacl|Rocky Helmet|[from] move: Knock Off|[of] p1a: Tyranitar\n|move|p2a: Garganacl|Recover|p2a: Garganacl\n|-heal|p2a: Garganacl|60\/100\n|\n|-weather|Sandstorm|[upkeep]\n|-damage|p2a: Garganacl|54\/100|[from] Sandstorm\n|-heal|p1a: Tyranitar|57\/100|[from] item: Leftovers\n|-damage|p1a: Tyranitar|44\/100|[from] Salt Cure\n|upkeep\n|turn|7\n|\n|t:|1700341171\n|switch|p1a: Glimmora|Glimmora, M|54\/100\n|-damage|p1a: Glimmora|42\/100|[from] Stealth Rock\n|switch|p2a: Toxapex|Toxapex, F|100\/100\n|-sideend|p2: Slaaneshgirl|move: Toxic Spikes|[of] p2a: Toxapex\n|-damage|p2a: Toxapex|88\/100|[from] Spikes\n|\n|-weather|Sandstorm|[upkeep]\n|-damage|p2a: Toxapex|82\/100|[from] Sandstorm\n|-heal|p2a: Toxapex|88\/100|[from] item: Leftovers\n|upkeep\n|turn|8\n|\n|t:|1700341188\n|switch|p2a: Slowking|Slowking-Galar, M|100\/100\n|-damage|p2a: Slowking|88\/100|[from] Spikes\n|move|p1a: Glimmora|Spikes|p2a: Slowking\n|-sidestart|p2: Slaaneshgirl|Spikes\n|\n|-weather|none\n|upkeep\n|turn|9\n|\n|t:|1700341196\n|move|p1a: Glimmora|Earth Power|p2a: Slowking\n|-supereffective|p2a: Slowking\n|-damage|p2a: Slowking|39\/100\n|-unboost|p2a: Slowking|spd|1\n|move|p2a: Slowking|Psyshock|p1a: Glimmora\n|-supereffective|p1a: Glimmora\n|-damage|p1a: Glimmora|0 fnt\n|faint|p1a: Glimmora\n|-damage|p2a: Slowking|29\/100|[from] item: Life Orb\n|\n|upkeep\n|\n|t:|1700341212\n|switch|p1a: Great Tusk|Great Tusk|100\/100\n|turn|10\n|\n|t:|1700341218\n|switch|p2a: Toxapex|Toxapex, F|100\/100\n|-damage|p2a: Toxapex|84\/100|[from] Spikes\n|move|p1a: Great Tusk|Rapid Spin|p2a: Toxapex\n|-damage|p2a: Toxapex|73\/100\n|-boost|p1a: Great Tusk|spe|1\n|-sideend|p1: Sniverdrill|Stealth Rock|[from] move: Rapid Spin|[of] p1a: Great Tusk\n|\n|-heal|p2a: Toxapex|79\/100|[from] item: Leftovers\n|upkeep\n|turn|11\n|inactive|Slaaneshgirl has 90 seconds left.\n|\n|t:|1700341228\n|move|p1a: Great Tusk|Stealth Rock|p2a: Toxapex\n|-sidestart|p2: Slaaneshgirl|move: Stealth Rock\n|move|p2a: Toxapex|Toxic|p1a: Great Tusk\n|-status|p1a: Great Tusk|tox\n|\n|-heal|p2a: Toxapex|86\/100|[from] item: Leftovers\n|-damage|p1a: Great Tusk|94\/100 tox|[from] psn\n|upkeep\n|turn|12\n|\n|t:|1700341237\n|-end|p1a: Great Tusk|Protosynthesis|[silent]\n|switch|p1a: Ogerpon|Ogerpon-Wellspring, F|100\/100\n|move|p2a: Toxapex|Lunge|p1a: Ogerpon\n|-supereffective|p1a: Ogerpon\n|-damage|p1a: Ogerpon|73\/100\n|-unboost|p1a: Ogerpon|atk|1\n|\n|-heal|p2a: Toxapex|92\/100|[from] item: Leftovers\n|upkeep\n|turn|13\n|\n|t:|1700341247\n|move|p1a: Ogerpon|Taunt|p2a: Toxapex\n|-start|p2a: Toxapex|move: Taunt\n|cant|p2a: Toxapex|move: Taunt|Toxic\n|\n|-heal|p2a: Toxapex|98\/100|[from] item: Leftovers\n|upkeep\n|turn|14\n|\n|t:|1700341255\n|move|p1a: Ogerpon|Swords Dance|p1a: Ogerpon\n|-boost|p1a: Ogerpon|atk|2\n|move|p2a: Toxapex|Lunge|p1a: Ogerpon\n|-supereffective|p1a: Ogerpon\n|-damage|p1a: Ogerpon|45\/100\n|-unboost|p1a: Ogerpon|atk|1\n|\n|-heal|p2a: Toxapex|100\/100|[from] item: Leftovers\n|upkeep\n|turn|15\n|\n|t:|1700341265\n|move|p1a: Ogerpon|Horn Leech|p2a: Toxapex\n|-damage|p2a: Toxapex|77\/100\n|-heal|p1a: Ogerpon|57\/100|[from] drain|[of] p2a: Toxapex\n|move|p2a: Toxapex|Lunge|p1a: Ogerpon\n|-supereffective|p1a: Ogerpon\n|-damage|p1a: Ogerpon|27\/100\n|-unboost|p1a: Ogerpon|atk|1\n|\n|-heal|p2a: Toxapex|83\/100|[from] item: Leftovers\n|-end|p2a: Toxapex|move: Taunt\n|upkeep\n|turn|16\n|\n|t:|1700341282\n|switch|p1a: Gholdengo|Gholdengo|100\/100\n|-item|p1a: Gholdengo|Air Balloon\n|move|p2a: Toxapex|Lunge|p1a: Gholdengo\n|-resisted|p1a: Gholdengo\n|-damage|p1a: Gholdengo|98\/100\n|-unboost|p1a: Gholdengo|atk|1\n|-enditem|p1a: Gholdengo|Air Balloon\n|\n|-heal|p2a: Toxapex|89\/100|[from] item: Leftovers\n|upkeep\n|turn|17\n|\n|t:|1700341294\n|move|p1a: Gholdengo|Nasty Plot|p1a: Gholdengo\n|-boost|p1a: Gholdengo|spa|2\n|move|p2a: Toxapex|Recover|p2a: Toxapex\n|-heal|p2a: Toxapex|100\/100\n|\n|upkeep\n|turn|18\n|\n|t:|1700341301\n|move|p1a: Gholdengo|Psychic|p2a: Toxapex\n|-supereffective|p2a: Toxapex\n|-damage|p2a: Toxapex|0 fnt\n|faint|p2a: Toxapex\n|\n|upkeep\n|inactive|Slaaneshgirl has 120 seconds left.\n|\n|t:|1700341309\n|switch|p2a: Samurott|Samurott-Hisui, F|100\/100\n|-damage|p2a: Samurott|84\/100|[from] Spikes\n|-damage|p2a: Samurott|72\/100|[from] Stealth Rock\n|turn|19\n|\n|t:|1700341316\n|-terastallize|p1a: Gholdengo|Flying\n|move|p2a: Samurott|Ceaseless Edge|p1a: Gholdengo\n|-damage|p1a: Gholdengo|59\/100\n|-sidestart|p1: Sniverdrill|Spikes\n|move|p1a: Gholdengo|Dazzling Gleam|p2a: Samurott\n|-supereffective|p2a: Samurott\n|-damage|p2a: Samurott|0 fnt\n|faint|p2a: Samurott\n|\n|upkeep\n|\n|t:|1700341329\n|switch|p2a: Dragonite|Dragonite, M|100\/100\n|turn|20\n|\n|t:|1700341342\n|move|p2a: Dragonite|Iron Head|p1a: Gholdengo\n|-damage|p1a: Gholdengo|33\/100\n|move|p1a: Gholdengo|Dazzling Gleam|p2a: Dragonite\n|-supereffective|p2a: Dragonite\n|-damage|p2a: Dragonite|32\/100\n|\n|upkeep\n|turn|21\n|\n|t:|1700341352\n|switch|p1a: Great Tusk|Great Tusk|94\/100 tox\n|move|p2a: Dragonite|Extreme Speed|p1a: Great Tusk\n|-damage|p1a: Great Tusk|73\/100 tox\n|\n|-damage|p1a: Great Tusk|67\/100 tox|[from] psn\n|upkeep\n|turn|22\n|\n|t:|1700341360\n|move|p1a: Great Tusk|Ice Spinner|p2a: Dragonite\n|-supereffective|p2a: Dragonite\n|-crit|p2a: Dragonite\n|-damage|p2a: Dragonite|0 fnt\n|faint|p2a: Dragonite\n|\n|-damage|p1a: Great Tusk|54\/100 tox|[from] psn\n|upkeep\n|\n|t:|1700341371\n|switch|p2a: Slowking|Slowking-Galar, M|62\/100\n|-damage|p2a: Slowking|46\/100|[from] Spikes\n|-damage|p2a: Slowking|33\/100|[from] Stealth Rock\n|turn|23\n|\n|t:|1700341377\n|move|p1a: Great Tusk|Earthquake|p2a: Slowking\n|-supereffective|p2a: Slowking\n|-damage|p2a: Slowking|0 fnt\n|faint|p2a: Slowking\n|\n|-damage|p1a: Great Tusk|36\/100 tox|[from] psn\n|upkeep\n|\n|t:|1700341383\n|switch|p2a: Garganacl|Garganacl, M, tera:Grass|54\/100\n|-damage|p2a: Garganacl|37\/100|[from] Spikes\n|-damage|p2a: Garganacl|25\/100|[from] Stealth Rock\n|turn|24\n|\n|t:|1700341389\n|move|p1a: Great Tusk|Ice Spinner|p2a: Garganacl\n|-supereffective|p2a: Garganacl\n|-damage|p2a: Garganacl|0 fnt\n|faint|p2a: Garganacl\n|\n|-damage|p1a: Great Tusk|11\/100 tox|[from] psn\n|upkeep\n|-message|Slaaneshgirl forfeited.\n|\n|win|Sniverdrill\n|raw|Sniverdrill's rating: 1100 &rarr; <strong>1124<\/strong><br \/>(+24 for winning)\n|raw|Slaaneshgirl's rating: 1093 &rarr; <strong>1070<\/strong><br \/>(-23 for losing)\n|l|\u2606Slaaneshgirl\n|c|\u2606Sniverdrill|Gg\n","uploadtime":1700341406,"views":8,"p1id":"sniverdrill","p2id":"slaaneshgirl","formatid":"gen9ou","rating":1070,"private":0,"password":""}