{"id":"gen9ou-1991889534","p1":"Ashh UK","p2":"liaoya","format":"[Gen 9] OU","log":"|j|\u2606Ashh UK\n|j|\u2606liaoya\n|t:|1700134147\n|gametype|singles\n|player|p1|Ashh UK|265|1478\n|player|p2|liaoya|petrel|1515\n|teamsize|p1|6\n|teamsize|p2|6\n|gen|9\n|tier|[Gen 9] OU\n|rated|\n|rule|Sleep Clause Mod: Limit one foe put to sleep\n|rule|Species Clause: Limit one of each Pok\u00e9mon\n|rule|OHKO Clause: OHKO moves are banned\n|rule|Evasion Items Clause: Evasion items are banned\n|rule|Evasion Moves Clause: Evasion moves are banned\n|rule|Endless Battle Clause: Forcing endless battles is banned\n|rule|HP Percentage Mod: HP is shown in percentages\n|clearpoke\n|poke|p1|Rillaboom, M|\n|poke|p1|Sneasler, F|\n|poke|p1|Heatran, F|\n|poke|p1|Ogerpon-Wellspring, F|\n|poke|p1|Great Tusk|\n|poke|p1|Zapdos|\n|poke|p2|Drifblim, F|\n|poke|p2|Garganacl, M|\n|poke|p2|Umbreon, F|\n|poke|p2|Rotom-Wash|\n|poke|p2|Glimmora, M|\n|poke|p2|Espeon, F|\n|teampreview\n|inactive|Battle timer is ON: inactive players will automatically lose when time's up. (requested by liaoya)\n|inactive|Ashh UK has 120 seconds left.\n|\n|t:|1700134197\n|start\n|switch|p1a: Starr|Zapdos|100\/100\n|switch|p2a: Rotom|Rotom-Wash|100\/100\n|turn|1\n|\n|t:|1700134207\n|move|p1a: Starr|Volt Switch|p2a: Rotom\n|-damage|p2a: Rotom|62\/100\n|inactive|Ashh UK has 120 seconds left.\n|c|\u2606liaoya|I am loyal to Yuri\n|\n|t:|1700134263\n|switch|p1a: Aku Aku|Ogerpon-Wellspring, F|100\/100|[from] Volt Switch\n|move|p2a: Rotom|Trick||[still]\n|-fail|p2a: Rotom\n|\n|upkeep\n|turn|2\n|\n|t:|1700134272\n|switch|p2a: Umbreon|Umbreon, F, shiny|100\/100\n|move|p1a: Aku Aku|Horn Leech|p2a: Umbreon\n|-damage|p2a: Umbreon|70\/100\n|\n|-heal|p2a: Umbreon|76\/100|[from] item: Leftovers\n|upkeep\n|turn|3\n|\n|t:|1700134279\n|move|p1a: Aku Aku|Spikes|p2a: Umbreon\n|-sidestart|p2: liaoya|Spikes\n|move|p2a: Umbreon|Foul Play|p1a: Aku Aku\n|-damage|p1a: Aku Aku|34\/100\n|\n|-heal|p2a: Umbreon|82\/100|[from] item: Leftovers\n|upkeep\n|turn|4\n|\n|t:|1700134283\n|move|p1a: Aku Aku|Horn Leech|p2a: Umbreon\n|-damage|p2a: Umbreon|54\/100\n|-heal|p1a: Aku Aku|52\/100|[from] drain|[of] p2a: Umbreon\n|move|p2a: Umbreon|Foul Play|p1a: Aku Aku\n|-damage|p1a: Aku Aku|0 fnt\n|faint|p1a: Aku Aku\n|\n|-heal|p2a: Umbreon|60\/100|[from] item: Leftovers\n|upkeep\n|\n|t:|1700134289\n|switch|p1a: Manny|Great Tusk|100\/100\n|turn|5\n|\n|t:|1700134300\n|move|p2a: Umbreon|Protect|p2a: Umbreon\n|-singleturn|p2a: Umbreon|Protect\n|move|p1a: Manny|Close Combat|p2a: Umbreon\n|-activate|p2a: Umbreon|move: Protect\n|\n|-heal|p2a: Umbreon|66\/100|[from] item: Leftovers\n|upkeep\n|turn|6\n|inactive|Ashh UK has 120 seconds left.\n|\n|t:|1700134323\n|switch|p2a: Drifblim|Drifblim, F|100\/100\n|move|p1a: Manny|Taunt|p2a: Drifblim\n|-start|p2a: Drifblim|move: Taunt\n|\n|upkeep\n|turn|7\n|inactive|Ashh UK has 120 seconds left.\n|inactive|Ashh UK has 90 seconds left.\n|\n|t:|1700134369\n|switch|p2a: Espeon|Espeon, F|100\/100\n|-damage|p2a: Espeon|88\/100|[from] Spikes\n|-end|p1a: Manny|Protosynthesis|[silent]\n|switch|p1a: Starr|Zapdos|100\/100\n|\n|upkeep\n|turn|8\n|inactive|liaoya has 120 seconds left.\n|\n|t:|1700134396\n|move|p1a: Starr|Thunderbolt|p2a: Espeon\n|-damage|p2a: Espeon|47\/100\n|move|p2a: Espeon|Dazzling Gleam|p1a: Starr\n|-damage|p1a: Starr|75\/100\n|\n|upkeep\n|turn|9\n|inactive|liaoya has 120 seconds left.\n|inactive|Ashh UK has 90 seconds left.\n|\n|t:|1700134445\n|switch|p2a: Glimmora|Glimmora, M|100\/100\n|-damage|p2a: Glimmora|88\/100|[from] Spikes\n|move|p1a: Starr|Thunderbolt|p2a: Glimmora\n|-damage|p2a: Glimmora|40\/100\n|-status|p2a: Glimmora|par\n|\n|upkeep\n|turn|10\n|\n|t:|1700134451\n|move|p1a: Starr|Thunderbolt|p2a: Glimmora\n|-damage|p2a: Glimmora|0 fnt\n|faint|p2a: Glimmora\n|\n|upkeep\n|\n|t:|1700134458\n|switch|p2a: Garganacl|Garganacl, M, shiny|100\/100\n|-damage|p2a: Garganacl|88\/100|[from] Spikes\n|turn|11\n|inactive|liaoya has 120 seconds left.\n|\n|t:|1700134478\n|move|p1a: Starr|Thunderbolt|p2a: Garganacl\n|-damage|p2a: Garganacl|60\/100\n|move|p2a: Garganacl|Iron Defense|p2a: Garganacl\n|-boost|p2a: Garganacl|def|2\n|\n|-heal|p2a: Garganacl|66\/100|[from] item: Leftovers\n|upkeep\n|turn|12\n|\n|t:|1700134484\n|switch|p1a: Warmite|Heatran, F|100\/100\n|-item|p1a: Warmite|Air Balloon\n|move|p2a: Garganacl|Salt Cure|p1a: Warmite\n|-damage|p1a: Warmite|86\/100\n|-start|p1a: Warmite|Salt Cure\n|-enditem|p1a: Warmite|Air Balloon\n|\n|-heal|p2a: Garganacl|72\/100|[from] item: Leftovers\n|-damage|p1a: Warmite|61\/100|[from] Salt Cure\n|upkeep\n|turn|13\n|\n|t:|1700134490\n|-terastallize|p2a: Garganacl|Ghost\n|move|p1a: Warmite|Earth Power|p2a: Garganacl\n|-damage|p2a: Garganacl|53\/100\n|move|p2a: Garganacl|Iron Defense|p2a: Garganacl\n|-boost|p2a: Garganacl|def|2\n|\n|-heal|p2a: Garganacl|59\/100|[from] item: Leftovers\n|-damage|p1a: Warmite|37\/100|[from] Salt Cure\n|upkeep\n|turn|14\n|inactive|Ashh UK has 90 seconds left.\n|\n|t:|1700134526\n|move|p1a: Warmite|Magma Storm|p2a: Garganacl\n|-damage|p2a: Garganacl|22\/100\n|-activate|p2a: Garganacl|move: Magma Storm|[of] p1a: Warmite\n|move|p2a: Garganacl|Recover|p2a: Garganacl\n|-heal|p2a: Garganacl|72\/100\n|\n|-heal|p2a: Garganacl|78\/100|[from] item: Leftovers\n|-damage|p1a: Warmite|12\/100|[from] Salt Cure\n|-damage|p2a: Garganacl|66\/100|[from] move: Magma Storm|[partiallytrapped]\n|upkeep\n|turn|15\n|\n|t:|1700134532\n|move|p1a: Warmite|Stealth Rock|p2a: Garganacl\n|-sidestart|p2: liaoya|move: Stealth Rock\n|move|p2a: Garganacl|Recover|p2a: Garganacl\n|-heal|p2a: Garganacl|100\/100\n|\n|-damage|p1a: Warmite|0 fnt|[from] Salt Cure\n|faint|p1a: Warmite\n|-end|p2a: Garganacl|Magma Storm|[partiallytrapped]|[silent]\n|upkeep\n|\n|t:|1700134537\n|switch|p1a: Starr|Zapdos|75\/100\n|turn|16\n|\n|t:|1700134540\n|move|p1a: Starr|Hurricane|p2a: Garganacl\n|-damage|p2a: Garganacl|63\/100\n|move|p2a: Garganacl|Salt Cure|p1a: Starr\n|-supereffective|p1a: Starr\n|-crit|p1a: Starr\n|-damage|p1a: Starr|19\/100\n|-start|p1a: Starr|Salt Cure\n|\n|-heal|p2a: Garganacl|70\/100|[from] item: Leftovers\n|-damage|p1a: Starr|7\/100|[from] Salt Cure\n|upkeep\n|turn|17\n|\n|t:|1700134545\n|move|p1a: Starr|Hurricane|p2a: Garganacl|[miss]\n|-miss|p1a: Starr|p2a: Garganacl\n|move|p2a: Garganacl|Recover|p2a: Garganacl\n|-heal|p2a: Garganacl|100\/100\n|\n|-damage|p1a: Starr|0 fnt|[from] Salt Cure\n|faint|p1a: Starr\n|upkeep\n|l|\u2606Ashh UK\n|inactive|Ashh UK disconnected and has a minute to reconnect!\n|player|p1|\n|c|\u2606liaoya|There's only one true Yuri\n|inactive|Ashh UK has 30 seconds to reconnect!\n|c|\u2606liaoya|haha\n|inactive|Ashh UK has 20 seconds to reconnect!\n|c|\u2606liaoya|ha\u2014ha\n|inactive|Ashh UK has 15 seconds to reconnect!\n|c|\u2606liaoya|oh~oh~oh\n|inactive|Ashh UK has 10 seconds to reconnect!\n|c|\u2606liaoya|hahahaha\n|inactive|Ashh UK has 5 seconds to reconnect!\n|-message|Ashh UK lost due to inactivity.\n|\n|win|liaoya\n|inactive|Ashh UK has 25 seconds left this turn.\n|raw|Ashh UK's rating: 1459 &rarr; <strong>1442<\/strong><br \/>(-17 for losing)\n|raw|liaoya's rating: 1515 &rarr; <strong>1532<\/strong><br \/>(+17 for winning)\n|c|\u2606liaoya|oh~~\n","uploadtime":1700134619,"views":10,"p1id":"ashhuk","p2id":"liaoya","formatid":"gen9ou","rating":1442,"private":0,"password":""}