{"id":"gen9ou-1988376105","p1":"Shade.better","p2":"samboiiii","format":"[Gen 9] OU","log":"|j|\u2606Shade.better\n|j|\u2606samboiiii\n|t:|1699715844\n|gametype|singles\n|player|p1|Shade.better|265|1389\n|player|p2|samboiiii|cynthia-masters3|1341\n|teamsize|p1|6\n|teamsize|p2|6\n|gen|9\n|tier|[Gen 9] OU\n|rated|\n|rule|Sleep Clause Mod: Limit one foe put to sleep\n|rule|Species Clause: Limit one of each Pok\u00e9mon\n|rule|OHKO Clause: OHKO moves are banned\n|rule|Evasion Items Clause: Evasion items are banned\n|rule|Evasion Moves Clause: Evasion moves are banned\n|rule|Endless Battle Clause: Forcing endless battles is banned\n|rule|HP Percentage Mod: HP is shown in percentages\n|clearpoke\n|poke|p1|Gliscor, F|\n|poke|p1|Garganacl, M|\n|poke|p1|Ogerpon-Wellspring, F|\n|poke|p1|Cinderace, M|\n|poke|p1|Enamorus, F|\n|poke|p1|Dragapult, F|\n|poke|p2|Gliscor, M|\n|poke|p2|Ogerpon-Wellspring, F|\n|poke|p2|Zapdos|\n|poke|p2|Great Tusk|\n|poke|p2|Hydreigon, M|\n|poke|p2|Kingambit, M|\n|teampreview\n|inactive|Battle timer is ON: inactive players will automatically lose when time's up. (requested by samboiiii)\n|c|\u2606samboiiii|glhf\n|inactive|Shade.better has 120 seconds left.\n|\n|t:|1699715877\n|start\n|switch|p1a: Cinderace|Cinderace, M|100\/100\n|switch|p2a: uno zapdos tres|Zapdos, shiny|100\/100\n|-ability|p2a: uno zapdos tres|Pressure\n|turn|1\n|\n|t:|1699715892\n|switch|p2a: pincers|Gliscor, M, shiny|100\/100\n|move|p1a: Cinderace|Will-O-Wisp|p2a: pincers\n|-status|p2a: pincers|brn\n|\n|-damage|p2a: pincers|94\/100 brn|[from] brn\n|upkeep\n|turn|2\n|\n|t:|1699715916\n|move|p1a: Cinderace|U-turn|p2a: pincers\n|-resisted|p2a: pincers\n|-damage|p2a: pincers|88\/100 brn\n|\n|t:|1699715919\n|switch|p1a: Gliscor|Gliscor, F|100\/100|[from] U-turn\n|move|p2a: pincers|Fling|p1a: Gliscor\n|-damage|p1a: Gliscor|98\/100\n|-status|p1a: Gliscor|tox\n|-enditem|p2a: pincers|Toxic Orb|[from] move: Fling\n|\n|-heal|p1a: Gliscor|100\/100 tox|[from] ability: Poison Heal\n|-damage|p2a: pincers|81\/100 brn|[from] brn\n|upkeep\n|turn|3\n|\n|t:|1699715935\n|move|p2a: pincers|Spikes|p1a: Gliscor\n|-sidestart|p1: Shade.better|Spikes\n|move|p1a: Gliscor|U-turn|p2a: pincers\n|-resisted|p2a: pincers\n|-damage|p2a: pincers|75\/100 brn\n|\n|t:|1699715941\n|switch|p1a: Enamorus|Enamorus, F|100\/100|[from] U-turn\n|\n|-damage|p2a: pincers|69\/100 brn|[from] brn\n|upkeep\n|turn|4\n|\n|t:|1699715949\n|move|p1a: Enamorus|Moonblast|p2a: pincers\n|-damage|p2a: pincers|0 fnt\n|faint|p2a: pincers\n|\n|upkeep\n|\n|t:|1699715971\n|switch|p2a: dream(fatherless)|Ogerpon-Wellspring, F|100\/100\n|turn|5\n|\n|t:|1699715984\n|switch|p1a: Gliscor|Gliscor, F|100\/100 tox\n|move|p2a: dream(fatherless)|Ivy Cudgel|p1a: Gliscor\n|-supereffective|p1a: Gliscor\n|-damage|p1a: Gliscor|25\/100 tox\n|\n|-heal|p1a: Gliscor|38\/100 tox|[from] ability: Poison Heal\n|upkeep\n|turn|6\n|\n|t:|1699715993\n|move|p2a: dream(fatherless)|Horn Leech|p1a: Gliscor\n|-damage|p1a: Gliscor|10\/100 tox\n|move|p1a: Gliscor|Earthquake|p2a: dream(fatherless)\n|-resisted|p2a: dream(fatherless)\n|-damage|p2a: dream(fatherless)|78\/100\n|\n|-heal|p1a: Gliscor|23\/100 tox|[from] ability: Poison Heal\n|upkeep\n|turn|7\n|c|\u2606samboiiii|misclick\n|\n|t:|1699716007\n|move|p2a: dream(fatherless)|Ivy Cudgel|p1a: Gliscor\n|-supereffective|p1a: Gliscor\n|-damage|p1a: Gliscor|0 fnt\n|faint|p1a: Gliscor\n|\n|upkeep\n|\n|t:|1699716010\n|switch|p1a: Cinderace|Cinderace, M|100\/100\n|turn|8\n|\n|t:|1699716013\n|switch|p2a: hydra|Hydreigon, M, shiny|100\/100\n|move|p1a: Cinderace|Will-O-Wisp|p2a: hydra\n|-status|p2a: hydra|brn\n|\n|-damage|p2a: hydra|94\/100 brn|[from] brn\n|upkeep\n|turn|9\n|\n|t:|1699716023\n|move|p2a: hydra|U-turn|p1a: Cinderace\n|-resisted|p1a: Cinderace\n|-damage|p1a: Cinderace|96\/100\n|\n|t:|1699716026\n|switch|p2a: uno zapdos tres|Zapdos, shiny|100\/100|[from] U-turn\n|-ability|p2a: uno zapdos tres|Pressure\n|move|p1a: Cinderace|Court Change|p1a: Cinderace\n|-swapsideconditions\n|-activate|p1a: Cinderace|move: Court Change\n|\n|upkeep\n|turn|10\n|\n|t:|1699716037\n|switch|p1a: Dragapult|Dragapult, F|100\/100\n|move|p2a: uno zapdos tres|Hurricane|p1a: Dragapult|[miss]\n|-miss|p2a: uno zapdos tres|p1a: Dragapult\n|\n|upkeep\n|turn|11\n|\n|t:|1699716048\n|move|p1a: Dragapult|Shadow Ball|p2a: uno zapdos tres\n|-damage|p2a: uno zapdos tres|35\/100\n|move|p2a: uno zapdos tres|Hurricane|p1a: Dragapult|[miss]\n|-miss|p2a: uno zapdos tres|p1a: Dragapult\n|\n|upkeep\n|turn|12\n|c|\u2606samboiiii|damn\n|\n|t:|1699716067\n|move|p1a: Dragapult|Shadow Ball|p2a: uno zapdos tres\n|-damage|p2a: uno zapdos tres|0 fnt\n|faint|p2a: uno zapdos tres\n|\n|upkeep\n|\n|t:|1699716073\n|switch|p2a: hydra|Hydreigon, M, shiny|94\/100 brn\n|turn|13\n|\n|t:|1699716083\n|switch|p1a: Cinderace|Cinderace, M|96\/100\n|-terastallize|p2a: hydra|Water\n|move|p2a: hydra|Hydro Pump|p1a: Cinderace|[miss]\n|-miss|p2a: hydra|p1a: Cinderace\n|\n|-damage|p2a: hydra|88\/100 brn|[from] brn\n|upkeep\n|turn|14\n|c|\u2606samboiiii|jesus\n|\n|t:|1699716095\n|move|p2a: hydra|Hydro Pump|p1a: Cinderace|[miss]\n|-miss|p2a: hydra|p1a: Cinderace\n|move|p1a: Cinderace|U-turn|p2a: hydra\n|-damage|p2a: hydra|66\/100 brn\n|c|\u2606samboiiii|whyyyy\n|\n|t:|1699716106\n|switch|p1a: Ogerpon|Ogerpon-Wellspring, F|100\/100|[from] U-turn\n|\n|-damage|p2a: hydra|60\/100 brn|[from] brn\n|upkeep\n|turn|15\n|\n|t:|1699716136\n|switch|p2a: dream(fatherless)|Ogerpon-Wellspring, F|78\/100\n|-damage|p2a: dream(fatherless)|66\/100|[from] Spikes\n|move|p1a: Ogerpon|Power Whip|p2a: dream(fatherless)|[miss]\n|-miss|p1a: Ogerpon|p2a: dream(fatherless)\n|\n|upkeep\n|turn|16\n|c|\u2606samboiiii|30+30+20+20% chances in a row\n|\n|t:|1699716150\n|move|p1a: Ogerpon|Power Whip|p2a: dream(fatherless)|[miss]\n|-miss|p1a: Ogerpon|p2a: dream(fatherless)\n|move|p2a: dream(fatherless)|Horn Leech|p1a: Ogerpon\n|-damage|p1a: Ogerpon|45\/100\n|-heal|p2a: dream(fatherless)|93\/100|[from] drain|[of] p1a: Ogerpon\n|\n|upkeep\n|turn|17\n|c|\u2606samboiiii|lol not even unlucky for u\n|\n|t:|1699716165\n|move|p1a: Ogerpon|Power Whip|p2a: dream(fatherless)\n|-damage|p2a: dream(fatherless)|6\/100\n|move|p2a: dream(fatherless)|Horn Leech|p1a: Ogerpon\n|-damage|p1a: Ogerpon|0 fnt\n|-heal|p2a: dream(fatherless)|29\/100|[from] drain|[of] p1a: Ogerpon\n|faint|p1a: Ogerpon\n|\n|upkeep\n|\n|t:|1699716172\n|switch|p1a: Cinderace|Cinderace, M|96\/100\n|turn|18\n|\n|t:|1699716183\n|move|p1a: Cinderace|Pyro Ball|p2a: dream(fatherless)\n|-damage|p2a: dream(fatherless)|0 fnt\n|faint|p2a: dream(fatherless)\n|\n|upkeep\n|\n|t:|1699716187\n|switch|p2a: hydra|Hydreigon, M, shiny, tera:Water|60\/100 brn\n|turn|19\n|\n|t:|1699716215\n|move|p2a: hydra|Hydro Pump|p1a: Cinderace|[miss]\n|-miss|p2a: hydra|p1a: Cinderace\n|move|p1a: Cinderace|U-turn|p2a: hydra\n|-damage|p2a: hydra|40\/100 brn\n|\n|t:|1699716224\n|switch|p1a: Dragapult|Dragapult, F|100\/100|[from] U-turn\n|\n|-damage|p2a: hydra|34\/100 brn|[from] brn\n|upkeep\n|turn|20\n|c|\u2606samboiiii|holy shhhhiiiittttt\n|\n|t:|1699716232\n|switch|p2a: big tusks\ud83d\ude2b|Great Tusk, shiny|100\/100\n|-damage|p2a: big tusks\ud83d\ude2b|88\/100|[from] Spikes\n|move|p1a: Dragapult|U-turn|p2a: big tusks\ud83d\ude2b\n|-resisted|p2a: big tusks\ud83d\ude2b\n|-damage|p2a: big tusks\ud83d\ude2b|81\/100\n|\n|t:|1699716235\n|switch|p1a: Enamorus|Enamorus, F|100\/100|[from] U-turn\n|\n|-heal|p2a: big tusks\ud83d\ude2b|88\/100|[from] item: Leftovers\n|upkeep\n|turn|21\n|\n|t:|1699716245\n|move|p1a: Enamorus|Moonblast|p2a: big tusks\ud83d\ude2b\n|-supereffective|p2a: big tusks\ud83d\ude2b\n|-damage|p2a: big tusks\ud83d\ude2b|0 fnt\n|faint|p2a: big tusks\ud83d\ude2b\n|-end|p2a: big tusks\ud83d\ude2b|Protosynthesis|[silent]\n|\n|upkeep\n|\n|t:|1699716248\n|switch|p2a: hydra|Hydreigon, M, shiny, tera:Water|34\/100 brn\n|turn|22\n|c|\u2606samboiiii|istg\n|\n|t:|1699716257\n|switch|p1a: Cinderace|Cinderace, M|96\/100\n|move|p2a: hydra|Hydro Pump|p1a: Cinderace|[miss]\n|-miss|p2a: hydra|p1a: Cinderace\n|\n|-damage|p2a: hydra|28\/100 brn|[from] brn\n|upkeep\n|turn|23\n|c|\u2606samboiiii|bro why\n|c|\u2606samboiiii|what is this lol\n|c|\u2606Shade.better|Lol now I have to say have a luck check bro\n|\n|t:|1699716286\n|move|p2a: hydra|Hydro Pump|p1a: Cinderace|[miss]\n|-miss|p2a: hydra|p1a: Cinderace\n|move|p1a: Cinderace|Will-O-Wisp|p2a: hydra\n|-fail|p2a: hydra|brn\n|\n|-damage|p2a: hydra|22\/100 brn|[from] brn\n|upkeep\n|turn|24\n|c|\u2606samboiiii|lmao\n|c|\u2606Shade.better|Lol\n|c|\u2606samboiiii|5 missed\n|c|\u2606samboiiii|none hit\n|\n|t:|1699716306\n|move|p2a: hydra|Hydro Pump|p1a: Cinderace\n|-supereffective|p1a: Cinderace\n|-damage|p1a: Cinderace|0 fnt\n|faint|p1a: Cinderace\n|\n|-damage|p2a: hydra|16\/100 brn|[from] brn\n|upkeep\n|c|\u2606Shade.better|Finally\n|inactive|Shade.better has 120 seconds left.\n|c|\u2606samboiiii|i have never seen so many attacks miss in a game of ou before\n|\n|t:|1699716337\n|switch|p1a: Dragapult|Dragapult, F|100\/100\n|turn|25\n|c|\u2606samboiiii|consecutively\n|\n|t:|1699716347\n|switch|p2a: e4 e5 f4 exf4|Kingambit, M, shiny|100\/100\n|-damage|p2a: e4 e5 f4 exf4|88\/100|[from] Spikes\n|-activate|p2a: e4 e5 f4 exf4|ability: Supreme Overlord\n|-start|p2a: e4 e5 f4 exf4|fallen4|[silent]\n|move|p1a: Dragapult|U-turn|p2a: e4 e5 f4 exf4\n|-crit|p2a: e4 e5 f4 exf4\n|-damage|p2a: e4 e5 f4 exf4|70\/100\n|\n|t:|1699716355\n|switch|p1a: Garganacl|Garganacl, M|100\/100|[from] U-turn\n|\n|-heal|p2a: e4 e5 f4 exf4|76\/100|[from] item: Leftovers\n|upkeep\n|turn|26\n|\n|t:|1699716370\n|-terastallize|p1a: Garganacl|Grass\n|move|p2a: e4 e5 f4 exf4|Iron Head|p1a: Garganacl\n|-damage|p1a: Garganacl|63\/100\n|move|p1a: Garganacl|Iron Defense|p1a: Garganacl\n|-boost|p1a: Garganacl|def|2\n|\n|-heal|p2a: e4 e5 f4 exf4|82\/100|[from] item: Leftovers\n|-heal|p1a: Garganacl|69\/100|[from] item: Leftovers\n|upkeep\n|turn|27\n|\n|t:|1699716384\n|move|p2a: e4 e5 f4 exf4|Kowtow Cleave|p1a: Garganacl\n|-damage|p1a: Garganacl|50\/100\n|move|p1a: Garganacl|Body Press|p2a: e4 e5 f4 exf4\n|-supereffective|p2a: e4 e5 f4 exf4\n|-crit|p2a: e4 e5 f4 exf4\n|-damage|p2a: e4 e5 f4 exf4|0 fnt\n|faint|p2a: e4 e5 f4 exf4\n|-end|p2a: e4 e5 f4 exf4|fallen4|[silent]\n|\n|-heal|p1a: Garganacl|56\/100|[from] item: Leftovers\n|upkeep\n|\n|t:|1699716389\n|switch|p2a: hydra|Hydreigon, M, shiny, tera:Water|16\/100 brn\n|turn|28\n|inactive|Shade.better has 120 seconds left.\n|c|\u2606samboiiii|gg wp\n|\n|t:|1699716406\n|move|p2a: hydra|Hydro Pump|p1a: Garganacl\n|-resisted|p1a: Garganacl\n|-damage|p1a: Garganacl|34\/100\n|move|p1a: Garganacl|Recover|p1a: Garganacl\n|-heal|p1a: Garganacl|84\/100\n|\n|-heal|p1a: Garganacl|91\/100|[from] item: Leftovers\n|-damage|p2a: hydra|9\/100 brn|[from] brn\n|upkeep\n|turn|29\n|inactive|Shade.better has 120 seconds left.\n|c|\u2606Shade.better|Not trolling just luck checking\n|\n|t:|1699716431\n|move|p2a: hydra|Hydro Pump|p1a: Garganacl\n|-resisted|p1a: Garganacl\n|-damage|p1a: Garganacl|69\/100\n|move|p1a: Garganacl|Iron Defense|p1a: Garganacl\n|-boost|p1a: Garganacl|def|2\n|\n|-heal|p1a: Garganacl|75\/100|[from] item: Leftovers\n|-damage|p2a: hydra|3\/100 brn|[from] brn\n|upkeep\n|turn|30\n|c|\u2606samboiiii|yeah fair enough\n|\n|t:|1699716444\n|-activate|p2a: hydra|move: Struggle\n|move|p2a: hydra|Struggle|p1a: Garganacl\n|-damage|p1a: Garganacl|74\/100\n|-damage|p2a: hydra|0 fnt|[from] recoil\n|faint|p2a: hydra\n|\n|win|Shade.better\n|raw|Shade.better's rating: 1389 &rarr; <strong>1406<\/strong><br \/>(+17 for winning)\n|raw|samboiiii's rating: 1341 &rarr; <strong>1324<\/strong><br \/>(-17 for losing)\n|l|\u2606Shade.better\n","uploadtime":1699716459,"views":17,"p1id":"shadebetter","p2id":"samboiiii","formatid":"gen9ou","rating":1324,"private":0,"password":""}