{"id":"gen9ou-1991135479","p1":"Tomynator jones.","p2":"Zkeem1","format":"[Gen 9] OU","log":"|j|\u2606Tomynator jones.\n|j|\u2606Zkeem1\n|t:|1700048317\n|gametype|singles\n|player|p1|Tomynator jones.|steven|1456\n|player|p2|Zkeem1|dawn-gen4pt|1411\n|teamsize|p1|6\n|teamsize|p2|6\n|gen|9\n|tier|[Gen 9] OU\n|rated|\n|rule|Sleep Clause Mod: Limit one foe put to sleep\n|rule|Species Clause: Limit one of each Pok\u00e9mon\n|rule|OHKO Clause: OHKO moves are banned\n|rule|Evasion Items Clause: Evasion items are banned\n|rule|Evasion Moves Clause: Evasion moves are banned\n|rule|Endless Battle Clause: Forcing endless battles is banned\n|rule|HP Percentage Mod: HP is shown in percentages\n|clearpoke\n|poke|p1|Dragapult, M|\n|poke|p1|Ogerpon-Wellspring, F|\n|poke|p1|Kingambit, M|\n|poke|p1|Heatran, M|\n|poke|p1|Zapdos|\n|poke|p1|Great Tusk|\n|poke|p2|Alomomola, F|\n|poke|p2|Ting-Lu|\n|poke|p2|Gholdengo|\n|poke|p2|Weezing-Galar, F|\n|poke|p2|Dragonite, F|\n|poke|p2|Sneasler, M|\n|teampreview\n|\n|t:|1700048332\n|start\n|switch|p1a: Heatran|Heatran, M|100\/100\n|switch|p2a: Weezing|Weezing-Galar, F|100\/100\n|turn|1\n|\n|t:|1700048340\n|switch|p2a: Ting-Lu|Ting-Lu|100\/100\n|-ability|p2a: Ting-Lu|Vessel of Ruin\n|move|p1a: Heatran|Stealth Rock|p2a: Ting-Lu\n|-sidestart|p2: Zkeem1|move: Stealth Rock\n|\n|upkeep\n|turn|2\n|\n|t:|1700048364\n|switch|p1a: Zapdos|Zapdos|100\/100\n|move|p2a: Ting-Lu|Earthquake|p1a: Zapdos\n|-immune|p1a: Zapdos\n|\n|upkeep\n|turn|3\n|\n|t:|1700048370\n|move|p1a: Zapdos|Hurricane|p2a: Ting-Lu\n|-damage|p2a: Ting-Lu|79\/100\n|move|p2a: Ting-Lu|Stealth Rock|p1a: Zapdos\n|-sidestart|p1: Tomynator jones.|move: Stealth Rock\n|\n|-heal|p2a: Ting-Lu|85\/100|[from] item: Leftovers\n|upkeep\n|turn|4\n|\n|t:|1700048387\n|switch|p1a: Great Tusk|Great Tusk|100\/100\n|-damage|p1a: Great Tusk|98\/100|[from] Stealth Rock\n|move|p2a: Ting-Lu|Stone Edge|p1a: Great Tusk\n|-resisted|p1a: Great Tusk\n|-damage|p1a: Great Tusk|95\/100\n|\n|-heal|p1a: Great Tusk|100\/100|[from] item: Leftovers\n|-heal|p2a: Ting-Lu|91\/100|[from] item: Leftovers\n|upkeep\n|turn|5\n|\n|t:|1700048408\n|switch|p2a: Gholdengo|Gholdengo|100\/100\n|-damage|p2a: Gholdengo|94\/100|[from] Stealth Rock\n|move|p1a: Great Tusk|Knock Off|p2a: Gholdengo\n|-supereffective|p2a: Gholdengo\n|-damage|p2a: Gholdengo|27\/100\n|-enditem|p2a: Gholdengo|Choice Scarf|[from] move: Knock Off|[of] p1a: Great Tusk\n|\n|upkeep\n|turn|6\n|\n|t:|1700048419\n|move|p2a: Gholdengo|Shadow Ball|p1a: Great Tusk\n|-damage|p1a: Great Tusk|46\/100\n|move|p1a: Great Tusk|Earthquake|p2a: Gholdengo\n|-supereffective|p2a: Gholdengo\n|-damage|p2a: Gholdengo|0 fnt\n|faint|p2a: Gholdengo\n|\n|-heal|p1a: Great Tusk|53\/100|[from] item: Leftovers\n|upkeep\n|\n|t:|1700048437\n|switch|p2a: Sneasler|Sneasler, M|100\/100\n|-damage|p2a: Sneasler|95\/100|[from] Stealth Rock\n|-item|p2a: Sneasler|Air Balloon\n|turn|7\n|\n|t:|1700048449\n|move|p2a: Sneasler|Swords Dance|p2a: Sneasler\n|-boost|p2a: Sneasler|atk|2\n|move|p1a: Great Tusk|Rapid Spin|p2a: Sneasler\n|-damage|p2a: Sneasler|72\/100\n|-boost|p1a: Great Tusk|spe|1\n|-enditem|p2a: Sneasler|Air Balloon\n|-sideend|p1: Tomynator jones.|Stealth Rock|[from] move: Rapid Spin|[of] p1a: Great Tusk\n|\n|-heal|p1a: Great Tusk|59\/100|[from] item: Leftovers\n|upkeep\n|turn|8\n|\n|t:|1700048460\n|move|p2a: Sneasler|Acrobatics|p1a: Great Tusk\n|-supereffective|p1a: Great Tusk\n|-damage|p1a: Great Tusk|0 fnt\n|faint|p1a: Great Tusk\n|-end|p1a: Great Tusk|Protosynthesis|[silent]\n|\n|upkeep\n|\n|t:|1700048470\n|switch|p1a: Zapdos|Zapdos|100\/100\n|turn|9\n|\n|t:|1700048474\n|move|p2a: Sneasler|Gunk Shot|p1a: Zapdos\n|-damage|p1a: Zapdos|0 fnt\n|faint|p1a: Zapdos\n|\n|upkeep\n|\n|t:|1700048490\n|switch|p1a: Heatran|Heatran, M|100\/100\n|turn|10\n|\n|t:|1700048495\n|move|p2a: Sneasler|Close Combat|p1a: Heatran\n|-supereffective|p1a: Heatran\n|-damage|p1a: Heatran|0 fnt\n|-unboost|p2a: Sneasler|def|1\n|-unboost|p2a: Sneasler|spd|1\n|faint|p1a: Heatran\n|\n|upkeep\n|\n|t:|1700048497\n|switch|p1a: Kingambit|Kingambit, M|100\/100\n|-activate|p1a: Kingambit|ability: Supreme Overlord\n|-start|p1a: Kingambit|fallen3|[silent]\n|turn|11\n|\n|t:|1700048520\n|switch|p2a: Weezing|Weezing-Galar, F|100\/100\n|-damage|p2a: Weezing|88\/100|[from] Stealth Rock\n|-terastallize|p1a: Kingambit|Fairy\n|move|p1a: Kingambit|Iron Head|p2a: Weezing\n|-supereffective|p2a: Weezing\n|-damage|p2a: Weezing|14\/100\n|-damage|p1a: Kingambit|84\/100|[from] item: Rocky Helmet|[of] p2a: Weezing\n|\n|-heal|p1a: Kingambit|90\/100|[from] item: Leftovers\n|upkeep\n|turn|12\n|\n|t:|1700048546\n|move|p2a: Weezing|Will-O-Wisp|p1a: Kingambit\n|-status|p1a: Kingambit|brn\n|move|p1a: Kingambit|Iron Head|p2a: Weezing\n|-supereffective|p2a: Weezing\n|-damage|p2a: Weezing|0 fnt\n|-damage|p1a: Kingambit|74\/100 brn|[from] item: Rocky Helmet|[of] p2a: Weezing\n|faint|p2a: Weezing\n|\n|-heal|p1a: Kingambit|80\/100 brn|[from] item: Leftovers\n|-damage|p1a: Kingambit|74\/100 brn|[from] brn\n|upkeep\n|\n|t:|1700048559\n|switch|p2a: Alomomola|Alomomola, F|100\/100\n|-damage|p2a: Alomomola|88\/100|[from] Stealth Rock\n|turn|13\n|\n|t:|1700048569\n|move|p2a: Alomomola|Wish|p2a: Alomomola\n|move|p1a: Kingambit|Swords Dance|p1a: Kingambit\n|-boost|p1a: Kingambit|atk|2\n|\n|-heal|p1a: Kingambit|80\/100 brn|[from] item: Leftovers\n|-damage|p1a: Kingambit|74\/100 brn|[from] brn\n|upkeep\n|turn|14\n|\n|t:|1700048580\n|move|p2a: Alomomola|Flip Turn|p1a: Kingambit\n|-damage|p1a: Kingambit|63\/100 brn\n|\n|t:|1700048583\n|switch|p2a: Dragonite|Dragonite, F|100\/100|[from] Flip Turn\n|-damage|p2a: Dragonite|76\/100|[from] Stealth Rock\n|move|p1a: Kingambit|Swords Dance|p1a: Kingambit\n|-boost|p1a: Kingambit|atk|2\n|\n|-heal|p2a: Dragonite|100\/100|[from] move: Wish|[wisher] Alomomola\n|-heal|p1a: Kingambit|69\/100 brn|[from] item: Leftovers\n|-damage|p1a: Kingambit|63\/100 brn|[from] brn\n|upkeep\n|turn|15\n|\n|t:|1700048597\n|-terastallize|p2a: Dragonite|Normal\n|move|p2a: Dragonite|Extreme Speed|p1a: Kingambit\n|-damage|p1a: Kingambit|15\/100 brn\n|move|p1a: Kingambit|Kowtow Cleave|p2a: Dragonite\n|-damage|p2a: Dragonite|49\/100\n|\n|-heal|p1a: Kingambit|21\/100 brn|[from] item: Leftovers\n|-damage|p1a: Kingambit|15\/100 brn|[from] brn\n|upkeep\n|turn|16\n|\n|t:|1700048614\n|move|p2a: Dragonite|Extreme Speed|p1a: Kingambit\n|-damage|p1a: Kingambit|0 fnt\n|faint|p1a: Kingambit\n|-end|p1a: Kingambit|fallen3|[silent]\n|\n|upkeep\n|\n|t:|1700048617\n|switch|p1a: Dragapult|Dragapult, M|100\/100\n|turn|17\n|\n|t:|1700048623\n|switch|p2a: Ting-Lu|Ting-Lu|91\/100\n|-damage|p2a: Ting-Lu|85\/100|[from] Stealth Rock\n|-ability|p2a: Ting-Lu|Vessel of Ruin\n|move|p1a: Dragapult|Substitute|p1a: Dragapult\n|-start|p1a: Dragapult|Substitute\n|-damage|p1a: Dragapult|76\/100\n|\n|-heal|p1a: Dragapult|82\/100|[from] item: Leftovers\n|-heal|p2a: Ting-Lu|91\/100|[from] item: Leftovers\n|upkeep\n|turn|18\n|\n|t:|1700048635\n|move|p1a: Dragapult|Dragon Dance|p1a: Dragapult\n|-boost|p1a: Dragapult|atk|1\n|-boost|p1a: Dragapult|spe|1\n|move|p2a: Ting-Lu|Earthquake|p1a: Dragapult\n|-end|p1a: Dragapult|Substitute\n|\n|-heal|p1a: Dragapult|88\/100|[from] item: Leftovers\n|-heal|p2a: Ting-Lu|98\/100|[from] item: Leftovers\n|upkeep\n|turn|19\n|\n|t:|1700048646\n|move|p1a: Dragapult|Dragon Darts|p2a: Ting-Lu\n|-crit|p2a: Ting-Lu\n|-damage|p2a: Ting-Lu|66\/100\n|-anim|p1a: Dragapult|Dragon Darts|p2a: Ting-Lu\n|-damage|p2a: Ting-Lu|44\/100\n|move|p2a: Ting-Lu|Earthquake|p1a: Dragapult\n|-damage|p1a: Dragapult|34\/100\n|\n|-heal|p1a: Dragapult|40\/100|[from] item: Leftovers\n|-heal|p2a: Ting-Lu|50\/100|[from] item: Leftovers\n|upkeep\n|turn|20\n|\n|t:|1700048658\n|move|p1a: Dragapult|Dragon Darts|p2a: Ting-Lu\n|-damage|p2a: Ting-Lu|29\/100\n|-anim|p1a: Dragapult|Dragon Darts|p2a: Ting-Lu\n|-damage|p2a: Ting-Lu|7\/100\n|move|p2a: Ting-Lu|Earthquake|p1a: Dragapult\n|-damage|p1a: Dragapult|0 fnt\n|faint|p1a: Dragapult\n|\n|-heal|p2a: Ting-Lu|13\/100|[from] item: Leftovers\n|upkeep\n|\n|t:|1700048663\n|switch|p1a: Ogerpon|Ogerpon-Wellspring, F|100\/100\n|turn|21\n|\n|t:|1700048672\n|move|p1a: Ogerpon|Trailblaze|p2a: Ting-Lu\n|-supereffective|p2a: Ting-Lu\n|-damage|p2a: Ting-Lu|0 fnt\n|-boost|p1a: Ogerpon|spe|1\n|faint|p2a: Ting-Lu\n|\n|upkeep\n|\n|t:|1700048686\n|switch|p2a: Dragonite|Dragonite, F, tera:Normal|49\/100\n|-damage|p2a: Dragonite|36\/100|[from] Stealth Rock\n|turn|22\n|\n|t:|1700048691\n|move|p2a: Dragonite|Extreme Speed|p1a: Ogerpon\n|-damage|p1a: Ogerpon|11\/100\n|move|p1a: Ogerpon|Ivy Cudgel|p2a: Dragonite|[anim] Ivy Cudgel Water\n|-damage|p2a: Dragonite|0 fnt\n|faint|p2a: Dragonite\n|\n|upkeep\n|\n|t:|1700048701\n|switch|p2a: Alomomola|Alomomola, F|100\/100\n|-damage|p2a: Alomomola|88\/100|[from] Stealth Rock\n|turn|23\n|\n|t:|1700048706\n|move|p1a: Ogerpon|Trailblaze|p2a: Alomomola\n|-supereffective|p2a: Alomomola\n|-damage|p2a: Alomomola|54\/100\n|-boost|p1a: Ogerpon|spe|1\n|-damage|p1a: Ogerpon|0 fnt|[from] item: Rocky Helmet|[of] p2a: Alomomola\n|faint|p1a: Ogerpon\n|\n|win|Zkeem1\n|raw|Tomynator jones.'s rating: 1456 &rarr; <strong>1433<\/strong><br \/>(-23 for losing)\n|raw|Zkeem1's rating: 1411 &rarr; <strong>1434<\/strong><br \/>(+23 for winning)\n|l|\u2606Tomynator jones.\n","uploadtime":1700048719,"views":7,"p1id":"tomynatorjones","p2id":"zkeem1","formatid":"gen9ou","rating":1433,"private":0,"password":""}