{"id":"gen9ou-1990367430","p1":"Karz03","p2":"Bohbohboh","format":"[Gen 9] OU","log":"|j|\u2606Karz03\n|j|\u2606Bohbohboh\n|t:|1699962992\n|gametype|singles\n|player|p1|Karz03|nanu|\n|player|p2|Bohbohboh|265|\n|teamsize|p1|6\n|teamsize|p2|6\n|gen|9\n|tier|[Gen 9] OU\n|rule|Sleep Clause Mod: Limit one foe put to sleep\n|rule|Species Clause: Limit one of each Pok\u00e9mon\n|rule|OHKO Clause: OHKO moves are banned\n|rule|Evasion Items Clause: Evasion items are banned\n|rule|Evasion Moves Clause: Evasion moves are banned\n|rule|Endless Battle Clause: Forcing endless battles is banned\n|rule|HP Percentage Mod: HP is shown in percentages\n|clearpoke\n|poke|p1|Komala, F|\n|poke|p1|Zapdos|\n|poke|p1|Moltres|\n|poke|p1|Enamorus-Therian, F|\n|poke|p1|Gligar, M|\n|poke|p1|Haunter, M|\n|poke|p2|Tauros-Paldea-Aqua, M|\n|poke|p2|Ogerpon-Cornerstone, F|\n|poke|p2|Orthworm, M|\n|poke|p2|Sneasel-Hisui, F|\n|poke|p2|Qwilfish-Hisui, M|\n|poke|p2|Zoroark-Hisui, F|\n|teampreview\n|\n|t:|1699963014\n|start\n|switch|p1a: Gligar|Gligar, M|100\/100\n|switch|p2a: Sneasel|Sneasel-Hisui, F|100\/100\n|turn|1\n|inactive|Battle timer is ON: inactive players will automatically lose when time's up. (requested by Karz03)\n|\n|t:|1699963033\n|move|p2a: Sneasel|Fake Out|p1a: Gligar\n|-damage|p1a: Gligar|95\/100\n|cant|p1a: Gligar|flinch\n|\n|upkeep\n|turn|2\n|\n|t:|1699963041\n|move|p2a: Sneasel|Taunt|p1a: Gligar\n|-start|p1a: Gligar|move: Taunt\n|cant|p1a: Gligar|move: Taunt|Stealth Rock\n|\n|upkeep\n|turn|3\n|\n|t:|1699963047\n|switch|p2a: Orthworm|Orthworm, M|100\/100\n|move|p1a: Gligar|Earthquake|p2a: Orthworm\n|-immune|p2a: Orthworm|[from] ability: Earth Eater\n|\n|upkeep\n|turn|4\n|j| Yankiken\n|\n|t:|1699963059\n|switch|p1a: Moltres|Moltres|100\/100\n|move|p2a: Orthworm|Stealth Rock|p1a: Moltres\n|-sidestart|p1: Karz03|move: Stealth Rock\n|\n|upkeep\n|turn|5\n|\n|t:|1699963075\n|switch|p2a: Qwilfish|Qwilfish-Hisui, M|100\/100\n|-ability|p2a: Qwilfish|Intimidate|boost\n|-unboost|p1a: Moltres|atk|1\n|move|p1a: Moltres|Will-O-Wisp|p2a: Qwilfish\n|-status|p2a: Qwilfish|brn\n|\n|-damage|p2a: Qwilfish|95\/100 brn|[from] brn\n|upkeep\n|turn|6\n|l| Yankiken\n|\n|t:|1699963104\n|switch|p1a: Gligar|Gligar, M|95\/100\n|-damage|p1a: Gligar|83\/100|[from] Stealth Rock\n|move|p2a: Qwilfish|Toxic|p1a: Gligar\n|-immune|p1a: Gligar|[from] ability: Immunity\n|\n|-damage|p2a: Qwilfish|89\/100 brn|[from] brn\n|upkeep\n|turn|7\n|j| Yankiken\n|\n|t:|1699963114\n|move|p2a: Qwilfish|Aqua Jet|p1a: Gligar\n|-supereffective|p1a: Gligar\n|-damage|p1a: Gligar|78\/100\n|move|p1a: Gligar|Stealth Rock|p2a: Qwilfish\n|-sidestart|p2: Bohbohboh|move: Stealth Rock\n|\n|-damage|p2a: Qwilfish|83\/100 brn|[from] brn\n|upkeep\n|turn|8\n|\n|t:|1699963119\n|move|p2a: Qwilfish|Toxic Spikes|p1a: Gligar\n|-sidestart|p1: Karz03|move: Toxic Spikes\n|move|p1a: Gligar|Spikes|p2a: Qwilfish\n|-sidestart|p2: Bohbohboh|Spikes\n|\n|-damage|p2a: Qwilfish|77\/100 brn|[from] brn\n|upkeep\n|turn|9\n|\n|t:|1699963124\n|move|p2a: Qwilfish|Toxic Spikes|p1a: Gligar\n|-sidestart|p1: Karz03|move: Toxic Spikes\n|move|p1a: Gligar|Spikes|p2a: Qwilfish\n|-sidestart|p2: Bohbohboh|Spikes\n|\n|-damage|p2a: Qwilfish|71\/100 brn|[from] brn\n|upkeep\n|turn|10\n|\n|t:|1699963131\n|switch|p2a: Ogerpon|Ogerpon-Cornerstone, F|100\/100\n|-damage|p2a: Ogerpon|88\/100|[from] Stealth Rock\n|-damage|p2a: Ogerpon|72\/100|[from] Spikes\n|move|p1a: Gligar|Spikes|p2a: Ogerpon\n|-sidestart|p2: Bohbohboh|Spikes\n|\n|upkeep\n|turn|11\n|inactive|Karz03 has 270 seconds left.\n|\n|t:|1699963179\n|switch|p1a: Moltres|Moltres|100\/100\n|move|p2a: Ogerpon|Swords Dance|p2a: Ogerpon\n|-boost|p2a: Ogerpon|atk|2\n|\n|upkeep\n|turn|12\n|inactive|Karz03 has 240 seconds left.\n|\n|t:|1699963205\n|-terastallize|p1a: Moltres|Steel\n|move|p2a: Ogerpon|Spiky Shield|p2a: Ogerpon\n|-singleturn|p2a: Ogerpon|move: Protect\n|move|p1a: Moltres|Tera Blast|p2a: Ogerpon|[anim] Tera Blast Steel\n|-activate|p2a: Ogerpon|move: Protect\n|\n|upkeep\n|turn|13\n|\n|t:|1699963211\n|move|p2a: Ogerpon|Stomping Tantrum|p1a: Moltres\n|-supereffective|p1a: Moltres\n|-damage|p1a: Moltres|10\/100\n|move|p1a: Moltres|Will-O-Wisp|p2a: Ogerpon|[miss]\n|-miss|p1a: Moltres|p2a: Ogerpon\n|\n|upkeep\n|turn|14\n|c|\u2606Karz03|hmm\n|\n|t:|1699963219\n|move|p2a: Ogerpon|Ivy Cudgel|p1a: Moltres|[anim] Ivy Cudgel Rock\n|-resisted|p1a: Moltres\n|-damage|p1a: Moltres|0 fnt\n|faint|p1a: Moltres\n|\n|upkeep\n|c| Yankiken|?\n|j| BIued\n|\n|t:|1699963227\n|switch|p1a: Haunter|Haunter, M|100\/100\n|-damage|p1a: Haunter|88\/100|[from] Stealth Rock\n|turn|15\n|\n|t:|1699963237\n|move|p1a: Haunter|Shadow Ball|p2a: Ogerpon\n|-damage|p2a: Ogerpon|30\/100\n|move|p2a: Ogerpon|Ivy Cudgel|p1a: Haunter|[anim] Ivy Cudgel Rock\n|-damage|p1a: Haunter|0 fnt\n|faint|p1a: Haunter\n|\n|upkeep\n|inactive|Karz03 has 240 seconds left.\n|\n|t:|1699963273\n|switch|p1a: Zapdos|Zapdos|100\/100\n|-damage|p1a: Zapdos|75\/100|[from] Stealth Rock\n|turn|16\n|c| Yankiken|D\u1eb9p\n|c|\u2606Karz03|bruh\n|l| Yankiken\n|j| BIued\n|c|\u2606Karz03|sorry my bad\n|\n|t:|1699963293\n|move|p2a: Ogerpon|Ivy Cudgel|p1a: Zapdos|[anim] Ivy Cudgel Rock\n|-supereffective|p1a: Zapdos\n|-damage|p1a: Zapdos|0 fnt\n|faint|p1a: Zapdos\n|\n|upkeep\n|\n|t:|1699963296\n|switch|p1a: Gligar|Gligar, M|78\/100\n|-damage|p1a: Gligar|65\/100|[from] Stealth Rock\n|turn|17\n|\n|t:|1699963314\n|-terastallize|p2a: Ogerpon|Rock\n|detailschange|p2a: Ogerpon|Ogerpon-Cornerstone-Tera, F, tera:Rock\n|-ability|p2a: Ogerpon|Embody Aspect (Cornerstone)|boost\n|-boost|p2a: Ogerpon|def|1\n|move|p2a: Ogerpon|Ivy Cudgel|p1a: Gligar|[anim] Ivy Cudgel Rock\n|-damage|p1a: Gligar|0 fnt\n|faint|p1a: Gligar\n|\n|upkeep\n|\n|t:|1699963322\n|switch|p1a: Komala|Komala, F|100\/100\n|-damage|p1a: Komala|88\/100|[from] Stealth Rock\n|-ability|p1a: Komala|Comatose\n|turn|18\n|\n|t:|1699963330\n|move|p2a: Ogerpon|Ivy Cudgel|p1a: Komala|[anim] Ivy Cudgel Rock\n|-damage|p1a: Komala|0 fnt\n|faint|p1a: Komala\n|\n|upkeep\n|\n|t:|1699963333\n|switch|p1a: Enamorus|Enamorus-Therian, F|100\/100\n|-damage|p1a: Enamorus|76\/100|[from] Stealth Rock\n|turn|19\n|inactive|Karz03 has 240 seconds left.\n|\n|t:|1699963349\n|move|p2a: Ogerpon|Ivy Cudgel|p1a: Enamorus|[anim] Ivy Cudgel Rock\n|-supereffective|p1a: Enamorus\n|-damage|p1a: Enamorus|0 fnt\n|faint|p1a: Enamorus\n|\n|win|Bohbohboh\n|c|\u2606Karz03|gg\n|c|\u2606Bohbohboh|Gg\n","uploadtime":1699963363,"views":21,"p1id":"karz03","p2id":"bohbohboh","formatid":"gen9ou","rating":0,"private":0,"password":""}