{"id":"gen9ou-1989695369","p1":"fawaboi","p2":"nickookcin","format":"[Gen 9] OU","log":"|j|\u2606fawaboi\n|j|\u2606nickookcin\n|t:|1699887664\n|gametype|singles\n|player|p1|fawaboi|2|1083\n|player|p2|nickookcin|gardenia|1084\n|teamsize|p1|6\n|teamsize|p2|6\n|gen|9\n|tier|[Gen 9] OU\n|rated|\n|rule|Sleep Clause Mod: Limit one foe put to sleep\n|rule|Species Clause: Limit one of each Pok\u00e9mon\n|rule|OHKO Clause: OHKO moves are banned\n|rule|Evasion Items Clause: Evasion items are banned\n|rule|Evasion Moves Clause: Evasion moves are banned\n|rule|Endless Battle Clause: Forcing endless battles is banned\n|rule|HP Percentage Mod: HP is shown in percentages\n|clearpoke\n|poke|p1|Alomomola, M|\n|poke|p1|Kingambit, F|\n|poke|p1|Blissey, F|\n|poke|p1|Zamazenta-*|\n|poke|p1|Thundurus-Therian, M|\n|poke|p1|Iron Valiant|\n|poke|p2|Iron Valiant|\n|poke|p2|Weavile, F|\n|poke|p2|Ninetales-Alola, M|\n|poke|p2|Cinderace, M|\n|poke|p2|Dragapult, F|\n|poke|p2|Gholdengo|\n|teampreview\n|inactive|Battle timer is ON: inactive players will automatically lose when time's up. (requested by fawaboi)\n|\n|t:|1699887673\n|start\n|switch|p1a: Iron Valiant|Iron Valiant|100\/100\n|switch|p2a: Ninetales|Ninetales-Alola, M|100\/100\n|-weather|Snow|[from] ability: Snow Warning|[of] p2a: Ninetales\n|-enditem|p1a: Iron Valiant|Booster Energy\n|-activate|p1a: Iron Valiant|ability: Quark Drive|[fromitem]\n|-start|p1a: Iron Valiant|quarkdrivespe\n|turn|1\n|\n|t:|1699887683\n|move|p1a: Iron Valiant|Taunt|p2a: Ninetales\n|-start|p2a: Ninetales|move: Taunt\n|cant|p2a: Ninetales|move: Taunt|Aurora Veil\n|\n|-weather|Snow|[upkeep]\n|upkeep\n|turn|2\n|\n|t:|1699887693\n|move|p1a: Iron Valiant|Moonblast|p2a: Ninetales\n|-damage|p2a: Ninetales|52\/100\n|-unboost|p2a: Ninetales|spa|1\n|move|p2a: Ninetales|Moonblast|p1a: Iron Valiant\n|-supereffective|p1a: Iron Valiant\n|-damage|p1a: Iron Valiant|35\/100\n|\n|-weather|Snow|[upkeep]\n|upkeep\n|turn|3\n|\n|t:|1699887700\n|move|p1a: Iron Valiant|Moonblast|p2a: Ninetales\n|-crit|p2a: Ninetales\n|-damage|p2a: Ninetales|0 fnt\n|faint|p2a: Ninetales\n|\n|-weather|Snow|[upkeep]\n|upkeep\n|c|\u2606nickookcin|b r u h\n|n|!nickookcin|nickookcin\n|\n|t:|1699887711\n|switch|p2a: Iron Valiant|Iron Valiant|100\/100\n|-enditem|p2a: Iron Valiant|Booster Energy\n|-activate|p2a: Iron Valiant|ability: Quark Drive|[fromitem]\n|-start|p2a: Iron Valiant|quarkdrivespe\n|turn|4\n|\n|t:|1699887715\n|move|p1a: Iron Valiant|Destiny Bond|p1a: Iron Valiant\n|-singlemove|p1a: Iron Valiant|Destiny Bond\n|move|p2a: Iron Valiant|Moonblast|p1a: Iron Valiant\n|-supereffective|p1a: Iron Valiant\n|-damage|p1a: Iron Valiant|0 fnt\n|faint|p1a: Iron Valiant\n|-activate|p1a: Iron Valiant|move: Destiny Bond\n|-end|p1a: Iron Valiant|Quark Drive|[silent]\n|faint|p2a: Iron Valiant\n|-end|p2a: Iron Valiant|Quark Drive|[silent]\n|\n|-weather|Snow|[upkeep]\n|upkeep\n|\n|t:|1699887729\n|switch|p1a: Zamazenta|Zamazenta|100\/100\n|switch|p2a: Weavile|Weavile, F|100\/100\n|-ability|p1a: Zamazenta|Dauntless Shield|boost\n|-boost|p1a: Zamazenta|def|1\n|turn|5\n|\n|t:|1699887746\n|switch|p2a: Gholdengo|Gholdengo|100\/100\n|move|p1a: Zamazenta|Iron Defense|p1a: Zamazenta\n|-boost|p1a: Zamazenta|def|2\n|\n|-weather|none\n|upkeep\n|turn|6\n|\n|t:|1699887751\n|move|p1a: Zamazenta|Crunch|p2a: Gholdengo\n|-supereffective|p2a: Gholdengo\n|-damage|p2a: Gholdengo|69\/100\n|move|p2a: Gholdengo|Thunder Wave|p1a: Zamazenta\n|-status|p1a: Zamazenta|par\n|\n|-heal|p2a: Gholdengo|75\/100|[from] item: Leftovers\n|upkeep\n|turn|7\n|\n|t:|1699887760\n|switch|p1a: Blissey|Blissey, F|100\/100\n|move|p2a: Gholdengo|Hex|p1a: Blissey\n|-immune|p1a: Blissey\n|\n|-heal|p2a: Gholdengo|81\/100|[from] item: Leftovers\n|upkeep\n|turn|8\n|\n|t:|1699887767\n|move|p2a: Gholdengo|Thunder Wave|p1a: Blissey\n|-status|p1a: Blissey|par\n|move|p1a: Blissey|Calm Mind|p1a: Blissey\n|-boost|p1a: Blissey|spa|1\n|-boost|p1a: Blissey|spd|1\n|\n|-heal|p2a: Gholdengo|87\/100|[from] item: Leftovers\n|upkeep\n|turn|9\n|\n|t:|1699887773\n|switch|p2a: Weavile|Weavile, F|100\/100\n|move|p1a: Blissey|Heal Bell|p1a: Blissey\n|-activate|p1a: Blissey|move: Heal Bell\n|-curestatus|p1a: Blissey|par|[msg]\n|-curestatus|p1: Zamazenta|par|[msg]\n|\n|upkeep\n|turn|10\n|\n|t:|1699887784\n|switch|p1a: Zamazenta|Zamazenta|100\/100\n|move|p2a: Weavile|Swords Dance|p2a: Weavile\n|-boost|p2a: Weavile|atk|2\n|\n|upkeep\n|turn|11\n|\n|t:|1699887806\n|move|p1a: Zamazenta|Iron Defense|p1a: Zamazenta\n|-boost|p1a: Zamazenta|def|2\n|move|p2a: Weavile|Icicle Spear|p1a: Zamazenta\n|-damage|p1a: Zamazenta|89\/100\n|-damage|p1a: Zamazenta|77\/100\n|-damage|p1a: Zamazenta|65\/100\n|-damage|p1a: Zamazenta|53\/100\n|-damage|p1a: Zamazenta|42\/100\n|-hitcount|p1a: Zamazenta|5\n|\n|-heal|p1a: Zamazenta|48\/100|[from] item: Leftovers\n|upkeep\n|turn|12\n|\n|t:|1699887816\n|switch|p2a: Gholdengo|Gholdengo|87\/100\n|move|p1a: Zamazenta|Body Press|p2a: Gholdengo\n|-immune|p2a: Gholdengo\n|\n|-heal|p1a: Zamazenta|54\/100|[from] item: Leftovers\n|-heal|p2a: Gholdengo|93\/100|[from] item: Leftovers\n|upkeep\n|turn|13\n|\n|t:|1699887820\n|move|p1a: Zamazenta|Crunch|p2a: Gholdengo\n|-supereffective|p2a: Gholdengo\n|-damage|p2a: Gholdengo|64\/100\n|move|p2a: Gholdengo|Thunder Wave|p1a: Zamazenta\n|-status|p1a: Zamazenta|par\n|\n|-heal|p1a: Zamazenta|60\/100 par|[from] item: Leftovers\n|-heal|p2a: Gholdengo|70\/100|[from] item: Leftovers\n|upkeep\n|turn|14\n|\n|t:|1699887826\n|move|p1a: Zamazenta|Crunch|p2a: Gholdengo\n|-supereffective|p2a: Gholdengo\n|-damage|p2a: Gholdengo|39\/100\n|move|p2a: Gholdengo|Thunder Wave|p1a: Zamazenta\n|-fail|p1a: Zamazenta|par\n|\n|-heal|p1a: Zamazenta|66\/100 par|[from] item: Leftovers\n|-heal|p2a: Gholdengo|45\/100|[from] item: Leftovers\n|upkeep\n|turn|15\n|\n|t:|1699887834\n|cant|p1a: Zamazenta|par\n|move|p2a: Gholdengo|Recover|p2a: Gholdengo\n|-heal|p2a: Gholdengo|95\/100\n|\n|-heal|p1a: Zamazenta|72\/100 par|[from] item: Leftovers\n|-heal|p2a: Gholdengo|100\/100|[from] item: Leftovers\n|upkeep\n|turn|16\n|\n|t:|1699887841\n|move|p1a: Zamazenta|Trailblaze|p2a: Gholdengo\n|-resisted|p2a: Gholdengo\n|-damage|p2a: Gholdengo|96\/100\n|-boost|p1a: Zamazenta|spe|1\n|move|p2a: Gholdengo|Hex|p1a: Zamazenta\n|-damage|p1a: Zamazenta|32\/100 par\n|\n|-heal|p1a: Zamazenta|38\/100 par|[from] item: Leftovers\n|-heal|p2a: Gholdengo|100\/100|[from] item: Leftovers\n|upkeep\n|turn|17\n|\n|t:|1699887849\n|move|p1a: Zamazenta|Crunch|p2a: Gholdengo\n|-supereffective|p2a: Gholdengo\n|-damage|p2a: Gholdengo|73\/100\n|move|p2a: Gholdengo|Hex|p1a: Zamazenta\n|-damage|p1a: Zamazenta|0 fnt\n|faint|p1a: Zamazenta\n|\n|-heal|p2a: Gholdengo|79\/100|[from] item: Leftovers\n|upkeep\n|\n|t:|1699887857\n|switch|p1a: Kingambit|Kingambit, F|100\/100\n|-activate|p1a: Kingambit|ability: Supreme Overlord\n|-start|p1a: Kingambit|fallen2|[silent]\n|turn|18\n|\n|t:|1699887861\n|move|p1a: Kingambit|Sucker Punch||[still]\n|-fail|p1a: Kingambit\n|move|p2a: Gholdengo|Thunder Wave|p1a: Kingambit\n|-status|p1a: Kingambit|par\n|\n|-heal|p2a: Gholdengo|85\/100|[from] item: Leftovers\n|upkeep\n|turn|19\n|\n|t:|1699887869\n|switch|p2a: Weavile|Weavile, F|100\/100\n|move|p1a: Kingambit|Sucker Punch||[still]\n|-fail|p1a: Kingambit\n|\n|upkeep\n|turn|20\n|\n|t:|1699887875\n|move|p2a: Weavile|Low Kick|p1a: Kingambit\n|-supereffective|p1a: Kingambit\n|-damage|p1a: Kingambit|3\/100 par\n|move|p1a: Kingambit|Low Kick|p2a: Weavile\n|-supereffective|p2a: Weavile\n|-damage|p2a: Weavile|0 fnt\n|faint|p2a: Weavile\n|\n|upkeep\n|\n|t:|1699887883\n|switch|p2a: Cinderace|Cinderace, M|100\/100\n|turn|21\n|\n|t:|1699887888\n|-end|p1a: Kingambit|fallen2|[silent]\n|switch|p1a: Alomomola|Alomomola, M|100\/100\n|move|p2a: Cinderace|Sucker Punch||[still]\n|-fail|p2a: Cinderace\n|\n|upkeep\n|turn|22\n|\n|t:|1699887893\n|move|p2a: Cinderace|U-turn|p1a: Alomomola\n|-start|p2a: Cinderace|typechange|Bug|[from] ability: Libero\n|-damage|p1a: Alomomola|78\/100\n|\n|t:|1699887900\n|switch|p2a: Gholdengo|Gholdengo|85\/100|[from] U-turn\n|move|p1a: Alomomola|Wish|p1a: Alomomola\n|\n|-heal|p2a: Gholdengo|91\/100|[from] item: Leftovers\n|-heal|p1a: Alomomola|84\/100|[from] item: Leftovers\n|upkeep\n|turn|23\n|\n|t:|1699887907\n|move|p2a: Gholdengo|Hex|p1a: Alomomola\n|-damage|p1a: Alomomola|60\/100\n|move|p1a: Alomomola|Flip Turn|p2a: Gholdengo\n|-damage|p2a: Gholdengo|79\/100\n|\n|t:|1699887913\n|switch|p1a: Kingambit|Kingambit, F|3\/100 par|[from] Flip Turn\n|-activate|p1a: Kingambit|ability: Supreme Overlord\n|-start|p1a: Kingambit|fallen2|[silent]\n|\n|-heal|p1a: Kingambit|81\/100 par|[from] move: Wish|[wisher] Alomomola\n|-heal|p2a: Gholdengo|85\/100|[from] item: Leftovers\n|upkeep\n|turn|24\n|\n|t:|1699887921\n|move|p2a: Gholdengo|Hex|p1a: Kingambit\n|-resisted|p1a: Kingambit\n|-damage|p1a: Kingambit|50\/100 par\n|cant|p1a: Kingambit|par\n|\n|-heal|p2a: Gholdengo|92\/100|[from] item: Leftovers\n|upkeep\n|turn|25\n|\n|t:|1699887933\n|move|p1a: Kingambit|Sucker Punch|p2a: Gholdengo\n|-supereffective|p2a: Gholdengo\n|-damage|p2a: Gholdengo|12\/100\n|move|p2a: Gholdengo|Hex|p1a: Kingambit\n|-resisted|p1a: Kingambit\n|-damage|p1a: Kingambit|16\/100 par\n|\n|-heal|p2a: Gholdengo|18\/100|[from] item: Leftovers\n|upkeep\n|turn|26\n|\n|t:|1699887942\n|move|p1a: Kingambit|Sucker Punch||[still]\n|-fail|p1a: Kingambit\n|move|p2a: Gholdengo|Recover|p2a: Gholdengo\n|-heal|p2a: Gholdengo|68\/100\n|\n|-heal|p2a: Gholdengo|74\/100|[from] item: Leftovers\n|upkeep\n|turn|27\n|\n|t:|1699887950\n|-end|p1a: Kingambit|fallen2|[silent]\n|switch|p1a: Blissey|Blissey, F|100\/100\n|move|p2a: Gholdengo|Recover|p2a: Gholdengo\n|-heal|p2a: Gholdengo|100\/100\n|\n|upkeep\n|turn|28\n|\n|t:|1699887953\n|move|p2a: Gholdengo|Thunder Wave|p1a: Blissey\n|-status|p1a: Blissey|par\n|move|p1a: Blissey|Thunder Wave|p2a: Gholdengo\n|-immune|p2a: Gholdengo|[from] ability: Good as Gold\n|\n|upkeep\n|turn|29\n|\n|t:|1699887959\n|move|p2a: Gholdengo|Make It Rain|p1a: Blissey\n|-damage|p1a: Blissey|86\/100 par\n|-unboost|p2a: Gholdengo|spa|1\n|cant|p1a: Blissey|par\n|\n|-heal|p1a: Blissey|92\/100 par|[from] item: Leftovers\n|upkeep\n|turn|30\n|\n|t:|1699887967\n|switch|p2a: Cinderace|Cinderace, M|100\/100\n|move|p1a: Blissey|Heal Bell|p1a: Blissey\n|-activate|p1a: Blissey|move: Heal Bell\n|-curestatus|p1a: Blissey|par|[msg]\n|-curestatus|p1: Kingambit|par|[msg]\n|\n|-heal|p1a: Blissey|99\/100|[from] item: Leftovers\n|upkeep\n|turn|31\n|\n|t:|1699887974\n|switch|p1a: Alomomola|Alomomola, M|94\/100\n|-terastallize|p2a: Cinderace|Fire\n|move|p2a: Cinderace|Pyro Ball|p1a: Alomomola\n|-resisted|p1a: Alomomola\n|-damage|p1a: Alomomola|66\/100\n|\n|-heal|p1a: Alomomola|73\/100|[from] item: Leftovers\n|upkeep\n|turn|32\n|\n|t:|1699887987\n|move|p2a: Cinderace|U-turn|p1a: Alomomola\n|-damage|p1a: Alomomola|57\/100\n|\n|t:|1699887989\n|switch|p2a: Dragapult|Dragapult, F|100\/100|[from] U-turn\n|move|p1a: Alomomola|Wish|p1a: Alomomola\n|\n|-heal|p1a: Alomomola|64\/100|[from] item: Leftovers\n|upkeep\n|turn|33\n|\n|t:|1699887995\n|move|p2a: Dragapult|Draco Meteor|p1a: Alomomola\n|-damage|p1a: Alomomola|0 fnt\n|-unboost|p2a: Dragapult|spa|2\n|faint|p1a: Alomomola\n|\n|upkeep\n|\n|t:|1699888001\n|switch|p1a: Kingambit|Kingambit, F|16\/100\n|-activate|p1a: Kingambit|ability: Supreme Overlord\n|-start|p1a: Kingambit|fallen3|[silent]\n|turn|34\n|\n|t:|1699888008\n|switch|p2a: Gholdengo|Gholdengo|100\/100\n|-terastallize|p1a: Kingambit|Dark\n|move|p1a: Kingambit|Sucker Punch||[still]\n|-fail|p1a: Kingambit\n|\n|upkeep\n|turn|35\n|\n|t:|1699888013\n|move|p1a: Kingambit|Sucker Punch||[still]\n|-fail|p1a: Kingambit\n|move|p2a: Gholdengo|Thunder Wave|p1a: Kingambit\n|-status|p1a: Kingambit|par\n|\n|upkeep\n|turn|36\n|\n|t:|1699888020\n|move|p1a: Kingambit|Sucker Punch||[still]\n|-fail|p1a: Kingambit\n|move|p2a: Gholdengo|Thunder Wave|p1a: Kingambit\n|-fail|p1a: Kingambit|par\n|\n|upkeep\n|turn|37\n|\n|t:|1699888024\n|-end|p1a: Kingambit|fallen3|[silent]\n|switch|p1a: Blissey|Blissey, F|99\/100\n|move|p2a: Gholdengo|Thunder Wave|p1a: Blissey|[miss]\n|-miss|p2a: Gholdengo|p1a: Blissey\n|\n|-heal|p1a: Blissey|100\/100|[from] item: Leftovers\n|upkeep\n|turn|38\n|\n|t:|1699888033\n|move|p2a: Gholdengo|Thunder Wave|p1a: Blissey\n|-status|p1a: Blissey|par\n|move|p1a: Blissey|Calm Mind|p1a: Blissey\n|-boost|p1a: Blissey|spa|1\n|-boost|p1a: Blissey|spd|1\n|\n|upkeep\n|turn|39\n|\n|t:|1699888038\n|switch|p2a: Cinderace|Cinderace, M, tera:Fire|100\/100\n|move|p1a: Blissey|Heal Bell|p1a: Blissey\n|-activate|p1a: Blissey|move: Heal Bell\n|-curestatus|p1a: Blissey|par|[msg]\n|-curestatus|p1: Kingambit|par|[msg]\n|\n|upkeep\n|turn|40\n|\n|t:|1699888047\n|switch|p1a: Thundurus|Thundurus-Therian, M|100\/100\n|move|p2a: Cinderace|Pyro Ball|p1a: Thundurus\n|-damage|p1a: Thundurus|0 fnt\n|faint|p1a: Thundurus\n|\n|upkeep\n|\n|t:|1699888050\n|switch|p1a: Blissey|Blissey, F|100\/100\n|turn|41\n|\n|t:|1699888057\n|move|p2a: Cinderace|Pyro Ball|p1a: Blissey|[miss]\n|-miss|p2a: Cinderace|p1a: Blissey\n|move|p1a: Blissey|Thunder Wave|p2a: Cinderace\n|-status|p2a: Cinderace|par\n|\n|upkeep\n|turn|42\n|\n|t:|1699888065\n|cant|p2a: Cinderace|par\n|move|p1a: Blissey|Calm Mind|p1a: Blissey\n|-boost|p1a: Blissey|spa|1\n|-boost|p1a: Blissey|spd|1\n|\n|upkeep\n|turn|43\n|\n|t:|1699888076\n|move|p2a: Cinderace|Pyro Ball|p1a: Blissey\n|-damage|p1a: Blissey|0 fnt\n|faint|p1a: Blissey\n|\n|upkeep\n|\n|t:|1699888080\n|switch|p1a: Kingambit|Kingambit, F, tera:Dark|16\/100\n|-activate|p1a: Kingambit|ability: Supreme Overlord\n|-start|p1a: Kingambit|fallen5|[silent]\n|turn|44\n|\n|t:|1699888085\n|move|p1a: Kingambit|Sucker Punch||[still]\n|-fail|p1a: Kingambit\n|move|p2a: Cinderace|Court Change||[still]\n|-swapsideconditions\n|-fail|p2a: Cinderace\n|\n|upkeep\n|turn|45\n|\n|t:|1699888090\n|cant|p2a: Cinderace|par\n|move|p1a: Kingambit|Kowtow Cleave|p2a: Cinderace\n|-damage|p2a: Cinderace|0 fnt\n|faint|p2a: Cinderace\n|\n|upkeep\n|\n|t:|1699888094\n|switch|p2a: Gholdengo|Gholdengo|100\/100\n|turn|46\n|\n|t:|1699888099\n|move|p2a: Gholdengo|Thunder Wave|p1a: Kingambit\n|-status|p1a: Kingambit|par\n|cant|p1a: Kingambit|par\n|\n|upkeep\n|turn|47\n|\n|t:|1699888104\n|move|p2a: Gholdengo|Hex|p1a: Kingambit\n|-resisted|p1a: Kingambit\n|-damage|p1a: Kingambit|0 fnt\n|faint|p1a: Kingambit\n|-end|p1a: Kingambit|fallen5|[silent]\n|\n|win|nickookcin\n|raw|fawaboi's rating: 1083 &rarr; <strong>1061<\/strong><br \/>(-22 for losing)\n|raw|nickookcin's rating: 1084 &rarr; <strong>1111<\/strong><br \/>(+27 for winning)\n","uploadtime":1699887706,"views":10,"p1id":"fawaboi","p2id":"nickookcin","formatid":"gen9ou","rating":1061,"private":0,"password":""}