{"id":"gen9ou-1992099541","p1":"Asta_RPPLF","p2":"Rookie22","format":"[Gen 9] OU","log":"|j|\u2606Asta_RPPLF\n|j|\u2606Rookie22\n|t:|1700155043\n|gametype|singles\n|player|p1|Asta_RPPLF|#wcop2023belgium|1391\n|player|p2|Rookie22|iris-gen5bw2|1318\n|teamsize|p1|6\n|teamsize|p2|6\n|gen|9\n|tier|[Gen 9] OU\n|rated|\n|rule|Sleep Clause Mod: Limit one foe put to sleep\n|rule|Species Clause: Limit one of each Pok\u00e9mon\n|rule|OHKO Clause: OHKO moves are banned\n|rule|Evasion Items Clause: Evasion items are banned\n|rule|Evasion Moves Clause: Evasion moves are banned\n|rule|Endless Battle Clause: Forcing endless battles is banned\n|rule|HP Percentage Mod: HP is shown in percentages\n|clearpoke\n|poke|p1|Ogerpon-Wellspring, F|\n|poke|p1|Dragapult, F|\n|poke|p1|Cinderace, M|\n|poke|p1|Hatterene, F|\n|poke|p1|Corviknight, M|\n|poke|p1|Ting-Lu|\n|poke|p2|Dragapult, M|\n|poke|p2|Great Tusk|\n|poke|p2|Azumarill, M|\n|poke|p2|Kingambit, F|\n|poke|p2|Meowscarada, M|\n|poke|p2|Zapdos|\n|teampreview\n|inactive|Battle timer is ON: inactive players will automatically lose when time's up. (requested by Rookie22)\n|\n|t:|1700155075\n|start\n|switch|p1a: Cinderace|Cinderace, M|100\/100\n|switch|p2a: Azumarill|Azumarill, M|100\/100\n|turn|1\n|\n|t:|1700155089\n|switch|p1a: Corviknight|Corviknight, M|100\/100\n|-ability|p1a: Corviknight|Pressure\n|move|p2a: Azumarill|Play Rough|p1a: Corviknight\n|-resisted|p1a: Corviknight\n|-damage|p1a: Corviknight|83\/100\n|-unboost|p1a: Corviknight|atk|1\n|-damage|p2a: Azumarill|84\/100|[from] item: Rocky Helmet|[of] p1a: Corviknight\n|\n|upkeep\n|turn|2\n|\n|t:|1700155107\n|switch|p2a: Dragapult|Dragapult, M|100\/100\n|move|p1a: Corviknight|U-turn|p2a: Dragapult\n|-resisted|p2a: Dragapult\n|-damage|p2a: Dragapult|93\/100\n|\n|t:|1700155122\n|switch|p1a: Ting-Lu|Ting-Lu|100\/100|[from] U-turn\n|-ability|p1a: Ting-Lu|Vessel of Ruin\n|\n|upkeep\n|turn|3\n|\n|t:|1700155146\n|switch|p2a: Azumarill|Azumarill, M|84\/100\n|move|p1a: Ting-Lu|Ruination|p2a: Azumarill|[miss]\n|-miss|p1a: Ting-Lu|p2a: Azumarill\n|\n|upkeep\n|turn|4\n|\n|t:|1700155161\n|switch|p1a: Corviknight|Corviknight, M|83\/100\n|-ability|p1a: Corviknight|Pressure\n|move|p2a: Azumarill|Play Rough|p1a: Corviknight\n|-resisted|p1a: Corviknight\n|-damage|p1a: Corviknight|65\/100\n|-unboost|p1a: Corviknight|atk|1\n|-damage|p2a: Azumarill|67\/100|[from] item: Rocky Helmet|[of] p1a: Corviknight\n|\n|upkeep\n|turn|5\n|\n|t:|1700155172\n|switch|p2a: Zapdos|Zapdos|100\/100\n|move|p1a: Corviknight|Roost|p1a: Corviknight\n|-heal|p1a: Corviknight|100\/100\n|-singleturn|p1a: Corviknight|move: Roost\n|\n|upkeep\n|turn|6\n|inactive|Asta_RPPLF has 120 seconds left.\n|\n|t:|1700155203\n|switch|p1a: Ting-Lu|Ting-Lu|100\/100\n|-ability|p1a: Ting-Lu|Vessel of Ruin\n|move|p2a: Zapdos|Hurricane|p1a: Ting-Lu\n|-damage|p1a: Ting-Lu|76\/100\n|\n|-heal|p1a: Ting-Lu|82\/100|[from] item: Leftovers\n|upkeep\n|turn|7\n|inactive|Asta_RPPLF has 120 seconds left.\n|\n|t:|1700155214\n|switch|p2a: Meowscarada|Meowscarada, M|100\/100\n|move|p1a: Ting-Lu|Stealth Rock|p2a: Meowscarada\n|-sidestart|p2: Rookie22|move: Stealth Rock\n|\n|-heal|p1a: Ting-Lu|88\/100|[from] item: Leftovers\n|upkeep\n|turn|8\n|\n|t:|1700155223\n|switch|p1a: Corviknight|Corviknight, M|100\/100\n|-ability|p1a: Corviknight|Pressure\n|move|p2a: Meowscarada|Knock Off|p1a: Corviknight\n|-start|p2a: Meowscarada|typechange|Dark|[from] ability: Protean\n|-damage|p1a: Corviknight|72\/100\n|-damage|p2a: Meowscarada|84\/100|[from] item: Rocky Helmet|[of] p1a: Corviknight\n|-enditem|p1a: Corviknight|Rocky Helmet|[from] move: Knock Off|[of] p2a: Meowscarada\n|\n|upkeep\n|turn|9\n|inactive|Asta_RPPLF has 120 seconds left.\n|\n|t:|1700155242\n|move|p2a: Meowscarada|U-turn|p1a: Corviknight\n|-resisted|p1a: Corviknight\n|-damage|p1a: Corviknight|69\/100\n|\n|t:|1700155252\n|switch|p2a: Great Tusk|Great Tusk|100\/100|[from] U-turn\n|-damage|p2a: Great Tusk|97\/100|[from] Stealth Rock\n|move|p1a: Corviknight|U-turn|p2a: Great Tusk\n|-resisted|p2a: Great Tusk\n|-crit|p2a: Great Tusk\n|-damage|p2a: Great Tusk|91\/100\n|inactive|Asta_RPPLF has 120 seconds left.\n|\n|t:|1700155263\n|switch|p1a: Ogerpon|Ogerpon-Wellspring, F|100\/100|[from] U-turn\n|\n|-heal|p2a: Great Tusk|97\/100|[from] item: Leftovers\n|upkeep\n|turn|10\n|\n|t:|1700155270\n|-end|p2a: Great Tusk|Protosynthesis|[silent]\n|switch|p2a: Meowscarada|Meowscarada, M|84\/100\n|move|p1a: Ogerpon|Trailblaze|p2a: Meowscarada\n|-resisted|p2a: Meowscarada\n|-damage|p2a: Meowscarada|61\/100\n|-boost|p1a: Ogerpon|spe|1\n|\n|upkeep\n|turn|11\n|\n|t:|1700155282\n|switch|p1a: Corviknight|Corviknight, M|69\/100\n|-ability|p1a: Corviknight|Pressure\n|move|p2a: Meowscarada|U-turn|p1a: Corviknight\n|-start|p2a: Meowscarada|typechange|Bug|[from] ability: Protean\n|-resisted|p1a: Corviknight\n|-crit|p1a: Corviknight\n|-damage|p1a: Corviknight|62\/100\n|\n|t:|1700155296\n|switch|p2a: Dragapult|Dragapult, M|93\/100|[from] U-turn\n|-damage|p2a: Dragapult|81\/100|[from] Stealth Rock\n|\n|upkeep\n|turn|12\n|\n|t:|1700155303\n|switch|p1a: Ting-Lu|Ting-Lu|88\/100\n|-ability|p1a: Ting-Lu|Vessel of Ruin\n|move|p2a: Dragapult|Draco Meteor|p1a: Ting-Lu\n|-damage|p1a: Ting-Lu|56\/100\n|-unboost|p2a: Dragapult|spa|2\n|\n|-heal|p1a: Ting-Lu|62\/100|[from] item: Leftovers\n|upkeep\n|turn|13\n|\n|t:|1700155322\n|switch|p2a: Great Tusk|Great Tusk|97\/100\n|-damage|p2a: Great Tusk|94\/100|[from] Stealth Rock\n|move|p1a: Ting-Lu|Earthquake|p2a: Great Tusk\n|-damage|p2a: Great Tusk|70\/100\n|\n|-heal|p2a: Great Tusk|76\/100|[from] item: Leftovers\n|-heal|p1a: Ting-Lu|68\/100|[from] item: Leftovers\n|upkeep\n|turn|14\n|\n|t:|1700155334\n|switch|p1a: Corviknight|Corviknight, M|62\/100\n|-ability|p1a: Corviknight|Pressure\n|move|p2a: Great Tusk|Ice Spinner|p1a: Corviknight\n|-damage|p1a: Corviknight|44\/100\n|\n|-heal|p2a: Great Tusk|82\/100|[from] item: Leftovers\n|upkeep\n|turn|15\n|\n|t:|1700155344\n|move|p2a: Great Tusk|Rapid Spin|p1a: Corviknight\n|-resisted|p1a: Corviknight\n|-damage|p1a: Corviknight|39\/100\n|-boost|p2a: Great Tusk|spe|1\n|-sideend|p2: Rookie22|Stealth Rock|[from] move: Rapid Spin|[of] p2a: Great Tusk\n|move|p1a: Corviknight|Roost|p1a: Corviknight\n|-heal|p1a: Corviknight|89\/100\n|-singleturn|p1a: Corviknight|move: Roost\n|\n|-heal|p2a: Great Tusk|88\/100|[from] item: Leftovers\n|upkeep\n|turn|16\n|inactive|Asta_RPPLF has 120 seconds left.\n|\n|t:|1700155369\n|move|p2a: Great Tusk|Stealth Rock|p1a: Corviknight\n|-sidestart|p1: Asta_RPPLF|move: Stealth Rock\n|move|p1a: Corviknight|U-turn|p2a: Great Tusk\n|-resisted|p2a: Great Tusk\n|-damage|p2a: Great Tusk|84\/100\n|inactive|Asta_RPPLF has 120 seconds left.\n|\n|t:|1700155382\n|switch|p1a: Ogerpon|Ogerpon-Wellspring, F|100\/100|[from] U-turn\n|-damage|p1a: Ogerpon|88\/100|[from] Stealth Rock\n|\n|-heal|p2a: Great Tusk|90\/100|[from] item: Leftovers\n|upkeep\n|turn|17\n|inactive|Asta_RPPLF has 120 seconds left.\n|\n|t:|1700155400\n|-terastallize|p1a: Ogerpon|Water\n|detailschange|p1a: Ogerpon|Ogerpon-Wellspring-Tera, F, tera:Water\n|-ability|p1a: Ogerpon|Embody Aspect (Wellspring)|boost\n|-boost|p1a: Ogerpon|spd|1\n|move|p1a: Ogerpon|Trailblaze|p2a: Great Tusk\n|-supereffective|p2a: Great Tusk\n|-damage|p2a: Great Tusk|54\/100\n|-boost|p1a: Ogerpon|spe|1\n|move|p2a: Great Tusk|Earthquake|p1a: Ogerpon\n|-damage|p1a: Ogerpon|13\/100\n|\n|-heal|p2a: Great Tusk|60\/100|[from] item: Leftovers\n|upkeep\n|turn|18\n|inactive|Asta_RPPLF has 120 seconds left.\n|\n|t:|1700155427\n|-end|p2a: Great Tusk|Protosynthesis|[silent]\n|switch|p2a: Dragapult|Dragapult, M|81\/100\n|move|p1a: Ogerpon|Ivy Cudgel|p2a: Dragapult|[anim] Ivy Cudgel Water\n|-resisted|p2a: Dragapult\n|-damage|p2a: Dragapult|30\/100\n|\n|upkeep\n|turn|19\n|\n|t:|1700155439\n|switch|p2a: Kingambit|Kingambit, F|100\/100\n|move|p1a: Ogerpon|Ivy Cudgel|p2a: Kingambit|[anim] Ivy Cudgel Water\n|-damage|p2a: Kingambit|41\/100\n|-enditem|p2a: Kingambit|Sitrus Berry|[eat]\n|-heal|p2a: Kingambit|66\/100|[from] item: Sitrus Berry\n|\n|upkeep\n|turn|20\n|\n|t:|1700155453\n|move|p1a: Ogerpon|Encore||[still]\n|-fail|p1a: Ogerpon\n|move|p2a: Kingambit|Iron Head|p1a: Ogerpon\n|-resisted|p1a: Ogerpon\n|-damage|p1a: Ogerpon|0 fnt\n|faint|p1a: Ogerpon\n|\n|upkeep\n|\n|t:|1700155460\n|switch|p1a: Cinderace|Cinderace, M|100\/100\n|turn|21\n|\n|t:|1700155470\n|-end|p2a: Kingambit|fallenundefined|[silent]\n|switch|p2a: Azumarill|Azumarill, M|67\/100\n|move|p1a: Cinderace|Court Change|p1a: Cinderace\n|-start|p1a: Cinderace|typechange|Normal|[from] ability: Libero\n|-swapsideconditions\n|-activate|p1a: Cinderace|move: Court Change\n|\n|upkeep\n|turn|22\n|inactive|Asta_RPPLF has 120 seconds left.\n|\n|t:|1700155482\n|move|p1a: Cinderace|U-turn|p2a: Azumarill\n|-resisted|p2a: Azumarill\n|-damage|p2a: Azumarill|56\/100\n|\n|t:|1700155494\n|switch|p1a: Corviknight|Corviknight, M|89\/100|[from] U-turn\n|-ability|p1a: Corviknight|Pressure\n|move|p2a: Azumarill|Liquidation|p1a: Corviknight\n|-damage|p1a: Corviknight|59\/100\n|\n|upkeep\n|turn|23\n|inactive|Asta_RPPLF has 90 seconds left.\n|\n|t:|1700155540\n|switch|p2a: Great Tusk|Great Tusk|60\/100\n|-damage|p2a: Great Tusk|57\/100|[from] Stealth Rock\n|move|p1a: Corviknight|Roost|p1a: Corviknight\n|-heal|p1a: Corviknight|100\/100\n|-singleturn|p1a: Corviknight|move: Roost\n|\n|-heal|p2a: Great Tusk|63\/100|[from] item: Leftovers\n|upkeep\n|turn|24\n|\n|t:|1700155555\n|move|p2a: Great Tusk|Ice Spinner|p1a: Corviknight\n|-damage|p1a: Corviknight|81\/100\n|move|p1a: Corviknight|U-turn|p2a: Great Tusk\n|-resisted|p2a: Great Tusk\n|-damage|p2a: Great Tusk|59\/100\n|\n|t:|1700155561\n|switch|p1a: Dragapult|Dragapult, F|100\/100|[from] U-turn\n|\n|-heal|p2a: Great Tusk|65\/100|[from] item: Leftovers\n|upkeep\n|turn|25\n|\n|t:|1700155570\n|-end|p2a: Great Tusk|Protosynthesis|[silent]\n|switch|p2a: Kingambit|Kingambit, F|66\/100\n|-damage|p2a: Kingambit|59\/100|[from] Stealth Rock\n|move|p1a: Dragapult|Shadow Ball|p2a: Kingambit\n|-resisted|p2a: Kingambit\n|-damage|p2a: Kingambit|33\/100\n|\n|upkeep\n|turn|26\n|\n|t:|1700155584\n|switch|p1a: Ting-Lu|Ting-Lu|68\/100\n|-ability|p1a: Ting-Lu|Vessel of Ruin\n|move|p2a: Kingambit|Sucker Punch||[still]\n|-fail|p2a: Kingambit\n|\n|-heal|p1a: Ting-Lu|74\/100|[from] item: Leftovers\n|upkeep\n|turn|27\n|\n|t:|1700155594\n|-end|p2a: Kingambit|fallenundefined|[silent]\n|switch|p2a: Great Tusk|Great Tusk|65\/100\n|-damage|p2a: Great Tusk|62\/100|[from] Stealth Rock\n|switch|p1a: Dragapult|Dragapult, F|100\/100\n|\n|-heal|p2a: Great Tusk|68\/100|[from] item: Leftovers\n|upkeep\n|turn|28\n|inactive|Asta_RPPLF has 90 seconds left.\n|\n|t:|1700155615\n|-end|p2a: Great Tusk|Protosynthesis|[silent]\n|switch|p2a: Zapdos|Zapdos|100\/100\n|move|p1a: Dragapult|Draco Meteor|p2a: Zapdos\n|-damage|p2a: Zapdos|25\/100\n|-unboost|p1a: Dragapult|spa|2\n|\n|upkeep\n|turn|29\n|inactive|Asta_RPPLF has 90 seconds left.\n|\n|t:|1700155632\n|switch|p1a: Corviknight|Corviknight, M|81\/100\n|-ability|p1a: Corviknight|Pressure\n|switch|p2a: Azumarill|Azumarill, M|56\/100\n|-damage|p2a: Azumarill|44\/100|[from] Stealth Rock\n|-enditem|p2a: Azumarill|Sitrus Berry|[eat]\n|-heal|p2a: Azumarill|69\/100|[from] item: Sitrus Berry\n|\n|upkeep\n|turn|30\n|\n|t:|1700155642\n|switch|p2a: Great Tusk|Great Tusk|68\/100\n|-damage|p2a: Great Tusk|65\/100|[from] Stealth Rock\n|move|p1a: Corviknight|U-turn|p2a: Great Tusk\n|-resisted|p2a: Great Tusk\n|-crit|p2a: Great Tusk\n|-damage|p2a: Great Tusk|59\/100\n|\n|t:|1700155649\n|switch|p1a: Dragapult|Dragapult, F|100\/100|[from] U-turn\n|\n|-heal|p2a: Great Tusk|65\/100|[from] item: Leftovers\n|upkeep\n|turn|31\n|\n|t:|1700155656\n|-terastallize|p2a: Great Tusk|Steel\n|move|p1a: Dragapult|Shadow Ball|p2a: Great Tusk\n|-damage|p2a: Great Tusk|0 fnt\n|faint|p2a: Great Tusk\n|-end|p2a: Great Tusk|Protosynthesis|[silent]\n|\n|upkeep\n|\n|t:|1700155664\n|switch|p2a: Meowscarada|Meowscarada, M|61\/100\n|turn|32\n|\n|t:|1700155669\n|switch|p1a: Corviknight|Corviknight, M|81\/100\n|-ability|p1a: Corviknight|Pressure\n|move|p2a: Meowscarada|Knock Off|p1a: Corviknight\n|-start|p2a: Meowscarada|typechange|Dark|[from] ability: Protean\n|-damage|p1a: Corviknight|64\/100\n|\n|upkeep\n|turn|33\n|\n|t:|1700155689\n|switch|p2a: Azumarill|Azumarill, M|69\/100\n|-damage|p2a: Azumarill|57\/100|[from] Stealth Rock\n|move|p1a: Corviknight|U-turn|p2a: Azumarill\n|-resisted|p2a: Azumarill\n|-damage|p2a: Azumarill|50\/100\n|\n|t:|1700155700\n|switch|p1a: Dragapult|Dragapult, F|100\/100|[from] U-turn\n|\n|upkeep\n|turn|34\n|\n|t:|1700155705\n|move|p1a: Dragapult|Thunderbolt|p2a: Azumarill\n|-supereffective|p2a: Azumarill\n|-damage|p2a: Azumarill|0 fnt\n|faint|p2a: Azumarill\n|\n|upkeep\n|c|\u2606Asta_RPPLF|Gg\n|inactive|Rookie22 has 120 seconds left.\n|\n|t:|1700155735\n|switch|p2a: Kingambit|Kingambit, F|33\/100\n|-damage|p2a: Kingambit|27\/100|[from] Stealth Rock\n|-activate|p2a: Kingambit|ability: Supreme Overlord\n|-start|p2a: Kingambit|fallen2|[silent]\n|turn|35\n|inactive|Asta_RPPLF has 120 seconds left.\n|\n|t:|1700155747\n|move|p1a: Dragapult|Thunderbolt|p2a: Kingambit\n|-damage|p2a: Kingambit|0 fnt\n|faint|p2a: Kingambit\n|-end|p2a: Kingambit|fallen2|[silent]\n|\n|upkeep\n|\n|t:|1700155755\n|switch|p2a: Dragapult|Dragapult, M|30\/100\n|-damage|p2a: Dragapult|18\/100|[from] Stealth Rock\n|turn|36\n|c|\u2606Asta_RPPLF|It was obviouq\n|\n|t:|1700155761\n|switch|p1a: Ting-Lu|Ting-Lu|74\/100\n|-ability|p1a: Ting-Lu|Vessel of Ruin\n|move|p2a: Dragapult|Shadow Ball|p1a: Ting-Lu\n|-resisted|p1a: Ting-Lu\n|-damage|p1a: Ting-Lu|64\/100\n|\n|-heal|p1a: Ting-Lu|70\/100|[from] item: Leftovers\n|upkeep\n|turn|37\n|\n|t:|1700155775\n|switch|p2a: Meowscarada|Meowscarada, M|61\/100\n|switch|p1a: Cinderace|Cinderace, M|100\/100\n|\n|upkeep\n|turn|38\n|\n|t:|1700155782\n|move|p2a: Meowscarada|Knock Off|p1a: Cinderace\n|-start|p2a: Meowscarada|typechange|Dark|[from] ability: Protean\n|-damage|p1a: Cinderace|30\/100\n|-enditem|p1a: Cinderace|Heavy-Duty Boots|[from] move: Knock Off|[of] p2a: Meowscarada\n|move|p1a: Cinderace|U-turn|p2a: Meowscarada\n|-start|p1a: Cinderace|typechange|Bug|[from] ability: Libero\n|-supereffective|p2a: Meowscarada\n|-damage|p2a: Meowscarada|0 fnt\n|faint|p2a: Meowscarada\n|inactive|Asta_RPPLF has 120 seconds left.\n|\n|t:|1700155806\n|switch|p1a: Hatterene|Hatterene, F|100\/100|[from] U-turn\n|\n|upkeep\n|\n|t:|1700155809\n|switch|p2a: Zapdos|Zapdos|25\/100\n|turn|39\n|\n|t:|1700155814\n|move|p2a: Zapdos|Roost|p2a: Zapdos\n|-heal|p2a: Zapdos|75\/100\n|-singleturn|p2a: Zapdos|move: Roost\n|move|p1a: Hatterene|Calm Mind|p1a: Hatterene\n|-boost|p1a: Hatterene|spa|1\n|-boost|p1a: Hatterene|spd|1\n|\n|upkeep\n|turn|40\n|\n|t:|1700155821\n|move|p2a: Zapdos|Thunderbolt|p1a: Hatterene\n|-damage|p1a: Hatterene|63\/100\n|move|p1a: Hatterene|Draining Kiss|p2a: Zapdos\n|-damage|p2a: Zapdos|39\/100\n|-heal|p1a: Hatterene|90\/100|[from] drain|[of] p2a: Zapdos\n|\n|upkeep\n|turn|41\n|\n|t:|1700155829\n|move|p2a: Zapdos|Roost|p2a: Zapdos\n|-heal|p2a: Zapdos|90\/100\n|-singleturn|p2a: Zapdos|move: Roost\n|move|p1a: Hatterene|Draining Kiss|p2a: Zapdos\n|-crit|p2a: Zapdos\n|-damage|p2a: Zapdos|34\/100\n|-heal|p1a: Hatterene|100\/100|[from] drain|[of] p2a: Zapdos\n|\n|upkeep\n|turn|42\n|\n|t:|1700155837\n|move|p2a: Zapdos|Roost|p2a: Zapdos\n|-heal|p2a: Zapdos|85\/100\n|-singleturn|p2a: Zapdos|move: Roost\n|move|p1a: Hatterene|Calm Mind|p1a: Hatterene\n|-boost|p1a: Hatterene|spa|1\n|-boost|p1a: Hatterene|spd|1\n|\n|upkeep\n|turn|43\n|\n|t:|1700155846\n|move|p2a: Zapdos|Hurricane|p1a: Hatterene|[miss]\n|-miss|p2a: Zapdos|p1a: Hatterene\n|move|p1a: Hatterene|Draining Kiss|p2a: Zapdos\n|-damage|p2a: Zapdos|35\/100\n|\n|upkeep\n|turn|44\n|\n|t:|1700155856\n|move|p2a: Zapdos|Hurricane|p1a: Hatterene|[miss]\n|-miss|p2a: Zapdos|p1a: Hatterene\n|move|p1a: Hatterene|Draining Kiss|p2a: Zapdos\n|-damage|p2a: Zapdos|0 fnt\n|faint|p2a: Zapdos\n|\n|upkeep\n|-message|Rookie22 forfeited.\n|\n|win|Asta_RPPLF\n|raw|Asta_RPPLF's rating: 1391 &rarr; <strong>1407<\/strong><br \/>(+16 for winning)\n|raw|Rookie22's rating: 1318 &rarr; <strong>1302<\/strong><br \/>(-16 for losing)\n|l|\u2606Rookie22\n","uploadtime":1700155867,"views":8,"p1id":"astarpplf","p2id":"rookie22","formatid":"gen9ou","rating":1302,"private":0,"password":""}