{"id":"gen9ou-1991711907","p1":"Blaine1111","p2":"epicfury","format":"[Gen 9] OU","log":"|j|\u2606Blaine1111\n|j|\u2606epicfury\n|t:|1700105683\n|gametype|singles\n|player|p1|Blaine1111|265|1429\n|player|p2|epicfury|wallace|1496\n|teamsize|p1|6\n|teamsize|p2|6\n|gen|9\n|tier|[Gen 9] OU\n|rated|\n|rule|Sleep Clause Mod: Limit one foe put to sleep\n|rule|Species Clause: Limit one of each Pok\u00e9mon\n|rule|OHKO Clause: OHKO moves are banned\n|rule|Evasion Items Clause: Evasion items are banned\n|rule|Evasion Moves Clause: Evasion moves are banned\n|rule|Endless Battle Clause: Forcing endless battles is banned\n|rule|HP Percentage Mod: HP is shown in percentages\n|clearpoke\n|poke|p1|Torkoal, F|\n|poke|p1|Walking Wake|\n|poke|p1|Great Tusk|\n|poke|p1|Kingambit, M|\n|poke|p1|Maushold-Four|\n|poke|p1|Moltres|\n|poke|p2|Great Tusk|\n|poke|p2|Heatran, M|\n|poke|p2|Rillaboom, M|\n|poke|p2|Ogerpon-Wellspring, F|\n|poke|p2|Zapdos|\n|poke|p2|Volcanion|\n|teampreview\n|inactive|Battle timer is ON: inactive players will automatically lose when time's up. (requested by epicfury)\n|\n|t:|1700105707\n|start\n|switch|p1a: Torkoal|Torkoal, F|100\/100\n|switch|p2a: Heatran|Heatran, M|100\/100\n|-weather|SunnyDay|[from] ability: Drought|[of] p1a: Torkoal\n|turn|1\n|\n|t:|1700105721\n|switch|p1a: Moltres|Moltres|100\/100\n|move|p2a: Heatran|Taunt|p1a: Moltres\n|-start|p1a: Moltres|move: Taunt\n|\n|-weather|SunnyDay|[upkeep]\n|upkeep\n|turn|2\n|\n|t:|1700105728\n|move|p2a: Heatran|Stealth Rock|p1a: Moltres\n|-sidestart|p1: Blaine1111|move: Stealth Rock\n|move|p1a: Moltres|U-turn|p2a: Heatran\n|-resisted|p2a: Heatran\n|-damage|p2a: Heatran|97\/100\n|\n|t:|1700105732\n|switch|p1a: Walking Wake|Walking Wake|100\/100|[from] U-turn\n|-damage|p1a: Walking Wake|88\/100|[from] Stealth Rock\n|-activate|p1a: Walking Wake|ability: Protosynthesis\n|-start|p1a: Walking Wake|protosynthesisspa\n|\n|-weather|SunnyDay|[upkeep]\n|-heal|p2a: Heatran|100\/100|[from] item: Leftovers\n|upkeep\n|turn|3\n|\n|t:|1700105751\n|switch|p2a: Volcanion|Volcanion|100\/100\n|-terastallize|p1a: Walking Wake|Water\n|move|p1a: Walking Wake|Hydro Steam|p2a: Volcanion\n|-immune|p2a: Volcanion|[from] ability: Water Absorb\n|\n|-weather|SunnyDay|[upkeep]\n|upkeep\n|turn|4\n|\n|t:|1700105766\n|-end|p1a: Walking Wake|Protosynthesis|[silent]\n|switch|p1a: Moltres|Moltres|100\/100\n|move|p2a: Volcanion|Fire Blast|p1a: Moltres\n|-resisted|p1a: Moltres\n|-damage|p1a: Moltres|52\/100\n|\n|-weather|SunnyDay|[upkeep]\n|upkeep\n|turn|5\n|\n|t:|1700105774\n|switch|p2a: Heatran|Heatran, M|100\/100\n|move|p1a: Moltres|Roost|p1a: Moltres\n|-heal|p1a: Moltres|100\/100\n|-singleturn|p1a: Moltres|move: Roost\n|\n|-weather|SunnyDay|[upkeep]\n|upkeep\n|turn|6\n|\n|t:|1700105788\n|switch|p2a: Zapdos|Zapdos|100\/100\n|move|p1a: Moltres|U-turn|p2a: Zapdos\n|-resisted|p2a: Zapdos\n|-damage|p2a: Zapdos|91\/100\n|-status|p1a: Moltres|par|[from] ability: Static|[of] p2a: Zapdos\n|\n|t:|1700105799\n|switch|p1a: Walking Wake|Walking Wake, tera:Water|88\/100|[from] U-turn\n|-damage|p1a: Walking Wake|76\/100|[from] Stealth Rock\n|-activate|p1a: Walking Wake|ability: Protosynthesis\n|-start|p1a: Walking Wake|protosynthesisspa\n|\n|-weather|SunnyDay|[upkeep]\n|upkeep\n|turn|7\n|\n|t:|1700105832\n|switch|p2a: Volcanion|Volcanion|100\/100\n|move|p1a: Walking Wake|Dragon Pulse|p2a: Volcanion\n|-damage|p2a: Volcanion|3\/100\n|\n|-weather|SunnyDay|[upkeep]\n|upkeep\n|turn|8\n|\n|t:|1700105838\n|switch|p2a: Heatran|Heatran, M|100\/100\n|move|p1a: Walking Wake|Dragon Pulse|p2a: Heatran\n|-resisted|p2a: Heatran\n|-damage|p2a: Heatran|57\/100\n|\n|-weather|none\n|-end|p1a: Walking Wake|Protosynthesis\n|-heal|p2a: Heatran|63\/100|[from] item: Leftovers\n|upkeep\n|turn|9\n|\n|t:|1700105847\n|-end|p1a: Walking Wake|Protosynthesis|[silent]\n|switch|p1a: Moltres|Moltres|100\/100 par\n|move|p2a: Heatran|Magma Storm|p1a: Moltres\n|-resisted|p1a: Moltres\n|-damage|p1a: Moltres|82\/100 par\n|-activate|p1a: Moltres|move: Magma Storm|[of] p2a: Heatran\n|\n|-heal|p2a: Heatran|69\/100|[from] item: Leftovers\n|-damage|p1a: Moltres|69\/100 par|[from] move: Magma Storm|[partiallytrapped]\n|upkeep\n|turn|10\n|\n|t:|1700105856\n|move|p2a: Heatran|Taunt|p1a: Moltres\n|-start|p1a: Moltres|move: Taunt\n|cant|p1a: Moltres|move: Taunt|Roost\n|\n|-heal|p2a: Heatran|75\/100|[from] item: Leftovers\n|-damage|p1a: Moltres|57\/100 par|[from] move: Magma Storm|[partiallytrapped]\n|upkeep\n|turn|11\n|\n|t:|1700105875\n|move|p2a: Heatran|Magma Storm|p1a: Moltres\n|-resisted|p1a: Moltres\n|-damage|p1a: Moltres|39\/100 par\n|move|p1a: Moltres|U-turn|p2a: Heatran\n|-resisted|p2a: Heatran\n|-damage|p2a: Heatran|72\/100\n|\n|t:|1700105881\n|switch|p1a: Great Tusk|Great Tusk|100\/100|[from] U-turn\n|-damage|p1a: Great Tusk|98\/100|[from] Stealth Rock\n|\n|-heal|p2a: Heatran|78\/100|[from] item: Leftovers\n|-heal|p1a: Great Tusk|100\/100|[from] item: Leftovers\n|upkeep\n|turn|12\n|\n|t:|1700105890\n|switch|p2a: Zapdos|Zapdos|91\/100\n|move|p1a: Great Tusk|Rapid Spin|p2a: Zapdos\n|-damage|p2a: Zapdos|68\/100\n|-boost|p1a: Great Tusk|spe|1\n|-sideend|p1: Blaine1111|Stealth Rock|[from] move: Rapid Spin|[of] p1a: Great Tusk\n|\n|upkeep\n|turn|13\n|\n|t:|1700105903\n|-end|p1a: Great Tusk|Protosynthesis|[silent]\n|switch|p1a: Torkoal|Torkoal, F|100\/100\n|-weather|SunnyDay|[from] ability: Drought|[of] p1a: Torkoal\n|move|p2a: Zapdos|Hurricane|p1a: Torkoal\n|-damage|p1a: Torkoal|20\/100\n|\n|-weather|SunnyDay|[upkeep]\n|upkeep\n|turn|14\n|\n|t:|1700105912\n|move|p2a: Zapdos|Discharge|p1a: Torkoal\n|-damage|p1a: Torkoal|0 fnt\n|faint|p1a: Torkoal\n|\n|-weather|SunnyDay|[upkeep]\n|upkeep\n|\n|t:|1700105918\n|switch|p1a: Walking Wake|Walking Wake, tera:Water|76\/100\n|-activate|p1a: Walking Wake|ability: Protosynthesis\n|-start|p1a: Walking Wake|protosynthesisspa\n|turn|15\n|\n|t:|1700105925\n|switch|p2a: Volcanion|Volcanion|3\/100\n|move|p1a: Walking Wake|Dragon Pulse|p2a: Volcanion\n|-damage|p2a: Volcanion|0 fnt\n|faint|p2a: Volcanion\n|\n|-weather|SunnyDay|[upkeep]\n|upkeep\n|\n|t:|1700105931\n|switch|p2a: Rillaboom|Rillaboom, M|100\/100\n|-fieldstart|move: Grassy Terrain|[from] ability: Grassy Surge|[of] p2a: Rillaboom\n|turn|16\n|\n|t:|1700105937\n|-end|p1a: Walking Wake|Protosynthesis|[silent]\n|switch|p1a: Moltres|Moltres|39\/100 par\n|move|p2a: Rillaboom|Grassy Glide|p1a: Moltres\n|-resisted|p1a: Moltres\n|-damage|p1a: Moltres|23\/100 par\n|\n|-weather|SunnyDay|[upkeep]\n|upkeep\n|turn|17\n|\n|t:|1700105946\n|switch|p2a: Zapdos|Zapdos|68\/100\n|move|p1a: Moltres|Will-O-Wisp|p2a: Zapdos\n|-status|p2a: Zapdos|brn\n|\n|-weather|SunnyDay|[upkeep]\n|-damage|p2a: Zapdos|62\/100 brn|[from] brn\n|upkeep\n|turn|18\n|\n|t:|1700105957\n|switch|p1a: Great Tusk|Great Tusk|100\/100\n|-activate|p1a: Great Tusk|ability: Protosynthesis\n|-start|p1a: Great Tusk|protosynthesisatk\n|move|p2a: Zapdos|Discharge|p1a: Great Tusk\n|-immune|p1a: Great Tusk\n|\n|-weather|SunnyDay|[upkeep]\n|-damage|p2a: Zapdos|56\/100 brn|[from] brn\n|upkeep\n|turn|19\n|\n|t:|1700105966\n|move|p2a: Zapdos|Hurricane|p1a: Great Tusk|[miss]\n|-miss|p2a: Zapdos|p1a: Great Tusk\n|move|p1a: Great Tusk|Ice Spinner|p2a: Zapdos\n|-supereffective|p2a: Zapdos\n|-damage|p2a: Zapdos|0 fnt\n|-fieldend|move: Grassy Terrain\n|faint|p2a: Zapdos\n|\n|-weather|SunnyDay|[upkeep]\n|upkeep\n|\n|t:|1700105995\n|switch|p2a: Ogerpon|Ogerpon-Wellspring, F|100\/100\n|turn|20\n|\n|t:|1700106009\n|move|p2a: Ogerpon|Ivy Cudgel|p1a: Great Tusk|[anim] Ivy Cudgel Water\n|-supereffective|p1a: Great Tusk\n|-damage|p1a: Great Tusk|67\/100\n|move|p1a: Great Tusk|Ice Spinner|p2a: Ogerpon\n|-damage|p2a: Ogerpon|51\/100\n|\n|-weather|none\n|-end|p1a: Great Tusk|Protosynthesis\n|-heal|p1a: Great Tusk|73\/100|[from] item: Leftovers\n|upkeep\n|turn|21\n|inactive|Blaine1111 has 120 seconds left.\n|inactive|epicfury has 120 seconds left.\n|\n|t:|1700106067\n|move|p2a: Ogerpon|U-turn|p1a: Great Tusk\n|-resisted|p1a: Great Tusk\n|-damage|p1a: Great Tusk|65\/100\n|\n|t:|1700106072\n|switch|p2a: Great Tusk|Great Tusk|100\/100|[from] U-turn\n|move|p1a: Great Tusk|Ice Spinner|p2a: Great Tusk\n|-supereffective|p2a: Great Tusk\n|-crit|p2a: Great Tusk\n|-damage|p2a: Great Tusk|39\/100\n|\n|-heal|p1a: Great Tusk|71\/100|[from] item: Leftovers\n|upkeep\n|turn|22\n|\n|t:|1700106082\n|move|p2a: Great Tusk|Knock Off|p1a: Great Tusk\n|-resisted|p1a: Great Tusk\n|-crit|p1a: Great Tusk\n|-damage|p1a: Great Tusk|55\/100\n|-enditem|p1a: Great Tusk|Leftovers|[from] move: Knock Off|[of] p2a: Great Tusk\n|move|p1a: Great Tusk|Rapid Spin|p2a: Great Tusk\n|-damage|p2a: Great Tusk|27\/100\n|-boost|p1a: Great Tusk|spe|1\n|\n|upkeep\n|turn|23\n|inactive|epicfury has 120 seconds left.\n|\n|t:|1700106099\n|move|p1a: Great Tusk|Ice Spinner|p2a: Great Tusk\n|-supereffective|p2a: Great Tusk\n|-damage|p2a: Great Tusk|0 fnt\n|faint|p2a: Great Tusk\n|-end|p2a: Great Tusk|Protosynthesis|[silent]\n|\n|upkeep\n|\n|t:|1700106101\n|switch|p2a: Rillaboom|Rillaboom, M|100\/100\n|-fieldstart|move: Grassy Terrain|[from] ability: Grassy Surge|[of] p2a: Rillaboom\n|turn|24\n|\n|t:|1700106109\n|switch|p2a: Ogerpon|Ogerpon-Wellspring, F|51\/100\n|move|p1a: Great Tusk|Ice Spinner|p2a: Ogerpon\n|-damage|p2a: Ogerpon|17\/100\n|-fieldend|move: Grassy Terrain\n|\n|upkeep\n|turn|25\n|\n|t:|1700106115\n|move|p2a: Ogerpon|Power Whip|p1a: Great Tusk\n|-supereffective|p1a: Great Tusk\n|-damage|p1a: Great Tusk|0 fnt\n|faint|p1a: Great Tusk\n|-end|p1a: Great Tusk|Protosynthesis|[silent]\n|\n|upkeep\n|\n|t:|1700106126\n|switch|p1a: Maushold|Maushold-Four, shiny|100\/100\n|turn|26\n|\n|t:|1700106134\n|move|p1a: Maushold|Population Bomb|p2a: Ogerpon\n|-crit|p2a: Ogerpon\n|-damage|p2a: Ogerpon|0 fnt\n|faint|p2a: Ogerpon\n|-hitcount|p2: Ogerpon|1\n|\n|upkeep\n|\n|t:|1700106136\n|switch|p2a: Rillaboom|Rillaboom, M|100\/100\n|-fieldstart|move: Grassy Terrain|[from] ability: Grassy Surge|[of] p2a: Rillaboom\n|turn|27\n|inactive|Blaine1111 has 120 seconds left.\n|\n|t:|1700106161\n|switch|p1a: Moltres|Moltres|23\/100 par\n|-terastallize|p2a: Rillaboom|Grass\n|move|p2a: Rillaboom|Grassy Glide|p1a: Moltres\n|-resisted|p1a: Moltres\n|-damage|p1a: Moltres|4\/100 par\n|\n|upkeep\n|turn|28\n|\n|t:|1700106169\n|switch|p2a: Heatran|Heatran, M|78\/100\n|move|p1a: Moltres|Roost|p1a: Moltres\n|-heal|p1a: Moltres|54\/100 par\n|-singleturn|p1a: Moltres|move: Roost\n|\n|-heal|p2a: Heatran|84\/100|[from] Grassy Terrain\n|-heal|p2a: Heatran|91\/100|[from] item: Leftovers\n|-heal|p1a: Moltres|60\/100 par|[from] Grassy Terrain\n|upkeep\n|turn|29\n|inactive|Blaine1111 has 120 seconds left.\n|\n|t:|1700106184\n|switch|p1a: Walking Wake|Walking Wake, tera:Water|76\/100\n|move|p2a: Heatran|Magma Storm|p1a: Walking Wake\n|-resisted|p1a: Walking Wake\n|-damage|p1a: Walking Wake|46\/100\n|-activate|p1a: Walking Wake|move: Magma Storm|[of] p2a: Heatran\n|\n|-heal|p1a: Walking Wake|52\/100|[from] Grassy Terrain\n|-heal|p2a: Heatran|97\/100|[from] Grassy Terrain\n|-heal|p2a: Heatran|100\/100|[from] item: Leftovers\n|-damage|p1a: Walking Wake|39\/100|[from] move: Magma Storm|[partiallytrapped]\n|upkeep\n|turn|30\n|inactive|Blaine1111 has 120 seconds left.\n|\n|t:|1700106195\n|move|p1a: Walking Wake|Hydro Steam|p2a: Heatran\n|-supereffective|p2a: Heatran\n|-damage|p2a: Heatran|0 fnt\n|faint|p2a: Heatran\n|\n|-heal|p1a: Walking Wake|46\/100|[from] Grassy Terrain\n|-end|p1a: Walking Wake|Magma Storm|[partiallytrapped]|[silent]\n|upkeep\n|\n|t:|1700106197\n|switch|p2a: Rillaboom|Rillaboom, M, tera:Grass|100\/100\n|turn|31\n|\n|t:|1700106202\n|move|p2a: Rillaboom|Grassy Glide|p1a: Walking Wake\n|-supereffective|p1a: Walking Wake\n|-crit|p1a: Walking Wake\n|-damage|p1a: Walking Wake|0 fnt\n|faint|p1a: Walking Wake\n|-end|p1a: Walking Wake|Protosynthesis|[silent]\n|\n|-fieldend|move: Grassy Terrain\n|upkeep\n|-message|epicfury forfeited.\n|\n|win|Blaine1111\n|raw|Blaine1111's rating: 1429 &rarr; <strong>1453<\/strong><br \/>(+24 for winning)\n|raw|epicfury's rating: 1496 &rarr; <strong>1472<\/strong><br \/>(-24 for losing)\n|l|\u2606epicfury\n","uploadtime":1700106239,"views":21,"p1id":"blaine1111","p2id":"epicfury","formatid":"gen9ou","rating":1453,"private":0,"password":""}