{"id":"gen9ou-1992676444","p1":"Feka34","p2":"CrossRebellion","format":"[Gen 9] OU","log":"|j|\u2606Feka34\n|j|\u2606CrossRebellion\n|t:|1700223956\n|gametype|singles\n|player|p1|Feka34|boarder|1261\n|player|p2|CrossRebellion|clair|1204\n|teamsize|p1|6\n|teamsize|p2|6\n|gen|9\n|tier|[Gen 9] OU\n|rated|\n|rule|Sleep Clause Mod: Limit one foe put to sleep\n|rule|Species Clause: Limit one of each Pok\u00e9mon\n|rule|OHKO Clause: OHKO moves are banned\n|rule|Evasion Items Clause: Evasion items are banned\n|rule|Evasion Moves Clause: Evasion moves are banned\n|rule|Endless Battle Clause: Forcing endless battles is banned\n|rule|HP Percentage Mod: HP is shown in percentages\n|clearpoke\n|poke|p1|Politoed, M|\n|poke|p1|Greninja-*, M|\n|poke|p1|Landorus-Therian, M|\n|poke|p1|Rillaboom, M|\n|poke|p1|Basculegion, M|\n|poke|p1|Iron Jugulis|\n|poke|p2|Lokix, M|\n|poke|p2|Ribombee, M|\n|poke|p2|Great Tusk|\n|poke|p2|Gholdengo|\n|poke|p2|Dragapult, F|\n|poke|p2|Ogerpon-Wellspring, F|\n|teampreview\n|inactive|Battle timer is ON: inactive players will automatically lose when time's up. (requested by Feka34)\n|\n|t:|1700223969\n|start\n|switch|p1a: Iron Jugulis|Iron Jugulis|100\/100\n|switch|p2a: Mr Beest|Ribombee, M, shiny|100\/100\n|-enditem|p1a: Iron Jugulis|Booster Energy\n|-activate|p1a: Iron Jugulis|ability: Quark Drive|[fromitem]\n|-start|p1a: Iron Jugulis|quarkdrivespe\n|turn|1\n|\n|t:|1700223980\n|move|p1a: Iron Jugulis|Taunt|p2a: Mr Beest\n|-start|p2a: Mr Beest|move: Taunt\n|cant|p2a: Mr Beest|move: Taunt|Sticky Web\n|\n|upkeep\n|turn|2\n|\n|t:|1700223991\n|switch|p2a: Drag-on Dragapult|Dragapult, F|100\/100\n|move|p1a: Iron Jugulis|Hurricane|p2a: Drag-on Dragapult\n|-damage|p2a: Drag-on Dragapult|22\/100\n|\n|upkeep\n|turn|3\n|\n|t:|1700224003\n|move|p1a: Iron Jugulis|Knock Off|p2a: Drag-on Dragapult\n|-supereffective|p2a: Drag-on Dragapult\n|-damage|p2a: Drag-on Dragapult|0 fnt\n|-enditem|p2a: Drag-on Dragapult|Choice Specs|[from] move: Knock Off|[of] p1a: Iron Jugulis\n|faint|p2a: Drag-on Dragapult\n|\n|upkeep\n|\n|t:|1700224008\n|switch|p2a: A jump to the sky|Lokix, M, shiny|100\/100\n|turn|4\n|\n|t:|1700224016\n|move|p2a: A jump to the sky|First Impression|p1a: Iron Jugulis\n|-damage|p1a: Iron Jugulis|25\/100\n|move|p1a: Iron Jugulis|Hurricane|p2a: A jump to the sky\n|-supereffective|p2a: A jump to the sky\n|-damage|p2a: A jump to the sky|0 fnt\n|faint|p2a: A jump to the sky\n|\n|upkeep\n|c|\u2606CrossRebellion|how did that live\n|\n|t:|1700224041\n|switch|p2a: Mr Beest|Ribombee, M, shiny|100\/100\n|turn|5\n|\n|t:|1700224047\n|move|p1a: Iron Jugulis|Taunt|p2a: Mr Beest\n|-start|p2a: Mr Beest|move: Taunt\n|move|p2a: Mr Beest|Moonblast|p1a: Iron Jugulis\n|-supereffective|p1a: Iron Jugulis\n|-damage|p1a: Iron Jugulis|0 fnt\n|faint|p1a: Iron Jugulis\n|-end|p1a: Iron Jugulis|Quark Drive|[silent]\n|\n|upkeep\n|inactive|Feka34 has 120 seconds left.\n|\n|t:|1700224078\n|switch|p1a: Politoed|Politoed, M|100\/100\n|-weather|RainDance|[from] ability: Drizzle|[of] p1a: Politoed\n|turn|6\n|inactive|Feka34 has 120 seconds left.\n|\n|t:|1700224093\n|switch|p2a: Dr kill|Ogerpon-Wellspring, F|100\/100\n|move|p1a: Politoed|Hypnosis|p2a: Dr kill\n|-status|p2a: Dr kill|slp|[from] move: Hypnosis\n|\n|-weather|RainDance|[upkeep]\n|upkeep\n|turn|7\n|inactive|Feka34 has 120 seconds left.\n|\n|t:|1700224109\n|switch|p2a: Mr Beest|Ribombee, M, shiny|100\/100\n|switch|p1a: Greninja|Greninja, M|100\/100\n|\n|-weather|RainDance|[upkeep]\n|upkeep\n|turn|8\n|inactive|Feka34 has 120 seconds left.\n|\n|t:|1700224119\n|move|p2a: Mr Beest|Sticky Web|p1a: Greninja\n|-sidestart|p1: Feka34|move: Sticky Web\n|move|p1a: Greninja|Hydro Pump|p2a: Mr Beest|[miss]\n|-miss|p1a: Greninja|p2a: Mr Beest\n|\n|-weather|RainDance|[upkeep]\n|upkeep\n|turn|9\n|inactive|Feka34 has 120 seconds left.\n|\n|t:|1700224129\n|-terastallize|p1a: Greninja|Poison\n|move|p2a: Mr Beest|Stun Spore|p1a: Greninja\n|-status|p1a: Greninja|par\n|move|p1a: Greninja|Hydro Pump|p2a: Mr Beest\n|-enditem|p2a: Mr Beest|Focus Sash\n|-damage|p2a: Mr Beest|1\/100\n|-damage|p1a: Greninja|91\/100 par|[from] item: Life Orb\n|\n|-weather|RainDance|[upkeep]\n|upkeep\n|turn|10\n|inactive|Feka34 has 120 seconds left.\n|\n|t:|1700224140\n|cant|p1a: Greninja|par\n|move|p2a: Mr Beest|Psychic|p1a: Greninja\n|-supereffective|p1a: Greninja\n|-damage|p1a: Greninja|2\/100 par\n|\n|-weather|RainDance|[upkeep]\n|upkeep\n|turn|11\n|n|!Feka34|feka34\n|inactive|Feka34 has 120 seconds left.\n|-message|Feka34 forfeited.\n|\n|win|CrossRebellion\n|raw|Feka34's rating: 1261 &rarr; <strong>1232<\/strong><br \/>(-29 for losing)\n|raw|CrossRebellion's rating: 1204 &rarr; <strong>1233<\/strong><br \/>(+29 for winning)\n|l|!Feka34\n","uploadtime":1700224145,"views":8,"p1id":"feka34","p2id":"crossrebellion","formatid":"gen9ou","rating":1232,"private":0,"password":""}