{"id":"gen9ou-1991496545","p1":"marega0n0dera","p2":"JoTaqLo","format":"[Gen 9] OU","log":"|j|\u2606marega0n0dera\n|j|\u2606JoTaqLo\n|t:|1700082282\n|gametype|singles\n|player|p1|marega0n0dera|lyra|1024\n|player|p2|JoTaqLo|170|1016\n|teamsize|p1|6\n|teamsize|p2|6\n|gen|9\n|tier|[Gen 9] OU\n|rated|\n|rule|Sleep Clause Mod: Limit one foe put to sleep\n|rule|Species Clause: Limit one of each Pok\u00e9mon\n|rule|OHKO Clause: OHKO moves are banned\n|rule|Evasion Items Clause: Evasion items are banned\n|rule|Evasion Moves Clause: Evasion moves are banned\n|rule|Endless Battle Clause: Forcing endless battles is banned\n|rule|HP Percentage Mod: HP is shown in percentages\n|clearpoke\n|poke|p1|Mimikyu, F|\n|poke|p1|Sneasler, M|\n|poke|p1|Dragonite, M|\n|poke|p1|Dudunsparce-*, M|\n|poke|p1|Cinderace, M|\n|poke|p1|Samurott-Hisui, F|\n|poke|p2|Okidogi, M|\n|poke|p2|Toxapex, M|\n|poke|p2|Corviknight, M|\n|poke|p2|Dragapult, M|\n|poke|p2|Infernape, F|\n|poke|p2|Empoleon, F|\n|teampreview\n|\n|t:|1700082286\n|start\n|switch|p1a: Legend|Sneasler, M|100\/100\n|switch|p2a: Okidogi|Okidogi, M|100\/100\n|-item|p1a: Legend|Air Balloon\n|turn|1\n|\n|t:|1700082295\n|move|p1a: Legend|U-turn|p2a: Okidogi\n|-resisted|p2a: Okidogi\n|-damage|p2a: Okidogi|96\/100\n|\n|t:|1700082306\n|switch|p1a: Cinderace|Cinderace, M|100\/100|[from] U-turn\n|move|p2a: Okidogi|Bulk Up|p2a: Okidogi\n|-boost|p2a: Okidogi|atk|1\n|-boost|p2a: Okidogi|def|1\n|\n|-heal|p2a: Okidogi|100\/100|[from] item: Leftovers\n|upkeep\n|turn|2\n|\n|t:|1700082318\n|move|p1a: Cinderace|Pyro Ball|p2a: Okidogi\n|-damage|p2a: Okidogi|67\/100\n|move|p2a: Okidogi|Knock Off|p1a: Cinderace\n|-damage|p1a: Cinderace|20\/100\n|-enditem|p1a: Cinderace|Heavy-Duty Boots|[from] move: Knock Off|[of] p2a: Okidogi\n|\n|-heal|p2a: Okidogi|73\/100|[from] item: Leftovers\n|upkeep\n|turn|3\n|\n|t:|1700082335\n|switch|p1a: Dragonite|Dragonite, M|100\/100\n|move|p2a: Okidogi|Drain Punch|p1a: Dragonite\n|-resisted|p1a: Dragonite\n|-damage|p1a: Dragonite|83\/100\n|-heal|p2a: Okidogi|81\/100|[from] drain|[of] p1a: Dragonite\n|\n|-heal|p2a: Okidogi|87\/100|[from] item: Leftovers\n|upkeep\n|turn|4\n|\n|t:|1700082347\n|switch|p2a: Empoleon|Empoleon, F|100\/100\n|move|p1a: Dragonite|Earthquake|p2a: Empoleon\n|-supereffective|p2a: Empoleon\n|-damage|p2a: Empoleon|16\/100\n|\n|-heal|p2a: Empoleon|22\/100|[from] item: Leftovers\n|upkeep\n|turn|5\n|\n|t:|1700082358\n|switch|p2a: Corviknight|Corviknight, M|100\/100\n|move|p1a: Dragonite|Extreme Speed|p2a: Corviknight\n|-resisted|p2a: Corviknight\n|-damage|p2a: Corviknight|87\/100\n|\n|-heal|p2a: Corviknight|94\/100|[from] item: Leftovers\n|upkeep\n|turn|6\n|\n|t:|1700082374\n|switch|p1a: Cinderace|Cinderace, M|20\/100\n|move|p2a: Corviknight|Iron Head|p1a: Cinderace\n|-resisted|p1a: Cinderace\n|-damage|p1a: Cinderace|0 fnt\n|faint|p1a: Cinderace\n|\n|-heal|p2a: Corviknight|99\/100|[from] item: Leftovers\n|upkeep\n|\n|t:|1700082385\n|switch|p1a: Samurott|Samurott-Hisui, F|100\/100\n|turn|7\n|\n|t:|1700082392\n|-terastallize|p1a: Samurott|Fire\n|move|p1a: Samurott|Tera Blast|p2a: Corviknight|[anim] Tera Blast Fire\n|-supereffective|p2a: Corviknight\n|-crit|p2a: Corviknight\n|-damage|p2a: Corviknight|11\/100\n|move|p2a: Corviknight|U-turn|p1a: Samurott\n|-resisted|p1a: Samurott\n|-damage|p1a: Samurott|88\/100\n|\n|t:|1700082404\n|switch|p2a: Okidogi|Okidogi, M|87\/100|[from] U-turn\n|\n|-heal|p2a: Okidogi|93\/100|[from] item: Leftovers\n|-heal|p1a: Samurott|94\/100|[from] item: Leftovers\n|upkeep\n|turn|8\n|\n|t:|1700082413\n|-terastallize|p2a: Okidogi|Water\n|move|p2a: Okidogi|Bulk Up|p2a: Okidogi\n|-boost|p2a: Okidogi|atk|1\n|-boost|p2a: Okidogi|def|1\n|move|p1a: Samurott|Sacred Sword|p2a: Okidogi\n|-damage|p2a: Okidogi|72\/100\n|\n|-heal|p2a: Okidogi|78\/100|[from] item: Leftovers\n|-heal|p1a: Samurott|99\/100|[from] item: Leftovers\n|upkeep\n|turn|9\n|\n|t:|1700082427\n|move|p1a: Samurott|Tera Blast|p2a: Okidogi|[anim] Tera Blast Fire\n|-resisted|p2a: Okidogi\n|-damage|p2a: Okidogi|69\/100\n|move|p2a: Okidogi|Knock Off|p1a: Samurott\n|-damage|p1a: Samurott|32\/100\n|-enditem|p1a: Samurott|Leftovers|[from] move: Knock Off|[of] p2a: Okidogi\n|\n|-heal|p2a: Okidogi|75\/100|[from] item: Leftovers\n|upkeep\n|turn|10\n|\n|t:|1700082437\n|move|p1a: Samurott|Grass Knot|p2a: Okidogi\n|-supereffective|p2a: Okidogi\n|-damage|p2a: Okidogi|30\/100\n|move|p2a: Okidogi|Bulk Up|p2a: Okidogi\n|-boost|p2a: Okidogi|atk|1\n|-boost|p2a: Okidogi|def|1\n|\n|-heal|p2a: Okidogi|36\/100|[from] item: Leftovers\n|upkeep\n|turn|11\n|\n|t:|1700082447\n|move|p1a: Samurott|Grass Knot|p2a: Okidogi\n|-supereffective|p2a: Okidogi\n|-crit|p2a: Okidogi\n|-damage|p2a: Okidogi|0 fnt\n|faint|p2a: Okidogi\n|\n|upkeep\n|\n|t:|1700082452\n|switch|p2a: Infernape|Infernape, F|100\/100\n|turn|12\n|\n|t:|1700082456\n|move|p2a: Infernape|Thunder Punch|p1a: Samurott\n|-damage|p1a: Samurott|0 fnt\n|faint|p1a: Samurott\n|\n|upkeep\n|\n|t:|1700082462\n|switch|p1a: D\u00e9lesser|Mimikyu, F, shiny|100\/100\n|turn|13\n|\n|t:|1700082469\n|move|p2a: Infernape|Fire Punch|p1a: D\u00e9lesser\n|-activate|p1a: D\u00e9lesser|ability: Disguise\n|-damage|p1a: D\u00e9lesser|100\/100\n|detailschange|p1a: D\u00e9lesser|Mimikyu-Busted, F, shiny\n|-damage|p1a: D\u00e9lesser|88\/100|[from] pokemon: Mimikyu-Busted\n|move|p1a: D\u00e9lesser|Will-O-Wisp|p2a: Infernape\n|-immune|p2a: Infernape\n|\n|upkeep\n|turn|14\n|\n|t:|1700082482\n|move|p2a: Infernape|Thunder Punch|p1a: D\u00e9lesser\n|-damage|p1a: D\u00e9lesser|40\/100\n|move|p1a: D\u00e9lesser|Play Rough|p2a: Infernape\n|-damage|p2a: Infernape|54\/100\n|\n|upkeep\n|turn|15\n|\n|t:|1700082490\n|move|p2a: Infernape|Thunder Punch|p1a: D\u00e9lesser\n|-damage|p1a: D\u00e9lesser|0 fnt\n|faint|p1a: D\u00e9lesser\n|\n|upkeep\n|\n|t:|1700082499\n|switch|p1a: Legend|Sneasler, M|100\/100\n|-item|p1a: Legend|Air Balloon\n|turn|16\n|\n|t:|1700082506\n|move|p1a: Legend|Dire Claw|p2a: Infernape\n|-damage|p2a: Infernape|0 fnt\n|faint|p2a: Infernape\n|\n|upkeep\n|\n|t:|1700082516\n|switch|p2a: Toxapex|Toxapex, M|100\/100\n|turn|17\n|\n|t:|1700082521\n|move|p1a: Legend|U-turn|p2a: Toxapex\n|-resisted|p2a: Toxapex\n|-damage|p2a: Toxapex|93\/100\n|\n|t:|1700082525\n|switch|p1a: Dudunsparce|Dudunsparce, M, shiny|100\/100|[from] U-turn\n|move|p2a: Toxapex|Toxic Spikes|p1a: Dudunsparce\n|-sidestart|p1: marega0n0dera|move: Toxic Spikes\n|\n|-heal|p2a: Toxapex|99\/100|[from] item: Black Sludge\n|upkeep\n|turn|18\n|\n|t:|1700082537\n|move|p1a: Dudunsparce|Thunderbolt|p2a: Toxapex\n|-supereffective|p2a: Toxapex\n|-damage|p2a: Toxapex|71\/100\n|move|p2a: Toxapex|Toxic Spikes|p1a: Dudunsparce\n|-sidestart|p1: marega0n0dera|move: Toxic Spikes\n|\n|-heal|p2a: Toxapex|77\/100|[from] item: Black Sludge\n|upkeep\n|turn|19\n|\n|t:|1700082548\n|move|p2a: Toxapex|Baneful Bunker|p2a: Toxapex\n|-singleturn|p2a: Toxapex|move: Protect\n|move|p1a: Dudunsparce|Sunny Day|p1a: Dudunsparce\n|-weather|SunnyDay\n|\n|-weather|SunnyDay|[upkeep]\n|-heal|p2a: Toxapex|83\/100|[from] item: Black Sludge\n|upkeep\n|turn|20\n|\n|t:|1700082557\n|switch|p2a: Dragapult|Dragapult, M|100\/100\n|move|p1a: Dudunsparce|Solar Beam||[still]\n|-prepare|p1a: Dudunsparce|Solar Beam\n|-anim|p1a: Dudunsparce|Solar Beam|p2a: Dragapult\n|-resisted|p2a: Dragapult\n|-damage|p2a: Dragapult|85\/100\n|-start|p1a: Dudunsparce|Disable|Solar Beam|[from] ability: Cursed Body|[of] p2a: Dragapult\n|\n|-weather|SunnyDay|[upkeep]\n|upkeep\n|turn|21\n|\n|t:|1700082570\n|move|p2a: Dragapult|Flamethrower|p1a: Dudunsparce\n|-damage|p1a: Dudunsparce|65\/100\n|move|p1a: Dudunsparce|Dragon Tail|p2a: Dragapult\n|-supereffective|p2a: Dragapult\n|-damage|p2a: Dragapult|30\/100\n|drag|p2a: Toxapex|Toxapex, M|100\/100\n|\n|-weather|SunnyDay|[upkeep]\n|upkeep\n|turn|22\n|\n|t:|1700082582\n|switch|p2a: Corviknight|Corviknight, M|11\/100\n|move|p1a: Dudunsparce|Thunderbolt|p2a: Corviknight\n|-supereffective|p2a: Corviknight\n|-damage|p2a: Corviknight|0 fnt\n|faint|p2a: Corviknight\n|\n|-weather|SunnyDay|[upkeep]\n|upkeep\n|\n|t:|1700082591\n|switch|p2a: Dragapult|Dragapult, M|30\/100\n|turn|23\n|\n|t:|1700082599\n|move|p2a: Dragapult|Draco Meteor|p1a: Dudunsparce\n|-damage|p1a: Dudunsparce|15\/100\n|-unboost|p2a: Dragapult|spa|2\n|move|p1a: Dudunsparce|Dragon Tail|p2a: Dragapult\n|-supereffective|p2a: Dragapult\n|-crit|p2a: Dragapult\n|-damage|p2a: Dragapult|0 fnt\n|faint|p2a: Dragapult\n|\n|-weather|none\n|-end|p1a: Dudunsparce|Disable\n|upkeep\n|\n|t:|1700082610\n|switch|p2a: Toxapex|Toxapex, M|100\/100\n|turn|24\n|\n|t:|1700082617\n|move|p1a: Dudunsparce|Thunderbolt|p2a: Toxapex\n|-supereffective|p2a: Toxapex\n|-damage|p2a: Toxapex|70\/100\n|move|p2a: Toxapex|Chilling Water|p1a: Dudunsparce\n|-damage|p1a: Dudunsparce|4\/100\n|-unboost|p1a: Dudunsparce|atk|1\n|\n|-heal|p2a: Toxapex|76\/100|[from] item: Black Sludge\n|upkeep\n|turn|25\n|\n|t:|1700082627\n|move|p2a: Toxapex|Baneful Bunker|p2a: Toxapex\n|-singleturn|p2a: Toxapex|move: Protect\n|move|p1a: Dudunsparce|Sunny Day|p1a: Dudunsparce\n|-weather|SunnyDay\n|\n|-weather|SunnyDay|[upkeep]\n|-heal|p2a: Toxapex|83\/100|[from] item: Black Sludge\n|upkeep\n|turn|26\n|\n|t:|1700082635\n|move|p1a: Dudunsparce|Thunderbolt|p2a: Toxapex\n|-supereffective|p2a: Toxapex\n|-damage|p2a: Toxapex|50\/100\n|-status|p2a: Toxapex|par\n|move|p2a: Toxapex|Chilling Water|p1a: Dudunsparce\n|-damage|p1a: Dudunsparce|0 fnt\n|faint|p1a: Dudunsparce\n|\n|-weather|SunnyDay|[upkeep]\n|-heal|p2a: Toxapex|57\/100 par|[from] item: Black Sludge\n|upkeep\n|\n|t:|1700082647\n|switch|p1a: Dragonite|Dragonite, M|83\/100\n|turn|27\n|\n|t:|1700082652\n|switch|p2a: Empoleon|Empoleon, F|22\/100\n|move|p1a: Dragonite|Dragon Dance|p1a: Dragonite\n|-boost|p1a: Dragonite|atk|1\n|-boost|p1a: Dragonite|spe|1\n|\n|-weather|SunnyDay|[upkeep]\n|-heal|p2a: Empoleon|28\/100|[from] item: Leftovers\n|upkeep\n|turn|28\n|\n|t:|1700082664\n|move|p1a: Dragonite|Outrage|p2a: Empoleon\n|-resisted|p2a: Empoleon\n|-damage|p2a: Empoleon|0 fnt\n|faint|p2a: Empoleon\n|\n|-weather|SunnyDay|[upkeep]\n|upkeep\n|\n|t:|1700082670\n|switch|p2a: Toxapex|Toxapex, M|90\/100 par\n|turn|29\n|\n|t:|1700082674\n|move|p1a: Dragonite|Outrage|p2a: Toxapex|[from]lockedmove\n|-damage|p2a: Toxapex|24\/100 par\n|-start|p1a: Dragonite|confusion|[fatigue]\n|move|p2a: Toxapex|Haze|p2a: Toxapex\n|-clearallboost\n|\n|-weather|none\n|-heal|p2a: Toxapex|30\/100 par|[from] item: Black Sludge\n|upkeep\n|turn|30\n|\n|t:|1700082687\n|-activate|p1a: Dragonite|confusion\n|move|p1a: Dragonite|Extreme Speed|p2a: Toxapex\n|-damage|p2a: Toxapex|11\/100 par\n|cant|p2a: Toxapex|par\n|\n|-heal|p2a: Toxapex|18\/100 par|[from] item: Black Sludge\n|upkeep\n|turn|31\n|\n|t:|1700082696\n|-activate|p1a: Dragonite|confusion\n|-damage|p1a: Dragonite|65\/100|[from] confusion\n|move|p2a: Toxapex|Chilling Water|p1a: Dragonite\n|-resisted|p1a: Dragonite\n|-damage|p1a: Dragonite|59\/100\n|-unboost|p1a: Dragonite|atk|1\n|\n|-heal|p2a: Toxapex|24\/100 par|[from] item: Black Sludge\n|upkeep\n|turn|32\n|\n|t:|1700082706\n|move|p2a: Toxapex|Baneful Bunker|p2a: Toxapex\n|-singleturn|p2a: Toxapex|move: Protect\n|-end|p1a: Dragonite|confusion\n|move|p1a: Dragonite|Earthquake|p2a: Toxapex\n|-activate|p2a: Toxapex|move: Protect\n|\n|-heal|p2a: Toxapex|30\/100 par|[from] item: Black Sludge\n|upkeep\n|turn|33\n|\n|t:|1700082716\n|move|p1a: Dragonite|Outrage|p2a: Toxapex\n|-damage|p2a: Toxapex|1\/100 par\n|move|p2a: Toxapex|Chilling Water|p1a: Dragonite\n|-resisted|p1a: Dragonite\n|-damage|p1a: Dragonite|52\/100\n|-unboost|p1a: Dragonite|atk|1\n|\n|-heal|p2a: Toxapex|8\/100 par|[from] item: Black Sludge\n|upkeep\n|turn|34\n|\n|t:|1700082727\n|move|p1a: Dragonite|Outrage|p2a: Toxapex|[from]lockedmove\n|-crit|p2a: Toxapex\n|-damage|p2a: Toxapex|0 fnt\n|faint|p2a: Toxapex\n|\n|win|marega0n0dera\n|raw|marega0n0dera's rating: 1024 &rarr; <strong>1060<\/strong><br \/>(+36 for winning)\n|raw|JoTaqLo's rating: 1016 &rarr; <strong>1004<\/strong><br \/>(-12 for losing)\n|l|\u2606JoTaqLo\n","uploadtime":1700082740,"views":7,"p1id":"marega0n0dera","p2id":"jotaqlo","formatid":"gen9ou","rating":1004,"private":0,"password":""}