{"id":"gen9ou-1992387740","p1":"Eddierome","p2":"Sindicate VI","format":"[Gen 9] OU","log":"|j|\u2606Eddierome\n|j|\u2606Sindicate VI\n|t:|1700181741\n|gametype|singles\n|player|p1|Eddierome|1|1424\n|player|p2|Sindicate VI|1|1420\n|teamsize|p1|6\n|teamsize|p2|6\n|gen|9\n|tier|[Gen 9] OU\n|rated|\n|rule|Sleep Clause Mod: Limit one foe put to sleep\n|rule|Species Clause: Limit one of each Pok\u00e9mon\n|rule|OHKO Clause: OHKO moves are banned\n|rule|Evasion Items Clause: Evasion items are banned\n|rule|Evasion Moves Clause: Evasion moves are banned\n|rule|Endless Battle Clause: Forcing endless battles is banned\n|rule|HP Percentage Mod: HP is shown in percentages\n|clearpoke\n|poke|p1|Tyranitar, F|\n|poke|p1|Lycanroc, F|\n|poke|p1|Ogerpon-Cornerstone, F|\n|poke|p1|Goodra-Hisui, M|\n|poke|p1|Corviknight, M|\n|poke|p1|Sandy Shocks|\n|poke|p2|Ting-Lu|\n|poke|p2|Dondozo, M|\n|poke|p2|Rillaboom, M|\n|poke|p2|Gholdengo|\n|poke|p2|Corviknight, M|\n|poke|p2|Slowking-Galar, F|\n|teampreview\n|inactive|Battle timer is ON: inactive players will automatically lose when time's up. (requested by Sindicate VI)\n|\n|t:|1700181768\n|start\n|switch|p1a: Ogerpon|Ogerpon-Cornerstone, F|100\/100\n|switch|p2a: Slowking|Slowking-Galar, F|100\/100\n|turn|1\n|\n|t:|1700181782\n|move|p1a: Ogerpon|Knock Off|p2a: Slowking\n|-supereffective|p2a: Slowking\n|-damage|p2a: Slowking|39\/100\n|-enditem|p2a: Slowking|Assault Vest|[from] move: Knock Off|[of] p1a: Ogerpon\n|move|p2a: Slowking|Psyshock|p1a: Ogerpon\n|-damage|p1a: Ogerpon|60\/100\n|\n|upkeep\n|turn|2\n|\n|t:|1700181789\n|switch|p2a: Rillaboom|Rillaboom, M|100\/100\n|-fieldstart|move: Grassy Terrain|[from] ability: Grassy Surge|[of] p2a: Rillaboom\n|move|p1a: Ogerpon|Ivy Cudgel|p2a: Rillaboom|[anim] Ivy Cudgel Rock\n|-damage|p2a: Rillaboom|35\/100\n|\n|-heal|p1a: Ogerpon|66\/100|[from] Grassy Terrain\n|-heal|p2a: Rillaboom|42\/100|[from] Grassy Terrain\n|upkeep\n|turn|3\n|\n|t:|1700181792\n|switch|p1a: Corviknight|Corviknight, M|100\/100\n|-ability|p1a: Corviknight|Pressure\n|move|p2a: Rillaboom|Grassy Glide|p1a: Corviknight\n|-resisted|p1a: Corviknight\n|-damage|p1a: Corviknight|92\/100\n|-damage|p2a: Rillaboom|25\/100|[from] item: Rocky Helmet|[of] p1a: Corviknight\n|\n|-heal|p2a: Rillaboom|31\/100|[from] Grassy Terrain\n|upkeep\n|turn|4\n|\n|t:|1700181800\n|switch|p2a: Slowking|Slowking-Galar, F|73\/100\n|move|p1a: Corviknight|U-turn|p2a: Slowking\n|-damage|p2a: Slowking|61\/100\n|\n|t:|1700181817\n|switch|p1a: Tyranitar|Tyranitar, F|100\/100|[from] U-turn\n|-weather|Sandstorm|[from] ability: Sand Stream|[of] p1a: Tyranitar\n|\n|-weather|Sandstorm|[upkeep]\n|-damage|p2a: Slowking|55\/100|[from] Sandstorm\n|-heal|p2a: Slowking|61\/100|[from] Grassy Terrain\n|upkeep\n|turn|5\n|\n|t:|1700181824\n|switch|p2a: Ting-Lu|Ting-Lu|100\/100\n|-ability|p2a: Ting-Lu|Vessel of Ruin\n|move|p1a: Tyranitar|Knock Off|p2a: Ting-Lu\n|-resisted|p2a: Ting-Lu\n|-damage|p2a: Ting-Lu|86\/100\n|-enditem|p2a: Ting-Lu|Leftovers|[from] move: Knock Off|[of] p1a: Tyranitar\n|\n|-weather|Sandstorm|[upkeep]\n|-heal|p2a: Ting-Lu|92\/100|[from] Grassy Terrain\n|upkeep\n|turn|6\n|\n|t:|1700181833\n|move|p1a: Tyranitar|Stealth Rock|p2a: Ting-Lu\n|-sidestart|p2: Sindicate VI|move: Stealth Rock\n|move|p2a: Ting-Lu|Spikes|p1a: Tyranitar\n|-sidestart|p1: Eddierome|Spikes\n|\n|-weather|Sandstorm|[upkeep]\n|-heal|p2a: Ting-Lu|98\/100|[from] Grassy Terrain\n|-fieldend|move: Grassy Terrain\n|upkeep\n|turn|7\n|\n|t:|1700181836\n|switch|p1a: Ogerpon|Ogerpon-Cornerstone, F|66\/100\n|-damage|p1a: Ogerpon|54\/100|[from] Spikes\n|move|p2a: Ting-Lu|Spikes|p1a: Ogerpon\n|-sidestart|p1: Eddierome|Spikes\n|\n|-weather|Sandstorm|[upkeep]\n|upkeep\n|turn|8\n|\n|t:|1700181850\n|switch|p2a: Corviknight|Corviknight, M|100\/100\n|-damage|p2a: Corviknight|88\/100|[from] Stealth Rock\n|-ability|p2a: Corviknight|Pressure\n|move|p1a: Ogerpon|Horn Leech|p2a: Corviknight\n|-resisted|p2a: Corviknight\n|-damage|p2a: Corviknight|79\/100\n|-heal|p1a: Ogerpon|60\/100|[from] drain|[of] p2a: Corviknight\n|\n|-weather|none\n|-heal|p2a: Corviknight|85\/100|[from] item: Leftovers\n|upkeep\n|turn|9\n|\n|t:|1700181853\n|move|p1a: Ogerpon|Swords Dance|p1a: Ogerpon\n|-boost|p1a: Ogerpon|atk|2\n|move|p2a: Corviknight|Brave Bird|p1a: Ogerpon\n|-damage|p1a: Ogerpon|15\/100\n|-damage|p2a: Corviknight|74\/100|[from] Recoil\n|\n|-heal|p2a: Corviknight|80\/100|[from] item: Leftovers\n|upkeep\n|turn|10\n|\n|t:|1700181864\n|move|p1a: Ogerpon|Ivy Cudgel|p2a: Corviknight|[anim] Ivy Cudgel Rock\n|-damage|p2a: Corviknight|0 fnt\n|faint|p2a: Corviknight\n|\n|upkeep\n|\n|t:|1700181866\n|switch|p2a: Rillaboom|Rillaboom, M|31\/100\n|-damage|p2a: Rillaboom|19\/100|[from] Stealth Rock\n|-fieldstart|move: Grassy Terrain|[from] ability: Grassy Surge|[of] p2a: Rillaboom\n|turn|11\n|\n|t:|1700181873\n|switch|p1a: Corviknight|Corviknight, M|92\/100\n|-ability|p1a: Corviknight|Pressure\n|move|p2a: Rillaboom|Knock Off|p1a: Corviknight\n|-damage|p1a: Corviknight|58\/100\n|-damage|p2a: Rillaboom|3\/100|[from] item: Rocky Helmet|[of] p1a: Corviknight\n|-enditem|p1a: Corviknight|Rocky Helmet|[from] move: Knock Off|[of] p2a: Rillaboom\n|\n|-heal|p2a: Rillaboom|9\/100|[from] Grassy Terrain\n|upkeep\n|turn|12\n|\n|t:|1700181879\n|switch|p2a: Gholdengo|Gholdengo|100\/100\n|-damage|p2a: Gholdengo|94\/100|[from] Stealth Rock\n|move|p1a: Corviknight|Roost|p1a: Corviknight\n|-heal|p1a: Corviknight|100\/100\n|-singleturn|p1a: Corviknight|move: Roost\n|\n|-heal|p2a: Gholdengo|100\/100|[from] Grassy Terrain\n|upkeep\n|turn|13\n|\n|t:|1700181885\n|move|p2a: Gholdengo|Make It Rain|p1a: Corviknight\n|-resisted|p1a: Corviknight\n|-damage|p1a: Corviknight|55\/100\n|-unboost|p2a: Gholdengo|spa|1\n|move|p1a: Corviknight|U-turn|p2a: Gholdengo\n|-resisted|p2a: Gholdengo\n|-damage|p2a: Gholdengo|96\/100\n|\n|t:|1700181888\n|switch|p1a: Tyranitar|Tyranitar, F|100\/100|[from] U-turn\n|-damage|p1a: Tyranitar|84\/100|[from] Spikes\n|-weather|Sandstorm|[from] ability: Sand Stream|[of] p1a: Tyranitar\n|\n|-weather|Sandstorm|[upkeep]\n|-heal|p2a: Gholdengo|100\/100|[from] Grassy Terrain\n|-heal|p1a: Tyranitar|90\/100|[from] Grassy Terrain\n|-heal|p1a: Tyranitar|96\/100|[from] item: Leftovers\n|upkeep\n|turn|14\n|\n|t:|1700181895\n|switch|p2a: Rillaboom|Rillaboom, M|9\/100\n|-damage|p2a: Rillaboom|0 fnt|[from] Stealth Rock\n|faint|p2a: Rillaboom\n|move|p1a: Tyranitar|Knock Off|p2: Rillaboom|[notarget]\n|-fail|p1a: Tyranitar\n|\n|-weather|Sandstorm|[upkeep]\n|-heal|p1a: Tyranitar|100\/100|[from] Grassy Terrain\n|upkeep\n|\n|t:|1700181900\n|switch|p2a: Dondozo|Dondozo, M|100\/100\n|-damage|p2a: Dondozo|88\/100|[from] Stealth Rock\n|turn|15\n|\n|t:|1700181905\n|switch|p1a: Sandy Shocks|Sandy Shocks|100\/100\n|-damage|p1a: Sandy Shocks|84\/100|[from] Spikes\n|-enditem|p1a: Sandy Shocks|Booster Energy\n|-activate|p1a: Sandy Shocks|ability: Protosynthesis|[fromitem]\n|-start|p1a: Sandy Shocks|protosynthesisspe\n|move|p2a: Dondozo|Curse|p2a: Dondozo\n|-unboost|p2a: Dondozo|spe|1\n|-boost|p2a: Dondozo|atk|1\n|-boost|p2a: Dondozo|def|1\n|\n|-weather|Sandstorm|[upkeep]\n|-damage|p2a: Dondozo|82\/100|[from] Sandstorm\n|-heal|p1a: Sandy Shocks|90\/100|[from] Grassy Terrain\n|-heal|p2a: Dondozo|88\/100|[from] Grassy Terrain\n|-fieldend|move: Grassy Terrain\n|upkeep\n|turn|16\n|\n|t:|1700181910\n|-terastallize|p2a: Dondozo|Dark\n|move|p1a: Sandy Shocks|Thunderbolt|p2a: Dondozo\n|-damage|p2a: Dondozo|63\/100\n|move|p2a: Dondozo|Liquidation|p1a: Sandy Shocks\n|-supereffective|p1a: Sandy Shocks\n|-damage|p1a: Sandy Shocks|0 fnt\n|faint|p1a: Sandy Shocks\n|-end|p1a: Sandy Shocks|Protosynthesis|[silent]\n|\n|-weather|Sandstorm|[upkeep]\n|-damage|p2a: Dondozo|57\/100|[from] Sandstorm\n|upkeep\n|\n|t:|1700181918\n|switch|p1a: Corviknight|Corviknight, M|55\/100\n|-ability|p1a: Corviknight|Pressure\n|turn|17\n|\n|t:|1700181923\n|move|p1a: Corviknight|Defog|p2a: Dondozo\n|-unboost|p2a: Dondozo|evasion|1\n|-sideend|p2: Sindicate VI|Stealth Rock|[from] move: Defog|[of] p1a: Corviknight\n|-sideend|p1: Eddierome|Spikes|[from] move: Defog|[of] p1a: Corviknight\n|move|p2a: Dondozo|Curse|p2a: Dondozo\n|-unboost|p2a: Dondozo|spe|1\n|-boost|p2a: Dondozo|atk|1\n|-boost|p2a: Dondozo|def|1\n|\n|-weather|none\n|upkeep\n|turn|18\n|\n|t:|1700181927\n|move|p1a: Corviknight|U-turn|p2a: Dondozo\n|-supereffective|p2a: Dondozo\n|-damage|p2a: Dondozo|48\/100\n|\n|t:|1700181930\n|switch|p1a: Goodra|Goodra-Hisui, M|100\/100|[from] U-turn\n|move|p2a: Dondozo|Liquidation|p1a: Goodra\n|-resisted|p1a: Goodra\n|-damage|p1a: Goodra|74\/100\n|\n|-heal|p1a: Goodra|80\/100|[from] item: Leftovers\n|upkeep\n|turn|19\n|\n|t:|1700181936\n|switch|p1a: Lycanroc|Lycanroc, F|100\/100\n|move|p2a: Dondozo|Rest|p2a: Dondozo\n|-status|p2a: Dondozo|slp|[from] move: Rest\n|-heal|p2a: Dondozo|100\/100 slp|[silent]\n|\n|upkeep\n|turn|20\n|\n|t:|1700181938\n|move|p1a: Lycanroc|Close Combat|p2a: Dondozo\n|-supereffective|p2a: Dondozo\n|-damage|p2a: Dondozo|72\/100 slp\n|-unboost|p1a: Lycanroc|def|1\n|-unboost|p1a: Lycanroc|spd|1\n|cant|p2a: Dondozo|slp\n|move|p2a: Dondozo|Sleep Talk|p2a: Dondozo\n|move|p2a: Dondozo|Rest||[from]move: Sleep Talk|[still]\n|-fail|p2a: Dondozo\n|\n|upkeep\n|turn|21\n|\n|t:|1700181946\n|move|p1a: Lycanroc|Close Combat|p2a: Dondozo\n|-supereffective|p2a: Dondozo\n|-damage|p2a: Dondozo|44\/100 slp\n|-unboost|p1a: Lycanroc|def|1\n|-unboost|p1a: Lycanroc|spd|1\n|cant|p2a: Dondozo|slp\n|move|p2a: Dondozo|Sleep Talk|p2a: Dondozo\n|move|p2a: Dondozo|Curse|p2a: Dondozo|[from]move: Sleep Talk\n|-unboost|p2a: Dondozo|spe|1\n|-boost|p2a: Dondozo|atk|1\n|-boost|p2a: Dondozo|def|1\n|\n|upkeep\n|turn|22\n|\n|t:|1700181949\n|move|p1a: Lycanroc|Close Combat|p2a: Dondozo\n|-supereffective|p2a: Dondozo\n|-damage|p2a: Dondozo|21\/100 slp\n|-unboost|p1a: Lycanroc|def|1\n|-unboost|p1a: Lycanroc|spd|1\n|-curestatus|p2a: Dondozo|slp|[msg]\n|move|p2a: Dondozo|Rest|p2a: Dondozo\n|-status|p2a: Dondozo|slp|[from] move: Rest\n|-heal|p2a: Dondozo|100\/100 slp|[silent]\n|\n|upkeep\n|turn|23\n|\n|t:|1700181955\n|switch|p1a: Ogerpon|Ogerpon-Cornerstone, F|15\/100\n|cant|p2a: Dondozo|slp\n|move|p2a: Dondozo|Sleep Talk|p2a: Dondozo\n|move|p2a: Dondozo|Rest||[from]move: Sleep Talk|[still]\n|-fail|p2a: Dondozo\n|\n|upkeep\n|turn|24\n|\n|t:|1700181957\n|move|p1a: Ogerpon|Swords Dance|p1a: Ogerpon\n|-boost|p1a: Ogerpon|atk|2\n|cant|p2a: Dondozo|slp\n|move|p2a: Dondozo|Sleep Talk|p2a: Dondozo\n|move|p2a: Dondozo|Rest||[from]move: Sleep Talk|[still]\n|-fail|p2a: Dondozo\n|\n|upkeep\n|turn|25\n|\n|t:|1700181961\n|move|p1a: Ogerpon|Horn Leech|p2a: Dondozo\n|-damage|p2a: Dondozo|90\/100 slp\n|-heal|p1a: Ogerpon|23\/100|[from] drain|[of] p2a: Dondozo\n|-curestatus|p2a: Dondozo|slp|[msg]\n|move|p2a: Dondozo|Liquidation|p1a: Ogerpon\n|-damage|p1a: Ogerpon|0 fnt\n|faint|p1a: Ogerpon\n|\n|upkeep\n|-message|Eddierome forfeited.\n|\n|win|Sindicate VI\n|raw|Eddierome's rating: 1424 &rarr; <strong>1404<\/strong><br \/>(-20 for losing)\n|raw|Sindicate VI's rating: 1420 &rarr; <strong>1440<\/strong><br \/>(+20 for winning)\n|l|\u2606Eddierome\n","uploadtime":1700181970,"views":7,"p1id":"eddierome","p2id":"sindicatevi","formatid":"gen9ou","rating":1404,"private":0,"password":""}