{"id":"gen9ou-1992480639","p1":"TrouttyLouty","p2":"GetTrolledSon","format":"[Gen 9] OU","log":"|j|\u2606TrouttyLouty\n|j|\u2606GetTrolledSon\n|t:|1700192862\n|gametype|singles\n|player|p1|TrouttyLouty|birdkeeper|1162\n|player|p2|GetTrolledSon|preschooler|1224\n|teamsize|p1|6\n|teamsize|p2|6\n|gen|9\n|tier|[Gen 9] OU\n|rated|\n|rule|Sleep Clause Mod: Limit one foe put to sleep\n|rule|Species Clause: Limit one of each Pok\u00e9mon\n|rule|OHKO Clause: OHKO moves are banned\n|rule|Evasion Items Clause: Evasion items are banned\n|rule|Evasion Moves Clause: Evasion moves are banned\n|rule|Endless Battle Clause: Forcing endless battles is banned\n|rule|HP Percentage Mod: HP is shown in percentages\n|clearpoke\n|poke|p1|Kingambit, M|\n|poke|p1|Cinderace, M|\n|poke|p1|Alomomola, F|\n|poke|p1|Slowking-Galar, F|\n|poke|p1|Great Tusk|\n|poke|p1|Thundurus-Therian, M|\n|poke|p2|Pelipper, F|\n|poke|p2|Zapdos|\n|poke|p2|Overqwil, M|\n|poke|p2|Basculegion-F, F|\n|poke|p2|Espeon, M|\n|poke|p2|Zamazenta-*|\n|teampreview\n|inactive|Battle timer is ON: inactive players will automatically lose when time's up. (requested by GetTrolledSon)\n|c|\u2606GetTrolledSon|gl hf\n|c|\u2606TrouttyLouty|Glhf\n|inactive|TrouttyLouty has 120 seconds left.\n|\n|t:|1700192896\n|start\n|switch|p1a: Slowking|Slowking-Galar, F|100\/100\n|switch|p2a: Zamazenta|Zamazenta|100\/100\n|-ability|p2a: Zamazenta|Dauntless Shield|boost\n|-boost|p2a: Zamazenta|def|1\n|turn|1\n|\n|t:|1700192909\n|switch|p2a: Overqwil|Overqwil, M, shiny|100\/100\n|move|p1a: Slowking|Future Sight|p2a: Overqwil\n|-start|p1a: Slowking|move: Future Sight\n|\n|upkeep\n|turn|2\n|inactive|TrouttyLouty has 120 seconds left.\n|\n|t:|1700192959\n|switch|p2a: Pelipper|Pelipper, F|100\/100\n|-weather|RainDance|[from] ability: Drizzle|[of] p2a: Pelipper\n|move|p1a: Slowking|Chilly Reception|p1a: Slowking\n|-weather|Snow\n|\n|t:|1700192966\n|switch|p1a: Thundurus|Thundurus-Therian, M|100\/100|[from] Chilly Reception\n|\n|-weather|Snow|[upkeep]\n|upkeep\n|turn|3\n|inactive|TrouttyLouty has 90 seconds left.\n|\n|t:|1700192991\n|switch|p2a: Zapdos|Zapdos|100\/100\n|move|p1a: Thundurus|Volt Switch|p2a: Zapdos\n|-damage|p2a: Zapdos|63\/100\n|inactive|TrouttyLouty has 90 seconds left.\n|\n|t:|1700193003\n|switch|p1a: Great Tusk|Great Tusk|100\/100|[from] Volt Switch\n|\n|-weather|Snow|[upkeep]\n|-end|p2a: Zapdos|move: Future Sight\n|-damage|p2a: Zapdos|35\/100\n|upkeep\n|turn|4\n|inactive|TrouttyLouty has 90 seconds left.\n|\n|t:|1700193016\n|move|p1a: Great Tusk|Stealth Rock|p2a: Zapdos\n|-sidestart|p2: GetTrolledSon|move: Stealth Rock\n|move|p2a: Zapdos|Hurricane|p1a: Great Tusk\n|-supereffective|p1a: Great Tusk\n|-damage|p1a: Great Tusk|0 fnt\n|faint|p1a: Great Tusk\n|-end|p1a: Great Tusk|Protosynthesis|[silent]\n|\n|-weather|Snow|[upkeep]\n|upkeep\n|\n|t:|1700193025\n|switch|p1a: Thundurus|Thundurus-Therian, M|100\/100\n|turn|5\n|inactive|TrouttyLouty has 90 seconds left.\n|\n|t:|1700193037\n|move|p1a: Thundurus|Volt Switch|p2a: Zapdos\n|-damage|p2a: Zapdos|0 fnt\n|faint|p2a: Zapdos\n|inactive|TrouttyLouty has 90 seconds left.\n|\n|t:|1700193042\n|switch|p1a: Slowking|Slowking-Galar, F|100\/100|[from] Volt Switch\n|\n|-weather|Snow|[upkeep]\n|upkeep\n|\n|t:|1700193052\n|switch|p2a: Espeon|Espeon, M, shiny|100\/100\n|-damage|p2a: Espeon|88\/100|[from] Stealth Rock\n|turn|6\n|\n|t:|1700193065\n|switch|p2a: Zamazenta|Zamazenta|100\/100\n|-damage|p2a: Zamazenta|94\/100|[from] Stealth Rock\n|move|p1a: Slowking|Future Sight|p2a: Zamazenta\n|-start|p1a: Slowking|move: Future Sight\n|\n|-weather|none\n|upkeep\n|turn|7\n|\n|t:|1700193078\n|switch|p2a: Overqwil|Overqwil, M, shiny|100\/100\n|-damage|p2a: Overqwil|88\/100|[from] Stealth Rock\n|move|p1a: Slowking|Chilly Reception|p1a: Slowking\n|-weather|Snow\n|\n|t:|1700193092\n|switch|p1a: Thundurus|Thundurus-Therian, M|100\/100|[from] Chilly Reception\n|\n|-weather|Snow|[upkeep]\n|upkeep\n|turn|8\n|\n|t:|1700193099\n|move|p1a: Thundurus|Volt Switch|p2a: Overqwil\n|-damage|p2a: Overqwil|0 fnt\n|faint|p2a: Overqwil\n|\n|t:|1700193108\n|switch|p1a: Slowking|Slowking-Galar, F|100\/100|[from] Volt Switch\n|\n|-weather|Snow|[upkeep]\n|-hint|Future Sight did not hit because the target is fainted.\n|upkeep\n|\n|t:|1700193116\n|switch|p2a: Pelipper|Pelipper, F|100\/100\n|-damage|p2a: Pelipper|76\/100|[from] Stealth Rock\n|-weather|RainDance|[from] ability: Drizzle|[of] p2a: Pelipper\n|turn|9\n|\n|t:|1700193125\n|move|p2a: Pelipper|Hurricane|p1a: Slowking\n|-damage|p1a: Slowking|71\/100\n|move|p1a: Slowking|Chilly Reception|p1a: Slowking\n|-weather|Snow\n|\n|t:|1700193130\n|switch|p1a: Thundurus|Thundurus-Therian, M|100\/100|[from] Chilly Reception\n|\n|-weather|Snow|[upkeep]\n|upkeep\n|turn|10\n|c|\u2606GetTrolledSon|gg wp\n|\n|t:|1700193150\n|switch|p2a: Zamazenta|Zamazenta|94\/100\n|-damage|p2a: Zamazenta|88\/100|[from] Stealth Rock\n|move|p1a: Thundurus|Volt Switch|p2a: Zamazenta\n|-damage|p2a: Zamazenta|43\/100\n|c|\u2606TrouttyLouty|Gg\n|\n|t:|1700193164\n|switch|p1a: Slowking|Slowking-Galar, F|100\/100|[from] Volt Switch\n|\n|-weather|Snow|[upkeep]\n|upkeep\n|turn|11\n|c|\u2606TrouttyLouty|I be spamming volt switch tho\n|\n|t:|1700193185\n|move|p2a: Zamazenta|Rain Dance|p2a: Zamazenta\n|-weather|RainDance\n|move|p1a: Slowking|Future Sight|p2a: Zamazenta\n|-start|p1a: Slowking|move: Future Sight\n|\n|-weather|RainDance|[upkeep]\n|upkeep\n|turn|12\n|\n|t:|1700193194\n|switch|p2a: Basculegion|Basculegion-F, F, shiny|100\/100\n|-damage|p2a: Basculegion|88\/100|[from] Stealth Rock\n|move|p1a: Slowking|Chilly Reception|p1a: Slowking\n|-weather|Snow\n|\n|t:|1700193200\n|switch|p1a: Thundurus|Thundurus-Therian, M|100\/100|[from] Chilly Reception\n|\n|-weather|Snow|[upkeep]\n|upkeep\n|turn|13\n|c|\u2606TrouttyLouty|no i\n|c|\u2606TrouttyLouty|no u\n|\n|t:|1700193214\n|-terastallize|p2a: Basculegion|Water\n|move|p2a: Basculegion|Hydro Pump|p1a: Thundurus\n|-damage|p1a: Thundurus|0 fnt\n|faint|p1a: Thundurus\n|\n|-weather|Snow|[upkeep]\n|-end|p2a: Basculegion|move: Future Sight\n|-damage|p2a: Basculegion|36\/100\n|upkeep\n|c|\u2606TrouttyLouty|scarf?!\n|c|\u2606GetTrolledSon|yes\n|c|\u2606TrouttyLouty|but why y already have rain for speed\n|inactive|TrouttyLouty has 90 seconds left.\n|c|\u2606TrouttyLouty|Normally specs \u2026\n|c|\u2606GetTrolledSon|adapt\n|\n|t:|1700193249\n|switch|p1a: Slowking|Slowking-Galar, F|100\/100\n|turn|14\n|c|\u2606GetTrolledSon|also it catches people off gaurd\n|c|\u2606TrouttyLouty|damn you\n|\n|t:|1700193261\n|move|p2a: Basculegion|Hydro Pump|p1a: Slowking\n|-damage|p1a: Slowking|59\/100\n|move|p1a: Slowking|Future Sight|p2a: Basculegion\n|-start|p1a: Slowking|move: Future Sight\n|\n|-weather|Snow|[upkeep]\n|upkeep\n|turn|15\n|inactive|TrouttyLouty has 90 seconds left.\n|\n|t:|1700193268\n|switch|p2a: Espeon|Espeon, M, shiny|88\/100\n|-damage|p2a: Espeon|76\/100|[from] Stealth Rock\n|move|p1a: Slowking|Chilly Reception|p1a: Slowking\n|inactive|TrouttyLouty has 90 seconds left.\n|\n|t:|1700193274\n|switch|p1a: Cinderace|Cinderace, M|100\/100|[from] Chilly Reception\n|\n|-weather|Snow|[upkeep]\n|upkeep\n|turn|16\n|\n|t:|1700193280\n|move|p1a: Cinderace|U-turn|p2a: Espeon\n|-start|p1a: Cinderace|typechange|Bug|[from] ability: Libero\n|-supereffective|p2a: Espeon\n|-damage|p2a: Espeon|0 fnt\n|faint|p2a: Espeon\n|inactive|TrouttyLouty has 90 seconds left.\n|\n|t:|1700193291\n|switch|p1a: Slowking|Slowking-Galar, F|92\/100|[from] U-turn\n|\n|-weather|none\n|-hint|Future Sight did not hit because the target is fainted.\n|upkeep\n|\n|t:|1700193302\n|switch|p2a: Pelipper|Pelipper, F|76\/100\n|-damage|p2a: Pelipper|51\/100|[from] Stealth Rock\n|-weather|RainDance|[from] ability: Drizzle|[of] p2a: Pelipper\n|turn|17\n|\n|t:|1700193310\n|move|p2a: Pelipper|U-turn|p1a: Slowking\n|-damage|p1a: Slowking|83\/100\n|\n|t:|1700193312\n|switch|p2a: Basculegion|Basculegion-F, F, shiny, tera:Water|36\/100|[from] U-turn\n|-damage|p2a: Basculegion|24\/100|[from] Stealth Rock\n|move|p1a: Slowking|Chilly Reception|p1a: Slowking\n|-weather|Snow\n|c|\u2606GetTrolledSon|ggsss\n|\n|t:|1700193321\n|switch|p1a: Alomomola|Alomomola, F|100\/100|[from] Chilly Reception\n|\n|-weather|Snow|[upkeep]\n|upkeep\n|turn|18\n|-message|GetTrolledSon forfeited.\n|\n|win|TrouttyLouty\n|raw|TrouttyLouty's rating: 1162 &rarr; <strong>1191<\/strong><br \/>(+29 for winning)\n|raw|GetTrolledSon's rating: 1224 &rarr; <strong>1195<\/strong><br \/>(-29 for losing)\n|c|\u2606TrouttyLouty|it ain\u2019t over yet\n|c|\u2606TrouttyLouty|nvm\n|c|\u2606GetTrolledSon|ye\n|c|\u2606TrouttyLouty|gg\n|c|\u2606GetTrolledSon|wp\n|l|\u2606GetTrolledSon\n|c|\u2606TrouttyLouty|u too\n|l|\u2606TrouttyLouty\n|j|\u2606TrouttyLouty\n|player|p1|TrouttyLouty|birdkeeper\n","uploadtime":1700193358,"views":13,"p1id":"trouttylouty","p2id":"gettrolledson","formatid":"gen9ou","rating":1191,"private":0,"password":""}