{"id":"gen9ou-1989349484","p1":"MicrowaveHeart","p2":"Vredge","format":"[Gen 9] OU","log":"|j|\u2606MicrowaveHeart\n|j|\u2606Vredge\n|t:|1699839349\n|gametype|singles\n|player|p1|MicrowaveHeart|hilda|1534\n|player|p2|Vredge|hilbert-wonderlauncher|1544\n|teamsize|p1|6\n|teamsize|p2|6\n|gen|9\n|tier|[Gen 9] OU\n|rated|\n|rule|Sleep Clause Mod: Limit one foe put to sleep\n|rule|Species Clause: Limit one of each Pok\u00e9mon\n|rule|OHKO Clause: OHKO moves are banned\n|rule|Evasion Items Clause: Evasion items are banned\n|rule|Evasion Moves Clause: Evasion moves are banned\n|rule|Endless Battle Clause: Forcing endless battles is banned\n|rule|HP Percentage Mod: HP is shown in percentages\n|clearpoke\n|poke|p1|Kleavor, M|\n|poke|p1|Iron Moth|\n|poke|p1|Weezing-Galar, M|\n|poke|p1|Ogerpon-Wellspring, F|\n|poke|p1|Gholdengo|\n|poke|p1|Cresselia, F|\n|poke|p2|Rillaboom, M|\n|poke|p2|Sneasler, F|\n|poke|p2|Zamazenta-*|\n|poke|p2|Ogerpon-Wellspring, F|\n|poke|p2|Heatran, M|\n|poke|p2|Hatterene, F|\n|teampreview\n|inactive|Battle timer is ON: inactive players will automatically lose when time's up. (requested by Vredge)\n|j| A plague doc\n|inactive|Vredge has 120 seconds left.\n|l| A plague doc\n|\n|t:|1699839388\n|start\n|switch|p1a: Kleavor|Kleavor, M, shiny|100\/100\n|switch|p2a: Michael Vick|Zamazenta|100\/100\n|-ability|p2a: Michael Vick|Dauntless Shield|boost\n|-boost|p2a: Michael Vick|def|1\n|turn|1\n|\n|t:|1699839396\n|move|p1a: Kleavor|U-turn|p2a: Michael Vick\n|-resisted|p2a: Michael Vick\n|-damage|p2a: Michael Vick|92\/100\n|\n|t:|1699839399\n|switch|p1a: Weezing|Weezing-Galar, M|100\/100|[from] U-turn\n|-ability|p1a: Weezing|Neutralizing Gas\n|move|p2a: Michael Vick|Heavy Slam|p1a: Weezing\n|-supereffective|p1a: Weezing\n|-damage|p1a: Weezing|59\/100\n|\n|-heal|p2a: Michael Vick|98\/100|[from] item: Leftovers\n|-heal|p1a: Weezing|65\/100|[from] item: Leftovers\n|upkeep\n|turn|2\n|j| A plague doc\n|\n|t:|1699839418\n|switch|p2a: Mr Worldwide|Heatran, M|100\/100\n|-item|p2a: Mr Worldwide|Air Balloon\n|move|p1a: Weezing|Will-O-Wisp|p2a: Mr Worldwide\n|-immune|p2a: Mr Worldwide\n|\n|-heal|p1a: Weezing|71\/100|[from] item: Leftovers\n|upkeep\n|turn|3\n|\n|t:|1699839437\n|move|p2a: Mr Worldwide|Will-O-Wisp|p1a: Weezing\n|-status|p1a: Weezing|brn\n|move|p1a: Weezing|Strange Steam|p2a: Mr Worldwide\n|-resisted|p2a: Mr Worldwide\n|-damage|p2a: Mr Worldwide|97\/100\n|-enditem|p2a: Mr Worldwide|Air Balloon\n|\n|-heal|p1a: Weezing|77\/100 brn|[from] item: Leftovers\n|-damage|p1a: Weezing|71\/100 brn|[from] brn\n|upkeep\n|turn|4\n|\n|t:|1699839460\n|-end|p1a: Weezing|ability: Neutralizing Gas\n|switch|p1a: Iron Moth|Iron Moth|100\/100\n|-enditem|p1a: Iron Moth|Booster Energy\n|-activate|p1a: Iron Moth|ability: Quark Drive|[fromitem]\n|-start|p1a: Iron Moth|quarkdrivespe\n|move|p2a: Mr Worldwide|Magma Storm|p1a: Iron Moth\n|-resisted|p1a: Iron Moth\n|-damage|p1a: Iron Moth|80\/100\n|-activate|p1a: Iron Moth|move: Magma Storm|[of] p2a: Mr Worldwide\n|\n|-damage|p1a: Iron Moth|67\/100|[from] move: Magma Storm|[partiallytrapped]\n|upkeep\n|turn|5\n|\n|t:|1699839476\n|-terastallize|p1a: Iron Moth|Ground\n|move|p1a: Iron Moth|Tera Blast|p2a: Mr Worldwide|[anim] Tera Blast Ground\n|-supereffective|p2a: Mr Worldwide\n|-damage|p2a: Mr Worldwide|0 fnt\n|faint|p2a: Mr Worldwide\n|\n|-end|p1a: Iron Moth|Magma Storm|[partiallytrapped]|[silent]\n|upkeep\n|\n|t:|1699839481\n|switch|p2a: Iron Bands|Rillaboom, M|100\/100\n|-fieldstart|move: Grassy Terrain|[from] ability: Grassy Surge|[of] p2a: Iron Bands\n|turn|6\n|\n|t:|1699839488\n|-end|p1a: Iron Moth|Quark Drive|[silent]\n|switch|p1a: Weezing|Weezing-Galar, M|71\/100 brn\n|-ability|p1a: Weezing|Neutralizing Gas\n|move|p2a: Iron Bands|Grassy Glide|p1a: Weezing\n|-resisted|p1a: Weezing\n|-damage|p1a: Weezing|53\/100 brn\n|\n|-heal|p1a: Weezing|59\/100 brn|[from] Grassy Terrain\n|-heal|p1a: Weezing|65\/100 brn|[from] item: Leftovers\n|-damage|p1a: Weezing|59\/100 brn|[from] brn\n|upkeep\n|turn|7\n|\n|t:|1699839498\n|switch|p2a: Saint Laurent Hatt|Hatterene, F|100\/100\n|-enditem|p2a: Saint Laurent Hatt|Grassy Seed\n|-boost|p2a: Saint Laurent Hatt|def|1|[from] item: Grassy Seed\n|move|p1a: Weezing|Will-O-Wisp|p2a: Saint Laurent Hatt\n|-status|p2a: Saint Laurent Hatt|brn\n|\n|-heal|p1a: Weezing|65\/100 brn|[from] Grassy Terrain\n|-heal|p1a: Weezing|71\/100 brn|[from] item: Leftovers\n|-damage|p1a: Weezing|65\/100 brn|[from] brn\n|-damage|p2a: Saint Laurent Hatt|95\/100 brn|[from] brn\n|upkeep\n|turn|8\n|inactive|MicrowaveHeart has 120 seconds left.\n|inactive|Vredge has 120 seconds left.\n|\n|t:|1699839529\n|-end|p1a: Weezing|ability: Neutralizing Gas\n|switch|p1a: Iron Moth|Iron Moth, tera:Ground|67\/100\n|move|p2a: Saint Laurent Hatt|Psyshock|p1a: Iron Moth\n|-damage|p1a: Iron Moth|13\/100\n|\n|-heal|p1a: Iron Moth|19\/100|[from] Grassy Terrain\n|-heal|p2a: Saint Laurent Hatt|100\/100 brn|[from] Grassy Terrain\n|-damage|p2a: Saint Laurent Hatt|95\/100 brn|[from] brn\n|upkeep\n|turn|9\n|\n|t:|1699839538\n|move|p1a: Iron Moth|Sludge Wave|p2a: Saint Laurent Hatt\n|-supereffective|p2a: Saint Laurent Hatt\n|-damage|p2a: Saint Laurent Hatt|0 fnt\n|faint|p2a: Saint Laurent Hatt\n|\n|-heal|p1a: Iron Moth|25\/100|[from] Grassy Terrain\n|upkeep\n|\n|t:|1699839541\n|switch|p2a: Iron Bands|Rillaboom, M|100\/100\n|turn|10\n|\n|t:|1699839546\n|-end|p1a: Iron Moth|Quark Drive|[silent]\n|switch|p1a: Weezing|Weezing-Galar, M|65\/100 brn\n|-ability|p1a: Weezing|Neutralizing Gas\n|move|p2a: Iron Bands|Grassy Glide|p1a: Weezing\n|-resisted|p1a: Weezing\n|-damage|p1a: Weezing|45\/100 brn\n|\n|-heal|p1a: Weezing|51\/100 brn|[from] Grassy Terrain\n|-heal|p1a: Weezing|57\/100 brn|[from] item: Leftovers\n|-damage|p1a: Weezing|51\/100 brn|[from] brn\n|-fieldend|move: Grassy Terrain\n|upkeep\n|turn|11\n|\n|t:|1699839563\n|switch|p2a: Oregon|Ogerpon-Wellspring, F|100\/100\n|move|p1a: Weezing|Will-O-Wisp|p2a: Oregon|[miss]\n|-miss|p1a: Weezing|p2a: Oregon\n|\n|-heal|p1a: Weezing|57\/100 brn|[from] item: Leftovers\n|-damage|p1a: Weezing|51\/100 brn|[from] brn\n|upkeep\n|turn|12\n|\n|t:|1699839570\n|move|p2a: Oregon|Ivy Cudgel|p1a: Weezing\n|-damage|p1a: Weezing|14\/100 brn\n|move|p1a: Weezing|Will-O-Wisp|p2a: Oregon\n|-status|p2a: Oregon|brn\n|\n|-heal|p1a: Weezing|20\/100 brn|[from] item: Leftovers\n|-damage|p2a: Oregon|95\/100 brn|[from] brn\n|-damage|p1a: Weezing|14\/100 brn|[from] brn\n|upkeep\n|turn|13\n|\n|t:|1699839583\n|-end|p1a: Weezing|ability: Neutralizing Gas\n|switch|p1a: Golden Joe|Gholdengo|100\/100\n|move|p2a: Oregon|Swords Dance|p2a: Oregon\n|-boost|p2a: Oregon|atk|2\n|\n|-damage|p2a: Oregon|89\/100 brn|[from] brn\n|upkeep\n|turn|14\n|l| A plague doc\n|\n|t:|1699839591\n|move|p2a: Oregon|Ivy Cudgel|p1a: Golden Joe\n|-crit|p1a: Golden Joe\n|-damage|p1a: Golden Joe|15\/100\n|move|p1a: Golden Joe|Hex|p2a: Oregon\n|-damage|p2a: Oregon|0 fnt\n|faint|p2a: Oregon\n|\n|-heal|p1a: Golden Joe|21\/100|[from] item: Leftovers\n|upkeep\n|\n|t:|1699839601\n|switch|p2a: Iron Bands|Rillaboom, M|100\/100\n|-fieldstart|move: Grassy Terrain|[from] ability: Grassy Surge|[of] p2a: Iron Bands\n|turn|15\n|\n|t:|1699839617\n|move|p2a: Iron Bands|Grassy Glide|p1a: Golden Joe\n|-resisted|p1a: Golden Joe\n|-crit|p1a: Golden Joe\n|-damage|p1a: Golden Joe|0 fnt\n|faint|p1a: Golden Joe\n|\n|upkeep\n|\n|t:|1699839626\n|switch|p1a: Cresselia|Cresselia, F|100\/100\n|turn|16\n|\n|t:|1699839635\n|switch|p2a: Creepin'|Sneasler, F|100\/100\n|-enditem|p2a: Creepin'|Grassy Seed\n|-boost|p2a: Creepin'|def|1|[from] item: Grassy Seed\n|move|p1a: Cresselia|Thunder Wave|p2a: Creepin'\n|-status|p2a: Creepin'|par\n|\n|upkeep\n|turn|17\n|\n|t:|1699839648\n|cant|p2a: Creepin'|par\n|move|p1a: Cresselia|Psychic|p2a: Creepin'\n|-supereffective|p2a: Creepin'\n|-damage|p2a: Creepin'|0 fnt\n|faint|p2a: Creepin'\n|\n|upkeep\n|\n|t:|1699839655\n|switch|p2a: Iron Bands|Rillaboom, M|100\/100\n|turn|18\n|\n|t:|1699839661\n|-terastallize|p2a: Iron Bands|Grass\n|move|p2a: Iron Bands|Wood Hammer|p1a: Cresselia\n|-damage|p1a: Cresselia|0 fnt\n|faint|p1a: Cresselia\n|-damage|p2a: Iron Bands|61\/100|[from] Recoil\n|\n|-heal|p2a: Iron Bands|67\/100|[from] Grassy Terrain\n|upkeep\n|\n|t:|1699839678\n|switch|p1a: Iron Moth|Iron Moth, tera:Ground|25\/100\n|turn|19\n|\n|t:|1699839689\n|switch|p2a: Michael Vick|Zamazenta|98\/100\n|move|p1a: Iron Moth|Sludge Wave|p2a: Michael Vick\n|-damage|p2a: Michael Vick|55\/100\n|\n|-heal|p2a: Michael Vick|61\/100|[from] Grassy Terrain\n|-heal|p2a: Michael Vick|67\/100|[from] item: Leftovers\n|-heal|p1a: Iron Moth|31\/100|[from] Grassy Terrain\n|-fieldend|move: Grassy Terrain\n|upkeep\n|turn|20\n|\n|t:|1699839702\n|move|p2a: Michael Vick|Body Press|p1a: Iron Moth\n|-damage|p1a: Iron Moth|0 fnt\n|faint|p1a: Iron Moth\n|-end|p1a: Iron Moth|Quark Drive|[silent]\n|\n|-heal|p2a: Michael Vick|73\/100|[from] item: Leftovers\n|upkeep\n|\n|t:|1699839709\n|switch|p1a: Weezing|Weezing-Galar, M|14\/100 brn\n|-ability|p1a: Weezing|Neutralizing Gas\n|turn|21\n|\n|t:|1699839713\n|move|p2a: Michael Vick|Heavy Slam|p1a: Weezing\n|-supereffective|p1a: Weezing\n|-damage|p1a: Weezing|0 fnt\n|faint|p1a: Weezing\n|-end|p1a: Weezing|ability: Neutralizing Gas\n|\n|-heal|p2a: Michael Vick|80\/100|[from] item: Leftovers\n|upkeep\n|\n|t:|1699839723\n|switch|p1a: Ogerpon|Ogerpon-Wellspring, F|100\/100\n|turn|22\n|\n|t:|1699839726\n|move|p2a: Michael Vick|Body Press|p1a: Ogerpon\n|-damage|p1a: Ogerpon|46\/100\n|move|p1a: Ogerpon|Knock Off|p2a: Michael Vick\n|-resisted|p2a: Michael Vick\n|-damage|p2a: Michael Vick|65\/100\n|-enditem|p2a: Michael Vick|Leftovers|[from] move: Knock Off|[of] p1a: Ogerpon\n|\n|upkeep\n|turn|23\n|\n|t:|1699839733\n|move|p2a: Michael Vick|Body Press|p1a: Ogerpon\n|-damage|p1a: Ogerpon|0 fnt\n|faint|p1a: Ogerpon\n|\n|upkeep\n|\n|t:|1699839737\n|switch|p1a: Kleavor|Kleavor, M, shiny|100\/100\n|turn|24\n|-message|MicrowaveHeart forfeited.\n|\n|win|Vredge\n|raw|MicrowaveHeart's rating: 1534 &rarr; <strong>1515<\/strong><br \/>(-19 for losing)\n|raw|Vredge's rating: 1544 &rarr; <strong>1563<\/strong><br \/>(+19 for winning)\n|l|\u2606MicrowaveHeart\n","uploadtime":1699839746,"views":17,"p1id":"microwaveheart","p2id":"vredge","formatid":"gen9ou","rating":1515,"private":0,"password":""}