{"id":"gen9ou-2000658498","p1":"Pokestar Yancy","p2":"MrMaxAwesome","format":"[Gen 9] OU","log":"|j|\u2606Pokestar Yancy\n|j|\u2606MrMaxAwesome\n|t:|1701215501\n|gametype|singles\n|player|p1|Pokestar Yancy|caitlin|1258\n|player|p2|MrMaxAwesome|guzma|1225\n|teamsize|p1|6\n|teamsize|p2|6\n|gen|9\n|tier|[Gen 9] OU\n|rated|\n|rule|Sleep Clause Mod: Limit one foe put to sleep\n|rule|Species Clause: Limit one of each Pok\u00e9mon\n|rule|OHKO Clause: OHKO moves are banned\n|rule|Evasion Items Clause: Evasion items are banned\n|rule|Evasion Moves Clause: Evasion moves are banned\n|rule|Endless Battle Clause: Forcing endless battles is banned\n|rule|HP Percentage Mod: HP is shown in percentages\n|clearpoke\n|poke|p1|Rillaboom, M|\n|poke|p1|Ogerpon-Cornerstone, F|\n|poke|p1|Hawlucha, F|\n|poke|p1|Samurott-Hisui, M|\n|poke|p1|Heatran, F|\n|poke|p1|Great Tusk|\n|poke|p2|Greninja-*, M|\n|poke|p2|Ting-Lu|\n|poke|p2|Iron Valiant|\n|poke|p2|Gholdengo|\n|poke|p2|Dragapult, M|\n|poke|p2|Great Tusk|\n|teampreview\n|inactive|Battle timer is ON: inactive players will automatically lose when time's up. (requested by MrMaxAwesome)\n|inactive|Pokestar Yancy also wants the timer to be on.\n|\n|t:|1701215511\n|start\n|switch|p1a: Weeb Samurott|Samurott-Hisui, M, shiny|100\/100\n|switch|p2a: Ting-Lu|Ting-Lu|100\/100\n|-ability|p2a: Ting-Lu|Vessel of Ruin\n|turn|1\n|\n|t:|1701215530\n|-terastallize|p2a: Ting-Lu|Poison\n|move|p1a: Weeb Samurott|Flip Turn|p2a: Ting-Lu\n|-damage|p2a: Ting-Lu|85\/100\n|\n|t:|1701215535\n|switch|p1a: Toy Airplane|Heatran, F|100\/100|[from] Flip Turn\n|move|p2a: Ting-Lu|Stealth Rock|p1a: Toy Airplane\n|-sidestart|p1: Pokestar Yancy|move: Stealth Rock\n|\n|-heal|p2a: Ting-Lu|91\/100|[from] item: Leftovers\n|upkeep\n|turn|2\n|\n|t:|1701215543\n|move|p1a: Toy Airplane|Taunt|p2a: Ting-Lu\n|-start|p2a: Ting-Lu|move: Taunt\n|move|p2a: Ting-Lu|Ruination|p1a: Toy Airplane\n|-damage|p1a: Toy Airplane|50\/100\n|\n|-heal|p1a: Toy Airplane|57\/100|[from] item: Leftovers\n|-heal|p2a: Ting-Lu|97\/100|[from] item: Leftovers\n|upkeep\n|turn|3\n|\n|t:|1701215551\n|move|p1a: Toy Airplane|Stealth Rock|p2a: Ting-Lu\n|-sidestart|p2: MrMaxAwesome|move: Stealth Rock\n|move|p2a: Ting-Lu|Earthquake|p1a: Toy Airplane\n|-supereffective|p1a: Toy Airplane\n|-damage|p1a: Toy Airplane|0 fnt\n|faint|p1a: Toy Airplane\n|\n|-heal|p2a: Ting-Lu|100\/100|[from] item: Leftovers\n|upkeep\n|\n|t:|1701215557\n|switch|p1a: FunkyKonga|Rillaboom, M|100\/100\n|-damage|p1a: FunkyKonga|88\/100|[from] Stealth Rock\n|-fieldstart|move: Grassy Terrain|[from] ability: Grassy Surge|[of] p1a: FunkyKonga\n|turn|4\n|\n|t:|1701215560\n|move|p1a: FunkyKonga|U-turn|p2a: Ting-Lu\n|-resisted|p2a: Ting-Lu\n|-crit|p2a: Ting-Lu\n|-damage|p2a: Ting-Lu|89\/100\n|\n|t:|1701215562\n|switch|p1a: Chad Donphan|Great Tusk, shiny|100\/100|[from] U-turn\n|move|p2a: Ting-Lu|Ruination|p1a: Chad Donphan\n|-damage|p1a: Chad Donphan|51\/100\n|\n|-heal|p1a: Chad Donphan|57\/100|[from] Grassy Terrain\n|-heal|p2a: Ting-Lu|95\/100|[from] Grassy Terrain\n|-heal|p2a: Ting-Lu|100\/100|[from] item: Leftovers\n|-end|p2a: Ting-Lu|move: Taunt\n|upkeep\n|turn|5\n|\n|t:|1701215570\n|move|p1a: Chad Donphan|Headlong Rush|p2a: Ting-Lu\n|-supereffective|p2a: Ting-Lu\n|-damage|p2a: Ting-Lu|31\/100\n|-unboost|p1a: Chad Donphan|def|1\n|-unboost|p1a: Chad Donphan|spd|1\n|move|p2a: Ting-Lu|Whirlwind|p1a: Chad Donphan\n|-end|p1a: Chad Donphan|Protosynthesis|[silent]\n|drag|p1a: FunkyKonga|Rillaboom, M|88\/100\n|-damage|p1a: FunkyKonga|75\/100|[from] Stealth Rock\n|\n|-heal|p1a: FunkyKonga|82\/100|[from] Grassy Terrain\n|-heal|p2a: Ting-Lu|37\/100|[from] Grassy Terrain\n|-heal|p2a: Ting-Lu|43\/100|[from] item: Leftovers\n|upkeep\n|turn|6\n|\n|t:|1701215578\n|move|p1a: FunkyKonga|U-turn|p2a: Ting-Lu\n|-resisted|p2a: Ting-Lu\n|-damage|p2a: Ting-Lu|35\/100\n|\n|t:|1701215580\n|switch|p1a: Chad Donphan|Great Tusk, shiny|57\/100|[from] U-turn\n|move|p2a: Ting-Lu|Ruination|p1a: Chad Donphan\n|-damage|p1a: Chad Donphan|29\/100\n|\n|-heal|p1a: Chad Donphan|35\/100|[from] Grassy Terrain\n|-heal|p2a: Ting-Lu|41\/100|[from] Grassy Terrain\n|-heal|p2a: Ting-Lu|47\/100|[from] item: Leftovers\n|upkeep\n|turn|7\n|\n|t:|1701215594\n|switch|p2a: Greninja|Greninja, M|100\/100\n|-damage|p2a: Greninja|88\/100|[from] Stealth Rock\n|move|p1a: Chad Donphan|Rapid Spin|p2a: Greninja\n|-damage|p2a: Greninja|57\/100\n|-boost|p1a: Chad Donphan|spe|1\n|-sideend|p1: Pokestar Yancy|Stealth Rock|[from] move: Rapid Spin|[of] p1a: Chad Donphan\n|\n|-heal|p1a: Chad Donphan|41\/100|[from] Grassy Terrain\n|-heal|p2a: Greninja|63\/100|[from] Grassy Terrain\n|upkeep\n|turn|8\n|\n|t:|1701215600\n|move|p2a: Greninja|Water Shuriken|p1a: Chad Donphan\n|-supereffective|p1a: Chad Donphan\n|-damage|p1a: Chad Donphan|11\/100\n|-supereffective|p1a: Chad Donphan\n|-damage|p1a: Chad Donphan|0 fnt\n|faint|p1a: Chad Donphan\n|-end|p1a: Chad Donphan|Protosynthesis|[silent]\n|-ability|p2a: Greninja|Battle Bond|boost\n|-boost|p2a: Greninja|atk|1\n|-boost|p2a: Greninja|spa|1\n|-boost|p2a: Greninja|spe|1\n|-activate|p2a: Greninja|ability: Battle Bond\n|-hitcount|p1: Chad Donphan|2\n|-damage|p2a: Greninja|53\/100|[from] item: Life Orb\n|\n|-heal|p2a: Greninja|59\/100|[from] Grassy Terrain\n|upkeep\n|\n|t:|1701215603\n|switch|p1a: FunkyKonga|Rillaboom, M|82\/100\n|turn|9\n|\n|t:|1701215608\n|switch|p2a: Gholdengo|Gholdengo|100\/100\n|-damage|p2a: Gholdengo|94\/100|[from] Stealth Rock\n|move|p1a: FunkyKonga|U-turn|p2a: Gholdengo\n|-resisted|p2a: Gholdengo\n|-damage|p2a: Gholdengo|90\/100\n|\n|t:|1701215611\n|switch|p1a: Weeb Samurott|Samurott-Hisui, M, shiny|100\/100|[from] U-turn\n|\n|-heal|p2a: Gholdengo|96\/100|[from] Grassy Terrain\n|-heal|p2a: Gholdengo|100\/100|[from] item: Leftovers\n|upkeep\n|turn|10\n|\n|t:|1701215617\n|move|p1a: Weeb Samurott|Ceaseless Edge|p2a: Gholdengo\n|-supereffective|p2a: Gholdengo\n|-damage|p2a: Gholdengo|42\/100\n|-sidestart|p2: MrMaxAwesome|Spikes\n|move|p2a: Gholdengo|Thunder Wave|p1a: Weeb Samurott\n|-status|p1a: Weeb Samurott|par\n|\n|-heal|p2a: Gholdengo|48\/100|[from] Grassy Terrain\n|-heal|p2a: Gholdengo|54\/100|[from] item: Leftovers\n|upkeep\n|turn|11\n|inactive|Pokestar Yancy has 120 seconds left.\n|\n|t:|1701215658\n|move|p2a: Gholdengo|Recover|p2a: Gholdengo\n|-heal|p2a: Gholdengo|100\/100\n|move|p1a: Weeb Samurott|Ceaseless Edge|p2a: Gholdengo\n|-supereffective|p2a: Gholdengo\n|-damage|p2a: Gholdengo|40\/100\n|-sidestart|p2: MrMaxAwesome|Spikes\n|\n|-heal|p2a: Gholdengo|46\/100|[from] Grassy Terrain\n|-heal|p2a: Gholdengo|52\/100|[from] item: Leftovers\n|-fieldend|move: Grassy Terrain\n|upkeep\n|turn|12\n|\n|t:|1701215669\n|switch|p2a: Great Tusk|Great Tusk|100\/100\n|move|p1a: Weeb Samurott|Knock Off|p2a: Great Tusk\n|-resisted|p2a: Great Tusk\n|-damage|p2a: Great Tusk|85\/100\n|-enditem|p2a: Great Tusk|Heavy-Duty Boots|[from] move: Knock Off|[of] p1a: Weeb Samurott\n|\n|upkeep\n|turn|13\n|\n|t:|1701215678\n|move|p1a: Weeb Samurott|Aqua Jet|p2a: Great Tusk\n|-supereffective|p2a: Great Tusk\n|-damage|p2a: Great Tusk|56\/100\n|move|p2a: Great Tusk|Close Combat|p1a: Weeb Samurott\n|-supereffective|p1a: Weeb Samurott\n|-damage|p1a: Weeb Samurott|0 fnt\n|-unboost|p2a: Great Tusk|def|1\n|-unboost|p2a: Great Tusk|spd|1\n|faint|p1a: Weeb Samurott\n|\n|upkeep\n|\n|t:|1701215681\n|switch|p1a: FunkyKonga|Rillaboom, M|82\/100\n|-fieldstart|move: Grassy Terrain|[from] ability: Grassy Surge|[of] p1a: FunkyKonga\n|turn|14\n|\n|t:|1701215688\n|-end|p2a: Great Tusk|Protosynthesis|[silent]\n|switch|p2a: Gholdengo|Gholdengo|52\/100\n|-damage|p2a: Gholdengo|46\/100|[from] Stealth Rock\n|-damage|p2a: Gholdengo|29\/100|[from] Spikes\n|move|p1a: FunkyKonga|Grassy Glide|p2a: Gholdengo\n|-resisted|p2a: Gholdengo\n|-damage|p2a: Gholdengo|15\/100\n|\n|-heal|p1a: FunkyKonga|88\/100|[from] Grassy Terrain\n|-heal|p2a: Gholdengo|21\/100|[from] Grassy Terrain\n|-heal|p2a: Gholdengo|27\/100|[from] item: Leftovers\n|upkeep\n|turn|15\n|\n|t:|1701215691\n|move|p1a: FunkyKonga|Grassy Glide|p2a: Gholdengo\n|-resisted|p2a: Gholdengo\n|-damage|p2a: Gholdengo|14\/100\n|move|p2a: Gholdengo|Recover|p2a: Gholdengo\n|-heal|p2a: Gholdengo|64\/100\n|\n|-heal|p1a: FunkyKonga|94\/100|[from] Grassy Terrain\n|-heal|p2a: Gholdengo|70\/100|[from] Grassy Terrain\n|-heal|p2a: Gholdengo|76\/100|[from] item: Leftovers\n|upkeep\n|turn|16\n|\n|t:|1701215694\n|move|p1a: FunkyKonga|Knock Off|p2a: Gholdengo\n|-supereffective|p2a: Gholdengo\n|-damage|p2a: Gholdengo|30\/100\n|-enditem|p2a: Gholdengo|Leftovers|[from] move: Knock Off|[of] p1a: FunkyKonga\n|move|p2a: Gholdengo|Recover|p2a: Gholdengo\n|-heal|p2a: Gholdengo|80\/100\n|\n|-heal|p1a: FunkyKonga|99\/100|[from] Grassy Terrain\n|-heal|p2a: Gholdengo|86\/100|[from] Grassy Terrain\n|upkeep\n|turn|17\n|\n|t:|1701215703\n|move|p1a: FunkyKonga|U-turn|p2a: Gholdengo\n|-resisted|p2a: Gholdengo\n|-damage|p2a: Gholdengo|82\/100\n|\n|t:|1701215705\n|switch|p1a: Goblin|Ogerpon-Cornerstone, F|100\/100|[from] U-turn\n|move|p2a: Gholdengo|Thunder Wave|p1a: Goblin\n|-status|p1a: Goblin|par\n|\n|-heal|p2a: Gholdengo|88\/100|[from] Grassy Terrain\n|upkeep\n|turn|18\n|\n|t:|1701215709\n|move|p2a: Gholdengo|Hex|p1a: Goblin\n|-damage|p1a: Goblin|31\/100 par\n|cant|p1a: Goblin|par\n|\n|-heal|p2a: Gholdengo|94\/100|[from] Grassy Terrain\n|-heal|p1a: Goblin|37\/100 par|[from] Grassy Terrain\n|upkeep\n|turn|19\n|\n|t:|1701215713\n|move|p2a: Gholdengo|Hex|p1a: Goblin\n|-damage|p1a: Goblin|0 fnt\n|faint|p1a: Goblin\n|\n|-heal|p2a: Gholdengo|99\/100|[from] Grassy Terrain\n|upkeep\n|-message|Pokestar Yancy forfeited.\n|\n|win|MrMaxAwesome\n|raw|Pokestar Yancy's rating: 1258 &rarr; <strong>1231<\/strong><br \/>(-27 for losing)\n|raw|MrMaxAwesome's rating: 1225 &rarr; <strong>1252<\/strong><br \/>(+27 for winning)\n|l|\u2606Pokestar Yancy\n","uploadtime":1701215723,"views":1,"p1id":"pokestaryancy","p2id":"mrmaxawesome","formatid":"gen9ou","rating":1231,"private":0,"password":""}