{"id":"gen9ou-1992354543","p1":"Lmaoface1","p2":"aleph-oh","format":"[Gen 9] OU","log":"|j|\u2606Lmaoface1\n|j|\u2606aleph-oh\n|t:|1700177987\n|gametype|singles\n|player|p1|Lmaoface1|hiker-gen4|1242\n|player|p2|aleph-oh|2|1334\n|teamsize|p1|6\n|teamsize|p2|6\n|gen|9\n|tier|[Gen 9] OU\n|rated|\n|rule|Sleep Clause Mod: Limit one foe put to sleep\n|rule|Species Clause: Limit one of each Pok\u00e9mon\n|rule|OHKO Clause: OHKO moves are banned\n|rule|Evasion Items Clause: Evasion items are banned\n|rule|Evasion Moves Clause: Evasion moves are banned\n|rule|Endless Battle Clause: Forcing endless battles is banned\n|rule|HP Percentage Mod: HP is shown in percentages\n|clearpoke\n|poke|p1|Ninetales-Alola, M|\n|poke|p1|Torterra, M|\n|poke|p1|Ogerpon-Wellspring, F|\n|poke|p1|Corviknight, F|\n|poke|p1|Samurott-Hisui, F|\n|poke|p1|Slowking-Galar, F|\n|poke|p2|Kingambit, F|\n|poke|p2|Glimmora, M|\n|poke|p2|Iron Moth|\n|poke|p2|Dragonite, M|\n|poke|p2|Gholdengo|\n|poke|p2|Ninetales-Alola, F|\n|teampreview\n|inactive|Battle timer is ON: inactive players will automatically lose when time's up. (requested by Lmaoface1)\n|c|\u2606Lmaoface1|Thank God it's not rain\n|\n|t:|1700178006\n|start\n|switch|p1a: Slowking|Slowking-Galar, F|100\/100\n|switch|p2a: Glimmora|Glimmora, M|100\/100\n|turn|1\n|\n|t:|1700178011\n|move|p2a: Glimmora|Stealth Rock|p1a: Slowking\n|-sidestart|p1: Lmaoface1|move: Stealth Rock\n|move|p1a: Slowking|Future Sight|p2a: Glimmora\n|-start|p1a: Slowking|move: Future Sight\n|\n|upkeep\n|turn|2\n|\n|t:|1700178017\n|move|p2a: Glimmora|Earth Power|p1a: Slowking\n|-supereffective|p1a: Slowking\n|-damage|p1a: Slowking|62\/100\n|move|p1a: Slowking|Chilly Reception|p1a: Slowking\n|-weather|Snow\n|\n|t:|1700178022\n|switch|p1a: Corviknight|Corviknight, F|100\/100|[from] Chilly Reception\n|\n|-weather|Snow|[upkeep]\n|upkeep\n|turn|3\n|\n|t:|1700178032\n|switch|p2a: Kingambit|Kingambit, F|100\/100\n|move|p1a: Corviknight|Defog|p2a: Kingambit\n|-unboost|p2a: Kingambit|evasion|1\n|-sideend|p1: Lmaoface1|Stealth Rock|[from] move: Defog|[of] p1a: Corviknight\n|\n|-weather|Snow|[upkeep]\n|-end|p2a: Kingambit|move: Future Sight\n|-immune|p2a: Kingambit\n|upkeep\n|turn|4\n|\n|t:|1700178045\n|-end|p2a: Kingambit|fallenundefined|[silent]\n|switch|p2a: Gholdengo|Gholdengo, shiny|100\/100\n|move|p1a: Corviknight|U-turn|p2a: Gholdengo\n|-resisted|p2a: Gholdengo\n|-crit|p2a: Gholdengo\n|-damage|p2a: Gholdengo|94\/100\n|\n|t:|1700178054\n|switch|p1a: Ninetales|Ninetales-Alola, M|100\/100|[from] U-turn\n|\n|-weather|Snow|[upkeep]\n|upkeep\n|turn|5\n|\n|t:|1700178069\n|move|p1a: Ninetales|Aurora Veil|p1a: Ninetales\n|-sidestart|p1: Lmaoface1|move: Aurora Veil\n|move|p2a: Gholdengo|Make It Rain|p1a: Ninetales\n|-supereffective|p1a: Ninetales\n|-damage|p1a: Ninetales|0 fnt\n|-unboost|p2a: Gholdengo|spa|1\n|faint|p1a: Ninetales\n|\n|-weather|Snow|[upkeep]\n|upkeep\n|\n|t:|1700178073\n|switch|p1a: Torterra|Torterra, M|100\/100\n|turn|6\n|\n|t:|1700178092\n|switch|p2a: Dragonite|Dragonite, M|100\/100\n|move|p1a: Torterra|Shell Smash|p1a: Torterra\n|-unboost|p1a: Torterra|def|1\n|-unboost|p1a: Torterra|spd|1\n|-boost|p1a: Torterra|atk|2\n|-boost|p1a: Torterra|spa|2\n|-boost|p1a: Torterra|spe|2\n|\n|-weather|none\n|upkeep\n|turn|7\n|\n|t:|1700178113\n|-terastallize|p1a: Torterra|Rock\n|move|p1a: Torterra|Rock Blast|p2a: Dragonite\n|-supereffective|p2a: Dragonite\n|-damage|p2a: Dragonite|70\/100\n|-supereffective|p2a: Dragonite\n|-damage|p2a: Dragonite|18\/100\n|-supereffective|p2a: Dragonite\n|-damage|p2a: Dragonite|0 fnt\n|faint|p2a: Dragonite\n|-hitcount|p2: Dragonite|3\n|\n|upkeep\n|\n|t:|1700178129\n|switch|p2a: Glimmora|Glimmora, M|100\/100\n|turn|8\n|\n|t:|1700178135\n|move|p1a: Torterra|Bullet Seed|p2a: Glimmora\n|-damage|p2a: Glimmora|68\/100\n|-activate|p2a: Glimmora|ability: Toxic Debris\n|-sidestart|p1: Lmaoface1|move: Toxic Spikes\n|-damage|p2a: Glimmora|39\/100\n|-activate|p2a: Glimmora|ability: Toxic Debris\n|-sidestart|p1: Lmaoface1|move: Toxic Spikes\n|-damage|p2a: Glimmora|11\/100\n|-damage|p2a: Glimmora|0 fnt\n|faint|p2a: Glimmora\n|-hitcount|p2: Glimmora|4\n|\n|upkeep\n|inactive|aleph-oh has 120 seconds left.\n|\n|t:|1700178155\n|switch|p2a: Iron Moth|Iron Moth|100\/100\n|-enditem|p2a: Iron Moth|Booster Energy\n|-activate|p2a: Iron Moth|ability: Quark Drive|[fromitem]\n|-start|p2a: Iron Moth|quarkdrivespa\n|turn|9\n|\n|t:|1700178165\n|-terastallize|p2a: Iron Moth|Fairy\n|move|p1a: Torterra|Headlong Rush|p2a: Iron Moth\n|-damage|p2a: Iron Moth|0 fnt\n|-unboost|p1a: Torterra|def|1\n|-unboost|p1a: Torterra|spd|1\n|faint|p2a: Iron Moth\n|-end|p2a: Iron Moth|Quark Drive|[silent]\n|\n|upkeep\n|inactive|aleph-oh has 120 seconds left.\n|\n|t:|1700178187\n|switch|p2a: Ninetales|Ninetales-Alola, F|100\/100\n|-weather|Snow|[from] ability: Snow Warning|[of] p2a: Ninetales\n|turn|10\n|\n|t:|1700178192\n|move|p1a: Torterra|Bullet Seed|p2a: Ninetales\n|-damage|p2a: Ninetales|78\/100\n|-damage|p2a: Ninetales|56\/100\n|-damage|p2a: Ninetales|35\/100\n|-damage|p2a: Ninetales|12\/100\n|-damage|p2a: Ninetales|0 fnt\n|faint|p2a: Ninetales\n|-hitcount|p2: Ninetales|5\n|\n|-weather|Snow|[upkeep]\n|upkeep\n|inactive|aleph-oh has 120 seconds left.\n|\n|t:|1700178203\n|switch|p2a: Gholdengo|Gholdengo, shiny|94\/100\n|turn|11\n|\n|t:|1700178207\n|move|p1a: Torterra|Headlong Rush|p2a: Gholdengo\n|-supereffective|p2a: Gholdengo\n|-damage|p2a: Gholdengo|0 fnt\n|-unboost|p1a: Torterra|def|1\n|-unboost|p1a: Torterra|spd|1\n|faint|p2a: Gholdengo\n|\n|-weather|Snow|[upkeep]\n|upkeep\n|\n|t:|1700178214\n|switch|p2a: Kingambit|Kingambit, F|100\/100\n|-activate|p2a: Kingambit|ability: Supreme Overlord\n|-start|p2a: Kingambit|fallen5|[silent]\n|turn|12\n|\n|t:|1700178222\n|move|p1a: Torterra|Shell Smash|p1a: Torterra\n|-unboost|p1a: Torterra|def|1\n|-unboost|p1a: Torterra|spd|1\n|-boost|p1a: Torterra|atk|2\n|-boost|p1a: Torterra|spa|2\n|-boost|p1a: Torterra|spe|2\n|move|p2a: Kingambit|Swords Dance|p2a: Kingambit\n|-boost|p2a: Kingambit|atk|2\n|\n|-weather|Snow|[upkeep]\n|-sideend|p1: Lmaoface1|move: Aurora Veil\n|upkeep\n|turn|13\n|\n|t:|1700178230\n|move|p2a: Kingambit|Sucker Punch|p1a: Torterra\n|-damage|p1a: Torterra|0 fnt\n|faint|p1a: Torterra\n|\n|-weather|Snow|[upkeep]\n|upkeep\n|\n|t:|1700178244\n|switch|p1a: Slowking|Slowking-Galar, F|95\/100\n|-sideend|p1: Lmaoface1|move: Toxic Spikes|[of] p1a: Slowking\n|turn|14\n|\n|t:|1700178256\n|switch|p1a: Corviknight|Corviknight, F|100\/100\n|move|p2a: Kingambit|Kowtow Cleave|p1a: Corviknight\n|-damage|p1a: Corviknight|0 fnt\n|faint|p1a: Corviknight\n|\n|-weather|none\n|upkeep\n|\n|t:|1700178270\n|switch|p1a: Samurott|Samurott-Hisui, F|100\/100\n|turn|15\n|\n|t:|1700178297\n|move|p1a: Samurott|Flip Turn|p2a: Kingambit\n|-damage|p2a: Kingambit|77\/100\n|\n|t:|1700178307\n|switch|p1a: Slowking|Slowking-Galar, F|100\/100|[from] Flip Turn\n|move|p2a: Kingambit|Kowtow Cleave|p1a: Slowking\n|-supereffective|p1a: Slowking\n|-damage|p1a: Slowking|0 fnt\n|faint|p1a: Slowking\n|\n|upkeep\n|\n|t:|1700178310\n|switch|p1a: Ogerpon|Ogerpon-Wellspring, F|100\/100\n|turn|16\n|\n|t:|1700178330\n|switch|p1a: Samurott|Samurott-Hisui, F|100\/100\n|move|p2a: Kingambit|Sucker Punch||[still]\n|-fail|p2a: Kingambit\n|\n|upkeep\n|turn|17\n|\n|t:|1700178337\n|move|p1a: Samurott|Razor Shell|p2a: Kingambit\n|-damage|p2a: Kingambit|29\/100\n|move|p2a: Kingambit|Kowtow Cleave|p1a: Samurott\n|-resisted|p1a: Samurott\n|-crit|p1a: Samurott\n|-damage|p1a: Samurott|0 fnt\n|faint|p1a: Samurott\n|\n|upkeep\n|\n|t:|1700178341\n|switch|p1a: Ogerpon|Ogerpon-Wellspring, F|100\/100\n|turn|18\n|c|\u2606Lmaoface1|Damn reverse sweep\n|c|\u2606Lmaoface1|Gg\n|\n|t:|1700178356\n|move|p2a: Kingambit|Sucker Punch|p1a: Ogerpon\n|-damage|p1a: Ogerpon|0 fnt\n|faint|p1a: Ogerpon\n|\n|win|aleph-oh\n|raw|Lmaoface1's rating: 1242 &rarr; <strong>1223<\/strong><br \/>(-19 for losing)\n|raw|aleph-oh's rating: 1334 &rarr; <strong>1349<\/strong><br \/>(+15 for winning)\n|c|\u2606aleph-oh|nah you got this\n|c|\u2606aleph-oh|oh wait\n|c|\u2606Lmaoface1|Lol\n|c|\u2606Lmaoface1|I appreciate it\n|c|\u2606aleph-oh|huh\n|c|\u2606aleph-oh|i thought the play there was taunt \/ encore\n|c|\u2606aleph-oh|but some ogerpon-w don't run it\n|c|\u2606aleph-oh|gg\n|c|\u2606Lmaoface1|I don't run those lol\n|c|\u2606aleph-oh|yeah ig i had to bet you weren't b\/c otherwise i lost\n","uploadtime":1700178405,"views":8,"p1id":"lmaoface1","p2id":"alephoh","formatid":"gen9ou","rating":1223,"private":0,"password":""}