{"id":"gen9ou-1996624350","p1":"Mister Huang","p2":"Andrews Finn2","format":"[Gen 9] OU","log":"|j|\u2606Mister Huang\n|j|\u2606Andrews Finn2\n|t:|1700701995\n|gametype|singles\n|player|p1|Mister Huang|ghetsis|1261\n|player|p2|Andrews Finn2|steven|1190\n|teamsize|p1|6\n|teamsize|p2|6\n|gen|9\n|tier|[Gen 9] OU\n|rated|\n|rule|Sleep Clause Mod: Limit one foe put to sleep\n|rule|Species Clause: Limit one of each Pok\u00e9mon\n|rule|OHKO Clause: OHKO moves are banned\n|rule|Evasion Items Clause: Evasion items are banned\n|rule|Evasion Moves Clause: Evasion moves are banned\n|rule|Endless Battle Clause: Forcing endless battles is banned\n|rule|HP Percentage Mod: HP is shown in percentages\n|clearpoke\n|poke|p1|Dondozo, F|\n|poke|p1|Glimmora, F|\n|poke|p1|Gholdengo|\n|poke|p1|Meowscarada, M|\n|poke|p1|Kingambit, M|\n|poke|p1|Corviknight, M|\n|poke|p2|Alomomola, F|\n|poke|p2|Slowking-Galar, F|\n|poke|p2|Kingambit, F|\n|poke|p2|Great Tusk|\n|poke|p2|Cinderace, F|\n|poke|p2|Thundurus-Therian, M|\n|teampreview\n|\n|t:|1700702009\n|start\n|switch|p1a: Gojo|Glimmora, F|100\/100\n|switch|p2a: Great Tusk|Great Tusk|100\/100\n|turn|1\n|\n|t:|1700702024\n|-terastallize|p1a: Gojo|Grass\n|move|p2a: Great Tusk|Stealth Rock|p1a: Gojo\n|-sidestart|p1: Mister Huang|move: Stealth Rock\n|move|p1a: Gojo|Energy Ball|p2a: Great Tusk\n|-supereffective|p2a: Great Tusk\n|-damage|p2a: Great Tusk|0 fnt\n|faint|p2a: Great Tusk\n|-end|p2a: Great Tusk|Protosynthesis|[silent]\n|\n|upkeep\n|\n|t:|1700702034\n|switch|p2a: Cinderace|Cinderace, F|100\/100\n|turn|2\n|\n|t:|1700702038\n|move|p2a: Cinderace|Pyro Ball|p1a: Gojo\n|-supereffective|p1a: Gojo\n|-damage|p1a: Gojo|0 fnt\n|-activate|p1a: Gojo|ability: Toxic Debris\n|-sidestart|p2: Andrews Finn2|move: Toxic Spikes\n|faint|p1a: Gojo\n|\n|upkeep\n|\n|t:|1700702041\n|switch|p1a: Dondozo|Dondozo, F, shiny|100\/100\n|-damage|p1a: Dondozo|88\/100|[from] Stealth Rock\n|turn|3\n|\n|t:|1700702044\n|switch|p2a: Slowking|Slowking-Galar, F|100\/100\n|-sideend|p2: Andrews Finn2|move: Toxic Spikes|[of] p2a: Slowking\n|move|p1a: Dondozo|Wave Crash|p2a: Slowking\n|-damage|p2a: Slowking|60\/100\n|-damage|p1a: Dondozo|78\/100|[from] Recoil\n|\n|-heal|p1a: Dondozo|84\/100|[from] item: Leftovers\n|upkeep\n|turn|4\n|\n|t:|1700702053\n|move|p1a: Dondozo|Earthquake|p2a: Slowking\n|-supereffective|p2a: Slowking\n|-damage|p2a: Slowking|9\/100\n|move|p2a: Slowking|Chilly Reception|p2a: Slowking\n|-weather|Snow\n|\n|t:|1700702061\n|switch|p2a: Thundurus|Thundurus-Therian, M|100\/100|[from] Chilly Reception\n|\n|-weather|Snow|[upkeep]\n|-heal|p1a: Dondozo|90\/100|[from] item: Leftovers\n|upkeep\n|turn|5\n|\n|t:|1700702087\n|move|p1a: Dondozo|Protect|p1a: Dondozo\n|-singleturn|p1a: Dondozo|Protect\n|move|p2a: Thundurus|Volt Switch|p1a: Dondozo\n|-activate|p1a: Dondozo|move: Protect\n|\n|-weather|Snow|[upkeep]\n|-heal|p1a: Dondozo|96\/100|[from] item: Leftovers\n|upkeep\n|turn|6\n|\n|t:|1700702094\n|move|p2a: Thundurus|Volt Switch|p1a: Dondozo\n|-supereffective|p1a: Dondozo\n|-damage|p1a: Dondozo|0 fnt\n|faint|p1a: Dondozo\n|\n|t:|1700702104\n|switch|p2a: Cinderace|Cinderace, F|100\/100|[from] Volt Switch\n|\n|-weather|Snow|[upkeep]\n|upkeep\n|\n|t:|1700702111\n|switch|p1a: Mahoraga|Meowscarada, M, shiny|100\/100\n|-damage|p1a: Mahoraga|88\/100|[from] Stealth Rock\n|turn|7\n|\n|t:|1700702117\n|move|p1a: Mahoraga|Knock Off|p2a: Cinderace\n|-start|p1a: Mahoraga|typechange|Dark|[from] ability: Protean\n|-damage|p2a: Cinderace|40\/100\n|-enditem|p2a: Cinderace|Heavy-Duty Boots|[from] move: Knock Off|[of] p1a: Mahoraga\n|move|p2a: Cinderace|U-turn|p1a: Mahoraga\n|-start|p2a: Cinderace|typechange|Bug|[from] ability: Libero\n|-supereffective|p1a: Mahoraga\n|-damage|p1a: Mahoraga|0 fnt\n|faint|p1a: Mahoraga\n|\n|t:|1700702127\n|switch|p2a: Alomomola|Alomomola, F|100\/100|[from] U-turn\n|\n|-weather|Snow|[upkeep]\n|upkeep\n|\n|t:|1700702130\n|switch|p1a: Kashimo|Gholdengo|100\/100\n|-damage|p1a: Kashimo|94\/100|[from] Stealth Rock\n|-item|p1a: Kashimo|Air Balloon\n|turn|8\n|\n|t:|1700702133\n|move|p1a: Kashimo|Thunderbolt|p2a: Alomomola\n|-supereffective|p2a: Alomomola\n|-crit|p2a: Alomomola\n|-damage|p2a: Alomomola|13\/100\n|-status|p2a: Alomomola|par\n|-enditem|p2a: Alomomola|Red Card|[of] p1a: Kashimo\n|drag|p1a: Corviknight|Corviknight, M|100\/100\n|cant|p2a: Alomomola|par\n|\n|-weather|none\n|upkeep\n|turn|9\n|\n|t:|1700702143\n|switch|p2a: Cinderace|Cinderace, F|40\/100\n|move|p1a: Corviknight|Iron Defense|p1a: Corviknight\n|-boost|p1a: Corviknight|def|2\n|\n|upkeep\n|turn|10\n|\n|t:|1700702150\n|move|p2a: Cinderace|Pyro Ball|p1a: Corviknight\n|-supereffective|p1a: Corviknight\n|-damage|p1a: Corviknight|67\/100\n|move|p1a: Corviknight|Iron Defense|p1a: Corviknight\n|-boost|p1a: Corviknight|def|2\n|\n|upkeep\n|turn|11\n|\n|t:|1700702155\n|move|p2a: Cinderace|Will-O-Wisp|p1a: Corviknight\n|-status|p1a: Corviknight|brn\n|move|p1a: Corviknight|Roost|p1a: Corviknight\n|-heal|p1a: Corviknight|100\/100 brn\n|-singleturn|p1a: Corviknight|move: Roost\n|\n|-damage|p1a: Corviknight|94\/100 brn|[from] brn\n|upkeep\n|turn|12\n|\n|t:|1700702161\n|move|p2a: Cinderace|U-turn|p1a: Corviknight\n|-start|p2a: Cinderace|typechange|Bug|[from] ability: Libero\n|-resisted|p1a: Corviknight\n|-damage|p1a: Corviknight|92\/100 brn\n|\n|t:|1700702167\n|switch|p2a: Thundurus|Thundurus-Therian, M|100\/100|[from] U-turn\n|move|p1a: Corviknight|Iron Defense|p1a: Corviknight\n|-boost|p1a: Corviknight|def|2\n|\n|-damage|p1a: Corviknight|86\/100 brn|[from] brn\n|upkeep\n|turn|13\n|\n|t:|1700702178\n|switch|p1a: Kashimo|Gholdengo|94\/100\n|-damage|p1a: Kashimo|88\/100|[from] Stealth Rock\n|-item|p1a: Kashimo|Air Balloon\n|move|p2a: Thundurus|Volt Switch|p1a: Kashimo\n|-damage|p1a: Kashimo|25\/100\n|-enditem|p1a: Kashimo|Air Balloon\n|\n|t:|1700702192\n|switch|p2a: Cinderace|Cinderace, F|40\/100|[from] Volt Switch\n|\n|upkeep\n|turn|14\n|\n|t:|1700702196\n|move|p2a: Cinderace|Pyro Ball|p1a: Kashimo\n|-supereffective|p1a: Kashimo\n|-damage|p1a: Kashimo|0 fnt\n|faint|p1a: Kashimo\n|\n|upkeep\n|\n|t:|1700702199\n|switch|p1a: Corviknight|Corviknight, M|86\/100 brn\n|turn|15\n|\n|t:|1700702202\n|move|p2a: Cinderace|U-turn|p1a: Corviknight\n|-start|p2a: Cinderace|typechange|Bug|[from] ability: Libero\n|-resisted|p1a: Corviknight\n|-damage|p1a: Corviknight|81\/100 brn\n|\n|t:|1700702207\n|switch|p2a: Thundurus|Thundurus-Therian, M|100\/100|[from] U-turn\n|move|p1a: Corviknight|Body Press|p2a: Thundurus\n|-resisted|p2a: Thundurus\n|-damage|p2a: Thundurus|91\/100\n|\n|-damage|p1a: Corviknight|75\/100 brn|[from] brn\n|upkeep\n|turn|16\n|-message|Mister Huang forfeited.\n|\n|win|Andrews Finn2\n|raw|Mister Huang's rating: 1261 &rarr; <strong>1231<\/strong><br \/>(-30 for losing)\n|raw|Andrews Finn2's rating: 1190 &rarr; <strong>1220<\/strong><br \/>(+30 for winning)\n|l|\u2606Mister Huang\n","uploadtime":1700702217,"views":2,"p1id":"misterhuang","p2id":"andrewsfinn2","formatid":"gen9ou","rating":1220,"private":0,"password":""}