{"id":"gen9ou-1993368311","p1":"Y2023","p2":"Chabbott918","format":"[Gen 9] OU","log":"|j|\u2606Y2023\n|j|\u2606Chabbott918\n|t:|1700307241\n|gametype|singles\n|player|p1|Y2023|lucas|1423\n|player|p2|Chabbott918|raifort|1347\n|teamsize|p1|6\n|teamsize|p2|6\n|gen|9\n|tier|[Gen 9] OU\n|rated|\n|rule|Sleep Clause Mod: Limit one foe put to sleep\n|rule|Species Clause: Limit one of each Pok\u00e9mon\n|rule|OHKO Clause: OHKO moves are banned\n|rule|Evasion Items Clause: Evasion items are banned\n|rule|Evasion Moves Clause: Evasion moves are banned\n|rule|Endless Battle Clause: Forcing endless battles is banned\n|rule|HP Percentage Mod: HP is shown in percentages\n|clearpoke\n|poke|p1|Iron Valiant|\n|poke|p1|Iron Moth|\n|poke|p1|Ogerpon-Wellspring, F|\n|poke|p1|Glimmora, F|\n|poke|p1|Greninja-*, M|\n|poke|p1|Kingambit, F|\n|poke|p2|Gholdengo|\n|poke|p2|Zapdos|\n|poke|p2|Cinderace, F|\n|poke|p2|Glimmora, F|\n|poke|p2|Samurott-Hisui, M|\n|poke|p2|Rillaboom, M|\n|teampreview\n|inactive|Battle timer is ON: inactive players will automatically lose when time's up. (requested by Y2023)\n|\n|t:|1700307268\n|start\n|switch|p1a: Lampadaire|Glimmora, F|100\/100\n|switch|p2a: Samurott|Samurott-Hisui, M|100\/100\n|turn|1\n|\n|t:|1700307274\n|move|p1a: Lampadaire|Stealth Rock|p2a: Samurott\n|-sidestart|p2: Chabbott918|move: Stealth Rock\n|move|p2a: Samurott|Aqua Cutter|p1a: Lampadaire\n|-supereffective|p1a: Lampadaire\n|-enditem|p1a: Lampadaire|Focus Sash\n|-damage|p1a: Lampadaire|1\/100\n|-activate|p1a: Lampadaire|ability: Toxic Debris\n|-sidestart|p2: Chabbott918|move: Toxic Spikes\n|\n|upkeep\n|turn|2\n|\n|t:|1700307282\n|move|p2a: Samurott|Aqua Jet|p1a: Lampadaire\n|-supereffective|p1a: Lampadaire\n|-damage|p1a: Lampadaire|0 fnt\n|-activate|p1a: Lampadaire|ability: Toxic Debris\n|-sidestart|p2: Chabbott918|move: Toxic Spikes\n|faint|p1a: Lampadaire\n|\n|upkeep\n|\n|t:|1700307285\n|switch|p1a: Puits de tristesse|Ogerpon-Wellspring, F|100\/100\n|turn|3\n|\n|t:|1700307298\n|switch|p2a: Gholdengo|Gholdengo|100\/100\n|-damage|p2a: Gholdengo|94\/100|[from] Stealth Rock\n|move|p1a: Puits de tristesse|Encore|p2a: Gholdengo\n|-immune|p2a: Gholdengo|[from] ability: Good as Gold\n|\n|-heal|p2a: Gholdengo|100\/100|[from] item: Leftovers\n|upkeep\n|turn|4\n|\n|t:|1700307303\n|move|p1a: Puits de tristesse|Swords Dance|p1a: Puits de tristesse\n|-boost|p1a: Puits de tristesse|atk|2\n|move|p2a: Gholdengo|Thunder Wave|p1a: Puits de tristesse|[miss]\n|-miss|p2a: Gholdengo|p1a: Puits de tristesse\n|\n|upkeep\n|turn|5\n|\n|t:|1700307314\n|move|p1a: Puits de tristesse|Ivy Cudgel|p2a: Gholdengo|[anim] Ivy Cudgel Water\n|-damage|p2a: Gholdengo|24\/100\n|move|p2a: Gholdengo|Thunder Wave|p1a: Puits de tristesse\n|-status|p1a: Puits de tristesse|par\n|\n|-heal|p2a: Gholdengo|30\/100|[from] item: Leftovers\n|upkeep\n|turn|6\n|\n|t:|1700307319\n|move|p2a: Gholdengo|Hex|p1a: Puits de tristesse\n|-damage|p1a: Puits de tristesse|28\/100 par\n|move|p1a: Puits de tristesse|Ivy Cudgel|p2a: Gholdengo|[anim] Ivy Cudgel Water\n|-damage|p2a: Gholdengo|0 fnt\n|faint|p2a: Gholdengo\n|\n|upkeep\n|\n|t:|1700307325\n|switch|p2a: Cinderace|Cinderace, F, shiny|100\/100\n|turn|7\n|\n|t:|1700307329\n|move|p2a: Cinderace|U-turn|p1a: Puits de tristesse\n|-supereffective|p1a: Puits de tristesse\n|-damage|p1a: Puits de tristesse|0 fnt\n|faint|p1a: Puits de tristesse\n|\n|t:|1700307332\n|switch|p2a: Zapdos|Zapdos|100\/100|[from] U-turn\n|\n|upkeep\n|\n|t:|1700307338\n|switch|p1a: Faux Soleil|Iron Moth|100\/100\n|-enditem|p1a: Faux Soleil|Booster Energy\n|-activate|p1a: Faux Soleil|ability: Quark Drive|[fromitem]\n|-start|p1a: Faux Soleil|quarkdrivespe\n|turn|8\n|\n|t:|1700307341\n|-terastallize|p1a: Faux Soleil|Ground\n|move|p1a: Faux Soleil|Substitute|p1a: Faux Soleil\n|-start|p1a: Faux Soleil|Substitute\n|-damage|p1a: Faux Soleil|75\/100\n|move|p2a: Zapdos|Hurricane|p1a: Faux Soleil\n|-end|p1a: Faux Soleil|Substitute\n|\n|upkeep\n|turn|9\n|\n|t:|1700307349\n|move|p1a: Faux Soleil|Fiery Dance|p2a: Zapdos\n|-damage|p2a: Zapdos|50\/100\n|move|p2a: Zapdos|Heat Wave|p1a: Faux Soleil\n|-damage|p1a: Faux Soleil|46\/100\n|\n|upkeep\n|turn|10\n|\n|t:|1700307359\n|move|p1a: Faux Soleil|Sludge Wave|p2a: Zapdos\n|-damage|p2a: Zapdos|0 fnt\n|faint|p2a: Zapdos\n|\n|upkeep\n|\n|t:|1700307373\n|switch|p2a: Samurott|Samurott-Hisui, M|100\/100\n|-damage|p2a: Samurott|88\/100|[from] Stealth Rock\n|-status|p2a: Samurott|tox\n|turn|11\n|\n|t:|1700307386\n|move|p1a: Faux Soleil|Sludge Wave|p2a: Samurott\n|-damage|p2a: Samurott|41\/100 tox\n|move|p2a: Samurott|Aqua Cutter|p1a: Faux Soleil\n|-supereffective|p1a: Faux Soleil\n|-crit|p1a: Faux Soleil\n|-damage|p1a: Faux Soleil|0 fnt\n|faint|p1a: Faux Soleil\n|-end|p1a: Faux Soleil|Quark Drive|[silent]\n|\n|-damage|p2a: Samurott|35\/100 tox|[from] psn\n|upkeep\n|\n|t:|1700307402\n|switch|p1a: Sasuke|Greninja, M|100\/100\n|turn|12\n|\n|t:|1700307409\n|move|p1a: Sasuke|Low Kick|p2a: Samurott\n|-supereffective|p2a: Samurott\n|-damage|p2a: Samurott|0 fnt\n|faint|p2a: Samurott\n|-ability|p1a: Sasuke|Battle Bond|boost\n|-boost|p1a: Sasuke|atk|1\n|-boost|p1a: Sasuke|spa|1\n|-boost|p1a: Sasuke|spe|1\n|-activate|p1a: Sasuke|ability: Battle Bond\n|-damage|p1a: Sasuke|91\/100|[from] item: Life Orb\n|\n|upkeep\n|\n|t:|1700307418\n|switch|p2a: Rillaboom|Rillaboom, M|100\/100\n|-damage|p2a: Rillaboom|88\/100|[from] Stealth Rock\n|-status|p2a: Rillaboom|tox\n|-fieldstart|move: Grassy Terrain|[from] ability: Grassy Surge|[of] p2a: Rillaboom\n|turn|13\n|\n|t:|1700307422\n|move|p2a: Rillaboom|Grassy Glide|p1a: Sasuke\n|-supereffective|p1a: Sasuke\n|-damage|p1a: Sasuke|0 fnt\n|faint|p1a: Sasuke\n|-damage|p2a: Rillaboom|78\/100 tox|[from] item: Life Orb\n|\n|-heal|p2a: Rillaboom|84\/100 tox|[from] Grassy Terrain\n|-damage|p2a: Rillaboom|78\/100 tox|[from] psn\n|upkeep\n|\n|t:|1700307427\n|switch|p1a: Terminator|Iron Valiant|100\/100\n|-enditem|p1a: Terminator|Booster Energy\n|-activate|p1a: Terminator|ability: Quark Drive|[fromitem]\n|-start|p1a: Terminator|quarkdrivespe\n|turn|14\n|\n|t:|1700307436\n|move|p2a: Rillaboom|Grassy Glide|p1a: Terminator\n|-damage|p1a: Terminator|35\/100\n|-damage|p2a: Rillaboom|68\/100 tox|[from] item: Life Orb\n|move|p1a: Terminator|Moonblast|p2a: Rillaboom\n|-damage|p2a: Rillaboom|11\/100 tox\n|-unboost|p2a: Rillaboom|spa|1\n|\n|-heal|p1a: Terminator|42\/100|[from] Grassy Terrain\n|-heal|p2a: Rillaboom|17\/100 tox|[from] Grassy Terrain\n|-damage|p2a: Rillaboom|5\/100 tox|[from] psn\n|upkeep\n|turn|15\n|\n|t:|1700307446\n|move|p2a: Rillaboom|Grassy Glide|p1a: Terminator\n|-damage|p1a: Terminator|0 fnt\n|faint|p1a: Terminator\n|-end|p1a: Terminator|Quark Drive|[silent]\n|-damage|p2a: Rillaboom|0 fnt|[from] item: Life Orb\n|faint|p2a: Rillaboom\n|\n|upkeep\n|\n|t:|1700307452\n|switch|p1a: Je tue assis|Kingambit, F|100\/100\n|switch|p2a: Cinderace|Cinderace, F, shiny|100\/100\n|-activate|p1a: Je tue assis|ability: Supreme Overlord\n|-start|p1a: Je tue assis|fallen5|[silent]\n|turn|16\n|\n|t:|1700307459\n|move|p2a: Cinderace|Will-O-Wisp|p1a: Je tue assis\n|-status|p1a: Je tue assis|brn\n|-enditem|p1a: Je tue assis|Lum Berry|[eat]\n|-curestatus|p1a: Je tue assis|brn|[msg]\n|move|p1a: Je tue assis|Swords Dance|p1a: Je tue assis\n|-boost|p1a: Je tue assis|atk|2\n|\n|upkeep\n|turn|17\n|\n|t:|1700307466\n|move|p1a: Je tue assis|Sucker Punch||[still]\n|-fail|p1a: Je tue assis\n|move|p2a: Cinderace|Will-O-Wisp|p1a: Je tue assis|[miss]\n|-miss|p2a: Cinderace|p1a: Je tue assis\n|\n|-fieldend|move: Grassy Terrain\n|upkeep\n|turn|18\n|\n|t:|1700307476\n|move|p2a: Cinderace|Will-O-Wisp|p1a: Je tue assis\n|-status|p1a: Je tue assis|brn\n|move|p1a: Je tue assis|Iron Head|p2a: Cinderace\n|-resisted|p2a: Cinderace\n|-damage|p2a: Cinderace|50\/100\n|\n|-damage|p1a: Je tue assis|94\/100 brn|[from] brn\n|upkeep\n|turn|19\n|\n|t:|1700307482\n|move|p1a: Je tue assis|Sucker Punch||[still]\n|-fail|p1a: Je tue assis\n|move|p2a: Cinderace|Court Change|p2a: Cinderace\n|-swapsideconditions\n|-activate|p2a: Cinderace|move: Court Change\n|\n|-damage|p1a: Je tue assis|88\/100 brn|[from] brn\n|upkeep\n|turn|20\n|\n|t:|1700307484\n|move|p1a: Je tue assis|Sucker Punch|p2a: Cinderace\n|-damage|p2a: Cinderace|0 fnt\n|faint|p2a: Cinderace\n|\n|-damage|p1a: Je tue assis|82\/100 brn|[from] brn\n|upkeep\n|\n|t:|1700307487\n|switch|p2a: Glimmora|Glimmora, F|100\/100\n|turn|21\n|\n|t:|1700307491\n|-terastallize|p2a: Glimmora|Ground\n|move|p2a: Glimmora|Earth Power|p1a: Je tue assis\n|-supereffective|p1a: Je tue assis\n|-damage|p1a: Je tue assis|0 fnt\n|faint|p1a: Je tue assis\n|-end|p1a: Je tue assis|fallen5|[silent]\n|\n|win|Chabbott918\n|raw|Y2023's rating: 1423 &rarr; <strong>1399<\/strong><br \/>(-24 for losing)\n|raw|Chabbott918's rating: 1347 &rarr; <strong>1371<\/strong><br \/>(+24 for winning)\n|l|\u2606Y2023\n","uploadtime":1700307501,"views":34,"p1id":"y2023","p2id":"chabbott918","formatid":"gen9ou","rating":1371,"private":0,"password":""}