{"id":"gen9ou-1998309700","p1":"QueenAman","p2":"Mr.X&Y97","format":"[Gen 9] OU","log":"|j|\u2606QueenAman\n|j|\u2606Mr.X&Y97\n|t:|1700927775\n|gametype|singles\n|player|p1|QueenAman|sage|1549\n|player|p2|Mr.X&Y97|ingo|1479\n|teamsize|p1|6\n|teamsize|p2|6\n|gen|9\n|tier|[Gen 9] OU\n|rated|\n|rule|Sleep Clause Mod: Limit one foe put to sleep\n|rule|Species Clause: Limit one of each Pok\u00e9mon\n|rule|OHKO Clause: OHKO moves are banned\n|rule|Evasion Items Clause: Evasion items are banned\n|rule|Evasion Moves Clause: Evasion moves are banned\n|rule|Endless Battle Clause: Forcing endless battles is banned\n|rule|HP Percentage Mod: HP is shown in percentages\n|clearpoke\n|poke|p1|Enamorus, F|\n|poke|p1|Dragapult, F|\n|poke|p1|Iron Valiant|\n|poke|p1|Gholdengo|\n|poke|p1|Iron Treads|\n|poke|p1|Dragonite, F|\n|poke|p2|Iron Valiant|\n|poke|p2|Dragapult, M|\n|poke|p2|Toxapex, F|\n|poke|p2|Cinderace, M|\n|poke|p2|Weavile, F|\n|poke|p2|Skeledirge, M|\n|teampreview\n|inactive|Battle timer is ON: inactive players will automatically lose when time's up. (requested by Mr.X&Y97)\n|inactive|QueenAman has 120 seconds left.\n|\n|t:|1700927807\n|start\n|switch|p1a: Iron Treads|Iron Treads|100\/100\n|switch|p2a: DOUBLEDARTS|Dragapult, M|100\/100\n|-enditem|p1a: Iron Treads|Booster Energy\n|-activate|p1a: Iron Treads|ability: Quark Drive|[fromitem]\n|-start|p1a: Iron Treads|quarkdrivespe\n|turn|1\n|\n|t:|1700927823\n|move|p1a: Iron Treads|Knock Off|p2a: DOUBLEDARTS\n|-supereffective|p2a: DOUBLEDARTS\n|-damage|p2a: DOUBLEDARTS|37\/100\n|-enditem|p2a: DOUBLEDARTS|Choice Specs|[from] move: Knock Off|[of] p1a: Iron Treads\n|move|p2a: DOUBLEDARTS|U-turn|p1a: Iron Treads\n|-resisted|p1a: Iron Treads\n|-damage|p1a: Iron Treads|95\/100\n|inactive|Mr.X&Y97 has 120 seconds left.\n|\n|t:|1700927844\n|switch|p2a: Gallevoir|Iron Valiant|100\/100|[from] U-turn\n|-enditem|p2a: Gallevoir|Booster Energy\n|-activate|p2a: Gallevoir|ability: Quark Drive|[fromitem]\n|-start|p2a: Gallevoir|quarkdrivespe\n|\n|upkeep\n|turn|2\n|inactive|QueenAman has 120 seconds left.\n|\n|t:|1700927879\n|move|p2a: Gallevoir|Close Combat|p1a: Iron Treads\n|-supereffective|p1a: Iron Treads\n|-damage|p1a: Iron Treads|21\/100\n|-unboost|p2a: Gallevoir|def|1\n|-unboost|p2a: Gallevoir|spd|1\n|move|p1a: Iron Treads|Stealth Rock|p2a: Gallevoir\n|-sidestart|p2: Mr.X&Y97|move: Stealth Rock\n|\n|upkeep\n|turn|3\n|inactive|QueenAman has 120 seconds left.\n|\n|t:|1700927894\n|move|p2a: Gallevoir|Moonblast|p1a: Iron Treads\n|-resisted|p1a: Iron Treads\n|-damage|p1a: Iron Treads|0 fnt\n|faint|p1a: Iron Treads\n|-end|p1a: Iron Treads|Quark Drive|[silent]\n|\n|upkeep\n|\n|t:|1700927911\n|switch|p1a: Dragapult|Dragapult, F|100\/100\n|turn|4\n|\n|t:|1700927922\n|move|p2a: Gallevoir|Moonblast|p1a: Dragapult\n|-supereffective|p1a: Dragapult\n|-enditem|p1a: Dragapult|Focus Sash\n|-damage|p1a: Dragapult|1\/100\n|-unboost|p1a: Dragapult|spa|1\n|move|p1a: Dragapult|Dragon Dance|p1a: Dragapult\n|-boost|p1a: Dragapult|atk|1\n|-boost|p1a: Dragapult|spe|1\n|\n|upkeep\n|turn|5\n|inactive|QueenAman has 120 seconds left.\n|inactive|Mr.X&Y97 has 120 seconds left.\n|\n|t:|1700927962\n|-end|p2a: Gallevoir|Quark Drive|[silent]\n|switch|p2a: Get Pexed|Toxapex, F|100\/100\n|-damage|p2a: Get Pexed|88\/100|[from] Stealth Rock\n|move|p1a: Dragapult|Phantom Force||[still]\n|-prepare|p1a: Dragapult|Phantom Force\n|\n|-heal|p2a: Get Pexed|94\/100|[from] item: Leftovers\n|upkeep\n|turn|6\n|\n|t:|1700927970\n|move|p1a: Dragapult|Phantom Force|p2a: Get Pexed|[from]lockedmove\n|-damage|p2a: Get Pexed|49\/100\n|move|p2a: Get Pexed|Surf|p1a: Dragapult\n|-resisted|p1a: Dragapult\n|-damage|p1a: Dragapult|0 fnt\n|faint|p1a: Dragapult\n|\n|-heal|p2a: Get Pexed|55\/100|[from] item: Leftovers\n|upkeep\n|inactive|QueenAman has 120 seconds left.\n|\n|t:|1700927987\n|switch|p1a: Gholdengo|Gholdengo|100\/100\n|-item|p1a: Gholdengo|Air Balloon\n|turn|7\n|inactive|Mr.X&Y97 has 120 seconds left.\n|\n|t:|1700927999\n|move|p1a: Gholdengo|Shadow Ball|p2a: Get Pexed\n|-damage|p2a: Get Pexed|24\/100\n|move|p2a: Get Pexed|Recover|p2a: Get Pexed\n|-heal|p2a: Get Pexed|74\/100\n|\n|-heal|p2a: Get Pexed|80\/100|[from] item: Leftovers\n|upkeep\n|turn|8\n|\n|t:|1700928004\n|move|p1a: Gholdengo|Shadow Ball|p2a: Get Pexed\n|-damage|p2a: Get Pexed|46\/100\n|move|p2a: Get Pexed|Surf|p1a: Gholdengo\n|-damage|p1a: Gholdengo|79\/100\n|-enditem|p1a: Gholdengo|Air Balloon\n|\n|-heal|p2a: Get Pexed|52\/100|[from] item: Leftovers\n|upkeep\n|turn|9\n|\n|t:|1700928007\n|move|p1a: Gholdengo|Shadow Ball|p2a: Get Pexed\n|-damage|p2a: Get Pexed|19\/100\n|move|p2a: Get Pexed|Recover|p2a: Get Pexed\n|-heal|p2a: Get Pexed|69\/100\n|\n|-heal|p2a: Get Pexed|75\/100|[from] item: Leftovers\n|upkeep\n|turn|10\n|\n|t:|1700928023\n|switch|p2a: Flamin' Hot|Cinderace, M|100\/100\n|move|p1a: Gholdengo|Nasty Plot|p1a: Gholdengo\n|-boost|p1a: Gholdengo|spa|2\n|\n|upkeep\n|turn|11\n|\n|t:|1700928033\n|-terastallize|p1a: Gholdengo|Water\n|move|p2a: Flamin' Hot|Pyro Ball|p1a: Gholdengo|[miss]\n|-miss|p2a: Flamin' Hot|p1a: Gholdengo\n|move|p1a: Gholdengo|Make It Rain|p2a: Flamin' Hot\n|-resisted|p2a: Flamin' Hot\n|-damage|p2a: Flamin' Hot|13\/100\n|-unboost|p1a: Gholdengo|spa|1\n|\n|upkeep\n|turn|12\n|\n|t:|1700928041\n|move|p2a: Flamin' Hot|Court Change|p2a: Flamin' Hot\n|-start|p2a: Flamin' Hot|typechange|Normal|[from] ability: Libero\n|-swapsideconditions\n|-activate|p2a: Flamin' Hot|move: Court Change\n|move|p1a: Gholdengo|Shadow Ball|p2a: Flamin' Hot\n|-immune|p2a: Flamin' Hot\n|\n|upkeep\n|turn|13\n|\n|t:|1700928049\n|move|p2a: Flamin' Hot|Sucker Punch|p1a: Gholdengo\n|-damage|p1a: Gholdengo|55\/100\n|move|p1a: Gholdengo|Make It Rain|p2a: Flamin' Hot\n|-damage|p2a: Flamin' Hot|0 fnt\n|-unboost|p1a: Gholdengo|spa|1\n|faint|p2a: Flamin' Hot\n|\n|upkeep\n|\n|t:|1700928065\n|switch|p2a: Gallevoir|Iron Valiant|100\/100\n|turn|14\n|\n|t:|1700928070\n|move|p2a: Gallevoir|Thunderbolt|p1a: Gholdengo\n|-supereffective|p1a: Gholdengo\n|-damage|p1a: Gholdengo|0 fnt\n|faint|p1a: Gholdengo\n|\n|upkeep\n|\n|t:|1700928076\n|switch|p1a: Iron Valiant|Iron Valiant|100\/100\n|-damage|p1a: Iron Valiant|94\/100|[from] Stealth Rock\n|-enditem|p1a: Iron Valiant|Booster Energy\n|-activate|p1a: Iron Valiant|ability: Quark Drive|[fromitem]\n|-start|p1a: Iron Valiant|quarkdrivespe\n|turn|15\n|\n|t:|1700928079\n|-terastallize|p2a: Gallevoir|Fairy\n|move|p1a: Iron Valiant|Moonblast|p2a: Gallevoir\n|-damage|p2a: Gallevoir|2\/100\n|move|p2a: Gallevoir|Moonblast|p1a: Iron Valiant\n|-supereffective|p1a: Iron Valiant\n|-damage|p1a: Iron Valiant|0 fnt\n|faint|p1a: Iron Valiant\n|-end|p1a: Iron Valiant|Quark Drive|[silent]\n|\n|upkeep\n|\n|t:|1700928082\n|switch|p1a: Dragonite|Dragonite, F|100\/100\n|turn|16\n|\n|t:|1700928087\n|move|p2a: Gallevoir|Moonblast|p1a: Dragonite\n|-supereffective|p1a: Dragonite\n|-damage|p1a: Dragonite|39\/100\n|move|p1a: Dragonite|Dragon Dance|p1a: Dragonite\n|-boost|p1a: Dragonite|atk|1\n|-boost|p1a: Dragonite|spe|1\n|\n|upkeep\n|turn|17\n|\n|t:|1700928091\n|move|p1a: Dragonite|Extreme Speed|p2a: Gallevoir\n|-damage|p2a: Gallevoir|0 fnt\n|faint|p2a: Gallevoir\n|-end|p2a: Gallevoir|Quark Drive|[silent]\n|\n|upkeep\n|\n|t:|1700928093\n|switch|p2a: DJ Dirge|Skeledirge, M|100\/100\n|turn|18\n|\n|t:|1700928096\n|move|p1a: Dragonite|Earthquake|p2a: DJ Dirge\n|-supereffective|p2a: DJ Dirge\n|-damage|p2a: DJ Dirge|37\/100\n|move|p2a: DJ Dirge|Will-O-Wisp|p1a: Dragonite\n|-status|p1a: Dragonite|brn\n|\n|-damage|p1a: Dragonite|33\/100 brn|[from] brn\n|upkeep\n|turn|19\n|\n|t:|1700928103\n|move|p1a: Dragonite|Earthquake|p2a: DJ Dirge\n|-supereffective|p2a: DJ Dirge\n|-damage|p2a: DJ Dirge|4\/100\n|move|p2a: DJ Dirge|Slack Off|p2a: DJ Dirge\n|-heal|p2a: DJ Dirge|54\/100\n|\n|-damage|p1a: Dragonite|27\/100 brn|[from] brn\n|upkeep\n|turn|20\n|-message|QueenAman forfeited.\n|\n|win|Mr.X&Y97\n|raw|QueenAman's rating: 1549 &rarr; <strong>1525<\/strong><br \/>(-24 for losing)\n|raw|Mr.X&amp;Y97's rating: 1479 &rarr; <strong>1503<\/strong><br \/>(+24 for winning)\n|l|\u2606QueenAman\n|c|\u2606Mr.X&Y97|Ggs wp!\n","uploadtime":1700928122,"views":1,"p1id":"queenaman","p2id":"mrxy97","formatid":"gen9ou","rating":1503,"private":0,"password":""}