{"id":"gen9ou-1994853900","p1":"boaby","p2":"TheFANDOM_Hero","format":"[Gen 9] OU","log":"|j|\u2606boaby\n|j|\u203dTheFANDOM_Hero\n|t:|1700498825\n|gametype|singles\n|player|p1|boaby|2|1349\n|player|p2|TheFANDOM_Hero|red-masters|1368\n|teamsize|p1|6\n|teamsize|p2|6\n|gen|9\n|tier|[Gen 9] OU\n|rated|\n|rule|Sleep Clause Mod: Limit one foe put to sleep\n|rule|Species Clause: Limit one of each Pok\u00e9mon\n|rule|OHKO Clause: OHKO moves are banned\n|rule|Evasion Items Clause: Evasion items are banned\n|rule|Evasion Moves Clause: Evasion moves are banned\n|rule|Endless Battle Clause: Forcing endless battles is banned\n|rule|HP Percentage Mod: HP is shown in percentages\n|clearpoke\n|poke|p1|Slowking-Galar, M|\n|poke|p1|Alomomola, F|\n|poke|p1|Cinderace, F|\n|poke|p1|Enamorus, F|\n|poke|p1|Kingambit, M|\n|poke|p1|Walking Wake|\n|poke|p2|Ribombee, F|\n|poke|p2|Ogerpon-Cornerstone, F|\n|poke|p2|Cinderace, F|\n|poke|p2|Dragapult, F|\n|poke|p2|Slowking-Galar, F|\n|poke|p2|Kingambit, M|\n|teampreview\n|inactive|Battle timer is ON: inactive players will automatically lose when time's up. (requested by TheFANDOM_Hero)\n|\n|t:|1700498833\n|start\n|switch|p1a: Slowking|Slowking-Galar, M|100\/100\n|switch|p2a: Slowking|Slowking-Galar, F|100\/100\n|turn|1\n|\n|t:|1700498839\n|move|p2a: Slowking|Future Sight|p1a: Slowking\n|-start|p2a: Slowking|move: Future Sight\n|move|p1a: Slowking|Eerie Spell|p2a: Slowking\n|-damage|p2a: Slowking|81\/100\n|-activate|p2a: Slowking|move: Eerie Spell|Future Sight|3\n|\n|-heal|p2a: Slowking|87\/100|[from] item: Leftovers\n|upkeep\n|turn|2\n|\n|t:|1700498848\n|move|p2a: Slowking|Chilly Reception|p2a: Slowking\n|-weather|Snow\n|\n|t:|1700498859\n|switch|p2a: Dragapult|Dragapult, F|100\/100|[from] Chilly Reception\n|move|p1a: Slowking|Chilly Reception|p1a: Slowking\n|\n|t:|1700498864\n|switch|p1a: Kingambit|Kingambit, M|100\/100|[from] Chilly Reception\n|\n|-weather|Snow|[upkeep]\n|upkeep\n|turn|3\n|\n|t:|1700498876\n|switch|p2a: Kingambit|Kingambit, M|100\/100\n|move|p1a: Kingambit|Swords Dance|p1a: Kingambit\n|-boost|p1a: Kingambit|atk|2\n|\n|-weather|Snow|[upkeep]\n|-end|p1a: Kingambit|move: Future Sight\n|-immune|p1a: Kingambit\n|upkeep\n|turn|4\n|\n|t:|1700498885\n|move|p2a: Kingambit|Low Kick|p1a: Kingambit\n|-supereffective|p1a: Kingambit\n|-damage|p1a: Kingambit|0 fnt\n|faint|p1a: Kingambit\n|-end|p1a: Kingambit|fallenundefined|[silent]\n|\n|-weather|Snow|[upkeep]\n|upkeep\n|\n|t:|1700498908\n|switch|p1a: Cinderace|Cinderace, F|100\/100\n|turn|5\n|\n|t:|1700498915\n|-end|p2a: Kingambit|fallenundefined|[silent]\n|switch|p2a: Cinderace|Cinderace, F|100\/100\n|move|p1a: Cinderace|U-turn|p2a: Cinderace\n|-start|p1a: Cinderace|typechange|Bug|[from] ability: Libero\n|-resisted|p2a: Cinderace\n|-crit|p2a: Cinderace\n|-damage|p2a: Cinderace|63\/100\n|\n|t:|1700498926\n|switch|p1a: Alomomola|Alomomola, F|100\/100|[from] U-turn\n|\n|-weather|Snow|[upkeep]\n|upkeep\n|turn|6\n|\n|t:|1700498932\n|move|p2a: Cinderace|U-turn|p1a: Alomomola\n|-damage|p1a: Alomomola|88\/100\n|-damage|p2a: Cinderace|46\/100|[from] item: Rocky Helmet|[of] p1a: Alomomola\n|\n|t:|1700498938\n|switch|p2a: Ogerpon|Ogerpon-Cornerstone, F|100\/100|[from] U-turn\n|move|p1a: Alomomola|Flip Turn|p2a: Ogerpon\n|-damage|p2a: Ogerpon|81\/100\n|\n|t:|1700498946\n|switch|p1a: Cinderace|Cinderace, F|100\/100|[from] Flip Turn\n|\n|-weather|none\n|upkeep\n|turn|7\n|\n|t:|1700498959\n|switch|p2a: Slowking|Slowking-Galar, F|100\/100\n|move|p1a: Cinderace|High Jump Kick|p2a: Slowking\n|-start|p1a: Cinderace|typechange|Fighting|[from] ability: Libero\n|-resisted|p2a: Slowking\n|-damage|p2a: Slowking|86\/100\n|\n|-heal|p2a: Slowking|92\/100|[from] item: Leftovers\n|upkeep\n|turn|8\n|\n|t:|1700498968\n|move|p1a: Cinderace|U-turn|p2a: Slowking\n|-damage|p2a: Slowking|68\/100\n|\n|t:|1700498973\n|switch|p1a: Slowking|Slowking-Galar, M|100\/100|[from] U-turn\n|move|p2a: Slowking|Future Sight|p1a: Slowking\n|-start|p2a: Slowking|move: Future Sight\n|\n|-heal|p2a: Slowking|74\/100|[from] item: Leftovers\n|upkeep\n|turn|9\n|\n|t:|1700498982\n|move|p2a: Slowking|Sludge Bomb|p1a: Slowking\n|-resisted|p1a: Slowking\n|-damage|p1a: Slowking|89\/100\n|move|p1a: Slowking|Chilly Reception|p1a: Slowking\n|-weather|Snow\n|\n|t:|1700498992\n|switch|p1a: Walking Wake|Walking Wake|100\/100|[from] Chilly Reception\n|\n|-weather|Snow|[upkeep]\n|-heal|p2a: Slowking|80\/100|[from] item: Leftovers\n|upkeep\n|turn|10\n|\n|t:|1700498998\n|move|p1a: Walking Wake|Draco Meteor|p2a: Slowking\n|-damage|p2a: Slowking|12\/100\n|-unboost|p1a: Walking Wake|spa|2\n|move|p2a: Slowking|Chilly Reception|p2a: Slowking\n|\n|t:|1700499004\n|switch|p2a: Ribombee|Ribombee, F|100\/100|[from] Chilly Reception\n|\n|-weather|Snow|[upkeep]\n|-end|p1a: Walking Wake|move: Future Sight\n|-damage|p1a: Walking Wake|39\/100\n|upkeep\n|turn|11\n|\n|t:|1700499011\n|-end|p1a: Walking Wake|Protosynthesis|[silent]\n|switch|p1a: Slowking|Slowking-Galar, M|100\/100\n|move|p2a: Ribombee|Quiver Dance|p2a: Ribombee\n|-boost|p2a: Ribombee|spa|1\n|-boost|p2a: Ribombee|spd|1\n|-boost|p2a: Ribombee|spe|1\n|\n|-weather|Snow|[upkeep]\n|upkeep\n|turn|12\n|\n|t:|1700499025\n|-terastallize|p2a: Ribombee|Fire\n|move|p2a: Ribombee|Quiver Dance|p2a: Ribombee\n|-boost|p2a: Ribombee|spa|1\n|-boost|p2a: Ribombee|spd|1\n|-boost|p2a: Ribombee|spe|1\n|move|p1a: Slowking|Sludge Bomb|p2a: Ribombee\n|-damage|p2a: Ribombee|70\/100\n|\n|-weather|Snow|[upkeep]\n|upkeep\n|turn|13\n|\n|t:|1700499035\n|move|p2a: Ribombee|Quiver Dance|p2a: Ribombee\n|-boost|p2a: Ribombee|spa|1\n|-boost|p2a: Ribombee|spd|1\n|-boost|p2a: Ribombee|spe|1\n|move|p1a: Slowking|Sludge Bomb|p2a: Ribombee\n|-damage|p2a: Ribombee|48\/100\n|\n|-weather|none\n|upkeep\n|turn|14\n|\n|t:|1700499045\n|move|p2a: Ribombee|Stored Power|p1a: Slowking\n|-damage|p1a: Slowking|0 fnt\n|faint|p1a: Slowking\n|-damage|p2a: Ribombee|38\/100|[from] item: Life Orb\n|\n|upkeep\n|\n|t:|1700499055\n|switch|p1a: Alomomola|Alomomola, F|100\/100\n|turn|15\n|\n|t:|1700499059\n|move|p2a: Ribombee|Draining Kiss|p1a: Alomomola\n|-damage|p1a: Alomomola|15\/100\n|-heal|p2a: Ribombee|100\/100|[from] drain|[of] p1a: Alomomola\n|-damage|p2a: Ribombee|84\/100|[from] item: Rocky Helmet|[of] p1a: Alomomola\n|-damage|p2a: Ribombee|74\/100|[from] item: Life Orb\n|move|p1a: Alomomola|Flip Turn|p2a: Ribombee\n|-supereffective|p2a: Ribombee\n|-damage|p2a: Ribombee|17\/100\n|\n|t:|1700499068\n|switch|p1a: Cinderace|Cinderace, F|100\/100|[from] Flip Turn\n|\n|upkeep\n|turn|16\n|\n|t:|1700499077\n|move|p2a: Ribombee|Stored Power|p1a: Cinderace\n|-damage|p1a: Cinderace|0 fnt\n|faint|p1a: Cinderace\n|-damage|p2a: Ribombee|7\/100|[from] item: Life Orb\n|\n|upkeep\n|c|\u2606boaby|gg\n|-message|boaby forfeited.\n|\n|win|TheFANDOM_Hero\n|raw|boaby's rating: 1349 &rarr; <strong>1330<\/strong><br \/>(-19 for losing)\n|raw|TheFANDOM_Hero's rating: 1368 &rarr; <strong>1387<\/strong><br \/>(+19 for winning)\n|l|\u2606boaby\n","uploadtime":1700499092,"views":5,"p1id":"boaby","p2id":"thefandomhero","formatid":"gen9ou","rating":1330,"private":0,"password":""}