{"id":"gen9ou-1994680593","p1":"ArbitraryEnding","p2":"malk tyme","format":"[Gen 9] OU","log":"|j|\u2606ArbitraryEnding\n|j|\u2606malk tyme\n|t:|1700480113\n|gametype|singles\n|player|p1|ArbitraryEnding|falkner|1541\n|player|p2|malk tyme|2|1569\n|teamsize|p1|6\n|teamsize|p2|6\n|gen|9\n|tier|[Gen 9] OU\n|rated|\n|rule|Sleep Clause Mod: Limit one foe put to sleep\n|rule|Species Clause: Limit one of each Pok\u00e9mon\n|rule|OHKO Clause: OHKO moves are banned\n|rule|Evasion Items Clause: Evasion items are banned\n|rule|Evasion Moves Clause: Evasion moves are banned\n|rule|Endless Battle Clause: Forcing endless battles is banned\n|rule|HP Percentage Mod: HP is shown in percentages\n|clearpoke\n|poke|p1|Kingambit, F|\n|poke|p1|Glimmora, M|\n|poke|p1|Zamazenta-*|\n|poke|p1|Iron Valiant|\n|poke|p1|Iron Moth|\n|poke|p1|Ogerpon-Wellspring, F|\n|poke|p2|Grimmsnarl, M|\n|poke|p2|Mew|\n|poke|p2|Corviknight, F|\n|poke|p2|Cinderace, F|\n|poke|p2|Skeledirge, F|\n|poke|p2|Garchomp, M|\n|teampreview\n|j|+Dragonillis\n|\n|t:|1700480136\n|start\n|switch|p1a: Glimmora|Glimmora, M|100\/100\n|switch|p2a: Garchomp|Garchomp, M|100\/100\n|turn|1\n|\n|t:|1700480162\n|switch|p1a: Ogerpon|Ogerpon-Wellspring, F|100\/100\n|move|p2a: Garchomp|Swords Dance|p2a: Garchomp\n|-boost|p2a: Garchomp|atk|2\n|\n|upkeep\n|turn|2\n|\n|t:|1700480184\n|switch|p1a: Iron Valiant|Iron Valiant|100\/100\n|-enditem|p1a: Iron Valiant|Booster Energy\n|-activate|p1a: Iron Valiant|ability: Quark Drive|[fromitem]\n|-start|p1a: Iron Valiant|quarkdrivespe\n|move|p2a: Garchomp|Scale Shot|p1a: Iron Valiant\n|-immune|p1a: Iron Valiant\n|\n|upkeep\n|turn|3\n|\n|t:|1700480206\n|-terastallize|p2a: Garchomp|Steel\n|move|p1a: Iron Valiant|Hypnosis|p2a: Garchomp|[miss]\n|-miss|p1a: Iron Valiant|p2a: Garchomp\n|move|p2a: Garchomp|Iron Head|p1a: Iron Valiant\n|-supereffective|p1a: Iron Valiant\n|-damage|p1a: Iron Valiant|0 fnt\n|faint|p1a: Iron Valiant\n|-end|p1a: Iron Valiant|Quark Drive|[silent]\n|\n|upkeep\n|\n|t:|1700480225\n|switch|p1a: Glimmora|Glimmora, M|100\/100\n|turn|4\n|\n|t:|1700480241\n|move|p2a: Garchomp|Scale Shot|p1a: Glimmora\n|-damage|p1a: Glimmora|69\/100\n|-activate|p1a: Glimmora|ability: Toxic Debris\n|-sidestart|p2: malk tyme|move: Toxic Spikes\n|-damage|p1a: Glimmora|39\/100\n|-activate|p1a: Glimmora|ability: Toxic Debris\n|-sidestart|p2: malk tyme|move: Toxic Spikes\n|-damage|p1a: Glimmora|7\/100\n|-damage|p1a: Glimmora|0 fnt\n|faint|p1a: Glimmora\n|-hitcount|p1: Glimmora|4\n|-unboost|p2a: Garchomp|def|1\n|-boost|p2a: Garchomp|spe|1\n|\n|upkeep\n|\n|t:|1700480247\n|switch|p1a: Zamazenta|Zamazenta|100\/100\n|-ability|p1a: Zamazenta|Dauntless Shield|boost\n|-boost|p1a: Zamazenta|def|1\n|turn|5\n|\n|t:|1700480251\n|switch|p2a: Skeledirge|Skeledirge, F|100\/100\n|move|p1a: Zamazenta|Body Press|p2a: Skeledirge\n|-immune|p2a: Skeledirge\n|\n|upkeep\n|turn|6\n|\n|t:|1700480258\n|switch|p1a: Iron Moth|Iron Moth|100\/100\n|-enditem|p1a: Iron Moth|Booster Energy\n|-activate|p1a: Iron Moth|ability: Quark Drive|[fromitem]\n|-start|p1a: Iron Moth|quarkdrivespe\n|move|p2a: Skeledirge|Will-O-Wisp|p1a: Iron Moth\n|-immune|p1a: Iron Moth\n|\n|upkeep\n|turn|7\n|\n|t:|1700480271\n|move|p1a: Iron Moth|Substitute|p1a: Iron Moth\n|-start|p1a: Iron Moth|Substitute\n|-damage|p1a: Iron Moth|76\/100\n|move|p2a: Skeledirge|Torch Song|p1a: Iron Moth\n|-resisted|p1a: Iron Moth\n|-damage|p1a: Iron Moth|61\/100\n|-boost|p2a: Skeledirge|spa|1\n|\n|upkeep\n|turn|8\n|\n|t:|1700480281\n|-end|p1a: Iron Moth|Quark Drive|[silent]\n|switch|p1a: Ogerpon|Ogerpon-Wellspring, F|100\/100\n|move|p2a: Skeledirge|Torch Song|p1a: Ogerpon\n|-damage|p1a: Ogerpon|46\/100\n|-boost|p2a: Skeledirge|spa|1\n|\n|upkeep\n|turn|9\n|\n|t:|1700480319\n|switch|p2a: Corviknight|Corviknight, F|100\/100\n|-ability|p2a: Corviknight|Pressure\n|move|p1a: Ogerpon|Ivy Cudgel|p2a: Corviknight|[anim] Ivy Cudgel Water\n|-damage|p2a: Corviknight|52\/100\n|\n|upkeep\n|turn|10\n|\n|t:|1700480327\n|move|p1a: Ogerpon|Swords Dance|p1a: Ogerpon\n|-boost|p1a: Ogerpon|atk|2\n|move|p2a: Corviknight|Body Press|p1a: Ogerpon\n|-damage|p1a: Ogerpon|20\/100\n|\n|upkeep\n|turn|11\n|\n|t:|1700480337\n|move|p1a: Ogerpon|Ivy Cudgel|p2a: Corviknight|[anim] Ivy Cudgel Water\n|-crit|p2a: Corviknight\n|-damage|p2a: Corviknight|0 fnt\n|faint|p2a: Corviknight\n|\n|upkeep\n|\n|t:|1700480340\n|switch|p2a: Cinderace|Cinderace, F|100\/100\n|turn|12\n|\n|t:|1700480350\n|move|p2a: Cinderace|Pyro Ball|p1a: Ogerpon\n|-damage|p1a: Ogerpon|0 fnt\n|faint|p1a: Ogerpon\n|\n|upkeep\n|\n|t:|1700480356\n|switch|p1a: Zamazenta|Zamazenta|100\/100\n|turn|13\n|\n|t:|1700480366\n|move|p1a: Zamazenta|Stone Edge|p2a: Cinderace\n|-supereffective|p2a: Cinderace\n|-damage|p2a: Cinderace|5\/100\n|move|p2a: Cinderace|Court Change|p2a: Cinderace\n|-start|p2a: Cinderace|typechange|Normal|[from] ability: Libero\n|-swapsideconditions\n|-activate|p2a: Cinderace|move: Court Change\n|\n|upkeep\n|turn|14\n|\n|t:|1700480380\n|move|p1a: Zamazenta|Crunch|p2a: Cinderace\n|-damage|p2a: Cinderace|0 fnt\n|faint|p2a: Cinderace\n|\n|upkeep\n|\n|t:|1700480402\n|switch|p2a: Skeledirge|Skeledirge, F|100\/100\n|turn|15\n|\n|t:|1700480411\n|-terastallize|p1a: Zamazenta|Fire\n|move|p1a: Zamazenta|Stone Edge|p2a: Skeledirge\n|-supereffective|p2a: Skeledirge\n|-crit|p2a: Skeledirge\n|-damage|p2a: Skeledirge|30\/100\n|move|p2a: Skeledirge|Will-O-Wisp|p1a: Zamazenta\n|-immune|p1a: Zamazenta\n|\n|upkeep\n|turn|16\n|\n|t:|1700480426\n|switch|p2a: Grimmsnarl|Grimmsnarl, M|100\/100\n|move|p1a: Zamazenta|Iron Defense|p1a: Zamazenta\n|-boost|p1a: Zamazenta|def|2\n|\n|upkeep\n|turn|17\n|\n|t:|1700480431\n|move|p2a: Grimmsnarl|Reflect|p2a: Grimmsnarl\n|-sidestart|p2: malk tyme|Reflect\n|move|p1a: Zamazenta|Body Press|p2a: Grimmsnarl\n|-damage|p2a: Grimmsnarl|59\/100\n|\n|upkeep\n|turn|18\n|\n|t:|1700480442\n|move|p2a: Grimmsnarl|Thunder Wave|p1a: Zamazenta\n|-status|p1a: Zamazenta|par\n|cant|p1a: Zamazenta|par\n|\n|upkeep\n|turn|19\n|\n|t:|1700480455\n|switch|p2a: Mew|Mew|100\/100\n|move|p1a: Zamazenta|Body Press|p2a: Mew\n|-resisted|p2a: Mew\n|-damage|p2a: Mew|88\/100\n|\n|upkeep\n|turn|20\n|\n|t:|1700480459\n|move|p2a: Mew|Iron Defense|p2a: Mew\n|-boost|p2a: Mew|def|2\n|move|p1a: Zamazenta|Crunch|p2a: Mew\n|-supereffective|p2a: Mew\n|-crit|p2a: Mew\n|-damage|p2a: Mew|25\/100\n|\n|upkeep\n|turn|21\n|\n|t:|1700480466\n|move|p2a: Mew|Stored Power|p1a: Zamazenta\n|-damage|p1a: Zamazenta|81\/100 par\n|cant|p1a: Zamazenta|par\n|\n|-heal|p1a: Zamazenta|87\/100 par|[from] item: Leftovers\n|upkeep\n|turn|22\n|\n|t:|1700480470\n|switch|p2a: Skeledirge|Skeledirge, F|30\/100\n|move|p1a: Zamazenta|Crunch|p2a: Skeledirge\n|-supereffective|p2a: Skeledirge\n|-damage|p2a: Skeledirge|13\/100\n|\n|-heal|p1a: Zamazenta|93\/100 par|[from] item: Leftovers\n|upkeep\n|turn|23\n|\n|t:|1700480475\n|move|p2a: Skeledirge|Slack Off|p2a: Skeledirge\n|-heal|p2a: Skeledirge|63\/100\n|move|p1a: Zamazenta|Crunch|p2a: Skeledirge\n|-supereffective|p2a: Skeledirge\n|-damage|p2a: Skeledirge|47\/100\n|-unboost|p2a: Skeledirge|def|1\n|\n|-heal|p1a: Zamazenta|99\/100 par|[from] item: Leftovers\n|upkeep\n|turn|24\n|\n|t:|1700480480\n|switch|p2a: Mew|Mew|25\/100\n|move|p1a: Zamazenta|Stone Edge|p2a: Mew\n|-damage|p2a: Mew|13\/100\n|\n|-heal|p1a: Zamazenta|100\/100 par|[from] item: Leftovers\n|-sideend|p2: malk tyme|Reflect\n|upkeep\n|turn|25\n|\n|t:|1700480498\n|switch|p2a: Skeledirge|Skeledirge, F|47\/100\n|cant|p1a: Zamazenta|par\n|\n|upkeep\n|turn|26\n|\n|t:|1700480501\n|move|p2a: Skeledirge|Slack Off|p2a: Skeledirge\n|-heal|p2a: Skeledirge|97\/100\n|cant|p1a: Zamazenta|par\n|\n|upkeep\n|turn|27\n|\n|t:|1700480505\n|move|p2a: Skeledirge|Torch Song|p1a: Zamazenta\n|-resisted|p1a: Zamazenta\n|-damage|p1a: Zamazenta|87\/100 par\n|-boost|p2a: Skeledirge|spa|1\n|move|p1a: Zamazenta|Stone Edge|p2a: Skeledirge|[miss]\n|-miss|p1a: Zamazenta|p2a: Skeledirge\n|\n|-heal|p1a: Zamazenta|93\/100 par|[from] item: Leftovers\n|upkeep\n|turn|28\n|\n|t:|1700480508\n|move|p2a: Skeledirge|Torch Song|p1a: Zamazenta\n|-resisted|p1a: Zamazenta\n|-damage|p1a: Zamazenta|73\/100 par\n|-boost|p2a: Skeledirge|spa|1\n|cant|p1a: Zamazenta|par\n|\n|-heal|p1a: Zamazenta|79\/100 par|[from] item: Leftovers\n|upkeep\n|turn|29\n|\n|t:|1700480510\n|move|p2a: Skeledirge|Torch Song|p1a: Zamazenta\n|-resisted|p1a: Zamazenta\n|-damage|p1a: Zamazenta|53\/100 par\n|-boost|p2a: Skeledirge|spa|1\n|move|p1a: Zamazenta|Stone Edge|p2a: Skeledirge\n|-supereffective|p2a: Skeledirge\n|-damage|p2a: Skeledirge|55\/100\n|\n|-heal|p1a: Zamazenta|59\/100 par|[from] item: Leftovers\n|upkeep\n|turn|30\n|\n|t:|1700480514\n|move|p2a: Skeledirge|Slack Off|p2a: Skeledirge\n|-heal|p2a: Skeledirge|100\/100\n|move|p1a: Zamazenta|Stone Edge|p2a: Skeledirge\n|-supereffective|p2a: Skeledirge\n|-damage|p2a: Skeledirge|58\/100\n|\n|-heal|p1a: Zamazenta|65\/100 par|[from] item: Leftovers\n|upkeep\n|turn|31\n|\n|t:|1700480516\n|move|p2a: Skeledirge|Slack Off|p2a: Skeledirge\n|-heal|p2a: Skeledirge|100\/100\n|cant|p1a: Zamazenta|par\n|\n|-heal|p1a: Zamazenta|72\/100 par|[from] item: Leftovers\n|upkeep\n|turn|32\n|\n|t:|1700480519\n|move|p2a: Skeledirge|Earth Power|p1a: Zamazenta\n|-supereffective|p1a: Zamazenta\n|-damage|p1a: Zamazenta|0 fnt\n|faint|p1a: Zamazenta\n|\n|upkeep\n|\n|t:|1700480524\n|switch|p1a: Kingambit|Kingambit, F|100\/100\n|-activate|p1a: Kingambit|ability: Supreme Overlord\n|-start|p1a: Kingambit|fallen4|[silent]\n|turn|33\n|\n|t:|1700480538\n|move|p1a: Kingambit|Sucker Punch|p2a: Skeledirge\n|-supereffective|p2a: Skeledirge\n|-damage|p2a: Skeledirge|8\/100\n|move|p2a: Skeledirge|Torch Song|p1a: Kingambit\n|-supereffective|p1a: Kingambit\n|-damage|p1a: Kingambit|0 fnt\n|-boost|p2a: Skeledirge|spa|1\n|faint|p1a: Kingambit\n|-end|p1a: Kingambit|fallen4|[silent]\n|\n|upkeep\n|\n|t:|1700480543\n|switch|p1a: Iron Moth|Iron Moth|61\/100\n|-sideend|p1: ArbitraryEnding|move: Toxic Spikes|[of] p1a: Iron Moth\n|turn|34\n|\n|t:|1700480549\n|move|p1a: Iron Moth|Fiery Dance|p2a: Skeledirge\n|-resisted|p2a: Skeledirge\n|-damage|p2a: Skeledirge|0 fnt\n|faint|p2a: Skeledirge\n|\n|upkeep\n|\n|t:|1700480552\n|switch|p2a: Grimmsnarl|Grimmsnarl, M|59\/100\n|turn|35\n|\n|t:|1700480558\n|move|p2a: Grimmsnarl|Thunder Wave|p1a: Iron Moth\n|-status|p1a: Iron Moth|par\n|move|p1a: Iron Moth|Sludge Wave|p2a: Grimmsnarl\n|-supereffective|p2a: Grimmsnarl\n|-damage|p2a: Grimmsnarl|0 fnt\n|faint|p2a: Grimmsnarl\n|\n|upkeep\n|\n|t:|1700480592\n|switch|p2a: Garchomp|Garchomp, M, tera:Steel|100\/100\n|turn|36\n|j|+Osake\n|\n|t:|1700480595\n|move|p2a: Garchomp|Earthquake|p1a: Iron Moth\n|-supereffective|p1a: Iron Moth\n|-damage|p1a: Iron Moth|0 fnt\n|faint|p1a: Iron Moth\n|-end|p1a: Iron Moth|Quark Drive|[silent]\n|\n|win|malk tyme\n|raw|ArbitraryEnding's rating: 1541 &rarr; <strong>1523<\/strong><br \/>(-18 for losing)\n|raw|malk tyme's rating: 1584 &rarr; <strong>1602<\/strong><br \/>(+18 for winning)\n|l|\u2606ArbitraryEnding\n|l|+Osake\n|l|\u2606malk tyme\n","uploadtime":1700480811,"views":5,"p1id":"arbitraryending","p2id":"malktyme","formatid":"gen9ou","rating":1523,"private":0,"password":""}