{"id":"gen9ou-1995087412","p1":"clemelc","p2":"Ouvt frfr","format":"[Gen 9] OU","log":"|j|\u2606clemelc\n|j|\u2606Ouvt frfr\n|t:|1700521139\n|gametype|singles\n|player|p1|clemelc|fantina|1667\n|player|p2|Ouvt frfr|dawn|1746\n|teamsize|p1|6\n|teamsize|p2|6\n|gen|9\n|tier|[Gen 9] OU\n|rated|\n|rule|Sleep Clause Mod: Limit one foe put to sleep\n|rule|Species Clause: Limit one of each Pok\u00e9mon\n|rule|OHKO Clause: OHKO moves are banned\n|rule|Evasion Items Clause: Evasion items are banned\n|rule|Evasion Moves Clause: Evasion moves are banned\n|rule|Endless Battle Clause: Forcing endless battles is banned\n|rule|HP Percentage Mod: HP is shown in percentages\n|clearpoke\n|poke|p1|Kingambit, M|\n|poke|p1|Great Tusk|\n|poke|p1|Dragapult, M|\n|poke|p1|Ogerpon-Wellspring, F|\n|poke|p1|Blissey, F|\n|poke|p1|Zapdos|\n|poke|p2|Landorus-Therian, M|\n|poke|p2|Clodsire, M|\n|poke|p2|Inteleon, M|\n|poke|p2|Heatran, M|\n|poke|p2|Corviknight, F|\n|poke|p2|Great Tusk|\n|teampreview\n|c|\u2606clemelc|gl hf :)\n|\n|t:|1700521159\n|start\n|switch|p1a: Dragapult|Dragapult, M|100\/100\n|switch|p2a: Landorus|Landorus-Therian, M|100\/100\n|-ability|p2a: Landorus|Intimidate|boost\n|-unboost|p1a: Dragapult|atk|1\n|turn|1\n|inactive|Battle timer is ON: inactive players will automatically lose when time's up. (requested by Ouvt frfr)\n|\n|t:|1700521166\n|switch|p2a: Heatran|Heatran, M|100\/100\n|move|p1a: Dragapult|U-turn|p2a: Heatran\n|-resisted|p2a: Heatran\n|-damage|p2a: Heatran|98\/100\n|\n|t:|1700521175\n|switch|p1a: Ogerpon|Ogerpon-Wellspring, F|100\/100|[from] U-turn\n|\n|-heal|p2a: Heatran|100\/100|[from] item: Leftovers\n|upkeep\n|turn|2\n|\n|t:|1700521178\n|move|p1a: Ogerpon|Ivy Cudgel|p2a: Heatran|[anim] Ivy Cudgel Water\n|-supereffective|p2a: Heatran\n|-damage|p2a: Heatran|4\/100\n|move|p2a: Heatran|Will-O-Wisp|p1a: Ogerpon\n|-status|p1a: Ogerpon|brn\n|\n|-heal|p2a: Heatran|10\/100|[from] item: Leftovers\n|-damage|p1a: Ogerpon|95\/100 brn|[from] brn\n|upkeep\n|turn|3\n|\n|t:|1700521195\n|switch|p2a: Clodsire|Clodsire, M|100\/100\n|move|p1a: Ogerpon|U-turn|p2a: Clodsire\n|-resisted|p2a: Clodsire\n|-damage|p2a: Clodsire|93\/100\n|\n|t:|1700521209\n|switch|p1a: Great Tusk|Great Tusk|100\/100|[from] U-turn\n|\n|-heal|p2a: Clodsire|99\/100|[from] item: Leftovers\n|upkeep\n|turn|4\n|\n|t:|1700521217\n|switch|p2a: Corviknight|Corviknight, F|100\/100\n|-ability|p2a: Corviknight|Pressure\n|move|p1a: Great Tusk|Knock Off|p2a: Corviknight\n|-damage|p2a: Corviknight|83\/100\n|-damage|p1a: Great Tusk|84\/100|[from] item: Rocky Helmet|[of] p2a: Corviknight\n|-enditem|p2a: Corviknight|Rocky Helmet|[from] move: Knock Off|[of] p1a: Great Tusk\n|\n|-heal|p1a: Great Tusk|90\/100|[from] item: Leftovers\n|upkeep\n|turn|5\n|inactive|clemelc has 120 seconds left.\n|\n|t:|1700521254\n|-end|p1a: Great Tusk|Protosynthesis|[silent]\n|switch|p1a: Zapdos|Zapdos|100\/100\n|move|p2a: Corviknight|Brave Bird|p1a: Zapdos\n|-resisted|p1a: Zapdos\n|-damage|p1a: Zapdos|86\/100\n|-damage|p2a: Corviknight|79\/100|[from] Recoil\n|\n|upkeep\n|turn|6\n|inactive|clemelc has 120 seconds left.\n|\n|t:|1700521260\n|switch|p1a: Dragapult|Dragapult, M|100\/100\n|switch|p2a: Clodsire|Clodsire, M|99\/100\n|\n|-heal|p2a: Clodsire|100\/100|[from] item: Leftovers\n|upkeep\n|turn|7\n|\n|t:|1700521264\n|move|p1a: Dragapult|Draco Meteor|p2a: Clodsire\n|-damage|p2a: Clodsire|53\/100\n|-unboost|p1a: Dragapult|spa|2\n|move|p2a: Clodsire|Spikes|p1a: Dragapult\n|-sidestart|p1: clemelc|Spikes\n|\n|-heal|p2a: Clodsire|59\/100|[from] item: Leftovers\n|upkeep\n|turn|8\n|\n|t:|1700521277\n|switch|p1a: Great Tusk|Great Tusk|90\/100\n|-damage|p1a: Great Tusk|78\/100|[from] Spikes\n|switch|p2a: Heatran|Heatran, M|10\/100\n|\n|-heal|p1a: Great Tusk|84\/100|[from] item: Leftovers\n|-heal|p2a: Heatran|16\/100|[from] item: Leftovers\n|upkeep\n|turn|9\n|\n|t:|1700521282\n|switch|p2a: Corviknight|Corviknight, F|79\/100\n|-ability|p2a: Corviknight|Pressure\n|move|p1a: Great Tusk|Rapid Spin|p2a: Corviknight\n|-resisted|p2a: Corviknight\n|-damage|p2a: Corviknight|74\/100\n|-boost|p1a: Great Tusk|spe|1\n|-sideend|p1: clemelc|Spikes|[from] move: Rapid Spin|[of] p1a: Great Tusk\n|\n|-heal|p1a: Great Tusk|90\/100|[from] item: Leftovers\n|upkeep\n|turn|10\n|\n|t:|1700521296\n|-end|p1a: Great Tusk|Protosynthesis|[silent]\n|switch|p1a: Ogerpon|Ogerpon-Wellspring, F|95\/100 brn\n|switch|p2a: Heatran|Heatran, M|16\/100\n|\n|-heal|p2a: Heatran|22\/100|[from] item: Leftovers\n|-damage|p1a: Ogerpon|89\/100 brn|[from] brn\n|upkeep\n|turn|11\n|\n|t:|1700521306\n|switch|p2a: Clodsire|Clodsire, M|59\/100\n|move|p1a: Ogerpon|Power Whip|p2a: Clodsire\n|-damage|p2a: Clodsire|22\/100\n|\n|-heal|p2a: Clodsire|28\/100|[from] item: Leftovers\n|-damage|p1a: Ogerpon|83\/100 brn|[from] brn\n|upkeep\n|turn|12\n|\n|t:|1700521326\n|switch|p2a: Corviknight|Corviknight, F|74\/100\n|-ability|p2a: Corviknight|Pressure\n|move|p1a: Ogerpon|Power Whip|p2a: Corviknight\n|-resisted|p2a: Corviknight\n|-damage|p2a: Corviknight|69\/100\n|\n|-damage|p1a: Ogerpon|77\/100 brn|[from] brn\n|upkeep\n|turn|13\n|\n|t:|1700521339\n|switch|p2a: Inteleon|Inteleon, M|100\/100\n|move|p1a: Ogerpon|U-turn|p2a: Inteleon\n|-damage|p2a: Inteleon|76\/100\n|\n|t:|1700521348\n|switch|p1a: Blissey|Blissey, F|100\/100|[from] U-turn\n|\n|upkeep\n|turn|14\n|\n|t:|1700521353\n|move|p2a: Inteleon|U-turn|p1a: Blissey\n|-damage|p1a: Blissey|89\/100\n|\n|t:|1700521354\n|switch|p2a: Clodsire|Clodsire, M|28\/100|[from] U-turn\n|move|p1a: Blissey|Stealth Rock|p2a: Clodsire\n|-sidestart|p2: Ouvt frfr|move: Stealth Rock\n|\n|-heal|p2a: Clodsire|34\/100|[from] item: Leftovers\n|upkeep\n|turn|15\n|\n|t:|1700521358\n|move|p1a: Blissey|Seismic Toss|p2a: Clodsire\n|-damage|p2a: Clodsire|13\/100\n|move|p2a: Clodsire|Recover|p2a: Clodsire\n|-heal|p2a: Clodsire|63\/100\n|\n|-heal|p2a: Clodsire|69\/100|[from] item: Leftovers\n|upkeep\n|turn|16\n|\n|t:|1700521366\n|switch|p1a: Great Tusk|Great Tusk|90\/100\n|move|p2a: Clodsire|Recover|p2a: Clodsire\n|-heal|p2a: Clodsire|100\/100\n|\n|-heal|p1a: Great Tusk|96\/100|[from] item: Leftovers\n|upkeep\n|turn|17\n|\n|t:|1700521373\n|switch|p2a: Great Tusk|Great Tusk|100\/100\n|-damage|p2a: Great Tusk|97\/100|[from] Stealth Rock\n|-enditem|p2a: Great Tusk|Booster Energy\n|-activate|p2a: Great Tusk|ability: Protosynthesis|[fromitem]\n|-start|p2a: Great Tusk|protosynthesisspe\n|move|p1a: Great Tusk|Earthquake|p2a: Great Tusk\n|-damage|p2a: Great Tusk|68\/100\n|\n|-heal|p1a: Great Tusk|100\/100|[from] item: Leftovers\n|upkeep\n|turn|18\n|\n|t:|1700521380\n|move|p2a: Great Tusk|Rapid Spin|p1a: Great Tusk\n|-damage|p1a: Great Tusk|92\/100\n|-boost|p2a: Great Tusk|spe|1\n|-sideend|p2: Ouvt frfr|Stealth Rock|[from] move: Rapid Spin|[of] p2a: Great Tusk\n|move|p1a: Great Tusk|Bulk Up|p1a: Great Tusk\n|-boost|p1a: Great Tusk|atk|1\n|-boost|p1a: Great Tusk|def|1\n|\n|-heal|p1a: Great Tusk|98\/100|[from] item: Leftovers\n|upkeep\n|turn|19\n|\n|t:|1700521383\n|move|p2a: Great Tusk|Bulk Up|p2a: Great Tusk\n|-boost|p2a: Great Tusk|atk|1\n|-boost|p2a: Great Tusk|def|1\n|move|p1a: Great Tusk|Rapid Spin|p2a: Great Tusk\n|-damage|p2a: Great Tusk|59\/100\n|-boost|p1a: Great Tusk|spe|1\n|\n|-heal|p1a: Great Tusk|100\/100|[from] item: Leftovers\n|upkeep\n|turn|20\n|\n|t:|1700521387\n|-end|p1a: Great Tusk|Protosynthesis|[silent]\n|switch|p1a: Zapdos|Zapdos|86\/100\n|move|p2a: Great Tusk|Ice Spinner|p1a: Zapdos\n|-supereffective|p1a: Zapdos\n|-damage|p1a: Zapdos|27\/100\n|\n|upkeep\n|turn|21\n|\n|t:|1700521391\n|move|p2a: Great Tusk|Ice Spinner|p1a: Zapdos\n|-supereffective|p1a: Zapdos\n|-damage|p1a: Zapdos|0 fnt\n|faint|p1a: Zapdos\n|\n|upkeep\n|\n|t:|1700521395\n|switch|p1a: Ogerpon|Ogerpon-Wellspring, F|77\/100 brn\n|turn|22\n|\n|t:|1700521408\n|move|p2a: Great Tusk|Bulk Up|p2a: Great Tusk\n|-boost|p2a: Great Tusk|atk|1\n|-boost|p2a: Great Tusk|def|1\n|move|p1a: Ogerpon|Encore|p2a: Great Tusk\n|-start|p2a: Great Tusk|Encore\n|\n|-damage|p1a: Ogerpon|71\/100 brn|[from] brn\n|upkeep\n|turn|23\n|\n|t:|1700521413\n|move|p2a: Great Tusk|Bulk Up|p2a: Great Tusk\n|-boost|p2a: Great Tusk|atk|1\n|-boost|p2a: Great Tusk|def|1\n|move|p1a: Ogerpon|Ivy Cudgel|p2a: Great Tusk|[anim] Ivy Cudgel Water\n|-supereffective|p2a: Great Tusk\n|-damage|p2a: Great Tusk|44\/100\n|\n|-damage|p1a: Ogerpon|65\/100 brn|[from] brn\n|upkeep\n|turn|24\n|\n|t:|1700521420\n|move|p2a: Great Tusk|Bulk Up|p2a: Great Tusk\n|-boost|p2a: Great Tusk|atk|1\n|-boost|p2a: Great Tusk|def|1\n|move|p1a: Ogerpon|Ivy Cudgel|p2a: Great Tusk|[anim] Ivy Cudgel Water\n|-supereffective|p2a: Great Tusk\n|-damage|p2a: Great Tusk|32\/100\n|\n|-damage|p1a: Ogerpon|59\/100 brn|[from] brn\n|upkeep\n|turn|25\n|\n|t:|1700521427\n|move|p2a: Great Tusk|Bulk Up|p2a: Great Tusk\n|-boost|p2a: Great Tusk|atk|1\n|-boost|p2a: Great Tusk|def|1\n|move|p1a: Ogerpon|Ivy Cudgel|p2a: Great Tusk|[anim] Ivy Cudgel Water\n|-supereffective|p2a: Great Tusk\n|-damage|p2a: Great Tusk|20\/100\n|\n|-damage|p1a: Ogerpon|53\/100 brn|[from] brn\n|-end|p2a: Great Tusk|Encore\n|upkeep\n|turn|26\n|\n|t:|1700521434\n|move|p2a: Great Tusk|Ice Spinner|p1a: Ogerpon\n|-damage|p1a: Ogerpon|0 fnt\n|faint|p1a: Ogerpon\n|\n|upkeep\n|\n|t:|1700521437\n|switch|p1a: Kingambit|Kingambit, M|100\/100\n|-activate|p1a: Kingambit|ability: Supreme Overlord\n|-start|p1a: Kingambit|fallen2|[silent]\n|turn|27\n|\n|t:|1700521445\n|-terastallize|p1a: Kingambit|Dark\n|move|p1a: Kingambit|Sucker Punch|p2a: Great Tusk\n|-resisted|p2a: Great Tusk\n|-damage|p2a: Great Tusk|14\/100\n|move|p2a: Great Tusk|Headlong Rush|p1a: Kingambit\n|-damage|p1a: Kingambit|0 fnt\n|-unboost|p2a: Great Tusk|def|1\n|-unboost|p2a: Great Tusk|spd|1\n|faint|p1a: Kingambit\n|-end|p1a: Kingambit|fallen2|[silent]\n|\n|upkeep\n|\n|t:|1700521450\n|switch|p1a: Dragapult|Dragapult, M|100\/100\n|turn|28\n|c|\u2606clemelc|gg\n|\n|t:|1700521455\n|-terastallize|p2a: Great Tusk|Ice\n|move|p2a: Great Tusk|Ice Spinner|p1a: Dragapult\n|-supereffective|p1a: Dragapult\n|-damage|p1a: Dragapult|0 fnt\n|faint|p1a: Dragapult\n|\n|upkeep\n|-message|clemelc forfeited.\n|\n|win|Ouvt frfr\n|raw|clemelc's rating: 1667 &rarr; <strong>1651<\/strong><br \/>(-16 for losing)\n|raw|Ouvt frfr's rating: 1746 &rarr; <strong>1762<\/strong><br \/>(+16 for winning)\n","uploadtime":1700521480,"views":6,"p1id":"clemelc","p2id":"ouvtfrfr","formatid":"gen9ou","rating":1651,"private":0,"password":""}