{"id":"gen9ou-1997049724","p1":"Shijin77","p2":"Mario Flare","format":"[Gen 9] OU","log":"|j|\u2606Shijin77\n|j|\u2606Mario Flare\n|t:|1700759438\n|gametype|singles\n|player|p1|Shijin77|cynthia-masters3|\n|player|p2|Mario Flare|2|\n|teamsize|p1|6\n|teamsize|p2|6\n|gen|9\n|tier|[Gen 9] OU\n|rule|Sleep Clause Mod: Limit one foe put to sleep\n|rule|Species Clause: Limit one of each Pok\u00e9mon\n|rule|OHKO Clause: OHKO moves are banned\n|rule|Evasion Items Clause: Evasion items are banned\n|rule|Evasion Moves Clause: Evasion moves are banned\n|rule|Endless Battle Clause: Forcing endless battles is banned\n|rule|HP Percentage Mod: HP is shown in percentages\n|clearpoke\n|poke|p1|Iron Jugulis|\n|poke|p1|Ogerpon-Wellspring, F|\n|poke|p1|Tinkaton, F|\n|poke|p1|Iron Moth|\n|poke|p1|Great Tusk|\n|poke|p1|Dragapult, F|\n|poke|p2|Munkidori, M|\n|poke|p2|Okidogi, M|\n|poke|p2|Great Tusk|\n|poke|p2|Kingambit, M|\n|poke|p2|Landorus-Therian, M|\n|poke|p2|Empoleon, M|\n|teampreview\n|inactive|Battle timer is ON: inactive players will automatically lose when time's up. (requested by Mario Flare)\n|inactiveoff|Battle timer is now OFF.\n|\n|t:|1700759513\n|start\n|switch|p1a: Dragapult|Dragapult, F|100\/100\n|switch|p2a: Landorus|Landorus-Therian, M|100\/100\n|-ability|p2a: Landorus|Intimidate|boost\n|-fail|p1a: Dragapult|unboost|[from] ability: Clear Body|[of] p1a: Dragapult\n|turn|1\n|\n|t:|1700759571\n|move|p1a: Dragapult|Draco Meteor|p2a: Landorus\n|-damage|p2a: Landorus|10\/100\n|-unboost|p1a: Dragapult|spa|2\n|move|p2a: Landorus|Stealth Rock|p1a: Dragapult\n|-sidestart|p1: Shijin77|move: Stealth Rock\n|\n|upkeep\n|turn|2\n|\n|t:|1700759603\n|switch|p2a: Munkidori|Munkidori, M|100\/100\n|move|p1a: Dragapult|Draco Meteor|p2a: Munkidori\n|-damage|p2a: Munkidori|48\/100\n|-unboost|p1a: Dragapult|spa|2\n|\n|upkeep\n|turn|3\n|\n|t:|1700759612\n|switch|p1a: TWINKATON|Tinkaton, F|100\/100\n|-damage|p1a: TWINKATON|94\/100|[from] Stealth Rock\n|-item|p1a: TWINKATON|Air Balloon\n|move|p2a: Munkidori|Shadow Ball|p1a: TWINKATON\n|-damage|p1a: TWINKATON|57\/100\n|-enditem|p1a: TWINKATON|Air Balloon\n|\n|upkeep\n|turn|4\n|\n|t:|1700759630\n|switch|p2a: Great Tusk|Great Tusk|100\/100\n|move|p1a: TWINKATON|Stealth Rock|p2a: Great Tusk\n|-sidestart|p2: Mario Flare|move: Stealth Rock\n|\n|upkeep\n|turn|5\n|\n|t:|1700759690\n|switch|p1a: Iron Jugulis|Iron Jugulis|100\/100\n|-damage|p1a: Iron Jugulis|76\/100|[from] Stealth Rock\n|-enditem|p1a: Iron Jugulis|Booster Energy\n|-activate|p1a: Iron Jugulis|ability: Quark Drive|[fromitem]\n|-start|p1a: Iron Jugulis|quarkdrivespe\n|move|p2a: Great Tusk|Headlong Rush|p1a: Iron Jugulis\n|-immune|p1a: Iron Jugulis\n|\n|upkeep\n|turn|6\n|\n|t:|1700759714\n|-end|p2a: Great Tusk|Protosynthesis|[silent]\n|switch|p2a: Landorus|Landorus-Therian, M|10\/100\n|-damage|p2a: Landorus|0 fnt|[from] Stealth Rock\n|faint|p2a: Landorus\n|move|p1a: Iron Jugulis|Knock Off|p2: Landorus|[notarget]\n|-fail|p1a: Iron Jugulis\n|\n|upkeep\n|\n|t:|1700759735\n|switch|p2a: Empoleon|Empoleon, M|100\/100\n|-damage|p2a: Empoleon|94\/100|[from] Stealth Rock\n|turn|7\n|\n|t:|1700759793\n|move|p1a: Iron Jugulis|Knock Off|p2a: Empoleon\n|-damage|p2a: Empoleon|67\/100\n|-enditem|p2a: Empoleon|Leftovers|[from] move: Knock Off|[of] p1a: Iron Jugulis\n|move|p2a: Empoleon|Yawn|p1a: Iron Jugulis\n|-start|p1a: Iron Jugulis|move: Yawn|[of] p2a: Empoleon\n|\n|upkeep\n|turn|8\n|\n|t:|1700759815\n|-end|p1a: Iron Jugulis|Quark Drive|[silent]\n|switch|p1a: Ogerpon|Ogerpon-Wellspring, F|100\/100\n|-damage|p1a: Ogerpon|88\/100|[from] Stealth Rock\n|move|p2a: Empoleon|Roost|p2a: Empoleon\n|-heal|p2a: Empoleon|100\/100\n|-singleturn|p2a: Empoleon|move: Roost\n|\n|upkeep\n|turn|9\n|\n|t:|1700759841\n|switch|p2a: Okidogi|Okidogi, M|100\/100\n|-damage|p2a: Okidogi|95\/100|[from] Stealth Rock\n|move|p1a: Ogerpon|Spikes|p2a: Okidogi\n|-sidestart|p2: Mario Flare|Spikes\n|\n|upkeep\n|turn|10\n|\n|t:|1700759849\n|move|p1a: Ogerpon|U-turn|p2a: Okidogi\n|-resisted|p2a: Okidogi\n|-damage|p2a: Okidogi|89\/100\n|\n|t:|1700759857\n|switch|p1a: Great Tusk|Great Tusk|100\/100|[from] U-turn\n|-damage|p1a: Great Tusk|98\/100|[from] Stealth Rock\n|-enditem|p1a: Great Tusk|Booster Energy\n|-activate|p1a: Great Tusk|ability: Protosynthesis|[fromitem]\n|-start|p1a: Great Tusk|protosynthesisspe\n|move|p2a: Okidogi|High Horsepower|p1a: Great Tusk\n|-damage|p1a: Great Tusk|67\/100\n|\n|upkeep\n|turn|11\n|\n|t:|1700759891\n|switch|p2a: Great Tusk|Great Tusk|100\/100\n|move|p1a: Great Tusk|Bulk Up|p1a: Great Tusk\n|-boost|p1a: Great Tusk|atk|1\n|-boost|p1a: Great Tusk|def|1\n|\n|upkeep\n|turn|12\n|\n|t:|1700759897\n|move|p1a: Great Tusk|Ice Spinner|p2a: Great Tusk\n|-supereffective|p2a: Great Tusk\n|-damage|p2a: Great Tusk|50\/100\n|move|p2a: Great Tusk|Rapid Spin|p1a: Great Tusk\n|-damage|p1a: Great Tusk|60\/100\n|-boost|p2a: Great Tusk|spe|1\n|-sideend|p2: Mario Flare|Spikes|[from] move: Rapid Spin|[of] p2a: Great Tusk\n|-sideend|p2: Mario Flare|Stealth Rock|[from] move: Rapid Spin|[of] p2a: Great Tusk\n|\n|upkeep\n|turn|13\n|\n|t:|1700759905\n|-end|p2a: Great Tusk|Protosynthesis|[silent]\n|switch|p2a: Kingambit|Kingambit, M|100\/100\n|-activate|p2a: Kingambit|ability: Supreme Overlord\n|-start|p2a: Kingambit|fallen1|[silent]\n|move|p1a: Great Tusk|Ice Spinner|p2a: Kingambit\n|-resisted|p2a: Kingambit\n|-damage|p2a: Kingambit|88\/100\n|\n|-heal|p2a: Kingambit|94\/100|[from] item: Leftovers\n|upkeep\n|turn|14\n|\n|t:|1700759941\n|-terastallize|p2a: Kingambit|Fairy\n|move|p1a: Great Tusk|Rapid Spin|p2a: Kingambit\n|-damage|p2a: Kingambit|78\/100\n|-boost|p1a: Great Tusk|spe|1\n|-sideend|p1: Shijin77|Stealth Rock|[from] move: Rapid Spin|[of] p1a: Great Tusk\n|move|p2a: Kingambit|Tera Blast|p1a: Great Tusk|[anim] Tera Blast Fairy\n|-supereffective|p1a: Great Tusk\n|-damage|p1a: Great Tusk|18\/100\n|\n|-heal|p2a: Kingambit|84\/100|[from] item: Leftovers\n|upkeep\n|turn|15\n|\n|t:|1700759983\n|move|p1a: Great Tusk|Headlong Rush|p2a: Kingambit\n|-damage|p2a: Kingambit|29\/100\n|-unboost|p1a: Great Tusk|def|1\n|-unboost|p1a: Great Tusk|spd|1\n|move|p2a: Kingambit|Kowtow Cleave|p1a: Great Tusk\n|-resisted|p1a: Great Tusk\n|-damage|p1a: Great Tusk|2\/100\n|\n|-heal|p2a: Kingambit|35\/100|[from] item: Leftovers\n|upkeep\n|turn|16\n|\n|t:|1700759992\n|move|p2a: Kingambit|Sucker Punch|p1a: Great Tusk\n|-resisted|p1a: Great Tusk\n|-damage|p1a: Great Tusk|0 fnt\n|faint|p1a: Great Tusk\n|-end|p1a: Great Tusk|Protosynthesis|[silent]\n|\n|-heal|p2a: Kingambit|42\/100|[from] item: Leftovers\n|upkeep\n|\n|t:|1700760031\n|switch|p1a: Iron Moth|Iron Moth|100\/100\n|-enditem|p1a: Iron Moth|Booster Energy\n|-activate|p1a: Iron Moth|ability: Quark Drive|[fromitem]\n|-start|p1a: Iron Moth|quarkdrivespe\n|turn|17\n|\n|t:|1700760061\n|-end|p2a: Kingambit|fallen1|[silent]\n|switch|p2a: Okidogi|Okidogi, M|89\/100\n|move|p1a: Iron Moth|Fiery Dance|p2a: Okidogi\n|-damage|p2a: Okidogi|41\/100\n|\n|upkeep\n|turn|18\n|\n|t:|1700760080\n|move|p1a: Iron Moth|Fiery Dance|p2a: Okidogi\n|-damage|p2a: Okidogi|0 fnt\n|faint|p2a: Okidogi\n|\n|upkeep\n|\n|t:|1700760088\n|switch|p2a: Great Tusk|Great Tusk|50\/100\n|turn|19\n|\n|t:|1700760091\n|move|p1a: Iron Moth|Psychic|p2a: Great Tusk\n|-supereffective|p2a: Great Tusk\n|-damage|p2a: Great Tusk|0 fnt\n|faint|p2a: Great Tusk\n|-end|p2a: Great Tusk|Protosynthesis|[silent]\n|\n|upkeep\n|\n|t:|1700760097\n|switch|p2a: Munkidori|Munkidori, M|48\/100\n|turn|20\n|\n|t:|1700760106\n|move|p1a: Iron Moth|Fiery Dance|p2a: Munkidori\n|-damage|p2a: Munkidori|0 fnt\n|-boost|p1a: Iron Moth|spa|1\n|faint|p2a: Munkidori\n|\n|upkeep\n|\n|t:|1700760111\n|switch|p2a: Kingambit|Kingambit, M, tera:Fairy|42\/100\n|-activate|p2a: Kingambit|ability: Supreme Overlord\n|-start|p2a: Kingambit|fallen4|[silent]\n|turn|21\n|\n|t:|1700760117\n|-terastallize|p1a: Iron Moth|Fairy\n|move|p1a: Iron Moth|Fiery Dance|p2a: Kingambit\n|-damage|p2a: Kingambit|0 fnt\n|-boost|p1a: Iron Moth|spa|1\n|faint|p2a: Kingambit\n|-end|p2a: Kingambit|fallen4|[silent]\n|\n|upkeep\n|\n|t:|1700760121\n|switch|p2a: Empoleon|Empoleon, M|100\/100\n|turn|22\n|\n|t:|1700760122\n|move|p1a: Iron Moth|Fiery Dance|p2a: Empoleon\n|-damage|p2a: Empoleon|46\/100\n|-boost|p1a: Iron Moth|spa|1\n|move|p2a: Empoleon|Flip Turn|p1a: Iron Moth\n|-damage|p1a: Iron Moth|74\/100\n|\n|upkeep\n|turn|23\n|\n|t:|1700760125\n|move|p1a: Iron Moth|Fiery Dance|p2a: Empoleon\n|-damage|p2a: Empoleon|0 fnt\n|-boost|p1a: Iron Moth|spa|1\n|faint|p2a: Empoleon\n|\n|win|Shijin77\n|c|\u2606Shijin77|GG\n|c|\u2606Mario Flare|gg\n","uploadtime":1700760139,"views":5,"p1id":"shijin77","p2id":"marioflare","formatid":"gen9ou","rating":0,"private":0,"password":""}