{"id":"gen9ou-1992278989","p1":"ShittyDitch69","p2":"yimmy90","format":"[Gen 9] OU","log":"|j|\u2606ShittyDitch69\n|j|\u2606yimmy90\n|t:|1700170326\n|gametype|singles\n|player|p1|ShittyDitch69|drayden|1104\n|player|p2|yimmy90|vessa|1152\n|teamsize|p1|6\n|teamsize|p2|6\n|gen|9\n|tier|[Gen 9] OU\n|rated|\n|rule|Sleep Clause Mod: Limit one foe put to sleep\n|rule|Species Clause: Limit one of each Pok\u00e9mon\n|rule|OHKO Clause: OHKO moves are banned\n|rule|Evasion Items Clause: Evasion items are banned\n|rule|Evasion Moves Clause: Evasion moves are banned\n|rule|Endless Battle Clause: Forcing endless battles is banned\n|rule|HP Percentage Mod: HP is shown in percentages\n|clearpoke\n|poke|p1|Ogerpon-Wellspring, F|\n|poke|p1|Glimmora, F|\n|poke|p1|Breloom, M|\n|poke|p1|Cyclizar, M|\n|poke|p1|Kingambit, M|\n|poke|p1|Enamorus, F|\n|poke|p2|Dragapult, M|\n|poke|p2|Iron Moth|\n|poke|p2|Rotom-Wash|\n|poke|p2|Rillaboom, M|\n|poke|p2|Ting-Lu|\n|poke|p2|Hatterene, F|\n|teampreview\n|\n|t:|1700170329\n|start\n|switch|p1a: Glimmora|Glimmora, F|100\/100\n|switch|p2a: Dragapult|Dragapult, M|100\/100\n|turn|1\n|inactive|Battle timer is ON: inactive players will automatically lose when time's up. (requested by ShittyDitch69)\n|\n|t:|1700170339\n|-terastallize|p1a: Glimmora|Fairy\n|move|p1a: Glimmora|Dazzling Gleam|p2a: Dragapult\n|-supereffective|p2a: Dragapult\n|-crit|p2a: Dragapult\n|-damage|p2a: Dragapult|0 fnt\n|faint|p2a: Dragapult\n|\n|upkeep\n|\n|t:|1700170350\n|switch|p2a: Iron Moth|Iron Moth|100\/100\n|-enditem|p2a: Iron Moth|Booster Energy\n|-activate|p2a: Iron Moth|ability: Quark Drive|[fromitem]\n|-start|p2a: Iron Moth|quarkdrivespe\n|turn|2\n|\n|t:|1700170356\n|switch|p1a: Cyclizar|Cyclizar, M|100\/100\n|move|p2a: Iron Moth|Sludge Wave|p1a: Cyclizar\n|-damage|p1a: Cyclizar|48\/100\n|\n|upkeep\n|turn|3\n|\n|t:|1700170361\n|switch|p1a: Kingambit|Kingambit, M|100\/100\n|move|p2a: Iron Moth|Sludge Wave|p1a: Kingambit\n|-immune|p1a: Kingambit\n|\n|upkeep\n|turn|4\n|\n|t:|1700170367\n|move|p2a: Iron Moth|Fiery Dance|p1a: Kingambit\n|-supereffective|p1a: Kingambit\n|-damage|p1a: Kingambit|10\/100\n|move|p1a: Kingambit|Kowtow Cleave|p2a: Iron Moth\n|-damage|p2a: Iron Moth|19\/100\n|\n|upkeep\n|turn|5\n|\n|t:|1700170373\n|move|p1a: Kingambit|Sucker Punch|p2a: Iron Moth\n|-damage|p2a: Iron Moth|0 fnt\n|faint|p2a: Iron Moth\n|-end|p2a: Iron Moth|Quark Drive|[silent]\n|\n|upkeep\n|\n|t:|1700170393\n|switch|p2a: Rotom|Rotom-Wash|100\/100\n|turn|6\n|\n|t:|1700170398\n|-end|p1a: Kingambit|fallenundefined|[silent]\n|switch|p1a: Cyclizar|Cyclizar, M|81\/100\n|move|p2a: Rotom|Will-O-Wisp|p1a: Cyclizar|[miss]\n|-miss|p2a: Rotom|p1a: Cyclizar\n|\n|upkeep\n|turn|7\n|\n|t:|1700170408\n|switch|p2a: Hatterene|Hatterene, F|100\/100\n|move|p1a: Cyclizar|Draco Meteor|p2a: Hatterene\n|-immune|p2a: Hatterene\n|\n|upkeep\n|turn|8\n|\n|t:|1700170416\n|move|p1a: Cyclizar|U-turn|p2a: Hatterene\n|-damage|p2a: Hatterene|89\/100\n|\n|t:|1700170418\n|switch|p1a: Glimmora|Glimmora, F, tera:Fairy|100\/100|[from] U-turn\n|move|p2a: Hatterene|Calm Mind|p2a: Hatterene\n|-boost|p2a: Hatterene|spa|1\n|-boost|p2a: Hatterene|spd|1\n|\n|-heal|p2a: Hatterene|95\/100|[from] item: Leftovers\n|upkeep\n|turn|9\n|inactive|yimmy90 has 120 seconds left.\n|\n|t:|1700170453\n|-terastallize|p2a: Hatterene|Water\n|move|p1a: Glimmora|Sludge Wave|p2a: Hatterene\n|-damage|p2a: Hatterene|58\/100\n|move|p2a: Hatterene|Calm Mind|p2a: Hatterene\n|-boost|p2a: Hatterene|spa|1\n|-boost|p2a: Hatterene|spd|1\n|\n|-heal|p2a: Hatterene|64\/100|[from] item: Leftovers\n|upkeep\n|turn|10\n|\n|t:|1700170464\n|switch|p1a: Shitspring|Ogerpon-Wellspring, F|100\/100\n|move|p2a: Hatterene|Psyshock|p1a: Shitspring\n|-damage|p1a: Shitspring|11\/100\n|\n|-heal|p2a: Hatterene|70\/100|[from] item: Leftovers\n|upkeep\n|turn|11\n|\n|t:|1700170474\n|switch|p2a: Rotom|Rotom-Wash|100\/100\n|move|p1a: Shitspring|Wood Hammer|p2a: Rotom\n|-supereffective|p2a: Rotom\n|-damage|p2a: Rotom|0 fnt\n|faint|p2a: Rotom\n|-damage|p1a: Shitspring|0 fnt|[from] Recoil\n|faint|p1a: Shitspring\n|\n|upkeep\n|\n|t:|1700170483\n|switch|p1a: Breloom|Breloom, M|100\/100\n|switch|p2a: Rillaboom|Rillaboom, M|100\/100\n|-fieldstart|move: Grassy Terrain|[from] ability: Grassy Surge|[of] p2a: Rillaboom\n|turn|12\n|\n|t:|1700170488\n|move|p2a: Rillaboom|U-turn|p1a: Breloom\n|-damage|p1a: Breloom|37\/100\n|\n|t:|1700170493\n|switch|p2a: Ting-Lu|Ting-Lu|100\/100|[from] U-turn\n|-ability|p2a: Ting-Lu|Vessel of Ruin\n|move|p1a: Breloom|Close Combat|p2a: Ting-Lu\n|-supereffective|p2a: Ting-Lu\n|-damage|p2a: Ting-Lu|0 fnt\n|-unboost|p1a: Breloom|def|1\n|-unboost|p1a: Breloom|spd|1\n|faint|p2a: Ting-Lu\n|\n|-heal|p1a: Breloom|43\/100|[from] Grassy Terrain\n|upkeep\n|\n|t:|1700170503\n|switch|p2a: Hatterene|Hatterene, F, tera:Water|70\/100\n|turn|13\n|\n|t:|1700170506\n|move|p1a: Breloom|Close Combat|p2a: Hatterene\n|-damage|p2a: Hatterene|0 fnt\n|-unboost|p1a: Breloom|def|1\n|-unboost|p1a: Breloom|spd|1\n|faint|p2a: Hatterene\n|\n|-heal|p1a: Breloom|49\/100|[from] Grassy Terrain\n|upkeep\n|-message|yimmy90 forfeited.\n|\n|win|ShittyDitch69\n|raw|ShittyDitch69's rating: 1104 &rarr; <strong>1132<\/strong><br \/>(+28 for winning)\n|raw|yimmy90's rating: 1152 &rarr; <strong>1124<\/strong><br \/>(-28 for losing)\n|l|\u2606yimmy90\n","uploadtime":1700170516,"views":7,"p1id":"shittyditch69","p2id":"yimmy90","formatid":"gen9ou","rating":1124,"private":0,"password":""}