{"id":"gen9ou-1992609888","p1":"Samiaou","p2":"Men Hugging","format":"[Gen 9] OU","log":"|j|\u2606Samiaou\n|j|\u2606Men Hugging\n|t:|1700214238\n|gametype|singles\n|player|p1|Samiaou|volo|1496\n|player|p2|Men Hugging|swimmer-gen4|1461\n|teamsize|p1|6\n|teamsize|p2|6\n|gen|9\n|tier|[Gen 9] OU\n|rated|\n|rule|Sleep Clause Mod: Limit one foe put to sleep\n|rule|Species Clause: Limit one of each Pok\u00e9mon\n|rule|OHKO Clause: OHKO moves are banned\n|rule|Evasion Items Clause: Evasion items are banned\n|rule|Evasion Moves Clause: Evasion moves are banned\n|rule|Endless Battle Clause: Forcing endless battles is banned\n|rule|HP Percentage Mod: HP is shown in percentages\n|clearpoke\n|poke|p1|Kingambit, F|\n|poke|p1|Great Tusk|\n|poke|p1|Dragapult, M|\n|poke|p1|Ogerpon-Wellspring, F|\n|poke|p1|Blissey, F|\n|poke|p1|Zapdos|\n|poke|p2|Ogerpon, F|\n|poke|p2|Moltres|\n|poke|p2|Great Tusk|\n|poke|p2|Kingambit, F|\n|poke|p2|Greninja-*, M|\n|poke|p2|Dragapult, F|\n|teampreview\n|inactive|Battle timer is ON: inactive players will automatically lose when time's up. (requested by Men Hugging)\n|\n|t:|1700214254\n|start\n|switch|p1a: Zapdos|Zapdos|100\/100\n|switch|p2a: Greninja|Greninja, M|100\/100\n|turn|1\n|\n|t:|1700214266\n|switch|p2a: Dragapult|Dragapult, F|100\/100\n|move|p1a: Zapdos|Hurricane|p2a: Dragapult\n|-damage|p2a: Dragapult|43\/100\n|\n|upkeep\n|turn|2\n|\n|t:|1700214272\n|move|p2a: Dragapult|Draco Meteor|p1a: Zapdos\n|-damage|p1a: Zapdos|22\/100\n|-unboost|p2a: Dragapult|spa|2\n|move|p1a: Zapdos|Hurricane|p2a: Dragapult\n|-damage|p2a: Dragapult|0 fnt\n|faint|p2a: Dragapult\n|\n|upkeep\n|\n|t:|1700214288\n|switch|p2a: Greninja|Greninja, M|100\/100\n|turn|3\n|\n|t:|1700214291\n|switch|p1a: Blissey|Blissey, F|100\/100\n|move|p2a: Greninja|Dark Pulse|p1a: Blissey\n|-damage|p1a: Blissey|83\/100\n|-damage|p2a: Greninja|91\/100|[from] item: Life Orb\n|\n|upkeep\n|turn|4\n|\n|t:|1700214308\n|move|p2a: Greninja|Spikes|p1a: Blissey\n|-sidestart|p1: Samiaou|Spikes\n|move|p1a: Blissey|Stealth Rock|p2a: Greninja\n|-sidestart|p2: Men Hugging|move: Stealth Rock\n|\n|upkeep\n|turn|5\n|\n|t:|1700214313\n|switch|p2a: Great Tusk|Great Tusk|100\/100\n|-damage|p2a: Great Tusk|98\/100|[from] Stealth Rock\n|move|p1a: Blissey|Seismic Toss|p2a: Great Tusk\n|-damage|p2a: Great Tusk|71\/100\n|\n|-heal|p2a: Great Tusk|77\/100|[from] item: Leftovers\n|upkeep\n|turn|6\n|\n|t:|1700214316\n|switch|p1a: Zapdos|Zapdos|22\/100\n|move|p2a: Great Tusk|Ice Spinner|p1a: Zapdos\n|-supereffective|p1a: Zapdos\n|-damage|p1a: Zapdos|0 fnt\n|faint|p1a: Zapdos\n|\n|-heal|p2a: Great Tusk|83\/100|[from] item: Leftovers\n|upkeep\n|\n|t:|1700214331\n|switch|p1a: Dragapult|Dragapult, M|100\/100\n|-damage|p1a: Dragapult|88\/100|[from] Spikes\n|turn|7\n|\n|t:|1700214345\n|-end|p2a: Great Tusk|Protosynthesis|[silent]\n|switch|p2a: Kingambit|Kingambit, F|100\/100\n|-damage|p2a: Kingambit|94\/100|[from] Stealth Rock\n|-activate|p2a: Kingambit|ability: Supreme Overlord\n|-start|p2a: Kingambit|fallen1|[silent]\n|move|p1a: Dragapult|Flamethrower|p2a: Kingambit\n|-supereffective|p2a: Kingambit\n|-damage|p2a: Kingambit|12\/100\n|\n|-heal|p2a: Kingambit|18\/100|[from] item: Leftovers\n|upkeep\n|turn|8\n|\n|t:|1700214355\n|switch|p1a: Ogerpon|Ogerpon-Wellspring, F|100\/100\n|-damage|p1a: Ogerpon|88\/100|[from] Spikes\n|move|p2a: Kingambit|Sucker Punch||[still]\n|-fail|p2a: Kingambit\n|\n|-heal|p2a: Kingambit|24\/100|[from] item: Leftovers\n|upkeep\n|turn|9\n|\n|t:|1700214360\n|move|p1a: Ogerpon|Encore|p2a: Kingambit\n|-start|p2a: Kingambit|Encore\n|move|p2a: Kingambit|Sucker Punch||[still]\n|-fail|p2a: Kingambit\n|\n|-heal|p2a: Kingambit|30\/100|[from] item: Leftovers\n|upkeep\n|turn|10\n|\n|t:|1700214369\n|-end|p2a: Kingambit|fallen1|[silent]\n|switch|p2a: Greninja|Greninja, M|91\/100\n|-damage|p2a: Greninja|78\/100|[from] Stealth Rock\n|move|p1a: Ogerpon|Ivy Cudgel|p2a: Greninja|[anim] Ivy Cudgel Water\n|-resisted|p2a: Greninja\n|-damage|p2a: Greninja|28\/100\n|\n|upkeep\n|turn|11\n|\n|t:|1700214374\n|switch|p1a: Blissey|Blissey, F|83\/100\n|move|p2a: Greninja|Dark Pulse|p1a: Blissey\n|-damage|p1a: Blissey|66\/100\n|-damage|p2a: Greninja|18\/100|[from] item: Life Orb\n|\n|upkeep\n|turn|12\n|\n|t:|1700214380\n|move|p2a: Greninja|Spikes|p1a: Blissey\n|-sidestart|p1: Samiaou|Spikes\n|move|p1a: Blissey|Soft-Boiled|p1a: Blissey\n|-heal|p1a: Blissey|100\/100\n|\n|upkeep\n|turn|13\n|\n|t:|1700214383\n|move|p2a: Greninja|Spikes|p1a: Blissey\n|-sidestart|p1: Samiaou|Spikes\n|move|p1a: Blissey|Seismic Toss|p2a: Greninja\n|-damage|p2a: Greninja|0 fnt\n|faint|p2a: Greninja\n|\n|upkeep\n|\n|t:|1700214397\n|switch|p2a: Gooberpon|Ogerpon, F|100\/100\n|-damage|p2a: Gooberpon|88\/100|[from] Stealth Rock\n|turn|14\n|\n|t:|1700214410\n|switch|p1a: Kingambit|Kingambit, F|100\/100\n|-damage|p1a: Kingambit|76\/100|[from] Spikes\n|-activate|p1a: Kingambit|ability: Supreme Overlord\n|-start|p1a: Kingambit|fallen1|[silent]\n|move|p2a: Gooberpon|Swords Dance|p2a: Gooberpon\n|-boost|p2a: Gooberpon|atk|2\n|\n|upkeep\n|turn|15\n|\n|t:|1700214430\n|move|p2a: Gooberpon|Play Rough|p1a: Kingambit\n|-crit|p1a: Kingambit\n|-damage|p1a: Kingambit|0 fnt\n|faint|p1a: Kingambit\n|-end|p1a: Kingambit|fallen1|[silent]\n|\n|upkeep\n|\n|t:|1700214437\n|switch|p1a: Great Tusk|Great Tusk|100\/100\n|-damage|p1a: Great Tusk|76\/100|[from] Spikes\n|turn|16\n|\n|t:|1700214442\n|-terastallize|p2a: Gooberpon|Grass\n|detailschange|p2a: Gooberpon|Ogerpon-Teal-Tera, F, tera:Grass\n|-ability|p2a: Gooberpon|Embody Aspect (Teal)|boost\n|-boost|p2a: Gooberpon|spe|1\n|-terastallize|p1a: Great Tusk|Steel\n|move|p2a: Gooberpon|Power Whip|p1a: Great Tusk\n|-resisted|p1a: Great Tusk\n|-damage|p1a: Great Tusk|12\/100\n|move|p1a: Great Tusk|Rapid Spin|p2a: Gooberpon\n|-damage|p2a: Gooberpon|68\/100\n|-boost|p1a: Great Tusk|spe|1\n|-sideend|p1: Samiaou|Spikes|[from] move: Rapid Spin|[of] p1a: Great Tusk\n|\n|-heal|p1a: Great Tusk|19\/100|[from] item: Leftovers\n|upkeep\n|turn|17\n|\n|t:|1700214454\n|move|p2a: Gooberpon|Knock Off|p1a: Great Tusk\n|-damage|p1a: Great Tusk|0 fnt\n|-enditem|p1a: Great Tusk|Leftovers|[from] move: Knock Off|[of] p2a: Gooberpon\n|faint|p1a: Great Tusk\n|-end|p1a: Great Tusk|Protosynthesis|[silent]\n|\n|upkeep\n|\n|t:|1700214463\n|switch|p1a: Ogerpon|Ogerpon-Wellspring, F|88\/100\n|turn|18\n|\n|t:|1700214474\n|move|p2a: Gooberpon|Power Whip|p1a: Ogerpon\n|-damage|p1a: Ogerpon|0 fnt\n|faint|p1a: Ogerpon\n|\n|upkeep\n|\n|t:|1700214482\n|switch|p1a: Dragapult|Dragapult, M|88\/100\n|turn|19\n|\n|t:|1700214483\n|move|p2a: Gooberpon|Knock Off|p1a: Dragapult\n|-supereffective|p1a: Dragapult\n|-damage|p1a: Dragapult|0 fnt\n|-enditem|p1a: Dragapult|Choice Specs|[from] move: Knock Off|[of] p2a: Gooberpon\n|faint|p1a: Dragapult\n|\n|upkeep\n|-message|Samiaou forfeited.\n|\n|win|Men Hugging\n|raw|Samiaou's rating: 1496 &rarr; <strong>1474<\/strong><br \/>(-22 for losing)\n|raw|Men Hugging's rating: 1461 &rarr; <strong>1483<\/strong><br \/>(+22 for winning)\n|l|\u2606Samiaou\n","uploadtime":1700214635,"views":26,"p1id":"samiaou","p2id":"menhugging","formatid":"gen9ou","rating":1474,"private":0,"password":""}