{"id":"gen9ou-1989585774","p1":"Originxpulse","p2":"Jaime Francias","format":"[Gen 9] OU","log":"|j|\u2606Originxpulse\n|j|\u2606Jaime Francias\n|t:|1699875153\n|gametype|singles\n|player|p1|Originxpulse|hilbert|1417\n|player|p2|Jaime Francias|170|1356\n|teamsize|p1|6\n|teamsize|p2|6\n|gen|9\n|tier|[Gen 9] OU\n|rated|\n|rule|Sleep Clause Mod: Limit one foe put to sleep\n|rule|Species Clause: Limit one of each Pok\u00e9mon\n|rule|OHKO Clause: OHKO moves are banned\n|rule|Evasion Items Clause: Evasion items are banned\n|rule|Evasion Moves Clause: Evasion moves are banned\n|rule|Endless Battle Clause: Forcing endless battles is banned\n|rule|HP Percentage Mod: HP is shown in percentages\n|clearpoke\n|poke|p1|Zamazenta-*|\n|poke|p1|Greninja-*, M|\n|poke|p1|Toxapex, F|\n|poke|p1|Landorus-Therian, M|\n|poke|p1|Slowking-Galar, F|\n|poke|p1|Dragapult, F|\n|poke|p2|Blissey, F|\n|poke|p2|Rillaboom, M|\n|poke|p2|Dondozo, M|\n|poke|p2|Enamorus, F|\n|poke|p2|Ceruledge, M|\n|poke|p2|Mandibuzz, F|\n|teampreview\n|\n|t:|1699875162\n|start\n|switch|p1a: Landorus|Landorus-Therian, M|100\/100\n|switch|p2a: Enamorus|Enamorus, F|100\/100\n|-ability|p1a: Landorus|Intimidate|boost\n|-boost|p2a: Enamorus|atk|1\n|turn|1\n|\n|t:|1699875183\n|switch|p2a: Dondozo|Dondozo, M|100\/100\n|move|p1a: Landorus|Stone Edge|p2a: Dondozo\n|-damage|p2a: Dondozo|84\/100\n|\n|upkeep\n|turn|2\n|\n|t:|1699875195\n|switch|p1a: Toxapex|Toxapex, F|100\/100\n|move|p2a: Dondozo|Liquidation|p1a: Toxapex\n|-resisted|p1a: Toxapex\n|-damage|p1a: Toxapex|89\/100\n|\n|upkeep\n|turn|3\n|\n|t:|1699875202\n|switch|p2a: Blissey|Blissey, F|100\/100\n|move|p1a: Toxapex|Infestation|p2a: Blissey\n|-damage|p2a: Blissey|99\/100\n|-activate|p2a: Blissey|move: Infestation|[of] p1a: Toxapex\n|\n|-damage|p2a: Blissey|86\/100|[from] move: Infestation|[partiallytrapped]\n|upkeep\n|turn|4\n|\n|t:|1699875207\n|move|p2a: Blissey|Stealth Rock|p1a: Toxapex\n|-sidestart|p1: Originxpulse|move: Stealth Rock\n|move|p1a: Toxapex|Acid Spray|p2a: Blissey\n|-damage|p2a: Blissey|82\/100\n|-unboost|p2a: Blissey|spd|2\n|\n|-damage|p2a: Blissey|69\/100|[from] move: Infestation|[partiallytrapped]\n|upkeep\n|turn|5\n|\n|t:|1699875219\n|move|p2a: Blissey|Seismic Toss|p1a: Toxapex\n|-damage|p1a: Toxapex|56\/100\n|move|p1a: Toxapex|Acid Spray|p2a: Blissey\n|-damage|p2a: Blissey|60\/100\n|-unboost|p2a: Blissey|spd|2\n|\n|-damage|p2a: Blissey|48\/100|[from] move: Infestation|[partiallytrapped]\n|upkeep\n|turn|6\n|\n|t:|1699875224\n|move|p2a: Blissey|Soft-Boiled|p2a: Blissey\n|-heal|p2a: Blissey|98\/100\n|move|p1a: Toxapex|Sludge Bomb|p2a: Blissey\n|-damage|p2a: Blissey|63\/100\n|\n|-damage|p2a: Blissey|50\/100|[from] move: Infestation|[partiallytrapped]\n|upkeep\n|turn|7\n|\n|t:|1699875235\n|move|p2a: Blissey|Seismic Toss|p1a: Toxapex\n|-damage|p1a: Toxapex|23\/100\n|move|p1a: Toxapex|Sludge Bomb|p2a: Blissey\n|-damage|p2a: Blissey|20\/100\n|\n|-damage|p2a: Blissey|8\/100|[from] move: Infestation|[partiallytrapped]\n|upkeep\n|turn|8\n|\n|t:|1699875238\n|move|p2a: Blissey|Soft-Boiled|p2a: Blissey\n|-heal|p2a: Blissey|58\/100\n|move|p1a: Toxapex|Sludge Bomb|p2a: Blissey\n|-damage|p2a: Blissey|27\/100\n|\n|-end|p2a: Blissey|Infestation|[partiallytrapped]\n|upkeep\n|turn|9\n|\n|t:|1699875244\n|move|p2a: Blissey|Seismic Toss|p1a: Toxapex\n|-damage|p1a: Toxapex|0 fnt\n|faint|p1a: Toxapex\n|\n|upkeep\n|\n|t:|1699875251\n|switch|p1a: Greninja|Greninja, M|100\/100\n|-damage|p1a: Greninja|88\/100|[from] Stealth Rock\n|turn|10\n|\n|t:|1699875257\n|switch|p2a: Mandibuzz|Mandibuzz, F|100\/100\n|-terastallize|p1a: Greninja|Water\n|move|p1a: Greninja|Hydro Pump|p2a: Mandibuzz\n|-damage|p2a: Mandibuzz|23\/100\n|-damage|p1a: Greninja|78\/100|[from] item: Life Orb\n|\n|upkeep\n|turn|11\n|\n|t:|1699875266\n|move|p1a: Greninja|Ice Beam|p2a: Mandibuzz\n|-supereffective|p2a: Mandibuzz\n|-damage|p2a: Mandibuzz|0 fnt\n|faint|p2a: Mandibuzz\n|-ability|p1a: Greninja|Battle Bond|boost\n|-boost|p1a: Greninja|atk|1\n|-boost|p1a: Greninja|spa|1\n|-boost|p1a: Greninja|spe|1\n|-activate|p1a: Greninja|ability: Battle Bond\n|-damage|p1a: Greninja|69\/100|[from] item: Life Orb\n|\n|upkeep\n|\n|t:|1699875274\n|switch|p2a: Ceruledge|Ceruledge, M|100\/100\n|turn|12\n|\n|t:|1699875277\n|move|p1a: Greninja|Ice Beam|p2a: Ceruledge\n|-resisted|p2a: Ceruledge\n|-damage|p2a: Ceruledge|72\/100\n|-status|p2a: Ceruledge|frz\n|-damage|p1a: Greninja|59\/100|[from] item: Life Orb\n|cant|p2a: Ceruledge|frz\n|\n|upkeep\n|turn|13\n|c|\u2606Jaime Francias|...\n|\n|t:|1699875286\n|move|p1a: Greninja|Dark Pulse|p2a: Ceruledge\n|-supereffective|p2a: Ceruledge\n|-damage|p2a: Ceruledge|0 fnt\n|faint|p2a: Ceruledge\n|-damage|p1a: Greninja|49\/100|[from] item: Life Orb\n|\n|upkeep\n|\n|t:|1699875290\n|switch|p2a: Enamorus|Enamorus, F|100\/100\n|turn|14\n|\n|t:|1699875294\n|move|p1a: Greninja|Grass Knot|p2a: Enamorus\n|-resisted|p2a: Enamorus\n|-damage|p2a: Enamorus|78\/100\n|-damage|p1a: Greninja|39\/100|[from] item: Life Orb\n|move|p2a: Enamorus|Moonblast|p1a: Greninja\n|-damage|p1a: Greninja|0 fnt\n|faint|p1a: Greninja\n|\n|upkeep\n|\n|t:|1699875299\n|switch|p1a: Landorus|Landorus-Therian, M|100\/100\n|-damage|p1a: Landorus|88\/100|[from] Stealth Rock\n|-ability|p1a: Landorus|Intimidate|boost\n|-boost|p2a: Enamorus|atk|1\n|turn|15\n|\n|t:|1699875303\n|move|p2a: Enamorus|Moonblast|p1a: Landorus\n|-damage|p1a: Landorus|19\/100\n|-unboost|p1a: Landorus|spa|1\n|move|p1a: Landorus|Stone Edge|p2a: Enamorus|[miss]\n|-miss|p1a: Landorus|p2a: Enamorus\n|\n|upkeep\n|turn|16\n|\n|t:|1699875306\n|move|p2a: Enamorus|Moonblast|p1a: Landorus\n|-damage|p1a: Landorus|0 fnt\n|faint|p1a: Landorus\n|\n|upkeep\n|\n|t:|1699875312\n|switch|p1a: Slowking|Slowking-Galar, F|100\/100\n|turn|17\n|\n|t:|1699875315\n|switch|p2a: Blissey|Blissey, F|27\/100\n|move|p1a: Slowking|Sludge Bomb|p2a: Blissey\n|-damage|p2a: Blissey|14\/100\n|\n|upkeep\n|turn|18\n|\n|t:|1699875328\n|move|p2a: Blissey|Soft-Boiled|p2a: Blissey\n|-heal|p2a: Blissey|64\/100\n|move|p1a: Slowking|Thunder Wave|p2a: Blissey\n|-status|p2a: Blissey|par\n|\n|upkeep\n|turn|19\n|\n|t:|1699875336\n|move|p2a: Blissey|Soft-Boiled|p2a: Blissey\n|-heal|p2a: Blissey|100\/100 par\n|move|p1a: Slowking|Sludge Bomb|p2a: Blissey\n|-damage|p2a: Blissey|87\/100 par\n|\n|upkeep\n|turn|20\n|\n|t:|1699875339\n|switch|p1a: Dragapult|Dragapult, F|100\/100\n|-damage|p1a: Dragapult|88\/100|[from] Stealth Rock\n|move|p2a: Blissey|Seismic Toss|p1a: Dragapult\n|-immune|p1a: Dragapult\n|\n|upkeep\n|turn|21\n|\n|t:|1699875343\n|switch|p1a: Slowking|Slowking-Galar, F|100\/100\n|move|p2a: Blissey|Shadow Ball|p1a: Slowking\n|-supereffective|p1a: Slowking\n|-damage|p1a: Slowking|78\/100\n|\n|upkeep\n|turn|22\n|\n|t:|1699875349\n|move|p2a: Blissey|Seismic Toss|p1a: Slowking\n|-damage|p1a: Slowking|52\/100\n|move|p1a: Slowking|Chilly Reception|p1a: Slowking\n|-weather|Snow\n|\n|t:|1699875351\n|switch|p1a: Dragapult|Dragapult, F|88\/100|[from] Chilly Reception\n|-damage|p1a: Dragapult|76\/100|[from] Stealth Rock\n|\n|-weather|Snow|[upkeep]\n|upkeep\n|turn|23\n|\n|t:|1699875354\n|move|p1a: Dragapult|U-turn|p2a: Blissey\n|-damage|p2a: Blissey|73\/100 par\n|\n|t:|1699875356\n|switch|p1a: Slowking|Slowking-Galar, F|86\/100|[from] U-turn\n|move|p2a: Blissey|Shadow Ball|p1a: Slowking\n|-supereffective|p1a: Slowking\n|-damage|p1a: Slowking|62\/100\n|\n|-weather|Snow|[upkeep]\n|upkeep\n|turn|24\n|\n|t:|1699875361\n|cant|p2a: Blissey|par\n|move|p1a: Slowking|Future Sight|p2a: Blissey\n|-start|p1a: Slowking|move: Future Sight\n|\n|-weather|Snow|[upkeep]\n|upkeep\n|turn|25\n|\n|t:|1699875367\n|cant|p2a: Blissey|par\n|move|p1a: Slowking|Chilly Reception|p1a: Slowking\n|\n|t:|1699875369\n|switch|p1a: Zamazenta|Zamazenta|100\/100|[from] Chilly Reception\n|-damage|p1a: Zamazenta|94\/100|[from] Stealth Rock\n|-ability|p1a: Zamazenta|Dauntless Shield|boost\n|-boost|p1a: Zamazenta|def|1\n|\n|-weather|Snow|[upkeep]\n|-heal|p1a: Zamazenta|100\/100|[from] item: Leftovers\n|upkeep\n|turn|26\n|\n|t:|1699875375\n|-curestatus|p2a: Blissey|par|[from] ability: Natural Cure\n|switch|p2a: Rillaboom|Rillaboom, M|100\/100\n|-fieldstart|move: Grassy Terrain|[from] ability: Grassy Surge|[of] p2a: Rillaboom\n|move|p1a: Zamazenta|Body Press|p2a: Rillaboom\n|-damage|p2a: Rillaboom|49\/100\n|\n|-weather|none\n|-end|p2a: Rillaboom|move: Future Sight\n|-damage|p2a: Rillaboom|0 fnt\n|faint|p2a: Rillaboom\n|upkeep\n|\n|t:|1699875381\n|switch|p2a: Dondozo|Dondozo, M|84\/100\n|turn|27\n|\n|t:|1699875386\n|switch|p1a: Slowking|Slowking-Galar, F|95\/100\n|move|p2a: Dondozo|Liquidation|p1a: Slowking\n|-damage|p1a: Slowking|73\/100\n|\n|-heal|p2a: Dondozo|90\/100|[from] Grassy Terrain\n|-heal|p1a: Slowking|79\/100|[from] Grassy Terrain\n|upkeep\n|turn|28\n|\n|t:|1699875395\n|move|p2a: Dondozo|Liquidation|p1a: Slowking\n|-damage|p1a: Slowking|58\/100\n|move|p1a: Slowking|Thunder Wave|p2a: Dondozo\n|-status|p2a: Dondozo|par\n|\n|-heal|p1a: Slowking|64\/100|[from] Grassy Terrain\n|-heal|p2a: Dondozo|96\/100 par|[from] Grassy Terrain\n|upkeep\n|turn|29\n|\n|t:|1699875398\n|move|p1a: Slowking|Future Sight|p2a: Dondozo\n|-start|p1a: Slowking|move: Future Sight\n|move|p2a: Dondozo|Liquidation|p1a: Slowking\n|-damage|p1a: Slowking|44\/100\n|\n|-heal|p1a: Slowking|50\/100|[from] Grassy Terrain\n|-heal|p2a: Dondozo|100\/100 par|[from] Grassy Terrain\n|upkeep\n|turn|30\n|\n|t:|1699875402\n|move|p1a: Slowking|Chilly Reception|p1a: Slowking\n|-weather|Snow\n|\n|t:|1699875404\n|switch|p1a: Dragapult|Dragapult, F|76\/100|[from] Chilly Reception\n|-damage|p1a: Dragapult|64\/100|[from] Stealth Rock\n|move|p2a: Dondozo|Liquidation|p1a: Dragapult\n|-resisted|p1a: Dragapult\n|-damage|p1a: Dragapult|44\/100\n|\n|-weather|Snow|[upkeep]\n|-heal|p1a: Dragapult|50\/100|[from] Grassy Terrain\n|-fieldend|move: Grassy Terrain\n|upkeep\n|turn|31\n|\n|t:|1699875408\n|switch|p2a: Blissey|Blissey, F|73\/100\n|move|p1a: Dragapult|Shadow Ball|p2a: Blissey\n|-immune|p2a: Blissey\n|\n|-weather|Snow|[upkeep]\n|-end|p2a: Blissey|move: Future Sight\n|-damage|p2a: Blissey|57\/100\n|upkeep\n|turn|32\n|\n|t:|1699875413\n|switch|p1a: Slowking|Slowking-Galar, F|84\/100\n|move|p2a: Blissey|Soft-Boiled|p2a: Blissey\n|-heal|p2a: Blissey|100\/100\n|\n|-weather|Snow|[upkeep]\n|upkeep\n|turn|33\n|\n|t:|1699875415\n|switch|p2a: Dondozo|Dondozo, M|100\/100 par\n|move|p1a: Slowking|Thunder Wave|p2a: Dondozo\n|-fail|p2a: Dondozo|par\n|\n|-weather|Snow|[upkeep]\n|upkeep\n|turn|34\n|\n|t:|1699875419\n|move|p1a: Slowking|Future Sight|p2a: Dondozo\n|-start|p1a: Slowking|move: Future Sight\n|cant|p2a: Dondozo|par\n|\n|-weather|none\n|upkeep\n|turn|35\n|\n|t:|1699875421\n|move|p1a: Slowking|Sludge Bomb|p2a: Dondozo\n|-damage|p2a: Dondozo|66\/100 par\n|cant|p2a: Dondozo|par\n|\n|upkeep\n|turn|36\n|\n|t:|1699875424\n|move|p1a: Slowking|Sludge Bomb|p2a: Dondozo\n|-crit|p2a: Dondozo\n|-damage|p2a: Dondozo|20\/100 par\n|cant|p2a: Dondozo|par\n|\n|-end|p2a: Dondozo|move: Future Sight\n|-damage|p2a: Dondozo|0 fnt\n|faint|p2a: Dondozo\n|upkeep\n|c|\u2606Jaime Francias|wow\n|c|\u2606Jaime Francias|wow\\\n|c|\u2606Jaime Francias|wow\n|c|\u2606Jaime Francias|what stupid luck\n|c|\u2606Jaime Francias|freeze\n|c|\u2606Jaime Francias|2 paras\n|c|\u2606Jaime Francias|more paras\n|c|\u2606Jaime Francias|shitty game\n|\n|t:|1699875450\n|switch|p2a: Enamorus|Enamorus, F|78\/100\n|turn|37\n|\n|t:|1699875454\n|move|p2a: Enamorus|Earth Power|p1a: Slowking\n|-supereffective|p1a: Slowking\n|-damage|p1a: Slowking|32\/100\n|-unboost|p1a: Slowking|spd|1\n|move|p1a: Slowking|Sludge Bomb|p2a: Enamorus\n|-supereffective|p2a: Enamorus\n|-damage|p2a: Enamorus|0 fnt\n|faint|p2a: Enamorus\n|\n|upkeep\n|\n|t:|1699875457\n|switch|p2a: Blissey|Blissey, F|100\/100\n|turn|38\n|\n|t:|1699875462\n|move|p2a: Blissey|Seismic Toss|p1a: Slowking\n|-damage|p1a: Slowking|7\/100\n|move|p1a: Slowking|Thunder Wave|p2a: Blissey\n|-status|p2a: Blissey|par\n|\n|upkeep\n|turn|39\n|\n|t:|1699875465\n|cant|p2a: Blissey|par\n|move|p1a: Slowking|Future Sight|p2a: Blissey\n|-start|p1a: Slowking|move: Future Sight\n|\n|upkeep\n|turn|40\n|\n|t:|1699875469\n|switch|p1a: Dragapult|Dragapult, F|50\/100\n|-damage|p1a: Dragapult|38\/100|[from] Stealth Rock\n|cant|p2a: Blissey|par\n|\n|upkeep\n|turn|41\n|c|\u2606Jaime Francias|ofc\n|c|\u2606Jaime Francias|another para\n|c|\u2606Jaime Francias|OFC\n|c|\u2606Jaime Francias|OFC\n|c|\u2606Jaime Francias|OFC\n|c|\u2606Jaime Francias|OFC\n|\n|t:|1699875478\n|move|p1a: Dragapult|Draco Meteor|p2a: Blissey\n|-damage|p2a: Blissey|68\/100 par\n|-unboost|p1a: Dragapult|spa|2\n|move|p2a: Blissey|Shadow Ball|p1a: Dragapult\n|-supereffective|p1a: Dragapult\n|-damage|p1a: Dragapult|2\/100\n|\n|-end|p2a: Blissey|move: Future Sight\n|-damage|p2a: Blissey|52\/100 par\n|upkeep\n|turn|42\n|\n|t:|1699875482\n|move|p1a: Dragapult|Draco Meteor|p2a: Blissey\n|-damage|p2a: Blissey|35\/100 par\n|-unboost|p1a: Dragapult|spa|2\n|move|p2a: Blissey|Soft-Boiled|p2a: Blissey\n|-heal|p2a: Blissey|85\/100 par\n|\n|upkeep\n|turn|43\n|\n|t:|1699875485\n|switch|p1a: Slowking|Slowking-Galar, F|40\/100\n|cant|p2a: Blissey|par\n|\n|upkeep\n|turn|44\n|c|\u2606Jaime Francias|yep\n|\n|t:|1699875491\n|switch|p1a: Dragapult|Dragapult, F|2\/100\n|-damage|p1a: Dragapult|0 fnt|[from] Stealth Rock\n|faint|p1a: Dragapult\n|cant|p2a: Blissey|par\n|\n|upkeep\n|\n|t:|1699875493\n|switch|p1a: Slowking|Slowking-Galar, F|74\/100\n|turn|45\n|\n|t:|1699875498\n|cant|p2a: Blissey|par\n|move|p1a: Slowking|Future Sight|p2a: Blissey\n|-start|p1a: Slowking|move: Future Sight\n|\n|upkeep\n|turn|46\n|inactive|Battle timer is ON: inactive players will automatically lose when time's up. (requested by Jaime Francias)\n|\n|t:|1699875545\n|move|p2a: Blissey|Seismic Toss|p1a: Slowking\n|-damage|p1a: Slowking|48\/100\n|move|p1a: Slowking|Future Sight||[still]\n|-fail|p1a: Slowking\n|\n|upkeep\n|turn|47\n|\n|t:|1699875552\n|cant|p2a: Blissey|par\n|move|p1a: Slowking|Chilly Reception|p1a: Slowking\n|-weather|Snow\n|\n|t:|1699875554\n|switch|p1a: Zamazenta|Zamazenta|100\/100|[from] Chilly Reception\n|-damage|p1a: Zamazenta|94\/100|[from] Stealth Rock\n|\n|-weather|Snow|[upkeep]\n|-end|p2a: Blissey|move: Future Sight\n|-crit|p2a: Blissey\n|-damage|p2a: Blissey|59\/100 par\n|-heal|p1a: Zamazenta|100\/100|[from] item: Leftovers\n|upkeep\n|turn|48\n|\n|t:|1699875562\n|move|p1a: Zamazenta|Iron Defense|p1a: Zamazenta\n|-boost|p1a: Zamazenta|def|2\n|move|p2a: Blissey|Soft-Boiled|p2a: Blissey\n|-heal|p2a: Blissey|100\/100 par\n|\n|-weather|Snow|[upkeep]\n|upkeep\n|turn|49\n|\n|t:|1699875564\n|move|p1a: Zamazenta|Iron Defense|p1a: Zamazenta\n|-boost|p1a: Zamazenta|def|2\n|cant|p2a: Blissey|par\n|\n|-weather|Snow|[upkeep]\n|upkeep\n|turn|50\n|\n|t:|1699875570\n|move|p1a: Zamazenta|Body Press|p2a: Blissey\n|-supereffective|p2a: Blissey\n|-damage|p2a: Blissey|0 fnt\n|faint|p2a: Blissey\n|\n|win|Originxpulse\n|raw|Originxpulse's rating: 1442 &rarr; <strong>1457<\/strong><br \/>(+15 for winning)\n|raw|Jaime Francias's rating: 1356 &rarr; <strong>1341<\/strong><br \/>(-15 for losing)\n|c|\u2606Jaime Francias|famn\n|c|\u2606Jaime Francias|shitties\n|c|\u2606Jaime Francias|luk of all time\n","uploadtime":1699875588,"views":9,"p1id":"originxpulse","p2id":"jaimefrancias","formatid":"gen9ou","rating":1341,"private":0,"password":""}