{"id":"gen9ou-1997244784","p1":"galvatron8","p2":"TY SM MY GUY","format":"[Gen 9] OU","log":"|j|\u2606galvatron8\n|j|\u2606TY SM MY GUY\n|t:|1700779787\n|gametype|singles\n|player|p1|galvatron8|2|1225\n|player|p2|TY SM MY GUY|hoopster|1174\n|teamsize|p1|6\n|teamsize|p2|6\n|gen|9\n|tier|[Gen 9] OU\n|rated|\n|rule|Sleep Clause Mod: Limit one foe put to sleep\n|rule|Species Clause: Limit one of each Pok\u00e9mon\n|rule|OHKO Clause: OHKO moves are banned\n|rule|Evasion Items Clause: Evasion items are banned\n|rule|Evasion Moves Clause: Evasion moves are banned\n|rule|Endless Battle Clause: Forcing endless battles is banned\n|rule|HP Percentage Mod: HP is shown in percentages\n|clearpoke\n|poke|p1|Kingambit, M|\n|poke|p1|Dragapult, M|\n|poke|p1|Armarouge, F|\n|poke|p1|Great Tusk|\n|poke|p1|Landorus-Therian, M|\n|poke|p1|Ninetales-Alola, F|\n|poke|p2|Glimmora, F|\n|poke|p2|Great Tusk|\n|poke|p2|Hatterene, F|\n|poke|p2|Greninja-*, M|\n|poke|p2|Brambleghast, M|\n|poke|p2|Zoroark-Hisui, M|\n|teampreview\n|\n|t:|1700779804\n|start\n|switch|p1a: Dragapult|Dragapult, M|100\/100\n|switch|p2a: Glimmora|Glimmora, F, shiny|100\/100\n|turn|1\n|\n|t:|1700779809\n|move|p2a: Glimmora|Bitter Malice|p1a: Dragapult\n|-supereffective|p1a: Dragapult\n|-damage|p1a: Dragapult|0 fnt\n|faint|p1a: Dragapult\n|\n|upkeep\n|\n|t:|1700779814\n|switch|p1a: Ninetales|Ninetales-Alola, F|100\/100\n|-weather|Snow|[from] ability: Snow Warning|[of] p1a: Ninetales\n|turn|2\n|\n|t:|1700779818\n|switch|p2a: Hatterene|Hatterene, F, shiny|100\/100\n|move|p1a: Ninetales|Aurora Veil|p1a: Ninetales\n|-sidestart|p1: galvatron8|move: Aurora Veil\n|\n|-weather|Snow|[upkeep]\n|upkeep\n|turn|3\n|\n|t:|1700779841\n|switch|p1a: Armarouge|Armarouge, F|100\/100\n|move|p2a: Hatterene|Nuzzle|p1a: Armarouge\n|-damage|p1a: Armarouge|99\/100\n|-status|p1a: Armarouge|par\n|-ability|p1a: Armarouge|Weak Armor|boost\n|-unboost|p1a: Armarouge|def|1\n|-boost|p1a: Armarouge|spe|2\n|\n|-weather|Snow|[upkeep]\n|upkeep\n|turn|4\n|\n|t:|1700779854\n|switch|p2a: Brambleghast|Brambleghast, M, shiny|100\/100\n|cant|p1a: Armarouge|par\n|\n|-weather|Snow|[upkeep]\n|upkeep\n|turn|5\n|\n|t:|1700779861\n|move|p2a: Brambleghast|Rapid Spin|p1a: Armarouge\n|-damage|p1a: Armarouge|87\/100 par\n|-boost|p2a: Brambleghast|spe|1\n|-ability|p1a: Armarouge|Weak Armor|boost\n|-unboost|p1a: Armarouge|def|1\n|-boost|p1a: Armarouge|spe|2\n|move|p1a: Armarouge|Armor Cannon|p2a: Brambleghast\n|-supereffective|p2a: Brambleghast\n|-enditem|p2a: Brambleghast|Focus Sash\n|-damage|p2a: Brambleghast|1\/100\n|-unboost|p1a: Armarouge|def|1\n|-unboost|p1a: Armarouge|spd|1\n|\n|-weather|Snow|[upkeep]\n|upkeep\n|turn|6\n|\n|t:|1700779872\n|move|p2a: Brambleghast|Thief|p1a: Armarouge\n|-supereffective|p1a: Armarouge\n|-damage|p1a: Armarouge|43\/100 par\n|-ability|p1a: Armarouge|Weak Armor|boost\n|-unboost|p1a: Armarouge|def|1\n|-boost|p1a: Armarouge|spe|2\n|-enditem|p1a: Armarouge|Focus Sash|[silent]|[from] move: Thief|[of] p2a: Brambleghast\n|-item|p2a: Brambleghast|Focus Sash|[from] move: Thief|[of] p1a: Armarouge\n|move|p1a: Armarouge|Expanding Force|p2a: Brambleghast\n|-damage|p2a: Brambleghast|0 fnt\n|faint|p2a: Brambleghast\n|\n|-weather|none\n|upkeep\n|\n|t:|1700779887\n|switch|p2a: Greninja|Greninja, M|100\/100\n|turn|7\n|\n|t:|1700779896\n|move|p2a: Greninja|Water Shuriken|p1a: Armarouge\n|-supereffective|p1a: Armarouge\n|-damage|p1a: Armarouge|27\/100 par\n|-supereffective|p1a: Armarouge\n|-damage|p1a: Armarouge|13\/100 par\n|-hitcount|p1a: Armarouge|2\n|-damage|p2a: Greninja|91\/100|[from] item: Life Orb\n|cant|p1a: Armarouge|par\n|\n|upkeep\n|turn|8\n|\n|t:|1700779906\n|move|p2a: Greninja|Water Shuriken|p1a: Armarouge\n|-supereffective|p1a: Armarouge\n|-damage|p1a: Armarouge|0 fnt\n|faint|p1a: Armarouge\n|-ability|p2a: Greninja|Battle Bond|boost\n|-boost|p2a: Greninja|atk|1\n|-boost|p2a: Greninja|spa|1\n|-boost|p2a: Greninja|spe|1\n|-activate|p2a: Greninja|ability: Battle Bond\n|-hitcount|p1: Armarouge|1\n|-damage|p2a: Greninja|81\/100|[from] item: Life Orb\n|\n|upkeep\n|\n|t:|1700779919\n|switch|p1a: Ninetales|Ninetales-Alola, F|100\/100\n|-weather|Snow|[from] ability: Snow Warning|[of] p1a: Ninetales\n|turn|9\n|\n|t:|1700779925\n|switch|p2a: Hatterene|Hatterene, F, shiny|100\/100\n|move|p1a: Ninetales|Freeze-Dry|p2a: Hatterene\n|-damage|p2a: Hatterene|84\/100\n|-enditem|p2a: Hatterene|Eject Button\n|\n|t:|1700779931\n|switch|p2a: Glimmora|Glimmora, F, shiny|100\/100\n|\n|-weather|Snow|[upkeep]\n|-sideend|p1: galvatron8|move: Aurora Veil\n|upkeep\n|turn|10\n|\n|t:|1700779937\n|move|p2a: Glimmora|Trick|p1a: Ninetales\n|-activate|p2a: Glimmora|move: Trick|[of] p1a: Ninetales\n|-item|p1a: Ninetales|Choice Scarf|[from] move: Trick\n|-item|p2a: Glimmora|Light Clay|[from] move: Trick\n|move|p1a: Ninetales|Hypnosis|p2a: Glimmora|[miss]\n|-miss|p1a: Ninetales|p2a: Glimmora\n|\n|-weather|Snow|[upkeep]\n|upkeep\n|turn|11\n|\n|t:|1700779943\n|switch|p2a: Hatterene|Hatterene, F, shiny|84\/100\n|move|p1a: Ninetales|Hypnosis|p2a: Hatterene\n|move|p2a: Hatterene|Hypnosis|p1a: Ninetales|[from]ability: Magic Bounce\n|-status|p1a: Ninetales|slp|[from] move: Hypnosis\n|\n|-weather|Snow|[upkeep]\n|upkeep\n|turn|12\n|-message|galvatron8 forfeited.\n|\n|win|TY SM MY GUY\n|raw|galvatron8's rating: 1225 &rarr; <strong>1196<\/strong><br \/>(-29 for losing)\n|raw|TY SM MY GUY's rating: 1174 &rarr; <strong>1203<\/strong><br \/>(+29 for winning)\n|l|\u2606galvatron8\n","uploadtime":1700779957,"views":14,"p1id":"galvatron8","p2id":"tysmmyguy","formatid":"gen9ou","rating":1196,"private":0,"password":""}