{"id":"gen9ou-1996496107","p1":"click x senpai","p2":"Msergio123","format":"[Gen 9] OU","log":"|j|\u2606click x senpai\n|j|\u2606Msergio123\n|t:|1700687653\n|gametype|singles\n|player|p1|click x senpai|volo|1150\n|player|p2|Msergio123|ghetsis|1075\n|teamsize|p1|6\n|teamsize|p2|6\n|gen|9\n|tier|[Gen 9] OU\n|rated|\n|rule|Sleep Clause Mod: Limit one foe put to sleep\n|rule|Species Clause: Limit one of each Pok\u00e9mon\n|rule|OHKO Clause: OHKO moves are banned\n|rule|Evasion Items Clause: Evasion items are banned\n|rule|Evasion Moves Clause: Evasion moves are banned\n|rule|Endless Battle Clause: Forcing endless battles is banned\n|rule|HP Percentage Mod: HP is shown in percentages\n|clearpoke\n|poke|p1|Grimmsnarl, M|\n|poke|p1|Ursaluna, F|\n|poke|p1|Slowbro-Galar, M|\n|poke|p1|Iron Hands|\n|poke|p1|Kingambit, F|\n|poke|p1|Enamorus-Therian, F|\n|poke|p2|Bisharp, M|\n|poke|p2|Pelipper, F|\n|poke|p2|Quaquaval, F|\n|poke|p2|Barraskewda, F|\n|poke|p2|Polteageist-Antique|\n|poke|p2|Mudsdale, M|\n|teampreview\n|\n|t:|1700687676\n|start\n|switch|p1a: Grimmsnarl|Grimmsnarl, M|100\/100\n|switch|p2a: Mudsdale|Mudsdale, M, shiny|100\/100\n|-item|p2a: Mudsdale|Air Balloon\n|turn|1\n|\n|t:|1700687687\n|move|p1a: Grimmsnarl|Taunt|p2a: Mudsdale\n|-start|p2a: Mudsdale|move: Taunt\n|move|p2a: Mudsdale|Body Slam|p1a: Grimmsnarl\n|-damage|p1a: Grimmsnarl|77\/100\n|-status|p1a: Grimmsnarl|par\n|\n|upkeep\n|turn|2\n|\n|t:|1700687702\n|move|p1a: Grimmsnarl|Reflect|p1a: Grimmsnarl\n|-sidestart|p1: click x senpai|Reflect\n|move|p2a: Mudsdale|Earthquake|p1a: Grimmsnarl\n|-damage|p1a: Grimmsnarl|53\/100 par\n|\n|upkeep\n|turn|3\n|\n|t:|1700687718\n|switch|p1a: Enamorus|Enamorus-Therian, F|100\/100\n|move|p2a: Mudsdale|Body Slam|p1a: Enamorus\n|-damage|p1a: Enamorus|86\/100\n|\n|-end|p2a: Mudsdale|move: Taunt\n|upkeep\n|turn|4\n|\n|t:|1700687733\n|move|p1a: Enamorus|Calm Mind|p1a: Enamorus\n|-boost|p1a: Enamorus|spa|1\n|-boost|p1a: Enamorus|spd|1\n|move|p2a: Mudsdale|Body Slam|p1a: Enamorus\n|-damage|p1a: Enamorus|71\/100\n|-status|p1a: Enamorus|par\n|\n|upkeep\n|turn|5\n|inactive|Battle timer is ON: inactive players will automatically lose when time's up. (requested by click x senpai)\n|-activate|p1a: Enamorus|item: Quick Claw\n|\n|t:|1700687749\n|switch|p2a: Bisharp|Bisharp, M, shiny|100\/100\n|move|p1a: Enamorus|Moonblast|p2a: Bisharp\n|-damage|p2a: Bisharp|0 fnt\n|faint|p2a: Bisharp\n|\n|upkeep\n|\n|t:|1700687757\n|switch|p2a: Pelipper|Pelipper, F, shiny|100\/100\n|-weather|RainDance|[from] ability: Drizzle|[of] p2a: Pelipper\n|turn|6\n|-activate|p1a: Enamorus|item: Quick Claw\n|\n|t:|1700687761\n|move|p1a: Enamorus|Moonblast|p2a: Pelipper\n|-damage|p2a: Pelipper|0 fnt\n|faint|p2a: Pelipper\n|\n|-weather|RainDance|[upkeep]\n|upkeep\n|\n|t:|1700687767\n|switch|p2a: Barraskewda|Barraskewda, F, shiny|100\/100\n|turn|7\n|-activate|p1a: Enamorus|item: Quick Claw\n|\n|t:|1700687771\n|cant|p1a: Enamorus|par\n|move|p2a: Barraskewda|Poison Jab|p1a: Enamorus\n|-supereffective|p1a: Enamorus\n|-damage|p1a: Enamorus|45\/100 par\n|\n|-weather|RainDance|[upkeep]\n|upkeep\n|turn|8\n|\n|t:|1700687778\n|move|p2a: Barraskewda|Liquidation|p1a: Enamorus\n|-damage|p1a: Enamorus|9\/100 par\n|move|p1a: Enamorus|Moonblast|p2a: Barraskewda\n|-damage|p2a: Barraskewda|0 fnt\n|faint|p2a: Barraskewda\n|\n|-weather|RainDance|[upkeep]\n|upkeep\n|-message|Msergio123 forfeited.\n|\n|win|click x senpai\n|raw|click x senpai's rating: 1150 &rarr; <strong>1170<\/strong><br \/>(+20 for winning)\n|raw|Msergio123's rating: 1075 &rarr; <strong>1058<\/strong><br \/>(-17 for losing)\n|l|\u2606Msergio123\n","uploadtime":1700687792,"views":3,"p1id":"clickxsenpai","p2id":"msergio123","formatid":"gen9ou","rating":1058,"private":0,"password":""}