{"id":"gen9ou-1988558230","p1":"yayou","p2":"Skoomabangbang","format":"[Gen 9] OU","log":"|j|\u2606yayou\n|j|\u2606Skoomabangbang\n|t:|1699735942\n|gametype|singles\n|player|p1|yayou|volkner|\n|player|p2|Skoomabangbang|shadowtriad|\n|teamsize|p1|6\n|teamsize|p2|6\n|gen|9\n|tier|[Gen 9] OU\n|rule|Sleep Clause Mod: Limit one foe put to sleep\n|rule|Species Clause: Limit one of each Pok\u00e9mon\n|rule|OHKO Clause: OHKO moves are banned\n|rule|Evasion Items Clause: Evasion items are banned\n|rule|Evasion Moves Clause: Evasion moves are banned\n|rule|Endless Battle Clause: Forcing endless battles is banned\n|rule|HP Percentage Mod: HP is shown in percentages\n|clearpoke\n|poke|p1|Rotom-Wash|\n|poke|p1|Slowking, F|\n|poke|p1|Ogerpon-Wellspring, F|\n|poke|p1|Manaphy|\n|poke|p1|Azumarill, F|\n|poke|p1|Toxapex, F|\n|poke|p2|Torkoal, M|\n|poke|p2|Ceruledge, M|\n|poke|p2|Scovillain, F|\n|poke|p2|Volcanion|\n|poke|p2|Charizard, M|\n|poke|p2|Cinderace, M|\n|teampreview\n|\n|t:|1699735956\n|start\n|switch|p1a: Toxapex|Toxapex, F|100\/100\n|switch|p2a: Tortue G\u00e9nial|Torkoal, M|100\/100\n|-weather|SunnyDay|[from] ability: Drought|[of] p2a: Tortue G\u00e9nial\n|turn|1\n|\n|t:|1699735971\n|move|p1a: Toxapex|Toxic|p2a: Tortue G\u00e9nial\n|-status|p2a: Tortue G\u00e9nial|tox\n|move|p2a: Tortue G\u00e9nial|Lava Plume|p1a: Toxapex\n|-resisted|p1a: Toxapex\n|-damage|p1a: Toxapex|87\/100\n|\n|-weather|SunnyDay|[upkeep]\n|-heal|p1a: Toxapex|93\/100|[from] item: Black Sludge\n|-damage|p2a: Tortue G\u00e9nial|94\/100 tox|[from] psn\n|upkeep\n|turn|2\n|\n|t:|1699735983\n|move|p1a: Toxapex|Hex|p2a: Tortue G\u00e9nial\n|-damage|p2a: Tortue G\u00e9nial|71\/100 tox\n|move|p2a: Tortue G\u00e9nial|Stealth Rock|p1a: Toxapex\n|-sidestart|p1: yayou|move: Stealth Rock\n|\n|-weather|SunnyDay|[upkeep]\n|-heal|p1a: Toxapex|99\/100|[from] item: Black Sludge\n|-damage|p2a: Tortue G\u00e9nial|59\/100 tox|[from] psn\n|upkeep\n|turn|3\n|\n|t:|1699735999\n|switch|p2a: Tanjiro|Volcanion|100\/100\n|move|p1a: Toxapex|Hex|p2a: Tanjiro\n|-damage|p2a: Tanjiro|96\/100\n|\n|-weather|SunnyDay|[upkeep]\n|-heal|p1a: Toxapex|100\/100|[from] item: Black Sludge\n|upkeep\n|turn|4\n|\n|t:|1699736015\n|move|p2a: Tanjiro|Earth Power|p1a: Toxapex\n|-supereffective|p1a: Toxapex\n|-damage|p1a: Toxapex|66\/100\n|move|p1a: Toxapex|Toxic|p2a: Tanjiro\n|-status|p2a: Tanjiro|tox\n|\n|-weather|SunnyDay|[upkeep]\n|-heal|p1a: Toxapex|72\/100|[from] item: Black Sludge\n|-damage|p2a: Tanjiro|90\/100 tox|[from] psn\n|upkeep\n|turn|5\n|\n|t:|1699736034\n|switch|p1a: Rotom|Rotom-Wash|100\/100\n|-damage|p1a: Rotom|88\/100|[from] Stealth Rock\n|move|p2a: Tanjiro|Earth Power|p1a: Rotom\n|-immune|p1a: Rotom|[from] ability: Levitate\n|\n|-weather|SunnyDay|[upkeep]\n|-damage|p2a: Tanjiro|78\/100 tox|[from] psn\n|upkeep\n|turn|6\n|\n|t:|1699736052\n|move|p1a: Rotom|Volt Switch|p2a: Tanjiro\n|-supereffective|p2a: Tanjiro\n|-damage|p2a: Tanjiro|41\/100 tox\n|\n|t:|1699736058\n|switch|p1a: Toxapex|Toxapex, F|100\/100|[from] Volt Switch\n|-damage|p1a: Toxapex|88\/100|[from] Stealth Rock\n|move|p2a: Tanjiro|Solar Beam||[still]\n|-prepare|p2a: Tanjiro|Solar Beam\n|-anim|p2a: Tanjiro|Solar Beam|p1a: Toxapex\n|-damage|p1a: Toxapex|63\/100\n|\n|-weather|SunnyDay|[upkeep]\n|-heal|p1a: Toxapex|70\/100|[from] item: Black Sludge\n|-damage|p2a: Tanjiro|23\/100 tox|[from] psn\n|upkeep\n|turn|7\n|\n|t:|1699736094\n|switch|p2a: Dragnir|Charizard, M, shiny|100\/100\n|switch|p1a: Slowking|Slowking, F|100\/100\n|-damage|p1a: Slowking|88\/100|[from] Stealth Rock\n|\n|-weather|SunnyDay|[upkeep]\n|-damage|p2a: Dragnir|88\/100|[from] ability: Solar Power|[of] p2a: Dragnir\n|upkeep\n|turn|8\n|\n|t:|1699736108\n|move|p2a: Dragnir|Solar Beam||[still]\n|-prepare|p2a: Dragnir|Solar Beam\n|-anim|p2a: Dragnir|Solar Beam|p1a: Slowking\n|-supereffective|p1a: Slowking\n|-damage|p1a: Slowking|33\/100\n|move|p1a: Slowking|Future Sight|p2a: Dragnir\n|-start|p1a: Slowking|move: Future Sight\n|\n|-weather|none\n|upkeep\n|turn|9\n|\n|t:|1699736119\n|switch|p2a: Tortue G\u00e9nial|Torkoal, M|59\/100 tox\n|-weather|SunnyDay|[from] ability: Drought|[of] p2a: Tortue G\u00e9nial\n|switch|p1a: Rotom|Rotom-Wash|88\/100\n|-damage|p1a: Rotom|76\/100|[from] Stealth Rock\n|\n|-weather|SunnyDay|[upkeep]\n|-damage|p2a: Tortue G\u00e9nial|53\/100 tox|[from] psn\n|upkeep\n|turn|10\n|\n|t:|1699736135\n|move|p1a: Rotom|Hex|p2a: Tortue G\u00e9nial\n|-damage|p2a: Tortue G\u00e9nial|3\/100 tox\n|move|p2a: Tortue G\u00e9nial|Lava Plume|p1a: Rotom\n|-resisted|p1a: Rotom\n|-damage|p1a: Rotom|53\/100\n|\n|-weather|SunnyDay|[upkeep]\n|-end|p2a: Tortue G\u00e9nial|move: Future Sight\n|-damage|p2a: Tortue G\u00e9nial|0 fnt\n|faint|p2a: Tortue G\u00e9nial\n|upkeep\n|\n|t:|1699736151\n|switch|p2a: Pero\u00f1a|Scovillain, F|100\/100\n|turn|11\n|\n|t:|1699736156\n|switch|p1a: Azumarill|Azumarill, F|100\/100\n|-damage|p1a: Azumarill|88\/100|[from] Stealth Rock\n|move|p2a: Pero\u00f1a|Solar Beam||[still]\n|-prepare|p2a: Pero\u00f1a|Solar Beam\n|-anim|p2a: Pero\u00f1a|Solar Beam|p1a: Azumarill\n|-ability|p1a: Azumarill|Sap Sipper|boost\n|-boost|p1a: Azumarill|atk|1\n|\n|-weather|SunnyDay|[upkeep]\n|-heal|p1a: Azumarill|94\/100|[from] item: Leftovers\n|upkeep\n|turn|12\n|\n|t:|1699736172\n|move|p2a: Pero\u00f1a|Solar Beam||[still]\n|-prepare|p2a: Pero\u00f1a|Solar Beam\n|-anim|p2a: Pero\u00f1a|Solar Beam|p1a: Azumarill\n|-ability|p1a: Azumarill|Sap Sipper|boost\n|-boost|p1a: Azumarill|atk|1\n|move|p1a: Azumarill|Knock Off|p2a: Pero\u00f1a\n|-damage|p2a: Pero\u00f1a|31\/100\n|-enditem|p2a: Pero\u00f1a|Life Orb|[from] move: Knock Off|[of] p1a: Azumarill\n|\n|-weather|SunnyDay|[upkeep]\n|-heal|p1a: Azumarill|100\/100|[from] item: Leftovers\n|upkeep\n|turn|13\n|\n|t:|1699736203\n|move|p2a: Pero\u00f1a|Tera Blast|p1a: Azumarill\n|-damage|p1a: Azumarill|74\/100\n|move|p1a: Azumarill|Knock Off|p2a: Pero\u00f1a\n|-damage|p2a: Pero\u00f1a|0 fnt\n|faint|p2a: Pero\u00f1a\n|\n|-weather|SunnyDay|[upkeep]\n|-heal|p1a: Azumarill|80\/100|[from] item: Leftovers\n|upkeep\n|\n|t:|1699736220\n|switch|p2a: Ryuma|Ceruledge, M, shiny|100\/100\n|turn|14\n|\n|t:|1699736234\n|switch|p1a: Toxapex|Toxapex, F|100\/100\n|-damage|p1a: Toxapex|88\/100|[from] Stealth Rock\n|-terastallize|p2a: Ryuma|Dragon\n|move|p2a: Ryuma|Bulk Up|p2a: Ryuma\n|-boost|p2a: Ryuma|atk|1\n|-boost|p2a: Ryuma|def|1\n|\n|-weather|SunnyDay|[upkeep]\n|-heal|p1a: Toxapex|94\/100|[from] item: Black Sludge\n|upkeep\n|turn|15\n|\n|t:|1699736251\n|move|p2a: Ryuma|Bulk Up|p2a: Ryuma\n|-boost|p2a: Ryuma|atk|1\n|-boost|p2a: Ryuma|def|1\n|move|p1a: Toxapex|Toxic|p2a: Ryuma\n|-status|p2a: Ryuma|tox\n|\n|-weather|SunnyDay|[upkeep]\n|-heal|p1a: Toxapex|100\/100|[from] item: Black Sludge\n|-damage|p2a: Ryuma|95\/100 tox|[from] psn\n|upkeep\n|turn|16\n|\n|t:|1699736263\n|move|p2a: Ryuma|Tera Blast|p1a: Toxapex|[anim] Tera Blast Dragon\n|-damage|p1a: Toxapex|40\/100\n|move|p1a: Toxapex|Chilling Water|p2a: Ryuma\n|-resisted|p2a: Ryuma\n|-damage|p2a: Ryuma|92\/100 tox\n|-unboost|p2a: Ryuma|atk|1\n|\n|-weather|none\n|-heal|p2a: Ryuma|98\/100 tox|[from] item: Leftovers\n|-heal|p1a: Toxapex|46\/100|[from] item: Black Sludge\n|-damage|p2a: Ryuma|86\/100 tox|[from] psn\n|upkeep\n|turn|17\n|\n|t:|1699736279\n|switch|p1a: Slowking|Slowking, F|66\/100\n|-damage|p1a: Slowking|54\/100|[from] Stealth Rock\n|move|p2a: Ryuma|Tera Blast|p1a: Slowking|[anim] Tera Blast Dragon\n|-damage|p1a: Slowking|0 fnt\n|faint|p1a: Slowking\n|\n|-heal|p2a: Ryuma|92\/100 tox|[from] item: Leftovers\n|-damage|p2a: Ryuma|74\/100 tox|[from] psn\n|upkeep\n|\n|t:|1699736282\n|switch|p1a: Azumarill|Azumarill, F|80\/100\n|-damage|p1a: Azumarill|68\/100|[from] Stealth Rock\n|turn|18\n|\n|t:|1699736301\n|move|p1a: Azumarill|Protect|p1a: Azumarill\n|-singleturn|p1a: Azumarill|Protect\n|move|p2a: Ryuma|Bitter Blade|p1a: Azumarill\n|-activate|p1a: Azumarill|move: Protect\n|\n|-heal|p2a: Ryuma|80\/100 tox|[from] item: Leftovers\n|-heal|p1a: Azumarill|74\/100|[from] item: Leftovers\n|-damage|p2a: Ryuma|56\/100 tox|[from] psn\n|upkeep\n|turn|19\n|\n|t:|1699736312\n|move|p2a: Ryuma|Bitter Blade|p1a: Azumarill\n|-resisted|p1a: Azumarill\n|-damage|p1a: Azumarill|37\/100\n|-heal|p2a: Ryuma|81\/100 tox|[from] drain|[of] p1a: Azumarill\n|move|p1a: Azumarill|Play Rough|p2a: Ryuma\n|-supereffective|p2a: Ryuma\n|-damage|p2a: Ryuma|48\/100 tox\n|-ability|p2a: Ryuma|Weak Armor|boost\n|-unboost|p2a: Ryuma|def|1\n|-boost|p2a: Ryuma|spe|2\n|\n|-heal|p2a: Ryuma|54\/100 tox|[from] item: Leftovers\n|-heal|p1a: Azumarill|43\/100|[from] item: Leftovers\n|-damage|p2a: Ryuma|24\/100 tox|[from] psn\n|upkeep\n|turn|20\n|\n|t:|1699736328\n|move|p1a: Azumarill|Protect|p1a: Azumarill\n|-singleturn|p1a: Azumarill|Protect\n|move|p2a: Ryuma|Shadow Sneak|p1a: Azumarill\n|-activate|p1a: Azumarill|move: Protect\n|\n|-heal|p2a: Ryuma|30\/100 tox|[from] item: Leftovers\n|-heal|p1a: Azumarill|49\/100|[from] item: Leftovers\n|-damage|p2a: Ryuma|0 fnt|[from] psn\n|faint|p2a: Ryuma\n|upkeep\n|\n|t:|1699736344\n|switch|p2a: Dragnir|Charizard, M, shiny|88\/100\n|turn|21\n|\n|t:|1699736364\n|move|p2a: Dragnir|Flamethrower|p1a: Azumarill\n|-resisted|p1a: Azumarill\n|-damage|p1a: Azumarill|27\/100\n|move|p1a: Azumarill|Knock Off|p2a: Dragnir\n|-damage|p2a: Dragnir|62\/100\n|-enditem|p2a: Dragnir|Choice Scarf|[from] move: Knock Off|[of] p1a: Azumarill\n|\n|-heal|p1a: Azumarill|33\/100|[from] item: Leftovers\n|upkeep\n|turn|22\n|\n|t:|1699736374\n|move|p1a: Azumarill|Protect|p1a: Azumarill\n|-singleturn|p1a: Azumarill|Protect\n|move|p2a: Dragnir|Flamethrower|p1a: Azumarill\n|-activate|p1a: Azumarill|move: Protect\n|\n|-heal|p1a: Azumarill|40\/100|[from] item: Leftovers\n|upkeep\n|turn|23\n|\n|t:|1699736383\n|switch|p1a: Rotom|Rotom-Wash|53\/100\n|-damage|p1a: Rotom|41\/100|[from] Stealth Rock\n|move|p2a: Dragnir|Flamethrower|p1a: Rotom\n|-resisted|p1a: Rotom\n|-damage|p1a: Rotom|11\/100\n|\n|upkeep\n|turn|24\n|\n|t:|1699736391\n|move|p1a: Rotom|Volt Switch|p2a: Dragnir\n|-supereffective|p2a: Dragnir\n|-damage|p2a: Dragnir|0 fnt\n|faint|p2a: Dragnir\n|\n|t:|1699736400\n|switch|p1a: Ogerpon|Ogerpon-Wellspring, F|100\/100|[from] Volt Switch\n|-damage|p1a: Ogerpon|88\/100|[from] Stealth Rock\n|\n|upkeep\n|\n|t:|1699736413\n|switch|p2a: Ace|Cinderace, M, shiny|100\/100\n|turn|25\n|\n|t:|1699736422\n|-terastallize|p1a: Ogerpon|Water\n|detailschange|p1a: Ogerpon|Ogerpon-Wellspring-Tera, F, tera:Water\n|-ability|p1a: Ogerpon|Embody Aspect (Wellspring)|boost\n|-boost|p1a: Ogerpon|spd|1\n|move|p2a: Ace|U-turn|p1a: Ogerpon\n|-start|p2a: Ace|typechange|Bug|[from] ability: Libero\n|-damage|p1a: Ogerpon|46\/100\n|\n|t:|1699736430\n|switch|p2a: Tanjiro|Volcanion|23\/100 tox|[from] U-turn\n|move|p1a: Ogerpon|Trailblaze|p2a: Tanjiro\n|-damage|p2a: Tanjiro|2\/100 tox\n|-boost|p1a: Ogerpon|spe|1\n|\n|-damage|p2a: Tanjiro|0 fnt|[from] psn\n|faint|p2a: Tanjiro\n|upkeep\n|\n|t:|1699736442\n|switch|p2a: Ace|Cinderace, M, shiny|100\/100\n|turn|26\n|\n|t:|1699736449\n|move|p2a: Ace|Sucker Punch|p1a: Ogerpon\n|-start|p2a: Ace|typechange|Dark|[from] ability: Libero\n|-damage|p1a: Ogerpon|3\/100\n|move|p1a: Ogerpon|Ivy Cudgel|p2a: Ace\n|-damage|p2a: Ace|0 fnt\n|faint|p2a: Ace\n|\n|win|yayou\n|l|\u2606Skoomabangbang\n","uploadtime":1699736462,"views":11,"p1id":"yayou","p2id":"skoomabangbang","formatid":"gen9ou","rating":0,"private":0,"password":""}