{"id":"gen9ou-1993154596","p1":"DYLAN32162","p2":"coolestcod123","format":"[Gen 9] OU","log":"|j|\u2606DYLAN32162\n|j|\u2606coolestcod123\n|t:|1700271380\n|gametype|singles\n|player|p1|DYLAN32162|265|1421\n|player|p2|coolestcod123|li|1487\n|teamsize|p1|6\n|teamsize|p2|6\n|gen|9\n|tier|[Gen 9] OU\n|rated|\n|rule|Sleep Clause Mod: Limit one foe put to sleep\n|rule|Species Clause: Limit one of each Pok\u00e9mon\n|rule|OHKO Clause: OHKO moves are banned\n|rule|Evasion Items Clause: Evasion items are banned\n|rule|Evasion Moves Clause: Evasion moves are banned\n|rule|Endless Battle Clause: Forcing endless battles is banned\n|rule|HP Percentage Mod: HP is shown in percentages\n|clearpoke\n|poke|p1|Gholdengo|\n|poke|p1|Pelipper, M|\n|poke|p1|Landorus-Therian, M|\n|poke|p1|Zamazenta-*|\n|poke|p1|Glimmora, M|\n|poke|p1|Kingambit, M|\n|poke|p2|Walking Wake|\n|poke|p2|Maushold-Four|\n|poke|p2|Dragonite, M|\n|poke|p2|Weezing-Galar, M|\n|poke|p2|Great Tusk|\n|poke|p2|Muk-Alola, M|\n|teampreview\n|inactive|Battle timer is ON: inactive players will automatically lose when time's up. (requested by coolestcod123)\n|inactive|coolestcod123 has 120 seconds left.\n|\n|t:|1700271419\n|start\n|switch|p1a: Pelipper|Pelipper, M|100\/100\n|switch|p2a: Walking Wake|Walking Wake|100\/100\n|-weather|RainDance|[from] ability: Drizzle|[of] p1a: Pelipper\n|turn|1\n|\n|t:|1700271428\n|move|p2a: Walking Wake|Draco Meteor|p1a: Pelipper\n|-damage|p1a: Pelipper|19\/100\n|-unboost|p2a: Walking Wake|spa|2\n|move|p1a: Pelipper|U-turn|p2a: Walking Wake\n|-damage|p2a: Walking Wake|91\/100\n|\n|t:|1700271434\n|switch|p1a: Kingambit|Kingambit, M|100\/100|[from] U-turn\n|\n|-weather|RainDance|[upkeep]\n|upkeep\n|turn|2\n|\n|t:|1700271443\n|-end|p2a: Walking Wake|Protosynthesis|[silent]\n|switch|p2a: Great Tusk|Great Tusk|100\/100\n|-end|p1a: Kingambit|fallenundefined|[silent]\n|switch|p1a: Landorus|Landorus-Therian, M|100\/100\n|-ability|p1a: Landorus|Intimidate|boost\n|-unboost|p2a: Great Tusk|atk|1\n|\n|-weather|RainDance|[upkeep]\n|upkeep\n|turn|3\n|\n|t:|1700271449\n|move|p1a: Landorus|Weather Ball|p2a: Great Tusk\n|-supereffective|p2a: Great Tusk\n|-damage|p2a: Great Tusk|0 fnt\n|faint|p2a: Great Tusk\n|-end|p2a: Great Tusk|Protosynthesis|[silent]\n|\n|-weather|RainDance|[upkeep]\n|upkeep\n|\n|t:|1700271453\n|switch|p2a: Walking Wake|Walking Wake|91\/100\n|turn|4\n|\n|t:|1700271463\n|switch|p1a: Gholdengo|Gholdengo|100\/100\n|-item|p1a: Gholdengo|Air Balloon\n|move|p2a: Walking Wake|Hydro Steam|p1a: Gholdengo\n|-damage|p1a: Gholdengo|60\/100\n|-enditem|p1a: Gholdengo|Air Balloon\n|\n|-weather|RainDance|[upkeep]\n|upkeep\n|turn|5\n|\n|t:|1700271466\n|move|p2a: Walking Wake|Hydro Steam|p1a: Gholdengo\n|-damage|p1a: Gholdengo|22\/100\n|move|p1a: Gholdengo|Shadow Ball|p2a: Walking Wake\n|-damage|p2a: Walking Wake|49\/100\n|\n|-weather|RainDance|[upkeep]\n|upkeep\n|turn|6\n|\n|t:|1700271471\n|move|p2a: Walking Wake|Hydro Steam|p1a: Gholdengo\n|-damage|p1a: Gholdengo|0 fnt\n|faint|p1a: Gholdengo\n|\n|-weather|RainDance|[upkeep]\n|upkeep\n|\n|t:|1700271477\n|switch|p1a: Kingambit|Kingambit, M|100\/100\n|-activate|p1a: Kingambit|ability: Supreme Overlord\n|-start|p1a: Kingambit|fallen1|[silent]\n|turn|7\n|\n|t:|1700271486\n|move|p2a: Walking Wake|Hydro Steam|p1a: Kingambit\n|-damage|p1a: Kingambit|45\/100\n|move|p1a: Kingambit|Iron Head|p2a: Walking Wake\n|-resisted|p2a: Walking Wake\n|-damage|p2a: Walking Wake|20\/100\n|\n|-weather|RainDance|[upkeep]\n|-heal|p1a: Kingambit|51\/100|[from] item: Leftovers\n|upkeep\n|turn|8\n|\n|t:|1700271512\n|move|p1a: Kingambit|Sucker Punch|p2a: Walking Wake\n|-damage|p2a: Walking Wake|0 fnt\n|faint|p2a: Walking Wake\n|-end|p2a: Walking Wake|Protosynthesis|[silent]\n|\n|-weather|none\n|-heal|p1a: Kingambit|58\/100|[from] item: Leftovers\n|upkeep\n|\n|t:|1700271514\n|switch|p2a: Weezing|Weezing-Galar, M|100\/100\n|turn|9\n|c|\u2606DYLAN32162|I THINK ITS GREAT YOU CANT TELL IF THT STUPID SHIT IS SPECS OR SCARF EVERYTHING DOES 1M DAMAGE\n|inactive|DYLAN32162 has 120 seconds left.\n|\n|t:|1700271545\n|move|p2a: Weezing|Overheat|p1a: Kingambit\n|-supereffective|p1a: Kingambit\n|-damage|p1a: Kingambit|0 fnt\n|-unboost|p2a: Weezing|spa|2\n|faint|p1a: Kingambit\n|-end|p1a: Kingambit|fallen1|[silent]\n|\n|upkeep\n|inactive|DYLAN32162 has 120 seconds left.\n|\n|t:|1700271560\n|switch|p1a: Pelipper|Pelipper, M|19\/100\n|-weather|RainDance|[from] ability: Drizzle|[of] p1a: Pelipper\n|turn|10\n|\n|t:|1700271565\n|switch|p2a: Muk|Muk-Alola, M|100\/100\n|move|p1a: Pelipper|Roost|p1a: Pelipper\n|-heal|p1a: Pelipper|69\/100\n|-singleturn|p1a: Pelipper|move: Roost\n|\n|-weather|RainDance|[upkeep]\n|upkeep\n|turn|11\n|\n|t:|1700271572\n|switch|p1a: Glimmora|Glimmora, M|100\/100\n|move|p2a: Muk|Poison Jab|p1a: Glimmora\n|-resisted|p1a: Glimmora\n|-damage|p1a: Glimmora|92\/100\n|-activate|p1a: Glimmora|ability: Toxic Debris\n|-sidestart|p2: coolestcod123|move: Toxic Spikes\n|\n|-weather|RainDance|[upkeep]\n|upkeep\n|turn|12\n|\n|t:|1700271579\n|move|p1a: Glimmora|Spikes|p2a: Muk\n|-sidestart|p2: coolestcod123|Spikes\n|move|p2a: Muk|Knock Off|p1a: Glimmora\n|-damage|p1a: Glimmora|53\/100\n|-activate|p1a: Glimmora|ability: Toxic Debris\n|-sidestart|p2: coolestcod123|move: Toxic Spikes\n|-enditem|p1a: Glimmora|Focus Sash|[from] move: Knock Off|[of] p2a: Muk\n|\n|-weather|RainDance|[upkeep]\n|upkeep\n|turn|13\n|\n|t:|1700271595\n|switch|p2a: Maushold|Maushold-Four|100\/100\n|-status|p2a: Maushold|tox\n|-damage|p2a: Maushold|88\/100 tox|[from] Spikes\n|move|p1a: Glimmora|Earth Power|p2a: Maushold\n|-damage|p2a: Maushold|44\/100 tox\n|-unboost|p2a: Maushold|spd|1\n|\n|-weather|RainDance|[upkeep]\n|-damage|p2a: Maushold|38\/100 tox|[from] psn\n|upkeep\n|turn|14\n|\n|t:|1700271606\n|move|p2a: Maushold|Tidy Up|p2a: Maushold\n|-sideend|p2: coolestcod123|Spikes\n|-sideend|p2: coolestcod123|Toxic Spikes\n|-activate|p2a: Maushold|move: Tidy Up\n|-boost|p2a: Maushold|atk|1\n|-boost|p2a: Maushold|spe|1\n|move|p1a: Glimmora|Spikes|p2a: Maushold\n|-sidestart|p2: coolestcod123|Spikes\n|\n|-weather|RainDance|[upkeep]\n|-damage|p2a: Maushold|26\/100 tox|[from] psn\n|upkeep\n|turn|15\n|\n|t:|1700271610\n|move|p2a: Maushold|Population Bomb|p1a: Glimmora\n|-resisted|p1a: Glimmora\n|-crit|p1a: Glimmora\n|-damage|p1a: Glimmora|39\/100\n|-activate|p1a: Glimmora|ability: Toxic Debris\n|-sidestart|p2: coolestcod123|move: Toxic Spikes\n|-resisted|p1a: Glimmora\n|-damage|p1a: Glimmora|29\/100\n|-activate|p1a: Glimmora|ability: Toxic Debris\n|-sidestart|p2: coolestcod123|move: Toxic Spikes\n|-resisted|p1a: Glimmora\n|-damage|p1a: Glimmora|20\/100\n|-resisted|p1a: Glimmora\n|-damage|p1a: Glimmora|10\/100\n|-resisted|p1a: Glimmora\n|-damage|p1a: Glimmora|0 fnt\n|faint|p1a: Glimmora\n|-hitcount|p1: Glimmora|5\n|\n|-weather|RainDance|[upkeep]\n|-damage|p2a: Maushold|7\/100 tox|[from] psn\n|upkeep\n|\n|t:|1700271619\n|switch|p1a: Zamazenta|Zamazenta|100\/100\n|-ability|p1a: Zamazenta|Dauntless Shield|boost\n|-boost|p1a: Zamazenta|def|1\n|turn|16\n|\n|t:|1700271632\n|move|p2a: Maushold|Population Bomb|p1a: Zamazenta\n|-damage|p1a: Zamazenta|89\/100\n|-damage|p1a: Zamazenta|80\/100\n|-damage|p1a: Zamazenta|70\/100\n|-damage|p1a: Zamazenta|59\/100\n|-damage|p1a: Zamazenta|48\/100\n|-damage|p1a: Zamazenta|38\/100\n|-damage|p1a: Zamazenta|28\/100\n|-damage|p1a: Zamazenta|18\/100\n|-damage|p1a: Zamazenta|7\/100\n|-damage|p1a: Zamazenta|0 fnt\n|faint|p1a: Zamazenta\n|-hitcount|p1: Zamazenta|10\n|\n|-weather|RainDance|[upkeep]\n|-damage|p2a: Maushold|0 fnt|[from] psn\n|faint|p2a: Maushold\n|upkeep\n|\n|t:|1700271639\n|switch|p1a: Landorus|Landorus-Therian, M|100\/100\n|switch|p2a: Muk|Muk-Alola, M|100\/100\n|-ability|p1a: Landorus|Intimidate|boost\n|-unboost|p2a: Muk|atk|1\n|-damage|p2a: Muk|88\/100|[from] Spikes\n|-sideend|p2: coolestcod123|move: Toxic Spikes|[of] p2a: Muk\n|turn|17\n|\n|t:|1700271642\n|move|p2a: Muk|Protect|p2a: Muk\n|-singleturn|p2a: Muk|Protect\n|move|p1a: Landorus|Sandsear Storm|p2a: Muk\n|-activate|p2a: Muk|move: Protect\n|\n|-weather|none\n|-heal|p2a: Muk|94\/100|[from] item: Black Sludge\n|upkeep\n|turn|18\n|\n|t:|1700271646\n|switch|p1a: Pelipper|Pelipper, M|69\/100\n|-weather|RainDance|[from] ability: Drizzle|[of] p1a: Pelipper\n|switch|p2a: Dragonite|Dragonite, M|100\/100\n|\n|-weather|RainDance|[upkeep]\n|upkeep\n|turn|19\n|\n|t:|1700271649\n|-terastallize|p2a: Dragonite|Normal\n|move|p2a: Dragonite|Extreme Speed|p1a: Pelipper\n|-crit|p1a: Pelipper\n|-damage|p1a: Pelipper|0 fnt\n|faint|p1a: Pelipper\n|\n|-weather|RainDance|[upkeep]\n|upkeep\n|c|\u2606DYLAN32162|LMAO WTF IS THAT\n|\n|t:|1700271660\n|switch|p1a: Landorus|Landorus-Therian, M|100\/100\n|-ability|p1a: Landorus|Intimidate|boost\n|-unboost|p2a: Dragonite|atk|1\n|turn|20\n|\n|t:|1700271664\n|move|p2a: Dragonite|Extreme Speed|p1a: Landorus\n|-damage|p1a: Landorus|47\/100\n|move|p1a: Landorus|Sandsear Storm|p2a: Dragonite\n|-damage|p2a: Dragonite|79\/100\n|\n|-weather|RainDance|[upkeep]\n|upkeep\n|turn|21\n|\n|t:|1700271669\n|move|p2a: Dragonite|Extreme Speed|p1a: Landorus\n|-damage|p1a: Landorus|0 fnt\n|faint|p1a: Landorus\n|\n|win|coolestcod123\n|raw|DYLAN32162's rating: 1421 &rarr; <strong>1405<\/strong><br \/>(-16 for losing)\n|raw|coolestcod123's rating: 1487 &rarr; <strong>1503<\/strong><br \/>(+16 for winning)\n","uploadtime":1700271540,"views":26,"p1id":"dylan32162","p2id":"coolestcod123","formatid":"gen9ou","rating":1405,"private":0,"password":""}