{"id":"gen9ou-1992093908","p1":"princepenguino","p2":"lucaless","format":"[Gen 9] OU","log":"|j|\u2606princepenguino\n|j|\u2606lucaless\n|t:|1700154562\n|gametype|singles\n|player|p1|princepenguino|steven|1127\n|player|p2|lucaless|101|1169\n|teamsize|p1|6\n|teamsize|p2|6\n|gen|9\n|tier|[Gen 9] OU\n|rated|\n|rule|Sleep Clause Mod: Limit one foe put to sleep\n|rule|Species Clause: Limit one of each Pok\u00e9mon\n|rule|OHKO Clause: OHKO moves are banned\n|rule|Evasion Items Clause: Evasion items are banned\n|rule|Evasion Moves Clause: Evasion moves are banned\n|rule|Endless Battle Clause: Forcing endless battles is banned\n|rule|HP Percentage Mod: HP is shown in percentages\n|clearpoke\n|poke|p1|Alomomola, F|\n|poke|p1|Slowking-Galar, F|\n|poke|p1|Kingambit, F|\n|poke|p1|Great Tusk|\n|poke|p1|Cinderace, F|\n|poke|p1|Thundurus-Therian, M|\n|poke|p2|Maushold-Four|\n|poke|p2|Moltres-Galar|\n|poke|p2|Glimmora, M|\n|poke|p2|Iron Valiant|\n|poke|p2|Gholdengo|\n|poke|p2|Iron Hands|\n|teampreview\n|inactive|Battle timer is ON: inactive players will automatically lose when time's up. (requested by lucaless)\n|inactive|princepenguino has 120 seconds left.\n|inactive|princepenguino has 90 seconds left.\n|\n|t:|1700154641\n|start\n|switch|p1a: Rizz|Thundurus-Therian, M|100\/100\n|switch|p2a: Gholdengo|Gholdengo|100\/100\n|turn|1\n|inactive|princepenguino has 120 seconds left.\n|\n|t:|1700154668\n|move|p1a: Rizz|Volt Switch|p2a: Gholdengo\n|-damage|p2a: Gholdengo|43\/100\n|\n|t:|1700154671\n|switch|p1a: Slay|Kingambit, F|100\/100|[from] Volt Switch\n|move|p2a: Gholdengo|Nasty Plot|p2a: Gholdengo\n|-boost|p2a: Gholdengo|spa|2\n|\n|-heal|p2a: Gholdengo|49\/100|[from] item: Leftovers\n|upkeep\n|turn|2\n|inactive|princepenguino has 120 seconds left.\n|\n|t:|1700154692\n|move|p2a: Gholdengo|Thunder Wave|p1a: Slay\n|-status|p1a: Slay|par\n|move|p1a: Slay|Kowtow Cleave|p2a: Gholdengo\n|-supereffective|p2a: Gholdengo\n|-damage|p2a: Gholdengo|0 fnt\n|faint|p2a: Gholdengo\n|\n|upkeep\n|\n|t:|1700154703\n|switch|p2a: Iron Hands|Iron Hands|100\/100\n|turn|3\n|\n|t:|1700154712\n|-end|p1a: Slay|fallenundefined|[silent]\n|switch|p1a: Bussin|Great Tusk|100\/100\n|move|p2a: Iron Hands|Substitute|p2a: Iron Hands\n|-start|p2a: Iron Hands|Substitute\n|-damage|p2a: Iron Hands|75\/100\n|\n|upkeep\n|turn|4\n|\n|t:|1700154726\n|-terastallize|p2a: Iron Hands|Fighting\n|move|p1a: Bussin|Headlong Rush|p2a: Iron Hands\n|-end|p2a: Iron Hands|Substitute\n|-unboost|p1a: Bussin|def|1\n|-unboost|p1a: Bussin|spd|1\n|move|p2a: Iron Hands|Swords Dance|p2a: Iron Hands\n|-boost|p2a: Iron Hands|atk|2\n|\n|upkeep\n|turn|5\n|inactive|princepenguino has 120 seconds left.\n|\n|t:|1700154745\n|-end|p1a: Bussin|Protosynthesis|[silent]\n|switch|p1a: Finna|Alomomola, F|100\/100\n|move|p2a: Iron Hands|Drain Punch|p1a: Finna\n|-damage|p1a: Finna|34\/100\n|-heal|p2a: Iron Hands|100\/100|[from] drain|[of] p1a: Finna\n|-enditem|p1a: Finna|Red Card|[of] p2a: Iron Hands\n|-end|p2a: Iron Hands|Quark Drive|[silent]\n|drag|p2a: Maushold|Maushold-Four|100\/100\n|\n|upkeep\n|turn|6\n|inactive|princepenguino has 120 seconds left.\n|\n|t:|1700154761\n|move|p2a: Maushold|Tidy Up|p2a: Maushold\n|-boost|p2a: Maushold|atk|1\n|-boost|p2a: Maushold|spe|1\n|move|p1a: Finna|Flip Turn|p2a: Maushold\n|-damage|p2a: Maushold|81\/100\n|\n|t:|1700154769\n|switch|p1a: Slay|Kingambit, F|100\/100 par|[from] Flip Turn\n|\n|upkeep\n|turn|7\n|inactive|princepenguino has 120 seconds left.\n|\n|t:|1700154783\n|move|p2a: Maushold|Population Bomb|p1a: Slay\n|-resisted|p1a: Slay\n|-damage|p1a: Slay|96\/100 par\n|-resisted|p1a: Slay\n|-damage|p1a: Slay|91\/100 par\n|-resisted|p1a: Slay\n|-damage|p1a: Slay|86\/100 par\n|-resisted|p1a: Slay\n|-damage|p1a: Slay|80\/100 par\n|-resisted|p1a: Slay\n|-damage|p1a: Slay|75\/100 par\n|-resisted|p1a: Slay\n|-damage|p1a: Slay|70\/100 par\n|-resisted|p1a: Slay\n|-damage|p1a: Slay|65\/100 par\n|-hitcount|p1a: Slay|7\n|move|p1a: Slay|Kowtow Cleave|p2a: Maushold\n|-damage|p2a: Maushold|21\/100\n|\n|-heal|p1a: Slay|71\/100 par|[from] item: Leftovers\n|upkeep\n|turn|8\n|inactive|princepenguino has 120 seconds left.\n|\n|t:|1700154801\n|switch|p2a: Iron Valiant|Iron Valiant|100\/100\n|move|p1a: Slay|Sucker Punch||[still]\n|-fail|p1a: Slay\n|\n|-heal|p1a: Slay|78\/100 par|[from] item: Leftovers\n|upkeep\n|turn|9\n|\n|t:|1700154813\n|-end|p1a: Slay|fallenundefined|[silent]\n|switch|p1a: Yas Queen|Slowking-Galar, F|100\/100\n|move|p2a: Iron Valiant|Aura Sphere|p1a: Yas Queen\n|-resisted|p1a: Yas Queen\n|-damage|p1a: Yas Queen|94\/100\n|\n|upkeep\n|turn|10\n|\n|t:|1700154824\n|-end|p2a: Iron Valiant|Quark Drive|[silent]\n|switch|p2a: Moltres|Moltres-Galar|100\/100\n|move|p1a: Yas Queen|Future Sight|p2a: Moltres\n|-start|p1a: Yas Queen|move: Future Sight\n|\n|upkeep\n|turn|11\n|\n|t:|1700154834\n|move|p2a: Moltres|Nasty Plot|p2a: Moltres\n|-boost|p2a: Moltres|spa|2\n|move|p1a: Yas Queen|Chilly Reception|p1a: Yas Queen\n|-weather|Snow\n|\n|t:|1700154842\n|switch|p1a: Rizz|Thundurus-Therian, M|100\/100|[from] Chilly Reception\n|\n|-weather|Snow|[upkeep]\n|upkeep\n|turn|12\n|inactive|princepenguino has 120 seconds left.\n|c|\u2606lucaless|why chilly reception if none of your mons is ice type\n|\n|t:|1700154857\n|move|p1a: Rizz|Volt Switch|p2a: Moltres\n|-supereffective|p2a: Moltres\n|-damage|p2a: Moltres|20\/100\n|-ability|p2a: Moltres|Berserk|boost\n|-boost|p2a: Moltres|spa|1\n|-enditem|p2a: Moltres|Sitrus Berry|[eat]\n|-heal|p2a: Moltres|45\/100|[from] item: Sitrus Berry\n|inactive|princepenguino has 120 seconds left.\n|\n|t:|1700154871\n|switch|p1a: W|Cinderace, F|100\/100|[from] Volt Switch\n|move|p2a: Moltres|Fiery Wrath|p1a: W\n|-damage|p1a: W|0 fnt\n|faint|p1a: W\n|\n|-weather|Snow|[upkeep]\n|-end|p2a: Moltres|move: Future Sight\n|-immune|p2a: Moltres\n|upkeep\n|\n|t:|1700154885\n|switch|p1a: Rizz|Thundurus-Therian, M|100\/100\n|turn|13\n|\n|t:|1700154889\n|move|p2a: Moltres|Sucker Punch|p1a: Rizz\n|-damage|p1a: Rizz|69\/100\n|move|p1a: Rizz|Volt Switch|p2a: Moltres\n|-supereffective|p2a: Moltres\n|-damage|p2a: Moltres|0 fnt\n|faint|p2a: Moltres\n|inactive|princepenguino has 120 seconds left.\n|\n|t:|1700154909\n|switch|p1a: Finna|Alomomola, F|68\/100|[from] Volt Switch\n|\n|-weather|Snow|[upkeep]\n|upkeep\n|\n|t:|1700154914\n|switch|p2a: Iron Hands|Iron Hands, tera:Fighting|100\/100\n|turn|14\n|inactive|princepenguino has 120 seconds left.\n|\n|t:|1700154924\n|switch|p1a: Bussin|Great Tusk|100\/100\n|move|p2a: Iron Hands|Substitute|p2a: Iron Hands\n|-start|p2a: Iron Hands|Substitute\n|-damage|p2a: Iron Hands|75\/100\n|\n|-weather|Snow|[upkeep]\n|upkeep\n|turn|15\n|inactive|princepenguino has 120 seconds left.\n|\n|t:|1700154941\n|move|p1a: Bussin|Stealth Rock|p2a: Iron Hands\n|-sidestart|p2: lucaless|move: Stealth Rock\n|move|p2a: Iron Hands|Drain Punch|p1a: Bussin\n|-damage|p1a: Bussin|63\/100\n|-heal|p2a: Iron Hands|89\/100|[from] drain|[of] p1a: Bussin\n|-damage|p2a: Iron Hands|72\/100|[from] item: Rocky Helmet|[of] p1a: Bussin\n|\n|-weather|none\n|upkeep\n|turn|16\n|inactive|princepenguino has 90 seconds left.\n|\n|t:|1700154979\n|-end|p1a: Bussin|Protosynthesis|[silent]\n|switch|p1a: Yas Queen|Slowking-Galar, F|100\/100\n|move|p2a: Iron Hands|Swords Dance|p2a: Iron Hands\n|-boost|p2a: Iron Hands|atk|2\n|\n|upkeep\n|turn|17\n|inactive|princepenguino has 90 seconds left.\n|\n|t:|1700154987\n|move|p2a: Iron Hands|Wild Charge|p1a: Yas Queen\n|-damage|p1a: Yas Queen|0 fnt\n|faint|p1a: Yas Queen\n|-damage|p2a: Iron Hands|53\/100|[from] Recoil\n|\n|upkeep\n|inactive|princepenguino has 90 seconds left.\n|\n|t:|1700155000\n|switch|p1a: Bussin|Great Tusk|63\/100\n|turn|18\n|inactive|princepenguino has 90 seconds left.\n|\n|t:|1700155006\n|move|p1a: Bussin|Headlong Rush|p2a: Iron Hands\n|-end|p2a: Iron Hands|Substitute\n|-unboost|p1a: Bussin|def|1\n|-unboost|p1a: Bussin|spd|1\n|move|p2a: Iron Hands|Drain Punch|p1a: Bussin\n|-damage|p1a: Bussin|0 fnt\n|-heal|p2a: Iron Hands|76\/100|[from] drain|[of] p1a: Bussin\n|-damage|p2a: Iron Hands|59\/100|[from] item: Rocky Helmet|[of] p1a: Bussin\n|faint|p1a: Bussin\n|-end|p1a: Bussin|Protosynthesis|[silent]\n|\n|upkeep\n|inactive|princepenguino has 90 seconds left.\n|\n|t:|1700155023\n|switch|p1a: Rizz|Thundurus-Therian, M|69\/100\n|turn|19\n|\n|t:|1700155031\n|-terastallize|p1a: Rizz|Flying\n|move|p1a: Rizz|Tera Blast|p2a: Iron Hands|[anim] Tera Blast Flying\n|-supereffective|p2a: Iron Hands\n|-damage|p2a: Iron Hands|0 fnt\n|faint|p2a: Iron Hands\n|-end|p2a: Iron Hands|Quark Drive|[silent]\n|\n|upkeep\n|\n|t:|1700155039\n|switch|p2a: Maushold|Maushold-Four|21\/100\n|-damage|p2a: Maushold|9\/100|[from] Stealth Rock\n|turn|20\n|\n|t:|1700155047\n|switch|p1a: Slay|Kingambit, F|78\/100 par\n|-activate|p1a: Slay|ability: Supreme Overlord\n|-start|p1a: Slay|fallen3|[silent]\n|move|p2a: Maushold|Population Bomb|p1a: Slay\n|-resisted|p1a: Slay\n|-damage|p1a: Slay|74\/100 par\n|-resisted|p1a: Slay\n|-crit|p1a: Slay\n|-damage|p1a: Slay|69\/100 par\n|-resisted|p1a: Slay\n|-damage|p1a: Slay|66\/100 par\n|-resisted|p1a: Slay\n|-damage|p1a: Slay|63\/100 par\n|-resisted|p1a: Slay\n|-damage|p1a: Slay|59\/100 par\n|-resisted|p1a: Slay\n|-damage|p1a: Slay|55\/100 par\n|-resisted|p1a: Slay\n|-damage|p1a: Slay|52\/100 par\n|-resisted|p1a: Slay\n|-damage|p1a: Slay|49\/100 par\n|-resisted|p1a: Slay\n|-damage|p1a: Slay|45\/100 par\n|-resisted|p1a: Slay\n|-damage|p1a: Slay|41\/100 par\n|-hitcount|p1a: Slay|10\n|\n|-heal|p1a: Slay|48\/100 par|[from] item: Leftovers\n|upkeep\n|turn|21\n|\n|t:|1700155060\n|move|p2a: Maushold|Tidy Up|p2a: Maushold\n|-sideend|p2: lucaless|Stealth Rock\n|-activate|p2a: Maushold|move: Tidy Up\n|-boost|p2a: Maushold|atk|1\n|-boost|p2a: Maushold|spe|1\n|move|p1a: Slay|Iron Head|p2a: Maushold\n|-damage|p2a: Maushold|0 fnt\n|faint|p2a: Maushold\n|\n|-heal|p1a: Slay|54\/100 par|[from] item: Leftovers\n|upkeep\n|\n|t:|1700155067\n|switch|p2a: Iron Valiant|Iron Valiant|100\/100\n|turn|22\n|inactive|princepenguino has 90 seconds left.\n|\n|t:|1700155111\n|move|p1a: Slay|Sucker Punch|p2a: Iron Valiant\n|-resisted|p2a: Iron Valiant\n|-damage|p2a: Iron Valiant|83\/100\n|move|p2a: Iron Valiant|Aura Sphere|p1a: Slay\n|-supereffective|p1a: Slay\n|-damage|p1a: Slay|0 fnt\n|faint|p1a: Slay\n|-end|p1a: Slay|fallen3|[silent]\n|\n|upkeep\n|\n|t:|1700155122\n|switch|p1a: Rizz|Thundurus-Therian, M, tera:Flying|69\/100\n|turn|23\n|\n|t:|1700155130\n|move|p2a: Iron Valiant|Moonblast|p1a: Rizz\n|-damage|p1a: Rizz|0 fnt\n|faint|p1a: Rizz\n|\n|upkeep\n|\n|t:|1700155135\n|switch|p1a: Finna|Alomomola, F|100\/100\n|turn|24\n|\n|t:|1700155140\n|move|p2a: Iron Valiant|Moonblast|p1a: Finna\n|-damage|p1a: Finna|55\/100\n|move|p1a: Finna|Acrobatics|p2a: Iron Valiant\n|-supereffective|p2a: Iron Valiant\n|-damage|p2a: Iron Valiant|31\/100\n|\n|upkeep\n|turn|25\n|c|\u2606lucaless|gg\n|inactive|princepenguino has 90 seconds left.\n|\n|t:|1700155148\n|move|p2a: Iron Valiant|Moonblast|p1a: Finna\n|-damage|p1a: Finna|8\/100\n|-unboost|p1a: Finna|spa|1\n|move|p1a: Finna|Acrobatics|p2a: Iron Valiant\n|-supereffective|p2a: Iron Valiant\n|-damage|p2a: Iron Valiant|0 fnt\n|faint|p2a: Iron Valiant\n|-end|p2a: Iron Valiant|Quark Drive|[silent]\n|\n|upkeep\n|\n|t:|1700155151\n|switch|p2a: Glimmora|Glimmora, M|100\/100\n|turn|26\n|\n|t:|1700155161\n|move|p2a: Glimmora|Sludge Bomb|p1a: Finna\n|-damage|p1a: Finna|0 fnt\n|faint|p1a: Finna\n|\n|win|lucaless\n|raw|princepenguino's rating: 1127 &rarr; <strong>1105<\/strong><br \/>(-22 for losing)\n|raw|lucaless's rating: 1169 &rarr; <strong>1191<\/strong><br \/>(+22 for winning)\n","uploadtime":1700155167,"views":12,"p1id":"princepenguino","p2id":"lucaless","formatid":"gen9ou","rating":1105,"private":0,"password":""}