{"id":"gen9ou-1996623038","p1":"Vivilia7982","p2":"idontwatchbaseball","format":"[Gen 9] OU","log":"|j|\u2606Vivilia7982\n|j|\u203didontwatchbaseball\n|t:|1700701832\n|gametype|singles\n|player|p1|Vivilia7982|backersf|1174\n|player|p2|idontwatchbaseball|265|1302\n|teamsize|p1|6\n|teamsize|p2|6\n|gen|9\n|tier|[Gen 9] OU\n|rated|\n|rule|Sleep Clause Mod: Limit one foe put to sleep\n|rule|Species Clause: Limit one of each Pok\u00e9mon\n|rule|OHKO Clause: OHKO moves are banned\n|rule|Evasion Items Clause: Evasion items are banned\n|rule|Evasion Moves Clause: Evasion moves are banned\n|rule|Endless Battle Clause: Forcing endless battles is banned\n|rule|HP Percentage Mod: HP is shown in percentages\n|clearpoke\n|poke|p1|Conkeldurr, M|\n|poke|p1|Iron Treads|\n|poke|p1|Dipplin, F|\n|poke|p1|Rotom-Wash|\n|poke|p1|Munkidori, M|\n|poke|p1|Salazzle, F|\n|poke|p2|Kingambit, F|\n|poke|p2|Glimmora, F|\n|poke|p2|Zamazenta-*|\n|poke|p2|Iron Valiant|\n|poke|p2|Iron Moth|\n|poke|p2|Ogerpon-Wellspring, F|\n|teampreview\n|inactive|Battle timer is ON: inactive players will automatically lose when time's up. (requested by idontwatchbaseball)\n|inactive|Vivilia7982 also wants the timer to be on.\n|\n|t:|1700701862\n|start\n|switch|p1a: Iron Treads|Iron Treads|100\/100\n|switch|p2a: Glimmora|Glimmora, F|100\/100\n|turn|1\n|\n|t:|1700701866\n|move|p1a: Iron Treads|Earthquake|p2a: Glimmora\n|-supereffective|p2a: Glimmora\n|-enditem|p2a: Glimmora|Focus Sash\n|-damage|p2a: Glimmora|1\/100\n|-activate|p2a: Glimmora|ability: Toxic Debris\n|-sidestart|p1: Vivilia7982|move: Toxic Spikes\n|move|p2a: Glimmora|Earth Power|p1a: Iron Treads\n|-supereffective|p1a: Iron Treads\n|-damage|p1a: Iron Treads|29\/100\n|\n|upkeep\n|turn|2\n|\n|t:|1700701874\n|switch|p2a: Ogerpon|Ogerpon-Wellspring, F|100\/100\n|move|p1a: Iron Treads|Rapid Spin|p2a: Ogerpon\n|-damage|p2a: Ogerpon|84\/100\n|-boost|p1a: Iron Treads|spe|1\n|-sideend|p1: Vivilia7982|Toxic Spikes|[from] move: Rapid Spin|[of] p1a: Iron Treads\n|\n|upkeep\n|turn|3\n|\n|t:|1700701888\n|move|p1a: Iron Treads|Volt Switch|p2a: Ogerpon\n|-damage|p2a: Ogerpon|70\/100\n|\n|t:|1700701897\n|-end|p1a: Iron Treads|Quark Drive|[silent]\n|switch|p1a: Rotom|Rotom-Wash|100\/100|[from] Volt Switch\n|move|p2a: Ogerpon|Knock Off|p1a: Rotom\n|-damage|p1a: Rotom|59\/100\n|-enditem|p1a: Rotom|Leftovers|[from] move: Knock Off|[of] p2a: Ogerpon\n|\n|upkeep\n|turn|4\n|\n|t:|1700701917\n|switch|p1a: Dipplin|Dipplin, F|100\/100\n|move|p2a: Ogerpon|Power Whip|p1a: Dipplin|[miss]\n|-miss|p2a: Ogerpon|p1a: Dipplin\n|\n|upkeep\n|turn|5\n|\n|t:|1700701940\n|switch|p2a: Iron Moth|Iron Moth|100\/100\n|-enditem|p2a: Iron Moth|Booster Energy\n|-activate|p2a: Iron Moth|ability: Quark Drive|[fromitem]\n|-start|p2a: Iron Moth|quarkdrivespe\n|move|p1a: Dipplin|Syrup Bomb|p2a: Iron Moth\n|-resisted|p2a: Iron Moth\n|-damage|p2a: Iron Moth|95\/100\n|-start|p2a: Iron Moth|Syrup Bomb\n|\n|-unboost|p2a: Iron Moth|spe|1\n|upkeep\n|turn|6\n|\n|t:|1700701953\n|switch|p1a: Iron Treads|Iron Treads|29\/100\n|move|p2a: Iron Moth|Substitute|p2a: Iron Moth\n|-start|p2a: Iron Moth|Substitute\n|-damage|p2a: Iron Moth|70\/100\n|\n|-unboost|p2a: Iron Moth|spe|1\n|upkeep\n|turn|7\n|\n|t:|1700701962\n|move|p1a: Iron Treads|Earthquake|p2a: Iron Moth\n|-supereffective|p2a: Iron Moth\n|-end|p2a: Iron Moth|Substitute\n|move|p2a: Iron Moth|Fiery Dance|p1a: Iron Treads\n|-supereffective|p1a: Iron Treads\n|-damage|p1a: Iron Treads|0 fnt\n|faint|p1a: Iron Treads\n|-end|p1a: Iron Treads|Quark Drive|[silent]\n|\n|-unboost|p2a: Iron Moth|spe|1\n|upkeep\n|\n|t:|1700701977\n|switch|p1a: Rotom|Rotom-Wash|59\/100\n|turn|8\n|\n|t:|1700701985\n|move|p2a: Iron Moth|Sludge Wave|p1a: Rotom\n|-damage|p1a: Rotom|24\/100\n|move|p1a: Rotom|Volt Switch|p2a: Iron Moth\n|-damage|p2a: Iron Moth|45\/100\n|\n|t:|1700702003\n|switch|p1a: Munkidori|Munkidori, M|100\/100|[from] Volt Switch\n|\n|-end|p2a: Iron Moth|Syrup Bomb|[silent]\n|upkeep\n|turn|9\n|\n|t:|1700702012\n|move|p1a: Munkidori|Psychic|p2a: Iron Moth\n|-supereffective|p2a: Iron Moth\n|-damage|p2a: Iron Moth|0 fnt\n|faint|p2a: Iron Moth\n|-end|p2a: Iron Moth|Quark Drive|[silent]\n|\n|upkeep\n|\n|t:|1700702020\n|switch|p2a: Kingambit|Kingambit, F|100\/100\n|-activate|p2a: Kingambit|ability: Supreme Overlord\n|-start|p2a: Kingambit|fallen1|[silent]\n|turn|10\n|\n|t:|1700702031\n|switch|p1a: Conkeldurr|Conkeldurr, M|100\/100\n|move|p2a: Kingambit|Kowtow Cleave|p1a: Conkeldurr\n|-resisted|p1a: Conkeldurr\n|-damage|p1a: Conkeldurr|73\/100\n|\n|upkeep\n|turn|11\n|\n|t:|1700702043\n|-terastallize|p2a: Kingambit|Flying\n|move|p2a: Kingambit|Swords Dance|p2a: Kingambit\n|-boost|p2a: Kingambit|atk|2\n|move|p1a: Conkeldurr|Knock Off|p2a: Kingambit\n|-damage|p2a: Kingambit|67\/100\n|-enditem|p2a: Kingambit|Black Glasses|[from] move: Knock Off|[of] p1a: Conkeldurr\n|\n|upkeep\n|turn|12\n|\n|t:|1700702058\n|move|p2a: Kingambit|Iron Head|p1a: Conkeldurr\n|-damage|p1a: Conkeldurr|0 fnt\n|faint|p1a: Conkeldurr\n|\n|upkeep\n|\n|t:|1700702078\n|switch|p1a: Munkidori|Munkidori, M|100\/100\n|turn|13\n|\n|t:|1700702083\n|-terastallize|p1a: Munkidori|Fighting\n|move|p2a: Kingambit|Sucker Punch|p1a: Munkidori\n|-resisted|p1a: Munkidori\n|-damage|p1a: Munkidori|27\/100\n|move|p1a: Munkidori|Psychic|p2a: Kingambit\n|-damage|p2a: Kingambit|11\/100\n|\n|upkeep\n|turn|14\n|\n|t:|1700702090\n|switch|p1a: Rotom|Rotom-Wash|24\/100\n|move|p2a: Kingambit|Sucker Punch||[still]\n|-fail|p2a: Kingambit\n|\n|upkeep\n|turn|15\n|\n|t:|1700702098\n|-end|p2a: Kingambit|fallen1|[silent]\n|switch|p2a: Glimmora|Glimmora, F|1\/100\n|move|p1a: Rotom|Will-O-Wisp|p2a: Glimmora\n|-status|p2a: Glimmora|brn\n|\n|-damage|p2a: Glimmora|0 fnt|[from] brn\n|faint|p2a: Glimmora\n|upkeep\n|\n|t:|1700702110\n|switch|p2a: Ogerpon|Ogerpon-Wellspring, F|70\/100\n|turn|16\n|\n|t:|1700702115\n|switch|p1a: Dipplin|Dipplin, F|100\/100\n|move|p2a: Ogerpon|Knock Off|p1a: Dipplin\n|-damage|p1a: Dipplin|85\/100\n|-activate|p1a: Dipplin|ability: Sticky Hold\n|\n|upkeep\n|turn|17\n|\n|t:|1700702127\n|move|p2a: Ogerpon|Swords Dance|p2a: Ogerpon\n|-boost|p2a: Ogerpon|atk|2\n|move|p1a: Dipplin|Syrup Bomb|p2a: Ogerpon\n|-damage|p2a: Ogerpon|48\/100\n|-start|p2a: Ogerpon|Syrup Bomb\n|\n|-unboost|p2a: Ogerpon|spe|1\n|upkeep\n|turn|18\n|\n|t:|1700702134\n|move|p1a: Dipplin|Protect|p1a: Dipplin\n|-singleturn|p1a: Dipplin|Protect\n|move|p2a: Ogerpon|Knock Off|p1a: Dipplin\n|-activate|p1a: Dipplin|move: Protect\n|\n|-unboost|p2a: Ogerpon|spe|1\n|upkeep\n|turn|19\n|\n|t:|1700702151\n|move|p2a: Ogerpon|Knock Off|p1a: Dipplin\n|-damage|p1a: Dipplin|54\/100\n|-activate|p1a: Dipplin|ability: Sticky Hold\n|move|p1a: Dipplin|Syrup Bomb|p2a: Ogerpon\n|-damage|p2a: Ogerpon|23\/100\n|\n|-unboost|p2a: Ogerpon|spe|1\n|upkeep\n|turn|20\n|\n|t:|1700702156\n|move|p2a: Ogerpon|Knock Off|p1a: Dipplin\n|-damage|p1a: Dipplin|21\/100\n|-activate|p1a: Dipplin|ability: Sticky Hold\n|move|p1a: Dipplin|Recover|p1a: Dipplin\n|-heal|p1a: Dipplin|71\/100\n|\n|-end|p2a: Ogerpon|Syrup Bomb|[silent]\n|upkeep\n|turn|21\n|\n|t:|1700702163\n|move|p2a: Ogerpon|Knock Off|p1a: Dipplin\n|-damage|p1a: Dipplin|38\/100\n|-activate|p1a: Dipplin|ability: Sticky Hold\n|move|p1a: Dipplin|Syrup Bomb|p2a: Ogerpon\n|-damage|p2a: Ogerpon|1\/100\n|-start|p2a: Ogerpon|Syrup Bomb\n|\n|-unboost|p2a: Ogerpon|spe|1\n|upkeep\n|turn|22\n|\n|t:|1700702166\n|move|p2a: Ogerpon|Swords Dance|p2a: Ogerpon\n|-boost|p2a: Ogerpon|atk|2\n|move|p1a: Dipplin|Recover|p1a: Dipplin\n|-heal|p1a: Dipplin|88\/100\n|\n|-unboost|p2a: Ogerpon|spe|1\n|upkeep\n|turn|23\n|\n|t:|1700702190\n|move|p1a: Dipplin|Syrup Bomb|p2a: Ogerpon|[miss]\n|-miss|p1a: Dipplin|p2a: Ogerpon\n|move|p2a: Ogerpon|Knock Off|p1a: Dipplin\n|-damage|p1a: Dipplin|35\/100\n|-activate|p1a: Dipplin|ability: Sticky Hold\n|\n|-unboost|p2a: Ogerpon|spe|1\n|upkeep\n|turn|24\n|\n|t:|1700702201\n|move|p1a: Dipplin|Syrup Bomb|p2a: Ogerpon\n|-damage|p2a: Ogerpon|0 fnt\n|faint|p2a: Ogerpon\n|\n|upkeep\n|\n|t:|1700702203\n|switch|p2a: Iron Valiant|Iron Valiant|100\/100\n|-enditem|p2a: Iron Valiant|Booster Energy\n|-activate|p2a: Iron Valiant|ability: Quark Drive|[fromitem]\n|-start|p2a: Iron Valiant|quarkdrivespe\n|turn|25\n|\n|t:|1700702211\n|move|p2a: Iron Valiant|Moonblast|p1a: Dipplin\n|-supereffective|p1a: Dipplin\n|-damage|p1a: Dipplin|0 fnt\n|faint|p1a: Dipplin\n|\n|upkeep\n|\n|t:|1700702219\n|switch|p1a: Salazzle|Salazzle, F|100\/100\n|turn|26\n|\n|t:|1700702222\n|move|p2a: Iron Valiant|Psyshock|p1a: Salazzle\n|-supereffective|p1a: Salazzle\n|-enditem|p1a: Salazzle|Focus Sash\n|-damage|p1a: Salazzle|1\/100\n|move|p1a: Salazzle|Sludge Bomb|p2a: Iron Valiant\n|-supereffective|p2a: Iron Valiant\n|-damage|p2a: Iron Valiant|0 fnt\n|faint|p2a: Iron Valiant\n|-end|p2a: Iron Valiant|Quark Drive|[silent]\n|\n|upkeep\n|\n|t:|1700702233\n|switch|p2a: Zamazenta|Zamazenta|100\/100\n|-ability|p2a: Zamazenta|Dauntless Shield|boost\n|-boost|p2a: Zamazenta|def|1\n|turn|27\n|\n|t:|1700702243\n|move|p2a: Zamazenta|Body Press|p1a: Salazzle\n|-resisted|p1a: Salazzle\n|-damage|p1a: Salazzle|0 fnt\n|faint|p1a: Salazzle\n|\n|upkeep\n|\n|t:|1700702253\n|switch|p1a: Munkidori|Munkidori, M, tera:Fighting|27\/100\n|turn|28\n|\n|t:|1700702256\n|move|p1a: Munkidori|Psychic|p2a: Zamazenta\n|-supereffective|p2a: Zamazenta\n|-damage|p2a: Zamazenta|1\/100\n|-status|p2a: Zamazenta|tox|[from] ability: Toxic Chain|[of] p1a: Munkidori\n|move|p2a: Zamazenta|Body Press|p1a: Munkidori\n|-damage|p1a: Munkidori|0 fnt\n|faint|p1a: Munkidori\n|\n|-heal|p2a: Zamazenta|7\/100 tox|[from] item: Leftovers\n|-damage|p2a: Zamazenta|1\/100 tox|[from] psn\n|upkeep\n|\n|t:|1700702259\n|switch|p1a: Rotom|Rotom-Wash|24\/100\n|turn|29\n|\n|t:|1700702264\n|move|p1a: Rotom|Protect|p1a: Rotom\n|-singleturn|p1a: Rotom|Protect\n|move|p2a: Zamazenta|Body Press|p1a: Rotom\n|-activate|p1a: Rotom|move: Protect\n|\n|-heal|p2a: Zamazenta|7\/100 tox|[from] item: Leftovers\n|-damage|p2a: Zamazenta|0 fnt|[from] psn\n|faint|p2a: Zamazenta\n|upkeep\n|\n|t:|1700702266\n|switch|p2a: Kingambit|Kingambit, F, tera:Flying|11\/100\n|-activate|p2a: Kingambit|ability: Supreme Overlord\n|-start|p2a: Kingambit|fallen5|[silent]\n|turn|30\n|\n|t:|1700702277\n|move|p1a: Rotom|Will-O-Wisp|p2a: Kingambit\n|-status|p2a: Kingambit|brn\n|move|p2a: Kingambit|Kowtow Cleave|p1a: Rotom\n|-damage|p1a: Rotom|0 fnt\n|faint|p1a: Rotom\n|\n|win|idontwatchbaseball\n|raw|Vivilia7982's rating: 1174 &rarr; <strong>1158<\/strong><br \/>(-16 for losing)\n|raw|idontwatchbaseball's rating: 1302 &rarr; <strong>1315<\/strong><br \/>(+13 for winning)\n|l|\u203didontwatchbaseball\n|c|\u2606Vivilia7982|Gg\n","uploadtime":1700702289,"views":3,"p1id":"vivilia7982","p2id":"idontwatchbaseball","formatid":"gen9ou","rating":1158,"private":0,"password":""}