{"id":"gen9ou-1999881758","p1":"PLLV52 Notes","p2":"Flyingtaco42","format":"[Gen 9] OU","log":"|j|\u2606PLLV52 Notes\n|j|\u2606Flyingtaco42\n|t:|1701125888\n|gametype|singles\n|player|p1|PLLV52 Notes|265|1629\n|player|p2|Flyingtaco42|elesa|1795\n|teamsize|p1|6\n|teamsize|p2|6\n|gen|9\n|tier|[Gen 9] OU\n|rated|\n|rule|Sleep Clause Mod: Limit one foe put to sleep\n|rule|Species Clause: Limit one of each Pok\u00e9mon\n|rule|OHKO Clause: OHKO moves are banned\n|rule|Evasion Items Clause: Evasion items are banned\n|rule|Evasion Moves Clause: Evasion moves are banned\n|rule|Endless Battle Clause: Forcing endless battles is banned\n|rule|HP Percentage Mod: HP is shown in percentages\n|clearpoke\n|poke|p1|Moltres|\n|poke|p1|Great Tusk|\n|poke|p1|Samurott-Hisui, M|\n|poke|p1|Ting-Lu|\n|poke|p1|Dragapult, F|\n|poke|p1|Iron Valiant|\n|poke|p2|Kingambit, M|\n|poke|p2|Ceruledge, M|\n|poke|p2|Iron Valiant|\n|poke|p2|Ogerpon-Wellspring, F|\n|poke|p2|Glimmora, M|\n|poke|p2|Haxorus, F|\n|teampreview\n|\n|t:|1701125926\n|start\n|switch|p1a: Dragapult|Dragapult, F|100\/100\n|switch|p2a: Glimmora|Glimmora, M|100\/100\n|turn|1\n|\n|t:|1701125930\n|move|p1a: Dragapult|Dragon Darts|p2a: Glimmora\n|-damage|p2a: Glimmora|52\/100\n|-activate|p2a: Glimmora|ability: Toxic Debris\n|-sidestart|p1: PLLV52 Notes|move: Toxic Spikes\n|-anim|p1a: Dragapult|Dragon Darts|p2a: Glimmora\n|-damage|p2a: Glimmora|5\/100\n|-activate|p2a: Glimmora|ability: Toxic Debris\n|-sidestart|p1: PLLV52 Notes|move: Toxic Spikes\n|move|p2a: Glimmora|Stealth Rock|p1a: Dragapult\n|-sidestart|p1: PLLV52 Notes|move: Stealth Rock\n|\n|upkeep\n|turn|2\n|\n|t:|1701125942\n|switch|p2a: Iron Valiant|Iron Valiant|100\/100\n|-enditem|p2a: Iron Valiant|Booster Energy\n|-activate|p2a: Iron Valiant|ability: Quark Drive|[fromitem]\n|-start|p2a: Iron Valiant|quarkdrivespe\n|move|p1a: Dragapult|Dragon Darts|p2a: Iron Valiant\n|-immune|p2a: Iron Valiant\n|\n|upkeep\n|turn|3\n|\n|t:|1701125946\n|switch|p1a: Moltres|Moltres|100\/100\n|move|p2a: Iron Valiant|Knock Off|p1a: Moltres\n|-damage|p1a: Moltres|76\/100\n|-enditem|p1a: Moltres|Heavy-Duty Boots|[from] move: Knock Off|[of] p2a: Iron Valiant\n|\n|upkeep\n|turn|4\n|\n|t:|1701125952\n|-end|p2a: Iron Valiant|Quark Drive|[silent]\n|switch|p2a: Glimmora|Glimmora, M|5\/100\n|move|p1a: Moltres|Flamethrower|p2a: Glimmora\n|-resisted|p2a: Glimmora\n|-damage|p2a: Glimmora|0 fnt\n|faint|p2a: Glimmora\n|\n|upkeep\n|\n|t:|1701125955\n|switch|p2a: Ogerpon|Ogerpon-Wellspring, F|100\/100\n|turn|5\n|inactive|Battle timer is ON: inactive players will automatically lose when time's up. (requested by Flyingtaco42)\n|\n|t:|1701125972\n|move|p2a: Ogerpon|Ivy Cudgel|p1a: Moltres|[anim] Ivy Cudgel Water\n|-supereffective|p1a: Moltres\n|-crit|p1a: Moltres\n|-damage|p1a: Moltres|0 fnt\n|faint|p1a: Moltres\n|\n|upkeep\n|j| crip walker\n|\n|t:|1701126001\n|switch|p1a: Great Tusk|Great Tusk|100\/100\n|turn|6\n|l| crip walker\n|\n|t:|1701126005\n|switch|p2a: Ceruledge|Ceruledge, M|100\/100\n|-item|p2a: Ceruledge|Air Balloon\n|move|p1a: Great Tusk|Rapid Spin|p2a: Ceruledge\n|-immune|p2a: Ceruledge\n|\n|upkeep\n|turn|7\n|\n|t:|1701126014\n|move|p2a: Ceruledge|Swords Dance|p2a: Ceruledge\n|-boost|p2a: Ceruledge|atk|2\n|move|p1a: Great Tusk|Knock Off|p2a: Ceruledge\n|-supereffective|p2a: Ceruledge\n|-damage|p2a: Ceruledge|20\/100\n|-ability|p2a: Ceruledge|Weak Armor|boost\n|-unboost|p2a: Ceruledge|def|1\n|-boost|p2a: Ceruledge|spe|2\n|-enditem|p2a: Ceruledge|Air Balloon\n|\n|upkeep\n|turn|8\n|j| crip walker\n|\n|t:|1701126023\n|move|p2a: Ceruledge|Destiny Bond|p2a: Ceruledge\n|-singlemove|p2a: Ceruledge|Destiny Bond\n|move|p1a: Great Tusk|Earthquake|p2a: Ceruledge\n|-supereffective|p2a: Ceruledge\n|-damage|p2a: Ceruledge|0 fnt\n|faint|p2a: Ceruledge\n|-activate|p2a: Ceruledge|move: Destiny Bond\n|faint|p1a: Great Tusk\n|-end|p1a: Great Tusk|Protosynthesis|[silent]\n|\n|upkeep\n|\n|t:|1701126030\n|switch|p2a: Iron Valiant|Iron Valiant|100\/100\n|switch|p1a: Iron Valiant|Iron Valiant|100\/100\n|turn|9\n|inactive|PLLV52 Notes has 120 seconds left.\n|\n|t:|1701126072\n|move|p2a: Iron Valiant|Close Combat|p1a: Iron Valiant\n|-resisted|p1a: Iron Valiant\n|-damage|p1a: Iron Valiant|57\/100\n|-unboost|p2a: Iron Valiant|def|1\n|-unboost|p2a: Iron Valiant|spd|1\n|move|p1a: Iron Valiant|Moonblast|p2a: Iron Valiant\n|-supereffective|p2a: Iron Valiant\n|-damage|p2a: Iron Valiant|0 fnt\n|faint|p2a: Iron Valiant\n|-end|p2a: Iron Valiant|Quark Drive|[silent]\n|\n|upkeep\n|\n|t:|1701126078\n|switch|p2a: Ogerpon|Ogerpon-Wellspring, F|100\/100\n|turn|10\n|inactive|PLLV52 Notes has 120 seconds left.\n|\n|t:|1701126085\n|-end|p1a: Iron Valiant|Quark Drive|[silent]\n|switch|p1a: Ting-Lu|Ting-Lu|100\/100\n|-status|p1a: Ting-Lu|tox\n|-damage|p1a: Ting-Lu|94\/100 tox|[from] Stealth Rock\n|-ability|p1a: Ting-Lu|Vessel of Ruin\n|move|p2a: Ogerpon|Ivy Cudgel|p1a: Ting-Lu|[anim] Ivy Cudgel Water\n|-supereffective|p1a: Ting-Lu\n|-damage|p1a: Ting-Lu|26\/100 tox\n|\n|-heal|p1a: Ting-Lu|32\/100 tox|[from] item: Leftovers\n|-damage|p1a: Ting-Lu|26\/100 tox|[from] psn\n|upkeep\n|turn|11\n|\n|t:|1701126090\n|move|p2a: Ogerpon|Horn Leech|p1a: Ting-Lu\n|-supereffective|p1a: Ting-Lu\n|-damage|p1a: Ting-Lu|0 fnt\n|faint|p1a: Ting-Lu\n|\n|upkeep\n|\n|t:|1701126093\n|switch|p1a: Samurott|Samurott-Hisui, M|100\/100\n|-status|p1a: Samurott|tox\n|-damage|p1a: Samurott|88\/100 tox|[from] Stealth Rock\n|turn|12\n|\n|t:|1701126097\n|move|p1a: Samurott|Ceaseless Edge|p2a: Ogerpon\n|-damage|p2a: Ogerpon|39\/100\n|-sidestart|p2: Flyingtaco42|Spikes\n|move|p2a: Ogerpon|Horn Leech|p1a: Samurott\n|-supereffective|p1a: Samurott\n|-crit|p1a: Samurott\n|-damage|p1a: Samurott|0 fnt\n|-heal|p2a: Ogerpon|86\/100|[from] drain|[of] p1a: Samurott\n|faint|p1a: Samurott\n|\n|upkeep\n|\n|t:|1701126101\n|switch|p1a: Dragapult|Dragapult, F|100\/100\n|-status|p1a: Dragapult|tox\n|-damage|p1a: Dragapult|88\/100 tox|[from] Stealth Rock\n|turn|13\n|j| Bumbaclaat\n|\n|t:|1701126116\n|move|p1a: Dragapult|U-turn|p2a: Ogerpon\n|-supereffective|p2a: Ogerpon\n|-damage|p2a: Ogerpon|0 fnt\n|faint|p2a: Ogerpon\n|\n|t:|1701126119\n|switch|p1a: Iron Valiant|Iron Valiant|57\/100|[from] U-turn\n|\n|upkeep\n|\n|t:|1701126123\n|switch|p2a: Kingambit|Kingambit, M|100\/100\n|-damage|p2a: Kingambit|88\/100|[from] Spikes\n|-activate|p2a: Kingambit|ability: Supreme Overlord\n|-start|p2a: Kingambit|fallen4|[silent]\n|turn|14\n|inactive|PLLV52 Notes has 120 seconds left.\n|\n|t:|1701126154\n|-terastallize|p2a: Kingambit|Fairy\n|move|p1a: Iron Valiant|Close Combat|p2a: Kingambit\n|-resisted|p2a: Kingambit\n|-damage|p2a: Kingambit|59\/100\n|-unboost|p1a: Iron Valiant|def|1\n|-unboost|p1a: Iron Valiant|spd|1\n|move|p2a: Kingambit|Tera Blast|p1a: Iron Valiant|[anim] Tera Blast Fairy\n|-supereffective|p1a: Iron Valiant\n|-damage|p1a: Iron Valiant|0 fnt\n|faint|p1a: Iron Valiant\n|-end|p1a: Iron Valiant|Quark Drive|[silent]\n|\n|-heal|p2a: Kingambit|66\/100|[from] item: Leftovers\n|upkeep\n|\n|t:|1701126158\n|switch|p1a: Dragapult|Dragapult, F|88\/100 tox\n|-damage|p1a: Dragapult|76\/100 tox|[from] Stealth Rock\n|turn|15\n|\n|t:|1701126161\n|-terastallize|p1a: Dragapult|Ghost\n|move|p2a: Kingambit|Sucker Punch|p1a: Dragapult\n|-supereffective|p1a: Dragapult\n|-damage|p1a: Dragapult|0 fnt\n|faint|p1a: Dragapult\n|\n|win|Flyingtaco42\n|raw|PLLV52 Notes's rating: 1629 &rarr; <strong>1618<\/strong><br \/>(-11 for losing)\n|raw|Flyingtaco42's rating: 1795 &rarr; <strong>1806<\/strong><br \/>(+11 for winning)\n|l|\u2606PLLV52 Notes\n|c|\u2606Flyingtaco42|Gg\n|l|\u2606Flyingtaco42\n","uploadtime":1701126185,"views":4,"p1id":"pllv52notes","p2id":"flyingtaco42","formatid":"gen9ou","rating":1618,"private":0,"password":""}