{"id":"gen9ou-2000638340","p1":"didsk7","p2":"VikontAlu","format":"[Gen 9] OU","log":"|j|\u2606didsk7\n|j|\u2606VikontAlu\n|t:|1701213236\n|gametype|singles\n|player|p1|didsk7|1|1180\n|player|p2|VikontAlu|266|1163\n|teamsize|p1|6\n|teamsize|p2|6\n|gen|9\n|tier|[Gen 9] OU\n|rated|\n|rule|Sleep Clause Mod: Limit one foe put to sleep\n|rule|Species Clause: Limit one of each Pok\u00e9mon\n|rule|OHKO Clause: OHKO moves are banned\n|rule|Evasion Items Clause: Evasion items are banned\n|rule|Evasion Moves Clause: Evasion moves are banned\n|rule|Endless Battle Clause: Forcing endless battles is banned\n|rule|HP Percentage Mod: HP is shown in percentages\n|clearpoke\n|poke|p1|Gengar, M|\n|poke|p1|Espeon, F|\n|poke|p1|Heracross, M|\n|poke|p1|Froslass, F|\n|poke|p1|Iron Valiant|\n|poke|p1|Snorlax, M|\n|poke|p2|Ogerpon-Wellspring, F|\n|poke|p2|Heatran, M|\n|poke|p2|Iron Valiant|\n|poke|p2|Garganacl, M|\n|poke|p2|Cinderace, F|\n|poke|p2|Kingambit, M|\n|teampreview\n|\n|t:|1701213264\n|start\n|switch|p1a: Iron Valiant|Iron Valiant|100\/100\n|switch|p2a: Cinderace|Cinderace, F|100\/100\n|-enditem|p1a: Iron Valiant|Booster Energy\n|-activate|p1a: Iron Valiant|ability: Quark Drive|[fromitem]\n|-start|p1a: Iron Valiant|quarkdrivespe\n|turn|1\n|\n|t:|1701213290\n|move|p1a: Iron Valiant|Moonblast|p2a: Cinderace\n|-resisted|p2a: Cinderace\n|-damage|p2a: Cinderace|72\/100\n|move|p2a: Cinderace|Pyro Ball|p1a: Iron Valiant\n|-damage|p1a: Iron Valiant|24\/100\n|\n|upkeep\n|turn|2\n|\n|t:|1701213308\n|move|p1a: Iron Valiant|Close Combat|p2a: Cinderace\n|-damage|p2a: Cinderace|0 fnt\n|-unboost|p1a: Iron Valiant|def|1\n|-unboost|p1a: Iron Valiant|spd|1\n|faint|p2a: Cinderace\n|\n|upkeep\n|\n|t:|1701213316\n|switch|p2a: Kingambit|Kingambit, M|100\/100\n|-activate|p2a: Kingambit|ability: Supreme Overlord\n|-start|p2a: Kingambit|fallen1|[silent]\n|turn|3\n|c|\u2606VikontAlu|Sucke punh and youl be dead\n|\n|t:|1701213340\n|-end|p1a: Iron Valiant|Quark Drive|[silent]\n|switch|p1a: Heracross|Heracross, M|100\/100\n|move|p2a: Kingambit|Iron Head|p1a: Heracross\n|-damage|p1a: Heracross|26\/100\n|\n|upkeep\n|turn|4\n|c|\u2606VikontAlu|I am reading this game\n|\n|t:|1701213355\n|move|p2a: Kingambit|Sucker Punch|p1a: Heracross\n|-resisted|p1a: Heracross\n|-damage|p1a: Heracross|0 fnt\n|faint|p1a: Heracross\n|\n|upkeep\n|\n|t:|1701213360\n|switch|p1a: Snorlax|Snorlax, M|100\/100\n|turn|5\n|c|\u2606VikontAlu|I told you\n|\n|t:|1701213374\n|move|p2a: Kingambit|Swords Dance|p2a: Kingambit\n|-boost|p2a: Kingambit|atk|2\n|move|p1a: Snorlax|Curse|p1a: Snorlax\n|-unboost|p1a: Snorlax|spe|1\n|-boost|p1a: Snorlax|atk|1\n|-boost|p1a: Snorlax|def|1\n|\n|upkeep\n|turn|6\n|\n|t:|1701213385\n|move|p2a: Kingambit|Kowtow Cleave|p1a: Snorlax\n|-damage|p1a: Snorlax|46\/100\n|move|p1a: Snorlax|Curse|p1a: Snorlax\n|-unboost|p1a: Snorlax|spe|1\n|-boost|p1a: Snorlax|atk|1\n|-boost|p1a: Snorlax|def|1\n|\n|upkeep\n|turn|7\n|\n|t:|1701213393\n|move|p2a: Kingambit|Kowtow Cleave|p1a: Snorlax\n|-damage|p1a: Snorlax|6\/100\n|move|p1a: Snorlax|Rest|p1a: Snorlax\n|-status|p1a: Snorlax|slp|[from] move: Rest\n|-heal|p1a: Snorlax|100\/100 slp|[silent]\n|-enditem|p1a: Snorlax|Chesto Berry|[eat]\n|-curestatus|p1a: Snorlax|slp|[msg]\n|\n|upkeep\n|turn|8\n|\n|t:|1701213405\n|move|p2a: Kingambit|Swords Dance|p2a: Kingambit\n|-boost|p2a: Kingambit|atk|2\n|move|p1a: Snorlax|Heat Crash|p2a: Kingambit\n|-supereffective|p2a: Kingambit\n|-damage|p2a: Kingambit|42\/100\n|\n|upkeep\n|turn|9\n|\n|t:|1701213412\n|move|p2a: Kingambit|Kowtow Cleave|p1a: Snorlax\n|-damage|p1a: Snorlax|37\/100\n|move|p1a: Snorlax|Heat Crash|p2a: Kingambit\n|-supereffective|p2a: Kingambit\n|-damage|p2a: Kingambit|0 fnt\n|faint|p2a: Kingambit\n|-end|p2a: Kingambit|fallen1|[silent]\n|\n|upkeep\n|\n|t:|1701213425\n|switch|p2a: Heatran|Heatran, M|100\/100\n|turn|10\n|c|\u2606VikontAlu|I lost my best pokemon for what\n|c|\u2606VikontAlu|For a fucking snorlax\n|\n|t:|1701213445\n|move|p2a: Heatran|Magma Storm|p1a: Snorlax\n|-crit|p1a: Snorlax\n|-damage|p1a: Snorlax|0 fnt\n|faint|p1a: Snorlax\n|\n|upkeep\n|\n|t:|1701213471\n|switch|p1a: Froslass|Froslass, F|100\/100\n|turn|11\n|c|\u2606VikontAlu|I am fucking dump if i switch heatren and just use one skill i think i can kill snorlax\n|\n|t:|1701213489\n|-terastallize|p2a: Heatran|Grass\n|move|p1a: Froslass|Destiny Bond|p1a: Froslass\n|-singlemove|p1a: Froslass|Destiny Bond\n|move|p2a: Heatran|Magma Storm|p1a: Froslass|[miss]\n|-miss|p2a: Heatran|p1a: Froslass\n|\n|upkeep\n|turn|12\n|c|\u2606VikontAlu|Haha its fucny\n|\n|t:|1701213509\n|move|p1a: Froslass|Icicle Spear|p2a: Heatran\n|-supereffective|p2a: Heatran\n|-damage|p2a: Heatran|84\/100\n|-supereffective|p2a: Heatran\n|-damage|p2a: Heatran|68\/100\n|-supereffective|p2a: Heatran\n|-damage|p2a: Heatran|51\/100\n|-supereffective|p2a: Heatran\n|-damage|p2a: Heatran|35\/100\n|-hitcount|p2a: Heatran|4\n|move|p2a: Heatran|Stealth Rock|p1a: Froslass\n|-sidestart|p1: didsk7|move: Stealth Rock\n|\n|-heal|p2a: Heatran|41\/100|[from] item: Leftovers\n|upkeep\n|turn|13\n|\n|t:|1701213545\n|move|p1a: Froslass|Icicle Spear|p2a: Heatran\n|-supereffective|p2a: Heatran\n|-damage|p2a: Heatran|25\/100\n|-supereffective|p2a: Heatran\n|-damage|p2a: Heatran|9\/100\n|-supereffective|p2a: Heatran\n|-damage|p2a: Heatran|0 fnt\n|faint|p2a: Heatran\n|-hitcount|p2: Heatran|3\n|\n|upkeep\n|\n|t:|1701213567\n|switch|p2a: Iron Valiant|Iron Valiant|100\/100\n|-enditem|p2a: Iron Valiant|Booster Energy\n|-activate|p2a: Iron Valiant|ability: Quark Drive|[fromitem]\n|-start|p2a: Iron Valiant|quarkdrivespe\n|turn|14\n|\n|t:|1701213574\n|move|p2a: Iron Valiant|Shadow Ball|p1a: Froslass\n|-supereffective|p1a: Froslass\n|-damage|p1a: Froslass|11\/100\n|-start|p2a: Iron Valiant|Disable|Shadow Ball|[from] ability: Cursed Body|[of] p1a: Froslass\n|move|p1a: Froslass|Icicle Spear|p2a: Iron Valiant\n|-damage|p2a: Iron Valiant|88\/100\n|-damage|p2a: Iron Valiant|76\/100\n|-damage|p2a: Iron Valiant|63\/100\n|-damage|p2a: Iron Valiant|50\/100\n|-hitcount|p2a: Iron Valiant|4\n|\n|upkeep\n|turn|15\n|inactive|Battle timer is ON: inactive players will automatically lose when time's up. (requested by VikontAlu)\n|c|\u2606VikontAlu|Why you not playing bro\n|c|\u2606VikontAlu|I am waiting lilke 2 minutes\n|c|\u2606VikontAlu|What you thinking\n|c|\u2606VikontAlu|You thinking future\n|inactive|didsk7 has 120 seconds left.\n|\n|t:|1701213693\n|move|p1a: Froslass|Ice Shard|p2a: Iron Valiant\n|-damage|p2a: Iron Valiant|31\/100\n|move|p2a: Iron Valiant|Moonblast|p1a: Froslass\n|-damage|p1a: Froslass|0 fnt\n|faint|p1a: Froslass\n|\n|upkeep\n|c|\u2606VikontAlu|ARE You left?\n|\n|t:|1701213723\n|switch|p1a: Espeon|Espeon, F, shiny|100\/100\n|-damage|p1a: Espeon|88\/100|[from] Stealth Rock\n|turn|16\n|c|\u2606VikontAlu|What you thinking to mush\n|\n|t:|1701213734\n|-end|p2a: Iron Valiant|Quark Drive|[silent]\n|switch|p2a: Ogerpon|Ogerpon-Wellspring, F|100\/100\n|move|p1a: Espeon|Psychic|p2a: Ogerpon\n|-crit|p2a: Ogerpon\n|-damage|p2a: Ogerpon|19\/100\n|-unboost|p2a: Ogerpon|spd|1\n|\n|upkeep\n|turn|17\n|\n|t:|1701213744\n|move|p2a: Ogerpon|Ivy Cudgel|p1a: Espeon|[anim] Ivy Cudgel Water\n|-damage|p1a: Espeon|0 fnt\n|faint|p1a: Espeon\n|\n|upkeep\n|\n|t:|1701213753\n|switch|p1a: Iron Valiant|Iron Valiant|24\/100\n|-damage|p1a: Iron Valiant|18\/100|[from] Stealth Rock\n|turn|18\n|\n|t:|1701213761\n|move|p1a: Iron Valiant|Moonblast|p2a: Ogerpon\n|-damage|p2a: Ogerpon|0 fnt\n|faint|p2a: Ogerpon\n|\n|upkeep\n|\n|t:|1701213767\n|switch|p2a: Garganacl|Garganacl, M|100\/100\n|turn|19\n|\n|t:|1701213782\n|move|p1a: Iron Valiant|Close Combat|p2a: Garganacl\n|-supereffective|p2a: Garganacl\n|-damage|p2a: Garganacl|26\/100\n|-unboost|p1a: Iron Valiant|def|1\n|-unboost|p1a: Iron Valiant|spd|1\n|move|p2a: Garganacl|Body Press|p1a: Iron Valiant\n|-resisted|p1a: Iron Valiant\n|-damage|p1a: Iron Valiant|0 fnt\n|faint|p1a: Iron Valiant\n|-end|p1a: Iron Valiant|Quark Drive|[silent]\n|\n|-heal|p2a: Garganacl|32\/100|[from] item: Leftovers\n|upkeep\n|\n|t:|1701213792\n|switch|p1a: Gengar|Gengar, M|100\/100\n|-damage|p1a: Gengar|88\/100|[from] Stealth Rock\n|turn|20\n|\n|t:|1701213801\n|move|p1a: Gengar|Shadow Ball|p2a: Garganacl\n|-damage|p2a: Garganacl|17\/100\n|move|p2a: Garganacl|Salt Cure|p1a: Gengar\n|-damage|p1a: Gengar|63\/100\n|-start|p1a: Gengar|Salt Cure\n|\n|-heal|p2a: Garganacl|24\/100|[from] item: Leftovers\n|-damage|p1a: Gengar|51\/100|[from] Salt Cure\n|upkeep\n|turn|21\n|c|\u2606VikontAlu|\u0130 won gg\n|\n|t:|1701213816\n|move|p1a: Gengar|Sludge Bomb|p2a: Garganacl\n|-resisted|p2a: Garganacl\n|-damage|p2a: Garganacl|6\/100\n|move|p2a: Garganacl|Recover|p2a: Garganacl\n|-heal|p2a: Garganacl|56\/100\n|\n|-heal|p2a: Garganacl|62\/100|[from] item: Leftovers\n|-damage|p1a: Gengar|38\/100|[from] Salt Cure\n|upkeep\n|turn|22\n|-message|didsk7 forfeited.\n|\n|win|VikontAlu\n|raw|didsk7's rating: 1198 &rarr; <strong>1170<\/strong><br \/>(-28 for losing)\n|raw|VikontAlu's rating: 1163 &rarr; <strong>1191<\/strong><br \/>(+28 for winning)\n|l|\u2606didsk7\n","uploadtime":1701213330,"views":0,"p1id":"didsk7","p2id":"vikontalu","formatid":"gen9ou","rating":1170,"private":0,"password":""}