{"id":"gen9ou-1990916902","p1":"mathismathin","p2":"Quamnckkk","format":"[Gen 9] OU","log":"|j|\u2606mathismathin\n|j|\u2606Quamnckkk\n|t:|1700014864\n|gametype|singles\n|player|p1|mathismathin|nate|1771\n|player|p2|Quamnckkk|yellow|1927\n|teamsize|p1|6\n|teamsize|p2|6\n|gen|9\n|tier|[Gen 9] OU\n|rated|\n|rule|Sleep Clause Mod: Limit one foe put to sleep\n|rule|Species Clause: Limit one of each Pok\u00e9mon\n|rule|OHKO Clause: OHKO moves are banned\n|rule|Evasion Items Clause: Evasion items are banned\n|rule|Evasion Moves Clause: Evasion moves are banned\n|rule|Endless Battle Clause: Forcing endless battles is banned\n|rule|HP Percentage Mod: HP is shown in percentages\n|clearpoke\n|poke|p1|Weavile, F|\n|poke|p1|Weezing-Galar, F|\n|poke|p1|Alomomola, F|\n|poke|p1|Ting-Lu|\n|poke|p1|Corviknight, F|\n|poke|p1|Dondozo, M|\n|poke|p2|Weavile, M|\n|poke|p2|Weezing-Galar, F|\n|poke|p2|Alomomola, M|\n|poke|p2|Ting-Lu|\n|poke|p2|Corviknight, M|\n|poke|p2|Dondozo, F|\n|teampreview\n|inactive|Battle timer is ON: inactive players will automatically lose when time's up. (requested by Quamnckkk)\n|c|\u2606Quamnckkk|AH SHIT\n|c|\u2606Quamnckkk|LMFAO\n|c|\u2606mathismathin|LOOL\n|c|\u2606Quamnckkk|uhhh\n|inactive|Quamnckkk has 120 seconds left.\n|c|\u2606mathismathin|you're going down\n|j| SandGetsEverywhere\n|c|\u2606Quamnckkk|real\n|c|\u2606Quamnckkk|bruh is this even something where i can even go for a draw\n|c|\u2606mathismathin|idk\n|c|\u2606mathismathin|weird matchup\n|c|\u2606Quamnckkk|indeed\n|inactive|Quamnckkk has 90 seconds left.\n|\n|t:|1700014925\n|start\n|switch|p1a: Weavile|Weavile, F|100\/100\n|switch|p2a: Weavile|Weavile, M|100\/100\n|-ability|p1a: Weavile|Pressure\n|-ability|p2a: Weavile|Pressure\n|turn|1\n|c|\u2606mathismathin|i have 256 speed evs btw\n|c|\u2606mathismathin|be scared\n|\n|t:|1700014938\n|move|p1a: Weavile|Knock Off|p2a: Weavile\n|-resisted|p2a: Weavile\n|-damage|p2a: Weavile|74\/100\n|-enditem|p2a: Weavile|Leftovers|[from] move: Knock Off|[of] p1a: Weavile\n|move|p2a: Weavile|Knock Off|p1a: Weavile\n|-resisted|p1a: Weavile\n|-damage|p1a: Weavile|72\/100\n|-enditem|p1a: Weavile|Leftovers|[from] move: Knock Off|[of] p2a: Weavile\n|\n|upkeep\n|turn|2\n|c|\u2606Quamnckkk|fuck\n|c|\u2606Quamnckkk|you're right\n|c|\u2606mathismathin|oh it breaks sub anyways\n|c|\u2606mathismathin|aight\n|c|\u2606mathismathin|weavile is so frail bruh\n|c|\u2606mathismathin|no atk max hp???\n|c|\u2606Quamnckkk|it is\n|c|\u2606mathismathin|still breaking sub resisted???\n|\n|t:|1700014960\n|move|p2a: Weavile|Poison Jab|p1a: Weavile\n|-damage|p1a: Weavile|42\/100\n|move|p1a: Weavile|Poison Jab|p2a: Weavile\n|-damage|p2a: Weavile|44\/100\n|\n|upkeep\n|turn|3\n|j| Swingmydoe\n|\n|t:|1700014966\n|move|p2a: Weavile|Poison Jab|p1a: Weavile\n|-damage|p1a: Weavile|14\/100\n|move|p1a: Weavile|Poison Jab|p2a: Weavile\n|-damage|p2a: Weavile|12\/100\n|-status|p2a: Weavile|psn\n|\n|-damage|p2a: Weavile|0 fnt|[from] psn\n|faint|p2a: Weavile\n|upkeep\n|c|\u2606Quamnckkk|man\n|c|\u2606mathismathin|L\n|c|\u2606Quamnckkk|this is so sad\n|\n|t:|1700014975\n|switch|p2a: Weezing|Weezing-Galar, F|100\/100\n|-ability|p2a: Weezing|Neutralizing Gas\n|turn|4\n|c|\u2606mathismathin|nah doesnt really matter though\n|c|\u2606mathismathin|corv stops knock anyways\n|c|\u2606Quamnckkk|yeah ik\n|\n|t:|1700014988\n|-end|p2a: Weezing|ability: Neutralizing Gas\n|-ability|p1a: Weavile|Pressure\n|switch|p2a: Corviknight|Corviknight, M|100\/100\n|-ability|p2a: Corviknight|Pressure\n|move|p1a: Weavile|Knock Off|p2a: Corviknight\n|-damage|p2a: Corviknight|76\/100\n|-damage|p1a: Weavile|0 fnt|[from] item: Rocky Helmet|[of] p2a: Corviknight\n|faint|p1a: Weavile\n|\n|upkeep\n|c|\u2606Quamnckkk|its just funny\n|\n|t:|1700014993\n|switch|p1a: Weezing|Weezing-Galar, F|100\/100\n|-ability|p1a: Weezing|Neutralizing Gas\n|turn|5\n|j| Ivaannn\n|c|\u2606Quamnckkk|25% is huge\n|c|\u2606Quamnckkk|wtf\n|\n|t:|1700015004\n|switch|p2a: Alomomola|Alomomola, M|100\/100\n|move|p1a: Weezing|Will-O-Wisp|p2a: Alomomola\n|-status|p2a: Alomomola|brn\n|\n|-damage|p2a: Alomomola|94\/100 brn|[from] brn\n|upkeep\n|turn|6\n|c|\u2606Quamnckkk|honestly this probably is a draw\n|\n|t:|1700015019\n|-end|p1a: Weezing|ability: Neutralizing Gas\n|switch|p1a: Ting-Lu|Ting-Lu|100\/100\n|-ability|p1a: Ting-Lu|Vessel of Ruin\n|move|p2a: Alomomola|Wish|p2a: Alomomola\n|\n|-heal|p2a: Alomomola|100\/100 brn|[from] item: Leftovers\n|-damage|p2a: Alomomola|94\/100 brn|[from] brn\n|upkeep\n|turn|7\n|\n|t:|1700015026\n|move|p1a: Ting-Lu|Stealth Rock|p2a: Alomomola\n|-sidestart|p2: Quamnckkk|move: Stealth Rock\n|move|p2a: Alomomola|Flip Turn|p1a: Ting-Lu\n|-supereffective|p1a: Ting-Lu\n|-damage|p1a: Ting-Lu|92\/100\n|\n|t:|1700015028\n|switch|p2a: Corviknight|Corviknight, M|76\/100|[from] Flip Turn\n|-damage|p2a: Corviknight|64\/100|[from] Stealth Rock\n|-ability|p2a: Corviknight|Pressure\n|\n|-heal|p2a: Corviknight|100\/100|[from] move: Wish|[wisher] Alomomola\n|-heal|p1a: Ting-Lu|98\/100|[from] item: Leftovers\n|upkeep\n|turn|8\n|\n|t:|1700015051\n|switch|p1a: Weezing|Weezing-Galar, F|100\/100\n|-ability|p1a: Weezing|Neutralizing Gas\n|move|p2a: Corviknight|Defog|p1a: Weezing\n|-unboost|p1a: Weezing|evasion|1\n|-sideend|p2: Quamnckkk|Stealth Rock|[from] move: Defog|[of] p2a: Corviknight\n|\n|upkeep\n|turn|9\n|j| swellow is stronk\n|\n|t:|1700015064\n|switch|p2a: Alomomola|Alomomola, M|100\/100 brn\n|move|p1a: Weezing|Sludge Bomb|p2a: Alomomola\n|-damage|p2a: Alomomola|74\/100 brn\n|\n|-heal|p2a: Alomomola|80\/100 brn|[from] item: Leftovers\n|-damage|p2a: Alomomola|74\/100 brn|[from] brn\n|upkeep\n|turn|10\n|c|\u2606mathismathin|ya probably a draw\n|j| Swingmydoe\n|c| swellow is stronk|lol\n|c| swellow is stronk|hi guys\n|c|\u2606mathismathin|ok that does negative\n|c|\u2606Quamnckkk|hi\n|c|\u2606mathismathin|hi\n|c|\u2606Quamnckkk|lol\n|c|\u2606mathismathin|im winning\n|c|\u2606mathismathin|btw\n|c|\u2606Quamnckkk|real\n|\n|t:|1700015079\n|-end|p1a: Weezing|ability: Neutralizing Gas\n|switch|p1a: Alomomola|Alomomola, F|100\/100\n|move|p2a: Alomomola|Flip Turn|p1a: Alomomola\n|-resisted|p1a: Alomomola\n|-damage|p1a: Alomomola|98\/100\n|\n|t:|1700015083\n|switch|p2a: Weezing|Weezing-Galar, F|100\/100|[from] Flip Turn\n|-ability|p2a: Weezing|Neutralizing Gas\n|\n|-heal|p1a: Alomomola|100\/100|[from] item: Leftovers\n|upkeep\n|turn|11\n|c|\u2606Quamnckkk|now i burn >:)\n|c|\u2606Quamnckkk|also\n|\n|t:|1700015101\n|move|p2a: Weezing|Will-O-Wisp|p1a: Alomomola\n|-status|p1a: Alomomola|brn\n|move|p1a: Alomomola|Flip Turn|p2a: Weezing\n|-damage|p2a: Weezing|95\/100\n|c| swellow is stronk|how tf did u guys even manage to match up into each other\n|c|\u2606Quamnckkk|i hacked in poison gas on this guy\n|c| swellow is stronk|like 200 point difference\n|\n|t:|1700015111\n|switch|p1a: Weezing|Weezing-Galar, F|100\/100|[from] Flip Turn\n|-ability|p1a: Weezing|Neutralizing Gas\n|\n|upkeep\n|turn|12\n|c|\u2606mathismathin|150\n|c|\u2606mathismathin|isnt weird at all\n|c|\u2606Quamnckkk|ive been matching up against 1600s\n|\n|t:|1700015122\n|switch|p1a: Alomomola|Alomomola, F|100\/100 brn\n|move|p2a: Weezing|Will-O-Wisp|p1a: Alomomola\n|-fail|p1a: Alomomola|brn\n|\n|-damage|p1a: Alomomola|94\/100 brn|[from] brn\n|upkeep\n|turn|13\n|c|\u2606mathismathin|like 1900s matching down 200 happens all the time\n|\n|t:|1700015130\n|-end|p2a: Weezing|ability: Neutralizing Gas\n|switch|p2a: Alomomola|Alomomola, M|100\/100 brn\n|move|p1a: Alomomola|Protect||[still]\n|-fail|p1a: Alomomola\n|\n|-heal|p1a: Alomomola|100\/100 brn|[from] item: Leftovers\n|-damage|p2a: Alomomola|94\/100 brn|[from] brn\n|-damage|p1a: Alomomola|94\/100 brn|[from] brn\n|upkeep\n|turn|14\n|\n|t:|1700015135\n|switch|p1a: Corviknight|Corviknight, F|100\/100\n|-ability|p1a: Corviknight|Pressure\n|move|p2a: Alomomola|Flip Turn|p1a: Corviknight\n|-damage|p1a: Corviknight|96\/100\n|-damage|p2a: Alomomola|78\/100 brn|[from] item: Rocky Helmet|[of] p1a: Corviknight\n|c|\u2606mathismathin|chip\n|c|\u2606mathismathin|ez\n|\n|t:|1700015145\n|switch|p2a: Corviknight|Corviknight, M|100\/100|[from] Flip Turn\n|-ability|p2a: Corviknight|Pressure\n|\n|upkeep\n|turn|15\n|\n|t:|1700015148\n|switch|p2a: Alomomola|Alomomola, M|100\/100 brn\n|switch|p1a: Weezing|Weezing-Galar, F|100\/100\n|-ability|p1a: Weezing|Neutralizing Gas\n|\n|-damage|p2a: Alomomola|94\/100 brn|[from] brn\n|upkeep\n|turn|16\n|c|\u2606Quamnckkk|real\n|c| swellow is stronk|alr whos gonna tell him\n|c|\u2606Quamnckkk|tell who\n|\n|t:|1700015166\n|-end|p1a: Weezing|ability: Neutralizing Gas\n|switch|p1a: Corviknight|Corviknight, F|96\/100\n|-ability|p1a: Corviknight|Pressure\n|switch|p2a: Dondozo|Dondozo, F|100\/100\n|\n|upkeep\n|turn|17\n|c| swellow is stronk|nvm\n|\n|t:|1700015192\n|switch|p1a: Alomomola|Alomomola, F|100\/100 brn\n|switch|p2a: Weezing|Weezing-Galar, F|95\/100\n|-ability|p2a: Weezing|Neutralizing Gas\n|\n|-damage|p1a: Alomomola|94\/100 brn|[from] brn\n|upkeep\n|turn|18\n|j| Spiderking3261\n|\n|t:|1700015200\n|move|p2a: Weezing|Sludge Bomb|p1a: Alomomola\n|-damage|p1a: Alomomola|72\/100 brn\n|move|p1a: Alomomola|Flip Turn|p2a: Weezing\n|-damage|p2a: Weezing|89\/100\n|l| Spiderking3261\n|c|\u2606Quamnckkk|goob chip\n|inactive|mathismathin has 120 seconds left.\n|\n|t:|1700015221\n|switch|p1a: Weezing|Weezing-Galar, F|100\/100|[from] Flip Turn\n|-ability|p1a: Weezing|Neutralizing Gas\n|\n|upkeep\n|turn|19\n|c| swellow is stronk|you know what might be intersting\n|inactive|mathismathin has 120 seconds left.\n|\n|t:|1700015229\n|move|p1a: Weezing|Will-O-Wisp|p2a: Weezing\n|-status|p2a: Weezing|brn\n|move|p2a: Weezing|Will-O-Wisp|p1a: Weezing\n|-status|p1a: Weezing|brn\n|\n|-damage|p1a: Weezing|95\/100 brn|[from] brn\n|-damage|p2a: Weezing|83\/100 brn|[from] brn\n|upkeep\n|turn|20\n|c|\u2606Quamnckkk|okay\n|c| swellow is stronk|if i used a full team of regenvest mons\n|c|\u2606Quamnckkk|if i missed there\n|c|\u2606mathismathin|lol\n|c|\u2606Quamnckkk|you might have had winning odds\n|\n|t:|1700015247\n|switch|p2a: Alomomola|Alomomola, M|100\/100 brn\n|move|p1a: Weezing|Sludge Bomb|p2a: Alomomola\n|-crit|p2a: Alomomola\n|-damage|p2a: Alomomola|63\/100 brn\n|\n|-heal|p2a: Alomomola|69\/100 brn|[from] item: Leftovers\n|-damage|p1a: Weezing|89\/100 brn|[from] brn\n|-damage|p2a: Alomomola|63\/100 brn|[from] brn\n|upkeep\n|turn|21\n|\n|t:|1700015256\n|move|p1a: Weezing|Defog|p2a: Alomomola\n|-unboost|p2a: Alomomola|evasion|1\n|move|p2a: Alomomola|Wish|p2a: Alomomola\n|\n|-heal|p2a: Alomomola|69\/100 brn|[from] item: Leftovers\n|-damage|p1a: Weezing|83\/100 brn|[from] brn\n|-damage|p2a: Alomomola|63\/100 brn|[from] brn\n|upkeep\n|turn|22\n|\n|t:|1700015263\n|-end|p1a: Weezing|ability: Neutralizing Gas\n|switch|p1a: Alomomola|Alomomola, F|72\/100 brn\n|move|p2a: Alomomola|Mirror Coat||[still]\n|-fail|p2a: Alomomola\n|\n|-heal|p2a: Alomomola|100\/100 brn|[from] move: Wish|[wisher] Alomomola\n|-heal|p1a: Alomomola|78\/100 brn|[from] item: Leftovers\n|-damage|p1a: Alomomola|72\/100 brn|[from] brn\n|-damage|p2a: Alomomola|94\/100 brn|[from] brn\n|upkeep\n|turn|23\n|\n|t:|1700015268\n|switch|p1a: Corviknight|Corviknight, F|96\/100\n|-ability|p1a: Corviknight|Pressure\n|switch|p2a: Weezing|Weezing-Galar, F|83\/100 brn\n|-ability|p2a: Weezing|Neutralizing Gas\n|\n|-damage|p2a: Weezing|77\/100 brn|[from] brn\n|upkeep\n|turn|24\n|c|\u2606Quamnckkk|no no no too much gas\n|\n|t:|1700015276\n|switch|p1a: Alomomola|Alomomola, F|100\/100 brn\n|move|p2a: Weezing|Sludge Bomb|p1a: Alomomola\n|-damage|p1a: Alomomola|74\/100 brn\n|\n|-heal|p1a: Alomomola|80\/100 brn|[from] item: Leftovers\n|-damage|p2a: Weezing|71\/100 brn|[from] brn\n|-damage|p1a: Alomomola|74\/100 brn|[from] brn\n|upkeep\n|turn|25\n|\n|t:|1700015282\n|move|p2a: Weezing|Pain Split|p1a: Alomomola\n|-sethp|p1a: Alomomola|62\/100 brn|[from] move: Pain Split|[silent]\n|-sethp|p2a: Weezing|88\/100 brn|[from] move: Pain Split\n|move|p1a: Alomomola|Wish|p1a: Alomomola\n|\n|-heal|p1a: Alomomola|68\/100 brn|[from] item: Leftovers\n|-damage|p2a: Weezing|82\/100 brn|[from] brn\n|-damage|p1a: Alomomola|62\/100 brn|[from] brn\n|upkeep\n|turn|26\n|\n|t:|1700015290\n|move|p2a: Weezing|Will-O-Wisp|p1a: Alomomola\n|-fail|p1a: Alomomola|brn\n|move|p1a: Alomomola|Mirror Coat||[still]\n|-fail|p1a: Alomomola\n|\n|-heal|p1a: Alomomola|100\/100 brn|[from] move: Wish|[wisher] Alomomola\n|-damage|p2a: Weezing|76\/100 brn|[from] brn\n|-damage|p1a: Alomomola|94\/100 brn|[from] brn\n|upkeep\n|turn|27\n|j| isoptera\n|\n|t:|1700015295\n|move|p1a: Alomomola|Protect|p1a: Alomomola\n|-singleturn|p1a: Alomomola|Protect\n|move|p2a: Weezing|Pain Split|p1a: Alomomola\n|-activate|p1a: Alomomola|move: Protect\n|\n|-heal|p1a: Alomomola|100\/100 brn|[from] item: Leftovers\n|-damage|p2a: Weezing|70\/100 brn|[from] brn\n|-damage|p1a: Alomomola|94\/100 brn|[from] brn\n|upkeep\n|turn|28\n|\n|t:|1700015301\n|move|p2a: Weezing|Pain Split|p1a: Alomomola\n|-sethp|p1a: Alomomola|72\/100 brn|[from] move: Pain Split|[silent]\n|-sethp|p2a: Weezing|100\/100 brn|[from] move: Pain Split\n|move|p1a: Alomomola|Flip Turn|p2a: Weezing\n|-damage|p2a: Weezing|95\/100 brn\n|\n|t:|1700015308\n|switch|p1a: Ting-Lu|Ting-Lu|98\/100|[from] Flip Turn\n|\n|-heal|p1a: Ting-Lu|100\/100|[from] item: Leftovers\n|-damage|p2a: Weezing|89\/100 brn|[from] brn\n|upkeep\n|turn|29\n|\n|t:|1700015311\n|move|p1a: Ting-Lu|Protect|p1a: Ting-Lu\n|-singleturn|p1a: Ting-Lu|Protect\n|move|p2a: Weezing|Will-O-Wisp|p1a: Ting-Lu\n|-activate|p1a: Ting-Lu|move: Protect\n|\n|-damage|p2a: Weezing|83\/100 brn|[from] brn\n|upkeep\n|turn|30\n|\n|t:|1700015327\n|switch|p1a: Dondozo|Dondozo, M|100\/100\n|move|p2a: Weezing|Will-O-Wisp|p1a: Dondozo\n|-status|p1a: Dondozo|brn\n|\n|-damage|p2a: Weezing|77\/100 brn|[from] brn\n|-damage|p1a: Dondozo|94\/100 brn|[from] brn\n|upkeep\n|turn|31\n|\n|t:|1700015332\n|move|p2a: Weezing|Pain Split|p1a: Dondozo\n|-sethp|p1a: Dondozo|73\/100 brn|[from] move: Pain Split|[silent]\n|-sethp|p2a: Weezing|100\/100 brn|[from] move: Pain Split\n|move|p1a: Dondozo|Earthquake|p2a: Weezing\n|-supereffective|p2a: Weezing\n|-damage|p2a: Weezing|86\/100 brn\n|\n|-heal|p1a: Dondozo|79\/100 brn|[from] item: Leftovers\n|-damage|p2a: Weezing|80\/100 brn|[from] brn\n|-damage|p1a: Dondozo|73\/100 brn|[from] brn\n|upkeep\n|turn|32\n|c|\u2606Quamnckkk|oh youre that set\n|\n|t:|1700015345\n|-end|p2a: Weezing|ability: Neutralizing Gas\n|switch|p2a: Ting-Lu|Ting-Lu|100\/100\n|-ability|p2a: Ting-Lu|Vessel of Ruin\n|move|p1a: Dondozo|Earthquake|p2a: Ting-Lu\n|-damage|p2a: Ting-Lu|95\/100\n|\n|-heal|p2a: Ting-Lu|100\/100|[from] item: Leftovers\n|-heal|p1a: Dondozo|79\/100 brn|[from] item: Leftovers\n|-damage|p1a: Dondozo|73\/100 brn|[from] brn\n|upkeep\n|turn|33\n|c|\u2606mathismathin|oh is this an old version\n|\n|t:|1700015352\n|switch|p1a: Corviknight|Corviknight, F|96\/100\n|-ability|p1a: Corviknight|Pressure\n|move|p2a: Ting-Lu|Stealth Rock|p1a: Corviknight\n|-sidestart|p1: mathismathin|move: Stealth Rock\n|\n|upkeep\n|turn|34\n|c|\u2606Quamnckkk|its alright but i changed it to wave crash press\n|c|\u2606Quamnckkk|tera dark\n|c|\u2606mathismathin|aight\n|j| SwabbyYabby\n|c|\u2606Quamnckkk|and dragon corv\n|c|\u2606mathismathin|this one beats sinistcha though\n|j| CthunsChosen\n|c|\u2606Quamnckkk|true\n|j| Spiderking3261\n|c|\u2606mathismathin|though dark probably does too\n|inactive|mathismathin has 120 seconds left.\n|inactive|Quamnckkk has 120 seconds left.\n|c|\u2606Quamnckkk|yeah\n|c|\u2606Quamnckkk|you just have to pp stall\n|\n|t:|1700015391\n|move|p2a: Ting-Lu|Protect|p2a: Ting-Lu\n|-singleturn|p2a: Ting-Lu|Protect\n|move|p1a: Corviknight|Defog|p2a: Ting-Lu\n|-activate|p2a: Ting-Lu|move: Protect\n|\n|upkeep\n|turn|35\n|\n|t:|1700015397\n|switch|p2a: Corviknight|Corviknight, M|100\/100\n|-ability|p2a: Corviknight|Pressure\n|move|p1a: Corviknight|Defog|p2a: Corviknight\n|-unboost|p2a: Corviknight|evasion|1\n|-sideend|p1: mathismathin|Stealth Rock|[from] move: Defog|[of] p1a: Corviknight\n|\n|upkeep\n|turn|36\n|\n|t:|1700015403\n|switch|p2a: Ting-Lu|Ting-Lu|100\/100\n|-ability|p2a: Ting-Lu|Vessel of Ruin\n|switch|p1a: Alomomola|Alomomola, F|72\/100 brn\n|\n|-heal|p1a: Alomomola|78\/100 brn|[from] item: Leftovers\n|-damage|p1a: Alomomola|72\/100 brn|[from] brn\n|upkeep\n|turn|37\n|c| swellow is stronk|no dont beat sinistcha pls\n|\n|t:|1700015408\n|switch|p2a: Weezing|Weezing-Galar, F|80\/100 brn\n|-ability|p2a: Weezing|Neutralizing Gas\n|switch|p1a: Ting-Lu|Ting-Lu|100\/100\n|\n|-damage|p2a: Weezing|74\/100 brn|[from] brn\n|upkeep\n|turn|38\n|j| gosuBX\n|\n|t:|1700015412\n|move|p1a: Ting-Lu|Protect|p1a: Ting-Lu\n|-singleturn|p1a: Ting-Lu|Protect\n|move|p2a: Weezing|Will-O-Wisp|p1a: Ting-Lu\n|-activate|p1a: Ting-Lu|move: Protect\n|\n|-damage|p2a: Weezing|68\/100 brn|[from] brn\n|upkeep\n|turn|39\n|j| sorrow132\n|c|\u2606Quamnckkk|it's about drive, it's about power\n|\n|t:|1700015423\n|-end|p2a: Weezing|ability: Neutralizing Gas\n|-ability|p1a: Ting-Lu|Vessel of Ruin\n|switch|p2a: Corviknight|Corviknight, M|100\/100\n|-ability|p2a: Corviknight|Pressure\n|switch|p1a: Dondozo|Dondozo, M|73\/100 brn\n|\n|-heal|p1a: Dondozo|79\/100 brn|[from] item: Leftovers\n|-damage|p1a: Dondozo|73\/100 brn|[from] brn\n|upkeep\n|turn|40\n|\n|t:|1700015429\n|switch|p2a: Alomomola|Alomomola, M|100\/100 brn\n|switch|p1a: Alomomola|Alomomola, F|72\/100 brn\n|\n|-heal|p1a: Alomomola|78\/100 brn|[from] item: Leftovers\n|-damage|p1a: Alomomola|72\/100 brn|[from] brn\n|-damage|p2a: Alomomola|94\/100 brn|[from] brn\n|upkeep\n|turn|41\n|c| swellow is stronk|a message from your local sinistcha stall enjoyer\n|\n|t:|1700015433\n|switch|p1a: Corviknight|Corviknight, F|96\/100\n|-ability|p1a: Corviknight|Pressure\n|switch|p2a: Weezing|Weezing-Galar, F|68\/100 brn\n|-ability|p2a: Weezing|Neutralizing Gas\n|\n|-damage|p2a: Weezing|62\/100 brn|[from] brn\n|upkeep\n|turn|42\n|l| SandGetsEverywhere\n|l| isoptera\n|c|\u2606Quamnckkk|NARR NOT THE SPEED TIE\n|\n|t:|1700015440\n|switch|p1a: Alomomola|Alomomola, F|100\/100 brn\n|move|p2a: Weezing|Pain Split|p1a: Alomomola\n|-sethp|p1a: Alomomola|72\/100 brn|[from] move: Pain Split|[silent]\n|-sethp|p2a: Weezing|100\/100 brn|[from] move: Pain Split\n|\n|-heal|p1a: Alomomola|78\/100 brn|[from] item: Leftovers\n|-damage|p2a: Weezing|95\/100 brn|[from] brn\n|-damage|p1a: Alomomola|72\/100 brn|[from] brn\n|upkeep\n|turn|43\n|l| Spiderking3261\n|c|\u2606mathismathin|i gotta start running 4 speed evs for the mirror\n|c|\u2606mathismathin|ong\n|j| cheese miestro\n|c| CthunsChosen|real\n|j| Spiderking3261\n|c|\u2606Quamnckkk|1 speed IV\n|c|\u2606mathismathin|i mean just 2 ivs or we\n|c|\u2606mathismathin|yea\n|\n|t:|1700015466\n|switch|p1a: Dondozo|Dondozo, M|73\/100 brn\n|move|p2a: Weezing|Will-O-Wisp|p1a: Dondozo\n|-fail|p1a: Dondozo|brn\n|\n|-heal|p1a: Dondozo|79\/100 brn|[from] item: Leftovers\n|-damage|p2a: Weezing|89\/100 brn|[from] brn\n|-damage|p1a: Dondozo|73\/100 brn|[from] brn\n|upkeep\n|turn|44\n|\n|t:|1700015473\n|move|p2a: Weezing|Sludge Bomb|p1a: Dondozo\n|-damage|p1a: Dondozo|54\/100 brn\n|move|p1a: Dondozo|Avalanche|p2a: Weezing\n|-damage|p2a: Weezing|80\/100 brn\n|\n|-heal|p1a: Dondozo|60\/100 brn|[from] item: Leftovers\n|-damage|p2a: Weezing|74\/100 brn|[from] brn\n|-damage|p1a: Dondozo|54\/100 brn|[from] brn\n|upkeep\n|turn|45\n|\n|t:|1700015480\n|move|p2a: Weezing|Sludge Bomb|p1a: Dondozo\n|-damage|p1a: Dondozo|35\/100 brn\n|move|p1a: Dondozo|Avalanche|p2a: Weezing\n|-damage|p2a: Weezing|66\/100 brn\n|\n|-heal|p1a: Dondozo|41\/100 brn|[from] item: Leftovers\n|-damage|p2a: Weezing|60\/100 brn|[from] brn\n|-damage|p1a: Dondozo|35\/100 brn|[from] brn\n|upkeep\n|turn|46\n|c| CthunsChosen|9% avalanche LOL\n|\n|t:|1700015486\n|move|p2a: Weezing|Sludge Bomb|p1a: Dondozo\n|-damage|p1a: Dondozo|19\/100 brn\n|move|p1a: Dondozo|Rest|p1a: Dondozo\n|-status|p1a: Dondozo|slp|[from] move: Rest\n|-heal|p1a: Dondozo|100\/100 slp|[silent]\n|\n|-damage|p2a: Weezing|54\/100 brn|[from] brn\n|upkeep\n|turn|47\n|\n|t:|1700015490\n|move|p2a: Weezing|Pain Split|p1a: Dondozo\n|-sethp|p1a: Dondozo|68\/100 slp|[from] move: Pain Split|[silent]\n|-sethp|p2a: Weezing|100\/100 brn|[from] move: Pain Split\n|cant|p1a: Dondozo|slp\n|\n|-heal|p1a: Dondozo|74\/100 slp|[from] item: Leftovers\n|-damage|p2a: Weezing|95\/100 brn|[from] brn\n|upkeep\n|turn|48\n|c|\u2606Quamnckkk|gimme\n|\n|t:|1700015494\n|-end|p2a: Weezing|ability: Neutralizing Gas\n|switch|p2a: Alomomola|Alomomola, M|100\/100 brn\n|cant|p1a: Dondozo|slp\n|\n|-heal|p1a: Dondozo|80\/100 slp|[from] item: Leftovers\n|-damage|p2a: Alomomola|94\/100 brn|[from] brn\n|upkeep\n|turn|49\n|\n|t:|1700015499\n|switch|p2a: Weezing|Weezing-Galar, F|95\/100 brn\n|-ability|p2a: Weezing|Neutralizing Gas\n|switch|p1a: Alomomola|Alomomola, F|72\/100 brn\n|\n|-heal|p1a: Alomomola|78\/100 brn|[from] item: Leftovers\n|-damage|p2a: Weezing|89\/100 brn|[from] brn\n|-damage|p1a: Alomomola|72\/100 brn|[from] brn\n|upkeep\n|turn|50\n|j| ScrubMan686\n|c| swellow is stronk|i may completely feel the arbitrary need to queue up a game with this team now\n|\n|t:|1700015506\n|move|p1a: Alomomola|Protect|p1a: Alomomola\n|-singleturn|p1a: Alomomola|Protect\n|move|p2a: Weezing|Will-O-Wisp|p1a: Alomomola\n|-activate|p1a: Alomomola|move: Protect\n|\n|-heal|p1a: Alomomola|78\/100 brn|[from] item: Leftovers\n|-damage|p2a: Weezing|83\/100 brn|[from] brn\n|-damage|p1a: Alomomola|72\/100 brn|[from] brn\n|upkeep\n|turn|51\n|c|\u2606mathismathin|ill load another\n|c|\u2606mathismathin|and snipe you\n|l| ScrubMan686\n|\n|t:|1700015516\n|switch|p1a: Dondozo|Dondozo, M|80\/100 slp\n|move|p2a: Weezing|Sludge Bomb|p1a: Dondozo\n|-damage|p1a: Dondozo|64\/100 slp\n|\n|-heal|p1a: Dondozo|70\/100 slp|[from] item: Leftovers\n|-damage|p2a: Weezing|77\/100 brn|[from] brn\n|upkeep\n|turn|52\n|c|\u2606Quamnckkk|REAL\n|c| CthunsChosen|real\n|c| swellow is stronk|ill play on my 1500 alt\n|l| Spiderking3261\n|c|\u2606Quamnckkk|honestly\n|c|\u2606Quamnckkk|you still might queue\n|\n|t:|1700015536\n|move|p2a: Weezing|Sludge Bomb|p1a: Dondozo\n|-damage|p1a: Dondozo|53\/100 slp\n|-curestatus|p1a: Dondozo|slp|[msg]\n|move|p1a: Dondozo|Earthquake|p2a: Weezing\n|-supereffective|p2a: Weezing\n|-damage|p2a: Weezing|48\/100 brn\n|\n|-heal|p1a: Dondozo|59\/100|[from] item: Leftovers\n|-damage|p2a: Weezing|42\/100 brn|[from] brn\n|upkeep\n|turn|53\n|c| swellow is stronk|true\n|c|\u2606mathismathin|chip\n|\n|t:|1700015550\n|-end|p2a: Weezing|ability: Neutralizing Gas\n|switch|p2a: Alomomola|Alomomola, M|100\/100 brn\n|move|p1a: Dondozo|Curse|p1a: Dondozo\n|-unboost|p1a: Dondozo|spe|1\n|-boost|p1a: Dondozo|atk|1\n|-boost|p1a: Dondozo|def|1\n|\n|-heal|p1a: Dondozo|65\/100|[from] item: Leftovers\n|-damage|p2a: Alomomola|94\/100 brn|[from] brn\n|upkeep\n|turn|54\n|c|\u2606Quamnckkk|but how much chip \ud83e\udd14\n|c| swellow is stronk|pain split has a crazy high amount of pp\n|\n|t:|1700015562\n|switch|p1a: Alomomola|Alomomola, F|72\/100 brn\n|move|p2a: Alomomola|Flip Turn|p1a: Alomomola\n|-resisted|p1a: Alomomola\n|-damage|p1a: Alomomola|69\/100 brn\n|\n|t:|1700015565\n|switch|p2a: Weezing|Weezing-Galar, F|42\/100 brn|[from] Flip Turn\n|-ability|p2a: Weezing|Neutralizing Gas\n|\n|-heal|p1a: Alomomola|75\/100 brn|[from] item: Leftovers\n|-damage|p2a: Weezing|36\/100 brn|[from] brn\n|-damage|p1a: Alomomola|69\/100 brn|[from] brn\n|upkeep\n|turn|55\n|\n|t:|1700015569\n|move|p1a: Alomomola|Protect|p1a: Alomomola\n|-singleturn|p1a: Alomomola|Protect\n|move|p2a: Weezing|Pain Split|p1a: Alomomola\n|-activate|p1a: Alomomola|move: Protect\n|\n|-heal|p1a: Alomomola|75\/100 brn|[from] item: Leftovers\n|-damage|p2a: Weezing|30\/100 brn|[from] brn\n|-damage|p1a: Alomomola|69\/100 brn|[from] brn\n|upkeep\n|turn|56\n|\n|t:|1700015574\n|switch|p1a: Dondozo|Dondozo, M|65\/100\n|move|p2a: Weezing|Pain Split|p1a: Dondozo\n|-sethp|p1a: Dondozo|43\/100|[from] move: Pain Split|[silent]\n|-sethp|p2a: Weezing|64\/100 brn|[from] move: Pain Split\n|\n|-heal|p1a: Dondozo|49\/100|[from] item: Leftovers\n|-damage|p2a: Weezing|58\/100 brn|[from] brn\n|upkeep\n|turn|57\n|\n|t:|1700015581\n|move|p2a: Weezing|Will-O-Wisp|p1a: Dondozo\n|-status|p1a: Dondozo|brn\n|move|p1a: Dondozo|Earthquake|p2a: Weezing\n|-supereffective|p2a: Weezing\n|-damage|p2a: Weezing|44\/100 brn\n|\n|-heal|p1a: Dondozo|55\/100 brn|[from] item: Leftovers\n|-damage|p2a: Weezing|38\/100 brn|[from] brn\n|-damage|p1a: Dondozo|49\/100 brn|[from] brn\n|upkeep\n|turn|58\n|\n|t:|1700015586\n|move|p2a: Weezing|Pain Split|p1a: Dondozo\n|-sethp|p1a: Dondozo|37\/100 brn|[from] move: Pain Split|[silent]\n|-sethp|p2a: Weezing|56\/100 brn|[from] move: Pain Split\n|move|p1a: Dondozo|Rest|p1a: Dondozo\n|-status|p1a: Dondozo|slp|[from] move: Rest\n|-heal|p1a: Dondozo|100\/100 slp|[silent]\n|\n|-damage|p2a: Weezing|50\/100 brn|[from] brn\n|upkeep\n|turn|59\n|\n|t:|1700015590\n|move|p2a: Weezing|Pain Split|p1a: Dondozo\n|-sethp|p1a: Dondozo|67\/100 slp|[from] move: Pain Split|[silent]\n|-sethp|p2a: Weezing|100\/100 brn|[from] move: Pain Split\n|cant|p1a: Dondozo|slp\n|\n|-heal|p1a: Dondozo|73\/100 slp|[from] item: Leftovers\n|-damage|p2a: Weezing|95\/100 brn|[from] brn\n|upkeep\n|turn|60\n|c| swellow is stronk|miss wisp into crit = loss\n|c|\u2606Quamnckkk|imma need some of that\n|c| swellow is stronk|just fyi\n|\n|t:|1700015598\n|-end|p2a: Weezing|ability: Neutralizing Gas\n|switch|p2a: Alomomola|Alomomola, M|100\/100 brn\n|cant|p1a: Dondozo|slp\n|\n|-heal|p1a: Dondozo|79\/100 slp|[from] item: Leftovers\n|-damage|p2a: Alomomola|94\/100 brn|[from] brn\n|upkeep\n|turn|61\n|\n|t:|1700015604\n|switch|p2a: Corviknight|Corviknight, M|100\/100\n|-ability|p2a: Corviknight|Pressure\n|switch|p1a: Corviknight|Corviknight, F|96\/100\n|-ability|p1a: Corviknight|Pressure\n|\n|upkeep\n|turn|62\n|\n|t:|1700015612\n|switch|p2a: Weezing|Weezing-Galar, F|95\/100 brn\n|-ability|p2a: Weezing|Neutralizing Gas\n|switch|p1a: Weezing|Weezing-Galar, F|83\/100 brn\n|-ability|p1a: Weezing|Neutralizing Gas\n|\n|-damage|p2a: Weezing|89\/100 brn|[from] brn\n|-damage|p1a: Weezing|77\/100 brn|[from] brn\n|upkeep\n|turn|63\n|c|\u2606Quamnckkk|alright this is probably a draw\n|\n|t:|1700015625\n|switch|p2a: Alomomola|Alomomola, M|100\/100 brn\n|-end|p1a: Weezing|ability: Neutralizing Gas\n|switch|p1a: Dondozo|Dondozo, M|79\/100 slp\n|\n|-heal|p1a: Dondozo|85\/100 slp|[from] item: Leftovers\n|-damage|p2a: Alomomola|94\/100 brn|[from] brn\n|upkeep\n|turn|64\n|c|\u2606Quamnckkk|aside from a few avenues of play\n|c| swellow is stronk|what if he neutralizing gassed the neturalizing gas\n|c|\u2606mathismathin|lol\n|c| swellow is stronk|like in a doubles game\n|\n|t:|1700015637\n|switch|p2a: Corviknight|Corviknight, M|100\/100\n|-ability|p2a: Corviknight|Pressure\n|switch|p1a: Corviknight|Corviknight, F|96\/100\n|-ability|p1a: Corviknight|Pressure\n|\n|upkeep\n|turn|65\n|c| swellow is stronk|does it work that way?\n|\n|t:|1700015644\n|switch|p2a: Alomomola|Alomomola, M|100\/100 brn\n|switch|p1a: Weezing|Weezing-Galar, F|77\/100 brn\n|-ability|p1a: Weezing|Neutralizing Gas\n|\n|-damage|p1a: Weezing|71\/100 brn|[from] brn\n|-damage|p2a: Alomomola|94\/100 brn|[from] brn\n|upkeep\n|turn|66\n|\n|t:|1700015650\n|switch|p2a: Weezing|Weezing-Galar, F|89\/100 brn\n|-ability|p2a: Weezing|Neutralizing Gas\n|move|p1a: Weezing|Pain Split|p2a: Weezing\n|-sethp|p2a: Weezing|80\/100 brn|[from] move: Pain Split|[silent]\n|-sethp|p1a: Weezing|80\/100 brn|[from] move: Pain Split\n|\n|-damage|p2a: Weezing|74\/100 brn|[from] brn\n|-damage|p1a: Weezing|74\/100 brn|[from] brn\n|upkeep\n|turn|67\n|l| gosuBX\n|c| CthunsChosen|I don't think it works that way\n|c| CthunsChosen|that would be funny though\n|\n|t:|1700015660\n|switch|p2a: Alomomola|Alomomola, M|94\/100 brn\n|move|p1a: Weezing|Sludge Bomb|p2a: Alomomola\n|-damage|p2a: Alomomola|69\/100 brn\n|\n|-heal|p2a: Alomomola|76\/100 brn|[from] item: Leftovers\n|-damage|p1a: Weezing|68\/100 brn|[from] brn\n|-damage|p2a: Alomomola|69\/100 brn|[from] brn\n|upkeep\n|turn|68\n|c|\u2606Quamnckkk|yeah it does\n|c|\u2606Quamnckkk|doesnt\n|c|\u2606Quamnckkk|*\n|c|\u2606Quamnckkk|you saw right there btoh activated\n|\n|t:|1700015678\n|move|p1a: Weezing|Pain Split|p2a: Alomomola\n|-sethp|p2a: Alomomola|59\/100 brn|[from] move: Pain Split|[silent]\n|-sethp|p1a: Weezing|83\/100 brn|[from] move: Pain Split\n|move|p2a: Alomomola|Wish|p2a: Alomomola\n|\n|-heal|p2a: Alomomola|65\/100 brn|[from] item: Leftovers\n|-damage|p1a: Weezing|77\/100 brn|[from] brn\n|-damage|p2a: Alomomola|59\/100 brn|[from] brn\n|upkeep\n|turn|69\n|l| Ivaannn\n|\n|t:|1700015685\n|-end|p1a: Weezing|ability: Neutralizing Gas\n|switch|p1a: Ting-Lu|Ting-Lu|100\/100\n|-ability|p1a: Ting-Lu|Vessel of Ruin\n|move|p2a: Alomomola|Protect||[still]\n|-fail|p2a: Alomomola\n|\n|-heal|p2a: Alomomola|100\/100 brn|[from] move: Wish|[wisher] Alomomola\n|-damage|p2a: Alomomola|94\/100 brn|[from] brn\n|upkeep\n|turn|70\n|j| Ivaannn\n|\n|t:|1700015691\n|switch|p2a: Corviknight|Corviknight, M|100\/100\n|-ability|p2a: Corviknight|Pressure\n|move|p1a: Ting-Lu|Stealth Rock|p2a: Corviknight\n|-sidestart|p2: Quamnckkk|move: Stealth Rock\n|\n|upkeep\n|turn|71\n|l| Ivaannn\n|\n|t:|1700015696\n|switch|p1a: Corviknight|Corviknight, F|96\/100\n|-ability|p1a: Corviknight|Pressure\n|move|p2a: Corviknight|Defog|p1a: Corviknight\n|-unboost|p1a: Corviknight|evasion|1\n|-sideend|p2: Quamnckkk|Stealth Rock|[from] move: Defog|[of] p2a: Corviknight\n|\n|upkeep\n|turn|72\n|c| swellow is stronk|makes me wanna play vgc now\n|\n|t:|1700015706\n|switch|p2a: Ting-Lu|Ting-Lu|100\/100\n|-ability|p2a: Ting-Lu|Vessel of Ruin\n|switch|p1a: Dondozo|Dondozo, M|85\/100 slp\n|\n|-heal|p1a: Dondozo|91\/100 slp|[from] item: Leftovers\n|upkeep\n|turn|73\n|c| swellow is stronk|time to queue up this team and vgc\n|\n|t:|1700015711\n|switch|p1a: Corviknight|Corviknight, F|96\/100\n|-ability|p1a: Corviknight|Pressure\n|move|p2a: Ting-Lu|Stealth Rock|p1a: Corviknight\n|-sidestart|p1: mathismathin|move: Stealth Rock\n|\n|upkeep\n|turn|74\n|c| CthunsChosen|real\n|\n|t:|1700015717\n|switch|p2a: Corviknight|Corviknight, M|100\/100\n|-ability|p2a: Corviknight|Pressure\n|move|p1a: Corviknight|Iron Defense|p1a: Corviknight\n|-boost|p1a: Corviknight|def|2\n|\n|upkeep\n|turn|75\n|c| CthunsChosen|stall vgc go crazy\n|\n|t:|1700015721\n|switch|p1a: Weezing|Weezing-Galar, F|77\/100 brn\n|-ability|p1a: Weezing|Neutralizing Gas\n|move|p2a: Corviknight|Iron Defense|p2a: Corviknight\n|-boost|p2a: Corviknight|def|2\n|\n|-damage|p1a: Weezing|71\/100 brn|[from] brn\n|upkeep\n|turn|76\n|\n|t:|1700015726\n|switch|p2a: Weezing|Weezing-Galar, F|74\/100 brn\n|-ability|p2a: Weezing|Neutralizing Gas\n|move|p1a: Weezing|Defog|p2a: Weezing\n|-unboost|p2a: Weezing|evasion|1\n|-sideend|p1: mathismathin|Stealth Rock|[from] move: Defog|[of] p1a: Weezing\n|\n|-damage|p2a: Weezing|68\/100 brn|[from] brn\n|-damage|p1a: Weezing|65\/100 brn|[from] brn\n|upkeep\n|turn|77\n|j| ashleyumu\n|\n|t:|1700015734\n|switch|p1a: Dondozo|Dondozo, M|91\/100 slp\n|move|p2a: Weezing|Sludge Bomb|p1a: Dondozo\n|-damage|p1a: Dondozo|74\/100 slp\n|\n|-heal|p1a: Dondozo|80\/100 slp|[from] item: Leftovers\n|-damage|p2a: Weezing|62\/100 brn|[from] brn\n|upkeep\n|turn|78\n|c|\u2606mathismathin|outplayed\n|\n|t:|1700015745\n|-end|p2a: Weezing|ability: Neutralizing Gas\n|switch|p2a: Alomomola|Alomomola, M|100\/100 brn\n|-curestatus|p1a: Dondozo|slp|[msg]\n|move|p1a: Dondozo|Curse|p1a: Dondozo\n|-unboost|p1a: Dondozo|spe|1\n|-boost|p1a: Dondozo|atk|1\n|-boost|p1a: Dondozo|def|1\n|\n|-heal|p1a: Dondozo|86\/100|[from] item: Leftovers\n|-damage|p2a: Alomomola|94\/100 brn|[from] brn\n|upkeep\n|turn|79\n|\n|t:|1700015750\n|switch|p2a: Dondozo|Dondozo, F|100\/100\n|switch|p1a: Ting-Lu|Ting-Lu|100\/100\n|-ability|p1a: Ting-Lu|Vessel of Ruin\n|\n|upkeep\n|turn|80\n|\n|t:|1700015756\n|switch|p2a: Corviknight|Corviknight, M|100\/100\n|-ability|p2a: Corviknight|Pressure\n|move|p1a: Ting-Lu|Spikes|p2a: Corviknight\n|-sidestart|p2: Quamnckkk|Spikes\n|\n|upkeep\n|turn|81\n|\n|t:|1700015767\n|switch|p2a: Alomomola|Alomomola, M|100\/100 brn\n|-damage|p2a: Alomomola|88\/100 brn|[from] Spikes\n|switch|p1a: Corviknight|Corviknight, F|96\/100\n|-ability|p1a: Corviknight|Pressure\n|\n|-heal|p2a: Alomomola|94\/100 brn|[from] item: Leftovers\n|-damage|p2a: Alomomola|88\/100 brn|[from] brn\n|upkeep\n|turn|82\n|\n|t:|1700015774\n|switch|p1a: Alomomola|Alomomola, F|69\/100 brn\n|move|p2a: Alomomola|Wish|p2a: Alomomola\n|\n|-heal|p2a: Alomomola|94\/100 brn|[from] item: Leftovers\n|-heal|p1a: Alomomola|75\/100 brn|[from] item: Leftovers\n|-damage|p1a: Alomomola|69\/100 brn|[from] brn\n|-damage|p2a: Alomomola|88\/100 brn|[from] brn\n|upkeep\n|turn|83\n|\n|t:|1700015778\n|switch|p2a: Weezing|Weezing-Galar, F|62\/100 brn\n|-ability|p2a: Weezing|Neutralizing Gas\n|move|p1a: Alomomola|Wish|p1a: Alomomola\n|\n|-heal|p2a: Weezing|100\/100 brn|[from] move: Wish|[wisher] Alomomola\n|-heal|p1a: Alomomola|75\/100 brn|[from] item: Leftovers\n|-damage|p2a: Weezing|95\/100 brn|[from] brn\n|-damage|p1a: Alomomola|69\/100 brn|[from] brn\n|upkeep\n|turn|84\n|j| SandGetsEverywhere\n|\n|t:|1700015788\n|move|p2a: Weezing|Defog|p1a: Alomomola\n|-unboost|p1a: Alomomola|evasion|1\n|-sideend|p2: Quamnckkk|Spikes|[from] move: Defog|[of] p2a: Weezing\n|move|p1a: Alomomola|Mirror Coat||[still]\n|-fail|p1a: Alomomola\n|\n|-heal|p1a: Alomomola|100\/100 brn|[from] move: Wish|[wisher] Alomomola\n|-damage|p2a: Weezing|89\/100 brn|[from] brn\n|-damage|p1a: Alomomola|94\/100 brn|[from] brn\n|upkeep\n|turn|85\n|\n|t:|1700015797\n|move|p2a: Weezing|Sludge Bomb|p1a: Alomomola\n|-damage|p1a: Alomomola|70\/100 brn\n|move|p1a: Alomomola|Flip Turn|p2a: Weezing\n|-damage|p2a: Weezing|83\/100 brn\n|\n|t:|1700015801\n|switch|p1a: Dondozo|Dondozo, M|86\/100|[from] Flip Turn\n|\n|-heal|p1a: Dondozo|93\/100|[from] item: Leftovers\n|-damage|p2a: Weezing|77\/100 brn|[from] brn\n|upkeep\n|turn|86\n|j| axl gen 9\n|\n|t:|1700015808\n|-end|p2a: Weezing|ability: Neutralizing Gas\n|switch|p2a: Corviknight|Corviknight, M|100\/100\n|-ability|p2a: Corviknight|Pressure\n|switch|p1a: Alomomola|Alomomola, F|70\/100 brn\n|\n|-heal|p1a: Alomomola|76\/100 brn|[from] item: Leftovers\n|-damage|p1a: Alomomola|70\/100 brn|[from] brn\n|upkeep\n|turn|87\n|c| CthunsChosen|will o wisp at 14\/24 is crazy lol\n|\n|t:|1700015814\n|switch|p2a: Weezing|Weezing-Galar, F|77\/100 brn\n|-ability|p2a: Weezing|Neutralizing Gas\n|switch|p1a: Ting-Lu|Ting-Lu|100\/100\n|\n|-damage|p2a: Weezing|71\/100 brn|[from] brn\n|upkeep\n|turn|88\n|\n|t:|1700015821\n|-end|p2a: Weezing|ability: Neutralizing Gas\n|-ability|p1a: Ting-Lu|Vessel of Ruin\n|switch|p2a: Corviknight|Corviknight, M|100\/100\n|-ability|p2a: Corviknight|Pressure\n|switch|p1a: Alomomola|Alomomola, F|70\/100 brn\n|\n|-heal|p1a: Alomomola|76\/100 brn|[from] item: Leftovers\n|-damage|p1a: Alomomola|70\/100 brn|[from] brn\n|upkeep\n|turn|89\n|l| axl gen 9\n|\n|t:|1700015833\n|switch|p2a: Alomomola|Alomomola, M|100\/100 brn\n|switch|p1a: Corviknight|Corviknight, F|96\/100\n|-ability|p1a: Corviknight|Pressure\n|\n|-damage|p2a: Alomomola|94\/100 brn|[from] brn\n|upkeep\n|turn|90\n|\n|t:|1700015836\n|switch|p1a: Alomomola|Alomomola, F|100\/100 brn\n|switch|p2a: Corviknight|Corviknight, M|100\/100\n|-ability|p2a: Corviknight|Pressure\n|\n|-damage|p1a: Alomomola|94\/100 brn|[from] brn\n|upkeep\n|turn|91\n|\n|t:|1700015839\n|switch|p2a: Alomomola|Alomomola, M|100\/100 brn\n|switch|p1a: Weezing|Weezing-Galar, F|65\/100 brn\n|-ability|p1a: Weezing|Neutralizing Gas\n|\n|-damage|p1a: Weezing|59\/100 brn|[from] brn\n|-damage|p2a: Alomomola|94\/100 brn|[from] brn\n|upkeep\n|turn|92\n|\n|t:|1700015844\n|move|p1a: Weezing|Pain Split|p2a: Alomomola\n|-sethp|p2a: Alomomola|68\/100 brn|[from] move: Pain Split|[silent]\n|-sethp|p1a: Weezing|96\/100 brn|[from] move: Pain Split\n|move|p2a: Alomomola|Mirror Coat||[still]\n|-fail|p2a: Alomomola\n|\n|-heal|p2a: Alomomola|74\/100 brn|[from] item: Leftovers\n|-damage|p1a: Weezing|90\/100 brn|[from] brn\n|-damage|p2a: Alomomola|68\/100 brn|[from] brn\n|upkeep\n|turn|93\n|c|\u2606mathismathin|outplayed\n|\n|t:|1700015852\n|-end|p1a: Weezing|ability: Neutralizing Gas\n|switch|p1a: Corviknight|Corviknight, F|96\/100\n|-ability|p1a: Corviknight|Pressure\n|move|p2a: Alomomola|Wish|p2a: Alomomola\n|\n|-heal|p2a: Alomomola|74\/100 brn|[from] item: Leftovers\n|-damage|p2a: Alomomola|68\/100 brn|[from] brn\n|upkeep\n|turn|94\n|c|\u2606Quamnckkk|real\n|l| SandGetsEverywhere\n|\n|t:|1700015858\n|switch|p1a: Alomomola|Alomomola, F|100\/100 brn\n|move|p2a: Alomomola|Mirror Coat||[still]\n|-fail|p2a: Alomomola\n|\n|-heal|p2a: Alomomola|100\/100 brn|[from] move: Wish|[wisher] Alomomola\n|-damage|p2a: Alomomola|94\/100 brn|[from] brn\n|-damage|p1a: Alomomola|94\/100 brn|[from] brn\n|upkeep\n|turn|95\n|\n|t:|1700015864\n|switch|p2a: Corviknight|Corviknight, M|100\/100\n|-ability|p2a: Corviknight|Pressure\n|switch|p1a: Corviknight|Corviknight, F|96\/100\n|-ability|p1a: Corviknight|Pressure\n|\n|upkeep\n|turn|96\n|\n|t:|1700015866\n|switch|p2a: Alomomola|Alomomola, M|100\/100 brn\n|switch|p1a: Alomomola|Alomomola, F|100\/100 brn\n|\n|-damage|p1a: Alomomola|94\/100 brn|[from] brn\n|-damage|p2a: Alomomola|94\/100 brn|[from] brn\n|upkeep\n|turn|97\n|\n|t:|1700015869\n|switch|p2a: Corviknight|Corviknight, M|100\/100\n|-ability|p2a: Corviknight|Pressure\n|switch|p1a: Corviknight|Corviknight, F|96\/100\n|-ability|p1a: Corviknight|Pressure\n|\n|upkeep\n|turn|98\n|\n|t:|1700015871\n|switch|p2a: Alomomola|Alomomola, M|100\/100 brn\n|switch|p1a: Alomomola|Alomomola, F|100\/100 brn\n|\n|-damage|p1a: Alomomola|94\/100 brn|[from] brn\n|-damage|p2a: Alomomola|94\/100 brn|[from] brn\n|upkeep\n|turn|99\n|\n|t:|1700015877\n|switch|p2a: Corviknight|Corviknight, M|100\/100\n|-ability|p2a: Corviknight|Pressure\n|-terastallize|p1a: Alomomola|Ghost\n|move|p1a: Alomomola|Flip Turn|p2a: Corviknight\n|-damage|p2a: Corviknight|95\/100\n|-damage|p1a: Alomomola|78\/100 brn|[from] item: Rocky Helmet|[of] p2a: Corviknight\n|\n|t:|1700015880\n|switch|p1a: Corviknight|Corviknight, F|96\/100|[from] Flip Turn\n|-ability|p1a: Corviknight|Pressure\n|\n|upkeep\n|turn|100\nQuamnckkk is offering a tie.\nmathismathin accepted the tie.\n|\n|tie\n|raw|mathismathin's rating: 1771 &rarr; <strong>1779<\/strong><br \/>(+8 for tying)\n|raw|Quamnckkk's rating: 1927 &rarr; <strong>1919<\/strong><br \/>(-8 for tying)\n|c|\u2606Quamnckkk|-8\n|c|\u2606mathismathin|freelo!\n|c|\u2606Quamnckkk|damn\n|c|\u2606mathismathin|ong\n|c|\u2606Quamnckkk|NARRRR\n|c| CthunsChosen|crazy tera\n|c| CthunsChosen|game changing\n|c|\u2606mathismathin|fax\n|c|\u2606Quamnckkk|i lost all my hard earned points against that 1600\n|c|\u2606mathismathin|lmfao\n|c|\u2606mathismathin|cya\n|c|\u2606Quamnckkk|and 2 extra points to spend on brownies\n","uploadtime":1700015897,"views":13,"p1id":"mathismathin","p2id":"quamnckkk","formatid":"gen9ou","rating":1779,"private":0,"password":""}