{"id":"gen9ou-1991866962","p1":"Thehombre","p2":"adiboudu94","format":"[Gen 9] OU","log":"|j|\u2606Thehombre\n|j|\u2606adiboudu94\n|t:|1700130842\n|gametype|singles\n|player|p1|Thehombre|101|1157\n|player|p2|adiboudu94|265|1131\n|teamsize|p1|6\n|teamsize|p2|6\n|gen|9\n|tier|[Gen 9] OU\n|rated|\n|rule|Sleep Clause Mod: Limit one foe put to sleep\n|rule|Species Clause: Limit one of each Pok\u00e9mon\n|rule|OHKO Clause: OHKO moves are banned\n|rule|Evasion Items Clause: Evasion items are banned\n|rule|Evasion Moves Clause: Evasion moves are banned\n|rule|Endless Battle Clause: Forcing endless battles is banned\n|rule|HP Percentage Mod: HP is shown in percentages\n|clearpoke\n|poke|p1|Kingambit, M|\n|poke|p1|Ninetales-Alola, M|\n|poke|p1|Sneasler, M|\n|poke|p1|Samurott-Hisui, M|\n|poke|p1|Masquerain, F|\n|poke|p1|Manaphy|\n|poke|p2|Garganacl, M|\n|poke|p2|Toxapex, F|\n|poke|p2|Zapdos|\n|poke|p2|Great Tusk|\n|poke|p2|Rillaboom, M|\n|poke|p2|Blissey, F|\n|teampreview\n|inactive|Battle timer is ON: inactive players will automatically lose when time's up. (requested by Thehombre)\n|\n|t:|1700130871\n|start\n|switch|p1a: Ninetales|Ninetales-Alola, M|100\/100\n|switch|p2a: Great Tusk|Great Tusk|100\/100\n|-weather|Snow|[from] ability: Snow Warning|[of] p1a: Ninetales\n|turn|1\n|\n|t:|1700130884\n|-terastallize|p2a: Great Tusk|Steel\n|move|p1a: Ninetales|Blizzard|p2a: Great Tusk\n|-resisted|p2a: Great Tusk\n|-damage|p2a: Great Tusk|73\/100\n|-status|p2a: Great Tusk|frz\n|cant|p2a: Great Tusk|frz\n|\n|-weather|Snow|[upkeep]\n|-heal|p2a: Great Tusk|79\/100 frz|[from] item: Leftovers\n|upkeep\n|turn|2\n|\n|t:|1700130892\n|move|p1a: Ninetales|Aurora Veil|p1a: Ninetales\n|-sidestart|p1: Thehombre|move: Aurora Veil\n|cant|p2a: Great Tusk|frz\n|\n|-weather|Snow|[upkeep]\n|-heal|p2a: Great Tusk|86\/100 frz|[from] item: Leftovers\n|upkeep\n|turn|3\n|\n|t:|1700130895\n|switch|p1a: Sneasler|Sneasler, M|100\/100\n|cant|p2a: Great Tusk|frz\n|\n|-weather|Snow|[upkeep]\n|-heal|p2a: Great Tusk|92\/100 frz|[from] item: Leftovers\n|upkeep\n|turn|4\n|\n|t:|1700130899\n|move|p1a: Sneasler|Swords Dance|p1a: Sneasler\n|-boost|p1a: Sneasler|atk|2\n|cant|p2a: Great Tusk|frz\n|\n|-weather|Snow|[upkeep]\n|-heal|p2a: Great Tusk|98\/100 frz|[from] item: Leftovers\n|upkeep\n|turn|5\n|\n|t:|1700130905\n|move|p1a: Sneasler|Close Combat|p2a: Great Tusk\n|-supereffective|p2a: Great Tusk\n|-damage|p2a: Great Tusk|0 fnt\n|-unboost|p1a: Sneasler|def|1\n|-unboost|p1a: Sneasler|spd|1\n|faint|p2a: Great Tusk\n|-end|p2a: Great Tusk|Protosynthesis|[silent]\n|\n|-weather|none\n|upkeep\n|\n|t:|1700130911\n|switch|p2a: Toxapex|Toxapex, F|100\/100\n|turn|6\n|\n|t:|1700130920\n|move|p1a: Sneasler|Dire Claw|p2a: Toxapex\n|-resisted|p2a: Toxapex\n|-damage|p2a: Toxapex|69\/100\n|-status|p2a: Toxapex|par\n|move|p2a: Toxapex|Chilling Water|p1a: Sneasler\n|-damage|p1a: Sneasler|89\/100\n|-unboost|p1a: Sneasler|atk|1\n|\n|-heal|p2a: Toxapex|75\/100 par|[from] item: Black Sludge\n|upkeep\n|turn|7\n|-message|adiboudu94 forfeited.\n|\n|win|Thehombre\n|raw|Thehombre's rating: 1157 &rarr; <strong>1180<\/strong><br \/>(+23 for winning)\n|raw|adiboudu94's rating: 1131 &rarr; <strong>1108<\/strong><br \/>(-23 for losing)\n|l|\u2606adiboudu94\n","uploadtime":1700130928,"views":12,"p1id":"thehombre","p2id":"adiboudu94","formatid":"gen9ou","rating":1108,"private":0,"password":""}