{"id":"gen9ou-1990059682","p1":"XarxraX","p2":"Sensei Milia","format":"[Gen 9] OU","log":"|j|\u2606XarxraX\n|j|\u2606Sensei Milia\n|t:|1699920188\n|gametype|singles\n|player|p1|XarxraX|170|1319\n|player|p2|Sensei Milia|swimmerf|1301\n|teamsize|p1|6\n|teamsize|p2|6\n|gen|9\n|tier|[Gen 9] OU\n|rated|\n|rule|Sleep Clause Mod: Limit one foe put to sleep\n|rule|Species Clause: Limit one of each Pok\u00e9mon\n|rule|OHKO Clause: OHKO moves are banned\n|rule|Evasion Items Clause: Evasion items are banned\n|rule|Evasion Moves Clause: Evasion moves are banned\n|rule|Endless Battle Clause: Forcing endless battles is banned\n|rule|HP Percentage Mod: HP is shown in percentages\n|clearpoke\n|poke|p1|Great Tusk|\n|poke|p1|Ninetales, M|\n|poke|p1|Iron Moth|\n|poke|p1|Walking Wake|\n|poke|p1|Ceruledge, M|\n|poke|p1|Cinderace, M|\n|poke|p2|Heatran, M|\n|poke|p2|Garganacl, M|\n|poke|p2|Ceruledge, F|\n|poke|p2|Clodsire, M|\n|poke|p2|Breloom, M|\n|poke|p2|Clefable, M|\n|teampreview\n|j| ogkbee\n|inactive|Battle timer is ON: inactive players will automatically lose when time's up. (requested by Sensei Milia)\n|\n|t:|1699920205\n|start\n|switch|p1a: Ninetales|Ninetales, M|100\/100\n|switch|p2a: Breloom|Breloom, M|100\/100\n|-weather|SunnyDay|[from] ability: Drought|[of] p1a: Ninetales\n|turn|1\n|\n|t:|1699920215\n|switch|p2a: Heatran|Heatran, M, shiny|100\/100\n|-item|p2a: Heatran|Air Balloon\n|move|p1a: Ninetales|Overheat|p2a: Heatran\n|-start|p2a: Heatran|ability: Flash Fire\n|\n|-weather|SunnyDay|[upkeep]\n|upkeep\n|turn|2\n|\n|t:|1699920229\n|switch|p1a: Walking Wake|Walking Wake|100\/100\n|-activate|p1a: Walking Wake|ability: Protosynthesis\n|-start|p1a: Walking Wake|protosynthesisspe\n|move|p2a: Heatran|Earth Power|p1a: Walking Wake\n|-damage|p1a: Walking Wake|60\/100\n|\n|-weather|SunnyDay|[upkeep]\n|upkeep\n|turn|3\n|\n|t:|1699920240\n|-end|p2a: Heatran|ability: Flash Fire|[silent]\n|switch|p2a: Breloom|Breloom, M|100\/100\n|move|p1a: Walking Wake|Hydro Steam|p2a: Breloom\n|-resisted|p2a: Breloom\n|-damage|p2a: Breloom|55\/100\n|\n|-weather|SunnyDay|[upkeep]\n|-status|p2a: Breloom|tox|[from] item: Toxic Orb\n|upkeep\n|turn|4\n|\n|t:|1699920259\n|-end|p1a: Walking Wake|Protosynthesis|[silent]\n|switch|p1a: Ninetales|Ninetales, M|100\/100\n|move|p2a: Breloom|Spore|p1a: Ninetales\n|-status|p1a: Ninetales|slp|[from] move: Spore\n|\n|-weather|SunnyDay|[upkeep]\n|-heal|p2a: Breloom|67\/100 tox|[from] ability: Poison Heal\n|upkeep\n|turn|5\n|\n|t:|1699920270\n|switch|p1a: Iron Moth|Iron Moth|100\/100\n|-enditem|p1a: Iron Moth|Booster Energy\n|-activate|p1a: Iron Moth|ability: Quark Drive|[fromitem]\n|-start|p1a: Iron Moth|quarkdrivespe\n|move|p2a: Breloom|Drain Punch|p1a: Iron Moth\n|-resisted|p1a: Iron Moth\n|-damage|p1a: Iron Moth|75\/100\n|-heal|p2a: Breloom|80\/100 tox|[from] drain|[of] p1a: Iron Moth\n|\n|-weather|SunnyDay|[upkeep]\n|-heal|p2a: Breloom|92\/100 tox|[from] ability: Poison Heal\n|upkeep\n|turn|6\n|\n|t:|1699920284\n|switch|p2a: Heatran|Heatran, M, shiny|100\/100\n|-item|p2a: Heatran|Air Balloon\n|move|p1a: Iron Moth|Fiery Dance|p2a: Heatran\n|-start|p2a: Heatran|ability: Flash Fire\n|\n|-weather|SunnyDay|[upkeep]\n|upkeep\n|turn|7\n|\n|t:|1699920298\n|-terastallize|p1a: Iron Moth|Flying\n|move|p1a: Iron Moth|Morning Sun|p1a: Iron Moth\n|-heal|p1a: Iron Moth|100\/100\n|move|p2a: Heatran|Earth Power|p1a: Iron Moth\n|-immune|p1a: Iron Moth\n|\n|-weather|SunnyDay|[upkeep]\n|upkeep\n|turn|8\n|\n|t:|1699920311\n|-end|p1a: Iron Moth|Quark Drive|[silent]\n|switch|p1a: Walking Wake|Walking Wake|60\/100\n|-activate|p1a: Walking Wake|ability: Protosynthesis\n|-start|p1a: Walking Wake|protosynthesisspe\n|move|p2a: Heatran|Magma Storm|p1a: Walking Wake|[miss]\n|-miss|p2a: Heatran|p1a: Walking Wake\n|\n|-weather|none\n|-end|p1a: Walking Wake|Protosynthesis\n|upkeep\n|turn|9\n|\n|t:|1699920324\n|-end|p2a: Heatran|ability: Flash Fire|[silent]\n|switch|p2a: Breloom|Breloom, M|92\/100 tox\n|move|p1a: Walking Wake|Draco Meteor|p2a: Breloom\n|-damage|p2a: Breloom|0 fnt\n|-unboost|p1a: Walking Wake|spa|2\n|faint|p2a: Breloom\n|\n|upkeep\n|\n|t:|1699920331\n|switch|p2a: Clefable|Clefable, M|100\/100\n|turn|10\n|\n|t:|1699920341\n|-end|p1a: Walking Wake|Protosynthesis|[silent]\n|switch|p1a: Ninetales|Ninetales, M|100\/100 slp\n|-weather|SunnyDay|[from] ability: Drought|[of] p1a: Ninetales\n|move|p2a: Clefable|Cosmic Power|p2a: Clefable\n|-boost|p2a: Clefable|def|1\n|-boost|p2a: Clefable|spd|1\n|\n|-weather|SunnyDay|[upkeep]\n|upkeep\n|turn|11\n|\n|t:|1699920361\n|switch|p1a: Iron Moth|Iron Moth, tera:Flying|100\/100\n|move|p2a: Clefable|Cosmic Power|p2a: Clefable\n|-boost|p2a: Clefable|def|1\n|-boost|p2a: Clefable|spd|1\n|\n|-weather|SunnyDay|[upkeep]\n|upkeep\n|turn|12\n|\n|t:|1699920370\n|move|p1a: Iron Moth|Fiery Dance|p2a: Clefable\n|-damage|p2a: Clefable|75\/100\n|-boost|p1a: Iron Moth|spa|1\n|move|p2a: Clefable|Calm Mind|p2a: Clefable\n|-boost|p2a: Clefable|spa|1\n|-boost|p2a: Clefable|spd|1\n|\n|-weather|SunnyDay|[upkeep]\n|-heal|p2a: Clefable|81\/100|[from] item: Leftovers\n|upkeep\n|turn|13\n|\n|t:|1699920381\n|move|p1a: Iron Moth|Fiery Dance|p2a: Clefable\n|-damage|p2a: Clefable|51\/100\n|move|p2a: Clefable|Draining Kiss|p1a: Iron Moth\n|-damage|p1a: Iron Moth|72\/100\n|-heal|p2a: Clefable|69\/100|[from] drain|[of] p1a: Iron Moth\n|\n|-weather|SunnyDay|[upkeep]\n|-heal|p2a: Clefable|75\/100|[from] item: Leftovers\n|upkeep\n|turn|14\n|\n|t:|1699920393\n|move|p1a: Iron Moth|Fiery Dance|p2a: Clefable\n|-damage|p2a: Clefable|44\/100\n|move|p2a: Clefable|Draining Kiss|p1a: Iron Moth\n|-damage|p1a: Iron Moth|47\/100\n|-heal|p2a: Clefable|60\/100|[from] drain|[of] p1a: Iron Moth\n|\n|-weather|SunnyDay|[upkeep]\n|-heal|p2a: Clefable|66\/100|[from] item: Leftovers\n|upkeep\n|turn|15\n|\n|t:|1699920404\n|move|p1a: Iron Moth|Fiery Dance|p2a: Clefable\n|-damage|p2a: Clefable|36\/100\n|-boost|p1a: Iron Moth|spa|1\n|move|p2a: Clefable|Draining Kiss|p1a: Iron Moth\n|-damage|p1a: Iron Moth|19\/100\n|-heal|p2a: Clefable|53\/100|[from] drain|[of] p1a: Iron Moth\n|\n|-weather|SunnyDay|[upkeep]\n|-heal|p2a: Clefable|59\/100|[from] item: Leftovers\n|upkeep\n|turn|16\n|\n|t:|1699920416\n|move|p1a: Iron Moth|Morning Sun|p1a: Iron Moth\n|-heal|p1a: Iron Moth|86\/100\n|move|p2a: Clefable|Draining Kiss|p1a: Iron Moth\n|-damage|p1a: Iron Moth|62\/100\n|-heal|p2a: Clefable|75\/100|[from] drain|[of] p1a: Iron Moth\n|\n|-weather|SunnyDay|[upkeep]\n|-heal|p2a: Clefable|81\/100|[from] item: Leftovers\n|upkeep\n|turn|17\n|\n|t:|1699920428\n|move|p1a: Iron Moth|Morning Sun|p1a: Iron Moth\n|-heal|p1a: Iron Moth|100\/100\n|move|p2a: Clefable|Calm Mind|p2a: Clefable\n|-boost|p2a: Clefable|spa|1\n|-boost|p2a: Clefable|spd|1\n|\n|-weather|none\n|-heal|p2a: Clefable|87\/100|[from] item: Leftovers\n|upkeep\n|turn|18\n|\n|t:|1699920438\n|move|p1a: Iron Moth|Fiery Dance|p2a: Clefable\n|-damage|p2a: Clefable|64\/100\n|move|p2a: Clefable|Draining Kiss|p1a: Iron Moth\n|-damage|p1a: Iron Moth|62\/100\n|-heal|p2a: Clefable|88\/100|[from] drain|[of] p1a: Iron Moth\n|\n|-heal|p2a: Clefable|94\/100|[from] item: Leftovers\n|upkeep\n|turn|19\n|\n|t:|1699920449\n|move|p1a: Iron Moth|Fiery Dance|p2a: Clefable\n|-damage|p2a: Clefable|69\/100\n|-boost|p1a: Iron Moth|spa|1\n|move|p2a: Clefable|Draining Kiss|p1a: Iron Moth\n|-damage|p1a: Iron Moth|25\/100\n|-heal|p2a: Clefable|92\/100|[from] drain|[of] p1a: Iron Moth\n|\n|-heal|p2a: Clefable|98\/100|[from] item: Leftovers\n|upkeep\n|turn|20\n|\n|t:|1699920464\n|move|p1a: Iron Moth|Fiery Dance|p2a: Clefable\n|-damage|p2a: Clefable|71\/100\n|-boost|p1a: Iron Moth|spa|1\n|move|p2a: Clefable|Calm Mind|p2a: Clefable\n|-boost|p2a: Clefable|spa|1\n|-boost|p2a: Clefable|spd|1\n|\n|-heal|p2a: Clefable|77\/100|[from] item: Leftovers\n|upkeep\n|turn|21\n|\n|t:|1699920475\n|move|p1a: Iron Moth|Fiery Dance|p2a: Clefable\n|-damage|p2a: Clefable|49\/100\n|move|p2a: Clefable|Draining Kiss|p1a: Iron Moth\n|-damage|p1a: Iron Moth|0 fnt\n|-heal|p2a: Clefable|65\/100|[from] drain|[of] p1a: Iron Moth\n|faint|p1a: Iron Moth\n|-end|p1a: Iron Moth|Quark Drive|[silent]\n|\n|-heal|p2a: Clefable|71\/100|[from] item: Leftovers\n|upkeep\n|\n|t:|1699920487\n|switch|p1a: Ninetales|Ninetales, M|100\/100 slp\n|-weather|SunnyDay|[from] ability: Drought|[of] p1a: Ninetales\n|turn|22\n|inactive|XarxraX has 120 seconds left.\n|\n|t:|1699920510\n|cant|p1a: Ninetales|slp\n|move|p2a: Clefable|Cosmic Power|p2a: Clefable\n|-boost|p2a: Clefable|def|1\n|-boost|p2a: Clefable|spd|1\n|\n|-weather|SunnyDay|[upkeep]\n|-heal|p2a: Clefable|77\/100|[from] item: Leftovers\n|upkeep\n|turn|23\n|\n|t:|1699920520\n|-curestatus|p1a: Ninetales|slp|[msg]\n|move|p1a: Ninetales|Encore|p2a: Clefable\n|-start|p2a: Clefable|Encore\n|move|p2a: Clefable|Cosmic Power|p2a: Clefable\n|-boost|p2a: Clefable|def|1\n|-boost|p2a: Clefable|spd|0\n|\n|-weather|SunnyDay|[upkeep]\n|-heal|p2a: Clefable|83\/100|[from] item: Leftovers\n|upkeep\n|turn|24\n|inactive|XarxraX has 120 seconds left.\n|\n|t:|1699920538\n|switch|p1a: Ceruledge|Ceruledge, M|100\/100\n|move|p2a: Clefable|Cosmic Power|p2a: Clefable\n|-boost|p2a: Clefable|def|1\n|-boost|p2a: Clefable|spd|0\n|\n|-weather|SunnyDay|[upkeep]\n|-heal|p2a: Clefable|90\/100|[from] item: Leftovers\n|upkeep\n|turn|25\n|inactive|XarxraX has 120 seconds left.\n|\n|t:|1699920549\n|move|p1a: Ceruledge|Swords Dance|p1a: Ceruledge\n|-boost|p1a: Ceruledge|atk|2\n|move|p2a: Clefable|Cosmic Power|p2a: Clefable\n|-boost|p2a: Clefable|def|1\n|-boost|p2a: Clefable|spd|0\n|\n|-weather|SunnyDay|[upkeep]\n|-heal|p2a: Clefable|96\/100|[from] item: Leftovers\n|-end|p2a: Clefable|Encore\n|upkeep\n|turn|26\n|inactive|XarxraX has 120 seconds left.\n|\n|t:|1699920563\n|move|p1a: Ceruledge|Swords Dance|p1a: Ceruledge\n|-boost|p1a: Ceruledge|atk|2\n|move|p2a: Clefable|Stored Power|p1a: Ceruledge\n|-damage|p1a: Ceruledge|0 fnt\n|faint|p1a: Ceruledge\n|\n|-weather|SunnyDay|[upkeep]\n|-heal|p2a: Clefable|100\/100|[from] item: Leftovers\n|upkeep\n|inactive|XarxraX has 120 seconds left.\n|\n|t:|1699920574\n|switch|p1a: Walking Wake|Walking Wake|60\/100\n|-activate|p1a: Walking Wake|ability: Protosynthesis\n|-start|p1a: Walking Wake|protosynthesisspe\n|turn|27\n|inactive|XarxraX has 120 seconds left.\n|\n|t:|1699920582\n|move|p1a: Walking Wake|Knock Off|p2a: Clefable\n|-resisted|p2a: Clefable\n|-damage|p2a: Clefable|98\/100\n|-enditem|p2a: Clefable|Leftovers|[from] move: Knock Off|[of] p1a: Walking Wake\n|move|p2a: Clefable|Draining Kiss|p1a: Walking Wake\n|-supereffective|p1a: Walking Wake\n|-damage|p1a: Walking Wake|0 fnt\n|-heal|p2a: Clefable|100\/100|[from] drain|[of] p1a: Walking Wake\n|faint|p1a: Walking Wake\n|-end|p1a: Walking Wake|Protosynthesis|[silent]\n|\n|-weather|SunnyDay|[upkeep]\n|upkeep\n|-message|XarxraX forfeited.\n|\n|win|Sensei Milia\n|raw|XarxraX's rating: 1319 &rarr; <strong>1298<\/strong><br \/>(-21 for losing)\n|raw|Sensei Milia's rating: 1301 &rarr; <strong>1322<\/strong><br \/>(+21 for winning)\n|l|\u2606XarxraX\n|c|\u2606Sensei Milia|gg\n","uploadtime":1699920610,"views":9,"p1id":"xarxrax","p2id":"senseimilia","formatid":"gen9ou","rating":1298,"private":0,"password":""}