{"id":"gen9ou-2000328963","p1":"vailorn","p2":"tony493931","format":"[Gen 9] OU","log":"|j|\u2606vailorn\n|j|\u2606tony493931\n|t:|1701185436\n|gametype|singles\n|player|p1|vailorn|1|1395\n|player|p2|tony493931|2|1377\n|teamsize|p1|6\n|teamsize|p2|6\n|gen|9\n|tier|[Gen 9] OU\n|rated|\n|rule|Sleep Clause Mod: Limit one foe put to sleep\n|rule|Species Clause: Limit one of each Pok\u00e9mon\n|rule|OHKO Clause: OHKO moves are banned\n|rule|Evasion Items Clause: Evasion items are banned\n|rule|Evasion Moves Clause: Evasion moves are banned\n|rule|Endless Battle Clause: Forcing endless battles is banned\n|rule|HP Percentage Mod: HP is shown in percentages\n|clearpoke\n|poke|p1|Blissey, F|\n|poke|p1|Dondozo, F|\n|poke|p1|Alomomola, M|\n|poke|p1|Clodsire, F|\n|poke|p1|Landorus-Therian, M|\n|poke|p1|Amoonguss, M|\n|poke|p2|Glimmora, F|\n|poke|p2|Zamazenta-*|\n|poke|p2|Kingambit, F|\n|poke|p2|Cinderace, F|\n|poke|p2|Gholdengo|\n|poke|p2|Landorus-Therian, M|\n|teampreview\n|inactive|Battle timer is ON: inactive players will automatically lose when time's up. (requested by tony493931)\n|\n|t:|1701185449\n|start\n|switch|p1a: Landorus|Landorus-Therian, M|100\/100\n|switch|p2a: Glimmora|Glimmora, F|100\/100\n|-ability|p1a: Landorus|Intimidate|boost\n|-unboost|p2a: Glimmora|atk|1\n|turn|1\n|\n|t:|1701185475\n|switch|p2a: Landorus|Landorus-Therian, M|100\/100\n|-ability|p2a: Landorus|Intimidate|boost\n|-unboost|p1a: Landorus|atk|1\n|move|p1a: Landorus|Sandsear Storm|p2a: Landorus\n|-immune|p2a: Landorus\n|\n|upkeep\n|turn|2\n|\n|t:|1701185483\n|move|p2a: Landorus|U-turn|p1a: Landorus\n|-resisted|p1a: Landorus\n|-damage|p1a: Landorus|91\/100\n|\n|t:|1701185488\n|switch|p2a: Gholdengo|Gholdengo|100\/100|[from] U-turn\n|move|p1a: Landorus|Stealth Rock|p2a: Gholdengo\n|-sidestart|p2: tony493931|move: Stealth Rock\n|\n|upkeep\n|turn|3\n|\n|t:|1701185499\n|switch|p1a: Alomomola|Alomomola, M|100\/100\n|-terastallize|p2a: Gholdengo|Flying\n|move|p2a: Gholdengo|Trick|p1a: Alomomola\n|-activate|p2a: Gholdengo|move: Trick|[of] p1a: Alomomola\n|-item|p1a: Alomomola|Choice Scarf|[from] move: Trick\n|-item|p2a: Gholdengo|Heavy-Duty Boots|[from] move: Trick\n|\n|upkeep\n|turn|4\n|\n|t:|1701185512\n|switch|p1a: Clodsire|Clodsire, F|100\/100\n|move|p2a: Gholdengo|Thunder Wave|p1a: Clodsire\n|-immune|p1a: Clodsire\n|\n|upkeep\n|turn|5\n|\n|t:|1701185522\n|switch|p2a: Cinderace|Cinderace, F|100\/100\n|move|p1a: Clodsire|Amnesia|p1a: Clodsire\n|-boost|p1a: Clodsire|spd|2\n|\n|upkeep\n|turn|6\n|\n|t:|1701185529\n|switch|p1a: Landorus|Landorus-Therian, M|91\/100\n|-ability|p1a: Landorus|Intimidate|boost\n|-unboost|p2a: Cinderace|atk|1\n|move|p2a: Cinderace|Court Change|p2a: Cinderace\n|-start|p2a: Cinderace|typechange|Normal|[from] ability: Libero\n|-swapsideconditions\n|-activate|p2a: Cinderace|move: Court Change\n|\n|upkeep\n|turn|7\n|\n|t:|1701185539\n|move|p2a: Cinderace|Taunt|p1a: Landorus\n|-start|p1a: Landorus|move: Taunt\n|cant|p1a: Landorus|move: Taunt|Stealth Rock\n|\n|upkeep\n|turn|8\n|\n|t:|1701185542\n|move|p2a: Cinderace|U-turn|p1a: Landorus\n|-resisted|p1a: Landorus\n|-damage|p1a: Landorus|83\/100\n|\n|t:|1701185545\n|switch|p2a: Landorus|Landorus-Therian, M|100\/100|[from] U-turn\n|-ability|p2a: Landorus|Intimidate|boost\n|-unboost|p1a: Landorus|atk|1\n|move|p1a: Landorus|Sludge Bomb|p2a: Landorus\n|-resisted|p2a: Landorus\n|-damage|p2a: Landorus|85\/100\n|\n|upkeep\n|turn|9\n|\n|t:|1701185553\n|move|p2a: Landorus|U-turn|p1a: Landorus\n|-resisted|p1a: Landorus\n|-damage|p1a: Landorus|73\/100\n|\n|t:|1701185561\n|switch|p2a: Kingambit|Kingambit, F|100\/100|[from] U-turn\n|move|p1a: Landorus|Sludge Bomb|p2a: Kingambit\n|-immune|p2a: Kingambit\n|\n|-end|p1a: Landorus|move: Taunt\n|upkeep\n|turn|10\n|\n|t:|1701185566\n|-end|p2a: Kingambit|fallenundefined|[silent]\n|switch|p2a: Glimmora|Glimmora, F|100\/100\n|move|p1a: Landorus|Sandsear Storm|p2a: Glimmora\n|-supereffective|p2a: Glimmora\n|-enditem|p2a: Glimmora|Focus Sash\n|-damage|p2a: Glimmora|1\/100\n|\n|upkeep\n|turn|11\n|\n|t:|1701185577\n|switch|p2a: Landorus|Landorus-Therian, M|85\/100\n|-ability|p2a: Landorus|Intimidate|boost\n|-unboost|p1a: Landorus|atk|1\n|move|p1a: Landorus|Sludge Bomb|p2a: Landorus\n|-resisted|p2a: Landorus\n|-damage|p2a: Landorus|72\/100\n|-status|p2a: Landorus|psn\n|\n|-damage|p2a: Landorus|60\/100 psn|[from] psn\n|upkeep\n|turn|12\n|\n|t:|1701185580\n|move|p2a: Landorus|U-turn|p1a: Landorus\n|-resisted|p1a: Landorus\n|-damage|p1a: Landorus|63\/100\n|\n|t:|1701185582\n|switch|p2a: Cinderace|Cinderace, F|100\/100|[from] U-turn\n|move|p1a: Landorus|Stealth Rock|p2a: Cinderace\n|-sidestart|p2: tony493931|move: Stealth Rock\n|\n|upkeep\n|turn|13\n|\n|t:|1701185586\n|move|p2a: Cinderace|U-turn|p1a: Landorus\n|-start|p2a: Cinderace|typechange|Bug|[from] ability: Libero\n|-resisted|p1a: Landorus\n|-damage|p1a: Landorus|48\/100\n|\n|t:|1701185589\n|switch|p2a: Landorus|Landorus-Therian, M|60\/100 psn|[from] U-turn\n|-damage|p2a: Landorus|48\/100 psn|[from] Stealth Rock\n|-ability|p2a: Landorus|Intimidate|boost\n|-unboost|p1a: Landorus|atk|1\n|move|p1a: Landorus|Rest|p1a: Landorus\n|-status|p1a: Landorus|slp|[from] move: Rest\n|-heal|p1a: Landorus|100\/100 slp|[silent]\n|\n|-damage|p2a: Landorus|36\/100 psn|[from] psn\n|upkeep\n|turn|14\n|c|\u2606tony493931|What lmao ok you win\n|-message|tony493931 forfeited.\n|\n|win|vailorn\n|raw|vailorn's rating: 1395 &rarr; <strong>1414<\/strong><br \/>(+19 for winning)\n|raw|tony493931's rating: 1377 &rarr; <strong>1358<\/strong><br \/>(-19 for losing)\n|l|\u2606tony493931\n|c|\u2606vailorn|Lmao\n","uploadtime":1701185615,"views":13,"p1id":"vailorn","p2id":"tony493931","formatid":"gen9ou","rating":1358,"private":0,"password":""}