{"id":"gen9ou-1994888790","p1":"hubsa","p2":"faasfaxczeq","format":"[Gen 9] OU","log":"|j|\u2606hubsa\n|j|\u203dfaasfaxczeq\n|t:|1700501949\n|gametype|singles\n|player|p1|hubsa|swimmer-gen4|1068\n|player|p2|faasfaxczeq|lucas|1000\n|teamsize|p1|6\n|teamsize|p2|6\n|gen|9\n|tier|[Gen 9] OU\n|rated|\n|rule|Sleep Clause Mod: Limit one foe put to sleep\n|rule|Species Clause: Limit one of each Pok\u00e9mon\n|rule|OHKO Clause: OHKO moves are banned\n|rule|Evasion Items Clause: Evasion items are banned\n|rule|Evasion Moves Clause: Evasion moves are banned\n|rule|Endless Battle Clause: Forcing endless battles is banned\n|rule|HP Percentage Mod: HP is shown in percentages\n|clearpoke\n|poke|p1|Cinderace, F|\n|poke|p1|Torkoal, M|\n|poke|p1|Ceruledge, M|\n|poke|p1|Iron Moth|\n|poke|p1|Infernape, F|\n|poke|p1|Talonflame, M|\n|poke|p2|Gholdengo|\n|poke|p2|Iron Moth|\n|poke|p2|Ceruledge, F|\n|poke|p2|Samurott-Hisui, M|\n|poke|p2|Kingambit, M|\n|poke|p2|Dragonite, F|\n|teampreview\n|\n|t:|1700501964\n|start\n|switch|p1a: Torkoal|Torkoal, M|100\/100\n|switch|p2a: Iron Moth|Iron Moth|100\/100\n|-weather|SunnyDay|[from] ability: Drought|[of] p1a: Torkoal\n|-enditem|p2a: Iron Moth|Booster Energy\n|-activate|p2a: Iron Moth|ability: Quark Drive|[fromitem]\n|-start|p2a: Iron Moth|quarkdrivespa\n|turn|1\n|\n|t:|1700501975\n|-terastallize|p2a: Iron Moth|Ground\n|move|p2a: Iron Moth|Tera Blast|p1a: Torkoal|[anim] Tera Blast Ground\n|-supereffective|p1a: Torkoal\n|-damage|p1a: Torkoal|0 fnt\n|faint|p1a: Torkoal\n|\n|-weather|SunnyDay|[upkeep]\n|upkeep\n|\n|t:|1700501979\n|switch|p1a: Talonflame|Talonflame, M|100\/100\n|turn|2\n|\n|t:|1700501984\n|move|p1a: Talonflame|Flare Blitz|p2a: Iron Moth\n|-damage|p2a: Iron Moth|0 fnt\n|faint|p2a: Iron Moth\n|-end|p2a: Iron Moth|Quark Drive|[silent]\n|-damage|p1a: Talonflame|67\/100|[from] Recoil\n|\n|-weather|SunnyDay|[upkeep]\n|upkeep\n|\n|t:|1700501993\n|switch|p2a: Samurott|Samurott-Hisui, M|100\/100\n|turn|3\n|\n|t:|1700501999\n|move|p2a: Samurott|Aqua Cutter|p1a: Talonflame\n|-supereffective|p1a: Talonflame\n|-crit|p1a: Talonflame\n|-damage|p1a: Talonflame|0 fnt\n|faint|p1a: Talonflame\n|\n|-weather|SunnyDay|[upkeep]\n|upkeep\n|\n|t:|1700502015\n|switch|p1a: Cinderace|Cinderace, F|100\/100\n|turn|4\n|\n|t:|1700502020\n|move|p2a: Samurott|Aqua Cutter|p1a: Cinderace\n|-supereffective|p1a: Cinderace\n|-damage|p1a: Cinderace|36\/100\n|move|p1a: Cinderace|High Jump Kick|p2a: Samurott\n|-start|p1a: Cinderace|typechange|Fighting|[from] ability: Libero\n|-supereffective|p2a: Samurott\n|-damage|p2a: Samurott|0 fnt\n|faint|p2a: Samurott\n|\n|-weather|SunnyDay|[upkeep]\n|upkeep\n|inactive|Battle timer is ON: inactive players will automatically lose when time's up. (requested by hubsa)\n|\n|t:|1700502044\n|switch|p2a: Dragonite|Dragonite, F|100\/100\n|turn|5\n|\n|t:|1700502050\n|move|p1a: Cinderace|High Jump Kick|p2a: Dragonite\n|-resisted|p2a: Dragonite\n|-damage|p2a: Dragonite|41\/100\n|move|p2a: Dragonite|Draco Meteor|p1a: Cinderace|[miss]\n|-miss|p2a: Dragonite|p1a: Cinderace\n|\n|-weather|none\n|upkeep\n|turn|6\n|\n|t:|1700502064\n|move|p2a: Dragonite|Extreme Speed|p1a: Cinderace\n|-damage|p1a: Cinderace|0 fnt\n|faint|p1a: Cinderace\n|-damage|p2a: Dragonite|31\/100|[from] item: Life Orb\n|\n|upkeep\n|\n|t:|1700502088\n|switch|p1a: Ceruledge|Ceruledge, M|100\/100\n|turn|7\n|\n|t:|1700502099\n|move|p1a: Ceruledge|Bitter Blade|p2a: Dragonite\n|-resisted|p2a: Dragonite\n|-damage|p2a: Dragonite|1\/100\n|move|p2a: Dragonite|Earthquake|p1a: Ceruledge\n|-supereffective|p1a: Ceruledge\n|-damage|p1a: Ceruledge|0 fnt\n|faint|p1a: Ceruledge\n|-damage|p2a: Dragonite|0 fnt|[from] item: Life Orb\n|faint|p2a: Dragonite\n|\n|upkeep\n|c|\u2606hubsa|wow bad luck\n|\n|t:|1700502119\n|switch|p1a: Infernape|Infernape, F|100\/100\n|switch|p2a: Gholdengo|Gholdengo|100\/100\n|turn|8\n|\n|t:|1700502126\n|move|p2a: Gholdengo|Trick|p1a: Infernape\n|-activate|p2a: Gholdengo|move: Trick|[of] p1a: Infernape\n|-item|p1a: Infernape|Choice Scarf|[from] move: Trick\n|-item|p2a: Gholdengo|Choice Band|[from] move: Trick\n|move|p1a: Infernape|Fire Punch|p2a: Gholdengo\n|-supereffective|p2a: Gholdengo\n|-damage|p2a: Gholdengo|16\/100\n|\n|upkeep\n|turn|9\n|c|\u2606hubsa|ill take that trade any day\n|\n|t:|1700502143\n|move|p1a: Infernape|Fire Punch|p2a: Gholdengo\n|-supereffective|p2a: Gholdengo\n|-damage|p2a: Gholdengo|0 fnt\n|faint|p2a: Gholdengo\n|\n|upkeep\n|\n|t:|1700502145\n|switch|p2a: Ceruledge|Ceruledge, F|100\/100\n|turn|10\n|\n|t:|1700502150\n|switch|p1a: Iron Moth|Iron Moth|100\/100\n|-enditem|p1a: Iron Moth|Booster Energy\n|-activate|p1a: Iron Moth|ability: Quark Drive|[fromitem]\n|-start|p1a: Iron Moth|quarkdrivespa\n|move|p2a: Ceruledge|Swords Dance|p2a: Ceruledge\n|-boost|p2a: Ceruledge|atk|2\n|\n|upkeep\n|turn|11\n|\n|t:|1700502169\n|move|p1a: Iron Moth|Sludge Wave|p2a: Ceruledge\n|-resisted|p2a: Ceruledge\n|-damage|p2a: Ceruledge|58\/100\n|move|p2a: Ceruledge|Bitter Blade|p1a: Iron Moth\n|-resisted|p1a: Iron Moth\n|-damage|p1a: Iron Moth|28\/100\n|-heal|p2a: Ceruledge|96\/100|[from] drain|[of] p1a: Iron Moth\n|\n|upkeep\n|turn|12\n|\n|t:|1700502177\n|move|p1a: Iron Moth|Sludge Wave|p2a: Ceruledge\n|-resisted|p2a: Ceruledge\n|-damage|p2a: Ceruledge|56\/100\n|move|p2a: Ceruledge|Bitter Blade|p1a: Iron Moth\n|-resisted|p1a: Iron Moth\n|-damage|p1a: Iron Moth|0 fnt\n|-heal|p2a: Ceruledge|70\/100|[from] drain|[of] p1a: Iron Moth\n|faint|p1a: Iron Moth\n|-end|p1a: Iron Moth|Quark Drive|[silent]\n|\n|upkeep\n|\n|t:|1700502180\n|switch|p1a: Infernape|Infernape, F|100\/100\n|turn|13\n|c|\u2606hubsa|ggs\n|\n|t:|1700502198\n|switch|p2a: Kingambit|Kingambit, M|100\/100\n|-activate|p2a: Kingambit|ability: Supreme Overlord\n|-start|p2a: Kingambit|fallen4|[silent]\n|move|p1a: Infernape|Raging Fury|p2a: Kingambit\n|-supereffective|p2a: Kingambit\n|-damage|p2a: Kingambit|23\/100\n|\n|upkeep\n|turn|14\n|\n|t:|1700502208\n|move|p2a: Kingambit|Sucker Punch|p1a: Infernape\n|-resisted|p1a: Infernape\n|-damage|p1a: Infernape|44\/100\n|-damage|p2a: Kingambit|13\/100|[from] item: Life Orb\n|move|p1a: Infernape|Raging Fury|p2a: Kingambit|[from]lockedmove\n|-supereffective|p2a: Kingambit\n|-damage|p2a: Kingambit|0 fnt\n|faint|p2a: Kingambit\n|-end|p2a: Kingambit|fallen4|[silent]\n|-start|p1a: Infernape|confusion|[fatigue]\n|\n|upkeep\n|c|\u2606hubsa|?\n|\n|t:|1700502218\n|switch|p2a: Ceruledge|Ceruledge, F|70\/100\n|turn|15\n|\n|t:|1700502223\n|-activate|p1a: Infernape|confusion\n|-damage|p1a: Infernape|27\/100|[from] confusion\n|move|p2a: Ceruledge|Bitter Blade|p1a: Infernape\n|-resisted|p1a: Infernape\n|-damage|p1a: Infernape|0 fnt\n|-heal|p2a: Ceruledge|84\/100|[from] drain|[of] p1a: Infernape\n|faint|p1a: Infernape\n|\n|win|faasfaxczeq\n|raw|hubsa's rating: 1068 &rarr; <strong>1044<\/strong><br \/>(-24 for losing)\n|raw|faasfaxczeq's rating: 1000 &rarr; <strong>1048<\/strong><br \/>(+48 for winning)\n|l|\u2606hubsa\n","uploadtime":1700502282,"views":18,"p1id":"hubsa","p2id":"faasfaxczeq","formatid":"gen9ou","rating":1044,"private":0,"password":""}