{"id":"gen9ou-1992290137","p1":"Antonimo17","p2":"MasterHand","format":"[Gen 9] OU","log":"|j|\u2606Antonimo17\n|j|\u2606MasterHand\n|t:|1700171391\n|gametype|singles\n|player|p1|Antonimo17|benga|1303\n|player|p2|MasterHand|volkner|1408\n|teamsize|p1|6\n|teamsize|p2|6\n|gen|9\n|tier|[Gen 9] OU\n|rated|\n|rule|Sleep Clause Mod: Limit one foe put to sleep\n|rule|Species Clause: Limit one of each Pok\u00e9mon\n|rule|OHKO Clause: OHKO moves are banned\n|rule|Evasion Items Clause: Evasion items are banned\n|rule|Evasion Moves Clause: Evasion moves are banned\n|rule|Endless Battle Clause: Forcing endless battles is banned\n|rule|HP Percentage Mod: HP is shown in percentages\n|clearpoke\n|poke|p1|Infernape, F|\n|poke|p1|Torkoal, M|\n|poke|p1|Walking Wake|\n|poke|p1|Great Tusk|\n|poke|p1|Garganacl, M|\n|poke|p1|Scream Tail|\n|poke|p2|Kommo-o, M|\n|poke|p2|Dragapult, F|\n|poke|p2|Iron Moth|\n|poke|p2|Ribombee, F|\n|poke|p2|Enamorus, F|\n|poke|p2|Iron Treads|\n|teampreview\n|\n|t:|1700171404\n|start\n|switch|p1a: Torkoal|Torkoal, M|100\/100\n|switch|p2a: Iron Treads|Iron Treads|100\/100\n|-weather|SunnyDay|[from] ability: Drought|[of] p1a: Torkoal\n|turn|1\n|\n|t:|1700171416\n|switch|p1a: Great Tusk|Great Tusk|100\/100\n|-activate|p1a: Great Tusk|ability: Protosynthesis\n|-start|p1a: Great Tusk|protosynthesisatk\n|move|p2a: Iron Treads|Earth Power|p1a: Great Tusk\n|-damage|p1a: Great Tusk|66\/100\n|\n|-weather|SunnyDay|[upkeep]\n|upkeep\n|turn|2\n|\n|t:|1700171425\n|-end|p2a: Iron Treads|Quark Drive|[silent]\n|switch|p2a: Ribombee|Ribombee, F|100\/100\n|move|p1a: Great Tusk|Headlong Rush|p2a: Ribombee\n|-resisted|p2a: Ribombee\n|-damage|p2a: Ribombee|26\/100\n|-unboost|p1a: Great Tusk|def|1\n|-unboost|p1a: Great Tusk|spd|1\n|\n|-weather|SunnyDay|[upkeep]\n|upkeep\n|turn|3\n|\n|t:|1700171433\n|-end|p1a: Great Tusk|Protosynthesis|[silent]\n|switch|p1a: Torkoal|Torkoal, M|100\/100\n|move|p2a: Ribombee|Moonblast|p1a: Torkoal\n|-resisted|p1a: Torkoal\n|-damage|p1a: Torkoal|82\/100\n|\n|-weather|SunnyDay|[upkeep]\n|upkeep\n|turn|4\n|\n|t:|1700171439\n|switch|p2a: Iron Treads|Iron Treads|100\/100\n|move|p1a: Torkoal|Stealth Rock|p2a: Iron Treads\n|-sidestart|p2: MasterHand|move: Stealth Rock\n|\n|-weather|SunnyDay|[upkeep]\n|upkeep\n|turn|5\n|\n|t:|1700171455\n|switch|p1a: Walking Wake|Walking Wake|100\/100\n|-activate|p1a: Walking Wake|ability: Protosynthesis\n|-start|p1a: Walking Wake|protosynthesisspe\n|move|p2a: Iron Treads|Earth Power|p1a: Walking Wake\n|-damage|p1a: Walking Wake|61\/100\n|\n|-weather|SunnyDay|[upkeep]\n|upkeep\n|turn|6\n|\n|t:|1700171462\n|-terastallize|p2a: Iron Treads|Water\n|move|p1a: Walking Wake|Hydro Steam|p2a: Iron Treads\n|-resisted|p2a: Iron Treads\n|-damage|p2a: Iron Treads|23\/100\n|move|p2a: Iron Treads|Rapid Spin|p1a: Walking Wake\n|-damage|p1a: Walking Wake|46\/100\n|-boost|p2a: Iron Treads|spe|1\n|-sideend|p2: MasterHand|Stealth Rock|[from] move: Rapid Spin|[of] p2a: Iron Treads\n|\n|-weather|SunnyDay|[upkeep]\n|upkeep\n|turn|7\n|\n|t:|1700171471\n|move|p1a: Walking Wake|Hydro Steam|p2a: Iron Treads\n|-resisted|p2a: Iron Treads\n|-damage|p2a: Iron Treads|0 fnt\n|faint|p2a: Iron Treads\n|-end|p2a: Iron Treads|Quark Drive|[silent]\n|\n|-weather|SunnyDay|[upkeep]\n|upkeep\n|\n|t:|1700171475\n|switch|p2a: Ribombee|Ribombee, F|26\/100\n|turn|8\n|\n|t:|1700171480\n|move|p2a: Ribombee|Moonblast|p1a: Walking Wake\n|-supereffective|p1a: Walking Wake\n|-damage|p1a: Walking Wake|0 fnt\n|faint|p1a: Walking Wake\n|-end|p1a: Walking Wake|Protosynthesis|[silent]\n|\n|-weather|none\n|upkeep\n|\n|t:|1700171497\n|switch|p1a: Torkoal|Torkoal, M|82\/100\n|-weather|SunnyDay|[from] ability: Drought|[of] p1a: Torkoal\n|turn|9\n|\n|t:|1700171510\n|switch|p2a: Dragapult|Dragapult, F, shiny|100\/100\n|move|p1a: Torkoal|Stealth Rock|p2a: Dragapult\n|-sidestart|p2: MasterHand|move: Stealth Rock\n|\n|-weather|SunnyDay|[upkeep]\n|upkeep\n|turn|10\n|\n|t:|1700171519\n|switch|p1a: Scream Tail|Scream Tail, shiny|100\/100\n|-activate|p1a: Scream Tail|ability: Protosynthesis\n|-start|p1a: Scream Tail|protosynthesisspe\n|move|p2a: Dragapult|Dragon Darts|p1a: Scream Tail\n|-immune|p1a: Scream Tail\n|\n|-weather|SunnyDay|[upkeep]\n|upkeep\n|turn|11\n|\n|t:|1700171527\n|switch|p2a: Iron Moth|Iron Moth|100\/100\n|-damage|p2a: Iron Moth|75\/100|[from] Stealth Rock\n|-enditem|p2a: Iron Moth|Booster Energy\n|-activate|p2a: Iron Moth|ability: Quark Drive|[fromitem]\n|-start|p2a: Iron Moth|quarkdrivespe\n|move|p1a: Scream Tail|Encore||[still]\n|-fail|p1a: Scream Tail\n|\n|-weather|SunnyDay|[upkeep]\n|upkeep\n|turn|12\n|\n|t:|1700171540\n|-end|p1a: Scream Tail|Protosynthesis|[silent]\n|switch|p1a: Great Tusk|Great Tusk|66\/100\n|-activate|p1a: Great Tusk|ability: Protosynthesis\n|-start|p1a: Great Tusk|protosynthesisatk\n|move|p2a: Iron Moth|Sludge Wave|p1a: Great Tusk\n|-resisted|p1a: Great Tusk\n|-crit|p1a: Great Tusk\n|-damage|p1a: Great Tusk|28\/100\n|\n|-weather|SunnyDay|[upkeep]\n|upkeep\n|turn|13\n|inactive|Battle timer is ON: inactive players will automatically lose when time's up. (requested by MasterHand)\n|inactive|Antonimo17 has 120 seconds left.\n|l|\u2606Antonimo17\n|inactive|Antonimo17 disconnected and has a minute to reconnect!\n|player|p1|\n|inactive|Antonimo17 has 30 seconds to reconnect!\n|inactive|Antonimo17 has 20 seconds to reconnect!\n|j|\u2606Antonimo17\n|inactive|Antonimo17 reconnected and has 80 seconds left.\n|player|p1|Antonimo17|benga\n|\n|t:|1700171655\n|move|p2a: Iron Moth|Psychic|p1a: Great Tusk\n|-supereffective|p1a: Great Tusk\n|-damage|p1a: Great Tusk|0 fnt\n|faint|p1a: Great Tusk\n|-end|p1a: Great Tusk|Protosynthesis|[silent]\n|\n|-weather|SunnyDay|[upkeep]\n|upkeep\n|\n|t:|1700171659\n|switch|p1a: Infernape|Infernape, F|100\/100\n|turn|14\n|\n|t:|1700171687\n|move|p2a: Iron Moth|Psychic|p1a: Infernape\n|-supereffective|p1a: Infernape\n|-damage|p1a: Infernape|13\/100\n|move|p1a: Infernape|Overheat|p2a: Iron Moth|[miss]\n|-miss|p1a: Infernape|p2a: Iron Moth\n|\n|-weather|SunnyDay|[upkeep]\n|upkeep\n|turn|15\n|\n|t:|1700171699\n|switch|p1a: Garganacl|Garganacl, M|100\/100\n|move|p2a: Iron Moth|Discharge|p1a: Garganacl\n|-damage|p1a: Garganacl|82\/100\n|\n|-weather|SunnyDay|[upkeep]\n|-heal|p1a: Garganacl|89\/100|[from] item: Leftovers\n|upkeep\n|turn|16\n|\n|t:|1700171711\n|-terastallize|p1a: Garganacl|Water\n|move|p2a: Iron Moth|Energy Ball|p1a: Garganacl\n|-supereffective|p1a: Garganacl\n|-damage|p1a: Garganacl|44\/100\n|move|p1a: Garganacl|Earthquake|p2a: Iron Moth\n|-supereffective|p2a: Iron Moth\n|-damage|p2a: Iron Moth|0 fnt\n|faint|p2a: Iron Moth\n|-end|p2a: Iron Moth|Quark Drive|[silent]\n|\n|-weather|none\n|-heal|p1a: Garganacl|50\/100|[from] item: Leftovers\n|upkeep\n|inactive|MasterHand has 120 seconds left.\n|\n|t:|1700171733\n|switch|p2a: Ribombee|Ribombee, F|26\/100\n|-damage|p2a: Ribombee|1\/100|[from] Stealth Rock\n|turn|17\n|\n|t:|1700171742\n|switch|p1a: Scream Tail|Scream Tail, shiny|100\/100\n|move|p2a: Ribombee|Trick|p1a: Scream Tail\n|-activate|p2a: Ribombee|move: Trick|[of] p1a: Scream Tail\n|-item|p1a: Scream Tail|Choice Scarf|[from] move: Trick\n|-item|p2a: Ribombee|Leftovers|[from] move: Trick\n|\n|-heal|p2a: Ribombee|7\/100|[from] item: Leftovers\n|upkeep\n|turn|18\n|inactive|MasterHand has 120 seconds left.\n|\n|t:|1700171772\n|switch|p2a: Enamorus|Enamorus, F|100\/100\n|-damage|p2a: Enamorus|76\/100|[from] Stealth Rock\n|move|p1a: Scream Tail|Encore||[still]\n|-fail|p1a: Scream Tail\n|\n|upkeep\n|turn|19\n|inactive|MasterHand has 120 seconds left.\n|inactive|Antonimo17 has 120 seconds left.\n|\n|t:|1700171801\n|-end|p1a: Scream Tail|Protosynthesis|[silent]\n|switch|p1a: Torkoal|Torkoal, M|82\/100\n|-weather|SunnyDay|[from] ability: Drought|[of] p1a: Torkoal\n|move|p2a: Enamorus|Superpower|p1a: Torkoal\n|-crit|p1a: Torkoal\n|-damage|p1a: Torkoal|49\/100\n|-boost|p2a: Enamorus|atk|1\n|-boost|p2a: Enamorus|def|1\n|\n|-weather|SunnyDay|[upkeep]\n|upkeep\n|turn|20\n|inactive|Antonimo17 has 120 seconds left.\n|inactive|MasterHand has 120 seconds left.\n|\n|t:|1700171831\n|move|p2a: Enamorus|Superpower|p1a: Torkoal\n|-damage|p1a: Torkoal|17\/100\n|-boost|p2a: Enamorus|atk|1\n|-boost|p2a: Enamorus|def|1\n|move|p1a: Torkoal|Yawn|p2a: Enamorus\n|-start|p2a: Enamorus|move: Yawn|[of] p1a: Torkoal\n|\n|-weather|SunnyDay|[upkeep]\n|upkeep\n|turn|21\n|inactive|Antonimo17 has 120 seconds left.\n|\n|t:|1700171839\n|switch|p2a: Ribombee|Ribombee, F|7\/100\n|-damage|p2a: Ribombee|0 fnt|[from] Stealth Rock\n|faint|p2a: Ribombee\n|move|p1a: Torkoal|Flamethrower|p2: Ribombee|[notarget]\n|-fail|p1a: Torkoal\n|\n|-weather|SunnyDay|[upkeep]\n|upkeep\n|\n|t:|1700171846\n|switch|p2a: Kommo-o|Kommo-o, M|100\/100\n|-damage|p2a: Kommo-o|94\/100|[from] Stealth Rock\n|turn|22\n|\n|t:|1700171851\n|move|p2a: Kommo-o|Substitute|p2a: Kommo-o\n|-start|p2a: Kommo-o|Substitute\n|-damage|p2a: Kommo-o|69\/100\n|move|p1a: Torkoal|Yawn||[still]\n|-fail|p1a: Torkoal\n|\n|-weather|SunnyDay|[upkeep]\n|upkeep\n|turn|23\n|inactive|MasterHand has 120 seconds left.\n|\n|t:|1700171867\n|switch|p1a: Scream Tail|Scream Tail, shiny|100\/100\n|-activate|p1a: Scream Tail|ability: Protosynthesis\n|-start|p1a: Scream Tail|protosynthesisspe\n|move|p2a: Kommo-o|Drain Punch|p1a: Scream Tail\n|-resisted|p1a: Scream Tail\n|-damage|p1a: Scream Tail|94\/100\n|-heal|p2a: Kommo-o|74\/100|[from] drain|[of] p1a: Scream Tail\n|\n|-weather|SunnyDay|[upkeep]\n|upkeep\n|turn|24\n|\n|t:|1700171881\n|move|p1a: Scream Tail|Dazzling Gleam|p2a: Kommo-o\n|-supereffective|p2a: Kommo-o\n|-end|p2a: Kommo-o|Substitute\n|move|p2a: Kommo-o|Thunder Punch|p1a: Scream Tail\n|-damage|p1a: Scream Tail|78\/100\n|\n|-weather|SunnyDay|[upkeep]\n|upkeep\n|turn|25\n|l|\u2606Antonimo17\n|inactive|Antonimo17 disconnected and has a minute to reconnect!\n|player|p1|\n|inactive|MasterHand has 120 seconds left.\n|inactive|Antonimo17 has 30 seconds to reconnect!\n|j|\u2606Antonimo17\n|inactive|Antonimo17 reconnected and has 115 seconds left.\n|player|p1|Antonimo17|benga\n|\n|t:|1700171917\n|move|p1a: Scream Tail|Dazzling Gleam|p2a: Kommo-o\n|-supereffective|p2a: Kommo-o\n|-damage|p2a: Kommo-o|0 fnt\n|faint|p2a: Kommo-o\n|\n|-weather|SunnyDay|[upkeep]\n|upkeep\n|inactive|MasterHand has 120 seconds left.\n|\n|t:|1700171926\n|switch|p2a: Enamorus|Enamorus, F|76\/100\n|-damage|p2a: Enamorus|51\/100|[from] Stealth Rock\n|turn|26\n|inactive|Antonimo17 has 120 seconds left.\n|\n|t:|1700171942\n|move|p1a: Scream Tail|Dazzling Gleam|p2a: Enamorus\n|-damage|p2a: Enamorus|22\/100\n|move|p2a: Enamorus|Iron Head|p1a: Scream Tail\n|-supereffective|p1a: Scream Tail\n|-damage|p1a: Scream Tail|46\/100\n|\n|-weather|none\n|-end|p1a: Scream Tail|Protosynthesis\n|upkeep\n|turn|27\n|\n|t:|1700171959\n|-end|p1a: Scream Tail|Protosynthesis|[silent]\n|switch|p1a: Torkoal|Torkoal, M|17\/100\n|-weather|SunnyDay|[from] ability: Drought|[of] p1a: Torkoal\n|move|p2a: Enamorus|Mystical Fire|p1a: Torkoal\n|-resisted|p1a: Torkoal\n|-damage|p1a: Torkoal|0 fnt\n|faint|p1a: Torkoal\n|\n|-weather|SunnyDay|[upkeep]\n|upkeep\n|\n|t:|1700171972\n|switch|p1a: Infernape|Infernape, F|13\/100\n|turn|28\n|\n|t:|1700171983\n|switch|p2a: Dragapult|Dragapult, F, shiny|100\/100\n|-damage|p2a: Dragapult|88\/100|[from] Stealth Rock\n|move|p1a: Infernape|Overheat|p2a: Dragapult\n|-resisted|p2a: Dragapult\n|-damage|p2a: Dragapult|0 fnt\n|-unboost|p1a: Infernape|spa|2\n|faint|p2a: Dragapult\n|\n|-weather|SunnyDay|[upkeep]\n|upkeep\n|\n|t:|1700171986\n|switch|p2a: Enamorus|Enamorus, F|22\/100\n|-damage|p2a: Enamorus|0 fnt|[from] Stealth Rock\n|faint|p2a: Enamorus\n|\n|win|Antonimo17\n|raw|Antonimo17's rating: 1303 &rarr; <strong>1329<\/strong><br \/>(+26 for winning)\n|raw|MasterHand's rating: 1408 &rarr; <strong>1382<\/strong><br \/>(-26 for losing)\n|l|\u2606Antonimo17\n|j|\u2606Antonimo17\n|player|p1|Antonimo17|benga\n","uploadtime":1700172063,"views":13,"p1id":"antonimo17","p2id":"masterhand","formatid":"gen9ou","rating":1329,"private":0,"password":""}