{"id":"gen9ou-1996699546","p1":"Olair.Bocsur","p2":"RANACIO","format":"[Gen 9] OU","log":"|j|\u2606Olair.Bocsur\n|j|\u2606RANACIO\n|t:|1700711371\n|gametype|singles\n|player|p1|Olair.Bocsur|169|\n|player|p2|RANACIO|266|\n|teamsize|p1|6\n|teamsize|p2|6\n|gen|9\n|tier|[Gen 9] OU\n|rule|Sleep Clause Mod: Limit one foe put to sleep\n|rule|Species Clause: Limit one of each Pok\u00e9mon\n|rule|OHKO Clause: OHKO moves are banned\n|rule|Evasion Items Clause: Evasion items are banned\n|rule|Evasion Moves Clause: Evasion moves are banned\n|rule|Endless Battle Clause: Forcing endless battles is banned\n|rule|HP Percentage Mod: HP is shown in percentages\n|clearpoke\n|poke|p1|Espeon, M|\n|poke|p1|Ogerpon-Cornerstone, F|\n|poke|p1|Chandelure, F|\n|poke|p1|Gyarados, F|\n|poke|p1|Scream Tail|\n|poke|p1|Iron Treads|\n|poke|p2|Landorus-Therian, M|\n|poke|p2|Empoleon, M|\n|poke|p2|Gholdengo|\n|poke|p2|Hoopa-Unbound|\n|poke|p2|Clodsire, M|\n|poke|p2|Snorlax, F|\n|teampreview\n|inactive|Battle timer is ON: inactive players will automatically lose when time's up. (requested by Olair.Bocsur)\n|c|\u2606Olair.Bocsur|Suerte\n|\n|t:|1700711388\n|start\n|switch|p1a: Gyarados|Gyarados, F|100\/100\n|switch|p2a: Empoleon|Empoleon, M|100\/100\n|turn|1\n|\n|t:|1700711396\n|move|p1a: Gyarados|Earthquake|p2a: Empoleon\n|-supereffective|p2a: Empoleon\n|-damage|p2a: Empoleon|32\/100\n|move|p2a: Empoleon|Air Slash|p1a: Gyarados\n|-damage|p1a: Gyarados|81\/100\n|\n|-heal|p1a: Gyarados|87\/100|[from] item: Leftovers\n|upkeep\n|turn|2\n|\n|t:|1700711407\n|move|p1a: Gyarados|Earthquake|p2a: Empoleon\n|-supereffective|p2a: Empoleon\n|-damage|p2a: Empoleon|0 fnt\n|faint|p2a: Empoleon\n|-ability|p1a: Gyarados|Moxie|boost\n|-boost|p1a: Gyarados|atk|1\n|\n|-heal|p1a: Gyarados|93\/100|[from] item: Leftovers\n|upkeep\n|\n|t:|1700711416\n|switch|p2a: Hoopa|Hoopa-Unbound|100\/100\n|turn|3\n|\n|t:|1700711421\n|move|p1a: Gyarados|Iron Head|p2a: Hoopa\n|-damage|p2a: Hoopa|58\/100\n|move|p2a: Hoopa|Calm Mind|p2a: Hoopa\n|-boost|p2a: Hoopa|spa|1\n|-boost|p2a: Hoopa|spd|1\n|\n|-heal|p1a: Gyarados|99\/100|[from] item: Leftovers\n|upkeep\n|turn|4\n|\n|t:|1700711433\n|move|p1a: Gyarados|Waterfall|p2a: Hoopa\n|-damage|p2a: Hoopa|0 fnt\n|faint|p2a: Hoopa\n|-ability|p1a: Gyarados|Moxie|boost\n|-boost|p1a: Gyarados|atk|1\n|\n|-heal|p1a: Gyarados|100\/100|[from] item: Leftovers\n|upkeep\n|\n|t:|1700711442\n|switch|p2a: Gholdengo|Gholdengo|100\/100\n|turn|5\n|\n|t:|1700711446\n|move|p1a: Gyarados|Earthquake|p2a: Gholdengo\n|-supereffective|p2a: Gholdengo\n|-damage|p2a: Gholdengo|0 fnt\n|faint|p2a: Gholdengo\n|-ability|p1a: Gyarados|Moxie|boost\n|-boost|p1a: Gyarados|atk|1\n|\n|upkeep\n|\n|t:|1700711453\n|switch|p2a: Clodsire|Clodsire, M|100\/100\n|turn|6\n|\n|t:|1700711457\n|move|p1a: Gyarados|Earthquake|p2a: Clodsire\n|-supereffective|p2a: Clodsire\n|-damage|p2a: Clodsire|0 fnt\n|faint|p2a: Clodsire\n|-ability|p1a: Gyarados|Moxie|boost\n|-boost|p1a: Gyarados|atk|1\n|\n|upkeep\n|\n|t:|1700711464\n|switch|p2a: Landorus|Landorus-Therian, M|100\/100\n|-ability|p2a: Landorus|Intimidate|boost\n|-unboost|p1a: Gyarados|atk|1\n|turn|7\n|\n|t:|1700711472\n|move|p1a: Gyarados|Waterfall|p2a: Landorus\n|-supereffective|p2a: Landorus\n|-damage|p2a: Landorus|0 fnt\n|faint|p2a: Landorus\n|-ability|p1a: Gyarados|Moxie|boost\n|-boost|p1a: Gyarados|atk|1\n|\n|upkeep\n|\n|t:|1700711479\n|switch|p2a: Snorlax|Snorlax, F|100\/100\n|turn|8\n|\n|t:|1700711484\n|move|p1a: Gyarados|Iron Head|p2a: Snorlax\n|-damage|p2a: Snorlax|36\/100\n|move|p2a: Snorlax|Curse|p2a: Snorlax\n|-unboost|p2a: Snorlax|spe|1\n|-boost|p2a: Snorlax|atk|1\n|-boost|p2a: Snorlax|def|1\n|\n|-damage|p2a: Snorlax|24\/100|[from] item: Black Sludge\n|upkeep\n|turn|9\n|\n|t:|1700711494\n|move|p1a: Gyarados|Iron Head|p2a: Snorlax\n|-damage|p2a: Snorlax|0 fnt\n|faint|p2a: Snorlax\n|\n|win|Olair.Bocsur\n","uploadtime":1700711511,"views":46,"p1id":"olairbocsur","p2id":"ranacio","formatid":"gen9ou","rating":0,"private":0,"password":""}