{"id":"gen9ou-1991631111","p1":"I love gliscor tbh","p2":"Sindicate VI","format":"[Gen 9] OU","log":"|j|\u2606I love gliscor tbh\n|j|\u2606Sindicate VI\n|t:|1700096274\n|gametype|singles\n|player|p1|I love gliscor tbh|red|1484\n|player|p2|Sindicate VI|266|1505\n|teamsize|p1|6\n|teamsize|p2|6\n|gen|9\n|tier|[Gen 9] OU\n|rated|\n|rule|Sleep Clause Mod: Limit one foe put to sleep\n|rule|Species Clause: Limit one of each Pok\u00e9mon\n|rule|OHKO Clause: OHKO moves are banned\n|rule|Evasion Items Clause: Evasion items are banned\n|rule|Evasion Moves Clause: Evasion moves are banned\n|rule|Endless Battle Clause: Forcing endless battles is banned\n|rule|HP Percentage Mod: HP is shown in percentages\n|clearpoke\n|poke|p1|Iron Valiant|\n|poke|p1|Dragapult, F|\n|poke|p1|Great Tusk|\n|poke|p1|Dondozo, F|\n|poke|p1|Kingambit, M|\n|poke|p1|Tornadus-Therian, M|\n|poke|p2|Clodsire, M|\n|poke|p2|Ogerpon-Wellspring, F|\n|poke|p2|Hatterene, F|\n|poke|p2|Rillaboom, M|\n|poke|p2|Sneasler, M|\n|poke|p2|Zapdos|\n|teampreview\n|inactive|Battle timer is ON: inactive players will automatically lose when time's up. (requested by Sindicate VI)\n|inactive|I love gliscor tbh also wants the timer to be on.\n|\n|t:|1700096286\n|start\n|switch|p1a: Dragapult|Dragapult, F|100\/100\n|switch|p2a: Zapdos|Zapdos|100\/100\n|turn|1\n|\n|t:|1700096297\n|move|p1a: Dragapult|Draco Meteor|p2a: Zapdos\n|-damage|p2a: Zapdos|29\/100\n|-unboost|p1a: Dragapult|spa|2\n|move|p2a: Zapdos|Thunder Wave|p1a: Dragapult\n|-status|p1a: Dragapult|par\n|\n|upkeep\n|turn|2\n|\n|t:|1700096306\n|move|p2a: Zapdos|Roost|p2a: Zapdos\n|-heal|p2a: Zapdos|79\/100\n|-singleturn|p2a: Zapdos|move: Roost\n|move|p1a: Dragapult|Draco Meteor|p2a: Zapdos\n|-damage|p2a: Zapdos|45\/100\n|-unboost|p1a: Dragapult|spa|2\n|\n|upkeep\n|turn|3\n|\n|t:|1700096316\n|switch|p1a: Iron Valiant|Iron Valiant, shiny|100\/100\n|-enditem|p1a: Iron Valiant|Booster Energy\n|-activate|p1a: Iron Valiant|ability: Quark Drive|[fromitem]\n|-start|p1a: Iron Valiant|quarkdrivespe\n|move|p2a: Zapdos|Roost|p2a: Zapdos\n|-heal|p2a: Zapdos|96\/100\n|-singleturn|p2a: Zapdos|move: Roost\n|\n|upkeep\n|turn|4\n|\n|t:|1700096329\n|-terastallize|p1a: Iron Valiant|Ghost\n|move|p1a: Iron Valiant|Calm Mind|p1a: Iron Valiant\n|-boost|p1a: Iron Valiant|spa|1\n|-boost|p1a: Iron Valiant|spd|1\n|move|p2a: Zapdos|Hurricane|p1a: Iron Valiant\n|-damage|p1a: Iron Valiant|46\/100\n|\n|upkeep\n|turn|5\n|\n|t:|1700096340\n|move|p1a: Iron Valiant|Shadow Ball|p2a: Zapdos\n|-damage|p2a: Zapdos|49\/100\n|move|p2a: Zapdos|Volt Switch|p1a: Iron Valiant\n|-damage|p1a: Iron Valiant|8\/100\n|\n|t:|1700096346\n|switch|p2a: Rillaboom|Rillaboom, M|100\/100|[from] Volt Switch\n|-fieldstart|move: Grassy Terrain|[from] ability: Grassy Surge|[of] p2a: Rillaboom\n|\n|-heal|p1a: Iron Valiant|14\/100|[from] Grassy Terrain\n|upkeep\n|turn|6\n|inactive|Sindicate VI has 120 seconds left.\n|inactive|Sindicate VI has 90 seconds left.\n|\n|t:|1700096419\n|move|p2a: Rillaboom|Grassy Glide|p1a: Iron Valiant\n|-damage|p1a: Iron Valiant|0 fnt\n|faint|p1a: Iron Valiant\n|-end|p1a: Iron Valiant|Quark Drive|[silent]\n|\n|upkeep\n|\n|t:|1700096428\n|switch|p1a: Tornadus|Tornadus-Therian, M|100\/100\n|turn|7\n|inactive|Sindicate VI has 90 seconds left.\n|\n|t:|1700096438\n|switch|p2a: Hatterene|Hatterene, F|100\/100\n|-enditem|p2a: Hatterene|Grassy Seed\n|-boost|p2a: Hatterene|def|1|[from] item: Grassy Seed\n|move|p1a: Tornadus|Knock Off|p2a: Hatterene\n|-damage|p2a: Hatterene|89\/100\n|\n|-heal|p2a: Hatterene|95\/100|[from] Grassy Terrain\n|upkeep\n|turn|8\n|\n|t:|1700096446\n|move|p1a: Tornadus|U-turn|p2a: Hatterene\n|-damage|p2a: Hatterene|84\/100\n|\n|t:|1700096449\n|switch|p1a: Dragapult|Dragapult, F|100\/100 par|[from] U-turn\n|move|p2a: Hatterene|Calm Mind|p2a: Hatterene\n|-boost|p2a: Hatterene|spa|1\n|-boost|p2a: Hatterene|spd|1\n|\n|-heal|p2a: Hatterene|90\/100|[from] Grassy Terrain\n|upkeep\n|turn|9\n|\n|t:|1700096455\n|move|p1a: Dragapult|Shadow Ball|p2a: Hatterene\n|-supereffective|p2a: Hatterene\n|-damage|p2a: Hatterene|30\/100\n|move|p2a: Hatterene|Draining Kiss|p1a: Dragapult\n|-supereffective|p1a: Dragapult\n|-damage|p1a: Dragapult|6\/100 par\n|-heal|p2a: Hatterene|100\/100|[from] drain|[of] p1a: Dragapult\n|\n|-heal|p1a: Dragapult|12\/100 par|[from] Grassy Terrain\n|-fieldend|move: Grassy Terrain\n|upkeep\n|turn|10\n|\n|t:|1700096463\n|move|p1a: Dragapult|Shadow Ball|p2a: Hatterene\n|-supereffective|p2a: Hatterene\n|-damage|p2a: Hatterene|42\/100\n|move|p2a: Hatterene|Draining Kiss|p1a: Dragapult\n|-supereffective|p1a: Dragapult\n|-damage|p1a: Dragapult|0 fnt\n|-heal|p2a: Hatterene|50\/100|[from] drain|[of] p1a: Dragapult\n|faint|p1a: Dragapult\n|\n|upkeep\n|\n|t:|1700096472\n|switch|p1a: Great Tusk|Great Tusk|100\/100\n|turn|11\n|\n|t:|1700096477\n|move|p1a: Great Tusk|Earthquake|p2a: Hatterene\n|-damage|p2a: Hatterene|10\/100\n|move|p2a: Hatterene|Draining Kiss|p1a: Great Tusk\n|-supereffective|p1a: Great Tusk\n|-damage|p1a: Great Tusk|47\/100\n|-heal|p2a: Hatterene|66\/100|[from] drain|[of] p1a: Great Tusk\n|\n|upkeep\n|turn|12\n|\n|t:|1700096485\n|move|p1a: Great Tusk|Earthquake|p2a: Hatterene\n|-damage|p2a: Hatterene|23\/100\n|move|p2a: Hatterene|Draining Kiss|p1a: Great Tusk\n|-supereffective|p1a: Great Tusk\n|-damage|p1a: Great Tusk|0 fnt\n|-heal|p2a: Hatterene|70\/100|[from] drain|[of] p1a: Great Tusk\n|faint|p1a: Great Tusk\n|-end|p1a: Great Tusk|Protosynthesis|[silent]\n|\n|upkeep\n|\n|t:|1700096491\n|switch|p1a: Dondozo|Dondozo, F|100\/100\n|turn|13\n|\n|t:|1700096508\n|move|p1a: Dondozo|Curse|p1a: Dondozo\n|-unboost|p1a: Dondozo|spe|1\n|-boost|p1a: Dondozo|atk|1\n|-boost|p1a: Dondozo|def|1\n|move|p2a: Hatterene|Calm Mind|p2a: Hatterene\n|-boost|p2a: Hatterene|spa|1\n|-boost|p2a: Hatterene|spd|1\n|\n|upkeep\n|turn|14\n|\n|t:|1700096513\n|move|p2a: Hatterene|Calm Mind|p2a: Hatterene\n|-boost|p2a: Hatterene|spa|1\n|-boost|p2a: Hatterene|spd|1\n|move|p1a: Dondozo|Curse|p1a: Dondozo\n|-unboost|p1a: Dondozo|spe|1\n|-boost|p1a: Dondozo|atk|1\n|-boost|p1a: Dondozo|def|1\n|\n|upkeep\n|turn|15\n|\n|t:|1700096516\n|move|p2a: Hatterene|Stored Power|p1a: Dondozo\n|-damage|p1a: Dondozo|57\/100\n|move|p1a: Dondozo|Curse|p1a: Dondozo\n|-unboost|p1a: Dondozo|spe|1\n|-boost|p1a: Dondozo|atk|1\n|-boost|p1a: Dondozo|def|1\n|\n|-heal|p1a: Dondozo|63\/100|[from] item: Leftovers\n|upkeep\n|turn|16\n|inactive|Sindicate VI has 120 seconds left.\n|\n|t:|1700096553\n|move|p2a: Hatterene|Stored Power|p1a: Dondozo\n|-damage|p1a: Dondozo|15\/100\n|move|p1a: Dondozo|Liquidation|p2a: Hatterene\n|-damage|p2a: Hatterene|0 fnt\n|faint|p2a: Hatterene\n|\n|-heal|p1a: Dondozo|21\/100|[from] item: Leftovers\n|upkeep\n|inactive|Sindicate VI has 120 seconds left.\n|\n|t:|1700096559\n|switch|p2a: Zapdos|Zapdos|49\/100\n|turn|17\n|\n|t:|1700096565\n|move|p2a: Zapdos|Volt Switch|p1a: Dondozo\n|-supereffective|p1a: Dondozo\n|-damage|p1a: Dondozo|0 fnt\n|faint|p1a: Dondozo\n|\n|t:|1700096575\n|switch|p2a: Clodsire|Clodsire, M|100\/100|[from] Volt Switch\n|\n|upkeep\n|\n|t:|1700096580\n|switch|p1a: Tornadus|Tornadus-Therian, M|100\/100\n|turn|18\n|\n|t:|1700096587\n|move|p1a: Tornadus|Psychic|p2a: Clodsire\n|-supereffective|p2a: Clodsire\n|-damage|p2a: Clodsire|63\/100\n|move|p2a: Clodsire|Stockpile|p2a: Clodsire\n|-start|p2a: Clodsire|stockpile1\n|-boost|p2a: Clodsire|def|1\n|-boost|p2a: Clodsire|spd|1\n|\n|-heal|p2a: Clodsire|69\/100|[from] item: Leftovers\n|upkeep\n|turn|19\n|\n|t:|1700096596\n|move|p1a: Tornadus|Knock Off|p2a: Clodsire\n|-damage|p2a: Clodsire|59\/100\n|-enditem|p2a: Clodsire|Leftovers|[from] move: Knock Off|[of] p1a: Tornadus\n|move|p2a: Clodsire|Toxic|p1a: Tornadus\n|-status|p1a: Tornadus|tox\n|\n|-damage|p1a: Tornadus|95\/100 tox|[from] psn\n|upkeep\n|turn|20\n|\n|t:|1700096602\n|move|p1a: Tornadus|Psychic|p2a: Clodsire\n|-supereffective|p2a: Clodsire\n|-damage|p2a: Clodsire|32\/100\n|move|p2a: Clodsire|Recover|p2a: Clodsire\n|-heal|p2a: Clodsire|82\/100\n|\n|-damage|p1a: Tornadus|83\/100 tox|[from] psn\n|upkeep\n|turn|21\n|\n|t:|1700096606\n|move|p1a: Tornadus|U-turn|p2a: Clodsire\n|-resisted|p2a: Clodsire\n|-crit|p2a: Clodsire\n|-damage|p2a: Clodsire|74\/100\n|\n|t:|1700096611\n|switch|p1a: Kingambit|Kingambit, M|100\/100|[from] U-turn\n|-activate|p1a: Kingambit|ability: Supreme Overlord\n|-start|p1a: Kingambit|fallen4|[silent]\n|move|p2a: Clodsire|Stockpile|p2a: Clodsire\n|-start|p2a: Clodsire|stockpile2\n|-boost|p2a: Clodsire|def|1\n|-boost|p2a: Clodsire|spd|1\n|\n|upkeep\n|turn|22\n|\n|t:|1700096616\n|move|p1a: Kingambit|Swords Dance|p1a: Kingambit\n|-boost|p1a: Kingambit|atk|2\n|move|p2a: Clodsire|Earthquake|p1a: Kingambit\n|-supereffective|p1a: Kingambit\n|-crit|p1a: Kingambit\n|-damage|p1a: Kingambit|34\/100\n|\n|upkeep\n|turn|23\n|\n|t:|1700096621\n|move|p1a: Kingambit|Sucker Punch|p2a: Clodsire\n|-damage|p2a: Clodsire|52\/100\n|move|p2a: Clodsire|Earthquake|p1a: Kingambit\n|-supereffective|p1a: Kingambit\n|-damage|p1a: Kingambit|0 fnt\n|faint|p1a: Kingambit\n|-end|p1a: Kingambit|fallen4|[silent]\n|\n|upkeep\n|\n|t:|1700096626\n|switch|p1a: Tornadus|Tornadus-Therian, M|100\/100 tox\n|turn|24\n|\n|t:|1700096629\n|move|p1a: Tornadus|Psychic|p2a: Clodsire\n|-supereffective|p2a: Clodsire\n|-damage|p2a: Clodsire|32\/100\n|move|p2a: Clodsire|Recover|p2a: Clodsire\n|-heal|p2a: Clodsire|82\/100\n|\n|-damage|p1a: Tornadus|95\/100 tox|[from] psn\n|upkeep\n|turn|25\n|-message|I love gliscor tbh forfeited.\n|\n|win|Sindicate VI\n|raw|I love gliscor tbh's rating: 1484 &rarr; <strong>1465<\/strong><br \/>(-19 for losing)\n|raw|Sindicate VI's rating: 1505 &rarr; <strong>1524<\/strong><br \/>(+19 for winning)\n|l|\u2606I love gliscor tbh\n","uploadtime":1700096638,"views":8,"p1id":"ilovegliscortbh","p2id":"sindicatevi","formatid":"gen9ou","rating":1465,"private":0,"password":""}