{"id":"gen9ou-1993125241","p1":"yaboiAshK.","p2":"Takashi Agiota","format":"[Gen 9] OU","log":"|j|\u2606yaboiAshK.\n|j|\u2606Takashi Agiota\n|t:|1700267731\n|gametype|singles\n|player|p1|yaboiAshK.|ash-johto|1342\n|player|p2|Takashi Agiota|266|1233\n|teamsize|p1|6\n|teamsize|p2|6\n|gen|9\n|tier|[Gen 9] OU\n|rated|\n|rule|Sleep Clause Mod: Limit one foe put to sleep\n|rule|Species Clause: Limit one of each Pok\u00e9mon\n|rule|OHKO Clause: OHKO moves are banned\n|rule|Evasion Items Clause: Evasion items are banned\n|rule|Evasion Moves Clause: Evasion moves are banned\n|rule|Endless Battle Clause: Forcing endless battles is banned\n|rule|HP Percentage Mod: HP is shown in percentages\n|clearpoke\n|poke|p1|Samurott-Hisui, M|\n|poke|p1|Gholdengo|\n|poke|p1|Ceruledge, F|\n|poke|p1|Rillaboom, F|\n|poke|p1|Zamazenta-*|\n|poke|p1|Great Tusk|\n|poke|p2|Glimmora, M|\n|poke|p2|Garchomp, M|\n|poke|p2|Heatran, M|\n|poke|p2|Iron Valiant|\n|poke|p2|Scizor, M|\n|poke|p2|Greninja-*, M|\n|teampreview\n|inactive|Battle timer is ON: inactive players will automatically lose when time's up. (requested by yaboiAshK.)\n|\n|t:|1700267743\n|start\n|switch|p1a: Samurott|Samurott-Hisui, M, shiny|100\/100\n|switch|p2a: Glimmora|Glimmora, M|100\/100\n|turn|1\n|\n|t:|1700267749\n|move|p2a: Glimmora|Stealth Rock|p1a: Samurott\n|-sidestart|p1: yaboiAshK.|move: Stealth Rock\n|move|p1a: Samurott|Aqua Cutter|p2a: Glimmora\n|-supereffective|p2a: Glimmora\n|-enditem|p2a: Glimmora|Focus Sash\n|-damage|p2a: Glimmora|1\/100\n|-activate|p2a: Glimmora|ability: Toxic Debris\n|-sidestart|p1: yaboiAshK.|move: Toxic Spikes\n|\n|upkeep\n|turn|2\n|\n|t:|1700267759\n|move|p1a: Samurott|Sucker Punch|p2a: Glimmora\n|-damage|p2a: Glimmora|0 fnt\n|-activate|p2a: Glimmora|ability: Toxic Debris\n|-sidestart|p1: yaboiAshK.|move: Toxic Spikes\n|faint|p2a: Glimmora\n|\n|upkeep\n|\n|t:|1700267775\n|switch|p2a: Iron Valiant|Iron Valiant|100\/100\n|turn|3\n|\n|t:|1700267784\n|switch|p1a: Gholdengo|Gholdengo|100\/100\n|-damage|p1a: Gholdengo|94\/100|[from] Stealth Rock\n|move|p2a: Iron Valiant|Moonblast|p1a: Gholdengo\n|-resisted|p1a: Gholdengo\n|-damage|p1a: Gholdengo|53\/100\n|-unboost|p1a: Gholdengo|spa|1\n|\n|upkeep\n|turn|4\n|\n|t:|1700267791\n|-end|p2a: Iron Valiant|Quark Drive|[silent]\n|switch|p2a: Heatran|Heatran, M|100\/100\n|move|p1a: Gholdengo|Make It Rain|p2a: Heatran\n|-resisted|p2a: Heatran\n|-damage|p2a: Heatran|90\/100\n|-unboost|p1a: Gholdengo|spa|1\n|\n|-heal|p2a: Heatran|96\/100|[from] item: Leftovers\n|upkeep\n|turn|5\n|\n|t:|1700267800\n|switch|p1a: Samurott|Samurott-Hisui, M, shiny|100\/100\n|-damage|p1a: Samurott|88\/100|[from] Stealth Rock\n|-status|p1a: Samurott|tox\n|move|p2a: Heatran|Magma Storm|p1a: Samurott\n|-resisted|p1a: Samurott\n|-damage|p1a: Samurott|55\/100 tox\n|-activate|p1a: Samurott|move: Magma Storm|[of] p2a: Heatran\n|\n|-heal|p2a: Heatran|100\/100|[from] item: Leftovers\n|-damage|p1a: Samurott|49\/100 tox|[from] psn\n|-damage|p1a: Samurott|37\/100 tox|[from] move: Magma Storm|[partiallytrapped]\n|upkeep\n|turn|6\n|\n|t:|1700267808\n|switch|p2a: Scizor|Scizor, M|100\/100\n|move|p1a: Samurott|Ceaseless Edge|p2a: Scizor\n|-damage|p2a: Scizor|26\/100\n|-sidestart|p2: Takashi Agiota|Spikes\n|\n|-damage|p1a: Samurott|25\/100 tox|[from] psn\n|-end|p1a: Samurott|Magma Storm|[partiallytrapped]|[silent]\n|upkeep\n|turn|7\n|\n|t:|1700267824\n|move|p2a: Scizor|U-turn|p1a: Samurott\n|-supereffective|p1a: Samurott\n|-crit|p1a: Samurott\n|-damage|p1a: Samurott|0 fnt\n|faint|p1a: Samurott\n|-damage|p2a: Scizor|16\/100|[from] item: Life Orb\n|\n|t:|1700267830\n|switch|p2a: Greninja|Greninja, M|100\/100|[from] U-turn\n|-damage|p2a: Greninja|88\/100|[from] Spikes\n|\n|upkeep\n|\n|t:|1700267842\n|switch|p1a: Rillaboom|Rillaboom, F|100\/100\n|-damage|p1a: Rillaboom|88\/100|[from] Stealth Rock\n|-status|p1a: Rillaboom|tox\n|-fieldstart|move: Grassy Terrain|[from] ability: Grassy Surge|[of] p1a: Rillaboom\n|turn|8\n|\n|t:|1700267853\n|switch|p2a: Heatran|Heatran, M|100\/100\n|-damage|p2a: Heatran|88\/100|[from] Spikes\n|switch|p1a: Great Tusk|Great Tusk|100\/100\n|-damage|p1a: Great Tusk|98\/100|[from] Stealth Rock\n|-status|p1a: Great Tusk|tox\n|-enditem|p1a: Great Tusk|Booster Energy\n|-activate|p1a: Great Tusk|ability: Protosynthesis|[fromitem]\n|-start|p1a: Great Tusk|protosynthesisspe\n|\n|-heal|p1a: Great Tusk|100\/100 tox|[from] Grassy Terrain\n|-heal|p2a: Heatran|94\/100|[from] Grassy Terrain\n|-heal|p2a: Heatran|100\/100|[from] item: Leftovers\n|-damage|p1a: Great Tusk|94\/100 tox|[from] psn\n|upkeep\n|turn|9\n|\n|t:|1700267866\n|switch|p2a: Scizor|Scizor, M|16\/100\n|-damage|p2a: Scizor|3\/100|[from] Spikes\n|move|p1a: Great Tusk|Rapid Spin|p2a: Scizor\n|-resisted|p2a: Scizor\n|-damage|p2a: Scizor|0 fnt\n|-boost|p1a: Great Tusk|spe|1\n|-sideend|p1: yaboiAshK.|Toxic Spikes|[from] move: Rapid Spin|[of] p1a: Great Tusk\n|-sideend|p1: yaboiAshK.|Stealth Rock|[from] move: Rapid Spin|[of] p1a: Great Tusk\n|faint|p2a: Scizor\n|\n|-heal|p1a: Great Tusk|100\/100 tox|[from] Grassy Terrain\n|-damage|p1a: Great Tusk|88\/100 tox|[from] psn\n|upkeep\n|\n|t:|1700267886\n|switch|p2a: Greninja|Greninja, M|88\/100\n|-damage|p2a: Greninja|76\/100|[from] Spikes\n|turn|10\n|\n|t:|1700267901\n|move|p1a: Great Tusk|High Horsepower|p2a: Greninja\n|-damage|p2a: Greninja|7\/100\n|move|p2a: Greninja|Ice Beam|p1a: Great Tusk\n|-supereffective|p1a: Great Tusk\n|-damage|p1a: Great Tusk|3\/100 tox\n|-damage|p2a: Greninja|0 fnt|[from] item: Life Orb\n|faint|p2a: Greninja\n|\n|-heal|p1a: Great Tusk|10\/100 tox|[from] Grassy Terrain\n|-damage|p1a: Great Tusk|0 fnt|[from] psn\n|faint|p1a: Great Tusk\n|-end|p1a: Great Tusk|Protosynthesis|[silent]\n|upkeep\n|\n|t:|1700267908\n|switch|p2a: Heatran|Heatran, M|100\/100\n|switch|p1a: Gholdengo|Gholdengo|53\/100\n|-damage|p2a: Heatran|88\/100|[from] Spikes\n|turn|11\n|\n|t:|1700267917\n|-terastallize|p1a: Gholdengo|Fighting\n|move|p1a: Gholdengo|Focus Blast|p2a: Heatran\n|-supereffective|p2a: Heatran\n|-damage|p2a: Heatran|0 fnt\n|faint|p2a: Heatran\n|\n|-heal|p1a: Gholdengo|59\/100|[from] Grassy Terrain\n|upkeep\n|\n|t:|1700267923\n|switch|p2a: Iron Valiant|Iron Valiant|100\/100\n|-damage|p2a: Iron Valiant|88\/100|[from] Spikes\n|turn|12\n|\n|t:|1700267932\n|switch|p1a: Rillaboom|Rillaboom, F|88\/100 tox\n|-terastallize|p2a: Iron Valiant|Fairy\n|move|p2a: Iron Valiant|Moonblast|p1a: Rillaboom\n|-damage|p1a: Rillaboom|0 fnt\n|faint|p1a: Rillaboom\n|\n|-heal|p2a: Iron Valiant|94\/100|[from] Grassy Terrain\n|-fieldend|move: Grassy Terrain\n|upkeep\n|\n|t:|1700267936\n|switch|p1a: Gholdengo|Gholdengo, tera:Fighting|59\/100\n|turn|13\n|\n|t:|1700267938\n|move|p1a: Gholdengo|Make It Rain|p2a: Iron Valiant\n|-supereffective|p2a: Iron Valiant\n|-damage|p2a: Iron Valiant|0 fnt\n|-unboost|p1a: Gholdengo|spa|1\n|faint|p2a: Iron Valiant\n|-end|p2a: Iron Valiant|Quark Drive|[silent]\n|\n|upkeep\n|\n|t:|1700267948\n|switch|p2a: Garchomp|Garchomp, M|100\/100\n|-damage|p2a: Garchomp|88\/100|[from] Spikes\n|turn|14\n|\n|t:|1700267954\n|switch|p1a: Zamazenta|Zamazenta|100\/100\n|-ability|p1a: Zamazenta|Dauntless Shield|boost\n|-boost|p1a: Zamazenta|def|1\n|move|p2a: Garchomp|Earthquake|p1a: Zamazenta\n|-damage|p1a: Zamazenta|64\/100\n|\n|-heal|p1a: Zamazenta|70\/100|[from] item: Leftovers\n|upkeep\n|turn|15\n|\n|t:|1700267961\n|move|p1a: Zamazenta|Iron Defense|p1a: Zamazenta\n|-boost|p1a: Zamazenta|def|2\n|move|p2a: Garchomp|Earthquake|p1a: Zamazenta\n|-damage|p1a: Zamazenta|48\/100\n|\n|-heal|p1a: Zamazenta|54\/100|[from] item: Leftovers\n|upkeep\n|turn|16\n|\n|t:|1700267965\n|move|p1a: Zamazenta|Body Press|p2a: Garchomp\n|-damage|p2a: Garchomp|0 fnt\n|-damage|p1a: Zamazenta|42\/100|[from] ability: Rough Skin|[of] p2a: Garchomp\n|faint|p2a: Garchomp\n|\n|win|yaboiAshK.\n|raw|yaboiAshK.'s rating: 1342 &rarr; <strong>1356<\/strong><br \/>(+14 for winning)\n|raw|Takashi Agiota's rating: 1233 &rarr; <strong>1216<\/strong><br \/>(-17 for losing)\n|l|\u2606Takashi Agiota\n","uploadtime":1700267972,"views":16,"p1id":"yaboiashk","p2id":"takashiagiota","formatid":"gen9ou","rating":1216,"private":0,"password":""}