{"id":"gen9ou-2000439626","p1":"sampDLC","p2":"OUCKreqsis2high","format":"[Gen 9] OU","log":"|j|\u2606sampDLC\n|j|\u2606OUCKreqsis2high\n|t:|1701194940\n|gametype|singles\n|player|p1|sampDLC|fisherman-gen3|1608\n|player|p2|OUCKreqsis2high|benga|1585\n|teamsize|p1|6\n|teamsize|p2|6\n|gen|9\n|tier|[Gen 9] OU\n|rated|\n|rule|Sleep Clause Mod: Limit one foe put to sleep\n|rule|Species Clause: Limit one of each Pok\u00e9mon\n|rule|OHKO Clause: OHKO moves are banned\n|rule|Evasion Items Clause: Evasion items are banned\n|rule|Evasion Moves Clause: Evasion moves are banned\n|rule|Endless Battle Clause: Forcing endless battles is banned\n|rule|HP Percentage Mod: HP is shown in percentages\n|clearpoke\n|poke|p1|Hawlucha, M|\n|poke|p1|Skeledirge, F|\n|poke|p1|Rillaboom, M|\n|poke|p1|Kingambit, F|\n|poke|p1|Dragapult, F|\n|poke|p1|Ogerpon-Cornerstone, F|\n|poke|p2|Ribombee, F|\n|poke|p2|Infernape, F|\n|poke|p2|Gholdengo|\n|poke|p2|Manaphy|\n|poke|p2|Kommo-o, F|\n|poke|p2|Landorus-Therian, M|\n|teampreview\n|inactive|Battle timer is ON: inactive players will automatically lose when time's up. (requested by OUCKreqsis2high)\n|j| Ruinous Tusk\n|\n|t:|1701194961\n|start\n|switch|p1a: Ogerpon|Ogerpon-Cornerstone, F|100\/100\n|switch|p2a: Ribombee|Ribombee, F|100\/100\n|turn|1\n|\n|t:|1701194967\n|move|p2a: Ribombee|Sticky Web|p1a: Ogerpon\n|-sidestart|p1: sampDLC|move: Sticky Web\n|move|p1a: Ogerpon|Encore|p2a: Ribombee\n|-start|p2a: Ribombee|Encore\n|\n|upkeep\n|turn|2\n|inactive|OUCKreqsis2high has 120 seconds left.\n|\n|t:|1701194999\n|switch|p2a: Landorus|Landorus-Therian, M|100\/100\n|-ability|p2a: Landorus|Intimidate|boost\n|-unboost|p1a: Ogerpon|atk|1\n|move|p1a: Ogerpon|Spikes|p2a: Landorus\n|-sidestart|p2: OUCKreqsis2high|Spikes\n|\n|upkeep\n|turn|3\n|inactive|OUCKreqsis2high has 120 seconds left.\n|\n|t:|1701195019\n|move|p1a: Ogerpon|Spikes|p2a: Landorus\n|-sidestart|p2: OUCKreqsis2high|Spikes\n|move|p2a: Landorus|Substitute|p2a: Landorus\n|-start|p2a: Landorus|Substitute\n|-damage|p2a: Landorus|76\/100\n|\n|-heal|p2a: Landorus|82\/100|[from] item: Leftovers\n|upkeep\n|turn|4\n|\n|t:|1701195023\n|move|p1a: Ogerpon|Encore|p2a: Landorus\n|-start|p2a: Landorus|Encore\n|move|p2a: Landorus|Substitute|p2a: Landorus\n|-fail|p2a: Landorus|move: Substitute\n|\n|-heal|p2a: Landorus|88\/100|[from] item: Leftovers\n|upkeep\n|turn|5\n|\n|t:|1701195027\n|move|p1a: Ogerpon|Spikes|p2a: Landorus\n|-sidestart|p2: OUCKreqsis2high|Spikes\n|move|p2a: Landorus|Substitute|p2a: Landorus\n|-fail|p2a: Landorus|move: Substitute\n|\n|-heal|p2a: Landorus|94\/100|[from] item: Leftovers\n|upkeep\n|turn|6\n|\n|t:|1701195030\n|move|p1a: Ogerpon|Ivy Cudgel|p2a: Landorus|[anim] Ivy Cudgel Rock\n|-end|p2a: Landorus|Substitute\n|move|p2a: Landorus|Substitute|p2a: Landorus\n|-start|p2a: Landorus|Substitute\n|-damage|p2a: Landorus|69\/100\n|\n|-heal|p2a: Landorus|75\/100|[from] item: Leftovers\n|-end|p2a: Landorus|Encore\n|upkeep\n|turn|7\n|\n|t:|1701195044\n|switch|p2a: Kommo-o|Kommo-o, F|100\/100\n|-damage|p2a: Kommo-o|76\/100|[from] Spikes\n|move|p1a: Ogerpon|Encore||[still]\n|-fail|p1a: Ogerpon\n|\n|upkeep\n|turn|8\n|l| Ruinous Tusk\n|inactive|sampDLC has 120 seconds left.\n|\n|t:|1701195081\n|switch|p1a: Skeledirge|Skeledirge, F|100\/100\n|move|p2a: Kommo-o|Clanging Scales|p1a: Skeledirge\n|-crit|p1a: Skeledirge\n|-damage|p1a: Skeledirge|13\/100\n|-unboost|p2a: Kommo-o|def|1\n|-enditem|p2a: Kommo-o|Throat Spray\n|-boost|p2a: Kommo-o|spa|1|[from] item: Throat Spray\n|\n|upkeep\n|turn|9\n|inactive|sampDLC has 120 seconds left.\n|\n|t:|1701195092\n|move|p2a: Kommo-o|Clanging Scales|p1a: Skeledirge\n|-damage|p1a: Skeledirge|0 fnt\n|faint|p1a: Skeledirge\n|-unboost|p2a: Kommo-o|def|1\n|\n|upkeep\n|inactive|sampDLC has 120 seconds left.\n|\n|t:|1701195099\n|switch|p1a: Hawlucha|Hawlucha, M|100\/100\n|turn|10\n|\n|t:|1701195112\n|switch|p1a: Ogerpon|Ogerpon-Cornerstone, F|100\/100\n|-activate|p1a: Ogerpon|move: Sticky Web\n|-unboost|p1a: Ogerpon|spe|1\n|move|p2a: Kommo-o|Clanging Scales|p1a: Ogerpon\n|-damage|p1a: Ogerpon|8\/100\n|-unboost|p2a: Kommo-o|def|1\n|\n|upkeep\n|turn|11\n|\n|t:|1701195116\n|move|p2a: Kommo-o|Clanging Scales|p1a: Ogerpon\n|-damage|p1a: Ogerpon|0 fnt\n|faint|p1a: Ogerpon\n|-unboost|p2a: Kommo-o|def|1\n|\n|upkeep\n|\n|t:|1701195125\n|switch|p1a: Kingambit|Kingambit, F|100\/100\n|-activate|p1a: Kingambit|move: Sticky Web\n|-unboost|p1a: Kingambit|spe|1\n|-activate|p1a: Kingambit|ability: Supreme Overlord\n|-start|p1a: Kingambit|fallen2|[silent]\n|turn|12\n|\n|t:|1701195151\n|switch|p2a: Gholdengo|Gholdengo|100\/100\n|-item|p2a: Gholdengo|Air Balloon\n|move|p1a: Kingambit|Iron Head|p2a: Gholdengo\n|-resisted|p2a: Gholdengo\n|-crit|p2a: Gholdengo\n|-damage|p2a: Gholdengo|57\/100\n|-enditem|p2a: Gholdengo|Air Balloon\n|\n|upkeep\n|turn|13\n|\n|t:|1701195163\n|-end|p1a: Kingambit|fallen2|[silent]\n|switch|p1a: Dragapult|Dragapult, F|100\/100\n|move|p2a: Gholdengo|Make It Rain|p1a: Dragapult\n|-damage|p1a: Dragapult|8\/100\n|-unboost|p2a: Gholdengo|spa|1\n|\n|upkeep\n|turn|14\n|\n|t:|1701195169\n|move|p1a: Dragapult|Hex|p2a: Gholdengo\n|-supereffective|p2a: Gholdengo\n|-damage|p2a: Gholdengo|0 fnt\n|faint|p2a: Gholdengo\n|\n|upkeep\n|\n|t:|1701195183\n|switch|p2a: Ribombee|Ribombee, F|100\/100\n|-damage|p2a: Ribombee|76\/100|[from] Spikes\n|turn|15\n|\n|t:|1701195189\n|move|p1a: Dragapult|Thunder Wave|p2a: Ribombee\n|-status|p2a: Ribombee|par\n|move|p2a: Ribombee|Moonblast|p1a: Dragapult\n|-supereffective|p1a: Dragapult\n|-damage|p1a: Dragapult|0 fnt\n|faint|p1a: Dragapult\n|\n|upkeep\n|\n|t:|1701195192\n|switch|p1a: Rillaboom|Rillaboom, M|100\/100\n|-fieldstart|move: Grassy Terrain|[from] ability: Grassy Surge|[of] p1a: Rillaboom\n|turn|16\n|\n|t:|1701195200\n|switch|p1a: Kingambit|Kingambit, F|100\/100\n|-activate|p1a: Kingambit|move: Sticky Web\n|-unboost|p1a: Kingambit|spe|1\n|-activate|p1a: Kingambit|ability: Supreme Overlord\n|-start|p1a: Kingambit|fallen3|[silent]\n|cant|p2a: Ribombee|par\n|\n|-heal|p2a: Ribombee|82\/100 par|[from] Grassy Terrain\n|upkeep\n|turn|17\n|\n|t:|1701195204\n|move|p2a: Ribombee|Stun Spore|p1a: Kingambit|[miss]\n|-miss|p2a: Ribombee|p1a: Kingambit\n|move|p1a: Kingambit|Iron Head|p2a: Ribombee\n|-supereffective|p2a: Ribombee\n|-damage|p2a: Ribombee|0 fnt\n|faint|p2a: Ribombee\n|\n|upkeep\n|\n|t:|1701195213\n|switch|p2a: Landorus|Landorus-Therian, M|75\/100\n|-ability|p2a: Landorus|Intimidate|boost\n|-unboost|p1a: Kingambit|atk|1\n|turn|18\n|\n|t:|1701195227\n|move|p2a: Landorus|Bulk Up|p2a: Landorus\n|-boost|p2a: Landorus|atk|1\n|-boost|p2a: Landorus|def|1\n|move|p1a: Kingambit|Iron Head|p2a: Landorus\n|-damage|p2a: Landorus|50\/100\n|\n|-heal|p2a: Landorus|56\/100|[from] item: Leftovers\n|upkeep\n|turn|19\n|\n|t:|1701195246\n|-end|p1a: Kingambit|fallen3|[silent]\n|switch|p1a: Hawlucha|Hawlucha, M|100\/100\n|-enditem|p1a: Hawlucha|Grassy Seed\n|-boost|p1a: Hawlucha|def|1|[from] item: Grassy Seed\n|move|p2a: Landorus|Earthquake|p1a: Hawlucha\n|-immune|p1a: Hawlucha\n|\n|-heal|p2a: Landorus|62\/100|[from] item: Leftovers\n|upkeep\n|turn|20\n|\n|t:|1701195253\n|-terastallize|p2a: Landorus|Ghost\n|move|p1a: Hawlucha|Encore|p2a: Landorus\n|-start|p2a: Landorus|Encore\n|move|p2a: Landorus|Earthquake|p1a: Hawlucha\n|-immune|p1a: Hawlucha\n|\n|-heal|p2a: Landorus|68\/100|[from] Grassy Terrain\n|-heal|p2a: Landorus|74\/100|[from] item: Leftovers\n|-fieldend|move: Grassy Terrain\n|upkeep\n|turn|21\n|c|\u2606OUCKreqsis2high|fuck my life double encore\n|\n|t:|1701195281\n|switch|p2a: Manaphy|Manaphy|100\/100\n|-damage|p2a: Manaphy|76\/100|[from] Spikes\n|move|p1a: Hawlucha|Swords Dance|p1a: Hawlucha\n|-boost|p1a: Hawlucha|atk|2\n|\n|-heal|p2a: Manaphy|82\/100|[from] item: Leftovers\n|upkeep\n|turn|22\n|\n|t:|1701195292\n|move|p1a: Hawlucha|Acrobatics|p2a: Manaphy\n|-damage|p2a: Manaphy|0 fnt\n|faint|p2a: Manaphy\n|\n|upkeep\n|\n|t:|1701195297\n|switch|p2a: Landorus|Landorus-Therian, M, tera:Ghost|74\/100\n|-damage|p2a: Landorus|49\/100|[from] Spikes\n|-ability|p2a: Landorus|Intimidate|boost\n|-unboost|p1a: Hawlucha|atk|1\n|turn|23\n|\n|t:|1701195312\n|move|p1a: Hawlucha|Acrobatics|p2a: Landorus\n|-damage|p2a: Landorus|0 fnt\n|faint|p2a: Landorus\n|\n|upkeep\n|\n|t:|1701195314\n|switch|p2a: Infernape|Infernape, F|100\/100\n|-damage|p2a: Infernape|76\/100|[from] Spikes\n|turn|24\n|\n|t:|1701195318\n|move|p1a: Hawlucha|Acrobatics|p2a: Infernape\n|-supereffective|p2a: Infernape\n|-damage|p2a: Infernape|0 fnt\n|faint|p2a: Infernape\n|\n|upkeep\n|-message|OUCKreqsis2high forfeited.\n|\n|win|sampDLC\n|raw|sampDLC's rating: 1608 &rarr; <strong>1627<\/strong><br \/>(+19 for winning)\n|raw|OUCKreqsis2high's rating: 1585 &rarr; <strong>1566<\/strong><br \/>(-19 for losing)\n|l|\u2606OUCKreqsis2high\n|j|\u2606OUCKreqsis2high\n|player|p2|OUCKreqsis2high|benga\n","uploadtime":1701195330,"views":5,"p1id":"sampdlc","p2id":"ouckreqsis2high","formatid":"gen9ou","rating":1566,"private":0,"password":""}