{"id":"gen9ou-1993397849","p1":"Bunnysai","p2":"Yashodhan Buty11","format":"[Gen 9] OU","log":"|j|\u2606Bunnysai\n|j|\u2606Yashodhan Buty11\n|inactive|Battle timer is ON: inactive players will automatically lose when time's up.\n|t:|1700312246\n|gametype|singles\n|j|*Lady Monita \u2746\n|player|p1|Bunnysai|brock|\n|player|p2|Yashodhan Buty11|red|\n|teamsize|p1|6\n|teamsize|p2|6\n|gen|9\n|tier|[Gen 9] OU\n|rated|Tournament battle\n|rule|Sleep Clause Mod: Limit one foe put to sleep\n|rule|Species Clause: Limit one of each Pok\u00e9mon\n|rule|OHKO Clause: OHKO moves are banned\n|rule|Evasion Items Clause: Evasion items are banned\n|rule|Evasion Moves Clause: Evasion moves are banned\n|rule|Endless Battle Clause: Forcing endless battles is banned\n|rule|HP Percentage Mod: HP is shown in percentages\n|clearpoke\n|poke|p1|Ribombee, L5, F|\n|poke|p1|Ogerpon-Wellspring, L5, F|\n|poke|p1|Iron Moth, L5|\n|poke|p1|Kingambit, L5, M|\n|poke|p1|Gholdengo, L5|\n|poke|p1|Iron Valiant, L5|\n|poke|p2|Iron Jugulis, L5|\n|poke|p2|Milotic, L5, M|\n|poke|p2|Tinkaton, L5, F|\n|poke|p2|Gardevoir, L5, F|\n|poke|p2|Typhlosion-Hisui, L5, M|\n|poke|p2|Hippowdon, L5, F|\n|teampreview\n|inactive|Yashodhan Buty11 also wants the timer to be on.\n|inactive|Bunnysai also wants the timer to be on.\n|\n|t:|1700312259\n|start\n|switch|p1a: Ribombee|Ribombee, L5, F|100\/100\n|switch|p2a: Typhlosion|Typhlosion-Hisui, L5, M, shiny|100\/100\n|-item|p1a: Ribombee|Focus Sash|[from] ability: Frisk|[of] p2a: Typhlosion|[identify]\n|turn|1\n|\n|t:|1700312269\n|move|p1a: Ribombee|Sticky Web|p2a: Typhlosion\n|-sidestart|p2: Yashodhan Buty11|move: Sticky Web\n|move|p2a: Typhlosion|Flamethrower|p1a: Ribombee\n|-supereffective|p1a: Ribombee\n|-enditem|p1a: Ribombee|Focus Sash\n|-damage|p1a: Ribombee|5\/100\n|\n|upkeep\n|turn|2\n|\n|t:|1700312284\n|move|p1a: Ribombee|Psychic|p2a: Typhlosion\n|-damage|p2a: Typhlosion|59\/100\n|move|p2a: Typhlosion|Flamethrower|p1a: Ribombee\n|-supereffective|p1a: Ribombee\n|-damage|p1a: Ribombee|0 fnt\n|faint|p1a: Ribombee\n|\n|upkeep\n|\n|t:|1700312288\n|switch|p1a: Ogerpon|Ogerpon-Wellspring, L5, F|100\/100\n|turn|3\n|\n|t:|1700312303\n|-terastallize|p1a: Ogerpon|Water\n|detailschange|p1a: Ogerpon|Ogerpon-Wellspring-Tera, L5, F, tera:Water\n|-ability|p1a: Ogerpon|Embody Aspect (Wellspring)|boost\n|-boost|p1a: Ogerpon|spd|1\n|move|p1a: Ogerpon|Ivy Cudgel|p2a: Typhlosion|[anim] Ivy Cudgel Water\n|-supereffective|p2a: Typhlosion\n|-damage|p2a: Typhlosion|0 fnt\n|faint|p2a: Typhlosion\n|\n|upkeep\n|inactive|Yashodhan Buty11 has 120 seconds left.\n|\n|t:|1700312330\n|switch|p2a: Milotic|Milotic, L5, M|100\/100\n|-activate|p2a: Milotic|move: Sticky Web\n|-unboost|p2a: Milotic|spe|1\n|turn|4\n|inactive|Yashodhan Buty11 has 120 seconds left.\n|\n|t:|1700312338\n|move|p1a: Ogerpon|Power Whip|p2a: Milotic\n|-supereffective|p2a: Milotic\n|-damage|p2a: Milotic|0 fnt\n|faint|p2a: Milotic\n|\n|upkeep\n|inactive|Yashodhan Buty11 has 120 seconds left.\n|\n|t:|1700312349\n|switch|p2a: Iron Jugulis|Iron Jugulis, L5|100\/100\n|-enditem|p2a: Iron Jugulis|Booster Energy\n|-activate|p2a: Iron Jugulis|ability: Quark Drive|[fromitem]\n|-start|p2a: Iron Jugulis|quarkdrivespa\n|turn|5\n|inactive|Yashodhan Buty11 has 120 seconds left.\n|\n|t:|1700312360\n|move|p1a: Ogerpon|Play Rough|p2a: Iron Jugulis|[miss]\n|-miss|p1a: Ogerpon|p2a: Iron Jugulis\n|move|p2a: Iron Jugulis|Dragon Pulse|p1a: Ogerpon\n|-damage|p1a: Ogerpon|71\/100\n|\n|upkeep\n|turn|6\n|inactive|Yashodhan Buty11 has 120 seconds left.\n|\n|t:|1700312369\n|move|p1a: Ogerpon|Ivy Cudgel|p2a: Iron Jugulis|[anim] Ivy Cudgel Water\n|-damage|p2a: Iron Jugulis|0 fnt\n|faint|p2a: Iron Jugulis\n|-end|p2a: Iron Jugulis|Quark Drive|[silent]\n|\n|upkeep\n|inactive|Yashodhan Buty11 has 120 seconds left.\n|\n|t:|1700312383\n|switch|p2a: Tinkaton|Tinkaton, L5, F, shiny|100\/100\n|-activate|p2a: Tinkaton|move: Sticky Web\n|-unboost|p2a: Tinkaton|spe|1\n|turn|7\n|inactive|Yashodhan Buty11 has 120 seconds left.\n|\n|t:|1700312399\n|move|p1a: Ogerpon|Ivy Cudgel|p2a: Tinkaton|[anim] Ivy Cudgel Water\n|-damage|p2a: Tinkaton|0 fnt\n|faint|p2a: Tinkaton\n|\n|upkeep\n|\n|t:|1700312405\n|switch|p2a: Gardevoir|Gardevoir, L5, F, shiny|100\/100\n|-activate|p2a: Gardevoir|move: Sticky Web\n|-unboost|p2a: Gardevoir|spe|1\n|-ability|p2a: Gardevoir|Embody Aspect (Wellspring)|[from] ability: Trace|[of] p1a: Ogerpon\n|turn|8\n|inactive|Yashodhan Buty11 has 120 seconds left.\n|\n|t:|1700312411\n|move|p1a: Ogerpon|Ivy Cudgel|p2a: Gardevoir|[anim] Ivy Cudgel Water\n|-damage|p2a: Gardevoir|0 fnt\n|faint|p2a: Gardevoir\n|\n|upkeep\n|\n|t:|1700312415\n|switch|p2a: Hippowdon|Hippowdon, L5, F, shiny|100\/100\n|-activate|p2a: Hippowdon|move: Sticky Web\n|-unboost|p2a: Hippowdon|spe|1\n|turn|9\n|\n|t:|1700312419\n|move|p1a: Ogerpon|Ivy Cudgel|p2a: Hippowdon|[anim] Ivy Cudgel Water\n|-supereffective|p2a: Hippowdon\n|-damage|p2a: Hippowdon|0 fnt\n|faint|p2a: Hippowdon\n|\n|win|Bunnysai\n|n|\u2606Bunnysai|bunnysai\n|n|\u2606Yashodhan Buty11|yashodhanbuty11\n|n|*Lady Monita \u2746|ladymonita\n","uploadtime":1700312422,"views":7,"p1id":"bunnysai","p2id":"yashodhanbuty11","formatid":"gen9ou","rating":0,"private":0,"password":""}