{"id":"gen9ou-1990795426","p1":"SDK04","p2":"agagagqweqwe","format":"[Gen 9] OU","log":"|j|\u2606SDK04\n|j|\u2606agagagqweqwe\n|t:|1700001623\n|gametype|singles\n|player|p1|SDK04|unknown|1658\n|player|p2|agagagqweqwe|170|1633\n|teamsize|p1|6\n|teamsize|p2|6\n|gen|9\n|tier|[Gen 9] OU\n|rated|\n|rule|Sleep Clause Mod: Limit one foe put to sleep\n|rule|Species Clause: Limit one of each Pok\u00e9mon\n|rule|OHKO Clause: OHKO moves are banned\n|rule|Evasion Items Clause: Evasion items are banned\n|rule|Evasion Moves Clause: Evasion moves are banned\n|rule|Endless Battle Clause: Forcing endless battles is banned\n|rule|HP Percentage Mod: HP is shown in percentages\n|clearpoke\n|poke|p1|Ninetales-Alola, M|\n|poke|p1|Ogerpon-Wellspring, F|\n|poke|p1|Mew|\n|poke|p1|Kingambit, M|\n|poke|p1|Gholdengo|\n|poke|p1|Salamence, M|\n|poke|p2|Iron Valiant|\n|poke|p2|Ogerpon-Cornerstone, F|\n|poke|p2|Scizor, F|\n|poke|p2|Volcanion|\n|poke|p2|Thundurus-Therian, M|\n|poke|p2|Enamorus, F|\n|teampreview\n|inactive|Battle timer is ON: inactive players will automatically lose when time's up. (requested by SDK04)\n|\n|t:|1700001630\n|start\n|switch|p1a: \u201cI win\u201d button|Ogerpon-Wellspring, F|100\/100\n|switch|p2a: Thundurus|Thundurus-Therian, M|100\/100\n|turn|1\n|\n|t:|1700001635\n|-terastallize|p2a: Thundurus|Flying\n|move|p2a: Thundurus|Tera Blast|p1a: \u201cI win\u201d button|[anim] Tera Blast Flying\n|-supereffective|p1a: \u201cI win\u201d button\n|-damage|p1a: \u201cI win\u201d button|0 fnt\n|faint|p1a: \u201cI win\u201d button\n|\n|upkeep\n|\n|t:|1700001642\n|switch|p1a: cool window|Ninetales-Alola, M|100\/100\n|-weather|Snow|[from] ability: Snow Warning|[of] p1a: cool window\n|turn|2\n|\n|t:|1700001649\n|switch|p2a: Scizor|Scizor, F|100\/100\n|move|p1a: cool window|Aurora Veil|p1a: cool window\n|-sidestart|p1: SDK04|move: Aurora Veil\n|\n|-weather|Snow|[upkeep]\n|upkeep\n|turn|3\n|\n|t:|1700001653\n|switch|p1a: I miss Himiko\u2026|Salamence, M|100\/100\n|move|p2a: Scizor|U-turn|p1a: I miss Himiko\u2026\n|-resisted|p1a: I miss Himiko\u2026\n|-damage|p1a: I miss Himiko\u2026|90\/100\n|\n|t:|1700001660\n|switch|p2a: Enamorus|Enamorus, F|100\/100|[from] U-turn\n|\n|-weather|Snow|[upkeep]\n|upkeep\n|turn|4\n|\n|t:|1700001668\n|switch|p1a: Malicious Charity|Gholdengo|100\/100\n|-item|p1a: Malicious Charity|Air Balloon\n|move|p2a: Enamorus|Play Rough|p1a: Malicious Charity\n|-resisted|p1a: Malicious Charity\n|-damage|p1a: Malicious Charity|88\/100\n|-enditem|p1a: Malicious Charity|Air Balloon\n|\n|-weather|Snow|[upkeep]\n|upkeep\n|turn|5\n|\n|t:|1700001674\n|switch|p2a: Volcanion|Volcanion|100\/100\n|move|p1a: Malicious Charity|Nasty Plot|p1a: Malicious Charity\n|-boost|p1a: Malicious Charity|spa|2\n|\n|-weather|Snow|[upkeep]\n|upkeep\n|turn|6\n|\n|t:|1700001677\n|move|p1a: Malicious Charity|Shadow Ball|p2a: Volcanion\n|-damage|p2a: Volcanion|4\/100\n|move|p2a: Volcanion|Flamethrower|p1a: Malicious Charity\n|-supereffective|p1a: Malicious Charity\n|-damage|p1a: Malicious Charity|35\/100\n|\n|-weather|none\n|upkeep\n|turn|7\n|\n|t:|1700001686\n|move|p1a: Malicious Charity|Shadow Ball|p2a: Volcanion\n|-damage|p2a: Volcanion|0 fnt\n|faint|p2a: Volcanion\n|\n|upkeep\n|\n|t:|1700001704\n|switch|p2a: Thundurus|Thundurus-Therian, M, tera:Flying|100\/100\n|turn|8\n|\n|t:|1700001708\n|move|p2a: Thundurus|Volt Switch|p1a: Malicious Charity\n|-damage|p1a: Malicious Charity|13\/100\n|\n|t:|1700001718\n|switch|p2a: Enamorus|Enamorus, F|100\/100|[from] Volt Switch\n|move|p1a: Malicious Charity|Shadow Ball|p2a: Enamorus\n|-damage|p2a: Enamorus|14\/100\n|\n|upkeep\n|turn|9\n|\n|t:|1700001722\n|move|p2a: Enamorus|Play Rough|p1a: Malicious Charity\n|-resisted|p1a: Malicious Charity\n|-damage|p1a: Malicious Charity|2\/100\n|move|p1a: Malicious Charity|Shadow Ball|p2a: Enamorus\n|-damage|p2a: Enamorus|0 fnt\n|faint|p2a: Enamorus\n|\n|-sideend|p1: SDK04|move: Aurora Veil\n|upkeep\n|\n|t:|1700001728\n|switch|p2a: Iron Valiant|Iron Valiant|100\/100\n|-enditem|p2a: Iron Valiant|Booster Energy\n|-activate|p2a: Iron Valiant|ability: Quark Drive|[fromitem]\n|-start|p2a: Iron Valiant|quarkdrivespe\n|turn|10\n|\n|t:|1700001733\n|move|p2a: Iron Valiant|Moonblast|p1a: Malicious Charity\n|-resisted|p1a: Malicious Charity\n|-damage|p1a: Malicious Charity|0 fnt\n|faint|p1a: Malicious Charity\n|\n|upkeep\n|\n|t:|1700001737\n|switch|p1a: cool window|Ninetales-Alola, M|100\/100\n|-weather|Snow|[from] ability: Snow Warning|[of] p1a: cool window\n|turn|11\n|\n|t:|1700001738\n|-end|p2a: Iron Valiant|Quark Drive|[silent]\n|switch|p2a: Scizor|Scizor, F|100\/100\n|move|p1a: cool window|Aurora Veil|p1a: cool window\n|-sidestart|p1: SDK04|move: Aurora Veil\n|\n|-weather|Snow|[upkeep]\n|upkeep\n|turn|12\n|\n|t:|1700001747\n|switch|p1a: Cheese Demon|Mew|100\/100\n|move|p2a: Scizor|Defog|p1a: Cheese Demon\n|-unboost|p1a: Cheese Demon|evasion|1\n|-sideend|p1: SDK04|move: Aurora Veil\n|\n|-weather|Snow|[upkeep]\n|upkeep\n|turn|13\n|\n|t:|1700001750\n|move|p1a: Cheese Demon|Agility|p1a: Cheese Demon\n|-boost|p1a: Cheese Demon|spe|2\n|move|p2a: Scizor|U-turn|p1a: Cheese Demon\n|-supereffective|p1a: Cheese Demon\n|-damage|p1a: Cheese Demon|30\/100\n|\n|t:|1700001754\n|switch|p2a: Ogerpon|Ogerpon-Cornerstone, F|100\/100|[from] U-turn\n|\n|-weather|Snow|[upkeep]\n|-heal|p1a: Cheese Demon|36\/100|[from] item: Leftovers\n|upkeep\n|turn|14\n|\n|t:|1700001758\n|move|p1a: Cheese Demon|Draining Kiss|p2a: Ogerpon\n|-damage|p2a: Ogerpon|81\/100\n|-heal|p1a: Cheese Demon|49\/100|[from] drain|[of] p2a: Ogerpon\n|move|p2a: Ogerpon|Ivy Cudgel|p1a: Cheese Demon|[anim] Ivy Cudgel Rock\n|-damage|p1a: Cheese Demon|0 fnt\n|faint|p1a: Cheese Demon\n|\n|-weather|Snow|[upkeep]\n|upkeep\n|\n|t:|1700001763\n|switch|p1a: cool window|Ninetales-Alola, M|100\/100\n|turn|15\n|\n|t:|1700001765\n|move|p2a: Ogerpon|Ivy Cudgel|p1a: cool window|[anim] Ivy Cudgel Rock\n|-supereffective|p1a: cool window\n|-damage|p1a: cool window|7\/100\n|move|p1a: cool window|Aurora Veil|p1a: cool window\n|-sidestart|p1: SDK04|move: Aurora Veil\n|\n|-weather|none\n|upkeep\n|turn|16\n|\n|t:|1700001771\n|move|p2a: Ogerpon|Superpower|p1a: cool window\n|-damage|p1a: cool window|0 fnt\n|-unboost|p2a: Ogerpon|atk|1\n|-unboost|p2a: Ogerpon|def|1\n|faint|p1a: cool window\n|\n|upkeep\n|\n|t:|1700001774\n|switch|p1a: I miss Himiko\u2026|Salamence, M|90\/100\n|turn|17\n|\n|t:|1700001777\n|move|p2a: Ogerpon|Ivy Cudgel|p1a: I miss Himiko\u2026|[anim] Ivy Cudgel Rock\n|-supereffective|p1a: I miss Himiko\u2026\n|-damage|p1a: I miss Himiko\u2026|42\/100\n|move|p1a: I miss Himiko\u2026|Dragon Dance|p1a: I miss Himiko\u2026\n|-boost|p1a: I miss Himiko\u2026|atk|1\n|-boost|p1a: I miss Himiko\u2026|spe|1\n|\n|upkeep\n|turn|18\n|\n|t:|1700001788\n|move|p1a: I miss Himiko\u2026|Roost|p1a: I miss Himiko\u2026\n|-heal|p1a: I miss Himiko\u2026|92\/100\n|-singleturn|p1a: I miss Himiko\u2026|move: Roost\n|move|p2a: Ogerpon|Ivy Cudgel|p1a: I miss Himiko\u2026|[anim] Ivy Cudgel Rock\n|-damage|p1a: I miss Himiko\u2026|68\/100\n|\n|upkeep\n|turn|19\n|\n|t:|1700001793\n|move|p1a: I miss Himiko\u2026|Roost|p1a: I miss Himiko\u2026\n|-heal|p1a: I miss Himiko\u2026|100\/100\n|-singleturn|p1a: I miss Himiko\u2026|move: Roost\n|move|p2a: Ogerpon|Ivy Cudgel|p1a: I miss Himiko\u2026|[anim] Ivy Cudgel Rock\n|-damage|p1a: I miss Himiko\u2026|78\/100\n|\n|upkeep\n|turn|20\n|\n|t:|1700001795\n|move|p1a: I miss Himiko\u2026|Dragon Dance|p1a: I miss Himiko\u2026\n|-boost|p1a: I miss Himiko\u2026|atk|1\n|-boost|p1a: I miss Himiko\u2026|spe|1\n|move|p2a: Ogerpon|Ivy Cudgel|p1a: I miss Himiko\u2026|[anim] Ivy Cudgel Rock\n|-supereffective|p1a: I miss Himiko\u2026\n|-damage|p1a: I miss Himiko\u2026|36\/100\n|\n|upkeep\n|turn|21\n|\n|t:|1700001798\n|move|p1a: I miss Himiko\u2026|Earthquake|p2a: Ogerpon\n|-crit|p2a: Ogerpon\n|-damage|p2a: Ogerpon|0 fnt\n|faint|p2a: Ogerpon\n|-ability|p1a: I miss Himiko\u2026|Moxie|boost\n|-boost|p1a: I miss Himiko\u2026|atk|1\n|\n|upkeep\n|\n|t:|1700001802\n|switch|p2a: Thundurus|Thundurus-Therian, M, tera:Flying|100\/100\n|turn|22\n|\n|t:|1700001808\n|move|p1a: I miss Himiko\u2026|Dual Wingbeat|p2a: Thundurus\n|-damage|p2a: Thundurus|7\/100\n|-damage|p2a: Thundurus|0 fnt\n|faint|p2a: Thundurus\n|-ability|p1a: I miss Himiko\u2026|Moxie|boost\n|-boost|p1a: I miss Himiko\u2026|atk|1\n|-hitcount|p2: Thundurus|2\n|\n|-sideend|p1: SDK04|move: Aurora Veil\n|upkeep\n|\n|t:|1700001810\n|switch|p2a: Scizor|Scizor, F|100\/100\n|turn|23\n|\n|t:|1700001812\n|move|p2a: Scizor|Bullet Punch|p1a: I miss Himiko\u2026\n|-damage|p1a: I miss Himiko\u2026|0 fnt\n|faint|p1a: I miss Himiko\u2026\n|\n|upkeep\n|\n|t:|1700001813\n|switch|p1a: Bannable Offense|Kingambit, M|100\/100\n|-activate|p1a: Bannable Offense|ability: Supreme Overlord\n|-start|p1a: Bannable Offense|fallen5|[silent]\n|turn|24\n|\n|t:|1700001818\n|move|p1a: Bannable Offense|Kowtow Cleave|p2a: Scizor\n|-damage|p2a: Scizor|29\/100\n|move|p2a: Scizor|U-turn|p1a: Bannable Offense\n|-damage|p1a: Bannable Offense|69\/100\n|\n|t:|1700001820\n|switch|p2a: Iron Valiant|Iron Valiant|100\/100|[from] U-turn\n|\n|-heal|p1a: Bannable Offense|75\/100|[from] item: Leftovers\n|upkeep\n|turn|25\n|\n|t:|1700001841\n|-terastallize|p1a: Bannable Offense|Fairy\n|move|p2a: Iron Valiant|Moonblast|p1a: Bannable Offense\n|-damage|p1a: Bannable Offense|20\/100\n|move|p1a: Bannable Offense|Tera Blast|p2a: Iron Valiant|[anim] Tera Blast Fairy\n|-supereffective|p2a: Iron Valiant\n|-damage|p2a: Iron Valiant|0 fnt\n|faint|p2a: Iron Valiant\n|-end|p2a: Iron Valiant|Quark Drive|[silent]\n|\n|-heal|p1a: Bannable Offense|26\/100|[from] item: Leftovers\n|upkeep\n|\n|t:|1700001845\n|switch|p2a: Scizor|Scizor, F|29\/100\n|turn|26\n|\n|t:|1700001848\n|move|p1a: Bannable Offense|Sucker Punch|p2a: Scizor\n|-damage|p2a: Scizor|0 fnt\n|faint|p2a: Scizor\n|\n|win|SDK04\n|raw|SDK04's rating: 1658 &rarr; <strong>1677<\/strong><br \/>(+19 for winning)\n|raw|agagagqweqwe's rating: 1633 &rarr; <strong>1614<\/strong><br \/>(-19 for losing)\n|c|\u2606SDK04|gg\n|c|\u2606SDK04|wp\n|c|\u2606agagagqweqwe|gg\n","uploadtime":1700001858,"views":12,"p1id":"sdk04","p2id":"agagagqweqwe","formatid":"gen9ou","rating":1614,"private":0,"password":""}