{"id":"gen9ou-2000567743","p1":"UCC EmeUno","p2":"PERIKO0729","format":"[Gen 9] OU","log":"|j|\u2606UCC EmeUno\n|j|\u2606PERIKO0729\n|t:|1701206072\n|gametype|singles\n|player|p1|UCC EmeUno|cynthia-gen7|\n|player|p2|PERIKO0729|lucas|\n|teamsize|p1|6\n|teamsize|p2|6\n|gen|9\n|tier|[Gen 9] OU\n|rule|Sleep Clause Mod: Limit one foe put to sleep\n|rule|Species Clause: Limit one of each Pok\u00e9mon\n|rule|OHKO Clause: OHKO moves are banned\n|rule|Evasion Items Clause: Evasion items are banned\n|rule|Evasion Moves Clause: Evasion moves are banned\n|rule|Endless Battle Clause: Forcing endless battles is banned\n|rule|HP Percentage Mod: HP is shown in percentages\n|clearpoke\n|poke|p1|Great Tusk|\n|poke|p1|Quaquaval, M|\n|poke|p1|Okidogi, M|\n|poke|p1|Zamazenta-*|\n|poke|p1|Zapdos-Galar|\n|poke|p1|Pawmot, M|\n|poke|p2|Meowscarada, M|\n|poke|p2|Gholdengo|\n|poke|p2|Ribombee, M|\n|poke|p2|Kommo-o, M|\n|poke|p2|Kingambit, M|\n|poke|p2|Glimmora, M|\n|teampreview\n|inactive|Battle timer is ON: inactive players will automatically lose when time's up. (requested by PERIKO0729)\n|inactive|UCC EmeUno has 270 seconds left.\n|\n|t:|1701206127\n|start\n|switch|p1a: Great Tusk|Great Tusk|100\/100\n|switch|p2a: Ribombee|Ribombee, M|100\/100\n|-enditem|p1a: Great Tusk|Booster Energy\n|-activate|p1a: Great Tusk|ability: Protosynthesis|[fromitem]\n|-start|p1a: Great Tusk|protosynthesisspe\n|turn|1\n|\n|t:|1701206153\n|move|p1a: Great Tusk|Stealth Rock|p2a: Ribombee\n|-sidestart|p2: PERIKO0729|move: Stealth Rock\n|move|p2a: Ribombee|Tailwind|p2a: Ribombee\n|-sidestart|p2: PERIKO0729|move: Tailwind\n|\n|upkeep\n|turn|2\n|\n|t:|1701206165\n|move|p2a: Ribombee|Moonblast|p1a: Great Tusk\n|-supereffective|p1a: Great Tusk\n|-damage|p1a: Great Tusk|2\/100\n|-unboost|p1a: Great Tusk|spa|1\n|move|p1a: Great Tusk|Rapid Spin|p2a: Ribombee\n|-damage|p2a: Ribombee|69\/100\n|-boost|p1a: Great Tusk|spe|1\n|\n|upkeep\n|turn|3\n|\n|t:|1701206175\n|move|p2a: Ribombee|Moonblast|p1a: Great Tusk\n|-supereffective|p1a: Great Tusk\n|-damage|p1a: Great Tusk|0 fnt\n|faint|p1a: Great Tusk\n|-end|p1a: Great Tusk|Protosynthesis|[silent]\n|\n|upkeep\n|inactive|UCC EmeUno has 270 seconds left.\n|\n|t:|1701206213\n|switch|p1a: Zamazenta|Zamazenta|100\/100\n|-ability|p1a: Zamazenta|Dauntless Shield|boost\n|-boost|p1a: Zamazenta|def|1\n|turn|4\n|\n|t:|1701206225\n|-terastallize|p1a: Zamazenta|Steel\n|move|p2a: Ribombee|Moonblast|p1a: Zamazenta\n|-resisted|p1a: Zamazenta\n|-damage|p1a: Zamazenta|84\/100\n|-unboost|p1a: Zamazenta|spa|1\n|move|p1a: Zamazenta|Substitute|p1a: Zamazenta\n|-start|p1a: Zamazenta|Substitute\n|-damage|p1a: Zamazenta|59\/100\n|\n|-heal|p1a: Zamazenta|65\/100|[from] item: Leftovers\n|-sideend|p2: PERIKO0729|move: Tailwind\n|upkeep\n|turn|5\n|inactive|UCC EmeUno has 240 seconds left.\n|\n|t:|1701206269\n|move|p1a: Zamazenta|Iron Defense|p1a: Zamazenta\n|-boost|p1a: Zamazenta|def|2\n|move|p2a: Ribombee|Sticky Web|p1a: Zamazenta\n|-sidestart|p1: UCC EmeUno|move: Sticky Web\n|\n|-heal|p1a: Zamazenta|71\/100|[from] item: Leftovers\n|upkeep\n|turn|6\n|\n|t:|1701206281\n|move|p1a: Zamazenta|Body Press|p2a: Ribombee\n|-resisted|p2a: Ribombee\n|-damage|p2a: Ribombee|25\/100\n|move|p2a: Ribombee|Psychic|p1a: Zamazenta\n|-resisted|p1a: Zamazenta\n|-activate|p1a: Zamazenta|move: Substitute|[damage]\n|\n|-heal|p1a: Zamazenta|77\/100|[from] item: Leftovers\n|upkeep\n|turn|7\n|\n|t:|1701206305\n|move|p1a: Zamazenta|Iron Defense|p1a: Zamazenta\n|-boost|p1a: Zamazenta|def|2\n|move|p2a: Ribombee|Psychic|p1a: Zamazenta\n|-resisted|p1a: Zamazenta\n|-activate|p1a: Zamazenta|move: Substitute|[damage]\n|\n|-heal|p1a: Zamazenta|83\/100|[from] item: Leftovers\n|upkeep\n|turn|8\n|\n|t:|1701206316\n|move|p1a: Zamazenta|Body Press|p2a: Ribombee\n|-resisted|p2a: Ribombee\n|-damage|p2a: Ribombee|0 fnt\n|faint|p2a: Ribombee\n|\n|-heal|p1a: Zamazenta|90\/100|[from] item: Leftovers\n|upkeep\n|inactive|PERIKO0729 has 270 seconds left.\n|\n|t:|1701206335\n|switch|p2a: Gholdengo|Gholdengo|100\/100\n|-damage|p2a: Gholdengo|94\/100|[from] Stealth Rock\n|-item|p2a: Gholdengo|Air Balloon\n|turn|9\n|inactive|PERIKO0729 has 270 seconds left.\n|\n|t:|1701206345\n|move|p1a: Zamazenta|Crunch|p2a: Gholdengo\n|-supereffective|p2a: Gholdengo\n|-damage|p2a: Gholdengo|42\/100\n|-enditem|p2a: Gholdengo|Air Balloon\n|move|p2a: Gholdengo|Hex|p1a: Zamazenta\n|-end|p1a: Zamazenta|Substitute\n|\n|-heal|p1a: Zamazenta|96\/100|[from] item: Leftovers\n|upkeep\n|turn|10\n|inactive|PERIKO0729 has 270 seconds left.\n|inactive|UCC EmeUno has 240 seconds left.\n|\n|t:|1701206371\n|move|p1a: Zamazenta|Crunch|p2a: Gholdengo\n|-supereffective|p2a: Gholdengo\n|-damage|p2a: Gholdengo|0 fnt\n|faint|p2a: Gholdengo\n|\n|-heal|p1a: Zamazenta|100\/100|[from] item: Leftovers\n|upkeep\n|\n|t:|1701206379\n|switch|p2a: Glimmora|Glimmora, M|100\/100\n|-damage|p2a: Glimmora|88\/100|[from] Stealth Rock\n|turn|11\n|inactive|PERIKO0729 has 270 seconds left.\n|\n|t:|1701206389\n|move|p1a: Zamazenta|Body Press|p2a: Glimmora\n|-damage|p2a: Glimmora|0 fnt\n|faint|p2a: Glimmora\n|\n|upkeep\n|inactive|PERIKO0729 has 270 seconds left.\n|\n|t:|1701206400\n|switch|p2a: Kommo-o|Kommo-o, M|100\/100\n|-damage|p2a: Kommo-o|94\/100|[from] Stealth Rock\n|turn|12\n|inactive|PERIKO0729 has 270 seconds left.\n|\n|t:|1701206414\n|move|p1a: Zamazenta|Body Press|p2a: Kommo-o\n|-damage|p2a: Kommo-o|0 fnt\n|faint|p2a: Kommo-o\n|\n|upkeep\n|inactive|PERIKO0729 has 270 seconds left.\n|\n|t:|1701206422\n|switch|p2a: Meowscarada|Meowscarada, M, shiny|100\/100\n|-damage|p2a: Meowscarada|88\/100|[from] Stealth Rock\n|turn|13\n|inactive|PERIKO0729 has 270 seconds left.\n|\n|t:|1701206435\n|move|p2a: Meowscarada|Flower Trick|p1a: Zamazenta\n|-start|p2a: Meowscarada|typechange|Grass|[from] ability: Protean\n|-resisted|p1a: Zamazenta\n|-crit|p1a: Zamazenta\n|-damage|p1a: Zamazenta|84\/100\n|move|p1a: Zamazenta|Body Press|p2a: Meowscarada\n|-damage|p2a: Meowscarada|0 fnt\n|faint|p2a: Meowscarada\n|\n|-heal|p1a: Zamazenta|90\/100|[from] item: Leftovers\n|upkeep\n|inactive|PERIKO0729 has 270 seconds left.\n|\n|t:|1701206448\n|switch|p2a: Kingambit|Kingambit, M|100\/100\n|-damage|p2a: Kingambit|94\/100|[from] Stealth Rock\n|-activate|p2a: Kingambit|ability: Supreme Overlord\n|-start|p2a: Kingambit|fallen5|[silent]\n|turn|14\n|inactive|PERIKO0729 has 270 seconds left.\n|\n|t:|1701206460\n|-terastallize|p2a: Kingambit|Fire\n|move|p1a: Zamazenta|Body Press|p2a: Kingambit\n|-damage|p2a: Kingambit|0 fnt\n|faint|p2a: Kingambit\n|-end|p2a: Kingambit|fallen5|[silent]\n|\n|win|UCC EmeUno\n|c|\u2606UCC EmeUno|gg\n|c|\u2606PERIKO0729|Jaja vali\n|l|\u2606PERIKO0729\n","uploadtime":1701206484,"views":10,"p1id":"uccemeuno","p2id":"periko0729","formatid":"gen9ou","rating":0,"private":0,"password":""}