{"id":"gen9ou-1995042164","p1":"boneohh","p2":"THICK BOII","format":"[Gen 9] OU","log":"|j|\u2606boneohh\n|j|\u2606THICK BOII\n|t:|1700516336\n|gametype|singles\n|player|p1|boneohh|170|1102\n|player|p2|THICK BOII|hiker-gen4|1072\n|teamsize|p1|6\n|teamsize|p2|6\n|gen|9\n|tier|[Gen 9] OU\n|rated|\n|rule|Sleep Clause Mod: Limit one foe put to sleep\n|rule|Species Clause: Limit one of each Pok\u00e9mon\n|rule|OHKO Clause: OHKO moves are banned\n|rule|Evasion Items Clause: Evasion items are banned\n|rule|Evasion Moves Clause: Evasion moves are banned\n|rule|Endless Battle Clause: Forcing endless battles is banned\n|rule|HP Percentage Mod: HP is shown in percentages\n|clearpoke\n|poke|p1|Iron Moth|\n|poke|p1|Scizor, F|\n|poke|p1|Toxapex, F|\n|poke|p1|Umbreon, M|\n|poke|p1|Goodra-Hisui, F|\n|poke|p1|Corviknight, M|\n|poke|p2|Gholdengo|\n|poke|p2|Ribombee, M|\n|poke|p2|Kingambit, F|\n|poke|p2|Great Tusk|\n|poke|p2|Dondozo, F|\n|poke|p2|Dragapult, F|\n|teampreview\n|inactive|Battle timer is ON: inactive players will automatically lose when time's up. (requested by boneohh)\n|\n|t:|1700516353\n|start\n|switch|p1a: Scizor|Scizor, F|100\/100\n|switch|p2a: Ribombee|Ribombee, M|100\/100\n|turn|1\n|\n|t:|1700516358\n|move|p2a: Ribombee|Sticky Web|p1a: Scizor\n|-sidestart|p1: boneohh|move: Sticky Web\n|move|p1a: Scizor|Swords Dance|p1a: Scizor\n|-boost|p1a: Scizor|atk|2\n|\n|upkeep\n|turn|2\n|\n|t:|1700516377\n|move|p1a: Scizor|Bullet Punch|p2a: Ribombee\n|-supereffective|p2a: Ribombee\n|-enditem|p2a: Ribombee|Focus Sash\n|-damage|p2a: Ribombee|1\/100\n|move|p2a: Ribombee|Tailwind|p2a: Ribombee\n|-sidestart|p2: THICK BOII|move: Tailwind\n|\n|upkeep\n|turn|3\n|\n|t:|1700516383\n|move|p1a: Scizor|Bullet Punch|p2a: Ribombee\n|-supereffective|p2a: Ribombee\n|-damage|p2a: Ribombee|0 fnt\n|faint|p2a: Ribombee\n|\n|upkeep\n|\n|t:|1700516406\n|switch|p2a: Dragapult|Dragapult, F|100\/100\n|turn|4\n|\n|t:|1700516416\n|move|p1a: Scizor|Bullet Punch|p2a: Dragapult\n|-damage|p2a: Dragapult|0 fnt\n|faint|p2a: Dragapult\n|\n|upkeep\n|c|\u2606THICK BOII|Huh\n|\n|t:|1700516433\n|switch|p2a: Dondozo|Dondozo, F|100\/100\n|turn|5\n|\n|t:|1700516438\n|move|p2a: Dondozo|Wave Crash|p1a: Scizor\n|-damage|p1a: Scizor|39\/100\n|-damage|p2a: Dondozo|87\/100|[from] Recoil\n|move|p1a: Scizor|Lunge|p2a: Dondozo\n|-damage|p2a: Dondozo|58\/100\n|-unboost|p2a: Dondozo|atk|1\n|\n|-heal|p2a: Dondozo|64\/100|[from] item: Leftovers\n|-sideend|p2: THICK BOII|move: Tailwind\n|upkeep\n|turn|6\n|\n|t:|1700516466\n|move|p1a: Scizor|Lunge|p2a: Dondozo\n|-crit|p2a: Dondozo\n|-damage|p2a: Dondozo|21\/100\n|-unboost|p2a: Dondozo|atk|1\n|move|p2a: Dondozo|Wave Crash|p1a: Scizor\n|-damage|p1a: Scizor|11\/100\n|-enditem|p1a: Scizor|Aguav Berry|[eat]\n|-heal|p1a: Scizor|44\/100|[from] item: Aguav Berry\n|-damage|p2a: Dondozo|14\/100|[from] Recoil\n|\n|-heal|p2a: Dondozo|20\/100|[from] item: Leftovers\n|upkeep\n|turn|7\n|\n|t:|1700516480\n|move|p1a: Scizor|Bullet Punch|p2a: Dondozo\n|-resisted|p2a: Dondozo\n|-damage|p2a: Dondozo|10\/100\n|move|p2a: Dondozo|Wave Crash|p1a: Scizor\n|-damage|p1a: Scizor|18\/100\n|-damage|p2a: Dondozo|4\/100|[from] Recoil\n|\n|-heal|p2a: Dondozo|10\/100|[from] item: Leftovers\n|upkeep\n|turn|8\n|\n|t:|1700516492\n|move|p1a: Scizor|Bullet Punch|p2a: Dondozo\n|-resisted|p2a: Dondozo\n|-damage|p2a: Dondozo|0 fnt\n|faint|p2a: Dondozo\n|\n|upkeep\n|inactive|THICK BOII has 120 seconds left.\n|\n|t:|1700516508\n|switch|p2a: Great Tusk|Great Tusk|100\/100\n|-enditem|p2a: Great Tusk|Booster Energy\n|-activate|p2a: Great Tusk|ability: Protosynthesis|[fromitem]\n|-start|p2a: Great Tusk|protosynthesisatk\n|turn|9\n|\n|t:|1700516515\n|move|p1a: Scizor|Bullet Punch|p2a: Great Tusk\n|-damage|p2a: Great Tusk|50\/100\n|move|p2a: Great Tusk|Knock Off|p1a: Scizor\n|-damage|p1a: Scizor|0 fnt\n|faint|p1a: Scizor\n|\n|upkeep\n|\n|t:|1700516526\n|switch|p1a: Corviknight|Corviknight, M|100\/100\n|turn|10\n|\n|t:|1700516535\n|-end|p2a: Great Tusk|Protosynthesis|[silent]\n|switch|p2a: Gholdengo|Gholdengo|100\/100\n|-terastallize|p1a: Corviknight|Flying\n|move|p1a: Corviknight|Defog|p2a: Gholdengo\n|-immune|p2a: Gholdengo|[from] ability: Good as Gold\n|\n|upkeep\n|turn|11\n|\n|t:|1700516543\n|switch|p1a: Goodra|Goodra-Hisui, F|100\/100\n|-activate|p1a: Goodra|move: Sticky Web\n|-unboost|p1a: Goodra|spe|1\n|move|p2a: Gholdengo|Nasty Plot|p2a: Gholdengo\n|-boost|p2a: Gholdengo|spa|2\n|\n|upkeep\n|turn|12\n|\n|t:|1700516551\n|move|p2a: Gholdengo|Shadow Ball|p1a: Goodra\n|-damage|p1a: Goodra|48\/100\n|-unboost|p1a: Goodra|spd|1\n|-damage|p2a: Gholdengo|91\/100|[from] item: Life Orb\n|move|p1a: Goodra|Earthquake|p2a: Gholdengo\n|-supereffective|p2a: Gholdengo\n|-damage|p2a: Gholdengo|41\/100\n|\n|-heal|p1a: Goodra|54\/100|[from] item: Leftovers\n|upkeep\n|turn|13\n|\n|t:|1700516564\n|move|p2a: Gholdengo|Shadow Ball|p1a: Goodra\n|-damage|p1a: Goodra|0 fnt\n|faint|p1a: Goodra\n|-damage|p2a: Gholdengo|31\/100|[from] item: Life Orb\n|\n|upkeep\n|\n|t:|1700516571\n|switch|p1a: Umbreon|Umbreon, M|100\/100\n|-activate|p1a: Umbreon|move: Sticky Web\n|-unboost|p1a: Umbreon|spe|1\n|turn|14\n|\n|t:|1700516578\n|move|p2a: Gholdengo|Dazzling Gleam|p1a: Umbreon\n|-supereffective|p1a: Umbreon\n|-damage|p1a: Umbreon|0 fnt\n|faint|p1a: Umbreon\n|-damage|p2a: Gholdengo|21\/100|[from] item: Life Orb\n|\n|upkeep\n|\n|t:|1700516586\n|switch|p1a: Iron Moth|Iron Moth|100\/100\n|-activate|p1a: Iron Moth|move: Sticky Web\n|-unboost|p1a: Iron Moth|spe|1\n|-enditem|p1a: Iron Moth|Booster Energy\n|-activate|p1a: Iron Moth|ability: Quark Drive|[fromitem]\n|-start|p1a: Iron Moth|quarkdrivespa\n|turn|15\n|\n|t:|1700516596\n|move|p2a: Gholdengo|Shadow Ball|p1a: Iron Moth\n|-damage|p1a: Iron Moth|0 fnt\n|faint|p1a: Iron Moth\n|-end|p1a: Iron Moth|Quark Drive|[silent]\n|-damage|p2a: Gholdengo|12\/100|[from] item: Life Orb\n|\n|upkeep\n|\n|t:|1700516601\n|switch|p1a: Corviknight|Corviknight, M, tera:Flying|100\/100\n|turn|16\n|\n|t:|1700516608\n|move|p2a: Gholdengo|Make It Rain|p1a: Corviknight\n|-damage|p1a: Corviknight|0 fnt\n|-unboost|p2a: Gholdengo|spa|1\n|faint|p1a: Corviknight\n|-damage|p2a: Gholdengo|2\/100|[from] item: Life Orb\n|\n|upkeep\n|-message|boneohh forfeited.\n|\n|win|THICK BOII\n|raw|boneohh's rating: 1082 &rarr; <strong>1059<\/strong><br \/>(-23 for losing)\n|raw|THICK BOII's rating: 1072 &rarr; <strong>1102<\/strong><br \/>(+30 for winning)\n|l|\u2606boneohh\n|c|\u2606THICK BOII|gg\n","uploadtime":1700516685,"views":15,"p1id":"boneohh","p2id":"thickboii","formatid":"gen9ou","rating":1059,"private":0,"password":""}