{"id":"gen9ou-1989667504","p1":"Passenger00397","p2":"Cranberru22","format":"[Gen 9] OU","log":"|j|\u2606Passenger00397\n|j|\u2606Cranberru22\n|t:|1699884994\n|gametype|singles\n|player|p1|Passenger00397|dawn-gen4pt|1051\n|player|p2|Cranberru22|2|1083\n|teamsize|p1|6\n|teamsize|p2|6\n|gen|9\n|tier|[Gen 9] OU\n|rated|\n|rule|Sleep Clause Mod: Limit one foe put to sleep\n|rule|Species Clause: Limit one of each Pok\u00e9mon\n|rule|OHKO Clause: OHKO moves are banned\n|rule|Evasion Items Clause: Evasion items are banned\n|rule|Evasion Moves Clause: Evasion moves are banned\n|rule|Endless Battle Clause: Forcing endless battles is banned\n|rule|HP Percentage Mod: HP is shown in percentages\n|clearpoke\n|poke|p1|Alomomola, F|\n|poke|p1|Slowking-Galar, F|\n|poke|p1|Kingambit, F|\n|poke|p1|Great Tusk|\n|poke|p1|Cinderace, F|\n|poke|p1|Thundurus-Therian, M|\n|poke|p2|Tinkaton, F|\n|poke|p2|Dachsbun, F|\n|poke|p2|Great Tusk|\n|poke|p2|Iron Leaves|\n|poke|p2|Zamazenta-*|\n|poke|p2|Gholdengo|\n|teampreview\n|\n|t:|1699885017\n|start\n|switch|p1a: Great Tusk|Great Tusk|100\/100\n|switch|p2a: RETALIATION|Iron Leaves|100\/100\n|-enditem|p2a: RETALIATION|Booster Energy\n|-activate|p2a: RETALIATION|ability: Quark Drive|[fromitem]\n|-start|p2a: RETALIATION|quarkdriveatk\n|turn|1\n|inactive|Battle timer is ON: inactive players will automatically lose when time's up. (requested by Passenger00397)\n|\n|t:|1699885026\n|move|p2a: RETALIATION|Psyblade|p1a: Great Tusk\n|-supereffective|p1a: Great Tusk\n|-damage|p1a: Great Tusk|14\/100\n|-damage|p2a: RETALIATION|84\/100|[from] item: Rocky Helmet|[of] p1a: Great Tusk\n|move|p1a: Great Tusk|Headlong Rush|p2a: RETALIATION\n|-resisted|p2a: RETALIATION\n|-damage|p2a: RETALIATION|45\/100\n|-unboost|p1a: Great Tusk|def|1\n|-unboost|p1a: Great Tusk|spd|1\n|\n|upkeep\n|turn|2\n|\n|t:|1699885043\n|-end|p1a: Great Tusk|Protosynthesis|[silent]\n|switch|p1a: Cinderace|Cinderace, F|100\/100\n|move|p2a: RETALIATION|Psyblade|p1a: Cinderace\n|-damage|p1a: Cinderace|21\/100\n|\n|upkeep\n|turn|3\n|\n|t:|1699885058\n|-end|p2a: RETALIATION|Quark Drive|[silent]\n|switch|p2a: wee little lad|Dachsbun, F|100\/100\n|move|p1a: Cinderace|Pyro Ball|p2a: wee little lad\n|-ability|p2a: wee little lad|Well-Baked Body|boost\n|-boost|p2a: wee little lad|def|2\n|\n|upkeep\n|turn|4\n|c|\u2606Cranberru22|GOTEM\n|c|\u2606Cranberru22|BAITED\n|c|\u2606Cranberru22|DACHSBUN STAY WINNING\n|c|\u2606Passenger00397|okay?\n|inactive|Passenger00397 has 120 seconds left.\n|c|\u2606Passenger00397|I'm terrible at this was probably losing anyways\n|c|\u2606Cranberru22|lol\n|\n|t:|1699885089\n|switch|p1a: Thundurus|Thundurus-Therian, M|100\/100\n|-terastallize|p2a: wee little lad|Steel\n|move|p2a: wee little lad|Agility|p2a: wee little lad\n|-boost|p2a: wee little lad|spe|2\n|\n|upkeep\n|turn|5\n|inactive|Passenger00397 has 120 seconds left.\n|\n|t:|1699885103\n|-terastallize|p1a: Thundurus|Flying\n|move|p2a: wee little lad|Play Rough|p1a: Thundurus\n|-damage|p1a: Thundurus|55\/100\n|move|p1a: Thundurus|Tera Blast|p2a: wee little lad|[anim] Tera Blast Flying\n|-resisted|p2a: wee little lad\n|-damage|p2a: wee little lad|27\/100\n|\n|upkeep\n|turn|6\n|inactive|Passenger00397 has 120 seconds left.\n|\n|t:|1699885111\n|move|p2a: wee little lad|Play Rough|p1a: Thundurus\n|-damage|p1a: Thundurus|7\/100\n|move|p1a: Thundurus|Tera Blast|p2a: wee little lad|[anim] Tera Blast Flying\n|-resisted|p2a: wee little lad\n|-damage|p2a: wee little lad|0 fnt\n|faint|p2a: wee little lad\n|\n|upkeep\n|c|\u2606Cranberru22|ow\n|c|\u2606Cranberru22|so mean\n|c|\u2606Cranberru22|cancel thundurus t\n|\n|t:|1699885126\n|switch|p2a: RETALIATION|Iron Leaves|45\/100\n|turn|7\n|\n|t:|1699885132\n|switch|p1a: Slowking|Slowking-Galar, F|100\/100\n|move|p2a: RETALIATION|Retaliate|p1a: Slowking\n|-damage|p1a: Slowking|52\/100\n|\n|upkeep\n|turn|8\n|\n|t:|1699885149\n|move|p2a: RETALIATION|Psyblade|p1a: Slowking\n|-damage|p1a: Slowking|10\/100\n|move|p1a: Slowking|Sludge Bomb|p2a: RETALIATION\n|-supereffective|p2a: RETALIATION\n|-damage|p2a: RETALIATION|0 fnt\n|faint|p2a: RETALIATION\n|-end|p2a: RETALIATION|Quark Drive|[silent]\n|\n|upkeep\n|\n|t:|1699885159\n|switch|p2a: built for the top|Gholdengo|100\/100\n|-item|p2a: built for the top|Air Balloon\n|turn|9\n|\n|t:|1699885163\n|switch|p1a: Kingambit|Kingambit, F|100\/100\n|move|p2a: built for the top|Substitute|p2a: built for the top\n|-start|p2a: built for the top|Substitute\n|-damage|p2a: built for the top|76\/100\n|\n|upkeep\n|turn|10\n|\n|t:|1699885172\n|-end|p1a: Kingambit|fallenundefined|[silent]\n|switch|p1a: Alomomola|Alomomola, F|100\/100\n|move|p2a: built for the top|Shadow Ball|p1a: Alomomola\n|-damage|p1a: Alomomola|62\/100\n|-unboost|p1a: Alomomola|spd|1\n|-enditem|p1a: Alomomola|Red Card|[of] p2a: built for the top\n|drag|p2a: tusk when great:|Great Tusk|100\/100\n|\n|upkeep\n|turn|11\n|\n|t:|1699885189\n|move|p2a: tusk when great:|Ice Spinner|p1a: Alomomola\n|-resisted|p1a: Alomomola\n|-damage|p1a: Alomomola|55\/100\n|move|p1a: Alomomola|Scald|p2a: tusk when great:\n|-supereffective|p2a: tusk when great:\n|-damage|p2a: tusk when great:|63\/100\n|\n|upkeep\n|turn|12\n|\n|t:|1699885196\n|-end|p2a: tusk when great:|Protosynthesis|[silent]\n|switch|p2a: lmao dog funny|Zamazenta|100\/100\n|-ability|p2a: lmao dog funny|Dauntless Shield|boost\n|-boost|p2a: lmao dog funny|def|1\n|move|p1a: Alomomola|Wish|p1a: Alomomola\n|\n|upkeep\n|turn|13\n|\n|t:|1699885203\n|move|p2a: lmao dog funny|Wild Charge|p1a: Alomomola\n|-supereffective|p1a: Alomomola\n|-damage|p1a: Alomomola|2\/100\n|-damage|p2a: lmao dog funny|81\/100|[from] Recoil\n|move|p1a: Alomomola|Flip Turn|p2a: lmao dog funny\n|-damage|p2a: lmao dog funny|70\/100\n|\n|t:|1699885215\n|switch|p1a: Great Tusk|Great Tusk|14\/100|[from] Flip Turn\n|\n|-heal|p1a: Great Tusk|78\/100|[from] move: Wish|[wisher] Alomomola\n|upkeep\n|turn|14\n|\n|t:|1699885232\n|switch|p2a: hammer time|Tinkaton, F|100\/100\n|-item|p2a: hammer time|Air Balloon\n|move|p1a: Great Tusk|Headlong Rush|p2a: hammer time\n|-immune|p2a: hammer time\n|\n|upkeep\n|turn|15\n|inactive|Passenger00397 has 120 seconds left.\n|\n|t:|1699885263\n|-end|p1a: Great Tusk|Protosynthesis|[silent]\n|switch|p1a: Alomomola|Alomomola, F|36\/100\n|move|p2a: hammer time|Stealth Rock|p1a: Alomomola\n|-sidestart|p1: Passenger00397|move: Stealth Rock\n|\n|upkeep\n|turn|16\n|\n|t:|1699885274\n|move|p2a: hammer time|Thunder Wave|p1a: Alomomola\n|-status|p1a: Alomomola|par\n|move|p1a: Alomomola|Wish|p1a: Alomomola\n|\n|upkeep\n|turn|17\n|\n|t:|1699885279\n|move|p2a: hammer time|Play Rough|p1a: Alomomola\n|-damage|p1a: Alomomola|22\/100 par\n|cant|p1a: Alomomola|par\n|\n|-heal|p1a: Alomomola|71\/100 par|[from] move: Wish|[wisher] Alomomola\n|upkeep\n|turn|18\n|\n|t:|1699885286\n|move|p2a: hammer time|Play Rough|p1a: Alomomola\n|-damage|p1a: Alomomola|57\/100 par\n|move|p1a: Alomomola|Wish|p1a: Alomomola\n|\n|upkeep\n|turn|19\n|\n|t:|1699885291\n|move|p2a: hammer time|Play Rough|p1a: Alomomola\n|-damage|p1a: Alomomola|42\/100 par\n|move|p1a: Alomomola|Flip Turn|p2a: hammer time\n|-damage|p2a: hammer time|82\/100\n|-enditem|p2a: hammer time|Air Balloon\n|\n|t:|1699885301\n|switch|p1a: Cinderace|Cinderace, F|21\/100|[from] Flip Turn\n|\n|-heal|p1a: Cinderace|99\/100|[from] move: Wish|[wisher] Alomomola\n|upkeep\n|turn|20\n|\n|t:|1699885308\n|switch|p2a: tusk when great:|Great Tusk|63\/100\n|move|p1a: Cinderace|Court Change|p1a: Cinderace\n|-start|p1a: Cinderace|typechange|Normal|[from] ability: Libero\n|-swapsideconditions\n|-activate|p1a: Cinderace|move: Court Change\n|\n|upkeep\n|turn|21\n|\n|t:|1699885316\n|move|p1a: Cinderace|U-turn|p2a: tusk when great:\n|-resisted|p2a: tusk when great:\n|-damage|p2a: tusk when great:|58\/100\n|-damage|p1a: Cinderace|83\/100|[from] item: Rocky Helmet|[of] p2a: tusk when great:\n|\n|t:|1699885324\n|switch|p1a: Kingambit|Kingambit, F|100\/100|[from] U-turn\n|move|p2a: tusk when great:|Bulk Up|p2a: tusk when great:\n|-boost|p2a: tusk when great:|atk|1\n|-boost|p2a: tusk when great:|def|1\n|\n|upkeep\n|turn|22\n|\n|t:|1699885330\n|move|p1a: Kingambit|Sucker Punch||[still]\n|-fail|p1a: Kingambit\n|move|p2a: tusk when great:|Bulk Up|p2a: tusk when great:\n|-boost|p2a: tusk when great:|atk|1\n|-boost|p2a: tusk when great:|def|1\n|\n|upkeep\n|turn|23\n|\n|t:|1699885339\n|move|p2a: tusk when great:|Bulk Up|p2a: tusk when great:\n|-boost|p2a: tusk when great:|atk|1\n|-boost|p2a: tusk when great:|def|1\n|move|p1a: Kingambit|Kowtow Cleave|p2a: tusk when great:\n|-resisted|p2a: tusk when great:\n|-damage|p2a: tusk when great:|53\/100\n|-damage|p1a: Kingambit|84\/100|[from] item: Rocky Helmet|[of] p2a: tusk when great:\n|\n|-heal|p1a: Kingambit|90\/100|[from] item: Leftovers\n|upkeep\n|turn|24\n|\n|t:|1699885360\n|-end|p1a: Kingambit|fallenundefined|[silent]\n|switch|p1a: Alomomola|Alomomola, F|76\/100 par\n|move|p2a: tusk when great:|Rapid Spin|p1a: Alomomola\n|-damage|p1a: Alomomola|54\/100 par\n|-boost|p2a: tusk when great:|spe|1\n|-sideend|p2: Cranberru22|Stealth Rock|[from] move: Rapid Spin|[of] p2a: tusk when great:\n|\n|upkeep\n|turn|25\n|\n|t:|1699885366\n|move|p2a: tusk when great:|Rapid Spin|p1a: Alomomola\n|-damage|p1a: Alomomola|32\/100 par\n|-boost|p2a: tusk when great:|spe|1\n|move|p1a: Alomomola|Wish|p1a: Alomomola\n|\n|upkeep\n|turn|26\n|\n|t:|1699885372\n|move|p2a: tusk when great:|Bulk Up|p2a: tusk when great:\n|-boost|p2a: tusk when great:|atk|1\n|-boost|p2a: tusk when great:|def|1\n|move|p1a: Alomomola|Flip Turn|p2a: tusk when great:\n|-supereffective|p2a: tusk when great:\n|-crit|p2a: tusk when great:\n|-damage|p2a: tusk when great:|29\/100\n|-damage|p1a: Alomomola|15\/100 par|[from] item: Rocky Helmet|[of] p2a: tusk when great:\n|\n|t:|1699885381\n|switch|p1a: Thundurus|Thundurus-Therian, M, tera:Flying|7\/100|[from] Flip Turn\n|\n|-heal|p1a: Thundurus|85\/100|[from] move: Wish|[wisher] Alomomola\n|upkeep\n|turn|27\n|\n|t:|1699885388\n|move|p2a: tusk when great:|Ice Spinner|p1a: Thundurus\n|-supereffective|p1a: Thundurus\n|-damage|p1a: Thundurus|0 fnt\n|faint|p1a: Thundurus\n|\n|upkeep\n|c|\u2606Cranberru22|bonk\n|\n|t:|1699885397\n|switch|p1a: Alomomola|Alomomola, F|49\/100 par\n|turn|28\n|\n|t:|1699885407\n|move|p2a: tusk when great:|Rapid Spin|p1a: Alomomola\n|-damage|p1a: Alomomola|22\/100 par\n|-boost|p2a: tusk when great:|spe|1\n|move|p1a: Alomomola|Scald|p2a: tusk when great:\n|-supereffective|p2a: tusk when great:\n|-damage|p2a: tusk when great:|0 fnt\n|faint|p2a: tusk when great:\n|-end|p2a: tusk when great:|Protosynthesis|[silent]\n|\n|upkeep\n|\n|t:|1699885415\n|switch|p2a: lmao dog funny|Zamazenta|70\/100\n|turn|29\n|\n|t:|1699885426\n|switch|p1a: Slowking|Slowking-Galar, F|43\/100\n|move|p2a: lmao dog funny|Wild Charge|p1a: Slowking\n|-damage|p1a: Slowking|0 fnt\n|faint|p1a: Slowking\n|-damage|p2a: lmao dog funny|57\/100|[from] Recoil\n|\n|upkeep\n|\n|t:|1699885433\n|switch|p1a: Great Tusk|Great Tusk|78\/100\n|turn|30\n|\n|t:|1699885442\n|switch|p2a: built for the top|Gholdengo|76\/100\n|-item|p2a: built for the top|Air Balloon\n|move|p1a: Great Tusk|Headlong Rush|p2a: built for the top\n|-immune|p2a: built for the top\n|\n|upkeep\n|turn|31\n|\n|t:|1699885449\n|move|p1a: Great Tusk|Rapid Spin|p2a: built for the top\n|-immune|p2a: built for the top\n|move|p2a: built for the top|Substitute|p2a: built for the top\n|-start|p2a: built for the top|Substitute\n|-damage|p2a: built for the top|51\/100\n|\n|upkeep\n|turn|32\n|\n|t:|1699885465\n|move|p1a: Great Tusk|Stealth Rock|p2a: built for the top\n|-sidestart|p2: Cranberru22|move: Stealth Rock\n|move|p2a: built for the top|Shadow Ball|p1a: Great Tusk\n|-damage|p1a: Great Tusk|13\/100\n|\n|upkeep\n|turn|33\n|inactive|Cranberru22 has 120 seconds left.\n|\n|t:|1699885501\n|-end|p1a: Great Tusk|Protosynthesis|[silent]\n|switch|p1a: Alomomola|Alomomola, F|55\/100 par\n|move|p2a: built for the top|Shadow Ball|p1a: Alomomola\n|-damage|p1a: Alomomola|16\/100 par\n|\n|upkeep\n|turn|34\n|\n|t:|1699885508\n|move|p2a: built for the top|Shadow Ball|p1a: Alomomola\n|-damage|p1a: Alomomola|0 fnt\n|faint|p1a: Alomomola\n|\n|upkeep\n|\n|t:|1699885515\n|switch|p1a: Kingambit|Kingambit, F|90\/100\n|-activate|p1a: Kingambit|ability: Supreme Overlord\n|-start|p1a: Kingambit|fallen3|[silent]\n|turn|35\n|\n|t:|1699885520\n|move|p1a: Kingambit|Sucker Punch|p2a: built for the top\n|-supereffective|p2a: built for the top\n|-end|p2a: built for the top|Substitute\n|-enditem|p2a: built for the top|Air Balloon\n|move|p2a: built for the top|Shadow Ball|p1a: Kingambit\n|-resisted|p1a: Kingambit\n|-damage|p1a: Kingambit|68\/100\n|\n|-heal|p1a: Kingambit|74\/100|[from] item: Leftovers\n|upkeep\n|turn|36\n|\n|t:|1699885528\n|switch|p2a: lmao dog funny|Zamazenta|57\/100\n|-damage|p2a: lmao dog funny|51\/100|[from] Stealth Rock\n|move|p1a: Kingambit|Sucker Punch||[still]\n|-fail|p1a: Kingambit\n|\n|-heal|p1a: Kingambit|81\/100|[from] item: Leftovers\n|upkeep\n|turn|37\n|\n|t:|1699885536\n|move|p1a: Kingambit|Sucker Punch|p2a: lmao dog funny\n|-resisted|p2a: lmao dog funny\n|-damage|p2a: lmao dog funny|27\/100\n|move|p2a: lmao dog funny|Close Combat|p1a: Kingambit\n|-supereffective|p1a: Kingambit\n|-damage|p1a: Kingambit|0 fnt\n|-unboost|p2a: lmao dog funny|def|1\n|-unboost|p2a: lmao dog funny|spd|1\n|faint|p1a: Kingambit\n|-end|p1a: Kingambit|fallen3|[silent]\n|\n|upkeep\n|\n|t:|1699885546\n|switch|p1a: Cinderace|Cinderace, F|83\/100\n|turn|38\n|\n|t:|1699885549\n|move|p2a: lmao dog funny|Close Combat|p1a: Cinderace\n|-damage|p1a: Cinderace|0 fnt\n|-unboost|p2a: lmao dog funny|def|1\n|-unboost|p2a: lmao dog funny|spd|1\n|faint|p1a: Cinderace\n|\n|upkeep\n|\n|t:|1699885555\n|switch|p1a: Great Tusk|Great Tusk|13\/100\n|turn|39\n|\n|t:|1699885564\n|move|p2a: lmao dog funny|Close Combat|p1a: Great Tusk\n|-damage|p1a: Great Tusk|0 fnt\n|-unboost|p2a: lmao dog funny|def|1\n|-unboost|p2a: lmao dog funny|spd|1\n|-damage|p2a: lmao dog funny|10\/100|[from] item: Rocky Helmet|[of] p1a: Great Tusk\n|faint|p1a: Great Tusk\n|-end|p1a: Great Tusk|Protosynthesis|[silent]\n|\n|win|Cranberru22\n|raw|Passenger00397's rating: 1051 &rarr; <strong>1035<\/strong><br \/>(-16 for losing)\n|raw|Cranberru22's rating: 1083 &rarr; <strong>1108<\/strong><br \/>(+25 for winning)\n|c|\u2606Cranberru22|gg wp\n|c|\u2606Passenger00397|gg\n","uploadtime":1699885573,"views":17,"p1id":"passenger00397","p2id":"cranberru22","formatid":"gen9ou","rating":1035,"private":0,"password":""}