{"id":"gen9ou-1993084475","p1":"IxAmxLegal","p2":"kundal9098","format":"[Gen 9] OU","log":"|j|\u2606IxAmxLegal\n|j|\u2606kundal9098\n|t:|1700262936\n|gametype|singles\n|player|p1|IxAmxLegal|cynthia-gen4|1304\n|player|p2|kundal9098|gambler|1288\n|teamsize|p1|6\n|teamsize|p2|6\n|gen|9\n|tier|[Gen 9] OU\n|rated|\n|rule|Sleep Clause Mod: Limit one foe put to sleep\n|rule|Species Clause: Limit one of each Pok\u00e9mon\n|rule|OHKO Clause: OHKO moves are banned\n|rule|Evasion Items Clause: Evasion items are banned\n|rule|Evasion Moves Clause: Evasion moves are banned\n|rule|Endless Battle Clause: Forcing endless battles is banned\n|rule|HP Percentage Mod: HP is shown in percentages\n|clearpoke\n|poke|p1|Poliwrath, M|\n|poke|p1|Pelipper, M|\n|poke|p1|Overqwil, M|\n|poke|p1|Rillaboom, M|\n|poke|p1|Iron Treads|\n|poke|p1|Zapdos|\n|poke|p2|Infernape, F|\n|poke|p2|Manaphy|\n|poke|p2|Clodsire, F|\n|poke|p2|Gholdengo|\n|poke|p2|Mandibuzz, F|\n|poke|p2|Conkeldurr, F|\n|teampreview\n|inactive|Battle timer is ON: inactive players will automatically lose when time's up. (requested by IxAmxLegal)\n|\n|t:|1700262950\n|start\n|switch|p1a: Rillaboom|Rillaboom, M|100\/100\n|switch|p2a: Infernape|Infernape, F|100\/100\n|-fieldstart|move: Grassy Terrain|[from] ability: Grassy Surge|[of] p1a: Rillaboom\n|turn|1\n|\n|t:|1700262956\n|switch|p1a: Pelipper|Pelipper, M|100\/100\n|-weather|RainDance|[from] ability: Drizzle|[of] p1a: Pelipper\n|move|p2a: Infernape|Overheat|p1a: Pelipper\n|-resisted|p1a: Pelipper\n|-damage|p1a: Pelipper|87\/100\n|-unboost|p2a: Infernape|spa|2\n|\n|-weather|RainDance|[upkeep]\n|upkeep\n|turn|2\n|\n|t:|1700262965\n|move|p2a: Infernape|Stealth Rock|p1a: Pelipper\n|-sidestart|p1: IxAmxLegal|move: Stealth Rock\n|move|p1a: Pelipper|Surf|p2a: Infernape\n|-supereffective|p2a: Infernape\n|-enditem|p2a: Infernape|Focus Sash\n|-damage|p2a: Infernape|1\/100\n|\n|-weather|RainDance|[upkeep]\n|-heal|p2a: Infernape|7\/100|[from] Grassy Terrain\n|upkeep\n|turn|3\n|\n|t:|1700262982\n|switch|p2a: Clodsire|Clodsire, F, shiny|100\/100\n|move|p1a: Pelipper|U-turn|p2a: Clodsire\n|-resisted|p2a: Clodsire\n|-damage|p2a: Clodsire|96\/100\n|\n|t:|1700262985\n|switch|p1a: Iron Treads|Iron Treads|100\/100|[from] U-turn\n|-damage|p1a: Iron Treads|97\/100|[from] Stealth Rock\n|\n|-weather|RainDance|[upkeep]\n|-heal|p1a: Iron Treads|100\/100|[from] Grassy Terrain\n|-heal|p2a: Clodsire|100\/100|[from] Grassy Terrain\n|upkeep\n|turn|4\n|\n|t:|1700262994\n|switch|p2a: Gholdengo|Gholdengo, shiny|100\/100\n|-item|p2a: Gholdengo|Air Balloon\n|move|p1a: Iron Treads|Earth Power|p2a: Gholdengo\n|-immune|p2a: Gholdengo\n|\n|-weather|RainDance|[upkeep]\n|upkeep\n|turn|5\n|\n|t:|1700263003\n|move|p1a: Iron Treads|Thunder|p2a: Gholdengo\n|-damage|p2a: Gholdengo|73\/100\n|-status|p2a: Gholdengo|par\n|-enditem|p2a: Gholdengo|Air Balloon\n|cant|p2a: Gholdengo|par\n|\n|-weather|RainDance|[upkeep]\n|-heal|p2a: Gholdengo|79\/100 par|[from] Grassy Terrain\n|-fieldend|move: Grassy Terrain\n|upkeep\n|turn|6\n|\n|t:|1700263013\n|switch|p2a: Mandibuzz|Mandibuzz, F|100\/100\n|move|p1a: Iron Treads|Earth Power|p2a: Mandibuzz\n|-immune|p2a: Mandibuzz\n|\n|-weather|RainDance|[upkeep]\n|upkeep\n|turn|7\n|\n|t:|1700263020\n|move|p1a: Iron Treads|Rapid Spin|p2a: Mandibuzz\n|-damage|p2a: Mandibuzz|92\/100\n|-boost|p1a: Iron Treads|spe|1\n|-damage|p1a: Iron Treads|84\/100|[from] item: Rocky Helmet|[of] p2a: Mandibuzz\n|-sideend|p1: IxAmxLegal|Stealth Rock|[from] move: Rapid Spin|[of] p1a: Iron Treads\n|move|p2a: Mandibuzz|Foul Play|p1a: Iron Treads\n|-damage|p1a: Iron Treads|51\/100\n|\n|-weather|RainDance|[upkeep]\n|upkeep\n|turn|8\n|\n|t:|1700263032\n|switch|p2a: Clodsire|Clodsire, F, shiny|100\/100\n|move|p1a: Iron Treads|Ice Spinner|p2a: Clodsire\n|-supereffective|p2a: Clodsire\n|-damage|p2a: Clodsire|53\/100\n|\n|-weather|none\n|-heal|p2a: Clodsire|59\/100|[from] item: Leftovers\n|upkeep\n|turn|9\n|\n|t:|1700263039\n|move|p1a: Iron Treads|Earth Power|p2a: Clodsire\n|-supereffective|p2a: Clodsire\n|-damage|p2a: Clodsire|21\/100\n|move|p2a: Clodsire|Earthquake|p1a: Iron Treads\n|-supereffective|p1a: Iron Treads\n|-damage|p1a: Iron Treads|0 fnt\n|faint|p1a: Iron Treads\n|-end|p1a: Iron Treads|Quark Drive|[silent]\n|\n|-heal|p2a: Clodsire|27\/100|[from] item: Leftovers\n|upkeep\n|\n|t:|1700263048\n|switch|p1a: Rillaboom|Rillaboom, M|100\/100\n|-fieldstart|move: Grassy Terrain|[from] ability: Grassy Surge|[of] p1a: Rillaboom\n|turn|10\n|\n|t:|1700263057\n|switch|p2a: Mandibuzz|Mandibuzz, F|92\/100\n|move|p1a: Rillaboom|Knock Off|p2a: Mandibuzz\n|-resisted|p2a: Mandibuzz\n|-damage|p2a: Mandibuzz|77\/100\n|-damage|p1a: Rillaboom|84\/100|[from] item: Rocky Helmet|[of] p2a: Mandibuzz\n|-enditem|p2a: Mandibuzz|Rocky Helmet|[from] move: Knock Off|[of] p1a: Rillaboom\n|\n|-heal|p1a: Rillaboom|90\/100|[from] Grassy Terrain\n|upkeep\n|turn|11\n|\n|t:|1700263078\n|switch|p1a: Pelipper|Pelipper, M|87\/100\n|-weather|RainDance|[from] ability: Drizzle|[of] p1a: Pelipper\n|move|p2a: Mandibuzz|Toxic|p1a: Pelipper\n|-status|p1a: Pelipper|tox\n|\n|-weather|RainDance|[upkeep]\n|-damage|p1a: Pelipper|80\/100 tox|[from] psn\n|upkeep\n|turn|12\n|\n|t:|1700263087\n|switch|p2a: Clodsire|Clodsire, F, shiny|27\/100\n|move|p1a: Pelipper|U-turn|p2a: Clodsire\n|-resisted|p2a: Clodsire\n|-damage|p2a: Clodsire|22\/100\n|inactive|IxAmxLegal has 120 seconds left.\n|\n|t:|1700263109\n|switch|p1a: Overqwil|Overqwil, M|100\/100|[from] U-turn\n|\n|-weather|RainDance|[upkeep]\n|-heal|p2a: Clodsire|28\/100|[from] Grassy Terrain\n|-heal|p2a: Clodsire|34\/100|[from] item: Leftovers\n|upkeep\n|turn|13\n|\n|t:|1700263117\n|move|p1a: Overqwil|Crunch|p2a: Clodsire\n|-damage|p2a: Clodsire|0 fnt\n|faint|p2a: Clodsire\n|-damage|p1a: Overqwil|91\/100|[from] item: Life Orb\n|\n|-weather|RainDance|[upkeep]\n|-heal|p1a: Overqwil|97\/100|[from] Grassy Terrain\n|upkeep\n|\n|t:|1700263128\n|switch|p2a: Conkeldurr|Conkeldurr, F, shiny|100\/100\n|turn|14\n|\n|t:|1700263137\n|switch|p1a: Zapdos|Zapdos|100\/100\n|move|p2a: Conkeldurr|Drain Punch|p1a: Zapdos\n|-resisted|p1a: Zapdos\n|-damage|p1a: Zapdos|71\/100\n|\n|-weather|RainDance|[upkeep]\n|-fieldend|move: Grassy Terrain\n|-status|p2a: Conkeldurr|brn|[from] item: Flame Orb\n|upkeep\n|turn|15\n|\n|t:|1700263149\n|switch|p2a: Gholdengo|Gholdengo, shiny|79\/100 par\n|move|p1a: Zapdos|Hurricane|p2a: Gholdengo\n|-resisted|p2a: Gholdengo\n|-damage|p2a: Gholdengo|51\/100 par\n|-start|p2a: Gholdengo|confusion\n|\n|-weather|RainDance|[upkeep]\n|upkeep\n|turn|16\n|\n|t:|1700263157\n|move|p1a: Zapdos|Thunder|p2a: Gholdengo\n|-damage|p2a: Gholdengo|0 fnt\n|faint|p2a: Gholdengo\n|\n|-weather|RainDance|[upkeep]\n|upkeep\n|\n|t:|1700263163\n|switch|p2a: Infernape|Infernape, F|7\/100\n|turn|17\n|\n|t:|1700263171\n|move|p2a: Infernape|Stealth Rock|p1a: Zapdos\n|-sidestart|p1: IxAmxLegal|move: Stealth Rock\n|move|p1a: Zapdos|Weather Ball|p2a: Infernape\n|-supereffective|p2a: Infernape\n|-damage|p2a: Infernape|0 fnt\n|faint|p2a: Infernape\n|\n|-weather|RainDance|[upkeep]\n|upkeep\n|\n|t:|1700263183\n|switch|p2a: Manaphy|Manaphy, shiny|100\/100\n|turn|18\n|\n|t:|1700263190\n|-terastallize|p2a: Manaphy|Grass\n|move|p1a: Zapdos|Thunder|p2a: Manaphy\n|-resisted|p2a: Manaphy\n|-damage|p2a: Manaphy|73\/100\n|move|p2a: Manaphy|Tail Glow|p2a: Manaphy\n|-boost|p2a: Manaphy|spa|3\n|\n|-weather|none\n|-heal|p2a: Manaphy|79\/100|[from] item: Leftovers\n|upkeep\n|turn|19\n|\n|t:|1700263199\n|move|p2a: Manaphy|Ice Beam|p1a: Zapdos\n|-supereffective|p1a: Zapdos\n|-damage|p1a: Zapdos|0 fnt\n|faint|p1a: Zapdos\n|\n|-heal|p2a: Manaphy|86\/100|[from] item: Leftovers\n|upkeep\n|\n|t:|1700263204\n|switch|p1a: Pelipper|Pelipper, M|80\/100 tox\n|-damage|p1a: Pelipper|56\/100 tox|[from] Stealth Rock\n|-weather|RainDance|[from] ability: Drizzle|[of] p1a: Pelipper\n|turn|20\n|\n|t:|1700263216\n|move|p2a: Manaphy|Energy Ball|p1a: Pelipper\n|-damage|p1a: Pelipper|0 fnt\n|faint|p1a: Pelipper\n|\n|-weather|RainDance|[upkeep]\n|-heal|p2a: Manaphy|92\/100|[from] item: Leftovers\n|upkeep\n|\n|t:|1700263225\n|switch|p1a: Poliwrath|Poliwrath, M|100\/100\n|-damage|p1a: Poliwrath|94\/100|[from] Stealth Rock\n|turn|21\n|\n|t:|1700263229\n|-terastallize|p1a: Poliwrath|Poison\n|move|p1a: Poliwrath|Belly Drum|p1a: Poliwrath\n|-damage|p1a: Poliwrath|44\/100\n|-setboost|p1a: Poliwrath|atk|6|[from] move: Belly Drum\n|-enditem|p1a: Poliwrath|Sitrus Berry|[eat]\n|-heal|p1a: Poliwrath|69\/100|[from] item: Sitrus Berry\n|move|p2a: Manaphy|Energy Ball|p1a: Poliwrath\n|-resisted|p1a: Poliwrath\n|-damage|p1a: Poliwrath|11\/100\n|\n|-weather|RainDance|[upkeep]\n|-heal|p2a: Manaphy|98\/100|[from] item: Leftovers\n|upkeep\n|turn|22\n|\n|t:|1700263240\n|move|p1a: Poliwrath|Tera Blast|p2a: Manaphy|[anim] Tera Blast Poison\n|-supereffective|p2a: Manaphy\n|-damage|p2a: Manaphy|0 fnt\n|faint|p2a: Manaphy\n|\n|-weather|RainDance|[upkeep]\n|upkeep\n|\n|t:|1700263246\n|switch|p2a: Conkeldurr|Conkeldurr, F, shiny|100\/100 brn\n|turn|23\n|\n|t:|1700263257\n|move|p2a: Conkeldurr|Mach Punch|p1a: Poliwrath\n|-resisted|p1a: Poliwrath\n|-damage|p1a: Poliwrath|0 fnt\n|faint|p1a: Poliwrath\n|\n|-weather|RainDance|[upkeep]\n|-damage|p2a: Conkeldurr|94\/100 brn|[from] brn\n|upkeep\n|\n|t:|1700263263\n|switch|p1a: Rillaboom|Rillaboom, M|90\/100\n|-damage|p1a: Rillaboom|78\/100|[from] Stealth Rock\n|-fieldstart|move: Grassy Terrain|[from] ability: Grassy Surge|[of] p1a: Rillaboom\n|turn|24\n|\n|t:|1700263272\n|switch|p2a: Mandibuzz|Mandibuzz, F|77\/100\n|move|p1a: Rillaboom|Grassy Glide|p2a: Mandibuzz\n|-resisted|p2a: Mandibuzz\n|-damage|p2a: Mandibuzz|59\/100\n|\n|-weather|RainDance|[upkeep]\n|-heal|p1a: Rillaboom|84\/100|[from] Grassy Terrain\n|upkeep\n|turn|25\n|\n|t:|1700263285\n|switch|p1a: Overqwil|Overqwil, M|97\/100\n|-damage|p1a: Overqwil|85\/100|[from] Stealth Rock\n|move|p2a: Mandibuzz|Roost|p2a: Mandibuzz\n|-heal|p2a: Mandibuzz|100\/100\n|-singleturn|p2a: Mandibuzz|move: Roost\n|\n|-weather|RainDance|[upkeep]\n|-heal|p1a: Overqwil|90\/100|[from] Grassy Terrain\n|upkeep\n|turn|26\n|\n|t:|1700263294\n|move|p1a: Overqwil|Swords Dance|p1a: Overqwil\n|-boost|p1a: Overqwil|atk|2\n|move|p2a: Mandibuzz|Foul Play|p1a: Overqwil\n|-resisted|p1a: Overqwil\n|-damage|p1a: Overqwil|44\/100\n|\n|-weather|RainDance|[upkeep]\n|-heal|p1a: Overqwil|50\/100|[from] Grassy Terrain\n|upkeep\n|turn|27\n|\n|t:|1700263303\n|move|p1a: Overqwil|Liquidation|p2a: Mandibuzz\n|-damage|p2a: Mandibuzz|41\/100\n|-damage|p1a: Overqwil|40\/100|[from] item: Life Orb\n|move|p2a: Mandibuzz|Foul Play|p1a: Overqwil\n|-resisted|p1a: Overqwil\n|-damage|p1a: Overqwil|0 fnt\n|faint|p1a: Overqwil\n|\n|-weather|none\n|upkeep\n|\n|t:|1700263311\n|switch|p1a: Rillaboom|Rillaboom, M|84\/100\n|-damage|p1a: Rillaboom|72\/100|[from] Stealth Rock\n|turn|28\n|\n|t:|1700263315\n|move|p1a: Rillaboom|Wood Hammer|p2a: Mandibuzz\n|-resisted|p2a: Mandibuzz\n|-damage|p2a: Mandibuzz|5\/100\n|-damage|p1a: Rillaboom|57\/100|[from] Recoil\n|move|p2a: Mandibuzz|Roost|p2a: Mandibuzz\n|-heal|p2a: Mandibuzz|55\/100\n|-singleturn|p2a: Mandibuzz|move: Roost\n|\n|-heal|p1a: Rillaboom|63\/100|[from] Grassy Terrain\n|-heal|p2a: Mandibuzz|61\/100|[from] Grassy Terrain\n|-fieldend|move: Grassy Terrain\n|upkeep\n|turn|29\n|-message|IxAmxLegal forfeited.\n|\n|win|kundal9098\n|raw|IxAmxLegal's rating: 1304 &rarr; <strong>1283<\/strong><br \/>(-21 for losing)\n|raw|kundal9098's rating: 1288 &rarr; <strong>1314<\/strong><br \/>(+26 for winning)\n|l|\u2606IxAmxLegal\n","uploadtime":1700263332,"views":11,"p1id":"ixamxlegal","p2id":"kundal9098","formatid":"gen9ou","rating":1283,"private":0,"password":""}