{"id":"gen9ou-1988793644","p1":"phython4","p2":"gadessa2","format":"[Gen 9] OU","log":"|j|\u203dphython4\n|j|\u2606gadessa2\n|t:|1699764018\n|gametype|singles\n|player|p1|phython4|1|1283\n|player|p2|gadessa2|shadowtriad|1224\n|teamsize|p1|6\n|teamsize|p2|6\n|gen|9\n|tier|[Gen 9] OU\n|rated|\n|rule|Sleep Clause Mod: Limit one foe put to sleep\n|rule|Species Clause: Limit one of each Pok\u00e9mon\n|rule|OHKO Clause: OHKO moves are banned\n|rule|Evasion Items Clause: Evasion items are banned\n|rule|Evasion Moves Clause: Evasion moves are banned\n|rule|Endless Battle Clause: Forcing endless battles is banned\n|rule|HP Percentage Mod: HP is shown in percentages\n|clearpoke\n|poke|p1|Ogerpon-Wellspring, F|\n|poke|p1|Enamorus, F|\n|poke|p1|Slowking-Galar, F|\n|poke|p1|Dragapult, M|\n|poke|p1|Cinderace, F|\n|poke|p1|Dragonite, M|\n|poke|p2|Thundurus-Therian, M|\n|poke|p2|Great Tusk|\n|poke|p2|Ogerpon-Wellspring, F|\n|poke|p2|Gholdengo|\n|poke|p2|Landorus-Therian, M|\n|poke|p2|Ribombee, M|\n|teampreview\n|inactive|Battle timer is ON: inactive players will automatically lose when time's up. (requested by gadessa2)\n|\n|t:|1699764035\n|start\n|switch|p1a: Dragonite|Dragonite, M|100\/100\n|switch|p2a: Landorus|Landorus-Therian, M|100\/100\n|-ability|p2a: Landorus|Intimidate|boost\n|-unboost|p1a: Dragonite|atk|1\n|turn|1\n|\n|t:|1699764040\n|move|p2a: Landorus|Stone Edge|p1a: Dragonite|[miss]\n|-miss|p2a: Landorus|p1a: Dragonite\n|move|p1a: Dragonite|Dragon Dance|p1a: Dragonite\n|-boost|p1a: Dragonite|atk|1\n|-boost|p1a: Dragonite|spe|1\n|\n|upkeep\n|turn|2\n|\n|t:|1699764044\n|move|p2a: Landorus|Stone Edge|p1a: Dragonite|[miss]\n|-miss|p2a: Landorus|p1a: Dragonite\n|move|p1a: Dragonite|Dragon Dance|p1a: Dragonite\n|-boost|p1a: Dragonite|atk|1\n|-boost|p1a: Dragonite|spe|1\n|\n|upkeep\n|turn|3\n|\n|t:|1699764047\n|move|p2a: Landorus|Stone Edge|p1a: Dragonite|[miss]\n|-miss|p2a: Landorus|p1a: Dragonite\n|move|p1a: Dragonite|Dragon Dance|p1a: Dragonite\n|-boost|p1a: Dragonite|atk|1\n|-boost|p1a: Dragonite|spe|1\n|\n|upkeep\n|turn|4\n|c|\u2606gadessa2|yeah i'm shipping this mon to fucking china holy shit\n|\n|t:|1699764061\n|-terastallize|p1a: Dragonite|Normal\n|move|p1a: Dragonite|Dragon Dance|p1a: Dragonite\n|-boost|p1a: Dragonite|atk|1\n|-boost|p1a: Dragonite|spe|1\n|move|p2a: Landorus|Stone Edge|p1a: Dragonite\n|-damage|p1a: Dragonite|80\/100\n|\n|upkeep\n|turn|5\n|\n|t:|1699764081\n|move|p1a: Dragonite|Roost|p1a: Dragonite\n|-heal|p1a: Dragonite|100\/100\n|move|p2a: Landorus|Stone Edge|p1a: Dragonite\n|-damage|p1a: Dragonite|80\/100\n|\n|upkeep\n|turn|6\n|\n|t:|1699764087\n|move|p1a: Dragonite|Dragon Dance|p1a: Dragonite\n|-boost|p1a: Dragonite|atk|1\n|-boost|p1a: Dragonite|spe|1\n|move|p2a: Landorus|Stone Edge|p1a: Dragonite\n|-damage|p1a: Dragonite|44\/100\n|\n|upkeep\n|turn|7\n|\n|t:|1699764093\n|move|p1a: Dragonite|Roost|p1a: Dragonite\n|-heal|p1a: Dragonite|94\/100\n|move|p2a: Landorus|Stone Edge|p1a: Dragonite\n|-damage|p1a: Dragonite|60\/100\n|\n|upkeep\n|turn|8\n|\n|t:|1699764098\n|move|p1a: Dragonite|Roost|p1a: Dragonite\n|-heal|p1a: Dragonite|100\/100\n|move|p2a: Landorus|Stone Edge|p1a: Dragonite\n|-damage|p1a: Dragonite|81\/100\n|\n|upkeep\n|turn|9\n|\n|t:|1699764112\n|switch|p2a: Gholdengo|Gholdengo|100\/100\n|-item|p2a: Gholdengo|Air Balloon\n|move|p1a: Dragonite|Dragon Dance|p1a: Dragonite\n|-boost|p1a: Dragonite|atk|1\n|-boost|p1a: Dragonite|spe|1\n|\n|upkeep\n|turn|10\n|\n|t:|1699764121\n|switch|p1a: Cinderace|Cinderace, F|100\/100\n|move|p2a: Gholdengo|Nasty Plot|p2a: Gholdengo\n|-boost|p2a: Gholdengo|spa|2\n|\n|upkeep\n|turn|11\n|\n|t:|1699764129\n|-terastallize|p2a: Gholdengo|Fighting\n|move|p1a: Cinderace|Pyro Ball|p2a: Gholdengo\n|-damage|p2a: Gholdengo|50\/100\n|-enditem|p2a: Gholdengo|Air Balloon\n|move|p2a: Gholdengo|Make It Rain|p1a: Cinderace\n|-resisted|p1a: Cinderace\n|-damage|p1a: Cinderace|30\/100\n|-unboost|p2a: Gholdengo|spa|1\n|\n|upkeep\n|turn|12\n|\n|t:|1699764139\n|move|p1a: Cinderace|Pyro Ball|p2a: Gholdengo|[miss]\n|-miss|p1a: Cinderace|p2a: Gholdengo\n|move|p2a: Gholdengo|Shadow Ball|p1a: Cinderace\n|-damage|p1a: Cinderace|0 fnt\n|faint|p1a: Cinderace\n|\n|upkeep\n|\n|t:|1699764142\n|switch|p1a: Dragapult|Dragapult, M|100\/100\n|turn|13\n|\n|t:|1699764163\n|move|p1a: Dragapult|Shadow Ball|p2a: Gholdengo\n|-damage|p2a: Gholdengo|0 fnt\n|faint|p2a: Gholdengo\n|\n|upkeep\n|\n|t:|1699764175\n|switch|p2a: Great Tusk|Great Tusk|100\/100\n|-enditem|p2a: Great Tusk|Booster Energy\n|-activate|p2a: Great Tusk|ability: Protosynthesis|[fromitem]\n|-start|p2a: Great Tusk|protosynthesisspe\n|turn|14\n|\n|t:|1699764181\n|move|p2a: Great Tusk|Ice Spinner|p1a: Dragapult\n|-supereffective|p1a: Dragapult\n|-damage|p1a: Dragapult|39\/100\n|move|p1a: Dragapult|Shadow Ball|p2a: Great Tusk\n|-damage|p2a: Great Tusk|32\/100\n|\n|upkeep\n|turn|15\n|\n|t:|1699764190\n|switch|p1a: Slowking|Slowking-Galar, F|100\/100\n|move|p2a: Great Tusk|Ice Spinner|p1a: Slowking\n|-damage|p1a: Slowking|76\/100\n|\n|upkeep\n|turn|16\n|\n|t:|1699764197\n|switch|p1a: Dragonite|Dragonite, M, tera:Normal|81\/100\n|move|p2a: Great Tusk|Headlong Rush|p1a: Dragonite\n|-damage|p1a: Dragonite|33\/100\n|-unboost|p2a: Great Tusk|def|1\n|-unboost|p2a: Great Tusk|spd|1\n|\n|upkeep\n|turn|17\n|\n|t:|1699764203\n|move|p1a: Dragonite|Extreme Speed|p2a: Great Tusk\n|-damage|p2a: Great Tusk|0 fnt\n|faint|p2a: Great Tusk\n|-end|p2a: Great Tusk|Protosynthesis|[silent]\n|\n|upkeep\n|\n|t:|1699764213\n|switch|p2a: Thundurus|Thundurus-Therian, M|100\/100\n|turn|18\n|\n|t:|1699764215\n|move|p1a: Dragonite|Extreme Speed|p2a: Thundurus\n|-damage|p2a: Thundurus|25\/100\n|move|p2a: Thundurus|Volt Switch|p1a: Dragonite\n|-damage|p1a: Dragonite|0 fnt\n|faint|p1a: Dragonite\n|\n|t:|1699764222\n|switch|p2a: Ribombee|Ribombee, M, shiny|100\/100|[from] Volt Switch\n|\n|upkeep\n|\n|t:|1699764225\n|switch|p1a: Slowking|Slowking-Galar, F|100\/100\n|turn|19\n|\n|t:|1699764228\n|move|p2a: Ribombee|Sticky Web|p1a: Slowking\n|-sidestart|p1: phython4|move: Sticky Web\n|move|p1a: Slowking|Future Sight|p2a: Ribombee\n|-start|p1a: Slowking|move: Future Sight\n|\n|upkeep\n|turn|20\n|\n|t:|1699764234\n|move|p2a: Ribombee|Psychic|p1a: Slowking\n|-damage|p1a: Slowking|86\/100\n|move|p1a: Slowking|Chilly Reception|p1a: Slowking\n|-weather|Snow\n|\n|t:|1699764240\n|switch|p1a: Ogerpon|Ogerpon-Wellspring, F|100\/100|[from] Chilly Reception\n|-activate|p1a: Ogerpon|move: Sticky Web\n|-unboost|p1a: Ogerpon|spe|1\n|\n|-weather|Snow|[upkeep]\n|upkeep\n|turn|21\n|\n|t:|1699764244\n|move|p2a: Ribombee|Stun Spore|p1a: Ogerpon\n|-immune|p1a: Ogerpon\n|move|p1a: Ogerpon|Ivy Cudgel|p2a: Ribombee\n|-enditem|p2a: Ribombee|Focus Sash\n|-damage|p2a: Ribombee|1\/100\n|\n|-weather|Snow|[upkeep]\n|-end|p2a: Ribombee|move: Future Sight\n|-damage|p2a: Ribombee|0 fnt\n|faint|p2a: Ribombee\n|upkeep\n|\n|t:|1699764255\n|switch|p2a: Thundurus|Thundurus-Therian, M|25\/100\n|turn|22\n|\n|t:|1699764262\n|switch|p1a: Slowking|Slowking-Galar, F|100\/100\n|move|p2a: Thundurus|Volt Switch|p1a: Slowking\n|-damage|p1a: Slowking|64\/100\n|\n|t:|1699764268\n|switch|p2a: Landorus|Landorus-Therian, M|100\/100|[from] Volt Switch\n|-ability|p2a: Landorus|Intimidate|boost\n|-unboost|p1a: Slowking|atk|1\n|\n|-weather|Snow|[upkeep]\n|upkeep\n|turn|23\n|\n|t:|1699764271\n|switch|p1a: Enamorus|Enamorus, F|100\/100\n|move|p2a: Landorus|Earthquake|p1a: Enamorus\n|-immune|p1a: Enamorus\n|\n|-weather|Snow|[upkeep]\n|upkeep\n|turn|24\n|\n|t:|1699764276\n|switch|p2a: Ogerpon|Ogerpon-Wellspring, F|100\/100\n|move|p1a: Enamorus|Moonblast|p2a: Ogerpon\n|-crit|p2a: Ogerpon\n|-damage|p2a: Ogerpon|8\/100\n|\n|-weather|none\n|upkeep\n|turn|25\n|\n|t:|1699764278\n|move|p1a: Enamorus|Moonblast|p2a: Ogerpon\n|-damage|p2a: Ogerpon|0 fnt\n|faint|p2a: Ogerpon\n|\n|upkeep\n|\n|t:|1699764282\n|switch|p2a: Thundurus|Thundurus-Therian, M|25\/100\n|turn|26\n|\n|t:|1699764284\n|move|p1a: Enamorus|Moonblast|p2a: Thundurus\n|-damage|p2a: Thundurus|0 fnt\n|faint|p2a: Thundurus\n|\n|upkeep\n|c|\u2606gadessa2|shitty ass landorus mon lost me the match\n|c|\u2606gadessa2|ggwo\n|-message|gadessa2 forfeited.\n|\n|win|phython4\n|raw|phython4's rating: 1283 &rarr; <strong>1304<\/strong><br \/>(+21 for winning)\n|raw|gadessa2's rating: 1224 &rarr; <strong>1203<\/strong><br \/>(-21 for losing)\n","uploadtime":1699764055,"views":14,"p1id":"phython4","p2id":"gadessa2","formatid":"gen9ou","rating":1203,"private":0,"password":""}