{"id":"gen9ou-1989587302","p1":"MrMLnG","p2":"100kmperhourgranny","format":"[Gen 9] OU","log":"|j|\u2606MrMLnG\n|j|\u2606100kmperhourgranny\n|t:|1699875373\n|gametype|singles\n|player|p1|MrMLnG|cynthia|1225\n|player|p2|100kmperhourgranny|psychicf-gen4|1260\n|teamsize|p1|6\n|teamsize|p2|6\n|gen|9\n|tier|[Gen 9] OU\n|rated|\n|rule|Sleep Clause Mod: Limit one foe put to sleep\n|rule|Species Clause: Limit one of each Pok\u00e9mon\n|rule|OHKO Clause: OHKO moves are banned\n|rule|Evasion Items Clause: Evasion items are banned\n|rule|Evasion Moves Clause: Evasion moves are banned\n|rule|Endless Battle Clause: Forcing endless battles is banned\n|rule|HP Percentage Mod: HP is shown in percentages\n|clearpoke\n|poke|p1|Sneasler, F|\n|poke|p1|Rillaboom, M|\n|poke|p1|Greninja-*, M|\n|poke|p1|Landorus-Therian, M|\n|poke|p1|Gholdengo|\n|poke|p1|Dragapult, M|\n|poke|p2|Dragapult, M|\n|poke|p2|Heatran, M|\n|poke|p2|Great Tusk|\n|poke|p2|Amoonguss, M|\n|poke|p2|Weavile, M|\n|poke|p2|Enamorus, F|\n|teampreview\n|inactive|Battle timer is ON: inactive players will automatically lose when time's up. (requested by 100kmperhourgranny)\n|\n|t:|1699875391\n|start\n|switch|p1a: Landorus|Landorus-Therian, M|100\/100\n|switch|p2a: Great Tusk|Great Tusk|100\/100\n|-ability|p1a: Landorus|Intimidate|boost\n|-unboost|p2a: Great Tusk|atk|1\n|turn|1\n|\n|t:|1699875405\n|move|p2a: Great Tusk|Ice Spinner|p1a: Landorus\n|-supereffective|p1a: Landorus\n|-damage|p1a: Landorus|45\/100\n|-damage|p2a: Great Tusk|84\/100|[from] item: Rocky Helmet|[of] p1a: Landorus\n|move|p1a: Landorus|Stealth Rock|p2a: Great Tusk\n|-sidestart|p2: 100kmperhourgranny|move: Stealth Rock\n|\n|-heal|p2a: Great Tusk|90\/100|[from] item: Leftovers\n|upkeep\n|turn|2\n|\n|t:|1699875421\n|switch|p1a: Greninja|Greninja, M|100\/100\n|move|p2a: Great Tusk|Ice Spinner|p1a: Greninja\n|-resisted|p1a: Greninja\n|-damage|p1a: Greninja|83\/100\n|\n|-heal|p2a: Great Tusk|96\/100|[from] item: Leftovers\n|upkeep\n|turn|3\n|\n|t:|1699875438\n|-end|p2a: Great Tusk|Protosynthesis|[silent]\n|switch|p2a: Amoonguss|Amoonguss, M|100\/100\n|-damage|p2a: Amoonguss|88\/100|[from] Stealth Rock\n|move|p1a: Greninja|Ice Beam|p2a: Amoonguss\n|-supereffective|p2a: Amoonguss\n|-damage|p2a: Amoonguss|37\/100\n|-enditem|p2a: Amoonguss|Red Card|[of] p1a: Greninja\n|drag|p1a: Gholdengo|Gholdengo|100\/100\n|\n|upkeep\n|turn|4\n|\n|t:|1699875448\n|switch|p2a: Heatran|Heatran, M, shiny|100\/100\n|-damage|p2a: Heatran|88\/100|[from] Stealth Rock\n|-item|p2a: Heatran|Air Balloon\n|move|p1a: Gholdengo|Nasty Plot|p1a: Gholdengo\n|-boost|p1a: Gholdengo|spa|2\n|\n|upkeep\n|turn|5\n|\n|t:|1699875456\n|move|p1a: Gholdengo|Shadow Ball|p2a: Heatran\n|-damage|p2a: Heatran|18\/100\n|-enditem|p2a: Heatran|Air Balloon\n|move|p2a: Heatran|Magma Storm|p1a: Gholdengo\n|-supereffective|p1a: Gholdengo\n|-damage|p1a: Gholdengo|0 fnt\n|faint|p1a: Gholdengo\n|\n|upkeep\n|\n|t:|1699875466\n|switch|p1a: Greninja|Greninja, M|83\/100\n|turn|6\n|\n|t:|1699875476\n|switch|p2a: Amoonguss|Amoonguss, M|71\/100\n|-damage|p2a: Amoonguss|58\/100|[from] Stealth Rock\n|move|p1a: Greninja|Dark Pulse|p2a: Amoonguss\n|-damage|p2a: Amoonguss|29\/100\n|-damage|p1a: Greninja|73\/100|[from] item: Life Orb\n|\n|upkeep\n|turn|7\n|\n|t:|1699875488\n|switch|p2a: Weavile|Weavile, M, shiny|100\/100\n|-damage|p2a: Weavile|76\/100|[from] Stealth Rock\n|move|p1a: Greninja|Ice Beam|p2a: Weavile\n|-resisted|p2a: Weavile\n|-damage|p2a: Weavile|51\/100\n|-damage|p1a: Greninja|64\/100|[from] item: Life Orb\n|\n|upkeep\n|turn|8\n|\n|t:|1699875499\n|move|p2a: Weavile|Icicle Crash|p1a: Greninja\n|-resisted|p1a: Greninja\n|-damage|p1a: Greninja|20\/100\n|move|p1a: Greninja|Surf|p2a: Weavile\n|-damage|p2a: Weavile|0 fnt\n|faint|p2a: Weavile\n|-ability|p1a: Greninja|Battle Bond|boost\n|-boost|p1a: Greninja|atk|1\n|-boost|p1a: Greninja|spa|1\n|-boost|p1a: Greninja|spe|1\n|-activate|p1a: Greninja|ability: Battle Bond\n|-damage|p1a: Greninja|11\/100|[from] item: Life Orb\n|\n|upkeep\n|\n|t:|1699875509\n|switch|p2a: Amoonguss|Amoonguss, M|62\/100\n|-damage|p2a: Amoonguss|50\/100|[from] Stealth Rock\n|turn|9\n|\n|t:|1699875516\n|-terastallize|p2a: Amoonguss|Normal\n|move|p1a: Greninja|Dark Pulse|p2a: Amoonguss\n|-damage|p2a: Amoonguss|1\/100\n|-damage|p1a: Greninja|1\/100|[from] item: Life Orb\n|move|p2a: Amoonguss|Giga Drain|p1a: Greninja\n|-supereffective|p1a: Greninja\n|-damage|p1a: Greninja|0 fnt\n|-heal|p2a: Amoonguss|2\/100|[from] drain|[of] p1a: Greninja\n|faint|p1a: Greninja\n|\n|upkeep\n|\n|t:|1699875527\n|switch|p1a: Rillaboom|Rillaboom, M|100\/100\n|-fieldstart|move: Grassy Terrain|[from] ability: Grassy Surge|[of] p1a: Rillaboom\n|turn|10\n|\n|t:|1699875532\n|switch|p2a: Enamorus|Enamorus, F|100\/100\n|move|p1a: Rillaboom|U-turn|p2a: Enamorus\n|-resisted|p2a: Enamorus\n|-damage|p2a: Enamorus|86\/100\n|\n|t:|1699875543\n|switch|p1a: Sneasler|Sneasler, F|100\/100|[from] U-turn\n|-enditem|p1a: Sneasler|Grassy Seed\n|-boost|p1a: Sneasler|def|1|[from] item: Grassy Seed\n|\n|upkeep\n|turn|11\n|\n|t:|1699875551\n|-terastallize|p1a: Sneasler|Flying\n|move|p1a: Sneasler|Swords Dance|p1a: Sneasler\n|-boost|p1a: Sneasler|atk|2\n|move|p2a: Enamorus|Moonblast|p1a: Sneasler\n|-damage|p1a: Sneasler|42\/100\n|\n|upkeep\n|turn|12\n|\n|t:|1699875558\n|move|p1a: Sneasler|Dire Claw|p2a: Enamorus\n|-supereffective|p2a: Enamorus\n|-damage|p2a: Enamorus|0 fnt\n|faint|p2a: Enamorus\n|\n|upkeep\n|\n|t:|1699875564\n|switch|p2a: Great Tusk|Great Tusk|96\/100\n|-damage|p2a: Great Tusk|93\/100|[from] Stealth Rock\n|turn|13\n|\n|t:|1699875568\n|move|p1a: Sneasler|Acrobatics|p2a: Great Tusk\n|-supereffective|p2a: Great Tusk\n|-damage|p2a: Great Tusk|0 fnt\n|faint|p2a: Great Tusk\n|-end|p2a: Great Tusk|Protosynthesis|[silent]\n|\n|upkeep\n|\n|t:|1699875570\n|switch|p2a: Dragapult|Dragapult, M|100\/100\n|turn|14\n|\n|t:|1699875576\n|move|p1a: Sneasler|Acrobatics|p2a: Dragapult\n|-damage|p2a: Dragapult|0 fnt\n|faint|p2a: Dragapult\n|\n|-fieldend|move: Grassy Terrain\n|upkeep\n|-message|100kmperhourgranny forfeited.\n|\n|win|MrMLnG\n|raw|MrMLnG's rating: 1225 &rarr; <strong>1253<\/strong><br \/>(+28 for winning)\n|raw|100kmperhourgranny's rating: 1260 &rarr; <strong>1232<\/strong><br \/>(-28 for losing)\n|l|\u2606100kmperhourgranny\n","uploadtime":1699875586,"views":10,"p1id":"mrmlng","p2id":"100kmperhourgranny","formatid":"gen9ou","rating":1232,"private":0,"password":""}