{"id":"gen9ou-1989439803","p1":"Mike41614","p2":"gcy9","format":"[Gen 9] OU","log":"|j|\u2606Mike41614\n|j|\u2606gcy9\n|t:|1699850715\n|gametype|singles\n|player|p1|Mike41614|steven|1315\n|player|p2|gcy9|266|1410\n|teamsize|p1|6\n|teamsize|p2|6\n|gen|9\n|tier|[Gen 9] OU\n|rated|\n|rule|Sleep Clause Mod: Limit one foe put to sleep\n|rule|Species Clause: Limit one of each Pok\u00e9mon\n|rule|OHKO Clause: OHKO moves are banned\n|rule|Evasion Items Clause: Evasion items are banned\n|rule|Evasion Moves Clause: Evasion moves are banned\n|rule|Endless Battle Clause: Forcing endless battles is banned\n|rule|HP Percentage Mod: HP is shown in percentages\n|clearpoke\n|poke|p1|Ribombee, F|\n|poke|p1|Grimmsnarl, M|\n|poke|p1|Great Tusk|\n|poke|p1|Dragonite, M|\n|poke|p1|Gholdengo|\n|poke|p1|Rillaboom, M|\n|poke|p2|Mandibuzz, F|\n|poke|p2|Ogerpon-Wellspring, F|\n|poke|p2|Cinderace, M|\n|poke|p2|Enamorus, F|\n|poke|p2|Gholdengo|\n|poke|p2|Great Tusk|\n|teampreview\n|inactive|Battle timer is ON: inactive players will automatically lose when time's up. (requested by Mike41614)\n|\n|t:|1699850764\n|start\n|switch|p1a: Grimmsnarl|Grimmsnarl, M, shiny|100\/100\n|switch|p2a: Cinderace|Cinderace, M|100\/100\n|turn|1\n|\n|t:|1699850776\n|move|p1a: Grimmsnarl|Reflect|p1a: Grimmsnarl\n|-sidestart|p1: Mike41614|Reflect\n|move|p2a: Cinderace|Pyro Ball|p1a: Grimmsnarl\n|-damage|p1a: Grimmsnarl|69\/100\n|\n|upkeep\n|turn|2\n|\n|t:|1699850785\n|move|p1a: Grimmsnarl|Light Screen|p1a: Grimmsnarl\n|-sidestart|p1: Mike41614|move: Light Screen\n|move|p2a: Cinderace|Pyro Ball|p1a: Grimmsnarl\n|-damage|p1a: Grimmsnarl|39\/100\n|\n|upkeep\n|turn|3\n|\n|t:|1699850789\n|move|p1a: Grimmsnarl|Taunt|p2a: Cinderace\n|-start|p2a: Cinderace|move: Taunt\n|cant|p2a: Cinderace|move: Taunt|Court Change\n|\n|upkeep\n|turn|4\n|\n|t:|1699850794\n|switch|p1a: Ribombee|Ribombee, F|100\/100\n|move|p2a: Cinderace|Pyro Ball|p1a: Ribombee\n|-supereffective|p1a: Ribombee\n|-damage|p1a: Ribombee|35\/100\n|\n|upkeep\n|turn|5\n|\n|t:|1699850801\n|-terastallize|p1a: Ribombee|Fire\n|move|p2a: Cinderace|Pyro Ball|p1a: Ribombee\n|-resisted|p1a: Ribombee\n|-damage|p1a: Ribombee|17\/100\n|move|p1a: Ribombee|Quiver Dance|p1a: Ribombee\n|-boost|p1a: Ribombee|spa|1\n|-boost|p1a: Ribombee|spd|1\n|-boost|p1a: Ribombee|spe|1\n|\n|-end|p2a: Cinderace|move: Taunt\n|upkeep\n|turn|6\n|\n|t:|1699850815\n|move|p1a: Ribombee|Stored Power|p2a: Cinderace\n|-damage|p2a: Cinderace|50\/100\n|-damage|p1a: Ribombee|8\/100|[from] item: Life Orb\n|move|p2a: Cinderace|Court Change|p2a: Cinderace\n|-start|p2a: Cinderace|typechange|Normal|[from] ability: Libero\n|-swapsideconditions\n|-activate|p2a: Cinderace|move: Court Change\n|\n|upkeep\n|turn|7\n|\n|t:|1699850825\n|move|p1a: Ribombee|Draining Kiss|p2a: Cinderace\n|-damage|p2a: Cinderace|27\/100\n|-heal|p1a: Ribombee|24\/100|[from] drain|[of] p2a: Cinderace\n|-damage|p1a: Ribombee|14\/100|[from] item: Life Orb\n|move|p2a: Cinderace|U-turn|p1a: Ribombee\n|-resisted|p1a: Ribombee\n|-damage|p1a: Ribombee|0 fnt\n|faint|p1a: Ribombee\n|\n|t:|1699850840\n|switch|p2a: Enamorus|Enamorus, F|100\/100|[from] U-turn\n|\n|upkeep\n|\n|t:|1699850842\n|switch|p1a: Grimmsnarl|Grimmsnarl, M, shiny|39\/100\n|turn|8\n|\n|t:|1699850846\n|move|p1a: Grimmsnarl|Light Screen|p1a: Grimmsnarl\n|-sidestart|p1: Mike41614|move: Light Screen\n|move|p2a: Enamorus|Moonblast|p1a: Grimmsnarl\n|-supereffective|p1a: Grimmsnarl\n|-damage|p1a: Grimmsnarl|0 fnt\n|faint|p1a: Grimmsnarl\n|\n|-sideend|p2: gcy9|Reflect\n|upkeep\n|\n|t:|1699850859\n|switch|p1a: Gholdengo|Gholdengo|100\/100\n|turn|9\n|inactive|gcy9 has 120 seconds left.\n|\n|t:|1699850891\n|switch|p2a: Cinderace|Cinderace, M|27\/100\n|move|p1a: Gholdengo|Substitute|p1a: Gholdengo\n|-start|p1a: Gholdengo|Substitute\n|-damage|p1a: Gholdengo|75\/100\n|\n|-sideend|p2: gcy9|move: Light Screen\n|upkeep\n|turn|10\n|\n|t:|1699850895\n|move|p2a: Cinderace|Court Change|p2a: Cinderace\n|-start|p2a: Cinderace|typechange|Normal|[from] ability: Libero\n|-swapsideconditions\n|-activate|p2a: Cinderace|move: Court Change\n|move|p1a: Gholdengo|Nasty Plot|p1a: Gholdengo\n|-boost|p1a: Gholdengo|spa|2\n|\n|upkeep\n|turn|11\n|\n|t:|1699850901\n|move|p2a: Cinderace|Pyro Ball|p1a: Gholdengo\n|-supereffective|p1a: Gholdengo\n|-end|p1a: Gholdengo|Substitute\n|move|p1a: Gholdengo|Nasty Plot|p1a: Gholdengo\n|-boost|p1a: Gholdengo|spa|2\n|\n|upkeep\n|turn|12\n|\n|t:|1699850908\n|move|p2a: Cinderace|Pyro Ball|p1a: Gholdengo\n|-supereffective|p1a: Gholdengo\n|-damage|p1a: Gholdengo|0 fnt\n|faint|p1a: Gholdengo\n|\n|upkeep\n|\n|t:|1699850912\n|switch|p1a: Dragonite|Dragonite, M|100\/100\n|turn|13\n|\n|t:|1699850916\n|move|p2a: Cinderace|Sucker Punch||[still]\n|-fail|p2a: Cinderace\n|move|p1a: Dragonite|Dragon Dance|p1a: Dragonite\n|-boost|p1a: Dragonite|atk|1\n|-boost|p1a: Dragonite|spe|1\n|\n|upkeep\n|turn|14\n|\n|t:|1699850920\n|move|p2a: Cinderace|Pyro Ball|p1a: Dragonite\n|-resisted|p1a: Dragonite\n|-damage|p1a: Dragonite|90\/100\n|move|p1a: Dragonite|Dragon Dance|p1a: Dragonite\n|-boost|p1a: Dragonite|atk|1\n|-boost|p1a: Dragonite|spe|1\n|\n|upkeep\n|turn|15\n|\n|t:|1699850927\n|move|p1a: Dragonite|Dragon Dance|p1a: Dragonite\n|-boost|p1a: Dragonite|atk|1\n|-boost|p1a: Dragonite|spe|1\n|move|p2a: Cinderace|U-turn|p1a: Dragonite\n|-resisted|p1a: Dragonite\n|-damage|p1a: Dragonite|78\/100\n|\n|t:|1699850930\n|switch|p2a: Mandibuzz|Mandibuzz, F|100\/100|[from] U-turn\n|\n|-sideend|p2: gcy9|move: Light Screen\n|upkeep\n|turn|16\n|\n|t:|1699850933\n|move|p1a: Dragonite|Ice Spinner|p2a: Mandibuzz\n|-supereffective|p2a: Mandibuzz\n|-damage|p2a: Mandibuzz|12\/100\n|move|p2a: Mandibuzz|Foul Play|p1a: Dragonite\n|-damage|p1a: Dragonite|0 fnt\n|faint|p1a: Dragonite\n|\n|upkeep\n|\n|t:|1699850940\n|switch|p1a: Rillaboom|Rillaboom, M|100\/100\n|-fieldstart|move: Grassy Terrain|[from] ability: Grassy Surge|[of] p1a: Rillaboom\n|turn|17\n|\n|t:|1699850946\n|move|p1a: Rillaboom|Swords Dance|p1a: Rillaboom\n|-boost|p1a: Rillaboom|atk|2\n|move|p2a: Mandibuzz|Roost|p2a: Mandibuzz\n|-heal|p2a: Mandibuzz|62\/100\n|-singleturn|p2a: Mandibuzz|move: Roost\n|\n|-heal|p2a: Mandibuzz|68\/100|[from] Grassy Terrain\n|upkeep\n|turn|18\n|\n|t:|1699850957\n|move|p1a: Rillaboom|Drain Punch|p2a: Mandibuzz\n|-damage|p2a: Mandibuzz|24\/100\n|-damage|p1a: Rillaboom|91\/100|[from] item: Life Orb\n|move|p2a: Mandibuzz|Foul Play|p1a: Rillaboom\n|-damage|p1a: Rillaboom|0 fnt\n|faint|p1a: Rillaboom\n|\n|upkeep\n|-message|Mike41614 forfeited.\n|\n|win|gcy9\n|raw|Mike41614's rating: 1315 &rarr; <strong>1300<\/strong><br \/>(-15 for losing)\n|raw|gcy9's rating: 1410 &rarr; <strong>1425<\/strong><br \/>(+15 for winning)\n|l|\u2606Mike41614\n","uploadtime":1699850971,"views":10,"p1id":"mike41614","p2id":"gcy9","formatid":"gen9ou","rating":1300,"private":0,"password":""}