{"id":"gen9ou-1990507805","p1":"bnnnnkai","p2":"No Policy","format":"[Gen 9] OU","log":"|j|\u203dbnnnnkai\n|j|\u2606No Policy\n|t:|1699977179\n|gametype|singles\n|player|p1|bnnnnkai|1|1000\n|player|p2|No Policy|170|1011\n|teamsize|p1|6\n|teamsize|p2|6\n|gen|9\n|tier|[Gen 9] OU\n|rated|\n|rule|Sleep Clause Mod: Limit one foe put to sleep\n|rule|Species Clause: Limit one of each Pok\u00e9mon\n|rule|OHKO Clause: OHKO moves are banned\n|rule|Evasion Items Clause: Evasion items are banned\n|rule|Evasion Moves Clause: Evasion moves are banned\n|rule|Endless Battle Clause: Forcing endless battles is banned\n|rule|HP Percentage Mod: HP is shown in percentages\n|clearpoke\n|poke|p1|Raichu, M|\n|poke|p1|Flareon, M|\n|poke|p1|Poliwrath, M|\n|poke|p1|Dugtrio, M|\n|poke|p1|Dragonite, M|\n|poke|p1|Gengar, M|\n|poke|p2|Tatsugiri, M|\n|poke|p2|Decidueye-Hisui, M|\n|poke|p2|Heatran, M|\n|poke|p2|Blissey, F|\n|poke|p2|Weezing-Galar, M|\n|poke|p2|Great Tusk|\n|teampreview\n|\n|t:|1699977188\n|start\n|switch|p1a: Dugtrio|Dugtrio, M|100\/100\n|switch|p2a: Heatran|Heatran, M|100\/100\n|turn|1\n|inactive|Battle timer is ON: inactive players will automatically lose when time's up. (requested by No Policy)\n|\n|t:|1699977195\n|switch|p2a: Great Tusk|Great Tusk|100\/100\n|-enditem|p2a: Great Tusk|Booster Energy\n|-activate|p2a: Great Tusk|ability: Protosynthesis|[fromitem]\n|-start|p2a: Great Tusk|protosynthesisatk\n|move|p1a: Dugtrio|Stealth Rock|p2a: Great Tusk\n|-sidestart|p2: No Policy|move: Stealth Rock\n|\n|upkeep\n|turn|2\n|\n|t:|1699977202\n|switch|p1a: Gengar|Gengar, M|100\/100\n|move|p2a: Great Tusk|Earthquake|p1a: Gengar\n|-supereffective|p1a: Gengar\n|-damage|p1a: Gengar|0 fnt\n|faint|p1a: Gengar\n|\n|upkeep\n|\n|t:|1699977215\n|switch|p1a: Poliwrath|Poliwrath, M|100\/100\n|turn|3\n|\n|t:|1699977219\n|-end|p2a: Great Tusk|Protosynthesis|[silent]\n|switch|p2a: Tatsugiri|Tatsugiri, M|100\/100\n|-damage|p2a: Tatsugiri|88\/100|[from] Stealth Rock\n|move|p1a: Poliwrath|Rain Dance|p1a: Poliwrath\n|-weather|RainDance\n|\n|-weather|RainDance|[upkeep]\n|-heal|p2a: Tatsugiri|94\/100|[from] item: Leftovers\n|upkeep\n|turn|4\n|\n|t:|1699977228\n|move|p1a: Poliwrath|Ice Punch|p2a: Tatsugiri\n|-damage|p2a: Tatsugiri|50\/100\n|move|p2a: Tatsugiri|Draco Meteor|p1a: Poliwrath\n|-damage|p1a: Poliwrath|30\/100\n|-unboost|p2a: Tatsugiri|spa|2\n|\n|-weather|RainDance|[upkeep]\n|-heal|p1a: Poliwrath|36\/100|[from] item: Leftovers\n|-heal|p2a: Tatsugiri|56\/100|[from] item: Leftovers\n|upkeep\n|turn|5\n|\n|t:|1699977239\n|switch|p2a: Weezing|Weezing-Galar, M|100\/100\n|-ability|p2a: Weezing|Neutralizing Gas\n|-damage|p2a: Weezing|88\/100|[from] Stealth Rock\n|move|p1a: Poliwrath|Drain Punch|p2a: Weezing\n|-resisted|p2a: Weezing\n|-crit|p2a: Weezing\n|-damage|p2a: Weezing|76\/100\n|-heal|p1a: Poliwrath|42\/100|[from] drain|[of] p2a: Weezing\n|\n|-weather|RainDance|[upkeep]\n|-heal|p1a: Poliwrath|48\/100|[from] item: Leftovers\n|-heal|p2a: Weezing|82\/100|[from] item: Leftovers\n|upkeep\n|turn|6\n|\n|t:|1699977245\n|-terastallize|p1a: Poliwrath|Water\n|move|p1a: Poliwrath|Waterfall|p2a: Weezing\n|-damage|p2a: Weezing|13\/100\n|cant|p2a: Weezing|flinch\n|\n|-weather|RainDance|[upkeep]\n|-heal|p1a: Poliwrath|54\/100|[from] item: Leftovers\n|-heal|p2a: Weezing|19\/100|[from] item: Leftovers\n|upkeep\n|turn|7\n|\n|t:|1699977252\n|move|p1a: Poliwrath|Waterfall|p2a: Weezing\n|-crit|p2a: Weezing\n|-damage|p2a: Weezing|0 fnt\n|faint|p2a: Weezing\n|-end|p2a: Weezing|ability: Neutralizing Gas\n|\n|-weather|none\n|-heal|p1a: Poliwrath|60\/100|[from] item: Leftovers\n|upkeep\n|\n|t:|1699977259\n|switch|p2a: Tatsugiri|Tatsugiri, M|56\/100\n|-damage|p2a: Tatsugiri|44\/100|[from] Stealth Rock\n|turn|8\n|\n|t:|1699977272\n|switch|p1a: Raichu|Raichu, M|100\/100\n|move|p2a: Tatsugiri|Draco Meteor|p1a: Raichu\n|-damage|p1a: Raichu|0 fnt\n|-unboost|p2a: Tatsugiri|spa|2\n|faint|p1a: Raichu\n|\n|-heal|p2a: Tatsugiri|50\/100|[from] item: Leftovers\n|upkeep\n|\n|t:|1699977289\n|switch|p1a: Flareon|Flareon, M|100\/100\n|turn|9\n|\n|t:|1699977295\n|move|p1a: Flareon|Quick Attack|p2a: Tatsugiri\n|-damage|p2a: Tatsugiri|23\/100\n|move|p2a: Tatsugiri|Surf|p1a: Flareon\n|-supereffective|p1a: Flareon\n|-damage|p1a: Flareon|48\/100\n|\n|-heal|p2a: Tatsugiri|29\/100|[from] item: Leftovers\n|upkeep\n|turn|10\n|\n|t:|1699977300\n|move|p1a: Flareon|Quick Attack|p2a: Tatsugiri\n|-damage|p2a: Tatsugiri|2\/100\n|move|p2a: Tatsugiri|Surf|p1a: Flareon\n|-supereffective|p1a: Flareon\n|-damage|p1a: Flareon|0 fnt\n|faint|p1a: Flareon\n|\n|-heal|p2a: Tatsugiri|8\/100|[from] item: Leftovers\n|upkeep\n|\n|t:|1699977308\n|switch|p1a: Dugtrio|Dugtrio, M|100\/100\n|turn|11\n|\n|t:|1699977315\n|switch|p2a: Great Tusk|Great Tusk|100\/100\n|-damage|p2a: Great Tusk|97\/100|[from] Stealth Rock\n|move|p1a: Dugtrio|Earthquake|p2a: Great Tusk\n|-damage|p2a: Great Tusk|72\/100\n|\n|upkeep\n|turn|12\n|\n|t:|1699977319\n|move|p1a: Dugtrio|Swords Dance|p1a: Dugtrio\n|-boost|p1a: Dugtrio|atk|2\n|move|p2a: Great Tusk|Rapid Spin|p1a: Dugtrio\n|-damage|p1a: Dugtrio|78\/100\n|-boost|p2a: Great Tusk|spe|1\n|-sideend|p2: No Policy|Stealth Rock|[from] move: Rapid Spin|[of] p2a: Great Tusk\n|\n|upkeep\n|turn|13\n|\n|t:|1699977326\n|move|p2a: Great Tusk|Bulk Up|p2a: Great Tusk\n|-boost|p2a: Great Tusk|atk|1\n|-boost|p2a: Great Tusk|def|1\n|move|p1a: Dugtrio|Earthquake|p2a: Great Tusk\n|-damage|p2a: Great Tusk|43\/100\n|\n|upkeep\n|turn|14\n|\n|t:|1699977331\n|move|p2a: Great Tusk|Earthquake|p1a: Dugtrio\n|-crit|p1a: Dugtrio\n|-damage|p1a: Dugtrio|0 fnt\n|faint|p1a: Dugtrio\n|\n|upkeep\n|\n|t:|1699977339\n|switch|p1a: Dragonite|Dragonite, M|100\/100\n|turn|15\n|\n|t:|1699977349\n|-end|p2a: Great Tusk|Protosynthesis|[silent]\n|switch|p2a: Heatran|Heatran, M|100\/100\n|move|p1a: Dragonite|Rain Dance|p1a: Dragonite\n|-weather|RainDance\n|\n|-weather|RainDance|[upkeep]\n|upkeep\n|turn|16\n|\n|t:|1699977352\n|move|p1a: Dragonite|Hydro Pump|p2a: Heatran\n|-supereffective|p2a: Heatran\n|-damage|p2a: Heatran|28\/100\n|move|p2a: Heatran|Will-O-Wisp|p1a: Dragonite\n|-status|p1a: Dragonite|brn\n|\n|-weather|RainDance|[upkeep]\n|-heal|p2a: Heatran|35\/100|[from] item: Leftovers\n|-damage|p1a: Dragonite|94\/100 brn|[from] brn\n|upkeep\n|turn|17\n|\n|t:|1699977356\n|move|p1a: Dragonite|Hydro Pump|p2a: Heatran\n|-supereffective|p2a: Heatran\n|-damage|p2a: Heatran|0 fnt\n|faint|p2a: Heatran\n|\n|-weather|RainDance|[upkeep]\n|-damage|p1a: Dragonite|88\/100 brn|[from] brn\n|upkeep\n|\n|t:|1699977358\n|switch|p2a: Blissey|Blissey, F|100\/100\n|turn|18\n|\n|t:|1699977367\n|switch|p1a: Poliwrath|Poliwrath, M, tera:Water|60\/100\n|move|p2a: Blissey|Thunder Wave|p1a: Poliwrath\n|-status|p1a: Poliwrath|par\n|\n|-weather|RainDance|[upkeep]\n|-heal|p1a: Poliwrath|67\/100 par|[from] item: Leftovers\n|upkeep\n|turn|19\n|\n|t:|1699977370\n|move|p1a: Poliwrath|Drain Punch|p2a: Blissey\n|-supereffective|p2a: Blissey\n|-damage|p2a: Blissey|0 fnt\n|-heal|p1a: Poliwrath|100\/100 par|[from] drain|[of] p2a: Blissey\n|faint|p2a: Blissey\n|\n|-weather|RainDance|[upkeep]\n|upkeep\n|\n|t:|1699977381\n|switch|p2a: Decidueye|Decidueye-Hisui, M|100\/100\n|turn|20\n|\n|t:|1699977392\n|switch|p1a: Dragonite|Dragonite, M|88\/100 brn\n|-terastallize|p2a: Decidueye|Ghost\n|move|p2a: Decidueye|Swords Dance|p2a: Decidueye\n|-boost|p2a: Decidueye|atk|2\n|\n|-weather|RainDance|[upkeep]\n|-damage|p1a: Dragonite|82\/100 brn|[from] brn\n|upkeep\n|turn|21\n|\n|t:|1699977399\n|move|p1a: Dragonite|Thunder|p2a: Decidueye\n|-damage|p2a: Decidueye|63\/100\n|move|p2a: Decidueye|Knock Off|p1a: Dragonite\n|-damage|p1a: Dragonite|8\/100 brn\n|-enditem|p1a: Dragonite|Damp Rock|[from] move: Knock Off|[of] p2a: Decidueye\n|-damage|p2a: Decidueye|53\/100|[from] item: Life Orb\n|\n|-weather|RainDance|[upkeep]\n|-damage|p1a: Dragonite|1\/100 brn|[from] brn\n|upkeep\n|turn|22\n|\n|t:|1699977407\n|move|p2a: Decidueye|Shadow Sneak|p1a: Dragonite\n|-damage|p1a: Dragonite|0 fnt\n|faint|p1a: Dragonite\n|-damage|p2a: Decidueye|44\/100|[from] item: Life Orb\n|\n|-weather|none\n|upkeep\n|\n|t:|1699977410\n|switch|p1a: Poliwrath|Poliwrath, M, tera:Water|100\/100 par\n|turn|23\n|\n|t:|1699977418\n|move|p2a: Decidueye|Shadow Sneak|p1a: Poliwrath\n|-damage|p1a: Poliwrath|48\/100 par\n|-damage|p2a: Decidueye|34\/100|[from] item: Life Orb\n|move|p1a: Poliwrath|Waterfall|p2a: Decidueye\n|-damage|p2a: Decidueye|0 fnt\n|faint|p2a: Decidueye\n|\n|-heal|p1a: Poliwrath|55\/100 par|[from] item: Leftovers\n|upkeep\n|\n|t:|1699977421\n|switch|p2a: Great Tusk|Great Tusk|43\/100\n|turn|24\n|\n|t:|1699977425\n|move|p2a: Great Tusk|Close Combat|p1a: Poliwrath\n|-damage|p1a: Poliwrath|0 fnt\n|-unboost|p2a: Great Tusk|def|1\n|-unboost|p2a: Great Tusk|spd|1\n|faint|p1a: Poliwrath\n|\n|win|No Policy\n|raw|bnnnnkai's rating: 1000 &rarr; <strong>1000<\/strong><br \/>(+0 for losing)\n|raw|No Policy's rating: 1011 &rarr; <strong>1048<\/strong><br \/>(+37 for winning)\n|l|\u203dbnnnnkai\n","uploadtime":1699977443,"views":8,"p1id":"bnnnnkai","p2id":"nopolicy","formatid":"gen9ou","rating":1000,"private":0,"password":""}