{"id":"gen9ou-1996469859","p1":"punkmag","p2":"Jack le pillard","format":"[Gen 9] OU","log":"|j|\u2606punkmag\n|j|\u2606Jack le pillard\n|t:|1700685091\n|gametype|singles\n|player|p1|punkmag|waitress-gen4|1264\n|player|p2|Jack le pillard|burglar|1165\n|teamsize|p1|6\n|teamsize|p2|6\n|gen|9\n|tier|[Gen 9] OU\n|rated|\n|rule|Sleep Clause Mod: Limit one foe put to sleep\n|rule|Species Clause: Limit one of each Pok\u00e9mon\n|rule|OHKO Clause: OHKO moves are banned\n|rule|Evasion Items Clause: Evasion items are banned\n|rule|Evasion Moves Clause: Evasion moves are banned\n|rule|Endless Battle Clause: Forcing endless battles is banned\n|rule|HP Percentage Mod: HP is shown in percentages\n|clearpoke\n|poke|p1|Ogerpon-Wellspring, F|\n|poke|p1|Rillaboom, F|\n|poke|p1|Iron Moth|\n|poke|p1|Iron Valiant|\n|poke|p1|Dragonite, M|\n|poke|p1|Mandibuzz, F|\n|poke|p2|Dragapult, M|\n|poke|p2|Greninja-*, M|\n|poke|p2|Dragonite, M|\n|poke|p2|Iron Moth|\n|poke|p2|Rillaboom, F|\n|poke|p2|Ting-Lu|\n|teampreview\n|inactive|Battle timer is ON: inactive players will automatically lose when time's up. (requested by punkmag)\n|\n|t:|1700685118\n|start\n|switch|p1a: Pinecones|Rillaboom, F|100\/100\n|switch|p2a: Ting-Lu|Ting-Lu|100\/100\n|-fieldstart|move: Grassy Terrain|[from] ability: Grassy Surge|[of] p1a: Pinecones\n|-ability|p2a: Ting-Lu|Vessel of Ruin\n|turn|1\n|\n|t:|1700685144\n|move|p1a: Pinecones|Swords Dance|p1a: Pinecones\n|-boost|p1a: Pinecones|atk|2\n|move|p2a: Ting-Lu|Stealth Rock|p1a: Pinecones\n|-sidestart|p1: punkmag|move: Stealth Rock\n|\n|upkeep\n|turn|2\n|\n|t:|1700685149\n|move|p1a: Pinecones|Grassy Glide|p2a: Ting-Lu\n|-supereffective|p2a: Ting-Lu\n|-damage|p2a: Ting-Lu|14\/100\n|move|p2a: Ting-Lu|Whirlwind|p1a: Pinecones\n|drag|p1a: Clash at Iron Head|Iron Moth|100\/100\n|-damage|p1a: Clash at Iron Head|76\/100|[from] Stealth Rock\n|-enditem|p1a: Clash at Iron Head|Booster Energy\n|-activate|p1a: Clash at Iron Head|ability: Quark Drive|[fromitem]\n|-start|p1a: Clash at Iron Head|quarkdrivespa\n|\n|-heal|p1a: Clash at Iron Head|82\/100|[from] Grassy Terrain\n|-heal|p2a: Ting-Lu|20\/100|[from] Grassy Terrain\n|-heal|p2a: Ting-Lu|26\/100|[from] item: Leftovers\n|upkeep\n|turn|3\n|\n|t:|1700685166\n|move|p1a: Clash at Iron Head|Energy Ball|p2a: Ting-Lu\n|-supereffective|p2a: Ting-Lu\n|-damage|p2a: Ting-Lu|0 fnt\n|faint|p2a: Ting-Lu\n|\n|-heal|p1a: Clash at Iron Head|88\/100|[from] Grassy Terrain\n|upkeep\n|\n|t:|1700685177\n|switch|p2a: Iron Moth|Iron Moth|100\/100\n|-enditem|p2a: Iron Moth|Booster Energy\n|-activate|p2a: Iron Moth|ability: Quark Drive|[fromitem]\n|-start|p2a: Iron Moth|quarkdrivespe\n|turn|4\n|\n|t:|1700685185\n|move|p2a: Iron Moth|Sludge Wave|p1a: Clash at Iron Head\n|-resisted|p1a: Clash at Iron Head\n|-crit|p1a: Clash at Iron Head\n|-damage|p1a: Clash at Iron Head|52\/100\n|move|p1a: Clash at Iron Head|Substitute|p1a: Clash at Iron Head\n|-start|p1a: Clash at Iron Head|Substitute\n|-damage|p1a: Clash at Iron Head|27\/100\n|\n|-heal|p1a: Clash at Iron Head|33\/100|[from] Grassy Terrain\n|upkeep\n|turn|5\n|\n|t:|1700685197\n|move|p2a: Iron Moth|Fiery Dance|p1a: Clash at Iron Head\n|-resisted|p1a: Clash at Iron Head\n|-activate|p1a: Clash at Iron Head|move: Substitute|[damage]\n|-boost|p2a: Iron Moth|spa|1\n|move|p1a: Clash at Iron Head|Fiery Dance|p2a: Iron Moth\n|-resisted|p2a: Iron Moth\n|-damage|p2a: Iron Moth|73\/100\n|\n|-heal|p2a: Iron Moth|79\/100|[from] Grassy Terrain\n|-heal|p1a: Clash at Iron Head|39\/100|[from] Grassy Terrain\n|-fieldend|move: Grassy Terrain\n|upkeep\n|turn|6\n|\n|t:|1700685208\n|move|p2a: Iron Moth|Fiery Dance|p1a: Clash at Iron Head\n|-resisted|p1a: Clash at Iron Head\n|-end|p1a: Clash at Iron Head|Substitute\n|-boost|p2a: Iron Moth|spa|1\n|move|p1a: Clash at Iron Head|Sludge Wave|p2a: Iron Moth\n|-resisted|p2a: Iron Moth\n|-damage|p2a: Iron Moth|42\/100\n|\n|upkeep\n|turn|7\n|\n|t:|1700685216\n|move|p2a: Iron Moth|Dazzling Gleam|p1a: Clash at Iron Head\n|-resisted|p1a: Clash at Iron Head\n|-damage|p1a: Clash at Iron Head|25\/100\n|move|p1a: Clash at Iron Head|Sludge Wave|p2a: Iron Moth\n|-resisted|p2a: Iron Moth\n|-damage|p2a: Iron Moth|8\/100\n|\n|upkeep\n|turn|8\n|\n|t:|1700685224\n|move|p2a: Iron Moth|Sludge Wave|p1a: Clash at Iron Head\n|-resisted|p1a: Clash at Iron Head\n|-damage|p1a: Clash at Iron Head|0 fnt\n|faint|p1a: Clash at Iron Head\n|-end|p1a: Clash at Iron Head|Quark Drive|[silent]\n|\n|upkeep\n|\n|t:|1700685231\n|switch|p1a: Pinecones|Rillaboom, F|100\/100\n|-fieldstart|move: Grassy Terrain|[from] ability: Grassy Surge|[of] p1a: Pinecones\n|turn|9\n|\n|t:|1700685249\n|-end|p2a: Iron Moth|Quark Drive|[silent]\n|switch|p2a: Dragapult|Dragapult, M|100\/100\n|move|p1a: Pinecones|Grassy Glide|p2a: Dragapult\n|-resisted|p2a: Dragapult\n|-damage|p2a: Dragapult|76\/100\n|\n|-heal|p2a: Dragapult|82\/100|[from] Grassy Terrain\n|upkeep\n|turn|10\n|\n|t:|1700685258\n|move|p2a: Dragapult|U-turn|p1a: Pinecones\n|-supereffective|p1a: Pinecones\n|-damage|p1a: Pinecones|45\/100\n|\n|t:|1700685276\n|switch|p2a: Rillaboom|Rillaboom, F|100\/100|[from] U-turn\n|move|p1a: Pinecones|Knock Off|p2a: Rillaboom\n|-damage|p2a: Rillaboom|63\/100\n|-enditem|p2a: Rillaboom|Miracle Seed|[from] move: Knock Off|[of] p1a: Pinecones\n|\n|-heal|p1a: Pinecones|52\/100|[from] Grassy Terrain\n|-heal|p2a: Rillaboom|69\/100|[from] Grassy Terrain\n|upkeep\n|turn|11\n|\n|t:|1700685287\n|move|p1a: Pinecones|U-turn|p2a: Rillaboom\n|-supereffective|p2a: Rillaboom\n|-damage|p2a: Rillaboom|16\/100\n|\n|t:|1700685294\n|switch|p1a: Mandibuzz|Mandibuzz, F|100\/100|[from] U-turn\n|-damage|p1a: Mandibuzz|76\/100|[from] Stealth Rock\n|move|p2a: Rillaboom|Swords Dance|p2a: Rillaboom\n|-boost|p2a: Rillaboom|atk|2\n|\n|-heal|p2a: Rillaboom|22\/100|[from] Grassy Terrain\n|upkeep\n|turn|12\n|\n|t:|1700685307\n|move|p2a: Rillaboom|Grassy Glide|p1a: Mandibuzz\n|-resisted|p1a: Mandibuzz\n|-damage|p1a: Mandibuzz|53\/100\n|-damage|p2a: Rillaboom|6\/100|[from] item: Rocky Helmet|[of] p1a: Mandibuzz\n|move|p1a: Mandibuzz|Foul Play|p2a: Rillaboom\n|-damage|p2a: Rillaboom|0 fnt\n|faint|p2a: Rillaboom\n|\n|upkeep\n|\n|t:|1700685320\n|switch|p2a: Greninja|Greninja, M|100\/100\n|turn|13\n|\n|t:|1700685330\n|switch|p1a: Orge Flowers|Ogerpon-Wellspring, F|100\/100\n|-damage|p1a: Orge Flowers|88\/100|[from] Stealth Rock\n|move|p2a: Greninja|Ice Beam|p1a: Orge Flowers\n|-damage|p1a: Orge Flowers|58\/100\n|\n|-heal|p1a: Orge Flowers|64\/100|[from] Grassy Terrain\n|-fieldend|move: Grassy Terrain\n|upkeep\n|turn|14\n|inactive|Jack le pillard has 120 seconds left.\n|\n|t:|1700685374\n|move|p2a: Greninja|Dark Pulse|p1a: Orge Flowers\n|-damage|p1a: Orge Flowers|22\/100\n|move|p1a: Orge Flowers|Horn Leech|p2a: Greninja\n|-supereffective|p2a: Greninja\n|-damage|p2a: Greninja|0 fnt\n|-heal|p1a: Orge Flowers|69\/100|[from] drain|[of] p2a: Greninja\n|faint|p2a: Greninja\n|\n|upkeep\n|l|\u2606Jack le pillard\n|inactive|Jack le pillard disconnected and has a minute to reconnect!\n|player|p2|\n|inactive|Jack le pillard has 30 seconds to reconnect!\n|inactive|Jack le pillard has 20 seconds to reconnect!\n|inactive|Jack le pillard has 15 seconds to reconnect!\n|inactive|Jack le pillard has 10 seconds to reconnect!\n|inactive|Jack le pillard has 5 seconds to reconnect!\n|-message|Jack le pillard lost due to inactivity.\n|\n|win|punkmag\n|raw|punkmag's rating: 1264 &rarr; <strong>1282<\/strong><br \/>(+18 for winning)\n|raw|Jack le pillard's rating: 1165 &rarr; <strong>1147<\/strong><br \/>(-18 for losing)\n|c|\u2606punkmag|this site needs to put   people who do this at the bottom of the queue\n|c|\u2606punkmag|geez\n|c|\u2606punkmag|game.\n","uploadtime":1700685463,"views":2,"p1id":"punkmag","p2id":"jacklepillard","formatid":"gen9ou","rating":1147,"private":0,"password":""}