{"id":"gen9ou-1991722041","p1":"grass knot zygarde","p2":"befi","format":"[Gen 9] OU","log":"|j|\u2606grass knot zygarde\n|j|\u2606befi\n|t:|1700106957\n|gametype|singles\n|player|p1|grass knot zygarde|dawn|1492\n|player|p2|befi|marshal|1501\n|teamsize|p1|6\n|teamsize|p2|6\n|gen|9\n|tier|[Gen 9] OU\n|rated|\n|rule|Sleep Clause Mod: Limit one foe put to sleep\n|rule|Species Clause: Limit one of each Pok\u00e9mon\n|rule|OHKO Clause: OHKO moves are banned\n|rule|Evasion Items Clause: Evasion items are banned\n|rule|Evasion Moves Clause: Evasion moves are banned\n|rule|Endless Battle Clause: Forcing endless battles is banned\n|rule|HP Percentage Mod: HP is shown in percentages\n|clearpoke\n|poke|p1|Ting-Lu|\n|poke|p1|Gholdengo|\n|poke|p1|Toxapex, F|\n|poke|p1|Dragonite, M|\n|poke|p1|Iron Valiant|\n|poke|p1|Great Tusk|\n|poke|p2|Ninetales-Alola, M|\n|poke|p2|Dragonite, F|\n|poke|p2|Enamorus, F|\n|poke|p2|Glimmora, F|\n|poke|p2|Gholdengo|\n|poke|p2|Kingambit, M|\n|teampreview\n|inactive|Battle timer is ON: inactive players will automatically lose when time's up. (requested by befi)\n|inactive|grass knot zygarde also wants the timer to be on.\n|inactive|befi has 120 seconds left.\n|\n|t:|1700106997\n|start\n|switch|p1a: Gholdengo|Gholdengo, shiny|100\/100\n|switch|p2a: Glimmora|Glimmora, F|100\/100\n|turn|1\n|\n|t:|1700107005\n|move|p2a: Glimmora|Earth Power|p1a: Gholdengo\n|-supereffective|p1a: Gholdengo\n|-damage|p1a: Gholdengo|44\/100\n|move|p1a: Gholdengo|Shadow Ball|p2a: Glimmora\n|-damage|p2a: Glimmora|50\/100\n|-unboost|p2a: Glimmora|spd|1\n|\n|-heal|p1a: Gholdengo|50\/100|[from] item: Leftovers\n|upkeep\n|turn|2\n|inactive|grass knot zygarde has 120 seconds left.\n|\n|t:|1700107045\n|switch|p1a: Iron Valiant|Iron Valiant, shiny|100\/100\n|move|p2a: Glimmora|Mortal Spin|p1a: Iron Valiant\n|-supereffective|p1a: Iron Valiant\n|-damage|p1a: Iron Valiant|86\/100\n|-status|p1a: Iron Valiant|psn\n|\n|-damage|p1a: Iron Valiant|74\/100 psn|[from] psn\n|upkeep\n|turn|3\n|inactive|grass knot zygarde has 120 seconds left.\n|\n|t:|1700107070\n|move|p1a: Iron Valiant|Moonblast|p2a: Glimmora\n|-resisted|p2a: Glimmora\n|-damage|p2a: Glimmora|0 fnt\n|faint|p2a: Glimmora\n|\n|-damage|p1a: Iron Valiant|61\/100 psn|[from] psn\n|upkeep\n|inactive|befi has 120 seconds left.\n|\n|t:|1700107086\n|switch|p2a: Gholdengo|Gholdengo|100\/100\n|-item|p2a: Gholdengo|Air Balloon\n|turn|4\n|inactive|befi has 120 seconds left.\n|\n|t:|1700107101\n|-end|p1a: Iron Valiant|Quark Drive|[silent]\n|switch|p1a: Toxapex|Toxapex, F, shiny|100\/100\n|move|p2a: Gholdengo|Nasty Plot|p2a: Gholdengo\n|-boost|p2a: Gholdengo|spa|2\n|\n|upkeep\n|turn|5\n|inactive|befi has 120 seconds left.\n|\n|t:|1700107115\n|move|p2a: Gholdengo|Shadow Ball|p1a: Toxapex\n|-damage|p1a: Toxapex|47\/100\n|move|p1a: Toxapex|Haze|p1a: Toxapex\n|-clearallboost\n|\n|upkeep\n|turn|6\n|\n|t:|1700107119\n|move|p2a: Gholdengo|Nasty Plot|p2a: Gholdengo\n|-boost|p2a: Gholdengo|spa|2\n|move|p1a: Toxapex|Recover|p1a: Toxapex\n|-heal|p1a: Toxapex|97\/100\n|\n|upkeep\n|turn|7\n|inactive|grass knot zygarde has 120 seconds left.\n|\n|t:|1700107159\n|move|p2a: Gholdengo|Shadow Ball|p1a: Toxapex\n|-damage|p1a: Toxapex|42\/100\n|move|p1a: Toxapex|Infestation|p2a: Gholdengo\n|-resisted|p2a: Gholdengo\n|-damage|p2a: Gholdengo|99\/100\n|-activate|p2a: Gholdengo|move: Infestation|[of] p1a: Toxapex\n|-enditem|p2a: Gholdengo|Air Balloon\n|\n|-damage|p2a: Gholdengo|87\/100|[from] move: Infestation|[partiallytrapped]\n|upkeep\n|turn|8\n|inactive|grass knot zygarde has 90 seconds left.\n|\n|t:|1700107196\n|move|p2a: Gholdengo|Make It Rain|p1a: Toxapex\n|-resisted|p1a: Toxapex\n|-damage|p1a: Toxapex|0 fnt\n|-unboost|p2a: Gholdengo|spa|1\n|faint|p1a: Toxapex\n|\n|-end|p2a: Gholdengo|Infestation|[partiallytrapped]|[silent]\n|upkeep\n|\n|t:|1700107206\n|switch|p1a: Dragonite|Dragonite, M, shiny|100\/100\n|turn|9\n|\n|t:|1700107218\n|move|p2a: Gholdengo|Shadow Ball|p1a: Dragonite\n|-damage|p1a: Dragonite|62\/100\n|move|p1a: Dragonite|Dragon Dance|p1a: Dragonite\n|-boost|p1a: Dragonite|atk|1\n|-boost|p1a: Dragonite|spe|1\n|\n|upkeep\n|turn|10\n|inactive|befi has 120 seconds left.\n|inactive|grass knot zygarde has 60 seconds left.\n|\n|t:|1700107274\n|move|p1a: Dragonite|Extreme Speed|p2a: Gholdengo\n|-immune|p2a: Gholdengo\n|move|p2a: Gholdengo|Make It Rain|p1a: Dragonite\n|-damage|p1a: Dragonite|0 fnt\n|-unboost|p2a: Gholdengo|spa|1\n|faint|p1a: Dragonite\n|\n|upkeep\n|\n|t:|1700107281\n|switch|p1a: Great Tusk|Great Tusk, shiny|100\/100\n|-enditem|p1a: Great Tusk|Booster Energy\n|-activate|p1a: Great Tusk|ability: Protosynthesis|[fromitem]\n|-start|p1a: Great Tusk|protosynthesisspe\n|turn|11\n|inactive|befi has 90 seconds left.\n|inactive|befi has 60 seconds left.\n|\n|t:|1700107341\n|switch|p2a: Ninetales|Ninetales-Alola, M|100\/100\n|-weather|Snow|[from] ability: Snow Warning|[of] p2a: Ninetales\n|move|p1a: Great Tusk|Headlong Rush|p2a: Ninetales\n|-damage|p2a: Ninetales|57\/100\n|-unboost|p1a: Great Tusk|def|1\n|-unboost|p1a: Great Tusk|spd|1\n|\n|-weather|Snow|[upkeep]\n|upkeep\n|turn|12\n|inactive|grass knot zygarde has 60 seconds left.\n|\n|t:|1700107352\n|-end|p1a: Great Tusk|Protosynthesis|[silent]\n|switch|p1a: Gholdengo|Gholdengo, shiny|50\/100\n|move|p2a: Ninetales|Aurora Veil|p2a: Ninetales\n|-sidestart|p2: befi|move: Aurora Veil\n|\n|-weather|Snow|[upkeep]\n|-heal|p1a: Gholdengo|56\/100|[from] item: Leftovers\n|upkeep\n|turn|13\n|inactive|befi has 60 seconds left.\n|\n|t:|1700107375\n|switch|p2a: Dragonite|Dragonite, F|100\/100\n|move|p1a: Gholdengo|Recover|p1a: Gholdengo\n|-heal|p1a: Gholdengo|100\/100\n|\n|-weather|Snow|[upkeep]\n|upkeep\n|turn|14\n|inactive|befi has 60 seconds left.\n|inactive|grass knot zygarde has 60 seconds left.\n|\n|t:|1700107404\n|move|p2a: Dragonite|Dragon Dance|p2a: Dragonite\n|-boost|p2a: Dragonite|atk|1\n|-boost|p2a: Dragonite|spe|1\n|move|p1a: Gholdengo|Shadow Ball|p2a: Dragonite\n|-damage|p2a: Dragonite|90\/100\n|\n|-weather|Snow|[upkeep]\n|upkeep\n|turn|15\n|\n|t:|1700107410\n|switch|p1a: Ting-Lu|Ting-Lu|100\/100\n|-ability|p1a: Ting-Lu|Vessel of Ruin\n|move|p2a: Dragonite|Dragon Dance|p2a: Dragonite\n|-boost|p2a: Dragonite|atk|1\n|-boost|p2a: Dragonite|spe|1\n|\n|-weather|none\n|upkeep\n|turn|16\n|\n|t:|1700107414\n|move|p2a: Dragonite|Earthquake|p1a: Ting-Lu\n|-damage|p1a: Ting-Lu|59\/100\n|move|p1a: Ting-Lu|Whirlwind|p2a: Dragonite\n|drag|p2a: Enamorus|Enamorus, F|100\/100\n|\n|-heal|p1a: Ting-Lu|65\/100|[from] item: Leftovers\n|upkeep\n|turn|17\n|inactive|grass knot zygarde has 60 seconds left.\n|\n|t:|1700107447\n|move|p2a: Enamorus|Moonblast|p1a: Ting-Lu\n|-supereffective|p1a: Ting-Lu\n|-damage|p1a: Ting-Lu|1\/100\n|move|p1a: Ting-Lu|Stealth Rock|p2a: Enamorus\n|-sidestart|p2: befi|move: Stealth Rock\n|\n|-heal|p1a: Ting-Lu|8\/100|[from] item: Leftovers\n|upkeep\n|turn|18\n|\n|t:|1700107456\n|move|p2a: Enamorus|Moonblast|p1a: Ting-Lu\n|-supereffective|p1a: Ting-Lu\n|-damage|p1a: Ting-Lu|0 fnt\n|faint|p1a: Ting-Lu\n|\n|upkeep\n|inactive|grass knot zygarde has 60 seconds left.\n|\n|t:|1700107464\n|switch|p1a: Gholdengo|Gholdengo, shiny|100\/100\n|turn|19\n|inactive|befi has 90 seconds left.\n|\n|t:|1700107487\n|switch|p2a: Gholdengo|Gholdengo|87\/100\n|-damage|p2a: Gholdengo|81\/100|[from] Stealth Rock\n|move|p1a: Gholdengo|Nasty Plot|p1a: Gholdengo\n|-boost|p1a: Gholdengo|spa|2\n|\n|-sideend|p2: befi|move: Aurora Veil\n|upkeep\n|turn|20\n|\n|t:|1700107493\n|move|p2a: Gholdengo|Shadow Ball|p1a: Gholdengo\n|-supereffective|p1a: Gholdengo\n|-damage|p1a: Gholdengo|18\/100\n|move|p1a: Gholdengo|Shadow Ball|p2a: Gholdengo\n|-supereffective|p2a: Gholdengo\n|-damage|p2a: Gholdengo|0 fnt\n|faint|p2a: Gholdengo\n|\n|-heal|p1a: Gholdengo|24\/100|[from] item: Leftovers\n|upkeep\n|inactive|befi has 90 seconds left.\n|\n|t:|1700107510\n|switch|p2a: Dragonite|Dragonite, F|90\/100\n|turn|21\n|\n|t:|1700107522\n|-terastallize|p1a: Gholdengo|Flying\n|move|p2a: Dragonite|Earthquake|p1a: Gholdengo\n|-immune|p1a: Gholdengo\n|move|p1a: Gholdengo|Recover|p1a: Gholdengo\n|-heal|p1a: Gholdengo|74\/100\n|\n|-heal|p1a: Gholdengo|80\/100|[from] item: Leftovers\n|upkeep\n|turn|22\n|inactive|befi has 90 seconds left.\n|\n|t:|1700107536\n|move|p2a: Dragonite|Extreme Speed|p1a: Gholdengo\n|-damage|p1a: Gholdengo|54\/100\n|move|p1a: Gholdengo|Make It Rain|p2a: Dragonite\n|-damage|p2a: Dragonite|0 fnt\n|-unboost|p1a: Gholdengo|spa|1\n|faint|p2a: Dragonite\n|\n|-heal|p1a: Gholdengo|60\/100|[from] item: Leftovers\n|upkeep\n|\n|t:|1700107540\n|switch|p2a: Enamorus|Enamorus, F|100\/100\n|-damage|p2a: Enamorus|76\/100|[from] Stealth Rock\n|turn|23\n|\n|t:|1700107552\n|move|p2a: Enamorus|Moonblast|p1a: Gholdengo\n|-damage|p1a: Gholdengo|0 fnt\n|faint|p1a: Gholdengo\n|\n|upkeep\n|\n|t:|1700107556\n|switch|p1a: Iron Valiant|Iron Valiant, shiny|61\/100 psn\n|turn|24\n|\n|t:|1700107567\n|move|p1a: Iron Valiant|Moonblast|p2a: Enamorus\n|-damage|p2a: Enamorus|0 fnt\n|faint|p2a: Enamorus\n|\n|-damage|p1a: Iron Valiant|49\/100 psn|[from] psn\n|upkeep\n|\n|t:|1700107573\n|switch|p2a: Kingambit|Kingambit, M|100\/100\n|-damage|p2a: Kingambit|94\/100|[from] Stealth Rock\n|-activate|p2a: Kingambit|ability: Supreme Overlord\n|-start|p2a: Kingambit|fallen4|[silent]\n|turn|25\n|\n|t:|1700107577\n|move|p1a: Iron Valiant|Moonblast|p2a: Kingambit\n|-damage|p2a: Kingambit|27\/100\n|move|p2a: Kingambit|Iron Head|p1a: Iron Valiant\n|-supereffective|p1a: Iron Valiant\n|-damage|p1a: Iron Valiant|0 fnt\n|faint|p1a: Iron Valiant\n|-end|p1a: Iron Valiant|Quark Drive|[silent]\n|\n|-heal|p2a: Kingambit|34\/100|[from] item: Leftovers\n|upkeep\n|\n|t:|1700107581\n|switch|p1a: Great Tusk|Great Tusk, shiny|100\/100\n|turn|26\n|\n|t:|1700107584\n|move|p1a: Great Tusk|Rapid Spin|p2a: Kingambit\n|-resisted|p2a: Kingambit\n|-damage|p2a: Kingambit|29\/100\n|-boost|p1a: Great Tusk|spe|1\n|move|p2a: Kingambit|Iron Head|p1a: Great Tusk\n|-damage|p1a: Great Tusk|56\/100\n|\n|-heal|p2a: Kingambit|35\/100|[from] item: Leftovers\n|upkeep\n|turn|27\n|\n|t:|1700107592\n|-terastallize|p2a: Kingambit|Fairy\n|move|p1a: Great Tusk|Headlong Rush|p2a: Kingambit\n|-damage|p2a: Kingambit|0 fnt\n|-unboost|p1a: Great Tusk|def|1\n|-unboost|p1a: Great Tusk|spd|1\n|faint|p2a: Kingambit\n|-end|p2a: Kingambit|fallen4|[silent]\n|\n|upkeep\n|\n|t:|1700107597\n|switch|p2a: Ninetales|Ninetales-Alola, M|57\/100\n|-damage|p2a: Ninetales|32\/100|[from] Stealth Rock\n|-weather|Snow|[from] ability: Snow Warning|[of] p2a: Ninetales\n|turn|28\n|\n|t:|1700107601\n|move|p1a: Great Tusk|Headlong Rush|p2a: Ninetales\n|-damage|p2a: Ninetales|0 fnt\n|-unboost|p1a: Great Tusk|def|1\n|-unboost|p1a: Great Tusk|spd|1\n|faint|p2a: Ninetales\n|\n|win|grass knot zygarde\n|raw|grass knot zygarde's rating: 1492 &rarr; <strong>1513<\/strong><br \/>(+21 for winning)\n|raw|befi's rating: 1501 &rarr; <strong>1480<\/strong><br \/>(-21 for losing)\n|l|\u2606befi\n","uploadtime":1700107613,"views":7,"p1id":"grassknotzygarde","p2id":"befi","formatid":"gen9ou","rating":1480,"private":0,"password":""}