{"id":"gen9ou-1988877336","p1":"GoldRogerRed","p2":"wyverbal","format":"[Gen 9] OU","log":"|j|\u2606GoldRogerRed\n|j|\u2606wyverbal\n|t:|1699779305\n|gametype|singles\n|player|p1|GoldRogerRed|red|1000\n|player|p2|wyverbal|2|1007\n|teamsize|p1|6\n|teamsize|p2|6\n|gen|9\n|tier|[Gen 9] OU\n|rated|\n|rule|Sleep Clause Mod: Limit one foe put to sleep\n|rule|Species Clause: Limit one of each Pok\u00e9mon\n|rule|OHKO Clause: OHKO moves are banned\n|rule|Evasion Items Clause: Evasion items are banned\n|rule|Evasion Moves Clause: Evasion moves are banned\n|rule|Endless Battle Clause: Forcing endless battles is banned\n|rule|HP Percentage Mod: HP is shown in percentages\n|clearpoke\n|poke|p1|Scizor, M|\n|poke|p1|Dragapult, F|\n|poke|p1|Kingambit, M|\n|poke|p1|Toxtricity, M|\n|poke|p1|Arcanine-Hisui, M|\n|poke|p1|Kleavor, F|\n|poke|p2|Jirachi|\n|poke|p2|Clefable, M|\n|poke|p2|Glaceon, M|\n|poke|p2|Mamoswine, M|\n|poke|p2|Munkidori, M|\n|poke|p2|Tornadus-Therian, M|\n|teampreview\n|inactive|Battle timer is ON: inactive players will automatically lose when time's up. (requested by wyverbal)\n|\n|t:|1699779325\n|start\n|switch|p1a: Arcanine|Arcanine-Hisui, M|100\/100\n|switch|p2a: Jirachi|Jirachi, shiny|100\/100\n|turn|1\n|\n|t:|1699779337\n|move|p2a: Jirachi|Iron Head|p1a: Arcanine\n|-damage|p1a: Arcanine|58\/100\n|cant|p1a: Arcanine|flinch\n|\n|upkeep\n|turn|2\n|\n|t:|1699779343\n|move|p2a: Jirachi|Iron Head|p1a: Arcanine\n|-damage|p1a: Arcanine|16\/100\n|cant|p1a: Arcanine|flinch\n|\n|upkeep\n|turn|3\n|\n|t:|1699779350\n|move|p2a: Jirachi|Iron Head|p1a: Arcanine\n|-damage|p1a: Arcanine|0 fnt\n|faint|p1a: Arcanine\n|\n|upkeep\n|\n|t:|1699779356\n|switch|p1a: Toxtricity|Toxtricity, M|100\/100\n|turn|4\n|\n|t:|1699779362\n|move|p2a: Jirachi|Iron Head|p1a: Toxtricity\n|-resisted|p1a: Toxtricity\n|-damage|p1a: Toxtricity|72\/100\n|cant|p1a: Toxtricity|flinch\n|\n|upkeep\n|turn|5\n|\n|t:|1699779368\n|move|p2a: Jirachi|Iron Head|p1a: Toxtricity\n|-resisted|p1a: Toxtricity\n|-damage|p1a: Toxtricity|47\/100\n|cant|p1a: Toxtricity|flinch\n|\n|upkeep\n|turn|6\n|\n|t:|1699779374\n|move|p2a: Jirachi|Iron Head|p1a: Toxtricity\n|-resisted|p1a: Toxtricity\n|-damage|p1a: Toxtricity|23\/100\n|move|p1a: Toxtricity|Shift Gear|p1a: Toxtricity\n|-boost|p1a: Toxtricity|spe|2\n|-boost|p1a: Toxtricity|atk|1\n|\n|upkeep\n|turn|7\n|\n|t:|1699779385\n|move|p1a: Toxtricity|Snarl|p2a: Jirachi\n|-supereffective|p2a: Jirachi\n|-damage|p2a: Jirachi|45\/100\n|move|p2a: Jirachi|Encore|p1a: Toxtricity\n|-start|p1a: Toxtricity|Encore\n|\n|upkeep\n|turn|8\n|\n|t:|1699779396\n|switch|p2a: Mamoswine|Mamoswine, M, shiny|100\/100\n|move|p1a: Toxtricity|Snarl|p2a: Mamoswine\n|-damage|p2a: Mamoswine|56\/100\n|-unboost|p2a: Mamoswine|spa|1\n|\n|upkeep\n|turn|9\n|\n|t:|1699779413\n|move|p2a: Mamoswine|Ice Shard|p1a: Toxtricity\n|-damage|p1a: Toxtricity|0 fnt\n|faint|p1a: Toxtricity\n|\n|upkeep\n|\n|t:|1699779419\n|switch|p1a: Scizor|Scizor, M|100\/100\n|turn|10\n|\n|t:|1699779427\n|switch|p2a: Clefable|Clefable, M, shiny|100\/100\n|move|p1a: Scizor|Trailblaze|p2a: Clefable\n|-damage|p2a: Clefable|78\/100\n|-boost|p1a: Scizor|spe|1\n|\n|upkeep\n|turn|11\n|\n|t:|1699779437\n|-terastallize|p2a: Clefable|Dragon\n|move|p1a: Scizor|Trailblaze|p2a: Clefable\n|-resisted|p2a: Clefable\n|-damage|p2a: Clefable|68\/100\n|-boost|p1a: Scizor|spe|1\n|move|p2a: Clefable|Flamethrower|p1a: Scizor\n|-supereffective|p1a: Scizor\n|-damage|p1a: Scizor|0 fnt\n|faint|p1a: Scizor\n|\n|upkeep\n|\n|t:|1699779449\n|switch|p1a: Kleavor|Kleavor, F|100\/100\n|turn|12\n|\n|t:|1699779459\n|move|p1a: Kleavor|Trailblaze|p2a: Clefable\n|-resisted|p2a: Clefable\n|-damage|p2a: Clefable|60\/100\n|-boost|p1a: Kleavor|spe|1\n|move|p2a: Clefable|Wish|p2a: Clefable\n|\n|upkeep\n|turn|13\n|\n|t:|1699779467\n|move|p1a: Kleavor|Night Slash|p2a: Clefable\n|-damage|p2a: Clefable|27\/100\n|move|p2a: Clefable|Moonblast|p1a: Kleavor\n|-crit|p1a: Kleavor\n|-damage|p1a: Kleavor|21\/100\n|-unboost|p1a: Kleavor|spa|1\n|\n|-heal|p2a: Clefable|77\/100|[from] move: Wish|[wisher] Clefable\n|upkeep\n|turn|14\n|\n|t:|1699779478\n|move|p1a: Kleavor|Fury Cutter|p2a: Clefable\n|-damage|p2a: Clefable|46\/100\n|move|p2a: Clefable|Moonblast|p1a: Kleavor\n|-damage|p1a: Kleavor|0 fnt\n|faint|p1a: Kleavor\n|\n|upkeep\n|\n|t:|1699779488\n|switch|p1a: Kingambit|Kingambit, M|100\/100\n|-activate|p1a: Kingambit|ability: Supreme Overlord\n|-start|p1a: Kingambit|fallen4|[silent]\n|turn|15\n|l|\u2606GoldRogerRed\n|inactive|GoldRogerRed disconnected and has a minute to reconnect!\n|player|p1|\n|inactive|GoldRogerRed has 30 seconds to reconnect!\n|inactive|GoldRogerRed has 20 seconds to reconnect!\n|inactive|GoldRogerRed has 15 seconds to reconnect!\n|inactive|GoldRogerRed has 10 seconds to reconnect!\n|inactive|GoldRogerRed has 5 seconds to reconnect!\n|-message|GoldRogerRed lost due to inactivity.\n|\n|win|wyverbal\n|raw|GoldRogerRed's rating: 1000 &rarr; <strong>1000<\/strong><br \/>(+0 for losing)\n|raw|wyverbal's rating: 1007 &rarr; <strong>1045<\/strong><br \/>(+38 for winning)\n","uploadtime":1699779572,"views":10,"p1id":"goldrogerred","p2id":"wyverbal","formatid":"gen9ou","rating":1000,"private":0,"password":""}