{"id":"gen9ou-1997776689","p1":"Lightniong","p2":"boundbytheTusklow","format":"[Gen 9] OU","log":"|j|\u2606Lightniong\n|j|\u2606boundbytheTusklow\n|t:|1700851487\n|gametype|singles\n|player|p1|Lightniong|2|1179\n|player|p2|boundbytheTusklow|102|1203\n|teamsize|p1|6\n|teamsize|p2|6\n|gen|9\n|tier|[Gen 9] OU\n|rated|\n|rule|Sleep Clause Mod: Limit one foe put to sleep\n|rule|Species Clause: Limit one of each Pok\u00e9mon\n|rule|OHKO Clause: OHKO moves are banned\n|rule|Evasion Items Clause: Evasion items are banned\n|rule|Evasion Moves Clause: Evasion moves are banned\n|rule|Endless Battle Clause: Forcing endless battles is banned\n|rule|HP Percentage Mod: HP is shown in percentages\n|clearpoke\n|poke|p1|Kingambit, M|\n|poke|p1|Slowking-Galar, M|\n|poke|p1|Dragapult, F|\n|poke|p1|Great Tusk|\n|poke|p1|Enamorus, F|\n|poke|p1|Zapdos|\n|poke|p2|Volcanion|\n|poke|p2|Cinderace, F|\n|poke|p2|Gyarados, F|\n|poke|p2|Amoonguss, M|\n|poke|p2|Moltres|\n|poke|p2|Goodra-Hisui, F|\n|teampreview\n|inactive|Battle timer is ON: inactive players will automatically lose when time's up. (requested by Lightniong)\n|\n|t:|1700851505\n|start\n|switch|p1a: Zapdos|Zapdos|100\/100\n|switch|p2a: Cinderace|Cinderace, F|100\/100\n|turn|1\n|\n|t:|1700851511\n|switch|p2a: Amoonguss|Amoonguss, M|100\/100\n|move|p1a: Zapdos|Hurricane|p2a: Amoonguss\n|-supereffective|p2a: Amoonguss\n|-damage|p2a: Amoonguss|32\/100\n|\n|upkeep\n|turn|2\n|\n|t:|1700851517\n|switch|p2a: Goodra|Goodra-Hisui, F|100\/100\n|move|p1a: Zapdos|Heat Wave|p2a: Goodra|[miss]\n|-miss|p1a: Zapdos|p2a: Goodra\n|\n|upkeep\n|turn|3\n|\n|t:|1700851522\n|move|p1a: Zapdos|Volt Switch|p2a: Goodra\n|-resisted|p2a: Goodra\n|-damage|p2a: Goodra|94\/100\n|\n|t:|1700851528\n|switch|p1a: Great Tusk|Great Tusk|100\/100|[from] Volt Switch\n|move|p2a: Goodra|Draco Meteor|p1a: Great Tusk\n|-damage|p1a: Great Tusk|20\/100\n|-unboost|p2a: Goodra|spa|2\n|\n|-heal|p1a: Great Tusk|26\/100|[from] item: Leftovers\n|upkeep\n|turn|4\n|\n|t:|1700851533\n|switch|p2a: SKYWALKER|Moltres, shiny|100\/100\n|move|p1a: Great Tusk|Earthquake|p2a: SKYWALKER\n|-immune|p2a: SKYWALKER\n|\n|-heal|p1a: Great Tusk|32\/100|[from] item: Leftovers\n|upkeep\n|turn|5\n|\n|t:|1700851538\n|switch|p2a: Amoonguss|Amoonguss, M|65\/100\n|move|p1a: Great Tusk|Knock Off|p2a: Amoonguss\n|-damage|p2a: Amoonguss|41\/100\n|-enditem|p2a: Amoonguss|Covert Cloak|[from] move: Knock Off|[of] p1a: Great Tusk\n|\n|-heal|p1a: Great Tusk|38\/100|[from] item: Leftovers\n|upkeep\n|turn|6\n|\n|t:|1700851545\n|-end|p1a: Great Tusk|Protosynthesis|[silent]\n|switch|p1a: Slowking|Slowking-Galar, M|100\/100\n|switch|p2a: SKYWALKER|Moltres, shiny|100\/100\n|\n|upkeep\n|turn|7\n|\n|t:|1700851548\n|move|p2a: SKYWALKER|U-turn|p1a: Slowking\n|-damage|p1a: Slowking|86\/100\n|\n|t:|1700851551\n|switch|p2a: Amoonguss|Amoonguss, M|74\/100|[from] U-turn\n|move|p1a: Slowking|Thunder Wave|p2a: Amoonguss\n|-status|p2a: Amoonguss|par\n|\n|-heal|p1a: Slowking|92\/100|[from] item: Leftovers\n|upkeep\n|turn|8\n|\n|t:|1700851556\n|move|p1a: Slowking|Future Sight|p2a: Amoonguss\n|-start|p1a: Slowking|move: Future Sight\n|move|p2a: Amoonguss|Spore|p1a: Slowking\n|-status|p1a: Slowking|slp|[from] move: Spore\n|\n|-heal|p1a: Slowking|98\/100 slp|[from] item: Leftovers\n|upkeep\n|turn|9\n|\n|t:|1700851568\n|switch|p1a: Zapdos|Zapdos|100\/100\n|switch|p2a: Goodra|Goodra-Hisui, F|94\/100\n|\n|upkeep\n|turn|10\n|\n|t:|1700851572\n|move|p1a: Zapdos|Heat Wave|p2a: Goodra\n|-damage|p2a: Goodra|81\/100\n|move|p2a: Goodra|Knock Off|p1a: Zapdos\n|-damage|p1a: Zapdos|83\/100\n|-enditem|p1a: Zapdos|Heavy-Duty Boots|[from] move: Knock Off|[of] p2a: Goodra\n|\n|-end|p2a: Goodra|move: Future Sight\n|-resisted|p2a: Goodra\n|-damage|p2a: Goodra|71\/100\n|upkeep\n|turn|11\n|\n|t:|1700851580\n|move|p1a: Zapdos|Volt Switch|p2a: Goodra\n|-resisted|p2a: Goodra\n|-damage|p2a: Goodra|65\/100\n|\n|t:|1700851584\n|switch|p1a: Enamorus|Enamorus, F|100\/100|[from] Volt Switch\n|move|p2a: Goodra|Flash Cannon|p1a: Enamorus\n|-supereffective|p1a: Enamorus\n|-damage|p1a: Enamorus|0 fnt\n|faint|p1a: Enamorus\n|\n|upkeep\n|\n|t:|1700851587\n|switch|p1a: Dragapult|Dragapult, F|100\/100\n|turn|12\n|\n|t:|1700851590\n|switch|p2a: Amoonguss|Amoonguss, M|100\/100 par\n|move|p1a: Dragapult|Draco Meteor|p2a: Amoonguss\n|-crit|p2a: Amoonguss\n|-damage|p2a: Amoonguss|12\/100 par\n|-unboost|p1a: Dragapult|spa|2\n|\n|upkeep\n|turn|13\n|\n|t:|1700851595\n|switch|p2a: Gyarados|Gyarados, F|100\/100\n|move|p1a: Dragapult|Draco Meteor|p2a: Gyarados\n|-damage|p2a: Gyarados|61\/100\n|-unboost|p1a: Dragapult|spa|2\n|\n|upkeep\n|turn|14\n|\n|t:|1700851603\n|switch|p1a: Zapdos|Zapdos|83\/100\n|move|p2a: Gyarados|Dragon Dance|p2a: Gyarados\n|-boost|p2a: Gyarados|atk|1\n|-boost|p2a: Gyarados|spe|1\n|\n|upkeep\n|turn|15\n|\n|t:|1700851604\n|move|p2a: Gyarados|Stone Edge|p1a: Zapdos\n|-supereffective|p1a: Zapdos\n|-crit|p1a: Zapdos\n|-damage|p1a: Zapdos|0 fnt\n|faint|p1a: Zapdos\n|-ability|p2a: Gyarados|Moxie|boost\n|-boost|p2a: Gyarados|atk|1\n|\n|upkeep\n|\n|t:|1700851609\n|switch|p1a: Slowking|Slowking-Galar, M|100\/100 slp\n|turn|16\n|\n|t:|1700851611\n|move|p2a: Gyarados|Earthquake|p1a: Slowking\n|-supereffective|p1a: Slowking\n|-damage|p1a: Slowking|0 fnt\n|faint|p1a: Slowking\n|-ability|p2a: Gyarados|Moxie|boost\n|-boost|p2a: Gyarados|atk|1\n|\n|upkeep\n|\n|t:|1700851614\n|switch|p1a: Dragapult|Dragapult, F|100\/100\n|turn|17\n|\n|t:|1700851617\n|switch|p2a: Amoonguss|Amoonguss, M|45\/100 par\n|move|p1a: Dragapult|Draco Meteor|p2a: Amoonguss\n|-damage|p2a: Amoonguss|0 fnt\n|-unboost|p1a: Dragapult|spa|2\n|faint|p2a: Amoonguss\n|\n|upkeep\n|\n|t:|1700851622\n|switch|p2a: Gyarados|Gyarados, F|61\/100\n|turn|18\n|\n|t:|1700851628\n|switch|p1a: Great Tusk|Great Tusk|38\/100\n|move|p2a: Gyarados|Earthquake|p1a: Great Tusk\n|-damage|p1a: Great Tusk|21\/100\n|\n|-heal|p1a: Great Tusk|27\/100|[from] item: Leftovers\n|upkeep\n|turn|19\n|\n|t:|1700851630\n|move|p2a: Gyarados|Waterfall|p1a: Great Tusk\n|-supereffective|p1a: Great Tusk\n|-damage|p1a: Great Tusk|0 fnt\n|faint|p1a: Great Tusk\n|-end|p1a: Great Tusk|Protosynthesis|[silent]\n|-ability|p2a: Gyarados|Moxie|boost\n|-boost|p2a: Gyarados|atk|1\n|\n|upkeep\n|\n|t:|1700851637\n|switch|p1a: Dragapult|Dragapult, F|100\/100\n|turn|20\n|\n|t:|1700851639\n|move|p1a: Dragapult|Draco Meteor|p2a: Gyarados\n|-damage|p2a: Gyarados|0 fnt\n|-unboost|p1a: Dragapult|spa|2\n|faint|p2a: Gyarados\n|\n|upkeep\n|\n|t:|1700851641\n|switch|p2a: Volcanion|Volcanion|100\/100\n|turn|21\n|\n|t:|1700851643\n|switch|p1a: Kingambit|Kingambit, M|100\/100\n|-activate|p1a: Kingambit|ability: Supreme Overlord\n|-start|p1a: Kingambit|fallen4|[silent]\n|move|p2a: Volcanion|Substitute|p2a: Volcanion\n|-start|p2a: Volcanion|Substitute\n|-damage|p2a: Volcanion|76\/100\n|\n|upkeep\n|turn|22\n|\n|t:|1700851647\n|-end|p1a: Kingambit|fallen4|[silent]\n|switch|p1a: Dragapult|Dragapult, F|100\/100\n|move|p2a: Volcanion|Flamethrower|p1a: Dragapult\n|-resisted|p1a: Dragapult\n|-damage|p1a: Dragapult|65\/100\n|\n|upkeep\n|turn|23\n|\n|t:|1700851650\n|move|p1a: Dragapult|Shadow Ball|p2a: Volcanion\n|-damage|p2a: Volcanion|19\/100\n|-unboost|p2a: Volcanion|spd|1\n|move|p2a: Volcanion|Flamethrower|p1a: Dragapult\n|-resisted|p1a: Dragapult\n|-damage|p1a: Dragapult|25\/100\n|\n|upkeep\n|turn|24\n|\n|t:|1700851659\n|move|p1a: Dragapult|Shadow Ball|p2a: Volcanion\n|-damage|p2a: Volcanion|0 fnt\n|faint|p2a: Volcanion\n|\n|upkeep\n|\n|t:|1700851662\n|switch|p2a: Cinderace|Cinderace, F|100\/100\n|turn|25\n|\n|t:|1700851663\n|move|p2a: Cinderace|Sucker Punch|p1a: Dragapult\n|-start|p2a: Cinderace|typechange|Dark|[from] ability: Libero\n|-supereffective|p1a: Dragapult\n|-damage|p1a: Dragapult|0 fnt\n|faint|p1a: Dragapult\n|\n|upkeep\n|\n|t:|1700851665\n|switch|p1a: Kingambit|Kingambit, M|100\/100\n|-activate|p1a: Kingambit|ability: Supreme Overlord\n|-start|p1a: Kingambit|fallen5|[silent]\n|turn|26\n|\n|t:|1700851668\n|-terastallize|p1a: Kingambit|Fairy\n|move|p2a: Cinderace|Pyro Ball|p1a: Kingambit\n|-damage|p1a: Kingambit|74\/100\n|-status|p1a: Kingambit|brn\n|move|p1a: Kingambit|Swords Dance|p1a: Kingambit\n|-boost|p1a: Kingambit|atk|2\n|\n|-damage|p1a: Kingambit|68\/100 brn|[from] brn\n|upkeep\n|turn|27\n|\n|t:|1700851673\n|move|p2a: Cinderace|Pyro Ball|p1a: Kingambit\n|-damage|p1a: Kingambit|39\/100 brn\n|-enditem|p1a: Kingambit|Sitrus Berry|[eat]\n|-heal|p1a: Kingambit|64\/100 brn|[from] item: Sitrus Berry\n|move|p1a: Kingambit|Swords Dance|p1a: Kingambit\n|-boost|p1a: Kingambit|atk|2\n|\n|-damage|p1a: Kingambit|58\/100 brn|[from] brn\n|upkeep\n|turn|28\n|\n|t:|1700851678\n|move|p1a: Kingambit|Sucker Punch|p2a: Cinderace\n|-resisted|p2a: Cinderace\n|-damage|p2a: Cinderace|33\/100\n|move|p2a: Cinderace|Pyro Ball|p1a: Kingambit\n|-damage|p1a: Kingambit|32\/100 brn\n|\n|-damage|p1a: Kingambit|25\/100 brn|[from] brn\n|upkeep\n|turn|29\n|\n|t:|1700851683\n|move|p2a: Cinderace|Sucker Punch|p1a: Kingambit\n|-resisted|p1a: Kingambit\n|-damage|p1a: Kingambit|13\/100 brn\n|move|p1a: Kingambit|Sucker Punch||[still]\n|-fail|p1a: Kingambit\n|\n|-damage|p1a: Kingambit|7\/100 brn|[from] brn\n|upkeep\n|turn|30\n|\n|t:|1700851687\n|move|p2a: Cinderace|Sucker Punch|p1a: Kingambit\n|-resisted|p1a: Kingambit\n|-damage|p1a: Kingambit|0 fnt\n|faint|p1a: Kingambit\n|-end|p1a: Kingambit|fallen5|[silent]\n|\n|win|boundbytheTusklow\n|raw|Lightniong's rating: 1179 &rarr; <strong>1156<\/strong><br \/>(-23 for losing)\n|raw|boundbytheTusklow's rating: 1203 &rarr; <strong>1226<\/strong><br \/>(+23 for winning)\n|l|\u2606Lightniong\n","uploadtime":1700851694,"views":2,"p1id":"lightniong","p2id":"boundbythetusklow","formatid":"gen9ou","rating":1156,"private":0,"password":""}