{"id":"gen9ou-1996534448","p1":"New_caeli","p2":"Kidzukaworld","format":"[Gen 9] OU","log":"|j|\u2606New_caeli\n|j|\u2606Kidzukaworld\n|t:|1700691562\n|gametype|singles\n|player|p1|New_caeli|backersf|1545\n|player|p2|Kidzukaworld|1|1606\n|teamsize|p1|6\n|teamsize|p2|6\n|gen|9\n|tier|[Gen 9] OU\n|rated|\n|rule|Sleep Clause Mod: Limit one foe put to sleep\n|rule|Species Clause: Limit one of each Pok\u00e9mon\n|rule|OHKO Clause: OHKO moves are banned\n|rule|Evasion Items Clause: Evasion items are banned\n|rule|Evasion Moves Clause: Evasion moves are banned\n|rule|Endless Battle Clause: Forcing endless battles is banned\n|rule|HP Percentage Mod: HP is shown in percentages\n|clearpoke\n|poke|p1|Hoopa-Unbound|\n|poke|p1|Ting-Lu|\n|poke|p1|Corviknight, F|\n|poke|p1|Zamazenta-*|\n|poke|p1|Landorus-Therian, M|\n|poke|p1|Toxapex, F|\n|poke|p2|Great Tusk|\n|poke|p2|Ribombee, M|\n|poke|p2|Armarouge, M|\n|poke|p2|Kingambit, M|\n|poke|p2|Salamence, M|\n|poke|p2|Maushold|\n|teampreview\n|\n|t:|1700691573\n|start\n|switch|p1a: Tk78 Prime|Hoopa-Unbound|100\/100\n|switch|p2a: Ribombee|Ribombee, M|100\/100\n|turn|1\n|\n|t:|1700691579\n|switch|p1a: KFC pirme|Corviknight, F, shiny|100\/100\n|-ability|p1a: KFC pirme|Pressure\n|move|p2a: Ribombee|Sticky Web|p1a: KFC pirme\n|-sidestart|p1: New_caeli|move: Sticky Web\n|\n|upkeep\n|turn|2\n|\n|t:|1700691588\n|switch|p2a: Armarouge|Armarouge, M|100\/100\n|move|p1a: KFC pirme|Brave Bird|p2a: Armarouge\n|-damage|p2a: Armarouge|64\/100\n|-ability|p2a: Armarouge|Weak Armor|boost\n|-unboost|p2a: Armarouge|def|1\n|-boost|p2a: Armarouge|spe|2\n|-damage|p1a: KFC pirme|91\/100|[from] Recoil\n|\n|upkeep\n|turn|3\n|\n|t:|1700691592\n|switch|p1a: Macron|Ting-Lu|100\/100\n|-activate|p1a: Macron|move: Sticky Web\n|-unboost|p1a: Macron|spe|1\n|-ability|p1a: Macron|Vessel of Ruin\n|move|p2a: Armarouge|Calm Mind|p2a: Armarouge\n|-boost|p2a: Armarouge|spa|1\n|-boost|p2a: Armarouge|spd|1\n|\n|upkeep\n|turn|4\n|\n|t:|1700691597\n|move|p2a: Armarouge|Armor Cannon|p1a: Macron\n|-damage|p1a: Macron|56\/100\n|-unboost|p2a: Armarouge|def|1\n|-unboost|p2a: Armarouge|spd|1\n|move|p1a: Macron|Earthquake|p2a: Armarouge\n|-supereffective|p2a: Armarouge\n|-damage|p2a: Armarouge|0 fnt\n|faint|p2a: Armarouge\n|\n|-heal|p1a: Macron|62\/100|[from] item: Leftovers\n|upkeep\n|\n|t:|1700691608\n|switch|p2a: Salamence|Salamence, M|100\/100\n|turn|5\n|\n|t:|1700691637\n|switch|p1a: CancerIsBack|Toxapex, F, shiny|100\/100\n|-activate|p1a: CancerIsBack|move: Sticky Web\n|-unboost|p1a: CancerIsBack|spe|1\n|move|p2a: Salamence|Dragon Dance|p2a: Salamence\n|-boost|p2a: Salamence|atk|1\n|-boost|p2a: Salamence|spe|1\n|\n|upkeep\n|turn|6\n|j| dfghhhg\n|\n|t:|1700691647\n|move|p2a: Salamence|Dragon Dance|p2a: Salamence\n|-boost|p2a: Salamence|atk|1\n|-boost|p2a: Salamence|spe|1\n|move|p1a: CancerIsBack|Haze|p1a: CancerIsBack\n|-clearallboost\n|\n|upkeep\n|turn|7\n|\n|t:|1700691654\n|switch|p2a: Great Tusk|Great Tusk|100\/100\n|-enditem|p2a: Great Tusk|Booster Energy\n|-activate|p2a: Great Tusk|ability: Protosynthesis|[fromitem]\n|-start|p2a: Great Tusk|protosynthesisatk\n|move|p1a: CancerIsBack|Toxic|p2a: Great Tusk\n|-status|p2a: Great Tusk|tox\n|\n|-damage|p2a: Great Tusk|94\/100 tox|[from] psn\n|upkeep\n|turn|8\n|\n|t:|1700691658\n|switch|p1a: KFC pirme|Corviknight, F, shiny|91\/100\n|-ability|p1a: KFC pirme|Pressure\n|move|p2a: Great Tusk|Bulk Up|p2a: Great Tusk\n|-boost|p2a: Great Tusk|atk|1\n|-boost|p2a: Great Tusk|def|1\n|\n|-damage|p2a: Great Tusk|82\/100 tox|[from] psn\n|upkeep\n|turn|9\n|\n|t:|1700691661\n|move|p2a: Great Tusk|Ice Spinner|p1a: KFC pirme\n|-damage|p1a: KFC pirme|57\/100\n|-damage|p2a: Great Tusk|65\/100 tox|[from] item: Rocky Helmet|[of] p1a: KFC pirme\n|move|p1a: KFC pirme|Brave Bird|p2a: Great Tusk\n|-supereffective|p2a: Great Tusk\n|-damage|p2a: Great Tusk|27\/100 tox\n|-damage|p1a: KFC pirme|44\/100|[from] Recoil\n|\n|-damage|p2a: Great Tusk|8\/100 tox|[from] psn\n|upkeep\n|turn|10\n|\n|t:|1700691667\n|move|p2a: Great Tusk|Ice Spinner|p1a: KFC pirme\n|-damage|p1a: KFC pirme|12\/100\n|-damage|p2a: Great Tusk|0 fnt|[from] item: Rocky Helmet|[of] p1a: KFC pirme\n|faint|p2a: Great Tusk\n|-end|p2a: Great Tusk|Protosynthesis|[silent]\n|move|p1a: KFC pirme|Roost|p1a: KFC pirme\n|-heal|p1a: KFC pirme|62\/100\n|-singleturn|p1a: KFC pirme|move: Roost\n|\n|upkeep\n|\n|t:|1700691671\n|switch|p2a: Salamence|Salamence, M|100\/100\n|turn|11\n|\n|t:|1700691683\n|-terastallize|p2a: Salamence|Fire\n|move|p2a: Salamence|Tera Blast|p1a: KFC pirme|[anim] Tera Blast Fire\n|-supereffective|p1a: KFC pirme\n|-damage|p1a: KFC pirme|8\/100\n|move|p1a: KFC pirme|U-turn|p2a: Salamence\n|-resisted|p2a: Salamence\n|-damage|p2a: Salamence|92\/100\n|\n|t:|1700691694\n|switch|p1a: CancerIsBack|Toxapex, F, shiny|100\/100|[from] U-turn\n|-activate|p1a: CancerIsBack|move: Sticky Web\n|-unboost|p1a: CancerIsBack|spe|1\n|\n|upkeep\n|turn|12\n|\n|t:|1700691699\n|move|p2a: Salamence|Dragon Dance|p2a: Salamence\n|-boost|p2a: Salamence|atk|1\n|-boost|p2a: Salamence|spe|1\n|move|p1a: CancerIsBack|Surf|p2a: Salamence\n|-supereffective|p2a: Salamence\n|-damage|p2a: Salamence|50\/100\n|\n|upkeep\n|turn|13\n|\n|t:|1700691703\n|move|p2a: Salamence|Dual Wingbeat|p1a: CancerIsBack\n|-damage|p1a: CancerIsBack|77\/100\n|-damage|p2a: Salamence|33\/100|[from] item: Rocky Helmet|[of] p1a: CancerIsBack\n|-damage|p1a: CancerIsBack|53\/100\n|-damage|p2a: Salamence|17\/100|[from] item: Rocky Helmet|[of] p1a: CancerIsBack\n|-hitcount|p1a: CancerIsBack|2\n|move|p1a: CancerIsBack|Haze|p1a: CancerIsBack\n|-clearallboost\n|\n|upkeep\n|turn|14\n|\n|t:|1700691708\n|move|p2a: Salamence|Dragon Claw|p1a: CancerIsBack\n|-damage|p1a: CancerIsBack|25\/100\n|-damage|p2a: Salamence|0 fnt|[from] item: Rocky Helmet|[of] p1a: CancerIsBack\n|faint|p2a: Salamence\n|move|p1a: CancerIsBack|Recover|p1a: CancerIsBack\n|-heal|p1a: CancerIsBack|75\/100\n|\n|upkeep\n|\n|t:|1700691711\n|switch|p2a: Ribombee|Ribombee, M|100\/100\n|turn|15\n|\n|t:|1700691715\n|move|p2a: Ribombee|Quiver Dance|p2a: Ribombee\n|-boost|p2a: Ribombee|spa|1\n|-boost|p2a: Ribombee|spd|1\n|-boost|p2a: Ribombee|spe|1\n|move|p1a: CancerIsBack|Haze|p1a: CancerIsBack\n|-clearallboost\n|\n|upkeep\n|turn|16\n|\n|t:|1700691717\n|move|p2a: Ribombee|Quiver Dance|p2a: Ribombee\n|-boost|p2a: Ribombee|spa|1\n|-boost|p2a: Ribombee|spd|1\n|-boost|p2a: Ribombee|spe|1\n|move|p1a: CancerIsBack|Toxic|p2a: Ribombee\n|-status|p2a: Ribombee|tox\n|\n|-damage|p2a: Ribombee|94\/100 tox|[from] psn\n|upkeep\n|turn|17\n|\n|t:|1700691719\n|move|p2a: Ribombee|Psychic|p1a: CancerIsBack\n|-supereffective|p1a: CancerIsBack\n|-damage|p1a: CancerIsBack|14\/100\n|move|p1a: CancerIsBack|Toxic|p2a: Ribombee\n|-fail|p2a: Ribombee|tox\n|\n|-damage|p2a: Ribombee|82\/100 tox|[from] psn\n|upkeep\n|turn|18\n|\n|t:|1700691723\n|switch|p1a: Macron|Ting-Lu|62\/100\n|-activate|p1a: Macron|move: Sticky Web\n|-unboost|p1a: Macron|spe|1\n|-ability|p1a: Macron|Vessel of Ruin\n|move|p2a: Ribombee|Moonblast|p1a: Macron\n|-supereffective|p1a: Macron\n|-crit|p1a: Macron\n|-damage|p1a: Macron|0 fnt\n|faint|p1a: Macron\n|\n|-damage|p2a: Ribombee|64\/100 tox|[from] psn\n|upkeep\n|\n|t:|1700691731\n|switch|p1a: KFC pirme|Corviknight, F, shiny|8\/100\n|-ability|p1a: KFC pirme|Pressure\n|turn|19\n|\n|t:|1700691733\n|move|p2a: Ribombee|Moonblast|p1a: KFC pirme\n|-resisted|p1a: KFC pirme\n|-damage|p1a: KFC pirme|0 fnt\n|faint|p1a: KFC pirme\n|\n|-damage|p2a: Ribombee|39\/100 tox|[from] psn\n|upkeep\n|\n|t:|1700691744\n|switch|p1a: Trop amusant|Zamazenta|100\/100\n|-activate|p1a: Trop amusant|move: Sticky Web\n|-unboost|p1a: Trop amusant|spe|1\n|-ability|p1a: Trop amusant|Dauntless Shield|boost\n|-boost|p1a: Trop amusant|def|1\n|turn|20\n|\n|t:|1700691750\n|-terastallize|p1a: Trop amusant|Steel\n|move|p2a: Ribombee|Moonblast|p1a: Trop amusant\n|-resisted|p1a: Trop amusant\n|-damage|p1a: Trop amusant|78\/100\n|-unboost|p1a: Trop amusant|spa|1\n|move|p1a: Trop amusant|Body Press|p2a: Ribombee\n|-resisted|p2a: Ribombee\n|-damage|p2a: Ribombee|13\/100 tox\n|\n|-heal|p1a: Trop amusant|85\/100|[from] item: Leftovers\n|-damage|p2a: Ribombee|0 fnt|[from] psn\n|faint|p2a: Ribombee\n|upkeep\n|\n|t:|1700691762\n|switch|p2a: Kingambit|Kingambit, M|100\/100\n|-activate|p2a: Kingambit|ability: Supreme Overlord\n|-start|p2a: Kingambit|fallen4|[silent]\n|turn|21\n|\n|t:|1700691768\n|move|p1a: Trop amusant|Iron Defense|p1a: Trop amusant\n|-boost|p1a: Trop amusant|def|2\n|move|p2a: Kingambit|Kowtow Cleave|p1a: Trop amusant\n|-damage|p1a: Trop amusant|66\/100\n|\n|-heal|p1a: Trop amusant|72\/100|[from] item: Leftovers\n|upkeep\n|turn|22\n|-message|Kidzukaworld forfeited.\n|\n|win|New_caeli\n|raw|New_caeli's rating: 1545 &rarr; <strong>1568<\/strong><br \/>(+23 for winning)\n|raw|Kidzukaworld's rating: 1606 &rarr; <strong>1583<\/strong><br \/>(-23 for losing)\n|l|\u2606Kidzukaworld\n","uploadtime":1700691782,"views":3,"p1id":"newcaeli","p2id":"kidzukaworld","formatid":"gen9ou","rating":1568,"private":0,"password":""}