{"id":"gen9ou-1992408674","p1":"Vredge","p2":"cerberus sama","format":"[Gen 9] OU","log":"|j|\u2606Vredge\n|j|\u2606cerberus sama\n|t:|1700184139\n|gametype|singles\n|player|p1|Vredge|hilbert|1648\n|player|p2|cerberus sama|266|1626\n|teamsize|p1|6\n|teamsize|p2|6\n|gen|9\n|tier|[Gen 9] OU\n|rated|\n|rule|Sleep Clause Mod: Limit one foe put to sleep\n|rule|Species Clause: Limit one of each Pok\u00e9mon\n|rule|OHKO Clause: OHKO moves are banned\n|rule|Evasion Items Clause: Evasion items are banned\n|rule|Evasion Moves Clause: Evasion moves are banned\n|rule|Endless Battle Clause: Forcing endless battles is banned\n|rule|HP Percentage Mod: HP is shown in percentages\n|clearpoke\n|poke|p1|Glimmora, F|\n|poke|p1|Iron Valiant|\n|poke|p1|Kingambit, M|\n|poke|p1|Iron Moth|\n|poke|p1|Zamazenta-*|\n|poke|p1|Greninja-*, M|\n|poke|p2|Garganacl, M|\n|poke|p2|Great Tusk|\n|poke|p2|Clodsire, F|\n|poke|p2|Landorus-Therian, M|\n|poke|p2|Iron Valiant|\n|poke|p2|Goodra-Hisui, M|\n|teampreview\n|inactive|Battle timer is ON: inactive players will automatically lose when time's up. (requested by cerberus sama)\n|inactive|Vredge also wants the timer to be on.\n|\n|t:|1700184146\n|start\n|switch|p1a: Greninja|Greninja, M|100\/100\n|switch|p2a: Great Tusk|Great Tusk|100\/100\n|turn|1\n|\n|t:|1700184155\n|-end|p2a: Great Tusk|Protosynthesis|[silent]\n|switch|p2a: Clodsire|Clodsire, F|100\/100\n|move|p1a: Greninja|Hydro Pump|p2a: Clodsire\n|-immune|p2a: Clodsire|[from] ability: Water Absorb\n|\n|upkeep\n|turn|2\n|\n|t:|1700184158\n|switch|p1a: Glimmora|Glimmora, F|100\/100\n|move|p2a: Clodsire|Earthquake|p1a: Glimmora\n|-supereffective|p1a: Glimmora\n|-enditem|p1a: Glimmora|Focus Sash\n|-damage|p1a: Glimmora|1\/100\n|-activate|p1a: Glimmora|ability: Toxic Debris\n|-sidestart|p2: cerberus sama|move: Toxic Spikes\n|\n|upkeep\n|turn|3\n|\n|t:|1700184162\n|move|p1a: Glimmora|Stealth Rock|p2a: Clodsire\n|-sidestart|p2: cerberus sama|move: Stealth Rock\n|move|p2a: Clodsire|Earthquake|p1a: Glimmora\n|-supereffective|p1a: Glimmora\n|-damage|p1a: Glimmora|0 fnt\n|-activate|p1a: Glimmora|ability: Toxic Debris\n|-sidestart|p2: cerberus sama|move: Toxic Spikes\n|faint|p1a: Glimmora\n|\n|upkeep\n|\n|t:|1700184171\n|switch|p1a: Zamazenta|Zamazenta|100\/100\n|-ability|p1a: Zamazenta|Dauntless Shield|boost\n|-boost|p1a: Zamazenta|def|1\n|turn|4\n|\n|t:|1700184174\n|move|p1a: Zamazenta|Substitute|p1a: Zamazenta\n|-start|p1a: Zamazenta|Substitute\n|-damage|p1a: Zamazenta|76\/100\n|move|p2a: Clodsire|Haze|p2a: Clodsire\n|-clearallboost\n|\n|-heal|p1a: Zamazenta|82\/100|[from] item: Leftovers\n|upkeep\n|turn|5\n|\n|t:|1700184178\n|move|p1a: Zamazenta|Crunch|p2a: Clodsire\n|-damage|p2a: Clodsire|74\/100\n|move|p2a: Clodsire|Stealth Rock|p1a: Zamazenta\n|-sidestart|p1: Vredge|move: Stealth Rock\n|\n|-heal|p1a: Zamazenta|88\/100|[from] item: Leftovers\n|-heal|p2a: Clodsire|80\/100|[from] item: Black Sludge\n|upkeep\n|turn|6\n|\n|t:|1700184183\n|switch|p2a: Landorus|Landorus-Therian, M|100\/100\n|-damage|p2a: Landorus|88\/100|[from] Stealth Rock\n|-ability|p2a: Landorus|Intimidate|boost\n|-immune|p1a: Zamazenta\n|move|p1a: Zamazenta|Iron Defense|p1a: Zamazenta\n|-boost|p1a: Zamazenta|def|2\n|\n|-heal|p1a: Zamazenta|94\/100|[from] item: Leftovers\n|-heal|p2a: Landorus|94\/100|[from] item: Leftovers\n|upkeep\n|turn|7\n|\n|t:|1700184190\n|switch|p2a: Clodsire|Clodsire, F|80\/100\n|-sideend|p2: cerberus sama|move: Toxic Spikes|[of] p2a: Clodsire\n|-damage|p2a: Clodsire|74\/100|[from] Stealth Rock\n|move|p1a: Zamazenta|Iron Defense|p1a: Zamazenta\n|-boost|p1a: Zamazenta|def|2\n|\n|-heal|p1a: Zamazenta|99\/100|[from] item: Leftovers\n|-heal|p2a: Clodsire|80\/100|[from] item: Black Sludge\n|upkeep\n|turn|8\n|\n|t:|1700184193\n|move|p1a: Zamazenta|Body Press|p2a: Clodsire\n|-resisted|p2a: Clodsire\n|-damage|p2a: Clodsire|24\/100\n|move|p2a: Clodsire|Haze|p2a: Clodsire\n|-clearallboost\n|\n|-heal|p1a: Zamazenta|100\/100|[from] item: Leftovers\n|-heal|p2a: Clodsire|31\/100|[from] item: Black Sludge\n|upkeep\n|turn|9\n|\n|t:|1700184204\n|switch|p2a: Garganacl|Garganacl, M|100\/100\n|-damage|p2a: Garganacl|88\/100|[from] Stealth Rock\n|move|p1a: Zamazenta|Iron Defense|p1a: Zamazenta\n|-boost|p1a: Zamazenta|def|2\n|\n|-heal|p2a: Garganacl|94\/100|[from] item: Leftovers\n|upkeep\n|turn|10\n|\n|t:|1700184208\n|-terastallize|p2a: Garganacl|Ghost\n|move|p1a: Zamazenta|Body Press|p2a: Garganacl\n|-immune|p2a: Garganacl\n|move|p2a: Garganacl|Substitute|p2a: Garganacl\n|-start|p2a: Garganacl|Substitute\n|-damage|p2a: Garganacl|69\/100\n|\n|-heal|p2a: Garganacl|75\/100|[from] item: Leftovers\n|upkeep\n|turn|11\n|\n|t:|1700184214\n|move|p1a: Zamazenta|Crunch|p2a: Garganacl\n|-supereffective|p2a: Garganacl\n|-activate|p2a: Garganacl|move: Substitute|[damage]\n|move|p2a: Garganacl|Recover|p2a: Garganacl\n|-heal|p2a: Garganacl|100\/100\n|\n|upkeep\n|turn|12\n|\n|t:|1700184220\n|move|p2a: Garganacl|Protect|p2a: Garganacl\n|-singleturn|p2a: Garganacl|Protect\n|move|p1a: Zamazenta|Crunch|p2a: Garganacl\n|-activate|p2a: Garganacl|move: Protect\n|\n|upkeep\n|turn|13\n|\n|t:|1700184228\n|move|p2a: Garganacl|Protect|p2a: Garganacl\n|-singleturn|p2a: Garganacl|Protect\n|move|p1a: Zamazenta|Iron Defense|p1a: Zamazenta\n|-boost|p1a: Zamazenta|def|2\n|\n|upkeep\n|turn|14\n|\n|t:|1700184232\n|move|p1a: Zamazenta|Crunch|p2a: Garganacl\n|-supereffective|p2a: Garganacl\n|-end|p2a: Garganacl|Substitute\n|move|p2a: Garganacl|Salt Cure|p1a: Zamazenta\n|-resisted|p1a: Zamazenta\n|-activate|p1a: Zamazenta|move: Substitute|[damage]\n|\n|upkeep\n|turn|15\n|\n|t:|1700184241\n|switch|p2a: Goodra|Goodra-Hisui, M|100\/100\n|-damage|p2a: Goodra|94\/100|[from] Stealth Rock\n|move|p1a: Zamazenta|Iron Defense|p1a: Zamazenta\n|-boost|p1a: Zamazenta|def|2\n|\n|-heal|p2a: Goodra|100\/100|[from] item: Leftovers\n|upkeep\n|turn|16\n|\n|t:|1700184244\n|switch|p2a: Garganacl|Garganacl, M, tera:Ghost|100\/100\n|-damage|p2a: Garganacl|88\/100|[from] Stealth Rock\n|move|p1a: Zamazenta|Crunch|p2a: Garganacl\n|-supereffective|p2a: Garganacl\n|-damage|p2a: Garganacl|60\/100\n|\n|-heal|p2a: Garganacl|67\/100|[from] item: Leftovers\n|upkeep\n|turn|17\n|\n|t:|1700184259\n|move|p1a: Zamazenta|Crunch|p2a: Garganacl\n|-supereffective|p2a: Garganacl\n|-crit|p2a: Garganacl\n|-damage|p2a: Garganacl|26\/100\n|move|p2a: Garganacl|Recover|p2a: Garganacl\n|-heal|p2a: Garganacl|76\/100\n|\n|-heal|p2a: Garganacl|82\/100|[from] item: Leftovers\n|upkeep\n|turn|18\n|\n|t:|1700184267\n|move|p2a: Garganacl|Protect|p2a: Garganacl\n|-singleturn|p2a: Garganacl|Protect\n|move|p1a: Zamazenta|Crunch|p2a: Garganacl\n|-activate|p2a: Garganacl|move: Protect\n|\n|-heal|p2a: Garganacl|88\/100|[from] item: Leftovers\n|upkeep\n|turn|19\n|\n|t:|1700184277\n|switch|p2a: Goodra|Goodra-Hisui, M|100\/100\n|-damage|p2a: Goodra|94\/100|[from] Stealth Rock\n|move|p1a: Zamazenta|Substitute|p1a: Zamazenta\n|-fail|p1a: Zamazenta|move: Substitute\n|\n|-heal|p2a: Goodra|100\/100|[from] item: Leftovers\n|upkeep\n|turn|20\n|\n|t:|1700184289\n|switch|p2a: Garganacl|Garganacl, M, tera:Ghost|88\/100\n|-damage|p2a: Garganacl|76\/100|[from] Stealth Rock\n|move|p1a: Zamazenta|Body Press|p2a: Garganacl\n|-immune|p2a: Garganacl\n|\n|-heal|p2a: Garganacl|82\/100|[from] item: Leftovers\n|upkeep\n|turn|21\n|\n|t:|1700184294\n|switch|p2a: Goodra|Goodra-Hisui, M|100\/100\n|-damage|p2a: Goodra|94\/100|[from] Stealth Rock\n|move|p1a: Zamazenta|Crunch|p2a: Goodra\n|-damage|p2a: Goodra|76\/100\n|-ability|p2a: Goodra|Gooey\n|-unboost|p1a: Zamazenta|spe|1\n|\n|-heal|p2a: Goodra|82\/100|[from] item: Leftovers\n|upkeep\n|turn|22\n|\n|t:|1700184298\n|switch|p2a: Garganacl|Garganacl, M, tera:Ghost|82\/100\n|-damage|p2a: Garganacl|70\/100|[from] Stealth Rock\n|move|p1a: Zamazenta|Crunch|p2a: Garganacl\n|-supereffective|p2a: Garganacl\n|-damage|p2a: Garganacl|43\/100\n|-unboost|p2a: Garganacl|def|1\n|\n|-heal|p2a: Garganacl|49\/100|[from] item: Leftovers\n|upkeep\n|turn|23\n|\n|t:|1700184302\n|move|p2a: Garganacl|Protect|p2a: Garganacl\n|-singleturn|p2a: Garganacl|Protect\n|move|p1a: Zamazenta|Crunch|p2a: Garganacl\n|-activate|p2a: Garganacl|move: Protect\n|\n|-heal|p2a: Garganacl|55\/100|[from] item: Leftovers\n|upkeep\n|turn|24\n|\n|t:|1700184310\n|switch|p2a: Landorus|Landorus-Therian, M|94\/100\n|-damage|p2a: Landorus|82\/100|[from] Stealth Rock\n|-ability|p2a: Landorus|Intimidate|boost\n|-immune|p1a: Zamazenta\n|move|p1a: Zamazenta|Crunch|p2a: Landorus\n|-damage|p2a: Landorus|51\/100\n|\n|-heal|p2a: Landorus|57\/100|[from] item: Leftovers\n|upkeep\n|turn|25\n|\n|t:|1700184314\n|move|p2a: Landorus|Earth Power|p1a: Zamazenta\n|-end|p1a: Zamazenta|Substitute\n|move|p1a: Zamazenta|Substitute|p1a: Zamazenta\n|-start|p1a: Zamazenta|Substitute\n|-damage|p1a: Zamazenta|76\/100\n|\n|-heal|p2a: Landorus|63\/100|[from] item: Leftovers\n|-heal|p1a: Zamazenta|82\/100|[from] item: Leftovers\n|upkeep\n|turn|26\n|\n|t:|1700184318\n|move|p2a: Landorus|Earth Power|p1a: Zamazenta\n|-end|p1a: Zamazenta|Substitute\n|move|p1a: Zamazenta|Body Press|p2a: Landorus\n|-resisted|p2a: Landorus\n|-damage|p2a: Landorus|0 fnt\n|faint|p2a: Landorus\n|\n|-heal|p1a: Zamazenta|88\/100|[from] item: Leftovers\n|upkeep\n|\n|t:|1700184321\n|switch|p2a: Iron Valiant|Iron Valiant|100\/100\n|-damage|p2a: Iron Valiant|94\/100|[from] Stealth Rock\n|turn|27\n|\n|t:|1700184324\n|switch|p1a: Iron Moth|Iron Moth|100\/100\n|-damage|p1a: Iron Moth|76\/100|[from] Stealth Rock\n|-enditem|p1a: Iron Moth|Booster Energy\n|-activate|p1a: Iron Moth|ability: Quark Drive|[fromitem]\n|-start|p1a: Iron Moth|quarkdrivespe\n|move|p2a: Iron Valiant|Trick|p1a: Iron Moth\n|-activate|p2a: Iron Valiant|move: Trick|[of] p1a: Iron Moth\n|-item|p1a: Iron Moth|Choice Scarf|[from] move: Trick\n|-enditem|p2a: Iron Valiant|Choice Scarf|[silent]|[from] move: Trick\n|\n|upkeep\n|turn|28\n|\n|t:|1700184333\n|-end|p2a: Iron Valiant|Quark Drive|[silent]\n|switch|p2a: Clodsire|Clodsire, F|31\/100\n|-damage|p2a: Clodsire|24\/100|[from] Stealth Rock\n|move|p1a: Iron Moth|Fiery Dance|p2a: Clodsire\n|-damage|p2a: Clodsire|4\/100\n|\n|-heal|p2a: Clodsire|10\/100|[from] item: Black Sludge\n|upkeep\n|turn|29\n|\n|t:|1700184335\n|move|p1a: Iron Moth|Fiery Dance|p2a: Clodsire\n|-damage|p2a: Clodsire|0 fnt\n|-boost|p1a: Iron Moth|spa|1\n|faint|p2a: Clodsire\n|\n|upkeep\n|\n|t:|1700184338\n|switch|p2a: Great Tusk|Great Tusk|100\/100\n|-damage|p2a: Great Tusk|98\/100|[from] Stealth Rock\n|turn|30\n|\n|t:|1700184341\n|move|p1a: Iron Moth|Fiery Dance|p2a: Great Tusk\n|-damage|p2a: Great Tusk|24\/100\n|-boost|p1a: Iron Moth|spa|1\n|move|p2a: Great Tusk|Rapid Spin|p1a: Iron Moth\n|-damage|p1a: Iron Moth|54\/100\n|-boost|p2a: Great Tusk|spe|1\n|-sideend|p2: cerberus sama|Stealth Rock|[from] move: Rapid Spin|[of] p2a: Great Tusk\n|\n|upkeep\n|turn|31\n|\n|t:|1700184345\n|move|p1a: Iron Moth|Fiery Dance|p2a: Great Tusk\n|-damage|p2a: Great Tusk|0 fnt\n|faint|p2a: Great Tusk\n|-end|p2a: Great Tusk|Protosynthesis|[silent]\n|\n|upkeep\n|\n|t:|1700184349\n|switch|p2a: Iron Valiant|Iron Valiant|94\/100\n|turn|32\n|\n|t:|1700184352\n|move|p1a: Iron Moth|Fiery Dance|p2a: Iron Valiant\n|-damage|p2a: Iron Valiant|0 fnt\n|faint|p2a: Iron Valiant\n|-end|p2a: Iron Valiant|Quark Drive|[silent]\n|\n|upkeep\n|\n|t:|1700184356\n|switch|p2a: Goodra|Goodra-Hisui, M|82\/100\n|turn|33\n|\n|t:|1700184360\n|move|p1a: Iron Moth|Fiery Dance|p2a: Goodra\n|-damage|p2a: Goodra|27\/100\n|-boost|p1a: Iron Moth|spa|1\n|move|p2a: Goodra|Ice Beam|p1a: Iron Moth\n|-resisted|p1a: Iron Moth\n|-damage|p1a: Iron Moth|42\/100\n|\n|-heal|p2a: Goodra|33\/100|[from] item: Leftovers\n|upkeep\n|turn|34\n|\n|t:|1700184363\n|move|p1a: Iron Moth|Fiery Dance|p2a: Goodra\n|-damage|p2a: Goodra|0 fnt\n|faint|p2a: Goodra\n|\n|upkeep\n|\n|t:|1700184364\n|switch|p2a: Garganacl|Garganacl, M, tera:Ghost|55\/100\n|turn|35\n|\n|t:|1700184366\n|move|p1a: Iron Moth|Fiery Dance|p2a: Garganacl\n|-damage|p2a: Garganacl|0 fnt\n|faint|p2a: Garganacl\n|\n|win|Vredge\n|raw|Vredge's rating: 1676 &rarr; <strong>1693<\/strong><br \/>(+17 for winning)\n|raw|cerberus sama's rating: 1626 &rarr; <strong>1609<\/strong><br \/>(-17 for losing)\n|l|\u2606cerberus sama\n","uploadtime":1700184374,"views":7,"p1id":"vredge","p2id":"cerberussama","formatid":"gen9ou","rating":1609,"private":0,"password":""}