{"id":"gen9ou-2000577632","p1":"CoogieInTheWater","p2":"Dr.Clorox","format":"[Gen 9] OU","log":"|j|\u2606CoogieInTheWater\n|j|\u2606Dr.Clorox\n|t:|1701207008\n|gametype|singles\n|player|p1|CoogieInTheWater|swimmer-gen4dp|1202\n|player|p2|Dr.Clorox|unknown|1124\n|teamsize|p1|6\n|teamsize|p2|6\n|gen|9\n|tier|[Gen 9] OU\n|rated|\n|rule|Sleep Clause Mod: Limit one foe put to sleep\n|rule|Species Clause: Limit one of each Pok\u00e9mon\n|rule|OHKO Clause: OHKO moves are banned\n|rule|Evasion Items Clause: Evasion items are banned\n|rule|Evasion Moves Clause: Evasion moves are banned\n|rule|Endless Battle Clause: Forcing endless battles is banned\n|rule|HP Percentage Mod: HP is shown in percentages\n|clearpoke\n|poke|p1|Weavile, M|\n|poke|p1|Cinderace, M|\n|poke|p1|Iron Valiant|\n|poke|p1|Zapdos|\n|poke|p1|Ting-Lu|\n|poke|p1|Slowking-Galar, M|\n|poke|p2|Hippowdon, M|\n|poke|p2|Brambleghast, F|\n|poke|p2|Masquerain, M|\n|poke|p2|Mimikyu, M|\n|poke|p2|Golduck, M|\n|poke|p2|Florges-White, F|\n|teampreview\n|c|\u2606Dr.Clorox|hello\n|\n|t:|1701207025\n|start\n|switch|p1a: Ting-Lu|Ting-Lu|100\/100\n|switch|p2a: Ligma|Masquerain, M|100\/100\n|-ability|p2a: Ligma|Intimidate|boost\n|-unboost|p1a: Ting-Lu|atk|1\n|-ability|p1a: Ting-Lu|Vessel of Ruin\n|turn|1\n|\n|t:|1701207037\n|switch|p2a: Holden|Golduck, M|100\/100\n|move|p1a: Ting-Lu|Ruination|p2a: Holden\n|-damage|p2a: Holden|50\/100\n|\n|upkeep\n|turn|2\n|\n|t:|1701207046\n|move|p2a: Holden|Aqua Tail|p1a: Ting-Lu\n|-supereffective|p1a: Ting-Lu\n|-damage|p1a: Ting-Lu|36\/100\n|move|p1a: Ting-Lu|Spikes|p2a: Holden\n|-sidestart|p2: Dr.Clorox|Spikes\n|\n|-heal|p1a: Ting-Lu|42\/100|[from] item: Leftovers\n|upkeep\n|turn|3\n|\n|t:|1701207052\n|switch|p1a: Zapdos|Zapdos|100\/100\n|move|p2a: Holden|Aqua Tail|p1a: Zapdos\n|-damage|p1a: Zapdos|50\/100\n|\n|upkeep\n|turn|4\n|\n|t:|1701207064\n|switch|p2a: Joe|Hippowdon, M|100\/100\n|-damage|p2a: Joe|88\/100|[from] Spikes\n|move|p1a: Zapdos|Volt Switch|p2a: Joe\n|-immune|p2a: Joe\n|\n|upkeep\n|turn|5\n|inactive|Battle timer is ON: inactive players will automatically lose when time's up. (requested by Dr.Clorox)\n|\n|t:|1701207093\n|switch|p1a: Ting-Lu|Ting-Lu|42\/100\n|-ability|p1a: Ting-Lu|Vessel of Ruin\n|move|p2a: Joe|Rock Slide|p1a: Ting-Lu\n|-resisted|p1a: Ting-Lu\n|-damage|p1a: Ting-Lu|33\/100\n|-damage|p2a: Joe|78\/100|[from] item: Life Orb\n|\n|-heal|p1a: Ting-Lu|39\/100|[from] item: Leftovers\n|upkeep\n|turn|6\n|\n|t:|1701207104\n|switch|p2a: Candice|Florges-White, F, shiny|100\/100\n|-damage|p2a: Candice|88\/100|[from] Spikes\n|move|p1a: Ting-Lu|Spikes|p2a: Candice\n|-sidestart|p2: Dr.Clorox|Spikes\n|\n|-heal|p1a: Ting-Lu|45\/100|[from] item: Leftovers\n|upkeep\n|turn|7\n|\n|t:|1701207122\n|move|p2a: Candice|Dazzling Gleam|p1a: Ting-Lu\n|-supereffective|p1a: Ting-Lu\n|-damage|p1a: Ting-Lu|0 fnt\n|faint|p1a: Ting-Lu\n|\n|upkeep\n|\n|t:|1701207125\n|switch|p1a: Slowking|Slowking-Galar, M|100\/100\n|turn|8\n|\n|t:|1701207136\n|switch|p2a: Bothedes|Brambleghast, F|100\/100\n|-damage|p2a: Bothedes|84\/100|[from] Spikes\n|move|p1a: Slowking|Future Sight|p2a: Bothedes\n|-start|p1a: Slowking|move: Future Sight\n|\n|upkeep\n|turn|9\n|\n|t:|1701207143\n|move|p2a: Bothedes|Thief|p1a: Slowking\n|-supereffective|p1a: Slowking\n|-damage|p1a: Slowking|57\/100\n|move|p1a: Slowking|Sludge Bomb|p2a: Bothedes\n|-damage|p2a: Bothedes|21\/100\n|\n|upkeep\n|turn|10\n|\n|t:|1701207150\n|move|p2a: Bothedes|Shadow Sneak|p1a: Slowking\n|-supereffective|p1a: Slowking\n|-damage|p1a: Slowking|15\/100\n|move|p1a: Slowking|Sludge Bomb|p2a: Bothedes\n|-damage|p2a: Bothedes|0 fnt\n|faint|p2a: Bothedes\n|\n|-hint|Future Sight did not hit because the target is fainted.\n|upkeep\n|\n|t:|1701207157\n|switch|p2a: Holden|Golduck, M|50\/100\n|-damage|p2a: Holden|34\/100|[from] Spikes\n|turn|11\n|\n|t:|1701207166\n|switch|p1a: Zapdos|Zapdos|50\/100\n|move|p2a: Holden|Shadow Claw|p1a: Zapdos\n|-damage|p1a: Zapdos|22\/100\n|-status|p2a: Holden|par|[from] ability: Static|[of] p1a: Zapdos\n|\n|upkeep\n|turn|12\n|\n|t:|1701207175\n|switch|p2a: Joe|Hippowdon, M|78\/100\n|-damage|p2a: Joe|62\/100|[from] Spikes\n|move|p1a: Zapdos|Roost|p1a: Zapdos\n|-heal|p1a: Zapdos|73\/100\n|-singleturn|p1a: Zapdos|move: Roost\n|\n|upkeep\n|turn|13\n|inactive|CoogieInTheWater has 120 seconds left.\n|\n|t:|1701207205\n|switch|p1a: Weavile|Weavile, M|100\/100\n|-ability|p1a: Weavile|Pressure\n|move|p2a: Joe|Body Press|p1a: Weavile\n|-supereffective|p1a: Weavile\n|-damage|p1a: Weavile|0 fnt\n|faint|p1a: Weavile\n|-damage|p2a: Joe|52\/100|[from] item: Life Orb\n|\n|upkeep\n|\n|t:|1701207210\n|switch|p1a: Zapdos|Zapdos|73\/100\n|turn|14\n|\n|t:|1701207216\n|move|p1a: Zapdos|Hurricane|p2a: Joe\n|-damage|p2a: Joe|3\/100\n|move|p2a: Joe|Rock Slide|p1a: Zapdos\n|-supereffective|p1a: Zapdos\n|-damage|p1a: Zapdos|17\/100\n|-damage|p2a: Joe|0 fnt|[from] item: Life Orb\n|faint|p2a: Joe\n|\n|upkeep\n|\n|t:|1701207226\n|switch|p2a: Dienda|Mimikyu, M|100\/100\n|-damage|p2a: Dienda|84\/100|[from] Spikes\n|turn|15\n|\n|t:|1701207236\n|move|p1a: Zapdos|Thunder Wave|p2a: Dienda\n|-status|p2a: Dienda|par\n|move|p2a: Dienda|Play Rough|p1a: Zapdos\n|-damage|p1a: Zapdos|0 fnt\n|faint|p1a: Zapdos\n|-heal|p2a: Dienda|87\/100 par|[from] item: Shell Bell|[of] p1: Zapdos\n|\n|upkeep\n|\n|t:|1701207242\n|switch|p1a: Slowking|Slowking-Galar, M|48\/100\n|turn|16\n|\n|t:|1701207246\n|move|p2a: Dienda|Phantom Force||[still]\n|-prepare|p2a: Dienda|Phantom Force\n|move|p1a: Slowking|Future Sight|p2a: Dienda\n|-start|p1a: Slowking|move: Future Sight\n|\n|upkeep\n|turn|17\n|\n|t:|1701207250\n|move|p2a: Dienda|Phantom Force|p1a: Slowking|[from]lockedmove\n|-supereffective|p1a: Slowking\n|-damage|p1a: Slowking|0 fnt\n|faint|p1a: Slowking\n|-heal|p2a: Dienda|95\/100 par|[from] item: Shell Bell|[of] p1: Slowking\n|\n|upkeep\n|\n|t:|1701207253\n|switch|p1a: Iron Valiant|Iron Valiant|100\/100\n|-enditem|p1a: Iron Valiant|Booster Energy\n|-activate|p1a: Iron Valiant|ability: Quark Drive|[fromitem]\n|-start|p1a: Iron Valiant|quarkdrivespe\n|turn|18\n|\n|t:|1701207262\n|-terastallize|p2a: Dienda|Ghost\n|move|p1a: Iron Valiant|Calm Mind|p1a: Iron Valiant\n|-boost|p1a: Iron Valiant|spa|1\n|-boost|p1a: Iron Valiant|spd|1\n|move|p2a: Dienda|Play Rough|p1a: Iron Valiant\n|-supereffective|p1a: Iron Valiant\n|-crit|p1a: Iron Valiant\n|-damage|p1a: Iron Valiant|0 fnt\n|faint|p1a: Iron Valiant\n|-end|p1a: Iron Valiant|Quark Drive|[silent]\n|-heal|p2a: Dienda|100\/100 par|[from] item: Shell Bell|[of] p1: Iron Valiant\n|\n|-end|p2a: Dienda|move: Future Sight\n|-activate|p2a: Dienda|ability: Disguise\n|-damage|p2a: Dienda|100\/100 par\n|detailschange|p2a: Dienda|Mimikyu-Busted, M, tera:Ghost\n|-damage|p2a: Dienda|88\/100 par|[from] pokemon: Mimikyu-Busted\n|upkeep\n|\n|t:|1701207277\n|switch|p1a: Cinderace|Cinderace, M|100\/100\n|turn|19\n|\n|t:|1701207281\n|move|p1a: Cinderace|U-turn|p2a: Dienda\n|-start|p1a: Cinderace|typechange|Bug|[from] ability: Libero\n|-resisted|p2a: Dienda\n|-damage|p2a: Dienda|68\/100 par\n|cant|p2a: Dienda|par\n|\n|upkeep\n|turn|20\n|\n|t:|1701207287\n|move|p1a: Cinderace|Court Change|p1a: Cinderace\n|-swapsideconditions\n|-activate|p1a: Cinderace|move: Court Change\n|move|p2a: Dienda|Tera Blast|p1a: Cinderace|[anim] Tera Blast Ghost\n|-damage|p1a: Cinderace|39\/100\n|-heal|p2a: Dienda|78\/100 par|[from] item: Shell Bell|[of] p1a: Cinderace\n|\n|upkeep\n|turn|21\n|\n|t:|1701207296\n|move|p1a: Cinderace|Court Change|p1a: Cinderace\n|-swapsideconditions\n|-activate|p1a: Cinderace|move: Court Change\n|move|p2a: Dienda|Tera Blast|p1a: Cinderace|[anim] Tera Blast Ghost\n|-damage|p1a: Cinderace|0 fnt\n|faint|p1a: Cinderace\n|-heal|p2a: Dienda|84\/100 par|[from] item: Shell Bell|[of] p1: Cinderace\n|\n|win|Dr.Clorox\n|raw|CoogieInTheWater's rating: 1202 &rarr; <strong>1171<\/strong><br \/>(-31 for losing)\n|raw|Dr.Clorox's rating: 1124 &rarr; <strong>1155<\/strong><br \/>(+31 for winning)\n|l|\u2606CoogieInTheWater\n|c|\u2606Dr.Clorox|gg\n","uploadtime":1701207334,"views":6,"p1id":"coogieinthewater","p2id":"drclorox","formatid":"gen9ou","rating":1155,"private":0,"password":""}