{"id":"gen9ou-1995750267","p1":"vilosa","p2":"Bakitaladelbarrio","format":"[Gen 9] OU","log":"|j|\u2606vilosa\n|j|\u2606Bakitaladelbarrio\n|t:|1700599655\n|gametype|singles\n|player|p1|vilosa|akari|1483\n|player|p2|Bakitaladelbarrio|colress|1462\n|teamsize|p1|6\n|teamsize|p2|6\n|gen|9\n|tier|[Gen 9] OU\n|rated|\n|rule|Sleep Clause Mod: Limit one foe put to sleep\n|rule|Species Clause: Limit one of each Pok\u00e9mon\n|rule|OHKO Clause: OHKO moves are banned\n|rule|Evasion Items Clause: Evasion items are banned\n|rule|Evasion Moves Clause: Evasion moves are banned\n|rule|Endless Battle Clause: Forcing endless battles is banned\n|rule|HP Percentage Mod: HP is shown in percentages\n|clearpoke\n|poke|p1|Great Tusk|\n|poke|p1|Rillaboom, F|\n|poke|p1|Heatran, F|\n|poke|p1|Alomomola, M|\n|poke|p1|Garganacl, F|\n|poke|p1|Greninja-*, M|\n|poke|p2|Landorus-Therian, M|\n|poke|p2|Dragapult, F|\n|poke|p2|Corviknight, F|\n|poke|p2|Heatran, M|\n|poke|p2|Greninja-*, M|\n|poke|p2|Iron Valiant|\n|teampreview\n|inactive|Battle timer is ON: inactive players will automatically lose when time's up. (requested by Bakitaladelbarrio)\n|\n|t:|1700599670\n|start\n|switch|p1a: Rillaboom|Rillaboom, F|100\/100\n|switch|p2a: Landorus|Landorus-Therian, M|100\/100\n|-ability|p2a: Landorus|Intimidate|boost\n|-unboost|p1a: Rillaboom|atk|1\n|-fieldstart|move: Grassy Terrain|[from] ability: Grassy Surge|[of] p1a: Rillaboom\n|turn|1\n|\n|t:|1700599680\n|move|p2a: Landorus|U-turn|p1a: Rillaboom\n|-supereffective|p1a: Rillaboom\n|-damage|p1a: Rillaboom|44\/100\n|\n|t:|1700599683\n|switch|p2a: Corviknight|Corviknight, F|100\/100|[from] U-turn\n|-ability|p2a: Corviknight|Pressure\n|move|p1a: Rillaboom|Knock Off|p2a: Corviknight\n|-damage|p2a: Corviknight|80\/100\n|-damage|p1a: Rillaboom|28\/100|[from] item: Rocky Helmet|[of] p2a: Corviknight\n|-enditem|p2a: Corviknight|Rocky Helmet|[from] move: Knock Off|[of] p1a: Rillaboom\n|\n|-heal|p1a: Rillaboom|34\/100|[from] Grassy Terrain\n|upkeep\n|turn|2\n|\n|t:|1700599695\n|switch|p1a: Alomomola|Alomomola, M|100\/100\n|move|p2a: Corviknight|U-turn|p1a: Alomomola\n|-damage|p1a: Alomomola|93\/100\n|-enditem|p1a: Alomomola|Red Card|[of] p2a: Corviknight\n|drag|p2a: Heatran|Heatran, M|100\/100\n|\n|-heal|p1a: Alomomola|99\/100|[from] Grassy Terrain\n|upkeep\n|turn|3\n|\n|t:|1700599705\n|-terastallize|p2a: Heatran|Grass\n|move|p2a: Heatran|Tera Blast|p1a: Alomomola|[anim] Tera Blast Grass\n|-supereffective|p1a: Alomomola\n|-damage|p1a: Alomomola|0 fnt\n|faint|p1a: Alomomola\n|\n|upkeep\n|\n|t:|1700599712\n|switch|p1a: Greninja|Greninja, M|100\/100\n|turn|4\n|\n|t:|1700599730\n|switch|p1a: Heatran|Heatran, F|100\/100\n|move|p2a: Heatran|Tera Blast|p1a: Heatran|[anim] Tera Blast Grass\n|-resisted|p1a: Heatran\n|-damage|p1a: Heatran|93\/100\n|\n|-heal|p1a: Heatran|99\/100|[from] Grassy Terrain\n|-heal|p1a: Heatran|100\/100|[from] item: Leftovers\n|upkeep\n|turn|5\n|\n|t:|1700599741\n|switch|p1a: Great Tusk|Great Tusk|100\/100\n|move|p2a: Heatran|Stealth Rock|p1a: Great Tusk\n|-sidestart|p1: vilosa|move: Stealth Rock\n|\n|-fieldend|move: Grassy Terrain\n|upkeep\n|turn|6\n|\n|t:|1700599753\n|-terastallize|p1a: Great Tusk|Poison\n|move|p1a: Great Tusk|Bulk Up|p1a: Great Tusk\n|-boost|p1a: Great Tusk|atk|1\n|-boost|p1a: Great Tusk|def|1\n|move|p2a: Heatran|Tera Blast|p1a: Great Tusk|[anim] Tera Blast Grass\n|-resisted|p1a: Great Tusk\n|-damage|p1a: Great Tusk|74\/100\n|\n|-heal|p1a: Great Tusk|80\/100|[from] item: Leftovers\n|upkeep\n|turn|7\n|\n|t:|1700599764\n|switch|p2a: Dragapult|Dragapult, F|100\/100\n|move|p1a: Great Tusk|Rapid Spin|p2a: Dragapult\n|-immune|p2a: Dragapult\n|\n|-heal|p1a: Great Tusk|87\/100|[from] item: Leftovers\n|upkeep\n|turn|8\n|\n|t:|1700599774\n|-end|p1a: Great Tusk|Protosynthesis|[silent]\n|switch|p1a: Garganacl|Garganacl, F|100\/100\n|-damage|p1a: Garganacl|88\/100|[from] Stealth Rock\n|move|p2a: Dragapult|Draco Meteor|p1a: Garganacl\n|-damage|p1a: Garganacl|17\/100\n|-unboost|p2a: Dragapult|spa|2\n|\n|-heal|p1a: Garganacl|23\/100|[from] item: Leftovers\n|upkeep\n|turn|9\n|\n|t:|1700599785\n|move|p2a: Dragapult|Draco Meteor|p1a: Garganacl\n|-damage|p1a: Garganacl|0 fnt\n|-unboost|p2a: Dragapult|spa|2\n|faint|p1a: Garganacl\n|\n|upkeep\n|\n|t:|1700599790\n|switch|p1a: Greninja|Greninja, M|100\/100\n|-damage|p1a: Greninja|88\/100|[from] Stealth Rock\n|turn|10\n|\n|t:|1700599799\n|switch|p2a: Greninja|Greninja, M|100\/100\n|move|p1a: Greninja|Dark Pulse|p2a: Greninja\n|-resisted|p2a: Greninja\n|-damage|p2a: Greninja|61\/100\n|-damage|p1a: Greninja|78\/100|[from] item: Life Orb\n|\n|upkeep\n|turn|11\n|\n|t:|1700599809\n|move|p1a: Greninja|Dark Pulse|p2a: Greninja\n|-resisted|p2a: Greninja\n|-damage|p2a: Greninja|25\/100\n|-damage|p1a: Greninja|69\/100|[from] item: Life Orb\n|move|p2a: Greninja|Grass Knot|p1a: Greninja\n|-supereffective|p1a: Greninja\n|-damage|p1a: Greninja|0 fnt\n|faint|p1a: Greninja\n|-ability|p2a: Greninja|Battle Bond|boost\n|-boost|p2a: Greninja|atk|1\n|-boost|p2a: Greninja|spa|1\n|-boost|p2a: Greninja|spe|1\n|-activate|p2a: Greninja|ability: Battle Bond\n|-damage|p2a: Greninja|15\/100|[from] item: Life Orb\n|\n|upkeep\n|\n|t:|1700599818\n|switch|p1a: Rillaboom|Rillaboom, F|34\/100\n|-damage|p1a: Rillaboom|22\/100|[from] Stealth Rock\n|-fieldstart|move: Grassy Terrain|[from] ability: Grassy Surge|[of] p1a: Rillaboom\n|turn|12\n|\n|t:|1700599828\n|switch|p2a: Corviknight|Corviknight, F|80\/100\n|-ability|p2a: Corviknight|Pressure\n|move|p1a: Rillaboom|Grassy Glide|p2a: Corviknight\n|-resisted|p2a: Corviknight\n|-damage|p2a: Corviknight|71\/100\n|\n|-heal|p1a: Rillaboom|28\/100|[from] Grassy Terrain\n|upkeep\n|turn|13\n|\n|t:|1700599838\n|switch|p1a: Heatran|Heatran, F|100\/100\n|-damage|p1a: Heatran|88\/100|[from] Stealth Rock\n|move|p2a: Corviknight|U-turn|p1a: Heatran\n|-resisted|p1a: Heatran\n|-crit|p1a: Heatran\n|-damage|p1a: Heatran|84\/100\n|\n|t:|1700599848\n|switch|p2a: Greninja|Greninja, M|15\/100|[from] U-turn\n|\n|-heal|p2a: Greninja|21\/100|[from] Grassy Terrain\n|-heal|p1a: Heatran|90\/100|[from] Grassy Terrain\n|-heal|p1a: Heatran|96\/100|[from] item: Leftovers\n|upkeep\n|turn|14\n|\n|t:|1700599858\n|move|p1a: Heatran|Protect|p1a: Heatran\n|-singleturn|p1a: Heatran|Protect\n|move|p2a: Greninja|Surf|p1a: Heatran\n|-activate|p1a: Heatran|move: Protect\n|\n|-heal|p2a: Greninja|27\/100|[from] Grassy Terrain\n|-heal|p1a: Heatran|100\/100|[from] Grassy Terrain\n|upkeep\n|turn|15\n|\n|t:|1700599867\n|move|p2a: Greninja|Surf|p1a: Heatran\n|-supereffective|p1a: Heatran\n|-damage|p1a: Heatran|39\/100\n|-damage|p2a: Greninja|17\/100|[from] item: Life Orb\n|move|p1a: Heatran|Earth Power|p2a: Greninja\n|-damage|p2a: Greninja|0 fnt\n|faint|p2a: Greninja\n|\n|-heal|p1a: Heatran|45\/100|[from] Grassy Terrain\n|-heal|p1a: Heatran|52\/100|[from] item: Leftovers\n|upkeep\n|\n|t:|1700599879\n|switch|p2a: Heatran|Heatran, M, tera:Grass|100\/100\n|turn|16\n|\n|t:|1700599889\n|switch|p1a: Rillaboom|Rillaboom, F|28\/100\n|-damage|p1a: Rillaboom|15\/100|[from] Stealth Rock\n|move|p2a: Heatran|Earth Power|p1a: Rillaboom\n|-resisted|p1a: Rillaboom\n|-damage|p1a: Rillaboom|0 fnt\n|faint|p1a: Rillaboom\n|\n|-fieldend|move: Grassy Terrain\n|upkeep\n|\n|t:|1700599891\n|switch|p1a: Great Tusk|Great Tusk, tera:Poison|87\/100\n|-damage|p1a: Great Tusk|74\/100|[from] Stealth Rock\n|turn|17\n|\n|t:|1700599908\n|move|p1a: Great Tusk|Rapid Spin|p2a: Heatran\n|-damage|p2a: Heatran|87\/100\n|-boost|p1a: Great Tusk|spe|1\n|-sideend|p1: vilosa|Stealth Rock|[from] move: Rapid Spin|[of] p1a: Great Tusk\n|move|p2a: Heatran|Earth Power|p1a: Great Tusk\n|-supereffective|p1a: Great Tusk\n|-damage|p1a: Great Tusk|0 fnt\n|faint|p1a: Great Tusk\n|-end|p1a: Great Tusk|Protosynthesis|[silent]\n|\n|-heal|p2a: Heatran|93\/100|[from] item: Leftovers\n|upkeep\n|-message|vilosa forfeited.\n|\n|win|Bakitaladelbarrio\n|raw|vilosa's rating: 1483 &rarr; <strong>1462<\/strong><br \/>(-21 for losing)\n|raw|Bakitaladelbarrio's rating: 1462 &rarr; <strong>1483<\/strong><br \/>(+21 for winning)\n|l|\u2606vilosa\n","uploadtime":1700599923,"views":9,"p1id":"vilosa","p2id":"bakitaladelbarrio","formatid":"gen9ou","rating":1462,"private":0,"password":""}