{"id":"gen9ou-1995099807","p1":"Ouvt frfr","p2":"muey epicado","format":"[Gen 9] OU","log":"|j|\u2606Ouvt frfr\n|j|\u2606muey epicado\n|t:|1700522503\n|gametype|singles\n|player|p1|Ouvt frfr|dawn|1706\n|player|p2|muey epicado|pokemaniac|1678\n|teamsize|p1|6\n|teamsize|p2|6\n|gen|9\n|tier|[Gen 9] OU\n|rated|\n|rule|Sleep Clause Mod: Limit one foe put to sleep\n|rule|Species Clause: Limit one of each Pok\u00e9mon\n|rule|OHKO Clause: OHKO moves are banned\n|rule|Evasion Items Clause: Evasion items are banned\n|rule|Evasion Moves Clause: Evasion moves are banned\n|rule|Endless Battle Clause: Forcing endless battles is banned\n|rule|HP Percentage Mod: HP is shown in percentages\n|clearpoke\n|poke|p1|Landorus-Therian, M|\n|poke|p1|Clodsire, F|\n|poke|p1|Inteleon, F|\n|poke|p1|Heatran, F|\n|poke|p1|Corviknight, F|\n|poke|p1|Great Tusk|\n|poke|p2|Garganacl, M|\n|poke|p2|Zapdos|\n|poke|p2|Heatran, M|\n|poke|p2|Hoopa-Unbound|\n|poke|p2|Cinderace, M|\n|poke|p2|Dragapult, M|\n|teampreview\n|\n|t:|1700522508\n|start\n|switch|p1a: Inteleon|Inteleon, F|100\/100\n|switch|p2a: Garganacl|Garganacl, M|100\/100\n|turn|1\n|inactive|Battle timer is ON: inactive players will automatically lose when time's up. (requested by Ouvt frfr)\n|\n|t:|1700522515\n|-terastallize|p1a: Inteleon|Water\n|-terastallize|p2a: Garganacl|Water\n|move|p1a: Inteleon|Snipe Shot|p2a: Garganacl\n|-resisted|p2a: Garganacl\n|-damage|p2a: Garganacl|84\/100\n|move|p2a: Garganacl|Salt Cure|p1a: Inteleon\n|-damage|p1a: Inteleon|75\/100\n|-start|p1a: Inteleon|Salt Cure\n|\n|-heal|p2a: Garganacl|90\/100|[from] item: Leftovers\n|-damage|p1a: Inteleon|50\/100|[from] Salt Cure\n|upkeep\n|turn|2\n|\n|t:|1700522526\n|move|p1a: Inteleon|U-turn|p2a: Garganacl\n|-damage|p2a: Garganacl|81\/100\n|\n|t:|1700522529\n|switch|p1a: Clodsire|Clodsire, F|100\/100|[from] U-turn\n|move|p2a: Garganacl|Stealth Rock|p1a: Clodsire\n|-sidestart|p1: Ouvt frfr|move: Stealth Rock\n|\n|-heal|p2a: Garganacl|87\/100|[from] item: Leftovers\n|upkeep\n|turn|3\n|\n|t:|1700522536\n|switch|p2a: Hoopa|Hoopa-Unbound|100\/100\n|move|p1a: Clodsire|Spikes|p2a: Hoopa\n|-sidestart|p2: muey epicado|Spikes\n|\n|upkeep\n|turn|4\n|\n|t:|1700522541\n|switch|p1a: Landorus|Landorus-Therian, M|100\/100\n|-damage|p1a: Landorus|88\/100|[from] Stealth Rock\n|-ability|p1a: Landorus|Intimidate|boost\n|-unboost|p2a: Hoopa|atk|1\n|move|p2a: Hoopa|Knock Off|p1a: Landorus\n|-damage|p1a: Landorus|31\/100\n|-enditem|p1a: Landorus|Leftovers|[from] move: Knock Off|[of] p2a: Hoopa\n|-damage|p2a: Hoopa|91\/100|[from] item: Life Orb\n|\n|upkeep\n|turn|5\n|\n|t:|1700522552\n|switch|p2a: Zapdos|Zapdos|100\/100\n|move|p1a: Landorus|U-turn|p2a: Zapdos\n|-resisted|p2a: Zapdos\n|-damage|p2a: Zapdos|93\/100\n|\n|t:|1700522557\n|switch|p1a: Heatran|Heatran, F|100\/100|[from] U-turn\n|-damage|p1a: Heatran|88\/100|[from] Stealth Rock\n|\n|-heal|p1a: Heatran|94\/100|[from] item: Leftovers\n|upkeep\n|turn|6\n|\n|t:|1700522567\n|switch|p2a: Hoopa|Hoopa-Unbound|91\/100\n|-damage|p2a: Hoopa|78\/100|[from] Spikes\n|move|p1a: Heatran|Magma Storm|p2a: Hoopa|[miss]\n|-miss|p1a: Heatran|p2a: Hoopa\n|\n|-heal|p1a: Heatran|99\/100|[from] item: Leftovers\n|upkeep\n|turn|7\n|\n|t:|1700522578\n|move|p2a: Hoopa|Knock Off|p1a: Heatran\n|-damage|p1a: Heatran|34\/100\n|-enditem|p1a: Heatran|Leftovers|[from] move: Knock Off|[of] p2a: Hoopa\n|-damage|p2a: Hoopa|68\/100|[from] item: Life Orb\n|move|p1a: Heatran|Will-O-Wisp|p2a: Hoopa\n|-status|p2a: Hoopa|brn\n|\n|-damage|p2a: Hoopa|62\/100 brn|[from] brn\n|upkeep\n|turn|8\n|\n|t:|1700522588\n|move|p2a: Hoopa|Hyperspace Fury|p1a: Heatran\n|-damage|p1a: Heatran|0 fnt\n|-unboost|p2a: Hoopa|def|1\n|faint|p1a: Heatran\n|-damage|p2a: Hoopa|52\/100 brn|[from] item: Life Orb\n|\n|-damage|p2a: Hoopa|46\/100 brn|[from] brn\n|upkeep\n|\n|t:|1700522596\n|switch|p1a: Great Tusk|Great Tusk|100\/100\n|-damage|p1a: Great Tusk|97\/100|[from] Stealth Rock\n|-enditem|p1a: Great Tusk|Booster Energy\n|-activate|p1a: Great Tusk|ability: Protosynthesis|[fromitem]\n|-start|p1a: Great Tusk|protosynthesisspe\n|turn|9\n|\n|t:|1700522605\n|move|p1a: Great Tusk|Ice Spinner|p2a: Hoopa\n|-damage|p2a: Hoopa|0 fnt\n|faint|p2a: Hoopa\n|\n|upkeep\n|\n|t:|1700522611\n|switch|p2a: Zapdos|Zapdos|93\/100\n|turn|10\n|\n|t:|1700522615\n|-end|p1a: Great Tusk|Protosynthesis|[silent]\n|switch|p1a: Clodsire|Clodsire, F|100\/100\n|-damage|p1a: Clodsire|94\/100|[from] Stealth Rock\n|move|p2a: Zapdos|Hurricane|p1a: Clodsire|[miss]\n|-miss|p2a: Zapdos|p1a: Clodsire\n|\n|-heal|p1a: Clodsire|100\/100|[from] item: Leftovers\n|upkeep\n|turn|11\n|\n|t:|1700522624\n|switch|p2a: Heatran|Heatran, M|100\/100\n|-item|p2a: Heatran|Air Balloon\n|move|p1a: Clodsire|Spikes|p2a: Heatran\n|-sidestart|p2: muey epicado|Spikes\n|\n|upkeep\n|turn|12\n|\n|t:|1700522630\n|switch|p1a: Inteleon|Inteleon, F, tera:Water|50\/100\n|-damage|p1a: Inteleon|38\/100|[from] Stealth Rock\n|move|p2a: Heatran|Magma Storm|p1a: Inteleon|[miss]\n|-miss|p2a: Heatran|p1a: Inteleon\n|\n|upkeep\n|turn|13\n|\n|t:|1700522642\n|switch|p2a: Garganacl|Garganacl, M, tera:Water|87\/100\n|-damage|p2a: Garganacl|71\/100|[from] Spikes\n|move|p1a: Inteleon|U-turn|p2a: Garganacl\n|-damage|p2a: Garganacl|62\/100\n|\n|t:|1700522648\n|switch|p1a: Landorus|Landorus-Therian, M|31\/100|[from] U-turn\n|-damage|p1a: Landorus|19\/100|[from] Stealth Rock\n|-ability|p1a: Landorus|Intimidate|boost\n|-unboost|p2a: Garganacl|atk|1\n|\n|-heal|p2a: Garganacl|69\/100|[from] item: Leftovers\n|upkeep\n|turn|14\n|\n|t:|1700522656\n|move|p2a: Garganacl|Protect|p2a: Garganacl\n|-singleturn|p2a: Garganacl|Protect\n|move|p1a: Landorus|Grass Knot|p2a: Garganacl\n|-activate|p2a: Garganacl|move: Protect\n|\n|-heal|p2a: Garganacl|75\/100|[from] item: Leftovers\n|upkeep\n|turn|15\n|\n|t:|1700522669\n|move|p1a: Landorus|U-turn|p2a: Garganacl\n|-damage|p2a: Garganacl|61\/100\n|\n|t:|1700522675\n|switch|p1a: Great Tusk|Great Tusk|97\/100|[from] U-turn\n|-damage|p1a: Great Tusk|94\/100|[from] Stealth Rock\n|move|p2a: Garganacl|Recover|p2a: Garganacl\n|-heal|p2a: Garganacl|100\/100\n|\n|upkeep\n|turn|16\n|\n|t:|1700522684\n|move|p1a: Great Tusk|Bulk Up|p1a: Great Tusk\n|-boost|p1a: Great Tusk|atk|1\n|-boost|p1a: Great Tusk|def|1\n|move|p2a: Garganacl|Salt Cure|p1a: Great Tusk\n|-resisted|p1a: Great Tusk\n|-damage|p1a: Great Tusk|94\/100\n|-start|p1a: Great Tusk|Salt Cure\n|\n|-damage|p1a: Great Tusk|81\/100|[from] Salt Cure\n|upkeep\n|turn|17\n|\n|t:|1700522693\n|switch|p2a: Zapdos|Zapdos|93\/100\n|move|p1a: Great Tusk|Rapid Spin|p2a: Zapdos\n|-damage|p2a: Zapdos|75\/100\n|-boost|p1a: Great Tusk|spe|1\n|-sideend|p1: Ouvt frfr|Stealth Rock|[from] move: Rapid Spin|[of] p1a: Great Tusk\n|\n|-damage|p1a: Great Tusk|69\/100|[from] Salt Cure\n|upkeep\n|turn|18\n|\n|t:|1700522702\n|move|p1a: Great Tusk|Ice Spinner|p2a: Zapdos\n|-supereffective|p2a: Zapdos\n|-damage|p2a: Zapdos|27\/100\n|-status|p1a: Great Tusk|par|[from] ability: Static|[of] p2a: Zapdos\n|move|p2a: Zapdos|Hurricane|p1a: Great Tusk\n|-supereffective|p1a: Great Tusk\n|-damage|p1a: Great Tusk|0 fnt\n|faint|p1a: Great Tusk\n|-end|p1a: Great Tusk|Protosynthesis|[silent]\n|\n|upkeep\n|\n|t:|1700522707\n|switch|p1a: Inteleon|Inteleon, F, tera:Water|38\/100\n|turn|19\n|\n|t:|1700522718\n|move|p1a: Inteleon|Snipe Shot|p2a: Zapdos\n|-crit|p2a: Zapdos\n|-damage|p2a: Zapdos|0 fnt\n|faint|p2a: Zapdos\n|\n|upkeep\n|\n|t:|1700522728\n|switch|p2a: Dragapult|Dragapult, M|100\/100\n|-damage|p2a: Dragapult|84\/100|[from] Spikes\n|turn|20\n|\n|t:|1700522735\n|switch|p1a: Clodsire|Clodsire, F|100\/100\n|move|p2a: Dragapult|U-turn|p1a: Clodsire\n|-resisted|p1a: Clodsire\n|-damage|p1a: Clodsire|90\/100\n|\n|t:|1700522742\n|switch|p2a: Heatran|Heatran, M|100\/100|[from] U-turn\n|-item|p2a: Heatran|Air Balloon\n|\n|-heal|p1a: Clodsire|96\/100|[from] item: Leftovers\n|upkeep\n|turn|21\n|\n|t:|1700522750\n|switch|p1a: Landorus|Landorus-Therian, M|19\/100\n|-ability|p1a: Landorus|Intimidate|boost\n|-unboost|p2a: Heatran|atk|1\n|move|p2a: Heatran|Magma Storm|p1a: Landorus|[miss]\n|-miss|p2a: Heatran|p1a: Landorus\n|\n|upkeep\n|turn|22\n|\n|t:|1700522757\n|move|p1a: Landorus|U-turn|p2a: Heatran\n|-resisted|p2a: Heatran\n|-damage|p2a: Heatran|95\/100\n|-enditem|p2a: Heatran|Air Balloon\n|\n|t:|1700522762\n|switch|p1a: Clodsire|Clodsire, F|96\/100|[from] U-turn\n|move|p2a: Heatran|Tera Blast|p1a: Clodsire\n|-damage|p1a: Clodsire|82\/100\n|\n|-heal|p1a: Clodsire|88\/100|[from] item: Leftovers\n|upkeep\n|turn|23\n|\n|t:|1700522770\n|switch|p2a: Garganacl|Garganacl, M, tera:Water|100\/100\n|-damage|p2a: Garganacl|84\/100|[from] Spikes\n|move|p1a: Clodsire|Earthquake|p2a: Garganacl\n|-damage|p2a: Garganacl|66\/100\n|\n|-heal|p2a: Garganacl|72\/100|[from] item: Leftovers\n|-heal|p1a: Clodsire|94\/100|[from] item: Leftovers\n|upkeep\n|turn|24\n|\n|t:|1700522779\n|move|p2a: Garganacl|Stealth Rock|p1a: Clodsire\n|-sidestart|p1: Ouvt frfr|move: Stealth Rock\n|move|p1a: Clodsire|Earthquake|p2a: Garganacl\n|-damage|p2a: Garganacl|53\/100\n|\n|-heal|p2a: Garganacl|59\/100|[from] item: Leftovers\n|-heal|p1a: Clodsire|99\/100|[from] item: Leftovers\n|upkeep\n|turn|25\n|\n|t:|1700522787\n|move|p2a: Garganacl|Salt Cure|p1a: Clodsire\n|-resisted|p1a: Clodsire\n|-damage|p1a: Clodsire|93\/100\n|-start|p1a: Clodsire|Salt Cure\n|move|p1a: Clodsire|Earthquake|p2a: Garganacl\n|-damage|p2a: Garganacl|39\/100\n|\n|-heal|p2a: Garganacl|45\/100|[from] item: Leftovers\n|-heal|p1a: Clodsire|99\/100|[from] item: Leftovers\n|-damage|p1a: Clodsire|87\/100|[from] Salt Cure\n|upkeep\n|turn|26\n|\n|t:|1700522797\n|move|p2a: Garganacl|Recover|p2a: Garganacl\n|-heal|p2a: Garganacl|95\/100\n|move|p1a: Clodsire|Poison Jab|p2a: Garganacl\n|-damage|p2a: Garganacl|79\/100\n|\n|-heal|p2a: Garganacl|86\/100|[from] item: Leftovers\n|-heal|p1a: Clodsire|93\/100|[from] item: Leftovers\n|-damage|p1a: Clodsire|80\/100|[from] Salt Cure\n|upkeep\n|turn|27\n|\n|t:|1700522806\n|switch|p2a: Dragapult|Dragapult, M|84\/100\n|-damage|p2a: Dragapult|68\/100|[from] Spikes\n|move|p1a: Clodsire|Poison Jab|p2a: Dragapult\n|-resisted|p2a: Dragapult\n|-damage|p2a: Dragapult|53\/100\n|\n|-heal|p1a: Clodsire|86\/100|[from] item: Leftovers\n|-damage|p1a: Clodsire|74\/100|[from] Salt Cure\n|upkeep\n|turn|28\n|\n|t:|1700522816\n|move|p2a: Dragapult|Shadow Ball|p1a: Clodsire\n|-damage|p1a: Clodsire|45\/100\n|move|p1a: Clodsire|Recover|p1a: Clodsire\n|-heal|p1a: Clodsire|95\/100\n|\n|-heal|p1a: Clodsire|100\/100|[from] item: Leftovers\n|-damage|p1a: Clodsire|88\/100|[from] Salt Cure\n|upkeep\n|turn|29\n|\n|t:|1700522824\n|move|p2a: Dragapult|Shadow Ball|p1a: Clodsire\n|-damage|p1a: Clodsire|58\/100\n|move|p1a: Clodsire|Earthquake|p2a: Dragapult\n|-damage|p2a: Dragapult|15\/100\n|\n|-heal|p1a: Clodsire|64\/100|[from] item: Leftovers\n|-damage|p1a: Clodsire|52\/100|[from] Salt Cure\n|upkeep\n|turn|30\n|\n|t:|1700522832\n|move|p2a: Dragapult|Shadow Ball|p1a: Clodsire\n|-damage|p1a: Clodsire|23\/100\n|-unboost|p1a: Clodsire|spd|1\n|move|p1a: Clodsire|Recover|p1a: Clodsire\n|-heal|p1a: Clodsire|73\/100\n|\n|-heal|p1a: Clodsire|79\/100|[from] item: Leftovers\n|-damage|p1a: Clodsire|67\/100|[from] Salt Cure\n|upkeep\n|turn|31\n|\n|t:|1700522841\n|switch|p1a: Landorus|Landorus-Therian, M|19\/100\n|-damage|p1a: Landorus|6\/100|[from] Stealth Rock\n|-ability|p1a: Landorus|Intimidate|boost\n|-unboost|p2a: Dragapult|atk|1\n|move|p2a: Dragapult|Shadow Ball|p1a: Landorus\n|-damage|p1a: Landorus|0 fnt\n|faint|p1a: Landorus\n|\n|upkeep\n|\n|t:|1700522844\n|switch|p1a: Clodsire|Clodsire, F|67\/100\n|-damage|p1a: Clodsire|61\/100|[from] Stealth Rock\n|turn|32\n|\n|t:|1700522852\n|move|p2a: Dragapult|Shadow Ball|p1a: Clodsire\n|-damage|p1a: Clodsire|34\/100\n|-unboost|p1a: Clodsire|spd|1\n|move|p1a: Clodsire|Recover|p1a: Clodsire\n|-heal|p1a: Clodsire|84\/100\n|\n|-heal|p1a: Clodsire|90\/100|[from] item: Leftovers\n|upkeep\n|turn|33\n|\n|t:|1700522860\n|move|p2a: Dragapult|Shadow Ball|p1a: Clodsire\n|-damage|p1a: Clodsire|50\/100\n|move|p1a: Clodsire|Earthquake|p2a: Dragapult\n|-damage|p2a: Dragapult|0 fnt\n|faint|p2a: Dragapult\n|\n|-heal|p1a: Clodsire|56\/100|[from] item: Leftovers\n|upkeep\n|\n|t:|1700522868\n|switch|p2a: Cinderace|Cinderace, M|100\/100\n|turn|34\n|\n|t:|1700522885\n|move|p2a: Cinderace|Pyro Ball|p1a: Clodsire\n|-damage|p1a: Clodsire|2\/100\n|move|p1a: Clodsire|Recover|p1a: Clodsire\n|-heal|p1a: Clodsire|52\/100\n|\n|-heal|p1a: Clodsire|58\/100|[from] item: Leftovers\n|upkeep\n|turn|35\n|\n|t:|1700522895\n|switch|p1a: Corviknight|Corviknight, F|100\/100\n|-damage|p1a: Corviknight|88\/100|[from] Stealth Rock\n|-ability|p1a: Corviknight|Pressure\n|move|p2a: Cinderace|Will-O-Wisp|p1a: Corviknight\n|-status|p1a: Corviknight|brn\n|\n|-damage|p1a: Corviknight|82\/100 brn|[from] brn\n|upkeep\n|turn|36\n|\n|t:|1700522905\n|move|p2a: Cinderace|Pyro Ball|p1a: Corviknight\n|-supereffective|p1a: Corviknight\n|-crit|p1a: Corviknight\n|-damage|p1a: Corviknight|0 fnt\n|faint|p1a: Corviknight\n|\n|upkeep\n|\n|t:|1700522908\n|switch|p1a: Inteleon|Inteleon, F, tera:Water|38\/100\n|-damage|p1a: Inteleon|25\/100|[from] Stealth Rock\n|turn|37\n|\n|t:|1700522913\n|switch|p2a: Heatran|Heatran, M|95\/100\n|-damage|p2a: Heatran|79\/100|[from] Spikes\n|move|p1a: Inteleon|U-turn|p2a: Heatran\n|-resisted|p2a: Heatran\n|-damage|p2a: Heatran|76\/100\n|\n|t:|1700522915\n|switch|p1a: Clodsire|Clodsire, F|58\/100|[from] U-turn\n|-damage|p1a: Clodsire|52\/100|[from] Stealth Rock\n|\n|-heal|p1a: Clodsire|58\/100|[from] item: Leftovers\n|upkeep\n|turn|38\n|\n|t:|1700522924\n|move|p2a: Heatran|Earth Power|p1a: Clodsire\n|-supereffective|p1a: Clodsire\n|-damage|p1a: Clodsire|20\/100\n|move|p1a: Clodsire|Earthquake|p2a: Heatran\n|-supereffective|p2a: Heatran\n|-damage|p2a: Heatran|0 fnt\n|faint|p2a: Heatran\n|\n|-heal|p1a: Clodsire|26\/100|[from] item: Leftovers\n|upkeep\n|\n|t:|1700522932\n|switch|p2a: Cinderace|Cinderace, M|100\/100\n|turn|39\n|\n|t:|1700522939\n|move|p2a: Cinderace|Pyro Ball|p1a: Clodsire\n|-damage|p1a: Clodsire|0 fnt\n|faint|p1a: Clodsire\n|\n|upkeep\n|\n|t:|1700522941\n|switch|p1a: Inteleon|Inteleon, F, tera:Water|25\/100\n|-damage|p1a: Inteleon|13\/100|[from] Stealth Rock\n|turn|40\n|\n|t:|1700522946\n|move|p1a: Inteleon|Snipe Shot|p2a: Cinderace\n|-supereffective|p2a: Cinderace\n|-damage|p2a: Cinderace|0 fnt\n|faint|p2a: Cinderace\n|\n|upkeep\n|\n|t:|1700522950\n|switch|p2a: Garganacl|Garganacl, M, tera:Water|86\/100\n|-damage|p2a: Garganacl|69\/100|[from] Spikes\n|turn|41\n|\n|t:|1700522959\n|move|p1a: Inteleon|Snipe Shot|p2a: Garganacl\n|-resisted|p2a: Garganacl\n|-damage|p2a: Garganacl|50\/100\n|move|p2a: Garganacl|Salt Cure|p1a: Inteleon\n|-damage|p1a: Inteleon|0 fnt\n|faint|p1a: Inteleon\n|\n|win|muey epicado\n|raw|Ouvt frfr's rating: 1706 &rarr; <strong>1684<\/strong><br \/>(-22 for losing)\n|raw|muey epicado's rating: 1678 &rarr; <strong>1700<\/strong><br \/>(+22 for winning)\n|l|\u2606Ouvt frfr\n","uploadtime":1700522998,"views":5,"p1id":"ouvtfrfr","p2id":"mueyepicado","formatid":"gen9ou","rating":1684,"private":0,"password":""}