{"id":"gen9ou-1989265144","p1":"819u50y18b5","p2":"Gnaark","format":"[Gen 9] OU","log":"|j|\u2606819u50y18b5\n|j|\u2606Gnaark\n|t:|1699829614\n|gametype|singles\n|player|p1|819u50y18b5|2|1488\n|player|p2|Gnaark|101|1559\n|teamsize|p1|6\n|teamsize|p2|6\n|gen|9\n|tier|[Gen 9] OU\n|rated|\n|rule|Sleep Clause Mod: Limit one foe put to sleep\n|rule|Species Clause: Limit one of each Pok\u00e9mon\n|rule|OHKO Clause: OHKO moves are banned\n|rule|Evasion Items Clause: Evasion items are banned\n|rule|Evasion Moves Clause: Evasion moves are banned\n|rule|Endless Battle Clause: Forcing endless battles is banned\n|rule|HP Percentage Mod: HP is shown in percentages\n|clearpoke\n|poke|p1|Torkoal, M|\n|poke|p1|Cinderace, F|\n|poke|p1|Ceruledge, F|\n|poke|p1|Hatterene, F|\n|poke|p1|Walking Wake|\n|poke|p1|Great Tusk|\n|poke|p2|Kommo-o, M|\n|poke|p2|Rillaboom, F|\n|poke|p2|Gholdengo|\n|poke|p2|Greninja-*, M|\n|poke|p2|Heatran, M|\n|poke|p2|Weezing-Galar, F|\n|teampreview\n|inactive|Battle timer is ON: inactive players will automatically lose when time's up. (requested by 819u50y18b5)\n|\n|t:|1699829634\n|start\n|switch|p1a: Torkoal|Torkoal, M|100\/100\n|switch|p2a: Heatran|Heatran, M|100\/100\n|-weather|SunnyDay|[from] ability: Drought|[of] p1a: Torkoal\n|turn|1\n|\n|t:|1699829651\n|move|p2a: Heatran|Magma Storm|p1a: Torkoal\n|-resisted|p1a: Torkoal\n|-damage|p1a: Torkoal|69\/100\n|-activate|p1a: Torkoal|move: Magma Storm|[of] p2a: Heatran\n|move|p1a: Torkoal|Yawn|p2a: Heatran\n|-start|p2a: Heatran|move: Yawn|[of] p1a: Torkoal\n|\n|-weather|SunnyDay|[upkeep]\n|-damage|p1a: Torkoal|56\/100|[from] move: Magma Storm|[partiallytrapped]\n|upkeep\n|turn|2\n|\n|t:|1699829660\n|move|p2a: Heatran|Taunt|p1a: Torkoal\n|-start|p1a: Torkoal|move: Taunt\n|cant|p1a: Torkoal|move: Taunt|Stealth Rock\n|\n|-weather|SunnyDay|[upkeep]\n|-damage|p1a: Torkoal|44\/100|[from] move: Magma Storm|[partiallytrapped]\n|-end|p2a: Heatran|move: Yawn|[silent]\n|-status|p2a: Heatran|slp\n|upkeep\n|turn|3\n|\n|t:|1699829665\n|cant|p2a: Heatran|slp\n|move|p1a: Torkoal|Solar Beam||[still]\n|-prepare|p1a: Torkoal|Solar Beam\n|-anim|p1a: Torkoal|Solar Beam|p2a: Heatran\n|-resisted|p2a: Heatran\n|-damage|p2a: Heatran|96\/100 slp\n|\n|-weather|SunnyDay|[upkeep]\n|-heal|p2a: Heatran|100\/100 slp|[from] item: Leftovers\n|-damage|p1a: Torkoal|32\/100|[from] move: Magma Storm|[partiallytrapped]\n|upkeep\n|turn|4\n|\n|t:|1699829673\n|cant|p2a: Heatran|slp\n|move|p1a: Torkoal|Solar Beam||[still]\n|-prepare|p1a: Torkoal|Solar Beam\n|-anim|p1a: Torkoal|Solar Beam|p2a: Heatran\n|-resisted|p2a: Heatran\n|-damage|p2a: Heatran|97\/100 slp\n|\n|-weather|SunnyDay|[upkeep]\n|-heal|p2a: Heatran|100\/100 slp|[from] item: Leftovers\n|-damage|p1a: Torkoal|20\/100|[from] move: Magma Storm|[partiallytrapped]\n|-end|p1a: Torkoal|move: Taunt\n|upkeep\n|turn|5\n|\n|t:|1699829682\n|-curestatus|p2a: Heatran|slp|[msg]\n|move|p2a: Heatran|Stealth Rock|p1a: Torkoal\n|-sidestart|p1: 819u50y18b5|move: Stealth Rock\n|move|p1a: Torkoal|Stealth Rock|p2a: Heatran\n|-sidestart|p2: Gnaark|move: Stealth Rock\n|\n|-weather|SunnyDay|[upkeep]\n|-end|p1a: Torkoal|Magma Storm|[partiallytrapped]\n|upkeep\n|turn|6\n|\n|t:|1699829696\n|switch|p1a: Dumbo|Great Tusk|100\/100\n|-damage|p1a: Dumbo|97\/100|[from] Stealth Rock\n|-activate|p1a: Dumbo|ability: Protosynthesis\n|-start|p1a: Dumbo|protosynthesisatk\n|move|p2a: Heatran|Earth Power|p1a: Dumbo\n|-damage|p1a: Dumbo|57\/100\n|\n|-weather|SunnyDay|[upkeep]\n|-heal|p1a: Dumbo|63\/100|[from] item: Leftovers\n|upkeep\n|turn|7\n|\n|t:|1699829711\n|move|p1a: Dumbo|Ice Spinner|p2a: Heatran\n|-resisted|p2a: Heatran\n|-damage|p2a: Heatran|92\/100\n|move|p2a: Heatran|Magma Storm|p1a: Dumbo\n|-damage|p1a: Dumbo|0 fnt\n|faint|p1a: Dumbo\n|-end|p1a: Dumbo|Protosynthesis|[silent]\n|\n|-weather|SunnyDay|[upkeep]\n|-heal|p2a: Heatran|98\/100|[from] item: Leftovers\n|upkeep\n|\n|t:|1699829716\n|switch|p1a: Cinderace|Cinderace, F|100\/100\n|turn|8\n|\n|t:|1699829743\n|-terastallize|p2a: Heatran|Grass\n|move|p1a: Cinderace|High Jump Kick|p2a: Heatran\n|-start|p1a: Cinderace|typechange|Fighting|[from] ability: Libero\n|-damage|p2a: Heatran|49\/100\n|move|p2a: Heatran|Earth Power|p1a: Cinderace\n|-damage|p1a: Cinderace|61\/100\n|\n|-weather|none\n|-heal|p2a: Heatran|55\/100|[from] item: Leftovers\n|upkeep\n|turn|9\n|\n|t:|1699829756\n|move|p1a: Cinderace|Pyro Ball|p2a: Heatran\n|-start|p2a: Heatran|ability: Flash Fire\n|move|p2a: Heatran|Magma Storm|p1a: Cinderace|[miss]\n|-miss|p2a: Heatran|p1a: Cinderace\n|\n|-heal|p2a: Heatran|61\/100|[from] item: Leftovers\n|upkeep\n|turn|10\n|-message|819u50y18b5 forfeited.\n|\n|win|Gnaark\n|raw|819u50y18b5's rating: 1488 &rarr; <strong>1472<\/strong><br \/>(-16 for losing)\n|raw|Gnaark's rating: 1559 &rarr; <strong>1575<\/strong><br \/>(+16 for winning)\n|l|\u2606819u50y18b5\n","uploadtime":1699829792,"views":18,"p1id":"819u50y18b5","p2id":"gnaark","formatid":"gen9ou","rating":1472,"private":0,"password":""}