{"id":"gen9ou-1996756418","p1":"Dugtrio Is Broken","p2":"juninxisl","format":"[Gen 9] OU","log":"|j|\u2606Dugtrio Is Broken\n|j|\u2606juninxisl\n|t:|1700719920\n|gametype|singles\n|player|p1|Dugtrio Is Broken|nanu|\n|player|p2|juninxisl|alec-anime|\n|teamsize|p1|6\n|teamsize|p2|6\n|gen|9\n|tier|[Gen 9] OU\n|rule|Sleep Clause Mod: Limit one foe put to sleep\n|rule|Species Clause: Limit one of each Pok\u00e9mon\n|rule|OHKO Clause: OHKO moves are banned\n|rule|Evasion Items Clause: Evasion items are banned\n|rule|Evasion Moves Clause: Evasion moves are banned\n|rule|Endless Battle Clause: Forcing endless battles is banned\n|rule|HP Percentage Mod: HP is shown in percentages\n|clearpoke\n|poke|p1|Ribombee, F|\n|poke|p1|Grimmsnarl, M|\n|poke|p1|Great Tusk|\n|poke|p1|Dragonite, M|\n|poke|p1|Gholdengo|\n|poke|p1|Rillaboom, F|\n|poke|p2|Glimmora, M|\n|poke|p2|Dragonite, M|\n|poke|p2|Enamorus, F|\n|poke|p2|Greninja-*, M|\n|poke|p2|Ogerpon-Wellspring, F|\n|poke|p2|Iron Valiant|\n|teampreview\n|\n|t:|1700719934\n|start\n|switch|p1a: Great Tusk|Great Tusk|100\/100\n|switch|p2a: Enamorus|Enamorus, F|100\/100\n|-enditem|p1a: Great Tusk|Booster Energy\n|-activate|p1a: Great Tusk|ability: Protosynthesis|[fromitem]\n|-start|p1a: Great Tusk|protosynthesisspe\n|turn|1\n|\n|t:|1700719941\n|move|p2a: Enamorus|Moonblast|p1a: Great Tusk\n|-supereffective|p1a: Great Tusk\n|-damage|p1a: Great Tusk|0 fnt\n|faint|p1a: Great Tusk\n|-end|p1a: Great Tusk|Protosynthesis|[silent]\n|\n|upkeep\n|\n|t:|1700719950\n|switch|p1a: Gholdengo|Gholdengo|100\/100\n|turn|2\n|\n|t:|1700719956\n|switch|p2a: Greninja|Greninja, M|100\/100\n|move|p1a: Gholdengo|Substitute|p1a: Gholdengo\n|-start|p1a: Gholdengo|Substitute\n|-damage|p1a: Gholdengo|75\/100\n|\n|upkeep\n|turn|3\n|\n|t:|1700719976\n|move|p2a: Greninja|Water Shuriken|p1a: Gholdengo\n|-activate|p1a: Gholdengo|move: Substitute|[damage]\n|-activate|p1a: Gholdengo|move: Substitute|[damage]\n|-end|p1a: Gholdengo|Substitute\n|-damage|p1a: Gholdengo|64\/100\n|-damage|p1a: Gholdengo|55\/100\n|-hitcount|p1a: Gholdengo|5\n|-damage|p2a: Greninja|91\/100|[from] item: Life Orb\n|move|p1a: Gholdengo|Focus Blast|p2a: Greninja\n|-supereffective|p2a: Greninja\n|-damage|p2a: Greninja|0 fnt\n|faint|p2a: Greninja\n|\n|upkeep\n|\n|t:|1700719986\n|switch|p2a: Enamorus|Enamorus, F|100\/100\n|turn|4\n|\n|t:|1700719995\n|switch|p1a: Dragonite|Dragonite, M|100\/100\n|move|p2a: Enamorus|Mystical Fire|p1a: Dragonite\n|-resisted|p1a: Dragonite\n|-damage|p1a: Dragonite|92\/100\n|-unboost|p1a: Dragonite|spa|1\n|\n|upkeep\n|turn|5\n|\n|t:|1700720006\n|switch|p2a: Glimmora|Glimmora, M|100\/100\n|switch|p1a: Grimmsnarl|Grimmsnarl, M, shiny|100\/100\n|\n|upkeep\n|turn|6\n|\n|t:|1700720015\n|switch|p2a: Enamorus|Enamorus, F|100\/100\n|move|p1a: Grimmsnarl|Taunt|p2a: Enamorus\n|-start|p2a: Enamorus|move: Taunt\n|\n|upkeep\n|turn|7\n|\n|t:|1700720020\n|move|p1a: Grimmsnarl|Light Screen|p1a: Grimmsnarl\n|-sidestart|p1: Dugtrio Is Broken|move: Light Screen\n|move|p2a: Enamorus|Earth Power|p1a: Grimmsnarl\n|-damage|p1a: Grimmsnarl|87\/100\n|\n|upkeep\n|turn|8\n|\n|t:|1700720031\n|switch|p2a: Ogerpon|Ogerpon-Wellspring, F|100\/100\n|move|p1a: Grimmsnarl|Reflect|p1a: Grimmsnarl\n|-sidestart|p1: Dugtrio Is Broken|Reflect\n|\n|upkeep\n|turn|9\n|\n|t:|1700720038\n|move|p1a: Grimmsnarl|Taunt|p2a: Ogerpon\n|-start|p2a: Ogerpon|move: Taunt\n|move|p2a: Ogerpon|Knock Off|p1a: Grimmsnarl\n|-resisted|p1a: Grimmsnarl\n|-damage|p1a: Grimmsnarl|81\/100\n|-enditem|p1a: Grimmsnarl|Light Clay|[from] move: Knock Off|[of] p2a: Ogerpon\n|\n|upkeep\n|turn|10\n|\n|t:|1700720045\n|switch|p1a: Rillaboom|Rillaboom, F|100\/100\n|-fieldstart|move: Grassy Terrain|[from] ability: Grassy Surge|[of] p1a: Rillaboom\n|move|p2a: Ogerpon|Power Whip|p1a: Rillaboom|[miss]\n|-miss|p2a: Ogerpon|p1a: Rillaboom\n|\n|upkeep\n|turn|11\n|\n|t:|1700720069\n|switch|p2a: Glimmora|Glimmora, M|100\/100\n|move|p1a: Rillaboom|Swords Dance|p1a: Rillaboom\n|-boost|p1a: Rillaboom|atk|2\n|\n|upkeep\n|turn|12\n|\n|t:|1700720080\n|move|p1a: Rillaboom|Grassy Glide|p2a: Glimmora\n|-enditem|p2a: Glimmora|Focus Sash\n|-damage|p2a: Glimmora|1\/100\n|-activate|p2a: Glimmora|ability: Toxic Debris\n|-sidestart|p1: Dugtrio Is Broken|move: Toxic Spikes\n|-damage|p1a: Rillaboom|91\/100|[from] item: Life Orb\n|move|p2a: Glimmora|Mortal Spin|p1a: Rillaboom\n|-supereffective|p1a: Rillaboom\n|-damage|p1a: Rillaboom|84\/100\n|-status|p1a: Rillaboom|psn\n|\n|-heal|p2a: Glimmora|7\/100|[from] Grassy Terrain\n|-heal|p1a: Rillaboom|90\/100 psn|[from] Grassy Terrain\n|-damage|p1a: Rillaboom|78\/100 psn|[from] psn\n|upkeep\n|turn|13\n|\n|t:|1700720091\n|move|p1a: Rillaboom|Grassy Glide|p2a: Glimmora\n|-damage|p2a: Glimmora|0 fnt\n|-activate|p2a: Glimmora|ability: Toxic Debris\n|-sidestart|p1: Dugtrio Is Broken|move: Toxic Spikes\n|faint|p2a: Glimmora\n|-damage|p1a: Rillaboom|68\/100 psn|[from] item: Life Orb\n|\n|-heal|p1a: Rillaboom|74\/100 psn|[from] Grassy Terrain\n|-damage|p1a: Rillaboom|62\/100 psn|[from] psn\n|upkeep\n|\n|t:|1700720098\n|switch|p2a: Dragonite|Dragonite, M|100\/100\n|turn|14\n|\n|t:|1700720110\n|switch|p1a: Dragonite|Dragonite, M|92\/100\n|move|p2a: Dragonite|Dragon Dance|p2a: Dragonite\n|-boost|p2a: Dragonite|atk|1\n|-boost|p2a: Dragonite|spe|1\n|\n|-sideend|p1: Dugtrio Is Broken|move: Light Screen\n|-fieldend|move: Grassy Terrain\n|upkeep\n|turn|15\n|\n|t:|1700720116\n|move|p2a: Dragonite|Outrage|p1a: Dragonite\n|-supereffective|p1a: Dragonite\n|-crit|p1a: Dragonite\n|-damage|p1a: Dragonite|0 fnt\n|faint|p1a: Dragonite\n|\n|-sideend|p1: Dugtrio Is Broken|Reflect\n|upkeep\n|\n|t:|1700720136\n|switch|p1a: Grimmsnarl|Grimmsnarl, M, shiny|81\/100\n|-status|p1a: Grimmsnarl|tox\n|turn|16\n|\n|t:|1700720145\n|move|p1a: Grimmsnarl|Reflect|p1a: Grimmsnarl\n|-sidestart|p1: Dugtrio Is Broken|Reflect\n|move|p2a: Dragonite|Outrage|p1a: Grimmsnarl|[from]lockedmove\n|-immune|p1a: Grimmsnarl\n|\n|-damage|p1a: Grimmsnarl|75\/100 tox|[from] psn\n|upkeep\n|turn|17\n|\n|t:|1700720151\n|move|p1a: Grimmsnarl|Taunt|p2a: Dragonite\n|-start|p2a: Dragonite|move: Taunt\n|cant|p2a: Dragonite|move: Taunt|Dragon Dance\n|\n|-damage|p1a: Grimmsnarl|63\/100 tox|[from] psn\n|upkeep\n|turn|18\n|\n|t:|1700720158\n|switch|p2a: Enamorus|Enamorus, F|100\/100\n|move|p1a: Grimmsnarl|Spirit Break|p2a: Enamorus\n|-damage|p2a: Enamorus|56\/100\n|-unboost|p2a: Enamorus|spa|1\n|\n|-damage|p1a: Grimmsnarl|45\/100 tox|[from] psn\n|upkeep\n|turn|19\n|\n|t:|1700720175\n|move|p1a: Grimmsnarl|Light Screen|p1a: Grimmsnarl\n|-sidestart|p1: Dugtrio Is Broken|move: Light Screen\n|move|p2a: Enamorus|Mystical Fire|p1a: Grimmsnarl\n|-damage|p1a: Grimmsnarl|37\/100 tox\n|-unboost|p1a: Grimmsnarl|spa|1\n|\n|-damage|p1a: Grimmsnarl|12\/100 tox|[from] psn\n|upkeep\n|turn|20\n|\n|t:|1700720180\n|move|p2a: Enamorus|Mystical Fire|p1a: Grimmsnarl\n|-damage|p1a: Grimmsnarl|5\/100 tox\n|-unboost|p1a: Grimmsnarl|spa|1\n|move|p1a: Grimmsnarl|Spirit Break|p2a: Enamorus\n|-damage|p2a: Enamorus|9\/100\n|-unboost|p2a: Enamorus|spa|1\n|\n|-damage|p1a: Grimmsnarl|0 fnt|[from] psn\n|faint|p1a: Grimmsnarl\n|-sideend|p1: Dugtrio Is Broken|Reflect\n|upkeep\n|\n|t:|1700720193\n|switch|p1a: GreenUVLight|Ribombee, F|100\/100\n|-status|p1a: GreenUVLight|tox\n|turn|21\n|\n|t:|1700720204\n|switch|p2a: Ogerpon|Ogerpon-Wellspring, F|100\/100\n|move|p1a: GreenUVLight|Quiver Dance|p1a: GreenUVLight\n|-boost|p1a: GreenUVLight|spa|1\n|-boost|p1a: GreenUVLight|spd|1\n|-boost|p1a: GreenUVLight|spe|1\n|\n|-damage|p1a: GreenUVLight|94\/100 tox|[from] psn\n|upkeep\n|turn|22\n|\n|t:|1700720213\n|move|p1a: GreenUVLight|Quiver Dance|p1a: GreenUVLight\n|-boost|p1a: GreenUVLight|spa|1\n|-boost|p1a: GreenUVLight|spd|1\n|-boost|p1a: GreenUVLight|spe|1\n|move|p2a: Ogerpon|Ivy Cudgel|p1a: GreenUVLight|[anim] Ivy Cudgel Water\n|-damage|p1a: GreenUVLight|23\/100 tox\n|\n|-damage|p1a: GreenUVLight|10\/100 tox|[from] psn\n|upkeep\n|turn|23\n|\n|t:|1700720222\n|switch|p2a: Enamorus|Enamorus, F|9\/100\n|move|p1a: GreenUVLight|Stored Power|p2a: Enamorus\n|-damage|p2a: Enamorus|0 fnt\n|faint|p2a: Enamorus\n|-damage|p1a: GreenUVLight|0 fnt|[from] item: Life Orb\n|faint|p1a: GreenUVLight\n|\n|-sideend|p1: Dugtrio Is Broken|move: Light Screen\n|upkeep\n|\n|t:|1700720232\n|switch|p1a: Gholdengo|Gholdengo|55\/100\n|switch|p2a: Iron Valiant|Iron Valiant|100\/100\n|-enditem|p2a: Iron Valiant|Booster Energy\n|-activate|p2a: Iron Valiant|ability: Quark Drive|[fromitem]\n|-start|p2a: Iron Valiant|quarkdrivespe\n|turn|24\n|\n|t:|1700720244\n|-terastallize|p2a: Iron Valiant|Dark\n|move|p2a: Iron Valiant|Knock Off|p1a: Gholdengo\n|-supereffective|p1a: Gholdengo\n|-damage|p1a: Gholdengo|0 fnt\n|-enditem|p1a: Gholdengo|Salac Berry|[from] move: Knock Off|[of] p2a: Iron Valiant\n|faint|p1a: Gholdengo\n|\n|upkeep\n|\n|t:|1700720246\n|switch|p1a: Rillaboom|Rillaboom, F|62\/100 psn\n|-fieldstart|move: Grassy Terrain|[from] ability: Grassy Surge|[of] p1a: Rillaboom\n|turn|25\n|\n|t:|1700720251\n|-terastallize|p1a: Rillaboom|Water\n|move|p1a: Rillaboom|Grassy Glide|p2a: Iron Valiant\n|-damage|p2a: Iron Valiant|36\/100\n|-damage|p1a: Rillaboom|52\/100 psn|[from] item: Life Orb\n|move|p2a: Iron Valiant|Close Combat|p1a: Rillaboom\n|-damage|p1a: Rillaboom|0 fnt\n|-unboost|p2a: Iron Valiant|def|1\n|-unboost|p2a: Iron Valiant|spd|1\n|faint|p1a: Rillaboom\n|\n|win|juninxisl\n|c|\u2606juninxisl|gg\n|c|\u2606Dugtrio Is Broken|vem dnv\n","uploadtime":1700720258,"views":2,"p1id":"dugtrioisbroken","p2id":"juninxisl","formatid":"gen9ou","rating":0,"private":0,"password":""}