{"id":"gen9ou-2000639785","p1":"betdyckman","p2":"akumu15","format":"[Gen 9] OU","log":"|j|\u2606betdyckman\n|j|\u2606akumu15\n|t:|1701213395\n|gametype|singles\n|player|p1|betdyckman|2|1125\n|player|p2|akumu15|colress|1110\n|teamsize|p1|6\n|teamsize|p2|6\n|gen|9\n|tier|[Gen 9] OU\n|rated|\n|rule|Sleep Clause Mod: Limit one foe put to sleep\n|rule|Species Clause: Limit one of each Pok\u00e9mon\n|rule|OHKO Clause: OHKO moves are banned\n|rule|Evasion Items Clause: Evasion items are banned\n|rule|Evasion Moves Clause: Evasion moves are banned\n|rule|Endless Battle Clause: Forcing endless battles is banned\n|rule|HP Percentage Mod: HP is shown in percentages\n|clearpoke\n|poke|p1|Okidogi, M|\n|poke|p1|Landorus-Therian, M|\n|poke|p1|Dondozo, F|\n|poke|p1|Grimmsnarl, M|\n|poke|p1|Eelektross, M|\n|poke|p1|Volcanion|\n|poke|p2|Quaquaval, M|\n|poke|p2|Landorus-Therian, M|\n|poke|p2|Kingambit, M|\n|poke|p2|Moltres|\n|poke|p2|Volcanion|\n|poke|p2|Kommo-o, F|\n|teampreview\n|inactive|Battle timer is ON: inactive players will automatically lose when time's up. (requested by akumu15)\n|\n|t:|1701213401\n|start\n|switch|p1a: Grimmsnarl|Grimmsnarl, M, shiny|100\/100\n|switch|p2a: Volcanion|Volcanion|100\/100\n|turn|1\n|\n|t:|1701213406\n|move|p1a: Grimmsnarl|Taunt|p2a: Volcanion\n|-start|p2a: Volcanion|move: Taunt\n|move|p2a: Volcanion|Steam Eruption|p1a: Grimmsnarl\n|-damage|p1a: Grimmsnarl|49\/100\n|-status|p1a: Grimmsnarl|brn\n|\n|-damage|p1a: Grimmsnarl|43\/100 brn|[from] brn\n|upkeep\n|turn|2\n|\n|t:|1701213413\n|move|p1a: Grimmsnarl|Light Screen|p1a: Grimmsnarl\n|-sidestart|p1: betdyckman|move: Light Screen\n|move|p2a: Volcanion|Steam Eruption|p1a: Grimmsnarl\n|-damage|p1a: Grimmsnarl|20\/100 brn\n|\n|-damage|p1a: Grimmsnarl|13\/100 brn|[from] brn\n|upkeep\n|turn|3\n|\n|t:|1701213424\n|switch|p2a: Landorus|Landorus-Therian, M|100\/100\n|-ability|p2a: Landorus|Intimidate|boost\n|-unboost|p1a: Grimmsnarl|atk|1\n|switch|p1a: Landorus|Landorus-Therian, M|100\/100\n|-ability|p1a: Landorus|Intimidate|boost\n|-unboost|p2a: Landorus|atk|1\n|\n|upkeep\n|turn|4\n|\n|t:|1701213431\n|move|p1a: Landorus|Earthquake|p2a: Landorus\n|-immune|p2a: Landorus\n|move|p2a: Landorus|Taunt|p1a: Landorus\n|-start|p1a: Landorus|move: Taunt\n|\n|upkeep\n|turn|5\n|\n|t:|1701213442\n|switch|p1a: Eelektross|Eelektross, M, shiny|100\/100\n|move|p2a: Landorus|Stealth Rock|p1a: Eelektross\n|-sidestart|p1: betdyckman|move: Stealth Rock\n|\n|upkeep\n|turn|6\n|\n|t:|1701213464\n|move|p2a: Landorus|U-turn|p1a: Eelektross\n|-damage|p1a: Eelektross|81\/100\n|\n|t:|1701213468\n|switch|p2a: Moltres|Moltres|100\/100|[from] U-turn\n|move|p1a: Eelektross|Dragon Tail|p2a: Moltres\n|-damage|p2a: Moltres|82\/100\n|drag|p2a: Volcanion|Volcanion|100\/100\n|\n|-heal|p1a: Eelektross|87\/100|[from] item: Leftovers\n|upkeep\n|turn|7\n|\n|t:|1701213480\n|move|p2a: Volcanion|Steam Eruption|p1a: Eelektross\n|-damage|p1a: Eelektross|59\/100\n|-status|p1a: Eelektross|brn\n|move|p1a: Eelektross|Thunder|p2a: Volcanion|[miss]\n|-miss|p1a: Eelektross|p2a: Volcanion\n|\n|-heal|p1a: Eelektross|65\/100 brn|[from] item: Leftovers\n|-damage|p1a: Eelektross|59\/100 brn|[from] brn\n|upkeep\n|turn|8\n|\n|t:|1701213497\n|switch|p2a: Landorus|Landorus-Therian, M|100\/100\n|-ability|p2a: Landorus|Intimidate|boost\n|-unboost|p1a: Eelektross|atk|1\n|switch|p1a: Landorus|Landorus-Therian, M|100\/100\n|-damage|p1a: Landorus|88\/100|[from] Stealth Rock\n|-ability|p1a: Landorus|Intimidate|boost\n|-unboost|p2a: Landorus|atk|1\n|\n|upkeep\n|turn|9\n|\n|t:|1701213505\n|switch|p2a: Quaquaval|Quaquaval, M|100\/100\n|move|p1a: Landorus|Stone Edge|p2a: Quaquaval\n|-resisted|p2a: Quaquaval\n|-damage|p2a: Quaquaval|73\/100\n|\n|-sideend|p1: betdyckman|move: Light Screen\n|upkeep\n|turn|10\n|\n|t:|1701213521\n|switch|p1a: Eelektross|Eelektross, M, shiny|59\/100 brn\n|-damage|p1a: Eelektross|46\/100 brn|[from] Stealth Rock\n|move|p2a: Quaquaval|Aqua Step|p1a: Eelektross\n|-damage|p1a: Eelektross|0 fnt\n|-boost|p2a: Quaquaval|spe|1\n|faint|p1a: Eelektross\n|-ability|p2a: Quaquaval|Moxie|boost\n|-boost|p2a: Quaquaval|atk|1\n|\n|upkeep\n|\n|t:|1701213528\n|switch|p1a: Volcanion|Volcanion|100\/100\n|turn|11\n|\n|t:|1701213534\n|switch|p2a: Volcanion|Volcanion|100\/100\n|move|p1a: Volcanion|Earth Power|p2a: Volcanion\n|-supereffective|p2a: Volcanion\n|-damage|p2a: Volcanion|34\/100\n|\n|upkeep\n|turn|12\n|\n|t:|1701213540\n|switch|p2a: Landorus|Landorus-Therian, M|100\/100\n|-ability|p2a: Landorus|Intimidate|boost\n|-unboost|p1a: Volcanion|atk|1\n|move|p1a: Volcanion|Earth Power|p2a: Landorus\n|-immune|p2a: Landorus\n|\n|upkeep\n|turn|13\n|\n|t:|1701213548\n|move|p2a: Landorus|Earthquake|p1a: Volcanion\n|-supereffective|p1a: Volcanion\n|-damage|p1a: Volcanion|5\/100\n|move|p1a: Volcanion|Steam Eruption|p2a: Landorus\n|-supereffective|p2a: Landorus\n|-damage|p2a: Landorus|0 fnt\n|faint|p2a: Landorus\n|\n|upkeep\n|\n|t:|1701213554\n|switch|p2a: Quaquaval|Quaquaval, M|73\/100\n|turn|14\n|\n|t:|1701213568\n|move|p2a: Quaquaval|Ice Spinner|p1a: Volcanion\n|-resisted|p1a: Volcanion\n|-damage|p1a: Volcanion|0 fnt\n|faint|p1a: Volcanion\n|-ability|p2a: Quaquaval|Moxie|boost\n|-boost|p2a: Quaquaval|atk|1\n|\n|upkeep\n|\n|t:|1701213581\n|switch|p1a: Dondozo|Dondozo, F|100\/100\n|turn|15\n|\n|t:|1701213586\n|-terastallize|p1a: Dondozo|Fairy\n|move|p2a: Quaquaval|Ice Spinner|p1a: Dondozo\n|-damage|p1a: Dondozo|84\/100\n|move|p1a: Dondozo|Body Press|p2a: Quaquaval\n|-damage|p2a: Quaquaval|36\/100\n|\n|upkeep\n|turn|16\n|\n|t:|1701213594\n|switch|p2a: Moltres|Moltres|82\/100\n|move|p1a: Dondozo|Body Press|p2a: Moltres\n|-resisted|p2a: Moltres\n|-damage|p2a: Moltres|67\/100\n|-status|p1a: Dondozo|brn|[from] ability: Flame Body|[of] p2a: Moltres\n|\n|-damage|p1a: Dondozo|77\/100 brn|[from] brn\n|upkeep\n|turn|17\n|\n|t:|1701213600\n|move|p2a: Moltres|Roost|p2a: Moltres\n|-heal|p2a: Moltres|100\/100\n|-singleturn|p2a: Moltres|move: Roost\n|move|p1a: Dondozo|Liquidation|p2a: Moltres\n|-supereffective|p2a: Moltres\n|-damage|p2a: Moltres|72\/100\n|\n|-damage|p1a: Dondozo|71\/100 brn|[from] brn\n|upkeep\n|turn|18\n|\n|t:|1701213607\n|move|p2a: Moltres|Flamethrower|p1a: Dondozo\n|-damage|p1a: Dondozo|38\/100 brn\n|move|p1a: Dondozo|Liquidation|p2a: Moltres\n|-supereffective|p2a: Moltres\n|-crit|p2a: Moltres\n|-damage|p2a: Moltres|28\/100\n|\n|-damage|p1a: Dondozo|32\/100 brn|[from] brn\n|upkeep\n|turn|19\n|\n|t:|1701213613\n|move|p2a: Moltres|Roost|p2a: Moltres\n|-heal|p2a: Moltres|79\/100\n|-singleturn|p2a: Moltres|move: Roost\n|move|p1a: Dondozo|Rest|p1a: Dondozo\n|-status|p1a: Dondozo|slp|[from] move: Rest\n|-heal|p1a: Dondozo|100\/100 slp|[silent]\n|\n|upkeep\n|turn|20\n|\n|t:|1701213619\n|move|p2a: Moltres|Flamethrower|p1a: Dondozo\n|-damage|p1a: Dondozo|61\/100 slp\n|cant|p1a: Dondozo|slp\n|move|p1a: Dondozo|Sleep Talk|p1a: Dondozo\n|move|p1a: Dondozo|Rest||[from]move: Sleep Talk|[still]\n|-fail|p1a: Dondozo\n|\n|upkeep\n|turn|21\n|\n|t:|1701213631\n|move|p2a: Moltres|Flamethrower|p1a: Dondozo\n|-damage|p1a: Dondozo|24\/100 slp\n|cant|p1a: Dondozo|slp\n|move|p1a: Dondozo|Sleep Talk|p1a: Dondozo\n|move|p1a: Dondozo|Body Press|p2a: Moltres|[from]move: Sleep Talk\n|-resisted|p2a: Moltres\n|-damage|p2a: Moltres|66\/100\n|\n|upkeep\n|turn|22\n|\n|t:|1701213648\n|move|p2a: Moltres|Flamethrower|p1a: Dondozo\n|-damage|p1a: Dondozo|0 fnt\n|faint|p1a: Dondozo\n|\n|upkeep\n|\n|t:|1701213653\n|switch|p1a: Grimmsnarl|Grimmsnarl, M, shiny|13\/100 brn\n|-damage|p1a: Grimmsnarl|1\/100 brn|[from] Stealth Rock\n|turn|23\n|\n|t:|1701213660\n|move|p1a: Grimmsnarl|Light Screen|p1a: Grimmsnarl\n|-sidestart|p1: betdyckman|move: Light Screen\n|move|p2a: Moltres|Flamethrower|p1a: Grimmsnarl\n|-damage|p1a: Grimmsnarl|0 fnt\n|faint|p1a: Grimmsnarl\n|\n|upkeep\n|\n|t:|1701213662\n|switch|p1a: Okidogi|Okidogi, M|100\/100\n|-damage|p1a: Okidogi|95\/100|[from] Stealth Rock\n|turn|24\n|\n|t:|1701213667\n|move|p1a: Okidogi|Knock Off|p2a: Moltres\n|-damage|p2a: Moltres|33\/100\n|-enditem|p2a: Moltres|Heavy-Duty Boots|[from] move: Knock Off|[of] p1a: Okidogi\n|move|p2a: Moltres|Roost|p2a: Moltres\n|-heal|p2a: Moltres|83\/100\n|-singleturn|p2a: Moltres|move: Roost\n|\n|-heal|p1a: Okidogi|100\/100|[from] item: Black Sludge\n|upkeep\n|turn|25\n|\n|t:|1701213673\n|move|p1a: Okidogi|Bulk Up|p1a: Okidogi\n|-boost|p1a: Okidogi|atk|1\n|-boost|p1a: Okidogi|def|1\n|move|p2a: Moltres|Will-O-Wisp|p1a: Okidogi\n|-status|p1a: Okidogi|brn\n|\n|-damage|p1a: Okidogi|95\/100 brn|[from] brn\n|upkeep\n|turn|26\n|\n|t:|1701213679\n|move|p1a: Okidogi|Sludge Bomb|p2a: Moltres\n|-damage|p2a: Moltres|70\/100\n|-status|p2a: Moltres|psn\n|move|p2a: Moltres|Flamethrower|p1a: Okidogi\n|-damage|p1a: Okidogi|70\/100 brn\n|\n|-heal|p1a: Okidogi|76\/100 brn|[from] item: Black Sludge\n|-damage|p2a: Moltres|58\/100 psn|[from] psn\n|-damage|p1a: Okidogi|70\/100 brn|[from] brn\n|upkeep\n|turn|27\n|\n|t:|1701213686\n|move|p1a: Okidogi|Drain Punch|p2a: Moltres\n|-resisted|p2a: Moltres\n|-crit|p2a: Moltres\n|-damage|p2a: Moltres|35\/100 psn\n|-heal|p1a: Okidogi|84\/100 brn|[from] drain|[of] p2a: Moltres\n|move|p2a: Moltres|U-turn|p1a: Okidogi\n|-resisted|p1a: Okidogi\n|-damage|p1a: Okidogi|82\/100 brn\n|\n|t:|1701213694\n|switch|p2a: Quaquaval|Quaquaval, M|36\/100|[from] U-turn\n|\n|-heal|p1a: Okidogi|88\/100 brn|[from] item: Black Sludge\n|-damage|p1a: Okidogi|82\/100 brn|[from] brn\n|upkeep\n|turn|28\n|\n|t:|1701213703\n|move|p2a: Quaquaval|Aqua Step|p1a: Okidogi\n|-damage|p1a: Okidogi|46\/100 brn\n|-boost|p2a: Quaquaval|spe|1\n|move|p1a: Okidogi|Drain Punch|p2a: Quaquaval\n|-damage|p2a: Quaquaval|0 fnt\n|-heal|p1a: Okidogi|64\/100 brn|[from] drain|[of] p2a: Quaquaval\n|faint|p2a: Quaquaval\n|\n|-heal|p1a: Okidogi|70\/100 brn|[from] item: Black Sludge\n|-damage|p1a: Okidogi|64\/100 brn|[from] brn\n|upkeep\n|\n|t:|1701213721\n|switch|p2a: Kommo-o|Kommo-o, F|100\/100\n|turn|29\n|\n|t:|1701213737\n|move|p2a: Kommo-o|Clangorous Soul|p2a: Kommo-o\n|-boost|p2a: Kommo-o|atk|1\n|-boost|p2a: Kommo-o|def|1\n|-boost|p2a: Kommo-o|spa|1\n|-boost|p2a: Kommo-o|spd|1\n|-boost|p2a: Kommo-o|spe|1\n|-damage|p2a: Kommo-o|68\/100\n|-enditem|p2a: Kommo-o|Throat Spray\n|-boost|p2a: Kommo-o|spa|1|[from] item: Throat Spray\n|move|p1a: Okidogi|Knock Off|p2a: Kommo-o\n|-resisted|p2a: Kommo-o\n|-damage|p2a: Kommo-o|63\/100\n|-status|p2a: Kommo-o|tox|[from] ability: Toxic Chain|[of] p1a: Okidogi\n|\n|-heal|p1a: Okidogi|70\/100 brn|[from] item: Black Sludge\n|-damage|p2a: Kommo-o|57\/100 tox|[from] psn\n|-damage|p1a: Okidogi|64\/100 brn|[from] brn\n|upkeep\n|turn|30\n|\n|t:|1701213753\n|move|p2a: Kommo-o|Boomburst|p1a: Okidogi\n|-damage|p1a: Okidogi|15\/100 brn\n|move|p1a: Okidogi|Sludge Bomb|p2a: Kommo-o\n|-immune|p2a: Kommo-o|[from] ability: Bulletproof\n|\n|-heal|p1a: Okidogi|21\/100 brn|[from] item: Black Sludge\n|-damage|p2a: Kommo-o|44\/100 tox|[from] psn\n|-damage|p1a: Okidogi|15\/100 brn|[from] brn\n|-sideend|p1: betdyckman|move: Light Screen\n|upkeep\n|turn|31\n|\n|t:|1701213760\n|move|p2a: Kommo-o|Boomburst|p1a: Okidogi\n|-damage|p1a: Okidogi|0 fnt\n|faint|p1a: Okidogi\n|\n|-damage|p2a: Kommo-o|26\/100 tox|[from] psn\n|upkeep\n|\n|t:|1701213766\n|switch|p1a: Landorus|Landorus-Therian, M|88\/100\n|-damage|p1a: Landorus|76\/100|[from] Stealth Rock\n|-ability|p1a: Landorus|Intimidate|boost\n|-unboost|p2a: Kommo-o|atk|1\n|turn|32\n|\n|t:|1701213768\n|move|p2a: Kommo-o|Boomburst|p1a: Landorus\n|-damage|p1a: Landorus|0 fnt\n|faint|p1a: Landorus\n|\n|win|akumu15\n|raw|betdyckman's rating: 1125 &rarr; <strong>1099<\/strong><br \/>(-26 for losing)\n|raw|akumu15's rating: 1110 &rarr; <strong>1136<\/strong><br \/>(+26 for winning)\n|c|\u2606akumu15|Gg\n|c|\u2606betdyckman|gg\n|l|\u2606akumu15\n","uploadtime":1701215680,"views":9,"p1id":"betdyckman","p2id":"akumu15","formatid":"gen9ou","rating":1099,"private":0,"password":""}