{"id":"gen9ou-1997254567","p1":"Palkia<salamance","p2":"Oshwottking","format":"[Gen 9] OU","log":"|j|\u2606Palkia<salamance\n|j|\u2606Oshwottking\n|t:|1700780935\n|gametype|singles\n|player|p1|Palkia<salamance|1|1184\n|player|p2|Oshwottking|silver|1244\n|teamsize|p1|6\n|teamsize|p2|6\n|gen|9\n|tier|[Gen 9] OU\n|rated|\n|rule|Sleep Clause Mod: Limit one foe put to sleep\n|rule|Species Clause: Limit one of each Pok\u00e9mon\n|rule|OHKO Clause: OHKO moves are banned\n|rule|Evasion Items Clause: Evasion items are banned\n|rule|Evasion Moves Clause: Evasion moves are banned\n|rule|Endless Battle Clause: Forcing endless battles is banned\n|rule|HP Percentage Mod: HP is shown in percentages\n|clearpoke\n|poke|p1|Hawlucha, M|\n|poke|p1|Kingambit, F|\n|poke|p1|Rillaboom, M|\n|poke|p1|Great Tusk|\n|poke|p1|Salamence, F|\n|poke|p1|Zapdos|\n|poke|p2|Munkidori, M|\n|poke|p2|Garganacl, M|\n|poke|p2|Corviknight, M|\n|poke|p2|Samurott-Hisui, F|\n|poke|p2|Garchomp, F|\n|poke|p2|Cinderace, F|\n|teampreview\n|inactive|Battle timer is ON: inactive players will automatically lose when time's up. (requested by Oshwottking)\n|\n|t:|1700780952\n|start\n|switch|p1a: Great Tusk|Great Tusk|100\/100\n|switch|p2a: Cinderace|Cinderace, F|100\/100\n|turn|1\n|\n|t:|1700780956\n|move|p2a: Cinderace|Will-O-Wisp|p1a: Great Tusk\n|-status|p1a: Great Tusk|brn\n|move|p1a: Great Tusk|Stealth Rock|p2a: Cinderace\n|-sidestart|p2: Oshwottking|move: Stealth Rock\n|\n|-damage|p1a: Great Tusk|94\/100 brn|[from] brn\n|upkeep\n|turn|2\n|\n|t:|1700780961\n|move|p2a: Cinderace|Court Change|p2a: Cinderace\n|-start|p2a: Cinderace|typechange|Normal|[from] ability: Libero\n|-swapsideconditions\n|-activate|p2a: Cinderace|move: Court Change\n|move|p1a: Great Tusk|Headlong Rush|p2a: Cinderace\n|-damage|p2a: Cinderace|70\/100\n|-unboost|p1a: Great Tusk|def|1\n|-unboost|p1a: Great Tusk|spd|1\n|\n|-damage|p1a: Great Tusk|88\/100 brn|[from] brn\n|upkeep\n|turn|3\n|\n|t:|1700780973\n|move|p2a: Cinderace|U-turn|p1a: Great Tusk\n|-resisted|p1a: Great Tusk\n|-damage|p1a: Great Tusk|81\/100 brn\n|\n|t:|1700780979\n|switch|p2a: Corviknight|Corviknight, M|100\/100|[from] U-turn\n|-ability|p2a: Corviknight|Pressure\n|move|p1a: Great Tusk|Stealth Rock|p2a: Corviknight\n|-sidestart|p2: Oshwottking|move: Stealth Rock\n|\n|-damage|p1a: Great Tusk|75\/100 brn|[from] brn\n|upkeep\n|turn|4\n|\n|t:|1700780983\n|move|p1a: Great Tusk|Rapid Spin|p2a: Corviknight\n|-resisted|p2a: Corviknight\n|-damage|p2a: Corviknight|98\/100\n|-boost|p1a: Great Tusk|spe|1\n|-damage|p1a: Great Tusk|58\/100 brn|[from] item: Rocky Helmet|[of] p2a: Corviknight\n|-sideend|p1: Palkia<salamance|Stealth Rock|[from] move: Rapid Spin|[of] p1a: Great Tusk\n|move|p2a: Corviknight|Brave Bird|p1a: Great Tusk\n|-supereffective|p1a: Great Tusk\n|-damage|p1a: Great Tusk|0 fnt\n|faint|p1a: Great Tusk\n|-end|p1a: Great Tusk|Protosynthesis|[silent]\n|-damage|p2a: Corviknight|77\/100|[from] Recoil\n|\n|upkeep\n|\n|t:|1700780989\n|switch|p1a: Zapdos|Zapdos|100\/100\n|-ability|p1a: Zapdos|Pressure\n|turn|5\n|\n|t:|1700780997\n|switch|p2a: Garganacl|Garganacl, M|100\/100\n|-damage|p2a: Garganacl|88\/100|[from] Stealth Rock\n|move|p1a: Zapdos|Heat Wave|p2a: Garganacl\n|-resisted|p2a: Garganacl\n|-damage|p2a: Garganacl|76\/100\n|\n|-heal|p2a: Garganacl|82\/100|[from] item: Leftovers\n|upkeep\n|turn|6\n|\n|t:|1700781004\n|move|p1a: Zapdos|Volt Switch|p2a: Garganacl\n|-damage|p2a: Garganacl|55\/100\n|\n|t:|1700781006\n|switch|p1a: Rillaboom|Rillaboom, M|100\/100|[from] Volt Switch\n|-fieldstart|move: Grassy Terrain|[from] ability: Grassy Surge|[of] p1a: Rillaboom\n|move|p2a: Garganacl|Stealth Rock|p1a: Rillaboom\n|-sidestart|p1: Palkia<salamance|move: Stealth Rock\n|\n|-heal|p2a: Garganacl|61\/100|[from] Grassy Terrain\n|-heal|p2a: Garganacl|67\/100|[from] item: Leftovers\n|upkeep\n|turn|7\n|\n|t:|1700781010\n|switch|p2a: Corviknight|Corviknight, M|77\/100\n|-damage|p2a: Corviknight|65\/100|[from] Stealth Rock\n|-ability|p2a: Corviknight|Pressure\n|move|p1a: Rillaboom|Grassy Glide|p2a: Corviknight\n|-resisted|p2a: Corviknight\n|-damage|p2a: Corviknight|59\/100\n|-damage|p1a: Rillaboom|84\/100|[from] item: Rocky Helmet|[of] p2a: Corviknight\n|\n|-heal|p1a: Rillaboom|90\/100|[from] Grassy Terrain\n|upkeep\n|turn|8\n|\n|t:|1700781014\n|move|p1a: Rillaboom|Knock Off|p2a: Corviknight\n|-damage|p2a: Corviknight|37\/100\n|-damage|p1a: Rillaboom|74\/100|[from] item: Rocky Helmet|[of] p2a: Corviknight\n|-enditem|p2a: Corviknight|Rocky Helmet|[from] move: Knock Off|[of] p1a: Rillaboom\n|move|p2a: Corviknight|Roost|p2a: Corviknight\n|-heal|p2a: Corviknight|87\/100\n|-singleturn|p2a: Corviknight|move: Roost\n|\n|-heal|p1a: Rillaboom|80\/100|[from] Grassy Terrain\n|-heal|p2a: Corviknight|93\/100|[from] Grassy Terrain\n|upkeep\n|turn|9\n|\n|t:|1700781020\n|switch|p1a: Salamence|Salamence, F|100\/100\n|-ability|p1a: Salamence|Intimidate|boost\n|-unboost|p2a: Corviknight|atk|1\n|move|p2a: Corviknight|U-turn|p1a: Salamence\n|-resisted|p1a: Salamence\n|-damage|p1a: Salamence|96\/100\n|\n|t:|1700781023\n|switch|p2a: Garchomp|Garchomp, F|100\/100|[from] U-turn\n|-damage|p2a: Garchomp|94\/100|[from] Stealth Rock\n|\n|-heal|p2a: Garchomp|100\/100|[from] Grassy Terrain\n|upkeep\n|turn|10\n|\n|t:|1700781037\n|switch|p1a: Zapdos|Zapdos|100\/100\n|-ability|p1a: Zapdos|Pressure\n|move|p2a: Garchomp|Scale Shot|p1a: Zapdos\n|-damage|p1a: Zapdos|87\/100\n|-crit|p1a: Zapdos\n|-damage|p1a: Zapdos|63\/100\n|-damage|p1a: Zapdos|49\/100\n|-damage|p1a: Zapdos|33\/100\n|-damage|p1a: Zapdos|18\/100\n|-hitcount|p1a: Zapdos|5\n|-unboost|p2a: Garchomp|def|1\n|-boost|p2a: Garchomp|spe|1\n|\n|-fieldend|move: Grassy Terrain\n|upkeep\n|turn|11\n|\n|t:|1700781050\n|move|p2a: Garchomp|Scale Shot|p1a: Zapdos\n|-damage|p1a: Zapdos|3\/100\n|-damage|p1a: Zapdos|0 fnt\n|faint|p1a: Zapdos\n|-hitcount|p1: Zapdos|2\n|-unboost|p2a: Garchomp|def|1\n|-boost|p2a: Garchomp|spe|1\n|\n|upkeep\n|\n|t:|1700781054\n|switch|p1a: Rillaboom|Rillaboom, M|80\/100\n|-damage|p1a: Rillaboom|67\/100|[from] Stealth Rock\n|-fieldstart|move: Grassy Terrain|[from] ability: Grassy Surge|[of] p1a: Rillaboom\n|turn|12\n|\n|t:|1700781058\n|switch|p2a: Corviknight|Corviknight, M|93\/100\n|-damage|p2a: Corviknight|80\/100|[from] Stealth Rock\n|-ability|p2a: Corviknight|Pressure\n|move|p1a: Rillaboom|Fake Out|p2a: Corviknight\n|-resisted|p2a: Corviknight\n|-damage|p2a: Corviknight|76\/100\n|\n|-heal|p1a: Rillaboom|74\/100|[from] Grassy Terrain\n|upkeep\n|turn|13\n|\n|t:|1700781066\n|move|p1a: Rillaboom|Drain Punch|p2a: Corviknight\n|-damage|p2a: Corviknight|58\/100\n|-heal|p1a: Rillaboom|82\/100|[from] drain|[of] p2a: Corviknight\n|move|p2a: Corviknight|U-turn|p1a: Rillaboom\n|-supereffective|p1a: Rillaboom\n|-damage|p1a: Rillaboom|54\/100\n|-message|Palkia<salamance forfeited.\n|\n|win|Oshwottking\n|raw|Palkia&lt;salamance's rating: 1184 &rarr; <strong>1163<\/strong><br \/>(-21 for losing)\n|raw|Oshwottking's rating: 1244 &rarr; <strong>1265<\/strong><br \/>(+21 for winning)\n|l|\u2606Palkia<salamance\n","uploadtime":1700781074,"views":5,"p1id":"palkiasalamance","p2id":"oshwottking","formatid":"gen9ou","rating":1163,"private":0,"password":""}