{"id":"gen9ou-1992814878","p1":"fungus53465","p2":"diditdone","format":"[Gen 9] OU","log":"|j|\u2606fungus53465\n|j|\u2606diditdone\n|t:|1700237820\n|gametype|singles\n|player|p1|fungus53465|265|1316\n|player|p2|diditdone|will-gen2|1367\n|teamsize|p1|6\n|teamsize|p2|6\n|gen|9\n|tier|[Gen 9] OU\n|rated|\n|rule|Sleep Clause Mod: Limit one foe put to sleep\n|rule|Species Clause: Limit one of each Pok\u00e9mon\n|rule|OHKO Clause: OHKO moves are banned\n|rule|Evasion Items Clause: Evasion items are banned\n|rule|Evasion Moves Clause: Evasion moves are banned\n|rule|Endless Battle Clause: Forcing endless battles is banned\n|rule|HP Percentage Mod: HP is shown in percentages\n|clearpoke\n|poke|p1|Regidrago|\n|poke|p1|Enamorus, F|\n|poke|p1|Alomomola, F|\n|poke|p1|Iron Treads|\n|poke|p1|Slowking-Galar, F|\n|poke|p1|Ogerpon-Wellspring, F|\n|poke|p2|Garchomp, M|\n|poke|p2|Corviknight, M|\n|poke|p2|Ninetales-Alola, F|\n|poke|p2|Tyranitar, M|\n|poke|p2|Ceruledge, M|\n|poke|p2|Iron Valiant|\n|teampreview\n|inactive|Battle timer is ON: inactive players will automatically lose when time's up. (requested by fungus53465)\n|\n|t:|1700237849\n|start\n|switch|p1a: Alomomola|Alomomola, F|100\/100\n|switch|p2a: Garchomp|Garchomp, M, shiny|100\/100\n|turn|1\n|\n|t:|1700237859\n|move|p2a: Garchomp|Scale Shot|p1a: Alomomola\n|-damage|p1a: Alomomola|93\/100\n|-damage|p1a: Alomomola|85\/100\n|-damage|p1a: Alomomola|78\/100\n|-damage|p1a: Alomomola|71\/100\n|-damage|p1a: Alomomola|64\/100\n|-hitcount|p1a: Alomomola|5\n|-unboost|p2a: Garchomp|def|1\n|-boost|p2a: Garchomp|spe|1\n|move|p1a: Alomomola|Scald|p2a: Garchomp\n|-damage|p2a: Garchomp|86\/100\n|\n|upkeep\n|turn|2\n|\n|t:|1700237872\n|switch|p2a: Ninetales|Ninetales-Alola, F, shiny|100\/100\n|-weather|Snow|[from] ability: Snow Warning|[of] p2a: Ninetales\n|move|p1a: Alomomola|Wish|p1a: Alomomola\n|\n|-weather|Snow|[upkeep]\n|upkeep\n|turn|3\n|\n|t:|1700237878\n|switch|p1a: Slowking|Slowking-Galar, F|100\/100\n|move|p2a: Ninetales|Aurora Veil|p2a: Ninetales\n|-sidestart|p2: diditdone|move: Aurora Veil\n|\n|-weather|Snow|[upkeep]\n|upkeep\n|turn|4\n|\n|t:|1700237897\n|switch|p2a: Garchomp|Garchomp, M, shiny|86\/100\n|move|p1a: Slowking|Toxic|p2a: Garchomp\n|-status|p2a: Garchomp|tox\n|\n|-weather|Snow|[upkeep]\n|-damage|p2a: Garchomp|80\/100 tox|[from] psn\n|upkeep\n|turn|5\n|\n|t:|1700237914\n|switch|p1a: Alomomola|Alomomola, F|97\/100\n|move|p2a: Garchomp|Earthquake|p1a: Alomomola\n|-damage|p1a: Alomomola|71\/100\n|\n|-weather|Snow|[upkeep]\n|-damage|p2a: Garchomp|67\/100 tox|[from] psn\n|upkeep\n|turn|6\n|\n|t:|1700237931\n|switch|p2a: Corviknight|Corviknight, M, shiny|100\/100\n|-ability|p2a: Corviknight|Pressure\n|move|p1a: Alomomola|Wish|p1a: Alomomola\n|\n|-weather|none\n|upkeep\n|turn|7\n|\n|t:|1700237938\n|move|p1a: Alomomola|Flip Turn|p2a: Corviknight\n|-damage|p2a: Corviknight|96\/100\n|-damage|p1a: Alomomola|55\/100|[from] item: Rocky Helmet|[of] p2a: Corviknight\n|\n|t:|1700237949\n|switch|p1a: Enamorus|Enamorus, F|100\/100|[from] Flip Turn\n|move|p2a: Corviknight|U-turn|p1a: Enamorus\n|-resisted|p1a: Enamorus\n|-damage|p1a: Enamorus|95\/100\n|\n|t:|1700237957\n|switch|p2a: Ninetales|Ninetales-Alola, F, shiny|100\/100|[from] U-turn\n|-weather|Snow|[from] ability: Snow Warning|[of] p2a: Ninetales\n|\n|-weather|Snow|[upkeep]\n|-heal|p1a: Enamorus|100\/100|[from] move: Wish|[wisher] Alomomola\n|upkeep\n|turn|8\n|\n|t:|1700237968\n|switch|p1a: Slowking|Slowking-Galar, F|100\/100\n|switch|p2a: Tyranitar|Tyranitar, M, shiny|100\/100\n|-weather|Sandstorm|[from] ability: Sand Stream|[of] p2a: Tyranitar\n|\n|-weather|Sandstorm|[upkeep]\n|-damage|p1a: Slowking|94\/100|[from] Sandstorm\n|upkeep\n|turn|9\n|\n|t:|1700237980\n|switch|p1a: Alomomola|Alomomola, F|88\/100\n|move|p2a: Tyranitar|Knock Off|p1a: Alomomola\n|-damage|p1a: Alomomola|60\/100\n|-enditem|p1a: Alomomola|Heavy-Duty Boots|[from] move: Knock Off|[of] p2a: Tyranitar\n|\n|-weather|Sandstorm|[upkeep]\n|-damage|p1a: Alomomola|53\/100|[from] Sandstorm\n|upkeep\n|turn|10\n|\n|t:|1700237998\n|switch|p2a: Ninetales|Ninetales-Alola, F, shiny|100\/100\n|-weather|Snow|[from] ability: Snow Warning|[of] p2a: Ninetales\n|move|p1a: Alomomola|Wish|p1a: Alomomola\n|\n|-weather|Snow|[upkeep]\n|-sideend|p2: diditdone|move: Aurora Veil\n|upkeep\n|turn|11\n|\n|t:|1700238008\n|switch|p1a: Slowking|Slowking-Galar, F|100\/100\n|move|p2a: Ninetales|Freeze-Dry|p1a: Slowking\n|-damage|p1a: Slowking|85\/100\n|\n|-weather|Snow|[upkeep]\n|-heal|p1a: Slowking|100\/100|[from] move: Wish|[wisher] Alomomola\n|upkeep\n|turn|12\n|\n|t:|1700238030\n|switch|p2a: Corviknight|Corviknight, M, shiny|96\/100\n|-ability|p2a: Corviknight|Pressure\n|move|p1a: Slowking|Sludge Bomb|p2a: Corviknight\n|-immune|p2a: Corviknight\n|\n|-weather|Snow|[upkeep]\n|upkeep\n|turn|13\n|\n|t:|1700238037\n|move|p2a: Corviknight|Brave Bird|p1a: Slowking\n|-damage|p1a: Slowking|64\/100\n|-damage|p2a: Corviknight|84\/100|[from] Recoil\n|move|p1a: Slowking|Chilly Reception|p1a: Slowking\n|\n|t:|1700238044\n|switch|p1a: Iron Treads|Iron Treads|100\/100|[from] Chilly Reception\n|\n|-weather|Snow|[upkeep]\n|upkeep\n|turn|14\n|\n|t:|1700238068\n|switch|p2a: Ceruledge|Ceruledge, M, shiny|100\/100\n|move|p1a: Iron Treads|Stealth Rock|p2a: Ceruledge\n|-sidestart|p2: diditdone|move: Stealth Rock\n|\n|-weather|none\n|upkeep\n|turn|15\n|\n|t:|1700238086\n|-terastallize|p2a: Ceruledge|Grass\n|move|p1a: Iron Treads|Volt Switch|p2a: Ceruledge\n|-resisted|p2a: Ceruledge\n|-damage|p2a: Ceruledge|97\/100\n|\n|t:|1700238095\n|-end|p1a: Iron Treads|Quark Drive|[silent]\n|switch|p1a: Alomomola|Alomomola, F|87\/100|[from] Volt Switch\n|move|p2a: Ceruledge|Bulk Up|p2a: Ceruledge\n|-boost|p2a: Ceruledge|atk|1\n|-boost|p2a: Ceruledge|def|1\n|\n|-heal|p2a: Ceruledge|100\/100|[from] item: Leftovers\n|upkeep\n|turn|16\n|\n|t:|1700238116\n|move|p2a: Ceruledge|Tera Blast|p1a: Alomomola|[anim] Tera Blast Grass\n|-supereffective|p1a: Alomomola\n|-damage|p1a: Alomomola|34\/100\n|move|p1a: Alomomola|Scald|p2a: Ceruledge\n|-resisted|p2a: Ceruledge\n|-damage|p2a: Ceruledge|96\/100\n|\n|-heal|p2a: Ceruledge|100\/100|[from] item: Leftovers\n|upkeep\n|turn|17\n|\n|t:|1700238128\n|switch|p1a: Slowking|Slowking-Galar, F|97\/100\n|move|p2a: Ceruledge|Tera Blast|p1a: Slowking|[anim] Tera Blast Grass\n|-resisted|p1a: Slowking\n|-damage|p1a: Slowking|70\/100\n|\n|upkeep\n|turn|18\n|inactive|fungus53465 has 120 seconds left.\n|inactive|diditdone has 120 seconds left.\n|\n|t:|1700238153\n|switch|p2a: Garchomp|Garchomp, M, shiny|67\/100 tox\n|-damage|p2a: Garchomp|61\/100 tox|[from] Stealth Rock\n|-terastallize|p1a: Slowking|Water\n|move|p1a: Slowking|Sludge Bomb|p2a: Garchomp\n|-resisted|p2a: Garchomp\n|-damage|p2a: Garchomp|44\/100 tox\n|\n|-damage|p2a: Garchomp|38\/100 tox|[from] psn\n|upkeep\n|turn|19\n|inactive|fungus53465 has 120 seconds left.\n|inactive|diditdone has 120 seconds left.\n|\n|t:|1700238169\n|switch|p1a: Alomomola|Alomomola, F|67\/100\n|move|p2a: Garchomp|Scale Shot|p1a: Alomomola\n|-damage|p1a: Alomomola|61\/100\n|-damage|p1a: Alomomola|54\/100\n|-damage|p1a: Alomomola|46\/100\n|-damage|p1a: Alomomola|39\/100\n|-damage|p1a: Alomomola|33\/100\n|-hitcount|p1a: Alomomola|5\n|-unboost|p2a: Garchomp|def|1\n|-boost|p2a: Garchomp|spe|1\n|\n|-damage|p2a: Garchomp|25\/100 tox|[from] psn\n|upkeep\n|turn|20\n|\n|t:|1700238186\n|move|p1a: Alomomola|Protect|p1a: Alomomola\n|-singleturn|p1a: Alomomola|Protect\n|move|p2a: Garchomp|Swords Dance|p2a: Garchomp\n|-boost|p2a: Garchomp|atk|2\n|\n|-damage|p2a: Garchomp|7\/100 tox|[from] psn\n|upkeep\n|turn|21\n|\n|t:|1700238198\n|move|p1a: Alomomola|Protect|p1a: Alomomola\n|-singleturn|p1a: Alomomola|Protect\n|move|p2a: Garchomp|Fire Fang|p1a: Alomomola\n|-activate|p1a: Alomomola|move: Protect\n|\n|-damage|p2a: Garchomp|0 fnt|[from] psn\n|faint|p2a: Garchomp\n|upkeep\n|\n|t:|1700238203\n|switch|p2a: Ninetales|Ninetales-Alola, F, shiny|100\/100\n|-damage|p2a: Ninetales|76\/100|[from] Stealth Rock\n|-weather|Snow|[from] ability: Snow Warning|[of] p2a: Ninetales\n|turn|22\n|\n|t:|1700238229\n|move|p2a: Ninetales|Aurora Veil|p2a: Ninetales\n|-sidestart|p2: diditdone|move: Aurora Veil\n|move|p1a: Alomomola|Flip Turn|p2a: Ninetales\n|-damage|p2a: Ninetales|68\/100\n|\n|t:|1700238243\n|switch|p1a: Iron Treads|Iron Treads|100\/100|[from] Flip Turn\n|\n|-weather|Snow|[upkeep]\n|upkeep\n|turn|23\n|\n|t:|1700238249\n|switch|p2a: Corviknight|Corviknight, M, shiny|84\/100\n|-damage|p2a: Corviknight|72\/100|[from] Stealth Rock\n|-ability|p2a: Corviknight|Pressure\n|move|p1a: Iron Treads|Volt Switch|p2a: Corviknight\n|-supereffective|p2a: Corviknight\n|-damage|p2a: Corviknight|61\/100\n|\n|t:|1700238258\n|-end|p1a: Iron Treads|Quark Drive|[silent]\n|switch|p1a: Enamorus|Enamorus, F|100\/100|[from] Volt Switch\n|\n|-weather|Snow|[upkeep]\n|upkeep\n|turn|24\n|\n|t:|1700238264\n|move|p1a: Enamorus|Mystical Fire|p2a: Corviknight\n|-supereffective|p2a: Corviknight\n|-damage|p2a: Corviknight|32\/100\n|-unboost|p2a: Corviknight|spa|1\n|move|p2a: Corviknight|Defog|p1a: Enamorus\n|-boost|p1a: Enamorus|evasion|1\n|-sideend|p2: diditdone|Stealth Rock|[from] move: Defog|[of] p2a: Corviknight\n|\n|-weather|Snow|[upkeep]\n|upkeep\n|turn|25\n|\n|t:|1700238273\n|move|p1a: Enamorus|Mystical Fire|p2a: Corviknight\n|-supereffective|p2a: Corviknight\n|-damage|p2a: Corviknight|6\/100\n|-unboost|p2a: Corviknight|spa|1\n|move|p2a: Corviknight|Roost|p2a: Corviknight\n|-heal|p2a: Corviknight|56\/100\n|-singleturn|p2a: Corviknight|move: Roost\n|\n|-weather|Snow|[upkeep]\n|upkeep\n|turn|26\n|\n|t:|1700238292\n|switch|p1a: Iron Treads|Iron Treads|100\/100\n|move|p2a: Corviknight|Brave Bird|p1a: Iron Treads\n|-resisted|p1a: Iron Treads\n|-damage|p1a: Iron Treads|87\/100\n|-damage|p2a: Corviknight|51\/100|[from] Recoil\n|\n|-weather|none\n|upkeep\n|turn|27\n|\n|t:|1700238302\n|switch|p2a: Ceruledge|Ceruledge, M, shiny, tera:Grass|100\/100\n|move|p1a: Iron Treads|Stealth Rock|p2a: Ceruledge\n|-sidestart|p2: diditdone|move: Stealth Rock\n|\n|upkeep\n|turn|28\n|\n|t:|1700238307\n|move|p1a: Iron Treads|Volt Switch|p2a: Ceruledge\n|-resisted|p2a: Ceruledge\n|-damage|p2a: Ceruledge|99\/100\n|inactive|fungus53465 has 120 seconds left.\n|\n|t:|1700238317\n|-end|p1a: Iron Treads|Quark Drive|[silent]\n|switch|p1a: Ogerpon|Ogerpon-Wellspring, F|100\/100|[from] Volt Switch\n|move|p2a: Ceruledge|Bulk Up|p2a: Ceruledge\n|-boost|p2a: Ceruledge|atk|1\n|-boost|p2a: Ceruledge|def|1\n|\n|-heal|p2a: Ceruledge|100\/100|[from] item: Leftovers\n|upkeep\n|turn|29\n|inactive|fungus53465 has 120 seconds left.\n|\n|t:|1700238329\n|move|p1a: Ogerpon|Swords Dance|p1a: Ogerpon\n|-boost|p1a: Ogerpon|atk|2\n|move|p2a: Ceruledge|Bulk Up|p2a: Ceruledge\n|-boost|p2a: Ceruledge|atk|1\n|-boost|p2a: Ceruledge|def|1\n|\n|-sideend|p2: diditdone|move: Aurora Veil\n|upkeep\n|turn|30\n|inactive|fungus53465 has 120 seconds left.\n|\n|t:|1700238341\n|move|p1a: Ogerpon|Knock Off|p2a: Ceruledge\n|-damage|p2a: Ceruledge|53\/100\n|-enditem|p2a: Ceruledge|Leftovers|[from] move: Knock Off|[of] p1a: Ogerpon\n|move|p2a: Ceruledge|Bitter Blade|p1a: Ogerpon\n|-damage|p1a: Ogerpon|6\/100\n|-heal|p2a: Ceruledge|93\/100|[from] drain|[of] p1a: Ogerpon\n|\n|upkeep\n|turn|31\n|inactive|fungus53465 has 120 seconds left.\n|\n|t:|1700238351\n|move|p2a: Ceruledge|Shadow Sneak|p1a: Ogerpon\n|-damage|p1a: Ogerpon|0 fnt\n|faint|p1a: Ogerpon\n|\n|upkeep\n|inactive|fungus53465 has 120 seconds left.\n|\n|t:|1700238357\n|switch|p1a: Enamorus|Enamorus, F|100\/100\n|turn|32\n|\n|t:|1700238365\n|move|p1a: Enamorus|Moonblast|p2a: Ceruledge\n|-damage|p2a: Ceruledge|53\/100\n|move|p2a: Ceruledge|Bitter Blade|p1a: Enamorus\n|-damage|p1a: Enamorus|0 fnt\n|-heal|p2a: Ceruledge|94\/100|[from] drain|[of] p1a: Enamorus\n|faint|p1a: Enamorus\n|\n|upkeep\n|-message|fungus53465 forfeited.\n|\n|win|diditdone\n|raw|fungus53465's rating: 1316 &rarr; <strong>1299<\/strong><br \/>(-17 for losing)\n|raw|diditdone's rating: 1367 &rarr; <strong>1384<\/strong><br \/>(+17 for winning)\n|l|\u2606fungus53465\n","uploadtime":1700238379,"views":17,"p1id":"fungus53465","p2id":"diditdone","formatid":"gen9ou","rating":1299,"private":0,"password":""}