{"id":"gen9ou-1994452335","p1":"Flamin_snorlax","p2":"Salsicha_agiota","format":"[Gen 9] OU","log":"|j|\u2606Flamin_snorlax\n|j|\u2606Salsicha_agiota\n|t:|1700445538\n|gametype|singles\n|player|p1|Flamin_snorlax|marlon|1607\n|player|p2|Salsicha_agiota|alder|1562\n|teamsize|p1|6\n|teamsize|p2|6\n|gen|9\n|tier|[Gen 9] OU\n|rated|\n|rule|Sleep Clause Mod: Limit one foe put to sleep\n|rule|Species Clause: Limit one of each Pok\u00e9mon\n|rule|OHKO Clause: OHKO moves are banned\n|rule|Evasion Items Clause: Evasion items are banned\n|rule|Evasion Moves Clause: Evasion moves are banned\n|rule|Endless Battle Clause: Forcing endless battles is banned\n|rule|HP Percentage Mod: HP is shown in percentages\n|clearpoke\n|poke|p1|Clefable, F|\n|poke|p1|Alomomola, F|\n|poke|p1|Blissey, F|\n|poke|p1|Clodsire, M|\n|poke|p1|Dondozo, F|\n|poke|p1|Amoonguss, F|\n|poke|p2|Glimmora, F|\n|poke|p2|Gholdengo|\n|poke|p2|Kingambit, F|\n|poke|p2|Zamazenta-*|\n|poke|p2|Greninja-*, M|\n|poke|p2|Great Tusk|\n|teampreview\n|\n|t:|1700445545\n|start\n|switch|p1a: Alomomola|Alomomola, F|100\/100\n|switch|p2a: Glimmora|Glimmora, F|100\/100\n|turn|1\n|j| silverghoooost\n|j| AlthoughMirai\n|j| andrevc\n|j| GRIEZANANN\n|\n|t:|1700445563\n|switch|p1a: Amoonguss|Amoonguss, F, shiny|100\/100\n|move|p2a: Glimmora|Spikes|p1a: Amoonguss\n|-sidestart|p1: Flamin_snorlax|Spikes\n|\n|upkeep\n|turn|2\n|c| GRIEZANANN|abre outra\n|c| GRIEZANANN|sua unica chance\n|c| GRIEZANANN|vencer as duas\n|\n|t:|1700445571\n|move|p2a: Glimmora|Stealth Rock|p1a: Amoonguss\n|-sidestart|p1: Flamin_snorlax|move: Stealth Rock\n|move|p1a: Amoonguss|Spore|p2a: Glimmora\n|-status|p2a: Glimmora|slp|[from] move: Spore\n|\n|upkeep\n|turn|3\n|c| silverghoooost|ABRE OURTA PEDRO\n|c| GRIEZANANN|dps de meia noite n vale mais abrir partida\n|c| silverghoooost|ABRE OUTRA\n|c| GRIEZANANN|PQP\n|j| G.L.Borges\n|c| GRIEZANANN|TAMO JOGANDO X STALL\n|c| GRIEZANANN|PORRA\n|c| silverghoooost|1 MIN\n|c| silverghoooost|ABRE OUTRA\n|c| AlthoughMirai|\u00c9 23h ainda pedro\n|c| AlthoughMirai|CALMA\n|c| GRIEZANANN|ah\n|c| GRIEZANANN|eh mesmo\n|c| GRIEZANANN|LOL\n|c| silverghoooost|LLOL\n|c| silverghoooost|\u00c9 23H\n|c| silverghoooost|KKKKKKKKKKKKKKKKKKKKKKKKKKKKKKK\n|c| AlthoughMirai|Qual foi cara\n|c| silverghoooost|jurei q era meia noite\n|c| GRIEZANANN|EU PENSEI Q FALTAVA 1 MIN PRA MEIA NOITE\n|c| silverghoooost|agora\n|\n|t:|1700445603\n|switch|p2a: Gholdengo|Gholdengo|100\/100\n|-item|p2a: Gholdengo|Air Balloon\n|switch|p1a: Dondozo|Dondozo, F|100\/100\n|\n|upkeep\n|turn|4\n|c| GRIEZANANN|KKKKKKKKKKKKKKKKKKKKKKKKKKKKKKKKKKK\n|c| silverghoooost|cara\n|c| GRIEZANANN|PQP\n|c| GRIEZANANN|VSF\n|c| silverghoooost|VAI SE FUDER\n|c| GRIEZANANN|ENGASGUEI\n|c| silverghoooost|kkkkkkkkkkkkkkkkkkkkkk\n|c| silverghoooost|rlx entao pedro\n|\n|t:|1700445617\n|switch|p1a: Blissey|Blissey, F|100\/100\n|move|p2a: Gholdengo|Shadow Ball|p1a: Blissey\n|-immune|p1a: Blissey\n|\n|upkeep\n|turn|5\n|c| silverghoooost|1 hora\n|c| silverghoooost|ainda\n|c| AlthoughMirai|Vcs tao sabotando\n|c| AlthoughMirai|O proprio time\n|c| GRIEZANANN|cara q merda\n|\n|t:|1700445623\n|switch|p2a: Rhyan|Great Tusk|100\/100\n|move|p1a: Blissey|Stealth Rock|p2a: Rhyan\n|-sidestart|p2: Salsicha_agiota|move: Stealth Rock\n|\n|upkeep\n|turn|6\n|c| GRIEZANANN|tenho ctz\n|c| GRIEZANANN|q vi 23:40\n|\n|t:|1700445627\n|switch|p1a: Clefable|Clefable, F|100\/100\n|move|p2a: Rhyan|Rapid Spin|p1a: Clefable\n|-damage|p1a: Clefable|86\/100\n|-boost|p2a: Rhyan|spe|1\n|-sideend|p2: Salsicha_agiota|Stealth Rock|[from] move: Rapid Spin|[of] p2a: Rhyan\n|\n|-heal|p1a: Clefable|92\/100|[from] item: Leftovers\n|upkeep\n|turn|7\n|c| silverghoooost|cara tinha certeza\n|c| silverghoooost|q era meia noite\n|c| GRIEZANANN|deve ser horario de ver\u00e3o\n|c| silverghoooost|agora\n|c| silverghoooost|pqp\n|\n|t:|1700445632\n|-end|p2a: Rhyan|Protosynthesis|[silent]\n|switch|p2a: Glimmora|Glimmora, F|100\/100 slp\n|move|p1a: Clefable|Knock Off|p2a: Glimmora\n|-damage|p2a: Glimmora|82\/100 slp\n|-activate|p2a: Glimmora|ability: Toxic Debris\n|-sidestart|p1: Flamin_snorlax|move: Toxic Spikes\n|-enditem|p2a: Glimmora|Focus Sash|[from] move: Knock Off|[of] p1a: Clefable\n|\n|-heal|p1a: Clefable|98\/100|[from] item: Leftovers\n|upkeep\n|turn|8\n|c| GRIEZANANN|essa porra\n|\n|t:|1700445635\n|cant|p2a: Glimmora|slp\n|move|p1a: Clefable|Moonblast|p2a: Glimmora\n|-resisted|p2a: Glimmora\n|-damage|p2a: Glimmora|62\/100 slp\n|-unboost|p2a: Glimmora|spa|1\n|\n|-heal|p1a: Clefable|100\/100|[from] item: Leftovers\n|upkeep\n|turn|9\n|c| silverghoooost|ahamm\n|c| GRIEZANANN|so pode\n|\n|t:|1700445640\n|-curestatus|p2a: Glimmora|slp|[msg]\n|move|p2a: Glimmora|Spikes|p1a: Clefable\n|-sidestart|p1: Flamin_snorlax|Spikes\n|move|p1a: Clefable|Moonblast|p2a: Glimmora\n|-resisted|p2a: Glimmora\n|-damage|p2a: Glimmora|42\/100\n|-unboost|p2a: Glimmora|spa|1\n|\n|upkeep\n|turn|10\n|c| silverghoooost|pode ser\n|c| GRIEZANANN|pqp\n|c| GRIEZANANN|ficou 200% menos interessante\n|c| GRIEZANANN|agr\n|\n|t:|1700445663\n|switch|p1a: Amoonguss|Amoonguss, F, shiny|100\/100\n|-sideend|p1: Flamin_snorlax|move: Toxic Spikes|[of] p1a: Amoonguss\n|move|p2a: Glimmora|Spikes|p1a: Amoonguss\n|-sidestart|p1: Flamin_snorlax|Spikes\n|\n|upkeep\n|turn|11\n|\n|t:|1700445666\n|switch|p2a: Gholdengo|Gholdengo|100\/100\n|-item|p2a: Gholdengo|Air Balloon\n|move|p1a: Amoonguss|Clear Smog|p2a: Gholdengo\n|-immune|p2a: Gholdengo\n|\n|upkeep\n|turn|12\n|\n|t:|1700445681\n|switch|p1a: Blissey|Blissey, F|100\/100\n|move|p2a: Gholdengo|Nasty Plot|p2a: Gholdengo\n|-boost|p2a: Gholdengo|spa|2\n|\n|upkeep\n|turn|13\n|\n|t:|1700445686\n|move|p2a: Gholdengo|Nasty Plot|p2a: Gholdengo\n|-boost|p2a: Gholdengo|spa|2\n|move|p1a: Blissey|Shadow Ball|p2a: Gholdengo\n|-supereffective|p2a: Gholdengo\n|-damage|p2a: Gholdengo|66\/100\n|-unboost|p2a: Gholdengo|spd|1\n|-enditem|p2a: Gholdengo|Air Balloon\n|\n|upkeep\n|turn|14\n|\n|t:|1700445689\n|switch|p1a: Clodsire|Clodsire, M|100\/100\n|move|p2a: Gholdengo|Make It Rain|p1a: Clodsire\n|-damage|p1a: Clodsire|69\/100\n|-unboost|p2a: Gholdengo|spa|1\n|\n|upkeep\n|turn|15\n|\n|t:|1700445695\n|switch|p2a: Glimmora|Glimmora, F|42\/100\n|move|p1a: Clodsire|Amnesia|p1a: Clodsire\n|-boost|p1a: Clodsire|spd|2\n|\n|upkeep\n|turn|16\n|\n|t:|1700445704\n|switch|p2a: Rhyan|Great Tusk|100\/100\n|switch|p1a: Amoonguss|Amoonguss, F, shiny|100\/100\n|\n|upkeep\n|turn|17\n|l| G.L.Borges\n|\n|t:|1700445711\n|-end|p2a: Rhyan|Protosynthesis|[silent]\n|switch|p2a: Gholdengo|Gholdengo|66\/100\n|move|p1a: Amoonguss|Spore|p2a: Gholdengo\n|-immune|p2a: Gholdengo|[from] ability: Good as Gold\n|\n|upkeep\n|turn|18\n|\n|t:|1700445720\n|move|p2a: Gholdengo|Make It Rain|p1a: Amoonguss\n|-damage|p1a: Amoonguss|38\/100\n|-unboost|p2a: Gholdengo|spa|1\n|move|p1a: Amoonguss|Foul Play|p2a: Gholdengo\n|-supereffective|p2a: Gholdengo\n|-damage|p2a: Gholdengo|43\/100\n|\n|upkeep\n|turn|19\n|\n|t:|1700445735\n|switch|p1a: Clodsire|Clodsire, M|69\/100\n|move|p2a: Gholdengo|Make It Rain|p1a: Clodsire\n|-damage|p1a: Clodsire|38\/100\n|-unboost|p2a: Gholdengo|spa|1\n|\n|upkeep\n|turn|20\n|\n|t:|1700445752\n|switch|p2a: Glimmora|Glimmora, F|42\/100\n|move|p1a: Clodsire|Recover|p1a: Clodsire\n|-heal|p1a: Clodsire|88\/100\n|\n|upkeep\n|turn|21\n|\n|t:|1700445758\n|switch|p1a: Amoonguss|Amoonguss, F, shiny|71\/100\n|move|p2a: Glimmora|Earth Power|p1a: Amoonguss\n|-damage|p1a: Amoonguss|40\/100\n|\n|upkeep\n|turn|22\n|\n|t:|1700445776\n|move|p2a: Glimmora|Earth Power|p1a: Amoonguss\n|-damage|p1a: Amoonguss|12\/100\n|move|p1a: Amoonguss|Giga Drain|p2a: Glimmora\n|-damage|p2a: Glimmora|12\/100\n|-heal|p1a: Amoonguss|23\/100|[from] drain|[of] p2a: Glimmora\n|\n|upkeep\n|turn|23\n|\n|t:|1700445790\n|switch|p1a: Blissey|Blissey, F|100\/100\n|move|p2a: Glimmora|Power Gem|p1a: Blissey\n|-damage|p1a: Blissey|88\/100\n|\n|upkeep\n|turn|24\n|\n|t:|1700445796\n|move|p2a: Glimmora|Power Gem|p1a: Blissey\n|-damage|p1a: Blissey|76\/100\n|move|p1a: Blissey|Shadow Ball|p2a: Glimmora\n|-damage|p2a: Glimmora|0 fnt\n|faint|p2a: Glimmora\n|\n|upkeep\n|c| silverghoooost|Flamin_snorlaxtime de virgem\n|c| silverghoooost|cara\n|j| SeraphZ\u2605\n|\n|t:|1700445802\n|switch|p2a: Rhyan|Great Tusk|100\/100\n|turn|25\n|c| GRIEZANANN|PLEASE FORFEIT Flamin_snorlax\n|\n|t:|1700445808\n|switch|p1a: Clefable|Clefable, F|100\/100\n|move|p2a: Rhyan|Rapid Spin|p1a: Clefable\n|-damage|p1a: Clefable|87\/100\n|-boost|p2a: Rhyan|spe|1\n|\n|-heal|p1a: Clefable|93\/100|[from] item: Leftovers\n|upkeep\n|turn|26\n|c|\u2606Flamin_snorlax|no\n|c| AlthoughMirai|Pedro\n|c| andrevc|kkkkkkkkkkkkkkkk\n|c| AlthoughMirai|Praq\n|c| AlthoughMirai|Rapid spin\n|\n|t:|1700445826\n|move|p2a: Rhyan|Headlong Rush|p1a: Clefable\n|-damage|p1a: Clefable|49\/100\n|-unboost|p2a: Rhyan|def|1\n|-unboost|p2a: Rhyan|spd|1\n|move|p1a: Clefable|Knock Off|p2a: Rhyan\n|-resisted|p2a: Rhyan\n|-damage|p2a: Rhyan|93\/100\n|-enditem|p2a: Rhyan|Heavy-Duty Boots|[from] move: Knock Off|[of] p1a: Clefable\n|\n|-heal|p1a: Clefable|55\/100|[from] item: Leftovers\n|upkeep\n|turn|27\n|c| GRIEZANANN|he has one hour to reach 1600 on ladder Flamin_snorlax\n|c| GRIEZANANN|please\n|\n|t:|1700445843\n|move|p2a: Rhyan|Headlong Rush|p1a: Clefable\n|-damage|p1a: Clefable|3\/100\n|-unboost|p2a: Rhyan|def|1\n|-unboost|p2a: Rhyan|spd|1\n|move|p1a: Clefable|Moonblast|p2a: Rhyan\n|-supereffective|p2a: Rhyan\n|-damage|p2a: Rhyan|0 fnt\n|faint|p2a: Rhyan\n|-end|p2a: Rhyan|Protosynthesis|[silent]\n|\n|-heal|p1a: Clefable|9\/100|[from] item: Leftovers\n|upkeep\n|c| GRIEZANANN|FORFEIT\n|\n|t:|1700445848\n|switch|p2a: Greninja|Greninja, M|100\/100\n|turn|28\n|\n|t:|1700445858\n|move|p1a: Clefable|Protect|p1a: Clefable\n|-singleturn|p1a: Clefable|Protect\n|move|p2a: Greninja|Surf|p1a: Clefable\n|-activate|p1a: Clefable|move: Protect\n|\n|-heal|p1a: Clefable|15\/100|[from] item: Leftovers\n|upkeep\n|turn|29\n|\n|t:|1700445879\n|switch|p1a: Alomomola|Alomomola, F|100\/100\n|move|p2a: Greninja|Dark Pulse|p1a: Alomomola\n|-damage|p1a: Alomomola|45\/100\n|-damage|p2a: Greninja|91\/100|[from] item: Life Orb\n|\n|upkeep\n|turn|30\n|c| andrevc|please flamin_snorlax\n|c| andrevc|please\n|c| andrevc|plase\n|c| GRIEZANANN|cara\n|\n|t:|1700445888\n|switch|p1a: Blissey|Blissey, F|76\/100\n|move|p2a: Greninja|Dark Pulse|p1a: Blissey\n|-damage|p1a: Blissey|64\/100\n|-damage|p2a: Greninja|81\/100|[from] item: Life Orb\n|\n|upkeep\n|turn|31\n|c| GRIEZANANN|esse greninja\n|c| GRIEZANANN|faz a boa\n|c| GRIEZANANN|nvm\n|c| GRIEZANANN|esqueci q era botas\n|\n|t:|1700445903\n|switch|p2a: Zamazenta|Zamazenta|100\/100\n|-ability|p2a: Zamazenta|Dauntless Shield|boost\n|-boost|p2a: Zamazenta|def|1\n|move|p1a: Blissey|Soft-Boiled|p1a: Blissey\n|-heal|p1a: Blissey|100\/100\n|\n|upkeep\n|turn|32\n|c| GRIEZANANN|in\n|\n|t:|1700445909\n|switch|p1a: Alomomola|Alomomola, F|78\/100\n|move|p2a: Zamazenta|Substitute|p2a: Zamazenta\n|-start|p2a: Zamazenta|Substitute\n|-damage|p2a: Zamazenta|75\/100\n|\n|-heal|p2a: Zamazenta|82\/100|[from] item: Leftovers\n|upkeep\n|turn|33\n|\n|t:|1700445924\n|move|p2a: Zamazenta|Iron Defense|p2a: Zamazenta\n|-boost|p2a: Zamazenta|def|2\n|move|p1a: Alomomola|Wish|p1a: Alomomola\n|\n|-heal|p2a: Zamazenta|88\/100|[from] item: Leftovers\n|upkeep\n|turn|34\n|c| silverghoooost|vamos pedro\n|\n|t:|1700445928\n|move|p2a: Zamazenta|Iron Defense|p2a: Zamazenta\n|-boost|p2a: Zamazenta|def|2\n|move|p1a: Alomomola|Flip Turn|p2a: Zamazenta\n|-activate|p2a: Zamazenta|move: Substitute|[damage]\n|\n|t:|1700445931\n|switch|p1a: Clefable|Clefable, F|15\/100|[from] Flip Turn\n|\n|-heal|p1a: Clefable|82\/100|[from] move: Wish|[wisher] Alomomola\n|-heal|p2a: Zamazenta|94\/100|[from] item: Leftovers\n|-heal|p1a: Clefable|89\/100|[from] item: Leftovers\n|upkeep\n|turn|35\n|c| GRIEZANANN|pqp\n|c| GRIEZANANN|tava indo bem dms\n|c| GRIEZANANN|pra ser verdade\n|\n|t:|1700445954\n|switch|p1a: Dondozo|Dondozo, F|100\/100\n|-terastallize|p2a: Zamazenta|Steel\n|move|p2a: Zamazenta|Iron Defense|p2a: Zamazenta\n|-boost|p2a: Zamazenta|def|1\n|\n|-heal|p2a: Zamazenta|99\/100|[from] item: Leftovers\n|upkeep\n|turn|36\n|c| andrevc|nossa\n|c| andrevc|tudo \u00e9 botas\n|c| andrevc|vtnc\n|c| andrevc|flaminsnorlax\n|l| SeraphZ\u2605\n|c| andrevc|virgin\n|c| silverghoooost|eram p limitar\n|c| silverghoooost|esse item\n|c| GRIEZANANN|forfeita Salsicha_agiota\n|c| silverghoooost|p 1 poke por time\n|\n|t:|1700445977\n|move|p2a: Zamazenta|Body Press|p1a: Dondozo\n|-damage|p1a: Dondozo|86\/100\n|move|p1a: Dondozo|Body Press|p2a: Zamazenta\n|-supereffective|p2a: Zamazenta\n|-end|p2a: Zamazenta|Substitute\n|\n|-heal|p2a: Zamazenta|100\/100|[from] item: Leftovers\n|upkeep\n|turn|37\n|c| silverghoooost|namoral\n|c| GRIEZANANN|melhor\n|j| SandGetsEverywhere\n|c| GRIEZANANN|forfeita Salsicha_agiota\n|c| GRIEZANANN|porra\n|c| silverghoooost|pedro ta afobado mano\n|c| GRIEZANANN|vc n vai vencer essa\n|l| SandGetsEverywhere\n|c| silverghoooost|pra q puxar 3 iron\n|c| silverghoooost|se n encosta\n|c| silverghoooost|nesse bicho ai\n|c| silverghoooost|porra\n|c| GRIEZANANN|ele abele abriu outra\n|c| GRIEZANANN|gogo\n|c| GRIEZANANN|entrem\n|\n|t:|1700446021\n|switch|p2a: Gholdengo|Gholdengo|43\/100\n|move|p1a: Dondozo|Body Press|p2a: Gholdengo\n|-immune|p2a: Gholdengo\n|\n|upkeep\n|turn|38\n|l| AlthoughMirai\n|\n|t:|1700446027\n|switch|p1a: Blissey|Blissey, F|100\/100\n|move|p2a: Gholdengo|Recover|p2a: Gholdengo\n|-heal|p2a: Gholdengo|93\/100\n|\n|upkeep\n|turn|39\n|\n|t:|1700446032\n|move|p2a: Gholdengo|Nasty Plot|p2a: Gholdengo\n|-boost|p2a: Gholdengo|spa|2\n|move|p1a: Blissey|Stealth Rock|p2a: Gholdengo\n|-sidestart|p2: Salsicha_agiota|move: Stealth Rock\n|\n|upkeep\n|turn|40\n|\n|t:|1700446035\n|move|p2a: Gholdengo|Make It Rain|p1a: Blissey\n|-damage|p1a: Blissey|65\/100\n|-unboost|p2a: Gholdengo|spa|1\n|move|p1a: Blissey|Shadow Ball|p2a: Gholdengo\n|-supereffective|p2a: Gholdengo\n|-damage|p2a: Gholdengo|58\/100\n|\n|upkeep\n|turn|41\n|c| silverghoooost|opa\n|c| andrevc|n passa clod\n|j| AlthoughMirai\n|c| andrevc|alias\n|\n|t:|1700446065\n|move|p2a: Gholdengo|Nasty Plot|p2a: Gholdengo\n|-boost|p2a: Gholdengo|spa|2\n|move|p1a: Blissey|Shadow Ball|p2a: Gholdengo\n|-supereffective|p2a: Gholdengo\n|-damage|p2a: Gholdengo|22\/100\n|\n|upkeep\n|turn|42\n|c| andrevc|se n tiver eq tlg\n|\n|t:|1700446069\n|move|p2a: Gholdengo|Recover|p2a: Gholdengo\n|-heal|p2a: Gholdengo|73\/100\n|move|p1a: Blissey|Shadow Ball|p2a: Gholdengo\n|-supereffective|p2a: Gholdengo\n|-damage|p2a: Gholdengo|36\/100\n|-unboost|p2a: Gholdengo|spd|1\n|\n|upkeep\n|turn|43\n|c| silverghoooost|q roubo\n|c| silverghoooost|vsf\n|c| silverghoooost|critico agr\n|c| silverghoooost|pff\n|j| SandGetsEverywhere\n|\n|t:|1700446092\n|move|p2a: Gholdengo|Nasty Plot|p2a: Gholdengo\n|-boost|p2a: Gholdengo|spa|2\n|move|p1a: Blissey|Shadow Ball|p2a: Gholdengo\n|-supereffective|p2a: Gholdengo\n|-damage|p2a: Gholdengo|0 fnt\n|faint|p2a: Gholdengo\n|\n|upkeep\n|l| SandGetsEverywhere\n|\n|t:|1700446095\n|switch|p2a: Zamazenta|Zamazenta, tera:Steel|100\/100\n|-damage|p2a: Zamazenta|94\/100|[from] Stealth Rock\n|turn|44\n|c| andrevc|kkkkkkkkkkkkkkkkkkkkkkkkkk\n|l| silverghoooost\n|\n|t:|1700446108\n|switch|p1a: Amoonguss|Amoonguss, F, shiny|56\/100\n|move|p2a: Zamazenta|Body Press|p1a: Amoonguss\n|-resisted|p1a: Amoonguss\n|-damage|p1a: Amoonguss|44\/100\n|\n|-heal|p2a: Zamazenta|100\/100|[from] item: Leftovers\n|upkeep\n|turn|45\n|\n|t:|1700446123\n|switch|p1a: Dondozo|Dondozo, F|86\/100\n|move|p2a: Zamazenta|Substitute|p2a: Zamazenta\n|-start|p2a: Zamazenta|Substitute\n|-damage|p2a: Zamazenta|75\/100\n|\n|-heal|p2a: Zamazenta|82\/100|[from] item: Leftovers\n|upkeep\n|turn|46\n|\n|t:|1700446133\n|move|p2a: Zamazenta|Body Press|p1a: Dondozo\n|-damage|p1a: Dondozo|71\/100\n|move|p1a: Dondozo|Body Press|p2a: Zamazenta\n|-supereffective|p2a: Zamazenta\n|-end|p2a: Zamazenta|Substitute\n|\n|-heal|p2a: Zamazenta|88\/100|[from] item: Leftovers\n|upkeep\n|turn|47\n|\n|t:|1700446147\n|move|p2a: Zamazenta|Body Press|p1a: Dondozo\n|-damage|p1a: Dondozo|54\/100\n|move|p1a: Dondozo|Body Press|p2a: Zamazenta\n|-supereffective|p2a: Zamazenta\n|-damage|p2a: Zamazenta|48\/100\n|\n|-heal|p2a: Zamazenta|54\/100|[from] item: Leftovers\n|upkeep\n|turn|48\n|\n|t:|1700446151\n|move|p2a: Zamazenta|Body Press|p1a: Dondozo\n|-damage|p1a: Dondozo|41\/100\n|move|p1a: Dondozo|Rest|p1a: Dondozo\n|-status|p1a: Dondozo|slp|[from] move: Rest\n|-heal|p1a: Dondozo|100\/100 slp|[silent]\n|\n|-heal|p2a: Zamazenta|61\/100|[from] item: Leftovers\n|upkeep\n|turn|49\n|\n|t:|1700446164\n|switch|p2a: Greninja|Greninja, M|81\/100\n|-damage|p2a: Greninja|69\/100|[from] Stealth Rock\n|cant|p1a: Dondozo|slp\n|move|p1a: Dondozo|Sleep Talk|p1a: Dondozo\n|move|p1a: Dondozo|Rest||[from]move: Sleep Talk|[still]\n|-fail|p1a: Dondozo\n|\n|upkeep\n|turn|50\n|\n|t:|1700446186\n|switch|p1a: Blissey|Blissey, F|65\/100\n|move|p2a: Greninja|Grass Knot|p1a: Blissey\n|-damage|p1a: Blissey|59\/100\n|-damage|p2a: Greninja|59\/100|[from] item: Life Orb\n|\n|upkeep\n|turn|51\n|\n|t:|1700446194\n|switch|p2a: Zamazenta|Zamazenta, tera:Steel|61\/100\n|-damage|p2a: Zamazenta|54\/100|[from] Stealth Rock\n|move|p1a: Blissey|Soft-Boiled|p1a: Blissey\n|-heal|p1a: Blissey|100\/100\n|\n|-heal|p2a: Zamazenta|61\/100|[from] item: Leftovers\n|upkeep\n|turn|52\n|\n|t:|1700446202\n|switch|p1a: Dondozo|Dondozo, F|100\/100 slp\n|move|p2a: Zamazenta|Body Press|p1a: Dondozo\n|-damage|p1a: Dondozo|84\/100 slp\n|\n|-heal|p2a: Zamazenta|67\/100|[from] item: Leftovers\n|upkeep\n|turn|53\n|\n|t:|1700446206\n|move|p2a: Zamazenta|Iron Defense|p2a: Zamazenta\n|-boost|p2a: Zamazenta|def|2\n|cant|p1a: Dondozo|slp\n|move|p1a: Dondozo|Sleep Talk|p1a: Dondozo\n|move|p1a: Dondozo|Rest||[from]move: Sleep Talk|[still]\n|-fail|p1a: Dondozo\n|\n|-heal|p2a: Zamazenta|73\/100|[from] item: Leftovers\n|upkeep\n|turn|54\n|\n|t:|1700446213\n|move|p2a: Zamazenta|Crunch|p1a: Dondozo\n|-damage|p1a: Dondozo|74\/100 slp\n|-unboost|p1a: Dondozo|def|1\n|-curestatus|p1a: Dondozo|slp|[msg]\n|move|p1a: Dondozo|Body Press|p2a: Zamazenta\n|-supereffective|p2a: Zamazenta\n|-damage|p2a: Zamazenta|45\/100\n|\n|-heal|p2a: Zamazenta|51\/100|[from] item: Leftovers\n|upkeep\n|turn|55\n|\n|t:|1700446217\n|move|p2a: Zamazenta|Body Press|p1a: Dondozo\n|-damage|p1a: Dondozo|51\/100\n|move|p1a: Dondozo|Body Press|p2a: Zamazenta\n|-supereffective|p2a: Zamazenta\n|-damage|p2a: Zamazenta|23\/100\n|\n|-heal|p2a: Zamazenta|30\/100|[from] item: Leftovers\n|upkeep\n|turn|56\n|\n|t:|1700446222\n|move|p2a: Zamazenta|Body Press|p1a: Dondozo\n|-damage|p1a: Dondozo|31\/100\n|move|p1a: Dondozo|Rest|p1a: Dondozo\n|-status|p1a: Dondozo|slp|[from] move: Rest\n|-heal|p1a: Dondozo|100\/100 slp|[silent]\n|\n|-heal|p2a: Zamazenta|36\/100|[from] item: Leftovers\n|upkeep\n|turn|57\n|inactive|Battle timer is ON: inactive players will automatically lose when time's up. (requested by Flamin_snorlax)\n|\n|t:|1700446276\n|switch|p2a: Greninja|Greninja, M|59\/100\n|-damage|p2a: Greninja|46\/100|[from] Stealth Rock\n|switch|p1a: Clefable|Clefable, F|89\/100\n|\n|-heal|p1a: Clefable|95\/100|[from] item: Leftovers\n|upkeep\n|turn|58\n|\n|t:|1700446286\n|switch|p2a: Zamazenta|Zamazenta, tera:Steel|36\/100\n|-damage|p2a: Zamazenta|30\/100|[from] Stealth Rock\n|move|p1a: Clefable|Protect||[still]\n|-fail|p1a: Clefable\n|\n|-heal|p2a: Zamazenta|36\/100|[from] item: Leftovers\n|-heal|p1a: Clefable|100\/100|[from] item: Leftovers\n|upkeep\n|turn|59\n|j| spin da bloc\n|l| spin da bloc\n|\n|t:|1700446308\n|switch|p1a: Dondozo|Dondozo, F|100\/100 slp\n|move|p2a: Zamazenta|Body Press|p1a: Dondozo\n|-damage|p1a: Dondozo|84\/100 slp\n|\n|-heal|p2a: Zamazenta|42\/100|[from] item: Leftovers\n|upkeep\n|turn|60\n|\n|t:|1700446313\n|move|p2a: Zamazenta|Body Press|p1a: Dondozo\n|-damage|p1a: Dondozo|71\/100 slp\n|cant|p1a: Dondozo|slp\n|move|p1a: Dondozo|Sleep Talk|p1a: Dondozo\n|move|p1a: Dondozo|Rest||[from]move: Sleep Talk|[still]\n|-fail|p1a: Dondozo\n|\n|-heal|p2a: Zamazenta|48\/100|[from] item: Leftovers\n|upkeep\n|turn|61\n|inactive|Flamin_snorlax has 120 seconds left.\n|\n|t:|1700446347\n|move|p2a: Zamazenta|Body Press|p1a: Dondozo\n|-damage|p1a: Dondozo|55\/100 slp\n|cant|p1a: Dondozo|slp\n|move|p1a: Dondozo|Sleep Talk|p1a: Dondozo\n|move|p1a: Dondozo|Rest||[from]move: Sleep Talk|[still]\n|-fail|p1a: Dondozo\n|\n|-heal|p2a: Zamazenta|54\/100|[from] item: Leftovers\n|upkeep\n|turn|62\n|inactive|Salsicha_agiota has 120 seconds left.\n|c| AlthoughMirai|GRIEZANANN Po\n|c| AlthoughMirai|Ele caiu p\n|c| AlthoughMirai|1500\n|inactive|Salsicha_agiota has 90 seconds left.\n|inactive|Salsicha_agiota has 60 seconds left.\n|inactive|Salsicha_agiota has 30 seconds left.\n|inactive|Salsicha_agiota has 20 seconds left.\n|inactive|Salsicha_agiota has 15 seconds left.\n|inactive|Salsicha_agiota has 10 seconds left.\n|inactive|Salsicha_agiota has 5 seconds left.\n|-message|Salsicha_agiota lost due to inactivity.\n|\n|win|Flamin_snorlax\n|raw|Flamin_snorlax's rating: 1607 &rarr; <strong>1621<\/strong><br \/>(+14 for winning)\n|raw|Salsicha_agiota's rating: 1505 &rarr; <strong>1491<\/strong><br \/>(-14 for losing)\n","uploadtime":1700445609,"views":29,"p1id":"flaminsnorlax","p2id":"salsichaagiota","formatid":"gen9ou","rating":1491,"private":0,"password":""}