{"id":"gen9ou-1990800183","p1":"Vixen 4 Life","p2":"Jxb312","format":"[Gen 9] OU","log":"|j|\u2606Vixen 4 Life\n|j|\u2606Jxb312\n|t:|1700002098\n|gametype|singles\n|player|p1|Vixen 4 Life|penny|1323\n|player|p2|Jxb312|emmet|1306\n|teamsize|p1|6\n|teamsize|p2|6\n|gen|9\n|tier|[Gen 9] OU\n|rated|\n|rule|Sleep Clause Mod: Limit one foe put to sleep\n|rule|Species Clause: Limit one of each Pok\u00e9mon\n|rule|OHKO Clause: OHKO moves are banned\n|rule|Evasion Items Clause: Evasion items are banned\n|rule|Evasion Moves Clause: Evasion moves are banned\n|rule|Endless Battle Clause: Forcing endless battles is banned\n|rule|HP Percentage Mod: HP is shown in percentages\n|clearpoke\n|poke|p1|Overqwil, M|\n|poke|p1|Sinistcha-Masterpiece|\n|poke|p1|Gastrodon, F|\n|poke|p1|Eelektross, F|\n|poke|p1|Mandibuzz, F|\n|poke|p1|Krookodile, M|\n|poke|p2|Walking Wake|\n|poke|p2|Magnezone|\n|poke|p2|Glimmora, M|\n|poke|p2|Kommo-o, M|\n|poke|p2|Ceruledge, M|\n|poke|p2|Corviknight, F|\n|teampreview\n|inactive|Battle timer is ON: inactive players will automatically lose when time's up. (requested by Jxb312)\n|\n|t:|1700002115\n|start\n|switch|p1a: Krookodile|Krookodile, M|100\/100\n|switch|p2a: Glimmora|Glimmora, M|100\/100\n|-ability|p1a: Krookodile|Intimidate|boost\n|-unboost|p2a: Glimmora|atk|1\n|turn|1\n|\n|t:|1700002121\n|move|p2a: Glimmora|Toxic|p1a: Krookodile\n|-status|p1a: Krookodile|tox\n|move|p1a: Krookodile|Earthquake|p2a: Glimmora\n|-supereffective|p2a: Glimmora\n|-enditem|p2a: Glimmora|Focus Sash\n|-damage|p2a: Glimmora|1\/100\n|-activate|p2a: Glimmora|ability: Toxic Debris\n|-sidestart|p1: Vixen 4 Life|move: Toxic Spikes\n|\n|-damage|p1a: Krookodile|94\/100 tox|[from] psn\n|upkeep\n|turn|2\n|\n|t:|1700002127\n|move|p2a: Glimmora|Stealth Rock|p1a: Krookodile\n|-sidestart|p1: Vixen 4 Life|move: Stealth Rock\n|move|p1a: Krookodile|Stealth Rock|p2a: Glimmora\n|-sidestart|p2: Jxb312|move: Stealth Rock\n|\n|-damage|p1a: Krookodile|82\/100 tox|[from] psn\n|upkeep\n|turn|3\n|\n|t:|1700002132\n|move|p2a: Glimmora|Earth Power|p1a: Krookodile\n|-damage|p1a: Krookodile|56\/100 tox\n|move|p1a: Krookodile|Knock Off|p2a: Glimmora\n|-damage|p2a: Glimmora|0 fnt\n|-activate|p2a: Glimmora|ability: Toxic Debris\n|-sidestart|p1: Vixen 4 Life|move: Toxic Spikes\n|faint|p2a: Glimmora\n|\n|-damage|p1a: Krookodile|38\/100 tox|[from] psn\n|upkeep\n|\n|t:|1700002142\n|switch|p2a: Walking Wake|Walking Wake|100\/100\n|-damage|p2a: Walking Wake|88\/100|[from] Stealth Rock\n|turn|4\n|\n|t:|1700002145\n|move|p2a: Walking Wake|Flip Turn|p1a: Krookodile\n|-supereffective|p1a: Krookodile\n|-damage|p1a: Krookodile|10\/100 tox\n|-damage|p2a: Walking Wake|72\/100|[from] item: Rocky Helmet|[of] p1a: Krookodile\n|\n|t:|1700002149\n|-end|p2a: Walking Wake|Protosynthesis|[silent]\n|switch|p2a: Corviknight|Corviknight, F|100\/100|[from] Flip Turn\n|-damage|p2a: Corviknight|88\/100|[from] Stealth Rock\n|-ability|p2a: Corviknight|Pressure\n|move|p1a: Krookodile|Knock Off|p2a: Corviknight\n|-damage|p2a: Corviknight|64\/100\n|-enditem|p2a: Corviknight|Leftovers|[from] move: Knock Off|[of] p1a: Krookodile\n|\n|-damage|p1a: Krookodile|0 fnt|[from] psn\n|faint|p1a: Krookodile\n|upkeep\n|\n|t:|1700002153\n|switch|p1a: Overqwil|Overqwil, M|100\/100\n|-sideend|p1: Vixen 4 Life|move: Toxic Spikes|[of] p1a: Overqwil\n|-damage|p1a: Overqwil|88\/100|[from] Stealth Rock\n|-ability|p1a: Overqwil|Intimidate|boost\n|-unboost|p2a: Corviknight|atk|1\n|turn|5\n|\n|t:|1700002166\n|move|p2a: Corviknight|U-turn|p1a: Overqwil\n|-damage|p1a: Overqwil|80\/100\n|\n|t:|1700002172\n|switch|p2a: Kommo-o|Kommo-o, M|100\/100|[from] U-turn\n|-damage|p2a: Kommo-o|94\/100|[from] Stealth Rock\n|move|p1a: Overqwil|Crunch|p2a: Kommo-o\n|-resisted|p2a: Kommo-o\n|-damage|p2a: Kommo-o|77\/100\n|\n|-heal|p1a: Overqwil|86\/100|[from] item: Leftovers\n|upkeep\n|turn|6\n|\n|t:|1700002180\n|move|p2a: Kommo-o|Clangorous Soul|p2a: Kommo-o\n|-boost|p2a: Kommo-o|atk|1\n|-boost|p2a: Kommo-o|def|1\n|-boost|p2a: Kommo-o|spa|1\n|-boost|p2a: Kommo-o|spd|1\n|-boost|p2a: Kommo-o|spe|1\n|-damage|p2a: Kommo-o|44\/100\n|-enditem|p2a: Kommo-o|Throat Spray\n|-boost|p2a: Kommo-o|spa|1|[from] item: Throat Spray\n|move|p1a: Overqwil|Barb Barrage|p2a: Kommo-o\n|-damage|p2a: Kommo-o|29\/100\n|-status|p2a: Kommo-o|psn\n|\n|-heal|p1a: Overqwil|92\/100|[from] item: Leftovers\n|-damage|p2a: Kommo-o|17\/100 psn|[from] psn\n|upkeep\n|turn|7\n|inactive|Jxb312 has 120 seconds left.\n|\n|t:|1700002213\n|switch|p1a: Sinistcha|Sinistcha-Masterpiece|100\/100\n|-damage|p1a: Sinistcha|88\/100|[from] Stealth Rock\n|move|p2a: Kommo-o|Clanging Scales|p1a: Sinistcha\n|-damage|p1a: Sinistcha|0 fnt\n|faint|p1a: Sinistcha\n|-unboost|p2a: Kommo-o|def|1\n|\n|-damage|p2a: Kommo-o|4\/100 psn|[from] psn\n|upkeep\n|\n|t:|1700002228\n|switch|p1a: Overqwil|Overqwil, M|92\/100\n|-damage|p1a: Overqwil|80\/100|[from] Stealth Rock\n|-ability|p1a: Overqwil|Intimidate|boost\n|-unboost|p2a: Kommo-o|atk|1\n|turn|8\n|\n|t:|1700002235\n|move|p2a: Kommo-o|Vacuum Wave|p1a: Overqwil\n|-damage|p1a: Overqwil|47\/100\n|move|p1a: Overqwil|Aqua Jet|p2a: Kommo-o\n|-resisted|p2a: Kommo-o\n|-damage|p2a: Kommo-o|0 fnt\n|faint|p2a: Kommo-o\n|\n|-heal|p1a: Overqwil|53\/100|[from] item: Leftovers\n|upkeep\n|\n|t:|1700002250\n|switch|p2a: Magnezone|Magnezone|100\/100\n|-damage|p2a: Magnezone|94\/100|[from] Stealth Rock\n|turn|9\n|\n|t:|1700002255\n|switch|p1a: Gastrodon|Gastrodon, F|100\/100\n|-damage|p1a: Gastrodon|94\/100|[from] Stealth Rock\n|move|p2a: Magnezone|Volt Switch|p1a: Gastrodon\n|-immune|p1a: Gastrodon\n|\n|-heal|p1a: Gastrodon|100\/100|[from] item: Leftovers\n|upkeep\n|turn|10\n|\n|t:|1700002262\n|switch|p2a: Corviknight|Corviknight, F|64\/100\n|-damage|p2a: Corviknight|51\/100|[from] Stealth Rock\n|-ability|p2a: Corviknight|Pressure\n|move|p1a: Gastrodon|Surf|p2a: Corviknight\n|-damage|p2a: Corviknight|24\/100\n|\n|upkeep\n|turn|11\n|\n|t:|1700002270\n|move|p2a: Corviknight|Roost|p2a: Corviknight\n|-heal|p2a: Corviknight|74\/100\n|-singleturn|p2a: Corviknight|move: Roost\n|move|p1a: Gastrodon|Earth Power|p2a: Corviknight\n|-supereffective|p2a: Corviknight\n|-damage|p2a: Corviknight|21\/100\n|\n|upkeep\n|turn|12\n|\n|t:|1700002279\n|move|p2a: Corviknight|Roost|p2a: Corviknight\n|-heal|p2a: Corviknight|71\/100\n|-singleturn|p2a: Corviknight|move: Roost\n|move|p1a: Gastrodon|Surf|p2a: Corviknight\n|-damage|p2a: Corviknight|45\/100\n|\n|upkeep\n|turn|13\n|\n|t:|1700002284\n|move|p2a: Corviknight|Defog|p1a: Gastrodon\n|-unboost|p1a: Gastrodon|evasion|1\n|-sideend|p1: Vixen 4 Life|Stealth Rock|[from] move: Defog|[of] p2a: Corviknight\n|-sideend|p2: Jxb312|Stealth Rock|[from] move: Defog|[of] p2a: Corviknight\n|move|p1a: Gastrodon|Spikes|p2a: Corviknight\n|-sidestart|p2: Jxb312|Spikes\n|\n|upkeep\n|turn|14\n|\n|t:|1700002290\n|move|p2a: Corviknight|U-turn|p1a: Gastrodon\n|-damage|p1a: Gastrodon|85\/100\n|\n|t:|1700002295\n|switch|p2a: Ceruledge|Ceruledge, M|100\/100|[from] U-turn\n|-damage|p2a: Ceruledge|88\/100|[from] Spikes\n|move|p1a: Gastrodon|Surf|p2a: Ceruledge\n|-supereffective|p2a: Ceruledge\n|-damage|p2a: Ceruledge|17\/100\n|\n|-heal|p1a: Gastrodon|91\/100|[from] item: Leftovers\n|upkeep\n|turn|15\n|\n|t:|1700002304\n|switch|p1a: Overqwil|Overqwil, M|53\/100\n|-ability|p1a: Overqwil|Intimidate|boost\n|-unboost|p2a: Ceruledge|atk|1\n|move|p2a: Ceruledge|Destiny Bond|p2a: Ceruledge\n|-singlemove|p2a: Ceruledge|Destiny Bond\n|\n|-heal|p1a: Overqwil|59\/100|[from] item: Leftovers\n|upkeep\n|turn|16\n|\n|t:|1700002310\n|move|p2a: Ceruledge|Bitter Blade|p1a: Overqwil\n|-damage|p1a: Overqwil|35\/100\n|-heal|p2a: Ceruledge|33\/100|[from] drain|[of] p1a: Overqwil\n|move|p1a: Overqwil|Toxic Spikes|p2a: Ceruledge\n|-sidestart|p2: Jxb312|move: Toxic Spikes\n|\n|-heal|p1a: Overqwil|41\/100|[from] item: Leftovers\n|upkeep\n|turn|17\n|\n|t:|1700002316\n|switch|p1a: Mandibuzz|Mandibuzz, F|100\/100\n|move|p2a: Ceruledge|Destiny Bond|p2a: Ceruledge\n|-singlemove|p2a: Ceruledge|Destiny Bond\n|\n|upkeep\n|turn|18\n|\n|t:|1700002321\n|move|p2a: Ceruledge|Swords Dance|p2a: Ceruledge\n|-boost|p2a: Ceruledge|atk|2\n|move|p1a: Mandibuzz|Toxic|p2a: Ceruledge|[miss]\n|-miss|p1a: Mandibuzz|p2a: Ceruledge\n|\n|upkeep\n|turn|19\n|\n|t:|1700002325\n|-terastallize|p2a: Ceruledge|Fire\n|move|p2a: Ceruledge|Bitter Blade|p1a: Mandibuzz\n|-damage|p1a: Mandibuzz|44\/100\n|-heal|p2a: Ceruledge|74\/100|[from] drain|[of] p1a: Mandibuzz\n|move|p1a: Mandibuzz|Foul Play|p2a: Ceruledge\n|-damage|p2a: Ceruledge|0 fnt\n|faint|p2a: Ceruledge\n|\n|upkeep\n|\n|t:|1700002334\n|switch|p2a: Magnezone|Magnezone|94\/100\n|-damage|p2a: Magnezone|82\/100|[from] Spikes\n|turn|20\n|\n|t:|1700002338\n|switch|p1a: Gastrodon|Gastrodon, F|91\/100\n|move|p2a: Magnezone|Flash Cannon|p1a: Gastrodon\n|-resisted|p1a: Gastrodon\n|-damage|p1a: Gastrodon|76\/100\n|-unboost|p1a: Gastrodon|spd|1\n|\n|-heal|p1a: Gastrodon|82\/100|[from] item: Leftovers\n|upkeep\n|turn|21\n|\n|t:|1700002345\n|switch|p2a: Corviknight|Corviknight, F|45\/100\n|-ability|p2a: Corviknight|Pressure\n|move|p1a: Gastrodon|Surf|p2a: Corviknight\n|-damage|p2a: Corviknight|19\/100\n|\n|-heal|p1a: Gastrodon|88\/100|[from] item: Leftovers\n|upkeep\n|turn|22\n|\n|t:|1700002351\n|move|p2a: Corviknight|U-turn|p1a: Gastrodon\n|-damage|p1a: Gastrodon|71\/100\n|\n|t:|1700002353\n|switch|p2a: Walking Wake|Walking Wake|72\/100|[from] U-turn\n|-damage|p2a: Walking Wake|59\/100|[from] Spikes\n|-status|p2a: Walking Wake|psn\n|move|p1a: Gastrodon|Earth Power|p2a: Walking Wake\n|-damage|p2a: Walking Wake|27\/100 psn\n|\n|-heal|p1a: Gastrodon|77\/100|[from] item: Leftovers\n|-damage|p2a: Walking Wake|15\/100 psn|[from] psn\n|upkeep\n|turn|23\n|\n|t:|1700002365\n|switch|p1a: Mandibuzz|Mandibuzz, F|44\/100\n|move|p2a: Walking Wake|Draco Meteor|p1a: Mandibuzz\n|-damage|p1a: Mandibuzz|0 fnt\n|-unboost|p2a: Walking Wake|spa|2\n|faint|p1a: Mandibuzz\n|\n|-damage|p2a: Walking Wake|2\/100 psn|[from] psn\n|upkeep\n|\n|t:|1700002371\n|switch|p1a: Eelektross|Eelektross, F|100\/100\n|turn|24\n|\n|t:|1700002375\n|move|p2a: Walking Wake|Draco Meteor|p1a: Eelektross\n|-damage|p1a: Eelektross|82\/100\n|-unboost|p2a: Walking Wake|spa|2\n|move|p1a: Eelektross|Volt Switch|p2a: Walking Wake\n|-damage|p2a: Walking Wake|0 fnt\n|faint|p2a: Walking Wake\n|-end|p2a: Walking Wake|Protosynthesis|[silent]\n|\n|t:|1700002380\n|switch|p1a: Gastrodon|Gastrodon, F|77\/100|[from] Volt Switch\n|\n|-heal|p1a: Gastrodon|83\/100|[from] item: Leftovers\n|upkeep\n|\n|t:|1700002383\n|switch|p2a: Magnezone|Magnezone|82\/100\n|-damage|p2a: Magnezone|70\/100|[from] Spikes\n|turn|25\n|\n|t:|1700002385\n|move|p2a: Magnezone|Tera Blast|p1a: Gastrodon\n|-damage|p1a: Gastrodon|66\/100\n|move|p1a: Gastrodon|Surf|p2a: Magnezone\n|-damage|p2a: Magnezone|37\/100\n|\n|-heal|p1a: Gastrodon|72\/100|[from] item: Leftovers\n|upkeep\n|turn|26\n|\n|t:|1700002392\n|move|p2a: Magnezone|Tera Blast|p1a: Gastrodon\n|-damage|p1a: Gastrodon|53\/100\n|move|p1a: Gastrodon|Recover|p1a: Gastrodon\n|-heal|p1a: Gastrodon|100\/100\n|\n|upkeep\n|turn|27\n|c|\u2606Vixen 4 Life|Gg\n|\n|t:|1700002408\n|move|p2a: Magnezone|Tera Blast|p1a: Gastrodon\n|-damage|p1a: Gastrodon|81\/100\n|move|p1a: Gastrodon|Surf|p2a: Magnezone\n|-damage|p2a: Magnezone|0 fnt\n|faint|p2a: Magnezone\n|\n|-heal|p1a: Gastrodon|88\/100|[from] item: Leftovers\n|upkeep\n|\n|t:|1700002411\n|switch|p2a: Corviknight|Corviknight, F|19\/100\n|-ability|p2a: Corviknight|Pressure\n|turn|28\n|\n|t:|1700002415\n|move|p2a: Corviknight|Roost|p2a: Corviknight\n|-heal|p2a: Corviknight|69\/100\n|-singleturn|p2a: Corviknight|move: Roost\n|move|p1a: Gastrodon|Surf|p2a: Corviknight\n|-damage|p2a: Corviknight|38\/100\n|\n|-heal|p1a: Gastrodon|94\/100|[from] item: Leftovers\n|upkeep\n|turn|29\n|\n|t:|1700002420\n|move|p2a: Corviknight|Brave Bird|p1a: Gastrodon\n|-damage|p1a: Gastrodon|51\/100\n|-damage|p2a: Corviknight|23\/100|[from] Recoil\n|move|p1a: Gastrodon|Earth Power|p2a: Corviknight\n|-immune|p2a: Corviknight\n|\n|-heal|p1a: Gastrodon|58\/100|[from] item: Leftovers\n|upkeep\n|turn|30\n|\n|t:|1700002424\n|move|p2a: Corviknight|Brave Bird|p1a: Gastrodon\n|-damage|p1a: Gastrodon|19\/100\n|-damage|p2a: Corviknight|10\/100|[from] Recoil\n|move|p1a: Gastrodon|Earth Power|p2a: Corviknight\n|-immune|p2a: Corviknight\n|\n|-heal|p1a: Gastrodon|25\/100|[from] item: Leftovers\n|upkeep\n|turn|31\n|\n|t:|1700002432\n|move|p2a: Corviknight|Roost|p2a: Corviknight\n|-heal|p2a: Corviknight|60\/100\n|-singleturn|p2a: Corviknight|move: Roost\n|move|p1a: Gastrodon|Earth Power|p2a: Corviknight\n|-supereffective|p2a: Corviknight\n|-damage|p2a: Corviknight|4\/100\n|-unboost|p2a: Corviknight|spd|1\n|\n|-heal|p1a: Gastrodon|31\/100|[from] item: Leftovers\n|upkeep\n|turn|32\n|\n|t:|1700002440\n|move|p2a: Corviknight|Brave Bird|p1a: Gastrodon\n|-damage|p1a: Gastrodon|0 fnt\n|faint|p1a: Gastrodon\n|-damage|p2a: Corviknight|0 fnt|[from] Recoil\n|faint|p2a: Corviknight\n|\n|win|Vixen 4 Life\n|raw|Vixen 4 Life's rating: 1323 &rarr; <strong>1342<\/strong><br \/>(+19 for winning)\n|raw|Jxb312's rating: 1306 &rarr; <strong>1287<\/strong><br \/>(-19 for losing)\n|l|\u2606Jxb312\n|l|\u2606Vixen 4 Life\n|j|\u2606Vixen 4 Life\n|player|p1|Vixen 4 Life|penny\n","uploadtime":1700002451,"views":16,"p1id":"vixen4life","p2id":"jxb312","formatid":"gen9ou","rating":1287,"private":0,"password":""}