{"id":"gen9ou-2000109320","p1":"Fifo drummer","p2":"ertydfghcnv","format":"[Gen 9] OU","log":"|j|\u2606Fifo drummer\n|j|\u2606ertydfghcnv\n|t:|1701156497\n|gametype|singles\n|player|p1|Fifo drummer|pokemaniac|1344\n|player|p2|ertydfghcnv|crasherwake|1269\n|teamsize|p1|6\n|teamsize|p2|6\n|gen|9\n|tier|[Gen 9] OU\n|rated|\n|rule|Sleep Clause Mod: Limit one foe put to sleep\n|rule|Species Clause: Limit one of each Pok\u00e9mon\n|rule|OHKO Clause: OHKO moves are banned\n|rule|Evasion Items Clause: Evasion items are banned\n|rule|Evasion Moves Clause: Evasion moves are banned\n|rule|Endless Battle Clause: Forcing endless battles is banned\n|rule|HP Percentage Mod: HP is shown in percentages\n|clearpoke\n|poke|p1|Haxorus, M|\n|poke|p1|Krookodile, M|\n|poke|p1|Espeon, F|\n|poke|p1|Oricorio-Pom-Pom, F|\n|poke|p1|Azumarill, F|\n|poke|p1|Spidops, M|\n|poke|p2|Greninja-*, M|\n|poke|p2|Zapdos|\n|poke|p2|Munkidori, M|\n|poke|p2|Zamazenta-*|\n|poke|p2|Iron Treads|\n|poke|p2|Dragapult, F|\n|teampreview\n|inactive|Battle timer is ON: inactive players will automatically lose when time's up. (requested by Fifo drummer)\n|\n|t:|1701156507\n|start\n|switch|p1a: Dundee|Krookodile, M, shiny|100\/100\n|switch|p2a: Zapdos|Zapdos|100\/100\n|turn|1\n|\n|t:|1701156522\n|switch|p2a: Greninja|Greninja, M|100\/100\n|move|p1a: Dundee|Knock Off|p2a: Greninja\n|-resisted|p2a: Greninja\n|-damage|p2a: Greninja|55\/100\n|-enditem|p2a: Greninja|Heavy-Duty Boots|[from] move: Knock Off|[of] p1a: Dundee\n|\n|upkeep\n|turn|2\n|\n|t:|1701156529\n|switch|p1a: Delta Force|Spidops, M|100\/100\n|move|p2a: Greninja|Hydro Pump|p1a: Delta Force|[miss]\n|-miss|p2a: Greninja|p1a: Delta Force\n|\n|upkeep\n|turn|3\n|\n|t:|1701156544\n|move|p1a: Delta Force|First Impression|p2a: Greninja\n|-supereffective|p2a: Greninja\n|-damage|p2a: Greninja|0 fnt\n|faint|p2a: Greninja\n|\n|upkeep\n|\n|t:|1701156563\n|switch|p2a: Zapdos|Zapdos|100\/100\n|turn|4\n|\n|t:|1701156569\n|move|p2a: Zapdos|Hurricane|p1a: Delta Force|[miss]\n|-miss|p2a: Zapdos|p1a: Delta Force\n|move|p1a: Delta Force|Sticky Web|p2a: Zapdos\n|-sidestart|p2: ertydfghcnv|move: Sticky Web\n|\n|upkeep\n|turn|5\n|\n|t:|1701156576\n|move|p2a: Zapdos|Hurricane|p1a: Delta Force\n|-supereffective|p1a: Delta Force\n|-damage|p1a: Delta Force|0 fnt\n|faint|p1a: Delta Force\n|\n|upkeep\n|\n|t:|1701156583\n|switch|p1a: AXE Bodyspray|Haxorus, M, shiny|100\/100\n|-ability|p1a: AXE Bodyspray|Mold Breaker\n|turn|6\n|\n|t:|1701156587\n|move|p2a: Zapdos|Volt Switch|p1a: AXE Bodyspray\n|-resisted|p1a: AXE Bodyspray\n|-damage|p1a: AXE Bodyspray|73\/100\n|\n|t:|1701156598\n|switch|p2a: Zamazenta|Zamazenta|100\/100|[from] Volt Switch\n|-activate|p2a: Zamazenta|move: Sticky Web\n|-unboost|p2a: Zamazenta|spe|1\n|-ability|p2a: Zamazenta|Dauntless Shield|boost\n|-boost|p2a: Zamazenta|def|1\n|move|p1a: AXE Bodyspray|Dragon Dance|p1a: AXE Bodyspray\n|-boost|p1a: AXE Bodyspray|atk|1\n|-boost|p1a: AXE Bodyspray|spe|1\n|\n|upkeep\n|turn|7\n|\n|t:|1701156609\n|move|p1a: AXE Bodyspray|Outrage|p2a: Zamazenta\n|-damage|p2a: Zamazenta|50\/100\n|move|p2a: Zamazenta|Iron Defense|p2a: Zamazenta\n|-boost|p2a: Zamazenta|def|2\n|\n|-heal|p2a: Zamazenta|56\/100|[from] item: Leftovers\n|upkeep\n|turn|8\n|\n|t:|1701156618\n|move|p1a: AXE Bodyspray|Outrage|p2a: Zamazenta|[from]lockedmove\n|-damage|p2a: Zamazenta|23\/100\n|-start|p1a: AXE Bodyspray|confusion|[fatigue]\n|-enditem|p1a: AXE Bodyspray|Lum Berry|[eat]\n|-end|p1a: AXE Bodyspray|confusion\n|move|p2a: Zamazenta|Body Press|p1a: AXE Bodyspray\n|-damage|p1a: AXE Bodyspray|0 fnt\n|faint|p1a: AXE Bodyspray\n|\n|-heal|p2a: Zamazenta|30\/100|[from] item: Leftovers\n|upkeep\n|\n|t:|1701156630\n|switch|p1a: Poledancer|Oricorio-Pom-Pom, F, shiny|100\/100\n|turn|9\n|\n|t:|1701156639\n|move|p1a: Poledancer|Air Slash|p2a: Zamazenta\n|-supereffective|p2a: Zamazenta\n|-damage|p2a: Zamazenta|0 fnt\n|faint|p2a: Zamazenta\n|\n|upkeep\n|\n|t:|1701156649\n|switch|p2a: Iron Treads|Iron Treads|100\/100\n|-activate|p2a: Iron Treads|move: Sticky Web\n|-unboost|p2a: Iron Treads|spe|1\n|turn|10\n|\n|t:|1701156654\n|move|p1a: Poledancer|Quiver Dance|p1a: Poledancer\n|-boost|p1a: Poledancer|spa|1\n|-boost|p1a: Poledancer|spd|1\n|-boost|p1a: Poledancer|spe|1\n|move|p2a: Iron Treads|Rapid Spin|p1a: Poledancer\n|-damage|p1a: Poledancer|81\/100\n|-boost|p2a: Iron Treads|spe|1\n|-sideend|p2: ertydfghcnv|Sticky Web|[from] move: Rapid Spin|[of] p2a: Iron Treads\n|\n|upkeep\n|turn|11\n|\n|t:|1701156663\n|-end|p2a: Iron Treads|Quark Drive|[silent]\n|switch|p2a: Munkidori|Munkidori, M|100\/100\n|-terastallize|p1a: Poledancer|Fighting\n|move|p1a: Poledancer|Revelation Dance|p2a: Munkidori\n|-resisted|p2a: Munkidori\n|-damage|p2a: Munkidori|83\/100\n|\n|upkeep\n|turn|12\n|\n|t:|1701156672\n|move|p2a: Munkidori|Psychic|p1a: Poledancer\n|-supereffective|p1a: Poledancer\n|-damage|p1a: Poledancer|0 fnt\n|faint|p1a: Poledancer\n|\n|upkeep\n|\n|t:|1701156681\n|switch|p1a: Dundee|Krookodile, M, shiny|100\/100\n|turn|13\n|\n|t:|1701156698\n|switch|p2a: Iron Treads|Iron Treads|100\/100\n|move|p1a: Dundee|Knock Off|p2a: Iron Treads\n|-damage|p2a: Iron Treads|61\/100\n|-enditem|p2a: Iron Treads|Leftovers|[from] move: Knock Off|[of] p1a: Dundee\n|\n|upkeep\n|turn|14\n|\n|t:|1701156713\n|switch|p1a: Mother of Kakarot|Azumarill, F, shiny|100\/100\n|move|p2a: Iron Treads|Earthquake|p1a: Mother of Kakarot\n|-damage|p1a: Mother of Kakarot|62\/100\n|\n|upkeep\n|turn|15\n|\n|t:|1701156720\n|move|p1a: Mother of Kakarot|Aqua Jet|p2a: Iron Treads\n|-supereffective|p2a: Iron Treads\n|-damage|p2a: Iron Treads|23\/100\n|move|p2a: Iron Treads|Earthquake|p1a: Mother of Kakarot\n|-damage|p1a: Mother of Kakarot|23\/100\n|-enditem|p1a: Mother of Kakarot|Sitrus Berry|[eat]\n|-heal|p1a: Mother of Kakarot|48\/100|[from] item: Sitrus Berry\n|\n|upkeep\n|turn|16\n|\n|t:|1701156729\n|move|p1a: Mother of Kakarot|Aqua Jet|p2a: Iron Treads\n|-supereffective|p2a: Iron Treads\n|-damage|p2a: Iron Treads|0 fnt\n|faint|p2a: Iron Treads\n|-end|p2a: Iron Treads|Quark Drive|[silent]\n|\n|upkeep\n|\n|t:|1701156744\n|switch|p2a: Munkidori|Munkidori, M|83\/100\n|turn|17\n|\n|t:|1701156748\n|move|p1a: Mother of Kakarot|Aqua Jet|p2a: Munkidori\n|-damage|p2a: Munkidori|48\/100\n|move|p2a: Munkidori|Sludge Bomb|p1a: Mother of Kakarot\n|-supereffective|p1a: Mother of Kakarot\n|-damage|p1a: Mother of Kakarot|0 fnt\n|faint|p1a: Mother of Kakarot\n|\n|upkeep\n|\n|t:|1701156756\n|switch|p1a: Dundee|Krookodile, M, shiny|100\/100\n|turn|18\n|\n|t:|1701156766\n|move|p2a: Munkidori|Sludge Bomb|p1a: Dundee\n|-resisted|p1a: Dundee\n|-damage|p1a: Dundee|68\/100\n|-status|p1a: Dundee|psn\n|move|p1a: Dundee|Knock Off|p2a: Munkidori\n|-supereffective|p2a: Munkidori\n|-damage|p2a: Munkidori|0 fnt\n|-enditem|p2a: Munkidori|Choice Scarf|[from] move: Knock Off|[of] p1a: Dundee\n|faint|p2a: Munkidori\n|-ability|p1a: Dundee|Moxie|boost\n|-boost|p1a: Dundee|atk|1\n|\n|-damage|p1a: Dundee|55\/100 psn|[from] psn\n|upkeep\n|\n|t:|1701156774\n|switch|p2a: Zapdos|Zapdos|100\/100\n|turn|19\n|\n|t:|1701156782\n|move|p1a: Dundee|Knock Off|p2a: Zapdos\n|-damage|p2a: Zapdos|14\/100\n|-enditem|p2a: Zapdos|Heavy-Duty Boots|[from] move: Knock Off|[of] p1a: Dundee\n|move|p2a: Zapdos|Hurricane|p1a: Dundee\n|-damage|p1a: Dundee|0 fnt\n|faint|p1a: Dundee\n|\n|upkeep\n|\n|t:|1701156790\n|switch|p1a: I don't give a fox|Espeon, F, shiny|100\/100\n|turn|20\n|\n|t:|1701156796\n|move|p2a: Zapdos|Volt Switch|p1a: I don't give a fox\n|-damage|p1a: I don't give a fox|54\/100\n|\n|t:|1701156801\n|switch|p2a: Dragapult|Dragapult, F|100\/100|[from] Volt Switch\n|move|p1a: I don't give a fox|Psychic|p2a: Dragapult\n|-damage|p2a: Dragapult|25\/100\n|-unboost|p2a: Dragapult|spd|1\n|\n|-heal|p1a: I don't give a fox|60\/100|[from] item: Leftovers\n|upkeep\n|turn|21\n|\n|t:|1701156811\n|move|p2a: Dragapult|Phantom Force||[still]\n|-prepare|p2a: Dragapult|Phantom Force\n|move|p1a: I don't give a fox|Psychic|p2a: Dragapult|[miss]\n|-miss|p1a: I don't give a fox|p2a: Dragapult\n|\n|-heal|p1a: I don't give a fox|66\/100|[from] item: Leftovers\n|upkeep\n|turn|22\n|c|\u2606Fifo drummer|Gg\n|\n|t:|1701156819\n|move|p2a: Dragapult|Phantom Force|p1a: I don't give a fox|[from]lockedmove\n|-supereffective|p1a: I don't give a fox\n|-damage|p1a: I don't give a fox|0 fnt\n|faint|p1a: I don't give a fox\n|\n|win|ertydfghcnv\n|raw|Fifo drummer's rating: 1344 &rarr; <strong>1320<\/strong><br \/>(-24 for losing)\n|raw|ertydfghcnv's rating: 1269 &rarr; <strong>1299<\/strong><br \/>(+30 for winning)\n","uploadtime":1701156830,"views":3,"p1id":"fifodrummer","p2id":"ertydfghcnv","formatid":"gen9ou","rating":1299,"private":0,"password":""}