{"id":"gen9ou-1992601452","p1":"dgch","p2":"snotnosezill","format":"[Gen 9] OU","log":"|j|\u2606dgch\n|j|\u2606snotnosezill\n|t:|1700212880\n|gametype|singles\n|player|p1|dgch|wallace|1114\n|player|p2|snotnosezill|266|1097\n|teamsize|p1|6\n|teamsize|p2|6\n|gen|9\n|tier|[Gen 9] OU\n|rated|\n|rule|Sleep Clause Mod: Limit one foe put to sleep\n|rule|Species Clause: Limit one of each Pok\u00e9mon\n|rule|OHKO Clause: OHKO moves are banned\n|rule|Evasion Items Clause: Evasion items are banned\n|rule|Evasion Moves Clause: Evasion moves are banned\n|rule|Endless Battle Clause: Forcing endless battles is banned\n|rule|HP Percentage Mod: HP is shown in percentages\n|clearpoke\n|poke|p1|Dragapult, F|\n|poke|p1|Empoleon, M|\n|poke|p1|Scizor, M|\n|poke|p1|Weezing-Galar, F|\n|poke|p1|Mienshao, M|\n|poke|p1|Slowking, F|\n|poke|p2|Torkoal, M|\n|poke|p2|Skeledirge, F|\n|poke|p2|Heatran, F|\n|poke|p2|Moltres-Galar|\n|poke|p2|Walking Wake|\n|poke|p2|Hatterene, F|\n|teampreview\n|inactive|Battle timer is ON: inactive players will automatically lose when time's up. (requested by dgch)\n|inactive|snotnosezill has 120 seconds left.\n|inactive|snotnosezill has 90 seconds left.\n|\n|t:|1700212950\n|start\n|switch|p1a: Slowking|Slowking, F|100\/100\n|switch|p2a: Hatterene|Hatterene, F|100\/100\n|turn|1\n|\n|t:|1700212964\n|move|p2a: Hatterene|Nuzzle|p1a: Slowking\n|-supereffective|p1a: Slowking\n|-damage|p1a: Slowking|95\/100\n|-status|p1a: Slowking|par\n|-damage|p2a: Hatterene|84\/100|[from] item: Rocky Helmet|[of] p1a: Slowking\n|cant|p1a: Slowking|par\n|\n|upkeep\n|turn|2\n|inactive|snotnosezill has 120 seconds left.\n|\n|t:|1700213006\n|switch|p2a: Moltres|Moltres-Galar|100\/100\n|cant|p1a: Slowking|par\n|\n|upkeep\n|turn|3\n|\n|t:|1700213019\n|switch|p1a: Weezing|Weezing-Galar, F|100\/100\n|move|p2a: Moltres|Agility|p2a: Moltres\n|-boost|p2a: Moltres|spe|2\n|\n|upkeep\n|turn|4\n|inactive|snotnosezill has 90 seconds left.\n|\n|t:|1700213059\n|switch|p2a: Heatran|Heatran, F|100\/100\n|-item|p2a: Heatran|Air Balloon\n|move|p1a: Weezing|Toxic|p2a: Heatran\n|-immune|p2a: Heatran\n|\n|upkeep\n|turn|5\n|inactive|snotnosezill has 90 seconds left.\n|\n|t:|1700213069\n|switch|p1a: Slowking|Slowking, F|100\/100 par\n|move|p2a: Heatran|Magma Storm|p1a: Slowking\n|-resisted|p1a: Slowking\n|-damage|p1a: Slowking|80\/100 par\n|-activate|p1a: Slowking|move: Magma Storm|[of] p2a: Heatran\n|\n|-damage|p1a: Slowking|68\/100 par|[from] move: Magma Storm|[partiallytrapped]\n|upkeep\n|turn|6\n|inactive|snotnosezill has 90 seconds left.\n|\n|t:|1700213079\n|move|p2a: Heatran|Protect|p2a: Heatran\n|-singleturn|p2a: Heatran|Protect\n|move|p1a: Slowking|Scald|p2a: Heatran\n|-activate|p2a: Heatran|move: Protect\n|\n|-damage|p1a: Slowking|55\/100 par|[from] move: Magma Storm|[partiallytrapped]\n|upkeep\n|turn|7\n|inactive|snotnosezill has 90 seconds left.\n|\n|t:|1700213108\n|switch|p2a: Torkoal|Torkoal, M|100\/100\n|-weather|SunnyDay|[from] ability: Drought|[of] p2a: Torkoal\n|move|p1a: Slowking|Scald|p2a: Torkoal\n|-supereffective|p2a: Torkoal\n|-damage|p2a: Torkoal|63\/100\n|\n|-weather|SunnyDay|[upkeep]\n|-end|p1a: Slowking|Magma Storm|[partiallytrapped]|[silent]\n|upkeep\n|turn|8\n|\n|t:|1700213129\n|switch|p2a: Heatran|Heatran, F|100\/100\n|-item|p2a: Heatran|Air Balloon\n|switch|p1a: Dragapult|Dragapult, F|100\/100\n|\n|-weather|SunnyDay|[upkeep]\n|upkeep\n|turn|9\n|inactive|snotnosezill has 60 seconds left.\n|\n|t:|1700213154\n|move|p1a: Dragapult|Shadow Ball|p2a: Heatran\n|-damage|p2a: Heatran|48\/100\n|-enditem|p2a: Heatran|Air Balloon\n|-damage|p1a: Dragapult|91\/100|[from] item: Life Orb\n|move|p2a: Heatran|Magma Storm|p1a: Dragapult\n|-resisted|p1a: Dragapult\n|-damage|p1a: Dragapult|37\/100\n|-activate|p1a: Dragapult|move: Magma Storm|[of] p2a: Heatran\n|\n|-weather|SunnyDay|[upkeep]\n|-damage|p1a: Dragapult|25\/100|[from] move: Magma Storm|[partiallytrapped]\n|upkeep\n|turn|10\n|inactive|snotnosezill has 60 seconds left.\n|\n|t:|1700213175\n|move|p2a: Heatran|Protect|p2a: Heatran\n|-singleturn|p2a: Heatran|Protect\n|move|p1a: Dragapult|Shadow Ball|p2a: Heatran\n|-activate|p2a: Heatran|move: Protect\n|\n|-weather|SunnyDay|[upkeep]\n|-damage|p1a: Dragapult|12\/100|[from] move: Magma Storm|[partiallytrapped]\n|upkeep\n|turn|11\n|\n|t:|1700213199\n|switch|p2a: Moltres|Moltres-Galar|100\/100\n|move|p1a: Dragapult|Shadow Ball|p2a: Moltres\n|-resisted|p2a: Moltres\n|-damage|p2a: Moltres|81\/100\n|-damage|p1a: Dragapult|3\/100|[from] item: Life Orb\n|\n|-weather|SunnyDay|[upkeep]\n|-end|p1a: Dragapult|Magma Storm|[partiallytrapped]|[silent]\n|upkeep\n|turn|12\n|inactive|snotnosezill has 30 seconds left.\n|\n|t:|1700213220\n|switch|p1a: Weezing|Weezing-Galar, F|100\/100\n|move|p2a: Moltres|Agility|p2a: Moltres\n|-boost|p2a: Moltres|spe|2\n|\n|-weather|SunnyDay|[upkeep]\n|upkeep\n|turn|13\n|inactive|snotnosezill has 30 seconds left.\n|\n|t:|1700213232\n|switch|p2a: Heatran|Heatran, F|48\/100\n|move|p1a: Weezing|Toxic|p2a: Heatran\n|-immune|p2a: Heatran\n|\n|-weather|SunnyDay|[upkeep]\n|upkeep\n|turn|14\n|\n|t:|1700213241\n|switch|p1a: Empoleon|Empoleon, M|100\/100\n|move|p2a: Heatran|Magma Storm|p1a: Empoleon\n|-damage|p1a: Empoleon|30\/100\n|-activate|p1a: Empoleon|move: Magma Storm|[of] p2a: Heatran\n|\n|-weather|none\n|-heal|p1a: Empoleon|36\/100|[from] item: Leftovers\n|-damage|p1a: Empoleon|24\/100|[from] move: Magma Storm|[partiallytrapped]\n|upkeep\n|turn|15\n|\n|t:|1700213255\n|move|p2a: Heatran|Protect|p2a: Heatran\n|-singleturn|p2a: Heatran|Protect\n|move|p1a: Empoleon|Flip Turn|p2a: Heatran\n|-activate|p2a: Heatran|move: Protect\n|\n|-heal|p1a: Empoleon|30\/100|[from] item: Leftovers\n|-damage|p1a: Empoleon|18\/100|[from] move: Magma Storm|[partiallytrapped]\n|upkeep\n|turn|16\n|inactive|snotnosezill has 30 seconds left.\n|inactive|snotnosezill has 20 seconds left.\n|inactive|snotnosezill has 15 seconds left.\n|inactive|snotnosezill has 10 seconds left.\n|inactive|snotnosezill has 5 seconds left.\n|\n|t:|1700213304\n|move|p2a: Heatran|Magma Storm|p1a: Empoleon\n|-crit|p1a: Empoleon\n|-damage|p1a: Empoleon|0 fnt\n|faint|p1a: Empoleon\n|\n|upkeep\n|inactive|snotnosezill has 10 seconds left this turn.\n|\n|t:|1700213310\n|switch|p1a: Mienshao|Mienshao, M|100\/100\n|turn|17\n|inactive|snotnosezill has 20 seconds left this turn.\n|inactive|snotnosezill has 15 seconds left.\n|inactive|snotnosezill has 10 seconds left.\n|inactive|snotnosezill has 5 seconds left.\n|\n|t:|1700213329\n|switch|p2a: Skeledirge|Skeledirge, F|100\/100\n|move|p1a: Mienshao|Fake Out|p2a: Skeledirge\n|-immune|p2a: Skeledirge\n|\n|upkeep\n|turn|18\n|inactive|snotnosezill has 15 seconds left this turn.\n|inactive|snotnosezill has 10 seconds left.\n|inactive|snotnosezill has 5 seconds left.\n|\n|t:|1700213343\n|-terastallize|p2a: Skeledirge|Fairy\n|move|p1a: Mienshao|Knock Off|p2a: Skeledirge\n|-resisted|p2a: Skeledirge\n|-damage|p2a: Skeledirge|83\/100\n|-enditem|p2a: Skeledirge|Blunder Policy|[from] move: Knock Off|[of] p1a: Mienshao\n|-damage|p1a: Mienshao|91\/100|[from] item: Life Orb\n|move|p2a: Skeledirge|Torch Song|p1a: Mienshao\n|-damage|p1a: Mienshao|11\/100\n|-boost|p2a: Skeledirge|spa|1\n|\n|upkeep\n|turn|19\n|inactive|snotnosezill has 15 seconds left this turn.\n|inactive|snotnosezill has 10 seconds left.\n|inactive|snotnosezill has 5 seconds left.\n|\n|t:|1700213358\n|move|p1a: Mienshao|U-turn|p2a: Skeledirge\n|-resisted|p2a: Skeledirge\n|-damage|p2a: Skeledirge|70\/100\n|-damage|p1a: Mienshao|1\/100|[from] item: Life Orb\n|inactive|snotnosezill has 10 seconds left this turn.\n|\n|t:|1700213362\n|switch|p1a: Slowking|Slowking, F|88\/100 par|[from] U-turn\n|move|p2a: Skeledirge|Torch Song|p1a: Slowking\n|-resisted|p1a: Slowking\n|-damage|p1a: Slowking|66\/100 par\n|-boost|p2a: Skeledirge|spa|1\n|\n|upkeep\n|turn|20\n|inactive|snotnosezill has 20 seconds left this turn.\n|inactive|snotnosezill has 15 seconds left.\n|inactive|snotnosezill has 10 seconds left.\n|\n|t:|1700213376\n|move|p2a: Skeledirge|Slack Off|p2a: Skeledirge\n|-heal|p2a: Skeledirge|100\/100\n|cant|p1a: Slowking|par\n|\n|upkeep\n|turn|21\n|inactive|snotnosezill has 20 seconds left this turn.\n|inactive|snotnosezill has 15 seconds left.\n|\n|t:|1700213384\n|switch|p2a: Torkoal|Torkoal, M|63\/100\n|-weather|SunnyDay|[from] ability: Drought|[of] p2a: Torkoal\n|move|p1a: Slowking|Yawn|p2a: Torkoal\n|-start|p2a: Torkoal|move: Yawn|[of] p1a: Slowking\n|\n|-weather|SunnyDay|[upkeep]\n|upkeep\n|turn|22\n|inactive|snotnosezill has 25 seconds left this turn.\n|inactive|snotnosezill has 20 seconds left.\n|inactive|snotnosezill has 15 seconds left.\n|\n|t:|1700213395\n|switch|p2a: Heatran|Heatran, F|48\/100\n|switch|p1a: Mienshao|Mienshao, M|34\/100\n|\n|-weather|SunnyDay|[upkeep]\n|upkeep\n|turn|23\n|inactive|snotnosezill has 25 seconds left this turn.\n|inactive|snotnosezill has 20 seconds left.\n|\n|t:|1700213406\n|move|p2a: Heatran|Protect|p2a: Heatran\n|-singleturn|p2a: Heatran|Protect\n|move|p1a: Mienshao|Fake Out|p2a: Heatran\n|-activate|p2a: Heatran|move: Protect\n|\n|-weather|SunnyDay|[upkeep]\n|upkeep\n|turn|24\n|inactive|snotnosezill has 30 seconds left this turn.\n|\n|t:|1700213414\n|switch|p2a: Skeledirge|Skeledirge, F, tera:Fairy|100\/100\n|move|p1a: Mienshao|Close Combat|p2a: Skeledirge\n|-resisted|p2a: Skeledirge\n|-damage|p2a: Skeledirge|64\/100\n|-unboost|p1a: Mienshao|def|1\n|-unboost|p1a: Mienshao|spd|1\n|-damage|p1a: Mienshao|24\/100|[from] item: Life Orb\n|\n|-weather|SunnyDay|[upkeep]\n|upkeep\n|turn|25\n|inactive|snotnosezill has 30 seconds left.\n|\n|t:|1700213425\n|move|p1a: Mienshao|U-turn|p2a: Skeledirge\n|-resisted|p2a: Skeledirge\n|-damage|p2a: Skeledirge|49\/100\n|-damage|p1a: Mienshao|14\/100|[from] item: Life Orb\n|inactive|snotnosezill has 30 seconds left this turn.\n|\n|t:|1700213430\n|switch|p1a: Slowking|Slowking, F|99\/100 par|[from] U-turn\n|move|p2a: Skeledirge|Torch Song|p1a: Slowking\n|-resisted|p1a: Slowking\n|-damage|p1a: Slowking|76\/100 par\n|-boost|p2a: Skeledirge|spa|1\n|\n|-weather|SunnyDay|[upkeep]\n|upkeep\n|turn|26\n|\n|t:|1700213440\n|move|p2a: Skeledirge|Slack Off|p2a: Skeledirge\n|-heal|p2a: Skeledirge|99\/100\n|move|p1a: Slowking|Scald|p2a: Skeledirge\n|-damage|p2a: Skeledirge|83\/100\n|\n|-weather|SunnyDay|[upkeep]\n|upkeep\n|turn|27\n|\n|t:|1700213452\n|move|p2a: Skeledirge|Torch Song|p1a: Slowking\n|-resisted|p1a: Slowking\n|-damage|p1a: Slowking|37\/100 par\n|-boost|p2a: Skeledirge|spa|1\n|move|p1a: Slowking|Yawn|p2a: Skeledirge\n|-start|p2a: Skeledirge|move: Yawn|[of] p1a: Slowking\n|\n|-weather|SunnyDay|[upkeep]\n|upkeep\n|turn|28\n|\n|t:|1700213464\n|switch|p1a: Weezing|Weezing-Galar, F|100\/100\n|move|p2a: Skeledirge|Torch Song|p1a: Weezing\n|-damage|p1a: Weezing|0 fnt\n|-boost|p2a: Skeledirge|spa|1\n|faint|p1a: Weezing\n|\n|-weather|none\n|-end|p2a: Skeledirge|move: Yawn|[silent]\n|-status|p2a: Skeledirge|slp\n|upkeep\n|\n|t:|1700213476\n|switch|p1a: Mienshao|Mienshao, M|47\/100\n|turn|29\n|\n|t:|1700213486\n|move|p1a: Mienshao|Fake Out|p2a: Skeledirge\n|-damage|p2a: Skeledirge|66\/100 slp\n|-damage|p1a: Mienshao|37\/100|[from] item: Life Orb\n|cant|p2a: Skeledirge|slp\n|\n|upkeep\n|turn|30\n|\n|t:|1700213494\n|move|p1a: Mienshao|U-turn|p2a: Skeledirge\n|-resisted|p2a: Skeledirge\n|-damage|p2a: Skeledirge|53\/100 slp\n|-damage|p1a: Mienshao|27\/100|[from] item: Life Orb\n|\n|t:|1700213498\n|switch|p1a: Scizor|Scizor, M|100\/100|[from] U-turn\n|cant|p2a: Skeledirge|slp\n|\n|upkeep\n|turn|31\n|\n|t:|1700213505\n|move|p1a: Scizor|Bullet Punch|p2a: Skeledirge\n|-supereffective|p2a: Skeledirge\n|-damage|p2a: Skeledirge|0 fnt\n|faint|p2a: Skeledirge\n|-damage|p1a: Scizor|91\/100|[from] item: Life Orb\n|\n|upkeep\n|l|\u2606dgch\n|inactive|dgch disconnected and has a minute to reconnect!\n|player|p1|\n|\n|t:|1700213518\n|switch|p2a: Torkoal|Torkoal, M|63\/100\n|-weather|SunnyDay|[from] ability: Drought|[of] p2a: Torkoal\n|turn|32\n|j|\u2606dgch\n|inactive|dgch reconnected and has 140 seconds left.\n|player|p1|dgch|wallace\n|\n|t:|1700213534\n|move|p1a: Scizor|U-turn|p2a: Torkoal\n|-resisted|p2a: Torkoal\n|-damage|p2a: Torkoal|42\/100\n|-damage|p1a: Scizor|81\/100|[from] item: Life Orb\n|\n|t:|1700213539\n|switch|p1a: Slowking|Slowking, F|70\/100 par|[from] U-turn\n|move|p2a: Torkoal|Stealth Rock|p1a: Slowking\n|-sidestart|p1: dgch|move: Stealth Rock\n|\n|-weather|SunnyDay|[upkeep]\n|upkeep\n|turn|33\n|inactive|snotnosezill has 60 seconds left.\n|\n|t:|1700213566\n|switch|p2a: Hatterene|Hatterene, F|84\/100\n|move|p1a: Slowking|Future Sight|p2a: Hatterene\n|-start|p1a: Slowking|move: Future Sight\n|\n|-weather|SunnyDay|[upkeep]\n|upkeep\n|turn|34\n|\n|t:|1700213582\n|switch|p2a: Moltres|Moltres-Galar|81\/100\n|move|p1a: Slowking|Yawn|p2a: Moltres\n|-start|p2a: Moltres|move: Yawn|[of] p1a: Slowking\n|\n|-weather|SunnyDay|[upkeep]\n|upkeep\n|turn|35\n|inactive|snotnosezill has 30 seconds left.\n|\n|t:|1700213605\n|switch|p1a: Scizor|Scizor, M|81\/100\n|-damage|p1a: Scizor|68\/100|[from] Stealth Rock\n|move|p2a: Moltres|Fiery Wrath|p1a: Scizor\n|-damage|p1a: Scizor|8\/100\n|\n|-weather|SunnyDay|[upkeep]\n|-end|p2a: Moltres|move: Future Sight\n|-immune|p2a: Moltres\n|-end|p2a: Moltres|move: Yawn|[silent]\n|-status|p2a: Moltres|slp\n|upkeep\n|turn|36\n|inactive|snotnosezill has 30 seconds left.\n|inactive|snotnosezill has 20 seconds left.\n|\n|t:|1700213628\n|switch|p2a: Heatran|Heatran, F|48\/100\n|move|p1a: Scizor|Knock Off|p2a: Heatran\n|-damage|p2a: Heatran|16\/100\n|-damage|p1a: Scizor|0 fnt|[from] item: Life Orb\n|faint|p1a: Scizor\n|\n|-weather|SunnyDay|[upkeep]\n|upkeep\n|inactive|snotnosezill has 25 seconds left this turn.\n|\n|t:|1700213640\n|switch|p1a: Mienshao|Mienshao, M|61\/100\n|-damage|p1a: Mienshao|55\/100|[from] Stealth Rock\n|turn|37\n|\n|t:|1700213645\n|move|p2a: Heatran|Protect|p2a: Heatran\n|-singleturn|p2a: Heatran|Protect\n|move|p1a: Mienshao|Fake Out|p2a: Heatran\n|-activate|p2a: Heatran|move: Protect\n|\n|-weather|SunnyDay|[upkeep]\n|upkeep\n|turn|38\n|\n|t:|1700213654\n|switch|p2a: Hatterene|Hatterene, F|84\/100\n|move|p1a: Mienshao|Knock Off|p2a: Hatterene\n|-damage|p2a: Hatterene|46\/100\n|-enditem|p2a: Hatterene|Eject Button|[from] move: Knock Off|[of] p1a: Mienshao\n|-damage|p1a: Mienshao|45\/100|[from] item: Life Orb\n|\n|-weather|SunnyDay|[upkeep]\n|upkeep\n|turn|39\n|\n|t:|1700213666\n|move|p1a: Mienshao|U-turn|p2a: Hatterene\n|-damage|p2a: Hatterene|16\/100\n|-damage|p1a: Mienshao|35\/100|[from] item: Life Orb\n|\n|t:|1700213671\n|switch|p1a: Slowking|Slowking, F|100\/100 par|[from] U-turn\n|-damage|p1a: Slowking|88\/100 par|[from] Stealth Rock\n|move|p2a: Hatterene|Nuzzle|p1a: Slowking\n|-supereffective|p1a: Slowking\n|-damage|p1a: Slowking|82\/100 par\n|-damage|p2a: Hatterene|0 fnt|[from] item: Rocky Helmet|[of] p1a: Slowking\n|faint|p2a: Hatterene\n|\n|-weather|none\n|upkeep\n|\n|t:|1700213683\n|switch|p2a: Torkoal|Torkoal, M|42\/100\n|-weather|SunnyDay|[from] ability: Drought|[of] p2a: Torkoal\n|turn|40\n|\n|t:|1700213695\n|switch|p2a: Moltres|Moltres-Galar|81\/100 slp\n|move|p1a: Slowking|Scald|p2a: Moltres\n|-damage|p2a: Moltres|67\/100 slp\n|\n|-weather|SunnyDay|[upkeep]\n|upkeep\n|turn|41\n|\n|t:|1700213711\n|switch|p1a: Mienshao|Mienshao, M|68\/100\n|-damage|p1a: Mienshao|62\/100|[from] Stealth Rock\n|cant|p2a: Moltres|slp\n|\n|-weather|SunnyDay|[upkeep]\n|upkeep\n|turn|42\n|inactive|snotnosezill has 30 seconds left.\n|\n|t:|1700213727\n|move|p1a: Mienshao|Knock Off|p2a: Moltres\n|-resisted|p2a: Moltres\n|-damage|p2a: Moltres|45\/100 slp\n|-enditem|p2a: Moltres|Sitrus Berry|[from] move: Knock Off|[of] p1a: Mienshao\n|-ability|p2a: Moltres|Berserk|boost\n|-boost|p2a: Moltres|spa|1\n|-damage|p1a: Mienshao|52\/100|[from] item: Life Orb\n|cant|p2a: Moltres|slp\n|\n|-weather|SunnyDay|[upkeep]\n|upkeep\n|turn|43\n|\n|t:|1700213738\n|move|p1a: Mienshao|U-turn|p2a: Moltres\n|-damage|p2a: Moltres|5\/100 slp\n|-damage|p1a: Mienshao|42\/100|[from] item: Life Orb\n|\n|t:|1700213742\n|switch|p1a: Slowking|Slowking, F|100\/100 par|[from] U-turn\n|-damage|p1a: Slowking|88\/100 par|[from] Stealth Rock\n|cant|p2a: Moltres|slp\n|\n|-weather|SunnyDay|[upkeep]\n|upkeep\n|turn|44\n|\n|t:|1700213752\n|switch|p1a: Dragapult|Dragapult, F|3\/100\n|-damage|p1a: Dragapult|0 fnt|[from] Stealth Rock\n|faint|p1a: Dragapult\n|-curestatus|p2a: Moltres|slp|[msg]\n|move|p2a: Moltres|Fiery Wrath|p1: Dragapult|[notarget]\n|-fail|p2a: Moltres\n|\n|-weather|SunnyDay|[upkeep]\n|upkeep\n|\n|t:|1700213763\n|switch|p1a: Mienshao|Mienshao, M|75\/100\n|-damage|p1a: Mienshao|70\/100|[from] Stealth Rock\n|turn|45\n|\n|t:|1700213783\n|switch|p2a: Walking Wake|Walking Wake|100\/100\n|-activate|p2a: Walking Wake|ability: Protosynthesis\n|-start|p2a: Walking Wake|protosynthesisspa\n|move|p1a: Mienshao|Fake Out|p2a: Walking Wake\n|-damage|p2a: Walking Wake|81\/100\n|-damage|p1a: Mienshao|60\/100|[from] item: Life Orb\n|\n|-weather|SunnyDay|[upkeep]\n|-heal|p2a: Walking Wake|87\/100|[from] item: Leftovers\n|upkeep\n|turn|46\n|\n|t:|1700213799\n|switch|p1a: Slowking|Slowking, F|100\/100 par\n|-damage|p1a: Slowking|88\/100 par|[from] Stealth Rock\n|move|p2a: Walking Wake|Dragon Pulse|p1a: Slowking\n|-damage|p1a: Slowking|46\/100 par\n|\n|-weather|SunnyDay|[upkeep]\n|-heal|p2a: Walking Wake|93\/100|[from] item: Leftovers\n|upkeep\n|turn|47\n|\n|t:|1700213810\n|move|p2a: Walking Wake|Substitute|p2a: Walking Wake\n|-start|p2a: Walking Wake|Substitute\n|-damage|p2a: Walking Wake|69\/100\n|move|p1a: Slowking|Yawn||[still]\n|-fail|p1a: Slowking\n|\n|-weather|none\n|-end|p2a: Walking Wake|Protosynthesis\n|-heal|p2a: Walking Wake|75\/100|[from] item: Leftovers\n|upkeep\n|turn|48\n|-message|dgch forfeited.\n|\n|win|snotnosezill\n|raw|dgch's rating: 1114 &rarr; <strong>1088<\/strong><br \/>(-26 for losing)\n|raw|snotnosezill's rating: 1097 &rarr; <strong>1124<\/strong><br \/>(+27 for winning)\n|l|\u2606dgch\n","uploadtime":1700213821,"views":18,"p1id":"dgch","p2id":"snotnosezill","formatid":"gen9ou","rating":1088,"private":0,"password":""}