{"id":"gen9ou-1990146722","p1":"Fr0sTtzz","p2":"JaimeLX","format":"[Gen 9] OU","log":"|j|\u2606Fr0sTtzz\n|j|\u2606JaimeLX\n|t:|1699929657\n|gametype|singles\n|player|p1|Fr0sTtzz|102|\n|player|p2|JaimeLX|cynthia|\n|teamsize|p1|6\n|teamsize|p2|6\n|gen|9\n|tier|[Gen 9] OU\n|rule|Sleep Clause Mod: Limit one foe put to sleep\n|rule|Species Clause: Limit one of each Pok\u00e9mon\n|rule|OHKO Clause: OHKO moves are banned\n|rule|Evasion Items Clause: Evasion items are banned\n|rule|Evasion Moves Clause: Evasion moves are banned\n|rule|Endless Battle Clause: Forcing endless battles is banned\n|rule|HP Percentage Mod: HP is shown in percentages\n|clearpoke\n|poke|p1|Iron Moth|\n|poke|p1|Rillaboom, M|\n|poke|p1|Meowscarada, F|\n|poke|p1|Lucario, M|\n|poke|p1|Gholdengo|\n|poke|p1|Sneasler, M|\n|poke|p2|Pelipper, F|\n|poke|p2|Ludicolo, M|\n|poke|p2|Barraskewda, M|\n|poke|p2|Crawdaunt, F|\n|poke|p2|Empoleon, F|\n|poke|p2|Milotic, F|\n|teampreview\n|\n|t:|1699929679\n|start\n|switch|p1a: Gholdengo|Gholdengo|100\/100\n|switch|p2a: Pelipper|Pelipper, F|100\/100\n|-weather|RainDance|[from] ability: Drizzle|[of] p2a: Pelipper\n|turn|1\n|\n|t:|1699929691\n|switch|p2a: Empoleon|Empoleon, F|100\/100\n|move|p1a: Gholdengo|Nasty Plot|p1a: Gholdengo\n|-boost|p1a: Gholdengo|spa|2\n|\n|-weather|RainDance|[upkeep]\n|upkeep\n|turn|2\n|\n|t:|1699929709\n|switch|p1a: Rillaboom|Rillaboom, M|100\/100\n|-fieldstart|move: Grassy Terrain|[from] ability: Grassy Surge|[of] p1a: Rillaboom\n|move|p2a: Empoleon|Earthquake|p1a: Rillaboom\n|-resisted|p1a: Rillaboom\n|-crit|p1a: Rillaboom\n|-damage|p1a: Rillaboom|94\/100\n|\n|-weather|RainDance|[upkeep]\n|-heal|p1a: Rillaboom|99\/100|[from] Grassy Terrain\n|upkeep\n|turn|3\n|\n|t:|1699929722\n|move|p1a: Rillaboom|Leech Seed|p2a: Empoleon\n|-start|p2a: Empoleon|move: Leech Seed\n|move|p2a: Empoleon|Drill Peck|p1a: Rillaboom\n|-supereffective|p1a: Rillaboom\n|-damage|p1a: Rillaboom|72\/100\n|\n|-weather|RainDance|[upkeep]\n|-heal|p1a: Rillaboom|78\/100|[from] Grassy Terrain\n|-damage|p2a: Empoleon|88\/100|[from] Leech Seed|[of] p1a: Rillaboom\n|-heal|p1a: Rillaboom|89\/100|[silent]\n|upkeep\n|turn|4\n|\n|t:|1699929732\n|switch|p2a: Ludicolo|Ludicolo, M|100\/100\n|move|p1a: Rillaboom|Drum Beating|p2a: Ludicolo\n|-damage|p2a: Ludicolo|45\/100\n|-unboost|p2a: Ludicolo|spe|1\n|\n|-weather|RainDance|[upkeep]\n|-heal|p2a: Ludicolo|51\/100|[from] Grassy Terrain\n|-heal|p1a: Rillaboom|95\/100|[from] Grassy Terrain\n|upkeep\n|turn|5\n|\n|t:|1699929742\n|move|p2a: Ludicolo|Protect|p2a: Ludicolo\n|-singleturn|p2a: Ludicolo|Protect\n|move|p1a: Rillaboom|Drum Beating|p2a: Ludicolo\n|-activate|p2a: Ludicolo|move: Protect\n|\n|-weather|RainDance|[upkeep]\n|-heal|p2a: Ludicolo|57\/100|[from] Grassy Terrain\n|-heal|p1a: Rillaboom|100\/100|[from] Grassy Terrain\n|upkeep\n|turn|6\n|\n|t:|1699929753\n|move|p2a: Ludicolo|Ice Beam|p1a: Rillaboom\n|-supereffective|p1a: Rillaboom\n|-damage|p1a: Rillaboom|54\/100\n|move|p1a: Rillaboom|Drum Beating|p2a: Ludicolo\n|-damage|p2a: Ludicolo|0 fnt\n|faint|p2a: Ludicolo\n|\n|-weather|RainDance|[upkeep]\n|-heal|p1a: Rillaboom|60\/100|[from] Grassy Terrain\n|upkeep\n|\n|t:|1699929778\n|switch|p2a: Pelipper|Pelipper, F|100\/100\n|turn|7\n|c|\u2606JaimeLX|pelipepper\n|\n|t:|1699929805\n|move|p1a: Rillaboom|Leech Seed|p2a: Pelipper\n|-start|p2a: Pelipper|move: Leech Seed\n|move|p2a: Pelipper|Hurricane|p1a: Rillaboom\n|-supereffective|p1a: Rillaboom\n|-damage|p1a: Rillaboom|0 fnt\n|faint|p1a: Rillaboom\n|\n|-weather|RainDance|[upkeep]\n|upkeep\n|\n|t:|1699929815\n|switch|p1a: Meowscarada|Meowscarada, F|100\/100\n|-enditem|p1a: Meowscarada|Grassy Seed\n|-boost|p1a: Meowscarada|def|1|[from] item: Grassy Seed\n|turn|8\n|\n|t:|1699929825\n|move|p1a: Meowscarada|Flower Trick|p2a: Pelipper\n|-crit|p2a: Pelipper\n|-damage|p2a: Pelipper|49\/100\n|move|p2a: Pelipper|Hurricane|p1a: Meowscarada\n|-supereffective|p1a: Meowscarada\n|-damage|p1a: Meowscarada|0 fnt\n|faint|p1a: Meowscarada\n|\n|-weather|none\n|upkeep\n|\n|t:|1699929833\n|switch|p1a: Sneasler|Sneasler, M|100\/100\n|-enditem|p1a: Sneasler|Grassy Seed\n|-boost|p1a: Sneasler|def|1|[from] item: Grassy Seed\n|turn|9\n|\n|t:|1699929842\n|switch|p2a: Empoleon|Empoleon, F|88\/100\n|move|p1a: Sneasler|U-turn|p2a: Empoleon\n|-resisted|p2a: Empoleon\n|-damage|p2a: Empoleon|75\/100\n|\n|t:|1699929849\n|switch|p1a: Gholdengo|Gholdengo|100\/100|[from] U-turn\n|\n|-heal|p2a: Empoleon|81\/100|[from] Grassy Terrain\n|-fieldend|move: Grassy Terrain\n|upkeep\n|turn|10\n|\n|t:|1699929857\n|move|p1a: Gholdengo|Thunderbolt|p2a: Empoleon\n|-supereffective|p2a: Empoleon\n|-damage|p2a: Empoleon|12\/100\n|move|p2a: Empoleon|Earthquake|p1a: Gholdengo\n|-supereffective|p1a: Gholdengo\n|-damage|p1a: Gholdengo|40\/100\n|\n|upkeep\n|turn|11\n|\n|t:|1699929864\n|move|p1a: Gholdengo|Thunderbolt|p2a: Empoleon\n|-supereffective|p2a: Empoleon\n|-damage|p2a: Empoleon|0 fnt\n|faint|p2a: Empoleon\n|\n|upkeep\n|\n|t:|1699929878\n|switch|p2a: Crawdaunt|Crawdaunt, F|100\/100\n|turn|12\n|\n|t:|1699929896\n|move|p1a: Gholdengo|Thunderbolt|p2a: Crawdaunt\n|-supereffective|p2a: Crawdaunt\n|-enditem|p2a: Crawdaunt|Focus Sash\n|-damage|p2a: Crawdaunt|1\/100\n|move|p2a: Crawdaunt|Swords Dance|p2a: Crawdaunt\n|-boost|p2a: Crawdaunt|atk|2\n|\n|upkeep\n|turn|13\n|\n|t:|1699929903\n|move|p2a: Crawdaunt|Aqua Jet|p1a: Gholdengo\n|-damage|p1a: Gholdengo|0 fnt\n|faint|p1a: Gholdengo\n|\n|upkeep\n|\n|t:|1699929910\n|switch|p1a: Lucario|Lucario, M|100\/100\n|turn|14\n|\n|t:|1699929915\n|move|p1a: Lucario|Extreme Speed|p2a: Crawdaunt\n|-damage|p2a: Crawdaunt|0 fnt\n|faint|p2a: Crawdaunt\n|-damage|p1a: Lucario|91\/100|[from] item: Life Orb\n|\n|upkeep\n|\n|t:|1699929922\n|switch|p2a: Pelipper|Pelipper, F|49\/100\n|-weather|RainDance|[from] ability: Drizzle|[of] p2a: Pelipper\n|turn|15\n|\n|t:|1699929934\n|move|p1a: Lucario|Aura Sphere|p2a: Pelipper\n|-resisted|p2a: Pelipper\n|-damage|p2a: Pelipper|9\/100\n|-damage|p1a: Lucario|81\/100|[from] item: Life Orb\n|move|p2a: Pelipper|Hurricane|p1a: Lucario\n|-damage|p1a: Lucario|21\/100\n|\n|-weather|RainDance|[upkeep]\n|upkeep\n|turn|16\n|\n|t:|1699929944\n|move|p1a: Lucario|Extreme Speed|p2a: Pelipper\n|-damage|p2a: Pelipper|0 fnt\n|faint|p2a: Pelipper\n|-damage|p1a: Lucario|11\/100|[from] item: Life Orb\n|\n|-weather|RainDance|[upkeep]\n|upkeep\n|\n|t:|1699929974\n|switch|p2a: Milotic|Milotic, F|100\/100\n|turn|17\n|\n|t:|1699929988\n|move|p1a: Lucario|Dark Pulse|p2a: Milotic\n|-damage|p2a: Milotic|75\/100\n|-damage|p1a: Lucario|1\/100|[from] item: Life Orb\n|move|p2a: Milotic|Scald|p1a: Lucario\n|-damage|p1a: Lucario|0 fnt\n|faint|p1a: Lucario\n|\n|-weather|RainDance|[upkeep]\n|-heal|p2a: Milotic|81\/100|[from] item: Leftovers\n|upkeep\n|\n|t:|1699930001\n|switch|p1a: Iron Moth|Iron Moth|100\/100\n|-enditem|p1a: Iron Moth|Booster Energy\n|-activate|p1a: Iron Moth|ability: Quark Drive|[fromitem]\n|-start|p1a: Iron Moth|quarkdrivespe\n|turn|18\n|\n|t:|1699930007\n|move|p1a: Iron Moth|Discharge|p2a: Milotic\n|-supereffective|p2a: Milotic\n|-damage|p2a: Milotic|45\/100\n|move|p2a: Milotic|Scald|p1a: Iron Moth\n|-supereffective|p1a: Iron Moth\n|-damage|p1a: Iron Moth|7\/100\n|\n|-weather|RainDance|[upkeep]\n|-heal|p2a: Milotic|51\/100|[from] item: Leftovers\n|upkeep\n|turn|19\n|\n|t:|1699930016\n|move|p1a: Iron Moth|Discharge|p2a: Milotic\n|-supereffective|p2a: Milotic\n|-damage|p2a: Milotic|12\/100\n|move|p2a: Milotic|Scald|p1a: Iron Moth\n|-supereffective|p1a: Iron Moth\n|-damage|p1a: Iron Moth|0 fnt\n|faint|p1a: Iron Moth\n|-end|p1a: Iron Moth|Quark Drive|[silent]\n|\n|-weather|RainDance|[upkeep]\n|-heal|p2a: Milotic|18\/100|[from] item: Leftovers\n|upkeep\n|\n|t:|1699930025\n|switch|p1a: Sneasler|Sneasler, M|100\/100\n|turn|20\n|\n|t:|1699930035\n|move|p1a: Sneasler|Acrobatics|p2a: Milotic\n|-damage|p2a: Milotic|0 fnt\n|faint|p2a: Milotic\n|\n|-weather|RainDance|[upkeep]\n|upkeep\n|\n|t:|1699930039\n|switch|p2a: Barraskewda|Barraskewda, M|100\/100\n|turn|21\n|\n|t:|1699930054\n|move|p2a: Barraskewda|Psychic Fangs|p1a: Sneasler\n|-supereffective|p1a: Sneasler\n|-damage|p1a: Sneasler|0 fnt\n|faint|p1a: Sneasler\n|\n|win|JaimeLX\n|l|\u2606Fr0sTtzz\n","uploadtime":1699930090,"views":17,"p1id":"fr0sttzz","p2id":"jaimelx","formatid":"gen9ou","rating":0,"private":0,"password":""}