{"id":"gen9ou-1989773808","p1":"Sencopion","p2":"Antkiller0909","format":"[Gen 9] OU","log":"|j|\u2606Sencopion\n|j|\u2606Antkiller0909\n|t:|1699894560\n|gametype|singles\n|player|p1|Sencopion|roxie|\n|player|p2|Antkiller0909|blackbelt|\n|teamsize|p1|5\n|teamsize|p2|5\n|gen|9\n|tier|[Gen 9] OU\n|rule|Sleep Clause Mod: Limit one foe put to sleep\n|rule|Species Clause: Limit one of each Pok\u00e9mon\n|rule|OHKO Clause: OHKO moves are banned\n|rule|Evasion Items Clause: Evasion items are banned\n|rule|Evasion Moves Clause: Evasion moves are banned\n|rule|Endless Battle Clause: Forcing endless battles is banned\n|rule|HP Percentage Mod: HP is shown in percentages\n|clearpoke\n|poke|p1|Kingambit, M|\n|poke|p1|Corviknight, M|\n|poke|p1|Heatran, M|\n|poke|p1|Iron Treads|\n|poke|p1|Gholdengo|\n|poke|p2|Drednaw, M|\n|poke|p2|Arcanine-Hisui, F|\n|poke|p2|Tyranitar, M|\n|poke|p2|Garganacl, F|\n|poke|p2|Ogerpon-Cornerstone, F|\n|teampreview\n|inactive|Battle timer is ON: inactive players will automatically lose when time's up. (requested by Sencopion)\n|inactive|Antkiller0909 also wants the timer to be on.\n|inactive|Antkiller0909 no longer wants the timer on, but the timer is staying on because sencopion still does.\n|c|\u2606Sencopion|glhf\n|c|\u2606Antkiller0909|you too, can we have timer off?\n|inactiveoff|Battle timer is now OFF.\n|c|\u2606Antkiller0909|thanks\n|c|\u2606Sencopion|Sure\n|j| Tubaguia_Ofc\n|\n|t:|1699894620\n|start\n|switch|p1a: Corviknight|Corviknight, M|100\/100\n|switch|p2a: Tyranitar|Tyranitar, M|100\/100\n|-ability|p1a: Corviknight|Pressure\n|-weather|Sandstorm|[from] ability: Sand Stream|[of] p2a: Tyranitar\n|turn|1\n|\n|t:|1699894626\n|move|p1a: Corviknight|Body Press|p2a: Tyranitar\n|-supereffective|p2a: Tyranitar\n|-damage|p2a: Tyranitar|17\/100\n|move|p2a: Tyranitar|Knock Off|p1a: Corviknight\n|-damage|p1a: Corviknight|66\/100\n|-enditem|p1a: Corviknight|Leftovers|[from] move: Knock Off|[of] p2a: Tyranitar\n|\n|-weather|Sandstorm|[upkeep]\n|upkeep\n|turn|2\n|\n|t:|1699894660\n|switch|p2a: Garganacl|Garganacl, F|100\/100\n|move|p1a: Corviknight|Roost|p1a: Corviknight\n|-heal|p1a: Corviknight|100\/100\n|-singleturn|p1a: Corviknight|move: Roost\n|\n|-weather|Sandstorm|[upkeep]\n|upkeep\n|turn|3\n|\n|t:|1699894666\n|move|p1a: Corviknight|U-turn|p2a: Garganacl\n|-damage|p2a: Garganacl|93\/100\n|\n|t:|1699894670\n|switch|p1a: Gholdengo|Gholdengo|100\/100|[from] U-turn\n|move|p2a: Garganacl|Stealth Rock|p1a: Gholdengo\n|-sidestart|p1: Sencopion|move: Stealth Rock\n|\n|-weather|Sandstorm|[upkeep]\n|-heal|p2a: Garganacl|99\/100|[from] item: Leftovers\n|upkeep\n|turn|4\n|\n|t:|1699894676\n|-terastallize|p1a: Gholdengo|Steel\n|move|p1a: Gholdengo|Make It Rain|p2a: Garganacl\n|-supereffective|p2a: Garganacl\n|-damage|p2a: Garganacl|0 fnt\n|-unboost|p1a: Gholdengo|spa|1\n|faint|p2a: Garganacl\n|\n|-weather|Sandstorm|[upkeep]\n|upkeep\n|\n|t:|1699894690\n|switch|p2a: Drednaw|Drednaw, M|100\/100\n|turn|5\n|\n|t:|1699894702\n|move|p1a: Gholdengo|Nasty Plot|p1a: Gholdengo\n|-boost|p1a: Gholdengo|spa|2\n|move|p2a: Drednaw|Jaw Lock|p1a: Gholdengo\n|-damage|p1a: Gholdengo|68\/100\n|-activate|p2a: Drednaw|trapped\n|-activate|p1a: Gholdengo|trapped\n|\n|-weather|none\n|upkeep\n|turn|6\n|\n|t:|1699894708\n|move|p1a: Gholdengo|Make It Rain|p2a: Drednaw\n|-damage|p2a: Drednaw|0 fnt\n|-unboost|p1a: Gholdengo|spa|1\n|faint|p2a: Drednaw\n|\n|upkeep\n|\n|t:|1699894718\n|switch|p2a: Arcanine|Arcanine-Hisui, F|100\/100\n|turn|7\n|\n|t:|1699894733\n|switch|p1a: Heatran|Heatran, M|100\/100\n|-damage|p1a: Heatran|88\/100|[from] Stealth Rock\n|move|p2a: Arcanine|Close Combat|p1a: Heatran\n|-supereffective|p1a: Heatran\n|-damage|p1a: Heatran|27\/100\n|-unboost|p2a: Arcanine|def|1\n|-unboost|p2a: Arcanine|spd|1\n|\n|-heal|p1a: Heatran|33\/100|[from] item: Leftovers\n|upkeep\n|turn|8\n|\n|t:|1699894740\n|switch|p1a: Corviknight|Corviknight, M|100\/100\n|-damage|p1a: Corviknight|88\/100|[from] Stealth Rock\n|-ability|p1a: Corviknight|Pressure\n|move|p2a: Arcanine|Close Combat|p1a: Corviknight\n|-damage|p1a: Corviknight|64\/100\n|-unboost|p2a: Arcanine|def|1\n|-unboost|p2a: Arcanine|spd|1\n|\n|upkeep\n|turn|9\n|\n|t:|1699894747\n|switch|p2a: Tyranitar|Tyranitar, M|17\/100\n|-weather|Sandstorm|[from] ability: Sand Stream|[of] p2a: Tyranitar\n|move|p1a: Corviknight|Body Press|p2a: Tyranitar\n|-supereffective|p2a: Tyranitar\n|-damage|p2a: Tyranitar|0 fnt\n|faint|p2a: Tyranitar\n|\n|-weather|Sandstorm|[upkeep]\n|upkeep\n|\n|t:|1699894763\n|switch|p2a: Arcanine|Arcanine-Hisui, F|100\/100\n|turn|10\n|\n|t:|1699894787\n|move|p2a: Arcanine|Head Smash|p1a: Corviknight\n|-damage|p1a: Corviknight|20\/100\n|move|p1a: Corviknight|U-turn|p2a: Arcanine\n|-resisted|p2a: Arcanine\n|-damage|p2a: Arcanine|91\/100\n|\n|t:|1699894792\n|switch|p1a: Iron Treads|Iron Treads|100\/100|[from] U-turn\n|-damage|p1a: Iron Treads|97\/100|[from] Stealth Rock\n|-enditem|p1a: Iron Treads|Booster Energy\n|-activate|p1a: Iron Treads|ability: Quark Drive|[fromitem]\n|-start|p1a: Iron Treads|quarkdrivespe\n|\n|-weather|Sandstorm|[upkeep]\n|upkeep\n|turn|11\n|\n|t:|1699894798\n|switch|p2a: Ogerpon|Ogerpon-Cornerstone, F|100\/100\n|move|p1a: Iron Treads|Earthquake|p2a: Ogerpon\n|-damage|p2a: Ogerpon|53\/100\n|\n|-weather|Sandstorm|[upkeep]\n|upkeep\n|turn|12\n|\n|t:|1699894812\n|move|p1a: Iron Treads|Earthquake|p2a: Ogerpon\n|-damage|p2a: Ogerpon|7\/100\n|move|p2a: Ogerpon|Brick Break|p1a: Iron Treads\n|-supereffective|p1a: Iron Treads\n|-damage|p1a: Iron Treads|49\/100\n|\n|-weather|Sandstorm|[upkeep]\n|upkeep\n|turn|13\n|\n|t:|1699894823\n|move|p1a: Iron Treads|Earthquake|p2a: Ogerpon\n|-damage|p2a: Ogerpon|0 fnt\n|faint|p2a: Ogerpon\n|\n|-weather|none\n|upkeep\n|\n|t:|1699894826\n|switch|p2a: Arcanine|Arcanine-Hisui, F|91\/100\n|turn|14\n|\n|t:|1699894835\n|-terastallize|p2a: Arcanine|Rock\n|move|p1a: Iron Treads|Earthquake|p2a: Arcanine\n|-supereffective|p2a: Arcanine\n|-damage|p2a: Arcanine|0 fnt\n|faint|p2a: Arcanine\n|\n|win|Sencopion\n|c|\u2606Sencopion|ggwp\n|c|\u2606Antkiller0909|gg\n","uploadtime":1699894844,"views":51,"p1id":"sencopion","p2id":"antkiller0909","formatid":"gen9ou","rating":0,"private":0,"password":""}