{"id":"gen9ou-1993570796","p1":"famus123","p2":"falkwd","format":"[Gen 9] OU","log":"|j|\u2606famus123\n|j|\u2606falkwd\n|t:|1700332950\n|gametype|singles\n|player|p1|famus123|kukui|\n|player|p2|falkwd|harlequin|\n|teamsize|p1|6\n|teamsize|p2|6\n|gen|9\n|tier|[Gen 9] OU\n|rule|Sleep Clause Mod: Limit one foe put to sleep\n|rule|Species Clause: Limit one of each Pok\u00e9mon\n|rule|OHKO Clause: OHKO moves are banned\n|rule|Evasion Items Clause: Evasion items are banned\n|rule|Evasion Moves Clause: Evasion moves are banned\n|rule|Endless Battle Clause: Forcing endless battles is banned\n|rule|HP Percentage Mod: HP is shown in percentages\n|clearpoke\n|poke|p1|Alomomola, F|\n|poke|p1|Slowking-Galar, F|\n|poke|p1|Kingambit, F|\n|poke|p1|Great Tusk|\n|poke|p1|Cinderace, F|\n|poke|p1|Thundurus-Therian, M|\n|poke|p2|Kingambit, M|\n|poke|p2|Glimmora, F|\n|poke|p2|Zamazenta-*|\n|poke|p2|Iron Valiant|\n|poke|p2|Iron Moth|\n|poke|p2|Ogerpon-Wellspring, F|\n|teampreview\n|inactive|Battle timer is ON: inactive players will automatically lose when time's up. (requested by falkwd)\n|\n|t:|1700332969\n|start\n|switch|p1a: Kingambit|Kingambit, F|100\/100\n|switch|p2a: Glimmora|Glimmora, F|100\/100\n|turn|1\n|c|\u2606falkwd|glhf\n|inactive|famus123 has 270 seconds left.\n|\n|t:|1700333006\n|move|p2a: Glimmora|Earth Power|p1a: Kingambit\n|-supereffective|p1a: Kingambit\n|-damage|p1a: Kingambit|35\/100\n|move|p1a: Kingambit|Iron Head|p2a: Glimmora\n|-supereffective|p2a: Glimmora\n|-enditem|p2a: Glimmora|Focus Sash\n|-damage|p2a: Glimmora|1\/100\n|-activate|p2a: Glimmora|ability: Toxic Debris\n|-sidestart|p1: famus123|move: Toxic Spikes\n|\n|-heal|p1a: Kingambit|41\/100|[from] item: Leftovers\n|upkeep\n|turn|2\n|inactive|famus123 has 270 seconds left.\n|\n|t:|1700333017\n|move|p2a: Glimmora|Stealth Rock|p1a: Kingambit\n|-sidestart|p1: famus123|move: Stealth Rock\n|move|p1a: Kingambit|Kowtow Cleave|p2a: Glimmora\n|-damage|p2a: Glimmora|0 fnt\n|-activate|p2a: Glimmora|ability: Toxic Debris\n|-sidestart|p1: famus123|move: Toxic Spikes\n|faint|p2a: Glimmora\n|\n|-heal|p1a: Kingambit|48\/100|[from] item: Leftovers\n|upkeep\n|\n|t:|1700333028\n|switch|p2a: Kingambit|Kingambit, M|100\/100\n|-activate|p2a: Kingambit|ability: Supreme Overlord\n|-start|p2a: Kingambit|fallen1|[silent]\n|turn|3\n|\n|t:|1700333042\n|-end|p1a: Kingambit|fallenundefined|[silent]\n|switch|p1a: Cinderace|Cinderace, F|100\/100\n|move|p2a: Kingambit|Kowtow Cleave|p1a: Cinderace\n|-damage|p1a: Cinderace|9\/100\n|\n|upkeep\n|turn|4\n|c|\u2606falkwd|vaya miss click tuve xd\n|\n|t:|1700333054\n|move|p2a: Kingambit|Sucker Punch||[still]\n|-fail|p2a: Kingambit\n|move|p1a: Cinderace|Will-O-Wisp|p2a: Kingambit\n|-status|p2a: Kingambit|brn\n|\n|-damage|p2a: Kingambit|94\/100 brn|[from] brn\n|upkeep\n|turn|5\n|\n|t:|1700333061\n|move|p2a: Kingambit|Sucker Punch||[still]\n|-fail|p2a: Kingambit\n|move|p1a: Cinderace|Court Change|p1a: Cinderace\n|-start|p1a: Cinderace|typechange|Normal|[from] ability: Libero\n|-swapsideconditions\n|-activate|p1a: Cinderace|move: Court Change\n|\n|-damage|p2a: Kingambit|88\/100 brn|[from] brn\n|upkeep\n|turn|6\n|\n|t:|1700333070\n|switch|p1a: Great Tusk|Great Tusk|100\/100\n|move|p2a: Kingambit|Sucker Punch||[still]\n|-fail|p2a: Kingambit\n|\n|-damage|p2a: Kingambit|82\/100 brn|[from] brn\n|upkeep\n|turn|7\n|\n|t:|1700333082\n|-end|p1a: Great Tusk|Protosynthesis|[silent]\n|switch|p1a: Cinderace|Cinderace, F|9\/100\n|-terastallize|p2a: Kingambit|Flying\n|move|p2a: Kingambit|Swords Dance|p2a: Kingambit\n|-boost|p2a: Kingambit|atk|2\n|\n|-damage|p2a: Kingambit|76\/100 brn|[from] brn\n|upkeep\n|turn|8\n|\n|t:|1700333090\n|move|p1a: Cinderace|Will-O-Wisp|p2a: Kingambit\n|-fail|p2a: Kingambit|brn\n|move|p2a: Kingambit|Kowtow Cleave|p1a: Cinderace\n|-damage|p1a: Cinderace|0 fnt\n|faint|p1a: Cinderace\n|\n|-damage|p2a: Kingambit|70\/100 brn|[from] brn\n|upkeep\n|\n|t:|1700333102\n|switch|p1a: Great Tusk|Great Tusk|100\/100\n|turn|9\n|\n|t:|1700333108\n|move|p1a: Great Tusk|Ice Spinner|p2a: Kingambit\n|-supereffective|p2a: Kingambit\n|-damage|p2a: Kingambit|23\/100 brn\n|move|p2a: Kingambit|Swords Dance|p2a: Kingambit\n|-boost|p2a: Kingambit|atk|2\n|\n|-damage|p2a: Kingambit|17\/100 brn|[from] brn\n|upkeep\n|turn|10\n|\n|t:|1700333116\n|move|p2a: Kingambit|Sucker Punch||[still]\n|-fail|p2a: Kingambit\n|move|p1a: Great Tusk|Stealth Rock||[still]\n|-fail|p1a: Great Tusk\n|\n|-damage|p2a: Kingambit|11\/100 brn|[from] brn\n|upkeep\n|turn|11\n|\n|t:|1700333124\n|move|p2a: Kingambit|Sucker Punch|p1a: Great Tusk\n|-resisted|p1a: Great Tusk\n|-damage|p1a: Great Tusk|74\/100\n|-damage|p2a: Kingambit|0 fnt|[from] item: Rocky Helmet|[of] p1a: Great Tusk\n|faint|p2a: Kingambit\n|-end|p2a: Kingambit|fallen1|[silent]\n|move|p1a: Great Tusk|Ice Spinner|p2: Kingambit|[notarget]\n|-fail|p1a: Great Tusk\n|\n|upkeep\n|\n|t:|1700333132\n|switch|p2a: Iron Moth|Iron Moth|100\/100\n|-sideend|p2: falkwd|move: Toxic Spikes|[of] p2a: Iron Moth\n|-damage|p2a: Iron Moth|76\/100|[from] Stealth Rock\n|-enditem|p2a: Iron Moth|Booster Energy\n|-activate|p2a: Iron Moth|ability: Quark Drive|[fromitem]\n|-start|p2a: Iron Moth|quarkdrivespe\n|turn|12\n|\n|t:|1700333139\n|move|p2a: Iron Moth|Dazzling Gleam|p1a: Great Tusk\n|-supereffective|p1a: Great Tusk\n|-damage|p1a: Great Tusk|0 fnt\n|faint|p1a: Great Tusk\n|-end|p1a: Great Tusk|Protosynthesis|[silent]\n|\n|upkeep\n|\n|t:|1700333152\n|switch|p1a: Slowking|Slowking-Galar, F|100\/100\n|turn|13\n|\n|t:|1700333161\n|move|p2a: Iron Moth|Fiery Dance|p1a: Slowking\n|-damage|p1a: Slowking|78\/100\n|-boost|p2a: Iron Moth|spa|1\n|move|p1a: Slowking|Future Sight|p2a: Iron Moth\n|-start|p1a: Slowking|move: Future Sight\n|\n|upkeep\n|turn|14\n|\n|t:|1700333167\n|move|p2a: Iron Moth|Fiery Dance|p1a: Slowking\n|-damage|p1a: Slowking|43\/100\n|-boost|p2a: Iron Moth|spa|1\n|move|p1a: Slowking|Chilly Reception|p1a: Slowking\n|-weather|Snow\n|\n|t:|1700333172\n|switch|p1a: Kingambit|Kingambit, F|48\/100|[from] Chilly Reception\n|-activate|p1a: Kingambit|ability: Supreme Overlord\n|-start|p1a: Kingambit|fallen2|[silent]\n|\n|-weather|Snow|[upkeep]\n|-heal|p1a: Kingambit|54\/100|[from] item: Leftovers\n|upkeep\n|turn|15\n|\n|t:|1700333182\n|move|p2a: Iron Moth|Substitute|p2a: Iron Moth\n|-start|p2a: Iron Moth|Substitute\n|-damage|p2a: Iron Moth|51\/100\n|move|p1a: Kingambit|Kowtow Cleave|p2a: Iron Moth\n|-end|p2a: Iron Moth|Substitute\n|\n|-weather|Snow|[upkeep]\n|-end|p2a: Iron Moth|move: Future Sight\n|-supereffective|p2a: Iron Moth\n|-damage|p2a: Iron Moth|0 fnt\n|faint|p2a: Iron Moth\n|-end|p2a: Iron Moth|Quark Drive|[silent]\n|-heal|p1a: Kingambit|60\/100|[from] item: Leftovers\n|upkeep\n|\n|t:|1700333194\n|switch|p2a: Zamazenta|Zamazenta|100\/100\n|-damage|p2a: Zamazenta|94\/100|[from] Stealth Rock\n|-ability|p2a: Zamazenta|Dauntless Shield|boost\n|-boost|p2a: Zamazenta|def|1\n|turn|16\n|\n|t:|1700333224\n|-end|p1a: Kingambit|fallen2|[silent]\n|switch|p1a: Alomomola|Alomomola, F|100\/100\n|move|p2a: Zamazenta|Body Press|p1a: Alomomola\n|-damage|p1a: Alomomola|68\/100\n|-enditem|p1a: Alomomola|Red Card|[of] p2a: Zamazenta\n|drag|p2a: Iron Valiant|Iron Valiant|100\/100\n|-damage|p2a: Iron Valiant|94\/100|[from] Stealth Rock\n|-enditem|p2a: Iron Valiant|Booster Energy\n|-activate|p2a: Iron Valiant|ability: Quark Drive|[fromitem]\n|-start|p2a: Iron Valiant|quarkdrivespe\n|\n|-weather|Snow|[upkeep]\n|upkeep\n|turn|17\n|\n|t:|1700333235\n|move|p2a: Iron Valiant|Moonblast|p1a: Alomomola\n|-damage|p1a: Alomomola|23\/100\n|-unboost|p1a: Alomomola|spa|1\n|move|p1a: Alomomola|Flip Turn|p2a: Iron Valiant\n|-damage|p2a: Iron Valiant|72\/100\n|inactive|famus123 has 270 seconds left.\n|\n|t:|1700333282\n|switch|p1a: Slowking|Slowking-Galar, F|77\/100|[from] Flip Turn\n|\n|-weather|Snow|[upkeep]\n|upkeep\n|turn|18\n|\n|t:|1700333292\n|move|p2a: Iron Valiant|Hypnosis|p1a: Slowking\n|-status|p1a: Slowking|slp|[from] move: Hypnosis\n|cant|p1a: Slowking|slp\n|\n|-weather|none\n|upkeep\n|turn|19\n|\n|t:|1700333305\n|-end|p2a: Iron Valiant|Quark Drive|[silent]\n|switch|p2a: Zamazenta|Zamazenta|94\/100\n|-damage|p2a: Zamazenta|88\/100|[from] Stealth Rock\n|switch|p1a: Alomomola|Alomomola, F|57\/100\n|\n|-heal|p2a: Zamazenta|94\/100|[from] item: Leftovers\n|upkeep\n|turn|20\n|\n|t:|1700333315\n|move|p2a: Zamazenta|Crunch|p1a: Alomomola\n|-damage|p1a: Alomomola|41\/100\n|-unboost|p1a: Alomomola|def|1\n|move|p1a: Alomomola|Wish|p1a: Alomomola\n|\n|-heal|p2a: Zamazenta|100\/100|[from] item: Leftovers\n|upkeep\n|turn|21\n|inactive|famus123 has 270 seconds left.\n|\n|t:|1700333327\n|move|p2a: Zamazenta|Iron Defense|p2a: Zamazenta\n|-boost|p2a: Zamazenta|def|2\n|move|p1a: Alomomola|Flip Turn|p2a: Zamazenta\n|-damage|p2a: Zamazenta|94\/100\n|\n|t:|1700333329\n|switch|p1a: Thundurus|Thundurus-Therian, M|100\/100|[from] Flip Turn\n|\n|-heal|p2a: Zamazenta|99\/100|[from] item: Leftovers\n|upkeep\n|turn|22\n|\n|t:|1700333336\n|-terastallize|p1a: Thundurus|Flying\n|move|p2a: Zamazenta|Body Press|p1a: Thundurus\n|-resisted|p1a: Thundurus\n|-damage|p1a: Thundurus|46\/100\n|move|p1a: Thundurus|Tera Blast|p2a: Zamazenta|[anim] Tera Blast Flying\n|-supereffective|p2a: Zamazenta\n|-damage|p2a: Zamazenta|0 fnt\n|faint|p2a: Zamazenta\n|\n|upkeep\n|\n|t:|1700333345\n|switch|p2a: Iron Valiant|Iron Valiant|72\/100\n|-damage|p2a: Iron Valiant|66\/100|[from] Stealth Rock\n|turn|23\n|\n|t:|1700333352\n|switch|p1a: Slowking|Slowking-Galar, F|100\/100 slp\n|move|p2a: Iron Valiant|Moonblast|p1a: Slowking\n|-resisted|p1a: Slowking\n|-damage|p1a: Slowking|88\/100 slp\n|-unboost|p1a: Slowking|spa|1\n|\n|upkeep\n|turn|24\n|\n|t:|1700333359\n|-end|p2a: Iron Valiant|Quark Drive|[silent]\n|switch|p2a: Ogerpon|Ogerpon-Wellspring, F|100\/100\n|-damage|p2a: Ogerpon|88\/100|[from] Stealth Rock\n|-curestatus|p1a: Slowking|slp|[msg]\n|move|p1a: Slowking|Chilly Reception|p1a: Slowking\n|-weather|Snow\n|\n|t:|1700333365\n|switch|p1a: Alomomola|Alomomola, F|74\/100|[from] Chilly Reception\n|\n|-weather|Snow|[upkeep]\n|upkeep\n|turn|25\n|\n|t:|1700333370\n|move|p2a: Ogerpon|Power Whip|p1a: Alomomola\n|-supereffective|p1a: Alomomola\n|-damage|p1a: Alomomola|0 fnt\n|faint|p1a: Alomomola\n|\n|-weather|Snow|[upkeep]\n|upkeep\n|\n|t:|1700333373\n|switch|p1a: Kingambit|Kingambit, F|60\/100\n|-activate|p1a: Kingambit|ability: Supreme Overlord\n|-start|p1a: Kingambit|fallen3|[silent]\n|turn|26\n|\n|t:|1700333380\n|move|p2a: Ogerpon|Ivy Cudgel|p1a: Kingambit|[anim] Ivy Cudgel Water\n|-damage|p1a: Kingambit|20\/100\n|move|p1a: Kingambit|Kowtow Cleave|p2a: Ogerpon\n|-damage|p2a: Ogerpon|0 fnt\n|faint|p2a: Ogerpon\n|\n|-weather|Snow|[upkeep]\n|-heal|p1a: Kingambit|26\/100|[from] item: Leftovers\n|upkeep\n|\n|t:|1700333389\n|switch|p2a: Iron Valiant|Iron Valiant|66\/100\n|-damage|p2a: Iron Valiant|60\/100|[from] Stealth Rock\n|turn|27\n|\n|t:|1700333394\n|move|p1a: Kingambit|Sucker Punch||[still]\n|-fail|p1a: Kingambit\n|move|p2a: Iron Valiant|Hypnosis|p1a: Kingambit|[miss]\n|-miss|p2a: Iron Valiant|p1a: Kingambit\n|\n|-weather|Snow|[upkeep]\n|-heal|p1a: Kingambit|33\/100|[from] item: Leftovers\n|upkeep\n|turn|28\n|\n|t:|1700333409\n|move|p2a: Iron Valiant|Hypnosis|p1a: Kingambit\n|-status|p1a: Kingambit|slp|[from] move: Hypnosis\n|cant|p1a: Kingambit|slp\n|\n|-weather|none\n|-heal|p1a: Kingambit|39\/100 slp|[from] item: Leftovers\n|upkeep\n|turn|29\n|\n|t:|1700333415\n|-end|p1a: Kingambit|fallen3|[silent]\n|switch|p1a: Thundurus|Thundurus-Therian, M, tera:Flying|46\/100\n|move|p2a: Iron Valiant|Moonblast|p1a: Thundurus\n|-damage|p1a: Thundurus|0 fnt\n|faint|p1a: Thundurus\n|\n|upkeep\n|\n|t:|1700333417\n|switch|p1a: Slowking|Slowking-Galar, F|100\/100\n|turn|30\n|\n|t:|1700333423\n|move|p2a: Iron Valiant|Psyshock|p1a: Slowking\n|-damage|p1a: Slowking|73\/100\n|move|p1a: Slowking|Sludge Bomb|p2a: Iron Valiant\n|-supereffective|p2a: Iron Valiant\n|-crit|p2a: Iron Valiant\n|-damage|p2a: Iron Valiant|0 fnt\n|faint|p2a: Iron Valiant\n|-end|p2a: Iron Valiant|Quark Drive|[silent]\n|\n|win|famus123\n|c|\u2606famus123|gg\n|c|\u2606falkwd|gg\n|c|\u2606falkwd|he jugado fatal\n","uploadtime":1700333428,"views":30,"p1id":"famus123","p2id":"falkwd","formatid":"gen9ou","rating":0,"private":0,"password":""}