{"id":"gen9ou-1989628020","p1":"GlizzyGoblerr","p2":"PANDODEEEEZ","format":"[Gen 9] OU","log":"|j|\u2606GlizzyGoblerr\n|j|\u2606PANDODEEEEZ\n|t:|1699880689\n|gametype|singles\n|player|p1|GlizzyGoblerr|battlegirl|1221\n|player|p2|PANDODEEEEZ|chuck|1257\n|teamsize|p1|6\n|teamsize|p2|6\n|gen|9\n|tier|[Gen 9] OU\n|rated|\n|rule|Sleep Clause Mod: Limit one foe put to sleep\n|rule|Species Clause: Limit one of each Pok\u00e9mon\n|rule|OHKO Clause: OHKO moves are banned\n|rule|Evasion Items Clause: Evasion items are banned\n|rule|Evasion Moves Clause: Evasion moves are banned\n|rule|Endless Battle Clause: Forcing endless battles is banned\n|rule|HP Percentage Mod: HP is shown in percentages\n|clearpoke\n|poke|p1|Greninja-*, M|\n|poke|p1|Zamazenta-*|\n|poke|p1|Heatran, M|\n|poke|p1|Ogerpon-Wellspring, F|\n|poke|p1|Sandy Shocks|\n|poke|p1|Hydreigon, F|\n|poke|p2|Gholdengo|\n|poke|p2|Dragapult, F|\n|poke|p2|Rillaboom, F|\n|poke|p2|Sneasler, F|\n|poke|p2|Iron Valiant|\n|poke|p2|Kingambit, F|\n|teampreview\n|inactive|Battle timer is ON: inactive players will automatically lose when time's up. (requested by PANDODEEEEZ)\n|\n|t:|1699880715\n|start\n|switch|p1a: Heatran|Heatran, M|100\/100\n|switch|p2a: Rillaboom|Rillaboom, F|100\/100\n|-fieldstart|move: Grassy Terrain|[from] ability: Grassy Surge|[of] p2a: Rillaboom\n|-item|p1a: Heatran|Air Balloon\n|turn|1\n|\n|t:|1699880730\n|move|p2a: Rillaboom|U-turn|p1a: Heatran\n|-resisted|p1a: Heatran\n|-damage|p1a: Heatran|94\/100\n|-enditem|p1a: Heatran|Air Balloon\n|\n|t:|1699880732\n|switch|p2a: Dragapult|Dragapult, F|100\/100|[from] U-turn\n|move|p1a: Heatran|Magma Storm|p2a: Dragapult\n|-resisted|p2a: Dragapult\n|-damage|p2a: Dragapult|69\/100\n|-activate|p2a: Dragapult|move: Magma Storm|[of] p1a: Heatran\n|\n|-heal|p2a: Dragapult|75\/100|[from] Grassy Terrain\n|-heal|p1a: Heatran|99\/100|[from] Grassy Terrain\n|-damage|p2a: Dragapult|63\/100|[from] move: Magma Storm|[partiallytrapped]\n|upkeep\n|turn|2\n|\n|t:|1699880742\n|move|p2a: Dragapult|Light Screen|p2a: Dragapult\n|-sidestart|p2: PANDODEEEEZ|move: Light Screen\n|move|p1a: Heatran|Magma Storm|p2a: Dragapult\n|-resisted|p2a: Dragapult\n|-damage|p2a: Dragapult|48\/100\n|\n|-heal|p2a: Dragapult|54\/100|[from] Grassy Terrain\n|-heal|p1a: Heatran|100\/100|[from] Grassy Terrain\n|-damage|p2a: Dragapult|42\/100|[from] move: Magma Storm|[partiallytrapped]\n|upkeep\n|turn|3\n|\n|t:|1699880751\n|move|p2a: Dragapult|Reflect|p2a: Dragapult\n|-sidestart|p2: PANDODEEEEZ|Reflect\n|move|p1a: Heatran|Taunt|p2a: Dragapult\n|-start|p2a: Dragapult|move: Taunt\n|\n|-heal|p2a: Dragapult|48\/100|[from] Grassy Terrain\n|-damage|p2a: Dragapult|35\/100|[from] move: Magma Storm|[partiallytrapped]\n|upkeep\n|turn|4\n|\n|t:|1699880761\n|switch|p2a: Sneasler|Sneasler, F|100\/100\n|-enditem|p2a: Sneasler|Grassy Seed\n|-boost|p2a: Sneasler|def|1|[from] item: Grassy Seed\n|move|p1a: Heatran|Magma Storm|p2a: Sneasler\n|-damage|p2a: Sneasler|74\/100\n|-activate|p2a: Sneasler|move: Magma Storm|[of] p1a: Heatran\n|\n|-heal|p2a: Sneasler|80\/100|[from] Grassy Terrain\n|-damage|p2a: Sneasler|68\/100|[from] move: Magma Storm|[partiallytrapped]\n|upkeep\n|turn|5\n|\n|t:|1699880775\n|move|p2a: Sneasler|Swords Dance|p2a: Sneasler\n|-boost|p2a: Sneasler|atk|2\n|move|p1a: Heatran|Magma Storm|p2a: Sneasler|[miss]\n|-miss|p1a: Heatran|p2a: Sneasler\n|\n|-heal|p2a: Sneasler|74\/100|[from] Grassy Terrain\n|-damage|p2a: Sneasler|62\/100|[from] move: Magma Storm|[partiallytrapped]\n|-fieldend|move: Grassy Terrain\n|upkeep\n|turn|6\n|\n|t:|1699880780\n|move|p2a: Sneasler|Low Kick|p1a: Heatran\n|-supereffective|p1a: Heatran\n|-damage|p1a: Heatran|0 fnt\n|faint|p1a: Heatran\n|\n|-end|p2a: Sneasler|Magma Storm|[partiallytrapped]|[silent]\n|upkeep\n|inactive|GlizzyGoblerr has 120 seconds left.\n|\n|t:|1699880811\n|switch|p1a: Sandy Shocks|Sandy Shocks|100\/100\n|turn|7\n|\n|t:|1699880816\n|move|p2a: Sneasler|Low Kick|p1a: Sandy Shocks\n|-damage|p1a: Sandy Shocks|0 fnt\n|faint|p1a: Sandy Shocks\n|-end|p1a: Sandy Shocks|Protosynthesis|[silent]\n|\n|upkeep\n|\n|t:|1699880826\n|switch|p1a: Zamazenta|Zamazenta|100\/100\n|-ability|p1a: Zamazenta|Dauntless Shield|boost\n|-boost|p1a: Zamazenta|def|1\n|turn|8\n|\n|t:|1699880833\n|move|p2a: Sneasler|Dire Claw|p1a: Zamazenta\n|-damage|p1a: Zamazenta|52\/100\n|-status|p1a: Zamazenta|par\n|cant|p1a: Zamazenta|par\n|\n|-heal|p1a: Zamazenta|59\/100 par|[from] item: Leftovers\n|upkeep\n|turn|9\n|\n|t:|1699880837\n|move|p2a: Sneasler|Swords Dance|p2a: Sneasler\n|-boost|p2a: Sneasler|atk|2\n|move|p1a: Zamazenta|Play Rough|p2a: Sneasler\n|-damage|p2a: Sneasler|49\/100\n|\n|-heal|p1a: Zamazenta|65\/100 par|[from] item: Leftovers\n|-sideend|p2: PANDODEEEEZ|move: Light Screen\n|upkeep\n|turn|10\n|\n|t:|1699880842\n|move|p2a: Sneasler|Dire Claw|p1a: Zamazenta\n|-damage|p1a: Zamazenta|0 fnt\n|faint|p1a: Zamazenta\n|\n|-sideend|p2: PANDODEEEEZ|Reflect\n|upkeep\n|\n|t:|1699880846\n|switch|p1a: Greninja|Greninja, M|100\/100\n|turn|11\n|\n|t:|1699880850\n|-terastallize|p1a: Greninja|Water\n|move|p1a: Greninja|Water Shuriken|p2a: Sneasler\n|-damage|p2a: Sneasler|34\/100\n|-damage|p2a: Sneasler|19\/100\n|-hitcount|p2a: Sneasler|2\n|move|p2a: Sneasler|Low Kick|p1a: Greninja\n|-damage|p1a: Greninja|0 fnt\n|faint|p1a: Greninja\n|\n|upkeep\n|\n|t:|1699880858\n|switch|p1a: Ogerpon|Ogerpon-Wellspring, F|100\/100\n|turn|12\n|\n|t:|1699880865\n|move|p1a: Ogerpon|Spiky Shield|p1a: Ogerpon\n|-singleturn|p1a: Ogerpon|move: Protect\n|move|p2a: Sneasler|Dire Claw|p1a: Ogerpon\n|-activate|p1a: Ogerpon|move: Protect\n|-damage|p2a: Sneasler|7\/100|[from] Spiky Shield|[of] p1a: Ogerpon\n|\n|upkeep\n|turn|13\n|\n|t:|1699880868\n|switch|p1a: Hydreigon|Hydreigon, F|100\/100\n|move|p2a: Sneasler|Dire Claw|p1a: Hydreigon\n|-damage|p1a: Hydreigon|0 fnt\n|faint|p1a: Hydreigon\n|\n|upkeep\n|\n|t:|1699880870\n|switch|p1a: Ogerpon|Ogerpon-Wellspring, F|100\/100\n|turn|14\n|\n|t:|1699880875\n|move|p2a: Sneasler|Low Kick|p1a: Ogerpon\n|-damage|p1a: Ogerpon|0 fnt\n|faint|p1a: Ogerpon\n|\n|win|PANDODEEEEZ\n|raw|GlizzyGoblerr's rating: 1221 &rarr; <strong>1199<\/strong><br \/>(-22 for losing)\n|raw|PANDODEEEEZ's rating: 1257 &rarr; <strong>1279<\/strong><br \/>(+22 for winning)\n","uploadtime":1699880881,"views":12,"p1id":"glizzygoblerr","p2id":"pandodeeeez","formatid":"gen9ou","rating":1199,"private":0,"password":""}