{"id":"gen9ou-1993862059","p1":"Bub Testing","p2":"ghxstwes","format":"[Gen 9] OU","log":"|j|\u2606Bub Testing\n|j|\u2606ghxstwes\n|t:|1700366707\n|gametype|singles\n|player|p1|Bub Testing|n|1261\n|player|p2|ghxstwes|swimmer|1301\n|teamsize|p1|6\n|teamsize|p2|6\n|gen|9\n|tier|[Gen 9] OU\n|rated|\n|rule|Sleep Clause Mod: Limit one foe put to sleep\n|rule|Species Clause: Limit one of each Pok\u00e9mon\n|rule|OHKO Clause: OHKO moves are banned\n|rule|Evasion Items Clause: Evasion items are banned\n|rule|Evasion Moves Clause: Evasion moves are banned\n|rule|Endless Battle Clause: Forcing endless battles is banned\n|rule|HP Percentage Mod: HP is shown in percentages\n|clearpoke\n|poke|p1|Magnezone|\n|poke|p1|Gholdengo|\n|poke|p1|Slowking-Galar, M|\n|poke|p1|Zamazenta-*|\n|poke|p1|Ogerpon-Wellspring, F|\n|poke|p1|Cinderace, F|\n|poke|p2|Landorus-Therian, M|\n|poke|p2|Dragapult, M|\n|poke|p2|Rillaboom, F|\n|poke|p2|Iron Moth|\n|poke|p2|Great Tusk|\n|poke|p2|Bellibolt, M|\n|teampreview\n|inactive|Battle timer is ON: inactive players will automatically lose when time's up. (requested by Bub Testing)\n|\n|t:|1700366731\n|start\n|switch|p1a: Ogerpon|Ogerpon-Wellspring, F|100\/100\n|switch|p2a: Landorus|Landorus-Therian, M|100\/100\n|-ability|p2a: Landorus|Intimidate|boost\n|-unboost|p1a: Ogerpon|atk|1\n|turn|1\n|\n|t:|1700366740\n|move|p1a: Ogerpon|Swords Dance|p1a: Ogerpon\n|-boost|p1a: Ogerpon|atk|2\n|move|p2a: Landorus|Stealth Rock|p1a: Ogerpon\n|-sidestart|p1: Bub Testing|move: Stealth Rock\n|\n|upkeep\n|turn|2\n|\n|t:|1700366749\n|move|p1a: Ogerpon|Ivy Cudgel|p2a: Landorus|[anim] Ivy Cudgel Water\n|-supereffective|p2a: Landorus\n|-damage|p2a: Landorus|0 fnt\n|faint|p2a: Landorus\n|\n|upkeep\n|\n|t:|1700366756\n|switch|p2a: Dragapult|Dragapult, M, shiny|100\/100\n|turn|3\n|\n|t:|1700366769\n|-terastallize|p1a: Ogerpon|Water\n|detailschange|p1a: Ogerpon|Ogerpon-Wellspring-Tera, F, tera:Water\n|-ability|p1a: Ogerpon|Embody Aspect (Wellspring)|boost\n|-boost|p1a: Ogerpon|spd|1\n|move|p2a: Dragapult|Thunder Wave|p1a: Ogerpon\n|-status|p1a: Ogerpon|par\n|cant|p1a: Ogerpon|par\n|\n|upkeep\n|turn|4\n|\n|t:|1700366779\n|move|p2a: Dragapult|Dragon Dance|p2a: Dragapult\n|-boost|p2a: Dragapult|atk|1\n|-boost|p2a: Dragapult|spe|1\n|move|p1a: Ogerpon|Ivy Cudgel|p2a: Dragapult|[anim] Ivy Cudgel Water\n|-resisted|p2a: Dragapult\n|-damage|p2a: Dragapult|17\/100\n|\n|upkeep\n|turn|5\n|\n|t:|1700366790\n|move|p2a: Dragapult|Dragon Darts|p1a: Ogerpon\n|-damage|p1a: Ogerpon|45\/100 par\n|-anim|p2a: Dragapult|Dragon Darts|p1a: Ogerpon\n|-damage|p1a: Ogerpon|0 fnt\n|faint|p1a: Ogerpon\n|\n|upkeep\n|\n|t:|1700366793\n|switch|p1a: Zamazenta|Zamazenta|100\/100\n|-damage|p1a: Zamazenta|94\/100|[from] Stealth Rock\n|-ability|p1a: Zamazenta|Dauntless Shield|boost\n|-boost|p1a: Zamazenta|def|1\n|turn|6\n|\n|t:|1700366811\n|move|p2a: Dragapult|Dragon Darts|p1a: Zamazenta\n|-damage|p1a: Zamazenta|68\/100\n|-anim|p2a: Dragapult|Dragon Darts|p1a: Zamazenta\n|-damage|p1a: Zamazenta|41\/100\n|move|p1a: Zamazenta|Crunch|p2a: Dragapult\n|-supereffective|p2a: Dragapult\n|-damage|p2a: Dragapult|0 fnt\n|faint|p2a: Dragapult\n|\n|upkeep\n|\n|t:|1700366824\n|switch|p2a: Iron Moth|Iron Moth|100\/100\n|-enditem|p2a: Iron Moth|Booster Energy\n|-activate|p2a: Iron Moth|ability: Quark Drive|[fromitem]\n|-start|p2a: Iron Moth|quarkdrivespa\n|turn|7\n|\n|t:|1700366835\n|move|p1a: Zamazenta|Stone Edge|p2a: Iron Moth\n|-supereffective|p2a: Iron Moth\n|-damage|p2a: Iron Moth|0 fnt\n|faint|p2a: Iron Moth\n|-end|p2a: Iron Moth|Quark Drive|[silent]\n|\n|upkeep\n|\n|t:|1700366842\n|switch|p2a: Great Tusk|Great Tusk|100\/100\n|turn|8\n|\n|t:|1700366846\n|move|p2a: Great Tusk|Headlong Rush|p1a: Zamazenta\n|-damage|p1a: Zamazenta|4\/100\n|-unboost|p2a: Great Tusk|def|1\n|-unboost|p2a: Great Tusk|spd|1\n|move|p1a: Zamazenta|Close Combat|p2a: Great Tusk\n|-damage|p2a: Great Tusk|31\/100\n|-unboost|p1a: Zamazenta|def|1\n|-unboost|p1a: Zamazenta|spd|1\n|-enditem|p1a: Zamazenta|Eject Pack\n|\n|t:|1700366856\n|switch|p1a: Magnezone|Magnezone|100\/100\n|-damage|p1a: Magnezone|95\/100|[from] Stealth Rock\n|\n|upkeep\n|turn|9\n|\n|t:|1700366864\n|move|p2a: Great Tusk|Headlong Rush|p1a: Magnezone\n|-supereffective|p1a: Magnezone\n|-damage|p1a: Magnezone|0 fnt\n|-unboost|p2a: Great Tusk|def|1\n|-unboost|p2a: Great Tusk|spd|1\n|faint|p1a: Magnezone\n|\n|upkeep\n|\n|t:|1700366871\n|switch|p1a: Gholdengo|Gholdengo|100\/100\n|-damage|p1a: Gholdengo|94\/100|[from] Stealth Rock\n|turn|10\n|\n|t:|1700366875\n|move|p2a: Great Tusk|Headlong Rush|p1a: Gholdengo\n|-supereffective|p1a: Gholdengo\n|-damage|p1a: Gholdengo|10\/100\n|-unboost|p2a: Great Tusk|def|1\n|-unboost|p2a: Great Tusk|spd|1\n|move|p1a: Gholdengo|Shadow Ball|p2a: Great Tusk\n|-damage|p2a: Great Tusk|0 fnt\n|faint|p2a: Great Tusk\n|-end|p2a: Great Tusk|Protosynthesis|[silent]\n|\n|upkeep\n|\n|t:|1700366886\n|switch|p2a: Rillaboom|Rillaboom, F|100\/100\n|-fieldstart|move: Grassy Terrain|[from] ability: Grassy Surge|[of] p2a: Rillaboom\n|turn|11\n|\n|t:|1700366891\n|switch|p1a: Zamazenta|Zamazenta|4\/100\n|-damage|p1a: Zamazenta|0 fnt|[from] Stealth Rock\n|faint|p1a: Zamazenta\n|move|p2a: Rillaboom|Grassy Glide|p1: Zamazenta|[notarget]\n|-fail|p2a: Rillaboom\n|\n|upkeep\n|\n|t:|1700366894\n|switch|p1a: Cinderace|Cinderace, F|100\/100\n|turn|12\n|\n|t:|1700366901\n|switch|p2a: Bellibolt|Bellibolt, M|100\/100\n|move|p1a: Cinderace|Pyro Ball|p2a: Bellibolt\n|-damage|p2a: Bellibolt|61\/100\n|-start|p2a: Bellibolt|Charge|Pyro Ball|[from] ability: Electromorphosis\n|\n|-heal|p2a: Bellibolt|67\/100|[from] Grassy Terrain\n|upkeep\n|turn|13\n|\n|t:|1700366911\n|-terastallize|p2a: Bellibolt|Water\n|move|p1a: Cinderace|U-turn|p2a: Bellibolt\n|-start|p1a: Cinderace|typechange|Bug|[from] ability: Libero\n|-damage|p2a: Bellibolt|42\/100\n|-start|p2a: Bellibolt|Charge|U-turn|[from] ability: Electromorphosis\n|\n|t:|1700366917\n|switch|p1a: Slowking|Slowking-Galar, M|100\/100|[from] U-turn\n|move|p2a: Bellibolt|Parabolic Charge|p1a: Slowking\n|-damage|p1a: Slowking|62\/100\n|-heal|p2a: Bellibolt|69\/100|[from] drain|[of] p1a: Slowking\n|-end|p2a: Bellibolt|Charge|[silent]\n|\n|-heal|p2a: Bellibolt|75\/100|[from] Grassy Terrain\n|-heal|p1a: Slowking|68\/100|[from] Grassy Terrain\n|upkeep\n|turn|14\n|\n|t:|1700366928\n|move|p2a: Bellibolt|Acid Spray|p1a: Slowking\n|-resisted|p1a: Slowking\n|-damage|p1a: Slowking|65\/100\n|-unboost|p1a: Slowking|spd|2\n|move|p1a: Slowking|Future Sight|p2a: Bellibolt\n|-start|p1a: Slowking|move: Future Sight\n|\n|-heal|p2a: Bellibolt|81\/100|[from] Grassy Terrain\n|-heal|p1a: Slowking|71\/100|[from] Grassy Terrain\n|upkeep\n|turn|15\n|\n|t:|1700366938\n|move|p2a: Bellibolt|Chilling Water|p1a: Slowking\n|-damage|p1a: Slowking|39\/100\n|-unboost|p1a: Slowking|atk|1\n|move|p1a: Slowking|Chilly Reception|p1a: Slowking\n|-weather|Snow\n|\n|t:|1700366941\n|switch|p1a: Gholdengo|Gholdengo|10\/100|[from] Chilly Reception\n|-damage|p1a: Gholdengo|4\/100|[from] Stealth Rock\n|\n|-weather|Snow|[upkeep]\n|-heal|p1a: Gholdengo|10\/100|[from] Grassy Terrain\n|-heal|p2a: Bellibolt|87\/100|[from] Grassy Terrain\n|-fieldend|move: Grassy Terrain\n|upkeep\n|turn|16\n|\n|t:|1700366952\n|move|p2a: Bellibolt|Sucker Punch|p1a: Gholdengo\n|-supereffective|p1a: Gholdengo\n|-damage|p1a: Gholdengo|0 fnt\n|faint|p1a: Gholdengo\n|\n|-weather|Snow|[upkeep]\n|-end|p2a: Bellibolt|move: Future Sight\n|-damage|p2a: Bellibolt|29\/100\n|-start|p2a: Bellibolt|Charge|Future Sight|[from] ability: Electromorphosis\n|upkeep\n|\n|t:|1700366956\n|switch|p1a: Cinderace|Cinderace, F|100\/100\n|turn|17\n|\n|t:|1700366964\n|move|p1a: Cinderace|High Jump Kick|p2a: Bellibolt|[miss]\n|-start|p1a: Cinderace|typechange|Fighting|[from] ability: Libero\n|-miss|p1a: Cinderace|p2a: Bellibolt\n|-damage|p1a: Cinderace|51\/100|[from] highjumpkick\n|move|p2a: Bellibolt|Parabolic Charge|p1a: Cinderace\n|-crit|p1a: Cinderace\n|-damage|p1a: Cinderace|0 fnt\n|-heal|p2a: Bellibolt|56\/100|[from] drain|[of] p1a: Cinderace\n|faint|p1a: Cinderace\n|-end|p2a: Bellibolt|Charge|[silent]\n|\n|-weather|Snow|[upkeep]\n|upkeep\n|c|\u2606Bub Testing|brop\n|c|\u2606Bub Testing|you suck dick\n|-message|Bub Testing forfeited.\n|\n|win|ghxstwes\n|raw|Bub Testing's rating: 1261 &rarr; <strong>1239<\/strong><br \/>(-22 for losing)\n|raw|ghxstwes's rating: 1301 &rarr; <strong>1319<\/strong><br \/>(+18 for winning)\n","uploadtime":1700366971,"views":12,"p1id":"bubtesting","p2id":"ghxstwes","formatid":"gen9ou","rating":1239,"private":0,"password":""}