{"id":"gen9ou-1993021837","p1":"Harlequin_o7","p2":"Damnright","format":"[Gen 9] OU","log":"|j|\u2606Harlequin_o7\n|j|\u2606Damnright\n|inactive|Battle timer is ON: inactive players will automatically lose when time's up.\n|t:|1700256311\n|gametype|singles\n|player|p1|Harlequin_o7|red-gen1main|\n|player|p2|Damnright|mai|\n|teamsize|p1|4\n|teamsize|p2|4\n|gen|9\n|tier|[Gen 9] OU\n|rated|Tournament battle\n|rule|Sleep Clause Mod: Limit one foe put to sleep\n|rule|Species Clause: Limit one of each Pok\u00e9mon\n|rule|OHKO Clause: OHKO moves are banned\n|rule|Evasion Items Clause: Evasion items are banned\n|rule|Evasion Moves Clause: Evasion moves are banned\n|rule|Endless Battle Clause: Forcing endless battles is banned\n|rule|HP Percentage Mod: HP is shown in percentages\n|clearpoke\n|poke|p1|Rellor, M|\n|poke|p1|Wingull, M|\n|poke|p1|Stunky, M|\n|poke|p1|Dragapult, M|\n|poke|p2|Gulpin, F|\n|poke|p2|Wooper-Paldea, F|\n|poke|p2|Spoink, M|\n|poke|p2|Infernape, F|\n|teampreview\n|j|*Lady Monita \u2746\n|inactive|Harlequin_o7 also wants the timer to be on.\n|c|\u2606Damnright|dang dragapult\n|c|\u2606Damnright|oof\n|j| Pk Fire 2445\n|j| Zwellish\n|\n|t:|1700256321\n|start\n|switch|p1a: Wingull|Wingull, M|100\/100\n|switch|p2a: Gulpin|Gulpin, F|100\/100\n|turn|1\n|\n|t:|1700256325\n|move|p1a: Wingull|Hurricane|p2a: Gulpin\n|-damage|p2a: Gulpin|17\/100\n|move|p2a: Gulpin|Sludge Bomb|p1a: Wingull\n|-damage|p1a: Wingull|0 fnt\n|faint|p1a: Wingull\n|\n|upkeep\n|\n|t:|1700256333\n|switch|p1a: Stunky|Stunky, M|100\/100\n|turn|2\n|\n|t:|1700256335\n|move|p1a: Stunky|Sucker Punch|p2a: Gulpin\n|-damage|p2a: Gulpin|0 fnt\n|faint|p2a: Gulpin\n|\n|upkeep\n|\n|t:|1700256338\n|switch|p2a: Wooper|Wooper-Paldea, F|100\/100\n|turn|3\n|\n|t:|1700256354\n|move|p1a: Stunky|Explosion|p2a: Wooper\n|-damage|p2a: Wooper|57\/100\n|faint|p1a: Stunky\n|move|p2a: Wooper|Earthquake|p1: Stunky|[notarget]\n|-fail|p2a: Wooper\n|\n|upkeep\n|\n|t:|1700256362\n|switch|p1a: Dragapult|Dragapult, M|100\/100\n|turn|4\n|\n|t:|1700256365\n|move|p2a: Wooper|Protect|p2a: Wooper\n|-singleturn|p2a: Wooper|Protect\n|move|p1a: Dragapult|Shadow Ball|p2a: Wooper\n|-activate|p2a: Wooper|move: Protect\n|\n|upkeep\n|turn|5\n|\n|t:|1700256369\n|move|p1a: Dragapult|Shadow Ball|p2a: Wooper\n|-damage|p2a: Wooper|0 fnt\n|faint|p2a: Wooper\n|\n|upkeep\n|\n|t:|1700256377\n|switch|p2a: Spoink|Spoink, M|100\/100\n|turn|6\n|\n|t:|1700256389\n|move|p1a: Dragapult|Shadow Ball|p2a: Spoink\n|-supereffective|p2a: Spoink\n|-damage|p2a: Spoink|0 fnt\n|faint|p2a: Spoink\n|\n|upkeep\n|\n|t:|1700256402\n|switch|p2a: Infernape|Infernape, F|100\/100\n|turn|7\n|\n|t:|1700256411\n|switch|p1a: Rellor|Rellor, M|100\/100\n|-terastallize|p2a: Infernape|Fire\n|move|p2a: Infernape|Flare Blitz|p1a: Rellor\n|-supereffective|p1a: Rellor\n|-enditem|p1a: Rellor|Focus Sash\n|-damage|p1a: Rellor|1\/100\n|-damage|p2a: Infernape|68\/100|[from] Recoil\n|\n|upkeep\n|turn|8\n|\n|t:|1700256419\n|move|p2a: Infernape|Flare Blitz|p1a: Rellor\n|-supereffective|p1a: Rellor\n|-crit|p1a: Rellor\n|-damage|p1a: Rellor|0 fnt\n|faint|p1a: Rellor\n|-damage|p2a: Infernape|68\/100|[from] Recoil\n|\n|upkeep\n|\n|t:|1700256422\n|switch|p1a: Dragapult|Dragapult, M|100\/100\n|turn|9\n|j| DIMU179\n|\n|t:|1700256427\n|move|p1a: Dragapult|Draco Meteor|p2a: Infernape|[miss]\n|-miss|p1a: Dragapult|p2a: Infernape\n|move|p2a: Infernape|Flare Blitz|p1a: Dragapult\n|-resisted|p1a: Dragapult\n|-damage|p1a: Dragapult|28\/100\n|-damage|p2a: Infernape|42\/100|[from] Recoil\n|\n|upkeep\n|turn|10\n|c|\u2606Harlequin_o7|no way\n|\n|t:|1700256433\n|move|p1a: Dragapult|Draco Meteor|p2a: Infernape\n|-damage|p2a: Infernape|0 fnt\n|-unboost|p1a: Dragapult|spa|2\n|faint|p2a: Infernape\n|\n|win|Harlequin_o7\n|n|\u2606Harlequin_o7|harlequino7\n|n|\u2606Damnright|damnright\n|n|*Lady Monita \u2746|ladymonita\n|n| Pk Fire 2445|pkfire2445\n|n| Zwellish|zwellish\n|n| DIMU179|dimu179\n","uploadtime":1700256434,"views":11,"p1id":"harlequino7","p2id":"damnright","formatid":"gen9ou","rating":0,"private":0,"password":""}