{"id":"gen9ou-1996385711","p1":"VivaHonduras","p2":"Home is wild","format":"[Gen 9] OU","log":"|j|\u2606VivaHonduras\n|j|\u2606Home is wild\n|t:|1700677048\n|gametype|singles\n|player|p1|VivaHonduras|#wcop2023latinamerica|1722\n|player|p2|Home is wild|1|1833\n|teamsize|p1|6\n|teamsize|p2|6\n|gen|9\n|tier|[Gen 9] OU\n|rated|\n|rule|Sleep Clause Mod: Limit one foe put to sleep\n|rule|Species Clause: Limit one of each Pok\u00e9mon\n|rule|OHKO Clause: OHKO moves are banned\n|rule|Evasion Items Clause: Evasion items are banned\n|rule|Evasion Moves Clause: Evasion moves are banned\n|rule|Endless Battle Clause: Forcing endless battles is banned\n|rule|HP Percentage Mod: HP is shown in percentages\n|clearpoke\n|poke|p1|Sinistcha-Masterpiece|\n|poke|p1|Gholdengo|\n|poke|p1|Quaquaval, M|\n|poke|p1|Garganacl, M|\n|poke|p1|Garchomp, F|\n|poke|p1|Tornadus-Therian, M|\n|poke|p2|Cinderace, M|\n|poke|p2|Muk-Alola, F|\n|poke|p2|Dondozo, M|\n|poke|p2|Landorus-Therian, M|\n|poke|p2|Zamazenta-*|\n|poke|p2|Clefable, F|\n|teampreview\n|inactive|Battle timer is ON: inactive players will automatically lose when time's up. (requested by VivaHonduras)\n|j| FULKU\n|\n|t:|1700677073\n|start\n|switch|p1a: Tornadus|Tornadus-Therian, M|100\/100\n|switch|p2a: Clefable|Clefable, F|100\/100\n|turn|1\n|\n|t:|1700677078\n|move|p1a: Tornadus|Knock Off|p2a: Clefable\n|-resisted|p2a: Clefable\n|-damage|p2a: Clefable|93\/100\n|-enditem|p2a: Clefable|Sticky Barb|[from] move: Knock Off|[of] p1a: Tornadus\n|move|p2a: Clefable|Knock Off|p1a: Tornadus\n|-damage|p1a: Tornadus|79\/100\n|-enditem|p1a: Tornadus|Assault Vest|[from] move: Knock Off|[of] p2a: Clefable\n|\n|upkeep\n|turn|2\n|\n|t:|1700677088\n|move|p1a: Tornadus|U-turn|p2a: Clefable\n|-resisted|p2a: Clefable\n|-damage|p2a: Clefable|88\/100\n|\n|t:|1700677089\n|switch|p1a: Gholdengo|Gholdengo|100\/100|[from] U-turn\n|move|p2a: Clefable|Wish|p2a: Clefable\n|\n|upkeep\n|turn|3\n|\n|t:|1700677094\n|switch|p2a: Muk|Muk-Alola, F|100\/100\n|move|p1a: Gholdengo|Trick|p2a: Muk\n|-activate|p1a: Gholdengo|move: Trick|[of] p2a: Muk\n|-item|p2a: Muk|Choice Scarf|[from] move: Trick\n|-item|p1a: Gholdengo|Leftovers|[from] move: Trick\n|\n|upkeep\n|turn|4\n|\n|t:|1700677105\n|switch|p1a: Garganacl|Garganacl, M|100\/100\n|move|p2a: Muk|Knock Off|p1a: Garganacl\n|-damage|p1a: Garganacl|79\/100\n|-enditem|p1a: Garganacl|Leftovers|[from] move: Knock Off|[of] p2a: Muk\n|\n|upkeep\n|turn|5\n|\n|t:|1700677111\n|switch|p2a: Clefable|Clefable, F|88\/100\n|switch|p1a: Gholdengo|Gholdengo|100\/100\n|\n|upkeep\n|turn|6\n|\n|t:|1700677116\n|switch|p2a: Muk|Muk-Alola, F|100\/100\n|move|p1a: Gholdengo|Make It Rain|p2a: Muk\n|-damage|p2a: Muk|61\/100\n|-unboost|p1a: Gholdengo|spa|1\n|\n|upkeep\n|turn|7\n|\n|t:|1700677120\n|switch|p1a: Garganacl|Garganacl, M|79\/100\n|move|p2a: Muk|Knock Off|p1a: Garganacl\n|-damage|p1a: Garganacl|62\/100\n|\n|upkeep\n|turn|8\n|j| Ruinous Tusk\n|\n|t:|1700677123\n|switch|p2a: Clefable|Clefable, F|88\/100\n|move|p1a: Garganacl|Recover|p1a: Garganacl\n|-heal|p1a: Garganacl|100\/100\n|\n|upkeep\n|turn|9\n|\n|t:|1700677127\n|switch|p1a: Gholdengo|Gholdengo|100\/100\n|move|p2a: Clefable|Wish|p2a: Clefable\n|\n|upkeep\n|turn|10\n|\n|t:|1700677131\n|switch|p1a: Garchomp|Garchomp, F|100\/100\n|switch|p2a: Muk|Muk-Alola, F|61\/100\n|\n|-heal|p2a: Muk|100\/100|[from] move: Wish|[wisher] Clefable\n|upkeep\n|turn|11\n|\n|t:|1700677135\n|switch|p2a: Landorus|Landorus-Therian, M|100\/100\n|-ability|p2a: Landorus|Intimidate|boost\n|-unboost|p1a: Garchomp|atk|1\n|move|p1a: Garchomp|Stealth Rock|p2a: Landorus\n|-sidestart|p2: Home is wild|move: Stealth Rock\n|\n|upkeep\n|turn|12\n|\n|t:|1700677137\n|move|p1a: Garchomp|Spikes|p2a: Landorus\n|-sidestart|p2: Home is wild|Spikes\n|move|p2a: Landorus|Stealth Rock|p1a: Garchomp\n|-sidestart|p1: VivaHonduras|move: Stealth Rock\n|\n|upkeep\n|turn|13\n|\n|t:|1700677141\n|move|p1a: Garchomp|Spikes|p2a: Landorus\n|-sidestart|p2: Home is wild|Spikes\n|move|p2a: Landorus|Earthquake|p1a: Garchomp\n|-damage|p1a: Garchomp|60\/100\n|\n|upkeep\n|turn|14\n|j| qiuw\n|\n|t:|1700677150\n|switch|p1a: Tornadus|Tornadus-Therian, M|100\/100\n|-damage|p1a: Tornadus|76\/100|[from] Stealth Rock\n|move|p2a: Landorus|U-turn|p1a: Tornadus\n|-resisted|p1a: Tornadus\n|-damage|p1a: Tornadus|63\/100\n|\n|t:|1700677152\n|switch|p2a: Cinderace|Cinderace, M|100\/100|[from] U-turn\n|\n|upkeep\n|turn|15\n|\n|t:|1700677156\n|move|p2a: Cinderace|Pyro Ball|p1a: Tornadus\n|-crit|p1a: Tornadus\n|-damage|p1a: Tornadus|0 fnt\n|faint|p1a: Tornadus\n|\n|upkeep\n|\n|t:|1700677159\n|switch|p1a: Quaquaval|Quaquaval, M|100\/100\n|turn|16\n|\n|t:|1700677163\n|move|p2a: Cinderace|U-turn|p1a: Quaquaval\n|-resisted|p1a: Quaquaval\n|-crit|p1a: Quaquaval\n|-damage|p1a: Quaquaval|84\/100\n|\n|t:|1700677165\n|switch|p2a: Dondozo|Dondozo, M|100\/100|[from] U-turn\n|-damage|p2a: Dondozo|88\/100|[from] Stealth Rock\n|-damage|p2a: Dondozo|71\/100|[from] Spikes\n|move|p1a: Quaquaval|Aqua Step|p2a: Dondozo\n|-resisted|p2a: Dondozo\n|-damage|p2a: Dondozo|62\/100\n|-boost|p1a: Quaquaval|spe|1\n|\n|-heal|p2a: Dondozo|68\/100|[from] item: Leftovers\n|upkeep\n|turn|17\n|\n|t:|1700677169\n|move|p1a: Quaquaval|Rapid Spin|p2a: Dondozo\n|-damage|p2a: Dondozo|60\/100\n|-boost|p1a: Quaquaval|spe|1\n|-sideend|p1: VivaHonduras|Stealth Rock|[from] move: Rapid Spin|[of] p1a: Quaquaval\n|move|p2a: Dondozo|Body Press|p1a: Quaquaval\n|-damage|p1a: Quaquaval|53\/100\n|\n|-heal|p2a: Dondozo|66\/100|[from] item: Leftovers\n|upkeep\n|turn|18\n|\n|t:|1700677171\n|move|p1a: Quaquaval|Roost|p1a: Quaquaval\n|-heal|p1a: Quaquaval|100\/100\n|-singleturn|p1a: Quaquaval|move: Roost\n|move|p2a: Dondozo|Body Press|p1a: Quaquaval\n|-damage|p1a: Quaquaval|67\/100\n|\n|-heal|p2a: Dondozo|72\/100|[from] item: Leftovers\n|upkeep\n|turn|19\n|\n|t:|1700677174\n|move|p1a: Quaquaval|Close Combat|p2a: Dondozo\n|-damage|p2a: Dondozo|43\/100\n|-unboost|p1a: Quaquaval|def|1\n|-unboost|p1a: Quaquaval|spd|1\n|move|p2a: Dondozo|Curse|p2a: Dondozo\n|-unboost|p2a: Dondozo|spe|1\n|-boost|p2a: Dondozo|atk|1\n|-boost|p2a: Dondozo|def|1\n|\n|-heal|p2a: Dondozo|50\/100|[from] item: Leftovers\n|upkeep\n|turn|20\n|\n|t:|1700677178\n|switch|p1a: Sinistcha|Sinistcha-Masterpiece|100\/100\n|move|p2a: Dondozo|Body Press|p1a: Sinistcha\n|-immune|p1a: Sinistcha\n|\n|-heal|p2a: Dondozo|56\/100|[from] item: Leftovers\n|upkeep\n|turn|21\n|\n|t:|1700677184\n|switch|p1a: Garchomp|Garchomp, F|60\/100\n|move|p2a: Dondozo|Protect||[still]\n|-fail|p2a: Dondozo\n|\n|-heal|p2a: Dondozo|62\/100|[from] item: Leftovers\n|upkeep\n|turn|22\n|\n|t:|1700677188\n|move|p2a: Dondozo|Protect|p2a: Dondozo\n|-singleturn|p2a: Dondozo|Protect\n|move|p1a: Garchomp|Dragon Tail|p2a: Dondozo\n|-activate|p2a: Dondozo|move: Protect\n|\n|-heal|p2a: Dondozo|68\/100|[from] item: Leftovers\n|upkeep\n|turn|23\n|\n|t:|1700677191\n|move|p2a: Dondozo|Body Press|p1a: Garchomp\n|-damage|p1a: Garchomp|28\/100\n|-damage|p2a: Dondozo|55\/100|[from] ability: Rough Skin|[of] p1a: Garchomp\n|-damage|p2a: Dondozo|39\/100|[from] item: Rocky Helmet|[of] p1a: Garchomp\n|move|p1a: Garchomp|Dragon Tail|p2a: Dondozo\n|-damage|p2a: Dondozo|32\/100\n|drag|p2a: Landorus|Landorus-Therian, M|100\/100\n|-damage|p2a: Landorus|88\/100|[from] Stealth Rock\n|-ability|p2a: Landorus|Intimidate|boost\n|-unboost|p1a: Garchomp|atk|1\n|\n|upkeep\n|turn|24\n|\n|t:|1700677196\n|switch|p1a: Quaquaval|Quaquaval, M|67\/100\n|move|p2a: Landorus|Earthquake|p1a: Quaquaval\n|-damage|p1a: Quaquaval|15\/100\n|\n|upkeep\n|turn|25\n|\n|t:|1700677201\n|move|p1a: Quaquaval|Roost|p1a: Quaquaval\n|-heal|p1a: Quaquaval|65\/100\n|-singleturn|p1a: Quaquaval|move: Roost\n|move|p2a: Landorus|Earthquake|p1a: Quaquaval\n|-damage|p1a: Quaquaval|9\/100\n|\n|upkeep\n|turn|26\n|\n|t:|1700677207\n|move|p1a: Quaquaval|Aqua Step|p2a: Landorus\n|-supereffective|p2a: Landorus\n|-damage|p2a: Landorus|25\/100\n|-boost|p1a: Quaquaval|spe|1\n|-damage|p1a: Quaquaval|0 fnt|[from] item: Rocky Helmet|[of] p2a: Landorus\n|faint|p1a: Quaquaval\n|move|p2a: Landorus|Earthquake|p1: Quaquaval|[notarget]\n|-fail|p2a: Landorus\n|\n|upkeep\n|\n|t:|1700677214\n|switch|p1a: Sinistcha|Sinistcha-Masterpiece|100\/100\n|turn|27\n|\n|t:|1700677217\n|move|p2a: Landorus|U-turn|p1a: Sinistcha\n|-damage|p1a: Sinistcha|86\/100\n|-enditem|p1a: Sinistcha|Kee Berry|[eat]\n|-boost|p1a: Sinistcha|def|1|[from] item: Kee Berry\n|\n|t:|1700677219\n|switch|p2a: Cinderace|Cinderace, M|100\/100|[from] U-turn\n|move|p1a: Sinistcha|Calm Mind|p1a: Sinistcha\n|-boost|p1a: Sinistcha|spa|1\n|-boost|p1a: Sinistcha|spd|1\n|\n|upkeep\n|turn|28\n|\n|t:|1700677225\n|move|p2a: Cinderace|Will-O-Wisp|p1a: Sinistcha\n|-status|p1a: Sinistcha|brn\n|move|p1a: Sinistcha|Strength Sap|p2a: Cinderace\n|-unboost|p2a: Cinderace|atk|1\n|-heal|p1a: Sinistcha|100\/100 brn\n|\n|-damage|p1a: Sinistcha|98\/100 brn|[from] brn\n|upkeep\n|turn|29\n|j| PLLV51 Cos\n|\n|t:|1700677229\n|move|p2a: Cinderace|Court Change|p2a: Cinderace\n|-swapsideconditions\n|-activate|p2a: Cinderace|move: Court Change\n|move|p1a: Sinistcha|Calm Mind|p1a: Sinistcha\n|-boost|p1a: Sinistcha|spa|1\n|-boost|p1a: Sinistcha|spd|1\n|\n|-damage|p1a: Sinistcha|95\/100 brn|[from] brn\n|upkeep\n|turn|30\n|\n|t:|1700677234\n|switch|p2a: Dondozo|Dondozo, M|32\/100\n|move|p1a: Sinistcha|Strength Sap|p2a: Dondozo\n|-unboost|p2a: Dondozo|atk|1\n|-heal|p1a: Sinistcha|100\/100 brn\n|\n|-heal|p2a: Dondozo|38\/100|[from] item: Leftovers\n|-damage|p1a: Sinistcha|98\/100 brn|[from] brn\n|upkeep\n|turn|31\n|\n|t:|1700677237\n|move|p2a: Dondozo|Protect|p2a: Dondozo\n|-singleturn|p2a: Dondozo|Protect\n|move|p1a: Sinistcha|Matcha Gotcha|p2a: Dondozo\n|-activate|p2a: Dondozo|move: Protect\n|\n|-heal|p2a: Dondozo|44\/100|[from] item: Leftovers\n|-damage|p1a: Sinistcha|95\/100 brn|[from] brn\n|upkeep\n|turn|32\n|\n|t:|1700677240\n|-terastallize|p2a: Dondozo|Dragon\n|move|p1a: Sinistcha|Matcha Gotcha|p2a: Dondozo|[miss]\n|-miss|p1a: Sinistcha|p2a: Dondozo\n|move|p2a: Dondozo|Curse|p2a: Dondozo\n|-unboost|p2a: Dondozo|spe|1\n|-boost|p2a: Dondozo|atk|1\n|-boost|p2a: Dondozo|def|1\n|\n|-heal|p2a: Dondozo|50\/100|[from] item: Leftovers\n|-damage|p1a: Sinistcha|92\/100 brn|[from] brn\n|upkeep\n|turn|33\n|\n|t:|1700677243\n|move|p2a: Dondozo|Protect|p2a: Dondozo\n|-singleturn|p2a: Dondozo|Protect\n|move|p1a: Sinistcha|Shadow Ball|p2a: Dondozo\n|-activate|p2a: Dondozo|move: Protect\n|\n|-heal|p2a: Dondozo|56\/100|[from] item: Leftovers\n|-damage|p1a: Sinistcha|89\/100 brn|[from] brn\n|upkeep\n|turn|34\n|\n|t:|1700677247\n|switch|p2a: Muk|Muk-Alola, F|100\/100\n|move|p1a: Sinistcha|Shadow Ball|p2a: Muk\n|-resisted|p2a: Muk\n|-damage|p2a: Muk|81\/100\n|-unboost|p2a: Muk|spd|1\n|\n|-damage|p1a: Sinistcha|86\/100 brn|[from] brn\n|upkeep\n|turn|35\n|\n|t:|1700677252\n|move|p2a: Muk|Knock Off|p1a: Sinistcha\n|-supereffective|p1a: Sinistcha\n|-damage|p1a: Sinistcha|65\/100 brn\n|move|p1a: Sinistcha|Strength Sap|p2a: Muk\n|-unboost|p2a: Muk|atk|1\n|-heal|p1a: Sinistcha|100\/100 brn\n|\n|-damage|p1a: Sinistcha|98\/100 brn|[from] brn\n|upkeep\n|turn|36\n|\n|t:|1700677262\n|switch|p2a: Dondozo|Dondozo, M, tera:Dragon|56\/100\n|move|p1a: Sinistcha|Shadow Ball|p2a: Dondozo\n|-damage|p2a: Dondozo|26\/100\n|\n|-heal|p2a: Dondozo|33\/100|[from] item: Leftovers\n|-damage|p1a: Sinistcha|95\/100 brn|[from] brn\n|upkeep\n|turn|37\n|\n|t:|1700677270\n|move|p2a: Dondozo|Protect|p2a: Dondozo\n|-singleturn|p2a: Dondozo|Protect\n|move|p1a: Sinistcha|Calm Mind|p1a: Sinistcha\n|-boost|p1a: Sinistcha|spa|1\n|-boost|p1a: Sinistcha|spd|1\n|\n|-heal|p2a: Dondozo|39\/100|[from] item: Leftovers\n|-damage|p1a: Sinistcha|92\/100 brn|[from] brn\n|upkeep\n|turn|38\n|\n|t:|1700677277\n|switch|p2a: Muk|Muk-Alola, F|81\/100\n|move|p1a: Sinistcha|Shadow Ball|p2a: Muk\n|-resisted|p2a: Muk\n|-damage|p2a: Muk|56\/100\n|\n|-damage|p1a: Sinistcha|89\/100 brn|[from] brn\n|upkeep\n|turn|39\n|\n|t:|1700677279\n|move|p2a: Muk|Taunt|p1a: Sinistcha\n|-start|p1a: Sinistcha|move: Taunt\n|cant|p1a: Sinistcha|move: Taunt|Strength Sap\n|\n|-damage|p1a: Sinistcha|86\/100 brn|[from] brn\n|upkeep\n|turn|40\n|\n|t:|1700677286\n|switch|p2a: Cinderace|Cinderace, M|100\/100\n|move|p1a: Sinistcha|Shadow Ball|p2a: Cinderace\n|-damage|p2a: Cinderace|10\/100\n|\n|-damage|p1a: Sinistcha|83\/100 brn|[from] brn\n|upkeep\n|turn|41\n|\n|t:|1700677289\n|move|p2a: Cinderace|Pyro Ball|p1a: Sinistcha\n|-supereffective|p1a: Sinistcha\n|-damage|p1a: Sinistcha|46\/100 brn\n|move|p1a: Sinistcha|Matcha Gotcha|p2a: Cinderace\n|-resisted|p2a: Cinderace\n|-damage|p2a: Cinderace|0 fnt\n|-heal|p1a: Sinistcha|51\/100 brn|[from] drain|[of] p2a: Cinderace\n|faint|p2a: Cinderace\n|\n|-damage|p1a: Sinistcha|48\/100 brn|[from] brn\n|-end|p1a: Sinistcha|move: Taunt\n|upkeep\n|\n|t:|1700677295\n|switch|p2a: Muk|Muk-Alola, F|56\/100\n|turn|42\n|\n|t:|1700677301\n|move|p2a: Muk|Taunt|p1a: Sinistcha\n|-start|p1a: Sinistcha|move: Taunt\n|move|p1a: Sinistcha|Matcha Gotcha|p2a: Muk\n|-resisted|p2a: Muk\n|-crit|p2a: Muk\n|-damage|p2a: Muk|18\/100\n|-heal|p1a: Sinistcha|71\/100 brn|[from] drain|[of] p2a: Muk\n|\n|-damage|p1a: Sinistcha|68\/100 brn|[from] brn\n|upkeep\n|turn|43\n|\n|t:|1700677309\n|switch|p2a: Landorus|Landorus-Therian, M|25\/100\n|-ability|p2a: Landorus|Intimidate|boost\n|-unboost|p1a: Sinistcha|atk|1\n|move|p1a: Sinistcha|Matcha Gotcha|p2a: Landorus\n|-damage|p2a: Landorus|0 fnt\n|-heal|p1a: Sinistcha|82\/100 brn|[from] drain|[of] p2a: Landorus\n|faint|p2a: Landorus\n|\n|-damage|p1a: Sinistcha|79\/100 brn|[from] brn\n|upkeep\n|\n|t:|1700677311\n|switch|p2a: Zamazenta|Zamazenta|100\/100\n|-ability|p2a: Zamazenta|Dauntless Shield|boost\n|-boost|p2a: Zamazenta|def|1\n|turn|44\n|\n|t:|1700677313\n|move|p2a: Zamazenta|Crunch|p1a: Sinistcha\n|-supereffective|p1a: Sinistcha\n|-damage|p1a: Sinistcha|60\/100 brn\n|move|p1a: Sinistcha|Matcha Gotcha|p2a: Zamazenta\n|-damage|p2a: Zamazenta|33\/100\n|-heal|p1a: Sinistcha|98\/100 brn|[from] drain|[of] p2a: Zamazenta\n|\n|-heal|p2a: Zamazenta|39\/100|[from] item: Leftovers\n|-damage|p1a: Sinistcha|95\/100 brn|[from] brn\n|-end|p1a: Sinistcha|move: Taunt\n|upkeep\n|turn|45\n|-message|Home is wild forfeited.\n|\n|win|VivaHonduras\n|raw|VivaHonduras's rating: 1722 &rarr; <strong>1748<\/strong><br \/>(+26 for winning)\n|raw|Home is wild's rating: 1833 &rarr; <strong>1807<\/strong><br \/>(-26 for losing)\n|l|\u2606Home is wild\n","uploadtime":1700677324,"views":6,"p1id":"vivahonduras","p2id":"homeiswild","formatid":"gen9ou","rating":1748,"private":0,"password":""}