{"id":"gen9ou-1993840641","p1":"TheZalmancer","p2":"WaTeR121","format":"[Gen 9] OU","log":"|j|\u2606TheZalmancer\n|j|\u2606WaTeR121\n|t:|1700363869\n|gametype|singles\n|player|p1|TheZalmancer|skyla|1241\n|player|p2|WaTeR121|unknown|1346\n|teamsize|p1|6\n|teamsize|p2|6\n|gen|9\n|tier|[Gen 9] OU\n|rated|\n|rule|Sleep Clause Mod: Limit one foe put to sleep\n|rule|Species Clause: Limit one of each Pok\u00e9mon\n|rule|OHKO Clause: OHKO moves are banned\n|rule|Evasion Items Clause: Evasion items are banned\n|rule|Evasion Moves Clause: Evasion moves are banned\n|rule|Endless Battle Clause: Forcing endless battles is banned\n|rule|HP Percentage Mod: HP is shown in percentages\n|clearpoke\n|poke|p1|Ogerpon-Wellspring, F|\n|poke|p1|Ninetales-Alola, F|\n|poke|p1|Corviknight, M|\n|poke|p1|Slowking-Galar, M|\n|poke|p1|Hydreigon, F|\n|poke|p1|Ditto|\n|poke|p2|Alomomola, F|\n|poke|p2|Slowking-Galar, F|\n|poke|p2|Mamoswine, F|\n|poke|p2|Dragapult, M|\n|poke|p2|Iron Valiant|\n|poke|p2|Amoonguss, M|\n|teampreview\n|inactive|Battle timer is ON: inactive players will automatically lose when time's up. (requested by WaTeR121)\n|\n|t:|1700363878\n|start\n|switch|p1a: Hydreigon|Hydreigon, F|100\/100\n|switch|p2a: Dragapult|Dragapult, M|100\/100\n|turn|1\n|\n|t:|1700363884\n|move|p2a: Dragapult|U-turn|p1a: Hydreigon\n|-supereffective|p1a: Hydreigon\n|-damage|p1a: Hydreigon|67\/100\n|\n|t:|1700363892\n|switch|p2a: Slowking|Slowking-Galar, F|100\/100|[from] U-turn\n|move|p1a: Hydreigon|Thunder Wave|p2a: Slowking\n|-status|p2a: Slowking|par\n|\n|upkeep\n|turn|2\n|\n|t:|1700363900\n|switch|p2a: Amoonguss|Amoonguss, M|100\/100\n|move|p1a: Hydreigon|Taunt|p2a: Amoonguss\n|-start|p2a: Amoonguss|move: Taunt\n|\n|upkeep\n|turn|3\n|\n|t:|1700363909\n|move|p1a: Hydreigon|Stealth Rock|p2a: Amoonguss\n|-sidestart|p2: WaTeR121|move: Stealth Rock\n|move|p2a: Amoonguss|Giga Drain|p1a: Hydreigon\n|-resisted|p1a: Hydreigon\n|-damage|p1a: Hydreigon|55\/100\n|\n|upkeep\n|turn|4\n|\n|t:|1700363915\n|move|p1a: Hydreigon|Thunder Wave|p2a: Amoonguss\n|-status|p2a: Amoonguss|par\n|move|p2a: Amoonguss|Giga Drain|p1a: Hydreigon\n|-resisted|p1a: Hydreigon\n|-damage|p1a: Hydreigon|44\/100\n|\n|-end|p2a: Amoonguss|move: Taunt\n|upkeep\n|turn|5\n|\n|t:|1700363924\n|switch|p2a: Slowking|Slowking-Galar, F|100\/100 par\n|-damage|p2a: Slowking|88\/100 par|[from] Stealth Rock\n|move|p1a: Hydreigon|Taunt|p2a: Slowking\n|-start|p2a: Slowking|move: Taunt\n|\n|-heal|p2a: Slowking|94\/100 par|[from] item: Leftovers\n|upkeep\n|turn|6\n|\n|t:|1700363933\n|move|p1a: Hydreigon|Draco Meteor|p2a: Slowking\n|-damage|p2a: Slowking|61\/100 par\n|-unboost|p1a: Hydreigon|spa|2\n|move|p2a: Slowking|Ice Beam|p1a: Hydreigon\n|-supereffective|p1a: Hydreigon\n|-damage|p1a: Hydreigon|0 fnt\n|faint|p1a: Hydreigon\n|\n|-heal|p2a: Slowking|67\/100 par|[from] item: Leftovers\n|upkeep\n|\n|t:|1700363943\n|switch|p1a: Ninetales|Ninetales-Alola, F, shiny|100\/100\n|-weather|Snow|[from] ability: Snow Warning|[of] p1a: Ninetales\n|turn|7\n|\n|t:|1700363947\n|move|p1a: Ninetales|Aurora Veil|p1a: Ninetales\n|-sidestart|p1: TheZalmancer|move: Aurora Veil\n|move|p2a: Slowking|Future Sight|p1a: Ninetales\n|-start|p2a: Slowking|move: Future Sight\n|\n|-weather|Snow|[upkeep]\n|-heal|p2a: Slowking|73\/100 par|[from] item: Leftovers\n|-end|p2a: Slowking|move: Taunt\n|upkeep\n|turn|8\n|\n|t:|1700363952\n|move|p1a: Ninetales|Encore|p2a: Slowking\n|-start|p2a: Slowking|Encore\n|cant|p2a: Slowking|par\n|\n|-weather|Snow|[upkeep]\n|-heal|p2a: Slowking|79\/100 par|[from] item: Leftovers\n|upkeep\n|turn|9\n|\n|t:|1700363965\n|switch|p1a: Slowking|Slowking-Galar, M|100\/100\n|switch|p2a: Mamoswine|Mamoswine, F|100\/100\n|\n|-weather|Snow|[upkeep]\n|-end|p1a: Slowking|move: Future Sight\n|-crit|p1a: Slowking\n|-damage|p1a: Slowking|51\/100\n|-heal|p1a: Slowking|57\/100|[from] item: Leftovers\n|upkeep\n|turn|10\n|\n|t:|1700363977\n|switch|p1a: Corviknight|Corviknight, M, shiny|100\/100\n|move|p2a: Mamoswine|Knock Off|p1a: Corviknight\n|-damage|p1a: Corviknight|89\/100\n|-enditem|p1a: Corviknight|Leftovers|[from] move: Knock Off|[of] p2a: Mamoswine\n|\n|-weather|Snow|[upkeep]\n|upkeep\n|turn|11\n|\n|t:|1700363998\n|switch|p2a: Slowking|Slowking-Galar, F|100\/100 par\n|-damage|p2a: Slowking|88\/100 par|[from] Stealth Rock\n|move|p1a: Corviknight|Iron Head|p2a: Slowking\n|-damage|p2a: Slowking|63\/100 par\n|\n|-weather|none\n|-heal|p2a: Slowking|70\/100 par|[from] item: Leftovers\n|upkeep\n|turn|12\n|\n|t:|1700364028\n|move|p1a: Corviknight|Iron Head|p2a: Slowking\n|-damage|p2a: Slowking|45\/100 par\n|cant|p2a: Slowking|flinch\n|\n|-heal|p2a: Slowking|51\/100 par|[from] item: Leftovers\n|upkeep\n|turn|13\n|\n|t:|1700364037\n|move|p1a: Corviknight|U-turn|p2a: Slowking\n|-damage|p2a: Slowking|35\/100 par\n|\n|t:|1700364048\n|switch|p1a: Slowking|Slowking-Galar, M|90\/100|[from] U-turn\n|move|p2a: Slowking|Future Sight|p1a: Slowking\n|-start|p2a: Slowking|move: Future Sight\n|\n|-heal|p1a: Slowking|96\/100|[from] item: Leftovers\n|-heal|p2a: Slowking|41\/100 par|[from] item: Leftovers\n|upkeep\n|turn|14\n|\n|t:|1700364060\n|move|p1a: Slowking|Shadow Ball|p2a: Slowking\n|-supereffective|p2a: Slowking\n|-crit|p2a: Slowking\n|-damage|p2a: Slowking|0 fnt\n|faint|p2a: Slowking\n|\n|-heal|p1a: Slowking|100\/100|[from] item: Leftovers\n|-sideend|p1: TheZalmancer|move: Aurora Veil\n|upkeep\n|-message|WaTeR121 forfeited.\n|\n|win|TheZalmancer\n|raw|TheZalmancer's rating: 1241 &rarr; <strong>1273<\/strong><br \/>(+32 for winning)\n|raw|WaTeR121's rating: 1346 &rarr; <strong>1320<\/strong><br \/>(-26 for losing)\n|l|\u2606WaTeR121\n|c|\u2606TheZalmancer|ggs\n|c|\u2606TheZalmancer|bye bye\n","uploadtime":1700364086,"views":11,"p1id":"thezalmancer","p2id":"water121","formatid":"gen9ou","rating":1273,"private":0,"password":""}