{"id":"gen9ou-1997568900","p1":"ahiss","p2":"Aftermonkey","format":"[Gen 9] OU","log":"|j|\u2606ahiss\n|j|\u2606Aftermonkey\n|t:|1700826850\n|gametype|singles\n|player|p1|ahiss|li|1069\n|player|p2|Aftermonkey|colress|1046\n|teamsize|p1|6\n|teamsize|p2|6\n|gen|9\n|tier|[Gen 9] OU\n|rated|\n|rule|Sleep Clause Mod: Limit one foe put to sleep\n|rule|Species Clause: Limit one of each Pok\u00e9mon\n|rule|OHKO Clause: OHKO moves are banned\n|rule|Evasion Items Clause: Evasion items are banned\n|rule|Evasion Moves Clause: Evasion moves are banned\n|rule|Endless Battle Clause: Forcing endless battles is banned\n|rule|HP Percentage Mod: HP is shown in percentages\n|clearpoke\n|poke|p1|Furret, M|\n|poke|p1|Golem, M|\n|poke|p1|Chandelure, M|\n|poke|p1|Pawmot, F|\n|poke|p1|Gyarados, M|\n|poke|p1|Dusclops, M|\n|poke|p2|Slowbro-Galar, M|\n|poke|p2|Ninetales-Alola, F|\n|poke|p2|Cetitan, F|\n|poke|p2|Ting-Lu|\n|poke|p2|Brambleghast, M|\n|poke|p2|Frosmoth, M|\n|teampreview\n|inactive|Battle timer is ON: inactive players will automatically lose when time's up. (requested by Aftermonkey)\n|\n|t:|1700826868\n|start\n|switch|p1a: Golem|Golem, M|100\/100\n|switch|p2a: Ninetales|Ninetales-Alola, F|100\/100\n|-weather|Snow|[from] ability: Snow Warning|[of] p2a: Ninetales\n|turn|1\n|\n|t:|1700826876\n|move|p2a: Ninetales|Aurora Veil|p2a: Ninetales\n|-sidestart|p2: Aftermonkey|move: Aurora Veil\n|move|p1a: Golem|Rock Tomb|p2a: Ninetales\n|-supereffective|p2a: Ninetales\n|-damage|p2a: Ninetales|65\/100\n|-unboost|p2a: Ninetales|spe|1\n|\n|-weather|Snow|[upkeep]\n|upkeep\n|turn|2\n|\n|t:|1700826890\n|switch|p2a: Ting-Lu|Ting-Lu|100\/100\n|-ability|p2a: Ting-Lu|Vessel of Ruin\n|move|p1a: Golem|Stealth Rock|p2a: Ting-Lu\n|-sidestart|p2: Aftermonkey|move: Stealth Rock\n|\n|-weather|Snow|[upkeep]\n|upkeep\n|turn|3\n|\n|t:|1700826899\n|move|p1a: Golem|Earthquake|p2a: Ting-Lu\n|-damage|p2a: Ting-Lu|87\/100\n|move|p2a: Ting-Lu|Earthquake|p1a: Golem\n|-supereffective|p1a: Golem\n|-damage|p1a: Golem|13\/100\n|\n|-weather|Snow|[upkeep]\n|upkeep\n|turn|4\n|\n|t:|1700826916\n|switch|p1a: Gyarados|Gyarados, M|100\/100\n|-ability|p1a: Gyarados|Intimidate|boost\n|-unboost|p2a: Ting-Lu|atk|1\n|move|p2a: Ting-Lu|Stealth Rock|p1a: Gyarados\n|-sidestart|p1: ahiss|move: Stealth Rock\n|\n|-weather|Snow|[upkeep]\n|upkeep\n|turn|5\n|\n|t:|1700826929\n|switch|p2a: Brambleghast|Brambleghast, M|100\/100\n|-damage|p2a: Brambleghast|88\/100|[from] Stealth Rock\n|move|p1a: Gyarados|Dragon Tail|p2a: Brambleghast\n|-damage|p2a: Brambleghast|77\/100\n|drag|p2a: Slowbro|Slowbro-Galar, M|100\/100\n|-damage|p2a: Slowbro|88\/100|[from] Stealth Rock\n|\n|-weather|none\n|upkeep\n|turn|6\n|\n|t:|1700826943\n|move|p1a: Gyarados|Earthquake|p2a: Slowbro\n|-supereffective|p2a: Slowbro\n|-damage|p2a: Slowbro|65\/100\n|move|p2a: Slowbro|Shell Side Arm|p1a: Gyarados|[anim] Shell Side Arm Special\n|-damage|p1a: Gyarados|61\/100\n|-hint|Special Shell Side Arm\n|\n|-heal|p1a: Gyarados|67\/100|[from] item: Leftovers\n|upkeep\n|turn|7\n|-activate|p2a: Slowbro|ability: Quick Draw\n|\n|t:|1700826955\n|move|p2a: Slowbro|Psychic|p1a: Gyarados\n|-damage|p1a: Gyarados|31\/100\n|-unboost|p1a: Gyarados|spd|1\n|move|p1a: Gyarados|Dragon Tail|p2a: Slowbro\n|-damage|p2a: Slowbro|58\/100\n|drag|p2a: Cetitan|Cetitan, F|100\/100\n|-damage|p2a: Cetitan|76\/100|[from] Stealth Rock\n|\n|-heal|p2a: Cetitan|82\/100|[from] item: Leftovers\n|-heal|p1a: Gyarados|37\/100|[from] item: Leftovers\n|upkeep\n|turn|8\n|\n|t:|1700826972\n|move|p2a: Cetitan|Ice Shard|p1a: Gyarados\n|-damage|p1a: Gyarados|22\/100\n|move|p1a: Gyarados|Thunder Wave|p2a: Cetitan\n|-status|p2a: Cetitan|par\n|\n|-heal|p1a: Gyarados|28\/100|[from] item: Leftovers\n|-heal|p2a: Cetitan|88\/100 par|[from] item: Leftovers\n|-sideend|p2: Aftermonkey|move: Aurora Veil\n|upkeep\n|turn|9\n|\n|t:|1700826984\n|move|p2a: Cetitan|Icicle Spear|p1a: Gyarados\n|-damage|p1a: Gyarados|18\/100\n|-damage|p1a: Gyarados|8\/100\n|-damage|p1a: Gyarados|0 fnt\n|faint|p1a: Gyarados\n|-hitcount|p1: Gyarados|3\n|\n|-heal|p2a: Cetitan|94\/100 par|[from] item: Leftovers\n|upkeep\n|\n|t:|1700826993\n|switch|p1a: Furret|Furret, M|100\/100\n|-damage|p1a: Furret|88\/100|[from] Stealth Rock\n|-item|p2a: Cetitan|Leftovers|[from] ability: Frisk|[of] p1a: Furret|[identify]\n|turn|10\n|\n|t:|1700826999\n|move|p1a: Furret|Tidy Up|p1a: Furret\n|-sideend|p1: ahiss|Stealth Rock\n|-sideend|p2: Aftermonkey|Stealth Rock\n|-activate|p1a: Furret|move: Tidy Up\n|-boost|p1a: Furret|atk|1\n|-boost|p1a: Furret|spe|1\n|move|p2a: Cetitan|Belly Drum|p2a: Cetitan\n|-damage|p2a: Cetitan|44\/100 par\n|-setboost|p2a: Cetitan|atk|6|[from] move: Belly Drum\n|\n|-heal|p2a: Cetitan|50\/100 par|[from] item: Leftovers\n|upkeep\n|turn|11\n|inactive|ahiss has 120 seconds left.\n|\n|t:|1700827027\n|cant|p2a: Cetitan|par\n|move|p1a: Furret|Knock Off|p2a: Cetitan\n|-crit|p2a: Cetitan\n|-damage|p2a: Cetitan|0 fnt\n|-enditem|p2a: Cetitan|Leftovers|[from] move: Knock Off|[of] p1a: Furret\n|faint|p2a: Cetitan\n|\n|upkeep\n|\n|t:|1700827034\n|switch|p2a: Ninetales|Ninetales-Alola, F|65\/100\n|-weather|Snow|[from] ability: Snow Warning|[of] p2a: Ninetales\n|turn|12\n|\n|t:|1700827041\n|move|p1a: Furret|Double-Edge|p2a: Ninetales\n|-damage|p2a: Ninetales|0 fnt\n|faint|p2a: Ninetales\n|-damage|p1a: Furret|68\/100|[from] Recoil\n|\n|-weather|Snow|[upkeep]\n|upkeep\n|\n|t:|1700827063\n|switch|p2a: Frosmoth|Frosmoth, M|100\/100\n|turn|13\n|\n|t:|1700827069\n|move|p1a: Furret|Double-Edge|p2a: Frosmoth\n|-damage|p2a: Frosmoth|22\/100\n|-damage|p1a: Furret|45\/100|[from] Recoil\n|move|p2a: Frosmoth|Quiver Dance|p2a: Frosmoth\n|-boost|p2a: Frosmoth|spa|1\n|-boost|p2a: Frosmoth|spd|1\n|-boost|p2a: Frosmoth|spe|1\n|\n|-weather|Snow|[upkeep]\n|upkeep\n|turn|14\n|\n|t:|1700827084\n|move|p1a: Furret|Double-Edge|p2a: Frosmoth\n|-damage|p2a: Frosmoth|0 fnt\n|faint|p2a: Frosmoth\n|-damage|p1a: Furret|39\/100|[from] Recoil\n|\n|-weather|Snow|[upkeep]\n|upkeep\n|\n|t:|1700827086\n|switch|p2a: Brambleghast|Brambleghast, M|77\/100\n|turn|15\n|\n|t:|1700827094\n|move|p1a: Furret|Knock Off|p2a: Brambleghast\n|-supereffective|p2a: Brambleghast\n|-damage|p2a: Brambleghast|0 fnt\n|-enditem|p2a: Brambleghast|Leftovers|[from] move: Knock Off|[of] p1a: Furret\n|faint|p2a: Brambleghast\n|\n|-weather|Snow|[upkeep]\n|upkeep\n|\n|t:|1700827096\n|switch|p2a: Slowbro|Slowbro-Galar, M|58\/100\n|turn|16\n|\n|t:|1700827106\n|move|p1a: Furret|Knock Off|p2a: Slowbro\n|-supereffective|p2a: Slowbro\n|-damage|p2a: Slowbro|0 fnt\n|-enditem|p2a: Slowbro|Quick Claw|[from] move: Knock Off|[of] p1a: Furret\n|faint|p2a: Slowbro\n|\n|-weather|none\n|upkeep\n|\n|t:|1700827109\n|switch|p2a: Ting-Lu|Ting-Lu|87\/100\n|-ability|p2a: Ting-Lu|Vessel of Ruin\n|turn|17\n|\n|t:|1700827118\n|move|p1a: Furret|U-turn|p2a: Ting-Lu\n|-supereffective|p2a: Ting-Lu\n|-damage|p2a: Ting-Lu|61\/100\n|-damage|p1a: Furret|22\/100|[from] item: Rocky Helmet|[of] p2a: Ting-Lu\n|\n|t:|1700827122\n|switch|p1a: Dusclops|Dusclops, M|100\/100|[from] U-turn\n|-item|p2a: Ting-Lu|Rocky Helmet|[from] ability: Frisk|[of] p1a: Dusclops|[identify]\n|move|p2a: Ting-Lu|Earthquake|p1a: Dusclops\n|-damage|p1a: Dusclops|65\/100\n|\n|upkeep\n|turn|18\n|\n|t:|1700827131\n|move|p2a: Ting-Lu|Stone Edge|p1a: Dusclops\n|-damage|p1a: Dusclops|44\/100\n|move|p1a: Dusclops|Will-O-Wisp|p2a: Ting-Lu\n|-status|p2a: Ting-Lu|brn\n|\n|-damage|p2a: Ting-Lu|55\/100 brn|[from] brn\n|upkeep\n|turn|19\n|-message|Aftermonkey forfeited.\n|\n|win|ahiss\n|raw|ahiss's rating: 1069 &rarr; <strong>1097<\/strong><br \/>(+28 for winning)\n|raw|Aftermonkey's rating: 1046 &rarr; <strong>1030<\/strong><br \/>(-16 for losing)\n|l|\u2606Aftermonkey\n","uploadtime":1700827169,"views":4,"p1id":"ahiss","p2id":"aftermonkey","formatid":"gen9ou","rating":1030,"private":0,"password":""}