{"id":"gen9ou-1988477693","p1":"Edmontondragonrush","p2":"AupartPlay","format":"[Gen 9] OU","log":"|j|\u2606Edmontondragonrush\n|j|\u2606AupartPlay\n|t:|1699727177\n|gametype|singles\n|player|p1|Edmontondragonrush|bruno|1191\n|player|p2|AupartPlay|ingo|1233\n|teamsize|p1|6\n|teamsize|p2|6\n|gen|9\n|tier|[Gen 9] OU\n|rated|\n|rule|Sleep Clause Mod: Limit one foe put to sleep\n|rule|Species Clause: Limit one of each Pok\u00e9mon\n|rule|OHKO Clause: OHKO moves are banned\n|rule|Evasion Items Clause: Evasion items are banned\n|rule|Evasion Moves Clause: Evasion moves are banned\n|rule|Endless Battle Clause: Forcing endless battles is banned\n|rule|HP Percentage Mod: HP is shown in percentages\n|clearpoke\n|poke|p1|Zamazenta-*|\n|poke|p1|Slowking-Galar, F|\n|poke|p1|Scizor, F|\n|poke|p1|Hippowdon, M|\n|poke|p1|Iron Valiant|\n|poke|p1|Chandelure, M|\n|poke|p2|Enamorus, F|\n|poke|p2|Zamazenta-*|\n|poke|p2|Ceruledge, F|\n|poke|p2|Coalossal, F|\n|poke|p2|Rillaboom, F|\n|poke|p2|Samurott-Hisui, F|\n|teampreview\n|inactive|Battle timer is ON: inactive players will automatically lose when time's up. (requested by Edmontondragonrush)\n|\n|t:|1699727187\n|start\n|switch|p1a: Zamazenta|Zamazenta, shiny|100\/100\n|switch|p2a: Samurott|Samurott-Hisui, F|100\/100\n|-ability|p1a: Zamazenta|Dauntless Shield|boost\n|-boost|p1a: Zamazenta|def|1\n|turn|1\n|\n|t:|1699727195\n|-terastallize|p1a: Zamazenta|Fighting\n|move|p2a: Samurott|Flip Turn|p1a: Zamazenta\n|-damage|p1a: Zamazenta|83\/100\n|\n|t:|1699727200\n|switch|p2a: Enamorus|Enamorus, F|100\/100|[from] Flip Turn\n|move|p1a: Zamazenta|Close Combat|p2a: Enamorus\n|-resisted|p2a: Enamorus\n|-damage|p2a: Enamorus|53\/100\n|-unboost|p1a: Zamazenta|def|1\n|-unboost|p1a: Zamazenta|spd|1\n|\n|upkeep\n|turn|2\n|\n|t:|1699727209\n|switch|p1a: Scizor|Scizor, F|100\/100\n|move|p2a: Enamorus|Moonblast|p1a: Scizor\n|-resisted|p1a: Scizor\n|-damage|p1a: Scizor|60\/100\n|-damage|p2a: Enamorus|43\/100|[from] item: Life Orb\n|\n|upkeep\n|turn|3\n|\n|t:|1699727218\n|switch|p2a: Ceruledge|Ceruledge, F|100\/100\n|move|p1a: Scizor|Bullet Punch|p2a: Ceruledge\n|-resisted|p2a: Ceruledge\n|-damage|p2a: Ceruledge|67\/100\n|\n|upkeep\n|turn|4\n|\n|t:|1699727227\n|switch|p1a: Hippowdon|Hippowdon, M|100\/100\n|-weather|Sandstorm|[from] ability: Sand Stream|[of] p1a: Hippowdon\n|move|p2a: Ceruledge|Poltergeist|p1a: Hippowdon\n|-activate|p1a: Hippowdon|move: Poltergeist|Leftovers\n|-damage|p1a: Hippowdon|47\/100\n|\n|-weather|Sandstorm|[upkeep]\n|-damage|p2a: Ceruledge|61\/100|[from] Sandstorm\n|-heal|p1a: Hippowdon|54\/100|[from] item: Leftovers\n|upkeep\n|turn|5\n|\n|t:|1699727243\n|-terastallize|p2a: Ceruledge|Ghost\n|move|p2a: Ceruledge|Poltergeist|p1a: Hippowdon\n|-activate|p1a: Hippowdon|move: Poltergeist|Leftovers\n|-damage|p1a: Hippowdon|0 fnt\n|faint|p1a: Hippowdon\n|\n|-weather|Sandstorm|[upkeep]\n|-damage|p2a: Ceruledge|55\/100|[from] Sandstorm\n|upkeep\n|\n|t:|1699727251\n|switch|p1a: Chandelure|Chandelure, M|100\/100\n|turn|6\n|\n|t:|1699727257\n|switch|p2a: Samurott|Samurott-Hisui, F|100\/100\n|move|p1a: Chandelure|Shadow Ball|p2a: Samurott\n|-resisted|p2a: Samurott\n|-damage|p2a: Samurott|67\/100\n|\n|-weather|Sandstorm|[upkeep]\n|-damage|p2a: Samurott|60\/100|[from] Sandstorm\n|-damage|p1a: Chandelure|94\/100|[from] Sandstorm\n|upkeep\n|turn|7\n|\n|t:|1699727266\n|switch|p1a: Scizor|Scizor, F|60\/100\n|move|p2a: Samurott|Ceaseless Edge|p1a: Scizor\n|-damage|p1a: Scizor|19\/100\n|-sidestart|p1: Edmontondragonrush|Spikes\n|\n|-weather|Sandstorm|[upkeep]\n|-damage|p2a: Samurott|54\/100|[from] Sandstorm\n|upkeep\n|turn|8\n|\n|t:|1699727275\n|move|p1a: Scizor|Bullet Punch|p2a: Samurott\n|-resisted|p2a: Samurott\n|-damage|p2a: Samurott|19\/100\n|move|p2a: Samurott|Ceaseless Edge|p1a: Scizor\n|-damage|p1a: Scizor|0 fnt\n|-sidestart|p1: Edmontondragonrush|Spikes\n|faint|p1a: Scizor\n|\n|-weather|none\n|upkeep\n|\n|t:|1699727280\n|switch|p1a: Zamazenta|Zamazenta, shiny, tera:Fighting|83\/100\n|-damage|p1a: Zamazenta|66\/100|[from] Spikes\n|turn|9\n|\n|t:|1699727297\n|move|p2a: Samurott|Ceaseless Edge|p1a: Zamazenta\n|-resisted|p1a: Zamazenta\n|-damage|p1a: Zamazenta|44\/100\n|-sidestart|p1: Edmontondragonrush|Spikes\n|move|p1a: Zamazenta|Heavy Slam|p2a: Samurott\n|-resisted|p2a: Samurott\n|-damage|p2a: Samurott|0 fnt\n|faint|p2a: Samurott\n|\n|upkeep\n|\n|t:|1699727306\n|switch|p2a: Enamorus|Enamorus, F|43\/100\n|turn|10\n|\n|t:|1699727311\n|move|p1a: Zamazenta|Heavy Slam|p2a: Enamorus\n|-supereffective|p2a: Enamorus\n|-damage|p2a: Enamorus|0 fnt\n|faint|p2a: Enamorus\n|\n|upkeep\n|\n|t:|1699727320\n|switch|p2a: Rillaboom|Rillaboom, F|100\/100\n|-fieldstart|move: Grassy Terrain|[from] ability: Grassy Surge|[of] p2a: Rillaboom\n|turn|11\n|\n|t:|1699727324\n|move|p1a: Zamazenta|Heavy Slam|p2a: Rillaboom\n|-damage|p2a: Rillaboom|80\/100\n|move|p2a: Rillaboom|Swords Dance|p2a: Rillaboom\n|-boost|p2a: Rillaboom|atk|2\n|\n|-heal|p1a: Zamazenta|51\/100|[from] Grassy Terrain\n|-heal|p2a: Rillaboom|87\/100|[from] Grassy Terrain\n|-heal|p2a: Rillaboom|93\/100|[from] item: Leftovers\n|upkeep\n|turn|12\n|\n|t:|1699727336\n|move|p1a: Zamazenta|Heavy Slam|p2a: Rillaboom\n|-damage|p2a: Rillaboom|72\/100\n|move|p2a: Rillaboom|Leech Seed|p1a: Zamazenta\n|-start|p1a: Zamazenta|move: Leech Seed\n|\n|-heal|p1a: Zamazenta|57\/100|[from] Grassy Terrain\n|-heal|p2a: Rillaboom|78\/100|[from] Grassy Terrain\n|-heal|p2a: Rillaboom|84\/100|[from] item: Leftovers\n|-damage|p1a: Zamazenta|44\/100|[from] Leech Seed|[of] p2a: Rillaboom\n|-heal|p2a: Rillaboom|94\/100|[silent]\n|upkeep\n|turn|13\n|\n|t:|1699727350\n|switch|p1a: Chandelure|Chandelure, M|94\/100\n|-damage|p1a: Chandelure|69\/100|[from] Spikes\n|move|p2a: Rillaboom|Grassy Glide|p1a: Chandelure\n|-resisted|p1a: Chandelure\n|-damage|p1a: Chandelure|28\/100\n|\n|-heal|p1a: Chandelure|34\/100|[from] Grassy Terrain\n|-heal|p2a: Rillaboom|100\/100|[from] Grassy Terrain\n|upkeep\n|turn|14\n|\n|t:|1699727361\n|move|p2a: Rillaboom|Grassy Glide|p1a: Chandelure\n|-resisted|p1a: Chandelure\n|-damage|p1a: Chandelure|0 fnt\n|faint|p1a: Chandelure\n|\n|upkeep\n|\n|t:|1699727365\n|switch|p1a: Slowking|Slowking-Galar, F|100\/100\n|-damage|p1a: Slowking|76\/100|[from] Spikes\n|turn|15\n|\n|t:|1699727375\n|move|p2a: Rillaboom|Leech Seed|p1a: Slowking\n|-start|p1a: Slowking|move: Leech Seed\n|move|p1a: Slowking|Flamethrower|p2a: Rillaboom\n|-supereffective|p2a: Rillaboom\n|-damage|p2a: Rillaboom|43\/100\n|\n|-heal|p2a: Rillaboom|49\/100|[from] Grassy Terrain\n|-heal|p2a: Rillaboom|55\/100|[from] item: Leftovers\n|-heal|p1a: Slowking|82\/100|[from] Grassy Terrain\n|-damage|p1a: Slowking|69\/100|[from] Leech Seed|[of] p2a: Rillaboom\n|-heal|p2a: Rillaboom|67\/100|[silent]\n|-fieldend|move: Grassy Terrain\n|upkeep\n|turn|16\n|\n|t:|1699727391\n|switch|p2a: Coalossal|Coalossal, F|100\/100\n|move|p1a: Slowking|Sludge Bomb|p2a: Coalossal\n|-resisted|p2a: Coalossal\n|-damage|p2a: Coalossal|89\/100\n|\n|-heal|p2a: Coalossal|95\/100|[from] item: Leftovers\n|-damage|p1a: Slowking|57\/100|[from] Leech Seed|[of] p2a: Coalossal\n|-heal|p2a: Coalossal|100\/100|[silent]\n|upkeep\n|turn|17\n|\n|t:|1699727401\n|move|p1a: Slowking|Surf|p2a: Coalossal\n|-supereffective|p2a: Coalossal\n|-damage|p2a: Coalossal|35\/100\n|move|p2a: Coalossal|Stealth Rock|p1a: Slowking\n|-sidestart|p1: Edmontondragonrush|move: Stealth Rock\n|\n|-heal|p2a: Coalossal|41\/100|[from] item: Leftovers\n|-damage|p1a: Slowking|44\/100|[from] Leech Seed|[of] p2a: Coalossal\n|-heal|p2a: Coalossal|53\/100|[silent]\n|upkeep\n|turn|18\n|\n|t:|1699727412\n|move|p1a: Slowking|Surf|p2a: Coalossal\n|-supereffective|p2a: Coalossal\n|-damage|p2a: Coalossal|0 fnt\n|faint|p2a: Coalossal\n|\n|upkeep\n|\n|t:|1699727417\n|switch|p2a: Ceruledge|Ceruledge, F, tera:Ghost|55\/100\n|turn|19\n|\n|t:|1699727427\n|move|p2a: Ceruledge|Bitter Blade|p1a: Slowking\n|-damage|p1a: Slowking|0 fnt\n|-heal|p2a: Ceruledge|85\/100|[from] drain|[of] p1a: Slowking\n|faint|p1a: Slowking\n|\n|upkeep\n|\n|t:|1699727436\n|switch|p1a: Iron Valiant|Iron Valiant|100\/100\n|-damage|p1a: Iron Valiant|76\/100|[from] Spikes\n|-damage|p1a: Iron Valiant|69\/100|[from] Stealth Rock\n|turn|20\n|\n|t:|1699727463\n|switch|p2a: Zamazenta|Zamazenta|100\/100\n|-ability|p2a: Zamazenta|Dauntless Shield|boost\n|-boost|p2a: Zamazenta|def|1\n|move|p1a: Iron Valiant|Shadow Ball|p2a: Zamazenta\n|-damage|p2a: Zamazenta|70\/100\n|\n|-heal|p2a: Zamazenta|76\/100|[from] item: Leftovers\n|upkeep\n|turn|21\n|\n|t:|1699727473\n|-end|p1a: Iron Valiant|Quark Drive|[silent]\n|switch|p1a: Zamazenta|Zamazenta, shiny, tera:Fighting|44\/100\n|-damage|p1a: Zamazenta|20\/100|[from] Spikes\n|-damage|p1a: Zamazenta|13\/100|[from] Stealth Rock\n|move|p2a: Zamazenta|Heavy Slam|p1a: Zamazenta\n|-damage|p1a: Zamazenta|3\/100\n|\n|-heal|p2a: Zamazenta|82\/100|[from] item: Leftovers\n|upkeep\n|turn|22\n|\n|t:|1699727485\n|move|p1a: Zamazenta|Crunch|p2a: Zamazenta\n|-resisted|p2a: Zamazenta\n|-damage|p2a: Zamazenta|73\/100\n|move|p2a: Zamazenta|Substitute|p2a: Zamazenta\n|-start|p2a: Zamazenta|Substitute\n|-damage|p2a: Zamazenta|48\/100\n|\n|-heal|p2a: Zamazenta|55\/100|[from] item: Leftovers\n|upkeep\n|turn|23\n|\n|t:|1699727494\n|move|p1a: Zamazenta|Crunch|p2a: Zamazenta\n|-resisted|p2a: Zamazenta\n|-activate|p2a: Zamazenta|move: Substitute|[damage]\n|move|p2a: Zamazenta|Heavy Slam|p1a: Zamazenta\n|-damage|p1a: Zamazenta|0 fnt\n|faint|p1a: Zamazenta\n|\n|-heal|p2a: Zamazenta|61\/100|[from] item: Leftovers\n|upkeep\n|-message|Edmontondragonrush forfeited.\n|\n|win|AupartPlay\n|raw|Edmontondragonrush's rating: 1191 &rarr; <strong>1169<\/strong><br \/>(-22 for losing)\n|raw|AupartPlay's rating: 1233 &rarr; <strong>1255<\/strong><br \/>(+22 for winning)\n|l|\u2606Edmontondragonrush\n","uploadtime":1699727508,"views":15,"p1id":"edmontondragonrush","p2id":"aupartplay","formatid":"gen9ou","rating":1169,"private":0,"password":""}