{"id":"gen9ou-1988626649","p1":"el dibu martinez","p2":"Scalonetapibe","format":"[Gen 9] OU","log":"|j|\u2606el dibu martinez\n|j|\u2606Scalonetapibe\n|t:|1699743519\n|gametype|singles\n|player|p1|el dibu martinez|#losjuegosdelazarii|\n|player|p2|Scalonetapibe|bruno|\n|teamsize|p1|6\n|teamsize|p2|6\n|gen|9\n|tier|[Gen 9] OU\n|rule|Sleep Clause Mod: Limit one foe put to sleep\n|rule|Species Clause: Limit one of each Pok\u00e9mon\n|rule|OHKO Clause: OHKO moves are banned\n|rule|Evasion Items Clause: Evasion items are banned\n|rule|Evasion Moves Clause: Evasion moves are banned\n|rule|Endless Battle Clause: Forcing endless battles is banned\n|rule|HP Percentage Mod: HP is shown in percentages\n|clearpoke\n|poke|p1|Iron Moth|\n|poke|p1|Kommo-o, F|\n|poke|p1|Ninetales-Alola, F|\n|poke|p1|Ogerpon-Wellspring, F|\n|poke|p1|Kingambit, M|\n|poke|p1|Great Tusk|\n|poke|p2|Manaphy|\n|poke|p2|Cinderace, F|\n|poke|p2|Cresselia, F|\n|poke|p2|Ditto|\n|poke|p2|Heatran, M|\n|poke|p2|Toxapex, F|\n|teampreview\n|inactive|Battle timer is ON: inactive players will automatically lose when time's up. (requested by Scalonetapibe)\n|inactiveoff|Battle timer is now OFF.\n|c|\u2606el dibu martinez|lindo team rey\n|c|\u2606el dibu martinez|gl\n|j| TaqueroBurrito\n|j| Im Cokita\n|j| MeWhenNovember\n|c|\u2606Scalonetapibe|Glhf\n|c| MeWhenNovember|esto de que es?\n|\n|t:|1699743585\n|start\n|switch|p1a: Great Tusk|Great Tusk|100\/100\n|switch|p2a: Cinderace|Cinderace, F|100\/100\n|turn|1\n|c| MeWhenNovember|empezamos fuerte\n|\n|t:|1699743600\n|move|p2a: Cinderace|Will-O-Wisp|p1a: Great Tusk\n|-status|p1a: Great Tusk|brn\n|move|p1a: Great Tusk|Headlong Rush|p2a: Cinderace\n|-supereffective|p2a: Cinderace\n|-damage|p2a: Cinderace|28\/100\n|-unboost|p1a: Great Tusk|def|1\n|-unboost|p1a: Great Tusk|spd|1\n|\n|-damage|p1a: Great Tusk|94\/100 brn|[from] brn\n|upkeep\n|turn|2\n|\n|t:|1699743606\n|move|p2a: Cinderace|U-turn|p1a: Great Tusk\n|-resisted|p1a: Great Tusk\n|-damage|p1a: Great Tusk|85\/100 brn\n|\n|t:|1699743609\n|switch|p2a: Heatran|Heatran, M|100\/100|[from] U-turn\n|-item|p2a: Heatran|Air Balloon\n|move|p1a: Great Tusk|Stealth Rock|p2a: Heatran\n|-sidestart|p2: Scalonetapibe|move: Stealth Rock\n|\n|-damage|p1a: Great Tusk|78\/100 brn|[from] brn\n|upkeep\n|turn|3\n|\n|t:|1699743630\n|switch|p2a: Locomotora|Cresselia, F, shiny|100\/100\n|-damage|p2a: Locomotora|88\/100|[from] Stealth Rock\n|move|p1a: Great Tusk|Rapid Spin|p2a: Locomotora\n|-damage|p2a: Locomotora|83\/100\n|-boost|p1a: Great Tusk|spe|1\n|\n|-heal|p2a: Locomotora|89\/100|[from] item: Leftovers\n|-damage|p1a: Great Tusk|72\/100 brn|[from] brn\n|upkeep\n|turn|4\n|\n|t:|1699743638\n|-end|p1a: Great Tusk|Protosynthesis|[silent]\n|switch|p1a: Kingambit|Kingambit, M|100\/100\n|move|p2a: Locomotora|Calm Mind|p2a: Locomotora\n|-boost|p2a: Locomotora|spa|1\n|-boost|p2a: Locomotora|spd|1\n|\n|-heal|p2a: Locomotora|95\/100|[from] item: Leftovers\n|upkeep\n|turn|5\n|\n|t:|1699743663\n|-end|p1a: Kingambit|fallenundefined|[silent]\n|switch|p1a: Ninetales|Ninetales-Alola, F|100\/100\n|-weather|Snow|[from] ability: Snow Warning|[of] p1a: Ninetales\n|-terastallize|p2a: Locomotora|Fighting\n|move|p2a: Locomotora|Tera Blast|p1a: Ninetales|[anim] Tera Blast Fighting\n|-damage|p1a: Ninetales|70\/100\n|\n|-weather|Snow|[upkeep]\n|-heal|p2a: Locomotora|100\/100|[from] item: Leftovers\n|upkeep\n|turn|6\n|c| TaqueroBurrito|Ufff\n|\n|t:|1699743677\n|move|p1a: Ninetales|Encore|p2a: Locomotora\n|-start|p2a: Locomotora|Encore\n|move|p2a: Locomotora|Tera Blast|p1a: Ninetales|[anim] Tera Blast Fighting\n|-damage|p1a: Ninetales|37\/100\n|\n|-weather|Snow|[upkeep]\n|upkeep\n|turn|7\n|c| MeWhenNovember|tremendo tera\n|\n|t:|1699743684\n|move|p1a: Ninetales|Aurora Veil|p1a: Ninetales\n|-sidestart|p1: el dibu martinez|move: Aurora Veil\n|move|p2a: Locomotora|Tera Blast|p1a: Ninetales|[anim] Tera Blast Fighting\n|-damage|p1a: Ninetales|21\/100\n|\n|-weather|Snow|[upkeep]\n|upkeep\n|turn|8\n|\n|t:|1699743687\n|switch|p1a: Iron Moth|Iron Moth|100\/100\n|-enditem|p1a: Iron Moth|Booster Energy\n|-activate|p1a: Iron Moth|ability: Quark Drive|[fromitem]\n|-start|p1a: Iron Moth|quarkdrivespe\n|move|p2a: Locomotora|Tera Blast|p1a: Iron Moth|[anim] Tera Blast Fighting\n|-resisted|p1a: Iron Moth\n|-damage|p1a: Iron Moth|92\/100\n|\n|-weather|Snow|[upkeep]\n|-end|p2a: Locomotora|Encore\n|upkeep\n|turn|9\n|\n|t:|1699743697\n|-end|p1a: Iron Moth|Quark Drive|[silent]\n|switch|p1a: Ninetales|Ninetales-Alola, F|21\/100\n|move|p2a: Locomotora|Calm Mind|p2a: Locomotora\n|-boost|p2a: Locomotora|spa|1\n|-boost|p2a: Locomotora|spd|1\n|\n|-weather|none\n|upkeep\n|turn|10\n|\n|t:|1699743706\n|switch|p2a: Cinderace|Cinderace, F|28\/100\n|move|p1a: Ninetales|Encore||[still]\n|-fail|p1a: Ninetales\n|\n|upkeep\n|turn|11\n|\n|t:|1699743710\n|switch|p1a: Great Tusk|Great Tusk|72\/100 brn\n|move|p2a: Cinderace|Court Change|p2a: Cinderace\n|-swapsideconditions\n|-activate|p2a: Cinderace|move: Court Change\n|\n|-damage|p1a: Great Tusk|66\/100 brn|[from] brn\n|upkeep\n|turn|12\n|\n|t:|1699743716\n|move|p2a: Cinderace|U-turn|p1a: Great Tusk\n|-resisted|p1a: Great Tusk\n|-damage|p1a: Great Tusk|59\/100 brn\n|\n|t:|1699743723\n|switch|p2a: Manaphy|Manaphy|100\/100|[from] U-turn\n|move|p1a: Great Tusk|Rapid Spin|p2a: Manaphy\n|-damage|p2a: Manaphy|97\/100\n|-boost|p1a: Great Tusk|spe|1\n|-sideend|p1: el dibu martinez|Stealth Rock|[from] move: Rapid Spin|[of] p1a: Great Tusk\n|\n|-heal|p2a: Manaphy|100\/100|[from] item: Leftovers\n|-damage|p1a: Great Tusk|53\/100 brn|[from] brn\n|upkeep\n|turn|13\n|\n|t:|1699743730\n|-end|p1a: Great Tusk|Protosynthesis|[silent]\n|switch|p1a: Ogerpon|Ogerpon-Wellspring, F|100\/100\n|switch|p2a: Cinderace|Cinderace, F|28\/100\n|\n|upkeep\n|turn|14\n|c| TaqueroBurrito|Vaya gaming\n|\n|t:|1699743755\n|switch|p1a: Iron Moth|Iron Moth|92\/100\n|move|p2a: Cinderace|U-turn|p1a: Iron Moth\n|-resisted|p1a: Iron Moth\n|-damage|p1a: Iron Moth|86\/100\n|\n|t:|1699743763\n|switch|p2a: Locomotora|Cresselia, F, shiny, tera:Fighting|100\/100|[from] U-turn\n|\n|-sideend|p2: Scalonetapibe|move: Aurora Veil\n|upkeep\n|turn|15\n|\n|t:|1699743786\n|move|p1a: Iron Moth|Fiery Dance|p2a: Locomotora\n|-crit|p2a: Locomotora\n|-damage|p2a: Locomotora|61\/100\n|-boost|p1a: Iron Moth|spa|1\n|move|p2a: Locomotora|Stored Power|p1a: Iron Moth\n|-supereffective|p1a: Iron Moth\n|-damage|p1a: Iron Moth|76\/100\n|\n|-heal|p2a: Locomotora|67\/100|[from] item: Leftovers\n|upkeep\n|turn|16\n|\n|t:|1699743792\n|move|p1a: Iron Moth|Dazzling Gleam|p2a: Locomotora\n|-supereffective|p2a: Locomotora\n|-damage|p2a: Locomotora|13\/100\n|move|p2a: Locomotora|Calm Mind|p2a: Locomotora\n|-boost|p2a: Locomotora|spa|1\n|-boost|p2a: Locomotora|spd|1\n|\n|-heal|p2a: Locomotora|19\/100|[from] item: Leftovers\n|upkeep\n|turn|17\n|\n|t:|1699743799\n|switch|p2a: Ryan Toxling|Toxapex, F, shiny|100\/100\n|move|p1a: Iron Moth|Dazzling Gleam|p2a: Ryan Toxling\n|-resisted|p2a: Ryan Toxling\n|-damage|p2a: Ryan Toxling|88\/100\n|\n|upkeep\n|turn|18\n|\n|t:|1699743806\n|move|p1a: Iron Moth|Substitute|p1a: Iron Moth\n|-start|p1a: Iron Moth|Substitute\n|-damage|p1a: Iron Moth|51\/100\n|move|p2a: Ryan Toxling|Toxic||[still]\n|-fail|p2a: Ryan Toxling\n|\n|upkeep\n|turn|19\n|c| MeWhenNovember|ryan toxling\n|\n|t:|1699743810\n|move|p1a: Iron Moth|Fiery Dance|p2a: Ryan Toxling\n|-resisted|p2a: Ryan Toxling\n|-damage|p2a: Ryan Toxling|69\/100\n|move|p2a: Ryan Toxling|Infestation|p1a: Iron Moth\n|-resisted|p1a: Iron Moth\n|-activate|p1a: Iron Moth|move: Substitute|[damage]\n|\n|upkeep\n|turn|20\n|\n|t:|1699743814\n|move|p1a: Iron Moth|Fiery Dance|p2a: Ryan Toxling\n|-resisted|p2a: Ryan Toxling\n|-damage|p2a: Ryan Toxling|50\/100\n|-boost|p1a: Iron Moth|spa|1\n|move|p2a: Ryan Toxling|Infestation|p1a: Iron Moth\n|-resisted|p1a: Iron Moth\n|-activate|p1a: Iron Moth|move: Substitute|[damage]\n|\n|upkeep\n|turn|21\n|c| Im Cokita|buen nombre\n|\n|t:|1699743819\n|move|p1a: Iron Moth|Fiery Dance|p2a: Ryan Toxling\n|-resisted|p2a: Ryan Toxling\n|-damage|p2a: Ryan Toxling|25\/100\n|-boost|p1a: Iron Moth|spa|1\n|move|p2a: Ryan Toxling|Recover|p2a: Ryan Toxling\n|-heal|p2a: Ryan Toxling|75\/100\n|\n|upkeep\n|turn|22\n|\n|t:|1699743823\n|move|p1a: Iron Moth|Fiery Dance|p2a: Ryan Toxling\n|-resisted|p2a: Ryan Toxling\n|-damage|p2a: Ryan Toxling|43\/100\n|-boost|p1a: Iron Moth|spa|1\n|move|p2a: Ryan Toxling|Infestation|p1a: Iron Moth\n|-resisted|p1a: Iron Moth\n|-activate|p1a: Iron Moth|move: Substitute|[damage]\n|\n|upkeep\n|turn|23\n|\n|t:|1699743827\n|move|p1a: Iron Moth|Sludge Wave|p2a: Ryan Toxling\n|-resisted|p2a: Ryan Toxling\n|-damage|p2a: Ryan Toxling|0 fnt\n|faint|p2a: Ryan Toxling\n|\n|upkeep\n|\n|t:|1699743833\n|switch|p2a: Cinderace|Cinderace, F|28\/100\n|turn|24\n|\n|t:|1699743836\n|move|p2a: Cinderace|Pyro Ball|p1a: Iron Moth\n|-resisted|p1a: Iron Moth\n|-end|p1a: Iron Moth|Substitute\n|move|p1a: Iron Moth|Sludge Wave|p2a: Cinderace\n|-crit|p2a: Cinderace\n|-damage|p2a: Cinderace|0 fnt\n|faint|p2a: Cinderace\n|\n|upkeep\n|\n|t:|1699743838\n|switch|p2a: Ditto|Ditto, shiny|100\/100\n|-transform|p2a: Ditto|p1a: Iron Moth|[from] ability: Imposter\n|turn|25\n|c| TaqueroBurrito|Chan chan\n|\n|t:|1699743855\n|-end|p1a: Iron Moth|Quark Drive|[silent]\n|switch|p1a: Ninetales|Ninetales-Alola, F|21\/100\n|-weather|Snow|[from] ability: Snow Warning|[of] p1a: Ninetales\n|move|p2a: Ditto|Fiery Dance|p1a: Ninetales\n|-supereffective|p1a: Ninetales\n|-damage|p1a: Ninetales|0 fnt\n|-boost|p2a: Ditto|spa|1\n|faint|p1a: Ninetales\n|\n|-weather|Snow|[upkeep]\n|upkeep\n|\n|t:|1699743866\n|switch|p1a: Ogerpon|Ogerpon-Wellspring, F|100\/100\n|turn|26\n|\n|t:|1699743875\n|-terastallize|p1a: Ogerpon|Water\n|detailschange|p1a: Ogerpon|Ogerpon-Wellspring-Tera, F, tera:Water\n|-ability|p1a: Ogerpon|Embody Aspect (Wellspring)|boost\n|-boost|p1a: Ogerpon|spd|1\n|move|p2a: Ditto|Fiery Dance|p1a: Ogerpon\n|-resisted|p1a: Ogerpon\n|-damage|p1a: Ogerpon|46\/100\n|-boost|p2a: Ditto|spa|1\n|move|p1a: Ogerpon|Ivy Cudgel|p2a: Ditto\n|-supereffective|p2a: Ditto\n|-crit|p2a: Ditto\n|-damage|p2a: Ditto|0 fnt\n|faint|p2a: Ditto\n|-end|p2a: Ditto|Quark Drive|[silent]\n|\n|-weather|Snow|[upkeep]\n|upkeep\n|\n|t:|1699743887\n|switch|p2a: Manaphy|Manaphy|100\/100\n|turn|27\n|\n|t:|1699743894\n|move|p1a: Ogerpon|Horn Leech|p2a: Manaphy\n|-supereffective|p2a: Manaphy\n|-damage|p2a: Manaphy|31\/100\n|-heal|p1a: Ogerpon|93\/100|[from] drain|[of] p2a: Manaphy\n|move|p2a: Manaphy|Scald|p1a: Ogerpon\n|-resisted|p1a: Ogerpon\n|-damage|p1a: Ogerpon|81\/100\n|-status|p1a: Ogerpon|brn\n|\n|-weather|Snow|[upkeep]\n|-heal|p2a: Manaphy|37\/100|[from] item: Leftovers\n|-damage|p1a: Ogerpon|75\/100 brn|[from] brn\n|upkeep\n|turn|28\n|\n|t:|1699743902\n|move|p1a: Ogerpon|Horn Leech|p2a: Manaphy\n|-supereffective|p2a: Manaphy\n|-damage|p2a: Manaphy|2\/100\n|-heal|p1a: Ogerpon|98\/100 brn|[from] drain|[of] p2a: Manaphy\n|move|p2a: Manaphy|Rest|p2a: Manaphy\n|-status|p2a: Manaphy|slp|[from] move: Rest\n|-heal|p2a: Manaphy|100\/100 slp|[silent]\n|\n|-weather|Snow|[upkeep]\n|-damage|p1a: Ogerpon|92\/100 brn|[from] brn\n|upkeep\n|turn|29\n|\n|t:|1699743906\n|move|p1a: Ogerpon|Swords Dance|p1a: Ogerpon\n|-boost|p1a: Ogerpon|atk|2\n|cant|p2a: Manaphy|slp\n|\n|-weather|none\n|-damage|p1a: Ogerpon|86\/100 brn|[from] brn\n|upkeep\n|turn|30\n|\n|t:|1699743912\n|switch|p2a: Heatran|Heatran, M|100\/100\n|-item|p2a: Heatran|Air Balloon\n|move|p1a: Ogerpon|Swords Dance|p1a: Ogerpon\n|-boost|p1a: Ogerpon|atk|2\n|\n|-damage|p1a: Ogerpon|80\/100 brn|[from] brn\n|upkeep\n|turn|31\n|\n|t:|1699743918\n|move|p1a: Ogerpon|Ivy Cudgel|p2a: Heatran\n|-supereffective|p2a: Heatran\n|-damage|p2a: Heatran|0 fnt\n|-enditem|p2a: Heatran|Air Balloon\n|faint|p2a: Heatran\n|\n|-damage|p1a: Ogerpon|74\/100 brn|[from] brn\n|upkeep\n|\n|t:|1699743920\n|switch|p2a: Locomotora|Cresselia, F, shiny, tera:Fighting|19\/100\n|turn|32\n|\n|t:|1699743922\n|move|p1a: Ogerpon|Ivy Cudgel|p2a: Locomotora\n|-damage|p2a: Locomotora|0 fnt\n|faint|p2a: Locomotora\n|\n|-damage|p1a: Ogerpon|68\/100 brn|[from] brn\n|upkeep\n|\n|t:|1699743924\n|switch|p2a: Manaphy|Manaphy|100\/100 slp\n|turn|33\n|c|\u2606el dibu martinez|gg\n|\n|t:|1699743929\n|move|p1a: Ogerpon|Horn Leech|p2a: Manaphy\n|-supereffective|p2a: Manaphy\n|-damage|p2a: Manaphy|0 fnt\n|-heal|p1a: Ogerpon|100\/100 brn|[from] drain|[of] p2a: Manaphy\n|faint|p2a: Manaphy\n|\n|win|el dibu martinez\n","uploadtime":1699743932,"views":26,"p1id":"eldibumartinez","p2id":"scalonetapibe","formatid":"gen9ou","rating":0,"private":0,"password":""}