{"id":"gen9ou-1995978638","p1":"little man skwovet","p2":"Rebel242","format":"[Gen 9] OU","log":"|j|\u2606little man skwovet\n|j|\u2606Rebel242\n|t:|1700624585\n|gametype|singles\n|player|p1|little man skwovet|265|1500\n|player|p2|Rebel242|silver|1443\n|teamsize|p1|6\n|teamsize|p2|6\n|gen|9\n|tier|[Gen 9] OU\n|rated|\n|rule|Sleep Clause Mod: Limit one foe put to sleep\n|rule|Species Clause: Limit one of each Pok\u00e9mon\n|rule|OHKO Clause: OHKO moves are banned\n|rule|Evasion Items Clause: Evasion items are banned\n|rule|Evasion Moves Clause: Evasion moves are banned\n|rule|Endless Battle Clause: Forcing endless battles is banned\n|rule|HP Percentage Mod: HP is shown in percentages\n|clearpoke\n|poke|p1|Sinistcha-Masterpiece|\n|poke|p1|Blissey, F|\n|poke|p1|Clodsire, F|\n|poke|p1|Dondozo, F|\n|poke|p1|Alomomola, F|\n|poke|p1|Clefable, F|\n|poke|p2|Cinderace, M|\n|poke|p2|Garchomp, M|\n|poke|p2|Zapdos|\n|poke|p2|Clodsire, M|\n|poke|p2|Greninja-*, M|\n|poke|p2|Landorus-Therian, M|\n|teampreview\n|inactive|Battle timer is ON: inactive players will automatically lose when time's up. (requested by Rebel242)\n|\n|t:|1700624594\n|start\n|switch|p1a: Clefable|Clefable, F|100\/100\n|switch|p2a: Poe|Zapdos|100\/100\n|turn|1\n|inactive|Rebel242 has 120 seconds left.\n|l|\u2606Rebel242\n|inactive|Rebel242 disconnected and has a minute to reconnect!\n|player|p2|\n|j|\u2606Rebel242\n|inactive|Rebel242 reconnected and has 100 seconds left.\n|player|p2|Rebel242|silver\n|\n|t:|1700624651\n|move|p2a: Poe|Discharge|p1a: Clefable\n|-damage|p1a: Clefable|59\/100\n|move|p1a: Clefable|Knock Off|p2a: Poe\n|-damage|p2a: Poe|84\/100\n|-status|p1a: Clefable|par|[from] ability: Static|[of] p2a: Poe\n|-enditem|p2a: Poe|Heavy-Duty Boots|[from] move: Knock Off|[of] p1a: Clefable\n|\n|-heal|p1a: Clefable|65\/100 par|[from] item: Leftovers\n|upkeep\n|turn|2\n|\n|t:|1700624664\n|switch|p2a: 50|Landorus-Therian, M|100\/100\n|-ability|p2a: 50|Intimidate|boost\n|-unboost|p1a: Clefable|atk|1\n|switch|p1a: Blissey|Blissey, F, shiny|100\/100\n|\n|upkeep\n|turn|3\n|inactive|little man skwovet has 120 seconds left.\n|inactive|little man skwovet has 90 seconds left.\n|\n|t:|1700624732\n|move|p2a: 50|Taunt|p1a: Blissey\n|-start|p1a: Blissey|move: Taunt\n|cant|p1a: Blissey|move: Taunt|Stealth Rock\n|\n|upkeep\n|turn|4\n|inactive|little man skwovet has 90 seconds left.\n|c|\u2606little man skwovet|mb had to kill a bug\n|\n|t:|1700624741\n|switch|p2a: Poe|Zapdos|84\/100\n|switch|p1a: Alomomola|Alomomola, F, shiny|100\/100\n|\n|upkeep\n|turn|5\n|\n|t:|1700624748\n|switch|p1a: Clodsire|Clodsire, F|100\/100\n|move|p2a: Poe|Hurricane|p1a: Clodsire\n|-damage|p1a: Clodsire|64\/100\n|-start|p1a: Clodsire|confusion\n|\n|upkeep\n|turn|6\n|\n|t:|1700624759\n|switch|p2a: Chop|Garchomp, M|100\/100\n|-activate|p1a: Clodsire|confusion\n|-damage|p1a: Clodsire|57\/100|[from] confusion\n|\n|upkeep\n|turn|7\n|inactive|Rebel242 has 120 seconds left.\n|\n|t:|1700624765\n|switch|p1a: Alomomola|Alomomola, F, shiny|100\/100\n|move|p2a: Chop|Earthquake|p1a: Alomomola\n|-damage|p1a: Alomomola|75\/100\n|\n|upkeep\n|turn|8\n|\n|t:|1700624772\n|switch|p2a: Red|Clodsire, M|100\/100\n|move|p1a: Alomomola|Flip Turn|p2a: Red\n|-immune|p2a: Red|[from] ability: Water Absorb\n|\n|upkeep\n|turn|9\n|\n|t:|1700624779\n|switch|p1a: Clefable|Clefable, F|65\/100 par\n|move|p2a: Red|Stealth Rock|p1a: Clefable\n|-sidestart|p1: little man skwovet|move: Stealth Rock\n|\n|-heal|p1a: Clefable|71\/100 par|[from] item: Leftovers\n|upkeep\n|turn|10\n|\n|t:|1700624789\n|switch|p2a: Money|Greninja, M|100\/100\n|cant|p1a: Clefable|par\n|\n|-heal|p1a: Clefable|77\/100 par|[from] item: Leftovers\n|upkeep\n|turn|11\n|\n|t:|1700624801\n|switch|p2a: Ace|Cinderace, M|100\/100\n|switch|p1a: Blissey|Blissey, F, shiny|100\/100\n|\n|upkeep\n|turn|12\n|\n|t:|1700624809\n|move|p2a: Ace|High Jump Kick|p1a: Blissey\n|-supereffective|p1a: Blissey\n|-damage|p1a: Blissey|11\/100\n|move|p1a: Blissey|Stealth Rock|p2a: Ace\n|-sidestart|p2: Rebel242|move: Stealth Rock\n|\n|upkeep\n|turn|13\n|\n|t:|1700624817\n|move|p1a: Blissey|Protect|p1a: Blissey\n|-singleturn|p1a: Blissey|Protect\n|move|p2a: Ace|Pyro Ball|p1a: Blissey\n|-activate|p1a: Blissey|move: Protect\n|\n|upkeep\n|turn|14\n|\n|t:|1700624824\n|switch|p2a: Red|Clodsire, M|100\/100\n|switch|p1a: Alomomola|Alomomola, F, shiny|100\/100\n|\n|upkeep\n|turn|15\n|\n|t:|1700624830\n|switch|p1a: Clefable|Clefable, F|77\/100 par\n|move|p2a: Red|Toxic||[still]\n|-fail|p2a: Red\n|\n|-heal|p1a: Clefable|83\/100 par|[from] item: Leftovers\n|upkeep\n|turn|16\n|\n|t:|1700624839\n|cant|p1a: Clefable|par\n|move|p2a: Red|Earthquake|p1a: Clefable\n|-damage|p1a: Clefable|62\/100 par\n|\n|-heal|p1a: Clefable|68\/100 par|[from] item: Leftovers\n|upkeep\n|turn|17\n|\n|t:|1700624849\n|switch|p2a: Ace|Cinderace, M|100\/100\n|move|p1a: Clefable|Knock Off|p2a: Ace\n|-damage|p2a: Ace|80\/100\n|-enditem|p2a: Ace|Heavy-Duty Boots|[from] move: Knock Off|[of] p1a: Clefable\n|\n|-heal|p1a: Clefable|74\/100 par|[from] item: Leftovers\n|upkeep\n|turn|18\n|\n|t:|1700624858\n|move|p2a: Ace|Sucker Punch||[still]\n|-fail|p2a: Ace\n|move|p1a: Clefable|Wish|p1a: Clefable\n|\n|-heal|p1a: Clefable|80\/100 par|[from] item: Leftovers\n|upkeep\n|turn|19\n|\n|t:|1700624868\n|move|p2a: Ace|Pyro Ball|p1a: Clefable\n|-damage|p1a: Clefable|36\/100 par\n|cant|p1a: Clefable|par\n|\n|-heal|p1a: Clefable|86\/100 par|[from] move: Wish|[wisher] Clefable\n|-heal|p1a: Clefable|92\/100 par|[from] item: Leftovers\n|upkeep\n|turn|20\n|\n|t:|1700624878\n|move|p2a: Ace|High Jump Kick|p1a: Clefable\n|-resisted|p1a: Clefable\n|-damage|p1a: Clefable|76\/100 par\n|move|p1a: Clefable|Wish|p1a: Clefable\n|\n|-heal|p1a: Clefable|82\/100 par|[from] item: Leftovers\n|upkeep\n|turn|21\n|\n|t:|1700624885\n|move|p2a: Ace|High Jump Kick|p1a: Clefable\n|-resisted|p1a: Clefable\n|-damage|p1a: Clefable|65\/100 par\n|move|p1a: Clefable|Moonblast|p2a: Ace\n|-resisted|p2a: Ace\n|-damage|p2a: Ace|59\/100\n|\n|-heal|p1a: Clefable|100\/100 par|[from] move: Wish|[wisher] Clefable\n|upkeep\n|turn|22\n|\n|t:|1700624895\n|move|p2a: Ace|Pyro Ball|p1a: Clefable\n|-damage|p1a: Clefable|53\/100 par\n|move|p1a: Clefable|Wish|p1a: Clefable\n|\n|-heal|p1a: Clefable|59\/100 par|[from] item: Leftovers\n|upkeep\n|turn|23\n|\n|t:|1700624902\n|-terastallize|p2a: Ace|Fire\n|move|p2a: Ace|Pyro Ball|p1a: Clefable\n|-damage|p1a: Clefable|0 fnt\n|faint|p1a: Clefable\n|\n|upkeep\n|\n|t:|1700624907\n|switch|p1a: Alomomola|Alomomola, F, shiny|100\/100\n|turn|24\n|\n|t:|1700624911\n|switch|p2a: Red|Clodsire, M|100\/100\n|move|p1a: Alomomola|Wish|p1a: Alomomola\n|\n|upkeep\n|turn|25\n|\n|t:|1700624918\n|switch|p1a: Blissey|Blissey, F, shiny|11\/100\n|move|p2a: Red|Earthquake|p1a: Blissey\n|-damage|p1a: Blissey|0 fnt\n|faint|p1a: Blissey\n|\n|upkeep\n|\n|t:|1700624925\n|switch|p1a: Clodsire|Clodsire, F|57\/100\n|turn|26\n|\n|t:|1700624929\n|move|p1a: Clodsire|Recover|p1a: Clodsire\n|-heal|p1a: Clodsire|100\/100\n|move|p2a: Red|Earthquake|p1a: Clodsire\n|-supereffective|p1a: Clodsire\n|-damage|p1a: Clodsire|48\/100\n|\n|upkeep\n|turn|27\n|\n|t:|1700624935\n|switch|p1a: Alomomola|Alomomola, F, shiny|100\/100\n|move|p2a: Red|Earthquake|p1a: Alomomola\n|-damage|p1a: Alomomola|85\/100\n|\n|upkeep\n|turn|28\n|\n|t:|1700624942\n|switch|p1a: Dondozo|Dondozo, F|100\/100\n|move|p2a: Red|Toxic|p1a: Dondozo\n|-status|p1a: Dondozo|tox\n|\n|-damage|p1a: Dondozo|94\/100 tox|[from] psn\n|upkeep\n|turn|29\n|\n|t:|1700624951\n|switch|p2a: Poe|Zapdos|84\/100\n|-damage|p2a: Poe|59\/100|[from] Stealth Rock\n|move|p1a: Dondozo|Avalanche|p2a: Poe\n|-supereffective|p2a: Poe\n|-damage|p2a: Poe|30\/100\n|\n|-damage|p1a: Dondozo|82\/100 tox|[from] psn\n|upkeep\n|turn|30\n|\n|t:|1700624961\n|switch|p1a: Clodsire|Clodsire, F|48\/100\n|move|p2a: Poe|Roost|p2a: Poe\n|-heal|p2a: Poe|80\/100\n|-singleturn|p2a: Poe|move: Roost\n|\n|upkeep\n|turn|31\n|\n|t:|1700624968\n|move|p2a: Poe|Hurricane|p1a: Clodsire\n|-damage|p1a: Clodsire|13\/100\n|move|p1a: Clodsire|Recover|p1a: Clodsire\n|-heal|p1a: Clodsire|63\/100\n|\n|upkeep\n|turn|32\n|\n|t:|1700624975\n|move|p2a: Poe|Hurricane|p1a: Clodsire\n|-damage|p1a: Clodsire|28\/100\n|move|p1a: Clodsire|Recover|p1a: Clodsire\n|-heal|p1a: Clodsire|78\/100\n|\n|upkeep\n|turn|33\n|\n|t:|1700624982\n|switch|p2a: Red|Clodsire, M|100\/100\n|move|p1a: Clodsire|Amnesia|p1a: Clodsire\n|-boost|p1a: Clodsire|spd|2\n|\n|upkeep\n|turn|34\n|\n|t:|1700624988\n|switch|p1a: Dondozo|Dondozo, F|82\/100 tox\n|move|p2a: Red|Earthquake|p1a: Dondozo\n|-damage|p1a: Dondozo|71\/100 tox\n|\n|-damage|p1a: Dondozo|65\/100 tox|[from] psn\n|upkeep\n|turn|35\n|\n|t:|1700624997\n|switch|p2a: Chop|Garchomp, M|100\/100\n|-damage|p2a: Chop|94\/100|[from] Stealth Rock\n|move|p1a: Dondozo|Rest|p1a: Dondozo\n|-status|p1a: Dondozo|slp|[from] move: Rest\n|-heal|p1a: Dondozo|100\/100 slp|[silent]\n|\n|upkeep\n|turn|36\n|\n|t:|1700625006\n|cant|p1a: Dondozo|slp\n|move|p1a: Dondozo|Sleep Talk|p1a: Dondozo\n|move|p1a: Dondozo|Body Press|p2a: Chop|[from]move: Sleep Talk\n|-damage|p2a: Chop|78\/100\n|-damage|p1a: Dondozo|88\/100 slp|[from] ability: Rough Skin|[of] p2a: Chop\n|-damage|p1a: Dondozo|71\/100 slp|[from] item: Rocky Helmet|[of] p2a: Chop\n|move|p2a: Chop|Dragon Tail|p1a: Dondozo\n|-damage|p1a: Dondozo|60\/100 slp\n|drag|p1a: Sinistcha|Sinistcha-Masterpiece|100\/100\n|\n|upkeep\n|turn|37\n|\n|t:|1700625020\n|move|p1a: Sinistcha|Shadow Ball|p2a: Chop\n|-damage|p2a: Chop|46\/100\n|-unboost|p2a: Chop|spd|1\n|move|p2a: Chop|Dragon Tail|p1a: Sinistcha\n|-damage|p1a: Sinistcha|82\/100\n|drag|p1a: Alomomola|Alomomola, F, shiny|100\/100\n|\n|upkeep\n|turn|38\n|\n|t:|1700625030\n|move|p2a: Chop|Rest|p2a: Chop\n|-status|p2a: Chop|slp|[from] move: Rest\n|-heal|p2a: Chop|100\/100 slp|[silent]\n|move|p1a: Alomomola|Scald|p2a: Chop\n|-damage|p2a: Chop|81\/100 slp\n|\n|upkeep\n|turn|39\n|\n|t:|1700625039\n|switch|p2a: Red|Clodsire, M|100\/100\n|switch|p1a: Sinistcha|Sinistcha-Masterpiece|82\/100\n|\n|upkeep\n|turn|40\n|\n|t:|1700625046\n|switch|p1a: Dondozo|Dondozo, F|60\/100 slp\n|move|p2a: Red|Toxic||[still]\n|-fail|p2a: Red\n|\n|upkeep\n|turn|41\n|\n|t:|1700625052\n|switch|p2a: Poe|Zapdos|80\/100\n|-damage|p2a: Poe|55\/100|[from] Stealth Rock\n|cant|p1a: Dondozo|slp\n|\n|upkeep\n|turn|42\n|\n|t:|1700625059\n|switch|p1a: Clodsire|Clodsire, F|78\/100\n|move|p2a: Poe|Hurricane|p1a: Clodsire\n|-damage|p1a: Clodsire|43\/100\n|\n|upkeep\n|turn|43\n|\n|t:|1700625065\n|move|p2a: Poe|Hurricane|p1a: Clodsire\n|-damage|p1a: Clodsire|8\/100\n|move|p1a: Clodsire|Recover|p1a: Clodsire\n|-heal|p1a: Clodsire|59\/100\n|\n|upkeep\n|turn|44\n|\n|t:|1700625073\n|move|p2a: Poe|Hurricane|p1a: Clodsire\n|-damage|p1a: Clodsire|22\/100\n|-start|p1a: Clodsire|confusion\n|-activate|p1a: Clodsire|confusion\n|move|p1a: Clodsire|Recover|p1a: Clodsire\n|-heal|p1a: Clodsire|72\/100\n|\n|upkeep\n|turn|45\n|\n|t:|1700625082\n|move|p2a: Poe|Roost|p2a: Poe\n|-heal|p2a: Poe|100\/100\n|-singleturn|p2a: Poe|move: Roost\n|-activate|p1a: Clodsire|confusion\n|move|p1a: Clodsire|Amnesia|p1a: Clodsire\n|-boost|p1a: Clodsire|spd|2\n|\n|upkeep\n|turn|46\n|\n|t:|1700625090\n|switch|p2a: 50|Landorus-Therian, M|100\/100\n|-damage|p2a: 50|88\/100|[from] Stealth Rock\n|-ability|p2a: 50|Intimidate|boost\n|-unboost|p1a: Clodsire|atk|1\n|-end|p1a: Clodsire|confusion\n|move|p1a: Clodsire|Poison Jab|p2a: 50\n|-resisted|p2a: 50\n|-damage|p2a: 50|80\/100\n|\n|upkeep\n|turn|47\n|\n|t:|1700625101\n|switch|p1a: Alomomola|Alomomola, F, shiny|100\/100\n|move|p2a: 50|Taunt|p1a: Alomomola\n|-start|p1a: Alomomola|move: Taunt\n|\n|upkeep\n|turn|48\n|\n|t:|1700625108\n|switch|p2a: Ace|Cinderace, M, tera:Fire|59\/100\n|-damage|p2a: Ace|34\/100|[from] Stealth Rock\n|switch|p1a: Sinistcha|Sinistcha-Masterpiece|82\/100\n|\n|upkeep\n|turn|49\n|\n|t:|1700625115\n|switch|p1a: Alomomola|Alomomola, F, shiny|100\/100\n|move|p2a: Ace|Pyro Ball|p1a: Alomomola\n|-resisted|p1a: Alomomola\n|-damage|p1a: Alomomola|74\/100\n|\n|upkeep\n|turn|50\n|\n|t:|1700625135\n|switch|p2a: Poe|Zapdos|100\/100\n|-damage|p2a: Poe|76\/100|[from] Stealth Rock\n|move|p1a: Alomomola|Flip Turn|p2a: Poe\n|-damage|p2a: Poe|57\/100\n|-status|p1a: Alomomola|par|[from] ability: Static|[of] p2a: Poe\n|\n|t:|1700625139\n|switch|p1a: Clodsire|Clodsire, F|72\/100|[from] Flip Turn\n|\n|upkeep\n|turn|51\n|c|\u2606Rebel242|Clod runs out of recover u lose. What do u do ?\n|\n|t:|1700625157\n|move|p2a: Poe|Hurricane|p1a: Clodsire|[miss]\n|-miss|p2a: Poe|p1a: Clodsire\n|move|p1a: Clodsire|Amnesia|p1a: Clodsire\n|-boost|p1a: Clodsire|spd|2\n|\n|upkeep\n|turn|52\n|c|\u2606little man skwovet|pray you miss hurricane\n|\n|t:|1700625178\n|move|p2a: Poe|Roost|p2a: Poe\n|-heal|p2a: Poe|100\/100\n|-singleturn|p2a: Poe|move: Roost\n|move|p1a: Clodsire|Spikes|p2a: Poe\n|-sidestart|p2: Rebel242|Spikes\n|\n|upkeep\n|turn|53\n|\n|t:|1700625186\n|switch|p2a: Red|Clodsire, M|100\/100\n|move|p1a: Clodsire|Spikes|p2a: Red\n|-sidestart|p2: Rebel242|Spikes\n|\n|upkeep\n|turn|54\n|\n|t:|1700625191\n|switch|p1a: Alomomola|Alomomola, F, shiny|100\/100 par\n|move|p2a: Red|Toxic||[still]\n|-fail|p2a: Red\n|\n|upkeep\n|turn|55\n|\n|t:|1700625205\n|switch|p2a: Money|Greninja, M|100\/100\n|-damage|p2a: Money|88\/100|[from] Stealth Rock\n|-damage|p2a: Money|72\/100|[from] Spikes\n|switch|p1a: Dondozo|Dondozo, F|60\/100 slp\n|\n|upkeep\n|turn|56\n|\n|t:|1700625213\n|switch|p1a: Alomomola|Alomomola, F, shiny|100\/100 par\n|move|p2a: Money|Dark Pulse|p1a: Alomomola\n|-damage|p1a: Alomomola|65\/100 par\n|\n|upkeep\n|turn|57\n|\n|t:|1700625219\n|move|p2a: Money|Dark Pulse|p1a: Alomomola\n|-damage|p1a: Alomomola|30\/100 par\n|move|p1a: Alomomola|Flip Turn|p2a: Money\n|-resisted|p2a: Money\n|-damage|p2a: Money|57\/100\n|\n|t:|1700625228\n|switch|p1a: Dondozo|Dondozo, F|60\/100 slp|[from] Flip Turn\n|\n|upkeep\n|turn|58\n|\n|t:|1700625232\n|move|p2a: Money|Dark Pulse|p1a: Dondozo\n|-crit|p1a: Dondozo\n|-damage|p1a: Dondozo|8\/100 slp\n|-curestatus|p1a: Dondozo|slp|[msg]\n|move|p1a: Dondozo|Body Press|p2a: Money\n|-supereffective|p2a: Money\n|-damage|p2a: Money|0 fnt\n|faint|p2a: Money\n|\n|upkeep\n|\n|t:|1700625246\n|switch|p2a: 50|Landorus-Therian, M|80\/100\n|-damage|p2a: 50|68\/100|[from] Stealth Rock\n|-ability|p2a: 50|Intimidate|boost\n|-unboost|p1a: Dondozo|atk|1\n|turn|59\n|\n|t:|1700625252\n|switch|p1a: Alomomola|Alomomola, F, shiny|63\/100 par\n|move|p2a: 50|Earthquake|p1a: Alomomola\n|-damage|p1a: Alomomola|27\/100 par\n|\n|upkeep\n|turn|60\n|\n|t:|1700625258\n|switch|p1a: Sinistcha|Sinistcha-Masterpiece|82\/100\n|move|p2a: 50|Earthquake|p1a: Sinistcha\n|-resisted|p1a: Sinistcha\n|-damage|p1a: Sinistcha|58\/100\n|\n|upkeep\n|turn|61\n|\n|t:|1700625266\n|switch|p2a: Ace|Cinderace, M, tera:Fire|34\/100\n|-damage|p2a: Ace|9\/100|[from] Stealth Rock\n|-damage|p2a: Ace|0 fnt|[from] Spikes\n|faint|p2a: Ace\n|move|p1a: Sinistcha|Strength Sap|p2: Ace|[notarget]\n|-fail|p1a: Sinistcha\n|\n|upkeep\n|\n|t:|1700625276\n|switch|p2a: 50|Landorus-Therian, M|68\/100\n|-damage|p2a: 50|55\/100|[from] Stealth Rock\n|-ability|p2a: 50|Intimidate|boost\n|-unboost|p1a: Sinistcha|atk|1\n|turn|62\n|\n|t:|1700625282\n|move|p2a: 50|U-turn|p1a: Sinistcha\n|-damage|p1a: Sinistcha|35\/100\n|\n|t:|1700625285\n|switch|p2a: Poe|Zapdos|100\/100|[from] U-turn\n|-damage|p2a: Poe|76\/100|[from] Stealth Rock\n|move|p1a: Sinistcha|Strength Sap|p2a: Poe\n|-unboost|p2a: Poe|atk|1\n|-heal|p1a: Sinistcha|87\/100\n|\n|upkeep\n|turn|63\n|\n|t:|1700625307\n|switch|p1a: Clodsire|Clodsire, F|72\/100\n|move|p2a: Poe|Discharge|p1a: Clodsire\n|-immune|p1a: Clodsire\n|\n|upkeep\n|turn|64\n|\n|t:|1700625317\n|move|p2a: Poe|Hurricane|p1a: Clodsire\n|-damage|p1a: Clodsire|38\/100\n|move|p1a: Clodsire|Amnesia|p1a: Clodsire\n|-boost|p1a: Clodsire|spd|2\n|\n|upkeep\n|turn|65\n|\n|t:|1700625324\n|switch|p2a: 50|Landorus-Therian, M|55\/100\n|-damage|p2a: 50|43\/100|[from] Stealth Rock\n|-ability|p2a: 50|Intimidate|boost\n|-unboost|p1a: Clodsire|atk|1\n|move|p1a: Clodsire|Recover|p1a: Clodsire\n|-heal|p1a: Clodsire|88\/100\n|\n|upkeep\n|turn|66\n|\n|t:|1700625333\n|switch|p1a: Sinistcha|Sinistcha-Masterpiece|87\/100\n|move|p2a: 50|U-turn|p1a: Sinistcha\n|-damage|p1a: Sinistcha|65\/100\n|\n|t:|1700625340\n|switch|p2a: Poe|Zapdos|76\/100|[from] U-turn\n|-damage|p2a: Poe|51\/100|[from] Stealth Rock\n|\n|upkeep\n|turn|67\n|\n|t:|1700625352\n|switch|p1a: Clodsire|Clodsire, F|88\/100\n|move|p2a: Poe|Hurricane|p1a: Clodsire\n|-damage|p1a: Clodsire|50\/100\n|\n|upkeep\n|turn|68\n|\n|t:|1700625359\n|switch|p2a: Red|Clodsire, M|100\/100\n|move|p1a: Clodsire|Recover|p1a: Clodsire\n|-heal|p1a: Clodsire|100\/100\n|\n|upkeep\n|turn|69\n|\n|t:|1700625365\n|switch|p1a: Alomomola|Alomomola, F, shiny|60\/100 par\n|move|p2a: Red|Earthquake|p1a: Alomomola\n|-damage|p1a: Alomomola|44\/100 par\n|\n|upkeep\n|turn|70\n|\n|t:|1700625371\n|move|p2a: Red|Earthquake|p1a: Alomomola\n|-damage|p1a: Alomomola|27\/100 par\n|move|p1a: Alomomola|Wish|p1a: Alomomola\n|\n|upkeep\n|turn|71\n|\n|t:|1700625378\n|move|p2a: Red|Toxic||[still]\n|-fail|p2a: Red\n|move|p1a: Alomomola|Flip Turn|p2a: Red\n|-immune|p2a: Red|[from] ability: Water Absorb\n|\n|-heal|p1a: Alomomola|77\/100 par|[from] move: Wish|[wisher] Alomomola\n|upkeep\n|turn|72\n|\n|t:|1700625388\n|switch|p2a: Poe|Zapdos|51\/100\n|-damage|p2a: Poe|26\/100|[from] Stealth Rock\n|move|p1a: Alomomola|Wish|p1a: Alomomola\n|\n|upkeep\n|turn|73\n|\n|t:|1700625394\n|switch|p1a: Clodsire|Clodsire, F|100\/100\n|move|p2a: Poe|Hurricane|p1a: Clodsire|[miss]\n|-miss|p2a: Poe|p1a: Clodsire\n|\n|upkeep\n|turn|74\n|\n|t:|1700625402\n|move|p2a: Poe|Roost|p2a: Poe\n|-heal|p2a: Poe|76\/100\n|-singleturn|p2a: Poe|move: Roost\n|move|p1a: Clodsire|Poison Jab|p2a: Poe\n|-damage|p2a: Poe|54\/100\n|\n|upkeep\n|turn|75\n|\n|t:|1700625410\n|move|p2a: Poe|Roost|p2a: Poe\n|-heal|p2a: Poe|100\/100\n|-singleturn|p2a: Poe|move: Roost\n|move|p1a: Clodsire|Poison Jab|p2a: Poe\n|-damage|p2a: Poe|76\/100\n|-status|p1a: Clodsire|par|[from] ability: Static|[of] p2a: Poe\n|\n|upkeep\n|turn|76\n|\n|t:|1700625420\n|switch|p2a: Red|Clodsire, M|100\/100\n|move|p1a: Clodsire|Poison Jab|p2a: Red\n|-resisted|p2a: Red\n|-damage|p2a: Red|95\/100\n|\n|upkeep\n|turn|77\n|\n|t:|1700625429\n|switch|p2a: Chop|Garchomp, M|81\/100 slp\n|-damage|p2a: Chop|75\/100 slp|[from] Stealth Rock\n|-damage|p2a: Chop|58\/100 slp|[from] Spikes\n|switch|p1a: Alomomola|Alomomola, F, shiny|100\/100 par\n|\n|upkeep\n|turn|78\n|\n|t:|1700625437\n|cant|p2a: Chop|slp\n|move|p2a: Chop|Sleep Talk|p2a: Chop\n|move|p2a: Chop|Rest||[from]move: Sleep Talk|[still]\n|-fail|p2a: Chop\n|move|p1a: Alomomola|Wish|p1a: Alomomola\n|\n|upkeep\n|turn|79\n|\n|t:|1700625445\n|switch|p1a: Dondozo|Dondozo, F|8\/100\n|cant|p2a: Chop|slp\n|move|p2a: Chop|Sleep Talk|p2a: Chop\n|move|p2a: Chop|Earthquake|p1a: Dondozo|[from]move: Sleep Talk\n|-damage|p1a: Dondozo|0 fnt\n|faint|p1a: Dondozo\n|\n|upkeep\n|\n|t:|1700625451\n|switch|p1a: Sinistcha|Sinistcha-Masterpiece|65\/100\n|turn|80\n|c|\u2606Rebel242|What makes a grown man use stall?\n|inactive|Rebel242 has 120 seconds left.\n|c|\u2606Rebel242|No skill ? Can't manage offense ?\n|\n|t:|1700625494\n|move|p1a: Sinistcha|Shadow Ball|p2a: Chop\n|-damage|p2a: Chop|30\/100 slp\n|-curestatus|p2a: Chop|slp|[msg]\n|move|p2a: Chop|Dragon Tail|p1a: Sinistcha\n|-damage|p1a: Sinistcha|47\/100\n|drag|p1a: Alomomola|Alomomola, F, shiny|100\/100 par\n|\n|upkeep\n|turn|81\n|\n|t:|1700625504\n|move|p2a: Chop|Rest|p2a: Chop\n|-status|p2a: Chop|slp|[from] move: Rest\n|-heal|p2a: Chop|100\/100 slp|[silent]\n|cant|p1a: Alomomola|par\n|\n|upkeep\n|turn|82\n|inactive|Rebel242 has 120 seconds left.\n|\n|t:|1700625511\n|cant|p2a: Chop|slp\n|move|p2a: Chop|Sleep Talk|p2a: Chop\n|move|p2a: Chop|Rest||[from]move: Sleep Talk|[still]\n|-fail|p2a: Chop\n|move|p1a: Alomomola|Wish|p1a: Alomomola\n|\n|upkeep\n|turn|83\n|\n|t:|1700625518\n|cant|p2a: Chop|slp\n|move|p2a: Chop|Sleep Talk|p2a: Chop\n|move|p2a: Chop|Dragon Tail|p1a: Alomomola|[from]move: Sleep Talk\n|-damage|p1a: Alomomola|84\/100 par\n|drag|p1a: Sinistcha|Sinistcha-Masterpiece|47\/100\n|\n|-heal|p1a: Sinistcha|100\/100|[from] move: Wish|[wisher] Alomomola\n|upkeep\n|turn|84\n|\n|t:|1700625529\n|-curestatus|p2a: Chop|slp|[msg]\n|move|p2a: Chop|Sleep Talk||[still]\n|-fail|p2a: Chop\n|move|p1a: Sinistcha|Matcha Gotcha|p2a: Chop\n|-damage|p2a: Chop|71\/100\n|\n|upkeep\n|turn|85\n|c|\u2606little man skwovet|you say as you use sleep talk 3 times in a row\n|\n|t:|1700625542\n|move|p1a: Sinistcha|Shadow Ball|p2a: Chop\n|-crit|p2a: Chop\n|-damage|p2a: Chop|23\/100\n|-unboost|p2a: Chop|spd|1\n|move|p2a: Chop|Dragon Tail|p1a: Sinistcha|[miss]\n|-miss|p2a: Chop|p1a: Sinistcha\n|\n|upkeep\n|turn|86\n|\n|t:|1700625550\n|move|p2a: Chop|Rest|p2a: Chop\n|-status|p2a: Chop|slp|[from] move: Rest\n|-heal|p2a: Chop|100\/100 slp|[silent]\n|move|p1a: Sinistcha|Shadow Ball|p2a: Chop\n|-damage|p2a: Chop|52\/100 slp\n|\n|upkeep\n|turn|87\n|\n|t:|1700625559\n|switch|p2a: Red|Clodsire, M|95\/100\n|move|p1a: Sinistcha|Matcha Gotcha|p2a: Red\n|-damage|p2a: Red|77\/100\n|\n|upkeep\n|turn|88\n|\n|t:|1700625567\n|switch|p1a: Alomomola|Alomomola, F, shiny|100\/100 par\n|switch|p2a: Poe|Zapdos|76\/100\n|-damage|p2a: Poe|51\/100|[from] Stealth Rock\n|\n|upkeep\n|turn|89\n|\n|t:|1700625576\n|move|p2a: Poe|Roost|p2a: Poe\n|-heal|p2a: Poe|100\/100\n|-singleturn|p2a: Poe|move: Roost\n|cant|p1a: Alomomola|par\n|\n|upkeep\n|turn|90\n|\n|t:|1700625584\n|switch|p1a: Clodsire|Clodsire, F|100\/100 par\n|move|p2a: Poe|Heat Wave|p1a: Clodsire|[miss]\n|-miss|p2a: Poe|p1a: Clodsire\n|\n|upkeep\n|turn|91\n|\n|t:|1700625591\n|switch|p2a: Red|Clodsire, M|77\/100\n|cant|p1a: Clodsire|par\n|\n|upkeep\n|turn|92\n|\n|t:|1700625597\n|switch|p1a: Alomomola|Alomomola, F, shiny|100\/100 par\n|move|p2a: Red|Earthquake|p1a: Alomomola\n|-damage|p1a: Alomomola|85\/100 par\n|\n|upkeep\n|turn|93\n|\n|t:|1700625604\n|move|p2a: Red|Earthquake|p1a: Alomomola\n|-damage|p1a: Alomomola|67\/100 par\n|move|p1a: Alomomola|Scald|p2a: Red\n|-heal|p2a: Red|100\/100|[from] ability: Water Absorb|[of] p1a: Alomomola\n|\n|upkeep\n|turn|94\n|\n|t:|1700625612\n|move|p2a: Red|Stealth Rock||[still]\n|-fail|p2a: Red\n|move|p1a: Alomomola|Scald|p2a: Red\n|-immune|p2a: Red|[from] ability: Water Absorb\n|\n|upkeep\n|turn|95\n|\n|t:|1700625619\n|switch|p1a: Sinistcha|Sinistcha-Masterpiece|100\/100\n|move|p2a: Red|Earthquake|p1a: Sinistcha\n|-resisted|p1a: Sinistcha\n|-damage|p1a: Sinistcha|92\/100\n|\n|upkeep\n|turn|96\n|\n|t:|1700625626\n|switch|p1a: Alomomola|Alomomola, F, shiny|100\/100 par\n|move|p2a: Red|Toxic||[still]\n|-fail|p2a: Red\n|\n|upkeep\n|turn|97\n|\n|t:|1700625640\n|move|p1a: Alomomola|Protect|p1a: Alomomola\n|-singleturn|p1a: Alomomola|Protect\n|move|p2a: Red|Earthquake|p1a: Alomomola\n|-activate|p1a: Alomomola|move: Protect\n|\n|upkeep\n|turn|98\n|c|\u2606Rebel242|Means I forgot the count\n|c|\u2606Rebel242|I switched him . I'm not a robot\n|c|\u2606Rebel242|That's the best u got\n|inactive|Rebel242 has 120 seconds left.\n|c|\u2606Rebel242|U stalling u got no skill\n|c|\u2606Rebel242|Just frustrating and making us both waste our lives\n|c|\u2606little man skwovet|then leave\n|c|\u2606Rebel242|One hour for one game\n|c|\u2606Rebel242|Idiots man\n|c|\u2606little man skwovet|nobodys keeping u here\n|inactive|Rebel242 has 90 seconds left.\n|c|\u2606Rebel242|Ye..u are\n|c|\u2606Rebel242|Stalling idiot\n|\n|t:|1700625709\n|move|p2a: Red|Earthquake|p1a: Alomomola\n|-damage|p1a: Alomomola|85\/100 par\n|move|p1a: Alomomola|Flip Turn|p2a: Red\n|-immune|p2a: Red|[from] ability: Water Absorb\n|\n|upkeep\n|turn|99\n|\n|t:|1700625717\n|switch|p2a: Chop|Garchomp, M|52\/100 slp\n|-damage|p2a: Chop|45\/100 slp|[from] Stealth Rock\n|-damage|p2a: Chop|29\/100 slp|[from] Spikes\n|cant|p1a: Alomomola|par\n|\n|upkeep\n|turn|100\n|\n|t:|1700625725\n|cant|p2a: Chop|slp\n|move|p2a: Chop|Sleep Talk|p2a: Chop\n|move|p2a: Chop|Dragon Tail|p1a: Alomomola|[from]move: Sleep Talk\n|-damage|p1a: Alomomola|69\/100 par\n|drag|p1a: Clodsire|Clodsire, F|100\/100 par\n|\n|upkeep\n|turn|101\n|\n|t:|1700625733\n|switch|p1a: Sinistcha|Sinistcha-Masterpiece|92\/100\n|cant|p2a: Chop|slp\n|\n|upkeep\n|turn|102\n|\n|t:|1700625740\n|-curestatus|p2a: Chop|slp|[msg]\n|move|p2a: Chop|Rest|p2a: Chop\n|-status|p2a: Chop|slp|[from] move: Rest\n|-heal|p2a: Chop|100\/100 slp|[silent]\n|move|p1a: Sinistcha|Shadow Ball|p2a: Chop\n|-damage|p2a: Chop|72\/100 slp\n|-unboost|p2a: Chop|spd|1\n|\n|upkeep\n|turn|103\n|\n|t:|1700625751\n|switch|p2a: Red|Clodsire, M|100\/100\n|move|p1a: Sinistcha|Matcha Gotcha|p2a: Red\n|-damage|p2a: Red|85\/100\n|-heal|p1a: Sinistcha|100\/100|[from] drain|[of] p2a: Red\n|\n|upkeep\n|turn|104\n|\n|t:|1700625759\n|switch|p1a: Alomomola|Alomomola, F, shiny|100\/100 par\n|move|p2a: Red|Earthquake|p1a: Alomomola\n|-damage|p1a: Alomomola|84\/100 par\n|\n|upkeep\n|turn|105\n|\n|t:|1700625765\n|move|p2a: Red|Earthquake|p1a: Alomomola\n|-damage|p1a: Alomomola|68\/100 par\n|cant|p1a: Alomomola|par\n|\n|upkeep\n|turn|106\n|\n|t:|1700625771\n|move|p2a: Red|Toxic||[still]\n|-fail|p2a: Red\n|cant|p1a: Alomomola|par\n|\n|upkeep\n|turn|107\n|\n|t:|1700625777\n|move|p2a: Red|Earthquake|p1a: Alomomola\n|-damage|p1a: Alomomola|50\/100 par\n|move|p1a: Alomomola|Flip Turn|p2a: Red\n|-heal|p2a: Red|100\/100|[from] ability: Water Absorb|[of] p1a: Alomomola\n|\n|upkeep\n|turn|108\n|\n|t:|1700625784\n|move|p2a: Red|Toxic||[still]\n|-fail|p2a: Red\n|move|p1a: Alomomola|Wish|p1a: Alomomola\n|\n|upkeep\n|turn|109\n|\n|t:|1700625789\n|move|p2a: Red|Earthquake|p1a: Alomomola\n|-damage|p1a: Alomomola|34\/100 par\n|move|p1a: Alomomola|Flip Turn|p2a: Red\n|-immune|p2a: Red|[from] ability: Water Absorb\n|\n|-heal|p1a: Alomomola|84\/100 par|[from] move: Wish|[wisher] Alomomola\n|upkeep\n|turn|110\n|\n|t:|1700625801\n|switch|p1a: Clodsire|Clodsire, F|100\/100 par\n|move|p2a: Red|Toxic||[still]\n|-fail|p2a: Red\n|\n|upkeep\n|turn|111\n|\n|t:|1700625807\n|switch|p1a: Alomomola|Alomomola, F, shiny|100\/100 par\n|move|p2a: Red|Stealth Rock||[still]\n|-fail|p2a: Red\n|\n|upkeep\n|turn|112\n|\n|t:|1700625813\n|switch|p1a: Clodsire|Clodsire, F|100\/100 par\n|move|p2a: Red|Toxic||[still]\n|-fail|p2a: Red\n|\n|upkeep\n|turn|113\n|\n|t:|1700625819\n|switch|p1a: Alomomola|Alomomola, F, shiny|100\/100 par\n|move|p2a: Red|Toxic||[still]\n|-fail|p2a: Red\n|\n|upkeep\n|turn|114\n|\n|t:|1700625830\n|switch|p1a: Clodsire|Clodsire, F|100\/100 par\n|move|p2a: Red|Stealth Rock||[still]\n|-fail|p2a: Red\n|\n|upkeep\n|turn|115\n|\n|t:|1700625843\n|move|p2a: Red|Stealth Rock||[still]\n|-fail|p2a: Red\n|cant|p1a: Clodsire|par\n|\n|upkeep\n|turn|116\n|\n|t:|1700625848\n|move|p2a: Red|Stealth Rock||[still]\n|-fail|p2a: Red\n|cant|p1a: Clodsire|par\n|\n|upkeep\n|turn|117\n|\n|t:|1700625853\n|move|p2a: Red|Stealth Rock||[still]\n|-fail|p2a: Red\n|move|p1a: Clodsire|Spikes|p2a: Red\n|-sidestart|p2: Rebel242|Spikes\n|\n|upkeep\n|turn|118\n|\n|t:|1700625859\n|switch|p1a: Alomomola|Alomomola, F, shiny|100\/100 par\n|move|p2a: Red|Stealth Rock||[still]\n|-fail|p2a: Red\n|\n|upkeep\n|turn|119\n|\n|t:|1700625864\n|switch|p1a: Clodsire|Clodsire, F|100\/100 par\n|move|p2a: Red|Stealth Rock||[still]\n|-fail|p2a: Red\n|\n|upkeep\n|turn|120\n|\n|t:|1700625871\n|switch|p1a: Alomomola|Alomomola, F, shiny|100\/100 par\n|move|p2a: Red|Stealth Rock||[still]\n|-fail|p2a: Red\n|\n|upkeep\n|turn|121\n|\n|t:|1700625878\n|switch|p2a: Chop|Garchomp, M|72\/100 slp\n|-damage|p2a: Chop|66\/100 slp|[from] Stealth Rock\n|-damage|p2a: Chop|41\/100 slp|[from] Spikes\n|switch|p1a: Clodsire|Clodsire, F|100\/100 par\n|\n|upkeep\n|turn|122\n|\n|t:|1700625887\n|switch|p1a: Sinistcha|Sinistcha-Masterpiece|100\/100\n|cant|p2a: Chop|slp\n|\n|upkeep\n|turn|123\n|\n|t:|1700625892\n|cant|p2a: Chop|slp\n|move|p1a: Sinistcha|Matcha Gotcha|p2a: Chop\n|-damage|p2a: Chop|8\/100 slp\n|\n|upkeep\n|turn|124\n|\n|t:|1700625899\n|-curestatus|p2a: Chop|slp|[msg]\n|move|p2a: Chop|Rest|p2a: Chop\n|-status|p2a: Chop|slp|[from] move: Rest\n|-heal|p2a: Chop|100\/100 slp|[silent]\n|move|p1a: Sinistcha|Shadow Ball|p2a: Chop\n|-damage|p2a: Chop|68\/100 slp\n|-unboost|p2a: Chop|spd|1\n|\n|upkeep\n|turn|125\n|\n|t:|1700625910\n|switch|p2a: Red|Clodsire, M|100\/100\n|move|p1a: Sinistcha|Matcha Gotcha|p2a: Red\n|-damage|p2a: Red|83\/100\n|\n|upkeep\n|turn|126\n|\n|t:|1700625921\n|switch|p1a: Alomomola|Alomomola, F, shiny|100\/100 par\n|move|p2a: Red|Toxic||[still]\n|-fail|p2a: Red\n|\n|upkeep\n|turn|127\n|\n|t:|1700625929\n|switch|p2a: Chop|Garchomp, M|68\/100 slp\n|-damage|p2a: Chop|62\/100 slp|[from] Stealth Rock\n|-damage|p2a: Chop|37\/100 slp|[from] Spikes\n|cant|p1a: Alomomola|par\n|\n|upkeep\n|turn|128\n|\n|t:|1700625936\n|cant|p2a: Chop|slp\n|move|p2a: Chop|Sleep Talk|p2a: Chop\n|move|p2a: Chop|Dragon Tail|p1a: Alomomola|[from]move: Sleep Talk\n|-damage|p1a: Alomomola|84\/100 par\n|drag|p1a: Sinistcha|Sinistcha-Masterpiece|100\/100\n|\n|upkeep\n|turn|129\n|\n|t:|1700625945\n|cant|p2a: Chop|slp\n|move|p2a: Chop|Sleep Talk|p2a: Chop\n|move|p2a: Chop|Earthquake|p1a: Sinistcha|[from]move: Sleep Talk\n|-resisted|p1a: Sinistcha\n|-damage|p1a: Sinistcha|86\/100\n|move|p1a: Sinistcha|Matcha Gotcha|p2a: Chop\n|-damage|p2a: Chop|9\/100 slp\n|-heal|p1a: Sinistcha|100\/100|[from] drain|[of] p2a: Chop\n|\n|upkeep\n|turn|130\n|\n|t:|1700625957\n|-curestatus|p2a: Chop|slp|[msg]\n|move|p2a: Chop|Rest|p2a: Chop\n|-status|p2a: Chop|slp|[from] move: Rest\n|-heal|p2a: Chop|100\/100 slp|[silent]\n|move|p1a: Sinistcha|Shadow Ball|p2a: Chop\n|-damage|p2a: Chop|70\/100 slp\n|\n|upkeep\n|turn|131\n|inactive|Rebel242 has 60 seconds left.\n|\n|t:|1700625968\n|switch|p2a: Red|Clodsire, M|83\/100\n|move|p1a: Sinistcha|Shadow Ball|p2a: Red\n|-damage|p2a: Red|68\/100\n|\n|upkeep\n|turn|132\n|inactive|Rebel242 has 60 seconds left.\n|\n|t:|1700625975\n|switch|p1a: Alomomola|Alomomola, F, shiny|100\/100 par\n|switch|p2a: Poe|Zapdos|100\/100\n|-damage|p2a: Poe|76\/100|[from] Stealth Rock\n|\n|upkeep\n|turn|133\n|inactive|Rebel242 has 60 seconds left.\n|\n|t:|1700625985\n|cant|p1a: Alomomola|par\n|move|p2a: Poe|Hurricane|p1a: Alomomola\n|-damage|p1a: Alomomola|42\/100 par\n|\n|upkeep\n|turn|134\n|inactive|Rebel242 has 60 seconds left.\n|\n|t:|1700625990\n|switch|p1a: Clodsire|Clodsire, F|100\/100 par\n|move|p2a: Poe|Hurricane|p1a: Clodsire|[miss]\n|-miss|p2a: Poe|p1a: Clodsire\n|\n|upkeep\n|turn|135\n|inactive|Rebel242 has 60 seconds left.\n|\n|t:|1700625997\n|move|p2a: Poe|Hurricane|p1a: Clodsire\n|-damage|p1a: Clodsire|65\/100 par\n|move|p1a: Clodsire|Amnesia|p1a: Clodsire\n|-boost|p1a: Clodsire|spd|2\n|\n|upkeep\n|turn|136\n|inactive|Rebel242 has 60 seconds left.\n|\n|t:|1700626006\n|switch|p2a: Chop|Garchomp, M|70\/100 slp\n|-damage|p2a: Chop|63\/100 slp|[from] Stealth Rock\n|-damage|p2a: Chop|38\/100 slp|[from] Spikes\n|move|p1a: Clodsire|Poison Jab|p2a: Chop\n|-resisted|p2a: Chop\n|-damage|p2a: Chop|32\/100 slp\n|-damage|p1a: Clodsire|53\/100 par|[from] ability: Rough Skin|[of] p2a: Chop\n|-damage|p1a: Clodsire|36\/100 par|[from] item: Rocky Helmet|[of] p2a: Chop\n|\n|upkeep\n|turn|137\n|inactive|Rebel242 has 60 seconds left.\n|\n|t:|1700626017\n|switch|p1a: Alomomola|Alomomola, F, shiny|75\/100 par\n|cant|p2a: Chop|slp\n|move|p2a: Chop|Sleep Talk|p2a: Chop\n|move|p2a: Chop|Earthquake|p1a: Alomomola|[from]move: Sleep Talk\n|-crit|p1a: Alomomola\n|-damage|p1a: Alomomola|34\/100 par\n|\n|upkeep\n|turn|138\n|\n|t:|1700626027\n|cant|p2a: Chop|slp\n|move|p2a: Chop|Sleep Talk|p2a: Chop\n|move|p2a: Chop|Rest||[from]move: Sleep Talk|[still]\n|-fail|p2a: Chop\n|move|p1a: Alomomola|Wish|p1a: Alomomola\n|\n|upkeep\n|turn|139\n|\n|t:|1700626035\n|move|p1a: Alomomola|Flip Turn|p2a: Chop\n|-damage|p2a: Chop|22\/100 slp\n|-damage|p1a: Alomomola|22\/100 par|[from] ability: Rough Skin|[of] p2a: Chop\n|-damage|p1a: Alomomola|5\/100 par|[from] item: Rocky Helmet|[of] p2a: Chop\n|\n|t:|1700626040\n|switch|p1a: Sinistcha|Sinistcha-Masterpiece|100\/100|[from] Flip Turn\n|-curestatus|p2a: Chop|slp|[msg]\n|move|p2a: Chop|Dragon Tail|p1a: Sinistcha\n|-damage|p1a: Sinistcha|80\/100\n|drag|p1a: Clodsire|Clodsire, F|36\/100 par\n|\n|-heal|p1a: Clodsire|88\/100 par|[from] move: Wish|[wisher] Alomomola\n|upkeep\n|turn|140\n|inactive|Rebel242 has 60 seconds left.\n|\n|t:|1700626052\n|switch|p1a: Sinistcha|Sinistcha-Masterpiece|80\/100\n|move|p2a: Chop|Earthquake|p1a: Sinistcha\n|-resisted|p1a: Sinistcha\n|-damage|p1a: Sinistcha|63\/100\n|\n|upkeep\n|turn|141\n|\n|t:|1700626058\n|move|p2a: Chop|Rest|p2a: Chop\n|-status|p2a: Chop|slp|[from] move: Rest\n|-heal|p2a: Chop|100\/100 slp|[silent]\n|move|p1a: Sinistcha|Strength Sap|p2a: Chop\n|-unboost|p2a: Chop|atk|1\n|-heal|p1a: Sinistcha|100\/100\n|\n|upkeep\n|turn|142\n|\n|t:|1700626069\n|switch|p2a: Poe|Zapdos|76\/100\n|-damage|p2a: Poe|51\/100|[from] Stealth Rock\n|move|p1a: Sinistcha|Matcha Gotcha|p2a: Poe\n|-resisted|p2a: Poe\n|-damage|p2a: Poe|35\/100\n|\n|upkeep\n|turn|143\n|\n|t:|1700626078\n|-terastallize|p1a: Sinistcha|Steel\n|move|p2a: Poe|Roost|p2a: Poe\n|-heal|p2a: Poe|85\/100\n|-singleturn|p2a: Poe|move: Roost\n|move|p1a: Sinistcha|Shadow Ball|p2a: Poe\n|-damage|p2a: Poe|51\/100\n|\n|upkeep\n|turn|144\n|\n|t:|1700626087\n|move|p2a: Poe|Heat Wave|p1a: Sinistcha\n|-supereffective|p1a: Sinistcha\n|-damage|p1a: Sinistcha|55\/100\n|move|p1a: Sinistcha|Shadow Ball|p2a: Poe\n|-damage|p2a: Poe|16\/100\n|\n|upkeep\n|turn|145\n|\n|t:|1700626103\n|move|p2a: Poe|Roost|p2a: Poe\n|-heal|p2a: Poe|66\/100\n|-singleturn|p2a: Poe|move: Roost\n|move|p1a: Sinistcha|Strength Sap|p2a: Poe\n|-unboost|p2a: Poe|atk|1\n|-heal|p1a: Sinistcha|100\/100\n|\n|upkeep\n|turn|146\n|\n|t:|1700626112\n|switch|p1a: Clodsire|Clodsire, F|88\/100 par\n|move|p2a: Poe|Discharge|p1a: Clodsire\n|-immune|p1a: Clodsire\n|\n|upkeep\n|turn|147\n|\n|t:|1700626120\n|switch|p2a: Chop|Garchomp, M|100\/100 slp\n|-damage|p2a: Chop|94\/100 slp|[from] Stealth Rock\n|-damage|p2a: Chop|69\/100 slp|[from] Spikes\n|move|p1a: Clodsire|Amnesia|p1a: Clodsire\n|-boost|p1a: Clodsire|spd|2\n|\n|upkeep\n|turn|148\n|\n|t:|1700626128\n|switch|p1a: Alomomola|Alomomola, F, shiny|38\/100 par\n|cant|p2a: Chop|slp\n|move|p2a: Chop|Sleep Talk|p2a: Chop\n|move|p2a: Chop|Rest||[from]move: Sleep Talk|[still]\n|-fail|p2a: Chop\n|\n|upkeep\n|turn|149\n|\n|t:|1700626137\n|cant|p2a: Chop|slp\n|move|p2a: Chop|Sleep Talk|p2a: Chop\n|move|p2a: Chop|Dragon Tail|p1a: Alomomola|[from]move: Sleep Talk|[miss]\n|-miss|p2a: Chop|p1a: Alomomola\n|cant|p1a: Alomomola|par\n|\n|upkeep\n|turn|150\n|\n|t:|1700626146\n|-curestatus|p2a: Chop|slp|[msg]\n|move|p2a: Chop|Earthquake|p1a: Alomomola\n|-damage|p1a: Alomomola|14\/100 par\n|move|p1a: Alomomola|Wish|p1a: Alomomola\n|\n|upkeep\n|turn|151\n|\n|t:|1700626157\n|move|p1a: Alomomola|Protect|p1a: Alomomola\n|-singleturn|p1a: Alomomola|Protect\n|move|p2a: Chop|Dragon Tail|p1a: Alomomola\n|-activate|p1a: Alomomola|move: Protect\n|\n|-heal|p1a: Alomomola|64\/100 par|[from] move: Wish|[wisher] Alomomola\n|upkeep\n|turn|152\n|\n|t:|1700626165\n|move|p2a: Chop|Earthquake|p1a: Alomomola\n|-damage|p1a: Alomomola|41\/100 par\n|move|p1a: Alomomola|Scald|p2a: Chop\n|-damage|p2a: Chop|57\/100\n|\n|upkeep\n|turn|153\n|\n|t:|1700626172\n|move|p2a: Chop|Earthquake|p1a: Alomomola\n|-damage|p1a: Alomomola|17\/100 par\n|move|p1a: Alomomola|Wish|p1a: Alomomola\n|\n|upkeep\n|turn|154\n|\n|t:|1700626178\n|cant|p1a: Alomomola|par\n|move|p2a: Chop|Earthquake|p1a: Alomomola\n|-damage|p1a: Alomomola|0 fnt\n|faint|p1a: Alomomola\n|\n|upkeep\n|\n|t:|1700626182\n|switch|p1a: Sinistcha|Sinistcha-Masterpiece, tera:Steel|100\/100\n|turn|155\n|c|\u2606Rebel242|Bitch ass nukka\n|n|\u203dRebel242|rebel242\n|c|&|\/log Rebel242 was locked from talking by Artemis for a week. (\u2606Rebel242: Bitch ass nukka)\n|c|&|\/raw <small>This action was done automatically. Want to learn more about the AI? <a href=\"https:\/\/www.smogon.com\/forums\/threads\/3570628\/#post-9056769\">Visit the information thread<\/a>.<\/small>\n|inactive|Rebel242 has 30 seconds left.\n|c|\u2606little man skwovet|thats crazy\n|c|\u2606little man skwovet|lol\n|inactive|Rebel242 has 20 seconds left.\n|\n|t:|1700626209\n|move|p2a: Chop|Earthquake|p1a: Sinistcha\n|-supereffective|p1a: Sinistcha\n|-damage|p1a: Sinistcha|41\/100\n|move|p1a: Sinistcha|Strength Sap|p2a: Chop\n|-unboost|p2a: Chop|atk|1\n|-heal|p1a: Sinistcha|100\/100\n|\n|upkeep\n|turn|156\n|inactive|Rebel242 has 25 seconds left this turn.\n|inactive|Rebel242 has 20 seconds left.\n|inactive|Rebel242 has 15 seconds left.\n|\n|t:|1700626222\n|switch|p2a: Red|Clodsire, M|68\/100\n|move|p1a: Sinistcha|Shadow Ball|p2a: Red\n|-damage|p2a: Red|50\/100\n|\n|upkeep\n|turn|157\n|inactive|Rebel242 has 20 seconds left this turn.\n|inactive|Rebel242 has 15 seconds left.\n|\n|t:|1700626229\n|move|p1a: Sinistcha|Matcha Gotcha|p2a: Red\n|-damage|p2a: Red|33\/100\n|move|p2a: Red|Recover|p2a: Red\n|-heal|p2a: Red|83\/100\n|\n|upkeep\n|turn|158\n|inactive|Rebel242 has 20 seconds left this turn.\n|inactive|Rebel242 has 15 seconds left.\n|\n|t:|1700626238\n|switch|p1a: Clodsire|Clodsire, F|88\/100 par\n|move|p2a: Red|Stealth Rock||[still]\n|-fail|p2a: Red\n|\n|upkeep\n|turn|159\n|inactive|Rebel242 has 20 seconds left this turn.\n|inactive|Rebel242 has 15 seconds left.\n|\n|t:|1700626245\n|switch|p1a: Sinistcha|Sinistcha-Masterpiece, tera:Steel|100\/100\n|move|p2a: Red|Stealth Rock||[still]\n|-fail|p2a: Red\n|\n|upkeep\n|turn|160\n|inactive|Rebel242 has 20 seconds left this turn.\n|inactive|Rebel242 has 15 seconds left.\n|\n|t:|1700626251\n|switch|p1a: Clodsire|Clodsire, F|88\/100 par\n|move|p2a: Red|Stealth Rock||[still]\n|-fail|p2a: Red\n|\n|upkeep\n|turn|161\n|inactive|Rebel242 has 20 seconds left this turn.\n|inactive|Rebel242 has 15 seconds left.\n|\n|t:|1700626257\n|switch|p1a: Sinistcha|Sinistcha-Masterpiece, tera:Steel|100\/100\n|move|p2a: Red|Stealth Rock||[still]\n|-fail|p2a: Red\n|\n|upkeep\n|turn|162\n|inactive|Rebel242 has 20 seconds left this turn.\n|inactive|Rebel242 has 15 seconds left.\n|\n|t:|1700626263\n|switch|p1a: Clodsire|Clodsire, F|88\/100 par\n|move|p2a: Red|Stealth Rock||[still]\n|-fail|p2a: Red\n|\n|upkeep\n|turn|163\n|inactive|Rebel242 has 20 seconds left this turn.\n|inactive|Rebel242 has 15 seconds left.\n|\n|t:|1700626269\n|switch|p1a: Sinistcha|Sinistcha-Masterpiece, tera:Steel|100\/100\n|move|p2a: Red|Stealth Rock||[still]\n|-fail|p2a: Red\n|\n|upkeep\n|turn|164\n|inactive|Rebel242 has 20 seconds left this turn.\n|inactive|Rebel242 has 15 seconds left.\n|\n|t:|1700626275\n|switch|p1a: Clodsire|Clodsire, F|88\/100 par\n|switch|p2a: 50|Landorus-Therian, M|43\/100\n|-damage|p2a: 50|31\/100|[from] Stealth Rock\n|-ability|p2a: 50|Intimidate|boost\n|-unboost|p1a: Clodsire|atk|1\n|\n|upkeep\n|turn|165\n|inactive|Rebel242 has 20 seconds left this turn.\n|inactive|Rebel242 has 15 seconds left.\n|\n|t:|1700626283\n|switch|p1a: Sinistcha|Sinistcha-Masterpiece, tera:Steel|100\/100\n|move|p2a: 50|Earthquake|p1a: Sinistcha\n|-supereffective|p1a: Sinistcha\n|-damage|p1a: Sinistcha|17\/100\n|\n|upkeep\n|turn|166\n|inactive|Rebel242 has 20 seconds left this turn.\n|inactive|Rebel242 has 15 seconds left.\n|\n|t:|1700626290\n|move|p2a: 50|Earthquake|p1a: Sinistcha\n|-supereffective|p1a: Sinistcha\n|-damage|p1a: Sinistcha|0 fnt\n|faint|p1a: Sinistcha\n|\n|upkeep\n|inactive|Rebel242 has 20 seconds left this turn.\n|\n|t:|1700626292\n|switch|p1a: Clodsire|Clodsire, F|88\/100 par\n|turn|167\n|inactive|Rebel242 has 25 seconds left this turn.\n|inactive|Rebel242 has 20 seconds left.\n|\n|t:|1700626300\n|move|p2a: 50|Earthquake|p1a: Clodsire\n|-supereffective|p1a: Clodsire\n|-damage|p1a: Clodsire|0 fnt\n|faint|p1a: Clodsire\n|\n|win|Rebel242\n|inactive|Rebel242 has 25 seconds left this turn.\n|raw|little man skwovet's rating: 1520 &rarr; <strong>1496<\/strong><br \/>(-24 for losing)\n|raw|Rebel242's rating: 1443 &rarr; <strong>1467<\/strong><br \/>(+24 for winning)\n","uploadtime":1700626192,"views":1,"p1id":"littlemanskwovet","p2id":"rebel242","formatid":"gen9ou","rating":1467,"private":0,"password":""}