{"id":"gen9ou-1994167500","p1":"OJB989","p2":"FrostByte_240","format":"[Gen 9] OU","log":"|j|\u2606OJB989\n|j|\u2606FrostByte_240\n|t:|1700414661\n|gametype|singles\n|player|p1|OJB989|firebreather|1342\n|player|p2|FrostByte_240|skier|1391\n|teamsize|p1|6\n|teamsize|p2|6\n|gen|9\n|tier|[Gen 9] OU\n|rated|\n|rule|Sleep Clause Mod: Limit one foe put to sleep\n|rule|Species Clause: Limit one of each Pok\u00e9mon\n|rule|OHKO Clause: OHKO moves are banned\n|rule|Evasion Items Clause: Evasion items are banned\n|rule|Evasion Moves Clause: Evasion moves are banned\n|rule|Endless Battle Clause: Forcing endless battles is banned\n|rule|HP Percentage Mod: HP is shown in percentages\n|clearpoke\n|poke|p1|Overqwil, F|\n|poke|p1|Heatran, F|\n|poke|p1|Gholdengo|\n|poke|p1|Dondozo, F|\n|poke|p1|Ogerpon-Wellspring, F|\n|poke|p1|Clefable, M|\n|poke|p2|Pelipper, F|\n|poke|p2|Ogerpon-Wellspring, F|\n|poke|p2|Walking Wake|\n|poke|p2|Great Tusk|\n|poke|p2|Floatzel, M|\n|poke|p2|Zapdos|\n|teampreview\n|inactive|Battle timer is ON: inactive players will automatically lose when time's up. (requested by FrostByte_240)\n|\n|t:|1700414668\n|start\n|switch|p1a: Overqwil|Overqwil, F|100\/100\n|switch|p2a: Pelipper|Pelipper, F|100\/100\n|-ability|p1a: Overqwil|Intimidate|boost\n|-unboost|p2a: Pelipper|atk|1\n|-weather|RainDance|[from] ability: Drizzle|[of] p2a: Pelipper\n|turn|1\n|\n|t:|1700414677\n|-terastallize|p1a: Overqwil|Dragon\n|move|p1a: Overqwil|Scale Shot|p2a: Pelipper\n|-damage|p2a: Pelipper|89\/100\n|-damage|p2a: Pelipper|80\/100\n|-damage|p2a: Pelipper|69\/100\n|-damage|p2a: Pelipper|59\/100\n|-hitcount|p2a: Pelipper|4\n|-unboost|p1a: Overqwil|def|1\n|-boost|p1a: Overqwil|spe|1\n|move|p2a: Pelipper|U-turn|p1a: Overqwil\n|-damage|p1a: Overqwil|91\/100\n|\n|t:|1700414684\n|switch|p2a: Floatzel|Floatzel, M|100\/100|[from] U-turn\n|\n|-weather|RainDance|[upkeep]\n|upkeep\n|turn|2\n|\n|t:|1700414693\n|switch|p1a: Dondozo|Dondozo, F|100\/100\n|move|p2a: Floatzel|Wave Crash|p1a: Dondozo\n|-resisted|p1a: Dondozo\n|-damage|p1a: Dondozo|64\/100\n|-damage|p2a: Floatzel|84\/100|[from] item: Rocky Helmet|[of] p1a: Dondozo\n|-damage|p2a: Floatzel|64\/100|[from] Recoil\n|\n|-weather|RainDance|[upkeep]\n|upkeep\n|turn|3\n|\n|t:|1700414702\n|switch|p2a: Zapdos|Zapdos|100\/100\n|switch|p1a: Ogerpon|Ogerpon-Wellspring, F|100\/100\n|\n|-weather|RainDance|[upkeep]\n|upkeep\n|turn|4\n|\n|t:|1700414712\n|switch|p1a: Clefable|Clefable, M|100\/100\n|move|p2a: Zapdos|Hurricane|p1a: Clefable\n|-damage|p1a: Clefable|59\/100\n|\n|-weather|RainDance|[upkeep]\n|upkeep\n|turn|5\n|\n|t:|1700414719\n|move|p2a: Zapdos|Thunder|p1a: Clefable\n|-damage|p1a: Clefable|19\/100\n|move|p1a: Clefable|Wish|p1a: Clefable\n|\n|-weather|RainDance|[upkeep]\n|upkeep\n|turn|6\n|\n|t:|1700414727\n|switch|p1a: Overqwil|Overqwil, F, tera:Dragon|91\/100\n|-ability|p1a: Overqwil|Intimidate|boost\n|-unboost|p2a: Zapdos|atk|1\n|move|p2a: Zapdos|Thunder|p1a: Overqwil\n|-resisted|p1a: Overqwil\n|-damage|p1a: Overqwil|57\/100\n|-status|p1a: Overqwil|par\n|\n|-weather|RainDance|[upkeep]\n|-heal|p1a: Overqwil|100\/100 par|[from] move: Wish|[wisher] Clefable\n|upkeep\n|turn|7\n|c|\u2606OJB989|fuck\n|\n|t:|1700414736\n|move|p2a: Zapdos|Hurricane|p1a: Overqwil\n|-damage|p1a: Overqwil|33\/100 par\n|move|p1a: Overqwil|Scale Shot|p2a: Zapdos\n|-crit|p2a: Zapdos\n|-damage|p2a: Zapdos|83\/100\n|-damage|p2a: Zapdos|71\/100\n|-damage|p2a: Zapdos|59\/100\n|-damage|p2a: Zapdos|48\/100\n|-hitcount|p2a: Zapdos|4\n|-unboost|p1a: Overqwil|def|1\n|-boost|p1a: Overqwil|spe|1\n|\n|-weather|RainDance|[upkeep]\n|upkeep\n|turn|8\n|\n|t:|1700414741\n|move|p2a: Zapdos|Hurricane|p1a: Overqwil\n|-damage|p1a: Overqwil|0 fnt\n|faint|p1a: Overqwil\n|\n|-weather|none\n|upkeep\n|\n|t:|1700414745\n|switch|p1a: Heatran|Heatran, F|100\/100\n|turn|9\n|\n|t:|1700414748\n|switch|p2a: Pelipper|Pelipper, F|59\/100\n|-weather|RainDance|[from] ability: Drizzle|[of] p2a: Pelipper\n|move|p1a: Heatran|Magma Storm|p2a: Pelipper\n|-resisted|p2a: Pelipper\n|-damage|p2a: Pelipper|41\/100\n|-activate|p2a: Pelipper|move: Magma Storm|[of] p1a: Heatran\n|\n|-weather|RainDance|[upkeep]\n|-damage|p2a: Pelipper|29\/100|[from] move: Magma Storm|[partiallytrapped]\n|upkeep\n|turn|10\n|\n|t:|1700414760\n|switch|p1a: Clefable|Clefable, M|19\/100\n|move|p2a: Pelipper|Surf|p1a: Clefable\n|-damage|p1a: Clefable|0 fnt\n|faint|p1a: Clefable\n|\n|-weather|RainDance|[upkeep]\n|-end|p2a: Pelipper|Magma Storm|[partiallytrapped]|[silent]\n|upkeep\n|\n|t:|1700414764\n|switch|p1a: Ogerpon|Ogerpon-Wellspring, F|100\/100\n|turn|11\n|\n|t:|1700414771\n|move|p1a: Ogerpon|Horn Leech|p2a: Pelipper\n|-damage|p2a: Pelipper|0 fnt\n|faint|p2a: Pelipper\n|\n|-weather|RainDance|[upkeep]\n|upkeep\n|\n|t:|1700414777\n|switch|p2a: Zapdos|Zapdos|48\/100\n|turn|12\n|\n|t:|1700414781\n|move|p1a: Ogerpon|Ivy Cudgel|p2a: Zapdos|[anim] Ivy Cudgel Water\n|-crit|p2a: Zapdos\n|-damage|p2a: Zapdos|0 fnt\n|faint|p2a: Zapdos\n|\n|-weather|RainDance|[upkeep]\n|upkeep\n|\n|t:|1700414797\n|switch|p2a: Walking Wake|Walking Wake|100\/100\n|-enditem|p2a: Walking Wake|Booster Energy\n|-activate|p2a: Walking Wake|ability: Protosynthesis|[fromitem]\n|-start|p2a: Walking Wake|protosynthesisspa\n|turn|13\n|c|\u2606OJB989|it was rain boosted i dont think that mattered but high ratio anyhow\n|inactive|OJB989 has 120 seconds left.\n|\n|t:|1700414830\n|move|p1a: Ogerpon|Horn Leech|p2a: Walking Wake\n|-damage|p2a: Walking Wake|49\/100\n|move|p2a: Walking Wake|Dragon Pulse|p1a: Ogerpon\n|-damage|p1a: Ogerpon|32\/100\n|\n|-weather|RainDance|[upkeep]\n|upkeep\n|turn|14\n|\n|t:|1700414836\n|move|p1a: Ogerpon|Horn Leech|p2a: Walking Wake\n|-damage|p2a: Walking Wake|5\/100\n|-heal|p1a: Ogerpon|57\/100|[from] drain|[of] p2a: Walking Wake\n|move|p2a: Walking Wake|Dragon Pulse|p1a: Ogerpon\n|-damage|p1a: Ogerpon|0 fnt\n|faint|p1a: Ogerpon\n|\n|-weather|RainDance|[upkeep]\n|upkeep\n|c|\u2606OJB989|what is that roll\n|inactive|OJB989 has 120 seconds left.\n|c|\u2606OJB989|51 to 44\n|inactive|OJB989 has 90 seconds left.\n|\n|t:|1700414885\n|switch|p1a: Dondozo|Dondozo, F|64\/100\n|turn|15\n|\n|t:|1700414888\n|move|p2a: Walking Wake|Dragon Pulse|p1a: Dondozo\n|-crit|p1a: Dondozo\n|-damage|p1a: Dondozo|2\/100\n|move|p1a: Dondozo|Rest|p1a: Dondozo\n|-status|p1a: Dondozo|slp|[from] move: Rest\n|-heal|p1a: Dondozo|100\/100 slp|[silent]\n|\n|-weather|RainDance|[upkeep]\n|upkeep\n|turn|16\n|\n|t:|1700414893\n|move|p2a: Walking Wake|Dragon Pulse|p1a: Dondozo\n|-damage|p1a: Dondozo|55\/100 slp\n|cant|p1a: Dondozo|slp\n|move|p1a: Dondozo|Sleep Talk|p1a: Dondozo\n|move|p1a: Dondozo|Curse|p1a: Dondozo|[from]move: Sleep Talk\n|-unboost|p1a: Dondozo|spe|1\n|-boost|p1a: Dondozo|atk|1\n|-boost|p1a: Dondozo|def|1\n|\n|-weather|none\n|upkeep\n|turn|17\n|c|\u2606OJB989|spdef dozo\n|\n|t:|1700414902\n|move|p2a: Walking Wake|Dragon Pulse|p1a: Dondozo\n|-damage|p1a: Dondozo|8\/100 slp\n|cant|p1a: Dondozo|slp\n|move|p1a: Dondozo|Sleep Talk|p1a: Dondozo\n|move|p1a: Dondozo|Wave Crash|p2a: Walking Wake|[from]move: Sleep Talk\n|-resisted|p2a: Walking Wake\n|-damage|p2a: Walking Wake|0 fnt\n|faint|p2a: Walking Wake\n|-end|p2a: Walking Wake|Protosynthesis|[silent]\n|-damage|p1a: Dondozo|7\/100 slp|[from] Recoil\n|\n|upkeep\n|\n|t:|1700414908\n|switch|p2a: Ogerpon|Ogerpon-Wellspring, F|100\/100\n|turn|18\n|c|\u2606OJB989|yeahhhhhh dozo\n|\n|t:|1700414916\n|move|p2a: Ogerpon|Swords Dance|p2a: Ogerpon\n|-boost|p2a: Ogerpon|atk|2\n|-curestatus|p1a: Dondozo|slp|[msg]\n|move|p1a: Dondozo|Rest|p1a: Dondozo\n|-status|p1a: Dondozo|slp|[from] move: Rest\n|-heal|p1a: Dondozo|100\/100 slp|[silent]\n|\n|upkeep\n|turn|19\n|\n|t:|1700414924\n|switch|p1a: Gholdengo|Gholdengo|100\/100\n|move|p2a: Ogerpon|Trailblaze|p1a: Gholdengo\n|-resisted|p1a: Gholdengo\n|-damage|p1a: Gholdengo|78\/100\n|-boost|p2a: Ogerpon|spe|1\n|\n|-heal|p1a: Gholdengo|84\/100|[from] item: Leftovers\n|upkeep\n|turn|20\n|\n|t:|1700414928\n|move|p2a: Ogerpon|Ivy Cudgel|p1a: Gholdengo|[anim] Ivy Cudgel Water\n|-damage|p1a: Gholdengo|0 fnt\n|faint|p1a: Gholdengo\n|\n|upkeep\n|\n|t:|1700414935\n|switch|p1a: Heatran|Heatran, F|100\/100\n|turn|21\n|\n|t:|1700414937\n|move|p2a: Ogerpon|Stomping Tantrum|p1a: Heatran\n|-supereffective|p1a: Heatran\n|-damage|p1a: Heatran|0 fnt\n|faint|p1a: Heatran\n|\n|upkeep\n|\n|t:|1700414940\n|switch|p1a: Dondozo|Dondozo, F|100\/100 slp\n|turn|22\n|\n|t:|1700414947\n|move|p2a: Ogerpon|Trailblaze|p1a: Dondozo\n|-supereffective|p1a: Dondozo\n|-damage|p1a: Dondozo|68\/100 slp\n|-boost|p2a: Ogerpon|spe|1\n|-damage|p2a: Ogerpon|84\/100|[from] item: Rocky Helmet|[of] p1a: Dondozo\n|cant|p1a: Dondozo|slp\n|\n|upkeep\n|turn|23\n|\n|t:|1700414952\n|move|p2a: Ogerpon|Trailblaze|p1a: Dondozo\n|-supereffective|p1a: Dondozo\n|-damage|p1a: Dondozo|33\/100 slp\n|-boost|p2a: Ogerpon|spe|1\n|-damage|p2a: Ogerpon|67\/100|[from] item: Rocky Helmet|[of] p1a: Dondozo\n|cant|p1a: Dondozo|slp\n|move|p1a: Dondozo|Sleep Talk|p1a: Dondozo\n|move|p1a: Dondozo|Rest||[from]move: Sleep Talk|[still]\n|-fail|p1a: Dondozo\n|\n|upkeep\n|turn|24\n|\n|t:|1700414958\n|move|p2a: Ogerpon|Trailblaze|p1a: Dondozo\n|-supereffective|p1a: Dondozo\n|-damage|p1a: Dondozo|1\/100 slp\n|-boost|p2a: Ogerpon|spe|1\n|-damage|p2a: Ogerpon|51\/100|[from] item: Rocky Helmet|[of] p1a: Dondozo\n|-curestatus|p1a: Dondozo|slp|[msg]\n|move|p1a: Dondozo|Rest|p1a: Dondozo\n|-status|p1a: Dondozo|slp|[from] move: Rest\n|-heal|p1a: Dondozo|100\/100 slp|[silent]\n|\n|upkeep\n|turn|25\n|\n|t:|1700414970\n|move|p2a: Ogerpon|Trailblaze|p1a: Dondozo\n|-supereffective|p1a: Dondozo\n|-damage|p1a: Dondozo|69\/100 slp\n|-boost|p2a: Ogerpon|spe|1\n|-damage|p2a: Ogerpon|34\/100|[from] item: Rocky Helmet|[of] p1a: Dondozo\n|cant|p1a: Dondozo|slp\n|move|p1a: Dondozo|Sleep Talk|p1a: Dondozo\n|move|p1a: Dondozo|Rest||[from]move: Sleep Talk|[still]\n|-fail|p1a: Dondozo\n|\n|upkeep\n|turn|26\n|\n|t:|1700414975\n|move|p2a: Ogerpon|Trailblaze|p1a: Dondozo\n|-supereffective|p1a: Dondozo\n|-damage|p1a: Dondozo|38\/100 slp\n|-boost|p2a: Ogerpon|spe|1\n|-damage|p2a: Ogerpon|17\/100|[from] item: Rocky Helmet|[of] p1a: Dondozo\n|cant|p1a: Dondozo|slp\n|move|p1a: Dondozo|Sleep Talk|p1a: Dondozo\n|move|p1a: Dondozo|Rest||[from]move: Sleep Talk|[still]\n|-fail|p1a: Dondozo\n|\n|upkeep\n|turn|27\n|\n|t:|1700414980\n|move|p2a: Ogerpon|Trailblaze|p1a: Dondozo\n|-supereffective|p1a: Dondozo\n|-damage|p1a: Dondozo|4\/100 slp\n|-damage|p2a: Ogerpon|1\/100|[from] item: Rocky Helmet|[of] p1a: Dondozo\n|-curestatus|p1a: Dondozo|slp|[msg]\n|move|p1a: Dondozo|Rest|p1a: Dondozo\n|-status|p1a: Dondozo|slp|[from] move: Rest\n|-heal|p1a: Dondozo|100\/100 slp|[silent]\n|\n|upkeep\n|turn|28\n|c|\u2606OJB989|tera do it\n|\n|t:|1700415004\n|move|p2a: Ogerpon|Trailblaze|p1a: Dondozo\n|-supereffective|p1a: Dondozo\n|-damage|p1a: Dondozo|67\/100 slp\n|-damage|p2a: Ogerpon|0 fnt|[from] item: Rocky Helmet|[of] p1a: Dondozo\n|faint|p2a: Ogerpon\n|cant|p1a: Dondozo|slp\n|move|p1a: Dondozo|Sleep Talk|p1a: Dondozo\n|move|p1a: Dondozo|Wave Crash|p2: Ogerpon|[from]move: Sleep Talk|[notarget]\n|-fail|p1a: Dondozo\n|\n|upkeep\n|\n|t:|1700415016\n|switch|p2a: Great Tusk|Great Tusk|100\/100\n|turn|29\n|\n|t:|1700415019\n|-terastallize|p2a: Great Tusk|Steel\n|move|p2a: Great Tusk|Close Combat|p1a: Dondozo\n|-damage|p1a: Dondozo|34\/100 slp\n|-unboost|p2a: Great Tusk|def|1\n|-unboost|p2a: Great Tusk|spd|1\n|-damage|p2a: Great Tusk|84\/100|[from] item: Rocky Helmet|[of] p1a: Dondozo\n|cant|p1a: Dondozo|slp\n|move|p1a: Dondozo|Sleep Talk|p1a: Dondozo\n|move|p1a: Dondozo|Curse|p1a: Dondozo|[from]move: Sleep Talk\n|-unboost|p1a: Dondozo|spe|1\n|-boost|p1a: Dondozo|atk|1\n|-boost|p1a: Dondozo|def|1\n|\n|-heal|p2a: Great Tusk|90\/100|[from] item: Leftovers\n|upkeep\n|turn|30\n|\n|t:|1700415026\n|move|p2a: Great Tusk|Close Combat|p1a: Dondozo\n|-damage|p1a: Dondozo|10\/100 slp\n|-unboost|p2a: Great Tusk|def|1\n|-unboost|p2a: Great Tusk|spd|1\n|-damage|p2a: Great Tusk|74\/100|[from] item: Rocky Helmet|[of] p1a: Dondozo\n|-curestatus|p1a: Dondozo|slp|[msg]\n|move|p1a: Dondozo|Rest|p1a: Dondozo\n|-status|p1a: Dondozo|slp|[from] move: Rest\n|-heal|p1a: Dondozo|100\/100 slp|[silent]\n|\n|-heal|p2a: Great Tusk|80\/100|[from] item: Leftovers\n|upkeep\n|turn|31\n|\n|t:|1700415031\n|move|p2a: Great Tusk|Close Combat|p1a: Dondozo\n|-damage|p1a: Dondozo|79\/100 slp\n|-unboost|p2a: Great Tusk|def|1\n|-unboost|p2a: Great Tusk|spd|1\n|-damage|p2a: Great Tusk|64\/100|[from] item: Rocky Helmet|[of] p1a: Dondozo\n|cant|p1a: Dondozo|slp\n|move|p1a: Dondozo|Sleep Talk|p1a: Dondozo\n|move|p1a: Dondozo|Wave Crash|p2a: Great Tusk|[from]move: Sleep Talk\n|-damage|p2a: Great Tusk|20\/100\n|-damage|p1a: Dondozo|68\/100 slp|[from] Recoil\n|\n|-heal|p2a: Great Tusk|27\/100|[from] item: Leftovers\n|upkeep\n|turn|32\n|\n|t:|1700415039\n|move|p2a: Great Tusk|Close Combat|p1a: Dondozo\n|-damage|p1a: Dondozo|45\/100 slp\n|-unboost|p2a: Great Tusk|def|1\n|-unboost|p2a: Great Tusk|spd|1\n|-damage|p2a: Great Tusk|10\/100|[from] item: Rocky Helmet|[of] p1a: Dondozo\n|cant|p1a: Dondozo|slp\n|move|p1a: Dondozo|Sleep Talk|p1a: Dondozo\n|move|p1a: Dondozo|Wave Crash|p2a: Great Tusk|[from]move: Sleep Talk\n|-damage|p2a: Great Tusk|0 fnt\n|faint|p2a: Great Tusk\n|-end|p2a: Great Tusk|Protosynthesis|[silent]\n|-damage|p1a: Dondozo|43\/100 slp|[from] Recoil\n|\n|upkeep\n|\n|t:|1700415043\n|switch|p2a: Floatzel|Floatzel, M|64\/100\n|turn|33\n|\n|t:|1700415046\n|move|p2a: Floatzel|Brick Break|p1a: Dondozo\n|-damage|p1a: Dondozo|29\/100 slp\n|-damage|p2a: Floatzel|48\/100|[from] item: Rocky Helmet|[of] p1a: Dondozo\n|-curestatus|p1a: Dondozo|slp|[msg]\n|move|p1a: Dondozo|Rest|p1a: Dondozo\n|-status|p1a: Dondozo|slp|[from] move: Rest\n|-heal|p1a: Dondozo|100\/100 slp|[silent]\n|\n|upkeep\n|turn|34\n|-message|FrostByte_240 forfeited.\n|\n|win|OJB989\n|raw|OJB989's rating: 1342 &rarr; <strong>1365<\/strong><br \/>(+23 for winning)\n|raw|FrostByte_240's rating: 1391 &rarr; <strong>1368<\/strong><br \/>(-23 for losing)\n|l|\u2606FrostByte_240\n","uploadtime":1700415056,"views":7,"p1id":"ojb989","p2id":"frostbyte240","formatid":"gen9ou","rating":1365,"private":0,"password":""}