{"id":"gen9ou-1992103218","p1":"DaneM1","p2":"littensalt","format":"[Gen 9] OU","log":"|j|\u2606DaneM1\n|j|\u2606littensalt\n|t:|1700155354\n|gametype|singles\n|player|p1|DaneM1|265|1347\n|player|p2|littensalt|calem|1346\n|teamsize|p1|6\n|teamsize|p2|6\n|gen|9\n|tier|[Gen 9] OU\n|rated|\n|rule|Sleep Clause Mod: Limit one foe put to sleep\n|rule|Species Clause: Limit one of each Pok\u00e9mon\n|rule|OHKO Clause: OHKO moves are banned\n|rule|Evasion Items Clause: Evasion items are banned\n|rule|Evasion Moves Clause: Evasion moves are banned\n|rule|Endless Battle Clause: Forcing endless battles is banned\n|rule|HP Percentage Mod: HP is shown in percentages\n|clearpoke\n|poke|p1|Ribombee, M|\n|poke|p1|Dragonite, M|\n|poke|p1|Gholdengo|\n|poke|p1|Samurott-Hisui, M|\n|poke|p1|Glimmora, F|\n|poke|p1|Iron Moth|\n|poke|p2|Thundurus-Therian, M|\n|poke|p2|Weezing-Galar, F|\n|poke|p2|Cinderace, F|\n|poke|p2|Dragapult, F|\n|poke|p2|Greninja-*, M|\n|poke|p2|Zamazenta-*|\n|teampreview\n|c|\u2606DaneM1|Glhf lil\n|c|\u2606DaneM1|lil Buddy\n|inactive|Battle timer is ON: inactive players will automatically lose when time's up. (requested by littensalt)\n|c|\u2606littensalt|glhf to you too!!\n|\n|t:|1700155394\n|start\n|switch|p1a: Iron Moth|Iron Moth|100\/100\n|switch|p2a: FRANCHISE|Cinderace, F|100\/100\n|-enditem|p1a: Iron Moth|Booster Energy\n|-activate|p1a: Iron Moth|ability: Quark Drive|[fromitem]\n|-start|p1a: Iron Moth|quarkdrivespa\n|turn|1\n|\n|t:|1700155416\n|move|p2a: FRANCHISE|U-turn|p1a: Iron Moth\n|-start|p2a: FRANCHISE|typechange|Bug|[from] ability: Libero\n|-resisted|p1a: Iron Moth\n|-damage|p1a: Iron Moth|87\/100\n|\n|t:|1700155428\n|switch|p2a: wheezy outta here|Weezing-Galar, F, shiny|100\/100|[from] U-turn\n|-ability|p2a: wheezy outta here|Neutralizing Gas\n|move|p1a: Iron Moth|Sludge Wave|p2a: wheezy outta here\n|-damage|p2a: wheezy outta here|11\/100\n|\n|upkeep\n|turn|2\n|\n|t:|1700155441\n|-end|p2a: wheezy outta here|ability: Neutralizing Gas\n|switch|p2a: KIDS SEE GHOST|Dragapult, F, shiny|100\/100\n|move|p1a: Iron Moth|Fiery Dance|p2a: KIDS SEE GHOST\n|-resisted|p2a: KIDS SEE GHOST\n|-damage|p2a: KIDS SEE GHOST|65\/100\n|-boost|p1a: Iron Moth|spa|1\n|\n|upkeep\n|turn|3\n|inactive|DaneM1 has 120 seconds left.\n|\n|t:|1700155475\n|-terastallize|p1a: Iron Moth|Fire\n|move|p2a: KIDS SEE GHOST|Draco Meteor|p1a: Iron Moth|[miss]\n|-miss|p2a: KIDS SEE GHOST|p1a: Iron Moth\n|move|p1a: Iron Moth|Fiery Dance|p2a: KIDS SEE GHOST\n|-resisted|p2a: KIDS SEE GHOST\n|-damage|p2a: KIDS SEE GHOST|0 fnt\n|faint|p2a: KIDS SEE GHOST\n|\n|upkeep\n|\n|t:|1700155488\n|switch|p2a: N95|Greninja, M|100\/100\n|turn|4\n|\n|t:|1700155498\n|-end|p1a: Iron Moth|Quark Drive|[silent]\n|switch|p1a: Samurott|Samurott-Hisui, M|100\/100\n|move|p2a: N95|Hydro Pump|p1a: Samurott\n|-resisted|p1a: Samurott\n|-damage|p1a: Samurott|62\/100\n|-damage|p2a: N95|91\/100|[from] item: Life Orb\n|\n|-heal|p1a: Samurott|68\/100|[from] item: Leftovers\n|upkeep\n|turn|5\n|\n|t:|1700155506\n|move|p2a: N95|Grass Knot|p1a: Samurott\n|-supereffective|p1a: Samurott\n|-damage|p1a: Samurott|0 fnt\n|faint|p1a: Samurott\n|-ability|p2a: N95|Battle Bond|boost\n|-boost|p2a: N95|atk|1\n|-boost|p2a: N95|spa|1\n|-boost|p2a: N95|spe|1\n|-activate|p2a: N95|ability: Battle Bond\n|-damage|p2a: N95|81\/100|[from] item: Life Orb\n|\n|upkeep\n|\n|t:|1700155510\n|switch|p1a: Ribombee|Ribombee, M|100\/100\n|turn|6\n|\n|t:|1700155513\n|move|p2a: N95|Hydro Pump|p1a: Ribombee\n|-enditem|p1a: Ribombee|Focus Sash\n|-damage|p1a: Ribombee|1\/100\n|-damage|p2a: N95|71\/100|[from] item: Life Orb\n|move|p1a: Ribombee|Moonblast|p2a: N95\n|-supereffective|p2a: N95\n|-damage|p2a: N95|0 fnt\n|faint|p2a: N95\n|\n|upkeep\n|\n|t:|1700155521\n|switch|p2a: 5g|Thundurus-Therian, M, shiny|100\/100\n|turn|7\n|\n|t:|1700155542\n|move|p1a: Ribombee|Sticky Web|p2a: 5g\n|-sidestart|p2: littensalt|move: Sticky Web\n|move|p2a: 5g|Volt Switch|p1a: Ribombee\n|-damage|p1a: Ribombee|0 fnt\n|faint|p1a: Ribombee\n|\n|t:|1700155544\n|switch|p2a: FRANCHISE|Cinderace, F|100\/100|[from] Volt Switch\n|\n|upkeep\n|\n|t:|1700155557\n|switch|p1a: Dragonite|Dragonite, M, shiny|100\/100\n|turn|8\n|\n|t:|1700155561\n|move|p2a: FRANCHISE|Court Change|p2a: FRANCHISE\n|-start|p2a: FRANCHISE|typechange|Normal|[from] ability: Libero\n|-swapsideconditions\n|-activate|p2a: FRANCHISE|move: Court Change\n|move|p1a: Dragonite|Dragon Dance|p1a: Dragonite\n|-boost|p1a: Dragonite|atk|1\n|-boost|p1a: Dragonite|spe|1\n|\n|upkeep\n|turn|9\n|\n|t:|1700155563\n|move|p2a: FRANCHISE|U-turn|p1a: Dragonite\n|-resisted|p1a: Dragonite\n|-damage|p1a: Dragonite|96\/100\n|\n|t:|1700155567\n|switch|p2a: wheezy outta here|Weezing-Galar, F, shiny|11\/100|[from] U-turn\n|-ability|p2a: wheezy outta here|Neutralizing Gas\n|move|p1a: Dragonite|Dragon Dance|p1a: Dragonite\n|-boost|p1a: Dragonite|atk|1\n|-boost|p1a: Dragonite|spe|1\n|\n|-heal|p1a: Dragonite|100\/100|[from] item: Leftovers\n|upkeep\n|turn|10\n|\n|t:|1700155580\n|-end|p2a: wheezy outta here|ability: Neutralizing Gas\n|switch|p2a: 5g|Thundurus-Therian, M, shiny|100\/100\n|move|p1a: Dragonite|Earthquake|p2a: 5g\n|-immune|p2a: 5g\n|\n|upkeep\n|turn|11\n|\n|t:|1700155588\n|move|p1a: Dragonite|Ice Spinner|p2a: 5g\n|-supereffective|p2a: 5g\n|-damage|p2a: 5g|0 fnt\n|faint|p2a: 5g\n|\n|upkeep\n|\n|t:|1700155594\n|switch|p2a: FRANCHISE|Cinderace, F|100\/100\n|turn|12\n|\n|t:|1700155598\n|move|p2a: FRANCHISE|Sucker Punch|p1a: Dragonite\n|-start|p2a: FRANCHISE|typechange|Dark|[from] ability: Libero\n|-damage|p1a: Dragonite|87\/100\n|move|p1a: Dragonite|Earthquake|p2a: FRANCHISE\n|-damage|p2a: FRANCHISE|23\/100\n|\n|-heal|p1a: Dragonite|94\/100|[from] item: Leftovers\n|upkeep\n|turn|13\n|\n|t:|1700155608\n|move|p1a: Dragonite|Extreme Speed|p2a: FRANCHISE\n|-damage|p2a: FRANCHISE|0 fnt\n|faint|p2a: FRANCHISE\n|\n|-heal|p1a: Dragonite|99\/100|[from] item: Leftovers\n|upkeep\n|\n|t:|1700155610\n|switch|p2a: november|Zamazenta|100\/100\n|-ability|p2a: november|Dauntless Shield|boost\n|-boost|p2a: november|def|1\n|turn|14\n|\n|t:|1700155622\n|move|p1a: Dragonite|Earthquake|p2a: november\n|-damage|p2a: november|72\/100\n|move|p2a: november|Substitute|p2a: november\n|-start|p2a: november|Substitute\n|-damage|p2a: november|47\/100\n|\n|-heal|p1a: Dragonite|100\/100|[from] item: Leftovers\n|-heal|p2a: november|53\/100|[from] item: Leftovers\n|upkeep\n|turn|15\n|\n|t:|1700155626\n|move|p1a: Dragonite|Earthquake|p2a: november\n|-end|p2a: november|Substitute\n|move|p2a: november|Iron Defense|p2a: november\n|-boost|p2a: november|def|2\n|\n|-heal|p2a: november|59\/100|[from] item: Leftovers\n|upkeep\n|turn|16\n|\n|t:|1700155637\n|move|p1a: Dragonite|Dragon Dance|p1a: Dragonite\n|-boost|p1a: Dragonite|atk|1\n|-boost|p1a: Dragonite|spe|1\n|move|p2a: november|Substitute|p2a: november\n|-start|p2a: november|Substitute\n|-damage|p2a: november|34\/100\n|\n|-heal|p2a: november|40\/100|[from] item: Leftovers\n|upkeep\n|turn|17\n|\n|t:|1700155645\n|move|p1a: Dragonite|Earthquake|p2a: november\n|-activate|p2a: november|move: Substitute|[damage]\n|move|p2a: november|Iron Defense|p2a: november\n|-boost|p2a: november|def|2\n|\n|-heal|p2a: november|47\/100|[from] item: Leftovers\n|upkeep\n|turn|18\n|\n|t:|1700155650\n|move|p1a: Dragonite|Dragon Dance|p1a: Dragonite\n|-boost|p1a: Dragonite|atk|1\n|-boost|p1a: Dragonite|spe|1\n|move|p2a: november|Iron Defense|p2a: november\n|-boost|p2a: november|def|1\n|\n|-heal|p2a: november|53\/100|[from] item: Leftovers\n|upkeep\n|turn|19\n|\n|t:|1700155658\n|move|p1a: Dragonite|Dragon Dance|p1a: Dragonite\n|-boost|p1a: Dragonite|atk|1\n|-boost|p1a: Dragonite|spe|1\n|move|p2a: november|Body Press|p1a: Dragonite\n|-resisted|p1a: Dragonite\n|-damage|p1a: Dragonite|78\/100\n|\n|-heal|p1a: Dragonite|84\/100|[from] item: Leftovers\n|-heal|p2a: november|59\/100|[from] item: Leftovers\n|upkeep\n|turn|20\n|\n|t:|1700155665\n|move|p1a: Dragonite|Dragon Dance|p1a: Dragonite\n|-boost|p1a: Dragonite|atk|1\n|-boost|p1a: Dragonite|spe|1\n|move|p2a: november|Body Press|p1a: Dragonite\n|-resisted|p1a: Dragonite\n|-crit|p1a: Dragonite\n|-damage|p1a: Dragonite|8\/100\n|\n|-heal|p1a: Dragonite|14\/100|[from] item: Leftovers\n|-heal|p2a: november|65\/100|[from] item: Leftovers\n|upkeep\n|turn|21\n|\n|t:|1700155667\n|move|p1a: Dragonite|Earthquake|p2a: november\n|-end|p2a: november|Substitute\n|move|p2a: november|Body Press|p1a: Dragonite\n|-resisted|p1a: Dragonite\n|-damage|p1a: Dragonite|0 fnt\n|faint|p1a: Dragonite\n|\n|-heal|p2a: november|71\/100|[from] item: Leftovers\n|upkeep\n|\n|t:|1700155689\n|switch|p1a: Glimmora|Glimmora, F|100\/100\n|-activate|p1a: Glimmora|move: Sticky Web\n|-unboost|p1a: Glimmora|spe|1\n|turn|22\n|\n|t:|1700155696\n|move|p2a: november|Substitute|p2a: november\n|-start|p2a: november|Substitute\n|-damage|p2a: november|46\/100\n|move|p1a: Glimmora|Earth Power|p2a: november\n|-activate|p2a: november|move: Substitute|[damage]\n|\n|-heal|p2a: november|53\/100|[from] item: Leftovers\n|upkeep\n|turn|23\n|\n|t:|1700155703\n|move|p2a: november|Body Press|p1a: Glimmora\n|-damage|p1a: Glimmora|0 fnt\n|-activate|p1a: Glimmora|ability: Toxic Debris\n|-sidestart|p2: littensalt|move: Toxic Spikes\n|faint|p1a: Glimmora\n|\n|-heal|p2a: november|59\/100|[from] item: Leftovers\n|upkeep\n|\n|t:|1700155711\n|switch|p1a: Iron Moth|Iron Moth, tera:Fire|87\/100\n|-activate|p1a: Iron Moth|move: Sticky Web\n|-unboost|p1a: Iron Moth|spe|1\n|turn|24\n|\n|t:|1700155715\n|move|p2a: november|Body Press|p1a: Iron Moth\n|-damage|p1a: Iron Moth|0 fnt\n|faint|p1a: Iron Moth\n|-end|p1a: Iron Moth|Quark Drive|[silent]\n|\n|-heal|p2a: november|65\/100|[from] item: Leftovers\n|upkeep\n|\n|t:|1700155718\n|switch|p1a: Gholdengo|Gholdengo|100\/100\n|-item|p1a: Gholdengo|Air Balloon\n|turn|25\n|\n|t:|1700155721\n|move|p2a: november|Crunch|p1a: Gholdengo\n|-supereffective|p1a: Gholdengo\n|-damage|p1a: Gholdengo|52\/100\n|-enditem|p1a: Gholdengo|Air Balloon\n|move|p1a: Gholdengo|Make It Rain|p2a: november\n|-end|p2a: november|Substitute\n|-unboost|p1a: Gholdengo|spa|1\n|\n|-heal|p2a: november|71\/100|[from] item: Leftovers\n|upkeep\n|turn|26\n|\n|t:|1700155730\n|move|p2a: november|Substitute|p2a: november\n|-start|p2a: november|Substitute\n|-damage|p2a: november|46\/100\n|move|p1a: Gholdengo|Make It Rain|p2a: november\n|-end|p2a: november|Substitute\n|-unboost|p1a: Gholdengo|spa|1\n|\n|-heal|p2a: november|52\/100|[from] item: Leftovers\n|upkeep\n|turn|27\n|\n|t:|1700155736\n|-terastallize|p2a: november|Steel\n|move|p2a: november|Crunch|p1a: Gholdengo\n|-supereffective|p1a: Gholdengo\n|-damage|p1a: Gholdengo|0 fnt\n|faint|p1a: Gholdengo\n|\n|win|littensalt\n|raw|DaneM1's rating: 1347 &rarr; <strong>1327<\/strong><br \/>(-20 for losing)\n|raw|littensalt's rating: 1346 &rarr; <strong>1366<\/strong><br \/>(+20 for winning)\n|c|\u2606littensalt|ggwp\n","uploadtime":1700155747,"views":8,"p1id":"danem1","p2id":"littensalt","formatid":"gen9ou","rating":1327,"private":0,"password":""}