{"id":"gen9ou-1990989764","p1":"Ladder clip","p2":"ratatta17","format":"[Gen 9] OU","log":"|j|\u2606Ladder clip\n|j|\u2606ratatta17\n|t:|1700024152\n|gametype|singles\n|player|p1|Ladder clip|2|1520\n|player|p2|ratatta17|1|1431\n|teamsize|p1|6\n|teamsize|p2|6\n|gen|9\n|tier|[Gen 9] OU\n|rated|\n|rule|Sleep Clause Mod: Limit one foe put to sleep\n|rule|Species Clause: Limit one of each Pok\u00e9mon\n|rule|OHKO Clause: OHKO moves are banned\n|rule|Evasion Items Clause: Evasion items are banned\n|rule|Evasion Moves Clause: Evasion moves are banned\n|rule|Endless Battle Clause: Forcing endless battles is banned\n|rule|HP Percentage Mod: HP is shown in percentages\n|clearpoke\n|poke|p1|Rillaboom, F|\n|poke|p1|Sneasler, F|\n|poke|p1|Zamazenta-*|\n|poke|p1|Heatran, M|\n|poke|p1|Hatterene, F|\n|poke|p1|Manaphy|\n|poke|p2|Azumarill, F|\n|poke|p2|Staraptor, M|\n|poke|p2|Toedscruel, F|\n|poke|p2|Skeledirge, M|\n|poke|p2|Ninetales-Alola, M|\n|poke|p2|Iron Valiant|\n|teampreview\n|inactive|Battle timer is ON: inactive players will automatically lose when time's up. (requested by Ladder clip)\n|\n|t:|1700024180\n|start\n|switch|p1a: Heatran|Heatran, M|100\/100\n|switch|p2a: Staraptor|Staraptor, M|100\/100\n|-ability|p2a: Staraptor|Intimidate|boost\n|-unboost|p1a: Heatran|atk|1\n|-item|p1a: Heatran|Air Balloon\n|turn|1\n|\n|t:|1700024201\n|move|p2a: Staraptor|Final Gambit|p1a: Heatran\n|-damage|p1a: Heatran|3\/100\n|-enditem|p1a: Heatran|Air Balloon\n|faint|p2a: Staraptor\n|move|p1a: Heatran|Will-O-Wisp|p2: Staraptor|[notarget]\n|-fail|p1a: Heatran\n|\n|upkeep\n|\n|t:|1700024205\n|switch|p2a: Iron Valiant|Iron Valiant|100\/100\n|turn|2\n|\n|t:|1700024212\n|switch|p1a: Rillaboom|Rillaboom, F|100\/100\n|-fieldstart|move: Grassy Terrain|[from] ability: Grassy Surge|[of] p1a: Rillaboom\n|move|p2a: Iron Valiant|Aura Sphere|p1a: Rillaboom\n|-damage|p1a: Rillaboom|36\/100\n|-damage|p2a: Iron Valiant|91\/100|[from] item: Life Orb\n|\n|-heal|p2a: Iron Valiant|97\/100|[from] Grassy Terrain\n|-heal|p1a: Rillaboom|42\/100|[from] Grassy Terrain\n|upkeep\n|turn|3\n|\n|t:|1700024216\n|switch|p1a: Heatran|Heatran, M|3\/100\n|move|p2a: Iron Valiant|Aura Sphere|p1a: Heatran\n|-supereffective|p1a: Heatran\n|-crit|p1a: Heatran\n|-damage|p1a: Heatran|0 fnt\n|faint|p1a: Heatran\n|-damage|p2a: Iron Valiant|87\/100|[from] item: Life Orb\n|\n|-heal|p2a: Iron Valiant|94\/100|[from] Grassy Terrain\n|upkeep\n|inactive|Ladder clip has 120 seconds left.\n|\n|t:|1700024255\n|switch|p1a: Hatterene|Hatterene, F|100\/100\n|-enditem|p1a: Hatterene|Grassy Seed\n|-boost|p1a: Hatterene|def|1|[from] item: Grassy Seed\n|turn|4\n|inactive|Ladder clip has 120 seconds left.\n|\n|t:|1700024269\n|-end|p2a: Iron Valiant|Quark Drive|[silent]\n|switch|p2a: Ninetales|Ninetales-Alola, M|100\/100\n|-weather|Snow|[from] ability: Snow Warning|[of] p2a: Ninetales\n|move|p1a: Hatterene|Calm Mind|p1a: Hatterene\n|-boost|p1a: Hatterene|spa|1\n|-boost|p1a: Hatterene|spd|1\n|\n|-weather|Snow|[upkeep]\n|upkeep\n|turn|5\n|\n|t:|1700024276\n|move|p2a: Ninetales|Aurora Veil|p2a: Ninetales\n|-sidestart|p2: ratatta17|move: Aurora Veil\n|move|p1a: Hatterene|Nuzzle|p2a: Ninetales\n|-damage|p2a: Ninetales|99\/100\n|-status|p2a: Ninetales|par\n|\n|-weather|Snow|[upkeep]\n|-heal|p2a: Ninetales|100\/100 par|[from] Grassy Terrain\n|upkeep\n|turn|6\n|\n|t:|1700024288\n|switch|p2a: Skeledirge|Skeledirge, M|100\/100\n|move|p1a: Hatterene|Psyshock|p2a: Skeledirge\n|-crit|p2a: Skeledirge\n|-damage|p2a: Skeledirge|57\/100\n|\n|-weather|Snow|[upkeep]\n|-heal|p2a: Skeledirge|63\/100|[from] Grassy Terrain\n|-heal|p2a: Skeledirge|69\/100|[from] item: Leftovers\n|-fieldend|move: Grassy Terrain\n|upkeep\n|turn|7\n|inactive|Ladder clip has 120 seconds left.\n|\n|t:|1700024305\n|move|p2a: Skeledirge|Torch Song|p1a: Hatterene\n|-damage|p1a: Hatterene|69\/100\n|-boost|p2a: Skeledirge|spa|1\n|move|p1a: Hatterene|Psyshock|p2a: Skeledirge\n|-damage|p2a: Skeledirge|53\/100\n|\n|-weather|Snow|[upkeep]\n|-heal|p2a: Skeledirge|59\/100|[from] item: Leftovers\n|upkeep\n|turn|8\n|\n|t:|1700024311\n|move|p2a: Skeledirge|Torch Song|p1a: Hatterene\n|-damage|p1a: Hatterene|21\/100\n|-boost|p2a: Skeledirge|spa|1\n|move|p1a: Hatterene|Nuzzle|p2a: Skeledirge\n|-damage|p2a: Skeledirge|58\/100\n|-status|p2a: Skeledirge|par\n|\n|-weather|none\n|-heal|p2a: Skeledirge|64\/100 par|[from] item: Leftovers\n|upkeep\n|turn|9\n|\n|t:|1700024320\n|move|p1a: Hatterene|Psyshock|p2a: Skeledirge\n|-damage|p2a: Skeledirge|50\/100 par\n|move|p2a: Skeledirge|Slack Off|p2a: Skeledirge\n|-heal|p2a: Skeledirge|99\/100 par\n|\n|-heal|p2a: Skeledirge|100\/100 par|[from] item: Leftovers\n|upkeep\n|turn|10\n|\n|t:|1700024325\n|move|p1a: Hatterene|Psyshock|p2a: Skeledirge\n|-damage|p2a: Skeledirge|85\/100 par\n|move|p2a: Skeledirge|Torch Song|p1a: Hatterene\n|-damage|p1a: Hatterene|0 fnt\n|-boost|p2a: Skeledirge|spa|1\n|faint|p1a: Hatterene\n|\n|-heal|p2a: Skeledirge|92\/100 par|[from] item: Leftovers\n|upkeep\n|\n|t:|1700024327\n|switch|p1a: Rillaboom|Rillaboom, F|42\/100\n|-fieldstart|move: Grassy Terrain|[from] ability: Grassy Surge|[of] p1a: Rillaboom\n|turn|11\n|\n|t:|1700024333\n|move|p1a: Rillaboom|Knock Off|p2a: Skeledirge\n|-supereffective|p2a: Skeledirge\n|-damage|p2a: Skeledirge|48\/100 par\n|-enditem|p2a: Skeledirge|Leftovers|[from] move: Knock Off|[of] p1a: Rillaboom\n|move|p2a: Skeledirge|Torch Song|p1a: Rillaboom\n|-supereffective|p1a: Rillaboom\n|-damage|p1a: Rillaboom|0 fnt\n|-boost|p2a: Skeledirge|spa|1\n|faint|p1a: Rillaboom\n|\n|-heal|p2a: Skeledirge|54\/100 par|[from] Grassy Terrain\n|upkeep\n|\n|t:|1700024342\n|switch|p1a: Manaphy|Manaphy|100\/100\n|turn|12\n|\n|t:|1700024349\n|-terastallize|p2a: Skeledirge|Dragon\n|move|p1a: Manaphy|Scald|p2a: Skeledirge\n|-resisted|p2a: Skeledirge\n|-damage|p2a: Skeledirge|49\/100 par\n|move|p2a: Skeledirge|Hex|p1a: Manaphy\n|-damage|p1a: Manaphy|35\/100\n|\n|-heal|p1a: Manaphy|41\/100|[from] Grassy Terrain\n|-heal|p1a: Manaphy|48\/100|[from] item: Leftovers\n|-heal|p2a: Skeledirge|55\/100 par|[from] Grassy Terrain\n|-sideend|p2: ratatta17|move: Aurora Veil\n|upkeep\n|turn|13\n|\n|t:|1700024359\n|move|p1a: Manaphy|Take Heart|p1a: Manaphy\n|-boost|p1a: Manaphy|spa|1\n|-boost|p1a: Manaphy|spd|1\n|move|p2a: Skeledirge|Hex|p1a: Manaphy\n|-damage|p1a: Manaphy|0 fnt\n|faint|p1a: Manaphy\n|\n|-heal|p2a: Skeledirge|61\/100 par|[from] Grassy Terrain\n|upkeep\n|\n|t:|1700024362\n|switch|p1a: Sneasler|Sneasler, F|100\/100\n|-enditem|p1a: Sneasler|Grassy Seed\n|-boost|p1a: Sneasler|def|1|[from] item: Grassy Seed\n|turn|14\n|\n|t:|1700024365\n|move|p1a: Sneasler|Swords Dance|p1a: Sneasler\n|-boost|p1a: Sneasler|atk|2\n|move|p2a: Skeledirge|Torch Song|p1a: Sneasler\n|-damage|p1a: Sneasler|0 fnt\n|-boost|p2a: Skeledirge|spa|1\n|faint|p1a: Sneasler\n|\n|-heal|p2a: Skeledirge|67\/100 par|[from] Grassy Terrain\n|upkeep\n|\n|t:|1700024370\n|switch|p1a: Zamazenta|Zamazenta|100\/100\n|-ability|p1a: Zamazenta|Dauntless Shield|boost\n|-boost|p1a: Zamazenta|def|1\n|turn|15\n|\n|t:|1700024374\n|move|p1a: Zamazenta|Body Press|p2a: Skeledirge\n|-damage|p2a: Skeledirge|37\/100 par\n|move|p2a: Skeledirge|Will-O-Wisp|p1a: Zamazenta\n|-status|p1a: Zamazenta|brn\n|\n|-heal|p2a: Skeledirge|43\/100 par|[from] Grassy Terrain\n|-damage|p1a: Zamazenta|94\/100 brn|[from] brn\n|-fieldend|move: Grassy Terrain\n|upkeep\n|turn|16\n|\n|t:|1700024380\n|move|p1a: Zamazenta|Body Press|p2a: Skeledirge\n|-damage|p2a: Skeledirge|27\/100 par\n|move|p2a: Skeledirge|Slack Off|p2a: Skeledirge\n|-heal|p2a: Skeledirge|77\/100 par\n|\n|-heal|p1a: Zamazenta|100\/100 brn|[from] item: Leftovers\n|-damage|p1a: Zamazenta|94\/100 brn|[from] brn\n|upkeep\n|turn|17\n|\n|t:|1700024384\n|move|p1a: Zamazenta|Iron Defense|p1a: Zamazenta\n|-boost|p1a: Zamazenta|def|2\n|move|p2a: Skeledirge|Slack Off|p2a: Skeledirge\n|-heal|p2a: Skeledirge|100\/100 par\n|\n|-heal|p1a: Zamazenta|100\/100 brn|[from] item: Leftovers\n|-damage|p1a: Zamazenta|94\/100 brn|[from] brn\n|upkeep\n|turn|18\n|\n|t:|1700024388\n|move|p1a: Zamazenta|Body Press|p2a: Skeledirge\n|-damage|p2a: Skeledirge|84\/100 par\n|move|p2a: Skeledirge|Torch Song|p1a: Zamazenta\n|-damage|p1a: Zamazenta|4\/100 brn\n|-boost|p2a: Skeledirge|spa|1\n|\n|-heal|p1a: Zamazenta|10\/100 brn|[from] item: Leftovers\n|-damage|p1a: Zamazenta|4\/100 brn|[from] brn\n|upkeep\n|turn|19\n|\n|t:|1700024395\n|move|p1a: Zamazenta|Crunch|p2a: Skeledirge\n|-damage|p2a: Skeledirge|75\/100 par\n|-unboost|p2a: Skeledirge|def|1\n|move|p2a: Skeledirge|Torch Song|p1a: Zamazenta\n|-damage|p1a: Zamazenta|0 fnt\n|faint|p1a: Zamazenta\n|\n|win|ratatta17\n|raw|Ladder clip's rating: 1520 &rarr; <strong>1495<\/strong><br \/>(-25 for losing)\n|raw|ratatta17's rating: 1431 &rarr; <strong>1456<\/strong><br \/>(+25 for winning)\n|c|\u2606ratatta17|gg\n","uploadtime":1700024407,"views":10,"p1id":"ladderclip","p2id":"ratatta17","formatid":"gen9ou","rating":1456,"private":0,"password":""}