{"id":"gen9ou-1988776886","p1":"lysmile","p2":"Velho Aidetico","format":"[Gen 9] OU","log":"|j|\u2606lysmile\n|j|\u2606Velho Aidetico\n|t:|1699761737\n|gametype|singles\n|player|p1|lysmile|erika-gen2|1332\n|player|p2|Velho Aidetico|gentleman|1389\n|teamsize|p1|6\n|teamsize|p2|6\n|gen|9\n|tier|[Gen 9] OU\n|rated|\n|rule|Sleep Clause Mod: Limit one foe put to sleep\n|rule|Species Clause: Limit one of each Pok\u00e9mon\n|rule|OHKO Clause: OHKO moves are banned\n|rule|Evasion Items Clause: Evasion items are banned\n|rule|Evasion Moves Clause: Evasion moves are banned\n|rule|Endless Battle Clause: Forcing endless battles is banned\n|rule|HP Percentage Mod: HP is shown in percentages\n|clearpoke\n|poke|p1|Alomomola, M|\n|poke|p1|Ting-Lu|\n|poke|p1|Clefable, F|\n|poke|p1|Blissey, F|\n|poke|p1|Corviknight, M|\n|poke|p1|Toxapex, M|\n|poke|p2|Crawdaunt, F|\n|poke|p2|Ogerpon-Cornerstone, F|\n|poke|p2|Weezing-Galar, M|\n|poke|p2|Gallade, M|\n|poke|p2|Tornadus-Therian, M|\n|poke|p2|Chandelure, F|\n|teampreview\n|\n|t:|1699761752\n|start\n|switch|p1a: Clefable|Clefable, F|100\/100\n|switch|p2a: It's all Ogre now|Ogerpon-Cornerstone, F|100\/100\n|turn|1\n|c|\u2606Velho Aidetico|Why oh why\n|c|\u2606Velho Aidetico|Why oh why\n|\n|t:|1699761760\n|switch|p2a: Doug|Weezing-Galar, M|100\/100\n|-ability|p2a: Doug|Neutralizing Gas\n|move|p1a: Clefable|Knock Off|p2a: Doug\n|-resisted|p2a: Doug\n|-damage|p2a: Doug|96\/100\n|-enditem|p2a: Doug|Leftovers|[from] move: Knock Off|[of] p1a: Clefable\n|\n|upkeep\n|turn|2\n|c|\u2606lysmile|no why\n|c|\u2606Velho Aidetico|Fake stall pls?\n|\n|t:|1699761782\n|switch|p1a: Toxapex|Toxapex, M|100\/100\n|-end|p2a: Doug|ability: Neutralizing Gas\n|switch|p2a: Galudo|Gallade, M|100\/100\n|\n|upkeep\n|turn|3\n|\n|t:|1699761798\n|switch|p1a: Alomomola|Alomomola, M|100\/100\n|move|p2a: Galudo|Psycho Cut|p1a: Alomomola\n|-crit|p1a: Alomomola\n|-damage|p1a: Alomomola|58\/100\n|\n|-heal|p1a: Alomomola|64\/100|[from] item: Leftovers\n|upkeep\n|turn|4\n|\n|t:|1699761811\n|switch|p2a: Doug|Weezing-Galar, M|96\/100\n|-ability|p2a: Doug|Neutralizing Gas\n|move|p1a: Alomomola|Scald|p2a: Doug\n|-damage|p2a: Doug|78\/100\n|-status|p2a: Doug|brn\n|\n|-heal|p1a: Alomomola|71\/100|[from] item: Leftovers\n|-damage|p2a: Doug|72\/100 brn|[from] brn\n|upkeep\n|turn|5\n|\n|t:|1699761834\n|switch|p1a: Toxapex|Toxapex, M|100\/100\n|move|p2a: Doug|Sludge Bomb|p1a: Toxapex\n|-resisted|p1a: Toxapex\n|-damage|p1a: Toxapex|92\/100\n|\n|-heal|p1a: Toxapex|99\/100|[from] item: Leftovers\n|-damage|p2a: Doug|66\/100 brn|[from] brn\n|upkeep\n|turn|6\n|\n|t:|1699761845\n|-end|p2a: Doug|ability: Neutralizing Gas\n|switch|p2a: Voa|Tornadus-Therian, M|100\/100\n|move|p1a: Toxapex|Chilling Water|p2a: Voa\n|-damage|p2a: Voa|90\/100\n|-unboost|p2a: Voa|atk|1\n|\n|-heal|p1a: Toxapex|100\/100|[from] item: Leftovers\n|upkeep\n|turn|7\n|\n|t:|1699761851\n|move|p2a: Voa|Taunt|p1a: Toxapex\n|-start|p1a: Toxapex|move: Taunt\n|cant|p1a: Toxapex|move: Taunt|Toxic\n|\n|upkeep\n|turn|8\n|\n|t:|1699761868\n|move|p2a: Voa|U-turn|p1a: Toxapex\n|-resisted|p1a: Toxapex\n|-damage|p1a: Toxapex|97\/100\n|\n|t:|1699761873\n|switch|p2a: YAAAABBBYYYYY|Crawdaunt, F|100\/100|[from] U-turn\n|move|p1a: Toxapex|Chilling Water|p2a: YAAAABBBYYYYY\n|-resisted|p2a: YAAAABBBYYYYY\n|-damage|p2a: YAAAABBBYYYYY|90\/100\n|-unboost|p2a: YAAAABBBYYYYY|atk|1\n|\n|-heal|p1a: Toxapex|100\/100|[from] item: Leftovers\n|upkeep\n|turn|9\n|\n|t:|1699761882\n|move|p2a: YAAAABBBYYYYY|Knock Off|p1a: Toxapex\n|-damage|p1a: Toxapex|49\/100\n|-enditem|p1a: Toxapex|Leftovers|[from] move: Knock Off|[of] p2a: YAAAABBBYYYYY\n|move|p1a: Toxapex|Chilling Water|p2a: YAAAABBBYYYYY\n|-resisted|p2a: YAAAABBBYYYYY\n|-damage|p2a: YAAAABBBYYYYY|81\/100\n|-unboost|p2a: YAAAABBBYYYYY|atk|1\n|\n|-end|p1a: Toxapex|move: Taunt\n|upkeep\n|turn|10\n|\n|t:|1699761899\n|switch|p2a: Doug|Weezing-Galar, M|66\/100 brn\n|-ability|p2a: Doug|Neutralizing Gas\n|move|p1a: Toxapex|Toxic||[still]\n|-fail|p1a: Toxapex\n|\n|-damage|p2a: Doug|60\/100 brn|[from] brn\n|upkeep\n|turn|11\n|\n|t:|1699761909\n|move|p2a: Doug|Will-O-Wisp|p1a: Toxapex\n|-status|p1a: Toxapex|brn\n|move|p1a: Toxapex|Toxic||[still]\n|-fail|p1a: Toxapex\n|\n|-damage|p2a: Doug|54\/100 brn|[from] brn\n|-damage|p1a: Toxapex|42\/100 brn|[from] brn\n|upkeep\n|turn|12\n|\n|t:|1699761914\n|move|p2a: Doug|Sludge Bomb|p1a: Toxapex\n|-resisted|p1a: Toxapex\n|-damage|p1a: Toxapex|34\/100 brn\n|move|p1a: Toxapex|Recover|p1a: Toxapex\n|-heal|p1a: Toxapex|84\/100 brn\n|\n|-damage|p2a: Doug|48\/100 brn|[from] brn\n|-damage|p1a: Toxapex|78\/100 brn|[from] brn\n|upkeep\n|turn|13\n|\n|t:|1699761918\n|move|p2a: Doug|Pain Split|p1a: Toxapex\n|-sethp|p1a: Toxapex|65\/100 brn|[from] move: Pain Split|[silent]\n|-sethp|p2a: Doug|60\/100 brn|[from] move: Pain Split\n|move|p1a: Toxapex|Chilling Water|p2a: Doug\n|-damage|p2a: Doug|46\/100 brn\n|-unboost|p2a: Doug|atk|1\n|\n|-damage|p2a: Doug|40\/100 brn|[from] brn\n|-damage|p1a: Toxapex|59\/100 brn|[from] brn\n|upkeep\n|turn|14\n|\n|t:|1699761928\n|move|p2a: Doug|Pain Split|p1a: Toxapex\n|-sethp|p1a: Toxapex|51\/100 brn|[from] move: Pain Split|[silent]\n|-sethp|p2a: Doug|47\/100 brn|[from] move: Pain Split\n|move|p1a: Toxapex|Chilling Water|p2a: Doug\n|-damage|p2a: Doug|32\/100 brn\n|-unboost|p2a: Doug|atk|1\n|\n|-damage|p2a: Doug|26\/100 brn|[from] brn\n|-damage|p1a: Toxapex|45\/100 brn|[from] brn\n|upkeep\n|turn|15\n|\n|t:|1699761938\n|-end|p2a: Doug|ability: Neutralizing Gas\n|switch|p2a: YAAAABBBYYYYY|Crawdaunt, F|81\/100\n|move|p1a: Toxapex|Chilling Water|p2a: YAAAABBBYYYYY\n|-resisted|p2a: YAAAABBBYYYYY\n|-damage|p2a: YAAAABBBYYYYY|69\/100\n|-unboost|p2a: YAAAABBBYYYYY|atk|1\n|\n|-damage|p1a: Toxapex|39\/100 brn|[from] brn\n|upkeep\n|turn|16\n|\n|t:|1699761953\n|switch|p1a: Clefable|Clefable, F|100\/100\n|-terastallize|p2a: YAAAABBBYYYYY|Water\n|move|p2a: YAAAABBBYYYYY|Crabhammer|p1a: Clefable\n|-damage|p1a: Clefable|41\/100\n|\n|-heal|p1a: Clefable|47\/100|[from] item: Leftovers\n|upkeep\n|turn|17\n|\n|t:|1699761976\n|switch|p1a: Toxapex|Toxapex, M|72\/100 brn\n|move|p2a: YAAAABBBYYYYY|Crabhammer|p1a: Toxapex\n|-resisted|p1a: Toxapex\n|-damage|p1a: Toxapex|44\/100 brn\n|\n|-damage|p1a: Toxapex|38\/100 brn|[from] brn\n|upkeep\n|turn|18\n|\n|t:|1699761988\n|switch|p2a: Galudo|Gallade, M|100\/100\n|move|p1a: Toxapex|Chilling Water|p2a: Galudo\n|-damage|p2a: Galudo|88\/100\n|-unboost|p2a: Galudo|atk|1\n|\n|-damage|p1a: Toxapex|32\/100 brn|[from] brn\n|upkeep\n|turn|19\n|\n|t:|1699761993\n|switch|p2a: Doug|Weezing-Galar, M|26\/100 brn\n|-ability|p2a: Doug|Neutralizing Gas\n|switch|p1a: Alomomola|Alomomola, M|71\/100\n|\n|-heal|p1a: Alomomola|77\/100|[from] item: Leftovers\n|-damage|p2a: Doug|20\/100 brn|[from] brn\n|upkeep\n|turn|20\n|\n|t:|1699762004\n|switch|p1a: Blissey|Blissey, F|100\/100\n|move|p2a: Doug|Pain Split|p1a: Blissey\n|-sethp|p1a: Blissey|55\/100|[from] move: Pain Split|[silent]\n|-sethp|p2a: Doug|100\/100 brn|[from] move: Pain Split\n|\n|-damage|p2a: Doug|94\/100 brn|[from] brn\n|upkeep\n|turn|21\n|\n|t:|1699762026\n|-end|p2a: Doug|ability: Neutralizing Gas\n|switch|p2a: It's all Ogre now|Ogerpon-Cornerstone, F|100\/100\n|move|p1a: Blissey|Stealth Rock|p2a: It's all Ogre now\n|-sidestart|p2: Velho Aidetico|move: Stealth Rock\n|\n|upkeep\n|turn|22\n|\n|t:|1699762037\n|switch|p1a: Corviknight|Corviknight, M|100\/100\n|-ability|p1a: Corviknight|Pressure\n|move|p2a: It's all Ogre now|Swords Dance|p2a: It's all Ogre now\n|-boost|p2a: It's all Ogre now|atk|2\n|\n|upkeep\n|turn|23\n|\n|t:|1699762049\n|move|p2a: It's all Ogre now|Ivy Cudgel|p1a: Corviknight\n|-damage|p1a: Corviknight|6\/100\n|move|p1a: Corviknight|Iron Defense|p1a: Corviknight\n|-boost|p1a: Corviknight|def|2\n|\n|upkeep\n|turn|24\n|\n|t:|1699762065\n|move|p2a: It's all Ogre now|Ivy Cudgel|p1a: Corviknight\n|-damage|p1a: Corviknight|0 fnt\n|faint|p1a: Corviknight\n|\n|upkeep\n|\n|t:|1699762072\n|switch|p1a: Ting-Lu|Ting-Lu|100\/100\n|-ability|p1a: Ting-Lu|Vessel of Ruin\n|turn|25\n|\n|t:|1699762079\n|-terastallize|p1a: Ting-Lu|Grass\n|move|p2a: It's all Ogre now|Horn Leech|p1a: Ting-Lu\n|-resisted|p1a: Ting-Lu\n|-damage|p1a: Ting-Lu|75\/100\n|move|p1a: Ting-Lu|Whirlwind|p2a: It's all Ogre now\n|drag|p2a: YAAAABBBYYYYY|Crawdaunt, F, tera:Water|69\/100\n|-damage|p2a: YAAAABBBYYYYY|57\/100|[from] Stealth Rock\n|\n|-heal|p1a: Ting-Lu|81\/100|[from] item: Leftovers\n|upkeep\n|turn|26\n|\n|t:|1699762109\n|switch|p2a: Voa|Tornadus-Therian, M|100\/100\n|move|p1a: Ting-Lu|Earthquake|p2a: Voa\n|-immune|p2a: Voa\n|\n|-heal|p1a: Ting-Lu|87\/100|[from] item: Leftovers\n|upkeep\n|turn|27\n|\n|t:|1699762125\n|switch|p1a: Blissey|Blissey, F|55\/100\n|move|p2a: Voa|Taunt|p1a: Blissey\n|-start|p1a: Blissey|move: Taunt\n|\n|upkeep\n|turn|28\n|\n|t:|1699762128\n|move|p2a: Voa|Bleakwind Storm|p1a: Blissey|[miss]\n|-miss|p2a: Voa|p1a: Blissey\n|move|p1a: Blissey|Seismic Toss|p2a: Voa\n|-damage|p2a: Voa|73\/100\n|\n|upkeep\n|turn|29\n|\n|t:|1699762140\n|move|p2a: Voa|U-turn|p1a: Blissey\n|-crit|p1a: Blissey\n|-damage|p1a: Blissey|35\/100\n|\n|t:|1699762147\n|switch|p2a: YAAAABBBYYYYY|Crawdaunt, F, tera:Water|57\/100|[from] U-turn\n|-damage|p2a: YAAAABBBYYYYY|44\/100|[from] Stealth Rock\n|move|p1a: Blissey|Seismic Toss|p2a: YAAAABBBYYYYY\n|-damage|p2a: YAAAABBBYYYYY|7\/100\n|\n|-end|p1a: Blissey|move: Taunt\n|upkeep\n|turn|30\n|\n|t:|1699762169\n|switch|p1a: Toxapex|Toxapex, M|32\/100 brn\n|move|p2a: YAAAABBBYYYYY|Crabhammer|p1a: Toxapex\n|-resisted|p1a: Toxapex\n|-damage|p1a: Toxapex|0 fnt\n|faint|p1a: Toxapex\n|\n|upkeep\n|\n|t:|1699762177\n|switch|p1a: Ting-Lu|Ting-Lu, tera:Grass|87\/100\n|-ability|p1a: Ting-Lu|Vessel of Ruin\n|turn|31\n|\n|t:|1699762181\n|switch|p2a: Voa|Tornadus-Therian, M|100\/100\n|move|p1a: Ting-Lu|Spikes|p2a: Voa\n|-sidestart|p2: Velho Aidetico|Spikes\n|\n|-heal|p1a: Ting-Lu|93\/100|[from] item: Leftovers\n|upkeep\n|turn|32\n|\n|t:|1699762185\n|move|p2a: Voa|Bleakwind Storm|p1a: Ting-Lu|[miss]\n|-miss|p2a: Voa|p1a: Ting-Lu\n|move|p1a: Ting-Lu|Whirlwind|p2a: Voa\n|drag|p2a: It's all Ogre now|Ogerpon-Cornerstone, F|100\/100\n|-damage|p2a: It's all Ogre now|88\/100|[from] Stealth Rock\n|-damage|p2a: It's all Ogre now|76\/100|[from] Spikes\n|\n|-heal|p1a: Ting-Lu|99\/100|[from] item: Leftovers\n|upkeep\n|turn|33\n|\n|t:|1699762192\n|move|p2a: It's all Ogre now|Ivy Cudgel|p1a: Ting-Lu\n|-damage|p1a: Ting-Lu|68\/100\n|move|p1a: Ting-Lu|Whirlwind|p2a: It's all Ogre now\n|drag|p2a: Xuping\u00e3o|Chandelure, F|100\/100\n|-damage|p2a: Xuping\u00e3o|76\/100|[from] Stealth Rock\n|-damage|p2a: Xuping\u00e3o|63\/100|[from] Spikes\n|\n|-heal|p2a: Xuping\u00e3o|69\/100|[from] item: Leftovers\n|-heal|p1a: Ting-Lu|74\/100|[from] item: Leftovers\n|upkeep\n|turn|34\n|\n|t:|1699762199\n|switch|p1a: Blissey|Blissey, F|35\/100\n|move|p2a: Xuping\u00e3o|Flamethrower|p1a: Blissey\n|-damage|p1a: Blissey|16\/100\n|\n|-heal|p2a: Xuping\u00e3o|76\/100|[from] item: Leftovers\n|upkeep\n|turn|35\n|\n|t:|1699762211\n|switch|p1a: Alomomola|Alomomola, M|77\/100\n|move|p2a: Xuping\u00e3o|Flamethrower|p1a: Alomomola\n|-resisted|p1a: Alomomola\n|-damage|p1a: Alomomola|45\/100\n|\n|-heal|p2a: Xuping\u00e3o|82\/100|[from] item: Leftovers\n|-heal|p1a: Alomomola|51\/100|[from] item: Leftovers\n|upkeep\n|turn|36\n|\n|t:|1699762217\n|move|p1a: Alomomola|Protect|p1a: Alomomola\n|-singleturn|p1a: Alomomola|Protect\n|move|p2a: Xuping\u00e3o|Shadow Ball|p1a: Alomomola\n|-activate|p1a: Alomomola|move: Protect\n|\n|-heal|p2a: Xuping\u00e3o|88\/100|[from] item: Leftovers\n|-heal|p1a: Alomomola|57\/100|[from] item: Leftovers\n|upkeep\n|turn|37\n|\n|t:|1699762221\n|move|p2a: Xuping\u00e3o|Substitute|p2a: Xuping\u00e3o\n|-start|p2a: Xuping\u00e3o|Substitute\n|-damage|p2a: Xuping\u00e3o|63\/100\n|move|p1a: Alomomola|Wish|p1a: Alomomola\n|\n|-heal|p2a: Xuping\u00e3o|69\/100|[from] item: Leftovers\n|-heal|p1a: Alomomola|64\/100|[from] item: Leftovers\n|upkeep\n|turn|38\n|\n|t:|1699762224\n|move|p2a: Xuping\u00e3o|Flamethrower|p1a: Alomomola\n|-resisted|p1a: Alomomola\n|-crit|p1a: Alomomola\n|-damage|p1a: Alomomola|19\/100\n|move|p1a: Alomomola|Flip Turn|p2a: Xuping\u00e3o\n|-supereffective|p2a: Xuping\u00e3o\n|-end|p2a: Xuping\u00e3o|Substitute\n|\n|t:|1699762233\n|switch|p1a: Blissey|Blissey, F|16\/100|[from] Flip Turn\n|\n|-heal|p1a: Blissey|54\/100|[from] move: Wish|[wisher] Alomomola\n|-heal|p2a: Xuping\u00e3o|75\/100|[from] item: Leftovers\n|upkeep\n|turn|39\n|\n|t:|1699762244\n|move|p2a: Xuping\u00e3o|Substitute|p2a: Xuping\u00e3o\n|-start|p2a: Xuping\u00e3o|Substitute\n|-damage|p2a: Xuping\u00e3o|50\/100\n|move|p1a: Blissey|Thunder Wave||[still]\n|-fail|p1a: Blissey\n|\n|-heal|p2a: Xuping\u00e3o|56\/100|[from] item: Leftovers\n|upkeep\n|turn|40\n|\n|t:|1699762247\n|move|p2a: Xuping\u00e3o|Calm Mind|p2a: Xuping\u00e3o\n|-boost|p2a: Xuping\u00e3o|spa|1\n|-boost|p2a: Xuping\u00e3o|spd|1\n|move|p1a: Blissey|Soft-Boiled|p1a: Blissey\n|-heal|p1a: Blissey|100\/100\n|\n|-heal|p2a: Xuping\u00e3o|63\/100|[from] item: Leftovers\n|upkeep\n|turn|41\n|\n|t:|1699762262\n|switch|p1a: Ting-Lu|Ting-Lu, tera:Grass|74\/100\n|-ability|p1a: Ting-Lu|Vessel of Ruin\n|move|p2a: Xuping\u00e3o|Calm Mind|p2a: Xuping\u00e3o\n|-boost|p2a: Xuping\u00e3o|spa|1\n|-boost|p2a: Xuping\u00e3o|spd|1\n|\n|-heal|p2a: Xuping\u00e3o|69\/100|[from] item: Leftovers\n|-heal|p1a: Ting-Lu|81\/100|[from] item: Leftovers\n|upkeep\n|turn|42\n|\n|t:|1699762269\n|move|p2a: Xuping\u00e3o|Flamethrower|p1a: Ting-Lu\n|-supereffective|p1a: Ting-Lu\n|-damage|p1a: Ting-Lu|0 fnt\n|faint|p1a: Ting-Lu\n|\n|-heal|p2a: Xuping\u00e3o|75\/100|[from] item: Leftovers\n|upkeep\n|c|\u2606lysmile|ok\n|-message|lysmile forfeited.\n|\n|win|Velho Aidetico\n|raw|lysmile's rating: 1332 &rarr; <strong>1315<\/strong><br \/>(-17 for losing)\n|raw|Velho Aidetico's rating: 1389 &rarr; <strong>1406<\/strong><br \/>(+17 for winning)\n|l|\u2606lysmile\n|c|\u2606Velho Aidetico|\ud83d\ude0e\n","uploadtime":1699762300,"views":19,"p1id":"lysmile","p2id":"velhoaidetico","formatid":"gen9ou","rating":1315,"private":0,"password":""}