{"id":"gen9ou-1988472412","p1":"OkJuice100","p2":"Todesser","format":"[Gen 9] OU","log":"|j|\u2606OkJuice100\n|j|\u2606Todesser\n|t:|1699726601\n|gametype|singles\n|player|p1|OkJuice100|266|1272\n|player|p2|Todesser|veteran|1334\n|teamsize|p1|6\n|teamsize|p2|6\n|gen|9\n|tier|[Gen 9] OU\n|rated|\n|rule|Sleep Clause Mod: Limit one foe put to sleep\n|rule|Species Clause: Limit one of each Pok\u00e9mon\n|rule|OHKO Clause: OHKO moves are banned\n|rule|Evasion Items Clause: Evasion items are banned\n|rule|Evasion Moves Clause: Evasion moves are banned\n|rule|Endless Battle Clause: Forcing endless battles is banned\n|rule|HP Percentage Mod: HP is shown in percentages\n|clearpoke\n|poke|p1|Cinderace, M|\n|poke|p1|Greninja-*, F|\n|poke|p1|Slowking-Galar, F|\n|poke|p1|Pelipper, M|\n|poke|p1|Barraskewda, F|\n|poke|p1|Rillaboom, F|\n|poke|p2|Ceruledge, M|\n|poke|p2|Sneasler, M|\n|poke|p2|Rillaboom, F|\n|poke|p2|Iron Valiant|\n|poke|p2|Clodsire, F|\n|poke|p2|Cinderace, F|\n|teampreview\n|\n|t:|1699726609\n|start\n|switch|p1a: Pelipper|Pelipper, M|100\/100\n|switch|p2a: Clodsire|Clodsire, F|100\/100\n|-weather|RainDance|[from] ability: Drizzle|[of] p1a: Pelipper\n|turn|1\n|inactive|Battle timer is ON: inactive players will automatically lose when time's up. (requested by Todesser)\n|\n|t:|1699726615\n|move|p1a: Pelipper|U-turn|p2a: Clodsire\n|-resisted|p2a: Clodsire\n|-damage|p2a: Clodsire|95\/100\n|\n|t:|1699726636\n|switch|p1a: Greninja|Greninja, F|100\/100|[from] U-turn\n|move|p2a: Clodsire|Stealth Rock|p1a: Greninja\n|-sidestart|p1: OkJuice100|move: Stealth Rock\n|\n|-weather|RainDance|[upkeep]\n|-heal|p2a: Clodsire|100\/100|[from] item: Leftovers\n|upkeep\n|turn|2\n|\n|t:|1699726654\n|move|p1a: Greninja|Spikes|p2a: Clodsire\n|-start|p1a: Greninja|typechange|Ground|[from] ability: Protean\n|-sidestart|p2: Todesser|Spikes\n|move|p2a: Clodsire|Poison Jab|p1a: Greninja\n|-resisted|p1a: Greninja\n|-damage|p1a: Greninja|82\/100\n|\n|-weather|RainDance|[upkeep]\n|upkeep\n|turn|3\n|\n|t:|1699726671\n|switch|p1a: Rillaboom|Rillaboom, F|100\/100\n|-damage|p1a: Rillaboom|88\/100|[from] Stealth Rock\n|-fieldstart|move: Grassy Terrain|[from] ability: Grassy Surge|[of] p1a: Rillaboom\n|move|p2a: Clodsire|Poison Jab|p1a: Rillaboom\n|-supereffective|p1a: Rillaboom\n|-crit|p1a: Rillaboom\n|-damage|p1a: Rillaboom|27\/100\n|\n|-weather|RainDance|[upkeep]\n|-heal|p1a: Rillaboom|33\/100|[from] Grassy Terrain\n|-heal|p1a: Rillaboom|40\/100|[from] item: Leftovers\n|upkeep\n|turn|4\n|\n|t:|1699726684\n|move|p1a: Rillaboom|Protect|p1a: Rillaboom\n|-singleturn|p1a: Rillaboom|Protect\n|move|p2a: Clodsire|Poison Jab|p1a: Rillaboom\n|-activate|p1a: Rillaboom|move: Protect\n|\n|-weather|RainDance|[upkeep]\n|-heal|p1a: Rillaboom|46\/100|[from] Grassy Terrain\n|-heal|p1a: Rillaboom|52\/100|[from] item: Leftovers\n|upkeep\n|turn|5\n|\n|t:|1699726693\n|switch|p1a: Slowking|Slowking-Galar, F|100\/100\n|-damage|p1a: Slowking|88\/100|[from] Stealth Rock\n|move|p2a: Clodsire|Poison Jab|p1a: Slowking\n|-resisted|p1a: Slowking\n|-damage|p1a: Slowking|77\/100\n|\n|-weather|RainDance|[upkeep]\n|-heal|p1a: Slowking|83\/100|[from] Grassy Terrain\n|upkeep\n|turn|6\n|\n|t:|1699726710\n|move|p1a: Slowking|Future Sight|p2a: Clodsire\n|-start|p1a: Slowking|move: Future Sight\n|move|p2a: Clodsire|Earthquake|p1a: Slowking\n|-supereffective|p1a: Slowking\n|-damage|p1a: Slowking|55\/100\n|\n|-weather|RainDance|[upkeep]\n|-heal|p1a: Slowking|61\/100|[from] Grassy Terrain\n|upkeep\n|turn|7\n|\n|t:|1699726716\n|move|p1a: Slowking|Ice Beam|p2a: Clodsire\n|-supereffective|p2a: Clodsire\n|-damage|p2a: Clodsire|65\/100\n|move|p2a: Clodsire|Earthquake|p1a: Slowking\n|-supereffective|p1a: Slowking\n|-damage|p1a: Slowking|32\/100\n|\n|-weather|RainDance|[upkeep]\n|-heal|p1a: Slowking|38\/100|[from] Grassy Terrain\n|-heal|p2a: Clodsire|71\/100|[from] Grassy Terrain\n|-heal|p2a: Clodsire|78\/100|[from] item: Leftovers\n|-fieldend|move: Grassy Terrain\n|upkeep\n|turn|8\n|\n|t:|1699726726\n|move|p1a: Slowking|Ice Beam|p2a: Clodsire\n|-supereffective|p2a: Clodsire\n|-damage|p2a: Clodsire|44\/100\n|move|p2a: Clodsire|Earthquake|p1a: Slowking\n|-supereffective|p1a: Slowking\n|-damage|p1a: Slowking|0 fnt\n|faint|p1a: Slowking\n|\n|-weather|none\n|-end|p2a: Clodsire|move: Future Sight\n|-supereffective|p2a: Clodsire\n|-damage|p2a: Clodsire|0 fnt\n|faint|p2a: Clodsire\n|upkeep\n|\n|t:|1699726736\n|switch|p1a: Pelipper|Pelipper, M|100\/100\n|switch|p2a: Cinderace|Cinderace, F|100\/100\n|-damage|p1a: Pelipper|76\/100|[from] Stealth Rock\n|-weather|RainDance|[from] ability: Drizzle|[of] p1a: Pelipper\n|turn|9\n|\n|t:|1699726747\n|move|p2a: Cinderace|Court Change|p2a: Cinderace\n|-start|p2a: Cinderace|typechange|Normal|[from] ability: Libero\n|-swapsideconditions\n|-activate|p2a: Cinderace|move: Court Change\n|move|p1a: Pelipper|Weather Ball|p2a: Cinderace\n|-damage|p2a: Cinderace|29\/100\n|\n|-weather|RainDance|[upkeep]\n|upkeep\n|turn|10\n|\n|t:|1699726756\n|move|p2a: Cinderace|Court Change|p2a: Cinderace\n|-swapsideconditions\n|-activate|p2a: Cinderace|move: Court Change\n|move|p1a: Pelipper|Hurricane|p2a: Cinderace\n|-damage|p2a: Cinderace|0 fnt\n|faint|p2a: Cinderace\n|\n|-weather|RainDance|[upkeep]\n|upkeep\n|\n|t:|1699726764\n|switch|p2a: Kagome|Iron Valiant, shiny|100\/100\n|-damage|p2a: Kagome|88\/100|[from] Spikes\n|-enditem|p2a: Kagome|Booster Energy\n|-activate|p2a: Kagome|ability: Quark Drive|[fromitem]\n|-start|p2a: Kagome|quarkdrivespe\n|turn|11\n|\n|t:|1699726772\n|switch|p1a: Rillaboom|Rillaboom, F|52\/100\n|-damage|p1a: Rillaboom|40\/100|[from] Stealth Rock\n|-fieldstart|move: Grassy Terrain|[from] ability: Grassy Surge|[of] p1a: Rillaboom\n|move|p2a: Kagome|Thunderbolt|p1a: Rillaboom\n|-resisted|p1a: Rillaboom\n|-damage|p1a: Rillaboom|26\/100\n|\n|-weather|RainDance|[upkeep]\n|-heal|p2a: Kagome|94\/100|[from] Grassy Terrain\n|-heal|p1a: Rillaboom|32\/100|[from] Grassy Terrain\n|-heal|p1a: Rillaboom|39\/100|[from] item: Leftovers\n|upkeep\n|turn|12\n|\n|t:|1699726785\n|move|p2a: Kagome|Moonblast|p1a: Rillaboom\n|-damage|p1a: Rillaboom|0 fnt\n|faint|p1a: Rillaboom\n|\n|-weather|RainDance|[upkeep]\n|-heal|p2a: Kagome|100\/100|[from] Grassy Terrain\n|upkeep\n|\n|t:|1699726787\n|switch|p1a: Barraskewda|Barraskewda, F|100\/100\n|-damage|p1a: Barraskewda|88\/100|[from] Stealth Rock\n|turn|13\n|\n|t:|1699726794\n|-terastallize|p2a: Kagome|Steel\n|move|p1a: Barraskewda|Liquidation|p2a: Kagome\n|-damage|p2a: Kagome|0 fnt\n|faint|p2a: Kagome\n|-end|p2a: Kagome|Quark Drive|[silent]\n|\n|-weather|RainDance|[upkeep]\n|-heal|p1a: Barraskewda|94\/100|[from] Grassy Terrain\n|upkeep\n|\n|t:|1699726806\n|switch|p2a: Sneasler|Sneasler, M|100\/100\n|-damage|p2a: Sneasler|88\/100|[from] Spikes\n|-enditem|p2a: Sneasler|Grassy Seed\n|-boost|p2a: Sneasler|def|1|[from] item: Grassy Seed\n|turn|14\n|\n|t:|1699726812\n|move|p2a: Sneasler|Fake Out|p1a: Barraskewda\n|-damage|p1a: Barraskewda|67\/100\n|cant|p1a: Barraskewda|flinch\n|\n|-weather|RainDance|[upkeep]\n|-heal|p2a: Sneasler|94\/100|[from] Grassy Terrain\n|-heal|p1a: Barraskewda|73\/100|[from] Grassy Terrain\n|upkeep\n|turn|15\n|\n|t:|1699726820\n|move|p2a: Sneasler|Acrobatics|p1a: Barraskewda\n|-damage|p1a: Barraskewda|2\/100\n|move|p1a: Barraskewda|Liquidation|p2a: Sneasler\n|-damage|p2a: Sneasler|0 fnt\n|faint|p2a: Sneasler\n|\n|-weather|RainDance|[upkeep]\n|-heal|p1a: Barraskewda|8\/100|[from] Grassy Terrain\n|-fieldend|move: Grassy Terrain\n|upkeep\n|\n|t:|1699726828\n|switch|p2a: Ceruledge|Ceruledge, M|100\/100\n|-damage|p2a: Ceruledge|88\/100|[from] Spikes\n|turn|16\n|\n|t:|1699726834\n|move|p1a: Barraskewda|Liquidation|p2a: Ceruledge\n|-supereffective|p2a: Ceruledge\n|-damage|p2a: Ceruledge|0 fnt\n|faint|p2a: Ceruledge\n|\n|-weather|none\n|upkeep\n|\n|t:|1699726840\n|switch|p2a: Rillaboom|Rillaboom, F|100\/100\n|-damage|p2a: Rillaboom|88\/100|[from] Spikes\n|-fieldstart|move: Grassy Terrain|[from] ability: Grassy Surge|[of] p2a: Rillaboom\n|turn|17\n|\n|t:|1699726845\n|move|p2a: Rillaboom|Grassy Glide|p1a: Barraskewda\n|-supereffective|p1a: Barraskewda\n|-damage|p1a: Barraskewda|0 fnt\n|faint|p1a: Barraskewda\n|\n|-heal|p2a: Rillaboom|94\/100|[from] Grassy Terrain\n|upkeep\n|\n|t:|1699726857\n|switch|p1a: Pelipper|Pelipper, M|76\/100\n|-damage|p1a: Pelipper|51\/100|[from] Stealth Rock\n|-weather|RainDance|[from] ability: Drizzle|[of] p1a: Pelipper\n|turn|18\n|\n|t:|1699726868\n|move|p2a: Rillaboom|Grassy Glide|p1a: Pelipper\n|-damage|p1a: Pelipper|4\/100\n|move|p1a: Pelipper|Hurricane|p2a: Rillaboom\n|-supereffective|p2a: Rillaboom\n|-damage|p2a: Rillaboom|6\/100\n|\n|-weather|RainDance|[upkeep]\n|-heal|p2a: Rillaboom|12\/100|[from] Grassy Terrain\n|upkeep\n|turn|19\n|\n|t:|1699726878\n|move|p2a: Rillaboom|Grassy Glide|p1a: Pelipper\n|-damage|p1a: Pelipper|0 fnt\n|faint|p1a: Pelipper\n|\n|-weather|RainDance|[upkeep]\n|-heal|p2a: Rillaboom|19\/100|[from] Grassy Terrain\n|upkeep\n|\n|t:|1699726881\n|switch|p1a: Cinderace|Cinderace, M|100\/100\n|-damage|p1a: Cinderace|76\/100|[from] Stealth Rock\n|turn|20\n|\n|t:|1699726900\n|move|p2a: Rillaboom|Grassy Glide|p1a: Cinderace\n|-resisted|p1a: Cinderace\n|-damage|p1a: Cinderace|31\/100\n|move|p1a: Cinderace|Weather Ball|p2a: Rillaboom\n|-start|p1a: Cinderace|typechange|Water|[from] ability: Libero\n|-resisted|p2a: Rillaboom\n|-damage|p2a: Rillaboom|0 fnt\n|faint|p2a: Rillaboom\n|\n|win|OkJuice100\n|raw|OkJuice100's rating: 1272 &rarr; <strong>1301<\/strong><br \/>(+29 for winning)\n|raw|Todesser's rating: 1334 &rarr; <strong>1310<\/strong><br \/>(-24 for losing)\n|l|\u2606Todesser\n|c|\u2606OkJuice100|gg\n","uploadtime":1699726913,"views":13,"p1id":"okjuice100","p2id":"todesser","formatid":"gen9ou","rating":1301,"private":0,"password":""}