{"id":"gen9ou-1989716530","p1":"carre26","p2":"Username momento","format":"[Gen 9] OU","log":"|j|\u203dcarre26\n|j|\u2606Username momento\n|t:|1699889595\n|gametype|singles\n|player|p1|carre26|265|1484\n|player|p2|Username momento|ninjaboy|1526\n|teamsize|p1|6\n|teamsize|p2|6\n|gen|9\n|tier|[Gen 9] OU\n|rated|\n|rule|Sleep Clause Mod: Limit one foe put to sleep\n|rule|Species Clause: Limit one of each Pok\u00e9mon\n|rule|OHKO Clause: OHKO moves are banned\n|rule|Evasion Items Clause: Evasion items are banned\n|rule|Evasion Moves Clause: Evasion moves are banned\n|rule|Endless Battle Clause: Forcing endless battles is banned\n|rule|HP Percentage Mod: HP is shown in percentages\n|clearpoke\n|poke|p1|Enamorus, F|\n|poke|p1|Dragapult, F|\n|poke|p1|Iron Valiant|\n|poke|p1|Gholdengo|\n|poke|p1|Iron Treads|\n|poke|p1|Dragonite, M|\n|poke|p2|Meowscarada, F|\n|poke|p2|Greninja-*, M|\n|poke|p2|Kingambit, F|\n|poke|p2|Zamazenta-*|\n|poke|p2|Great Tusk|\n|poke|p2|Iron Moth|\n|teampreview\n|\n|t:|1699889606\n|start\n|switch|p1a: Gholdengo|Gholdengo|100\/100\n|switch|p2a: Meowscarada|Meowscarada, F|100\/100\n|-item|p1a: Gholdengo|Air Balloon\n|turn|1\n|\n|t:|1699889612\n|switch|p1a: Iron Treads|Iron Treads|100\/100\n|-enditem|p1a: Iron Treads|Booster Energy\n|-activate|p1a: Iron Treads|ability: Quark Drive|[fromitem]\n|-start|p1a: Iron Treads|quarkdrivespe\n|move|p2a: Meowscarada|Knock Off|p1a: Iron Treads\n|-start|p2a: Meowscarada|typechange|Dark|[from] ability: Protean\n|-damage|p1a: Iron Treads|63\/100\n|\n|upkeep\n|turn|2\n|\n|t:|1699889618\n|switch|p2a: Great Tusk|Great Tusk|100\/100\n|-enditem|p2a: Great Tusk|Booster Energy\n|-activate|p2a: Great Tusk|ability: Protosynthesis|[fromitem]\n|-start|p2a: Great Tusk|protosynthesisatk\n|move|p1a: Iron Treads|Stealth Rock|p2a: Great Tusk\n|-sidestart|p2: Username momento|move: Stealth Rock\n|\n|upkeep\n|turn|3\n|\n|t:|1699889632\n|move|p1a: Iron Treads|Earthquake|p2a: Great Tusk\n|-damage|p2a: Great Tusk|73\/100\n|move|p2a: Great Tusk|Knock Off|p1a: Iron Treads\n|-damage|p1a: Iron Treads|41\/100\n|\n|upkeep\n|turn|4\n|\n|t:|1699889638\n|move|p1a: Iron Treads|Knock Off|p2a: Great Tusk\n|-resisted|p2a: Great Tusk\n|-damage|p2a: Great Tusk|68\/100\n|move|p2a: Great Tusk|Rapid Spin|p1a: Iron Treads\n|-resisted|p1a: Iron Treads\n|-damage|p1a: Iron Treads|32\/100\n|-boost|p2a: Great Tusk|spe|1\n|-sideend|p2: Username momento|Stealth Rock|[from] move: Rapid Spin|[of] p2a: Great Tusk\n|\n|upkeep\n|turn|5\n|\n|t:|1699889641\n|move|p1a: Iron Treads|Stealth Rock|p2a: Great Tusk\n|-sidestart|p2: Username momento|move: Stealth Rock\n|move|p2a: Great Tusk|Earthquake|p1a: Iron Treads\n|-supereffective|p1a: Iron Treads\n|-damage|p1a: Iron Treads|0 fnt\n|faint|p1a: Iron Treads\n|-end|p1a: Iron Treads|Quark Drive|[silent]\n|\n|upkeep\n|\n|t:|1699889645\n|switch|p1a: Iron Valiant|Iron Valiant|100\/100\n|-enditem|p1a: Iron Valiant|Booster Energy\n|-activate|p1a: Iron Valiant|ability: Quark Drive|[fromitem]\n|-start|p1a: Iron Valiant|quarkdrivespe\n|turn|6\n|\n|t:|1699889661\n|-terastallize|p2a: Great Tusk|Steel\n|move|p1a: Iron Valiant|Psyshock|p2a: Great Tusk\n|-resisted|p2a: Great Tusk\n|-damage|p2a: Great Tusk|58\/100\n|move|p2a: Great Tusk|Rapid Spin|p1a: Iron Valiant\n|-damage|p1a: Iron Valiant|75\/100\n|-boost|p2a: Great Tusk|spe|1\n|-sideend|p2: Username momento|Stealth Rock|[from] move: Rapid Spin|[of] p2a: Great Tusk\n|\n|upkeep\n|turn|7\n|\n|t:|1699889672\n|-end|p1a: Iron Valiant|Quark Drive|[silent]\n|switch|p1a: Dragonite|Dragonite, M|100\/100\n|move|p2a: Great Tusk|Earthquake|p1a: Dragonite\n|-immune|p1a: Dragonite\n|\n|upkeep\n|turn|8\n|\n|t:|1699889677\n|move|p2a: Great Tusk|Ice Spinner|p1a: Dragonite\n|-supereffective|p1a: Dragonite\n|-damage|p1a: Dragonite|30\/100\n|move|p1a: Dragonite|Earthquake|p2a: Great Tusk\n|-supereffective|p2a: Great Tusk\n|-damage|p2a: Great Tusk|4\/100\n|\n|upkeep\n|turn|9\n|\n|t:|1699889682\n|move|p1a: Dragonite|Extreme Speed|p2a: Great Tusk\n|-resisted|p2a: Great Tusk\n|-damage|p2a: Great Tusk|0 fnt\n|faint|p2a: Great Tusk\n|-end|p2a: Great Tusk|Protosynthesis|[silent]\n|\n|upkeep\n|\n|t:|1699889686\n|switch|p2a: Greninja|Greninja, M|100\/100\n|turn|10\n|\n|t:|1699889688\n|move|p1a: Dragonite|Extreme Speed|p2a: Greninja\n|-damage|p2a: Greninja|48\/100\n|move|p2a: Greninja|Ice Beam|p1a: Dragonite\n|-supereffective|p1a: Dragonite\n|-damage|p1a: Dragonite|0 fnt\n|faint|p1a: Dragonite\n|-ability|p2a: Greninja|Battle Bond|boost\n|-boost|p2a: Greninja|atk|1\n|-boost|p2a: Greninja|spa|1\n|-boost|p2a: Greninja|spe|1\n|-activate|p2a: Greninja|ability: Battle Bond\n|-damage|p2a: Greninja|39\/100|[from] item: Life Orb\n|\n|upkeep\n|\n|t:|1699889694\n|switch|p1a: Dragapult|Dragapult, F|100\/100\n|turn|11\n|\n|t:|1699889699\n|move|p2a: Greninja|Dark Pulse|p1a: Dragapult\n|-supereffective|p1a: Dragapult\n|-enditem|p1a: Dragapult|Focus Sash\n|-damage|p1a: Dragapult|1\/100\n|-damage|p2a: Greninja|29\/100|[from] item: Life Orb\n|move|p1a: Dragapult|Dragon Darts|p2a: Greninja\n|-damage|p2a: Greninja|0 fnt\n|faint|p2a: Greninja\n|\n|upkeep\n|\n|t:|1699889706\n|switch|p2a: Iron Moth|Iron Moth|100\/100\n|-enditem|p2a: Iron Moth|Booster Energy\n|-activate|p2a: Iron Moth|ability: Quark Drive|[fromitem]\n|-start|p2a: Iron Moth|quarkdrivespe\n|turn|12\n|inactive|Battle timer is ON: inactive players will automatically lose when time's up. (requested by Username momento)\n|\n|t:|1699889711\n|move|p2a: Iron Moth|Fiery Dance|p1a: Dragapult\n|-resisted|p1a: Dragapult\n|-damage|p1a: Dragapult|0 fnt\n|-boost|p2a: Iron Moth|spa|1\n|faint|p1a: Dragapult\n|\n|upkeep\n|\n|t:|1699889714\n|switch|p1a: Iron Valiant|Iron Valiant|75\/100\n|turn|13\n|\n|t:|1699889718\n|-terastallize|p1a: Iron Valiant|Steel\n|move|p2a: Iron Moth|Dazzling Gleam|p1a: Iron Valiant\n|-resisted|p1a: Iron Valiant\n|-damage|p1a: Iron Valiant|38\/100\n|move|p1a: Iron Valiant|Psyshock|p2a: Iron Moth\n|-supereffective|p2a: Iron Moth\n|-damage|p2a: Iron Moth|14\/100\n|\n|upkeep\n|turn|14\n|\n|t:|1699889727\n|move|p2a: Iron Moth|Fiery Dance|p1a: Iron Valiant\n|-supereffective|p1a: Iron Valiant\n|-damage|p1a: Iron Valiant|0 fnt\n|-boost|p2a: Iron Moth|spa|1\n|faint|p1a: Iron Valiant\n|-end|p1a: Iron Valiant|Quark Drive|[silent]\n|\n|upkeep\n|\n|t:|1699889728\n|switch|p1a: Enamorus|Enamorus, F|100\/100\n|turn|15\n|\n|t:|1699889731\n|move|p2a: Iron Moth|Sludge Wave|p1a: Enamorus\n|-supereffective|p1a: Enamorus\n|-damage|p1a: Enamorus|0 fnt\n|faint|p1a: Enamorus\n|\n|upkeep\n|-message|carre26 forfeited.\n|\n|win|Username momento\n|raw|carre26's rating: 1484 &rarr; <strong>1466<\/strong><br \/>(-18 for losing)\n|raw|Username momento's rating: 1526 &rarr; <strong>1544<\/strong><br \/>(+18 for winning)\n|l|\u203dcarre26\n","uploadtime":1699889740,"views":17,"p1id":"carre26","p2id":"usernamemomento","formatid":"gen9ou","rating":1466,"private":0,"password":""}