{"id":"gen9ou-1998348115","p1":"koffingwoffing","p2":"the chouch","format":"[Gen 9] OU","log":"|j|\u2606koffingwoffing\n|j|\u2606the chouch\n|inactive|Battle timer is ON: inactive players will automatically lose when time's up.\n|t:|1700932257\n|gametype|singles\n|player|p1|koffingwoffing|will-gen2|\n|player|p2|the chouch|veteran|\n|teamsize|p1|6\n|teamsize|p2|6\n|gen|9\n|tier|[Gen 9] OU\n|rated|Tournament battle\n|rule|Sleep Clause Mod: Limit one foe put to sleep\n|rule|Species Clause: Limit one of each Pok\u00e9mon\n|rule|OHKO Clause: OHKO moves are banned\n|rule|Evasion Items Clause: Evasion items are banned\n|rule|Evasion Moves Clause: Evasion moves are banned\n|rule|Endless Battle Clause: Forcing endless battles is banned\n|rule|HP Percentage Mod: HP is shown in percentages\n|clearpoke\n|poke|p1|Dragonite, F|\n|poke|p1|Arcanine-Hisui, M|\n|poke|p1|Clodsire, M|\n|poke|p1|Staraptor, F|\n|poke|p1|Jolteon, F|\n|poke|p1|Jumpluff, M|\n|poke|p2|Jumpluff, M|\n|poke|p2|Jolteon, F|\n|poke|p2|Staraptor, M|\n|poke|p2|Clodsire, M|\n|poke|p2|Dragonite, F|\n|poke|p2|Arcanine, F|\n|teampreview\n|j|*Lady Monita \u2746\n|c|\u2606koffingwoffing|hf\n|j| Glasshaus\n|c|\u2606the chouch|u 2\n|\n|t:|1700932267\n|start\n|switch|p1a: Clodsire|Clodsire, M|100\/100\n|switch|p2a: Clodsire|Clodsire, M|100\/100\n|turn|1\n|\n|t:|1700932273\n|move|p1a: Clodsire|Stealth Rock|p2a: Clodsire\n|-sidestart|p2: the chouch|move: Stealth Rock\n|move|p2a: Clodsire|Stealth Rock|p1a: Clodsire\n|-sidestart|p1: koffingwoffing|move: Stealth Rock\n|\n|upkeep\n|turn|2\n|\n|t:|1700932278\n|move|p1a: Clodsire|Earthquake|p2a: Clodsire\n|-supereffective|p2a: Clodsire\n|-damage|p2a: Clodsire|37\/100\n|move|p2a: Clodsire|Earthquake|p1a: Clodsire\n|-supereffective|p1a: Clodsire\n|-damage|p1a: Clodsire|63\/100\n|\n|-heal|p1a: Clodsire|69\/100|[from] item: Leftovers\n|upkeep\n|turn|3\n|j| TsuShirogane\n|\n|t:|1700932303\n|switch|p2a: Dragonite|Dragonite, F|100\/100\n|-damage|p2a: Dragonite|76\/100|[from] Stealth Rock\n|move|p1a: Clodsire|Earthquake|p2a: Dragonite\n|-immune|p2a: Dragonite\n|\n|-heal|p1a: Clodsire|75\/100|[from] item: Leftovers\n|upkeep\n|turn|4\n|\n|t:|1700932312\n|move|p2a: Dragonite|Outrage|p1a: Clodsire\n|-damage|p1a: Clodsire|0 fnt\n|faint|p1a: Clodsire\n|\n|upkeep\n|j| 1papaya2papaya\n|j| Harrison.sholler\n|\n|t:|1700932329\n|switch|p1a: Arcanine|Arcanine-Hisui, M|100\/100\n|-damage|p1a: Arcanine|76\/100|[from] Stealth Rock\n|turn|5\n|\n|t:|1700932331\n|move|p1a: Arcanine|Head Smash|p2a: Dragonite|[miss]\n|-miss|p1a: Arcanine|p2a: Dragonite\n|move|p2a: Dragonite|Outrage|p1a: Arcanine|[from]lockedmove\n|-damage|p1a: Arcanine|0 fnt\n|faint|p1a: Arcanine\n|-start|p2a: Dragonite|confusion|[fatigue]\n|\n|upkeep\n|c|\u2606koffingwoffing|uh oh\n|c|\u2606the chouch|sorry\n|\n|t:|1700932352\n|switch|p1a: Jumpluff|Jumpluff, M|100\/100\n|-damage|p1a: Jumpluff|76\/100|[from] Stealth Rock\n|turn|6\n|l| 1papaya2papaya\n|\n|t:|1700932357\n|move|p1a: Jumpluff|Strength Sap|p2a: Dragonite\n|-unboost|p2a: Dragonite|atk|1\n|-heal|p1a: Jumpluff|100\/100\n|-activate|p2a: Dragonite|confusion\n|move|p2a: Dragonite|Outrage|p1a: Jumpluff\n|-damage|p1a: Jumpluff|7\/100\n|\n|-heal|p1a: Jumpluff|13\/100|[from] item: Leftovers\n|upkeep\n|turn|7\n|\n|t:|1700932365\n|move|p1a: Jumpluff|Strength Sap|p2a: Dragonite\n|-unboost|p2a: Dragonite|atk|1\n|-heal|p1a: Jumpluff|89\/100\n|-activate|p2a: Dragonite|confusion\n|move|p2a: Dragonite|Outrage|p1a: Jumpluff|[from]lockedmove\n|-damage|p1a: Jumpluff|24\/100\n|\n|-heal|p1a: Jumpluff|30\/100|[from] item: Leftovers\n|upkeep\n|turn|8\n|\n|t:|1700932373\n|move|p1a: Jumpluff|Strength Sap|p2a: Dragonite\n|-unboost|p2a: Dragonite|atk|1\n|-heal|p1a: Jumpluff|87\/100\n|-activate|p2a: Dragonite|confusion\n|move|p2a: Dragonite|Outrage|p1a: Jumpluff|[from]lockedmove\n|-damage|p1a: Jumpluff|32\/100\n|\n|-heal|p1a: Jumpluff|38\/100|[from] item: Leftovers\n|upkeep\n|turn|9\n|\n|t:|1700932383\n|switch|p2a: Jumpluff|Jumpluff, M|100\/100\n|-damage|p2a: Jumpluff|76\/100|[from] Stealth Rock\n|move|p1a: Jumpluff|Stun Spore|p2a: Jumpluff\n|-immune|p2a: Jumpluff\n|\n|-heal|p1a: Jumpluff|44\/100|[from] item: Leftovers\n|upkeep\n|turn|10\n|\n|t:|1700932396\n|move|p1a: Jumpluff|Memento|p2a: Jumpluff\n|-unboost|p2a: Jumpluff|atk|2\n|-unboost|p2a: Jumpluff|spa|2\n|faint|p1a: Jumpluff\n|move|p2a: Jumpluff|Acrobatics|p1: Jumpluff|[notarget]\n|-fail|p2a: Jumpluff\n|\n|upkeep\n|\n|t:|1700932403\n|switch|p1a: Dragonite|Dragonite, F|100\/100\n|turn|11\n|\n|t:|1700932408\n|move|p2a: Jumpluff|Leech Seed|p1a: Dragonite\n|-start|p1a: Dragonite|move: Leech Seed\n|move|p1a: Dragonite|Dragon Dance|p1a: Dragonite\n|-boost|p1a: Dragonite|atk|1\n|-boost|p1a: Dragonite|spe|1\n|\n|-damage|p1a: Dragonite|88\/100|[from] Leech Seed|[of] p2a: Jumpluff\n|-heal|p2a: Jumpluff|87\/100|[silent]\n|upkeep\n|turn|12\n|\n|t:|1700932414\n|move|p1a: Dragonite|Ice Spinner|p2a: Jumpluff\n|-supereffective|p2a: Jumpluff\n|-damage|p2a: Jumpluff|0 fnt\n|faint|p2a: Jumpluff\n|\n|upkeep\n|\n|t:|1700932421\n|switch|p2a: Arcanine|Arcanine, F|100\/100\n|turn|13\n|\n|t:|1700932435\n|-terastallize|p2a: Arcanine|Grass\n|move|p1a: Dragonite|Dragon Dance|p1a: Dragonite\n|-boost|p1a: Dragonite|atk|1\n|-boost|p1a: Dragonite|spe|1\n|move|p2a: Arcanine|Will-O-Wisp|p1a: Dragonite\n|-status|p1a: Dragonite|brn\n|\n|-damage|p1a: Dragonite|76\/100 brn|[from] Leech Seed|[of] p2a: Arcanine\n|-damage|p1a: Dragonite|70\/100 brn|[from] brn\n|upkeep\n|turn|14\n|\n|t:|1700932441\n|move|p1a: Dragonite|Dragon Dance|p1a: Dragonite\n|-boost|p1a: Dragonite|atk|1\n|-boost|p1a: Dragonite|spe|1\n|move|p2a: Arcanine|Morning Sun|p2a: Arcanine\n|-fail|p2a: Arcanine|heal\n|\n|-damage|p1a: Dragonite|57\/100 brn|[from] Leech Seed|[of] p2a: Arcanine\n|-damage|p1a: Dragonite|51\/100 brn|[from] brn\n|upkeep\n|turn|15\n|\n|t:|1700932447\n|move|p1a: Dragonite|Dragon Dance|p1a: Dragonite\n|-boost|p1a: Dragonite|atk|1\n|-boost|p1a: Dragonite|spe|1\n|move|p2a: Arcanine|Morning Sun|p2a: Arcanine\n|-fail|p2a: Arcanine|heal\n|\n|-damage|p1a: Dragonite|39\/100 brn|[from] Leech Seed|[of] p2a: Arcanine\n|-damage|p1a: Dragonite|32\/100 brn|[from] brn\n|upkeep\n|turn|16\n|\n|t:|1700932454\n|move|p1a: Dragonite|Outrage|p2a: Arcanine\n|-damage|p2a: Arcanine|0 fnt\n|faint|p2a: Arcanine\n|\n|-damage|p1a: Dragonite|26\/100 brn|[from] brn\n|upkeep\n|\n|t:|1700932459\n|switch|p2a: Dragonite|Dragonite, F|76\/100\n|-damage|p2a: Dragonite|51\/100|[from] Stealth Rock\n|turn|17\n|\n|t:|1700932463\n|move|p2a: Dragonite|Extreme Speed|p1a: Dragonite\n|-damage|p1a: Dragonite|0 fnt\n|faint|p1a: Dragonite\n|\n|upkeep\n|\n|t:|1700932488\n|switch|p1a: Staraptor|Staraptor, F|100\/100\n|-ability|p1a: Staraptor|Intimidate|boost\n|-unboost|p2a: Dragonite|atk|1\n|turn|18\n|\n|t:|1700932492\n|move|p2a: Dragonite|Extreme Speed|p1a: Staraptor\n|-damage|p1a: Staraptor|53\/100\n|move|p1a: Staraptor|Double-Edge|p2a: Dragonite\n|-damage|p2a: Dragonite|0 fnt\n|faint|p2a: Dragonite\n|-damage|p1a: Staraptor|36\/100|[from] Recoil\n|\n|upkeep\n|\n|t:|1700932499\n|switch|p2a: Staraptor|Staraptor, M|100\/100\n|-ability|p2a: Staraptor|Intimidate|boost\n|-unboost|p1a: Staraptor|atk|1\n|turn|19\n|\n|t:|1700932505\n|move|p2a: Staraptor|Quick Attack|p1a: Staraptor\n|-damage|p1a: Staraptor|8\/100\n|move|p1a: Staraptor|Double-Edge|p2a: Staraptor\n|-damage|p2a: Staraptor|41\/100\n|-damage|p1a: Staraptor|0 fnt|[from] Recoil\n|faint|p1a: Staraptor\n|\n|upkeep\n|\n|t:|1700932510\n|switch|p1a: Jolteon|Jolteon, F|100\/100\n|-damage|p1a: Jolteon|88\/100|[from] Stealth Rock\n|turn|20\n|\n|t:|1700932513\n|move|p1a: Jolteon|Tera Blast|p2a: Staraptor\n|-damage|p2a: Staraptor|0 fnt\n|faint|p2a: Staraptor\n|-damage|p1a: Jolteon|78\/100|[from] item: Life Orb\n|\n|upkeep\n|\n|t:|1700932518\n|switch|p2a: Jolteon|Jolteon, F|100\/100\n|-damage|p2a: Jolteon|88\/100|[from] Stealth Rock\n|turn|21\n|\n|t:|1700932524\n|move|p2a: Jolteon|Tera Blast|p1a: Jolteon\n|-damage|p1a: Jolteon|53\/100\n|move|p1a: Jolteon|Yawn|p2a: Jolteon\n|-start|p2a: Jolteon|move: Yawn|[of] p1a: Jolteon\n|\n|-heal|p2a: Jolteon|94\/100|[from] item: Leftovers\n|upkeep\n|turn|22\n|\n|t:|1700932531\n|switch|p2a: Clodsire|Clodsire, M|37\/100\n|-damage|p2a: Clodsire|31\/100|[from] Stealth Rock\n|move|p1a: Jolteon|Calm Mind|p1a: Jolteon\n|-boost|p1a: Jolteon|spa|1\n|-boost|p1a: Jolteon|spd|1\n|\n|upkeep\n|turn|23\n|\n|t:|1700932540\n|switch|p2a: Jolteon|Jolteon, F|94\/100\n|-damage|p2a: Jolteon|82\/100|[from] Stealth Rock\n|-terastallize|p1a: Jolteon|Ice\n|move|p1a: Jolteon|Tera Blast|p2a: Jolteon|[anim] Tera Blast Ice\n|-damage|p2a: Jolteon|1\/100\n|-damage|p1a: Jolteon|43\/100|[from] item: Life Orb\n|\n|-heal|p2a: Jolteon|7\/100|[from] item: Leftovers\n|upkeep\n|turn|24\n|\n|t:|1700932546\n|move|p2a: Jolteon|Protect|p2a: Jolteon\n|-singleturn|p2a: Jolteon|Protect\n|move|p1a: Jolteon|Tera Blast|p2a: Jolteon|[anim] Tera Blast Ice\n|-activate|p2a: Jolteon|move: Protect\n|\n|-heal|p2a: Jolteon|13\/100|[from] item: Leftovers\n|upkeep\n|turn|25\n|\n|t:|1700932551\n|move|p2a: Jolteon|Tera Blast|p1a: Jolteon\n|-damage|p1a: Jolteon|26\/100\n|move|p1a: Jolteon|Tera Blast|p2a: Jolteon|[anim] Tera Blast Ice\n|-damage|p2a: Jolteon|0 fnt\n|faint|p2a: Jolteon\n|-damage|p1a: Jolteon|16\/100|[from] item: Life Orb\n|\n|upkeep\n|\n|t:|1700932555\n|switch|p2a: Clodsire|Clodsire, M|31\/100\n|-damage|p2a: Clodsire|25\/100|[from] Stealth Rock\n|turn|26\n|\n|t:|1700932559\n|move|p1a: Jolteon|Tera Blast|p2a: Clodsire|[anim] Tera Blast Ice\n|-supereffective|p2a: Clodsire\n|-damage|p2a: Clodsire|0 fnt\n|faint|p2a: Clodsire\n|-damage|p1a: Jolteon|6\/100|[from] item: Life Orb\n|\n|win|koffingwoffing\n|n|\u2606koffingwoffing|koffingwoffing\n|n|\u2606the chouch|thechouch\n|n|*Lady Monita \u2746|ladymonita\n|n| Glasshaus|glasshaus\n|n| TsuShirogane|tsushirogane\n|n| Harrison.sholler|harrisonsholler\n","uploadtime":1700932560,"views":1,"p1id":"koffingwoffing","p2id":"thechouch","formatid":"gen9ou","rating":0,"private":0,"password":""}