{"id":"gen9ou-1996207638","p1":"Alec87140","p2":"Pandekeren","format":"[Gen 9] OU","log":"|j|\u2606Alec87140\n|j|\u2606Pandekeren\n|t:|1700659215\n|gametype|singles\n|player|p1|Alec87140|lucas|1056\n|player|p2|Pandekeren|hugh|1000\n|teamsize|p1|6\n|teamsize|p2|6\n|gen|9\n|tier|[Gen 9] OU\n|rated|\n|rule|Sleep Clause Mod: Limit one foe put to sleep\n|rule|Species Clause: Limit one of each Pok\u00e9mon\n|rule|OHKO Clause: OHKO moves are banned\n|rule|Evasion Items Clause: Evasion items are banned\n|rule|Evasion Moves Clause: Evasion moves are banned\n|rule|Endless Battle Clause: Forcing endless battles is banned\n|rule|HP Percentage Mod: HP is shown in percentages\n|clearpoke\n|poke|p1|Glimmora, M|\n|poke|p1|Samurott-Hisui, M|\n|poke|p1|Great Tusk|\n|poke|p1|Braviary-Hisui, M|\n|poke|p1|Kingambit, M|\n|poke|p1|Corviknight, F|\n|poke|p2|Ogerpon-Cornerstone, F|\n|poke|p2|Ceruledge, M|\n|poke|p2|Walking Wake|\n|poke|p2|Zapdos|\n|poke|p2|Great Tusk|\n|poke|p2|Greninja-*, M|\n|teampreview\n|inactive|Battle timer is ON: inactive players will automatically lose when time's up. (requested by Alec87140)\n|\n|t:|1700659248\n|start\n|switch|p1a: Glimmora|Glimmora, M|100\/100\n|switch|p2a: munchen ni bos|Zapdos, shiny|100\/100\n|-ability|p2a: munchen ni bos|Pressure\n|turn|1\n|\n|t:|1700659257\n|move|p2a: munchen ni bos|Brave Bird|p1a: Glimmora\n|-resisted|p1a: Glimmora\n|-damage|p1a: Glimmora|77\/100\n|-activate|p1a: Glimmora|ability: Toxic Debris\n|-sidestart|p2: Pandekeren|move: Toxic Spikes\n|-damage|p2a: munchen ni bos|93\/100|[from] Recoil\n|move|p1a: Glimmora|Stealth Rock|p2a: munchen ni bos\n|-sidestart|p2: Pandekeren|move: Stealth Rock\n|\n|upkeep\n|turn|2\n|\n|t:|1700659269\n|move|p2a: munchen ni bos|Rest|p2a: munchen ni bos\n|-status|p2a: munchen ni bos|slp|[from] move: Rest\n|-heal|p2a: munchen ni bos|100\/100 slp|[silent]\n|move|p1a: Glimmora|Spikes|p2a: munchen ni bos\n|-sidestart|p2: Pandekeren|Spikes\n|\n|upkeep\n|turn|3\n|\n|t:|1700659277\n|cant|p2a: munchen ni bos|slp\n|move|p1a: Glimmora|Spikes|p2a: munchen ni bos\n|-sidestart|p2: Pandekeren|Spikes\n|\n|upkeep\n|turn|4\n|\n|t:|1700659285\n|switch|p2a: Kodok chelsea|Greninja, M|100\/100\n|-status|p2a: Kodok chelsea|psn\n|-damage|p2a: Kodok chelsea|88\/100 psn|[from] Stealth Rock\n|-damage|p2a: Kodok chelsea|72\/100 psn|[from] Spikes\n|move|p1a: Glimmora|Spikes|p2a: Kodok chelsea\n|-sidestart|p2: Pandekeren|Spikes\n|\n|-damage|p2a: Kodok chelsea|59\/100 psn|[from] psn\n|upkeep\n|turn|5\n|\n|t:|1700659297\n|move|p2a: Kodok chelsea|Chilling Water|p1a: Glimmora\n|-supereffective|p1a: Glimmora\n|-damage|p1a: Glimmora|30\/100\n|-unboost|p1a: Glimmora|atk|1\n|move|p1a: Glimmora|Energy Ball|p2a: Kodok chelsea\n|-supereffective|p2a: Kodok chelsea\n|-damage|p2a: Kodok chelsea|0 fnt\n|faint|p2a: Kodok chelsea\n|\n|upkeep\n|\n|t:|1700659309\n|switch|p2a: NINJA BERTOPENG|Ogerpon-Cornerstone, F|100\/100\n|-status|p2a: NINJA BERTOPENG|psn\n|-damage|p2a: NINJA BERTOPENG|88\/100 psn|[from] Stealth Rock\n|-damage|p2a: NINJA BERTOPENG|63\/100 psn|[from] Spikes\n|turn|6\n|\n|t:|1700659320\n|move|p2a: NINJA BERTOPENG|Play Rough|p1a: Glimmora\n|-resisted|p1a: Glimmora\n|-damage|p1a: Glimmora|12\/100\n|-activate|p1a: Glimmora|ability: Toxic Debris\n|-sidestart|p2: Pandekeren|move: Toxic Spikes\n|move|p1a: Glimmora|Energy Ball|p2a: NINJA BERTOPENG\n|-damage|p2a: NINJA BERTOPENG|29\/100 psn\n|\n|-damage|p2a: NINJA BERTOPENG|16\/100 psn|[from] psn\n|upkeep\n|turn|7\n|\n|t:|1700659332\n|move|p2a: NINJA BERTOPENG|Play Rough|p1a: Glimmora\n|-resisted|p1a: Glimmora\n|-damage|p1a: Glimmora|0 fnt\n|faint|p1a: Glimmora\n|\n|-damage|p2a: NINJA BERTOPENG|4\/100 psn|[from] psn\n|upkeep\n|\n|t:|1700659345\n|switch|p1a: Braviary|Braviary-Hisui, M|100\/100\n|turn|8\n|\n|t:|1700659351\n|move|p2a: NINJA BERTOPENG|Rest|p2a: NINJA BERTOPENG\n|-status|p2a: NINJA BERTOPENG|slp|[from] move: Rest\n|-heal|p2a: NINJA BERTOPENG|100\/100 slp|[silent]\n|move|p1a: Braviary|Agility|p1a: Braviary\n|-boost|p1a: Braviary|spe|2\n|\n|upkeep\n|turn|9\n|\n|t:|1700659363\n|switch|p2a: Memesaurus|Walking Wake|100\/100\n|-status|p2a: Memesaurus|tox\n|-damage|p2a: Memesaurus|88\/100 tox|[from] Stealth Rock\n|-damage|p2a: Memesaurus|63\/100 tox|[from] Spikes\n|-terastallize|p1a: Braviary|Psychic\n|move|p1a: Braviary|Psychic|p2a: Memesaurus\n|-crit|p2a: Memesaurus\n|-damage|p2a: Memesaurus|0 fnt\n|faint|p2a: Memesaurus\n|-end|p2a: Memesaurus|Protosynthesis|[silent]\n|\n|upkeep\n|\n|t:|1700659378\n|switch|p2a: Ninja|Ceruledge, M, shiny|100\/100\n|-status|p2a: Ninja|tox\n|-damage|p2a: Ninja|76\/100 tox|[from] Stealth Rock\n|-damage|p2a: Ninja|51\/100 tox|[from] Spikes\n|turn|10\n|\n|t:|1700659387\n|move|p1a: Braviary|Psychic|p2a: Ninja\n|-damage|p2a: Ninja|0 fnt\n|faint|p2a: Ninja\n|\n|upkeep\n|-message|Pandekeren forfeited.\n|\n|win|Alec87140\n|raw|Alec87140's rating: 1056 &rarr; <strong>1083<\/strong><br \/>(+27 for winning)\n|raw|Pandekeren's rating: 1000 &rarr; <strong>1000<\/strong><br \/>(+0 for losing)\n|l|\u2606Pandekeren\n","uploadtime":1700659441,"views":2,"p1id":"alec87140","p2id":"pandekeren","formatid":"gen9ou","rating":1000,"private":0,"password":""}