{"id":"gen9ou-2000038477","p1":"Allissin2021","p2":"Tetarte974","format":"[Gen 9] OU","log":"|j|\u2606Allissin2021\n|j|\u2606Tetarte974\n|t:|1701144484\n|gametype|singles\n|player|p1|Allissin2021|169|1141\n|player|p2|Tetarte974|swimmer|1251\n|teamsize|p1|6\n|teamsize|p2|6\n|gen|9\n|tier|[Gen 9] OU\n|rated|\n|rule|Sleep Clause Mod: Limit one foe put to sleep\n|rule|Species Clause: Limit one of each Pok\u00e9mon\n|rule|OHKO Clause: OHKO moves are banned\n|rule|Evasion Items Clause: Evasion items are banned\n|rule|Evasion Moves Clause: Evasion moves are banned\n|rule|Endless Battle Clause: Forcing endless battles is banned\n|rule|HP Percentage Mod: HP is shown in percentages\n|clearpoke\n|poke|p1|Ursaluna, M|\n|poke|p1|Garganacl, F|\n|poke|p1|Skeledirge, F|\n|poke|p1|Cresselia, F|\n|poke|p1|Grimmsnarl, M|\n|poke|p1|Sableye, F|\n|poke|p2|Gholdengo|\n|poke|p2|Ribombee, M|\n|poke|p2|Cinderace, F|\n|poke|p2|Ogerpon-Wellspring, F|\n|poke|p2|Iron Valiant|\n|poke|p2|Great Tusk|\n|teampreview\n|inactive|Battle timer is ON: inactive players will automatically lose when time's up. (requested by Tetarte974)\n|\n|t:|1701144505\n|start\n|switch|p1a: Sableye|Sableye, F|100\/100\n|switch|p2a: Ribombee|Ribombee, M|100\/100\n|turn|1\n|\n|t:|1701144514\n|move|p2a: Ribombee|Moonblast|p1a: Sableye\n|-supereffective|p1a: Sableye\n|-damage|p1a: Sableye|0 fnt\n|faint|p1a: Sableye\n|\n|upkeep\n|\n|t:|1701144525\n|switch|p1a: Garganacl|Garganacl, F|100\/100\n|turn|2\n|\n|t:|1701144533\n|move|p2a: Ribombee|Moonblast|p1a: Garganacl\n|-damage|p1a: Garganacl|76\/100\n|-unboost|p1a: Garganacl|spa|1\n|move|p1a: Garganacl|Iron Defense|p1a: Garganacl\n|-boost|p1a: Garganacl|def|2\n|\n|-heal|p1a: Garganacl|82\/100|[from] item: Leftovers\n|upkeep\n|turn|3\n|\n|t:|1701144544\n|move|p2a: Ribombee|Quiver Dance|p2a: Ribombee\n|-boost|p2a: Ribombee|spa|1\n|-boost|p2a: Ribombee|spd|1\n|-boost|p2a: Ribombee|spe|1\n|move|p1a: Garganacl|Iron Defense|p1a: Garganacl\n|-boost|p1a: Garganacl|def|2\n|\n|-heal|p1a: Garganacl|88\/100|[from] item: Leftovers\n|upkeep\n|turn|4\n|\n|t:|1701144553\n|move|p2a: Ribombee|Moonblast|p1a: Garganacl\n|-damage|p1a: Garganacl|50\/100\n|move|p1a: Garganacl|Salt Cure|p2a: Ribombee\n|-supereffective|p2a: Ribombee\n|-damage|p2a: Ribombee|45\/100\n|\n|-heal|p1a: Garganacl|57\/100|[from] item: Leftovers\n|upkeep\n|turn|5\n|\n|t:|1701144562\n|move|p2a: Ribombee|Moonblast|p1a: Garganacl\n|-damage|p1a: Garganacl|17\/100\n|move|p1a: Garganacl|Recover|p1a: Garganacl\n|-heal|p1a: Garganacl|67\/100\n|\n|-heal|p1a: Garganacl|73\/100|[from] item: Leftovers\n|upkeep\n|turn|6\n|\n|t:|1701144571\n|move|p2a: Ribombee|Quiver Dance|p2a: Ribombee\n|-boost|p2a: Ribombee|spa|1\n|-boost|p2a: Ribombee|spd|1\n|-boost|p2a: Ribombee|spe|1\n|move|p1a: Garganacl|Recover|p1a: Garganacl\n|-heal|p1a: Garganacl|100\/100\n|\n|upkeep\n|turn|7\n|\n|t:|1701144579\n|move|p2a: Ribombee|Moonblast|p1a: Garganacl\n|-damage|p1a: Garganacl|44\/100\n|-unboost|p1a: Garganacl|spa|1\n|move|p1a: Garganacl|Salt Cure|p2a: Ribombee\n|-supereffective|p2a: Ribombee\n|-damage|p2a: Ribombee|0 fnt\n|faint|p2a: Ribombee\n|\n|-heal|p1a: Garganacl|50\/100|[from] item: Leftovers\n|upkeep\n|\n|t:|1701144590\n|switch|p2a: Iron Valiant|Iron Valiant|100\/100\n|-enditem|p2a: Iron Valiant|Booster Energy\n|-activate|p2a: Iron Valiant|ability: Quark Drive|[fromitem]\n|-start|p2a: Iron Valiant|quarkdrivespe\n|turn|8\n|\n|t:|1701144599\n|-terastallize|p1a: Garganacl|Water\n|move|p2a: Iron Valiant|Calm Mind|p2a: Iron Valiant\n|-boost|p2a: Iron Valiant|spa|1\n|-boost|p2a: Iron Valiant|spd|1\n|move|p1a: Garganacl|Recover|p1a: Garganacl\n|-heal|p1a: Garganacl|99\/100\n|\n|-heal|p1a: Garganacl|100\/100|[from] item: Leftovers\n|upkeep\n|turn|9\n|\n|t:|1701144611\n|-terastallize|p2a: Iron Valiant|Fairy\n|move|p2a: Iron Valiant|Moonblast|p1a: Garganacl\n|-damage|p1a: Garganacl|41\/100\n|move|p1a: Garganacl|Body Press|p2a: Iron Valiant\n|-resisted|p2a: Iron Valiant\n|-damage|p2a: Iron Valiant|56\/100\n|\n|-heal|p1a: Garganacl|47\/100|[from] item: Leftovers\n|upkeep\n|turn|10\n|\n|t:|1701144623\n|switch|p1a: Skeledirge|Skeledirge, F|100\/100\n|move|p2a: Iron Valiant|Moonblast|p1a: Skeledirge\n|-resisted|p1a: Skeledirge\n|-damage|p1a: Skeledirge|65\/100\n|-unboost|p1a: Skeledirge|spa|1\n|\n|upkeep\n|turn|11\n|\n|t:|1701144632\n|move|p2a: Iron Valiant|Moonblast|p1a: Skeledirge\n|-resisted|p1a: Skeledirge\n|-damage|p1a: Skeledirge|34\/100\n|-unboost|p1a: Skeledirge|spa|1\n|move|p1a: Skeledirge|Torch Song|p2a: Iron Valiant\n|-damage|p2a: Iron Valiant|29\/100\n|-boost|p1a: Skeledirge|spa|1\n|\n|upkeep\n|turn|12\n|\n|t:|1701144644\n|switch|p1a: Cresselia|Cresselia, F|100\/100\n|move|p2a: Iron Valiant|Psyshock|p1a: Cresselia\n|-resisted|p1a: Cresselia\n|-damage|p1a: Cresselia|89\/100\n|\n|upkeep\n|turn|13\n|\n|t:|1701144654\n|move|p2a: Iron Valiant|Moonblast|p1a: Cresselia\n|-damage|p1a: Cresselia|32\/100\n|-unboost|p1a: Cresselia|spa|1\n|move|p1a: Cresselia|Trick Room|p1a: Cresselia\n|-fieldstart|move: Trick Room|[of] p1a: Cresselia\n|\n|upkeep\n|turn|14\n|\n|t:|1701144665\n|move|p1a: Cresselia|Ice Beam|p2a: Iron Valiant\n|-damage|p2a: Iron Valiant|17\/100\n|move|p2a: Iron Valiant|Moonblast|p1a: Cresselia\n|-damage|p1a: Cresselia|0 fnt\n|faint|p1a: Cresselia\n|\n|upkeep\n|\n|t:|1701144675\n|switch|p1a: Ursaluna|Ursaluna, M|100\/100\n|turn|15\n|\n|t:|1701144685\n|move|p1a: Ursaluna|Headlong Rush|p2a: Iron Valiant\n|-damage|p2a: Iron Valiant|0 fnt\n|-unboost|p1a: Ursaluna|def|1\n|-unboost|p1a: Ursaluna|spd|1\n|faint|p2a: Iron Valiant\n|-end|p2a: Iron Valiant|Quark Drive|[silent]\n|\n|-status|p1a: Ursaluna|brn|[from] item: Flame Orb\n|upkeep\n|\n|t:|1701144700\n|switch|p2a: Great Tusk|Great Tusk|100\/100\n|turn|16\n|\n|t:|1701144707\n|move|p1a: Ursaluna|Facade|p2a: Great Tusk\n|-damage|p2a: Great Tusk|3\/100\n|move|p2a: Great Tusk|Earthquake|p1a: Ursaluna\n|-damage|p1a: Ursaluna|43\/100 brn\n|\n|-damage|p1a: Ursaluna|37\/100 brn|[from] brn\n|upkeep\n|turn|17\n|\n|t:|1701144716\n|move|p1a: Ursaluna|Facade|p2a: Great Tusk\n|-damage|p2a: Great Tusk|0 fnt\n|faint|p2a: Great Tusk\n|-end|p2a: Great Tusk|Protosynthesis|[silent]\n|\n|-damage|p1a: Ursaluna|30\/100 brn|[from] brn\n|-fieldend|move: Trick Room\n|upkeep\n|\n|t:|1701144725\n|switch|p2a: Ogerpon|Ogerpon-Wellspring, F|100\/100\n|turn|18\n|\n|t:|1701144741\n|move|p2a: Ogerpon|Ivy Cudgel|p1a: Ursaluna|[anim] Ivy Cudgel Water\n|-supereffective|p1a: Ursaluna\n|-damage|p1a: Ursaluna|0 fnt\n|faint|p1a: Ursaluna\n|\n|upkeep\n|\n|t:|1701144747\n|switch|p1a: Grimmsnarl|Grimmsnarl, M, shiny|100\/100\n|turn|19\n|\n|t:|1701144752\n|move|p1a: Grimmsnarl|Reflect|p1a: Grimmsnarl\n|-sidestart|p1: Allissin2021|Reflect\n|move|p2a: Ogerpon|Swords Dance|p2a: Ogerpon\n|-boost|p2a: Ogerpon|atk|2\n|\n|upkeep\n|turn|20\n|\n|t:|1701144763\n|move|p1a: Grimmsnarl|Parting Shot|p2a: Ogerpon\n|-unboost|p2a: Ogerpon|atk|1\n|-unboost|p2a: Ogerpon|spa|1\n|\n|t:|1701144769\n|switch|p1a: Garganacl|Garganacl, F, tera:Water|47\/100|[from] Parting Shot\n|move|p2a: Ogerpon|Swords Dance|p2a: Ogerpon\n|-boost|p2a: Ogerpon|atk|2\n|\n|-heal|p1a: Garganacl|53\/100|[from] item: Leftovers\n|upkeep\n|turn|21\n|\n|t:|1701144779\n|move|p2a: Ogerpon|Power Whip|p1a: Garganacl\n|-supereffective|p1a: Garganacl\n|-damage|p1a: Garganacl|0 fnt\n|faint|p1a: Garganacl\n|\n|upkeep\n|\n|t:|1701144785\n|switch|p1a: Skeledirge|Skeledirge, F|34\/100\n|turn|22\n|\n|t:|1701144789\n|move|p2a: Ogerpon|Ivy Cudgel|p1a: Skeledirge|[anim] Ivy Cudgel Water\n|-supereffective|p1a: Skeledirge\n|-damage|p1a: Skeledirge|0 fnt\n|faint|p1a: Skeledirge\n|\n|upkeep\n|l|\u2606Allissin2021\n|inactive|Allissin2021 disconnected and has a minute to reconnect!\n|player|p1|\n|inactive|Allissin2021 has 30 seconds to reconnect!\n|inactive|Allissin2021 has 20 seconds to reconnect!\n|inactive|Allissin2021 has 15 seconds to reconnect!\n|inactive|Allissin2021 has 10 seconds to reconnect!\n|c|\u2606Tetarte974|Fuk your team bro !!!  Your team is trash\n|inactive|Allissin2021 has 5 seconds to reconnect!\n|-message|Allissin2021 lost due to inactivity.\n|\n|win|Tetarte974\n|raw|Allissin2021's rating: 1141 &rarr; <strong>1124<\/strong><br \/>(-17 for losing)\n|raw|Tetarte974's rating: 1251 &rarr; <strong>1268<\/strong><br \/>(+17 for winning)\n","uploadtime":1701144841,"views":2,"p1id":"allissin2021","p2id":"tetarte974","formatid":"gen9ou","rating":1124,"private":0,"password":""}