{"id":"gen9ou-1993382940","p1":"bruhbruhhahaha","p2":"Lostlighter","format":"[Gen 9] OU","log":"|j|\u2606bruhbruhhahaha\n|j|\u2606Lostlighter\n|t:|1700309762\n|gametype|singles\n|player|p1|bruhbruhhahaha|cynthia-gen4|1209\n|player|p2|Lostlighter|265|1240\n|teamsize|p1|6\n|teamsize|p2|6\n|gen|9\n|tier|[Gen 9] OU\n|rated|\n|rule|Sleep Clause Mod: Limit one foe put to sleep\n|rule|Species Clause: Limit one of each Pok\u00e9mon\n|rule|OHKO Clause: OHKO moves are banned\n|rule|Evasion Items Clause: Evasion items are banned\n|rule|Evasion Moves Clause: Evasion moves are banned\n|rule|Endless Battle Clause: Forcing endless battles is banned\n|rule|HP Percentage Mod: HP is shown in percentages\n|clearpoke\n|poke|p1|Dragapult, F|\n|poke|p1|Kingambit, M|\n|poke|p1|Ting-Lu|\n|poke|p1|Manaphy|\n|poke|p1|Greninja-*, M|\n|poke|p1|Ninetales-Alola, M|\n|poke|p2|Scizor, M|\n|poke|p2|Ogerpon-Wellspring, F|\n|poke|p2|Glimmora, F|\n|poke|p2|Great Tusk|\n|poke|p2|Moltres|\n|poke|p2|Garchomp, M|\n|teampreview\n|inactive|Battle timer is ON: inactive players will automatically lose when time's up. (requested by Lostlighter)\n|inactive|bruhbruhhahaha also wants the timer to be on.\n|\n|t:|1700309767\n|start\n|switch|p1a: Ninetales|Ninetales-Alola, M|100\/100\n|switch|p2a: Scizor|Scizor, M|100\/100\n|-weather|Snow|[from] ability: Snow Warning|[of] p1a: Ninetales\n|turn|1\n|\n|t:|1700309774\n|switch|p1a: Ting-Lu|Ting-Lu|100\/100\n|-ability|p1a: Ting-Lu|Vessel of Ruin\n|move|p2a: Scizor|Bullet Punch|p1a: Ting-Lu\n|-damage|p1a: Ting-Lu|82\/100\n|\n|-weather|Snow|[upkeep]\n|-heal|p1a: Ting-Lu|88\/100|[from] item: Leftovers\n|upkeep\n|turn|2\n|\n|t:|1700309777\n|move|p2a: Scizor|U-turn|p1a: Ting-Lu\n|-supereffective|p1a: Ting-Lu\n|-damage|p1a: Ting-Lu|48\/100\n|\n|t:|1700309781\n|switch|p2a: Glimmora|Glimmora, F|100\/100|[from] U-turn\n|move|p1a: Ting-Lu|Ruination|p2a: Glimmora\n|-damage|p2a: Glimmora|50\/100\n|\n|-weather|Snow|[upkeep]\n|-heal|p1a: Ting-Lu|54\/100|[from] item: Leftovers\n|upkeep\n|turn|3\n|\n|t:|1700309790\n|move|p2a: Glimmora|Stealth Rock|p1a: Ting-Lu\n|-sidestart|p1: bruhbruhhahaha|move: Stealth Rock\n|move|p1a: Ting-Lu|Earthquake|p2a: Glimmora\n|-supereffective|p2a: Glimmora\n|-damage|p2a: Glimmora|0 fnt\n|-activate|p2a: Glimmora|ability: Toxic Debris\n|-sidestart|p1: bruhbruhhahaha|move: Toxic Spikes\n|faint|p2a: Glimmora\n|\n|-weather|Snow|[upkeep]\n|-heal|p1a: Ting-Lu|60\/100|[from] item: Leftovers\n|upkeep\n|\n|t:|1700309794\n|switch|p2a: Scizor|Scizor, M|100\/100\n|turn|4\n|\n|t:|1700309804\n|-terastallize|p1a: Ting-Lu|Poison\n|move|p2a: Scizor|U-turn|p1a: Ting-Lu\n|-resisted|p1a: Ting-Lu\n|-damage|p1a: Ting-Lu|51\/100\n|\n|t:|1700309808\n|switch|p2a: Garchomp|Garchomp, M|100\/100|[from] U-turn\n|move|p1a: Ting-Lu|Ruination|p2a: Garchomp\n|-damage|p2a: Garchomp|51\/100\n|\n|-weather|Snow|[upkeep]\n|-heal|p1a: Ting-Lu|57\/100|[from] item: Leftovers\n|upkeep\n|turn|5\n|\n|t:|1700309818\n|switch|p1a: Ninetales|Ninetales-Alola, M|100\/100\n|-damage|p1a: Ninetales|76\/100|[from] Stealth Rock\n|-status|p1a: Ninetales|psn\n|move|p2a: Garchomp|Earthquake|p1a: Ninetales\n|-damage|p1a: Ninetales|32\/100 psn\n|\n|-weather|none\n|-damage|p1a: Ninetales|19\/100 psn|[from] psn\n|upkeep\n|turn|6\n|\n|t:|1700309824\n|switch|p1a: Ting-Lu|Ting-Lu, tera:Poison|57\/100\n|-damage|p1a: Ting-Lu|45\/100|[from] Stealth Rock\n|-sideend|p1: bruhbruhhahaha|move: Toxic Spikes|[of] p1a: Ting-Lu\n|-ability|p1a: Ting-Lu|Vessel of Ruin\n|switch|p2a: Scizor|Scizor, M|100\/100\n|\n|-heal|p1a: Ting-Lu|51\/100|[from] item: Leftovers\n|upkeep\n|turn|7\n|\n|t:|1700309837\n|move|p2a: Scizor|U-turn|p1a: Ting-Lu\n|-resisted|p1a: Ting-Lu\n|-damage|p1a: Ting-Lu|40\/100\n|\n|t:|1700309841\n|switch|p2a: Great Tusk|Great Tusk|100\/100|[from] U-turn\n|move|p1a: Ting-Lu|Spikes|p2a: Great Tusk\n|-sidestart|p2: Lostlighter|Spikes\n|\n|-heal|p1a: Ting-Lu|46\/100|[from] item: Leftovers\n|upkeep\n|turn|8\n|\n|t:|1700309845\n|move|p2a: Great Tusk|Rapid Spin|p1a: Ting-Lu\n|-damage|p1a: Ting-Lu|37\/100\n|-boost|p2a: Great Tusk|spe|1\n|-sideend|p2: Lostlighter|Spikes|[from] move: Rapid Spin|[of] p2a: Great Tusk\n|move|p1a: Ting-Lu|Earthquake|p2a: Great Tusk\n|-damage|p2a: Great Tusk|82\/100\n|\n|-heal|p2a: Great Tusk|89\/100|[from] item: Leftovers\n|-heal|p1a: Ting-Lu|44\/100|[from] item: Leftovers\n|upkeep\n|turn|9\n|\n|t:|1700309854\n|move|p2a: Great Tusk|Rapid Spin|p1a: Ting-Lu\n|-damage|p1a: Ting-Lu|35\/100\n|-boost|p2a: Great Tusk|spe|1\n|move|p1a: Ting-Lu|Whirlwind|p2a: Great Tusk\n|-end|p2a: Great Tusk|Protosynthesis|[silent]\n|drag|p2a: Ogerpon|Ogerpon-Wellspring, F|100\/100\n|\n|-heal|p1a: Ting-Lu|42\/100|[from] item: Leftovers\n|upkeep\n|turn|10\n|\n|t:|1700309857\n|move|p2a: Ogerpon|Ivy Cudgel|p1a: Ting-Lu|[anim] Ivy Cudgel Water\n|-damage|p1a: Ting-Lu|11\/100\n|move|p1a: Ting-Lu|Whirlwind|p2a: Ogerpon\n|drag|p2a: Great Tusk|Great Tusk|89\/100\n|\n|-heal|p2a: Great Tusk|95\/100|[from] item: Leftovers\n|-heal|p1a: Ting-Lu|17\/100|[from] item: Leftovers\n|upkeep\n|turn|11\n|\n|t:|1700309862\n|move|p2a: Great Tusk|Knock Off|p1a: Ting-Lu\n|-damage|p1a: Ting-Lu|1\/100\n|-enditem|p1a: Ting-Lu|Leftovers|[from] move: Knock Off|[of] p2a: Great Tusk\n|move|p1a: Ting-Lu|Ruination|p2a: Great Tusk\n|-damage|p2a: Great Tusk|48\/100\n|\n|-heal|p2a: Great Tusk|54\/100|[from] item: Leftovers\n|upkeep\n|turn|12\n|\n|t:|1700309870\n|move|p2a: Great Tusk|Knock Off|p1a: Ting-Lu\n|-damage|p1a: Ting-Lu|0 fnt\n|faint|p1a: Ting-Lu\n|\n|-heal|p2a: Great Tusk|60\/100|[from] item: Leftovers\n|upkeep\n|\n|t:|1700309872\n|switch|p1a: Ninetales|Ninetales-Alola, M|19\/100 psn\n|-damage|p1a: Ninetales|0 fnt|[from] Stealth Rock\n|faint|p1a: Ninetales\n|\n|t:|1700309881\n|switch|p1a: Manaphy|Manaphy|100\/100\n|-damage|p1a: Manaphy|88\/100|[from] Stealth Rock\n|turn|13\n|\n|t:|1700309889\n|move|p1a: Manaphy|Acid Armor|p1a: Manaphy\n|-boost|p1a: Manaphy|def|2\n|move|p2a: Great Tusk|Knock Off|p1a: Manaphy\n|-damage|p1a: Manaphy|79\/100\n|-enditem|p1a: Manaphy|Leftovers|[from] move: Knock Off|[of] p2a: Great Tusk\n|\n|-heal|p2a: Great Tusk|66\/100|[from] item: Leftovers\n|upkeep\n|turn|14\n|\n|t:|1700309892\n|move|p1a: Manaphy|Acid Armor|p1a: Manaphy\n|-boost|p1a: Manaphy|def|2\n|move|p2a: Great Tusk|Bulk Up|p2a: Great Tusk\n|-boost|p2a: Great Tusk|atk|1\n|-boost|p2a: Great Tusk|def|1\n|\n|-heal|p2a: Great Tusk|73\/100|[from] item: Leftovers\n|upkeep\n|turn|15\n|\n|t:|1700309896\n|move|p1a: Manaphy|Acid Armor|p1a: Manaphy\n|-boost|p1a: Manaphy|def|2\n|move|p2a: Great Tusk|Bulk Up|p2a: Great Tusk\n|-boost|p2a: Great Tusk|atk|1\n|-boost|p2a: Great Tusk|def|1\n|\n|-heal|p2a: Great Tusk|79\/100|[from] item: Leftovers\n|upkeep\n|turn|16\n|\n|t:|1700309902\n|move|p1a: Manaphy|Take Heart|p1a: Manaphy\n|-boost|p1a: Manaphy|spa|1\n|-boost|p1a: Manaphy|spd|1\n|move|p2a: Great Tusk|Bulk Up|p2a: Great Tusk\n|-boost|p2a: Great Tusk|atk|1\n|-boost|p2a: Great Tusk|def|1\n|\n|-heal|p2a: Great Tusk|85\/100|[from] item: Leftovers\n|upkeep\n|turn|17\n|\n|t:|1700309908\n|move|p1a: Manaphy|Stored Power|p2a: Great Tusk\n|-supereffective|p2a: Great Tusk\n|-damage|p2a: Great Tusk|0 fnt\n|faint|p2a: Great Tusk\n|-end|p2a: Great Tusk|Protosynthesis|[silent]\n|\n|upkeep\n|\n|t:|1700309912\n|switch|p2a: Ogerpon|Ogerpon-Wellspring, F|100\/100\n|turn|18\n|\n|t:|1700309916\n|move|p2a: Ogerpon|Power Whip|p1a: Manaphy\n|-supereffective|p1a: Manaphy\n|-damage|p1a: Manaphy|57\/100\n|move|p1a: Manaphy|Stored Power|p2a: Ogerpon\n|-damage|p2a: Ogerpon|34\/100\n|\n|upkeep\n|turn|19\n|\n|t:|1700309930\n|move|p2a: Ogerpon|Power Whip|p1a: Manaphy\n|-supereffective|p1a: Manaphy\n|-damage|p1a: Manaphy|31\/100\n|move|p1a: Manaphy|Stored Power|p2a: Ogerpon\n|-damage|p2a: Ogerpon|0 fnt\n|faint|p2a: Ogerpon\n|\n|upkeep\n|\n|t:|1700309935\n|switch|p2a: Scizor|Scizor, M|100\/100\n|turn|20\n|\n|t:|1700309945\n|move|p1a: Manaphy|Stored Power|p2a: Scizor\n|-resisted|p2a: Scizor\n|-damage|p2a: Scizor|77\/100\n|move|p2a: Scizor|Thief|p1a: Manaphy\n|-damage|p1a: Manaphy|26\/100\n|\n|upkeep\n|turn|21\n|\n|t:|1700309957\n|move|p1a: Manaphy|Scald|p2a: Scizor\n|-crit|p2a: Scizor\n|-damage|p2a: Scizor|31\/100\n|move|p2a: Scizor|Thief|p1a: Manaphy\n|-damage|p1a: Manaphy|20\/100\n|\n|upkeep\n|turn|22\n|\n|t:|1700309962\n|move|p1a: Manaphy|Scald|p2a: Scizor\n|-damage|p2a: Scizor|3\/100\n|move|p2a: Scizor|Close Combat|p1a: Manaphy\n|-damage|p1a: Manaphy|13\/100\n|-unboost|p2a: Scizor|def|1\n|-unboost|p2a: Scizor|spd|1\n|\n|upkeep\n|turn|23\n|\n|t:|1700309965\n|move|p2a: Scizor|Bullet Punch|p1a: Manaphy\n|-resisted|p1a: Manaphy\n|-damage|p1a: Manaphy|10\/100\n|move|p1a: Manaphy|Scald|p2a: Scizor\n|-damage|p2a: Scizor|0 fnt\n|faint|p2a: Scizor\n|\n|upkeep\n|\n|t:|1700309968\n|switch|p2a: Moltres|Moltres|100\/100\n|turn|24\n|\n|t:|1700309973\n|move|p1a: Manaphy|Scald|p2a: Moltres\n|-supereffective|p2a: Moltres\n|-damage|p2a: Moltres|19\/100\n|move|p2a: Moltres|Flamethrower|p1a: Manaphy\n|-resisted|p1a: Manaphy\n|-damage|p1a: Manaphy|0 fnt\n|faint|p1a: Manaphy\n|\n|-heal|p2a: Moltres|25\/100|[from] item: Leftovers\n|upkeep\n|\n|t:|1700309980\n|switch|p1a: Greninja|Greninja, M|100\/100\n|-damage|p1a: Greninja|88\/100|[from] Stealth Rock\n|turn|25\n|\n|t:|1700309984\n|move|p1a: Greninja|Water Shuriken|p2a: Moltres\n|-supereffective|p2a: Moltres\n|-damage|p2a: Moltres|7\/100\n|-supereffective|p2a: Moltres\n|-damage|p2a: Moltres|0 fnt\n|faint|p2a: Moltres\n|-ability|p1a: Greninja|Battle Bond|boost\n|-boost|p1a: Greninja|atk|1\n|-boost|p1a: Greninja|spa|1\n|-boost|p1a: Greninja|spe|1\n|-activate|p1a: Greninja|ability: Battle Bond\n|-hitcount|p2: Moltres|2\n|-damage|p1a: Greninja|78\/100|[from] item: Life Orb\n|\n|upkeep\n|\n|t:|1700309986\n|switch|p2a: Garchomp|Garchomp, M|51\/100\n|turn|26\n|c|\u2606bruhbruhhahaha|im sorry to murder you and your garchomp best wishes on your future chomping\n|inactive|bruhbruhhahaha has 120 seconds left.\n|\n|t:|1700310016\n|move|p1a: Greninja|Water Shuriken|p2a: Garchomp\n|-damage|p2a: Garchomp|33\/100\n|-damage|p2a: Garchomp|16\/100\n|-hitcount|p2a: Garchomp|2\n|-damage|p1a: Greninja|69\/100|[from] item: Life Orb\n|move|p2a: Garchomp|Scale Shot|p1a: Greninja\n|-damage|p1a: Greninja|48\/100\n|-damage|p1a: Greninja|25\/100\n|-damage|p1a: Greninja|3\/100\n|-crit|p1a: Greninja\n|-damage|p1a: Greninja|0 fnt\n|faint|p1a: Greninja\n|-hitcount|p1: Greninja|4\n|-unboost|p2a: Garchomp|def|1\n|-boost|p2a: Garchomp|spe|1\n|\n|upkeep\n|inactive|bruhbruhhahaha has 120 seconds left.\n|\n|t:|1700310021\n|switch|p1a: Dragapult|Dragapult, F|100\/100\n|-damage|p1a: Dragapult|88\/100|[from] Stealth Rock\n|turn|27\n|\n|t:|1700310029\n|switch|p1a: Kingambit|Kingambit, M|100\/100\n|-damage|p1a: Kingambit|94\/100|[from] Stealth Rock\n|-activate|p1a: Kingambit|ability: Supreme Overlord\n|-start|p1a: Kingambit|fallen4|[silent]\n|move|p2a: Garchomp|Draco Meteor|p1a: Kingambit\n|-resisted|p1a: Kingambit\n|-damage|p1a: Kingambit|77\/100\n|-unboost|p2a: Garchomp|spa|2\n|\n|-heal|p1a: Kingambit|83\/100|[from] item: Leftovers\n|upkeep\n|turn|28\n|\n|t:|1700310032\n|move|p1a: Kingambit|Sucker Punch||[still]\n|-fail|p1a: Kingambit\n|move|p2a: Garchomp|Swords Dance|p2a: Garchomp\n|-boost|p2a: Garchomp|atk|2\n|\n|-heal|p1a: Kingambit|89\/100|[from] item: Leftovers\n|upkeep\n|turn|29\n|\n|t:|1700310035\n|move|p1a: Kingambit|Sucker Punch|p2a: Garchomp\n|-damage|p2a: Garchomp|0 fnt\n|-damage|p1a: Kingambit|77\/100|[from] ability: Rough Skin|[of] p2a: Garchomp\n|faint|p2a: Garchomp\n|\n|win|bruhbruhhahaha\n|raw|bruhbruhhahaha's rating: 1209 &rarr; <strong>1236<\/strong><br \/>(+27 for winning)\n|raw|Lostlighter's rating: 1240 &rarr; <strong>1213<\/strong><br \/>(-27 for losing)\n","uploadtime":1700310016,"views":9,"p1id":"bruhbruhhahaha","p2id":"lostlighter","formatid":"gen9ou","rating":1213,"private":0,"password":""}