{"id":"gen9ou-1999767107","p1":"edew890","p2":"Argila725","format":"[Gen 9] OU","log":"|j|\u2606edew890\n|j|\u2606Argila725\n|t:|1701114834\n|gametype|singles\n|player|p1|edew890|winona|1096\n|player|p2|Argila725|parasollady|1000\n|teamsize|p1|6\n|teamsize|p2|6\n|gen|9\n|tier|[Gen 9] OU\n|rated|\n|rule|Sleep Clause Mod: Limit one foe put to sleep\n|rule|Species Clause: Limit one of each Pok\u00e9mon\n|rule|OHKO Clause: OHKO moves are banned\n|rule|Evasion Items Clause: Evasion items are banned\n|rule|Evasion Moves Clause: Evasion moves are banned\n|rule|Endless Battle Clause: Forcing endless battles is banned\n|rule|HP Percentage Mod: HP is shown in percentages\n|clearpoke\n|poke|p1|Heatran, M|\n|poke|p1|Dragapult, M|\n|poke|p1|Breloom, M|\n|poke|p1|Samurott-Hisui, M|\n|poke|p1|Landorus-Therian, M|\n|poke|p1|Masquerain, M|\n|poke|p2|Pelipper, F|\n|poke|p2|Grimmsnarl, M|\n|poke|p2|Electrode-Hisui|\n|poke|p2|Drednaw, F|\n|poke|p2|Tornadus-Therian, M|\n|poke|p2|Glimmora, F|\n|teampreview\n|\n|t:|1701114841\n|start\n|switch|p1a: Masquerain|Masquerain, M, shiny|100\/100\n|switch|p2a: Maria|Glimmora, F|100\/100\n|-ability|p1a: Masquerain|Intimidate|boost\n|-unboost|p2a: Maria|atk|1\n|turn|1\n|\n|t:|1701114850\n|switch|p1a: Heatran|Heatran, M|100\/100\n|move|p2a: Maria|Stealth Rock|p1a: Heatran\n|-sidestart|p1: edew890|move: Stealth Rock\n|\n|upkeep\n|turn|2\n|\n|t:|1701114862\n|switch|p2a: Fish|Pelipper, F|100\/100\n|-weather|RainDance|[from] ability: Drizzle|[of] p2a: Fish\n|move|p1a: Heatran|Earth Power|p2a: Fish\n|-immune|p2a: Fish\n|\n|-weather|RainDance|[upkeep]\n|upkeep\n|turn|3\n|\n|t:|1701114879\n|switch|p1a: Dragapult|Dragapult, M, shiny|100\/100\n|-damage|p1a: Dragapult|88\/100|[from] Stealth Rock\n|move|p2a: Fish|U-turn|p1a: Dragapult\n|-resisted|p1a: Dragapult\n|-damage|p1a: Dragapult|83\/100\n|\n|t:|1701114904\n|switch|p2a: Flying type|Tornadus-Therian, M|100\/100|[from] U-turn\n|\n|-weather|RainDance|[upkeep]\n|upkeep\n|turn|4\n|\n|t:|1701114915\n|move|p1a: Dragapult|Draco Meteor|p2a: Flying type|[miss]\n|-miss|p1a: Dragapult|p2a: Flying type\n|move|p2a: Flying type|Nasty Plot|p2a: Flying type\n|-boost|p2a: Flying type|spa|2\n|\n|-weather|RainDance|[upkeep]\n|upkeep\n|turn|5\n|\n|t:|1701114923\n|move|p1a: Dragapult|Draco Meteor|p2a: Flying type\n|-crit|p2a: Flying type\n|-damage|p2a: Flying type|0 fnt\n|-unboost|p1a: Dragapult|spa|2\n|faint|p2a: Flying type\n|\n|-weather|RainDance|[upkeep]\n|upkeep\n|inactive|Battle timer is ON: inactive players will automatically lose when time's up. (requested by edew890)\n|\n|t:|1701114934\n|switch|p2a: Not Pikachu|Grimmsnarl, M, shiny|100\/100\n|turn|6\n|\n|t:|1701114941\n|switch|p1a: Heatran|Heatran, M|100\/100\n|-damage|p1a: Heatran|88\/100|[from] Stealth Rock\n|move|p2a: Not Pikachu|Light Screen|p2a: Not Pikachu\n|-sidestart|p2: Argila725|move: Light Screen\n|\n|-weather|RainDance|[upkeep]\n|-heal|p1a: Heatran|94\/100|[from] item: Leftovers\n|upkeep\n|turn|7\n|\n|t:|1701114953\n|move|p2a: Not Pikachu|Parting Shot|p1a: Heatran\n|-unboost|p1a: Heatran|atk|1\n|-unboost|p1a: Heatran|spa|1\n|\n|t:|1701114957\n|switch|p2a: Nickelodeon|Drednaw, F|100\/100|[from] Parting Shot\n|move|p1a: Heatran|Taunt|p2a: Nickelodeon\n|-start|p2a: Nickelodeon|move: Taunt\n|\n|-weather|RainDance|[upkeep]\n|-heal|p1a: Heatran|100\/100|[from] item: Leftovers\n|upkeep\n|turn|8\n|\n|t:|1701114975\n|switch|p1a: Breloom|Breloom, M|100\/100\n|-damage|p1a: Breloom|94\/100|[from] Stealth Rock\n|move|p2a: Nickelodeon|Earthquake|p1a: Breloom\n|-resisted|p1a: Breloom\n|-damage|p1a: Breloom|66\/100\n|\n|-weather|RainDance|[upkeep]\n|upkeep\n|turn|9\n|\n|t:|1701114989\n|switch|p2a: Maria|Glimmora, F|100\/100\n|move|p1a: Breloom|Bullet Seed|p2a: Maria\n|-damage|p2a: Maria|74\/100\n|-activate|p2a: Maria|ability: Toxic Debris\n|-sidestart|p1: edew890|move: Toxic Spikes\n|-damage|p2a: Maria|49\/100\n|-activate|p2a: Maria|ability: Toxic Debris\n|-sidestart|p1: edew890|move: Toxic Spikes\n|-damage|p2a: Maria|25\/100\n|-damage|p2a: Maria|0 fnt\n|faint|p2a: Maria\n|-hitcount|p2: Maria|4\n|\n|-weather|none\n|upkeep\n|\n|t:|1701115007\n|switch|p2a: Fish|Pelipper, F|100\/100\n|-weather|RainDance|[from] ability: Drizzle|[of] p2a: Fish\n|turn|10\n|\n|t:|1701115021\n|move|p1a: Breloom|Spore|p2a: Fish\n|-status|p2a: Fish|slp|[from] move: Spore\n|cant|p2a: Fish|slp\n|\n|-weather|RainDance|[upkeep]\n|upkeep\n|turn|11\n|\n|t:|1701115030\n|switch|p1a: Masquerain|Masquerain, M, shiny|100\/100\n|-damage|p1a: Masquerain|51\/100|[from] Stealth Rock\n|-ability|p1a: Masquerain|Intimidate|boost\n|-unboost|p2a: Fish|atk|1\n|switch|p2a: Not Pikachu|Grimmsnarl, M, shiny|100\/100\n|\n|-weather|RainDance|[upkeep]\n|upkeep\n|turn|12\n|\n|t:|1701115044\n|move|p2a: Not Pikachu|Reflect|p2a: Not Pikachu\n|-sidestart|p2: Argila725|Reflect\n|move|p1a: Masquerain|Sticky Web|p2a: Not Pikachu\n|-sidestart|p2: Argila725|move: Sticky Web\n|\n|-weather|RainDance|[upkeep]\n|upkeep\n|turn|13\n|\n|t:|1701115061\n|switch|p2a: Nickelodeon|Drednaw, F|100\/100\n|-activate|p2a: Nickelodeon|move: Sticky Web\n|-unboost|p2a: Nickelodeon|spe|1\n|-enditem|p2a: Nickelodeon|White Herb\n|-clearnegativeboost|p2a: Nickelodeon|[silent]\n|move|p1a: Masquerain|U-turn|p2a: Nickelodeon\n|-damage|p2a: Nickelodeon|92\/100\n|\n|t:|1701115071\n|switch|p1a: Landorus|Landorus-Therian, M|100\/100|[from] U-turn\n|-damage|p1a: Landorus|88\/100|[from] Stealth Rock\n|-ability|p1a: Landorus|Intimidate|boost\n|-unboost|p2a: Nickelodeon|atk|1\n|\n|-weather|RainDance|[upkeep]\n|-heal|p1a: Landorus|94\/100|[from] item: Leftovers\n|-sideend|p2: Argila725|move: Light Screen\n|upkeep\n|turn|14\n|\n|t:|1701115085\n|switch|p1a: Heatran|Heatran, M|100\/100\n|-damage|p1a: Heatran|88\/100|[from] Stealth Rock\n|move|p2a: Nickelodeon|Liquidation|p1a: Heatran\n|-supereffective|p1a: Heatran\n|-damage|p1a: Heatran|0 fnt\n|faint|p1a: Heatran\n|\n|-weather|RainDance|[upkeep]\n|upkeep\n|\n|t:|1701115108\n|switch|p1a: Masquerain|Masquerain, M, shiny|51\/100\n|-damage|p1a: Masquerain|1\/100|[from] Stealth Rock\n|-ability|p1a: Masquerain|Intimidate|boost\n|-unboost|p2a: Nickelodeon|atk|1\n|turn|15\n|\n|t:|1701115116\n|move|p2a: Nickelodeon|Shell Smash|p2a: Nickelodeon\n|-unboost|p2a: Nickelodeon|def|1\n|-unboost|p2a: Nickelodeon|spd|1\n|-boost|p2a: Nickelodeon|atk|2\n|-boost|p2a: Nickelodeon|spa|2\n|-boost|p2a: Nickelodeon|spe|2\n|move|p1a: Masquerain|U-turn|p2a: Nickelodeon\n|-damage|p2a: Nickelodeon|79\/100\n|\n|t:|1701115124\n|switch|p1a: Dragapult|Dragapult, M, shiny|83\/100|[from] U-turn\n|-damage|p1a: Dragapult|70\/100|[from] Stealth Rock\n|-status|p1a: Dragapult|tox\n|\n|-weather|RainDance|[upkeep]\n|-damage|p1a: Dragapult|64\/100 tox|[from] psn\n|upkeep\n|turn|16\n|\n|t:|1701115138\n|move|p2a: Nickelodeon|Head Smash|p1a: Dragapult\n|-damage|p1a: Dragapult|0 fnt\n|faint|p1a: Dragapult\n|-damage|p2a: Nickelodeon|47\/100|[from] Recoil\n|\n|-weather|RainDance|[upkeep]\n|upkeep\n|\n|t:|1701115142\n|switch|p1a: Masquerain|Masquerain, M, shiny|1\/100\n|-damage|p1a: Masquerain|0 fnt|[from] Stealth Rock\n|faint|p1a: Masquerain\n|\n|t:|1701115146\n|switch|p1a: Landorus|Landorus-Therian, M|94\/100\n|-damage|p1a: Landorus|82\/100|[from] Stealth Rock\n|-ability|p1a: Landorus|Intimidate|boost\n|-unboost|p2a: Nickelodeon|atk|1\n|turn|17\n|\n|t:|1701115163\n|-terastallize|p1a: Landorus|Water\n|move|p2a: Nickelodeon|Liquidation|p1a: Landorus\n|-resisted|p1a: Landorus\n|-damage|p1a: Landorus|67\/100\n|move|p1a: Landorus|U-turn|p2a: Nickelodeon\n|-damage|p2a: Nickelodeon|27\/100\n|\n|t:|1701115172\n|switch|p1a: Breloom|Breloom, M|66\/100|[from] U-turn\n|-damage|p1a: Breloom|60\/100|[from] Stealth Rock\n|-status|p1a: Breloom|tox\n|\n|-weather|none\n|-damage|p1a: Breloom|53\/100 tox|[from] psn\n|upkeep\n|turn|18\n|\n|t:|1701115192\n|move|p1a: Breloom|Mach Punch|p2a: Nickelodeon\n|-supereffective|p2a: Nickelodeon\n|-damage|p2a: Nickelodeon|0 fnt\n|faint|p2a: Nickelodeon\n|\n|-damage|p1a: Breloom|41\/100 tox|[from] psn\n|upkeep\n|\n|t:|1701115205\n|switch|p2a: Not Pikachu|Grimmsnarl, M, shiny|100\/100\n|-activate|p2a: Not Pikachu|move: Sticky Web\n|-unboost|p2a: Not Pikachu|spe|1\n|turn|19\n|\n|t:|1701115218\n|move|p2a: Not Pikachu|Light Screen|p2a: Not Pikachu\n|-sidestart|p2: Argila725|move: Light Screen\n|move|p1a: Breloom|Bullet Seed|p2a: Not Pikachu\n|-damage|p2a: Not Pikachu|89\/100\n|-damage|p2a: Not Pikachu|76\/100\n|-damage|p2a: Not Pikachu|62\/100\n|-damage|p2a: Not Pikachu|50\/100\n|-hitcount|p2a: Not Pikachu|4\n|\n|-damage|p1a: Breloom|23\/100 tox|[from] psn\n|-sideend|p2: Argila725|Reflect\n|upkeep\n|turn|20\n|\n|t:|1701115231\n|move|p2a: Not Pikachu|Parting Shot|p1a: Breloom\n|-unboost|p1a: Breloom|atk|1\n|-unboost|p1a: Breloom|spa|1\n|\n|t:|1701115235\n|switch|p2a: Fish|Pelipper, F|100\/100 slp|[from] Parting Shot\n|-weather|RainDance|[from] ability: Drizzle|[of] p2a: Fish\n|move|p1a: Breloom|Bullet Seed|p2a: Fish\n|-damage|p2a: Fish|89\/100 slp\n|-damage|p2a: Fish|78\/100 slp\n|-damage|p2a: Fish|67\/100 slp\n|-damage|p2a: Fish|57\/100 slp\n|-damage|p2a: Fish|47\/100 slp\n|-hitcount|p2a: Fish|5\n|\n|-weather|RainDance|[upkeep]\n|-damage|p1a: Breloom|0 fnt|[from] psn\n|faint|p1a: Breloom\n|upkeep\n|\n|t:|1701115251\n|switch|p1a: Landorus|Landorus-Therian, M, tera:Water|67\/100\n|-damage|p1a: Landorus|55\/100|[from] Stealth Rock\n|-status|p1a: Landorus|tox\n|-ability|p1a: Landorus|Intimidate|boost\n|-unboost|p2a: Fish|atk|1\n|turn|21\n|\n|t:|1701115261\n|cant|p2a: Fish|slp\n|move|p1a: Landorus|Smack Down|p2a: Fish\n|-supereffective|p2a: Fish\n|-damage|p2a: Fish|23\/100 slp\n|-start|p2a: Fish|Smack Down\n|\n|-weather|RainDance|[upkeep]\n|-heal|p1a: Landorus|61\/100 tox|[from] item: Leftovers\n|-damage|p1a: Landorus|55\/100 tox|[from] psn\n|upkeep\n|turn|22\n|\n|t:|1701115273\n|-curestatus|p2a: Fish|slp|[msg]\n|move|p2a: Fish|Protect|p2a: Fish\n|-singleturn|p2a: Fish|Protect\n|move|p1a: Landorus|Earthquake|p2a: Fish\n|-activate|p2a: Fish|move: Protect\n|\n|-weather|RainDance|[upkeep]\n|-heal|p1a: Landorus|61\/100 tox|[from] item: Leftovers\n|-damage|p1a: Landorus|49\/100 tox|[from] psn\n|upkeep\n|turn|23\n|\n|t:|1701115285\n|move|p1a: Landorus|Earthquake|p2a: Fish\n|-crit|p2a: Fish\n|-damage|p2a: Fish|0 fnt\n|faint|p2a: Fish\n|\n|-weather|RainDance|[upkeep]\n|-heal|p1a: Landorus|55\/100 tox|[from] item: Leftovers\n|-damage|p1a: Landorus|37\/100 tox|[from] psn\n|upkeep\n|\n|t:|1701115298\n|switch|p2a: Not Pikachu|Grimmsnarl, M, shiny|50\/100\n|-activate|p2a: Not Pikachu|move: Sticky Web\n|-unboost|p2a: Not Pikachu|spe|1\n|turn|24\n|\n|t:|1701115305\n|move|p2a: Not Pikachu|Reflect|p2a: Not Pikachu\n|-sidestart|p2: Argila725|Reflect\n|move|p1a: Landorus|Earthquake|p2a: Not Pikachu\n|-damage|p2a: Not Pikachu|22\/100\n|\n|-weather|RainDance|[upkeep]\n|-heal|p1a: Landorus|43\/100 tox|[from] item: Leftovers\n|-damage|p1a: Landorus|19\/100 tox|[from] psn\n|upkeep\n|turn|25\n|\n|t:|1701115315\n|move|p2a: Not Pikachu|Trick|p1a: Landorus\n|-activate|p2a: Not Pikachu|move: Trick|[of] p1a: Landorus\n|-item|p1a: Landorus|Light Clay|[from] move: Trick\n|-item|p2a: Not Pikachu|Leftovers|[from] move: Trick\n|move|p1a: Landorus|Earthquake|p2a: Not Pikachu\n|-damage|p2a: Not Pikachu|0 fnt\n|faint|p2a: Not Pikachu\n|\n|-weather|RainDance|[upkeep]\n|-damage|p1a: Landorus|0 fnt|[from] psn\n|faint|p1a: Landorus\n|upkeep\n|\n|t:|1701115326\n|switch|p1a: Samurott|Samurott-Hisui, M, shiny|100\/100\n|switch|p2a: Flat Earth Society|Electrode-Hisui|100\/100\n|-damage|p1a: Samurott|88\/100|[from] Stealth Rock\n|-status|p1a: Samurott|tox\n|turn|26\n|\n|t:|1701115341\n|move|p1a: Samurott|Aqua Cutter|p2a: Flat Earth Society\n|-resisted|p2a: Flat Earth Society\n|-damage|p2a: Flat Earth Society|67\/100\n|move|p2a: Flat Earth Society|Chloroblast|p1a: Samurott\n|-supereffective|p1a: Samurott\n|-damage|p1a: Samurott|0 fnt\n|faint|p1a: Samurott\n|-damage|p2a: Flat Earth Society|17\/100|[from] Recoil\n|\n|win|Argila725\n|raw|edew890's rating: 1096 &rarr; <strong>1065<\/strong><br \/>(-31 for losing)\n|raw|Argila725's rating: 1000 &rarr; <strong>1051<\/strong><br \/>(+51 for winning)\n|l|\u2606edew890\n","uploadtime":1701115363,"views":13,"p1id":"edew890","p2id":"argila725","formatid":"gen9ou","rating":1051,"private":0,"password":""}