{"id":"gen9ou-1992783051","p1":"Vizsla_falconer","p2":"Smolive Garden75","format":"[Gen 9] OU","log":"|j|\u2606Vizsla_falconer\n|j|\u2606Smolive Garden75\n|t:|1700235054\n|gametype|singles\n|player|p1|Vizsla_falconer|101|1221\n|player|p2|Smolive Garden75|acetrainer-gen4dp|1207\n|teamsize|p1|6\n|teamsize|p2|6\n|gen|9\n|tier|[Gen 9] OU\n|rated|\n|rule|Sleep Clause Mod: Limit one foe put to sleep\n|rule|Species Clause: Limit one of each Pok\u00e9mon\n|rule|OHKO Clause: OHKO moves are banned\n|rule|Evasion Items Clause: Evasion items are banned\n|rule|Evasion Moves Clause: Evasion moves are banned\n|rule|Endless Battle Clause: Forcing endless battles is banned\n|rule|HP Percentage Mod: HP is shown in percentages\n|clearpoke\n|poke|p1|Gholdengo|\n|poke|p1|Dragapult, F|\n|poke|p1|Mimikyu, F|\n|poke|p1|Skeledirge, M|\n|poke|p1|Weezing-Galar, F|\n|poke|p1|Basculegion, M|\n|poke|p2|Glimmora, M|\n|poke|p2|Sneasler, M|\n|poke|p2|Rillaboom, F|\n|poke|p2|Dragapult, F|\n|poke|p2|Kingambit, F|\n|poke|p2|Alomomola, M|\n|teampreview\n|inactive|Battle timer is ON: inactive players will automatically lose when time's up. (requested by Smolive Garden75)\n|inactive|Vizsla_falconer has 120 seconds left.\n|\n|t:|1700235091\n|start\n|switch|p1a: Gholdengo|Gholdengo|100\/100\n|switch|p2a: Glimmora|Glimmora, M|100\/100\n|turn|1\n|\n|t:|1700235104\n|move|p2a: Glimmora|Earth Power|p1a: Gholdengo\n|-supereffective|p1a: Gholdengo\n|-damage|p1a: Gholdengo|26\/100\n|-unboost|p1a: Gholdengo|spd|1\n|move|p1a: Gholdengo|Substitute|p1a: Gholdengo\n|-start|p1a: Gholdengo|Substitute\n|-damage|p1a: Gholdengo|1\/100\n|\n|-heal|p1a: Gholdengo|7\/100|[from] item: Leftovers\n|upkeep\n|turn|2\n|\n|t:|1700235130\n|move|p2a: Glimmora|Stealth Rock|p1a: Gholdengo\n|-sidestart|p1: Vizsla_falconer|move: Stealth Rock\n|move|p1a: Gholdengo|Make It Rain|p2a: Glimmora\n|-supereffective|p2a: Glimmora\n|-enditem|p2a: Glimmora|Focus Sash\n|-damage|p2a: Glimmora|1\/100\n|-unboost|p1a: Gholdengo|spa|1\n|\n|-heal|p1a: Gholdengo|13\/100|[from] item: Leftovers\n|upkeep\n|turn|3\n|inactive|Vizsla_falconer has 120 seconds left.\n|\n|t:|1700235153\n|switch|p2a: Alomomola|Alomomola, M|100\/100\n|move|p1a: Gholdengo|Shadow Ball|p2a: Alomomola\n|-damage|p2a: Alomomola|65\/100\n|\n|-heal|p1a: Gholdengo|19\/100|[from] item: Leftovers\n|upkeep\n|turn|4\n|inactive|Vizsla_falconer has 120 seconds left.\n|inactive|Smolive Garden75 has 120 seconds left.\n|\n|t:|1700235194\n|move|p1a: Gholdengo|Nasty Plot|p1a: Gholdengo\n|-boost|p1a: Gholdengo|spa|2\n|move|p2a: Alomomola|Wish|p2a: Alomomola\n|\n|-heal|p1a: Gholdengo|25\/100|[from] item: Leftovers\n|upkeep\n|turn|5\n|inactive|Vizsla_falconer has 120 seconds left.\n|\n|t:|1700235206\n|move|p1a: Gholdengo|Shadow Ball|p2a: Alomomola\n|-damage|p2a: Alomomola|0 fnt\n|faint|p2a: Alomomola\n|\n|-heal|p1a: Gholdengo|31\/100|[from] item: Leftovers\n|upkeep\n|\n|t:|1700235223\n|switch|p2a: Rillaboom|Rillaboom, F|100\/100\n|-fieldstart|move: Grassy Terrain|[from] ability: Grassy Surge|[of] p2a: Rillaboom\n|turn|6\n|inactive|Vizsla_falconer has 120 seconds left.\n|\n|t:|1700235245\n|move|p1a: Gholdengo|Make It Rain|p2a: Rillaboom\n|-damage|p2a: Rillaboom|0 fnt\n|-unboost|p1a: Gholdengo|spa|1\n|faint|p2a: Rillaboom\n|\n|-heal|p1a: Gholdengo|37\/100|[from] Grassy Terrain\n|-heal|p1a: Gholdengo|43\/100|[from] item: Leftovers\n|upkeep\n|\n|t:|1700235251\n|switch|p2a: Sneasler|Sneasler, M|100\/100\n|-enditem|p2a: Sneasler|Grassy Seed\n|-boost|p2a: Sneasler|def|1|[from] item: Grassy Seed\n|turn|7\n|inactive|Vizsla_falconer has 120 seconds left.\n|\n|t:|1700235266\n|move|p2a: Sneasler|Acrobatics|p1a: Gholdengo\n|-resisted|p1a: Gholdengo\n|-activate|p1a: Gholdengo|move: Substitute|[damage]\n|move|p1a: Gholdengo|Make It Rain|p2a: Sneasler\n|-damage|p2a: Sneasler|16\/100\n|-unboost|p1a: Gholdengo|spa|1\n|\n|-heal|p2a: Sneasler|22\/100|[from] Grassy Terrain\n|-heal|p1a: Gholdengo|49\/100|[from] Grassy Terrain\n|-heal|p1a: Gholdengo|55\/100|[from] item: Leftovers\n|upkeep\n|turn|8\n|inactive|Vizsla_falconer has 120 seconds left.\n|\n|t:|1700235289\n|move|p2a: Sneasler|Acrobatics|p1a: Gholdengo\n|-resisted|p1a: Gholdengo\n|-end|p1a: Gholdengo|Substitute\n|move|p1a: Gholdengo|Shadow Ball|p2a: Sneasler\n|-damage|p2a: Sneasler|0 fnt\n|faint|p2a: Sneasler\n|\n|-heal|p1a: Gholdengo|61\/100|[from] Grassy Terrain\n|-heal|p1a: Gholdengo|67\/100|[from] item: Leftovers\n|upkeep\n|\n|t:|1700235298\n|switch|p2a: Glimmora|Glimmora, M|1\/100\n|turn|9\n|inactive|Vizsla_falconer has 120 seconds left.\n|\n|t:|1700235307\n|-terastallize|p1a: Gholdengo|Flying\n|move|p2a: Glimmora|Earth Power|p1a: Gholdengo\n|-immune|p1a: Gholdengo\n|move|p1a: Gholdengo|Substitute|p1a: Gholdengo\n|-start|p1a: Gholdengo|Substitute\n|-damage|p1a: Gholdengo|42\/100\n|\n|-heal|p2a: Glimmora|7\/100|[from] Grassy Terrain\n|-heal|p1a: Gholdengo|48\/100|[from] item: Leftovers\n|upkeep\n|turn|10\n|inactive|Vizsla_falconer has 120 seconds left.\n|\n|t:|1700235327\n|move|p2a: Glimmora|Mortal Spin|p1a: Gholdengo\n|-activate|p1a: Gholdengo|move: Substitute|[damage]\n|move|p1a: Gholdengo|Shadow Ball|p2a: Glimmora\n|-damage|p2a: Glimmora|0 fnt\n|faint|p2a: Glimmora\n|\n|-heal|p1a: Gholdengo|54\/100|[from] item: Leftovers\n|-fieldend|move: Grassy Terrain\n|upkeep\n|inactive|Smolive Garden75 has 90 seconds left.\n|\n|t:|1700235343\n|switch|p2a: Kingambit|Kingambit, F|100\/100\n|-activate|p2a: Kingambit|ability: Supreme Overlord\n|-start|p2a: Kingambit|fallen4|[silent]\n|turn|11\n|inactive|Vizsla_falconer has 120 seconds left.\n|inactive|Vizsla_falconer has 90 seconds left.\n|\n|t:|1700235388\n|-end|p2a: Kingambit|fallen4|[silent]\n|switch|p2a: Dragapult|Dragapult, F|100\/100\n|move|p1a: Gholdengo|Make It Rain|p2a: Dragapult\n|-damage|p2a: Dragapult|44\/100\n|-unboost|p1a: Gholdengo|spa|1\n|\n|-heal|p1a: Gholdengo|60\/100|[from] item: Leftovers\n|upkeep\n|turn|12\n|inactive|Vizsla_falconer has 90 seconds left.\n|\n|t:|1700235405\n|-terastallize|p2a: Dragapult|Dragon\n|move|p2a: Dragapult|Shadow Ball|p1a: Gholdengo\n|-crit|p1a: Gholdengo\n|-damage|p1a: Gholdengo|0 fnt\n|faint|p1a: Gholdengo\n|\n|upkeep\n|\n|t:|1700235415\n|switch|p1a: Weezing|Weezing-Galar, F|100\/100\n|-damage|p1a: Weezing|88\/100|[from] Stealth Rock\n|turn|13\n|\n|t:|1700235426\n|switch|p2a: Kingambit|Kingambit, F|100\/100\n|-activate|p2a: Kingambit|ability: Supreme Overlord\n|-start|p2a: Kingambit|fallen4|[silent]\n|move|p1a: Weezing|Play Rough|p2a: Kingambit\n|-damage|p2a: Kingambit|77\/100\n|\n|upkeep\n|turn|14\n|\n|t:|1700235434\n|move|p2a: Kingambit|Iron Head|p1a: Weezing\n|-supereffective|p1a: Weezing\n|-damage|p1a: Weezing|0 fnt\n|faint|p1a: Weezing\n|-damage|p2a: Kingambit|67\/100|[from] item: Life Orb\n|\n|upkeep\n|\n|t:|1700235440\n|switch|p1a: Mimikyu|Mimikyu, F|100\/100\n|-damage|p1a: Mimikyu|88\/100|[from] Stealth Rock\n|turn|15\n|inactive|Vizsla_falconer has 90 seconds left.\n|inactive|Smolive Garden75 has 120 seconds left.\n|\n|t:|1700235451\n|move|p1a: Mimikyu|Drain Punch|p2a: Kingambit\n|-supereffective|p2a: Kingambit\n|-damage|p2a: Kingambit|0 fnt\n|-heal|p1a: Mimikyu|100\/100|[from] drain|[of] p2a: Kingambit\n|faint|p2a: Kingambit\n|-end|p2a: Kingambit|fallen4|[silent]\n|-damage|p1a: Mimikyu|91\/100|[from] item: Life Orb\n|\n|upkeep\n|\n|t:|1700235456\n|switch|p2a: Dragapult|Dragapult, F, tera:Dragon|44\/100\n|turn|16\n|\n|t:|1700235463\n|move|p2a: Dragapult|Shadow Ball|p1a: Mimikyu\n|-activate|p1a: Mimikyu|ability: Disguise\n|-damage|p1a: Mimikyu|91\/100\n|-unboost|p1a: Mimikyu|spd|1\n|detailschange|p1a: Mimikyu|Mimikyu-Busted, F\n|-damage|p1a: Mimikyu|78\/100|[from] pokemon: Mimikyu-Busted\n|move|p1a: Mimikyu|Play Rough|p2a: Dragapult\n|-supereffective|p2a: Dragapult\n|-damage|p2a: Dragapult|0 fnt\n|faint|p2a: Dragapult\n|-damage|p1a: Mimikyu|68\/100|[from] item: Life Orb\n|\n|win|Vizsla_falconer\n|raw|Vizsla_falconer's rating: 1221 &rarr; <strong>1245<\/strong><br \/>(+24 for winning)\n|raw|Smolive Garden75's rating: 1207 &rarr; <strong>1183<\/strong><br \/>(-24 for losing)\n|l|\u2606Smolive Garden75\n|l|\u2606Vizsla_falconer\n|j|\u2606Vizsla_falconer\n|player|p1|Vizsla_falconer|101\n","uploadtime":1700235495,"views":32,"p1id":"vizslafalconer","p2id":"smolivegarden75","formatid":"gen9ou","rating":1183,"private":0,"password":""}