{"id":"gen9ou-1990236349","p1":"Fantasy64","p2":"Fazticeiro","format":"[Gen 9] OU","log":"|j|\u2606Fantasy64\n|j|\u2606Fazticeiro\n|t:|1699942093\n|gametype|singles\n|player|p1|Fantasy64|265|1016\n|player|p2|Fazticeiro|marley|1065\n|teamsize|p1|6\n|teamsize|p2|6\n|gen|9\n|tier|[Gen 9] OU\n|rated|\n|rule|Sleep Clause Mod: Limit one foe put to sleep\n|rule|Species Clause: Limit one of each Pok\u00e9mon\n|rule|OHKO Clause: OHKO moves are banned\n|rule|Evasion Items Clause: Evasion items are banned\n|rule|Evasion Moves Clause: Evasion moves are banned\n|rule|Endless Battle Clause: Forcing endless battles is banned\n|rule|HP Percentage Mod: HP is shown in percentages\n|clearpoke\n|poke|p1|Toxapex, F|\n|poke|p1|Garganacl, F|\n|poke|p1|Amoonguss, M|\n|poke|p1|Clodsire, M|\n|poke|p1|Chansey, F|\n|poke|p1|Avalugg, F|\n|poke|p2|Greninja-*, F|\n|poke|p2|Garchomp, F|\n|poke|p2|Shaymin|\n|poke|p2|Eelektross, M|\n|poke|p2|Hatterene, F|\n|poke|p2|Sneasler, F|\n|teampreview\n|\n|t:|1699942116\n|start\n|switch|p1a: Garganacl|Garganacl, F|100\/100\n|switch|p2a: Hatterene|Hatterene, F|100\/100\n|turn|1\n|\n|t:|1699942133\n|switch|p2a: Palmeirense|Eelektross, M, shiny|100\/100\n|move|p1a: Garganacl|Iron Defense|p1a: Garganacl\n|-boost|p1a: Garganacl|def|2\n|\n|upkeep\n|turn|2\n|\n|t:|1699942143\n|move|p2a: Palmeirense|Coil|p2a: Palmeirense\n|-boost|p2a: Palmeirense|atk|1\n|-boost|p2a: Palmeirense|def|1\n|-boost|p2a: Palmeirense|accuracy|1\n|move|p1a: Garganacl|Iron Defense|p1a: Garganacl\n|-boost|p1a: Garganacl|def|2\n|\n|upkeep\n|turn|3\n|\n|t:|1699942148\n|move|p2a: Palmeirense|Coil|p2a: Palmeirense\n|-boost|p2a: Palmeirense|atk|1\n|-boost|p2a: Palmeirense|def|1\n|-boost|p2a: Palmeirense|accuracy|1\n|move|p1a: Garganacl|Salt Cure|p2a: Palmeirense\n|-damage|p2a: Palmeirense|93\/100\n|-start|p2a: Palmeirense|Salt Cure\n|\n|-damage|p2a: Palmeirense|81\/100|[from] Salt Cure\n|upkeep\n|turn|4\n|\n|t:|1699942157\n|move|p2a: Palmeirense|Drain Punch|p1a: Garganacl\n|-supereffective|p1a: Garganacl\n|-damage|p1a: Garganacl|87\/100\n|-heal|p2a: Palmeirense|89\/100|[from] drain|[of] p1a: Garganacl\n|move|p1a: Garganacl|Body Press|p2a: Palmeirense\n|-damage|p2a: Palmeirense|44\/100\n|\n|-heal|p1a: Garganacl|93\/100|[from] item: Leftovers\n|-damage|p2a: Palmeirense|31\/100|[from] Salt Cure\n|upkeep\n|turn|5\n|\n|t:|1699942166\n|move|p1a: Garganacl|Iron Defense|p1a: Garganacl\n|-boost|p1a: Garganacl|def|2\n|move|p2a: Palmeirense|Dragon Tail|p1a: Garganacl\n|-damage|p1a: Garganacl|89\/100\n|drag|p1a: Chansey|Chansey, F|100\/100\n|\n|-damage|p2a: Palmeirense|19\/100|[from] Salt Cure\n|upkeep\n|-enditem|p2a: Palmeirense|Aguav Berry|[eat]\n|-heal|p2a: Palmeirense|52\/100|[from] item: Aguav Berry\n|turn|6\n|\n|t:|1699942174\n|switch|p1a: Garganacl|Garganacl, F|89\/100\n|move|p2a: Palmeirense|Drain Punch|p1a: Garganacl\n|-supereffective|p1a: Garganacl\n|-damage|p1a: Garganacl|52\/100\n|-heal|p2a: Palmeirense|74\/100|[from] drain|[of] p1a: Garganacl\n|\n|-heal|p1a: Garganacl|58\/100|[from] item: Leftovers\n|-damage|p2a: Palmeirense|61\/100|[from] Salt Cure\n|upkeep\n|turn|7\n|\n|t:|1699942183\n|move|p2a: Palmeirense|Drain Punch|p1a: Garganacl\n|-supereffective|p1a: Garganacl\n|-damage|p1a: Garganacl|20\/100\n|-heal|p2a: Palmeirense|84\/100|[from] drain|[of] p1a: Garganacl\n|move|p1a: Garganacl|Iron Defense|p1a: Garganacl\n|-boost|p1a: Garganacl|def|2\n|\n|-heal|p1a: Garganacl|26\/100|[from] item: Leftovers\n|-damage|p2a: Palmeirense|71\/100|[from] Salt Cure\n|upkeep\n|turn|8\n|\n|t:|1699942193\n|move|p2a: Palmeirense|Drain Punch|p1a: Garganacl\n|-supereffective|p1a: Garganacl\n|-damage|p1a: Garganacl|6\/100\n|-heal|p2a: Palmeirense|83\/100|[from] drain|[of] p1a: Garganacl\n|move|p1a: Garganacl|Recover|p1a: Garganacl\n|-heal|p1a: Garganacl|56\/100\n|\n|-heal|p1a: Garganacl|62\/100|[from] item: Leftovers\n|-damage|p2a: Palmeirense|70\/100|[from] Salt Cure\n|upkeep\n|turn|9\n|\n|t:|1699942201\n|move|p1a: Garganacl|Recover|p1a: Garganacl\n|-heal|p1a: Garganacl|100\/100\n|move|p2a: Palmeirense|Dragon Tail|p1a: Garganacl\n|-damage|p1a: Garganacl|92\/100\n|drag|p1a: Avalugg|Avalugg, F|100\/100\n|\n|-damage|p2a: Palmeirense|58\/100|[from] Salt Cure\n|upkeep\n|turn|10\n|\n|t:|1699942209\n|move|p2a: Palmeirense|Drain Punch|p1a: Avalugg\n|-supereffective|p1a: Avalugg\n|-damage|p1a: Avalugg|67\/100\n|-heal|p2a: Palmeirense|77\/100|[from] drain|[of] p1a: Avalugg\n|move|p1a: Avalugg|Iron Defense|p1a: Avalugg\n|-boost|p1a: Avalugg|def|2\n|\n|-damage|p2a: Palmeirense|64\/100|[from] Salt Cure\n|upkeep\n|turn|11\n|\n|t:|1699942219\n|move|p2a: Palmeirense|Coil|p2a: Palmeirense\n|-boost|p2a: Palmeirense|atk|1\n|-boost|p2a: Palmeirense|def|1\n|-boost|p2a: Palmeirense|accuracy|1\n|move|p1a: Avalugg|Iron Defense|p1a: Avalugg\n|-boost|p1a: Avalugg|def|2\n|\n|-damage|p2a: Palmeirense|52\/100|[from] Salt Cure\n|upkeep\n|turn|12\n|\n|t:|1699942229\n|move|p1a: Avalugg|Recover|p1a: Avalugg\n|-heal|p1a: Avalugg|100\/100\n|move|p2a: Palmeirense|Dragon Tail|p1a: Avalugg\n|-damage|p1a: Avalugg|95\/100\n|drag|p1a: Chansey|Chansey, F|100\/100\n|\n|-damage|p2a: Palmeirense|39\/100|[from] Salt Cure\n|upkeep\n|turn|13\n|inactive|Battle timer is ON: inactive players will automatically lose when time's up. (requested by Fazticeiro)\n|\n|t:|1699942240\n|switch|p1a: Clodsire|Clodsire, M|100\/100\n|move|p2a: Palmeirense|Drain Punch|p1a: Clodsire\n|-resisted|p1a: Clodsire\n|-damage|p1a: Clodsire|89\/100\n|-heal|p2a: Palmeirense|48\/100|[from] drain|[of] p1a: Clodsire\n|\n|-damage|p2a: Palmeirense|35\/100|[from] Salt Cure\n|upkeep\n|turn|14\n|\n|t:|1699942247\n|move|p1a: Clodsire|Toxic|p2a: Palmeirense\n|-status|p2a: Palmeirense|tox\n|move|p2a: Palmeirense|Dragon Tail|p1a: Clodsire\n|-damage|p1a: Clodsire|71\/100\n|drag|p1a: Avalugg|Avalugg, F|95\/100\n|\n|-damage|p2a: Palmeirense|29\/100 tox|[from] psn\n|-damage|p2a: Palmeirense|16\/100 tox|[from] Salt Cure\n|upkeep\n|turn|15\n|\n|t:|1699942258\n|switch|p2a: Hatterene|Hatterene, F|100\/100\n|switch|p1a: Clodsire|Clodsire, M|71\/100\n|\n|upkeep\n|turn|16\n|\n|t:|1699942269\n|move|p2a: Hatterene|Healing Wish|p2a: Hatterene\n|faint|p2a: Hatterene\n|move|p1a: Clodsire|Recover|p1a: Clodsire\n|-heal|p1a: Clodsire|100\/100\n|\n|upkeep\n|\n|t:|1699942275\n|switch|p2a: Palmeirense|Eelektross, M, shiny|16\/100 tox\n|-heal|p2a: Palmeirense|100\/100|[from] move: Healing Wish\n|turn|17\n|\n|t:|1699942278\n|switch|p2a: Sneasler|Sneasler, F, shiny|100\/100\n|move|p1a: Clodsire|Toxic|p2a: Sneasler\n|-immune|p2a: Sneasler\n|\n|upkeep\n|turn|18\n|\n|t:|1699942287\n|switch|p1a: Garganacl|Garganacl, F|92\/100\n|move|p2a: Sneasler|Fake Out|p1a: Garganacl\n|-resisted|p1a: Garganacl\n|-damage|p1a: Garganacl|88\/100\n|\n|-heal|p1a: Garganacl|94\/100|[from] item: Leftovers\n|upkeep\n|turn|19\n|\n|t:|1699942292\n|switch|p2a: Yoruichi|Greninja, F, shiny|100\/100\n|move|p1a: Garganacl|Iron Defense|p1a: Garganacl\n|-boost|p1a: Garganacl|def|2\n|\n|-heal|p1a: Garganacl|100\/100|[from] item: Leftovers\n|upkeep\n|turn|20\n|\n|t:|1699942298\n|move|p2a: Yoruichi|Hydro Pump|p1a: Garganacl\n|-supereffective|p1a: Garganacl\n|-damage|p1a: Garganacl|0 fnt\n|faint|p1a: Garganacl\n|\n|upkeep\n|\n|t:|1699942306\n|switch|p1a: Amoonguss|Amoonguss, M|100\/100\n|turn|21\n|\n|t:|1699942310\n|switch|p2a: Sneasler|Sneasler, F, shiny|100\/100\n|move|p1a: Amoonguss|Bullet Seed|p2a: Sneasler\n|-resisted|p2a: Sneasler\n|-damage|p2a: Sneasler|92\/100\n|-resisted|p2a: Sneasler\n|-damage|p2a: Sneasler|82\/100\n|-resisted|p2a: Sneasler\n|-damage|p2a: Sneasler|73\/100\n|-resisted|p2a: Sneasler\n|-damage|p2a: Sneasler|64\/100\n|-hitcount|p2a: Sneasler|4\n|\n|upkeep\n|turn|22\n|\n|t:|1699942318\n|switch|p1a: Avalugg|Avalugg, F|95\/100\n|move|p2a: Sneasler|Fake Out|p1a: Avalugg\n|-damage|p1a: Avalugg|89\/100\n|\n|upkeep\n|turn|23\n|\n|t:|1699942331\n|switch|p1a: Toxapex|Toxapex, F|100\/100\n|move|p2a: Sneasler|U-turn|p1a: Toxapex\n|-resisted|p1a: Toxapex\n|-damage|p1a: Toxapex|92\/100\n|\n|t:|1699942334\n|switch|p2a: Yoruichi|Greninja, F, shiny|100\/100|[from] U-turn\n|\n|upkeep\n|turn|24\n|\n|t:|1699942339\n|move|p2a: Yoruichi|Extrasensory|p1a: Toxapex\n|-supereffective|p1a: Toxapex\n|-damage|p1a: Toxapex|33\/100\n|move|p1a: Toxapex|Toxic Spikes|p2a: Yoruichi\n|-sidestart|p2: Fazticeiro|move: Toxic Spikes\n|\n|upkeep\n|turn|25\n|\n|t:|1699942348\n|switch|p1a: Amoonguss|Amoonguss, M|100\/100\n|move|p2a: Yoruichi|Extrasensory|p1a: Amoonguss\n|-supereffective|p1a: Amoonguss\n|-damage|p1a: Amoonguss|65\/100\n|\n|upkeep\n|turn|26\n|\n|t:|1699942355\n|switch|p2a: Sneasler|Sneasler, F, shiny|64\/100\n|-sideend|p2: Fazticeiro|move: Toxic Spikes|[of] p2a: Sneasler\n|move|p1a: Amoonguss|Giga Drain|p2a: Sneasler\n|-resisted|p2a: Sneasler\n|-damage|p2a: Sneasler|50\/100\n|-heal|p1a: Amoonguss|71\/100|[from] drain|[of] p2a: Sneasler\n|\n|upkeep\n|turn|27\n|\n|t:|1699942368\n|switch|p1a: Toxapex|Toxapex, F|66\/100\n|move|p2a: Sneasler|Dire Claw|p1a: Toxapex\n|-resisted|p1a: Toxapex\n|-damage|p1a: Toxapex|53\/100\n|\n|upkeep\n|turn|28\n|\n|t:|1699942378\n|move|p2a: Sneasler|U-turn|p1a: Toxapex\n|-resisted|p1a: Toxapex\n|-damage|p1a: Toxapex|45\/100\n|\n|t:|1699942380\n|switch|p2a: Garchomp|Garchomp, F|100\/100|[from] U-turn\n|move|p1a: Toxapex|Toxic|p2a: Garchomp\n|-status|p2a: Garchomp|tox\n|\n|-damage|p2a: Garchomp|94\/100 tox|[from] psn\n|upkeep\n|turn|29\n|\n|t:|1699942393\n|switch|p1a: Avalugg|Avalugg, F|89\/100\n|move|p2a: Garchomp|Stealth Rock|p1a: Avalugg\n|-sidestart|p1: Fantasy64|move: Stealth Rock\n|\n|-damage|p2a: Garchomp|82\/100 tox|[from] psn\n|upkeep\n|turn|30\n|\n|t:|1699942403\n|move|p1a: Avalugg|Iron Defense|p1a: Avalugg\n|-boost|p1a: Avalugg|def|2\n|move|p2a: Garchomp|Dragon Tail|p1a: Avalugg\n|-damage|p1a: Avalugg|83\/100\n|drag|p1a: Chansey|Chansey, F|100\/100\n|-damage|p1a: Chansey|88\/100|[from] Stealth Rock\n|\n|-damage|p2a: Garchomp|63\/100 tox|[from] psn\n|upkeep\n|turn|31\n|\n|t:|1699942418\n|switch|p1a: Avalugg|Avalugg, F|83\/100\n|move|p2a: Garchomp|Dragon Tail|p1a: Avalugg\n|-damage|p1a: Avalugg|72\/100\n|drag|p1a: Amoonguss|Amoonguss, M|100\/100\n|-damage|p1a: Amoonguss|88\/100|[from] Stealth Rock\n|\n|-damage|p2a: Garchomp|39\/100 tox|[from] psn\n|upkeep\n|turn|32\n|\n|t:|1699942431\n|switch|p2a: Sneasler|Sneasler, F, shiny|50\/100\n|switch|p1a: Toxapex|Toxapex, F|78\/100\n|-damage|p1a: Toxapex|65\/100|[from] Stealth Rock\n|\n|upkeep\n|turn|33\n|\n|t:|1699942437\n|move|p2a: Sneasler|Fake Out|p1a: Toxapex\n|-damage|p1a: Toxapex|56\/100\n|cant|p1a: Toxapex|flinch\n|\n|upkeep\n|turn|34\n|\n|t:|1699942443\n|move|p2a: Sneasler|U-turn|p1a: Toxapex\n|-resisted|p1a: Toxapex\n|-damage|p1a: Toxapex|49\/100\n|\n|t:|1699942446\n|switch|p2a: Shaymin|Shaymin|100\/100|[from] U-turn\n|move|p1a: Toxapex|Toxic Spikes|p2a: Shaymin\n|-sidestart|p2: Fazticeiro|move: Toxic Spikes\n|\n|upkeep\n|turn|35\n|\n|t:|1699942457\n|move|p2a: Shaymin|Substitute|p2a: Shaymin\n|-start|p2a: Shaymin|Substitute\n|-damage|p2a: Shaymin|76\/100\n|move|p1a: Toxapex|Recover|p1a: Toxapex\n|-heal|p1a: Toxapex|99\/100\n|\n|-heal|p2a: Shaymin|82\/100|[from] item: Leftovers\n|upkeep\n|turn|36\n|\n|t:|1699942465\n|move|p2a: Shaymin|Leech Seed|p1a: Toxapex\n|-start|p1a: Toxapex|move: Leech Seed\n|move|p1a: Toxapex|Toxic||[still]\n|-fail|p1a: Toxapex\n|\n|-heal|p2a: Shaymin|88\/100|[from] item: Leftovers\n|-damage|p1a: Toxapex|86\/100|[from] Leech Seed|[of] p2a: Shaymin\n|-heal|p2a: Shaymin|98\/100|[silent]\n|upkeep\n|turn|37\n|\n|t:|1699942478\n|switch|p1a: Amoonguss|Amoonguss, M|100\/100\n|-damage|p1a: Amoonguss|88\/100|[from] Stealth Rock\n|move|p2a: Shaymin|Seed Flare|p1a: Amoonguss\n|-resisted|p1a: Amoonguss\n|-damage|p1a: Amoonguss|82\/100\n|\n|-heal|p2a: Shaymin|100\/100|[from] item: Leftovers\n|upkeep\n|turn|38\n|\n|t:|1699942484\n|switch|p1a: Toxapex|Toxapex, F|100\/100\n|-damage|p1a: Toxapex|88\/100|[from] Stealth Rock\n|move|p2a: Shaymin|Air Slash|p1a: Toxapex\n|-damage|p1a: Toxapex|72\/100\n|\n|upkeep\n|turn|39\n|\n|t:|1699942499\n|move|p2a: Shaymin|Seed Flare|p1a: Toxapex\n|-damage|p1a: Toxapex|35\/100\n|move|p1a: Toxapex|Toxic Spikes|p2a: Shaymin\n|-sidestart|p2: Fazticeiro|move: Toxic Spikes\n|\n|upkeep\n|turn|40\n|\n|t:|1699942506\n|move|p2a: Shaymin|Seed Flare|p1a: Toxapex|[miss]\n|-miss|p2a: Shaymin|p1a: Toxapex\n|move|p1a: Toxapex|Recover|p1a: Toxapex\n|-heal|p1a: Toxapex|85\/100\n|\n|upkeep\n|turn|41\n|\n|t:|1699942514\n|switch|p1a: Avalugg|Avalugg, F|72\/100\n|move|p2a: Shaymin|Leech Seed|p1a: Avalugg\n|-start|p1a: Avalugg|move: Leech Seed\n|\n|-damage|p1a: Avalugg|59\/100|[from] Leech Seed|[of] p2a: Shaymin\n|upkeep\n|turn|42\n|\n|t:|1699942523\n|move|p2a: Shaymin|Seed Flare|p1a: Avalugg\n|-damage|p1a: Avalugg|0 fnt\n|faint|p1a: Avalugg\n|\n|upkeep\n|-message|Fantasy64 forfeited.\n|\n|win|Fazticeiro\n|raw|Fantasy64's rating: 1016 &rarr; <strong>1005<\/strong><br \/>(-11 for losing)\n|raw|Fazticeiro's rating: 1065 &rarr; <strong>1091<\/strong><br \/>(+26 for winning)\n|l|\u2606Fantasy64\n|l|\u2606Fazticeiro\n|j|\u2606Fazticeiro\n|player|p2|Fazticeiro|marley\n","uploadtime":1699942916,"views":20,"p1id":"fantasy64","p2id":"fazticeiro","formatid":"gen9ou","rating":1005,"private":0,"password":""}