{"id":"gen9ou-1988714302","p1":"Sebas99sevilla","p2":"mathismathin","format":"[Gen 9] OU","log":"|j|\u2606Sebas99sevilla\n|j|\u2606mathismathin\n|t:|1699753944\n|gametype|singles\n|player|p1|Sebas99sevilla|1|1754\n|player|p2|mathismathin|nate|1793\n|teamsize|p1|6\n|teamsize|p2|6\n|gen|9\n|tier|[Gen 9] OU\n|rated|\n|rule|Sleep Clause Mod: Limit one foe put to sleep\n|rule|Species Clause: Limit one of each Pok\u00e9mon\n|rule|OHKO Clause: OHKO moves are banned\n|rule|Evasion Items Clause: Evasion items are banned\n|rule|Evasion Moves Clause: Evasion moves are banned\n|rule|Endless Battle Clause: Forcing endless battles is banned\n|rule|HP Percentage Mod: HP is shown in percentages\n|clearpoke\n|poke|p1|Cinderace, M|\n|poke|p1|Ogerpon-Wellspring, F|\n|poke|p1|Iron Valiant|\n|poke|p1|Kingambit, M|\n|poke|p1|Slowking-Galar, M|\n|poke|p1|Gliscor, M|\n|poke|p2|Hoopa-Unbound|\n|poke|p2|Zapdos|\n|poke|p2|Heatran, M|\n|poke|p2|Great Tusk|\n|poke|p2|Amoonguss, F|\n|poke|p2|Iron Hands|\n|teampreview\n|j| Iceman8911\n|l| Iceman8911\n|inactive|Battle timer is ON: inactive players will automatically lose when time's up. (requested by Sebas99sevilla)\n|\n|t:|1699754010\n|start\n|switch|p1a: Calamity|Iron Valiant, shiny|100\/100\n|switch|p2a: Hoopa|Hoopa-Unbound|100\/100\n|-enditem|p1a: Calamity|Booster Energy\n|-activate|p1a: Calamity|ability: Quark Drive|[fromitem]\n|-start|p1a: Calamity|quarkdrivespe\n|turn|1\n|\n|t:|1699754022\n|move|p1a: Calamity|Moonblast|p2a: Hoopa\n|-supereffective|p2a: Hoopa\n|-damage|p2a: Hoopa|12\/100\n|-unboost|p2a: Hoopa|spa|1\n|move|p2a: Hoopa|Psychic|p1a: Calamity\n|-supereffective|p1a: Calamity\n|-damage|p1a: Calamity|0 fnt\n|faint|p1a: Calamity\n|-end|p1a: Calamity|Quark Drive|[silent]\n|\n|upkeep\n|\n|t:|1699754031\n|switch|p1a: Liberacy|Cinderace, M, shiny|100\/100\n|turn|2\n|j| tyresepennywhistle\n|\n|t:|1699754040\n|switch|p2a: Zapdos|Zapdos|100\/100\n|move|p1a: Liberacy|Pyro Ball|p2a: Zapdos\n|-damage|p2a: Zapdos|47\/100\n|\n|upkeep\n|turn|3\n|\n|t:|1699754055\n|switch|p1a: Alice|Ogerpon-Wellspring, F|100\/100\n|switch|p2a: Heatran|Heatran, M|100\/100\n|\n|upkeep\n|turn|4\n|\n|t:|1699754061\n|switch|p2a: Amoonguss|Amoonguss, F|100\/100\n|move|p1a: Alice|Knock Off|p2a: Amoonguss\n|-damage|p2a: Amoonguss|66\/100\n|-enditem|p2a: Amoonguss|Leftovers|[from] move: Knock Off|[of] p1a: Alice\n|\n|upkeep\n|turn|5\n|\n|t:|1699754067\n|switch|p1a: Overgod|Kingambit, M, shiny|100\/100\n|-activate|p1a: Overgod|ability: Supreme Overlord\n|-start|p1a: Overgod|fallen1|[silent]\n|switch|p2a: Hoopa|Hoopa-Unbound|12\/100\n|\n|upkeep\n|turn|6\n|\n|t:|1699754079\n|switch|p2a: Great Tusk|Great Tusk|100\/100\n|move|p1a: Overgod|Sucker Punch||[still]\n|-fail|p1a: Overgod\n|\n|upkeep\n|turn|7\n|j| NScomoLPS\n|\n|t:|1699754089\n|-end|p1a: Overgod|fallen1|[silent]\n|switch|p1a: Scorpiox|Gliscor, M, shiny|100\/100\n|move|p2a: Great Tusk|Knock Off|p1a: Scorpiox\n|-damage|p1a: Scorpiox|83\/100\n|-enditem|p1a: Scorpiox|Toxic Orb|[from] move: Knock Off|[of] p2a: Great Tusk\n|\n|upkeep\n|turn|8\n|\n|t:|1699754097\n|-end|p2a: Great Tusk|Protosynthesis|[silent]\n|switch|p2a: Amoonguss|Amoonguss, F|99\/100\n|move|p1a: Scorpiox|Spikes|p2a: Amoonguss\n|-sidestart|p2: mathismathin|Spikes\n|\n|upkeep\n|turn|9\n|\n|t:|1699754104\n|move|p1a: Scorpiox|Spikes|p2a: Amoonguss\n|-sidestart|p2: mathismathin|Spikes\n|move|p2a: Amoonguss|Grass Knot|p1a: Scorpiox\n|-damage|p1a: Scorpiox|60\/100\n|\n|upkeep\n|turn|10\n|\n|t:|1699754108\n|move|p1a: Scorpiox|Spikes|p2a: Amoonguss\n|-sidestart|p2: mathismathin|Spikes\n|move|p2a: Amoonguss|Grass Knot|p1a: Scorpiox\n|-damage|p1a: Scorpiox|38\/100\n|\n|upkeep\n|turn|11\n|\n|t:|1699754111\n|move|p1a: Scorpiox|Earthquake|p2a: Amoonguss\n|-damage|p2a: Amoonguss|71\/100\n|move|p2a: Amoonguss|Spore|p1a: Scorpiox\n|-status|p1a: Scorpiox|slp|[from] move: Spore\n|\n|upkeep\n|turn|12\n|\n|t:|1699754115\n|switch|p1a: Liberacy|Cinderace, M, shiny|100\/100\n|switch|p2a: Great Tusk|Great Tusk|100\/100\n|-damage|p2a: Great Tusk|76\/100|[from] Spikes\n|\n|-heal|p2a: Great Tusk|82\/100|[from] item: Leftovers\n|upkeep\n|turn|13\n|\n|t:|1699754119\n|-terastallize|p1a: Liberacy|Ice\n|move|p1a: Liberacy|Tera Blast|p2a: Great Tusk|[anim] Tera Blast Ice\n|-supereffective|p2a: Great Tusk\n|-damage|p2a: Great Tusk|40\/100\n|move|p2a: Great Tusk|Rapid Spin|p1a: Liberacy\n|-damage|p1a: Liberacy|79\/100\n|-boost|p2a: Great Tusk|spe|1\n|-sideend|p2: mathismathin|Spikes|[from] move: Rapid Spin|[of] p2a: Great Tusk\n|\n|-heal|p2a: Great Tusk|47\/100|[from] item: Leftovers\n|upkeep\n|turn|14\n|c|\u2606Sebas99sevilla|No actual dmg xddd\n|\n|t:|1699754138\n|-end|p2a: Great Tusk|Protosynthesis|[silent]\n|switch|p2a: Heatran|Heatran, M|100\/100\n|move|p1a: Liberacy|Tera Blast|p2a: Heatran|[anim] Tera Blast Ice\n|-resisted|p2a: Heatran\n|-damage|p2a: Heatran|93\/100\n|\n|-heal|p2a: Heatran|99\/100|[from] item: Leftovers\n|upkeep\n|turn|15\n|\n|t:|1699754144\n|move|p1a: Liberacy|U-turn|p2a: Heatran\n|-resisted|p2a: Heatran\n|-damage|p2a: Heatran|94\/100\n|j| Ava<3\n|\n|t:|1699754150\n|switch|p1a: Alice|Ogerpon-Wellspring, F|100\/100|[from] U-turn\n|move|p2a: Heatran|Magma Storm|p1a: Alice\n|-damage|p1a: Alice|53\/100\n|-activate|p1a: Alice|move: Magma Storm|[of] p2a: Heatran\n|\n|-heal|p2a: Heatran|100\/100|[from] item: Leftovers\n|-damage|p1a: Alice|40\/100|[from] move: Magma Storm|[partiallytrapped]\n|upkeep\n|turn|16\n|\n|t:|1699754167\n|switch|p2a: Amoonguss|Amoonguss, F|100\/100\n|move|p1a: Alice|Ivy Cudgel|p2a: Amoonguss\n|-resisted|p2a: Amoonguss\n|-damage|p2a: Amoonguss|74\/100\n|\n|-end|p1a: Alice|Magma Storm|[partiallytrapped]|[silent]\n|upkeep\n|turn|17\n|\n|t:|1699754171\n|switch|p1a: Mantra|Slowking-Galar, M, shiny|100\/100\n|move|p2a: Amoonguss|Sludge Bomb|p1a: Mantra\n|-resisted|p1a: Mantra\n|-damage|p1a: Mantra|93\/100\n|\n|upkeep\n|turn|18\n|j| Large_Rodent\n|\n|t:|1699754179\n|switch|p2a: Heatran|Heatran, M|100\/100\n|move|p1a: Mantra|Future Sight|p2a: Heatran\n|-start|p1a: Mantra|move: Future Sight\n|\n|upkeep\n|turn|19\n|\n|t:|1699754185\n|switch|p1a: Alice|Ogerpon-Wellspring, F|40\/100\n|move|p2a: Heatran|Stealth Rock|p1a: Alice\n|-sidestart|p1: Sebas99sevilla|move: Stealth Rock\n|\n|upkeep\n|turn|20\n|\n|t:|1699754194\n|-terastallize|p2a: Heatran|Grass\n|move|p1a: Alice|Ivy Cudgel|p2a: Heatran\n|-resisted|p2a: Heatran\n|-damage|p2a: Heatran|76\/100\n|move|p2a: Heatran|Magma Storm|p1a: Alice|[miss]\n|-miss|p2a: Heatran|p1a: Alice\n|\n|-end|p2a: Heatran|move: Future Sight\n|-damage|p2a: Heatran|40\/100\n|-heal|p2a: Heatran|46\/100|[from] item: Leftovers\n|upkeep\n|turn|21\n|\n|t:|1699754201\n|move|p1a: Alice|Knock Off|p2a: Heatran\n|-damage|p2a: Heatran|13\/100\n|-enditem|p2a: Heatran|Leftovers|[from] move: Knock Off|[of] p1a: Alice\n|move|p2a: Heatran|Magma Storm|p1a: Alice\n|-damage|p1a: Alice|0 fnt\n|faint|p1a: Alice\n|\n|upkeep\n|\n|t:|1699754208\n|switch|p1a: Liberacy|Cinderace, M, shiny, tera:Ice|79\/100\n|turn|22\n|j| lgang007\n|\n|t:|1699754222\n|move|p1a: Liberacy|Tera Blast|p2a: Heatran|[anim] Tera Blast Ice\n|-supereffective|p2a: Heatran\n|-damage|p2a: Heatran|0 fnt\n|faint|p2a: Heatran\n|\n|upkeep\n|l| lgang007\n|\n|t:|1699754223\n|switch|p2a: Iron Hands|Iron Hands|100\/100\n|turn|23\n|\n|t:|1699754227\n|move|p1a: Liberacy|U-turn|p2a: Iron Hands\n|-resisted|p2a: Iron Hands\n|-damage|p2a: Iron Hands|92\/100\n|\n|t:|1699754229\n|switch|p1a: Mantra|Slowking-Galar, M, shiny|100\/100|[from] U-turn\n|-damage|p1a: Mantra|88\/100|[from] Stealth Rock\n|move|p2a: Iron Hands|Swords Dance|p2a: Iron Hands\n|-boost|p2a: Iron Hands|atk|2\n|\n|-heal|p2a: Iron Hands|98\/100|[from] item: Leftovers\n|upkeep\n|turn|24\n|\n|t:|1699754232\n|move|p2a: Iron Hands|Thunder Punch|p1a: Mantra\n|-damage|p1a: Mantra|7\/100\n|move|p1a: Mantra|Future Sight|p2a: Iron Hands\n|-start|p1a: Mantra|move: Future Sight\n|\n|-heal|p2a: Iron Hands|100\/100|[from] item: Leftovers\n|upkeep\n|turn|25\n|\n|t:|1699754235\n|switch|p1a: Scorpiox|Gliscor, M, shiny|38\/100 slp\n|-damage|p1a: Scorpiox|26\/100 slp|[from] Stealth Rock\n|move|p2a: Iron Hands|Ice Punch|p1a: Scorpiox\n|-supereffective|p1a: Scorpiox\n|-damage|p1a: Scorpiox|0 fnt\n|faint|p1a: Scorpiox\n|\n|upkeep\n|\n|t:|1699754240\n|switch|p1a: Overgod|Kingambit, M, shiny|100\/100\n|-damage|p1a: Overgod|94\/100|[from] Stealth Rock\n|-activate|p1a: Overgod|ability: Supreme Overlord\n|-start|p1a: Overgod|fallen3|[silent]\n|turn|26\n|\n|t:|1699754244\n|-end|p2a: Iron Hands|Quark Drive|[silent]\n|switch|p2a: Hoopa|Hoopa-Unbound|12\/100\n|move|p1a: Overgod|Kowtow Cleave|p2a: Hoopa\n|-damage|p2a: Hoopa|0 fnt\n|faint|p2a: Hoopa\n|\n|-hint|Future Sight did not hit because the target is fainted.\n|-heal|p1a: Overgod|100\/100|[from] item: Leftovers\n|upkeep\n|\n|t:|1699754247\n|switch|p2a: Iron Hands|Iron Hands|100\/100\n|turn|27\n|\n|t:|1699754255\n|move|p2a: Iron Hands|Drain Punch|p1a: Overgod\n|-supereffective|p1a: Overgod\n|-damage|p1a: Overgod|0 fnt\n|faint|p1a: Overgod\n|-end|p1a: Overgod|fallen3|[silent]\n|\n|upkeep\n|-message|Sebas99sevilla forfeited.\n|\n|win|mathismathin\n|raw|Sebas99sevilla's rating: 1754 &rarr; <strong>1736<\/strong><br \/>(-18 for losing)\n|raw|mathismathin's rating: 1793 &rarr; <strong>1811<\/strong><br \/>(+18 for winning)\n|l|\u2606Sebas99sevilla\n","uploadtime":1699754268,"views":18,"p1id":"sebas99sevilla","p2id":"mathismathin","formatid":"gen9ou","rating":1736,"private":0,"password":""}