{"id":"gen9ou-1991162372","p1":"ddddddqweasddd","p2":"Zoubarbar","format":"[Gen 9] OU","log":"|j|\u2606ddddddqweasddd\n|j|\u2606Zoubarbar\n|t:|1700052073\n|gametype|singles\n|player|p1|ddddddqweasddd|gentleman|1102\n|player|p2|Zoubarbar|pokemaniac|1104\n|teamsize|p1|6\n|teamsize|p2|6\n|gen|9\n|tier|[Gen 9] OU\n|rated|\n|rule|Sleep Clause Mod: Limit one foe put to sleep\n|rule|Species Clause: Limit one of each Pok\u00e9mon\n|rule|OHKO Clause: OHKO moves are banned\n|rule|Evasion Items Clause: Evasion items are banned\n|rule|Evasion Moves Clause: Evasion moves are banned\n|rule|Endless Battle Clause: Forcing endless battles is banned\n|rule|HP Percentage Mod: HP is shown in percentages\n|clearpoke\n|poke|p1|Zapdos|\n|poke|p1|Slowking-Galar, M|\n|poke|p1|Perrserker, M|\n|poke|p1|Great Tusk|\n|poke|p1|Crawdaunt, F|\n|poke|p1|Mandibuzz, F|\n|poke|p2|Dondozo, F|\n|poke|p2|Corviknight, M|\n|poke|p2|Glimmora, M|\n|poke|p2|Clodsire, M|\n|poke|p2|Garganacl, F|\n|poke|p2|Blissey, F|\n|teampreview\n|\n|t:|1700052113\n|start\n|switch|p1a: Slowking|Slowking-Galar, M|100\/100\n|switch|p2a: Glimmora|Glimmora, M, shiny|100\/100\n|turn|1\n|\n|t:|1700052126\n|move|p2a: Glimmora|Earth Power|p1a: Slowking\n|-supereffective|p1a: Slowking\n|-damage|p1a: Slowking|54\/100\n|move|p1a: Slowking|Future Sight|p2a: Glimmora\n|-start|p1a: Slowking|move: Future Sight\n|\n|upkeep\n|turn|2\n|\n|t:|1700052137\n|switch|p1a: Great Tusk|Great Tusk, shiny|100\/100\n|move|p2a: Glimmora|Earth Power|p1a: Great Tusk\n|-damage|p1a: Great Tusk|57\/100\n|\n|-heal|p1a: Great Tusk|63\/100|[from] item: Leftovers\n|upkeep\n|turn|3\n|\n|t:|1700052154\n|-terastallize|p2a: Glimmora|Grass\n|move|p2a: Glimmora|Energy Ball|p1a: Great Tusk\n|-supereffective|p1a: Great Tusk\n|-damage|p1a: Great Tusk|0 fnt\n|faint|p1a: Great Tusk\n|-end|p1a: Great Tusk|Protosynthesis|[silent]\n|\n|-end|p2a: Glimmora|move: Future Sight\n|-damage|p2a: Glimmora|41\/100\n|upkeep\n|\n|t:|1700052165\n|switch|p1a: Slowking|Slowking-Galar, M|87\/100\n|turn|4\n|\n|t:|1700052171\n|move|p2a: Glimmora|Stealth Rock|p1a: Slowking\n|-sidestart|p1: ddddddqweasddd|move: Stealth Rock\n|move|p1a: Slowking|Ice Beam|p2a: Glimmora\n|-supereffective|p2a: Glimmora\n|-damage|p2a: Glimmora|0 fnt\n|faint|p2a: Glimmora\n|\n|upkeep\n|\n|t:|1700052186\n|switch|p2a: Dondozo|Dondozo, F, shiny|100\/100\n|turn|5\n|\n|t:|1700052195\n|move|p2a: Dondozo|Liquidation|p1a: Slowking\n|-damage|p1a: Slowking|65\/100\n|move|p1a: Slowking|Future Sight|p2a: Dondozo\n|-start|p1a: Slowking|move: Future Sight\n|\n|upkeep\n|turn|6\n|\n|t:|1700052205\n|move|p2a: Dondozo|Liquidation|p1a: Slowking\n|-damage|p1a: Slowking|43\/100\n|move|p1a: Slowking|Chilly Reception|p1a: Slowking\n|-weather|Snow\n|\n|t:|1700052210\n|switch|p1a: Zapdos|Zapdos|100\/100|[from] Chilly Reception\n|\n|-weather|Snow|[upkeep]\n|upkeep\n|turn|7\n|\n|t:|1700052218\n|switch|p2a: Blissey|Blissey, F, shiny|100\/100\n|move|p1a: Zapdos|Volt Switch|p2a: Blissey\n|-damage|p2a: Blissey|92\/100\n|\n|t:|1700052229\n|switch|p1a: Crawdaunt|Crawdaunt, F|100\/100|[from] Volt Switch\n|-damage|p1a: Crawdaunt|88\/100|[from] Stealth Rock\n|\n|-weather|Snow|[upkeep]\n|-end|p2a: Blissey|move: Future Sight\n|-damage|p2a: Blissey|78\/100\n|upkeep\n|turn|8\n|\n|t:|1700052250\n|switch|p2a: Corviknight|Corviknight, M, shiny|100\/100\n|move|p1a: Crawdaunt|Knock Off|p2a: Corviknight\n|-crit|p2a: Corviknight\n|-damage|p2a: Corviknight|0 fnt\n|-enditem|p2a: Corviknight|Leftovers|[from] move: Knock Off|[of] p1a: Crawdaunt\n|faint|p2a: Corviknight\n|\n|-weather|Snow|[upkeep]\n|upkeep\n|\n|t:|1700052262\n|switch|p2a: Dondozo|Dondozo, F, shiny|100\/100\n|turn|9\n|\n|t:|1700052282\n|move|p1a: Crawdaunt|Knock Off|p2a: Dondozo\n|-damage|p2a: Dondozo|55\/100\n|-enditem|p2a: Dondozo|Leftovers|[from] move: Knock Off|[of] p1a: Crawdaunt\n|move|p2a: Dondozo|Curse|p2a: Dondozo\n|-unboost|p2a: Dondozo|spe|1\n|-boost|p2a: Dondozo|atk|1\n|-boost|p2a: Dondozo|def|1\n|\n|-weather|Snow|[upkeep]\n|upkeep\n|turn|10\n|\n|t:|1700052298\n|switch|p1a: Zapdos|Zapdos|100\/100\n|move|p2a: Dondozo|Rest|p2a: Dondozo\n|-status|p2a: Dondozo|slp|[from] move: Rest\n|-heal|p2a: Dondozo|100\/100 slp|[silent]\n|\n|-weather|none\n|upkeep\n|turn|11\n|\n|t:|1700052312\n|switch|p1a: Crawdaunt|Crawdaunt, F|88\/100\n|-damage|p1a: Crawdaunt|76\/100|[from] Stealth Rock\n|switch|p2a: Clodsire|Clodsire, M, shiny|100\/100\n|\n|upkeep\n|turn|12\n|\n|t:|1700052326\n|move|p1a: Crawdaunt|Knock Off|p2a: Clodsire\n|-damage|p2a: Clodsire|0 fnt\n|-enditem|p2a: Clodsire|Leftovers|[from] move: Knock Off|[of] p1a: Crawdaunt\n|faint|p2a: Clodsire\n|\n|upkeep\n|\n|t:|1700052332\n|switch|p2a: Dondozo|Dondozo, F, shiny|100\/100 slp\n|turn|13\n|\n|t:|1700052336\n|switch|p1a: Zapdos|Zapdos|100\/100\n|cant|p2a: Dondozo|slp\n|move|p2a: Dondozo|Sleep Talk|p2a: Dondozo\n|move|p2a: Dondozo|Curse|p2a: Dondozo|[from]move: Sleep Talk\n|-unboost|p2a: Dondozo|spe|1\n|-boost|p2a: Dondozo|atk|1\n|-boost|p2a: Dondozo|def|1\n|\n|upkeep\n|turn|14\n|\n|t:|1700052348\n|switch|p2a: Blissey|Blissey, F, shiny|78\/100\n|move|p1a: Zapdos|Volt Switch|p2a: Blissey\n|-damage|p2a: Blissey|69\/100\n|\n|t:|1700052359\n|switch|p1a: Perrserker|Perrserker, M|100\/100|[from] Volt Switch\n|-damage|p1a: Perrserker|94\/100|[from] Stealth Rock\n|\n|upkeep\n|turn|15\n|\n|t:|1700052368\n|-terastallize|p1a: Perrserker|Steel\n|move|p2a: Blissey|Seismic Toss|p1a: Perrserker\n|-damage|p1a: Perrserker|65\/100\n|move|p1a: Perrserker|Gyro Ball|p2a: Blissey\n|-damage|p2a: Blissey|0 fnt\n|faint|p2a: Blissey\n|\n|upkeep\n|-message|Zoubarbar forfeited.\n|\n|win|ddddddqweasddd\n|raw|ddddddqweasddd's rating: 1102 &rarr; <strong>1127<\/strong><br \/>(+25 for winning)\n|raw|Zoubarbar's rating: 1104 &rarr; <strong>1079<\/strong><br \/>(-25 for losing)\n|l|\u2606Zoubarbar\n","uploadtime":1700052385,"views":7,"p1id":"ddddddqweasddd","p2id":"zoubarbar","formatid":"gen9ou","rating":1079,"private":0,"password":""}