{"id":"gen9ou-1997894121","p1":"HEAVY-DUTY B0OTY","p2":"I E Tass","format":"[Gen 9] OU","log":"|j|\u2606HEAVY-DUTY B0OTY\n|j|\u2606I E Tass\n|inactive|Battle timer is ON: inactive players will automatically lose when time's up.\n|t:|1700864593\n|gametype|singles\n|player|p1|HEAVY-DUTY B0OTY|swimmerf-gen6|\n|player|p2|I E Tass|1|\n|teamsize|p1|6\n|teamsize|p2|6\n|gen|9\n|tier|[Gen 9] OU\n|rated|Tournament battle\n|rule|Sleep Clause Mod: Limit one foe put to sleep\n|rule|Species Clause: Limit one of each Pok\u00e9mon\n|rule|OHKO Clause: OHKO moves are banned\n|rule|Evasion Items Clause: Evasion items are banned\n|rule|Evasion Moves Clause: Evasion moves are banned\n|rule|Endless Battle Clause: Forcing endless battles is banned\n|rule|HP Percentage Mod: HP is shown in percentages\n|clearpoke\n|poke|p1|Cryogonal|\n|poke|p1|Klawf, F|\n|poke|p1|Hariyama, F|\n|poke|p1|Sinistcha|\n|poke|p1|Carbink|\n|poke|p1|Toxicroak, M|\n|poke|p2|Cryogonal|\n|poke|p2|Klawf, M|\n|poke|p2|Hariyama, F|\n|poke|p2|Sinistcha|\n|poke|p2|Carbink|\n|poke|p2|Toxicroak, F|\n|teampreview\n|j|*Lady Monita \u2746\n|c|\u2606HEAVY-DUTY B0OTY|hf\n|c|\u2606I E Tass|glhf\n|\n|t:|1700864606\n|start\n|switch|p1a: Carbink|Carbink|100\/100\n|switch|p2a: Klawf|Klawf, M|100\/100\n|turn|1\n|\n|t:|1700864614\n|move|p2a: Klawf|Stealth Rock|p1a: Carbink\n|-sidestart|p1: HEAVY-DUTY B0OTY|move: Stealth Rock\n|move|p1a: Carbink|Stealth Rock|p2a: Klawf\n|-sidestart|p2: I E Tass|move: Stealth Rock\n|\n|upkeep\n|turn|2\n|\n|t:|1700864618\n|move|p2a: Klawf|Swords Dance|p2a: Klawf\n|-boost|p2a: Klawf|atk|2\n|move|p1a: Carbink|Spikes|p2a: Klawf\n|-sidestart|p2: I E Tass|Spikes\n|\n|upkeep\n|turn|3\n|\n|t:|1700864622\n|move|p2a: Klawf|High Horsepower|p1a: Carbink\n|-supereffective|p1a: Carbink\n|-damage|p1a: Carbink|8\/100\n|-damage|p2a: Klawf|84\/100|[from] item: Rocky Helmet|[of] p1a: Carbink\n|move|p1a: Carbink|Reflect|p1a: Carbink\n|-sidestart|p1: HEAVY-DUTY B0OTY|Reflect\n|\n|upkeep\n|turn|4\n|\n|t:|1700864625\n|move|p2a: Klawf|High Horsepower|p1a: Carbink\n|-supereffective|p1a: Carbink\n|-damage|p1a: Carbink|0 fnt\n|-damage|p2a: Klawf|68\/100|[from] item: Rocky Helmet|[of] p1a: Carbink\n|faint|p1a: Carbink\n|\n|upkeep\n|\n|t:|1700864635\n|switch|p1a: Toxicroak|Toxicroak, M|100\/100\n|-damage|p1a: Toxicroak|94\/100|[from] Stealth Rock\n|turn|5\n|\n|t:|1700864653\n|-terastallize|p2a: Klawf|Ground\n|move|p1a: Toxicroak|Close Combat|p2a: Klawf\n|-damage|p2a: Klawf|7\/100\n|-unboost|p1a: Toxicroak|def|1\n|-unboost|p1a: Toxicroak|spd|1\n|-ability|p2a: Klawf|Anger Shell|boost\n|-boost|p2a: Klawf|atk|1\n|-boost|p2a: Klawf|spa|1\n|-boost|p2a: Klawf|spe|1\n|-unboost|p2a: Klawf|def|1\n|-unboost|p2a: Klawf|spd|1\n|move|p2a: Klawf|High Horsepower|p1a: Toxicroak\n|-supereffective|p1a: Toxicroak\n|-damage|p1a: Toxicroak|0 fnt\n|faint|p1a: Toxicroak\n|\n|upkeep\n|j| Low-Key-G-Mazing\n|\n|t:|1700864665\n|switch|p1a: Hariyama|Hariyama, F|100\/100\n|-damage|p1a: Hariyama|94\/100|[from] Stealth Rock\n|turn|6\n|\n|t:|1700864669\n|move|p1a: Hariyama|Bullet Punch|p2a: Klawf\n|-damage|p2a: Klawf|0 fnt\n|faint|p2a: Klawf\n|\n|upkeep\n|\n|t:|1700864680\n|switch|p2a: Carbink|Carbink|100\/100\n|-damage|p2a: Carbink|88\/100|[from] Stealth Rock\n|-damage|p2a: Carbink|75\/100|[from] Spikes\n|turn|7\n|\n|t:|1700864686\n|-terastallize|p1a: Hariyama|Steel\n|move|p1a: Hariyama|Belly Drum|p1a: Hariyama\n|-damage|p1a: Hariyama|44\/100\n|-setboost|p1a: Hariyama|atk|6|[from] move: Belly Drum\n|-enditem|p1a: Hariyama|Sitrus Berry|[eat]\n|-heal|p1a: Hariyama|69\/100|[from] item: Sitrus Berry\n|move|p2a: Carbink|Reflect|p2a: Carbink\n|-sidestart|p2: I E Tass|Reflect\n|\n|-sideend|p1: HEAVY-DUTY B0OTY|Reflect\n|upkeep\n|turn|8\n|\n|t:|1700864695\n|move|p1a: Hariyama|Drain Punch|p2a: Carbink\n|-damage|p2a: Carbink|38\/100\n|-heal|p1a: Hariyama|83\/100|[from] drain|[of] p2a: Carbink\n|move|p2a: Carbink|Moonblast|p1a: Hariyama\n|-resisted|p1a: Hariyama\n|-damage|p1a: Hariyama|74\/100\n|-unboost|p1a: Hariyama|spa|1\n|\n|upkeep\n|turn|9\n|\n|t:|1700864702\n|switch|p2a: Sinistcha|Sinistcha|100\/100\n|-damage|p2a: Sinistcha|88\/100|[from] Stealth Rock\n|-damage|p2a: Sinistcha|76\/100|[from] Spikes\n|move|p1a: Hariyama|Drain Punch|p2a: Sinistcha\n|-immune|p2a: Sinistcha\n|\n|-heal|p2a: Sinistcha|82\/100|[from] item: Leftovers\n|upkeep\n|turn|10\n|\n|t:|1700864705\n|move|p2a: Sinistcha|Strength Sap|p1a: Hariyama\n|-unboost|p1a: Hariyama|atk|1\n|-heal|p2a: Sinistcha|100\/100\n|move|p1a: Hariyama|Knock Off|p2a: Sinistcha\n|-supereffective|p2a: Sinistcha\n|-damage|p2a: Sinistcha|29\/100\n|-enditem|p2a: Sinistcha|Leftovers|[from] move: Knock Off|[of] p1a: Hariyama\n|\n|upkeep\n|turn|11\n|\n|t:|1700864711\n|move|p2a: Sinistcha|Strength Sap|p1a: Hariyama\n|-unboost|p1a: Hariyama|atk|1\n|-heal|p2a: Sinistcha|100\/100\n|move|p1a: Hariyama|Knock Off|p2a: Sinistcha\n|-supereffective|p2a: Sinistcha\n|-damage|p2a: Sinistcha|64\/100\n|\n|upkeep\n|turn|12\n|\n|t:|1700864716\n|move|p2a: Sinistcha|Strength Sap|p1a: Hariyama\n|-unboost|p1a: Hariyama|atk|1\n|-heal|p2a: Sinistcha|100\/100\n|move|p1a: Hariyama|Knock Off|p2a: Sinistcha\n|-supereffective|p2a: Sinistcha\n|-crit|p2a: Sinistcha\n|-damage|p2a: Sinistcha|0 fnt\n|faint|p2a: Sinistcha\n|\n|upkeep\n|\n|t:|1700864733\n|switch|p2a: Toxicroak|Toxicroak, F|100\/100\n|-damage|p2a: Toxicroak|94\/100|[from] Stealth Rock\n|-damage|p2a: Toxicroak|82\/100|[from] Spikes\n|turn|13\n|\n|t:|1700864744\n|move|p2a: Toxicroak|Vacuum Wave|p1a: Hariyama\n|-supereffective|p1a: Hariyama\n|-damage|p1a: Hariyama|36\/100\n|-damage|p2a: Toxicroak|72\/100|[from] item: Life Orb\n|move|p1a: Hariyama|Bullet Punch|p2a: Toxicroak\n|-damage|p2a: Toxicroak|36\/100\n|\n|upkeep\n|turn|14\n|\n|t:|1700864751\n|switch|p1a: Sinistcha|Sinistcha|100\/100\n|-damage|p1a: Sinistcha|88\/100|[from] Stealth Rock\n|move|p2a: Toxicroak|Vacuum Wave|p1a: Sinistcha\n|-immune|p1a: Sinistcha\n|\n|-heal|p1a: Sinistcha|94\/100|[from] item: Leftovers\n|-sideend|p2: I E Tass|Reflect\n|upkeep\n|turn|15\n|\n|t:|1700864758\n|move|p2a: Toxicroak|Dark Pulse|p1a: Sinistcha\n|-supereffective|p1a: Sinistcha\n|-damage|p1a: Sinistcha|32\/100\n|-damage|p2a: Toxicroak|26\/100|[from] item: Life Orb\n|move|p1a: Sinistcha|Shadow Ball|p2a: Toxicroak\n|-damage|p2a: Toxicroak|0 fnt\n|faint|p2a: Toxicroak\n|\n|-heal|p1a: Sinistcha|38\/100|[from] item: Leftovers\n|upkeep\n|\n|t:|1700864766\n|switch|p2a: Cryogonal|Cryogonal|100\/100\n|turn|16\n|l| Low-Key-G-Mazing\n|j| tboltrider\n|\n|t:|1700864774\n|switch|p1a: Cryogonal|Cryogonal|100\/100\n|move|p2a: Cryogonal|Ice Beam|p1a: Cryogonal\n|-resisted|p1a: Cryogonal\n|-crit|p1a: Cryogonal\n|-damage|p1a: Cryogonal|85\/100\n|\n|upkeep\n|turn|17\n|\n|t:|1700864777\n|move|p2a: Cryogonal|Rapid Spin|p1a: Cryogonal\n|-damage|p1a: Cryogonal|76\/100\n|-boost|p2a: Cryogonal|spe|1\n|-sideend|p2: I E Tass|Spikes|[from] move: Rapid Spin|[of] p2a: Cryogonal\n|-sideend|p2: I E Tass|Stealth Rock|[from] move: Rapid Spin|[of] p2a: Cryogonal\n|move|p1a: Cryogonal|Rapid Spin|p2a: Cryogonal\n|-damage|p2a: Cryogonal|91\/100\n|-boost|p1a: Cryogonal|spe|1\n|-sideend|p1: HEAVY-DUTY B0OTY|Stealth Rock|[from] move: Rapid Spin|[of] p1a: Cryogonal\n|\n|upkeep\n|turn|18\n|l| tboltrider\n|\n|t:|1700864783\n|switch|p2a: Carbink|Carbink|38\/100\n|move|p1a: Cryogonal|Recover|p1a: Cryogonal\n|-heal|p1a: Cryogonal|100\/100\n|\n|upkeep\n|turn|19\n|\n|t:|1700864788\n|move|p1a: Cryogonal|Ice Beam|p2a: Carbink\n|-damage|p2a: Carbink|16\/100\n|move|p2a: Carbink|Reflect|p2a: Carbink\n|-sidestart|p2: I E Tass|Reflect\n|\n|upkeep\n|turn|20\n|\n|t:|1700864798\n|move|p1a: Cryogonal|Ice Beam|p2a: Carbink\n|-damage|p2a: Carbink|0 fnt\n|faint|p2a: Carbink\n|\n|upkeep\n|\n|t:|1700864800\n|switch|p2a: Hariyama|Hariyama, F|100\/100\n|turn|21\n|\n|t:|1700864810\n|move|p2a: Hariyama|Bullet Punch|p1a: Cryogonal\n|-supereffective|p1a: Cryogonal\n|-damage|p1a: Cryogonal|54\/100\n|move|p1a: Cryogonal|Ice Beam|p2a: Hariyama\n|-damage|p2a: Hariyama|80\/100\n|\n|upkeep\n|turn|22\n|\n|t:|1700864816\n|move|p2a: Hariyama|Bullet Punch|p1a: Cryogonal\n|-supereffective|p1a: Cryogonal\n|-damage|p1a: Cryogonal|6\/100\n|move|p1a: Cryogonal|Recover|p1a: Cryogonal\n|-heal|p1a: Cryogonal|56\/100\n|\n|upkeep\n|turn|23\n|\n|t:|1700864821\n|switch|p1a: Hariyama|Hariyama, F, tera:Steel|36\/100\n|move|p2a: Hariyama|Close Combat|p1a: Hariyama\n|-supereffective|p1a: Hariyama\n|-damage|p1a: Hariyama|0 fnt\n|-unboost|p2a: Hariyama|def|1\n|-unboost|p2a: Hariyama|spd|1\n|faint|p1a: Hariyama\n|\n|upkeep\n|\n|t:|1700864824\n|switch|p1a: Sinistcha|Sinistcha|38\/100\n|turn|24\n|\n|t:|1700864829\n|move|p1a: Sinistcha|Strength Sap|p2a: Hariyama\n|-unboost|p2a: Hariyama|atk|1\n|-heal|p1a: Sinistcha|100\/100\n|move|p2a: Hariyama|Knock Off|p1a: Sinistcha\n|-supereffective|p1a: Sinistcha\n|-damage|p1a: Sinistcha|65\/100\n|-enditem|p1a: Sinistcha|Leftovers|[from] move: Knock Off|[of] p2a: Hariyama\n|\n|upkeep\n|turn|25\n|\n|t:|1700864833\n|switch|p2a: Cryogonal|Cryogonal|91\/100\n|move|p1a: Sinistcha|Calm Mind|p1a: Sinistcha\n|-boost|p1a: Sinistcha|spa|1\n|-boost|p1a: Sinistcha|spd|1\n|\n|upkeep\n|turn|26\n|\n|t:|1700864840\n|move|p2a: Cryogonal|Haze|p2a: Cryogonal\n|-clearallboost\n|move|p1a: Sinistcha|Matcha Gotcha|p2a: Cryogonal|[miss]\n|-miss|p1a: Sinistcha|p2a: Cryogonal\n|\n|-sideend|p2: I E Tass|Reflect\n|upkeep\n|turn|27\n|\n|t:|1700864844\n|switch|p1a: Cryogonal|Cryogonal|56\/100\n|move|p2a: Cryogonal|Ice Beam|p1a: Cryogonal\n|-resisted|p1a: Cryogonal\n|-damage|p1a: Cryogonal|45\/100\n|\n|upkeep\n|turn|28\n|\n|t:|1700864848\n|switch|p2a: Hariyama|Hariyama, F|80\/100\n|move|p1a: Cryogonal|Recover|p1a: Cryogonal\n|-heal|p1a: Cryogonal|95\/100\n|\n|upkeep\n|turn|29\n|\n|t:|1700864856\n|switch|p1a: Sinistcha|Sinistcha|65\/100\n|move|p2a: Hariyama|Knock Off|p1a: Sinistcha\n|-supereffective|p1a: Sinistcha\n|-damage|p1a: Sinistcha|30\/100\n|\n|upkeep\n|turn|30\n|\n|t:|1700864859\n|switch|p2a: Cryogonal|Cryogonal|91\/100\n|move|p1a: Sinistcha|Strength Sap|p2a: Cryogonal\n|-unboost|p2a: Cryogonal|atk|1\n|-heal|p1a: Sinistcha|65\/100\n|\n|upkeep\n|turn|31\n|\n|t:|1700864863\n|switch|p2a: Hariyama|Hariyama, F|80\/100\n|switch|p1a: Cryogonal|Cryogonal|95\/100\n|\n|upkeep\n|turn|32\n|\n|t:|1700864867\n|switch|p1a: Sinistcha|Sinistcha|65\/100\n|move|p2a: Hariyama|Knock Off|p1a: Sinistcha\n|-supereffective|p1a: Sinistcha\n|-damage|p1a: Sinistcha|31\/100\n|\n|upkeep\n|turn|33\n|\n|t:|1700864875\n|switch|p2a: Cryogonal|Cryogonal|91\/100\n|move|p1a: Sinistcha|Strength Sap|p2a: Cryogonal\n|-unboost|p2a: Cryogonal|atk|1\n|-heal|p1a: Sinistcha|66\/100\n|\n|upkeep\n|turn|34\n|\n|t:|1700864882\n|switch|p1a: Cryogonal|Cryogonal|95\/100\n|move|p2a: Cryogonal|Ice Beam|p1a: Cryogonal\n|-resisted|p1a: Cryogonal\n|-damage|p1a: Cryogonal|85\/100\n|\n|upkeep\n|turn|35\n|\n|t:|1700864888\n|switch|p1a: Sinistcha|Sinistcha|66\/100\n|move|p2a: Cryogonal|Rapid Spin|p1a: Sinistcha\n|-immune|p1a: Sinistcha\n|\n|upkeep\n|turn|36\n|\n|t:|1700864892\n|switch|p1a: Cryogonal|Cryogonal|85\/100\n|move|p2a: Cryogonal|Ice Beam|p1a: Cryogonal\n|-resisted|p1a: Cryogonal\n|-damage|p1a: Cryogonal|73\/100\n|\n|upkeep\n|turn|37\n|\n|t:|1700864896\n|move|p2a: Cryogonal|Rapid Spin|p1a: Cryogonal\n|-damage|p1a: Cryogonal|66\/100\n|-boost|p2a: Cryogonal|spe|1\n|move|p1a: Cryogonal|Ice Beam|p2a: Cryogonal\n|-resisted|p2a: Cryogonal\n|-damage|p2a: Cryogonal|81\/100\n|\n|upkeep\n|turn|38\n|\n|t:|1700864901\n|move|p2a: Cryogonal|Ice Beam|p1a: Cryogonal\n|-resisted|p1a: Cryogonal\n|-crit|p1a: Cryogonal\n|-damage|p1a: Cryogonal|49\/100\n|move|p1a: Cryogonal|Haze|p1a: Cryogonal\n|-clearallboost\n|\n|upkeep\n|turn|39\n|\n|t:|1700864908\n|switch|p2a: Hariyama|Hariyama, F|80\/100\n|move|p1a: Cryogonal|Recover|p1a: Cryogonal\n|-heal|p1a: Cryogonal|99\/100\n|\n|upkeep\n|turn|40\n|\n|t:|1700864920\n|switch|p1a: Sinistcha|Sinistcha|66\/100\n|move|p2a: Hariyama|Knock Off|p1a: Sinistcha\n|-supereffective|p1a: Sinistcha\n|-damage|p1a: Sinistcha|28\/100\n|\n|upkeep\n|turn|41\n|\n|t:|1700864927\n|switch|p2a: Cryogonal|Cryogonal|81\/100\n|move|p1a: Sinistcha|Strength Sap|p2a: Cryogonal\n|-unboost|p2a: Cryogonal|atk|1\n|-heal|p1a: Sinistcha|63\/100\n|\n|upkeep\n|turn|42\n|\n|t:|1700864939\n|switch|p1a: Klawf|Klawf, F|100\/100\n|move|p2a: Cryogonal|Ice Beam|p1a: Klawf\n|-damage|p1a: Klawf|50\/100\n|-ability|p1a: Klawf|Anger Shell|boost\n|-boost|p1a: Klawf|atk|1\n|-boost|p1a: Klawf|spa|1\n|-boost|p1a: Klawf|spe|1\n|-unboost|p1a: Klawf|def|1\n|-unboost|p1a: Klawf|spd|1\n|-enditem|p1a: Klawf|White Herb\n|-clearnegativeboost|p1a: Klawf|[silent]\n|\n|upkeep\n|turn|43\n|\n|t:|1700864947\n|switch|p2a: Hariyama|Hariyama, F|80\/100\n|move|p1a: Klawf|Brick Break|p2a: Hariyama\n|-damage|p2a: Hariyama|43\/100\n|\n|upkeep\n|turn|44\n|\n|t:|1700864973\n|move|p2a: Hariyama|Bullet Punch|p1a: Klawf\n|-supereffective|p1a: Klawf\n|-damage|p1a: Klawf|20\/100\n|move|p1a: Klawf|Brick Break|p2a: Hariyama\n|-damage|p2a: Hariyama|5\/100\n|\n|upkeep\n|turn|45\n|\n|t:|1700864981\n|move|p2a: Hariyama|Bullet Punch|p1a: Klawf\n|-supereffective|p1a: Klawf\n|-damage|p1a: Klawf|0 fnt\n|faint|p1a: Klawf\n|\n|upkeep\n|\n|t:|1700864985\n|switch|p1a: Sinistcha|Sinistcha|63\/100\n|turn|46\n|\n|t:|1700864990\n|switch|p2a: Cryogonal|Cryogonal|81\/100\n|move|p1a: Sinistcha|Calm Mind|p1a: Sinistcha\n|-boost|p1a: Sinistcha|spa|1\n|-boost|p1a: Sinistcha|spd|1\n|\n|upkeep\n|turn|47\n|\n|t:|1700864994\n|move|p2a: Cryogonal|Haze|p2a: Cryogonal\n|-clearallboost\n|move|p1a: Sinistcha|Matcha Gotcha|p2a: Cryogonal\n|-damage|p2a: Cryogonal|57\/100\n|-heal|p1a: Sinistcha|76\/100|[from] drain|[of] p2a: Cryogonal\n|\n|upkeep\n|turn|48\n|\n|t:|1700864997\n|switch|p1a: Cryogonal|Cryogonal|99\/100\n|move|p2a: Cryogonal|Recover|p2a: Cryogonal\n|-heal|p2a: Cryogonal|100\/100\n|\n|upkeep\n|turn|49\n|\n|t:|1700865001\n|move|p1a: Cryogonal|Rapid Spin|p2a: Cryogonal\n|-damage|p2a: Cryogonal|91\/100\n|-boost|p1a: Cryogonal|spe|1\n|move|p2a: Cryogonal|Rapid Spin|p1a: Cryogonal\n|-damage|p1a: Cryogonal|88\/100\n|-boost|p2a: Cryogonal|spe|1\n|\n|upkeep\n|turn|50\n|\n|t:|1700865004\n|move|p1a: Cryogonal|Rapid Spin|p2a: Cryogonal\n|-damage|p2a: Cryogonal|81\/100\n|-boost|p1a: Cryogonal|spe|1\n|move|p2a: Cryogonal|Rapid Spin|p1a: Cryogonal\n|-damage|p1a: Cryogonal|78\/100\n|-boost|p2a: Cryogonal|spe|1\n|\n|upkeep\n|turn|51\n|\n|t:|1700865007\n|move|p1a: Cryogonal|Rapid Spin|p2a: Cryogonal\n|-damage|p2a: Cryogonal|71\/100\n|-boost|p1a: Cryogonal|spe|1\n|move|p2a: Cryogonal|Rapid Spin|p1a: Cryogonal\n|-damage|p1a: Cryogonal|68\/100\n|-boost|p2a: Cryogonal|spe|1\n|\n|upkeep\n|turn|52\n|\n|t:|1700865012\n|move|p2a: Cryogonal|Rapid Spin|p1a: Cryogonal\n|-damage|p1a: Cryogonal|59\/100\n|-boost|p2a: Cryogonal|spe|1\n|move|p1a: Cryogonal|Rapid Spin|p2a: Cryogonal\n|-damage|p2a: Cryogonal|62\/100\n|-boost|p1a: Cryogonal|spe|1\n|\n|upkeep\n|turn|53\n|\n|t:|1700865021\n|move|p2a: Cryogonal|Rapid Spin|p1a: Cryogonal\n|-damage|p1a: Cryogonal|48\/100\n|-boost|p2a: Cryogonal|spe|1\n|move|p1a: Cryogonal|Recover|p1a: Cryogonal\n|-heal|p1a: Cryogonal|99\/100\n|\n|upkeep\n|turn|54\n|\n|t:|1700865025\n|move|p2a: Cryogonal|Recover|p2a: Cryogonal\n|-heal|p2a: Cryogonal|100\/100\n|move|p1a: Cryogonal|Haze|p1a: Cryogonal\n|-clearallboost\n|\n|upkeep\n|turn|55\n|\n|t:|1700865040\n|move|p2a: Cryogonal|Ice Beam|p1a: Cryogonal\n|-resisted|p1a: Cryogonal\n|-damage|p1a: Cryogonal|89\/100\n|move|p1a: Cryogonal|Rapid Spin|p2a: Cryogonal\n|-damage|p2a: Cryogonal|91\/100\n|-boost|p1a: Cryogonal|spe|1\n|\n|upkeep\n|turn|56\n|\n|t:|1700865043\n|switch|p1a: Sinistcha|Sinistcha|76\/100\n|move|p2a: Cryogonal|Rapid Spin|p1a: Sinistcha\n|-immune|p1a: Sinistcha\n|\n|upkeep\n|turn|57\n|\n|t:|1700865047\n|switch|p1a: Cryogonal|Cryogonal|89\/100\n|move|p2a: Cryogonal|Ice Beam|p1a: Cryogonal\n|-resisted|p1a: Cryogonal\n|-damage|p1a: Cryogonal|79\/100\n|\n|upkeep\n|turn|58\n|\n|t:|1700865053\n|move|p2a: Cryogonal|Rapid Spin|p1a: Cryogonal\n|-damage|p1a: Cryogonal|69\/100\n|-boost|p2a: Cryogonal|spe|1\n|move|p1a: Cryogonal|Rapid Spin|p2a: Cryogonal\n|-damage|p2a: Cryogonal|82\/100\n|-boost|p1a: Cryogonal|spe|1\n|\n|upkeep\n|turn|59\n|\n|t:|1700865058\n|move|p2a: Cryogonal|Rapid Spin|p1a: Cryogonal\n|-damage|p1a: Cryogonal|59\/100\n|-boost|p2a: Cryogonal|spe|1\n|move|p1a: Cryogonal|Rapid Spin|p2a: Cryogonal\n|-damage|p2a: Cryogonal|72\/100\n|-boost|p1a: Cryogonal|spe|1\n|\n|upkeep\n|turn|60\n|\n|t:|1700865061\n|move|p2a: Cryogonal|Rapid Spin|p1a: Cryogonal\n|-damage|p1a: Cryogonal|49\/100\n|-boost|p2a: Cryogonal|spe|1\n|move|p1a: Cryogonal|Rapid Spin|p2a: Cryogonal\n|-damage|p2a: Cryogonal|62\/100\n|-boost|p1a: Cryogonal|spe|1\n|\n|upkeep\n|turn|61\n|\n|t:|1700865066\n|move|p1a: Cryogonal|Recover|p1a: Cryogonal\n|-heal|p1a: Cryogonal|99\/100\n|move|p2a: Cryogonal|Rapid Spin|p1a: Cryogonal\n|-crit|p1a: Cryogonal\n|-damage|p1a: Cryogonal|86\/100\n|-boost|p2a: Cryogonal|spe|1\n|\n|upkeep\n|turn|62\n|\n|t:|1700865085\n|move|p2a: Cryogonal|Recover|p2a: Cryogonal\n|-heal|p2a: Cryogonal|100\/100\n|move|p1a: Cryogonal|Rapid Spin|p2a: Cryogonal\n|-damage|p2a: Cryogonal|90\/100\n|-boost|p1a: Cryogonal|spe|1\n|\n|upkeep\n|turn|63\n|\n|t:|1700865091\n|switch|p1a: Sinistcha|Sinistcha|76\/100\n|move|p2a: Cryogonal|Rapid Spin|p1a: Sinistcha\n|-immune|p1a: Sinistcha\n|\n|upkeep\n|turn|64\n|\n|t:|1700865094\n|move|p2a: Cryogonal|Rapid Spin|p1a: Sinistcha\n|-immune|p1a: Sinistcha\n|move|p1a: Sinistcha|Matcha Gotcha|p2a: Cryogonal\n|-damage|p2a: Cryogonal|67\/100\n|-heal|p1a: Sinistcha|88\/100|[from] drain|[of] p2a: Cryogonal\n|\n|upkeep\n|turn|65\n|\n|t:|1700865100\n|switch|p1a: Cryogonal|Cryogonal|86\/100\n|move|p2a: Cryogonal|Ice Beam|p1a: Cryogonal\n|-resisted|p1a: Cryogonal\n|-damage|p1a: Cryogonal|75\/100\n|\n|upkeep\n|turn|66\n|\n|t:|1700865106\n|move|p2a: Cryogonal|Recover|p2a: Cryogonal\n|-heal|p2a: Cryogonal|100\/100\n|move|p1a: Cryogonal|Rapid Spin|p2a: Cryogonal\n|-damage|p2a: Cryogonal|91\/100\n|-boost|p1a: Cryogonal|spe|1\n|\n|upkeep\n|turn|67\n|\n|t:|1700865109\n|move|p2a: Cryogonal|Rapid Spin|p1a: Cryogonal\n|-damage|p1a: Cryogonal|65\/100\n|-boost|p2a: Cryogonal|spe|1\n|move|p1a: Cryogonal|Rapid Spin|p2a: Cryogonal\n|-damage|p2a: Cryogonal|82\/100\n|-boost|p1a: Cryogonal|spe|1\n|\n|upkeep\n|turn|68\n|\n|t:|1700865115\n|move|p2a: Cryogonal|Rapid Spin|p1a: Cryogonal\n|-damage|p1a: Cryogonal|55\/100\n|-boost|p2a: Cryogonal|spe|1\n|move|p1a: Cryogonal|Rapid Spin|p2a: Cryogonal\n|-damage|p2a: Cryogonal|72\/100\n|-boost|p1a: Cryogonal|spe|1\n|\n|upkeep\n|turn|69\n|\n|t:|1700865121\n|move|p2a: Cryogonal|Rapid Spin|p1a: Cryogonal\n|-damage|p1a: Cryogonal|46\/100\n|move|p1a: Cryogonal|Recover|p1a: Cryogonal\n|-heal|p1a: Cryogonal|96\/100\n|\n|upkeep\n|turn|70\n|\n|t:|1700865129\n|move|p2a: Cryogonal|Rapid Spin|p1a: Cryogonal\n|-damage|p1a: Cryogonal|87\/100\n|move|p1a: Cryogonal|Rapid Spin|p2a: Cryogonal\n|-damage|p2a: Cryogonal|62\/100\n|-boost|p1a: Cryogonal|spe|1\n|\n|upkeep\n|turn|71\n|\n|t:|1700865134\n|move|p2a: Cryogonal|Rapid Spin|p1a: Cryogonal\n|-damage|p1a: Cryogonal|78\/100\n|move|p1a: Cryogonal|Rapid Spin|p2a: Cryogonal\n|-damage|p2a: Cryogonal|53\/100\n|-boost|p1a: Cryogonal|spe|1\n|\n|upkeep\n|turn|72\n|\n|t:|1700865140\n|switch|p1a: Sinistcha|Sinistcha|88\/100\n|move|p2a: Cryogonal|Rapid Spin|p1a: Sinistcha\n|-immune|p1a: Sinistcha\n|\n|upkeep\n|turn|73\n|\n|t:|1700865146\n|move|p2a: Cryogonal|Recover|p2a: Cryogonal\n|-heal|p2a: Cryogonal|100\/100\n|move|p1a: Sinistcha|Matcha Gotcha|p2a: Cryogonal\n|-damage|p2a: Cryogonal|78\/100\n|-heal|p1a: Sinistcha|99\/100|[from] drain|[of] p2a: Cryogonal\n|-status|p2a: Cryogonal|brn\n|\n|-damage|p2a: Cryogonal|72\/100 brn|[from] brn\n|upkeep\n|turn|74\n|\n|t:|1700865150\n|switch|p1a: Cryogonal|Cryogonal|78\/100\n|move|p2a: Cryogonal|Ice Beam|p1a: Cryogonal\n|-resisted|p1a: Cryogonal\n|-damage|p1a: Cryogonal|67\/100\n|\n|-damage|p2a: Cryogonal|66\/100 brn|[from] brn\n|upkeep\n|turn|75\n|\n|t:|1700865157\n|switch|p1a: Sinistcha|Sinistcha|99\/100\n|move|p2a: Cryogonal|Recover|p2a: Cryogonal\n|-heal|p2a: Cryogonal|100\/100 brn\n|\n|-damage|p2a: Cryogonal|94\/100 brn|[from] brn\n|upkeep\n|turn|76\n|\n|t:|1700865163\n|move|p2a: Cryogonal|Ice Beam|p1a: Sinistcha\n|-supereffective|p1a: Sinistcha\n|-damage|p1a: Sinistcha|26\/100\n|move|p1a: Sinistcha|Calm Mind|p1a: Sinistcha\n|-boost|p1a: Sinistcha|spa|1\n|-boost|p1a: Sinistcha|spd|1\n|\n|-damage|p2a: Cryogonal|88\/100 brn|[from] brn\n|upkeep\n|turn|77\n|\n|t:|1700865167\n|switch|p1a: Cryogonal|Cryogonal|67\/100\n|move|p2a: Cryogonal|Ice Beam|p1a: Cryogonal\n|-resisted|p1a: Cryogonal\n|-damage|p1a: Cryogonal|55\/100\n|\n|-damage|p2a: Cryogonal|82\/100 brn|[from] brn\n|upkeep\n|turn|78\n|\n|t:|1700865175\n|move|p2a: Cryogonal|Rapid Spin|p1a: Cryogonal\n|-damage|p1a: Cryogonal|50\/100\n|move|p1a: Cryogonal|Ice Beam|p2a: Cryogonal\n|-resisted|p2a: Cryogonal\n|-damage|p2a: Cryogonal|72\/100 brn\n|\n|-damage|p2a: Cryogonal|66\/100 brn|[from] brn\n|upkeep\n|turn|79\n|\n|t:|1700865179\n|move|p2a: Cryogonal|Rapid Spin|p1a: Cryogonal\n|-damage|p1a: Cryogonal|46\/100\n|move|p1a: Cryogonal|Recover|p1a: Cryogonal\n|-heal|p1a: Cryogonal|96\/100\n|\n|-damage|p2a: Cryogonal|60\/100 brn|[from] brn\n|upkeep\n|turn|80\n|\n|t:|1700865189\n|move|p2a: Cryogonal|Rapid Spin|p1a: Cryogonal\n|-damage|p1a: Cryogonal|91\/100\n|move|p1a: Cryogonal|Rapid Spin|p2a: Cryogonal\n|-damage|p2a: Cryogonal|50\/100 brn\n|-boost|p1a: Cryogonal|spe|1\n|\n|-damage|p2a: Cryogonal|43\/100 brn|[from] brn\n|upkeep\n|turn|81\n|\n|t:|1700865192\n|switch|p1a: Sinistcha|Sinistcha|26\/100\n|move|p2a: Cryogonal|Recover|p2a: Cryogonal\n|-heal|p2a: Cryogonal|94\/100 brn\n|\n|-damage|p2a: Cryogonal|88\/100 brn|[from] brn\n|upkeep\n|turn|82\n|\n|t:|1700865200\n|switch|p2a: Hariyama|Hariyama, F|5\/100\n|switch|p1a: Cryogonal|Cryogonal|91\/100\n|\n|upkeep\n|turn|83\n|\n|t:|1700865204\n|move|p2a: Hariyama|Bullet Punch|p1a: Cryogonal\n|-supereffective|p1a: Cryogonal\n|-damage|p1a: Cryogonal|43\/100\n|move|p1a: Cryogonal|Rapid Spin|p2a: Hariyama\n|-damage|p2a: Hariyama|0 fnt\n|-boost|p1a: Cryogonal|spe|1\n|faint|p2a: Hariyama\n|\n|upkeep\n|\n|t:|1700865208\n|switch|p2a: Cryogonal|Cryogonal|88\/100 brn\n|turn|84\n|\n|t:|1700865216\n|move|p1a: Cryogonal|Rapid Spin|p2a: Cryogonal\n|-damage|p2a: Cryogonal|78\/100 brn\n|-boost|p1a: Cryogonal|spe|1\n|move|p2a: Cryogonal|Haze|p2a: Cryogonal\n|-clearallboost\n|\n|-damage|p2a: Cryogonal|72\/100 brn|[from] brn\n|upkeep\n|turn|85\n|\n|t:|1700865219\n|move|p1a: Cryogonal|Rapid Spin|p2a: Cryogonal\n|-damage|p2a: Cryogonal|63\/100 brn\n|-boost|p1a: Cryogonal|spe|1\n|move|p2a: Cryogonal|Rapid Spin|p1a: Cryogonal\n|-damage|p1a: Cryogonal|39\/100\n|-boost|p2a: Cryogonal|spe|1\n|\n|-damage|p2a: Cryogonal|57\/100 brn|[from] brn\n|upkeep\n|turn|86\n|\n|t:|1700865222\n|move|p2a: Cryogonal|Rapid Spin|p1a: Cryogonal\n|-damage|p1a: Cryogonal|33\/100\n|-boost|p2a: Cryogonal|spe|1\n|move|p1a: Cryogonal|Rapid Spin|p2a: Cryogonal\n|-damage|p2a: Cryogonal|47\/100 brn\n|-boost|p1a: Cryogonal|spe|1\n|\n|-damage|p2a: Cryogonal|40\/100 brn|[from] brn\n|upkeep\n|turn|87\n|\n|t:|1700865225\n|move|p2a: Cryogonal|Recover|p2a: Cryogonal\n|-heal|p2a: Cryogonal|91\/100 brn\n|move|p1a: Cryogonal|Rapid Spin|p2a: Cryogonal\n|-damage|p2a: Cryogonal|80\/100 brn\n|-boost|p1a: Cryogonal|spe|1\n|\n|-damage|p2a: Cryogonal|74\/100 brn|[from] brn\n|upkeep\n|turn|88\n|\n|t:|1700865227\n|move|p1a: Cryogonal|Rapid Spin|p2a: Cryogonal\n|-damage|p2a: Cryogonal|64\/100 brn\n|-boost|p1a: Cryogonal|spe|1\n|move|p2a: Cryogonal|Rapid Spin|p1a: Cryogonal\n|-damage|p1a: Cryogonal|28\/100\n|-boost|p2a: Cryogonal|spe|1\n|\n|-damage|p2a: Cryogonal|58\/100 brn|[from] brn\n|upkeep\n|turn|89\n|\n|t:|1700865231\n|move|p1a: Cryogonal|Rapid Spin|p2a: Cryogonal\n|-damage|p2a: Cryogonal|49\/100 brn\n|-boost|p1a: Cryogonal|spe|1\n|move|p2a: Cryogonal|Rapid Spin|p1a: Cryogonal\n|-damage|p1a: Cryogonal|24\/100\n|-boost|p2a: Cryogonal|spe|1\n|\n|-damage|p2a: Cryogonal|43\/100 brn|[from] brn\n|upkeep\n|turn|90\n|\n|t:|1700865234\n|move|p1a: Cryogonal|Rapid Spin|p2a: Cryogonal\n|-damage|p2a: Cryogonal|34\/100 brn\n|-boost|p1a: Cryogonal|spe|1\n|move|p2a: Cryogonal|Rapid Spin|p1a: Cryogonal\n|-crit|p1a: Cryogonal\n|-damage|p1a: Cryogonal|17\/100\n|-boost|p2a: Cryogonal|spe|1\n|\n|-damage|p2a: Cryogonal|27\/100 brn|[from] brn\n|upkeep\n|turn|91\n|\n|t:|1700865241\n|move|p1a: Cryogonal|Rapid Spin|p2a: Cryogonal\n|-damage|p2a: Cryogonal|18\/100 brn\n|move|p2a: Cryogonal|Rapid Spin|p1a: Cryogonal\n|-damage|p1a: Cryogonal|12\/100\n|-boost|p2a: Cryogonal|spe|1\n|\n|-damage|p2a: Cryogonal|12\/100 brn|[from] brn\n|upkeep\n|turn|92\n|\n|t:|1700865244\n|move|p2a: Cryogonal|Rapid Spin|p1a: Cryogonal\n|-damage|p1a: Cryogonal|8\/100\n|move|p1a: Cryogonal|Rapid Spin|p2a: Cryogonal\n|-damage|p2a: Cryogonal|2\/100 brn\n|\n|-damage|p2a: Cryogonal|0 fnt|[from] brn\n|faint|p2a: Cryogonal\n|\n|win|HEAVY-DUTY B0OTY\n|upkeep\n|n|\u2606HEAVY-DUTY B0OTY|heavydutyb0oty\n|n|\u2606I E Tass|ietass\n|n|*Lady Monita \u2746|ladymonita\n|l|*Lady Monita \u2746\n|c|\u2606HEAVY-DUTY B0OTY|gg\n|c|\u2606I E Tass|gg\n|c|\u2606HEAVY-DUTY B0OTY|that was intense\n|c|\u2606I E Tass|yeah lmao\n|c|\u2606HEAVY-DUTY B0OTY|wp\n|c|\u2606I E Tass|wp u2\n|l|\u2606I E Tass\n","uploadtime":1700866695,"views":3,"p1id":"heavydutyb0oty","p2id":"ietass","formatid":"gen9ou","rating":0,"private":0,"password":""}