{"id":"gen9ou-1991002264","p1":"anemone14th","p2":"Thelaw1307","format":"[Gen 9] OU","log":"|j|\u2606anemone14th\n|j|\u2606Thelaw1307\n|t:|1700026105\n|gametype|singles\n|player|p1|anemone14th|carmine-festival|1196\n|player|p2|Thelaw1307|dawn|1230\n|teamsize|p1|6\n|teamsize|p2|6\n|gen|9\n|tier|[Gen 9] OU\n|rated|\n|rule|Sleep Clause Mod: Limit one foe put to sleep\n|rule|Species Clause: Limit one of each Pok\u00e9mon\n|rule|OHKO Clause: OHKO moves are banned\n|rule|Evasion Items Clause: Evasion items are banned\n|rule|Evasion Moves Clause: Evasion moves are banned\n|rule|Endless Battle Clause: Forcing endless battles is banned\n|rule|HP Percentage Mod: HP is shown in percentages\n|clearpoke\n|poke|p1|Dragonite, M|\n|poke|p1|Kingambit, F|\n|poke|p1|Landorus-Therian, M|\n|poke|p1|Manaphy|\n|poke|p1|Scizor, M|\n|poke|p1|Gengar, M|\n|poke|p2|Mandibuzz, F|\n|poke|p2|Gardevoir, F|\n|poke|p2|Gholdengo|\n|poke|p2|Great Tusk|\n|poke|p2|Quaquaval, M|\n|poke|p2|Ceruledge, M|\n|teampreview\n|\n|t:|1700026133\n|start\n|switch|p1a: dangan|Dragonite, M|100\/100\n|switch|p2a: Gardevoir|Gardevoir, F|100\/100\n|-ability|p2a: Gardevoir|Multiscale|[from] ability: Trace|[of] p1a: dangan\n|turn|1\n|\n|t:|1700026165\n|-terastallize|p1a: dangan|Normal\n|move|p1a: dangan|Dragon Dance|p1a: dangan\n|-boost|p1a: dangan|atk|1\n|-boost|p1a: dangan|spe|1\n|move|p2a: Gardevoir|Psychic|p1a: dangan\n|-damage|p1a: dangan|62\/100\n|\n|-heal|p1a: dangan|68\/100|[from] item: Leftovers\n|upkeep\n|turn|2\n|\n|t:|1700026181\n|move|p1a: dangan|Extreme Speed|p2a: Gardevoir\n|-damage|p2a: Gardevoir|58\/100\n|move|p2a: Gardevoir|Psychic|p1a: dangan\n|-damage|p1a: dangan|0 fnt\n|faint|p1a: dangan\n|\n|upkeep\n|\n|t:|1700026189\n|switch|p1a: Kingambit|Kingambit, F|100\/100\n|-activate|p1a: Kingambit|ability: Supreme Overlord\n|-start|p1a: Kingambit|fallen1|[silent]\n|turn|3\n|\n|t:|1700026198\n|switch|p2a: Great Tusk|Great Tusk|100\/100\n|move|p1a: Kingambit|Kowtow Cleave|p2a: Great Tusk\n|-resisted|p2a: Great Tusk\n|-damage|p2a: Great Tusk|87\/100\n|-damage|p1a: Kingambit|84\/100|[from] item: Rocky Helmet|[of] p2a: Great Tusk\n|\n|-heal|p1a: Kingambit|90\/100|[from] item: Leftovers\n|upkeep\n|turn|4\n|\n|t:|1700026206\n|-end|p1a: Kingambit|fallen1|[silent]\n|switch|p1a: Manaphy|Manaphy|100\/100\n|move|p2a: Great Tusk|Stealth Rock|p1a: Manaphy\n|-sidestart|p1: anemone14th|move: Stealth Rock\n|\n|upkeep\n|turn|5\n|\n|t:|1700026235\n|move|p1a: Manaphy|Surf|p2a: Great Tusk\n|-supereffective|p2a: Great Tusk\n|-damage|p2a: Great Tusk|0 fnt\n|faint|p2a: Great Tusk\n|-end|p2a: Great Tusk|Protosynthesis|[silent]\n|\n|upkeep\n|\n|t:|1700026272\n|switch|p2a: Gardevoir|Gardevoir, F|58\/100\n|-ability|p2a: Gardevoir|Hydration|[from] ability: Trace|[of] p1a: Manaphy\n|turn|6\n|\n|t:|1700026282\n|move|p1a: Manaphy|Tail Glow|p1a: Manaphy\n|-boost|p1a: Manaphy|spa|3\n|move|p2a: Gardevoir|Moonblast|p1a: Manaphy\n|-damage|p1a: Manaphy|36\/100\n|\n|-heal|p1a: Manaphy|43\/100|[from] item: Leftovers\n|upkeep\n|turn|7\n|\n|t:|1700026289\n|move|p1a: Manaphy|Surf|p2a: Gardevoir\n|-damage|p2a: Gardevoir|0 fnt\n|faint|p2a: Gardevoir\n|\n|-heal|p1a: Manaphy|49\/100|[from] item: Leftovers\n|upkeep\n|\n|t:|1700026315\n|switch|p2a: Gholdengo|Gholdengo|100\/100\n|turn|8\n|\n|t:|1700026321\n|move|p2a: Gholdengo|Thunderbolt|p1a: Manaphy\n|-supereffective|p1a: Manaphy\n|-crit|p1a: Manaphy\n|-damage|p1a: Manaphy|0 fnt\n|faint|p1a: Manaphy\n|\n|upkeep\n|\n|t:|1700026328\n|switch|p1a: 30|Gengar, M, shiny|100\/100\n|-damage|p1a: 30|88\/100|[from] Stealth Rock\n|turn|9\n|\n|t:|1700026334\n|switch|p2a: Mandibuzz|Mandibuzz, F|100\/100\n|move|p1a: 30|Shadow Ball|p2a: Mandibuzz\n|-resisted|p2a: Mandibuzz\n|-damage|p2a: Mandibuzz|81\/100\n|\n|upkeep\n|turn|10\n|\n|t:|1700026341\n|move|p1a: 30|Thunder|p2a: Mandibuzz\n|-supereffective|p2a: Mandibuzz\n|-damage|p2a: Mandibuzz|9\/100\n|move|p2a: Mandibuzz|Foul Play|p1a: 30\n|-supereffective|p1a: 30\n|-damage|p1a: 30|24\/100\n|\n|upkeep\n|turn|11\n|\n|t:|1700026348\n|move|p1a: 30|Shadow Ball|p2a: Mandibuzz\n|-resisted|p2a: Mandibuzz\n|-damage|p2a: Mandibuzz|0 fnt\n|faint|p2a: Mandibuzz\n|\n|upkeep\n|\n|t:|1700026373\n|switch|p2a: Ceruledge|Ceruledge, M|100\/100\n|turn|12\n|\n|t:|1700026391\n|move|p2a: Ceruledge|Shadow Sneak|p1a: 30\n|-supereffective|p1a: 30\n|-damage|p1a: 30|0 fnt\n|-start|p2a: Ceruledge|Disable|Shadow Sneak|[from] ability: Cursed Body|[of] p1a: 30\n|faint|p1a: 30\n|\n|upkeep\n|\n|t:|1700026400\n|switch|p1a: Kingambit|Kingambit, F|90\/100\n|-damage|p1a: Kingambit|84\/100|[from] Stealth Rock\n|-activate|p1a: Kingambit|ability: Supreme Overlord\n|-start|p1a: Kingambit|fallen3|[silent]\n|turn|13\n|\n|t:|1700026411\n|move|p2a: Ceruledge|Bitter Blade|p1a: Kingambit\n|-supereffective|p1a: Kingambit\n|-damage|p1a: Kingambit|0 fnt\n|faint|p1a: Kingambit\n|-end|p1a: Kingambit|fallen3|[silent]\n|\n|upkeep\n|\n|t:|1700026417\n|switch|p1a: Landorus|Landorus-Therian, M, shiny|100\/100\n|-damage|p1a: Landorus|88\/100|[from] Stealth Rock\n|-ability|p1a: Landorus|Intimidate|boost\n|-unboost|p2a: Ceruledge|atk|1\n|turn|14\n|\n|t:|1700026424\n|move|p2a: Ceruledge|Swords Dance|p2a: Ceruledge\n|-boost|p2a: Ceruledge|atk|2\n|move|p1a: Landorus|Earthquake|p2a: Ceruledge\n|-supereffective|p2a: Ceruledge\n|-enditem|p2a: Ceruledge|Focus Sash\n|-damage|p2a: Ceruledge|1\/100\n|-ability|p2a: Ceruledge|Weak Armor|boost\n|-unboost|p2a: Ceruledge|def|1\n|-boost|p2a: Ceruledge|spe|2\n|\n|-heal|p1a: Landorus|94\/100|[from] item: Leftovers\n|upkeep\n|turn|15\n|\n|t:|1700026440\n|move|p2a: Ceruledge|Bitter Blade|p1a: Landorus\n|-damage|p1a: Landorus|22\/100\n|-heal|p2a: Ceruledge|40\/100|[from] drain|[of] p1a: Landorus\n|move|p1a: Landorus|Earthquake|p2a: Ceruledge\n|-supereffective|p2a: Ceruledge\n|-damage|p2a: Ceruledge|0 fnt\n|faint|p2a: Ceruledge\n|\n|-heal|p1a: Landorus|28\/100|[from] item: Leftovers\n|upkeep\n|\n|t:|1700026450\n|switch|p2a: Quaquaval|Quaquaval, M|100\/100\n|turn|16\n|\n|t:|1700026456\n|-terastallize|p2a: Quaquaval|Water\n|move|p2a: Quaquaval|Aqua Jet|p1a: Landorus\n|-supereffective|p1a: Landorus\n|-damage|p1a: Landorus|0 fnt\n|faint|p1a: Landorus\n|-ability|p2a: Quaquaval|Moxie|boost\n|-boost|p2a: Quaquaval|atk|1\n|\n|upkeep\n|\n|t:|1700026463\n|switch|p1a: sazabi|Scizor, M|100\/100\n|-damage|p1a: sazabi|88\/100|[from] Stealth Rock\n|turn|17\n|\n|t:|1700026468\n|move|p2a: Quaquaval|Aqua Step|p1a: sazabi\n|-damage|p1a: sazabi|0 fnt\n|-boost|p2a: Quaquaval|spe|1\n|faint|p1a: sazabi\n|\n|win|Thelaw1307\n|raw|anemone14th's rating: 1196 &rarr; <strong>1173<\/strong><br \/>(-23 for losing)\n|raw|Thelaw1307's rating: 1230 &rarr; <strong>1253<\/strong><br \/>(+23 for winning)\n|l|\u2606anemone14th\n","uploadtime":1700026477,"views":25,"p1id":"anemone14th","p2id":"thelaw1307","formatid":"gen9ou","rating":1173,"private":0,"password":""}