{"id":"gen9ou-1994312211","p1":"Shadeshade22","p2":"damn im permaban","format":"[Gen 9] OU","log":"|j|\u2606Shadeshade22\n|j|\u203ddamn im permaban\n|t:|1700429891\n|gametype|singles\n|player|p1|Shadeshade22|266|1106\n|player|p2|damn im permaban|morty|1132\n|teamsize|p1|6\n|teamsize|p2|6\n|gen|9\n|tier|[Gen 9] OU\n|rated|\n|rule|Sleep Clause Mod: Limit one foe put to sleep\n|rule|Species Clause: Limit one of each Pok\u00e9mon\n|rule|OHKO Clause: OHKO moves are banned\n|rule|Evasion Items Clause: Evasion items are banned\n|rule|Evasion Moves Clause: Evasion moves are banned\n|rule|Endless Battle Clause: Forcing endless battles is banned\n|rule|HP Percentage Mod: HP is shown in percentages\n|clearpoke\n|poke|p1|Charizard, F|\n|poke|p1|Salamence, M|\n|poke|p1|Snorlax, M|\n|poke|p1|Gyarados, F|\n|poke|p1|Luxray, M|\n|poke|p1|Amoonguss, F|\n|poke|p2|Landorus-Therian, M|\n|poke|p2|Heatran, F|\n|poke|p2|Clefable, F|\n|poke|p2|Dondozo, F|\n|poke|p2|Corviknight, F|\n|poke|p2|Toxapex, M|\n|teampreview\n|\n|t:|1700429897\n|start\n|switch|p1a: Charizard|Charizard, F|100\/100\n|switch|p2a: Landorus|Landorus-Therian, M|100\/100\n|-ability|p2a: Landorus|Intimidate|boost\n|-unboost|p1a: Charizard|atk|1\n|turn|1\n|\n|t:|1700429904\n|move|p2a: Landorus|Stone Edge|p1a: Charizard\n|-supereffective|p1a: Charizard\n|-damage|p1a: Charizard|0 fnt\n|faint|p1a: Charizard\n|\n|upkeep\n|\n|t:|1700429908\n|switch|p1a: Gyarados|Gyarados, F|100\/100\n|-ability|p1a: Gyarados|Intimidate|boost\n|-unboost|p2a: Landorus|atk|1\n|turn|2\n|\n|t:|1700429921\n|switch|p2a: Corviknight|Corviknight, F|100\/100\n|-ability|p2a: Corviknight|Pressure\n|move|p1a: Gyarados|Ice Beam|p2a: Corviknight\n|-damage|p2a: Corviknight|88\/100\n|\n|-heal|p2a: Corviknight|94\/100|[from] item: Leftovers\n|upkeep\n|turn|3\n|inactive|Battle timer is ON: inactive players will automatically lose when time's up. (requested by Shadeshade22)\n|\n|t:|1700429929\n|move|p1a: Gyarados|Surf|p2a: Corviknight\n|-damage|p2a: Corviknight|75\/100\n|move|p2a: Corviknight|Agility|p2a: Corviknight\n|-boost|p2a: Corviknight|spe|2\n|\n|-heal|p2a: Corviknight|81\/100|[from] item: Leftovers\n|upkeep\n|turn|4\n|\n|t:|1700429937\n|switch|p1a: Salamence|Salamence, M|100\/100\n|move|p2a: Corviknight|Bulk Up|p2a: Corviknight\n|-boost|p2a: Corviknight|atk|1\n|-boost|p2a: Corviknight|def|1\n|\n|-heal|p2a: Corviknight|87\/100|[from] item: Leftovers\n|upkeep\n|turn|5\n|\n|t:|1700429945\n|move|p2a: Corviknight|Bulk Up|p2a: Corviknight\n|-boost|p2a: Corviknight|atk|1\n|-boost|p2a: Corviknight|def|1\n|move|p1a: Salamence|Fire Blast|p2a: Corviknight\n|-supereffective|p2a: Corviknight\n|-damage|p2a: Corviknight|49\/100\n|\n|-heal|p2a: Corviknight|55\/100|[from] item: Leftovers\n|upkeep\n|turn|6\n|\n|t:|1700429955\n|-terastallize|p2a: Corviknight|Dark\n|move|p2a: Corviknight|Roost|p2a: Corviknight\n|-heal|p2a: Corviknight|100\/100\n|move|p1a: Salamence|Fire Blast|p2a: Corviknight\n|-damage|p2a: Corviknight|81\/100\n|\n|-heal|p2a: Corviknight|87\/100|[from] item: Leftovers\n|upkeep\n|turn|7\n|\n|t:|1700429966\n|switch|p1a: Luxray|Luxray, M|100\/100\n|-ability|p1a: Luxray|Intimidate|boost\n|-unboost|p2a: Corviknight|atk|1\n|move|p2a: Corviknight|Power Trip|p1a: Luxray\n|-damage|p1a: Luxray|18\/100\n|\n|-heal|p2a: Corviknight|93\/100|[from] item: Leftovers\n|-heal|p1a: Luxray|24\/100|[from] item: Leftovers\n|upkeep\n|turn|8\n|\n|t:|1700429977\n|move|p2a: Corviknight|Power Trip|p1a: Luxray\n|-damage|p1a: Luxray|0 fnt\n|faint|p1a: Luxray\n|\n|-heal|p2a: Corviknight|99\/100|[from] item: Leftovers\n|upkeep\n|\n|t:|1700429984\n|switch|p1a: Snorlax|Snorlax, M|100\/100\n|turn|9\n|\n|t:|1700429990\n|move|p2a: Corviknight|Bulk Up|p2a: Corviknight\n|-boost|p2a: Corviknight|atk|1\n|-boost|p2a: Corviknight|def|1\n|move|p1a: Snorlax|Counter||[still]\n|-fail|p1a: Snorlax\n|\n|-heal|p2a: Corviknight|100\/100|[from] item: Leftovers\n|upkeep\n|turn|10\n|\n|t:|1700429997\n|move|p2a: Corviknight|Bulk Up|p2a: Corviknight\n|-boost|p2a: Corviknight|atk|1\n|-boost|p2a: Corviknight|def|1\n|move|p1a: Snorlax|Counter||[still]\n|-fail|p1a: Snorlax\n|\n|upkeep\n|turn|11\n|\n|t:|1700430002\n|move|p2a: Corviknight|Bulk Up|p2a: Corviknight\n|-boost|p2a: Corviknight|atk|1\n|-boost|p2a: Corviknight|def|1\n|move|p1a: Snorlax|Counter||[still]\n|-fail|p1a: Snorlax\n|\n|upkeep\n|turn|12\n|\n|t:|1700430008\n|move|p2a: Corviknight|Bulk Up|p2a: Corviknight\n|-boost|p2a: Corviknight|atk|1\n|-boost|p2a: Corviknight|def|1\n|move|p1a: Snorlax|Counter||[still]\n|-fail|p1a: Snorlax\n|\n|upkeep\n|turn|13\n|\n|t:|1700430013\n|move|p2a: Corviknight|Power Trip|p1a: Snorlax\n|-damage|p1a: Snorlax|0 fnt\n|faint|p1a: Snorlax\n|\n|upkeep\n|-message|Shadeshade22 forfeited.\n|\n|win|damn im permaban\n|raw|Shadeshade22's rating: 1106 &rarr; <strong>1083<\/strong><br \/>(-23 for losing)\n|raw|damn im permaban's rating: 1132 &rarr; <strong>1155<\/strong><br \/>(+23 for winning)\n|l|\u2606Shadeshade22\n","uploadtime":1700430024,"views":11,"p1id":"shadeshade22","p2id":"damnimpermaban","formatid":"gen9ou","rating":1083,"private":0,"password":""}