{"id":"gen9ou-1990839637","p1":"moyerf ou","p2":"Just luck and hax","format":"[Gen 9] OU","log":"|j|\u2606moyerf ou\n|j|\u2606Just luck and hax\n|t:|1700006255\n|gametype|singles\n|player|p1|moyerf ou|wattson|1420\n|player|p2|Just luck and hax|steven|1363\n|teamsize|p1|6\n|teamsize|p2|6\n|gen|9\n|tier|[Gen 9] OU\n|rated|\n|rule|Sleep Clause Mod: Limit one foe put to sleep\n|rule|Species Clause: Limit one of each Pok\u00e9mon\n|rule|OHKO Clause: OHKO moves are banned\n|rule|Evasion Items Clause: Evasion items are banned\n|rule|Evasion Moves Clause: Evasion moves are banned\n|rule|Endless Battle Clause: Forcing endless battles is banned\n|rule|HP Percentage Mod: HP is shown in percentages\n|clearpoke\n|poke|p1|Kingambit, F|\n|poke|p1|Great Tusk|\n|poke|p1|Dragapult, M|\n|poke|p1|Ogerpon-Wellspring, F|\n|poke|p1|Blissey, F|\n|poke|p1|Zapdos|\n|poke|p2|Ninetales-Alola, M|\n|poke|p2|Manaphy|\n|poke|p2|Kingambit, F|\n|poke|p2|Dragonite, M|\n|poke|p2|Ceruledge, M|\n|poke|p2|Sinistcha|\n|teampreview\n|inactive|Battle timer is ON: inactive players will automatically lose when time's up. (requested by Just luck and hax)\n|\n|t:|1700006289\n|start\n|switch|p1a: Kingambit|Kingambit, F|100\/100\n|switch|p2a: Ninetales|Ninetales-Alola, M|100\/100\n|-weather|Snow|[from] ability: Snow Warning|[of] p2a: Ninetales\n|turn|1\n|\n|t:|1700006297\n|move|p2a: Ninetales|Aurora Veil|p2a: Ninetales\n|-sidestart|p2: Just luck and hax|move: Aurora Veil\n|move|p1a: Kingambit|Iron Head|p2a: Ninetales\n|-supereffective|p2a: Ninetales\n|-damage|p2a: Ninetales|18\/100\n|\n|-weather|Snow|[upkeep]\n|upkeep\n|turn|2\n|\n|t:|1700006310\n|switch|p2a: Manaphy|Manaphy|100\/100\n|-end|p1a: Kingambit|fallenundefined|[silent]\n|switch|p1a: Great Tusk|Great Tusk|100\/100\n|\n|-weather|Snow|[upkeep]\n|upkeep\n|turn|3\n|\n|t:|1700006321\n|-end|p1a: Great Tusk|Protosynthesis|[silent]\n|switch|p1a: Ogerpon|Ogerpon-Wellspring, F|100\/100\n|move|p2a: Manaphy|Acid Armor|p2a: Manaphy\n|-boost|p2a: Manaphy|def|2\n|\n|-weather|Snow|[upkeep]\n|upkeep\n|turn|4\n|\n|t:|1700006327\n|-terastallize|p2a: Manaphy|Poison\n|move|p1a: Ogerpon|Encore|p2a: Manaphy\n|-start|p2a: Manaphy|Encore\n|move|p2a: Manaphy|Acid Armor|p2a: Manaphy\n|-boost|p2a: Manaphy|def|2\n|\n|-weather|Snow|[upkeep]\n|upkeep\n|turn|5\n|\n|t:|1700006340\n|move|p1a: Ogerpon|Ivy Cudgel|p2a: Manaphy|[anim] Ivy Cudgel Water\n|-damage|p2a: Manaphy|94\/100\n|move|p2a: Manaphy|Acid Armor|p2a: Manaphy\n|-boost|p2a: Manaphy|def|2\n|\n|-weather|none\n|-heal|p2a: Manaphy|99\/100|[from] item: Leftovers\n|upkeep\n|turn|6\n|\n|t:|1700006346\n|move|p1a: Ogerpon|Ivy Cudgel|p2a: Manaphy|[anim] Ivy Cudgel Water\n|-damage|p2a: Manaphy|96\/100\n|move|p2a: Manaphy|Acid Armor|p2a: Manaphy\n|-boost|p2a: Manaphy|def|0\n|\n|-heal|p2a: Manaphy|100\/100|[from] item: Leftovers\n|-end|p2a: Manaphy|Encore\n|upkeep\n|turn|7\n|\n|t:|1700006352\n|move|p1a: Ogerpon|Encore|p2a: Manaphy\n|-start|p2a: Manaphy|Encore\n|move|p2a: Manaphy|Acid Armor|p2a: Manaphy\n|-boost|p2a: Manaphy|def|0\n|\n|upkeep\n|turn|8\n|\n|t:|1700006355\n|move|p1a: Ogerpon|Ivy Cudgel|p2a: Manaphy|[anim] Ivy Cudgel Water\n|-damage|p2a: Manaphy|95\/100\n|move|p2a: Manaphy|Acid Armor|p2a: Manaphy\n|-boost|p2a: Manaphy|def|0\n|\n|-heal|p2a: Manaphy|100\/100|[from] item: Leftovers\n|-sideend|p2: Just luck and hax|move: Aurora Veil\n|upkeep\n|turn|9\n|\n|t:|1700006364\n|move|p1a: Ogerpon|Ivy Cudgel|p2a: Manaphy|[anim] Ivy Cudgel Water\n|-crit|p2a: Manaphy\n|-damage|p2a: Manaphy|43\/100\n|move|p2a: Manaphy|Acid Armor|p2a: Manaphy\n|-boost|p2a: Manaphy|def|0\n|\n|-heal|p2a: Manaphy|49\/100|[from] item: Leftovers\n|-end|p2a: Manaphy|Encore\n|upkeep\n|turn|10\n|inactive|Just luck and hax has 120 seconds left.\n|\n|t:|1700006413\n|move|p1a: Ogerpon|Encore|p2a: Manaphy\n|-start|p2a: Manaphy|Encore\n|move|p2a: Manaphy|Acid Armor|p2a: Manaphy\n|-boost|p2a: Manaphy|def|0\n|\n|-heal|p2a: Manaphy|55\/100|[from] item: Leftovers\n|upkeep\n|turn|11\n|\n|t:|1700006420\n|switch|p1a: Dragapult|Dragapult, M|100\/100\n|move|p2a: Manaphy|Acid Armor|p2a: Manaphy\n|-boost|p2a: Manaphy|def|0\n|\n|-heal|p2a: Manaphy|62\/100|[from] item: Leftovers\n|upkeep\n|turn|12\n|inactive|Just luck and hax has 120 seconds left.\n|inactive|Just luck and hax has 90 seconds left.\n|\n|t:|1700006456\n|move|p1a: Dragapult|Shadow Ball|p2a: Manaphy\n|-damage|p2a: Manaphy|17\/100\n|move|p2a: Manaphy|Acid Armor|p2a: Manaphy\n|-boost|p2a: Manaphy|def|0\n|\n|-heal|p2a: Manaphy|23\/100|[from] item: Leftovers\n|-end|p2a: Manaphy|Encore\n|upkeep\n|turn|13\n|\n|t:|1700006461\n|move|p1a: Dragapult|Shadow Ball|p2a: Manaphy\n|-damage|p2a: Manaphy|0 fnt\n|faint|p2a: Manaphy\n|\n|upkeep\n|\n|t:|1700006464\n|switch|p2a: Ninetales|Ninetales-Alola, M|18\/100\n|-weather|Snow|[from] ability: Snow Warning|[of] p2a: Ninetales\n|turn|14\n|\n|t:|1700006467\n|move|p1a: Dragapult|Shadow Ball|p2a: Ninetales\n|-damage|p2a: Ninetales|0 fnt\n|faint|p2a: Ninetales\n|\n|-weather|Snow|[upkeep]\n|upkeep\n|inactive|Just luck and hax has 90 seconds left.\n|\n|t:|1700006513\n|switch|p2a: Kingambit|Kingambit, F|100\/100\n|-activate|p2a: Kingambit|ability: Supreme Overlord\n|-start|p2a: Kingambit|fallen2|[silent]\n|turn|15\n|\n|t:|1700006525\n|switch|p1a: Great Tusk|Great Tusk|100\/100\n|move|p2a: Kingambit|Sucker Punch||[still]\n|-fail|p2a: Kingambit\n|\n|-weather|Snow|[upkeep]\n|upkeep\n|turn|16\n|inactive|Just luck and hax has 90 seconds left.\n|\n|t:|1700006552\n|-end|p2a: Kingambit|fallen2|[silent]\n|switch|p2a: Sinistcha|Sinistcha|100\/100\n|move|p1a: Great Tusk|Knock Off|p2a: Sinistcha\n|-supereffective|p2a: Sinistcha\n|-damage|p2a: Sinistcha|59\/100\n|-enditem|p2a: Sinistcha|Leftovers|[from] move: Knock Off|[of] p1a: Great Tusk\n|\n|-weather|Snow|[upkeep]\n|upkeep\n|turn|17\n|\n|t:|1700006568\n|-end|p1a: Great Tusk|Protosynthesis|[silent]\n|switch|p1a: Kingambit|Kingambit, F|100\/100\n|move|p2a: Sinistcha|Strength Sap|p1a: Kingambit\n|-unboost|p1a: Kingambit|atk|1\n|-heal|p2a: Sinistcha|100\/100\n|\n|-weather|Snow|[upkeep]\n|upkeep\n|turn|18\n|inactive|Just luck and hax has 60 seconds left.\n|\n|t:|1700006599\n|switch|p2a: Kingambit|Kingambit, F|100\/100\n|-activate|p2a: Kingambit|ability: Supreme Overlord\n|-start|p2a: Kingambit|fallen2|[silent]\n|move|p1a: Kingambit|Kowtow Cleave|p2a: Kingambit\n|-resisted|p2a: Kingambit\n|-damage|p2a: Kingambit|88\/100\n|\n|-weather|none\n|-heal|p2a: Kingambit|95\/100|[from] item: Leftovers\n|upkeep\n|turn|19\n|\n|t:|1700006605\n|-end|p1a: Kingambit|fallenundefined|[silent]\n|switch|p1a: Great Tusk|Great Tusk|100\/100\n|move|p2a: Kingambit|Swords Dance|p2a: Kingambit\n|-boost|p2a: Kingambit|atk|2\n|\n|-heal|p2a: Kingambit|100\/100|[from] item: Leftovers\n|upkeep\n|turn|20\n|\n|t:|1700006615\n|move|p1a: Great Tusk|Earthquake|p2a: Kingambit\n|-supereffective|p2a: Kingambit\n|-damage|p2a: Kingambit|32\/100\n|move|p2a: Kingambit|Iron Head|p1a: Great Tusk\n|-damage|p1a: Great Tusk|33\/100\n|\n|-heal|p1a: Great Tusk|40\/100|[from] item: Leftovers\n|-heal|p2a: Kingambit|39\/100|[from] item: Leftovers\n|upkeep\n|turn|21\n|\n|t:|1700006625\n|-end|p1a: Great Tusk|Protosynthesis|[silent]\n|switch|p1a: Zapdos|Zapdos|100\/100\n|move|p2a: Kingambit|Sucker Punch||[still]\n|-fail|p2a: Kingambit\n|\n|-heal|p2a: Kingambit|45\/100|[from] item: Leftovers\n|upkeep\n|turn|22\n|\n|t:|1700006630\n|move|p1a: Zapdos|Heat Wave|p2a: Kingambit\n|-supereffective|p2a: Kingambit\n|-damage|p2a: Kingambit|0 fnt\n|faint|p2a: Kingambit\n|-end|p2a: Kingambit|fallen2|[silent]\n|\n|upkeep\n|\n|t:|1700006636\n|switch|p2a: Ceruledge|Ceruledge, M|100\/100\n|turn|23\n|\n|t:|1700006643\n|move|p1a: Zapdos|Volt Switch|p2a: Ceruledge\n|-damage|p2a: Ceruledge|78\/100\n|\n|t:|1700006651\n|switch|p1a: Ogerpon|Ogerpon-Wellspring, F|100\/100|[from] Volt Switch\n|move|p2a: Ceruledge|Bulk Up|p2a: Ceruledge\n|-boost|p2a: Ceruledge|atk|1\n|-boost|p2a: Ceruledge|def|1\n|\n|upkeep\n|turn|24\n|\n|t:|1700006664\n|move|p1a: Ogerpon|Ivy Cudgel|p2a: Ceruledge|[anim] Ivy Cudgel Water\n|-supereffective|p2a: Ceruledge\n|-damage|p2a: Ceruledge|0 fnt\n|faint|p2a: Ceruledge\n|\n|upkeep\n|\n|t:|1700006667\n|switch|p2a: Sinistcha|Sinistcha|100\/100\n|turn|25\n|inactive|Just luck and hax has 120 seconds left.\n|\n|t:|1700006673\n|switch|p1a: Zapdos|Zapdos|100\/100\n|move|p2a: Sinistcha|Matcha Gotcha|p1a: Zapdos\n|-resisted|p1a: Zapdos\n|-damage|p1a: Zapdos|86\/100\n|\n|upkeep\n|turn|26\n|\n|t:|1700006675\n|move|p1a: Zapdos|Hurricane|p2a: Sinistcha\n|-supereffective|p2a: Sinistcha\n|-damage|p2a: Sinistcha|0 fnt\n|faint|p2a: Sinistcha\n|\n|upkeep\n|\n|t:|1700006679\n|switch|p2a: Dragonite|Dragonite, M|100\/100\n|turn|27\n|\n|t:|1700006684\n|move|p1a: Zapdos|Volt Switch|p2a: Dragonite\n|-damage|p2a: Dragonite|86\/100\n|-message|Just luck and hax forfeited.\n|\n|win|moyerf ou\n|raw|moyerf ou's rating: 1420 &rarr; <strong>1436<\/strong><br \/>(+16 for winning)\n|raw|Just luck and hax's rating: 1345 &rarr; <strong>1329<\/strong><br \/>(-16 for losing)\n|l|\u2606Just luck and hax\n","uploadtime":1700006865,"views":14,"p1id":"moyerfou","p2id":"justluckandhax","formatid":"gen9ou","rating":1329,"private":0,"password":""}