{"id":"gen9ou-1995272492","p1":"summit_lol","p2":"lord denominator","format":"[Gen 9] OU","log":"|j|\u2606summit_lol\n|j|\u203dlord denominator\n|t:|1700544744\n|gametype|singles\n|player|p1|summit_lol|palmer|1589\n|player|p2|lord denominator|iris-gen5bw2|1705\n|teamsize|p1|6\n|teamsize|p2|6\n|gen|9\n|tier|[Gen 9] OU\n|rated|\n|rule|Sleep Clause Mod: Limit one foe put to sleep\n|rule|Species Clause: Limit one of each Pok\u00e9mon\n|rule|OHKO Clause: OHKO moves are banned\n|rule|Evasion Items Clause: Evasion items are banned\n|rule|Evasion Moves Clause: Evasion moves are banned\n|rule|Endless Battle Clause: Forcing endless battles is banned\n|rule|HP Percentage Mod: HP is shown in percentages\n|clearpoke\n|poke|p1|Manaphy|\n|poke|p1|Kingambit, M|\n|poke|p1|Ribombee, M|\n|poke|p1|Gholdengo|\n|poke|p1|Iron Moth|\n|poke|p1|Ogerpon-Wellspring, F|\n|poke|p2|Cinderace, F|\n|poke|p2|Alomomola, F|\n|poke|p2|Slowking-Galar, F|\n|poke|p2|Kingambit, M|\n|poke|p2|Great Tusk|\n|poke|p2|Thundurus-Therian, M|\n|teampreview\n|inactive|Battle timer is ON: inactive players will automatically lose when time's up. (requested by lord denominator)\n|\n|t:|1700544765\n|start\n|switch|p1a: Ribombee|Ribombee, M, shiny|100\/100\n|switch|p2a: Thundurus|Thundurus-Therian, M|100\/100\n|turn|1\n|\n|t:|1700544793\n|move|p1a: Ribombee|Moonblast|p2a: Thundurus\n|-damage|p2a: Thundurus|45\/100\n|-unboost|p2a: Thundurus|spa|1\n|move|p2a: Thundurus|Volt Switch|p1a: Ribombee\n|-damage|p1a: Ribombee|37\/100\n|\n|t:|1700544807\n|switch|p2a: Cinderace|Cinderace, F|100\/100|[from] Volt Switch\n|\n|upkeep\n|turn|2\n|\n|t:|1700544813\n|-terastallize|p2a: Cinderace|Grass\n|move|p1a: Ribombee|Sticky Web|p2a: Cinderace\n|-sidestart|p2: lord denominator|move: Sticky Web\n|move|p2a: Cinderace|Pyro Ball|p1a: Ribombee\n|-supereffective|p1a: Ribombee\n|-damage|p1a: Ribombee|0 fnt\n|faint|p1a: Ribombee\n|\n|upkeep\n|\n|t:|1700544823\n|switch|p1a: Iron Moth|Iron Moth|100\/100\n|-enditem|p1a: Iron Moth|Booster Energy\n|-activate|p1a: Iron Moth|ability: Quark Drive|[fromitem]\n|-start|p1a: Iron Moth|quarkdrivespe\n|turn|3\n|\n|t:|1700544828\n|switch|p2a: Slowking|Slowking-Galar, F|100\/100\n|move|p1a: Iron Moth|Fiery Dance|p2a: Slowking\n|-damage|p2a: Slowking|76\/100\n|\n|upkeep\n|turn|4\n|\n|t:|1700544835\n|-end|p1a: Iron Moth|Quark Drive|[silent]\n|switch|p1a: Gholdengo|Gholdengo|100\/100\n|-item|p1a: Gholdengo|Air Balloon\n|move|p2a: Slowking|Future Sight|p1a: Gholdengo\n|-start|p2a: Slowking|move: Future Sight\n|\n|upkeep\n|turn|5\n|\n|t:|1700544843\n|move|p1a: Gholdengo|Nasty Plot|p1a: Gholdengo\n|-boost|p1a: Gholdengo|spa|2\n|move|p2a: Slowking|Chilly Reception|p2a: Slowking\n|-weather|Snow\n|\n|t:|1700544851\n|switch|p2a: Cinderace|Cinderace, F, tera:Grass|100\/100|[from] Chilly Reception\n|\n|-weather|Snow|[upkeep]\n|upkeep\n|turn|6\n|\n|t:|1700544869\n|-terastallize|p1a: Gholdengo|Dark\n|move|p2a: Cinderace|Court Change|p2a: Cinderace\n|-swapsideconditions\n|-activate|p2a: Cinderace|move: Court Change\n|move|p1a: Gholdengo|Shadow Ball|p2a: Cinderace\n|-damage|p2a: Cinderace|0 fnt\n|faint|p2a: Cinderace\n|\n|-weather|Snow|[upkeep]\n|-end|p1a: Gholdengo|move: Future Sight\n|-immune|p1a: Gholdengo\n|upkeep\n|\n|t:|1700544884\n|switch|p2a: Kingambit|Kingambit, M|100\/100\n|-activate|p2a: Kingambit|ability: Supreme Overlord\n|-start|p2a: Kingambit|fallen1|[silent]\n|turn|7\n|\n|t:|1700544892\n|move|p1a: Gholdengo|Shadow Ball|p2a: Kingambit\n|-resisted|p2a: Kingambit\n|-damage|p2a: Kingambit|58\/100\n|move|p2a: Kingambit|Iron Head|p1a: Gholdengo\n|-damage|p1a: Gholdengo|51\/100\n|-enditem|p1a: Gholdengo|Air Balloon\n|\n|-weather|Snow|[upkeep]\n|-heal|p2a: Kingambit|64\/100|[from] item: Leftovers\n|upkeep\n|turn|8\n|\n|t:|1700544900\n|move|p1a: Gholdengo|Make It Rain|p2a: Kingambit\n|-resisted|p2a: Kingambit\n|-damage|p2a: Kingambit|6\/100\n|-unboost|p1a: Gholdengo|spa|1\n|move|p2a: Kingambit|Iron Head|p1a: Gholdengo\n|-crit|p1a: Gholdengo\n|-damage|p1a: Gholdengo|0 fnt\n|faint|p1a: Gholdengo\n|\n|-weather|Snow|[upkeep]\n|-heal|p2a: Kingambit|12\/100|[from] item: Leftovers\n|upkeep\n|\n|t:|1700544920\n|switch|p1a: Iron Moth|Iron Moth|100\/100\n|-activate|p1a: Iron Moth|move: Sticky Web\n|-unboost|p1a: Iron Moth|spe|1\n|turn|9\n|\n|t:|1700544927\n|-end|p2a: Kingambit|fallen1|[silent]\n|switch|p2a: Alomomola|Alomomola, F|100\/100\n|move|p1a: Iron Moth|Substitute|p1a: Iron Moth\n|-start|p1a: Iron Moth|Substitute\n|-damage|p1a: Iron Moth|76\/100\n|\n|-weather|none\n|upkeep\n|turn|10\n|\n|t:|1700544933\n|move|p1a: Iron Moth|Psychic|p2a: Alomomola\n|-damage|p2a: Alomomola|71\/100\n|-enditem|p2a: Alomomola|Red Card|[of] p1a: Iron Moth\n|-end|p1a: Iron Moth|Quark Drive|[silent]\n|drag|p1a: fay|Ogerpon-Wellspring, F|100\/100\n|-activate|p1a: fay|move: Sticky Web\n|-unboost|p1a: fay|spe|1\n|move|p2a: Alomomola|Wish|p2a: Alomomola\n|\n|upkeep\n|turn|11\n|\n|t:|1700544941\n|move|p1a: fay|Swords Dance|p1a: fay\n|-boost|p1a: fay|atk|2\n|move|p2a: Alomomola|Acrobatics|p1a: fay\n|-supereffective|p1a: fay\n|-damage|p1a: fay|52\/100\n|\n|-heal|p2a: Alomomola|100\/100|[from] move: Wish|[wisher] Alomomola\n|upkeep\n|turn|12\n|inactive|lord denominator has 120 seconds left.\n|\n|t:|1700544974\n|move|p1a: fay|Power Whip|p2a: Alomomola\n|-supereffective|p2a: Alomomola\n|-damage|p2a: Alomomola|0 fnt\n|faint|p2a: Alomomola\n|\n|upkeep\n|\n|t:|1700544978\n|switch|p2a: Thundurus|Thundurus-Therian, M|45\/100\n|turn|13\n|\n|t:|1700544989\n|move|p2a: Thundurus|Volt Switch|p1a: fay\n|-damage|p1a: fay|0 fnt\n|faint|p1a: fay\n|\n|t:|1700544997\n|switch|p2a: Great Tusk|Great Tusk|100\/100|[from] Volt Switch\n|\n|upkeep\n|\n|t:|1700545002\n|switch|p1a: Iron Moth|Iron Moth|76\/100\n|-activate|p1a: Iron Moth|move: Sticky Web\n|-unboost|p1a: Iron Moth|spe|1\n|turn|14\n|\n|t:|1700545008\n|move|p2a: Great Tusk|Headlong Rush|p1a: Iron Moth\n|-supereffective|p1a: Iron Moth\n|-damage|p1a: Iron Moth|0 fnt\n|-unboost|p2a: Great Tusk|def|1\n|-unboost|p2a: Great Tusk|spd|1\n|faint|p1a: Iron Moth\n|-end|p1a: Iron Moth|Quark Drive|[silent]\n|\n|upkeep\n|\n|t:|1700545011\n|switch|p1a: Manaphy|Manaphy|100\/100\n|-activate|p1a: Manaphy|move: Sticky Web\n|-unboost|p1a: Manaphy|spe|1\n|turn|15\n|\n|t:|1700545019\n|-end|p2a: Great Tusk|Protosynthesis|[silent]\n|switch|p2a: Thundurus|Thundurus-Therian, M|45\/100\n|move|p1a: Manaphy|Acid Armor|p1a: Manaphy\n|-boost|p1a: Manaphy|def|2\n|\n|upkeep\n|turn|16\n|\n|t:|1700545023\n|move|p2a: Thundurus|Volt Switch|p1a: Manaphy\n|-supereffective|p1a: Manaphy\n|-damage|p1a: Manaphy|0 fnt\n|faint|p1a: Manaphy\n|-message|summit_lol forfeited.\n|\n|win|lord denominator\n|raw|summit_lol's rating: 1589 &rarr; <strong>1575<\/strong><br \/>(-14 for losing)\n|raw|lord denominator's rating: 1705 &rarr; <strong>1719<\/strong><br \/>(+14 for winning)\n|l|\u2606summit_lol\n","uploadtime":1700545031,"views":3,"p1id":"summitlol","p2id":"lorddenominator","formatid":"gen9ou","rating":1575,"private":0,"password":""}