{"id":"gen9ou-1994130273","p1":"k0ukou","p2":"konstant threat","format":"[Gen 9] OU","log":"|j|\u2606k0ukou\n|j|\u2606konstant threat\n|t:|1700410455\n|gametype|singles\n|player|p1|k0ukou|ethan|\n|player|p2|konstant threat|acetrainer-gen4dp|\n|teamsize|p1|6\n|teamsize|p2|6\n|gen|9\n|tier|[Gen 9] OU\n|rule|Sleep Clause Mod: Limit one foe put to sleep\n|rule|Species Clause: Limit one of each Pok\u00e9mon\n|rule|OHKO Clause: OHKO moves are banned\n|rule|Evasion Items Clause: Evasion items are banned\n|rule|Evasion Moves Clause: Evasion moves are banned\n|rule|Endless Battle Clause: Forcing endless battles is banned\n|rule|HP Percentage Mod: HP is shown in percentages\n|clearpoke\n|poke|p1|Clodsire, M|\n|poke|p1|Maushold-Four|\n|poke|p1|Kingambit, M|\n|poke|p1|Enamorus, F|\n|poke|p1|Cinderace, M|\n|poke|p1|Cresselia, F|\n|poke|p2|Ninetales-Alola, F|\n|poke|p2|Rillaboom, M|\n|poke|p2|Sneasler, F|\n|poke|p2|Manaphy|\n|poke|p2|Kingambit, F|\n|poke|p2|Iron Valiant|\n|teampreview\n|inactive|Battle timer is ON: inactive players will automatically lose when time's up. (requested by k0ukou)\n|inactive|konstant threat has 270 seconds left.\n|inactive|konstant threat has 240 seconds left.\n|\n|t:|1700410519\n|start\n|switch|p1a: Cinderace|Cinderace, M, shiny|100\/100\n|switch|p2a: Ninetales|Ninetales-Alola, F|100\/100\n|-weather|Snow|[from] ability: Snow Warning|[of] p2a: Ninetales\n|turn|1\n|l|\u2606k0ukou\n|inactive|k0ukou disconnected and has 300 seconds to reconnect!\n|player|p1|\n|inactive|konstant threat has 270 seconds left.\n|inactive|k0ukou has 270 seconds to reconnect!\n|inactive|k0ukou has 240 seconds to reconnect!\n|j|\u2606k0ukou\n|inactive|k0ukou reconnected and has 295 seconds left.\n|player|p1|k0ukou|ethan\n|\n|t:|1700410603\n|move|p2a: Ninetales|Hypnosis|p1a: Cinderace|[miss]\n|-miss|p2a: Ninetales|p1a: Cinderace\n|move|p1a: Cinderace|Gunk Shot|p2a: Ninetales\n|-supereffective|p2a: Ninetales\n|-damage|p2a: Ninetales|42\/100\n|-status|p2a: Ninetales|psn\n|\n|-weather|Snow|[upkeep]\n|-damage|p2a: Ninetales|29\/100 psn|[from] psn\n|upkeep\n|turn|2\n|\n|t:|1700410625\n|switch|p1a: musashi|Kingambit, M, shiny|100\/100\n|-item|p1a: musashi|Air Balloon\n|move|p2a: Ninetales|Hypnosis|p1a: musashi\n|-status|p1a: musashi|slp|[from] move: Hypnosis\n|\n|-weather|Snow|[upkeep]\n|-damage|p2a: Ninetales|17\/100 psn|[from] psn\n|upkeep\n|turn|3\n|inactive|konstant threat has 240 seconds left.\n|inactive|k0ukou has 270 seconds left.\n|\n|t:|1700410651\n|switch|p2a: Manaphy|Manaphy|100\/100\n|-end|p1a: musashi|fallenundefined|[silent]\n|switch|p1a: Enamorus|Enamorus, F, shiny|100\/100\n|\n|-weather|Snow|[upkeep]\n|upkeep\n|turn|4\n|inactive|k0ukou has 270 seconds left.\n|inactive|konstant threat has 240 seconds left.\n|\n|t:|1700410685\n|switch|p2a: Ninetales|Ninetales-Alola, F|17\/100 psn\n|move|p1a: Enamorus|Moonblast|p2a: Ninetales\n|-damage|p2a: Ninetales|0 fnt\n|faint|p2a: Ninetales\n|\n|-weather|Snow|[upkeep]\n|upkeep\n|inactive|konstant threat has 210 seconds left.\n|inactive|konstant threat has 180 seconds left.\n|\n|t:|1700410728\n|switch|p2a: Rillaboom|Rillaboom, M|100\/100\n|-fieldstart|move: Grassy Terrain|[from] ability: Grassy Surge|[of] p2a: Rillaboom\n|turn|5\n|inactive|k0ukou has 270 seconds left.\n|\n|t:|1700410739\n|move|p1a: Enamorus|Mystical Fire|p2a: Rillaboom\n|-supereffective|p2a: Rillaboom\n|-damage|p2a: Rillaboom|24\/100\n|-unboost|p2a: Rillaboom|spa|1\n|move|p2a: Rillaboom|Wood Hammer|p1a: Enamorus\n|-resisted|p1a: Enamorus\n|-damage|p1a: Enamorus|35\/100\n|-damage|p2a: Rillaboom|3\/100|[from] Recoil\n|-damage|p2a: Rillaboom|0 fnt|[from] item: Life Orb\n|faint|p2a: Rillaboom\n|\n|-weather|none\n|upkeep\n|inactive|konstant threat has 180 seconds left.\n|inactive|konstant threat has 150 seconds left.\n|\n|t:|1700410804\n|switch|p2a: Sneasler|Sneasler, F|100\/100\n|-enditem|p2a: Sneasler|Grassy Seed\n|-boost|p2a: Sneasler|def|1|[from] item: Grassy Seed\n|turn|6\n|inactive|k0ukou has 270 seconds left.\n|inactive|konstant threat has 120 seconds left.\n|\n|t:|1700410830\n|switch|p1a: musashi|Kingambit, M, shiny|100\/100 slp\n|-item|p1a: musashi|Air Balloon\n|move|p2a: Sneasler|Acrobatics|p1a: musashi\n|-resisted|p1a: musashi\n|-damage|p1a: musashi|85\/100 slp\n|-enditem|p1a: musashi|Air Balloon\n|\n|-heal|p1a: musashi|91\/100 slp|[from] Grassy Terrain\n|upkeep\n|turn|7\n|inactive|konstant threat has 120 seconds left.\n|inactive|k0ukou has 270 seconds left.\n|\n|t:|1700410855\n|-end|p1a: musashi|fallenundefined|[silent]\n|switch|p1a: Enamorus|Enamorus, F, shiny|35\/100\n|move|p2a: Sneasler|Close Combat|p1a: Enamorus\n|-resisted|p1a: Enamorus\n|-damage|p1a: Enamorus|12\/100\n|-unboost|p2a: Sneasler|def|1\n|-unboost|p2a: Sneasler|spd|1\n|-enditem|p1a: Enamorus|Aguav Berry|[eat]\n|-heal|p1a: Enamorus|45\/100|[from] item: Aguav Berry\n|\n|upkeep\n|turn|8\n|\n|t:|1700410869\n|-terastallize|p2a: Sneasler|Flying\n|move|p2a: Sneasler|Acrobatics|p1a: Enamorus\n|-damage|p1a: Enamorus|0 fnt\n|faint|p1a: Enamorus\n|\n|upkeep\n|\n|t:|1700410884\n|switch|p1a: mpampis|Clodsire, M, shiny|100\/100\n|turn|9\n|inactive|konstant threat has 120 seconds left.\n|\n|t:|1700410905\n|switch|p2a: Manaphy|Manaphy|100\/100\n|move|p1a: mpampis|Poison Jab|p2a: Manaphy\n|-damage|p2a: Manaphy|76\/100\n|\n|-heal|p2a: Manaphy|82\/100|[from] Grassy Terrain\n|-heal|p2a: Manaphy|88\/100|[from] item: Leftovers\n|-fieldend|move: Grassy Terrain\n|upkeep\n|turn|10\n|\n|t:|1700410922\n|move|p2a: Manaphy|Acid Armor|p2a: Manaphy\n|-boost|p2a: Manaphy|def|2\n|move|p1a: mpampis|Earthquake|p2a: Manaphy\n|-damage|p2a: Manaphy|71\/100\n|\n|-heal|p2a: Manaphy|77\/100|[from] item: Leftovers\n|upkeep\n|turn|11\n|\n|t:|1700410947\n|move|p2a: Manaphy|Acid Armor|p2a: Manaphy\n|-boost|p2a: Manaphy|def|2\n|move|p1a: mpampis|Tera Blast|p2a: Manaphy\n|-damage|p2a: Manaphy|66\/100\n|\n|-heal|p2a: Manaphy|72\/100|[from] item: Leftovers\n|upkeep\n|turn|12\n|\n|t:|1700410958\n|switch|p1a: Cresselia|Cresselia, F, shiny|100\/100\n|move|p2a: Manaphy|Take Heart|p2a: Manaphy\n|-boost|p2a: Manaphy|spa|1\n|-boost|p2a: Manaphy|spd|1\n|\n|-heal|p2a: Manaphy|79\/100|[from] item: Leftovers\n|upkeep\n|turn|13\n|inactive|konstant threat has 90 seconds left.\n|inactiveoff|Battle timer is now OFF.\n|\n|t:|1700410994\n|switch|p2a: Kingambit|Kingambit, F|100\/100\n|-activate|p2a: Kingambit|ability: Supreme Overlord\n|-start|p2a: Kingambit|fallen2|[silent]\n|move|p1a: Cresselia|Moonblast|p2a: Kingambit\n|-damage|p2a: Kingambit|62\/100\n|\n|upkeep\n|turn|14\n|\n|t:|1700411008\n|move|p1a: Cresselia|Moonblast|p2a: Kingambit\n|-damage|p2a: Kingambit|20\/100\n|move|p2a: Kingambit|Swords Dance|p2a: Kingambit\n|-boost|p2a: Kingambit|atk|2\n|\n|upkeep\n|turn|15\n|\n|t:|1700411016\n|move|p2a: Kingambit|Sucker Punch|p1a: Cresselia\n|-supereffective|p1a: Cresselia\n|-damage|p1a: Cresselia|0 fnt\n|faint|p1a: Cresselia\n|\n|upkeep\n|\n|t:|1700411024\n|switch|p1a: Cinderace|Cinderace, M, shiny|100\/100\n|turn|16\n|\n|t:|1700411038\n|move|p1a: Cinderace|Pyro Ball|p2a: Kingambit\n|-supereffective|p2a: Kingambit\n|-damage|p2a: Kingambit|0 fnt\n|faint|p2a: Kingambit\n|-end|p2a: Kingambit|fallen2|[silent]\n|\n|upkeep\n|\n|t:|1700411066\n|switch|p2a: Manaphy|Manaphy|79\/100\n|turn|17\n|\n|t:|1700411077\n|switch|p1a: mpampis|Clodsire, M, shiny|100\/100\n|move|p2a: Manaphy|Acid Armor|p2a: Manaphy\n|-boost|p2a: Manaphy|def|2\n|\n|-heal|p2a: Manaphy|85\/100|[from] item: Leftovers\n|upkeep\n|turn|18\n|\n|t:|1700411093\n|move|p2a: Manaphy|Acid Armor|p2a: Manaphy\n|-boost|p2a: Manaphy|def|2\n|move|p1a: mpampis|Tera Blast|p2a: Manaphy\n|-damage|p2a: Manaphy|74\/100\n|\n|-heal|p2a: Manaphy|80\/100|[from] item: Leftovers\n|upkeep\n|turn|19\n|\n|t:|1700411109\n|switch|p1a: Cinderace|Cinderace, M, shiny|100\/100\n|move|p2a: Manaphy|Take Heart|p2a: Manaphy\n|-boost|p2a: Manaphy|spa|1\n|-boost|p2a: Manaphy|spd|1\n|\n|-heal|p2a: Manaphy|86\/100|[from] item: Leftovers\n|upkeep\n|turn|20\n|\n|t:|1700411147\n|move|p2a: Manaphy|Scald|p1a: Cinderace\n|-supereffective|p1a: Cinderace\n|-damage|p1a: Cinderace|0 fnt\n|faint|p1a: Cinderace\n|\n|-heal|p2a: Manaphy|92\/100|[from] item: Leftovers\n|upkeep\n|\n|t:|1700411158\n|switch|p1a: Maushold|Maushold-Four, shiny|100\/100\n|turn|21\n|\n|t:|1700411183\n|move|p2a: Manaphy|Scald|p1a: Maushold\n|-damage|p1a: Maushold|26\/100\n|move|p1a: Maushold|Tidy Up|p1a: Maushold\n|-boost|p1a: Maushold|atk|1\n|-boost|p1a: Maushold|spe|1\n|\n|-heal|p2a: Manaphy|98\/100|[from] item: Leftovers\n|upkeep\n|turn|22\n|\n|t:|1700411200\n|move|p1a: Maushold|U-turn|p2a: Manaphy\n|-damage|p2a: Manaphy|89\/100\n|\n|t:|1700411207\n|switch|p1a: mpampis|Clodsire, M, shiny|100\/100|[from] U-turn\n|move|p2a: Manaphy|Scald|p1a: mpampis\n|-immune|p1a: mpampis|[from] ability: Water Absorb\n|\n|-heal|p2a: Manaphy|96\/100|[from] item: Leftovers\n|upkeep\n|turn|23\n|\n|t:|1700411226\n|move|p2a: Manaphy|Stored Power|p1a: mpampis\n|-supereffective|p1a: mpampis\n|-damage|p1a: mpampis|24\/100\n|move|p1a: mpampis|Poison Jab|p2a: Manaphy\n|-damage|p2a: Manaphy|87\/100\n|-status|p2a: Manaphy|psn\n|\n|-heal|p2a: Manaphy|93\/100 psn|[from] item: Leftovers\n|-damage|p2a: Manaphy|81\/100 psn|[from] psn\n|upkeep\n|turn|24\n|\n|t:|1700411243\n|move|p2a: Manaphy|Take Heart|p2a: Manaphy\n|-boost|p2a: Manaphy|spa|1\n|-boost|p2a: Manaphy|spd|1\n|-curestatus|p2a: Manaphy|psn|[msg]\n|move|p1a: mpampis|Tera Blast|p2a: Manaphy\n|-damage|p2a: Manaphy|75\/100\n|\n|-heal|p2a: Manaphy|81\/100|[from] item: Leftovers\n|upkeep\n|turn|25\n|\n|t:|1700411259\n|switch|p1a: musashi|Kingambit, M, shiny|91\/100 slp\n|-activate|p1a: musashi|ability: Supreme Overlord\n|-start|p1a: musashi|fallen3|[silent]\n|move|p2a: Manaphy|Stored Power|p1a: musashi\n|-immune|p1a: musashi\n|\n|-heal|p2a: Manaphy|87\/100|[from] item: Leftovers\n|upkeep\n|turn|26\n|\n|t:|1700411280\n|move|p2a: Manaphy|Scald|p1a: musashi\n|-damage|p1a: musashi|21\/100 slp\n|cant|p1a: musashi|slp\n|\n|-heal|p2a: Manaphy|93\/100|[from] item: Leftovers\n|upkeep\n|turn|27\n|\n|t:|1700411297\n|move|p2a: Manaphy|Scald|p1a: musashi\n|-damage|p1a: musashi|0 fnt\n|faint|p1a: musashi\n|-end|p1a: musashi|fallen3|[silent]\n|\n|-heal|p2a: Manaphy|99\/100|[from] item: Leftovers\n|upkeep\n|\n|t:|1700411313\n|switch|p1a: mpampis|Clodsire, M, shiny|24\/100\n|turn|28\n|\n|t:|1700411329\n|move|p2a: Manaphy|Stored Power|p1a: mpampis\n|-supereffective|p1a: mpampis\n|-damage|p1a: mpampis|0 fnt\n|faint|p1a: mpampis\n|\n|-heal|p2a: Manaphy|100\/100|[from] item: Leftovers\n|upkeep\n|\n|t:|1700411343\n|switch|p1a: Maushold|Maushold-Four, shiny|26\/100\n|turn|29\n|c|\u2606k0ukou|gg\n|\n|t:|1700411354\n|move|p2a: Manaphy|Stored Power|p1a: Maushold\n|-damage|p1a: Maushold|0 fnt\n|faint|p1a: Maushold\n|\n|win|konstant threat\n|c|\u2606konstant threat|gg\n|l|\u2606k0ukou\n","uploadtime":1700411702,"views":21,"p1id":"k0ukou","p2id":"konstantthreat","formatid":"gen9ou","rating":0,"private":0,"password":""}