{"id":"gen9ou-1998029885","p1":"Teaver the Beaver","p2":"ouvt botolwotol","format":"[Gen 9] OU","log":"|j|\u2606Teaver the Beaver\n|j|\u2606ouvt botolwotol\n|t:|1700881084\n|gametype|singles\n|player|p1|Teaver the Beaver|akari|1625\n|player|p2|ouvt botolwotol|pokemonrangerf-gen4|1572\n|teamsize|p1|6\n|teamsize|p2|6\n|gen|9\n|tier|[Gen 9] OU\n|rated|\n|rule|Sleep Clause Mod: Limit one foe put to sleep\n|rule|Species Clause: Limit one of each Pok\u00e9mon\n|rule|OHKO Clause: OHKO moves are banned\n|rule|Evasion Items Clause: Evasion items are banned\n|rule|Evasion Moves Clause: Evasion moves are banned\n|rule|Endless Battle Clause: Forcing endless battles is banned\n|rule|HP Percentage Mod: HP is shown in percentages\n|clearpoke\n|poke|p1|Torkoal, F|\n|poke|p1|Walking Wake|\n|poke|p1|Slither Wing|\n|poke|p1|Scream Tail|\n|poke|p1|Great Tusk|\n|poke|p1|Brute Bonnet|\n|poke|p2|Rillaboom, F|\n|poke|p2|Tornadus-Therian, M|\n|poke|p2|Ogerpon-Cornerstone, F|\n|poke|p2|Glimmora, F|\n|poke|p2|Greninja-*, M|\n|poke|p2|Iron Valiant|\n|teampreview\n|inactive|Battle timer is ON: inactive players will automatically lose when time's up. (requested by Teaver the Beaver)\n|\n|t:|1700881095\n|start\n|switch|p1a: Walking Wake|Walking Wake|100\/100\n|switch|p2a: Glimmora|Glimmora, F|100\/100\n|turn|1\n|\n|t:|1700881097\n|move|p1a: Walking Wake|Hydro Steam|p2a: Glimmora\n|-supereffective|p2a: Glimmora\n|-enditem|p2a: Glimmora|Focus Sash\n|-damage|p2a: Glimmora|1\/100\n|move|p2a: Glimmora|Stealth Rock|p1a: Walking Wake\n|-sidestart|p1: Teaver the Beaver|move: Stealth Rock\n|\n|upkeep\n|turn|2\n|\n|t:|1700881102\n|move|p1a: Walking Wake|Hydro Steam|p2a: Glimmora\n|-supereffective|p2a: Glimmora\n|-crit|p2a: Glimmora\n|-damage|p2a: Glimmora|0 fnt\n|faint|p2a: Glimmora\n|\n|upkeep\n|\n|t:|1700881104\n|switch|p2a: Rillaboom|Rillaboom, F|100\/100\n|-fieldstart|move: Grassy Terrain|[from] ability: Grassy Surge|[of] p2a: Rillaboom\n|turn|3\n|\n|t:|1700881108\n|-end|p1a: Walking Wake|Protosynthesis|[silent]\n|switch|p1a: Torkoal|Torkoal, F|100\/100\n|-damage|p1a: Torkoal|76\/100|[from] Stealth Rock\n|-weather|SunnyDay|[from] ability: Drought|[of] p1a: Torkoal\n|move|p2a: Rillaboom|Knock Off|p1a: Torkoal\n|-damage|p1a: Torkoal|43\/100\n|-enditem|p1a: Torkoal|Heat Rock|[from] move: Knock Off|[of] p2a: Rillaboom\n|\n|-weather|SunnyDay|[upkeep]\n|-heal|p1a: Torkoal|49\/100|[from] Grassy Terrain\n|upkeep\n|turn|4\n|\n|t:|1700881114\n|move|p2a: Rillaboom|Knock Off|p1a: Torkoal\n|-damage|p1a: Torkoal|28\/100\n|move|p1a: Torkoal|Rapid Spin|p2a: Rillaboom\n|-damage|p2a: Rillaboom|91\/100\n|-boost|p1a: Torkoal|spe|1\n|-sideend|p1: Teaver the Beaver|Stealth Rock|[from] move: Rapid Spin|[of] p1a: Torkoal\n|\n|-weather|SunnyDay|[upkeep]\n|-heal|p2a: Rillaboom|98\/100|[from] Grassy Terrain\n|-heal|p1a: Torkoal|34\/100|[from] Grassy Terrain\n|upkeep\n|turn|5\n|\n|t:|1700881121\n|switch|p2a: Tornadus|Tornadus-Therian, M|100\/100\n|move|p1a: Torkoal|Stealth Rock|p2a: Tornadus\n|-sidestart|p2: ouvt botolwotol|move: Stealth Rock\n|\n|-weather|SunnyDay|[upkeep]\n|-heal|p1a: Torkoal|40\/100|[from] Grassy Terrain\n|upkeep\n|turn|6\n|\n|t:|1700881124\n|switch|p1a: Scream Tail|Scream Tail|100\/100\n|-activate|p1a: Scream Tail|ability: Protosynthesis\n|-start|p1a: Scream Tail|protosynthesisspd\n|move|p2a: Tornadus|Nasty Plot|p2a: Tornadus\n|-boost|p2a: Tornadus|spa|2\n|\n|-weather|SunnyDay|[upkeep]\n|upkeep\n|turn|7\n|\n|t:|1700881128\n|move|p2a: Tornadus|Nasty Plot|p2a: Tornadus\n|-boost|p2a: Tornadus|spa|2\n|move|p1a: Scream Tail|Encore|p2a: Tornadus\n|-start|p2a: Tornadus|Encore\n|\n|-weather|SunnyDay|[upkeep]\n|-fieldend|move: Grassy Terrain\n|upkeep\n|turn|8\n|\n|t:|1700881130\n|-end|p1a: Scream Tail|Protosynthesis|[silent]\n|switch|p1a: Walking Wake|Walking Wake|100\/100\n|-activate|p1a: Walking Wake|ability: Protosynthesis\n|-start|p1a: Walking Wake|protosynthesisspa\n|move|p2a: Tornadus|Nasty Plot|p2a: Tornadus\n|-boost|p2a: Tornadus|spa|2\n|\n|-weather|SunnyDay|[upkeep]\n|upkeep\n|turn|9\n|\n|t:|1700881139\n|switch|p2a: Greninja|Greninja, M|100\/100\n|-damage|p2a: Greninja|88\/100|[from] Stealth Rock\n|move|p1a: Walking Wake|Hydro Steam|p2a: Greninja\n|-resisted|p2a: Greninja\n|-damage|p2a: Greninja|0 fnt\n|faint|p2a: Greninja\n|\n|-weather|SunnyDay|[upkeep]\n|upkeep\n|\n|t:|1700881141\n|switch|p2a: Iron Valiant|Iron Valiant|100\/100\n|-damage|p2a: Iron Valiant|94\/100|[from] Stealth Rock\n|-enditem|p2a: Iron Valiant|Booster Energy\n|-activate|p2a: Iron Valiant|ability: Quark Drive|[fromitem]\n|-start|p2a: Iron Valiant|quarkdrivespe\n|turn|10\n|\n|t:|1700881148\n|-end|p1a: Walking Wake|Protosynthesis|[silent]\n|switch|p1a: Scream Tail|Scream Tail|100\/100\n|-activate|p1a: Scream Tail|ability: Protosynthesis\n|-start|p1a: Scream Tail|protosynthesisspd\n|move|p2a: Iron Valiant|Moonblast|p1a: Scream Tail\n|-damage|p1a: Scream Tail|78\/100\n|\n|-weather|none\n|-end|p1a: Scream Tail|Protosynthesis\n|-heal|p1a: Scream Tail|85\/100|[from] item: Leftovers\n|upkeep\n|turn|11\n|\n|t:|1700881152\n|-end|p2a: Iron Valiant|Quark Drive|[silent]\n|switch|p2a: Rillaboom|Rillaboom, F|98\/100\n|-damage|p2a: Rillaboom|85\/100|[from] Stealth Rock\n|-fieldstart|move: Grassy Terrain|[from] ability: Grassy Surge|[of] p2a: Rillaboom\n|move|p1a: Scream Tail|Dazzling Gleam|p2a: Rillaboom\n|-damage|p2a: Rillaboom|59\/100\n|\n|-heal|p2a: Rillaboom|66\/100|[from] Grassy Terrain\n|-heal|p1a: Scream Tail|91\/100|[from] Grassy Terrain\n|-heal|p1a: Scream Tail|97\/100|[from] item: Leftovers\n|upkeep\n|turn|12\n|\n|t:|1700881155\n|move|p1a: Scream Tail|Protect|p1a: Scream Tail\n|-singleturn|p1a: Scream Tail|Protect\n|move|p2a: Rillaboom|Wood Hammer|p1a: Scream Tail\n|-activate|p1a: Scream Tail|move: Protect\n|\n|-heal|p2a: Rillaboom|72\/100|[from] Grassy Terrain\n|-heal|p1a: Scream Tail|100\/100|[from] Grassy Terrain\n|upkeep\n|turn|13\n|\n|t:|1700881159\n|-end|p1a: Scream Tail|Protosynthesis|[silent]\n|switch|p1a: Torkoal|Torkoal, F|40\/100\n|-weather|SunnyDay|[from] ability: Drought|[of] p1a: Torkoal\n|move|p2a: Rillaboom|Wood Hammer|p1a: Torkoal\n|-resisted|p1a: Torkoal\n|-damage|p1a: Torkoal|3\/100\n|-damage|p2a: Rillaboom|59\/100|[from] Recoil\n|\n|-weather|SunnyDay|[upkeep]\n|-heal|p2a: Rillaboom|65\/100|[from] Grassy Terrain\n|-heal|p1a: Torkoal|9\/100|[from] Grassy Terrain\n|upkeep\n|turn|14\n|\n|t:|1700881163\n|switch|p1a: Brute Bonnet|Brute Bonnet|100\/100\n|-activate|p1a: Brute Bonnet|ability: Protosynthesis\n|-start|p1a: Brute Bonnet|protosynthesisatk\n|move|p2a: Rillaboom|Wood Hammer|p1a: Brute Bonnet\n|-resisted|p1a: Brute Bonnet\n|-damage|p1a: Brute Bonnet|50\/100\n|-damage|p2a: Rillaboom|45\/100|[from] Recoil\n|\n|-weather|SunnyDay|[upkeep]\n|-heal|p2a: Rillaboom|51\/100|[from] Grassy Terrain\n|-heal|p1a: Brute Bonnet|57\/100|[from] Grassy Terrain\n|upkeep\n|turn|15\n|\n|t:|1700881169\n|move|p2a: Rillaboom|Wood Hammer|p1a: Brute Bonnet\n|-resisted|p1a: Brute Bonnet\n|-damage|p1a: Brute Bonnet|5\/100\n|-damage|p2a: Rillaboom|30\/100|[from] Recoil\n|move|p1a: Brute Bonnet|Crunch|p2a: Rillaboom\n|-damage|p2a: Rillaboom|0 fnt\n|faint|p2a: Rillaboom\n|\n|-weather|SunnyDay|[upkeep]\n|-heal|p1a: Brute Bonnet|11\/100|[from] Grassy Terrain\n|-fieldend|move: Grassy Terrain\n|upkeep\n|\n|t:|1700881172\n|switch|p2a: Tornadus|Tornadus-Therian, M|100\/100\n|turn|16\n|\n|t:|1700881174\n|move|p2a: Tornadus|Nasty Plot|p2a: Tornadus\n|-boost|p2a: Tornadus|spa|2\n|move|p1a: Brute Bonnet|Crunch|p2a: Tornadus\n|-damage|p2a: Tornadus|26\/100\n|\n|-weather|SunnyDay|[upkeep]\n|upkeep\n|turn|17\n|\n|t:|1700881179\n|move|p1a: Brute Bonnet|Sucker Punch|p2a: Tornadus\n|-damage|p2a: Tornadus|0 fnt\n|faint|p2a: Tornadus\n|\n|-weather|none\n|-end|p1a: Brute Bonnet|Protosynthesis\n|upkeep\n|-message|ouvt botolwotol forfeited.\n|\n|win|Teaver the Beaver\n|raw|Teaver the Beaver's rating: 1625 &rarr; <strong>1642<\/strong><br \/>(+17 for winning)\n|raw|ouvt botolwotol's rating: 1572 &rarr; <strong>1555<\/strong><br \/>(-17 for losing)\n|l|\u2606ouvt botolwotol\n|l|\u2606Teaver the Beaver\n|j|\u2606ouvt botolwotol\n|player|p2|ouvt botolwotol|pokemonrangerf-gen4\n","uploadtime":1700881208,"views":2,"p1id":"teaverthebeaver","p2id":"ouvtbotolwotol","formatid":"gen9ou","rating":1555,"private":0,"password":""}