{"id":"gen9ou-1996467181","p1":"levigor","p2":"JustTweety","format":"[Gen 9] OU","log":"|j|\u2606levigor\n|j|\u2606JustTweety\n|t:|1700684829\n|gametype|singles\n|player|p1|levigor|169|1208\n|player|p2|JustTweety|rocketgrunt|1139\n|teamsize|p1|6\n|teamsize|p2|6\n|gen|9\n|tier|[Gen 9] OU\n|rated|\n|rule|Sleep Clause Mod: Limit one foe put to sleep\n|rule|Species Clause: Limit one of each Pok\u00e9mon\n|rule|OHKO Clause: OHKO moves are banned\n|rule|Evasion Items Clause: Evasion items are banned\n|rule|Evasion Moves Clause: Evasion moves are banned\n|rule|Endless Battle Clause: Forcing endless battles is banned\n|rule|HP Percentage Mod: HP is shown in percentages\n|clearpoke\n|poke|p1|Gengar, M|\n|poke|p1|Salamence, M|\n|poke|p1|Azumarill, M|\n|poke|p1|Gholdengo|\n|poke|p1|Greninja-*, M|\n|poke|p1|Iron Treads|\n|poke|p2|Kingambit, M|\n|poke|p2|Polteageist|\n|poke|p2|Hatterene, F|\n|poke|p2|Dragonite, F|\n|poke|p2|Clodsire, F|\n|poke|p2|Decidueye-Hisui, F|\n|teampreview\n|\n|t:|1700684839\n|start\n|switch|p1a: Salamence|Salamence, M|100\/100\n|switch|p2a: Itsdamfteapot|Polteageist|100\/100\n|turn|1\n|\n|t:|1700684847\n|move|p1a: Salamence|Dragon Dance|p1a: Salamence\n|-boost|p1a: Salamence|atk|1\n|-boost|p1a: Salamence|spe|1\n|move|p2a: Itsdamfteapot|Shell Smash|p2a: Itsdamfteapot\n|-unboost|p2a: Itsdamfteapot|def|1\n|-unboost|p2a: Itsdamfteapot|spd|1\n|-boost|p2a: Itsdamfteapot|atk|2\n|-boost|p2a: Itsdamfteapot|spa|2\n|-boost|p2a: Itsdamfteapot|spe|2\n|\n|upkeep\n|turn|2\n|\n|t:|1700684856\n|move|p1a: Salamence|Dual Wingbeat|p2a: Itsdamfteapot\n|-damage|p2a: Itsdamfteapot|9\/100\n|-ability|p2a: Itsdamfteapot|Weak Armor|boost\n|-unboost|p2a: Itsdamfteapot|def|1\n|-boost|p2a: Itsdamfteapot|spe|2\n|-damage|p2a: Itsdamfteapot|0 fnt\n|faint|p2a: Itsdamfteapot\n|-ability|p1a: Salamence|Moxie|boost\n|-boost|p1a: Salamence|atk|1\n|-hitcount|p2: Itsdamfteapot|2\n|\n|upkeep\n|\n|t:|1700684869\n|switch|p2a: Lady Lamp|Hatterene, F|100\/100\n|turn|3\n|\n|t:|1700684886\n|-terastallize|p1a: Salamence|Electric\n|move|p1a: Salamence|Tera Blast|p2a: Lady Lamp|[anim] Tera Blast Electric\n|-damage|p2a: Lady Lamp|4\/100\n|move|p2a: Lady Lamp|Trick Room|p2a: Lady Lamp\n|-fieldstart|move: Trick Room|[of] p2a: Lady Lamp\n|\n|upkeep\n|turn|4\n|\n|t:|1700684912\n|move|p2a: Lady Lamp|Giga Drain|p1a: Salamence\n|-damage|p1a: Salamence|62\/100\n|-heal|p2a: Lady Lamp|36\/100|[from] drain|[of] p1a: Salamence\n|move|p1a: Salamence|Tera Blast|p2a: Lady Lamp|[anim] Tera Blast Electric\n|-damage|p2a: Lady Lamp|0 fnt\n|faint|p2a: Lady Lamp\n|-ability|p1a: Salamence|Moxie|boost\n|-boost|p1a: Salamence|atk|1\n|\n|upkeep\n|\n|t:|1700684935\n|switch|p2a: Stupid|Clodsire, F|100\/100\n|turn|5\n|\n|t:|1700684965\n|move|p2a: Stupid|Earthquake|p1a: Salamence\n|-supereffective|p1a: Salamence\n|-damage|p1a: Salamence|0 fnt\n|faint|p1a: Salamence\n|\n|upkeep\n|\n|t:|1700684972\n|switch|p1a: Iron Treads|Iron Treads|100\/100\n|turn|6\n|\n|t:|1700684977\n|move|p2a: Stupid|Earthquake|p1a: Iron Treads\n|-supereffective|p1a: Iron Treads\n|-damage|p1a: Iron Treads|52\/100\n|move|p1a: Iron Treads|Earthquake|p2a: Stupid\n|-supereffective|p2a: Stupid\n|-damage|p2a: Stupid|0 fnt\n|faint|p2a: Stupid\n|\n|upkeep\n|\n|t:|1700684985\n|switch|p2a: PunchyOwl|Decidueye-Hisui, F|100\/100\n|turn|7\n|\n|t:|1700684992\n|move|p2a: PunchyOwl|Leaf Blade|p1a: Iron Treads\n|-damage|p1a: Iron Treads|14\/100\n|move|p1a: Iron Treads|Ice Spinner|p2a: PunchyOwl\n|-supereffective|p2a: PunchyOwl\n|-damage|p2a: PunchyOwl|46\/100\n|\n|-heal|p2a: PunchyOwl|52\/100|[from] item: Leftovers\n|-fieldend|move: Trick Room\n|upkeep\n|turn|8\n|\n|t:|1700685002\n|move|p1a: Iron Treads|Ice Spinner|p2a: PunchyOwl\n|-supereffective|p2a: PunchyOwl\n|-damage|p2a: PunchyOwl|0 fnt\n|faint|p2a: PunchyOwl\n|\n|upkeep\n|\n|t:|1700685008\n|switch|p2a: Chubs|Dragonite, F|100\/100\n|turn|9\n|\n|t:|1700685013\n|move|p2a: Chubs|Extreme Speed|p1a: Iron Treads\n|-resisted|p1a: Iron Treads\n|-damage|p1a: Iron Treads|1\/100\n|move|p1a: Iron Treads|Ice Spinner|p2a: Chubs\n|-supereffective|p2a: Chubs\n|-damage|p2a: Chubs|51\/100\n|\n|-heal|p2a: Chubs|57\/100|[from] item: Leftovers\n|upkeep\n|turn|10\n|\n|t:|1700685023\n|move|p2a: Chubs|Extreme Speed|p1a: Iron Treads\n|-resisted|p1a: Iron Treads\n|-damage|p1a: Iron Treads|0 fnt\n|faint|p1a: Iron Treads\n|-end|p1a: Iron Treads|Quark Drive|[silent]\n|\n|-heal|p2a: Chubs|64\/100|[from] item: Leftovers\n|upkeep\n|\n|t:|1700685029\n|switch|p1a: Gengar|Gengar, M|100\/100\n|turn|11\n|\n|t:|1700685037\n|move|p1a: Gengar|Shadow Ball|p2a: Chubs\n|-damage|p2a: Chubs|29\/100\n|move|p2a: Chubs|Earthquake|p1a: Gengar\n|-supereffective|p1a: Gengar\n|-damage|p1a: Gengar|0 fnt\n|faint|p1a: Gengar\n|\n|-heal|p2a: Chubs|35\/100|[from] item: Leftovers\n|upkeep\n|\n|t:|1700685044\n|switch|p1a: Greninja|Greninja, M|100\/100\n|turn|12\n|\n|t:|1700685056\n|move|p2a: Chubs|Extreme Speed|p1a: Greninja\n|-damage|p1a: Greninja|56\/100\n|move|p1a: Greninja|Dark Pulse|p2a: Chubs\n|-damage|p2a: Chubs|0 fnt\n|faint|p2a: Chubs\n|-ability|p1a: Greninja|Battle Bond|boost\n|-boost|p1a: Greninja|atk|1\n|-boost|p1a: Greninja|spa|1\n|-boost|p1a: Greninja|spe|1\n|-activate|p1a: Greninja|ability: Battle Bond\n|-damage|p1a: Greninja|46\/100|[from] item: Life Orb\n|\n|upkeep\n|\n|t:|1700685068\n|switch|p2a: Bleach|Kingambit, M|100\/100\n|-activate|p2a: Bleach|ability: Supreme Overlord\n|-start|p2a: Bleach|fallen5|[silent]\n|turn|13\n|\n|t:|1700685075\n|move|p1a: Greninja|Dark Pulse|p2a: Bleach\n|-resisted|p2a: Bleach\n|-damage|p2a: Bleach|73\/100\n|-damage|p1a: Greninja|36\/100|[from] item: Life Orb\n|move|p2a: Bleach|Kowtow Cleave|p1a: Greninja\n|-resisted|p1a: Greninja\n|-damage|p1a: Greninja|0 fnt\n|faint|p1a: Greninja\n|\n|upkeep\n|\n|t:|1700685080\n|switch|p1a: Azumarill|Azumarill, M|100\/100\n|turn|14\n|\n|t:|1700685089\n|move|p1a: Azumarill|Belly Drum|p1a: Azumarill\n|-damage|p1a: Azumarill|50\/100\n|-setboost|p1a: Azumarill|atk|6|[from] move: Belly Drum\n|-enditem|p1a: Azumarill|Sitrus Berry|[eat]\n|-heal|p1a: Azumarill|75\/100|[from] item: Sitrus Berry\n|move|p2a: Bleach|Iron Head|p1a: Azumarill\n|-damage|p1a: Azumarill|0 fnt\n|faint|p1a: Azumarill\n|\n|upkeep\n|\n|t:|1700685097\n|switch|p1a: Gholdengo|Gholdengo|100\/100\n|turn|15\n|\n|t:|1700685104\n|move|p2a: Bleach|Sucker Punch|p1a: Gholdengo\n|-supereffective|p1a: Gholdengo\n|-damage|p1a: Gholdengo|0 fnt\n|faint|p1a: Gholdengo\n|\n|win|JustTweety\n|raw|levigor's rating: 1208 &rarr; <strong>1178<\/strong><br \/>(-30 for losing)\n|raw|JustTweety's rating: 1139 &rarr; <strong>1169<\/strong><br \/>(+30 for winning)\n","uploadtime":1700685112,"views":0,"p1id":"levigor","p2id":"justtweety","formatid":"gen9ou","rating":1169,"private":0,"password":""}