{"id":"gen9ou-1992257936","p1":"palestjade","p2":"Dizzydwarf99","format":"[Gen 9] OU","log":"|j|\u2606palestjade\n|j|\u2606Dizzydwarf99\n|t:|1700168391\n|gametype|singles\n|player|p1|palestjade|n|1608\n|player|p2|Dizzydwarf99|rood|1769\n|teamsize|p1|6\n|teamsize|p2|6\n|gen|9\n|tier|[Gen 9] OU\n|rated|\n|rule|Sleep Clause Mod: Limit one foe put to sleep\n|rule|Species Clause: Limit one of each Pok\u00e9mon\n|rule|OHKO Clause: OHKO moves are banned\n|rule|Evasion Items Clause: Evasion items are banned\n|rule|Evasion Moves Clause: Evasion moves are banned\n|rule|Endless Battle Clause: Forcing endless battles is banned\n|rule|HP Percentage Mod: HP is shown in percentages\n|clearpoke\n|poke|p1|Dragapult, F|\n|poke|p1|Maushold|\n|poke|p1|Iron Valiant|\n|poke|p1|Ceruledge, F|\n|poke|p1|Ninetales-Alola, F|\n|poke|p1|Kingambit, F|\n|poke|p2|Arcanine-Hisui, M|\n|poke|p2|Ogerpon-Wellspring, F|\n|poke|p2|Hatterene, F|\n|poke|p2|Slowking-Galar, M|\n|poke|p2|Mandibuzz, F|\n|poke|p2|Sandy Shocks|\n|teampreview\n|inactive|Battle timer is ON: inactive players will automatically lose when time's up. (requested by Dizzydwarf99)\n|inactive|palestjade also wants the timer to be on.\n|\n|t:|1700168408\n|start\n|switch|p1a: kris|Ceruledge, F|100\/100\n|switch|p2a: Arcanine|Arcanine-Hisui, M, shiny|100\/100\n|turn|1\n|\n|t:|1700168428\n|switch|p2a: Sandy Shocks|Sandy Shocks|100\/100\n|switch|p1a: life's a drag|Dragapult, F|100\/100\n|\n|upkeep\n|turn|2\n|\n|t:|1700168434\n|-end|p2a: Sandy Shocks|Protosynthesis|[silent]\n|switch|p2a: Slowking|Slowking-Galar, M|100\/100\n|move|p1a: life's a drag|Draco Meteor|p2a: Slowking\n|-damage|p2a: Slowking|62\/100\n|-unboost|p1a: life's a drag|spa|2\n|\n|upkeep\n|turn|3\n|\n|t:|1700168437\n|switch|p1a: aurora|Ninetales-Alola, F|100\/100\n|-weather|Snow|[from] ability: Snow Warning|[of] p1a: aurora\n|move|p2a: Slowking|Sludge Bomb|p1a: aurora\n|-supereffective|p1a: aurora\n|-damage|p1a: aurora|28\/100\n|\n|-weather|Snow|[upkeep]\n|upkeep\n|turn|4\n|\n|t:|1700168442\n|move|p1a: aurora|Aurora Veil|p1a: aurora\n|-sidestart|p1: palestjade|move: Aurora Veil\n|move|p2a: Slowking|Sludge Bomb|p1a: aurora\n|-supereffective|p1a: aurora\n|-damage|p1a: aurora|0 fnt\n|faint|p1a: aurora\n|\n|-weather|Snow|[upkeep]\n|upkeep\n|\n|t:|1700168454\n|switch|p1a: kris|Ceruledge, F|100\/100\n|turn|5\n|\n|t:|1700168455\n|switch|p2a: Mandibuzz|Mandibuzz, F|100\/100\n|move|p1a: kris|Bulk Up|p1a: kris\n|-boost|p1a: kris|atk|1\n|-boost|p1a: kris|def|1\n|\n|-weather|Snow|[upkeep]\n|upkeep\n|turn|6\n|\n|t:|1700168460\n|move|p1a: kris|Bulk Up|p1a: kris\n|-boost|p1a: kris|atk|1\n|-boost|p1a: kris|def|1\n|move|p2a: Mandibuzz|Iron Defense|p2a: Mandibuzz\n|-boost|p2a: Mandibuzz|def|2\n|\n|-weather|Snow|[upkeep]\n|upkeep\n|turn|7\n|\n|t:|1700168463\n|move|p1a: kris|Bulk Up|p1a: kris\n|-boost|p1a: kris|atk|1\n|-boost|p1a: kris|def|1\n|move|p2a: Mandibuzz|Iron Defense|p2a: Mandibuzz\n|-boost|p2a: Mandibuzz|def|2\n|\n|-weather|none\n|upkeep\n|turn|8\n|\n|t:|1700168465\n|move|p1a: kris|Bulk Up|p1a: kris\n|-boost|p1a: kris|atk|1\n|-boost|p1a: kris|def|1\n|move|p2a: Mandibuzz|Iron Defense|p2a: Mandibuzz\n|-boost|p2a: Mandibuzz|def|2\n|\n|upkeep\n|turn|9\n|\n|t:|1700168467\n|move|p1a: kris|Bulk Up|p1a: kris\n|-boost|p1a: kris|atk|1\n|-boost|p1a: kris|def|1\n|move|p2a: Mandibuzz|Foul Play|p1a: kris\n|-supereffective|p1a: kris\n|-damage|p1a: kris|38\/100\n|\n|upkeep\n|turn|10\n|\n|t:|1700168471\n|move|p1a: kris|Bitter Blade|p2a: Mandibuzz\n|-damage|p2a: Mandibuzz|76\/100\n|-heal|p1a: kris|53\/100|[from] drain|[of] p2a: Mandibuzz\n|move|p2a: Mandibuzz|Foul Play|p1a: kris\n|-supereffective|p1a: kris\n|-damage|p1a: kris|0 fnt\n|faint|p1a: kris\n|\n|upkeep\n|\n|t:|1700168476\n|switch|p1a: gender|Iron Valiant|100\/100\n|-enditem|p1a: gender|Booster Energy\n|-activate|p1a: gender|ability: Quark Drive|[fromitem]\n|-start|p1a: gender|quarkdrivespe\n|turn|11\n|\n|t:|1700168480\n|switch|p2a: Slowking|Slowking-Galar, M|95\/100\n|move|p1a: gender|Calm Mind|p1a: gender\n|-boost|p1a: gender|spa|1\n|-boost|p1a: gender|spd|1\n|\n|-sideend|p1: palestjade|move: Aurora Veil\n|upkeep\n|turn|12\n|\n|t:|1700168483\n|move|p1a: gender|Psyshock|p2a: Slowking\n|-damage|p2a: Slowking|58\/100\n|move|p2a: Slowking|Sludge Bomb|p1a: gender\n|-supereffective|p1a: gender\n|-damage|p1a: gender|8\/100\n|\n|upkeep\n|turn|13\n|\n|t:|1700168486\n|move|p1a: gender|Psyshock|p2a: Slowking\n|-damage|p2a: Slowking|20\/100\n|move|p2a: Slowking|Sludge Bomb|p1a: gender\n|-supereffective|p1a: gender\n|-damage|p1a: gender|0 fnt\n|faint|p1a: gender\n|-end|p1a: gender|Quark Drive|[silent]\n|\n|upkeep\n|\n|t:|1700168489\n|switch|p1a: Maushold|Maushold|100\/100\n|turn|14\n|\n|t:|1700168499\n|move|p1a: Maushold|Tidy Up|p1a: Maushold\n|-boost|p1a: Maushold|atk|1\n|-boost|p1a: Maushold|spe|1\n|move|p2a: Slowking|Sludge Bomb|p1a: Maushold\n|-damage|p1a: Maushold|46\/100\n|-status|p1a: Maushold|psn\n|\n|-damage|p1a: Maushold|34\/100 psn|[from] psn\n|upkeep\n|turn|15\n|\n|t:|1700168502\n|move|p1a: Maushold|Bite|p2a: Slowking\n|-supereffective|p2a: Slowking\n|-damage|p2a: Slowking|0 fnt\n|faint|p2a: Slowking\n|\n|-damage|p1a: Maushold|21\/100 psn|[from] psn\n|upkeep\n|\n|t:|1700168519\n|switch|p2a: Arcanine|Arcanine-Hisui, M, shiny|100\/100\n|turn|16\n|\n|t:|1700168525\n|move|p2a: Arcanine|Extreme Speed|p1a: Maushold\n|-damage|p1a: Maushold|0 fnt\n|faint|p1a: Maushold\n|\n|upkeep\n|\n|t:|1700168528\n|switch|p1a: life's a drag|Dragapult, F|100\/100\n|turn|17\n|\n|t:|1700168533\n|switch|p2a: Hatterene|Hatterene, F, shiny|100\/100\n|move|p1a: life's a drag|Hydro Pump|p2a: Hatterene\n|-damage|p2a: Hatterene|50\/100\n|\n|upkeep\n|turn|18\n|\n|t:|1700168535\n|move|p1a: life's a drag|Hydro Pump|p2a: Hatterene\n|-damage|p2a: Hatterene|2\/100\n|move|p2a: Hatterene|Draining Kiss|p1a: life's a drag\n|-supereffective|p1a: life's a drag\n|-damage|p1a: life's a drag|13\/100\n|-heal|p2a: Hatterene|68\/100|[from] drain|[of] p1a: life's a drag\n|\n|upkeep\n|turn|19\n|\n|t:|1700168538\n|move|p1a: life's a drag|Hydro Pump|p2a: Hatterene\n|-damage|p2a: Hatterene|14\/100\n|move|p2a: Hatterene|Draining Kiss|p1a: life's a drag\n|-supereffective|p1a: life's a drag\n|-damage|p1a: life's a drag|0 fnt\n|-heal|p2a: Hatterene|23\/100|[from] drain|[of] p1a: life's a drag\n|faint|p1a: life's a drag\n|\n|upkeep\n|\n|t:|1700168540\n|switch|p1a: deadcoin|Kingambit, F|100\/100\n|-activate|p1a: deadcoin|ability: Supreme Overlord\n|-start|p1a: deadcoin|fallen5|[silent]\n|turn|20\n|\n|t:|1700168542\n|move|p1a: deadcoin|Swords Dance|p1a: deadcoin\n|-boost|p1a: deadcoin|atk|2\n|move|p2a: Hatterene|Draining Kiss|p1a: deadcoin\n|-damage|p1a: deadcoin|61\/100\n|-heal|p2a: Hatterene|55\/100|[from] drain|[of] p1a: deadcoin\n|\n|upkeep\n|turn|21\n|\n|t:|1700168545\n|move|p1a: deadcoin|Iron Head|p2a: Hatterene\n|-supereffective|p2a: Hatterene\n|-damage|p2a: Hatterene|0 fnt\n|faint|p2a: Hatterene\n|\n|upkeep\n|\n|t:|1700168546\n|switch|p2a: Mandibuzz|Mandibuzz, F|76\/100\n|turn|22\n|\n|t:|1700168549\n|move|p2a: Mandibuzz|Iron Defense|p2a: Mandibuzz\n|-boost|p2a: Mandibuzz|def|2\n|move|p1a: deadcoin|Iron Head|p2a: Mandibuzz\n|-damage|p2a: Mandibuzz|35\/100\n|\n|upkeep\n|turn|23\n|\n|t:|1700168552\n|move|p2a: Mandibuzz|Roost|p2a: Mandibuzz\n|-heal|p2a: Mandibuzz|86\/100\n|-singleturn|p2a: Mandibuzz|move: Roost\n|move|p1a: deadcoin|Kowtow Cleave|p2a: Mandibuzz\n|-resisted|p2a: Mandibuzz\n|-damage|p2a: Mandibuzz|62\/100\n|\n|upkeep\n|turn|24\n|\n|t:|1700168555\n|move|p2a: Mandibuzz|Iron Defense|p2a: Mandibuzz\n|-boost|p2a: Mandibuzz|def|2\n|move|p1a: deadcoin|Iron Head|p2a: Mandibuzz\n|-damage|p2a: Mandibuzz|33\/100\n|\n|upkeep\n|turn|25\n|\n|t:|1700168557\n|move|p2a: Mandibuzz|Roost|p2a: Mandibuzz\n|-heal|p2a: Mandibuzz|83\/100\n|-singleturn|p2a: Mandibuzz|move: Roost\n|move|p1a: deadcoin|Swords Dance|p1a: deadcoin\n|-boost|p1a: deadcoin|atk|2\n|\n|upkeep\n|turn|26\n|\n|t:|1700168560\n|move|p2a: Mandibuzz|Foul Play|p1a: deadcoin\n|-resisted|p1a: deadcoin\n|-damage|p1a: deadcoin|0 fnt\n|faint|p1a: deadcoin\n|-end|p1a: deadcoin|fallen5|[silent]\n|\n|win|Dizzydwarf99\n|raw|palestjade's rating: 1608 &rarr; <strong>1597<\/strong><br \/>(-11 for losing)\n|raw|Dizzydwarf99's rating: 1769 &rarr; <strong>1780<\/strong><br \/>(+11 for winning)\n|l|\u2606palestjade\n","uploadtime":1700168582,"views":32,"p1id":"palestjade","p2id":"dizzydwarf99","formatid":"gen9ou","rating":1597,"private":0,"password":""}