{"id":"gen9ou-1994862350","p1":"freetakeaways","p2":"Peratest","format":"[Gen 9] OU","log":"|j|\u2606freetakeaways\n|j|\u203dPeratest\n|t:|1700499593\n|gametype|singles\n|player|p1|freetakeaways|marnie|1518\n|player|p2|Peratest|linebacker|1563\n|teamsize|p1|6\n|teamsize|p2|6\n|gen|9\n|tier|[Gen 9] OU\n|rated|\n|rule|Sleep Clause Mod: Limit one foe put to sleep\n|rule|Species Clause: Limit one of each Pok\u00e9mon\n|rule|OHKO Clause: OHKO moves are banned\n|rule|Evasion Items Clause: Evasion items are banned\n|rule|Evasion Moves Clause: Evasion moves are banned\n|rule|Endless Battle Clause: Forcing endless battles is banned\n|rule|HP Percentage Mod: HP is shown in percentages\n|clearpoke\n|poke|p1|Ting-Lu|\n|poke|p1|Alomomola, M|\n|poke|p1|Meowscarada, F|\n|poke|p1|Landorus-Therian, M|\n|poke|p1|Gholdengo|\n|poke|p1|Garchomp, M|\n|poke|p2|Ogerpon, F|\n|poke|p2|Cinderace, M|\n|poke|p2|Ursaluna, M|\n|poke|p2|Corviknight, M|\n|poke|p2|Clodsire, M|\n|poke|p2|Iron Valiant|\n|teampreview\n|\n|t:|1700499606\n|start\n|switch|p1a: Ting-Lu|Ting-Lu|100\/100\n|switch|p2a: Ogerpon|Ogerpon, F|100\/100\n|-ability|p1a: Ting-Lu|Vessel of Ruin\n|turn|1\n|\n|t:|1700499615\n|switch|p1a: Gholdengo|Gholdengo|100\/100\n|-item|p1a: Gholdengo|Air Balloon\n|move|p2a: Ogerpon|U-turn|p1a: Gholdengo\n|-resisted|p1a: Gholdengo\n|-damage|p1a: Gholdengo|96\/100\n|-enditem|p1a: Gholdengo|Air Balloon\n|\n|t:|1700499623\n|switch|p2a: Cinderace|Cinderace, M, shiny|100\/100|[from] U-turn\n|\n|upkeep\n|turn|2\n|\n|t:|1700499629\n|switch|p1a: Alomomola|Alomomola, M|100\/100\n|move|p2a: Cinderace|U-turn|p1a: Alomomola\n|-start|p2a: Cinderace|typechange|Bug|[from] ability: Libero\n|-damage|p1a: Alomomola|80\/100\n|-damage|p2a: Cinderace|84\/100|[from] item: Rocky Helmet|[of] p1a: Alomomola\n|\n|t:|1700499640\n|switch|p2a: Ogerpon|Ogerpon, F|100\/100|[from] U-turn\n|\n|upkeep\n|turn|3\n|\n|t:|1700499646\n|-terastallize|p2a: Ogerpon|Grass\n|detailschange|p2a: Ogerpon|Ogerpon-Teal-Tera, F, tera:Grass\n|-ability|p2a: Ogerpon|Embody Aspect (Teal)|boost\n|-boost|p2a: Ogerpon|spe|1\n|move|p2a: Ogerpon|Ivy Cudgel|p1a: Alomomola\n|-supereffective|p1a: Alomomola\n|-damage|p1a: Alomomola|0 fnt\n|faint|p1a: Alomomola\n|\n|upkeep\n|\n|t:|1700499654\n|switch|p1a: Landorus|Landorus-Therian, M|100\/100\n|-ability|p1a: Landorus|Intimidate|boost\n|-unboost|p2a: Ogerpon|atk|1\n|turn|4\n|\n|t:|1700499662\n|switch|p2a: Corviknight|Corviknight, M, shiny|100\/100\n|-ability|p2a: Corviknight|Pressure\n|move|p1a: Landorus|Stealth Rock|p2a: Corviknight\n|-sidestart|p2: Peratest|move: Stealth Rock\n|\n|upkeep\n|turn|5\n|\n|t:|1700499669\n|move|p1a: Landorus|Smack Down|p2a: Corviknight\n|-damage|p2a: Corviknight|90\/100\n|-start|p2a: Corviknight|Smack Down\n|move|p2a: Corviknight|U-turn|p1a: Landorus\n|-resisted|p1a: Landorus\n|-damage|p1a: Landorus|95\/100\n|\n|t:|1700499679\n|switch|p2a: Ogerpon|Ogerpon-Teal-Tera, F, tera:Grass|100\/100|[from] U-turn\n|-damage|p2a: Ogerpon|88\/100|[from] Stealth Rock\n|-ability|p2a: Ogerpon|Embody Aspect (Teal)|boost\n|-boost|p2a: Ogerpon|spe|1\n|\n|-heal|p1a: Landorus|100\/100|[from] item: Leftovers\n|upkeep\n|turn|6\n|\n|t:|1700499688\n|move|p2a: Ogerpon|Ivy Cudgel|p1a: Landorus\n|-damage|p1a: Landorus|41\/100\n|move|p1a: Landorus|U-turn|p2a: Ogerpon\n|-supereffective|p2a: Ogerpon\n|-damage|p2a: Ogerpon|32\/100\n|\n|t:|1700499695\n|switch|p1a: Gholdengo|Gholdengo|96\/100|[from] U-turn\n|\n|upkeep\n|turn|7\n|\n|t:|1700499701\n|move|p2a: Ogerpon|Knock Off|p1a: Gholdengo\n|-supereffective|p1a: Gholdengo\n|-damage|p1a: Gholdengo|63\/100\n|move|p1a: Gholdengo|Nasty Plot|p1a: Gholdengo\n|-boost|p1a: Gholdengo|spa|2\n|\n|upkeep\n|turn|8\n|\n|t:|1700499708\n|move|p2a: Ogerpon|U-turn|p1a: Gholdengo\n|-resisted|p1a: Gholdengo\n|-damage|p1a: Gholdengo|58\/100\n|\n|t:|1700499711\n|switch|p2a: Clodsire|Clodsire, M, shiny|100\/100|[from] U-turn\n|-damage|p2a: Clodsire|94\/100|[from] Stealth Rock\n|move|p1a: Gholdengo|Shadow Ball|p2a: Clodsire\n|-damage|p2a: Clodsire|59\/100\n|\n|-heal|p2a: Clodsire|65\/100|[from] item: Leftovers\n|upkeep\n|turn|9\n|\n|t:|1700499723\n|move|p1a: Gholdengo|Recover|p1a: Gholdengo\n|-heal|p1a: Gholdengo|100\/100\n|move|p2a: Clodsire|Earthquake|p1a: Gholdengo\n|-supereffective|p1a: Gholdengo\n|-damage|p1a: Gholdengo|67\/100\n|\n|-heal|p2a: Clodsire|71\/100|[from] item: Leftovers\n|upkeep\n|turn|10\n|\n|t:|1700499733\n|move|p1a: Gholdengo|Make It Rain|p2a: Clodsire\n|-damage|p2a: Clodsire|20\/100\n|-unboost|p1a: Gholdengo|spa|1\n|move|p2a: Clodsire|Earthquake|p1a: Gholdengo\n|-supereffective|p1a: Gholdengo\n|-damage|p1a: Gholdengo|26\/100\n|\n|-heal|p2a: Clodsire|26\/100|[from] item: Leftovers\n|upkeep\n|turn|11\n|\n|t:|1700499748\n|switch|p2a: Cinderace|Cinderace, M, shiny|84\/100\n|move|p1a: Gholdengo|Recover|p1a: Gholdengo\n|-heal|p1a: Gholdengo|76\/100\n|\n|upkeep\n|turn|12\n|\n|t:|1700499756\n|move|p2a: Cinderace|Court Change|p2a: Cinderace\n|-start|p2a: Cinderace|typechange|Normal|[from] ability: Libero\n|-swapsideconditions\n|-activate|p2a: Cinderace|move: Court Change\n|move|p1a: Gholdengo|Shadow Ball|p2a: Cinderace\n|-immune|p2a: Cinderace\n|\n|upkeep\n|turn|13\n|\n|t:|1700499765\n|move|p2a: Cinderace|Pyro Ball|p1a: Gholdengo\n|-supereffective|p1a: Gholdengo\n|-damage|p1a: Gholdengo|27\/100\n|move|p1a: Gholdengo|Make It Rain|p2a: Cinderace\n|-damage|p2a: Cinderace|0 fnt\n|-unboost|p1a: Gholdengo|spa|1\n|faint|p2a: Cinderace\n|\n|upkeep\n|\n|t:|1700499778\n|switch|p2a: Ogerpon|Ogerpon-Teal-Tera, F, tera:Grass|32\/100\n|-ability|p2a: Ogerpon|Embody Aspect (Teal)|boost\n|-boost|p2a: Ogerpon|spe|1\n|turn|14\n|\n|t:|1700499786\n|switch|p1a: Landorus|Landorus-Therian, M|41\/100\n|-damage|p1a: Landorus|29\/100|[from] Stealth Rock\n|-ability|p1a: Landorus|Intimidate|boost\n|-unboost|p2a: Ogerpon|atk|1\n|move|p2a: Ogerpon|Ivy Cudgel|p1a: Landorus\n|-damage|p1a: Landorus|0 fnt\n|faint|p1a: Landorus\n|\n|upkeep\n|\n|t:|1700499788\n|switch|p1a: Garchomp|Garchomp, M|100\/100\n|-damage|p1a: Garchomp|94\/100|[from] Stealth Rock\n|turn|15\n|\n|t:|1700499801\n|switch|p2a: Iron Valiant|Iron Valiant, shiny|100\/100\n|move|p1a: Garchomp|Scale Shot|p2a: Iron Valiant\n|-immune|p2a: Iron Valiant\n|\n|upkeep\n|turn|16\n|\n|t:|1700499810\n|switch|p1a: Ting-Lu|Ting-Lu|100\/100\n|-damage|p1a: Ting-Lu|94\/100|[from] Stealth Rock\n|-ability|p1a: Ting-Lu|Vessel of Ruin\n|move|p2a: Iron Valiant|Moonblast|p1a: Ting-Lu\n|-supereffective|p1a: Ting-Lu\n|-damage|p1a: Ting-Lu|65\/100\n|\n|-heal|p1a: Ting-Lu|71\/100|[from] item: Leftovers\n|upkeep\n|turn|17\n|\n|t:|1700499821\n|move|p2a: Iron Valiant|Moonblast|p1a: Ting-Lu\n|-supereffective|p1a: Ting-Lu\n|-damage|p1a: Ting-Lu|39\/100\n|-unboost|p1a: Ting-Lu|spa|1\n|move|p1a: Ting-Lu|Ruination|p2a: Iron Valiant\n|-damage|p2a: Iron Valiant|51\/100\n|\n|-heal|p1a: Ting-Lu|46\/100|[from] item: Leftovers\n|upkeep\n|turn|18\n|\n|t:|1700499831\n|move|p2a: Iron Valiant|Moonblast|p1a: Ting-Lu\n|-supereffective|p1a: Ting-Lu\n|-crit|p1a: Ting-Lu\n|-damage|p1a: Ting-Lu|0 fnt\n|faint|p1a: Ting-Lu\n|\n|upkeep\n|\n|t:|1700499837\n|switch|p1a: Garchomp|Garchomp, M|94\/100\n|-damage|p1a: Garchomp|88\/100|[from] Stealth Rock\n|turn|19\n|\n|t:|1700499853\n|-end|p2a: Iron Valiant|Quark Drive|[silent]\n|switch|p2a: Corviknight|Corviknight, M, shiny|90\/100\n|-ability|p2a: Corviknight|Pressure\n|-terastallize|p1a: Garchomp|Fairy\n|move|p1a: Garchomp|Earthquake|p2a: Corviknight\n|-immune|p2a: Corviknight\n|\n|upkeep\n|turn|20\n|\n|t:|1700499867\n|move|p1a: Garchomp|Swords Dance|p1a: Garchomp\n|-boost|p1a: Garchomp|atk|2\n|move|p2a: Corviknight|Brave Bird|p1a: Garchomp\n|-damage|p1a: Garchomp|51\/100\n|-damage|p2a: Corviknight|78\/100|[from] ability: Rough Skin|[of] p1a: Garchomp\n|-damage|p2a: Corviknight|67\/100|[from] Recoil\n|\n|upkeep\n|turn|21\n|\n|t:|1700499877\n|switch|p2a: Iron Valiant|Iron Valiant, shiny|51\/100\n|move|p1a: Garchomp|Scale Shot|p2a: Iron Valiant\n|-immune|p2a: Iron Valiant\n|\n|upkeep\n|turn|22\n|-message|freetakeaways forfeited.\n|\n|win|Peratest\n|raw|freetakeaways's rating: 1518 &rarr; <strong>1501<\/strong><br \/>(-17 for losing)\n|raw|Peratest's rating: 1563 &rarr; <strong>1580<\/strong><br \/>(+17 for winning)\n|l|\u2606freetakeaways\n","uploadtime":1700499897,"views":8,"p1id":"freetakeaways","p2id":"peratest","formatid":"gen9ou","rating":1501,"private":0,"password":""}