{"id":"gen9ou-1997623584","p1":"hhet","p2":"Shmuckface","format":"[Gen 9] OU","log":"|j|\u2606hhet\n|j|\u2606Shmuckface\n|t:|1700834328\n|gametype|singles\n|player|p1|hhet|psychic-gen4|1018\n|player|p2|Shmuckface|iris-gen5bw2|1000\n|teamsize|p1|6\n|teamsize|p2|6\n|gen|9\n|tier|[Gen 9] OU\n|rated|\n|rule|Sleep Clause Mod: Limit one foe put to sleep\n|rule|Species Clause: Limit one of each Pok\u00e9mon\n|rule|OHKO Clause: OHKO moves are banned\n|rule|Evasion Items Clause: Evasion items are banned\n|rule|Evasion Moves Clause: Evasion moves are banned\n|rule|Endless Battle Clause: Forcing endless battles is banned\n|rule|HP Percentage Mod: HP is shown in percentages\n|clearpoke\n|poke|p1|Ninetales-Alola, F|\n|poke|p1|Tsareena, F|\n|poke|p1|Mienshao, F|\n|poke|p1|Basculegion, M|\n|poke|p1|Carkol, F|\n|poke|p1|Drednaw, M|\n|poke|p2|Heracross, F|\n|poke|p2|Garchomp, M|\n|poke|p2|Basculegion-F, F|\n|poke|p2|Clefable, F|\n|poke|p2|Cloyster, F|\n|poke|p2|Garganacl, F|\n|teampreview\n|\n|t:|1700834345\n|start\n|switch|p1a: Basculegion|Basculegion, M|100\/100\n|switch|p2a: Cloyster|Cloyster, F|100\/100\n|turn|1\n|\n|t:|1700834353\n|move|p2a: Cloyster|Shell Smash|p2a: Cloyster\n|-unboost|p2a: Cloyster|def|1\n|-unboost|p2a: Cloyster|spd|1\n|-boost|p2a: Cloyster|atk|2\n|-boost|p2a: Cloyster|spa|2\n|-boost|p2a: Cloyster|spe|2\n|-enditem|p2a: Cloyster|White Herb\n|-clearnegativeboost|p2a: Cloyster|[silent]\n|move|p1a: Basculegion|Flip Turn|p2a: Cloyster\n|-resisted|p2a: Cloyster\n|-damage|p2a: Cloyster|78\/100\n|\n|t:|1700834373\n|switch|p1a: Mienshao|Mienshao, F|100\/100|[from] Flip Turn\n|\n|upkeep\n|turn|2\n|\n|t:|1700834381\n|move|p1a: Mienshao|Close Combat|p2a: Cloyster\n|-supereffective|p2a: Cloyster\n|-damage|p2a: Cloyster|0 fnt\n|-unboost|p1a: Mienshao|def|1\n|-unboost|p1a: Mienshao|spd|1\n|faint|p2a: Cloyster\n|\n|upkeep\n|\n|t:|1700834391\n|switch|p2a: Garchomp|Garchomp, M|100\/100\n|turn|3\n|\n|t:|1700834396\n|switch|p1a: Ninetales|Ninetales-Alola, F|100\/100\n|-weather|Snow|[from] ability: Snow Warning|[of] p1a: Ninetales\n|move|p2a: Garchomp|Earthquake|p1a: Ninetales\n|-damage|p1a: Ninetales|56\/100\n|\n|-weather|Snow|[upkeep]\n|upkeep\n|turn|4\n|\n|t:|1700834407\n|switch|p2a: Basculegion|Basculegion-F, F|100\/100\n|move|p1a: Ninetales|Blizzard|p2a: Basculegion\n|-resisted|p2a: Basculegion\n|-damage|p2a: Basculegion|92\/100\n|\n|-weather|Snow|[upkeep]\n|upkeep\n|turn|5\n|\n|t:|1700834420\n|switch|p1a: Tsareena|Tsareena, F|100\/100\n|move|p2a: Basculegion|Crunch|p1a: Tsareena\n|-damage|p1a: Tsareena|85\/100\n|-unboost|p1a: Tsareena|def|1\n|\n|-weather|Snow|[upkeep]\n|-heal|p1a: Tsareena|91\/100|[from] item: Leftovers\n|upkeep\n|turn|6\n|\n|t:|1700834439\n|switch|p2a: Heracross|Heracross, F|100\/100\n|move|p1a: Tsareena|Knock Off|p2a: Heracross\n|-resisted|p2a: Heracross\n|-damage|p2a: Heracross|85\/100\n|-enditem|p2a: Heracross|Flame Orb|[from] move: Knock Off|[of] p1a: Tsareena\n|\n|-weather|Snow|[upkeep]\n|-heal|p1a: Tsareena|97\/100|[from] item: Leftovers\n|upkeep\n|turn|7\n|\n|t:|1700834454\n|switch|p1a: Basculegion|Basculegion, M|100\/100\n|move|p2a: Heracross|Earthquake|p1a: Basculegion\n|-damage|p1a: Basculegion|64\/100\n|\n|-weather|none\n|upkeep\n|turn|8\n|\n|t:|1700834463\n|move|p2a: Heracross|Swords Dance|p2a: Heracross\n|-boost|p2a: Heracross|atk|2\n|move|p1a: Basculegion|Liquidation|p2a: Heracross\n|-damage|p2a: Heracross|0 fnt\n|faint|p2a: Heracross\n|\n|upkeep\n|\n|t:|1700834479\n|switch|p2a: Clefable|Clefable, F|100\/100\n|turn|9\n|\n|t:|1700834493\n|-terastallize|p1a: Basculegion|Water\n|move|p1a: Basculegion|Liquidation|p2a: Clefable\n|-damage|p2a: Clefable|6\/100\n|move|p2a: Clefable|Brick Break|p1a: Basculegion\n|-damage|p1a: Basculegion|50\/100\n|\n|upkeep\n|turn|10\n|\n|t:|1700834502\n|move|p1a: Basculegion|Liquidation|p2a: Clefable\n|-damage|p2a: Clefable|0 fnt\n|faint|p2a: Clefable\n|\n|upkeep\n|\n|t:|1700834507\n|switch|p2a: Basculegion|Basculegion-F, F|92\/100\n|turn|11\n|\n|t:|1700834516\n|switch|p1a: Tsareena|Tsareena, F|97\/100\n|move|p2a: Basculegion|Crunch|p1a: Tsareena\n|-damage|p1a: Tsareena|82\/100\n|\n|-heal|p1a: Tsareena|88\/100|[from] item: Leftovers\n|upkeep\n|turn|12\n|\n|t:|1700834526\n|-terastallize|p2a: Basculegion|Grass\n|move|p2a: Basculegion|Hydro Pump|p1a: Tsareena\n|-resisted|p1a: Tsareena\n|-damage|p1a: Tsareena|73\/100\n|move|p1a: Tsareena|Knock Off|p2a: Basculegion\n|-damage|p2a: Basculegion|60\/100\n|-enditem|p2a: Basculegion|Assault Vest|[from] move: Knock Off|[of] p1a: Tsareena\n|\n|-heal|p1a: Tsareena|79\/100|[from] item: Leftovers\n|upkeep\n|turn|13\n|\n|t:|1700834539\n|move|p2a: Basculegion|Substitute|p2a: Basculegion\n|-start|p2a: Basculegion|Substitute\n|-damage|p2a: Basculegion|35\/100\n|move|p1a: Tsareena|Knock Off|p2a: Basculegion\n|-activate|p2a: Basculegion|move: Substitute|[damage]\n|\n|-heal|p1a: Tsareena|85\/100|[from] item: Leftovers\n|upkeep\n|turn|14\n|\n|t:|1700834545\n|move|p2a: Basculegion|Facade|p1a: Tsareena\n|-damage|p1a: Tsareena|69\/100\n|move|p1a: Tsareena|Knock Off|p2a: Basculegion\n|-end|p2a: Basculegion|Substitute\n|\n|-heal|p1a: Tsareena|75\/100|[from] item: Leftovers\n|upkeep\n|turn|15\n|\n|t:|1700834556\n|move|p2a: Basculegion|Substitute|p2a: Basculegion\n|-start|p2a: Basculegion|Substitute\n|-damage|p2a: Basculegion|10\/100\n|move|p1a: Tsareena|Facade|p2a: Basculegion\n|-activate|p2a: Basculegion|move: Substitute|[damage]\n|\n|-heal|p1a: Tsareena|82\/100|[from] item: Leftovers\n|upkeep\n|turn|16\n|\n|t:|1700834563\n|switch|p2a: Garchomp|Garchomp, M|100\/100\n|move|p1a: Tsareena|Facade|p2a: Garchomp\n|-damage|p2a: Garchomp|82\/100\n|-damage|p1a: Tsareena|69\/100|[from] ability: Rough Skin|[of] p2a: Garchomp\n|-damage|p1a: Tsareena|53\/100|[from] item: Rocky Helmet|[of] p2a: Garchomp\n|\n|-heal|p1a: Tsareena|59\/100|[from] item: Leftovers\n|upkeep\n|turn|17\n|\n|t:|1700834574\n|move|p2a: Garchomp|Earthquake|p1a: Tsareena\n|-resisted|p1a: Tsareena\n|-damage|p1a: Tsareena|36\/100\n|move|p1a: Tsareena|Knock Off|p2a: Garchomp\n|-damage|p2a: Garchomp|55\/100\n|-damage|p1a: Tsareena|24\/100|[from] ability: Rough Skin|[of] p2a: Garchomp\n|-damage|p1a: Tsareena|7\/100|[from] item: Rocky Helmet|[of] p2a: Garchomp\n|-enditem|p2a: Garchomp|Rocky Helmet|[from] move: Knock Off|[of] p1a: Tsareena\n|\n|-heal|p1a: Tsareena|13\/100|[from] item: Leftovers\n|upkeep\n|turn|18\n|\n|t:|1700834592\n|move|p2a: Garchomp|Brick Break|p1a: Tsareena\n|-damage|p1a: Tsareena|0 fnt\n|faint|p1a: Tsareena\n|\n|upkeep\n|\n|t:|1700834596\n|switch|p1a: Ninetales|Ninetales-Alola, F|56\/100\n|-weather|Snow|[from] ability: Snow Warning|[of] p1a: Ninetales\n|turn|19\n|\n|t:|1700834602\n|move|p1a: Ninetales|Blizzard|p2a: Garchomp\n|-supereffective|p2a: Garchomp\n|-damage|p2a: Garchomp|0 fnt\n|faint|p2a: Garchomp\n|\n|-weather|Snow|[upkeep]\n|upkeep\n|\n|t:|1700834609\n|switch|p2a: Garganacl|Garganacl, F, shiny|100\/100\n|turn|20\n|\n|t:|1700834621\n|switch|p1a: Mienshao|Mienshao, F|100\/100\n|move|p2a: Garganacl|Iron Defense|p2a: Garganacl\n|-boost|p2a: Garganacl|def|2\n|\n|-weather|Snow|[upkeep]\n|upkeep\n|turn|21\n|\n|t:|1700834627\n|move|p1a: Mienshao|Close Combat|p2a: Garganacl\n|-supereffective|p2a: Garganacl\n|-damage|p2a: Garganacl|63\/100\n|-unboost|p1a: Mienshao|def|1\n|-unboost|p1a: Mienshao|spd|1\n|-damage|p1a: Mienshao|84\/100|[from] item: Rocky Helmet|[of] p2a: Garganacl\n|move|p2a: Garganacl|Body Press|p1a: Mienshao\n|-damage|p1a: Mienshao|0 fnt\n|faint|p1a: Mienshao\n|\n|-weather|Snow|[upkeep]\n|upkeep\n|\n|t:|1700834645\n|switch|p1a: Basculegion|Basculegion, M, tera:Water|50\/100\n|turn|22\n|\n|t:|1700834655\n|move|p1a: Basculegion|Flip Turn|p2a: Garganacl\n|-supereffective|p2a: Garganacl\n|-damage|p2a: Garganacl|23\/100\n|-damage|p1a: Basculegion|34\/100|[from] item: Rocky Helmet|[of] p2a: Garganacl\n|\n|t:|1700834663\n|switch|p1a: Drednaw|Drednaw, M|100\/100|[from] Flip Turn\n|move|p2a: Garganacl|Body Press|p1a: Drednaw\n|-supereffective|p1a: Drednaw\n|-damage|p1a: Drednaw|10\/100\n|\n|-weather|Snow|[upkeep]\n|upkeep\n|turn|23\n|\n|t:|1700834671\n|switch|p2a: Basculegion|Basculegion-F, F, tera:Grass|10\/100\n|move|p1a: Drednaw|Razor Shell|p2a: Basculegion\n|-resisted|p2a: Basculegion\n|-damage|p2a: Basculegion|0 fnt\n|faint|p2a: Basculegion\n|-damage|p1a: Drednaw|0 fnt|[from] item: Life Orb\n|faint|p1a: Drednaw\n|\n|-weather|none\n|upkeep\n|inactive|Battle timer is ON: inactive players will automatically lose when time's up. (requested by hhet)\n|\n|t:|1700834680\n|switch|p1a: Basculegion|Basculegion, M, tera:Water|34\/100\n|switch|p2a: Garganacl|Garganacl, F, shiny|23\/100\n|turn|24\n|\n|t:|1700834688\n|move|p1a: Basculegion|Liquidation|p2a: Garganacl\n|-supereffective|p2a: Garganacl\n|-damage|p2a: Garganacl|0 fnt\n|-damage|p1a: Basculegion|17\/100|[from] item: Rocky Helmet|[of] p2a: Garganacl\n|faint|p2a: Garganacl\n|\n|win|hhet\n|raw|hhet's rating: 1018 &rarr; <strong>1053<\/strong><br \/>(+35 for winning)\n|raw|Shmuckface's rating: 1000 &rarr; <strong>1000<\/strong><br \/>(+0 for losing)\n|l|\u2606Shmuckface\n","uploadtime":1700834695,"views":1,"p1id":"hhet","p2id":"shmuckface","formatid":"gen9ou","rating":1000,"private":0,"password":""}