{"id":"gen9ou-1993775347","p1":"kshuaib734","p2":"CapnTophat","format":"[Gen 9] OU","log":"|j|\u2606kshuaib734\n|j|\u2606CapnTophat\n|t:|1700355791\n|gametype|singles\n|player|p1|kshuaib734|266|1636\n|player|p2|CapnTophat|wallace|1697\n|teamsize|p1|6\n|teamsize|p2|6\n|gen|9\n|tier|[Gen 9] OU\n|rated|\n|rule|Sleep Clause Mod: Limit one foe put to sleep\n|rule|Species Clause: Limit one of each Pok\u00e9mon\n|rule|OHKO Clause: OHKO moves are banned\n|rule|Evasion Items Clause: Evasion items are banned\n|rule|Evasion Moves Clause: Evasion moves are banned\n|rule|Endless Battle Clause: Forcing endless battles is banned\n|rule|HP Percentage Mod: HP is shown in percentages\n|clearpoke\n|poke|p1|Tyranitar, M|\n|poke|p1|Quaquaval, M|\n|poke|p1|Pelipper, M|\n|poke|p1|Garchomp, M|\n|poke|p1|Overqwil, M|\n|poke|p1|Jolteon, M|\n|poke|p2|Iron Hands|\n|poke|p2|Ting-Lu|\n|poke|p2|Iron Valiant|\n|poke|p2|Dragapult, M|\n|poke|p2|Ogerpon-Wellspring, F|\n|poke|p2|Cinderace, F|\n|teampreview\n|inactive|Battle timer is ON: inactive players will automatically lose when time's up. (requested by kshuaib734)\n|inactive|CapnTophat also wants the timer to be on.\n|j| peepeepoopoo72\n|\n|t:|1700355810\n|start\n|switch|p1a: Tyrant's Downpour|Pelipper, M|100\/100\n|switch|p2a: Dragapult|Dragapult, M|100\/100\n|-weather|RainDance|[from] ability: Drizzle|[of] p1a: Tyrant's Downpour\n|turn|1\n|\n|t:|1700355822\n|switch|p1a: King Tyrant|Tyranitar, M|100\/100\n|-weather|Sandstorm|[from] ability: Sand Stream|[of] p1a: King Tyrant\n|move|p2a: Dragapult|Draco Meteor|p1a: King Tyrant\n|-damage|p1a: King Tyrant|56\/100\n|-unboost|p2a: Dragapult|spa|2\n|\n|-weather|Sandstorm|[upkeep]\n|-damage|p2a: Dragapult|95\/100|[from] Sandstorm\n|upkeep\n|turn|2\n|\n|t:|1700355838\n|switch|p2a: Iron Hands|Iron Hands|100\/100\n|move|p1a: King Tyrant|Ice Beam|p2a: Iron Hands\n|-damage|p2a: Iron Hands|79\/100\n|\n|-weather|Sandstorm|[upkeep]\n|-damage|p2a: Iron Hands|73\/100|[from] Sandstorm\n|-heal|p2a: Iron Hands|79\/100|[from] item: Leftovers\n|upkeep\n|turn|3\n|\n|t:|1700355851\n|-end|p2a: Iron Hands|Quark Drive|[silent]\n|switch|p2a: Dragapult|Dragapult, M|95\/100\n|switch|p1a: Tyrant's Vanguard|Garchomp, M|100\/100\n|\n|-weather|Sandstorm|[upkeep]\n|-damage|p2a: Dragapult|89\/100|[from] Sandstorm\n|upkeep\n|turn|4\n|\n|t:|1700355859\n|-terastallize|p1a: Tyrant's Vanguard|Steel\n|move|p2a: Dragapult|U-turn|p1a: Tyrant's Vanguard\n|-resisted|p1a: Tyrant's Vanguard\n|-damage|p1a: Tyrant's Vanguard|95\/100\n|-damage|p2a: Dragapult|76\/100|[from] ability: Rough Skin|[of] p1a: Tyrant's Vanguard\n|-damage|p2a: Dragapult|60\/100|[from] item: Rocky Helmet|[of] p1a: Tyrant's Vanguard\n|\n|t:|1700355866\n|switch|p2a: Cinderace|Cinderace, F|100\/100|[from] U-turn\n|move|p1a: Tyrant's Vanguard|Spikes|p2a: Cinderace\n|-sidestart|p2: CapnTophat|Spikes\n|\n|-weather|Sandstorm|[upkeep]\n|-damage|p2a: Cinderace|94\/100|[from] Sandstorm\n|upkeep\n|turn|5\n|\n|t:|1700355873\n|switch|p1a: Tyrant's Downpour|Pelipper, M|100\/100\n|-weather|RainDance|[from] ability: Drizzle|[of] p1a: Tyrant's Downpour\n|move|p2a: Cinderace|Will-O-Wisp|p1a: Tyrant's Downpour\n|-status|p1a: Tyrant's Downpour|brn\n|\n|-weather|RainDance|[upkeep]\n|-damage|p1a: Tyrant's Downpour|94\/100 brn|[from] brn\n|upkeep\n|turn|6\n|\n|t:|1700355882\n|move|p2a: Cinderace|U-turn|p1a: Tyrant's Downpour\n|-resisted|p1a: Tyrant's Downpour\n|-damage|p1a: Tyrant's Downpour|87\/100 brn\n|\n|t:|1700355886\n|switch|p2a: Iron Hands|Iron Hands|79\/100|[from] U-turn\n|-damage|p2a: Iron Hands|66\/100|[from] Spikes\n|move|p1a: Tyrant's Downpour|U-turn|p2a: Iron Hands\n|-resisted|p2a: Iron Hands\n|-damage|p2a: Iron Hands|65\/100\n|\n|t:|1700355895\n|switch|p1a: Tyrant's Envoy|Overqwil, M|100\/100|[from] U-turn\n|\n|-weather|RainDance|[upkeep]\n|-heal|p2a: Iron Hands|71\/100|[from] item: Leftovers\n|upkeep\n|turn|7\n|\n|t:|1700355902\n|move|p1a: Tyrant's Envoy|Liquidation|p2a: Iron Hands\n|-damage|p2a: Iron Hands|41\/100\n|move|p2a: Iron Hands|Drain Punch|p1a: Tyrant's Envoy\n|-damage|p1a: Tyrant's Envoy|52\/100\n|-heal|p2a: Iron Hands|58\/100|[from] drain|[of] p1a: Tyrant's Envoy\n|\n|-weather|RainDance|[upkeep]\n|-heal|p1a: Tyrant's Envoy|59\/100|[from] item: Leftovers\n|-heal|p2a: Iron Hands|64\/100|[from] item: Leftovers\n|upkeep\n|turn|8\n|\n|t:|1700355912\n|move|p1a: Tyrant's Envoy|Liquidation|p2a: Iron Hands\n|-damage|p2a: Iron Hands|33\/100\n|-unboost|p2a: Iron Hands|def|1\n|move|p2a: Iron Hands|Drain Punch|p1a: Tyrant's Envoy\n|-damage|p1a: Tyrant's Envoy|12\/100\n|-heal|p2a: Iron Hands|49\/100|[from] drain|[of] p1a: Tyrant's Envoy\n|\n|-weather|RainDance|[upkeep]\n|-heal|p1a: Tyrant's Envoy|18\/100|[from] item: Leftovers\n|-heal|p2a: Iron Hands|56\/100|[from] item: Leftovers\n|upkeep\n|turn|9\n|\n|t:|1700355926\n|move|p1a: Tyrant's Envoy|Self-Destruct|p2a: Iron Hands\n|-crit|p2a: Iron Hands\n|-damage|p2a: Iron Hands|0 fnt\n|faint|p1a: Tyrant's Envoy\n|faint|p2a: Iron Hands\n|-end|p2a: Iron Hands|Quark Drive|[silent]\n|\n|-weather|RainDance|[upkeep]\n|upkeep\n|\n|t:|1700355939\n|switch|p1a: Tyrant's Onslaught|Jolteon, M|100\/100\n|switch|p2a: Ogerpon|Ogerpon-Wellspring, F|100\/100\n|-damage|p2a: Ogerpon|88\/100|[from] Spikes\n|turn|10\n|\n|t:|1700355947\n|move|p1a: Tyrant's Onslaught|Volt Switch|p2a: Ogerpon\n|-damage|p2a: Ogerpon|47\/100\n|\n|t:|1700355960\n|switch|p1a: Tyrant's Endgame|Quaquaval, M|100\/100|[from] Volt Switch\n|move|p2a: Ogerpon|Trailblaze|p1a: Tyrant's Endgame\n|-supereffective|p1a: Tyrant's Endgame\n|-damage|p1a: Tyrant's Endgame|21\/100\n|-boost|p2a: Ogerpon|spe|1\n|\n|-weather|RainDance|[upkeep]\n|upkeep\n|turn|11\n|j| Ctannn\n|\n|t:|1700355972\n|move|p2a: Ogerpon|Ivy Cudgel|p1a: Tyrant's Endgame|[anim] Ivy Cudgel Water\n|-resisted|p1a: Tyrant's Endgame\n|-damage|p1a: Tyrant's Endgame|0 fnt\n|faint|p1a: Tyrant's Endgame\n|\n|-weather|RainDance|[upkeep]\n|upkeep\n|\n|t:|1700355977\n|switch|p1a: Tyrant's Downpour|Pelipper, M|87\/100 brn\n|turn|12\n|\n|t:|1700355986\n|-terastallize|p2a: Ogerpon|Water\n|detailschange|p2a: Ogerpon|Ogerpon-Wellspring-Tera, F, tera:Water\n|-ability|p2a: Ogerpon|Embody Aspect (Wellspring)|boost\n|-boost|p2a: Ogerpon|spd|1\n|move|p2a: Ogerpon|Swords Dance|p2a: Ogerpon\n|-boost|p2a: Ogerpon|atk|2\n|move|p1a: Tyrant's Downpour|Hurricane|p2a: Ogerpon\n|-damage|p2a: Ogerpon|18\/100\n|\n|-weather|none\n|-damage|p1a: Tyrant's Downpour|80\/100 brn|[from] brn\n|upkeep\n|turn|13\n|\n|t:|1700356004\n|switch|p1a: King Tyrant|Tyranitar, M|56\/100\n|-weather|Sandstorm|[from] ability: Sand Stream|[of] p1a: King Tyrant\n|move|p2a: Ogerpon|Horn Leech|p1a: King Tyrant\n|-supereffective|p1a: King Tyrant\n|-crit|p1a: King Tyrant\n|-damage|p1a: King Tyrant|0 fnt\n|-heal|p2a: Ogerpon|56\/100|[from] drain|[of] p1a: King Tyrant\n|faint|p1a: King Tyrant\n|\n|-weather|Sandstorm|[upkeep]\n|-damage|p2a: Ogerpon|50\/100|[from] Sandstorm\n|upkeep\n|\n|t:|1700356015\n|switch|p1a: Tyrant's Downpour|Pelipper, M|80\/100 brn\n|-weather|RainDance|[from] ability: Drizzle|[of] p1a: Tyrant's Downpour\n|turn|14\n|\n|t:|1700356019\n|move|p2a: Ogerpon|Ivy Cudgel|p1a: Tyrant's Downpour|[anim] Ivy Cudgel Water\n|-resisted|p1a: Tyrant's Downpour\n|-damage|p1a: Tyrant's Downpour|0 fnt\n|faint|p1a: Tyrant's Downpour\n|\n|-weather|RainDance|[upkeep]\n|upkeep\n|\n|t:|1700356026\n|switch|p1a: Tyrant's Vanguard|Garchomp, M, tera:Steel|95\/100\n|turn|15\n|\n|t:|1700356032\n|move|p2a: Ogerpon|Ivy Cudgel|p1a: Tyrant's Vanguard|[anim] Ivy Cudgel Water\n|-damage|p1a: Tyrant's Vanguard|0 fnt\n|faint|p1a: Tyrant's Vanguard\n|\n|-weather|RainDance|[upkeep]\n|upkeep\n|c|\u2606kshuaib734|gg\n|\n|t:|1700356036\n|switch|p1a: Tyrant's Onslaught|Jolteon, M|100\/100\n|turn|16\n|\n|t:|1700356047\n|move|p2a: Ogerpon|Ivy Cudgel|p1a: Tyrant's Onslaught|[anim] Ivy Cudgel Water\n|-damage|p1a: Tyrant's Onslaught|0 fnt\n|faint|p1a: Tyrant's Onslaught\n|\n|win|CapnTophat\n|raw|kshuaib734's rating: 1636 &rarr; <strong>1619<\/strong><br \/>(-17 for losing)\n|raw|CapnTophat's rating: 1697 &rarr; <strong>1714<\/strong><br \/>(+17 for winning)\n|l|\u2606kshuaib734\n","uploadtime":1700356057,"views":20,"p1id":"kshuaib734","p2id":"capntophat","formatid":"gen9ou","rating":1619,"private":0,"password":""}