{"id":"gen9ou-1999684194","p1":"pok3monjake","p2":"PLLV52 Kindy","format":"[Gen 9] OU","log":"|j|\u2606pok3monjake\n|j|\u2606PLLV52 Kindy\n|t:|1701107579\n|gametype|singles\n|player|p1|pok3monjake|unknown|1528\n|player|p2|PLLV52 Kindy|lillie-masters|1430\n|teamsize|p1|6\n|teamsize|p2|6\n|gen|9\n|tier|[Gen 9] OU\n|rated|\n|rule|Sleep Clause Mod: Limit one foe put to sleep\n|rule|Species Clause: Limit one of each Pok\u00e9mon\n|rule|OHKO Clause: OHKO moves are banned\n|rule|Evasion Items Clause: Evasion items are banned\n|rule|Evasion Moves Clause: Evasion moves are banned\n|rule|Endless Battle Clause: Forcing endless battles is banned\n|rule|HP Percentage Mod: HP is shown in percentages\n|clearpoke\n|poke|p1|Hawlucha, M|\n|poke|p1|Dragapult, F|\n|poke|p1|Iron Moth|\n|poke|p1|Iron Treads|\n|poke|p1|Enamorus, F|\n|poke|p1|Ogerpon-Wellspring, F|\n|poke|p2|Enamorus, F|\n|poke|p2|Kingambit, F|\n|poke|p2|Ribombee, M|\n|poke|p2|Ogerpon-Wellspring, F|\n|poke|p2|Gholdengo|\n|poke|p2|Great Tusk|\n|teampreview\n|inactive|Battle timer is ON: inactive players will automatically lose when time's up. (requested by PLLV52 Kindy)\n|j| Hoot-hoot Shiny\n|\n|t:|1701107622\n|start\n|switch|p1a: Iron Moth|Iron Moth|100\/100\n|switch|p2a: Ribombee|Ribombee, M|100\/100\n|-enditem|p1a: Iron Moth|Booster Energy\n|-activate|p1a: Iron Moth|ability: Quark Drive|[fromitem]\n|-start|p1a: Iron Moth|quarkdrivespe\n|turn|1\n|j| PLLV52 F GAMBIT\n|\n|t:|1701107645\n|move|p1a: Iron Moth|Substitute|p1a: Iron Moth\n|-start|p1a: Iron Moth|Substitute\n|-damage|p1a: Iron Moth|76\/100\n|move|p2a: Ribombee|Psychic|p1a: Iron Moth\n|-supereffective|p1a: Iron Moth\n|-crit|p1a: Iron Moth\n|-end|p1a: Iron Moth|Substitute\n|\n|upkeep\n|turn|2\n|\n|t:|1701107661\n|move|p1a: Iron Moth|Fiery Dance|p2a: Ribombee\n|-supereffective|p2a: Ribombee\n|-enditem|p2a: Ribombee|Focus Sash\n|-damage|p2a: Ribombee|1\/100\n|-boost|p1a: Iron Moth|spa|1\n|move|p2a: Ribombee|Psychic|p1a: Iron Moth\n|-supereffective|p1a: Iron Moth\n|-damage|p1a: Iron Moth|20\/100\n|-unboost|p1a: Iron Moth|spd|1\n|\n|upkeep\n|turn|3\n|\n|t:|1701107672\n|move|p1a: Iron Moth|Fiery Dance|p2a: Ribombee\n|-supereffective|p2a: Ribombee\n|-damage|p2a: Ribombee|0 fnt\n|-boost|p1a: Iron Moth|spa|1\n|faint|p2a: Ribombee\n|\n|upkeep\n|\n|t:|1701107679\n|switch|p2a: Kingambit|Kingambit, F|100\/100\n|-activate|p2a: Kingambit|ability: Supreme Overlord\n|-start|p2a: Kingambit|fallen1|[silent]\n|turn|4\n|\n|t:|1701107695\n|move|p2a: Kingambit|Sucker Punch||[still]\n|-fail|p2a: Kingambit\n|move|p1a: Iron Moth|Substitute|p1a: Iron Moth\n|-fail|p1a: Iron Moth|move: Substitute|[weak]\n|\n|upkeep\n|turn|5\n|\n|t:|1701107699\n|move|p2a: Kingambit|Sucker Punch||[still]\n|-fail|p2a: Kingambit\n|move|p1a: Iron Moth|Substitute|p1a: Iron Moth\n|-fail|p1a: Iron Moth|move: Substitute|[weak]\n|\n|upkeep\n|turn|6\n|\n|t:|1701107704\n|move|p2a: Kingambit|Sucker Punch||[still]\n|-fail|p2a: Kingambit\n|move|p1a: Iron Moth|Substitute|p1a: Iron Moth\n|-fail|p1a: Iron Moth|move: Substitute|[weak]\n|\n|upkeep\n|turn|7\n|\n|t:|1701107707\n|move|p2a: Kingambit|Sucker Punch||[still]\n|-fail|p2a: Kingambit\n|move|p1a: Iron Moth|Substitute|p1a: Iron Moth\n|-fail|p1a: Iron Moth|move: Substitute|[weak]\n|\n|upkeep\n|turn|8\n|\n|t:|1701107718\n|move|p2a: Kingambit|Sucker Punch||[still]\n|-fail|p2a: Kingambit\n|move|p1a: Iron Moth|Substitute|p1a: Iron Moth\n|-fail|p1a: Iron Moth|move: Substitute|[weak]\n|\n|upkeep\n|turn|9\n|\n|t:|1701107725\n|move|p2a: Kingambit|Sucker Punch||[still]\n|-fail|p2a: Kingambit\n|move|p1a: Iron Moth|Substitute|p1a: Iron Moth\n|-fail|p1a: Iron Moth|move: Substitute|[weak]\n|\n|upkeep\n|turn|10\n|\n|t:|1701107732\n|move|p1a: Iron Moth|Substitute|p1a: Iron Moth\n|-fail|p1a: Iron Moth|move: Substitute|[weak]\n|move|p2a: Kingambit|Kowtow Cleave|p1a: Iron Moth\n|-damage|p1a: Iron Moth|0 fnt\n|faint|p1a: Iron Moth\n|-end|p1a: Iron Moth|Quark Drive|[silent]\n|\n|upkeep\n|l| Hoot-hoot Shiny\n|\n|t:|1701107744\n|switch|p1a: Hawlucha|Hawlucha, M|100\/100\n|turn|11\n|\n|t:|1701107749\n|-end|p2a: Kingambit|fallen1|[silent]\n|switch|p2a: Gholdengo|Gholdengo|100\/100\n|-item|p2a: Gholdengo|Air Balloon\n|move|p1a: Hawlucha|Swords Dance|p1a: Hawlucha\n|-boost|p1a: Hawlucha|atk|2\n|\n|upkeep\n|turn|12\n|\n|t:|1701107757\n|move|p1a: Hawlucha|Fling|p2a: Gholdengo\n|-supereffective|p2a: Gholdengo\n|-damage|p2a: Gholdengo|0 fnt\n|-enditem|p2a: Gholdengo|Air Balloon\n|-enditem|p1a: Hawlucha|Big Nugget|[from] move: Fling\n|faint|p2a: Gholdengo\n|\n|upkeep\n|\n|t:|1701107775\n|switch|p2a: Enamorus|Enamorus, F|100\/100\n|turn|13\n|j| Patatex\n|\n|t:|1701107780\n|move|p1a: Hawlucha|Acrobatics|p2a: Enamorus\n|-damage|p2a: Enamorus|0 fnt\n|faint|p2a: Enamorus\n|\n|upkeep\n|inactive|PLLV52 Kindy has 120 seconds left.\n|\n|t:|1701107821\n|switch|p2a: Great Tusk|Great Tusk|100\/100\n|turn|14\n|\n|t:|1701107826\n|-terastallize|p2a: Great Tusk|Steel\n|move|p1a: Hawlucha|Acrobatics|p2a: Great Tusk\n|-resisted|p2a: Great Tusk\n|-damage|p2a: Great Tusk|64\/100\n|move|p2a: Great Tusk|Ice Spinner|p1a: Hawlucha\n|-supereffective|p1a: Hawlucha\n|-damage|p1a: Hawlucha|20\/100\n|\n|upkeep\n|turn|15\n|l| Patatex\n|inactive|PLLV52 Kindy has 120 seconds left.\n|\n|t:|1701107841\n|move|p1a: Hawlucha|Close Combat|p2a: Great Tusk\n|-supereffective|p2a: Great Tusk\n|-damage|p2a: Great Tusk|0 fnt\n|-unboost|p1a: Hawlucha|def|1\n|-unboost|p1a: Hawlucha|spd|1\n|faint|p2a: Great Tusk\n|-end|p2a: Great Tusk|Protosynthesis|[silent]\n|\n|upkeep\n|inactive|PLLV52 Kindy has 120 seconds left.\n|\n|t:|1701107846\n|switch|p2a: Kingambit|Kingambit, F|100\/100\n|-activate|p2a: Kingambit|ability: Supreme Overlord\n|-start|p2a: Kingambit|fallen4|[silent]\n|turn|16\n|\n|t:|1701107855\n|move|p2a: Kingambit|Sucker Punch||[still]\n|-fail|p2a: Kingambit\n|move|p1a: Hawlucha|Swords Dance|p1a: Hawlucha\n|-boost|p1a: Hawlucha|atk|2\n|\n|upkeep\n|turn|17\n|\n|t:|1701107865\n|move|p1a: Hawlucha|Swords Dance|p1a: Hawlucha\n|-boost|p1a: Hawlucha|atk|2\n|move|p2a: Kingambit|Kowtow Cleave|p1a: Hawlucha\n|-resisted|p1a: Hawlucha\n|-damage|p1a: Hawlucha|0 fnt\n|faint|p1a: Hawlucha\n|\n|upkeep\n|\n|t:|1701107889\n|switch|p1a: Iron Treads|Iron Treads|100\/100\n|-enditem|p1a: Iron Treads|Booster Energy\n|-activate|p1a: Iron Treads|ability: Quark Drive|[fromitem]\n|-start|p1a: Iron Treads|quarkdrivespe\n|turn|18\n|\n|t:|1701107897\n|-end|p2a: Kingambit|fallen4|[silent]\n|switch|p2a: Ogerpon|Ogerpon-Wellspring, F|100\/100\n|move|p1a: Iron Treads|Earthquake|p2a: Ogerpon\n|-resisted|p2a: Ogerpon\n|-damage|p2a: Ogerpon|71\/100\n|\n|upkeep\n|turn|19\n|\n|t:|1701107907\n|-end|p1a: Iron Treads|Quark Drive|[silent]\n|switch|p1a: Dragapult|Dragapult, F|100\/100\n|move|p2a: Ogerpon|Horn Leech|p1a: Dragapult\n|-resisted|p1a: Dragapult\n|-damage|p1a: Dragapult|75\/100\n|-heal|p2a: Ogerpon|87\/100|[from] drain|[of] p1a: Dragapult\n|\n|upkeep\n|turn|20\n|\n|t:|1701107921\n|move|p1a: Dragapult|Will-O-Wisp|p2a: Ogerpon\n|-status|p2a: Ogerpon|brn\n|move|p2a: Ogerpon|Ivy Cudgel|p1a: Dragapult|[anim] Ivy Cudgel Water\n|-resisted|p1a: Dragapult\n|-damage|p1a: Dragapult|58\/100\n|\n|-damage|p2a: Ogerpon|81\/100 brn|[from] brn\n|upkeep\n|turn|21\n|\n|t:|1701107928\n|move|p1a: Dragapult|Reflect|p1a: Dragapult\n|-sidestart|p1: pok3monjake|Reflect\n|move|p2a: Ogerpon|Swords Dance|p2a: Ogerpon\n|-boost|p2a: Ogerpon|atk|2\n|\n|-damage|p2a: Ogerpon|75\/100 brn|[from] brn\n|upkeep\n|turn|22\n|\n|t:|1701107932\n|move|p1a: Dragapult|Curse|p2a: Ogerpon\n|-start|p2a: Ogerpon|Curse|[of] p1a: Dragapult\n|-damage|p1a: Dragapult|8\/100\n|move|p2a: Ogerpon|Ivy Cudgel|p1a: Dragapult|[anim] Ivy Cudgel Water\n|-resisted|p1a: Dragapult\n|-damage|p1a: Dragapult|0 fnt\n|faint|p1a: Dragapult\n|\n|-damage|p2a: Ogerpon|69\/100 brn|[from] brn\n|-damage|p2a: Ogerpon|44\/100 brn|[from] Curse\n|upkeep\n|\n|t:|1701107957\n|switch|p1a: Enamorus|Enamorus, F|100\/100\n|turn|23\n|\n|t:|1701107966\n|-terastallize|p1a: Enamorus|Fairy\n|move|p1a: Enamorus|Moonblast|p2a: Ogerpon\n|-damage|p2a: Ogerpon|0 fnt\n|faint|p2a: Ogerpon\n|\n|upkeep\n|\n|t:|1701107970\n|switch|p2a: Kingambit|Kingambit, F|100\/100\n|-activate|p2a: Kingambit|ability: Supreme Overlord\n|-start|p2a: Kingambit|fallen5|[silent]\n|turn|24\n|\n|t:|1701107973\n|move|p1a: Enamorus|Moonblast|p2a: Kingambit\n|-damage|p2a: Kingambit|28\/100\n|move|p2a: Kingambit|Iron Head|p1a: Enamorus\n|-supereffective|p1a: Enamorus\n|-damage|p1a: Enamorus|0 fnt\n|faint|p1a: Enamorus\n|\n|-heal|p2a: Kingambit|34\/100|[from] item: Leftovers\n|upkeep\n|\n|t:|1701107976\n|switch|p1a: Iron Treads|Iron Treads|100\/100\n|turn|25\n|\n|t:|1701107982\n|move|p2a: Kingambit|Sucker Punch|p1a: Iron Treads\n|-damage|p1a: Iron Treads|75\/100\n|move|p1a: Iron Treads|Earthquake|p2a: Kingambit\n|-supereffective|p2a: Kingambit\n|-damage|p2a: Kingambit|0 fnt\n|faint|p2a: Kingambit\n|-end|p2a: Kingambit|fallen5|[silent]\n|\n|win|pok3monjake\n|raw|pok3monjake's rating: 1528 &rarr; <strong>1543<\/strong><br \/>(+15 for winning)\n|raw|PLLV52 Kindy's rating: 1430 &rarr; <strong>1415<\/strong><br \/>(-15 for losing)\n","uploadtime":1701107988,"views":3,"p1id":"pok3monjake","p2id":"pllv52kindy","formatid":"gen9ou","rating":1415,"private":0,"password":""}