{"id":"gen9ou-1995714815","p1":"Jeoxikes","p2":"Thehombre","format":"[Gen 9] OU","log":"|j|\u2606Jeoxikes\n|j|\u2606Thehombre\n|t:|1700596399\n|gametype|singles\n|player|p1|Jeoxikes|rood|1040\n|player|p2|Thehombre|170|1016\n|teamsize|p1|6\n|teamsize|p2|6\n|gen|9\n|tier|[Gen 9] OU\n|rated|\n|rule|Sleep Clause Mod: Limit one foe put to sleep\n|rule|Species Clause: Limit one of each Pok\u00e9mon\n|rule|OHKO Clause: OHKO moves are banned\n|rule|Evasion Items Clause: Evasion items are banned\n|rule|Evasion Moves Clause: Evasion moves are banned\n|rule|Endless Battle Clause: Forcing endless battles is banned\n|rule|HP Percentage Mod: HP is shown in percentages\n|clearpoke\n|poke|p1|Charizard, M|\n|poke|p1|Shiftry, M|\n|poke|p1|Torkoal, M|\n|poke|p1|Ribombee, M|\n|poke|p1|Arcanine-Hisui, M|\n|poke|p1|Grimmsnarl, M|\n|poke|p2|Kingambit, M|\n|poke|p2|Ninetales-Alola, M|\n|poke|p2|Samurott-Hisui, M|\n|poke|p2|Masquerain, F|\n|poke|p2|Manaphy|\n|poke|p2|Maushold-Four|\n|teampreview\n|inactive|Battle timer is ON: inactive players will automatically lose when time's up. (requested by Thehombre)\n|\n|t:|1700596412\n|start\n|switch|p1a: Grimmsnarl|Grimmsnarl, M|100\/100\n|switch|p2a: Manaphy|Manaphy|100\/100\n|turn|1\n|\n|t:|1700596419\n|move|p1a: Grimmsnarl|Taunt|p2a: Manaphy\n|-start|p2a: Manaphy|move: Taunt\n|cant|p2a: Manaphy|move: Taunt|Take Heart\n|\n|upkeep\n|turn|2\n|\n|t:|1700596426\n|switch|p2a: Kingambit|Kingambit, M|100\/100\n|move|p1a: Grimmsnarl|Light Screen|p1a: Grimmsnarl\n|-sidestart|p1: Jeoxikes|move: Light Screen\n|\n|upkeep\n|turn|3\n|\n|t:|1700596432\n|move|p1a: Grimmsnarl|Reflect|p1a: Grimmsnarl\n|-sidestart|p1: Jeoxikes|Reflect\n|move|p2a: Kingambit|Swords Dance|p2a: Kingambit\n|-boost|p2a: Kingambit|atk|2\n|\n|upkeep\n|turn|4\n|\n|t:|1700596439\n|move|p1a: Grimmsnarl|Taunt|p2a: Kingambit\n|-hint|Since gen 7, Dark is immune to Prankster moves.\n|-immune|p2a: Kingambit\n|move|p2a: Kingambit|Swords Dance|p2a: Kingambit\n|-boost|p2a: Kingambit|atk|2\n|\n|upkeep\n|turn|5\n|\n|t:|1700596455\n|switch|p1a: Torkoal|Torkoal, M, shiny|100\/100\n|-weather|SunnyDay|[from] ability: Drought|[of] p1a: Torkoal\n|move|p2a: Kingambit|Swords Dance|p2a: Kingambit\n|-boost|p2a: Kingambit|atk|2\n|\n|-weather|SunnyDay|[upkeep]\n|upkeep\n|turn|6\n|\n|t:|1700596465\n|move|p2a: Kingambit|Kowtow Cleave|p1a: Torkoal\n|-damage|p1a: Torkoal|15\/100\n|move|p1a: Torkoal|Yawn|p2a: Kingambit\n|-start|p2a: Kingambit|move: Yawn|[of] p1a: Torkoal\n|\n|-weather|SunnyDay|[upkeep]\n|upkeep\n|turn|7\n|\n|t:|1700596475\n|switch|p1a: Ribombee|Ribombee, M|100\/100\n|move|p2a: Kingambit|Kowtow Cleave|p1a: Ribombee\n|-resisted|p1a: Ribombee\n|-damage|p1a: Ribombee|9\/100\n|\n|-weather|SunnyDay|[upkeep]\n|-end|p2a: Kingambit|move: Yawn|[silent]\n|-status|p2a: Kingambit|slp\n|upkeep\n|turn|8\n|\n|t:|1700596486\n|cant|p2a: Kingambit|slp\n|move|p1a: Ribombee|Tailwind|p1a: Ribombee\n|-sidestart|p1: Jeoxikes|move: Tailwind\n|\n|-weather|SunnyDay|[upkeep]\n|upkeep\n|turn|9\n|\n|t:|1700596493\n|cant|p2a: Kingambit|slp\n|move|p1a: Ribombee|Sticky Web|p2a: Kingambit\n|-sidestart|p2: Thehombre|move: Sticky Web\n|\n|-weather|SunnyDay|[upkeep]\n|-sideend|p1: Jeoxikes|move: Light Screen\n|upkeep\n|turn|10\n|\n|t:|1700596501\n|cant|p2a: Kingambit|slp\n|move|p1a: Ribombee|Stun Spore|p2a: Kingambit|[miss]\n|-miss|p1a: Ribombee|p2a: Kingambit\n|\n|-weather|SunnyDay|[upkeep]\n|-sideend|p1: Jeoxikes|Reflect\n|upkeep\n|turn|11\n|\n|t:|1700596509\n|move|p1a: Ribombee|Stun Spore||[still]\n|-fail|p1a: Ribombee\n|-curestatus|p2a: Kingambit|slp|[msg]\n|move|p2a: Kingambit|Kowtow Cleave|p1a: Ribombee\n|-resisted|p1a: Ribombee\n|-damage|p1a: Ribombee|0 fnt\n|faint|p1a: Ribombee\n|\n|-weather|SunnyDay|[upkeep]\n|-sideend|p1: Jeoxikes|move: Tailwind\n|upkeep\n|\n|t:|1700596522\n|switch|p1a: Charizard|Charizard, M, shiny|100\/100\n|turn|12\n|\n|t:|1700596526\n|move|p2a: Kingambit|Sucker Punch|p1a: Charizard\n|-damage|p1a: Charizard|0 fnt\n|faint|p1a: Charizard\n|\n|-weather|none\n|upkeep\n|-message|Jeoxikes forfeited.\n|\n|win|Thehombre\n|raw|Jeoxikes's rating: 1040 &rarr; <strong>1023<\/strong><br \/>(-17 for losing)\n|raw|Thehombre's rating: 1016 &rarr; <strong>1056<\/strong><br \/>(+40 for winning)\n|l|\u2606Jeoxikes\n","uploadtime":1700596537,"views":1,"p1id":"jeoxikes","p2id":"thehombre","formatid":"gen9ou","rating":1023,"private":0,"password":""}