{"id":"gen9ou-1991386075","p1":"Hibbityhoopblah","p2":"stewiegriffingoat","format":"[Gen 9] OU","log":"|j|\u2606Hibbityhoopblah\n|j|\u2606stewiegriffingoat\n|t:|1700072772\n|gametype|singles\n|player|p1|Hibbityhoopblah|169|1488\n|player|p2|stewiegriffingoat|ethan|1424\n|teamsize|p1|6\n|teamsize|p2|6\n|gen|9\n|tier|[Gen 9] OU\n|rated|\n|rule|Sleep Clause Mod: Limit one foe put to sleep\n|rule|Species Clause: Limit one of each Pok\u00e9mon\n|rule|OHKO Clause: OHKO moves are banned\n|rule|Evasion Items Clause: Evasion items are banned\n|rule|Evasion Moves Clause: Evasion moves are banned\n|rule|Endless Battle Clause: Forcing endless battles is banned\n|rule|HP Percentage Mod: HP is shown in percentages\n|clearpoke\n|poke|p1|Sneasler, M|\n|poke|p1|Rillaboom, M|\n|poke|p1|Great Tusk|\n|poke|p1|Heatran, F|\n|poke|p1|Enamorus, F|\n|poke|p1|Kingambit, M|\n|poke|p2|Gholdengo|\n|poke|p2|Great Tusk|\n|poke|p2|Rillaboom, M|\n|poke|p2|Sneasler, F|\n|poke|p2|Heatran, F|\n|poke|p2|Iron Moth|\n|teampreview\n|inactive|Battle timer is ON: inactive players will automatically lose when time's up. (requested by Hibbityhoopblah)\n|\n|t:|1700072786\n|start\n|switch|p1a: Heatran|Heatran, F|100\/100\n|switch|p2a: Rillaboom|Rillaboom, M|100\/100\n|-fieldstart|move: Grassy Terrain|[from] ability: Grassy Surge|[of] p2a: Rillaboom\n|turn|1\n|\n|t:|1700072792\n|move|p2a: Rillaboom|U-turn|p1a: Heatran\n|-resisted|p1a: Heatran\n|-damage|p1a: Heatran|92\/100\n|\n|t:|1700072796\n|switch|p2a: Sneasler|Sneasler, F|100\/100|[from] U-turn\n|-enditem|p2a: Sneasler|Grassy Seed\n|-boost|p2a: Sneasler|def|1|[from] item: Grassy Seed\n|move|p1a: Heatran|Stealth Rock|p2a: Sneasler\n|-sidestart|p2: stewiegriffingoat|move: Stealth Rock\n|\n|-heal|p1a: Heatran|98\/100|[from] Grassy Terrain\n|-heal|p1a: Heatran|100\/100|[from] item: Leftovers\n|upkeep\n|turn|2\n|\n|t:|1700072809\n|-terastallize|p1a: Heatran|Grass\n|move|p2a: Sneasler|Swords Dance|p2a: Sneasler\n|-boost|p2a: Sneasler|atk|2\n|move|p1a: Heatran|Earth Power|p2a: Sneasler\n|-supereffective|p2a: Sneasler\n|-damage|p2a: Sneasler|31\/100\n|\n|-heal|p2a: Sneasler|37\/100|[from] Grassy Terrain\n|upkeep\n|turn|3\n|\n|t:|1700072816\n|switch|p1a: devindian|Kingambit, M|100\/100\n|move|p2a: Sneasler|Dire Claw|p1a: devindian\n|-immune|p1a: devindian\n|\n|-heal|p2a: Sneasler|43\/100|[from] Grassy Terrain\n|upkeep\n|turn|4\n|\n|t:|1700072830\n|-end|p1a: devindian|fallenundefined|[silent]\n|switch|p1a: Great Tusk|Great Tusk|100\/100\n|move|p2a: Sneasler|Close Combat|p1a: Great Tusk\n|-crit|p1a: Great Tusk\n|-damage|p1a: Great Tusk|0 fnt\n|-unboost|p2a: Sneasler|def|1\n|-unboost|p2a: Sneasler|spd|1\n|faint|p1a: Great Tusk\n|-end|p1a: Great Tusk|Protosynthesis|[silent]\n|\n|-heal|p2a: Sneasler|49\/100|[from] Grassy Terrain\n|upkeep\n|\n|t:|1700072837\n|switch|p1a: Rillaboom|Rillaboom, M|100\/100\n|turn|5\n|\n|t:|1700072843\n|move|p1a: Rillaboom|Grassy Glide|p2a: Sneasler\n|-resisted|p2a: Sneasler\n|-crit|p2a: Sneasler\n|-damage|p2a: Sneasler|0 fnt\n|faint|p2a: Sneasler\n|\n|-fieldend|move: Grassy Terrain\n|upkeep\n|\n|t:|1700072853\n|switch|p2a: Heatran|Heatran, F|100\/100\n|-damage|p2a: Heatran|88\/100|[from] Stealth Rock\n|turn|6\n|\n|t:|1700072864\n|switch|p1a: Enamorus|Enamorus, F|100\/100\n|move|p2a: Heatran|Magma Storm|p1a: Enamorus\n|-crit|p1a: Enamorus\n|-damage|p1a: Enamorus|0 fnt\n|faint|p1a: Enamorus\n|\n|-heal|p2a: Heatran|94\/100|[from] item: Leftovers\n|upkeep\n|\n|t:|1700072873\n|switch|p1a: Heatran|Heatran, F, tera:Grass|100\/100\n|turn|7\n|\n|t:|1700072879\n|switch|p2a: Rillaboom|Rillaboom, M|100\/100\n|-damage|p2a: Rillaboom|88\/100|[from] Stealth Rock\n|-fieldstart|move: Grassy Terrain|[from] ability: Grassy Surge|[of] p2a: Rillaboom\n|move|p1a: Heatran|Earth Power|p2a: Rillaboom\n|-resisted|p2a: Rillaboom\n|-damage|p2a: Rillaboom|69\/100\n|\n|-heal|p2a: Rillaboom|76\/100|[from] Grassy Terrain\n|upkeep\n|turn|8\n|\n|t:|1700072883\n|move|p2a: Rillaboom|U-turn|p1a: Heatran\n|-supereffective|p1a: Heatran\n|-damage|p1a: Heatran|36\/100\n|\n|t:|1700072887\n|switch|p2a: Iron Moth|Iron Moth|100\/100|[from] U-turn\n|-damage|p2a: Iron Moth|76\/100|[from] Stealth Rock\n|-enditem|p2a: Iron Moth|Booster Energy\n|-activate|p2a: Iron Moth|ability: Quark Drive|[fromitem]\n|-start|p2a: Iron Moth|quarkdrivespe\n|move|p1a: Heatran|Magma Storm|p2a: Iron Moth\n|-resisted|p2a: Iron Moth\n|-damage|p2a: Iron Moth|54\/100\n|-activate|p2a: Iron Moth|move: Magma Storm|[of] p1a: Heatran\n|\n|-heal|p2a: Iron Moth|60\/100|[from] Grassy Terrain\n|-heal|p1a: Heatran|42\/100|[from] Grassy Terrain\n|-heal|p1a: Heatran|48\/100|[from] item: Leftovers\n|-damage|p2a: Iron Moth|47\/100|[from] move: Magma Storm|[partiallytrapped]\n|upkeep\n|turn|9\n|\n|t:|1700072896\n|move|p2a: Iron Moth|Sludge Wave|p1a: Heatran\n|-supereffective|p1a: Heatran\n|-damage|p1a: Heatran|0 fnt\n|faint|p1a: Heatran\n|\n|-heal|p2a: Iron Moth|53\/100|[from] Grassy Terrain\n|-end|p2a: Iron Moth|Magma Storm|[partiallytrapped]|[silent]\n|upkeep\n|\n|t:|1700072897\n|switch|p1a: Sneasler|Sneasler, M|100\/100\n|-enditem|p1a: Sneasler|Grassy Seed\n|-boost|p1a: Sneasler|def|1|[from] item: Grassy Seed\n|turn|10\n|\n|t:|1700072903\n|move|p1a: Sneasler|Acrobatics|p2a: Iron Moth\n|-damage|p2a: Iron Moth|0 fnt\n|faint|p2a: Iron Moth\n|-end|p2a: Iron Moth|Quark Drive|[silent]\n|\n|upkeep\n|\n|t:|1700072912\n|switch|p2a: Gholdengo|Gholdengo|100\/100\n|-damage|p2a: Gholdengo|94\/100|[from] Stealth Rock\n|turn|11\n|\n|t:|1700072919\n|move|p1a: Sneasler|Swords Dance|p1a: Sneasler\n|-boost|p1a: Sneasler|atk|2\n|move|p2a: Gholdengo|Trick|p1a: Sneasler\n|-activate|p2a: Gholdengo|move: Trick|[of] p1a: Sneasler\n|-item|p1a: Sneasler|Choice Scarf|[from] move: Trick\n|-enditem|p2a: Gholdengo|Choice Scarf|[silent]|[from] move: Trick\n|\n|-heal|p2a: Gholdengo|100\/100|[from] Grassy Terrain\n|-fieldend|move: Grassy Terrain\n|upkeep\n|turn|12\n|\n|t:|1700072926\n|move|p1a: Sneasler|Acrobatics|p2a: Gholdengo\n|-resisted|p2a: Gholdengo\n|-damage|p2a: Gholdengo|76\/100\n|move|p2a: Gholdengo|Make It Rain|p1a: Sneasler\n|-damage|p1a: Sneasler|13\/100\n|-unboost|p2a: Gholdengo|spa|1\n|\n|upkeep\n|turn|13\n|\n|t:|1700072930\n|move|p1a: Sneasler|Acrobatics|p2a: Gholdengo\n|-resisted|p2a: Gholdengo\n|-crit|p2a: Gholdengo\n|-damage|p2a: Gholdengo|44\/100\n|move|p2a: Gholdengo|Shadow Ball|p1a: Sneasler\n|-damage|p1a: Sneasler|0 fnt\n|faint|p1a: Sneasler\n|\n|upkeep\n|\n|t:|1700072936\n|switch|p1a: Rillaboom|Rillaboom, M|100\/100\n|-fieldstart|move: Grassy Terrain|[from] ability: Grassy Surge|[of] p1a: Rillaboom\n|turn|14\n|\n|t:|1700072944\n|move|p2a: Gholdengo|Trick|p1a: Rillaboom\n|-activate|p2a: Gholdengo|move: Trick|[of] p1a: Rillaboom\n|-enditem|p1a: Rillaboom|Choice Band|[silent]|[from] move: Trick\n|-item|p2a: Gholdengo|Choice Band|[from] move: Trick\n|move|p1a: Rillaboom|Knock Off|p2a: Gholdengo\n|-supereffective|p2a: Gholdengo\n|-damage|p2a: Gholdengo|0 fnt\n|-enditem|p2a: Gholdengo|Choice Band|[from] move: Knock Off|[of] p1a: Rillaboom\n|faint|p2a: Gholdengo\n|\n|upkeep\n|\n|t:|1700072960\n|switch|p2a: Heatran|Heatran, F|94\/100\n|-damage|p2a: Heatran|82\/100|[from] Stealth Rock\n|turn|15\n|\n|t:|1700072963\n|switch|p1a: devindian|Kingambit, M|100\/100\n|-activate|p1a: devindian|ability: Supreme Overlord\n|-start|p1a: devindian|fallen4|[silent]\n|move|p2a: Heatran|Magma Storm|p1a: devindian|[miss]\n|-miss|p2a: Heatran|p1a: devindian\n|\n|-heal|p2a: Heatran|88\/100|[from] Grassy Terrain\n|-heal|p2a: Heatran|94\/100|[from] item: Leftovers\n|upkeep\n|turn|16\n|\n|t:|1700072968\n|move|p2a: Heatran|Magma Storm|p1a: devindian|[miss]\n|-miss|p2a: Heatran|p1a: devindian\n|move|p1a: devindian|Kowtow Cleave|p2a: Heatran\n|-damage|p2a: Heatran|23\/100\n|\n|-heal|p2a: Heatran|30\/100|[from] Grassy Terrain\n|-heal|p2a: Heatran|36\/100|[from] item: Leftovers\n|upkeep\n|turn|17\n|\n|t:|1700072976\n|move|p2a: Heatran|Protect|p2a: Heatran\n|-singleturn|p2a: Heatran|Protect\n|move|p1a: devindian|Sucker Punch||[still]\n|-fail|p1a: devindian\n|\n|-heal|p2a: Heatran|42\/100|[from] Grassy Terrain\n|-heal|p2a: Heatran|48\/100|[from] item: Leftovers\n|upkeep\n|turn|18\n|\n|t:|1700072980\n|move|p1a: devindian|Sucker Punch|p2a: Heatran\n|-damage|p2a: Heatran|0 fnt\n|faint|p2a: Heatran\n|\n|-fieldend|move: Grassy Terrain\n|upkeep\n|\n|t:|1700072983\n|switch|p2a: Great Tusk|Great Tusk|100\/100\n|-damage|p2a: Great Tusk|98\/100|[from] Stealth Rock\n|turn|19\n|\n|t:|1700072987\n|move|p2a: Great Tusk|Close Combat|p1a: devindian\n|-supereffective|p1a: devindian\n|-damage|p1a: devindian|0 fnt\n|-unboost|p2a: Great Tusk|def|1\n|-unboost|p2a: Great Tusk|spd|1\n|faint|p1a: devindian\n|-end|p1a: devindian|fallen4|[silent]\n|\n|upkeep\n|\n|t:|1700072989\n|switch|p1a: Rillaboom|Rillaboom, M|100\/100\n|-fieldstart|move: Grassy Terrain|[from] ability: Grassy Surge|[of] p1a: Rillaboom\n|turn|20\n|\n|t:|1700072997\n|move|p1a: Rillaboom|U-turn|p2a: Great Tusk\n|-resisted|p2a: Great Tusk\n|-damage|p2a: Great Tusk|85\/100\n|move|p2a: Great Tusk|Knock Off|p1a: Rillaboom\n|-damage|p1a: Rillaboom|77\/100\n|\n|-heal|p1a: Rillaboom|83\/100|[from] Grassy Terrain\n|-heal|p2a: Great Tusk|91\/100|[from] Grassy Terrain\n|upkeep\n|turn|21\n|\n|t:|1700073004\n|move|p1a: Rillaboom|Grassy Glide|p2a: Great Tusk\n|-supereffective|p2a: Great Tusk\n|-damage|p2a: Great Tusk|7\/100\n|move|p2a: Great Tusk|Close Combat|p1a: Rillaboom\n|-damage|p1a: Rillaboom|17\/100\n|-unboost|p2a: Great Tusk|def|1\n|-unboost|p2a: Great Tusk|spd|1\n|\n|-heal|p1a: Rillaboom|23\/100|[from] Grassy Terrain\n|-heal|p2a: Great Tusk|13\/100|[from] Grassy Terrain\n|upkeep\n|turn|22\n|\n|t:|1700073009\n|move|p1a: Rillaboom|Grassy Glide|p2a: Great Tusk\n|-supereffective|p2a: Great Tusk\n|-damage|p2a: Great Tusk|0 fnt\n|faint|p2a: Great Tusk\n|-end|p2a: Great Tusk|Protosynthesis|[silent]\n|\n|-heal|p1a: Rillaboom|29\/100|[from] Grassy Terrain\n|upkeep\n|\n|t:|1700073014\n|switch|p2a: Rillaboom|Rillaboom, M|76\/100\n|-damage|p2a: Rillaboom|63\/100|[from] Stealth Rock\n|turn|23\n|\n|t:|1700073020\n|-terastallize|p2a: Rillaboom|Grass\n|move|p2a: Rillaboom|Grassy Glide|p1a: Rillaboom\n|-resisted|p1a: Rillaboom\n|-damage|p1a: Rillaboom|0 fnt\n|faint|p1a: Rillaboom\n|\n|win|stewiegriffingoat\n|raw|Hibbityhoopblah's rating: 1488 &rarr; <strong>1464<\/strong><br \/>(-24 for losing)\n|raw|stewiegriffingoat's rating: 1424 &rarr; <strong>1448<\/strong><br \/>(+24 for winning)\n|l|\u2606Hibbityhoopblah\n|l|\u2606stewiegriffingoat\n|j|\u2606stewiegriffingoat\n|player|p2|stewiegriffingoat|ethan\n","uploadtime":1700073272,"views":7,"p1id":"hibbityhoopblah","p2id":"stewiegriffingoat","formatid":"gen9ou","rating":1448,"private":0,"password":""}