{"id":"gen9ou-1994312577","p1":"dawggggg","p2":"02831318 blu","format":"[Gen 9] OU","log":"|j|\u2606dawggggg\n|j|\u260602831318 blu\n|t:|1700429930\n|gametype|singles\n|player|p1|dawggggg|102|1017\n|player|p2|02831318 blu|1|1002\n|teamsize|p1|6\n|teamsize|p2|6\n|gen|9\n|tier|[Gen 9] OU\n|rated|\n|rule|Sleep Clause Mod: Limit one foe put to sleep\n|rule|Species Clause: Limit one of each Pok\u00e9mon\n|rule|OHKO Clause: OHKO moves are banned\n|rule|Evasion Items Clause: Evasion items are banned\n|rule|Evasion Moves Clause: Evasion moves are banned\n|rule|Endless Battle Clause: Forcing endless battles is banned\n|rule|HP Percentage Mod: HP is shown in percentages\n|clearpoke\n|poke|p1|Kingambit, F|\n|poke|p1|Glimmora, M|\n|poke|p1|Zamazenta-*|\n|poke|p1|Iron Valiant|\n|poke|p1|Iron Moth|\n|poke|p1|Ogerpon-Wellspring, F|\n|poke|p2|Greninja-*, F|\n|poke|p2|Garchomp, M|\n|poke|p2|Lucario, F|\n|poke|p2|Gengar, F|\n|poke|p2|Lycanroc-Dusk, M|\n|poke|p2|Tyranitar, F|\n|teampreview\n|\n|t:|1700429972\n|start\n|switch|p1a: Glimmora|Glimmora, M|100\/100\n|switch|p2a: Tyranitar|Tyranitar, F, shiny|100\/100\n|-weather|Sandstorm|[from] ability: Sand Stream|[of] p2a: Tyranitar\n|turn|1\n|\n|t:|1700429984\n|move|p1a: Glimmora|Stealth Rock|p2a: Tyranitar\n|-sidestart|p2: 02831318 blu|move: Stealth Rock\n|move|p2a: Tyranitar|Dragon Claw|p1a: Glimmora\n|-damage|p1a: Glimmora|69\/100\n|-activate|p1a: Glimmora|ability: Toxic Debris\n|-sidestart|p2: 02831318 blu|move: Toxic Spikes\n|\n|-weather|Sandstorm|[upkeep]\n|upkeep\n|turn|2\n|c|\u2606dawggggg|wow, this is like a gen 6 team\n|\n|t:|1700430001\n|move|p1a: Glimmora|Earth Power|p2a: Tyranitar\n|-supereffective|p2a: Tyranitar\n|-damage|p2a: Tyranitar|64\/100\n|move|p2a: Tyranitar|Dragon Claw|p1a: Glimmora\n|-damage|p1a: Glimmora|35\/100\n|-activate|p1a: Glimmora|ability: Toxic Debris\n|-sidestart|p2: 02831318 blu|move: Toxic Spikes\n|\n|-weather|Sandstorm|[upkeep]\n|upkeep\n|turn|3\n|c|\u2606dawggggg|i used to use a really similar playset to this, u should try gen6ou tho\n|\n|t:|1700430013\n|move|p1a: Glimmora|Earth Power|p2a: Tyranitar\n|-supereffective|p2a: Tyranitar\n|-damage|p2a: Tyranitar|29\/100\n|move|p2a: Tyranitar|Dragon Claw|p1a: Glimmora\n|-damage|p1a: Glimmora|2\/100\n|\n|-weather|Sandstorm|[upkeep]\n|upkeep\n|turn|4\n|\n|t:|1700430027\n|move|p1a: Glimmora|Earth Power|p2a: Tyranitar\n|-supereffective|p2a: Tyranitar\n|-damage|p2a: Tyranitar|0 fnt\n|faint|p2a: Tyranitar\n|\n|-weather|Sandstorm|[upkeep]\n|upkeep\n|\n|t:|1700430034\n|switch|p2a: Garchomp|Garchomp, M, shiny|100\/100\n|-damage|p2a: Garchomp|94\/100|[from] Stealth Rock\n|-status|p2a: Garchomp|tox\n|turn|5\n|\n|t:|1700430042\n|move|p2a: Garchomp|Draco Meteor|p1a: Glimmora\n|-damage|p1a: Glimmora|0 fnt\n|-unboost|p2a: Garchomp|spa|2\n|faint|p1a: Glimmora\n|\n|-weather|none\n|-damage|p2a: Garchomp|88\/100 tox|[from] psn\n|upkeep\n|\n|t:|1700430052\n|switch|p1a: Zamazenta|Zamazenta, shiny|100\/100\n|-ability|p1a: Zamazenta|Dauntless Shield|boost\n|-boost|p1a: Zamazenta|def|1\n|turn|6\n|\n|t:|1700430069\n|-terastallize|p1a: Zamazenta|Fire\n|move|p1a: Zamazenta|Stone Edge|p2a: Garchomp\n|-resisted|p2a: Garchomp\n|-damage|p2a: Garchomp|74\/100 tox\n|move|p2a: Garchomp|Draco Meteor|p1a: Zamazenta\n|-damage|p1a: Zamazenta|79\/100\n|-unboost|p2a: Garchomp|spa|2\n|\n|-heal|p1a: Zamazenta|85\/100|[from] item: Leftovers\n|-damage|p2a: Garchomp|61\/100 tox|[from] psn\n|upkeep\n|turn|7\n|\n|t:|1700430086\n|move|p1a: Zamazenta|Iron Defense|p1a: Zamazenta\n|-boost|p1a: Zamazenta|def|2\n|move|p2a: Garchomp|Draco Meteor|p1a: Zamazenta\n|-damage|p1a: Zamazenta|73\/100\n|-unboost|p2a: Garchomp|spa|2\n|\n|-heal|p1a: Zamazenta|79\/100|[from] item: Leftovers\n|-damage|p2a: Garchomp|43\/100 tox|[from] psn\n|upkeep\n|turn|8\n|\n|t:|1700430098\n|move|p1a: Zamazenta|Iron Defense|p1a: Zamazenta\n|-boost|p1a: Zamazenta|def|2\n|move|p2a: Garchomp|Draco Meteor|p1a: Zamazenta\n|-damage|p1a: Zamazenta|70\/100\n|\n|-heal|p1a: Zamazenta|76\/100|[from] item: Leftovers\n|-damage|p2a: Garchomp|18\/100 tox|[from] psn\n|upkeep\n|turn|9\n|\n|t:|1700430107\n|move|p1a: Zamazenta|Iron Defense|p1a: Zamazenta\n|-boost|p1a: Zamazenta|def|1\n|move|p2a: Garchomp|Draco Meteor|p1a: Zamazenta\n|-damage|p1a: Zamazenta|67\/100\n|\n|-heal|p1a: Zamazenta|73\/100|[from] item: Leftovers\n|-damage|p2a: Garchomp|0 fnt|[from] psn\n|faint|p2a: Garchomp\n|upkeep\n|\n|t:|1700430120\n|switch|p2a: Lycanroc|Lycanroc-Dusk, M, shiny|100\/100\n|-damage|p2a: Lycanroc|88\/100|[from] Stealth Rock\n|-status|p2a: Lycanroc|tox\n|turn|10\n|\n|t:|1700430139\n|move|p1a: Zamazenta|Stone Edge|p2a: Lycanroc\n|-damage|p2a: Lycanroc|43\/100 tox\n|move|p2a: Lycanroc|Brick Break|p1a: Zamazenta\n|-damage|p1a: Zamazenta|67\/100\n|\n|-heal|p1a: Zamazenta|73\/100|[from] item: Leftovers\n|-damage|p2a: Lycanroc|37\/100 tox|[from] psn\n|upkeep\n|turn|11\n|\n|t:|1700430147\n|move|p1a: Zamazenta|Stone Edge|p2a: Lycanroc\n|-damage|p2a: Lycanroc|0 fnt\n|faint|p2a: Lycanroc\n|\n|-heal|p1a: Zamazenta|79\/100|[from] item: Leftovers\n|upkeep\n|\n|t:|1700430153\n|switch|p2a: naruto|Greninja, F, shiny|100\/100\n|-damage|p2a: naruto|88\/100|[from] Stealth Rock\n|-status|p2a: naruto|tox\n|turn|12\n|\n|t:|1700430169\n|move|p1a: Zamazenta|Body Press|p2a: naruto\n|-supereffective|p2a: naruto\n|-damage|p2a: naruto|0 fnt\n|faint|p2a: naruto\n|\n|-heal|p1a: Zamazenta|85\/100|[from] item: Leftovers\n|upkeep\n|\n|t:|1700430176\n|switch|p2a: mi dios|Lucario, F, shiny|100\/100\n|-damage|p2a: mi dios|97\/100|[from] Stealth Rock\n|turn|13\n|\n|t:|1700430182\n|move|p1a: Zamazenta|Crunch|p2a: mi dios\n|-resisted|p2a: mi dios\n|-damage|p2a: mi dios|81\/100\n|move|p2a: mi dios|Aura Sphere|p1a: Zamazenta\n|-damage|p1a: Zamazenta|53\/100\n|\n|-heal|p1a: Zamazenta|60\/100|[from] item: Leftovers\n|upkeep\n|turn|14\n|\n|t:|1700430194\n|move|p1a: Zamazenta|Body Press|p2a: mi dios\n|-supereffective|p2a: mi dios\n|-damage|p2a: mi dios|0 fnt\n|faint|p2a: mi dios\n|\n|-heal|p1a: Zamazenta|66\/100|[from] item: Leftovers\n|upkeep\n|\n|t:|1700430201\n|switch|p2a: fantasmita|Gengar, F, shiny|100\/100\n|-damage|p2a: fantasmita|88\/100|[from] Stealth Rock\n|-sideend|p2: 02831318 blu|move: Toxic Spikes|[of] p2a: fantasmita\n|turn|15\n|\n|t:|1700430211\n|move|p1a: Zamazenta|Crunch|p2a: fantasmita\n|-supereffective|p2a: fantasmita\n|-damage|p2a: fantasmita|3\/100\n|-start|p1a: Zamazenta|Disable|Crunch|[from] ability: Cursed Body|[of] p2a: fantasmita\n|move|p2a: fantasmita|Clear Smog|p1a: Zamazenta\n|-damage|p1a: Zamazenta|43\/100\n|-clearboost|p1a: Zamazenta\n|\n|-heal|p1a: Zamazenta|49\/100|[from] item: Leftovers\n|upkeep\n|turn|16\n|\n|t:|1700430221\n|move|p1a: Zamazenta|Stone Edge|p2a: fantasmita|[miss]\n|-miss|p1a: Zamazenta|p2a: fantasmita\n|move|p2a: fantasmita|Clear Smog|p1a: Zamazenta\n|-damage|p1a: Zamazenta|28\/100\n|-clearboost|p1a: Zamazenta\n|\n|-heal|p1a: Zamazenta|34\/100|[from] item: Leftovers\n|upkeep\n|turn|17\n|\n|t:|1700430231\n|move|p1a: Zamazenta|Stone Edge|p2a: fantasmita\n|-damage|p2a: fantasmita|0 fnt\n|faint|p2a: fantasmita\n|\n|win|dawggggg\n|raw|dawggggg's rating: 1017 &rarr; <strong>1053<\/strong><br \/>(+36 for winning)\n|raw|02831318 blu's rating: 1002 &rarr; <strong>1000<\/strong><br \/>(-2 for losing)\n|c|\u2606dawggggg|gg\n","uploadtime":1700430242,"views":15,"p1id":"dawggggg","p2id":"02831318blu","formatid":"gen9ou","rating":1000,"private":0,"password":""}