{"id":"gen9ou-1988528979","p1":"NovaProgression","p2":"BEBOSES","format":"[Gen 9] OU","log":"|j|\u2606NovaProgression\n|j|\u2606BEBOSES\n|t:|1699732687\n|gametype|singles\n|player|p1|NovaProgression|roxie|1160\n|player|p2|BEBOSES|lucas|1095\n|teamsize|p1|6\n|teamsize|p2|6\n|gen|9\n|tier|[Gen 9] OU\n|rated|\n|rule|Sleep Clause Mod: Limit one foe put to sleep\n|rule|Species Clause: Limit one of each Pok\u00e9mon\n|rule|OHKO Clause: OHKO moves are banned\n|rule|Evasion Items Clause: Evasion items are banned\n|rule|Evasion Moves Clause: Evasion moves are banned\n|rule|Endless Battle Clause: Forcing endless battles is banned\n|rule|HP Percentage Mod: HP is shown in percentages\n|clearpoke\n|poke|p1|Weezing-Galar, F|\n|poke|p1|Ogerpon-Cornerstone, F|\n|poke|p1|Arcanine-Hisui, F|\n|poke|p1|Crawdaunt, M|\n|poke|p1|Ribombee, F|\n|poke|p1|Kommo-o, M|\n|poke|p2|Meowscarada, F|\n|poke|p2|Slither Wing|\n|poke|p2|Dragapult, M|\n|poke|p2|Iron Treads|\n|poke|p2|Zoroark-Hisui, F|\n|poke|p2|Clodsire, M|\n|teampreview\n|\n|t:|1699732697\n|start\n|switch|p1a: Ribombee|Ribombee, F|100\/100\n|switch|p2a: Clodsire|Clodsire, M|100\/100\n|turn|1\n|\n|t:|1699732703\n|move|p1a: Ribombee|Sticky Web|p2a: Clodsire\n|-sidestart|p2: BEBOSES|move: Sticky Web\n|move|p2a: Clodsire|Stealth Rock|p1a: Ribombee\n|-sidestart|p1: NovaProgression|move: Stealth Rock\n|\n|upkeep\n|turn|2\n|\n|t:|1699732715\n|switch|p1a: Ogerpon|Ogerpon-Cornerstone, F|100\/100\n|-damage|p1a: Ogerpon|88\/100|[from] Stealth Rock\n|move|p2a: Clodsire|Spikes|p1a: Ogerpon\n|-sidestart|p1: NovaProgression|Spikes\n|\n|upkeep\n|turn|3\n|\n|t:|1699732723\n|move|p1a: Ogerpon|Swords Dance|p1a: Ogerpon\n|-boost|p1a: Ogerpon|atk|2\n|move|p2a: Clodsire|Toxic Spikes|p1a: Ogerpon\n|-sidestart|p1: NovaProgression|move: Toxic Spikes\n|\n|upkeep\n|turn|4\n|\n|t:|1699732728\n|move|p1a: Ogerpon|Trailblaze|p2a: Clodsire\n|-damage|p2a: Clodsire|57\/100\n|-boost|p1a: Ogerpon|spe|1\n|move|p2a: Clodsire|Toxic Spikes|p1a: Ogerpon\n|-sidestart|p1: NovaProgression|move: Toxic Spikes\n|\n|upkeep\n|turn|5\n|\n|t:|1699732745\n|switch|p2a: Dragapult|Dragapult, M|100\/100\n|-activate|p2a: Dragapult|move: Sticky Web\n|-unboost|p2a: Dragapult|spe|1\n|move|p1a: Ogerpon|Swords Dance|p1a: Ogerpon\n|-boost|p1a: Ogerpon|atk|2\n|\n|upkeep\n|turn|6\n|\n|t:|1699732754\n|move|p1a: Ogerpon|Ivy Cudgel|p2a: Dragapult\n|-damage|p2a: Dragapult|0 fnt\n|faint|p2a: Dragapult\n|\n|upkeep\n|\n|t:|1699732759\n|switch|p2a: Iron Treads|Iron Treads|100\/100\n|-activate|p2a: Iron Treads|move: Sticky Web\n|-unboost|p2a: Iron Treads|spe|1\n|-enditem|p2a: Iron Treads|Booster Energy\n|-activate|p2a: Iron Treads|ability: Quark Drive|[fromitem]\n|-start|p2a: Iron Treads|quarkdrivedef\n|turn|7\n|\n|t:|1699732770\n|move|p1a: Ogerpon|Trailblaze|p2a: Iron Treads\n|-damage|p2a: Iron Treads|43\/100\n|-boost|p1a: Ogerpon|spe|1\n|move|p2a: Iron Treads|Rapid Spin|p1a: Ogerpon\n|-resisted|p1a: Ogerpon\n|-damage|p1a: Ogerpon|80\/100\n|-boost|p2a: Iron Treads|spe|1\n|-sideend|p2: BEBOSES|Sticky Web|[from] move: Rapid Spin|[of] p2a: Iron Treads\n|\n|upkeep\n|turn|8\n|inactive|Battle timer is ON: inactive players will automatically lose when time's up. (requested by NovaProgression)\n|\n|t:|1699732802\n|move|p1a: Ogerpon|Trailblaze|p2a: Iron Treads\n|-damage|p2a: Iron Treads|0 fnt\n|-boost|p1a: Ogerpon|spe|1\n|faint|p2a: Iron Treads\n|-end|p2a: Iron Treads|Quark Drive|[silent]\n|\n|upkeep\n|\n|t:|1699732816\n|switch|p2a: Slither Wing|Slither Wing|100\/100\n|-enditem|p2a: Slither Wing|Booster Energy\n|-activate|p2a: Slither Wing|ability: Protosynthesis|[fromitem]\n|-start|p2a: Slither Wing|protosynthesisatk\n|turn|9\n|\n|t:|1699732822\n|move|p1a: Ogerpon|Ivy Cudgel|p2a: Slither Wing\n|-crit|p2a: Slither Wing\n|-damage|p2a: Slither Wing|0 fnt\n|faint|p2a: Slither Wing\n|-end|p2a: Slither Wing|Protosynthesis|[silent]\n|\n|upkeep\n|c|\u2606BEBOSES|crit mattered\n|\n|t:|1699732833\n|switch|p2a: Clodsire|Clodsire, M|57\/100\n|turn|10\n|\n|t:|1699732841\n|move|p1a: Ogerpon|Horn Leech|p2a: Clodsire\n|-damage|p2a: Clodsire|0 fnt\n|-heal|p1a: Ogerpon|100\/100|[from] drain|[of] p2a: Clodsire\n|faint|p2a: Clodsire\n|\n|upkeep\n|\n|t:|1699732846\n|switch|p2a: Meowscarada|Meowscarada, F|100\/100\n|turn|11\n|\n|t:|1699732852\n|-terastallize|p2a: Meowscarada|Normal\n|move|p1a: Ogerpon|Ivy Cudgel|p2a: Meowscarada\n|-damage|p2a: Meowscarada|0 fnt\n|replace|p2a: Zoroark|Zoroark-Hisui, F\n|-end|p2a: Zoroark|Illusion\n|faint|p2a: Zoroark\n|\n|upkeep\n|\n|t:|1699732858\n|switch|p2a: Meowscarada|Meowscarada, F|100\/100\n|turn|12\n|\n|t:|1699732867\n|move|p1a: Ogerpon|Ivy Cudgel|p2a: Meowscarada\n|-damage|p2a: Meowscarada|0 fnt\n|faint|p2a: Meowscarada\n|\n|win|NovaProgression\n|raw|NovaProgression's rating: 1160 &rarr; <strong>1180<\/strong><br \/>(+20 for winning)\n|raw|BEBOSES's rating: 1095 &rarr; <strong>1075<\/strong><br \/>(-20 for losing)\n","uploadtime":1699732876,"views":16,"p1id":"novaprogression","p2id":"beboses","formatid":"gen9ou","rating":1075,"private":0,"password":""}