{"id":"gen9ou-1988716928","p1":"swampass911","p2":"TrepYT","format":"[Gen 9] OU","log":"|j|\u2606swampass911\n|j|\u203dTrepYT\n|t:|1699754257\n|gametype|singles\n|player|p1|swampass911|swimmerf|1607\n|player|p2|TrepYT|swimmerf|1638\n|teamsize|p1|6\n|teamsize|p2|6\n|gen|9\n|tier|[Gen 9] OU\n|rated|\n|rule|Sleep Clause Mod: Limit one foe put to sleep\n|rule|Species Clause: Limit one of each Pok\u00e9mon\n|rule|OHKO Clause: OHKO moves are banned\n|rule|Evasion Items Clause: Evasion items are banned\n|rule|Evasion Moves Clause: Evasion moves are banned\n|rule|Endless Battle Clause: Forcing endless battles is banned\n|rule|HP Percentage Mod: HP is shown in percentages\n|clearpoke\n|poke|p1|Clefable, F|\n|poke|p1|Dragapult, M|\n|poke|p1|Mandibuzz, F|\n|poke|p1|Milotic, F|\n|poke|p1|Skeledirge, F|\n|poke|p1|Gliscor, M|\n|poke|p2|Samurott-Hisui, M|\n|poke|p2|Cresselia, F|\n|poke|p2|Kingambit, F|\n|poke|p2|Scizor, M|\n|poke|p2|Garchomp, F|\n|poke|p2|Heatran, M|\n|teampreview\n|inactive|Battle timer is ON: inactive players will automatically lose when time's up. (requested by swampass911)\n|inactive|swampass911 has 120 seconds left.\n|\n|t:|1699754294\n|start\n|switch|p1a: Clefable|Clefable, F|100\/100\n|switch|p2a: Scizor|Scizor, M|100\/100\n|turn|1\n|j| FoughtOrpheus8\n|\n|t:|1699754306\n|switch|p1a: Mandibuzz|Mandibuzz, F|100\/100\n|move|p2a: Scizor|Knock Off|p1a: Mandibuzz\n|-resisted|p1a: Mandibuzz\n|-damage|p1a: Mandibuzz|85\/100\n|-enditem|p1a: Mandibuzz|Heavy-Duty Boots|[from] move: Knock Off|[of] p2a: Scizor\n|\n|upkeep\n|turn|2\n|\n|t:|1699754309\n|switch|p2a: Garchomp|Garchomp, F|100\/100\n|move|p1a: Mandibuzz|Knock Off|p2a: Garchomp\n|-damage|p2a: Garchomp|85\/100\n|-damage|p1a: Mandibuzz|73\/100|[from] ability: Rough Skin|[of] p2a: Garchomp\n|-damage|p1a: Mandibuzz|57\/100|[from] item: Rocky Helmet|[of] p2a: Garchomp\n|-enditem|p2a: Garchomp|Rocky Helmet|[from] move: Knock Off|[of] p1a: Mandibuzz\n|\n|upkeep\n|turn|3\n|\n|t:|1699754312\n|switch|p2a: Heatran|Heatran, M|100\/100\n|move|p1a: Mandibuzz|Roost|p1a: Mandibuzz\n|-heal|p1a: Mandibuzz|100\/100\n|-singleturn|p1a: Mandibuzz|move: Roost\n|\n|upkeep\n|turn|4\n|\n|t:|1699754316\n|switch|p1a: Milotic|Milotic, F|100\/100\n|move|p2a: Heatran|Substitute|p2a: Heatran\n|-start|p2a: Heatran|Substitute\n|-damage|p2a: Heatran|76\/100\n|\n|-heal|p2a: Heatran|82\/100|[from] item: Leftovers\n|upkeep\n|turn|5\n|\n|t:|1699754332\n|move|p1a: Milotic|Scald|p2a: Heatran\n|-supereffective|p2a: Heatran\n|-end|p2a: Heatran|Substitute\n|move|p2a: Heatran|Magma Storm|p1a: Milotic\n|-resisted|p1a: Milotic\n|-damage|p1a: Milotic|85\/100\n|-activate|p1a: Milotic|move: Magma Storm|[of] p2a: Heatran\n|\n|-heal|p2a: Heatran|88\/100|[from] item: Leftovers\n|-damage|p1a: Milotic|72\/100|[from] move: Magma Storm|[partiallytrapped]\n|upkeep\n|turn|6\n|j| cvvyyuyu656ererw\n|\n|t:|1699754344\n|switch|p2a: Samurott|Samurott-Hisui, M|100\/100\n|move|p1a: Milotic|Scald|p2a: Samurott\n|-resisted|p2a: Samurott\n|-damage|p2a: Samurott|89\/100\n|\n|-end|p1a: Milotic|Magma Storm|[partiallytrapped]|[silent]\n|upkeep\n|turn|7\n|\n|t:|1699754354\n|switch|p1a: Clefable|Clefable, F|100\/100\n|move|p2a: Samurott|Ceaseless Edge|p1a: Clefable\n|-resisted|p1a: Clefable\n|-damage|p1a: Clefable|82\/100\n|-sidestart|p1: swampass911|Spikes\n|\n|-heal|p1a: Clefable|88\/100|[from] item: Leftovers\n|upkeep\n|turn|8\n|\n|t:|1699754357\n|move|p2a: Samurott|Aqua Cutter|p1a: Clefable\n|-damage|p1a: Clefable|45\/100\n|move|p1a: Clefable|Stealth Rock|p2a: Samurott\n|-sidestart|p2: TrepYT|move: Stealth Rock\n|\n|-heal|p1a: Clefable|51\/100|[from] item: Leftovers\n|upkeep\n|turn|9\n|\n|t:|1699754364\n|move|p2a: Samurott|Aqua Cutter|p1a: Clefable\n|-damage|p1a: Clefable|11\/100\n|move|p1a: Clefable|Moonblast|p2a: Samurott\n|-supereffective|p2a: Samurott\n|-damage|p2a: Samurott|33\/100\n|\n|-heal|p1a: Clefable|17\/100|[from] item: Leftovers\n|upkeep\n|turn|10\n|\n|t:|1699754376\n|switch|p1a: Mandibuzz|Mandibuzz, F|100\/100\n|move|p2a: Samurott|Ceaseless Edge|p1a: Mandibuzz\n|-resisted|p1a: Mandibuzz\n|-damage|p1a: Mandibuzz|88\/100\n|-sidestart|p1: swampass911|Spikes\n|\n|upkeep\n|turn|11\n|\n|t:|1699754382\n|move|p2a: Samurott|Flip Turn|p1a: Mandibuzz\n|-damage|p1a: Mandibuzz|71\/100\n|\n|t:|1699754384\n|switch|p2a: Garchomp|Garchomp, F|85\/100|[from] Flip Turn\n|-damage|p2a: Garchomp|79\/100|[from] Stealth Rock\n|move|p1a: Mandibuzz|Foul Play|p2a: Garchomp\n|-damage|p2a: Garchomp|52\/100\n|-damage|p1a: Mandibuzz|59\/100|[from] ability: Rough Skin|[of] p2a: Garchomp\n|\n|upkeep\n|turn|12\n|\n|t:|1699754392\n|move|p2a: Garchomp|Stealth Rock|p1a: Mandibuzz\n|-sidestart|p1: swampass911|move: Stealth Rock\n|move|p1a: Mandibuzz|Roost|p1a: Mandibuzz\n|-heal|p1a: Mandibuzz|100\/100\n|-singleturn|p1a: Mandibuzz|move: Roost\n|\n|upkeep\n|turn|13\n|\n|t:|1699754395\n|move|p1a: Mandibuzz|Foul Play|p2a: Garchomp\n|-damage|p2a: Garchomp|27\/100\n|-damage|p1a: Mandibuzz|88\/100|[from] ability: Rough Skin|[of] p2a: Garchomp\n|move|p2a: Garchomp|Dragon Tail|p1a: Mandibuzz\n|-damage|p1a: Mandibuzz|73\/100\n|drag|p1a: Clefable|Clefable, F|17\/100\n|\n|-heal|p1a: Clefable|23\/100|[from] item: Leftovers\n|upkeep\n|turn|14\n|\n|t:|1699754404\n|switch|p1a: Mandibuzz|Mandibuzz, F|73\/100\n|-damage|p1a: Mandibuzz|48\/100|[from] Stealth Rock\n|move|p2a: Garchomp|Earthquake|p1a: Mandibuzz\n|-immune|p1a: Mandibuzz\n|\n|upkeep\n|turn|15\n|\n|t:|1699754406\n|move|p1a: Mandibuzz|Roost|p1a: Mandibuzz\n|-heal|p1a: Mandibuzz|98\/100\n|-singleturn|p1a: Mandibuzz|move: Roost\n|move|p2a: Garchomp|Dragon Tail|p1a: Mandibuzz\n|-damage|p1a: Mandibuzz|83\/100\n|drag|p1a: Milotic|Milotic, F|72\/100\n|\n|upkeep\n|turn|16\n|\n|t:|1699754412\n|move|p1a: Milotic|Recover|p1a: Milotic\n|-heal|p1a: Milotic|100\/100\n|move|p2a: Garchomp|Dragon Tail|p1a: Milotic\n|-damage|p1a: Milotic|75\/100\n|drag|p1a: Skeledirge|Skeledirge, F|100\/100\n|\n|upkeep\n|turn|17\n|\n|t:|1699754417\n|switch|p1a: Mandibuzz|Mandibuzz, F|83\/100\n|-damage|p1a: Mandibuzz|58\/100|[from] Stealth Rock\n|move|p2a: Garchomp|Earthquake|p1a: Mandibuzz\n|-immune|p1a: Mandibuzz\n|\n|upkeep\n|turn|18\n|\n|t:|1699754420\n|move|p1a: Mandibuzz|Foul Play|p2a: Garchomp\n|-damage|p2a: Garchomp|4\/100\n|-damage|p1a: Mandibuzz|45\/100|[from] ability: Rough Skin|[of] p2a: Garchomp\n|move|p2a: Garchomp|Dragon Tail|p1a: Mandibuzz\n|-damage|p1a: Mandibuzz|30\/100\n|drag|p1a: Clefable|Clefable, F|23\/100\n|\n|-heal|p1a: Clefable|29\/100|[from] item: Leftovers\n|upkeep\n|turn|19\n|\n|t:|1699754430\n|switch|p1a: Gliscor|Gliscor, M|100\/100\n|-damage|p1a: Gliscor|88\/100|[from] Stealth Rock\n|move|p2a: Garchomp|Dragon Tail|p1a: Gliscor\n|-damage|p1a: Gliscor|71\/100\n|drag|p1a: Skeledirge|Skeledirge, F|100\/100\n|\n|upkeep\n|turn|20\n|\n|t:|1699754438\n|switch|p1a: Gliscor|Gliscor, M|71\/100\n|-damage|p1a: Gliscor|58\/100|[from] Stealth Rock\n|move|p2a: Garchomp|Dragon Tail|p1a: Gliscor\n|-damage|p1a: Gliscor|39\/100\n|drag|p1a: Clefable|Clefable, F|29\/100\n|\n|-heal|p1a: Clefable|35\/100|[from] item: Leftovers\n|upkeep\n|turn|21\n|\n|t:|1699754445\n|switch|p2a: Heatran|Heatran, M|88\/100\n|-damage|p2a: Heatran|75\/100|[from] Stealth Rock\n|move|p1a: Clefable|Moonlight|p1a: Clefable\n|-heal|p1a: Clefable|85\/100\n|\n|-heal|p2a: Heatran|81\/100|[from] item: Leftovers\n|-heal|p1a: Clefable|91\/100|[from] item: Leftovers\n|upkeep\n|turn|22\n|\n|t:|1699754452\n|switch|p1a: Milotic|Milotic, F|75\/100\n|move|p2a: Heatran|Magma Storm|p1a: Milotic\n|-resisted|p1a: Milotic\n|-damage|p1a: Milotic|59\/100\n|-activate|p1a: Milotic|move: Magma Storm|[of] p2a: Heatran\n|\n|-heal|p2a: Heatran|87\/100|[from] item: Leftovers\n|-damage|p1a: Milotic|47\/100|[from] move: Magma Storm|[partiallytrapped]\n|upkeep\n|turn|23\n|\n|t:|1699754459\n|move|p1a: Milotic|Recover|p1a: Milotic\n|-heal|p1a: Milotic|97\/100\n|move|p2a: Heatran|Substitute|p2a: Heatran\n|-start|p2a: Heatran|Substitute\n|-damage|p2a: Heatran|63\/100\n|\n|-heal|p2a: Heatran|69\/100|[from] item: Leftovers\n|-damage|p1a: Milotic|84\/100|[from] move: Magma Storm|[partiallytrapped]\n|upkeep\n|turn|24\n|\n|t:|1699754461\n|move|p1a: Milotic|Scald|p2a: Heatran\n|-supereffective|p2a: Heatran\n|-end|p2a: Heatran|Substitute\n|move|p2a: Heatran|Earth Power|p1a: Milotic\n|-damage|p1a: Milotic|64\/100\n|\n|-heal|p2a: Heatran|75\/100|[from] item: Leftovers\n|-damage|p1a: Milotic|52\/100|[from] move: Magma Storm|[partiallytrapped]\n|upkeep\n|turn|25\n|\n|t:|1699754472\n|switch|p2a: Garchomp|Garchomp, F|4\/100\n|-damage|p2a: Garchomp|0 fnt|[from] Stealth Rock\n|faint|p2a: Garchomp\n|move|p1a: Milotic|Recover|p1a: Milotic\n|-heal|p1a: Milotic|100\/100\n|\n|-end|p1a: Milotic|Magma Storm|[partiallytrapped]|[silent]\n|upkeep\n|inactive|TrepYT has 120 seconds left.\n|\n|t:|1699754499\n|switch|p2a: Scizor|Scizor, M|100\/100\n|-damage|p2a: Scizor|88\/100|[from] Stealth Rock\n|turn|26\n|\n|t:|1699754504\n|switch|p1a: Mandibuzz|Mandibuzz, F|30\/100\n|-damage|p1a: Mandibuzz|5\/100|[from] Stealth Rock\n|move|p2a: Scizor|Knock Off|p1a: Mandibuzz\n|-resisted|p1a: Mandibuzz\n|-damage|p1a: Mandibuzz|0 fnt\n|faint|p1a: Mandibuzz\n|\n|upkeep\n|\n|t:|1699754516\n|switch|p1a: Gliscor|Gliscor, M|39\/100\n|-damage|p1a: Gliscor|27\/100|[from] Stealth Rock\n|turn|27\n|\n|t:|1699754524\n|switch|p2a: Samurott|Samurott-Hisui, M|33\/100\n|-damage|p2a: Samurott|20\/100|[from] Stealth Rock\n|move|p1a: Gliscor|Protect||[still]\n|-fail|p1a: Gliscor\n|\n|-status|p1a: Gliscor|tox|[from] item: Toxic Orb\n|upkeep\n|turn|28\n|\n|t:|1699754526\n|move|p1a: Gliscor|Protect|p1a: Gliscor\n|-singleturn|p1a: Gliscor|Protect\n|move|p2a: Samurott|Aqua Cutter|p1a: Gliscor\n|-activate|p1a: Gliscor|move: Protect\n|\n|-heal|p1a: Gliscor|39\/100 tox|[from] ability: Poison Heal\n|upkeep\n|turn|29\n|\n|t:|1699754532\n|switch|p1a: Milotic|Milotic, F|100\/100\n|move|p2a: Samurott|Aqua Cutter|p1a: Milotic\n|-resisted|p1a: Milotic\n|-damage|p1a: Milotic|75\/100\n|\n|upkeep\n|turn|30\n|\n|t:|1699754538\n|move|p1a: Milotic|Recover|p1a: Milotic\n|-heal|p1a: Milotic|100\/100\n|move|p2a: Samurott|Ceaseless Edge|p1a: Milotic\n|-damage|p1a: Milotic|53\/100\n|-sidestart|p1: swampass911|Spikes\n|\n|upkeep\n|turn|31\n|inactive|TrepYT has 120 seconds left.\n|\n|t:|1699754570\n|switch|p1a: Clefable|Clefable, F|91\/100\n|move|p2a: Samurott|Ceaseless Edge|p1a: Clefable\n|-resisted|p1a: Clefable\n|-crit|p1a: Clefable\n|-damage|p1a: Clefable|64\/100\n|\n|-heal|p1a: Clefable|70\/100|[from] item: Leftovers\n|upkeep\n|turn|32\n|\n|t:|1699754577\n|move|p2a: Samurott|Aqua Cutter|p1a: Clefable\n|-damage|p1a: Clefable|31\/100\n|move|p1a: Clefable|Moonblast|p2a: Samurott\n|-supereffective|p2a: Samurott\n|-damage|p2a: Samurott|0 fnt\n|faint|p2a: Samurott\n|\n|-heal|p1a: Clefable|37\/100|[from] item: Leftovers\n|upkeep\n|inactive|TrepYT has 120 seconds left.\n|l| FoughtOrpheus8\n|\n|t:|1699754590\n|switch|p2a: Scizor|Scizor, M|88\/100\n|-damage|p2a: Scizor|76\/100|[from] Stealth Rock\n|turn|33\n|\n|t:|1699754601\n|switch|p1a: Gliscor|Gliscor, M|39\/100 tox\n|-damage|p1a: Gliscor|27\/100 tox|[from] Stealth Rock\n|move|p2a: Scizor|Knock Off|p1a: Gliscor\n|-damage|p1a: Gliscor|0 fnt\n|-enditem|p1a: Gliscor|Toxic Orb|[from] move: Knock Off|[of] p2a: Scizor\n|faint|p1a: Gliscor\n|\n|upkeep\n|\n|t:|1699754610\n|switch|p1a: Skeledirge|Skeledirge, F|100\/100\n|turn|34\n|\n|t:|1699754617\n|switch|p2a: Heatran|Heatran, M|75\/100\n|-damage|p2a: Heatran|62\/100|[from] Stealth Rock\n|move|p1a: Skeledirge|Torch Song|p2a: Heatran\n|-damage|p2a: Heatran|38\/100\n|-boost|p1a: Skeledirge|spa|1\n|\n|-heal|p2a: Heatran|44\/100|[from] item: Leftovers\n|upkeep\n|turn|35\n|\n|t:|1699754628\n|-terastallize|p1a: Skeledirge|Water\n|move|p2a: Heatran|Earth Power|p1a: Skeledirge\n|-damage|p1a: Skeledirge|70\/100\n|move|p1a: Skeledirge|Torch Song|p2a: Heatran\n|-damage|p2a: Heatran|2\/100\n|-boost|p1a: Skeledirge|spa|1\n|\n|-heal|p2a: Heatran|8\/100|[from] item: Leftovers\n|upkeep\n|turn|36\n|\n|t:|1699754638\n|move|p2a: Heatran|Taunt|p1a: Skeledirge\n|-start|p1a: Skeledirge|move: Taunt\n|cant|p1a: Skeledirge|move: Taunt|Slack Off\n|\n|-heal|p2a: Heatran|14\/100|[from] item: Leftovers\n|upkeep\n|turn|37\n|\n|t:|1699754640\n|move|p2a: Heatran|Earth Power|p1a: Skeledirge\n|-damage|p1a: Skeledirge|39\/100\n|move|p1a: Skeledirge|Torch Song|p2a: Heatran\n|-damage|p2a: Heatran|0 fnt\n|-boost|p1a: Skeledirge|spa|1\n|faint|p2a: Heatran\n|\n|upkeep\n|\n|t:|1699754657\n|switch|p2a: Kingambit|Kingambit, F|100\/100\n|-damage|p2a: Kingambit|94\/100|[from] Stealth Rock\n|-activate|p2a: Kingambit|ability: Supreme Overlord\n|-start|p2a: Kingambit|fallen3|[silent]\n|turn|38\n|\n|t:|1699754662\n|move|p2a: Kingambit|Sucker Punch|p1a: Skeledirge\n|-damage|p1a: Skeledirge|11\/100\n|move|p1a: Skeledirge|Torch Song|p2a: Kingambit\n|-supereffective|p2a: Kingambit\n|-damage|p2a: Kingambit|0 fnt\n|-boost|p1a: Skeledirge|spa|1\n|faint|p2a: Kingambit\n|-end|p2a: Kingambit|fallen3|[silent]\n|\n|-end|p1a: Skeledirge|move: Taunt\n|upkeep\n|\n|t:|1699754665\n|switch|p2a: Scizor|Scizor, M|76\/100\n|-damage|p2a: Scizor|64\/100|[from] Stealth Rock\n|turn|39\n|\n|t:|1699754669\n|move|p2a: Scizor|Bullet Punch|p1a: Skeledirge\n|-resisted|p1a: Skeledirge\n|-damage|p1a: Skeledirge|0 fnt\n|faint|p1a: Skeledirge\n|\n|upkeep\n|\n|t:|1699754677\n|switch|p1a: Milotic|Milotic, F|53\/100\n|turn|40\n|\n|t:|1699754685\n|switch|p2a: Cresselia|Cresselia, F|100\/100\n|-damage|p2a: Cresselia|88\/100|[from] Stealth Rock\n|move|p1a: Milotic|Recover|p1a: Milotic\n|-heal|p1a: Milotic|100\/100\n|\n|upkeep\n|turn|41\n|\n|t:|1699754690\n|move|p1a: Milotic|Haze|p1a: Milotic\n|-clearallboost\n|move|p2a: Cresselia|Calm Mind|p2a: Cresselia\n|-boost|p2a: Cresselia|spa|1\n|-boost|p2a: Cresselia|spd|1\n|\n|upkeep\n|turn|42\n|\n|t:|1699754706\n|move|p1a: Milotic|Haze|p1a: Milotic\n|-clearallboost\n|move|p2a: Cresselia|Calm Mind|p2a: Cresselia\n|-boost|p2a: Cresselia|spa|1\n|-boost|p2a: Cresselia|spd|1\n|\n|upkeep\n|turn|43\n|\n|t:|1699754712\n|move|p1a: Milotic|Haze|p1a: Milotic\n|-clearallboost\n|move|p2a: Cresselia|Moonblast|p1a: Milotic\n|-damage|p1a: Milotic|90\/100\n|\n|upkeep\n|turn|44\n|\n|t:|1699754716\n|move|p1a: Milotic|Scald|p2a: Cresselia\n|-damage|p2a: Cresselia|70\/100\n|-status|p2a: Cresselia|brn\n|move|p2a: Cresselia|Calm Mind|p2a: Cresselia\n|-boost|p2a: Cresselia|spa|1\n|-boost|p2a: Cresselia|spd|1\n|\n|-damage|p2a: Cresselia|64\/100 brn|[from] brn\n|upkeep\n|turn|45\n|\n|t:|1699754741\n|switch|p2a: Scizor|Scizor, M|64\/100\n|-damage|p2a: Scizor|52\/100|[from] Stealth Rock\n|move|p1a: Milotic|Haze|p1a: Milotic\n|-clearallboost\n|\n|upkeep\n|turn|46\n|\n|t:|1699754748\n|move|p1a: Milotic|Scald|p2a: Scizor\n|-damage|p2a: Scizor|18\/100\n|-status|p2a: Scizor|brn\n|move|p2a: Scizor|Close Combat|p1a: Milotic\n|-damage|p1a: Milotic|51\/100\n|-unboost|p2a: Scizor|def|1\n|-unboost|p2a: Scizor|spd|1\n|\n|-damage|p2a: Scizor|12\/100 brn|[from] brn\n|upkeep\n|turn|47\n|\n|t:|1699754755\n|move|p1a: Milotic|Recover|p1a: Milotic\n|-heal|p1a: Milotic|100\/100\n|move|p2a: Scizor|Close Combat|p1a: Milotic\n|-damage|p1a: Milotic|65\/100\n|-unboost|p2a: Scizor|def|1\n|-unboost|p2a: Scizor|spd|1\n|\n|-damage|p2a: Scizor|6\/100 brn|[from] brn\n|upkeep\n|turn|48\n|inactive|TrepYT has 120 seconds left.\n|inactive|TrepYT has 90 seconds left.\n|inactive|TrepYT has 60 seconds left.\n|inactive|TrepYT has 30 seconds left.\n|inactive|TrepYT has 20 seconds left.\n|inactive|TrepYT has 15 seconds left.\n|l|\u203dTrepYT\n|inactive|TrepYT disconnected and has a minute to reconnect!\n|player|p2|\n|inactive|TrepYT has 10 seconds left.\n|inactive|TrepYT has 5 seconds left.\n|-message|TrepYT lost due to inactivity.\n|\n|win|swampass911\n|raw|swampass911's rating: 1607 &rarr; <strong>1629<\/strong><br \/>(+22 for winning)\n|raw|TrepYT's rating: 1638 &rarr; <strong>1616<\/strong><br \/>(-22 for losing)\n|l|\u2606swampass911\n","uploadtime":1699754970,"views":37,"p1id":"swampass911","p2id":"trepyt","formatid":"gen9ou","rating":1616,"private":0,"password":""}