{"id":"gen9ou-2000023901","p1":"ytfgvhb","p2":"VDivaster","format":"[Gen 9] OU","log":"|j|\u2606ytfgvhb\n|j|\u2606VDivaster\n|t:|1701142532\n|gametype|singles\n|player|p1|ytfgvhb|2|1131\n|player|p2|VDivaster|byron|1088\n|teamsize|p1|6\n|teamsize|p2|6\n|gen|9\n|tier|[Gen 9] OU\n|rated|\n|rule|Sleep Clause Mod: Limit one foe put to sleep\n|rule|Species Clause: Limit one of each Pok\u00e9mon\n|rule|OHKO Clause: OHKO moves are banned\n|rule|Evasion Items Clause: Evasion items are banned\n|rule|Evasion Moves Clause: Evasion moves are banned\n|rule|Endless Battle Clause: Forcing endless battles is banned\n|rule|HP Percentage Mod: HP is shown in percentages\n|clearpoke\n|poke|p1|Gholdengo|\n|poke|p1|Tyranitar, F|\n|poke|p1|Quaquaval, M|\n|poke|p1|Amoonguss, M|\n|poke|p1|Iron Treads|\n|poke|p1|Dragapult, M|\n|poke|p2|Tornadus, M|\n|poke|p2|Kingambit, M|\n|poke|p2|Rotom-Wash|\n|poke|p2|Hatterene, F|\n|poke|p2|Amoonguss, M|\n|poke|p2|Arcanine-Hisui, M|\n|teampreview\n|inactive|Battle timer is ON: inactive players will automatically lose when time's up. (requested by ytfgvhb)\n|\n|t:|1701142547\n|start\n|switch|p1a: Iron Treads|Iron Treads|100\/100\n|switch|p2a: Hatterene|Hatterene, F|100\/100\n|turn|1\n|\n|t:|1701142557\n|-terastallize|p2a: Hatterene|Fire\n|move|p1a: Iron Treads|Heavy Slam|p2a: Hatterene\n|-resisted|p2a: Hatterene\n|-damage|p2a: Hatterene|74\/100\n|move|p2a: Hatterene|Mystical Fire|p1a: Iron Treads\n|-supereffective|p1a: Iron Treads\n|-damage|p1a: Iron Treads|0 fnt\n|faint|p1a: Iron Treads\n|-end|p1a: Iron Treads|Quark Drive|[silent]\n|\n|upkeep\n|\n|t:|1701142569\n|switch|p1a: Quaquaval|Quaquaval, M|100\/100\n|turn|2\n|\n|t:|1701142575\n|-terastallize|p1a: Quaquaval|Water\n|move|p1a: Quaquaval|Aqua Step|p2a: Hatterene\n|-supereffective|p2a: Hatterene\n|-damage|p2a: Hatterene|0 fnt\n|-boost|p1a: Quaquaval|spe|1\n|faint|p2a: Hatterene\n|-ability|p1a: Quaquaval|Moxie|boost\n|-boost|p1a: Quaquaval|atk|1\n|\n|upkeep\n|\n|t:|1701142585\n|switch|p2a: Amoonguss|Amoonguss, M|100\/100\n|turn|3\n|\n|t:|1701142588\n|move|p1a: Quaquaval|Bulk Up|p1a: Quaquaval\n|-boost|p1a: Quaquaval|atk|1\n|-boost|p1a: Quaquaval|def|1\n|move|p2a: Amoonguss|Toxic|p1a: Quaquaval\n|-status|p1a: Quaquaval|tox\n|\n|-damage|p1a: Quaquaval|94\/100 tox|[from] psn\n|upkeep\n|turn|4\n|\n|t:|1701142597\n|move|p2a: Amoonguss|Protect|p2a: Amoonguss\n|-singleturn|p2a: Amoonguss|Protect\n|move|p1a: Quaquaval|Aqua Step|p2a: Amoonguss\n|-activate|p2a: Amoonguss|move: Protect\n|\n|-damage|p1a: Quaquaval|82\/100 tox|[from] psn\n|upkeep\n|turn|5\n|\n|t:|1701142606\n|move|p1a: Quaquaval|Aqua Step|p2a: Amoonguss\n|-resisted|p2a: Amoonguss\n|-damage|p2a: Amoonguss|51\/100\n|-boost|p1a: Quaquaval|spe|1\n|move|p2a: Amoonguss|Clear Smog|p1a: Quaquaval\n|-damage|p1a: Quaquaval|64\/100 tox\n|-clearboost|p1a: Quaquaval\n|\n|-heal|p2a: Amoonguss|57\/100|[from] item: Black Sludge\n|-damage|p1a: Quaquaval|45\/100 tox|[from] psn\n|upkeep\n|turn|6\n|\n|t:|1701142620\n|switch|p1a: Tyranitar|Tyranitar, F|100\/100\n|-weather|Sandstorm|[from] ability: Sand Stream|[of] p1a: Tyranitar\n|move|p2a: Amoonguss|Protect||[still]\n|-fail|p2a: Amoonguss\n|\n|-weather|Sandstorm|[upkeep]\n|-damage|p2a: Amoonguss|51\/100|[from] Sandstorm\n|-heal|p2a: Amoonguss|57\/100|[from] item: Black Sludge\n|upkeep\n|turn|7\n|\n|t:|1701142633\n|move|p1a: Tyranitar|Earthquake|p2a: Amoonguss\n|-damage|p2a: Amoonguss|30\/100\n|move|p2a: Amoonguss|Spore|p1a: Tyranitar\n|-status|p1a: Tyranitar|slp|[from] move: Spore\n|\n|-weather|Sandstorm|[upkeep]\n|-damage|p2a: Amoonguss|24\/100|[from] Sandstorm\n|-heal|p2a: Amoonguss|30\/100|[from] item: Black Sludge\n|upkeep\n|turn|8\n|\n|t:|1701142647\n|cant|p1a: Tyranitar|slp\n|move|p2a: Amoonguss|Toxic||[still]\n|-fail|p2a: Amoonguss\n|\n|-weather|Sandstorm|[upkeep]\n|-damage|p2a: Amoonguss|24\/100|[from] Sandstorm\n|-heal|p2a: Amoonguss|30\/100|[from] item: Black Sludge\n|upkeep\n|turn|9\n|\n|t:|1701142658\n|switch|p2a: Rotom|Rotom-Wash|100\/100\n|-curestatus|p1a: Tyranitar|slp|[msg]\n|move|p1a: Tyranitar|Crunch|p2a: Rotom\n|-crit|p2a: Rotom\n|-damage|p2a: Rotom|50\/100\n|\n|-weather|Sandstorm|[upkeep]\n|-damage|p2a: Rotom|44\/100|[from] Sandstorm\n|-heal|p2a: Rotom|50\/100|[from] item: Leftovers\n|upkeep\n|turn|10\n|\n|t:|1701142671\n|move|p2a: Rotom|Hydro Pump|p1a: Tyranitar\n|-supereffective|p1a: Tyranitar\n|-damage|p1a: Tyranitar|78\/100\n|move|p1a: Tyranitar|Crunch|p2a: Rotom\n|-damage|p2a: Rotom|17\/100\n|\n|-weather|none\n|-heal|p2a: Rotom|23\/100|[from] item: Leftovers\n|upkeep\n|turn|11\n|\n|t:|1701142682\n|switch|p1a: Amoonguss|Amoonguss, M|100\/100\n|move|p2a: Rotom|Volt Switch|p1a: Amoonguss\n|-resisted|p1a: Amoonguss\n|-damage|p1a: Amoonguss|88\/100\n|\n|t:|1701142689\n|switch|p2a: Arcanine|Arcanine-Hisui, M|100\/100|[from] Volt Switch\n|\n|-heal|p1a: Amoonguss|94\/100|[from] item: Black Sludge\n|upkeep\n|turn|12\n|\n|t:|1701142697\n|switch|p1a: Quaquaval|Quaquaval, M, tera:Water|45\/100 tox\n|move|p2a: Arcanine|Flare Blitz|p1a: Quaquaval\n|-resisted|p1a: Quaquaval\n|-damage|p1a: Quaquaval|0 fnt\n|faint|p1a: Quaquaval\n|\n|upkeep\n|\n|t:|1701142711\n|switch|p1a: Dragapult|Dragapult, M|100\/100\n|turn|13\n|\n|t:|1701142716\n|move|p1a: Dragapult|Draco Meteor|p2a: Arcanine\n|-damage|p2a: Arcanine|0 fnt\n|-unboost|p1a: Dragapult|spa|2\n|faint|p2a: Arcanine\n|\n|upkeep\n|\n|t:|1701142722\n|switch|p2a: Tornadus|Tornadus, M|100\/100\n|turn|14\n|\n|t:|1701142728\n|switch|p1a: Tyranitar|Tyranitar, F|78\/100\n|-weather|Sandstorm|[from] ability: Sand Stream|[of] p1a: Tyranitar\n|move|p2a: Tornadus|Taunt|p1a: Tyranitar\n|-start|p1a: Tyranitar|move: Taunt\n|\n|-weather|Sandstorm|[upkeep]\n|-damage|p2a: Tornadus|94\/100|[from] Sandstorm\n|upkeep\n|turn|15\n|\n|t:|1701142740\n|move|p2a: Tornadus|U-turn|p1a: Tyranitar\n|-supereffective|p1a: Tyranitar\n|-damage|p1a: Tyranitar|54\/100\n|\n|t:|1701142744\n|switch|p2a: Amoonguss|Amoonguss, M|64\/100|[from] U-turn\n|move|p1a: Tyranitar|Stone Edge|p2a: Amoonguss|[miss]\n|-miss|p1a: Tyranitar|p2a: Amoonguss\n|\n|-weather|Sandstorm|[upkeep]\n|-damage|p2a: Amoonguss|57\/100|[from] Sandstorm\n|-heal|p2a: Amoonguss|64\/100|[from] item: Black Sludge\n|upkeep\n|turn|16\n|\n|t:|1701142754\n|switch|p1a: Amoonguss|Amoonguss, M|100\/100\n|move|p2a: Amoonguss|Toxic|p1a: Amoonguss\n|-immune|p1a: Amoonguss\n|\n|-weather|Sandstorm|[upkeep]\n|-damage|p2a: Amoonguss|57\/100|[from] Sandstorm\n|-damage|p1a: Amoonguss|94\/100|[from] Sandstorm\n|-heal|p2a: Amoonguss|64\/100|[from] item: Black Sludge\n|-heal|p1a: Amoonguss|100\/100|[from] item: Black Sludge\n|upkeep\n|turn|17\n|\n|t:|1701142769\n|move|p2a: Amoonguss|Protect|p2a: Amoonguss\n|-singleturn|p2a: Amoonguss|Protect\n|move|p1a: Amoonguss|Toxic|p2a: Amoonguss\n|-activate|p2a: Amoonguss|move: Protect\n|\n|-weather|Sandstorm|[upkeep]\n|-damage|p2a: Amoonguss|57\/100|[from] Sandstorm\n|-damage|p1a: Amoonguss|94\/100|[from] Sandstorm\n|-heal|p2a: Amoonguss|64\/100|[from] item: Black Sludge\n|-heal|p1a: Amoonguss|100\/100|[from] item: Black Sludge\n|upkeep\n|turn|18\n|\n|t:|1701142780\n|move|p1a: Amoonguss|Giga Drain|p2a: Amoonguss\n|-resisted|p2a: Amoonguss\n|-damage|p2a: Amoonguss|59\/100\n|move|p2a: Amoonguss|Clear Smog|p1a: Amoonguss\n|-damage|p1a: Amoonguss|86\/100\n|-clearboost|p1a: Amoonguss\n|\n|-weather|none\n|-heal|p1a: Amoonguss|92\/100|[from] item: Black Sludge\n|-heal|p2a: Amoonguss|66\/100|[from] item: Black Sludge\n|upkeep\n|turn|19\n|\n|t:|1701142793\n|move|p2a: Amoonguss|Protect|p2a: Amoonguss\n|-singleturn|p2a: Amoonguss|Protect\n|move|p1a: Amoonguss|Giga Drain|p2a: Amoonguss\n|-activate|p2a: Amoonguss|move: Protect\n|\n|-heal|p1a: Amoonguss|98\/100|[from] item: Black Sludge\n|-heal|p2a: Amoonguss|72\/100|[from] item: Black Sludge\n|upkeep\n|turn|20\n|\n|t:|1701142802\n|move|p1a: Amoonguss|Sludge Bomb|p2a: Amoonguss\n|-damage|p2a: Amoonguss|52\/100\n|move|p2a: Amoonguss|Clear Smog|p1a: Amoonguss\n|-damage|p1a: Amoonguss|83\/100\n|-clearboost|p1a: Amoonguss\n|\n|-heal|p1a: Amoonguss|89\/100|[from] item: Black Sludge\n|-heal|p2a: Amoonguss|58\/100|[from] item: Black Sludge\n|upkeep\n|turn|21\n|\n|t:|1701142814\n|switch|p2a: Tornadus|Tornadus, M|94\/100\n|move|p1a: Amoonguss|Giga Drain|p2a: Tornadus\n|-resisted|p2a: Tornadus\n|-damage|p2a: Tornadus|79\/100\n|-heal|p1a: Amoonguss|94\/100|[from] drain|[of] p2a: Tornadus\n|\n|-heal|p1a: Amoonguss|100\/100|[from] item: Black Sludge\n|upkeep\n|turn|22\n|\n|t:|1701142824\n|move|p2a: Tornadus|Taunt|p1a: Amoonguss\n|-start|p1a: Amoonguss|move: Taunt\n|move|p1a: Amoonguss|Sludge Bomb|p2a: Tornadus\n|-damage|p2a: Tornadus|40\/100\n|\n|upkeep\n|turn|23\n|\n|t:|1701142836\n|switch|p1a: Tyranitar|Tyranitar, F|54\/100\n|-weather|Sandstorm|[from] ability: Sand Stream|[of] p1a: Tyranitar\n|move|p2a: Tornadus|U-turn|p1a: Tyranitar\n|-supereffective|p1a: Tyranitar\n|-damage|p1a: Tyranitar|30\/100\n|\n|t:|1701142843\n|switch|p2a: Amoonguss|Amoonguss, M|92\/100|[from] U-turn\n|\n|-weather|Sandstorm|[upkeep]\n|-damage|p2a: Amoonguss|85\/100|[from] Sandstorm\n|-heal|p2a: Amoonguss|92\/100|[from] item: Black Sludge\n|upkeep\n|turn|24\n|\n|t:|1701142852\n|move|p1a: Tyranitar|Fire Punch|p2a: Amoonguss\n|-supereffective|p2a: Amoonguss\n|-damage|p2a: Amoonguss|53\/100\n|move|p2a: Amoonguss|Toxic|p1a: Tyranitar\n|-status|p1a: Tyranitar|tox\n|\n|-weather|Sandstorm|[upkeep]\n|-damage|p2a: Amoonguss|47\/100|[from] Sandstorm\n|-heal|p2a: Amoonguss|53\/100|[from] item: Black Sludge\n|-damage|p1a: Tyranitar|24\/100 tox|[from] psn\n|upkeep\n|turn|25\n|\n|t:|1701142863\n|switch|p1a: Dragapult|Dragapult, M|100\/100\n|move|p2a: Amoonguss|Protect||[still]\n|-fail|p2a: Amoonguss\n|\n|-weather|Sandstorm|[upkeep]\n|-damage|p1a: Dragapult|95\/100|[from] Sandstorm\n|-damage|p2a: Amoonguss|47\/100|[from] Sandstorm\n|-heal|p2a: Amoonguss|53\/100|[from] item: Black Sludge\n|upkeep\n|turn|26\n|\n|t:|1701142875\n|move|p2a: Amoonguss|Protect|p2a: Amoonguss\n|-singleturn|p2a: Amoonguss|Protect\n|move|p1a: Dragapult|Flamethrower|p2a: Amoonguss\n|-activate|p2a: Amoonguss|move: Protect\n|\n|-weather|Sandstorm|[upkeep]\n|-damage|p1a: Dragapult|89\/100|[from] Sandstorm\n|-damage|p2a: Amoonguss|47\/100|[from] Sandstorm\n|-heal|p2a: Amoonguss|53\/100|[from] item: Black Sludge\n|upkeep\n|turn|27\n|\n|t:|1701142885\n|move|p1a: Dragapult|Flamethrower|p2a: Amoonguss\n|-supereffective|p2a: Amoonguss\n|-damage|p2a: Amoonguss|0 fnt\n|faint|p2a: Amoonguss\n|\n|-weather|none\n|upkeep\n|\n|t:|1701142892\n|switch|p2a: Tornadus|Tornadus, M|40\/100\n|turn|28\n|\n|t:|1701142896\n|move|p1a: Dragapult|Flamethrower|p2a: Tornadus\n|-damage|p2a: Tornadus|0 fnt\n|faint|p2a: Tornadus\n|\n|upkeep\n|\n|t:|1701142902\n|switch|p2a: Rotom|Rotom-Wash|23\/100\n|turn|29\n|\n|t:|1701142906\n|move|p1a: Dragapult|Flamethrower|p2a: Rotom\n|-resisted|p2a: Rotom\n|-damage|p2a: Rotom|6\/100\n|move|p2a: Rotom|Will-O-Wisp|p1a: Dragapult\n|-status|p1a: Dragapult|brn\n|\n|-heal|p2a: Rotom|12\/100|[from] item: Leftovers\n|-damage|p1a: Dragapult|83\/100 brn|[from] brn\n|upkeep\n|turn|30\n|\n|t:|1701142918\n|move|p1a: Dragapult|Flamethrower|p2a: Rotom\n|-resisted|p2a: Rotom\n|-damage|p2a: Rotom|0 fnt\n|faint|p2a: Rotom\n|\n|-damage|p1a: Dragapult|77\/100 brn|[from] brn\n|upkeep\n|\n|t:|1701142925\n|switch|p2a: Kingambit|Kingambit, M|100\/100\n|-activate|p2a: Kingambit|ability: Supreme Overlord\n|-start|p2a: Kingambit|fallen5|[silent]\n|turn|31\n|\n|t:|1701142932\n|move|p2a: Kingambit|Sucker Punch|p1a: Dragapult\n|-supereffective|p1a: Dragapult\n|-damage|p1a: Dragapult|0 fnt\n|faint|p1a: Dragapult\n|-damage|p2a: Kingambit|91\/100|[from] item: Life Orb\n|\n|upkeep\n|\n|t:|1701142951\n|switch|p1a: Tyranitar|Tyranitar, F|24\/100 tox\n|-weather|Sandstorm|[from] ability: Sand Stream|[of] p1a: Tyranitar\n|turn|32\n|\n|t:|1701142957\n|move|p2a: Kingambit|Protect|p2a: Kingambit\n|-singleturn|p2a: Kingambit|Protect\n|move|p1a: Tyranitar|Earthquake|p2a: Kingambit\n|-activate|p2a: Kingambit|move: Protect\n|\n|-weather|Sandstorm|[upkeep]\n|-damage|p1a: Tyranitar|17\/100 tox|[from] psn\n|upkeep\n|turn|33\n|\n|t:|1701142966\n|move|p2a: Kingambit|Sucker Punch|p1a: Tyranitar\n|-resisted|p1a: Tyranitar\n|-damage|p1a: Tyranitar|0 fnt\n|faint|p1a: Tyranitar\n|-damage|p2a: Kingambit|81\/100|[from] item: Life Orb\n|\n|-weather|Sandstorm|[upkeep]\n|upkeep\n|\n|t:|1701142974\n|switch|p1a: Amoonguss|Amoonguss, M|100\/100\n|turn|34\n|\n|t:|1701142978\n|move|p2a: Kingambit|Kowtow Cleave|p1a: Amoonguss\n|-damage|p1a: Amoonguss|32\/100\n|-damage|p2a: Kingambit|71\/100|[from] item: Life Orb\n|move|p1a: Amoonguss|Giga Drain|p2a: Kingambit\n|-resisted|p2a: Kingambit\n|-damage|p2a: Kingambit|59\/100\n|-heal|p1a: Amoonguss|37\/100|[from] drain|[of] p2a: Kingambit\n|\n|-weather|Sandstorm|[upkeep]\n|-damage|p1a: Amoonguss|31\/100|[from] Sandstorm\n|-heal|p1a: Amoonguss|37\/100|[from] item: Black Sludge\n|upkeep\n|turn|35\n|\n|t:|1701142990\n|move|p2a: Kingambit|Kowtow Cleave|p1a: Amoonguss\n|-damage|p1a: Amoonguss|0 fnt\n|faint|p1a: Amoonguss\n|-damage|p2a: Kingambit|49\/100|[from] item: Life Orb\n|\n|-weather|Sandstorm|[upkeep]\n|upkeep\n|\n|t:|1701142993\n|switch|p1a: Gholdengo|Gholdengo|100\/100\n|-item|p1a: Gholdengo|Air Balloon\n|turn|36\n|\n|t:|1701143003\n|move|p2a: Kingambit|Sucker Punch|p1a: Gholdengo\n|-supereffective|p1a: Gholdengo\n|-damage|p1a: Gholdengo|0 fnt\n|-enditem|p1a: Gholdengo|Air Balloon\n|faint|p1a: Gholdengo\n|-damage|p2a: Kingambit|40\/100|[from] item: Life Orb\n|\n|win|VDivaster\n|raw|ytfgvhb's rating: 1131 &rarr; <strong>1103<\/strong><br \/>(-28 for losing)\n|raw|VDivaster's rating: 1088 &rarr; <strong>1118<\/strong><br \/>(+30 for winning)\n|l|\u2606ytfgvhb\n","uploadtime":1701143013,"views":4,"p1id":"ytfgvhb","p2id":"vdivaster","formatid":"gen9ou","rating":1103,"private":0,"password":""}