{"id":"gen9ou-1992292236","p1":"no more freeze","p2":"lobstergang","format":"[Gen 9] OU","log":"|j|\u2606no more freeze\n|j|\u2606lobstergang\n|t:|1700171592\n|gametype|singles\n|player|p1|no more freeze|1|1603\n|player|p2|lobstergang|1|1622\n|teamsize|p1|6\n|teamsize|p2|6\n|gen|9\n|tier|[Gen 9] OU\n|rated|\n|rule|Sleep Clause Mod: Limit one foe put to sleep\n|rule|Species Clause: Limit one of each Pok\u00e9mon\n|rule|OHKO Clause: OHKO moves are banned\n|rule|Evasion Items Clause: Evasion items are banned\n|rule|Evasion Moves Clause: Evasion moves are banned\n|rule|Endless Battle Clause: Forcing endless battles is banned\n|rule|HP Percentage Mod: HP is shown in percentages\n|clearpoke\n|poke|p1|Ribombee, M|\n|poke|p1|Iron Moth|\n|poke|p1|Ogerpon-Wellspring, F|\n|poke|p1|Great Tusk|\n|poke|p1|Gholdengo|\n|poke|p1|Salamence, F|\n|poke|p2|Glimmora, F|\n|poke|p2|Walking Wake|\n|poke|p2|Kingambit, M|\n|poke|p2|Dragapult, F|\n|poke|p2|Zamazenta-*|\n|poke|p2|Sandy Shocks|\n|teampreview\n|inactive|Battle timer is ON: inactive players will automatically lose when time's up. (requested by no more freeze)\n|\n|t:|1700171599\n|start\n|switch|p1a: Ribombee|Ribombee, M|100\/100\n|switch|p2a: Glimmora|Glimmora, F|100\/100\n|turn|1\n|\n|t:|1700171607\n|move|p1a: Ribombee|Stun Spore|p2a: Glimmora|[miss]\n|-miss|p1a: Ribombee|p2a: Glimmora\n|move|p2a: Glimmora|Mortal Spin|p1a: Ribombee\n|-supereffective|p1a: Ribombee\n|-damage|p1a: Ribombee|79\/100\n|\n|upkeep\n|turn|2\n|\n|t:|1700171616\n|move|p1a: Ribombee|Sticky Web|p2a: Glimmora\n|-sidestart|p2: lobstergang|move: Sticky Web\n|move|p2a: Glimmora|Stealth Rock|p1a: Ribombee\n|-sidestart|p1: no more freeze|move: Stealth Rock\n|\n|upkeep\n|turn|3\n|\n|t:|1700171630\n|switch|p1a: Gholdengo|Gholdengo|100\/100\n|-damage|p1a: Gholdengo|94\/100|[from] Stealth Rock\n|-item|p1a: Gholdengo|Air Balloon\n|move|p2a: Glimmora|Mortal Spin|p1a: Gholdengo\n|-immune|p1a: Gholdengo\n|\n|upkeep\n|turn|4\n|\n|t:|1700171638\n|switch|p2a: Kingambit|Kingambit, M|100\/100\n|-activate|p2a: Kingambit|move: Sticky Web\n|-unboost|p2a: Kingambit|spe|1\n|move|p1a: Gholdengo|Make It Rain|p2a: Kingambit\n|-resisted|p2a: Kingambit\n|-damage|p2a: Kingambit|61\/100\n|-unboost|p1a: Gholdengo|spa|1\n|\n|upkeep\n|turn|5\n|j| FatherSuperior7\n|\n|t:|1700171650\n|switch|p1a: Great Tusk|Great Tusk|100\/100\n|-damage|p1a: Great Tusk|98\/100|[from] Stealth Rock\n|-enditem|p1a: Great Tusk|Booster Energy\n|-activate|p1a: Great Tusk|ability: Protosynthesis|[fromitem]\n|-start|p1a: Great Tusk|protosynthesisatk\n|move|p2a: Kingambit|Kowtow Cleave|p1a: Great Tusk\n|-resisted|p1a: Great Tusk\n|-damage|p1a: Great Tusk|74\/100\n|\n|upkeep\n|turn|6\n|\n|t:|1700171664\n|-end|p2a: Kingambit|fallenundefined|[silent]\n|switch|p2a: Dragapult|Dragapult, F|100\/100\n|move|p1a: Great Tusk|Bulk Up|p1a: Great Tusk\n|-boost|p1a: Great Tusk|atk|1\n|-boost|p1a: Great Tusk|def|1\n|\n|upkeep\n|turn|7\n|\n|t:|1700171668\n|move|p2a: Dragapult|Will-O-Wisp|p1a: Great Tusk\n|-status|p1a: Great Tusk|brn\n|move|p1a: Great Tusk|Ice Spinner|p2a: Dragapult\n|-supereffective|p2a: Dragapult\n|-damage|p2a: Dragapult|3\/100\n|\n|-damage|p1a: Great Tusk|68\/100 brn|[from] brn\n|upkeep\n|turn|8\n|\n|t:|1700171677\n|move|p2a: Dragapult|Hex|p1a: Great Tusk\n|-damage|p1a: Great Tusk|0 fnt\n|faint|p1a: Great Tusk\n|-end|p1a: Great Tusk|Protosynthesis|[silent]\n|\n|upkeep\n|\n|t:|1700171691\n|switch|p1a: Iron Moth|Iron Moth|100\/100\n|-damage|p1a: Iron Moth|76\/100|[from] Stealth Rock\n|-enditem|p1a: Iron Moth|Booster Energy\n|-activate|p1a: Iron Moth|ability: Quark Drive|[fromitem]\n|-start|p1a: Iron Moth|quarkdrivespa\n|turn|9\n|\n|t:|1700171694\n|switch|p2a: Glimmora|Glimmora, F|100\/100\n|-activate|p2a: Glimmora|move: Sticky Web\n|-unboost|p2a: Glimmora|spe|1\n|move|p1a: Iron Moth|Fiery Dance|p2a: Glimmora\n|-resisted|p2a: Glimmora\n|-damage|p2a: Glimmora|72\/100\n|-enditem|p2a: Glimmora|Red Card|[of] p1a: Iron Moth\n|-end|p1a: Iron Moth|Quark Drive|[silent]\n|drag|p1a: Salamence|Salamence, F|100\/100\n|-damage|p1a: Salamence|76\/100|[from] Stealth Rock\n|-ability|p1a: Salamence|Intimidate|boost\n|-unboost|p2a: Glimmora|atk|1\n|\n|upkeep\n|turn|10\n|\n|t:|1700171709\n|move|p1a: Salamence|Earthquake|p2a: Glimmora\n|-supereffective|p2a: Glimmora\n|-damage|p2a: Glimmora|0 fnt\n|-activate|p2a: Glimmora|ability: Toxic Debris\n|-sidestart|p1: no more freeze|move: Toxic Spikes\n|faint|p2a: Glimmora\n|\n|upkeep\n|inactive|lobstergang has 120 seconds left.\n|\n|t:|1700171761\n|switch|p2a: Walking Wake|Walking Wake|100\/100\n|-activate|p2a: Walking Wake|move: Sticky Web\n|-unboost|p2a: Walking Wake|spe|1\n|turn|11\n|\n|t:|1700171784\n|move|p1a: Salamence|Dragon Dance|p1a: Salamence\n|-boost|p1a: Salamence|atk|1\n|-boost|p1a: Salamence|spe|1\n|move|p2a: Walking Wake|Roar|p1a: Salamence\n|drag|p1a: Ribombee|Ribombee, M|79\/100\n|-damage|p1a: Ribombee|54\/100|[from] Stealth Rock\n|-status|p1a: Ribombee|psn\n|\n|-damage|p1a: Ribombee|42\/100 psn|[from] psn\n|upkeep\n|turn|12\n|\n|t:|1700171798\n|-end|p2a: Walking Wake|Protosynthesis|[silent]\n|switch|p2a: Sandy Shocks|Sandy Shocks|100\/100\n|-activate|p2a: Sandy Shocks|move: Sticky Web\n|-unboost|p2a: Sandy Shocks|spe|1\n|-enditem|p2a: Sandy Shocks|Booster Energy\n|-activate|p2a: Sandy Shocks|ability: Protosynthesis|[fromitem]\n|-start|p2a: Sandy Shocks|protosynthesisspa\n|move|p1a: Ribombee|Moonblast|p2a: Sandy Shocks\n|-damage|p2a: Sandy Shocks|52\/100\n|\n|-damage|p1a: Ribombee|30\/100 psn|[from] psn\n|upkeep\n|turn|13\n|inactive|lobstergang has 90 seconds left.\n|\n|t:|1700171826\n|move|p1a: Ribombee|Moonblast|p2a: Sandy Shocks\n|-damage|p2a: Sandy Shocks|4\/100\n|move|p2a: Sandy Shocks|Spikes|p1a: Ribombee\n|-sidestart|p1: no more freeze|Spikes\n|\n|-damage|p1a: Ribombee|17\/100 psn|[from] psn\n|upkeep\n|turn|14\n|\n|t:|1700171831\n|move|p1a: Ribombee|Moonblast|p2a: Sandy Shocks\n|-damage|p2a: Sandy Shocks|0 fnt\n|faint|p2a: Sandy Shocks\n|-end|p2a: Sandy Shocks|Protosynthesis|[silent]\n|\n|-damage|p1a: Ribombee|5\/100 psn|[from] psn\n|upkeep\n|\n|t:|1700171837\n|switch|p2a: Dragapult|Dragapult, F|3\/100\n|turn|15\n|\n|t:|1700171842\n|move|p2a: Dragapult|Hex|p1a: Ribombee\n|-damage|p1a: Ribombee|0 fnt\n|faint|p1a: Ribombee\n|\n|upkeep\n|\n|t:|1700171847\n|switch|p1a: Iron Moth|Iron Moth|76\/100\n|-damage|p1a: Iron Moth|51\/100|[from] Stealth Rock\n|-sideend|p1: no more freeze|move: Toxic Spikes|[of] p1a: Iron Moth\n|-damage|p1a: Iron Moth|38\/100|[from] Spikes\n|turn|16\n|\n|t:|1700171851\n|move|p2a: Dragapult|Dragon Darts|p1a: Iron Moth\n|-damage|p1a: Iron Moth|0 fnt\n|faint|p1a: Iron Moth\n|-end|p1a: Iron Moth|Quark Drive|[silent]\n|\n|upkeep\n|\n|t:|1700171858\n|switch|p1a: Ogerpon|Ogerpon-Wellspring, F|100\/100\n|-damage|p1a: Ogerpon|88\/100|[from] Stealth Rock\n|-damage|p1a: Ogerpon|76\/100|[from] Spikes\n|turn|17\n|\n|t:|1700171862\n|move|p2a: Dragapult|U-turn|p1a: Ogerpon\n|-supereffective|p1a: Ogerpon\n|-damage|p1a: Ogerpon|17\/100\n|\n|t:|1700171865\n|switch|p2a: Walking Wake|Walking Wake|100\/100|[from] U-turn\n|-activate|p2a: Walking Wake|move: Sticky Web\n|-unboost|p2a: Walking Wake|spe|1\n|move|p1a: Ogerpon|Ivy Cudgel|p2a: Walking Wake|[anim] Ivy Cudgel Water\n|-resisted|p2a: Walking Wake\n|-damage|p2a: Walking Wake|86\/100\n|\n|-heal|p2a: Walking Wake|92\/100|[from] item: Leftovers\n|upkeep\n|turn|18\n|\n|t:|1700171872\n|move|p1a: Ogerpon|Play Rough|p2a: Walking Wake\n|-supereffective|p2a: Walking Wake\n|-damage|p2a: Walking Wake|13\/100\n|move|p2a: Walking Wake|Knock Off|p1a: Ogerpon\n|-damage|p1a: Ogerpon|1\/100\n|\n|-heal|p2a: Walking Wake|19\/100|[from] item: Leftovers\n|upkeep\n|turn|19\n|\n|t:|1700171883\n|move|p1a: Ogerpon|Play Rough|p2a: Walking Wake\n|-supereffective|p2a: Walking Wake\n|-damage|p2a: Walking Wake|0 fnt\n|faint|p2a: Walking Wake\n|-end|p2a: Walking Wake|Protosynthesis|[silent]\n|\n|upkeep\n|\n|t:|1700171889\n|switch|p2a: Dragapult|Dragapult, F|3\/100\n|turn|20\n|\n|t:|1700171909\n|move|p2a: Dragapult|Dragon Darts|p1a: Ogerpon\n|-damage|p1a: Ogerpon|0 fnt\n|faint|p1a: Ogerpon\n|\n|upkeep\n|\n|t:|1700171912\n|switch|p1a: Gholdengo|Gholdengo|94\/100\n|-damage|p1a: Gholdengo|88\/100|[from] Stealth Rock\n|-item|p1a: Gholdengo|Air Balloon\n|turn|21\n|\n|t:|1700171917\n|-terastallize|p1a: Gholdengo|Fairy\n|move|p2a: Dragapult|U-turn|p1a: Gholdengo\n|-resisted|p1a: Gholdengo\n|-damage|p1a: Gholdengo|76\/100\n|-enditem|p1a: Gholdengo|Air Balloon\n|\n|t:|1700171931\n|switch|p2a: Zamazenta|Zamazenta|100\/100|[from] U-turn\n|-activate|p2a: Zamazenta|move: Sticky Web\n|-unboost|p2a: Zamazenta|spe|1\n|-ability|p2a: Zamazenta|Dauntless Shield|boost\n|-boost|p2a: Zamazenta|def|1\n|move|p1a: Gholdengo|Nasty Plot|p1a: Gholdengo\n|-boost|p1a: Gholdengo|spa|2\n|\n|upkeep\n|turn|22\n|\n|t:|1700171949\n|-terastallize|p2a: Zamazenta|Fire\n|move|p2a: Zamazenta|Heavy Slam|p1a: Gholdengo\n|-supereffective|p1a: Gholdengo\n|-damage|p1a: Gholdengo|8\/100\n|move|p1a: Gholdengo|Make It Rain|p2a: Zamazenta\n|-resisted|p2a: Zamazenta\n|-damage|p2a: Zamazenta|41\/100\n|-unboost|p1a: Gholdengo|spa|1\n|\n|-heal|p2a: Zamazenta|48\/100|[from] item: Leftovers\n|upkeep\n|turn|23\n|\n|t:|1700171958\n|move|p2a: Zamazenta|Heavy Slam|p1a: Gholdengo\n|-supereffective|p1a: Gholdengo\n|-damage|p1a: Gholdengo|0 fnt\n|faint|p1a: Gholdengo\n|\n|-heal|p2a: Zamazenta|54\/100|[from] item: Leftovers\n|upkeep\n|\n|t:|1700171959\n|switch|p1a: Salamence|Salamence, F|76\/100\n|-damage|p1a: Salamence|51\/100|[from] Stealth Rock\n|-ability|p1a: Salamence|Intimidate|boost\n|-unboost|p2a: Zamazenta|atk|1\n|turn|24\n|\n|t:|1700171971\n|move|p1a: Salamence|Dragon Dance|p1a: Salamence\n|-boost|p1a: Salamence|atk|1\n|-boost|p1a: Salamence|spe|1\n|move|p2a: Zamazenta|Iron Defense|p2a: Zamazenta\n|-boost|p2a: Zamazenta|def|2\n|\n|-heal|p2a: Zamazenta|60\/100|[from] item: Leftovers\n|upkeep\n|turn|25\n|\n|t:|1700171978\n|move|p1a: Salamence|Earthquake|p2a: Zamazenta\n|-supereffective|p2a: Zamazenta\n|-damage|p2a: Zamazenta|26\/100\n|move|p2a: Zamazenta|Body Press|p1a: Salamence\n|-resisted|p1a: Salamence\n|-damage|p1a: Salamence|0 fnt\n|faint|p1a: Salamence\n|\n|win|lobstergang\n|raw|no more freeze's rating: 1603 &rarr; <strong>1584<\/strong><br \/>(-19 for losing)\n|raw|lobstergang's rating: 1622 &rarr; <strong>1641<\/strong><br \/>(+19 for winning)\n|l|\u2606no more freeze\n|l| FatherSuperior7\n","uploadtime":1700172020,"views":26,"p1id":"nomorefreeze","p2id":"lobstergang","formatid":"gen9ou","rating":1584,"private":0,"password":""}