{"id":"gen9ou-1991720312","p1":"Blurred Ace","p2":"DoubleWarp","format":"[Gen 9] OU","log":"|j|\u2606Blurred Ace\n|j|\u2606DoubleWarp\n|t:|1700106738\n|gametype|singles\n|player|p1|Blurred Ace|gambler|1450\n|player|p2|DoubleWarp|266|1501\n|teamsize|p1|6\n|teamsize|p2|6\n|gen|9\n|tier|[Gen 9] OU\n|rated|\n|rule|Sleep Clause Mod: Limit one foe put to sleep\n|rule|Species Clause: Limit one of each Pok\u00e9mon\n|rule|OHKO Clause: OHKO moves are banned\n|rule|Evasion Items Clause: Evasion items are banned\n|rule|Evasion Moves Clause: Evasion moves are banned\n|rule|Endless Battle Clause: Forcing endless battles is banned\n|rule|HP Percentage Mod: HP is shown in percentages\n|clearpoke\n|poke|p1|Dragapult, M|\n|poke|p1|Scizor, M|\n|poke|p1|Samurott-Hisui, M|\n|poke|p1|Garchomp, M|\n|poke|p1|Great Tusk|\n|poke|p1|Slowking, M|\n|poke|p2|Torkoal, M|\n|poke|p2|Walking Wake|\n|poke|p2|Meowscarada, M|\n|poke|p2|Great Tusk|\n|poke|p2|Corviknight, F|\n|poke|p2|Slowking-Galar, F|\n|teampreview\n|\n|t:|1700106753\n|start\n|switch|p1a: Slowking|Slowking, M|100\/100\n|switch|p2a: Meowscarada|Meowscarada, M|100\/100\n|turn|1\n|\n|t:|1700106759\n|switch|p1a: Scizor|Scizor, M|100\/100\n|move|p2a: Meowscarada|Knock Off|p1a: Scizor\n|-start|p2a: Meowscarada|typechange|Dark|[from] ability: Protean\n|-damage|p1a: Scizor|32\/100\n|-enditem|p1a: Scizor|Choice Band|[from] move: Knock Off|[of] p2a: Meowscarada\n|\n|upkeep\n|turn|2\n|\n|t:|1700106768\n|switch|p2a: Torkoal|Torkoal, M|100\/100\n|-weather|SunnyDay|[from] ability: Drought|[of] p2a: Torkoal\n|move|p1a: Scizor|Bullet Punch|p2a: Torkoal\n|-resisted|p2a: Torkoal\n|-damage|p2a: Torkoal|90\/100\n|\n|-weather|SunnyDay|[upkeep]\n|upkeep\n|turn|3\n|\n|t:|1700106771\n|move|p1a: Scizor|U-turn|p2a: Torkoal\n|-resisted|p2a: Torkoal\n|-damage|p2a: Torkoal|79\/100\n|\n|t:|1700106773\n|switch|p1a: Slowking|Slowking, M|100\/100|[from] U-turn\n|move|p2a: Torkoal|Stealth Rock|p1a: Slowking\n|-sidestart|p1: Blurred Ace|move: Stealth Rock\n|\n|-weather|SunnyDay|[upkeep]\n|upkeep\n|turn|4\n|\n|t:|1700106780\n|switch|p2a: Meowscarada|Meowscarada, M|100\/100\n|move|p1a: Slowking|Chilly Reception|p1a: Slowking\n|-weather|Snow\n|\n|t:|1700106796\n|switch|p1a: Garchomp|Garchomp, M|100\/100|[from] Chilly Reception\n|-damage|p1a: Garchomp|94\/100|[from] Stealth Rock\n|\n|-weather|Snow|[upkeep]\n|upkeep\n|turn|5\n|\n|t:|1700106803\n|move|p2a: Meowscarada|Flower Trick|p1a: Garchomp\n|-start|p2a: Meowscarada|typechange|Grass|[from] ability: Protean\n|-crit|p1a: Garchomp\n|-damage|p1a: Garchomp|23\/100\n|move|p1a: Garchomp|Stealth Rock|p2a: Meowscarada\n|-sidestart|p2: DoubleWarp|move: Stealth Rock\n|\n|-weather|Snow|[upkeep]\n|upkeep\n|turn|6\n|\n|t:|1700106813\n|move|p2a: Meowscarada|Flower Trick|p1a: Garchomp\n|-crit|p1a: Garchomp\n|-damage|p1a: Garchomp|0 fnt\n|faint|p1a: Garchomp\n|\n|-weather|Snow|[upkeep]\n|upkeep\n|\n|t:|1700106819\n|switch|p1a: Dragapult|Dragapult, M|100\/100\n|turn|7\n|\n|t:|1700106822\n|switch|p2a: Corviknight|Corviknight, F|100\/100\n|-damage|p2a: Corviknight|88\/100|[from] Stealth Rock\n|-ability|p2a: Corviknight|Pressure\n|move|p1a: Dragapult|Will-O-Wisp|p2a: Corviknight\n|-status|p2a: Corviknight|brn\n|\n|-weather|Snow|[upkeep]\n|-damage|p2a: Corviknight|82\/100 brn|[from] brn\n|upkeep\n|turn|8\n|\n|t:|1700106828\n|move|p1a: Dragapult|Hex|p2a: Corviknight\n|-damage|p2a: Corviknight|28\/100 brn\n|move|p2a: Corviknight|U-turn|p1a: Dragapult\n|-resisted|p1a: Dragapult\n|-damage|p1a: Dragapult|95\/100\n|\n|t:|1700106842\n|switch|p2a: Torkoal|Torkoal, M|79\/100|[from] U-turn\n|-damage|p2a: Torkoal|54\/100|[from] Stealth Rock\n|-weather|SunnyDay|[from] ability: Drought|[of] p2a: Torkoal\n|\n|-weather|SunnyDay|[upkeep]\n|upkeep\n|turn|9\n|\n|t:|1700106845\n|move|p1a: Dragapult|Draco Meteor|p2a: Torkoal\n|-damage|p2a: Torkoal|0 fnt\n|-unboost|p1a: Dragapult|spa|2\n|faint|p2a: Torkoal\n|\n|-weather|SunnyDay|[upkeep]\n|upkeep\n|\n|t:|1700106848\n|switch|p2a: Great Tusk|Great Tusk|100\/100\n|-damage|p2a: Great Tusk|98\/100|[from] Stealth Rock\n|-activate|p2a: Great Tusk|ability: Protosynthesis\n|-start|p2a: Great Tusk|protosynthesisspe\n|turn|10\n|\n|t:|1700106861\n|switch|p1a: Slowking|Slowking, M|100\/100\n|-damage|p1a: Slowking|88\/100|[from] Stealth Rock\n|move|p2a: Great Tusk|Ice Spinner|p1a: Slowking\n|-resisted|p1a: Slowking\n|-damage|p1a: Slowking|76\/100\n|\n|-weather|SunnyDay|[upkeep]\n|-heal|p2a: Great Tusk|100\/100|[from] item: Leftovers\n|-heal|p1a: Slowking|82\/100|[from] item: Leftovers\n|upkeep\n|turn|11\n|\n|t:|1700106879\n|-end|p2a: Great Tusk|Protosynthesis|[silent]\n|switch|p2a: Meowscarada|Meowscarada, M|100\/100\n|-damage|p2a: Meowscarada|88\/100|[from] Stealth Rock\n|move|p1a: Slowking|Future Sight|p2a: Meowscarada\n|-start|p1a: Slowking|move: Future Sight\n|\n|-weather|SunnyDay|[upkeep]\n|-heal|p1a: Slowking|88\/100|[from] item: Leftovers\n|upkeep\n|turn|12\n|\n|t:|1700106886\n|switch|p1a: Scizor|Scizor, M|32\/100\n|-damage|p1a: Scizor|20\/100|[from] Stealth Rock\n|move|p2a: Meowscarada|Knock Off|p1a: Scizor\n|-start|p2a: Meowscarada|typechange|Dark|[from] ability: Protean\n|-damage|p1a: Scizor|0 fnt\n|faint|p1a: Scizor\n|\n|-weather|SunnyDay|[upkeep]\n|upkeep\n|\n|t:|1700106893\n|switch|p1a: Great Tusk|Great Tusk|100\/100\n|-damage|p1a: Great Tusk|98\/100|[from] Stealth Rock\n|-activate|p1a: Great Tusk|ability: Protosynthesis\n|-start|p1a: Great Tusk|protosynthesisatk\n|turn|13\n|\n|t:|1700106899\n|switch|p2a: Corviknight|Corviknight, F|28\/100 brn\n|-damage|p2a: Corviknight|16\/100 brn|[from] Stealth Rock\n|-ability|p2a: Corviknight|Pressure\n|move|p1a: Great Tusk|Rapid Spin|p2a: Corviknight\n|-resisted|p2a: Corviknight\n|-damage|p2a: Corviknight|9\/100 brn\n|-boost|p1a: Great Tusk|spe|1\n|-damage|p1a: Great Tusk|81\/100|[from] item: Rocky Helmet|[of] p2a: Corviknight\n|-sideend|p1: Blurred Ace|Stealth Rock|[from] move: Rapid Spin|[of] p1a: Great Tusk\n|\n|-weather|SunnyDay|[upkeep]\n|-end|p2a: Corviknight|move: Future Sight\n|-resisted|p2a: Corviknight\n|-damage|p2a: Corviknight|0 fnt\n|faint|p2a: Corviknight\n|-heal|p1a: Great Tusk|87\/100|[from] item: Leftovers\n|upkeep\n|\n|t:|1700106912\n|switch|p2a: Walking Wake|Walking Wake|100\/100\n|-damage|p2a: Walking Wake|88\/100|[from] Stealth Rock\n|-activate|p2a: Walking Wake|ability: Protosynthesis\n|-start|p2a: Walking Wake|protosynthesisspa\n|turn|14\n|\n|t:|1700106925\n|-end|p1a: Great Tusk|Protosynthesis|[silent]\n|switch|p1a: Slowking|Slowking, M|100\/100\n|move|p2a: Walking Wake|Hydro Steam|p1a: Slowking\n|-resisted|p1a: Slowking\n|-damage|p1a: Slowking|64\/100\n|\n|-weather|SunnyDay|[upkeep]\n|-heal|p1a: Slowking|71\/100|[from] item: Leftovers\n|upkeep\n|turn|15\n|\n|t:|1700106932\n|move|p2a: Walking Wake|Hydro Steam|p1a: Slowking\n|-resisted|p1a: Slowking\n|-damage|p1a: Slowking|36\/100\n|move|p1a: Slowking|Chilly Reception|p1a: Slowking\n|-weather|Snow\n|-end|p2a: Walking Wake|Protosynthesis\n|\n|t:|1700106938\n|switch|p1a: Dragapult|Dragapult, M|95\/100|[from] Chilly Reception\n|\n|-weather|Snow|[upkeep]\n|upkeep\n|turn|16\n|\n|t:|1700106955\n|-terastallize|p2a: Walking Wake|Water\n|move|p1a: Dragapult|Will-O-Wisp|p2a: Walking Wake\n|-status|p2a: Walking Wake|brn\n|move|p2a: Walking Wake|Hydro Steam|p1a: Dragapult\n|-resisted|p1a: Dragapult\n|-crit|p1a: Dragapult\n|-damage|p1a: Dragapult|18\/100\n|\n|-weather|Snow|[upkeep]\n|-damage|p2a: Walking Wake|82\/100 brn|[from] brn\n|upkeep\n|turn|17\n|\n|t:|1700106968\n|move|p1a: Dragapult|U-turn|p2a: Walking Wake\n|-damage|p2a: Walking Wake|62\/100 brn\n|\n|t:|1700106969\n|switch|p1a: Slowking|Slowking, M|69\/100|[from] U-turn\n|move|p2a: Walking Wake|Hydro Steam|p1a: Slowking\n|-resisted|p1a: Slowking\n|-damage|p1a: Slowking|46\/100\n|\n|-weather|Snow|[upkeep]\n|-heal|p1a: Slowking|52\/100|[from] item: Leftovers\n|-damage|p2a: Walking Wake|55\/100 brn|[from] brn\n|upkeep\n|turn|18\n|\n|t:|1700106982\n|-end|p2a: Walking Wake|Protosynthesis|[silent]\n|switch|p2a: Meowscarada|Meowscarada, M|88\/100\n|-damage|p2a: Meowscarada|76\/100|[from] Stealth Rock\n|move|p1a: Slowking|Future Sight|p2a: Meowscarada\n|-start|p1a: Slowking|move: Future Sight\n|\n|-weather|Snow|[upkeep]\n|-heal|p1a: Slowking|58\/100|[from] item: Leftovers\n|upkeep\n|turn|19\n|\n|t:|1700106996\n|-terastallize|p1a: Slowking|Steel\n|move|p2a: Meowscarada|Flower Trick|p1a: Slowking\n|-start|p2a: Meowscarada|typechange|Grass|[from] ability: Protean\n|-resisted|p1a: Slowking\n|-crit|p1a: Slowking\n|-damage|p1a: Slowking|22\/100\n|move|p1a: Slowking|Chilly Reception|p1a: Slowking\n|\n|t:|1700107010\n|switch|p1a: Samurott|Samurott-Hisui, M|100\/100|[from] Chilly Reception\n|\n|-weather|none\n|upkeep\n|turn|20\n|\n|t:|1700107029\n|switch|p2a: Slowking|Slowking-Galar, F|100\/100\n|-damage|p2a: Slowking|88\/100|[from] Stealth Rock\n|move|p1a: Samurott|Ceaseless Edge|p2a: Slowking\n|-supereffective|p2a: Slowking\n|-damage|p2a: Slowking|0 fnt\n|-sidestart|p2: DoubleWarp|Spikes\n|faint|p2a: Slowking\n|\n|-hint|Future Sight did not hit because the target is fainted.\n|upkeep\n|\n|t:|1700107040\n|switch|p2a: Great Tusk|Great Tusk|100\/100\n|-damage|p2a: Great Tusk|98\/100|[from] Stealth Rock\n|-damage|p2a: Great Tusk|85\/100|[from] Spikes\n|turn|21\n|\n|t:|1700107045\n|switch|p1a: Great Tusk|Great Tusk|87\/100\n|move|p2a: Great Tusk|Bulk Up|p2a: Great Tusk\n|-boost|p2a: Great Tusk|atk|1\n|-boost|p2a: Great Tusk|def|1\n|\n|-heal|p2a: Great Tusk|91\/100|[from] item: Leftovers\n|-heal|p1a: Great Tusk|93\/100|[from] item: Leftovers\n|upkeep\n|turn|22\n|\n|t:|1700107054\n|move|p2a: Great Tusk|Bulk Up|p2a: Great Tusk\n|-boost|p2a: Great Tusk|atk|1\n|-boost|p2a: Great Tusk|def|1\n|move|p1a: Great Tusk|Knock Off|p2a: Great Tusk\n|-resisted|p2a: Great Tusk\n|-crit|p2a: Great Tusk\n|-damage|p2a: Great Tusk|73\/100\n|-enditem|p2a: Great Tusk|Leftovers|[from] move: Knock Off|[of] p1a: Great Tusk\n|\n|-heal|p1a: Great Tusk|99\/100|[from] item: Leftovers\n|upkeep\n|turn|23\n|\n|t:|1700107067\n|-end|p1a: Great Tusk|Protosynthesis|[silent]\n|switch|p1a: Dragapult|Dragapult, M|18\/100\n|move|p2a: Great Tusk|Bulk Up|p2a: Great Tusk\n|-boost|p2a: Great Tusk|atk|1\n|-boost|p2a: Great Tusk|def|1\n|\n|upkeep\n|turn|24\n|\n|t:|1700107071\n|move|p1a: Dragapult|Will-O-Wisp|p2a: Great Tusk\n|-status|p2a: Great Tusk|brn\n|move|p2a: Great Tusk|Ice Spinner|p1a: Dragapult\n|-supereffective|p1a: Dragapult\n|-crit|p1a: Dragapult\n|-damage|p1a: Dragapult|0 fnt\n|faint|p1a: Dragapult\n|\n|-damage|p2a: Great Tusk|67\/100 brn|[from] brn\n|upkeep\n|\n|t:|1700107079\n|switch|p1a: Slowking|Slowking, M, tera:Steel|55\/100\n|turn|25\n|\n|t:|1700107082\n|switch|p1a: Great Tusk|Great Tusk|99\/100\n|move|p2a: Great Tusk|Headlong Rush|p1a: Great Tusk\n|-damage|p1a: Great Tusk|56\/100\n|-unboost|p2a: Great Tusk|def|1\n|-unboost|p2a: Great Tusk|spd|1\n|\n|-heal|p1a: Great Tusk|62\/100|[from] item: Leftovers\n|-damage|p2a: Great Tusk|61\/100 brn|[from] brn\n|upkeep\n|turn|26\n|\n|t:|1700107088\n|move|p2a: Great Tusk|Bulk Up|p2a: Great Tusk\n|-boost|p2a: Great Tusk|atk|1\n|-boost|p2a: Great Tusk|def|1\n|move|p1a: Great Tusk|Bulk Up|p1a: Great Tusk\n|-boost|p1a: Great Tusk|atk|1\n|-boost|p1a: Great Tusk|def|1\n|\n|-heal|p1a: Great Tusk|69\/100|[from] item: Leftovers\n|-damage|p2a: Great Tusk|54\/100 brn|[from] brn\n|upkeep\n|turn|27\n|\n|t:|1700107093\n|move|p2a: Great Tusk|Ice Spinner|p1a: Great Tusk\n|-supereffective|p1a: Great Tusk\n|-damage|p1a: Great Tusk|39\/100\n|move|p1a: Great Tusk|Bulk Up|p1a: Great Tusk\n|-boost|p1a: Great Tusk|atk|1\n|-boost|p1a: Great Tusk|def|1\n|\n|-heal|p1a: Great Tusk|46\/100|[from] item: Leftovers\n|-damage|p2a: Great Tusk|48\/100 brn|[from] brn\n|upkeep\n|turn|28\n|\n|t:|1700107099\n|move|p2a: Great Tusk|Bulk Up|p2a: Great Tusk\n|-boost|p2a: Great Tusk|atk|1\n|-boost|p2a: Great Tusk|def|1\n|move|p1a: Great Tusk|Bulk Up|p1a: Great Tusk\n|-boost|p1a: Great Tusk|atk|1\n|-boost|p1a: Great Tusk|def|1\n|\n|-heal|p1a: Great Tusk|52\/100|[from] item: Leftovers\n|-damage|p2a: Great Tusk|42\/100 brn|[from] brn\n|upkeep\n|turn|29\n|\n|t:|1700107108\n|move|p2a: Great Tusk|Headlong Rush|p1a: Great Tusk\n|-damage|p1a: Great Tusk|28\/100\n|-unboost|p2a: Great Tusk|def|1\n|-unboost|p2a: Great Tusk|spd|1\n|move|p1a: Great Tusk|Bulk Up|p1a: Great Tusk\n|-boost|p1a: Great Tusk|atk|1\n|-boost|p1a: Great Tusk|def|1\n|\n|-heal|p1a: Great Tusk|34\/100|[from] item: Leftovers\n|-damage|p2a: Great Tusk|36\/100 brn|[from] brn\n|upkeep\n|turn|30\n|\n|t:|1700107113\n|move|p2a: Great Tusk|Headlong Rush|p1a: Great Tusk\n|-damage|p1a: Great Tusk|14\/100\n|-unboost|p2a: Great Tusk|def|1\n|-unboost|p2a: Great Tusk|spd|1\n|move|p1a: Great Tusk|Bulk Up|p1a: Great Tusk\n|-boost|p1a: Great Tusk|atk|1\n|-boost|p1a: Great Tusk|def|1\n|\n|-heal|p1a: Great Tusk|21\/100|[from] item: Leftovers\n|-damage|p2a: Great Tusk|30\/100 brn|[from] brn\n|upkeep\n|turn|31\n|\n|t:|1700107122\n|move|p2a: Great Tusk|Headlong Rush|p1a: Great Tusk\n|-damage|p1a: Great Tusk|6\/100\n|-unboost|p2a: Great Tusk|def|1\n|-unboost|p2a: Great Tusk|spd|1\n|move|p1a: Great Tusk|Rapid Spin|p2a: Great Tusk\n|-damage|p2a: Great Tusk|1\/100 brn\n|-boost|p1a: Great Tusk|spe|1\n|\n|-heal|p1a: Great Tusk|12\/100|[from] item: Leftovers\n|-damage|p2a: Great Tusk|0 fnt|[from] brn\n|faint|p2a: Great Tusk\n|-end|p2a: Great Tusk|Protosynthesis|[silent]\n|upkeep\n|\n|t:|1700107133\n|switch|p2a: Meowscarada|Meowscarada, M|76\/100\n|-damage|p2a: Meowscarada|64\/100|[from] Stealth Rock\n|-damage|p2a: Meowscarada|51\/100|[from] Spikes\n|turn|32\n|\n|t:|1700107137\n|move|p2a: Meowscarada|Sucker Punch|p1a: Great Tusk\n|-start|p2a: Meowscarada|typechange|Dark|[from] ability: Protean\n|-resisted|p1a: Great Tusk\n|-damage|p1a: Great Tusk|7\/100\n|move|p1a: Great Tusk|Earthquake|p2a: Meowscarada\n|-damage|p2a: Meowscarada|0 fnt\n|faint|p2a: Meowscarada\n|\n|-heal|p1a: Great Tusk|13\/100|[from] item: Leftovers\n|upkeep\n|\n|t:|1700107144\n|switch|p2a: Walking Wake|Walking Wake, tera:Water|55\/100 brn\n|-damage|p2a: Walking Wake|43\/100 brn|[from] Stealth Rock\n|-damage|p2a: Walking Wake|31\/100 brn|[from] Spikes\n|turn|33\n|c|\u2606Blurred Ace|GG\n|\n|t:|1700107153\n|move|p2a: Walking Wake|Dragon Pulse|p1a: Great Tusk\n|-damage|p1a: Great Tusk|0 fnt\n|faint|p1a: Great Tusk\n|-end|p1a: Great Tusk|Protosynthesis|[silent]\n|\n|-damage|p2a: Walking Wake|24\/100 brn|[from] brn\n|upkeep\n|\n|t:|1700107156\n|switch|p1a: Samurott|Samurott-Hisui, M|100\/100\n|turn|34\n|\n|t:|1700107161\n|move|p2a: Walking Wake|Dragon Pulse|p1a: Samurott\n|-damage|p1a: Samurott|5\/100\n|move|p1a: Samurott|Knock Off|p2a: Walking Wake\n|-damage|p2a: Walking Wake|0 fnt\n|-enditem|p2a: Walking Wake|Choice Specs|[from] move: Knock Off|[of] p1a: Samurott\n|faint|p2a: Walking Wake\n|-end|p2a: Walking Wake|Protosynthesis|[silent]\n|\n|win|Blurred Ace\n|raw|Blurred Ace's rating: 1450 &rarr; <strong>1473<\/strong><br \/>(+23 for winning)\n|raw|DoubleWarp's rating: 1501 &rarr; <strong>1478<\/strong><br \/>(-23 for losing)\n|l|\u2606DoubleWarp\n","uploadtime":1700107177,"views":8,"p1id":"blurredace","p2id":"doublewarp","formatid":"gen9ou","rating":1473,"private":0,"password":""}