{"id":"gen9ou-1991271608","p1":"2005 power","p2":"Imanjoneser","format":"[Gen 9] OU","log":"|j|\u26062005 power\n|j|\u2606Imanjoneser\n|t:|1700063129\n|gametype|singles\n|player|p1|2005 power|lucas|1066\n|player|p2|Imanjoneser|bugcatcher-gen4dp|1089\n|teamsize|p1|6\n|teamsize|p2|6\n|gen|9\n|tier|[Gen 9] OU\n|rated|\n|rule|Sleep Clause Mod: Limit one foe put to sleep\n|rule|Species Clause: Limit one of each Pok\u00e9mon\n|rule|OHKO Clause: OHKO moves are banned\n|rule|Evasion Items Clause: Evasion items are banned\n|rule|Evasion Moves Clause: Evasion moves are banned\n|rule|Endless Battle Clause: Forcing endless battles is banned\n|rule|HP Percentage Mod: HP is shown in percentages\n|clearpoke\n|poke|p1|Typhlosion, F|\n|poke|p1|Charizard, M|\n|poke|p1|Ninetales, M|\n|poke|p1|Arcanine, M|\n|poke|p1|Houndoom, M|\n|poke|p1|Moltres|\n|poke|p2|Maushold-Four|\n|poke|p2|Ambipom, F|\n|poke|p2|Snorlax, F|\n|poke|p2|Staraptor, M|\n|poke|p2|Ditto|\n|poke|p2|Farigiraf, M|\n|teampreview\n|c|\u26062005 power|Good afternoon\n|c|\u26062005 power|Good luck\n|inactive|Battle timer is ON: inactive players will automatically lose when time's up. (requested by 2005 power)\n|c|\u2606Imanjoneser|Good afternon\n|c|\u2606Imanjoneser|noon\n|\n|t:|1700063166\n|start\n|switch|p1a: Ninetales|Ninetales, M|100\/100\n|switch|p2a: Ambipom|Ambipom, F, shiny|100\/100\n|-weather|SunnyDay|[from] ability: Drought|[of] p1a: Ninetales\n|turn|1\n|\n|t:|1700063179\n|switch|p1a: Arcanine|Arcanine, M|100\/100\n|-ability|p1a: Arcanine|Intimidate|boost\n|-unboost|p2a: Ambipom|atk|1\n|move|p2a: Ambipom|Fake Out|p1a: Arcanine\n|-enditem|p2a: Ambipom|Normal Gem|[from] gem\n|-damage|p1a: Arcanine|69\/100\n|\n|-weather|SunnyDay|[upkeep]\n|upkeep\n|turn|2\n|\n|t:|1700063191\n|move|p2a: Ambipom|Taunt|p1a: Arcanine\n|-start|p1a: Arcanine|move: Taunt\n|move|p1a: Arcanine|Close Combat|p2a: Ambipom\n|-supereffective|p2a: Ambipom\n|-damage|p2a: Ambipom|0 fnt\n|-unboost|p1a: Arcanine|def|1\n|-unboost|p1a: Arcanine|spd|1\n|faint|p2a: Ambipom\n|\n|-weather|SunnyDay|[upkeep]\n|upkeep\n|\n|t:|1700063204\n|switch|p2a: Staraptor|Staraptor, M, shiny|100\/100\n|-ability|p2a: Staraptor|Intimidate|boost\n|-unboost|p1a: Arcanine|atk|1\n|turn|3\n|\n|t:|1700063213\n|switch|p1a: Moltres|Moltres|100\/100\n|-ability|p1a: Moltres|Pressure\n|move|p2a: Staraptor|Brave Bird|p1a: Moltres\n|-damage|p1a: Moltres|39\/100\n|-damage|p2a: Staraptor|76\/100|[from] Recoil\n|\n|-weather|SunnyDay|[upkeep]\n|upkeep\n|turn|4\n|\n|t:|1700063221\n|move|p2a: Staraptor|Brave Bird|p1a: Moltres\n|-damage|p1a: Moltres|0 fnt\n|faint|p1a: Moltres\n|-damage|p2a: Staraptor|60\/100|[from] Recoil\n|\n|-weather|SunnyDay|[upkeep]\n|upkeep\n|\n|t:|1700063227\n|switch|p1a: Typhlosion|Typhlosion, F|100\/100\n|turn|5\n|\n|t:|1700063235\n|move|p1a: Typhlosion|Eruption|p2a: Staraptor\n|-damage|p2a: Staraptor|0 fnt\n|faint|p2a: Staraptor\n|\n|-weather|SunnyDay|[upkeep]\n|upkeep\n|\n|t:|1700063249\n|switch|p2a: Snorlax|Snorlax, F, shiny|100\/100\n|turn|6\n|\n|t:|1700063267\n|switch|p1a: Arcanine|Arcanine, M|69\/100\n|-ability|p1a: Arcanine|Intimidate|boost\n|-unboost|p2a: Snorlax|atk|1\n|move|p2a: Snorlax|Yawn|p1a: Arcanine\n|-start|p1a: Arcanine|move: Yawn|[of] p2a: Snorlax\n|\n|-weather|SunnyDay|[upkeep]\n|upkeep\n|turn|7\n|\n|t:|1700063277\n|move|p1a: Arcanine|Close Combat|p2a: Snorlax\n|-supereffective|p2a: Snorlax\n|-damage|p2a: Snorlax|0 fnt\n|-unboost|p1a: Arcanine|def|1\n|-unboost|p1a: Arcanine|spd|1\n|faint|p2a: Snorlax\n|\n|-weather|SunnyDay|[upkeep]\n|-end|p1a: Arcanine|move: Yawn|[silent]\n|-status|p1a: Arcanine|slp\n|upkeep\n|\n|t:|1700063285\n|switch|p2a: Maushold|Maushold-Four, shiny|100\/100\n|turn|8\n|\n|t:|1700063290\n|-terastallize|p2a: Maushold|Ghost\n|move|p2a: Maushold|Tidy Up|p2a: Maushold\n|-boost|p2a: Maushold|atk|1\n|-boost|p2a: Maushold|spe|1\n|cant|p1a: Arcanine|slp\n|\n|-weather|none\n|upkeep\n|turn|9\n|\n|t:|1700063301\n|switch|p1a: Houndoom|Houndoom, M|100\/100\n|move|p2a: Maushold|Tidy Up|p2a: Maushold\n|-boost|p2a: Maushold|atk|1\n|-boost|p2a: Maushold|spe|1\n|\n|upkeep\n|turn|10\n|\n|t:|1700063308\n|-terastallize|p1a: Houndoom|Dark\n|move|p2a: Maushold|Population Bomb|p1a: Houndoom\n|-damage|p1a: Houndoom|57\/100\n|-damage|p1a: Houndoom|11\/100\n|-damage|p1a: Houndoom|0 fnt\n|faint|p1a: Houndoom\n|-hitcount|p1: Houndoom|3\n|\n|upkeep\n|\n|t:|1700063317\n|switch|p1a: Typhlosion|Typhlosion, F|100\/100\n|turn|11\n|\n|t:|1700063321\n|move|p2a: Maushold|Population Bomb|p1a: Typhlosion\n|-damage|p1a: Typhlosion|69\/100\n|-damage|p1a: Typhlosion|38\/100\n|-damage|p1a: Typhlosion|5\/100\n|-damage|p1a: Typhlosion|0 fnt\n|faint|p1a: Typhlosion\n|-hitcount|p1: Typhlosion|4\n|\n|upkeep\n|\n|t:|1700063331\n|switch|p1a: Arcanine|Arcanine, M|69\/100 slp\n|-ability|p1a: Arcanine|Intimidate|boost\n|-unboost|p2a: Maushold|atk|1\n|turn|12\n|-message|2005 power forfeited.\n|\n|win|Imanjoneser\n|raw|2005 power's rating: 1066 &rarr; <strong>1047<\/strong><br \/>(-19 for losing)\n|raw|Imanjoneser's rating: 1089 &rarr; <strong>1114<\/strong><br \/>(+25 for winning)\n|l|\u26062005 power\n","uploadtime":1700063342,"views":6,"p1id":"2005power","p2id":"imanjoneser","formatid":"gen9ou","rating":1047,"private":0,"password":""}