{"id":"gen9ou-1995242018","p1":"SpaceBear9","p2":"MINO12131","format":"[Gen 9] OU","log":"|j|\u2606SpaceBear9\n|j|\u2606MINO12131\n|t:|1700538991\n|gametype|singles\n|player|p1|SpaceBear9|170|\n|player|p2|MINO12131|2|\n|teamsize|p1|6\n|teamsize|p2|6\n|gen|9\n|tier|[Gen 9] OU\n|rule|Sleep Clause Mod: Limit one foe put to sleep\n|rule|Species Clause: Limit one of each Pok\u00e9mon\n|rule|OHKO Clause: OHKO moves are banned\n|rule|Evasion Items Clause: Evasion items are banned\n|rule|Evasion Moves Clause: Evasion moves are banned\n|rule|Endless Battle Clause: Forcing endless battles is banned\n|rule|HP Percentage Mod: HP is shown in percentages\n|clearpoke\n|poke|p1|Ribombee, M|\n|poke|p1|Samurott-Hisui, M|\n|poke|p1|Gholdengo|\n|poke|p1|Zapdos|\n|poke|p1|Great Tusk|\n|poke|p1|Iron Moth|\n|poke|p2|Glimmora, M|\n|poke|p2|Samurott-Hisui, M|\n|poke|p2|Gholdengo|\n|poke|p2|Zamazenta-*|\n|poke|p2|Garchomp, M|\n|poke|p2|Spidops, F|\n|teampreview\n|\n|t:|1700539006\n|start\n|switch|p1a: Iron Moth|Iron Moth|100\/100\n|switch|p2a: Spidops|Spidops, F|100\/100\n|-enditem|p1a: Iron Moth|Booster Energy\n|-activate|p1a: Iron Moth|ability: Quark Drive|[fromitem]\n|-start|p1a: Iron Moth|quarkdrivespe\n|turn|1\n|\n|t:|1700539039\n|move|p1a: Iron Moth|Substitute|p1a: Iron Moth\n|-start|p1a: Iron Moth|Substitute\n|-damage|p1a: Iron Moth|75\/100\n|move|p2a: Spidops|Sticky Web|p1a: Iron Moth\n|-sidestart|p1: SpaceBear9|move: Sticky Web\n|\n|upkeep\n|turn|2\n|\n|t:|1700539049\n|move|p1a: Iron Moth|Fiery Dance|p2a: Spidops\n|-supereffective|p2a: Spidops\n|-damage|p2a: Spidops|8\/100\n|-boost|p1a: Iron Moth|spa|1\n|move|p2a: Spidops|Circle Throw|p1a: Iron Moth\n|-resisted|p1a: Iron Moth\n|-activate|p1a: Iron Moth|move: Substitute|[damage]\n|\n|upkeep\n|turn|3\n|\n|t:|1700539061\n|move|p1a: Iron Moth|Fiery Dance|p2a: Spidops\n|-supereffective|p2a: Spidops\n|-damage|p2a: Spidops|0 fnt\n|faint|p2a: Spidops\n|\n|upkeep\n|\n|t:|1700539068\n|switch|p2a: Samurott|Samurott-Hisui, M|100\/100\n|turn|4\n|\n|t:|1700539085\n|-terastallize|p2a: Samurott|Flying\n|move|p1a: Iron Moth|Sludge Wave|p2a: Samurott\n|-damage|p2a: Samurott|34\/100\n|move|p2a: Samurott|Liquidation|p1a: Iron Moth\n|-supereffective|p1a: Iron Moth\n|-crit|p1a: Iron Moth\n|-end|p1a: Iron Moth|Substitute\n|\n|upkeep\n|turn|5\n|\n|t:|1700539102\n|move|p1a: Iron Moth|Fiery Dance|p2a: Samurott\n|-damage|p2a: Samurott|0 fnt\n|-boost|p1a: Iron Moth|spa|1\n|faint|p2a: Samurott\n|\n|upkeep\n|\n|t:|1700539124\n|switch|p2a: Glimmora|Glimmora, M|100\/100\n|turn|6\n|\n|t:|1700539138\n|move|p1a: Iron Moth|Energy Ball|p2a: Glimmora\n|-damage|p2a: Glimmora|38\/100\n|-unboost|p2a: Glimmora|spd|1\n|move|p2a: Glimmora|Stealth Rock|p1a: Iron Moth\n|-sidestart|p1: SpaceBear9|move: Stealth Rock\n|\n|-heal|p2a: Glimmora|44\/100|[from] item: Leftovers\n|upkeep\n|turn|7\n|\n|t:|1700539150\n|move|p1a: Iron Moth|Fiery Dance|p2a: Glimmora\n|-resisted|p2a: Glimmora\n|-damage|p2a: Glimmora|0 fnt\n|-boost|p1a: Iron Moth|spa|1\n|faint|p2a: Glimmora\n|\n|upkeep\n|c|\u2606MINO12131|well\n|\n|t:|1700539168\n|switch|p2a: Garchomp|Garchomp, M|100\/100\n|turn|8\n|\n|t:|1700539182\n|move|p1a: Iron Moth|Energy Ball|p2a: Garchomp\n|-damage|p2a: Garchomp|16\/100\n|move|p2a: Garchomp|Earthquake|p1a: Iron Moth\n|-supereffective|p1a: Iron Moth\n|-damage|p1a: Iron Moth|0 fnt\n|faint|p1a: Iron Moth\n|-end|p1a: Iron Moth|Quark Drive|[silent]\n|\n|upkeep\n|\n|t:|1700539189\n|switch|p1a: Great Tusk|Great Tusk|100\/100\n|turn|9\n|\n|t:|1700539228\n|move|p2a: Garchomp|Earthquake|p1a: Great Tusk\n|-damage|p1a: Great Tusk|62\/100\n|move|p1a: Great Tusk|Ice Spinner|p2a: Garchomp\n|-supereffective|p2a: Garchomp\n|-damage|p2a: Garchomp|0 fnt\n|-damage|p1a: Great Tusk|49\/100|[from] ability: Rough Skin|[of] p2a: Garchomp\n|-damage|p1a: Great Tusk|33\/100|[from] item: Rocky Helmet|[of] p2a: Garchomp\n|faint|p2a: Garchomp\n|\n|upkeep\n|\n|t:|1700539239\n|switch|p2a: Zamazenta|Zamazenta|100\/100\n|-ability|p2a: Zamazenta|Dauntless Shield|boost\n|-boost|p2a: Zamazenta|def|1\n|turn|10\n|\n|t:|1700539260\n|move|p2a: Zamazenta|Body Press|p1a: Great Tusk\n|-damage|p1a: Great Tusk|1\/100\n|move|p1a: Great Tusk|Rapid Spin|p2a: Zamazenta\n|-damage|p2a: Zamazenta|92\/100\n|-boost|p1a: Great Tusk|spe|1\n|-sideend|p1: SpaceBear9|Stealth Rock|[from] move: Rapid Spin|[of] p1a: Great Tusk\n|-sideend|p1: SpaceBear9|Sticky Web|[from] move: Rapid Spin|[of] p1a: Great Tusk\n|\n|upkeep\n|turn|11\n|\n|t:|1700539273\n|move|p1a: Great Tusk|Headlong Rush|p2a: Zamazenta\n|-damage|p2a: Zamazenta|64\/100\n|-unboost|p1a: Great Tusk|def|1\n|-unboost|p1a: Great Tusk|spd|1\n|move|p2a: Zamazenta|Body Press|p1a: Great Tusk\n|-damage|p1a: Great Tusk|0 fnt\n|faint|p1a: Great Tusk\n|-end|p1a: Great Tusk|Protosynthesis|[silent]\n|\n|upkeep\n|\n|t:|1700539284\n|switch|p1a: Ribombee|Ribombee, M|100\/100\n|turn|12\n|\n|t:|1700539300\n|move|p2a: Zamazenta|Heavy Slam|p1a: Ribombee\n|-supereffective|p1a: Ribombee\n|-enditem|p1a: Ribombee|Focus Sash\n|-damage|p1a: Ribombee|1\/100\n|move|p1a: Ribombee|Moonblast|p2a: Zamazenta\n|-supereffective|p2a: Zamazenta\n|-crit|p2a: Zamazenta\n|-damage|p2a: Zamazenta|0 fnt\n|faint|p2a: Zamazenta\n|\n|upkeep\n|\n|t:|1700539306\n|switch|p2a: Gholdengo|Gholdengo|100\/100\n|-item|p2a: Gholdengo|Air Balloon\n|turn|13\n|c|\u2606MINO12131|alr time for the gholdengo sweep\n|\n|t:|1700539327\n|move|p1a: Ribombee|Stun Spore|p2a: Gholdengo\n|-immune|p2a: Gholdengo|[from] ability: Good as Gold\n|move|p2a: Gholdengo|Thunderbolt|p1a: Ribombee\n|-damage|p1a: Ribombee|0 fnt\n|faint|p1a: Ribombee\n|\n|upkeep\n|c|\u2606SpaceBear9|oh shoot\n|c|\u2606SpaceBear9|i forgot\n|\n|t:|1700539342\n|switch|p1a: Samurott|Samurott-Hisui, M|100\/100\n|turn|14\n|c|\u2606MINO12131|i do that all the time\n|\n|t:|1700539356\n|move|p1a: Samurott|Knock Off|p2a: Gholdengo\n|-supereffective|p2a: Gholdengo\n|-damage|p2a: Gholdengo|0 fnt\n|-enditem|p2a: Gholdengo|Air Balloon\n|faint|p2a: Gholdengo\n|\n|win|SpaceBear9\n|c|\u2606MINO12131|gg\n|c|\u2606SpaceBear9|gg\n","uploadtime":1700539370,"views":23,"p1id":"spacebear9","p2id":"mino12131","formatid":"gen9ou","rating":0,"private":0,"password":""}