{"id":"gen9ou-1991989240","p1":"wyverbal","p2":"AllegianceIs2UrMom","format":"[Gen 9] OU","log":"|j|\u2606wyverbal\n|j|\u2606AllegianceIs2UrMom\n|t:|1700145557\n|gametype|singles\n|player|p1|wyverbal|101|1140\n|player|p2|AllegianceIs2UrMom|101|1218\n|teamsize|p1|6\n|teamsize|p2|6\n|gen|9\n|tier|[Gen 9] OU\n|rated|\n|rule|Sleep Clause Mod: Limit one foe put to sleep\n|rule|Species Clause: Limit one of each Pok\u00e9mon\n|rule|OHKO Clause: OHKO moves are banned\n|rule|Evasion Items Clause: Evasion items are banned\n|rule|Evasion Moves Clause: Evasion moves are banned\n|rule|Endless Battle Clause: Forcing endless battles is banned\n|rule|HP Percentage Mod: HP is shown in percentages\n|clearpoke\n|poke|p1|Dipplin, M|\n|poke|p1|Enamorus-Therian, F|\n|poke|p1|Glimmora, F|\n|poke|p1|Alomomola, M|\n|poke|p1|Hoopa-Unbound|\n|poke|p1|Kommo-o, F|\n|poke|p2|Pelipper, F|\n|poke|p2|Barraskewda, F|\n|poke|p2|Basculegion-F, F|\n|poke|p2|Zapdos|\n|poke|p2|Gholdengo|\n|poke|p2|Iron Treads|\n|teampreview\n|inactive|Battle timer is ON: inactive players will automatically lose when time's up. (requested by wyverbal)\n|\n|t:|1700145566\n|start\n|switch|p1a: Enamorus|Enamorus-Therian, F, shiny|100\/100\n|switch|p2a: Iron Treads|Iron Treads|100\/100\n|turn|1\n|\n|t:|1700145573\n|move|p2a: Iron Treads|Ice Spinner|p1a: Enamorus\n|-supereffective|p1a: Enamorus\n|-damage|p1a: Enamorus|52\/100\n|-enditem|p1a: Enamorus|Weakness Policy\n|-boost|p1a: Enamorus|atk|2|[from] item: Weakness Policy\n|-boost|p1a: Enamorus|spa|2|[from] item: Weakness Policy\n|move|p1a: Enamorus|Agility|p1a: Enamorus\n|-boost|p1a: Enamorus|spe|2\n|\n|upkeep\n|turn|2\n|\n|t:|1700145583\n|move|p1a: Enamorus|Earth Power|p2a: Iron Treads\n|-supereffective|p2a: Iron Treads\n|-damage|p2a: Iron Treads|5\/100\n|move|p2a: Iron Treads|Rapid Spin|p1a: Enamorus\n|-damage|p1a: Enamorus|37\/100\n|-boost|p2a: Iron Treads|spe|1\n|\n|upkeep\n|turn|3\n|\n|t:|1700145592\n|move|p2a: Iron Treads|Earthquake|p1a: Enamorus\n|-immune|p1a: Enamorus\n|move|p1a: Enamorus|Moonblast|p2a: Iron Treads\n|-resisted|p2a: Iron Treads\n|-damage|p2a: Iron Treads|0 fnt\n|faint|p2a: Iron Treads\n|-end|p2a: Iron Treads|Quark Drive|[silent]\n|\n|upkeep\n|\n|t:|1700145595\n|switch|p2a: Zapdos|Zapdos|100\/100\n|turn|4\n|\n|t:|1700145606\n|-terastallize|p1a: Enamorus|Ground\n|move|p2a: Zapdos|Volt Switch|p1a: Enamorus\n|-immune|p1a: Enamorus\n|move|p1a: Enamorus|Agility|p1a: Enamorus\n|-boost|p1a: Enamorus|spe|2\n|\n|upkeep\n|turn|5\n|\n|t:|1700145616\n|switch|p2a: Pelipper|Pelipper, F|100\/100\n|-weather|RainDance|[from] ability: Drizzle|[of] p2a: Pelipper\n|move|p1a: Enamorus|Moonblast|p2a: Pelipper\n|-damage|p2a: Pelipper|0 fnt\n|faint|p2a: Pelipper\n|\n|-weather|RainDance|[upkeep]\n|upkeep\n|\n|t:|1700145618\n|switch|p2a: Barraskewda|Barraskewda, F|100\/100\n|turn|6\n|\n|t:|1700145630\n|switch|p1a: Alomomola|Alomomola, M|100\/100\n|move|p2a: Barraskewda|Aqua Jet|p1a: Alomomola\n|-resisted|p1a: Alomomola\n|-damage|p1a: Alomomola|90\/100\n|\n|-weather|RainDance|[upkeep]\n|upkeep\n|turn|7\n|\n|t:|1700145638\n|switch|p2a: Zapdos|Zapdos|100\/100\n|move|p1a: Alomomola|Scald|p2a: Zapdos\n|-damage|p2a: Zapdos|75\/100\n|\n|-weather|RainDance|[upkeep]\n|upkeep\n|turn|8\n|\n|t:|1700145646\n|switch|p1a: Enamorus|Enamorus-Therian, F, shiny, tera:Ground|37\/100\n|move|p2a: Zapdos|Weather Ball|p1a: Enamorus\n|-supereffective|p1a: Enamorus\n|-damage|p1a: Enamorus|0 fnt\n|faint|p1a: Enamorus\n|\n|-weather|RainDance|[upkeep]\n|upkeep\n|\n|t:|1700145657\n|switch|p1a: Hoopa|Hoopa-Unbound|100\/100\n|turn|9\n|\n|t:|1700145662\n|move|p2a: Zapdos|Weather Ball|p1a: Hoopa\n|-damage|p1a: Hoopa|81\/100\n|move|p1a: Hoopa|Knock Off|p2a: Zapdos\n|-damage|p2a: Zapdos|14\/100\n|-enditem|p2a: Zapdos|Choice Scarf|[from] move: Knock Off|[of] p1a: Hoopa\n|\n|-weather|RainDance|[upkeep]\n|upkeep\n|turn|10\n|\n|t:|1700145673\n|move|p2a: Zapdos|Thunder|p1a: Hoopa\n|-crit|p1a: Hoopa\n|-damage|p1a: Hoopa|46\/100\n|move|p1a: Hoopa|Knock Off|p2a: Zapdos\n|-damage|p2a: Zapdos|0 fnt\n|faint|p2a: Zapdos\n|\n|-weather|RainDance|[upkeep]\n|upkeep\n|\n|t:|1700145680\n|switch|p2a: Barraskewda|Barraskewda, F|100\/100\n|turn|11\n|\n|t:|1700145686\n|switch|p1a: Alomomola|Alomomola, M|100\/100\n|move|p2a: Barraskewda|Liquidation|p1a: Alomomola\n|-resisted|p1a: Alomomola\n|-damage|p1a: Alomomola|80\/100\n|\n|-weather|RainDance|[upkeep]\n|upkeep\n|turn|12\n|\n|t:|1700145694\n|switch|p2a: Basculegion|Basculegion-F, F|100\/100\n|move|p1a: Alomomola|Scald|p2a: Basculegion\n|-resisted|p2a: Basculegion\n|-damage|p2a: Basculegion|88\/100\n|\n|-weather|none\n|upkeep\n|turn|13\n|\n|t:|1700145701\n|move|p1a: Alomomola|Protect|p1a: Alomomola\n|-singleturn|p1a: Alomomola|Protect\n|move|p2a: Basculegion|Shadow Ball|p1a: Alomomola\n|-activate|p1a: Alomomola|move: Protect\n|\n|upkeep\n|turn|14\n|\n|t:|1700145707\n|switch|p1a: Kommo-o|Kommo-o, F, shiny|100\/100\n|move|p2a: Basculegion|Shadow Ball|p1a: Kommo-o\n|-immune|p1a: Kommo-o|[from] ability: Bulletproof\n|\n|upkeep\n|turn|15\n|-message|AllegianceIs2UrMom forfeited.\n|\n|win|wyverbal\n|raw|wyverbal's rating: 1140 &rarr; <strong>1171<\/strong><br \/>(+31 for winning)\n|raw|AllegianceIs2UrMom's rating: 1218 &rarr; <strong>1187<\/strong><br \/>(-31 for losing)\n|l|\u2606AllegianceIs2UrMom\n","uploadtime":1700145716,"views":6,"p1id":"wyverbal","p2id":"allegianceis2urmom","formatid":"gen9ou","rating":1171,"private":0,"password":""}