{"id":"gen9ou-1995654733","p1":"SpasDeuzi","p2":"SwordFishApplecore","format":"[Gen 9] OU","log":"|j|\u2606SpasDeuzi\n|j|\u2606SwordFishApplecore\n|t:|1700591170\n|gametype|singles\n|player|p1|SpasDeuzi|1|1187\n|player|p2|SwordFishApplecore|170|1141\n|teamsize|p1|6\n|teamsize|p2|6\n|gen|9\n|tier|[Gen 9] OU\n|rated|\n|rule|Sleep Clause Mod: Limit one foe put to sleep\n|rule|Species Clause: Limit one of each Pok\u00e9mon\n|rule|OHKO Clause: OHKO moves are banned\n|rule|Evasion Items Clause: Evasion items are banned\n|rule|Evasion Moves Clause: Evasion moves are banned\n|rule|Endless Battle Clause: Forcing endless battles is banned\n|rule|HP Percentage Mod: HP is shown in percentages\n|clearpoke\n|poke|p1|Garchomp, F|\n|poke|p1|Maushold-Four|\n|poke|p1|Tyranitar, F|\n|poke|p1|Gyarados, M|\n|poke|p1|Iron Valiant|\n|poke|p1|Grimmsnarl, M|\n|poke|p2|Cinderace, M|\n|poke|p2|Empoleon, M|\n|poke|p2|Meowscarada, F|\n|poke|p2|Landorus-Therian, M|\n|poke|p2|Tornadus-Therian, M|\n|poke|p2|Kingambit, M|\n|teampreview\n|inactive|Battle timer is ON: inactive players will automatically lose when time's up. (requested by SpasDeuzi)\n|\n|t:|1700591183\n|start\n|switch|p1a: Grimmsnarl|Grimmsnarl, M, shiny|100\/100\n|switch|p2a: Empoleon|Empoleon, M, shiny|100\/100\n|turn|1\n|\n|t:|1700591188\n|move|p1a: Grimmsnarl|Taunt|p2a: Empoleon\n|-start|p2a: Empoleon|move: Taunt\n|move|p2a: Empoleon|Flip Turn|p1a: Grimmsnarl\n|-damage|p1a: Grimmsnarl|80\/100\n|\n|t:|1700591196\n|switch|p2a: Kingambit|Kingambit, M|100\/100|[from] Flip Turn\n|\n|upkeep\n|turn|2\n|\n|t:|1700591200\n|move|p1a: Grimmsnarl|Reflect|p1a: Grimmsnarl\n|-sidestart|p1: SpasDeuzi|Reflect\n|move|p2a: Kingambit|Iron Head|p1a: Grimmsnarl\n|-supereffective|p1a: Grimmsnarl\n|-damage|p1a: Grimmsnarl|22\/100\n|\n|upkeep\n|turn|3\n|\n|t:|1700591205\n|switch|p1a: Tyranitar|Tyranitar, F, shiny|100\/100\n|-weather|Sandstorm|[from] ability: Sand Stream|[of] p1a: Tyranitar\n|move|p2a: Kingambit|Brick Break|p1a: Tyranitar\n|-sideend|p1: SpasDeuzi|Reflect\n|-supereffective|p1a: Tyranitar\n|-damage|p1a: Tyranitar|9\/100\n|\n|-weather|Sandstorm|[upkeep]\n|upkeep\n|turn|4\n|\n|t:|1700591210\n|move|p1a: Tyranitar|Low Kick|p2a: Kingambit\n|-supereffective|p2a: Kingambit\n|-damage|p2a: Kingambit|0 fnt\n|faint|p2a: Kingambit\n|-end|p2a: Kingambit|fallenundefined|[silent]\n|\n|-weather|Sandstorm|[upkeep]\n|upkeep\n|\n|t:|1700591218\n|switch|p2a: Empoleon|Empoleon, M, shiny|100\/100\n|turn|5\n|\n|t:|1700591221\n|-terastallize|p2a: Empoleon|Ghost\n|move|p1a: Tyranitar|Earthquake|p2a: Empoleon\n|-damage|p2a: Empoleon|63\/100\n|move|p2a: Empoleon|Stealth Rock|p1a: Tyranitar\n|-sidestart|p1: SpasDeuzi|move: Stealth Rock\n|\n|-weather|Sandstorm|[upkeep]\n|-damage|p2a: Empoleon|57\/100|[from] Sandstorm\n|-heal|p2a: Empoleon|63\/100|[from] item: Leftovers\n|upkeep\n|turn|6\n|\n|t:|1700591231\n|switch|p2a: Landorus|Landorus-Therian, M|100\/100\n|-ability|p2a: Landorus|Intimidate|boost\n|-unboost|p1a: Tyranitar|atk|1\n|move|p1a: Tyranitar|Rock Blast|p2a: Landorus\n|-damage|p2a: Landorus|89\/100\n|-damage|p2a: Landorus|76\/100\n|-damage|p2a: Landorus|64\/100\n|-damage|p2a: Landorus|53\/100\n|-hitcount|p2a: Landorus|4\n|\n|-weather|Sandstorm|[upkeep]\n|-heal|p2a: Landorus|59\/100|[from] item: Leftovers\n|upkeep\n|turn|7\n|\n|t:|1700591239\n|switch|p1a: Gyarados|Gyarados, M|100\/100\n|-damage|p1a: Gyarados|76\/100|[from] Stealth Rock\n|move|p2a: Landorus|U-turn|p1a: Gyarados\n|-resisted|p1a: Gyarados\n|-damage|p1a: Gyarados|58\/100\n|\n|t:|1700591246\n|switch|p2a: Meowscarada|Meowscarada, F, shiny|100\/100|[from] U-turn\n|\n|-weather|none\n|upkeep\n|turn|8\n|\n|t:|1700591255\n|move|p2a: Meowscarada|Flower Trick|p1a: Gyarados\n|-start|p2a: Meowscarada|typechange|Grass|[from] ability: Protean\n|-crit|p1a: Gyarados\n|-damage|p1a: Gyarados|0 fnt\n|faint|p1a: Gyarados\n|\n|upkeep\n|\n|t:|1700591259\n|switch|p1a: Grimmsnarl|Grimmsnarl, M, shiny|22\/100\n|-damage|p1a: Grimmsnarl|9\/100|[from] Stealth Rock\n|turn|9\n|\n|t:|1700591262\n|move|p1a: Grimmsnarl|Reflect|p1a: Grimmsnarl\n|-sidestart|p1: SpasDeuzi|Reflect\n|move|p2a: Meowscarada|Flower Trick|p1a: Grimmsnarl\n|-crit|p1a: Grimmsnarl\n|-damage|p1a: Grimmsnarl|0 fnt\n|faint|p1a: Grimmsnarl\n|\n|upkeep\n|\n|t:|1700591269\n|switch|p1a: Maushold|Maushold-Four, shiny|100\/100\n|-damage|p1a: Maushold|88\/100|[from] Stealth Rock\n|turn|10\n|\n|t:|1700591272\n|switch|p2a: Empoleon|Empoleon, M, shiny, tera:Ghost|63\/100\n|move|p1a: Maushold|Tidy Up|p1a: Maushold\n|-sideend|p1: SpasDeuzi|Stealth Rock\n|-activate|p1a: Maushold|move: Tidy Up\n|-boost|p1a: Maushold|atk|1\n|-boost|p1a: Maushold|spe|1\n|\n|-heal|p2a: Empoleon|70\/100|[from] item: Leftovers\n|upkeep\n|turn|11\n|\n|t:|1700591283\n|move|p1a: Maushold|Bite|p2a: Empoleon\n|-supereffective|p2a: Empoleon\n|-damage|p2a: Empoleon|4\/100\n|cant|p2a: Empoleon|flinch\n|\n|-heal|p2a: Empoleon|10\/100|[from] item: Leftovers\n|upkeep\n|turn|12\n|\n|t:|1700591288\n|move|p1a: Maushold|Bite|p2a: Empoleon\n|-supereffective|p2a: Empoleon\n|-damage|p2a: Empoleon|0 fnt\n|faint|p2a: Empoleon\n|\n|upkeep\n|\n|t:|1700591291\n|switch|p2a: Cinderace|Cinderace, M|100\/100\n|turn|13\n|\n|t:|1700591296\n|-terastallize|p1a: Maushold|Poison\n|move|p1a: Maushold|Population Bomb|p2a: Cinderace\n|-damage|p2a: Cinderace|81\/100\n|-damage|p2a: Cinderace|60\/100\n|-damage|p2a: Cinderace|41\/100\n|-damage|p2a: Cinderace|22\/100\n|-damage|p2a: Cinderace|2\/100\n|-damage|p2a: Cinderace|0 fnt\n|faint|p2a: Cinderace\n|-hitcount|p2: Cinderace|6\n|\n|upkeep\n|\n|t:|1700591301\n|switch|p2a: Landorus|Landorus-Therian, M|59\/100\n|-ability|p2a: Landorus|Intimidate|boost\n|-unboost|p1a: Maushold|atk|1\n|turn|14\n|\n|t:|1700591305\n|move|p1a: Maushold|Tidy Up|p1a: Maushold\n|-boost|p1a: Maushold|atk|1\n|-boost|p1a: Maushold|spe|1\n|move|p2a: Landorus|Taunt|p1a: Maushold\n|-start|p1a: Maushold|move: Taunt\n|\n|-heal|p2a: Landorus|65\/100|[from] item: Leftovers\n|upkeep\n|turn|15\n|\n|t:|1700591309\n|move|p1a: Maushold|Population Bomb|p2a: Landorus\n|-damage|p2a: Landorus|48\/100\n|-damage|p2a: Landorus|27\/100\n|-damage|p2a: Landorus|8\/100\n|-damage|p2a: Landorus|0 fnt\n|faint|p2a: Landorus\n|-hitcount|p2: Landorus|4\n|\n|upkeep\n|\n|t:|1700591315\n|switch|p2a: Meowscarada|Meowscarada, F, shiny|100\/100\n|turn|16\n|\n|t:|1700591319\n|switch|p2a: Tornadus|Tornadus-Therian, M|100\/100\n|move|p1a: Maushold|Population Bomb|p2a: Tornadus\n|-damage|p2a: Tornadus|77\/100\n|-damage|p1a: Maushold|71\/100|[from] item: Rocky Helmet|[of] p2a: Tornadus\n|-damage|p2a: Tornadus|55\/100\n|-damage|p1a: Maushold|55\/100|[from] item: Rocky Helmet|[of] p2a: Tornadus\n|-damage|p2a: Tornadus|30\/100\n|-damage|p1a: Maushold|38\/100|[from] item: Rocky Helmet|[of] p2a: Tornadus\n|-damage|p2a: Tornadus|8\/100\n|-damage|p1a: Maushold|22\/100|[from] item: Rocky Helmet|[of] p2a: Tornadus\n|-damage|p2a: Tornadus|0 fnt\n|-damage|p1a: Maushold|5\/100|[from] item: Rocky Helmet|[of] p2a: Tornadus\n|faint|p2a: Tornadus\n|-hitcount|p2: Tornadus|5\n|\n|-sideend|p1: SpasDeuzi|Reflect\n|upkeep\n|-message|SwordFishApplecore forfeited.\n|\n|win|SpasDeuzi\n|raw|SpasDeuzi's rating: 1187 &rarr; <strong>1209<\/strong><br \/>(+22 for winning)\n|raw|SwordFishApplecore's rating: 1141 &rarr; <strong>1119<\/strong><br \/>(-22 for losing)\n|l|\u2606SwordFishApplecore\n","uploadtime":1700591329,"views":13,"p1id":"spasdeuzi","p2id":"swordfishapplecore","formatid":"gen9ou","rating":1119,"private":0,"password":""}