{"id":"gen9ou-1992670141","p1":"feedfish","p2":"smexydevvi","format":"[Gen 9] OU","log":"|j|\u2606feedfish\n|j|\u2606smexydevvi\n|t:|1700223140\n|gametype|singles\n|player|p1|feedfish|102|1108\n|player|p2|smexydevvi|cynthia-gen4|1145\n|teamsize|p1|6\n|teamsize|p2|6\n|gen|9\n|tier|[Gen 9] OU\n|rated|\n|rule|Sleep Clause Mod: Limit one foe put to sleep\n|rule|Species Clause: Limit one of each Pok\u00e9mon\n|rule|OHKO Clause: OHKO moves are banned\n|rule|Evasion Items Clause: Evasion items are banned\n|rule|Evasion Moves Clause: Evasion moves are banned\n|rule|Endless Battle Clause: Forcing endless battles is banned\n|rule|HP Percentage Mod: HP is shown in percentages\n|clearpoke\n|poke|p1|Crawdaunt, M|\n|poke|p1|Skeledirge, M|\n|poke|p1|Heatran, M|\n|poke|p1|Ceruledge, F|\n|poke|p1|Ribombee, F|\n|poke|p1|Quaquaval, M|\n|poke|p2|Grafaiai, M|\n|poke|p2|Ceruledge, F|\n|poke|p2|Gastrodon-East, F|\n|poke|p2|Overqwil, M|\n|poke|p2|Zapdos-Galar|\n|poke|p2|Hatterene, F|\n|teampreview\n|inactive|Battle timer is ON: inactive players will automatically lose when time's up. (requested by feedfish)\n|\n|t:|1700223149\n|start\n|switch|p1a: Ribombee|Ribombee, F|100\/100\n|switch|p2a: Grafaiai|Grafaiai, M|100\/100\n|turn|1\n|\n|t:|1700223158\n|move|p2a: Grafaiai|Parting Shot|p1a: Ribombee\n|-unboost|p1a: Ribombee|atk|1\n|-unboost|p1a: Ribombee|spa|1\n|\n|t:|1700223161\n|switch|p2a: Hatterene|Hatterene, F|100\/100|[from] Parting Shot\n|move|p1a: Ribombee|Sticky Web|p2a: Hatterene\n|move|p2a: Hatterene|Sticky Web|p1a: Ribombee|[from]ability: Magic Bounce\n|-sidestart|p1: feedfish|move: Sticky Web\n|\n|upkeep\n|turn|2\n|c|\u2606smexydevvi|pls dont ff\n|\n|t:|1700223167\n|move|p1a: Ribombee|Bug Buzz|p2a: Hatterene\n|-damage|p2a: Hatterene|80\/100\n|move|p2a: Hatterene|Mystical Fire|p1a: Ribombee\n|-supereffective|p1a: Ribombee\n|-enditem|p1a: Ribombee|Focus Sash\n|-damage|p1a: Ribombee|1\/100\n|\n|upkeep\n|turn|3\n|c|\u2606smexydevvi|ty\n|c|\u2606feedfish|nah\n|\n|t:|1700223174\n|move|p1a: Ribombee|Bug Buzz|p2a: Hatterene\n|-damage|p2a: Hatterene|62\/100\n|-unboost|p2a: Hatterene|spd|1\n|move|p2a: Hatterene|Mystical Fire|p1a: Ribombee\n|-supereffective|p1a: Ribombee\n|-damage|p1a: Ribombee|0 fnt\n|faint|p1a: Ribombee\n|\n|upkeep\n|\n|t:|1700223178\n|switch|p1a: Quaquaval|Quaquaval, M|100\/100\n|turn|4\n|c|\u2606smexydevvi|everyone ffs after that lmao\n|\n|t:|1700223187\n|-terastallize|p1a: Quaquaval|Water\n|move|p1a: Quaquaval|Rapid Spin|p2a: Hatterene\n|-damage|p2a: Hatterene|42\/100\n|-boost|p1a: Quaquaval|spe|1\n|-sideend|p1: feedfish|Sticky Web|[from] move: Rapid Spin|[of] p1a: Quaquaval\n|move|p2a: Hatterene|Draining Kiss|p1a: Quaquaval\n|-damage|p1a: Quaquaval|58\/100\n|-heal|p2a: Hatterene|73\/100|[from] drain|[of] p1a: Quaquaval\n|\n|upkeep\n|turn|5\n|c|\u2606feedfish|im okay with the trick\n|\n|t:|1700223197\n|move|p1a: Quaquaval|Aqua Step|p2a: Hatterene\n|-damage|p2a: Hatterene|12\/100\n|-boost|p1a: Quaquaval|spe|1\n|move|p2a: Hatterene|Giga Drain|p1a: Quaquaval\n|-supereffective|p1a: Quaquaval\n|-damage|p1a: Quaquaval|0 fnt\n|-heal|p2a: Hatterene|39\/100|[from] drain|[of] p1a: Quaquaval\n|faint|p1a: Quaquaval\n|\n|upkeep\n|c|\u2606smexydevvi|<3\n|\n|t:|1700223204\n|switch|p1a: Ceruledge|Ceruledge, F|100\/100\n|turn|6\n|\n|t:|1700223211\n|switch|p2a: Overqwil|Overqwil, M|100\/100\n|-ability|p2a: Overqwil|Intimidate|boost\n|-unboost|p1a: Ceruledge|atk|1\n|move|p1a: Ceruledge|Poltergeist|p2a: Overqwil\n|-activate|p2a: Overqwil|move: Poltergeist|Salac Berry\n|-resisted|p2a: Overqwil\n|-damage|p2a: Overqwil|79\/100\n|\n|upkeep\n|turn|7\n|\n|t:|1700223221\n|switch|p1a: Crawdaunt|Crawdaunt, M|100\/100\n|move|p2a: Overqwil|Crunch|p1a: Crawdaunt\n|-resisted|p1a: Crawdaunt\n|-damage|p1a: Crawdaunt|80\/100\n|\n|upkeep\n|turn|8\n|\n|t:|1700223227\n|move|p2a: Overqwil|Chilling Water|p1a: Crawdaunt\n|-resisted|p1a: Crawdaunt\n|-damage|p1a: Crawdaunt|73\/100\n|-unboost|p1a: Crawdaunt|atk|1\n|move|p1a: Crawdaunt|Knock Off|p2a: Overqwil\n|-resisted|p2a: Overqwil\n|-damage|p2a: Overqwil|39\/100\n|-enditem|p2a: Overqwil|Salac Berry|[from] move: Knock Off|[of] p1a: Crawdaunt\n|\n|upkeep\n|turn|9\n|\n|t:|1700223240\n|switch|p1a: Skeledirge|Skeledirge, M|100\/100\n|move|p2a: Overqwil|Swords Dance|p2a: Overqwil\n|-boost|p2a: Overqwil|atk|2\n|\n|upkeep\n|turn|10\n|\n|t:|1700223247\n|move|p2a: Overqwil|Crunch|p1a: Skeledirge\n|-supereffective|p1a: Skeledirge\n|-damage|p1a: Skeledirge|34\/100\n|move|p1a: Skeledirge|Earth Power|p2a: Overqwil\n|-supereffective|p2a: Overqwil\n|-damage|p2a: Overqwil|0 fnt\n|faint|p2a: Overqwil\n|\n|-heal|p1a: Skeledirge|41\/100|[from] item: Leftovers\n|upkeep\n|\n|t:|1700223258\n|switch|p2a: Gastrodon|Gastrodon-East, F|100\/100\n|turn|11\n|\n|t:|1700223264\n|move|p1a: Skeledirge|Shadow Ball|p2a: Gastrodon\n|-damage|p2a: Gastrodon|63\/100\n|-unboost|p2a: Gastrodon|spd|1\n|move|p2a: Gastrodon|Hydro Pump|p1a: Skeledirge\n|-supereffective|p1a: Skeledirge\n|-damage|p1a: Skeledirge|0 fnt\n|faint|p1a: Skeledirge\n|\n|-heal|p2a: Gastrodon|69\/100|[from] item: Leftovers\n|upkeep\n|\n|t:|1700223270\n|switch|p1a: Ceruledge|Ceruledge, F|100\/100\n|turn|12\n|\n|t:|1700223278\n|switch|p1a: Heatran|Heatran, M|100\/100\n|move|p2a: Gastrodon|Hydro Pump|p1a: Heatran|[miss]\n|-miss|p2a: Gastrodon|p1a: Heatran\n|\n|-heal|p2a: Gastrodon|75\/100|[from] item: Leftovers\n|upkeep\n|turn|13\n|c|\u2606feedfish|missclick close the match\n|\n|t:|1700223302\n|switch|p2a: Grafaiai|Grafaiai, M|100\/100\n|move|p1a: Heatran|Stealth Rock|p2a: Grafaiai\n|-sidestart|p2: smexydevvi|move: Stealth Rock\n|\n|upkeep\n|turn|14\n|c|\u2606smexydevvi|it works out lmao\n|\n|t:|1700223316\n|move|p2a: Grafaiai|Parting Shot|p1a: Heatran\n|-unboost|p1a: Heatran|atk|1\n|-unboost|p1a: Heatran|spa|1\n|\n|t:|1700223320\n|switch|p2a: Hatterene|Hatterene, F|39\/100|[from] Parting Shot\n|-damage|p2a: Hatterene|27\/100|[from] Stealth Rock\n|move|p1a: Heatran|Flash Cannon|p2a: Hatterene\n|-supereffective|p2a: Hatterene\n|-damage|p2a: Hatterene|0 fnt\n|faint|p2a: Hatterene\n|\n|upkeep\n|\n|t:|1700223328\n|switch|p2a: Zapdos|Zapdos-Galar|100\/100\n|-damage|p2a: Zapdos|88\/100|[from] Stealth Rock\n|turn|15\n|c|\u2606feedfish|catch the switch\n|\n|t:|1700223336\n|switch|p1a: Ceruledge|Ceruledge, F|100\/100\n|move|p2a: Zapdos|Thunderous Kick|p1a: Ceruledge\n|-immune|p1a: Ceruledge\n|\n|upkeep\n|turn|16\n|\n|t:|1700223343\n|switch|p2a: Grafaiai|Grafaiai, M|100\/100\n|-damage|p2a: Grafaiai|88\/100|[from] Stealth Rock\n|move|p1a: Ceruledge|Swords Dance|p1a: Ceruledge\n|-boost|p1a: Ceruledge|atk|2\n|\n|upkeep\n|turn|17\n|\n|t:|1700223351\n|move|p2a: Grafaiai|Switcheroo|p1a: Ceruledge\n|-activate|p2a: Grafaiai|move: Trick|[of] p1a: Ceruledge\n|-item|p1a: Ceruledge|Iron Ball|[from] move: Switcheroo\n|-item|p2a: Grafaiai|Focus Sash|[from] move: Switcheroo\n|move|p1a: Ceruledge|Bitter Blade|p2a: Grafaiai\n|-damage|p2a: Grafaiai|0 fnt\n|faint|p2a: Grafaiai\n|\n|upkeep\n|\n|t:|1700223361\n|switch|p2a: Ceruledge|Ceruledge, F|100\/100\n|-damage|p2a: Ceruledge|76\/100|[from] Stealth Rock\n|turn|18\n|\n|t:|1700223367\n|switch|p1a: Heatran|Heatran, M|100\/100\n|move|p2a: Ceruledge|Shadow Sneak|p1a: Heatran\n|-damage|p1a: Heatran|82\/100\n|-heal|p2a: Ceruledge|79\/100|[from] item: Shell Bell|[of] p1a: Heatran\n|\n|upkeep\n|turn|19\n|\n|t:|1700223379\n|switch|p2a: Gastrodon|Gastrodon-East, F|75\/100\n|-damage|p2a: Gastrodon|69\/100|[from] Stealth Rock\n|move|p1a: Heatran|Magma Storm|p2a: Gastrodon\n|-resisted|p2a: Gastrodon\n|-damage|p2a: Gastrodon|42\/100\n|-activate|p2a: Gastrodon|move: Magma Storm|[of] p1a: Heatran\n|\n|-heal|p2a: Gastrodon|48\/100|[from] item: Leftovers\n|-damage|p2a: Gastrodon|35\/100|[from] move: Magma Storm|[partiallytrapped]\n|upkeep\n|turn|20\n|c|\u2606feedfish|huh ?\n|\n|t:|1700223388\n|move|p1a: Heatran|Taunt|p2a: Gastrodon\n|-start|p2a: Gastrodon|move: Taunt\n|cant|p2a: Gastrodon|move: Taunt|Recover\n|\n|-heal|p2a: Gastrodon|41\/100|[from] item: Leftovers\n|-damage|p2a: Gastrodon|29\/100|[from] move: Magma Storm|[partiallytrapped]\n|upkeep\n|turn|21\n|\n|t:|1700223401\n|-terastallize|p2a: Gastrodon|Fire\n|move|p1a: Heatran|Magma Storm|p2a: Gastrodon\n|-resisted|p2a: Gastrodon\n|-damage|p2a: Gastrodon|1\/100\n|move|p2a: Gastrodon|Hydro Pump|p1a: Heatran\n|-supereffective|p1a: Heatran\n|-damage|p1a: Heatran|0 fnt\n|faint|p1a: Heatran\n|\n|-heal|p2a: Gastrodon|7\/100|[from] item: Leftovers\n|-end|p2a: Gastrodon|Magma Storm|[partiallytrapped]|[silent]\n|upkeep\n|\n|t:|1700223406\n|switch|p1a: Crawdaunt|Crawdaunt, M|73\/100\n|turn|22\n|\n|t:|1700223416\n|move|p1a: Crawdaunt|Knock Off|p2a: Gastrodon\n|-damage|p2a: Gastrodon|0 fnt\n|-enditem|p2a: Gastrodon|Leftovers|[from] move: Knock Off|[of] p1a: Crawdaunt\n|faint|p2a: Gastrodon\n|\n|upkeep\n|\n|t:|1700223425\n|switch|p2a: Zapdos|Zapdos-Galar|88\/100\n|-damage|p2a: Zapdos|76\/100|[from] Stealth Rock\n|turn|23\n|\n|t:|1700223432\n|move|p2a: Zapdos|Knock Off|p1a: Crawdaunt\n|-resisted|p1a: Crawdaunt\n|-damage|p1a: Crawdaunt|42\/100\n|-enditem|p1a: Crawdaunt|Choice Band|[from] move: Knock Off|[of] p2a: Zapdos\n|move|p1a: Crawdaunt|Knock Off|p2a: Zapdos\n|-resisted|p2a: Zapdos\n|-damage|p2a: Zapdos|37\/100\n|-enditem|p2a: Zapdos|Choice Band|[from] move: Knock Off|[of] p1a: Crawdaunt\n|\n|upkeep\n|turn|24\n|\n|t:|1700223445\n|move|p1a: Crawdaunt|Aqua Jet|p2a: Zapdos\n|-damage|p2a: Zapdos|1\/100\n|move|p2a: Zapdos|U-turn|p1a: Crawdaunt\n|-supereffective|p1a: Crawdaunt\n|-damage|p1a: Crawdaunt|0 fnt\n|faint|p1a: Crawdaunt\n|\n|t:|1700223451\n|switch|p2a: Ceruledge|Ceruledge, F|79\/100|[from] U-turn\n|-damage|p2a: Ceruledge|54\/100|[from] Stealth Rock\n|\n|upkeep\n|c|\u2606feedfish|gg\n|\n|t:|1700223455\n|switch|p1a: Ceruledge|Ceruledge, F|100\/100\n|turn|25\n|\n|t:|1700223461\n|move|p2a: Ceruledge|Bulk Up|p2a: Ceruledge\n|-boost|p2a: Ceruledge|atk|1\n|-boost|p2a: Ceruledge|def|1\n|move|p1a: Ceruledge|Poltergeist|p2a: Ceruledge\n|-activate|p2a: Ceruledge|move: Poltergeist|Shell Bell\n|-supereffective|p2a: Ceruledge\n|-damage|p2a: Ceruledge|0 fnt\n|faint|p2a: Ceruledge\n|\n|upkeep\n|c|\u2606smexydevvi|gg\n|\n|t:|1700223469\n|switch|p2a: Zapdos|Zapdos-Galar|1\/100\n|-damage|p2a: Zapdos|0 fnt|[from] Stealth Rock\n|faint|p2a: Zapdos\n|\n|win|feedfish\n|raw|feedfish's rating: 1108 &rarr; <strong>1136<\/strong><br \/>(+28 for winning)\n|raw|smexydevvi's rating: 1145 &rarr; <strong>1117<\/strong><br \/>(-28 for losing)\n|c|\u2606feedfish|missclick ?\n","uploadtime":1700223484,"views":10,"p1id":"feedfish","p2id":"smexydevvi","formatid":"gen9ou","rating":1117,"private":0,"password":""}