{"id":"gen9ou-1995892290","p1":"deserttrooper88","p2":"shirmp2080","format":"[Gen 9] OU","log":"|j|\u2606deserttrooper88\n|j|\u2606shirmp2080\n|t:|1700614315\n|gametype|singles\n|player|p1|deserttrooper88|lance|1102\n|player|p2|shirmp2080|emmet|1125\n|teamsize|p1|6\n|teamsize|p2|6\n|gen|9\n|tier|[Gen 9] OU\n|rated|\n|rule|Sleep Clause Mod: Limit one foe put to sleep\n|rule|Species Clause: Limit one of each Pok\u00e9mon\n|rule|OHKO Clause: OHKO moves are banned\n|rule|Evasion Items Clause: Evasion items are banned\n|rule|Evasion Moves Clause: Evasion moves are banned\n|rule|Endless Battle Clause: Forcing endless battles is banned\n|rule|HP Percentage Mod: HP is shown in percentages\n|clearpoke\n|poke|p1|Salamence, M|\n|poke|p1|Maushold-Four|\n|poke|p1|Ogerpon-Wellspring, F|\n|poke|p1|Ceruledge, M|\n|poke|p1|Great Tusk|\n|poke|p1|Infernape, F|\n|poke|p2|Glimmora, M|\n|poke|p2|Garganacl, F|\n|poke|p2|Gholdengo|\n|poke|p2|Clodsire, F|\n|poke|p2|Zapdos|\n|poke|p2|Pelipper, F|\n|teampreview\n|inactive|Battle timer is ON: inactive players will automatically lose when time's up. (requested by shirmp2080)\n|\n|t:|1700614342\n|start\n|switch|p1a: Ceruledge|Ceruledge, M, shiny|100\/100\n|switch|p2a: Pelipper|Pelipper, F|100\/100\n|-weather|RainDance|[from] ability: Drizzle|[of] p2a: Pelipper\n|turn|1\n|\n|t:|1700614367\n|switch|p1a: Ogerpon|Ogerpon-Wellspring, F|100\/100\n|move|p2a: Pelipper|U-turn|p1a: Ogerpon\n|-supereffective|p1a: Ogerpon\n|-damage|p1a: Ogerpon|75\/100\n|inactive|shirmp2080 has 120 seconds left.\n|\n|t:|1700614387\n|switch|p2a: Glimmora|Glimmora, M|100\/100|[from] U-turn\n|\n|-weather|RainDance|[upkeep]\n|upkeep\n|turn|2\n|inactive|shirmp2080 has 120 seconds left.\n|\n|t:|1700614395\n|move|p1a: Ogerpon|Stomping Tantrum|p2a: Glimmora\n|-supereffective|p2a: Glimmora\n|-enditem|p2a: Glimmora|Focus Sash\n|-damage|p2a: Glimmora|1\/100\n|-activate|p2a: Glimmora|ability: Toxic Debris\n|-sidestart|p1: deserttrooper88|move: Toxic Spikes\n|move|p2a: Glimmora|Sludge Wave|p1a: Ogerpon\n|-supereffective|p1a: Ogerpon\n|-damage|p1a: Ogerpon|0 fnt\n|faint|p1a: Ogerpon\n|\n|-weather|RainDance|[upkeep]\n|upkeep\n|\n|t:|1700614409\n|switch|p1a: Salamence|Salamence, M|100\/100\n|turn|3\n|\n|t:|1700614416\n|-terastallize|p1a: Salamence|Dragon\n|move|p1a: Salamence|Dragon Claw|p2a: Glimmora\n|-damage|p2a: Glimmora|0 fnt\n|-activate|p2a: Glimmora|ability: Toxic Debris\n|-sidestart|p1: deserttrooper88|move: Toxic Spikes\n|faint|p2a: Glimmora\n|-ability|p1a: Salamence|Moxie|boost\n|-boost|p1a: Salamence|atk|1\n|\n|-weather|RainDance|[upkeep]\n|upkeep\n|\n|t:|1700614430\n|switch|p2a: Zapdos|Zapdos|100\/100\n|turn|4\n|\n|t:|1700614433\n|move|p1a: Salamence|Dragon Claw|p2a: Zapdos\n|-damage|p2a: Zapdos|5\/100\n|move|p2a: Zapdos|Thunder|p1a: Salamence\n|-resisted|p1a: Salamence\n|-damage|p1a: Salamence|63\/100\n|-status|p1a: Salamence|par\n|\n|-weather|RainDance|[upkeep]\n|upkeep\n|turn|5\n|\n|t:|1700614441\n|move|p2a: Zapdos|Roost|p2a: Zapdos\n|-heal|p2a: Zapdos|56\/100\n|-singleturn|p2a: Zapdos|move: Roost\n|move|p1a: Salamence|Dragon Claw|p2a: Zapdos\n|-damage|p2a: Zapdos|0 fnt\n|faint|p2a: Zapdos\n|-ability|p1a: Salamence|Moxie|boost\n|-boost|p1a: Salamence|atk|1\n|\n|-weather|RainDance|[upkeep]\n|upkeep\n|c|\u2606deserttrooper88|noo the para\n|\n|t:|1700614452\n|switch|p2a: Gholdengo|Gholdengo|100\/100\n|turn|6\n|\n|t:|1700614454\n|move|p2a: Gholdengo|Trick|p1a: Salamence\n|-activate|p2a: Gholdengo|move: Trick|[of] p1a: Salamence\n|-item|p1a: Salamence|Choice Specs|[from] move: Trick\n|-item|p2a: Gholdengo|Choice Scarf|[from] move: Trick\n|move|p1a: Salamence|Dragon Claw|p2a: Gholdengo\n|-resisted|p2a: Gholdengo\n|-damage|p2a: Gholdengo|24\/100\n|\n|-weather|RainDance|[upkeep]\n|upkeep\n|turn|7\n|\n|t:|1700614463\n|move|p2a: Gholdengo|Make It Rain|p1a: Salamence\n|-damage|p1a: Salamence|0 fnt\n|-unboost|p2a: Gholdengo|spa|1\n|faint|p1a: Salamence\n|\n|-weather|RainDance|[upkeep]\n|upkeep\n|\n|t:|1700614472\n|switch|p1a: Maushold|Maushold-Four, shiny|100\/100\n|-status|p1a: Maushold|tox\n|turn|8\n|\n|t:|1700614502\n|switch|p2a: Pelipper|Pelipper, F|100\/100\n|move|p1a: Maushold|Population Bomb|p2a: Pelipper\n|-crit|p2a: Pelipper\n|-damage|p2a: Pelipper|87\/100\n|-damage|p2a: Pelipper|79\/100\n|-damage|p2a: Pelipper|70\/100\n|-damage|p2a: Pelipper|62\/100\n|-damage|p2a: Pelipper|53\/100\n|-damage|p2a: Pelipper|44\/100\n|-damage|p2a: Pelipper|35\/100\n|-damage|p2a: Pelipper|27\/100\n|-damage|p2a: Pelipper|18\/100\n|-damage|p2a: Pelipper|10\/100\n|-hitcount|p2a: Pelipper|10\n|\n|-weather|none\n|-damage|p1a: Maushold|94\/100 tox|[from] psn\n|upkeep\n|turn|9\n|inactive|deserttrooper88 has 120 seconds left.\n|\n|t:|1700614521\n|move|p1a: Maushold|Bullet Seed|p2a: Pelipper\n|-damage|p2a: Pelipper|3\/100\n|-damage|p2a: Pelipper|0 fnt\n|faint|p2a: Pelipper\n|-hitcount|p2: Pelipper|2\n|\n|-damage|p1a: Maushold|82\/100 tox|[from] psn\n|upkeep\n|\n|t:|1700614526\n|switch|p2a: Gholdengo|Gholdengo|24\/100\n|turn|10\n|\n|t:|1700614533\n|move|p2a: Gholdengo|Trick|p1a: Maushold\n|-activate|p2a: Gholdengo|move: Trick|[of] p1a: Maushold\n|-item|p1a: Maushold|Choice Scarf|[from] move: Trick\n|-item|p2a: Gholdengo|Wide Lens|[from] move: Trick\n|move|p1a: Maushold|Bullet Seed|p2a: Gholdengo\n|-resisted|p2a: Gholdengo\n|-damage|p2a: Gholdengo|18\/100\n|-resisted|p2a: Gholdengo\n|-damage|p2a: Gholdengo|14\/100\n|-hitcount|p2a: Gholdengo|2\n|\n|-damage|p1a: Maushold|63\/100 tox|[from] psn\n|upkeep\n|turn|11\n|\n|t:|1700614549\n|switch|p1a: Infernape|Infernape, F, shiny|100\/100\n|-status|p1a: Infernape|tox\n|move|p2a: Gholdengo|Make It Rain|p1a: Infernape\n|-resisted|p1a: Infernape\n|-damage|p1a: Infernape|53\/100 tox\n|-unboost|p2a: Gholdengo|spa|1\n|\n|-damage|p1a: Infernape|47\/100 tox|[from] psn\n|upkeep\n|turn|12\n|\n|t:|1700614562\n|move|p1a: Infernape|Fire Punch|p2a: Gholdengo\n|-supereffective|p2a: Gholdengo\n|-damage|p2a: Gholdengo|0 fnt\n|faint|p2a: Gholdengo\n|\n|-damage|p1a: Infernape|35\/100 tox|[from] psn\n|upkeep\n|\n|t:|1700614568\n|switch|p2a: Clodsire|Clodsire, F|100\/100\n|turn|13\n|\n|t:|1700614572\n|move|p1a: Infernape|Fire Punch|p2a: Clodsire\n|-damage|p2a: Clodsire|57\/100\n|move|p2a: Clodsire|Earthquake|p1a: Infernape\n|-supereffective|p1a: Infernape\n|-damage|p1a: Infernape|0 fnt\n|faint|p1a: Infernape\n|\n|-heal|p2a: Clodsire|63\/100|[from] item: Leftovers\n|upkeep\n|\n|t:|1700614575\n|switch|p1a: Maushold|Maushold-Four, shiny|63\/100 tox\n|turn|14\n|\n|t:|1700614586\n|move|p1a: Maushold|Bullet Seed|p2a: Clodsire\n|-crit|p2a: Clodsire\n|-damage|p2a: Clodsire|49\/100\n|-damage|p2a: Clodsire|39\/100\n|-damage|p2a: Clodsire|29\/100\n|-damage|p2a: Clodsire|18\/100\n|-hitcount|p2a: Clodsire|4\n|move|p2a: Clodsire|Recover|p2a: Clodsire\n|-heal|p2a: Clodsire|69\/100\n|\n|-heal|p2a: Clodsire|75\/100|[from] item: Leftovers\n|-damage|p1a: Maushold|57\/100 tox|[from] psn\n|upkeep\n|turn|15\n|\n|t:|1700614597\n|move|p1a: Maushold|Bullet Seed|p2a: Clodsire\n|-damage|p2a: Clodsire|64\/100\n|-damage|p2a: Clodsire|55\/100\n|-hitcount|p2a: Clodsire|2\n|move|p2a: Clodsire|Recover|p2a: Clodsire\n|-heal|p2a: Clodsire|100\/100\n|\n|-damage|p1a: Maushold|44\/100 tox|[from] psn\n|upkeep\n|turn|16\n|\n|t:|1700614606\n|switch|p1a: Ceruledge|Ceruledge, M, shiny|100\/100\n|-status|p1a: Ceruledge|tox\n|move|p2a: Clodsire|Earthquake|p1a: Ceruledge\n|-supereffective|p1a: Ceruledge\n|-damage|p1a: Ceruledge|28\/100 tox\n|-ability|p1a: Ceruledge|Weak Armor|boost\n|-unboost|p1a: Ceruledge|def|1\n|-boost|p1a: Ceruledge|spe|2\n|\n|-damage|p1a: Ceruledge|21\/100 tox|[from] psn\n|upkeep\n|turn|17\n|\n|t:|1700614623\n|move|p1a: Ceruledge|Bitter Blade|p2a: Clodsire\n|-damage|p2a: Clodsire|47\/100\n|-heal|p1a: Ceruledge|64\/100 tox|[from] drain|[of] p2a: Clodsire\n|move|p2a: Clodsire|Earthquake|p1a: Ceruledge\n|-supereffective|p1a: Ceruledge\n|-damage|p1a: Ceruledge|0 fnt\n|faint|p1a: Ceruledge\n|\n|-heal|p2a: Clodsire|53\/100|[from] item: Leftovers\n|upkeep\n|\n|t:|1700614629\n|switch|p1a: Great Tusk|Great Tusk, shiny|100\/100\n|-status|p1a: Great Tusk|tox\n|-enditem|p1a: Great Tusk|Booster Energy\n|-activate|p1a: Great Tusk|ability: Protosynthesis|[fromitem]\n|-start|p1a: Great Tusk|protosynthesisdef\n|turn|18\n|\n|t:|1700614646\n|-terastallize|p2a: Clodsire|Flying\n|move|p1a: Great Tusk|Earthquake|p2a: Clodsire\n|-immune|p2a: Clodsire\n|move|p2a: Clodsire|Recover|p2a: Clodsire\n|-heal|p2a: Clodsire|100\/100\n|\n|-damage|p1a: Great Tusk|94\/100 tox|[from] psn\n|upkeep\n|turn|19\n|\n|t:|1700614652\n|move|p1a: Great Tusk|Ice Spinner|p2a: Clodsire\n|-supereffective|p2a: Clodsire\n|-damage|p2a: Clodsire|37\/100\n|move|p2a: Clodsire|Earthquake|p1a: Great Tusk\n|-damage|p1a: Great Tusk|83\/100 tox\n|\n|-heal|p2a: Clodsire|43\/100|[from] item: Leftovers\n|-damage|p1a: Great Tusk|71\/100 tox|[from] psn\n|upkeep\n|turn|20\n|\n|t:|1700614667\n|switch|p2a: Garganacl|Garganacl, F|100\/100\n|move|p1a: Great Tusk|Ice Spinner|p2a: Garganacl\n|-damage|p2a: Garganacl|81\/100\n|\n|-heal|p2a: Garganacl|87\/100|[from] item: Leftovers\n|-damage|p1a: Great Tusk|52\/100 tox|[from] psn\n|upkeep\n|turn|21\n|\n|t:|1700614678\n|move|p1a: Great Tusk|Body Press|p2a: Garganacl\n|-supereffective|p2a: Garganacl\n|-damage|p2a: Garganacl|23\/100\n|move|p2a: Garganacl|Recover|p2a: Garganacl\n|-heal|p2a: Garganacl|73\/100\n|\n|-heal|p2a: Garganacl|79\/100|[from] item: Leftovers\n|-damage|p1a: Great Tusk|27\/100 tox|[from] psn\n|upkeep\n|turn|22\n|\n|t:|1700614688\n|move|p1a: Great Tusk|Body Press|p2a: Garganacl\n|-supereffective|p2a: Garganacl\n|-damage|p2a: Garganacl|12\/100\n|move|p2a: Garganacl|Iron Defense|p2a: Garganacl\n|-boost|p2a: Garganacl|def|2\n|\n|-heal|p2a: Garganacl|18\/100|[from] item: Leftovers\n|-damage|p1a: Great Tusk|0 fnt|[from] psn\n|faint|p1a: Great Tusk\n|-end|p1a: Great Tusk|Protosynthesis|[silent]\n|upkeep\n|\n|t:|1700614691\n|switch|p1a: Maushold|Maushold-Four, shiny|44\/100 tox\n|turn|23\n|\n|t:|1700614702\n|move|p1a: Maushold|Population Bomb|p2a: Garganacl\n|-resisted|p2a: Garganacl\n|-damage|p2a: Garganacl|16\/100\n|-resisted|p2a: Garganacl\n|-damage|p2a: Garganacl|14\/100\n|-resisted|p2a: Garganacl\n|-damage|p2a: Garganacl|12\/100\n|-resisted|p2a: Garganacl\n|-damage|p2a: Garganacl|11\/100\n|-resisted|p2a: Garganacl\n|-damage|p2a: Garganacl|9\/100\n|-resisted|p2a: Garganacl\n|-damage|p2a: Garganacl|7\/100\n|-resisted|p2a: Garganacl\n|-damage|p2a: Garganacl|5\/100\n|-resisted|p2a: Garganacl\n|-damage|p2a: Garganacl|3\/100\n|-resisted|p2a: Garganacl\n|-damage|p2a: Garganacl|1\/100\n|-resisted|p2a: Garganacl\n|-damage|p2a: Garganacl|0 fnt\n|faint|p2a: Garganacl\n|-hitcount|p2: Garganacl|10\n|\n|-damage|p1a: Maushold|38\/100 tox|[from] psn\n|upkeep\n|\n|t:|1700614718\n|switch|p2a: Clodsire|Clodsire, F, tera:Flying|43\/100\n|turn|24\n|\n|t:|1700614721\n|move|p1a: Maushold|Population Bomb|p2a: Clodsire\n|-damage|p2a: Clodsire|32\/100\n|-damage|p2a: Clodsire|20\/100\n|-hitcount|p2a: Clodsire|2\n|move|p2a: Clodsire|Recover|p2a: Clodsire\n|-heal|p2a: Clodsire|70\/100\n|\n|-heal|p2a: Clodsire|76\/100|[from] item: Leftovers\n|-damage|p1a: Maushold|26\/100 tox|[from] psn\n|upkeep\n|turn|25\n|c|\u2606deserttrooper88|NOO IT HITS\n|c|\u2606deserttrooper88|TWICE\n|\n|t:|1700614736\n|move|p1a: Maushold|Population Bomb|p2a: Clodsire\n|-damage|p2a: Clodsire|63\/100\n|-damage|p2a: Clodsire|51\/100\n|-crit|p2a: Clodsire\n|-damage|p2a: Clodsire|33\/100\n|-damage|p2a: Clodsire|21\/100\n|-damage|p2a: Clodsire|10\/100\n|-hitcount|p2a: Clodsire|5\n|move|p2a: Clodsire|Recover|p2a: Clodsire\n|-heal|p2a: Clodsire|60\/100\n|\n|-heal|p2a: Clodsire|66\/100|[from] item: Leftovers\n|-damage|p1a: Maushold|7\/100 tox|[from] psn\n|upkeep\n|turn|26\n|\n|t:|1700614748\n|move|p1a: Maushold|Population Bomb|p2a: Clodsire\n|-damage|p2a: Clodsire|54\/100\n|-damage|p2a: Clodsire|42\/100\n|-hitcount|p2a: Clodsire|2\n|move|p2a: Clodsire|Recover|p2a: Clodsire\n|-heal|p2a: Clodsire|92\/100\n|\n|-heal|p2a: Clodsire|98\/100|[from] item: Leftovers\n|-damage|p1a: Maushold|0 fnt|[from] psn\n|faint|p1a: Maushold\n|\n|win|shirmp2080\n|upkeep\n|raw|deserttrooper88's rating: 1102 &rarr; <strong>1079<\/strong><br \/>(-23 for losing)\n|raw|shirmp2080's rating: 1125 &rarr; <strong>1148<\/strong><br \/>(+23 for winning)\n|c|\u2606shirmp2080|cmon\n|c|\u2606shirmp2080|fuck\n|c|\u2606shirmp2080|WAIT\n|c|\u2606shirmp2080|gg\n|c|\u2606deserttrooper88|ggs LMAO\n|l|\u2606deserttrooper88\n","uploadtime":1700614773,"views":5,"p1id":"deserttrooper88","p2id":"shirmp2080","formatid":"gen9ou","rating":1079,"private":0,"password":""}