{"id":"gen9ou-2000388664","p1":"Jack0lantern89","p2":"sircarroza","format":"[Gen 9] OU","log":"|j|\u203dJack0lantern89\n|j|\u2606sircarroza\n|t:|1701190657\n|gametype|singles\n|player|p1|Jack0lantern89|steven|1402\n|player|p2|sircarroza|giovanni|1436\n|teamsize|p1|6\n|teamsize|p2|6\n|gen|9\n|tier|[Gen 9] OU\n|rated|\n|rule|Sleep Clause Mod: Limit one foe put to sleep\n|rule|Species Clause: Limit one of each Pok\u00e9mon\n|rule|OHKO Clause: OHKO moves are banned\n|rule|Evasion Items Clause: Evasion items are banned\n|rule|Evasion Moves Clause: Evasion moves are banned\n|rule|Endless Battle Clause: Forcing endless battles is banned\n|rule|HP Percentage Mod: HP is shown in percentages\n|clearpoke\n|poke|p1|Ceruledge, M|\n|poke|p1|Heatran, M|\n|poke|p1|Alomomola, F|\n|poke|p1|Rillaboom, F|\n|poke|p1|Clefable, M|\n|poke|p1|Great Tusk|\n|poke|p2|Slowking, M|\n|poke|p2|Avalugg, M|\n|poke|p2|Meowscarada, M|\n|poke|p2|Iron Treads|\n|poke|p2|Breloom, F|\n|poke|p2|Iron Moth|\n|teampreview\n|inactive|Battle timer is ON: inactive players will automatically lose when time's up. (requested by Jack0lantern89)\n|\n|t:|1701190663\n|start\n|switch|p1a: Rillaboom|Rillaboom, F|100\/100\n|switch|p2a: Melissa|Meowscarada, M|100\/100\n|-fieldstart|move: Grassy Terrain|[from] ability: Grassy Surge|[of] p1a: Rillaboom\n|turn|1\n|\n|t:|1701190669\n|switch|p1a: Clefable|Clefable, M|100\/100\n|move|p2a: Melissa|U-turn|p1a: Clefable\n|-start|p2a: Melissa|typechange|Bug|[from] ability: Protean\n|-resisted|p1a: Clefable\n|-damage|p1a: Clefable|87\/100\n|\n|t:|1701190675\n|switch|p2a: Trompa Loca|Iron Treads|100\/100|[from] U-turn\n|\n|-heal|p1a: Clefable|93\/100|[from] Grassy Terrain\n|-heal|p1a: Clefable|99\/100|[from] item: Leftovers\n|upkeep\n|turn|2\n|\n|t:|1701190682\n|switch|p1a: Great Tusk|Great Tusk|100\/100\n|move|p2a: Trompa Loca|Stealth Rock|p1a: Great Tusk\n|-sidestart|p1: Jack0lantern89|move: Stealth Rock\n|\n|upkeep\n|turn|3\n|\n|t:|1701190688\n|-end|p2a: Trompa Loca|Quark Drive|[silent]\n|switch|p2a: Fr\u00eda Cogida|Slowking, M|100\/100\n|move|p1a: Great Tusk|Rapid Spin|p2a: Fr\u00eda Cogida\n|-damage|p2a: Fr\u00eda Cogida|85\/100\n|-boost|p1a: Great Tusk|spe|1\n|-sideend|p1: Jack0lantern89|Stealth Rock|[from] move: Rapid Spin|[of] p1a: Great Tusk\n|\n|-heal|p2a: Fr\u00eda Cogida|91\/100|[from] Grassy Terrain\n|-heal|p2a: Fr\u00eda Cogida|97\/100|[from] item: Leftovers\n|upkeep\n|turn|4\n|\n|t:|1701190697\n|-terastallize|p2a: Fr\u00eda Cogida|Water\n|move|p1a: Great Tusk|Knock Off|p2a: Fr\u00eda Cogida\n|-damage|p2a: Fr\u00eda Cogida|68\/100\n|-enditem|p2a: Fr\u00eda Cogida|Leftovers|[from] move: Knock Off|[of] p1a: Great Tusk\n|move|p2a: Fr\u00eda Cogida|Surf|p1a: Great Tusk\n|-supereffective|p1a: Great Tusk\n|-damage|p1a: Great Tusk|0 fnt\n|faint|p1a: Great Tusk\n|-end|p1a: Great Tusk|Protosynthesis|[silent]\n|\n|-heal|p2a: Fr\u00eda Cogida|74\/100|[from] Grassy Terrain\n|upkeep\n|\n|t:|1701190701\n|switch|p1a: Rillaboom|Rillaboom, F|100\/100\n|turn|5\n|\n|t:|1701190709\n|switch|p2a: Immortal|Avalugg, M, shiny|100\/100\n|move|p1a: Rillaboom|Wood Hammer|p2a: Immortal\n|-damage|p2a: Immortal|51\/100\n|-damage|p1a: Rillaboom|84\/100|[from] item: Rocky Helmet|[of] p2a: Immortal\n|-damage|p1a: Rillaboom|65\/100|[from] Recoil\n|\n|-heal|p1a: Rillaboom|71\/100|[from] Grassy Terrain\n|-heal|p2a: Immortal|57\/100|[from] Grassy Terrain\n|-fieldend|move: Grassy Terrain\n|upkeep\n|turn|6\n|\n|t:|1701190722\n|switch|p1a: Ceruledge|Ceruledge, M|100\/100\n|move|p2a: Immortal|Recover|p2a: Immortal\n|-heal|p2a: Immortal|100\/100\n|\n|upkeep\n|turn|7\n|\n|t:|1701190727\n|switch|p2a: Fr\u00eda Cogida|Slowking, M, tera:Water|100\/100\n|move|p1a: Ceruledge|Bulk Up|p1a: Ceruledge\n|-boost|p1a: Ceruledge|atk|1\n|-boost|p1a: Ceruledge|def|1\n|\n|upkeep\n|turn|8\n|\n|t:|1701190733\n|-terastallize|p1a: Ceruledge|Bug\n|move|p1a: Ceruledge|Bulk Up|p1a: Ceruledge\n|-boost|p1a: Ceruledge|atk|1\n|-boost|p1a: Ceruledge|def|1\n|move|p2a: Fr\u00eda Cogida|Surf|p1a: Ceruledge\n|-crit|p1a: Ceruledge\n|-damage|p1a: Ceruledge|60\/100\n|\n|upkeep\n|turn|9\n|\n|t:|1701190743\n|move|p1a: Ceruledge|Bitter Blade|p2a: Fr\u00eda Cogida\n|-resisted|p2a: Fr\u00eda Cogida\n|-damage|p2a: Fr\u00eda Cogida|60\/100\n|-heal|p1a: Ceruledge|83\/100|[from] drain|[of] p2a: Fr\u00eda Cogida\n|move|p2a: Fr\u00eda Cogida|Chilly Reception|p2a: Fr\u00eda Cogida\n|-weather|Snow\n|\n|t:|1701190750\n|switch|p2a: Melissa|Meowscarada, M|100\/100|[from] Chilly Reception\n|\n|-weather|Snow|[upkeep]\n|upkeep\n|turn|10\n|\n|t:|1701190756\n|move|p2a: Melissa|Trick|p1a: Ceruledge\n|-start|p2a: Melissa|typechange|Psychic|[from] ability: Protean\n|-activate|p2a: Melissa|move: Trick|[of] p1a: Ceruledge\n|-item|p1a: Ceruledge|Choice Scarf|[from] move: Trick\n|-item|p2a: Melissa|Heavy-Duty Boots|[from] move: Trick\n|move|p1a: Ceruledge|Bitter Blade|p2a: Melissa\n|-damage|p2a: Melissa|0 fnt\n|-heal|p1a: Ceruledge|100\/100|[from] drain|[of] p2a: Melissa\n|faint|p2a: Melissa\n|\n|-weather|Snow|[upkeep]\n|upkeep\n|\n|t:|1701190766\n|switch|p2a: Fr\u00eda Cogida|Slowking, M, tera:Water|93\/100\n|turn|11\n|\n|t:|1701190771\n|move|p1a: Ceruledge|Bitter Blade|p2a: Fr\u00eda Cogida\n|-resisted|p2a: Fr\u00eda Cogida\n|-damage|p2a: Fr\u00eda Cogida|52\/100\n|move|p2a: Fr\u00eda Cogida|Surf|p1a: Ceruledge\n|-damage|p1a: Ceruledge|73\/100\n|\n|-weather|Snow|[upkeep]\n|upkeep\n|turn|12\n|\n|t:|1701190777\n|move|p1a: Ceruledge|Bitter Blade|p2a: Fr\u00eda Cogida\n|-resisted|p2a: Fr\u00eda Cogida\n|-damage|p2a: Fr\u00eda Cogida|10\/100\n|-heal|p1a: Ceruledge|96\/100|[from] drain|[of] p2a: Fr\u00eda Cogida\n|move|p2a: Fr\u00eda Cogida|Chilly Reception|p2a: Fr\u00eda Cogida\n|\n|t:|1701190784\n|switch|p2a: Hot & toxic|Iron Moth|100\/100|[from] Chilly Reception\n|\n|-weather|Snow|[upkeep]\n|upkeep\n|turn|13\n|\n|t:|1701190788\n|move|p2a: Hot & toxic|Sludge Wave|p1a: Ceruledge\n|-damage|p1a: Ceruledge|42\/100\n|move|p1a: Ceruledge|Bitter Blade|p2a: Hot & toxic\n|-resisted|p2a: Hot & toxic\n|-damage|p2a: Hot & toxic|39\/100\n|-heal|p1a: Ceruledge|68\/100|[from] drain|[of] p2a: Hot & toxic\n|\n|-weather|none\n|upkeep\n|turn|14\n|\n|t:|1701190799\n|move|p2a: Hot & toxic|Sludge Wave|p1a: Ceruledge\n|-damage|p1a: Ceruledge|13\/100\n|move|p1a: Ceruledge|Bitter Blade|p2a: Hot & toxic\n|-resisted|p2a: Hot & toxic\n|-damage|p2a: Hot & toxic|0 fnt\n|-heal|p1a: Ceruledge|29\/100|[from] drain|[of] p2a: Hot & toxic\n|faint|p2a: Hot & toxic\n|-end|p2a: Hot & toxic|Quark Drive|[silent]\n|\n|upkeep\n|\n|t:|1701190812\n|switch|p2a: Freud|Breloom, F|100\/100\n|turn|15\n|\n|t:|1701190814\n|move|p1a: Ceruledge|Bitter Blade|p2a: Freud\n|-supereffective|p2a: Freud\n|-enditem|p2a: Freud|Focus Sash\n|-damage|p2a: Freud|1\/100\n|-heal|p1a: Ceruledge|66\/100|[from] drain|[of] p2a: Freud\n|move|p2a: Freud|Spore|p1a: Ceruledge\n|-status|p1a: Ceruledge|slp|[from] move: Spore\n|\n|upkeep\n|turn|16\n|\n|t:|1701190823\n|cant|p1a: Ceruledge|slp\n|move|p2a: Freud|Swords Dance|p2a: Freud\n|-boost|p2a: Freud|atk|2\n|\n|upkeep\n|turn|17\n|\n|t:|1701190827\n|cant|p1a: Ceruledge|slp\n|move|p2a: Freud|Bullet Seed|p1a: Ceruledge\n|-resisted|p1a: Ceruledge\n|-damage|p1a: Ceruledge|52\/100 slp\n|-resisted|p1a: Ceruledge\n|-damage|p1a: Ceruledge|40\/100 slp\n|-hitcount|p1a: Ceruledge|2\n|\n|upkeep\n|turn|18\n|\n|t:|1701190834\n|-curestatus|p1a: Ceruledge|slp|[msg]\n|move|p1a: Ceruledge|Bitter Blade|p2a: Freud\n|-supereffective|p2a: Freud\n|-damage|p2a: Freud|0 fnt\n|-heal|p1a: Ceruledge|40\/100|[from] drain|[of] p2a: Freud\n|faint|p2a: Freud\n|\n|upkeep\n|-message|sircarroza forfeited.\n|\n|win|Jack0lantern89\n|raw|Jack0lantern89's rating: 1402 &rarr; <strong>1424<\/strong><br \/>(+22 for winning)\n|raw|sircarroza's rating: 1436 &rarr; <strong>1414<\/strong><br \/>(-22 for losing)\n|l|\u2606sircarroza\n","uploadtime":1701190840,"views":1,"p1id":"jack0lantern89","p2id":"sircarroza","formatid":"gen9ou","rating":1414,"private":0,"password":""}