{"id":"gen9ou-1988710768","p1":"brolyk","p2":"mathismathin","format":"[Gen 9] OU","log":"|j|\u2606brolyk\n|j|\u2606mathismathin\n|t:|1699753521\n|gametype|singles\n|player|p1|brolyk|worker|1690\n|player|p2|mathismathin|nate|1778\n|teamsize|p1|6\n|teamsize|p2|6\n|gen|9\n|tier|[Gen 9] OU\n|rated|\n|rule|Sleep Clause Mod: Limit one foe put to sleep\n|rule|Species Clause: Limit one of each Pok\u00e9mon\n|rule|OHKO Clause: OHKO moves are banned\n|rule|Evasion Items Clause: Evasion items are banned\n|rule|Evasion Moves Clause: Evasion moves are banned\n|rule|Endless Battle Clause: Forcing endless battles is banned\n|rule|HP Percentage Mod: HP is shown in percentages\n|clearpoke\n|poke|p1|Ceruledge, F|\n|poke|p1|Walking Wake|\n|poke|p1|Hatterene, F|\n|poke|p1|Kingambit, M|\n|poke|p1|Ogerpon-Cornerstone, F|\n|poke|p1|Enamorus, F|\n|poke|p2|Hoopa-Unbound|\n|poke|p2|Zapdos|\n|poke|p2|Heatran, M|\n|poke|p2|Great Tusk|\n|poke|p2|Amoonguss, F|\n|poke|p2|Iron Hands|\n|teampreview\n|\n|t:|1699753553\n|start\n|switch|p1a: Enamorus|Enamorus, F|100\/100\n|switch|p2a: Iron Hands|Iron Hands|100\/100\n|turn|1\n|\n|t:|1699753557\n|-end|p2a: Iron Hands|Quark Drive|[silent]\n|switch|p2a: Amoonguss|Amoonguss, F|100\/100\n|move|p1a: Enamorus|Moonblast|p2a: Amoonguss\n|-resisted|p2a: Amoonguss\n|-damage|p2a: Amoonguss|82\/100\n|-unboost|p2a: Amoonguss|spa|1\n|\n|-heal|p2a: Amoonguss|89\/100|[from] item: Leftovers\n|upkeep\n|turn|2\n|\n|t:|1699753567\n|switch|p1a: Kingambit|Kingambit, M|100\/100\n|move|p2a: Amoonguss|Sludge Bomb|p1a: Kingambit\n|-immune|p1a: Kingambit\n|\n|-heal|p2a: Amoonguss|95\/100|[from] item: Leftovers\n|upkeep\n|turn|3\n|\n|t:|1699753578\n|switch|p2a: Iron Hands|Iron Hands|100\/100\n|move|p1a: Kingambit|Kowtow Cleave|p2a: Iron Hands\n|-resisted|p2a: Iron Hands\n|-damage|p2a: Iron Hands|82\/100\n|\n|-heal|p2a: Iron Hands|88\/100|[from] item: Leftovers\n|upkeep\n|turn|4\n|\n|t:|1699753591\n|-end|p1a: Kingambit|fallenundefined|[silent]\n|switch|p1a: Hatterene|Hatterene, F|100\/100\n|move|p2a: Iron Hands|Thunder Punch|p1a: Hatterene\n|-damage|p1a: Hatterene|67\/100\n|\n|-heal|p2a: Iron Hands|94\/100|[from] item: Leftovers\n|-heal|p1a: Hatterene|73\/100|[from] item: Leftovers\n|upkeep\n|turn|5\n|\n|t:|1699753603\n|-end|p2a: Iron Hands|Quark Drive|[silent]\n|switch|p2a: Heatran|Heatran, M|100\/100\n|move|p1a: Hatterene|Mystical Fire|p2a: Heatran\n|-start|p2a: Heatran|ability: Flash Fire\n|\n|-heal|p1a: Hatterene|79\/100|[from] item: Leftovers\n|upkeep\n|turn|6\n|\n|t:|1699753611\n|switch|p1a: Walking Wake|Walking Wake|100\/100\n|-enditem|p1a: Walking Wake|Booster Energy\n|-activate|p1a: Walking Wake|ability: Protosynthesis|[fromitem]\n|-start|p1a: Walking Wake|protosynthesisspa\n|move|p2a: Heatran|Magma Storm|p1a: Walking Wake\n|-resisted|p1a: Walking Wake\n|-damage|p1a: Walking Wake|83\/100\n|-activate|p1a: Walking Wake|move: Magma Storm|[of] p2a: Heatran\n|\n|-damage|p1a: Walking Wake|70\/100|[from] move: Magma Storm|[partiallytrapped]\n|upkeep\n|turn|7\n|\n|t:|1699753634\n|-terastallize|p2a: Heatran|Grass\n|move|p1a: Walking Wake|Dragon Pulse|p2a: Heatran\n|-damage|p2a: Heatran|60\/100\n|move|p2a: Heatran|Stealth Rock|p1a: Walking Wake\n|-sidestart|p1: brolyk|move: Stealth Rock\n|\n|-heal|p2a: Heatran|66\/100|[from] item: Leftovers\n|-damage|p1a: Walking Wake|58\/100|[from] move: Magma Storm|[partiallytrapped]\n|upkeep\n|turn|8\n|\n|t:|1699753644\n|-end|p2a: Heatran|ability: Flash Fire|[silent]\n|switch|p2a: Hoopa|Hoopa-Unbound|100\/100\n|move|p1a: Walking Wake|Dragon Pulse|p2a: Hoopa\n|-crit|p2a: Hoopa\n|-damage|p2a: Hoopa|21\/100\n|\n|-end|p1a: Walking Wake|Magma Storm|[partiallytrapped]|[silent]\n|upkeep\n|turn|9\n|\n|t:|1699753690\n|-end|p1a: Walking Wake|Protosynthesis|[silent]\n|switch|p1a: Kingambit|Kingambit, M|100\/100\n|-damage|p1a: Kingambit|94\/100|[from] Stealth Rock\n|move|p2a: Hoopa|Dark Pulse|p1a: Kingambit\n|-resisted|p1a: Kingambit\n|-damage|p1a: Kingambit|68\/100\n|\n|upkeep\n|turn|10\n|\n|t:|1699753702\n|switch|p2a: Iron Hands|Iron Hands|94\/100\n|move|p1a: Kingambit|Low Kick|p2a: Iron Hands\n|-damage|p2a: Iron Hands|62\/100\n|\n|-heal|p2a: Iron Hands|68\/100|[from] item: Leftovers\n|upkeep\n|turn|11\n|\n|t:|1699753714\n|-end|p1a: Kingambit|fallenundefined|[silent]\n|switch|p1a: Hatterene|Hatterene, F|79\/100\n|-damage|p1a: Hatterene|67\/100|[from] Stealth Rock\n|move|p2a: Iron Hands|Thunder Punch|p1a: Hatterene\n|-damage|p1a: Hatterene|33\/100\n|\n|-heal|p2a: Iron Hands|74\/100|[from] item: Leftovers\n|-heal|p1a: Hatterene|39\/100|[from] item: Leftovers\n|upkeep\n|turn|12\n|\n|t:|1699753724\n|-end|p2a: Iron Hands|Quark Drive|[silent]\n|switch|p2a: Heatran|Heatran, M, tera:Grass|66\/100\n|move|p1a: Hatterene|Mystical Fire|p2a: Heatran\n|-start|p2a: Heatran|ability: Flash Fire\n|\n|-heal|p2a: Heatran|72\/100|[from] item: Leftovers\n|-heal|p1a: Hatterene|45\/100|[from] item: Leftovers\n|upkeep\n|turn|13\n|\n|t:|1699753732\n|switch|p1a: Walking Wake|Walking Wake|58\/100\n|-damage|p1a: Walking Wake|46\/100|[from] Stealth Rock\n|move|p2a: Heatran|Magma Storm|p1a: Walking Wake\n|-resisted|p1a: Walking Wake\n|-damage|p1a: Walking Wake|28\/100\n|-activate|p1a: Walking Wake|move: Magma Storm|[of] p2a: Heatran\n|\n|-heal|p2a: Heatran|78\/100|[from] item: Leftovers\n|-damage|p1a: Walking Wake|15\/100|[from] move: Magma Storm|[partiallytrapped]\n|upkeep\n|turn|14\n|\n|t:|1699753737\n|move|p1a: Walking Wake|Dragon Pulse|p2a: Heatran\n|-damage|p2a: Heatran|50\/100\n|move|p2a: Heatran|Earth Power|p1a: Walking Wake\n|-damage|p1a: Walking Wake|0 fnt\n|faint|p1a: Walking Wake\n|-end|p1a: Walking Wake|Protosynthesis|[silent]\n|\n|-heal|p2a: Heatran|56\/100|[from] item: Leftovers\n|upkeep\n|\n|t:|1699753746\n|switch|p1a: Ogerpon|Ogerpon-Cornerstone, F|100\/100\n|-damage|p1a: Ogerpon|88\/100|[from] Stealth Rock\n|turn|15\n|\n|t:|1699753753\n|move|p1a: Ogerpon|Spikes|p2a: Heatran\n|-sidestart|p2: mathismathin|Spikes\n|move|p2a: Heatran|Magma Storm|p1a: Ogerpon\n|-damage|p1a: Ogerpon|14\/100\n|-activate|p1a: Ogerpon|move: Magma Storm|[of] p2a: Heatran\n|\n|-heal|p2a: Heatran|62\/100|[from] item: Leftovers\n|-damage|p1a: Ogerpon|2\/100|[from] move: Magma Storm|[partiallytrapped]\n|upkeep\n|turn|16\n|\n|t:|1699753764\n|move|p1a: Ogerpon|Ivy Cudgel|p2a: Heatran\n|-damage|p2a: Heatran|14\/100\n|move|p2a: Heatran|Earth Power|p1a: Ogerpon\n|-damage|p1a: Ogerpon|0 fnt\n|faint|p1a: Ogerpon\n|\n|-heal|p2a: Heatran|20\/100|[from] item: Leftovers\n|upkeep\n|\n|t:|1699753781\n|switch|p1a: Kingambit|Kingambit, M|68\/100\n|-damage|p1a: Kingambit|61\/100|[from] Stealth Rock\n|-activate|p1a: Kingambit|ability: Supreme Overlord\n|-start|p1a: Kingambit|fallen2|[silent]\n|turn|17\n|\n|t:|1699753786\n|move|p1a: Kingambit|Sucker Punch|p2a: Heatran\n|-damage|p2a: Heatran|0 fnt\n|faint|p2a: Heatran\n|\n|upkeep\n|\n|t:|1699753792\n|switch|p2a: Great Tusk|Great Tusk|100\/100\n|-damage|p2a: Great Tusk|88\/100|[from] Spikes\n|turn|18\n|\n|t:|1699753811\n|-end|p1a: Kingambit|fallen2|[silent]\n|switch|p1a: Hatterene|Hatterene, F|45\/100\n|-damage|p1a: Hatterene|33\/100|[from] Stealth Rock\n|move|p2a: Great Tusk|Rapid Spin|p1a: Hatterene\n|-damage|p1a: Hatterene|22\/100\n|-boost|p2a: Great Tusk|spe|1\n|-sideend|p2: mathismathin|Spikes|[from] move: Rapid Spin|[of] p2a: Great Tusk\n|\n|-heal|p2a: Great Tusk|94\/100|[from] item: Leftovers\n|-heal|p1a: Hatterene|28\/100|[from] item: Leftovers\n|upkeep\n|turn|19\n|\n|t:|1699753820\n|switch|p1a: Enamorus|Enamorus, F|100\/100\n|-damage|p1a: Enamorus|76\/100|[from] Stealth Rock\n|move|p2a: Great Tusk|Earthquake|p1a: Enamorus\n|-immune|p1a: Enamorus\n|\n|-heal|p2a: Great Tusk|100\/100|[from] item: Leftovers\n|upkeep\n|turn|20\n|\n|t:|1699753828\n|-end|p2a: Great Tusk|Protosynthesis|[silent]\n|switch|p2a: Amoonguss|Amoonguss, F|100\/100\n|move|p1a: Enamorus|Moonblast|p2a: Amoonguss\n|-resisted|p2a: Amoonguss\n|-damage|p2a: Amoonguss|81\/100\n|\n|-heal|p2a: Amoonguss|88\/100|[from] item: Leftovers\n|upkeep\n|turn|21\n|\n|t:|1699753838\n|switch|p1a: Hatterene|Hatterene, F|28\/100\n|-damage|p1a: Hatterene|15\/100|[from] Stealth Rock\n|move|p2a: Amoonguss|Sludge Bomb|p1a: Hatterene\n|-supereffective|p1a: Hatterene\n|-damage|p1a: Hatterene|0 fnt\n|faint|p1a: Hatterene\n|\n|-heal|p2a: Amoonguss|94\/100|[from] item: Leftovers\n|upkeep\n|\n|t:|1699753843\n|switch|p1a: Ceruledge|Ceruledge, F|100\/100\n|-damage|p1a: Ceruledge|76\/100|[from] Stealth Rock\n|turn|22\n|\n|t:|1699753850\n|move|p1a: Ceruledge|Swords Dance|p1a: Ceruledge\n|-boost|p1a: Ceruledge|atk|2\n|move|p2a: Amoonguss|Spore|p1a: Ceruledge\n|-status|p1a: Ceruledge|slp|[from] move: Spore\n|\n|-heal|p2a: Amoonguss|99\/100|[from] item: Leftovers\n|upkeep\n|turn|23\n|\n|t:|1699753859\n|switch|p2a: Hoopa|Hoopa-Unbound|21\/100\n|cant|p1a: Ceruledge|slp\n|\n|upkeep\n|turn|24\n|j| giant1809\n|\n|t:|1699753882\n|-terastallize|p1a: Ceruledge|Ghost\n|move|p2a: Hoopa|Dark Pulse|p1a: Ceruledge\n|-supereffective|p1a: Ceruledge\n|-damage|p1a: Ceruledge|0 fnt\n|faint|p1a: Ceruledge\n|\n|upkeep\n|\n|t:|1699753890\n|switch|p1a: Kingambit|Kingambit, M|61\/100\n|-damage|p1a: Kingambit|55\/100|[from] Stealth Rock\n|-activate|p1a: Kingambit|ability: Supreme Overlord\n|-start|p1a: Kingambit|fallen4|[silent]\n|turn|25\n|\n|t:|1699753896\n|switch|p2a: Iron Hands|Iron Hands|74\/100\n|move|p1a: Kingambit|Swords Dance|p1a: Kingambit\n|-boost|p1a: Kingambit|atk|2\n|\n|-heal|p2a: Iron Hands|80\/100|[from] item: Leftovers\n|upkeep\n|turn|26\n|\n|t:|1699753903\n|move|p1a: Kingambit|Sucker Punch|p2a: Iron Hands\n|-resisted|p2a: Iron Hands\n|-damage|p2a: Iron Hands|41\/100\n|move|p2a: Iron Hands|Drain Punch|p1a: Kingambit\n|-supereffective|p1a: Kingambit\n|-damage|p1a: Kingambit|0 fnt\n|-heal|p2a: Iron Hands|62\/100|[from] drain|[of] p1a: Kingambit\n|faint|p1a: Kingambit\n|-end|p1a: Kingambit|fallen4|[silent]\n|\n|-heal|p2a: Iron Hands|69\/100|[from] item: Leftovers\n|upkeep\n|-message|brolyk forfeited.\n|\n|win|mathismathin\n|raw|brolyk's rating: 1690 &rarr; <strong>1675<\/strong><br \/>(-15 for losing)\n|raw|mathismathin's rating: 1778 &rarr; <strong>1793<\/strong><br \/>(+15 for winning)\n|l|\u2606brolyk\n","uploadtime":1699753911,"views":9,"p1id":"brolyk","p2id":"mathismathin","formatid":"gen9ou","rating":1675,"private":0,"password":""}