{"id":"gen9ou-1991952631","p1":"Samiaou","p2":"Theruffletkid","format":"[Gen 9] OU","log":"|j|\u2606Samiaou\n|j|\u2606Theruffletkid\n|t:|1700141947\n|gametype|singles\n|player|p1|Samiaou|volo|1477\n|player|p2|Theruffletkid|wattson|1385\n|teamsize|p1|6\n|teamsize|p2|6\n|gen|9\n|tier|[Gen 9] OU\n|rated|\n|rule|Sleep Clause Mod: Limit one foe put to sleep\n|rule|Species Clause: Limit one of each Pok\u00e9mon\n|rule|OHKO Clause: OHKO moves are banned\n|rule|Evasion Items Clause: Evasion items are banned\n|rule|Evasion Moves Clause: Evasion moves are banned\n|rule|Endless Battle Clause: Forcing endless battles is banned\n|rule|HP Percentage Mod: HP is shown in percentages\n|clearpoke\n|poke|p1|Kingambit, M|\n|poke|p1|Great Tusk|\n|poke|p1|Dragapult, M|\n|poke|p1|Ogerpon-Wellspring, F|\n|poke|p1|Blissey, F|\n|poke|p1|Zapdos|\n|poke|p2|Slowking-Galar, F|\n|poke|p2|Garganacl, M|\n|poke|p2|Sneasler, F|\n|poke|p2|Great Tusk|\n|poke|p2|Heatran, F|\n|poke|p2|Zamazenta-*|\n|teampreview\n|\n|t:|1700141992\n|start\n|switch|p1a: Zapdos|Zapdos|100\/100\n|switch|p2a: Sneasler|Sneasler, F|100\/100\n|turn|1\n|\n|t:|1700141996\n|move|p2a: Sneasler|Fake Out|p1a: Zapdos\n|-damage|p1a: Zapdos|89\/100\n|cant|p1a: Zapdos|flinch\n|\n|upkeep\n|turn|2\n|\n|t:|1700142001\n|move|p2a: Sneasler|U-turn|p1a: Zapdos\n|-resisted|p1a: Zapdos\n|-damage|p1a: Zapdos|78\/100\n|\n|t:|1700142007\n|switch|p2a: Slowking|Slowking-Galar, F|100\/100|[from] U-turn\n|move|p1a: Zapdos|Hurricane|p2a: Slowking\n|-damage|p2a: Slowking|72\/100\n|\n|upkeep\n|turn|3\n|\n|t:|1700142010\n|move|p1a: Zapdos|Volt Switch|p2a: Slowking\n|-damage|p2a: Slowking|56\/100\n|\n|t:|1700142013\n|switch|p1a: Blissey|Blissey, F|100\/100|[from] Volt Switch\n|move|p2a: Slowking|Future Sight|p1a: Blissey\n|-start|p2a: Slowking|move: Future Sight\n|\n|upkeep\n|turn|4\n|\n|t:|1700142021\n|switch|p2a: Great Tusk|Great Tusk|100\/100\n|move|p1a: Blissey|Stealth Rock|p2a: Great Tusk\n|-sidestart|p2: Theruffletkid|move: Stealth Rock\n|\n|upkeep\n|turn|5\n|\n|t:|1700142034\n|switch|p1a: Zapdos|Zapdos|78\/100\n|move|p2a: Great Tusk|Rapid Spin|p1a: Zapdos\n|-damage|p1a: Zapdos|64\/100\n|-boost|p2a: Great Tusk|spe|1\n|-sideend|p2: Theruffletkid|Stealth Rock|[from] move: Rapid Spin|[of] p2a: Great Tusk\n|\n|-end|p1a: Zapdos|move: Future Sight\n|-damage|p1a: Zapdos|20\/100\n|upkeep\n|turn|6\n|\n|t:|1700142044\n|move|p2a: Great Tusk|Ice Spinner|p1a: Zapdos\n|-supereffective|p1a: Zapdos\n|-damage|p1a: Zapdos|0 fnt\n|faint|p1a: Zapdos\n|\n|upkeep\n|c|\u2606Samiaou|Do all of your mons hold covert cloak or am I that unlucky?\n|\n|t:|1700142084\n|switch|p1a: Ogerpon|Ogerpon-Wellspring, F|100\/100\n|turn|7\n|c|\u2606Theruffletkid|Thats not how it works\n|c|\u2606Samiaou|Not covert cloak\n|c|\u2606Samiaou|i meant\n|c|\u2606Theruffletkid|Oh wait\n|c|\u2606Samiaou|pads\n|c|\u2606Theruffletkid|You meant static proc\n|c|\u2606Samiaou|yeah\n|c|\u2606Theruffletkid|None of my mons are holding them\n|\n|t:|1700142131\n|-end|p2a: Great Tusk|Protosynthesis|[silent]\n|switch|p2a: Zamazenta|Zamazenta|100\/100\n|-ability|p2a: Zamazenta|Dauntless Shield|boost\n|-boost|p2a: Zamazenta|def|1\n|move|p1a: Ogerpon|Ivy Cudgel|p2a: Zamazenta|[anim] Ivy Cudgel Water\n|-damage|p2a: Zamazenta|65\/100\n|\n|upkeep\n|turn|8\n|c|\u2606Samiaou|Yeah\n|c|\u2606Samiaou|only urshifu uses it\n|c|\u2606Theruffletkid|I couldve used it on sneasler\n|c|\u2606Theruffletkid|But i figured boots wouldve been better\n|c|\u2606Samiaou|Oh\n|\n|t:|1700142184\n|switch|p1a: Great Tusk|Great Tusk|100\/100\n|move|p2a: Zamazenta|Close Combat|p1a: Great Tusk\n|-damage|p1a: Great Tusk|46\/100\n|-unboost|p2a: Zamazenta|def|1\n|-unboost|p2a: Zamazenta|spd|1\n|\n|-heal|p1a: Great Tusk|53\/100|[from] item: Leftovers\n|upkeep\n|turn|9\n|\n|t:|1700142193\n|move|p2a: Zamazenta|Close Combat|p1a: Great Tusk\n|-damage|p1a: Great Tusk|0 fnt\n|-unboost|p2a: Zamazenta|def|1\n|-unboost|p2a: Zamazenta|spd|1\n|faint|p1a: Great Tusk\n|-end|p1a: Great Tusk|Protosynthesis|[silent]\n|\n|upkeep\n|\n|t:|1700142196\n|switch|p1a: Dragapult|Dragapult, M|100\/100\n|turn|10\n|\n|t:|1700142205\n|switch|p2a: Heatran|Heatran, F|100\/100\n|move|p1a: Dragapult|Draco Meteor|p2a: Heatran\n|-resisted|p2a: Heatran\n|-damage|p2a: Heatran|75\/100\n|-unboost|p1a: Dragapult|spa|2\n|\n|-heal|p2a: Heatran|81\/100|[from] item: Leftovers\n|upkeep\n|turn|11\n|\n|t:|1700142212\n|switch|p1a: Blissey|Blissey, F|100\/100\n|move|p2a: Heatran|Magma Storm|p1a: Blissey\n|-damage|p1a: Blissey|85\/100\n|-activate|p1a: Blissey|move: Magma Storm|[of] p2a: Heatran\n|\n|-heal|p2a: Heatran|87\/100|[from] item: Leftovers\n|-damage|p1a: Blissey|72\/100|[from] move: Magma Storm|[partiallytrapped]\n|upkeep\n|turn|12\n|\n|t:|1700142224\n|move|p2a: Heatran|Taunt|p1a: Blissey\n|-start|p1a: Blissey|move: Taunt\n|cant|p1a: Blissey|move: Taunt|Soft-Boiled\n|\n|-heal|p2a: Heatran|93\/100|[from] item: Leftovers\n|-damage|p1a: Blissey|60\/100|[from] move: Magma Storm|[partiallytrapped]\n|upkeep\n|turn|13\n|\n|t:|1700142230\n|move|p2a: Heatran|Magma Storm|p1a: Blissey\n|-damage|p1a: Blissey|45\/100\n|move|p1a: Blissey|Seismic Toss|p2a: Heatran\n|-damage|p2a: Heatran|67\/100\n|\n|-heal|p2a: Heatran|74\/100|[from] item: Leftovers\n|-damage|p1a: Blissey|32\/100|[from] move: Magma Storm|[partiallytrapped]\n|upkeep\n|turn|14\n|c|\u2606Samiaou|Anyway\n|c|\u2606Samiaou|ill just forfeit\n|c|\u2606Samiaou|gg\n|\n|t:|1700142252\n|move|p2a: Heatran|Magma Storm|p1a: Blissey\n|-damage|p1a: Blissey|16\/100\n|move|p1a: Blissey|Seismic Toss|p2a: Heatran\n|-damage|p2a: Heatran|48\/100\n|\n|-heal|p2a: Heatran|54\/100|[from] item: Leftovers\n|-damage|p1a: Blissey|4\/100|[from] move: Magma Storm|[partiallytrapped]\n|-end|p1a: Blissey|move: Taunt\n|upkeep\n|turn|15\n|c|\u2606Theruffletkid|You still have ogerpon\n|\n|t:|1700142262\n|move|p2a: Heatran|Earth Power|p1a: Blissey\n|-damage|p1a: Blissey|0 fnt\n|faint|p1a: Blissey\n|\n|-heal|p2a: Heatran|60\/100|[from] item: Leftovers\n|upkeep\n|c|\u2606Samiaou|Well\n|\n|t:|1700142276\n|switch|p1a: Ogerpon|Ogerpon-Wellspring, F|100\/100\n|turn|16\n|\n|t:|1700142285\n|-terastallize|p1a: Ogerpon|Water\n|detailschange|p1a: Ogerpon|Ogerpon-Wellspring-Tera, F, tera:Water\n|-ability|p1a: Ogerpon|Embody Aspect (Wellspring)|boost\n|-boost|p1a: Ogerpon|spd|1\n|-terastallize|p2a: Heatran|Grass\n|move|p1a: Ogerpon|Ivy Cudgel|p2a: Heatran|[anim] Ivy Cudgel Water\n|-resisted|p2a: Heatran\n|-damage|p2a: Heatran|24\/100\n|move|p2a: Heatran|Magma Storm|p1a: Ogerpon|[miss]\n|-miss|p2a: Heatran|p1a: Ogerpon\n|\n|-heal|p2a: Heatran|30\/100|[from] item: Leftovers\n|upkeep\n|turn|17\n|\n|t:|1700142296\n|move|p1a: Ogerpon|U-turn|p2a: Heatran\n|-supereffective|p2a: Heatran\n|-crit|p2a: Heatran\n|-damage|p2a: Heatran|0 fnt\n|faint|p2a: Heatran\n|c|\u2606Samiaou|Oh\n|\n|t:|1700142312\n|switch|p1a: Dragapult|Dragapult, M|100\/100|[from] U-turn\n|\n|upkeep\n|\n|t:|1700142319\n|switch|p2a: Garganacl|Garganacl, M|100\/100\n|turn|18\n|\n|t:|1700142325\n|move|p1a: Dragapult|Draco Meteor|p2a: Garganacl\n|-damage|p2a: Garganacl|44\/100\n|-unboost|p1a: Dragapult|spa|2\n|move|p2a: Garganacl|Iron Defense|p2a: Garganacl\n|-boost|p2a: Garganacl|def|2\n|\n|-heal|p2a: Garganacl|51\/100|[from] item: Leftovers\n|upkeep\n|turn|19\n|\n|t:|1700142334\n|move|p1a: Dragapult|Draco Meteor|p2a: Garganacl\n|-crit|p2a: Garganacl\n|-damage|p2a: Garganacl|0 fnt\n|-unboost|p1a: Dragapult|spa|2\n|faint|p2a: Garganacl\n|\n|upkeep\n|c|\u2606Samiaou|Omg\n|\n|t:|1700142341\n|switch|p2a: Slowking|Slowking-Galar, F|89\/100\n|turn|20\n|c|\u2606Samiaou|I wished for a crit\n|\n|t:|1700142353\n|switch|p1a: Kingambit|Kingambit, M|100\/100\n|-activate|p1a: Kingambit|ability: Supreme Overlord\n|-start|p1a: Kingambit|fallen3|[silent]\n|move|p2a: Slowking|Chilly Reception|p2a: Slowking\n|-weather|Snow\n|\n|t:|1700142363\n|switch|p2a: Great Tusk|Great Tusk|100\/100|[from] Chilly Reception\n|\n|-weather|Snow|[upkeep]\n|upkeep\n|turn|21\n|\n|t:|1700142369\n|-end|p1a: Kingambit|fallen3|[silent]\n|switch|p1a: Dragapult|Dragapult, M|100\/100\n|move|p2a: Great Tusk|Rapid Spin|p1a: Dragapult\n|-immune|p1a: Dragapult\n|\n|-weather|Snow|[upkeep]\n|upkeep\n|turn|22\n|\n|t:|1700142379\n|move|p1a: Dragapult|Shadow Ball|p2a: Great Tusk\n|-damage|p2a: Great Tusk|21\/100\n|move|p2a: Great Tusk|Ice Spinner|p1a: Dragapult\n|-supereffective|p1a: Dragapult\n|-damage|p1a: Dragapult|25\/100\n|\n|-weather|Snow|[upkeep]\n|upkeep\n|turn|23\n|\n|t:|1700142385\n|move|p1a: Dragapult|Shadow Ball|p2a: Great Tusk\n|-damage|p2a: Great Tusk|0 fnt\n|faint|p2a: Great Tusk\n|-end|p2a: Great Tusk|Protosynthesis|[silent]\n|\n|-weather|Snow|[upkeep]\n|upkeep\n|\n|t:|1700142388\n|switch|p2a: Sneasler|Sneasler, F|100\/100\n|turn|24\n|\n|t:|1700142394\n|move|p1a: Dragapult|Shadow Ball|p2a: Sneasler\n|-damage|p2a: Sneasler|24\/100\n|move|p2a: Sneasler|Dire Claw|p1a: Dragapult\n|-resisted|p1a: Dragapult\n|-damage|p1a: Dragapult|0 fnt\n|faint|p1a: Dragapult\n|\n|-weather|none\n|upkeep\n|\n|t:|1700142401\n|switch|p1a: Kingambit|Kingambit, M|100\/100\n|-activate|p1a: Kingambit|ability: Supreme Overlord\n|-start|p1a: Kingambit|fallen4|[silent]\n|turn|25\n|\n|t:|1700142404\n|move|p1a: Kingambit|Sucker Punch|p2a: Sneasler\n|-resisted|p2a: Sneasler\n|-damage|p2a: Sneasler|0 fnt\n|faint|p2a: Sneasler\n|\n|upkeep\n|\n|t:|1700142408\n|switch|p2a: Zamazenta|Zamazenta|65\/100\n|turn|26\n|\n|t:|1700142418\n|move|p2a: Zamazenta|Close Combat|p1a: Kingambit\n|-supereffective|p1a: Kingambit\n|-damage|p1a: Kingambit|0 fnt\n|-unboost|p2a: Zamazenta|def|1\n|-unboost|p2a: Zamazenta|spd|1\n|faint|p1a: Kingambit\n|-end|p1a: Kingambit|fallen4|[silent]\n|\n|upkeep\n|\n|t:|1700142420\n|switch|p1a: Ogerpon|Ogerpon-Wellspring-Tera, F, tera:Water|100\/100\n|-ability|p1a: Ogerpon|Embody Aspect (Wellspring)|boost\n|-boost|p1a: Ogerpon|spd|1\n|turn|27\n|\n|t:|1700142451\n|switch|p2a: Slowking|Slowking-Galar, F|100\/100\n|move|p1a: Ogerpon|Ivy Cudgel|p2a: Slowking|[anim] Ivy Cudgel Water\n|-damage|p2a: Slowking|23\/100\n|\n|upkeep\n|turn|28\n|\n|t:|1700142461\n|move|p1a: Ogerpon|Ivy Cudgel|p2a: Slowking|[anim] Ivy Cudgel Water\n|-damage|p2a: Slowking|0 fnt\n|faint|p2a: Slowking\n|\n|upkeep\n|\n|t:|1700142463\n|switch|p2a: Zamazenta|Zamazenta|65\/100\n|turn|29\n|\n|t:|1700142465\n|move|p2a: Zamazenta|Wild Charge|p1a: Ogerpon\n|-supereffective|p1a: Ogerpon\n|-damage|p1a: Ogerpon|0 fnt\n|faint|p1a: Ogerpon\n|-damage|p2a: Zamazenta|42\/100|[from] Recoil\n|\n|win|Theruffletkid\n|raw|Samiaou's rating: 1477 &rarr; <strong>1452<\/strong><br \/>(-25 for losing)\n|raw|Theruffletkid's rating: 1385 &rarr; <strong>1410<\/strong><br \/>(+25 for winning)\n|c|\u2606Samiaou|Nothing to di\n|c|\u2606Samiaou|do\n|c|\u2606Theruffletkid|Eh\n|c|\u2606Samiaou|against choice band zama\n|c|\u2606Samiaou|gg\n|c|\u2606Theruffletkid|You had specs pult\n|c|\u2606Samiaou|Sure\n|c|\u2606Theruffletkid|That couldve broke through\n|c|\u2606Samiaou|But i am not used to see band zama actually\n|c|\u2606Theruffletkid|Thats weird\n|c|\u2606Theruffletkid|Band zama seems like the most common thing\n|c|\u2606Samiaou|I mostly see defensive ones\n|c|\u2606Theruffletkid|Other than iron defense + body press\n|c|\u2606Samiaou|with iron defense\n|c|\u2606Samiaou|Yeah\n|c|\u2606Samiaou|i figure\n|c|\u2606Theruffletkid|I prefer band mostly\n|c|\u2606Samiaou|I see haha\n|c|\u2606Theruffletkid|Zama's high speed makes it work\n|c|\u2606Samiaou|Indeed\n|c|\u2606Theruffletkid|+ more immediate power\n|c|\u2606Theruffletkid|Funny that i never realized how fast zama actually was until it was unbanned\n|c|\u2606Samiaou|You deserved your win, I played rather bad\n|c|\u2606Theruffletkid|Eh\n|c|\u2606Samiaou|Oh\n|c|\u2606Theruffletkid|Gg anyways\n|c|\u2606Samiaou|yeah its amazingly fast\n|c|\u2606Samiaou|thx, gg too\n","uploadtime":1700142677,"views":13,"p1id":"samiaou","p2id":"theruffletkid","formatid":"gen9ou","rating":1410,"private":0,"password":""}