{"id":"gen9ou-1988529352","p1":"ChillLanturnYT","p2":"Cyrozen","format":"[Gen 9] OU","log":"|j|\u2606ChillLanturnYT\n|j|\u2606Cyrozen\n|t:|1699732730\n|gametype|singles\n|player|p1|ChillLanturnYT|palmer|1130\n|player|p2|Cyrozen|266|1118\n|teamsize|p1|6\n|teamsize|p2|6\n|gen|9\n|tier|[Gen 9] OU\n|rated|\n|rule|Sleep Clause Mod: Limit one foe put to sleep\n|rule|Species Clause: Limit one of each Pok\u00e9mon\n|rule|OHKO Clause: OHKO moves are banned\n|rule|Evasion Items Clause: Evasion items are banned\n|rule|Evasion Moves Clause: Evasion moves are banned\n|rule|Endless Battle Clause: Forcing endless battles is banned\n|rule|HP Percentage Mod: HP is shown in percentages\n|clearpoke\n|poke|p1|Ninetales-Alola, F|\n|poke|p1|Gholdengo|\n|poke|p1|Gliscor, F|\n|poke|p1|Clefable, F|\n|poke|p1|Mandibuzz, F|\n|poke|p1|Overqwil, F|\n|poke|p2|Cinderace, M|\n|poke|p2|Great Tusk|\n|poke|p2|Kingambit, M|\n|poke|p2|Landorus-Therian, M|\n|poke|p2|Samurott-Hisui, M|\n|poke|p2|Gholdengo|\n|teampreview\n|inactive|Battle timer is ON: inactive players will automatically lose when time's up. (requested by Cyrozen)\n|\n|t:|1699732735\n|start\n|switch|p1a: Overqwil|Overqwil, F|100\/100\n|switch|p2a: Great Tusk|Great Tusk|100\/100\n|-ability|p1a: Overqwil|Intimidate|boost\n|-unboost|p2a: Great Tusk|atk|1\n|turn|1\n|\n|t:|1699732750\n|switch|p1a: Gliscor|Gliscor, F|100\/100\n|-end|p2a: Great Tusk|Protosynthesis|[silent]\n|switch|p2a: Landorus|Landorus-Therian, M|100\/100\n|-ability|p2a: Landorus|Intimidate|boost\n|-unboost|p1a: Gliscor|atk|1\n|\n|-status|p1a: Gliscor|tox|[from] item: Toxic Orb\n|upkeep\n|turn|2\n|\n|t:|1699732761\n|switch|p2a: Gholdengo|Gholdengo|100\/100\n|move|p1a: Gliscor|Toxic Spikes|p2a: Gholdengo\n|-sidestart|p2: Cyrozen|move: Toxic Spikes\n|\n|upkeep\n|turn|3\n|\n|t:|1699732779\n|switch|p1a: Overqwil|Overqwil, F|100\/100\n|-ability|p1a: Overqwil|Intimidate|boost\n|-unboost|p2a: Gholdengo|atk|1\n|switch|p2a: Great Tusk|Great Tusk|100\/100\n|-status|p2a: Great Tusk|psn\n|\n|-damage|p2a: Great Tusk|88\/100 psn|[from] psn\n|upkeep\n|turn|4\n|\n|t:|1699732798\n|move|p1a: Overqwil|Barb Barrage|p2a: Great Tusk\n|-resisted|p2a: Great Tusk\n|-damage|p2a: Great Tusk|66\/100 psn\n|move|p2a: Great Tusk|Iron Head|p1a: Overqwil\n|-damage|p1a: Overqwil|69\/100\n|\n|-heal|p1a: Overqwil|75\/100|[from] item: Black Sludge\n|-damage|p2a: Great Tusk|53\/100 psn|[from] psn\n|upkeep\n|turn|5\n|\n|t:|1699732809\n|switch|p1a: Gliscor|Gliscor, F|100\/100 tox\n|move|p2a: Great Tusk|Close Combat|p1a: Gliscor\n|-resisted|p1a: Gliscor\n|-damage|p1a: Gliscor|80\/100 tox\n|-unboost|p2a: Great Tusk|def|1\n|-unboost|p2a: Great Tusk|spd|1\n|\n|-damage|p2a: Great Tusk|41\/100 psn|[from] psn\n|-heal|p1a: Gliscor|93\/100 tox|[from] ability: Poison Heal\n|upkeep\n|turn|6\n|\n|t:|1699732822\n|-terastallize|p2a: Great Tusk|Steel\n|move|p2a: Great Tusk|Ice Spinner|p1a: Gliscor\n|-supereffective|p1a: Gliscor\n|-damage|p1a: Gliscor|19\/100 tox\n|move|p1a: Gliscor|Knock Off|p2a: Great Tusk\n|-damage|p2a: Great Tusk|17\/100 psn\n|-enditem|p2a: Great Tusk|Assault Vest|[from] move: Knock Off|[of] p1a: Gliscor\n|\n|-damage|p2a: Great Tusk|5\/100 psn|[from] psn\n|-heal|p1a: Gliscor|32\/100 tox|[from] ability: Poison Heal\n|upkeep\n|turn|7\n|inactive|Cyrozen has 120 seconds left.\n|\n|t:|1699732838\n|-end|p2a: Great Tusk|Protosynthesis|[silent]\n|switch|p2a: Landorus|Landorus-Therian, M|100\/100\n|-ability|p2a: Landorus|Intimidate|boost\n|-unboost|p1a: Gliscor|atk|1\n|switch|p1a: Gholdengo|Gholdengo|100\/100\n|\n|upkeep\n|turn|8\n|inactive|Cyrozen has 120 seconds left.\n|\n|t:|1699732854\n|switch|p1a: Gliscor|Gliscor, F|32\/100 tox\n|move|p2a: Landorus|Stealth Rock|p1a: Gliscor\n|-sidestart|p1: ChillLanturnYT|move: Stealth Rock\n|\n|-heal|p1a: Gliscor|44\/100 tox|[from] ability: Poison Heal\n|upkeep\n|turn|9\n|inactive|Cyrozen has 120 seconds left.\n|\n|t:|1699732862\n|move|p1a: Gliscor|Stealth Rock|p2a: Landorus\n|-sidestart|p2: Cyrozen|move: Stealth Rock\n|move|p2a: Landorus|U-turn|p1a: Gliscor\n|-resisted|p1a: Gliscor\n|-damage|p1a: Gliscor|37\/100 tox\n|inactive|Cyrozen has 120 seconds left.\n|\n|t:|1699732868\n|switch|p2a: Great Tusk|Great Tusk, tera:Steel|5\/100 psn|[from] U-turn\n|-damage|p2a: Great Tusk|0 fnt|[from] Stealth Rock\n|faint|p2a: Great Tusk\n|-end|p2a: Great Tusk|Protosynthesis|[silent]\n|\n|-heal|p1a: Gliscor|49\/100 tox|[from] ability: Poison Heal\n|upkeep\n|inactive|Cyrozen has 120 seconds left.\n|\n|t:|1699732880\n|switch|p2a: Landorus|Landorus-Therian, M|100\/100\n|-damage|p2a: Landorus|88\/100|[from] Stealth Rock\n|-ability|p2a: Landorus|Intimidate|boost\n|-unboost|p1a: Gliscor|atk|1\n|turn|10\n|inactive|Cyrozen has 120 seconds left.\n|\n|t:|1699732888\n|move|p1a: Gliscor|Knock Off|p2a: Landorus\n|-damage|p2a: Landorus|74\/100\n|-damage|p1a: Gliscor|33\/100 tox|[from] item: Rocky Helmet|[of] p2a: Landorus\n|-enditem|p2a: Landorus|Rocky Helmet|[from] move: Knock Off|[of] p1a: Gliscor\n|move|p2a: Landorus|Stone Edge|p1a: Gliscor\n|-damage|p1a: Gliscor|10\/100 tox\n|\n|-heal|p1a: Gliscor|23\/100 tox|[from] ability: Poison Heal\n|upkeep\n|turn|11\n|inactive|Cyrozen has 120 seconds left.\n|\n|t:|1699732899\n|move|p1a: Gliscor|Knock Off|p2a: Landorus\n|-damage|p2a: Landorus|65\/100\n|move|p2a: Landorus|U-turn|p1a: Gliscor\n|-resisted|p1a: Gliscor\n|-damage|p1a: Gliscor|15\/100 tox\n|inactive|Cyrozen has 120 seconds left.\n|\n|t:|1699732908\n|switch|p2a: Cinderace|Cinderace, M|100\/100|[from] U-turn\n|-status|p2a: Cinderace|psn\n|-damage|p2a: Cinderace|76\/100 psn|[from] Stealth Rock\n|\n|-damage|p2a: Cinderace|63\/100 psn|[from] psn\n|-heal|p1a: Gliscor|27\/100 tox|[from] ability: Poison Heal\n|upkeep\n|turn|12\n|inactive|Cyrozen has 120 seconds left.\n|\n|t:|1699732920\n|switch|p1a: Clefable|Clefable, F|100\/100\n|move|p2a: Cinderace|Flare Blitz|p1a: Clefable\n|-damage|p1a: Clefable|9\/100\n|-damage|p2a: Cinderace|24\/100 psn|[from] Recoil\n|\n|-heal|p1a: Clefable|15\/100|[from] item: Leftovers\n|-damage|p2a: Cinderace|11\/100 psn|[from] psn\n|upkeep\n|turn|13\n|inactive|Cyrozen has 120 seconds left.\n|\n|t:|1699732931\n|move|p2a: Cinderace|Flare Blitz|p1a: Clefable\n|-damage|p1a: Clefable|0 fnt\n|faint|p1a: Clefable\n|-damage|p2a: Cinderace|5\/100 psn|[from] Recoil\n|\n|-damage|p2a: Cinderace|0 fnt|[from] psn\n|faint|p2a: Cinderace\n|upkeep\n|inactive|Cyrozen has 120 seconds left.\n|\n|t:|1699732947\n|switch|p2a: Gholdengo|Gholdengo|100\/100\n|switch|p1a: Ninetales|Ninetales-Alola, F|100\/100\n|-damage|p1a: Ninetales|76\/100|[from] Stealth Rock\n|-weather|Snow|[from] ability: Snow Warning|[of] p1a: Ninetales\n|-damage|p2a: Gholdengo|94\/100|[from] Stealth Rock\n|turn|14\n|inactive|Cyrozen has 120 seconds left.\n|\n|t:|1699732960\n|-terastallize|p1a: Ninetales|Fire\n|move|p1a: Ninetales|Tera Blast|p2a: Gholdengo|[anim] Tera Blast Fire\n|-supereffective|p2a: Gholdengo\n|-damage|p2a: Gholdengo|10\/100\n|-enditem|p2a: Gholdengo|Sitrus Berry|[eat]\n|-heal|p2a: Gholdengo|35\/100|[from] item: Sitrus Berry\n|move|p2a: Gholdengo|Make It Rain|p1a: Ninetales\n|-resisted|p1a: Ninetales\n|-damage|p1a: Ninetales|37\/100\n|-unboost|p2a: Gholdengo|spa|1\n|\n|-weather|Snow|[upkeep]\n|upkeep\n|turn|15\n|inactive|Cyrozen has 120 seconds left.\n|\n|t:|1699732978\n|move|p1a: Ninetales|Tera Blast|p2a: Gholdengo|[anim] Tera Blast Fire\n|-supereffective|p2a: Gholdengo\n|-damage|p2a: Gholdengo|0 fnt\n|faint|p2a: Gholdengo\n|\n|-weather|Snow|[upkeep]\n|upkeep\n|\n|t:|1699732987\n|switch|p2a: Samurott|Samurott-Hisui, M|100\/100\n|-status|p2a: Samurott|psn\n|-damage|p2a: Samurott|88\/100 psn|[from] Stealth Rock\n|turn|16\n|inactive|Cyrozen has 120 seconds left.\n|\n|t:|1699732996\n|switch|p1a: Overqwil|Overqwil, F|75\/100\n|-damage|p1a: Overqwil|63\/100|[from] Stealth Rock\n|-ability|p1a: Overqwil|Intimidate|boost\n|-unboost|p2a: Samurott|atk|1\n|move|p2a: Samurott|Aqua Jet|p1a: Overqwil\n|-damage|p1a: Overqwil|49\/100\n|\n|-weather|Snow|[upkeep]\n|-heal|p1a: Overqwil|55\/100|[from] item: Black Sludge\n|-damage|p2a: Samurott|76\/100 psn|[from] psn\n|upkeep\n|turn|17\n|inactive|Cyrozen has 120 seconds left.\n|\n|t:|1699733012\n|move|p1a: Overqwil|Barb Barrage|p2a: Samurott\n|-damage|p2a: Samurott|3\/100 psn\n|-enditem|p2a: Samurott|Salac Berry|[eat]\n|-boost|p2a: Samurott|spe|1|[from] item: Salac Berry\n|move|p2a: Samurott|Swords Dance|p2a: Samurott\n|-boost|p2a: Samurott|atk|2\n|\n|-weather|Snow|[upkeep]\n|-heal|p1a: Overqwil|61\/100|[from] item: Black Sludge\n|-damage|p2a: Samurott|0 fnt|[from] psn\n|faint|p2a: Samurott\n|upkeep\n|\n|t:|1699733025\n|switch|p2a: Landorus|Landorus-Therian, M|65\/100\n|-damage|p2a: Landorus|52\/100|[from] Stealth Rock\n|-ability|p2a: Landorus|Intimidate|boost\n|-unboost|p1a: Overqwil|atk|1\n|turn|18\n|\n|t:|1699733037\n|switch|p1a: Gliscor|Gliscor, F|27\/100 tox\n|-damage|p1a: Gliscor|15\/100 tox|[from] Stealth Rock\n|move|p2a: Landorus|Stone Edge|p1a: Gliscor|[miss]\n|-miss|p2a: Landorus|p1a: Gliscor\n|\n|-weather|none\n|-heal|p1a: Gliscor|27\/100 tox|[from] ability: Poison Heal\n|upkeep\n|turn|19\n|inactive|Cyrozen has 120 seconds left.\n|inactive|ChillLanturnYT has 120 seconds left.\n|\n|t:|1699733072\n|switch|p1a: Overqwil|Overqwil, F|61\/100\n|-damage|p1a: Overqwil|49\/100|[from] Stealth Rock\n|-ability|p1a: Overqwil|Intimidate|boost\n|-unboost|p2a: Landorus|atk|1\n|move|p2a: Landorus|Stone Edge|p1a: Overqwil\n|-crit|p1a: Overqwil\n|-damage|p1a: Overqwil|0 fnt\n|faint|p1a: Overqwil\n|\n|upkeep\n|\n|t:|1699733082\n|switch|p1a: Mandibuzz|Mandibuzz, F|100\/100\n|turn|20\n|inactive|Cyrozen has 120 seconds left.\n|c|\u2606Cyrozen|You only got one shot one opportunity will you take it or let it go\n|c|\u2606Cyrozen|knees weak palms are sweaty\n|\n|t:|1699733117\n|move|p2a: Landorus|Stone Edge|p1a: Mandibuzz|[miss]\n|-miss|p2a: Landorus|p1a: Mandibuzz\n|move|p1a: Mandibuzz|Defog|p2a: Landorus\n|-unboost|p2a: Landorus|evasion|1\n|-sideend|p2: Cyrozen|Toxic Spikes|[from] move: Defog|[of] p1a: Mandibuzz\n|-sideend|p2: Cyrozen|Stealth Rock|[from] move: Defog|[of] p1a: Mandibuzz\n|-sideend|p1: ChillLanturnYT|Stealth Rock|[from] move: Defog|[of] p1a: Mandibuzz\n|\n|upkeep\n|turn|21\n|inactive|ChillLanturnYT has 120 seconds left.\n|c|\u2606Cyrozen|Vomit on his sweater already\n|inactive|Cyrozen has 90 seconds left.\n|c|\u2606Cyrozen|moms spaghetti\n|\n|t:|1699733153\n|move|p1a: Mandibuzz|Toxic|p2a: Landorus\n|-status|p2a: Landorus|tox\n|move|p2a: Landorus|Stone Edge|p1a: Mandibuzz|[miss]\n|-miss|p2a: Landorus|p1a: Mandibuzz\n|\n|-damage|p2a: Landorus|46\/100 tox|[from] psn\n|upkeep\n|turn|22\n|c|\u2606ChillLanturnYT|You listening to Eminem?\n|\n|t:|1699733170\n|switch|p1a: Gholdengo|Gholdengo|100\/100\n|move|p2a: Landorus|Stone Edge|p1a: Gholdengo\n|-resisted|p1a: Gholdengo\n|-damage|p1a: Gholdengo|86\/100\n|\n|-damage|p2a: Landorus|34\/100 tox|[from] psn\n|upkeep\n|turn|23\n|\n|t:|1699733180\n|switch|p1a: Gliscor|Gliscor, F|27\/100 tox\n|move|p2a: Landorus|Earthquake|p1a: Gliscor\n|-immune|p1a: Gliscor\n|\n|-heal|p1a: Gliscor|40\/100 tox|[from] ability: Poison Heal\n|-damage|p2a: Landorus|16\/100 tox|[from] psn\n|upkeep\n|turn|24\n|inactive|ChillLanturnYT has 120 seconds left.\n|\n|t:|1699733187\n|move|p1a: Gliscor|Knock Off|p2a: Landorus\n|-damage|p2a: Landorus|2\/100 tox\n|move|p2a: Landorus|Stone Edge|p1a: Gliscor|[miss]\n|-miss|p2a: Landorus|p1a: Gliscor\n|\n|-heal|p1a: Gliscor|52\/100 tox|[from] ability: Poison Heal\n|-damage|p2a: Landorus|0 fnt|[from] psn\n|faint|p2a: Landorus\n|upkeep\n|inactive|Cyrozen has 90 seconds left.\n|c|\u2606Cyrozen|The hax are strong with this one\n|\n|t:|1699733206\n|switch|p2a: Kingambit|Kingambit, M|100\/100\n|-activate|p2a: Kingambit|ability: Supreme Overlord\n|-start|p2a: Kingambit|fallen5|[silent]\n|turn|25\n|c|\u2606ChillLanturnYT|Missing all those opportunities\u2026\n|\n|t:|1699733221\n|move|p1a: Gliscor|Knock Off|p2a: Kingambit\n|-resisted|p2a: Kingambit\n|-damage|p2a: Kingambit|93\/100\n|-enditem|p2a: Kingambit|Focus Sash|[from] move: Knock Off|[of] p1a: Gliscor\n|move|p2a: Kingambit|Swords Dance|p2a: Kingambit\n|-boost|p2a: Kingambit|atk|2\n|\n|-heal|p1a: Gliscor|65\/100 tox|[from] ability: Poison Heal\n|upkeep\n|turn|26\n|\n|t:|1699733239\n|move|p1a: Gliscor|Earthquake|p2a: Kingambit\n|-supereffective|p2a: Kingambit\n|-damage|p2a: Kingambit|48\/100\n|move|p2a: Kingambit|Swords Dance|p2a: Kingambit\n|-boost|p2a: Kingambit|atk|2\n|\n|-heal|p1a: Gliscor|77\/100 tox|[from] ability: Poison Heal\n|upkeep\n|turn|27\n|\n|t:|1699733248\n|move|p2a: Kingambit|Sucker Punch|p1a: Gliscor\n|-damage|p1a: Gliscor|0 fnt\n|faint|p1a: Gliscor\n|\n|upkeep\n|\n|t:|1699733251\n|switch|p1a: Gholdengo|Gholdengo|86\/100\n|turn|28\n|inactive|Cyrozen has 90 seconds left.\n|\n|t:|1699733258\n|move|p2a: Kingambit|Sucker Punch||[still]\n|-fail|p2a: Kingambit\n|move|p1a: Gholdengo|Trick|p2a: Kingambit\n|-activate|p1a: Gholdengo|move: Trick|[of] p2a: Kingambit\n|-item|p2a: Kingambit|Choice Scarf|[from] move: Trick\n|-enditem|p1a: Gholdengo|Choice Scarf|[silent]|[from] move: Trick\n|\n|upkeep\n|turn|29\n|inactive|Cyrozen has 90 seconds left.\n|\n|t:|1699733271\n|move|p1a: Gholdengo|Focus Blast|p2a: Kingambit|[miss]\n|-miss|p1a: Gholdengo|p2a: Kingambit\n|move|p2a: Kingambit|Kowtow Cleave|p1a: Gholdengo\n|-supereffective|p1a: Gholdengo\n|-damage|p1a: Gholdengo|0 fnt\n|faint|p1a: Gholdengo\n|\n|upkeep\n|c|\u2606Cyrozen|Oof\n|\n|t:|1699733276\n|switch|p1a: Mandibuzz|Mandibuzz, F|100\/100\n|turn|30\n|c|\u2606ChillLanturnYT|:(\n|\n|t:|1699733283\n|move|p2a: Kingambit|Kowtow Cleave|p1a: Mandibuzz\n|-resisted|p1a: Mandibuzz\n|-damage|p1a: Mandibuzz|32\/100\n|move|p1a: Mandibuzz|Foul Play|p2a: Kingambit\n|-resisted|p2a: Kingambit\n|-damage|p2a: Kingambit|0 fnt\n|faint|p2a: Kingambit\n|-end|p2a: Kingambit|fallen5|[silent]\n|\n|win|ChillLanturnYT\n|raw|ChillLanturnYT's rating: 1130 &rarr; <strong>1154<\/strong><br \/>(+24 for winning)\n|raw|Cyrozen's rating: 1118 &rarr; <strong>1094<\/strong><br \/>(-24 for losing)\n|l|\u2606Cyrozen\n","uploadtime":1699733307,"views":14,"p1id":"chilllanturnyt","p2id":"cyrozen","formatid":"gen9ou","rating":1094,"private":0,"password":""}