{"id":"gen9ou-1994684452","p1":"Joker040921","p2":"changshalaowang","format":"[Gen 9] OU","log":"|j|\u2606Joker040921\n|j|\u2606changshalaowang\n|t:|1700480669\n|gametype|singles\n|player|p1|Joker040921|cynthia-gen7|1148\n|player|p2|changshalaowang|lass-gen4dp|1074\n|teamsize|p1|6\n|teamsize|p2|6\n|gen|9\n|tier|[Gen 9] OU\n|rated|\n|rule|Sleep Clause Mod: Limit one foe put to sleep\n|rule|Species Clause: Limit one of each Pok\u00e9mon\n|rule|OHKO Clause: OHKO moves are banned\n|rule|Evasion Items Clause: Evasion items are banned\n|rule|Evasion Moves Clause: Evasion moves are banned\n|rule|Endless Battle Clause: Forcing endless battles is banned\n|rule|HP Percentage Mod: HP is shown in percentages\n|clearpoke\n|poke|p1|Great Tusk|\n|poke|p1|Iron Valiant|\n|poke|p1|Glimmora, F|\n|poke|p1|Gholdengo|\n|poke|p1|Moltres|\n|poke|p1|Sandy Shocks|\n|poke|p2|Landorus-Therian, M|\n|poke|p2|Kingambit, F|\n|poke|p2|Dondozo, M|\n|poke|p2|Kommo-o, F|\n|poke|p2|Toxapex, M|\n|poke|p2|Sinistcha-Masterpiece|\n|teampreview\n|\n|t:|1700480688\n|start\n|switch|p1a: Glimmora|Glimmora, F|100\/100\n|switch|p2a: Landorus|Landorus-Therian, M|100\/100\n|-ability|p2a: Landorus|Intimidate|boost\n|-unboost|p1a: Glimmora|atk|1\n|turn|1\n|inactive|Battle timer is ON: inactive players will automatically lose when time's up. (requested by Joker040921)\n|\n|t:|1700480717\n|move|p2a: Landorus|Stealth Rock|p1a: Glimmora\n|-sidestart|p1: Joker040921|move: Stealth Rock\n|move|p1a: Glimmora|Stealth Rock|p2a: Landorus\n|-sidestart|p2: changshalaowang|move: Stealth Rock\n|\n|upkeep\n|turn|2\n|\n|t:|1700480723\n|move|p2a: Landorus|Earthquake|p1a: Glimmora\n|-supereffective|p1a: Glimmora\n|-enditem|p1a: Glimmora|Focus Sash\n|-damage|p1a: Glimmora|1\/100\n|-activate|p1a: Glimmora|ability: Toxic Debris\n|-sidestart|p2: changshalaowang|move: Toxic Spikes\n|move|p1a: Glimmora|Mortal Spin|p2a: Landorus\n|-resisted|p2a: Landorus\n|-damage|p2a: Landorus|98\/100\n|-status|p2a: Landorus|psn\n|-damage|p1a: Glimmora|0 fnt|[from] item: Rocky Helmet|[of] p2a: Landorus\n|faint|p1a: Glimmora\n|\n|-damage|p2a: Landorus|86\/100 psn|[from] psn\n|upkeep\n|\n|t:|1700480746\n|switch|p1a: Great Tusk|Great Tusk|100\/100\n|-damage|p1a: Great Tusk|98\/100|[from] Stealth Rock\n|turn|3\n|\n|t:|1700480755\n|move|p2a: Landorus|U-turn|p1a: Great Tusk\n|-resisted|p1a: Great Tusk\n|-damage|p1a: Great Tusk|90\/100\n|\n|t:|1700480761\n|switch|p2a: Toxapex|Toxapex, M|100\/100|[from] U-turn\n|-damage|p2a: Toxapex|88\/100|[from] Stealth Rock\n|-sideend|p2: changshalaowang|move: Toxic Spikes|[of] p2a: Toxapex\n|move|p1a: Great Tusk|Rapid Spin|p2a: Toxapex\n|-damage|p2a: Toxapex|72\/100\n|-boost|p1a: Great Tusk|spe|1\n|-sideend|p1: Joker040921|Stealth Rock|[from] move: Rapid Spin|[of] p1a: Great Tusk\n|\n|-heal|p2a: Toxapex|78\/100|[from] item: Black Sludge\n|upkeep\n|turn|4\n|\n|t:|1700480772\n|move|p2a: Toxapex|Baneful Bunker|p2a: Toxapex\n|-singleturn|p2a: Toxapex|move: Protect\n|move|p1a: Great Tusk|Earthquake|p2a: Toxapex\n|-activate|p2a: Toxapex|move: Protect\n|\n|-heal|p2a: Toxapex|84\/100|[from] item: Black Sludge\n|upkeep\n|turn|5\n|\n|t:|1700480782\n|switch|p2a: Dondozo|Dondozo, M|100\/100\n|-damage|p2a: Dondozo|88\/100|[from] Stealth Rock\n|move|p1a: Great Tusk|Knock Off|p2a: Dondozo\n|-damage|p2a: Dondozo|70\/100\n|-enditem|p2a: Dondozo|Leftovers|[from] move: Knock Off|[of] p1a: Great Tusk\n|\n|upkeep\n|turn|6\n|\n|t:|1700480811\n|-end|p1a: Great Tusk|Protosynthesis|[silent]\n|switch|p1a: Iron Valiant|Iron Valiant|100\/100\n|switch|p2a: Landorus|Landorus-Therian, M|86\/100 psn\n|-damage|p2a: Landorus|74\/100 psn|[from] Stealth Rock\n|-ability|p2a: Landorus|Intimidate|boost\n|-unboost|p1a: Iron Valiant|atk|1\n|\n|-damage|p2a: Landorus|61\/100 psn|[from] psn\n|upkeep\n|turn|7\n|\n|t:|1700480825\n|move|p1a: Iron Valiant|Moonblast|p2a: Landorus\n|-damage|p2a: Landorus|14\/100 psn\n|move|p2a: Landorus|U-turn|p1a: Iron Valiant\n|-resisted|p1a: Iron Valiant\n|-damage|p1a: Iron Valiant|94\/100\n|\n|t:|1700480836\n|switch|p2a: Toxapex|Toxapex, M|100\/100|[from] U-turn\n|-damage|p2a: Toxapex|88\/100|[from] Stealth Rock\n|\n|-heal|p2a: Toxapex|94\/100|[from] item: Black Sludge\n|upkeep\n|turn|8\n|\n|t:|1700480847\n|-end|p1a: Iron Valiant|Quark Drive|[silent]\n|switch|p1a: Gholdengo|Gholdengo|100\/100\n|move|p2a: Toxapex|Toxic|p1a: Gholdengo\n|-immune|p1a: Gholdengo|[from] ability: Good as Gold\n|\n|-heal|p2a: Toxapex|100\/100|[from] item: Black Sludge\n|upkeep\n|turn|9\n|\n|t:|1700480858\n|switch|p2a: Sinistcha|Sinistcha-Masterpiece|100\/100\n|-damage|p2a: Sinistcha|88\/100|[from] Stealth Rock\n|move|p1a: Gholdengo|Shadow Ball|p2a: Sinistcha\n|-supereffective|p2a: Sinistcha\n|-damage|p2a: Sinistcha|0 fnt\n|faint|p2a: Sinistcha\n|\n|upkeep\n|\n|t:|1700480866\n|switch|p2a: Kingambit|Kingambit, F|100\/100\n|-damage|p2a: Kingambit|94\/100|[from] Stealth Rock\n|turn|10\n|\n|t:|1700480877\n|switch|p1a: Great Tusk|Great Tusk|90\/100\n|move|p2a: Kingambit|Kowtow Cleave|p1a: Great Tusk\n|-resisted|p1a: Great Tusk\n|-damage|p1a: Great Tusk|74\/100\n|\n|upkeep\n|turn|11\n|\n|t:|1700480890\n|switch|p2a: Landorus|Landorus-Therian, M|14\/100 psn\n|-damage|p2a: Landorus|2\/100 psn|[from] Stealth Rock\n|-ability|p2a: Landorus|Intimidate|boost\n|-unboost|p1a: Great Tusk|atk|1\n|move|p1a: Great Tusk|Knock Off|p2a: Landorus\n|-damage|p2a: Landorus|0 fnt\n|-damage|p1a: Great Tusk|58\/100|[from] item: Rocky Helmet|[of] p2a: Landorus\n|-enditem|p2a: Landorus|Rocky Helmet|[from] move: Knock Off|[of] p1a: Great Tusk\n|faint|p2a: Landorus\n|\n|upkeep\n|\n|t:|1700480900\n|switch|p2a: Dondozo|Dondozo, M|70\/100\n|-damage|p2a: Dondozo|58\/100|[from] Stealth Rock\n|turn|12\n|\n|t:|1700480927\n|-end|p1a: Great Tusk|Protosynthesis|[silent]\n|switch|p1a: Gholdengo|Gholdengo|100\/100\n|switch|p2a: Kommo-o|Kommo-o, F|100\/100\n|-damage|p2a: Kommo-o|94\/100|[from] Stealth Rock\n|\n|upkeep\n|turn|13\n|inactive|Joker040921 has 120 seconds left.\n|\n|t:|1700480950\n|-terastallize|p2a: Kommo-o|Steel\n|move|p1a: Gholdengo|Thunder Wave|p2a: Kommo-o\n|-status|p2a: Kommo-o|par\n|move|p2a: Kommo-o|Clangorous Soul|p2a: Kommo-o\n|-boost|p2a: Kommo-o|atk|1\n|-boost|p2a: Kommo-o|def|1\n|-boost|p2a: Kommo-o|spa|1\n|-boost|p2a: Kommo-o|spd|1\n|-boost|p2a: Kommo-o|spe|1\n|-damage|p2a: Kommo-o|61\/100 par\n|-enditem|p2a: Kommo-o|Throat Spray\n|-boost|p2a: Kommo-o|spa|1|[from] item: Throat Spray\n|\n|upkeep\n|turn|14\n|inactive|Joker040921 has 120 seconds left.\n|\n|t:|1700480964\n|move|p1a: Gholdengo|Shadow Ball|p2a: Kommo-o\n|-damage|p2a: Kommo-o|27\/100 par\n|move|p2a: Kommo-o|Clanging Scales|p1a: Gholdengo\n|-resisted|p1a: Gholdengo\n|-damage|p1a: Gholdengo|48\/100\n|-enditem|p1a: Gholdengo|Red Card|[of] p2a: Kommo-o\n|-unboost|p2a: Kommo-o|def|1\n|drag|p2a: Dondozo|Dondozo, M|58\/100\n|-damage|p2a: Dondozo|45\/100|[from] Stealth Rock\n|\n|upkeep\n|turn|15\n|inactive|Joker040921 has 120 seconds left.\n|inactive|changshalaowang has 120 seconds left.\n|\n|t:|1700480998\n|move|p1a: Gholdengo|Thunder Wave|p2a: Dondozo\n|-status|p2a: Dondozo|par\n|move|p2a: Dondozo|Wave Crash|p1a: Gholdengo\n|-damage|p1a: Gholdengo|0 fnt\n|faint|p1a: Gholdengo\n|-damage|p2a: Dondozo|35\/100 par|[from] Recoil\n|\n|upkeep\n|inactive|Joker040921 has 120 seconds left.\n|\n|t:|1700481013\n|switch|p1a: Sandy Shocks|Sandy Shocks|100\/100\n|-enditem|p1a: Sandy Shocks|Booster Energy\n|-activate|p1a: Sandy Shocks|ability: Protosynthesis|[fromitem]\n|-start|p1a: Sandy Shocks|protosynthesisspe\n|turn|16\n|inactive|Joker040921 has 120 seconds left.\n|\n|t:|1700481023\n|switch|p2a: Toxapex|Toxapex, M|100\/100\n|-damage|p2a: Toxapex|88\/100|[from] Stealth Rock\n|move|p1a: Sandy Shocks|Substitute|p1a: Sandy Shocks\n|-start|p1a: Sandy Shocks|Substitute\n|-damage|p1a: Sandy Shocks|76\/100\n|\n|-heal|p2a: Toxapex|94\/100|[from] item: Black Sludge\n|upkeep\n|turn|17\n|inactive|Joker040921 has 120 seconds left.\n|\n|t:|1700481033\n|move|p1a: Sandy Shocks|Sunny Day|p1a: Sandy Shocks\n|-weather|SunnyDay\n|move|p2a: Toxapex|Toxic||[still]\n|-fail|p2a: Toxapex\n|\n|-weather|SunnyDay|[upkeep]\n|-heal|p2a: Toxapex|100\/100|[from] item: Black Sludge\n|upkeep\n|turn|18\n|\n|t:|1700481042\n|switch|p2a: Dondozo|Dondozo, M|35\/100 par\n|-damage|p2a: Dondozo|23\/100 par|[from] Stealth Rock\n|move|p1a: Sandy Shocks|Earth Power|p2a: Dondozo\n|-damage|p2a: Dondozo|0 fnt\n|faint|p2a: Dondozo\n|\n|-weather|SunnyDay|[upkeep]\n|upkeep\n|\n|t:|1700481053\n|switch|p2a: Kommo-o|Kommo-o, F, tera:Steel|27\/100 par\n|-damage|p2a: Kommo-o|20\/100 par|[from] Stealth Rock\n|turn|19\n|\n|t:|1700481069\n|move|p1a: Sandy Shocks|Earth Power|p2a: Kommo-o\n|-supereffective|p2a: Kommo-o\n|-damage|p2a: Kommo-o|0 fnt\n|faint|p2a: Kommo-o\n|\n|-weather|SunnyDay|[upkeep]\n|upkeep\n|-message|changshalaowang forfeited.\n|\n|win|Joker040921\n|raw|Joker040921's rating: 1148 &rarr; <strong>1168<\/strong><br \/>(+20 for winning)\n|raw|changshalaowang's rating: 1074 &rarr; <strong>1057<\/strong><br \/>(-17 for losing)\n|l|\u2606changshalaowang\n","uploadtime":1700481077,"views":10,"p1id":"joker040921","p2id":"changshalaowang","formatid":"gen9ou","rating":1057,"private":0,"password":""}