{"id":"gen9ou-1997309183","p1":"taxedosharpedo4","p2":"DaneJerzone","format":"[Gen 9] OU","log":"|j|\u2606taxedosharpedo4\n|j|\u2606DaneJerzone\n|t:|1700787618\n|gametype|singles\n|player|p1|taxedosharpedo4|alder|1347\n|player|p2|DaneJerzone|sailor|1441\n|teamsize|p1|6\n|teamsize|p2|6\n|gen|9\n|tier|[Gen 9] OU\n|rated|\n|rule|Sleep Clause Mod: Limit one foe put to sleep\n|rule|Species Clause: Limit one of each Pok\u00e9mon\n|rule|OHKO Clause: OHKO moves are banned\n|rule|Evasion Items Clause: Evasion items are banned\n|rule|Evasion Moves Clause: Evasion moves are banned\n|rule|Endless Battle Clause: Forcing endless battles is banned\n|rule|HP Percentage Mod: HP is shown in percentages\n|clearpoke\n|poke|p1|Thundurus-Therian, M|\n|poke|p1|Goodra-Hisui, F|\n|poke|p1|Cinderace, F|\n|poke|p1|Landorus-Therian, M|\n|poke|p1|Iron Valiant|\n|poke|p1|Kingambit, F|\n|poke|p2|Grimmsnarl, M|\n|poke|p2|Rotom-Wash|\n|poke|p2|Kommo-o, M|\n|poke|p2|Glimmora, M|\n|poke|p2|Great Tusk|\n|poke|p2|Ceruledge, F|\n|teampreview\n|inactive|Battle timer is ON: inactive players will automatically lose when time's up. (requested by taxedosharpedo4)\n|inactive|DaneJerzone also wants the timer to be on.\n|\n|t:|1700787626\n|start\n|switch|p1a: Gary|Goodra-Hisui, F|100\/100\n|switch|p2a: Grimmsnarl|Grimmsnarl, M|100\/100\n|turn|1\n|\n|t:|1700787628\n|move|p2a: Grimmsnarl|Trick|p1a: Gary\n|-activate|p2a: Grimmsnarl|move: Trick|[of] p1a: Gary\n|-item|p1a: Gary|Choice Band|[from] move: Trick\n|-item|p2a: Grimmsnarl|Assault Vest|[from] move: Trick\n|move|p1a: Gary|Flash Cannon|p2a: Grimmsnarl\n|-supereffective|p2a: Grimmsnarl\n|-damage|p2a: Grimmsnarl|40\/100\n|\n|upkeep\n|turn|2\n|\n|t:|1700787639\n|switch|p1a: Kirin|Thundurus-Therian, M|100\/100\n|switch|p2a: Kommo-o|Kommo-o, M|100\/100\n|\n|upkeep\n|turn|3\n|\n|t:|1700787645\n|-terastallize|p1a: Kirin|Flying\n|move|p1a: Kirin|Tera Blast|p2a: Kommo-o|[anim] Tera Blast Flying\n|-supereffective|p2a: Kommo-o\n|-damage|p2a: Kommo-o|0 fnt\n|faint|p2a: Kommo-o\n|\n|upkeep\n|\n|t:|1700787652\n|switch|p2a: Glimmora|Glimmora, M|100\/100\n|turn|4\n|\n|t:|1700787655\n|switch|p1a: Gary|Goodra-Hisui, F|100\/100\n|move|p2a: Glimmora|Sludge Wave|p1a: Gary\n|-immune|p1a: Gary\n|\n|upkeep\n|turn|5\n|\n|t:|1700787660\n|move|p2a: Glimmora|Stealth Rock|p1a: Gary\n|-sidestart|p1: taxedosharpedo4|move: Stealth Rock\n|move|p1a: Gary|Flash Cannon|p2a: Glimmora\n|-supereffective|p2a: Glimmora\n|-enditem|p2a: Glimmora|Focus Sash\n|-damage|p2a: Glimmora|1\/100\n|\n|upkeep\n|turn|6\n|\n|t:|1700787666\n|move|p2a: Glimmora|Earth Power|p1a: Gary\n|-supereffective|p1a: Gary\n|-damage|p1a: Gary|54\/100\n|move|p1a: Gary|Flash Cannon|p2a: Glimmora\n|-supereffective|p2a: Glimmora\n|-damage|p2a: Glimmora|0 fnt\n|faint|p2a: Glimmora\n|\n|upkeep\n|\n|t:|1700787669\n|switch|p2a: Ceruledge|Ceruledge, F|100\/100\n|turn|7\n|\n|t:|1700787673\n|switch|p1a: Kirin|Thundurus-Therian, M, tera:Flying|100\/100\n|-damage|p1a: Kirin|76\/100|[from] Stealth Rock\n|move|p2a: Ceruledge|Swords Dance|p2a: Ceruledge\n|-boost|p2a: Ceruledge|atk|2\n|\n|upkeep\n|turn|8\n|\n|t:|1700787678\n|move|p1a: Kirin|Tera Blast|p2a: Ceruledge|[anim] Tera Blast Flying\n|-damage|p2a: Ceruledge|0 fnt\n|faint|p2a: Ceruledge\n|\n|upkeep\n|\n|t:|1700787681\n|switch|p2a: Grimmsnarl|Grimmsnarl, M|40\/100\n|turn|9\n|\n|t:|1700787683\n|move|p2a: Grimmsnarl|Sucker Punch|p1a: Kirin\n|-damage|p1a: Kirin|6\/100\n|move|p1a: Kirin|Tera Blast|p2a: Grimmsnarl|[anim] Tera Blast Flying\n|-damage|p2a: Grimmsnarl|0 fnt\n|faint|p2a: Grimmsnarl\n|\n|upkeep\n|\n|t:|1700787686\n|switch|p2a: Great Tusk|Great Tusk|100\/100\n|-enditem|p2a: Great Tusk|Booster Energy\n|-activate|p2a: Great Tusk|ability: Protosynthesis|[fromitem]\n|-start|p2a: Great Tusk|protosynthesisatk\n|turn|10\n|\n|t:|1700787688\n|move|p1a: Kirin|Tera Blast|p2a: Great Tusk|[anim] Tera Blast Flying\n|-supereffective|p2a: Great Tusk\n|-damage|p2a: Great Tusk|0 fnt\n|faint|p2a: Great Tusk\n|-end|p2a: Great Tusk|Protosynthesis|[silent]\n|\n|upkeep\n|-message|DaneJerzone forfeited.\n|\n|win|taxedosharpedo4\n|raw|taxedosharpedo4's rating: 1347 &rarr; <strong>1372<\/strong><br \/>(+25 for winning)\n|raw|DaneJerzone's rating: 1441 &rarr; <strong>1416<\/strong><br \/>(-25 for losing)\n|l|\u2606DaneJerzone\n","uploadtime":1700787701,"views":17,"p1id":"taxedosharpedo4","p2id":"danejerzone","formatid":"gen9ou","rating":1372,"private":0,"password":""}