{"id":"gen9ou-1991564478","p1":"JaydenSpellmaster","p2":"squirrel9168","format":"[Gen 9] OU","log":"|j|\u2606JaydenSpellmaster\n|j|\u2606squirrel9168\n|inactive|Battle timer is ON: inactive players will automatically lose when time's up.\n|t:|1700088857\n|gametype|singles\n|player|p1|JaydenSpellmaster|atticus|\n|player|p2|squirrel9168|102|\n|teamsize|p1|5\n|teamsize|p2|5\n|gen|9\n|tier|[Gen 9] OU\n|rated|Tournament battle\n|rule|Sleep Clause Mod: Limit one foe put to sleep\n|rule|Species Clause: Limit one of each Pok\u00e9mon\n|rule|OHKO Clause: OHKO moves are banned\n|rule|Evasion Items Clause: Evasion items are banned\n|rule|Evasion Moves Clause: Evasion moves are banned\n|rule|Endless Battle Clause: Forcing endless battles is banned\n|rule|HP Percentage Mod: HP is shown in percentages\n|clearpoke\n|poke|p1|Murkrow, F|\n|poke|p1|Cetoddle, F|\n|poke|p1|Shroomish, M|\n|poke|p1|Dragonite, M|\n|poke|p1|Poltchageist|\n|poke|p2|Litwick, M|\n|poke|p2|Clodsire, M|\n|poke|p2|Buizel, F|\n|poke|p2|Scovillain, F|\n|poke|p2|Duskull, F|\n|teampreview\n|j|*Lady Monita \u2746\n|inactive|JaydenSpellmaster also wants the timer to be on.\n|c|\u2606JaydenSpellmaster|glhf!\n|c|\u2606squirrel9168|u2\n|\n|t:|1700088868\n|start\n|switch|p1a: Pox|Shroomish, M, shiny|100\/100\n|switch|p2a: Litwick|Litwick, M|100\/100\n|turn|1\n|\n|t:|1700088874\n|move|p1a: Pox|Spore|p2a: Litwick\n|-status|p2a: Litwick|slp|[from] move: Spore\n|cant|p2a: Litwick|slp\n|\n|-status|p1a: Pox|tox|[from] item: Toxic Orb\n|upkeep\n|turn|2\n|j| Big-Wx\n|\n|t:|1700088880\n|switch|p1a: Dragonite|Dragonite, M|100\/100\n|cant|p2a: Litwick|slp\n|\n|upkeep\n|turn|3\n|\n|t:|1700088884\n|move|p1a: Dragonite|Dragon Dance|p1a: Dragonite\n|-boost|p1a: Dragonite|atk|1\n|-boost|p1a: Dragonite|spe|1\n|cant|p2a: Litwick|slp\n|\n|upkeep\n|turn|4\n|\n|t:|1700088889\n|move|p1a: Dragonite|Dragon Dance|p1a: Dragonite\n|-boost|p1a: Dragonite|atk|1\n|-boost|p1a: Dragonite|spe|1\n|-curestatus|p2a: Litwick|slp|[msg]\n|move|p2a: Litwick|Will-O-Wisp|p1a: Dragonite\n|-status|p1a: Dragonite|brn\n|\n|-damage|p1a: Dragonite|94\/100 brn|[from] brn\n|upkeep\n|turn|5\n|j| HunterBear4\n|\n|t:|1700088896\n|move|p1a: Dragonite|Dragon Dance|p1a: Dragonite\n|-boost|p1a: Dragonite|atk|1\n|-boost|p1a: Dragonite|spe|1\n|move|p2a: Litwick|Hex|p1a: Dragonite\n|-damage|p1a: Dragonite|47\/100 brn\n|\n|-heal|p1a: Dragonite|53\/100 brn|[from] item: Leftovers\n|-damage|p1a: Dragonite|47\/100 brn|[from] brn\n|upkeep\n|turn|6\n|\n|t:|1700088903\n|move|p1a: Dragonite|Outrage|p2a: Litwick\n|-damage|p2a: Litwick|2\/100\n|move|p2a: Litwick|Hex|p1a: Dragonite\n|-damage|p1a: Dragonite|0 fnt\n|faint|p1a: Dragonite\n|\n|upkeep\n|\n|t:|1700088916\n|switch|p1a: Crow|Murkrow, F|100\/100\n|turn|7\n|\n|t:|1700088922\n|move|p1a: Crow|Sucker Punch||[still]\n|-fail|p1a: Crow\n|move|p2a: Litwick|Will-O-Wisp|p1a: Crow\n|-status|p1a: Crow|brn\n|\n|-damage|p1a: Crow|94\/100 brn|[from] brn\n|upkeep\n|turn|8\n|\n|t:|1700088928\n|move|p2a: Litwick|Protect|p2a: Litwick\n|-singleturn|p2a: Litwick|Protect\n|move|p1a: Crow|Thunder Wave|p2a: Litwick\n|-activate|p2a: Litwick|move: Protect\n|\n|-damage|p1a: Crow|88\/100 brn|[from] brn\n|upkeep\n|turn|9\n|\n|t:|1700088936\n|move|p1a: Crow|Sucker Punch|p2a: Litwick\n|-supereffective|p2a: Litwick\n|-damage|p2a: Litwick|0 fnt\n|faint|p2a: Litwick\n|\n|-damage|p1a: Crow|82\/100 brn|[from] brn\n|upkeep\n|\n|t:|1700088947\n|switch|p2a: Buizel|Buizel, F|100\/100\n|turn|10\n|\n|t:|1700088952\n|move|p1a: Crow|Thunder Wave|p2a: Buizel\n|-status|p2a: Buizel|par\n|cant|p2a: Buizel|par\n|\n|-damage|p1a: Crow|76\/100 brn|[from] brn\n|upkeep\n|turn|11\n|\n|t:|1700088958\n|move|p1a: Crow|Hurricane|p2a: Buizel\n|-crit|p2a: Buizel\n|-damage|p2a: Buizel|0 fnt\n|faint|p2a: Buizel\n|\n|-damage|p1a: Crow|70\/100 brn|[from] brn\n|upkeep\n|\n|t:|1700088964\n|switch|p2a: Scovillain|Scovillain, F|100\/100\n|turn|12\n|\n|t:|1700088966\n|move|p1a: Crow|Hurricane|p2a: Scovillain|[miss]\n|-miss|p1a: Crow|p2a: Scovillain\n|move|p2a: Scovillain|Substitute|p2a: Scovillain\n|-start|p2a: Scovillain|Substitute\n|-damage|p2a: Scovillain|76\/100\n|\n|-heal|p2a: Scovillain|82\/100|[from] item: Leftovers\n|-damage|p1a: Crow|63\/100 brn|[from] brn\n|upkeep\n|turn|13\n|\n|t:|1700088971\n|move|p1a: Crow|Hurricane|p2a: Scovillain\n|-supereffective|p2a: Scovillain\n|-end|p2a: Scovillain|Substitute\n|move|p2a: Scovillain|Leech Seed|p1a: Crow\n|-start|p1a: Crow|move: Leech Seed\n|\n|-heal|p2a: Scovillain|88\/100|[from] item: Leftovers\n|-damage|p1a: Crow|51\/100 brn|[from] Leech Seed|[of] p2a: Scovillain\n|-heal|p2a: Scovillain|100\/100|[silent]\n|-damage|p1a: Crow|45\/100 brn|[from] brn\n|upkeep\n|turn|14\n|\n|t:|1700088978\n|switch|p2a: Clodsire|Clodsire, M|100\/100\n|move|p1a: Crow|Hurricane|p2a: Clodsire\n|-damage|p2a: Clodsire|79\/100\n|\n|-heal|p2a: Clodsire|85\/100|[from] item: Leftovers\n|-damage|p1a: Crow|32\/100 brn|[from] Leech Seed|[of] p2a: Clodsire\n|-heal|p2a: Clodsire|94\/100|[silent]\n|-damage|p1a: Crow|26\/100 brn|[from] brn\n|upkeep\n|turn|15\n|l| Big-Wx\n|\n|t:|1700088987\n|switch|p1a: Pox|Shroomish, M, shiny|100\/100 tox\n|move|p2a: Clodsire|Gunk Shot|p1a: Pox|[miss]\n|-miss|p2a: Clodsire|p1a: Pox\n|\n|-heal|p2a: Clodsire|99\/100|[from] item: Leftovers\n|upkeep\n|turn|16\n|\n|t:|1700088994\n|switch|p2a: Duskull|Duskull, F|100\/100\n|move|p1a: Pox|Spore|p2a: Duskull\n|-status|p2a: Duskull|slp|[from] move: Spore\n|\n|upkeep\n|turn|17\n|\n|t:|1700089000\n|move|p1a: Pox|Leech Seed|p2a: Duskull\n|-start|p2a: Duskull|move: Leech Seed\n|cant|p2a: Duskull|slp\n|\n|-damage|p2a: Duskull|88\/100 slp|[from] Leech Seed|[of] p1a: Pox\n|upkeep\n|turn|18\n|\n|t:|1700089004\n|switch|p1a: Crow|Murkrow, F|26\/100 brn\n|switch|p2a: Scovillain|Scovillain, F|100\/100\n|\n|-damage|p1a: Crow|20\/100 brn|[from] brn\n|upkeep\n|turn|19\n|\n|t:|1700089009\n|switch|p2a: Clodsire|Clodsire, M|99\/100\n|move|p1a: Crow|Hurricane|p2a: Clodsire\n|-damage|p2a: Clodsire|78\/100\n|\n|-heal|p2a: Clodsire|84\/100|[from] item: Leftovers\n|-damage|p1a: Crow|14\/100 brn|[from] brn\n|upkeep\n|turn|20\n|\n|t:|1700089016\n|switch|p1a: Pox|Shroomish, M, shiny|100\/100 tox\n|move|p2a: Clodsire|Gunk Shot|p1a: Pox\n|-supereffective|p1a: Pox\n|-damage|p1a: Pox|0 fnt\n|faint|p1a: Pox\n|\n|-heal|p2a: Clodsire|90\/100|[from] item: Leftovers\n|upkeep\n|\n|t:|1700089025\n|switch|p1a: Cetoddle|Cetoddle, F|100\/100\n|turn|21\n|\n|t:|1700089029\n|switch|p2a: Scovillain|Scovillain, F|100\/100\n|move|p1a: Cetoddle|Yawn|p2a: Scovillain\n|-immune|p2a: Scovillain|[from] ability: Insomnia\n|\n|upkeep\n|turn|22\n|\n|t:|1700089047\n|-terastallize|p1a: Cetoddle|Ice\n|move|p2a: Scovillain|Flamethrower|p1a: Cetoddle\n|-supereffective|p1a: Cetoddle\n|-damage|p1a: Cetoddle|57\/100\n|move|p1a: Cetoddle|Ice Spinner|p2a: Scovillain\n|-damage|p2a: Scovillain|63\/100\n|\n|-heal|p2a: Scovillain|69\/100|[from] item: Leftovers\n|upkeep\n|turn|23\n|\n|t:|1700089056\n|move|p2a: Scovillain|Leech Seed|p1a: Cetoddle\n|-start|p1a: Cetoddle|move: Leech Seed\n|move|p1a: Cetoddle|Ice Spinner|p2a: Scovillain\n|-damage|p2a: Scovillain|35\/100\n|\n|-heal|p2a: Scovillain|41\/100|[from] item: Leftovers\n|-damage|p1a: Cetoddle|45\/100|[from] Leech Seed|[of] p2a: Scovillain\n|-heal|p2a: Scovillain|60\/100|[silent]\n|upkeep\n|turn|24\n|\n|t:|1700089064\n|switch|p1a: Poltchageist|Poltchageist|100\/100\n|move|p2a: Scovillain|Giga Drain|p1a: Poltchageist\n|-resisted|p1a: Poltchageist\n|-damage|p1a: Poltchageist|86\/100\n|-heal|p2a: Scovillain|68\/100|[from] drain|[of] p1a: Poltchageist\n|\n|-heal|p2a: Scovillain|74\/100|[from] item: Leftovers\n|upkeep\n|turn|25\n|\n|t:|1700089076\n|move|p2a: Scovillain|Flamethrower|p1a: Poltchageist\n|-supereffective|p1a: Poltchageist\n|-damage|p1a: Poltchageist|51\/100\n|move|p1a: Poltchageist|Foul Play|p2a: Scovillain\n|-damage|p2a: Scovillain|49\/100\n|\n|-heal|p2a: Scovillain|55\/100|[from] item: Leftovers\n|upkeep\n|turn|26\n|j| E4Everyone\n|\n|t:|1700089094\n|move|p2a: Scovillain|Flamethrower|p1a: Poltchageist\n|-supereffective|p1a: Poltchageist\n|-damage|p1a: Poltchageist|15\/100\n|move|p1a: Poltchageist|Shadow Ball|p2a: Scovillain\n|-damage|p2a: Scovillain|23\/100\n|\n|-heal|p2a: Scovillain|29\/100|[from] item: Leftovers\n|upkeep\n|turn|27\n|\n|t:|1700089102\n|move|p2a: Scovillain|Flamethrower|p1a: Poltchageist\n|-supereffective|p1a: Poltchageist\n|-damage|p1a: Poltchageist|0 fnt\n|faint|p1a: Poltchageist\n|\n|-heal|p2a: Scovillain|34\/100|[from] item: Leftovers\n|upkeep\n|\n|t:|1700089108\n|switch|p1a: Cetoddle|Cetoddle, F, tera:Ice|45\/100\n|turn|28\n|\n|t:|1700089119\n|move|p2a: Scovillain|Flamethrower|p1a: Cetoddle\n|-supereffective|p1a: Cetoddle\n|-damage|p1a: Cetoddle|0 fnt\n|faint|p1a: Cetoddle\n|\n|-heal|p2a: Scovillain|40\/100|[from] item: Leftovers\n|upkeep\n|\n|t:|1700089122\n|switch|p1a: Crow|Murkrow, F|14\/100 brn\n|turn|29\n|\n|t:|1700089126\n|move|p1a: Crow|Hurricane|p2a: Scovillain\n|-supereffective|p2a: Scovillain\n|-damage|p2a: Scovillain|0 fnt\n|faint|p2a: Scovillain\n|\n|-damage|p1a: Crow|8\/100 brn|[from] brn\n|upkeep\n|\n|t:|1700089130\n|switch|p2a: Duskull|Duskull, F|88\/100 slp\n|turn|30\n|c|\u2606JaydenSpellmaster|gg\n|\n|t:|1700089134\n|-curestatus|p2a: Duskull|slp|[msg]\n|move|p2a: Duskull|Protect|p2a: Duskull\n|-singleturn|p2a: Duskull|Protect\n|move|p1a: Crow|Foul Play|p2a: Duskull\n|-activate|p2a: Duskull|move: Protect\n|\n|-damage|p1a: Crow|1\/100 brn|[from] brn\n|upkeep\n|turn|31\n|c|\u2606squirrel9168|gg\n|\n|t:|1700089142\n|move|p1a: Crow|Foul Play|p2a: Duskull\n|-supereffective|p2a: Duskull\n|-damage|p2a: Duskull|78\/100\n|move|p2a: Duskull|Will-O-Wisp|p1a: Crow\n|-fail|p1a: Crow|brn\n|\n|-damage|p1a: Crow|0 fnt|[from] brn\n|faint|p1a: Crow\n|\n|win|squirrel9168\n|upkeep\n|n|\u2606JaydenSpellmaster|jaydenspellmaster\n|n|\u2606squirrel9168|squirrel9168\n|n|*Lady Monita \u2746|ladymonita\n|n| HunterBear4|hunterbear4\n|n| E4Everyone|e4everyone\n","uploadtime":1700089143,"views":7,"p1id":"jaydenspellmaster","p2id":"squirrel9168","formatid":"gen9ou","rating":0,"private":0,"password":""}