{"id":"gen9ou-2000322760","p1":"Jamel1","p2":"theori147","format":"[Gen 9] OU","log":"|j|\u2606Jamel1\n|j|\u2606theori147\n|t:|1701184887\n|gametype|singles\n|player|p1|Jamel1|cyrus|1767\n|player|p2|theori147|266|1818\n|teamsize|p1|6\n|teamsize|p2|6\n|gen|9\n|tier|[Gen 9] OU\n|rated|\n|rule|Sleep Clause Mod: Limit one foe put to sleep\n|rule|Species Clause: Limit one of each Pok\u00e9mon\n|rule|OHKO Clause: OHKO moves are banned\n|rule|Evasion Items Clause: Evasion items are banned\n|rule|Evasion Moves Clause: Evasion moves are banned\n|rule|Endless Battle Clause: Forcing endless battles is banned\n|rule|HP Percentage Mod: HP is shown in percentages\n|clearpoke\n|poke|p1|Jirachi|\n|poke|p1|Kommo-o, M|\n|poke|p1|Gyarados, M|\n|poke|p1|Armarouge, F|\n|poke|p1|Azumarill, M|\n|poke|p1|Ninetales-Alola, M|\n|poke|p2|Munkidori, M|\n|poke|p2|Landorus-Therian, M|\n|poke|p2|Zamazenta-*|\n|poke|p2|Clefable, M|\n|poke|p2|Ogerpon-Wellspring, F|\n|poke|p2|Kingambit, F|\n|teampreview\n|j| Ran Kob\n|\n|t:|1701184908\n|start\n|switch|p1a: Azumarill|Azumarill, M|100\/100\n|switch|p2a: Munkidori|Munkidori, M|100\/100\n|turn|1\n|j| Zuppalover04\n|\n|t:|1701184941\n|move|p1a: Azumarill|Aqua Jet|p2a: Munkidori\n|-damage|p2a: Munkidori|63\/100\n|move|p2a: Munkidori|Shadow Ball|p1a: Azumarill\n|-damage|p1a: Azumarill|71\/100\n|\n|upkeep\n|turn|2\n|\n|t:|1701184948\n|switch|p2a: Ogerpon|Ogerpon-Wellspring, F|100\/100\n|move|p1a: Azumarill|Belly Drum|p1a: Azumarill\n|-damage|p1a: Azumarill|21\/100\n|-setboost|p1a: Azumarill|atk|6|[from] move: Belly Drum\n|-enditem|p1a: Azumarill|Sitrus Berry|[eat]\n|-heal|p1a: Azumarill|46\/100|[from] item: Sitrus Berry\n|\n|upkeep\n|turn|3\n|\n|t:|1701184957\n|-terastallize|p1a: Azumarill|Grass\n|move|p2a: Ogerpon|Horn Leech|p1a: Azumarill\n|-resisted|p1a: Azumarill\n|-damage|p1a: Azumarill|25\/100\n|move|p1a: Azumarill|Play Rough|p2a: Ogerpon\n|-damage|p2a: Ogerpon|0 fnt\n|faint|p2a: Ogerpon\n|\n|upkeep\n|j| ghetis du 93\n|j| qilbyy\n|\n|t:|1701185013\n|switch|p2a: Kingambit|Kingambit, F|100\/100\n|-activate|p2a: Kingambit|ability: Supreme Overlord\n|-start|p2a: Kingambit|fallen1|[silent]\n|turn|4\n|\n|t:|1701185017\n|move|p2a: Kingambit|Sucker Punch||[still]\n|-fail|p2a: Kingambit\n|move|p1a: Azumarill|Tickle|p2a: Kingambit\n|-unboost|p2a: Kingambit|atk|1\n|-unboost|p2a: Kingambit|def|1\n|\n|upkeep\n|turn|5\n|\n|t:|1701185024\n|move|p2a: Kingambit|Sucker Punch|p1a: Azumarill\n|-damage|p1a: Azumarill|0 fnt\n|faint|p1a: Azumarill\n|\n|upkeep\n|\n|t:|1701185027\n|switch|p1a: Ninetales|Ninetales-Alola, M|100\/100\n|-weather|Snow|[from] ability: Snow Warning|[of] p1a: Ninetales\n|turn|6\n|\n|t:|1701185047\n|-end|p2a: Kingambit|fallen1|[silent]\n|switch|p2a: Munkidori|Munkidori, M|63\/100\n|move|p1a: Ninetales|Aurora Veil|p1a: Ninetales\n|-sidestart|p1: Jamel1|move: Aurora Veil\n|\n|-weather|Snow|[upkeep]\n|upkeep\n|turn|7\n|\n|t:|1701185053\n|move|p1a: Ninetales|Hypnosis|p2a: Munkidori\n|-status|p2a: Munkidori|slp|[from] move: Hypnosis\n|cant|p2a: Munkidori|slp\n|\n|-weather|Snow|[upkeep]\n|upkeep\n|turn|8\n|j| xxCOALLAxx\n|\n|t:|1701185061\n|switch|p1a: Jirachi|Jirachi|100\/100\n|cant|p2a: Munkidori|slp\n|\n|-weather|Snow|[upkeep]\n|upkeep\n|turn|9\n|\n|t:|1701185076\n|switch|p2a: Landorus|Landorus-Therian, M|100\/100\n|-ability|p2a: Landorus|Intimidate|boost\n|-unboost|p1a: Jirachi|atk|1\n|move|p1a: Jirachi|Cosmic Power|p1a: Jirachi\n|-boost|p1a: Jirachi|def|1\n|-boost|p1a: Jirachi|spd|1\n|\n|-weather|Snow|[upkeep]\n|upkeep\n|turn|10\n|l| qilbyy\n|l| Ran Kob\n|\n|t:|1701185087\n|move|p1a: Jirachi|Cosmic Power|p1a: Jirachi\n|-boost|p1a: Jirachi|def|1\n|-boost|p1a: Jirachi|spd|1\n|move|p2a: Landorus|Earthquake|p1a: Jirachi\n|-supereffective|p1a: Jirachi\n|-damage|p1a: Jirachi|75\/100\n|-enditem|p1a: Jirachi|Weakness Policy\n|-boost|p1a: Jirachi|atk|2|[from] item: Weakness Policy\n|-boost|p1a: Jirachi|spa|2|[from] item: Weakness Policy\n|\n|-weather|none\n|upkeep\n|turn|11\n|\n|t:|1701185097\n|move|p1a: Jirachi|Stored Power|p2a: Landorus\n|-damage|p2a: Landorus|0 fnt\n|faint|p2a: Landorus\n|\n|upkeep\n|\n|t:|1701185100\n|switch|p2a: Kingambit|Kingambit, F|100\/100\n|-activate|p2a: Kingambit|ability: Supreme Overlord\n|-start|p2a: Kingambit|fallen2|[silent]\n|turn|12\n|\n|t:|1701185107\n|-end|p2a: Kingambit|fallen2|[silent]\n|switch|p2a: Clefable|Clefable, M|100\/100\n|move|p1a: Jirachi|Aura Sphere|p2a: Clefable\n|-resisted|p2a: Clefable\n|-damage|p2a: Clefable|86\/100\n|\n|-heal|p2a: Clefable|92\/100|[from] item: Leftovers\n|upkeep\n|turn|13\n|\n|t:|1701185116\n|move|p1a: Jirachi|Cosmic Power|p1a: Jirachi\n|-boost|p1a: Jirachi|def|1\n|-boost|p1a: Jirachi|spd|1\n|move|p2a: Clefable|Thunder Wave|p1a: Jirachi\n|-status|p1a: Jirachi|par\n|\n|-heal|p2a: Clefable|98\/100|[from] item: Leftovers\n|-sideend|p1: Jamel1|move: Aurora Veil\n|upkeep\n|turn|14\n|\n|t:|1701185142\n|move|p1a: Jirachi|Wish|p1a: Jirachi\n|move|p2a: Clefable|Moonblast|p1a: Jirachi\n|-resisted|p1a: Jirachi\n|-damage|p1a: Jirachi|69\/100 par\n|\n|-heal|p2a: Clefable|100\/100|[from] item: Leftovers\n|upkeep\n|turn|15\n|\n|t:|1701185150\n|move|p1a: Jirachi|Stored Power|p2a: Clefable\n|-damage|p2a: Clefable|0 fnt\n|faint|p2a: Clefable\n|\n|-heal|p1a: Jirachi|100\/100 par|[from] move: Wish|[wisher] Jirachi\n|upkeep\n|\n|t:|1701185157\n|switch|p2a: Munkidori|Munkidori, M|63\/100 slp\n|turn|16\n|inactive|Battle timer is ON: inactive players will automatically lose when time's up. (requested by Jamel1)\n|\n|t:|1701185219\n|cant|p2a: Munkidori|slp\n|move|p1a: Jirachi|Stored Power|p2a: Munkidori\n|-damage|p2a: Munkidori|0 fnt\n|faint|p2a: Munkidori\n|\n|upkeep\n|j| CDW1025\n|inactive|theori147 has 120 seconds left.\n|l| Zuppalover04\n|\n|t:|1701185265\n|switch|p2a: Kingambit|Kingambit, F|100\/100\n|-activate|p2a: Kingambit|ability: Supreme Overlord\n|-start|p2a: Kingambit|fallen4|[silent]\n|turn|17\n|\n|t:|1701185272\n|move|p1a: Jirachi|Aura Sphere|p2a: Kingambit\n|-supereffective|p2a: Kingambit\n|-damage|p2a: Kingambit|0 fnt\n|faint|p2a: Kingambit\n|-end|p2a: Kingambit|fallen4|[silent]\n|\n|upkeep\n|inactive|theori147 has 90 seconds left.\n|\n|t:|1701185310\n|switch|p2a: Zamazenta|Zamazenta|100\/100\n|-ability|p2a: Zamazenta|Dauntless Shield|boost\n|-boost|p2a: Zamazenta|def|1\n|turn|18\n|c| ghetis du 93|comment d\u00e9finiriez vous le m\u00e9ta OU en ce moment\n|inactive|theori147 has 90 seconds left.\n|\n|t:|1701185336\n|move|p2a: Zamazenta|Close Combat|p1a: Jirachi\n|-damage|p1a: Jirachi|69\/100 par\n|-unboost|p2a: Zamazenta|def|1\n|-unboost|p2a: Zamazenta|spd|1\n|move|p1a: Jirachi|Stored Power|p2a: Zamazenta\n|-supereffective|p2a: Zamazenta\n|-damage|p2a: Zamazenta|0 fnt\n|faint|p2a: Zamazenta\n|\n|win|Jamel1\n|raw|Jamel1's rating: 1767 &rarr; <strong>1790<\/strong><br \/>(+23 for winning)\n|raw|theori147's rating: 1818 &rarr; <strong>1795<\/strong><br \/>(-23 for losing)\n|l| ghetis du 93\n|l|\u2606Jamel1\n","uploadtime":1701185359,"views":5,"p1id":"jamel1","p2id":"theori147","formatid":"gen9ou","rating":1790,"private":0,"password":""}