{"id":"gen9ou-1991391073","p1":"RSDPM","p2":"Eldegang","format":"[Gen 9] OU","log":"|j|\u2606RSDPM\n|j|\u2606Eldegang\n|t:|1700073175\n|gametype|singles\n|player|p1|RSDPM|riley|1273\n|player|p2|Eldegang|wallace|1279\n|teamsize|p1|6\n|teamsize|p2|6\n|gen|9\n|tier|[Gen 9] OU\n|rated|\n|rule|Sleep Clause Mod: Limit one foe put to sleep\n|rule|Species Clause: Limit one of each Pok\u00e9mon\n|rule|OHKO Clause: OHKO moves are banned\n|rule|Evasion Items Clause: Evasion items are banned\n|rule|Evasion Moves Clause: Evasion moves are banned\n|rule|Endless Battle Clause: Forcing endless battles is banned\n|rule|HP Percentage Mod: HP is shown in percentages\n|clearpoke\n|poke|p1|Wyrdeer, M|\n|poke|p1|Kleavor, M|\n|poke|p1|Ursaluna, F|\n|poke|p1|Basculegion-F, F|\n|poke|p1|Sneasler, F|\n|poke|p1|Overqwil, M|\n|poke|p2|Ceruledge, F|\n|poke|p2|Glimmora, F|\n|poke|p2|Gholdengo|\n|poke|p2|Kingambit, F|\n|poke|p2|Iron Valiant|\n|poke|p2|Dragonite, M|\n|teampreview\n|inactive|Battle timer is ON: inactive players will automatically lose when time's up. (requested by Eldegang)\n|c|\u2606Eldegang|glhf\n|inactive|RSDPM has 120 seconds left.\n|\n|t:|1700073225\n|start\n|switch|p1a: Wyrdeer|Wyrdeer, M|100\/100\n|switch|p2a: Glimmora|Glimmora, F|100\/100\n|turn|1\n|\n|t:|1700073238\n|switch|p2a: Kingambit|Kingambit, F|100\/100\n|move|p1a: Wyrdeer|Agility|p1a: Wyrdeer\n|-boost|p1a: Wyrdeer|spe|2\n|\n|upkeep\n|turn|2\n|\n|t:|1700073248\n|-terastallize|p1a: Wyrdeer|Fighting\n|move|p1a: Wyrdeer|Tera Blast|p2a: Kingambit|[anim] Tera Blast Fighting\n|-supereffective|p2a: Kingambit\n|-damage|p2a: Kingambit|0 fnt\n|faint|p2a: Kingambit\n|-end|p2a: Kingambit|fallenundefined|[silent]\n|\n|upkeep\n|\n|t:|1700073258\n|switch|p2a: Ceruledge|Ceruledge, F|100\/100\n|turn|3\n|\n|t:|1700073271\n|switch|p1a: Overqwil|Overqwil, M|100\/100\n|-ability|p1a: Overqwil|Intimidate|boost\n|-unboost|p2a: Ceruledge|atk|1\n|move|p2a: Ceruledge|Bitter Blade|p1a: Overqwil\n|-damage|p1a: Overqwil|83\/100\n|\n|-heal|p1a: Overqwil|89\/100|[from] item: Black Sludge\n|upkeep\n|turn|4\n|inactive|Eldegang has 120 seconds left.\n|\n|t:|1700073309\n|switch|p2a: Gholdengo|Gholdengo|100\/100\n|-item|p2a: Gholdengo|Air Balloon\n|move|p1a: Overqwil|Spikes|p2a: Gholdengo\n|-sidestart|p2: Eldegang|Spikes\n|\n|-heal|p1a: Overqwil|95\/100|[from] item: Black Sludge\n|upkeep\n|turn|5\n|inactive|Eldegang has 120 seconds left.\n|\n|t:|1700073319\n|move|p2a: Gholdengo|Make It Rain|p1a: Overqwil\n|-damage|p1a: Overqwil|8\/100\n|-unboost|p2a: Gholdengo|spa|1\n|move|p1a: Overqwil|Crunch|p2a: Gholdengo\n|-supereffective|p2a: Gholdengo\n|-damage|p2a: Gholdengo|31\/100\n|-enditem|p2a: Gholdengo|Air Balloon\n|\n|-heal|p1a: Overqwil|14\/100|[from] item: Black Sludge\n|upkeep\n|turn|6\n|inactive|Eldegang has 120 seconds left.\n|\n|t:|1700073331\n|switch|p1a: Basculegion|Basculegion-F, F|100\/100\n|move|p2a: Gholdengo|Make It Rain|p1a: Basculegion\n|-resisted|p1a: Basculegion\n|-damage|p1a: Basculegion|77\/100\n|-unboost|p2a: Gholdengo|spa|1\n|\n|upkeep\n|turn|7\n|inactive|Eldegang has 120 seconds left.\n|inactive|Eldegang has 90 seconds left.\n|\n|t:|1700073378\n|move|p2a: Gholdengo|Shadow Ball|p1a: Basculegion\n|-supereffective|p1a: Basculegion\n|-damage|p1a: Basculegion|25\/100\n|move|p1a: Basculegion|Shadow Ball|p2a: Gholdengo\n|-supereffective|p2a: Gholdengo\n|-crit|p2a: Gholdengo\n|-damage|p2a: Gholdengo|0 fnt\n|faint|p2a: Gholdengo\n|-damage|p1a: Basculegion|15\/100|[from] item: Life Orb\n|\n|upkeep\n|\n|t:|1700073385\n|switch|p2a: Ceruledge|Ceruledge, F|100\/100\n|turn|8\n|\n|t:|1700073392\n|switch|p1a: Ursaluna|Ursaluna, F|100\/100\n|move|p2a: Ceruledge|Shadow Sneak|p1a: Ursaluna\n|-immune|p1a: Ursaluna\n|\n|-status|p1a: Ursaluna|brn|[from] item: Flame Orb\n|upkeep\n|turn|9\n|inactive|Eldegang has 90 seconds left.\n|-message|Eldegang forfeited.\n|\n|win|RSDPM\n|raw|RSDPM's rating: 1273 &rarr; <strong>1298<\/strong><br \/>(+25 for winning)\n|raw|Eldegang's rating: 1279 &rarr; <strong>1254<\/strong><br \/>(-25 for losing)\n|l|\u2606Eldegang\n","uploadtime":1700073457,"views":8,"p1id":"rsdpm","p2id":"eldegang","formatid":"gen9ou","rating":1254,"private":0,"password":""}