{"id":"gen9ou-1999498882","p1":"Onyx Akira","p2":"ghostbomb98","format":"[Gen 9] OU","log":"|j|\u2606Onyx Akira\n|j|\u2606ghostbomb98\n|t:|1701089364\n|gametype|singles\n|player|p1|Onyx Akira|volo|1059\n|player|p2|ghostbomb98|rocketgrunt|1105\n|teamsize|p1|6\n|teamsize|p2|6\n|gen|9\n|tier|[Gen 9] OU\n|rated|\n|rule|Sleep Clause Mod: Limit one foe put to sleep\n|rule|Species Clause: Limit one of each Pok\u00e9mon\n|rule|OHKO Clause: OHKO moves are banned\n|rule|Evasion Items Clause: Evasion items are banned\n|rule|Evasion Moves Clause: Evasion moves are banned\n|rule|Endless Battle Clause: Forcing endless battles is banned\n|rule|HP Percentage Mod: HP is shown in percentages\n|clearpoke\n|poke|p1|Great Tusk|\n|poke|p1|Dragapult, F|\n|poke|p1|Thundurus-Therian, M|\n|poke|p1|Kingambit, F|\n|poke|p1|Slowking-Galar, M|\n|poke|p1|Iron Valiant|\n|poke|p2|Dragapult, F|\n|poke|p2|Clefable, M|\n|poke|p2|Corviknight, M|\n|poke|p2|Tyranitar, M|\n|poke|p2|Mamoswine, F|\n|poke|p2|Espeon, F|\n|teampreview\n|inactive|Battle timer is ON: inactive players will automatically lose when time's up. (requested by ghostbomb98)\n|\n|t:|1701089376\n|start\n|switch|p1a: Great Tusk|Great Tusk|100\/100\n|switch|p2a: MOTHER|Dragapult, F|100\/100\n|turn|1\n|\n|t:|1701089383\n|move|p2a: MOTHER|Draco Meteor|p1a: Great Tusk\n|-damage|p1a: Great Tusk|17\/100\n|-unboost|p2a: MOTHER|spa|2\n|move|p1a: Great Tusk|Knock Off|p2a: MOTHER\n|-supereffective|p2a: MOTHER\n|-damage|p2a: MOTHER|16\/100\n|-enditem|p2a: MOTHER|Wise Glasses|[from] move: Knock Off|[of] p1a: Great Tusk\n|\n|-heal|p1a: Great Tusk|23\/100|[from] item: Leftovers\n|upkeep\n|turn|2\n|\n|t:|1701089395\n|move|p2a: MOTHER|Hex|p1a: Great Tusk\n|-damage|p1a: Great Tusk|4\/100\n|move|p1a: Great Tusk|Knock Off|p2a: MOTHER\n|-supereffective|p2a: MOTHER\n|-damage|p2a: MOTHER|0 fnt\n|faint|p2a: MOTHER\n|\n|-heal|p1a: Great Tusk|10\/100|[from] item: Leftovers\n|upkeep\n|\n|t:|1701089407\n|switch|p2a: Hoax|Espeon, F|100\/100\n|turn|3\n|\n|t:|1701089414\n|-end|p1a: Great Tusk|Protosynthesis|[silent]\n|switch|p1a: Kingambit|Kingambit, F|100\/100\n|move|p2a: Hoax|Psychic|p1a: Kingambit\n|-immune|p1a: Kingambit\n|\n|upkeep\n|turn|4\n|\n|t:|1701089431\n|-terastallize|p2a: Hoax|Fighting\n|move|p2a: Hoax|Yawn|p1a: Kingambit\n|-start|p1a: Kingambit|move: Yawn|[of] p2a: Hoax\n|move|p1a: Kingambit|Swords Dance|p1a: Kingambit\n|-boost|p1a: Kingambit|atk|2\n|\n|upkeep\n|turn|5\n|\n|t:|1701089445\n|switch|p2a: Fragile|Corviknight, M|100\/100\n|switch|p1a: Dragapult|Dragapult, F|100\/100\n|\n|upkeep\n|turn|6\n|\n|t:|1701089453\n|move|p1a: Dragapult|U-turn|p2a: Fragile\n|-resisted|p2a: Fragile\n|-damage|p2a: Fragile|98\/100\n|\n|t:|1701089457\n|switch|p1a: Thundurus|Thundurus-Therian, M|100\/100|[from] U-turn\n|move|p2a: Fragile|Brave Bird|p1a: Thundurus\n|-resisted|p1a: Thundurus\n|-damage|p1a: Thundurus|70\/100\n|-damage|p2a: Fragile|90\/100|[from] Recoil\n|\n|upkeep\n|turn|7\n|\n|t:|1701089464\n|switch|p2a: Lily the princess|Mamoswine, F|100\/100\n|move|p1a: Thundurus|Volt Switch|p2a: Lily the princess\n|-immune|p2a: Lily the princess\n|\n|upkeep\n|turn|8\n|\n|t:|1701089471\n|switch|p1a: Slowking|Slowking-Galar, M|100\/100\n|move|p2a: Lily the princess|Knock Off|p1a: Slowking\n|-supereffective|p1a: Slowking\n|-damage|p1a: Slowking|23\/100\n|-enditem|p1a: Slowking|Black Sludge|[from] move: Knock Off|[of] p2a: Lily the princess\n|\n|upkeep\n|turn|9\n|\n|t:|1701089483\n|switch|p1a: Dragapult|Dragapult, F|100\/100\n|move|p2a: Lily the princess|Knock Off|p1a: Dragapult\n|-supereffective|p1a: Dragapult\n|-damage|p1a: Dragapult|0 fnt\n|-enditem|p1a: Dragapult|Choice Specs|[from] move: Knock Off|[of] p2a: Lily the princess\n|faint|p1a: Dragapult\n|\n|upkeep\n|\n|t:|1701089490\n|switch|p1a: Thundurus|Thundurus-Therian, M|70\/100\n|turn|10\n|\n|t:|1701089495\n|move|p1a: Thundurus|Grass Knot|p2a: Lily the princess\n|-supereffective|p2a: Lily the princess\n|-damage|p2a: Lily the princess|0 fnt\n|faint|p2a: Lily the princess\n|\n|upkeep\n|\n|t:|1701089504\n|switch|p2a: Pablo alrejano|Clefable, M, shiny|100\/100\n|turn|11\n|\n|t:|1701089512\n|switch|p1a: Slowking|Slowking-Galar, M|56\/100\n|move|p2a: Pablo alrejano|Charm|p1a: Slowking\n|-unboost|p1a: Slowking|atk|2\n|\n|upkeep\n|turn|12\n|\n|t:|1701089523\n|switch|p2a: Fragile|Corviknight, M|90\/100\n|move|p1a: Slowking|Future Sight|p2a: Fragile\n|-start|p1a: Slowking|move: Future Sight\n|\n|upkeep\n|turn|13\n|\n|t:|1701089530\n|move|p2a: Fragile|Roost|p2a: Fragile\n|-heal|p2a: Fragile|100\/100\n|-singleturn|p2a: Fragile|move: Roost\n|move|p1a: Slowking|Chilly Reception|p1a: Slowking\n|-weather|Snow\n|\n|t:|1701089537\n|switch|p1a: Thundurus|Thundurus-Therian, M|70\/100|[from] Chilly Reception\n|\n|-weather|Snow|[upkeep]\n|upkeep\n|turn|14\n|\n|t:|1701089561\n|switch|p2a: THE (strong) ROCK|Tyranitar, M|100\/100\n|-weather|Sandstorm|[from] ability: Sand Stream|[of] p2a: THE (strong) ROCK\n|move|p1a: Thundurus|Volt Switch|p2a: THE (strong) ROCK\n|-damage|p2a: THE (strong) ROCK|74\/100\n|\n|t:|1701089568\n|switch|p1a: Great Tusk|Great Tusk|10\/100|[from] Volt Switch\n|\n|-weather|Sandstorm|[upkeep]\n|-end|p2a: THE (strong) ROCK|move: Future Sight\n|-immune|p2a: THE (strong) ROCK\n|-heal|p1a: Great Tusk|16\/100|[from] item: Leftovers\n|upkeep\n|turn|15\n|\n|t:|1701089576\n|switch|p2a: Fragile|Corviknight, M|100\/100\n|move|p1a: Great Tusk|Earthquake|p2a: Fragile\n|-immune|p2a: Fragile\n|\n|-weather|Sandstorm|[upkeep]\n|-heal|p1a: Great Tusk|22\/100|[from] item: Leftovers\n|upkeep\n|turn|16\n|\n|t:|1701089582\n|move|p1a: Great Tusk|Stealth Rock|p2a: Fragile\n|-sidestart|p2: ghostbomb98|move: Stealth Rock\n|move|p2a: Fragile|Brave Bird|p1a: Great Tusk\n|-supereffective|p1a: Great Tusk\n|-damage|p1a: Great Tusk|0 fnt\n|faint|p1a: Great Tusk\n|-end|p1a: Great Tusk|Protosynthesis|[silent]\n|-damage|p2a: Fragile|92\/100|[from] Recoil\n|\n|-weather|Sandstorm|[upkeep]\n|upkeep\n|\n|t:|1701089587\n|switch|p1a: Thundurus|Thundurus-Therian, M|70\/100\n|turn|17\n|\n|t:|1701089599\n|switch|p2a: Pablo alrejano|Clefable, M, shiny|100\/100\n|move|p1a: Thundurus|Thunderbolt|p2a: Pablo alrejano\n|-damage|p2a: Pablo alrejano|55\/100\n|\n|-weather|Sandstorm|[upkeep]\n|-damage|p1a: Thundurus|64\/100|[from] Sandstorm\n|-heal|p2a: Pablo alrejano|61\/100|[from] item: Leftovers\n|upkeep\n|turn|18\n|\n|t:|1701089610\n|move|p1a: Thundurus|Thunderbolt|p2a: Pablo alrejano\n|-damage|p2a: Pablo alrejano|15\/100\n|move|p2a: Pablo alrejano|Moonlight|p2a: Pablo alrejano\n|-heal|p2a: Pablo alrejano|40\/100\n|\n|-weather|none\n|-heal|p2a: Pablo alrejano|46\/100|[from] item: Leftovers\n|upkeep\n|turn|19\n|\n|t:|1701089619\n|move|p1a: Thundurus|Thunderbolt|p2a: Pablo alrejano\n|-damage|p2a: Pablo alrejano|0 fnt\n|faint|p2a: Pablo alrejano\n|\n|upkeep\n|\n|t:|1701089627\n|switch|p2a: Hoax|Espeon, F, tera:Fighting|100\/100\n|-damage|p2a: Hoax|95\/100|[from] Stealth Rock\n|turn|20\n|\n|t:|1701089633\n|move|p1a: Thundurus|Thunderbolt|p2a: Hoax\n|-damage|p2a: Hoax|26\/100\n|move|p2a: Hoax|Psychic|p1a: Thundurus\n|-damage|p1a: Thundurus|0 fnt\n|faint|p1a: Thundurus\n|\n|upkeep\n|\n|t:|1701089639\n|switch|p1a: Iron Valiant|Iron Valiant|100\/100\n|-enditem|p1a: Iron Valiant|Booster Energy\n|-activate|p1a: Iron Valiant|ability: Quark Drive|[fromitem]\n|-start|p1a: Iron Valiant|quarkdrivespe\n|turn|21\n|\n|t:|1701089647\n|move|p1a: Iron Valiant|Moonblast|p2a: Hoax\n|-supereffective|p2a: Hoax\n|-damage|p2a: Hoax|0 fnt\n|faint|p2a: Hoax\n|\n|upkeep\n|\n|t:|1701089651\n|switch|p2a: Fragile|Corviknight, M|92\/100\n|turn|22\n|\n|t:|1701089657\n|move|p1a: Iron Valiant|Thunderbolt|p2a: Fragile\n|-supereffective|p2a: Fragile\n|-damage|p2a: Fragile|30\/100\n|-status|p2a: Fragile|par\n|move|p2a: Fragile|Iron Head|p1a: Iron Valiant\n|-supereffective|p1a: Iron Valiant\n|-damage|p1a: Iron Valiant|33\/100\n|\n|upkeep\n|turn|23\n|\n|t:|1701089666\n|move|p1a: Iron Valiant|Thunderbolt|p2a: Fragile\n|-supereffective|p2a: Fragile\n|-damage|p2a: Fragile|0 fnt\n|faint|p2a: Fragile\n|\n|upkeep\n|\n|t:|1701089668\n|switch|p2a: THE (strong) ROCK|Tyranitar, M|74\/100\n|-damage|p2a: THE (strong) ROCK|61\/100|[from] Stealth Rock\n|-weather|Sandstorm|[from] ability: Sand Stream|[of] p2a: THE (strong) ROCK\n|turn|24\n|\n|t:|1701089677\n|move|p1a: Iron Valiant|Aura Sphere|p2a: THE (strong) ROCK\n|-supereffective|p2a: THE (strong) ROCK\n|-damage|p2a: THE (strong) ROCK|0 fnt\n|faint|p2a: THE (strong) ROCK\n|\n|win|Onyx Akira\n|raw|Onyx Akira's rating: 1059 &rarr; <strong>1094<\/strong><br \/>(+35 for winning)\n|raw|ghostbomb98's rating: 1105 &rarr; <strong>1077<\/strong><br \/>(-28 for losing)\n|l|\u2606ghostbomb98\n|c|\u2606Onyx Akira|Gg\n","uploadtime":1701089693,"views":10,"p1id":"onyxakira","p2id":"ghostbomb98","formatid":"gen9ou","rating":1077,"private":0,"password":""}