{"id":"gen9ou-1999613197","p1":"drake38","p2":"DA Scizor Enjoyer","format":"[Gen 9] OU","log":"|j|\u2606drake38\n|j|\u2606DA Scizor Enjoyer\n|t:|1701101226\n|gametype|singles\n|player|p1|drake38|hilbert-wonderlauncher|1280\n|player|p2|DA Scizor Enjoyer|turo-ai|1261\n|teamsize|p1|6\n|teamsize|p2|6\n|gen|9\n|tier|[Gen 9] OU\n|rated|\n|rule|Sleep Clause Mod: Limit one foe put to sleep\n|rule|Species Clause: Limit one of each Pok\u00e9mon\n|rule|OHKO Clause: OHKO moves are banned\n|rule|Evasion Items Clause: Evasion items are banned\n|rule|Evasion Moves Clause: Evasion moves are banned\n|rule|Endless Battle Clause: Forcing endless battles is banned\n|rule|HP Percentage Mod: HP is shown in percentages\n|clearpoke\n|poke|p1|Walking Wake|\n|poke|p1|Iron Moth|\n|poke|p1|Scizor, M|\n|poke|p1|Hydreigon, M|\n|poke|p1|Landorus-Therian, M|\n|poke|p1|Kingambit, M|\n|poke|p2|Thundurus-Therian, M|\n|poke|p2|Weavile, M|\n|poke|p2|Scizor, M|\n|poke|p2|Ogerpon-Cornerstone, F|\n|poke|p2|Heatran, F|\n|poke|p2|Toxapex, F|\n|teampreview\n|inactive|Battle timer is ON: inactive players will automatically lose when time's up. (requested by DA Scizor Enjoyer)\n|inactive|DA Scizor Enjoyer has 120 seconds left.\n|l|\u2606drake38\n|inactive|drake38 disconnected and has a minute to reconnect!\n|player|p1|\n|\n|t:|1701101281\n|start\n|switch|p1a: Hydreigon|Hydreigon, M|100\/100\n|switch|p2a: Ogerpon|Ogerpon-Cornerstone, F|100\/100\n|turn|1\n|inactive|drake38 has 30 seconds to reconnect!\n|inactive|drake38 has 20 seconds to reconnect!\n|inactive|drake38 has 15 seconds to reconnect!\n|j|\u2606drake38\n|inactive|drake38 reconnected and has 105 seconds left.\n|player|p1|drake38|hilbert-wonderlauncher\n|inactive|drake38 has 90 seconds left.\n|\n|t:|1701101342\n|move|p2a: Ogerpon|Ivy Cudgel|p1a: Hydreigon|[anim] Ivy Cudgel Rock\n|-damage|p1a: Hydreigon|31\/100\n|move|p1a: Hydreigon|Thunder Wave|p2a: Ogerpon|[miss]\n|-miss|p1a: Hydreigon|p2a: Ogerpon\n|\n|upkeep\n|turn|2\n|\n|t:|1701101351\n|switch|p1a: Landorus|Landorus-Therian, M|100\/100\n|-ability|p1a: Landorus|Intimidate|boost\n|-unboost|p2a: Ogerpon|atk|1\n|move|p2a: Ogerpon|Ivy Cudgel|p1a: Landorus|[anim] Ivy Cudgel Rock\n|-damage|p1a: Landorus|52\/100\n|\n|-heal|p1a: Landorus|58\/100|[from] item: Leftovers\n|upkeep\n|turn|3\n|\n|t:|1701101367\n|switch|p2a: Stonks|Thundurus-Therian, M|100\/100\n|move|p1a: Landorus|Stealth Rock|p2a: Stonks\n|-sidestart|p2: DA Scizor Enjoyer|move: Stealth Rock\n|\n|-heal|p1a: Landorus|64\/100|[from] item: Leftovers\n|upkeep\n|turn|4\n|\n|t:|1701101379\n|move|p2a: Stonks|Knock Off|p1a: Landorus\n|-damage|p1a: Landorus|35\/100\n|-enditem|p1a: Landorus|Leftovers|[from] move: Knock Off|[of] p2a: Stonks\n|move|p1a: Landorus|U-turn|p2a: Stonks\n|-resisted|p2a: Stonks\n|-damage|p2a: Stonks|78\/100\n|inactive|drake38 has 90 seconds left.\n|\n|t:|1701101405\n|switch|p1a: Walking Wake|Walking Wake|100\/100|[from] U-turn\n|-enditem|p1a: Walking Wake|Booster Energy\n|-activate|p1a: Walking Wake|ability: Protosynthesis|[fromitem]\n|-start|p1a: Walking Wake|protosynthesisspe\n|\n|upkeep\n|turn|5\n|\n|t:|1701101415\n|switch|p2a: Toxapex|Toxapex, F|100\/100\n|-damage|p2a: Toxapex|88\/100|[from] Stealth Rock\n|move|p1a: Walking Wake|Scald|p2a: Toxapex\n|-resisted|p2a: Toxapex\n|-damage|p2a: Toxapex|76\/100\n|-status|p2a: Toxapex|brn\n|\n|-damage|p2a: Toxapex|70\/100 brn|[from] brn\n|upkeep\n|turn|6\n|\n|t:|1701101425\n|move|p1a: Walking Wake|Knock Off|p2a: Toxapex\n|-damage|p2a: Toxapex|55\/100 brn\n|-enditem|p2a: Toxapex|Assault Vest|[from] move: Knock Off|[of] p1a: Walking Wake\n|move|p2a: Toxapex|Sludge Bomb|p1a: Walking Wake\n|-damage|p1a: Walking Wake|65\/100\n|-status|p1a: Walking Wake|psn\n|\n|-damage|p1a: Walking Wake|53\/100 psn|[from] psn\n|-damage|p2a: Toxapex|49\/100 brn|[from] brn\n|upkeep\n|turn|7\n|inactive|drake38 has 90 seconds left.\n|\n|t:|1701101436\n|move|p1a: Walking Wake|Scald|p2a: Toxapex\n|-resisted|p2a: Toxapex\n|-damage|p2a: Toxapex|32\/100 brn\n|move|p2a: Toxapex|Infestation|p1a: Walking Wake\n|-damage|p1a: Walking Wake|47\/100 psn\n|-activate|p1a: Walking Wake|move: Infestation|[of] p2a: Toxapex\n|\n|-damage|p1a: Walking Wake|35\/100 psn|[from] psn\n|-damage|p2a: Toxapex|26\/100 brn|[from] brn\n|-damage|p1a: Walking Wake|23\/100 psn|[from] move: Infestation|[partiallytrapped]\n|upkeep\n|turn|8\n|inactive|drake38 has 90 seconds left.\n|\n|t:|1701101448\n|move|p1a: Walking Wake|Tera Blast|p2a: Toxapex\n|-damage|p2a: Toxapex|3\/100 brn\n|move|p2a: Toxapex|Sludge Bomb|p1a: Walking Wake\n|-damage|p1a: Walking Wake|0 fnt\n|faint|p1a: Walking Wake\n|-end|p1a: Walking Wake|Protosynthesis|[silent]\n|\n|-damage|p2a: Toxapex|0 fnt|[from] brn\n|faint|p2a: Toxapex\n|upkeep\n|inactive|drake38 has 90 seconds left.\n|\n|t:|1701101458\n|switch|p1a: Hydreigon|Hydreigon, M|31\/100\n|switch|p2a: Not Mega Scizor|Scizor, M|100\/100\n|-damage|p2a: Not Mega Scizor|88\/100|[from] Stealth Rock\n|turn|9\n|\n|t:|1701101467\n|switch|p1a: Landorus|Landorus-Therian, M|35\/100\n|-ability|p1a: Landorus|Intimidate|boost\n|-unboost|p2a: Not Mega Scizor|atk|1\n|move|p2a: Not Mega Scizor|Bullet Punch|p1a: Landorus\n|-damage|p1a: Landorus|7\/100\n|\n|-heal|p2a: Not Mega Scizor|94\/100|[from] item: Leftovers\n|upkeep\n|turn|10\n|inactive|drake38 has 90 seconds left.\n|\n|t:|1701101487\n|switch|p1a: Scizor|Scizor, M|100\/100\n|move|p2a: Not Mega Scizor|Bullet Punch|p1a: Scizor\n|-resisted|p1a: Scizor\n|-damage|p1a: Scizor|89\/100\n|\n|-heal|p2a: Not Mega Scizor|100\/100|[from] item: Leftovers\n|upkeep\n|turn|11\n|inactive|drake38 has 90 seconds left.\n|\n|t:|1701101501\n|switch|p2a: Heatran|Heatran, F|100\/100\n|-damage|p2a: Heatran|88\/100|[from] Stealth Rock\n|move|p1a: Scizor|Close Combat|p2a: Heatran\n|-supereffective|p2a: Heatran\n|-damage|p2a: Heatran|0 fnt\n|-unboost|p1a: Scizor|def|1\n|-unboost|p1a: Scizor|spd|1\n|faint|p2a: Heatran\n|\n|upkeep\n|\n|t:|1701101512\n|switch|p2a: Stonks|Thundurus-Therian, M|78\/100\n|turn|12\n|\n|t:|1701101516\n|switch|p1a: Landorus|Landorus-Therian, M|7\/100\n|-ability|p1a: Landorus|Intimidate|boost\n|-unboost|p2a: Stonks|atk|1\n|move|p2a: Stonks|Knock Off|p1a: Landorus\n|-damage|p1a: Landorus|0 fnt\n|faint|p1a: Landorus\n|\n|upkeep\n|\n|t:|1701101530\n|switch|p1a: Iron Moth|Iron Moth|100\/100\n|-enditem|p1a: Iron Moth|Booster Energy\n|-activate|p1a: Iron Moth|ability: Quark Drive|[fromitem]\n|-start|p1a: Iron Moth|quarkdrivespe\n|turn|13\n|inactive|DA Scizor Enjoyer has 120 seconds left.\n|\n|t:|1701101566\n|move|p1a: Iron Moth|Fiery Dance|p2a: Stonks\n|-damage|p2a: Stonks|25\/100\n|-boost|p1a: Iron Moth|spa|1\n|move|p2a: Stonks|Volt Switch|p1a: Iron Moth\n|-damage|p1a: Iron Moth|64\/100\n|\n|t:|1701101572\n|switch|p2a: Not Mega Scizor|Scizor, M|100\/100|[from] Volt Switch\n|-damage|p2a: Not Mega Scizor|88\/100|[from] Stealth Rock\n|\n|-heal|p2a: Not Mega Scizor|94\/100|[from] item: Leftovers\n|upkeep\n|turn|14\n|\n|t:|1701101579\n|-terastallize|p2a: Not Mega Scizor|Fire\n|move|p1a: Iron Moth|Fiery Dance|p2a: Not Mega Scizor\n|-resisted|p2a: Not Mega Scizor\n|-damage|p2a: Not Mega Scizor|55\/100\n|-boost|p1a: Iron Moth|spa|1\n|move|p2a: Not Mega Scizor|Swords Dance|p2a: Not Mega Scizor\n|-boost|p2a: Not Mega Scizor|atk|2\n|\n|-heal|p2a: Not Mega Scizor|61\/100|[from] item: Leftovers\n|upkeep\n|turn|15\n|inactive|drake38 has 120 seconds left.\n|\n|t:|1701101591\n|move|p2a: Not Mega Scizor|Bullet Punch|p1a: Iron Moth\n|-resisted|p1a: Iron Moth\n|-damage|p1a: Iron Moth|14\/100\n|move|p1a: Iron Moth|Sludge Wave|p2a: Not Mega Scizor\n|-damage|p2a: Not Mega Scizor|0 fnt\n|faint|p2a: Not Mega Scizor\n|\n|upkeep\n|\n|t:|1701101600\n|switch|p2a: Sneasler v0.3|Weavile, M|100\/100\n|-ability|p2a: Sneasler v0.3|Pressure\n|turn|16\n|\n|t:|1701101607\n|move|p2a: Sneasler v0.3|Ice Shard|p1a: Iron Moth\n|-resisted|p1a: Iron Moth\n|-crit|p1a: Iron Moth\n|-damage|p1a: Iron Moth|0 fnt\n|faint|p1a: Iron Moth\n|-end|p1a: Iron Moth|Quark Drive|[silent]\n|\n|upkeep\n|\n|t:|1701101613\n|switch|p1a: Scizor|Scizor, M|89\/100\n|turn|17\n|\n|t:|1701101617\n|switch|p2a: Ogerpon|Ogerpon-Cornerstone, F|100\/100\n|-damage|p2a: Ogerpon|88\/100|[from] Stealth Rock\n|move|p1a: Scizor|Bullet Punch|p2a: Ogerpon\n|-supereffective|p2a: Ogerpon\n|-damage|p2a: Ogerpon|0 fnt\n|faint|p2a: Ogerpon\n|\n|upkeep\n|\n|t:|1701101619\n|switch|p2a: Stonks|Thundurus-Therian, M|25\/100\n|turn|18\n|\n|t:|1701101627\n|-terastallize|p1a: Scizor|Steel\n|move|p1a: Scizor|Bullet Punch|p2a: Stonks\n|-resisted|p2a: Stonks\n|-damage|p2a: Stonks|0 fnt\n|faint|p2a: Stonks\n|\n|upkeep\n|l|\u2606DA Scizor Enjoyer\n|inactive|DA Scizor Enjoyer disconnected and has a minute to reconnect!\n|player|p2|\n|inactive|DA Scizor Enjoyer has 30 seconds to reconnect!\n|inactive|DA Scizor Enjoyer has 20 seconds to reconnect!\n|inactive|DA Scizor Enjoyer has 15 seconds to reconnect!\n|inactive|DA Scizor Enjoyer has 10 seconds to reconnect!\n|inactive|DA Scizor Enjoyer has 5 seconds to reconnect!\n|-message|DA Scizor Enjoyer lost due to inactivity.\n|\n|win|drake38\n|raw|drake38's rating: 1280 &rarr; <strong>1304<\/strong><br \/>(+24 for winning)\n|raw|DA Scizor Enjoyer's rating: 1261 &rarr; <strong>1237<\/strong><br \/>(-24 for losing)\n","uploadtime":1701101715,"views":2,"p1id":"drake38","p2id":"dascizorenjoyer","formatid":"gen9ou","rating":1237,"private":0,"password":""}