{"id":"gen9ou-1993268014","p1":"vdoubleu","p2":"wooloo supremacy","format":"[Gen 9] OU","log":"|j|\u2606vdoubleu\n|j|\u2606wooloo supremacy\n|t:|1700287187\n|gametype|singles\n|player|p1|vdoubleu|102|1529\n|player|p2|wooloo supremacy|adaman|1743\n|teamsize|p1|6\n|teamsize|p2|6\n|gen|9\n|tier|[Gen 9] OU\n|rated|\n|rule|Sleep Clause Mod: Limit one foe put to sleep\n|rule|Species Clause: Limit one of each Pok\u00e9mon\n|rule|OHKO Clause: OHKO moves are banned\n|rule|Evasion Items Clause: Evasion items are banned\n|rule|Evasion Moves Clause: Evasion moves are banned\n|rule|Endless Battle Clause: Forcing endless battles is banned\n|rule|HP Percentage Mod: HP is shown in percentages\n|clearpoke\n|poke|p1|Dondozo, F|\n|poke|p1|Blissey, F|\n|poke|p1|Toxapex, M|\n|poke|p1|Clefable, F|\n|poke|p1|Tornadus-Therian, M|\n|poke|p1|Corviknight, F|\n|poke|p2|Great Tusk|\n|poke|p2|Hatterene, F|\n|poke|p2|Dondozo, F|\n|poke|p2|Mandibuzz, F|\n|poke|p2|Heatran, F|\n|poke|p2|Dragapult, M|\n|teampreview\n|inactive|Battle timer is ON: inactive players will automatically lose when time's up. (requested by wooloo supremacy)\n|j| SandGetsEverywhere\n|l| SandGetsEverywhere\n|inactive|wooloo supremacy has 120 seconds left.\n|\n|t:|1700287246\n|start\n|switch|p1a: Tornadus|Tornadus-Therian, M|100\/100\n|switch|p2a: Dragapult|Dragapult, M|100\/100\n|turn|1\n|\n|t:|1700287252\n|switch|p1a: Toxapex|Toxapex, M|100\/100\n|move|p2a: Dragapult|U-turn|p1a: Toxapex\n|-resisted|p1a: Toxapex\n|-damage|p1a: Toxapex|94\/100\n|\n|t:|1700287257\n|switch|p2a: Heatran|Heatran, F|100\/100|[from] U-turn\n|\n|upkeep\n|turn|2\n|\n|t:|1700287261\n|switch|p1a: Blissey|Blissey, F|100\/100\n|move|p2a: Heatran|Protect||[still]\n|-fail|p2a: Heatran\n|\n|upkeep\n|turn|3\n|\n|t:|1700287266\n|switch|p2a: Hatterene|Hatterene, F|100\/100\n|move|p1a: Blissey|Seismic Toss|p2a: Hatterene\n|-damage|p2a: Hatterene|69\/100\n|\n|-heal|p2a: Hatterene|75\/100|[from] item: Leftovers\n|upkeep\n|turn|4\n|\n|t:|1700287274\n|switch|p1a: Toxapex|Toxapex, M|100\/100\n|switch|p2a: Dragapult|Dragapult, M|100\/100\n|\n|upkeep\n|turn|5\n|\n|t:|1700287279\n|switch|p2a: Hatterene|Hatterene, F|75\/100\n|move|p1a: Toxapex|Infestation|p2a: Hatterene\n|-damage|p2a: Hatterene|72\/100\n|-activate|p2a: Hatterene|move: Infestation|[of] p1a: Toxapex\n|\n|-heal|p2a: Hatterene|78\/100|[from] item: Leftovers\n|-damage|p2a: Hatterene|66\/100|[from] move: Infestation|[partiallytrapped]\n|upkeep\n|turn|6\n|\n|t:|1700287287\n|move|p2a: Hatterene|Calm Mind|p2a: Hatterene\n|-boost|p2a: Hatterene|spa|1\n|-boost|p2a: Hatterene|spd|1\n|move|p1a: Toxapex|Infestation|p2a: Hatterene\n|-damage|p2a: Hatterene|64\/100\n|\n|-heal|p2a: Hatterene|70\/100|[from] item: Leftovers\n|-damage|p2a: Hatterene|57\/100|[from] move: Infestation|[partiallytrapped]\n|upkeep\n|turn|7\n|\n|t:|1700287298\n|move|p2a: Hatterene|Nuzzle|p1a: Toxapex\n|-supereffective|p1a: Toxapex\n|-damage|p1a: Toxapex|94\/100\n|-status|p1a: Toxapex|par\n|cant|p1a: Toxapex|par\n|\n|-heal|p2a: Hatterene|63\/100|[from] item: Leftovers\n|-damage|p2a: Hatterene|51\/100|[from] move: Infestation|[partiallytrapped]\n|upkeep\n|turn|8\n|\n|t:|1700287302\n|move|p2a: Hatterene|Psyshock|p1a: Toxapex\n|-supereffective|p1a: Toxapex\n|-damage|p1a: Toxapex|8\/100 par\n|cant|p1a: Toxapex|par\n|\n|-heal|p2a: Hatterene|57\/100|[from] item: Leftovers\n|-damage|p2a: Hatterene|45\/100|[from] move: Infestation|[partiallytrapped]\n|upkeep\n|turn|9\n|j| Porycomingback\n|l| Porycomingback\n|\n|t:|1700287310\n|switch|p1a: Dondozo|Dondozo, F|100\/100\n|move|p2a: Hatterene|Nuzzle|p1a: Dondozo\n|-supereffective|p1a: Dondozo\n|-damage|p1a: Dondozo|97\/100\n|-status|p1a: Dondozo|par\n|\n|-heal|p2a: Hatterene|51\/100|[from] item: Leftovers\n|-end|p2a: Hatterene|Infestation|[partiallytrapped]\n|upkeep\n|turn|10\n|\n|t:|1700287315\n|move|p2a: Hatterene|Draining Kiss|p1a: Dondozo\n|-damage|p1a: Dondozo|74\/100 par\n|-heal|p2a: Hatterene|78\/100|[from] drain|[of] p1a: Dondozo\n|move|p1a: Dondozo|Liquidation|p2a: Hatterene\n|-damage|p2a: Hatterene|54\/100\n|\n|-heal|p2a: Hatterene|60\/100|[from] item: Leftovers\n|upkeep\n|turn|11\n|\n|t:|1700287324\n|move|p2a: Hatterene|Draining Kiss|p1a: Dondozo\n|-damage|p1a: Dondozo|53\/100 par\n|-heal|p2a: Hatterene|85\/100|[from] drain|[of] p1a: Dondozo\n|cant|p1a: Dondozo|par\n|\n|-heal|p2a: Hatterene|91\/100|[from] item: Leftovers\n|upkeep\n|turn|12\n|\n|t:|1700287331\n|move|p2a: Hatterene|Nuzzle|p1a: Dondozo\n|-supereffective|p1a: Dondozo\n|-damage|p1a: Dondozo|48\/100 par\n|move|p1a: Dondozo|Liquidation|p2a: Hatterene\n|-damage|p2a: Hatterene|66\/100\n|\n|-heal|p2a: Hatterene|72\/100|[from] item: Leftovers\n|upkeep\n|turn|13\n|\n|t:|1700287334\n|move|p2a: Hatterene|Draining Kiss|p1a: Dondozo\n|-damage|p1a: Dondozo|25\/100 par\n|-heal|p2a: Hatterene|99\/100|[from] drain|[of] p1a: Dondozo\n|move|p1a: Dondozo|Rest|p1a: Dondozo\n|-status|p1a: Dondozo|slp|[from] move: Rest\n|-heal|p1a: Dondozo|100\/100 slp|[silent]\n|\n|-heal|p2a: Hatterene|100\/100|[from] item: Leftovers\n|upkeep\n|turn|14\n|\n|t:|1700287346\n|move|p2a: Hatterene|Nuzzle|p1a: Dondozo\n|-supereffective|p1a: Dondozo\n|-damage|p1a: Dondozo|97\/100 slp\n|cant|p1a: Dondozo|slp\n|move|p1a: Dondozo|Sleep Talk|p1a: Dondozo\n|move|p1a: Dondozo|Rest||[from]move: Sleep Talk|[still]\n|-fail|p1a: Dondozo\n|\n|upkeep\n|turn|15\n|\n|t:|1700287352\n|switch|p1a: Toxapex|Toxapex, M|42\/100 par\n|move|p2a: Hatterene|Calm Mind|p2a: Hatterene\n|-boost|p2a: Hatterene|spa|1\n|-boost|p2a: Hatterene|spd|1\n|\n|upkeep\n|turn|16\n|\n|t:|1700287365\n|-terastallize|p1a: Toxapex|Steel\n|move|p2a: Hatterene|Psyshock|p1a: Toxapex\n|-resisted|p1a: Toxapex\n|-damage|p1a: Toxapex|15\/100 par\n|cant|p1a: Toxapex|par\n|\n|upkeep\n|turn|17\n|\n|t:|1700287376\n|switch|p1a: Dondozo|Dondozo, F|97\/100 slp\n|move|p2a: Hatterene|Draining Kiss|p1a: Dondozo\n|-damage|p1a: Dondozo|73\/100 slp\n|\n|upkeep\n|turn|18\n|\n|t:|1700287386\n|switch|p2a: Dragapult|Dragapult, M|100\/100\n|cant|p1a: Dondozo|slp\n|\n|upkeep\n|turn|19\n|\n|t:|1700287395\n|switch|p1a: Blissey|Blissey, F|100\/100\n|move|p2a: Dragapult|U-turn|p1a: Blissey\n|-damage|p1a: Blissey|68\/100\n|\n|t:|1700287400\n|switch|p2a: Mandibuzz|Mandibuzz, F|100\/100|[from] U-turn\n|\n|upkeep\n|turn|20\n|\n|t:|1700287404\n|switch|p1a: Tornadus|Tornadus-Therian, M|100\/100\n|move|p2a: Mandibuzz|U-turn|p1a: Tornadus\n|-resisted|p1a: Tornadus\n|-damage|p1a: Tornadus|92\/100\n|\n|t:|1700287409\n|switch|p2a: Dragapult|Dragapult, M|100\/100|[from] U-turn\n|\n|upkeep\n|turn|21\n|\n|t:|1700287414\n|move|p2a: Dragapult|Draco Meteor|p1a: Tornadus|[miss]\n|-miss|p2a: Dragapult|p1a: Tornadus\n|move|p1a: Tornadus|Knock Off|p2a: Dragapult\n|-supereffective|p2a: Dragapult\n|-damage|p2a: Dragapult|46\/100\n|-enditem|p2a: Dragapult|Choice Specs|[from] move: Knock Off|[of] p1a: Tornadus\n|\n|upkeep\n|turn|22\n|\n|t:|1700287421\n|switch|p1a: Blissey|Blissey, F|68\/100\n|move|p2a: Dragapult|U-turn|p1a: Blissey\n|-damage|p1a: Blissey|32\/100\n|\n|t:|1700287425\n|switch|p2a: Great Tusk|Great Tusk|100\/100|[from] U-turn\n|\n|upkeep\n|turn|23\n|\n|t:|1700287433\n|switch|p1a: Corviknight|Corviknight, F|100\/100\n|-ability|p1a: Corviknight|Pressure\n|move|p2a: Great Tusk|Close Combat|p1a: Corviknight\n|-damage|p1a: Corviknight|40\/100\n|-unboost|p2a: Great Tusk|def|1\n|-unboost|p2a: Great Tusk|spd|1\n|\n|-heal|p1a: Corviknight|47\/100|[from] item: Leftovers\n|upkeep\n|turn|24\n|\n|t:|1700287440\n|switch|p1a: Clefable|Clefable, F|100\/100\n|move|p2a: Great Tusk|Close Combat|p1a: Clefable\n|-resisted|p1a: Clefable\n|-damage|p1a: Clefable|63\/100\n|-unboost|p2a: Great Tusk|def|1\n|-unboost|p2a: Great Tusk|spd|1\n|\n|-heal|p1a: Clefable|70\/100|[from] item: Leftovers\n|upkeep\n|turn|25\n|\n|t:|1700287446\n|-end|p2a: Great Tusk|Protosynthesis|[silent]\n|switch|p2a: Heatran|Heatran, F|100\/100\n|move|p1a: Clefable|Wish|p1a: Clefable\n|\n|-heal|p1a: Clefable|76\/100|[from] item: Leftovers\n|upkeep\n|turn|26\n|\n|t:|1700287451\n|switch|p1a: Blissey|Blissey, F|32\/100\n|move|p2a: Heatran|Magma Storm|p1a: Blissey\n|-damage|p1a: Blissey|21\/100\n|-activate|p1a: Blissey|move: Magma Storm|[of] p2a: Heatran\n|\n|-heal|p1a: Blissey|49\/100|[from] move: Wish|[wisher] Clefable\n|-damage|p1a: Blissey|36\/100|[from] move: Magma Storm|[partiallytrapped]\n|upkeep\n|turn|27\n|\n|t:|1700287456\n|move|p2a: Heatran|Taunt|p1a: Blissey\n|-start|p1a: Blissey|move: Taunt\n|cant|p1a: Blissey|move: Taunt|Soft-Boiled\n|\n|-damage|p1a: Blissey|24\/100|[from] move: Magma Storm|[partiallytrapped]\n|upkeep\n|turn|28\n|\n|t:|1700287461\n|move|p2a: Heatran|Protect|p2a: Heatran\n|-singleturn|p2a: Heatran|Protect\n|move|p1a: Blissey|Seismic Toss|p2a: Heatran\n|-activate|p2a: Heatran|move: Protect\n|\n|-damage|p1a: Blissey|11\/100|[from] move: Magma Storm|[partiallytrapped]\n|upkeep\n|turn|29\n|\n|t:|1700287464\n|move|p2a: Heatran|Earth Power|p1a: Blissey\n|-damage|p1a: Blissey|4\/100\n|move|p1a: Blissey|Seismic Toss|p2a: Heatran\n|-damage|p2a: Heatran|75\/100\n|\n|-heal|p2a: Heatran|81\/100|[from] item: Leftovers\n|-damage|p1a: Blissey|0 fnt|[from] move: Magma Storm|[partiallytrapped]\n|faint|p1a: Blissey\n|upkeep\n|j| PantyPhantom\n|\n|t:|1700287479\n|switch|p1a: Dondozo|Dondozo, F|73\/100 slp\n|turn|30\n|\n|t:|1700287484\n|move|p2a: Heatran|Taunt|p1a: Dondozo\n|-start|p1a: Dondozo|move: Taunt\n|-curestatus|p1a: Dondozo|slp|[msg]\n|move|p1a: Dondozo|Liquidation|p2a: Heatran\n|-supereffective|p2a: Heatran\n|-damage|p2a: Heatran|32\/100\n|\n|-heal|p2a: Heatran|39\/100|[from] item: Leftovers\n|upkeep\n|turn|31\n|\n|t:|1700287490\n|move|p2a: Heatran|Protect|p2a: Heatran\n|-singleturn|p2a: Heatran|Protect\n|move|p1a: Dondozo|Liquidation|p2a: Heatran\n|-activate|p2a: Heatran|move: Protect\n|\n|-heal|p2a: Heatran|45\/100|[from] item: Leftovers\n|upkeep\n|turn|32\n|\n|t:|1700287495\n|switch|p2a: Dondozo|Dondozo, F|100\/100\n|move|p1a: Dondozo|Liquidation|p2a: Dondozo\n|-resisted|p2a: Dondozo\n|-damage|p2a: Dondozo|92\/100\n|\n|-heal|p2a: Dondozo|99\/100|[from] item: Leftovers\n|-end|p1a: Dondozo|move: Taunt\n|upkeep\n|turn|33\n|j| SandGetsEverywhere\n|\n|t:|1700287501\n|switch|p1a: Toxapex|Toxapex, M, tera:Steel|48\/100 par\n|move|p2a: Dondozo|Liquidation|p1a: Toxapex\n|-damage|p1a: Toxapex|27\/100 par\n|-unboost|p1a: Toxapex|def|1\n|\n|-heal|p2a: Dondozo|100\/100|[from] item: Leftovers\n|upkeep\n|turn|34\n|\n|t:|1700287509\n|switch|p2a: Heatran|Heatran, F|45\/100\n|move|p1a: Toxapex|Recover|p1a: Toxapex\n|-heal|p1a: Toxapex|77\/100 par\n|\n|-heal|p2a: Heatran|51\/100|[from] item: Leftovers\n|upkeep\n|turn|35\n|\n|t:|1700287516\n|switch|p1a: Dondozo|Dondozo, F|73\/100\n|move|p2a: Heatran|Magma Storm|p1a: Dondozo\n|-resisted|p1a: Dondozo\n|-damage|p1a: Dondozo|53\/100\n|-activate|p1a: Dondozo|move: Magma Storm|[of] p2a: Heatran\n|\n|-heal|p2a: Heatran|57\/100|[from] item: Leftovers\n|-damage|p1a: Dondozo|40\/100|[from] move: Magma Storm|[partiallytrapped]\n|upkeep\n|turn|36\n|\n|t:|1700287525\n|move|p2a: Heatran|Protect|p2a: Heatran\n|-singleturn|p2a: Heatran|Protect\n|move|p1a: Dondozo|Liquidation|p2a: Heatran\n|-activate|p2a: Heatran|move: Protect\n|\n|-heal|p2a: Heatran|64\/100|[from] item: Leftovers\n|-damage|p1a: Dondozo|28\/100|[from] move: Magma Storm|[partiallytrapped]\n|upkeep\n|turn|37\n|\n|t:|1700287530\n|move|p2a: Heatran|Earth Power|p1a: Dondozo\n|-damage|p1a: Dondozo|1\/100\n|-unboost|p1a: Dondozo|spd|1\n|move|p1a: Dondozo|Rest|p1a: Dondozo\n|-status|p1a: Dondozo|slp|[from] move: Rest\n|-heal|p1a: Dondozo|100\/100 slp|[silent]\n|\n|-heal|p2a: Heatran|70\/100|[from] item: Leftovers\n|-damage|p1a: Dondozo|88\/100 slp|[from] move: Magma Storm|[partiallytrapped]\n|upkeep\n|turn|38\n|\n|t:|1700287536\n|move|p2a: Heatran|Taunt|p1a: Dondozo\n|-start|p1a: Dondozo|move: Taunt\n|cant|p1a: Dondozo|slp\n|cant|p1a: Dondozo|move: Taunt|Sleep Talk\n|\n|-heal|p2a: Heatran|76\/100|[from] item: Leftovers\n|-damage|p1a: Dondozo|75\/100 slp|[from] move: Magma Storm|[partiallytrapped]\n|upkeep\n|turn|39\n|\n|t:|1700287538\n|move|p2a: Heatran|Earth Power|p1a: Dondozo\n|-damage|p1a: Dondozo|39\/100 slp\n|cant|p1a: Dondozo|slp\n|\n|-heal|p2a: Heatran|82\/100|[from] item: Leftovers\n|-end|p1a: Dondozo|Magma Storm|[partiallytrapped]\n|upkeep\n|turn|40\n|-message|vdoubleu forfeited.\n|\n|win|wooloo supremacy\n|raw|vdoubleu's rating: 1529 &rarr; <strong>1521<\/strong><br \/>(-8 for losing)\n|raw|wooloo supremacy's rating: 1759 &rarr; <strong>1767<\/strong><br \/>(+8 for winning)\n|l|\u2606vdoubleu\n","uploadtime":1700287547,"views":10,"p1id":"vdoubleu","p2id":"wooloosupremacy","formatid":"gen9ou","rating":1521,"private":0,"password":""}