{"id":"gen9ou-1997332013","p1":"Nightngale","p2":"rogo2030","format":"[Gen 9] OU","log":"|j|\u2606Nightngale\n|j|\u2606rogo2030\n|t:|1700790465\n|gametype|singles\n|player|p1|Nightngale|169|1352\n|player|p2|rogo2030|170|1244\n|teamsize|p1|6\n|teamsize|p2|6\n|gen|9\n|tier|[Gen 9] OU\n|rated|\n|rule|Sleep Clause Mod: Limit one foe put to sleep\n|rule|Species Clause: Limit one of each Pok\u00e9mon\n|rule|OHKO Clause: OHKO moves are banned\n|rule|Evasion Items Clause: Evasion items are banned\n|rule|Evasion Moves Clause: Evasion moves are banned\n|rule|Endless Battle Clause: Forcing endless battles is banned\n|rule|HP Percentage Mod: HP is shown in percentages\n|clearpoke\n|poke|p1|Meowscarada, F|\n|poke|p1|Pelipper, M|\n|poke|p1|Azumarill, M|\n|poke|p1|Basculegion, M|\n|poke|p1|Samurott-Hisui, M|\n|poke|p1|Gholdengo|\n|poke|p2|Weezing-Galar, F|\n|poke|p2|Garganacl, F|\n|poke|p2|Weavile, M|\n|poke|p2|Milotic, M|\n|poke|p2|Amoonguss, M|\n|poke|p2|Garchomp, M|\n|teampreview\n|inactive|Battle timer is ON: inactive players will automatically lose when time's up. (requested by rogo2030)\n|inactive|Nightngale also wants the timer to be on.\n|\n|t:|1700790478\n|start\n|switch|p1a: Meowscarada|Meowscarada, F|100\/100\n|switch|p2a: Weezing|Weezing-Galar, F|100\/100\n|-ability|p2a: Weezing|Neutralizing Gas\n|turn|1\n|\n|t:|1700790483\n|switch|p1a: Pelipper|Pelipper, M|100\/100\n|move|p2a: Weezing|Sludge Bomb|p1a: Pelipper\n|-damage|p1a: Pelipper|54\/100\n|\n|upkeep\n|turn|2\n|\n|t:|1700790489\n|move|p1a: Pelipper|Hurricane|p2a: Weezing\n|-damage|p2a: Weezing|37\/100\n|-start|p2a: Weezing|confusion\n|-activate|p2a: Weezing|confusion\n|move|p2a: Weezing|Sludge Bomb|p1a: Pelipper\n|-damage|p1a: Pelipper|8\/100\n|\n|-heal|p2a: Weezing|43\/100|[from] item: Leftovers\n|upkeep\n|turn|3\n|\n|t:|1700790501\n|-end|p2a: Weezing|ability: Neutralizing Gas\n|-weather|RainDance|[from] ability: Drizzle|[of] p1a: Pelipper\n|switch|p2a: Milotic|Milotic, M|100\/100\n|move|p1a: Pelipper|Hurricane|p2a: Milotic\n|-damage|p2a: Milotic|47\/100\n|\n|-weather|RainDance|[upkeep]\n|-heal|p2a: Milotic|53\/100|[from] item: Leftovers\n|upkeep\n|turn|4\n|\n|t:|1700790510\n|switch|p2a: Garganacl|Garganacl, F|100\/100\n|move|p1a: Pelipper|Hurricane|p2a: Garganacl\n|-resisted|p2a: Garganacl\n|-damage|p2a: Garganacl|79\/100\n|\n|-weather|RainDance|[upkeep]\n|-heal|p2a: Garganacl|85\/100|[from] item: Leftovers\n|upkeep\n|turn|5\n|\n|t:|1700790518\n|switch|p1a: Meowscarada|Meowscarada, F|100\/100\n|move|p2a: Garganacl|Salt Cure|p1a: Meowscarada\n|-damage|p1a: Meowscarada|80\/100\n|-start|p1a: Meowscarada|Salt Cure\n|\n|-weather|RainDance|[upkeep]\n|-heal|p2a: Garganacl|91\/100|[from] item: Leftovers\n|-damage|p1a: Meowscarada|68\/100|[from] Salt Cure\n|upkeep\n|turn|6\n|\n|t:|1700790525\n|switch|p2a: Weezing|Weezing-Galar, F|43\/100\n|-ability|p2a: Weezing|Neutralizing Gas\n|move|p1a: Meowscarada|Knock Off|p2a: Weezing\n|-resisted|p2a: Weezing\n|-damage|p2a: Weezing|12\/100\n|-enditem|p2a: Weezing|Leftovers|[from] move: Knock Off|[of] p1a: Meowscarada\n|\n|-weather|RainDance|[upkeep]\n|-damage|p1a: Meowscarada|55\/100|[from] Salt Cure\n|upkeep\n|turn|7\n|\n|t:|1700790533\n|switch|p1a: Gholdengo|Gholdengo|100\/100\n|move|p2a: Weezing|Sludge Bomb|p1a: Gholdengo\n|-immune|p1a: Gholdengo\n|\n|-weather|none\n|upkeep\n|turn|8\n|\n|t:|1700790539\n|-end|p2a: Weezing|ability: Neutralizing Gas\n|switch|p2a: Milotic|Milotic, M|53\/100\n|move|p1a: Gholdengo|Shadow Ball|p2a: Milotic\n|-damage|p2a: Milotic|3\/100\n|\n|-heal|p2a: Milotic|9\/100|[from] item: Leftovers\n|upkeep\n|turn|9\n|\n|t:|1700790543\n|move|p1a: Gholdengo|Shadow Ball|p2a: Milotic\n|-damage|p2a: Milotic|0 fnt\n|faint|p2a: Milotic\n|\n|upkeep\n|\n|t:|1700790548\n|switch|p2a: Weavile|Weavile, M|100\/100\n|-ability|p2a: Weavile|Pressure\n|turn|10\n|\n|t:|1700790551\n|switch|p1a: Pelipper|Pelipper, M|8\/100\n|-weather|RainDance|[from] ability: Drizzle|[of] p1a: Pelipper\n|move|p2a: Weavile|Knock Off|p1a: Pelipper\n|-damage|p1a: Pelipper|0 fnt\n|-enditem|p1a: Pelipper|Choice Specs|[from] move: Knock Off|[of] p2a: Weavile\n|faint|p1a: Pelipper\n|\n|-weather|RainDance|[upkeep]\n|upkeep\n|\n|t:|1700790555\n|switch|p1a: Basculegion|Basculegion, M|100\/100\n|turn|11\n|\n|t:|1700790558\n|switch|p2a: Amoonguss|Amoonguss, M|100\/100\n|move|p1a: Basculegion|Wave Crash|p2a: Amoonguss\n|-resisted|p2a: Amoonguss\n|-damage|p2a: Amoonguss|68\/100\n|-damage|p1a: Basculegion|84\/100|[from] item: Rocky Helmet|[of] p2a: Amoonguss\n|-damage|p1a: Basculegion|72\/100|[from] Recoil\n|\n|-weather|RainDance|[upkeep]\n|upkeep\n|turn|12\n|\n|t:|1700790566\n|switch|p1a: Gholdengo|Gholdengo|100\/100\n|move|p2a: Amoonguss|Foul Play|p1a: Gholdengo\n|-supereffective|p1a: Gholdengo\n|-damage|p1a: Gholdengo|76\/100\n|\n|-weather|RainDance|[upkeep]\n|upkeep\n|turn|13\n|\n|t:|1700790575\n|move|p1a: Gholdengo|Thunder|p2a: Amoonguss\n|-resisted|p2a: Amoonguss\n|-damage|p2a: Amoonguss|38\/100\n|move|p2a: Amoonguss|Foul Play|p1a: Gholdengo\n|-supereffective|p1a: Gholdengo\n|-damage|p1a: Gholdengo|54\/100\n|\n|-weather|RainDance|[upkeep]\n|upkeep\n|turn|14\n|\n|t:|1700790581\n|move|p1a: Gholdengo|Thunder|p2a: Amoonguss\n|-resisted|p2a: Amoonguss\n|-damage|p2a: Amoonguss|9\/100\n|move|p2a: Amoonguss|Foul Play|p1a: Gholdengo\n|-supereffective|p1a: Gholdengo\n|-damage|p1a: Gholdengo|31\/100\n|\n|-weather|none\n|upkeep\n|turn|15\n|\n|t:|1700790587\n|switch|p1a: Samurott|Samurott-Hisui, M|100\/100\n|switch|p2a: Garchomp|Garchomp, M|100\/100\n|\n|upkeep\n|turn|16\n|\n|t:|1700790597\n|move|p1a: Samurott|Aqua Cutter|p2a: Garchomp\n|-damage|p2a: Garchomp|61\/100\n|move|p2a: Garchomp|Stealth Rock|p1a: Samurott\n|-sidestart|p1: Nightngale|move: Stealth Rock\n|\n|upkeep\n|turn|17\n|\n|t:|1700790605\n|move|p1a: Samurott|Aqua Cutter|p2a: Garchomp\n|-damage|p2a: Garchomp|25\/100\n|move|p2a: Garchomp|Dragon Tail|p1a: Samurott\n|-damage|p1a: Samurott|66\/100\n|drag|p1a: Gholdengo|Gholdengo|31\/100\n|-damage|p1a: Gholdengo|25\/100|[from] Stealth Rock\n|\n|upkeep\n|turn|18\n|\n|t:|1700790611\n|move|p2a: Garchomp|Earthquake|p1a: Gholdengo\n|-supereffective|p1a: Gholdengo\n|-damage|p1a: Gholdengo|0 fnt\n|faint|p1a: Gholdengo\n|\n|upkeep\n|\n|t:|1700790615\n|switch|p1a: Azumarill|Azumarill, M|100\/100\n|-damage|p1a: Azumarill|88\/100|[from] Stealth Rock\n|turn|19\n|\n|t:|1700790623\n|move|p2a: Garchomp|Earthquake|p1a: Azumarill\n|-damage|p1a: Azumarill|47\/100\n|-enditem|p1a: Azumarill|Sitrus Berry|[eat]\n|-heal|p1a: Azumarill|72\/100|[from] item: Sitrus Berry\n|move|p1a: Azumarill|Liquidation|p2a: Garchomp\n|-damage|p2a: Garchomp|0 fnt\n|-damage|p1a: Azumarill|59\/100|[from] ability: Rough Skin|[of] p2a: Garchomp\n|-damage|p1a: Azumarill|43\/100|[from] item: Rocky Helmet|[of] p2a: Garchomp\n|faint|p2a: Garchomp\n|\n|upkeep\n|\n|t:|1700790633\n|switch|p2a: Amoonguss|Amoonguss, M|42\/100\n|turn|20\n|\n|t:|1700790637\n|move|p1a: Azumarill|Ice Spinner|p2a: Amoonguss\n|-supereffective|p2a: Amoonguss\n|-damage|p2a: Amoonguss|0 fnt\n|-damage|p1a: Azumarill|26\/100|[from] item: Rocky Helmet|[of] p2a: Amoonguss\n|faint|p2a: Amoonguss\n|\n|upkeep\n|\n|t:|1700790646\n|switch|p2a: Weavile|Weavile, M|100\/100\n|-ability|p2a: Weavile|Pressure\n|turn|21\n|\n|t:|1700790649\n|move|p1a: Azumarill|Aqua Jet|p2a: Weavile\n|-damage|p2a: Weavile|55\/100\n|move|p2a: Weavile|Knock Off|p1a: Azumarill\n|-resisted|p1a: Azumarill\n|-damage|p1a: Azumarill|3\/100\n|\n|upkeep\n|turn|22\n|\n|t:|1700790656\n|switch|p2a: Weezing|Weezing-Galar, F|12\/100\n|-ability|p2a: Weezing|Neutralizing Gas\n|move|p1a: Azumarill|Aqua Jet|p2a: Weezing\n|-damage|p2a: Weezing|2\/100\n|\n|upkeep\n|turn|23\n|\n|t:|1700790661\n|move|p1a: Azumarill|Aqua Jet|p2a: Weezing\n|-damage|p2a: Weezing|0 fnt\n|faint|p2a: Weezing\n|-end|p2a: Weezing|ability: Neutralizing Gas\n|\n|upkeep\n|\n|t:|1700790664\n|switch|p2a: Weavile|Weavile, M|55\/100\n|-ability|p2a: Weavile|Pressure\n|turn|24\n|\n|t:|1700790666\n|switch|p1a: Samurott|Samurott-Hisui, M|66\/100\n|-damage|p1a: Samurott|53\/100|[from] Stealth Rock\n|move|p2a: Weavile|Ice Shard|p1a: Samurott\n|-resisted|p1a: Samurott\n|-damage|p1a: Samurott|34\/100\n|\n|upkeep\n|turn|25\n|\n|t:|1700790674\n|move|p2a: Weavile|Ice Shard|p1a: Samurott\n|-resisted|p1a: Samurott\n|-damage|p1a: Samurott|14\/100\n|move|p1a: Samurott|Aqua Cutter|p2a: Weavile\n|-crit|p2a: Weavile\n|-damage|p2a: Weavile|0 fnt\n|faint|p2a: Weavile\n|\n|upkeep\n|\n|t:|1700790676\n|switch|p2a: Garganacl|Garganacl, F|91\/100\n|turn|26\n|\n|t:|1700790679\n|switch|p1a: Azumarill|Azumarill, M|3\/100\n|-damage|p1a: Azumarill|0 fnt|[from] Stealth Rock\n|faint|p1a: Azumarill\n|-terastallize|p2a: Garganacl|Fairy\n|move|p2a: Garganacl|Iron Defense|p2a: Garganacl\n|-boost|p2a: Garganacl|def|2\n|\n|-heal|p2a: Garganacl|98\/100|[from] item: Leftovers\n|upkeep\n|\n|t:|1700790684\n|switch|p1a: Meowscarada|Meowscarada, F|55\/100\n|-damage|p1a: Meowscarada|43\/100|[from] Stealth Rock\n|turn|27\n|\n|t:|1700790689\n|-terastallize|p1a: Meowscarada|Grass\n|move|p1a: Meowscarada|Flower Trick|p2a: Garganacl\n|-crit|p2a: Garganacl\n|-damage|p2a: Garganacl|29\/100\n|move|p2a: Garganacl|Iron Defense|p2a: Garganacl\n|-boost|p2a: Garganacl|def|2\n|\n|-heal|p2a: Garganacl|35\/100|[from] item: Leftovers\n|upkeep\n|turn|28\n|\n|t:|1700790697\n|move|p1a: Meowscarada|Flower Trick|p2a: Garganacl\n|-crit|p2a: Garganacl\n|-damage|p2a: Garganacl|0 fnt\n|faint|p2a: Garganacl\n|\n|win|Nightngale\n|raw|Nightngale's rating: 1352 &rarr; <strong>1367<\/strong><br \/>(+15 for winning)\n|raw|rogo2030's rating: 1263 &rarr; <strong>1244<\/strong><br \/>(-19 for losing)\n","uploadtime":1700790701,"views":4,"p1id":"nightngale","p2id":"rogo2030","formatid":"gen9ou","rating":1244,"private":0,"password":""}