{"id":"gen9ou-1989732914","p1":"swampertmybeloved","p2":"RaveMinx","format":"[Gen 9] OU","log":"|j|\u2606swampertmybeloved\n|j|\u2606RaveMinx\n|t:|1699891052\n|gametype|singles\n|player|p1|swampertmybeloved|266|1231\n|player|p2|RaveMinx|nita|1308\n|teamsize|p1|6\n|teamsize|p2|6\n|gen|9\n|tier|[Gen 9] OU\n|rated|\n|rule|Sleep Clause Mod: Limit one foe put to sleep\n|rule|Species Clause: Limit one of each Pok\u00e9mon\n|rule|OHKO Clause: OHKO moves are banned\n|rule|Evasion Items Clause: Evasion items are banned\n|rule|Evasion Moves Clause: Evasion moves are banned\n|rule|Endless Battle Clause: Forcing endless battles is banned\n|rule|HP Percentage Mod: HP is shown in percentages\n|clearpoke\n|poke|p1|Great Tusk|\n|poke|p1|Dragapult, M|\n|poke|p1|Sneasler, M|\n|poke|p1|Ceruledge, M|\n|poke|p1|Rillaboom, F|\n|poke|p1|Enamorus, F|\n|poke|p2|Ting-Lu|\n|poke|p2|Gholdengo|\n|poke|p2|Blissey, F|\n|poke|p2|Chesnaught, F|\n|poke|p2|Dragapult, M|\n|poke|p2|Quaquaval, M|\n|teampreview\n|\n|t:|1699891064\n|start\n|switch|p1a: Enamorus|Enamorus, F|100\/100\n|switch|p2a: Dragapult|Dragapult, M|100\/100\n|turn|1\n|\n|t:|1699891070\n|move|p2a: Dragapult|U-turn|p1a: Enamorus\n|-resisted|p1a: Enamorus\n|-damage|p1a: Enamorus|87\/100\n|-start|p2a: Dragapult|Attract|[from] ability: Cute Charm|[of] p1a: Enamorus\n|\n|t:|1699891075\n|switch|p2a: Gholdengo|Gholdengo|100\/100|[from] U-turn\n|move|p1a: Enamorus|Moonblast|p2a: Gholdengo\n|-resisted|p2a: Gholdengo\n|-damage|p2a: Gholdengo|84\/100\n|\n|-heal|p1a: Enamorus|94\/100|[from] item: Leftovers\n|upkeep\n|turn|2\n|\n|t:|1699891093\n|-terastallize|p1a: Enamorus|Ground\n|move|p1a: Enamorus|Earth Power|p2a: Gholdengo\n|-supereffective|p2a: Gholdengo\n|-damage|p2a: Gholdengo|21\/100\n|move|p2a: Gholdengo|Make It Rain|p1a: Enamorus\n|-damage|p1a: Enamorus|17\/100\n|-unboost|p2a: Gholdengo|spa|1\n|\n|-heal|p1a: Enamorus|24\/100|[from] item: Leftovers\n|upkeep\n|turn|3\n|\n|t:|1699891106\n|move|p1a: Enamorus|Earth Power|p2a: Gholdengo\n|-supereffective|p2a: Gholdengo\n|-damage|p2a: Gholdengo|0 fnt\n|faint|p2a: Gholdengo\n|\n|-heal|p1a: Enamorus|30\/100|[from] item: Leftovers\n|upkeep\n|\n|t:|1699891109\n|switch|p2a: Blissey|Blissey, F|100\/100\n|turn|4\n|\n|t:|1699891118\n|move|p1a: Enamorus|Substitute|p1a: Enamorus\n|-start|p1a: Enamorus|Substitute\n|-damage|p1a: Enamorus|5\/100\n|move|p2a: Blissey|Seismic Toss|p1a: Enamorus\n|-end|p1a: Enamorus|Substitute\n|\n|-heal|p1a: Enamorus|11\/100|[from] item: Leftovers\n|upkeep\n|turn|5\n|\n|t:|1699891131\n|switch|p1a: Ceruledge|Ceruledge, M|100\/100\n|move|p2a: Blissey|Seismic Toss|p1a: Ceruledge\n|-immune|p1a: Ceruledge\n|\n|upkeep\n|turn|6\n|\n|t:|1699891140\n|move|p1a: Ceruledge|Swords Dance|p1a: Ceruledge\n|-boost|p1a: Ceruledge|atk|2\n|move|p2a: Blissey|Shadow Ball|p1a: Ceruledge\n|-supereffective|p1a: Ceruledge\n|-damage|p1a: Ceruledge|67\/100\n|\n|upkeep\n|turn|7\n|\n|t:|1699891148\n|switch|p2a: Ting-Lu|Ting-Lu|100\/100\n|-ability|p2a: Ting-Lu|Vessel of Ruin\n|move|p1a: Ceruledge|Swords Dance|p1a: Ceruledge\n|-boost|p1a: Ceruledge|atk|2\n|\n|upkeep\n|turn|8\n|\n|t:|1699891155\n|move|p1a: Ceruledge|Bitter Blade|p2a: Ting-Lu\n|-damage|p2a: Ting-Lu|48\/100\n|-heal|p1a: Ceruledge|100\/100|[from] drain|[of] p2a: Ting-Lu\n|move|p2a: Ting-Lu|Earthquake|p1a: Ceruledge\n|-supereffective|p1a: Ceruledge\n|-damage|p1a: Ceruledge|3\/100\n|-ability|p1a: Ceruledge|Weak Armor|boost\n|-unboost|p1a: Ceruledge|def|1\n|-boost|p1a: Ceruledge|spe|2\n|\n|-heal|p2a: Ting-Lu|54\/100|[from] item: Leftovers\n|upkeep\n|turn|9\n|\n|t:|1699891180\n|move|p1a: Ceruledge|Bitter Blade|p2a: Ting-Lu\n|-damage|p2a: Ting-Lu|1\/100\n|-heal|p1a: Ceruledge|50\/100|[from] drain|[of] p2a: Ting-Lu\n|move|p2a: Ting-Lu|Earthquake|p1a: Ceruledge\n|-supereffective|p1a: Ceruledge\n|-damage|p1a: Ceruledge|0 fnt\n|faint|p1a: Ceruledge\n|\n|-heal|p2a: Ting-Lu|7\/100|[from] item: Leftovers\n|upkeep\n|\n|t:|1699891194\n|switch|p1a: Enamorus|Enamorus, F, tera:Ground|11\/100\n|turn|10\n|\n|t:|1699891197\n|switch|p2a: Blissey|Blissey, F|100\/100\n|move|p1a: Enamorus|Moonblast|p2a: Blissey\n|-damage|p2a: Blissey|87\/100\n|-unboost|p2a: Blissey|spa|1\n|\n|-heal|p1a: Enamorus|17\/100|[from] item: Leftovers\n|upkeep\n|turn|11\n|\n|t:|1699891208\n|switch|p1a: Dragapult|Dragapult, M|100\/100\n|move|p2a: Blissey|Shadow Ball|p1a: Dragapult\n|-supereffective|p1a: Dragapult\n|-damage|p1a: Dragapult|73\/100\n|\n|-heal|p1a: Dragapult|79\/100|[from] item: Leftovers\n|upkeep\n|turn|12\n|\n|t:|1699891219\n|switch|p2a: Ting-Lu|Ting-Lu|7\/100\n|-ability|p2a: Ting-Lu|Vessel of Ruin\n|move|p1a: Dragapult|Dragon Darts|p2a: Ting-Lu\n|-damage|p2a: Ting-Lu|0 fnt\n|faint|p2a: Ting-Lu\n|\n|-heal|p1a: Dragapult|85\/100|[from] item: Leftovers\n|upkeep\n|\n|t:|1699891223\n|switch|p2a: Chesnaught|Chesnaught, F|100\/100\n|turn|13\n|\n|t:|1699891234\n|move|p1a: Dragapult|Will-O-Wisp|p2a: Chesnaught\n|-status|p2a: Chesnaught|brn\n|move|p2a: Chesnaught|Knock Off|p1a: Dragapult\n|-supereffective|p1a: Dragapult\n|-damage|p1a: Dragapult|53\/100\n|-enditem|p1a: Dragapult|Leftovers|[from] move: Knock Off|[of] p2a: Chesnaught\n|\n|-damage|p2a: Chesnaught|94\/100 brn|[from] brn\n|upkeep\n|turn|14\n|\n|t:|1699891249\n|move|p1a: Dragapult|Hex|p2a: Chesnaught\n|-damage|p2a: Chesnaught|38\/100 brn\n|move|p2a: Chesnaught|Knock Off|p1a: Dragapult\n|-supereffective|p1a: Dragapult\n|-damage|p1a: Dragapult|30\/100\n|\n|-damage|p2a: Chesnaught|32\/100 brn|[from] brn\n|upkeep\n|turn|15\n|\n|t:|1699891261\n|switch|p2a: Blissey|Blissey, F|87\/100\n|move|p1a: Dragapult|Substitute|p1a: Dragapult\n|-start|p1a: Dragapult|Substitute\n|-damage|p1a: Dragapult|6\/100\n|\n|upkeep\n|turn|16\n|\n|t:|1699891271\n|move|p1a: Dragapult|Dragon Darts|p2a: Blissey\n|-damage|p2a: Blissey|41\/100\n|-anim|p1a: Dragapult|Dragon Darts|p2a: Blissey\n|-damage|p2a: Blissey|0 fnt\n|faint|p2a: Blissey\n|\n|upkeep\n|\n|t:|1699891273\n|switch|p2a: Dragapult|Dragapult, M|100\/100\n|turn|17\n|\n|t:|1699891280\n|move|p1a: Dragapult|Dragon Darts|p2a: Dragapult\n|-supereffective|p2a: Dragapult\n|-damage|p2a: Dragapult|43\/100\n|-anim|p1a: Dragapult|Dragon Darts|p2a: Dragapult\n|-supereffective|p2a: Dragapult\n|-damage|p2a: Dragapult|0 fnt\n|faint|p2a: Dragapult\n|\n|upkeep\n|\n|t:|1699891283\n|switch|p2a: Quaquaval|Quaquaval, M|100\/100\n|turn|18\n|\n|t:|1699891291\n|move|p1a: Dragapult|Will-O-Wisp|p2a: Quaquaval|[miss]\n|-miss|p1a: Dragapult|p2a: Quaquaval\n|move|p2a: Quaquaval|Aqua Step|p1a: Dragapult\n|-resisted|p1a: Dragapult\n|-end|p1a: Dragapult|Substitute\n|-boost|p2a: Quaquaval|spe|1\n|\n|upkeep\n|turn|19\n|\n|t:|1699891300\n|move|p1a: Dragapult|Will-O-Wisp|p2a: Quaquaval\n|-status|p2a: Quaquaval|brn\n|move|p2a: Quaquaval|Aqua Step|p1a: Dragapult\n|-resisted|p1a: Dragapult\n|-damage|p1a: Dragapult|0 fnt\n|-boost|p2a: Quaquaval|spe|1\n|faint|p1a: Dragapult\n|-ability|p2a: Quaquaval|Moxie|boost\n|-boost|p2a: Quaquaval|atk|1\n|\n|-damage|p2a: Quaquaval|94\/100 brn|[from] brn\n|upkeep\n|\n|t:|1699891313\n|switch|p1a: Rillaboom|Rillaboom, F|100\/100\n|-fieldstart|move: Grassy Terrain|[from] ability: Grassy Surge|[of] p1a: Rillaboom\n|turn|20\n|\n|t:|1699891318\n|move|p2a: Quaquaval|Knock Off|p1a: Rillaboom\n|-damage|p1a: Rillaboom|76\/100\n|-enditem|p1a: Rillaboom|Choice Band|[from] move: Knock Off|[of] p2a: Quaquaval\n|move|p1a: Rillaboom|Wood Hammer|p2a: Quaquaval\n|-supereffective|p2a: Quaquaval\n|-damage|p2a: Quaquaval|0 fnt\n|faint|p2a: Quaquaval\n|-damage|p1a: Rillaboom|52\/100|[from] Recoil\n|\n|-heal|p1a: Rillaboom|59\/100|[from] Grassy Terrain\n|upkeep\n|\n|t:|1699891321\n|switch|p2a: Chesnaught|Chesnaught, F|32\/100 brn\n|turn|21\n|\n|t:|1699891332\n|move|p1a: Rillaboom|Wood Hammer|p2a: Chesnaught\n|-resisted|p2a: Chesnaught\n|-damage|p2a: Chesnaught|13\/100 brn\n|-damage|p1a: Rillaboom|53\/100|[from] Recoil\n|move|p2a: Chesnaught|Synthesis|p2a: Chesnaught\n|-heal|p2a: Chesnaught|63\/100 brn\n|\n|-heal|p1a: Rillaboom|59\/100|[from] Grassy Terrain\n|-heal|p2a: Chesnaught|69\/100 brn|[from] Grassy Terrain\n|-damage|p2a: Chesnaught|63\/100 brn|[from] brn\n|upkeep\n|turn|22\n|\n|t:|1699891348\n|move|p1a: Rillaboom|Knock Off|p2a: Chesnaught\n|-resisted|p2a: Chesnaught\n|-damage|p2a: Chesnaught|55\/100 brn\n|-enditem|p2a: Chesnaught|Heavy-Duty Boots|[from] move: Knock Off|[of] p1a: Rillaboom\n|move|p2a: Chesnaught|Iron Defense|p2a: Chesnaught\n|-boost|p2a: Chesnaught|def|2\n|\n|-heal|p1a: Rillaboom|65\/100|[from] Grassy Terrain\n|-heal|p2a: Chesnaught|61\/100 brn|[from] Grassy Terrain\n|-damage|p2a: Chesnaught|55\/100 brn|[from] brn\n|upkeep\n|turn|23\n|\n|t:|1699891361\n|switch|p1a: Enamorus|Enamorus, F, tera:Ground|17\/100\n|move|p2a: Chesnaught|Body Press|p1a: Enamorus\n|-damage|p1a: Enamorus|0 fnt\n|faint|p1a: Enamorus\n|\n|-heal|p2a: Chesnaught|61\/100 brn|[from] Grassy Terrain\n|-damage|p2a: Chesnaught|55\/100 brn|[from] brn\n|upkeep\n|\n|t:|1699891372\n|switch|p1a: Sneasler|Sneasler, M|100\/100\n|-enditem|p1a: Sneasler|Grassy Seed\n|-boost|p1a: Sneasler|def|1|[from] item: Grassy Seed\n|turn|24\n|\n|t:|1699891378\n|move|p1a: Sneasler|Swords Dance|p1a: Sneasler\n|-boost|p1a: Sneasler|atk|2\n|move|p2a: Chesnaught|Synthesis|p2a: Chesnaught\n|-heal|p2a: Chesnaught|100\/100 brn\n|\n|-damage|p2a: Chesnaught|94\/100 brn|[from] brn\n|-fieldend|move: Grassy Terrain\n|upkeep\n|turn|25\n|\n|t:|1699891387\n|-terastallize|p2a: Chesnaught|Water\n|move|p1a: Sneasler|Swords Dance|p1a: Sneasler\n|-boost|p1a: Sneasler|atk|2\n|move|p2a: Chesnaught|Iron Defense|p2a: Chesnaught\n|-boost|p2a: Chesnaught|def|2\n|\n|-damage|p2a: Chesnaught|88\/100 brn|[from] brn\n|upkeep\n|turn|26\n|\n|t:|1699891398\n|move|p1a: Sneasler|Dire Claw|p2a: Chesnaught\n|-damage|p2a: Chesnaught|62\/100 brn\n|move|p2a: Chesnaught|Iron Defense|p2a: Chesnaught\n|-boost|p2a: Chesnaught|def|2\n|\n|-damage|p2a: Chesnaught|56\/100 brn|[from] brn\n|upkeep\n|turn|27\n|\n|t:|1699891406\n|move|p1a: Sneasler|Dire Claw|p2a: Chesnaught\n|-damage|p2a: Chesnaught|37\/100 brn\n|move|p2a: Chesnaught|Synthesis|p2a: Chesnaught\n|-heal|p2a: Chesnaught|87\/100 brn\n|\n|-damage|p2a: Chesnaught|80\/100 brn|[from] brn\n|upkeep\n|turn|28\n|\n|t:|1699891415\n|move|p1a: Sneasler|Acrobatics|p2a: Chesnaught\n|-damage|p2a: Chesnaught|63\/100 brn\n|move|p2a: Chesnaught|Body Press|p1a: Sneasler\n|-resisted|p1a: Sneasler\n|-damage|p1a: Sneasler|54\/100\n|\n|-damage|p2a: Chesnaught|57\/100 brn|[from] brn\n|upkeep\n|turn|29\n|\n|t:|1699891432\n|move|p1a: Sneasler|Acrobatics|p2a: Chesnaught\n|-damage|p2a: Chesnaught|40\/100 brn\n|move|p2a: Chesnaught|Synthesis|p2a: Chesnaught\n|-heal|p2a: Chesnaught|90\/100 brn\n|\n|-damage|p2a: Chesnaught|84\/100 brn|[from] brn\n|upkeep\n|turn|30\n|\n|t:|1699891441\n|move|p1a: Sneasler|Acrobatics|p2a: Chesnaught\n|-damage|p2a: Chesnaught|66\/100 brn\n|move|p2a: Chesnaught|Body Press|p1a: Sneasler\n|-resisted|p1a: Sneasler\n|-damage|p1a: Sneasler|7\/100\n|\n|-damage|p2a: Chesnaught|60\/100 brn|[from] brn\n|upkeep\n|turn|31\n|\n|t:|1699891450\n|move|p1a: Sneasler|Close Combat|p2a: Chesnaught\n|-damage|p2a: Chesnaught|30\/100 brn\n|-unboost|p1a: Sneasler|def|1\n|-unboost|p1a: Sneasler|spd|1\n|move|p2a: Chesnaught|Synthesis|p2a: Chesnaught\n|-heal|p2a: Chesnaught|80\/100 brn\n|\n|-damage|p2a: Chesnaught|74\/100 brn|[from] brn\n|upkeep\n|turn|32\n|\n|t:|1699891460\n|move|p1a: Sneasler|Close Combat|p2a: Chesnaught\n|-damage|p2a: Chesnaught|45\/100 brn\n|-unboost|p1a: Sneasler|def|1\n|-unboost|p1a: Sneasler|spd|1\n|move|p2a: Chesnaught|Synthesis|p2a: Chesnaught\n|-heal|p2a: Chesnaught|95\/100 brn\n|\n|-damage|p2a: Chesnaught|89\/100 brn|[from] brn\n|upkeep\n|turn|33\n|\n|t:|1699891470\n|move|p1a: Sneasler|Close Combat|p2a: Chesnaught\n|-damage|p2a: Chesnaught|59\/100 brn\n|-unboost|p1a: Sneasler|def|1\n|-unboost|p1a: Sneasler|spd|1\n|move|p2a: Chesnaught|Body Press|p1a: Sneasler\n|-resisted|p1a: Sneasler\n|-damage|p1a: Sneasler|0 fnt\n|faint|p1a: Sneasler\n|\n|-damage|p2a: Chesnaught|53\/100 brn|[from] brn\n|upkeep\n|\n|t:|1699891483\n|switch|p1a: Rillaboom|Rillaboom, F|65\/100\n|-fieldstart|move: Grassy Terrain|[from] ability: Grassy Surge|[of] p1a: Rillaboom\n|turn|34\n|\n|t:|1699891488\n|move|p1a: Rillaboom|Wood Hammer|p2a: Chesnaught\n|-supereffective|p2a: Chesnaught\n|-damage|p2a: Chesnaught|32\/100 brn\n|-damage|p1a: Rillaboom|59\/100|[from] Recoil\n|move|p2a: Chesnaught|Synthesis|p2a: Chesnaught\n|-heal|p2a: Chesnaught|82\/100 brn\n|\n|-heal|p1a: Rillaboom|65\/100|[from] Grassy Terrain\n|-heal|p2a: Chesnaught|88\/100 brn|[from] Grassy Terrain\n|-damage|p2a: Chesnaught|82\/100 brn|[from] brn\n|upkeep\n|turn|35\n|\n|t:|1699891506\n|move|p1a: Rillaboom|Wood Hammer|p2a: Chesnaught\n|-supereffective|p2a: Chesnaught\n|-damage|p2a: Chesnaught|59\/100 brn\n|-damage|p1a: Rillaboom|58\/100|[from] Recoil\n|move|p2a: Chesnaught|Body Press|p1a: Rillaboom\n|-damage|p1a: Rillaboom|0 fnt\n|faint|p1a: Rillaboom\n|\n|-heal|p2a: Chesnaught|65\/100 brn|[from] Grassy Terrain\n|-damage|p2a: Chesnaught|59\/100 brn|[from] brn\n|upkeep\n|\n|t:|1699891518\n|switch|p1a: Great Tusk|Great Tusk|100\/100\n|turn|36\n|\n|t:|1699891533\n|move|p1a: Great Tusk|Knock Off|p2a: Chesnaught\n|-damage|p2a: Chesnaught|56\/100 brn\n|move|p2a: Chesnaught|Synthesis|p2a: Chesnaught\n|-heal|p2a: Chesnaught|100\/100 brn\n|\n|-damage|p2a: Chesnaught|94\/100 brn|[from] brn\n|upkeep\n|turn|37\n|\n|t:|1699891544\n|move|p1a: Great Tusk|Knock Off|p2a: Chesnaught\n|-damage|p2a: Chesnaught|92\/100 brn\n|move|p2a: Chesnaught|Body Press|p1a: Great Tusk\n|-damage|p1a: Great Tusk|39\/100\n|\n|-heal|p1a: Great Tusk|45\/100|[from] Grassy Terrain\n|-heal|p2a: Chesnaught|98\/100 brn|[from] Grassy Terrain\n|-damage|p2a: Chesnaught|92\/100 brn|[from] brn\n|upkeep\n|turn|38\n|c|\u2606RaveMinx|gg\n|\n|t:|1699891555\n|move|p1a: Great Tusk|Earthquake|p2a: Chesnaught\n|-damage|p2a: Chesnaught|88\/100 brn\n|move|p2a: Chesnaught|Body Press|p1a: Great Tusk\n|-damage|p1a: Great Tusk|0 fnt\n|faint|p1a: Great Tusk\n|-end|p1a: Great Tusk|Protosynthesis|[silent]\n|\n|win|RaveMinx\n|raw|swampertmybeloved's rating: 1231 &rarr; <strong>1211<\/strong><br \/>(-20 for losing)\n|raw|RaveMinx's rating: 1308 &rarr; <strong>1324<\/strong><br \/>(+16 for winning)\n|c|\u2606swampertmybeloved|ggs\n","uploadtime":1699891567,"views":12,"p1id":"swampertmybeloved","p2id":"raveminx","formatid":"gen9ou","rating":1211,"private":0,"password":""}