{"id":"gen9ou-1991343226","p1":"tuvie","p2":"Lexsleyker","format":"[Gen 9] OU","log":"|j|\u2606tuvie\n|j|\u2606Lexsleyker\n|t:|1700069241\n|gametype|singles\n|player|p1|tuvie|102|1188\n|player|p2|Lexsleyker|cowgirl|1094\n|teamsize|p1|6\n|teamsize|p2|6\n|gen|9\n|tier|[Gen 9] OU\n|rated|\n|rule|Sleep Clause Mod: Limit one foe put to sleep\n|rule|Species Clause: Limit one of each Pok\u00e9mon\n|rule|OHKO Clause: OHKO moves are banned\n|rule|Evasion Items Clause: Evasion items are banned\n|rule|Evasion Moves Clause: Evasion moves are banned\n|rule|Endless Battle Clause: Forcing endless battles is banned\n|rule|HP Percentage Mod: HP is shown in percentages\n|clearpoke\n|poke|p1|Zapdos|\n|poke|p1|Rillaboom, M|\n|poke|p1|Azumarill, F|\n|poke|p1|Iron Moth|\n|poke|p1|Dragonite, F|\n|poke|p1|Pelipper, F|\n|poke|p2|Cryogonal|\n|poke|p2|Appletun, F|\n|poke|p2|Magnezone|\n|poke|p2|Sandaconda, M|\n|poke|p2|Luxray, M|\n|poke|p2|Falinks|\n|teampreview\n|\n|t:|1700069254\n|start\n|switch|p1a: Lemondrop|Azumarill, F, shiny|100\/100\n|switch|p2a: Cryogonal|Cryogonal|100\/100\n|turn|1\n|\n|t:|1700069262\n|move|p2a: Cryogonal|Freeze-Dry|p1a: Lemondrop\n|-supereffective|p1a: Lemondrop\n|-damage|p1a: Lemondrop|34\/100\n|-enditem|p1a: Lemondrop|Sitrus Berry|[eat]\n|-heal|p1a: Lemondrop|59\/100|[from] item: Sitrus Berry\n|move|p1a: Lemondrop|Belly Drum|p1a: Lemondrop\n|-damage|p1a: Lemondrop|9\/100\n|-setboost|p1a: Lemondrop|atk|6|[from] move: Belly Drum\n|\n|upkeep\n|turn|2\n|\n|t:|1700069296\n|switch|p2a: Sandaconda|Sandaconda, M|100\/100\n|-terastallize|p1a: Lemondrop|Water\n|move|p1a: Lemondrop|Aqua Jet|p2a: Sandaconda\n|-supereffective|p2a: Sandaconda\n|-damage|p2a: Sandaconda|0 fnt\n|faint|p2a: Sandaconda\n|\n|upkeep\n|\n|t:|1700069300\n|switch|p2a: Falinks|Falinks|100\/100\n|turn|3\n|\n|t:|1700069310\n|move|p2a: Falinks|First Impression|p1a: Lemondrop\n|-damage|p1a: Lemondrop|0 fnt\n|faint|p1a: Lemondrop\n|\n|upkeep\n|\n|t:|1700069319\n|switch|p1a: Ivy|Pelipper, F, shiny|100\/100\n|-weather|RainDance|[from] ability: Drizzle|[of] p1a: Ivy\n|turn|4\n|\n|t:|1700069327\n|switch|p2a: Magnezone|Magnezone|100\/100\n|move|p1a: Ivy|Tailwind|p1a: Ivy\n|-sidestart|p1: tuvie|move: Tailwind\n|\n|-weather|RainDance|[upkeep]\n|upkeep\n|turn|5\n|\n|t:|1700069335\n|switch|p1a: Zakeru|Zapdos, shiny|100\/100\n|move|p2a: Magnezone|Thunder Wave|p1a: Zakeru\n|-immune|p1a: Zakeru\n|\n|-weather|RainDance|[upkeep]\n|upkeep\n|turn|6\n|\n|t:|1700069349\n|move|p1a: Zakeru|Hurricane|p2a: Magnezone\n|-resisted|p2a: Magnezone\n|-crit|p2a: Magnezone\n|-damage|p2a: Magnezone|75\/100\n|move|p2a: Magnezone|Charge|p2a: Magnezone\n|-boost|p2a: Magnezone|spd|1\n|-start|p2a: Magnezone|Charge\n|\n|-weather|RainDance|[upkeep]\n|upkeep\n|turn|7\n|\n|t:|1700069362\n|switch|p1a: Rillazilla|Rillaboom, M, shiny|100\/100\n|-fieldstart|move: Grassy Terrain|[from] ability: Grassy Surge|[of] p1a: Rillazilla\n|move|p2a: Magnezone|Charge Beam|p1a: Rillazilla\n|-resisted|p1a: Rillazilla\n|-damage|p1a: Rillazilla|73\/100\n|-boost|p2a: Magnezone|spa|1\n|-end|p2a: Magnezone|Charge|[silent]\n|\n|-weather|RainDance|[upkeep]\n|-heal|p1a: Rillazilla|80\/100|[from] Grassy Terrain\n|-heal|p2a: Magnezone|81\/100|[from] Grassy Terrain\n|-sideend|p1: tuvie|move: Tailwind\n|upkeep\n|turn|8\n|\n|t:|1700069374\n|switch|p2a: Appletun|Appletun, F|100\/100\n|move|p1a: Rillazilla|Brick Break|p2a: Appletun\n|-damage|p2a: Appletun|64\/100\n|-damage|p1a: Rillazilla|70\/100|[from] item: Life Orb\n|\n|-weather|RainDance|[upkeep]\n|-heal|p1a: Rillazilla|76\/100|[from] Grassy Terrain\n|-heal|p2a: Appletun|70\/100|[from] Grassy Terrain\n|upkeep\n|turn|9\n|\n|t:|1700069380\n|move|p1a: Rillazilla|U-turn|p2a: Appletun\n|-supereffective|p2a: Appletun\n|-damage|p2a: Appletun|7\/100\n|-enditem|p2a: Appletun|Aguav Berry|[eat]\n|-heal|p2a: Appletun|40\/100|[from] item: Aguav Berry\n|-damage|p1a: Rillazilla|66\/100|[from] item: Life Orb\n|\n|t:|1700069422\n|switch|p1a: Dragonite|Dragonite, F|100\/100|[from] U-turn\n|move|p2a: Appletun|Apple Acid|p1a: Dragonite\n|-resisted|p1a: Dragonite\n|-damage|p1a: Dragonite|96\/100\n|-unboost|p1a: Dragonite|spd|1\n|\n|-weather|RainDance|[upkeep]\n|-heal|p2a: Appletun|46\/100|[from] Grassy Terrain\n|upkeep\n|turn|10\n|\n|t:|1700069443\n|move|p1a: Dragonite|Dragon Dance|p1a: Dragonite\n|-boost|p1a: Dragonite|atk|1\n|-boost|p1a: Dragonite|spe|1\n|move|p2a: Appletun|Leech Seed|p1a: Dragonite\n|-start|p1a: Dragonite|move: Leech Seed\n|\n|-weather|RainDance|[upkeep]\n|-heal|p2a: Appletun|52\/100|[from] Grassy Terrain\n|-damage|p1a: Dragonite|84\/100|[from] Leech Seed|[of] p2a: Appletun\n|-heal|p2a: Appletun|62\/100|[silent]\n|upkeep\n|turn|11\n|\n|t:|1700069451\n|move|p1a: Dragonite|Fire Punch|p2a: Appletun\n|-damage|p2a: Appletun|40\/100\n|move|p2a: Appletun|Apple Acid|p1a: Dragonite\n|-resisted|p1a: Dragonite\n|-damage|p1a: Dragonite|69\/100\n|-unboost|p1a: Dragonite|spd|1\n|\n|-weather|none\n|-heal|p2a: Appletun|46\/100|[from] Grassy Terrain\n|-damage|p1a: Dragonite|56\/100|[from] Leech Seed|[of] p2a: Appletun\n|-heal|p2a: Appletun|55\/100|[silent]\n|-fieldend|move: Grassy Terrain\n|upkeep\n|turn|12\n|\n|t:|1700069457\n|move|p2a: Appletun|Protect|p2a: Appletun\n|-singleturn|p2a: Appletun|Protect\n|move|p1a: Dragonite|Earthquake|p2a: Appletun\n|-activate|p2a: Appletun|move: Protect\n|\n|-damage|p1a: Dragonite|44\/100|[from] Leech Seed|[of] p2a: Appletun\n|-heal|p2a: Appletun|65\/100|[silent]\n|upkeep\n|turn|13\n|\n|t:|1700069466\n|move|p1a: Dragonite|Fire Punch|p2a: Appletun\n|-damage|p2a: Appletun|24\/100\n|move|p2a: Appletun|Apple Acid|p1a: Dragonite\n|-resisted|p1a: Dragonite\n|-damage|p1a: Dragonite|29\/100\n|-unboost|p1a: Dragonite|spd|1\n|\n|-damage|p1a: Dragonite|17\/100|[from] Leech Seed|[of] p2a: Appletun\n|-heal|p2a: Appletun|33\/100|[silent]\n|upkeep\n|turn|14\n|\n|t:|1700069477\n|move|p2a: Appletun|Protect|p2a: Appletun\n|-singleturn|p2a: Appletun|Protect\n|move|p1a: Dragonite|Fire Punch|p2a: Appletun\n|-activate|p2a: Appletun|move: Protect\n|\n|-damage|p1a: Dragonite|5\/100|[from] Leech Seed|[of] p2a: Appletun\n|-heal|p2a: Appletun|43\/100|[silent]\n|upkeep\n|turn|15\n|\n|t:|1700069488\n|move|p1a: Dragonite|Fire Punch|p2a: Appletun\n|-damage|p2a: Appletun|2\/100\n|move|p2a: Appletun|Recover|p2a: Appletun\n|-heal|p2a: Appletun|52\/100\n|\n|-damage|p1a: Dragonite|0 fnt|[from] Leech Seed|[of] p2a: Appletun\n|-heal|p2a: Appletun|55\/100|[silent]\n|faint|p1a: Dragonite\n|upkeep\n|\n|t:|1700069498\n|switch|p1a: Silph|Iron Moth, shiny|100\/100\n|-enditem|p1a: Silph|Booster Energy\n|-activate|p1a: Silph|ability: Quark Drive|[fromitem]\n|-start|p1a: Silph|quarkdrivespe\n|turn|16\n|\n|t:|1700069508\n|move|p2a: Appletun|Protect|p2a: Appletun\n|-singleturn|p2a: Appletun|Protect\n|move|p1a: Silph|Heat Wave|p2a: Appletun\n|-activate|p2a: Appletun|move: Protect\n|\n|upkeep\n|turn|17\n|\n|t:|1700069516\n|move|p1a: Silph|Heat Wave|p2a: Appletun\n|-damage|p2a: Appletun|22\/100\n|move|p2a: Appletun|Leech Seed|p1a: Silph|[miss]\n|-miss|p2a: Appletun|p1a: Silph\n|\n|upkeep\n|turn|18\n|\n|t:|1700069522\n|move|p1a: Silph|Heat Wave|p2a: Appletun\n|-damage|p2a: Appletun|0 fnt\n|faint|p2a: Appletun\n|\n|upkeep\n|\n|t:|1700069529\n|switch|p2a: Falinks|Falinks|100\/100\n|turn|19\n|\n|t:|1700069550\n|move|p1a: Silph|Sludge Wave|p2a: Falinks\n|-damage|p2a: Falinks|24\/100\n|move|p2a: Falinks|High Horsepower|p1a: Silph\n|-supereffective|p1a: Silph\n|-damage|p1a: Silph|0 fnt\n|faint|p1a: Silph\n|-end|p1a: Silph|Quark Drive|[silent]\n|\n|upkeep\n|\n|t:|1700069562\n|switch|p1a: Ivy|Pelipper, F, shiny|100\/100\n|-weather|RainDance|[from] ability: Drizzle|[of] p1a: Ivy\n|turn|20\n|\n|t:|1700069573\n|switch|p2a: Cryogonal|Cryogonal|100\/100\n|move|p1a: Ivy|Tailwind|p1a: Ivy\n|-sidestart|p1: tuvie|move: Tailwind\n|\n|-weather|RainDance|[upkeep]\n|upkeep\n|turn|21\n|\n|t:|1700069580\n|move|p1a: Ivy|Air Slash|p2a: Cryogonal\n|-damage|p2a: Cryogonal|73\/100\n|move|p2a: Cryogonal|Reflect|p2a: Cryogonal\n|-sidestart|p2: Lexsleyker|Reflect\n|\n|-weather|RainDance|[upkeep]\n|upkeep\n|turn|22\n|\n|t:|1700069585\n|move|p1a: Ivy|Surf|p2a: Cryogonal\n|-damage|p2a: Cryogonal|21\/100\n|move|p2a: Cryogonal|Light Screen|p2a: Cryogonal\n|-sidestart|p2: Lexsleyker|move: Light Screen\n|\n|-weather|RainDance|[upkeep]\n|upkeep\n|turn|23\n|\n|t:|1700069590\n|move|p1a: Ivy|Surf|p2a: Cryogonal\n|-damage|p2a: Cryogonal|0 fnt\n|faint|p2a: Cryogonal\n|\n|-weather|RainDance|[upkeep]\n|-sideend|p1: tuvie|move: Tailwind\n|upkeep\n|\n|t:|1700069593\n|switch|p2a: Magnezone|Magnezone|81\/100\n|turn|24\n|\n|t:|1700069617\n|switch|p1a: Rillazilla|Rillaboom, M, shiny|66\/100\n|-fieldstart|move: Grassy Terrain|[from] ability: Grassy Surge|[of] p1a: Rillazilla\n|move|p2a: Magnezone|Charge Beam|p1a: Rillazilla\n|-resisted|p1a: Rillazilla\n|-damage|p1a: Rillazilla|54\/100\n|-boost|p2a: Magnezone|spa|1\n|\n|-weather|RainDance|[upkeep]\n|-heal|p1a: Rillazilla|60\/100|[from] Grassy Terrain\n|-heal|p2a: Magnezone|87\/100|[from] Grassy Terrain\n|upkeep\n|turn|25\n|\n|t:|1700069623\n|move|p1a: Rillazilla|Brick Break|p2a: Magnezone\n|-sideend|p2: Lexsleyker|Reflect\n|-sideend|p2: Lexsleyker|move: Light Screen\n|-supereffective|p2a: Magnezone\n|-damage|p2a: Magnezone|39\/100\n|-enditem|p2a: Magnezone|Sitrus Berry|[eat]\n|-heal|p2a: Magnezone|64\/100|[from] item: Sitrus Berry\n|-damage|p1a: Rillazilla|50\/100|[from] item: Life Orb\n|move|p2a: Magnezone|Thunder Wave|p1a: Rillazilla|[miss]\n|-miss|p2a: Magnezone|p1a: Rillazilla\n|\n|-weather|RainDance|[upkeep]\n|-heal|p1a: Rillazilla|57\/100|[from] Grassy Terrain\n|-heal|p2a: Magnezone|70\/100|[from] Grassy Terrain\n|upkeep\n|turn|26\n|\n|t:|1700069635\n|move|p1a: Rillazilla|Swords Dance|p1a: Rillazilla\n|-boost|p1a: Rillazilla|atk|2\n|move|p2a: Magnezone|Thunder Wave|p1a: Rillazilla\n|-status|p1a: Rillazilla|par\n|\n|-weather|RainDance|[upkeep]\n|-heal|p2a: Magnezone|76\/100|[from] Grassy Terrain\n|-heal|p1a: Rillazilla|63\/100 par|[from] Grassy Terrain\n|upkeep\n|turn|27\n|\n|t:|1700069639\n|move|p2a: Magnezone|Body Press|p1a: Rillazilla\n|-damage|p1a: Rillazilla|38\/100 par\n|move|p1a: Rillazilla|Brick Break|p2a: Magnezone\n|-supereffective|p2a: Magnezone\n|-damage|p2a: Magnezone|0 fnt\n|faint|p2a: Magnezone\n|-damage|p1a: Rillazilla|29\/100 par|[from] item: Life Orb\n|\n|-weather|none\n|-heal|p1a: Rillazilla|35\/100 par|[from] Grassy Terrain\n|upkeep\n|\n|t:|1700069645\n|switch|p2a: Falinks|Falinks|24\/100\n|turn|28\n|\n|t:|1700069650\n|move|p2a: Falinks|First Impression|p1a: Rillazilla\n|-supereffective|p1a: Rillazilla\n|-damage|p1a: Rillazilla|0 fnt\n|faint|p1a: Rillazilla\n|\n|-heal|p2a: Falinks|30\/100|[from] Grassy Terrain\n|-fieldend|move: Grassy Terrain\n|upkeep\n|\n|t:|1700069661\n|switch|p1a: Ivy|Pelipper, F, shiny|100\/100\n|-weather|RainDance|[from] ability: Drizzle|[of] p1a: Ivy\n|turn|29\n|\n|t:|1700069667\n|move|p2a: Falinks|First Impression||[still]\n|-hint|First Impression only works on your first turn out.\n|-fail|p2a: Falinks\n|move|p1a: Ivy|Surf|p2a: Falinks\n|-damage|p2a: Falinks|0 fnt\n|faint|p2a: Falinks\n|\n|-weather|RainDance|[upkeep]\n|upkeep\n|\n|t:|1700069673\n|switch|p2a: Luxray|Luxray, M|100\/100\n|-ability|p2a: Luxray|Intimidate|boost\n|-unboost|p1a: Ivy|atk|1\n|turn|30\n|\n|t:|1700069681\n|move|p2a: Luxray|Wild Charge|p1a: Ivy\n|-supereffective|p1a: Ivy\n|-damage|p1a: Ivy|0 fnt\n|faint|p1a: Ivy\n|-damage|p2a: Luxray|78\/100|[from] Recoil\n|-damage|p2a: Luxray|68\/100|[from] item: Life Orb\n|\n|-weather|RainDance|[upkeep]\n|upkeep\n|\n|t:|1700069688\n|switch|p1a: Zakeru|Zapdos, shiny|100\/100\n|turn|31\n|\n|t:|1700069694\n|move|p2a: Luxray|Crunch|p1a: Zakeru\n|-damage|p1a: Zakeru|66\/100\n|-damage|p2a: Luxray|58\/100|[from] item: Life Orb\n|move|p1a: Zakeru|Hurricane|p2a: Luxray\n|-resisted|p2a: Luxray\n|-damage|p2a: Luxray|19\/100\n|-start|p2a: Luxray|confusion\n|\n|-weather|RainDance|[upkeep]\n|upkeep\n|turn|32\n|\n|t:|1700069715\n|-activate|p2a: Luxray|confusion\n|move|p2a: Luxray|Wild Charge|p1a: Zakeru\n|-damage|p1a: Zakeru|1\/100\n|-damage|p2a: Luxray|0 fnt|[from] Recoil\n|faint|p2a: Luxray\n|\n|win|tuvie\n|raw|tuvie's rating: 1188 &rarr; <strong>1206<\/strong><br \/>(+18 for winning)\n|raw|Lexsleyker's rating: 1094 &rarr; <strong>1076<\/strong><br \/>(-18 for losing)\n|c|\u2606tuvie|hholy shit\n","uploadtime":1700069748,"views":6,"p1id":"tuvie","p2id":"lexsleyker","formatid":"gen9ou","rating":1076,"private":0,"password":""}