{"id":"gen9ou-1989246153","p1":"Abraham95825","p2":"Violet Mask","format":"[Gen 9] OU","log":"|j|\u2606Abraham95825\n|j|\u2606Violet Mask\n|t:|1699827577\n|gametype|singles\n|player|p1|Abraham95825|benga|1592\n|player|p2|Violet Mask|lucian|1506\n|teamsize|p1|6\n|teamsize|p2|6\n|gen|9\n|tier|[Gen 9] OU\n|rated|\n|rule|Sleep Clause Mod: Limit one foe put to sleep\n|rule|Species Clause: Limit one of each Pok\u00e9mon\n|rule|OHKO Clause: OHKO moves are banned\n|rule|Evasion Items Clause: Evasion items are banned\n|rule|Evasion Moves Clause: Evasion moves are banned\n|rule|Endless Battle Clause: Forcing endless battles is banned\n|rule|HP Percentage Mod: HP is shown in percentages\n|clearpoke\n|poke|p1|Kingambit, F|\n|poke|p1|Glimmora, M|\n|poke|p1|Zamazenta-*|\n|poke|p1|Iron Valiant|\n|poke|p1|Iron Moth|\n|poke|p1|Ogerpon-Wellspring, F|\n|poke|p2|Toxapex, F|\n|poke|p2|Garchomp, F|\n|poke|p2|Heatran, F|\n|poke|p2|Mandibuzz, F|\n|poke|p2|Zamazenta-*|\n|poke|p2|Hoopa-Unbound|\n|teampreview\n|inactive|Battle timer is ON: inactive players will automatically lose when time's up. (requested by Violet Mask)\n|\n|t:|1699827586\n|start\n|switch|p1a: Ogerpon|Ogerpon-Wellspring, F|100\/100\n|switch|p2a: Quacker|Garchomp, F|100\/100\n|turn|1\n|\n|t:|1699827591\n|move|p1a: Ogerpon|Ivy Cudgel|p2a: Quacker\n|-damage|p2a: Quacker|46\/100\n|move|p2a: Quacker|Scale Shot|p1a: Ogerpon\n|-damage|p1a: Ogerpon|85\/100\n|-damage|p1a: Ogerpon|69\/100\n|-damage|p1a: Ogerpon|51\/100\n|-damage|p1a: Ogerpon|34\/100\n|-hitcount|p1a: Ogerpon|4\n|-unboost|p2a: Quacker|def|1\n|-boost|p2a: Quacker|spe|1\n|\n|upkeep\n|turn|2\n|\n|t:|1699827595\n|switch|p1a: Iron Valiant|Iron Valiant|100\/100\n|-enditem|p1a: Iron Valiant|Booster Energy\n|-activate|p1a: Iron Valiant|ability: Quark Drive|[fromitem]\n|-start|p1a: Iron Valiant|quarkdrivespe\n|move|p2a: Quacker|Scale Shot|p1a: Iron Valiant\n|-immune|p1a: Iron Valiant\n|\n|upkeep\n|turn|3\n|\n|t:|1699827601\n|switch|p2a: Heatran|Heatran, F|100\/100\n|move|p1a: Iron Valiant|Moonblast|p2a: Heatran\n|-resisted|p2a: Heatran\n|-damage|p2a: Heatran|93\/100\n|\n|-heal|p2a: Heatran|99\/100|[from] item: Leftovers\n|upkeep\n|turn|4\n|\n|t:|1699827608\n|-end|p1a: Iron Valiant|Quark Drive|[silent]\n|switch|p1a: Ogerpon|Ogerpon-Wellspring, F|34\/100\n|move|p2a: Heatran|Magma Storm|p1a: Ogerpon\n|-damage|p1a: Ogerpon|0 fnt\n|faint|p1a: Ogerpon\n|\n|-heal|p2a: Heatran|100\/100|[from] item: Leftovers\n|upkeep\n|\n|t:|1699827613\n|switch|p1a: Glimmora|Glimmora, M|100\/100\n|turn|5\n|c|\u2606Violet Mask|bout time i hit a magma storm\n|\n|t:|1699827621\n|switch|p2a: Quacker|Garchomp, F|46\/100\n|move|p1a: Glimmora|Earth Power|p2a: Quacker\n|-damage|p2a: Quacker|5\/100\n|\n|upkeep\n|turn|6\n|\n|t:|1699827631\n|move|p2a: Quacker|Earthquake|p1a: Glimmora\n|-supereffective|p1a: Glimmora\n|-enditem|p1a: Glimmora|Focus Sash\n|-damage|p1a: Glimmora|1\/100\n|-activate|p1a: Glimmora|ability: Toxic Debris\n|-sidestart|p2: Violet Mask|move: Toxic Spikes\n|move|p1a: Glimmora|Earth Power|p2a: Quacker\n|-damage|p2a: Quacker|0 fnt\n|faint|p2a: Quacker\n|\n|upkeep\n|\n|t:|1699827638\n|switch|p2a: Toxapex|Toxapex, F|100\/100\n|-sideend|p2: Violet Mask|move: Toxic Spikes|[of] p2a: Toxapex\n|turn|7\n|\n|t:|1699827651\n|switch|p1a: Iron Moth|Iron Moth|100\/100\n|-enditem|p1a: Iron Moth|Booster Energy\n|-activate|p1a: Iron Moth|ability: Quark Drive|[fromitem]\n|-start|p1a: Iron Moth|quarkdrivespe\n|move|p2a: Toxapex|Surf|p1a: Iron Moth\n|-supereffective|p1a: Iron Moth\n|-damage|p1a: Iron Moth|60\/100\n|\n|upkeep\n|turn|8\n|\n|t:|1699827658\n|switch|p2a: Heatran|Heatran, F|100\/100\n|move|p1a: Iron Moth|Substitute|p1a: Iron Moth\n|-start|p1a: Iron Moth|Substitute\n|-damage|p1a: Iron Moth|35\/100\n|\n|upkeep\n|turn|9\n|\n|t:|1699827664\n|move|p1a: Iron Moth|Dazzling Gleam|p2a: Heatran\n|-resisted|p2a: Heatran\n|-damage|p2a: Heatran|96\/100\n|move|p2a: Heatran|Earth Power|p1a: Iron Moth\n|-supereffective|p1a: Iron Moth\n|-end|p1a: Iron Moth|Substitute\n|\n|-heal|p2a: Heatran|100\/100|[from] item: Leftovers\n|upkeep\n|turn|10\n|\n|t:|1699827666\n|move|p1a: Iron Moth|Dazzling Gleam|p2a: Heatran\n|-resisted|p2a: Heatran\n|-damage|p2a: Heatran|96\/100\n|move|p2a: Heatran|Earth Power|p1a: Iron Moth\n|-supereffective|p1a: Iron Moth\n|-damage|p1a: Iron Moth|0 fnt\n|faint|p1a: Iron Moth\n|-end|p1a: Iron Moth|Quark Drive|[silent]\n|\n|-heal|p2a: Heatran|100\/100|[from] item: Leftovers\n|upkeep\n|\n|t:|1699827669\n|switch|p1a: Glimmora|Glimmora, M|1\/100\n|turn|11\n|\n|t:|1699827678\n|switch|p2a: Toxapex|Toxapex, F|100\/100\n|move|p1a: Glimmora|Earth Power|p2a: Toxapex\n|-supereffective|p2a: Toxapex\n|-crit|p2a: Toxapex\n|-enditem|p2a: Toxapex|Shuca Berry|[eat]\n|-enditem|p2a: Toxapex|Shuca Berry|[weaken]\n|-damage|p2a: Toxapex|65\/100\n|\n|upkeep\n|turn|12\n|\n|t:|1699827682\n|move|p1a: Glimmora|Earth Power|p2a: Toxapex\n|-supereffective|p2a: Toxapex\n|-damage|p2a: Toxapex|15\/100\n|move|p2a: Toxapex|Surf|p1a: Glimmora\n|-supereffective|p1a: Glimmora\n|-damage|p1a: Glimmora|0 fnt\n|faint|p1a: Glimmora\n|\n|upkeep\n|\n|t:|1699827688\n|switch|p1a: Zamazenta|Zamazenta, shiny|100\/100\n|-ability|p1a: Zamazenta|Dauntless Shield|boost\n|-boost|p1a: Zamazenta|def|1\n|turn|13\n|\n|t:|1699827692\n|switch|p2a: Mandibuzz|Mandibuzz, F|100\/100\n|move|p1a: Zamazenta|Body Press|p2a: Mandibuzz\n|-damage|p2a: Mandibuzz|73\/100\n|\n|upkeep\n|turn|14\n|\n|t:|1699827696\n|move|p1a: Zamazenta|Stone Edge|p2a: Mandibuzz|[miss]\n|-miss|p1a: Zamazenta|p2a: Mandibuzz\n|move|p2a: Mandibuzz|Toxic|p1a: Zamazenta|[miss]\n|-miss|p2a: Mandibuzz|p1a: Zamazenta\n|\n|upkeep\n|turn|15\n|\n|t:|1699827700\n|switch|p2a: Toxapex|Toxapex, F|48\/100\n|move|p1a: Zamazenta|Stone Edge|p2a: Toxapex|[miss]\n|-miss|p1a: Zamazenta|p2a: Toxapex\n|\n|upkeep\n|turn|16\n|\n|t:|1699827704\n|move|p1a: Zamazenta|Iron Defense|p1a: Zamazenta\n|-boost|p1a: Zamazenta|def|2\n|move|p2a: Toxapex|Recover|p2a: Toxapex\n|-heal|p2a: Toxapex|98\/100\n|\n|upkeep\n|turn|17\n|\n|t:|1699827709\n|move|p1a: Zamazenta|Iron Defense|p1a: Zamazenta\n|-boost|p1a: Zamazenta|def|2\n|move|p2a: Toxapex|Toxic|p1a: Zamazenta\n|-status|p1a: Zamazenta|tox\n|\n|-damage|p1a: Zamazenta|94\/100 tox|[from] psn\n|upkeep\n|turn|18\n|\n|t:|1699827713\n|move|p1a: Zamazenta|Body Press|p2a: Toxapex\n|-resisted|p2a: Toxapex\n|-damage|p2a: Toxapex|61\/100\n|move|p2a: Toxapex|Haze|p2a: Toxapex\n|-clearallboost\n|\n|-heal|p1a: Zamazenta|100\/100 tox|[from] item: Leftovers\n|-damage|p1a: Zamazenta|88\/100 tox|[from] psn\n|upkeep\n|turn|19\n|\n|t:|1699827716\n|move|p1a: Zamazenta|Body Press|p2a: Toxapex\n|-resisted|p2a: Toxapex\n|-damage|p2a: Toxapex|51\/100\n|move|p2a: Toxapex|Recover|p2a: Toxapex\n|-heal|p2a: Toxapex|100\/100\n|\n|-heal|p1a: Zamazenta|94\/100 tox|[from] item: Leftovers\n|-damage|p1a: Zamazenta|76\/100 tox|[from] psn\n|upkeep\n|turn|20\n|\n|t:|1699827720\n|move|p1a: Zamazenta|Stone Edge|p2a: Toxapex\n|-damage|p2a: Toxapex|78\/100\n|move|p2a: Toxapex|Surf|p1a: Zamazenta\n|-damage|p1a: Zamazenta|59\/100 tox\n|\n|-heal|p1a: Zamazenta|65\/100 tox|[from] item: Leftovers\n|-damage|p1a: Zamazenta|41\/100 tox|[from] psn\n|upkeep\n|turn|21\n|\n|t:|1699827727\n|move|p1a: Zamazenta|Body Press|p2a: Toxapex\n|-resisted|p2a: Toxapex\n|-damage|p2a: Toxapex|67\/100\n|move|p2a: Toxapex|Surf|p1a: Zamazenta\n|-damage|p1a: Zamazenta|23\/100 tox\n|\n|-heal|p1a: Zamazenta|29\/100 tox|[from] item: Leftovers\n|-damage|p1a: Zamazenta|0 fnt|[from] psn\n|faint|p1a: Zamazenta\n|upkeep\n|\n|t:|1699827731\n|switch|p1a: Iron Valiant|Iron Valiant|100\/100\n|turn|22\n|\n|t:|1699827736\n|switch|p2a: Heatran|Heatran, F|100\/100\n|move|p1a: Iron Valiant|Hypnosis|p2a: Heatran|[miss]\n|-miss|p1a: Iron Valiant|p2a: Heatran\n|\n|upkeep\n|turn|23\n|\n|t:|1699827739\n|move|p1a: Iron Valiant|Hypnosis|p2a: Heatran\n|-status|p2a: Heatran|slp|[from] move: Hypnosis\n|cant|p2a: Heatran|slp\n|\n|upkeep\n|turn|24\n|\n|t:|1699827742\n|-end|p1a: Iron Valiant|Quark Drive|[silent]\n|switch|p1a: Kingambit|Kingambit, F|100\/100\n|-activate|p1a: Kingambit|ability: Supreme Overlord\n|-start|p1a: Kingambit|fallen4|[silent]\n|cant|p2a: Heatran|slp\n|\n|upkeep\n|turn|25\n|\n|t:|1699827746\n|-curestatus|p2a: Heatran|slp|[msg]\n|move|p2a: Heatran|Taunt|p1a: Kingambit\n|-start|p1a: Kingambit|move: Taunt\n|cant|p1a: Kingambit|move: Taunt|Swords Dance\n|\n|upkeep\n|turn|26\n|\n|t:|1699827749\n|-terastallize|p1a: Kingambit|Flying\n|move|p2a: Heatran|Magma Storm|p1a: Kingambit|[miss]\n|-miss|p2a: Heatran|p1a: Kingambit\n|move|p1a: Kingambit|Kowtow Cleave|p2a: Heatran\n|-damage|p2a: Heatran|27\/100\n|\n|-heal|p2a: Heatran|33\/100|[from] item: Leftovers\n|upkeep\n|turn|27\n|\n|t:|1699827758\n|move|p1a: Kingambit|Sucker Punch|p2a: Heatran\n|-damage|p2a: Heatran|0 fnt\n|-status|p1a: Kingambit|brn|[from] ability: Flame Body|[of] p2a: Heatran\n|faint|p2a: Heatran\n|\n|-damage|p1a: Kingambit|94\/100 brn|[from] brn\n|-end|p1a: Kingambit|move: Taunt\n|upkeep\n|\n|t:|1699827782\n|switch|p2a: Mandibuzz|Mandibuzz, F|73\/100\n|turn|28\n|\n|t:|1699827784\n|move|p2a: Mandibuzz|Foul Play|p1a: Kingambit\n|-damage|p1a: Kingambit|47\/100 brn\n|move|p1a: Kingambit|Swords Dance|p1a: Kingambit\n|-boost|p1a: Kingambit|atk|2\n|\n|-damage|p1a: Kingambit|41\/100 brn|[from] brn\n|upkeep\n|turn|29\n|\n|t:|1699827787\n|move|p1a: Kingambit|Sucker Punch|p2a: Mandibuzz\n|-resisted|p2a: Mandibuzz\n|-damage|p2a: Mandibuzz|54\/100\n|move|p2a: Mandibuzz|Foul Play|p1a: Kingambit\n|-damage|p1a: Kingambit|0 fnt\n|faint|p1a: Kingambit\n|-end|p1a: Kingambit|fallen4|[silent]\n|\n|upkeep\n|\n|t:|1699827790\n|switch|p1a: Iron Valiant|Iron Valiant|100\/100\n|turn|30\n|\n|t:|1699827793\n|move|p1a: Iron Valiant|Hypnosis|p2a: Mandibuzz|[miss]\n|-miss|p1a: Iron Valiant|p2a: Mandibuzz\n|move|p2a: Mandibuzz|Toxic|p1a: Iron Valiant|[miss]\n|-miss|p2a: Mandibuzz|p1a: Iron Valiant\n|\n|upkeep\n|turn|31\n|\n|t:|1699827798\n|move|p1a: Iron Valiant|Hypnosis|p2a: Mandibuzz|[miss]\n|-miss|p1a: Iron Valiant|p2a: Mandibuzz\n|move|p2a: Mandibuzz|Toxic|p1a: Iron Valiant\n|-status|p1a: Iron Valiant|tox\n|\n|-damage|p1a: Iron Valiant|94\/100 tox|[from] psn\n|upkeep\n|turn|32\n|\n|t:|1699827813\n|move|p1a: Iron Valiant|Hypnosis|p2a: Mandibuzz\n|-status|p2a: Mandibuzz|slp|[from] move: Hypnosis\n|cant|p2a: Mandibuzz|slp\n|\n|-damage|p1a: Iron Valiant|82\/100 tox|[from] psn\n|upkeep\n|turn|33\n|\n|t:|1699827817\n|move|p1a: Iron Valiant|Calm Mind|p1a: Iron Valiant\n|-boost|p1a: Iron Valiant|spa|1\n|-boost|p1a: Iron Valiant|spd|1\n|cant|p2a: Mandibuzz|slp\n|\n|-damage|p1a: Iron Valiant|63\/100 tox|[from] psn\n|upkeep\n|turn|34\n|\n|t:|1699827822\n|move|p1a: Iron Valiant|Moonblast|p2a: Mandibuzz\n|-supereffective|p2a: Mandibuzz\n|-damage|p2a: Mandibuzz|0 fnt\n|faint|p2a: Mandibuzz\n|\n|-damage|p1a: Iron Valiant|38\/100 tox|[from] psn\n|upkeep\n|\n|t:|1699827837\n|switch|p2a: Toxapex|Toxapex, F|100\/100\n|turn|35\n|\n|t:|1699827839\n|switch|p2a: Hoopa|Hoopa-Unbound|100\/100\n|move|p1a: Iron Valiant|Psyshock|p2a: Hoopa\n|-immune|p2a: Hoopa\n|\n|-damage|p1a: Iron Valiant|7\/100 tox|[from] psn\n|upkeep\n|turn|36\n|\n|t:|1699827844\n|switch|p2a: Toxapex|Toxapex, F|100\/100\n|move|p1a: Iron Valiant|Moonblast|p2a: Toxapex\n|-resisted|p2a: Toxapex\n|-damage|p2a: Toxapex|73\/100\n|-unboost|p2a: Toxapex|spa|1\n|\n|-damage|p1a: Iron Valiant|0 fnt|[from] psn\n|faint|p1a: Iron Valiant\n|-end|p1a: Iron Valiant|Quark Drive|[silent]\n|\n|win|Violet Mask\n|upkeep\n|raw|Abraham95825's rating: 1592 &rarr; <strong>1567<\/strong><br \/>(-25 for losing)\n|raw|Violet Mask's rating: 1506 &rarr; <strong>1531<\/strong><br \/>(+25 for winning)\n|l|\u2606Abraham95825\n|c|\u2606Violet Mask|gg\n","uploadtime":1699827854,"views":9,"p1id":"abraham95825","p2id":"violetmask","formatid":"gen9ou","rating":1531,"private":0,"password":""}