{"id":"gen9ou-1993354974","p1":"Themyki95","p2":"draco9746","format":"[Gen 9] OU","log":"|j|\u2606Themyki95\n|j|\u2606draco9746\n|t:|1700304742\n|gametype|singles\n|player|p1|Themyki95|102|1285\n|player|p2|draco9746|cynthia|1318\n|teamsize|p1|6\n|teamsize|p2|6\n|gen|9\n|tier|[Gen 9] OU\n|rated|\n|rule|Sleep Clause Mod: Limit one foe put to sleep\n|rule|Species Clause: Limit one of each Pok\u00e9mon\n|rule|OHKO Clause: OHKO moves are banned\n|rule|Evasion Items Clause: Evasion items are banned\n|rule|Evasion Moves Clause: Evasion moves are banned\n|rule|Endless Battle Clause: Forcing endless battles is banned\n|rule|HP Percentage Mod: HP is shown in percentages\n|clearpoke\n|poke|p1|Kingambit, F|\n|poke|p1|Torkoal, M|\n|poke|p1|Toxapex, F|\n|poke|p1|Dragapult, F|\n|poke|p1|Cinderace, M|\n|poke|p1|Great Tusk|\n|poke|p2|Hatterene, F|\n|poke|p2|Kingambit, M|\n|poke|p2|Ogerpon-Wellspring, F|\n|poke|p2|Dragapult, M|\n|poke|p2|Sneasler, F|\n|poke|p2|Rotom-Wash|\n|teampreview\n|inactive|Battle timer is ON: inactive players will automatically lose when time's up. (requested by draco9746)\n|\n|t:|1700304754\n|start\n|switch|p1a: Torkoal|Torkoal, M|100\/100\n|switch|p2a: Hatterene|Hatterene, F|100\/100\n|-weather|SunnyDay|[from] ability: Drought|[of] p1a: Torkoal\n|turn|1\n|\n|t:|1700304762\n|move|p2a: Hatterene|Calm Mind|p2a: Hatterene\n|-boost|p2a: Hatterene|spa|1\n|-boost|p2a: Hatterene|spd|1\n|move|p1a: Torkoal|Lava Plume|p2a: Hatterene\n|-damage|p2a: Hatterene|75\/100\n|\n|-weather|SunnyDay|[upkeep]\n|-heal|p2a: Hatterene|81\/100|[from] item: Leftovers\n|upkeep\n|turn|2\n|\n|t:|1700304771\n|switch|p1a: Kingambit|Kingambit, F|100\/100\n|-item|p1a: Kingambit|Air Balloon\n|move|p2a: Hatterene|Calm Mind|p2a: Hatterene\n|-boost|p2a: Hatterene|spa|1\n|-boost|p2a: Hatterene|spd|1\n|\n|-weather|SunnyDay|[upkeep]\n|-heal|p2a: Hatterene|87\/100|[from] item: Leftovers\n|upkeep\n|turn|3\n|\n|t:|1700304792\n|-terastallize|p2a: Hatterene|Water\n|move|p1a: Kingambit|Iron Head|p2a: Hatterene\n|-resisted|p2a: Hatterene\n|-damage|p2a: Hatterene|68\/100\n|move|p2a: Hatterene|Mystical Fire|p1a: Kingambit\n|-supereffective|p1a: Kingambit\n|-damage|p1a: Kingambit|0 fnt\n|-enditem|p1a: Kingambit|Air Balloon\n|faint|p1a: Kingambit\n|-end|p1a: Kingambit|fallenundefined|[silent]\n|\n|-weather|SunnyDay|[upkeep]\n|-heal|p2a: Hatterene|74\/100|[from] item: Leftovers\n|upkeep\n|\n|t:|1700304810\n|switch|p1a: Great Tusk|Great Tusk|100\/100\n|-activate|p1a: Great Tusk|ability: Protosynthesis\n|-start|p1a: Great Tusk|protosynthesisspe\n|turn|4\n|\n|t:|1700304818\n|-terastallize|p1a: Great Tusk|Ice\n|move|p1a: Great Tusk|Bulk Up|p1a: Great Tusk\n|-boost|p1a: Great Tusk|atk|1\n|-boost|p1a: Great Tusk|def|1\n|move|p2a: Hatterene|Draining Kiss|p1a: Great Tusk\n|-damage|p1a: Great Tusk|38\/100\n|-heal|p2a: Hatterene|100\/100|[from] drain|[of] p1a: Great Tusk\n|\n|-weather|SunnyDay|[upkeep]\n|upkeep\n|turn|5\n|\n|t:|1700304827\n|move|p1a: Great Tusk|Close Combat|p2a: Hatterene\n|-damage|p2a: Hatterene|38\/100\n|-unboost|p1a: Great Tusk|def|1\n|-unboost|p1a: Great Tusk|spd|1\n|move|p2a: Hatterene|Draining Kiss|p1a: Great Tusk\n|-damage|p1a: Great Tusk|0 fnt\n|-heal|p2a: Hatterene|76\/100|[from] drain|[of] p1a: Great Tusk\n|faint|p1a: Great Tusk\n|-end|p1a: Great Tusk|Protosynthesis|[silent]\n|\n|-weather|SunnyDay|[upkeep]\n|-heal|p2a: Hatterene|82\/100|[from] item: Leftovers\n|upkeep\n|\n|t:|1700304831\n|switch|p1a: Dragapult|Dragapult, F|100\/100\n|turn|6\n|\n|t:|1700304839\n|move|p1a: Dragapult|Draco Meteor|p2a: Hatterene\n|-damage|p2a: Hatterene|40\/100\n|-unboost|p1a: Dragapult|spa|2\n|move|p2a: Hatterene|Draining Kiss|p1a: Dragapult\n|-supereffective|p1a: Dragapult\n|-damage|p1a: Dragapult|0 fnt\n|-heal|p2a: Hatterene|100\/100|[from] drain|[of] p1a: Dragapult\n|faint|p1a: Dragapult\n|\n|-weather|SunnyDay|[upkeep]\n|upkeep\n|\n|t:|1700304843\n|switch|p1a: Cinderace|Cinderace, M|100\/100\n|turn|7\n|\n|t:|1700304852\n|move|p1a: Cinderace|Pyro Ball|p2a: Hatterene\n|-resisted|p2a: Hatterene\n|-damage|p2a: Hatterene|67\/100\n|move|p2a: Hatterene|Psyshock|p1a: Cinderace\n|-damage|p1a: Cinderace|6\/100\n|\n|-weather|SunnyDay|[upkeep]\n|-heal|p2a: Hatterene|73\/100|[from] item: Leftovers\n|upkeep\n|turn|8\n|\n|t:|1700304859\n|move|p1a: Cinderace|Pyro Ball|p2a: Hatterene\n|-resisted|p2a: Hatterene\n|-damage|p2a: Hatterene|37\/100\n|move|p2a: Hatterene|Draining Kiss|p1a: Cinderace\n|-resisted|p1a: Cinderace\n|-damage|p1a: Cinderace|0 fnt\n|-heal|p2a: Hatterene|40\/100|[from] drain|[of] p1a: Cinderace\n|faint|p1a: Cinderace\n|\n|-weather|none\n|-heal|p2a: Hatterene|46\/100|[from] item: Leftovers\n|upkeep\n|-message|Themyki95 forfeited.\n|\n|win|draco9746\n|raw|Themyki95's rating: 1285 &rarr; <strong>1262<\/strong><br \/>(-23 for losing)\n|raw|draco9746's rating: 1318 &rarr; <strong>1336<\/strong><br \/>(+18 for winning)\n|l|\u2606Themyki95\n","uploadtime":1700304870,"views":13,"p1id":"themyki95","p2id":"draco9746","formatid":"gen9ou","rating":1262,"private":0,"password":""}