{"id":"gen9ou-2000160656","p1":"15fpsguy","p2":"looooaicici","format":"[Gen 9] OU","log":"|j|\u260615fpsguy\n|j|\u2606looooaicici\n|t:|1701165209\n|gametype|singles\n|player|p1|15fpsguy|101|1308\n|player|p2|looooaicici|dragontamer|1249\n|teamsize|p1|6\n|teamsize|p2|6\n|gen|9\n|tier|[Gen 9] OU\n|rated|\n|rule|Sleep Clause Mod: Limit one foe put to sleep\n|rule|Species Clause: Limit one of each Pok\u00e9mon\n|rule|OHKO Clause: OHKO moves are banned\n|rule|Evasion Items Clause: Evasion items are banned\n|rule|Evasion Moves Clause: Evasion moves are banned\n|rule|Endless Battle Clause: Forcing endless battles is banned\n|rule|HP Percentage Mod: HP is shown in percentages\n|clearpoke\n|poke|p1|Moltres|\n|poke|p1|Clodsire, M|\n|poke|p1|Hawlucha, F|\n|poke|p1|Rillaboom, F|\n|poke|p1|Cyclizar, M|\n|poke|p1|Iron Moth|\n|poke|p2|Iron Jugulis|\n|poke|p2|Ogerpon-Wellspring, F|\n|poke|p2|Tinkaton, F|\n|poke|p2|Iron Moth|\n|poke|p2|Great Tusk|\n|poke|p2|Dragapult, F|\n|teampreview\n|\n|t:|1701165222\n|start\n|switch|p1a: Rillaboom|Rillaboom, F|100\/100\n|switch|p2a: Great Tusk|Great Tusk|100\/100\n|-fieldstart|move: Grassy Terrain|[from] ability: Grassy Surge|[of] p1a: Rillaboom\n|-enditem|p2a: Great Tusk|Booster Energy\n|-activate|p2a: Great Tusk|ability: Protosynthesis|[fromitem]\n|-start|p2a: Great Tusk|protosynthesisspe\n|turn|1\n|\n|t:|1701165227\n|move|p1a: Rillaboom|Grassy Glide|p2a: Great Tusk\n|-supereffective|p2a: Great Tusk\n|-damage|p2a: Great Tusk|23\/100\n|move|p2a: Great Tusk|Bulk Up|p2a: Great Tusk\n|-boost|p2a: Great Tusk|atk|1\n|-boost|p2a: Great Tusk|def|1\n|\n|-heal|p2a: Great Tusk|29\/100|[from] Grassy Terrain\n|upkeep\n|turn|2\n|\n|t:|1701165233\n|move|p1a: Rillaboom|Grassy Glide|p2a: Great Tusk\n|-supereffective|p2a: Great Tusk\n|-damage|p2a: Great Tusk|0 fnt\n|faint|p2a: Great Tusk\n|-end|p2a: Great Tusk|Protosynthesis|[silent]\n|\n|upkeep\n|inactive|Battle timer is ON: inactive players will automatically lose when time's up. (requested by 15fpsguy)\n|\n|t:|1701165268\n|switch|p2a: Iron Moth|Iron Moth|100\/100\n|-enditem|p2a: Iron Moth|Booster Energy\n|-activate|p2a: Iron Moth|ability: Quark Drive|[fromitem]\n|-start|p2a: Iron Moth|quarkdrivespe\n|turn|3\n|\n|t:|1701165280\n|switch|p1a: Clodsire|Clodsire, M|100\/100\n|move|p2a: Iron Moth|Fiery Dance|p1a: Clodsire\n|-crit|p1a: Clodsire\n|-damage|p1a: Clodsire|69\/100\n|\n|-heal|p1a: Clodsire|75\/100|[from] Grassy Terrain\n|-heal|p1a: Clodsire|81\/100|[from] item: Leftovers\n|upkeep\n|turn|4\n|\n|t:|1701165287\n|move|p2a: Iron Moth|Psychic|p1a: Clodsire\n|-supereffective|p1a: Clodsire\n|-damage|p1a: Clodsire|45\/100\n|move|p1a: Clodsire|Earthquake|p2a: Iron Moth\n|-supereffective|p2a: Iron Moth\n|-crit|p2a: Iron Moth\n|-damage|p2a: Iron Moth|0 fnt\n|faint|p2a: Iron Moth\n|-end|p2a: Iron Moth|Quark Drive|[silent]\n|\n|-heal|p1a: Clodsire|52\/100|[from] Grassy Terrain\n|-heal|p1a: Clodsire|58\/100|[from] item: Leftovers\n|upkeep\n|\n|t:|1701165292\n|switch|p2a: Iron Jugulis|Iron Jugulis|100\/100\n|-enditem|p2a: Iron Jugulis|Booster Energy\n|-activate|p2a: Iron Jugulis|ability: Quark Drive|[fromitem]\n|-start|p2a: Iron Jugulis|quarkdrivespe\n|turn|5\n|\n|t:|1701165301\n|move|p2a: Iron Jugulis|Knock Off|p1a: Clodsire\n|-damage|p1a: Clodsire|25\/100\n|-enditem|p1a: Clodsire|Leftovers|[from] move: Knock Off|[of] p2a: Iron Jugulis\n|move|p1a: Clodsire|Recover|p1a: Clodsire\n|-heal|p1a: Clodsire|75\/100\n|\n|-heal|p1a: Clodsire|82\/100|[from] Grassy Terrain\n|-fieldend|move: Grassy Terrain\n|upkeep\n|turn|6\n|\n|t:|1701165318\n|move|p2a: Iron Jugulis|Hurricane|p1a: Clodsire\n|-damage|p1a: Clodsire|53\/100\n|-start|p1a: Clodsire|confusion\n|-activate|p1a: Clodsire|confusion\n|move|p1a: Clodsire|Toxic|p2a: Iron Jugulis\n|-status|p2a: Iron Jugulis|tox\n|\n|-damage|p2a: Iron Jugulis|94\/100 tox|[from] psn\n|upkeep\n|turn|7\n|\n|t:|1701165331\n|move|p2a: Iron Jugulis|Earth Power|p1a: Clodsire\n|-supereffective|p1a: Clodsire\n|-damage|p1a: Clodsire|17\/100\n|-end|p1a: Clodsire|confusion\n|move|p1a: Clodsire|Recover|p1a: Clodsire\n|-heal|p1a: Clodsire|67\/100\n|\n|-damage|p2a: Iron Jugulis|82\/100 tox|[from] psn\n|upkeep\n|turn|8\n|\n|t:|1701165348\n|move|p2a: Iron Jugulis|Taunt|p1a: Clodsire\n|-start|p1a: Clodsire|move: Taunt\n|cant|p1a: Clodsire|move: Taunt|Recover\n|\n|-damage|p2a: Iron Jugulis|64\/100 tox|[from] psn\n|upkeep\n|turn|9\n|\n|t:|1701165364\n|switch|p1a: Rillaboom|Rillaboom, F|100\/100\n|-fieldstart|move: Grassy Terrain|[from] ability: Grassy Surge|[of] p1a: Rillaboom\n|move|p2a: Iron Jugulis|Earth Power|p1a: Rillaboom\n|-resisted|p1a: Rillaboom\n|-damage|p1a: Rillaboom|81\/100\n|\n|-heal|p1a: Rillaboom|87\/100|[from] Grassy Terrain\n|-damage|p2a: Iron Jugulis|40\/100 tox|[from] psn\n|upkeep\n|turn|10\n|\n|t:|1701165383\n|switch|p1a: Clodsire|Clodsire, M|67\/100\n|move|p2a: Iron Jugulis|Hurricane|p1a: Clodsire\n|-damage|p1a: Clodsire|38\/100\n|\n|-heal|p1a: Clodsire|44\/100|[from] Grassy Terrain\n|-damage|p2a: Iron Jugulis|9\/100 tox|[from] psn\n|upkeep\n|turn|11\n|\n|t:|1701165392\n|move|p2a: Iron Jugulis|Earth Power|p1a: Clodsire\n|-supereffective|p1a: Clodsire\n|-damage|p1a: Clodsire|12\/100\n|move|p1a: Clodsire|Recover|p1a: Clodsire\n|-heal|p1a: Clodsire|62\/100\n|\n|-heal|p1a: Clodsire|68\/100|[from] Grassy Terrain\n|-damage|p2a: Iron Jugulis|0 fnt|[from] psn\n|faint|p2a: Iron Jugulis\n|-end|p2a: Iron Jugulis|Quark Drive|[silent]\n|upkeep\n|\n|t:|1701165399\n|switch|p2a: Ogerpon|Ogerpon-Wellspring, F|100\/100\n|turn|12\n|\n|t:|1701165411\n|switch|p1a: fried|Moltres|100\/100\n|move|p2a: Ogerpon|Horn Leech|p1a: fried\n|-resisted|p1a: fried\n|-damage|p1a: fried|91\/100\n|-status|p2a: Ogerpon|brn|[from] ability: Flame Body|[of] p1a: fried\n|\n|-damage|p2a: Ogerpon|95\/100 brn|[from] brn\n|upkeep\n|turn|13\n|\n|t:|1701165433\n|move|p2a: Ogerpon|Ivy Cudgel|p1a: fried|[anim] Ivy Cudgel Water\n|-supereffective|p1a: fried\n|-damage|p1a: fried|47\/100\n|move|p1a: fried|U-turn|p2a: Ogerpon\n|-supereffective|p2a: Ogerpon\n|-damage|p2a: Ogerpon|59\/100 brn\n|\n|t:|1701165438\n|switch|p1a: Hawlucha|Hawlucha, F|100\/100|[from] U-turn\n|-enditem|p1a: Hawlucha|Grassy Seed\n|-boost|p1a: Hawlucha|def|1|[from] item: Grassy Seed\n|\n|-heal|p2a: Ogerpon|65\/100 brn|[from] Grassy Terrain\n|-damage|p2a: Ogerpon|59\/100 brn|[from] brn\n|-fieldend|move: Grassy Terrain\n|upkeep\n|turn|14\n|inactive|looooaicici has 120 seconds left.\n|\n|t:|1701165467\n|move|p1a: Hawlucha|Swords Dance|p1a: Hawlucha\n|-boost|p1a: Hawlucha|atk|2\n|move|p2a: Ogerpon|Ivy Cudgel|p1a: Hawlucha|[anim] Ivy Cudgel Water\n|-damage|p1a: Hawlucha|76\/100\n|\n|-damage|p2a: Ogerpon|53\/100 brn|[from] brn\n|upkeep\n|turn|15\n|inactive|looooaicici has 120 seconds left.\n|\n|t:|1701165487\n|move|p1a: Hawlucha|Acrobatics|p2a: Ogerpon\n|-supereffective|p2a: Ogerpon\n|-damage|p2a: Ogerpon|0 fnt\n|faint|p2a: Ogerpon\n|\n|upkeep\n|\n|t:|1701165490\n|switch|p2a: TWINKATON|Tinkaton, F|100\/100\n|-item|p2a: TWINKATON|Air Balloon\n|turn|16\n|\n|t:|1701165495\n|-terastallize|p1a: Hawlucha|Fire\n|move|p1a: Hawlucha|Tera Blast|p2a: TWINKATON|[anim] Tera Blast Fire\n|-supereffective|p2a: TWINKATON\n|-damage|p2a: TWINKATON|0 fnt\n|-enditem|p2a: TWINKATON|Air Balloon\n|faint|p2a: TWINKATON\n|\n|upkeep\n|\n|t:|1701165504\n|switch|p2a: Dragapult|Dragapult, F|100\/100\n|turn|17\n|\n|t:|1701165507\n|move|p1a: Hawlucha|Acrobatics|p2a: Dragapult\n|-damage|p2a: Dragapult|0 fnt\n|faint|p2a: Dragapult\n|\n|win|15fpsguy\n|raw|15fpsguy's rating: 1308 &rarr; <strong>1326<\/strong><br \/>(+18 for winning)\n|raw|looooaicici's rating: 1267 &rarr; <strong>1245<\/strong><br \/>(-22 for losing)\n","uploadtime":1701165514,"views":10,"p1id":"15fpsguy","p2id":"looooaicici","formatid":"gen9ou","rating":1245,"private":0,"password":""}