{"id":"gen9ou-1993113623","p1":"spiderblack27","p2":"xyldaz","format":"[Gen 9] OU","log":"|j|\u2606spiderblack27\n|j|\u2606xyldaz\n|t:|1700266348\n|gametype|singles\n|player|p1|spiderblack27|1|1638\n|player|p2|xyldaz|265|1650\n|teamsize|p1|6\n|teamsize|p2|6\n|gen|9\n|tier|[Gen 9] OU\n|rated|\n|rule|Sleep Clause Mod: Limit one foe put to sleep\n|rule|Species Clause: Limit one of each Pok\u00e9mon\n|rule|OHKO Clause: OHKO moves are banned\n|rule|Evasion Items Clause: Evasion items are banned\n|rule|Evasion Moves Clause: Evasion moves are banned\n|rule|Endless Battle Clause: Forcing endless battles is banned\n|rule|HP Percentage Mod: HP is shown in percentages\n|clearpoke\n|poke|p1|Garganacl, M|\n|poke|p1|Great Tusk|\n|poke|p1|Gholdengo|\n|poke|p1|Iron Valiant|\n|poke|p1|Dragonite, F|\n|poke|p1|Zapdos|\n|poke|p2|Scizor, M|\n|poke|p2|Rillaboom, M|\n|poke|p2|Sneasler, M|\n|poke|p2|Alomomola, M|\n|poke|p2|Thundurus-Therian, M|\n|poke|p2|Great Tusk|\n|teampreview\n|\n|t:|1700266358\n|start\n|switch|p1a: Zapdos|Zapdos|100\/100\n|switch|p2a: Rillaboom|Rillaboom, M|100\/100\n|-fieldstart|move: Grassy Terrain|[from] ability: Grassy Surge|[of] p2a: Rillaboom\n|turn|1\n|inactive|Battle timer is ON: inactive players will automatically lose when time's up. (requested by xyldaz)\n|\n|t:|1700266364\n|switch|p2a: Thundurus|Thundurus-Therian, M|100\/100\n|move|p1a: Zapdos|Hurricane|p2a: Thundurus|[miss]\n|-miss|p1a: Zapdos|p2a: Thundurus\n|\n|upkeep\n|turn|2\n|\n|t:|1700266371\n|move|p2a: Thundurus|Nasty Plot|p2a: Thundurus\n|-boost|p2a: Thundurus|spa|2\n|move|p1a: Zapdos|Heat Wave|p2a: Thundurus\n|-damage|p2a: Thundurus|62\/100\n|-status|p2a: Thundurus|brn\n|\n|-damage|p2a: Thundurus|56\/100 brn|[from] brn\n|upkeep\n|turn|3\n|\n|t:|1700266379\n|move|p2a: Thundurus|Thunderbolt|p1a: Zapdos\n|-damage|p1a: Zapdos|26\/100\n|move|p1a: Zapdos|Heat Wave|p2a: Thundurus\n|-damage|p2a: Thundurus|23\/100 brn\n|\n|-damage|p2a: Thundurus|17\/100 brn|[from] brn\n|upkeep\n|turn|4\n|\n|t:|1700266384\n|move|p2a: Thundurus|Thunderbolt|p1a: Zapdos\n|-damage|p1a: Zapdos|0 fnt\n|faint|p1a: Zapdos\n|\n|-damage|p2a: Thundurus|11\/100 brn|[from] brn\n|upkeep\n|\n|t:|1700266395\n|switch|p1a: Iron Valiant|Iron Valiant|100\/100\n|turn|5\n|\n|t:|1700266401\n|switch|p2a: Alomomola|Alomomola, M|100\/100\n|move|p1a: Iron Valiant|Moonblast|p2a: Alomomola\n|-damage|p2a: Alomomola|57\/100\n|\n|-heal|p2a: Alomomola|63\/100|[from] Grassy Terrain\n|-fieldend|move: Grassy Terrain\n|upkeep\n|turn|6\n|\n|t:|1700266406\n|switch|p2a: Scizor|Scizor, M|100\/100\n|move|p1a: Iron Valiant|Knock Off|p2a: Scizor\n|-damage|p2a: Scizor|73\/100\n|-enditem|p2a: Scizor|Leftovers|[from] move: Knock Off|[of] p1a: Iron Valiant\n|\n|upkeep\n|turn|7\n|\n|t:|1700266410\n|-end|p1a: Iron Valiant|Quark Drive|[silent]\n|switch|p1a: Great Tusk|Great Tusk|100\/100\n|move|p2a: Scizor|Knock Off|p1a: Great Tusk\n|-resisted|p1a: Great Tusk\n|-damage|p1a: Great Tusk|88\/100\n|-enditem|p1a: Great Tusk|Heavy-Duty Boots|[from] move: Knock Off|[of] p2a: Scizor\n|\n|upkeep\n|turn|8\n|\n|t:|1700266424\n|switch|p2a: Rillaboom|Rillaboom, M|100\/100\n|-fieldstart|move: Grassy Terrain|[from] ability: Grassy Surge|[of] p2a: Rillaboom\n|move|p1a: Great Tusk|Stealth Rock|p2a: Rillaboom\n|-sidestart|p2: xyldaz|move: Stealth Rock\n|\n|-heal|p1a: Great Tusk|94\/100|[from] Grassy Terrain\n|upkeep\n|turn|9\n|\n|t:|1700266435\n|move|p1a: Great Tusk|Ice Spinner|p2a: Rillaboom\n|-supereffective|p2a: Rillaboom\n|-damage|p2a: Rillaboom|50\/100\n|-fieldend|move: Grassy Terrain\n|move|p2a: Rillaboom|Knock Off|p1a: Great Tusk\n|-resisted|p1a: Great Tusk\n|-damage|p1a: Great Tusk|82\/100\n|\n|upkeep\n|turn|10\n|\n|t:|1700266440\n|switch|p2a: Thundurus|Thundurus-Therian, M|11\/100 brn\n|move|p1a: Great Tusk|Ice Spinner|p2a: Thundurus\n|-supereffective|p2a: Thundurus\n|-damage|p2a: Thundurus|0 fnt\n|faint|p2a: Thundurus\n|\n|upkeep\n|\n|t:|1700266442\n|switch|p2a: Great Tusk|Great Tusk|100\/100\n|-damage|p2a: Great Tusk|97\/100|[from] Stealth Rock\n|turn|11\n|\n|t:|1700266451\n|-end|p1a: Great Tusk|Protosynthesis|[silent]\n|switch|p1a: Gholdengo|Gholdengo|100\/100\n|-item|p1a: Gholdengo|Air Balloon\n|move|p2a: Great Tusk|Rapid Spin|p1a: Gholdengo\n|-immune|p1a: Gholdengo\n|\n|upkeep\n|turn|12\n|\n|t:|1700266455\n|-end|p2a: Great Tusk|Protosynthesis|[silent]\n|switch|p2a: Alomomola|Alomomola, M|97\/100\n|-damage|p2a: Alomomola|84\/100|[from] Stealth Rock\n|move|p1a: Gholdengo|Nasty Plot|p1a: Gholdengo\n|-boost|p1a: Gholdengo|spa|2\n|\n|upkeep\n|turn|13\n|\n|t:|1700266459\n|move|p1a: Gholdengo|Shadow Ball|p2a: Alomomola\n|-damage|p2a: Alomomola|22\/100\n|move|p2a: Alomomola|Flip Turn|p1a: Gholdengo\n|-damage|p1a: Gholdengo|91\/100\n|-enditem|p1a: Gholdengo|Air Balloon\n|\n|t:|1700266464\n|switch|p2a: Great Tusk|Great Tusk|97\/100|[from] Flip Turn\n|-damage|p2a: Great Tusk|94\/100|[from] Stealth Rock\n|\n|upkeep\n|turn|14\n|\n|t:|1700266474\n|-terastallize|p1a: Gholdengo|Fairy\n|move|p2a: Great Tusk|Headlong Rush|p1a: Gholdengo\n|-damage|p1a: Gholdengo|48\/100\n|-unboost|p2a: Great Tusk|def|1\n|-unboost|p2a: Great Tusk|spd|1\n|move|p1a: Gholdengo|Make It Rain|p2a: Great Tusk\n|-damage|p2a: Great Tusk|0 fnt\n|-unboost|p1a: Gholdengo|spa|1\n|faint|p2a: Great Tusk\n|-end|p2a: Great Tusk|Protosynthesis|[silent]\n|\n|upkeep\n|\n|t:|1700266477\n|switch|p2a: Rillaboom|Rillaboom, M|50\/100\n|-damage|p2a: Rillaboom|38\/100|[from] Stealth Rock\n|-fieldstart|move: Grassy Terrain|[from] ability: Grassy Surge|[of] p2a: Rillaboom\n|turn|15\n|\n|t:|1700266482\n|move|p2a: Rillaboom|Grassy Glide|p1a: Gholdengo\n|-damage|p1a: Gholdengo|9\/100\n|move|p1a: Gholdengo|Make It Rain|p2a: Rillaboom\n|-damage|p2a: Rillaboom|0 fnt\n|-unboost|p1a: Gholdengo|spa|1\n|faint|p2a: Rillaboom\n|\n|-heal|p1a: Gholdengo|16\/100|[from] Grassy Terrain\n|upkeep\n|\n|t:|1700266489\n|switch|p2a: Scizor|Scizor, M|73\/100\n|-damage|p2a: Scizor|60\/100|[from] Stealth Rock\n|turn|16\n|\n|t:|1700266492\n|move|p2a: Scizor|Bullet Punch|p1a: Gholdengo\n|-supereffective|p1a: Gholdengo\n|-damage|p1a: Gholdengo|0 fnt\n|faint|p1a: Gholdengo\n|\n|-heal|p2a: Scizor|66\/100|[from] Grassy Terrain\n|upkeep\n|\n|t:|1700266502\n|switch|p1a: Garganacl|Garganacl, M|100\/100\n|turn|17\n|\n|t:|1700266506\n|move|p2a: Scizor|Swords Dance|p2a: Scizor\n|-boost|p2a: Scizor|atk|2\n|move|p1a: Garganacl|Curse|p1a: Garganacl\n|-unboost|p1a: Garganacl|spe|1\n|-boost|p1a: Garganacl|atk|1\n|-boost|p1a: Garganacl|def|1\n|\n|-heal|p2a: Scizor|72\/100|[from] Grassy Terrain\n|upkeep\n|turn|18\n|\n|t:|1700266512\n|move|p2a: Scizor|Close Combat|p1a: Garganacl\n|-supereffective|p1a: Garganacl\n|-damage|p1a: Garganacl|30\/100\n|-unboost|p2a: Scizor|def|1\n|-unboost|p2a: Scizor|spd|1\n|move|p1a: Garganacl|Salt Cure|p2a: Scizor\n|-damage|p2a: Scizor|44\/100\n|-start|p2a: Scizor|Salt Cure\n|\n|-heal|p2a: Scizor|50\/100|[from] Grassy Terrain\n|-heal|p1a: Garganacl|36\/100|[from] Grassy Terrain\n|-heal|p1a: Garganacl|42\/100|[from] item: Leftovers\n|-damage|p2a: Scizor|25\/100|[from] Salt Cure\n|upkeep\n|turn|19\n|\n|t:|1700266521\n|switch|p2a: Sneasler|Sneasler, M|100\/100\n|-damage|p2a: Sneasler|95\/100|[from] Stealth Rock\n|-enditem|p2a: Sneasler|Grassy Seed\n|-boost|p2a: Sneasler|def|1|[from] item: Grassy Seed\n|move|p1a: Garganacl|Recover|p1a: Garganacl\n|-heal|p1a: Garganacl|92\/100\n|\n|-heal|p2a: Sneasler|100\/100|[from] Grassy Terrain\n|-heal|p1a: Garganacl|98\/100|[from] Grassy Terrain\n|-heal|p1a: Garganacl|100\/100|[from] item: Leftovers\n|-fieldend|move: Grassy Terrain\n|upkeep\n|turn|20\n|\n|t:|1700266525\n|move|p2a: Sneasler|Swords Dance|p2a: Sneasler\n|-boost|p2a: Sneasler|atk|2\n|move|p1a: Garganacl|Curse|p1a: Garganacl\n|-unboost|p1a: Garganacl|spe|1\n|-boost|p1a: Garganacl|atk|1\n|-boost|p1a: Garganacl|def|1\n|\n|upkeep\n|turn|21\n|\n|t:|1700266529\n|move|p2a: Sneasler|Swords Dance|p2a: Sneasler\n|-boost|p2a: Sneasler|atk|2\n|move|p1a: Garganacl|Earthquake|p2a: Sneasler\n|-supereffective|p2a: Sneasler\n|-damage|p2a: Sneasler|0 fnt\n|faint|p2a: Sneasler\n|\n|upkeep\n|l|\u2606xyldaz\n|inactive|xyldaz disconnected and has a minute to reconnect!\n|player|p2|\n|inactive|xyldaz has 30 seconds to reconnect!\n|inactive|xyldaz has 20 seconds to reconnect!\n|inactive|xyldaz has 15 seconds to reconnect!\n|inactive|xyldaz has 10 seconds to reconnect!\n|inactive|xyldaz has 5 seconds to reconnect!\n|j| all hips no lies\n|j| Joltinjoe18\n|-message|xyldaz lost due to inactivity.\n|\n|win|spiderblack27\n|raw|spiderblack27's rating: 1638 &rarr; <strong>1659<\/strong><br \/>(+21 for winning)\n|raw|xyldaz's rating: 1650 &rarr; <strong>1629<\/strong><br \/>(-21 for losing)\n|l|\u2606spiderblack27\n","uploadtime":1700266623,"views":13,"p1id":"spiderblack27","p2id":"xyldaz","formatid":"gen9ou","rating":1629,"private":0,"password":""}