{"id":"gen9ou-1991146144","p1":"actualonion","p2":"SpatioSight","format":"[Gen 9] OU","log":"|j|\u2606actualonion\n|j|\u2606SpatioSight\n|t:|1700049883\n|gametype|singles\n|player|p1|actualonion|allister|1614\n|player|p2|SpatioSight|2|1543\n|teamsize|p1|6\n|teamsize|p2|6\n|gen|9\n|tier|[Gen 9] OU\n|rated|\n|rule|Sleep Clause Mod: Limit one foe put to sleep\n|rule|Species Clause: Limit one of each Pok\u00e9mon\n|rule|OHKO Clause: OHKO moves are banned\n|rule|Evasion Items Clause: Evasion items are banned\n|rule|Evasion Moves Clause: Evasion moves are banned\n|rule|Endless Battle Clause: Forcing endless battles is banned\n|rule|HP Percentage Mod: HP is shown in percentages\n|clearpoke\n|poke|p1|Walking Wake|\n|poke|p1|Maushold-Four|\n|poke|p1|Dragonite, M|\n|poke|p1|Great Tusk|\n|poke|p1|Muk-Alola, F|\n|poke|p1|Gardevoir, F|\n|poke|p2|Enamorus, F|\n|poke|p2|Dragapult, F|\n|poke|p2|Iron Valiant|\n|poke|p2|Gholdengo|\n|poke|p2|Iron Treads|\n|poke|p2|Dragonite, M|\n|teampreview\n|\n|t:|1700049897\n|start\n|switch|p1a: Walking Wake|Walking Wake|100\/100\n|switch|p2a: Iron Treads|Iron Treads|100\/100\n|-enditem|p2a: Iron Treads|Booster Energy\n|-activate|p2a: Iron Treads|ability: Quark Drive|[fromitem]\n|-start|p2a: Iron Treads|quarkdrivespe\n|turn|1\n|\n|t:|1700049914\n|move|p1a: Walking Wake|Flip Turn|p2a: Iron Treads\n|-supereffective|p2a: Iron Treads\n|-damage|p2a: Iron Treads|76\/100\n|\n|t:|1700049917\n|-end|p1a: Walking Wake|Protosynthesis|[silent]\n|switch|p1a: Great Tusk|Great Tusk|100\/100|[from] Flip Turn\n|move|p2a: Iron Treads|Knock Off|p1a: Great Tusk\n|-resisted|p1a: Great Tusk\n|-damage|p1a: Great Tusk|95\/100\n|-damage|p2a: Iron Treads|59\/100|[from] item: Rocky Helmet|[of] p1a: Great Tusk\n|-enditem|p1a: Great Tusk|Rocky Helmet|[from] move: Knock Off|[of] p2a: Iron Treads\n|\n|upkeep\n|turn|2\n|\n|t:|1700049936\n|-end|p2a: Iron Treads|Quark Drive|[silent]\n|switch|p2a: Enamorus|Enamorus, F|100\/100\n|move|p1a: Great Tusk|Stealth Rock|p2a: Enamorus\n|-sidestart|p2: SpatioSight|move: Stealth Rock\n|\n|upkeep\n|turn|3\n|\n|t:|1700049945\n|-end|p1a: Great Tusk|Protosynthesis|[silent]\n|switch|p1a: Muk|Muk-Alola, F|100\/100\n|move|p2a: Enamorus|Moonblast|p1a: Muk\n|-damage|p1a: Muk|72\/100\n|\n|-heal|p1a: Muk|78\/100|[from] item: Leftovers\n|upkeep\n|turn|4\n|\n|t:|1700049960\n|move|p2a: Enamorus|Substitute|p2a: Enamorus\n|-start|p2a: Enamorus|Substitute\n|-damage|p2a: Enamorus|76\/100\n|move|p1a: Muk|Knock Off|p2a: Enamorus\n|-resisted|p2a: Enamorus\n|-end|p2a: Enamorus|Substitute\n|\n|-heal|p2a: Enamorus|82\/100|[from] item: Leftovers\n|-heal|p1a: Muk|84\/100|[from] item: Leftovers\n|upkeep\n|turn|5\n|\n|t:|1700049969\n|switch|p2a: Iron Treads|Iron Treads|59\/100\n|-damage|p2a: Iron Treads|56\/100|[from] Stealth Rock\n|move|p1a: Muk|Poison Jab|p2a: Iron Treads\n|-immune|p2a: Iron Treads\n|\n|-heal|p1a: Muk|90\/100|[from] item: Leftovers\n|upkeep\n|turn|6\n|\n|t:|1700049990\n|move|p1a: Muk|Protect|p1a: Muk\n|-singleturn|p1a: Muk|Protect\n|move|p2a: Iron Treads|Rapid Spin|p1a: Muk\n|-activate|p1a: Muk|move: Protect\n|\n|-heal|p1a: Muk|96\/100|[from] item: Leftovers\n|upkeep\n|turn|7\n|\n|t:|1700049999\n|switch|p1a: Great Tusk|Great Tusk|95\/100\n|move|p2a: Iron Treads|Rapid Spin|p1a: Great Tusk\n|-damage|p1a: Great Tusk|89\/100\n|-boost|p2a: Iron Treads|spe|1\n|-sideend|p2: SpatioSight|Stealth Rock|[from] move: Rapid Spin|[of] p2a: Iron Treads\n|\n|upkeep\n|turn|8\n|\n|t:|1700050022\n|-end|p2a: Iron Treads|Quark Drive|[silent]\n|switch|p2a: Gholdengo|Gholdengo|100\/100\n|-item|p2a: Gholdengo|Air Balloon\n|move|p1a: Great Tusk|Stealth Rock|p2a: Gholdengo\n|-sidestart|p2: SpatioSight|move: Stealth Rock\n|\n|upkeep\n|turn|9\n|\n|t:|1700050031\n|-end|p1a: Great Tusk|Protosynthesis|[silent]\n|switch|p1a: Muk|Muk-Alola, F|96\/100\n|move|p2a: Gholdengo|Make It Rain|p1a: Muk\n|-damage|p1a: Muk|55\/100\n|-unboost|p2a: Gholdengo|spa|1\n|\n|-heal|p1a: Muk|61\/100|[from] item: Leftovers\n|upkeep\n|turn|10\n|\n|t:|1700050041\n|switch|p2a: Iron Treads|Iron Treads|56\/100\n|-damage|p2a: Iron Treads|53\/100|[from] Stealth Rock\n|move|p1a: Muk|Drain Punch|p2a: Iron Treads\n|-supereffective|p2a: Iron Treads\n|-damage|p2a: Iron Treads|25\/100\n|-heal|p1a: Muk|73\/100|[from] drain|[of] p2a: Iron Treads\n|\n|-heal|p1a: Muk|79\/100|[from] item: Leftovers\n|upkeep\n|turn|11\n|\n|t:|1700050051\n|move|p1a: Muk|Protect|p1a: Muk\n|-singleturn|p1a: Muk|Protect\n|move|p2a: Iron Treads|Earthquake|p1a: Muk\n|-activate|p1a: Muk|move: Protect\n|\n|-heal|p1a: Muk|85\/100|[from] item: Leftovers\n|upkeep\n|turn|12\n|\n|t:|1700050057\n|switch|p1a: Great Tusk|Great Tusk|89\/100\n|move|p2a: Iron Treads|Earthquake|p1a: Great Tusk\n|-damage|p1a: Great Tusk|70\/100\n|\n|upkeep\n|turn|13\n|\n|t:|1700050067\n|move|p2a: Iron Treads|Rapid Spin|p1a: Great Tusk\n|-damage|p1a: Great Tusk|64\/100\n|-boost|p2a: Iron Treads|spe|1\n|-sideend|p2: SpatioSight|Stealth Rock|[from] move: Rapid Spin|[of] p2a: Iron Treads\n|move|p1a: Great Tusk|Ice Spinner|p2a: Iron Treads\n|-damage|p2a: Iron Treads|6\/100\n|\n|upkeep\n|turn|14\n|\n|t:|1700050076\n|move|p2a: Iron Treads|Earthquake|p1a: Great Tusk\n|-damage|p1a: Great Tusk|47\/100\n|move|p1a: Great Tusk|Stealth Rock|p2a: Iron Treads\n|-sidestart|p2: SpatioSight|move: Stealth Rock\n|\n|upkeep\n|turn|15\n|\n|t:|1700050081\n|move|p2a: Iron Treads|Rapid Spin|p1a: Great Tusk\n|-damage|p1a: Great Tusk|41\/100\n|-boost|p2a: Iron Treads|spe|1\n|-sideend|p2: SpatioSight|Stealth Rock|[from] move: Rapid Spin|[of] p2a: Iron Treads\n|move|p1a: Great Tusk|Rapid Spin|p2a: Iron Treads\n|-resisted|p2a: Iron Treads\n|-damage|p2a: Iron Treads|0 fnt\n|-boost|p1a: Great Tusk|spe|1\n|faint|p2a: Iron Treads\n|-end|p2a: Iron Treads|Quark Drive|[silent]\n|\n|upkeep\n|\n|t:|1700050091\n|switch|p2a: Iron Valiant|Iron Valiant|100\/100\n|-enditem|p2a: Iron Valiant|Booster Energy\n|-activate|p2a: Iron Valiant|ability: Quark Drive|[fromitem]\n|-start|p2a: Iron Valiant|quarkdrivespe\n|turn|16\n|\n|t:|1700050108\n|move|p2a: Iron Valiant|Moonblast|p1a: Great Tusk\n|-supereffective|p1a: Great Tusk\n|-damage|p1a: Great Tusk|0 fnt\n|faint|p1a: Great Tusk\n|-end|p1a: Great Tusk|Protosynthesis|[silent]\n|\n|upkeep\n|\n|t:|1700050112\n|switch|p1a: Muk|Muk-Alola, F|85\/100\n|turn|17\n|\n|t:|1700050144\n|move|p2a: Iron Valiant|Moonblast|p1a: Muk\n|-damage|p1a: Muk|57\/100\n|move|p1a: Muk|Poison Jab|p2a: Iron Valiant\n|-supereffective|p2a: Iron Valiant\n|-damage|p2a: Iron Valiant|26\/100\n|\n|-heal|p1a: Muk|63\/100|[from] item: Leftovers\n|upkeep\n|turn|18\n|\n|t:|1700050156\n|move|p2a: Iron Valiant|Moonblast|p1a: Muk\n|-damage|p1a: Muk|35\/100\n|move|p1a: Muk|Poison Jab|p2a: Iron Valiant\n|-supereffective|p2a: Iron Valiant\n|-damage|p2a: Iron Valiant|0 fnt\n|faint|p2a: Iron Valiant\n|-end|p2a: Iron Valiant|Quark Drive|[silent]\n|\n|-heal|p1a: Muk|41\/100|[from] item: Leftovers\n|upkeep\n|\n|t:|1700050167\n|switch|p2a: Enamorus|Enamorus, F|82\/100\n|turn|19\n|\n|t:|1700050171\n|move|p2a: Enamorus|Earth Power|p1a: Muk\n|-supereffective|p1a: Muk\n|-damage|p1a: Muk|2\/100\n|move|p1a: Muk|Poison Jab|p2a: Enamorus\n|-supereffective|p2a: Enamorus\n|-damage|p2a: Enamorus|0 fnt\n|faint|p2a: Enamorus\n|\n|-heal|p1a: Muk|8\/100|[from] item: Leftovers\n|upkeep\n|\n|t:|1700050186\n|switch|p2a: Dragonite|Dragonite, M|100\/100\n|turn|20\n|\n|t:|1700050189\n|move|p2a: Dragonite|Dragon Dance|p2a: Dragonite\n|-boost|p2a: Dragonite|atk|1\n|-boost|p2a: Dragonite|spe|1\n|move|p1a: Muk|Poison Jab|p2a: Dragonite\n|-damage|p2a: Dragonite|84\/100\n|-status|p2a: Dragonite|psn\n|\n|-heal|p1a: Muk|14\/100|[from] item: Leftovers\n|-damage|p2a: Dragonite|71\/100 psn|[from] psn\n|upkeep\n|turn|21\n|\n|t:|1700050200\n|move|p2a: Dragonite|Dragon Dance|p2a: Dragonite\n|-boost|p2a: Dragonite|atk|1\n|-boost|p2a: Dragonite|spe|1\n|move|p1a: Muk|Poison Jab|p2a: Dragonite\n|-damage|p2a: Dragonite|41\/100 psn\n|\n|-heal|p1a: Muk|20\/100|[from] item: Leftovers\n|-damage|p2a: Dragonite|28\/100 psn|[from] psn\n|upkeep\n|turn|22\n|\n|t:|1700050209\n|move|p1a: Muk|Protect|p1a: Muk\n|-singleturn|p1a: Muk|Protect\n|move|p2a: Dragonite|Extreme Speed|p1a: Muk\n|-activate|p1a: Muk|move: Protect\n|\n|-heal|p1a: Muk|26\/100|[from] item: Leftovers\n|-damage|p2a: Dragonite|16\/100 psn|[from] psn\n|upkeep\n|turn|23\n|\n|t:|1700050217\n|move|p1a: Muk|Protect||[still]\n|-fail|p1a: Muk\n|move|p2a: Dragonite|Extreme Speed|p1a: Muk\n|-damage|p1a: Muk|0 fnt\n|faint|p1a: Muk\n|\n|-damage|p2a: Dragonite|4\/100 psn|[from] psn\n|upkeep\n|\n|t:|1700050251\n|switch|p1a: Dragonite|Dragonite, M|100\/100\n|turn|24\n|\n|t:|1700050257\n|move|p2a: Dragonite|Extreme Speed|p1a: Dragonite\n|-damage|p1a: Dragonite|65\/100\n|move|p1a: Dragonite|Outrage|p2a: Dragonite\n|-supereffective|p2a: Dragonite\n|-damage|p2a: Dragonite|0 fnt\n|faint|p2a: Dragonite\n|\n|upkeep\n|\n|t:|1700050265\n|switch|p2a: Gholdengo|Gholdengo|100\/100\n|-item|p2a: Gholdengo|Air Balloon\n|turn|25\n|\n|t:|1700050274\n|move|p2a: Gholdengo|Nasty Plot|p2a: Gholdengo\n|-boost|p2a: Gholdengo|spa|2\n|move|p1a: Dragonite|Outrage|p2a: Gholdengo|[from]lockedmove\n|-resisted|p2a: Gholdengo\n|-damage|p2a: Gholdengo|42\/100\n|-enditem|p2a: Gholdengo|Air Balloon\n|-start|p1a: Dragonite|confusion|[fatigue]\n|\n|upkeep\n|turn|26\n|\n|t:|1700050285\n|move|p2a: Gholdengo|Make It Rain|p1a: Dragonite\n|-damage|p1a: Dragonite|0 fnt\n|-unboost|p2a: Gholdengo|spa|1\n|faint|p1a: Dragonite\n|\n|upkeep\n|\n|t:|1700050304\n|switch|p1a: Maushold|Maushold-Four|100\/100\n|turn|27\n|\n|t:|1700050308\n|move|p1a: Maushold|Bite|p2a: Gholdengo\n|-supereffective|p2a: Gholdengo\n|-damage|p2a: Gholdengo|0 fnt\n|faint|p2a: Gholdengo\n|\n|upkeep\n|\n|t:|1700050313\n|switch|p2a: Dragapult|Dragapult, F|100\/100\n|turn|28\n|\n|t:|1700050321\n|move|p2a: Dragapult|Dragon Dance|p2a: Dragapult\n|-boost|p2a: Dragapult|atk|1\n|-boost|p2a: Dragapult|spe|1\n|move|p1a: Maushold|Tidy Up|p1a: Maushold\n|-boost|p1a: Maushold|atk|1\n|-boost|p1a: Maushold|spe|1\n|\n|upkeep\n|turn|29\n|\n|t:|1700050330\n|move|p2a: Dragapult|Dragon Darts|p1a: Maushold\n|-damage|p1a: Maushold|39\/100\n|-anim|p2a: Dragapult|Dragon Darts|p1a: Maushold\n|-damage|p1a: Maushold|0 fnt\n|faint|p1a: Maushold\n|\n|upkeep\n|\n|t:|1700050342\n|switch|p1a: Walking Wake|Walking Wake|100\/100\n|turn|30\n|\n|t:|1700050355\n|-terastallize|p1a: Walking Wake|Steel\n|move|p2a: Dragapult|Dragon Darts|p1a: Walking Wake\n|-resisted|p1a: Walking Wake\n|-damage|p1a: Walking Wake|77\/100\n|-anim|p2a: Dragapult|Dragon Darts|p1a: Walking Wake\n|-resisted|p1a: Walking Wake\n|-damage|p1a: Walking Wake|56\/100\n|move|p1a: Walking Wake|Draco Meteor|p2a: Dragapult\n|-supereffective|p2a: Dragapult\n|-crit|p2a: Dragapult\n|-enditem|p2a: Dragapult|Focus Sash\n|-damage|p2a: Dragapult|1\/100\n|-unboost|p1a: Walking Wake|spa|2\n|\n|upkeep\n|turn|31\n|\n|t:|1700050368\n|-terastallize|p2a: Dragapult|Fire\n|move|p2a: Dragapult|Tera Blast|p1a: Walking Wake|[anim] Tera Blast Fire\n|-supereffective|p1a: Walking Wake\n|-damage|p1a: Walking Wake|0 fnt\n|faint|p1a: Walking Wake\n|-end|p1a: Walking Wake|Protosynthesis|[silent]\n|\n|upkeep\n|\n|t:|1700050374\n|switch|p1a: Gardevoir|Gardevoir, F|100\/100\n|-ability|p1a: Gardevoir|Infiltrator|[from] ability: Trace|[of] p2a: Dragapult\n|turn|32\n|\n|t:|1700050381\n|move|p1a: Gardevoir|Vacuum Wave|p2a: Dragapult\n|-damage|p2a: Dragapult|0 fnt\n|faint|p2a: Dragapult\n|\n|win|actualonion\n|raw|actualonion's rating: 1614 &rarr; <strong>1630<\/strong><br \/>(+16 for winning)\n|raw|SpatioSight's rating: 1543 &rarr; <strong>1527<\/strong><br \/>(-16 for losing)\n|l|\u2606actualonion\n","uploadtime":1700050402,"views":6,"p1id":"actualonion","p2id":"spatiosight","formatid":"gen9ou","rating":1527,"private":0,"password":""}