{"id":"gen9ou-1995676158","p1":"Ordained","p2":"soy bebe","format":"[Gen 9] OU","log":"|j|\u2606Ordained\n|j|\u2606soy bebe\n|t:|1700593016\n|gametype|singles\n|player|p1|Ordained|ghetsis|1567\n|player|p2|soy bebe|roxanne|1521\n|teamsize|p1|6\n|teamsize|p2|6\n|gen|9\n|tier|[Gen 9] OU\n|rated|\n|rule|Sleep Clause Mod: Limit one foe put to sleep\n|rule|Species Clause: Limit one of each Pok\u00e9mon\n|rule|OHKO Clause: OHKO moves are banned\n|rule|Evasion Items Clause: Evasion items are banned\n|rule|Evasion Moves Clause: Evasion moves are banned\n|rule|Endless Battle Clause: Forcing endless battles is banned\n|rule|HP Percentage Mod: HP is shown in percentages\n|clearpoke\n|poke|p1|Great Tusk|\n|poke|p1|Zapdos|\n|poke|p1|Thundurus-Therian, M|\n|poke|p1|Kingambit, F|\n|poke|p1|Dragonite, M|\n|poke|p1|Cinderace, F|\n|poke|p2|Politoed, M|\n|poke|p2|Zapdos|\n|poke|p2|Iron Treads|\n|poke|p2|Basculegion-F, F|\n|poke|p2|Quaquaval, F|\n|poke|p2|Meowscarada, F|\n|teampreview\n|inactive|Battle timer is ON: inactive players will automatically lose when time's up. (requested by Ordained)\n|inactive|soy bebe has 120 seconds left.\n|\n|t:|1700593050\n|start\n|switch|p1a: Zapdos|Zapdos|100\/100\n|switch|p2a: Iron Treads|Iron Treads, shiny|100\/100\n|-enditem|p2a: Iron Treads|Booster Energy\n|-activate|p2a: Iron Treads|ability: Quark Drive|[fromitem]\n|-start|p2a: Iron Treads|quarkdrivespe\n|turn|1\n|\n|t:|1700593068\n|switch|p1a: Great Tusk|Great Tusk|100\/100\n|-enditem|p1a: Great Tusk|Booster Energy\n|-activate|p1a: Great Tusk|ability: Protosynthesis|[fromitem]\n|-start|p1a: Great Tusk|protosynthesisspe\n|move|p2a: Iron Treads|Stealth Rock|p1a: Great Tusk\n|-sidestart|p1: Ordained|move: Stealth Rock\n|\n|upkeep\n|turn|2\n|\n|t:|1700593078\n|move|p2a: Iron Treads|Earthquake|p1a: Great Tusk\n|-crit|p1a: Great Tusk\n|-damage|p1a: Great Tusk|56\/100\n|move|p1a: Great Tusk|Bulk Up|p1a: Great Tusk\n|-boost|p1a: Great Tusk|atk|1\n|-boost|p1a: Great Tusk|def|1\n|\n|upkeep\n|turn|3\n|inactive|soy bebe has 120 seconds left.\n|\n|t:|1700593129\n|-terastallize|p2a: Iron Treads|Ground\n|move|p2a: Iron Treads|Earthquake|p1a: Great Tusk\n|-damage|p1a: Great Tusk|31\/100\n|move|p1a: Great Tusk|Bulk Up|p1a: Great Tusk\n|-boost|p1a: Great Tusk|atk|1\n|-boost|p1a: Great Tusk|def|1\n|\n|upkeep\n|turn|4\n|\n|t:|1700593137\n|-terastallize|p1a: Great Tusk|Ice\n|move|p2a: Iron Treads|Iron Head|p1a: Great Tusk\n|-supereffective|p1a: Great Tusk\n|-damage|p1a: Great Tusk|8\/100\n|cant|p1a: Great Tusk|flinch\n|\n|upkeep\n|turn|5\n|\n|t:|1700593146\n|move|p2a: Iron Treads|Iron Head|p1a: Great Tusk\n|-supereffective|p1a: Great Tusk\n|-damage|p1a: Great Tusk|0 fnt\n|faint|p1a: Great Tusk\n|-end|p1a: Great Tusk|Protosynthesis|[silent]\n|\n|upkeep\n|\n|t:|1700593155\n|switch|p1a: Thundurus|Thundurus-Therian, M|100\/100\n|-damage|p1a: Thundurus|76\/100|[from] Stealth Rock\n|turn|6\n|inactive|soy bebe has 120 seconds left.\n|\n|t:|1700593167\n|move|p2a: Iron Treads|Iron Head|p1a: Thundurus\n|-resisted|p1a: Thundurus\n|-damage|p1a: Thundurus|48\/100\n|cant|p1a: Thundurus|flinch\n|\n|upkeep\n|turn|7\n|\n|t:|1700593172\n|move|p2a: Iron Treads|Iron Head|p1a: Thundurus\n|-resisted|p1a: Thundurus\n|-crit|p1a: Thundurus\n|-damage|p1a: Thundurus|8\/100\n|move|p1a: Thundurus|Grass Knot|p2a: Iron Treads\n|-supereffective|p2a: Iron Treads\n|-damage|p2a: Iron Treads|0 fnt\n|faint|p2a: Iron Treads\n|-end|p2a: Iron Treads|Quark Drive|[silent]\n|\n|upkeep\n|\n|t:|1700593181\n|switch|p2a: Meowscarada|Meowscarada, F, shiny|100\/100\n|turn|8\n|\n|t:|1700593184\n|move|p2a: Meowscarada|U-turn|p1a: Thundurus\n|-start|p2a: Meowscarada|typechange|Bug|[from] ability: Protean\n|-resisted|p1a: Thundurus\n|-damage|p1a: Thundurus|0 fnt\n|faint|p1a: Thundurus\n|\n|t:|1700593189\n|switch|p2a: Politoed|Politoed, M, shiny|100\/100|[from] U-turn\n|-weather|RainDance|[from] ability: Drizzle|[of] p2a: Politoed\n|\n|-weather|RainDance|[upkeep]\n|upkeep\n|\n|t:|1700593203\n|switch|p1a: Zapdos|Zapdos|100\/100\n|turn|9\n|\n|t:|1700593226\n|switch|p2a: Meowscarada|Meowscarada, F, shiny|100\/100\n|move|p1a: Zapdos|Thunderbolt|p2a: Meowscarada\n|-resisted|p2a: Meowscarada\n|-damage|p2a: Meowscarada|64\/100\n|\n|-weather|RainDance|[upkeep]\n|upkeep\n|turn|10\n|\n|t:|1700593233\n|move|p2a: Meowscarada|Knock Off|p1a: Zapdos\n|-start|p2a: Meowscarada|typechange|Dark|[from] ability: Protean\n|-damage|p1a: Zapdos|43\/100\n|-status|p2a: Meowscarada|par|[from] ability: Static|[of] p1a: Zapdos\n|-enditem|p1a: Zapdos|Heavy-Duty Boots|[from] move: Knock Off|[of] p2a: Meowscarada\n|move|p1a: Zapdos|Hurricane|p2a: Meowscarada\n|-damage|p2a: Meowscarada|0 fnt\n|faint|p2a: Meowscarada\n|\n|-weather|RainDance|[upkeep]\n|upkeep\n|\n|t:|1700593242\n|switch|p2a: Basculegion|Basculegion-F, F, shiny|100\/100\n|turn|11\n|\n|t:|1700593252\n|switch|p1a: Kingambit|Kingambit, F|100\/100\n|-damage|p1a: Kingambit|94\/100|[from] Stealth Rock\n|-activate|p1a: Kingambit|ability: Supreme Overlord\n|-start|p1a: Kingambit|fallen2|[silent]\n|move|p2a: Basculegion|Surf|p1a: Kingambit\n|-damage|p1a: Kingambit|4\/100\n|\n|-weather|RainDance|[upkeep]\n|-heal|p1a: Kingambit|10\/100|[from] item: Leftovers\n|upkeep\n|turn|12\n|\n|t:|1700593256\n|switch|p2a: Zapdos|Zapdos|100\/100\n|move|p1a: Kingambit|Sucker Punch||[still]\n|-fail|p1a: Kingambit\n|\n|-weather|RainDance|[upkeep]\n|-heal|p1a: Kingambit|17\/100|[from] item: Leftovers\n|upkeep\n|turn|13\n|\n|t:|1700593261\n|-end|p1a: Kingambit|fallen2|[silent]\n|switch|p1a: Cinderace|Cinderace, F|100\/100\n|move|p2a: Zapdos|Volt Switch|p1a: Cinderace\n|-damage|p1a: Cinderace|56\/100\n|\n|t:|1700593274\n|switch|p2a: Basculegion|Basculegion-F, F, shiny|100\/100|[from] Volt Switch\n|\n|-weather|RainDance|[upkeep]\n|upkeep\n|turn|14\n|\n|t:|1700593287\n|move|p2a: Basculegion|Surf|p1a: Cinderace\n|-supereffective|p1a: Cinderace\n|-damage|p1a: Cinderace|0 fnt\n|faint|p1a: Cinderace\n|\n|-weather|RainDance|[upkeep]\n|upkeep\n|\n|t:|1700593291\n|switch|p1a: Dragonite|Dragonite, M|100\/100\n|turn|15\n|\n|t:|1700593302\n|switch|p2a: Zapdos|Zapdos|100\/100\n|move|p1a: Dragonite|Dragon Dance|p1a: Dragonite\n|-boost|p1a: Dragonite|atk|1\n|-boost|p1a: Dragonite|spe|1\n|\n|-weather|none\n|upkeep\n|turn|16\n|\n|t:|1700593311\n|move|p1a: Dragonite|Dragon Dance|p1a: Dragonite\n|-boost|p1a: Dragonite|atk|1\n|-boost|p1a: Dragonite|spe|1\n|move|p2a: Zapdos|Hurricane|p1a: Dragonite\n|-damage|p1a: Dragonite|80\/100\n|-start|p1a: Dragonite|confusion\n|\n|upkeep\n|turn|17\n|\n|t:|1700593321\n|switch|p2a: Politoed|Politoed, M, shiny|100\/100\n|-weather|RainDance|[from] ability: Drizzle|[of] p2a: Politoed\n|-activate|p1a: Dragonite|confusion\n|-damage|p1a: Dragonite|51\/100|[from] confusion\n|\n|-weather|RainDance|[upkeep]\n|upkeep\n|turn|18\n|\n|t:|1700593329\n|-end|p1a: Dragonite|confusion\n|move|p1a: Dragonite|Roost|p1a: Dragonite\n|-heal|p1a: Dragonite|100\/100\n|-singleturn|p1a: Dragonite|move: Roost\n|move|p2a: Politoed|Ice Beam|p1a: Dragonite\n|-supereffective|p1a: Dragonite\n|-damage|p1a: Dragonite|75\/100\n|\n|-weather|RainDance|[upkeep]\n|upkeep\n|turn|19\n|\n|t:|1700593337\n|move|p1a: Dragonite|Roost|p1a: Dragonite\n|-heal|p1a: Dragonite|100\/100\n|-singleturn|p1a: Dragonite|move: Roost\n|move|p2a: Politoed|Ice Beam|p1a: Dragonite\n|-supereffective|p1a: Dragonite\n|-damage|p1a: Dragonite|76\/100\n|\n|-weather|RainDance|[upkeep]\n|upkeep\n|turn|20\n|\n|t:|1700593343\n|move|p1a: Dragonite|Earthquake|p2a: Politoed\n|-damage|p2a: Politoed|8\/100\n|move|p2a: Politoed|Ice Beam|p1a: Dragonite\n|-supereffective|p1a: Dragonite\n|-damage|p1a: Dragonite|0 fnt\n|faint|p1a: Dragonite\n|\n|-weather|RainDance|[upkeep]\n|upkeep\n|-message|Ordained forfeited.\n|\n|win|soy bebe\n|raw|Ordained's rating: 1567 &rarr; <strong>1544<\/strong><br \/>(-23 for losing)\n|raw|soy bebe's rating: 1521 &rarr; <strong>1544<\/strong><br \/>(+23 for winning)\n|l|\u2606Ordained\n","uploadtime":1700593366,"views":1,"p1id":"ordained","p2id":"soybebe","formatid":"gen9ou","rating":1544,"private":0,"password":""}