{"id":"gen9ou-1995530657","p1":"Samimi","p2":"CrowNpogue","format":"[Gen 9] OU","log":"|j|\u2606Samimi\n|j|\u2606CrowNpogue\n|t:|1700580299\n|gametype|singles\n|player|p1|Samimi|clerkf|1423\n|player|p2|CrowNpogue|102|1470\n|teamsize|p1|6\n|teamsize|p2|6\n|gen|9\n|tier|[Gen 9] OU\n|rated|\n|rule|Sleep Clause Mod: Limit one foe put to sleep\n|rule|Species Clause: Limit one of each Pok\u00e9mon\n|rule|OHKO Clause: OHKO moves are banned\n|rule|Evasion Items Clause: Evasion items are banned\n|rule|Evasion Moves Clause: Evasion moves are banned\n|rule|Endless Battle Clause: Forcing endless battles is banned\n|rule|HP Percentage Mod: HP is shown in percentages\n|clearpoke\n|poke|p1|Clefable, M|\n|poke|p1|Cinderace, M|\n|poke|p1|Ogerpon-Wellspring, F|\n|poke|p1|Iron Treads|\n|poke|p1|Articuno-Galar|\n|poke|p1|Moltres-Galar|\n|poke|p2|Great Tusk|\n|poke|p2|Samurott-Hisui, M|\n|poke|p2|Enamorus, F|\n|poke|p2|Gholdengo|\n|poke|p2|Kingambit, F|\n|poke|p2|Iron Moth|\n|teampreview\n|inactive|Battle timer is ON: inactive players will automatically lose when time's up. (requested by CrowNpogue)\n|inactive|Samimi has 120 seconds left.\n|\n|t:|1700580341\n|start\n|switch|p1a: Cinderace|Cinderace, M|100\/100\n|switch|p2a: Great Tusk|Great Tusk|100\/100\n|turn|1\n|\n|t:|1700580357\n|move|p1a: Cinderace|U-turn|p2a: Great Tusk\n|-start|p1a: Cinderace|typechange|Bug|[from] ability: Libero\n|-resisted|p2a: Great Tusk\n|-damage|p2a: Great Tusk|92\/100\n|\n|t:|1700580363\n|switch|p1a: Moltres|Moltres-Galar|100\/100|[from] U-turn\n|move|p2a: Great Tusk|Earthquake|p1a: Moltres\n|-immune|p1a: Moltres\n|\n|-heal|p2a: Great Tusk|98\/100|[from] item: Leftovers\n|upkeep\n|turn|2\n|\n|t:|1700580381\n|-end|p2a: Great Tusk|Protosynthesis|[silent]\n|switch|p2a: Enamorus|Enamorus, F|100\/100\n|move|p1a: Moltres|Nasty Plot|p1a: Moltres\n|-boost|p1a: Moltres|spa|2\n|\n|upkeep\n|turn|3\n|\n|t:|1700580390\n|move|p2a: Enamorus|Moonblast|p1a: Moltres\n|-supereffective|p1a: Moltres\n|-damage|p1a: Moltres|16\/100\n|-ability|p1a: Moltres|Berserk|boost\n|-boost|p1a: Moltres|spa|1\n|-enditem|p1a: Moltres|Aguav Berry|[eat]\n|-heal|p1a: Moltres|49\/100|[from] item: Aguav Berry\n|move|p1a: Moltres|Agility|p1a: Moltres\n|-boost|p1a: Moltres|spe|2\n|\n|upkeep\n|turn|4\n|\n|t:|1700580402\n|move|p1a: Moltres|Hurricane|p2a: Enamorus|[miss]\n|-miss|p1a: Moltres|p2a: Enamorus\n|move|p2a: Enamorus|Moonblast|p1a: Moltres\n|-supereffective|p1a: Moltres\n|-damage|p1a: Moltres|0 fnt\n|faint|p1a: Moltres\n|\n|upkeep\n|\n|t:|1700580413\n|switch|p1a: Iron Treads|Iron Treads|100\/100\n|turn|5\n|\n|t:|1700580434\n|switch|p2a: Great Tusk|Great Tusk|98\/100\n|-end|p1a: Iron Treads|Quark Drive|[silent]\n|switch|p1a: Ogerpon|Ogerpon-Wellspring, F|100\/100\n|\n|-heal|p2a: Great Tusk|100\/100|[from] item: Leftovers\n|upkeep\n|turn|6\n|\n|t:|1700580446\n|move|p1a: Ogerpon|Swords Dance|p1a: Ogerpon\n|-boost|p1a: Ogerpon|atk|2\n|move|p2a: Great Tusk|Body Press|p1a: Ogerpon\n|-damage|p1a: Ogerpon|36\/100\n|\n|upkeep\n|turn|7\n|\n|t:|1700580456\n|move|p1a: Ogerpon|Horn Leech|p2a: Great Tusk\n|-supereffective|p2a: Great Tusk\n|-damage|p2a: Great Tusk|18\/100\n|-heal|p1a: Ogerpon|96\/100|[from] drain|[of] p2a: Great Tusk\n|move|p2a: Great Tusk|Body Press|p1a: Ogerpon\n|-damage|p1a: Ogerpon|39\/100\n|\n|-heal|p2a: Great Tusk|25\/100|[from] item: Leftovers\n|upkeep\n|turn|8\n|\n|t:|1700580471\n|move|p1a: Ogerpon|Horn Leech|p2a: Great Tusk\n|-supereffective|p2a: Great Tusk\n|-damage|p2a: Great Tusk|0 fnt\n|-heal|p1a: Ogerpon|56\/100|[from] drain|[of] p2a: Great Tusk\n|faint|p2a: Great Tusk\n|-end|p2a: Great Tusk|Protosynthesis|[silent]\n|\n|upkeep\n|\n|t:|1700580477\n|switch|p2a: Samurott|Samurott-Hisui, M|100\/100\n|turn|9\n|\n|t:|1700580500\n|move|p2a: Samurott|Knock Off|p1a: Ogerpon\n|-damage|p1a: Ogerpon|15\/100\n|move|p1a: Ogerpon|Horn Leech|p2a: Samurott\n|-supereffective|p2a: Samurott\n|-damage|p2a: Samurott|0 fnt\n|-heal|p1a: Ogerpon|69\/100|[from] drain|[of] p2a: Samurott\n|faint|p2a: Samurott\n|\n|upkeep\n|\n|t:|1700580506\n|switch|p2a: Iron Moth|Iron Moth|100\/100\n|-enditem|p2a: Iron Moth|Booster Energy\n|-activate|p2a: Iron Moth|ability: Quark Drive|[fromitem]\n|-start|p2a: Iron Moth|quarkdrivespa\n|turn|10\n|\n|t:|1700580515\n|-terastallize|p1a: Ogerpon|Water\n|detailschange|p1a: Ogerpon|Ogerpon-Wellspring-Tera, F, tera:Water\n|-ability|p1a: Ogerpon|Embody Aspect (Wellspring)|boost\n|-boost|p1a: Ogerpon|spd|1\n|move|p1a: Ogerpon|Ivy Cudgel|p2a: Iron Moth|[anim] Ivy Cudgel Water\n|-supereffective|p2a: Iron Moth\n|-damage|p2a: Iron Moth|0 fnt\n|faint|p2a: Iron Moth\n|-end|p2a: Iron Moth|Quark Drive|[silent]\n|\n|upkeep\n|l|\u2606CrowNpogue\n|inactive|CrowNpogue disconnected and has a minute to reconnect!\n|player|p2|\n|inactive|CrowNpogue has 30 seconds to reconnect!\n|inactive|CrowNpogue has 20 seconds to reconnect!\n|inactive|CrowNpogue has 15 seconds to reconnect!\n|inactive|CrowNpogue has 10 seconds to reconnect!\n|inactive|CrowNpogue has 5 seconds to reconnect!\n|-message|CrowNpogue lost due to inactivity.\n|\n|win|Samimi\n|raw|Samimi's rating: 1423 &rarr; <strong>1446<\/strong><br \/>(+23 for winning)\n|raw|CrowNpogue's rating: 1470 &rarr; <strong>1447<\/strong><br \/>(-23 for losing)\n","uploadtime":1700580589,"views":2,"p1id":"samimi","p2id":"crownpogue","formatid":"gen9ou","rating":1446,"private":0,"password":""}