{"id":"gen9ou-1996577558","p1":"mrjokie","p2":"ReaperOverwatch41","format":"[Gen 9] OU","log":"|j|\u2606mrjokie\n|j|\u2606ReaperOverwatch41\n|t:|1700696350\n|gametype|singles\n|player|p1|mrjokie|lucas|1194\n|player|p2|ReaperOverwatch41|1|1090\n|teamsize|p1|6\n|teamsize|p2|6\n|gen|9\n|tier|[Gen 9] OU\n|rated|\n|rule|Sleep Clause Mod: Limit one foe put to sleep\n|rule|Species Clause: Limit one of each Pok\u00e9mon\n|rule|OHKO Clause: OHKO moves are banned\n|rule|Evasion Items Clause: Evasion items are banned\n|rule|Evasion Moves Clause: Evasion moves are banned\n|rule|Endless Battle Clause: Forcing endless battles is banned\n|rule|HP Percentage Mod: HP is shown in percentages\n|clearpoke\n|poke|p1|Samurott-Hisui, M|\n|poke|p1|Gholdengo|\n|poke|p1|Ceruledge, F|\n|poke|p1|Rillaboom, F|\n|poke|p1|Zamazenta-*|\n|poke|p1|Great Tusk|\n|poke|p2|Ceruledge, M|\n|poke|p2|Kingambit, M|\n|poke|p2|Iron Valiant|\n|poke|p2|Rotom-Wash|\n|poke|p2|Ursaluna, M|\n|poke|p2|Torkoal, M|\n|teampreview\n|inactive|Battle timer is ON: inactive players will automatically lose when time's up. (requested by mrjokie)\n|\n|t:|1700696372\n|start\n|switch|p1a: Samurott|Samurott-Hisui, M, shiny|100\/100\n|switch|p2a: Iron Valiant|Iron Valiant|100\/100\n|-enditem|p2a: Iron Valiant|Booster Energy\n|-activate|p2a: Iron Valiant|ability: Quark Drive|[fromitem]\n|-start|p2a: Iron Valiant|quarkdrivespe\n|turn|1\n|\n|t:|1700696381\n|-terastallize|p1a: Samurott|Electric\n|move|p2a: Iron Valiant|Moonblast|p1a: Samurott\n|-damage|p1a: Samurott|36\/100\n|move|p1a: Samurott|Aqua Cutter|p2a: Iron Valiant\n|-damage|p2a: Iron Valiant|32\/100\n|\n|upkeep\n|turn|2\n|\n|t:|1700696391\n|switch|p1a: Gholdengo|Gholdengo|100\/100\n|move|p2a: Iron Valiant|Moonblast|p1a: Gholdengo\n|-resisted|p1a: Gholdengo\n|-crit|p1a: Gholdengo\n|-damage|p1a: Gholdengo|61\/100\n|\n|upkeep\n|turn|3\n|\n|t:|1700696408\n|move|p2a: Iron Valiant|Thunderbolt|p1a: Gholdengo\n|-damage|p1a: Gholdengo|27\/100\n|move|p1a: Gholdengo|Shadow Ball|p2a: Iron Valiant\n|-damage|p2a: Iron Valiant|0 fnt\n|faint|p2a: Iron Valiant\n|-end|p2a: Iron Valiant|Quark Drive|[silent]\n|\n|upkeep\n|\n|t:|1700696426\n|switch|p2a: Ceruledge|Ceruledge, M|100\/100\n|turn|4\n|\n|t:|1700696438\n|switch|p1a: Great Tusk|Great Tusk|100\/100\n|-enditem|p1a: Great Tusk|Booster Energy\n|-activate|p1a: Great Tusk|ability: Protosynthesis|[fromitem]\n|-start|p1a: Great Tusk|protosynthesisspe\n|move|p2a: Ceruledge|Bitter Blade|p1a: Great Tusk\n|-damage|p1a: Great Tusk|71\/100\n|\n|upkeep\n|turn|5\n|\n|t:|1700696448\n|switch|p2a: Rotom|Rotom-Wash|100\/100\n|move|p1a: Great Tusk|High Horsepower|p2a: Rotom\n|-immune|p2a: Rotom|[from] ability: Levitate\n|\n|upkeep\n|turn|6\n|\n|t:|1700696455\n|-end|p1a: Great Tusk|Protosynthesis|[silent]\n|switch|p1a: Rillaboom|Rillaboom, F|100\/100\n|-fieldstart|move: Grassy Terrain|[from] ability: Grassy Surge|[of] p1a: Rillaboom\n|move|p2a: Rotom|Hydro Pump|p1a: Rillaboom|[miss]\n|-miss|p2a: Rotom|p1a: Rillaboom\n|\n|upkeep\n|turn|7\n|\n|t:|1700696464\n|switch|p2a: Torkoal|Torkoal, M|100\/100\n|-weather|SunnyDay|[from] ability: Drought|[of] p2a: Torkoal\n|move|p1a: Rillaboom|Knock Off|p2a: Torkoal\n|-damage|p2a: Torkoal|77\/100\n|-enditem|p2a: Torkoal|Heat Rock|[from] move: Knock Off|[of] p1a: Rillaboom\n|-damage|p1a: Rillaboom|91\/100|[from] item: Life Orb\n|\n|-weather|SunnyDay|[upkeep]\n|-heal|p1a: Rillaboom|97\/100|[from] Grassy Terrain\n|-heal|p2a: Torkoal|83\/100|[from] Grassy Terrain\n|upkeep\n|turn|8\n|\n|t:|1700696476\n|switch|p1a: Samurott|Samurott-Hisui, M, shiny, tera:Electric|36\/100\n|move|p2a: Torkoal|Rapid Spin|p1a: Samurott\n|-damage|p1a: Samurott|26\/100\n|-boost|p2a: Torkoal|spe|1\n|\n|-weather|SunnyDay|[upkeep]\n|-heal|p1a: Samurott|32\/100|[from] Grassy Terrain\n|-heal|p2a: Torkoal|89\/100|[from] Grassy Terrain\n|upkeep\n|turn|9\n|\n|t:|1700696486\n|move|p1a: Samurott|Ceaseless Edge|p2a: Torkoal\n|-damage|p2a: Torkoal|59\/100\n|-sidestart|p2: ReaperOverwatch41|Spikes\n|move|p2a: Torkoal|Rapid Spin|p1a: Samurott\n|-damage|p1a: Samurott|22\/100\n|-boost|p2a: Torkoal|spe|1\n|-sideend|p2: ReaperOverwatch41|Spikes|[from] move: Rapid Spin|[of] p2a: Torkoal\n|\n|-weather|SunnyDay|[upkeep]\n|-heal|p1a: Samurott|28\/100|[from] Grassy Terrain\n|-heal|p2a: Torkoal|65\/100|[from] Grassy Terrain\n|upkeep\n|turn|10\n|\n|t:|1700696497\n|move|p1a: Samurott|Ceaseless Edge|p2a: Torkoal\n|-damage|p2a: Torkoal|30\/100\n|-sidestart|p2: ReaperOverwatch41|Spikes\n|move|p2a: Torkoal|Eruption|p1a: Samurott\n|-damage|p1a: Samurott|2\/100\n|\n|-weather|SunnyDay|[upkeep]\n|-heal|p1a: Samurott|8\/100|[from] Grassy Terrain\n|-heal|p2a: Torkoal|37\/100|[from] Grassy Terrain\n|-fieldend|move: Grassy Terrain\n|upkeep\n|turn|11\n|\n|t:|1700696508\n|move|p1a: Samurott|Ceaseless Edge|p2a: Torkoal\n|-damage|p2a: Torkoal|6\/100\n|-sidestart|p2: ReaperOverwatch41|Spikes\n|move|p2a: Torkoal|Rapid Spin|p1a: Samurott\n|-damage|p1a: Samurott|0 fnt\n|-boost|p2a: Torkoal|spe|1\n|-sideend|p2: ReaperOverwatch41|Spikes|[from] move: Rapid Spin|[of] p2a: Torkoal\n|faint|p1a: Samurott\n|\n|-weather|SunnyDay|[upkeep]\n|upkeep\n|\n|t:|1700696525\n|switch|p1a: Zamazenta|Zamazenta|100\/100\n|-ability|p1a: Zamazenta|Dauntless Shield|boost\n|-boost|p1a: Zamazenta|def|1\n|turn|12\n|\n|t:|1700696530\n|move|p1a: Zamazenta|Iron Defense|p1a: Zamazenta\n|-boost|p1a: Zamazenta|def|2\n|move|p2a: Torkoal|Stealth Rock|p1a: Zamazenta\n|-sidestart|p1: mrjokie|move: Stealth Rock\n|\n|-weather|SunnyDay|[upkeep]\n|upkeep\n|turn|13\n|\n|t:|1700696537\n|move|p1a: Zamazenta|Crunch|p2a: Torkoal\n|-damage|p2a: Torkoal|0 fnt\n|faint|p2a: Torkoal\n|\n|-weather|SunnyDay|[upkeep]\n|upkeep\n|\n|t:|1700696545\n|switch|p2a: Rotom|Rotom-Wash|100\/100\n|turn|14\n|\n|t:|1700696551\n|switch|p1a: Rillaboom|Rillaboom, F|97\/100\n|-damage|p1a: Rillaboom|84\/100|[from] Stealth Rock\n|-fieldstart|move: Grassy Terrain|[from] ability: Grassy Surge|[of] p1a: Rillaboom\n|move|p2a: Rotom|Will-O-Wisp|p1a: Rillaboom\n|-status|p1a: Rillaboom|brn\n|\n|-weather|none\n|-heal|p1a: Rillaboom|91\/100 brn|[from] Grassy Terrain\n|-damage|p1a: Rillaboom|84\/100 brn|[from] brn\n|upkeep\n|turn|15\n|\n|t:|1700696566\n|move|p1a: Rillaboom|Knock Off|p2a: Rotom\n|-damage|p2a: Rotom|83\/100\n|-enditem|p2a: Rotom|Sitrus Berry|[from] move: Knock Off|[of] p1a: Rillaboom\n|-damage|p1a: Rillaboom|74\/100 brn|[from] item: Life Orb\n|move|p2a: Rotom|Thunderbolt|p1a: Rillaboom\n|-resisted|p1a: Rillaboom\n|-damage|p1a: Rillaboom|53\/100 brn\n|\n|-heal|p1a: Rillaboom|59\/100 brn|[from] Grassy Terrain\n|-damage|p1a: Rillaboom|53\/100 brn|[from] brn\n|upkeep\n|turn|16\n|\n|t:|1700696581\n|move|p1a: Rillaboom|Grassy Glide|p2a: Rotom\n|-supereffective|p2a: Rotom\n|-damage|p2a: Rotom|45\/100\n|-damage|p1a: Rillaboom|43\/100 brn|[from] item: Life Orb\n|move|p2a: Rotom|Volt Switch|p1a: Rillaboom\n|-resisted|p1a: Rillaboom\n|-damage|p1a: Rillaboom|25\/100 brn\n|\n|t:|1700696589\n|switch|p2a: Ceruledge|Ceruledge, M|100\/100|[from] Volt Switch\n|\n|-heal|p1a: Rillaboom|31\/100 brn|[from] Grassy Terrain\n|-damage|p1a: Rillaboom|25\/100 brn|[from] brn\n|upkeep\n|turn|17\n|\n|t:|1700696596\n|move|p1a: Rillaboom|Knock Off|p2a: Ceruledge\n|-supereffective|p2a: Ceruledge\n|-damage|p2a: Ceruledge|41\/100\n|-ability|p2a: Ceruledge|Weak Armor|boost\n|-unboost|p2a: Ceruledge|def|1\n|-boost|p2a: Ceruledge|spe|2\n|-enditem|p2a: Ceruledge|Focus Sash|[from] move: Knock Off|[of] p1a: Rillaboom\n|-damage|p1a: Rillaboom|15\/100 brn|[from] item: Life Orb\n|move|p2a: Ceruledge|Swords Dance|p2a: Ceruledge\n|-boost|p2a: Ceruledge|atk|2\n|\n|-heal|p2a: Ceruledge|47\/100|[from] Grassy Terrain\n|-heal|p1a: Rillaboom|21\/100 brn|[from] Grassy Terrain\n|-damage|p1a: Rillaboom|15\/100 brn|[from] brn\n|upkeep\n|turn|18\n|\n|t:|1700696612\n|-terastallize|p2a: Ceruledge|Fire\n|move|p1a: Rillaboom|Grassy Glide|p2a: Ceruledge\n|-resisted|p2a: Ceruledge\n|-damage|p2a: Ceruledge|20\/100\n|-ability|p2a: Ceruledge|Weak Armor|boost\n|-unboost|p2a: Ceruledge|def|1\n|-boost|p2a: Ceruledge|spe|2\n|-damage|p1a: Rillaboom|5\/100 brn|[from] item: Life Orb\n|move|p2a: Ceruledge|Swords Dance|p2a: Ceruledge\n|-boost|p2a: Ceruledge|atk|2\n|\n|-heal|p2a: Ceruledge|27\/100|[from] Grassy Terrain\n|-heal|p1a: Rillaboom|11\/100 brn|[from] Grassy Terrain\n|-damage|p1a: Rillaboom|5\/100 brn|[from] brn\n|-fieldend|move: Grassy Terrain\n|upkeep\n|turn|19\n|\n|t:|1700696629\n|move|p2a: Ceruledge|Shadow Sneak|p1a: Rillaboom\n|-damage|p1a: Rillaboom|0 fnt\n|faint|p1a: Rillaboom\n|\n|upkeep\n|\n|t:|1700696639\n|switch|p1a: Great Tusk|Great Tusk|71\/100\n|-damage|p1a: Great Tusk|68\/100|[from] Stealth Rock\n|turn|20\n|\n|t:|1700696643\n|move|p2a: Ceruledge|Bitter Blade|p1a: Great Tusk\n|-damage|p1a: Great Tusk|0 fnt\n|-heal|p2a: Ceruledge|77\/100|[from] drain|[of] p1a: Great Tusk\n|faint|p1a: Great Tusk\n|-end|p1a: Great Tusk|Protosynthesis|[silent]\n|\n|upkeep\n|-message|mrjokie forfeited.\n|\n|win|ReaperOverwatch41\n|raw|mrjokie's rating: 1194 &rarr; <strong>1162<\/strong><br \/>(-32 for losing)\n|raw|ReaperOverwatch41's rating: 1090 &rarr; <strong>1124<\/strong><br \/>(+34 for winning)\n|l|\u2606mrjokie\n","uploadtime":1700696653,"views":2,"p1id":"mrjokie","p2id":"reaperoverwatch41","formatid":"gen9ou","rating":1124,"private":0,"password":""}