{"id":"gen9ou-1996460000","p1":"Aggron","p2":"Morgan&Sableye","format":"[Gen 9] OU","log":"|j|\u2606Aggron\n|j|\u2606Morgan&Sableye\n|t:|1700684128\n|gametype|singles\n|player|p1|Aggron|pokefan-gen4|1803\n|player|p2|Morgan&Sableye|blaine|1780\n|teamsize|p1|6\n|teamsize|p2|6\n|gen|9\n|tier|[Gen 9] OU\n|rated|\n|rule|Sleep Clause Mod: Limit one foe put to sleep\n|rule|Species Clause: Limit one of each Pok\u00e9mon\n|rule|OHKO Clause: OHKO moves are banned\n|rule|Evasion Items Clause: Evasion items are banned\n|rule|Evasion Moves Clause: Evasion moves are banned\n|rule|Endless Battle Clause: Forcing endless battles is banned\n|rule|HP Percentage Mod: HP is shown in percentages\n|clearpoke\n|poke|p1|Sinistcha-Masterpiece|\n|poke|p1|Heatran, M|\n|poke|p1|Rillaboom, F|\n|poke|p1|Samurott-Hisui, F|\n|poke|p1|Tyranitar, M|\n|poke|p1|Pawmot, M|\n|poke|p2|Hoopa-Unbound|\n|poke|p2|Ursaluna, F|\n|poke|p2|Hatterene, F|\n|poke|p2|Cresselia, F|\n|poke|p2|Iron Hands|\n|poke|p2|Kingambit, M|\n|teampreview\n|inactive|Battle timer is ON: inactive players will automatically lose when time's up. (requested by Aggron)\n|inactive|Aggron has 120 seconds left.\n|\n|t:|1700684167\n|start\n|switch|p1a: Heatran|Heatran, M|100\/100\n|switch|p2a: Hands|Iron Hands|100\/100\n|-item|p1a: Heatran|Air Balloon\n|-enditem|p2a: Hands|Booster Energy\n|-activate|p2a: Hands|ability: Quark Drive|[fromitem]\n|-start|p2a: Hands|quarkdriveatk\n|turn|1\n|\n|t:|1700684174\n|switch|p1a: Sinistcha|Sinistcha-Masterpiece|100\/100\n|move|p2a: Hands|Wild Charge|p1a: Sinistcha\n|-resisted|p1a: Sinistcha\n|-damage|p1a: Sinistcha|75\/100\n|-damage|p2a: Hands|96\/100|[from] Recoil\n|\n|upkeep\n|turn|2\n|\n|t:|1700684179\n|move|p1a: Sinistcha|Matcha Gotcha|p2a: Hands\n|-damage|p2a: Hands|67\/100\n|-heal|p1a: Sinistcha|96\/100|[from] drain|[of] p2a: Hands\n|move|p2a: Hands|Ice Punch|p1a: Sinistcha\n|-supereffective|p1a: Sinistcha\n|-damage|p1a: Sinistcha|45\/100\n|\n|upkeep\n|turn|3\n|\n|t:|1700684187\n|move|p1a: Sinistcha|Strength Sap|p2a: Hands\n|-unboost|p2a: Hands|atk|1\n|-heal|p1a: Sinistcha|100\/100\n|move|p2a: Hands|Swords Dance|p2a: Hands\n|-boost|p2a: Hands|atk|2\n|\n|upkeep\n|turn|4\n|inactive|Aggron has 120 seconds left.\n|l|\u2606Aggron\n|inactive|Aggron disconnected and has a minute to reconnect!\n|player|p1|\n|j|\u2606Aggron\n|inactive|Aggron reconnected and has 115 seconds left.\n|player|p1|Aggron|pokefan-gen4\n|\n|t:|1700684229\n|move|p1a: Sinistcha|Matcha Gotcha|p2a: Hands\n|-damage|p2a: Hands|38\/100\n|move|p2a: Hands|Ice Punch|p1a: Sinistcha\n|-supereffective|p1a: Sinistcha\n|-damage|p1a: Sinistcha|16\/100\n|\n|upkeep\n|turn|5\n|j| YB is BETTER\n|\n|t:|1700684238\n|move|p1a: Sinistcha|Strength Sap|p2a: Hands\n|-unboost|p2a: Hands|atk|1\n|-heal|p1a: Sinistcha|100\/100\n|move|p2a: Hands|Swords Dance|p2a: Hands\n|-boost|p2a: Hands|atk|2\n|\n|upkeep\n|turn|6\n|\n|t:|1700684242\n|move|p1a: Sinistcha|Matcha Gotcha|p2a: Hands\n|-damage|p2a: Hands|7\/100\n|move|p2a: Hands|Ice Punch|p1a: Sinistcha\n|-supereffective|p1a: Sinistcha\n|-damage|p1a: Sinistcha|0 fnt\n|faint|p1a: Sinistcha\n|\n|upkeep\n|j| dfghhhg\n|\n|t:|1700684246\n|switch|p1a: Samurott|Samurott-Hisui, F|100\/100\n|turn|7\n|j| eeferrrerere\n|j| banjoindamanjo\n|\n|t:|1700684258\n|-end|p2a: Hands|Quark Drive|[silent]\n|switch|p2a: Crescent|Cresselia, F, shiny|100\/100\n|move|p1a: Samurott|Ceaseless Edge|p2a: Crescent\n|-supereffective|p2a: Crescent\n|-damage|p2a: Crescent|46\/100\n|-sidestart|p2: Morgan&Sableye|Spikes\n|\n|-heal|p2a: Crescent|53\/100|[from] item: Leftovers\n|upkeep\n|turn|8\n|\n|t:|1700684265\n|-terastallize|p2a: Crescent|Poison\n|move|p1a: Samurott|Ceaseless Edge|p2a: Crescent\n|-damage|p2a: Crescent|25\/100\n|-sidestart|p2: Morgan&Sableye|Spikes\n|move|p2a: Crescent|Trick Room|p2a: Crescent\n|-fieldstart|move: Trick Room|[of] p2a: Crescent\n|\n|-heal|p2a: Crescent|32\/100|[from] item: Leftovers\n|upkeep\n|turn|9\n|\n|t:|1700684277\n|move|p2a: Crescent|Lunar Dance|p2a: Crescent\n|faint|p2a: Crescent\n|move|p1a: Samurott|Ceaseless Edge|p2: Crescent|[notarget]\n|-fail|p1a: Samurott\n|\n|upkeep\n|\n|t:|1700684280\n|switch|p2a: Hands|Iron Hands|7\/100\n|-heal|p2a: Hands|100\/100|[from] move: Lunar Dance\n|-damage|p2a: Hands|84\/100|[from] Spikes\n|turn|10\n|\n|t:|1700684285\n|switch|p1a: Heatran|Heatran, M|100\/100\n|-item|p1a: Heatran|Air Balloon\n|move|p2a: Hands|Swords Dance|p2a: Hands\n|-boost|p2a: Hands|atk|2\n|\n|upkeep\n|turn|11\n|\n|t:|1700684293\n|move|p2a: Hands|Wild Charge|p1a: Heatran\n|-damage|p1a: Heatran|0 fnt\n|-status|p2a: Hands|brn|[from] ability: Flame Body|[of] p1a: Heatran\n|-enditem|p1a: Heatran|Air Balloon\n|faint|p1a: Heatran\n|-damage|p2a: Hands|68\/100 brn|[from] Recoil\n|\n|-damage|p2a: Hands|62\/100 brn|[from] brn\n|upkeep\n|\n|t:|1700684313\n|switch|p1a: Tyranitar|Tyranitar, M|100\/100\n|-weather|Sandstorm|[from] ability: Sand Stream|[of] p1a: Tyranitar\n|turn|12\n|\n|t:|1700684330\n|move|p2a: Hands|Drain Punch|p1a: Tyranitar\n|-supereffective|p1a: Tyranitar\n|-damage|p1a: Tyranitar|0 fnt\n|-heal|p2a: Hands|100\/100 brn|[from] drain|[of] p1a: Tyranitar\n|faint|p1a: Tyranitar\n|\n|-weather|Sandstorm|[upkeep]\n|-damage|p2a: Hands|94\/100 brn|[from] Sandstorm\n|-damage|p2a: Hands|88\/100 brn|[from] brn\n|-fieldend|move: Trick Room\n|upkeep\n|\n|t:|1700684332\n|switch|p1a: Pawmot|Pawmot, M|100\/100\n|turn|13\n|\n|t:|1700684342\n|move|p1a: Pawmot|Revival Blessing|p1a: Pawmot\n|\n|t:|1700684345\n|-heal|p1: Sinistcha|50\/100|[from] move: Revival Blessing\n|move|p2a: Hands|Swords Dance|p2a: Hands\n|-boost|p2a: Hands|atk|2\n|\n|-weather|Sandstorm|[upkeep]\n|-damage|p1a: Pawmot|94\/100|[from] Sandstorm\n|-damage|p2a: Hands|82\/100 brn|[from] Sandstorm\n|-damage|p2a: Hands|75\/100 brn|[from] brn\n|upkeep\n|turn|14\n|j| vontebmf1\n|\n|t:|1700684374\n|switch|p1a: Rillaboom|Rillaboom, F, shiny|100\/100\n|-fieldstart|move: Grassy Terrain|[from] ability: Grassy Surge|[of] p1a: Rillaboom\n|move|p2a: Hands|Ice Punch|p1a: Rillaboom\n|-supereffective|p1a: Rillaboom\n|-damage|p1a: Rillaboom|9\/100\n|\n|-weather|Sandstorm|[upkeep]\n|-damage|p1a: Rillaboom|3\/100|[from] Sandstorm\n|-damage|p2a: Hands|69\/100 brn|[from] Sandstorm\n|-heal|p1a: Rillaboom|9\/100|[from] Grassy Terrain\n|-heal|p2a: Hands|75\/100 brn|[from] Grassy Terrain\n|-damage|p2a: Hands|69\/100 brn|[from] brn\n|upkeep\n|turn|15\n|\n|t:|1700684382\n|move|p1a: Rillaboom|High Horsepower|p2a: Hands\n|-supereffective|p2a: Hands\n|-damage|p2a: Hands|2\/100 brn\n|move|p2a: Hands|Ice Punch|p1a: Rillaboom\n|-supereffective|p1a: Rillaboom\n|-damage|p1a: Rillaboom|0 fnt\n|faint|p1a: Rillaboom\n|\n|-weather|Sandstorm|[upkeep]\n|-damage|p2a: Hands|0 fnt|[from] Sandstorm\n|faint|p2a: Hands\n|-end|p2a: Hands|Quark Drive|[silent]\n|upkeep\n|\n|t:|1700684392\n|switch|p1a: Pawmot|Pawmot, M|94\/100\n|switch|p2a: Hat|Hatterene, F|100\/100\n|-damage|p2a: Hat|84\/100|[from] Spikes\n|turn|16\n|\n|t:|1700684396\n|-terastallize|p1a: Pawmot|Electric\n|move|p1a: Pawmot|Double Shock|p2a: Hat\n|-damage|p2a: Hat|0 fnt\n|-start|p1a: Pawmot|typechange|Electric|[from] move: Double Shock\n|faint|p2a: Hat\n|\n|-weather|none\n|-heal|p1a: Pawmot|100\/100|[from] Grassy Terrain\n|upkeep\n|\n|t:|1700684400\n|switch|p2a: Bear|Ursaluna, F|100\/100\n|-damage|p2a: Bear|84\/100|[from] Spikes\n|turn|17\n|\n|t:|1700684406\n|switch|p1a: Sinistcha|Sinistcha-Masterpiece|50\/100\n|move|p2a: Bear|Headlong Rush|p1a: Sinistcha\n|-resisted|p1a: Sinistcha\n|-damage|p1a: Sinistcha|27\/100\n|-unboost|p2a: Bear|def|1\n|-unboost|p2a: Bear|spd|1\n|\n|-heal|p1a: Sinistcha|33\/100|[from] Grassy Terrain\n|-heal|p2a: Bear|90\/100|[from] Grassy Terrain\n|-status|p2a: Bear|brn|[from] item: Flame Orb\n|upkeep\n|turn|18\n|\n|t:|1700684411\n|switch|p2a: King|Kingambit, M, shiny|100\/100\n|-damage|p2a: King|84\/100|[from] Spikes\n|-activate|p2a: King|ability: Supreme Overlord\n|-start|p2a: King|fallen3|[silent]\n|move|p1a: Sinistcha|Strength Sap|p2a: King\n|-unboost|p2a: King|atk|1\n|-heal|p1a: Sinistcha|100\/100\n|\n|-heal|p2a: King|90\/100|[from] Grassy Terrain\n|-heal|p2a: King|96\/100|[from] item: Leftovers\n|-fieldend|move: Grassy Terrain\n|upkeep\n|turn|19\n|\n|t:|1700684414\n|switch|p1a: Samurott|Samurott-Hisui, F|100\/100\n|move|p2a: King|Kowtow Cleave|p1a: Samurott\n|-resisted|p1a: Samurott\n|-damage|p1a: Samurott|74\/100\n|\n|-heal|p2a: King|100\/100|[from] item: Leftovers\n|upkeep\n|turn|20\n|j| Ctannn\n|\n|t:|1700684420\n|move|p1a: Samurott|Sacred Sword|p2a: King\n|-supereffective|p2a: King\n|-damage|p2a: King|0 fnt\n|faint|p2a: King\n|-end|p2a: King|fallen3|[silent]\n|\n|upkeep\n|\n|t:|1700684422\n|switch|p2a: Uuummmm...|Hoopa-Unbound|100\/100\n|-damage|p2a: Uuummmm...|84\/100|[from] Spikes\n|turn|21\n|\n|t:|1700684430\n|move|p1a: Samurott|Ceaseless Edge|p2a: Uuummmm...\n|-damage|p2a: Uuummmm...|23\/100\n|-sidestart|p2: Morgan&Sableye|Spikes\n|move|p2a: Uuummmm...|Trick Room|p2a: Uuummmm...\n|-fieldstart|move: Trick Room|[of] p2a: Uuummmm...\n|\n|upkeep\n|turn|22\n|\n|t:|1700684432\n|move|p1a: Samurott|Sucker Punch|p2a: Uuummmm...\n|-damage|p2a: Uuummmm...|0 fnt\n|faint|p2a: Uuummmm...\n|\n|upkeep\n|\n|t:|1700684434\n|switch|p2a: Bear|Ursaluna, F|90\/100 brn\n|-damage|p2a: Bear|65\/100 brn|[from] Spikes\n|turn|23\n|\n|t:|1700684438\n|move|p1a: Samurott|Sucker Punch|p2a: Bear\n|-damage|p2a: Bear|42\/100 brn\n|move|p2a: Bear|Headlong Rush|p1a: Samurott\n|-damage|p1a: Samurott|0 fnt\n|-unboost|p2a: Bear|def|1\n|-unboost|p2a: Bear|spd|1\n|faint|p1a: Samurott\n|\n|-damage|p2a: Bear|35\/100 brn|[from] brn\n|upkeep\n|\n|t:|1700684441\n|switch|p1a: Sinistcha|Sinistcha-Masterpiece|100\/100\n|turn|24\n|\n|t:|1700684445\n|move|p2a: Bear|Fire Punch|p1a: Sinistcha\n|-supereffective|p1a: Sinistcha\n|-damage|p1a: Sinistcha|69\/100\n|move|p1a: Sinistcha|Matcha Gotcha|p2a: Bear\n|-supereffective|p2a: Bear\n|-damage|p2a: Bear|0 fnt\n|-heal|p1a: Sinistcha|93\/100|[from] drain|[of] p2a: Bear\n|faint|p2a: Bear\n|\n|win|Aggron\n|raw|Aggron's rating: 1803 &rarr; <strong>1822<\/strong><br \/>(+19 for winning)\n|raw|Morgan&amp;Sableye's rating: 1780 &rarr; <strong>1761<\/strong><br \/>(-19 for losing)\n|l|\u2606Morgan&Sableye\n|l| eeferrrerere\n|l| banjoindamanjo\n","uploadtime":1700684453,"views":5,"p1id":"aggron","p2id":"morgansableye","formatid":"gen9ou","rating":1761,"private":0,"password":""}