{"id":"gen9ou-1992229774","p1":"samboiiii","p2":"Nitro524","format":"[Gen 9] OU","log":"|j|\u2606samboiiii\n|j|\u2606Nitro524\n|t:|1700165849\n|gametype|singles\n|player|p1|samboiiii|265|1286\n|player|p2|Nitro524|hilbert|1385\n|teamsize|p1|6\n|teamsize|p2|6\n|gen|9\n|tier|[Gen 9] OU\n|rated|\n|rule|Sleep Clause Mod: Limit one foe put to sleep\n|rule|Species Clause: Limit one of each Pok\u00e9mon\n|rule|OHKO Clause: OHKO moves are banned\n|rule|Evasion Items Clause: Evasion items are banned\n|rule|Evasion Moves Clause: Evasion moves are banned\n|rule|Endless Battle Clause: Forcing endless battles is banned\n|rule|HP Percentage Mod: HP is shown in percentages\n|clearpoke\n|poke|p1|Great Tusk|\n|poke|p1|Kingambit, M|\n|poke|p1|Ogerpon-Wellspring, F|\n|poke|p1|Zapdos|\n|poke|p1|Ribombee, M|\n|poke|p1|Slowking-Galar, M|\n|poke|p2|Samurott-Hisui, M|\n|poke|p2|Ceruledge, M|\n|poke|p2|Iron Valiant|\n|poke|p2|Gholdengo|\n|poke|p2|Landorus-Therian, M|\n|poke|p2|Kingambit, M|\n|teampreview\n|inactive|Battle timer is ON: inactive players will automatically lose when time's up. (requested by Nitro524)\n|inactive|samboiiii also wants the timer to be on.\n|c|\u2606samboiiii|glhf\n|inactive|Nitro524 has 120 seconds left.\n|c|\u2606Nitro524|u2!\n|inactive|samboiiii has 120 seconds left.\n|\n|t:|1700165900\n|start\n|switch|p1a: zapuno|Zapdos, shiny|100\/100\n|switch|p2a: Prince|Gholdengo|100\/100\n|turn|1\n|\n|t:|1700165915\n|move|p1a: zapuno|Heat Wave|p2a: Prince|[miss]\n|-miss|p1a: zapuno|p2a: Prince\n|move|p2a: Prince|Recover||[still]\n|-fail|p2a: Prince|heal\n|\n|upkeep\n|turn|2\n|c|\u2606Nitro524|very eventful turn\n|\n|t:|1700165938\n|move|p1a: zapuno|Heat Wave|p2a: Prince\n|-supereffective|p2a: Prince\n|-damage|p2a: Prince|31\/100\n|move|p2a: Prince|Recover|p2a: Prince\n|-heal|p2a: Prince|81\/100\n|\n|upkeep\n|turn|3\n|c|\u2606samboiiii|lol didn't even notice a turn going by\n|\n|t:|1700165953\n|switch|p2a: Masakado|Samurott-Hisui, M, shiny|100\/100\n|move|p1a: zapuno|Heat Wave|p2a: Masakado\n|-resisted|p2a: Masakado\n|-damage|p2a: Masakado|78\/100\n|-status|p2a: Masakado|brn\n|\n|-damage|p2a: Masakado|72\/100 brn|[from] brn\n|upkeep\n|turn|4\n|c|\u2606Nitro524|oooof\n|c|\u2606samboiiii|damn\n|\n|t:|1700165966\n|switch|p2a: Lando Calrissian|Landorus-Therian, M|100\/100\n|-ability|p2a: Lando Calrissian|Intimidate|boost\n|-unboost|p1a: zapuno|atk|1\n|move|p1a: zapuno|Thunderbolt|p2a: Lando Calrissian\n|-immune|p2a: Lando Calrissian\n|\n|upkeep\n|turn|5\n|\n|t:|1700165976\n|switch|p1a: big tusks\ud83d\ude29|Great Tusk, shiny|100\/100\n|move|p2a: Lando Calrissian|U-turn|p1a: big tusks\ud83d\ude29\n|-resisted|p1a: big tusks\ud83d\ude29\n|-damage|p1a: big tusks\ud83d\ude29|93\/100\n|c|\u2606Nitro524|that's the best name i've seen all day\n|\n|t:|1700165989\n|switch|p2a: Fembot|Iron Valiant|100\/100|[from] U-turn\n|-enditem|p2a: Fembot|Booster Energy\n|-activate|p2a: Fembot|ability: Quark Drive|[fromitem]\n|-start|p2a: Fembot|quarkdrivespe\n|\n|-heal|p1a: big tusks\ud83d\ude29|99\/100|[from] item: Leftovers\n|upkeep\n|turn|6\n|\n|t:|1700166000\n|move|p2a: Fembot|Moonblast|p1a: big tusks\ud83d\ude29\n|-supereffective|p1a: big tusks\ud83d\ude29\n|-damage|p1a: big tusks\ud83d\ude29|0 fnt\n|faint|p1a: big tusks\ud83d\ude29\n|-end|p1a: big tusks\ud83d\ude29|Protosynthesis|[silent]\n|\n|upkeep\n|\n|t:|1700166002\n|switch|p1a: sweet little bee|Ribombee, M, shiny|100\/100\n|turn|7\n|c|\u2606samboiiii|lol thanks\n|\n|t:|1700166013\n|-end|p2a: Fembot|Quark Drive|[silent]\n|switch|p2a: Prince|Gholdengo|81\/100\n|move|p1a: sweet little bee|Moonblast|p2a: Prince\n|-resisted|p2a: Prince\n|-damage|p2a: Prince|60\/100\n|\n|upkeep\n|turn|8\n|\n|t:|1700166019\n|move|p1a: sweet little bee|Sticky Web|p2a: Prince\n|-sidestart|p2: Nitro524|move: Sticky Web\n|move|p2a: Prince|Recover|p2a: Prince\n|-heal|p2a: Prince|100\/100\n|\n|upkeep\n|turn|9\n|\n|t:|1700166031\n|switch|p1a: e4 e5 f4 exf4|Kingambit, M, shiny|100\/100\n|-activate|p1a: e4 e5 f4 exf4|ability: Supreme Overlord\n|-start|p1a: e4 e5 f4 exf4|fallen1|[silent]\n|move|p2a: Prince|Nasty Plot|p2a: Prince\n|-boost|p2a: Prince|spa|2\n|\n|upkeep\n|turn|10\n|\n|t:|1700166049\n|switch|p2a: Lando Calrissian|Landorus-Therian, M|100\/100\n|-ability|p2a: Lando Calrissian|Intimidate|boost\n|-unboost|p1a: e4 e5 f4 exf4|atk|1\n|-end|p1a: e4 e5 f4 exf4|fallen1|[silent]\n|switch|p1a: dream(fatherless)|Ogerpon-Wellspring, F|100\/100\n|\n|upkeep\n|turn|11\n|c|\u2606Nitro524|LMAO\n|c|\u2606Nitro524|love these\n|c|\u2606samboiiii|thanks\n|\n|t:|1700166066\n|move|p1a: dream(fatherless)|Ivy Cudgel|p2a: Lando Calrissian|[anim] Ivy Cudgel Water\n|-supereffective|p2a: Lando Calrissian\n|-damage|p2a: Lando Calrissian|14\/100\n|move|p2a: Lando Calrissian|U-turn|p1a: dream(fatherless)\n|-supereffective|p1a: dream(fatherless)\n|-damage|p1a: dream(fatherless)|45\/100\n|\n|t:|1700166077\n|switch|p2a: Apollo|Ceruledge, M|100\/100|[from] U-turn\n|-activate|p2a: Apollo|move: Sticky Web\n|-unboost|p2a: Apollo|spe|1\n|\n|upkeep\n|turn|12\n|\n|t:|1700166092\n|switch|p1a: zapuno|Zapdos, shiny|100\/100\n|move|p2a: Apollo|Bitter Blade|p1a: zapuno\n|-damage|p1a: zapuno|36\/100\n|-status|p2a: Apollo|par|[from] ability: Static|[of] p1a: zapuno\n|\n|upkeep\n|turn|13\n|c|\u2606samboiiii|damn\n|\n|t:|1700166103\n|move|p1a: zapuno|Roost|p1a: zapuno\n|-heal|p1a: zapuno|86\/100\n|-singleturn|p1a: zapuno|move: Roost\n|move|p2a: Apollo|Bitter Blade|p1a: zapuno\n|-damage|p1a: zapuno|24\/100\n|\n|upkeep\n|turn|14\n|\n|t:|1700166109\n|move|p2a: Apollo|Shadow Sneak|p1a: zapuno\n|-damage|p1a: zapuno|0 fnt\n|faint|p1a: zapuno\n|\n|upkeep\n|\n|t:|1700166118\n|switch|p1a: e4 e5 f4 exf4|Kingambit, M, shiny|100\/100\n|-activate|p1a: e4 e5 f4 exf4|ability: Supreme Overlord\n|-start|p1a: e4 e5 f4 exf4|fallen2|[silent]\n|turn|15\n|\n|t:|1700166142\n|move|p1a: e4 e5 f4 exf4|Kowtow Cleave|p2a: Apollo\n|-supereffective|p2a: Apollo\n|-enditem|p2a: Apollo|Focus Sash\n|-damage|p2a: Apollo|1\/100 par\n|-ability|p2a: Apollo|Weak Armor|boost\n|-unboost|p2a: Apollo|def|1\n|-boost|p2a: Apollo|spe|2\n|move|p2a: Apollo|Swords Dance|p2a: Apollo\n|-boost|p2a: Apollo|atk|2\n|\n|upkeep\n|turn|16\n|\n|t:|1700166160\n|move|p2a: Apollo|Swords Dance|p2a: Apollo\n|-boost|p2a: Apollo|atk|2\n|move|p1a: e4 e5 f4 exf4|Kowtow Cleave|p2a: Apollo\n|-supereffective|p2a: Apollo\n|-damage|p2a: Apollo|0 fnt\n|faint|p2a: Apollo\n|\n|upkeep\n|\n|t:|1700166164\n|switch|p2a: Lando Calrissian|Landorus-Therian, M|14\/100\n|-ability|p2a: Lando Calrissian|Intimidate|boost\n|-unboost|p1a: e4 e5 f4 exf4|atk|1\n|turn|17\n|\n|t:|1700166184\n|move|p1a: e4 e5 f4 exf4|Sucker Punch|p2a: Lando Calrissian\n|-damage|p2a: Lando Calrissian|0 fnt\n|-damage|p1a: e4 e5 f4 exf4|84\/100|[from] item: Rocky Helmet|[of] p2a: Lando Calrissian\n|faint|p2a: Lando Calrissian\n|\n|-heal|p1a: e4 e5 f4 exf4|90\/100|[from] item: Leftovers\n|upkeep\n|\n|t:|1700166192\n|switch|p2a: Fembot|Iron Valiant|100\/100\n|-activate|p2a: Fembot|move: Sticky Web\n|-unboost|p2a: Fembot|spe|1\n|turn|18\n|inactive|Nitro524 has 120 seconds left.\n|\n|t:|1700166223\n|-end|p1a: e4 e5 f4 exf4|fallen2|[silent]\n|switch|p1a: my KING|Slowking-Galar, M, shiny|100\/100\n|move|p2a: Fembot|Close Combat|p1a: my KING\n|-resisted|p1a: my KING\n|-damage|p1a: my KING|88\/100\n|-unboost|p2a: Fembot|def|1\n|-unboost|p2a: Fembot|spd|1\n|-enditem|p1a: my KING|Eject Button\n|\n|t:|1700166233\n|switch|p1a: sweet little bee|Ribombee, M, shiny|100\/100\n|\n|upkeep\n|turn|19\n|inactive|Nitro524 has 120 seconds left.\n|\n|t:|1700166243\n|-end|p2a: Fembot|Quark Drive|[silent]\n|switch|p2a: Masakado|Samurott-Hisui, M, shiny|72\/100 brn\n|-activate|p2a: Masakado|move: Sticky Web\n|-unboost|p2a: Masakado|spe|1\n|move|p1a: sweet little bee|Moonblast|p2a: Masakado\n|-supereffective|p2a: Masakado\n|-damage|p2a: Masakado|0 fnt\n|faint|p2a: Masakado\n|\n|upkeep\n|inactive|Nitro524 has 120 seconds left.\n|\n|t:|1700166248\n|switch|p2a: Prince|Gholdengo|100\/100\n|-activate|p2a: Prince|move: Sticky Web\n|-unboost|p2a: Prince|spe|1\n|turn|20\n|inactive|Nitro524 has 120 seconds left.\n|\n|t:|1700166260\n|switch|p1a: e4 e5 f4 exf4|Kingambit, M, shiny|90\/100\n|-activate|p1a: e4 e5 f4 exf4|ability: Supreme Overlord\n|-start|p1a: e4 e5 f4 exf4|fallen2|[silent]\n|move|p2a: Prince|Make It Rain|p1a: e4 e5 f4 exf4\n|-resisted|p1a: e4 e5 f4 exf4\n|-damage|p1a: e4 e5 f4 exf4|57\/100\n|-unboost|p2a: Prince|spa|1\n|\n|-heal|p1a: e4 e5 f4 exf4|64\/100|[from] item: Leftovers\n|upkeep\n|turn|21\n|\n|t:|1700166268\n|move|p2a: Prince|Nasty Plot|p2a: Prince\n|-boost|p2a: Prince|spa|2\n|move|p1a: e4 e5 f4 exf4|Iron Head|p2a: Prince\n|-resisted|p2a: Prince\n|-damage|p2a: Prince|68\/100\n|\n|-heal|p1a: e4 e5 f4 exf4|70\/100|[from] item: Leftovers\n|upkeep\n|turn|22\n|\n|t:|1700166273\n|move|p2a: Prince|Make It Rain|p1a: e4 e5 f4 exf4\n|-resisted|p1a: e4 e5 f4 exf4\n|-damage|p1a: e4 e5 f4 exf4|27\/100\n|-unboost|p2a: Prince|spa|1\n|move|p1a: e4 e5 f4 exf4|Kowtow Cleave|p2a: Prince\n|-supereffective|p2a: Prince\n|-damage|p2a: Prince|0 fnt\n|faint|p2a: Prince\n|\n|-heal|p1a: e4 e5 f4 exf4|33\/100|[from] item: Leftovers\n|upkeep\n|\n|t:|1700166284\n|switch|p2a: Fembot|Iron Valiant|100\/100\n|-activate|p2a: Fembot|move: Sticky Web\n|-unboost|p2a: Fembot|spe|1\n|turn|23\n|\n|t:|1700166298\n|move|p2a: Fembot|Thunderbolt|p1a: e4 e5 f4 exf4\n|-damage|p1a: e4 e5 f4 exf4|2\/100\n|move|p1a: e4 e5 f4 exf4|Iron Head|p2a: Fembot\n|-supereffective|p2a: Fembot\n|-damage|p2a: Fembot|0 fnt\n|faint|p2a: Fembot\n|-end|p2a: Fembot|Quark Drive|[silent]\n|\n|-heal|p1a: e4 e5 f4 exf4|9\/100|[from] item: Leftovers\n|upkeep\n|\n|t:|1700166300\n|switch|p2a: Checkmate|Kingambit, M|100\/100\n|-activate|p2a: Checkmate|move: Sticky Web\n|-unboost|p2a: Checkmate|spe|1\n|-activate|p2a: Checkmate|ability: Supreme Overlord\n|-start|p2a: Checkmate|fallen5|[silent]\n|turn|24\n|\n|t:|1700166311\n|move|p2a: Checkmate|Sucker Punch|p1a: e4 e5 f4 exf4\n|-resisted|p1a: e4 e5 f4 exf4\n|-damage|p1a: e4 e5 f4 exf4|0 fnt\n|faint|p1a: e4 e5 f4 exf4\n|-end|p1a: e4 e5 f4 exf4|fallen2|[silent]\n|\n|upkeep\n|\n|t:|1700166320\n|switch|p1a: my KING|Slowking-Galar, M, shiny|100\/100\n|turn|25\n|c|\u2606samboiiii|gg wp u might win\n|c|\u2606Nitro524|you too\n|c|\u2606Nitro524|wp\n|inactive|Nitro524 has 120 seconds left.\n|\n|t:|1700166356\n|move|p2a: Checkmate|Kowtow Cleave|p1a: my KING\n|-supereffective|p1a: my KING\n|-damage|p1a: my KING|0 fnt\n|faint|p1a: my KING\n|\n|upkeep\n|\n|t:|1700166360\n|switch|p1a: sweet little bee|Ribombee, M, shiny|100\/100\n|turn|26\n|inactive|Nitro524 has 120 seconds left.\n|c|\u2606samboiiii|except...\n|c|\u2606samboiiii|I have a counter I just remembered lol\n|c|\u2606Nitro524|oh?\n|c|\u2606samboiiii|never tested might not kill\n|inactive|Nitro524 has 90 seconds left.\n|c|\u2606samboiiii|but I figured this sort of thing might happen\n|\n|t:|1700166420\n|-terastallize|p1a: sweet little bee|Fighting\n|-terastallize|p2a: Checkmate|Flying\n|move|p1a: sweet little bee|Tera Blast|p2a: Checkmate|[anim] Tera Blast Fighting\n|-resisted|p2a: Checkmate\n|-damage|p2a: Checkmate|83\/100\n|move|p2a: Checkmate|Iron Head|p1a: sweet little bee\n|-enditem|p1a: sweet little bee|Focus Sash\n|-damage|p1a: sweet little bee|1\/100\n|\n|-heal|p2a: Checkmate|89\/100|[from] item: Leftovers\n|upkeep\n|turn|27\n|c|\u2606samboiiii|lol yeah gg wp\n|c|\u2606Nitro524|gg\n|c|\u2606Nitro524|that's a big brain tech tho\n|c|\u2606Nitro524|pull that on ladder and you will absolutely win\n|inactive|Nitro524 has 60 seconds left.\n|\n|t:|1700166448\n|move|p2a: Checkmate|Sucker Punch||[still]\n|-fail|p2a: Checkmate\n|move|p1a: sweet little bee|Sticky Web||[still]\n|-fail|p1a: sweet little bee\n|\n|-heal|p2a: Checkmate|95\/100|[from] item: Leftovers\n|upkeep\n|turn|28\n|\n|t:|1700166455\n|move|p2a: Checkmate|Sucker Punch||[still]\n|-fail|p2a: Checkmate\n|move|p1a: sweet little bee|Sticky Web||[still]\n|-fail|p1a: sweet little bee\n|\n|-heal|p2a: Checkmate|100\/100|[from] item: Leftovers\n|upkeep\n|turn|29\n|\n|t:|1700166458\n|move|p1a: sweet little bee|Sticky Web||[still]\n|-fail|p1a: sweet little bee\n|move|p2a: Checkmate|Iron Head|p1a: sweet little bee\n|-damage|p1a: sweet little bee|0 fnt\n|faint|p1a: sweet little bee\n|\n|upkeep\n|\n|t:|1700166461\n|switch|p1a: dream(fatherless)|Ogerpon-Wellspring, F|45\/100\n|turn|30\n|\n|t:|1700166468\n|move|p1a: dream(fatherless)|Ivy Cudgel|p2a: Checkmate|[anim] Ivy Cudgel Water\n|-damage|p2a: Checkmate|53\/100\n|move|p2a: Checkmate|Kowtow Cleave|p1a: dream(fatherless)\n|-damage|p1a: dream(fatherless)|0 fnt\n|faint|p1a: dream(fatherless)\n|\n|win|Nitro524\n|raw|samboiiii's rating: 1286 &rarr; <strong>1268<\/strong><br \/>(-18 for losing)\n|raw|Nitro524's rating: 1385 &rarr; <strong>1399<\/strong><br \/>(+14 for winning)\n|c|\u2606Nitro524|gg wp\n|l|\u2606samboiiii\n","uploadtime":1700166476,"views":7,"p1id":"samboiiii","p2id":"nitro524","formatid":"gen9ou","rating":1268,"private":0,"password":""}