{"id":"gen9ou-1990495838","p1":"Tacomaker0104","p2":"Wandis","format":"[Gen 9] OU","log":"|j|\u2606Tacomaker0104\n|j|\u2606Wandis\n|t:|1699976157\n|gametype|singles\n|player|p1|Tacomaker0104|iris-gen5bw2|1385\n|player|p2|Wandis|argenta|1430\n|teamsize|p1|6\n|teamsize|p2|6\n|gen|9\n|tier|[Gen 9] OU\n|rated|\n|rule|Sleep Clause Mod: Limit one foe put to sleep\n|rule|Species Clause: Limit one of each Pok\u00e9mon\n|rule|OHKO Clause: OHKO moves are banned\n|rule|Evasion Items Clause: Evasion items are banned\n|rule|Evasion Moves Clause: Evasion moves are banned\n|rule|Endless Battle Clause: Forcing endless battles is banned\n|rule|HP Percentage Mod: HP is shown in percentages\n|clearpoke\n|poke|p1|Mamoswine, F|\n|poke|p1|Zapdos|\n|poke|p1|Dondozo, F|\n|poke|p1|Ursaluna, F|\n|poke|p1|Weezing-Galar, F|\n|poke|p1|Slowking-Galar, F|\n|poke|p2|Goodra, F|\n|poke|p2|Toxapex, F|\n|poke|p2|Garganacl, F|\n|poke|p2|Scizor, F|\n|poke|p2|Mimikyu, M|\n|poke|p2|Hydreigon, F|\n|teampreview\n|inactive|Battle timer is ON: inactive players will automatically lose when time's up. (requested by Tacomaker0104)\n|\n|t:|1699976171\n|start\n|switch|p1a: Mamoswine|Mamoswine, F|100\/100\n|switch|p2a: Hydreigon|Hydreigon, F, shiny|100\/100\n|turn|1\n|\n|t:|1699976190\n|move|p1a: Mamoswine|Icicle Spear|p2a: Hydreigon\n|-supereffective|p2a: Hydreigon\n|-damage|p2a: Hydreigon|79\/100\n|-supereffective|p2a: Hydreigon\n|-crit|p2a: Hydreigon\n|-damage|p2a: Hydreigon|41\/100\n|-supereffective|p2a: Hydreigon\n|-damage|p2a: Hydreigon|20\/100\n|-supereffective|p2a: Hydreigon\n|-damage|p2a: Hydreigon|0 fnt\n|faint|p2a: Hydreigon\n|-hitcount|p2: Hydreigon|4\n|\n|upkeep\n|\n|t:|1699976206\n|switch|p2a: Garganacl|Garganacl, F, shiny|100\/100\n|turn|2\n|\n|t:|1699976213\n|-terastallize|p2a: Garganacl|Ghost\n|move|p1a: Mamoswine|Earthquake|p2a: Garganacl\n|-damage|p2a: Garganacl|67\/100\n|move|p2a: Garganacl|Iron Defense|p2a: Garganacl\n|-boost|p2a: Garganacl|def|2\n|\n|-heal|p2a: Garganacl|73\/100|[from] item: Leftovers\n|upkeep\n|turn|3\n|\n|t:|1699976222\n|switch|p1a: Dondozo|Dondozo, F|100\/100\n|move|p2a: Garganacl|Salt Cure|p1a: Dondozo\n|-damage|p1a: Dondozo|92\/100\n|-start|p1a: Dondozo|Salt Cure\n|\n|-heal|p2a: Garganacl|79\/100|[from] item: Leftovers\n|-heal|p1a: Dondozo|98\/100|[from] item: Leftovers\n|-damage|p1a: Dondozo|73\/100|[from] Salt Cure\n|upkeep\n|turn|4\n|\n|t:|1699976233\n|move|p2a: Garganacl|Recover|p2a: Garganacl\n|-heal|p2a: Garganacl|100\/100\n|move|p1a: Dondozo|Curse|p1a: Dondozo\n|-unboost|p1a: Dondozo|spe|1\n|-boost|p1a: Dondozo|atk|1\n|-boost|p1a: Dondozo|def|1\n|\n|-heal|p1a: Dondozo|79\/100|[from] item: Leftovers\n|-damage|p1a: Dondozo|54\/100|[from] Salt Cure\n|upkeep\n|turn|5\n|\n|t:|1699976245\n|move|p2a: Garganacl|Body Press|p1a: Dondozo\n|-damage|p1a: Dondozo|43\/100\n|move|p1a: Dondozo|Curse|p1a: Dondozo\n|-unboost|p1a: Dondozo|spe|1\n|-boost|p1a: Dondozo|atk|1\n|-boost|p1a: Dondozo|def|1\n|\n|-heal|p1a: Dondozo|50\/100|[from] item: Leftovers\n|-damage|p1a: Dondozo|25\/100|[from] Salt Cure\n|upkeep\n|turn|6\n|\n|t:|1699976255\n|move|p2a: Garganacl|Body Press|p1a: Dondozo\n|-damage|p1a: Dondozo|16\/100\n|move|p1a: Dondozo|Wave Crash|p2a: Garganacl\n|-damage|p2a: Garganacl|30\/100\n|-damage|p1a: Dondozo|0 fnt|[from] Recoil\n|faint|p1a: Dondozo\n|\n|-heal|p2a: Garganacl|36\/100|[from] item: Leftovers\n|upkeep\n|\n|t:|1699976264\n|switch|p1a: Zapdos|Zapdos|100\/100\n|turn|7\n|\n|t:|1699976270\n|-terastallize|p1a: Zapdos|Electric\n|move|p1a: Zapdos|Thunderbolt|p2a: Garganacl\n|-damage|p2a: Garganacl|0 fnt\n|faint|p2a: Garganacl\n|\n|upkeep\n|\n|t:|1699976281\n|switch|p2a: Goodra|Goodra, F, shiny|100\/100\n|turn|8\n|\n|t:|1699976285\n|move|p1a: Zapdos|Volt Switch|p2a: Goodra\n|-resisted|p2a: Goodra\n|-damage|p2a: Goodra|89\/100\n|\n|t:|1699976288\n|switch|p1a: Weezing|Weezing-Galar, F|100\/100|[from] Volt Switch\n|-ability|p1a: Weezing|Neutralizing Gas\n|move|p2a: Goodra|Acid Spray|p1a: Weezing\n|-crit|p1a: Weezing\n|-damage|p1a: Weezing|77\/100\n|-unboost|p1a: Weezing|spd|2\n|\n|-heal|p1a: Weezing|83\/100|[from] item: Leftovers\n|upkeep\n|turn|9\n|\n|t:|1699976300\n|-end|p1a: Weezing|ability: Neutralizing Gas\n|switch|p1a: Slowking|Slowking-Galar, F|100\/100\n|move|p2a: Goodra|Surf|p1a: Slowking\n|-damage|p1a: Slowking|86\/100\n|\n|upkeep\n|turn|10\n|\n|t:|1699976308\n|move|p2a: Goodra|Acid Spray|p1a: Slowking\n|-resisted|p1a: Slowking\n|-damage|p1a: Slowking|82\/100\n|-unboost|p1a: Slowking|spd|2\n|move|p1a: Slowking|Ice Beam|p2a: Goodra\n|-supereffective|p2a: Goodra\n|-damage|p2a: Goodra|69\/100\n|\n|upkeep\n|turn|11\n|\n|t:|1699976316\n|move|p2a: Goodra|Dragon Pulse|p1a: Slowking\n|-damage|p1a: Slowking|37\/100\n|move|p1a: Slowking|Chilly Reception|p1a: Slowking\n|-weather|Snow\n|\n|t:|1699976321\n|switch|p1a: Mamoswine|Mamoswine, F|100\/100|[from] Chilly Reception\n|\n|-weather|Snow|[upkeep]\n|upkeep\n|turn|12\n|\n|t:|1699976329\n|switch|p2a: Toxapex|Toxapex, F, shiny|100\/100\n|move|p1a: Mamoswine|Icicle Spear|p2a: Toxapex\n|-resisted|p2a: Toxapex\n|-damage|p2a: Toxapex|96\/100\n|-resisted|p2a: Toxapex\n|-damage|p2a: Toxapex|91\/100\n|-resisted|p2a: Toxapex\n|-damage|p2a: Toxapex|86\/100\n|-resisted|p2a: Toxapex\n|-damage|p2a: Toxapex|82\/100\n|-hitcount|p2a: Toxapex|4\n|\n|-weather|Snow|[upkeep]\n|upkeep\n|turn|13\n|\n|t:|1699976346\n|switch|p2a: Scizor|Scizor, F, shiny|100\/100\n|move|p1a: Mamoswine|Earthquake|p2a: Scizor\n|-damage|p2a: Scizor|50\/100\n|\n|-weather|Snow|[upkeep]\n|upkeep\n|turn|14\n|\n|t:|1699976354\n|move|p1a: Mamoswine|Earthquake|p2a: Scizor\n|-damage|p2a: Scizor|0 fnt\n|faint|p2a: Scizor\n|\n|-weather|Snow|[upkeep]\n|upkeep\n|\n|t:|1699976363\n|switch|p2a: Mimikyu|Mimikyu, M, shiny|100\/100\n|turn|15\n|\n|t:|1699976366\n|move|p2a: Mimikyu|Swords Dance|p2a: Mimikyu\n|-boost|p2a: Mimikyu|atk|2\n|move|p1a: Mamoswine|Icicle Spear|p2a: Mimikyu\n|-activate|p2a: Mimikyu|ability: Disguise\n|-damage|p2a: Mimikyu|100\/100\n|detailschange|p2a: Mimikyu|Mimikyu-Busted, M, shiny\n|-damage|p2a: Mimikyu|88\/100|[from] pokemon: Mimikyu-Busted\n|-damage|p2a: Mimikyu|66\/100\n|-damage|p2a: Mimikyu|44\/100\n|-damage|p2a: Mimikyu|22\/100\n|-damage|p2a: Mimikyu|0 fnt\n|faint|p2a: Mimikyu\n|-hitcount|p2: Mimikyu|5\n|\n|-weather|none\n|upkeep\n|-message|Wandis forfeited.\n|\n|win|Tacomaker0104\n|raw|Tacomaker0104's rating: 1385 &rarr; <strong>1408<\/strong><br \/>(+23 for winning)\n|raw|Wandis's rating: 1430 &rarr; <strong>1407<\/strong><br \/>(-23 for losing)\n|l|\u2606Wandis\n","uploadtime":1699976386,"views":4,"p1id":"tacomaker0104","p2id":"wandis","formatid":"gen9ou","rating":1407,"private":0,"password":""}