{"id":"gen9ou-1999882039","p1":"doodieray","p2":"Gymbrogaymer","format":"[Gen 9] OU","log":"|j|\u2606doodieray\n|j|\u2606Gymbrogaymer\n|t:|1701125919\n|gametype|singles\n|player|p1|doodieray|169|1448\n|player|p2|Gymbrogaymer|norman|1486\n|teamsize|p1|6\n|teamsize|p2|6\n|gen|9\n|tier|[Gen 9] OU\n|rated|\n|rule|Sleep Clause Mod: Limit one foe put to sleep\n|rule|Species Clause: Limit one of each Pok\u00e9mon\n|rule|OHKO Clause: OHKO moves are banned\n|rule|Evasion Items Clause: Evasion items are banned\n|rule|Evasion Moves Clause: Evasion moves are banned\n|rule|Endless Battle Clause: Forcing endless battles is banned\n|rule|HP Percentage Mod: HP is shown in percentages\n|clearpoke\n|poke|p1|Breloom, M|\n|poke|p1|Zamazenta-*|\n|poke|p1|Goodra-Hisui, F|\n|poke|p1|Quaquaval, F|\n|poke|p1|Iron Moth|\n|poke|p1|Alomomola, F|\n|poke|p2|Quaquaval, F|\n|poke|p2|Iron Hands|\n|poke|p2|Iron Valiant|\n|poke|p2|Breloom, F|\n|poke|p2|Great Tusk|\n|poke|p2|Hatterene, F|\n|teampreview\n|\n|t:|1701125937\n|start\n|switch|p1a: Breloom|Breloom, M|100\/100\n|switch|p2a: Hatterene|Hatterene, F|100\/100\n|turn|1\n|\n|t:|1701125946\n|move|p1a: Breloom|Swords Dance|p1a: Breloom\n|-boost|p1a: Breloom|atk|2\n|move|p2a: Hatterene|Draining Kiss|p1a: Breloom\n|-supereffective|p1a: Breloom\n|-damage|p1a: Breloom|5\/100\n|\n|upkeep\n|turn|2\n|\n|t:|1701125953\n|move|p1a: Breloom|Bullet Seed|p2a: Hatterene\n|-damage|p2a: Hatterene|72\/100\n|-damage|p2a: Hatterene|42\/100\n|-hitcount|p2a: Hatterene|2\n|move|p2a: Hatterene|Draining Kiss|p1a: Breloom\n|-supereffective|p1a: Breloom\n|-damage|p1a: Breloom|0 fnt\n|-heal|p2a: Hatterene|45\/100|[from] drain|[of] p1a: Breloom\n|faint|p1a: Breloom\n|\n|-heal|p2a: Hatterene|51\/100|[from] item: Leftovers\n|upkeep\n|\n|t:|1701125961\n|switch|p1a: Quaquaval|Quaquaval, F|100\/100\n|turn|3\n|\n|t:|1701125967\n|-terastallize|p1a: Quaquaval|Water\n|-terastallize|p2a: Hatterene|Water\n|move|p1a: Quaquaval|Swords Dance|p1a: Quaquaval\n|-boost|p1a: Quaquaval|atk|2\n|move|p2a: Hatterene|Draining Kiss|p1a: Quaquaval\n|-damage|p1a: Quaquaval|71\/100\n|-heal|p2a: Hatterene|74\/100|[from] drain|[of] p1a: Quaquaval\n|\n|-heal|p1a: Quaquaval|77\/100|[from] item: Leftovers\n|-heal|p2a: Hatterene|80\/100|[from] item: Leftovers\n|upkeep\n|turn|4\n|\n|t:|1701125980\n|move|p1a: Quaquaval|Aqua Step|p2a: Hatterene\n|-resisted|p2a: Hatterene\n|-damage|p2a: Hatterene|32\/100\n|-boost|p1a: Quaquaval|spe|1\n|move|p2a: Hatterene|Draining Kiss|p1a: Quaquaval\n|-damage|p1a: Quaquaval|47\/100\n|-heal|p2a: Hatterene|56\/100|[from] drain|[of] p1a: Quaquaval\n|\n|-heal|p1a: Quaquaval|53\/100|[from] item: Leftovers\n|-heal|p2a: Hatterene|62\/100|[from] item: Leftovers\n|upkeep\n|turn|5\n|\n|t:|1701125999\n|move|p1a: Quaquaval|Aqua Step|p2a: Hatterene\n|-resisted|p2a: Hatterene\n|-damage|p2a: Hatterene|17\/100\n|-boost|p1a: Quaquaval|spe|1\n|move|p2a: Hatterene|Draining Kiss|p1a: Quaquaval\n|-damage|p1a: Quaquaval|23\/100\n|-heal|p2a: Hatterene|40\/100|[from] drain|[of] p1a: Quaquaval\n|\n|-heal|p1a: Quaquaval|30\/100|[from] item: Leftovers\n|-heal|p2a: Hatterene|46\/100|[from] item: Leftovers\n|upkeep\n|turn|6\n|\n|t:|1701126017\n|move|p1a: Quaquaval|Aqua Step|p2a: Hatterene\n|-resisted|p2a: Hatterene\n|-damage|p2a: Hatterene|0 fnt\n|-boost|p1a: Quaquaval|spe|1\n|faint|p2a: Hatterene\n|-ability|p1a: Quaquaval|Moxie|boost\n|-boost|p1a: Quaquaval|atk|1\n|\n|-heal|p1a: Quaquaval|36\/100|[from] item: Leftovers\n|upkeep\n|\n|t:|1701126028\n|switch|p2a: Breloom|Breloom, F|100\/100\n|turn|7\n|\n|t:|1701126035\n|switch|p1a: Goodra|Goodra-Hisui, F|100\/100\n|move|p2a: Breloom|Spore|p1a: Goodra\n|-ability|p1a: Goodra|Sap Sipper|boost\n|-boost|p1a: Goodra|atk|1\n|\n|upkeep\n|turn|8\n|\n|t:|1701126046\n|switch|p2a: Iron Hands|Iron Hands|100\/100\n|-enditem|p2a: Iron Hands|Booster Energy\n|-activate|p2a: Iron Hands|ability: Quark Drive|[fromitem]\n|-start|p2a: Iron Hands|quarkdriveatk\n|move|p1a: Goodra|Flash Cannon|p2a: Iron Hands\n|-resisted|p2a: Iron Hands\n|-damage|p2a: Iron Hands|82\/100\n|\n|upkeep\n|turn|9\n|\n|t:|1701126055\n|switch|p1a: Quaquaval|Quaquaval, F, tera:Water|36\/100\n|move|p2a: Iron Hands|Swords Dance|p2a: Iron Hands\n|-boost|p2a: Iron Hands|atk|2\n|\n|-heal|p1a: Quaquaval|42\/100|[from] item: Leftovers\n|upkeep\n|turn|10\n|\n|t:|1701126064\n|move|p1a: Quaquaval|Aqua Step|p2a: Iron Hands\n|-damage|p2a: Iron Hands|48\/100\n|-boost|p1a: Quaquaval|spe|1\n|move|p2a: Iron Hands|Drain Punch|p1a: Quaquaval\n|-damage|p1a: Quaquaval|0 fnt\n|-heal|p2a: Iron Hands|62\/100|[from] drain|[of] p1a: Quaquaval\n|faint|p1a: Quaquaval\n|\n|upkeep\n|\n|t:|1701126075\n|switch|p1a: Goodra|Goodra-Hisui, F|100\/100\n|turn|11\n|\n|t:|1701126079\n|switch|p1a: Alomomola|Alomomola, F|100\/100\n|move|p2a: Iron Hands|Drain Punch|p1a: Alomomola\n|-damage|p1a: Alomomola|26\/100\n|-heal|p2a: Iron Hands|97\/100|[from] drain|[of] p1a: Alomomola\n|-enditem|p1a: Alomomola|Red Card|[of] p2a: Iron Hands\n|-end|p2a: Iron Hands|Quark Drive|[silent]\n|drag|p2a: Iron Valiant|Iron Valiant|100\/100\n|-enditem|p2a: Iron Valiant|Booster Energy\n|-activate|p2a: Iron Valiant|ability: Quark Drive|[fromitem]\n|-start|p2a: Iron Valiant|quarkdrivespe\n|\n|upkeep\n|turn|12\n|\n|t:|1701126093\n|switch|p1a: Goodra|Goodra-Hisui, F|100\/100\n|move|p2a: Iron Valiant|Psyshock|p1a: Goodra\n|-resisted|p1a: Goodra\n|-damage|p1a: Goodra|88\/100\n|\n|upkeep\n|turn|13\n|\n|t:|1701126101\n|move|p2a: Iron Valiant|Moonblast|p1a: Goodra\n|-damage|p1a: Goodra|66\/100\n|move|p1a: Goodra|Earthquake|p2a: Iron Valiant\n|-damage|p2a: Iron Valiant|72\/100\n|\n|upkeep\n|turn|14\n|\n|t:|1701126107\n|move|p2a: Iron Valiant|Moonblast|p1a: Goodra\n|-damage|p1a: Goodra|43\/100\n|-unboost|p1a: Goodra|spa|1\n|move|p1a: Goodra|Flash Cannon|p2a: Iron Valiant\n|-supereffective|p2a: Iron Valiant\n|-damage|p2a: Iron Valiant|0 fnt\n|faint|p2a: Iron Valiant\n|-end|p2a: Iron Valiant|Quark Drive|[silent]\n|\n|upkeep\n|\n|t:|1701126119\n|switch|p2a: Iron Hands|Iron Hands|97\/100\n|turn|15\n|\n|t:|1701126127\n|move|p1a: Goodra|Draco Meteor|p2a: Iron Hands\n|-damage|p2a: Iron Hands|59\/100\n|-unboost|p1a: Goodra|spa|2\n|move|p2a: Iron Hands|Swords Dance|p2a: Iron Hands\n|-boost|p2a: Iron Hands|atk|2\n|\n|upkeep\n|turn|16\n|\n|t:|1701126142\n|move|p1a: Goodra|Earthquake|p2a: Iron Hands\n|-supereffective|p2a: Iron Hands\n|-damage|p2a: Iron Hands|31\/100\n|move|p2a: Iron Hands|Drain Punch|p1a: Goodra\n|-supereffective|p1a: Goodra\n|-damage|p1a: Goodra|0 fnt\n|-heal|p2a: Iron Hands|46\/100|[from] drain|[of] p1a: Goodra\n|faint|p1a: Goodra\n|\n|upkeep\n|\n|t:|1701126146\n|switch|p1a: Iron Moth|Iron Moth|100\/100\n|-enditem|p1a: Iron Moth|Booster Energy\n|-activate|p1a: Iron Moth|ability: Quark Drive|[fromitem]\n|-start|p1a: Iron Moth|quarkdrivespe\n|turn|17\n|\n|t:|1701126155\n|move|p1a: Iron Moth|Sludge Wave|p2a: Iron Hands\n|-damage|p2a: Iron Hands|0 fnt\n|faint|p2a: Iron Hands\n|-end|p2a: Iron Hands|Quark Drive|[silent]\n|\n|upkeep\n|\n|t:|1701126162\n|switch|p2a: Breloom|Breloom, F|100\/100\n|turn|18\n|\n|t:|1701126166\n|move|p1a: Iron Moth|Substitute|p1a: Iron Moth\n|-start|p1a: Iron Moth|Substitute\n|-damage|p1a: Iron Moth|76\/100\n|move|p2a: Breloom|Spore||[still]\n|-fail|p2a: Breloom\n|\n|upkeep\n|turn|19\n|\n|t:|1701126175\n|move|p1a: Iron Moth|Fiery Dance|p2a: Breloom\n|-supereffective|p2a: Breloom\n|-enditem|p2a: Breloom|Focus Sash\n|-damage|p2a: Breloom|1\/100\n|-boost|p1a: Iron Moth|spa|1\n|move|p2a: Breloom|Rock Tomb|p1a: Iron Moth\n|-supereffective|p1a: Iron Moth\n|-end|p1a: Iron Moth|Substitute\n|\n|upkeep\n|turn|20\n|\n|t:|1701126185\n|move|p1a: Iron Moth|Fiery Dance|p2a: Breloom\n|-supereffective|p2a: Breloom\n|-damage|p2a: Breloom|0 fnt\n|faint|p2a: Breloom\n|\n|upkeep\n|\n|t:|1701126190\n|switch|p2a: Quaquaval|Quaquaval, F|100\/100\n|turn|21\n|\n|t:|1701126194\n|move|p1a: Iron Moth|Energy Ball|p2a: Quaquaval\n|-supereffective|p2a: Quaquaval\n|-damage|p2a: Quaquaval|0 fnt\n|faint|p2a: Quaquaval\n|\n|upkeep\n|-message|Gymbrogaymer forfeited.\n|\n|win|doodieray\n|raw|doodieray's rating: 1448 &rarr; <strong>1470<\/strong><br \/>(+22 for winning)\n|raw|Gymbrogaymer's rating: 1486 &rarr; <strong>1464<\/strong><br \/>(-22 for losing)\n|l|\u2606Gymbrogaymer\n","uploadtime":1701126208,"views":28,"p1id":"doodieray","p2id":"gymbrogaymer","formatid":"gen9ou","rating":1464,"private":0,"password":""}