{"id":"gen9ou-1990923899","p1":"Pelor4242","p2":"OUVT SV","format":"[Gen 9] OU","log":"|j|\u2606Pelor4242\n|j|\u2606OUVT SV\n|t:|1700015664\n|gametype|singles\n|player|p1|Pelor4242|266|1353\n|player|p2|OUVT SV|blue|1327\n|teamsize|p1|6\n|teamsize|p2|6\n|gen|9\n|tier|[Gen 9] OU\n|rated|\n|rule|Sleep Clause Mod: Limit one foe put to sleep\n|rule|Species Clause: Limit one of each Pok\u00e9mon\n|rule|OHKO Clause: OHKO moves are banned\n|rule|Evasion Items Clause: Evasion items are banned\n|rule|Evasion Moves Clause: Evasion moves are banned\n|rule|Endless Battle Clause: Forcing endless battles is banned\n|rule|HP Percentage Mod: HP is shown in percentages\n|clearpoke\n|poke|p1|Dragapult, F|\n|poke|p1|Heatran, M|\n|poke|p1|Iron Valiant|\n|poke|p1|Garchomp, M|\n|poke|p1|Corviknight, F|\n|poke|p1|Sneasler, M|\n|poke|p2|Vikavolt, F|\n|poke|p2|Enamorus, F|\n|poke|p2|Great Tusk|\n|poke|p2|Gholdengo|\n|poke|p2|Kommo-o, M|\n|poke|p2|Iron Moth|\n|teampreview\n|inactive|Battle timer is ON: inactive players will automatically lose when time's up. (requested by OUVT SV)\n|\n|t:|1700015681\n|start\n|switch|p1a: Purple Haze|Sneasler, M|100\/100\n|switch|p2a: Both Baby|Iron Moth|100\/100\n|-enditem|p2a: Both Baby|Booster Energy\n|-activate|p2a: Both Baby|ability: Quark Drive|[fromitem]\n|-start|p2a: Both Baby|quarkdrivespe\n|turn|1\n|\n|t:|1700015705\n|move|p1a: Purple Haze|Fake Out|p2a: Both Baby\n|-damage|p2a: Both Baby|76\/100\n|-damage|p1a: Purple Haze|91\/100|[from] item: Life Orb\n|cant|p2a: Both Baby|flinch\n|\n|upkeep\n|turn|2\n|\n|t:|1700015715\n|switch|p1a: Eruption|Heatran, M|100\/100\n|move|p2a: Both Baby|Dazzling Gleam|p1a: Eruption\n|-resisted|p1a: Eruption\n|-damage|p1a: Eruption|97\/100\n|\n|upkeep\n|turn|3\n|\n|t:|1700015726\n|-terastallize|p2a: Both Baby|Ground\n|move|p2a: Both Baby|Tera Blast|p1a: Eruption|[anim] Tera Blast Ground\n|-supereffective|p1a: Eruption\n|-damage|p1a: Eruption|9\/100\n|move|p1a: Eruption|Earth Power|p2a: Both Baby\n|-damage|p2a: Both Baby|43\/100\n|\n|upkeep\n|turn|4\n|\n|t:|1700015739\n|move|p2a: Both Baby|Tera Blast|p1a: Eruption|[anim] Tera Blast Ground\n|-supereffective|p1a: Eruption\n|-damage|p1a: Eruption|0 fnt\n|faint|p1a: Eruption\n|\n|upkeep\n|\n|t:|1700015744\n|switch|p1a: Excalibot|Iron Valiant|100\/100\n|-enditem|p1a: Excalibot|Booster Energy\n|-activate|p1a: Excalibot|ability: Quark Drive|[fromitem]\n|-start|p1a: Excalibot|quarkdrivespe\n|turn|5\n|\n|t:|1700015755\n|move|p1a: Excalibot|Moonblast|p2a: Both Baby\n|-damage|p2a: Both Baby|0 fnt\n|faint|p2a: Both Baby\n|-end|p2a: Both Baby|Quark Drive|[silent]\n|\n|upkeep\n|\n|t:|1700015777\n|switch|p2a: Pink Flyday|Enamorus, F, shiny|100\/100\n|turn|6\n|inactive|OUVT SV has 120 seconds left.\n|\n|t:|1700015797\n|-terastallize|p1a: Excalibot|Electric\n|move|p1a: Excalibot|Thunderbolt|p2a: Pink Flyday\n|-supereffective|p2a: Pink Flyday\n|-damage|p2a: Pink Flyday|0 fnt\n|faint|p2a: Pink Flyday\n|\n|upkeep\n|\n|t:|1700015816\n|switch|p2a: Vikavolt|Vikavolt, F|100\/100\n|turn|7\n|\n|t:|1700015821\n|move|p1a: Excalibot|Moonblast|p2a: Vikavolt\n|-damage|p2a: Vikavolt|48\/100\n|move|p2a: Vikavolt|Bug Buzz|p1a: Excalibot\n|-damage|p1a: Excalibot|0 fnt\n|faint|p1a: Excalibot\n|-end|p1a: Excalibot|Quark Drive|[silent]\n|\n|upkeep\n|\n|t:|1700015829\n|switch|p1a: Purple Haze|Sneasler, M|91\/100\n|turn|8\n|inactive|OUVT SV has 120 seconds left.\n|\n|t:|1700015840\n|move|p1a: Purple Haze|Fake Out|p2a: Vikavolt\n|-damage|p2a: Vikavolt|30\/100\n|-status|p2a: Vikavolt|psn|[from] ability: Poison Touch|[of] p1a: Purple Haze\n|-damage|p1a: Purple Haze|81\/100|[from] item: Life Orb\n|cant|p2a: Vikavolt|flinch\n|\n|-damage|p2a: Vikavolt|18\/100 psn|[from] psn\n|upkeep\n|turn|9\n|\n|t:|1700015847\n|move|p1a: Purple Haze|U-turn|p2a: Vikavolt\n|-damage|p2a: Vikavolt|0 fnt\n|faint|p2a: Vikavolt\n|-damage|p1a: Purple Haze|71\/100|[from] item: Life Orb\n|\n|t:|1700015852\n|switch|p1a: Plane|Dragapult, F|100\/100|[from] U-turn\n|\n|upkeep\n|\n|t:|1700015862\n|switch|p2a: Djengo Unrained|Gholdengo|100\/100\n|-item|p2a: Djengo Unrained|Air Balloon\n|turn|10\n|\n|t:|1700015884\n|switch|p2a: Tony Komo|Kommo-o, M|100\/100\n|move|p1a: Plane|U-turn|p2a: Tony Komo\n|-resisted|p2a: Tony Komo\n|-damage|p2a: Tony Komo|85\/100\n|\n|t:|1700015890\n|switch|p1a: Purple Haze|Sneasler, M|71\/100|[from] U-turn\n|\n|-heal|p2a: Tony Komo|91\/100|[from] item: Leftovers\n|upkeep\n|turn|11\n|\n|t:|1700015897\n|move|p1a: Purple Haze|Fake Out|p2a: Tony Komo\n|-damage|p2a: Tony Komo|73\/100\n|-damage|p1a: Purple Haze|61\/100|[from] item: Life Orb\n|cant|p2a: Tony Komo|flinch\n|\n|-heal|p2a: Tony Komo|80\/100|[from] item: Leftovers\n|upkeep\n|turn|12\n|\n|t:|1700015902\n|move|p1a: Purple Haze|Dire Claw|p2a: Tony Komo\n|-damage|p2a: Tony Komo|29\/100\n|-status|p2a: Tony Komo|psn|[from] ability: Poison Touch|[of] p1a: Purple Haze\n|-damage|p1a: Purple Haze|51\/100|[from] item: Life Orb\n|move|p2a: Tony Komo|Clangorous Soul||[still]\n|-fail|p2a: Tony Komo\n|\n|-heal|p2a: Tony Komo|35\/100 psn|[from] item: Leftovers\n|-damage|p2a: Tony Komo|22\/100 psn|[from] psn\n|upkeep\n|turn|13\n|\n|t:|1700015911\n|switch|p2a: Djengo Unrained|Gholdengo|100\/100\n|-item|p2a: Djengo Unrained|Air Balloon\n|move|p1a: Purple Haze|U-turn|p2a: Djengo Unrained\n|-resisted|p2a: Djengo Unrained\n|-damage|p2a: Djengo Unrained|93\/100\n|-enditem|p2a: Djengo Unrained|Air Balloon\n|-damage|p1a: Purple Haze|41\/100|[from] item: Life Orb\n|\n|t:|1700015917\n|switch|p1a: Tubareba|Garchomp, M|100\/100|[from] U-turn\n|\n|upkeep\n|turn|14\n|\n|t:|1700015923\n|move|p1a: Tubareba|Earthquake|p2a: Djengo Unrained\n|-supereffective|p2a: Djengo Unrained\n|-damage|p2a: Djengo Unrained|0 fnt\n|faint|p2a: Djengo Unrained\n|\n|upkeep\n|\n|t:|1700015926\n|switch|p2a: Dentist G-Ram|Great Tusk|100\/100\n|-enditem|p2a: Dentist G-Ram|Booster Energy\n|-activate|p2a: Dentist G-Ram|ability: Protosynthesis|[fromitem]\n|-start|p2a: Dentist G-Ram|protosynthesisatk\n|turn|15\n|\n|t:|1700015932\n|move|p1a: Tubareba|Swords Dance|p1a: Tubareba\n|-boost|p1a: Tubareba|atk|2\n|move|p2a: Dentist G-Ram|Ice Spinner|p1a: Tubareba\n|-supereffective|p1a: Tubareba\n|-damage|p1a: Tubareba|0 fnt\n|-damage|p2a: Dentist G-Ram|88\/100|[from] ability: Rough Skin|[of] p1a: Tubareba\n|-damage|p2a: Dentist G-Ram|72\/100|[from] item: Rocky Helmet|[of] p1a: Tubareba\n|faint|p1a: Tubareba\n|\n|upkeep\n|\n|t:|1700015951\n|switch|p1a: Plane|Dragapult, F|100\/100\n|turn|16\n|\n|t:|1700015958\n|move|p1a: Plane|U-turn|p2a: Dentist G-Ram\n|-resisted|p2a: Dentist G-Ram\n|-damage|p2a: Dentist G-Ram|60\/100\n|\n|t:|1700015964\n|switch|p1a: Silver Chariot|Corviknight, F|100\/100|[from] U-turn\n|-ability|p1a: Silver Chariot|Pressure\n|move|p2a: Dentist G-Ram|Headlong Rush|p1a: Silver Chariot\n|-immune|p1a: Silver Chariot\n|\n|upkeep\n|turn|17\n|\n|t:|1700015973\n|move|p2a: Dentist G-Ram|Stealth Rock|p1a: Silver Chariot\n|-sidestart|p1: Pelor4242|move: Stealth Rock\n|move|p1a: Silver Chariot|U-turn|p2a: Dentist G-Ram\n|-resisted|p2a: Dentist G-Ram\n|-damage|p2a: Dentist G-Ram|54\/100\n|\n|t:|1700015978\n|switch|p1a: Purple Haze|Sneasler, M|41\/100|[from] U-turn\n|-damage|p1a: Purple Haze|35\/100|[from] Stealth Rock\n|\n|upkeep\n|turn|18\n|\n|t:|1700015994\n|move|p1a: Purple Haze|Fake Out|p2a: Dentist G-Ram\n|-damage|p2a: Dentist G-Ram|40\/100\n|-damage|p1a: Purple Haze|25\/100|[from] item: Life Orb\n|cant|p2a: Dentist G-Ram|flinch\n|\n|upkeep\n|turn|19\n|\n|t:|1700016000\n|move|p1a: Purple Haze|Close Combat|p2a: Dentist G-Ram\n|-damage|p2a: Dentist G-Ram|0 fnt\n|-unboost|p1a: Purple Haze|def|1\n|-unboost|p1a: Purple Haze|spd|1\n|faint|p2a: Dentist G-Ram\n|-end|p2a: Dentist G-Ram|Protosynthesis|[silent]\n|-damage|p1a: Purple Haze|15\/100|[from] item: Life Orb\n|\n|upkeep\n|\n|t:|1700016004\n|switch|p2a: Tony Komo|Kommo-o, M|22\/100 psn\n|turn|20\n|\n|t:|1700016012\n|move|p1a: Purple Haze|Close Combat|p2a: Tony Komo\n|-damage|p2a: Tony Komo|0 fnt\n|-unboost|p1a: Purple Haze|def|1\n|-unboost|p1a: Purple Haze|spd|1\n|faint|p2a: Tony Komo\n|-damage|p1a: Purple Haze|5\/100|[from] item: Life Orb\n|\n|win|Pelor4242\n|raw|Pelor4242's rating: 1353 &rarr; <strong>1372<\/strong><br \/>(+19 for winning)\n|raw|OUVT SV's rating: 1327 &rarr; <strong>1308<\/strong><br \/>(-19 for losing)\n","uploadtime":1700016023,"views":7,"p1id":"pelor4242","p2id":"ouvtsv","formatid":"gen9ou","rating":1308,"private":0,"password":""}