{"id":"gen9ou-1988291897","p1":"Shadow0709","p2":"gr0wth 1n s4nd","format":"[Gen 9] OU","log":"|j|\u2606Shadow0709\n|j|\u2606gr0wth 1n s4nd\n|t:|1699702953\n|gametype|singles\n|player|p1|Shadow0709|lady-gen4|1486\n|player|p2|gr0wth 1n s4nd|265|1678\n|teamsize|p1|6\n|teamsize|p2|6\n|gen|9\n|tier|[Gen 9] OU\n|rated|\n|rule|Sleep Clause Mod: Limit one foe put to sleep\n|rule|Species Clause: Limit one of each Pok\u00e9mon\n|rule|OHKO Clause: OHKO moves are banned\n|rule|Evasion Items Clause: Evasion items are banned\n|rule|Evasion Moves Clause: Evasion moves are banned\n|rule|Endless Battle Clause: Forcing endless battles is banned\n|rule|HP Percentage Mod: HP is shown in percentages\n|clearpoke\n|poke|p1|Ribombee, M|\n|poke|p1|Manaphy|\n|poke|p1|Gholdengo|\n|poke|p1|Great Tusk|\n|poke|p1|Iron Moth|\n|poke|p1|Kingambit, M|\n|poke|p2|Ninetales-Alola, M|\n|poke|p2|Manaphy|\n|poke|p2|Rillaboom, F|\n|poke|p2|Sneasler, M|\n|poke|p2|Zamazenta-*|\n|poke|p2|Samurott-Hisui, M|\n|teampreview\n|inactive|Battle timer is ON: inactive players will automatically lose when time's up. (requested by Shadow0709)\n|\n|t:|1699702969\n|start\n|switch|p1a: Ribombee|Ribombee, M|100\/100\n|switch|p2a: Samurott|Samurott-Hisui, M|100\/100\n|turn|1\n|\n|t:|1699702976\n|move|p1a: Ribombee|Sticky Web|p2a: Samurott\n|-sidestart|p2: gr0wth 1n s4nd|move: Sticky Web\n|move|p2a: Samurott|Aqua Cutter|p1a: Ribombee\n|-enditem|p1a: Ribombee|Focus Sash\n|-damage|p1a: Ribombee|1\/100\n|\n|upkeep\n|turn|2\n|\n|t:|1699702993\n|move|p2a: Samurott|Aqua Jet|p1a: Ribombee\n|-damage|p1a: Ribombee|0 fnt\n|faint|p1a: Ribombee\n|\n|upkeep\n|\n|t:|1699702997\n|switch|p1a: Manaphy|Manaphy|100\/100\n|turn|3\n|\n|t:|1699703001\n|move|p1a: Manaphy|Tail Glow|p1a: Manaphy\n|-boost|p1a: Manaphy|spa|3\n|move|p2a: Samurott|Ceaseless Edge|p1a: Manaphy\n|-damage|p1a: Manaphy|55\/100\n|-sidestart|p1: Shadow0709|Spikes\n|\n|-heal|p1a: Manaphy|61\/100|[from] item: Leftovers\n|upkeep\n|turn|4\n|\n|t:|1699703004\n|move|p1a: Manaphy|Energy Ball|p2a: Samurott\n|-supereffective|p2a: Samurott\n|-enditem|p2a: Samurott|Focus Sash\n|-damage|p2a: Samurott|1\/100\n|move|p2a: Samurott|Ceaseless Edge|p1a: Manaphy\n|-damage|p1a: Manaphy|13\/100\n|-sidestart|p1: Shadow0709|Spikes\n|\n|-heal|p1a: Manaphy|19\/100|[from] item: Leftovers\n|upkeep\n|turn|5\n|\n|t:|1699703009\n|move|p2a: Samurott|Aqua Jet|p1a: Manaphy\n|-resisted|p1a: Manaphy\n|-crit|p1a: Manaphy\n|-damage|p1a: Manaphy|5\/100\n|move|p1a: Manaphy|Energy Ball|p2a: Samurott\n|-supereffective|p2a: Samurott\n|-damage|p2a: Samurott|0 fnt\n|faint|p2a: Samurott\n|\n|-heal|p1a: Manaphy|11\/100|[from] item: Leftovers\n|upkeep\n|\n|t:|1699703012\n|switch|p2a: Rillaboom|Rillaboom, F|100\/100\n|-activate|p2a: Rillaboom|move: Sticky Web\n|-unboost|p2a: Rillaboom|spe|1\n|-fieldstart|move: Grassy Terrain|[from] ability: Grassy Surge|[of] p2a: Rillaboom\n|turn|6\n|\n|t:|1699703018\n|move|p2a: Rillaboom|Grassy Glide|p1a: Manaphy\n|-supereffective|p1a: Manaphy\n|-damage|p1a: Manaphy|0 fnt\n|faint|p1a: Manaphy\n|\n|upkeep\n|\n|t:|1699703032\n|switch|p1a: Great Tusk|Great Tusk|100\/100\n|-damage|p1a: Great Tusk|84\/100|[from] Spikes\n|turn|7\n|\n|t:|1699703054\n|-terastallize|p1a: Great Tusk|Steel\n|move|p1a: Great Tusk|Bulk Up|p1a: Great Tusk\n|-boost|p1a: Great Tusk|atk|1\n|-boost|p1a: Great Tusk|def|1\n|move|p2a: Rillaboom|U-turn|p1a: Great Tusk\n|-resisted|p1a: Great Tusk\n|-damage|p1a: Great Tusk|78\/100\n|\n|t:|1699703063\n|switch|p2a: Sneasler|Sneasler, M|100\/100|[from] U-turn\n|-activate|p2a: Sneasler|move: Sticky Web\n|-unboost|p2a: Sneasler|spe|1\n|-enditem|p2a: Sneasler|Grassy Seed\n|-boost|p2a: Sneasler|def|1|[from] item: Grassy Seed\n|\n|-heal|p1a: Great Tusk|84\/100|[from] Grassy Terrain\n|-heal|p1a: Great Tusk|90\/100|[from] item: Leftovers\n|upkeep\n|turn|8\n|\n|t:|1699703075\n|-terastallize|p2a: Sneasler|Dark\n|move|p2a: Sneasler|Swords Dance|p2a: Sneasler\n|-boost|p2a: Sneasler|atk|2\n|move|p1a: Great Tusk|Rapid Spin|p2a: Sneasler\n|-damage|p2a: Sneasler|72\/100\n|-boost|p1a: Great Tusk|spe|1\n|-sideend|p1: Shadow0709|Spikes|[from] move: Rapid Spin|[of] p1a: Great Tusk\n|\n|-heal|p1a: Great Tusk|96\/100|[from] Grassy Terrain\n|-heal|p1a: Great Tusk|100\/100|[from] item: Leftovers\n|-heal|p2a: Sneasler|78\/100|[from] Grassy Terrain\n|upkeep\n|turn|9\n|\n|t:|1699703082\n|move|p1a: Great Tusk|Headlong Rush|p2a: Sneasler\n|-damage|p2a: Sneasler|0 fnt\n|-unboost|p1a: Great Tusk|def|1\n|-unboost|p1a: Great Tusk|spd|1\n|faint|p2a: Sneasler\n|\n|upkeep\n|\n|t:|1699703092\n|switch|p2a: Ninetales|Ninetales-Alola, M|100\/100\n|-activate|p2a: Ninetales|move: Sticky Web\n|-unboost|p2a: Ninetales|spe|1\n|-weather|Snow|[from] ability: Snow Warning|[of] p2a: Ninetales\n|turn|10\n|\n|t:|1699703095\n|move|p1a: Great Tusk|Headlong Rush|p2a: Ninetales\n|-damage|p2a: Ninetales|16\/100\n|-unboost|p1a: Great Tusk|def|1\n|-unboost|p1a: Great Tusk|spd|1\n|move|p2a: Ninetales|Aurora Veil|p2a: Ninetales\n|-sidestart|p2: gr0wth 1n s4nd|move: Aurora Veil\n|\n|-weather|Snow|[upkeep]\n|-heal|p2a: Ninetales|22\/100|[from] Grassy Terrain\n|upkeep\n|turn|11\n|\n|t:|1699703101\n|move|p1a: Great Tusk|Bulk Up|p1a: Great Tusk\n|-boost|p1a: Great Tusk|atk|1\n|-boost|p1a: Great Tusk|def|1\n|move|p2a: Ninetales|Encore|p1a: Great Tusk\n|-start|p1a: Great Tusk|Encore\n|\n|-weather|Snow|[upkeep]\n|-heal|p2a: Ninetales|28\/100|[from] Grassy Terrain\n|upkeep\n|turn|12\n|\n|t:|1699703106\n|-end|p1a: Great Tusk|Protosynthesis|[silent]\n|switch|p1a: Iron Moth|Iron Moth|100\/100\n|-enditem|p1a: Iron Moth|Booster Energy\n|-activate|p1a: Iron Moth|ability: Quark Drive|[fromitem]\n|-start|p1a: Iron Moth|quarkdrivespe\n|switch|p2a: Manaphy|Manaphy|100\/100\n|-activate|p2a: Manaphy|move: Sticky Web\n|-unboost|p2a: Manaphy|spe|1\n|\n|-weather|Snow|[upkeep]\n|upkeep\n|turn|13\n|\n|t:|1699703112\n|move|p1a: Iron Moth|Energy Ball|p2a: Manaphy\n|-supereffective|p2a: Manaphy\n|-damage|p2a: Manaphy|69\/100\n|-unboost|p2a: Manaphy|spd|1\n|move|p2a: Manaphy|Take Heart|p2a: Manaphy\n|-boost|p2a: Manaphy|spa|1\n|-boost|p2a: Manaphy|spd|1\n|\n|-weather|Snow|[upkeep]\n|-heal|p2a: Manaphy|75\/100|[from] Grassy Terrain\n|-heal|p2a: Manaphy|81\/100|[from] item: Leftovers\n|-fieldend|move: Grassy Terrain\n|upkeep\n|turn|14\n|\n|t:|1699703118\n|move|p1a: Iron Moth|Energy Ball|p2a: Manaphy\n|-supereffective|p2a: Manaphy\n|-damage|p2a: Manaphy|57\/100\n|move|p2a: Manaphy|Take Heart|p2a: Manaphy\n|-boost|p2a: Manaphy|spa|1\n|-boost|p2a: Manaphy|spd|1\n|\n|-weather|none\n|-heal|p2a: Manaphy|63\/100|[from] item: Leftovers\n|upkeep\n|turn|15\n|\n|t:|1699703124\n|move|p1a: Iron Moth|Energy Ball|p2a: Manaphy\n|-supereffective|p2a: Manaphy\n|-damage|p2a: Manaphy|44\/100\n|move|p2a: Manaphy|Scald|p1a: Iron Moth\n|-supereffective|p1a: Iron Moth\n|-damage|p1a: Iron Moth|0 fnt\n|faint|p1a: Iron Moth\n|-end|p1a: Iron Moth|Quark Drive|[silent]\n|\n|-heal|p2a: Manaphy|50\/100|[from] item: Leftovers\n|upkeep\n|\n|t:|1699703137\n|switch|p1a: Great Tusk|Great Tusk, tera:Steel|100\/100\n|turn|16\n|\n|t:|1699703142\n|move|p1a: Great Tusk|Rapid Spin|p2a: Manaphy\n|-damage|p2a: Manaphy|42\/100\n|-boost|p1a: Great Tusk|spe|1\n|move|p2a: Manaphy|Acid Armor|p2a: Manaphy\n|-boost|p2a: Manaphy|def|2\n|\n|-heal|p2a: Manaphy|48\/100|[from] item: Leftovers\n|upkeep\n|turn|17\n|\n|t:|1699703151\n|move|p1a: Great Tusk|Headlong Rush|p2a: Manaphy\n|-damage|p2a: Manaphy|34\/100\n|-unboost|p1a: Great Tusk|def|1\n|-unboost|p1a: Great Tusk|spd|1\n|move|p2a: Manaphy|Take Heart|p2a: Manaphy\n|-boost|p2a: Manaphy|spa|1\n|-boost|p2a: Manaphy|spd|1\n|\n|-heal|p2a: Manaphy|40\/100|[from] item: Leftovers\n|-sideend|p2: gr0wth 1n s4nd|move: Aurora Veil\n|upkeep\n|turn|18\n|\n|t:|1699703154\n|move|p1a: Great Tusk|Headlong Rush|p2a: Manaphy\n|-crit|p2a: Manaphy\n|-damage|p2a: Manaphy|0 fnt\n|-unboost|p1a: Great Tusk|def|1\n|-unboost|p1a: Great Tusk|spd|1\n|faint|p2a: Manaphy\n|\n|upkeep\n|c|\u2606gr0wth 1n s4nd|.......\n|n|!gr0wth 1n s4nd|gr0wth1ns4nd\n|\n|t:|1699703166\n|switch|p2a: Zamazenta|Zamazenta|100\/100\n|-activate|p2a: Zamazenta|move: Sticky Web\n|-unboost|p2a: Zamazenta|spe|1\n|-ability|p2a: Zamazenta|Dauntless Shield|boost\n|-boost|p2a: Zamazenta|def|1\n|turn|19\n|\n|t:|1699703170\n|-end|p1a: Great Tusk|Protosynthesis|[silent]\n|switch|p1a: Gholdengo|Gholdengo|100\/100\n|-item|p1a: Gholdengo|Air Balloon\n|move|p2a: Zamazenta|Iron Defense|p2a: Zamazenta\n|-boost|p2a: Zamazenta|def|2\n|\n|upkeep\n|turn|20\n|\n|t:|1699703174\n|move|p1a: Gholdengo|Shadow Ball|p2a: Zamazenta\n|-crit|p2a: Zamazenta\n|-damage|p2a: Zamazenta|48\/100\n|move|p2a: Zamazenta|Crunch|p1a: Gholdengo\n|-supereffective|p1a: Gholdengo\n|-damage|p1a: Gholdengo|50\/100\n|-enditem|p1a: Gholdengo|Air Balloon\n|\n|-heal|p2a: Zamazenta|54\/100|[from] item: Leftovers\n|upkeep\n|turn|21\n|\n|t:|1699703184\n|move|p1a: Gholdengo|Make It Rain|p2a: Zamazenta\n|-damage|p2a: Zamazenta|0 fnt\n|-unboost|p1a: Gholdengo|spa|1\n|faint|p2a: Zamazenta\n|\n|upkeep\n|\n|t:|1699703188\n|switch|p2a: Rillaboom|Rillaboom, F|100\/100\n|-activate|p2a: Rillaboom|move: Sticky Web\n|-unboost|p2a: Rillaboom|spe|1\n|-fieldstart|move: Grassy Terrain|[from] ability: Grassy Surge|[of] p2a: Rillaboom\n|turn|22\n|\n|t:|1699703192\n|move|p1a: Gholdengo|Recover|p1a: Gholdengo\n|-heal|p1a: Gholdengo|99\/100\n|move|p2a: Rillaboom|Knock Off|p1a: Gholdengo\n|-supereffective|p1a: Gholdengo\n|-damage|p1a: Gholdengo|51\/100\n|\n|-heal|p1a: Gholdengo|57\/100|[from] Grassy Terrain\n|upkeep\n|turn|23\n|-message|gr0wth 1n s4nd forfeited.\n|\n|win|Shadow0709\n|raw|Shadow0709's rating: 1486 &rarr; <strong>1516<\/strong><br \/>(+30 for winning)\n|raw|gr0wth 1n s4nd's rating: 1678 &rarr; <strong>1648<\/strong><br \/>(-30 for losing)\n|l|!gr0wth 1n s4nd\n","uploadtime":1699703162,"views":15,"p1id":"shadow0709","p2id":"gr0wth1ns4nd","formatid":"gen9ou","rating":1516,"private":0,"password":""}