{"id":"gen9ou-1988722868","p1":"Bagooska irl","p2":"MythNick","format":"[Gen 9] OU","log":"|j|\u2606Bagooska irl\n|j|\u2606MythNick\n|t:|1699754969\n|gametype|singles\n|player|p1|Bagooska irl|waitress|1521\n|player|p2|MythNick|jasmine|1489\n|teamsize|p1|6\n|teamsize|p2|6\n|gen|9\n|tier|[Gen 9] OU\n|rated|\n|rule|Sleep Clause Mod: Limit one foe put to sleep\n|rule|Species Clause: Limit one of each Pok\u00e9mon\n|rule|OHKO Clause: OHKO moves are banned\n|rule|Evasion Items Clause: Evasion items are banned\n|rule|Evasion Moves Clause: Evasion moves are banned\n|rule|Endless Battle Clause: Forcing endless battles is banned\n|rule|HP Percentage Mod: HP is shown in percentages\n|clearpoke\n|poke|p1|Grimmsnarl, M|\n|poke|p1|Slowking-Galar, F|\n|poke|p1|Ogerpon-Wellspring, F|\n|poke|p1|Kingambit, F|\n|poke|p1|Tauros-Paldea-Blaze, M|\n|poke|p1|Dragapult, M|\n|poke|p2|Kommo-o, M|\n|poke|p2|Slowking-Galar, F|\n|poke|p2|Iron Treads|\n|poke|p2|Ninetales-Alola, M|\n|poke|p2|Manaphy|\n|poke|p2|Zamazenta-*|\n|teampreview\n|inactive|Battle timer is ON: inactive players will automatically lose when time's up. (requested by Bagooska irl)\n|\n|t:|1699754976\n|start\n|switch|p1a: Tauros|Tauros-Paldea-Blaze, M|100\/100\n|switch|p2a: Ninetales|Ninetales-Alola, M|100\/100\n|-weather|Snow|[from] ability: Snow Warning|[of] p2a: Ninetales\n|-ability|p1a: Tauros|Intimidate|boost\n|-unboost|p2a: Ninetales|atk|1\n|turn|1\n|\n|t:|1699754996\n|switch|p2a: Manaphy|Manaphy|100\/100\n|move|p1a: Tauros|Raging Bull|p2a: Manaphy\n|-resisted|p2a: Manaphy\n|-damage|p2a: Manaphy|79\/100\n|\n|-weather|Snow|[upkeep]\n|-heal|p2a: Manaphy|85\/100|[from] item: Leftovers\n|upkeep\n|turn|2\n|\n|t:|1699755008\n|switch|p1a: Ogerpon|Ogerpon-Wellspring, F|100\/100\n|switch|p2a: Ninetales|Ninetales-Alola, M|100\/100\n|\n|-weather|Snow|[upkeep]\n|upkeep\n|turn|3\n|\n|t:|1699755014\n|move|p1a: Ogerpon|Power Whip|p2a: Ninetales\n|-damage|p2a: Ninetales|24\/100\n|move|p2a: Ninetales|Aurora Veil|p2a: Ninetales\n|-sidestart|p2: MythNick|move: Aurora Veil\n|\n|-weather|Snow|[upkeep]\n|upkeep\n|turn|4\n|\n|t:|1699755018\n|switch|p2a: Kommo-o|Kommo-o, M|100\/100\n|move|p1a: Ogerpon|Ivy Cudgel|p2a: Kommo-o\n|-resisted|p2a: Kommo-o\n|-crit|p2a: Kommo-o\n|-damage|p2a: Kommo-o|60\/100\n|\n|-weather|Snow|[upkeep]\n|upkeep\n|turn|5\n|\n|t:|1699755026\n|switch|p1a: Glowking|Slowking-Galar, F|100\/100\n|switch|p2a: Zamazenta|Zamazenta|100\/100\n|-ability|p2a: Zamazenta|Dauntless Shield|boost\n|-boost|p2a: Zamazenta|def|1\n|\n|-weather|none\n|upkeep\n|turn|6\n|\n|t:|1699755033\n|move|p2a: Zamazenta|Substitute|p2a: Zamazenta\n|-start|p2a: Zamazenta|Substitute\n|-damage|p2a: Zamazenta|75\/100\n|move|p1a: Glowking|Future Sight|p2a: Zamazenta\n|-start|p1a: Glowking|move: Future Sight\n|\n|-heal|p2a: Zamazenta|82\/100|[from] item: Leftovers\n|upkeep\n|turn|7\n|\n|t:|1699755038\n|move|p2a: Zamazenta|Crunch|p1a: Glowking\n|-supereffective|p1a: Glowking\n|-damage|p1a: Glowking|70\/100\n|move|p1a: Glowking|Chilly Reception|p1a: Glowking\n|-weather|Snow\n|\n|t:|1699755040\n|switch|p1a: Tauros|Tauros-Paldea-Blaze, M|100\/100|[from] Chilly Reception\n|-ability|p1a: Tauros|Intimidate|boost\n|-immune|p2a: Zamazenta\n|\n|-weather|Snow|[upkeep]\n|-heal|p2a: Zamazenta|88\/100|[from] item: Leftovers\n|upkeep\n|turn|8\n|\n|t:|1699755050\n|move|p2a: Zamazenta|Iron Defense|p2a: Zamazenta\n|-boost|p2a: Zamazenta|def|2\n|move|p1a: Tauros|Close Combat|p2a: Zamazenta\n|-activate|p2a: Zamazenta|move: Substitute|[damage]\n|-unboost|p1a: Tauros|def|1\n|-unboost|p1a: Tauros|spd|1\n|\n|-weather|Snow|[upkeep]\n|-end|p2a: Zamazenta|move: Future Sight\n|-supereffective|p2a: Zamazenta\n|-end|p2a: Zamazenta|Substitute\n|-heal|p2a: Zamazenta|94\/100|[from] item: Leftovers\n|upkeep\n|turn|9\n|\n|t:|1699755064\n|switch|p1a: Grimmsnarl|Grimmsnarl, M|100\/100\n|move|p2a: Zamazenta|Body Press|p1a: Grimmsnarl\n|-damage|p1a: Grimmsnarl|4\/100\n|\n|-weather|Snow|[upkeep]\n|-heal|p2a: Zamazenta|99\/100|[from] item: Leftovers\n|upkeep\n|turn|10\n|\n|t:|1699755068\n|move|p1a: Grimmsnarl|Taunt|p2a: Zamazenta\n|-start|p2a: Zamazenta|move: Taunt\n|move|p2a: Zamazenta|Body Press|p1a: Grimmsnarl\n|-crit|p1a: Grimmsnarl\n|-damage|p1a: Grimmsnarl|0 fnt\n|faint|p1a: Grimmsnarl\n|\n|-weather|Snow|[upkeep]\n|-heal|p2a: Zamazenta|100\/100|[from] item: Leftovers\n|-sideend|p2: MythNick|move: Aurora Veil\n|upkeep\n|\n|t:|1699755071\n|switch|p1a: Tauros|Tauros-Paldea-Blaze, M|100\/100\n|-ability|p1a: Tauros|Intimidate|boost\n|-unboost|p2a: Zamazenta|atk|1\n|turn|11\n|\n|t:|1699755076\n|switch|p1a: Glowking|Slowking-Galar, F|100\/100\n|move|p2a: Zamazenta|Body Press|p1a: Glowking\n|-resisted|p1a: Glowking\n|-damage|p1a: Glowking|84\/100\n|\n|-weather|none\n|-heal|p1a: Glowking|90\/100|[from] item: Black Sludge\n|upkeep\n|turn|12\n|\n|t:|1699755080\n|move|p2a: Zamazenta|Crunch|p1a: Glowking\n|-supereffective|p1a: Glowking\n|-damage|p1a: Glowking|66\/100\n|move|p1a: Glowking|Trick|p2a: Zamazenta\n|-activate|p1a: Glowking|move: Trick|[of] p2a: Zamazenta\n|-item|p2a: Zamazenta|Black Sludge|[from] move: Trick\n|-item|p1a: Glowking|Leftovers|[from] move: Trick\n|\n|-damage|p2a: Zamazenta|88\/100|[from] item: Black Sludge\n|-heal|p1a: Glowking|72\/100|[from] item: Leftovers\n|-end|p2a: Zamazenta|move: Taunt\n|upkeep\n|turn|13\n|\n|t:|1699755084\n|move|p2a: Zamazenta|Substitute|p2a: Zamazenta\n|-start|p2a: Zamazenta|Substitute\n|-damage|p2a: Zamazenta|63\/100\n|move|p1a: Glowking|Future Sight|p2a: Zamazenta\n|-start|p1a: Glowking|move: Future Sight\n|\n|-damage|p2a: Zamazenta|51\/100|[from] item: Black Sludge\n|-heal|p1a: Glowking|78\/100|[from] item: Leftovers\n|upkeep\n|turn|14\n|\n|t:|1699755091\n|move|p2a: Zamazenta|Crunch|p1a: Glowking\n|-supereffective|p1a: Glowking\n|-damage|p1a: Glowking|56\/100\n|move|p1a: Glowking|Ice Beam|p2a: Zamazenta\n|-activate|p2a: Zamazenta|move: Substitute|[damage]\n|\n|-damage|p2a: Zamazenta|38\/100|[from] item: Black Sludge\n|-heal|p1a: Glowking|62\/100|[from] item: Leftovers\n|upkeep\n|turn|15\n|\n|t:|1699755101\n|switch|p2a: Iron Treads|Iron Treads|100\/100\n|-enditem|p2a: Iron Treads|Booster Energy\n|-activate|p2a: Iron Treads|ability: Quark Drive|[fromitem]\n|-start|p2a: Iron Treads|quarkdrivespe\n|move|p1a: Glowking|Chilly Reception|p1a: Glowking\n|-weather|Snow\n|\n|t:|1699755106\n|switch|p1a: Tauros|Tauros-Paldea-Blaze, M|100\/100|[from] Chilly Reception\n|-ability|p1a: Tauros|Intimidate|boost\n|-unboost|p2a: Iron Treads|atk|1\n|\n|-weather|Snow|[upkeep]\n|-end|p2a: Iron Treads|move: Future Sight\n|-resisted|p2a: Iron Treads\n|-damage|p2a: Iron Treads|72\/100\n|upkeep\n|turn|16\n|\n|t:|1699755112\n|move|p2a: Iron Treads|Earthquake|p1a: Tauros\n|-supereffective|p1a: Tauros\n|-damage|p1a: Tauros|38\/100\n|move|p1a: Tauros|Raging Bull|p2a: Iron Treads\n|-supereffective|p2a: Iron Treads\n|-crit|p2a: Iron Treads\n|-damage|p2a: Iron Treads|0 fnt\n|faint|p2a: Iron Treads\n|-end|p2a: Iron Treads|Quark Drive|[silent]\n|\n|-weather|Snow|[upkeep]\n|upkeep\n|\n|t:|1699755117\n|switch|p2a: Ninetales|Ninetales-Alola, M|24\/100\n|turn|17\n|\n|t:|1699755123\n|move|p2a: Ninetales|Moonblast|p1a: Tauros\n|-damage|p1a: Tauros|0 fnt\n|faint|p1a: Tauros\n|\n|-weather|Snow|[upkeep]\n|upkeep\n|\n|t:|1699755126\n|switch|p1a: Dragapult|Dragapult, M|100\/100\n|turn|18\n|\n|t:|1699755134\n|switch|p2a: Kommo-o|Kommo-o, M|60\/100\n|move|p1a: Dragapult|Fire Blast|p2a: Kommo-o\n|-resisted|p2a: Kommo-o\n|-damage|p2a: Kommo-o|36\/100\n|\n|-weather|Snow|[upkeep]\n|upkeep\n|turn|19\n|\n|t:|1699755142\n|switch|p1a: Glowking|Slowking-Galar, F|95\/100\n|move|p2a: Kommo-o|Clanging Scales|p1a: Glowking\n|-damage|p1a: Glowking|62\/100\n|-unboost|p2a: Kommo-o|def|1\n|-enditem|p2a: Kommo-o|Throat Spray\n|-boost|p2a: Kommo-o|spa|1|[from] item: Throat Spray\n|\n|-weather|none\n|-heal|p1a: Glowking|68\/100|[from] item: Leftovers\n|upkeep\n|turn|20\n|\n|t:|1699755160\n|move|p2a: Kommo-o|Clanging Scales|p1a: Glowking\n|-damage|p1a: Glowking|16\/100\n|-unboost|p2a: Kommo-o|def|1\n|move|p1a: Glowking|Ice Beam|p2a: Kommo-o\n|-supereffective|p2a: Kommo-o\n|-damage|p2a: Kommo-o|0 fnt\n|faint|p2a: Kommo-o\n|\n|-heal|p1a: Glowking|22\/100|[from] item: Leftovers\n|upkeep\n|\n|t:|1699755163\n|switch|p2a: Ninetales|Ninetales-Alola, M|24\/100\n|-weather|Snow|[from] ability: Snow Warning|[of] p2a: Ninetales\n|turn|21\n|\n|t:|1699755167\n|move|p2a: Ninetales|Aurora Veil|p2a: Ninetales\n|-sidestart|p2: MythNick|move: Aurora Veil\n|move|p1a: Glowking|Future Sight|p2a: Ninetales\n|-start|p1a: Glowking|move: Future Sight\n|\n|-weather|Snow|[upkeep]\n|-heal|p1a: Glowking|28\/100|[from] item: Leftovers\n|upkeep\n|turn|22\n|\n|t:|1699755175\n|switch|p1a: Kingambit|Kingambit, F|100\/100\n|-activate|p1a: Kingambit|ability: Supreme Overlord\n|-start|p1a: Kingambit|fallen2|[silent]\n|move|p2a: Ninetales|Encore||[still]\n|-fail|p2a: Ninetales\n|\n|-weather|Snow|[upkeep]\n|upkeep\n|turn|23\n|\n|t:|1699755183\n|switch|p2a: Manaphy|Manaphy|85\/100\n|-end|p1a: Kingambit|fallen2|[silent]\n|switch|p1a: Glowking|Slowking-Galar, F|61\/100\n|\n|-weather|Snow|[upkeep]\n|-end|p2a: Manaphy|move: Future Sight\n|-damage|p2a: Manaphy|67\/100\n|-heal|p2a: Manaphy|73\/100|[from] item: Leftovers\n|-heal|p1a: Glowking|67\/100|[from] item: Leftovers\n|upkeep\n|turn|24\n|\n|t:|1699755189\n|move|p2a: Manaphy|Take Heart|p2a: Manaphy\n|-boost|p2a: Manaphy|spa|1\n|-boost|p2a: Manaphy|spd|1\n|move|p1a: Glowking|Chilly Reception|p1a: Glowking\n|\n|t:|1699755191\n|switch|p1a: Ogerpon|Ogerpon-Wellspring, F|100\/100|[from] Chilly Reception\n|\n|-weather|Snow|[upkeep]\n|-heal|p2a: Manaphy|79\/100|[from] item: Leftovers\n|upkeep\n|turn|25\n|\n|t:|1699755195\n|-terastallize|p2a: Manaphy|Poison\n|move|p1a: Ogerpon|Swords Dance|p1a: Ogerpon\n|-boost|p1a: Ogerpon|atk|2\n|move|p2a: Manaphy|Acid Armor|p2a: Manaphy\n|-boost|p2a: Manaphy|def|2\n|\n|-weather|none\n|-heal|p2a: Manaphy|85\/100|[from] item: Leftovers\n|upkeep\n|turn|26\n|\n|t:|1699755208\n|move|p1a: Ogerpon|Swords Dance|p1a: Ogerpon\n|-boost|p1a: Ogerpon|atk|2\n|move|p2a: Manaphy|Acid Armor|p2a: Manaphy\n|-boost|p2a: Manaphy|def|2\n|\n|-heal|p2a: Manaphy|92\/100|[from] item: Leftovers\n|upkeep\n|turn|27\n|\n|t:|1699755211\n|move|p1a: Ogerpon|Swords Dance|p1a: Ogerpon\n|-boost|p1a: Ogerpon|atk|2\n|move|p2a: Manaphy|Acid Armor|p2a: Manaphy\n|-boost|p2a: Manaphy|def|2\n|\n|-heal|p2a: Manaphy|98\/100|[from] item: Leftovers\n|upkeep\n|turn|28\n|\n|t:|1699755216\n|-terastallize|p1a: Ogerpon|Water\n|detailschange|p1a: Ogerpon|Ogerpon-Wellspring-Tera, F, tera:Water\n|-ability|p1a: Ogerpon|Embody Aspect (Wellspring)|boost\n|-boost|p1a: Ogerpon|spd|1\n|move|p1a: Ogerpon|Ivy Cudgel|p2a: Manaphy\n|-damage|p2a: Manaphy|72\/100\n|move|p2a: Manaphy|Stored Power|p1a: Ogerpon\n|-damage|p1a: Ogerpon|56\/100\n|\n|-heal|p2a: Manaphy|78\/100|[from] item: Leftovers\n|-sideend|p2: MythNick|move: Aurora Veil\n|upkeep\n|turn|29\n|\n|t:|1699755225\n|move|p1a: Ogerpon|Ivy Cudgel|p2a: Manaphy\n|-damage|p2a: Manaphy|26\/100\n|move|p2a: Manaphy|Stored Power|p1a: Ogerpon\n|-damage|p1a: Ogerpon|5\/100\n|\n|-heal|p2a: Manaphy|32\/100|[from] item: Leftovers\n|upkeep\n|turn|30\n|\n|t:|1699755227\n|move|p1a: Ogerpon|Ivy Cudgel|p2a: Manaphy\n|-damage|p2a: Manaphy|0 fnt\n|faint|p2a: Manaphy\n|\n|upkeep\n|\n|t:|1699755231\n|switch|p2a: Zamazenta|Zamazenta|38\/100\n|turn|31\n|\n|t:|1699755235\n|move|p2a: Zamazenta|Crunch|p1a: Ogerpon\n|-damage|p1a: Ogerpon|0 fnt\n|faint|p1a: Ogerpon\n|\n|-damage|p2a: Zamazenta|26\/100|[from] item: Black Sludge\n|upkeep\n|\n|t:|1699755238\n|switch|p1a: Dragapult|Dragapult, M|100\/100\n|turn|32\n|\n|t:|1699755243\n|switch|p2a: Ninetales|Ninetales-Alola, M|24\/100\n|-weather|Snow|[from] ability: Snow Warning|[of] p2a: Ninetales\n|move|p1a: Dragapult|Shadow Ball|p2a: Ninetales\n|-damage|p2a: Ninetales|0 fnt\n|faint|p2a: Ninetales\n|\n|-weather|Snow|[upkeep]\n|upkeep\n|\n|t:|1699755244\n|switch|p2a: Slowking|Slowking-Galar, F|100\/100\n|turn|33\n|\n|t:|1699755250\n|switch|p1a: Kingambit|Kingambit, F|100\/100\n|-activate|p1a: Kingambit|ability: Supreme Overlord\n|-start|p1a: Kingambit|fallen3|[silent]\n|move|p2a: Slowking|Thunder Wave|p1a: Kingambit\n|-status|p1a: Kingambit|par\n|-enditem|p1a: Kingambit|Lum Berry|[eat]\n|-curestatus|p1a: Kingambit|par|[msg]\n|\n|-weather|Snow|[upkeep]\n|upkeep\n|turn|34\n|\n|t:|1699755260\n|move|p1a: Kingambit|Iron Head|p2a: Slowking\n|-damage|p2a: Slowking|57\/100\n|move|p2a: Slowking|Chilly Reception|p2a: Slowking\n|\n|t:|1699755262\n|switch|p2a: Zamazenta|Zamazenta|26\/100|[from] Chilly Reception\n|\n|-weather|Snow|[upkeep]\n|-damage|p2a: Zamazenta|14\/100|[from] item: Black Sludge\n|upkeep\n|turn|35\n|\n|t:|1699755269\n|move|p1a: Kingambit|Sucker Punch|p2a: Zamazenta\n|-resisted|p2a: Zamazenta\n|-damage|p2a: Zamazenta|0 fnt\n|faint|p2a: Zamazenta\n|\n|-weather|Snow|[upkeep]\n|upkeep\n|l|\u2606MythNick\n|inactive|MythNick disconnected and has a minute to reconnect!\n|player|p2|\n|c|\u2606Bagooska irl|Gg\n|inactive|MythNick has 30 seconds to reconnect!\n|inactive|MythNick has 20 seconds to reconnect!\n|inactive|MythNick has 15 seconds to reconnect!\n|inactive|MythNick has 10 seconds to reconnect!\n|inactive|MythNick has 5 seconds to reconnect!\n|-message|MythNick lost due to inactivity.\n|\n|win|Bagooska irl\n|raw|Bagooska irl's rating: 1521 &rarr; <strong>1539<\/strong><br \/>(+18 for winning)\n|raw|MythNick's rating: 1489 &rarr; <strong>1471<\/strong><br \/>(-18 for losing)\n","uploadtime":1699755333,"views":45,"p1id":"bagooskairl","p2id":"mythnick","formatid":"gen9ou","rating":1471,"private":0,"password":""}