{"id":"gen9ou-1998038282","p1":"FAJEW","p2":"d18l","format":"[Gen 9] OU","log":"|j|\u2606FAJEW\n|j|\u2606d18l\n|t:|1700882180\n|gametype|singles\n|player|p1|FAJEW|musician-gen9|1608\n|player|p2|d18l|backpacker|1715\n|teamsize|p1|6\n|teamsize|p2|6\n|gen|9\n|tier|[Gen 9] OU\n|rated|\n|rule|Sleep Clause Mod: Limit one foe put to sleep\n|rule|Species Clause: Limit one of each Pok\u00e9mon\n|rule|OHKO Clause: OHKO moves are banned\n|rule|Evasion Items Clause: Evasion items are banned\n|rule|Evasion Moves Clause: Evasion moves are banned\n|rule|Endless Battle Clause: Forcing endless battles is banned\n|rule|HP Percentage Mod: HP is shown in percentages\n|clearpoke\n|poke|p1|Ursaluna, F|\n|poke|p1|Ogerpon-Wellspring, F|\n|poke|p1|Ting-Lu|\n|poke|p1|Gholdengo|\n|poke|p1|Zapdos|\n|poke|p1|Great Tusk|\n|poke|p2|Ribombee, F|\n|poke|p2|Gholdengo|\n|poke|p2|Great Tusk|\n|poke|p2|Kingambit, F|\n|poke|p2|Ogerpon-Wellspring, F|\n|poke|p2|Iron Moth|\n|teampreview\n|inactive|Battle timer is ON: inactive players will automatically lose when time's up. (requested by FAJEW)\n|inactive|d18l has 120 seconds left.\n|\n|t:|1700882215\n|start\n|switch|p1a: Big Bro|Ting-Lu|100\/100\n|switch|p2a: Ribombee|Ribombee, F|100\/100\n|-ability|p1a: Big Bro|Vessel of Ruin\n|turn|1\n|\n|t:|1700882226\n|move|p2a: Ribombee|Sticky Web|p1a: Big Bro\n|-sidestart|p1: FAJEW|move: Sticky Web\n|move|p1a: Big Bro|Spikes|p2a: Ribombee\n|-sidestart|p2: d18l|Spikes\n|\n|upkeep\n|turn|2\n|\n|t:|1700882229\n|move|p2a: Ribombee|Stun Spore|p1a: Big Bro\n|-status|p1a: Big Bro|par\n|move|p1a: Big Bro|Ruination|p2a: Ribombee\n|-damage|p2a: Ribombee|51\/100\n|\n|upkeep\n|turn|3\n|\n|t:|1700882231\n|move|p2a: Ribombee|Moonblast|p1a: Big Bro\n|-supereffective|p1a: Big Bro\n|-damage|p1a: Big Bro|66\/100 par\n|move|p1a: Big Bro|Whirlwind|p2a: Ribombee\n|drag|p2a: Kingambit|Kingambit, F|100\/100\n|-damage|p2a: Kingambit|88\/100|[from] Spikes\n|\n|-heal|p2a: Kingambit|94\/100|[from] item: Leftovers\n|-heal|p1a: Big Bro|72\/100 par|[from] item: Leftovers\n|upkeep\n|turn|4\n|\n|t:|1700882244\n|-end|p2a: Kingambit|fallenundefined|[silent]\n|switch|p2a: Ribombee|Ribombee, F|51\/100\n|-damage|p2a: Ribombee|38\/100|[from] Spikes\n|switch|p1a: Great Beast|Great Tusk|100\/100\n|-activate|p1a: Great Beast|move: Sticky Web\n|-unboost|p1a: Great Beast|spe|1\n|-enditem|p1a: Great Beast|Booster Energy\n|-activate|p1a: Great Beast|ability: Protosynthesis|[fromitem]\n|-start|p1a: Great Beast|protosynthesisatk\n|\n|upkeep\n|turn|5\n|\n|t:|1700882261\n|-end|p1a: Great Beast|Protosynthesis|[silent]\n|switch|p1a: Goldylocks|Gholdengo|100\/100\n|-activate|p1a: Goldylocks|move: Sticky Web\n|-unboost|p1a: Goldylocks|spe|1\n|move|p2a: Ribombee|Moonblast|p1a: Goldylocks\n|-resisted|p1a: Goldylocks\n|-damage|p1a: Goldylocks|82\/100\n|\n|-heal|p1a: Goldylocks|88\/100|[from] item: Leftovers\n|upkeep\n|turn|6\n|\n|t:|1700882267\n|switch|p2a: Iron Moth|Iron Moth|100\/100\n|-damage|p2a: Iron Moth|88\/100|[from] Spikes\n|-enditem|p2a: Iron Moth|Booster Energy\n|-activate|p2a: Iron Moth|ability: Quark Drive|[fromitem]\n|-start|p2a: Iron Moth|quarkdrivespe\n|move|p1a: Goldylocks|Shadow Ball|p2a: Iron Moth\n|-damage|p2a: Iron Moth|50\/100\n|-unboost|p2a: Iron Moth|spd|1\n|\n|-heal|p1a: Goldylocks|94\/100|[from] item: Leftovers\n|upkeep\n|turn|7\n|\n|t:|1700882275\n|switch|p1a: Big Bro|Ting-Lu|72\/100 par\n|-activate|p1a: Big Bro|move: Sticky Web\n|-unboost|p1a: Big Bro|spe|1\n|-ability|p1a: Big Bro|Vessel of Ruin\n|move|p2a: Iron Moth|Fiery Dance|p1a: Big Bro\n|-damage|p1a: Big Bro|56\/100 par\n|\n|-heal|p1a: Big Bro|62\/100 par|[from] item: Leftovers\n|upkeep\n|turn|8\n|\n|t:|1700882278\n|-end|p2a: Iron Moth|Quark Drive|[silent]\n|switch|p2a: Great Tusk|Great Tusk|100\/100\n|-damage|p2a: Great Tusk|88\/100|[from] Spikes\n|-enditem|p2a: Great Tusk|Booster Energy\n|-activate|p2a: Great Tusk|ability: Protosynthesis|[fromitem]\n|-start|p2a: Great Tusk|protosynthesisspe\n|move|p1a: Big Bro|Earthquake|p2a: Great Tusk\n|-damage|p2a: Great Tusk|64\/100\n|\n|-heal|p1a: Big Bro|68\/100 par|[from] item: Leftovers\n|upkeep\n|turn|9\n|\n|t:|1700882284\n|switch|p1a: Astalos|Zapdos|100\/100\n|move|p2a: Great Tusk|Knock Off|p1a: Astalos\n|-damage|p1a: Astalos|73\/100\n|-enditem|p1a: Astalos|Heavy-Duty Boots|[from] move: Knock Off|[of] p2a: Great Tusk\n|\n|upkeep\n|turn|10\n|\n|t:|1700882312\n|move|p2a: Great Tusk|Rapid Spin|p1a: Astalos\n|-damage|p1a: Astalos|58\/100\n|-boost|p2a: Great Tusk|spe|1\n|-sideend|p2: d18l|Spikes|[from] move: Rapid Spin|[of] p2a: Great Tusk\n|move|p1a: Astalos|Hurricane|p2a: Great Tusk\n|-supereffective|p2a: Great Tusk\n|-damage|p2a: Great Tusk|0 fnt\n|faint|p2a: Great Tusk\n|-end|p2a: Great Tusk|Protosynthesis|[silent]\n|\n|upkeep\n|\n|t:|1700882314\n|switch|p2a: Gholdengo|Gholdengo|100\/100\n|-item|p2a: Gholdengo|Air Balloon\n|turn|11\n|\n|t:|1700882319\n|move|p1a: Astalos|Volt Switch|p2a: Gholdengo\n|-damage|p2a: Gholdengo|70\/100\n|-enditem|p2a: Gholdengo|Air Balloon\n|\n|t:|1700882322\n|switch|p1a: Big Bro|Ting-Lu|68\/100 par|[from] Volt Switch\n|-activate|p1a: Big Bro|move: Sticky Web\n|-unboost|p1a: Big Bro|spe|1\n|-ability|p1a: Big Bro|Vessel of Ruin\n|move|p2a: Gholdengo|Nasty Plot|p2a: Gholdengo\n|-boost|p2a: Gholdengo|spa|2\n|\n|-heal|p1a: Big Bro|75\/100 par|[from] item: Leftovers\n|upkeep\n|turn|12\n|\n|t:|1700882349\n|switch|p2a: Ogerpon|Ogerpon-Wellspring, F|100\/100\n|move|p1a: Big Bro|Earthquake|p2a: Ogerpon\n|-resisted|p2a: Ogerpon\n|-damage|p2a: Ogerpon|76\/100\n|\n|-heal|p1a: Big Bro|81\/100 par|[from] item: Leftovers\n|upkeep\n|turn|13\n|\n|t:|1700882358\n|switch|p1a: Astalos|Zapdos|58\/100\n|move|p2a: Ogerpon|Ivy Cudgel|p1a: Astalos|[anim] Ivy Cudgel Water\n|-damage|p1a: Astalos|0 fnt\n|faint|p1a: Astalos\n|\n|upkeep\n|\n|t:|1700882362\n|switch|p1a: Eminem|Ogerpon-Wellspring, F|100\/100\n|-activate|p1a: Eminem|move: Sticky Web\n|-unboost|p1a: Eminem|spe|1\n|turn|14\n|\n|t:|1700882365\n|switch|p2a: Iron Moth|Iron Moth|50\/100\n|move|p1a: Eminem|Power Whip|p2a: Iron Moth\n|-resisted|p2a: Iron Moth\n|-crit|p2a: Iron Moth\n|-damage|p2a: Iron Moth|6\/100\n|\n|upkeep\n|turn|15\n|\n|t:|1700882372\n|-end|p2a: Iron Moth|Quark Drive|[silent]\n|switch|p2a: Ribombee|Ribombee, F|38\/100\n|switch|p1a: Big Bro|Ting-Lu|81\/100 par\n|-activate|p1a: Big Bro|move: Sticky Web\n|-unboost|p1a: Big Bro|spe|1\n|-ability|p1a: Big Bro|Vessel of Ruin\n|\n|-heal|p1a: Big Bro|87\/100 par|[from] item: Leftovers\n|upkeep\n|turn|16\n|\n|t:|1700882374\n|move|p2a: Ribombee|Moonblast|p1a: Big Bro\n|-supereffective|p1a: Big Bro\n|-damage|p1a: Big Bro|55\/100 par\n|move|p1a: Big Bro|Spikes|p2a: Ribombee\n|-sidestart|p2: d18l|Spikes\n|\n|-heal|p1a: Big Bro|61\/100 par|[from] item: Leftovers\n|upkeep\n|turn|17\n|\n|t:|1700882378\n|move|p2a: Ribombee|Moonblast|p1a: Big Bro\n|-supereffective|p1a: Big Bro\n|-damage|p1a: Big Bro|29\/100 par\n|move|p1a: Big Bro|Spikes|p2a: Ribombee\n|-sidestart|p2: d18l|Spikes\n|\n|-heal|p1a: Big Bro|36\/100 par|[from] item: Leftovers\n|upkeep\n|turn|18\n|\n|t:|1700882383\n|move|p2a: Ribombee|Moonblast|p1a: Big Bro\n|-supereffective|p1a: Big Bro\n|-damage|p1a: Big Bro|3\/100 par\n|-unboost|p1a: Big Bro|spa|1\n|move|p1a: Big Bro|Spikes|p2a: Ribombee\n|-sidestart|p2: d18l|Spikes\n|\n|-heal|p1a: Big Bro|9\/100 par|[from] item: Leftovers\n|upkeep\n|turn|19\n|\n|t:|1700882387\n|move|p2a: Ribombee|Moonblast|p1a: Big Bro\n|-supereffective|p1a: Big Bro\n|-damage|p1a: Big Bro|0 fnt\n|faint|p1a: Big Bro\n|\n|upkeep\n|\n|t:|1700882389\n|switch|p1a: Great Beast|Great Tusk|100\/100\n|-activate|p1a: Great Beast|move: Sticky Web\n|-unboost|p1a: Great Beast|spe|1\n|turn|20\n|\n|t:|1700882413\n|switch|p2a: Iron Moth|Iron Moth|6\/100\n|-damage|p2a: Iron Moth|0 fnt|[from] Spikes\n|faint|p2a: Iron Moth\n|-end|p2a: Iron Moth|Quark Drive|[silent]\n|-terastallize|p1a: Great Beast|Poison\n|move|p1a: Great Beast|Headlong Rush|p2: Iron Moth|[notarget]\n|-fail|p1a: Great Beast\n|\n|upkeep\n|\n|t:|1700882421\n|switch|p2a: Ribombee|Ribombee, F|38\/100\n|-damage|p2a: Ribombee|14\/100|[from] Spikes\n|turn|21\n|\n|t:|1700882423\n|move|p2a: Ribombee|Psychic|p1a: Great Beast\n|-supereffective|p1a: Great Beast\n|-damage|p1a: Great Beast|30\/100\n|-unboost|p1a: Great Beast|spd|1\n|move|p1a: Great Beast|Rapid Spin|p2a: Ribombee\n|-damage|p2a: Ribombee|0 fnt\n|-boost|p1a: Great Beast|spe|1\n|-sideend|p1: FAJEW|Sticky Web|[from] move: Rapid Spin|[of] p1a: Great Beast\n|faint|p2a: Ribombee\n|\n|upkeep\n|\n|t:|1700882429\n|switch|p2a: Ogerpon|Ogerpon-Wellspring, F|76\/100\n|-damage|p2a: Ogerpon|51\/100|[from] Spikes\n|turn|22\n|\n|t:|1700882434\n|move|p2a: Ogerpon|Ivy Cudgel|p1a: Great Beast|[anim] Ivy Cudgel Water\n|-damage|p1a: Great Beast|0 fnt\n|faint|p1a: Great Beast\n|-end|p1a: Great Beast|Protosynthesis|[silent]\n|\n|upkeep\n|\n|t:|1700882438\n|switch|p1a: Eminem|Ogerpon-Wellspring, F|100\/100\n|turn|23\n|\n|t:|1700882440\n|move|p2a: Ogerpon|Power Whip|p1a: Eminem|[miss]\n|-miss|p2a: Ogerpon|p1a: Eminem\n|move|p1a: Eminem|Power Whip|p2a: Ogerpon|[miss]\n|-miss|p1a: Eminem|p2a: Ogerpon\n|\n|upkeep\n|turn|24\n|\n|t:|1700882443\n|move|p2a: Ogerpon|Power Whip|p1a: Eminem\n|-damage|p1a: Eminem|3\/100\n|move|p1a: Eminem|Power Whip|p2a: Ogerpon\n|-damage|p2a: Ogerpon|0 fnt\n|faint|p2a: Ogerpon\n|\n|upkeep\n|\n|t:|1700882453\n|switch|p2a: Gholdengo|Gholdengo|70\/100\n|-damage|p2a: Gholdengo|45\/100|[from] Spikes\n|turn|25\n|\n|t:|1700882456\n|move|p1a: Eminem|Ivy Cudgel|p2a: Gholdengo|[anim] Ivy Cudgel Water\n|-damage|p2a: Gholdengo|0 fnt\n|faint|p2a: Gholdengo\n|\n|upkeep\n|\n|t:|1700882458\n|switch|p2a: Kingambit|Kingambit, F|94\/100\n|-damage|p2a: Kingambit|69\/100|[from] Spikes\n|-activate|p2a: Kingambit|ability: Supreme Overlord\n|-start|p2a: Kingambit|fallen5|[silent]\n|turn|26\n|\n|t:|1700882463\n|move|p1a: Eminem|Ivy Cudgel|p2a: Kingambit|[anim] Ivy Cudgel Water\n|-damage|p2a: Kingambit|18\/100\n|move|p2a: Kingambit|Kowtow Cleave|p1a: Eminem\n|-damage|p1a: Eminem|0 fnt\n|faint|p1a: Eminem\n|\n|-heal|p2a: Kingambit|24\/100|[from] item: Leftovers\n|upkeep\n|\n|t:|1700882466\n|switch|p1a: Maneater|Ursaluna, F|100\/100\n|turn|27\n|-message|d18l forfeited.\n|\n|win|FAJEW\n|raw|FAJEW's rating: 1608 &rarr; <strong>1634<\/strong><br \/>(+26 for winning)\n|raw|d18l's rating: 1715 &rarr; <strong>1689<\/strong><br \/>(-26 for losing)\n|l|\u2606FAJEW\n","uploadtime":1700882470,"views":1,"p1id":"fajew","p2id":"d18l","formatid":"gen9ou","rating":1634,"private":0,"password":""}