{"id":"gen9ou-1988643184","p1":"Sushiman810","p2":"luiscbc","format":"[Gen 9] OU","log":"|j|\u2606Sushiman810\n|j|\u2606luiscbc\n|t:|1699745423\n|gametype|singles\n|player|p1|Sushiman810|hugh|1225\n|player|p2|luiscbc|101|1171\n|teamsize|p1|6\n|teamsize|p2|6\n|gen|9\n|tier|[Gen 9] OU\n|rated|\n|rule|Sleep Clause Mod: Limit one foe put to sleep\n|rule|Species Clause: Limit one of each Pok\u00e9mon\n|rule|OHKO Clause: OHKO moves are banned\n|rule|Evasion Items Clause: Evasion items are banned\n|rule|Evasion Moves Clause: Evasion moves are banned\n|rule|Endless Battle Clause: Forcing endless battles is banned\n|rule|HP Percentage Mod: HP is shown in percentages\n|clearpoke\n|poke|p1|Ogerpon-Wellspring, F|\n|poke|p1|Kingambit, M|\n|poke|p1|Iron Moth|\n|poke|p1|Great Tusk|\n|poke|p1|Iron Valiant|\n|poke|p1|Samurott-Hisui, F|\n|poke|p2|Okidogi, M|\n|poke|p2|Ceruledge, F|\n|poke|p2|Umbreon, M|\n|poke|p2|Munkidori, M|\n|poke|p2|Torkoal, M|\n|poke|p2|Typhlosion-Hisui, M|\n|teampreview\n|\n|t:|1699745435\n|start\n|switch|p1a: Mitsuhide Akechi|Samurott-Hisui, F|100\/100\n|switch|p2a: Torkoal|Torkoal, M|100\/100\n|-weather|SunnyDay|[from] ability: Drought|[of] p2a: Torkoal\n|turn|1\n|\n|t:|1699745444\n|move|p1a: Mitsuhide Akechi|Ceaseless Edge|p2a: Torkoal\n|-damage|p2a: Torkoal|73\/100\n|-sidestart|p2: luiscbc|Spikes\n|move|p2a: Torkoal|Will-O-Wisp|p1a: Mitsuhide Akechi\n|-status|p1a: Mitsuhide Akechi|brn\n|\n|-weather|SunnyDay|[upkeep]\n|-damage|p1a: Mitsuhide Akechi|94\/100 brn|[from] brn\n|upkeep\n|turn|2\n|\n|t:|1699745454\n|move|p1a: Mitsuhide Akechi|Ceaseless Edge|p2a: Torkoal\n|-damage|p2a: Torkoal|60\/100\n|-sidestart|p2: luiscbc|Spikes\n|move|p2a: Torkoal|Stealth Rock|p1a: Mitsuhide Akechi\n|-sidestart|p1: Sushiman810|move: Stealth Rock\n|\n|-weather|SunnyDay|[upkeep]\n|-damage|p1a: Mitsuhide Akechi|88\/100 brn|[from] brn\n|upkeep\n|turn|3\n|\n|t:|1699745464\n|move|p1a: Mitsuhide Akechi|Razor Shell|p2a: Torkoal\n|-supereffective|p2a: Torkoal\n|-damage|p2a: Torkoal|46\/100\n|move|p2a: Torkoal|Rapid Spin|p1a: Mitsuhide Akechi\n|-damage|p1a: Mitsuhide Akechi|77\/100 brn\n|-boost|p2a: Torkoal|spe|1\n|-sideend|p2: luiscbc|Spikes|[from] move: Rapid Spin|[of] p2a: Torkoal\n|\n|-weather|SunnyDay|[upkeep]\n|-damage|p1a: Mitsuhide Akechi|71\/100 brn|[from] brn\n|upkeep\n|turn|4\n|\n|t:|1699745477\n|switch|p2a: Okidogi|Okidogi, M|100\/100\n|move|p1a: Mitsuhide Akechi|Ceaseless Edge|p2a: Okidogi\n|-resisted|p2a: Okidogi\n|-damage|p2a: Okidogi|92\/100\n|-sidestart|p2: luiscbc|Spikes\n|\n|-weather|SunnyDay|[upkeep]\n|-heal|p2a: Okidogi|98\/100|[from] item: Black Sludge\n|-damage|p1a: Mitsuhide Akechi|65\/100 brn|[from] brn\n|upkeep\n|turn|5\n|\n|t:|1699745491\n|move|p1a: Mitsuhide Akechi|Ceaseless Edge|p2a: Okidogi\n|-resisted|p2a: Okidogi\n|-damage|p2a: Okidogi|90\/100\n|-sidestart|p2: luiscbc|Spikes\n|move|p2a: Okidogi|Drain Punch|p1a: Mitsuhide Akechi\n|-supereffective|p1a: Mitsuhide Akechi\n|-damage|p1a: Mitsuhide Akechi|0 fnt\n|-heal|p2a: Okidogi|100\/100|[from] drain|[of] p1a: Mitsuhide Akechi\n|faint|p1a: Mitsuhide Akechi\n|\n|-weather|SunnyDay|[upkeep]\n|upkeep\n|\n|t:|1699745518\n|switch|p1a: Tokugawa Ieyasu|Iron Moth|100\/100\n|-damage|p1a: Tokugawa Ieyasu|76\/100|[from] Stealth Rock\n|-enditem|p1a: Tokugawa Ieyasu|Booster Energy\n|-activate|p1a: Tokugawa Ieyasu|ability: Quark Drive|[fromitem]\n|-start|p1a: Tokugawa Ieyasu|quarkdrivespe\n|turn|6\n|\n|t:|1699745527\n|move|p1a: Tokugawa Ieyasu|Fiery Dance|p2a: Okidogi\n|-damage|p2a: Okidogi|22\/100\n|-boost|p1a: Tokugawa Ieyasu|spa|1\n|move|p2a: Okidogi|High Horsepower|p1a: Tokugawa Ieyasu\n|-supereffective|p1a: Tokugawa Ieyasu\n|-damage|p1a: Tokugawa Ieyasu|0 fnt\n|faint|p1a: Tokugawa Ieyasu\n|-end|p1a: Tokugawa Ieyasu|Quark Drive|[silent]\n|\n|-weather|SunnyDay|[upkeep]\n|-heal|p2a: Okidogi|28\/100|[from] item: Black Sludge\n|upkeep\n|\n|t:|1699745542\n|switch|p1a: Ogerpon|Ogerpon-Wellspring, F|100\/100\n|-damage|p1a: Ogerpon|88\/100|[from] Stealth Rock\n|turn|7\n|\n|t:|1699745550\n|move|p1a: Ogerpon|Ivy Cudgel|p2a: Okidogi\n|-damage|p2a: Okidogi|6\/100\n|move|p2a: Okidogi|Gunk Shot|p1a: Ogerpon\n|-supereffective|p1a: Ogerpon\n|-damage|p1a: Ogerpon|0 fnt\n|faint|p1a: Ogerpon\n|\n|-weather|SunnyDay|[upkeep]\n|-heal|p2a: Okidogi|12\/100|[from] item: Black Sludge\n|upkeep\n|\n|t:|1699745561\n|switch|p1a: Takeda Shingen|Great Tusk|100\/100\n|-damage|p1a: Takeda Shingen|98\/100|[from] Stealth Rock\n|-activate|p1a: Takeda Shingen|ability: Protosynthesis\n|-start|p1a: Takeda Shingen|protosynthesisatk\n|turn|8\n|\n|t:|1699745590\n|move|p1a: Takeda Shingen|Earthquake|p2a: Okidogi\n|-supereffective|p2a: Okidogi\n|-damage|p2a: Okidogi|0 fnt\n|faint|p2a: Okidogi\n|\n|-weather|none\n|-end|p1a: Takeda Shingen|Protosynthesis\n|upkeep\n|-enditem|p1a: Takeda Shingen|Booster Energy\n|-activate|p1a: Takeda Shingen|ability: Protosynthesis|[fromitem]\n|-start|p1a: Takeda Shingen|protosynthesisatk\n|\n|t:|1699745611\n|switch|p2a: Torkoal|Torkoal, M|46\/100\n|-damage|p2a: Torkoal|29\/100|[from] Spikes\n|-weather|SunnyDay|[from] ability: Drought|[of] p2a: Torkoal\n|turn|9\n|\n|t:|1699745620\n|move|p1a: Takeda Shingen|Rapid Spin|p2a: Torkoal\n|-damage|p2a: Torkoal|15\/100\n|-boost|p1a: Takeda Shingen|spe|1\n|-sideend|p1: Sushiman810|Stealth Rock|[from] move: Rapid Spin|[of] p1a: Takeda Shingen\n|move|p2a: Torkoal|Rapid Spin|p1a: Takeda Shingen\n|-crit|p1a: Takeda Shingen\n|-damage|p1a: Takeda Shingen|88\/100\n|-boost|p2a: Torkoal|spe|1\n|-sideend|p2: luiscbc|Spikes|[from] move: Rapid Spin|[of] p2a: Torkoal\n|\n|-weather|SunnyDay|[upkeep]\n|upkeep\n|turn|10\n|\n|t:|1699745632\n|move|p1a: Takeda Shingen|Earthquake|p2a: Torkoal\n|-supereffective|p2a: Torkoal\n|-damage|p2a: Torkoal|0 fnt\n|faint|p2a: Torkoal\n|\n|-weather|SunnyDay|[upkeep]\n|upkeep\n|\n|t:|1699745644\n|switch|p2a: Ceruledge|Ceruledge, F|100\/100\n|turn|11\n|\n|t:|1699745650\n|move|p1a: Takeda Shingen|Earthquake|p2a: Ceruledge\n|-supereffective|p2a: Ceruledge\n|-enditem|p2a: Ceruledge|Focus Sash\n|-damage|p2a: Ceruledge|1\/100\n|-ability|p2a: Ceruledge|Weak Armor|boost\n|-unboost|p2a: Ceruledge|def|1\n|-boost|p2a: Ceruledge|spe|2\n|move|p2a: Ceruledge|Swords Dance|p2a: Ceruledge\n|-boost|p2a: Ceruledge|atk|2\n|\n|-weather|SunnyDay|[upkeep]\n|upkeep\n|turn|12\n|\n|t:|1699745666\n|-terastallize|p2a: Ceruledge|Grass\n|move|p2a: Ceruledge|Solar Blade||[still]\n|-prepare|p2a: Ceruledge|Solar Blade\n|-anim|p2a: Ceruledge|Solar Blade|p1a: Takeda Shingen\n|-supereffective|p1a: Takeda Shingen\n|-damage|p1a: Takeda Shingen|0 fnt\n|faint|p1a: Takeda Shingen\n|-end|p1a: Takeda Shingen|Protosynthesis|[silent]\n|\n|-weather|SunnyDay|[upkeep]\n|upkeep\n|\n|t:|1699745673\n|switch|p1a: Oda Nobunaga|Kingambit, M|100\/100\n|-activate|p1a: Oda Nobunaga|ability: Supreme Overlord\n|-start|p1a: Oda Nobunaga|fallen4|[silent]\n|turn|13\n|\n|t:|1699745679\n|move|p1a: Oda Nobunaga|Sucker Punch||[still]\n|-fail|p1a: Oda Nobunaga\n|move|p2a: Ceruledge|Swords Dance|p2a: Ceruledge\n|-boost|p2a: Ceruledge|atk|2\n|\n|-weather|SunnyDay|[upkeep]\n|upkeep\n|turn|14\n|\n|t:|1699745693\n|move|p1a: Oda Nobunaga|Sucker Punch||[still]\n|-fail|p1a: Oda Nobunaga\n|move|p2a: Ceruledge|Swords Dance|p2a: Ceruledge\n|-boost|p2a: Ceruledge|atk|2\n|\n|-weather|SunnyDay|[upkeep]\n|upkeep\n|turn|15\n|\n|t:|1699745703\n|move|p1a: Oda Nobunaga|Sucker Punch|p2a: Ceruledge\n|-damage|p2a: Ceruledge|0 fnt\n|faint|p2a: Ceruledge\n|\n|-weather|SunnyDay|[upkeep]\n|upkeep\n|\n|t:|1699745718\n|switch|p2a: Umbreon|Umbreon, M|100\/100\n|turn|16\n|\n|t:|1699745728\n|-end|p1a: Oda Nobunaga|fallen4|[silent]\n|switch|p1a: Iron Valiant|Iron Valiant|100\/100\n|move|p2a: Umbreon|Wish|p2a: Umbreon\n|\n|-weather|none\n|upkeep\n|turn|17\n|\n|t:|1699745736\n|move|p1a: Iron Valiant|Dazzling Gleam|p2a: Umbreon\n|-supereffective|p2a: Umbreon\n|-damage|p2a: Umbreon|51\/100\n|-damage|p1a: Iron Valiant|91\/100|[from] item: Life Orb\n|move|p2a: Umbreon|Foul Play|p1a: Iron Valiant\n|-resisted|p1a: Iron Valiant\n|-damage|p1a: Iron Valiant|80\/100\n|\n|-heal|p2a: Umbreon|100\/100|[from] move: Wish|[wisher] Umbreon\n|upkeep\n|turn|18\n|\n|t:|1699745748\n|move|p1a: Iron Valiant|Dazzling Gleam|p2a: Umbreon\n|-supereffective|p2a: Umbreon\n|-damage|p2a: Umbreon|43\/100\n|-damage|p1a: Iron Valiant|71\/100|[from] item: Life Orb\n|move|p2a: Umbreon|Wish|p2a: Umbreon\n|\n|-heal|p2a: Umbreon|49\/100|[from] item: Leftovers\n|upkeep\n|turn|19\n|\n|t:|1699745757\n|move|p1a: Iron Valiant|Dazzling Gleam|p2a: Umbreon\n|-supereffective|p2a: Umbreon\n|-crit|p2a: Umbreon\n|-damage|p2a: Umbreon|0 fnt\n|faint|p2a: Umbreon\n|-damage|p1a: Iron Valiant|61\/100|[from] item: Life Orb\n|\n|upkeep\n|\n|t:|1699745764\n|switch|p2a: Typhlosion|Typhlosion-Hisui, M|100\/100\n|-item|p1a: Iron Valiant|Life Orb|[from] ability: Frisk|[of] p2a: Typhlosion|[identify]\n|turn|20\n|\n|t:|1699745786\n|move|p1a: Iron Valiant|Destiny Bond|p1a: Iron Valiant\n|-singlemove|p1a: Iron Valiant|Destiny Bond\n|move|p2a: Typhlosion|Eruption|p1a: Iron Valiant\n|-damage|p1a: Iron Valiant|0 fnt\n|faint|p1a: Iron Valiant\n|-activate|p1a: Iron Valiant|move: Destiny Bond\n|-end|p1a: Iron Valiant|Quark Drive|[silent]\n|faint|p2a: Typhlosion\n|\n|upkeep\n|\n|t:|1699745797\n|switch|p1a: Oda Nobunaga|Kingambit, M|100\/100\n|switch|p2a: Munkidori|Munkidori, M|100\/100\n|-activate|p1a: Oda Nobunaga|ability: Supreme Overlord\n|-start|p1a: Oda Nobunaga|fallen5|[silent]\n|turn|21\n|\n|t:|1699745814\n|-terastallize|p1a: Oda Nobunaga|Ghost\n|move|p2a: Munkidori|Trick|p1a: Oda Nobunaga\n|-activate|p2a: Munkidori|move: Trick|[of] p1a: Oda Nobunaga\n|-item|p1a: Oda Nobunaga|Choice Scarf|[from] move: Trick\n|-item|p2a: Munkidori|Aguav Berry|[from] move: Trick\n|move|p1a: Oda Nobunaga|Swords Dance|p1a: Oda Nobunaga\n|-boost|p1a: Oda Nobunaga|atk|2\n|\n|upkeep\n|turn|22\n|c|\u2606Sushiman810|:(\n|c|\u2606Sushiman810|Bro\n|\n|t:|1699745836\n|move|p2a: Munkidori|Psychic|p1a: Oda Nobunaga\n|-damage|p1a: Oda Nobunaga|62\/100\n|move|p1a: Oda Nobunaga|Swords Dance|p1a: Oda Nobunaga\n|-boost|p1a: Oda Nobunaga|atk|2\n|\n|upkeep\n|turn|23\n|\n|t:|1699745842\n|move|p2a: Munkidori|Psychic|p1a: Oda Nobunaga\n|-damage|p1a: Oda Nobunaga|17\/100\n|-status|p1a: Oda Nobunaga|tox|[from] ability: Toxic Chain|[of] p2a: Munkidori\n|move|p1a: Oda Nobunaga|Swords Dance|p1a: Oda Nobunaga\n|-boost|p1a: Oda Nobunaga|atk|2\n|\n|-damage|p1a: Oda Nobunaga|11\/100 tox|[from] psn\n|upkeep\n|turn|24\n|inactive|Battle timer is ON: inactive players will automatically lose when time's up. (requested by Sushiman810)\n|c|\u2606luiscbc|Gg\n|c|\u2606Sushiman810|Gg\n|\n|t:|1699745861\n|move|p2a: Munkidori|Psychic|p1a: Oda Nobunaga\n|-crit|p1a: Oda Nobunaga\n|-damage|p1a: Oda Nobunaga|0 fnt\n|faint|p1a: Oda Nobunaga\n|-end|p1a: Oda Nobunaga|fallen5|[silent]\n|\n|win|luiscbc\n|raw|Sushiman810's rating: 1225 &rarr; <strong>1196<\/strong><br \/>(-29 for losing)\n|raw|luiscbc's rating: 1171 &rarr; <strong>1200<\/strong><br \/>(+29 for winning)\n|l|\u2606Sushiman810\n","uploadtime":1699745895,"views":12,"p1id":"sushiman810","p2id":"luiscbc","formatid":"gen9ou","rating":1196,"private":0,"password":""}