{"id":"gen9ou-1993637428","p1":"ApplinFan773","p2":"MimitheBunnyRabbit","format":"[Gen 9] OU","log":"|j|\u2606ApplinFan773\n|j|\u2606MimitheBunnyRabbit\n|t:|1700340167\n|gametype|singles\n|player|p1|ApplinFan773|cilan|\n|player|p2|MimitheBunnyRabbit|shauntal|\n|teamsize|p1|6\n|teamsize|p2|6\n|gen|9\n|tier|[Gen 9] OU\n|rule|Sleep Clause Mod: Limit one foe put to sleep\n|rule|Species Clause: Limit one of each Pok\u00e9mon\n|rule|OHKO Clause: OHKO moves are banned\n|rule|Evasion Items Clause: Evasion items are banned\n|rule|Evasion Moves Clause: Evasion moves are banned\n|rule|Endless Battle Clause: Forcing endless battles is banned\n|rule|HP Percentage Mod: HP is shown in percentages\n|clearpoke\n|poke|p1|Torterra, M|\n|poke|p1|Rillaboom, M|\n|poke|p1|Basculegion-F, F|\n|poke|p1|Sinistcha|\n|poke|p1|Chandelure, F|\n|poke|p1|Dragapult, F|\n|poke|p2|Gyarados, M|\n|poke|p2|Clodsire, M|\n|poke|p2|Lucario, M|\n|poke|p2|Greedent, F|\n|poke|p2|Vikavolt, M|\n|poke|p2|Mandibuzz, F|\n|teampreview\n|inactive|Battle timer is ON: inactive players will automatically lose when time's up. (requested by ApplinFan773)\n|c|\u2606ApplinFan773|There we go\n|\n|t:|1700340181\n|start\n|switch|p1a: Amelia|Dragapult, F, shiny|100\/100\n|switch|p2a: Yzma|Mandibuzz, F|100\/100\n|turn|1\n|\n|t:|1700340200\n|move|p1a: Amelia|Draco Meteor|p2a: Yzma\n|-damage|p2a: Yzma|32\/100\n|-unboost|p1a: Amelia|spa|2\n|-enditem|p2a: Yzma|Red Card|[of] p1a: Amelia\n|drag|p1a: Vincent|Torterra, M, shiny|100\/100\n|move|p2a: Yzma|Foul Play|p1a: Vincent\n|-damage|p1a: Vincent|56\/100\n|\n|upkeep\n|turn|2\n|\n|t:|1700340215\n|move|p1a: Vincent|Rock Blast|p2a: Yzma\n|-supereffective|p2a: Yzma\n|-crit|p2a: Yzma\n|-damage|p2a: Yzma|19\/100\n|-supereffective|p2a: Yzma\n|-damage|p2a: Yzma|10\/100\n|-supereffective|p2a: Yzma\n|-damage|p2a: Yzma|0 fnt\n|faint|p2a: Yzma\n|-hitcount|p2: Yzma|3\n|\n|upkeep\n|\n|t:|1700340224\n|switch|p2a: ZipZapZop|Vikavolt, M|100\/100\n|turn|3\n|\n|t:|1700340249\n|-terastallize|p1a: Vincent|Rock\n|move|p1a: Vincent|Shell Smash|p1a: Vincent\n|-unboost|p1a: Vincent|def|1\n|-unboost|p1a: Vincent|spd|1\n|-boost|p1a: Vincent|atk|2\n|-boost|p1a: Vincent|spa|2\n|-boost|p1a: Vincent|spe|2\n|move|p2a: ZipZapZop|Sticky Web|p1a: Vincent\n|-sidestart|p1: ApplinFan773|move: Sticky Web\n|\n|upkeep\n|turn|4\n|\n|t:|1700340261\n|move|p1a: Vincent|Rock Blast|p2a: ZipZapZop\n|-supereffective|p2a: ZipZapZop\n|-damage|p2a: ZipZapZop|48\/100\n|-supereffective|p2a: ZipZapZop\n|-damage|p2a: ZipZapZop|0 fnt\n|faint|p2a: ZipZapZop\n|-hitcount|p2: ZipZapZop|2\n|\n|upkeep\n|\n|t:|1700340269\n|switch|p2a: TheBoi|Clodsire, M|100\/100\n|turn|5\n|\n|t:|1700340277\n|move|p1a: Vincent|Headlong Rush|p2a: TheBoi\n|-supereffective|p2a: TheBoi\n|-damage|p2a: TheBoi|0 fnt\n|-unboost|p1a: Vincent|def|1\n|-unboost|p1a: Vincent|spd|1\n|faint|p2a: TheBoi\n|\n|upkeep\n|\n|t:|1700340285\n|switch|p2a: L\u00e9viator|Gyarados, M|100\/100\n|-ability|p2a: L\u00e9viator|Intimidate|boost\n|-unboost|p1a: Vincent|atk|1\n|turn|6\n|\n|t:|1700340309\n|move|p1a: Vincent|Rock Blast|p2a: L\u00e9viator\n|-supereffective|p2a: L\u00e9viator\n|-damage|p2a: L\u00e9viator|55\/100\n|-supereffective|p2a: L\u00e9viator\n|-damage|p2a: L\u00e9viator|7\/100\n|-supereffective|p2a: L\u00e9viator\n|-damage|p2a: L\u00e9viator|0 fnt\n|faint|p2a: L\u00e9viator\n|-hitcount|p2: L\u00e9viator|3\n|\n|upkeep\n|\n|t:|1700340318\n|switch|p2a: Goku|Lucario, M|100\/100\n|turn|7\n|\n|t:|1700340322\n|move|p1a: Vincent|Bullet Seed|p2a: Goku\n|-resisted|p2a: Goku\n|-damage|p2a: Goku|86\/100\n|-resisted|p2a: Goku\n|-damage|p2a: Goku|71\/100\n|-resisted|p2a: Goku\n|-damage|p2a: Goku|56\/100\n|-resisted|p2a: Goku\n|-damage|p2a: Goku|43\/100\n|-hitcount|p2a: Goku|4\n|move|p2a: Goku|Close Combat|p1a: Vincent\n|-supereffective|p1a: Vincent\n|-damage|p1a: Vincent|0 fnt\n|-unboost|p2a: Goku|def|1\n|-unboost|p2a: Goku|spd|1\n|faint|p1a: Vincent\n|-damage|p2a: Goku|33\/100|[from] item: Life Orb\n|\n|upkeep\n|c|\u2606ApplinFan773|FUCK I MISCLICKED\n|c|\u2606ApplinFan773|NOOOOOOO\n|\n|t:|1700340341\n|switch|p1a: Basculegion|Basculegion-F, F|100\/100\n|-activate|p1a: Basculegion|move: Sticky Web\n|-unboost|p1a: Basculegion|spe|1\n|turn|8\n|\n|t:|1700340348\n|move|p2a: Goku|Shadow Claw|p1a: Basculegion\n|-supereffective|p1a: Basculegion\n|-damage|p1a: Basculegion|33\/100\n|-damage|p2a: Goku|23\/100|[from] item: Life Orb\n|move|p1a: Basculegion|Agility|p1a: Basculegion\n|-boost|p1a: Basculegion|spe|2\n|\n|upkeep\n|turn|9\n|\n|t:|1700340358\n|move|p1a: Basculegion|Shadow Ball|p2a: Goku\n|-damage|p2a: Goku|0 fnt\n|faint|p2a: Goku\n|-damage|p1a: Basculegion|23\/100|[from] item: Life Orb\n|\n|upkeep\n|\n|t:|1700340365\n|switch|p2a: Sandy|Greedent, F, shiny|100\/100\n|turn|10\n|c|\u2606ApplinFan773|Oh nvm we good\n|\n|t:|1700340370\n|move|p1a: Basculegion|Surf|p2a: Sandy\n|-damage|p2a: Sandy|28\/100\n|-enditem|p2a: Sandy|Sitrus Berry|[eat]\n|-heal|p2a: Sandy|53\/100|[from] item: Sitrus Berry\n|-heal|p2a: Sandy|86\/100|[from] ability: Cheek Pouch\n|-damage|p1a: Basculegion|13\/100|[from] item: Life Orb\n|move|p2a: Sandy|Psychic Fangs|p1a: Basculegion\n|-damage|p1a: Basculegion|0 fnt\n|faint|p1a: Basculegion\n|\n|upkeep\n|\n|t:|1700340387\n|switch|p1a: Hector|Rillaboom, M|100\/100\n|-activate|p1a: Hector|move: Sticky Web\n|-unboost|p1a: Hector|spe|1\n|-fieldstart|move: Grassy Terrain|[from] ability: Grassy Surge|[of] p1a: Hector\n|turn|11\n|\n|t:|1700340393\n|move|p1a: Hector|Grassy Glide|p2a: Sandy\n|-damage|p2a: Sandy|41\/100\n|move|p2a: Sandy|Swords Dance|p2a: Sandy\n|-boost|p2a: Sandy|atk|2\n|\n|-heal|p2a: Sandy|48\/100|[from] Grassy Terrain\n|upkeep\n|turn|12\n|\n|t:|1700340404\n|move|p1a: Hector|Grassy Glide|p2a: Sandy\n|-damage|p2a: Sandy|0 fnt\n|faint|p2a: Sandy\n|\n|win|ApplinFan773\n|c|\u2606MimitheBunnyRabbit|Dammit\n|c|\u2606MimitheBunnyRabbit|gg, I guess I'm just ass\n|c|\u2606ApplinFan773|Nah you're not ass\n|c|\u2606MimitheBunnyRabbit|Fr?\n|l|\u2606ApplinFan773\n|j|\u2606ApplinFan773\n|player|p1|ApplinFan773|cilan\n|c|\u2606ApplinFan773|Yeah i am\n|c|\u2606ApplinFan773|Torterra just has a stupid good matchup into this team\n|c|\u2606MimitheBunnyRabbit|Round 2?\n|c|\u2606ApplinFan773|Yeah sure, doubles ou\n|c|\u2606MimitheBunnyRabbit|Sweet\n|l|\u2606MimitheBunnyRabbit\n","uploadtime":1700340486,"views":9,"p1id":"applinfan773","p2id":"mimithebunnyrabbit","formatid":"gen9ou","rating":0,"private":0,"password":""}