{"id":"gen9ou-1991160878","p1":"jw0311","p2":"AikonZ_Test","format":"[Gen 9] OU","log":"|j|\u2606jw0311\n|j|\u2606AikonZ_Test\n|t:|1700051887\n|gametype|singles\n|player|p1|jw0311|ghetsis-gen5bw|1761\n|player|p2|AikonZ_Test|veteran|1819\n|teamsize|p1|6\n|teamsize|p2|6\n|gen|9\n|tier|[Gen 9] OU\n|rated|\n|rule|Sleep Clause Mod: Limit one foe put to sleep\n|rule|Species Clause: Limit one of each Pok\u00e9mon\n|rule|OHKO Clause: OHKO moves are banned\n|rule|Evasion Items Clause: Evasion items are banned\n|rule|Evasion Moves Clause: Evasion moves are banned\n|rule|Endless Battle Clause: Forcing endless battles is banned\n|rule|HP Percentage Mod: HP is shown in percentages\n|clearpoke\n|poke|p1|Dragapult, M|\n|poke|p1|Toxapex, F|\n|poke|p1|Hatterene, F|\n|poke|p1|Kingambit, M|\n|poke|p1|Great Tusk|\n|poke|p1|Dondozo, M|\n|poke|p2|Slowking-Galar, M|\n|poke|p2|Clefable, F|\n|poke|p2|Zamazenta-*|\n|poke|p2|Cinderace, F|\n|poke|p2|Greninja-*, M|\n|poke|p2|Great Tusk|\n|teampreview\n|inactive|Battle timer is ON: inactive players will automatically lose when time's up. (requested by jw0311)\n|j| teamtester48\n|\n|t:|1700051900\n|start\n|switch|p1a: Dragapult|Dragapult, M|100\/100\n|switch|p2a: Greninja|Greninja, M|100\/100\n|turn|1\n|\n|t:|1700051922\n|switch|p1a: Toxapex|Toxapex, F|100\/100\n|move|p2a: Greninja|Ice Beam|p1a: Toxapex\n|-start|p2a: Greninja|typechange|Ice|[from] ability: Protean\n|-resisted|p1a: Toxapex\n|-damage|p1a: Toxapex|89\/100\n|\n|upkeep\n|turn|2\n|inactive|AikonZ_Test has 120 seconds left.\n|\n|t:|1700051950\n|switch|p2a: Slowking|Slowking-Galar, M|100\/100\n|switch|p1a: Kingambit|Kingambit, M|100\/100\n|\n|upkeep\n|turn|3\n|\n|t:|1700051956\n|switch|p2a: Great Tusk|Great Tusk|100\/100\n|move|p1a: Kingambit|Iron Head|p2a: Great Tusk\n|-damage|p2a: Great Tusk|78\/100\n|\n|-heal|p2a: Great Tusk|84\/100|[from] item: Leftovers\n|upkeep\n|turn|4\n|\n|t:|1700051964\n|-end|p1a: Kingambit|fallenundefined|[silent]\n|switch|p1a: Hatterene|Hatterene, F|100\/100\n|move|p2a: Great Tusk|Knock Off|p1a: Hatterene\n|-damage|p1a: Hatterene|71\/100\n|-enditem|p1a: Hatterene|Leftovers|[from] move: Knock Off|[of] p2a: Great Tusk\n|\n|-heal|p2a: Great Tusk|90\/100|[from] item: Leftovers\n|upkeep\n|turn|5\n|\n|t:|1700051969\n|-end|p2a: Great Tusk|Protosynthesis|[silent]\n|switch|p2a: Slowking|Slowking-Galar, M|100\/100\n|move|p1a: Hatterene|Draining Kiss|p2a: Slowking\n|-resisted|p2a: Slowking\n|-damage|p2a: Slowking|93\/100\n|-heal|p1a: Hatterene|78\/100|[from] drain|[of] p2a: Slowking\n|\n|upkeep\n|turn|6\n|\n|t:|1700051977\n|move|p2a: Slowking|Flamethrower|p1a: Hatterene\n|-damage|p1a: Hatterene|46\/100\n|move|p1a: Hatterene|Nuzzle|p2a: Slowking\n|-damage|p2a: Slowking|89\/100\n|-status|p2a: Slowking|par\n|\n|upkeep\n|turn|7\n|\n|t:|1700051983\n|switch|p1a: Kingambit|Kingambit, M|100\/100\n|move|p2a: Slowking|Future Sight|p1a: Kingambit\n|-start|p2a: Slowking|move: Future Sight\n|\n|upkeep\n|turn|8\n|\n|t:|1700051988\n|switch|p2a: Great Tusk|Great Tusk|90\/100\n|move|p1a: Kingambit|Iron Head|p2a: Great Tusk\n|-damage|p2a: Great Tusk|66\/100\n|\n|-heal|p2a: Great Tusk|72\/100|[from] item: Leftovers\n|upkeep\n|turn|9\n|\n|t:|1700051995\n|move|p2a: Great Tusk|Earthquake|p1a: Kingambit\n|-supereffective|p1a: Kingambit\n|-damage|p1a: Kingambit|34\/100\n|move|p1a: Kingambit|Iron Head|p2a: Great Tusk\n|-damage|p2a: Great Tusk|50\/100\n|\n|-end|p1a: Kingambit|move: Future Sight\n|-immune|p1a: Kingambit\n|-heal|p2a: Great Tusk|56\/100|[from] item: Leftovers\n|-heal|p1a: Kingambit|40\/100|[from] item: Leftovers\n|upkeep\n|turn|10\n|\n|t:|1700052002\n|-end|p1a: Kingambit|fallenundefined|[silent]\n|switch|p1a: Great Tusk|Great Tusk|100\/100\n|move|p2a: Great Tusk|Earthquake|p1a: Great Tusk\n|-damage|p1a: Great Tusk|80\/100\n|\n|-heal|p2a: Great Tusk|62\/100|[from] item: Leftovers\n|-heal|p1a: Great Tusk|86\/100|[from] item: Leftovers\n|upkeep\n|turn|11\n|\n|t:|1700052006\n|move|p2a: Great Tusk|Knock Off|p1a: Great Tusk\n|-resisted|p1a: Great Tusk\n|-damage|p1a: Great Tusk|80\/100\n|-enditem|p1a: Great Tusk|Leftovers|[from] move: Knock Off|[of] p2a: Great Tusk\n|move|p1a: Great Tusk|Knock Off|p2a: Great Tusk\n|-resisted|p2a: Great Tusk\n|-damage|p2a: Great Tusk|55\/100\n|-enditem|p2a: Great Tusk|Leftovers|[from] move: Knock Off|[of] p1a: Great Tusk\n|\n|upkeep\n|turn|12\n|\n|t:|1700052013\n|-end|p2a: Great Tusk|Protosynthesis|[silent]\n|switch|p2a: Clefable|Clefable, F|100\/100\n|move|p1a: Great Tusk|Earthquake|p2a: Clefable\n|-damage|p2a: Clefable|63\/100\n|\n|-heal|p2a: Clefable|69\/100|[from] item: Leftovers\n|upkeep\n|turn|13\n|\n|t:|1700052019\n|-end|p1a: Great Tusk|Protosynthesis|[silent]\n|switch|p1a: Toxapex|Toxapex, F|100\/100\n|move|p2a: Clefable|Wish|p2a: Clefable\n|\n|-heal|p2a: Clefable|75\/100|[from] item: Leftovers\n|upkeep\n|turn|14\n|\n|t:|1700052027\n|switch|p2a: Slowking|Slowking-Galar, M|100\/100 par\n|move|p1a: Toxapex|Infestation|p2a: Slowking\n|-damage|p2a: Slowking|98\/100 par\n|-activate|p2a: Slowking|move: Infestation|[of] p1a: Toxapex\n|\n|-heal|p2a: Slowking|100\/100 par|[from] move: Wish|[wisher] Clefable\n|-damage|p2a: Slowking|88\/100 par|[from] move: Infestation|[partiallytrapped]\n|upkeep\n|turn|15\n|\n|t:|1700052031\n|move|p1a: Toxapex|Acid Spray|p2a: Slowking\n|-resisted|p2a: Slowking\n|-damage|p2a: Slowking|85\/100 par\n|-unboost|p2a: Slowking|spd|2\n|move|p2a: Slowking|Future Sight|p1a: Toxapex\n|-start|p2a: Slowking|move: Future Sight\n|\n|-damage|p2a: Slowking|73\/100 par|[from] move: Infestation|[partiallytrapped]\n|upkeep\n|turn|16\n|\n|t:|1700052038\n|move|p1a: Toxapex|Surf|p2a: Slowking\n|-damage|p2a: Slowking|40\/100 par\n|move|p2a: Slowking|Flamethrower|p1a: Toxapex\n|-resisted|p1a: Toxapex\n|-damage|p1a: Toxapex|92\/100\n|\n|-damage|p2a: Slowking|28\/100 par|[from] move: Infestation|[partiallytrapped]\n|upkeep\n|turn|17\n|\n|t:|1700052043\n|move|p1a: Toxapex|Surf|p2a: Slowking\n|-damage|p2a: Slowking|1\/100 par\n|cant|p2a: Slowking|par\n|\n|-end|p1a: Toxapex|move: Future Sight\n|-supereffective|p1a: Toxapex\n|-damage|p1a: Toxapex|33\/100\n|-damage|p2a: Slowking|0 fnt|[from] move: Infestation|[partiallytrapped]\n|faint|p2a: Slowking\n|upkeep\n|\n|t:|1700052057\n|switch|p2a: Greninja|Greninja, M|100\/100\n|turn|18\n|\n|t:|1700052067\n|move|p2a: Greninja|Switcheroo|p1a: Toxapex\n|-start|p2a: Greninja|typechange|Dark|[from] ability: Protean\n|-activate|p2a: Greninja|move: Trick|[of] p1a: Toxapex\n|-item|p1a: Toxapex|Choice Scarf|[from] move: Switcheroo\n|-item|p2a: Greninja|Assault Vest|[from] move: Switcheroo\n|move|p1a: Toxapex|Sludge Bomb|p2a: Greninja\n|-crit|p2a: Greninja\n|-damage|p2a: Greninja|53\/100\n|\n|upkeep\n|turn|19\n|\n|t:|1700052076\n|switch|p2a: Great Tusk|Great Tusk|55\/100\n|move|p1a: Toxapex|Sludge Bomb|p2a: Great Tusk\n|-resisted|p2a: Great Tusk\n|-damage|p2a: Great Tusk|35\/100\n|\n|upkeep\n|turn|20\n|\n|t:|1700052087\n|switch|p1a: Great Tusk|Great Tusk|80\/100\n|move|p2a: Great Tusk|Knock Off|p1a: Great Tusk\n|-resisted|p1a: Great Tusk\n|-damage|p1a: Great Tusk|75\/100\n|\n|upkeep\n|turn|21\n|\n|t:|1700052093\n|-end|p2a: Great Tusk|Protosynthesis|[silent]\n|switch|p2a: Clefable|Clefable, F|75\/100\n|move|p1a: Great Tusk|Earthquake|p2a: Clefable\n|-damage|p2a: Clefable|42\/100\n|\n|-heal|p2a: Clefable|48\/100|[from] item: Leftovers\n|upkeep\n|turn|22\n|\n|t:|1700052098\n|move|p1a: Great Tusk|Knock Off|p2a: Clefable\n|-resisted|p2a: Clefable\n|-damage|p2a: Clefable|37\/100\n|-enditem|p2a: Clefable|Leftovers|[from] move: Knock Off|[of] p1a: Great Tusk\n|move|p2a: Clefable|Wish|p2a: Clefable\n|\n|upkeep\n|turn|23\n|\n|t:|1700052105\n|move|p1a: Great Tusk|Stealth Rock|p2a: Clefable\n|-sidestart|p2: AikonZ_Test|move: Stealth Rock\n|move|p2a: Clefable|Moonblast|p1a: Great Tusk\n|-supereffective|p1a: Great Tusk\n|-crit|p1a: Great Tusk\n|-damage|p1a: Great Tusk|0 fnt\n|faint|p1a: Great Tusk\n|-end|p1a: Great Tusk|Protosynthesis|[silent]\n|\n|-heal|p2a: Clefable|87\/100|[from] move: Wish|[wisher] Clefable\n|upkeep\n|\n|t:|1700052112\n|switch|p1a: Hatterene|Hatterene, F|46\/100\n|turn|24\n|\n|t:|1700052116\n|move|p2a: Clefable|Moonblast|p1a: Hatterene\n|-damage|p1a: Hatterene|16\/100\n|move|p1a: Hatterene|Nuzzle|p2a: Clefable\n|-damage|p2a: Clefable|83\/100\n|-status|p2a: Clefable|par\n|\n|upkeep\n|turn|25\n|\n|t:|1700052122\n|move|p1a: Hatterene|Draining Kiss|p2a: Clefable\n|-damage|p2a: Clefable|54\/100 par\n|-heal|p1a: Hatterene|43\/100|[from] drain|[of] p2a: Clefable\n|move|p2a: Clefable|Moonblast|p1a: Hatterene\n|-damage|p1a: Hatterene|8\/100\n|\n|upkeep\n|turn|26\n|\n|t:|1700052127\n|switch|p2a: Cinderace|Cinderace, F|100\/100\n|move|p1a: Hatterene|Draining Kiss|p2a: Cinderace\n|-resisted|p2a: Cinderace\n|-damage|p2a: Cinderace|78\/100\n|-heal|p1a: Hatterene|25\/100|[from] drain|[of] p2a: Cinderace\n|\n|upkeep\n|turn|27\n|\n|t:|1700052136\n|move|p2a: Cinderace|U-turn|p1a: Hatterene\n|-start|p2a: Cinderace|typechange|Bug|[from] ability: Libero\n|-damage|p1a: Hatterene|0 fnt\n|faint|p1a: Hatterene\n|j| Van Pyro\n|\n|t:|1700052149\n|switch|p2a: Greninja|Greninja, M|53\/100|[from] U-turn\n|-damage|p2a: Greninja|41\/100|[from] Stealth Rock\n|\n|upkeep\n|\n|t:|1700052153\n|switch|p1a: Dragapult|Dragapult, M|100\/100\n|turn|28\n|\n|t:|1700052160\n|switch|p2a: Clefable|Clefable, F|54\/100 par\n|-damage|p2a: Clefable|42\/100 par|[from] Stealth Rock\n|move|p1a: Dragapult|U-turn|p2a: Clefable\n|-resisted|p2a: Clefable\n|-damage|p2a: Clefable|27\/100 par\n|\n|t:|1700052163\n|switch|p1a: Kingambit|Kingambit, M|40\/100|[from] U-turn\n|-activate|p1a: Kingambit|ability: Supreme Overlord\n|-start|p1a: Kingambit|fallen2|[silent]\n|\n|-heal|p1a: Kingambit|46\/100|[from] item: Leftovers\n|upkeep\n|turn|29\n|\n|t:|1700052168\n|move|p1a: Kingambit|Iron Head|p2a: Clefable\n|-supereffective|p2a: Clefable\n|-damage|p2a: Clefable|0 fnt\n|faint|p2a: Clefable\n|\n|-heal|p1a: Kingambit|52\/100|[from] item: Leftovers\n|upkeep\n|\n|t:|1700052171\n|switch|p2a: Cinderace|Cinderace, F|78\/100\n|turn|30\n|\n|t:|1700052177\n|-terastallize|p1a: Kingambit|Fire\n|move|p2a: Cinderace|Court Change|p2a: Cinderace\n|-start|p2a: Cinderace|typechange|Normal|[from] ability: Libero\n|-swapsideconditions\n|-activate|p2a: Cinderace|move: Court Change\n|move|p1a: Kingambit|Swords Dance|p1a: Kingambit\n|-boost|p1a: Kingambit|atk|2\n|\n|-heal|p1a: Kingambit|58\/100|[from] item: Leftovers\n|upkeep\n|turn|31\n|\n|t:|1700052185\n|move|p2a: Cinderace|Sucker Punch|p1a: Kingambit\n|-damage|p1a: Kingambit|42\/100\n|move|p1a: Kingambit|Iron Head|p2a: Cinderace\n|-damage|p2a: Cinderace|0 fnt\n|faint|p2a: Cinderace\n|\n|-heal|p1a: Kingambit|48\/100|[from] item: Leftovers\n|upkeep\n|\n|t:|1700052196\n|switch|p2a: Great Tusk|Great Tusk|35\/100\n|turn|32\n|\n|t:|1700052199\n|move|p1a: Kingambit|Sucker Punch|p2a: Great Tusk\n|-resisted|p2a: Great Tusk\n|-damage|p2a: Great Tusk|9\/100\n|move|p2a: Great Tusk|Earthquake|p1a: Kingambit\n|-supereffective|p1a: Kingambit\n|-damage|p1a: Kingambit|0 fnt\n|faint|p1a: Kingambit\n|-end|p1a: Kingambit|fallen2|[silent]\n|\n|upkeep\n|\n|t:|1700052203\n|switch|p1a: Dragapult|Dragapult, M|100\/100\n|-damage|p1a: Dragapult|88\/100|[from] Stealth Rock\n|turn|33\n|\n|t:|1700052208\n|move|p1a: Dragapult|U-turn|p2a: Great Tusk\n|-resisted|p2a: Great Tusk\n|-damage|p2a: Great Tusk|0 fnt\n|faint|p2a: Great Tusk\n|-end|p2a: Great Tusk|Protosynthesis|[silent]\n|\n|t:|1700052210\n|switch|p1a: Toxapex|Toxapex, F|66\/100|[from] U-turn\n|-damage|p1a: Toxapex|54\/100|[from] Stealth Rock\n|\n|upkeep\n|\n|t:|1700052213\n|switch|p2a: Zamazenta|Zamazenta|100\/100\n|-ability|p2a: Zamazenta|Dauntless Shield|boost\n|-boost|p2a: Zamazenta|def|1\n|turn|34\n|\n|t:|1700052215\n|move|p2a: Zamazenta|Substitute|p2a: Zamazenta\n|-start|p2a: Zamazenta|Substitute\n|-damage|p2a: Zamazenta|75\/100\n|move|p1a: Toxapex|Sludge Bomb|p2a: Zamazenta\n|-activate|p2a: Zamazenta|move: Substitute|[damage]\n|\n|-heal|p2a: Zamazenta|82\/100|[from] item: Leftovers\n|upkeep\n|turn|35\n|\n|t:|1700052221\n|switch|p1a: Dondozo|Dondozo, M|100\/100\n|-damage|p1a: Dondozo|88\/100|[from] Stealth Rock\n|move|p2a: Zamazenta|Crunch|p1a: Dondozo\n|-damage|p1a: Dondozo|78\/100\n|-damage|p2a: Zamazenta|65\/100|[from] item: Rocky Helmet|[of] p1a: Dondozo\n|\n|-heal|p2a: Zamazenta|71\/100|[from] item: Leftovers\n|upkeep\n|turn|36\n|\n|t:|1700052229\n|switch|p2a: Greninja|Greninja, M|41\/100\n|move|p1a: Dondozo|Curse|p1a: Dondozo\n|-unboost|p1a: Dondozo|spe|1\n|-boost|p1a: Dondozo|atk|1\n|-boost|p1a: Dondozo|def|1\n|\n|upkeep\n|turn|37\n|\n|t:|1700052235\n|switch|p1a: Toxapex|Toxapex, F|87\/100\n|-damage|p1a: Toxapex|75\/100|[from] Stealth Rock\n|move|p2a: Greninja|Grass Knot|p1a: Toxapex\n|-start|p2a: Greninja|typechange|Grass|[from] ability: Protean\n|-damage|p1a: Toxapex|59\/100\n|\n|upkeep\n|turn|38\n|\n|t:|1700052240\n|switch|p2a: Zamazenta|Zamazenta|71\/100\n|move|p1a: Toxapex|Sludge Bomb|p2a: Zamazenta\n|-damage|p2a: Zamazenta|47\/100\n|\n|-heal|p2a: Zamazenta|53\/100|[from] item: Leftovers\n|upkeep\n|turn|39\n|l| Van Pyro\n|\n|t:|1700052257\n|switch|p2a: Greninja|Greninja, M|41\/100\n|move|p1a: Toxapex|Sludge Bomb|p2a: Greninja\n|-damage|p2a: Greninja|10\/100\n|\n|upkeep\n|turn|40\n|c|\u2606AikonZ_Test|gg\n|c|\u2606jw0311|Gg\n|-message|AikonZ_Test forfeited.\n|\n|win|jw0311\n|raw|jw0311's rating: 1761 &rarr; <strong>1784<\/strong><br \/>(+23 for winning)\n|raw|AikonZ_Test's rating: 1819 &rarr; <strong>1796<\/strong><br \/>(-23 for losing)\n|l|\u2606AikonZ_Test\n","uploadtime":1700052273,"views":9,"p1id":"jw0311","p2id":"aikonztest","formatid":"gen9ou","rating":1784,"private":0,"password":""}