{"id":"gen9ou-1996499763","p1":"Markuso100","p2":"PrincessPeacock","format":"[Gen 9] OU","log":"|j|\u2606Markuso100\n|j|\u2606PrincessPeacock\n|t:|1700688013\n|gametype|singles\n|player|p1|Markuso100|101|\n|player|p2|PrincessPeacock|clair|\n|teamsize|p1|6\n|teamsize|p2|6\n|gen|9\n|tier|[Gen 9] OU\n|rule|Sleep Clause Mod: Limit one foe put to sleep\n|rule|Species Clause: Limit one of each Pok\u00e9mon\n|rule|OHKO Clause: OHKO moves are banned\n|rule|Evasion Items Clause: Evasion items are banned\n|rule|Evasion Moves Clause: Evasion moves are banned\n|rule|Endless Battle Clause: Forcing endless battles is banned\n|rule|HP Percentage Mod: HP is shown in percentages\n|clearpoke\n|poke|p1|Kingambit, M|\n|poke|p1|Dragonite, F|\n|poke|p1|Zapdos-Galar|\n|poke|p1|Slowking-Galar, F|\n|poke|p1|Abomasnow, F|\n|poke|p1|Sandaconda, F|\n|poke|p2|Hoopa-Unbound|\n|poke|p2|Ting-Lu|\n|poke|p2|Pelipper, F|\n|poke|p2|Barraskewda, M|\n|poke|p2|Persian-Alola, F|\n|poke|p2|Rotom-Heat|\n|teampreview\n|inactive|Battle timer is ON: inactive players will automatically lose when time's up. (requested by PrincessPeacock)\n|inactive|Markuso100 has 270 seconds left.\n|\n|t:|1700688131\n|start\n|switch|p1a: Sandaconda|Sandaconda, F|100\/100\n|switch|p2a: Persian|Persian-Alola, F|100\/100\n|turn|1\n|\n|t:|1700688137\n|move|p2a: Persian|Fake Out|p1a: Sandaconda\n|-damage|p1a: Sandaconda|96\/100\n|cant|p1a: Sandaconda|flinch\n|\n|-heal|p1a: Sandaconda|100\/100|[from] item: Leftovers\n|upkeep\n|turn|2\n|\n|t:|1700688144\n|move|p2a: Persian|Taunt|p1a: Sandaconda\n|-start|p1a: Sandaconda|move: Taunt\n|cant|p1a: Sandaconda|move: Taunt|Stealth Rock\n|\n|upkeep\n|turn|3\n|\n|t:|1700688151\n|move|p2a: Persian|Parting Shot|p1a: Sandaconda\n|-unboost|p1a: Sandaconda|atk|1\n|-unboost|p1a: Sandaconda|spa|1\n|\n|t:|1700688159\n|switch|p2a: Pelipper|Pelipper, F|100\/100|[from] Parting Shot\n|-weather|RainDance|[from] ability: Drizzle|[of] p2a: Pelipper\n|move|p1a: Sandaconda|Earthquake|p2a: Pelipper\n|-immune|p2a: Pelipper\n|\n|-weather|RainDance|[upkeep]\n|upkeep\n|turn|4\n|\n|t:|1700688186\n|switch|p1a: Abomasnow|Abomasnow, F|100\/100\n|-weather|Snow|[from] ability: Snow Warning|[of] p1a: Abomasnow\n|move|p2a: Pelipper|U-turn|p1a: Abomasnow\n|-supereffective|p1a: Abomasnow\n|-damage|p1a: Abomasnow|84\/100\n|\n|t:|1700688199\n|switch|p2a: Barraskewda|Barraskewda, M|100\/100|[from] U-turn\n|\n|-weather|Snow|[upkeep]\n|upkeep\n|turn|5\n|\n|t:|1700688213\n|move|p2a: Barraskewda|Close Combat|p1a: Abomasnow\n|-supereffective|p1a: Abomasnow\n|-damage|p1a: Abomasnow|0 fnt\n|-unboost|p2a: Barraskewda|def|1\n|-unboost|p2a: Barraskewda|spd|1\n|faint|p1a: Abomasnow\n|\n|-weather|Snow|[upkeep]\n|upkeep\n|inactive|Markuso100 has 270 seconds left.\n|\n|t:|1700688245\n|switch|p1a: Dragonite|Dragonite, F|100\/100\n|turn|6\n|\n|t:|1700688252\n|switch|p2a: Persian|Persian-Alola, F|100\/100\n|move|p1a: Dragonite|Dragon Dance|p1a: Dragonite\n|-boost|p1a: Dragonite|atk|1\n|-boost|p1a: Dragonite|spe|1\n|\n|-weather|Snow|[upkeep]\n|upkeep\n|turn|7\n|inactive|Markuso100 has 270 seconds left.\n|\n|t:|1700688262\n|move|p2a: Persian|Fake Out|p1a: Dragonite\n|-damage|p1a: Dragonite|97\/100\n|cant|p1a: Dragonite|flinch\n|\n|-weather|Snow|[upkeep]\n|upkeep\n|turn|8\n|inactive|Markuso100 has 270 seconds left.\n|\n|t:|1700688275\n|move|p1a: Dragonite|Earthquake|p2a: Persian\n|-damage|p2a: Persian|71\/100\n|move|p2a: Persian|Foul Play|p1a: Dragonite\n|-damage|p1a: Dragonite|33\/100\n|\n|-weather|Snow|[upkeep]\n|upkeep\n|turn|9\n|inactive|Markuso100 has 270 seconds left.\n|\n|t:|1700688291\n|move|p1a: Dragonite|Earthquake|p2a: Persian\n|-damage|p2a: Persian|41\/100\n|move|p2a: Persian|Foul Play|p1a: Dragonite\n|-damage|p1a: Dragonite|0 fnt\n|faint|p1a: Dragonite\n|\n|-weather|Snow|[upkeep]\n|upkeep\n|\n|t:|1700688311\n|switch|p1a: Zapdos|Zapdos-Galar|100\/100\n|turn|10\n|\n|t:|1700688323\n|move|p1a: Zapdos|U-turn|p2a: Persian\n|-supereffective|p2a: Persian\n|-damage|p2a: Persian|3\/100\n|-damage|p1a: Zapdos|84\/100|[from] item: Rocky Helmet|[of] p2a: Persian\n|inactive|Markuso100 has 240 seconds left.\n|\n|t:|1700688353\n|switch|p1a: Sandaconda|Sandaconda, F|100\/100|[from] U-turn\n|move|p2a: Persian|Taunt|p1a: Sandaconda\n|-start|p1a: Sandaconda|move: Taunt\n|\n|-weather|Snow|[upkeep]\n|upkeep\n|turn|11\n|inactive|Markuso100 has 210 seconds left.\n|\n|t:|1700688394\n|switch|p1a: Slowking|Slowking-Galar, F|100\/100\n|move|p2a: Persian|Parting Shot|p1a: Slowking\n|-unboost|p1a: Slowking|atk|1\n|-unboost|p1a: Slowking|spa|1\n|\n|t:|1700688401\n|switch|p2a: Hoopa|Hoopa-Unbound|100\/100|[from] Parting Shot\n|\n|-weather|none\n|upkeep\n|turn|12\n|\n|t:|1700688405\n|switch|p1a: Zapdos|Zapdos-Galar|84\/100\n|move|p2a: Hoopa|Hyperspace Fury|p1a: Zapdos\n|-resisted|p1a: Zapdos\n|-damage|p1a: Zapdos|46\/100\n|-unboost|p2a: Hoopa|def|1\n|\n|upkeep\n|turn|13\n|c|\u2606Markuso100|MISCOICK\n|c|\u2606Markuso100|MISCLICK\n|c|\u2606Markuso100|GG\n|inactive|Markuso100 has 210 seconds left.\n|c|\u2606PrincessPeacock|LOL\n|\n|t:|1700688443\n|switch|p2a: Persian|Persian-Alola, F|3\/100\n|move|p1a: Zapdos|Close Combat|p2a: Persian\n|-supereffective|p2a: Persian\n|-damage|p2a: Persian|0 fnt\n|-unboost|p1a: Zapdos|def|1\n|-unboost|p1a: Zapdos|spd|1\n|-damage|p1a: Zapdos|29\/100|[from] item: Rocky Helmet|[of] p2a: Persian\n|faint|p2a: Persian\n|\n|upkeep\n|\n|t:|1700688450\n|switch|p2a: Pelipper|Pelipper, F|100\/100\n|-weather|RainDance|[from] ability: Drizzle|[of] p2a: Pelipper\n|turn|14\n|\n|t:|1700688459\n|switch|p1a: Slowking|Slowking-Galar, F|100\/100\n|move|p2a: Pelipper|U-turn|p1a: Slowking\n|-damage|p1a: Slowking|91\/100\n|\n|t:|1700688463\n|switch|p2a: Hoopa|Hoopa-Unbound|100\/100|[from] U-turn\n|\n|-weather|RainDance|[upkeep]\n|upkeep\n|turn|15\n|\n|t:|1700688470\n|switch|p1a: Sandaconda|Sandaconda, F|100\/100\n|move|p2a: Hoopa|Hyperspace Fury|p1a: Sandaconda\n|-damage|p1a: Sandaconda|61\/100\n|-unboost|p2a: Hoopa|def|1\n|\n|-weather|RainDance|[upkeep]\n|-heal|p1a: Sandaconda|67\/100|[from] item: Leftovers\n|upkeep\n|turn|16\n|inactive|Markuso100 has 210 seconds left.\n|\n|t:|1700688487\n|switch|p2a: Pelipper|Pelipper, F|100\/100\n|move|p1a: Sandaconda|Glare|p2a: Pelipper\n|-status|p2a: Pelipper|par\n|\n|-weather|RainDance|[upkeep]\n|-heal|p1a: Sandaconda|73\/100|[from] item: Leftovers\n|upkeep\n|turn|17\n|\n|t:|1700688496\n|move|p1a: Sandaconda|Stealth Rock|p2a: Pelipper\n|-sidestart|p2: PrincessPeacock|move: Stealth Rock\n|cant|p2a: Pelipper|par\n|\n|-weather|RainDance|[upkeep]\n|-heal|p1a: Sandaconda|80\/100|[from] item: Leftovers\n|upkeep\n|turn|18\n|inactive|Markuso100 has 210 seconds left.\n|\n|t:|1700688508\n|switch|p1a: Slowking|Slowking-Galar, F|100\/100\n|move|p2a: Pelipper|U-turn|p1a: Slowking\n|-damage|p1a: Slowking|91\/100\n|\n|t:|1700688519\n|switch|p2a: Barraskewda|Barraskewda, M|100\/100|[from] U-turn\n|-damage|p2a: Barraskewda|88\/100|[from] Stealth Rock\n|\n|-weather|RainDance|[upkeep]\n|upkeep\n|turn|19\n|inactive|Markuso100 has 210 seconds left.\n|\n|t:|1700688556\n|switch|p1a: Sandaconda|Sandaconda, F|80\/100\n|move|p2a: Barraskewda|Liquidation|p1a: Sandaconda\n|-supereffective|p1a: Sandaconda\n|-damage|p1a: Sandaconda|0 fnt\n|faint|p1a: Sandaconda\n|\n|-weather|RainDance|[upkeep]\n|upkeep\n|inactive|Markuso100 has 180 seconds left.\n|\n|t:|1700688595\n|switch|p1a: Zapdos|Zapdos-Galar|29\/100\n|turn|20\n|\n|t:|1700688598\n|move|p2a: Barraskewda|Liquidation|p1a: Zapdos\n|-damage|p1a: Zapdos|0 fnt\n|faint|p1a: Zapdos\n|\n|-weather|RainDance|[upkeep]\n|upkeep\n|inactive|Markuso100 has 150 seconds left.\n|\n|t:|1700688631\n|switch|p1a: Slowking|Slowking-Galar, F|100\/100\n|turn|21\n|\n|t:|1700688636\n|move|p2a: Barraskewda|Liquidation|p1a: Slowking\n|-damage|p1a: Slowking|0 fnt\n|faint|p1a: Slowking\n|\n|-weather|none\n|upkeep\n|c|\u2606PrincessPeacock|:)\n|\n|t:|1700688643\n|switch|p1a: Kingambit|Kingambit, M|100\/100\n|-activate|p1a: Kingambit|ability: Supreme Overlord\n|-start|p1a: Kingambit|fallen5|[silent]\n|turn|22\n|inactive|Markuso100 has 150 seconds left.\n|\n|t:|1700688665\n|move|p1a: Kingambit|Sucker Punch|p2a: Barraskewda\n|-damage|p2a: Barraskewda|0 fnt\n|faint|p2a: Barraskewda\n|\n|upkeep\n|\n|t:|1700688669\n|switch|p2a: Rotom|Rotom-Heat|100\/100\n|-damage|p2a: Rotom|76\/100|[from] Stealth Rock\n|turn|23\n|\n|t:|1700688690\n|move|p2a: Rotom|Trick|p1a: Kingambit\n|-activate|p2a: Rotom|move: Trick|[of] p1a: Kingambit\n|-item|p1a: Kingambit|Choice Scarf|[from] move: Trick\n|-item|p2a: Rotom|Assault Vest|[from] move: Trick\n|move|p1a: Kingambit|Kowtow Cleave|p2a: Rotom\n|-damage|p2a: Rotom|0 fnt\n|faint|p2a: Rotom\n|\n|upkeep\n|\n|t:|1700688702\n|switch|p2a: Hoopa|Hoopa-Unbound|100\/100\n|-damage|p2a: Hoopa|88\/100|[from] Stealth Rock\n|turn|24\n|c|\u2606PrincessPeacock|no tera mon needed.\n|c|\u2606PrincessPeacock|gg.\n|\n|t:|1700688716\n|-terastallize|p1a: Kingambit|Flying\n|move|p2a: Hoopa|Destiny Bond|p2a: Hoopa\n|-singlemove|p2a: Hoopa|Destiny Bond\n|move|p1a: Kingambit|Kowtow Cleave|p2a: Hoopa\n|-damage|p2a: Hoopa|0 fnt\n|faint|p2a: Hoopa\n|-activate|p2a: Hoopa|move: Destiny Bond\n|faint|p1a: Kingambit\n|-end|p1a: Kingambit|fallen5|[silent]\n|\n|win|PrincessPeacock\n","uploadtime":1700688728,"views":6,"p1id":"markuso100","p2id":"princesspeacock","formatid":"gen9ou","rating":0,"private":0,"password":""}