{"id":"gen9ou-1995349630","p1":"Ronzi0","p2":"prevoid","format":"[Gen 9] OU","log":"|j|\u2606Ronzi0\n|j|\u2606prevoid\n|t:|1700558029\n|gametype|singles\n|player|p1|Ronzi0|blue|1443\n|player|p2|prevoid|lucas-gen4pt|1343\n|teamsize|p1|6\n|teamsize|p2|6\n|gen|9\n|tier|[Gen 9] OU\n|rated|\n|rule|Sleep Clause Mod: Limit one foe put to sleep\n|rule|Species Clause: Limit one of each Pok\u00e9mon\n|rule|OHKO Clause: OHKO moves are banned\n|rule|Evasion Items Clause: Evasion items are banned\n|rule|Evasion Moves Clause: Evasion moves are banned\n|rule|Endless Battle Clause: Forcing endless battles is banned\n|rule|HP Percentage Mod: HP is shown in percentages\n|clearpoke\n|poke|p1|Landorus-Therian, M|\n|poke|p1|Arcanine-Hisui, M|\n|poke|p1|Corviknight, M|\n|poke|p1|Ogerpon-Wellspring, F|\n|poke|p1|Thundurus-Therian, M|\n|poke|p1|Garchomp, F|\n|poke|p2|Clefable, M|\n|poke|p2|Dondozo, M|\n|poke|p2|Iron Valiant|\n|poke|p2|Great Tusk|\n|poke|p2|Gholdengo|\n|poke|p2|Greninja-*, M|\n|teampreview\n|inactive|Battle timer is ON: inactive players will automatically lose when time's up. (requested by prevoid)\n|\n|t:|1700558061\n|start\n|switch|p1a: Landorus|Landorus-Therian, M|100\/100\n|switch|p2a: Clefable|Clefable, M|100\/100\n|-ability|p1a: Landorus|Intimidate|boost\n|-unboost|p2a: Clefable|atk|1\n|turn|1\n|\n|t:|1700558073\n|move|p1a: Landorus|U-turn|p2a: Clefable\n|-resisted|p2a: Clefable\n|-crit|p2a: Clefable\n|-damage|p2a: Clefable|82\/100\n|\n|t:|1700558077\n|switch|p1a: Corviknight|Corviknight, M, shiny|100\/100|[from] U-turn\n|-ability|p1a: Corviknight|Pressure\n|move|p2a: Clefable|Stealth Rock|p1a: Corviknight\n|-sidestart|p1: Ronzi0|move: Stealth Rock\n|\n|-heal|p2a: Clefable|88\/100|[from] item: Leftovers\n|upkeep\n|turn|2\n|\n|t:|1700558083\n|move|p2a: Clefable|Thunder Wave|p1a: Corviknight\n|-status|p1a: Corviknight|par\n|move|p1a: Corviknight|Defog|p2a: Clefable\n|-unboost|p2a: Clefable|evasion|1\n|-sideend|p1: Ronzi0|Stealth Rock|[from] move: Defog|[of] p1a: Corviknight\n|\n|-heal|p2a: Clefable|94\/100|[from] item: Leftovers\n|upkeep\n|turn|3\n|\n|t:|1700558092\n|switch|p2a: Great Tusk|Great Tusk|100\/100\n|move|p1a: Corviknight|Brave Bird|p2a: Great Tusk\n|-supereffective|p2a: Great Tusk\n|-damage|p2a: Great Tusk|68\/100\n|-damage|p1a: Corviknight|89\/100 par|[from] Recoil\n|\n|upkeep\n|turn|4\n|\n|t:|1700558103\n|switch|p1a: Landorus|Landorus-Therian, M|100\/100\n|-ability|p1a: Landorus|Intimidate|boost\n|-unboost|p2a: Great Tusk|atk|1\n|move|p2a: Great Tusk|Knock Off|p1a: Landorus\n|-damage|p1a: Landorus|81\/100\n|-enditem|p1a: Landorus|Leftovers|[from] move: Knock Off|[of] p2a: Great Tusk\n|\n|upkeep\n|turn|5\n|\n|t:|1700558109\n|move|p2a: Great Tusk|Ice Spinner|p1a: Landorus\n|-supereffective|p1a: Landorus\n|-damage|p1a: Landorus|22\/100\n|move|p1a: Landorus|Grass Knot|p2a: Great Tusk\n|-supereffective|p2a: Great Tusk\n|-damage|p2a: Great Tusk|18\/100\n|\n|upkeep\n|turn|6\n|\n|t:|1700558137\n|-end|p2a: Great Tusk|Protosynthesis|[silent]\n|switch|p2a: Clefable|Clefable, M|94\/100\n|switch|p1a: Corviknight|Corviknight, M, shiny|89\/100 par\n|-ability|p1a: Corviknight|Pressure\n|\n|-heal|p2a: Clefable|99\/100|[from] item: Leftovers\n|upkeep\n|turn|7\n|\n|t:|1700558146\n|move|p2a: Clefable|Wish|p2a: Clefable\n|move|p1a: Corviknight|Defog|p2a: Clefable\n|-unboost|p2a: Clefable|evasion|1\n|\n|-heal|p2a: Clefable|100\/100|[from] item: Leftovers\n|upkeep\n|turn|8\n|\n|t:|1700558155\n|switch|p2a: Great Tusk|Great Tusk|18\/100\n|move|p1a: Corviknight|U-turn|p2a: Great Tusk\n|-resisted|p2a: Great Tusk\n|-damage|p2a: Great Tusk|14\/100\n|\n|t:|1700558161\n|switch|p1a: Landorus|Landorus-Therian, M|22\/100|[from] U-turn\n|-ability|p1a: Landorus|Intimidate|boost\n|-unboost|p2a: Great Tusk|atk|1\n|\n|-heal|p2a: Great Tusk|59\/100|[from] move: Wish|[wisher] Clefable\n|upkeep\n|turn|9\n|\n|t:|1700558170\n|switch|p1a: Corviknight|Corviknight, M, shiny|89\/100 par\n|-ability|p1a: Corviknight|Pressure\n|move|p2a: Great Tusk|Ice Spinner|p1a: Corviknight\n|-damage|p1a: Corviknight|80\/100 par\n|-damage|p2a: Great Tusk|43\/100|[from] item: Rocky Helmet|[of] p1a: Corviknight\n|\n|upkeep\n|turn|10\n|\n|t:|1700558182\n|-end|p2a: Great Tusk|Protosynthesis|[silent]\n|switch|p2a: Dondozo|Dondozo, M|100\/100\n|move|p1a: Corviknight|Brave Bird|p2a: Dondozo\n|-damage|p2a: Dondozo|84\/100\n|-damage|p1a: Corviknight|73\/100 par|[from] Recoil\n|\n|upkeep\n|turn|11\n|\n|t:|1700558191\n|move|p2a: Dondozo|Liquidation|p1a: Corviknight\n|-damage|p1a: Corviknight|56\/100 par\n|-damage|p2a: Dondozo|67\/100|[from] item: Rocky Helmet|[of] p1a: Corviknight\n|move|p1a: Corviknight|U-turn|p2a: Dondozo\n|-damage|p2a: Dondozo|61\/100\n|\n|t:|1700558199\n|switch|p1a: Ogerpon|Ogerpon-Wellspring, F|100\/100|[from] U-turn\n|\n|upkeep\n|turn|12\n|\n|t:|1700558208\n|move|p1a: Ogerpon|Swords Dance|p1a: Ogerpon\n|-boost|p1a: Ogerpon|atk|2\n|move|p2a: Dondozo|Yawn|p1a: Ogerpon\n|-start|p1a: Ogerpon|move: Yawn|[of] p2a: Dondozo\n|\n|upkeep\n|turn|13\n|\n|t:|1700558216\n|switch|p1a: Corviknight|Corviknight, M, shiny|56\/100 par\n|-ability|p1a: Corviknight|Pressure\n|move|p2a: Dondozo|Sleep Talk||[still]\n|-fail|p2a: Dondozo\n|\n|upkeep\n|turn|14\n|\n|t:|1700558228\n|switch|p2a: Clefable|Clefable, M|100\/100\n|move|p1a: Corviknight|Roost|p1a: Corviknight\n|-heal|p1a: Corviknight|100\/100 par\n|-singleturn|p1a: Corviknight|move: Roost\n|\n|upkeep\n|turn|15\n|\n|t:|1700558233\n|move|p2a: Clefable|Stealth Rock|p1a: Corviknight\n|-sidestart|p1: Ronzi0|move: Stealth Rock\n|move|p1a: Corviknight|U-turn|p2a: Clefable\n|-resisted|p2a: Clefable\n|-damage|p2a: Clefable|92\/100\n|\n|t:|1700558237\n|switch|p1a: Landorus|Landorus-Therian, M|22\/100|[from] U-turn\n|-damage|p1a: Landorus|10\/100|[from] Stealth Rock\n|-ability|p1a: Landorus|Intimidate|boost\n|-unboost|p2a: Clefable|atk|1\n|\n|-heal|p2a: Clefable|98\/100|[from] item: Leftovers\n|upkeep\n|turn|16\n|\n|t:|1700558245\n|switch|p1a: Corviknight|Corviknight, M, shiny|100\/100 par\n|-damage|p1a: Corviknight|88\/100 par|[from] Stealth Rock\n|-ability|p1a: Corviknight|Pressure\n|move|p2a: Clefable|Wish|p2a: Clefable\n|\n|-heal|p2a: Clefable|100\/100|[from] item: Leftovers\n|upkeep\n|turn|17\n|\n|t:|1700558252\n|switch|p2a: Great Tusk|Great Tusk|43\/100\n|move|p1a: Corviknight|Defog|p2a: Great Tusk\n|-unboost|p2a: Great Tusk|evasion|1\n|-sideend|p1: Ronzi0|Stealth Rock|[from] move: Defog|[of] p1a: Corviknight\n|\n|-heal|p2a: Great Tusk|88\/100|[from] move: Wish|[wisher] Clefable\n|upkeep\n|turn|18\n|\n|t:|1700558263\n|move|p2a: Great Tusk|Ice Spinner|p1a: Corviknight\n|-damage|p1a: Corviknight|73\/100 par\n|-damage|p2a: Great Tusk|71\/100|[from] item: Rocky Helmet|[of] p1a: Corviknight\n|move|p1a: Corviknight|U-turn|p2a: Great Tusk\n|-resisted|p2a: Great Tusk\n|-damage|p2a: Great Tusk|68\/100\n|\n|t:|1700558271\n|switch|p1a: Ogerpon|Ogerpon-Wellspring, F|100\/100|[from] U-turn\n|\n|upkeep\n|turn|19\n|\n|t:|1700558279\n|switch|p1a: Corviknight|Corviknight, M, shiny|73\/100 par\n|-ability|p1a: Corviknight|Pressure\n|move|p2a: Great Tusk|Ice Spinner|p1a: Corviknight\n|-damage|p1a: Corviknight|60\/100 par\n|-damage|p2a: Great Tusk|51\/100|[from] item: Rocky Helmet|[of] p1a: Corviknight\n|\n|upkeep\n|turn|20\n|\n|t:|1700558287\n|-end|p2a: Great Tusk|Protosynthesis|[silent]\n|switch|p2a: Gholdengo|Gholdengo|100\/100\n|move|p1a: Corviknight|Roost|p1a: Corviknight\n|-heal|p1a: Corviknight|100\/100 par\n|-singleturn|p1a: Corviknight|move: Roost\n|\n|upkeep\n|turn|21\n|\n|t:|1700558294\n|move|p2a: Gholdengo|Shadow Ball|p1a: Corviknight\n|-damage|p1a: Corviknight|62\/100 par\n|move|p1a: Corviknight|U-turn|p2a: Gholdengo\n|-resisted|p2a: Gholdengo\n|-damage|p2a: Gholdengo|97\/100\n|\n|t:|1700558303\n|switch|p1a: Arcanine|Arcanine-Hisui, M, shiny|100\/100|[from] U-turn\n|\n|upkeep\n|turn|22\n|inactive|prevoid has 120 seconds left.\n|\n|t:|1700558334\n|switch|p2a: Great Tusk|Great Tusk|51\/100\n|move|p1a: Arcanine|Flare Blitz|p2a: Great Tusk\n|-damage|p2a: Great Tusk|24\/100\n|\n|upkeep\n|turn|23\n|\n|t:|1700558341\n|-end|p2a: Great Tusk|Protosynthesis|[silent]\n|switch|p2a: Dondozo|Dondozo, M|61\/100\n|move|p1a: Arcanine|Flare Blitz|p2a: Dondozo\n|-resisted|p2a: Dondozo\n|-damage|p2a: Dondozo|48\/100\n|\n|upkeep\n|turn|24\n|\n|t:|1700558348\n|switch|p1a: Ogerpon|Ogerpon-Wellspring, F|100\/100\n|move|p2a: Dondozo|Yawn|p1a: Ogerpon\n|-start|p1a: Ogerpon|move: Yawn|[of] p2a: Dondozo\n|\n|upkeep\n|turn|25\n|\n|t:|1700558356\n|switch|p1a: Corviknight|Corviknight, M, shiny|62\/100 par\n|-ability|p1a: Corviknight|Pressure\n|move|p2a: Dondozo|Rest|p2a: Dondozo\n|-status|p2a: Dondozo|slp|[from] move: Rest\n|-heal|p2a: Dondozo|100\/100 slp|[silent]\n|\n|upkeep\n|turn|26\n|\n|t:|1700558365\n|switch|p1a: Ogerpon|Ogerpon-Wellspring, F|100\/100\n|cant|p2a: Dondozo|slp\n|move|p2a: Dondozo|Sleep Talk|p2a: Dondozo\n|move|p2a: Dondozo|Rest||[from]move: Sleep Talk|[still]\n|-fail|p2a: Dondozo\n|\n|upkeep\n|turn|27\n|\n|t:|1700558370\n|move|p1a: Ogerpon|Encore||[still]\n|-fail|p1a: Ogerpon\n|cant|p2a: Dondozo|slp\n|move|p2a: Dondozo|Sleep Talk|p2a: Dondozo\n|move|p2a: Dondozo|Yawn|p1a: Ogerpon|[from]move: Sleep Talk\n|-start|p1a: Ogerpon|move: Yawn|[of] p2a: Dondozo\n|\n|upkeep\n|turn|28\n|\n|t:|1700558377\n|switch|p1a: Corviknight|Corviknight, M, shiny|62\/100 par\n|-ability|p1a: Corviknight|Pressure\n|switch|p2a: Clefable|Clefable, M|100\/100\n|\n|upkeep\n|turn|29\n|\n|t:|1700558383\n|switch|p1a: Ogerpon|Ogerpon-Wellspring, F|100\/100\n|move|p2a: Clefable|Wish|p2a: Clefable\n|\n|upkeep\n|turn|30\n|\n|t:|1700558388\n|move|p1a: Ogerpon|Swords Dance|p1a: Ogerpon\n|-boost|p1a: Ogerpon|atk|2\n|move|p2a: Clefable|Thunder Wave|p1a: Ogerpon\n|-status|p1a: Ogerpon|par\n|\n|upkeep\n|turn|31\n|\n|t:|1700558398\n|switch|p2a: Dondozo|Dondozo, M|100\/100 slp\n|move|p1a: Ogerpon|Encore||[still]\n|-fail|p1a: Ogerpon\n|\n|upkeep\n|turn|32\n|\n|t:|1700558404\n|move|p1a: Ogerpon|Trailblaze|p2a: Dondozo\n|-supereffective|p2a: Dondozo\n|-damage|p2a: Dondozo|73\/100 slp\n|-boost|p1a: Ogerpon|spe|1\n|-curestatus|p2a: Dondozo|slp|[msg]\n|move|p2a: Dondozo|Sleep Talk||[still]\n|-fail|p2a: Dondozo\n|\n|upkeep\n|turn|33\n|\n|t:|1700558418\n|switch|p2a: Gholdengo|Gholdengo|97\/100\n|cant|p1a: Ogerpon|par\n|\n|upkeep\n|turn|34\n|\n|t:|1700558427\n|switch|p1a: Corviknight|Corviknight, M, shiny|62\/100 par\n|-ability|p1a: Corviknight|Pressure\n|move|p2a: Gholdengo|Shadow Ball|p1a: Corviknight\n|-damage|p1a: Corviknight|26\/100 par\n|\n|upkeep\n|turn|35\n|\n|t:|1700558440\n|switch|p1a: Landorus|Landorus-Therian, M|10\/100\n|-ability|p1a: Landorus|Intimidate|boost\n|-unboost|p2a: Gholdengo|atk|1\n|move|p2a: Gholdengo|Shadow Ball|p1a: Landorus\n|-damage|p1a: Landorus|0 fnt\n|faint|p1a: Landorus\n|\n|upkeep\n|\n|t:|1700558448\n|switch|p1a: Arcanine|Arcanine-Hisui, M, shiny|100\/100\n|turn|36\n|\n|t:|1700558457\n|switch|p2a: Great Tusk|Great Tusk|24\/100\n|move|p1a: Arcanine|Head Smash|p2a: Great Tusk\n|-resisted|p2a: Great Tusk\n|-damage|p2a: Great Tusk|15\/100\n|\n|upkeep\n|turn|37\n|\n|t:|1700558464\n|switch|p1a: Corviknight|Corviknight, M, shiny|26\/100 par\n|-ability|p1a: Corviknight|Pressure\n|-end|p2a: Great Tusk|Protosynthesis|[silent]\n|switch|p2a: Clefable|Clefable, M|100\/100\n|\n|upkeep\n|turn|38\n|\n|t:|1700558474\n|switch|p1a: Ogerpon|Ogerpon-Wellspring, F|100\/100 par\n|move|p2a: Clefable|Wish|p2a: Clefable\n|\n|upkeep\n|turn|39\n|\n|t:|1700558479\n|move|p1a: Ogerpon|Swords Dance|p1a: Ogerpon\n|-boost|p1a: Ogerpon|atk|2\n|move|p2a: Clefable|Moonblast|p1a: Ogerpon\n|-damage|p1a: Ogerpon|63\/100 par\n|\n|upkeep\n|turn|40\n|\n|t:|1700558495\n|switch|p2a: Great Tusk|Great Tusk|15\/100\n|move|p1a: Ogerpon|Ivy Cudgel|p2a: Great Tusk|[anim] Ivy Cudgel Water\n|-supereffective|p2a: Great Tusk\n|-crit|p2a: Great Tusk\n|-damage|p2a: Great Tusk|0 fnt\n|faint|p2a: Great Tusk\n|-end|p2a: Great Tusk|Protosynthesis|[silent]\n|\n|upkeep\n|\n|t:|1700558502\n|switch|p2a: Greninja|Greninja, M|100\/100\n|turn|41\n|\n|t:|1700558516\n|-terastallize|p1a: Ogerpon|Water\n|detailschange|p1a: Ogerpon|Ogerpon-Wellspring-Tera, F, tera:Water\n|-ability|p1a: Ogerpon|Embody Aspect (Wellspring)|boost\n|-boost|p1a: Ogerpon|spd|1\n|move|p2a: Greninja|Dark Pulse|p1a: Ogerpon\n|-damage|p1a: Ogerpon|37\/100 par\n|cant|p1a: Ogerpon|par\n|\n|upkeep\n|turn|42\n|\n|t:|1700558525\n|move|p2a: Greninja|Dark Pulse|p1a: Ogerpon\n|-damage|p1a: Ogerpon|7\/100 par\n|move|p1a: Ogerpon|Trailblaze|p2a: Greninja\n|-supereffective|p2a: Greninja\n|-damage|p2a: Greninja|0 fnt\n|-boost|p1a: Ogerpon|spe|1\n|faint|p2a: Greninja\n|\n|upkeep\n|\n|t:|1700558538\n|switch|p2a: Dondozo|Dondozo, M|73\/100\n|turn|43\n|\n|t:|1700558543\n|cant|p1a: Ogerpon|par\n|move|p2a: Dondozo|Liquidation|p1a: Ogerpon\n|-resisted|p1a: Ogerpon\n|-damage|p1a: Ogerpon|0 fnt\n|faint|p1a: Ogerpon\n|\n|upkeep\n|\n|t:|1700558550\n|switch|p1a: Thundurus|Thundurus-Therian, M, shiny|100\/100\n|turn|44\n|\n|t:|1700558555\n|switch|p2a: Clefable|Clefable, M|100\/100\n|move|p1a: Thundurus|Nasty Plot|p1a: Thundurus\n|-boost|p1a: Thundurus|spa|2\n|\n|upkeep\n|turn|45\n|\n|t:|1700558559\n|move|p1a: Thundurus|Thunderbolt|p2a: Clefable\n|-damage|p2a: Clefable|37\/100\n|move|p2a: Clefable|Thunder Wave|p1a: Thundurus\n|-immune|p1a: Thundurus|[from] ability: Volt Absorb\n|\n|-heal|p2a: Clefable|43\/100|[from] item: Leftovers\n|upkeep\n|turn|46\n|\n|t:|1700558565\n|move|p1a: Thundurus|Thunderbolt|p2a: Clefable\n|-damage|p2a: Clefable|0 fnt\n|faint|p2a: Clefable\n|\n|upkeep\n|\n|t:|1700558571\n|switch|p2a: Gholdengo|Gholdengo|97\/100\n|turn|47\n|\n|t:|1700558576\n|move|p1a: Thundurus|Thunderbolt|p2a: Gholdengo\n|-damage|p2a: Gholdengo|7\/100\n|move|p2a: Gholdengo|Shadow Ball|p1a: Thundurus\n|-damage|p1a: Thundurus|45\/100\n|\n|upkeep\n|turn|48\n|\n|t:|1700558582\n|move|p1a: Thundurus|Thunderbolt|p2a: Gholdengo\n|-damage|p2a: Gholdengo|0 fnt\n|faint|p2a: Gholdengo\n|\n|upkeep\n|\n|t:|1700558585\n|switch|p2a: Iron Valiant|Iron Valiant|100\/100\n|-enditem|p2a: Iron Valiant|Booster Energy\n|-activate|p2a: Iron Valiant|ability: Quark Drive|[fromitem]\n|-start|p2a: Iron Valiant|quarkdrivespe\n|turn|49\n|\n|t:|1700558594\n|switch|p1a: Corviknight|Corviknight, M, shiny|26\/100 par\n|-ability|p1a: Corviknight|Pressure\n|move|p2a: Iron Valiant|Knock Off|p1a: Corviknight\n|-damage|p1a: Corviknight|7\/100 par\n|-damage|p2a: Iron Valiant|84\/100|[from] item: Rocky Helmet|[of] p1a: Corviknight\n|-enditem|p1a: Corviknight|Rocky Helmet|[from] move: Knock Off|[of] p2a: Iron Valiant\n|\n|upkeep\n|turn|50\n|\n|t:|1700558603\n|-terastallize|p2a: Iron Valiant|Steel\n|move|p2a: Iron Valiant|Swords Dance|p2a: Iron Valiant\n|-boost|p2a: Iron Valiant|atk|2\n|move|p1a: Corviknight|Roost|p1a: Corviknight\n|-heal|p1a: Corviknight|57\/100 par\n|-singleturn|p1a: Corviknight|move: Roost\n|\n|upkeep\n|turn|51\n|\n|t:|1700558617\n|move|p2a: Iron Valiant|Encore|p1a: Corviknight\n|-start|p1a: Corviknight|Encore\n|cant|p1a: Corviknight|par\n|\n|upkeep\n|turn|52\n|\n|t:|1700558630\n|switch|p1a: Garchomp|Garchomp, F, shiny|100\/100\n|move|p2a: Iron Valiant|Swords Dance|p2a: Iron Valiant\n|-boost|p2a: Iron Valiant|atk|2\n|\n|upkeep\n|turn|53\n|\n|t:|1700558637\n|move|p2a: Iron Valiant|Close Combat|p1a: Garchomp\n|-damage|p1a: Garchomp|0 fnt\n|-unboost|p2a: Iron Valiant|def|1\n|-unboost|p2a: Iron Valiant|spd|1\n|-damage|p2a: Iron Valiant|72\/100|[from] ability: Rough Skin|[of] p1a: Garchomp\n|faint|p1a: Garchomp\n|\n|upkeep\n|\n|t:|1700558642\n|switch|p1a: Corviknight|Corviknight, M, shiny|57\/100 par\n|-ability|p1a: Corviknight|Pressure\n|turn|54\n|\n|t:|1700558646\n|move|p2a: Iron Valiant|Close Combat|p1a: Corviknight\n|-damage|p1a: Corviknight|0 fnt\n|-unboost|p2a: Iron Valiant|def|1\n|-unboost|p2a: Iron Valiant|spd|1\n|faint|p1a: Corviknight\n|\n|upkeep\n|-message|Ronzi0 forfeited.\n|\n|win|prevoid\n|raw|Ronzi0's rating: 1443 &rarr; <strong>1417<\/strong><br \/>(-26 for losing)\n|raw|prevoid's rating: 1343 &rarr; <strong>1369<\/strong><br \/>(+26 for winning)\n|l|\u2606Ronzi0\n","uploadtime":1700558656,"views":11,"p1id":"ronzi0","p2id":"prevoid","formatid":"gen9ou","rating":1369,"private":0,"password":""}