{"id":"gen9ou-1994084071","p1":"koodagameplay","p2":"landorus-therian69","format":"[Gen 9] OU","log":"|j|\u2606koodagameplay\n|j|\u2606landorus-therian69\n|t:|1700404795\n|gametype|singles\n|player|p1|koodagameplay|pokemonbreederf-gen4|1048\n|player|p2|landorus-therian69|lance|1014\n|teamsize|p1|6\n|teamsize|p2|6\n|gen|9\n|tier|[Gen 9] OU\n|rated|\n|rule|Sleep Clause Mod: Limit one foe put to sleep\n|rule|Species Clause: Limit one of each Pok\u00e9mon\n|rule|OHKO Clause: OHKO moves are banned\n|rule|Evasion Items Clause: Evasion items are banned\n|rule|Evasion Moves Clause: Evasion moves are banned\n|rule|Endless Battle Clause: Forcing endless battles is banned\n|rule|HP Percentage Mod: HP is shown in percentages\n|clearpoke\n|poke|p1|Ribombee, F|\n|poke|p1|Azelf|\n|poke|p1|Scyther, M|\n|poke|p1|Kingambit, M|\n|poke|p1|Tornadus-Therian, M|\n|poke|p1|Quaquaval, M|\n|poke|p2|Landorus-Therian, M|\n|poke|p2|Hatterene, F|\n|poke|p2|Manaphy|\n|poke|p2|Ribombee, F|\n|poke|p2|Zapdos|\n|poke|p2|Kingambit, M|\n|teampreview\n|inactive|Battle timer is ON: inactive players will automatically lose when time's up. (requested by koodagameplay)\n|\n|t:|1700404801\n|start\n|switch|p1a: Azelf|Azelf|100\/100\n|switch|p2a: good bug|Ribombee, F, shiny|100\/100\n|turn|1\n|\n|t:|1700404817\n|switch|p2a: Supreme Overlord|Kingambit, M|100\/100\n|move|p1a: Azelf|Taunt|p2a: Supreme Overlord\n|-start|p2a: Supreme Overlord|move: Taunt\n|\n|upkeep\n|turn|2\n|\n|t:|1700404827\n|move|p1a: Azelf|Stealth Rock|p2a: Supreme Overlord\n|-sidestart|p2: landorus-therian69|move: Stealth Rock\n|move|p2a: Supreme Overlord|Kowtow Cleave|p1a: Azelf\n|-supereffective|p1a: Azelf\n|-enditem|p1a: Azelf|Focus Sash\n|-damage|p1a: Azelf|1\/100\n|\n|upkeep\n|turn|3\n|\n|t:|1700404834\n|move|p1a: Azelf|Explosion|p2a: Supreme Overlord\n|-resisted|p2a: Supreme Overlord\n|-damage|p2a: Supreme Overlord|64\/100\n|faint|p1a: Azelf\n|move|p2a: Supreme Overlord|Kowtow Cleave|p1: Azelf|[notarget]\n|-fail|p2a: Supreme Overlord\n|\n|-end|p2a: Supreme Overlord|move: Taunt\n|upkeep\n|\n|t:|1700404842\n|switch|p1a: Ribombee|Ribombee, F, shiny|100\/100\n|turn|4\n|\n|t:|1700404859\n|-end|p2a: Supreme Overlord|fallenundefined|[silent]\n|switch|p2a: Hat|Hatterene, F|100\/100\n|-damage|p2a: Hat|88\/100|[from] Stealth Rock\n|move|p1a: Ribombee|Sticky Web|p2a: Hat\n|move|p2a: Hat|Sticky Web|p1a: Ribombee|[from]ability: Magic Bounce\n|-sidestart|p1: koodagameplay|move: Sticky Web\n|\n|-heal|p2a: Hat|94\/100|[from] item: Leftovers\n|upkeep\n|turn|5\n|\n|t:|1700404875\n|switch|p1a: Quaquaval|Quaquaval, M|100\/100\n|-activate|p1a: Quaquaval|move: Sticky Web\n|-unboost|p1a: Quaquaval|spe|1\n|move|p2a: Hat|Stored Power|p1a: Quaquaval\n|-supereffective|p1a: Quaquaval\n|-damage|p1a: Quaquaval|73\/100\n|\n|-heal|p2a: Hat|99\/100|[from] item: Leftovers\n|upkeep\n|turn|6\n|\n|t:|1700404883\n|move|p1a: Quaquaval|Rapid Spin|p2a: Hat\n|-damage|p2a: Hat|84\/100\n|-boost|p1a: Quaquaval|spe|1\n|-sideend|p1: koodagameplay|Sticky Web|[from] move: Rapid Spin|[of] p1a: Quaquaval\n|move|p2a: Hat|Calm Mind|p2a: Hat\n|-boost|p2a: Hat|spa|1\n|-boost|p2a: Hat|spd|1\n|\n|-heal|p2a: Hat|89\/100|[from] item: Leftovers\n|upkeep\n|turn|7\n|\n|t:|1700404894\n|switch|p1a: Kingambit|Kingambit, M|100\/100\n|-activate|p1a: Kingambit|ability: Supreme Overlord\n|-start|p1a: Kingambit|fallen1|[silent]\n|move|p2a: Hat|Calm Mind|p2a: Hat\n|-boost|p2a: Hat|spa|1\n|-boost|p2a: Hat|spd|1\n|\n|-heal|p2a: Hat|95\/100|[from] item: Leftovers\n|upkeep\n|turn|8\n|\n|t:|1700404904\n|move|p1a: Kingambit|Iron Head|p2a: Hat\n|-supereffective|p2a: Hat\n|-damage|p2a: Hat|23\/100\n|move|p2a: Hat|Stored Power|p1a: Kingambit\n|-immune|p1a: Kingambit\n|\n|-heal|p2a: Hat|29\/100|[from] item: Leftovers\n|upkeep\n|turn|9\n|\n|t:|1700404914\n|switch|p2a: Land|Landorus-Therian, M|100\/100\n|-damage|p2a: Land|88\/100|[from] Stealth Rock\n|-ability|p2a: Land|Intimidate|boost\n|-unboost|p1a: Kingambit|atk|1\n|move|p1a: Kingambit|Swords Dance|p1a: Kingambit\n|-boost|p1a: Kingambit|atk|2\n|\n|upkeep\n|turn|10\n|\n|t:|1700404924\n|move|p1a: Kingambit|Sucker Punch||[still]\n|-fail|p1a: Kingambit\n|move|p2a: Land|Taunt|p1a: Kingambit\n|-start|p1a: Kingambit|move: Taunt\n|\n|upkeep\n|turn|11\n|\n|t:|1700404931\n|move|p1a: Kingambit|Sucker Punch||[still]\n|-fail|p1a: Kingambit\n|move|p2a: Land|Stealth Rock|p1a: Kingambit\n|-sidestart|p1: koodagameplay|move: Stealth Rock\n|\n|upkeep\n|turn|12\n|\n|t:|1700404938\n|move|p2a: Land|Earthquake|p1a: Kingambit\n|-supereffective|p1a: Kingambit\n|-damage|p1a: Kingambit|14\/100\n|move|p1a: Kingambit|Iron Head|p2a: Land\n|-damage|p2a: Land|36\/100\n|-damage|p1a: Kingambit|0 fnt|[from] item: Rocky Helmet|[of] p2a: Land\n|faint|p1a: Kingambit\n|-end|p1a: Kingambit|fallen1|[silent]\n|\n|upkeep\n|\n|t:|1700404946\n|switch|p1a: Quaquaval|Quaquaval, M|73\/100\n|-damage|p1a: Quaquaval|67\/100|[from] Stealth Rock\n|turn|13\n|\n|t:|1700404954\n|switch|p2a: birb|Zapdos|100\/100\n|move|p1a: Quaquaval|Rapid Spin|p2a: birb\n|-damage|p2a: birb|77\/100\n|-boost|p1a: Quaquaval|spe|1\n|-sideend|p1: koodagameplay|Stealth Rock|[from] move: Rapid Spin|[of] p1a: Quaquaval\n|\n|upkeep\n|turn|14\n|\n|t:|1700404967\n|switch|p1a: Ribombee|Ribombee, F, shiny|100\/100\n|move|p2a: birb|Thunderbolt|p1a: Ribombee\n|-damage|p1a: Ribombee|24\/100\n|\n|upkeep\n|turn|15\n|\n|t:|1700404978\n|move|p1a: Ribombee|Sticky Web|p2a: birb\n|-sidestart|p2: landorus-therian69|move: Sticky Web\n|move|p2a: birb|Thunderbolt|p1a: Ribombee\n|-damage|p1a: Ribombee|0 fnt\n|faint|p1a: Ribombee\n|\n|upkeep\n|\n|t:|1700404984\n|switch|p1a: Quaquaval|Quaquaval, M|67\/100\n|turn|16\n|\n|t:|1700404989\n|-terastallize|p1a: Quaquaval|Water\n|move|p1a: Quaquaval|Aqua Step|p2a: birb\n|-damage|p2a: birb|3\/100\n|-boost|p1a: Quaquaval|spe|1\n|move|p2a: birb|Thunderbolt|p1a: Quaquaval\n|-supereffective|p1a: Quaquaval\n|-damage|p1a: Quaquaval|0 fnt\n|faint|p1a: Quaquaval\n|\n|upkeep\n|\n|t:|1700405000\n|switch|p1a: Scyther|Scyther, M|100\/100\n|turn|17\n|\n|t:|1700405003\n|move|p1a: Scyther|Dual Wingbeat|p2a: birb\n|-resisted|p2a: birb\n|-damage|p2a: birb|0 fnt\n|faint|p2a: birb\n|-hitcount|p2: birb|1\n|\n|upkeep\n|\n|t:|1700405012\n|switch|p2a: good bug|Ribombee, F, shiny|100\/100\n|-damage|p2a: good bug|76\/100|[from] Stealth Rock\n|-activate|p2a: good bug|move: Sticky Web\n|-unboost|p2a: good bug|spe|1\n|turn|18\n|\n|t:|1700405017\n|move|p1a: Scyther|Dual Wingbeat|p2a: good bug|[miss]\n|-miss|p1a: Scyther|p2a: good bug\n|move|p2a: good bug|Sticky Web|p1a: Scyther\n|-sidestart|p1: koodagameplay|move: Sticky Web\n|\n|upkeep\n|turn|19\n|\n|t:|1700405024\n|move|p1a: Scyther|Dual Wingbeat|p2a: good bug\n|-supereffective|p2a: good bug\n|-damage|p2a: good bug|0 fnt\n|faint|p2a: good bug\n|-hitcount|p2: good bug|1\n|\n|upkeep\n|\n|t:|1700405031\n|switch|p2a: Hat|Hatterene, F|29\/100\n|-damage|p2a: Hat|17\/100|[from] Stealth Rock\n|-activate|p2a: Hat|move: Sticky Web\n|-unboost|p2a: Hat|spe|1\n|turn|20\n|\n|t:|1700405040\n|move|p1a: Scyther|Dual Wingbeat|p2a: Hat\n|-damage|p2a: Hat|0 fnt\n|faint|p2a: Hat\n|-hitcount|p2: Hat|1\n|\n|upkeep\n|\n|t:|1700405045\n|switch|p2a: Better Phione|Manaphy, shiny|100\/100\n|-damage|p2a: Better Phione|88\/100|[from] Stealth Rock\n|-activate|p2a: Better Phione|move: Sticky Web\n|-unboost|p2a: Better Phione|spe|1\n|turn|21\n|\n|t:|1700405056\n|move|p1a: Scyther|Dual Wingbeat|p2a: Better Phione\n|-damage|p2a: Better Phione|57\/100\n|-damage|p2a: Better Phione|28\/100\n|-hitcount|p2a: Better Phione|2\n|move|p2a: Better Phione|Tail Glow|p2a: Better Phione\n|-boost|p2a: Better Phione|spa|3\n|\n|-heal|p2a: Better Phione|35\/100|[from] item: Leftovers\n|upkeep\n|turn|22\n|\n|t:|1700405065\n|move|p1a: Scyther|Dual Wingbeat|p2a: Better Phione\n|-damage|p2a: Better Phione|5\/100\n|-damage|p2a: Better Phione|0 fnt\n|faint|p2a: Better Phione\n|-hitcount|p2: Better Phione|2\n|\n|upkeep\n|\n|t:|1700405071\n|switch|p2a: Land|Landorus-Therian, M|36\/100\n|-damage|p2a: Land|24\/100|[from] Stealth Rock\n|-ability|p2a: Land|Intimidate|boost\n|-unboost|p1a: Scyther|atk|1\n|turn|23\n|\n|t:|1700405077\n|move|p1a: Scyther|Dual Wingbeat|p2a: Land\n|-damage|p2a: Land|8\/100\n|-damage|p1a: Scyther|84\/100|[from] item: Rocky Helmet|[of] p2a: Land\n|-damage|p2a: Land|0 fnt\n|-damage|p1a: Scyther|67\/100|[from] item: Rocky Helmet|[of] p2a: Land\n|faint|p2a: Land\n|-hitcount|p2: Land|2\n|\n|upkeep\n|\n|t:|1700405085\n|switch|p2a: Supreme Overlord|Kingambit, M|64\/100\n|-damage|p2a: Supreme Overlord|57\/100|[from] Stealth Rock\n|-activate|p2a: Supreme Overlord|move: Sticky Web\n|-unboost|p2a: Supreme Overlord|spe|1\n|-activate|p2a: Supreme Overlord|ability: Supreme Overlord\n|-start|p2a: Supreme Overlord|fallen5|[silent]\n|turn|24\n|\n|t:|1700405094\n|-terastallize|p2a: Supreme Overlord|Dark\n|move|p1a: Scyther|Dual Wingbeat|p2a: Supreme Overlord\n|-damage|p2a: Supreme Overlord|40\/100\n|-damage|p2a: Supreme Overlord|21\/100\n|-hitcount|p2a: Supreme Overlord|2\n|move|p2a: Supreme Overlord|Kowtow Cleave|p1a: Scyther\n|-damage|p1a: Scyther|0 fnt\n|faint|p1a: Scyther\n|\n|upkeep\n|\n|t:|1700405103\n|switch|p1a: Tornadus|Tornadus-Therian, M|100\/100\n|turn|25\n|\n|t:|1700405107\n|move|p1a: Tornadus|Air Slash|p2a: Supreme Overlord\n|-damage|p2a: Supreme Overlord|0 fnt\n|faint|p2a: Supreme Overlord\n|-end|p2a: Supreme Overlord|fallen5|[silent]\n|\n|win|koodagameplay\n|raw|koodagameplay's rating: 1048 &rarr; <strong>1078<\/strong><br \/>(+30 for winning)\n|raw|landorus-therian69's rating: 1014 &rarr; <strong>1003<\/strong><br \/>(-11 for losing)\n|c|\u2606koodagameplay|gg\n","uploadtime":1700405312,"views":16,"p1id":"koodagameplay","p2id":"landorustherian69","formatid":"gen9ou","rating":1003,"private":0,"password":""}