{"id":"gen9ou-1996026667","p1":"zeusdealer","p2":"Dr. Drake6782","format":"[Gen 9] OU","log":"|j|\u2606zeusdealer\n|j|\u203dDr. Drake6782\n|t:|1700631464\n|gametype|singles\n|player|p1|zeusdealer|170|1220\n|player|p2|Dr. Drake6782|hilbert-masters|1173\n|teamsize|p1|6\n|teamsize|p2|6\n|gen|9\n|tier|[Gen 9] OU\n|rated|\n|rule|Sleep Clause Mod: Limit one foe put to sleep\n|rule|Species Clause: Limit one of each Pok\u00e9mon\n|rule|OHKO Clause: OHKO moves are banned\n|rule|Evasion Items Clause: Evasion items are banned\n|rule|Evasion Moves Clause: Evasion moves are banned\n|rule|Endless Battle Clause: Forcing endless battles is banned\n|rule|HP Percentage Mod: HP is shown in percentages\n|clearpoke\n|poke|p1|Pelipper, M|\n|poke|p1|Barraskewda, F|\n|poke|p1|Great Tusk|\n|poke|p1|Amoonguss, F|\n|poke|p1|Kingambit, F|\n|poke|p1|Gengar, F|\n|poke|p2|Skeledirge, M|\n|poke|p2|Alomomola, F|\n|poke|p2|Ting-Lu|\n|poke|p2|Zapdos|\n|poke|p2|Hoopa-Unbound|\n|poke|p2|Dragapult, F|\n|teampreview\n|inactive|Battle timer is ON: inactive players will automatically lose when time's up. (requested by Dr. Drake6782)\n|\n|t:|1700631470\n|start\n|switch|p1a: Gengar|Gengar, F|100\/100\n|switch|p2a: Zapdos|Zapdos, shiny|100\/100\n|turn|1\n|\n|t:|1700631476\n|move|p1a: Gengar|Shadow Ball|p2a: Zapdos\n|-damage|p2a: Zapdos|41\/100\n|move|p2a: Zapdos|Thunder Wave|p1a: Gengar\n|-status|p1a: Gengar|par\n|\n|upkeep\n|turn|2\n|\n|t:|1700631480\n|move|p2a: Zapdos|Volt Switch|p1a: Gengar\n|-damage|p1a: Gengar|51\/100 par\n|\n|t:|1700631483\n|switch|p2a: Ting-Lu|Ting-Lu|100\/100|[from] Volt Switch\n|-ability|p2a: Ting-Lu|Vessel of Ruin\n|move|p1a: Gengar|Shadow Ball|p2a: Ting-Lu\n|-resisted|p2a: Ting-Lu\n|-damage|p2a: Ting-Lu|87\/100\n|\n|upkeep\n|turn|3\n|\n|t:|1700631488\n|switch|p1a: Pelipper|Pelipper, M, shiny|100\/100\n|-weather|RainDance|[from] ability: Drizzle|[of] p1a: Pelipper\n|move|p2a: Ting-Lu|Earthquake|p1a: Pelipper\n|-immune|p1a: Pelipper\n|\n|-weather|RainDance|[upkeep]\n|upkeep\n|turn|4\n|\n|t:|1700631493\n|move|p1a: Pelipper|Weather Ball|p2a: Ting-Lu\n|-supereffective|p2a: Ting-Lu\n|-damage|p2a: Ting-Lu|28\/100\n|move|p2a: Ting-Lu|Stealth Rock|p1a: Pelipper\n|-sidestart|p1: zeusdealer|move: Stealth Rock\n|\n|-weather|RainDance|[upkeep]\n|upkeep\n|turn|5\n|\n|t:|1700631506\n|switch|p2a: Dragapult|Dragapult, F|100\/100\n|move|p1a: Pelipper|U-turn|p2a: Dragapult\n|-resisted|p2a: Dragapult\n|-damage|p2a: Dragapult|95\/100\n|\n|t:|1700631510\n|switch|p1a: Barraskewda|Barraskewda, F|100\/100|[from] U-turn\n|-damage|p1a: Barraskewda|88\/100|[from] Stealth Rock\n|\n|-weather|RainDance|[upkeep]\n|upkeep\n|turn|6\n|inactive|zeusdealer has 120 seconds left.\n|inactive|zeusdealer has 90 seconds left.\n|\n|t:|1700631590\n|switch|p2a: Ting-Lu|Ting-Lu|28\/100\n|-ability|p2a: Ting-Lu|Vessel of Ruin\n|move|p1a: Barraskewda|Liquidation|p2a: Ting-Lu\n|-supereffective|p2a: Ting-Lu\n|-damage|p2a: Ting-Lu|0 fnt\n|faint|p2a: Ting-Lu\n|\n|-weather|RainDance|[upkeep]\n|upkeep\n|\n|t:|1700631600\n|switch|p2a: Skeledirge|Skeledirge, M|100\/100\n|turn|7\n|\n|t:|1700631603\n|-terastallize|p1a: Barraskewda|Water\n|-terastallize|p2a: Skeledirge|Fairy\n|move|p1a: Barraskewda|Liquidation|p2a: Skeledirge\n|-damage|p2a: Skeledirge|0 fnt\n|faint|p2a: Skeledirge\n|\n|-weather|RainDance|[upkeep]\n|upkeep\n|\n|t:|1700631608\n|switch|p2a: Alomomola|Alomomola, F, shiny|100\/100\n|turn|8\n|\n|t:|1700631611\n|switch|p1a: Amoonguss|Amoonguss, F|100\/100\n|-damage|p1a: Amoonguss|88\/100|[from] Stealth Rock\n|move|p2a: Alomomola|Scald|p1a: Amoonguss\n|-resisted|p1a: Amoonguss\n|-damage|p1a: Amoonguss|80\/100\n|\n|-weather|RainDance|[upkeep]\n|-heal|p1a: Amoonguss|86\/100|[from] item: Black Sludge\n|upkeep\n|turn|9\n|\n|t:|1700631613\n|move|p2a: Alomomola|Flip Turn|p1a: Amoonguss\n|-resisted|p1a: Amoonguss\n|-damage|p1a: Amoonguss|74\/100\n|\n|t:|1700631615\n|switch|p2a: Hoopa|Hoopa-Unbound|100\/100|[from] Flip Turn\n|move|p1a: Amoonguss|Spore|p2a: Hoopa\n|-status|p2a: Hoopa|slp|[from] move: Spore\n|\n|-weather|RainDance|[upkeep]\n|-heal|p1a: Amoonguss|80\/100|[from] item: Black Sludge\n|upkeep\n|turn|10\n|\n|t:|1700631621\n|switch|p1a: Barraskewda|Barraskewda, F, tera:Water|88\/100\n|-damage|p1a: Barraskewda|75\/100|[from] Stealth Rock\n|cant|p2a: Hoopa|slp\n|\n|-weather|none\n|upkeep\n|turn|11\n|\n|t:|1700631627\n|switch|p2a: Alomomola|Alomomola, F, shiny|100\/100\n|move|p1a: Barraskewda|Liquidation|p2a: Alomomola\n|-resisted|p2a: Alomomola\n|-damage|p2a: Alomomola|70\/100\n|\n|upkeep\n|turn|12\n|\n|t:|1700631631\n|switch|p1a: Amoonguss|Amoonguss, F|100\/100\n|-damage|p1a: Amoonguss|88\/100|[from] Stealth Rock\n|move|p2a: Alomomola|Flip Turn|p1a: Amoonguss\n|-resisted|p1a: Amoonguss\n|-damage|p1a: Amoonguss|81\/100\n|\n|t:|1700631634\n|switch|p2a: Hoopa|Hoopa-Unbound|100\/100 slp|[from] Flip Turn\n|\n|-heal|p1a: Amoonguss|87\/100|[from] item: Black Sludge\n|upkeep\n|turn|13\n|\n|t:|1700631639\n|cant|p2a: Hoopa|slp\n|move|p1a: Amoonguss|Foul Play|p2a: Hoopa\n|-damage|p2a: Hoopa|70\/100 slp\n|\n|-heal|p1a: Amoonguss|93\/100|[from] item: Black Sludge\n|upkeep\n|turn|14\n|\n|t:|1700631642\n|cant|p2a: Hoopa|slp\n|move|p1a: Amoonguss|Foul Play|p2a: Hoopa\n|-damage|p2a: Hoopa|35\/100 slp\n|\n|-heal|p1a: Amoonguss|99\/100|[from] item: Black Sludge\n|upkeep\n|turn|15\n|\n|t:|1700631645\n|-curestatus|p2a: Hoopa|slp|[msg]\n|move|p2a: Hoopa|Psychic|p1a: Amoonguss\n|-supereffective|p1a: Amoonguss\n|-damage|p1a: Amoonguss|30\/100\n|move|p1a: Amoonguss|Foul Play|p2a: Hoopa\n|-damage|p2a: Hoopa|5\/100\n|\n|-heal|p1a: Amoonguss|36\/100|[from] item: Black Sludge\n|upkeep\n|turn|16\n|\n|t:|1700631650\n|move|p2a: Hoopa|Psychic|p1a: Amoonguss\n|-supereffective|p1a: Amoonguss\n|-damage|p1a: Amoonguss|0 fnt\n|faint|p1a: Amoonguss\n|\n|upkeep\n|\n|t:|1700631653\n|switch|p1a: Barraskewda|Barraskewda, F, tera:Water|75\/100\n|-damage|p1a: Barraskewda|63\/100|[from] Stealth Rock\n|turn|17\n|\n|t:|1700631656\n|switch|p2a: Alomomola|Alomomola, F, shiny|100\/100\n|move|p1a: Barraskewda|Flip Turn|p2a: Alomomola\n|-resisted|p2a: Alomomola\n|-damage|p2a: Alomomola|82\/100\n|\n|t:|1700631663\n|switch|p1a: Gengar|Gengar, F|51\/100 par|[from] Flip Turn\n|-damage|p1a: Gengar|38\/100 par|[from] Stealth Rock\n|\n|upkeep\n|turn|18\n|\n|t:|1700631667\n|move|p1a: Gengar|Shadow Ball|p2a: Alomomola\n|-damage|p2a: Alomomola|28\/100\n|move|p2a: Alomomola|Flip Turn|p1a: Gengar\n|-damage|p1a: Gengar|7\/100 par\n|-start|p2a: Alomomola|Disable|Flip Turn|[from] ability: Cursed Body|[of] p1a: Gengar\n|\n|t:|1700631673\n|switch|p2a: Zapdos|Zapdos, shiny|41\/100|[from] Flip Turn\n|\n|upkeep\n|turn|19\n|\n|t:|1700631677\n|move|p2a: Zapdos|Volt Switch|p1a: Gengar\n|-damage|p1a: Gengar|0 fnt\n|faint|p1a: Gengar\n|\n|t:|1700631679\n|switch|p2a: Alomomola|Alomomola, F, shiny|62\/100|[from] Volt Switch\n|\n|upkeep\n|\n|t:|1700631682\n|switch|p1a: Pelipper|Pelipper, M, shiny|100\/100\n|-damage|p1a: Pelipper|75\/100|[from] Stealth Rock\n|-weather|RainDance|[from] ability: Drizzle|[of] p1a: Pelipper\n|turn|20\n|\n|t:|1700631684\n|move|p1a: Pelipper|Hurricane|p2a: Alomomola\n|-damage|p2a: Alomomola|19\/100\n|move|p2a: Alomomola|Wish|p2a: Alomomola\n|\n|-weather|RainDance|[upkeep]\n|upkeep\n|turn|21\n|\n|t:|1700631688\n|move|p2a: Alomomola|Protect|p2a: Alomomola\n|-singleturn|p2a: Alomomola|Protect\n|move|p1a: Pelipper|Hurricane|p2a: Alomomola\n|-activate|p2a: Alomomola|move: Protect\n|\n|-weather|RainDance|[upkeep]\n|-heal|p2a: Alomomola|69\/100|[from] move: Wish|[wisher] Alomomola\n|upkeep\n|turn|22\n|\n|t:|1700631691\n|switch|p2a: Zapdos|Zapdos, shiny|41\/100\n|move|p1a: Pelipper|Hurricane|p2a: Zapdos\n|-resisted|p2a: Zapdos\n|-damage|p2a: Zapdos|18\/100\n|\n|-weather|RainDance|[upkeep]\n|upkeep\n|turn|23\n|\n|t:|1700631701\n|move|p2a: Zapdos|Volt Switch|p1a: Pelipper\n|-supereffective|p1a: Pelipper\n|-damage|p1a: Pelipper|0 fnt\n|faint|p1a: Pelipper\n|\n|t:|1700631706\n|switch|p2a: Alomomola|Alomomola, F, shiny|100\/100|[from] Volt Switch\n|\n|-weather|RainDance|[upkeep]\n|upkeep\n|\n|t:|1700631711\n|switch|p1a: Barraskewda|Barraskewda, F, tera:Water|63\/100\n|-damage|p1a: Barraskewda|50\/100|[from] Stealth Rock\n|turn|24\n|\n|t:|1700631716\n|move|p1a: Barraskewda|Close Combat|p2a: Alomomola\n|-damage|p2a: Alomomola|57\/100\n|-unboost|p1a: Barraskewda|def|1\n|-unboost|p1a: Barraskewda|spd|1\n|move|p2a: Alomomola|Scald|p1a: Barraskewda\n|-resisted|p1a: Barraskewda\n|-damage|p1a: Barraskewda|15\/100\n|-status|p1a: Barraskewda|brn\n|\n|-weather|RainDance|[upkeep]\n|-damage|p1a: Barraskewda|9\/100 brn|[from] brn\n|upkeep\n|turn|25\n|\n|t:|1700631722\n|switch|p1a: Great Tusk|Great Tusk|100\/100\n|-damage|p1a: Great Tusk|97\/100|[from] Stealth Rock\n|move|p2a: Alomomola|Flip Turn|p1a: Great Tusk\n|-supereffective|p1a: Great Tusk\n|-damage|p1a: Great Tusk|72\/100\n|-damage|p2a: Alomomola|41\/100|[from] item: Rocky Helmet|[of] p1a: Great Tusk\n|\n|t:|1700631726\n|switch|p2a: Zapdos|Zapdos, shiny|18\/100|[from] Flip Turn\n|\n|-weather|RainDance|[upkeep]\n|upkeep\n|turn|26\n|\n|t:|1700631730\n|move|p2a: Zapdos|Hurricane|p1a: Great Tusk\n|-supereffective|p1a: Great Tusk\n|-damage|p1a: Great Tusk|0 fnt\n|faint|p1a: Great Tusk\n|-end|p1a: Great Tusk|Protosynthesis|[silent]\n|\n|-weather|RainDance|[upkeep]\n|upkeep\n|\n|t:|1700631733\n|switch|p1a: Barraskewda|Barraskewda, F, tera:Water|9\/100 brn\n|-damage|p1a: Barraskewda|0 fnt|[from] Stealth Rock\n|faint|p1a: Barraskewda\n|\n|t:|1700631734\n|switch|p1a: Kingambit|Kingambit, F|100\/100\n|-damage|p1a: Kingambit|94\/100|[from] Stealth Rock\n|-activate|p1a: Kingambit|ability: Supreme Overlord\n|-start|p1a: Kingambit|fallen5|[silent]\n|turn|27\n|\n|t:|1700631742\n|move|p2a: Zapdos|Thunder Wave|p1a: Kingambit\n|-status|p1a: Kingambit|par\n|move|p1a: Kingambit|Swords Dance|p1a: Kingambit\n|-boost|p1a: Kingambit|atk|2\n|\n|-weather|none\n|-heal|p1a: Kingambit|100\/100 par|[from] item: Leftovers\n|upkeep\n|turn|28\n|\n|t:|1700631747\n|cant|p1a: Kingambit|par\n|move|p2a: Zapdos|Volt Switch|p1a: Kingambit\n|-damage|p1a: Kingambit|69\/100 par\n|\n|t:|1700631759\n|switch|p2a: Hoopa|Hoopa-Unbound|5\/100|[from] Volt Switch\n|\n|-heal|p1a: Kingambit|75\/100 par|[from] item: Leftovers\n|upkeep\n|turn|29\n|\n|t:|1700631762\n|move|p2a: Hoopa|Nasty Plot|p2a: Hoopa\n|-boost|p2a: Hoopa|spa|2\n|move|p1a: Kingambit|Kowtow Cleave|p2a: Hoopa\n|-damage|p2a: Hoopa|0 fnt\n|faint|p2a: Hoopa\n|\n|-heal|p1a: Kingambit|81\/100 par|[from] item: Leftovers\n|upkeep\n|\n|t:|1700631764\n|switch|p2a: Alomomola|Alomomola, F, shiny|74\/100\n|turn|30\n|\n|t:|1700631773\n|cant|p1a: Kingambit|par\n|move|p2a: Alomomola|Wish|p2a: Alomomola\n|\n|-heal|p1a: Kingambit|87\/100 par|[from] item: Leftovers\n|upkeep\n|turn|31\n|\n|t:|1700631776\n|cant|p1a: Kingambit|par\n|move|p2a: Alomomola|Scald|p1a: Kingambit\n|-damage|p1a: Kingambit|72\/100 par\n|\n|-heal|p2a: Alomomola|100\/100|[from] move: Wish|[wisher] Alomomola\n|-heal|p1a: Kingambit|78\/100 par|[from] item: Leftovers\n|upkeep\n|turn|32\n|\n|t:|1700631780\n|move|p1a: Kingambit|Sucker Punch||[still]\n|-fail|p1a: Kingambit\n|move|p2a: Alomomola|Wish|p2a: Alomomola\n|\n|-heal|p1a: Kingambit|85\/100 par|[from] item: Leftovers\n|upkeep\n|turn|33\n|\n|t:|1700631783\n|move|p2a: Alomomola|Scald|p1a: Kingambit\n|-damage|p1a: Kingambit|70\/100 par\n|cant|p1a: Kingambit|par\n|\n|-heal|p1a: Kingambit|76\/100 par|[from] item: Leftovers\n|upkeep\n|turn|34\n|\n|t:|1700631788\n|move|p2a: Alomomola|Wish|p2a: Alomomola\n|cant|p1a: Kingambit|par\n|\n|-heal|p1a: Kingambit|82\/100 par|[from] item: Leftovers\n|upkeep\n|turn|35\n|\n|t:|1700631790\n|move|p2a: Alomomola|Scald|p1a: Kingambit\n|-damage|p1a: Kingambit|69\/100 par\n|move|p1a: Kingambit|Kowtow Cleave|p2a: Alomomola\n|-damage|p2a: Alomomola|6\/100\n|\n|-heal|p2a: Alomomola|56\/100|[from] move: Wish|[wisher] Alomomola\n|-heal|p1a: Kingambit|75\/100 par|[from] item: Leftovers\n|upkeep\n|turn|36\n|\n|t:|1700631799\n|switch|p2a: Zapdos|Zapdos, shiny|18\/100\n|cant|p1a: Kingambit|par\n|\n|-heal|p1a: Kingambit|82\/100 par|[from] item: Leftovers\n|upkeep\n|turn|37\n|\n|t:|1700631803\n|move|p1a: Kingambit|Sucker Punch||[still]\n|-fail|p1a: Kingambit\n|move|p2a: Zapdos|Roost|p2a: Zapdos\n|-heal|p2a: Zapdos|68\/100\n|-singleturn|p2a: Zapdos|move: Roost\n|\n|-heal|p1a: Kingambit|88\/100 par|[from] item: Leftovers\n|upkeep\n|turn|38\n|\n|t:|1700631807\n|move|p2a: Zapdos|Volt Switch|p1a: Kingambit\n|-damage|p1a: Kingambit|58\/100 par\n|\n|t:|1700631810\n|switch|p2a: Alomomola|Alomomola, F, shiny|89\/100|[from] Volt Switch\n|move|p1a: Kingambit|Kowtow Cleave|p2a: Alomomola\n|-damage|p2a: Alomomola|0 fnt\n|faint|p2a: Alomomola\n|\n|-heal|p1a: Kingambit|64\/100 par|[from] item: Leftovers\n|upkeep\n|\n|t:|1700631811\n|switch|p2a: Zapdos|Zapdos, shiny|68\/100\n|turn|39\n|\n|t:|1700631815\n|move|p2a: Zapdos|Volt Switch|p1a: Kingambit\n|-damage|p1a: Kingambit|32\/100 par\n|\n|t:|1700631818\n|switch|p2a: Dragapult|Dragapult, F|95\/100|[from] Volt Switch\n|cant|p1a: Kingambit|par\n|\n|-heal|p1a: Kingambit|38\/100 par|[from] item: Leftovers\n|upkeep\n|turn|40\n|\n|t:|1700631826\n|switch|p2a: Zapdos|Zapdos, shiny|68\/100\n|move|p1a: Kingambit|Sucker Punch||[still]\n|-fail|p1a: Kingambit\n|\n|-heal|p1a: Kingambit|44\/100 par|[from] item: Leftovers\n|upkeep\n|turn|41\n|\n|t:|1700631831\n|move|p2a: Zapdos|Volt Switch|p1a: Kingambit\n|-damage|p1a: Kingambit|13\/100 par\n|\n|t:|1700631833\n|switch|p2a: Dragapult|Dragapult, F|95\/100|[from] Volt Switch\n|cant|p1a: Kingambit|par\n|\n|-heal|p1a: Kingambit|19\/100 par|[from] item: Leftovers\n|upkeep\n|turn|42\n|\n|t:|1700631837\n|move|p2a: Dragapult|Flamethrower|p1a: Kingambit\n|-supereffective|p1a: Kingambit\n|-damage|p1a: Kingambit|0 fnt\n|faint|p1a: Kingambit\n|-end|p1a: Kingambit|fallen5|[silent]\n|\n|win|Dr. Drake6782\n|raw|zeusdealer's rating: 1220 &rarr; <strong>1192<\/strong><br \/>(-28 for losing)\n|raw|Dr. Drake6782's rating: 1173 &rarr; <strong>1201<\/strong><br \/>(+28 for winning)\n|l|\u2606zeusdealer\n","uploadtime":1700631840,"views":0,"p1id":"zeusdealer","p2id":"drdrake6782","formatid":"gen9ou","rating":1192,"private":0,"password":""}