{"id":"gen9ou-1997757495","p1":"Justanotherlesbian","p2":"Bi11 Russell","format":"[Gen 9] OU","log":"|j|\u2606Justanotherlesbian\n|j|\u2606Bi11 Russell\n|t:|1700849451\n|gametype|singles\n|player|p1|Justanotherlesbian|170|1141\n|player|p2|Bi11 Russell|2|1254\n|teamsize|p1|6\n|teamsize|p2|6\n|gen|9\n|tier|[Gen 9] OU\n|rated|\n|rule|Sleep Clause Mod: Limit one foe put to sleep\n|rule|Species Clause: Limit one of each Pok\u00e9mon\n|rule|OHKO Clause: OHKO moves are banned\n|rule|Evasion Items Clause: Evasion items are banned\n|rule|Evasion Moves Clause: Evasion moves are banned\n|rule|Endless Battle Clause: Forcing endless battles is banned\n|rule|HP Percentage Mod: HP is shown in percentages\n|clearpoke\n|poke|p1|Mamoswine, F|\n|poke|p1|Tyranitar, F|\n|poke|p1|Corviknight, F|\n|poke|p1|Heatran, F|\n|poke|p1|Gholdengo|\n|poke|p1|Garganacl, F|\n|poke|p2|Walking Wake|\n|poke|p2|Torkoal, M|\n|poke|p2|Ribombee, F|\n|poke|p2|Lilligant-Hisui, F|\n|poke|p2|Heatran, F|\n|poke|p2|Chandelure, M|\n|teampreview\n|\n|t:|1700849466\n|start\n|switch|p1a: Tyranitar|Tyranitar, F, shiny|100\/100\n|switch|p2a: Ribombee|Ribombee, F|100\/100\n|-weather|Sandstorm|[from] ability: Sand Stream|[of] p1a: Tyranitar\n|turn|1\n|\n|t:|1700849470\n|move|p2a: Ribombee|Sticky Web|p1a: Tyranitar\n|-sidestart|p1: Justanotherlesbian|move: Sticky Web\n|move|p1a: Tyranitar|Rock Slide|p2a: Ribombee\n|-supereffective|p2a: Ribombee\n|-enditem|p2a: Ribombee|Focus Sash\n|-damage|p2a: Ribombee|1\/100\n|\n|-weather|Sandstorm|[upkeep]\n|-damage|p2a: Ribombee|0 fnt|[from] Sandstorm\n|faint|p2a: Ribombee\n|upkeep\n|\n|t:|1700849475\n|switch|p2a: Torkoal|Torkoal, M|100\/100\n|-weather|SunnyDay|[from] ability: Drought|[of] p2a: Torkoal\n|turn|2\n|\n|t:|1700849482\n|switch|p1a: Garganacl|Garganacl, F, shiny|100\/100\n|-activate|p1a: Garganacl|move: Sticky Web\n|-unboost|p1a: Garganacl|spe|1\n|move|p2a: Torkoal|Yawn|p1a: Garganacl\n|-immune|p1a: Garganacl|[from] ability: Purifying Salt\n|\n|-weather|SunnyDay|[upkeep]\n|upkeep\n|turn|3\n|\n|t:|1700849489\n|switch|p1a: Tyranitar|Tyranitar, F, shiny|100\/100\n|-activate|p1a: Tyranitar|move: Sticky Web\n|-unboost|p1a: Tyranitar|spe|1\n|-weather|Sandstorm|[from] ability: Sand Stream|[of] p1a: Tyranitar\n|move|p2a: Torkoal|Body Press|p1a: Tyranitar\n|-supereffective|p1a: Tyranitar\n|-damage|p1a: Tyranitar|0 fnt\n|faint|p1a: Tyranitar\n|\n|-weather|Sandstorm|[upkeep]\n|-damage|p2a: Torkoal|94\/100|[from] Sandstorm\n|upkeep\n|\n|t:|1700849495\n|switch|p1a: Gholdengo|Gholdengo, shiny|100\/100\n|-activate|p1a: Gholdengo|move: Sticky Web\n|-unboost|p1a: Gholdengo|spe|1\n|turn|4\n|\n|t:|1700849498\n|move|p1a: Gholdengo|Nasty Plot|p1a: Gholdengo\n|-boost|p1a: Gholdengo|spa|2\n|move|p2a: Torkoal|Stealth Rock|p1a: Gholdengo\n|-sidestart|p1: Justanotherlesbian|move: Stealth Rock\n|\n|-weather|Sandstorm|[upkeep]\n|-damage|p2a: Torkoal|88\/100|[from] Sandstorm\n|upkeep\n|turn|5\n|\n|t:|1700849504\n|switch|p2a: Heatran|Heatran, F|100\/100\n|move|p1a: Gholdengo|Shadow Ball|p2a: Heatran\n|-damage|p2a: Heatran|35\/100\n|-unboost|p2a: Heatran|spd|1\n|-damage|p1a: Gholdengo|91\/100|[from] item: Life Orb\n|\n|-weather|Sandstorm|[upkeep]\n|-heal|p2a: Heatran|42\/100|[from] item: Leftovers\n|upkeep\n|turn|6\n|\n|t:|1700849512\n|move|p2a: Heatran|Magma Storm|p1a: Gholdengo|[miss]\n|-miss|p2a: Heatran|p1a: Gholdengo\n|move|p1a: Gholdengo|Shadow Ball|p2a: Heatran\n|-damage|p2a: Heatran|0 fnt\n|faint|p2a: Heatran\n|-damage|p1a: Gholdengo|81\/100|[from] item: Life Orb\n|\n|-weather|Sandstorm|[upkeep]\n|upkeep\n|\n|t:|1700849521\n|switch|p2a: Chandelure|Chandelure, M|100\/100\n|turn|7\n|\n|t:|1700849528\n|move|p2a: Chandelure|Flamethrower|p1a: Gholdengo\n|-supereffective|p1a: Gholdengo\n|-damage|p1a: Gholdengo|0 fnt\n|faint|p1a: Gholdengo\n|\n|-weather|Sandstorm|[upkeep]\n|-damage|p2a: Chandelure|94\/100|[from] Sandstorm\n|upkeep\n|\n|t:|1700849537\n|switch|p1a: Mamoswine|Mamoswine, F, shiny|100\/100\n|-activate|p1a: Mamoswine|move: Sticky Web\n|-unboost|p1a: Mamoswine|spe|1\n|-damage|p1a: Mamoswine|88\/100|[from] Stealth Rock\n|turn|8\n|\n|t:|1700849543\n|switch|p2a: Torkoal|Torkoal, M|88\/100\n|-weather|SunnyDay|[from] ability: Drought|[of] p2a: Torkoal\n|move|p1a: Mamoswine|Rock Blast|p2a: Torkoal\n|-supereffective|p2a: Torkoal\n|-damage|p2a: Torkoal|78\/100\n|-supereffective|p2a: Torkoal\n|-damage|p2a: Torkoal|68\/100\n|-supereffective|p2a: Torkoal\n|-damage|p2a: Torkoal|57\/100\n|-supereffective|p2a: Torkoal\n|-damage|p2a: Torkoal|47\/100\n|-hitcount|p2a: Torkoal|4\n|\n|-weather|SunnyDay|[upkeep]\n|upkeep\n|turn|9\n|\n|t:|1700849555\n|move|p1a: Mamoswine|Earthquake|p2a: Torkoal\n|-supereffective|p2a: Torkoal\n|-damage|p2a: Torkoal|0 fnt\n|faint|p2a: Torkoal\n|\n|-weather|SunnyDay|[upkeep]\n|upkeep\n|\n|t:|1700849561\n|switch|p2a: Lilligant|Lilligant-Hisui, F|100\/100\n|turn|10\n|\n|t:|1700849576\n|-terastallize|p2a: Lilligant|Ghost\n|move|p2a: Lilligant|Victory Dance|p2a: Lilligant\n|-boost|p2a: Lilligant|atk|1\n|-boost|p2a: Lilligant|def|1\n|-boost|p2a: Lilligant|spe|1\n|move|p1a: Mamoswine|Icicle Spear|p2a: Lilligant\n|-damage|p2a: Lilligant|86\/100\n|-damage|p2a: Lilligant|71\/100\n|-crit|p2a: Lilligant\n|-damage|p2a: Lilligant|41\/100\n|-damage|p2a: Lilligant|27\/100\n|-damage|p2a: Lilligant|13\/100\n|-hitcount|p2a: Lilligant|5\n|\n|-weather|SunnyDay|[upkeep]\n|-heal|p2a: Lilligant|19\/100|[from] item: Leftovers\n|upkeep\n|turn|11\n|\n|t:|1700849589\n|move|p2a: Lilligant|Solar Blade||[still]\n|-prepare|p2a: Lilligant|Solar Blade\n|-anim|p2a: Lilligant|Solar Blade|p1a: Mamoswine\n|-supereffective|p1a: Mamoswine\n|-damage|p1a: Mamoswine|0 fnt\n|faint|p1a: Mamoswine\n|\n|-weather|SunnyDay|[upkeep]\n|-heal|p2a: Lilligant|25\/100|[from] item: Leftovers\n|upkeep\n|\n|t:|1700849595\n|switch|p1a: Garganacl|Garganacl, F, shiny|100\/100\n|-activate|p1a: Garganacl|move: Sticky Web\n|-unboost|p1a: Garganacl|spe|1\n|-damage|p1a: Garganacl|88\/100|[from] Stealth Rock\n|turn|12\n|\n|t:|1700849600\n|move|p2a: Lilligant|Solar Blade||[still]\n|-prepare|p2a: Lilligant|Solar Blade\n|-anim|p2a: Lilligant|Solar Blade|p1a: Garganacl\n|-supereffective|p1a: Garganacl\n|-damage|p1a: Garganacl|0 fnt\n|-damage|p2a: Lilligant|9\/100|[from] item: Rocky Helmet|[of] p1a: Garganacl\n|faint|p1a: Garganacl\n|\n|-weather|SunnyDay|[upkeep]\n|-heal|p2a: Lilligant|15\/100|[from] item: Leftovers\n|upkeep\n|\n|t:|1700849603\n|switch|p1a: Corviknight|Corviknight, F, shiny|100\/100\n|-damage|p1a: Corviknight|88\/100|[from] Stealth Rock\n|turn|13\n|\n|t:|1700849617\n|switch|p2a: Walking Wake|Walking Wake|100\/100\n|-activate|p2a: Walking Wake|ability: Protosynthesis\n|-start|p2a: Walking Wake|protosynthesisspe\n|move|p1a: Corviknight|Iron Head|p2a: Walking Wake\n|-resisted|p2a: Walking Wake\n|-damage|p2a: Walking Wake|82\/100\n|\n|-weather|SunnyDay|[upkeep]\n|upkeep\n|turn|14\n|\n|t:|1700849623\n|move|p2a: Walking Wake|Hydro Steam|p1a: Corviknight\n|-damage|p1a: Corviknight|52\/100\n|move|p1a: Corviknight|U-turn|p2a: Walking Wake\n|-damage|p2a: Walking Wake|58\/100\n|\n|t:|1700849629\n|switch|p1a: Heatran|Heatran, F, shiny|100\/100|[from] U-turn\n|-damage|p1a: Heatran|88\/100|[from] Stealth Rock\n|-item|p1a: Heatran|Air Balloon\n|\n|-weather|SunnyDay|[upkeep]\n|upkeep\n|turn|15\n|\n|t:|1700849634\n|switch|p1a: Corviknight|Corviknight, F, shiny|52\/100\n|-damage|p1a: Corviknight|40\/100|[from] Stealth Rock\n|move|p2a: Walking Wake|Hydro Steam|p1a: Corviknight\n|-crit|p1a: Corviknight\n|-damage|p1a: Corviknight|0 fnt\n|faint|p1a: Corviknight\n|\n|-weather|none\n|-end|p2a: Walking Wake|Protosynthesis\n|upkeep\n|\n|t:|1700849637\n|switch|p1a: Heatran|Heatran, F, shiny|88\/100\n|-damage|p1a: Heatran|76\/100|[from] Stealth Rock\n|-item|p1a: Heatran|Air Balloon\n|turn|16\n|\n|t:|1700849645\n|move|p2a: Walking Wake|Hydro Steam|p1a: Heatran\n|-supereffective|p1a: Heatran\n|-damage|p1a: Heatran|7\/100\n|-enditem|p1a: Heatran|Air Balloon\n|move|p1a: Heatran|Power Gem|p2a: Walking Wake\n|-damage|p2a: Walking Wake|32\/100\n|\n|upkeep\n|turn|17\n|\n|t:|1700849649\n|move|p2a: Walking Wake|Flip Turn|p1a: Heatran\n|-supereffective|p1a: Heatran\n|-damage|p1a: Heatran|0 fnt\n|faint|p1a: Heatran\n|\n|win|Bi11 Russell\n|raw|Justanotherlesbian's rating: 1141 &rarr; <strong>1124<\/strong><br \/>(-17 for losing)\n|raw|Bi11 Russell's rating: 1254 &rarr; <strong>1271<\/strong><br \/>(+17 for winning)\n|l|\u2606Justanotherlesbian\n|c|\u2606Bi11 Russell|gg\n","uploadtime":1700849656,"views":1,"p1id":"justanotherlesbian","p2id":"bi11russell","formatid":"gen9ou","rating":1124,"private":0,"password":""}