{"id":"gen9ou-1990976850","p1":"CyberH3","p2":"PeterGriffinOnline","format":"[Gen 9] OU","log":"|j|\u2606CyberH3\n|j|\u2606PeterGriffinOnline\n|t:|1700022279\n|gametype|singles\n|player|p1|CyberH3|mars|1173\n|player|p2|PeterGriffinOnline|boarder|1252\n|teamsize|p1|6\n|teamsize|p2|6\n|gen|9\n|tier|[Gen 9] OU\n|rated|\n|rule|Sleep Clause Mod: Limit one foe put to sleep\n|rule|Species Clause: Limit one of each Pok\u00e9mon\n|rule|OHKO Clause: OHKO moves are banned\n|rule|Evasion Items Clause: Evasion items are banned\n|rule|Evasion Moves Clause: Evasion moves are banned\n|rule|Endless Battle Clause: Forcing endless battles is banned\n|rule|HP Percentage Mod: HP is shown in percentages\n|clearpoke\n|poke|p1|Goodra-Hisui, F|\n|poke|p1|Scizor, M|\n|poke|p1|Mimikyu, M|\n|poke|p1|Iron Valiant|\n|poke|p1|Talonflame, M|\n|poke|p1|Lokix, M|\n|poke|p2|Rillaboom, M|\n|poke|p2|Greninja-*, M|\n|poke|p2|Sneasler, M|\n|poke|p2|Slowking-Galar, M|\n|poke|p2|Heatran, F|\n|poke|p2|Great Tusk|\n|teampreview\n|\n|t:|1700022291\n|start\n|switch|p1a: Snailtare|Goodra-Hisui, F|100\/100\n|switch|p2a: Heatran|Heatran, F, shiny|100\/100\n|turn|1\n|\n|t:|1700022300\n|switch|p2a: Rillaboom|Rillaboom, M|100\/100\n|-fieldstart|move: Grassy Terrain|[from] ability: Grassy Surge|[of] p2a: Rillaboom\n|move|p1a: Snailtare|Hydro Pump|p2a: Rillaboom\n|-resisted|p2a: Rillaboom\n|-damage|p2a: Rillaboom|79\/100\n|\n|-heal|p2a: Rillaboom|85\/100|[from] Grassy Terrain\n|upkeep\n|turn|2\n|\n|t:|1700022304\n|move|p2a: Rillaboom|Knock Off|p1a: Snailtare\n|-damage|p1a: Snailtare|69\/100\n|-enditem|p1a: Snailtare|Leftovers|[from] move: Knock Off|[of] p2a: Rillaboom\n|move|p1a: Snailtare|Ice Beam|p2a: Rillaboom\n|-supereffective|p2a: Rillaboom\n|-damage|p2a: Rillaboom|10\/100\n|\n|-heal|p2a: Rillaboom|16\/100|[from] Grassy Terrain\n|-heal|p1a: Snailtare|75\/100|[from] Grassy Terrain\n|upkeep\n|turn|3\n|\n|t:|1700022311\n|move|p2a: Rillaboom|U-turn|p1a: Snailtare\n|-resisted|p1a: Snailtare\n|-damage|p1a: Snailtare|64\/100\n|\n|t:|1700022314\n|switch|p2a: Sneasler|Sneasler, M, shiny|100\/100|[from] U-turn\n|-enditem|p2a: Sneasler|Grassy Seed\n|-boost|p2a: Sneasler|def|1|[from] item: Grassy Seed\n|move|p1a: Snailtare|Hydro Pump|p2a: Sneasler\n|-damage|p2a: Sneasler|56\/100\n|\n|-heal|p2a: Sneasler|62\/100|[from] Grassy Terrain\n|-heal|p1a: Snailtare|70\/100|[from] Grassy Terrain\n|upkeep\n|turn|4\n|\n|t:|1700022323\n|move|p2a: Sneasler|Close Combat|p1a: Snailtare\n|-supereffective|p1a: Snailtare\n|-damage|p1a: Snailtare|0 fnt\n|-unboost|p2a: Sneasler|def|1\n|-unboost|p2a: Sneasler|spd|1\n|faint|p1a: Snailtare\n|\n|-heal|p2a: Sneasler|68\/100|[from] Grassy Terrain\n|upkeep\n|\n|t:|1700022328\n|switch|p1a: Eat With Scissors|Scizor, M|100\/100\n|turn|5\n|\n|t:|1700022333\n|move|p1a: Eat With Scissors|Bullet Punch|p2a: Sneasler\n|-damage|p2a: Sneasler|0 fnt\n|faint|p2a: Sneasler\n|-damage|p1a: Eat With Scissors|91\/100|[from] item: Life Orb\n|\n|-heal|p1a: Eat With Scissors|97\/100|[from] Grassy Terrain\n|-fieldend|move: Grassy Terrain\n|upkeep\n|\n|t:|1700022340\n|switch|p2a: Heatran|Heatran, F, shiny|100\/100\n|turn|6\n|\n|t:|1700022347\n|move|p2a: Heatran|Magma Storm|p1a: Eat With Scissors\n|-supereffective|p1a: Eat With Scissors\n|-damage|p1a: Eat With Scissors|0 fnt\n|faint|p1a: Eat With Scissors\n|\n|upkeep\n|\n|t:|1700022356\n|switch|p1a: R-TRUS|Iron Valiant|100\/100\n|-enditem|p1a: R-TRUS|Booster Energy\n|-activate|p1a: R-TRUS|ability: Quark Drive|[fromitem]\n|-start|p1a: R-TRUS|quarkdrivespe\n|turn|7\n|\n|t:|1700022359\n|-terastallize|p2a: Heatran|Fairy\n|move|p1a: R-TRUS|Aura Sphere|p2a: Heatran\n|-resisted|p2a: Heatran\n|-damage|p2a: Heatran|82\/100\n|move|p2a: Heatran|Tera Blast|p1a: R-TRUS|[anim] Tera Blast Fairy\n|-supereffective|p1a: R-TRUS\n|-damage|p1a: R-TRUS|0 fnt\n|faint|p1a: R-TRUS\n|-end|p1a: R-TRUS|Quark Drive|[silent]\n|\n|upkeep\n|\n|t:|1700022364\n|switch|p1a: Morf LeRosh|Lokix, M|100\/100\n|turn|8\n|\n|t:|1700022367\n|move|p1a: Morf LeRosh|Knock Off|p2a: Heatran\n|-resisted|p2a: Heatran\n|-damage|p2a: Heatran|28\/100\n|-enditem|p2a: Heatran|Heavy-Duty Boots|[from] move: Knock Off|[of] p1a: Morf LeRosh\n|-damage|p1a: Morf LeRosh|91\/100|[from] item: Life Orb\n|move|p2a: Heatran|Tera Blast|p1a: Morf LeRosh|[anim] Tera Blast Fairy\n|-supereffective|p1a: Morf LeRosh\n|-damage|p1a: Morf LeRosh|0 fnt\n|faint|p1a: Morf LeRosh\n|\n|upkeep\n|\n|t:|1700022371\n|switch|p1a: The XO|Talonflame, M|100\/100\n|turn|9\n|\n|t:|1700022375\n|move|p1a: The XO|Brave Bird|p2a: Heatran\n|-damage|p2a: Heatran|0 fnt\n|faint|p2a: Heatran\n|-damage|p1a: The XO|90\/100|[from] Recoil\n|\n|-heal|p1a: The XO|96\/100|[from] item: Leftovers\n|upkeep\n|\n|t:|1700022378\n|switch|p2a: Greninja|Greninja, M|100\/100\n|turn|10\n|\n|t:|1700022383\n|move|p1a: The XO|Brave Bird|p2a: Greninja\n|-damage|p2a: Greninja|25\/100\n|-damage|p1a: The XO|73\/100|[from] Recoil\n|move|p2a: Greninja|Surf|p1a: The XO\n|-supereffective|p1a: The XO\n|-crit|p1a: The XO\n|-damage|p1a: The XO|0 fnt\n|faint|p1a: The XO\n|-ability|p2a: Greninja|Battle Bond|boost\n|-boost|p2a: Greninja|atk|1\n|-boost|p2a: Greninja|spa|1\n|-boost|p2a: Greninja|spe|1\n|-activate|p2a: Greninja|ability: Battle Bond\n|-damage|p2a: Greninja|16\/100|[from] item: Life Orb\n|\n|upkeep\n|\n|t:|1700022386\n|switch|p1a: OHAYOLLIE|Mimikyu, M|100\/100\n|turn|11\n|\n|t:|1700022392\n|move|p1a: OHAYOLLIE|Shadow Sneak|p2a: Greninja\n|-resisted|p2a: Greninja\n|-damage|p2a: Greninja|0 fnt\n|faint|p2a: Greninja\n|-damage|p1a: OHAYOLLIE|91\/100|[from] item: Life Orb\n|\n|upkeep\n|\n|t:|1700022395\n|switch|p2a: Great Tusk|Great Tusk|100\/100\n|-enditem|p2a: Great Tusk|Booster Energy\n|-activate|p2a: Great Tusk|ability: Protosynthesis|[fromitem]\n|-start|p2a: Great Tusk|protosynthesisspe\n|turn|12\n|\n|t:|1700022402\n|move|p2a: Great Tusk|Headlong Rush|p1a: OHAYOLLIE\n|-activate|p1a: OHAYOLLIE|ability: Disguise\n|-damage|p1a: OHAYOLLIE|91\/100\n|-unboost|p2a: Great Tusk|def|1\n|-unboost|p2a: Great Tusk|spd|1\n|detailschange|p1a: OHAYOLLIE|Mimikyu-Busted, M\n|-damage|p1a: OHAYOLLIE|78\/100|[from] pokemon: Mimikyu-Busted\n|move|p1a: OHAYOLLIE|Play Rough|p2a: Great Tusk\n|-supereffective|p2a: Great Tusk\n|-damage|p2a: Great Tusk|12\/100\n|-damage|p1a: OHAYOLLIE|68\/100|[from] item: Life Orb\n|\n|upkeep\n|turn|13\n|\n|t:|1700022416\n|move|p1a: OHAYOLLIE|Shadow Sneak|p2a: Great Tusk\n|-damage|p2a: Great Tusk|0 fnt\n|faint|p2a: Great Tusk\n|-end|p2a: Great Tusk|Protosynthesis|[silent]\n|-damage|p1a: OHAYOLLIE|58\/100|[from] item: Life Orb\n|\n|upkeep\n|\n|t:|1700022420\n|switch|p2a: Rillaboom|Rillaboom, M|16\/100\n|-fieldstart|move: Grassy Terrain|[from] ability: Grassy Surge|[of] p2a: Rillaboom\n|turn|14\n|\n|t:|1700022423\n|-terastallize|p1a: OHAYOLLIE|Ghost\n|move|p1a: OHAYOLLIE|Shadow Sneak|p2a: Rillaboom\n|-damage|p2a: Rillaboom|0 fnt\n|faint|p2a: Rillaboom\n|-damage|p1a: OHAYOLLIE|48\/100|[from] item: Life Orb\n|\n|-heal|p1a: OHAYOLLIE|54\/100|[from] Grassy Terrain\n|upkeep\n|\n|t:|1700022426\n|switch|p2a: Slowking|Slowking-Galar, M|100\/100\n|turn|15\n|\n|t:|1700022428\n|move|p1a: OHAYOLLIE|Shadow Sneak|p2a: Slowking\n|-supereffective|p2a: Slowking\n|-crit|p2a: Slowking\n|-damage|p2a: Slowking|17\/100\n|-damage|p1a: OHAYOLLIE|44\/100|[from] item: Life Orb\n|move|p2a: Slowking|Sludge Bomb|p1a: OHAYOLLIE\n|-resisted|p1a: OHAYOLLIE\n|-damage|p1a: OHAYOLLIE|16\/100\n|-status|p1a: OHAYOLLIE|psn\n|\n|-heal|p1a: OHAYOLLIE|22\/100 psn|[from] Grassy Terrain\n|-heal|p2a: Slowking|23\/100|[from] Grassy Terrain\n|-damage|p1a: OHAYOLLIE|9\/100 psn|[from] psn\n|upkeep\n|turn|16\n|\n|t:|1700022432\n|move|p1a: OHAYOLLIE|Shadow Sneak|p2a: Slowking\n|-supereffective|p2a: Slowking\n|-damage|p2a: Slowking|0 fnt\n|faint|p2a: Slowking\n|-damage|p1a: OHAYOLLIE|0 fnt|[from] item: Life Orb\n|faint|p1a: OHAYOLLIE\n|\n|win|CyberH3\n|raw|CyberH3's rating: 1173 &rarr; <strong>1204<\/strong><br \/>(+31 for winning)\n|raw|PeterGriffinOnline's rating: 1252 &rarr; <strong>1221<\/strong><br \/>(-31 for losing)\n|c|\u2606CyberH3|gg\n","uploadtime":1700022440,"views":21,"p1id":"cyberh3","p2id":"petergriffinonline","formatid":"gen9ou","rating":1204,"private":0,"password":""}