{"id":"gen9ou-1994683218","p1":"Ninomiya Manaka","p2":"Skaraptor2.1","format":"[Gen 9] OU","log":"|j|\u2606Ninomiya Manaka\n|j|\u2606Skaraptor2.1\n|t:|1700480486\n|gametype|singles\n|player|p1|Ninomiya Manaka|swimmerf-gen4dp|1474\n|player|p2|Skaraptor2.1|bodybuilderf-gen9|1385\n|teamsize|p1|6\n|teamsize|p2|6\n|gen|9\n|tier|[Gen 9] OU\n|rated|\n|rule|Sleep Clause Mod: Limit one foe put to sleep\n|rule|Species Clause: Limit one of each Pok\u00e9mon\n|rule|OHKO Clause: OHKO moves are banned\n|rule|Evasion Items Clause: Evasion items are banned\n|rule|Evasion Moves Clause: Evasion moves are banned\n|rule|Endless Battle Clause: Forcing endless battles is banned\n|rule|HP Percentage Mod: HP is shown in percentages\n|clearpoke\n|poke|p1|Ogerpon-Wellspring, F|\n|poke|p1|Hatterene, F|\n|poke|p1|Polteageist|\n|poke|p1|Armarouge, M|\n|poke|p1|Indeedee, M|\n|poke|p1|Cinderace, M|\n|poke|p2|Ribombee, M|\n|poke|p2|Ogerpon-Wellspring, F|\n|poke|p2|Great Tusk|\n|poke|p2|Zamazenta-*|\n|poke|p2|Iron Valiant|\n|poke|p2|Kingambit, F|\n|teampreview\n|inactive|Battle timer is ON: inactive players will automatically lose when time's up. (requested by Skaraptor2.1)\n|inactive|Ninomiya Manaka also wants the timer to be on.\n|inactive|Ninomiya Manaka has 120 seconds left.\n|\n|t:|1700480518\n|start\n|switch|p1a: Cinderace|Cinderace, M|100\/100\n|switch|p2a: Transfem|Ogerpon-Wellspring, F|100\/100\n|turn|1\n|\n|t:|1700480526\n|move|p1a: Cinderace|U-turn|p2a: Transfem\n|-start|p1a: Cinderace|typechange|Bug|[from] ability: Libero\n|-supereffective|p2a: Transfem\n|-damage|p2a: Transfem|11\/100\n|\n|t:|1700480536\n|switch|p1a: Hatterene|Hatterene, F|100\/100|[from] U-turn\n|move|p2a: Transfem|Knock Off|p1a: Hatterene\n|-damage|p1a: Hatterene|55\/100\n|-enditem|p1a: Hatterene|Eject Button|[from] move: Knock Off|[of] p2a: Transfem\n|\n|upkeep\n|turn|2\n|\n|t:|1700480543\n|switch|p1a: Ogerpon|Ogerpon-Wellspring, F|100\/100\n|move|p2a: Transfem|Horn Leech|p1a: Ogerpon\n|-damage|p1a: Ogerpon|43\/100\n|-heal|p2a: Transfem|39\/100|[from] drain|[of] p1a: Ogerpon\n|\n|upkeep\n|turn|3\n|\n|t:|1700480560\n|move|p1a: Ogerpon|Trailblaze|p2a: Transfem\n|-damage|p2a: Transfem|3\/100\n|-boost|p1a: Ogerpon|spe|1\n|move|p2a: Transfem|Horn Leech|p1a: Ogerpon\n|-damage|p1a: Ogerpon|0 fnt\n|-heal|p2a: Transfem|25\/100|[from] drain|[of] p1a: Ogerpon\n|faint|p1a: Ogerpon\n|\n|upkeep\n|\n|t:|1700480566\n|switch|p1a: Cinderace|Cinderace, M|100\/100\n|turn|4\n|\n|t:|1700480569\n|move|p1a: Cinderace|U-turn|p2a: Transfem\n|-start|p1a: Cinderace|typechange|Bug|[from] ability: Libero\n|-supereffective|p2a: Transfem\n|-damage|p2a: Transfem|0 fnt\n|faint|p2a: Transfem\n|\n|t:|1700480593\n|switch|p1a: Indeedee|Indeedee, M|100\/100|[from] U-turn\n|-fieldstart|move: Psychic Terrain|[from] ability: Psychic Surge|[of] p1a: Indeedee\n|\n|upkeep\n|\n|t:|1700480601\n|switch|p2a: Raging Queer|Great Tusk|100\/100\n|turn|5\n|inactive|Ninomiya Manaka has 120 seconds left.\n|\n|t:|1700480630\n|move|p1a: Indeedee|Psychic|p2a: Raging Queer\n|-supereffective|p2a: Raging Queer\n|-damage|p2a: Raging Queer|6\/100\n|-unboost|p2a: Raging Queer|spd|1\n|move|p2a: Raging Queer|Knock Off|p1a: Indeedee\n|-supereffective|p1a: Indeedee\n|-damage|p1a: Indeedee|0 fnt\n|-enditem|p1a: Indeedee|Terrain Extender|[from] move: Knock Off|[of] p2a: Raging Queer\n|faint|p1a: Indeedee\n|\n|upkeep\n|inactive|Ninomiya Manaka has 120 seconds left.\n|\n|t:|1700480640\n|switch|p1a: Polteageist|Polteageist|100\/100\n|turn|6\n|\n|t:|1700480646\n|move|p1a: Polteageist|Shadow Ball|p2a: Raging Queer\n|-damage|p2a: Raging Queer|0 fnt\n|faint|p2a: Raging Queer\n|-end|p2a: Raging Queer|Protosynthesis|[silent]\n|\n|upkeep\n|\n|t:|1700480653\n|switch|p2a: Twink|Ribombee, M|100\/100\n|turn|7\n|inactive|Ninomiya Manaka has 120 seconds left.\n|\n|t:|1700480681\n|move|p2a: Twink|Skill Swap|p1a: Polteageist\n|-activate|p2a: Twink|move: Skill Swap|Weak Armor|Shield Dust|[of] p1a: Polteageist\n|move|p1a: Polteageist|Shadow Ball|p2a: Twink\n|-damage|p2a: Twink|39\/100\n|-unboost|p2a: Twink|spd|1\n|\n|upkeep\n|turn|8\n|\n|t:|1700480694\n|move|p2a: Twink|Stun Spore|p1a: Polteageist\n|-status|p1a: Polteageist|par\n|move|p1a: Polteageist|Shell Smash|p1a: Polteageist\n|-unboost|p1a: Polteageist|def|1\n|-unboost|p1a: Polteageist|spd|1\n|-boost|p1a: Polteageist|atk|2\n|-boost|p1a: Polteageist|spa|2\n|-boost|p1a: Polteageist|spe|2\n|\n|upkeep\n|turn|9\n|\n|t:|1700480706\n|switch|p1a: Hatterene|Hatterene, F|55\/100\n|move|p2a: Twink|Sticky Web|p1a: Hatterene\n|move|p1a: Hatterene|Sticky Web|p2a: Twink|[from]ability: Magic Bounce\n|-sidestart|p2: Skaraptor2.1|move: Sticky Web\n|\n|upkeep\n|turn|10\n|\n|t:|1700480712\n|move|p2a: Twink|Skill Swap|p1a: Hatterene\n|-activate|p2a: Twink|move: Skill Swap|Magic Bounce|Weak Armor|[of] p1a: Hatterene\n|move|p1a: Hatterene|Healing Wish|p1a: Hatterene\n|faint|p1a: Hatterene\n|\n|upkeep\n|\n|t:|1700480715\n|switch|p1a: Cinderace|Cinderace, M|100\/100\n|turn|11\n|\n|t:|1700480722\n|move|p1a: Cinderace|Pyro Ball|p2a: Twink|[miss]\n|-miss|p1a: Cinderace|p2a: Twink\n|move|p2a: Twink|Sticky Web|p1a: Cinderace\n|-sidestart|p1: Ninomiya Manaka|move: Sticky Web\n|\n|-fieldend|move: Psychic Terrain\n|upkeep\n|turn|12\n|\n|t:|1700480726\n|move|p1a: Cinderace|Pyro Ball|p2a: Twink\n|-supereffective|p2a: Twink\n|-damage|p2a: Twink|0 fnt\n|faint|p2a: Twink\n|\n|upkeep\n|\n|t:|1700480729\n|switch|p2a: Defender of Trans|Zamazenta, shiny|100\/100\n|-activate|p2a: Defender of Trans|move: Sticky Web\n|-unboost|p2a: Defender of Trans|spe|1\n|-ability|p2a: Defender of Trans|Dauntless Shield|boost\n|-boost|p2a: Defender of Trans|def|1\n|turn|13\n|\n|t:|1700480759\n|switch|p1a: Armarouge|Armarouge, M|100\/100\n|-activate|p1a: Armarouge|move: Sticky Web\n|-unboost|p1a: Armarouge|spe|1\n|-terastallize|p2a: Defender of Trans|Fire\n|move|p2a: Defender of Trans|Iron Defense|p2a: Defender of Trans\n|-boost|p2a: Defender of Trans|def|2\n|\n|upkeep\n|turn|14\n|\n|t:|1700480771\n|move|p2a: Defender of Trans|Crunch|p1a: Armarouge\n|-supereffective|p1a: Armarouge\n|-damage|p1a: Armarouge|57\/100\n|-ability|p1a: Armarouge|Weak Armor|boost\n|-unboost|p1a: Armarouge|def|1\n|-boost|p1a: Armarouge|spe|2\n|move|p1a: Armarouge|Expanding Force|p2a: Defender of Trans\n|-damage|p2a: Defender of Trans|63\/100\n|\n|-heal|p2a: Defender of Trans|70\/100|[from] item: Leftovers\n|upkeep\n|turn|15\n|\n|t:|1700480779\n|move|p1a: Armarouge|Destiny Bond|p1a: Armarouge\n|-singlemove|p1a: Armarouge|Destiny Bond\n|move|p2a: Defender of Trans|Crunch|p1a: Armarouge\n|-supereffective|p1a: Armarouge\n|-damage|p1a: Armarouge|0 fnt\n|faint|p1a: Armarouge\n|-activate|p1a: Armarouge|move: Destiny Bond\n|faint|p2a: Defender of Trans\n|\n|upkeep\n|\n|t:|1700480789\n|switch|p2a: Bigender|Iron Valiant|100\/100\n|switch|p1a: Cinderace|Cinderace, M|100\/100\n|-activate|p1a: Cinderace|move: Sticky Web\n|-unboost|p1a: Cinderace|spe|1\n|-activate|p2a: Bigender|move: Sticky Web\n|-unboost|p2a: Bigender|spe|1\n|-enditem|p2a: Bigender|Booster Energy\n|-activate|p2a: Bigender|ability: Quark Drive|[fromitem]\n|-start|p2a: Bigender|quarkdrivespa\n|turn|16\n|\n|t:|1700480797\n|move|p1a: Cinderace|Pyro Ball|p2a: Bigender\n|-damage|p2a: Bigender|31\/100\n|move|p2a: Bigender|Destiny Bond|p2a: Bigender\n|-singlemove|p2a: Bigender|Destiny Bond\n|\n|upkeep\n|turn|17\n|\n|t:|1700480807\n|move|p1a: Cinderace|Pyro Ball|p2a: Bigender\n|-damage|p2a: Bigender|0 fnt\n|faint|p2a: Bigender\n|-activate|p2a: Bigender|move: Destiny Bond\n|-end|p2a: Bigender|Quark Drive|[silent]\n|faint|p1a: Cinderace\n|\n|upkeep\n|\n|t:|1700480809\n|switch|p1a: Polteageist|Polteageist|100\/100 par\n|switch|p2a: Queengambit|Kingambit, F|100\/100\n|-activate|p2a: Queengambit|move: Sticky Web\n|-unboost|p2a: Queengambit|spe|1\n|-activate|p2a: Queengambit|ability: Supreme Overlord\n|-start|p2a: Queengambit|fallen5|[silent]\n|-heal|p1a: Polteageist|100\/100|[from] move: Healing Wish\n|-activate|p1a: Polteageist|move: Sticky Web\n|-unboost|p1a: Polteageist|spe|1\n|turn|18\n|\n|t:|1700480815\n|-terastallize|p1a: Polteageist|Fighting\n|move|p1a: Polteageist|Tera Blast|p2a: Queengambit|[anim] Tera Blast Fighting\n|-supereffective|p2a: Queengambit\n|-damage|p2a: Queengambit|0 fnt\n|faint|p2a: Queengambit\n|-end|p2a: Queengambit|fallen5|[silent]\n|\n|win|Ninomiya Manaka\n|raw|Ninomiya Manaka's rating: 1438 &rarr; <strong>1455<\/strong><br \/>(+17 for winning)\n|raw|Skaraptor2.1's rating: 1385 &rarr; <strong>1368<\/strong><br \/>(-17 for losing)\n|l|\u2606Ninomiya Manaka\n","uploadtime":1700480819,"views":5,"p1id":"ninomiyamanaka","p2id":"skaraptor21","formatid":"gen9ou","rating":1368,"private":0,"password":""}