{"id":"gen9ou-1990144119","p1":"EmptySpacee","p2":"usopp.sn","format":"[Gen 9] OU","log":"|j|\u2606EmptySpacee\n|j|\u2606usopp.sn\n|t:|1699929352\n|gametype|singles\n|player|p1|EmptySpacee|hugh|1116\n|player|p2|usopp.sn|101|1092\n|teamsize|p1|6\n|teamsize|p2|6\n|gen|9\n|tier|[Gen 9] OU\n|rated|\n|rule|Sleep Clause Mod: Limit one foe put to sleep\n|rule|Species Clause: Limit one of each Pok\u00e9mon\n|rule|OHKO Clause: OHKO moves are banned\n|rule|Evasion Items Clause: Evasion items are banned\n|rule|Evasion Moves Clause: Evasion moves are banned\n|rule|Endless Battle Clause: Forcing endless battles is banned\n|rule|HP Percentage Mod: HP is shown in percentages\n|clearpoke\n|poke|p1|Glimmora, F|\n|poke|p1|Great Tusk|\n|poke|p1|Dragonite, F|\n|poke|p1|Empoleon, M|\n|poke|p1|Landorus-Therian, M|\n|poke|p1|Zapdos|\n|poke|p2|Amoonguss, M|\n|poke|p2|Gholdengo|\n|poke|p2|Zamazenta-*|\n|poke|p2|Ting-Lu|\n|poke|p2|Zapdos|\n|poke|p2|Slowking, M|\n|teampreview\n|inactive|Battle timer is ON: inactive players will automatically lose when time's up. (requested by EmptySpacee)\n|\n|t:|1699929373\n|start\n|switch|p1a: Glimmora|Glimmora, F|100\/100\n|switch|p2a: Gholdengo|Gholdengo|100\/100\n|turn|1\n|\n|t:|1699929390\n|move|p2a: Gholdengo|Trick|p1a: Glimmora\n|-activate|p2a: Gholdengo|move: Trick|[of] p1a: Glimmora\n|-item|p1a: Glimmora|Choice Specs|[from] move: Trick\n|-item|p2a: Gholdengo|Leftovers|[from] move: Trick\n|move|p1a: Glimmora|Stealth Rock|p2a: Gholdengo\n|-sidestart|p2: usopp.sn|move: Stealth Rock\n|\n|upkeep\n|turn|2\n|inactive|usopp.sn has 120 seconds left.\n|inactive|EmptySpacee has 120 seconds left.\n|\n|t:|1699929421\n|switch|p1a: Great Tusk|Great Tusk|100\/100\n|-enditem|p1a: Great Tusk|Booster Energy\n|-activate|p1a: Great Tusk|ability: Protosynthesis|[fromitem]\n|-start|p1a: Great Tusk|protosynthesisatk\n|move|p2a: Gholdengo|Shadow Ball|p1a: Great Tusk\n|-damage|p1a: Great Tusk|42\/100\n|\n|upkeep\n|turn|3\n|inactive|usopp.sn has 120 seconds left.\n|\n|t:|1699929432\n|move|p2a: Gholdengo|Shadow Ball|p1a: Great Tusk\n|-damage|p1a: Great Tusk|0 fnt\n|faint|p1a: Great Tusk\n|-end|p1a: Great Tusk|Protosynthesis|[silent]\n|\n|upkeep\n|inactive|EmptySpacee has 120 seconds left.\n|\n|t:|1699929443\n|switch|p1a: Zapdos|Zapdos|100\/100\n|turn|4\n|\n|t:|1699929452\n|switch|p2a: Ting-Lu|Ting-Lu|100\/100\n|-ability|p2a: Ting-Lu|Vessel of Ruin\n|move|p1a: Zapdos|Heat Wave|p2a: Ting-Lu\n|-damage|p2a: Ting-Lu|87\/100\n|-status|p2a: Ting-Lu|brn\n|\n|-damage|p2a: Ting-Lu|81\/100 brn|[from] brn\n|upkeep\n|turn|5\n|\n|t:|1699929465\n|move|p1a: Zapdos|Hurricane|p2a: Ting-Lu\n|-damage|p2a: Ting-Lu|59\/100 brn\n|move|p2a: Ting-Lu|Stealth Rock|p1a: Zapdos\n|-sidestart|p1: EmptySpacee|move: Stealth Rock\n|\n|-damage|p2a: Ting-Lu|53\/100 brn|[from] brn\n|upkeep\n|turn|6\n|\n|t:|1699929481\n|move|p1a: Zapdos|Hurricane|p2a: Ting-Lu|[miss]\n|-miss|p1a: Zapdos|p2a: Ting-Lu\n|move|p2a: Ting-Lu|Whirlwind|p1a: Zapdos\n|drag|p1a: Glimmora|Glimmora, F|100\/100\n|-damage|p1a: Glimmora|88\/100|[from] Stealth Rock\n|\n|-damage|p2a: Ting-Lu|47\/100 brn|[from] brn\n|upkeep\n|turn|7\n|inactive|usopp.sn has 120 seconds left.\n|\n|t:|1699929496\n|move|p1a: Glimmora|Spikes|p2a: Ting-Lu\n|-sidestart|p2: usopp.sn|Spikes\n|move|p2a: Ting-Lu|Earthquake|p1a: Glimmora\n|-supereffective|p1a: Glimmora\n|-damage|p1a: Glimmora|39\/100\n|-activate|p1a: Glimmora|ability: Toxic Debris\n|-sidestart|p2: usopp.sn|move: Toxic Spikes\n|\n|-damage|p2a: Ting-Lu|41\/100 brn|[from] brn\n|upkeep\n|turn|8\n|inactive|usopp.sn has 120 seconds left.\n|\n|t:|1699929510\n|move|p1a: Glimmora|Spikes|p2a: Ting-Lu\n|-sidestart|p2: usopp.sn|Spikes\n|move|p2a: Ting-Lu|Earthquake|p1a: Glimmora\n|-supereffective|p1a: Glimmora\n|-damage|p1a: Glimmora|0 fnt\n|-activate|p1a: Glimmora|ability: Toxic Debris\n|-sidestart|p2: usopp.sn|move: Toxic Spikes\n|faint|p1a: Glimmora\n|\n|-damage|p2a: Ting-Lu|35\/100 brn|[from] brn\n|upkeep\n|\n|t:|1699929522\n|switch|p1a: Empoleon|Empoleon, M|100\/100\n|-damage|p1a: Empoleon|94\/100|[from] Stealth Rock\n|turn|9\n|inactive|usopp.sn has 120 seconds left.\n|\n|t:|1699929538\n|move|p1a: Empoleon|Surf|p2a: Ting-Lu\n|-supereffective|p2a: Ting-Lu\n|-damage|p2a: Ting-Lu|0 fnt\n|faint|p2a: Ting-Lu\n|\n|-heal|p1a: Empoleon|100\/100|[from] item: Leftovers\n|upkeep\n|inactive|usopp.sn has 120 seconds left.\n|\n|t:|1699929546\n|switch|p2a: Amoonguss|Amoonguss, M|100\/100\n|-sideend|p2: usopp.sn|move: Toxic Spikes|[of] p2a: Amoonguss\n|turn|10\n|inactive|usopp.sn has 120 seconds left.\n|\n|t:|1699929556\n|switch|p2a: Slowking|Slowking, M|100\/100\n|move|p1a: Empoleon|Ice Beam|p2a: Slowking\n|-resisted|p2a: Slowking\n|-damage|p2a: Slowking|91\/100\n|\n|upkeep\n|turn|11\n|inactive|usopp.sn has 120 seconds left.\n|\n|t:|1699929567\n|switch|p1a: Zapdos|Zapdos|100\/100\n|move|p2a: Slowking|Future Sight|p1a: Zapdos\n|-start|p2a: Slowking|move: Future Sight\n|\n|upkeep\n|turn|12\n|\n|t:|1699929576\n|move|p1a: Zapdos|Thunderbolt|p2a: Slowking\n|-supereffective|p2a: Slowking\n|-damage|p2a: Slowking|36\/100\n|move|p2a: Slowking|Chilly Reception|p2a: Slowking\n|-weather|Snow\n|inactive|usopp.sn has 120 seconds left.\n|\n|t:|1699929591\n|switch|p2a: Zapdos|Zapdos|100\/100|[from] Chilly Reception\n|\n|-weather|Snow|[upkeep]\n|upkeep\n|turn|13\n|inactive|usopp.sn has 120 seconds left.\n|\n|t:|1699929601\n|move|p1a: Zapdos|Thunderbolt|p2a: Zapdos\n|-damage|p2a: Zapdos|43\/100\n|move|p2a: Zapdos|Weather Ball|p1a: Zapdos\n|-supereffective|p1a: Zapdos\n|-damage|p1a: Zapdos|25\/100\n|\n|-weather|Snow|[upkeep]\n|-end|p1a: Zapdos|move: Future Sight\n|-damage|p1a: Zapdos|0 fnt\n|faint|p1a: Zapdos\n|upkeep\n|\n|t:|1699929611\n|switch|p1a: Empoleon|Empoleon, M|100\/100\n|-damage|p1a: Empoleon|94\/100|[from] Stealth Rock\n|turn|14\n|\n|t:|1699929620\n|move|p2a: Zapdos|Volt Switch|p1a: Empoleon\n|-supereffective|p1a: Empoleon\n|-damage|p1a: Empoleon|30\/100\n|\n|t:|1699929632\n|switch|p2a: Slowking|Slowking, M|69\/100|[from] Volt Switch\n|move|p1a: Empoleon|Ice Beam|p2a: Slowking\n|-resisted|p2a: Slowking\n|-damage|p2a: Slowking|60\/100\n|\n|-weather|Snow|[upkeep]\n|-heal|p1a: Empoleon|36\/100|[from] item: Leftovers\n|upkeep\n|turn|15\n|\n|t:|1699929643\n|move|p1a: Empoleon|Roost|p1a: Empoleon\n|-heal|p1a: Empoleon|86\/100\n|-singleturn|p1a: Empoleon|move: Roost\n|move|p2a: Slowking|Slack Off|p2a: Slowking\n|-heal|p2a: Slowking|100\/100\n|\n|-weather|Snow|[upkeep]\n|-heal|p1a: Empoleon|92\/100|[from] item: Leftovers\n|upkeep\n|turn|16\n|\n|t:|1699929656\n|switch|p1a: Landorus|Landorus-Therian, M|100\/100\n|-damage|p1a: Landorus|88\/100|[from] Stealth Rock\n|-ability|p1a: Landorus|Intimidate|boost\n|-unboost|p2a: Slowking|atk|1\n|move|p2a: Slowking|Future Sight|p1a: Landorus\n|-start|p2a: Slowking|move: Future Sight\n|\n|-weather|none\n|upkeep\n|turn|17\n|\n|t:|1699929668\n|move|p1a: Landorus|Earthquake|p2a: Slowking\n|-damage|p2a: Slowking|21\/100\n|-damage|p1a: Landorus|79\/100|[from] item: Life Orb\n|move|p2a: Slowking|Scald|p1a: Landorus\n|-supereffective|p1a: Landorus\n|-damage|p1a: Landorus|11\/100\n|-status|p1a: Landorus|brn\n|\n|-damage|p1a: Landorus|5\/100 brn|[from] brn\n|upkeep\n|turn|18\n|inactive|usopp.sn has 120 seconds left.\n|\n|t:|1699929685\n|switch|p2a: Zapdos|Zapdos|43\/100\n|move|p1a: Landorus|Earthquake|p2a: Zapdos\n|-immune|p2a: Zapdos\n|\n|-end|p1a: Landorus|move: Future Sight\n|-damage|p1a: Landorus|0 fnt\n|faint|p1a: Landorus\n|upkeep\n|\n|t:|1699929694\n|switch|p1a: Empoleon|Empoleon, M|92\/100\n|-damage|p1a: Empoleon|86\/100|[from] Stealth Rock\n|turn|19\n|\n|t:|1699929701\n|move|p2a: Zapdos|Roost|p2a: Zapdos\n|-heal|p2a: Zapdos|94\/100\n|-singleturn|p2a: Zapdos|move: Roost\n|move|p1a: Empoleon|Ice Beam|p2a: Zapdos\n|-damage|p2a: Zapdos|60\/100\n|\n|-heal|p1a: Empoleon|92\/100|[from] item: Leftovers\n|upkeep\n|turn|20\n|\n|t:|1699929712\n|move|p2a: Zapdos|Volt Switch|p1a: Empoleon\n|-supereffective|p1a: Empoleon\n|-damage|p1a: Empoleon|32\/100\n|-message|EmptySpacee forfeited.\n|\n|win|usopp.sn\n|raw|EmptySpacee's rating: 1116 &rarr; <strong>1089<\/strong><br \/>(-27 for losing)\n|raw|usopp.sn's rating: 1092 &rarr; <strong>1120<\/strong><br \/>(+28 for winning)\n|l|\u2606EmptySpacee\n","uploadtime":1699929720,"views":14,"p1id":"emptyspacee","p2id":"usoppsn","formatid":"gen9ou","rating":1089,"private":0,"password":""}