{"id":"gen9ou-1996375574","p1":"Johnnytravs1","p2":"DeathReaperTTV","format":"[Gen 9] OU","log":"|j|\u2606Johnnytravs1\n|j|\u2606DeathReaperTTV\n|t:|1700676076\n|gametype|singles\n|player|p1|Johnnytravs1|169|1129\n|player|p2|DeathReaperTTV|red|1170\n|teamsize|p1|6\n|teamsize|p2|6\n|gen|9\n|tier|[Gen 9] OU\n|rated|\n|rule|Sleep Clause Mod: Limit one foe put to sleep\n|rule|Species Clause: Limit one of each Pok\u00e9mon\n|rule|OHKO Clause: OHKO moves are banned\n|rule|Evasion Items Clause: Evasion items are banned\n|rule|Evasion Moves Clause: Evasion moves are banned\n|rule|Endless Battle Clause: Forcing endless battles is banned\n|rule|HP Percentage Mod: HP is shown in percentages\n|clearpoke\n|poke|p1|Skeledirge, M|\n|poke|p1|Dragapult, M|\n|poke|p1|Clodsire, F|\n|poke|p1|Iron Treads|\n|poke|p1|Dondozo, F|\n|poke|p1|Sinistcha|\n|poke|p2|Meowscarada, M|\n|poke|p2|Ting-Lu|\n|poke|p2|Gholdengo|\n|poke|p2|Great Tusk|\n|poke|p2|Dragapult, M|\n|poke|p2|Kingambit, M|\n|teampreview\n|inactive|Battle timer is ON: inactive players will automatically lose when time's up. (requested by DeathReaperTTV)\n|\n|t:|1700676097\n|start\n|switch|p1a: Sinistcha|Sinistcha|100\/100\n|switch|p2a: Ting-Lu|Ting-Lu|100\/100\n|-ability|p2a: Ting-Lu|Vessel of Ruin\n|turn|1\n|\n|t:|1700676109\n|switch|p2a: Gholdengo|Gholdengo|100\/100\n|move|p1a: Sinistcha|Strength Sap|p2a: Gholdengo\n|-immune|p2a: Gholdengo|[from] ability: Good as Gold\n|\n|upkeep\n|turn|2\n|\n|t:|1700676121\n|move|p2a: Gholdengo|Shadow Ball|p1a: Sinistcha\n|-supereffective|p1a: Sinistcha\n|-damage|p1a: Sinistcha|0 fnt\n|faint|p1a: Sinistcha\n|\n|upkeep\n|\n|t:|1700676134\n|switch|p1a: Skeledirge|Skeledirge, M|100\/100\n|turn|3\n|\n|t:|1700676136\n|switch|p2a: Ting-Lu|Ting-Lu|100\/100\n|-ability|p2a: Ting-Lu|Vessel of Ruin\n|move|p1a: Skeledirge|Will-O-Wisp|p2a: Ting-Lu\n|-status|p2a: Ting-Lu|brn\n|\n|-damage|p2a: Ting-Lu|94\/100 brn|[from] brn\n|upkeep\n|turn|4\n|\n|t:|1700676144\n|move|p1a: Skeledirge|Torch Song|p2a: Ting-Lu\n|-damage|p2a: Ting-Lu|67\/100 brn\n|-boost|p1a: Skeledirge|spa|1\n|-enditem|p2a: Ting-Lu|Red Card|[of] p1a: Skeledirge\n|drag|p1a: Clodsire|Clodsire, F|100\/100\n|move|p2a: Ting-Lu|Stealth Rock|p1a: Clodsire\n|-sidestart|p1: Johnnytravs1|move: Stealth Rock\n|\n|-damage|p2a: Ting-Lu|61\/100 brn|[from] brn\n|upkeep\n|turn|5\n|\n|t:|1700676151\n|move|p2a: Ting-Lu|Spikes|p1a: Clodsire\n|-sidestart|p1: Johnnytravs1|Spikes\n|move|p1a: Clodsire|Toxic Spikes|p2a: Ting-Lu\n|-sidestart|p2: DeathReaperTTV|move: Toxic Spikes\n|\n|-damage|p2a: Ting-Lu|55\/100 brn|[from] brn\n|upkeep\n|turn|6\n|\n|t:|1700676154\n|move|p2a: Ting-Lu|Spikes|p1a: Clodsire\n|-sidestart|p1: Johnnytravs1|Spikes\n|move|p1a: Clodsire|Stealth Rock|p2a: Ting-Lu\n|-sidestart|p2: DeathReaperTTV|move: Stealth Rock\n|\n|-damage|p2a: Ting-Lu|48\/100 brn|[from] brn\n|upkeep\n|turn|7\n|\n|t:|1700676160\n|move|p2a: Ting-Lu|Spikes|p1a: Clodsire\n|-sidestart|p1: Johnnytravs1|Spikes\n|move|p1a: Clodsire|Curse|p1a: Clodsire\n|-unboost|p1a: Clodsire|spe|1\n|-boost|p1a: Clodsire|atk|1\n|-boost|p1a: Clodsire|def|1\n|\n|-damage|p2a: Ting-Lu|42\/100 brn|[from] brn\n|upkeep\n|turn|8\n|\n|t:|1700676168\n|switch|p2a: Gholdengo|Gholdengo|100\/100\n|-damage|p2a: Gholdengo|94\/100|[from] Stealth Rock\n|move|p1a: Clodsire|Earthquake|p2a: Gholdengo\n|-supereffective|p2a: Gholdengo\n|-damage|p2a: Gholdengo|0 fnt\n|faint|p2a: Gholdengo\n|\n|upkeep\n|\n|t:|1700676175\n|switch|p2a: Great Tusk|Great Tusk|100\/100\n|-status|p2a: Great Tusk|psn\n|-damage|p2a: Great Tusk|98\/100 psn|[from] Stealth Rock\n|turn|9\n|\n|t:|1700676181\n|move|p2a: Great Tusk|Rapid Spin|p1a: Clodsire\n|-damage|p1a: Clodsire|85\/100\n|-boost|p2a: Great Tusk|spe|1\n|-sideend|p2: DeathReaperTTV|Toxic Spikes|[from] move: Rapid Spin|[of] p2a: Great Tusk\n|-sideend|p2: DeathReaperTTV|Stealth Rock|[from] move: Rapid Spin|[of] p2a: Great Tusk\n|move|p1a: Clodsire|Earthquake|p2a: Great Tusk\n|-damage|p2a: Great Tusk|60\/100 psn\n|\n|-heal|p2a: Great Tusk|67\/100 psn|[from] item: Leftovers\n|-heal|p1a: Clodsire|91\/100|[from] item: Black Sludge\n|-damage|p2a: Great Tusk|54\/100 psn|[from] psn\n|upkeep\n|turn|10\n|\n|t:|1700676190\n|move|p2a: Great Tusk|Ice Spinner|p1a: Clodsire\n|-supereffective|p1a: Clodsire\n|-damage|p1a: Clodsire|47\/100\n|move|p1a: Clodsire|Toxic Spikes|p2a: Great Tusk\n|-sidestart|p2: DeathReaperTTV|move: Toxic Spikes\n|\n|-heal|p2a: Great Tusk|60\/100 psn|[from] item: Leftovers\n|-heal|p1a: Clodsire|53\/100|[from] item: Black Sludge\n|-damage|p2a: Great Tusk|48\/100 psn|[from] psn\n|upkeep\n|turn|11\n|\n|t:|1700676195\n|move|p2a: Great Tusk|Rapid Spin|p1a: Clodsire\n|-damage|p1a: Clodsire|38\/100\n|-boost|p2a: Great Tusk|spe|1\n|-sideend|p2: DeathReaperTTV|Toxic Spikes|[from] move: Rapid Spin|[of] p2a: Great Tusk\n|move|p1a: Clodsire|Curse|p1a: Clodsire\n|-unboost|p1a: Clodsire|spe|1\n|-boost|p1a: Clodsire|atk|1\n|-boost|p1a: Clodsire|def|1\n|\n|-heal|p2a: Great Tusk|54\/100 psn|[from] item: Leftovers\n|-heal|p1a: Clodsire|44\/100|[from] item: Black Sludge\n|-damage|p2a: Great Tusk|42\/100 psn|[from] psn\n|upkeep\n|turn|12\n|\n|t:|1700676203\n|move|p2a: Great Tusk|Ice Spinner|p1a: Clodsire\n|-supereffective|p1a: Clodsire\n|-damage|p1a: Clodsire|7\/100\n|move|p1a: Clodsire|Earthquake|p2a: Great Tusk\n|-damage|p2a: Great Tusk|0 fnt\n|faint|p2a: Great Tusk\n|-end|p2a: Great Tusk|Protosynthesis|[silent]\n|\n|-heal|p1a: Clodsire|13\/100|[from] item: Black Sludge\n|upkeep\n|\n|t:|1700676214\n|switch|p2a: Kingambit|Kingambit, M|100\/100\n|-activate|p2a: Kingambit|ability: Supreme Overlord\n|-start|p2a: Kingambit|fallen2|[silent]\n|turn|13\n|\n|t:|1700676218\n|move|p2a: Kingambit|Iron Head|p1a: Clodsire\n|-damage|p1a: Clodsire|0 fnt\n|faint|p1a: Clodsire\n|\n|upkeep\n|\n|t:|1700676222\n|switch|p1a: Iron Treads|Iron Treads|100\/100\n|-damage|p1a: Iron Treads|97\/100|[from] Stealth Rock\n|-damage|p1a: Iron Treads|72\/100|[from] Spikes\n|turn|14\n|\n|t:|1700676227\n|-end|p2a: Kingambit|fallen2|[silent]\n|switch|p2a: Dragapult|Dragapult, M|100\/100\n|-terastallize|p1a: Iron Treads|Fighting\n|move|p1a: Iron Treads|Body Press|p2a: Dragapult\n|-immune|p2a: Dragapult\n|\n|upkeep\n|turn|15\n|\n|t:|1700676238\n|-end|p1a: Iron Treads|Quark Drive|[silent]\n|switch|p1a: Dondozo|Dondozo, F|100\/100\n|-damage|p1a: Dondozo|88\/100|[from] Stealth Rock\n|-damage|p1a: Dondozo|63\/100|[from] Spikes\n|move|p2a: Dragapult|Draco Meteor|p1a: Dondozo\n|-damage|p1a: Dondozo|0 fnt\n|-unboost|p2a: Dragapult|spa|2\n|faint|p1a: Dondozo\n|\n|upkeep\n|\n|t:|1700676244\n|switch|p1a: Dragapult|Dragapult, M|100\/100\n|-damage|p1a: Dragapult|88\/100|[from] Stealth Rock\n|-damage|p1a: Dragapult|63\/100|[from] Spikes\n|turn|16\n|\n|t:|1700676249\n|move|p2a: Dragapult|Draco Meteor|p1a: Dragapult\n|-supereffective|p1a: Dragapult\n|-crit|p1a: Dragapult\n|-damage|p1a: Dragapult|0 fnt\n|-unboost|p2a: Dragapult|spa|2\n|faint|p1a: Dragapult\n|\n|upkeep\n|\n|t:|1700676258\n|switch|p1a: Iron Treads|Iron Treads, tera:Fighting|72\/100\n|-damage|p1a: Iron Treads|66\/100|[from] Stealth Rock\n|-damage|p1a: Iron Treads|41\/100|[from] Spikes\n|turn|17\n|\n|t:|1700676262\n|move|p2a: Dragapult|Draco Meteor|p1a: Iron Treads\n|-damage|p1a: Iron Treads|3\/100\n|-unboost|p2a: Dragapult|spa|2\n|move|p1a: Iron Treads|Ice Spinner|p2a: Dragapult\n|-supereffective|p2a: Dragapult\n|-damage|p2a: Dragapult|36\/100\n|\n|upkeep\n|turn|18\n|\n|t:|1700676271\n|move|p2a: Dragapult|Draco Meteor|p1a: Iron Treads\n|-crit|p1a: Iron Treads\n|-damage|p1a: Iron Treads|0 fnt\n|faint|p1a: Iron Treads\n|-end|p1a: Iron Treads|Quark Drive|[silent]\n|\n|upkeep\n|\n|t:|1700676274\n|switch|p1a: Skeledirge|Skeledirge, M|100\/100\n|-damage|p1a: Skeledirge|76\/100|[from] Stealth Rock\n|-damage|p1a: Skeledirge|51\/100|[from] Spikes\n|turn|19\n|\n|t:|1700676278\n|move|p2a: Dragapult|Draco Meteor|p1a: Skeledirge\n|-damage|p1a: Skeledirge|0 fnt\n|faint|p1a: Skeledirge\n|\n|win|DeathReaperTTV\n|raw|Johnnytravs1's rating: 1129 &rarr; <strong>1107<\/strong><br \/>(-22 for losing)\n|raw|DeathReaperTTV's rating: 1170 &rarr; <strong>1192<\/strong><br \/>(+22 for winning)\n|l|\u2606Johnnytravs1\n","uploadtime":1700676290,"views":2,"p1id":"johnnytravs1","p2id":"deathreaperttv","formatid":"gen9ou","rating":1107,"private":0,"password":""}