{"id":"gen9ou-1998106008","p1":"LogicaVietii","p2":"stargirlkirin","format":"[Gen 9] OU","log":"|j|\u2606LogicaVietii\n|j|\u2606stargirlkirin\n|t:|1700892299\n|gametype|singles\n|player|p1|LogicaVietii|alder|1611\n|player|p2|stargirlkirin|hexmaniac-gen6|1578\n|teamsize|p1|6\n|teamsize|p2|6\n|gen|9\n|tier|[Gen 9] OU\n|rated|\n|rule|Sleep Clause Mod: Limit one foe put to sleep\n|rule|Species Clause: Limit one of each Pok\u00e9mon\n|rule|OHKO Clause: OHKO moves are banned\n|rule|Evasion Items Clause: Evasion items are banned\n|rule|Evasion Moves Clause: Evasion moves are banned\n|rule|Endless Battle Clause: Forcing endless battles is banned\n|rule|HP Percentage Mod: HP is shown in percentages\n|clearpoke\n|poke|p1|Maushold|\n|poke|p1|Samurott-Hisui, M|\n|poke|p1|Kingambit, F|\n|poke|p1|Garganacl, M|\n|poke|p1|Amoonguss, M|\n|poke|p1|Weavile, F|\n|poke|p2|Ribombee, F|\n|poke|p2|Ogerpon-Wellspring, F|\n|poke|p2|Iron Moth|\n|poke|p2|Gholdengo|\n|poke|p2|Manaphy|\n|poke|p2|Kingambit, F|\n|teampreview\n|inactive|Battle timer is ON: inactive players will automatically lose when time's up. (requested by LogicaVietii)\n|inactive|stargirlkirin also wants the timer to be on.\n|\n|t:|1700892306\n|start\n|switch|p1a: Maushold|Maushold|100\/100\n|switch|p2a: Mozzarella|Gholdengo|100\/100\n|-item|p2a: Mozzarella|Air Balloon\n|turn|1\n|\n|t:|1700892313\n|switch|p1a: Samurott|Samurott-Hisui, M|100\/100\n|move|p2a: Mozzarella|Make It Rain|p1a: Samurott\n|-resisted|p1a: Samurott\n|-damage|p1a: Samurott|52\/100\n|-unboost|p2a: Mozzarella|spa|1\n|\n|upkeep\n|turn|2\n|j| qilbyy\n|\n|t:|1700892323\n|move|p2a: Mozzarella|Focus Blast|p1a: Samurott|[miss]\n|-miss|p2a: Mozzarella|p1a: Samurott\n|move|p1a: Samurott|Aqua Cutter|p2a: Mozzarella\n|-damage|p2a: Mozzarella|39\/100\n|-enditem|p2a: Mozzarella|Air Balloon\n|\n|upkeep\n|turn|3\n|\n|t:|1700892328\n|move|p2a: Mozzarella|Focus Blast|p1a: Samurott\n|-supereffective|p1a: Samurott\n|-damage|p1a: Samurott|0 fnt\n|faint|p1a: Samurott\n|\n|upkeep\n|\n|t:|1700892332\n|switch|p1a: Weavile|Weavile, F|100\/100\n|-ability|p1a: Weavile|Pressure\n|turn|4\n|\n|t:|1700892351\n|switch|p2a: Chimera|Kingambit, F|100\/100\n|move|p1a: Weavile|Knock Off|p2a: Chimera\n|-resisted|p2a: Chimera\n|-damage|p2a: Chimera|82\/100\n|-enditem|p2a: Chimera|Black Glasses|[from] move: Knock Off|[of] p1a: Weavile\n|\n|upkeep\n|turn|5\n|\n|t:|1700892356\n|switch|p1a: Amoonguss|Amoonguss, M|100\/100\n|move|p2a: Chimera|Low Kick|p1a: Amoonguss\n|-resisted|p1a: Amoonguss\n|-damage|p1a: Amoonguss|95\/100\n|-enditem|p1a: Amoonguss|Red Card|[of] p2a: Chimera\n|-end|p2a: Chimera|fallenundefined|[silent]\n|drag|p2a: Solaire|Iron Moth|100\/100\n|-enditem|p2a: Solaire|Booster Energy\n|-activate|p2a: Solaire|ability: Quark Drive|[fromitem]\n|-start|p2a: Solaire|quarkdrivespe\n|\n|upkeep\n|turn|6\n|\n|t:|1700892366\n|switch|p1a: Garganacl|Garganacl, M|100\/100\n|move|p2a: Solaire|Substitute|p2a: Solaire\n|-start|p2a: Solaire|Substitute\n|-damage|p2a: Solaire|76\/100\n|\n|upkeep\n|turn|7\n|\n|t:|1700892371\n|move|p2a: Solaire|Fiery Dance|p1a: Garganacl\n|-resisted|p1a: Garganacl\n|-damage|p1a: Garganacl|86\/100\n|-boost|p2a: Solaire|spa|1\n|move|p1a: Garganacl|Salt Cure|p2a: Solaire\n|-supereffective|p2a: Solaire\n|-end|p2a: Solaire|Substitute\n|\n|-heal|p1a: Garganacl|93\/100|[from] item: Leftovers\n|upkeep\n|turn|8\n|\n|t:|1700892384\n|move|p2a: Solaire|Fiery Dance|p1a: Garganacl\n|-resisted|p1a: Garganacl\n|-damage|p1a: Garganacl|75\/100\n|move|p1a: Garganacl|Salt Cure|p2a: Solaire\n|-supereffective|p2a: Solaire\n|-damage|p2a: Solaire|33\/100\n|-start|p2a: Solaire|Salt Cure\n|\n|-heal|p1a: Garganacl|81\/100|[from] item: Leftovers\n|-damage|p2a: Solaire|21\/100|[from] Salt Cure\n|upkeep\n|turn|9\n|\n|t:|1700892389\n|move|p2a: Solaire|Dazzling Gleam|p1a: Garganacl\n|-damage|p1a: Garganacl|53\/100\n|move|p1a: Garganacl|Recover|p1a: Garganacl\n|-heal|p1a: Garganacl|100\/100\n|\n|-damage|p2a: Solaire|8\/100|[from] Salt Cure\n|upkeep\n|turn|10\n|\n|t:|1700892396\n|move|p2a: Solaire|Psychic|p1a: Garganacl\n|-damage|p1a: Garganacl|72\/100\n|move|p1a: Garganacl|Salt Cure|p2a: Solaire\n|-supereffective|p2a: Solaire\n|-damage|p2a: Solaire|0 fnt\n|faint|p2a: Solaire\n|-end|p2a: Solaire|Quark Drive|[silent]\n|\n|-heal|p1a: Garganacl|78\/100|[from] item: Leftovers\n|upkeep\n|\n|t:|1700892406\n|switch|p2a: Daisy|Ribombee, F|100\/100\n|turn|11\n|\n|t:|1700892409\n|switch|p1a: Maushold|Maushold|100\/100\n|move|p2a: Daisy|Sticky Web|p1a: Maushold\n|-sidestart|p1: LogicaVietii|move: Sticky Web\n|\n|upkeep\n|turn|12\n|\n|t:|1700892417\n|move|p2a: Daisy|Moonblast|p1a: Maushold\n|-damage|p1a: Maushold|42\/100\n|move|p1a: Maushold|Tidy Up|p1a: Maushold\n|-sideend|p1: LogicaVietii|Sticky Web\n|-activate|p1a: Maushold|move: Tidy Up\n|-boost|p1a: Maushold|atk|1\n|-boost|p1a: Maushold|spe|1\n|\n|upkeep\n|turn|13\n|\n|t:|1700892425\n|switch|p2a: Mozzarella|Gholdengo|39\/100\n|move|p1a: Maushold|Population Bomb|p2a: Mozzarella\n|-immune|p2a: Mozzarella\n|\n|upkeep\n|turn|14\n|\n|t:|1700892437\n|-terastallize|p2a: Mozzarella|Fighting\n|move|p1a: Maushold|Bite|p2a: Mozzarella\n|-resisted|p2a: Mozzarella\n|-damage|p2a: Mozzarella|24\/100\n|move|p2a: Mozzarella|Make It Rain|p1a: Maushold\n|-damage|p1a: Maushold|0 fnt\n|-unboost|p2a: Mozzarella|spa|1\n|faint|p1a: Maushold\n|\n|upkeep\n|\n|t:|1700892454\n|switch|p1a: Weavile|Weavile, F|100\/100\n|-ability|p1a: Weavile|Pressure\n|turn|15\n|\n|t:|1700892467\n|switch|p2a: Chimera|Kingambit, F|82\/100\n|-activate|p2a: Chimera|ability: Supreme Overlord\n|-start|p2a: Chimera|fallen1|[silent]\n|move|p1a: Weavile|Ice Spinner|p2a: Chimera\n|-resisted|p2a: Chimera\n|-damage|p2a: Chimera|66\/100\n|\n|upkeep\n|turn|16\n|\n|t:|1700892478\n|switch|p1a: Kingambit|Kingambit, F|100\/100\n|-activate|p1a: Kingambit|ability: Supreme Overlord\n|-start|p1a: Kingambit|fallen2|[silent]\n|move|p2a: Chimera|Swords Dance|p2a: Chimera\n|-boost|p2a: Chimera|atk|2\n|\n|upkeep\n|turn|17\n|\n|t:|1700892485\n|move|p1a: Kingambit|Low Kick|p2a: Chimera\n|-supereffective|p2a: Chimera\n|-damage|p2a: Chimera|0 fnt\n|faint|p2a: Chimera\n|-end|p2a: Chimera|fallen1|[silent]\n|\n|upkeep\n|\n|t:|1700892489\n|switch|p2a: Daisy|Ribombee, F|100\/100\n|turn|18\n|\n|t:|1700892498\n|move|p2a: Daisy|Sticky Web|p1a: Kingambit\n|-sidestart|p1: LogicaVietii|move: Sticky Web\n|move|p1a: Kingambit|Kowtow Cleave|p2a: Daisy\n|-resisted|p2a: Daisy\n|-damage|p2a: Daisy|40\/100\n|\n|upkeep\n|turn|19\n|\n|t:|1700892503\n|move|p2a: Daisy|Stun Spore|p1a: Kingambit|[miss]\n|-miss|p2a: Daisy|p1a: Kingambit\n|move|p1a: Kingambit|Kowtow Cleave|p2a: Daisy\n|-resisted|p2a: Daisy\n|-damage|p2a: Daisy|0 fnt\n|faint|p2a: Daisy\n|\n|upkeep\n|\n|t:|1700892520\n|switch|p2a: Mozzarella|Gholdengo, tera:Fighting|24\/100\n|turn|20\n|\n|t:|1700892532\n|-terastallize|p1a: Kingambit|Fighting\n|move|p2a: Mozzarella|Focus Blast|p1a: Kingambit|[miss]\n|-miss|p2a: Mozzarella|p1a: Kingambit\n|move|p1a: Kingambit|Swords Dance|p1a: Kingambit\n|-boost|p1a: Kingambit|atk|2\n|\n|upkeep\n|turn|21\n|\n|t:|1700892539\n|move|p2a: Mozzarella|Make It Rain|p1a: Kingambit\n|-damage|p1a: Kingambit|31\/100\n|-unboost|p2a: Mozzarella|spa|1\n|move|p1a: Kingambit|Swords Dance|p1a: Kingambit\n|-boost|p1a: Kingambit|atk|2\n|\n|-heal|p1a: Kingambit|37\/100|[from] item: Leftovers\n|upkeep\n|turn|22\n|\n|t:|1700892549\n|move|p1a: Kingambit|Sucker Punch|p2a: Mozzarella\n|-resisted|p2a: Mozzarella\n|-damage|p2a: Mozzarella|0 fnt\n|faint|p2a: Mozzarella\n|\n|-heal|p1a: Kingambit|43\/100|[from] item: Leftovers\n|upkeep\n|\n|t:|1700892551\n|switch|p2a: Marina|Ogerpon-Wellspring, F|100\/100\n|turn|23\n|\n|t:|1700892554\n|move|p1a: Kingambit|Sucker Punch||[still]\n|-fail|p1a: Kingambit\n|move|p2a: Marina|Encore|p1a: Kingambit\n|-start|p1a: Kingambit|Encore\n|\n|-heal|p1a: Kingambit|49\/100|[from] item: Leftovers\n|upkeep\n|turn|24\n|\n|t:|1700892557\n|move|p1a: Kingambit|Sucker Punch||[still]\n|-fail|p1a: Kingambit\n|move|p2a: Marina|Swords Dance|p2a: Marina\n|-boost|p2a: Marina|atk|2\n|\n|-heal|p1a: Kingambit|55\/100|[from] item: Leftovers\n|upkeep\n|turn|25\n|\n|t:|1700892560\n|move|p1a: Kingambit|Sucker Punch||[still]\n|-fail|p1a: Kingambit\n|move|p2a: Marina|Swords Dance|p2a: Marina\n|-boost|p2a: Marina|atk|2\n|\n|-heal|p1a: Kingambit|62\/100|[from] item: Leftovers\n|upkeep\n|turn|26\n|\n|t:|1700892564\n|move|p1a: Kingambit|Sucker Punch||[still]\n|-fail|p1a: Kingambit\n|move|p2a: Marina|Swords Dance|p2a: Marina\n|-boost|p2a: Marina|atk|2\n|\n|-heal|p1a: Kingambit|68\/100|[from] item: Leftovers\n|-end|p1a: Kingambit|Encore\n|upkeep\n|turn|27\n|\n|t:|1700892568\n|-end|p1a: Kingambit|fallen2|[silent]\n|switch|p1a: Amoonguss|Amoonguss, M|100\/100\n|-activate|p1a: Amoonguss|move: Sticky Web\n|-unboost|p1a: Amoonguss|spe|1\n|move|p2a: Marina|Encore||[still]\n|-fail|p2a: Marina\n|\n|upkeep\n|turn|28\n|\n|t:|1700892573\n|move|p2a: Marina|Ivy Cudgel|p1a: Amoonguss|[anim] Ivy Cudgel Water\n|-resisted|p1a: Amoonguss\n|-damage|p1a: Amoonguss|14\/100\n|move|p1a: Amoonguss|Foul Play|p2a: Marina\n|-damage|p2a: Marina|0 fnt\n|faint|p2a: Marina\n|\n|upkeep\n|\n|t:|1700892578\n|switch|p2a: Isla|Manaphy|100\/100\n|turn|29\n|\n|t:|1700892584\n|move|p2a: Isla|Tail Glow|p2a: Isla\n|-boost|p2a: Isla|spa|3\n|move|p1a: Amoonguss|Spore|p2a: Isla\n|-status|p2a: Isla|slp|[from] move: Spore\n|\n|upkeep\n|turn|30\n|\n|t:|1700892590\n|switch|p1a: Kingambit|Kingambit, F, tera:Fighting|68\/100\n|-activate|p1a: Kingambit|move: Sticky Web\n|-unboost|p1a: Kingambit|spe|1\n|-activate|p1a: Kingambit|ability: Supreme Overlord\n|-start|p1a: Kingambit|fallen2|[silent]\n|cant|p2a: Isla|slp\n|\n|-heal|p1a: Kingambit|74\/100|[from] item: Leftovers\n|upkeep\n|turn|31\n|\n|t:|1700892594\n|cant|p2a: Isla|slp\n|move|p1a: Kingambit|Kowtow Cleave|p2a: Isla\n|-damage|p2a: Isla|44\/100 slp\n|\n|-heal|p2a: Isla|50\/100 slp|[from] item: Leftovers\n|-heal|p1a: Kingambit|80\/100|[from] item: Leftovers\n|upkeep\n|turn|32\n|\n|t:|1700892600\n|-curestatus|p2a: Isla|slp|[msg]\n|move|p2a: Isla|Surf|p1a: Kingambit\n|-damage|p1a: Kingambit|0 fnt\n|faint|p1a: Kingambit\n|-end|p1a: Kingambit|fallen2|[silent]\n|\n|-heal|p2a: Isla|56\/100|[from] item: Leftovers\n|upkeep\n|\n|t:|1700892608\n|switch|p1a: Amoonguss|Amoonguss, M|48\/100\n|-activate|p1a: Amoonguss|move: Sticky Web\n|-unboost|p1a: Amoonguss|spe|1\n|turn|33\n|\n|t:|1700892610\n|move|p2a: Isla|Ice Beam|p1a: Amoonguss\n|-supereffective|p1a: Amoonguss\n|-damage|p1a: Amoonguss|0 fnt\n|faint|p1a: Amoonguss\n|\n|-heal|p2a: Isla|62\/100|[from] item: Leftovers\n|upkeep\n|\n|t:|1700892614\n|switch|p1a: Garganacl|Garganacl, M|78\/100\n|-activate|p1a: Garganacl|move: Sticky Web\n|-unboost|p1a: Garganacl|spe|1\n|turn|34\n|\n|t:|1700892618\n|move|p2a: Isla|Surf|p1a: Garganacl\n|-supereffective|p1a: Garganacl\n|-damage|p1a: Garganacl|0 fnt\n|faint|p1a: Garganacl\n|\n|-heal|p2a: Isla|69\/100|[from] item: Leftovers\n|upkeep\n|\n|t:|1700892620\n|switch|p1a: Weavile|Weavile, F|100\/100\n|-ability|p1a: Weavile|Pressure\n|turn|35\n|\n|t:|1700892623\n|move|p1a: Weavile|Knock Off|p2a: Isla\n|-damage|p2a: Isla|21\/100\n|-enditem|p2a: Isla|Leftovers|[from] move: Knock Off|[of] p1a: Weavile\n|move|p2a: Isla|Surf|p1a: Weavile\n|-damage|p1a: Weavile|0 fnt\n|faint|p1a: Weavile\n|\n|win|stargirlkirin\n|raw|LogicaVietii's rating: 1611 &rarr; <strong>1589<\/strong><br \/>(-22 for losing)\n|raw|stargirlkirin's rating: 1578 &rarr; <strong>1600<\/strong><br \/>(+22 for winning)\n|l|\u2606LogicaVietii\n|l|\u2606stargirlkirin\n|l| qilbyy\n","uploadtime":1700892907,"views":2,"p1id":"logicavietii","p2id":"stargirlkirin","formatid":"gen9ou","rating":1589,"private":0,"password":""}