{"id":"gen9ou-1992475732","p1":"acetrainerluck","p2":"muffinATEthat","format":"[Gen 9] OU","log":"|j|\u2606acetrainerluck\n|j|\u2606muffinATEthat\n|t:|1700192228\n|gametype|singles\n|player|p1|acetrainerluck|steven|\n|player|p2|muffinATEthat|iris-masters|\n|teamsize|p1|6\n|teamsize|p2|6\n|gen|9\n|tier|[Gen 9] OU\n|rule|Sleep Clause Mod: Limit one foe put to sleep\n|rule|Species Clause: Limit one of each Pok\u00e9mon\n|rule|OHKO Clause: OHKO moves are banned\n|rule|Evasion Items Clause: Evasion items are banned\n|rule|Evasion Moves Clause: Evasion moves are banned\n|rule|Endless Battle Clause: Forcing endless battles is banned\n|rule|HP Percentage Mod: HP is shown in percentages\n|clearpoke\n|poke|p1|Cinderace, M|\n|poke|p1|Garchomp, F|\n|poke|p1|Basculegion-F, F|\n|poke|p1|Tinkaton, F|\n|poke|p1|Azelf|\n|poke|p1|Ampharos, M|\n|poke|p2|Slowbro, M|\n|poke|p2|Breloom, F|\n|poke|p2|Basculegion, M|\n|poke|p2|Kingambit, F|\n|poke|p2|Iron Jugulis|\n|poke|p2|Enamorus, F|\n|teampreview\n|j| CTE World\n|j| GymLeader Avery\n|j| DomNeedsHelp\n|j| KevinF_VGC\n|c| DomNeedsHelp|Go!\n|inactive|Battle timer is ON: inactive players will automatically lose when time's up. (requested by acetrainerluck)\n|\n|t:|1700192277\n|start\n|switch|p1a: Hate Crime|Tinkaton, F|100\/100\n|switch|p2a: Iron Jugulis|Iron Jugulis|100\/100\n|-ability|p1a: Hate Crime|Mold Breaker\n|turn|1\n|\n|t:|1700192292\n|move|p2a: Iron Jugulis|Knock Off|p1a: Hate Crime\n|-resisted|p1a: Hate Crime\n|-damage|p1a: Hate Crime|87\/100\n|-enditem|p1a: Hate Crime|Leftovers|[from] move: Knock Off|[of] p2a: Iron Jugulis\n|move|p1a: Hate Crime|Stealth Rock|p2a: Iron Jugulis\n|-sidestart|p2: muffinATEthat|move: Stealth Rock\n|\n|upkeep\n|turn|2\n|j| FirstClassWill\n|inactive|acetrainerluck has 270 seconds left.\n|\n|t:|1700192340\n|switch|p1a: Triple Option|Azelf|100\/100\n|move|p2a: Iron Jugulis|Knock Off|p1a: Triple Option\n|-supereffective|p1a: Triple Option\n|-damage|p1a: Triple Option|17\/100\n|-enditem|p1a: Triple Option|Leftovers|[from] move: Knock Off|[of] p2a: Iron Jugulis\n|\n|upkeep\n|turn|3\n|inactive|acetrainerluck has 270 seconds left.\n|c| GymLeader Avery|\ud83e\uddcd\u200d\u2642\ufe0fazelf rn\n|\n|t:|1700192370\n|move|p2a: Iron Jugulis|Knock Off|p1a: Triple Option\n|-supereffective|p1a: Triple Option\n|-damage|p1a: Triple Option|0 fnt\n|faint|p1a: Triple Option\n|\n|upkeep\n|\n|t:|1700192390\n|switch|p1a: Hate Crime|Tinkaton, F|87\/100\n|-ability|p1a: Hate Crime|Mold Breaker\n|turn|4\n|\n|t:|1700192399\n|-end|p2a: Iron Jugulis|Quark Drive|[silent]\n|switch|p2a: Slowbro|Slowbro, M, shiny|100\/100\n|-damage|p2a: Slowbro|88\/100|[from] Stealth Rock\n|move|p1a: Hate Crime|Knock Off|p2a: Slowbro\n|-supereffective|p2a: Slowbro\n|-damage|p2a: Slowbro|64\/100\n|-enditem|p2a: Slowbro|Leftovers|[from] move: Knock Off|[of] p1a: Hate Crime\n|\n|upkeep\n|turn|5\n|inactive|muffinATEthat has 270 seconds left.\n|\n|t:|1700192432\n|switch|p1a: Dom but LGBT|Ampharos, M, shiny|100\/100\n|move|p2a: Slowbro|Future Sight|p1a: Dom but LGBT\n|-start|p2a: Slowbro|move: Future Sight\n|\n|upkeep\n|turn|6\n|inactive|muffinATEthat has 270 seconds left.\n|c| CTE World|that's\n|c| CTE World|so\n|c| DomNeedsHelp|???\n|c| CTE World|fucking\n|c| CTE World|crazy\n|c| DomNeedsHelp|BLT?????\n|c|\u2606muffinATEthat|HELLO\n|c| GymLeader Avery|blt gang\n|c| CTE World|LGTV\n|c| GymLeader Avery|rise up\n|c|\u2606acetrainerluck|lmao\n|inactive|muffinATEthat has 240 seconds left.\n|\n|t:|1700192474\n|switch|p2a: Iron Jugulis|Iron Jugulis|100\/100\n|-damage|p2a: Iron Jugulis|76\/100|[from] Stealth Rock\n|move|p1a: Dom but LGBT|Volt Switch|p2a: Iron Jugulis\n|-supereffective|p2a: Iron Jugulis\n|-damage|p2a: Iron Jugulis|0 fnt\n|faint|p2a: Iron Jugulis\n|-end|p2a: Iron Jugulis|Quark Drive|[silent]\n|inactive|acetrainerluck has 240 seconds left.\n|\n|t:|1700192501\n|switch|p1a: Mbapp\u00e9|Cinderace, M, shiny|100\/100|[from] Volt Switch\n|\n|upkeep\n|inactive|muffinATEthat has 240 seconds left.\n|\n|t:|1700192524\n|switch|p2a: Basculegion|Basculegion, M, shiny|100\/100\n|-damage|p2a: Basculegion|88\/100|[from] Stealth Rock\n|turn|7\n|inactive|acetrainerluck has 240 seconds left.\n|inactive|muffinATEthat has 210 seconds left.\n|\n|t:|1700192563\n|switch|p1a: Hate Crime|Tinkaton, F|87\/100\n|-ability|p1a: Hate Crime|Mold Breaker\n|-terastallize|p2a: Basculegion|Water\n|move|p2a: Basculegion|Flip Turn|p1a: Hate Crime\n|-damage|p1a: Hate Crime|10\/100\n|\n|t:|1700192581\n|switch|p2a: Breloom|Breloom, F, shiny|100\/100|[from] Flip Turn\n|-damage|p2a: Breloom|95\/100|[from] Stealth Rock\n|\n|-end|p1a: Hate Crime|move: Future Sight\n|-resisted|p1a: Hate Crime\n|-damage|p1a: Hate Crime|0 fnt\n|faint|p1a: Hate Crime\n|upkeep\n|inactive|acetrainerluck has 210 seconds left.\n|\n|t:|1700192613\n|switch|p1a: Mbapp\u00e9|Cinderace, M, shiny|100\/100\n|turn|8\n|\n|t:|1700192640\n|switch|p2a: Slowbro|Slowbro, M, shiny|97\/100\n|-damage|p2a: Slowbro|85\/100|[from] Stealth Rock\n|move|p1a: Mbapp\u00e9|Gunk Shot|p2a: Slowbro\n|-start|p1a: Mbapp\u00e9|typechange|Poison|[from] ability: Libero\n|-damage|p2a: Slowbro|27\/100\n|-status|p2a: Slowbro|psn\n|\n|-damage|p2a: Slowbro|15\/100 psn|[from] psn\n|upkeep\n|turn|9\n|inactive|acetrainerluck has 180 seconds left.\n|j| TBK Renegades\n|\n|t:|1700192676\n|switch|p1a: Sharkeisha|Basculegion-F, F|100\/100\n|switch|p2a: Kingambit|Kingambit, F, shiny|100\/100\n|-damage|p2a: Kingambit|94\/100|[from] Stealth Rock\n|-activate|p2a: Kingambit|ability: Supreme Overlord\n|-start|p2a: Kingambit|fallen1|[silent]\n|\n|upkeep\n|turn|10\n|inactive|acetrainerluck has 150 seconds left.\n|\n|t:|1700192708\n|-terastallize|p1a: Sharkeisha|Water\n|move|p1a: Sharkeisha|Surf|p2a: Kingambit\n|-damage|p2a: Kingambit|4\/100\n|move|p2a: Kingambit|Kowtow Cleave|p1a: Sharkeisha\n|-damage|p1a: Sharkeisha|12\/100\n|\n|upkeep\n|turn|11\n|inactive|muffinATEthat has 180 seconds left.\n|\n|t:|1700192739\n|switch|p1a: Chomp|Garchomp, F|100\/100\n|move|p2a: Kingambit|Kowtow Cleave|p1a: Chomp\n|-damage|p1a: Chomp|34\/100\n|-damage|p2a: Kingambit|0 fnt|[from] ability: Rough Skin|[of] p1a: Chomp\n|faint|p2a: Kingambit\n|-end|p2a: Kingambit|fallen1|[silent]\n|\n|-heal|p1a: Chomp|40\/100|[from] item: Leftovers\n|upkeep\n|\n|t:|1700192757\n|switch|p2a: Enamorus|Enamorus, F, shiny|100\/100\n|-damage|p2a: Enamorus|76\/100|[from] Stealth Rock\n|turn|12\n|\n|t:|1700192774\n|switch|p1a: Sharkeisha|Basculegion-F, F, tera:Water|12\/100\n|move|p2a: Enamorus|Earth Power|p1a: Sharkeisha\n|-damage|p1a: Sharkeisha|0 fnt\n|faint|p1a: Sharkeisha\n|\n|upkeep\n|\n|t:|1700192789\n|switch|p1a: Dom but LGBT|Ampharos, M, shiny|100\/100\n|turn|13\n|\n|t:|1700192803\n|move|p2a: Enamorus|Earth Power|p1a: Dom but LGBT\n|-supereffective|p1a: Dom but LGBT\n|-damage|p1a: Dom but LGBT|46\/100\n|move|p1a: Dom but LGBT|Volt Switch|p2a: Enamorus\n|-supereffective|p2a: Enamorus\n|-damage|p2a: Enamorus|0 fnt\n|faint|p2a: Enamorus\n|inactive|acetrainerluck has 120 seconds left.\n|inactive|acetrainerluck has 90 seconds left.\n|\n|t:|1700192853\n|switch|p1a: Mbapp\u00e9|Cinderace, M, shiny|100\/100|[from] Volt Switch\n|\n|upkeep\n|\n|t:|1700192875\n|switch|p2a: Basculegion|Basculegion, M, shiny, tera:Water|88\/100\n|-damage|p2a: Basculegion|76\/100|[from] Stealth Rock\n|turn|14\n|\n|t:|1700192884\n|switch|p1a: Chomp|Garchomp, F|40\/100\n|move|p2a: Basculegion|Aqua Jet|p1a: Chomp\n|-damage|p1a: Chomp|0 fnt\n|-damage|p2a: Basculegion|64\/100|[from] ability: Rough Skin|[of] p1a: Chomp\n|faint|p1a: Chomp\n|\n|upkeep\n|inactive|acetrainerluck has 90 seconds left.\n|\n|t:|1700192895\n|switch|p1a: Dom but LGBT|Ampharos, M, shiny|46\/100\n|turn|15\n|inactive|acetrainerluck has 90 seconds left.\n|\n|t:|1700192907\n|switch|p2a: Slowbro|Slowbro, M, shiny|48\/100 psn\n|-damage|p2a: Slowbro|36\/100 psn|[from] Stealth Rock\n|move|p1a: Dom but LGBT|Thunderbolt|p2a: Slowbro\n|-supereffective|p2a: Slowbro\n|-damage|p2a: Slowbro|0 fnt\n|faint|p2a: Slowbro\n|\n|upkeep\n|\n|t:|1700192915\n|switch|p2a: Breloom|Breloom, F, shiny|95\/100\n|-damage|p2a: Breloom|89\/100|[from] Stealth Rock\n|turn|16\n|inactive|acetrainerluck has 90 seconds left.\n|\n|t:|1700192930\n|switch|p1a: Mbapp\u00e9|Cinderace, M, shiny|100\/100\n|move|p2a: Breloom|Mach Punch|p1a: Mbapp\u00e9\n|-damage|p1a: Mbapp\u00e9|26\/100\n|\n|upkeep\n|turn|17\n|inactive|muffinATEthat has 180 seconds left.\n|\n|t:|1700192936\n|move|p2a: Breloom|Mach Punch|p1a: Mbapp\u00e9\n|-damage|p1a: Mbapp\u00e9|0 fnt\n|faint|p1a: Mbapp\u00e9\n|\n|upkeep\n|\n|t:|1700192940\n|switch|p1a: Dom but LGBT|Ampharos, M, shiny|46\/100\n|turn|18\n|\n|t:|1700192944\n|move|p2a: Breloom|Mach Punch|p1a: Dom but LGBT\n|-damage|p1a: Dom but LGBT|0 fnt\n|faint|p1a: Dom but LGBT\n|\n|win|muffinATEthat\n|c|\u2606muffinATEthat|ggs logan\n|c|\u2606acetrainerluck|ggs muffin\n|l| GymLeader Avery\n|l|\u2606acetrainerluck\n|l| TBK Renegades\n|l| KevinF_VGC\n|l|\u2606muffinATEthat\n","uploadtime":1700192951,"views":12,"p1id":"acetrainerluck","p2id":"muffinatethat","formatid":"gen9ou","rating":0,"private":0,"password":""}