{"id":"gen9ou-2000056186","p1":"CaptainGrungo","p2":"tommytt22","format":"[Gen 9] OU","log":"|j|\u2606CaptainGrungo\n|j|\u2606tommytt22\n|t:|1701147085\n|gametype|singles\n|player|p1|CaptainGrungo|plasmagrunt|1687\n|player|p2|tommytt22|169|1664\n|teamsize|p1|6\n|teamsize|p2|6\n|gen|9\n|tier|[Gen 9] OU\n|rated|\n|rule|Sleep Clause Mod: Limit one foe put to sleep\n|rule|Species Clause: Limit one of each Pok\u00e9mon\n|rule|OHKO Clause: OHKO moves are banned\n|rule|Evasion Items Clause: Evasion items are banned\n|rule|Evasion Moves Clause: Evasion moves are banned\n|rule|Endless Battle Clause: Forcing endless battles is banned\n|rule|HP Percentage Mod: HP is shown in percentages\n|clearpoke\n|poke|p1|Iron Valiant|\n|poke|p1|Goodra-Hisui, M|\n|poke|p1|Okidogi, M|\n|poke|p1|Yanmega, M|\n|poke|p1|Garganacl, F|\n|poke|p1|Ting-Lu|\n|poke|p2|Maushold|\n|poke|p2|Rillaboom, F|\n|poke|p2|Great Tusk|\n|poke|p2|Heatran, M|\n|poke|p2|Enamorus, F|\n|poke|p2|Kingambit, F|\n|teampreview\n|inactive|Battle timer is ON: inactive players will automatically lose when time's up. (requested by CaptainGrungo)\n|\n|t:|1701147115\n|start\n|switch|p1a: Garganacl|Garganacl, F|100\/100\n|switch|p2a: Rillaboom|Rillaboom, F|100\/100\n|-fieldstart|move: Grassy Terrain|[from] ability: Grassy Surge|[of] p2a: Rillaboom\n|turn|1\n|\n|t:|1701147125\n|-terastallize|p1a: Garganacl|Ghost\n|move|p2a: Rillaboom|Knock Off|p1a: Garganacl\n|-supereffective|p1a: Garganacl\n|-damage|p1a: Garganacl|21\/100\n|-damage|p2a: Rillaboom|84\/100|[from] item: Rocky Helmet|[of] p1a: Garganacl\n|-enditem|p1a: Garganacl|Rocky Helmet|[from] move: Knock Off|[of] p2a: Rillaboom\n|move|p1a: Garganacl|Stealth Rock|p2a: Rillaboom\n|-sidestart|p2: tommytt22|move: Stealth Rock\n|\n|-heal|p2a: Rillaboom|90\/100|[from] Grassy Terrain\n|-heal|p1a: Garganacl|27\/100|[from] Grassy Terrain\n|upkeep\n|turn|2\n|\n|t:|1701147138\n|switch|p1a: Okidogi|Okidogi, M|100\/100\n|move|p2a: Rillaboom|Knock Off|p1a: Okidogi\n|-resisted|p1a: Okidogi\n|-damage|p1a: Okidogi|77\/100\n|-enditem|p1a: Okidogi|Leftovers|[from] move: Knock Off|[of] p2a: Rillaboom\n|\n|-heal|p2a: Rillaboom|96\/100|[from] Grassy Terrain\n|-heal|p1a: Okidogi|83\/100|[from] Grassy Terrain\n|upkeep\n|turn|3\n|\n|t:|1701147156\n|switch|p2a: Great Tusk|Great Tusk|100\/100\n|-damage|p2a: Great Tusk|98\/100|[from] Stealth Rock\n|move|p1a: Okidogi|Drain Punch|p2a: Great Tusk\n|-damage|p2a: Great Tusk|69\/100\n|-heal|p1a: Okidogi|99\/100|[from] drain|[of] p2a: Great Tusk\n|-status|p2a: Great Tusk|tox|[from] ability: Toxic Chain|[of] p1a: Okidogi\n|\n|-heal|p2a: Great Tusk|75\/100 tox|[from] Grassy Terrain\n|-heal|p2a: Great Tusk|82\/100 tox|[from] item: Leftovers\n|-heal|p1a: Okidogi|100\/100|[from] Grassy Terrain\n|-damage|p2a: Great Tusk|75\/100 tox|[from] psn\n|upkeep\n|turn|4\n|\n|t:|1701147169\n|switch|p1a: Garganacl|Garganacl, F, tera:Ghost|27\/100\n|move|p2a: Great Tusk|Headlong Rush|p1a: Garganacl\n|-damage|p1a: Garganacl|0 fnt\n|-unboost|p2a: Great Tusk|def|1\n|-unboost|p2a: Great Tusk|spd|1\n|faint|p1a: Garganacl\n|\n|-heal|p2a: Great Tusk|82\/100 tox|[from] Grassy Terrain\n|-heal|p2a: Great Tusk|88\/100 tox|[from] item: Leftovers\n|-damage|p2a: Great Tusk|75\/100 tox|[from] psn\n|upkeep\n|\n|t:|1701147190\n|switch|p1a: Iron Valiant|Iron Valiant|100\/100\n|-enditem|p1a: Iron Valiant|Booster Energy\n|-activate|p1a: Iron Valiant|ability: Quark Drive|[fromitem]\n|-start|p1a: Iron Valiant|quarkdrivespe\n|turn|5\n|\n|t:|1701147207\n|-end|p2a: Great Tusk|Protosynthesis|[silent]\n|switch|p2a: Heatran|Heatran, M|100\/100\n|-damage|p2a: Heatran|88\/100|[from] Stealth Rock\n|move|p1a: Iron Valiant|Close Combat|p2a: Heatran\n|-supereffective|p2a: Heatran\n|-damage|p2a: Heatran|0 fnt\n|-unboost|p1a: Iron Valiant|def|1\n|-unboost|p1a: Iron Valiant|spd|1\n|faint|p2a: Heatran\n|\n|-fieldend|move: Grassy Terrain\n|upkeep\n|inactive|tommytt22 has 120 seconds left.\n|inactive|tommytt22 has 90 seconds left.\n|\n|t:|1701147260\n|switch|p2a: Rillaboom|Rillaboom, F|96\/100\n|-damage|p2a: Rillaboom|84\/100|[from] Stealth Rock\n|-fieldstart|move: Grassy Terrain|[from] ability: Grassy Surge|[of] p2a: Rillaboom\n|turn|6\n|\n|t:|1701147277\n|-end|p1a: Iron Valiant|Quark Drive|[silent]\n|switch|p1a: Yanmega|Yanmega, M|100\/100\n|move|p2a: Rillaboom|Grassy Glide|p1a: Yanmega\n|-resisted|p1a: Yanmega\n|-damage|p1a: Yanmega|81\/100\n|\n|-heal|p2a: Rillaboom|90\/100|[from] Grassy Terrain\n|upkeep\n|turn|7\n|\n|t:|1701147288\n|switch|p2a: Maushold|Maushold|100\/100\n|-damage|p2a: Maushold|88\/100|[from] Stealth Rock\n|move|p1a: Yanmega|Bug Buzz|p2a: Maushold\n|-damage|p2a: Maushold|15\/100\n|\n|-heal|p2a: Maushold|21\/100|[from] Grassy Terrain\n|-ability|p1a: Yanmega|Speed Boost|boost\n|-boost|p1a: Yanmega|spe|1\n|upkeep\n|turn|8\n|\n|t:|1701147297\n|switch|p2a: Enamorus|Enamorus, F|100\/100\n|-damage|p2a: Enamorus|76\/100|[from] Stealth Rock\n|move|p1a: Yanmega|Bug Buzz|p2a: Enamorus\n|-resisted|p2a: Enamorus\n|-damage|p2a: Enamorus|60\/100\n|\n|-ability|p1a: Yanmega|Speed Boost|boost\n|-boost|p1a: Yanmega|spe|1\n|upkeep\n|turn|9\n|\n|t:|1701147311\n|move|p1a: Yanmega|Protect|p1a: Yanmega\n|-singleturn|p1a: Yanmega|Protect\n|move|p2a: Enamorus|Moonblast|p1a: Yanmega\n|-activate|p1a: Yanmega|move: Protect\n|\n|-ability|p1a: Yanmega|Speed Boost|boost\n|-boost|p1a: Yanmega|spe|1\n|upkeep\n|turn|10\n|\n|t:|1701147318\n|switch|p1a: Goodra|Goodra-Hisui, M|100\/100\n|move|p2a: Enamorus|Moonblast|p1a: Goodra\n|-damage|p1a: Goodra|80\/100\n|\n|-heal|p1a: Goodra|86\/100|[from] Grassy Terrain\n|-fieldend|move: Grassy Terrain\n|upkeep\n|turn|11\n|\n|t:|1701147329\n|switch|p2a: Great Tusk|Great Tusk|75\/100 tox\n|-damage|p2a: Great Tusk|72\/100 tox|[from] Stealth Rock\n|move|p1a: Goodra|Ice Beam|p2a: Great Tusk\n|-supereffective|p2a: Great Tusk\n|-damage|p2a: Great Tusk|0 fnt\n|faint|p2a: Great Tusk\n|-end|p2a: Great Tusk|Protosynthesis|[silent]\n|\n|upkeep\n|j| xxCOALLAxx\n|inactive|tommytt22 has 120 seconds left.\n|\n|t:|1701147339\n|switch|p2a: devindian|Kingambit, F|100\/100\n|-damage|p2a: devindian|94\/100|[from] Stealth Rock\n|-activate|p2a: devindian|ability: Supreme Overlord\n|-start|p2a: devindian|fallen2|[silent]\n|turn|12\n|inactive|tommytt22 has 120 seconds left.\n|\n|t:|1701147351\n|switch|p1a: Ting-Lu|Ting-Lu|100\/100\n|-ability|p1a: Ting-Lu|Vessel of Ruin\n|move|p2a: devindian|Swords Dance|p2a: devindian\n|-boost|p2a: devindian|atk|2\n|\n|-heal|p2a: devindian|100\/100|[from] item: Leftovers\n|upkeep\n|turn|13\n|\n|t:|1701147359\n|move|p2a: devindian|Iron Head|p1a: Ting-Lu\n|-damage|p1a: Ting-Lu|58\/100\n|move|p1a: Ting-Lu|Whirlwind|p2a: devindian\n|-end|p2a: devindian|fallen2|[silent]\n|drag|p2a: Enamorus|Enamorus, F|60\/100\n|-damage|p2a: Enamorus|35\/100|[from] Stealth Rock\n|\n|-heal|p1a: Ting-Lu|64\/100|[from] item: Leftovers\n|upkeep\n|turn|14\n|\n|t:|1701147368\n|move|p2a: Enamorus|Moonblast|p1a: Ting-Lu\n|-supereffective|p1a: Ting-Lu\n|-crit|p1a: Ting-Lu\n|-damage|p1a: Ting-Lu|0 fnt\n|faint|p1a: Ting-Lu\n|\n|upkeep\n|\n|t:|1701147375\n|switch|p1a: Goodra|Goodra-Hisui, M|86\/100\n|turn|15\n|inactive|tommytt22 has 120 seconds left.\n|\n|t:|1701147423\n|switch|p2a: devindian|Kingambit, F|100\/100\n|-damage|p2a: devindian|94\/100|[from] Stealth Rock\n|-activate|p2a: devindian|ability: Supreme Overlord\n|-start|p2a: devindian|fallen2|[silent]\n|move|p1a: Goodra|Ice Beam|p2a: devindian\n|-resisted|p2a: devindian\n|-damage|p2a: devindian|80\/100\n|\n|-heal|p2a: devindian|86\/100|[from] item: Leftovers\n|upkeep\n|turn|16\n|\n|t:|1701147439\n|move|p2a: devindian|Kowtow Cleave|p1a: Goodra\n|-damage|p1a: Goodra|29\/100\n|-ability|p1a: Goodra|Gooey\n|-unboost|p2a: devindian|spe|1\n|move|p1a: Goodra|Dragon Tail|p2a: devindian\n|-resisted|p2a: devindian\n|-damage|p2a: devindian|78\/100\n|-end|p2a: devindian|fallen2|[silent]\n|drag|p2a: Enamorus|Enamorus, F|35\/100\n|-damage|p2a: Enamorus|10\/100|[from] Stealth Rock\n|\n|upkeep\n|turn|17\n|j| SwabbyYabby\n|inactive|tommytt22 has 90 seconds left.\n|\n|t:|1701147465\n|-terastallize|p2a: Enamorus|Fairy\n|move|p2a: Enamorus|Moonblast|p1a: Goodra\n|-damage|p1a: Goodra|0 fnt\n|faint|p1a: Goodra\n|\n|upkeep\n|\n|t:|1701147471\n|switch|p1a: Okidogi|Okidogi, M|100\/100\n|turn|18\n|l| SwabbyYabby\n|inactive|tommytt22 has 90 seconds left.\n|j| diyuenji\n|\n|t:|1701147502\n|switch|p2a: Rillaboom|Rillaboom, F|90\/100\n|-damage|p2a: Rillaboom|78\/100|[from] Stealth Rock\n|-fieldstart|move: Grassy Terrain|[from] ability: Grassy Surge|[of] p2a: Rillaboom\n|move|p1a: Okidogi|Drain Punch|p2a: Rillaboom\n|-damage|p2a: Rillaboom|35\/100\n|-status|p2a: Rillaboom|tox|[from] ability: Toxic Chain|[of] p1a: Okidogi\n|\n|-heal|p2a: Rillaboom|41\/100 tox|[from] Grassy Terrain\n|-damage|p2a: Rillaboom|35\/100 tox|[from] psn\n|upkeep\n|turn|19\n|j| SwabbyYabby\n|\n|t:|1701147527\n|move|p2a: Rillaboom|Wood Hammer|p1a: Okidogi\n|-resisted|p1a: Okidogi\n|-damage|p1a: Okidogi|46\/100\n|-damage|p2a: Rillaboom|15\/100 tox|[from] Recoil\n|move|p1a: Okidogi|Drain Punch|p2a: Rillaboom\n|-damage|p2a: Rillaboom|0 fnt\n|-heal|p1a: Okidogi|52\/100|[from] drain|[of] p2a: Rillaboom\n|faint|p2a: Rillaboom\n|\n|-heal|p1a: Okidogi|58\/100|[from] Grassy Terrain\n|upkeep\n|inactive|tommytt22 has 60 seconds left.\n|\n|t:|1701147557\n|switch|p2a: Maushold|Maushold|21\/100\n|-damage|p2a: Maushold|9\/100|[from] Stealth Rock\n|turn|20\n|inactive|tommytt22 has 60 seconds left.\n|\n|t:|1701147564\n|move|p2a: Maushold|Tidy Up|p2a: Maushold\n|-sideend|p2: tommytt22|Stealth Rock\n|-activate|p2a: Maushold|move: Tidy Up\n|-boost|p2a: Maushold|atk|1\n|-boost|p2a: Maushold|spe|1\n|move|p1a: Okidogi|Drain Punch|p2a: Maushold\n|-supereffective|p2a: Maushold\n|-damage|p2a: Maushold|0 fnt\n|-heal|p1a: Okidogi|61\/100|[from] drain|[of] p2a: Maushold\n|faint|p2a: Maushold\n|\n|-heal|p1a: Okidogi|67\/100|[from] Grassy Terrain\n|upkeep\n|inactive|tommytt22 has 60 seconds left.\n|\n|t:|1701147570\n|switch|p2a: Enamorus|Enamorus, F, tera:Fairy|10\/100\n|turn|21\n|\n|t:|1701147576\n|move|p2a: Enamorus|Earth Power|p1a: Okidogi\n|-supereffective|p1a: Okidogi\n|-damage|p1a: Okidogi|3\/100\n|move|p1a: Okidogi|Drain Punch|p2a: Enamorus\n|-resisted|p2a: Enamorus\n|-damage|p2a: Enamorus|0 fnt\n|-heal|p1a: Okidogi|7\/100|[from] drain|[of] p2a: Enamorus\n|faint|p2a: Enamorus\n|\n|-heal|p1a: Okidogi|13\/100|[from] Grassy Terrain\n|upkeep\n|c|\u2606tommytt22|g\n|c|\u2606tommytt22|g\n|\n|t:|1701147584\n|switch|p2a: devindian|Kingambit, F|78\/100\n|-activate|p2a: devindian|ability: Supreme Overlord\n|-start|p2a: devindian|fallen5|[silent]\n|turn|22\n|c|\u2606CaptainGrungo|gg\n|\n|t:|1701147588\n|move|p2a: devindian|Sucker Punch|p1a: Okidogi\n|-resisted|p1a: Okidogi\n|-damage|p1a: Okidogi|0 fnt\n|faint|p1a: Okidogi\n|\n|-heal|p2a: devindian|85\/100|[from] Grassy Terrain\n|-heal|p2a: devindian|91\/100|[from] item: Leftovers\n|-fieldend|move: Grassy Terrain\n|upkeep\n|\n|t:|1701147595\n|switch|p1a: Iron Valiant|Iron Valiant|100\/100\n|turn|23\n|\n|t:|1701147599\n|move|p1a: Iron Valiant|Close Combat|p2a: devindian\n|-supereffective|p2a: devindian\n|-damage|p2a: devindian|0 fnt\n|-unboost|p1a: Iron Valiant|def|1\n|-unboost|p1a: Iron Valiant|spd|1\n|faint|p2a: devindian\n|-end|p2a: devindian|fallen5|[silent]\n|\n|win|CaptainGrungo\n|raw|CaptainGrungo's rating: 1687 &rarr; <strong>1706<\/strong><br \/>(+19 for winning)\n|raw|tommytt22's rating: 1664 &rarr; <strong>1645<\/strong><br \/>(-19 for losing)\n|l|\u2606tommytt22\n|l|\u2606CaptainGrungo\n|l| diyuenji\n|l| xxCOALLAxx\n|j| xxCOALLAxx\n","uploadtime":1701148307,"views":5,"p1id":"captaingrungo","p2id":"tommytt22","formatid":"gen9ou","rating":1645,"private":0,"password":""}