{"id":"gen9ou-1989777605","p1":"Leckasos","p2":"Pk Is Ok","format":"[Gen 9] OU","log":"|j|\u2606Leckasos\n|j|\u2606Pk Is Ok\n|t:|1699894894\n|gametype|singles\n|player|p1|Leckasos|swimmerf-gen4dp|1569\n|player|p2|Pk Is Ok|fisher-gen8|1624\n|teamsize|p1|6\n|teamsize|p2|6\n|gen|9\n|tier|[Gen 9] OU\n|rated|\n|rule|Sleep Clause Mod: Limit one foe put to sleep\n|rule|Species Clause: Limit one of each Pok\u00e9mon\n|rule|OHKO Clause: OHKO moves are banned\n|rule|Evasion Items Clause: Evasion items are banned\n|rule|Evasion Moves Clause: Evasion moves are banned\n|rule|Endless Battle Clause: Forcing endless battles is banned\n|rule|HP Percentage Mod: HP is shown in percentages\n|clearpoke\n|poke|p1|Iron Treads|\n|poke|p1|Ceruledge, F|\n|poke|p1|Rillaboom, F|\n|poke|p1|Iron Valiant|\n|poke|p1|Iron Moth|\n|poke|p1|Kingambit, F|\n|poke|p2|Ursaluna, F|\n|poke|p2|Garganacl, M|\n|poke|p2|Alomomola, M|\n|poke|p2|Iron Moth|\n|poke|p2|Hatterene, F|\n|poke|p2|Rillaboom, M|\n|teampreview\n|inactive|Battle timer is ON: inactive players will automatically lose when time's up. (requested by Leckasos)\n|\n|t:|1699894910\n|start\n|switch|p1a: Iron Treads|Iron Treads|100\/100\n|switch|p2a: night 5|Ursaluna, F|100\/100\n|-enditem|p1a: Iron Treads|Booster Energy\n|-activate|p1a: Iron Treads|ability: Quark Drive|[fromitem]\n|-start|p1a: Iron Treads|quarkdrivespe\n|turn|1\n|\n|t:|1699894920\n|move|p1a: Iron Treads|Stealth Rock|p2a: night 5\n|-sidestart|p2: Pk Is Ok|move: Stealth Rock\n|move|p2a: night 5|High Horsepower|p1a: Iron Treads|[miss]\n|-miss|p2a: night 5|p1a: Iron Treads\n|\n|upkeep\n|turn|2\n|\n|t:|1699894925\n|move|p2a: night 5|Protect|p2a: night 5\n|-singleturn|p2a: night 5|Protect\n|move|p1a: Iron Treads|Knock Off|p2a: night 5\n|-activate|p2a: night 5|move: Protect\n|\n|upkeep\n|turn|3\n|\n|t:|1699894930\n|move|p1a: Iron Treads|Knock Off|p2a: night 5\n|-damage|p2a: night 5|84\/100\n|-enditem|p2a: night 5|Leftovers|[from] move: Knock Off|[of] p1a: Iron Treads\n|move|p2a: night 5|High Horsepower|p1a: Iron Treads\n|-supereffective|p1a: Iron Treads\n|-damage|p1a: Iron Treads|20\/100\n|\n|upkeep\n|turn|4\n|\n|t:|1699894936\n|move|p1a: Iron Treads|Steel Beam|p2a: night 5\n|-damage|p2a: night 5|52\/100\n|-damage|p1a: Iron Treads|0 fnt|[from] steelbeam\n|faint|p1a: Iron Treads\n|-end|p1a: Iron Treads|Quark Drive|[silent]\n|move|p2a: night 5|High Horsepower|p1: Iron Treads|[notarget]\n|-fail|p2a: night 5\n|\n|upkeep\n|\n|t:|1699894957\n|switch|p1a: Rillaboom|Rillaboom, F|100\/100\n|-fieldstart|move: Grassy Terrain|[from] ability: Grassy Surge|[of] p1a: Rillaboom\n|turn|5\n|\n|t:|1699894975\n|-terastallize|p2a: night 5|Poison\n|move|p1a: Rillaboom|Grassy Glide|p2a: night 5\n|-resisted|p2a: night 5\n|-damage|p2a: night 5|31\/100\n|move|p2a: night 5|Bulk Up|p2a: night 5\n|-boost|p2a: night 5|atk|1\n|-boost|p2a: night 5|def|1\n|\n|-heal|p2a: night 5|37\/100|[from] Grassy Terrain\n|upkeep\n|turn|6\n|inactive|Leckasos has 120 seconds left.\n|\n|t:|1699894997\n|switch|p1a: Iron Valiant|Iron Valiant|100\/100\n|-enditem|p1a: Iron Valiant|Booster Energy\n|-activate|p1a: Iron Valiant|ability: Quark Drive|[fromitem]\n|-start|p1a: Iron Valiant|quarkdrivespe\n|move|p2a: night 5|Ice Punch|p1a: Iron Valiant\n|-damage|p1a: Iron Valiant|54\/100\n|\n|-heal|p1a: Iron Valiant|61\/100|[from] Grassy Terrain\n|-heal|p2a: night 5|44\/100|[from] Grassy Terrain\n|upkeep\n|turn|7\n|\n|t:|1699895004\n|move|p2a: night 5|Protect|p2a: night 5\n|-singleturn|p2a: night 5|Protect\n|move|p1a: Iron Valiant|Encore|p2a: night 5\n|-activate|p2a: night 5|move: Protect\n|\n|-heal|p1a: Iron Valiant|67\/100|[from] Grassy Terrain\n|-heal|p2a: night 5|50\/100|[from] Grassy Terrain\n|upkeep\n|turn|8\n|\n|t:|1699895009\n|switch|p2a: soulja boy|Alomomola, M|100\/100\n|-damage|p2a: soulja boy|88\/100|[from] Stealth Rock\n|move|p1a: Iron Valiant|Encore||[still]\n|-fail|p1a: Iron Valiant\n|\n|-heal|p1a: Iron Valiant|73\/100|[from] Grassy Terrain\n|-heal|p2a: soulja boy|94\/100|[from] Grassy Terrain\n|upkeep\n|turn|9\n|\n|t:|1699895013\n|move|p1a: Iron Valiant|Calm Mind|p1a: Iron Valiant\n|-boost|p1a: Iron Valiant|spa|1\n|-boost|p1a: Iron Valiant|spd|1\n|move|p2a: soulja boy|Flip Turn|p1a: Iron Valiant\n|-damage|p1a: Iron Valiant|50\/100\n|\n|t:|1699895018\n|switch|p2a: BusinessIsBoomin|Rillaboom, M|100\/100|[from] Flip Turn\n|-damage|p2a: BusinessIsBoomin|88\/100|[from] Stealth Rock\n|\n|-heal|p1a: Iron Valiant|57\/100|[from] Grassy Terrain\n|-heal|p2a: BusinessIsBoomin|94\/100|[from] Grassy Terrain\n|-fieldend|move: Grassy Terrain\n|upkeep\n|turn|10\n|\n|t:|1699895022\n|switch|p2a: soulja boy|Alomomola, M|100\/100\n|-damage|p2a: soulja boy|88\/100|[from] Stealth Rock\n|move|p1a: Iron Valiant|Moonblast|p2a: soulja boy\n|-damage|p2a: soulja boy|54\/100\n|\n|upkeep\n|turn|11\n|\n|t:|1699895029\n|move|p1a: Iron Valiant|Moonblast|p2a: soulja boy\n|-damage|p2a: soulja boy|20\/100\n|move|p2a: soulja boy|Mirror Coat|p1a: Iron Valiant\n|-damage|p1a: Iron Valiant|0 fnt\n|faint|p1a: Iron Valiant\n|-end|p1a: Iron Valiant|Quark Drive|[silent]\n|\n|upkeep\n|\n|t:|1699895039\n|switch|p1a: Iron Moth|Iron Moth|100\/100\n|-enditem|p1a: Iron Moth|Booster Energy\n|-activate|p1a: Iron Moth|ability: Quark Drive|[fromitem]\n|-start|p1a: Iron Moth|quarkdrivespe\n|turn|12\n|\n|t:|1699895048\n|switch|p2a: night 5|Ursaluna, F, tera:Poison|50\/100\n|-damage|p2a: night 5|37\/100|[from] Stealth Rock\n|move|p1a: Iron Moth|Energy Ball|p2a: night 5\n|-resisted|p2a: night 5\n|-damage|p2a: night 5|29\/100\n|\n|upkeep\n|turn|13\n|\n|t:|1699895054\n|move|p1a: Iron Moth|Psychic|p2a: night 5\n|-supereffective|p2a: night 5\n|-damage|p2a: night 5|0 fnt\n|faint|p2a: night 5\n|\n|upkeep\n|\n|t:|1699895058\n|switch|p2a: unfair|Garganacl, M|100\/100\n|-damage|p2a: unfair|88\/100|[from] Stealth Rock\n|turn|14\n|\n|t:|1699895065\n|move|p2a: unfair|Protect|p2a: unfair\n|-singleturn|p2a: unfair|Protect\n|move|p1a: Iron Moth|Energy Ball|p2a: unfair\n|-activate|p2a: unfair|move: Protect\n|\n|-heal|p2a: unfair|94\/100|[from] item: Leftovers\n|upkeep\n|turn|15\n|\n|t:|1699895069\n|move|p1a: Iron Moth|Energy Ball|p2a: unfair\n|-supereffective|p2a: unfair\n|-damage|p2a: unfair|57\/100\n|move|p2a: unfair|Salt Cure|p1a: Iron Moth\n|-supereffective|p1a: Iron Moth\n|-damage|p1a: Iron Moth|62\/100\n|-start|p1a: Iron Moth|Salt Cure\n|\n|-heal|p2a: unfair|63\/100|[from] item: Leftovers\n|-damage|p1a: Iron Moth|50\/100|[from] Salt Cure\n|upkeep\n|turn|16\n|\n|t:|1699895078\n|-end|p1a: Iron Moth|Quark Drive|[silent]\n|switch|p1a: Rillaboom|Rillaboom, F|100\/100\n|-fieldstart|move: Grassy Terrain|[from] ability: Grassy Surge|[of] p1a: Rillaboom\n|move|p2a: unfair|Recover|p2a: unfair\n|-heal|p2a: unfair|100\/100\n|\n|upkeep\n|turn|17\n|\n|t:|1699895083\n|move|p2a: unfair|Protect|p2a: unfair\n|-singleturn|p2a: unfair|Protect\n|move|p1a: Rillaboom|Wood Hammer|p2a: unfair\n|-activate|p2a: unfair|move: Protect\n|\n|upkeep\n|turn|18\n|\n|t:|1699895089\n|switch|p2a: the sun|Iron Moth|100\/100\n|-damage|p2a: the sun|76\/100|[from] Stealth Rock\n|-enditem|p2a: the sun|Booster Energy\n|-activate|p2a: the sun|ability: Quark Drive|[fromitem]\n|-start|p2a: the sun|quarkdrivespe\n|move|p1a: Rillaboom|Wood Hammer|p2a: the sun\n|-resisted|p2a: the sun\n|-damage|p2a: the sun|31\/100\n|-damage|p1a: Rillaboom|88\/100|[from] Recoil\n|\n|-heal|p2a: the sun|37\/100|[from] Grassy Terrain\n|-heal|p1a: Rillaboom|94\/100|[from] Grassy Terrain\n|upkeep\n|turn|19\n|\n|t:|1699895100\n|switch|p1a: Iron Moth|Iron Moth|50\/100\n|move|p2a: the sun|Energy Ball|p1a: Iron Moth\n|-resisted|p1a: Iron Moth\n|-damage|p1a: Iron Moth|39\/100\n|\n|-heal|p2a: the sun|43\/100|[from] Grassy Terrain\n|-heal|p1a: Iron Moth|45\/100|[from] Grassy Terrain\n|upkeep\n|turn|20\n|\n|t:|1699895105\n|-end|p2a: the sun|Quark Drive|[silent]\n|switch|p2a: unfair|Garganacl, M|100\/100\n|-damage|p2a: unfair|88\/100|[from] Stealth Rock\n|move|p1a: Iron Moth|Psychic|p2a: unfair\n|-damage|p2a: unfair|66\/100\n|\n|-heal|p1a: Iron Moth|51\/100|[from] Grassy Terrain\n|-heal|p2a: unfair|73\/100|[from] Grassy Terrain\n|-heal|p2a: unfair|79\/100|[from] item: Leftovers\n|-fieldend|move: Grassy Terrain\n|upkeep\n|turn|21\n|\n|t:|1699895110\n|move|p1a: Iron Moth|Energy Ball|p2a: unfair\n|-supereffective|p2a: unfair\n|-damage|p2a: unfair|41\/100\n|move|p2a: unfair|Iron Defense|p2a: unfair\n|-boost|p2a: unfair|def|2\n|\n|-heal|p2a: unfair|47\/100|[from] item: Leftovers\n|upkeep\n|turn|22\n|\n|t:|1699895115\n|move|p2a: unfair|Protect|p2a: unfair\n|-singleturn|p2a: unfair|Protect\n|move|p1a: Iron Moth|Energy Ball|p2a: unfair\n|-activate|p2a: unfair|move: Protect\n|\n|-heal|p2a: unfair|53\/100|[from] item: Leftovers\n|upkeep\n|turn|23\n|\n|t:|1699895121\n|-end|p1a: Iron Moth|Quark Drive|[silent]\n|switch|p1a: Rillaboom|Rillaboom, F|94\/100\n|-fieldstart|move: Grassy Terrain|[from] ability: Grassy Surge|[of] p1a: Rillaboom\n|move|p2a: unfair|Recover|p2a: unfair\n|-heal|p2a: unfair|100\/100\n|\n|-heal|p1a: Rillaboom|99\/100|[from] Grassy Terrain\n|upkeep\n|turn|24\n|inactive|Pk Is Ok has 120 seconds left.\n|inactive|Pk Is Ok has 90 seconds left.\n|\n|t:|1699895198\n|switch|p1a: Iron Moth|Iron Moth|51\/100\n|move|p2a: unfair|Salt Cure|p1a: Iron Moth\n|-supereffective|p1a: Iron Moth\n|-damage|p1a: Iron Moth|13\/100\n|-start|p1a: Iron Moth|Salt Cure\n|\n|-heal|p1a: Iron Moth|19\/100|[from] Grassy Terrain\n|-damage|p1a: Iron Moth|7\/100|[from] Salt Cure\n|upkeep\n|turn|25\n|\n|t:|1699895208\n|move|p2a: unfair|Protect|p2a: unfair\n|-singleturn|p2a: unfair|Protect\n|move|p1a: Iron Moth|Energy Ball|p2a: unfair\n|-activate|p2a: unfair|move: Protect\n|\n|-heal|p1a: Iron Moth|13\/100|[from] Grassy Terrain\n|-damage|p1a: Iron Moth|0 fnt|[from] Salt Cure\n|faint|p1a: Iron Moth\n|-end|p1a: Iron Moth|Quark Drive|[silent]\n|upkeep\n|\n|t:|1699895217\n|switch|p1a: Rillaboom|Rillaboom, F|99\/100\n|turn|26\n|\n|t:|1699895222\n|move|p1a: Rillaboom|Wood Hammer|p2a: unfair\n|-supereffective|p2a: unfair\n|-damage|p2a: unfair|19\/100\n|-damage|p1a: Rillaboom|68\/100|[from] Recoil\n|move|p2a: unfair|Salt Cure|p1a: Rillaboom\n|-damage|p1a: Rillaboom|52\/100\n|-start|p1a: Rillaboom|Salt Cure\n|\n|-heal|p1a: Rillaboom|58\/100|[from] Grassy Terrain\n|-heal|p2a: unfair|25\/100|[from] Grassy Terrain\n|-heal|p2a: unfair|31\/100|[from] item: Leftovers\n|-damage|p1a: Rillaboom|46\/100|[from] Salt Cure\n|upkeep\n|turn|27\n|\n|t:|1699895229\n|move|p2a: unfair|Protect|p2a: unfair\n|-singleturn|p2a: unfair|Protect\n|move|p1a: Rillaboom|Wood Hammer|p2a: unfair\n|-activate|p2a: unfair|move: Protect\n|\n|-heal|p1a: Rillaboom|52\/100|[from] Grassy Terrain\n|-heal|p2a: unfair|37\/100|[from] Grassy Terrain\n|-heal|p2a: unfair|44\/100|[from] item: Leftovers\n|-damage|p1a: Rillaboom|40\/100|[from] Salt Cure\n|-fieldend|move: Grassy Terrain\n|upkeep\n|turn|28\n|\n|t:|1699895239\n|move|p1a: Rillaboom|Wood Hammer|p2a: unfair\n|-supereffective|p2a: unfair\n|-damage|p2a: unfair|0 fnt\n|faint|p2a: unfair\n|-damage|p1a: Rillaboom|23\/100|[from] Recoil\n|\n|-damage|p1a: Rillaboom|10\/100|[from] Salt Cure\n|upkeep\n|\n|t:|1699895247\n|switch|p2a: BusinessIsBoomin|Rillaboom, M|94\/100\n|-damage|p2a: BusinessIsBoomin|82\/100|[from] Stealth Rock\n|-fieldstart|move: Grassy Terrain|[from] ability: Grassy Surge|[of] p2a: BusinessIsBoomin\n|turn|29\n|\n|t:|1699895254\n|move|p2a: BusinessIsBoomin|Grassy Glide|p1a: Rillaboom\n|-resisted|p1a: Rillaboom\n|-damage|p1a: Rillaboom|0 fnt\n|faint|p1a: Rillaboom\n|\n|-heal|p2a: BusinessIsBoomin|88\/100|[from] Grassy Terrain\n|upkeep\n|\n|t:|1699895256\n|switch|p1a: Ceruledge|Ceruledge, F|100\/100\n|turn|30\n|inactive|Pk Is Ok has 120 seconds left.\n|\n|t:|1699895275\n|move|p1a: Ceruledge|Swords Dance|p1a: Ceruledge\n|-boost|p1a: Ceruledge|atk|2\n|move|p2a: BusinessIsBoomin|Knock Off|p1a: Ceruledge\n|-supereffective|p1a: Ceruledge\n|-enditem|p1a: Ceruledge|Focus Sash\n|-damage|p1a: Ceruledge|1\/100\n|-ability|p1a: Ceruledge|Weak Armor|boost\n|-unboost|p1a: Ceruledge|def|1\n|-boost|p1a: Ceruledge|spe|2\n|\n|-heal|p1a: Ceruledge|7\/100|[from] Grassy Terrain\n|-heal|p2a: BusinessIsBoomin|94\/100|[from] Grassy Terrain\n|upkeep\n|turn|31\n|\n|t:|1699895286\n|move|p1a: Ceruledge|Shadow Sneak|p2a: BusinessIsBoomin\n|-damage|p2a: BusinessIsBoomin|55\/100\n|move|p2a: BusinessIsBoomin|Grassy Glide|p1a: Ceruledge\n|-resisted|p1a: Ceruledge\n|-damage|p1a: Ceruledge|0 fnt\n|faint|p1a: Ceruledge\n|\n|-heal|p2a: BusinessIsBoomin|61\/100|[from] Grassy Terrain\n|upkeep\n|\n|t:|1699895291\n|switch|p1a: Kingambit|Kingambit, F|100\/100\n|-activate|p1a: Kingambit|ability: Supreme Overlord\n|-start|p1a: Kingambit|fallen5|[silent]\n|turn|32\n|\n|t:|1699895299\n|move|p2a: BusinessIsBoomin|Drain Punch|p1a: Kingambit\n|-supereffective|p1a: Kingambit\n|-damage|p1a: Kingambit|10\/100\n|-heal|p2a: BusinessIsBoomin|100\/100|[from] drain|[of] p1a: Kingambit\n|move|p1a: Kingambit|Swords Dance|p1a: Kingambit\n|-boost|p1a: Kingambit|atk|2\n|\n|-heal|p1a: Kingambit|17\/100|[from] Grassy Terrain\n|upkeep\n|turn|33\n|\n|t:|1699895313\n|-terastallize|p1a: Kingambit|Flying\n|move|p2a: BusinessIsBoomin|Grassy Glide|p1a: Kingambit\n|-resisted|p1a: Kingambit\n|-damage|p1a: Kingambit|1\/100\n|move|p1a: Kingambit|Iron Head|p2a: BusinessIsBoomin\n|-damage|p2a: BusinessIsBoomin|0 fnt\n|faint|p2a: BusinessIsBoomin\n|\n|upkeep\n|\n|t:|1699895326\n|switch|p2a: room to shmove|Hatterene, F, shiny|100\/100\n|-damage|p2a: room to shmove|88\/100|[from] Stealth Rock\n|-enditem|p2a: room to shmove|Grassy Seed\n|-boost|p2a: room to shmove|def|1|[from] item: Grassy Seed\n|turn|34\n|\n|t:|1699895329\n|move|p1a: Kingambit|Iron Head|p2a: room to shmove\n|-supereffective|p2a: room to shmove\n|-damage|p2a: room to shmove|0 fnt\n|faint|p2a: room to shmove\n|\n|upkeep\n|c|\u2606Pk Is Ok|bro no way\n|\n|t:|1699895336\n|switch|p2a: soulja boy|Alomomola, M|53\/100\n|-damage|p2a: soulja boy|41\/100|[from] Stealth Rock\n|turn|35\n|c|\u2606Leckasos|What ?\n|c|\u2606Pk Is Ok|I'm gonna lose lmao\n|c|\u2606Leckasos|Lol\n|\n|t:|1699895365\n|move|p1a: Kingambit|Sucker Punch|p2a: soulja boy\n|-damage|p2a: soulja boy|0 fnt\n|faint|p2a: soulja boy\n|\n|upkeep\n|\n|t:|1699895371\n|switch|p2a: the sun|Iron Moth|43\/100\n|-damage|p2a: the sun|18\/100|[from] Stealth Rock\n|turn|36\n|\n|t:|1699895376\n|move|p1a: Kingambit|Sucker Punch|p2a: the sun\n|-damage|p2a: the sun|0 fnt\n|faint|p2a: the sun\n|-end|p2a: the sun|Quark Drive|[silent]\n|\n|win|Leckasos\n|raw|Leckasos's rating: 1569 &rarr; <strong>1592<\/strong><br \/>(+23 for winning)\n|raw|Pk Is Ok's rating: 1624 &rarr; <strong>1601<\/strong><br \/>(-23 for losing)\n|c|\u2606Pk Is Ok|damn\n|c|\u2606Leckasos|Gg\n|c|\u2606Pk Is Ok|gg\n|c|\u2606Leckasos|1\/342 HP\n","uploadtime":1699895393,"views":15,"p1id":"leckasos","p2id":"pkisok","formatid":"gen9ou","rating":1592,"private":0,"password":""}