{"id":"gen9ou-1992411602","p1":"n8n8n88","p2":"ratatta17","format":"[Gen 9] OU","log":"|j|\u2606n8n8n88\n|j|\u2606ratatta17\n|t:|1700184473\n|gametype|singles\n|player|p1|n8n8n88|sisandbro|1384\n|player|p2|ratatta17|2|1452\n|teamsize|p1|6\n|teamsize|p2|6\n|gen|9\n|tier|[Gen 9] OU\n|rated|\n|rule|Sleep Clause Mod: Limit one foe put to sleep\n|rule|Species Clause: Limit one of each Pok\u00e9mon\n|rule|OHKO Clause: OHKO moves are banned\n|rule|Evasion Items Clause: Evasion items are banned\n|rule|Evasion Moves Clause: Evasion moves are banned\n|rule|Endless Battle Clause: Forcing endless battles is banned\n|rule|HP Percentage Mod: HP is shown in percentages\n|clearpoke\n|poke|p1|Rillaboom, F|\n|poke|p1|Skeledirge, M|\n|poke|p1|Kingambit, F|\n|poke|p1|Regidrago|\n|poke|p1|Quaquaval, F|\n|poke|p1|Thundurus-Therian, M|\n|poke|p2|Azumarill, F|\n|poke|p2|Staraptor, M|\n|poke|p2|Toedscruel, F|\n|poke|p2|Skeledirge, M|\n|poke|p2|Ninetales-Alola, F|\n|poke|p2|Iron Valiant|\n|teampreview\n|inactive|Battle timer is ON: inactive players will automatically lose when time's up. (requested by n8n8n88)\n|inactive|ratatta17 also wants the timer to be on.\n|inactive|n8n8n88 has 120 seconds left.\n|\n|t:|1700184515\n|start\n|switch|p1a: Skeledirge|Skeledirge, M|100\/100\n|switch|p2a: Toedscruel|Toedscruel, F|100\/100\n|turn|1\n|\n|t:|1700184523\n|move|p2a: Toedscruel|Knock Off|p1a: Skeledirge\n|-supereffective|p1a: Skeledirge\n|-damage|p1a: Skeledirge|73\/100\n|-enditem|p1a: Skeledirge|Heavy-Duty Boots|[from] move: Knock Off|[of] p2a: Toedscruel\n|move|p1a: Skeledirge|Will-O-Wisp|p2a: Toedscruel\n|-status|p2a: Toedscruel|brn\n|\n|-damage|p2a: Toedscruel|94\/100 brn|[from] brn\n|upkeep\n|turn|2\n|\n|t:|1700184533\n|move|p1a: Skeledirge|Torch Song|p2a: Toedscruel\n|-supereffective|p2a: Toedscruel\n|-damage|p2a: Toedscruel|48\/100 brn\n|-boost|p1a: Skeledirge|spa|1\n|move|p2a: Toedscruel|Spore|p1a: Skeledirge\n|-status|p1a: Skeledirge|slp|[from] move: Spore\n|\n|-heal|p2a: Toedscruel|54\/100 brn|[from] item: Leftovers\n|-damage|p2a: Toedscruel|48\/100 brn|[from] brn\n|upkeep\n|turn|3\n|\n|t:|1700184544\n|switch|p2a: Skeledirge|Skeledirge, M|100\/100\n|cant|p1a: Skeledirge|slp\n|\n|upkeep\n|turn|4\n|\n|t:|1700184554\n|move|p2a: Skeledirge|Hex|p1a: Skeledirge\n|-supereffective|p1a: Skeledirge\n|-damage|p1a: Skeledirge|3\/100 slp\n|cant|p1a: Skeledirge|slp\n|\n|upkeep\n|turn|5\n|\n|t:|1700184564\n|move|p2a: Skeledirge|Torch Song|p1a: Skeledirge\n|-resisted|p1a: Skeledirge\n|-damage|p1a: Skeledirge|0 fnt\n|-boost|p2a: Skeledirge|spa|1\n|faint|p1a: Skeledirge\n|\n|upkeep\n|\n|t:|1700184573\n|switch|p1a: Quaquaval|Quaquaval, F|100\/100\n|turn|6\n|\n|t:|1700184585\n|switch|p2a: Ninetales|Ninetales-Alola, F|100\/100\n|-weather|Snow|[from] ability: Snow Warning|[of] p2a: Ninetales\n|move|p1a: Quaquaval|Aqua Step|p2a: Ninetales\n|-damage|p2a: Ninetales|55\/100\n|-boost|p1a: Quaquaval|spe|1\n|-damage|p1a: Quaquaval|91\/100|[from] item: Life Orb\n|\n|-weather|Snow|[upkeep]\n|upkeep\n|turn|7\n|\n|t:|1700184595\n|move|p1a: Quaquaval|Close Combat|p2a: Ninetales\n|-damage|p2a: Ninetales|0 fnt\n|-unboost|p1a: Quaquaval|def|1\n|-unboost|p1a: Quaquaval|spd|1\n|faint|p2a: Ninetales\n|-ability|p1a: Quaquaval|Moxie|boost\n|-boost|p1a: Quaquaval|atk|1\n|-damage|p1a: Quaquaval|81\/100|[from] item: Life Orb\n|\n|-weather|Snow|[upkeep]\n|upkeep\n|\n|t:|1700184609\n|switch|p2a: Staraptor|Staraptor, M|100\/100\n|-ability|p2a: Staraptor|Intimidate|boost\n|-unboost|p1a: Quaquaval|atk|1\n|turn|8\n|\n|t:|1700184621\n|switch|p1a: Thundurus|Thundurus-Therian, M|100\/100\n|move|p2a: Staraptor|Final Gambit|p1a: Thundurus\n|-damage|p1a: Thundurus|0 fnt\n|faint|p2a: Staraptor\n|faint|p1a: Thundurus\n|\n|-weather|Snow|[upkeep]\n|upkeep\n|\n|t:|1700184636\n|switch|p1a: Regidrago|Regidrago|100\/100\n|switch|p2a: Toedscruel|Toedscruel, F|48\/100 brn\n|turn|9\n|\n|t:|1700184644\n|-terastallize|p1a: Regidrago|Poison\n|move|p1a: Regidrago|Tera Blast|p2a: Toedscruel|[anim] Tera Blast Poison\n|-damage|p2a: Toedscruel|20\/100 brn\n|move|p2a: Toedscruel|Spore|p1a: Regidrago\n|-status|p1a: Regidrago|slp|[from] move: Spore\n|\n|-weather|Snow|[upkeep]\n|-heal|p2a: Toedscruel|26\/100 brn|[from] item: Leftovers\n|-damage|p2a: Toedscruel|20\/100 brn|[from] brn\n|upkeep\n|turn|10\n|\n|t:|1700184662\n|switch|p1a: Rillaboom|Rillaboom, F, shiny|100\/100\n|-fieldstart|move: Grassy Terrain|[from] ability: Grassy Surge|[of] p1a: Rillaboom\n|-enditem|p1a: Rillaboom|Grassy Seed\n|-boost|p1a: Rillaboom|def|1|[from] item: Grassy Seed\n|move|p2a: Toedscruel|Leech Seed|p1a: Rillaboom\n|-immune|p1a: Rillaboom\n|\n|-weather|none\n|-heal|p2a: Toedscruel|26\/100 brn|[from] Grassy Terrain\n|-heal|p2a: Toedscruel|32\/100 brn|[from] item: Leftovers\n|-damage|p2a: Toedscruel|26\/100 brn|[from] brn\n|upkeep\n|turn|11\n|\n|t:|1700184675\n|move|p1a: Rillaboom|Grassy Glide|p2a: Toedscruel\n|-damage|p2a: Toedscruel|0 fnt\n|faint|p2a: Toedscruel\n|\n|upkeep\n|inactive|ratatta17 has 120 seconds left.\n|\n|t:|1700184704\n|switch|p2a: Skeledirge|Skeledirge, M|100\/100\n|turn|12\n|\n|t:|1700184717\n|move|p1a: Rillaboom|Knock Off|p2a: Skeledirge\n|-supereffective|p2a: Skeledirge\n|-damage|p2a: Skeledirge|37\/100\n|-enditem|p2a: Skeledirge|Leftovers|[from] move: Knock Off|[of] p1a: Rillaboom\n|move|p2a: Skeledirge|Will-O-Wisp|p1a: Rillaboom\n|-status|p1a: Rillaboom|brn\n|\n|-heal|p2a: Skeledirge|43\/100|[from] Grassy Terrain\n|-damage|p1a: Rillaboom|94\/100 brn|[from] brn\n|upkeep\n|turn|13\n|\n|t:|1700184727\n|move|p1a: Rillaboom|High Horsepower|p2a: Skeledirge\n|-supereffective|p2a: Skeledirge\n|-damage|p2a: Skeledirge|16\/100\n|move|p2a: Skeledirge|Slack Off|p2a: Skeledirge\n|-heal|p2a: Skeledirge|66\/100\n|\n|-heal|p1a: Rillaboom|100\/100 brn|[from] Grassy Terrain\n|-heal|p2a: Skeledirge|72\/100|[from] Grassy Terrain\n|-damage|p1a: Rillaboom|94\/100 brn|[from] brn\n|upkeep\n|turn|14\n|\n|t:|1700184746\n|switch|p1a: Quaquaval|Quaquaval, F|81\/100\n|move|p2a: Skeledirge|Torch Song|p1a: Quaquaval\n|-resisted|p1a: Quaquaval\n|-damage|p1a: Quaquaval|61\/100\n|-boost|p2a: Skeledirge|spa|1\n|\n|-heal|p1a: Quaquaval|67\/100|[from] Grassy Terrain\n|-heal|p2a: Skeledirge|78\/100|[from] Grassy Terrain\n|-fieldend|move: Grassy Terrain\n|upkeep\n|turn|15\n|\n|t:|1700184756\n|-terastallize|p2a: Skeledirge|Dragon\n|move|p1a: Quaquaval|Aqua Step|p2a: Skeledirge\n|-resisted|p2a: Skeledirge\n|-damage|p2a: Skeledirge|59\/100\n|-boost|p1a: Quaquaval|spe|1\n|-damage|p1a: Quaquaval|57\/100|[from] item: Life Orb\n|move|p2a: Skeledirge|Will-O-Wisp|p1a: Quaquaval\n|-status|p1a: Quaquaval|brn\n|\n|-damage|p1a: Quaquaval|51\/100 brn|[from] brn\n|upkeep\n|turn|16\n|\n|t:|1700184774\n|switch|p1a: Regidrago|Regidrago, tera:Poison|100\/100 slp\n|move|p2a: Skeledirge|Slack Off|p2a: Skeledirge\n|-heal|p2a: Skeledirge|100\/100\n|\n|upkeep\n|turn|17\n|\n|t:|1700184784\n|cant|p1a: Regidrago|slp\n|move|p2a: Skeledirge|Hex|p1a: Regidrago\n|-damage|p1a: Regidrago|25\/100 slp\n|\n|upkeep\n|turn|18\n|\n|t:|1700184791\n|-curestatus|p1a: Regidrago|slp|[msg]\n|move|p1a: Regidrago|Earth Power|p2a: Skeledirge\n|-damage|p2a: Skeledirge|83\/100\n|move|p2a: Skeledirge|Hex|p1a: Regidrago\n|-damage|p1a: Regidrago|0 fnt\n|faint|p1a: Regidrago\n|\n|upkeep\n|-message|n8n8n88 forfeited.\n|\n|win|ratatta17\n|raw|n8n8n88's rating: 1384 &rarr; <strong>1368<\/strong><br \/>(-16 for losing)\n|raw|ratatta17's rating: 1452 &rarr; <strong>1468<\/strong><br \/>(+16 for winning)\n|l|\u2606n8n8n88\n","uploadtime":1700184805,"views":8,"p1id":"n8n8n88","p2id":"ratatta17","formatid":"gen9ou","rating":1368,"private":0,"password":""}