{"id":"gen9ou-2000462707","p1":"icy tower","p2":"akijuen","format":"[Gen 9] OU","log":"|j|\u2606icy tower\n|j|\u2606akijuen\n|t:|1701196876\n|gametype|singles\n|player|p1|icy tower|lady|1690\n|player|p2|akijuen|giovanni|1763\n|teamsize|p1|6\n|teamsize|p2|6\n|gen|9\n|tier|[Gen 9] OU\n|rated|\n|rule|Sleep Clause Mod: Limit one foe put to sleep\n|rule|Species Clause: Limit one of each Pok\u00e9mon\n|rule|OHKO Clause: OHKO moves are banned\n|rule|Evasion Items Clause: Evasion items are banned\n|rule|Evasion Moves Clause: Evasion moves are banned\n|rule|Endless Battle Clause: Forcing endless battles is banned\n|rule|HP Percentage Mod: HP is shown in percentages\n|clearpoke\n|poke|p1|Dragapult, F|\n|poke|p1|Great Tusk|\n|poke|p1|Samurott-Hisui, F|\n|poke|p1|Heatran, M|\n|poke|p1|Zapdos|\n|poke|p1|Okidogi, M|\n|poke|p2|Hatterene, F|\n|poke|p2|Kingambit, F|\n|poke|p2|Ogerpon-Cornerstone, F|\n|poke|p2|Enamorus, F|\n|poke|p2|Ceruledge, F|\n|poke|p2|Greninja-*, M|\n|teampreview\n|inactive|Battle timer is ON: inactive players will automatically lose when time's up. (requested by akijuen)\n|j| Rocksane\n|inactive|icy tower has 120 seconds left.\n|inactive|icy tower has 90 seconds left.\n|l| Rocksane\n|\n|t:|1701196948\n|start\n|switch|p1a: Dragapult|Dragapult, F|100\/100\n|switch|p2a: Enamorus|Enamorus, F|100\/100\n|turn|1\n|j| Rocksane\n|\n|t:|1701196952\n|switch|p1a: Heatran|Heatran, M|100\/100\n|-item|p1a: Heatran|Air Balloon\n|move|p2a: Enamorus|Moonblast|p1a: Heatran\n|-resisted|p1a: Heatran\n|-damage|p1a: Heatran|92\/100\n|-enditem|p1a: Heatran|Air Balloon\n|\n|upkeep\n|turn|2\n|\n|t:|1701196956\n|switch|p2a: Ceruledge|Ceruledge, F|100\/100\n|move|p1a: Heatran|Magma Storm|p2a: Ceruledge\n|-resisted|p2a: Ceruledge\n|-damage|p2a: Ceruledge|74\/100\n|-activate|p2a: Ceruledge|move: Magma Storm|[of] p1a: Heatran\n|\n|-damage|p2a: Ceruledge|62\/100|[from] move: Magma Storm|[partiallytrapped]\n|upkeep\n|turn|3\n|\n|t:|1701196959\n|move|p2a: Ceruledge|Close Combat|p1a: Heatran\n|-supereffective|p1a: Heatran\n|-damage|p1a: Heatran|23\/100\n|-unboost|p2a: Ceruledge|def|1\n|-unboost|p2a: Ceruledge|spd|1\n|move|p1a: Heatran|Earth Power|p2a: Ceruledge\n|-supereffective|p2a: Ceruledge\n|-damage|p2a: Ceruledge|0 fnt\n|faint|p2a: Ceruledge\n|\n|upkeep\n|\n|t:|1701196964\n|switch|p2a: Ogerpon|Ogerpon-Cornerstone, F|100\/100\n|turn|4\n|\n|t:|1701196968\n|move|p2a: Ogerpon|Spikes|p1a: Heatran\n|-sidestart|p1: icy tower|Spikes\n|move|p1a: Heatran|Magma Storm|p2a: Ogerpon\n|-damage|p2a: Ogerpon|47\/100\n|-activate|p2a: Ogerpon|move: Magma Storm|[of] p1a: Heatran\n|\n|-damage|p2a: Ogerpon|35\/100|[from] move: Magma Storm|[partiallytrapped]\n|upkeep\n|turn|5\n|\n|t:|1701196971\n|switch|p1a: Great Tusk|Great Tusk|100\/100\n|-damage|p1a: Great Tusk|88\/100|[from] Spikes\n|-enditem|p1a: Great Tusk|Booster Energy\n|-activate|p1a: Great Tusk|ability: Protosynthesis|[fromitem]\n|-start|p1a: Great Tusk|protosynthesisspe\n|move|p2a: Ogerpon|Ivy Cudgel|p1a: Great Tusk|[anim] Ivy Cudgel Rock\n|-resisted|p1a: Great Tusk\n|-damage|p1a: Great Tusk|78\/100\n|\n|-end|p2a: Ogerpon|Magma Storm|[partiallytrapped]|[silent]\n|upkeep\n|turn|6\n|\n|t:|1701196973\n|move|p1a: Great Tusk|Ice Spinner|p2a: Ogerpon\n|-supereffective|p2a: Ogerpon\n|-damage|p2a: Ogerpon|0 fnt\n|faint|p2a: Ogerpon\n|\n|upkeep\n|\n|t:|1701196977\n|switch|p2a: Enamorus|Enamorus, F|100\/100\n|turn|7\n|\n|t:|1701196984\n|-end|p1a: Great Tusk|Protosynthesis|[silent]\n|switch|p1a: Heatran|Heatran, M|23\/100\n|-damage|p1a: Heatran|10\/100|[from] Spikes\n|move|p2a: Enamorus|Moonblast|p1a: Heatran\n|-resisted|p1a: Heatran\n|-damage|p1a: Heatran|1\/100\n|-unboost|p1a: Heatran|spa|1\n|\n|upkeep\n|turn|8\n|\n|t:|1701196988\n|move|p2a: Enamorus|Moonblast|p1a: Heatran\n|-resisted|p1a: Heatran\n|-damage|p1a: Heatran|0 fnt\n|faint|p1a: Heatran\n|\n|upkeep\n|\n|t:|1701196989\n|switch|p1a: Okidogi|Okidogi, M|100\/100\n|-damage|p1a: Okidogi|88\/100|[from] Spikes\n|turn|9\n|\n|t:|1701196993\n|move|p2a: Enamorus|Moonblast|p1a: Okidogi\n|-damage|p1a: Okidogi|52\/100\n|move|p1a: Okidogi|Poison Jab|p2a: Enamorus\n|-supereffective|p2a: Enamorus\n|-damage|p2a: Enamorus|0 fnt\n|faint|p2a: Enamorus\n|\n|-heal|p1a: Okidogi|58\/100|[from] item: Leftovers\n|upkeep\n|\n|t:|1701196998\n|switch|p2a: Hatterene|Hatterene, F|100\/100\n|turn|10\n|\n|t:|1701197001\n|switch|p1a: Samurott|Samurott-Hisui, F|100\/100\n|-damage|p1a: Samurott|88\/100|[from] Spikes\n|move|p2a: Hatterene|Psyshock|p1a: Samurott\n|-immune|p1a: Samurott\n|\n|upkeep\n|turn|11\n|\n|t:|1701197003\n|move|p1a: Samurott|Ceaseless Edge|p2a: Hatterene\n|-damage|p2a: Hatterene|63\/100\n|-sidestart|p2: akijuen|Spikes\n|move|p2a: Hatterene|Draining Kiss|p1a: Samurott\n|-supereffective|p1a: Samurott\n|-damage|p1a: Samurott|50\/100\n|-heal|p2a: Hatterene|92\/100|[from] drain|[of] p1a: Samurott\n|\n|-heal|p2a: Hatterene|98\/100|[from] item: Leftovers\n|upkeep\n|turn|12\n|\n|t:|1701197006\n|move|p1a: Samurott|Knock Off|p2a: Hatterene\n|-damage|p2a: Hatterene|56\/100\n|-enditem|p2a: Hatterene|Leftovers|[from] move: Knock Off|[of] p1a: Samurott\n|move|p2a: Hatterene|Draining Kiss|p1a: Samurott\n|-supereffective|p1a: Samurott\n|-damage|p1a: Samurott|13\/100\n|-heal|p2a: Hatterene|84\/100|[from] drain|[of] p1a: Samurott\n|\n|upkeep\n|turn|13\n|\n|t:|1701197007\n|move|p1a: Samurott|Ceaseless Edge|p2a: Hatterene\n|-damage|p2a: Hatterene|44\/100\n|-sidestart|p2: akijuen|Spikes\n|move|p2a: Hatterene|Draining Kiss|p1a: Samurott\n|-supereffective|p1a: Samurott\n|-damage|p1a: Samurott|0 fnt\n|-heal|p2a: Hatterene|53\/100|[from] drain|[of] p1a: Samurott\n|faint|p1a: Samurott\n|\n|upkeep\n|\n|t:|1701197009\n|switch|p1a: Okidogi|Okidogi, M|58\/100\n|-damage|p1a: Okidogi|46\/100|[from] Spikes\n|turn|14\n|j| Ruinous Tusk\n|\n|t:|1701197012\n|move|p1a: Okidogi|Poison Jab|p2a: Hatterene\n|-supereffective|p2a: Hatterene\n|-damage|p2a: Hatterene|0 fnt\n|faint|p2a: Hatterene\n|\n|-heal|p1a: Okidogi|52\/100|[from] item: Leftovers\n|upkeep\n|\n|t:|1701197015\n|switch|p2a: Greninja|Greninja, M|100\/100\n|-damage|p2a: Greninja|84\/100|[from] Spikes\n|turn|15\n|\n|t:|1701197020\n|-terastallize|p2a: Greninja|Ghost\n|move|p2a: Greninja|Hydro Pump|p1a: Okidogi\n|-damage|p1a: Okidogi|8\/100\n|-damage|p2a: Greninja|74\/100|[from] item: Life Orb\n|move|p1a: Okidogi|Drain Punch|p2a: Greninja\n|-immune|p2a: Greninja\n|\n|-heal|p1a: Okidogi|14\/100|[from] item: Leftovers\n|upkeep\n|turn|16\n|\n|t:|1701197033\n|switch|p1a: Dragapult|Dragapult, F|100\/100\n|-damage|p1a: Dragapult|88\/100|[from] Spikes\n|move|p2a: Greninja|Water Shuriken|p1a: Dragapult\n|-resisted|p1a: Dragapult\n|-damage|p1a: Dragapult|83\/100\n|-resisted|p1a: Dragapult\n|-damage|p1a: Dragapult|77\/100\n|-hitcount|p1a: Dragapult|2\n|-damage|p2a: Greninja|64\/100|[from] item: Life Orb\n|\n|-heal|p1a: Dragapult|83\/100|[from] item: Leftovers\n|upkeep\n|turn|17\n|l| Rocksane\n|\n|t:|1701197038\n|-terastallize|p1a: Dragapult|Fairy\n|move|p1a: Dragapult|Tera Blast|p2a: Greninja|[anim] Tera Blast Fairy\n|-damage|p2a: Greninja|0 fnt\n|faint|p2a: Greninja\n|\n|-heal|p1a: Dragapult|89\/100|[from] item: Leftovers\n|upkeep\n|\n|t:|1701197040\n|switch|p2a: Kingambit|Kingambit, F|100\/100\n|-damage|p2a: Kingambit|84\/100|[from] Spikes\n|-activate|p2a: Kingambit|ability: Supreme Overlord\n|-start|p2a: Kingambit|fallen5|[silent]\n|turn|18\n|j| Rocksane\n|\n|t:|1701197043\n|switch|p1a: Great Tusk|Great Tusk|78\/100\n|-damage|p1a: Great Tusk|66\/100|[from] Spikes\n|move|p2a: Kingambit|Swords Dance|p2a: Kingambit\n|-boost|p2a: Kingambit|atk|2\n|\n|-heal|p2a: Kingambit|90\/100|[from] item: Leftovers\n|upkeep\n|turn|19\n|\n|t:|1701197048\n|move|p1a: Great Tusk|Headlong Rush|p2a: Kingambit\n|-supereffective|p2a: Kingambit\n|-crit|p2a: Kingambit\n|-damage|p2a: Kingambit|0 fnt\n|-unboost|p1a: Great Tusk|def|1\n|-unboost|p1a: Great Tusk|spd|1\n|faint|p2a: Kingambit\n|-end|p2a: Kingambit|fallen5|[silent]\n|\n|win|icy tower\n|raw|icy tower's rating: 1690 &rarr; <strong>1714<\/strong><br \/>(+24 for winning)\n|raw|akijuen's rating: 1763 &rarr; <strong>1739<\/strong><br \/>(-24 for losing)\n|l|\u2606icy tower\n","uploadtime":1701197054,"views":1,"p1id":"icytower","p2id":"akijuen","formatid":"gen9ou","rating":1714,"private":0,"password":""}