{"id":"gen9ou-1990079104","p1":"C4rdC4rd","p2":"thunderdog_32","format":"[Gen 9] OU","log":"|j|\u2606C4rdC4rd\n|j|\u2606thunderdog_32\n|t:|1699922289\n|gametype|singles\n|player|p1|C4rdC4rd|pokemonbreederf|1316\n|player|p2|thunderdog_32|266|1342\n|teamsize|p1|6\n|teamsize|p2|6\n|gen|9\n|tier|[Gen 9] OU\n|rated|\n|rule|Sleep Clause Mod: Limit one foe put to sleep\n|rule|Species Clause: Limit one of each Pok\u00e9mon\n|rule|OHKO Clause: OHKO moves are banned\n|rule|Evasion Items Clause: Evasion items are banned\n|rule|Evasion Moves Clause: Evasion moves are banned\n|rule|Endless Battle Clause: Forcing endless battles is banned\n|rule|HP Percentage Mod: HP is shown in percentages\n|clearpoke\n|poke|p1|Landorus-Therian, M|\n|poke|p1|Sinistcha|\n|poke|p1|Samurott-Hisui, M|\n|poke|p1|Cinderace, F|\n|poke|p1|Great Tusk|\n|poke|p1|Goodra-Hisui, M|\n|poke|p2|Hatterene, F|\n|poke|p2|Landorus-Therian, M|\n|poke|p2|Heatran, M|\n|poke|p2|Ogerpon-Wellspring, F|\n|poke|p2|Iron Hands|\n|poke|p2|Dragapult, F|\n|teampreview\n|\n|t:|1699922299\n|start\n|switch|p1a: Samurott|Samurott-Hisui, M|100\/100\n|switch|p2a: Hatterene|Hatterene, F|100\/100\n|turn|1\n|\n|t:|1699922326\n|move|p1a: Samurott|Swords Dance|p1a: Samurott\n|-boost|p1a: Samurott|atk|2\n|move|p2a: Hatterene|Draining Kiss|p1a: Samurott\n|-supereffective|p1a: Samurott\n|-damage|p1a: Samurott|28\/100\n|\n|upkeep\n|turn|2\n|\n|t:|1699922338\n|move|p1a: Samurott|Ceaseless Edge|p2a: Hatterene\n|-damage|p2a: Hatterene|27\/100\n|-sidestart|p2: thunderdog_32|Spikes\n|move|p2a: Hatterene|Draining Kiss|p1a: Samurott\n|-supereffective|p1a: Samurott\n|-damage|p1a: Samurott|0 fnt\n|-heal|p2a: Hatterene|47\/100|[from] drain|[of] p1a: Samurott\n|faint|p1a: Samurott\n|\n|-heal|p2a: Hatterene|53\/100|[from] item: Leftovers\n|upkeep\n|\n|t:|1699922378\n|switch|p1a: Sinistcha|Sinistcha|100\/100\n|turn|3\n|\n|t:|1699922391\n|move|p1a: Sinistcha|Nasty Plot|p1a: Sinistcha\n|-boost|p1a: Sinistcha|spa|2\n|move|p2a: Hatterene|Mystical Fire|p1a: Sinistcha\n|-supereffective|p1a: Sinistcha\n|-damage|p1a: Sinistcha|74\/100\n|-unboost|p1a: Sinistcha|spa|1\n|\n|-heal|p2a: Hatterene|59\/100|[from] item: Leftovers\n|upkeep\n|turn|4\n|\n|t:|1699922399\n|move|p1a: Sinistcha|Shadow Ball|p2a: Hatterene\n|-supereffective|p2a: Hatterene\n|-damage|p2a: Hatterene|0 fnt\n|faint|p2a: Hatterene\n|\n|upkeep\n|\n|t:|1699922419\n|switch|p2a: Heatran|Heatran, M|100\/100\n|-damage|p2a: Heatran|88\/100|[from] Spikes\n|turn|5\n|\n|t:|1699922428\n|move|p2a: Heatran|Magma Storm|p1a: Sinistcha\n|-supereffective|p1a: Sinistcha\n|-damage|p1a: Sinistcha|23\/100\n|-activate|p1a: Sinistcha|move: Magma Storm|[of] p2a: Heatran\n|move|p1a: Sinistcha|Scald|p2a: Heatran\n|-supereffective|p2a: Heatran\n|-damage|p2a: Heatran|28\/100\n|\n|-heal|p2a: Heatran|34\/100|[from] item: Leftovers\n|-damage|p1a: Sinistcha|11\/100|[from] move: Magma Storm|[partiallytrapped]\n|upkeep\n|turn|6\n|\n|t:|1699922438\n|switch|p2a: Ogerpon|Ogerpon-Wellspring, F|100\/100\n|-damage|p2a: Ogerpon|88\/100|[from] Spikes\n|move|p1a: Sinistcha|Scald|p2a: Ogerpon\n|-heal|p2a: Ogerpon|100\/100|[from] ability: Water Absorb|[of] p1a: Sinistcha\n|\n|-end|p1a: Sinistcha|Magma Storm|[partiallytrapped]|[silent]\n|upkeep\n|turn|7\n|\n|t:|1699922452\n|move|p2a: Ogerpon|Ivy Cudgel|p1a: Sinistcha\n|-resisted|p1a: Sinistcha\n|-damage|p1a: Sinistcha|0 fnt\n|faint|p1a: Sinistcha\n|\n|upkeep\n|l|\u2606C4rdC4rd\n|player|p1|\n|inactive|Battle timer is ON: inactive players will automatically lose when time's up. (requested by thunderdog_32)\n|j|\u2606C4rdC4rd\n|inactive|C4rdC4rd reconnected and has 135 seconds left.\n|player|p1|C4rdC4rd|pokemonbreederf\n|\n|t:|1699922576\n|switch|p1a: Landorus|Landorus-Therian, M|100\/100\n|-ability|p1a: Landorus|Intimidate|boost\n|-unboost|p2a: Ogerpon|atk|1\n|turn|8\n|\n|t:|1699922588\n|switch|p2a: Landorus|Landorus-Therian, M|100\/100\n|-ability|p2a: Landorus|Intimidate|boost\n|-unboost|p1a: Landorus|atk|1\n|-terastallize|p1a: Landorus|Water\n|move|p1a: Landorus|U-turn|p2a: Landorus\n|-resisted|p2a: Landorus\n|-damage|p2a: Landorus|92\/100\n|\n|t:|1699922604\n|switch|p1a: Great Tusk|Great Tusk|100\/100|[from] U-turn\n|\n|upkeep\n|turn|9\n|\n|t:|1699922633\n|move|p2a: Landorus|Grass Knot|p1a: Great Tusk\n|-supereffective|p1a: Great Tusk\n|-damage|p1a: Great Tusk|6\/100\n|move|p1a: Great Tusk|Ice Spinner|p2a: Landorus\n|-supereffective|p2a: Landorus\n|-damage|p2a: Landorus|0 fnt\n|faint|p2a: Landorus\n|\n|upkeep\n|\n|t:|1699922641\n|switch|p2a: Ogerpon|Ogerpon-Wellspring, F|100\/100\n|-damage|p2a: Ogerpon|88\/100|[from] Spikes\n|turn|10\n|\n|t:|1699922651\n|move|p2a: Ogerpon|Horn Leech|p1a: Great Tusk\n|-supereffective|p1a: Great Tusk\n|-damage|p1a: Great Tusk|0 fnt\n|-heal|p2a: Ogerpon|92\/100|[from] drain|[of] p1a: Great Tusk\n|faint|p1a: Great Tusk\n|-end|p1a: Great Tusk|Protosynthesis|[silent]\n|\n|upkeep\n|\n|t:|1699922659\n|switch|p1a: Cinderace|Cinderace, F|100\/100\n|turn|11\n|\n|t:|1699922667\n|switch|p2a: Heatran|Heatran, M|34\/100\n|-damage|p2a: Heatran|22\/100|[from] Spikes\n|move|p1a: Cinderace|Pyro Ball|p2a: Heatran\n|-start|p2a: Heatran|ability: Flash Fire\n|\n|-heal|p2a: Heatran|28\/100|[from] item: Leftovers\n|upkeep\n|turn|12\n|\n|t:|1699922679\n|-end|p2a: Heatran|ability: Flash Fire|[silent]\n|switch|p2a: Dragapult|Dragapult, F|100\/100\n|-damage|p2a: Dragapult|88\/100|[from] Spikes\n|move|p1a: Cinderace|U-turn|p2a: Dragapult\n|-start|p1a: Cinderace|typechange|Bug|[from] ability: Libero\n|-resisted|p2a: Dragapult\n|-damage|p2a: Dragapult|68\/100\n|\n|t:|1699922684\n|switch|p1a: Goodra|Goodra-Hisui, M|100\/100|[from] U-turn\n|\n|upkeep\n|turn|13\n|\n|t:|1699922696\n|move|p2a: Dragapult|Light Screen|p2a: Dragapult\n|-sidestart|p2: thunderdog_32|move: Light Screen\n|move|p1a: Goodra|Draco Meteor|p2a: Dragapult\n|-supereffective|p2a: Dragapult\n|-damage|p2a: Dragapult|0 fnt\n|-unboost|p1a: Goodra|spa|2\n|faint|p2a: Dragapult\n|\n|upkeep\n|\n|t:|1699922712\n|switch|p2a: Iron Hands|Iron Hands|100\/100\n|-damage|p2a: Iron Hands|88\/100|[from] Spikes\n|turn|14\n|\n|t:|1699922720\n|move|p1a: Goodra|Earthquake|p2a: Iron Hands\n|-supereffective|p2a: Iron Hands\n|-damage|p2a: Iron Hands|57\/100\n|move|p2a: Iron Hands|Swords Dance|p2a: Iron Hands\n|-boost|p2a: Iron Hands|atk|2\n|\n|-heal|p2a: Iron Hands|63\/100|[from] item: Leftovers\n|upkeep\n|turn|15\n|\n|t:|1699922727\n|move|p2a: Iron Hands|Drain Punch|p1a: Goodra\n|-supereffective|p1a: Goodra\n|-damage|p1a: Goodra|0 fnt\n|-heal|p2a: Iron Hands|100\/100|[from] drain|[of] p1a: Goodra\n|faint|p1a: Goodra\n|\n|upkeep\n|\n|t:|1699922745\n|switch|p1a: Cinderace|Cinderace, F|100\/100\n|turn|16\n|\n|t:|1699922751\n|move|p1a: Cinderace|Pyro Ball|p2a: Iron Hands\n|-damage|p2a: Iron Hands|61\/100\n|move|p2a: Iron Hands|Drain Punch|p1a: Cinderace\n|-damage|p1a: Cinderace|0 fnt\n|-heal|p2a: Iron Hands|94\/100|[from] drain|[of] p1a: Cinderace\n|faint|p1a: Cinderace\n|\n|-heal|p2a: Iron Hands|100\/100|[from] item: Leftovers\n|upkeep\n|\n|t:|1699922753\n|switch|p1a: Landorus|Landorus-Therian, M, tera:Water|100\/100\n|-ability|p1a: Landorus|Intimidate|boost\n|-unboost|p2a: Iron Hands|atk|1\n|turn|17\n|c|\u2606thunderdog_32|ggs\n|\n|t:|1699922758\n|-terastallize|p2a: Iron Hands|Flying\n|move|p1a: Landorus|Earthquake|p2a: Iron Hands\n|-immune|p2a: Iron Hands\n|move|p2a: Iron Hands|Thunder Punch|p1a: Landorus\n|-supereffective|p1a: Landorus\n|-damage|p1a: Landorus|13\/100\n|-damage|p2a: Iron Hands|84\/100|[from] item: Rocky Helmet|[of] p1a: Landorus\n|\n|-heal|p2a: Iron Hands|90\/100|[from] item: Leftovers\n|upkeep\n|turn|18\n|c|\u2606C4rdC4rd|GG\n|\n|t:|1699922773\n|move|p1a: Landorus|Stone Edge|p2a: Iron Hands\n|-supereffective|p2a: Iron Hands\n|-damage|p2a: Iron Hands|48\/100\n|move|p2a: Iron Hands|Drain Punch|p1a: Landorus\n|-damage|p1a: Landorus|0 fnt\n|-heal|p2a: Iron Hands|54\/100|[from] drain|[of] p1a: Landorus\n|-damage|p2a: Iron Hands|37\/100|[from] item: Rocky Helmet|[of] p1a: Landorus\n|faint|p1a: Landorus\n|\n|win|thunderdog_32\n|raw|C4rdC4rd's rating: 1316 &rarr; <strong>1297<\/strong><br \/>(-19 for losing)\n|raw|thunderdog_32's rating: 1342 &rarr; <strong>1361<\/strong><br \/>(+19 for winning)\n","uploadtime":1699922784,"views":7,"p1id":"c4rdc4rd","p2id":"thunderdog32","formatid":"gen9ou","rating":1297,"private":0,"password":""}