{"id":"gen9ou-1997051816","p1":"blaaass","p2":"Starving fartist","format":"[Gen 9] OU","log":"|j|\u2606blaaass\n|j|\u2606Starving fartist\n|t:|1700759650\n|gametype|singles\n|player|p1|blaaass|cyrus|1325\n|player|p2|Starving fartist|mina|1288\n|teamsize|p1|6\n|teamsize|p2|6\n|gen|9\n|tier|[Gen 9] OU\n|rated|\n|rule|Sleep Clause Mod: Limit one foe put to sleep\n|rule|Species Clause: Limit one of each Pok\u00e9mon\n|rule|OHKO Clause: OHKO moves are banned\n|rule|Evasion Items Clause: Evasion items are banned\n|rule|Evasion Moves Clause: Evasion moves are banned\n|rule|Endless Battle Clause: Forcing endless battles is banned\n|rule|HP Percentage Mod: HP is shown in percentages\n|clearpoke\n|poke|p1|Garganacl, F|\n|poke|p1|Kommo-o, F|\n|poke|p1|Azumarill, F|\n|poke|p1|Enamorus, F|\n|poke|p1|Iron Moth|\n|poke|p1|Clefable, M|\n|poke|p2|Rillaboom, F|\n|poke|p2|Ogerpon-Wellspring, F|\n|poke|p2|Great Tusk|\n|poke|p2|Pelipper, M|\n|poke|p2|Golduck, M|\n|poke|p2|Basculegion, M|\n|teampreview\n|inactive|Battle timer is ON: inactive players will automatically lose when time's up. (requested by Starving fartist)\n|\n|t:|1700759692\n|start\n|switch|p1a: Garganacl|Garganacl, F|100\/100\n|switch|p2a: Pelipper|Pelipper, M|100\/100\n|-weather|RainDance|[from] ability: Drizzle|[of] p2a: Pelipper\n|turn|1\n|\n|t:|1700759718\n|-terastallize|p1a: Garganacl|Water\n|move|p2a: Pelipper|U-turn|p1a: Garganacl\n|-damage|p1a: Garganacl|94\/100\n|\n|t:|1700759726\n|switch|p2a: Rillaboom|Rillaboom, F|100\/100|[from] U-turn\n|-fieldstart|move: Grassy Terrain|[from] ability: Grassy Surge|[of] p2a: Rillaboom\n|move|p1a: Garganacl|Salt Cure|p2a: Rillaboom\n|-damage|p2a: Rillaboom|84\/100\n|-start|p2a: Rillaboom|Salt Cure\n|\n|-weather|RainDance|[upkeep]\n|-heal|p2a: Rillaboom|91\/100|[from] Grassy Terrain\n|-heal|p1a: Garganacl|99\/100|[from] Grassy Terrain\n|-heal|p1a: Garganacl|100\/100|[from] item: Leftovers\n|-damage|p2a: Rillaboom|78\/100|[from] Salt Cure\n|upkeep\n|turn|2\n|\n|t:|1700759739\n|move|p2a: Rillaboom|U-turn|p1a: Garganacl\n|-damage|p1a: Garganacl|73\/100\n|\n|t:|1700759741\n|switch|p2a: Ogerpon|Ogerpon-Wellspring, F|100\/100|[from] U-turn\n|move|p1a: Garganacl|Iron Defense|p1a: Garganacl\n|-boost|p1a: Garganacl|def|2\n|\n|-weather|RainDance|[upkeep]\n|-heal|p1a: Garganacl|79\/100|[from] Grassy Terrain\n|-heal|p1a: Garganacl|85\/100|[from] item: Leftovers\n|upkeep\n|turn|3\n|\n|t:|1700759751\n|move|p2a: Ogerpon|Taunt|p1a: Garganacl\n|-start|p1a: Garganacl|move: Taunt\n|cant|p1a: Garganacl|move: Taunt|Iron Defense\n|\n|-weather|RainDance|[upkeep]\n|-heal|p1a: Garganacl|92\/100|[from] Grassy Terrain\n|-heal|p1a: Garganacl|98\/100|[from] item: Leftovers\n|upkeep\n|turn|4\n|\n|t:|1700759758\n|move|p2a: Ogerpon|Horn Leech|p1a: Garganacl\n|-supereffective|p1a: Garganacl\n|-damage|p1a: Garganacl|59\/100\n|move|p1a: Garganacl|Salt Cure|p2a: Ogerpon\n|-damage|p2a: Ogerpon|83\/100\n|-start|p2a: Ogerpon|Salt Cure\n|\n|-weather|RainDance|[upkeep]\n|-heal|p2a: Ogerpon|89\/100|[from] Grassy Terrain\n|-heal|p1a: Garganacl|65\/100|[from] Grassy Terrain\n|-heal|p1a: Garganacl|71\/100|[from] item: Leftovers\n|-damage|p2a: Ogerpon|64\/100|[from] Salt Cure\n|upkeep\n|turn|5\n|\n|t:|1700759777\n|switch|p1a: Clefable|Clefable, M|100\/100\n|move|p2a: Ogerpon|Horn Leech|p1a: Clefable\n|-damage|p1a: Clefable|57\/100\n|-heal|p2a: Ogerpon|93\/100|[from] drain|[of] p1a: Clefable\n|\n|-weather|RainDance|[upkeep]\n|-heal|p2a: Ogerpon|99\/100|[from] Grassy Terrain\n|-heal|p1a: Clefable|63\/100|[from] Grassy Terrain\n|-damage|p2a: Ogerpon|74\/100|[from] Salt Cure\n|-fieldend|move: Grassy Terrain\n|upkeep\n|turn|6\n|inactive|blaaass has 120 seconds left.\n|\n|t:|1700759808\n|move|p1a: Clefable|Protect|p1a: Clefable\n|-singleturn|p1a: Clefable|Protect\n|move|p2a: Ogerpon|Ivy Cudgel|p1a: Clefable|[anim] Ivy Cudgel Water\n|-activate|p1a: Clefable|move: Protect\n|\n|-weather|RainDance|[upkeep]\n|-damage|p2a: Ogerpon|49\/100|[from] Salt Cure\n|upkeep\n|turn|7\n|inactive|blaaass has 120 seconds left.\n|\n|t:|1700759830\n|switch|p1a: Garganacl|Garganacl, F, tera:Water|71\/100\n|move|p2a: Ogerpon|Horn Leech|p1a: Garganacl\n|-supereffective|p1a: Garganacl\n|-damage|p1a: Garganacl|9\/100\n|-heal|p2a: Ogerpon|91\/100|[from] drain|[of] p1a: Garganacl\n|\n|-weather|RainDance|[upkeep]\n|-heal|p1a: Garganacl|15\/100|[from] item: Leftovers\n|-damage|p2a: Ogerpon|66\/100|[from] Salt Cure\n|upkeep\n|turn|8\n|\n|t:|1700759849\n|switch|p1a: Kommo-o|Kommo-o, F|100\/100\n|move|p2a: Ogerpon|Horn Leech|p1a: Kommo-o\n|-resisted|p1a: Kommo-o\n|-damage|p1a: Kommo-o|78\/100\n|-heal|p2a: Ogerpon|77\/100|[from] drain|[of] p1a: Kommo-o\n|\n|-weather|none\n|-heal|p1a: Kommo-o|84\/100|[from] item: Leftovers\n|-damage|p2a: Ogerpon|52\/100|[from] Salt Cure\n|upkeep\n|turn|9\n|\n|t:|1700759861\n|move|p2a: Ogerpon|Taunt|p1a: Kommo-o\n|-start|p1a: Kommo-o|move: Taunt\n|cant|p1a: Kommo-o|move: Taunt|Clangorous Soul\n|\n|-heal|p1a: Kommo-o|90\/100|[from] item: Leftovers\n|-damage|p2a: Ogerpon|27\/100|[from] Salt Cure\n|upkeep\n|turn|10\n|\n|t:|1700759868\n|move|p2a: Ogerpon|U-turn|p1a: Kommo-o\n|-resisted|p1a: Kommo-o\n|-damage|p1a: Kommo-o|77\/100\n|\n|t:|1700759870\n|switch|p2a: Pelipper|Pelipper, M|100\/100|[from] U-turn\n|-weather|RainDance|[from] ability: Drizzle|[of] p2a: Pelipper\n|move|p1a: Kommo-o|Drain Punch|p2a: Pelipper\n|-resisted|p2a: Pelipper\n|-crit|p2a: Pelipper\n|-damage|p2a: Pelipper|84\/100\n|-heal|p1a: Kommo-o|86\/100|[from] drain|[of] p2a: Pelipper\n|\n|-weather|RainDance|[upkeep]\n|-heal|p1a: Kommo-o|93\/100|[from] item: Leftovers\n|upkeep\n|turn|11\n|inactive|blaaass has 90 seconds left.\n|\n|t:|1700759900\n|switch|p1a: Clefable|Clefable, M|63\/100\n|move|p2a: Pelipper|U-turn|p1a: Clefable\n|-resisted|p1a: Clefable\n|-damage|p1a: Clefable|59\/100\n|\n|t:|1700759913\n|switch|p2a: Golduck|Golduck, M|100\/100|[from] U-turn\n|\n|-weather|RainDance|[upkeep]\n|upkeep\n|turn|12\n|\n|t:|1700759920\n|move|p2a: Golduck|Surf|p1a: Clefable\n|-damage|p1a: Clefable|0 fnt\n|faint|p1a: Clefable\n|\n|-weather|RainDance|[upkeep]\n|upkeep\n|inactive|blaaass has 90 seconds left.\n|\n|t:|1700759948\n|switch|p1a: Kommo-o|Kommo-o, F|93\/100\n|turn|13\n|\n|t:|1700759954\n|-terastallize|p2a: Golduck|Water\n|move|p2a: Golduck|Surf|p1a: Kommo-o\n|-resisted|p1a: Kommo-o\n|-damage|p1a: Kommo-o|10\/100\n|move|p1a: Kommo-o|Clangorous Soul||[still]\n|-fail|p1a: Kommo-o\n|\n|-weather|RainDance|[upkeep]\n|-heal|p1a: Kommo-o|16\/100|[from] item: Leftovers\n|upkeep\n|turn|14\n|inactive|blaaass has 90 seconds left.\n|\n|t:|1700759973\n|move|p2a: Golduck|Surf|p1a: Kommo-o\n|-resisted|p1a: Kommo-o\n|-damage|p1a: Kommo-o|0 fnt\n|faint|p1a: Kommo-o\n|\n|-weather|RainDance|[upkeep]\n|upkeep\n|\n|t:|1700759978\n|switch|p1a: Garganacl|Garganacl, F, tera:Water|15\/100\n|turn|15\n|\n|t:|1700759982\n|move|p2a: Golduck|Surf|p1a: Garganacl\n|-resisted|p1a: Garganacl\n|-damage|p1a: Garganacl|0 fnt\n|faint|p1a: Garganacl\n|\n|-weather|RainDance|[upkeep]\n|upkeep\n|\n|t:|1700759991\n|switch|p1a: Azumarill|Azumarill, F|100\/100\n|turn|16\n|\n|t:|1700760007\n|move|p2a: Golduck|Surf|p1a: Azumarill\n|-resisted|p1a: Azumarill\n|-crit|p1a: Azumarill\n|-damage|p1a: Azumarill|0 fnt\n|faint|p1a: Azumarill\n|\n|-weather|RainDance|[upkeep]\n|upkeep\n|\n|t:|1700760020\n|switch|p1a: Enamorus|Enamorus, F|100\/100\n|turn|17\n|\n|t:|1700760023\n|move|p2a: Golduck|Surf|p1a: Enamorus\n|-damage|p1a: Enamorus|0 fnt\n|faint|p1a: Enamorus\n|\n|-weather|none\n|upkeep\n|\n|t:|1700760029\n|switch|p1a: Iron Moth|Iron Moth|100\/100\n|-enditem|p1a: Iron Moth|Booster Energy\n|-activate|p1a: Iron Moth|ability: Quark Drive|[fromitem]\n|-start|p1a: Iron Moth|quarkdrivespe\n|turn|18\n|\n|t:|1700760036\n|move|p1a: Iron Moth|Dazzling Gleam|p2a: Golduck\n|-damage|p2a: Golduck|68\/100\n|move|p2a: Golduck|Surf|p1a: Iron Moth\n|-supereffective|p1a: Iron Moth\n|-damage|p1a: Iron Moth|0 fnt\n|faint|p1a: Iron Moth\n|-end|p1a: Iron Moth|Quark Drive|[silent]\n|\n|win|Starving fartist\n|raw|blaaass's rating: 1325 &rarr; <strong>1303<\/strong><br \/>(-22 for losing)\n|raw|Starving fartist's rating: 1288 &rarr; <strong>1316<\/strong><br \/>(+28 for winning)\n|c|\u2606Starving fartist|ggg\n|l|\u2606blaaass\n","uploadtime":1700760058,"views":8,"p1id":"blaaass","p2id":"starvingfartist","formatid":"gen9ou","rating":1303,"private":0,"password":""}