{"id":"gen9ou-1991759183","p1":"Zapsuki","p2":"Apoiguespm","format":"[Gen 9] OU","log":"|j|\u2606Zapsuki\n|j|\u2606Apoiguespm\n|t:|1700112297\n|gametype|singles\n|player|p1|Zapsuki|serena-masters2|1668\n|player|p2|Apoiguespm|blackbelt|1669\n|teamsize|p1|6\n|teamsize|p2|6\n|gen|9\n|tier|[Gen 9] OU\n|rated|\n|rule|Sleep Clause Mod: Limit one foe put to sleep\n|rule|Species Clause: Limit one of each Pok\u00e9mon\n|rule|OHKO Clause: OHKO moves are banned\n|rule|Evasion Items Clause: Evasion items are banned\n|rule|Evasion Moves Clause: Evasion moves are banned\n|rule|Endless Battle Clause: Forcing endless battles is banned\n|rule|HP Percentage Mod: HP is shown in percentages\n|clearpoke\n|poke|p1|Dragonite, F|\n|poke|p1|Garchomp, M|\n|poke|p1|Kommo-o, F|\n|poke|p1|Dragapult, M|\n|poke|p1|Tinkaton, F|\n|poke|p1|Walking Wake|\n|poke|p2|Gholdengo|\n|poke|p2|Iron Valiant|\n|poke|p2|Great Tusk|\n|poke|p2|Kingambit, M|\n|poke|p2|Dragonite, F|\n|poke|p2|Samurott-Hisui, M|\n|teampreview\n|inactive|Battle timer is ON: inactive players will automatically lose when time's up. (requested by Apoiguespm)\n|inactive|Zapsuki also wants the timer to be on.\n|\n|t:|1700112300\n|start\n|switch|p1a: Walking Wake|Walking Wake|100\/100\n|switch|p2a: Samurott|Samurott-Hisui, M, shiny|100\/100\n|turn|1\n|\n|t:|1700112303\n|move|p2a: Samurott|Ceaseless Edge|p1a: Walking Wake\n|-damage|p1a: Walking Wake|50\/100\n|-sidestart|p1: Zapsuki|Spikes\n|move|p1a: Walking Wake|Draco Meteor|p2a: Samurott\n|-damage|p2a: Samurott|0 fnt\n|-unboost|p1a: Walking Wake|spa|2\n|-enditem|p1a: Walking Wake|Eject Pack\n|faint|p2a: Samurott\n|\n|t:|1700112321\n|-end|p1a: Walking Wake|Protosynthesis|[silent]\n|switch|p1a: Garchomp|Garchomp, M|100\/100\n|-damage|p1a: Garchomp|88\/100|[from] Spikes\n|\n|upkeep\n|\n|t:|1700112329\n|switch|p2a: Iron Valiant|Iron Valiant, shiny|100\/100\n|-enditem|p2a: Iron Valiant|Booster Energy\n|-activate|p2a: Iron Valiant|ability: Quark Drive|[fromitem]\n|-start|p2a: Iron Valiant|quarkdrivespe\n|turn|2\n|inactive|Zapsuki has 120 seconds left.\n|\n|t:|1700112374\n|switch|p1a: Tinkaton|Tinkaton, F, shiny|100\/100\n|-damage|p1a: Tinkaton|88\/100|[from] Spikes\n|-ability|p1a: Tinkaton|Mold Breaker\n|move|p2a: Iron Valiant|Moonblast|p1a: Tinkaton\n|-resisted|p1a: Tinkaton\n|-damage|p1a: Tinkaton|73\/100\n|\n|-heal|p1a: Tinkaton|79\/100|[from] item: Leftovers\n|upkeep\n|turn|3\n|\n|t:|1700112381\n|-end|p2a: Iron Valiant|Quark Drive|[silent]\n|switch|p2a: Gholdengo|Gholdengo, shiny|100\/100\n|move|p1a: Tinkaton|Gigaton Hammer|p2a: Gholdengo\n|-resisted|p2a: Gholdengo\n|-damage|p2a: Gholdengo|75\/100\n|\n|-heal|p1a: Tinkaton|86\/100|[from] item: Leftovers\n|upkeep\n|turn|4\n|inactive|Zapsuki has 120 seconds left.\n|\n|t:|1700112401\n|switch|p2a: Great Tusk|Great Tusk, shiny|100\/100\n|move|p1a: Tinkaton|Knock Off|p2a: Great Tusk\n|-resisted|p2a: Great Tusk\n|-damage|p2a: Great Tusk|95\/100\n|-enditem|p2a: Great Tusk|Assault Vest|[from] move: Knock Off|[of] p1a: Tinkaton\n|\n|-heal|p1a: Tinkaton|92\/100|[from] item: Leftovers\n|upkeep\n|turn|5\n|\n|t:|1700112410\n|switch|p1a: Garchomp|Garchomp, M|88\/100\n|-damage|p1a: Garchomp|76\/100|[from] Spikes\n|move|p2a: Great Tusk|Headlong Rush|p1a: Garchomp\n|-crit|p1a: Garchomp\n|-damage|p1a: Garchomp|0 fnt\n|-unboost|p2a: Great Tusk|def|1\n|-unboost|p2a: Great Tusk|spd|1\n|-damage|p2a: Great Tusk|82\/100|[from] ability: Rough Skin|[of] p1a: Garchomp\n|-damage|p2a: Great Tusk|66\/100|[from] item: Rocky Helmet|[of] p1a: Garchomp\n|faint|p1a: Garchomp\n|\n|upkeep\n|\n|t:|1700112416\n|switch|p1a: Walking Wake|Walking Wake|50\/100\n|-damage|p1a: Walking Wake|37\/100|[from] Spikes\n|turn|6\n|\n|t:|1700112424\n|-end|p2a: Great Tusk|Protosynthesis|[silent]\n|switch|p2a: Dragonite|Dragonite, F, shiny|100\/100\n|move|p1a: Walking Wake|Scald|p2a: Dragonite\n|-resisted|p2a: Dragonite\n|-damage|p2a: Dragonite|90\/100\n|-status|p2a: Dragonite|brn\n|\n|-damage|p2a: Dragonite|84\/100 brn|[from] brn\n|upkeep\n|turn|7\n|\n|t:|1700112429\n|move|p1a: Walking Wake|Draco Meteor|p2a: Dragonite\n|-supereffective|p2a: Dragonite\n|-damage|p2a: Dragonite|0 fnt\n|-unboost|p1a: Walking Wake|spa|2\n|faint|p2a: Dragonite\n|\n|upkeep\n|\n|t:|1700112432\n|switch|p2a: Iron Valiant|Iron Valiant, shiny|100\/100\n|turn|8\n|\n|t:|1700112436\n|-end|p1a: Walking Wake|Protosynthesis|[silent]\n|switch|p1a: Tinkaton|Tinkaton, F, shiny|92\/100\n|-damage|p1a: Tinkaton|79\/100|[from] Spikes\n|-ability|p1a: Tinkaton|Mold Breaker\n|move|p2a: Iron Valiant|Close Combat|p1a: Tinkaton\n|-damage|p1a: Tinkaton|25\/100\n|-unboost|p2a: Iron Valiant|def|1\n|-unboost|p2a: Iron Valiant|spd|1\n|\n|-heal|p1a: Tinkaton|32\/100|[from] item: Leftovers\n|upkeep\n|turn|9\n|inactive|Zapsuki has 120 seconds left.\n|\n|t:|1700112492\n|switch|p1a: Dragapult|Dragapult, M|100\/100\n|move|p2a: Iron Valiant|Close Combat|p1a: Dragapult\n|-immune|p1a: Dragapult\n|\n|upkeep\n|turn|10\n|\n|t:|1700112500\n|-end|p2a: Iron Valiant|Quark Drive|[silent]\n|switch|p2a: Kingambit|Kingambit, M, shiny|100\/100\n|-activate|p2a: Kingambit|ability: Supreme Overlord\n|-start|p2a: Kingambit|fallen2|[silent]\n|move|p1a: Dragapult|Substitute|p1a: Dragapult\n|-start|p1a: Dragapult|Substitute\n|-damage|p1a: Dragapult|76\/100\n|\n|upkeep\n|turn|11\n|\n|t:|1700112502\n|move|p1a: Dragapult|Will-O-Wisp|p2a: Kingambit\n|-status|p2a: Kingambit|brn\n|move|p2a: Kingambit|Kowtow Cleave|p1a: Dragapult\n|-supereffective|p1a: Dragapult\n|-end|p1a: Dragapult|Substitute\n|\n|-damage|p2a: Kingambit|94\/100 brn|[from] brn\n|upkeep\n|turn|12\n|j| Roshino\n|\n|t:|1700112512\n|switch|p1a: Kommo-o|Kommo-o, F|100\/100\n|move|p2a: Kingambit|Swords Dance|p2a: Kingambit\n|-boost|p2a: Kingambit|atk|2\n|\n|-heal|p2a: Kingambit|100\/100 brn|[from] item: Leftovers\n|-damage|p2a: Kingambit|94\/100 brn|[from] brn\n|upkeep\n|turn|13\n|inactive|Zapsuki has 120 seconds left.\n|\n|t:|1700112524\n|-terastallize|p2a: Kingambit|Fairy\n|move|p1a: Kommo-o|Close Combat|p2a: Kingambit\n|-resisted|p2a: Kingambit\n|-damage|p2a: Kingambit|77\/100 brn\n|-unboost|p1a: Kommo-o|def|1\n|-unboost|p1a: Kommo-o|spd|1\n|move|p2a: Kingambit|Iron Head|p1a: Kommo-o\n|-damage|p1a: Kommo-o|22\/100\n|\n|-heal|p2a: Kingambit|83\/100 brn|[from] item: Leftovers\n|-damage|p2a: Kingambit|77\/100 brn|[from] brn\n|upkeep\n|turn|14\n|inactive|Zapsuki has 120 seconds left.\n|\n|t:|1700112534\n|move|p2a: Kingambit|Sucker Punch|p1a: Kommo-o\n|-resisted|p1a: Kommo-o\n|-damage|p1a: Kommo-o|0 fnt\n|faint|p1a: Kommo-o\n|\n|-heal|p2a: Kingambit|83\/100 brn|[from] item: Leftovers\n|-damage|p2a: Kingambit|77\/100 brn|[from] brn\n|upkeep\n|j| uuu0606\n|inactive|Zapsuki has 120 seconds left.\n|\n|t:|1700112543\n|switch|p1a: Tinkaton|Tinkaton, F, shiny|32\/100\n|-damage|p1a: Tinkaton|19\/100|[from] Spikes\n|-ability|p1a: Tinkaton|Mold Breaker\n|turn|15\n|\n|t:|1700112546\n|move|p2a: Kingambit|Sucker Punch||[still]\n|-fail|p2a: Kingambit\n|move|p1a: Tinkaton|Encore|p2a: Kingambit\n|-start|p2a: Kingambit|Encore\n|\n|-heal|p1a: Tinkaton|25\/100|[from] item: Leftovers\n|-heal|p2a: Kingambit|83\/100 brn|[from] item: Leftovers\n|-damage|p2a: Kingambit|77\/100 brn|[from] brn\n|upkeep\n|turn|16\n|\n|t:|1700112556\n|switch|p1a: Walking Wake|Walking Wake|37\/100\n|-damage|p1a: Walking Wake|25\/100|[from] Spikes\n|-end|p2a: Kingambit|fallen2|[silent]\n|switch|p2a: Gholdengo|Gholdengo, shiny|75\/100\n|\n|upkeep\n|turn|17\n|\n|t:|1700112562\n|move|p1a: Walking Wake|Flamethrower|p2a: Gholdengo\n|-supereffective|p2a: Gholdengo\n|-damage|p2a: Gholdengo|4\/100\n|move|p2a: Gholdengo|Shadow Ball|p1a: Walking Wake\n|-damage|p1a: Walking Wake|0 fnt\n|faint|p1a: Walking Wake\n|-end|p1a: Walking Wake|Protosynthesis|[silent]\n|\n|upkeep\n|\n|t:|1700112578\n|switch|p1a: Dragapult|Dragapult, M|76\/100\n|turn|18\n|\n|t:|1700112586\n|move|p1a: Dragapult|Hex|p2a: Gholdengo\n|-supereffective|p2a: Gholdengo\n|-crit|p2a: Gholdengo\n|-damage|p2a: Gholdengo|0 fnt\n|faint|p2a: Gholdengo\n|\n|upkeep\n|\n|t:|1700112588\n|switch|p2a: Kingambit|Kingambit, M, shiny, tera:Fairy|77\/100 brn\n|-activate|p2a: Kingambit|ability: Supreme Overlord\n|-start|p2a: Kingambit|fallen3|[silent]\n|turn|19\n|\n|t:|1700112602\n|move|p1a: Dragapult|Hex|p2a: Kingambit\n|-damage|p2a: Kingambit|25\/100 brn\n|move|p2a: Kingambit|Kowtow Cleave|p1a: Dragapult\n|-supereffective|p1a: Dragapult\n|-damage|p1a: Dragapult|0 fnt\n|faint|p1a: Dragapult\n|\n|-heal|p2a: Kingambit|31\/100 brn|[from] item: Leftovers\n|-damage|p2a: Kingambit|25\/100 brn|[from] brn\n|upkeep\n|l| uuu0606\n|\n|t:|1700112621\n|switch|p1a: Dragonite|Dragonite, F|100\/100\n|turn|20\n|\n|t:|1700112629\n|move|p1a: Dragonite|Dragon Dance|p1a: Dragonite\n|-boost|p1a: Dragonite|atk|1\n|-boost|p1a: Dragonite|spe|1\n|move|p2a: Kingambit|Kowtow Cleave|p1a: Dragonite\n|-damage|p1a: Dragonite|84\/100\n|\n|-heal|p2a: Kingambit|31\/100 brn|[from] item: Leftovers\n|-damage|p2a: Kingambit|25\/100 brn|[from] brn\n|upkeep\n|turn|21\n|\n|t:|1700112641\n|move|p1a: Dragonite|Dragon Dance|p1a: Dragonite\n|-boost|p1a: Dragonite|atk|1\n|-boost|p1a: Dragonite|spe|1\n|move|p2a: Kingambit|Kowtow Cleave|p1a: Dragonite\n|-damage|p1a: Dragonite|51\/100\n|\n|-heal|p2a: Kingambit|31\/100 brn|[from] item: Leftovers\n|-damage|p2a: Kingambit|25\/100 brn|[from] brn\n|upkeep\n|turn|22\n|j| Prinplup forever\n|\n|t:|1700112655\n|move|p1a: Dragonite|Dragon Dance|p1a: Dragonite\n|-boost|p1a: Dragonite|atk|1\n|-boost|p1a: Dragonite|spe|1\n|move|p2a: Kingambit|Kowtow Cleave|p1a: Dragonite\n|-damage|p1a: Dragonite|14\/100\n|\n|-heal|p2a: Kingambit|31\/100 brn|[from] item: Leftovers\n|-damage|p2a: Kingambit|25\/100 brn|[from] brn\n|upkeep\n|turn|23\n|\n|t:|1700112658\n|-terastallize|p1a: Dragonite|Normal\n|move|p1a: Dragonite|Extreme Speed|p2a: Kingambit\n|-damage|p2a: Kingambit|0 fnt\n|faint|p2a: Kingambit\n|-end|p2a: Kingambit|fallen3|[silent]\n|\n|upkeep\n|\n|t:|1700112661\n|switch|p2a: Great Tusk|Great Tusk, shiny|66\/100\n|turn|24\n|\n|t:|1700112665\n|move|p1a: Dragonite|Extreme Speed|p2a: Great Tusk\n|-damage|p2a: Great Tusk|0 fnt\n|faint|p2a: Great Tusk\n|-end|p2a: Great Tusk|Protosynthesis|[silent]\n|\n|upkeep\n|\n|t:|1700112668\n|switch|p2a: Iron Valiant|Iron Valiant, shiny|100\/100\n|turn|25\n|\n|t:|1700112670\n|move|p1a: Dragonite|Extreme Speed|p2a: Iron Valiant\n|-damage|p2a: Iron Valiant|0 fnt\n|faint|p2a: Iron Valiant\n|-end|p2a: Iron Valiant|Quark Drive|[silent]\n|\n|win|Zapsuki\n|raw|Zapsuki's rating: 1668 &rarr; <strong>1688<\/strong><br \/>(+20 for winning)\n|raw|Apoiguespm's rating: 1669 &rarr; <strong>1649<\/strong><br \/>(-20 for losing)\n|l|\u2606Apoiguespm\n","uploadtime":1700112677,"views":12,"p1id":"zapsuki","p2id":"apoiguespm","formatid":"gen9ou","rating":1649,"private":0,"password":""}