{"id":"gen9ou-1995614339","p1":"Fougere22","p2":"gigazord","format":"[Gen 9] OU","log":"|j|\u2606Fougere22\n|j|\u2606gigazord\n|t:|1700587627\n|gametype|singles\n|player|p1|Fougere22|cheryl|1183\n|player|p2|gigazord|giovanni|1134\n|teamsize|p1|6\n|teamsize|p2|6\n|gen|9\n|tier|[Gen 9] OU\n|rated|\n|rule|Sleep Clause Mod: Limit one foe put to sleep\n|rule|Species Clause: Limit one of each Pok\u00e9mon\n|rule|OHKO Clause: OHKO moves are banned\n|rule|Evasion Items Clause: Evasion items are banned\n|rule|Evasion Moves Clause: Evasion moves are banned\n|rule|Endless Battle Clause: Forcing endless battles is banned\n|rule|HP Percentage Mod: HP is shown in percentages\n|clearpoke\n|poke|p1|Heatran, F|\n|poke|p1|Enamorus, F|\n|poke|p1|Dondozo, F|\n|poke|p1|Great Tusk|\n|poke|p1|Iron Moth|\n|poke|p1|Rillaboom, F|\n|poke|p2|Samurott-Hisui, M|\n|poke|p2|Gholdengo|\n|poke|p2|Kingambit, M|\n|poke|p2|Glimmora, M|\n|poke|p2|Breloom, M|\n|poke|p2|Braviary-Hisui, M|\n|teampreview\n|inactive|Battle timer is ON: inactive players will automatically lose when time's up. (requested by gigazord)\n|\n|t:|1700587662\n|start\n|switch|p1a: Great Tusk|Great Tusk|100\/100\n|switch|p2a: Breloom|Breloom, M|100\/100\n|turn|1\n|inactive|gigazord has 120 seconds left.\n|\n|t:|1700587703\n|-end|p1a: Great Tusk|Protosynthesis|[silent]\n|switch|p1a: Rillaboom|Rillaboom, F|100\/100\n|-fieldstart|move: Grassy Terrain|[from] ability: Grassy Surge|[of] p1a: Rillaboom\n|move|p2a: Breloom|Spore|p1a: Rillaboom\n|-immune|p1a: Rillaboom\n|\n|upkeep\n|turn|2\n|\n|t:|1700587711\n|switch|p2a: Glimmora|Glimmora, M|100\/100\n|move|p1a: Rillaboom|U-turn|p2a: Glimmora\n|-resisted|p2a: Glimmora\n|-damage|p2a: Glimmora|81\/100\n|-activate|p2a: Glimmora|ability: Toxic Debris\n|-sidestart|p1: Fougere22|move: Toxic Spikes\n|\n|t:|1700587720\n|switch|p1a: Enamorus|Enamorus, F|100\/100|[from] U-turn\n|\n|-heal|p2a: Glimmora|87\/100|[from] Grassy Terrain\n|upkeep\n|turn|3\n|inactive|gigazord has 120 seconds left.\n|\n|t:|1700587734\n|move|p1a: Enamorus|Earth Power|p2a: Glimmora\n|-supereffective|p2a: Glimmora\n|-damage|p2a: Glimmora|0 fnt\n|faint|p2a: Glimmora\n|\n|upkeep\n|inactive|gigazord has 120 seconds left.\n|\n|t:|1700587741\n|switch|p2a: Gholdengo|Gholdengo, shiny|100\/100\n|turn|4\n|\n|t:|1700587748\n|move|p1a: Enamorus|Earth Power|p2a: Gholdengo\n|-supereffective|p2a: Gholdengo\n|-damage|p2a: Gholdengo|26\/100\n|move|p2a: Gholdengo|Make It Rain|p1a: Enamorus\n|-supereffective|p1a: Enamorus\n|-damage|p1a: Enamorus|0 fnt\n|-unboost|p2a: Gholdengo|spa|1\n|faint|p1a: Enamorus\n|\n|-heal|p2a: Gholdengo|32\/100|[from] Grassy Terrain\n|upkeep\n|\n|t:|1700587751\n|switch|p1a: Heatran|Heatran, F|100\/100\n|turn|5\n|\n|t:|1700587765\n|switch|p2a: Samurott|Samurott-Hisui, M, shiny|100\/100\n|move|p1a: Heatran|Earth Power|p2a: Samurott\n|-damage|p2a: Samurott|52\/100\n|\n|-heal|p2a: Samurott|58\/100|[from] Grassy Terrain\n|-fieldend|move: Grassy Terrain\n|upkeep\n|turn|6\n|\n|t:|1700587783\n|switch|p1a: Great Tusk|Great Tusk|100\/100\n|-status|p1a: Great Tusk|psn\n|move|p2a: Samurott|Sacred Sword|p1a: Great Tusk\n|-crit|p1a: Great Tusk\n|-damage|p1a: Great Tusk|48\/100 psn\n|\n|-heal|p1a: Great Tusk|55\/100 psn|[from] item: Leftovers\n|-damage|p1a: Great Tusk|42\/100 psn|[from] psn\n|upkeep\n|turn|7\n|\n|t:|1700587793\n|move|p2a: Samurott|Sacred Sword|p1a: Great Tusk\n|-damage|p1a: Great Tusk|10\/100 psn\n|move|p1a: Great Tusk|Rapid Spin|p2a: Samurott\n|-damage|p2a: Samurott|34\/100\n|-boost|p1a: Great Tusk|spe|1\n|-sideend|p1: Fougere22|Toxic Spikes|[from] move: Rapid Spin|[of] p1a: Great Tusk\n|\n|-heal|p1a: Great Tusk|16\/100 psn|[from] item: Leftovers\n|-damage|p1a: Great Tusk|4\/100 psn|[from] psn\n|upkeep\n|turn|8\n|\n|t:|1700587798\n|move|p1a: Great Tusk|Brick Break|p2a: Samurott\n|-supereffective|p2a: Samurott\n|-damage|p2a: Samurott|0 fnt\n|faint|p2a: Samurott\n|\n|-heal|p1a: Great Tusk|10\/100 psn|[from] item: Leftovers\n|-damage|p1a: Great Tusk|0 fnt|[from] psn\n|faint|p1a: Great Tusk\n|-end|p1a: Great Tusk|Protosynthesis|[silent]\n|upkeep\n|\n|t:|1700587810\n|switch|p1a: Heatran|Heatran, F|100\/100\n|switch|p2a: Braviary|Braviary-Hisui, M|100\/100\n|turn|9\n|\n|t:|1700587835\n|move|p1a: Heatran|Magma Storm|p2a: Braviary\n|-damage|p2a: Braviary|40\/100\n|-activate|p2a: Braviary|move: Magma Storm|[of] p1a: Heatran\n|move|p2a: Braviary|Esper Wing|p1a: Heatran\n|-resisted|p1a: Heatran\n|-damage|p1a: Heatran|55\/100\n|-boost|p2a: Braviary|spe|1\n|-damage|p2a: Braviary|30\/100|[from] item: Life Orb\n|\n|-damage|p2a: Braviary|17\/100|[from] move: Magma Storm|[partiallytrapped]\n|upkeep\n|turn|10\n|\n|t:|1700587846\n|move|p1a: Heatran|Magma Storm|p2a: Braviary|[miss]\n|-miss|p1a: Heatran|p2a: Braviary\n|move|p2a: Braviary|Air Slash|p1a: Heatran\n|-resisted|p1a: Heatran\n|-damage|p1a: Heatran|10\/100\n|-damage|p2a: Braviary|7\/100|[from] item: Life Orb\n|\n|-damage|p2a: Braviary|0 fnt|[from] move: Magma Storm|[partiallytrapped]\n|faint|p2a: Braviary\n|upkeep\n|\n|t:|1700587849\n|switch|p2a: Breloom|Breloom, M|100\/100\n|turn|11\n|inactive|Fougere22 has 120 seconds left.\n|\n|t:|1700587882\n|switch|p1a: Iron Moth|Iron Moth|100\/100\n|-enditem|p1a: Iron Moth|Booster Energy\n|-activate|p1a: Iron Moth|ability: Quark Drive|[fromitem]\n|-start|p1a: Iron Moth|quarkdrivespe\n|move|p2a: Breloom|Mach Punch|p1a: Iron Moth\n|-resisted|p1a: Iron Moth\n|-damage|p1a: Iron Moth|72\/100\n|\n|upkeep\n|turn|12\n|\n|t:|1700587904\n|move|p2a: Breloom|Mach Punch|p1a: Iron Moth\n|-resisted|p1a: Iron Moth\n|-damage|p1a: Iron Moth|46\/100\n|move|p1a: Iron Moth|Fiery Dance|p2a: Breloom\n|-supereffective|p2a: Breloom\n|-damage|p2a: Breloom|0 fnt\n|-boost|p1a: Iron Moth|spa|1\n|faint|p2a: Breloom\n|\n|upkeep\n|\n|t:|1700587911\n|switch|p2a: Kingambit|Kingambit, M|100\/100\n|-activate|p2a: Kingambit|ability: Supreme Overlord\n|-start|p2a: Kingambit|fallen4|[silent]\n|turn|13\n|\n|t:|1700587917\n|move|p2a: Kingambit|Sucker Punch||[still]\n|-fail|p2a: Kingambit\n|move|p1a: Iron Moth|Substitute|p1a: Iron Moth\n|-start|p1a: Iron Moth|Substitute\n|-damage|p1a: Iron Moth|21\/100\n|\n|upkeep\n|turn|14\n|\n|t:|1700587919\n|move|p1a: Iron Moth|Morning Sun|p1a: Iron Moth\n|-heal|p1a: Iron Moth|71\/100\n|move|p2a: Kingambit|Stone Edge|p1a: Iron Moth\n|-supereffective|p1a: Iron Moth\n|-end|p1a: Iron Moth|Substitute\n|\n|upkeep\n|turn|15\n|\n|t:|1700587923\n|move|p1a: Iron Moth|Fiery Dance|p2a: Kingambit\n|-supereffective|p2a: Kingambit\n|-damage|p2a: Kingambit|0 fnt\n|-boost|p1a: Iron Moth|spa|1\n|faint|p2a: Kingambit\n|-end|p2a: Kingambit|fallen4|[silent]\n|\n|upkeep\n|-message|gigazord forfeited.\n|\n|win|Fougere22\n|raw|Fougere22's rating: 1183 &rarr; <strong>1207<\/strong><br \/>(+24 for winning)\n|raw|gigazord's rating: 1165 &rarr; <strong>1141<\/strong><br \/>(-24 for losing)\n|l|\u2606gigazord\n|c|\u2606Fougere22|UwU sucker god\n","uploadtime":1700587937,"views":1,"p1id":"fougere22","p2id":"gigazord","formatid":"gen9ou","rating":1141,"private":0,"password":""}