{"id":"gen9ou-1999651590","p1":"bootylicious12","p2":"combat wattson","format":"[Gen 9] OU","log":"|j|\u2606bootylicious12\n|j|\u2606combat wattson\n|t:|1701104701\n|gametype|singles\n|player|p1|bootylicious12|101|1084\n|player|p2|combat wattson|wattson|1008\n|teamsize|p1|6\n|teamsize|p2|6\n|gen|9\n|tier|[Gen 9] OU\n|rated|\n|rule|Sleep Clause Mod: Limit one foe put to sleep\n|rule|Species Clause: Limit one of each Pok\u00e9mon\n|rule|OHKO Clause: OHKO moves are banned\n|rule|Evasion Items Clause: Evasion items are banned\n|rule|Evasion Moves Clause: Evasion moves are banned\n|rule|Endless Battle Clause: Forcing endless battles is banned\n|rule|HP Percentage Mod: HP is shown in percentages\n|clearpoke\n|poke|p1|Cramorant, M|\n|poke|p1|Gastrodon-East, M|\n|poke|p1|Scizor, M|\n|poke|p1|Hypno, M|\n|poke|p1|Ursaring, M|\n|poke|p1|Sandaconda, M|\n|poke|p2|Forretress, M|\n|poke|p2|Glimmora, M|\n|poke|p2|Kingambit, F|\n|poke|p2|Staraptor, F|\n|poke|p2|Primeape, F|\n|poke|p2|Drifblim, F|\n|teampreview\n|\n|t:|1701104714\n|start\n|switch|p1a: Scizor|Scizor, M|100\/100\n|switch|p2a: Glimmora|Glimmora, M|100\/100\n|turn|1\n|\n|t:|1701104722\n|move|p2a: Glimmora|Stealth Rock|p1a: Scizor\n|-sidestart|p1: bootylicious12|move: Stealth Rock\n|move|p1a: Scizor|Knock Off|p2a: Glimmora\n|-crit|p2a: Glimmora\n|-damage|p2a: Glimmora|51\/100\n|-activate|p2a: Glimmora|ability: Toxic Debris\n|-sidestart|p1: bootylicious12|move: Toxic Spikes\n|-enditem|p2a: Glimmora|Leftovers|[from] move: Knock Off|[of] p1a: Scizor\n|\n|upkeep\n|turn|2\n|\n|t:|1701104744\n|move|p1a: Scizor|Bullet Punch|p2a: Glimmora\n|-supereffective|p2a: Glimmora\n|-damage|p2a: Glimmora|0 fnt\n|-activate|p2a: Glimmora|ability: Toxic Debris\n|-sidestart|p1: bootylicious12|move: Toxic Spikes\n|faint|p2a: Glimmora\n|\n|upkeep\n|\n|t:|1701104755\n|switch|p2a: Drifblim|Drifblim, F|100\/100\n|turn|3\n|\n|t:|1701104759\n|move|p2a: Drifblim|Disable|p1a: Scizor\n|-start|p1a: Scizor|Disable|Bullet Punch\n|move|p1a: Scizor|Knock Off|p2a: Drifblim\n|-supereffective|p2a: Drifblim\n|-damage|p2a: Drifblim|0 fnt\n|-damage|p1a: Scizor|76\/100|[from] ability: Aftermath|[of] p2a: Drifblim\n|-enditem|p2a: Drifblim|Life Orb|[from] move: Knock Off|[of] p1a: Scizor\n|faint|p2a: Drifblim\n|\n|-heal|p1a: Scizor|82\/100|[from] item: Leftovers\n|upkeep\n|inactive|Battle timer is ON: inactive players will automatically lose when time's up. (requested by bootylicious12)\n|\n|t:|1701104778\n|switch|p2a: Primeape|Primeape, F|100\/100\n|turn|4\n|\n|t:|1701104787\n|move|p2a: Primeape|Final Gambit|p1a: Scizor\n|-damage|p1a: Scizor|0 fnt\n|faint|p2a: Primeape\n|faint|p1a: Scizor\n|\n|upkeep\n|\n|t:|1701104797\n|switch|p2a: Forretress|Forretress, M|100\/100\n|switch|p1a: Gastrodon|Gastrodon-East, M|100\/100\n|-damage|p1a: Gastrodon|94\/100|[from] Stealth Rock\n|-status|p1a: Gastrodon|tox\n|turn|5\n|\n|t:|1701104804\n|move|p1a: Gastrodon|Earth Power|p2a: Forretress\n|-damage|p2a: Forretress|47\/100\n|move|p2a: Forretress|Explosion|p1a: Gastrodon\n|-damage|p1a: Gastrodon|0 fnt\n|faint|p2a: Forretress\n|faint|p1a: Gastrodon\n|\n|upkeep\n|\n|t:|1701104813\n|switch|p1a: Sandaconda|Sandaconda, M|100\/100\n|switch|p2a: Staraptor|Staraptor, F|100\/100\n|-damage|p1a: Sandaconda|94\/100|[from] Stealth Rock\n|-status|p1a: Sandaconda|tox\n|turn|6\n|\n|t:|1701104820\n|move|p2a: Staraptor|Brave Bird|p1a: Sandaconda\n|-damage|p1a: Sandaconda|16\/100 tox\n|-damage|p2a: Staraptor|72\/100|[from] Recoil\n|-damage|p2a: Staraptor|62\/100|[from] item: Life Orb\n|move|p1a: Sandaconda|Rock Blast|p2a: Staraptor\n|-supereffective|p2a: Staraptor\n|-damage|p2a: Staraptor|41\/100\n|-supereffective|p2a: Staraptor\n|-damage|p2a: Staraptor|17\/100\n|-supereffective|p2a: Staraptor\n|-damage|p2a: Staraptor|0 fnt\n|faint|p2a: Staraptor\n|-hitcount|p2: Staraptor|3\n|\n|-activate|p1a: Sandaconda|ability: Shed Skin\n|-curestatus|p1a: Sandaconda|tox|[msg]\n|upkeep\n|\n|t:|1701104836\n|switch|p2a: Kingambit|Kingambit, F|100\/100\n|-activate|p2a: Kingambit|ability: Supreme Overlord\n|-start|p2a: Kingambit|fallen5|[silent]\n|turn|7\n|\n|t:|1701104840\n|-terastallize|p2a: Kingambit|Fairy\n|move|p2a: Kingambit|Swords Dance|p2a: Kingambit\n|-boost|p2a: Kingambit|atk|2\n|move|p1a: Sandaconda|Earthquake|p2a: Kingambit\n|-damage|p2a: Kingambit|61\/100\n|\n|upkeep\n|turn|8\n|\n|t:|1701104850\n|move|p2a: Kingambit|Kowtow Cleave|p1a: Sandaconda\n|-damage|p1a: Sandaconda|0 fnt\n|faint|p1a: Sandaconda\n|\n|upkeep\n|\n|t:|1701104856\n|switch|p1a: Hypno|Hypno, M|100\/100\n|-damage|p1a: Hypno|88\/100|[from] Stealth Rock\n|-status|p1a: Hypno|tox\n|turn|9\n|\n|t:|1701104861\n|move|p2a: Kingambit|Kowtow Cleave|p1a: Hypno\n|-supereffective|p1a: Hypno\n|-damage|p1a: Hypno|0 fnt\n|faint|p1a: Hypno\n|\n|upkeep\n|\n|t:|1701104864\n|switch|p1a: Ursaring|Ursaring, M|100\/100\n|-damage|p1a: Ursaring|88\/100|[from] Stealth Rock\n|-status|p1a: Ursaring|tox\n|turn|10\n|\n|t:|1701104871\n|move|p2a: Kingambit|Kowtow Cleave|p1a: Ursaring\n|-damage|p1a: Ursaring|0 fnt\n|faint|p1a: Ursaring\n|\n|upkeep\n|\n|t:|1701104880\n|switch|p1a: Cramorant|Cramorant, M|100\/100\n|-damage|p1a: Cramorant|75\/100|[from] Stealth Rock\n|turn|11\n|\n|t:|1701104885\n|-terastallize|p1a: Cramorant|Ground\n|move|p1a: Cramorant|Tera Blast|p2a: Kingambit|[anim] Tera Blast Ground\n|-damage|p2a: Kingambit|35\/100\n|move|p2a: Kingambit|Kowtow Cleave|p1a: Cramorant\n|-damage|p1a: Cramorant|0 fnt\n|faint|p1a: Cramorant\n|\n|win|combat wattson\n|raw|bootylicious12's rating: 1084 &rarr; <strong>1057<\/strong><br \/>(-27 for losing)\n|raw|combat wattson's rating: 1008 &rarr; <strong>1055<\/strong><br \/>(+47 for winning)\n|l|\u2606bootylicious12\n","uploadtime":1701104895,"views":2,"p1id":"bootylicious12","p2id":"combatwattson","formatid":"gen9ou","rating":1055,"private":0,"password":""}