{"id":"gen9ou-1989081180","p1":"Zaminio","p2":"fire2230900","format":"[Gen 9] OU","log":"|j|\u2606Zaminio\n|j|\u2606fire2230900\n|t:|1699810108\n|gametype|singles\n|player|p1|Zaminio|cress|1029\n|player|p2|fire2230900|lucas|1044\n|teamsize|p1|6\n|teamsize|p2|6\n|gen|9\n|tier|[Gen 9] OU\n|rated|\n|rule|Sleep Clause Mod: Limit one foe put to sleep\n|rule|Species Clause: Limit one of each Pok\u00e9mon\n|rule|OHKO Clause: OHKO moves are banned\n|rule|Evasion Items Clause: Evasion items are banned\n|rule|Evasion Moves Clause: Evasion moves are banned\n|rule|Endless Battle Clause: Forcing endless battles is banned\n|rule|HP Percentage Mod: HP is shown in percentages\n|clearpoke\n|poke|p1|Ribombee, M|\n|poke|p1|Garganacl, M|\n|poke|p1|Meowscarada, M|\n|poke|p1|Greninja-*, M|\n|poke|p1|Sneasler, M|\n|poke|p1|Ceruledge, M|\n|poke|p2|Great Tusk|\n|poke|p2|Enamorus, F|\n|poke|p2|Iron Moth|\n|poke|p2|Ogerpon-Cornerstone, F|\n|poke|p2|Samurott-Hisui, M|\n|poke|p2|Gholdengo|\n|teampreview\n|inactive|Battle timer is ON: inactive players will automatically lose when time's up. (requested by Zaminio)\n|c|\u2606fire2230900|glhf\n|\n|t:|1699810121\n|start\n|switch|p1a: Ribombee|Ribombee, M, shiny|100\/100\n|switch|p2a: Iron Moth|Iron Moth|100\/100\n|turn|1\n|\n|t:|1699810130\n|move|p1a: Ribombee|Sticky Web|p2a: Iron Moth\n|-sidestart|p2: fire2230900|move: Sticky Web\n|move|p2a: Iron Moth|Toxic Spikes|p1a: Ribombee\n|-sidestart|p1: Zaminio|move: Toxic Spikes\n|\n|upkeep\n|turn|2\n|\n|t:|1699810138\n|move|p1a: Ribombee|Tailwind|p1a: Ribombee\n|-sidestart|p1: Zaminio|move: Tailwind\n|move|p2a: Iron Moth|Sludge Wave|p1a: Ribombee\n|-supereffective|p1a: Ribombee\n|-enditem|p1a: Ribombee|Focus Sash\n|-damage|p1a: Ribombee|1\/100\n|\n|upkeep\n|turn|3\n|\n|t:|1699810146\n|switch|p1a: Greninja|Greninja, M|100\/100\n|-status|p1a: Greninja|psn\n|move|p2a: Iron Moth|Flamethrower|p1a: Greninja\n|-resisted|p1a: Greninja\n|-damage|p1a: Greninja|65\/100 psn\n|\n|-heal|p1a: Greninja|71\/100 psn|[from] item: Leftovers\n|-damage|p1a: Greninja|59\/100 psn|[from] psn\n|upkeep\n|turn|4\n|\n|t:|1699810162\n|-end|p2a: Iron Moth|Quark Drive|[silent]\n|switch|p2a: Enamorus|Enamorus, F|100\/100\n|move|p1a: Greninja|Hydro Pump|p2a: Enamorus|[miss]\n|-miss|p1a: Greninja|p2a: Enamorus\n|\n|-heal|p1a: Greninja|65\/100 psn|[from] item: Leftovers\n|-damage|p1a: Greninja|53\/100 psn|[from] psn\n|upkeep\n|turn|5\n|\n|t:|1699810179\n|move|p1a: Greninja|Water Shuriken|p2a: Enamorus\n|-damage|p2a: Enamorus|91\/100\n|-damage|p2a: Enamorus|82\/100\n|-damage|p2a: Enamorus|73\/100\n|-damage|p2a: Enamorus|64\/100\n|-hitcount|p2a: Enamorus|4\n|move|p2a: Enamorus|Springtide Storm|p1a: Greninja\n|-supereffective|p1a: Greninja\n|-damage|p1a: Greninja|0 fnt\n|faint|p1a: Greninja\n|\n|-sideend|p1: Zaminio|move: Tailwind\n|upkeep\n|inactive|Zaminio has 120 seconds left.\n|\n|t:|1699810200\n|switch|p1a: Sneasler|Sneasler, M, shiny|100\/100\n|-sideend|p1: Zaminio|move: Toxic Spikes|[of] p1a: Sneasler\n|turn|6\n|\n|t:|1699810206\n|move|p1a: Sneasler|Dire Claw|p2a: Enamorus\n|-supereffective|p2a: Enamorus\n|-damage|p2a: Enamorus|0 fnt\n|faint|p2a: Enamorus\n|\n|upkeep\n|\n|t:|1699810214\n|switch|p2a: Great Tusk|Great Tusk|100\/100\n|-activate|p2a: Great Tusk|move: Sticky Web\n|-unboost|p2a: Great Tusk|spe|1\n|-enditem|p2a: Great Tusk|Booster Energy\n|-activate|p2a: Great Tusk|ability: Protosynthesis|[fromitem]\n|-start|p2a: Great Tusk|protosynthesisdef\n|turn|7\n|\n|t:|1699810229\n|-terastallize|p2a: Great Tusk|Ground\n|-singleturn|p1a: Sneasler|move: Focus Punch\n|move|p2a: Great Tusk|Headlong Rush|p1a: Sneasler\n|-supereffective|p1a: Sneasler\n|-damage|p1a: Sneasler|0 fnt\n|-unboost|p2a: Great Tusk|def|1\n|-unboost|p2a: Great Tusk|spd|1\n|faint|p1a: Sneasler\n|\n|upkeep\n|\n|t:|1699810247\n|switch|p1a: Meowscarada|Meowscarada, M, shiny|100\/100\n|turn|8\n|\n|t:|1699810255\n|-end|p2a: Great Tusk|Protosynthesis|[silent]\n|switch|p2a: Iron Moth|Iron Moth|100\/100\n|-activate|p2a: Iron Moth|move: Sticky Web\n|-unboost|p2a: Iron Moth|spe|1\n|move|p1a: Meowscarada|Flower Trick|p2a: Iron Moth\n|-start|p1a: Meowscarada|typechange|Grass|[from] ability: Protean\n|-resisted|p2a: Iron Moth\n|-crit|p2a: Iron Moth\n|-damage|p2a: Iron Moth|81\/100\n|\n|upkeep\n|turn|9\n|\n|t:|1699810267\n|switch|p1a: Ceruledge|Ceruledge, M|100\/100\n|move|p2a: Iron Moth|Toxic Spikes|p1a: Ceruledge\n|-sidestart|p1: Zaminio|move: Toxic Spikes\n|\n|upkeep\n|turn|10\n|\n|t:|1699810277\n|-end|p2a: Iron Moth|Quark Drive|[silent]\n|switch|p2a: Samurott|Samurott-Hisui, M, shiny|100\/100\n|-activate|p2a: Samurott|move: Sticky Web\n|-unboost|p2a: Samurott|spe|1\n|move|p1a: Ceruledge|Poltergeist|p2a: Samurott\n|-activate|p2a: Samurott|move: Poltergeist|Weakness Policy\n|-resisted|p2a: Samurott\n|-damage|p2a: Samurott|58\/100\n|-damage|p1a: Ceruledge|91\/100|[from] item: Life Orb\n|\n|upkeep\n|turn|11\n|\n|t:|1699810292\n|move|p1a: Ceruledge|Iron Head|p2a: Samurott\n|-resisted|p2a: Samurott\n|-damage|p2a: Samurott|37\/100\n|-damage|p1a: Ceruledge|81\/100|[from] item: Life Orb\n|move|p2a: Samurott|Ceaseless Edge|p1a: Ceruledge\n|-supereffective|p1a: Ceruledge\n|-damage|p1a: Ceruledge|18\/100\n|-ability|p1a: Ceruledge|Weak Armor|boost\n|-unboost|p1a: Ceruledge|def|1\n|-boost|p1a: Ceruledge|spe|2\n|-sidestart|p1: Zaminio|Spikes\n|\n|upkeep\n|turn|12\n|\n|t:|1699810306\n|move|p1a: Ceruledge|Poltergeist|p2a: Samurott\n|-activate|p2a: Samurott|move: Poltergeist|Weakness Policy\n|-resisted|p2a: Samurott\n|-damage|p2a: Samurott|0 fnt\n|faint|p2a: Samurott\n|-damage|p1a: Ceruledge|8\/100|[from] item: Life Orb\n|\n|upkeep\n|\n|t:|1699810316\n|switch|p2a: Ogerpon|Ogerpon-Cornerstone, F|100\/100\n|-activate|p2a: Ogerpon|move: Sticky Web\n|-unboost|p2a: Ogerpon|spe|1\n|turn|13\n|\n|t:|1699810322\n|move|p1a: Ceruledge|Bitter Blade|p2a: Ogerpon\n|-damage|p2a: Ogerpon|30\/100\n|-heal|p1a: Ceruledge|46\/100|[from] drain|[of] p2a: Ogerpon\n|-damage|p1a: Ceruledge|36\/100|[from] item: Life Orb\n|move|p2a: Ogerpon|Ivy Cudgel|p1a: Ceruledge\n|-supereffective|p1a: Ceruledge\n|-damage|p1a: Ceruledge|0 fnt\n|faint|p1a: Ceruledge\n|\n|upkeep\n|\n|t:|1699810341\n|switch|p1a: Meowscarada|Meowscarada, M, shiny|100\/100\n|-status|p1a: Meowscarada|psn\n|-damage|p1a: Meowscarada|88\/100 psn|[from] Spikes\n|turn|14\n|\n|t:|1699810354\n|move|p1a: Meowscarada|Chilling Water|p2a: Ogerpon\n|-start|p1a: Meowscarada|typechange|Water|[from] ability: Protean\n|-damage|p2a: Ogerpon|15\/100\n|-unboost|p2a: Ogerpon|atk|1\n|move|p2a: Ogerpon|Low Sweep|p1a: Meowscarada\n|-damage|p1a: Meowscarada|60\/100 psn\n|-unboost|p1a: Meowscarada|spe|1\n|\n|-heal|p1a: Meowscarada|66\/100 psn|[from] item: Leftovers\n|-damage|p1a: Meowscarada|54\/100 psn|[from] psn\n|upkeep\n|turn|15\n|\n|t:|1699810371\n|move|p1a: Meowscarada|Flower Trick|p2a: Ogerpon\n|-crit|p2a: Ogerpon\n|-damage|p2a: Ogerpon|0 fnt\n|faint|p2a: Ogerpon\n|\n|-heal|p1a: Meowscarada|60\/100 psn|[from] item: Leftovers\n|-damage|p1a: Meowscarada|48\/100 psn|[from] psn\n|upkeep\n|\n|t:|1699810381\n|switch|p2a: Gholdengo|Gholdengo|100\/100\n|-item|p2a: Gholdengo|Air Balloon\n|turn|16\n|\n|t:|1699810388\n|move|p1a: Meowscarada|Knock Off|p2a: Gholdengo\n|-supereffective|p2a: Gholdengo\n|-damage|p2a: Gholdengo|41\/100\n|-enditem|p2a: Gholdengo|Air Balloon\n|move|p2a: Gholdengo|Shadow Ball|p1a: Meowscarada\n|-damage|p1a: Meowscarada|0 fnt\n|faint|p1a: Meowscarada\n|\n|upkeep\n|\n|t:|1699810397\n|switch|p1a: Ribombee|Ribombee, M, shiny|1\/100\n|-status|p1a: Ribombee|psn\n|-damage|p1a: Ribombee|0 fnt|[from] Spikes\n|faint|p1a: Ribombee\n|\n|t:|1699810403\n|switch|p1a: Garganacl|Garganacl, M, shiny|100\/100\n|-status|p1a: Garganacl|psn\n|-damage|p1a: Garganacl|88\/100 psn|[from] Spikes\n|turn|17\n|c|\u2606fire2230900|gg\n|\n|t:|1699810412\n|move|p2a: Gholdengo|Make It Rain|p1a: Garganacl\n|-supereffective|p1a: Garganacl\n|-damage|p1a: Garganacl|0 fnt\n|-unboost|p2a: Gholdengo|spa|1\n|faint|p1a: Garganacl\n|\n|win|fire2230900\n|raw|Zaminio's rating: 1029 &rarr; <strong>1015<\/strong><br \/>(-14 for losing)\n|raw|fire2230900's rating: 1044 &rarr; <strong>1076<\/strong><br \/>(+32 for winning)\n|l|\u2606Zaminio\n","uploadtime":1699810426,"views":12,"p1id":"zaminio","p2id":"fire2230900","formatid":"gen9ou","rating":1015,"private":0,"password":""}