{"id":"gen9ou-1997275916","p1":"yeah im the type","p2":"cerberus sama","format":"[Gen 9] OU","log":"|j|\u2606yeah im the type\n|j|\u2606cerberus sama\n|t:|1700783496\n|gametype|singles\n|player|p1|yeah im the type|saguaro|1562\n|player|p2|cerberus sama|266|1647\n|teamsize|p1|6\n|teamsize|p2|6\n|gen|9\n|tier|[Gen 9] OU\n|rated|\n|rule|Sleep Clause Mod: Limit one foe put to sleep\n|rule|Species Clause: Limit one of each Pok\u00e9mon\n|rule|OHKO Clause: OHKO moves are banned\n|rule|Evasion Items Clause: Evasion items are banned\n|rule|Evasion Moves Clause: Evasion moves are banned\n|rule|Endless Battle Clause: Forcing endless battles is banned\n|rule|HP Percentage Mod: HP is shown in percentages\n|clearpoke\n|poke|p1|Dragalge, M|\n|poke|p1|Ting-Lu|\n|poke|p1|Zapdos|\n|poke|p1|Arcanine-Hisui, F|\n|poke|p1|Milotic, M|\n|poke|p1|Scizor, F|\n|poke|p2|Garganacl, M|\n|poke|p2|Great Tusk|\n|poke|p2|Clodsire, F|\n|poke|p2|Landorus-Therian, M|\n|poke|p2|Iron Valiant|\n|poke|p2|Pawmot, F|\n|teampreview\n|inactive|Battle timer is ON: inactive players will automatically lose when time's up. (requested by cerberus sama)\n|\n|t:|1700783509\n|start\n|switch|p1a: Milotic|Milotic, M|100\/100\n|switch|p2a: Pawmot|Pawmot, F|100\/100\n|turn|1\n|\n|t:|1700783516\n|switch|p1a: Zapdos|Zapdos|100\/100\n|move|p2a: Pawmot|Fake Out|p1a: Zapdos\n|-damage|p1a: Zapdos|88\/100\n|\n|upkeep\n|turn|2\n|\n|t:|1700783522\n|switch|p2a: Clodsire|Clodsire, F|100\/100\n|move|p1a: Zapdos|Hurricane|p2a: Clodsire\n|-damage|p2a: Clodsire|77\/100\n|-start|p2a: Clodsire|confusion\n|\n|-heal|p2a: Clodsire|83\/100|[from] item: Black Sludge\n|upkeep\n|turn|3\n|\n|t:|1700783531\n|switch|p1a: Arcanine|Arcanine-Hisui, F|100\/100\n|-activate|p2a: Clodsire|confusion\n|move|p2a: Clodsire|Toxic|p1a: Arcanine\n|-status|p1a: Arcanine|tox\n|\n|-heal|p2a: Clodsire|90\/100|[from] item: Black Sludge\n|-damage|p1a: Arcanine|94\/100 tox|[from] psn\n|upkeep\n|turn|4\n|\n|t:|1700783539\n|switch|p2a: Garganacl|Garganacl, M|100\/100\n|move|p1a: Arcanine|Flare Blitz|p2a: Garganacl\n|-resisted|p2a: Garganacl\n|-damage|p2a: Garganacl|78\/100\n|\n|-heal|p2a: Garganacl|84\/100|[from] item: Leftovers\n|-damage|p1a: Arcanine|82\/100 tox|[from] psn\n|upkeep\n|turn|5\n|\n|t:|1700783546\n|switch|p1a: Ting-Lu|Ting-Lu|100\/100\n|-ability|p1a: Ting-Lu|Vessel of Ruin\n|move|p2a: Garganacl|Salt Cure|p1a: Ting-Lu\n|-resisted|p1a: Ting-Lu\n|-damage|p1a: Ting-Lu|97\/100\n|-start|p1a: Ting-Lu|Salt Cure\n|\n|-heal|p1a: Ting-Lu|100\/100|[from] item: Leftovers\n|-heal|p2a: Garganacl|91\/100|[from] item: Leftovers\n|-damage|p1a: Ting-Lu|88\/100|[from] Salt Cure\n|upkeep\n|turn|6\n|\n|t:|1700783552\n|switch|p2a: Landorus|Landorus-Therian, M|100\/100\n|-ability|p2a: Landorus|Intimidate|boost\n|-unboost|p1a: Ting-Lu|atk|1\n|move|p1a: Ting-Lu|Ruination|p2a: Landorus\n|-damage|p2a: Landorus|51\/100\n|\n|-heal|p2a: Landorus|57\/100|[from] item: Leftovers\n|-heal|p1a: Ting-Lu|94\/100|[from] item: Leftovers\n|-damage|p1a: Ting-Lu|82\/100|[from] Salt Cure\n|upkeep\n|turn|7\n|\n|t:|1700783567\n|switch|p1a: Zapdos|Zapdos|88\/100\n|move|p2a: Landorus|Sludge Bomb|p1a: Zapdos\n|-damage|p1a: Zapdos|62\/100\n|\n|-heal|p2a: Landorus|63\/100|[from] item: Leftovers\n|upkeep\n|turn|8\n|\n|t:|1700783573\n|move|p2a: Landorus|Sludge Bomb|p1a: Zapdos\n|-damage|p1a: Zapdos|36\/100\n|move|p1a: Zapdos|Roost|p1a: Zapdos\n|-heal|p1a: Zapdos|86\/100\n|-singleturn|p1a: Zapdos|move: Roost\n|\n|-heal|p2a: Landorus|69\/100|[from] item: Leftovers\n|upkeep\n|turn|9\n|\n|t:|1700783577\n|switch|p2a: Clodsire|Clodsire, F|90\/100\n|move|p1a: Zapdos|Hurricane|p2a: Clodsire|[miss]\n|-miss|p1a: Zapdos|p2a: Clodsire\n|\n|-heal|p2a: Clodsire|96\/100|[from] item: Black Sludge\n|upkeep\n|turn|10\n|\n|t:|1700783588\n|switch|p1a: Scizor|Scizor, F|100\/100\n|move|p2a: Clodsire|Stealth Rock|p1a: Scizor\n|-sidestart|p1: yeah im the type|move: Stealth Rock\n|\n|-heal|p2a: Clodsire|100\/100|[from] item: Black Sludge\n|upkeep\n|turn|11\n|\n|t:|1700783595\n|switch|p2a: Landorus|Landorus-Therian, M|69\/100\n|-ability|p2a: Landorus|Intimidate|boost\n|-unboost|p1a: Scizor|atk|1\n|move|p1a: Scizor|Defog|p2a: Landorus\n|-unboost|p2a: Landorus|evasion|1\n|-sideend|p1: yeah im the type|Stealth Rock|[from] move: Defog|[of] p1a: Scizor\n|\n|-heal|p2a: Landorus|74\/100|[from] item: Leftovers\n|upkeep\n|turn|12\n|\n|t:|1700783602\n|move|p2a: Landorus|U-turn|p1a: Scizor\n|-resisted|p1a: Scizor\n|-damage|p1a: Scizor|89\/100\n|\n|t:|1700783606\n|switch|p2a: Pawmot|Pawmot, F|100\/100|[from] U-turn\n|move|p1a: Scizor|Swords Dance|p1a: Scizor\n|-boost|p1a: Scizor|atk|2\n|\n|upkeep\n|turn|13\n|\n|t:|1700783615\n|move|p2a: Pawmot|Fake Out|p1a: Scizor\n|-resisted|p1a: Scizor\n|-damage|p1a: Scizor|82\/100\n|cant|p1a: Scizor|flinch\n|\n|upkeep\n|turn|14\n|\n|t:|1700783619\n|move|p2a: Pawmot|Mach Punch|p1a: Scizor\n|-damage|p1a: Scizor|57\/100\n|move|p1a: Scizor|Close Combat|p2a: Pawmot\n|-crit|p2a: Pawmot\n|-damage|p2a: Pawmot|0 fnt\n|-unboost|p1a: Scizor|def|1\n|-unboost|p1a: Scizor|spd|1\n|faint|p2a: Pawmot\n|\n|upkeep\n|\n|t:|1700783626\n|switch|p2a: Great Tusk|Great Tusk|100\/100\n|turn|15\n|\n|t:|1700783632\n|switch|p1a: Ting-Lu|Ting-Lu|82\/100\n|-ability|p1a: Ting-Lu|Vessel of Ruin\n|move|p2a: Great Tusk|Ice Spinner|p1a: Ting-Lu\n|-supereffective|p1a: Ting-Lu\n|-damage|p1a: Ting-Lu|56\/100\n|\n|-heal|p1a: Ting-Lu|62\/100|[from] item: Leftovers\n|upkeep\n|turn|16\n|\n|t:|1700783636\n|move|p2a: Great Tusk|Knock Off|p1a: Ting-Lu\n|-resisted|p1a: Ting-Lu\n|-damage|p1a: Ting-Lu|54\/100\n|-enditem|p1a: Ting-Lu|Leftovers|[from] move: Knock Off|[of] p2a: Great Tusk\n|move|p1a: Ting-Lu|Ruination|p2a: Great Tusk\n|-damage|p2a: Great Tusk|51\/100\n|\n|upkeep\n|turn|17\n|\n|t:|1700783641\n|-end|p2a: Great Tusk|Protosynthesis|[silent]\n|switch|p2a: Landorus|Landorus-Therian, M|74\/100\n|-ability|p2a: Landorus|Intimidate|boost\n|-unboost|p1a: Ting-Lu|atk|1\n|move|p1a: Ting-Lu|Stealth Rock|p2a: Landorus\n|-sidestart|p2: cerberus sama|move: Stealth Rock\n|\n|-heal|p2a: Landorus|80\/100|[from] item: Leftovers\n|upkeep\n|turn|18\n|\n|t:|1700783643\n|move|p2a: Landorus|Grass Knot|p1a: Ting-Lu\n|-supereffective|p1a: Ting-Lu\n|-damage|p1a: Ting-Lu|26\/100\n|move|p1a: Ting-Lu|Ruination|p2a: Landorus\n|-damage|p2a: Landorus|41\/100\n|\n|-heal|p2a: Landorus|47\/100|[from] item: Leftovers\n|upkeep\n|turn|19\n|\n|t:|1700783650\n|move|p2a: Landorus|Sludge Bomb|p1a: Ting-Lu\n|-resisted|p1a: Ting-Lu\n|-damage|p1a: Ting-Lu|21\/100\n|move|p1a: Ting-Lu|Whirlwind|p2a: Landorus\n|drag|p2a: Iron Valiant|Iron Valiant|100\/100\n|-damage|p2a: Iron Valiant|94\/100|[from] Stealth Rock\n|\n|upkeep\n|turn|20\n|\n|t:|1700783655\n|switch|p1a: Milotic|Milotic, M|100\/100\n|move|p2a: Iron Valiant|Trick|p1a: Milotic\n|-activate|p2a: Iron Valiant|move: Trick|[of] p1a: Milotic\n|-item|p1a: Milotic|Choice Scarf|[from] move: Trick\n|-item|p2a: Iron Valiant|Heavy-Duty Boots|[from] move: Trick\n|\n|upkeep\n|turn|21\n|\n|t:|1700783668\n|-end|p2a: Iron Valiant|Quark Drive|[silent]\n|switch|p2a: Clodsire|Clodsire, F|100\/100\n|-damage|p2a: Clodsire|94\/100|[from] Stealth Rock\n|switch|p1a: Ting-Lu|Ting-Lu|21\/100\n|-ability|p1a: Ting-Lu|Vessel of Ruin\n|\n|-heal|p2a: Clodsire|100\/100|[from] item: Black Sludge\n|upkeep\n|turn|22\n|\n|t:|1700783675\n|move|p1a: Ting-Lu|Earthquake|p2a: Clodsire\n|-supereffective|p2a: Clodsire\n|-damage|p2a: Clodsire|13\/100\n|move|p2a: Clodsire|Stealth Rock|p1a: Ting-Lu\n|-sidestart|p1: yeah im the type|move: Stealth Rock\n|\n|-heal|p2a: Clodsire|19\/100|[from] item: Black Sludge\n|upkeep\n|turn|23\n|\n|t:|1700783678\n|switch|p2a: Landorus|Landorus-Therian, M|47\/100\n|-damage|p2a: Landorus|34\/100|[from] Stealth Rock\n|-ability|p2a: Landorus|Intimidate|boost\n|-unboost|p1a: Ting-Lu|atk|1\n|move|p1a: Ting-Lu|Whirlwind|p2a: Landorus\n|drag|p2a: Iron Valiant|Iron Valiant|94\/100\n|\n|upkeep\n|turn|24\n|\n|t:|1700783681\n|move|p2a: Iron Valiant|Moonblast|p1a: Ting-Lu\n|-supereffective|p1a: Ting-Lu\n|-damage|p1a: Ting-Lu|0 fnt\n|faint|p1a: Ting-Lu\n|\n|upkeep\n|\n|t:|1700783684\n|switch|p1a: Scizor|Scizor, F|57\/100\n|turn|25\n|\n|t:|1700783690\n|-end|p2a: Iron Valiant|Quark Drive|[silent]\n|switch|p2a: Landorus|Landorus-Therian, M|34\/100\n|-damage|p2a: Landorus|22\/100|[from] Stealth Rock\n|-ability|p2a: Landorus|Intimidate|boost\n|-unboost|p1a: Scizor|atk|1\n|move|p1a: Scizor|Swords Dance|p1a: Scizor\n|-boost|p1a: Scizor|atk|2\n|\n|-heal|p2a: Landorus|28\/100|[from] item: Leftovers\n|upkeep\n|turn|26\n|\n|t:|1700783695\n|move|p1a: Scizor|Bullet Punch|p2a: Landorus\n|-damage|p2a: Landorus|0 fnt\n|faint|p2a: Landorus\n|\n|upkeep\n|\n|t:|1700783697\n|switch|p2a: Garganacl|Garganacl, M|91\/100\n|-damage|p2a: Garganacl|78\/100|[from] Stealth Rock\n|turn|27\n|\n|t:|1700783708\n|switch|p1a: Arcanine|Arcanine-Hisui, F|82\/100 tox\n|-damage|p1a: Arcanine|58\/100 tox|[from] Stealth Rock\n|-terastallize|p2a: Garganacl|Ghost\n|move|p2a: Garganacl|Salt Cure|p1a: Arcanine\n|-supereffective|p1a: Arcanine\n|-damage|p1a: Arcanine|23\/100 tox\n|-start|p1a: Arcanine|Salt Cure\n|\n|-heal|p2a: Garganacl|84\/100|[from] item: Leftovers\n|-damage|p1a: Arcanine|17\/100 tox|[from] psn\n|-damage|p1a: Arcanine|5\/100 tox|[from] Salt Cure\n|upkeep\n|turn|28\n|\n|t:|1700783712\n|move|p2a: Garganacl|Protect|p2a: Garganacl\n|-singleturn|p2a: Garganacl|Protect\n|move|p1a: Arcanine|Head Smash|p2a: Garganacl\n|-activate|p2a: Garganacl|move: Protect\n|\n|-heal|p2a: Garganacl|91\/100|[from] item: Leftovers\n|-damage|p1a: Arcanine|0 fnt|[from] psn\n|faint|p1a: Arcanine\n|upkeep\n|\n|t:|1700783715\n|switch|p1a: Dragalge|Dragalge, M|100\/100\n|-damage|p1a: Dragalge|88\/100|[from] Stealth Rock\n|turn|29\n|\n|t:|1700783721\n|switch|p2a: Clodsire|Clodsire, F|19\/100\n|-damage|p2a: Clodsire|13\/100|[from] Stealth Rock\n|move|p1a: Dragalge|Draco Meteor|p2a: Clodsire\n|-damage|p2a: Clodsire|0 fnt\n|-unboost|p1a: Dragalge|spa|2\n|faint|p2a: Clodsire\n|\n|upkeep\n|\n|t:|1700783724\n|switch|p2a: Iron Valiant|Iron Valiant|94\/100\n|turn|30\n|\n|t:|1700783732\n|switch|p1a: Zapdos|Zapdos|86\/100\n|move|p2a: Iron Valiant|Aura Sphere|p1a: Zapdos\n|-resisted|p1a: Zapdos\n|-damage|p1a: Zapdos|66\/100\n|\n|upkeep\n|turn|31\n|\n|t:|1700783737\n|move|p2a: Iron Valiant|Moonblast|p1a: Zapdos\n|-damage|p1a: Zapdos|22\/100\n|move|p1a: Zapdos|Roost|p1a: Zapdos\n|-heal|p1a: Zapdos|72\/100\n|-singleturn|p1a: Zapdos|move: Roost\n|\n|upkeep\n|turn|32\n|\n|t:|1700783740\n|move|p2a: Iron Valiant|Moonblast|p1a: Zapdos\n|-damage|p1a: Zapdos|27\/100\n|move|p1a: Zapdos|Hurricane|p2a: Iron Valiant\n|-supereffective|p2a: Iron Valiant\n|-damage|p2a: Iron Valiant|0 fnt\n|faint|p2a: Iron Valiant\n|-end|p2a: Iron Valiant|Quark Drive|[silent]\n|\n|upkeep\n|\n|t:|1700783746\n|switch|p2a: Garganacl|Garganacl, M, tera:Ghost|91\/100\n|-damage|p2a: Garganacl|78\/100|[from] Stealth Rock\n|turn|33\n|\n|t:|1700783749\n|move|p1a: Zapdos|Roost|p1a: Zapdos\n|-heal|p1a: Zapdos|77\/100\n|-singleturn|p1a: Zapdos|move: Roost\n|move|p2a: Garganacl|Salt Cure|p1a: Zapdos\n|-damage|p1a: Zapdos|63\/100\n|-start|p1a: Zapdos|Salt Cure\n|\n|-heal|p2a: Garganacl|84\/100|[from] item: Leftovers\n|-damage|p1a: Zapdos|51\/100|[from] Salt Cure\n|upkeep\n|turn|34\n|\n|t:|1700783753\n|move|p1a: Zapdos|Roost|p1a: Zapdos\n|-heal|p1a: Zapdos|100\/100\n|-singleturn|p1a: Zapdos|move: Roost\n|move|p2a: Garganacl|Substitute|p2a: Garganacl\n|-start|p2a: Garganacl|Substitute\n|-damage|p2a: Garganacl|59\/100\n|\n|-heal|p2a: Garganacl|66\/100|[from] item: Leftovers\n|-damage|p1a: Zapdos|88\/100|[from] Salt Cure\n|upkeep\n|turn|35\n|\n|t:|1700783757\n|switch|p1a: Milotic|Milotic, M|100\/100\n|-damage|p1a: Milotic|88\/100|[from] Stealth Rock\n|move|p2a: Garganacl|Protect||[still]\n|-fail|p2a: Garganacl\n|\n|-heal|p2a: Garganacl|72\/100|[from] item: Leftovers\n|upkeep\n|turn|36\n|\n|t:|1700783763\n|move|p1a: Milotic|Scald|p2a: Garganacl\n|-end|p2a: Garganacl|Substitute\n|move|p2a: Garganacl|Salt Cure|p1a: Milotic\n|-damage|p1a: Milotic|74\/100\n|-start|p1a: Milotic|Salt Cure\n|\n|-heal|p2a: Garganacl|78\/100|[from] item: Leftovers\n|-damage|p1a: Milotic|49\/100|[from] Salt Cure\n|upkeep\n|turn|37\n|\n|t:|1700783766\n|move|p1a: Milotic|Scald|p2a: Garganacl\n|-damage|p2a: Garganacl|51\/100\n|move|p2a: Garganacl|Substitute|p2a: Garganacl\n|-start|p2a: Garganacl|Substitute\n|-damage|p2a: Garganacl|26\/100\n|\n|-heal|p2a: Garganacl|32\/100|[from] item: Leftovers\n|-damage|p1a: Milotic|24\/100|[from] Salt Cure\n|upkeep\n|turn|38\n|\n|t:|1700783770\n|switch|p1a: Zapdos|Zapdos|88\/100\n|move|p2a: Garganacl|Protect||[still]\n|-fail|p2a: Garganacl\n|\n|-heal|p2a: Garganacl|39\/100|[from] item: Leftovers\n|upkeep\n|turn|39\n|\n|t:|1700783773\n|move|p1a: Zapdos|Volt Switch|p2a: Garganacl\n|-end|p2a: Garganacl|Substitute\n|\n|t:|1700783776\n|switch|p1a: Milotic|Milotic, M|24\/100|[from] Volt Switch\n|-damage|p1a: Milotic|12\/100|[from] Stealth Rock\n|move|p2a: Garganacl|Recover|p2a: Garganacl\n|-heal|p2a: Garganacl|89\/100\n|\n|-heal|p2a: Garganacl|95\/100|[from] item: Leftovers\n|upkeep\n|turn|40\n|\n|t:|1700783781\n|move|p2a: Garganacl|Protect|p2a: Garganacl\n|-singleturn|p2a: Garganacl|Protect\n|move|p1a: Milotic|Scald|p2a: Garganacl\n|-activate|p2a: Garganacl|move: Protect\n|\n|-heal|p2a: Garganacl|100\/100|[from] item: Leftovers\n|upkeep\n|turn|41\n|\n|t:|1700783785\n|move|p1a: Milotic|Scald|p2a: Garganacl\n|-damage|p2a: Garganacl|74\/100\n|move|p2a: Garganacl|Salt Cure|p1a: Milotic\n|-damage|p1a: Milotic|0 fnt\n|faint|p1a: Milotic\n|\n|-heal|p2a: Garganacl|80\/100|[from] item: Leftovers\n|upkeep\n|\n|t:|1700783791\n|switch|p1a: Dragalge|Dragalge, M|88\/100\n|-damage|p1a: Dragalge|76\/100|[from] Stealth Rock\n|turn|42\n|\n|t:|1700783794\n|move|p2a: Garganacl|Protect|p2a: Garganacl\n|-singleturn|p2a: Garganacl|Protect\n|move|p1a: Dragalge|Draco Meteor|p2a: Garganacl\n|-activate|p2a: Garganacl|move: Protect\n|\n|-heal|p2a: Garganacl|87\/100|[from] item: Leftovers\n|upkeep\n|turn|43\n|\n|t:|1700783799\n|move|p1a: Dragalge|Draco Meteor|p2a: Garganacl\n|-damage|p2a: Garganacl|0 fnt\n|-unboost|p1a: Dragalge|spa|2\n|faint|p2a: Garganacl\n|\n|upkeep\n|\n|t:|1700783801\n|switch|p2a: Great Tusk|Great Tusk|51\/100\n|-damage|p2a: Great Tusk|48\/100|[from] Stealth Rock\n|turn|44\n|\n|t:|1700783811\n|move|p2a: Great Tusk|Rapid Spin|p1a: Dragalge\n|-damage|p1a: Dragalge|59\/100\n|-boost|p2a: Great Tusk|spe|1\n|-sideend|p2: cerberus sama|Stealth Rock|[from] move: Rapid Spin|[of] p2a: Great Tusk\n|move|p1a: Dragalge|Draco Meteor|p2a: Great Tusk|[miss]\n|-miss|p1a: Dragalge|p2a: Great Tusk\n|\n|upkeep\n|turn|45\n|\n|t:|1700783819\n|move|p2a: Great Tusk|Ice Spinner|p1a: Dragalge\n|-supereffective|p1a: Dragalge\n|-damage|p1a: Dragalge|2\/100\n|move|p1a: Dragalge|Draco Meteor|p2a: Great Tusk\n|-damage|p2a: Great Tusk|0 fnt\n|-unboost|p1a: Dragalge|spa|2\n|faint|p2a: Great Tusk\n|-end|p2a: Great Tusk|Protosynthesis|[silent]\n|\n|win|yeah im the type\n|raw|yeah im the type's rating: 1562 &rarr; <strong>1587<\/strong><br \/>(+25 for winning)\n|raw|cerberus sama's rating: 1647 &rarr; <strong>1622<\/strong><br \/>(-25 for losing)\n|l|\u2606cerberus sama\n","uploadtime":1700783866,"views":4,"p1id":"yeahimthetype","p2id":"cerberussama","formatid":"gen9ou","rating":1587,"private":0,"password":""}