{"id":"gen9ou-1997723679","p1":"Horse95","p2":"Empress_Anna","format":"[Gen 9] OU","log":"|j|\u2606Horse95\n|j|\u2606Empress_Anna\n|t:|1700845850\n|gametype|singles\n|player|p1|Horse95|colress|\n|player|p2|Empress_Anna|cheryl|\n|teamsize|p1|2\n|teamsize|p2|5\n|gen|9\n|tier|[Gen 9] OU\n|rule|Sleep Clause Mod: Limit one foe put to sleep\n|rule|Species Clause: Limit one of each Pok\u00e9mon\n|rule|OHKO Clause: OHKO moves are banned\n|rule|Evasion Items Clause: Evasion items are banned\n|rule|Evasion Moves Clause: Evasion moves are banned\n|rule|Endless Battle Clause: Forcing endless battles is banned\n|rule|HP Percentage Mod: HP is shown in percentages\n|clearpoke\n|poke|p1|Iron Hands|\n|poke|p1|Rotom-Heat|\n|poke|p2|Glimmora, F|\n|poke|p2|Lycanroc-Dusk, F|\n|poke|p2|Iron Treads|\n|poke|p2|Gholdengo|\n|poke|p2|Diancie|\n|teampreview\n|c|\u2606Horse95|glhf\n|c|\u2606Empress_Anna|u tu!\n|\n|t:|1700845878\n|start\n|switch|p1a: Rotom|Rotom-Heat|100\/100\n|switch|p2a: Gholdengo|Gholdengo|100\/100\n|-item|p2a: Gholdengo|Air Balloon\n|turn|1\n|j| Tubaguia_Ofc\n|\n|t:|1700845917\n|switch|p2a: Diancie|Diancie, shiny|100\/100\n|move|p1a: Rotom|Light Screen|p1a: Rotom\n|-sidestart|p1: Horse95|move: Light Screen\n|\n|upkeep\n|turn|2\n|\n|t:|1700845928\n|-terastallize|p1a: Rotom|Fighting\n|move|p1a: Rotom|Reflect|p1a: Rotom\n|-sidestart|p1: Horse95|Reflect\n|move|p2a: Diancie|Diamond Storm|p1a: Rotom\n|-resisted|p1a: Rotom\n|-damage|p1a: Rotom|88\/100\n|\n|upkeep\n|turn|3\n|\n|t:|1700845936\n|move|p1a: Rotom|Electric Terrain|p1a: Rotom\n|-fieldstart|move: Electric Terrain\n|move|p2a: Diancie|Diamond Storm|p1a: Rotom\n|-resisted|p1a: Rotom\n|-damage|p1a: Rotom|76\/100\n|-boost|p2a: Diancie|def|2\n|\n|upkeep\n|turn|4\n|\n|t:|1700845943\n|switch|p1a: Iron Hands|Iron Hands|100\/100\n|-activate|p1a: Iron Hands|ability: Quark Drive\n|-start|p1a: Iron Hands|quarkdriveatk\n|move|p2a: Diancie|Play Rough|p1a: Iron Hands\n|-supereffective|p1a: Iron Hands\n|-damage|p1a: Iron Hands|79\/100\n|-unboost|p1a: Iron Hands|atk|1\n|\n|upkeep\n|turn|5\n|j| Sencopion\n|j| TeamBuilder22\n|\n|t:|1700845991\n|move|p1a: Iron Hands|Swords Dance|p1a: Iron Hands\n|-boost|p1a: Iron Hands|atk|2\n|move|p2a: Diancie|Body Press|p1a: Iron Hands\n|-damage|p1a: Iron Hands|62\/100\n|\n|upkeep\n|turn|6\n|\n|t:|1700846004\n|move|p2a: Diancie|Play Rough|p1a: Iron Hands|[miss]\n|-miss|p2a: Diancie|p1a: Iron Hands\n|move|p1a: Iron Hands|Swords Dance|p1a: Iron Hands\n|-boost|p1a: Iron Hands|atk|2\n|\n|upkeep\n|turn|7\n|\n|t:|1700846013\n|move|p2a: Diancie|Play Rough|p1a: Iron Hands\n|-supereffective|p1a: Iron Hands\n|-damage|p1a: Iron Hands|39\/100\n|-enditem|p1a: Iron Hands|Sitrus Berry|[eat]\n|-heal|p1a: Iron Hands|64\/100|[from] item: Sitrus Berry\n|move|p1a: Iron Hands|Drain Punch|p2a: Diancie\n|-damage|p2a: Diancie|42\/100\n|-heal|p1a: Iron Hands|78\/100|[from] drain|[of] p2a: Diancie\n|\n|-fieldend|move: Electric Terrain\n|-end|p1a: Iron Hands|Quark Drive\n|upkeep\n|turn|8\n|\n|t:|1700846035\n|move|p2a: Diancie|Sand Tomb|p1a: Iron Hands\n|-supereffective|p1a: Iron Hands\n|-damage|p1a: Iron Hands|72\/100\n|-activate|p1a: Iron Hands|move: Sand Tomb|[of] p2a: Diancie\n|move|p1a: Iron Hands|Wild Charge|p2a: Diancie\n|-damage|p2a: Diancie|0 fnt\n|faint|p2a: Diancie\n|-damage|p1a: Iron Hands|67\/100|[from] Recoil\n|\n|-end|p1a: Iron Hands|Sand Tomb|[partiallytrapped]|[silent]\n|-sideend|p1: Horse95|move: Light Screen\n|upkeep\n|\n|t:|1700846051\n|switch|p2a: Gholdengo|Gholdengo|100\/100\n|-item|p2a: Gholdengo|Air Balloon\n|turn|9\n|\n|t:|1700846059\n|move|p2a: Gholdengo|Dazzling Gleam|p1a: Iron Hands\n|-supereffective|p1a: Iron Hands\n|-damage|p1a: Iron Hands|15\/100\n|move|p1a: Iron Hands|Fire Punch|p2a: Gholdengo\n|-supereffective|p2a: Gholdengo\n|-damage|p2a: Gholdengo|0 fnt\n|-enditem|p2a: Gholdengo|Air Balloon\n|faint|p2a: Gholdengo\n|\n|-sideend|p1: Horse95|Reflect\n|upkeep\n|\n|t:|1700846069\n|switch|p2a: Lycanroc|Lycanroc-Dusk, F|100\/100\n|turn|10\n|\n|t:|1700846074\n|-end|p1a: Iron Hands|Quark Drive|[silent]\n|switch|p1a: Rotom|Rotom-Heat, tera:Fighting|76\/100\n|-terastallize|p2a: Lycanroc|Rock\n|move|p2a: Lycanroc|Accelerock|p1a: Rotom\n|-resisted|p1a: Rotom\n|-damage|p1a: Rotom|49\/100\n|-damage|p2a: Lycanroc|91\/100|[from] item: Life Orb\n|\n|upkeep\n|turn|11\n|\n|t:|1700846083\n|move|p2a: Lycanroc|Psychic Fangs|p1a: Rotom\n|-supereffective|p1a: Rotom\n|-damage|p1a: Rotom|0 fnt\n|faint|p1a: Rotom\n|-damage|p2a: Lycanroc|81\/100|[from] item: Life Orb\n|\n|upkeep\n|\n|t:|1700846090\n|switch|p1a: Iron Hands|Iron Hands|15\/100\n|turn|12\n|\n|t:|1700846098\n|move|p2a: Lycanroc|Psychic Fangs|p1a: Iron Hands\n|-supereffective|p1a: Iron Hands\n|-damage|p1a: Iron Hands|0 fnt\n|faint|p1a: Iron Hands\n|-end|p1a: Iron Hands|Quark Drive|[silent]\n|-damage|p2a: Lycanroc|71\/100|[from] item: Life Orb\n|\n|win|Empress_Anna\n|c|\u2606Horse95|gg\n|c|\u2606Empress_Anna|ggs\n|l| Tubaguia_Ofc\n|l| TeamBuilder22\n|l|\u2606Empress_Anna\n|l| Sencopion\n|player|p1|Horse95|colress\n","uploadtime":1700846115,"views":23,"p1id":"horse95","p2id":"empressanna","formatid":"gen9ou","rating":0,"private":0,"password":""}