{"id":"gen9ou-1996709894","p1":"TickledYou","p2":"hen_132","format":"[Gen 9] OU","log":"|j|\u2606TickledYou\n|j|\u2606hen_132\n|t:|1700712787\n|gametype|singles\n|player|p1|TickledYou|265|1040\n|player|p2|hen_132|101|1000\n|teamsize|p1|6\n|teamsize|p2|6\n|gen|9\n|tier|[Gen 9] OU\n|rated|\n|rule|Sleep Clause Mod: Limit one foe put to sleep\n|rule|Species Clause: Limit one of each Pok\u00e9mon\n|rule|OHKO Clause: OHKO moves are banned\n|rule|Evasion Items Clause: Evasion items are banned\n|rule|Evasion Moves Clause: Evasion moves are banned\n|rule|Endless Battle Clause: Forcing endless battles is banned\n|rule|HP Percentage Mod: HP is shown in percentages\n|clearpoke\n|poke|p1|Ceruledge, F|\n|poke|p1|Samurott-Hisui, M|\n|poke|p1|Iron Moth|\n|poke|p1|Pincurchin, M|\n|poke|p1|Glimmora, M|\n|poke|p1|Slowking-Galar, M|\n|poke|p2|Mew|\n|poke|p2|Dragonite, F|\n|poke|p2|Ceruledge, F|\n|poke|p2|Charizard, M|\n|poke|p2|Tyranitar, M|\n|poke|p2|Dragapult, F|\n|teampreview\n|inactive|Battle timer is ON: inactive players will automatically lose when time's up. (requested by TickledYou)\n|\n|t:|1700712800\n|start\n|switch|p1a: Pincurchin|Pincurchin, M|100\/100\n|switch|p2a: Dragonite|Dragonite, F|100\/100\n|-fieldstart|move: Electric Terrain|[from] ability: Electric Surge|[of] p1a: Pincurchin\n|turn|1\n|\n|t:|1700712811\n|move|p2a: Dragonite|Air Slash|p1a: Pincurchin\n|-resisted|p1a: Pincurchin\n|-damage|p1a: Pincurchin|81\/100\n|cant|p1a: Pincurchin|flinch\n|\n|-heal|p1a: Pincurchin|87\/100|[from] item: Leftovers\n|upkeep\n|turn|2\n|\n|t:|1700712818\n|move|p1a: Pincurchin|Thunder Wave|p2a: Dragonite\n|-status|p2a: Dragonite|par\n|move|p2a: Dragonite|Roar|p1a: Pincurchin\n|drag|p1a: Samurott|Samurott-Hisui, M|100\/100\n|\n|upkeep\n|turn|3\n|\n|t:|1700712831\n|move|p1a: Samurott|Flip Turn|p2a: Dragonite\n|-resisted|p2a: Dragonite\n|-damage|p2a: Dragonite|87\/100 par\n|\n|t:|1700712836\n|switch|p1a: Glimmora|Glimmora, M|100\/100|[from] Flip Turn\n|move|p2a: Dragonite|Blizzard|p1a: Glimmora\n|-damage|p1a: Glimmora|73\/100\n|-status|p1a: Glimmora|frz\n|\n|upkeep\n|turn|4\n|\n|t:|1700712848\n|switch|p1a: Iron Moth|Iron Moth|100\/100\n|-activate|p1a: Iron Moth|ability: Quark Drive\n|-start|p1a: Iron Moth|quarkdrivespa\n|move|p2a: Dragonite|Roar|p1a: Iron Moth\n|-end|p1a: Iron Moth|Quark Drive|[silent]\n|drag|p1a: Ceruledge|Ceruledge, F|100\/100\n|\n|upkeep\n|turn|5\n|\n|t:|1700712861\n|move|p1a: Ceruledge|Dragon Claw|p2a: Dragonite\n|-supereffective|p2a: Dragonite\n|-damage|p2a: Dragonite|34\/100 par\n|move|p2a: Dragonite|Blizzard|p1a: Ceruledge\n|-resisted|p1a: Ceruledge\n|-damage|p1a: Ceruledge|83\/100\n|\n|-fieldend|move: Electric Terrain\n|upkeep\n|turn|6\n|\n|t:|1700712869\n|switch|p2a: Charizard|Charizard, M|100\/100\n|move|p1a: Ceruledge|Dragon Claw|p2a: Charizard\n|-damage|p2a: Charizard|70\/100\n|\n|upkeep\n|turn|7\n|\n|t:|1700712893\n|switch|p1a: Glimmora|Glimmora, M|73\/100 frz\n|move|p2a: Charizard|Dragon Claw|p1a: Glimmora\n|-damage|p1a: Glimmora|60\/100 frz\n|-activate|p1a: Glimmora|ability: Toxic Debris\n|-sidestart|p2: hen_132|move: Toxic Spikes\n|\n|upkeep\n|turn|8\n|\n|t:|1700712906\n|switch|p2a: Dragapult|Dragapult, F|100\/100\n|-status|p2a: Dragapult|psn\n|cant|p1a: Glimmora|frz\n|\n|-damage|p2a: Dragapult|88\/100 psn|[from] psn\n|upkeep\n|turn|9\n|inactive|TickledYou has 120 seconds left.\n|\n|t:|1700712933\n|switch|p1a: Ceruledge|Ceruledge, F|83\/100\n|move|p2a: Dragapult|Hyper Beam|p1a: Ceruledge\n|-immune|p1a: Ceruledge\n|\n|-damage|p2a: Dragapult|76\/100 psn|[from] psn\n|upkeep\n|turn|10\n|inactive|TickledYou has 120 seconds left.\n|\n|t:|1700712943\n|switch|p2a: Tyranitar|Tyranitar, M|100\/100\n|-status|p2a: Tyranitar|psn\n|-weather|Sandstorm|[from] ability: Sand Stream|[of] p2a: Tyranitar\n|move|p1a: Ceruledge|Will-O-Wisp||[still]\n|-fail|p1a: Ceruledge\n|\n|-weather|Sandstorm|[upkeep]\n|-damage|p1a: Ceruledge|77\/100|[from] Sandstorm\n|-damage|p2a: Tyranitar|88\/100 psn|[from] psn\n|upkeep\n|turn|11\n|\n|t:|1700712951\n|move|p1a: Ceruledge|Brick Break|p2a: Tyranitar\n|-supereffective|p2a: Tyranitar\n|-damage|p2a: Tyranitar|5\/100 psn\n|move|p2a: Tyranitar|Brick Break|p1a: Ceruledge\n|-immune|p1a: Ceruledge\n|\n|-weather|Sandstorm|[upkeep]\n|-damage|p1a: Ceruledge|71\/100|[from] Sandstorm\n|-damage|p2a: Tyranitar|0 fnt|[from] psn\n|faint|p2a: Tyranitar\n|upkeep\n|\n|t:|1700712957\n|switch|p2a: Mew|Mew|100\/100\n|-status|p2a: Mew|psn\n|turn|12\n|\n|t:|1700712970\n|move|p1a: Ceruledge|Bitter Blade|p2a: Mew\n|-damage|p2a: Mew|61\/100 psn\n|-heal|p1a: Ceruledge|98\/100|[from] drain|[of] p2a: Mew\n|move|p2a: Mew|Draco Meteor|p1a: Ceruledge\n|-damage|p1a: Ceruledge|42\/100\n|-unboost|p2a: Mew|spa|2\n|-damage|p2a: Mew|51\/100 psn|[from] item: Life Orb\n|\n|-weather|Sandstorm|[upkeep]\n|-damage|p1a: Ceruledge|36\/100|[from] Sandstorm\n|-damage|p2a: Mew|45\/100 psn|[from] Sandstorm\n|-damage|p2a: Mew|32\/100 psn|[from] psn\n|upkeep\n|turn|13\n|\n|t:|1700712980\n|switch|p2a: Ceruledge|Ceruledge, F|100\/100\n|-status|p2a: Ceruledge|psn\n|move|p1a: Ceruledge|Bitter Blade|p2a: Ceruledge\n|-start|p2a: Ceruledge|ability: Flash Fire\n|\n|-weather|Sandstorm|[upkeep]\n|-damage|p1a: Ceruledge|30\/100|[from] Sandstorm\n|-damage|p2a: Ceruledge|94\/100 psn|[from] Sandstorm\n|-damage|p2a: Ceruledge|82\/100 psn|[from] psn\n|upkeep\n|turn|14\n|\n|t:|1700712989\n|switch|p1a: Pincurchin|Pincurchin, M|87\/100\n|-fieldstart|move: Electric Terrain|[from] ability: Electric Surge|[of] p1a: Pincurchin\n|move|p2a: Ceruledge|Dragon Claw|p1a: Pincurchin\n|-damage|p1a: Pincurchin|66\/100\n|\n|-weather|none\n|-heal|p1a: Pincurchin|72\/100|[from] item: Leftovers\n|-damage|p2a: Ceruledge|70\/100 psn|[from] psn\n|upkeep\n|turn|15\n|\n|t:|1700713003\n|-end|p2a: Ceruledge|ability: Flash Fire|[silent]\n|switch|p2a: Dragapult|Dragapult, F|76\/100 psn\n|move|p1a: Pincurchin|Sucker Punch||[still]\n|-fail|p1a: Pincurchin\n|\n|-heal|p1a: Pincurchin|78\/100|[from] item: Leftovers\n|-damage|p2a: Dragapult|64\/100 psn|[from] psn\n|upkeep\n|turn|16\n|\n|t:|1700713008\n|move|p2a: Dragapult|Giga Impact|p1a: Pincurchin\n|-damage|p1a: Pincurchin|40\/100\n|-mustrecharge|p2a: Dragapult\n|move|p1a: Pincurchin|Hex|p2a: Dragapult\n|-supereffective|p2a: Dragapult\n|-damage|p2a: Dragapult|10\/100 psn\n|\n|-heal|p1a: Pincurchin|46\/100|[from] item: Leftovers\n|-damage|p2a: Dragapult|0 fnt|[from] psn\n|faint|p2a: Dragapult\n|upkeep\n|\n|t:|1700713012\n|switch|p2a: Dragonite|Dragonite, F|34\/100 par\n|turn|17\n|\n|t:|1700713020\n|move|p2a: Dragonite|Blizzard|p1a: Pincurchin\n|-damage|p1a: Pincurchin|7\/100\n|move|p1a: Pincurchin|Hex|p2a: Dragonite\n|-damage|p2a: Dragonite|10\/100 par\n|-enditem|p2a: Dragonite|Mago Berry|[eat]\n|-heal|p2a: Dragonite|44\/100 par|[from] item: Mago Berry\n|\n|-heal|p1a: Pincurchin|13\/100|[from] item: Leftovers\n|upkeep\n|turn|18\n|\n|t:|1700713025\n|move|p2a: Dragonite|Blizzard|p1a: Pincurchin\n|-damage|p1a: Pincurchin|0 fnt\n|faint|p1a: Pincurchin\n|\n|-fieldend|move: Electric Terrain\n|upkeep\n|\n|t:|1700713028\n|switch|p1a: Slowking|Slowking-Galar, M|100\/100\n|turn|19\n|\n|t:|1700713037\n|move|p2a: Dragonite|Dragon Pulse|p1a: Slowking\n|-damage|p1a: Slowking|82\/100\n|move|p1a: Slowking|Rain Dance|p1a: Slowking\n|-weather|RainDance\n|\n|-weather|RainDance|[upkeep]\n|upkeep\n|turn|20\n|\n|t:|1700713044\n|move|p2a: Dragonite|Blizzard|p1a: Slowking\n|-damage|p1a: Slowking|67\/100\n|move|p1a: Slowking|Nasty Plot|p1a: Slowking\n|-boost|p1a: Slowking|spa|2\n|\n|-weather|RainDance|[upkeep]\n|upkeep\n|turn|21\n|\n|t:|1700713050\n|cant|p2a: Dragonite|par\n|move|p1a: Slowking|Eerie Spell|p2a: Dragonite\n|-damage|p2a: Dragonite|0 fnt\n|faint|p2a: Dragonite\n|\n|-weather|RainDance|[upkeep]\n|upkeep\n|\n|t:|1700713055\n|switch|p2a: Mew|Mew|32\/100 psn\n|turn|22\n|\n|t:|1700713060\n|move|p2a: Mew|Draco Meteor|p1a: Slowking|[miss]\n|-miss|p2a: Mew|p1a: Slowking\n|move|p1a: Slowking|Eerie Spell|p2a: Mew\n|-resisted|p2a: Mew\n|-damage|p2a: Mew|8\/100 psn\n|-activate|p2a: Mew|move: Eerie Spell|Draco Meteor|3\n|\n|-weather|RainDance|[upkeep]\n|-damage|p2a: Mew|0 fnt|[from] psn\n|faint|p2a: Mew\n|upkeep\n|\n|t:|1700713067\n|switch|p2a: Charizard|Charizard, M|70\/100\n|turn|23\n|\n|t:|1700713083\n|move|p2a: Charizard|Body Slam|p1a: Slowking\n|-damage|p1a: Slowking|45\/100\n|-status|p1a: Slowking|par\n|move|p1a: Slowking|Eerie Spell|p2a: Charizard\n|-damage|p2a: Charizard|5\/100\n|-activate|p2a: Charizard|move: Eerie Spell|Body Slam|3\n|\n|-weather|none\n|upkeep\n|turn|24\n|\n|t:|1700713090\n|move|p2a: Charizard|Hyper Beam|p1a: Slowking\n|-damage|p1a: Slowking|23\/100 par\n|-mustrecharge|p2a: Charizard\n|move|p1a: Slowking|Slack Off|p1a: Slowking\n|-heal|p1a: Slowking|73\/100 par\n|\n|upkeep\n|turn|25\n|\n|t:|1700713102\n|cant|p2a: Charizard|recharge\n|move|p1a: Slowking|Eerie Spell|p2a: Charizard\n|-damage|p2a: Charizard|0 fnt\n|faint|p2a: Charizard\n|\n|upkeep\n|\n|t:|1700713106\n|switch|p2a: Ceruledge|Ceruledge, F|70\/100 psn\n|turn|26\n|\n|t:|1700713121\n|move|p2a: Ceruledge|Dragon Claw|p1a: Slowking\n|-damage|p1a: Slowking|49\/100 par\n|move|p1a: Slowking|Rain Dance|p1a: Slowking\n|-weather|RainDance\n|\n|-weather|RainDance|[upkeep]\n|-damage|p2a: Ceruledge|57\/100 psn|[from] psn\n|upkeep\n|turn|27\n|\n|t:|1700713129\n|-terastallize|p2a: Ceruledge|Fire\n|move|p2a: Ceruledge|Dragon Claw|p1a: Slowking\n|-damage|p1a: Slowking|26\/100 par\n|move|p1a: Slowking|Eerie Spell|p2a: Ceruledge\n|-damage|p2a: Ceruledge|0 fnt\n|faint|p2a: Ceruledge\n|\n|win|TickledYou\n|raw|TickledYou's rating: 1040 &rarr; <strong>1070<\/strong><br \/>(+30 for winning)\n|raw|hen_132's rating: 1000 &rarr; <strong>1000<\/strong><br \/>(+0 for losing)\n","uploadtime":1700713141,"views":9,"p1id":"tickledyou","p2id":"hen132","formatid":"gen9ou","rating":1000,"private":0,"password":""}