{"id":"gen9ou-2000192282","p1":"ChefBigDogg69","p2":"PurifyingGhost","format":"[Gen 9] OU","log":"|j|\u2606ChefBigDogg69\n|j|\u2606PurifyingGhost\n|t:|1701170030\n|gametype|singles\n|player|p1|ChefBigDogg69|baker|1350\n|player|p2|PurifyingGhost|li|1410\n|teamsize|p1|6\n|teamsize|p2|6\n|gen|9\n|tier|[Gen 9] OU\n|rated|\n|rule|Sleep Clause Mod: Limit one foe put to sleep\n|rule|Species Clause: Limit one of each Pok\u00e9mon\n|rule|OHKO Clause: OHKO moves are banned\n|rule|Evasion Items Clause: Evasion items are banned\n|rule|Evasion Moves Clause: Evasion moves are banned\n|rule|Endless Battle Clause: Forcing endless battles is banned\n|rule|HP Percentage Mod: HP is shown in percentages\n|clearpoke\n|poke|p1|Alomomola, F|\n|poke|p1|Dragapult, M|\n|poke|p1|Zamazenta-*|\n|poke|p1|Quaquaval, F|\n|poke|p1|Corviknight, F|\n|poke|p1|Thundurus-Therian, M|\n|poke|p2|Zoroark-Hisui, F|\n|poke|p2|Corviknight, M|\n|poke|p2|Lokix, M|\n|poke|p2|Ogerpon-Wellspring, F|\n|poke|p2|Kleavor, M|\n|poke|p2|Great Tusk|\n|teampreview\n|inactive|Battle timer is ON: inactive players will automatically lose when time's up. (requested by ChefBigDogg69)\n|\n|t:|1701170057\n|start\n|switch|p1a: Zamazenta|Zamazenta|100\/100\n|switch|p2a: Kleavor|Kleavor, M|100\/100\n|-ability|p1a: Zamazenta|Dauntless Shield|boost\n|-boost|p1a: Zamazenta|def|1\n|turn|1\n|\n|t:|1701170075\n|move|p2a: Kleavor|U-turn|p1a: Zamazenta\n|-resisted|p1a: Zamazenta\n|-damage|p1a: Zamazenta|89\/100\n|\n|t:|1701170078\n|switch|p2a: Corviknight|Corviknight, M|100\/100|[from] U-turn\n|-ability|p2a: Corviknight|Pressure\n|move|p1a: Zamazenta|Crunch|p2a: Corviknight\n|-damage|p2a: Corviknight|76\/100\n|-damage|p1a: Zamazenta|73\/100|[from] item: Rocky Helmet|[of] p2a: Corviknight\n|\n|upkeep\n|turn|2\n|\n|t:|1701170100\n|switch|p1a: Corviknight|Corviknight, F|100\/100\n|-ability|p1a: Corviknight|Pressure\n|move|p2a: Corviknight|U-turn|p1a: Corviknight\n|-resisted|p1a: Corviknight\n|-damage|p1a: Corviknight|98\/100\n|-damage|p2a: Corviknight|59\/100|[from] item: Rocky Helmet|[of] p1a: Corviknight\n|\n|t:|1701170103\n|switch|p2a: Kleavor|Kleavor, M|100\/100|[from] U-turn\n|\n|upkeep\n|turn|3\n|inactive|ChefBigDogg69 has 120 seconds left.\n|inactive|PurifyingGhost has 120 seconds left.\n|\n|t:|1701170163\n|move|p2a: Kleavor|Shadow Ball|p1a: Corviknight\n|-damage|p1a: Corviknight|36\/100\n|move|p1a: Corviknight|U-turn|p2a: Kleavor\n|-resisted|p2a: Kleavor\n|-damage|p2a: Kleavor|86\/100\n|replace|p2a: Zoroark|Zoroark-Hisui, F\n|-end|p2a: Zoroark|Illusion\n|\n|t:|1701170183\n|switch|p1a: Dragapult|Dragapult, M|100\/100|[from] U-turn\n|\n|upkeep\n|turn|4\n|inactive|PurifyingGhost has 120 seconds left.\n|\n|t:|1701170198\n|switch|p2a: Kleavor|Kleavor, M|100\/100\n|move|p1a: Dragapult|Substitute|p1a: Dragapult\n|-start|p1a: Dragapult|Substitute\n|-damage|p1a: Dragapult|76\/100\n|\n|upkeep\n|turn|5\n|\n|t:|1701170207\n|move|p2a: Kleavor|Stone Axe|p1a: Dragapult\n|-end|p1a: Dragapult|Substitute\n|-sidestart|p1: ChefBigDogg69|move: Stealth Rock\n|move|p1a: Dragapult|Dragon Dance|p1a: Dragapult\n|-boost|p1a: Dragapult|atk|1\n|-boost|p1a: Dragapult|spe|1\n|\n|upkeep\n|turn|6\n|\n|t:|1701170214\n|move|p1a: Dragapult|Dragon Darts|p2a: Kleavor\n|-damage|p2a: Kleavor|34\/100\n|-anim|p1a: Dragapult|Dragon Darts|p2a: Kleavor\n|-damage|p2a: Kleavor|0 fnt\n|faint|p2a: Kleavor\n|-damage|p1a: Dragapult|66\/100|[from] item: Life Orb\n|\n|upkeep\n|inactive|PurifyingGhost has 120 seconds left.\n|inactive|PurifyingGhost has 90 seconds left.\n|\n|t:|1701170278\n|switch|p2a: Corviknight|Corviknight, M|59\/100\n|-ability|p2a: Corviknight|Pressure\n|turn|7\n|inactive|ChefBigDogg69 has 120 seconds left.\n|\n|t:|1701170296\n|move|p1a: Dragapult|Dragon Darts|p2a: Corviknight\n|-resisted|p2a: Corviknight\n|-damage|p2a: Corviknight|45\/100\n|-anim|p1a: Dragapult|Dragon Darts|p2a: Corviknight\n|-resisted|p2a: Corviknight\n|-damage|p2a: Corviknight|29\/100\n|-damage|p1a: Dragapult|56\/100|[from] item: Life Orb\n|move|p2a: Corviknight|Roost|p2a: Corviknight\n|-heal|p2a: Corviknight|79\/100\n|-singleturn|p2a: Corviknight|move: Roost\n|\n|upkeep\n|turn|8\n|inactive|ChefBigDogg69 has 120 seconds left.\n|inactive|PurifyingGhost has 90 seconds left.\n|\n|t:|1701170335\n|switch|p1a: Corviknight|Corviknight, F|36\/100\n|-damage|p1a: Corviknight|24\/100|[from] Stealth Rock\n|-ability|p1a: Corviknight|Pressure\n|move|p2a: Corviknight|U-turn|p1a: Corviknight\n|-resisted|p1a: Corviknight\n|-damage|p1a: Corviknight|22\/100\n|-damage|p2a: Corviknight|63\/100|[from] item: Rocky Helmet|[of] p1a: Corviknight\n|\n|t:|1701170342\n|switch|p2a: Lokix|Lokix, M|100\/100|[from] U-turn\n|\n|upkeep\n|turn|9\n|\n|t:|1701170361\n|move|p2a: Lokix|U-turn|p1a: Corviknight\n|-resisted|p1a: Corviknight\n|-damage|p1a: Corviknight|7\/100\n|-damage|p2a: Lokix|84\/100|[from] item: Rocky Helmet|[of] p1a: Corviknight\n|\n|t:|1701170366\n|switch|p2a: Lokix|Lokix, M|86\/100|[from] U-turn\n|move|p1a: Corviknight|Roost|p1a: Corviknight\n|-heal|p1a: Corviknight|57\/100\n|-singleturn|p1a: Corviknight|move: Roost\n|\n|upkeep\n|turn|10\n|inactive|ChefBigDogg69 has 90 seconds left.\n|inactive|PurifyingGhost has 90 seconds left.\n|\n|t:|1701170408\n|switch|p1a: Alomomola|Alomomola, F|100\/100\n|move|p2a: Lokix|Shadow Ball|p1a: Alomomola\n|-crit|p1a: Alomomola\n|-damage|p1a: Alomomola|0 fnt\n|faint|p1a: Alomomola\n|\n|upkeep\n|\n|t:|1701170416\n|switch|p1a: Zamazenta|Zamazenta|73\/100\n|-damage|p1a: Zamazenta|67\/100|[from] Stealth Rock\n|turn|11\n|\n|t:|1701170431\n|switch|p1a: Thundurus|Thundurus-Therian, M|100\/100\n|-damage|p1a: Thundurus|76\/100|[from] Stealth Rock\n|move|p2a: Lokix|Shadow Ball|p1a: Thundurus\n|-damage|p1a: Thundurus|0 fnt\n|faint|p1a: Thundurus\n|\n|upkeep\n|\n|t:|1701170438\n|switch|p1a: Zamazenta|Zamazenta|67\/100\n|-damage|p1a: Zamazenta|60\/100|[from] Stealth Rock\n|turn|12\n|\n|t:|1701170440\n|switch|p2a: Corviknight|Corviknight, M|63\/100\n|-ability|p2a: Corviknight|Pressure\n|move|p1a: Zamazenta|Crunch|p2a: Corviknight\n|-damage|p2a: Corviknight|38\/100\n|-damage|p1a: Zamazenta|44\/100|[from] item: Rocky Helmet|[of] p2a: Corviknight\n|\n|upkeep\n|turn|13\n|inactive|ChefBigDogg69 has 90 seconds left.\n|\n|t:|1701170448\n|switch|p1a: Quaquaval|Quaquaval, F|100\/100\n|-damage|p1a: Quaquaval|94\/100|[from] Stealth Rock\n|move|p2a: Corviknight|Roost|p2a: Corviknight\n|-heal|p2a: Corviknight|88\/100\n|-singleturn|p2a: Corviknight|move: Roost\n|\n|upkeep\n|turn|14\n|inactive|PurifyingGhost has 120 seconds left.\n|\n|t:|1701170459\n|-terastallize|p1a: Quaquaval|Water\n|move|p1a: Quaquaval|Bulk Up|p1a: Quaquaval\n|-boost|p1a: Quaquaval|atk|1\n|-boost|p1a: Quaquaval|def|1\n|move|p2a: Corviknight|U-turn|p1a: Quaquaval\n|-damage|p1a: Quaquaval|82\/100\n|inactive|PurifyingGhost has 120 seconds left.\n|\n|t:|1701170470\n|switch|p2a: Lokix|Lokix, M|86\/100|[from] U-turn\n|\n|upkeep\n|turn|15\n|inactive|PurifyingGhost has 120 seconds left.\n|\n|t:|1701170488\n|move|p2a: Lokix|Grass Knot|p1a: Quaquaval\n|-supereffective|p1a: Quaquaval\n|-damage|p1a: Quaquaval|0 fnt\n|faint|p1a: Quaquaval\n|\n|upkeep\n|\n|t:|1701170495\n|switch|p1a: Dragapult|Dragapult, M|56\/100\n|-damage|p1a: Dragapult|44\/100|[from] Stealth Rock\n|turn|16\n|inactive|PurifyingGhost has 120 seconds left.\n|\n|t:|1701170504\n|switch|p2a: Corviknight|Corviknight, M|88\/100\n|-ability|p2a: Corviknight|Pressure\n|move|p1a: Dragapult|Dragon Darts|p2a: Corviknight\n|-resisted|p2a: Corviknight\n|-damage|p2a: Corviknight|79\/100\n|-anim|p1a: Dragapult|Dragon Darts|p2a: Corviknight\n|-resisted|p2a: Corviknight\n|-damage|p2a: Corviknight|68\/100\n|-damage|p1a: Dragapult|34\/100|[from] item: Life Orb\n|\n|upkeep\n|turn|17\n|inactive|ChefBigDogg69 has 120 seconds left.\n|\n|t:|1701170512\n|switch|p1a: Corviknight|Corviknight, F|57\/100\n|-damage|p1a: Corviknight|45\/100|[from] Stealth Rock\n|-ability|p1a: Corviknight|Pressure\n|move|p2a: Corviknight|Brave Bird|p1a: Corviknight\n|-resisted|p1a: Corviknight\n|-damage|p1a: Corviknight|33\/100\n|-damage|p2a: Corviknight|52\/100|[from] item: Rocky Helmet|[of] p1a: Corviknight\n|-damage|p2a: Corviknight|48\/100|[from] Recoil\n|\n|upkeep\n|turn|18\n|\n|t:|1701170515\n|move|p2a: Corviknight|U-turn|p1a: Corviknight\n|-resisted|p1a: Corviknight\n|-damage|p1a: Corviknight|31\/100\n|-damage|p2a: Corviknight|31\/100|[from] item: Rocky Helmet|[of] p1a: Corviknight\n|\n|t:|1701170518\n|switch|p2a: Lokix|Lokix, M|86\/100|[from] U-turn\n|move|p1a: Corviknight|Roost|p1a: Corviknight\n|-heal|p1a: Corviknight|81\/100\n|-singleturn|p1a: Corviknight|move: Roost\n|\n|upkeep\n|turn|19\n|\n|t:|1701170523\n|move|p2a: Lokix|Shadow Ball|p1a: Corviknight\n|-damage|p1a: Corviknight|21\/100\n|move|p1a: Corviknight|Brave Bird|p2a: Lokix\n|-damage|p2a: Lokix|8\/100\n|replace|p2a: Zoroark|Zoroark-Hisui, F\n|-end|p2a: Zoroark|Illusion\n|-damage|p1a: Corviknight|5\/100|[from] Recoil\n|\n|upkeep\n|turn|20\n|\n|t:|1701170534\n|move|p2a: Zoroark|Shadow Ball|p1a: Corviknight\n|-damage|p1a: Corviknight|0 fnt\n|faint|p1a: Corviknight\n|\n|upkeep\n|\n|t:|1701170538\n|switch|p1a: Zamazenta|Zamazenta|44\/100\n|-damage|p1a: Zamazenta|38\/100|[from] Stealth Rock\n|turn|21\n|\n|t:|1701170543\n|move|p1a: Zamazenta|Stone Edge|p2a: Zoroark\n|-damage|p2a: Zoroark|0 fnt\n|faint|p2a: Zoroark\n|\n|upkeep\n|\n|t:|1701170548\n|switch|p2a: Ogerpon|Ogerpon-Wellspring, F|100\/100\n|turn|22\n|inactive|ChefBigDogg69 has 120 seconds left.\n|inactive|ChefBigDogg69 has 90 seconds left.\n|\n|t:|1701170630\n|move|p1a: Zamazenta|Stone Edge|p2a: Ogerpon|[miss]\n|-miss|p1a: Zamazenta|p2a: Ogerpon\n|move|p2a: Ogerpon|Ivy Cudgel|p1a: Zamazenta|[anim] Ivy Cudgel Water\n|-damage|p1a: Zamazenta|0 fnt\n|faint|p1a: Zamazenta\n|\n|upkeep\n|c|\u2606PurifyingGhost|Gg\n|\n|t:|1701170634\n|switch|p1a: Dragapult|Dragapult, M|34\/100\n|-damage|p1a: Dragapult|22\/100|[from] Stealth Rock\n|turn|23\n|\n|t:|1701170640\n|move|p1a: Dragapult|Dragon Dance|p1a: Dragapult\n|-boost|p1a: Dragapult|atk|1\n|-boost|p1a: Dragapult|spe|1\n|move|p2a: Ogerpon|Ivy Cudgel|p1a: Dragapult|[anim] Ivy Cudgel Water\n|-resisted|p1a: Dragapult\n|-damage|p1a: Dragapult|0 fnt\n|faint|p1a: Dragapult\n|\n|win|PurifyingGhost\n|raw|ChefBigDogg69's rating: 1350 &rarr; <strong>1333<\/strong><br \/>(-17 for losing)\n|raw|PurifyingGhost's rating: 1410 &rarr; <strong>1427<\/strong><br \/>(+17 for winning)\n|l|\u2606ChefBigDogg69\n","uploadtime":1701170644,"views":2,"p1id":"chefbigdogg69","p2id":"purifyingghost","formatid":"gen9ou","rating":1333,"private":0,"password":""}