{"id":"gen9ou-1996949932","p1":"Jontrendline","p2":"Asyncio","format":"[Gen 9] OU","log":"|j|\u2606Jontrendline\n|j|\u2606Asyncio\n|t:|1700748630\n|gametype|singles\n|player|p1|Jontrendline|scientist-gen4|1654\n|player|p2|Asyncio|pryce-gen2|1598\n|teamsize|p1|6\n|teamsize|p2|6\n|gen|9\n|tier|[Gen 9] OU\n|rated|\n|rule|Sleep Clause Mod: Limit one foe put to sleep\n|rule|Species Clause: Limit one of each Pok\u00e9mon\n|rule|OHKO Clause: OHKO moves are banned\n|rule|Evasion Items Clause: Evasion items are banned\n|rule|Evasion Moves Clause: Evasion moves are banned\n|rule|Endless Battle Clause: Forcing endless battles is banned\n|rule|HP Percentage Mod: HP is shown in percentages\n|clearpoke\n|poke|p1|Heatran, M|\n|poke|p1|Toxapex, F|\n|poke|p1|Blissey, F|\n|poke|p1|Zamazenta-*|\n|poke|p1|Weezing-Galar, F|\n|poke|p1|Weavile, F|\n|poke|p2|Poliwrath, M|\n|poke|p2|Pelipper, F|\n|poke|p2|Iron Treads|\n|poke|p2|Zapdos|\n|poke|p2|Amoonguss, F|\n|poke|p2|Basculegion, M|\n|teampreview\n|j| YB is BETTER\n|\n|t:|1700748645\n|start\n|switch|p1a: Weezing|Weezing-Galar, F, shiny|100\/100\n|switch|p2a: Pelipper|Pelipper, F|100\/100\n|-weather|RainDance|[from] ability: Drizzle|[of] p2a: Pelipper\n|turn|1\n|\n|t:|1700748656\n|move|p2a: Pelipper|U-turn|p1a: Weezing\n|-resisted|p1a: Weezing\n|-damage|p1a: Weezing|99\/100\n|-damage|p2a: Pelipper|84\/100|[from] item: Rocky Helmet|[of] p1a: Weezing\n|\n|t:|1700748658\n|switch|p2a: Iron Treads|Iron Treads|100\/100|[from] U-turn\n|move|p1a: Weezing|Will-O-Wisp|p2a: Iron Treads\n|-status|p2a: Iron Treads|brn\n|\n|-weather|RainDance|[upkeep]\n|-damage|p2a: Iron Treads|94\/100 brn|[from] brn\n|upkeep\n|turn|2\n|\n|t:|1700748665\n|switch|p1a: Toxapex|Toxapex, F|100\/100\n|move|p2a: Iron Treads|Knock Off|p1a: Toxapex\n|-damage|p1a: Toxapex|91\/100\n|-enditem|p1a: Toxapex|Black Sludge|[from] move: Knock Off|[of] p2a: Iron Treads\n|\n|-weather|RainDance|[upkeep]\n|-damage|p2a: Iron Treads|88\/100 brn|[from] brn\n|upkeep\n|turn|3\n|\n|t:|1700748671\n|-end|p2a: Iron Treads|Quark Drive|[silent]\n|switch|p2a: Zapdos|Zapdos|100\/100\n|move|p1a: Toxapex|Toxic Spikes|p2a: Zapdos\n|-sidestart|p2: Asyncio|move: Toxic Spikes\n|\n|-weather|RainDance|[upkeep]\n|upkeep\n|turn|4\n|\n|t:|1700748675\n|switch|p1a: Blissey|Blissey, F|100\/100\n|move|p2a: Zapdos|Volt Switch|p1a: Blissey\n|-damage|p1a: Blissey|86\/100\n|\n|t:|1700748677\n|switch|p2a: Amoonguss|Amoonguss, F|100\/100|[from] Volt Switch\n|-sideend|p2: Asyncio|move: Toxic Spikes|[of] p2a: Amoonguss\n|\n|-weather|RainDance|[upkeep]\n|upkeep\n|turn|5\n|\n|t:|1700748683\n|move|p1a: Blissey|Stealth Rock|p2a: Amoonguss\n|-sidestart|p2: Asyncio|move: Stealth Rock\n|move|p2a: Amoonguss|Spore|p1a: Blissey\n|-status|p1a: Blissey|slp|[from] move: Spore\n|\n|-weather|RainDance|[upkeep]\n|upkeep\n|turn|6\n|\n|t:|1700748687\n|cant|p1a: Blissey|slp\n|move|p2a: Amoonguss|Spore|p1a: Blissey\n|-fail|p1a: Blissey|slp\n|\n|-weather|RainDance|[upkeep]\n|upkeep\n|turn|7\n|\n|t:|1700748691\n|cant|p1a: Blissey|slp\n|move|p2a: Amoonguss|Spore|p1a: Blissey\n|-fail|p1a: Blissey|slp\n|\n|-weather|RainDance|[upkeep]\n|upkeep\n|turn|8\n|\n|t:|1700748693\n|cant|p1a: Blissey|slp\n|move|p2a: Amoonguss|Spore|p1a: Blissey\n|-fail|p1a: Blissey|slp\n|\n|-weather|none\n|upkeep\n|turn|9\n|\n|t:|1700748696\n|-curestatus|p1a: Blissey|slp|[msg]\n|move|p1a: Blissey|Calm Mind|p1a: Blissey\n|-boost|p1a: Blissey|spa|1\n|-boost|p1a: Blissey|spd|1\n|move|p2a: Amoonguss|Spore|p1a: Blissey\n|-status|p1a: Blissey|slp|[from] move: Spore\n|\n|upkeep\n|turn|10\n|\n|t:|1700748704\n|switch|p2a: Iron Treads|Iron Treads|88\/100 brn\n|cant|p1a: Blissey|slp\n|\n|-damage|p2a: Iron Treads|82\/100 brn|[from] brn\n|upkeep\n|turn|11\n|\n|t:|1700748712\n|-curestatus|p1a: Blissey|slp|[from] ability: Natural Cure\n|switch|p1a: Weezing|Weezing-Galar, F, shiny|99\/100\n|move|p2a: Iron Treads|Knock Off|p1a: Weezing\n|-resisted|p1a: Weezing\n|-damage|p1a: Weezing|94\/100\n|-damage|p2a: Iron Treads|65\/100 brn|[from] item: Rocky Helmet|[of] p1a: Weezing\n|-enditem|p1a: Weezing|Rocky Helmet|[from] move: Knock Off|[of] p2a: Iron Treads\n|\n|-damage|p2a: Iron Treads|59\/100 brn|[from] brn\n|upkeep\n|turn|12\n|\n|t:|1700748722\n|move|p2a: Iron Treads|Rapid Spin|p1a: Weezing\n|-damage|p1a: Weezing|89\/100\n|-boost|p2a: Iron Treads|spe|1\n|-sideend|p2: Asyncio|Stealth Rock|[from] move: Rapid Spin|[of] p2a: Iron Treads\n|move|p1a: Weezing|Flamethrower|p2a: Iron Treads\n|-supereffective|p2a: Iron Treads\n|-damage|p2a: Iron Treads|9\/100 brn\n|\n|-damage|p2a: Iron Treads|2\/100 brn|[from] brn\n|upkeep\n|turn|13\n|\n|t:|1700748732\n|-end|p2a: Iron Treads|Quark Drive|[silent]\n|switch|p2a: Pelipper|Pelipper, F|84\/100\n|-weather|RainDance|[from] ability: Drizzle|[of] p2a: Pelipper\n|switch|p1a: Toxapex|Toxapex, F|100\/100\n|\n|-weather|RainDance|[upkeep]\n|upkeep\n|turn|14\n|\n|t:|1700748735\n|switch|p2a: Zapdos|Zapdos|100\/100\n|move|p1a: Toxapex|Toxic Spikes|p2a: Zapdos\n|-sidestart|p2: Asyncio|move: Toxic Spikes\n|\n|-weather|RainDance|[upkeep]\n|upkeep\n|turn|15\n|\n|t:|1700748738\n|switch|p1a: Blissey|Blissey, F|86\/100\n|move|p2a: Zapdos|Volt Switch|p1a: Blissey\n|-damage|p1a: Blissey|72\/100\n|\n|t:|1700748741\n|switch|p2a: Amoonguss|Amoonguss, F|100\/100|[from] Volt Switch\n|-sideend|p2: Asyncio|move: Toxic Spikes|[of] p2a: Amoonguss\n|\n|-weather|RainDance|[upkeep]\n|upkeep\n|turn|16\n|\n|t:|1700748748\n|switch|p2a: Poliwrath|Poliwrath, M|100\/100\n|move|p1a: Blissey|Stealth Rock|p2a: Poliwrath\n|-sidestart|p2: Asyncio|move: Stealth Rock\n|\n|-weather|RainDance|[upkeep]\n|upkeep\n|turn|17\n|\n|t:|1700748753\n|switch|p1a: Toxapex|Toxapex, F|100\/100\n|move|p2a: Poliwrath|Belly Drum|p2a: Poliwrath\n|-damage|p2a: Poliwrath|50\/100\n|-setboost|p2a: Poliwrath|atk|6|[from] move: Belly Drum\n|-enditem|p2a: Poliwrath|Sitrus Berry|[eat]\n|-heal|p2a: Poliwrath|75\/100|[from] item: Sitrus Berry\n|\n|-weather|RainDance|[upkeep]\n|upkeep\n|turn|18\n|\n|t:|1700748756\n|move|p2a: Poliwrath|Liquidation|p1a: Toxapex\n|-resisted|p1a: Toxapex\n|-damage|p1a: Toxapex|31\/100\n|move|p1a: Toxapex|Haze|p1a: Toxapex\n|-clearallboost\n|\n|-weather|RainDance|[upkeep]\n|upkeep\n|turn|19\n|\n|t:|1700748763\n|move|p2a: Poliwrath|Belly Drum|p2a: Poliwrath\n|-damage|p2a: Poliwrath|25\/100\n|-setboost|p2a: Poliwrath|atk|6|[from] move: Belly Drum\n|move|p1a: Toxapex|Haze|p1a: Toxapex\n|-clearallboost\n|\n|-weather|RainDance|[upkeep]\n|upkeep\n|turn|20\n|-message|Asyncio forfeited.\n|\n|win|Jontrendline\n|raw|Jontrendline's rating: 1654 &rarr; <strong>1671<\/strong><br \/>(+17 for winning)\n|raw|Asyncio's rating: 1598 &rarr; <strong>1581<\/strong><br \/>(-17 for losing)\n|l|\u2606Asyncio\n","uploadtime":1700748786,"views":1,"p1id":"jontrendline","p2id":"asyncio","formatid":"gen9ou","rating":1581,"private":0,"password":""}