{"id":"gen9ou-1999804788","p1":"ref123","p2":"Gekclol","format":"[Gen 9] OU","log":"|j|\u2606ref123\n|j|\u2606Gekclol\n|t:|1701118269\n|gametype|singles\n|player|p1|ref123|169|1323\n|player|p2|Gekclol|silver|1216\n|teamsize|p1|6\n|teamsize|p2|6\n|gen|9\n|tier|[Gen 9] OU\n|rated|\n|rule|Sleep Clause Mod: Limit one foe put to sleep\n|rule|Species Clause: Limit one of each Pok\u00e9mon\n|rule|OHKO Clause: OHKO moves are banned\n|rule|Evasion Items Clause: Evasion items are banned\n|rule|Evasion Moves Clause: Evasion moves are banned\n|rule|Endless Battle Clause: Forcing endless battles is banned\n|rule|HP Percentage Mod: HP is shown in percentages\n|clearpoke\n|poke|p1|Kingambit, F|\n|poke|p1|Glimmora, F|\n|poke|p1|Zamazenta-*|\n|poke|p1|Iron Valiant|\n|poke|p1|Iron Moth|\n|poke|p1|Ogerpon-Wellspring, F|\n|poke|p2|Dondozo, F|\n|poke|p2|Landorus-Therian, M|\n|poke|p2|Rillaboom, M|\n|poke|p2|Garganacl, F|\n|poke|p2|Ribombee, F|\n|poke|p2|Heatran, M|\n|teampreview\n|inactive|Battle timer is ON: inactive players will automatically lose when time's up. (requested by Gekclol)\n|\n|t:|1701118275\n|start\n|switch|p1a: Glimmora|Glimmora, F|100\/100\n|switch|p2a: Ribombee|Ribombee, F|100\/100\n|turn|1\n|\n|t:|1701118283\n|move|p2a: Ribombee|Stun Spore|p1a: Glimmora\n|-status|p1a: Glimmora|par\n|move|p1a: Glimmora|Power Gem|p2a: Ribombee\n|-supereffective|p2a: Ribombee\n|-enditem|p2a: Ribombee|Focus Sash\n|-damage|p2a: Ribombee|1\/100\n|\n|upkeep\n|turn|2\n|\n|t:|1701118293\n|move|p2a: Ribombee|Moonblast|p1a: Glimmora\n|-resisted|p1a: Glimmora\n|-damage|p1a: Glimmora|69\/100 par\n|move|p1a: Glimmora|Mortal Spin|p2a: Ribombee\n|-supereffective|p2a: Ribombee\n|-crit|p2a: Ribombee\n|-damage|p2a: Ribombee|0 fnt\n|faint|p2a: Ribombee\n|\n|upkeep\n|\n|t:|1701118302\n|switch|p2a: Heatran|Heatran, M|100\/100\n|turn|3\n|\n|t:|1701118309\n|switch|p1a: Iron Moth|Iron Moth|100\/100\n|-enditem|p1a: Iron Moth|Booster Energy\n|-activate|p1a: Iron Moth|ability: Quark Drive|[fromitem]\n|-start|p1a: Iron Moth|quarkdrivespe\n|move|p2a: Heatran|Stealth Rock|p1a: Iron Moth\n|-sidestart|p1: ref123|move: Stealth Rock\n|\n|upkeep\n|turn|4\n|\n|t:|1701118317\n|move|p1a: Iron Moth|Substitute|p1a: Iron Moth\n|-start|p1a: Iron Moth|Substitute\n|-damage|p1a: Iron Moth|76\/100\n|move|p2a: Heatran|Earth Power|p1a: Iron Moth\n|-supereffective|p1a: Iron Moth\n|-end|p1a: Iron Moth|Substitute\n|\n|upkeep\n|turn|5\n|\n|t:|1701118326\n|-end|p1a: Iron Moth|Quark Drive|[silent]\n|switch|p1a: Ogerpon|Ogerpon-Wellspring, F|100\/100\n|-damage|p1a: Ogerpon|88\/100|[from] Stealth Rock\n|move|p2a: Heatran|Earth Power|p1a: Ogerpon\n|-resisted|p1a: Ogerpon\n|-crit|p1a: Ogerpon\n|-damage|p1a: Ogerpon|65\/100\n|\n|upkeep\n|turn|6\n|\n|t:|1701118340\n|move|p1a: Ogerpon|Swords Dance|p1a: Ogerpon\n|-boost|p1a: Ogerpon|atk|2\n|move|p2a: Heatran|Flamethrower|p1a: Ogerpon\n|-damage|p1a: Ogerpon|23\/100\n|\n|upkeep\n|turn|7\n|\n|t:|1701118347\n|-terastallize|p1a: Ogerpon|Water\n|detailschange|p1a: Ogerpon|Ogerpon-Wellspring-Tera, F, tera:Water\n|-ability|p1a: Ogerpon|Embody Aspect (Wellspring)|boost\n|-boost|p1a: Ogerpon|spd|1\n|move|p1a: Ogerpon|Ivy Cudgel|p2a: Heatran|[anim] Ivy Cudgel Water\n|-supereffective|p2a: Heatran\n|-damage|p2a: Heatran|0 fnt\n|faint|p2a: Heatran\n|\n|upkeep\n|\n|t:|1701118356\n|switch|p2a: Rillaboom|Rillaboom, M|100\/100\n|-fieldstart|move: Grassy Terrain|[from] ability: Grassy Surge|[of] p2a: Rillaboom\n|turn|8\n|\n|t:|1701118361\n|move|p2a: Rillaboom|Grassy Glide|p1a: Ogerpon\n|-supereffective|p1a: Ogerpon\n|-damage|p1a: Ogerpon|0 fnt\n|faint|p1a: Ogerpon\n|\n|upkeep\n|\n|t:|1701118367\n|switch|p1a: Iron Moth|Iron Moth|76\/100\n|-damage|p1a: Iron Moth|51\/100|[from] Stealth Rock\n|turn|9\n|\n|t:|1701118377\n|switch|p2a: Dondozo|Dondozo, F|100\/100\n|move|p1a: Iron Moth|Fiery Dance|p2a: Dondozo\n|-resisted|p2a: Dondozo\n|-damage|p2a: Dondozo|83\/100\n|-boost|p1a: Iron Moth|spa|1\n|\n|-heal|p1a: Iron Moth|57\/100|[from] Grassy Terrain\n|-heal|p2a: Dondozo|89\/100|[from] Grassy Terrain\n|-heal|p2a: Dondozo|95\/100|[from] item: Leftovers\n|upkeep\n|turn|10\n|\n|t:|1701118389\n|move|p1a: Iron Moth|Substitute|p1a: Iron Moth\n|-start|p1a: Iron Moth|Substitute\n|-damage|p1a: Iron Moth|32\/100\n|move|p2a: Dondozo|Wave Crash|p1a: Iron Moth\n|-supereffective|p1a: Iron Moth\n|-end|p1a: Iron Moth|Substitute\n|-damage|p2a: Dondozo|90\/100|[from] Recoil|[of] p1a: Iron Moth\n|\n|-heal|p1a: Iron Moth|38\/100|[from] Grassy Terrain\n|-heal|p2a: Dondozo|96\/100|[from] Grassy Terrain\n|-heal|p2a: Dondozo|100\/100|[from] item: Leftovers\n|upkeep\n|turn|11\n|\n|t:|1701118401\n|move|p1a: Iron Moth|Sludge Wave|p2a: Dondozo\n|-damage|p2a: Dondozo|55\/100\n|move|p2a: Dondozo|Wave Crash|p1a: Iron Moth\n|-supereffective|p1a: Iron Moth\n|-damage|p1a: Iron Moth|0 fnt\n|faint|p1a: Iron Moth\n|-end|p1a: Iron Moth|Quark Drive|[silent]\n|-damage|p2a: Dondozo|47\/100|[from] Recoil\n|\n|-heal|p2a: Dondozo|53\/100|[from] Grassy Terrain\n|-heal|p2a: Dondozo|60\/100|[from] item: Leftovers\n|upkeep\n|\n|t:|1701118413\n|switch|p1a: Iron Valiant|Iron Valiant|100\/100\n|-damage|p1a: Iron Valiant|94\/100|[from] Stealth Rock\n|-enditem|p1a: Iron Valiant|Booster Energy\n|-activate|p1a: Iron Valiant|ability: Quark Drive|[fromitem]\n|-start|p1a: Iron Valiant|quarkdrivespe\n|turn|12\n|\n|t:|1701118420\n|move|p1a: Iron Valiant|Thunderbolt|p2a: Dondozo\n|-supereffective|p2a: Dondozo\n|-damage|p2a: Dondozo|6\/100\n|move|p2a: Dondozo|Rest|p2a: Dondozo\n|-status|p2a: Dondozo|slp|[from] move: Rest\n|-heal|p2a: Dondozo|100\/100 slp|[silent]\n|\n|-heal|p1a: Iron Valiant|100\/100|[from] Grassy Terrain\n|-fieldend|move: Grassy Terrain\n|upkeep\n|turn|13\n|\n|t:|1701118430\n|move|p1a: Iron Valiant|Thunderbolt|p2a: Dondozo\n|-supereffective|p2a: Dondozo\n|-damage|p2a: Dondozo|41\/100 slp\n|cant|p2a: Dondozo|slp\n|move|p2a: Dondozo|Sleep Talk|p2a: Dondozo\n|move|p2a: Dondozo|Avalanche|p1a: Iron Valiant|[from]move: Sleep Talk\n|-damage|p1a: Iron Valiant|52\/100\n|\n|-heal|p2a: Dondozo|47\/100 slp|[from] item: Leftovers\n|upkeep\n|turn|14\n|\n|t:|1701118444\n|switch|p2a: Jay Eazy|Landorus-Therian, M|100\/100\n|-ability|p2a: Jay Eazy|Intimidate|boost\n|-unboost|p1a: Iron Valiant|atk|1\n|move|p1a: Iron Valiant|Thunderbolt|p2a: Jay Eazy\n|-immune|p2a: Jay Eazy\n|\n|upkeep\n|turn|15\n|\n|t:|1701118456\n|-end|p1a: Iron Valiant|Quark Drive|[silent]\n|switch|p1a: Zamazenta|Zamazenta|100\/100\n|-damage|p1a: Zamazenta|94\/100|[from] Stealth Rock\n|-ability|p1a: Zamazenta|Dauntless Shield|boost\n|-boost|p1a: Zamazenta|def|1\n|move|p2a: Jay Eazy|Earthquake|p1a: Zamazenta\n|-damage|p1a: Zamazenta|60\/100\n|\n|-heal|p1a: Zamazenta|66\/100|[from] item: Leftovers\n|upkeep\n|turn|16\n|\n|t:|1701118468\n|move|p2a: Jay Eazy|Earthquake|p1a: Zamazenta\n|-damage|p1a: Zamazenta|35\/100\n|move|p1a: Zamazenta|Iron Defense|p1a: Zamazenta\n|-boost|p1a: Zamazenta|def|2\n|\n|-heal|p1a: Zamazenta|41\/100|[from] item: Leftovers\n|upkeep\n|turn|17\n|\n|t:|1701118476\n|switch|p2a: Dondozo|Dondozo, F|47\/100 slp\n|move|p1a: Zamazenta|Body Press|p2a: Dondozo\n|-damage|p2a: Dondozo|26\/100 slp\n|\n|-heal|p1a: Zamazenta|48\/100|[from] item: Leftovers\n|-heal|p2a: Dondozo|32\/100 slp|[from] item: Leftovers\n|upkeep\n|turn|18\n|\n|t:|1701118486\n|move|p1a: Zamazenta|Iron Defense|p1a: Zamazenta\n|-boost|p1a: Zamazenta|def|2\n|cant|p2a: Dondozo|slp\n|\n|-heal|p1a: Zamazenta|54\/100|[from] item: Leftovers\n|-heal|p2a: Dondozo|38\/100 slp|[from] item: Leftovers\n|upkeep\n|turn|19\n|\n|t:|1701118493\n|move|p1a: Zamazenta|Body Press|p2a: Dondozo\n|-damage|p2a: Dondozo|18\/100 slp\n|-curestatus|p2a: Dondozo|slp|[msg]\n|move|p2a: Dondozo|Rest|p2a: Dondozo\n|-status|p2a: Dondozo|slp|[from] move: Rest\n|-heal|p2a: Dondozo|100\/100 slp|[silent]\n|\n|-heal|p1a: Zamazenta|60\/100|[from] item: Leftovers\n|upkeep\n|turn|20\n|\n|t:|1701118504\n|move|p1a: Zamazenta|Iron Defense|p1a: Zamazenta\n|-boost|p1a: Zamazenta|def|1\n|cant|p2a: Dondozo|slp\n|move|p2a: Dondozo|Sleep Talk|p2a: Dondozo\n|move|p2a: Dondozo|Wave Crash|p1a: Zamazenta|[from]move: Sleep Talk\n|-damage|p1a: Zamazenta|16\/100\n|-damage|p2a: Dondozo|91\/100 slp|[from] Recoil\n|\n|-heal|p1a: Zamazenta|22\/100|[from] item: Leftovers\n|-heal|p2a: Dondozo|97\/100 slp|[from] item: Leftovers\n|upkeep\n|turn|21\n|\n|t:|1701118517\n|move|p1a: Zamazenta|Body Press|p2a: Dondozo\n|-damage|p2a: Dondozo|76\/100 slp\n|cant|p2a: Dondozo|slp\n|move|p2a: Dondozo|Sleep Talk|p2a: Dondozo\n|move|p2a: Dondozo|Avalanche|p1a: Zamazenta|[from]move: Sleep Talk\n|-damage|p1a: Zamazenta|0 fnt\n|faint|p1a: Zamazenta\n|\n|-heal|p2a: Dondozo|82\/100 slp|[from] item: Leftovers\n|upkeep\n|\n|t:|1701118528\n|switch|p1a: Iron Valiant|Iron Valiant|52\/100\n|-damage|p1a: Iron Valiant|46\/100|[from] Stealth Rock\n|turn|22\n|\n|t:|1701118533\n|move|p1a: Iron Valiant|Thunderbolt|p2a: Dondozo\n|-supereffective|p2a: Dondozo\n|-damage|p2a: Dondozo|25\/100 slp\n|-curestatus|p2a: Dondozo|slp|[msg]\n|move|p2a: Dondozo|Wave Crash|p1a: Iron Valiant\n|-crit|p1a: Iron Valiant\n|-damage|p1a: Iron Valiant|0 fnt\n|faint|p1a: Iron Valiant\n|-end|p1a: Iron Valiant|Quark Drive|[silent]\n|-damage|p2a: Dondozo|17\/100|[from] Recoil\n|\n|-heal|p2a: Dondozo|23\/100|[from] item: Leftovers\n|upkeep\n|l|\u2606ref123\n|inactive|ref123 disconnected and has a minute to reconnect!\n|player|p1|\n|inactive|ref123 has 30 seconds to reconnect!\n|inactive|ref123 has 20 seconds to reconnect!\n|inactive|ref123 has 15 seconds to reconnect!\n|inactive|ref123 has 10 seconds to reconnect!\n|inactive|ref123 has 5 seconds to reconnect!\n|-message|ref123 lost due to inactivity.\n|\n|win|Gekclol\n|raw|ref123's rating: 1323 &rarr; <strong>1297<\/strong><br \/>(-26 for losing)\n|raw|Gekclol's rating: 1216 &rarr; <strong>1248<\/strong><br \/>(+32 for winning)\n","uploadtime":1701118604,"views":11,"p1id":"ref123","p2id":"gekclol","formatid":"gen9ou","rating":1248,"private":0,"password":""}