{"id":"gen9ou-1991594476","p1":"KOTONOHOUSE","p2":"palestjade","format":"[Gen 9] OU","log":"|j|\u2606KOTONOHOUSE\n|j|\u2606palestjade\n|t:|1700092138\n|gametype|singles\n|player|p1|KOTONOHOUSE|unknown|1523\n|player|p2|palestjade|n|1616\n|teamsize|p1|6\n|teamsize|p2|6\n|gen|9\n|tier|[Gen 9] OU\n|rated|\n|rule|Sleep Clause Mod: Limit one foe put to sleep\n|rule|Species Clause: Limit one of each Pok\u00e9mon\n|rule|OHKO Clause: OHKO moves are banned\n|rule|Evasion Items Clause: Evasion items are banned\n|rule|Evasion Moves Clause: Evasion moves are banned\n|rule|Endless Battle Clause: Forcing endless battles is banned\n|rule|HP Percentage Mod: HP is shown in percentages\n|clearpoke\n|poke|p1|Kingambit, M|\n|poke|p1|Heatran, M|\n|poke|p1|Garchomp, M|\n|poke|p1|Scizor, M|\n|poke|p1|Samurott-Hisui, F|\n|poke|p1|Cresselia, F|\n|poke|p2|Dragapult, M|\n|poke|p2|Maushold-Four|\n|poke|p2|Iron Valiant|\n|poke|p2|Ceruledge, M|\n|poke|p2|Ninetales-Alola, F|\n|poke|p2|Kingambit, F|\n|teampreview\n|inactive|Battle timer is ON: inactive players will automatically lose when time's up. (requested by palestjade)\n|c|\u2606palestjade|gl\n|\n|t:|1700092153\n|start\n|switch|p1a: Scizor|Scizor, M|100\/100\n|switch|p2a: kris|Ceruledge, M|100\/100\n|turn|1\n|c|\u2606KOTONOHOUSE|gl\n|l|\u2606KOTONOHOUSE\n|inactive|KOTONOHOUSE disconnected and has a minute to reconnect!\n|player|p1|\n|j| ssakcalbkciht\n|j|\u2606KOTONOHOUSE\n|inactive|KOTONOHOUSE reconnected and has 130 seconds left.\n|player|p1|KOTONOHOUSE|unknown\n|c|\u2606palestjade|wb\n|inactive|KOTONOHOUSE has 120 seconds left.\n|\n|t:|1700092184\n|switch|p1a: Heatran|Heatran, M|100\/100\n|move|p2a: kris|Bulk Up|p2a: kris\n|-boost|p2a: kris|atk|1\n|-boost|p2a: kris|def|1\n|\n|upkeep\n|turn|2\n|l|\u2606palestjade\n|inactive|palestjade disconnected and has a minute to reconnect!\n|player|p2|\n|j|\u2606palestjade\n|inactive|palestjade reconnected and has 140 seconds left.\n|player|p2|palestjade|n\n|\n|t:|1700092198\n|move|p2a: kris|Close Combat|p1a: Heatran\n|-supereffective|p1a: Heatran\n|-damage|p1a: Heatran|0 fnt\n|-unboost|p2a: kris|def|1\n|-unboost|p2a: kris|spd|1\n|faint|p1a: Heatran\n|\n|upkeep\n|inactive|KOTONOHOUSE has 120 seconds left.\n|\n|t:|1700092218\n|switch|p1a: Cresselia|Cresselia, F|100\/100\n|turn|3\n|\n|t:|1700092225\n|switch|p2a: aurora|Ninetales-Alola, F|100\/100\n|-weather|Snow|[from] ability: Snow Warning|[of] p2a: aurora\n|move|p1a: Cresselia|Calm Mind|p1a: Cresselia\n|-boost|p1a: Cresselia|spa|1\n|-boost|p1a: Cresselia|spd|1\n|\n|-weather|Snow|[upkeep]\n|upkeep\n|turn|4\n|\n|t:|1700092229\n|move|p2a: aurora|Encore|p1a: Cresselia\n|-start|p1a: Cresselia|Encore\n|move|p1a: Cresselia|Calm Mind|p1a: Cresselia\n|-boost|p1a: Cresselia|spa|1\n|-boost|p1a: Cresselia|spd|1\n|\n|-weather|Snow|[upkeep]\n|upkeep\n|turn|5\n|\n|t:|1700092232\n|move|p2a: aurora|Aurora Veil|p2a: aurora\n|-sidestart|p2: palestjade|move: Aurora Veil\n|move|p1a: Cresselia|Calm Mind|p1a: Cresselia\n|-boost|p1a: Cresselia|spa|1\n|-boost|p1a: Cresselia|spd|1\n|\n|-weather|Snow|[upkeep]\n|upkeep\n|turn|6\n|\n|t:|1700092237\n|switch|p2a: loving family|Maushold-Four|100\/100\n|move|p1a: Cresselia|Calm Mind|p1a: Cresselia\n|-boost|p1a: Cresselia|spa|1\n|-boost|p1a: Cresselia|spd|1\n|\n|-weather|Snow|[upkeep]\n|-end|p1a: Cresselia|Encore\n|upkeep\n|turn|7\n|\n|t:|1700092239\n|move|p2a: loving family|Encore|p1a: Cresselia\n|-start|p1a: Cresselia|Encore\n|move|p1a: Cresselia|Calm Mind|p1a: Cresselia\n|-boost|p1a: Cresselia|spa|1\n|-boost|p1a: Cresselia|spd|1\n|\n|-weather|none\n|upkeep\n|turn|8\n|\n|t:|1700092242\n|move|p2a: loving family|Tidy Up|p2a: loving family\n|-boost|p2a: loving family|atk|1\n|-boost|p2a: loving family|spe|1\n|move|p1a: Cresselia|Calm Mind|p1a: Cresselia\n|-boost|p1a: Cresselia|spa|1\n|-boost|p1a: Cresselia|spd|1\n|\n|upkeep\n|turn|9\n|\n|t:|1700092249\n|move|p2a: loving family|Tidy Up|p2a: loving family\n|-boost|p2a: loving family|atk|1\n|-boost|p2a: loving family|spe|1\n|move|p1a: Cresselia|Calm Mind|p1a: Cresselia\n|-boost|p1a: Cresselia|spa|0\n|-boost|p1a: Cresselia|spd|0\n|\n|-end|p1a: Cresselia|Encore\n|upkeep\n|turn|10\n|\n|t:|1700092251\n|move|p2a: loving family|Population Bomb|p1a: Cresselia\n|-damage|p1a: Cresselia|88\/100\n|-damage|p1a: Cresselia|75\/100\n|-damage|p1a: Cresselia|64\/100\n|-damage|p1a: Cresselia|52\/100\n|-damage|p1a: Cresselia|40\/100\n|-damage|p1a: Cresselia|28\/100\n|-damage|p1a: Cresselia|16\/100\n|-damage|p1a: Cresselia|4\/100\n|-damage|p1a: Cresselia|0 fnt\n|faint|p1a: Cresselia\n|-hitcount|p1: Cresselia|9\n|\n|upkeep\n|\n|t:|1700092263\n|switch|p1a: Scizor|Scizor, M|100\/100\n|turn|11\n|\n|t:|1700092274\n|switch|p1a: Garchomp|Garchomp, M|100\/100\n|move|p2a: loving family|Population Bomb|p1a: Garchomp\n|-damage|p1a: Garchomp|82\/100\n|-damage|p2a: loving family|88\/100|[from] ability: Rough Skin|[of] p1a: Garchomp\n|-damage|p2a: loving family|71\/100|[from] item: Rocky Helmet|[of] p1a: Garchomp\n|-damage|p1a: Garchomp|63\/100\n|-damage|p2a: loving family|59\/100|[from] ability: Rough Skin|[of] p1a: Garchomp\n|-damage|p2a: loving family|42\/100|[from] item: Rocky Helmet|[of] p1a: Garchomp\n|-damage|p1a: Garchomp|46\/100\n|-damage|p2a: loving family|30\/100|[from] ability: Rough Skin|[of] p1a: Garchomp\n|-damage|p2a: loving family|13\/100|[from] item: Rocky Helmet|[of] p1a: Garchomp\n|-damage|p1a: Garchomp|28\/100\n|-damage|p2a: loving family|1\/100|[from] ability: Rough Skin|[of] p1a: Garchomp\n|-damage|p2a: loving family|0 fnt|[from] item: Rocky Helmet|[of] p1a: Garchomp\n|faint|p2a: loving family\n|-hitcount|p1a: Garchomp|4\n|\n|upkeep\n|l| ssakcalbkciht\n|\n|t:|1700092283\n|switch|p2a: kris|Ceruledge, M|100\/100\n|turn|12\n|\n|t:|1700092301\n|-terastallize|p1a: Garchomp|Steel\n|move|p1a: Garchomp|Earthquake|p2a: kris\n|-supereffective|p2a: kris\n|-damage|p2a: kris|55\/100\n|move|p2a: kris|Bulk Up|p2a: kris\n|-boost|p2a: kris|atk|1\n|-boost|p2a: kris|def|1\n|\n|-sideend|p2: palestjade|move: Aurora Veil\n|upkeep\n|turn|13\n|\n|t:|1700092308\n|move|p1a: Garchomp|Earthquake|p2a: kris\n|-supereffective|p2a: kris\n|-damage|p2a: kris|0 fnt\n|faint|p2a: kris\n|\n|upkeep\n|c|\u2606palestjade|i may be stupid\n|\n|t:|1700092317\n|switch|p2a: aurora|Ninetales-Alola, F|100\/100\n|-weather|Snow|[from] ability: Snow Warning|[of] p2a: aurora\n|turn|14\n|l|\u2606KOTONOHOUSE\n|inactive|KOTONOHOUSE disconnected and has a minute to reconnect!\n|player|p1|\n|j|\u2606KOTONOHOUSE\n|inactive|KOTONOHOUSE reconnected and has 120 seconds left.\n|player|p1|KOTONOHOUSE|unknown\n|\n|t:|1700092353\n|switch|p1a: Kingambit|Kingambit, M|100\/100\n|-activate|p1a: Kingambit|ability: Supreme Overlord\n|-start|p1a: Kingambit|fallen2|[silent]\n|move|p2a: aurora|Hypnosis|p1a: Kingambit\n|-status|p1a: Kingambit|slp|[from] move: Hypnosis\n|\n|-weather|Snow|[upkeep]\n|upkeep\n|turn|15\n|c|\u2606palestjade|i forgot to tera grass on the eq lol\n|inactive|KOTONOHOUSE has 120 seconds left.\n|\n|t:|1700092360\n|move|p2a: aurora|Aurora Veil|p2a: aurora\n|-sidestart|p2: palestjade|move: Aurora Veil\n|cant|p1a: Kingambit|slp\n|\n|-weather|Snow|[upkeep]\n|upkeep\n|turn|16\n|\n|t:|1700092366\n|switch|p2a: deadcoin|Kingambit, F|100\/100\n|-activate|p2a: deadcoin|ability: Supreme Overlord\n|-start|p2a: deadcoin|fallen2|[silent]\n|cant|p1a: Kingambit|slp\n|\n|-weather|Snow|[upkeep]\n|upkeep\n|turn|17\n|\n|t:|1700092374\n|move|p2a: deadcoin|Swords Dance|p2a: deadcoin\n|-boost|p2a: deadcoin|atk|2\n|cant|p1a: Kingambit|slp\n|\n|-weather|Snow|[upkeep]\n|upkeep\n|turn|18\n|\n|t:|1700092378\n|-curestatus|p1a: Kingambit|slp|[msg]\n|move|p1a: Kingambit|Sucker Punch|p2a: deadcoin\n|-resisted|p2a: deadcoin\n|-damage|p2a: deadcoin|89\/100\n|move|p2a: deadcoin|Kowtow Cleave|p1a: Kingambit\n|-resisted|p1a: Kingambit\n|-damage|p1a: Kingambit|49\/100\n|\n|-weather|none\n|-heal|p1a: Kingambit|55\/100|[from] item: Leftovers\n|upkeep\n|turn|19\n|\n|t:|1700092386\n|-end|p1a: Kingambit|fallen2|[silent]\n|switch|p1a: Garchomp|Garchomp, M, tera:Steel|28\/100\n|move|p2a: deadcoin|Swords Dance|p2a: deadcoin\n|-boost|p2a: deadcoin|atk|2\n|\n|upkeep\n|turn|20\n|\n|t:|1700092391\n|-terastallize|p2a: deadcoin|Flying\n|move|p1a: Garchomp|Earthquake|p2a: deadcoin\n|-immune|p2a: deadcoin\n|move|p2a: deadcoin|Kowtow Cleave|p1a: Garchomp\n|-damage|p1a: Garchomp|0 fnt\n|-damage|p2a: deadcoin|77\/100|[from] ability: Rough Skin|[of] p1a: Garchomp\n|-damage|p2a: deadcoin|60\/100|[from] item: Rocky Helmet|[of] p1a: Garchomp\n|faint|p1a: Garchomp\n|\n|upkeep\n|\n|t:|1700092405\n|switch|p1a: Kingambit|Kingambit, M|55\/100\n|-activate|p1a: Kingambit|ability: Supreme Overlord\n|-start|p1a: Kingambit|fallen3|[silent]\n|turn|21\n|\n|t:|1700092409\n|move|p1a: Kingambit|Sucker Punch|p2a: deadcoin\n|-damage|p2a: deadcoin|39\/100\n|move|p2a: deadcoin|Kowtow Cleave|p1a: Kingambit\n|-resisted|p1a: Kingambit\n|-damage|p1a: Kingambit|0 fnt\n|faint|p1a: Kingambit\n|-end|p1a: Kingambit|fallen3|[silent]\n|\n|upkeep\n|\n|t:|1700092416\n|switch|p1a: Samurott|Samurott-Hisui, F|100\/100\n|turn|22\n|\n|t:|1700092420\n|move|p2a: deadcoin|Sucker Punch|p1a: Samurott\n|-resisted|p1a: Samurott\n|-enditem|p1a: Samurott|Focus Sash\n|-damage|p1a: Samurott|1\/100\n|move|p1a: Samurott|Razor Shell|p2a: deadcoin\n|-damage|p2a: deadcoin|18\/100\n|\n|-sideend|p2: palestjade|move: Aurora Veil\n|upkeep\n|turn|23\n|\n|t:|1700092427\n|move|p1a: Samurott|Aqua Jet|p2a: deadcoin\n|-damage|p2a: deadcoin|2\/100\n|move|p2a: deadcoin|Kowtow Cleave|p1a: Samurott\n|-resisted|p1a: Samurott\n|-damage|p1a: Samurott|0 fnt\n|faint|p1a: Samurott\n|\n|upkeep\n|\n|t:|1700092429\n|switch|p1a: Scizor|Scizor, M|100\/100\n|turn|24\n|\n|t:|1700092431\n|move|p1a: Scizor|Bullet Punch|p2a: deadcoin\n|-damage|p2a: deadcoin|0 fnt\n|faint|p2a: deadcoin\n|-end|p2a: deadcoin|fallen2|[silent]\n|-damage|p1a: Scizor|91\/100|[from] item: Life Orb\n|\n|upkeep\n|\n|t:|1700092436\n|switch|p2a: life's a drag|Dragapult, M|100\/100\n|turn|25\n|\n|t:|1700092438\n|move|p2a: life's a drag|Shadow Ball|p1a: Scizor\n|-damage|p1a: Scizor|31\/100\n|move|p1a: Scizor|Knock Off|p2a: life's a drag\n|-supereffective|p2a: life's a drag\n|-damage|p2a: life's a drag|0 fnt\n|-enditem|p2a: life's a drag|Choice Specs|[from] move: Knock Off|[of] p1a: Scizor\n|faint|p2a: life's a drag\n|-damage|p1a: Scizor|21\/100|[from] item: Life Orb\n|\n|upkeep\n|\n|t:|1700092444\n|switch|p2a: aurora|Ninetales-Alola, F|100\/100\n|-weather|Snow|[from] ability: Snow Warning|[of] p2a: aurora\n|turn|26\n|\n|t:|1700092452\n|move|p1a: Scizor|Bullet Punch|p2a: aurora\n|-supereffective|p2a: aurora\n|-damage|p2a: aurora|0 fnt\n|faint|p2a: aurora\n|-damage|p1a: Scizor|11\/100|[from] item: Life Orb\n|\n|-weather|Snow|[upkeep]\n|upkeep\n|\n|t:|1700092453\n|switch|p2a: gender|Iron Valiant|100\/100\n|-enditem|p2a: gender|Booster Energy\n|-activate|p2a: gender|ability: Quark Drive|[fromitem]\n|-start|p2a: gender|quarkdrivespe\n|turn|27\n|c|\u2606palestjade|ggg\n|c|\u2606palestjade|damn\n|\n|t:|1700092463\n|move|p1a: Scizor|Bullet Punch|p2a: gender\n|-supereffective|p2a: gender\n|-damage|p2a: gender|0 fnt\n|faint|p2a: gender\n|-end|p2a: gender|Quark Drive|[silent]\n|-damage|p1a: Scizor|1\/100|[from] item: Life Orb\n|\n|win|KOTONOHOUSE\n|raw|KOTONOHOUSE's rating: 1523 &rarr; <strong>1548<\/strong><br \/>(+25 for winning)\n|raw|palestjade's rating: 1616 &rarr; <strong>1591<\/strong><br \/>(-25 for losing)\n|l|\u2606palestjade\n|c|\u2606KOTONOHOUSE|wow\n","uploadtime":1700092495,"views":21,"p1id":"kotonohouse","p2id":"palestjade","formatid":"gen9ou","rating":1548,"private":0,"password":""}