{"id":"gen9ou-1996887726","p1":"munchie8423","p2":"SpasDeUzi","format":"[Gen 9] OU","log":"|j|\u2606munchie8423\n|j|\u2606SpasDeUzi\n|t:|1700740568\n|gametype|singles\n|player|p1|munchie8423|fisherman-gen4|1228\n|player|p2|SpasDeUzi|101|1150\n|teamsize|p1|6\n|teamsize|p2|6\n|gen|9\n|tier|[Gen 9] OU\n|rated|\n|rule|Sleep Clause Mod: Limit one foe put to sleep\n|rule|Species Clause: Limit one of each Pok\u00e9mon\n|rule|OHKO Clause: OHKO moves are banned\n|rule|Evasion Items Clause: Evasion items are banned\n|rule|Evasion Moves Clause: Evasion moves are banned\n|rule|Endless Battle Clause: Forcing endless battles is banned\n|rule|HP Percentage Mod: HP is shown in percentages\n|clearpoke\n|poke|p1|Iron Jugulis|\n|poke|p1|Tinkaton, F|\n|poke|p1|Great Tusk|\n|poke|p1|Iron Moth|\n|poke|p1|Dragapult, M|\n|poke|p1|Ogerpon-Wellspring, F|\n|poke|p2|Garchomp, M|\n|poke|p2|Maushold-Four|\n|poke|p2|Tyranitar, F|\n|poke|p2|Gyarados, F|\n|poke|p2|Iron Valiant|\n|poke|p2|Grimmsnarl, M|\n|teampreview\n|inactive|Battle timer is ON: inactive players will automatically lose when time's up. (requested by SpasDeUzi)\n|\n|t:|1700740586\n|start\n|switch|p1a: Iron Jugulis|Iron Jugulis|100\/100\n|switch|p2a: Garchomp|Garchomp, M, shiny|100\/100\n|-enditem|p1a: Iron Jugulis|Booster Energy\n|-activate|p1a: Iron Jugulis|ability: Quark Drive|[fromitem]\n|-start|p1a: Iron Jugulis|quarkdrivespe\n|turn|1\n|\n|t:|1700740614\n|move|p1a: Iron Jugulis|Earth Power|p2a: Garchomp\n|-damage|p2a: Garchomp|78\/100\n|move|p2a: Garchomp|Stealth Rock|p1a: Iron Jugulis\n|-sidestart|p1: munchie8423|move: Stealth Rock\n|\n|upkeep\n|turn|2\n|inactive|munchie8423 has 120 seconds left.\n|\n|t:|1700740631\n|move|p1a: Iron Jugulis|Earth Power|p2a: Garchomp\n|-damage|p2a: Garchomp|56\/100\n|move|p2a: Garchomp|Poison Jab|p1a: Iron Jugulis\n|-damage|p1a: Iron Jugulis|73\/100\n|\n|upkeep\n|turn|3\n|\n|t:|1700740639\n|switch|p2a: Grimmsnarl|Grimmsnarl, M, shiny|100\/100\n|move|p1a: Iron Jugulis|Knock Off|p2a: Grimmsnarl\n|-resisted|p2a: Grimmsnarl\n|-damage|p2a: Grimmsnarl|92\/100\n|-enditem|p2a: Grimmsnarl|Light Clay|[from] move: Knock Off|[of] p1a: Iron Jugulis\n|\n|upkeep\n|turn|4\n|\n|t:|1700740653\n|move|p2a: Grimmsnarl|Light Screen|p2a: Grimmsnarl\n|-sidestart|p2: SpasDeUzi|move: Light Screen\n|move|p1a: Iron Jugulis|Taunt|p2a: Grimmsnarl\n|-start|p2a: Grimmsnarl|move: Taunt\n|\n|upkeep\n|turn|5\n|inactive|munchie8423 has 120 seconds left.\n|\n|t:|1700740680\n|-end|p1a: Iron Jugulis|Quark Drive|[silent]\n|switch|p1a: Tinkaton|Tinkaton, F|100\/100\n|-damage|p1a: Tinkaton|94\/100|[from] Stealth Rock\n|-item|p1a: Tinkaton|Air Balloon\n|switch|p2a: Gyarados|Gyarados, F|100\/100\n|\n|upkeep\n|turn|6\n|inactive|munchie8423 has 120 seconds left.\n|\n|t:|1700740688\n|move|p1a: Tinkaton|Thunder Wave|p2a: Gyarados\n|-status|p2a: Gyarados|par\n|move|p2a: Gyarados|Dragon Dance|p2a: Gyarados\n|-boost|p2a: Gyarados|atk|1\n|-boost|p2a: Gyarados|spe|1\n|\n|upkeep\n|turn|7\n|inactive|munchie8423 has 120 seconds left.\n|\n|t:|1700740703\n|move|p1a: Tinkaton|Stealth Rock|p2a: Gyarados\n|-sidestart|p2: SpasDeUzi|move: Stealth Rock\n|cant|p2a: Gyarados|par\n|\n|upkeep\n|turn|8\n|inactive|munchie8423 has 120 seconds left.\n|\n|t:|1700740716\n|move|p1a: Tinkaton|Encore|p2a: Gyarados\n|-start|p2a: Gyarados|Encore\n|cant|p2a: Gyarados|par\n|\n|-sideend|p2: SpasDeUzi|move: Light Screen\n|upkeep\n|turn|9\n|\n|t:|1700740721\n|switch|p1a: Dragapult|Dragapult, M|100\/100\n|-damage|p1a: Dragapult|88\/100|[from] Stealth Rock\n|switch|p2a: Grimmsnarl|Grimmsnarl, M, shiny|92\/100\n|-damage|p2a: Grimmsnarl|79\/100|[from] Stealth Rock\n|\n|upkeep\n|turn|10\n|\n|t:|1700740727\n|move|p2a: Grimmsnarl|Light Screen|p2a: Grimmsnarl\n|-sidestart|p2: SpasDeUzi|move: Light Screen\n|move|p1a: Dragapult|U-turn|p2a: Grimmsnarl\n|-damage|p2a: Grimmsnarl|58\/100\n|inactive|munchie8423 has 120 seconds left.\n|inactive|munchie8423 has 90 seconds left.\n|\n|t:|1700740779\n|switch|p1a: Iron Moth|Iron Moth|100\/100|[from] U-turn\n|-damage|p1a: Iron Moth|76\/100|[from] Stealth Rock\n|-enditem|p1a: Iron Moth|Booster Energy\n|-activate|p1a: Iron Moth|ability: Quark Drive|[fromitem]\n|-start|p1a: Iron Moth|quarkdrivespe\n|\n|upkeep\n|turn|11\n|inactive|munchie8423 has 90 seconds left.\n|\n|t:|1700740789\n|move|p2a: Grimmsnarl|Parting Shot|p1a: Iron Moth\n|-unboost|p1a: Iron Moth|atk|1\n|-unboost|p1a: Iron Moth|spa|1\n|\n|t:|1700740792\n|switch|p2a: Tyranitar|Tyranitar, F, shiny|100\/100|[from] Parting Shot\n|-damage|p2a: Tyranitar|88\/100|[from] Stealth Rock\n|-weather|Sandstorm|[from] ability: Sand Stream|[of] p2a: Tyranitar\n|move|p1a: Iron Moth|Sludge Wave|p2a: Tyranitar\n|-resisted|p2a: Tyranitar\n|-damage|p2a: Tyranitar|84\/100\n|\n|-weather|Sandstorm|[upkeep]\n|-damage|p1a: Iron Moth|70\/100|[from] Sandstorm\n|upkeep\n|turn|12\n|inactive|munchie8423 has 90 seconds left.\n|\n|t:|1700740811\n|-end|p1a: Iron Moth|Quark Drive|[silent]\n|switch|p1a: Iron Jugulis|Iron Jugulis|73\/100\n|-damage|p1a: Iron Jugulis|48\/100|[from] Stealth Rock\n|move|p2a: Tyranitar|Dragon Dance|p2a: Tyranitar\n|-boost|p2a: Tyranitar|atk|1\n|-boost|p2a: Tyranitar|spe|1\n|\n|-weather|Sandstorm|[upkeep]\n|-damage|p1a: Iron Jugulis|42\/100|[from] Sandstorm\n|upkeep\n|turn|13\n|\n|t:|1700740823\n|move|p1a: Iron Jugulis|Earth Power|p2a: Tyranitar\n|-supereffective|p2a: Tyranitar\n|-damage|p2a: Tyranitar|66\/100\n|-unboost|p2a: Tyranitar|spd|1\n|move|p2a: Tyranitar|Dragon Dance|p2a: Tyranitar\n|-boost|p2a: Tyranitar|atk|1\n|-boost|p2a: Tyranitar|spe|1\n|\n|-weather|Sandstorm|[upkeep]\n|-damage|p1a: Iron Jugulis|35\/100|[from] Sandstorm\n|upkeep\n|turn|14\n|inactive|munchie8423 has 90 seconds left.\n|\n|t:|1700740840\n|move|p1a: Iron Jugulis|Knock Off|p2a: Tyranitar\n|-resisted|p2a: Tyranitar\n|-damage|p2a: Tyranitar|54\/100\n|-enditem|p2a: Tyranitar|Loaded Dice|[from] move: Knock Off|[of] p1a: Iron Jugulis\n|move|p2a: Tyranitar|Dragon Dance|p2a: Tyranitar\n|-boost|p2a: Tyranitar|atk|1\n|-boost|p2a: Tyranitar|spe|1\n|\n|-weather|Sandstorm|[upkeep]\n|-damage|p1a: Iron Jugulis|29\/100|[from] Sandstorm\n|-sideend|p2: SpasDeUzi|move: Light Screen\n|upkeep\n|turn|15\n|inactive|munchie8423 has 90 seconds left.\n|inactive|munchie8423 has 60 seconds left.\n|\n|t:|1700740882\n|-end|p1a: Iron Jugulis|Quark Drive|[silent]\n|switch|p1a: Tinkaton|Tinkaton, F|94\/100\n|-damage|p1a: Tinkaton|88\/100|[from] Stealth Rock\n|-item|p1a: Tinkaton|Air Balloon\n|move|p2a: Tyranitar|Rock Blast|p1a: Tinkaton\n|-resisted|p1a: Tinkaton\n|-damage|p1a: Tinkaton|66\/100\n|-enditem|p1a: Tinkaton|Air Balloon\n|-resisted|p1a: Tinkaton\n|-damage|p1a: Tinkaton|45\/100\n|-hitcount|p1a: Tinkaton|2\n|\n|-weather|none\n|upkeep\n|turn|16\n|inactive|munchie8423 has 60 seconds left.\n|inactive|munchie8423 has 30 seconds left.\n|inactive|munchie8423 has 20 seconds left.\n|inactive|munchie8423 has 15 seconds left.\n|inactive|munchie8423 has 10 seconds left.\n|\n|t:|1700740945\n|move|p2a: Tyranitar|Low Kick|p1a: Tinkaton\n|-damage|p1a: Tinkaton|0 fnt\n|faint|p1a: Tinkaton\n|\n|upkeep\n|inactive|munchie8423 has 15 seconds left this turn.\n|inactive|munchie8423 has 10 seconds left.\n|inactive|munchie8423 has 5 seconds left.\n|-message|munchie8423 lost due to inactivity.\n|\n|win|SpasDeUzi\n|raw|munchie8423's rating: 1228 &rarr; <strong>1197<\/strong><br \/>(-31 for losing)\n|raw|SpasDeUzi's rating: 1150 &rarr; <strong>1181<\/strong><br \/>(+31 for winning)\n|l|\u2606munchie8423\n","uploadtime":1700740964,"views":7,"p1id":"munchie8423","p2id":"spasdeuzi","formatid":"gen9ou","rating":1181,"private":0,"password":""}