{"id":"gen9ou-1991856798","p1":"aloo bonda","p2":"Rekka's Tails","format":"[Gen 9] OU","log":"|j|\u2606aloo bonda\n|j|\u2606Rekka's Tails\n|t:|1700129272\n|gametype|singles\n|player|p1|aloo bonda|102|1189\n|player|p2|Rekka's Tails|lady-gen4|1263\n|teamsize|p1|6\n|teamsize|p2|6\n|gen|9\n|tier|[Gen 9] OU\n|rated|\n|rule|Sleep Clause Mod: Limit one foe put to sleep\n|rule|Species Clause: Limit one of each Pok\u00e9mon\n|rule|OHKO Clause: OHKO moves are banned\n|rule|Evasion Items Clause: Evasion items are banned\n|rule|Evasion Moves Clause: Evasion moves are banned\n|rule|Endless Battle Clause: Forcing endless battles is banned\n|rule|HP Percentage Mod: HP is shown in percentages\n|clearpoke\n|poke|p1|Ceruledge, F|\n|poke|p1|Ogerpon, F|\n|poke|p1|Corviknight, F|\n|poke|p1|Ribombee, M|\n|poke|p1|Sneasler, F|\n|poke|p1|Zapdos|\n|poke|p2|Grimmsnarl, M|\n|poke|p2|Gardevoir, F|\n|poke|p2|Great Tusk|\n|poke|p2|Typhlosion-Hisui, M|\n|poke|p2|Meowscarada, F|\n|poke|p2|Kleavor, F|\n|teampreview\n|inactive|Battle timer is ON: inactive players will automatically lose when time's up. (requested by aloo bonda)\n|\n|t:|1700129288\n|start\n|switch|p1a: Ribombee|Ribombee, M|100\/100\n|switch|p2a: Grimmsnarl|Grimmsnarl, M, shiny|100\/100\n|turn|1\n|\n|t:|1700129296\n|move|p2a: Grimmsnarl|Taunt|p1a: Ribombee\n|-start|p1a: Ribombee|move: Taunt\n|move|p1a: Ribombee|Bug Buzz|p2a: Grimmsnarl\n|-damage|p2a: Grimmsnarl|61\/100\n|-enditem|p2a: Grimmsnarl|Red Card|[of] p1a: Ribombee\n|drag|p1a: Ceruledge|Ceruledge, F|100\/100\n|\n|upkeep\n|turn|2\n|\n|t:|1700129305\n|move|p2a: Grimmsnarl|Thunder Wave|p1a: Ceruledge\n|-status|p1a: Ceruledge|par\n|cant|p1a: Ceruledge|par\n|\n|upkeep\n|turn|3\n|\n|t:|1700129309\n|move|p2a: Grimmsnarl|Taunt|p1a: Ceruledge\n|-start|p1a: Ceruledge|move: Taunt\n|cant|p1a: Ceruledge|move: Taunt|Swords Dance\n|\n|upkeep\n|turn|4\n|\n|t:|1700129313\n|move|p2a: Grimmsnarl|Trick|p1a: Ceruledge\n|-activate|p2a: Grimmsnarl|move: Trick|[of] p1a: Ceruledge\n|-enditem|p1a: Ceruledge|Focus Sash|[silent]|[from] move: Trick\n|-item|p2a: Grimmsnarl|Focus Sash|[from] move: Trick\n|cant|p1a: Ceruledge|par\n|\n|upkeep\n|turn|5\n|\n|t:|1700129321\n|switch|p2a: Kleavor|Kleavor, F|100\/100\n|move|p1a: Ceruledge|Bitter Blade|p2a: Kleavor\n|-damage|p2a: Kleavor|32\/100\n|\n|-end|p1a: Ceruledge|move: Taunt\n|upkeep\n|turn|6\n|\n|t:|1700129333\n|move|p2a: Kleavor|Stone Axe|p1a: Ceruledge|[miss]\n|-miss|p2a: Kleavor|p1a: Ceruledge\n|cant|p1a: Ceruledge|par\n|\n|upkeep\n|turn|7\n|\n|t:|1700129337\n|move|p2a: Kleavor|Stone Axe|p1a: Ceruledge\n|-supereffective|p1a: Ceruledge\n|-damage|p1a: Ceruledge|0 fnt\n|-sidestart|p1: aloo bonda|move: Stealth Rock\n|faint|p1a: Ceruledge\n|\n|upkeep\n|\n|t:|1700129341\n|switch|p1a: Ribombee|Ribombee, M|100\/100\n|-damage|p1a: Ribombee|76\/100|[from] Stealth Rock\n|turn|8\n|\n|t:|1700129345\n|move|p2a: Kleavor|Stone Axe|p1a: Ribombee\n|-supereffective|p1a: Ribombee\n|-damage|p1a: Ribombee|0 fnt\n|faint|p1a: Ribombee\n|\n|upkeep\n|-message|aloo bonda forfeited.\n|\n|win|Rekka's Tails\n|raw|aloo bonda's rating: 1189 &rarr; <strong>1169<\/strong><br \/>(-20 for losing)\n|raw|Rekka&apos;s Tails's rating: 1263 &rarr; <strong>1283<\/strong><br \/>(+20 for winning)\n|l|\u2606aloo bonda\n","uploadtime":1700129353,"views":13,"p1id":"aloobonda","p2id":"rekkastails","formatid":"gen9ou","rating":1169,"private":0,"password":""}