{"id":"gen9ou-1992628961","p1":"Telos5742","p2":"bad feeling","format":"[Gen 9] OU","log":"|j|\u2606Telos5742\n|j|\u2606bad feeling\n|t:|1700217271\n|gametype|singles\n|player|p1|Telos5742|caitlin|1400\n|player|p2|bad feeling|medium|1486\n|teamsize|p1|6\n|teamsize|p2|6\n|gen|9\n|tier|[Gen 9] OU\n|rated|\n|rule|Sleep Clause Mod: Limit one foe put to sleep\n|rule|Species Clause: Limit one of each Pok\u00e9mon\n|rule|OHKO Clause: OHKO moves are banned\n|rule|Evasion Items Clause: Evasion items are banned\n|rule|Evasion Moves Clause: Evasion moves are banned\n|rule|Endless Battle Clause: Forcing endless battles is banned\n|rule|HP Percentage Mod: HP is shown in percentages\n|clearpoke\n|poke|p1|Ribombee, F|\n|poke|p1|Ogerpon-Wellspring, F|\n|poke|p1|Iron Moth|\n|poke|p1|Kingambit, F|\n|poke|p1|Gholdengo|\n|poke|p1|Iron Valiant|\n|poke|p2|Fezandipiti, M|\n|poke|p2|Cloyster, F|\n|poke|p2|Kingambit, F|\n|poke|p2|Great Tusk|\n|poke|p2|Dragonite, M|\n|poke|p2|Ogerpon-Wellspring, F|\n|teampreview\n|\n|t:|1700217290\n|start\n|switch|p1a: Ribombee|Ribombee, F|100\/100\n|switch|p2a: Fezandipiti|Fezandipiti, M|100\/100\n|turn|1\n|\n|t:|1700217297\n|move|p1a: Ribombee|Sticky Web|p2a: Fezandipiti\n|-sidestart|p2: bad feeling|move: Sticky Web\n|move|p2a: Fezandipiti|Play Rough|p1a: Ribombee\n|-damage|p1a: Ribombee|42\/100\n|\n|upkeep\n|turn|2\n|\n|t:|1700217310\n|switch|p1a: Iron Moth|Iron Moth|100\/100\n|-enditem|p1a: Iron Moth|Booster Energy\n|-activate|p1a: Iron Moth|ability: Quark Drive|[fromitem]\n|-start|p1a: Iron Moth|quarkdrivespa\n|move|p2a: Fezandipiti|Play Rough|p1a: Iron Moth\n|-resisted|p1a: Iron Moth\n|-damage|p1a: Iron Moth|90\/100\n|\n|upkeep\n|turn|3\n|\n|t:|1700217320\n|move|p1a: Iron Moth|Psychic|p2a: Fezandipiti\n|-supereffective|p2a: Fezandipiti\n|-damage|p2a: Fezandipiti|55\/100\n|move|p2a: Fezandipiti|U-turn|p1a: Iron Moth\n|-resisted|p1a: Iron Moth\n|-damage|p1a: Iron Moth|83\/100\n|\n|t:|1700217326\n|switch|p2a: Dragonite|Dragonite, M|100\/100|[from] U-turn\n|\n|upkeep\n|turn|4\n|\n|t:|1700217332\n|-terastallize|p1a: Iron Moth|Ghost\n|move|p1a: Iron Moth|Substitute|p1a: Iron Moth\n|-start|p1a: Iron Moth|Substitute\n|-damage|p1a: Iron Moth|58\/100\n|move|p2a: Dragonite|Earthquake|p1a: Iron Moth\n|-end|p1a: Iron Moth|Substitute\n|\n|upkeep\n|turn|5\n|\n|t:|1700217345\n|-end|p1a: Iron Moth|Quark Drive|[silent]\n|switch|p1a: Gholdengo|Gholdengo|100\/100\n|-item|p1a: Gholdengo|Air Balloon\n|move|p2a: Dragonite|Earthquake|p1a: Gholdengo\n|-immune|p1a: Gholdengo\n|\n|upkeep\n|turn|6\n|\n|t:|1700217356\n|switch|p2a: Kingambit|Kingambit, F|100\/100\n|-activate|p2a: Kingambit|move: Sticky Web\n|-unboost|p2a: Kingambit|spe|1\n|move|p1a: Gholdengo|Dazzling Gleam|p2a: Kingambit\n|-damage|p2a: Kingambit|70\/100\n|\n|upkeep\n|turn|7\n|\n|t:|1700217367\n|switch|p1a: Kingambit|Kingambit, F|100\/100\n|move|p2a: Kingambit|Kowtow Cleave|p1a: Kingambit\n|-resisted|p1a: Kingambit\n|-damage|p1a: Kingambit|82\/100\n|\n|upkeep\n|turn|8\n|\n|t:|1700217374\n|-end|p2a: Kingambit|fallenundefined|[silent]\n|switch|p2a: Great Tusk|Great Tusk|100\/100\n|-activate|p2a: Great Tusk|move: Sticky Web\n|-unboost|p2a: Great Tusk|spe|1\n|move|p1a: Kingambit|Low Kick|p2a: Great Tusk\n|-damage|p2a: Great Tusk|71\/100\n|-damage|p1a: Kingambit|66\/100|[from] item: Rocky Helmet|[of] p2a: Great Tusk\n|\n|upkeep\n|turn|9\n|\n|t:|1700217382\n|-end|p1a: Kingambit|fallenundefined|[silent]\n|switch|p1a: Gholdengo|Gholdengo|100\/100\n|-item|p1a: Gholdengo|Air Balloon\n|move|p2a: Great Tusk|Knock Off|p1a: Gholdengo\n|-supereffective|p1a: Gholdengo\n|-damage|p1a: Gholdengo|36\/100\n|-enditem|p1a: Gholdengo|Air Balloon\n|\n|upkeep\n|turn|10\n|\n|t:|1700217399\n|-end|p2a: Great Tusk|Protosynthesis|[silent]\n|switch|p2a: Fezandipiti|Fezandipiti, M|55\/100\n|move|p1a: Gholdengo|Dazzling Gleam|p2a: Fezandipiti\n|-resisted|p2a: Fezandipiti\n|-damage|p2a: Fezandipiti|47\/100\n|\n|upkeep\n|turn|11\n|\n|t:|1700217407\n|switch|p2a: Kingambit|Kingambit, F|70\/100\n|-activate|p2a: Kingambit|move: Sticky Web\n|-unboost|p2a: Kingambit|spe|1\n|move|p1a: Gholdengo|Psyshock|p2a: Kingambit\n|-immune|p2a: Kingambit\n|\n|upkeep\n|turn|12\n|\n|t:|1700217417\n|switch|p1a: Kingambit|Kingambit, F|66\/100\n|-end|p2a: Kingambit|fallenundefined|[silent]\n|switch|p2a: Great Tusk|Great Tusk|71\/100\n|-activate|p2a: Great Tusk|move: Sticky Web\n|-unboost|p2a: Great Tusk|spe|1\n|\n|upkeep\n|turn|13\n|\n|t:|1700217426\n|move|p2a: Great Tusk|Stealth Rock|p1a: Kingambit\n|-sidestart|p1: Telos5742|move: Stealth Rock\n|move|p1a: Kingambit|Iron Head|p2a: Great Tusk\n|-damage|p2a: Great Tusk|42\/100\n|-damage|p1a: Kingambit|49\/100|[from] item: Rocky Helmet|[of] p2a: Great Tusk\n|\n|upkeep\n|turn|14\n|\n|t:|1700217436\n|move|p2a: Great Tusk|Rapid Spin|p1a: Kingambit\n|-resisted|p1a: Kingambit\n|-damage|p1a: Kingambit|43\/100\n|-boost|p2a: Great Tusk|spe|1\n|-sideend|p2: bad feeling|Sticky Web|[from] move: Rapid Spin|[of] p2a: Great Tusk\n|move|p1a: Kingambit|Low Kick|p2a: Great Tusk\n|-damage|p2a: Great Tusk|14\/100\n|-damage|p1a: Kingambit|27\/100|[from] item: Rocky Helmet|[of] p2a: Great Tusk\n|\n|upkeep\n|turn|15\n|\n|t:|1700217451\n|move|p1a: Kingambit|Sucker Punch|p2a: Great Tusk\n|-resisted|p2a: Great Tusk\n|-damage|p2a: Great Tusk|1\/100\n|-damage|p1a: Kingambit|10\/100|[from] item: Rocky Helmet|[of] p2a: Great Tusk\n|move|p2a: Great Tusk|Headlong Rush|p1a: Kingambit\n|-supereffective|p1a: Kingambit\n|-damage|p1a: Kingambit|0 fnt\n|-unboost|p2a: Great Tusk|def|1\n|-unboost|p2a: Great Tusk|spd|1\n|faint|p1a: Kingambit\n|-end|p1a: Kingambit|fallenundefined|[silent]\n|\n|upkeep\n|\n|t:|1700217455\n|switch|p1a: Ribombee|Ribombee, F|42\/100\n|-damage|p1a: Ribombee|17\/100|[from] Stealth Rock\n|turn|16\n|\n|t:|1700217464\n|move|p1a: Ribombee|Sticky Web|p2a: Great Tusk\n|-sidestart|p2: bad feeling|move: Sticky Web\n|move|p2a: Great Tusk|Rapid Spin|p1a: Ribombee\n|-damage|p1a: Ribombee|0 fnt\n|-boost|p2a: Great Tusk|spe|1\n|-sideend|p2: bad feeling|Sticky Web|[from] move: Rapid Spin|[of] p2a: Great Tusk\n|faint|p1a: Ribombee\n|\n|upkeep\n|\n|t:|1700217472\n|switch|p1a: Iron Valiant|Iron Valiant|100\/100\n|-damage|p1a: Iron Valiant|94\/100|[from] Stealth Rock\n|-enditem|p1a: Iron Valiant|Booster Energy\n|-activate|p1a: Iron Valiant|ability: Quark Drive|[fromitem]\n|-start|p1a: Iron Valiant|quarkdrivespe\n|turn|17\n|\n|t:|1700217483\n|-end|p2a: Great Tusk|Protosynthesis|[silent]\n|switch|p2a: Fezandipiti|Fezandipiti, M|47\/100\n|move|p1a: Iron Valiant|Moonblast|p2a: Fezandipiti\n|-resisted|p2a: Fezandipiti\n|-damage|p2a: Fezandipiti|35\/100\n|\n|upkeep\n|turn|18\n|\n|t:|1700217492\n|move|p1a: Iron Valiant|Knock Off|p2a: Fezandipiti\n|-resisted|p2a: Fezandipiti\n|-damage|p2a: Fezandipiti|17\/100\n|-enditem|p2a: Fezandipiti|Heavy-Duty Boots|[from] move: Knock Off|[of] p1a: Iron Valiant\n|move|p2a: Fezandipiti|Roost|p2a: Fezandipiti\n|-heal|p2a: Fezandipiti|67\/100\n|-singleturn|p2a: Fezandipiti|move: Roost\n|\n|upkeep\n|turn|19\n|\n|t:|1700217501\n|-end|p1a: Iron Valiant|Quark Drive|[silent]\n|switch|p1a: Gholdengo|Gholdengo|36\/100\n|-damage|p1a: Gholdengo|30\/100|[from] Stealth Rock\n|move|p2a: Fezandipiti|Roost|p2a: Fezandipiti\n|-heal|p2a: Fezandipiti|100\/100\n|-singleturn|p2a: Fezandipiti|move: Roost\n|\n|upkeep\n|turn|20\n|\n|t:|1700217508\n|switch|p2a: Great Tusk|Great Tusk|1\/100\n|move|p1a: Gholdengo|Psyshock|p2a: Great Tusk\n|-supereffective|p2a: Great Tusk\n|-damage|p2a: Great Tusk|0 fnt\n|faint|p2a: Great Tusk\n|-end|p2a: Great Tusk|Protosynthesis|[silent]\n|\n|upkeep\n|\n|t:|1700217527\n|switch|p2a: Ogerpon|Ogerpon-Wellspring, F|100\/100\n|turn|21\n|\n|t:|1700217539\n|switch|p1a: Ogerpon|Ogerpon-Wellspring, F|100\/100\n|-damage|p1a: Ogerpon|88\/100|[from] Stealth Rock\n|move|p2a: Ogerpon|Ivy Cudgel|p1a: Ogerpon|[anim] Ivy Cudgel Water\n|-heal|p1a: Ogerpon|100\/100|[from] ability: Water Absorb|[of] p2a: Ogerpon\n|\n|upkeep\n|turn|22\n|\n|t:|1700217544\n|move|p1a: Ogerpon|Swords Dance|p1a: Ogerpon\n|-boost|p1a: Ogerpon|atk|2\n|move|p2a: Ogerpon|U-turn|p1a: Ogerpon\n|-supereffective|p1a: Ogerpon\n|-damage|p1a: Ogerpon|30\/100\n|\n|t:|1700217550\n|switch|p2a: Dragonite|Dragonite, M|100\/100|[from] U-turn\n|\n|upkeep\n|turn|23\n|\n|t:|1700217558\n|move|p2a: Dragonite|Extreme Speed|p1a: Ogerpon\n|-damage|p1a: Ogerpon|0 fnt\n|faint|p1a: Ogerpon\n|\n|upkeep\n|\n|t:|1700217567\n|switch|p1a: Iron Valiant|Iron Valiant|94\/100\n|-damage|p1a: Iron Valiant|88\/100|[from] Stealth Rock\n|turn|24\n|\n|t:|1700217572\n|switch|p2a: Fezandipiti|Fezandipiti, M|100\/100\n|move|p1a: Iron Valiant|Moonblast|p2a: Fezandipiti\n|-resisted|p2a: Fezandipiti\n|-damage|p2a: Fezandipiti|91\/100\n|\n|upkeep\n|turn|25\n|-message|Telos5742 forfeited.\n|\n|win|bad feeling\n|raw|Telos5742's rating: 1400 &rarr; <strong>1385<\/strong><br \/>(-15 for losing)\n|raw|bad feeling's rating: 1486 &rarr; <strong>1501<\/strong><br \/>(+15 for winning)\n|l|\u2606Telos5742\n","uploadtime":1700217626,"views":11,"p1id":"telos5742","p2id":"badfeeling","formatid":"gen9ou","rating":1385,"private":0,"password":""}