{"id":"gen9ou-1992496378","p1":"Luison","p2":"Friends With Dogs","format":"[Gen 9] OU","log":"|j|\u2606Luison\n|j|\u2606Friends With Dogs\n|t:|1700195048\n|gametype|singles\n|player|p1|Luison|drayden|1569\n|player|p2|Friends With Dogs|170|1501\n|teamsize|p1|6\n|teamsize|p2|6\n|gen|9\n|tier|[Gen 9] OU\n|rated|\n|rule|Sleep Clause Mod: Limit one foe put to sleep\n|rule|Species Clause: Limit one of each Pok\u00e9mon\n|rule|OHKO Clause: OHKO moves are banned\n|rule|Evasion Items Clause: Evasion items are banned\n|rule|Evasion Moves Clause: Evasion moves are banned\n|rule|Endless Battle Clause: Forcing endless battles is banned\n|rule|HP Percentage Mod: HP is shown in percentages\n|clearpoke\n|poke|p1|Tinkaton, F|\n|poke|p1|Great Tusk|\n|poke|p1|Skeledirge, M|\n|poke|p1|Zapdos|\n|poke|p1|Kingambit, F|\n|poke|p1|Greninja-*, M|\n|poke|p2|Arcanine-Hisui, M|\n|poke|p2|Zamazenta-*|\n|poke|p2|Dragapult, M|\n|poke|p2|Empoleon, F|\n|poke|p2|Corviknight, M|\n|poke|p2|Greninja-*, M|\n|teampreview\n|inactive|Battle timer is ON: inactive players will automatically lose when time's up. (requested by Friends With Dogs)\n|\n|t:|1700195064\n|start\n|switch|p1a: Great Tusk|Great Tusk|100\/100\n|switch|p2a: Arcanine|Arcanine-Hisui, M|100\/100\n|turn|1\n|\n|t:|1700195071\n|move|p2a: Arcanine|Flare Blitz|p1a: Great Tusk\n|-damage|p1a: Great Tusk|41\/100\n|move|p1a: Great Tusk|Headlong Rush|p2a: Arcanine\n|-supereffective|p2a: Arcanine\n|-damage|p2a: Arcanine|0 fnt\n|-unboost|p1a: Great Tusk|def|1\n|-unboost|p1a: Great Tusk|spd|1\n|faint|p2a: Arcanine\n|\n|upkeep\n|\n|t:|1700195079\n|switch|p2a: Greninja|Greninja, M|100\/100\n|turn|2\n|\n|t:|1700195088\n|-end|p1a: Great Tusk|Protosynthesis|[silent]\n|switch|p1a: Tinkaton|Tinkaton, F|100\/100\n|-ability|p1a: Tinkaton|Mold Breaker\n|move|p2a: Greninja|Hydro Pump|p1a: Tinkaton\n|-damage|p1a: Tinkaton|55\/100\n|-damage|p2a: Greninja|91\/100|[from] item: Life Orb\n|\n|-heal|p1a: Tinkaton|61\/100|[from] item: Leftovers\n|upkeep\n|turn|3\n|\n|t:|1700195099\n|switch|p2a: Dragapult|Dragapult, M|100\/100\n|move|p1a: Tinkaton|Thunder Wave|p2a: Dragapult\n|-status|p2a: Dragapult|par\n|\n|-heal|p1a: Tinkaton|67\/100|[from] item: Leftovers\n|upkeep\n|turn|4\n|\n|t:|1700195106\n|move|p1a: Tinkaton|Stealth Rock|p2a: Dragapult\n|-sidestart|p2: Friends With Dogs|move: Stealth Rock\n|cant|p2a: Dragapult|par\n|\n|-heal|p1a: Tinkaton|73\/100|[from] item: Leftovers\n|upkeep\n|turn|5\n|\n|t:|1700195109\n|switch|p2a: Corviknight|Corviknight, M|100\/100\n|-damage|p2a: Corviknight|88\/100|[from] Stealth Rock\n|-ability|p2a: Corviknight|Pressure\n|move|p1a: Tinkaton|Knock Off|p2a: Corviknight\n|-damage|p2a: Corviknight|76\/100\n|-damage|p1a: Tinkaton|57\/100|[from] item: Rocky Helmet|[of] p2a: Corviknight\n|-enditem|p2a: Corviknight|Rocky Helmet|[from] move: Knock Off|[of] p1a: Tinkaton\n|\n|-heal|p1a: Tinkaton|63\/100|[from] item: Leftovers\n|upkeep\n|turn|6\n|\n|t:|1700195115\n|move|p1a: Tinkaton|Thunder Wave|p2a: Corviknight|[miss]\n|-miss|p1a: Tinkaton|p2a: Corviknight\n|move|p2a: Corviknight|Defog|p1a: Tinkaton\n|-unboost|p1a: Tinkaton|evasion|1\n|-sideend|p2: Friends With Dogs|Stealth Rock|[from] move: Defog|[of] p2a: Corviknight\n|\n|-heal|p1a: Tinkaton|69\/100|[from] item: Leftovers\n|upkeep\n|turn|7\n|\n|t:|1700195120\n|move|p1a: Tinkaton|Thunder Wave|p2a: Corviknight\n|-status|p2a: Corviknight|par\n|move|p2a: Corviknight|U-turn|p1a: Tinkaton\n|-resisted|p1a: Tinkaton\n|-damage|p1a: Tinkaton|65\/100\n|\n|t:|1700195133\n|switch|p2a: Zamazenta|Zamazenta|100\/100|[from] U-turn\n|-ability|p2a: Zamazenta|Dauntless Shield|boost\n|-boost|p2a: Zamazenta|def|1\n|\n|-heal|p1a: Tinkaton|71\/100|[from] item: Leftovers\n|upkeep\n|turn|8\n|\n|t:|1700195142\n|switch|p1a: Zapdos|Zapdos|100\/100\n|move|p2a: Zamazenta|Body Press|p1a: Zapdos\n|-resisted|p1a: Zapdos\n|-damage|p1a: Zapdos|68\/100\n|\n|upkeep\n|turn|9\n|\n|t:|1700195147\n|switch|p2a: Dragapult|Dragapult, M|100\/100 par\n|move|p1a: Zapdos|Hurricane|p2a: Dragapult|[miss]\n|-miss|p1a: Zapdos|p2a: Dragapult\n|\n|upkeep\n|turn|10\n|\n|t:|1700195150\n|move|p1a: Zapdos|Hurricane|p2a: Dragapult\n|-damage|p2a: Dragapult|19\/100 par\n|move|p2a: Dragapult|Draco Meteor|p1a: Zapdos\n|-damage|p1a: Zapdos|0 fnt\n|-unboost|p2a: Dragapult|spa|2\n|faint|p1a: Zapdos\n|\n|upkeep\n|\n|t:|1700195155\n|switch|p1a: Tinkaton|Tinkaton, F|71\/100\n|-ability|p1a: Tinkaton|Mold Breaker\n|turn|11\n|\n|t:|1700195159\n|switch|p2a: Corviknight|Corviknight, M|76\/100 par\n|-ability|p2a: Corviknight|Pressure\n|move|p1a: Tinkaton|Stealth Rock|p2a: Corviknight\n|-sidestart|p2: Friends With Dogs|move: Stealth Rock\n|\n|-heal|p1a: Tinkaton|77\/100|[from] item: Leftovers\n|upkeep\n|turn|12\n|\n|t:|1700195168\n|switch|p1a: Skeledirge|Skeledirge, M|100\/100\n|cant|p2a: Corviknight|par\n|\n|upkeep\n|turn|13\n|\n|t:|1700195174\n|move|p1a: Skeledirge|Torch Song|p2a: Corviknight\n|-supereffective|p2a: Corviknight\n|-damage|p2a: Corviknight|21\/100 par\n|-boost|p1a: Skeledirge|spa|1\n|move|p2a: Corviknight|Defog|p1a: Skeledirge\n|-unboost|p1a: Skeledirge|evasion|1\n|-sideend|p2: Friends With Dogs|Stealth Rock|[from] move: Defog|[of] p2a: Corviknight\n|\n|upkeep\n|turn|14\n|\n|t:|1700195183\n|switch|p2a: Dragapult|Dragapult, M|19\/100 par\n|move|p1a: Skeledirge|Torch Song|p2a: Dragapult\n|-resisted|p2a: Dragapult\n|-damage|p2a: Dragapult|0 fnt\n|-boost|p1a: Skeledirge|spa|1\n|faint|p2a: Dragapult\n|\n|upkeep\n|\n|t:|1700195188\n|switch|p2a: Greninja|Greninja, M|91\/100\n|turn|15\n|\n|t:|1700195193\n|switch|p1a: Tinkaton|Tinkaton, F|77\/100\n|-ability|p1a: Tinkaton|Mold Breaker\n|move|p2a: Greninja|Dark Pulse|p1a: Tinkaton\n|-resisted|p1a: Tinkaton\n|-damage|p1a: Tinkaton|60\/100\n|-damage|p2a: Greninja|81\/100|[from] item: Life Orb\n|\n|-heal|p1a: Tinkaton|66\/100|[from] item: Leftovers\n|upkeep\n|turn|16\n|\n|t:|1700195197\n|move|p2a: Greninja|Hydro Pump|p1a: Tinkaton\n|-damage|p1a: Tinkaton|22\/100\n|-damage|p2a: Greninja|71\/100|[from] item: Life Orb\n|move|p1a: Tinkaton|Stealth Rock|p2a: Greninja\n|-sidestart|p2: Friends With Dogs|move: Stealth Rock\n|\n|-heal|p1a: Tinkaton|28\/100|[from] item: Leftovers\n|upkeep\n|turn|17\n|\n|t:|1700195200\n|move|p2a: Greninja|Hydro Pump|p1a: Tinkaton\n|-damage|p1a: Tinkaton|0 fnt\n|faint|p1a: Tinkaton\n|-ability|p2a: Greninja|Battle Bond|boost\n|-boost|p2a: Greninja|atk|1\n|-boost|p2a: Greninja|spa|1\n|-boost|p2a: Greninja|spe|1\n|-activate|p2a: Greninja|ability: Battle Bond\n|-damage|p2a: Greninja|61\/100|[from] item: Life Orb\n|\n|upkeep\n|inactive|Luison has 120 seconds left.\n|\n|t:|1700195233\n|switch|p1a: Kingambit|Kingambit, F|100\/100\n|-activate|p1a: Kingambit|ability: Supreme Overlord\n|-start|p1a: Kingambit|fallen2|[silent]\n|turn|18\n|\n|t:|1700195240\n|move|p1a: Kingambit|Sucker Punch|p2a: Greninja\n|-resisted|p2a: Greninja\n|-damage|p2a: Greninja|10\/100\n|move|p2a: Greninja|Hydro Pump|p1a: Kingambit\n|-damage|p1a: Kingambit|8\/100\n|-damage|p2a: Greninja|0 fnt|[from] item: Life Orb\n|faint|p2a: Greninja\n|\n|upkeep\n|\n|t:|1700195247\n|switch|p2a: Zamazenta|Zamazenta|100\/100\n|-damage|p2a: Zamazenta|94\/100|[from] Stealth Rock\n|turn|19\n|\n|t:|1700195251\n|move|p1a: Kingambit|Sucker Punch||[still]\n|-fail|p1a: Kingambit\n|move|p2a: Zamazenta|Iron Defense|p2a: Zamazenta\n|-boost|p2a: Zamazenta|def|2\n|\n|-heal|p2a: Zamazenta|100\/100|[from] item: Leftovers\n|upkeep\n|turn|20\n|\n|t:|1700195254\n|move|p2a: Zamazenta|Crunch|p1a: Kingambit\n|-resisted|p1a: Kingambit\n|-damage|p1a: Kingambit|0 fnt\n|faint|p1a: Kingambit\n|-end|p1a: Kingambit|fallen2|[silent]\n|\n|upkeep\n|\n|t:|1700195256\n|switch|p1a: Great Tusk|Great Tusk|41\/100\n|turn|21\n|\n|t:|1700195260\n|move|p2a: Zamazenta|Body Press|p1a: Great Tusk\n|-crit|p1a: Great Tusk\n|-damage|p1a: Great Tusk|0 fnt\n|faint|p1a: Great Tusk\n|-end|p1a: Great Tusk|Protosynthesis|[silent]\n|\n|upkeep\n|\n|t:|1700195268\n|switch|p1a: Skeledirge|Skeledirge, M|100\/100\n|turn|22\n|\n|t:|1700195271\n|switch|p2a: Empoleon|Empoleon, F|100\/100\n|-damage|p2a: Empoleon|94\/100|[from] Stealth Rock\n|move|p1a: Skeledirge|Will-O-Wisp|p2a: Empoleon\n|-status|p2a: Empoleon|brn\n|\n|-heal|p2a: Empoleon|100\/100 brn|[from] item: Leftovers\n|-damage|p2a: Empoleon|94\/100 brn|[from] brn\n|upkeep\n|turn|23\n|\n|t:|1700195282\n|-terastallize|p1a: Skeledirge|Fairy\n|move|p1a: Skeledirge|Torch Song|p2a: Empoleon\n|-damage|p2a: Empoleon|76\/100 brn\n|-boost|p1a: Skeledirge|spa|1\n|move|p2a: Empoleon|Stealth Rock|p1a: Skeledirge\n|-sidestart|p1: Luison|move: Stealth Rock\n|\n|-heal|p2a: Empoleon|82\/100 brn|[from] item: Leftovers\n|-damage|p2a: Empoleon|76\/100 brn|[from] brn\n|upkeep\n|turn|24\n|\n|t:|1700195293\n|move|p1a: Skeledirge|Torch Song|p2a: Empoleon\n|-damage|p2a: Empoleon|46\/100 brn\n|-boost|p1a: Skeledirge|spa|1\n|move|p2a: Empoleon|Roar|p1a: Skeledirge\n|drag|p1a: Greninja|Greninja, M|100\/100\n|-damage|p1a: Greninja|88\/100|[from] Stealth Rock\n|\n|-heal|p2a: Empoleon|52\/100 brn|[from] item: Leftovers\n|-damage|p2a: Empoleon|46\/100 brn|[from] brn\n|upkeep\n|turn|25\n|\n|t:|1700195303\n|move|p1a: Greninja|Dark Pulse|p2a: Empoleon\n|-damage|p2a: Empoleon|24\/100 brn\n|move|p2a: Empoleon|Roost|p2a: Empoleon\n|-heal|p2a: Empoleon|74\/100 brn\n|-singleturn|p2a: Empoleon|move: Roost\n|\n|-heal|p2a: Empoleon|80\/100 brn|[from] item: Leftovers\n|-damage|p2a: Empoleon|74\/100 brn|[from] brn\n|upkeep\n|turn|26\n|\n|t:|1700195311\n|move|p1a: Greninja|Dark Pulse|p2a: Empoleon\n|-damage|p2a: Empoleon|53\/100 brn\n|move|p2a: Empoleon|Roost|p2a: Empoleon\n|-heal|p2a: Empoleon|100\/100 brn\n|-singleturn|p2a: Empoleon|move: Roost\n|\n|-damage|p2a: Empoleon|94\/100 brn|[from] brn\n|upkeep\n|turn|27\n|\n|t:|1700195324\n|move|p1a: Greninja|Dark Pulse|p2a: Empoleon\n|-damage|p2a: Empoleon|71\/100 brn\n|move|p2a: Empoleon|Surf|p1a: Greninja\n|-resisted|p1a: Greninja\n|-damage|p1a: Greninja|60\/100\n|\n|-heal|p2a: Empoleon|77\/100 brn|[from] item: Leftovers\n|-damage|p2a: Empoleon|71\/100 brn|[from] brn\n|upkeep\n|turn|28\n|\n|t:|1700195332\n|move|p1a: Greninja|Dark Pulse|p2a: Empoleon\n|-damage|p2a: Empoleon|47\/100 brn\n|move|p2a: Empoleon|Surf|p1a: Greninja\n|-resisted|p1a: Greninja\n|-damage|p1a: Greninja|35\/100\n|\n|-heal|p2a: Empoleon|53\/100 brn|[from] item: Leftovers\n|-damage|p2a: Empoleon|47\/100 brn|[from] brn\n|upkeep\n|turn|29\n|\n|t:|1700195342\n|move|p1a: Greninja|Dark Pulse|p2a: Empoleon\n|-crit|p2a: Empoleon\n|-damage|p2a: Empoleon|11\/100 brn\n|cant|p2a: Empoleon|flinch\n|\n|-heal|p2a: Empoleon|17\/100 brn|[from] item: Leftovers\n|-damage|p2a: Empoleon|11\/100 brn|[from] brn\n|upkeep\n|turn|30\n|\n|t:|1700195348\n|move|p1a: Greninja|Dark Pulse|p2a: Empoleon\n|-damage|p2a: Empoleon|0 fnt\n|faint|p2a: Empoleon\n|-ability|p1a: Greninja|Battle Bond|boost\n|-boost|p1a: Greninja|atk|1\n|-boost|p1a: Greninja|spa|1\n|-boost|p1a: Greninja|spe|1\n|-activate|p1a: Greninja|ability: Battle Bond\n|\n|upkeep\n|\n|t:|1700195353\n|switch|p2a: Zamazenta|Zamazenta|100\/100\n|-damage|p2a: Zamazenta|94\/100|[from] Stealth Rock\n|turn|31\n|\n|t:|1700195356\n|move|p1a: Greninja|Hydro Pump|p2a: Zamazenta\n|-damage|p2a: Zamazenta|39\/100\n|move|p2a: Zamazenta|Body Press|p1a: Greninja\n|-supereffective|p1a: Greninja\n|-damage|p1a: Greninja|0 fnt\n|faint|p1a: Greninja\n|\n|-heal|p2a: Zamazenta|46\/100|[from] item: Leftovers\n|upkeep\n|\n|t:|1700195359\n|switch|p1a: Skeledirge|Skeledirge, M, tera:Fairy|100\/100\n|turn|32\n|\n|t:|1700195363\n|move|p2a: Zamazenta|Heavy Slam|p1a: Skeledirge\n|-supereffective|p1a: Skeledirge\n|-damage|p1a: Skeledirge|88\/100\n|move|p1a: Skeledirge|Will-O-Wisp|p2a: Zamazenta\n|-status|p2a: Zamazenta|brn\n|\n|-heal|p2a: Zamazenta|52\/100 brn|[from] item: Leftovers\n|-damage|p2a: Zamazenta|46\/100 brn|[from] brn\n|upkeep\n|turn|33\n|\n|t:|1700195369\n|move|p2a: Zamazenta|Heavy Slam|p1a: Skeledirge\n|-supereffective|p1a: Skeledirge\n|-crit|p1a: Skeledirge\n|-damage|p1a: Skeledirge|78\/100\n|move|p1a: Skeledirge|Torch Song|p2a: Zamazenta\n|-damage|p2a: Zamazenta|23\/100 brn\n|-boost|p1a: Skeledirge|spa|1\n|\n|-heal|p2a: Zamazenta|29\/100 brn|[from] item: Leftovers\n|-damage|p2a: Zamazenta|23\/100 brn|[from] brn\n|upkeep\n|turn|34\n|-message|Friends With Dogs forfeited.\n|\n|win|Luison\n|raw|Luison's rating: 1569 &rarr; <strong>1585<\/strong><br \/>(+16 for winning)\n|raw|Friends With Dogs's rating: 1501 &rarr; <strong>1485<\/strong><br \/>(-16 for losing)\n|l|\u2606Friends With Dogs\n","uploadtime":1700195494,"views":10,"p1id":"luison","p2id":"friendswithdogs","formatid":"gen9ou","rating":1485,"private":0,"password":""}