{"id":"gen9ou-1988356437","p1":"AyushKr_1109","p2":"ooj2","format":"[Gen 9] OU","log":"|j|\u2606AyushKr_1109\n|j|\u2606ooj2\n|t:|1699713293\n|gametype|singles\n|player|p1|AyushKr_1109|florian-bb|1461\n|player|p2|ooj2|psychicf-gen4|1430\n|teamsize|p1|6\n|teamsize|p2|6\n|gen|9\n|tier|[Gen 9] OU\n|rated|\n|rule|Sleep Clause Mod: Limit one foe put to sleep\n|rule|Species Clause: Limit one of each Pok\u00e9mon\n|rule|OHKO Clause: OHKO moves are banned\n|rule|Evasion Items Clause: Evasion items are banned\n|rule|Evasion Moves Clause: Evasion moves are banned\n|rule|Endless Battle Clause: Forcing endless battles is banned\n|rule|HP Percentage Mod: HP is shown in percentages\n|clearpoke\n|poke|p1|Gliscor, F|\n|poke|p1|Ogerpon-Wellspring, F|\n|poke|p1|Rillaboom, F|\n|poke|p1|Sneasler, F|\n|poke|p1|Cinderace, F|\n|poke|p1|Garganacl, F|\n|poke|p2|Rillaboom, M|\n|poke|p2|Sneasler, F|\n|poke|p2|Manaphy|\n|poke|p2|Iron Valiant|\n|poke|p2|Cinderace, F|\n|poke|p2|Corviknight, F|\n|teampreview\n|\n|t:|1699713323\n|start\n|switch|p1a: Garganacl|Garganacl, F, shiny|100\/100\n|switch|p2a: F\u00fcta Fighter|Iron Valiant|100\/100\n|-enditem|p2a: F\u00fcta Fighter|Booster Energy\n|-activate|p2a: F\u00fcta Fighter|ability: Quark Drive|[fromitem]\n|-start|p2a: F\u00fcta Fighter|quarkdrivespe\n|turn|1\n|\n|t:|1699713330\n|move|p2a: F\u00fcta Fighter|Calm Mind|p2a: F\u00fcta Fighter\n|-boost|p2a: F\u00fcta Fighter|spa|1\n|-boost|p2a: F\u00fcta Fighter|spd|1\n|move|p1a: Garganacl|Salt Cure|p2a: F\u00fcta Fighter\n|-resisted|p2a: F\u00fcta Fighter\n|-damage|p2a: F\u00fcta Fighter|92\/100\n|-start|p2a: F\u00fcta Fighter|Salt Cure\n|\n|-damage|p2a: F\u00fcta Fighter|79\/100|[from] Salt Cure\n|upkeep\n|turn|2\n|\n|t:|1699713336\n|switch|p1a: Cinderace|Cinderace, F, shiny|100\/100\n|move|p2a: F\u00fcta Fighter|Aura Sphere|p1a: Cinderace\n|-damage|p1a: Cinderace|32\/100\n|\n|-damage|p2a: F\u00fcta Fighter|67\/100|[from] Salt Cure\n|upkeep\n|turn|3\n|\n|t:|1699713339\n|move|p2a: F\u00fcta Fighter|Aura Sphere|p1a: Cinderace\n|-damage|p1a: Cinderace|0 fnt\n|faint|p1a: Cinderace\n|\n|-damage|p2a: F\u00fcta Fighter|54\/100|[from] Salt Cure\n|upkeep\n|\n|t:|1699713341\n|switch|p1a: Rillaboom|Rillaboom, F, shiny|100\/100\n|-fieldstart|move: Grassy Terrain|[from] ability: Grassy Surge|[of] p1a: Rillaboom\n|turn|4\n|\n|t:|1699713347\n|-end|p2a: F\u00fcta Fighter|Quark Drive|[silent]\n|switch|p2a: Taxi Driver|Corviknight, F|100\/100\n|-ability|p2a: Taxi Driver|Pressure\n|move|p1a: Rillaboom|U-turn|p2a: Taxi Driver\n|-resisted|p2a: Taxi Driver\n|-damage|p2a: Taxi Driver|96\/100\n|-damage|p1a: Rillaboom|84\/100|[from] item: Rocky Helmet|[of] p2a: Taxi Driver\n|\n|t:|1699713356\n|switch|p1a: Garganacl|Garganacl, F, shiny|100\/100|[from] U-turn\n|\n|upkeep\n|turn|5\n|\n|t:|1699713362\n|move|p2a: Taxi Driver|U-turn|p1a: Garganacl\n|-damage|p1a: Garganacl|93\/100\n|\n|t:|1699713363\n|switch|p2a: Mr. Bombastic|Rillaboom, M|100\/100|[from] U-turn\n|move|p1a: Garganacl|Salt Cure|p2a: Mr. Bombastic\n|-damage|p2a: Mr. Bombastic|84\/100\n|-start|p2a: Mr. Bombastic|Salt Cure\n|\n|-heal|p2a: Mr. Bombastic|91\/100|[from] Grassy Terrain\n|-heal|p1a: Garganacl|99\/100|[from] Grassy Terrain\n|-heal|p1a: Garganacl|100\/100|[from] item: Leftovers\n|-damage|p2a: Mr. Bombastic|78\/100|[from] Salt Cure\n|upkeep\n|turn|6\n|\n|t:|1699713369\n|move|p2a: Mr. Bombastic|Knock Off|p1a: Garganacl\n|-damage|p1a: Garganacl|82\/100\n|-enditem|p1a: Garganacl|Leftovers|[from] move: Knock Off|[of] p2a: Mr. Bombastic\n|move|p1a: Garganacl|Iron Defense|p1a: Garganacl\n|-boost|p1a: Garganacl|def|2\n|\n|-heal|p2a: Mr. Bombastic|84\/100|[from] Grassy Terrain\n|-heal|p1a: Garganacl|89\/100|[from] Grassy Terrain\n|-damage|p2a: Mr. Bombastic|72\/100|[from] Salt Cure\n|upkeep\n|turn|7\n|\n|t:|1699713378\n|switch|p2a: F\u00fcta Fighter|Iron Valiant|54\/100\n|move|p1a: Garganacl|Recover|p1a: Garganacl\n|-heal|p1a: Garganacl|100\/100\n|\n|-heal|p2a: F\u00fcta Fighter|61\/100|[from] Grassy Terrain\n|upkeep\n|turn|8\n|\n|t:|1699713381\n|move|p2a: F\u00fcta Fighter|Encore|p1a: Garganacl\n|-start|p1a: Garganacl|Encore\n|move|p1a: Garganacl|Recover||[still]\n|-fail|p1a: Garganacl|heal\n|\n|-heal|p2a: F\u00fcta Fighter|67\/100|[from] Grassy Terrain\n|upkeep\n|turn|9\n|\n|t:|1699713394\n|switch|p1a: Sneasler|Sneasler, F, shiny|100\/100\n|-enditem|p1a: Sneasler|Grassy Seed\n|-boost|p1a: Sneasler|def|1|[from] item: Grassy Seed\n|move|p2a: F\u00fcta Fighter|Calm Mind|p2a: F\u00fcta Fighter\n|-boost|p2a: F\u00fcta Fighter|spa|1\n|-boost|p2a: F\u00fcta Fighter|spd|1\n|\n|-heal|p2a: F\u00fcta Fighter|73\/100|[from] Grassy Terrain\n|upkeep\n|turn|10\n|\n|t:|1699713398\n|move|p1a: Sneasler|Dire Claw|p2a: F\u00fcta Fighter\n|-supereffective|p2a: F\u00fcta Fighter\n|-damage|p2a: F\u00fcta Fighter|0 fnt\n|faint|p2a: F\u00fcta Fighter\n|-end|p2a: F\u00fcta Fighter|Quark Drive|[silent]\n|\n|upkeep\n|\n|t:|1699713404\n|switch|p2a: Taxi Driver|Corviknight, F|96\/100\n|-ability|p2a: Taxi Driver|Pressure\n|turn|11\n|\n|t:|1699713408\n|-terastallize|p1a: Sneasler|Ghost\n|move|p1a: Sneasler|Swords Dance|p1a: Sneasler\n|-boost|p1a: Sneasler|atk|2\n|move|p2a: Taxi Driver|Brave Bird|p1a: Sneasler\n|-damage|p1a: Sneasler|58\/100\n|-damage|p2a: Taxi Driver|85\/100|[from] Recoil\n|\n|-heal|p1a: Sneasler|64\/100|[from] Grassy Terrain\n|-fieldend|move: Grassy Terrain\n|upkeep\n|turn|12\n|\n|t:|1699713438\n|move|p1a: Sneasler|Close Combat|p2a: Taxi Driver\n|-damage|p2a: Taxi Driver|0 fnt\n|-unboost|p1a: Sneasler|def|1\n|-unboost|p1a: Sneasler|spd|1\n|-damage|p1a: Sneasler|47\/100|[from] item: Rocky Helmet|[of] p2a: Taxi Driver\n|faint|p2a: Taxi Driver\n|\n|upkeep\n|\n|t:|1699713444\n|switch|p2a: Mr. Bombastic|Rillaboom, M|72\/100\n|-fieldstart|move: Grassy Terrain|[from] ability: Grassy Surge|[of] p2a: Mr. Bombastic\n|turn|13\n|\n|t:|1699713458\n|move|p2a: Mr. Bombastic|Grassy Glide|p1a: Sneasler\n|-damage|p1a: Sneasler|0 fnt\n|faint|p1a: Sneasler\n|\n|-heal|p2a: Mr. Bombastic|78\/100|[from] Grassy Terrain\n|upkeep\n|\n|t:|1699713464\n|switch|p1a: Gliscor|Gliscor, F, shiny|100\/100\n|turn|14\n|\n|t:|1699713516\n|switch|p2a: Se\u00f1or Goalpost|Cinderace, F|100\/100\n|move|p1a: Gliscor|Toxic|p2a: Se\u00f1or Goalpost\n|-status|p2a: Se\u00f1or Goalpost|tox\n|\n|-damage|p2a: Se\u00f1or Goalpost|95\/100 tox|[from] psn\n|-status|p1a: Gliscor|tox|[from] item: Toxic Orb\n|upkeep\n|turn|15\n|\n|t:|1699713526\n|move|p2a: Se\u00f1or Goalpost|U-turn|p1a: Gliscor\n|-start|p2a: Se\u00f1or Goalpost|typechange|Bug|[from] ability: Libero\n|-resisted|p1a: Gliscor\n|-damage|p1a: Gliscor|90\/100 tox\n|\n|t:|1699713529\n|switch|p2a: Glup Shiddo|Manaphy|100\/100|[from] U-turn\n|move|p1a: Gliscor|Earthquake|p2a: Glup Shiddo\n|-damage|p2a: Glup Shiddo|89\/100\n|\n|-heal|p2a: Glup Shiddo|95\/100|[from] Grassy Terrain\n|-heal|p2a: Glup Shiddo|100\/100|[from] item: Leftovers\n|-heal|p1a: Gliscor|100\/100 tox|[from] ability: Poison Heal\n|upkeep\n|turn|16\n|\n|t:|1699713537\n|move|p2a: Glup Shiddo|Acid Armor|p2a: Glup Shiddo\n|-boost|p2a: Glup Shiddo|def|2\n|move|p1a: Gliscor|Toxic|p2a: Glup Shiddo\n|-status|p2a: Glup Shiddo|tox\n|\n|-damage|p2a: Glup Shiddo|94\/100 tox|[from] psn\n|upkeep\n|turn|17\n|\n|t:|1699713541\n|switch|p1a: Ogerpon|Ogerpon-Wellspring, F|100\/100\n|move|p2a: Glup Shiddo|Take Heart|p2a: Glup Shiddo\n|-boost|p2a: Glup Shiddo|spa|1\n|-boost|p2a: Glup Shiddo|spd|1\n|-curestatus|p2a: Glup Shiddo|tox|[msg]\n|\n|-heal|p2a: Glup Shiddo|100\/100|[from] Grassy Terrain\n|-fieldend|move: Grassy Terrain\n|upkeep\n|turn|18\n|\n|t:|1699713566\n|move|p1a: Ogerpon|Swords Dance|p1a: Ogerpon\n|-boost|p1a: Ogerpon|atk|2\n|move|p2a: Glup Shiddo|Stored Power|p1a: Ogerpon\n|-damage|p1a: Ogerpon|58\/100\n|\n|upkeep\n|turn|19\n|\n|t:|1699713571\n|-terastallize|p2a: Glup Shiddo|Dragon\n|move|p1a: Ogerpon|Horn Leech|p2a: Glup Shiddo\n|-resisted|p2a: Glup Shiddo\n|-damage|p2a: Glup Shiddo|86\/100\n|-heal|p1a: Ogerpon|68\/100|[from] drain|[of] p2a: Glup Shiddo\n|move|p2a: Glup Shiddo|Acid Armor|p2a: Glup Shiddo\n|-boost|p2a: Glup Shiddo|def|2\n|\n|-heal|p2a: Glup Shiddo|92\/100|[from] item: Leftovers\n|upkeep\n|turn|20\n|\n|t:|1699713575\n|move|p1a: Ogerpon|Ivy Cudgel|p2a: Glup Shiddo\n|-resisted|p2a: Glup Shiddo\n|-damage|p2a: Glup Shiddo|78\/100\n|move|p2a: Glup Shiddo|Stored Power|p1a: Ogerpon\n|-damage|p1a: Ogerpon|12\/100\n|\n|-heal|p2a: Glup Shiddo|84\/100|[from] item: Leftovers\n|upkeep\n|turn|21\n|\n|t:|1699713578\n|move|p1a: Ogerpon|Ivy Cudgel|p2a: Glup Shiddo\n|-resisted|p2a: Glup Shiddo\n|-damage|p2a: Glup Shiddo|71\/100\n|move|p2a: Glup Shiddo|Stored Power|p1a: Ogerpon\n|-damage|p1a: Ogerpon|0 fnt\n|faint|p1a: Ogerpon\n|\n|-heal|p2a: Glup Shiddo|77\/100|[from] item: Leftovers\n|upkeep\n|\n|t:|1699713580\n|switch|p1a: Garganacl|Garganacl, F, shiny|100\/100\n|turn|22\n|\n|t:|1699713586\n|move|p2a: Glup Shiddo|Scald|p1a: Garganacl\n|-supereffective|p1a: Garganacl\n|-damage|p1a: Garganacl|26\/100\n|move|p1a: Garganacl|Salt Cure|p2a: Glup Shiddo\n|-damage|p2a: Glup Shiddo|74\/100\n|-start|p2a: Glup Shiddo|Salt Cure\n|\n|-heal|p2a: Glup Shiddo|80\/100|[from] item: Leftovers\n|-damage|p2a: Glup Shiddo|68\/100|[from] Salt Cure\n|upkeep\n|turn|23\n|\n|t:|1699713592\n|move|p2a: Glup Shiddo|Stored Power|p1a: Garganacl\n|-damage|p1a: Garganacl|0 fnt\n|faint|p1a: Garganacl\n|\n|-heal|p2a: Glup Shiddo|74\/100|[from] item: Leftovers\n|-damage|p2a: Glup Shiddo|62\/100|[from] Salt Cure\n|upkeep\n|\n|t:|1699713595\n|switch|p1a: Gliscor|Gliscor, F, shiny|100\/100 tox\n|turn|24\n|\n|t:|1699713600\n|move|p1a: Gliscor|Protect|p1a: Gliscor\n|-singleturn|p1a: Gliscor|Protect\n|move|p2a: Glup Shiddo|Scald|p1a: Gliscor\n|-activate|p1a: Gliscor|move: Protect\n|\n|-heal|p2a: Glup Shiddo|68\/100|[from] item: Leftovers\n|-damage|p2a: Glup Shiddo|56\/100|[from] Salt Cure\n|upkeep\n|turn|25\n|\n|t:|1699713603\n|move|p2a: Glup Shiddo|Stored Power|p1a: Gliscor\n|-damage|p1a: Gliscor|43\/100 tox\n|move|p1a: Gliscor|Toxic|p2a: Glup Shiddo\n|-status|p2a: Glup Shiddo|tox\n|\n|-heal|p2a: Glup Shiddo|62\/100 tox|[from] item: Leftovers\n|-damage|p2a: Glup Shiddo|56\/100 tox|[from] psn\n|-heal|p1a: Gliscor|55\/100 tox|[from] ability: Poison Heal\n|-damage|p2a: Glup Shiddo|43\/100 tox|[from] Salt Cure\n|upkeep\n|turn|26\n|\n|t:|1699713607\n|move|p1a: Gliscor|Protect|p1a: Gliscor\n|-singleturn|p1a: Gliscor|Protect\n|move|p2a: Glup Shiddo|Take Heart|p2a: Glup Shiddo\n|-boost|p2a: Glup Shiddo|spa|1\n|-boost|p2a: Glup Shiddo|spd|1\n|-curestatus|p2a: Glup Shiddo|tox|[msg]\n|\n|-heal|p2a: Glup Shiddo|50\/100|[from] item: Leftovers\n|-heal|p1a: Gliscor|68\/100 tox|[from] ability: Poison Heal\n|-damage|p2a: Glup Shiddo|37\/100|[from] Salt Cure\n|upkeep\n|turn|27\n|\n|t:|1699713613\n|move|p2a: Glup Shiddo|Scald|p1a: Gliscor\n|-supereffective|p1a: Gliscor\n|-damage|p1a: Gliscor|0 fnt\n|faint|p1a: Gliscor\n|\n|-heal|p2a: Glup Shiddo|43\/100|[from] item: Leftovers\n|-damage|p2a: Glup Shiddo|31\/100|[from] Salt Cure\n|upkeep\n|\n|t:|1699713615\n|switch|p1a: Rillaboom|Rillaboom, F, shiny|84\/100\n|-fieldstart|move: Grassy Terrain|[from] ability: Grassy Surge|[of] p1a: Rillaboom\n|turn|28\n|\n|t:|1699713617\n|move|p1a: Rillaboom|Grassy Glide|p2a: Glup Shiddo\n|-resisted|p2a: Glup Shiddo\n|-damage|p2a: Glup Shiddo|27\/100\n|move|p2a: Glup Shiddo|Stored Power|p1a: Rillaboom\n|-damage|p1a: Rillaboom|0 fnt\n|faint|p1a: Rillaboom\n|\n|win|ooj2\n|raw|AyushKr_1109's rating: 1461 &rarr; <strong>1439<\/strong><br \/>(-22 for losing)\n|raw|ooj2's rating: 1430 &rarr; <strong>1452<\/strong><br \/>(+22 for winning)\n|l|\u2606AyushKr_1109\n","uploadtime":1699713628,"views":33,"p1id":"ayushkr1109","p2id":"ooj2","formatid":"gen9ou","rating":1439,"private":0,"password":""}