{"id":"gen9ou-1994885715","p1":"Xavod","p2":"The Real Life G","format":"[Gen 9] OU","log":"|j|\u2606Xavod\n|j|\u2606The Real Life G\n|t:|1700501676\n|gametype|singles\n|player|p1|Xavod|palmer|1448\n|player|p2|The Real Life G|hilbert|1351\n|teamsize|p1|6\n|teamsize|p2|6\n|gen|9\n|tier|[Gen 9] OU\n|rated|\n|rule|Sleep Clause Mod: Limit one foe put to sleep\n|rule|Species Clause: Limit one of each Pok\u00e9mon\n|rule|OHKO Clause: OHKO moves are banned\n|rule|Evasion Items Clause: Evasion items are banned\n|rule|Evasion Moves Clause: Evasion moves are banned\n|rule|Endless Battle Clause: Forcing endless battles is banned\n|rule|HP Percentage Mod: HP is shown in percentages\n|clearpoke\n|poke|p1|Chesnaught, F|\n|poke|p1|Corviknight, M|\n|poke|p1|Clodsire, M|\n|poke|p1|Skeledirge, M|\n|poke|p1|Kingambit, F|\n|poke|p1|Rotom-Wash|\n|poke|p2|Great Tusk|\n|poke|p2|Zapdos|\n|poke|p2|Toxapex, M|\n|poke|p2|Cinderace, M|\n|poke|p2|Kingambit, F|\n|poke|p2|Hatterene, F|\n|teampreview\n|inactive|Battle timer is ON: inactive players will automatically lose when time's up. (requested by Xavod)\n|\n|t:|1700501684\n|start\n|switch|p1a: Skeledirge|Skeledirge, M|100\/100\n|switch|p2a: Cinderace|Cinderace, M|100\/100\n|turn|1\n|\n|t:|1700501694\n|move|p2a: Cinderace|Sucker Punch|p1a: Skeledirge\n|-start|p2a: Cinderace|typechange|Dark|[from] ability: Libero\n|-supereffective|p1a: Skeledirge\n|-damage|p1a: Skeledirge|44\/100\n|move|p1a: Skeledirge|Torch Song|p2a: Cinderace\n|-damage|p2a: Cinderace|39\/100\n|-boost|p1a: Skeledirge|spa|1\n|\n|upkeep\n|turn|2\n|\n|t:|1700501713\n|move|p2a: Cinderace|U-turn|p1a: Skeledirge\n|-resisted|p1a: Skeledirge\n|-damage|p1a: Skeledirge|39\/100\n|\n|t:|1700501717\n|switch|p2a: Gillman|Toxapex, M|100\/100|[from] U-turn\n|move|p1a: Skeledirge|Slack Off|p1a: Skeledirge\n|-heal|p1a: Skeledirge|90\/100\n|\n|upkeep\n|turn|3\n|\n|t:|1700501730\n|move|p1a: Skeledirge|Earth Power|p2a: Gillman\n|-supereffective|p2a: Gillman\n|-damage|p2a: Gillman|45\/100\n|move|p2a: Gillman|Acid Spray|p1a: Skeledirge\n|-resisted|p1a: Skeledirge\n|-damage|p1a: Skeledirge|83\/100\n|-unboost|p1a: Skeledirge|spd|2\n|\n|upkeep\n|turn|4\n|\n|t:|1700501745\n|switch|p1a: Clodsire|Clodsire, M|100\/100\n|switch|p2a: Stun|Zapdos|100\/100\n|\n|upkeep\n|turn|5\n|\n|t:|1700501755\n|switch|p2a: Phoole|Hatterene, F|100\/100\n|move|p1a: Clodsire|Earth Power|p2a: Phoole\n|-damage|p2a: Phoole|83\/100\n|-enditem|p2a: Phoole|Eject Button\n|\n|t:|1700501761\n|switch|p2a: Tusker|Great Tusk|100\/100\n|-enditem|p2a: Tusker|Booster Energy\n|-activate|p2a: Tusker|ability: Protosynthesis|[fromitem]\n|-start|p2a: Tusker|protosynthesisspe\n|\n|upkeep\n|turn|6\n|\n|t:|1700501766\n|switch|p1a: Corviknight|Corviknight, M|100\/100\n|move|p2a: Tusker|Bulk Up|p2a: Tusker\n|-boost|p2a: Tusker|atk|1\n|-boost|p2a: Tusker|def|1\n|\n|upkeep\n|turn|7\n|\n|t:|1700501775\n|-end|p2a: Tusker|Protosynthesis|[silent]\n|switch|p2a: Stun|Zapdos|100\/100\n|move|p1a: Corviknight|Brave Bird|p2a: Stun\n|-resisted|p2a: Stun\n|-damage|p2a: Stun|76\/100\n|-damage|p1a: Corviknight|94\/100|[from] Recoil\n|\n|upkeep\n|turn|8\n|\n|t:|1700501779\n|switch|p1a: Clodsire|Clodsire, M|100\/100\n|move|p2a: Stun|Hurricane|p1a: Clodsire\n|-damage|p1a: Clodsire|71\/100\n|\n|-heal|p1a: Clodsire|77\/100|[from] item: Black Sludge\n|upkeep\n|turn|9\n|\n|t:|1700501785\n|switch|p2a: Tusker|Great Tusk|100\/100\n|move|p1a: Clodsire|Toxic|p2a: Tusker\n|-status|p2a: Tusker|tox\n|\n|-heal|p1a: Clodsire|83\/100|[from] item: Black Sludge\n|-damage|p2a: Tusker|94\/100 tox|[from] psn\n|upkeep\n|turn|10\n|\n|t:|1700501792\n|switch|p1a: Corviknight|Corviknight, M|94\/100\n|move|p2a: Tusker|Bulk Up|p2a: Tusker\n|-boost|p2a: Tusker|atk|1\n|-boost|p2a: Tusker|def|1\n|\n|-damage|p2a: Tusker|82\/100 tox|[from] psn\n|upkeep\n|turn|11\n|\n|t:|1700501796\n|move|p2a: Tusker|Bulk Up|p2a: Tusker\n|-boost|p2a: Tusker|atk|1\n|-boost|p2a: Tusker|def|1\n|move|p1a: Corviknight|Brave Bird|p2a: Tusker\n|-supereffective|p2a: Tusker\n|-damage|p2a: Tusker|56\/100 tox\n|-damage|p1a: Corviknight|84\/100|[from] Recoil\n|\n|-damage|p2a: Tusker|38\/100 tox|[from] psn\n|upkeep\n|turn|12\n|\n|t:|1700501799\n|move|p2a: Tusker|Close Combat|p1a: Corviknight\n|-damage|p1a: Corviknight|21\/100\n|-unboost|p2a: Tusker|def|1\n|-unboost|p2a: Tusker|spd|1\n|-damage|p2a: Tusker|21\/100 tox|[from] item: Rocky Helmet|[of] p1a: Corviknight\n|move|p1a: Corviknight|Roost|p1a: Corviknight\n|-heal|p1a: Corviknight|71\/100\n|-singleturn|p1a: Corviknight|move: Roost\n|\n|-damage|p2a: Tusker|0 fnt|[from] psn\n|faint|p2a: Tusker\n|-end|p2a: Tusker|Protosynthesis|[silent]\n|upkeep\n|\n|t:|1700501804\n|switch|p2a: Stun|Zapdos|76\/100\n|turn|13\n|\n|t:|1700501809\n|switch|p1a: Clodsire|Clodsire, M|83\/100\n|move|p2a: Stun|Thunderbolt|p1a: Clodsire\n|-immune|p1a: Clodsire\n|\n|-heal|p1a: Clodsire|89\/100|[from] item: Black Sludge\n|upkeep\n|turn|14\n|\n|t:|1700501813\n|switch|p2a: Phoole|Hatterene, F|83\/100\n|move|p1a: Clodsire|Earth Power|p2a: Phoole\n|-damage|p2a: Phoole|65\/100\n|-unboost|p2a: Phoole|spd|1\n|\n|-heal|p1a: Clodsire|95\/100|[from] item: Black Sludge\n|upkeep\n|turn|15\n|\n|t:|1700501822\n|switch|p1a: Kingambit|Kingambit, F|100\/100\n|move|p2a: Phoole|Nuzzle|p1a: Kingambit\n|-damage|p1a: Kingambit|97\/100\n|-status|p1a: Kingambit|par\n|\n|upkeep\n|turn|16\n|\n|t:|1700501834\n|move|p2a: Phoole|Healing Wish|p2a: Phoole\n|faint|p2a: Phoole\n|move|p1a: Kingambit|Kowtow Cleave|p2: Phoole|[notarget]\n|-fail|p1a: Kingambit\n|\n|upkeep\n|\n|t:|1700501837\n|switch|p2a: Cinderace|Cinderace, M|39\/100\n|-heal|p2a: Cinderace|100\/100|[from] move: Healing Wish\n|turn|17\n|\n|t:|1700501843\n|-end|p1a: Kingambit|fallenundefined|[silent]\n|switch|p1a: Skeledirge|Skeledirge, M|83\/100\n|move|p2a: Cinderace|Pyro Ball|p1a: Skeledirge|[miss]\n|-miss|p2a: Cinderace|p1a: Skeledirge\n|\n|upkeep\n|turn|18\n|\n|t:|1700501860\n|switch|p1a: Chesnaught|Chesnaught, F|100\/100\n|move|p2a: Cinderace|Sucker Punch||[still]\n|-fail|p2a: Cinderace\n|\n|upkeep\n|turn|19\n|\n|t:|1700501874\n|move|p2a: Cinderace|U-turn|p1a: Chesnaught\n|-start|p2a: Cinderace|typechange|Bug|[from] ability: Libero\n|-damage|p1a: Chesnaught|77\/100\n|\n|t:|1700501879\n|switch|p2a: Stun|Zapdos|76\/100|[from] U-turn\n|move|p1a: Chesnaught|Drain Punch|p2a: Stun\n|-resisted|p2a: Stun\n|-damage|p2a: Stun|53\/100\n|-heal|p1a: Chesnaught|89\/100|[from] drain|[of] p2a: Stun\n|\n|-heal|p1a: Chesnaught|95\/100|[from] item: Leftovers\n|upkeep\n|turn|20\n|\n|t:|1700501885\n|switch|p1a: Clodsire|Clodsire, M|95\/100\n|move|p2a: Stun|Hurricane|p1a: Clodsire\n|-damage|p1a: Clodsire|66\/100\n|-start|p1a: Clodsire|confusion\n|\n|-heal|p1a: Clodsire|72\/100|[from] item: Black Sludge\n|upkeep\n|turn|21\n|\n|t:|1700501893\n|switch|p2a: Bo|Kingambit, F|100\/100\n|-activate|p2a: Bo|ability: Supreme Overlord\n|-start|p2a: Bo|fallen2|[silent]\n|-activate|p1a: Clodsire|confusion\n|-damage|p1a: Clodsire|66\/100|[from] confusion\n|\n|-heal|p1a: Clodsire|72\/100|[from] item: Black Sludge\n|upkeep\n|turn|22\n|\n|t:|1700501900\n|-end|p2a: Bo|fallen2|[silent]\n|switch|p2a: Stun|Zapdos|53\/100\n|switch|p1a: Corviknight|Corviknight, M|71\/100\n|\n|upkeep\n|turn|23\n|\n|t:|1700501904\n|switch|p1a: Clodsire|Clodsire, M|72\/100\n|move|p2a: Stun|Volt Switch|p1a: Clodsire\n|-immune|p1a: Clodsire\n|\n|-heal|p1a: Clodsire|78\/100|[from] item: Black Sludge\n|upkeep\n|turn|24\n|\n|t:|1700501910\n|move|p2a: Stun|Roost|p2a: Stun\n|-heal|p2a: Stun|100\/100\n|-singleturn|p2a: Stun|move: Roost\n|move|p1a: Clodsire|Earth Power|p2a: Stun\n|-supereffective|p2a: Stun\n|-damage|p2a: Stun|59\/100\n|\n|-heal|p1a: Clodsire|84\/100|[from] item: Black Sludge\n|upkeep\n|turn|25\n|\n|t:|1700501923\n|move|p2a: Stun|Roost|p2a: Stun\n|-heal|p2a: Stun|100\/100\n|-singleturn|p2a: Stun|move: Roost\n|move|p1a: Clodsire|Earth Power|p2a: Stun\n|-supereffective|p2a: Stun\n|-damage|p2a: Stun|59\/100\n|\n|-heal|p1a: Clodsire|90\/100|[from] item: Black Sludge\n|upkeep\n|turn|26\n|\n|t:|1700501937\n|move|p2a: Stun|Hurricane|p1a: Clodsire\n|-damage|p1a: Clodsire|61\/100\n|-start|p1a: Clodsire|confusion\n|-activate|p1a: Clodsire|confusion\n|-damage|p1a: Clodsire|54\/100|[from] confusion\n|\n|-heal|p1a: Clodsire|60\/100|[from] item: Black Sludge\n|upkeep\n|turn|27\n|\n|t:|1700501949\n|switch|p2a: Bo|Kingambit, F|100\/100\n|-activate|p2a: Bo|ability: Supreme Overlord\n|-start|p2a: Bo|fallen2|[silent]\n|-end|p1a: Clodsire|confusion\n|move|p1a: Clodsire|Recover|p1a: Clodsire\n|-heal|p1a: Clodsire|100\/100\n|\n|upkeep\n|turn|28\n|\n|t:|1700501956\n|switch|p1a: Corviknight|Corviknight, M|71\/100\n|-terastallize|p2a: Bo|Flying\n|move|p2a: Bo|Swords Dance|p2a: Bo\n|-boost|p2a: Bo|atk|2\n|\n|upkeep\n|turn|29\n|\n|t:|1700501975\n|move|p2a: Bo|Swords Dance|p2a: Bo\n|-boost|p2a: Bo|atk|2\n|move|p1a: Corviknight|Brave Bird|p2a: Bo\n|-damage|p2a: Bo|69\/100\n|-damage|p1a: Corviknight|61\/100|[from] Recoil\n|\n|upkeep\n|turn|30\n|\n|t:|1700501980\n|move|p2a: Bo|Kowtow Cleave|p1a: Corviknight\n|-damage|p1a: Corviknight|0 fnt\n|-damage|p2a: Bo|52\/100|[from] item: Rocky Helmet|[of] p1a: Corviknight\n|faint|p1a: Corviknight\n|\n|upkeep\n|\n|t:|1700501996\n|switch|p1a: Kingambit|Kingambit, F|97\/100 par\n|-activate|p1a: Kingambit|ability: Supreme Overlord\n|-start|p1a: Kingambit|fallen1|[silent]\n|turn|31\n|\n|t:|1700502002\n|move|p2a: Bo|Kowtow Cleave|p1a: Kingambit\n|-resisted|p1a: Kingambit\n|-damage|p1a: Kingambit|26\/100 par\n|move|p1a: Kingambit|Kowtow Cleave|p2a: Bo\n|-damage|p2a: Bo|8\/100\n|\n|upkeep\n|turn|32\n|\n|t:|1700502008\n|move|p2a: Bo|Sucker Punch|p1a: Kingambit\n|-resisted|p1a: Kingambit\n|-damage|p1a: Kingambit|0 fnt\n|faint|p1a: Kingambit\n|-end|p1a: Kingambit|fallen1|[silent]\n|\n|upkeep\n|\n|t:|1700502012\n|switch|p1a: Skeledirge|Skeledirge, M|83\/100\n|turn|33\n|\n|t:|1700502016\n|-terastallize|p1a: Skeledirge|Ground\n|move|p2a: Bo|Sucker Punch|p1a: Skeledirge\n|-damage|p1a: Skeledirge|43\/100\n|move|p1a: Skeledirge|Torch Song|p2a: Bo\n|-damage|p2a: Bo|0 fnt\n|-boost|p1a: Skeledirge|spa|1\n|faint|p2a: Bo\n|-end|p2a: Bo|fallen2|[silent]\n|\n|upkeep\n|\n|t:|1700502024\n|switch|p2a: Gillman|Toxapex, M|78\/100\n|turn|34\n|\n|t:|1700502029\n|switch|p2a: Stun|Zapdos|59\/100\n|move|p1a: Skeledirge|Slack Off|p1a: Skeledirge\n|-heal|p1a: Skeledirge|93\/100\n|\n|upkeep\n|turn|35\n|\n|t:|1700502032\n|move|p2a: Stun|Hurricane|p1a: Skeledirge\n|-damage|p1a: Skeledirge|35\/100\n|-start|p1a: Skeledirge|confusion\n|-activate|p1a: Skeledirge|confusion\n|-damage|p1a: Skeledirge|30\/100|[from] confusion\n|\n|upkeep\n|turn|36\n|\n|t:|1700502038\n|switch|p1a: Clodsire|Clodsire, M|100\/100\n|move|p2a: Stun|Hurricane|p1a: Clodsire\n|-damage|p1a: Clodsire|70\/100\n|\n|-heal|p1a: Clodsire|76\/100|[from] item: Black Sludge\n|upkeep\n|turn|37\n|\n|t:|1700502051\n|switch|p2a: Gillman|Toxapex, M|100\/100\n|move|p1a: Clodsire|Toxic|p2a: Gillman\n|-immune|p2a: Gillman\n|\n|-heal|p1a: Clodsire|82\/100|[from] item: Black Sludge\n|upkeep\n|turn|38\n|\n|t:|1700502057\n|switch|p1a: Whirpool|Rotom-Wash|100\/100\n|move|p2a: Gillman|Acid Spray|p1a: Whirpool\n|-damage|p1a: Whirpool|83\/100\n|-unboost|p1a: Whirpool|spd|2\n|\n|-heal|p1a: Whirpool|89\/100|[from] item: Leftovers\n|upkeep\n|turn|39\n|\n|t:|1700502064\n|move|p1a: Whirpool|Thunderbolt|p2a: Gillman\n|-supereffective|p2a: Gillman\n|-damage|p2a: Gillman|56\/100\n|move|p2a: Gillman|Sludge Bomb|p1a: Whirpool\n|-damage|p1a: Whirpool|14\/100\n|\n|-heal|p1a: Whirpool|20\/100|[from] item: Leftovers\n|upkeep\n|turn|40\n|\n|t:|1700502074\n|move|p1a: Whirpool|Nasty Plot|p1a: Whirpool\n|-boost|p1a: Whirpool|spa|2\n|move|p2a: Gillman|Sludge Bomb|p1a: Whirpool\n|-damage|p1a: Whirpool|0 fnt\n|faint|p1a: Whirpool\n|\n|upkeep\n|\n|t:|1700502078\n|switch|p1a: Chesnaught|Chesnaught, F|95\/100\n|turn|41\n|\n|t:|1700502084\n|switch|p2a: Stun|Zapdos|59\/100\n|move|p1a: Chesnaught|Knock Off|p2a: Stun\n|-damage|p2a: Stun|19\/100\n|-status|p1a: Chesnaught|par|[from] ability: Static|[of] p2a: Stun\n|-enditem|p2a: Stun|Heavy-Duty Boots|[from] move: Knock Off|[of] p1a: Chesnaught\n|\n|-heal|p1a: Chesnaught|100\/100 par|[from] item: Leftovers\n|upkeep\n|turn|42\n|\n|t:|1700502091\n|move|p2a: Stun|Hurricane|p1a: Chesnaught\n|-supereffective|p1a: Chesnaught\n|-damage|p1a: Chesnaught|0 fnt\n|faint|p1a: Chesnaught\n|\n|upkeep\n|\n|t:|1700502096\n|switch|p1a: Clodsire|Clodsire, M|82\/100\n|turn|43\n|\n|t:|1700502104\n|move|p2a: Stun|Roost|p2a: Stun\n|-heal|p2a: Stun|69\/100\n|-singleturn|p2a: Stun|move: Roost\n|move|p1a: Clodsire|Earth Power|p2a: Stun\n|-supereffective|p2a: Stun\n|-damage|p2a: Stun|25\/100\n|\n|-heal|p1a: Clodsire|88\/100|[from] item: Black Sludge\n|upkeep\n|turn|44\n|\n|t:|1700502112\n|switch|p2a: Gillman|Toxapex, M|90\/100\n|move|p1a: Clodsire|Toxic|p2a: Gillman\n|-immune|p2a: Gillman\n|\n|-heal|p1a: Clodsire|94\/100|[from] item: Black Sludge\n|upkeep\n|turn|45\n|\n|t:|1700502116\n|move|p2a: Gillman|Acid Spray|p1a: Clodsire\n|-resisted|p1a: Clodsire\n|-damage|p1a: Clodsire|92\/100\n|-unboost|p1a: Clodsire|spd|2\n|move|p1a: Clodsire|Earth Power|p2a: Gillman\n|-supereffective|p2a: Gillman\n|-damage|p2a: Gillman|72\/100\n|\n|-heal|p1a: Clodsire|98\/100|[from] item: Black Sludge\n|upkeep\n|turn|46\n|\n|t:|1700502126\n|move|p2a: Gillman|Surf|p1a: Clodsire\n|-heal|p1a: Clodsire|100\/100|[from] ability: Water Absorb|[of] p2a: Gillman\n|move|p1a: Clodsire|Earth Power|p2a: Gillman\n|-supereffective|p2a: Gillman\n|-damage|p2a: Gillman|54\/100\n|\n|upkeep\n|turn|47\n|\n|t:|1700502135\n|move|p2a: Gillman|Sludge Bomb|p1a: Clodsire\n|-resisted|p1a: Clodsire\n|-damage|p1a: Clodsire|93\/100\n|move|p1a: Clodsire|Earth Power|p2a: Gillman\n|-supereffective|p2a: Gillman\n|-damage|p2a: Gillman|35\/100\n|\n|-heal|p1a: Clodsire|99\/100|[from] item: Black Sludge\n|upkeep\n|turn|48\n|\n|t:|1700502140\n|switch|p2a: Stun|Zapdos|25\/100\n|move|p1a: Clodsire|Toxic|p2a: Stun\n|-status|p2a: Stun|tox\n|\n|-heal|p1a: Clodsire|100\/100|[from] item: Black Sludge\n|-damage|p2a: Stun|19\/100 tox|[from] psn\n|upkeep\n|turn|49\n|\n|t:|1700502146\n|move|p2a: Stun|Hurricane|p1a: Clodsire\n|-damage|p1a: Clodsire|40\/100\n|move|p1a: Clodsire|Earth Power|p2a: Stun\n|-immune|p2a: Stun\n|\n|-heal|p1a: Clodsire|46\/100|[from] item: Black Sludge\n|-damage|p2a: Stun|7\/100 tox|[from] psn\n|upkeep\n|turn|50\n|\n|t:|1700502150\n|switch|p1a: Skeledirge|Skeledirge, M, tera:Ground|30\/100\n|move|p2a: Stun|Hurricane|p1a: Skeledirge\n|-damage|p1a: Skeledirge|0 fnt\n|faint|p1a: Skeledirge\n|\n|-damage|p2a: Stun|0 fnt|[from] psn\n|faint|p2a: Stun\n|upkeep\n|\n|t:|1700502162\n|switch|p2a: Gillman|Toxapex, M|69\/100\n|switch|p1a: Clodsire|Clodsire, M|46\/100\n|turn|51\n|\n|t:|1700502166\n|move|p2a: Gillman|Infestation|p1a: Clodsire\n|-resisted|p1a: Clodsire\n|-damage|p1a: Clodsire|44\/100\n|-activate|p1a: Clodsire|move: Infestation|[of] p2a: Gillman\n|move|p1a: Clodsire|Recover|p1a: Clodsire\n|-heal|p1a: Clodsire|94\/100\n|\n|-heal|p1a: Clodsire|100\/100|[from] item: Black Sludge\n|-damage|p1a: Clodsire|88\/100|[from] move: Infestation|[partiallytrapped]\n|upkeep\n|turn|52\n|\n|t:|1700502170\n|move|p2a: Gillman|Acid Spray|p1a: Clodsire\n|-resisted|p1a: Clodsire\n|-damage|p1a: Clodsire|87\/100\n|-unboost|p1a: Clodsire|spd|2\n|move|p1a: Clodsire|Earth Power|p2a: Gillman\n|-supereffective|p2a: Gillman\n|-damage|p2a: Gillman|50\/100\n|\n|-heal|p1a: Clodsire|93\/100|[from] item: Black Sludge\n|-damage|p1a: Clodsire|80\/100|[from] move: Infestation|[partiallytrapped]\n|upkeep\n|turn|53\n|\n|t:|1700502173\n|move|p2a: Gillman|Acid Spray|p1a: Clodsire\n|-resisted|p1a: Clodsire\n|-damage|p1a: Clodsire|77\/100\n|-unboost|p1a: Clodsire|spd|2\n|move|p1a: Clodsire|Earth Power|p2a: Gillman\n|-supereffective|p2a: Gillman\n|-damage|p2a: Gillman|30\/100\n|\n|-heal|p1a: Clodsire|83\/100|[from] item: Black Sludge\n|-damage|p1a: Clodsire|70\/100|[from] move: Infestation|[partiallytrapped]\n|upkeep\n|turn|54\n|\n|t:|1700502181\n|move|p2a: Gillman|Sludge Bomb|p1a: Clodsire\n|-resisted|p1a: Clodsire\n|-damage|p1a: Clodsire|58\/100\n|move|p1a: Clodsire|Earth Power|p2a: Gillman\n|-supereffective|p2a: Gillman\n|-damage|p2a: Gillman|11\/100\n|\n|-heal|p1a: Clodsire|64\/100|[from] item: Black Sludge\n|-damage|p1a: Clodsire|52\/100|[from] move: Infestation|[partiallytrapped]\n|upkeep\n|turn|55\n|\n|t:|1700502193\n|move|p2a: Gillman|Sludge Bomb|p1a: Clodsire\n|-resisted|p1a: Clodsire\n|-damage|p1a: Clodsire|41\/100\n|move|p1a: Clodsire|Recover|p1a: Clodsire\n|-heal|p1a: Clodsire|91\/100\n|\n|-heal|p1a: Clodsire|97\/100|[from] item: Black Sludge\n|-end|p1a: Clodsire|Infestation|[partiallytrapped]\n|upkeep\n|turn|56\n|\n|t:|1700502200\n|switch|p2a: Cinderace|Cinderace, M|100\/100\n|move|p1a: Clodsire|Earth Power|p2a: Cinderace\n|-supereffective|p2a: Cinderace\n|-damage|p2a: Cinderace|52\/100\n|\n|-heal|p1a: Clodsire|100\/100|[from] item: Black Sludge\n|upkeep\n|turn|57\n|\n|t:|1700502205\n|move|p2a: Cinderace|U-turn|p1a: Clodsire\n|-start|p2a: Cinderace|typechange|Bug|[from] ability: Libero\n|-resisted|p1a: Clodsire\n|-damage|p1a: Clodsire|82\/100\n|\n|t:|1700502209\n|switch|p2a: Gillman|Toxapex, M|45\/100|[from] U-turn\n|move|p1a: Clodsire|Earth Power|p2a: Gillman\n|-supereffective|p2a: Gillman\n|-damage|p2a: Gillman|23\/100\n|-unboost|p2a: Gillman|spd|1\n|\n|-heal|p1a: Clodsire|88\/100|[from] item: Black Sludge\n|upkeep\n|turn|58\n|\n|t:|1700502214\n|move|p2a: Gillman|Acid Spray|p1a: Clodsire\n|-resisted|p1a: Clodsire\n|-damage|p1a: Clodsire|83\/100\n|-unboost|p1a: Clodsire|spd|2\n|move|p1a: Clodsire|Earth Power|p2a: Gillman\n|-supereffective|p2a: Gillman\n|-damage|p2a: Gillman|0 fnt\n|faint|p2a: Gillman\n|\n|-heal|p1a: Clodsire|89\/100|[from] item: Black Sludge\n|upkeep\n|\n|t:|1700502216\n|switch|p2a: Cinderace|Cinderace, M|52\/100\n|turn|59\n|\n|t:|1700502223\n|move|p2a: Cinderace|Pyro Ball|p1a: Clodsire\n|-damage|p1a: Clodsire|26\/100\n|move|p1a: Clodsire|Chilling Water|p2a: Cinderace\n|-supereffective|p2a: Cinderace\n|-damage|p2a: Cinderace|33\/100\n|-unboost|p2a: Cinderace|atk|1\n|\n|-heal|p1a: Clodsire|32\/100|[from] item: Black Sludge\n|upkeep\n|turn|60\n|\n|t:|1700502226\n|move|p2a: Cinderace|Pyro Ball|p1a: Clodsire\n|-damage|p1a: Clodsire|0 fnt\n|faint|p1a: Clodsire\n|\n|win|The Real Life G\n|raw|Xavod's rating: 1448 &rarr; <strong>1423<\/strong><br \/>(-25 for losing)\n|raw|The Real Life G's rating: 1351 &rarr; <strong>1376<\/strong><br \/>(+25 for winning)\n|c|\u2606The Real Life G|gg\n","uploadtime":1700502502,"views":11,"p1id":"xavod","p2id":"thereallifeg","formatid":"gen9ou","rating":1376,"private":0,"password":""}