{"id":"gen9ou-1995528809","p1":"MR. REMORAIDD","p2":"sweatthetech","format":"[Gen 9] OU","log":"|j|\u2606MR. REMORAIDD\n|j|\u2606sweatthetech\n|t:|1700580130\n|gametype|singles\n|player|p1|MR. REMORAIDD|hiker-gen4|1124\n|player|p2|sweatthetech|265|1215\n|teamsize|p1|6\n|teamsize|p2|6\n|gen|9\n|tier|[Gen 9] OU\n|rated|\n|rule|Sleep Clause Mod: Limit one foe put to sleep\n|rule|Species Clause: Limit one of each Pok\u00e9mon\n|rule|OHKO Clause: OHKO moves are banned\n|rule|Evasion Items Clause: Evasion items are banned\n|rule|Evasion Moves Clause: Evasion moves are banned\n|rule|Endless Battle Clause: Forcing endless battles is banned\n|rule|HP Percentage Mod: HP is shown in percentages\n|clearpoke\n|poke|p1|Glaceon, F|\n|poke|p1|Gogoat, F|\n|poke|p1|Honchkrow, M|\n|poke|p1|Muk, M|\n|poke|p1|Dugtrio, M|\n|poke|p1|Komala, F|\n|poke|p2|Hoopa-Unbound|\n|poke|p2|Ceruledge, M|\n|poke|p2|Gholdengo|\n|poke|p2|Cloyster, M|\n|poke|p2|Ogerpon-Wellspring, F|\n|poke|p2|Ninetales-Alola, M|\n|teampreview\n|inactive|Battle timer is ON: inactive players will automatically lose when time's up. (requested by sweatthetech)\n|c|\u2606sweatthetech|Gg\n|\n|t:|1700580152\n|start\n|switch|p1a: Dugtrio|Dugtrio, M, shiny|100\/100\n|switch|p2a: Ninetales|Ninetales-Alola, M, shiny|100\/100\n|-weather|Snow|[from] ability: Snow Warning|[of] p2a: Ninetales\n|turn|1\n|\n|t:|1700580160\n|move|p1a: Dugtrio|Stone Edge|p2a: Ninetales|[miss]\n|-miss|p1a: Dugtrio|p2a: Ninetales\n|move|p2a: Ninetales|Aurora Veil|p2a: Ninetales\n|-sidestart|p2: sweatthetech|move: Aurora Veil\n|\n|-weather|Snow|[upkeep]\n|upkeep\n|turn|2\n|\n|t:|1700580165\n|move|p1a: Dugtrio|Stone Edge|p2a: Ninetales|[miss]\n|-miss|p1a: Dugtrio|p2a: Ninetales\n|move|p2a: Ninetales|Blizzard|p1a: Dugtrio\n|-supereffective|p1a: Dugtrio\n|-crit|p1a: Dugtrio\n|-damage|p1a: Dugtrio|0 fnt\n|faint|p1a: Dugtrio\n|\n|-weather|Snow|[upkeep]\n|upkeep\n|c|\u2606sweatthetech|Didnt matter\n|c|\u2606MR. REMORAIDD|fffffccccccckkkkk\n|\n|t:|1700580184\n|switch|p1a: Glaceon|Glaceon, F, shiny|100\/100\n|turn|3\n|c|\u2606sweatthetech|Im getting the W either way\n|\n|t:|1700580194\n|move|p2a: Ninetales|Confuse Ray|p1a: Glaceon\n|-start|p1a: Glaceon|confusion\n|-activate|p1a: Glaceon|confusion\n|move|p1a: Glaceon|Calm Mind|p1a: Glaceon\n|-boost|p1a: Glaceon|spa|1\n|-boost|p1a: Glaceon|spd|1\n|\n|-weather|Snow|[upkeep]\n|upkeep\n|turn|4\n|\n|t:|1700580208\n|switch|p2a: Ceruledge|Ceruledge, M, shiny|100\/100\n|-activate|p1a: Glaceon|confusion\n|move|p1a: Glaceon|Calm Mind|p1a: Glaceon\n|-boost|p1a: Glaceon|spa|1\n|-boost|p1a: Glaceon|spd|1\n|\n|-weather|Snow|[upkeep]\n|upkeep\n|turn|5\n|\n|t:|1700580216\n|-terastallize|p2a: Ceruledge|Fire\n|-terastallize|p1a: Glaceon|Water\n|move|p2a: Ceruledge|Flame Charge|p1a: Glaceon\n|-resisted|p1a: Glaceon\n|-damage|p1a: Glaceon|81\/100\n|-boost|p2a: Ceruledge|spe|1\n|-damage|p2a: Ceruledge|91\/100|[from] item: Life Orb\n|-end|p1a: Glaceon|confusion\n|move|p1a: Glaceon|Shadow Ball|p2a: Ceruledge\n|-damage|p2a: Ceruledge|64\/100\n|\n|-weather|none\n|upkeep\n|turn|6\n|\n|t:|1700580232\n|move|p2a: Ceruledge|Poltergeist|p1a: Glaceon\n|-activate|p1a: Glaceon|move: Poltergeist|Heavy-Duty Boots\n|-damage|p1a: Glaceon|29\/100\n|-damage|p2a: Ceruledge|54\/100|[from] item: Life Orb\n|move|p1a: Glaceon|Wish|p1a: Glaceon\n|\n|upkeep\n|turn|7\n|\n|t:|1700580251\n|move|p2a: Ceruledge|Poltergeist|p1a: Glaceon\n|-activate|p1a: Glaceon|move: Poltergeist|Heavy-Duty Boots\n|-damage|p1a: Glaceon|0 fnt\n|faint|p1a: Glaceon\n|-damage|p2a: Ceruledge|44\/100|[from] item: Life Orb\n|\n|upkeep\n|\n|t:|1700580258\n|switch|p1a: Komala|Komala, F, shiny|100\/100\n|-ability|p1a: Komala|Comatose\n|turn|8\n|\n|t:|1700580268\n|move|p1a: Komala|Sucker Punch|p2a: Ceruledge\n|-crit|p2a: Ceruledge\n|-damage|p2a: Ceruledge|0 fnt\n|faint|p2a: Ceruledge\n|\n|-sideend|p2: sweatthetech|move: Aurora Veil\n|upkeep\n|c|\u2606sweatthetech|Lmao\n|\n|t:|1700580276\n|switch|p2a: Ninetales|Ninetales-Alola, M, shiny|100\/100\n|-weather|Snow|[from] ability: Snow Warning|[of] p2a: Ninetales\n|turn|9\n|\n|t:|1700580282\n|move|p2a: Ninetales|Aurora Veil|p2a: Ninetales\n|-sidestart|p2: sweatthetech|move: Aurora Veil\n|move|p1a: Komala|Gunk Shot|p2a: Ninetales\n|-supereffective|p2a: Ninetales\n|-damage|p2a: Ninetales|63\/100\n|\n|-weather|Snow|[upkeep]\n|upkeep\n|turn|10\n|\n|t:|1700580288\n|move|p2a: Ninetales|Blizzard|p1a: Komala\n|-damage|p1a: Komala|78\/100\n|move|p1a: Komala|Gunk Shot|p2a: Ninetales\n|-supereffective|p2a: Ninetales\n|-damage|p2a: Ninetales|27\/100\n|-status|p2a: Ninetales|psn\n|\n|-weather|Snow|[upkeep]\n|-damage|p2a: Ninetales|15\/100 psn|[from] psn\n|upkeep\n|turn|11\n|\n|t:|1700580310\n|move|p1a: Komala|Sucker Punch||[still]\n|-fail|p1a: Komala\n|move|p2a: Ninetales|Confuse Ray|p1a: Komala\n|-start|p1a: Komala|confusion\n|\n|-weather|Snow|[upkeep]\n|-damage|p2a: Ninetales|3\/100 psn|[from] psn\n|upkeep\n|turn|12\n|c|\u2606sweatthetech|Nice team though. I definitely appreciate the variety\n|\n|t:|1700580329\n|switch|p2a: Cloyster|Cloyster, M, shiny|100\/100\n|-activate|p1a: Komala|confusion\n|move|p1a: Komala|Rapid Spin|p2a: Cloyster\n|-damage|p2a: Cloyster|93\/100\n|-boost|p1a: Komala|spe|1\n|\n|-weather|Snow|[upkeep]\n|upkeep\n|turn|13\n|\n|t:|1700580340\n|-activate|p1a: Komala|confusion\n|move|p1a: Komala|Body Slam|p2a: Cloyster\n|-damage|p2a: Cloyster|79\/100\n|move|p2a: Cloyster|Shell Smash|p2a: Cloyster\n|-unboost|p2a: Cloyster|def|1\n|-unboost|p2a: Cloyster|spd|1\n|-boost|p2a: Cloyster|atk|2\n|-boost|p2a: Cloyster|spa|2\n|-boost|p2a: Cloyster|spe|2\n|-enditem|p2a: Cloyster|White Herb\n|-clearnegativeboost|p2a: Cloyster|[silent]\n|\n|-weather|none\n|upkeep\n|turn|14\n|\n|t:|1700580353\n|-end|p1a: Komala|confusion\n|move|p1a: Komala|Sucker Punch|p2a: Cloyster\n|-damage|p2a: Cloyster|70\/100\n|move|p2a: Cloyster|Icicle Spear|p1a: Komala\n|-damage|p1a: Komala|45\/100\n|-damage|p1a: Komala|10\/100\n|-damage|p1a: Komala|0 fnt\n|faint|p1a: Komala\n|-hitcount|p1: Komala|3\n|\n|upkeep\n|inactive|MR. REMORAIDD has 120 seconds left.\n|\n|t:|1700580379\n|switch|p1a: Gogoat|Gogoat, F, shiny|100\/100\n|turn|15\n|\n|t:|1700580402\n|move|p2a: Cloyster|Icicle Spear|p1a: Gogoat\n|-supereffective|p1a: Gogoat\n|-damage|p1a: Gogoat|47\/100\n|-supereffective|p1a: Gogoat\n|-damage|p1a: Gogoat|0 fnt\n|faint|p1a: Gogoat\n|-hitcount|p1: Gogoat|2\n|\n|upkeep\n|\n|t:|1700580410\n|switch|p1a: Muk|Muk, M|100\/100\n|turn|16\n|\n|t:|1700580420\n|move|p2a: Cloyster|Icicle Spear|p1a: Muk\n|-damage|p1a: Muk|76\/100\n|-damage|p1a: Muk|52\/100\n|-damage|p1a: Muk|30\/100\n|-damage|p1a: Muk|6\/100\n|-damage|p1a: Muk|0 fnt\n|faint|p1a: Muk\n|-hitcount|p1: Muk|5\n|\n|-sideend|p2: sweatthetech|move: Aurora Veil\n|upkeep\n|\n|t:|1700580429\n|switch|p1a: Honchkrow|Honchkrow, M, shiny|100\/100\n|turn|17\n|\n|t:|1700580442\n|move|p1a: Honchkrow|Sucker Punch|p2a: Cloyster\n|-damage|p2a: Cloyster|39\/100\n|move|p2a: Cloyster|Icicle Spear|p1a: Honchkrow\n|-supereffective|p1a: Honchkrow\n|-damage|p1a: Honchkrow|28\/100\n|-supereffective|p1a: Honchkrow\n|-damage|p1a: Honchkrow|0 fnt\n|faint|p1a: Honchkrow\n|-hitcount|p1: Honchkrow|2\n|\n|win|sweatthetech\n|raw|MR. REMORAIDD's rating: 1124 &rarr; <strong>1105<\/strong><br \/>(-19 for losing)\n|raw|sweatthetech's rating: 1215 &rarr; <strong>1234<\/strong><br \/>(+19 for winning)\n","uploadtime":1700580176,"views":1,"p1id":"mrremoraidd","p2id":"sweatthetech","formatid":"gen9ou","rating":1105,"private":0,"password":""}