{"id":"gen9ou-1994353703","p1":"Lppc2","p2":"Mymomsaidyourmom","format":"[Gen 9] OU","log":"|j|\u2606Lppc2\n|j|\u2606Mymomsaidyourmom\n|t:|1700434331\n|gametype|singles\n|player|p1|Lppc2|psychicf|1336\n|player|p2|Mymomsaidyourmom|ltsurge|1439\n|teamsize|p1|6\n|teamsize|p2|6\n|gen|9\n|tier|[Gen 9] OU\n|rated|\n|rule|Sleep Clause Mod: Limit one foe put to sleep\n|rule|Species Clause: Limit one of each Pok\u00e9mon\n|rule|OHKO Clause: OHKO moves are banned\n|rule|Evasion Items Clause: Evasion items are banned\n|rule|Evasion Moves Clause: Evasion moves are banned\n|rule|Endless Battle Clause: Forcing endless battles is banned\n|rule|HP Percentage Mod: HP is shown in percentages\n|clearpoke\n|poke|p1|Sneasler, F|\n|poke|p1|Articuno-Galar|\n|poke|p1|Sandy Shocks|\n|poke|p1|Dragonite, F|\n|poke|p1|Quaquaval, F|\n|poke|p1|Gholdengo|\n|poke|p2|Amoonguss, F|\n|poke|p2|Zapdos|\n|poke|p2|Gholdengo|\n|poke|p2|Walking Wake|\n|poke|p2|Great Tusk|\n|poke|p2|Garchomp, F|\n|teampreview\n|\n|t:|1700434352\n|start\n|switch|p1a: Sandy Shocks|Sandy Shocks|100\/100\n|switch|p2a: Your Left Cousin|Garchomp, F|100\/100\n|turn|1\n|\n|t:|1700434361\n|-terastallize|p1a: Sandy Shocks|Flying\n|move|p2a: Your Left Cousin|Scale Shot|p1a: Sandy Shocks\n|-damage|p1a: Sandy Shocks|87\/100\n|-damage|p1a: Sandy Shocks|75\/100\n|-damage|p1a: Sandy Shocks|63\/100\n|-damage|p1a: Sandy Shocks|52\/100\n|-hitcount|p1a: Sandy Shocks|4\n|-unboost|p2a: Your Left Cousin|def|1\n|-boost|p2a: Your Left Cousin|spe|1\n|move|p1a: Sandy Shocks|Reflect|p1a: Sandy Shocks\n|-sidestart|p1: Lppc2|Reflect\n|\n|upkeep\n|turn|2\n|\n|t:|1700434370\n|move|p2a: Your Left Cousin|Swords Dance|p2a: Your Left Cousin\n|-boost|p2a: Your Left Cousin|atk|2\n|move|p1a: Sandy Shocks|Stealth Rock|p2a: Your Left Cousin\n|-sidestart|p2: Mymomsaidyourmom|move: Stealth Rock\n|\n|upkeep\n|turn|3\n|\n|t:|1700434380\n|-end|p1a: Sandy Shocks|Protosynthesis|[silent]\n|switch|p1a: Sneasler|Sneasler, F|100\/100\n|-item|p1a: Sneasler|Air Balloon\n|move|p2a: Your Left Cousin|Scale Shot|p1a: Sneasler\n|-damage|p1a: Sneasler|80\/100\n|-enditem|p1a: Sneasler|Air Balloon\n|-damage|p1a: Sneasler|58\/100\n|-damage|p1a: Sneasler|36\/100\n|-damage|p1a: Sneasler|13\/100\n|-damage|p1a: Sneasler|0 fnt\n|faint|p1a: Sneasler\n|-hitcount|p1: Sneasler|5\n|-unboost|p2a: Your Left Cousin|def|1\n|-boost|p2a: Your Left Cousin|spe|1\n|\n|upkeep\n|\n|t:|1700434389\n|switch|p1a: Quaquaval|Quaquaval, F|100\/100\n|turn|4\n|\n|t:|1700434394\n|switch|p2a: Imposter|Amoonguss, F|100\/100\n|-damage|p2a: Imposter|88\/100|[from] Stealth Rock\n|move|p1a: Quaquaval|Ice Spinner|p2a: Imposter\n|-supereffective|p2a: Imposter\n|-damage|p2a: Imposter|39\/100\n|\n|-heal|p2a: Imposter|45\/100|[from] item: Black Sludge\n|upkeep\n|turn|5\n|\n|t:|1700434410\n|-terastallize|p2a: Imposter|Water\n|move|p1a: Quaquaval|Ice Spinner|p2a: Imposter\n|-resisted|p2a: Imposter\n|-damage|p2a: Imposter|34\/100\n|move|p2a: Imposter|Spore|p1a: Quaquaval\n|-status|p1a: Quaquaval|slp|[from] move: Spore\n|\n|-damage|p2a: Imposter|22\/100|[from] item: Black Sludge\n|upkeep\n|turn|6\n|\n|t:|1700434414\n|switch|p1a: Sandy Shocks|Sandy Shocks, tera:Flying|52\/100\n|move|p2a: Imposter|Giga Drain|p1a: Sandy Shocks\n|-resisted|p1a: Sandy Shocks\n|-damage|p1a: Sandy Shocks|41\/100\n|-heal|p2a: Imposter|27\/100|[from] drain|[of] p1a: Sandy Shocks\n|\n|-damage|p2a: Imposter|14\/100|[from] item: Black Sludge\n|upkeep\n|turn|7\n|\n|t:|1700434429\n|-end|p1a: Sandy Shocks|Protosynthesis|[silent]\n|switch|p1a: Gholdengo|Gholdengo|100\/100\n|-item|p1a: Gholdengo|Air Balloon\n|switch|p2a: Doritos|Zapdos|100\/100\n|\n|upkeep\n|turn|8\n|\n|t:|1700434436\n|move|p2a: Doritos|Heat Wave|p1a: Gholdengo\n|-supereffective|p1a: Gholdengo\n|-damage|p1a: Gholdengo|41\/100\n|-enditem|p1a: Gholdengo|Air Balloon\n|move|p1a: Gholdengo|Nasty Plot|p1a: Gholdengo\n|-boost|p1a: Gholdengo|spa|2\n|\n|-sideend|p1: Lppc2|Reflect\n|upkeep\n|turn|9\n|\n|t:|1700434442\n|move|p2a: Doritos|Heat Wave|p1a: Gholdengo\n|-supereffective|p1a: Gholdengo\n|-damage|p1a: Gholdengo|0 fnt\n|faint|p1a: Gholdengo\n|\n|upkeep\n|\n|t:|1700434445\n|switch|p1a: Sandy Shocks|Sandy Shocks, tera:Flying|41\/100\n|turn|10\n|\n|t:|1700434451\n|move|p1a: Sandy Shocks|Light Screen|p1a: Sandy Shocks\n|-sidestart|p1: Lppc2|move: Light Screen\n|move|p2a: Doritos|Thunderbolt|p1a: Sandy Shocks\n|-supereffective|p1a: Sandy Shocks\n|-damage|p1a: Sandy Shocks|0 fnt\n|faint|p1a: Sandy Shocks\n|-end|p1a: Sandy Shocks|Protosynthesis|[silent]\n|\n|upkeep\n|\n|t:|1700434453\n|switch|p1a: Articuno|Articuno-Galar|100\/100\n|turn|11\n|\n|t:|1700434463\n|switch|p2a: Cheese Head|Gholdengo|100\/100\n|-damage|p2a: Cheese Head|94\/100|[from] Stealth Rock\n|move|p1a: Articuno|Calm Mind|p1a: Articuno\n|-boost|p1a: Articuno|spa|1\n|-boost|p1a: Articuno|spd|1\n|\n|upkeep\n|turn|12\n|\n|t:|1700434466\n|move|p2a: Cheese Head|Trick|p1a: Articuno\n|-activate|p2a: Cheese Head|move: Trick|[of] p1a: Articuno\n|-item|p1a: Articuno|Choice Scarf|[from] move: Trick\n|-item|p2a: Cheese Head|Leftovers|[from] move: Trick\n|move|p1a: Articuno|Agility|p1a: Articuno\n|-boost|p1a: Articuno|spe|2\n|\n|-heal|p2a: Cheese Head|100\/100|[from] item: Leftovers\n|upkeep\n|turn|13\n|\n|t:|1700434475\n|switch|p1a: Quaquaval|Quaquaval, F|100\/100 slp\n|move|p2a: Cheese Head|Shadow Ball|p1a: Quaquaval\n|-damage|p1a: Quaquaval|73\/100 slp\n|\n|upkeep\n|turn|14\n|\n|t:|1700434479\n|switch|p2a: Imposter|Amoonguss, F, tera:Water|47\/100\n|-damage|p2a: Imposter|35\/100|[from] Stealth Rock\n|cant|p1a: Quaquaval|slp\n|\n|-damage|p2a: Imposter|22\/100|[from] item: Black Sludge\n|upkeep\n|turn|15\n|\n|t:|1700434486\n|switch|p2a: Doritos|Zapdos|100\/100\n|-curestatus|p1a: Quaquaval|slp|[msg]\n|move|p1a: Quaquaval|Aqua Step|p2a: Doritos\n|-damage|p2a: Doritos|48\/100\n|-boost|p1a: Quaquaval|spe|1\n|\n|upkeep\n|turn|16\n|\n|t:|1700434507\n|switch|p2a: Talking Fake|Walking Wake|100\/100\n|-damage|p2a: Talking Fake|88\/100|[from] Stealth Rock\n|-enditem|p2a: Talking Fake|Booster Energy\n|-activate|p2a: Talking Fake|ability: Protosynthesis|[fromitem]\n|-start|p2a: Talking Fake|protosynthesisspa\n|move|p1a: Quaquaval|Ice Spinner|p2a: Talking Fake\n|-damage|p2a: Talking Fake|57\/100\n|\n|upkeep\n|turn|17\n|\n|t:|1700434521\n|move|p1a: Quaquaval|Close Combat|p2a: Talking Fake\n|-damage|p2a: Talking Fake|0 fnt\n|-unboost|p1a: Quaquaval|def|1\n|-unboost|p1a: Quaquaval|spd|1\n|faint|p2a: Talking Fake\n|-end|p2a: Talking Fake|Protosynthesis|[silent]\n|-ability|p1a: Quaquaval|Moxie|boost\n|-boost|p1a: Quaquaval|atk|1\n|\n|-sideend|p1: Lppc2|move: Light Screen\n|upkeep\n|\n|t:|1700434530\n|switch|p2a: Doritos|Zapdos|48\/100\n|turn|18\n|\n|t:|1700434534\n|move|p1a: Quaquaval|Ice Spinner|p2a: Doritos\n|-supereffective|p2a: Doritos\n|-damage|p2a: Doritos|0 fnt\n|-status|p1a: Quaquaval|par|[from] ability: Static|[of] p2a: Doritos\n|faint|p2a: Doritos\n|-ability|p1a: Quaquaval|Moxie|boost\n|-boost|p1a: Quaquaval|atk|1\n|\n|upkeep\n|\n|t:|1700434545\n|switch|p2a: Your Left Cousin|Garchomp, F|100\/100\n|-damage|p2a: Your Left Cousin|94\/100|[from] Stealth Rock\n|turn|19\n|\n|t:|1700434552\n|move|p2a: Your Left Cousin|Earthquake|p1a: Quaquaval\n|-damage|p1a: Quaquaval|0 fnt\n|faint|p1a: Quaquaval\n|\n|upkeep\n|\n|t:|1700434560\n|switch|p1a: Articuno|Articuno-Galar|100\/100\n|turn|20\n|\n|t:|1700434565\n|switch|p2a: Cheese Head|Gholdengo|100\/100\n|-damage|p2a: Cheese Head|94\/100|[from] Stealth Rock\n|move|p1a: Articuno|Agility|p1a: Articuno\n|-boost|p1a: Articuno|spe|2\n|\n|-heal|p2a: Cheese Head|100\/100|[from] item: Leftovers\n|upkeep\n|turn|21\n|-message|Lppc2 forfeited.\n|\n|win|Mymomsaidyourmom\n|raw|Lppc2's rating: 1336 &rarr; <strong>1322<\/strong><br \/>(-14 for losing)\n|raw|Mymomsaidyourmom's rating: 1439 &rarr; <strong>1453<\/strong><br \/>(+14 for winning)\n|l|\u2606Lppc2\n","uploadtime":1700434577,"views":7,"p1id":"lppc2","p2id":"mymomsaidyourmom","formatid":"gen9ou","rating":1322,"private":0,"password":""}