{"id":"gen9ou-1988534545","p1":"rkimbo","p2":"RovaRed","format":"[Gen 9] OU","log":"|j|\u2606rkimbo\n|j|\u2606RovaRed\n|t:|1699733299\n|gametype|singles\n|player|p1|rkimbo|2|1438\n|player|p2|RovaRed|wicke|1416\n|teamsize|p1|6\n|teamsize|p2|6\n|gen|9\n|tier|[Gen 9] OU\n|rated|\n|rule|Sleep Clause Mod: Limit one foe put to sleep\n|rule|Species Clause: Limit one of each Pok\u00e9mon\n|rule|OHKO Clause: OHKO moves are banned\n|rule|Evasion Items Clause: Evasion items are banned\n|rule|Evasion Moves Clause: Evasion moves are banned\n|rule|Endless Battle Clause: Forcing endless battles is banned\n|rule|HP Percentage Mod: HP is shown in percentages\n|clearpoke\n|poke|p1|Ribombee, M|\n|poke|p1|Ogerpon-Wellspring, F|\n|poke|p1|Gholdengo|\n|poke|p1|Great Tusk|\n|poke|p1|Iron Valiant|\n|poke|p1|Kingambit, M|\n|poke|p2|Shiftry, F|\n|poke|p2|Iron Moth|\n|poke|p2|Rillaboom, F|\n|poke|p2|Brambleghast, F|\n|poke|p2|Sneasler, M|\n|poke|p2|Great Tusk|\n|teampreview\n|inactive|Battle timer is ON: inactive players will automatically lose when time's up. (requested by rkimbo)\n|\n|t:|1699733314\n|start\n|switch|p1a: Ribombee|Ribombee, M|100\/100\n|switch|p2a: The Fumble|Shiftry, F|100\/100\n|turn|1\n|\n|t:|1699733339\n|move|p1a: Ribombee|Sticky Web|p2a: The Fumble\n|-sidestart|p2: RovaRed|move: Sticky Web\n|move|p2a: The Fumble|Tailwind|p2a: The Fumble\n|-sidestart|p2: RovaRed|move: Tailwind\n|-ability|p2a: The Fumble|Wind Rider|boost\n|-boost|p2a: The Fumble|atk|1\n|\n|upkeep\n|turn|2\n|\n|t:|1699733355\n|move|p2a: The Fumble|Explosion|p1a: Ribombee\n|-enditem|p1a: Ribombee|Focus Sash\n|-damage|p1a: Ribombee|1\/100\n|faint|p2a: The Fumble\n|move|p1a: Ribombee|Moonblast|p2: The Fumble|[notarget]\n|-fail|p1a: Ribombee\n|\n|upkeep\n|\n|t:|1699733361\n|switch|p2a: The Tumble|Brambleghast, F|100\/100\n|-activate|p2a: The Tumble|move: Sticky Web\n|-unboost|p2a: The Tumble|spe|1\n|-ability|p2a: The Tumble|Wind Rider|boost\n|-boost|p2a: The Tumble|atk|1\n|turn|3\n|\n|t:|1699733368\n|move|p2a: The Tumble|Bullet Seed|p1a: Ribombee\n|-resisted|p1a: Ribombee\n|-damage|p1a: Ribombee|0 fnt\n|faint|p1a: Ribombee\n|-hitcount|p1: Ribombee|1\n|\n|upkeep\n|\n|t:|1699733376\n|switch|p1a: Kingambit|Kingambit, M|100\/100\n|-activate|p1a: Kingambit|ability: Supreme Overlord\n|-start|p1a: Kingambit|fallen1|[silent]\n|turn|4\n|\n|t:|1699733381\n|-terastallize|p2a: The Tumble|Fighting\n|move|p2a: The Tumble|Tera Blast|p1a: Kingambit|[anim] Tera Blast Fighting\n|-supereffective|p1a: Kingambit\n|-damage|p1a: Kingambit|0 fnt\n|faint|p1a: Kingambit\n|-end|p1a: Kingambit|fallen1|[silent]\n|\n|-sideend|p2: RovaRed|move: Tailwind\n|upkeep\n|\n|t:|1699733385\n|switch|p1a: Iron Valiant|Iron Valiant|100\/100\n|-enditem|p1a: Iron Valiant|Booster Energy\n|-activate|p1a: Iron Valiant|ability: Quark Drive|[fromitem]\n|-start|p1a: Iron Valiant|quarkdrivespe\n|turn|5\n|\n|t:|1699733396\n|move|p2a: The Tumble|Shadow Sneak|p1a: Iron Valiant\n|-crit|p1a: Iron Valiant\n|-damage|p1a: Iron Valiant|46\/100\n|move|p1a: Iron Valiant|Hypnosis|p2a: The Tumble|[miss]\n|-miss|p1a: Iron Valiant|p2a: The Tumble\n|\n|upkeep\n|turn|6\n|\n|t:|1699733403\n|move|p2a: The Tumble|Shadow Sneak|p1a: Iron Valiant\n|-damage|p1a: Iron Valiant|6\/100\n|move|p1a: Iron Valiant|Hypnosis|p2a: The Tumble|[miss]\n|-miss|p1a: Iron Valiant|p2a: The Tumble\n|\n|upkeep\n|turn|7\n|\n|t:|1699733408\n|move|p2a: The Tumble|Shadow Sneak|p1a: Iron Valiant\n|-damage|p1a: Iron Valiant|0 fnt\n|faint|p1a: Iron Valiant\n|-end|p1a: Iron Valiant|Quark Drive|[silent]\n|\n|upkeep\n|\n|t:|1699733409\n|switch|p1a: Great Tusk|Great Tusk|100\/100\n|turn|8\n|\n|t:|1699733414\n|move|p1a: Great Tusk|Rapid Spin|p2a: The Tumble\n|-damage|p2a: The Tumble|68\/100\n|-boost|p1a: Great Tusk|spe|1\n|move|p2a: The Tumble|Bullet Seed|p1a: Great Tusk\n|-supereffective|p1a: Great Tusk\n|-damage|p1a: Great Tusk|73\/100\n|-supereffective|p1a: Great Tusk\n|-damage|p1a: Great Tusk|45\/100\n|-supereffective|p1a: Great Tusk\n|-damage|p1a: Great Tusk|19\/100\n|-supereffective|p1a: Great Tusk\n|-damage|p1a: Great Tusk|0 fnt\n|faint|p1a: Great Tusk\n|-end|p1a: Great Tusk|Protosynthesis|[silent]\n|-hitcount|p1: Great Tusk|4\n|\n|upkeep\n|\n|t:|1699733416\n|switch|p1a: Ogerpon|Ogerpon-Wellspring, F|100\/100\n|turn|9\n|-message|rkimbo forfeited.\n|\n|win|RovaRed\n|raw|rkimbo's rating: 1438 &rarr; <strong>1417<\/strong><br \/>(-21 for losing)\n|raw|RovaRed's rating: 1416 &rarr; <strong>1437<\/strong><br \/>(+21 for winning)\n|l|\u2606rkimbo\n","uploadtime":1699733431,"views":25,"p1id":"rkimbo","p2id":"rovared","formatid":"gen9ou","rating":1417,"private":0,"password":""}