{"id":"gen9ou-1991090028","p1":"BOX CRUSHER","p2":"Ipadritu","format":"[Gen 9] OU","log":"|j|\u2606BOX CRUSHER\n|j|\u2606Ipadritu\n|t:|1700041275\n|gametype|singles\n|player|p1|BOX CRUSHER|ruinmaniac|1217\n|player|p2|Ipadritu|102|1245\n|teamsize|p1|6\n|teamsize|p2|6\n|gen|9\n|tier|[Gen 9] OU\n|rated|\n|rule|Sleep Clause Mod: Limit one foe put to sleep\n|rule|Species Clause: Limit one of each Pok\u00e9mon\n|rule|OHKO Clause: OHKO moves are banned\n|rule|Evasion Items Clause: Evasion items are banned\n|rule|Evasion Moves Clause: Evasion moves are banned\n|rule|Endless Battle Clause: Forcing endless battles is banned\n|rule|HP Percentage Mod: HP is shown in percentages\n|clearpoke\n|poke|p1|Hippowdon, F|\n|poke|p1|Bronzong|\n|poke|p1|Clefable, F|\n|poke|p1|Tatsugiri, M|\n|poke|p1|Landorus-Therian, M|\n|poke|p1|Kingambit, M|\n|poke|p2|Sinistcha|\n|poke|p2|Zoroark-Hisui, M|\n|poke|p2|Greninja-*, M|\n|poke|p2|Clodsire, M|\n|poke|p2|Scizor, F|\n|poke|p2|Kingambit, F|\n|teampreview\n|inactive|Battle timer is ON: inactive players will automatically lose when time's up. (requested by BOX CRUSHER)\n|\n|t:|1700041313\n|start\n|switch|p1a: Hippowdon|Hippowdon, F|100\/100\n|switch|p2a: Greninja|Greninja, M|100\/100\n|-weather|Sandstorm|[from] ability: Sand Stream|[of] p1a: Hippowdon\n|turn|1\n|\n|t:|1700041330\n|switch|p1a: Bronzong|Bronzong|100\/100\n|move|p2a: Greninja|Swords Dance|p2a: Greninja\n|-boost|p2a: Greninja|atk|2\n|\n|-weather|Sandstorm|[upkeep]\n|-damage|p2a: Greninja|95\/100|[from] Sandstorm\n|upkeep\n|turn|2\n|\n|t:|1700041336\n|move|p2a: Greninja|Liquidation|p1a: Bronzong\n|-damage|p1a: Bronzong|40\/100\n|move|p1a: Bronzong|Stealth Rock|p2a: Greninja\n|-sidestart|p2: Ipadritu|move: Stealth Rock\n|\n|-weather|Sandstorm|[upkeep]\n|-damage|p2a: Greninja|89\/100|[from] Sandstorm\n|-heal|p1a: Bronzong|46\/100|[from] item: Leftovers\n|upkeep\n|turn|3\n|\n|t:|1700041349\n|switch|p1a: Tatsugiri|Tatsugiri, M|100\/100\n|move|p2a: Greninja|Liquidation|p1a: Tatsugiri\n|-ability|p1a: Tatsugiri|Storm Drain|boost\n|-boost|p1a: Tatsugiri|spa|1\n|\n|-weather|Sandstorm|[upkeep]\n|-damage|p2a: Greninja|83\/100|[from] Sandstorm\n|-damage|p1a: Tatsugiri|94\/100|[from] Sandstorm\n|upkeep\n|turn|4\n|\n|t:|1700041360\n|move|p2a: Greninja|Ice Punch|p1a: Tatsugiri\n|-damage|p1a: Tatsugiri|11\/100\n|move|p1a: Tatsugiri|Draco Meteor|p2a: Greninja\n|-damage|p2a: Greninja|0 fnt\n|-unboost|p1a: Tatsugiri|spa|2\n|faint|p2a: Greninja\n|\n|-weather|Sandstorm|[upkeep]\n|-damage|p1a: Tatsugiri|4\/100|[from] Sandstorm\n|upkeep\n|\n|t:|1700041376\n|switch|p2a: Scizor|Scizor, F|100\/100\n|-damage|p2a: Scizor|88\/100|[from] Stealth Rock\n|turn|5\n|\n|t:|1700041384\n|switch|p1a: Landorus|Landorus-Therian, M|100\/100\n|-ability|p1a: Landorus|Intimidate|boost\n|-unboost|p2a: Scizor|atk|1\n|move|p2a: Scizor|Defog|p1a: Landorus\n|-unboost|p1a: Landorus|evasion|1\n|-sideend|p2: Ipadritu|Stealth Rock|[from] move: Defog|[of] p2a: Scizor\n|\n|-weather|Sandstorm|[upkeep]\n|upkeep\n|turn|6\n|\n|t:|1700041390\n|switch|p2a: Sinistcha|Sinistcha|100\/100\n|move|p1a: Landorus|Earthquake|p2a: Sinistcha\n|-resisted|p2a: Sinistcha\n|-damage|p2a: Sinistcha|79\/100\n|\n|-weather|Sandstorm|[upkeep]\n|-damage|p2a: Sinistcha|72\/100|[from] Sandstorm\n|-heal|p2a: Sinistcha|79\/100|[from] item: Leftovers\n|upkeep\n|turn|7\n|\n|t:|1700041402\n|move|p1a: Landorus|U-turn|p2a: Sinistcha\n|-damage|p2a: Sinistcha|59\/100\n|\n|t:|1700041409\n|switch|p1a: Clefable|Clefable, F|100\/100|[from] U-turn\n|move|p2a: Sinistcha|Matcha Gotcha|p1a: Clefable\n|-damage|p1a: Clefable|69\/100\n|-heal|p2a: Sinistcha|77\/100|[from] drain|[of] p1a: Clefable\n|\n|-weather|Sandstorm|[upkeep]\n|-damage|p2a: Sinistcha|71\/100|[from] Sandstorm\n|-damage|p1a: Clefable|63\/100|[from] Sandstorm\n|-heal|p2a: Sinistcha|77\/100|[from] item: Leftovers\n|upkeep\n|turn|8\n|inactive|Ipadritu has 120 seconds left.\n|\n|t:|1700041440\n|move|p2a: Sinistcha|Matcha Gotcha|p1a: Clefable|[miss]\n|-miss|p2a: Sinistcha|p1a: Clefable\n|move|p1a: Clefable|Ice Beam|p2a: Sinistcha\n|-supereffective|p2a: Sinistcha\n|-damage|p2a: Sinistcha|31\/100\n|-status|p2a: Sinistcha|frz\n|\n|-weather|none\n|-heal|p2a: Sinistcha|37\/100 frz|[from] item: Leftovers\n|upkeep\n|turn|9\n|\n|t:|1700041449\n|cant|p2a: Sinistcha|frz\n|move|p1a: Clefable|Moonblast|p2a: Sinistcha\n|-damage|p2a: Sinistcha|1\/100 frz\n|\n|-heal|p2a: Sinistcha|7\/100 frz|[from] item: Leftovers\n|upkeep\n|turn|10\n|\n|t:|1700041455\n|cant|p2a: Sinistcha|frz\n|move|p1a: Clefable|Moonblast|p2a: Sinistcha\n|-damage|p2a: Sinistcha|0 fnt\n|faint|p2a: Sinistcha\n|\n|upkeep\n|\n|t:|1700041460\n|switch|p2a: Scizor|Scizor, F|88\/100\n|turn|11\n|\n|t:|1700041468\n|switch|p1a: Hippowdon|Hippowdon, F|100\/100\n|-weather|Sandstorm|[from] ability: Sand Stream|[of] p1a: Hippowdon\n|move|p2a: Scizor|Bullet Punch|p1a: Hippowdon\n|-damage|p1a: Hippowdon|78\/100\n|\n|-weather|Sandstorm|[upkeep]\n|upkeep\n|turn|12\n|\n|t:|1700041476\n|move|p2a: Scizor|U-turn|p1a: Hippowdon\n|-damage|p1a: Hippowdon|48\/100\n|\n|t:|1700041490\n|switch|p2a: Kingambit|Kingambit, F|100\/100|[from] U-turn\n|move|p1a: Hippowdon|Earthquake|p2a: Kingambit\n|-damage|p2a: Kingambit|22\/100\n|replace|p2a: Zoroark|Zoroark-Hisui, M\n|-end|p2a: Zoroark|Illusion\n|\n|-weather|Sandstorm|[upkeep]\n|-damage|p2a: Zoroark|16\/100|[from] Sandstorm\n|upkeep\n|turn|13\n|\n|t:|1700041497\n|move|p2a: Zoroark|Grass Knot|p1a: Hippowdon\n|-supereffective|p1a: Hippowdon\n|-damage|p1a: Hippowdon|0 fnt\n|faint|p1a: Hippowdon\n|\n|-weather|Sandstorm|[upkeep]\n|-damage|p2a: Zoroark|10\/100|[from] Sandstorm\n|upkeep\n|\n|t:|1700041514\n|switch|p1a: Kingambit|Kingambit, M|100\/100\n|-activate|p1a: Kingambit|ability: Supreme Overlord\n|-start|p1a: Kingambit|fallen1|[silent]\n|turn|14\n|\n|t:|1700041519\n|switch|p2a: Kingambit|Kingambit, F|100\/100\n|-activate|p2a: Kingambit|ability: Supreme Overlord\n|-start|p2a: Kingambit|fallen2|[silent]\n|-item|p2a: Kingambit|Air Balloon\n|move|p1a: Kingambit|Sucker Punch||[still]\n|-fail|p1a: Kingambit\n|\n|-weather|Sandstorm|[upkeep]\n|upkeep\n|turn|15\n|\n|t:|1700041538\n|-terastallize|p1a: Kingambit|Flying\n|move|p2a: Kingambit|Low Kick|p1a: Kingambit\n|-resisted|p1a: Kingambit\n|-damage|p1a: Kingambit|82\/100\n|move|p1a: Kingambit|Swords Dance|p1a: Kingambit\n|-boost|p1a: Kingambit|atk|2\n|\n|-weather|Sandstorm|[upkeep]\n|-damage|p1a: Kingambit|76\/100|[from] Sandstorm\n|upkeep\n|turn|16\n|\n|t:|1700041546\n|move|p2a: Kingambit|Kowtow Cleave|p1a: Kingambit\n|-damage|p1a: Kingambit|31\/100\n|move|p1a: Kingambit|Kowtow Cleave|p2a: Kingambit\n|-resisted|p2a: Kingambit\n|-damage|p2a: Kingambit|46\/100\n|-enditem|p2a: Kingambit|Air Balloon\n|\n|-weather|Sandstorm|[upkeep]\n|-damage|p1a: Kingambit|25\/100|[from] Sandstorm\n|upkeep\n|turn|17\n|\n|t:|1700041551\n|move|p2a: Kingambit|Sucker Punch|p1a: Kingambit\n|-damage|p1a: Kingambit|0 fnt\n|faint|p1a: Kingambit\n|-end|p1a: Kingambit|fallen1|[silent]\n|\n|-weather|Sandstorm|[upkeep]\n|upkeep\n|\n|t:|1700041559\n|switch|p1a: Tatsugiri|Tatsugiri, M|4\/100\n|turn|18\n|\n|t:|1700041563\n|move|p2a: Kingambit|Sucker Punch||[still]\n|-fail|p2a: Kingambit\n|move|p1a: Tatsugiri|Nasty Plot|p1a: Tatsugiri\n|-boost|p1a: Tatsugiri|spa|2\n|\n|-weather|none\n|upkeep\n|turn|19\n|\n|t:|1700041567\n|move|p2a: Kingambit|Sucker Punch||[still]\n|-fail|p2a: Kingambit\n|move|p1a: Tatsugiri|Nasty Plot|p1a: Tatsugiri\n|-boost|p1a: Tatsugiri|spa|2\n|\n|upkeep\n|turn|20\n|\n|t:|1700041570\n|move|p2a: Kingambit|Sucker Punch||[still]\n|-fail|p2a: Kingambit\n|move|p1a: Tatsugiri|Nasty Plot|p1a: Tatsugiri\n|-boost|p1a: Tatsugiri|spa|2\n|\n|upkeep\n|turn|21\n|\n|t:|1700041575\n|move|p2a: Kingambit|Sucker Punch||[still]\n|-fail|p2a: Kingambit\n|move|p1a: Tatsugiri|Nasty Plot|p1a: Tatsugiri\n|-boost|p1a: Tatsugiri|spa|0\n|\n|upkeep\n|turn|22\n|\n|t:|1700041578\n|move|p1a: Tatsugiri|Nasty Plot|p1a: Tatsugiri\n|-boost|p1a: Tatsugiri|spa|0\n|move|p2a: Kingambit|Kowtow Cleave|p1a: Tatsugiri\n|-damage|p1a: Tatsugiri|0 fnt\n|faint|p1a: Tatsugiri\n|\n|upkeep\n|\n|t:|1700041582\n|switch|p1a: Landorus|Landorus-Therian, M|100\/100\n|-ability|p1a: Landorus|Intimidate|boost\n|-unboost|p2a: Kingambit|atk|1\n|turn|23\n|\n|t:|1700041589\n|move|p1a: Landorus|Bulk Up|p1a: Landorus\n|-boost|p1a: Landorus|atk|1\n|-boost|p1a: Landorus|def|1\n|move|p2a: Kingambit|Kowtow Cleave|p1a: Landorus\n|-damage|p1a: Landorus|67\/100\n|\n|upkeep\n|turn|24\n|\n|t:|1700041595\n|move|p1a: Landorus|Earthquake|p2a: Kingambit\n|-supereffective|p2a: Kingambit\n|-damage|p2a: Kingambit|0 fnt\n|faint|p2a: Kingambit\n|-end|p2a: Kingambit|fallen2|[silent]\n|\n|upkeep\n|\n|t:|1700041603\n|switch|p2a: Scizor|Scizor, F|88\/100\n|turn|25\n|\n|t:|1700041606\n|move|p1a: Landorus|Earthquake|p2a: Scizor\n|-damage|p2a: Scizor|0 fnt\n|faint|p2a: Scizor\n|\n|upkeep\n|\n|t:|1700041610\n|switch|p2a: Clodsire|Clodsire, M|10\/100\n|turn|26\n|inactive|BOX CRUSHER has 120 seconds left.\n|\n|t:|1700041640\n|switch|p1a: Bronzong|Bronzong|46\/100\n|move|p2a: Clodsire|Shadow Ball|p1a: Bronzong\n|-supereffective|p1a: Bronzong\n|-damage|p1a: Bronzong|0 fnt\n|faint|p1a: Bronzong\n|\n|upkeep\n|\n|t:|1700041643\n|switch|p1a: Clefable|Clefable, F|63\/100\n|turn|27\n|\n|t:|1700041647\n|switch|p2a: Clodsire|Clodsire, M|100\/100\n|move|p1a: Clefable|Moonblast|p2a: Clodsire\n|-resisted|p2a: Clodsire\n|-damage|p2a: Clodsire|93\/100\n|\n|-heal|p2a: Clodsire|99\/100|[from] item: Leftovers\n|upkeep\n|turn|28\n|\n|t:|1700041652\n|move|p1a: Clefable|Wish|p1a: Clefable\n|move|p2a: Clodsire|Toxic|p1a: Clefable\n|-status|p1a: Clefable|tox\n|\n|-heal|p2a: Clodsire|100\/100|[from] item: Leftovers\n|-damage|p1a: Clefable|57\/100 tox|[from] psn\n|upkeep\n|turn|29\n|\n|t:|1700041660\n|move|p1a: Clefable|Encore|p2a: Clodsire\n|-start|p2a: Clodsire|Encore\n|move|p2a: Clodsire|Toxic|p1a: Clefable\n|-fail|p1a: Clefable|tox\n|\n|-heal|p1a: Clefable|100\/100 tox|[from] move: Wish|[wisher] Clefable\n|-damage|p1a: Clefable|88\/100 tox|[from] psn\n|upkeep\n|turn|30\n|\n|t:|1700041668\n|move|p1a: Clefable|Wish|p1a: Clefable\n|move|p2a: Clodsire|Toxic|p1a: Clefable\n|-fail|p1a: Clefable|tox\n|\n|-damage|p1a: Clefable|70\/100 tox|[from] psn\n|upkeep\n|turn|31\n|\n|t:|1700041672\n|switch|p1a: Landorus|Landorus-Therian, M|67\/100\n|-ability|p1a: Landorus|Intimidate|boost\n|-unboost|p2a: Clodsire|atk|1\n|move|p2a: Clodsire|Toxic|p1a: Landorus\n|-status|p1a: Landorus|tox\n|\n|-heal|p1a: Landorus|100\/100 tox|[from] move: Wish|[wisher] Clefable\n|-damage|p1a: Landorus|95\/100 tox|[from] psn\n|-end|p2a: Clodsire|Encore\n|upkeep\n|turn|32\n|\n|t:|1700041678\n|-terastallize|p2a: Clodsire|Water\n|move|p1a: Landorus|Earthquake|p2a: Clodsire\n|-damage|p2a: Clodsire|29\/100\n|move|p2a: Clodsire|Recover|p2a: Clodsire\n|-heal|p2a: Clodsire|79\/100\n|\n|-heal|p2a: Clodsire|86\/100|[from] item: Leftovers\n|-damage|p1a: Landorus|83\/100 tox|[from] psn\n|upkeep\n|turn|33\n|\n|t:|1700041687\n|move|p1a: Landorus|Bulk Up|p1a: Landorus\n|-boost|p1a: Landorus|atk|1\n|-boost|p1a: Landorus|def|1\n|move|p2a: Clodsire|Recover|p2a: Clodsire\n|-heal|p2a: Clodsire|100\/100\n|\n|-damage|p1a: Landorus|65\/100 tox|[from] psn\n|upkeep\n|turn|34\n|\n|t:|1700041693\n|move|p1a: Landorus|Earthquake|p2a: Clodsire\n|-damage|p2a: Clodsire|0 fnt\n|faint|p2a: Clodsire\n|\n|-damage|p1a: Landorus|41\/100 tox|[from] psn\n|upkeep\n|\n|t:|1700041696\n|switch|p2a: Zoroark|Zoroark-Hisui, M|10\/100\n|turn|35\n|\n|t:|1700041702\n|move|p2a: Zoroark|Shadow Ball|p1a: Landorus\n|-damage|p1a: Landorus|0 fnt\n|faint|p1a: Landorus\n|\n|upkeep\n|\n|t:|1700041704\n|switch|p1a: Clefable|Clefable, F|70\/100 tox\n|turn|36\n|\n|t:|1700041705\n|move|p2a: Zoroark|Shadow Ball|p1a: Clefable\n|-damage|p1a: Clefable|25\/100 tox\n|move|p1a: Clefable|Moonblast|p2a: Zoroark\n|-damage|p2a: Zoroark|0 fnt\n|faint|p2a: Zoroark\n|\n|win|BOX CRUSHER\n|raw|BOX CRUSHER's rating: 1217 &rarr; <strong>1244<\/strong><br \/>(+27 for winning)\n|raw|Ipadritu's rating: 1245 &rarr; <strong>1218<\/strong><br \/>(-27 for losing)\n","uploadtime":1700041712,"views":15,"p1id":"boxcrusher","p2id":"ipadritu","formatid":"gen9ou","rating":1218,"private":0,"password":""}