{"id":"gen9ou-1996285743","p1":"Qadd1000","p2":"kookies&kilik","format":"[Gen 9] OU","log":"|j|\u2606Qadd1000\n|j|\u2606kookies&kilik\n|t:|1700667563\n|gametype|singles\n|player|p1|Qadd1000|2|1085\n|player|p2|kookies&kilik|iris-gen5bw2|1090\n|teamsize|p1|6\n|teamsize|p2|6\n|gen|9\n|tier|[Gen 9] OU\n|rated|\n|rule|Sleep Clause Mod: Limit one foe put to sleep\n|rule|Species Clause: Limit one of each Pok\u00e9mon\n|rule|OHKO Clause: OHKO moves are banned\n|rule|Evasion Items Clause: Evasion items are banned\n|rule|Evasion Moves Clause: Evasion moves are banned\n|rule|Endless Battle Clause: Forcing endless battles is banned\n|rule|HP Percentage Mod: HP is shown in percentages\n|clearpoke\n|poke|p1|Ogerpon-Wellspring, F|\n|poke|p1|Gholdengo|\n|poke|p1|Kingambit, M|\n|poke|p1|Glimmora, F|\n|poke|p1|Iron Moth|\n|poke|p1|Iron Valiant|\n|poke|p2|Krookodile, F|\n|poke|p2|Tinkaton, F|\n|poke|p2|Rotom-Wash|\n|poke|p2|Arcanine-Hisui, F|\n|poke|p2|Frosmoth, M|\n|poke|p2|Lurantis, M|\n|teampreview\n|inactive|Battle timer is ON: inactive players will automatically lose when time's up. (requested by Qadd1000)\n|\n|t:|1700667577\n|start\n|switch|p1a: Glimmora|Glimmora, F|100\/100\n|switch|p2a: Rotom|Rotom-Wash|100\/100\n|turn|1\n|\n|t:|1700667583\n|move|p2a: Rotom|Hydro Pump|p1a: Glimmora\n|-supereffective|p1a: Glimmora\n|-enditem|p1a: Glimmora|Focus Sash\n|-damage|p1a: Glimmora|1\/100\n|move|p1a: Glimmora|Energy Ball|p2a: Rotom\n|-supereffective|p2a: Rotom\n|-crit|p2a: Rotom\n|-damage|p2a: Rotom|0 fnt\n|faint|p2a: Rotom\n|\n|upkeep\n|\n|t:|1700667598\n|switch|p2a: Frosmoth|Frosmoth, M|100\/100\n|turn|2\n|\n|t:|1700667612\n|switch|p1a: Iron Moth|Iron Moth|100\/100\n|-enditem|p1a: Iron Moth|Booster Energy\n|-activate|p1a: Iron Moth|ability: Quark Drive|[fromitem]\n|-start|p1a: Iron Moth|quarkdrivespa\n|move|p2a: Frosmoth|Quiver Dance|p2a: Frosmoth\n|-boost|p2a: Frosmoth|spa|1\n|-boost|p2a: Frosmoth|spd|1\n|-boost|p2a: Frosmoth|spe|1\n|\n|upkeep\n|turn|3\n|\n|t:|1700667626\n|-terastallize|p1a: Iron Moth|Fairy\n|move|p1a: Iron Moth|Fiery Dance|p2a: Frosmoth\n|-supereffective|p2a: Frosmoth\n|-damage|p2a: Frosmoth|7\/100\n|move|p2a: Frosmoth|Quiver Dance|p2a: Frosmoth\n|-boost|p2a: Frosmoth|spa|1\n|-boost|p2a: Frosmoth|spd|1\n|-boost|p2a: Frosmoth|spe|1\n|\n|upkeep\n|turn|4\n|\n|t:|1700667640\n|move|p2a: Frosmoth|Bug Buzz|p1a: Iron Moth\n|-resisted|p1a: Iron Moth\n|-damage|p1a: Iron Moth|52\/100\n|move|p1a: Iron Moth|Fiery Dance|p2a: Frosmoth\n|-supereffective|p2a: Frosmoth\n|-damage|p2a: Frosmoth|0 fnt\n|-boost|p1a: Iron Moth|spa|1\n|faint|p2a: Frosmoth\n|\n|upkeep\n|\n|t:|1700667652\n|switch|p2a: Arcanine|Arcanine-Hisui, F|100\/100\n|turn|5\n|\n|t:|1700667660\n|move|p2a: Arcanine|Extreme Speed|p1a: Iron Moth\n|-damage|p1a: Iron Moth|0 fnt\n|faint|p1a: Iron Moth\n|-end|p1a: Iron Moth|Quark Drive|[silent]\n|-damage|p2a: Arcanine|91\/100|[from] item: Life Orb\n|\n|upkeep\n|\n|t:|1700667668\n|switch|p1a: Ogerpon|Ogerpon-Wellspring, F|100\/100\n|turn|6\n|\n|t:|1700667677\n|switch|p2a: Lurantis|Lurantis, M|100\/100\n|move|p1a: Ogerpon|Ivy Cudgel|p2a: Lurantis|[anim] Ivy Cudgel Water\n|-resisted|p2a: Lurantis\n|-crit|p2a: Lurantis\n|-damage|p2a: Lurantis|52\/100\n|\n|upkeep\n|turn|7\n|\n|t:|1700667685\n|switch|p1a: Glimmora|Glimmora, F|1\/100\n|move|p2a: Lurantis|Superpower|p1a: Glimmora\n|-damage|p1a: Glimmora|0 fnt\n|-boost|p2a: Lurantis|atk|1\n|-boost|p2a: Lurantis|def|1\n|-activate|p1a: Glimmora|ability: Toxic Debris\n|-sidestart|p2: kookies&kilik|move: Toxic Spikes\n|faint|p1a: Glimmora\n|\n|upkeep\n|\n|t:|1700667691\n|switch|p1a: Iron Valiant|Iron Valiant|100\/100\n|-enditem|p1a: Iron Valiant|Booster Energy\n|-activate|p1a: Iron Valiant|ability: Quark Drive|[fromitem]\n|-start|p1a: Iron Valiant|quarkdrivespe\n|turn|8\n|\n|t:|1700667699\n|move|p1a: Iron Valiant|Moonblast|p2a: Lurantis\n|-damage|p2a: Lurantis|21\/100\n|-boost|p2a: Lurantis|spa|1\n|move|p2a: Lurantis|Poison Jab|p1a: Iron Valiant\n|-supereffective|p1a: Iron Valiant\n|-damage|p1a: Iron Valiant|2\/100\n|-status|p1a: Iron Valiant|psn\n|\n|-damage|p1a: Iron Valiant|0 fnt|[from] psn\n|faint|p1a: Iron Valiant\n|-end|p1a: Iron Valiant|Quark Drive|[silent]\n|upkeep\n|\n|t:|1700667718\n|switch|p1a: Gholdengo|Gholdengo|100\/100\n|-item|p1a: Gholdengo|Air Balloon\n|turn|9\n|\n|t:|1700667725\n|move|p1a: Gholdengo|Shadow Ball|p2a: Lurantis\n|-damage|p2a: Lurantis|0 fnt\n|faint|p2a: Lurantis\n|\n|upkeep\n|\n|t:|1700667736\n|switch|p2a: Krookodile|Krookodile, F|100\/100\n|-status|p2a: Krookodile|psn\n|-ability|p2a: Krookodile|Intimidate|boost\n|-unboost|p1a: Gholdengo|atk|1\n|turn|10\n|\n|t:|1700667749\n|switch|p1a: Ogerpon|Ogerpon-Wellspring, F|100\/100\n|move|p2a: Krookodile|Knock Off|p1a: Ogerpon\n|-damage|p1a: Ogerpon|59\/100\n|\n|-damage|p2a: Krookodile|88\/100 psn|[from] psn\n|upkeep\n|turn|11\n|\n|t:|1700667757\n|switch|p2a: Tinkaton|Tinkaton, F|100\/100\n|move|p1a: Ogerpon|Stomping Tantrum|p2a: Tinkaton\n|-supereffective|p2a: Tinkaton\n|-damage|p2a: Tinkaton|18\/100\n|\n|-heal|p2a: Tinkaton|24\/100|[from] item: Leftovers\n|upkeep\n|turn|12\n|\n|t:|1700667764\n|move|p2a: Tinkaton|Fake Out|p1a: Ogerpon\n|-damage|p1a: Ogerpon|45\/100\n|cant|p1a: Ogerpon|flinch\n|\n|-heal|p2a: Tinkaton|30\/100|[from] item: Leftovers\n|upkeep\n|turn|13\n|\n|t:|1700667770\n|move|p1a: Ogerpon|Ivy Cudgel|p2a: Tinkaton|[anim] Ivy Cudgel Water\n|-damage|p2a: Tinkaton|0 fnt\n|faint|p2a: Tinkaton\n|\n|upkeep\n|\n|t:|1700667777\n|switch|p2a: Krookodile|Krookodile, F|88\/100 psn\n|-ability|p2a: Krookodile|Intimidate|boost\n|-unboost|p1a: Ogerpon|atk|1\n|turn|14\n|\n|t:|1700667796\n|switch|p1a: Gholdengo|Gholdengo|100\/100\n|-item|p1a: Gholdengo|Air Balloon\n|-terastallize|p2a: Krookodile|Ground\n|move|p2a: Krookodile|Earthquake|p1a: Gholdengo\n|-immune|p1a: Gholdengo\n|\n|-damage|p2a: Krookodile|76\/100 psn|[from] psn\n|upkeep\n|turn|15\n|\n|t:|1700667803\n|switch|p2a: Arcanine|Arcanine-Hisui, F|91\/100\n|-status|p2a: Arcanine|psn\n|move|p1a: Gholdengo|Shadow Ball|p2a: Arcanine\n|-damage|p2a: Arcanine|34\/100 psn\n|-unboost|p2a: Arcanine|spd|1\n|\n|-damage|p2a: Arcanine|22\/100 psn|[from] psn\n|upkeep\n|turn|16\n|\n|t:|1700667809\n|move|p2a: Arcanine|Flare Blitz|p1a: Gholdengo\n|-supereffective|p1a: Gholdengo\n|-damage|p1a: Gholdengo|0 fnt\n|-enditem|p1a: Gholdengo|Air Balloon\n|faint|p1a: Gholdengo\n|-damage|p2a: Arcanine|12\/100 psn|[from] item: Life Orb\n|\n|-damage|p2a: Arcanine|0 fnt|[from] psn\n|faint|p2a: Arcanine\n|upkeep\n|\n|t:|1700667815\n|switch|p2a: Krookodile|Krookodile, F, tera:Ground|76\/100 psn\n|switch|p1a: Kingambit|Kingambit, M|100\/100\n|-ability|p2a: Krookodile|Intimidate|boost\n|-unboost|p1a: Kingambit|atk|1\n|-activate|p1a: Kingambit|ability: Supreme Overlord\n|-start|p1a: Kingambit|fallen4|[silent]\n|turn|17\n|\n|t:|1700667823\n|move|p1a: Kingambit|Sucker Punch|p2a: Krookodile\n|-damage|p2a: Krookodile|22\/100 psn\n|move|p2a: Krookodile|Earthquake|p1a: Kingambit\n|-supereffective|p1a: Kingambit\n|-damage|p1a: Kingambit|0 fnt\n|faint|p1a: Kingambit\n|-end|p1a: Kingambit|fallen4|[silent]\n|\n|-damage|p2a: Krookodile|10\/100 psn|[from] psn\n|upkeep\n|\n|t:|1700667828\n|switch|p1a: Ogerpon|Ogerpon-Wellspring, F|45\/100\n|turn|18\n|\n|t:|1700667832\n|move|p2a: Krookodile|Earthquake|p1a: Ogerpon\n|-resisted|p1a: Ogerpon\n|-damage|p1a: Ogerpon|0 fnt\n|faint|p1a: Ogerpon\n|\n|win|kookies&kilik\n|raw|Qadd1000's rating: 1085 &rarr; <strong>1063<\/strong><br \/>(-22 for losing)\n|raw|kookies&amp;kilik's rating: 1090 &rarr; <strong>1116<\/strong><br \/>(+26 for winning)\n|l|\u2606Qadd1000\n|c|\u2606kookies&kilik|let\u2019s goooo\n","uploadtime":1700667845,"views":0,"p1id":"qadd1000","p2id":"kookieskilik","formatid":"gen9ou","rating":1063,"private":0,"password":""}