{"id":"gen9ou-1990147773","p1":"demigodbcneal2","p2":"RizzBT","format":"[Gen 9] OU","log":"|j|\u2606demigodbcneal2\n|j|\u2606RizzBT\n|t:|1699929781\n|gametype|singles\n|player|p1|demigodbcneal2|fantina|1410\n|player|p2|RizzBT|veteran|1468\n|teamsize|p1|6\n|teamsize|p2|6\n|gen|9\n|tier|[Gen 9] OU\n|rated|\n|rule|Sleep Clause Mod: Limit one foe put to sleep\n|rule|Species Clause: Limit one of each Pok\u00e9mon\n|rule|OHKO Clause: OHKO moves are banned\n|rule|Evasion Items Clause: Evasion items are banned\n|rule|Evasion Moves Clause: Evasion moves are banned\n|rule|Endless Battle Clause: Forcing endless battles is banned\n|rule|HP Percentage Mod: HP is shown in percentages\n|clearpoke\n|poke|p1|Zamazenta-*|\n|poke|p1|Dondozo, M|\n|poke|p1|Clodsire, M|\n|poke|p1|Hatterene, F|\n|poke|p1|Rillaboom, M|\n|poke|p1|Greninja-*, M|\n|poke|p2|Tyranitar, F|\n|poke|p2|Rotom-Wash|\n|poke|p2|Scizor, F|\n|poke|p2|Great Tusk|\n|poke|p2|Zoroark-Hisui, M|\n|poke|p2|Lycanroc, F|\n|teampreview\n|\n|t:|1699929809\n|start\n|switch|p1a: Rillaboom|Rillaboom, M|100\/100\n|switch|p2a: Lycanroc|Lycanroc, F, shiny|100\/100\n|-fieldstart|move: Grassy Terrain|[from] ability: Grassy Surge|[of] p1a: Rillaboom\n|turn|1\n|inactive|Battle timer is ON: inactive players will automatically lose when time's up. (requested by demigodbcneal2)\n|\n|t:|1699929817\n|switch|p2a: Scizor|Scizor, F, shiny|100\/100\n|move|p1a: Rillaboom|Grassy Glide|p2a: Scizor\n|-resisted|p2a: Scizor\n|-damage|p2a: Scizor|87\/100\n|\n|-heal|p2a: Scizor|94\/100|[from] Grassy Terrain\n|upkeep\n|turn|2\n|\n|t:|1699929822\n|switch|p1a: Dondozo|Dondozo, M|100\/100\n|move|p2a: Scizor|U-turn|p1a: Dondozo\n|-damage|p1a: Dondozo|72\/100\n|inactive|RizzBT has 120 seconds left.\n|\n|t:|1699929854\n|switch|p2a: Lycanroc|Lycanroc, F, shiny|100\/100|[from] U-turn\n|\n|-heal|p1a: Dondozo|78\/100|[from] Grassy Terrain\n|-heal|p1a: Dondozo|84\/100|[from] item: Leftovers\n|upkeep\n|turn|3\n|\n|t:|1699929872\n|switch|p1a: Clodsire|Clodsire, M|100\/100\n|move|p2a: Lycanroc|Grass Knot|p1a: Clodsire\n|-damage|p1a: Clodsire|57\/100\n|\n|-heal|p1a: Clodsire|63\/100|[from] Grassy Terrain\n|-heal|p1a: Clodsire|70\/100|[from] item: Black Sludge\n|upkeep\n|turn|4\n|\n|t:|1699929883\n|switch|p2a: Scizor|Scizor, F, shiny|94\/100\n|move|p1a: Clodsire|Recover|p1a: Clodsire\n|-heal|p1a: Clodsire|100\/100\n|\n|-heal|p2a: Scizor|99\/100|[from] Grassy Terrain\n|upkeep\n|turn|5\n|inactive|demigodbcneal2 has 120 seconds left.\n|\n|t:|1699929929\n|switch|p1a: Dondozo|Dondozo, M|84\/100\n|move|p2a: Scizor|Trailblaze|p1a: Dondozo\n|-supereffective|p1a: Dondozo\n|-damage|p1a: Dondozo|34\/100\n|-boost|p2a: Scizor|spe|1\n|\n|-heal|p2a: Scizor|100\/100|[from] Grassy Terrain\n|-heal|p1a: Dondozo|41\/100|[from] Grassy Terrain\n|-heal|p1a: Dondozo|47\/100|[from] item: Leftovers\n|-fieldend|move: Grassy Terrain\n|upkeep\n|turn|6\n|\n|t:|1699929946\n|move|p2a: Scizor|Trailblaze|p1a: Dondozo\n|-supereffective|p1a: Dondozo\n|-damage|p1a: Dondozo|9\/100\n|-boost|p2a: Scizor|spe|1\n|move|p1a: Dondozo|Rest|p1a: Dondozo\n|-status|p1a: Dondozo|slp|[from] move: Rest\n|-heal|p1a: Dondozo|100\/100 slp|[silent]\n|\n|upkeep\n|turn|7\n|inactive|demigodbcneal2 has 120 seconds left.\n|\n|t:|1699929959\n|move|p2a: Scizor|Trailblaze|p1a: Dondozo\n|-supereffective|p1a: Dondozo\n|-damage|p1a: Dondozo|62\/100 slp\n|-boost|p2a: Scizor|spe|1\n|cant|p1a: Dondozo|slp\n|move|p1a: Dondozo|Sleep Talk|p1a: Dondozo\n|move|p1a: Dondozo|Liquidation|p2a: Scizor|[from]move: Sleep Talk\n|-damage|p2a: Scizor|73\/100\n|-unboost|p2a: Scizor|def|1\n|\n|-heal|p1a: Dondozo|68\/100 slp|[from] item: Leftovers\n|upkeep\n|turn|8\n|inactive|demigodbcneal2 has 120 seconds left.\n|\n|t:|1699929973\n|switch|p2a: Rotom|Rotom-Wash, shiny|100\/100\n|cant|p1a: Dondozo|slp\n|move|p1a: Dondozo|Sleep Talk|p1a: Dondozo\n|move|p1a: Dondozo|Curse|p1a: Dondozo|[from]move: Sleep Talk\n|-unboost|p1a: Dondozo|spe|1\n|-boost|p1a: Dondozo|atk|1\n|-boost|p1a: Dondozo|def|1\n|\n|-heal|p1a: Dondozo|74\/100 slp|[from] item: Leftovers\n|upkeep\n|turn|9\n|inactive|demigodbcneal2 has 120 seconds left.\n|\n|t:|1699929988\n|switch|p2a: Great Tusk|Great Tusk, shiny|100\/100\n|switch|p1a: Clodsire|Clodsire, M|100\/100\n|\n|upkeep\n|turn|10\n|inactive|demigodbcneal2 has 120 seconds left.\n|\n|t:|1699930012\n|switch|p1a: Dondozo|Dondozo, M|74\/100 slp\n|move|p2a: Great Tusk|Headlong Rush|p1a: Dondozo\n|-damage|p1a: Dondozo|46\/100 slp\n|-unboost|p2a: Great Tusk|def|1\n|-unboost|p2a: Great Tusk|spd|1\n|\n|-heal|p1a: Dondozo|52\/100 slp|[from] item: Leftovers\n|upkeep\n|turn|11\n|inactive|RizzBT has 120 seconds left.\n|\n|t:|1699930041\n|-end|p2a: Great Tusk|Protosynthesis|[silent]\n|switch|p2a: Rotom|Rotom-Wash, shiny|100\/100\n|-curestatus|p1a: Dondozo|slp|[msg]\n|move|p1a: Dondozo|Sleep Talk||[still]\n|-fail|p1a: Dondozo\n|\n|-heal|p1a: Dondozo|59\/100|[from] item: Leftovers\n|upkeep\n|turn|12\n|inactive|RizzBT has 120 seconds left.\n|\n|t:|1699930056\n|switch|p1a: Clodsire|Clodsire, M|100\/100\n|move|p2a: Rotom|Volt Switch|p1a: Clodsire\n|-immune|p1a: Clodsire\n|\n|upkeep\n|turn|13\n|\n|t:|1699930064\n|switch|p2a: Scizor|Scizor, F, shiny|73\/100\n|move|p1a: Clodsire|Toxic|p2a: Scizor\n|-immune|p2a: Scizor\n|\n|upkeep\n|turn|14\n|inactive|demigodbcneal2 has 120 seconds left.\n|\n|t:|1699930077\n|move|p2a: Scizor|Bullet Punch|p1a: Clodsire\n|-damage|p1a: Clodsire|39\/100\n|move|p1a: Clodsire|Curse|p1a: Clodsire\n|-unboost|p1a: Clodsire|spe|1\n|-boost|p1a: Clodsire|atk|1\n|-boost|p1a: Clodsire|def|1\n|\n|-heal|p1a: Clodsire|45\/100|[from] item: Black Sludge\n|upkeep\n|turn|15\n|inactive|demigodbcneal2 has 120 seconds left.\n|\n|t:|1699930094\n|switch|p1a: Dondozo|Dondozo, M|59\/100\n|move|p2a: Scizor|Bullet Punch|p1a: Dondozo\n|-resisted|p1a: Dondozo\n|-damage|p1a: Dondozo|47\/100\n|\n|-heal|p1a: Dondozo|53\/100|[from] item: Leftovers\n|upkeep\n|turn|16\n|\n|t:|1699930099\n|switch|p2a: Rotom|Rotom-Wash, shiny|100\/100\n|move|p1a: Dondozo|Rest|p1a: Dondozo\n|-status|p1a: Dondozo|slp|[from] move: Rest\n|-heal|p1a: Dondozo|100\/100 slp|[silent]\n|\n|upkeep\n|turn|17\n|inactive|demigodbcneal2 has 120 seconds left.\n|\n|t:|1699930119\n|switch|p1a: Hatterene|Hatterene, F|100\/100\n|move|p2a: Rotom|Volt Switch|p1a: Hatterene\n|-damage|p1a: Hatterene|76\/100\n|\n|t:|1699930128\n|switch|p2a: Lycanroc|Lycanroc, F, shiny|100\/100|[from] Volt Switch\n|\n|-heal|p1a: Hatterene|82\/100|[from] item: Leftovers\n|upkeep\n|turn|18\n|\n|t:|1699930142\n|move|p2a: Lycanroc|Shadow Ball|p1a: Hatterene\n|-supereffective|p1a: Hatterene\n|-damage|p1a: Hatterene|0 fnt\n|faint|p1a: Hatterene\n|\n|upkeep\n|inactive|demigodbcneal2 has 120 seconds left.\n|\n|t:|1699930153\n|switch|p1a: Zamazenta|Zamazenta|100\/100\n|-ability|p1a: Zamazenta|Dauntless Shield|boost\n|-boost|p1a: Zamazenta|def|1\n|turn|19\n|inactive|RizzBT has 120 seconds left.\n|inactive|RizzBT has 90 seconds left.\n|\n|t:|1699930224\n|switch|p2a: Rotom|Rotom-Wash, shiny|100\/100\n|move|p1a: Zamazenta|Crunch|p2a: Rotom\n|-damage|p2a: Rotom|59\/100\n|-unboost|p2a: Rotom|def|1\n|\n|-heal|p2a: Rotom|65\/100|[from] item: Leftovers\n|upkeep\n|turn|20\n|\n|t:|1699930229\n|move|p1a: Zamazenta|Crunch|p2a: Rotom\n|-damage|p2a: Rotom|5\/100\n|-unboost|p2a: Rotom|def|1\n|move|p2a: Rotom|Thunder Wave|p1a: Zamazenta\n|-status|p1a: Zamazenta|par\n|\n|-heal|p2a: Rotom|12\/100|[from] item: Leftovers\n|upkeep\n|turn|21\n|inactive|RizzBT has 90 seconds left.\n|\n|t:|1699930236\n|move|p2a: Rotom|Volt Switch|p1a: Zamazenta\n|-damage|p1a: Zamazenta|76\/100 par\n|\n|t:|1699930240\n|switch|p2a: Great Tusk|Great Tusk, shiny|100\/100|[from] Volt Switch\n|move|p1a: Zamazenta|Crunch|p2a: Great Tusk\n|-resisted|p2a: Great Tusk\n|-damage|p2a: Great Tusk|86\/100\n|\n|upkeep\n|turn|22\n|inactive|RizzBT has 90 seconds left.\n|\n|t:|1699930265\n|switch|p1a: Dondozo|Dondozo, M|100\/100 slp\n|move|p2a: Great Tusk|Headlong Rush|p1a: Dondozo\n|-damage|p1a: Dondozo|75\/100 slp\n|-unboost|p2a: Great Tusk|def|1\n|-unboost|p2a: Great Tusk|spd|1\n|\n|-heal|p1a: Dondozo|81\/100 slp|[from] item: Leftovers\n|upkeep\n|turn|23\n|inactive|RizzBT has 90 seconds left.\n|\n|t:|1699930280\n|-end|p2a: Great Tusk|Protosynthesis|[silent]\n|switch|p2a: Lycanroc|Lycanroc, F, shiny|100\/100\n|switch|p1a: Rillaboom|Rillaboom, M|100\/100\n|-fieldstart|move: Grassy Terrain|[from] ability: Grassy Surge|[of] p1a: Rillaboom\n|\n|upkeep\n|turn|24\n|inactive|demigodbcneal2 has 120 seconds left.\n|\n|t:|1699930312\n|switch|p2a: Scizor|Scizor, F, shiny|73\/100\n|move|p1a: Rillaboom|Grassy Glide|p2a: Scizor\n|-resisted|p2a: Scizor\n|-damage|p2a: Scizor|59\/100\n|\n|-heal|p2a: Scizor|65\/100|[from] Grassy Terrain\n|upkeep\n|turn|25\n|\n|t:|1699930321\n|switch|p1a: Greninja|Greninja, M|100\/100\n|move|p2a: Scizor|U-turn|p1a: Greninja\n|-supereffective|p1a: Greninja\n|-damage|p1a: Greninja|0 fnt\n|faint|p1a: Greninja\n|\n|t:|1699930325\n|switch|p2a: Lycanroc|Lycanroc, F, shiny|100\/100|[from] U-turn\n|\n|upkeep\n|\n|t:|1699930330\n|switch|p1a: Zamazenta|Zamazenta|76\/100 par\n|turn|26\n|\n|t:|1699930336\n|move|p2a: Lycanroc|Shadow Ball|p1a: Zamazenta\n|-damage|p1a: Zamazenta|18\/100 par\n|-unboost|p1a: Zamazenta|spd|1\n|move|p1a: Zamazenta|Close Combat|p2a: Lycanroc\n|-immune|p2a: Lycanroc\n|\n|-heal|p1a: Zamazenta|24\/100 par|[from] Grassy Terrain\n|upkeep\n|turn|27\n|inactive|RizzBT has 120 seconds left.\n|-message|demigodbcneal2 forfeited.\n|\n|win|RizzBT\n|raw|demigodbcneal2's rating: 1394 &rarr; <strong>1378<\/strong><br \/>(-16 for losing)\n|raw|RizzBT's rating: 1468 &rarr; <strong>1484<\/strong><br \/>(+16 for winning)\n|l|\u2606demigodbcneal2\n","uploadtime":1699930351,"views":11,"p1id":"demigodbcneal2","p2id":"rizzbt","formatid":"gen9ou","rating":1378,"private":0,"password":""}