{"id":"gen9ou-1988731848","p1":"darkrows","p2":"tjamesbasketball","format":"[Gen 9] OU","log":"|j|\u2606darkrows\n|j|\u2606tjamesbasketball\n|t:|1699756057\n|gametype|singles\n|player|p1|darkrows|266|1670\n|player|p2|tjamesbasketball|2|1567\n|teamsize|p1|6\n|teamsize|p2|6\n|gen|9\n|tier|[Gen 9] OU\n|rated|\n|rule|Sleep Clause Mod: Limit one foe put to sleep\n|rule|Species Clause: Limit one of each Pok\u00e9mon\n|rule|OHKO Clause: OHKO moves are banned\n|rule|Evasion Items Clause: Evasion items are banned\n|rule|Evasion Moves Clause: Evasion moves are banned\n|rule|Endless Battle Clause: Forcing endless battles is banned\n|rule|HP Percentage Mod: HP is shown in percentages\n|clearpoke\n|poke|p1|Hoopa-Unbound|\n|poke|p1|Alomomola, M|\n|poke|p1|Corviknight, M|\n|poke|p1|Iron Valiant|\n|poke|p1|Kingambit, M|\n|poke|p1|Rotom-Wash|\n|poke|p2|Ogerpon-Cornerstone, F|\n|poke|p2|Ninetales-Alola, F|\n|poke|p2|Greninja-*, M|\n|poke|p2|Great Tusk|\n|poke|p2|Kingambit, M|\n|poke|p2|Enamorus, F|\n|teampreview\n|inactive|Battle timer is ON: inactive players will automatically lose when time's up. (requested by darkrows)\n|\n|t:|1699756083\n|start\n|switch|p1a: Kingambit|Kingambit, M|100\/100\n|switch|p2a: Ninetales|Ninetales-Alola, F|100\/100\n|-weather|Snow|[from] ability: Snow Warning|[of] p2a: Ninetales\n|turn|1\n|\n|t:|1699756104\n|switch|p2a: Great Tusk|Great Tusk|100\/100\n|-enditem|p2a: Great Tusk|Booster Energy\n|-activate|p2a: Great Tusk|ability: Protosynthesis|[fromitem]\n|-start|p2a: Great Tusk|protosynthesisatk\n|move|p1a: Kingambit|Iron Head|p2a: Great Tusk\n|-damage|p2a: Great Tusk|69\/100\n|\n|-weather|Snow|[upkeep]\n|upkeep\n|turn|2\n|\n|t:|1699756122\n|-end|p1a: Kingambit|fallenundefined|[silent]\n|switch|p1a: Alomomola|Alomomola, M|100\/100\n|move|p2a: Great Tusk|Bulk Up|p2a: Great Tusk\n|-boost|p2a: Great Tusk|atk|1\n|-boost|p2a: Great Tusk|def|1\n|\n|-weather|Snow|[upkeep]\n|upkeep\n|turn|3\n|\n|t:|1699756127\n|move|p2a: Great Tusk|Headlong Rush|p1a: Alomomola\n|-damage|p1a: Alomomola|25\/100\n|-unboost|p2a: Great Tusk|def|1\n|-unboost|p2a: Great Tusk|spd|1\n|move|p1a: Alomomola|Scald|p2a: Great Tusk\n|-supereffective|p2a: Great Tusk\n|-crit|p2a: Great Tusk\n|-damage|p2a: Great Tusk|0 fnt\n|faint|p2a: Great Tusk\n|-end|p2a: Great Tusk|Protosynthesis|[silent]\n|\n|-weather|Snow|[upkeep]\n|upkeep\n|inactive|tjamesbasketball has 120 seconds left.\n|\n|t:|1699756172\n|switch|p2a: Greninja|Greninja, M|100\/100\n|turn|4\n|\n|t:|1699756179\n|switch|p1a: Corviknight|Corviknight, M|100\/100\n|-ability|p1a: Corviknight|Pressure\n|move|p2a: Greninja|Swords Dance|p2a: Greninja\n|-boost|p2a: Greninja|atk|2\n|\n|-weather|Snow|[upkeep]\n|upkeep\n|turn|5\n|\n|t:|1699756183\n|-terastallize|p2a: Greninja|Electric\n|move|p2a: Greninja|Tera Blast|p1a: Corviknight|[anim] Tera Blast Electric\n|-supereffective|p1a: Corviknight\n|-damage|p1a: Corviknight|0 fnt\n|faint|p1a: Corviknight\n|-ability|p2a: Greninja|Battle Bond|boost\n|-boost|p2a: Greninja|atk|1\n|-boost|p2a: Greninja|spa|1\n|-boost|p2a: Greninja|spe|1\n|-activate|p2a: Greninja|ability: Battle Bond\n|-damage|p2a: Greninja|91\/100|[from] item: Life Orb\n|\n|-weather|none\n|upkeep\n|inactive|darkrows has 120 seconds left.\n|\n|t:|1699756224\n|switch|p1a: Iron Valiant|Iron Valiant|100\/100\n|-enditem|p1a: Iron Valiant|Booster Energy\n|-activate|p1a: Iron Valiant|ability: Quark Drive|[fromitem]\n|-start|p1a: Iron Valiant|quarkdrivespe\n|turn|6\n|\n|t:|1699756230\n|move|p2a: Greninja|Liquidation|p1a: Iron Valiant\n|-damage|p1a: Iron Valiant|0 fnt\n|faint|p1a: Iron Valiant\n|-end|p1a: Iron Valiant|Quark Drive|[silent]\n|-damage|p2a: Greninja|81\/100|[from] item: Life Orb\n|\n|upkeep\n|\n|t:|1699756237\n|switch|p1a: Rotom|Rotom-Wash|100\/100\n|turn|7\n|\n|t:|1699756241\n|move|p2a: Greninja|Tera Blast|p1a: Rotom|[anim] Tera Blast Electric\n|-damage|p1a: Rotom|0 fnt\n|faint|p1a: Rotom\n|-damage|p2a: Greninja|71\/100|[from] item: Life Orb\n|\n|upkeep\n|inactive|darkrows has 120 seconds left.\n|\n|t:|1699756252\n|switch|p1a: Kingambit|Kingambit, M|100\/100\n|-activate|p1a: Kingambit|ability: Supreme Overlord\n|-start|p1a: Kingambit|fallen3|[silent]\n|turn|8\n|inactive|darkrows has 120 seconds left.\n|\n|t:|1699756263\n|move|p1a: Kingambit|Sucker Punch|p2a: Greninja\n|-damage|p2a: Greninja|0 fnt\n|faint|p2a: Greninja\n|\n|upkeep\n|\n|t:|1699756270\n|switch|p2a: JoeverPon-Cashflow|Ogerpon-Cornerstone, F|100\/100\n|turn|9\n|inactive|darkrows has 120 seconds left.\n|inactive|darkrows has 90 seconds left.\n|inactive|darkrows has 60 seconds left.\n|inactive|darkrows has 30 seconds left.\n|\n|t:|1699756383\n|-end|p1a: Kingambit|fallen3|[silent]\n|switch|p1a: Alomomola|Alomomola, M|58\/100\n|move|p2a: JoeverPon-Cashflow|Low Kick|p1a: Alomomola\n|-damage|p1a: Alomomola|46\/100\n|\n|upkeep\n|turn|10\n|inactive|darkrows has 30 seconds left.\n|l|\u2606tjamesbasketball\n|inactive|tjamesbasketball disconnected and has a minute to reconnect!\n|player|p2|\n|inactive|tjamesbasketball has 30 seconds to reconnect!\n|inactive|tjamesbasketball has 20 seconds to reconnect!\n|inactive|tjamesbasketball has 15 seconds to reconnect!\n|inactive|tjamesbasketball has 10 seconds to reconnect!\n|j|\u2606tjamesbasketball\n|inactive|tjamesbasketball reconnected and has 80 seconds left.\n|player|p2|tjamesbasketball|hoopster\n|\n|t:|1699756462\n|-terastallize|p1a: Alomomola|Dragon\n|move|p2a: JoeverPon-Cashflow|Power Whip|p1a: Alomomola\n|-resisted|p1a: Alomomola\n|-damage|p1a: Alomomola|29\/100\n|move|p1a: Alomomola|Scald|p2a: JoeverPon-Cashflow\n|-damage|p2a: JoeverPon-Cashflow|84\/100\n|-status|p2a: JoeverPon-Cashflow|brn\n|\n|-damage|p2a: JoeverPon-Cashflow|78\/100 brn|[from] brn\n|upkeep\n|turn|11\n|inactive|darkrows has 30 seconds left.\n|\n|t:|1699756473\n|move|p2a: JoeverPon-Cashflow|Swords Dance|p2a: JoeverPon-Cashflow\n|-boost|p2a: JoeverPon-Cashflow|atk|2\n|move|p1a: Alomomola|Wish|p1a: Alomomola\n|\n|-damage|p2a: JoeverPon-Cashflow|72\/100 brn|[from] brn\n|upkeep\n|turn|12\n|\n|t:|1699756479\n|move|p2a: JoeverPon-Cashflow|Swords Dance|p2a: JoeverPon-Cashflow\n|-boost|p2a: JoeverPon-Cashflow|atk|2\n|move|p1a: Alomomola|Scald|p2a: JoeverPon-Cashflow\n|-damage|p2a: JoeverPon-Cashflow|55\/100 brn\n|\n|-heal|p1a: Alomomola|79\/100|[from] move: Wish|[wisher] Alomomola\n|-damage|p2a: JoeverPon-Cashflow|49\/100 brn|[from] brn\n|upkeep\n|turn|13\n|\n|t:|1699756484\n|move|p2a: JoeverPon-Cashflow|Ivy Cudgel|p1a: Alomomola\n|-damage|p1a: Alomomola|29\/100\n|move|p1a: Alomomola|Wish|p1a: Alomomola\n|\n|-damage|p2a: JoeverPon-Cashflow|43\/100 brn|[from] brn\n|upkeep\n|turn|14\n|\n|t:|1699756488\n|move|p1a: Alomomola|Protect|p1a: Alomomola\n|-singleturn|p1a: Alomomola|Protect\n|move|p2a: JoeverPon-Cashflow|Ivy Cudgel|p1a: Alomomola\n|-activate|p1a: Alomomola|move: Protect\n|\n|-heal|p1a: Alomomola|79\/100|[from] move: Wish|[wisher] Alomomola\n|-damage|p2a: JoeverPon-Cashflow|37\/100 brn|[from] brn\n|upkeep\n|turn|15\n|inactive|darkrows has 60 seconds left.\n|\n|t:|1699756493\n|move|p2a: JoeverPon-Cashflow|Ivy Cudgel|p1a: Alomomola\n|-damage|p1a: Alomomola|34\/100\n|move|p1a: Alomomola|Wish|p1a: Alomomola\n|\n|-damage|p2a: JoeverPon-Cashflow|31\/100 brn|[from] brn\n|upkeep\n|turn|16\n|\n|t:|1699756503\n|move|p1a: Alomomola|Protect|p1a: Alomomola\n|-singleturn|p1a: Alomomola|Protect\n|move|p2a: JoeverPon-Cashflow|Swords Dance|p2a: JoeverPon-Cashflow\n|-boost|p2a: JoeverPon-Cashflow|atk|2\n|\n|-heal|p1a: Alomomola|84\/100|[from] move: Wish|[wisher] Alomomola\n|-damage|p2a: JoeverPon-Cashflow|25\/100 brn|[from] brn\n|upkeep\n|turn|17\n|\n|t:|1699756510\n|move|p2a: JoeverPon-Cashflow|Ivy Cudgel|p1a: Alomomola\n|-damage|p1a: Alomomola|18\/100\n|move|p1a: Alomomola|Scald|p2a: JoeverPon-Cashflow\n|-damage|p2a: JoeverPon-Cashflow|7\/100 brn\n|\n|-damage|p2a: JoeverPon-Cashflow|1\/100 brn|[from] brn\n|upkeep\n|turn|18\n|\n|t:|1699756519\n|move|p1a: Alomomola|Protect|p1a: Alomomola\n|-singleturn|p1a: Alomomola|Protect\n|move|p2a: JoeverPon-Cashflow|Ivy Cudgel|p1a: Alomomola\n|-activate|p1a: Alomomola|move: Protect\n|\n|-damage|p2a: JoeverPon-Cashflow|0 fnt|[from] brn\n|faint|p2a: JoeverPon-Cashflow\n|upkeep\n|\n|t:|1699756526\n|switch|p2a: Enamorus|Enamorus, F|100\/100\n|turn|19\n|inactive|darkrows has 90 seconds left.\n|\n|t:|1699756549\n|switch|p1a: Hoopa|Hoopa-Unbound|100\/100\n|move|p2a: Enamorus|Superpower|p1a: Hoopa\n|-crit|p1a: Hoopa\n|-damage|p1a: Hoopa|20\/100\n|-boost|p2a: Enamorus|atk|1\n|-boost|p2a: Enamorus|def|1\n|\n|upkeep\n|turn|20\n|\n|t:|1699756560\n|move|p2a: Enamorus|Superpower|p1a: Hoopa\n|-damage|p1a: Hoopa|0 fnt\n|-boost|p2a: Enamorus|atk|1\n|-boost|p2a: Enamorus|def|1\n|faint|p1a: Hoopa\n|\n|upkeep\n|\n|t:|1699756569\n|switch|p1a: Kingambit|Kingambit, M|100\/100\n|-activate|p1a: Kingambit|ability: Supreme Overlord\n|-start|p1a: Kingambit|fallen4|[silent]\n|turn|21\n|\n|t:|1699756571\n|move|p2a: Enamorus|Superpower|p1a: Kingambit\n|-supereffective|p1a: Kingambit\n|-damage|p1a: Kingambit|0 fnt\n|-boost|p2a: Enamorus|atk|1\n|-boost|p2a: Enamorus|def|1\n|faint|p1a: Kingambit\n|-end|p1a: Kingambit|fallen4|[silent]\n|\n|upkeep\n|-message|darkrows forfeited.\n|\n|win|tjamesbasketball\n|raw|darkrows's rating: 1670 &rarr; <strong>1644<\/strong><br \/>(-26 for losing)\n|raw|tjamesbasketball's rating: 1567 &rarr; <strong>1593<\/strong><br \/>(+26 for winning)\n|l|\u2606darkrows\n","uploadtime":1699756578,"views":9,"p1id":"darkrows","p2id":"tjamesbasketball","formatid":"gen9ou","rating":1593,"private":0,"password":""}