{"id":"gen9ou-1990786586","p1":"Zaciantousshini","p2":"ghost10116","format":"[Gen 9] OU","log":"|j|\u2606Zaciantousshini\n|j|\u2606ghost10116\n|t:|1700000745\n|gametype|singles\n|player|p1|Zaciantousshini|tate|1235\n|player|p2|ghost10116|1|1222\n|teamsize|p1|6\n|teamsize|p2|6\n|gen|9\n|tier|[Gen 9] OU\n|rated|\n|rule|Sleep Clause Mod: Limit one foe put to sleep\n|rule|Species Clause: Limit one of each Pok\u00e9mon\n|rule|OHKO Clause: OHKO moves are banned\n|rule|Evasion Items Clause: Evasion items are banned\n|rule|Evasion Moves Clause: Evasion moves are banned\n|rule|Endless Battle Clause: Forcing endless battles is banned\n|rule|HP Percentage Mod: HP is shown in percentages\n|clearpoke\n|poke|p1|Gholdengo|\n|poke|p1|Walking Wake|\n|poke|p1|Iron Moth|\n|poke|p1|Landorus-Therian, M|\n|poke|p1|Ting-Lu|\n|poke|p1|Iron Valiant|\n|poke|p2|Ceruledge, M|\n|poke|p2|Alomomola, M|\n|poke|p2|Chesnaught, M|\n|poke|p2|Garganacl, M|\n|poke|p2|Slowking-Galar, F|\n|poke|p2|Hydreigon, F|\n|teampreview\n|inactive|Battle timer is ON: inactive players will automatically lose when time's up. (requested by ghost10116)\n|inactive|Zaciantousshini also wants the timer to be on.\n|\n|t:|1700000754\n|start\n|switch|p1a: Landorus|Landorus-Therian, M|100\/100\n|switch|p2a: Garganacl|Garganacl, M|100\/100\n|-ability|p1a: Landorus|Intimidate|boost\n|-unboost|p2a: Garganacl|atk|1\n|turn|1\n|\n|t:|1700000762\n|-terastallize|p2a: Garganacl|Fairy\n|move|p1a: Landorus|Earthquake|p2a: Garganacl\n|-damage|p2a: Garganacl|72\/100\n|move|p2a: Garganacl|Avalanche|p1a: Landorus\n|-supereffective|p1a: Landorus\n|-damage|p1a: Landorus|9\/100\n|\n|-heal|p1a: Landorus|15\/100|[from] item: Leftovers\n|-heal|p2a: Garganacl|78\/100|[from] item: Leftovers\n|upkeep\n|turn|2\n|\n|t:|1700000785\n|move|p1a: Landorus|U-turn|p2a: Garganacl\n|-resisted|p2a: Garganacl\n|-damage|p2a: Garganacl|72\/100\n|\n|t:|1700000788\n|switch|p1a: Gholdengo|Gholdengo|100\/100|[from] U-turn\n|-item|p1a: Gholdengo|Air Balloon\n|move|p2a: Garganacl|Salt Cure|p1a: Gholdengo\n|-resisted|p1a: Gholdengo\n|-damage|p1a: Gholdengo|95\/100\n|-start|p1a: Gholdengo|Salt Cure\n|-enditem|p1a: Gholdengo|Air Balloon\n|\n|-heal|p2a: Garganacl|78\/100|[from] item: Leftovers\n|-damage|p1a: Gholdengo|70\/100|[from] Salt Cure\n|upkeep\n|turn|3\n|\n|t:|1700000801\n|move|p2a: Garganacl|Protect|p2a: Garganacl\n|-singleturn|p2a: Garganacl|Protect\n|move|p1a: Gholdengo|Make It Rain|p2a: Garganacl\n|-activate|p2a: Garganacl|move: Protect\n|\n|-heal|p2a: Garganacl|84\/100|[from] item: Leftovers\n|-damage|p1a: Gholdengo|45\/100|[from] Salt Cure\n|upkeep\n|turn|4\n|\n|t:|1700000805\n|switch|p2a: Slowking|Slowking-Galar, F|100\/100\n|move|p1a: Gholdengo|Make It Rain|p2a: Slowking\n|-damage|p2a: Slowking|65\/100\n|-unboost|p1a: Gholdengo|spa|1\n|\n|-heal|p2a: Slowking|72\/100|[from] item: Black Sludge\n|-damage|p1a: Gholdengo|20\/100|[from] Salt Cure\n|upkeep\n|turn|5\n|c|\u2606Zaciantousshini|it funny fils de pute ?\n|\n|t:|1700000821\n|move|p1a: Gholdengo|Recover|p1a: Gholdengo\n|-heal|p1a: Gholdengo|71\/100\n|move|p2a: Slowking|Shadow Ball|p1a: Gholdengo\n|-supereffective|p1a: Gholdengo\n|-damage|p1a: Gholdengo|20\/100\n|\n|-heal|p2a: Slowking|78\/100|[from] item: Black Sludge\n|-damage|p1a: Gholdengo|0 fnt|[from] Salt Cure\n|faint|p1a: Gholdengo\n|upkeep\n|\n|t:|1700000832\n|switch|p1a: Landorus|Landorus-Therian, M|15\/100\n|-ability|p1a: Landorus|Intimidate|boost\n|-unboost|p2a: Slowking|atk|1\n|turn|6\n|c|\u2606ghost10116|? I don't understand?\n|\n|t:|1700000846\n|switch|p2a: Hydreigon|Hydreigon, F|100\/100\n|move|p1a: Landorus|Earthquake|p2a: Hydreigon\n|-immune|p2a: Hydreigon|[from] ability: Levitate\n|\n|-heal|p1a: Landorus|21\/100|[from] item: Leftovers\n|upkeep\n|turn|7\n|\n|t:|1700000859\n|move|p2a: Hydreigon|Dragon Pulse|p1a: Landorus\n|-damage|p1a: Landorus|0 fnt\n|faint|p1a: Landorus\n|\n|upkeep\n|c|\u2606Zaciantousshini|you're having fun there ?\n|c|\u2606ghost10116|Yeah, I really like this team ^^\n|\n|t:|1700000885\n|switch|p1a: Iron Valiant|Iron Valiant|100\/100\n|-enditem|p1a: Iron Valiant|Booster Energy\n|-activate|p1a: Iron Valiant|ability: Quark Drive|[fromitem]\n|-start|p1a: Iron Valiant|quarkdrivespe\n|turn|8\n|inactive|Zaciantousshini has 120 seconds left.\n|c|\u2606Zaciantousshini|kiss man is better\n|\n|t:|1700000924\n|switch|p2a: Slowking|Slowking-Galar, F|100\/100\n|move|p1a: Iron Valiant|Calm Mind|p1a: Iron Valiant\n|-boost|p1a: Iron Valiant|spa|1\n|-boost|p1a: Iron Valiant|spd|1\n|\n|upkeep\n|turn|9\n|c|\u2606ghost10116|Who?\n|\n|t:|1700000939\n|move|p1a: Iron Valiant|Knock Off|p2a: Slowking\n|-supereffective|p2a: Slowking\n|-damage|p2a: Slowking|39\/100\n|-enditem|p2a: Slowking|Black Sludge|[from] move: Knock Off|[of] p1a: Iron Valiant\n|move|p2a: Slowking|Sludge Bomb|p1a: Iron Valiant\n|-supereffective|p1a: Iron Valiant\n|-damage|p1a: Iron Valiant|13\/100\n|\n|upkeep\n|turn|10\n|\n|t:|1700000956\n|move|p1a: Iron Valiant|Knock Off|p2a: Slowking\n|-supereffective|p2a: Slowking\n|-damage|p2a: Slowking|0 fnt\n|faint|p2a: Slowking\n|\n|upkeep\n|\n|t:|1700000959\n|switch|p2a: Ceruledge|Ceruledge, M|100\/100\n|turn|11\n|inactive|Zaciantousshini has 120 seconds left.\n|\n|t:|1700000966\n|move|p2a: Ceruledge|Shadow Sneak|p1a: Iron Valiant\n|-damage|p1a: Iron Valiant|0 fnt\n|faint|p1a: Iron Valiant\n|-end|p1a: Iron Valiant|Quark Drive|[silent]\n|\n|upkeep\n|inactive|Zaciantousshini has 120 seconds left.\n|\n|t:|1700000984\n|switch|p1a: Ting-Lu|Ting-Lu|100\/100\n|-ability|p1a: Ting-Lu|Vessel of Ruin\n|turn|12\n|\n|t:|1700001000\n|switch|p2a: Garganacl|Garganacl, M, tera:Fairy|84\/100\n|move|p1a: Ting-Lu|Earthquake|p2a: Garganacl\n|-damage|p2a: Garganacl|63\/100\n|\n|-heal|p2a: Garganacl|69\/100|[from] item: Leftovers\n|upkeep\n|turn|13\n|inactive|Zaciantousshini has 120 seconds left.\n|\n|t:|1700001012\n|switch|p1a: Iron Moth|Iron Moth|100\/100\n|-enditem|p1a: Iron Moth|Booster Energy\n|-activate|p1a: Iron Moth|ability: Quark Drive|[fromitem]\n|-start|p1a: Iron Moth|quarkdrivespa\n|move|p2a: Garganacl|Salt Cure|p1a: Iron Moth\n|-supereffective|p1a: Iron Moth\n|-damage|p1a: Iron Moth|56\/100\n|-start|p1a: Iron Moth|Salt Cure\n|\n|-heal|p2a: Garganacl|75\/100|[from] item: Leftovers\n|-damage|p1a: Iron Moth|44\/100|[from] Salt Cure\n|upkeep\n|turn|14\n|\n|t:|1700001023\n|move|p2a: Garganacl|Protect|p2a: Garganacl\n|-singleturn|p2a: Garganacl|Protect\n|move|p1a: Iron Moth|Sludge Wave|p2a: Garganacl\n|-activate|p2a: Garganacl|move: Protect\n|\n|-heal|p2a: Garganacl|82\/100|[from] item: Leftovers\n|-damage|p1a: Iron Moth|31\/100|[from] Salt Cure\n|upkeep\n|turn|15\n|c|\u2606Zaciantousshini|1200 laddder andd u play stall just kiss u man\n|inactive|Zaciantousshini has 120 seconds left.\n|\n|t:|1700001039\n|switch|p2a: Alomomola|Alomomola, M|100\/100\n|move|p1a: Iron Moth|Sludge Wave|p2a: Alomomola\n|-damage|p2a: Alomomola|54\/100\n|\n|-heal|p2a: Alomomola|60\/100|[from] item: Leftovers\n|-damage|p1a: Iron Moth|19\/100|[from] Salt Cure\n|upkeep\n|turn|16\n|c|\u2606ghost10116|I'm not stalling. I just like bulky mons xD\n|\n|t:|1700001053\n|move|p2a: Alomomola|Aqua Jet|p1a: Iron Moth\n|-supereffective|p1a: Iron Moth\n|-damage|p1a: Iron Moth|0 fnt\n|faint|p1a: Iron Moth\n|-end|p1a: Iron Moth|Quark Drive|[silent]\n|\n|-heal|p2a: Alomomola|67\/100|[from] item: Leftovers\n|upkeep\n|c|\u2606ghost10116|Garganacl is a beast!\n|inactive|Zaciantousshini has 120 seconds left.\n|c|\u2606ghost10116|I literally have Banded Ceruledge and Hydreigon. This isn't a stall team xD\n|c|\u2606Zaciantousshini|kiss ur self\n|c|\u2606ghost10116|I just have defensive options\n|inactive|Zaciantousshini has 90 seconds left.\n|\n|t:|1700001101\n|switch|p1a: Walking Wake|Walking Wake|100\/100\n|turn|17\n|inactive|Zaciantousshini has 90 seconds left.\n|\n|t:|1700001116\n|move|p1a: Walking Wake|Hydro Steam|p2a: Alomomola\n|-resisted|p2a: Alomomola\n|-damage|p2a: Alomomola|45\/100\n|move|p2a: Alomomola|Wish|p2a: Alomomola\n|\n|-heal|p2a: Alomomola|51\/100|[from] item: Leftovers\n|upkeep\n|turn|18\n|\n|t:|1700001124\n|-end|p1a: Walking Wake|Protosynthesis|[silent]\n|switch|p1a: Ting-Lu|Ting-Lu|100\/100\n|-ability|p1a: Ting-Lu|Vessel of Ruin\n|move|p2a: Alomomola|Flip Turn|p1a: Ting-Lu\n|-supereffective|p1a: Ting-Lu\n|-damage|p1a: Ting-Lu|81\/100\n|\n|t:|1700001136\n|switch|p2a: Chesnaught|Chesnaught, M|100\/100|[from] Flip Turn\n|\n|-heal|p1a: Ting-Lu|87\/100|[from] item: Leftovers\n|upkeep\n|turn|19\n|inactive|Zaciantousshini has 90 seconds left.\n|inactive|Zaciantousshini has 60 seconds left.\n|\n|t:|1700001186\n|move|p2a: Chesnaught|Wood Hammer|p1a: Ting-Lu\n|-supereffective|p1a: Ting-Lu\n|-damage|p1a: Ting-Lu|40\/100\n|-damage|p2a: Chesnaught|79\/100|[from] Recoil\n|move|p1a: Ting-Lu|Ruination|p2a: Chesnaught\n|-damage|p2a: Chesnaught|40\/100\n|\n|-heal|p1a: Ting-Lu|46\/100|[from] item: Leftovers\n|upkeep\n|turn|20\n|inactive|Zaciantousshini has 60 seconds left.\n|\n|t:|1700001222\n|switch|p1a: Walking Wake|Walking Wake|100\/100\n|move|p2a: Chesnaught|Drain Punch|p1a: Walking Wake\n|-damage|p1a: Walking Wake|71\/100\n|-heal|p2a: Chesnaught|54\/100|[from] drain|[of] p1a: Walking Wake\n|\n|upkeep\n|turn|21\n|inactive|Zaciantousshini has 30 seconds left.\n|inactive|Zaciantousshini has 20 seconds left.\n|inactive|Zaciantousshini has 15 seconds left.\n|inactive|Zaciantousshini has 10 seconds left.\n|inactive|Zaciantousshini has 5 seconds left.\n|-message|Zaciantousshini lost due to inactivity.\n|\n|win|ghost10116\n|raw|Zaciantousshini's rating: 1235 &rarr; <strong>1209<\/strong><br \/>(-26 for losing)\n|raw|ghost10116's rating: 1222 &rarr; <strong>1248<\/strong><br \/>(+26 for winning)\n","uploadtime":1700000822,"views":11,"p1id":"zaciantousshini","p2id":"ghost10116","formatid":"gen9ou","rating":1209,"private":0,"password":""}