{"id":"gen9ou-1997041358","p1":"Jim511","p2":"VanhominTest","format":"[Gen 9] OU","log":"|j|\u2606Jim511\n|j|\u2606VanhominTest\n|t:|1700758582\n|gametype|singles\n|player|p1|Jim511|266|1245\n|player|p2|VanhominTest|scientist-gen4|1262\n|teamsize|p1|6\n|teamsize|p2|6\n|gen|9\n|tier|[Gen 9] OU\n|rated|\n|rule|Sleep Clause Mod: Limit one foe put to sleep\n|rule|Species Clause: Limit one of each Pok\u00e9mon\n|rule|OHKO Clause: OHKO moves are banned\n|rule|Evasion Items Clause: Evasion items are banned\n|rule|Evasion Moves Clause: Evasion moves are banned\n|rule|Endless Battle Clause: Forcing endless battles is banned\n|rule|HP Percentage Mod: HP is shown in percentages\n|clearpoke\n|poke|p1|Poliwrath, F|\n|poke|p1|Pelipper, F|\n|poke|p1|Overqwil, M|\n|poke|p1|Rillaboom, M|\n|poke|p1|Glimmora, M|\n|poke|p1|Zapdos|\n|poke|p2|Ditto|\n|poke|p2|Ninetales-Alola, M|\n|poke|p2|Garganacl, F|\n|poke|p2|Ursaluna, M|\n|poke|p2|Enamorus, F|\n|poke|p2|Corviknight, M|\n|teampreview\n|inactive|Battle timer is ON: inactive players will automatically lose when time's up. (requested by Jim511)\n|\n|t:|1700758597\n|start\n|switch|p1a: Glimmora|Glimmora, M|100\/100\n|switch|p2a: Giiwedin|Ninetales-Alola, M|100\/100\n|-weather|Snow|[from] ability: Snow Warning|[of] p2a: Giiwedin\n|turn|1\n|\n|t:|1700758603\n|switch|p1a: Pelipper|Pelipper, F|100\/100\n|-weather|RainDance|[from] ability: Drizzle|[of] p1a: Pelipper\n|move|p2a: Giiwedin|Aurora Veil||[still]\n|-fail|p2a: Giiwedin\n|\n|-weather|RainDance|[upkeep]\n|upkeep\n|turn|2\n|\n|t:|1700758609\n|move|p2a: Giiwedin|Freeze-Dry|p1a: Pelipper\n|-supereffective|p1a: Pelipper\n|-damage|p1a: Pelipper|14\/100\n|move|p1a: Pelipper|U-turn|p2a: Giiwedin\n|-resisted|p2a: Giiwedin\n|-damage|p2a: Giiwedin|95\/100\n|\n|t:|1700758614\n|switch|p1a: Overqwil|Overqwil, M|100\/100|[from] U-turn\n|\n|-weather|RainDance|[upkeep]\n|upkeep\n|turn|3\n|\n|t:|1700758619\n|switch|p2a: Mordred|Corviknight, M|100\/100\n|-ability|p2a: Mordred|Pressure\n|move|p1a: Overqwil|Swords Dance|p1a: Overqwil\n|-boost|p1a: Overqwil|atk|2\n|\n|-weather|RainDance|[upkeep]\n|upkeep\n|turn|4\n|\n|t:|1700758626\n|move|p1a: Overqwil|Liquidation|p2a: Mordred\n|-damage|p2a: Mordred|37\/100\n|-damage|p1a: Overqwil|84\/100|[from] item: Rocky Helmet|[of] p2a: Mordred\n|-damage|p1a: Overqwil|74\/100|[from] item: Life Orb\n|move|p2a: Mordred|Roost|p2a: Mordred\n|-heal|p2a: Mordred|87\/100\n|-singleturn|p2a: Mordred|move: Roost\n|\n|-weather|RainDance|[upkeep]\n|upkeep\n|turn|5\n|\n|t:|1700758643\n|move|p1a: Overqwil|Swords Dance|p1a: Overqwil\n|-boost|p1a: Overqwil|atk|2\n|move|p2a: Mordred|U-turn|p1a: Overqwil\n|-damage|p1a: Overqwil|59\/100\n|\n|t:|1700758649\n|switch|p2a: Recursion|Ditto|100\/100|[from] U-turn\n|-transform|p2a: Recursion|p1a: Overqwil|[from] ability: Imposter\n|\n|-weather|RainDance|[upkeep]\n|upkeep\n|turn|6\n|\n|t:|1700758665\n|move|p2a: Recursion|Liquidation|p1a: Overqwil\n|-damage|p1a: Overqwil|0 fnt\n|faint|p1a: Overqwil\n|\n|-weather|RainDance|[upkeep]\n|upkeep\n|\n|t:|1700758670\n|switch|p1a: Zapdos|Zapdos|100\/100\n|turn|7\n|inactive|VanhominTest has 120 seconds left.\n|\n|t:|1700758700\n|move|p2a: Recursion|Liquidation|p1a: Zapdos\n|-damage|p1a: Zapdos|0 fnt\n|faint|p1a: Zapdos\n|\n|-weather|RainDance|[upkeep]\n|upkeep\n|-message|Jim511 forfeited.\n|\n|win|VanhominTest\n|raw|Jim511's rating: 1245 &rarr; <strong>1221<\/strong><br \/>(-24 for losing)\n|raw|VanhominTest's rating: 1262 &rarr; <strong>1286<\/strong><br \/>(+24 for winning)\n|l|\u2606Jim511\n","uploadtime":1700758709,"views":0,"p1id":"jim511","p2id":"vanhomintest","formatid":"gen9ou","rating":1221,"private":0,"password":""}