{"id":"gen9ou-1991837304","p1":"TwistedWinds","p2":"Hi fren hf","format":"[Gen 9] OU","log":"|j|\u2606TwistedWinds\n|j|\u2606Hi fren hf\n|t:|1700126072\n|gametype|singles\n|player|p1|TwistedWinds|pilot|1320\n|player|p2|Hi fren hf|102|1381\n|teamsize|p1|6\n|teamsize|p2|6\n|gen|9\n|tier|[Gen 9] OU\n|rated|\n|rule|Sleep Clause Mod: Limit one foe put to sleep\n|rule|Species Clause: Limit one of each Pok\u00e9mon\n|rule|OHKO Clause: OHKO moves are banned\n|rule|Evasion Items Clause: Evasion items are banned\n|rule|Evasion Moves Clause: Evasion moves are banned\n|rule|Endless Battle Clause: Forcing endless battles is banned\n|rule|HP Percentage Mod: HP is shown in percentages\n|clearpoke\n|poke|p1|Garganacl, F|\n|poke|p1|Tyranitar, M|\n|poke|p1|Glimmora, M|\n|poke|p1|Gholdengo|\n|poke|p1|Great Tusk|\n|poke|p1|Thundurus-Therian, M|\n|poke|p2|Gholdengo|\n|poke|p2|Great Tusk|\n|poke|p2|Kingambit, F|\n|poke|p2|Ribombee, F|\n|poke|p2|Iron Moth|\n|poke|p2|Greninja-*, M|\n|teampreview\n|inactive|Battle timer is ON: inactive players will automatically lose when time's up. (requested by Hi fren hf)\n|\n|t:|1700126094\n|start\n|switch|p1a: Tyranitar|Tyranitar, M|100\/100\n|switch|p2a: Gholdengo|Gholdengo|100\/100\n|-item|p2a: Gholdengo|Air Balloon\n|-weather|Sandstorm|[from] ability: Sand Stream|[of] p1a: Tyranitar\n|turn|1\n|\n|t:|1700126101\n|switch|p2a: Great Tusk|Great Tusk|100\/100\n|move|p1a: Tyranitar|Crunch|p2a: Great Tusk\n|-resisted|p2a: Great Tusk\n|-damage|p2a: Great Tusk|83\/100\n|\n|-weather|Sandstorm|[upkeep]\n|-heal|p2a: Great Tusk|89\/100|[from] item: Leftovers\n|upkeep\n|turn|2\n|\n|t:|1700126107\n|switch|p1a: Thundurus|Thundurus-Therian, M|100\/100\n|move|p2a: Great Tusk|Ice Spinner|p1a: Thundurus\n|-supereffective|p1a: Thundurus\n|-damage|p1a: Thundurus|12\/100\n|\n|-weather|Sandstorm|[upkeep]\n|-damage|p1a: Thundurus|6\/100|[from] Sandstorm\n|-heal|p2a: Great Tusk|95\/100|[from] item: Leftovers\n|upkeep\n|turn|3\n|\n|t:|1700126120\n|-end|p2a: Great Tusk|Protosynthesis|[silent]\n|switch|p2a: Ribombee|Ribombee, F|100\/100\n|move|p1a: Thundurus|Grass Knot|p2a: Ribombee\n|-resisted|p2a: Ribombee\n|-damage|p2a: Ribombee|90\/100\n|\n|-weather|Sandstorm|[upkeep]\n|-damage|p2a: Ribombee|84\/100|[from] Sandstorm\n|-damage|p1a: Thundurus|0 fnt|[from] Sandstorm\n|faint|p1a: Thundurus\n|upkeep\n|\n|t:|1700126127\n|switch|p1a: Tyranitar|Tyranitar, M|100\/100\n|turn|4\n|\n|t:|1700126132\n|move|p2a: Ribombee|Sticky Web|p1a: Tyranitar\n|-sidestart|p1: TwistedWinds|move: Sticky Web\n|move|p1a: Tyranitar|Stealth Rock|p2a: Ribombee\n|-sidestart|p2: Hi fren hf|move: Stealth Rock\n|\n|-weather|Sandstorm|[upkeep]\n|-damage|p2a: Ribombee|78\/100|[from] Sandstorm\n|upkeep\n|turn|5\n|\n|t:|1700126138\n|move|p2a: Ribombee|Stun Spore|p1a: Tyranitar|[miss]\n|-miss|p2a: Ribombee|p1a: Tyranitar\n|move|p1a: Tyranitar|Rock Slide|p2a: Ribombee\n|-supereffective|p2a: Ribombee\n|-damage|p2a: Ribombee|0 fnt\n|faint|p2a: Ribombee\n|\n|-weather|Sandstorm|[upkeep]\n|upkeep\n|\n|t:|1700126141\n|switch|p2a: Great Tusk|Great Tusk|95\/100\n|-damage|p2a: Great Tusk|92\/100|[from] Stealth Rock\n|turn|6\n|\n|t:|1700126158\n|switch|p1a: Gholdengo|Gholdengo|100\/100\n|-item|p1a: Gholdengo|Air Balloon\n|move|p2a: Great Tusk|Ice Spinner|p1a: Gholdengo\n|-resisted|p1a: Gholdengo\n|-damage|p1a: Gholdengo|88\/100\n|-enditem|p1a: Gholdengo|Air Balloon\n|\n|-weather|Sandstorm|[upkeep]\n|-heal|p2a: Great Tusk|99\/100|[from] item: Leftovers\n|upkeep\n|turn|7\n|\n|t:|1700126166\n|move|p2a: Great Tusk|Earthquake|p1a: Gholdengo\n|-supereffective|p1a: Gholdengo\n|-damage|p1a: Gholdengo|0 fnt\n|faint|p1a: Gholdengo\n|\n|-weather|Sandstorm|[upkeep]\n|-heal|p2a: Great Tusk|100\/100|[from] item: Leftovers\n|upkeep\n|\n|t:|1700126169\n|switch|p1a: Great Tusk|Great Tusk|100\/100\n|-activate|p1a: Great Tusk|move: Sticky Web\n|-unboost|p1a: Great Tusk|spe|1\n|-enditem|p1a: Great Tusk|Booster Energy\n|-activate|p1a: Great Tusk|ability: Protosynthesis|[fromitem]\n|-start|p1a: Great Tusk|protosynthesisdef\n|turn|8\n|\n|t:|1700126174\n|-end|p2a: Great Tusk|Protosynthesis|[silent]\n|switch|p2a: Gholdengo|Gholdengo|100\/100\n|-damage|p2a: Gholdengo|94\/100|[from] Stealth Rock\n|-item|p2a: Gholdengo|Air Balloon\n|move|p1a: Great Tusk|Rapid Spin|p2a: Gholdengo\n|-immune|p2a: Gholdengo\n|\n|-weather|none\n|upkeep\n|turn|9\n|\n|t:|1700126178\n|move|p2a: Gholdengo|Nasty Plot|p2a: Gholdengo\n|-boost|p2a: Gholdengo|spa|2\n|move|p1a: Great Tusk|Knock Off|p2a: Gholdengo\n|-supereffective|p2a: Gholdengo\n|-damage|p2a: Gholdengo|25\/100\n|-enditem|p2a: Gholdengo|Air Balloon\n|\n|upkeep\n|turn|10\n|\n|t:|1700126184\n|move|p2a: Gholdengo|Shadow Ball|p1a: Great Tusk\n|-damage|p1a: Great Tusk|0 fnt\n|faint|p1a: Great Tusk\n|-end|p1a: Great Tusk|Protosynthesis|[silent]\n|\n|upkeep\n|\n|t:|1700126188\n|switch|p1a: Glimmora|Glimmora, M|100\/100\n|-activate|p1a: Glimmora|move: Sticky Web\n|-unboost|p1a: Glimmora|spe|1\n|turn|11\n|\n|t:|1700126193\n|move|p2a: Gholdengo|Shadow Ball|p1a: Glimmora\n|-enditem|p1a: Glimmora|Focus Sash\n|-damage|p1a: Glimmora|1\/100\n|move|p1a: Glimmora|Power Gem|p2a: Gholdengo\n|-resisted|p2a: Gholdengo\n|-damage|p2a: Gholdengo|3\/100\n|\n|upkeep\n|turn|12\n|\n|t:|1700126198\n|move|p2a: Gholdengo|Shadow Ball|p1a: Glimmora\n|-damage|p1a: Glimmora|0 fnt\n|faint|p1a: Glimmora\n|\n|upkeep\n|c|\u2606Hi fren hf|Gg\n|-message|TwistedWinds forfeited.\n|\n|win|Hi fren hf\n|raw|TwistedWinds's rating: 1320 &rarr; <strong>1303<\/strong><br \/>(-17 for losing)\n|raw|Hi fren hf's rating: 1381 &rarr; <strong>1398<\/strong><br \/>(+17 for winning)\n|l|\u2606TwistedWinds\n|c|\u2606Hi fren hf|got bullied\n","uploadtime":1700126220,"views":13,"p1id":"twistedwinds","p2id":"hifrenhf","formatid":"gen9ou","rating":1303,"private":0,"password":""}