{"id":"gen9ou-1992291509","p1":"Imanjoneser","p2":"jamonji","format":"[Gen 9] OU","log":"|j|\u2606Imanjoneser\n|j|\u2606jamonji\n|t:|1700171521\n|gametype|singles\n|player|p1|Imanjoneser|bugcatcher-gen4dp|1026\n|player|p2|jamonji|pokemonranger-gen4|1018\n|teamsize|p1|6\n|teamsize|p2|6\n|gen|9\n|tier|[Gen 9] OU\n|rated|\n|rule|Sleep Clause Mod: Limit one foe put to sleep\n|rule|Species Clause: Limit one of each Pok\u00e9mon\n|rule|OHKO Clause: OHKO moves are banned\n|rule|Evasion Items Clause: Evasion items are banned\n|rule|Evasion Moves Clause: Evasion moves are banned\n|rule|Endless Battle Clause: Forcing endless battles is banned\n|rule|HP Percentage Mod: HP is shown in percentages\n|clearpoke\n|poke|p1|Maushold-Four|\n|poke|p1|Ambipom, M|\n|poke|p1|Staraptor, M|\n|poke|p1|Ditto|\n|poke|p1|Farigiraf, F|\n|poke|p1|Sawsbuck, M|\n|poke|p2|Sneasler, F|\n|poke|p2|Typhlosion-Hisui, F|\n|poke|p2|Umbreon, M|\n|poke|p2|Hatterene, F|\n|poke|p2|Alomomola, F|\n|poke|p2|Kingambit, M|\n|teampreview\n|inactive|Battle timer is ON: inactive players will automatically lose when time's up. (requested by jamonji)\n|\n|t:|1700171550\n|start\n|switch|p1a: Ambipom|Ambipom, M, shiny|100\/100\n|switch|p2a: Umbreon|Umbreon, M, shiny|100\/100\n|turn|1\n|\n|t:|1700171556\n|move|p1a: Ambipom|Fake Out|p2a: Umbreon\n|-enditem|p1a: Ambipom|Normal Gem|[from] gem\n|-damage|p2a: Umbreon|80\/100\n|cant|p2a: Umbreon|flinch\n|\n|-heal|p2a: Umbreon|86\/100|[from] item: Leftovers\n|upkeep\n|turn|2\n|\n|t:|1700171563\n|move|p1a: Ambipom|Taunt|p2a: Umbreon\n|-start|p2a: Umbreon|move: Taunt\n|cant|p2a: Umbreon|move: Taunt|Toxic\n|\n|-heal|p2a: Umbreon|92\/100|[from] item: Leftovers\n|upkeep\n|turn|3\n|\n|t:|1700171569\n|switch|p2a: Sneasler|Sneasler, F|100\/100\n|move|p1a: Ambipom|Thief|p2a: Sneasler\n|-resisted|p2a: Sneasler\n|-damage|p2a: Sneasler|80\/100\n|-enditem|p2a: Sneasler|Protective Pads|[silent]|[from] move: Thief|[of] p1a: Ambipom\n|-item|p1a: Ambipom|Protective Pads|[from] move: Thief|[of] p2a: Sneasler\n|\n|upkeep\n|turn|4\n|\n|t:|1700171578\n|move|p2a: Sneasler|Fake Out|p1a: Ambipom\n|-damage|p1a: Ambipom|79\/100\n|cant|p1a: Ambipom|flinch\n|\n|upkeep\n|turn|5\n|\n|t:|1700171583\n|move|p2a: Sneasler|Close Combat|p1a: Ambipom\n|-supereffective|p1a: Ambipom\n|-damage|p1a: Ambipom|0 fnt\n|-unboost|p2a: Sneasler|def|1\n|-unboost|p2a: Sneasler|spd|1\n|faint|p1a: Ambipom\n|\n|upkeep\n|\n|t:|1700171595\n|switch|p1a: Farigiraf|Farigiraf, F, shiny|100\/100\n|turn|6\n|\n|t:|1700171600\n|move|p2a: Sneasler|U-turn|p1a: Farigiraf\n|-supereffective|p1a: Farigiraf\n|-damage|p1a: Farigiraf|56\/100\n|\n|t:|1700171608\n|switch|p2a: Umbreon|Umbreon, M, shiny|92\/100|[from] U-turn\n|move|p1a: Farigiraf|Reflect|p1a: Farigiraf\n|-sidestart|p1: Imanjoneser|Reflect\n|\n|-heal|p2a: Umbreon|98\/100|[from] item: Leftovers\n|-heal|p1a: Farigiraf|62\/100|[from] item: Leftovers\n|upkeep\n|turn|7\n|\n|t:|1700171634\n|switch|p1a: Ditto|Ditto, shiny|100\/100\n|-transform|p1a: Ditto|p2a: Umbreon|[from] ability: Imposter\n|move|p2a: Umbreon|Toxic|p1a: Ditto\n|-status|p1a: Ditto|tox\n|-activate|p1a: Ditto|ability: Synchronize\n|-status|p2a: Umbreon|tox\n|-activate|p2a: Umbreon|ability: Synchronize\n|-fail|p1a: Ditto|tox\n|\n|-heal|p2a: Umbreon|100\/100 tox|[from] item: Leftovers\n|-damage|p2a: Umbreon|94\/100 tox|[from] psn\n|-damage|p1a: Ditto|94\/100 tox|[from] psn\n|upkeep\n|turn|8\n|inactive|Imanjoneser has 120 seconds left.\n|\n|t:|1700171655\n|move|p1a: Ditto|Wish|p1a: Ditto\n|move|p2a: Umbreon|Foul Play|p1a: Ditto\n|-resisted|p1a: Ditto\n|-damage|p1a: Ditto|91\/100 tox\n|\n|-heal|p2a: Umbreon|100\/100 tox|[from] item: Leftovers\n|-heal|p1a: Ditto|97\/100 tox|[from] item: Leftovers\n|-damage|p2a: Umbreon|88\/100 tox|[from] psn\n|-damage|p1a: Ditto|85\/100 tox|[from] psn\n|upkeep\n|turn|9\n|inactive|Imanjoneser has 120 seconds left.\n|\n|t:|1700171668\n|switch|p1a: Staraptor|Staraptor, M, shiny|100\/100\n|-ability|p1a: Staraptor|Intimidate|boost\n|-unboost|p2a: Umbreon|atk|1\n|move|p2a: Umbreon|Wish|p2a: Umbreon\n|\n|-heal|p2a: Umbreon|94\/100 tox|[from] item: Leftovers\n|-damage|p2a: Umbreon|76\/100 tox|[from] psn\n|upkeep\n|turn|10\n|inactive|Imanjoneser has 120 seconds left.\n|\n|t:|1700171678\n|move|p2a: Umbreon|Protect|p2a: Umbreon\n|-singleturn|p2a: Umbreon|Protect\n|move|p1a: Staraptor|Final Gambit|p2a: Umbreon\n|-activate|p2a: Umbreon|move: Protect\n|\n|-heal|p2a: Umbreon|100\/100 tox|[from] move: Wish|[wisher] Umbreon\n|-damage|p2a: Umbreon|76\/100 tox|[from] psn\n|-sideend|p1: Imanjoneser|Reflect\n|upkeep\n|turn|11\n|inactive|Imanjoneser has 120 seconds left.\n|\n|t:|1700171699\n|switch|p2a: Alomomola|Alomomola, F|100\/100\n|move|p1a: Staraptor|Close Combat|p2a: Alomomola\n|-damage|p2a: Alomomola|77\/100\n|-unboost|p1a: Staraptor|def|1\n|-unboost|p1a: Staraptor|spd|1\n|-enditem|p1a: Staraptor|White Herb\n|-clearnegativeboost|p1a: Staraptor|[silent]\n|\n|-heal|p2a: Alomomola|83\/100|[from] item: Leftovers\n|upkeep\n|turn|12\n|\n|t:|1700171718\n|switch|p1a: Ditto|Ditto, shiny|85\/100 tox\n|-transform|p1a: Ditto|p2a: Alomomola|[from] ability: Imposter\n|move|p2a: Alomomola|Scald|p1a: Ditto\n|-resisted|p1a: Ditto\n|-damage|p1a: Ditto|74\/100 tox\n|\n|-heal|p1a: Ditto|80\/100 tox|[from] item: Leftovers\n|-heal|p2a: Alomomola|89\/100|[from] item: Leftovers\n|-damage|p1a: Ditto|74\/100 tox|[from] psn\n|upkeep\n|turn|13\n|\n|t:|1700171730\n|move|p1a: Ditto|Wish|p1a: Ditto\n|move|p2a: Alomomola|Flip Turn|p1a: Ditto\n|-resisted|p1a: Ditto\n|-damage|p1a: Ditto|67\/100 tox\n|c|\u2606Imanjoneser|Very bulky team\n|\n|t:|1700171737\n|switch|p2a: Hatterene|Hatterene, F, shiny|100\/100|[from] Flip Turn\n|\n|-heal|p1a: Ditto|73\/100 tox|[from] item: Leftovers\n|-damage|p1a: Ditto|61\/100 tox|[from] psn\n|upkeep\n|turn|14\n|\n|t:|1700171748\n|move|p1a: Ditto|Scald|p2a: Hatterene\n|-damage|p2a: Hatterene|87\/100\n|move|p2a: Hatterene|Calm Mind|p2a: Hatterene\n|-boost|p2a: Hatterene|spa|1\n|-boost|p2a: Hatterene|spd|1\n|\n|-heal|p1a: Ditto|100\/100 tox|[from] move: Wish|[wisher] Ditto\n|-damage|p1a: Ditto|82\/100 tox|[from] psn\n|upkeep\n|turn|15\n|\n|t:|1700171759\n|move|p1a: Ditto|Flip Turn|p2a: Hatterene\n|-damage|p2a: Hatterene|73\/100\n|\n|t:|1700171774\n|switch|p1a: Sawsbuck|Sawsbuck, M, shiny|100\/100|[from] Flip Turn\n|move|p2a: Hatterene|Calm Mind|p2a: Hatterene\n|-boost|p2a: Hatterene|spa|1\n|-boost|p2a: Hatterene|spd|1\n|\n|upkeep\n|turn|16\n|\n|t:|1700171785\n|move|p1a: Sawsbuck|Headbutt|p2a: Hatterene\n|-damage|p2a: Hatterene|41\/100\n|move|p2a: Hatterene|Stored Power|p1a: Sawsbuck\n|-damage|p1a: Sawsbuck|0 fnt\n|faint|p1a: Sawsbuck\n|\n|upkeep\n|inactive|Imanjoneser has 90 seconds left.\n|\n|t:|1700171806\n|switch|p1a: Maushold|Maushold-Four, shiny|100\/100\n|turn|17\n|\n|t:|1700171810\n|move|p1a: Maushold|Population Bomb|p2a: Hatterene\n|-damage|p2a: Hatterene|29\/100\n|-damage|p2a: Hatterene|18\/100\n|-damage|p2a: Hatterene|7\/100\n|-damage|p2a: Hatterene|0 fnt\n|faint|p2a: Hatterene\n|-hitcount|p2: Hatterene|4\n|\n|upkeep\n|\n|t:|1700171827\n|switch|p2a: Umbreon|Umbreon, M, shiny|76\/100 tox\n|turn|18\n|inactive|Imanjoneser has 90 seconds left.\n|\n|t:|1700171866\n|switch|p1a: Ditto|Ditto, shiny|100\/100 tox\n|-transform|p1a: Ditto|p2a: Umbreon|[from] ability: Imposter\n|move|p2a: Umbreon|Wish|p2a: Umbreon\n|\n|-heal|p2a: Umbreon|82\/100 tox|[from] item: Leftovers\n|-damage|p2a: Umbreon|76\/100 tox|[from] psn\n|-damage|p1a: Ditto|94\/100 tox|[from] psn\n|upkeep\n|turn|19\n|\n|t:|1700171880\n|switch|p2a: Sneasler|Sneasler, F|80\/100\n|move|p1a: Ditto|Wish|p1a: Ditto\n|\n|-heal|p2a: Sneasler|100\/100|[from] move: Wish|[wisher] Umbreon\n|-heal|p1a: Ditto|100\/100 tox|[from] item: Leftovers\n|-damage|p1a: Ditto|88\/100 tox|[from] psn\n|upkeep\n|turn|20\n|\n|t:|1700171889\n|move|p2a: Sneasler|Fake Out|p1a: Ditto\n|-damage|p1a: Ditto|78\/100 tox\n|cant|p1a: Ditto|flinch\n|\n|-heal|p1a: Ditto|100\/100 tox|[from] move: Wish|[wisher] Ditto\n|-damage|p1a: Ditto|82\/100 tox|[from] psn\n|upkeep\n|turn|21\n|\n|t:|1700171897\n|move|p2a: Sneasler|U-turn|p1a: Ditto\n|-supereffective|p1a: Ditto\n|-damage|p1a: Ditto|46\/100 tox\n|\n|t:|1700171906\n|switch|p2a: Umbreon|Umbreon, M, shiny|76\/100 tox|[from] U-turn\n|move|p1a: Ditto|Foul Play|p2a: Umbreon\n|-resisted|p2a: Umbreon\n|-damage|p2a: Umbreon|71\/100 tox\n|\n|-heal|p1a: Ditto|52\/100 tox|[from] item: Leftovers\n|-heal|p2a: Umbreon|77\/100 tox|[from] item: Leftovers\n|-damage|p2a: Umbreon|71\/100 tox|[from] psn\n|-damage|p1a: Ditto|28\/100 tox|[from] psn\n|upkeep\n|turn|22\n|inactive|Imanjoneser has 90 seconds left.\n|\n|t:|1700171916\n|move|p1a: Ditto|Wish|p1a: Ditto\n|move|p2a: Umbreon|Foul Play|p1a: Ditto\n|-resisted|p1a: Ditto\n|-damage|p1a: Ditto|22\/100 tox\n|\n|-heal|p2a: Umbreon|77\/100 tox|[from] item: Leftovers\n|-heal|p1a: Ditto|28\/100 tox|[from] item: Leftovers\n|-damage|p2a: Umbreon|65\/100 tox|[from] psn\n|-damage|p1a: Ditto|0 fnt|[from] psn\n|faint|p1a: Ditto\n|upkeep\n|inactive|Imanjoneser has 90 seconds left.\n|\n|t:|1700171927\n|switch|p1a: Maushold|Maushold-Four, shiny|100\/100\n|turn|23\n|inactive|Imanjoneser has 90 seconds left.\n|\n|t:|1700171936\n|switch|p2a: Typhlosion|Typhlosion-Hisui, F|100\/100\n|-item|p1a: Maushold|Loaded Dice|[from] ability: Frisk|[of] p2a: Typhlosion|[identify]\n|move|p1a: Maushold|Taunt|p2a: Typhlosion\n|-start|p2a: Typhlosion|move: Taunt\n|\n|upkeep\n|turn|24\n|inactive|Imanjoneser has 90 seconds left.\n|\n|t:|1700171953\n|move|p1a: Maushold|Tidy Up|p1a: Maushold\n|-boost|p1a: Maushold|atk|1\n|-boost|p1a: Maushold|spe|1\n|move|p2a: Typhlosion|Focus Blast|p1a: Maushold|[miss]\n|-miss|p2a: Typhlosion|p1a: Maushold\n|\n|upkeep\n|turn|25\n|inactive|Imanjoneser has 90 seconds left.\n|\n|t:|1700171962\n|-terastallize|p1a: Maushold|Ghost\n|move|p1a: Maushold|Tidy Up|p1a: Maushold\n|-boost|p1a: Maushold|atk|1\n|-boost|p1a: Maushold|spe|1\n|move|p2a: Typhlosion|Focus Blast|p1a: Maushold\n|-immune|p1a: Maushold\n|\n|-end|p2a: Typhlosion|move: Taunt\n|upkeep\n|turn|26\n|\n|t:|1700171976\n|switch|p2a: Alomomola|Alomomola, F|100\/100\n|move|p1a: Maushold|Bite|p2a: Alomomola\n|-damage|p2a: Alomomola|77\/100\n|\n|-heal|p2a: Alomomola|83\/100|[from] item: Leftovers\n|upkeep\n|turn|27\n|\n|t:|1700171985\n|move|p1a: Maushold|Population Bomb|p2a: Alomomola\n|-damage|p2a: Alomomola|71\/100\n|-damage|p2a: Alomomola|58\/100\n|-damage|p2a: Alomomola|46\/100\n|-damage|p2a: Alomomola|34\/100\n|-damage|p2a: Alomomola|21\/100\n|-damage|p2a: Alomomola|9\/100\n|-damage|p2a: Alomomola|0 fnt\n|faint|p2a: Alomomola\n|-hitcount|p2: Alomomola|7\n|\n|upkeep\n|\n|t:|1700171997\n|switch|p2a: Umbreon|Umbreon, M, shiny|65\/100 tox\n|turn|28\n|\n|t:|1700172009\n|move|p1a: Maushold|Population Bomb|p2a: Umbreon\n|-damage|p2a: Umbreon|53\/100 tox\n|-damage|p2a: Umbreon|40\/100 tox\n|-damage|p2a: Umbreon|28\/100 tox\n|-damage|p2a: Umbreon|15\/100 tox\n|-damage|p2a: Umbreon|3\/100 tox\n|-damage|p2a: Umbreon|0 fnt\n|faint|p2a: Umbreon\n|-hitcount|p2: Umbreon|6\n|\n|upkeep\n|\n|t:|1700172025\n|switch|p2a: Kingambit|Kingambit, M|100\/100\n|-activate|p2a: Kingambit|ability: Supreme Overlord\n|-start|p2a: Kingambit|fallen3|[silent]\n|-item|p2a: Kingambit|Air Balloon\n|turn|29\n|inactive|Imanjoneser has 90 seconds left.\n|\n|t:|1700172074\n|switch|p1a: Farigiraf|Farigiraf, F, shiny|62\/100\n|move|p2a: Kingambit|Kowtow Cleave|p1a: Farigiraf\n|-supereffective|p1a: Farigiraf\n|-crit|p1a: Farigiraf\n|-damage|p1a: Farigiraf|0 fnt\n|faint|p1a: Farigiraf\n|\n|upkeep\n|\n|t:|1700172082\n|switch|p1a: Staraptor|Staraptor, M, shiny|100\/100\n|-ability|p1a: Staraptor|Intimidate|boost\n|-unboost|p2a: Kingambit|atk|1\n|turn|30\n|\n|t:|1700172093\n|-end|p2a: Kingambit|fallen3|[silent]\n|switch|p2a: Typhlosion|Typhlosion-Hisui, F|100\/100\n|move|p1a: Staraptor|Close Combat|p2a: Typhlosion\n|-immune|p2a: Typhlosion\n|\n|upkeep\n|turn|31\n|\n|t:|1700172101\n|move|p1a: Staraptor|Brave Bird|p2a: Typhlosion\n|-damage|p2a: Typhlosion|16\/100\n|-damage|p1a: Staraptor|75\/100|[from] Recoil\n|move|p2a: Typhlosion|Infernal Parade|p1a: Staraptor\n|-immune|p1a: Staraptor\n|\n|upkeep\n|turn|32\n|inactive|Imanjoneser has 90 seconds left.\n|\n|t:|1700172111\n|move|p1a: Staraptor|Brave Bird|p2a: Typhlosion\n|-damage|p2a: Typhlosion|0 fnt\n|faint|p2a: Typhlosion\n|-damage|p1a: Staraptor|70\/100|[from] Recoil\n|\n|upkeep\n|\n|t:|1700172116\n|switch|p2a: Kingambit|Kingambit, M|100\/100\n|-activate|p2a: Kingambit|ability: Supreme Overlord\n|-start|p2a: Kingambit|fallen4|[silent]\n|-item|p2a: Kingambit|Air Balloon\n|turn|33\n|\n|t:|1700172122\n|move|p1a: Staraptor|Close Combat|p2a: Kingambit\n|-supereffective|p2a: Kingambit\n|-damage|p2a: Kingambit|0 fnt\n|-unboost|p1a: Staraptor|def|1\n|-unboost|p1a: Staraptor|spd|1\n|-enditem|p2a: Kingambit|Air Balloon\n|faint|p2a: Kingambit\n|-end|p2a: Kingambit|fallen4|[silent]\n|\n|upkeep\n|\n|t:|1700172125\n|switch|p2a: Sneasler|Sneasler, F|100\/100\n|turn|34\n|\n|t:|1700172132\n|move|p2a: Sneasler|Fake Out|p1a: Staraptor\n|-damage|p1a: Staraptor|37\/100\n|cant|p1a: Staraptor|flinch\n|\n|upkeep\n|turn|35\n|\n|t:|1700172141\n|move|p2a: Sneasler|Dire Claw|p1a: Staraptor\n|-damage|p1a: Staraptor|0 fnt\n|faint|p1a: Staraptor\n|\n|upkeep\n|\n|t:|1700172145\n|switch|p1a: Maushold|Maushold-Four, shiny, tera:Ghost|100\/100\n|turn|36\n|\n|t:|1700172157\n|-terastallize|p2a: Sneasler|Ghost\n|move|p2a: Sneasler|Dire Claw|p1a: Maushold\n|-resisted|p1a: Maushold\n|-damage|p1a: Maushold|67\/100\n|move|p1a: Maushold|Tidy Up|p1a: Maushold\n|-boost|p1a: Maushold|atk|1\n|-boost|p1a: Maushold|spe|1\n|\n|upkeep\n|turn|37\n|\n|t:|1700172165\n|move|p1a: Maushold|Bite|p2a: Sneasler\n|-supereffective|p2a: Sneasler\n|-damage|p2a: Sneasler|0 fnt\n|faint|p2a: Sneasler\n|\n|win|Imanjoneser\n|raw|Imanjoneser's rating: 1026 &rarr; <strong>1061<\/strong><br \/>(+35 for winning)\n|raw|jamonji's rating: 1018 &rarr; <strong>1006<\/strong><br \/>(-12 for losing)\n|l|\u2606jamonji\n|c|\u2606Imanjoneser|gg!\n","uploadtime":1700172173,"views":11,"p1id":"imanjoneser","p2id":"jamonji","formatid":"gen9ou","rating":1006,"private":0,"password":""}