{"id":"gen9ou-1989325650","p1":"AkiDes","p2":"Pac Wintergreen","format":"[Gen 9] OU","log":"|j|\u2606AkiDes\n|j|\u2606Pac Wintergreen\n|t:|1699836604\n|gametype|singles\n|player|p1|AkiDes|volkner|1119\n|player|p2|Pac Wintergreen|265|1037\n|teamsize|p1|6\n|teamsize|p2|6\n|gen|9\n|tier|[Gen 9] OU\n|rated|\n|rule|Sleep Clause Mod: Limit one foe put to sleep\n|rule|Species Clause: Limit one of each Pok\u00e9mon\n|rule|OHKO Clause: OHKO moves are banned\n|rule|Evasion Items Clause: Evasion items are banned\n|rule|Evasion Moves Clause: Evasion moves are banned\n|rule|Endless Battle Clause: Forcing endless battles is banned\n|rule|HP Percentage Mod: HP is shown in percentages\n|clearpoke\n|poke|p1|Greninja-*, F|\n|poke|p1|Dragonite, F|\n|poke|p1|Cinderace, M|\n|poke|p1|Mandibuzz, F|\n|poke|p1|Jolteon, F|\n|poke|p1|Gengar, F|\n|poke|p2|Gholdengo|\n|poke|p2|Vivillon-Fancy, M|\n|poke|p2|Dondozo, M|\n|poke|p2|Rillaboom, M|\n|poke|p2|Hatterene, F|\n|poke|p2|Iron Moth|\n|teampreview\n|inactive|Battle timer is ON: inactive players will automatically lose when time's up. (requested by Pac Wintergreen)\n|\n|t:|1699836626\n|start\n|switch|p1a: Jolteon|Jolteon, F|100\/100\n|switch|p2a: Hatterene|Hatterene, F|100\/100\n|turn|1\n|\n|t:|1699836633\n|move|p1a: Jolteon|Volt Switch|p2a: Hatterene\n|-damage|p2a: Hatterene|52\/100\n|\n|t:|1699836638\n|switch|p1a: Mandibuzz|Mandibuzz, F|100\/100|[from] Volt Switch\n|move|p2a: Hatterene|Calm Mind|p2a: Hatterene\n|-boost|p2a: Hatterene|spa|1\n|-boost|p2a: Hatterene|spd|1\n|\n|-heal|p2a: Hatterene|58\/100|[from] item: Leftovers\n|upkeep\n|turn|2\n|\n|t:|1699836648\n|move|p1a: Mandibuzz|Foul Play|p2a: Hatterene\n|-damage|p2a: Hatterene|37\/100\n|move|p2a: Hatterene|Draining Kiss|p1a: Mandibuzz\n|-supereffective|p1a: Mandibuzz\n|-damage|p1a: Mandibuzz|46\/100\n|-heal|p2a: Hatterene|92\/100|[from] drain|[of] p1a: Mandibuzz\n|\n|-heal|p2a: Hatterene|98\/100|[from] item: Leftovers\n|upkeep\n|turn|3\n|\n|t:|1699836658\n|move|p1a: Mandibuzz|Foul Play|p2a: Hatterene\n|-damage|p2a: Hatterene|78\/100\n|move|p2a: Hatterene|Draining Kiss|p1a: Mandibuzz\n|-supereffective|p1a: Mandibuzz\n|-damage|p1a: Mandibuzz|0 fnt\n|-heal|p2a: Hatterene|100\/100|[from] drain|[of] p1a: Mandibuzz\n|faint|p1a: Mandibuzz\n|\n|upkeep\n|\n|t:|1699836671\n|switch|p1a: Gengar|Gengar, F|100\/100\n|turn|4\n|\n|t:|1699836684\n|move|p1a: Gengar|Substitute|p1a: Gengar\n|-start|p1a: Gengar|Substitute\n|-damage|p1a: Gengar|76\/100\n|move|p2a: Hatterene|Calm Mind|p2a: Hatterene\n|-boost|p2a: Hatterene|spa|1\n|-boost|p2a: Hatterene|spd|1\n|\n|-heal|p1a: Gengar|82\/100|[from] item: Leftovers\n|upkeep\n|turn|5\n|\n|t:|1699836689\n|move|p1a: Gengar|Sludge Bomb|p2a: Hatterene\n|-supereffective|p2a: Hatterene\n|-damage|p2a: Hatterene|51\/100\n|-status|p2a: Hatterene|psn\n|move|p2a: Hatterene|Mystical Fire|p1a: Gengar\n|-end|p1a: Gengar|Substitute\n|\n|-heal|p1a: Gengar|88\/100|[from] item: Leftovers\n|-heal|p2a: Hatterene|57\/100 psn|[from] item: Leftovers\n|-damage|p2a: Hatterene|45\/100 psn|[from] psn\n|upkeep\n|turn|6\n|\n|t:|1699836699\n|move|p1a: Gengar|Substitute|p1a: Gengar\n|-start|p1a: Gengar|Substitute\n|-damage|p1a: Gengar|63\/100\n|move|p2a: Hatterene|Draining Kiss|p1a: Gengar\n|-resisted|p1a: Gengar\n|-end|p1a: Gengar|Substitute\n|-heal|p2a: Hatterene|60\/100 psn|[from] drain|[of] p1a: Gengar\n|\n|-heal|p1a: Gengar|69\/100|[from] item: Leftovers\n|-heal|p2a: Hatterene|66\/100 psn|[from] item: Leftovers\n|-damage|p2a: Hatterene|54\/100 psn|[from] psn\n|upkeep\n|turn|7\n|\n|t:|1699836710\n|move|p1a: Gengar|Sludge Bomb|p2a: Hatterene\n|-supereffective|p2a: Hatterene\n|-damage|p2a: Hatterene|2\/100 psn\n|move|p2a: Hatterene|Draining Kiss|p1a: Gengar\n|-resisted|p1a: Gengar\n|-damage|p1a: Gengar|35\/100\n|-heal|p2a: Hatterene|23\/100 psn|[from] drain|[of] p1a: Gengar\n|\n|-heal|p1a: Gengar|41\/100|[from] item: Leftovers\n|-heal|p2a: Hatterene|29\/100 psn|[from] item: Leftovers\n|-damage|p2a: Hatterene|17\/100 psn|[from] psn\n|upkeep\n|turn|8\n|\n|t:|1699836723\n|move|p1a: Gengar|Shadow Ball|p2a: Hatterene\n|-supereffective|p2a: Hatterene\n|-damage|p2a: Hatterene|0 fnt\n|faint|p2a: Hatterene\n|\n|-heal|p1a: Gengar|47\/100|[from] item: Leftovers\n|upkeep\n|\n|t:|1699836740\n|switch|p2a: Iron Moth|Iron Moth|100\/100\n|turn|9\n|\n|t:|1699836746\n|move|p2a: Iron Moth|Flamethrower|p1a: Gengar\n|-damage|p1a: Gengar|0 fnt\n|-start|p2a: Iron Moth|Disable|Flamethrower|[from] ability: Cursed Body|[of] p1a: Gengar\n|faint|p1a: Gengar\n|\n|upkeep\n|\n|t:|1699836753\n|switch|p1a: Greninja|Greninja, F, shiny|100\/100\n|turn|10\n|\n|t:|1699836760\n|switch|p1a: Jolteon|Jolteon, F|100\/100\n|-end|p2a: Iron Moth|Quark Drive|[silent]\n|switch|p2a: Dondozo|Dondozo, M|100\/100\n|\n|upkeep\n|turn|11\n|\n|t:|1699836767\n|switch|p2a: Rillaboom|Rillaboom, M|100\/100\n|-fieldstart|move: Grassy Terrain|[from] ability: Grassy Surge|[of] p2a: Rillaboom\n|move|p1a: Jolteon|Thunderbolt|p2a: Rillaboom\n|-resisted|p2a: Rillaboom\n|-crit|p2a: Rillaboom\n|-damage|p2a: Rillaboom|45\/100\n|\n|-heal|p2a: Rillaboom|52\/100|[from] Grassy Terrain\n|upkeep\n|turn|12\n|\n|t:|1699836776\n|switch|p1a: Dragonite|Dragonite, F|100\/100\n|move|p2a: Rillaboom|Fake Out|p1a: Dragonite\n|-damage|p1a: Dragonite|92\/100\n|\n|-heal|p2a: Rillaboom|58\/100|[from] Grassy Terrain\n|upkeep\n|turn|13\n|\n|t:|1699836787\n|move|p2a: Rillaboom|Grassy Glide|p1a: Dragonite\n|-resisted|p1a: Dragonite\n|-damage|p1a: Dragonite|81\/100\n|move|p1a: Dragonite|Dragon Dance|p1a: Dragonite\n|-boost|p1a: Dragonite|atk|1\n|-boost|p1a: Dragonite|spe|1\n|\n|-heal|p2a: Rillaboom|64\/100|[from] Grassy Terrain\n|upkeep\n|turn|14\n|\n|t:|1699836814\n|switch|p2a: Gholdengo|Gholdengo|100\/100\n|-item|p2a: Gholdengo|Air Balloon\n|move|p1a: Dragonite|Fire Punch|p2a: Gholdengo\n|-supereffective|p2a: Gholdengo\n|-crit|p2a: Gholdengo\n|-damage|p2a: Gholdengo|0 fnt\n|-enditem|p2a: Gholdengo|Air Balloon\n|faint|p2a: Gholdengo\n|\n|upkeep\n|\n|t:|1699836817\n|switch|p2a: Rillaboom|Rillaboom, M|64\/100\n|turn|15\n|\n|t:|1699836822\n|move|p2a: Rillaboom|Fake Out|p1a: Dragonite\n|-damage|p1a: Dragonite|65\/100\n|cant|p1a: Dragonite|flinch\n|\n|-heal|p2a: Rillaboom|70\/100|[from] Grassy Terrain\n|upkeep\n|turn|16\n|\n|t:|1699836825\n|move|p1a: Dragonite|Fire Punch|p2a: Rillaboom\n|-supereffective|p2a: Rillaboom\n|-damage|p2a: Rillaboom|0 fnt\n|faint|p2a: Rillaboom\n|\n|upkeep\n|\n|t:|1699836828\n|switch|p2a: Dondozo|Dondozo, M|100\/100\n|turn|17\n|\n|t:|1699836834\n|move|p1a: Dragonite|Dragon Dance|p1a: Dragonite\n|-boost|p1a: Dragonite|atk|1\n|-boost|p1a: Dragonite|spe|1\n|move|p2a: Dondozo|Liquidation|p1a: Dragonite\n|-resisted|p1a: Dragonite\n|-damage|p1a: Dragonite|49\/100\n|\n|upkeep\n|turn|18\n|-message|Pac Wintergreen forfeited.\n|\n|win|AkiDes\n|raw|AkiDes's rating: 1119 &rarr; <strong>1138<\/strong><br \/>(+19 for winning)\n|raw|Pac Wintergreen's rating: 1037 &rarr; <strong>1025<\/strong><br \/>(-12 for losing)\n|l|\u2606Pac Wintergreen\n","uploadtime":1699836843,"views":14,"p1id":"akides","p2id":"pacwintergreen","formatid":"gen9ou","rating":1025,"private":0,"password":""}