{"id":"gen9ou-1990950525","p1":"The_Gunslinger23","p2":"soberlyquoting","format":"[Gen 9] OU","log":"|j|\u2606The_Gunslinger23\n|j|\u2606soberlyquoting\n|t:|1700018814\n|gametype|singles\n|player|p1|The_Gunslinger23|102|1157\n|player|p2|soberlyquoting|leaf-masters|1144\n|teamsize|p1|6\n|teamsize|p2|6\n|gen|9\n|tier|[Gen 9] OU\n|rated|\n|rule|Sleep Clause Mod: Limit one foe put to sleep\n|rule|Species Clause: Limit one of each Pok\u00e9mon\n|rule|OHKO Clause: OHKO moves are banned\n|rule|Evasion Items Clause: Evasion items are banned\n|rule|Evasion Moves Clause: Evasion moves are banned\n|rule|Endless Battle Clause: Forcing endless battles is banned\n|rule|HP Percentage Mod: HP is shown in percentages\n|clearpoke\n|poke|p1|Cinderace, F|\n|poke|p1|Rillaboom, M|\n|poke|p1|Sneasler, M|\n|poke|p1|Garganacl, M|\n|poke|p1|Dondozo, M|\n|poke|p1|Amoonguss, F|\n|poke|p2|Ogerpon-Wellspring, F|\n|poke|p2|Cinderace, M|\n|poke|p2|Walking Wake|\n|poke|p2|Landorus-Therian, M|\n|poke|p2|Heatran, F|\n|poke|p2|Mimikyu, F|\n|teampreview\n|\n|t:|1700018825\n|start\n|switch|p1a: Sneasler|Sneasler, M|100\/100\n|switch|p2a: Walkin' on the|Landorus-Therian, M|100\/100\n|-ability|p2a: Walkin' on the|Intimidate|boost\n|-unboost|p1a: Sneasler|atk|1\n|turn|1\n|\n|t:|1700018831\n|move|p1a: Sneasler|U-turn|p2a: Walkin' on the\n|-resisted|p2a: Walkin' on the\n|-damage|p2a: Walkin' on the|86\/100\n|\n|t:|1700018839\n|switch|p1a: Amoonguss|Amoonguss, F, shiny|100\/100|[from] U-turn\n|move|p2a: Walkin' on the|Earthquake|p1a: Amoonguss\n|-damage|p1a: Amoonguss|60\/100\n|-enditem|p1a: Amoonguss|Red Card|[of] p2a: Walkin' on the\n|drag|p2a: World Chase Tag|Cinderace, M|100\/100\n|\n|upkeep\n|turn|2\n|\n|t:|1700018853\n|switch|p1a: Dondozo|Dondozo, M, shiny|100\/100\n|move|p2a: World Chase Tag|Pyro Ball|p1a: Dondozo\n|-resisted|p1a: Dondozo\n|-damage|p1a: Dondozo|84\/100\n|\n|-heal|p1a: Dondozo|90\/100|[from] item: Leftovers\n|upkeep\n|turn|3\n|\n|t:|1700018867\n|switch|p2a: :pensive:|Ogerpon-Wellspring, F|100\/100\n|switch|p1a: Amoonguss|Amoonguss, F, shiny|93\/100\n|\n|upkeep\n|turn|4\n|\n|t:|1700018873\n|move|p2a: :pensive:|Swords Dance|p2a: :pensive:\n|-boost|p2a: :pensive:|atk|2\n|move|p1a: Amoonguss|Spore|p2a: :pensive:\n|-immune|p2a: :pensive:\n|\n|upkeep\n|turn|5\n|\n|t:|1700018893\n|move|p2a: :pensive:|Ivy Cudgel|p1a: Amoonguss|[anim] Ivy Cudgel Water\n|-resisted|p1a: Amoonguss\n|-damage|p1a: Amoonguss|48\/100\n|move|p1a: Amoonguss|Foul Play|p2a: :pensive:\n|-damage|p2a: :pensive:|22\/100\n|\n|upkeep\n|turn|6\n|\n|t:|1700018903\n|switch|p1a: Dondozo|Dondozo, M, shiny|90\/100\n|move|p2a: :pensive:|Ivy Cudgel|p1a: Dondozo|[anim] Ivy Cudgel Water\n|-resisted|p1a: Dondozo\n|-damage|p1a: Dondozo|72\/100\n|\n|-heal|p1a: Dondozo|78\/100|[from] item: Leftovers\n|upkeep\n|turn|7\n|\n|t:|1700018913\n|switch|p1a: Rillaboom|Rillaboom, M|100\/100\n|-fieldstart|move: Grassy Terrain|[from] ability: Grassy Surge|[of] p1a: Rillaboom\n|move|p2a: :pensive:|Trailblaze|p1a: Rillaboom\n|-resisted|p1a: Rillaboom\n|-damage|p1a: Rillaboom|55\/100\n|-boost|p2a: :pensive:|spe|1\n|\n|-heal|p2a: :pensive:|28\/100|[from] Grassy Terrain\n|-heal|p1a: Rillaboom|61\/100|[from] Grassy Terrain\n|upkeep\n|turn|8\n|\n|t:|1700018922\n|switch|p2a: Minecraft in 4k|Heatran, F|100\/100\n|move|p1a: Rillaboom|Grassy Glide|p2a: Minecraft in 4k\n|-resisted|p2a: Minecraft in 4k\n|-damage|p2a: Minecraft in 4k|91\/100\n|-status|p1a: Rillaboom|brn|[from] ability: Flame Body|[of] p2a: Minecraft in 4k\n|\n|-heal|p1a: Rillaboom|67\/100 brn|[from] Grassy Terrain\n|-heal|p2a: Minecraft in 4k|98\/100|[from] Grassy Terrain\n|-damage|p1a: Rillaboom|61\/100 brn|[from] brn\n|upkeep\n|turn|9\n|\n|t:|1700018929\n|move|p1a: Rillaboom|High Horsepower|p2a: Minecraft in 4k\n|-supereffective|p2a: Minecraft in 4k\n|-damage|p2a: Minecraft in 4k|46\/100\n|move|p2a: Minecraft in 4k|Stealth Rock|p1a: Rillaboom\n|-sidestart|p1: The_Gunslinger23|move: Stealth Rock\n|\n|-heal|p1a: Rillaboom|67\/100 brn|[from] Grassy Terrain\n|-heal|p2a: Minecraft in 4k|53\/100|[from] Grassy Terrain\n|-damage|p1a: Rillaboom|61\/100 brn|[from] brn\n|upkeep\n|turn|10\n|\n|t:|1700018942\n|switch|p1a: Sneasler|Sneasler, M|100\/100\n|-damage|p1a: Sneasler|95\/100|[from] Stealth Rock\n|switch|p2a: Walkin' on the|Landorus-Therian, M|86\/100\n|-ability|p2a: Walkin' on the|Intimidate|boost\n|-unboost|p1a: Sneasler|atk|1\n|\n|-heal|p1a: Sneasler|100\/100|[from] Grassy Terrain\n|-heal|p2a: Walkin' on the|92\/100|[from] item: Leftovers\n|upkeep\n|turn|11\n|\n|t:|1700018948\n|move|p1a: Sneasler|U-turn|p2a: Walkin' on the\n|-resisted|p2a: Walkin' on the\n|-damage|p2a: Walkin' on the|77\/100\n|\n|t:|1700018957\n|switch|p1a: Dondozo|Dondozo, M, shiny|78\/100|[from] U-turn\n|-damage|p1a: Dondozo|66\/100|[from] Stealth Rock\n|move|p2a: Walkin' on the|U-turn|p1a: Dondozo\n|-damage|p1a: Dondozo|51\/100\n|\n|t:|1700018976\n|switch|p2a: :pensive:|Ogerpon-Wellspring, F|28\/100|[from] U-turn\n|\n|-heal|p2a: :pensive:|34\/100|[from] Grassy Terrain\n|-heal|p1a: Dondozo|57\/100|[from] Grassy Terrain\n|-heal|p1a: Dondozo|63\/100|[from] item: Leftovers\n|-fieldend|move: Grassy Terrain\n|upkeep\n|turn|12\n|\n|t:|1700018986\n|switch|p1a: Amoonguss|Amoonguss, F, shiny|81\/100\n|-damage|p1a: Amoonguss|69\/100|[from] Stealth Rock\n|move|p2a: :pensive:|Trailblaze|p1a: Amoonguss\n|-resisted|p1a: Amoonguss\n|-damage|p1a: Amoonguss|63\/100\n|-boost|p2a: :pensive:|spe|1\n|\n|upkeep\n|turn|13\n|\n|t:|1700018999\n|move|p2a: :pensive:|Ivy Cudgel|p1a: Amoonguss|[anim] Ivy Cudgel Water\n|-resisted|p1a: Amoonguss\n|-damage|p1a: Amoonguss|39\/100\n|move|p1a: Amoonguss|Foul Play|p2a: :pensive:\n|-damage|p2a: :pensive:|0 fnt\n|faint|p2a: :pensive:\n|\n|upkeep\n|\n|t:|1700019007\n|switch|p2a: Walkin' on the|Landorus-Therian, M|77\/100\n|-ability|p2a: Walkin' on the|Intimidate|boost\n|-unboost|p1a: Amoonguss|atk|1\n|turn|14\n|\n|t:|1700019018\n|switch|p1a: Rillaboom|Rillaboom, M|61\/100 brn\n|-damage|p1a: Rillaboom|49\/100 brn|[from] Stealth Rock\n|-fieldstart|move: Grassy Terrain|[from] ability: Grassy Surge|[of] p1a: Rillaboom\n|move|p2a: Walkin' on the|Earthquake|p1a: Rillaboom\n|-resisted|p1a: Rillaboom\n|-damage|p1a: Rillaboom|35\/100 brn\n|\n|-heal|p2a: Walkin' on the|83\/100|[from] item: Leftovers\n|-heal|p1a: Rillaboom|41\/100 brn|[from] Grassy Terrain\n|-damage|p1a: Rillaboom|35\/100 brn|[from] brn\n|upkeep\n|turn|15\n|\n|t:|1700019025\n|move|p2a: Walkin' on the|U-turn|p1a: Rillaboom\n|-supereffective|p1a: Rillaboom\n|-damage|p1a: Rillaboom|0 fnt\n|faint|p1a: Rillaboom\n|\n|t:|1700019044\n|switch|p2a: New Orleans|Walking Wake|100\/100|[from] U-turn\n|-enditem|p2a: New Orleans|Booster Energy\n|-activate|p2a: New Orleans|ability: Protosynthesis|[fromitem]\n|-start|p2a: New Orleans|protosynthesisspa\n|\n|upkeep\n|\n|t:|1700019067\n|switch|p1a: Dondozo|Dondozo, M, shiny|63\/100\n|-damage|p1a: Dondozo|51\/100|[from] Stealth Rock\n|turn|16\n|\n|t:|1700019077\n|switch|p1a: Amoonguss|Amoonguss, F, shiny|72\/100\n|-damage|p1a: Amoonguss|60\/100|[from] Stealth Rock\n|move|p2a: New Orleans|Draco Meteor|p1a: Amoonguss\n|-damage|p1a: Amoonguss|0 fnt\n|-unboost|p2a: New Orleans|spa|2\n|faint|p1a: Amoonguss\n|\n|upkeep\n|\n|t:|1700019084\n|switch|p1a: Dondozo|Dondozo, M, shiny|51\/100\n|-damage|p1a: Dondozo|38\/100|[from] Stealth Rock\n|turn|17\n|\n|t:|1700019087\n|move|p2a: New Orleans|Draco Meteor|p1a: Dondozo\n|-damage|p1a: Dondozo|0 fnt\n|-unboost|p2a: New Orleans|spa|2\n|faint|p1a: Dondozo\n|\n|upkeep\n|\n|t:|1700019094\n|switch|p1a: Garganacl|Garganacl, M, shiny|100\/100\n|-damage|p1a: Garganacl|88\/100|[from] Stealth Rock\n|turn|18\n|\n|t:|1700019100\n|-end|p2a: New Orleans|Protosynthesis|[silent]\n|switch|p2a: Minecraft in 4k|Heatran, F|53\/100\n|move|p1a: Garganacl|Salt Cure|p2a: Minecraft in 4k\n|-damage|p2a: Minecraft in 4k|40\/100\n|-start|p2a: Minecraft in 4k|Salt Cure\n|\n|-heal|p2a: Minecraft in 4k|46\/100|[from] Grassy Terrain\n|-heal|p1a: Garganacl|94\/100|[from] Grassy Terrain\n|-heal|p1a: Garganacl|100\/100|[from] item: Leftovers\n|-damage|p2a: Minecraft in 4k|21\/100|[from] Salt Cure\n|-fieldend|move: Grassy Terrain\n|upkeep\n|turn|19\n|\n|t:|1700019110\n|switch|p1a: Sneasler|Sneasler, M|100\/100\n|-damage|p1a: Sneasler|95\/100|[from] Stealth Rock\n|move|p2a: Minecraft in 4k|Sunny Day|p2a: Minecraft in 4k\n|-weather|SunnyDay\n|\n|-weather|SunnyDay|[upkeep]\n|-damage|p2a: Minecraft in 4k|0 fnt|[from] Salt Cure\n|faint|p2a: Minecraft in 4k\n|upkeep\n|\n|t:|1700019119\n|switch|p2a: Walkin' on the|Landorus-Therian, M|83\/100\n|-ability|p2a: Walkin' on the|Intimidate|boost\n|-unboost|p1a: Sneasler|atk|1\n|turn|20\n|\n|t:|1700019124\n|move|p1a: Sneasler|U-turn|p2a: Walkin' on the\n|-resisted|p2a: Walkin' on the\n|-damage|p2a: Walkin' on the|68\/100\n|\n|t:|1700019133\n|switch|p1a: Garganacl|Garganacl, M, shiny|100\/100|[from] U-turn\n|-damage|p1a: Garganacl|88\/100|[from] Stealth Rock\n|move|p2a: Walkin' on the|Earthquake|p1a: Garganacl\n|-supereffective|p1a: Garganacl\n|-damage|p1a: Garganacl|7\/100\n|\n|-weather|SunnyDay|[upkeep]\n|-heal|p2a: Walkin' on the|74\/100|[from] item: Leftovers\n|-heal|p1a: Garganacl|14\/100|[from] item: Leftovers\n|upkeep\n|turn|21\n|\n|t:|1700019142\n|move|p2a: Walkin' on the|Earthquake|p1a: Garganacl\n|-supereffective|p1a: Garganacl\n|-damage|p1a: Garganacl|0 fnt\n|faint|p1a: Garganacl\n|\n|-weather|SunnyDay|[upkeep]\n|-heal|p2a: Walkin' on the|80\/100|[from] item: Leftovers\n|upkeep\n|\n|t:|1700019144\n|switch|p1a: Cinderace|Cinderace, F|100\/100\n|turn|22\n|\n|t:|1700019150\n|-terastallize|p1a: Cinderace|Fire\n|move|p1a: Cinderace|Pyro Ball|p2a: Walkin' on the\n|-damage|p2a: Walkin' on the|0 fnt\n|faint|p2a: Walkin' on the\n|\n|-weather|SunnyDay|[upkeep]\n|upkeep\n|\n|t:|1700019155\n|switch|p2a: New Orleans|Walking Wake|100\/100\n|-activate|p2a: New Orleans|ability: Protosynthesis\n|-start|p2a: New Orleans|protosynthesisspa\n|turn|23\n|\n|t:|1700019166\n|move|p1a: Cinderace|Sucker Punch|p2a: New Orleans\n|-damage|p2a: New Orleans|75\/100\n|move|p2a: New Orleans|Hydro Steam|p1a: Cinderace\n|-supereffective|p1a: Cinderace\n|-damage|p1a: Cinderace|0 fnt\n|faint|p1a: Cinderace\n|\n|-weather|none\n|-end|p2a: New Orleans|Protosynthesis\n|upkeep\n|-message|The_Gunslinger23 forfeited.\n|\n|win|soberlyquoting\n|raw|The_Gunslinger23's rating: 1157 &rarr; <strong>1131<\/strong><br \/>(-26 for losing)\n|raw|soberlyquoting's rating: 1144 &rarr; <strong>1170<\/strong><br \/>(+26 for winning)\n|l|\u2606The_Gunslinger23\n","uploadtime":1700019177,"views":8,"p1id":"thegunslinger23","p2id":"soberlyquoting","formatid":"gen9ou","rating":1131,"private":0,"password":""}