{"id":"gen9ou-1996170995","p1":"yyysneasel","p2":"2(H2O)","format":"[Gen 9] OU","log":"|j|\u2606yyysneasel\n|j|\u26062(H2O)\n|t:|1700654586\n|gametype|singles\n|player|p1|yyysneasel|bugcatcher-gen4dp|1711\n|player|p2|2(H2O)|chase|1698\n|teamsize|p1|6\n|teamsize|p2|6\n|gen|9\n|tier|[Gen 9] OU\n|rated|\n|rule|Sleep Clause Mod: Limit one foe put to sleep\n|rule|Species Clause: Limit one of each Pok\u00e9mon\n|rule|OHKO Clause: OHKO moves are banned\n|rule|Evasion Items Clause: Evasion items are banned\n|rule|Evasion Moves Clause: Evasion moves are banned\n|rule|Endless Battle Clause: Forcing endless battles is banned\n|rule|HP Percentage Mod: HP is shown in percentages\n|clearpoke\n|poke|p1|Corviknight, M|\n|poke|p1|Toxapex, F|\n|poke|p1|Dondozo, M|\n|poke|p1|Slowking-Galar, M|\n|poke|p1|Blissey, F|\n|poke|p1|Clefable, F|\n|poke|p2|Meowscarada, M|\n|poke|p2|Gholdengo|\n|poke|p2|Ogerpon-Wellspring, F|\n|poke|p2|Dragonite, M|\n|poke|p2|Moltres|\n|poke|p2|Kingambit, M|\n|teampreview\n|inactive|Battle timer is ON: inactive players will automatically lose when time's up. (requested by 2(H2O))\n|\n|t:|1700654605\n|start\n|switch|p1a: stannin on bihness|Toxapex, F|100\/100\n|switch|p2a: Moltres|Moltres|100\/100\n|turn|1\n|\n|t:|1700654617\n|switch|p2a: Gholdengo|Gholdengo|100\/100\n|move|p1a: stannin on bihness|Infestation|p2a: Gholdengo\n|-resisted|p2a: Gholdengo\n|-damage|p2a: Gholdengo|99\/100\n|-activate|p2a: Gholdengo|move: Infestation|[of] p1a: stannin on bihness\n|\n|-damage|p2a: Gholdengo|87\/100|[from] move: Infestation|[partiallytrapped]\n|upkeep\n|turn|2\n|\n|t:|1700654622\n|switch|p1a: Slowking|Slowking-Galar, M|100\/100\n|move|p2a: Gholdengo|Psyshock|p1a: Slowking\n|-damage|p1a: Slowking|63\/100\n|\n|-end|p2a: Gholdengo|Infestation|[partiallytrapped]|[silent]\n|upkeep\n|turn|3\n|\n|t:|1700654626\n|switch|p1a: ban dengo ffs|Blissey, F|100\/100\n|move|p2a: Gholdengo|Psyshock|p1a: ban dengo ffs\n|-damage|p1a: ban dengo ffs|77\/100\n|\n|upkeep\n|turn|4\n|\n|t:|1700654631\n|switch|p2a: Meowscarada|Meowscarada, M|100\/100\n|move|p1a: ban dengo ffs|Stealth Rock|p2a: Meowscarada\n|-sidestart|p2: 2(H2O)|move: Stealth Rock\n|\n|upkeep\n|turn|5\n|\n|t:|1700654634\n|switch|p1a: stannin on bihness|Toxapex, F|100\/100\n|move|p2a: Meowscarada|Knock Off|p1a: stannin on bihness\n|-damage|p1a: stannin on bihness|77\/100\n|-enditem|p1a: stannin on bihness|Heavy-Duty Boots|[from] move: Knock Off|[of] p2a: Meowscarada\n|\n|upkeep\n|turn|6\n|\n|t:|1700654639\n|move|p2a: Meowscarada|Spikes|p1a: stannin on bihness\n|-sidestart|p1: yyysneasel|Spikes\n|move|p1a: stannin on bihness|Infestation|p2a: Meowscarada\n|-supereffective|p2a: Meowscarada\n|-damage|p2a: Meowscarada|83\/100\n|-activate|p2a: Meowscarada|move: Infestation|[of] p1a: stannin on bihness\n|\n|-damage|p2a: Meowscarada|70\/100|[from] move: Infestation|[partiallytrapped]\n|upkeep\n|turn|7\n|\n|t:|1700654643\n|move|p2a: Meowscarada|Taunt|p1a: stannin on bihness\n|-start|p1a: stannin on bihness|move: Taunt\n|move|p1a: stannin on bihness|Infestation|p2a: Meowscarada\n|-supereffective|p2a: Meowscarada\n|-damage|p2a: Meowscarada|53\/100\n|\n|-damage|p2a: Meowscarada|40\/100|[from] move: Infestation|[partiallytrapped]\n|upkeep\n|turn|8\n|\n|t:|1700654645\n|move|p2a: Meowscarada|Leaf Storm|p1a: stannin on bihness\n|-damage|p1a: stannin on bihness|37\/100\n|-unboost|p2a: Meowscarada|spa|2\n|move|p1a: stannin on bihness|Infestation|p2a: Meowscarada\n|-supereffective|p2a: Meowscarada\n|-damage|p2a: Meowscarada|21\/100\n|\n|-damage|p2a: Meowscarada|9\/100|[from] move: Infestation|[partiallytrapped]\n|upkeep\n|turn|9\n|\n|t:|1700654649\n|move|p2a: Meowscarada|Spikes|p1a: stannin on bihness\n|-sidestart|p1: yyysneasel|Spikes\n|move|p1a: stannin on bihness|Infestation|p2a: Meowscarada\n|-supereffective|p2a: Meowscarada\n|-damage|p2a: Meowscarada|0 fnt\n|faint|p2a: Meowscarada\n|\n|-end|p1a: stannin on bihness|move: Taunt\n|upkeep\n|\n|t:|1700654654\n|switch|p2a: Ogerpon|Ogerpon-Wellspring, F|100\/100\n|-damage|p2a: Ogerpon|88\/100|[from] Stealth Rock\n|turn|10\n|\n|t:|1700654662\n|move|p2a: Ogerpon|Horn Leech|p1a: stannin on bihness\n|-damage|p1a: stannin on bihness|12\/100\n|-heal|p2a: Ogerpon|100\/100|[from] drain|[of] p1a: stannin on bihness\n|move|p1a: stannin on bihness|Toxic|p2a: Ogerpon\n|-status|p2a: Ogerpon|tox\n|\n|-damage|p2a: Ogerpon|95\/100 tox|[from] psn\n|upkeep\n|turn|11\n|\n|t:|1700654666\n|switch|p1a: FreePalestine\ud83c\uddf5\ud83c\uddf8|Corviknight, M|100\/100\n|-ability|p1a: FreePalestine\ud83c\uddf5\ud83c\uddf8|Pressure\n|move|p2a: Ogerpon|Swords Dance|p2a: Ogerpon\n|-boost|p2a: Ogerpon|atk|2\n|\n|-damage|p2a: Ogerpon|83\/100 tox|[from] psn\n|upkeep\n|turn|12\n|\n|t:|1700654669\n|-terastallize|p2a: Ogerpon|Water\n|detailschange|p2a: Ogerpon|Ogerpon-Wellspring-Tera, F, tera:Water\n|-ability|p2a: Ogerpon|Embody Aspect (Wellspring)|boost\n|-boost|p2a: Ogerpon|spd|1\n|move|p2a: Ogerpon|Ivy Cudgel|p1a: FreePalestine\ud83c\uddf5\ud83c\uddf8|[anim] Ivy Cudgel Water\n|-crit|p1a: FreePalestine\ud83c\uddf5\ud83c\uddf8\n|-damage|p1a: FreePalestine\ud83c\uddf5\ud83c\uddf8|0 fnt\n|faint|p1a: FreePalestine\ud83c\uddf5\ud83c\uddf8\n|\n|-damage|p2a: Ogerpon|65\/100 tox|[from] psn\n|upkeep\n|\n|t:|1700654673\n|switch|p1a: stannin on bihness|Toxapex, F|45\/100\n|-damage|p1a: stannin on bihness|29\/100|[from] Spikes\n|turn|13\n|\n|t:|1700654676\n|switch|p1a: Ripbozo \ud83d\ude02 \ud83d\ude02|Dondozo, M|100\/100\n|-damage|p1a: Ripbozo \ud83d\ude02 \ud83d\ude02|84\/100|[from] Spikes\n|move|p2a: Ogerpon|Swords Dance|p2a: Ogerpon\n|-boost|p2a: Ogerpon|atk|2\n|\n|-heal|p1a: Ripbozo \ud83d\ude02 \ud83d\ude02|90\/100|[from] item: Leftovers\n|-damage|p2a: Ogerpon|41\/100 tox|[from] psn\n|upkeep\n|turn|14\n|\n|t:|1700654681\n|move|p2a: Ogerpon|Horn Leech|p1a: Ripbozo \ud83d\ude02 \ud83d\ude02\n|-supereffective|p1a: Ripbozo \ud83d\ude02 \ud83d\ude02\n|-damage|p1a: Ripbozo \ud83d\ude02 \ud83d\ude02|51\/100\n|-heal|p2a: Ogerpon|74\/100 tox|[from] drain|[of] p1a: Ripbozo \ud83d\ude02 \ud83d\ude02\n|move|p1a: Ripbozo \ud83d\ude02 \ud83d\ude02|Curse|p1a: Ripbozo \ud83d\ude02 \ud83d\ude02\n|-unboost|p1a: Ripbozo \ud83d\ude02 \ud83d\ude02|spe|1\n|-boost|p1a: Ripbozo \ud83d\ude02 \ud83d\ude02|atk|1\n|-boost|p1a: Ripbozo \ud83d\ude02 \ud83d\ude02|def|1\n|\n|-heal|p1a: Ripbozo \ud83d\ude02 \ud83d\ude02|57\/100|[from] item: Leftovers\n|-damage|p2a: Ogerpon|44\/100 tox|[from] psn\n|upkeep\n|turn|15\n|\n|t:|1700654685\n|move|p2a: Ogerpon|Encore|p1a: Ripbozo \ud83d\ude02 \ud83d\ude02\n|-start|p1a: Ripbozo \ud83d\ude02 \ud83d\ude02|Encore\n|move|p1a: Ripbozo \ud83d\ude02 \ud83d\ude02|Curse|p1a: Ripbozo \ud83d\ude02 \ud83d\ude02\n|-unboost|p1a: Ripbozo \ud83d\ude02 \ud83d\ude02|spe|1\n|-boost|p1a: Ripbozo \ud83d\ude02 \ud83d\ude02|atk|1\n|-boost|p1a: Ripbozo \ud83d\ude02 \ud83d\ude02|def|1\n|\n|-heal|p1a: Ripbozo \ud83d\ude02 \ud83d\ude02|63\/100|[from] item: Leftovers\n|-damage|p2a: Ogerpon|8\/100 tox|[from] psn\n|upkeep\n|turn|16\n|\n|t:|1700654688\n|switch|p2a: Gholdengo|Gholdengo|87\/100\n|-damage|p2a: Gholdengo|81\/100|[from] Stealth Rock\n|move|p1a: Ripbozo \ud83d\ude02 \ud83d\ude02|Curse|p1a: Ripbozo \ud83d\ude02 \ud83d\ude02\n|-unboost|p1a: Ripbozo \ud83d\ude02 \ud83d\ude02|spe|1\n|-boost|p1a: Ripbozo \ud83d\ude02 \ud83d\ude02|atk|1\n|-boost|p1a: Ripbozo \ud83d\ude02 \ud83d\ude02|def|1\n|\n|-heal|p1a: Ripbozo \ud83d\ude02 \ud83d\ude02|69\/100|[from] item: Leftovers\n|upkeep\n|turn|17\n|\n|t:|1700654691\n|switch|p1a: ban dengo ffs|Blissey, F|77\/100\n|move|p2a: Gholdengo|Shadow Ball|p1a: ban dengo ffs\n|-immune|p1a: ban dengo ffs\n|\n|upkeep\n|turn|18\n|\n|t:|1700654696\n|switch|p2a: Moltres|Moltres|100\/100\n|move|p1a: ban dengo ffs|Flamethrower|p2a: Moltres\n|-resisted|p2a: Moltres\n|-damage|p2a: Moltres|93\/100\n|\n|upkeep\n|turn|19\n|\n|t:|1700654699\n|move|p2a: Moltres|U-turn|p1a: ban dengo ffs\n|-damage|p1a: ban dengo ffs|64\/100\n|\n|t:|1700654703\n|switch|p2a: Kingambit|Kingambit, M|100\/100|[from] U-turn\n|-damage|p2a: Kingambit|94\/100|[from] Stealth Rock\n|-activate|p2a: Kingambit|ability: Supreme Overlord\n|-start|p2a: Kingambit|fallen1|[silent]\n|move|p1a: ban dengo ffs|Seismic Toss|p2a: Kingambit\n|-damage|p2a: Kingambit|65\/100\n|\n|-heal|p2a: Kingambit|71\/100|[from] item: Leftovers\n|upkeep\n|turn|20\n|\n|t:|1700654709\n|switch|p1a: stannin on bihness|Toxapex, F|62\/100\n|-damage|p1a: stannin on bihness|45\/100|[from] Spikes\n|move|p2a: Kingambit|Kowtow Cleave|p1a: stannin on bihness\n|-crit|p1a: stannin on bihness\n|-damage|p1a: stannin on bihness|0 fnt\n|faint|p1a: stannin on bihness\n|\n|-heal|p2a: Kingambit|77\/100|[from] item: Leftovers\n|upkeep\n|\n|t:|1700654711\n|switch|p1a: Ripbozo \ud83d\ude02 \ud83d\ude02|Dondozo, M|69\/100\n|-damage|p1a: Ripbozo \ud83d\ude02 \ud83d\ude02|52\/100|[from] Spikes\n|turn|21\n|\n|t:|1700654713\n|-end|p2a: Kingambit|fallen1|[silent]\n|switch|p2a: Gholdengo|Gholdengo|81\/100\n|-damage|p2a: Gholdengo|75\/100|[from] Stealth Rock\n|move|p1a: Ripbozo \ud83d\ude02 \ud83d\ude02|Rest|p1a: Ripbozo \ud83d\ude02 \ud83d\ude02\n|-status|p1a: Ripbozo \ud83d\ude02 \ud83d\ude02|slp|[from] move: Rest\n|-heal|p1a: Ripbozo \ud83d\ude02 \ud83d\ude02|100\/100 slp|[silent]\n|\n|upkeep\n|turn|22\n|\n|t:|1700654715\n|switch|p2a: Kingambit|Kingambit, M|77\/100\n|-damage|p2a: Kingambit|71\/100|[from] Stealth Rock\n|-activate|p2a: Kingambit|ability: Supreme Overlord\n|-start|p2a: Kingambit|fallen1|[silent]\n|switch|p1a: ban dengo ffs|Blissey, F|64\/100\n|\n|-heal|p2a: Kingambit|77\/100|[from] item: Leftovers\n|upkeep\n|turn|23\n|\n|t:|1700654719\n|switch|p1a: Ripbozo \ud83d\ude02 \ud83d\ude02|Dondozo, M|100\/100 slp\n|-damage|p1a: Ripbozo \ud83d\ude02 \ud83d\ude02|84\/100 slp|[from] Spikes\n|move|p2a: Kingambit|Kowtow Cleave|p1a: Ripbozo \ud83d\ude02 \ud83d\ude02\n|-damage|p1a: Ripbozo \ud83d\ude02 \ud83d\ude02|60\/100 slp\n|\n|-heal|p2a: Kingambit|83\/100|[from] item: Leftovers\n|-heal|p1a: Ripbozo \ud83d\ude02 \ud83d\ude02|67\/100 slp|[from] item: Leftovers\n|upkeep\n|turn|24\n|\n|t:|1700654721\n|move|p2a: Kingambit|Kowtow Cleave|p1a: Ripbozo \ud83d\ude02 \ud83d\ude02\n|-damage|p1a: Ripbozo \ud83d\ude02 \ud83d\ude02|43\/100 slp\n|cant|p1a: Ripbozo \ud83d\ude02 \ud83d\ude02|slp\n|move|p1a: Ripbozo \ud83d\ude02 \ud83d\ude02|Sleep Talk|p1a: Ripbozo \ud83d\ude02 \ud83d\ude02\n|move|p1a: Ripbozo \ud83d\ude02 \ud83d\ude02|Wave Crash|p2a: Kingambit|[from]move: Sleep Talk\n|-crit|p2a: Kingambit\n|-damage|p2a: Kingambit|27\/100\n|-damage|p1a: Ripbozo \ud83d\ude02 \ud83d\ude02|31\/100 slp|[from] Recoil\n|\n|-heal|p2a: Kingambit|33\/100|[from] item: Leftovers\n|-heal|p1a: Ripbozo \ud83d\ude02 \ud83d\ude02|37\/100 slp|[from] item: Leftovers\n|upkeep\n|turn|25\n|\n|t:|1700654730\n|move|p2a: Kingambit|Kowtow Cleave|p1a: Ripbozo \ud83d\ude02 \ud83d\ude02\n|-damage|p1a: Ripbozo \ud83d\ude02 \ud83d\ude02|10\/100 slp\n|cant|p1a: Ripbozo \ud83d\ude02 \ud83d\ude02|slp\n|move|p1a: Ripbozo \ud83d\ude02 \ud83d\ude02|Sleep Talk|p1a: Ripbozo \ud83d\ude02 \ud83d\ude02\n|move|p1a: Ripbozo \ud83d\ude02 \ud83d\ude02|Curse|p1a: Ripbozo \ud83d\ude02 \ud83d\ude02|[from]move: Sleep Talk\n|-unboost|p1a: Ripbozo \ud83d\ude02 \ud83d\ude02|spe|1\n|-boost|p1a: Ripbozo \ud83d\ude02 \ud83d\ude02|atk|1\n|-boost|p1a: Ripbozo \ud83d\ude02 \ud83d\ude02|def|1\n|\n|-heal|p2a: Kingambit|40\/100|[from] item: Leftovers\n|-heal|p1a: Ripbozo \ud83d\ude02 \ud83d\ude02|17\/100 slp|[from] item: Leftovers\n|upkeep\n|turn|26\n|\n|t:|1700654736\n|move|p2a: Kingambit|Kowtow Cleave|p1a: Ripbozo \ud83d\ude02 \ud83d\ude02\n|-damage|p1a: Ripbozo \ud83d\ude02 \ud83d\ude02|0 fnt\n|faint|p1a: Ripbozo \ud83d\ude02 \ud83d\ude02\n|\n|-heal|p2a: Kingambit|46\/100|[from] item: Leftovers\n|upkeep\n|\n|t:|1700654740\n|switch|p1a: ban dengo ffs|Blissey, F|64\/100\n|turn|27\n|\n|t:|1700654743\n|move|p2a: Kingambit|Kowtow Cleave|p1a: ban dengo ffs\n|-damage|p1a: ban dengo ffs|17\/100\n|move|p1a: ban dengo ffs|Flamethrower|p2a: Kingambit\n|-supereffective|p2a: Kingambit\n|-damage|p2a: Kingambit|8\/100\n|\n|-heal|p2a: Kingambit|14\/100|[from] item: Leftovers\n|upkeep\n|turn|28\n|\n|t:|1700654745\n|move|p2a: Kingambit|Kowtow Cleave|p1a: ban dengo ffs\n|-damage|p1a: ban dengo ffs|0 fnt\n|faint|p1a: ban dengo ffs\n|\n|-heal|p2a: Kingambit|20\/100|[from] item: Leftovers\n|upkeep\n|\n|t:|1700654747\n|switch|p1a: It's Joever|Clefable, F|100\/100\n|turn|29\n|\n|t:|1700654754\n|-end|p2a: Kingambit|fallen1|[silent]\n|switch|p2a: Gholdengo|Gholdengo|75\/100\n|-damage|p2a: Gholdengo|69\/100|[from] Stealth Rock\n|-terastallize|p1a: It's Joever|Dark\n|move|p1a: It's Joever|Moonblast|p2a: Gholdengo\n|-resisted|p2a: Gholdengo\n|-damage|p2a: Gholdengo|50\/100\n|-unboost|p2a: Gholdengo|spa|1\n|\n|upkeep\n|turn|30\n|\n|t:|1700654762\n|switch|p2a: Moltres|Moltres|93\/100\n|move|p1a: It's Joever|Protect||[still]\n|-fail|p1a: It's Joever\n|\n|upkeep\n|turn|31\n|\n|t:|1700654765\n|move|p2a: Moltres|Flamethrower|p1a: It's Joever\n|-damage|p1a: It's Joever|75\/100\n|move|p1a: It's Joever|Wish|p1a: It's Joever\n|\n|upkeep\n|turn|32\n|j| mew852\n|\n|t:|1700654770\n|move|p2a: Moltres|Flamethrower|p1a: It's Joever\n|-damage|p1a: It's Joever|50\/100\n|move|p1a: It's Joever|Knock Off|p2a: Moltres\n|-damage|p2a: Moltres|73\/100\n|-enditem|p2a: Moltres|Heavy-Duty Boots|[from] move: Knock Off|[of] p1a: It's Joever\n|\n|-heal|p1a: It's Joever|99\/100|[from] move: Wish|[wisher] It's Joever\n|upkeep\n|turn|33\n|\n|t:|1700654774\n|move|p2a: Moltres|Flamethrower|p1a: It's Joever\n|-damage|p1a: It's Joever|74\/100\n|-status|p1a: It's Joever|brn\n|move|p1a: It's Joever|Wish|p1a: It's Joever\n|\n|-damage|p1a: It's Joever|68\/100 brn|[from] brn\n|upkeep\n|turn|34\n|\n|t:|1700654776\n|move|p2a: Moltres|Flamethrower|p1a: It's Joever\n|-damage|p1a: It's Joever|42\/100 brn\n|move|p1a: It's Joever|Moonblast|p2a: Moltres\n|-resisted|p2a: Moltres\n|-damage|p2a: Moltres|58\/100\n|\n|-heal|p1a: It's Joever|92\/100 brn|[from] move: Wish|[wisher] It's Joever\n|-damage|p1a: It's Joever|86\/100 brn|[from] brn\n|upkeep\n|turn|35\n|\n|t:|1700654781\n|move|p2a: Moltres|Flamethrower|p1a: It's Joever\n|-damage|p1a: It's Joever|59\/100 brn\n|move|p1a: It's Joever|Wish|p1a: It's Joever\n|\n|-damage|p1a: It's Joever|53\/100 brn|[from] brn\n|upkeep\n|turn|36\n|\n|t:|1700654783\n|move|p2a: Moltres|Flamethrower|p1a: It's Joever\n|-damage|p1a: It's Joever|26\/100 brn\n|move|p1a: It's Joever|Moonblast|p2a: Moltres\n|-resisted|p2a: Moltres\n|-damage|p2a: Moltres|44\/100\n|\n|-heal|p1a: It's Joever|76\/100 brn|[from] move: Wish|[wisher] It's Joever\n|-damage|p1a: It's Joever|70\/100 brn|[from] brn\n|upkeep\n|turn|37\n|\n|t:|1700654785\n|move|p2a: Moltres|Flamethrower|p1a: It's Joever\n|-damage|p1a: It's Joever|46\/100 brn\n|move|p1a: It's Joever|Wish|p1a: It's Joever\n|\n|-damage|p1a: It's Joever|40\/100 brn|[from] brn\n|upkeep\n|turn|38\n|\n|t:|1700654792\n|move|p2a: Moltres|Roost|p2a: Moltres\n|-heal|p2a: Moltres|94\/100\n|-singleturn|p2a: Moltres|move: Roost\n|move|p1a: It's Joever|Moonblast|p2a: Moltres\n|-resisted|p2a: Moltres\n|-damage|p2a: Moltres|79\/100\n|-unboost|p2a: Moltres|spa|1\n|\n|-heal|p1a: It's Joever|90\/100 brn|[from] move: Wish|[wisher] It's Joever\n|-damage|p1a: It's Joever|84\/100 brn|[from] brn\n|upkeep\n|turn|39\n|\n|t:|1700654795\n|move|p2a: Moltres|Flamethrower|p1a: It's Joever\n|-damage|p1a: It's Joever|56\/100 brn\n|move|p1a: It's Joever|Wish|p1a: It's Joever\n|\n|-damage|p1a: It's Joever|50\/100 brn|[from] brn\n|upkeep\n|turn|40\n|\n|t:|1700654797\n|move|p2a: Moltres|Flamethrower|p1a: It's Joever\n|-damage|p1a: It's Joever|23\/100 brn\n|move|p1a: It's Joever|Moonblast|p2a: Moltres\n|-resisted|p2a: Moltres\n|-damage|p2a: Moltres|65\/100\n|\n|-heal|p1a: It's Joever|73\/100 brn|[from] move: Wish|[wisher] It's Joever\n|-damage|p1a: It's Joever|67\/100 brn|[from] brn\n|upkeep\n|turn|41\n|\n|t:|1700654799\n|move|p2a: Moltres|Flamethrower|p1a: It's Joever\n|-damage|p1a: It's Joever|44\/100 brn\n|move|p1a: It's Joever|Wish|p1a: It's Joever\n|\n|-damage|p1a: It's Joever|38\/100 brn|[from] brn\n|upkeep\n|turn|42\n|\n|t:|1700654802\n|move|p1a: It's Joever|Protect|p1a: It's Joever\n|-singleturn|p1a: It's Joever|Protect\n|move|p2a: Moltres|Flamethrower|p1a: It's Joever\n|-activate|p1a: It's Joever|move: Protect\n|\n|-heal|p1a: It's Joever|88\/100 brn|[from] move: Wish|[wisher] It's Joever\n|-damage|p1a: It's Joever|82\/100 brn|[from] brn\n|upkeep\n|turn|43\n|\n|t:|1700654804\n|move|p2a: Moltres|Roost|p2a: Moltres\n|-heal|p2a: Moltres|100\/100\n|-singleturn|p2a: Moltres|move: Roost\n|move|p1a: It's Joever|Wish|p1a: It's Joever\n|\n|-damage|p1a: It's Joever|76\/100 brn|[from] brn\n|upkeep\n|turn|44\n|\n|t:|1700654809\n|move|p2a: Moltres|Flamethrower|p1a: It's Joever\n|-damage|p1a: It's Joever|49\/100 brn\n|move|p1a: It's Joever|Moonblast|p2a: Moltres\n|-resisted|p2a: Moltres\n|-crit|p2a: Moltres\n|-damage|p2a: Moltres|79\/100\n|\n|-heal|p1a: It's Joever|99\/100 brn|[from] move: Wish|[wisher] It's Joever\n|-damage|p1a: It's Joever|93\/100 brn|[from] brn\n|upkeep\n|turn|45\n|\n|t:|1700654816\n|move|p2a: Moltres|Flamethrower|p1a: It's Joever\n|-damage|p1a: It's Joever|66\/100 brn\n|move|p1a: It's Joever|Wish|p1a: It's Joever\n|\n|-damage|p1a: It's Joever|60\/100 brn|[from] brn\n|upkeep\n|turn|46\n|\n|t:|1700654820\n|move|p2a: Moltres|Flamethrower|p1a: It's Joever\n|-damage|p1a: It's Joever|36\/100 brn\n|move|p1a: It's Joever|Moonblast|p2a: Moltres\n|-resisted|p2a: Moltres\n|-damage|p2a: Moltres|63\/100\n|\n|-heal|p1a: It's Joever|86\/100 brn|[from] move: Wish|[wisher] It's Joever\n|-damage|p1a: It's Joever|79\/100 brn|[from] brn\n|upkeep\n|turn|47\n|\n|t:|1700654824\n|move|p2a: Moltres|Flamethrower|p1a: It's Joever\n|-damage|p1a: It's Joever|55\/100 brn\n|move|p1a: It's Joever|Wish|p1a: It's Joever\n|\n|-damage|p1a: It's Joever|49\/100 brn|[from] brn\n|upkeep\n|turn|48\n|\n|t:|1700654829\n|move|p1a: It's Joever|Protect|p1a: It's Joever\n|-singleturn|p1a: It's Joever|Protect\n|move|p2a: Moltres|Roost|p2a: Moltres\n|-heal|p2a: Moltres|100\/100\n|-singleturn|p2a: Moltres|move: Roost\n|\n|-heal|p1a: It's Joever|99\/100 brn|[from] move: Wish|[wisher] It's Joever\n|-damage|p1a: It's Joever|93\/100 brn|[from] brn\n|upkeep\n|turn|49\n|\n|t:|1700654831\n|move|p2a: Moltres|Flamethrower|p1a: It's Joever\n|-damage|p1a: It's Joever|66\/100 brn\n|move|p1a: It's Joever|Wish|p1a: It's Joever\n|\n|-damage|p1a: It's Joever|60\/100 brn|[from] brn\n|upkeep\n|turn|50\n|\n|t:|1700654835\n|move|p2a: Moltres|Flamethrower|p1a: It's Joever\n|-damage|p1a: It's Joever|33\/100 brn\n|move|p1a: It's Joever|Moonblast|p2a: Moltres\n|-resisted|p2a: Moltres\n|-damage|p2a: Moltres|87\/100\n|-unboost|p2a: Moltres|spa|1\n|\n|-heal|p1a: It's Joever|83\/100 brn|[from] move: Wish|[wisher] It's Joever\n|-damage|p1a: It's Joever|77\/100 brn|[from] brn\n|upkeep\n|turn|51\n|\n|t:|1700654840\n|move|p1a: It's Joever|Protect|p1a: It's Joever\n|-singleturn|p1a: It's Joever|Protect\n|move|p2a: Moltres|U-turn|p1a: It's Joever\n|-activate|p1a: It's Joever|move: Protect\n|\n|-damage|p1a: It's Joever|71\/100 brn|[from] brn\n|upkeep\n|turn|52\n|\n|t:|1700654842\n|move|p2a: Moltres|U-turn|p1a: It's Joever\n|-supereffective|p1a: It's Joever\n|-damage|p1a: It's Joever|37\/100 brn\n|\n|t:|1700654843\n|switch|p2a: Ogerpon|Ogerpon-Wellspring-Tera, F, tera:Water|8\/100 tox|[from] U-turn\n|-damage|p2a: Ogerpon|0 fnt|[from] Stealth Rock\n|faint|p2a: Ogerpon\n|move|p1a: It's Joever|Wish|p1a: It's Joever\n|\n|-damage|p1a: It's Joever|31\/100 brn|[from] brn\n|upkeep\n|\n|t:|1700654846\n|switch|p2a: Gholdengo|Gholdengo|50\/100\n|-damage|p2a: Gholdengo|44\/100|[from] Stealth Rock\n|turn|53\n|\n|t:|1700654849\n|move|p1a: It's Joever|Protect|p1a: It's Joever\n|-singleturn|p1a: It's Joever|Protect\n|move|p2a: Gholdengo|Dazzling Gleam|p1a: It's Joever\n|-activate|p1a: It's Joever|move: Protect\n|\n|-heal|p1a: It's Joever|81\/100 brn|[from] move: Wish|[wisher] It's Joever\n|-damage|p1a: It's Joever|75\/100 brn|[from] brn\n|upkeep\n|turn|54\n|\n|t:|1700654856\n|switch|p1a: Slowking|Slowking-Galar, M|96\/100\n|-damage|p1a: Slowking|79\/100|[from] Spikes\n|move|p2a: Gholdengo|Dazzling Gleam|p1a: Slowking\n|-resisted|p1a: Slowking\n|-damage|p1a: Slowking|67\/100\n|\n|upkeep\n|turn|55\n|\n|t:|1700654859\n|switch|p2a: Moltres|Moltres|87\/100\n|-damage|p2a: Moltres|37\/100|[from] Stealth Rock\n|move|p1a: Slowking|Future Sight|p2a: Moltres\n|-start|p1a: Slowking|move: Future Sight\n|\n|upkeep\n|turn|56\n|\n|t:|1700654861\n|switch|p1a: It's Joever|Clefable, F, tera:Dark|75\/100 brn\n|move|p2a: Moltres|Will-O-Wisp|p1a: It's Joever|[miss]\n|-miss|p2a: Moltres|p1a: It's Joever\n|\n|-damage|p1a: It's Joever|69\/100 brn|[from] brn\n|upkeep\n|turn|57\n|\n|t:|1700654863\n|move|p2a: Moltres|Flamethrower|p1a: It's Joever\n|-damage|p1a: It's Joever|43\/100 brn\n|move|p1a: It's Joever|Wish|p1a: It's Joever\n|\n|-end|p2a: Moltres|move: Future Sight\n|-damage|p2a: Moltres|0 fnt\n|faint|p2a: Moltres\n|-damage|p1a: It's Joever|37\/100 brn|[from] brn\n|upkeep\n|\n|t:|1700654875\n|switch|p2a: Gholdengo|Gholdengo|44\/100\n|-damage|p2a: Gholdengo|38\/100|[from] Stealth Rock\n|turn|58\n|\n|t:|1700654878\n|move|p1a: It's Joever|Protect|p1a: It's Joever\n|-singleturn|p1a: It's Joever|Protect\n|move|p2a: Gholdengo|Make It Rain|p1a: It's Joever\n|-activate|p1a: It's Joever|move: Protect\n|\n|-heal|p1a: It's Joever|87\/100 brn|[from] move: Wish|[wisher] It's Joever\n|-damage|p1a: It's Joever|81\/100 brn|[from] brn\n|upkeep\n|turn|59\n|\n|t:|1700654885\n|move|p2a: Gholdengo|Make It Rain|p1a: It's Joever\n|-damage|p1a: It's Joever|37\/100 brn\n|-unboost|p2a: Gholdengo|spa|1\n|move|p1a: It's Joever|Knock Off|p2a: Gholdengo\n|-supereffective|p2a: Gholdengo\n|-damage|p2a: Gholdengo|10\/100\n|-enditem|p2a: Gholdengo|Choice Scarf|[from] move: Knock Off|[of] p1a: It's Joever\n|\n|-damage|p1a: It's Joever|31\/100 brn|[from] brn\n|upkeep\n|turn|60\n|\n|t:|1700654891\n|switch|p2a: Dragonite|Dragonite, M|100\/100\n|switch|p1a: Slowking|Slowking-Galar, M|99\/100\n|-damage|p1a: Slowking|84\/100|[from] Spikes\n|\n|upkeep\n|turn|61\n|\n|t:|1700654893\n|move|p1a: Slowking|Trick|p2a: Dragonite\n|-activate|p1a: Slowking|move: Trick|[of] p2a: Dragonite\n|-item|p2a: Dragonite|Choice Scarf|[from] move: Trick\n|-item|p1a: Slowking|Heavy-Duty Boots|[from] move: Trick\n|move|p2a: Dragonite|Earthquake|p1a: Slowking\n|-supereffective|p1a: Slowking\n|-damage|p1a: Slowking|0 fnt\n|faint|p1a: Slowking\n|\n|upkeep\n|\n|t:|1700654896\n|switch|p1a: It's Joever|Clefable, F, tera:Dark|31\/100 brn\n|turn|62\n|c|\u2606yyysneasel|how is one individual able to get that much luck at one time\n|-message|yyysneasel forfeited.\n|\n|win|2(H2O)\n|raw|yyysneasel's rating: 1711 &rarr; <strong>1690<\/strong><br \/>(-21 for losing)\n|raw|2(H2O)'s rating: 1698 &rarr; <strong>1719<\/strong><br \/>(+21 for winning)\n|l|\u2606yyysneasel\n|l|\u26062(H2O)\n","uploadtime":1700655027,"views":0,"p1id":"yyysneasel","p2id":"2h2o","formatid":"gen9ou","rating":1690,"private":0,"password":""}