{"id":"gen9ou-1999891058","p1":"zanderB4","p2":"AkiDes","format":"[Gen 9] OU","log":"|j|\u2606zanderB4\n|j|\u2606AkiDes\n|t:|1701126897\n|gametype|singles\n|player|p1|zanderB4|wattson|1234\n|player|p2|AkiDes|volkner|1180\n|teamsize|p1|6\n|teamsize|p2|6\n|gen|9\n|tier|[Gen 9] OU\n|rated|\n|rule|Sleep Clause Mod: Limit one foe put to sleep\n|rule|Species Clause: Limit one of each Pok\u00e9mon\n|rule|OHKO Clause: OHKO moves are banned\n|rule|Evasion Items Clause: Evasion items are banned\n|rule|Evasion Moves Clause: Evasion moves are banned\n|rule|Endless Battle Clause: Forcing endless battles is banned\n|rule|HP Percentage Mod: HP is shown in percentages\n|clearpoke\n|poke|p1|Rillaboom, F|\n|poke|p1|Garganacl, F|\n|poke|p1|Great Tusk|\n|poke|p1|Heatran, M|\n|poke|p1|Zapdos|\n|poke|p1|Walking Wake|\n|poke|p2|Greninja-*, M|\n|poke|p2|Dragonite, M|\n|poke|p2|Cinderace, M|\n|poke|p2|Mandibuzz, F|\n|poke|p2|Jolteon, F|\n|poke|p2|Landorus-Therian, M|\n|teampreview\n|inactive|Battle timer is ON: inactive players will automatically lose when time's up. (requested by zanderB4)\n|\n|t:|1701126908\n|start\n|switch|p1a: Walking Wake|Walking Wake|100\/100\n|switch|p2a: Cacahuate|Dragonite, M|100\/100\n|turn|1\n|c|\u2606AkiDes|glhf\n|c|\u2606zanderB4|bldhf\n|\n|t:|1701126930\n|switch|p2a: Festin celestial|Mandibuzz, F|100\/100\n|move|p1a: Walking Wake|Flip Turn|p2a: Festin celestial\n|-damage|p2a: Festin celestial|92\/100\n|\n|t:|1701126935\n|-end|p1a: Walking Wake|Protosynthesis|[silent]\n|switch|p1a: Heatran|Heatran, M|100\/100|[from] Flip Turn\n|\n|upkeep\n|turn|2\n|\n|t:|1701126951\n|switch|p2a: Fuego en la pista|Cinderace, M|100\/100\n|move|p1a: Heatran|Magma Storm|p2a: Fuego en la pista\n|-resisted|p2a: Fuego en la pista\n|-damage|p2a: Fuego en la pista|81\/100\n|-activate|p2a: Fuego en la pista|move: Magma Storm|[of] p1a: Heatran\n|\n|-damage|p2a: Fuego en la pista|69\/100|[from] move: Magma Storm|[partiallytrapped]\n|upkeep\n|turn|3\n|\n|t:|1701126961\n|-terastallize|p1a: Heatran|Ghost\n|move|p2a: Fuego en la pista|U-turn|p1a: Heatran\n|-start|p2a: Fuego en la pista|typechange|Bug|[from] ability: Libero\n|-resisted|p1a: Heatran\n|-damage|p1a: Heatran|86\/100\n|\n|t:|1701126967\n|switch|p2a: Babotas|Greninja, M|100\/100|[from] U-turn\n|move|p1a: Heatran|Earth Power|p2a: Babotas\n|-damage|p2a: Babotas|58\/100\n|-unboost|p2a: Babotas|spd|1\n|\n|-heal|p1a: Heatran|92\/100|[from] item: Leftovers\n|upkeep\n|turn|4\n|\n|t:|1701126976\n|switch|p1a: Rillaboom|Rillaboom, F|100\/100\n|-fieldstart|move: Grassy Terrain|[from] ability: Grassy Surge|[of] p1a: Rillaboom\n|move|p2a: Babotas|Dark Pulse|p1a: Rillaboom\n|-start|p2a: Babotas|typechange|Dark|[from] ability: Protean\n|-damage|p1a: Rillaboom|51\/100\n|\n|-heal|p2a: Babotas|64\/100|[from] Grassy Terrain\n|-heal|p1a: Rillaboom|57\/100|[from] Grassy Terrain\n|upkeep\n|turn|5\n|\n|t:|1701126986\n|switch|p2a: Festin celestial|Mandibuzz, F|92\/100\n|move|p1a: Rillaboom|Grassy Glide|p2a: Festin celestial\n|-resisted|p2a: Festin celestial\n|-damage|p2a: Festin celestial|75\/100\n|\n|-heal|p1a: Rillaboom|63\/100|[from] Grassy Terrain\n|upkeep\n|turn|6\n|\n|t:|1701126994\n|switch|p1a: Garganacl|Garganacl, F|100\/100\n|move|p2a: Festin celestial|Toxic|p1a: Garganacl|[miss]\n|-miss|p2a: Festin celestial|p1a: Garganacl\n|\n|upkeep\n|turn|7\n|\n|t:|1701126998\n|move|p2a: Festin celestial|Roost|p2a: Festin celestial\n|-heal|p2a: Festin celestial|100\/100\n|-singleturn|p2a: Festin celestial|move: Roost\n|move|p1a: Garganacl|Salt Cure|p2a: Festin celestial\n|-damage|p2a: Festin celestial|93\/100\n|-start|p2a: Festin celestial|Salt Cure\n|\n|-heal|p2a: Festin celestial|99\/100|[from] Grassy Terrain\n|-damage|p2a: Festin celestial|87\/100|[from] Salt Cure\n|upkeep\n|turn|8\n|\n|t:|1701127004\n|switch|p1a: Heatran|Heatran, M, tera:Ghost|92\/100\n|move|p2a: Festin celestial|Foul Play|p1a: Heatran\n|-supereffective|p1a: Heatran\n|-damage|p1a: Heatran|54\/100\n|\n|-heal|p1a: Heatran|60\/100|[from] Grassy Terrain\n|-heal|p1a: Heatran|67\/100|[from] item: Leftovers\n|-damage|p2a: Festin celestial|74\/100|[from] Salt Cure\n|-fieldend|move: Grassy Terrain\n|upkeep\n|turn|9\n|\n|t:|1701127011\n|move|p1a: Heatran|Magma Storm|p2a: Festin celestial\n|-damage|p2a: Festin celestial|37\/100\n|-activate|p2a: Festin celestial|move: Magma Storm|[of] p1a: Heatran\n|move|p2a: Festin celestial|Foul Play|p1a: Heatran\n|-supereffective|p1a: Heatran\n|-damage|p1a: Heatran|31\/100\n|\n|-heal|p1a: Heatran|37\/100|[from] item: Leftovers\n|-damage|p2a: Festin celestial|24\/100|[from] move: Magma Storm|[partiallytrapped]\n|-damage|p2a: Festin celestial|12\/100|[from] Salt Cure\n|upkeep\n|turn|10\n|\n|t:|1701127032\n|switch|p1a: Great Tusk|Great Tusk|100\/100\n|move|p2a: Festin celestial|Roost|p2a: Festin celestial\n|-heal|p2a: Festin celestial|62\/100\n|-singleturn|p2a: Festin celestial|move: Roost\n|\n|-end|p2a: Festin celestial|Magma Storm|[partiallytrapped]|[silent]\n|-damage|p2a: Festin celestial|50\/100|[from] Salt Cure\n|upkeep\n|turn|11\n|\n|t:|1701127059\n|move|p1a: Great Tusk|Ice Spinner|p2a: Festin celestial\n|-supereffective|p2a: Festin celestial\n|-damage|p2a: Festin celestial|25\/100\n|move|p2a: Festin celestial|Roost|p2a: Festin celestial\n|-heal|p2a: Festin celestial|75\/100\n|-singleturn|p2a: Festin celestial|move: Roost\n|\n|-damage|p2a: Festin celestial|63\/100|[from] Salt Cure\n|upkeep\n|turn|12\n|\n|t:|1701127078\n|move|p1a: Great Tusk|Rapid Spin|p2a: Festin celestial\n|-damage|p2a: Festin celestial|54\/100\n|-boost|p1a: Great Tusk|spe|1\n|move|p2a: Festin celestial|Toxic|p1a: Great Tusk\n|-status|p1a: Great Tusk|tox\n|\n|-damage|p1a: Great Tusk|94\/100 tox|[from] psn\n|-damage|p2a: Festin celestial|42\/100|[from] Salt Cure\n|upkeep\n|turn|13\n|\n|t:|1701127088\n|move|p1a: Great Tusk|Bulk Up|p1a: Great Tusk\n|-boost|p1a: Great Tusk|atk|1\n|-boost|p1a: Great Tusk|def|1\n|move|p2a: Festin celestial|Roost|p2a: Festin celestial\n|-heal|p2a: Festin celestial|92\/100\n|-singleturn|p2a: Festin celestial|move: Roost\n|\n|-heal|p1a: Great Tusk|100\/100 tox|[from] item: Leftovers\n|-damage|p1a: Great Tusk|88\/100 tox|[from] psn\n|-damage|p2a: Festin celestial|80\/100|[from] Salt Cure\n|upkeep\n|turn|14\n|\n|t:|1701127092\n|move|p1a: Great Tusk|Ice Spinner|p2a: Festin celestial\n|-supereffective|p2a: Festin celestial\n|-damage|p2a: Festin celestial|40\/100\n|move|p2a: Festin celestial|Foul Play|p1a: Great Tusk\n|-resisted|p1a: Great Tusk\n|-damage|p1a: Great Tusk|76\/100 tox\n|\n|-heal|p1a: Great Tusk|82\/100 tox|[from] item: Leftovers\n|-damage|p1a: Great Tusk|63\/100 tox|[from] psn\n|-damage|p2a: Festin celestial|28\/100|[from] Salt Cure\n|upkeep\n|turn|15\n|\n|t:|1701127098\n|switch|p2a: Babotas|Greninja, M|64\/100\n|move|p1a: Great Tusk|Ice Spinner|p2a: Babotas\n|-resisted|p2a: Babotas\n|-crit|p2a: Babotas\n|-damage|p2a: Babotas|16\/100\n|\n|-heal|p1a: Great Tusk|69\/100 tox|[from] item: Leftovers\n|-damage|p1a: Great Tusk|44\/100 tox|[from] psn\n|upkeep\n|turn|16\n|\n|t:|1701127105\n|move|p2a: Babotas|Hydro Pump|p1a: Great Tusk\n|-start|p2a: Babotas|typechange|Water|[from] ability: Protean\n|-supereffective|p1a: Great Tusk\n|-damage|p1a: Great Tusk|0 fnt\n|faint|p1a: Great Tusk\n|-end|p1a: Great Tusk|Protosynthesis|[silent]\n|\n|upkeep\n|\n|t:|1701127111\n|switch|p1a: Walking Wake|Walking Wake|100\/100\n|turn|17\n|\n|t:|1701127115\n|move|p2a: Babotas|Hydro Pump|p1a: Walking Wake\n|-resisted|p1a: Walking Wake\n|-damage|p1a: Walking Wake|87\/100\n|move|p1a: Walking Wake|Knock Off|p2a: Babotas\n|-damage|p2a: Babotas|0 fnt\n|-enditem|p2a: Babotas|Choice Scarf|[from] move: Knock Off|[of] p1a: Walking Wake\n|faint|p2a: Babotas\n|\n|upkeep\n|\n|t:|1701127124\n|switch|p2a: Jarcres|Jolteon, F|100\/100\n|turn|18\n|\n|t:|1701127130\n|move|p2a: Jarcres|Volt Switch|p1a: Walking Wake\n|-damage|p1a: Walking Wake|32\/100\n|\n|t:|1701127132\n|switch|p2a: Festin celestial|Mandibuzz, F|28\/100|[from] Volt Switch\n|move|p1a: Walking Wake|Scald|p2a: Festin celestial\n|-damage|p2a: Festin celestial|0 fnt\n|faint|p2a: Festin celestial\n|\n|upkeep\n|\n|t:|1701127135\n|switch|p2a: Jarcres|Jolteon, F|100\/100\n|turn|19\n|\n|t:|1701127146\n|-end|p1a: Walking Wake|Protosynthesis|[silent]\n|switch|p1a: Rillaboom|Rillaboom, F|63\/100\n|-fieldstart|move: Grassy Terrain|[from] ability: Grassy Surge|[of] p1a: Rillaboom\n|move|p2a: Jarcres|Volt Switch|p1a: Rillaboom\n|-resisted|p1a: Rillaboom\n|-damage|p1a: Rillaboom|29\/100\n|\n|t:|1701127149\n|switch|p2a: Fuego en la pista|Cinderace, M|69\/100|[from] Volt Switch\n|\n|-heal|p2a: Fuego en la pista|75\/100|[from] Grassy Terrain\n|-heal|p1a: Rillaboom|35\/100|[from] Grassy Terrain\n|upkeep\n|turn|20\n|\n|t:|1701127157\n|switch|p1a: Garganacl|Garganacl, F|100\/100\n|move|p2a: Fuego en la pista|High Jump Kick|p1a: Garganacl\n|-start|p2a: Fuego en la pista|typechange|Fighting|[from] ability: Libero\n|-supereffective|p1a: Garganacl\n|-damage|p1a: Garganacl|11\/100\n|\n|-heal|p2a: Fuego en la pista|81\/100|[from] Grassy Terrain\n|-heal|p1a: Garganacl|18\/100|[from] Grassy Terrain\n|-heal|p1a: Garganacl|24\/100|[from] item: Leftovers\n|upkeep\n|turn|21\n|\n|t:|1701127166\n|switch|p1a: Zapdos|Zapdos|100\/100\n|move|p2a: Fuego en la pista|High Jump Kick|p1a: Zapdos\n|-resisted|p1a: Zapdos\n|-damage|p1a: Zapdos|73\/100\n|\n|-heal|p2a: Fuego en la pista|87\/100|[from] Grassy Terrain\n|upkeep\n|turn|22\n|\n|t:|1701127173\n|move|p2a: Fuego en la pista|Pyro Ball|p1a: Zapdos|[miss]\n|-miss|p2a: Fuego en la pista|p1a: Zapdos\n|move|p1a: Zapdos|Hurricane|p2a: Fuego en la pista|[miss]\n|-miss|p1a: Zapdos|p2a: Fuego en la pista\n|\n|-heal|p2a: Fuego en la pista|93\/100|[from] Grassy Terrain\n|upkeep\n|turn|23\n|\n|t:|1701127182\n|move|p2a: Fuego en la pista|U-turn|p1a: Zapdos\n|-resisted|p1a: Zapdos\n|-damage|p1a: Zapdos|64\/100\n|\n|t:|1701127185\n|switch|p2a: Prueba nomas|Landorus-Therian, M|100\/100|[from] U-turn\n|-ability|p2a: Prueba nomas|Intimidate|boost\n|-unboost|p1a: Zapdos|atk|1\n|move|p1a: Zapdos|Hurricane|p2a: Prueba nomas\n|-damage|p2a: Prueba nomas|45\/100\n|\n|-fieldend|move: Grassy Terrain\n|upkeep\n|turn|24\n|\n|t:|1701127194\n|switch|p1a: Heatran|Heatran, M, tera:Ghost|37\/100\n|move|p2a: Prueba nomas|Stealth Rock|p1a: Heatran\n|-sidestart|p1: zanderB4|move: Stealth Rock\n|\n|-heal|p1a: Heatran|43\/100|[from] item: Leftovers\n|upkeep\n|turn|25\n|\n|t:|1701127205\n|switch|p1a: Zapdos|Zapdos|64\/100\n|move|p2a: Prueba nomas|Earthquake|p1a: Zapdos\n|-immune|p1a: Zapdos\n|\n|upkeep\n|turn|26\n|\n|t:|1701127214\n|move|p2a: Prueba nomas|Stone Edge|p1a: Zapdos\n|-supereffective|p1a: Zapdos\n|-damage|p1a: Zapdos|0 fnt\n|faint|p1a: Zapdos\n|\n|upkeep\n|\n|t:|1701127219\n|switch|p1a: Rillaboom|Rillaboom, F|35\/100\n|-damage|p1a: Rillaboom|22\/100|[from] Stealth Rock\n|-fieldstart|move: Grassy Terrain|[from] ability: Grassy Surge|[of] p1a: Rillaboom\n|turn|27\n|\n|t:|1701127224\n|move|p1a: Rillaboom|Grassy Glide|p2a: Prueba nomas\n|-damage|p2a: Prueba nomas|0 fnt\n|-damage|p1a: Rillaboom|6\/100|[from] item: Rocky Helmet|[of] p2a: Prueba nomas\n|faint|p2a: Prueba nomas\n|\n|-heal|p1a: Rillaboom|12\/100|[from] Grassy Terrain\n|upkeep\n|\n|t:|1701127229\n|switch|p2a: Jarcres|Jolteon, F|100\/100\n|turn|28\n|\n|t:|1701127233\n|move|p1a: Rillaboom|Grassy Glide|p2a: Jarcres\n|-damage|p2a: Jarcres|0 fnt\n|faint|p2a: Jarcres\n|\n|-heal|p1a: Rillaboom|18\/100|[from] Grassy Terrain\n|upkeep\n|\n|t:|1701127238\n|switch|p2a: Fuego en la pista|Cinderace, M|93\/100\n|turn|29\n|\n|t:|1701127242\n|move|p1a: Rillaboom|Grassy Glide|p2a: Fuego en la pista\n|-resisted|p2a: Fuego en la pista\n|-damage|p2a: Fuego en la pista|49\/100\n|move|p2a: Fuego en la pista|Pyro Ball|p1a: Rillaboom\n|-supereffective|p1a: Rillaboom\n|-damage|p1a: Rillaboom|0 fnt\n|faint|p1a: Rillaboom\n|\n|-heal|p2a: Fuego en la pista|55\/100|[from] Grassy Terrain\n|upkeep\n|\n|t:|1701127264\n|switch|p1a: Walking Wake|Walking Wake|32\/100\n|turn|30\n|\n|t:|1701127274\n|-end|p1a: Walking Wake|Protosynthesis|[silent]\n|switch|p1a: Heatran|Heatran, M, tera:Ghost|43\/100\n|-damage|p1a: Heatran|31\/100|[from] Stealth Rock\n|move|p2a: Fuego en la pista|High Jump Kick|p1a: Heatran\n|-start|p2a: Fuego en la pista|typechange|Fighting|[from] ability: Libero\n|-immune|p1a: Heatran\n|-damage|p2a: Fuego en la pista|5\/100|[from] highjumpkick\n|\n|-heal|p2a: Fuego en la pista|11\/100|[from] Grassy Terrain\n|-heal|p1a: Heatran|37\/100|[from] Grassy Terrain\n|-heal|p1a: Heatran|43\/100|[from] item: Leftovers\n|upkeep\n|turn|31\n|\n|t:|1701127292\n|switch|p1a: Garganacl|Garganacl, F|24\/100\n|-damage|p1a: Garganacl|11\/100|[from] Stealth Rock\n|move|p2a: Fuego en la pista|Sucker Punch||[still]\n|-fail|p2a: Fuego en la pista\n|\n|-heal|p2a: Fuego en la pista|17\/100|[from] Grassy Terrain\n|-heal|p1a: Garganacl|18\/100|[from] Grassy Terrain\n|-heal|p1a: Garganacl|24\/100|[from] item: Leftovers\n|-fieldend|move: Grassy Terrain\n|upkeep\n|turn|32\n|\n|t:|1701127299\n|move|p2a: Fuego en la pista|U-turn|p1a: Garganacl\n|-damage|p1a: Garganacl|9\/100\n|\n|t:|1701127302\n|switch|p2a: Cacahuate|Dragonite, M|100\/100|[from] U-turn\n|move|p1a: Garganacl|Recover|p1a: Garganacl\n|-heal|p1a: Garganacl|59\/100\n|\n|-heal|p1a: Garganacl|65\/100|[from] item: Leftovers\n|upkeep\n|turn|33\n|\n|t:|1701127310\n|-terastallize|p2a: Cacahuate|Normal\n|move|p2a: Cacahuate|Dragon Dance|p2a: Cacahuate\n|-boost|p2a: Cacahuate|atk|1\n|-boost|p2a: Cacahuate|spe|1\n|move|p1a: Garganacl|Salt Cure|p2a: Cacahuate\n|-damage|p2a: Cacahuate|93\/100\n|-start|p2a: Cacahuate|Salt Cure\n|\n|-heal|p1a: Garganacl|71\/100|[from] item: Leftovers\n|-damage|p2a: Cacahuate|81\/100|[from] Salt Cure\n|upkeep\n|turn|34\n|\n|t:|1701127316\n|move|p2a: Cacahuate|Dragon Dance|p2a: Cacahuate\n|-boost|p2a: Cacahuate|atk|1\n|-boost|p2a: Cacahuate|spe|1\n|move|p1a: Garganacl|Iron Defense|p1a: Garganacl\n|-boost|p1a: Garganacl|def|2\n|\n|-heal|p1a: Garganacl|78\/100|[from] item: Leftovers\n|-damage|p2a: Cacahuate|68\/100|[from] Salt Cure\n|upkeep\n|turn|35\n|\n|t:|1701127320\n|move|p2a: Cacahuate|Earthquake|p1a: Garganacl\n|-supereffective|p1a: Garganacl\n|-damage|p1a: Garganacl|28\/100\n|move|p1a: Garganacl|Iron Defense|p1a: Garganacl\n|-boost|p1a: Garganacl|def|2\n|\n|-heal|p1a: Garganacl|34\/100|[from] item: Leftovers\n|-damage|p2a: Cacahuate|56\/100|[from] Salt Cure\n|upkeep\n|turn|36\n|\n|t:|1701127325\n|move|p2a: Cacahuate|Earthquake|p1a: Garganacl\n|-supereffective|p1a: Garganacl\n|-damage|p1a: Garganacl|0 fnt\n|faint|p1a: Garganacl\n|\n|-damage|p2a: Cacahuate|44\/100|[from] Salt Cure\n|upkeep\n|\n|t:|1701127336\n|switch|p1a: Walking Wake|Walking Wake|32\/100\n|turn|37\n|\n|t:|1701127341\n|move|p2a: Cacahuate|Extreme Speed|p1a: Walking Wake\n|-damage|p1a: Walking Wake|0 fnt\n|faint|p1a: Walking Wake\n|-end|p1a: Walking Wake|Protosynthesis|[silent]\n|\n|-damage|p2a: Cacahuate|31\/100|[from] Salt Cure\n|upkeep\n|\n|t:|1701127344\n|switch|p1a: Heatran|Heatran, M, tera:Ghost|43\/100\n|-damage|p1a: Heatran|31\/100|[from] Stealth Rock\n|turn|38\n|\n|t:|1701127347\n|move|p2a: Cacahuate|Earthquake|p1a: Heatran\n|-damage|p1a: Heatran|0 fnt\n|faint|p1a: Heatran\n|\n|win|AkiDes\n|raw|zanderB4's rating: 1234 &rarr; <strong>1205<\/strong><br \/>(-29 for losing)\n|raw|AkiDes's rating: 1180 &rarr; <strong>1209<\/strong><br \/>(+29 for winning)\n","uploadtime":1701127350,"views":14,"p1id":"zanderb4","p2id":"akides","formatid":"gen9ou","rating":1205,"private":0,"password":""}