{"id":"gen9ou-1993234868","p1":"Chabbott918","p2":"good hvhbb","format":"[Gen 9] OU","log":"|j|\u2606Chabbott918\n|j|\u2606good hvhbb\n|t:|1700281925\n|gametype|singles\n|player|p1|Chabbott918|raifort|1306\n|player|p2|good hvhbb|266|1289\n|teamsize|p1|6\n|teamsize|p2|6\n|gen|9\n|tier|[Gen 9] OU\n|rated|\n|rule|Sleep Clause Mod: Limit one foe put to sleep\n|rule|Species Clause: Limit one of each Pok\u00e9mon\n|rule|OHKO Clause: OHKO moves are banned\n|rule|Evasion Items Clause: Evasion items are banned\n|rule|Evasion Moves Clause: Evasion moves are banned\n|rule|Endless Battle Clause: Forcing endless battles is banned\n|rule|HP Percentage Mod: HP is shown in percentages\n|clearpoke\n|poke|p1|Gholdengo|\n|poke|p1|Zapdos|\n|poke|p1|Cinderace, F|\n|poke|p1|Glimmora, F|\n|poke|p1|Samurott-Hisui, M|\n|poke|p1|Rillaboom, M|\n|poke|p2|Decidueye-Hisui, M|\n|poke|p2|Arcanine, F|\n|poke|p2|Chesnaught, F|\n|poke|p2|Garchomp, M|\n|poke|p2|Salamence, F|\n|poke|p2|Gengar, M|\n|teampreview\n|c|\u2606Chabbott918|hf\n|inactive|Battle timer is ON: inactive players will automatically lose when time's up. (requested by good hvhbb)\n|\n|t:|1700281940\n|start\n|switch|p1a: Cinderace|Cinderace, F, shiny|100\/100\n|switch|p2a: Garchomp|Garchomp, M|100\/100\n|turn|1\n|\n|t:|1700281945\n|move|p1a: Cinderace|Will-O-Wisp|p2a: Garchomp\n|-status|p2a: Garchomp|brn\n|move|p2a: Garchomp|Earthquake|p1a: Cinderace\n|-supereffective|p1a: Cinderace\n|-damage|p1a: Cinderace|30\/100\n|\n|-damage|p2a: Garchomp|94\/100 brn|[from] brn\n|upkeep\n|turn|2\n|\n|t:|1700281952\n|switch|p1a: Zapdos|Zapdos|100\/100\n|move|p2a: Garchomp|Stealth Rock|p1a: Zapdos\n|-sidestart|p1: Chabbott918|move: Stealth Rock\n|\n|-damage|p2a: Garchomp|88\/100 brn|[from] brn\n|upkeep\n|turn|3\n|\n|t:|1700281958\n|move|p2a: Garchomp|Outrage|p1a: Zapdos\n|-damage|p1a: Zapdos|61\/100\n|move|p1a: Zapdos|Hurricane|p2a: Garchomp\n|-damage|p2a: Garchomp|30\/100 brn\n|-start|p2a: Garchomp|confusion\n|\n|-damage|p2a: Garchomp|24\/100 brn|[from] brn\n|upkeep\n|turn|4\n|\n|t:|1700281979\n|-activate|p2a: Garchomp|confusion\n|move|p2a: Garchomp|Outrage|p1a: Zapdos|[from]lockedmove\n|-damage|p1a: Zapdos|25\/100\n|move|p1a: Zapdos|Heat Wave|p2a: Garchomp\n|-resisted|p2a: Garchomp\n|-damage|p2a: Garchomp|7\/100 brn\n|\n|-damage|p2a: Garchomp|0 fnt|[from] brn\n|faint|p2a: Garchomp\n|upkeep\n|\n|t:|1700281982\n|switch|p2a: Salamence|Salamence, F|100\/100\n|turn|5\n|\n|t:|1700281988\n|move|p2a: Salamence|Outrage|p1a: Zapdos\n|-damage|p1a: Zapdos|0 fnt\n|-status|p2a: Salamence|par|[from] ability: Static|[of] p1a: Zapdos\n|faint|p1a: Zapdos\n|-ability|p2a: Salamence|Moxie|boost\n|-boost|p2a: Salamence|atk|1\n|\n|upkeep\n|\n|t:|1700281995\n|switch|p1a: Gholdengo|Gholdengo|100\/100\n|-damage|p1a: Gholdengo|94\/100|[from] Stealth Rock\n|turn|6\n|\n|t:|1700281999\n|cant|p2a: Salamence|par\n|move|p1a: Gholdengo|Nasty Plot|p1a: Gholdengo\n|-boost|p1a: Gholdengo|spa|2\n|\n|-heal|p1a: Gholdengo|100\/100|[from] item: Leftovers\n|-start|p2a: Salamence|confusion|[fatigue]\n|upkeep\n|turn|7\n|\n|t:|1700282010\n|switch|p2a: Arcanine|Arcanine, F|100\/100\n|-ability|p2a: Arcanine|Intimidate|boost\n|-unboost|p1a: Gholdengo|atk|1\n|move|p1a: Gholdengo|Hex|p2a: Arcanine\n|-damage|p2a: Arcanine|37\/100\n|\n|upkeep\n|turn|8\n|\n|t:|1700282020\n|switch|p1a: Glimmora|Glimmora, F|100\/100\n|-damage|p1a: Glimmora|88\/100|[from] Stealth Rock\n|move|p2a: Arcanine|Flare Blitz|p1a: Glimmora\n|-resisted|p1a: Glimmora\n|-damage|p1a: Glimmora|33\/100\n|-activate|p1a: Glimmora|ability: Toxic Debris\n|-sidestart|p2: good hvhbb|move: Toxic Spikes\n|-damage|p2a: Arcanine|22\/100|[from] Recoil\n|\n|upkeep\n|turn|9\n|\n|t:|1700282027\n|move|p1a: Glimmora|Mortal Spin|p2a: Arcanine\n|-damage|p2a: Arcanine|18\/100\n|-status|p2a: Arcanine|psn\n|-sideend|p1: Chabbott918|Stealth Rock|[from] move: Mortal Spin|[of] p1a: Glimmora\n|move|p2a: Arcanine|Flare Blitz|p1a: Glimmora\n|-resisted|p1a: Glimmora\n|-damage|p1a: Glimmora|0 fnt\n|-activate|p1a: Glimmora|ability: Toxic Debris\n|-sidestart|p2: good hvhbb|move: Toxic Spikes\n|faint|p1a: Glimmora\n|-damage|p2a: Arcanine|9\/100 psn|[from] Recoil\n|\n|-damage|p2a: Arcanine|0 fnt|[from] psn\n|faint|p2a: Arcanine\n|upkeep\n|\n|t:|1700282043\n|switch|p1a: Gholdengo|Gholdengo|100\/100\n|switch|p2a: Gengar|Gengar, M|100\/100\n|-sideend|p2: good hvhbb|move: Toxic Spikes|[of] p2a: Gengar\n|turn|10\n|\n|t:|1700282049\n|switch|p1a: Samurott|Samurott-Hisui, M|100\/100\n|move|p2a: Gengar|Shadow Ball|p1a: Samurott\n|-resisted|p1a: Samurott\n|-damage|p1a: Samurott|78\/100\n|\n|upkeep\n|turn|11\n|\n|t:|1700282055\n|switch|p2a: Chesnaught|Chesnaught, F|100\/100\n|move|p1a: Samurott|Ceaseless Edge|p2a: Chesnaught\n|-resisted|p2a: Chesnaught\n|-damage|p2a: Chesnaught|87\/100\n|-sidestart|p2: good hvhbb|Spikes\n|\n|-heal|p2a: Chesnaught|93\/100|[from] item: Leftovers\n|upkeep\n|turn|12\n|\n|t:|1700282061\n|switch|p1a: Gholdengo|Gholdengo|100\/100\n|move|p2a: Chesnaught|Leech Seed|p1a: Gholdengo\n|-immune|p1a: Gholdengo|[from] ability: Good as Gold\n|\n|-heal|p2a: Chesnaught|99\/100|[from] item: Leftovers\n|upkeep\n|turn|13\n|\n|t:|1700282067\n|move|p1a: Gholdengo|Nasty Plot|p1a: Gholdengo\n|-boost|p1a: Gholdengo|spa|2\n|move|p2a: Chesnaught|Leech Seed|p1a: Gholdengo\n|-immune|p1a: Gholdengo|[from] ability: Good as Gold\n|\n|-heal|p2a: Chesnaught|100\/100|[from] item: Leftovers\n|upkeep\n|turn|14\n|\n|t:|1700282072\n|move|p1a: Gholdengo|Nasty Plot|p1a: Gholdengo\n|-boost|p1a: Gholdengo|spa|2\n|move|p2a: Chesnaught|Leech Seed|p1a: Gholdengo\n|-immune|p1a: Gholdengo|[from] ability: Good as Gold\n|\n|upkeep\n|turn|15\n|\n|t:|1700282076\n|move|p1a: Gholdengo|Nasty Plot|p1a: Gholdengo\n|-boost|p1a: Gholdengo|spa|2\n|move|p2a: Chesnaught|Leech Seed|p1a: Gholdengo\n|-immune|p1a: Gholdengo|[from] ability: Good as Gold\n|\n|upkeep\n|turn|16\n|c|\u2606Chabbott918|dawg\n|\n|t:|1700282089\n|move|p1a: Gholdengo|Make It Rain|p2a: Chesnaught\n|-damage|p2a: Chesnaught|0 fnt\n|-unboost|p1a: Gholdengo|spa|1\n|faint|p2a: Chesnaught\n|\n|upkeep\n|\n|t:|1700282096\n|switch|p2a: Salamence|Salamence, F|100\/100 par\n|turn|17\n|\n|t:|1700282098\n|move|p2a: Salamence|Earthquake|p1a: Gholdengo\n|-supereffective|p1a: Gholdengo\n|-damage|p1a: Gholdengo|54\/100\n|move|p1a: Gholdengo|Hex|p2a: Salamence\n|-damage|p2a: Salamence|0 fnt\n|faint|p2a: Salamence\n|\n|-heal|p1a: Gholdengo|61\/100|[from] item: Leftovers\n|upkeep\n|\n|t:|1700282102\n|switch|p2a: Gengar|Gengar, M|100\/100\n|-damage|p2a: Gengar|88\/100|[from] Spikes\n|turn|18\n|\n|t:|1700282111\n|-terastallize|p1a: Gholdengo|Flying\n|move|p2a: Gengar|Shadow Ball|p1a: Gholdengo\n|-damage|p1a: Gholdengo|16\/100\n|move|p1a: Gholdengo|Hex|p2a: Gengar\n|-supereffective|p2a: Gengar\n|-damage|p2a: Gengar|0 fnt\n|faint|p2a: Gengar\n|\n|-heal|p1a: Gholdengo|22\/100|[from] item: Leftovers\n|upkeep\n|\n|t:|1700282113\n|switch|p2a: Decidueye|Decidueye-Hisui, M|100\/100\n|-damage|p2a: Decidueye|88\/100|[from] Spikes\n|turn|19\n|\n|t:|1700282120\n|-terastallize|p2a: Decidueye|Ghost\n|move|p2a: Decidueye|Shadow Sneak|p1a: Gholdengo\n|-damage|p1a: Gholdengo|9\/100\n|move|p1a: Gholdengo|Make It Rain|p2a: Decidueye\n|-damage|p2a: Decidueye|0 fnt\n|-unboost|p1a: Gholdengo|spa|1\n|faint|p2a: Decidueye\n|\n|win|Chabbott918\n|raw|Chabbott918's rating: 1306 &rarr; <strong>1325<\/strong><br \/>(+19 for winning)\n|raw|good hvhbb's rating: 1289 &rarr; <strong>1265<\/strong><br \/>(-24 for losing)\n|l|\u2606good hvhbb\n","uploadtime":1700282132,"views":32,"p1id":"chabbott918","p2id":"goodhvhbb","formatid":"gen9ou","rating":1265,"private":0,"password":""}