{"id":"gen9ou-1989615229","p1":"Okjlve336","p2":"HotDogPots","format":"[Gen 9] OU","log":"|j|\u2606Okjlve336\n|j|\u2606HotDogPots\n|t:|1699879143\n|gametype|singles\n|player|p1|Okjlve336|1|1066\n|player|p2|HotDogPots|266|1000\n|teamsize|p1|6\n|teamsize|p2|6\n|gen|9\n|tier|[Gen 9] OU\n|rated|\n|rule|Sleep Clause Mod: Limit one foe put to sleep\n|rule|Species Clause: Limit one of each Pok\u00e9mon\n|rule|OHKO Clause: OHKO moves are banned\n|rule|Evasion Items Clause: Evasion items are banned\n|rule|Evasion Moves Clause: Evasion moves are banned\n|rule|Endless Battle Clause: Forcing endless battles is banned\n|rule|HP Percentage Mod: HP is shown in percentages\n|clearpoke\n|poke|p1|Ceruledge, F|\n|poke|p1|Samurott-Hisui, F|\n|poke|p1|Fezandipiti, M|\n|poke|p1|Kleavor, F|\n|poke|p1|Breloom, M|\n|poke|p1|Sandy Shocks|\n|poke|p2|Coalossal, M|\n|poke|p2|Arboliva, F|\n|poke|p2|Azumarill, F|\n|poke|p2|Spiritomb, M|\n|poke|p2|Rotom-Fan|\n|poke|p2|Masquerain, M|\n|teampreview\n|inactive|Battle timer is ON: inactive players will automatically lose when time's up. (requested by HotDogPots)\n|\n|t:|1699879157\n|start\n|switch|p1a: Kleavor|Kleavor, F|100\/100\n|switch|p2a: Coalossal|Coalossal, M|100\/100\n|turn|1\n|\n|t:|1699879170\n|switch|p1a: Samurott|Samurott-Hisui, F|100\/100\n|move|p2a: Coalossal|Scald|p1a: Samurott\n|-resisted|p1a: Samurott\n|-damage|p1a: Samurott|77\/100\n|\n|upkeep\n|turn|2\n|\n|t:|1699879182\n|switch|p2a: Rotom|Rotom-Fan|100\/100\n|-item|p2a: Rotom|Air Balloon\n|move|p1a: Samurott|Aqua Cutter|p2a: Rotom\n|-damage|p2a: Rotom|32\/100\n|-enditem|p2a: Rotom|Air Balloon\n|\n|upkeep\n|turn|3\n|\n|t:|1699879197\n|move|p1a: Samurott|Aqua Cutter|p2a: Rotom\n|-damage|p2a: Rotom|0 fnt\n|faint|p2a: Rotom\n|\n|upkeep\n|\n|t:|1699879202\n|switch|p2a: Coalossal|Coalossal, M|100\/100\n|turn|4\n|\n|t:|1699879207\n|-terastallize|p2a: Coalossal|Grass\n|move|p1a: Samurott|Aqua Cutter|p2a: Coalossal\n|-resisted|p2a: Coalossal\n|-crit|p2a: Coalossal\n|-damage|p2a: Coalossal|71\/100\n|-ability|p2a: Coalossal|Steam Engine|boost\n|-boost|p2a: Coalossal|spe|6\n|move|p2a: Coalossal|Tera Blast|p1a: Samurott|[anim] Tera Blast Grass\n|-supereffective|p1a: Samurott\n|-damage|p1a: Samurott|0 fnt\n|faint|p1a: Samurott\n|\n|upkeep\n|\n|t:|1699879219\n|switch|p1a: Sandy Shocks|Sandy Shocks|100\/100\n|-enditem|p1a: Sandy Shocks|Booster Energy\n|-activate|p1a: Sandy Shocks|ability: Protosynthesis|[fromitem]\n|-start|p1a: Sandy Shocks|protosynthesisspa\n|turn|5\n|\n|t:|1699879224\n|move|p2a: Coalossal|Tera Blast|p1a: Sandy Shocks|[anim] Tera Blast Grass\n|-supereffective|p1a: Sandy Shocks\n|-damage|p1a: Sandy Shocks|0 fnt\n|faint|p1a: Sandy Shocks\n|-end|p1a: Sandy Shocks|Protosynthesis|[silent]\n|\n|upkeep\n|\n|t:|1699879230\n|switch|p1a: Kleavor|Kleavor, F|100\/100\n|turn|6\n|\n|t:|1699879235\n|move|p2a: Coalossal|Tera Blast|p1a: Kleavor|[anim] Tera Blast Grass\n|-damage|p1a: Kleavor|16\/100\n|move|p1a: Kleavor|Air Slash|p2a: Coalossal\n|-supereffective|p2a: Coalossal\n|-damage|p2a: Coalossal|39\/100\n|\n|upkeep\n|turn|7\n|\n|t:|1699879240\n|move|p2a: Coalossal|Tera Blast|p1a: Kleavor|[anim] Tera Blast Grass\n|-damage|p1a: Kleavor|0 fnt\n|faint|p1a: Kleavor\n|\n|upkeep\n|c|\u2606HotDogPots|lol\n|-message|Okjlve336 forfeited.\n|\n|win|HotDogPots\n|raw|Okjlve336's rating: 1066 &rarr; <strong>1042<\/strong><br \/>(-24 for losing)\n|raw|HotDogPots's rating: 1000 &rarr; <strong>1048<\/strong><br \/>(+48 for winning)\n|l|\u2606Okjlve336\n","uploadtime":1699879254,"views":11,"p1id":"okjlve336","p2id":"hotdogpots","formatid":"gen9ou","rating":1042,"private":0,"password":""}