{"id":"gen9ou-1996173242","p1":"OUFC COALLA","p2":"Macaxandre1st","format":"[Gen 9] OU","log":"|j|\u2606OUFC COALLA\n|j|\u2606Macaxandre1st\n|t:|1700654892\n|gametype|singles\n|player|p1|OUFC COALLA|benga|1641\n|player|p2|Macaxandre1st|170|1757\n|teamsize|p1|6\n|teamsize|p2|6\n|gen|9\n|tier|[Gen 9] OU\n|rated|\n|rule|Sleep Clause Mod: Limit one foe put to sleep\n|rule|Species Clause: Limit one of each Pok\u00e9mon\n|rule|OHKO Clause: OHKO moves are banned\n|rule|Evasion Items Clause: Evasion items are banned\n|rule|Evasion Moves Clause: Evasion moves are banned\n|rule|Endless Battle Clause: Forcing endless battles is banned\n|rule|HP Percentage Mod: HP is shown in percentages\n|clearpoke\n|poke|p1|Cinderace, F|\n|poke|p1|Zapdos|\n|poke|p1|Ogerpon-Wellspring, F|\n|poke|p1|Slowking-Galar, F|\n|poke|p1|Ting-Lu|\n|poke|p1|Dondozo, F|\n|poke|p2|Lilligant-Hisui, F|\n|poke|p2|Grimmsnarl, M|\n|poke|p2|Glimmora, F|\n|poke|p2|Gholdengo|\n|poke|p2|Manaphy|\n|poke|p2|Enamorus, F|\n|teampreview\n|inactive|Battle timer is ON: inactive players will automatically lose when time's up. (requested by OUFC COALLA)\n|inactive|OUFC COALLA has 120 seconds left.\n|j| Seleukos\n|\n|t:|1700654940\n|start\n|switch|p1a: Ting-Lu|Ting-Lu|100\/100\n|switch|p2a: Glimmora|Glimmora, F|100\/100\n|-ability|p1a: Ting-Lu|Vessel of Ruin\n|turn|1\n|inactive|Macaxandre1st has 120 seconds left.\n|\n|t:|1700654985\n|-terastallize|p2a: Glimmora|Grass\n|move|p2a: Glimmora|Stealth Rock|p1a: Ting-Lu\n|-sidestart|p1: OUFC COALLA|move: Stealth Rock\n|move|p1a: Ting-Lu|Earthquake|p2a: Glimmora\n|-resisted|p2a: Glimmora\n|-damage|p2a: Glimmora|79\/100\n|-activate|p2a: Glimmora|ability: Toxic Debris\n|-sidestart|p1: OUFC COALLA|move: Toxic Spikes\n|\n|upkeep\n|turn|2\n|\n|t:|1700654996\n|switch|p1a: Slowking|Slowking-Galar, F|100\/100\n|-sideend|p1: OUFC COALLA|move: Toxic Spikes|[of] p1a: Slowking\n|move|p2a: Glimmora|Energy Ball|p1a: Slowking\n|-resisted|p1a: Slowking\n|-damage|p1a: Slowking|84\/100\n|\n|upkeep\n|turn|3\n|inactive|Macaxandre1st has 120 seconds left.\n|\n|t:|1700655004\n|switch|p2a: Gholdengo|Gholdengo|100\/100\n|-item|p2a: Gholdengo|Air Balloon\n|move|p1a: Slowking|Flamethrower|p2a: Gholdengo\n|-supereffective|p2a: Gholdengo\n|-damage|p2a: Gholdengo|50\/100\n|-status|p2a: Gholdengo|brn\n|-enditem|p2a: Gholdengo|Air Balloon\n|\n|-damage|p2a: Gholdengo|44\/100 brn|[from] brn\n|upkeep\n|turn|4\n|\n|t:|1700655012\n|switch|p1a: Ting-Lu|Ting-Lu|100\/100\n|-damage|p1a: Ting-Lu|94\/100|[from] Stealth Rock\n|-ability|p1a: Ting-Lu|Vessel of Ruin\n|move|p2a: Gholdengo|Recover|p2a: Gholdengo\n|-heal|p2a: Gholdengo|94\/100 brn\n|\n|-heal|p1a: Ting-Lu|100\/100|[from] item: Leftovers\n|-damage|p2a: Gholdengo|88\/100 brn|[from] brn\n|upkeep\n|turn|5\n|\n|t:|1700655016\n|switch|p2a: Glimmora|Glimmora, F, tera:Grass|79\/100\n|move|p1a: Ting-Lu|Stealth Rock|p2a: Glimmora\n|-sidestart|p2: Macaxandre1st|move: Stealth Rock\n|\n|upkeep\n|turn|6\n|\n|t:|1700655020\n|switch|p1a: Slowking|Slowking-Galar, F|100\/100\n|move|p2a: Glimmora|Mortal Spin|p1a: Slowking\n|-resisted|p1a: Slowking\n|-damage|p1a: Slowking|98\/100\n|-sideend|p2: Macaxandre1st|Stealth Rock|[from] move: Mortal Spin|[of] p2a: Glimmora\n|\n|upkeep\n|turn|7\n|\n|t:|1700655028\n|switch|p2a: Manaphy|Manaphy|100\/100\n|move|p1a: Slowking|Future Sight|p2a: Manaphy\n|-start|p1a: Slowking|move: Future Sight\n|\n|upkeep\n|turn|8\n|\n|t:|1700655055\n|switch|p2a: Grimmsnarl|Grimmsnarl, M|100\/100\n|switch|p1a: Ogerpon|Ogerpon-Wellspring, F|100\/100\n|-damage|p1a: Ogerpon|88\/100|[from] Stealth Rock\n|\n|upkeep\n|turn|9\n|\n|t:|1700655064\n|move|p2a: Grimmsnarl|Reflect|p2a: Grimmsnarl\n|-sidestart|p2: Macaxandre1st|Reflect\n|move|p1a: Ogerpon|Ivy Cudgel|p2a: Grimmsnarl|[anim] Ivy Cudgel Water\n|-damage|p2a: Grimmsnarl|63\/100\n|\n|-end|p2a: Grimmsnarl|move: Future Sight\n|-immune|p2a: Grimmsnarl\n|upkeep\n|turn|10\n|\n|t:|1700655070\n|move|p2a: Grimmsnarl|Taunt|p1a: Ogerpon\n|-start|p1a: Ogerpon|move: Taunt\n|move|p1a: Ogerpon|Ivy Cudgel|p2a: Grimmsnarl|[anim] Ivy Cudgel Water\n|-damage|p2a: Grimmsnarl|26\/100\n|\n|upkeep\n|turn|11\n|\n|t:|1700655076\n|switch|p2a: Glimmora|Glimmora, F, tera:Grass|79\/100\n|move|p1a: Ogerpon|Ivy Cudgel|p2a: Glimmora|[anim] Ivy Cudgel Water\n|-resisted|p2a: Glimmora\n|-damage|p2a: Glimmora|61\/100\n|-activate|p2a: Glimmora|ability: Toxic Debris\n|-sidestart|p1: OUFC COALLA|move: Toxic Spikes\n|\n|upkeep\n|turn|12\n|inactive|Macaxandre1st has 120 seconds left.\n|\n|t:|1700655113\n|switch|p1a: Slowking|Slowking-Galar, F|100\/100\n|-sideend|p1: OUFC COALLA|move: Toxic Spikes|[of] p1a: Slowking\n|move|p2a: Glimmora|Earth Power|p1a: Slowking\n|-supereffective|p1a: Slowking\n|-damage|p1a: Slowking|53\/100\n|\n|upkeep\n|turn|13\n|\n|t:|1700655125\n|move|p2a: Glimmora|Earth Power|p1a: Slowking\n|-supereffective|p1a: Slowking\n|-damage|p1a: Slowking|9\/100\n|move|p1a: Slowking|Sludge Bomb|p2a: Glimmora\n|-supereffective|p2a: Glimmora\n|-damage|p2a: Glimmora|0 fnt\n|faint|p2a: Glimmora\n|\n|upkeep\n|j| OrganThief\n|\n|t:|1700655134\n|switch|p2a: Enamorus|Enamorus, F|100\/100\n|turn|14\n|c| OrganThief|no sun support?\n|c| OrganThief|for liligant\n|inactive|OUFC COALLA has 120 seconds left.\n|c|\u2606OUFC COALLA|doesn't always need it\n|c|\u2606OUFC COALLA|can be very threatening with life orb hustle\n|c|\u2606OUFC COALLA|and then abuse your opponent's sun if they bring it\n|inactive|OUFC COALLA has 90 seconds left.\n|c| OrganThief|okkay\n|\n|t:|1700655203\n|switch|p1a: Zapdos|Zapdos|100\/100\n|move|p2a: Enamorus|Moonblast|p1a: Zapdos\n|-damage|p1a: Zapdos|47\/100\n|\n|upkeep\n|turn|15\n|\n|t:|1700655213\n|switch|p1a: Cinderace|Cinderace, F|100\/100\n|move|p2a: Enamorus|Moonblast|p1a: Cinderace\n|-resisted|p1a: Cinderace\n|-damage|p1a: Cinderace|67\/100\n|\n|upkeep\n|turn|16\n|\n|t:|1700655221\n|move|p2a: Enamorus|Moonblast|p1a: Cinderace\n|-resisted|p1a: Cinderace\n|-damage|p1a: Cinderace|39\/100\n|-unboost|p1a: Cinderace|spa|1\n|move|p1a: Cinderace|U-turn|p2a: Enamorus\n|-resisted|p2a: Enamorus\n|-damage|p2a: Enamorus|97\/100\n|j| mew852\n|\n|t:|1700655227\n|switch|p1a: Slowking|Slowking-Galar, F|42\/100|[from] U-turn\n|\n|-sideend|p2: Macaxandre1st|Reflect\n|upkeep\n|turn|17\n|inactive|OUFC COALLA has 90 seconds left.\n|\n|t:|1700655260\n|switch|p2a: Manaphy|Manaphy|100\/100\n|switch|p1a: Zapdos|Zapdos|47\/100\n|\n|upkeep\n|turn|18\n|\n|t:|1700655273\n|move|p1a: Zapdos|Volt Switch|p2a: Manaphy\n|-supereffective|p2a: Manaphy\n|-damage|p2a: Manaphy|47\/100\n|\n|t:|1700655280\n|switch|p1a: Ogerpon|Ogerpon-Wellspring, F|88\/100|[from] Volt Switch\n|-damage|p1a: Ogerpon|76\/100|[from] Stealth Rock\n|move|p2a: Manaphy|Scald|p1a: Ogerpon\n|-heal|p1a: Ogerpon|100\/100|[from] ability: Water Absorb|[of] p2a: Manaphy\n|\n|-heal|p2a: Manaphy|53\/100|[from] item: Leftovers\n|upkeep\n|turn|19\n|\n|t:|1700655297\n|switch|p2a: Gholdengo|Gholdengo|88\/100 brn\n|move|p1a: Ogerpon|Ivy Cudgel|p2a: Gholdengo|[anim] Ivy Cudgel Water\n|-damage|p2a: Gholdengo|15\/100 brn\n|\n|-damage|p2a: Gholdengo|9\/100 brn|[from] brn\n|upkeep\n|turn|20\n|\n|t:|1700655302\n|move|p1a: Ogerpon|Knock Off|p2a: Gholdengo\n|-supereffective|p2a: Gholdengo\n|-crit|p2a: Gholdengo\n|-damage|p2a: Gholdengo|0 fnt\n|faint|p2a: Gholdengo\n|\n|upkeep\n|\n|t:|1700655306\n|switch|p2a: Lilligant|Lilligant-Hisui, F|100\/100\n|turn|21\n|inactive|OUFC COALLA has 90 seconds left.\n|j| firemaniac\n|\n|t:|1700655336\n|switch|p1a: Zapdos|Zapdos|47\/100\n|move|p2a: Lilligant|Victory Dance|p2a: Lilligant\n|-boost|p2a: Lilligant|atk|1\n|-boost|p2a: Lilligant|def|1\n|-boost|p2a: Lilligant|spe|1\n|\n|upkeep\n|turn|22\n|\n|t:|1700655349\n|switch|p1a: Cinderace|Cinderace, F|39\/100\n|move|p2a: Lilligant|Ice Spinner|p1a: Cinderace\n|-resisted|p1a: Cinderace\n|-damage|p1a: Cinderace|19\/100\n|\n|upkeep\n|turn|23\n|\n|t:|1700655363\n|move|p2a: Lilligant|Ice Spinner|p1a: Cinderace\n|-resisted|p1a: Cinderace\n|-damage|p1a: Cinderace|0 fnt\n|faint|p1a: Cinderace\n|\n|upkeep\n|inactive|OUFC COALLA has 60 seconds left.\n|\n|t:|1700655394\n|switch|p1a: Dondozo|Dondozo, F|100\/100\n|turn|24\n|\n|t:|1700655402\n|-terastallize|p1a: Dondozo|Fairy\n|move|p2a: Lilligant|Leaf Blade|p1a: Dondozo\n|-damage|p1a: Dondozo|84\/100\n|move|p1a: Dondozo|Avalanche|p2a: Lilligant\n|-supereffective|p2a: Lilligant\n|-damage|p2a: Lilligant|14\/100\n|\n|upkeep\n|turn|25\n|inactive|OUFC COALLA has 60 seconds left.\n|\n|t:|1700655428\n|move|p2a: Lilligant|Leaf Blade|p1a: Dondozo\n|-crit|p1a: Dondozo\n|-damage|p1a: Dondozo|57\/100\n|move|p1a: Dondozo|Body Press|p2a: Lilligant\n|-damage|p2a: Lilligant|0 fnt\n|faint|p2a: Lilligant\n|\n|upkeep\n|\n|t:|1700655432\n|switch|p2a: Enamorus|Enamorus, F|97\/100\n|turn|26\n|\n|t:|1700655439\n|move|p2a: Enamorus|Earth Power|p1a: Dondozo\n|-damage|p1a: Dondozo|26\/100\n|move|p1a: Dondozo|Avalanche|p2a: Enamorus\n|-supereffective|p2a: Enamorus\n|-damage|p2a: Enamorus|6\/100\n|\n|upkeep\n|turn|27\n|\n|t:|1700655449\n|move|p2a: Enamorus|Earth Power|p1a: Dondozo\n|-damage|p1a: Dondozo|0 fnt\n|faint|p1a: Dondozo\n|\n|upkeep\n|inactive|OUFC COALLA has 60 seconds left.\n|\n|t:|1700655461\n|switch|p1a: Zapdos|Zapdos|47\/100\n|turn|28\n|inactive|OUFC COALLA has 60 seconds left.\n|j| FULKU\n|\n|t:|1700655480\n|switch|p2a: Grimmsnarl|Grimmsnarl, M|26\/100\n|move|p1a: Zapdos|Volt Switch|p2a: Grimmsnarl\n|-damage|p2a: Grimmsnarl|0 fnt\n|faint|p2a: Grimmsnarl\n|\n|t:|1700655485\n|switch|p1a: Slowking|Slowking-Galar, F|75\/100|[from] Volt Switch\n|\n|upkeep\n|\n|t:|1700655490\n|switch|p2a: Enamorus|Enamorus, F|6\/100\n|turn|29\n|inactive|OUFC COALLA has 60 seconds left.\n|\n|t:|1700655511\n|move|p2a: Enamorus|Healing Wish|p2a: Enamorus\n|faint|p2a: Enamorus\n|move|p1a: Slowking|Sludge Bomb|p2: Enamorus|[notarget]\n|-fail|p1a: Slowking\n|\n|upkeep\n|\n|t:|1700655515\n|switch|p2a: Manaphy|Manaphy|53\/100\n|-heal|p2a: Manaphy|100\/100|[from] move: Healing Wish\n|turn|30\n|\n|t:|1700655519\n|switch|p1a: Ogerpon|Ogerpon-Wellspring, F|100\/100\n|-damage|p1a: Ogerpon|88\/100|[from] Stealth Rock\n|move|p2a: Manaphy|Stored Power|p1a: Ogerpon\n|-damage|p1a: Ogerpon|83\/100\n|\n|upkeep\n|turn|31\n|c|\u2606Macaxandre1st|GG\n|\n|t:|1700655525\n|move|p1a: Ogerpon|Encore|p2a: Manaphy\n|-start|p2a: Manaphy|Encore\n|move|p2a: Manaphy|Stored Power|p1a: Ogerpon\n|-damage|p1a: Ogerpon|77\/100\n|\n|upkeep\n|turn|32\n|c|\u2606OUFC COALLA|gg\n|\n|t:|1700655532\n|move|p1a: Ogerpon|Power Whip|p2a: Manaphy|[miss]\n|-miss|p1a: Ogerpon|p2a: Manaphy\n|move|p2a: Manaphy|Stored Power|p1a: Ogerpon\n|-damage|p1a: Ogerpon|72\/100\n|\n|upkeep\n|turn|33\n|\n|t:|1700655536\n|move|p1a: Ogerpon|Power Whip|p2a: Manaphy\n|-supereffective|p2a: Manaphy\n|-damage|p2a: Manaphy|14\/100\n|move|p2a: Manaphy|Stored Power|p1a: Ogerpon\n|-damage|p1a: Ogerpon|66\/100\n|\n|-heal|p2a: Manaphy|21\/100|[from] item: Leftovers\n|-end|p2a: Manaphy|Encore\n|upkeep\n|turn|34\n|l| FULKU\n|\n|t:|1700655543\n|move|p1a: Ogerpon|Encore|p2a: Manaphy\n|-start|p2a: Manaphy|Encore\n|move|p2a: Manaphy|Stored Power|p1a: Ogerpon\n|-damage|p1a: Ogerpon|60\/100\n|\n|-heal|p2a: Manaphy|27\/100|[from] item: Leftovers\n|upkeep\n|turn|35\n|\n|t:|1700655550\n|move|p1a: Ogerpon|Knock Off|p2a: Manaphy\n|-damage|p2a: Manaphy|1\/100\n|-enditem|p2a: Manaphy|Leftovers|[from] move: Knock Off|[of] p1a: Ogerpon\n|move|p2a: Manaphy|Stored Power|p1a: Ogerpon\n|-damage|p1a: Ogerpon|54\/100\n|\n|upkeep\n|turn|36\n|\n|t:|1700655554\n|move|p1a: Ogerpon|Knock Off|p2a: Manaphy\n|-damage|p2a: Manaphy|0 fnt\n|faint|p2a: Manaphy\n|\n|win|OUFC COALLA\n|raw|OUFC COALLA's rating: 1641 &rarr; <strong>1667<\/strong><br \/>(+26 for winning)\n|raw|Macaxandre1st's rating: 1757 &rarr; <strong>1731<\/strong><br \/>(-26 for losing)\n|l|\u2606Macaxandre1st\n|l| Seleukos\n|l|\u2606OUFC COALLA\n","uploadtime":1700655565,"views":1,"p1id":"oufccoalla","p2id":"macaxandre1st","formatid":"gen9ou","rating":1667,"private":0,"password":""}