{"id":"gen9ou-1999358168","p1":"YoungBasil","p2":"Shinyxk","format":"[Gen 9] OU","log":"|j|\u2606YoungBasil\n|j|\u2606Shinyxk\n|t:|1701066193\n|gametype|singles\n|player|p1|YoungBasil|lucas|1105\n|player|p2|Shinyxk|youngster-gen8|1000\n|teamsize|p1|6\n|teamsize|p2|1\n|gen|9\n|tier|[Gen 9] OU\n|rated|\n|rule|Sleep Clause Mod: Limit one foe put to sleep\n|rule|Species Clause: Limit one of each Pok\u00e9mon\n|rule|OHKO Clause: OHKO moves are banned\n|rule|Evasion Items Clause: Evasion items are banned\n|rule|Evasion Moves Clause: Evasion moves are banned\n|rule|Endless Battle Clause: Forcing endless battles is banned\n|rule|HP Percentage Mod: HP is shown in percentages\n|clearpoke\n|poke|p1|Enamorus, F|\n|poke|p1|Gholdengo|\n|poke|p1|Ribombee, F|\n|poke|p1|Walking Wake|\n|poke|p1|Ninetales, F|\n|poke|p1|Brambleghast, M|\n|poke|p2|Kommo-o, F|\n|teampreview\n|inactive|Battle timer is ON: inactive players will automatically lose when time's up. (requested by Shinyxk)\n|\n|t:|1701066200\n|start\n|switch|p1a: Enamorus|Enamorus, F, shiny|100\/100\n|switch|p2a: Kommo-o|Kommo-o, F|100\/100\n|turn|1\n|inactive|Shinyxk has 120 seconds left.\n|\n|t:|1701066245\n|-terastallize|p2a: Kommo-o|Normal\n|move|p1a: Enamorus|Play Rough|p2a: Kommo-o\n|-damage|p2a: Kommo-o|59\/100\n|move|p2a: Kommo-o|Clangorous Soul|p2a: Kommo-o\n|-boost|p2a: Kommo-o|atk|1\n|-boost|p2a: Kommo-o|def|1\n|-boost|p2a: Kommo-o|spa|1\n|-boost|p2a: Kommo-o|spd|1\n|-boost|p2a: Kommo-o|spe|1\n|-damage|p2a: Kommo-o|26\/100\n|-enditem|p2a: Kommo-o|Throat Spray\n|-boost|p2a: Kommo-o|spa|1|[from] item: Throat Spray\n|\n|upkeep\n|turn|2\n|\n|t:|1701066257\n|move|p2a: Kommo-o|Boomburst|p1a: Enamorus\n|-damage|p1a: Enamorus|0 fnt\n|faint|p1a: Enamorus\n|\n|upkeep\n|\n|t:|1701066275\n|switch|p1a: Gholdengo|Gholdengo|100\/100\n|-item|p1a: Gholdengo|Air Balloon\n|turn|3\n|\n|t:|1701066283\n|move|p2a: Kommo-o|Flamethrower|p1a: Gholdengo\n|-supereffective|p1a: Gholdengo\n|-crit|p1a: Gholdengo\n|-damage|p1a: Gholdengo|0 fnt\n|-enditem|p1a: Gholdengo|Air Balloon\n|faint|p1a: Gholdengo\n|\n|upkeep\n|\n|t:|1701066300\n|switch|p1a: Ribombee|Ribombee, F|100\/100\n|turn|4\n|\n|t:|1701066304\n|move|p2a: Kommo-o|Flamethrower|p1a: Ribombee\n|-supereffective|p1a: Ribombee\n|-damage|p1a: Ribombee|0 fnt\n|faint|p1a: Ribombee\n|\n|upkeep\n|\n|t:|1701066307\n|switch|p1a: Ninetales|Ninetales, F|100\/100\n|-weather|SunnyDay|[from] ability: Drought|[of] p1a: Ninetales\n|turn|5\n|\n|t:|1701066315\n|move|p2a: Kommo-o|Boomburst|p1a: Ninetales\n|-damage|p1a: Ninetales|0 fnt\n|faint|p1a: Ninetales\n|\n|-weather|SunnyDay|[upkeep]\n|upkeep\n|\n|t:|1701066318\n|switch|p1a: Brambleghast|Brambleghast, M|100\/100\n|turn|6\n|\n|t:|1701066324\n|move|p2a: Kommo-o|Flamethrower|p1a: Brambleghast\n|-supereffective|p1a: Brambleghast\n|-damage|p1a: Brambleghast|0 fnt\n|faint|p1a: Brambleghast\n|\n|-weather|SunnyDay|[upkeep]\n|upkeep\n|\n|t:|1701066326\n|switch|p1a: Walking Wake|Walking Wake|100\/100\n|-activate|p1a: Walking Wake|ability: Protosynthesis\n|-start|p1a: Walking Wake|protosynthesisspa\n|turn|7\n|\n|t:|1701066334\n|-terastallize|p1a: Walking Wake|Water\n|move|p2a: Kommo-o|Clanging Scales|p1a: Walking Wake\n|-damage|p1a: Walking Wake|0 fnt\n|faint|p1a: Walking Wake\n|-end|p1a: Walking Wake|Protosynthesis|[silent]\n|\n|win|Shinyxk\n|raw|YoungBasil's rating: 1105 &rarr; <strong>1073<\/strong><br \/>(-32 for losing)\n|raw|Shinyxk's rating: 1000 &rarr; <strong>1052<\/strong><br \/>(+52 for winning)\n|l|\u2606YoungBasil\n|c|\u2606Shinyxk|gg\n","uploadtime":1701066342,"views":4,"p1id":"youngbasil","p2id":"shinyxk","formatid":"gen9ou","rating":1052,"private":0,"password":""}