{"id":"gen9ou-1992851597","p1":"eng4","p2":"Champ.Braeden","format":"[Gen 9] OU","log":"|j|\u2606eng4\n|j|\u2606Champ.Braeden\n|t:|1700240969\n|gametype|singles\n|player|p1|eng4|169|1405\n|player|p2|Champ.Braeden|hoopster|1551\n|teamsize|p1|6\n|teamsize|p2|6\n|gen|9\n|tier|[Gen 9] OU\n|rated|\n|rule|Sleep Clause Mod: Limit one foe put to sleep\n|rule|Species Clause: Limit one of each Pok\u00e9mon\n|rule|OHKO Clause: OHKO moves are banned\n|rule|Evasion Items Clause: Evasion items are banned\n|rule|Evasion Moves Clause: Evasion moves are banned\n|rule|Endless Battle Clause: Forcing endless battles is banned\n|rule|HP Percentage Mod: HP is shown in percentages\n|clearpoke\n|poke|p1|Landorus-Therian, M|\n|poke|p1|Walking Wake|\n|poke|p1|Rillaboom, M|\n|poke|p1|Slowking-Galar, F|\n|poke|p1|Cinderace, F|\n|poke|p1|Dragapult, F|\n|poke|p2|Infernape, M|\n|poke|p2|Jolteon, F|\n|poke|p2|Ogerpon-Wellspring, F|\n|poke|p2|Kommo-o, M|\n|poke|p2|Fezandipiti, M|\n|poke|p2|Corviknight, M|\n|teampreview\n|inactive|Battle timer is ON: inactive players will automatically lose when time's up. (requested by eng4)\n|\n|t:|1700240983\n|start\n|switch|p1a: Dragapult|Dragapult, F|100\/100\n|switch|p2a: Ogerpon|Ogerpon-Wellspring, F|100\/100\n|turn|1\n|\n|t:|1700240998\n|switch|p2a: Fezandipiti|Fezandipiti, M|100\/100\n|move|p1a: Dragapult|U-turn|p2a: Fezandipiti\n|-resisted|p2a: Fezandipiti\n|-damage|p2a: Fezandipiti|97\/100\n|\n|t:|1700241014\n|switch|p1a: Slowking|Slowking-Galar, F|100\/100|[from] U-turn\n|\n|-heal|p2a: Fezandipiti|100\/100|[from] item: Leftovers\n|upkeep\n|turn|2\n|\n|t:|1700241024\n|move|p2a: Fezandipiti|Heat Wave|p1a: Slowking\n|-damage|p1a: Slowking|91\/100\n|move|p1a: Slowking|Future Sight|p2a: Fezandipiti\n|-start|p1a: Slowking|move: Future Sight\n|\n|upkeep\n|turn|3\n|\n|t:|1700241028\n|move|p2a: Fezandipiti|Heat Wave|p1a: Slowking\n|-damage|p1a: Slowking|80\/100\n|move|p1a: Slowking|Chilly Reception|p1a: Slowking\n|-weather|Snow\n|\n|t:|1700241045\n|switch|p1a: Cinderace|Cinderace, F|100\/100|[from] Chilly Reception\n|\n|-weather|Snow|[upkeep]\n|upkeep\n|turn|4\n|\n|t:|1700241065\n|-terastallize|p2a: Fezandipiti|Water\n|move|p1a: Cinderace|Pyro Ball|p2a: Fezandipiti\n|-resisted|p2a: Fezandipiti\n|-damage|p2a: Fezandipiti|73\/100\n|move|p2a: Fezandipiti|Roost|p2a: Fezandipiti\n|-heal|p2a: Fezandipiti|100\/100\n|\n|-weather|Snow|[upkeep]\n|-end|p2a: Fezandipiti|move: Future Sight\n|-damage|p2a: Fezandipiti|76\/100\n|-heal|p2a: Fezandipiti|82\/100|[from] item: Leftovers\n|upkeep\n|turn|5\n|\n|t:|1700241087\n|move|p1a: Cinderace|U-turn|p2a: Fezandipiti\n|-start|p1a: Cinderace|typechange|Bug|[from] ability: Libero\n|-damage|p2a: Fezandipiti|49\/100\n|\n|t:|1700241094\n|switch|p1a: Rillaboom|Rillaboom, M|100\/100|[from] U-turn\n|-fieldstart|move: Grassy Terrain|[from] ability: Grassy Surge|[of] p1a: Rillaboom\n|move|p2a: Fezandipiti|Sludge Bomb|p1a: Rillaboom\n|-supereffective|p1a: Rillaboom\n|-damage|p1a: Rillaboom|48\/100\n|-status|p1a: Rillaboom|psn\n|\n|-weather|Snow|[upkeep]\n|-heal|p2a: Fezandipiti|55\/100|[from] Grassy Terrain\n|-heal|p2a: Fezandipiti|61\/100|[from] item: Leftovers\n|-heal|p1a: Rillaboom|54\/100 psn|[from] Grassy Terrain\n|-damage|p1a: Rillaboom|42\/100 psn|[from] psn\n|upkeep\n|turn|6\n|\n|t:|1700241104\n|switch|p2a: Corviknight|Corviknight, M|100\/100\n|-ability|p2a: Corviknight|Pressure\n|move|p1a: Rillaboom|U-turn|p2a: Corviknight\n|-resisted|p2a: Corviknight\n|-damage|p2a: Corviknight|95\/100\n|-damage|p1a: Rillaboom|25\/100 psn|[from] item: Rocky Helmet|[of] p2a: Corviknight\n|\n|t:|1700241117\n|switch|p1a: Dragapult|Dragapult, F|100\/100|[from] U-turn\n|\n|-weather|Snow|[upkeep]\n|upkeep\n|turn|7\n|\n|t:|1700241120\n|move|p1a: Dragapult|Shadow Ball|p2a: Corviknight\n|-damage|p2a: Corviknight|47\/100\n|move|p2a: Corviknight|Roost|p2a: Corviknight\n|-heal|p2a: Corviknight|97\/100\n|-singleturn|p2a: Corviknight|move: Roost\n|\n|-weather|none\n|-heal|p2a: Corviknight|100\/100|[from] Grassy Terrain\n|upkeep\n|turn|8\n|\n|t:|1700241123\n|switch|p2a: Kommo-o|Kommo-o, M|100\/100\n|move|p1a: Dragapult|Shadow Ball|p2a: Kommo-o\n|-immune|p2a: Kommo-o|[from] ability: Bulletproof\n|\n|upkeep\n|turn|9\n|\n|t:|1700241134\n|switch|p1a: Landorus|Landorus-Therian, M|100\/100\n|-ability|p1a: Landorus|Intimidate|boost\n|-unboost|p2a: Kommo-o|atk|1\n|move|p2a: Kommo-o|Clangorous Soul|p2a: Kommo-o\n|-boost|p2a: Kommo-o|atk|1\n|-boost|p2a: Kommo-o|def|1\n|-boost|p2a: Kommo-o|spa|1\n|-boost|p2a: Kommo-o|spd|1\n|-boost|p2a: Kommo-o|spe|1\n|-damage|p2a: Kommo-o|68\/100\n|-enditem|p2a: Kommo-o|Throat Spray\n|-boost|p2a: Kommo-o|spa|1|[from] item: Throat Spray\n|\n|-heal|p2a: Kommo-o|74\/100|[from] Grassy Terrain\n|-fieldend|move: Grassy Terrain\n|upkeep\n|turn|10\n|\n|t:|1700241138\n|move|p2a: Kommo-o|Clanging Scales|p1a: Landorus\n|-damage|p1a: Landorus|0 fnt\n|faint|p1a: Landorus\n|-unboost|p2a: Kommo-o|def|1\n|\n|upkeep\n|\n|t:|1700241148\n|switch|p1a: Slowking|Slowking-Galar, F|100\/100\n|turn|11\n|\n|t:|1700241158\n|-terastallize|p1a: Slowking|Fairy\n|move|p2a: Kommo-o|Clanging Scales|p1a: Slowking\n|-immune|p1a: Slowking\n|move|p1a: Slowking|Future Sight|p2a: Kommo-o\n|-start|p1a: Slowking|move: Future Sight\n|\n|upkeep\n|turn|12\n|\n|t:|1700241163\n|move|p2a: Kommo-o|Flash Cannon|p1a: Slowking\n|-supereffective|p1a: Slowking\n|-damage|p1a: Slowking|45\/100\n|move|p1a: Slowking|Toxic|p2a: Kommo-o|[miss]\n|-miss|p1a: Slowking|p2a: Kommo-o\n|\n|upkeep\n|turn|13\n|\n|t:|1700241176\n|move|p2a: Kommo-o|Clanging Scales|p1a: Slowking\n|-immune|p1a: Slowking\n|move|p1a: Slowking|Chilly Reception|p1a: Slowking\n|-weather|Snow\n|\n|t:|1700241186\n|switch|p1a: Rillaboom|Rillaboom, M|25\/100 psn|[from] Chilly Reception\n|-fieldstart|move: Grassy Terrain|[from] ability: Grassy Surge|[of] p1a: Rillaboom\n|\n|-weather|Snow|[upkeep]\n|-end|p2a: Kommo-o|move: Future Sight\n|-supereffective|p2a: Kommo-o\n|-damage|p2a: Kommo-o|7\/100\n|-heal|p2a: Kommo-o|13\/100|[from] Grassy Terrain\n|-heal|p1a: Rillaboom|31\/100 psn|[from] Grassy Terrain\n|-damage|p1a: Rillaboom|19\/100 psn|[from] psn\n|upkeep\n|turn|14\n|\n|t:|1700241194\n|move|p1a: Rillaboom|Grassy Glide|p2a: Kommo-o\n|-resisted|p2a: Kommo-o\n|-damage|p2a: Kommo-o|0 fnt\n|faint|p2a: Kommo-o\n|\n|-weather|Snow|[upkeep]\n|-heal|p1a: Rillaboom|25\/100 psn|[from] Grassy Terrain\n|-damage|p1a: Rillaboom|13\/100 psn|[from] psn\n|upkeep\n|\n|t:|1700241199\n|switch|p2a: Corviknight|Corviknight, M|100\/100\n|-ability|p2a: Corviknight|Pressure\n|turn|15\n|inactive|eng4 has 120 seconds left.\n|inactive|eng4 has 90 seconds left.\n|\n|t:|1700241271\n|switch|p1a: Walking Wake|Walking Wake|100\/100\n|move|p2a: Corviknight|U-turn|p1a: Walking Wake\n|-damage|p1a: Walking Wake|85\/100\n|\n|t:|1700241275\n|switch|p2a: Fezandipiti|Fezandipiti, M, tera:Water|61\/100|[from] U-turn\n|\n|-weather|Snow|[upkeep]\n|-heal|p1a: Walking Wake|91\/100|[from] Grassy Terrain\n|-heal|p2a: Fezandipiti|67\/100|[from] Grassy Terrain\n|-heal|p2a: Fezandipiti|73\/100|[from] item: Leftovers\n|upkeep\n|turn|16\n|inactive|eng4 has 90 seconds left.\n|\n|t:|1700241298\n|-end|p1a: Walking Wake|Protosynthesis|[silent]\n|switch|p1a: Slowking|Slowking-Galar, F, tera:Fairy|78\/100\n|move|p2a: Fezandipiti|Roost|p2a: Fezandipiti\n|-heal|p2a: Fezandipiti|100\/100\n|\n|-weather|Snow|[upkeep]\n|-heal|p1a: Slowking|85\/100|[from] Grassy Terrain\n|upkeep\n|turn|17\n|\n|t:|1700241300\n|move|p2a: Fezandipiti|Sludge Bomb|p1a: Slowking\n|-supereffective|p1a: Slowking\n|-damage|p1a: Slowking|54\/100\n|move|p1a: Slowking|Toxic|p2a: Fezandipiti\n|-status|p2a: Fezandipiti|tox\n|\n|-weather|none\n|-heal|p1a: Slowking|60\/100|[from] Grassy Terrain\n|-damage|p2a: Fezandipiti|94\/100 tox|[from] psn\n|-fieldend|move: Grassy Terrain\n|upkeep\n|turn|18\n|inactive|eng4 has 90 seconds left.\n|\n|t:|1700241308\n|move|p2a: Fezandipiti|Sludge Bomb|p1a: Slowking\n|-supereffective|p1a: Slowking\n|-damage|p1a: Slowking|31\/100\n|-status|p1a: Slowking|tox|[from] ability: Toxic Chain|[of] p2a: Fezandipiti\n|move|p1a: Slowking|Chilly Reception|p1a: Slowking\n|-weather|Snow\n|inactive|eng4 has 90 seconds left.\n|\n|t:|1700241318\n|switch|p1a: Cinderace|Cinderace, F|100\/100|[from] Chilly Reception\n|\n|-weather|Snow|[upkeep]\n|-heal|p2a: Fezandipiti|100\/100 tox|[from] item: Leftovers\n|-damage|p2a: Fezandipiti|88\/100 tox|[from] psn\n|upkeep\n|turn|19\n|\n|t:|1700241328\n|switch|p2a: Corviknight|Corviknight, M|100\/100\n|-ability|p2a: Corviknight|Pressure\n|move|p1a: Cinderace|U-turn|p2a: Corviknight\n|-start|p1a: Cinderace|typechange|Bug|[from] ability: Libero\n|-resisted|p2a: Corviknight\n|-damage|p2a: Corviknight|96\/100\n|-damage|p1a: Cinderace|84\/100|[from] item: Rocky Helmet|[of] p2a: Corviknight\n|inactive|eng4 has 90 seconds left.\n|\n|t:|1700241342\n|switch|p1a: Walking Wake|Walking Wake|91\/100|[from] U-turn\n|\n|-weather|Snow|[upkeep]\n|upkeep\n|turn|20\n|\n|t:|1700241348\n|switch|p2a: Ogerpon|Ogerpon-Wellspring, F|100\/100\n|move|p1a: Walking Wake|Flamethrower|p2a: Ogerpon\n|-damage|p2a: Ogerpon|48\/100\n|-status|p2a: Ogerpon|brn\n|\n|-weather|Snow|[upkeep]\n|-damage|p2a: Ogerpon|42\/100 brn|[from] brn\n|upkeep\n|turn|21\n|\n|t:|1700241362\n|-end|p1a: Walking Wake|Protosynthesis|[silent]\n|switch|p1a: Dragapult|Dragapult, F|100\/100\n|move|p2a: Ogerpon|Power Whip|p1a: Dragapult\n|-resisted|p1a: Dragapult\n|-damage|p1a: Dragapult|74\/100\n|\n|-weather|Snow|[upkeep]\n|-damage|p2a: Ogerpon|36\/100 brn|[from] brn\n|upkeep\n|turn|22\n|\n|t:|1700241369\n|move|p1a: Dragapult|U-turn|p2a: Ogerpon\n|-supereffective|p2a: Ogerpon\n|-damage|p2a: Ogerpon|0 fnt\n|faint|p2a: Ogerpon\n|\n|t:|1700241382\n|switch|p1a: Walking Wake|Walking Wake|91\/100|[from] U-turn\n|\n|-weather|none\n|upkeep\n|\n|t:|1700241386\n|switch|p2a: Sundaye|Jolteon, F|100\/100\n|turn|23\n|\n|t:|1700241401\n|move|p2a: Sundaye|Thunderbolt|p1a: Walking Wake\n|-damage|p1a: Walking Wake|21\/100\n|move|p1a: Walking Wake|Draco Meteor|p2a: Sundaye|[miss]\n|-miss|p1a: Walking Wake|p2a: Sundaye\n|\n|upkeep\n|turn|24\n|\n|t:|1700241408\n|-end|p1a: Walking Wake|Protosynthesis|[silent]\n|switch|p1a: Slowking|Slowking-Galar, F, tera:Fairy|64\/100 tox\n|move|p2a: Sundaye|Thunderbolt|p1a: Slowking\n|-damage|p1a: Slowking|29\/100 tox\n|\n|-damage|p1a: Slowking|23\/100 tox|[from] psn\n|upkeep\n|turn|25\n|\n|t:|1700241414\n|move|p2a: Sundaye|Thunderbolt|p1a: Slowking\n|-damage|p1a: Slowking|0 fnt\n|faint|p1a: Slowking\n|\n|upkeep\n|\n|t:|1700241423\n|switch|p1a: Dragapult|Dragapult, F|74\/100\n|turn|26\n|inactive|eng4 has 120 seconds left.\n|\n|t:|1700241433\n|switch|p2a: Fezandipiti|Fezandipiti, M, tera:Water|88\/100 tox\n|move|p1a: Dragapult|Shadow Ball|p2a: Fezandipiti\n|-damage|p2a: Fezandipiti|57\/100 tox\n|\n|-heal|p2a: Fezandipiti|63\/100 tox|[from] item: Leftovers\n|-damage|p2a: Fezandipiti|57\/100 tox|[from] psn\n|upkeep\n|turn|27\n|\n|t:|1700241442\n|switch|p1a: Cinderace|Cinderace, F|84\/100\n|move|p2a: Fezandipiti|Moonblast|p1a: Cinderace\n|-resisted|p1a: Cinderace\n|-crit|p1a: Cinderace\n|-damage|p1a: Cinderace|55\/100\n|-unboost|p1a: Cinderace|spa|1\n|-status|p1a: Cinderace|tox|[from] ability: Toxic Chain|[of] p2a: Fezandipiti\n|\n|-heal|p2a: Fezandipiti|63\/100 tox|[from] item: Leftovers\n|-damage|p1a: Cinderace|49\/100 tox|[from] psn\n|-damage|p2a: Fezandipiti|51\/100 tox|[from] psn\n|upkeep\n|turn|28\n|\n|t:|1700241461\n|switch|p2a: Infernape|Infernape, M|100\/100\n|move|p1a: Cinderace|U-turn|p2a: Infernape\n|-start|p1a: Cinderace|typechange|Bug|[from] ability: Libero\n|-resisted|p2a: Infernape\n|-damage|p2a: Infernape|87\/100\n|\n|t:|1700241466\n|switch|p1a: Walking Wake|Walking Wake|21\/100|[from] U-turn\n|\n|upkeep\n|turn|29\n|\n|t:|1700241471\n|move|p2a: Infernape|Mach Punch|p1a: Walking Wake\n|-damage|p1a: Walking Wake|0 fnt\n|faint|p1a: Walking Wake\n|-end|p1a: Walking Wake|Protosynthesis|[silent]\n|-damage|p2a: Infernape|77\/100|[from] item: Life Orb\n|\n|upkeep\n|\n|t:|1700241473\n|switch|p1a: Dragapult|Dragapult, F|74\/100\n|turn|30\n|\n|t:|1700241479\n|move|p1a: Dragapult|Shadow Ball|p2a: Infernape\n|-crit|p2a: Infernape\n|-damage|p2a: Infernape|0 fnt\n|faint|p2a: Infernape\n|\n|upkeep\n|\n|t:|1700241494\n|switch|p2a: Sundaye|Jolteon, F|100\/100\n|turn|31\n|\n|t:|1700241504\n|move|p1a: Dragapult|Shadow Ball|p2a: Sundaye\n|-damage|p2a: Sundaye|38\/100\n|move|p2a: Sundaye|Shadow Ball|p1a: Dragapult\n|-supereffective|p1a: Dragapult\n|-damage|p1a: Dragapult|0 fnt\n|faint|p1a: Dragapult\n|\n|upkeep\n|\n|t:|1700241511\n|switch|p1a: Cinderace|Cinderace, F|49\/100 tox\n|turn|32\n|\n|t:|1700241514\n|move|p1a: Cinderace|Sucker Punch|p2a: Sundaye\n|-start|p1a: Cinderace|typechange|Dark|[from] ability: Libero\n|-damage|p2a: Sundaye|0 fnt\n|faint|p2a: Sundaye\n|\n|-damage|p1a: Cinderace|43\/100 tox|[from] psn\n|upkeep\n|\n|t:|1700241519\n|switch|p2a: Fezandipiti|Fezandipiti, M, tera:Water|51\/100 tox\n|turn|33\n|\n|t:|1700241535\n|move|p1a: Cinderace|Sucker Punch||[still]\n|-fail|p1a: Cinderace\n|move|p2a: Fezandipiti|Roost|p2a: Fezandipiti\n|-heal|p2a: Fezandipiti|100\/100 tox\n|\n|-damage|p1a: Cinderace|31\/100 tox|[from] psn\n|-damage|p2a: Fezandipiti|94\/100 tox|[from] psn\n|upkeep\n|turn|34\n|\n|t:|1700241538\n|move|p1a: Cinderace|Sucker Punch|p2a: Fezandipiti\n|-damage|p2a: Fezandipiti|60\/100 tox\n|move|p2a: Fezandipiti|Sludge Bomb|p1a: Cinderace\n|-damage|p1a: Cinderace|0 fnt\n|faint|p1a: Cinderace\n|\n|-heal|p2a: Fezandipiti|66\/100 tox|[from] item: Leftovers\n|-damage|p2a: Fezandipiti|54\/100 tox|[from] psn\n|upkeep\n|\n|t:|1700241540\n|switch|p1a: Rillaboom|Rillaboom, M|13\/100 psn\n|-fieldstart|move: Grassy Terrain|[from] ability: Grassy Surge|[of] p1a: Rillaboom\n|turn|35\n|\n|t:|1700241542\n|move|p2a: Fezandipiti|Sludge Bomb|p1a: Rillaboom\n|-supereffective|p1a: Rillaboom\n|-damage|p1a: Rillaboom|0 fnt\n|faint|p1a: Rillaboom\n|\n|win|Champ.Braeden\n|raw|eng4's rating: 1405 &rarr; <strong>1393<\/strong><br \/>(-12 for losing)\n|raw|Champ.Braeden's rating: 1551 &rarr; <strong>1563<\/strong><br \/>(+12 for winning)\n|c|\u2606Champ.Braeden|Gg\n|l|\u2606eng4\n|j|\u2606eng4\n|player|p1|eng4|169\n|c|\u2606eng4|gg\n","uploadtime":1700241553,"views":19,"p1id":"eng4","p2id":"champbraeden","formatid":"gen9ou","rating":1393,"private":0,"password":""}