{"id":"gen9ou-1989948111","p1":"Mista_Meaty","p2":"DC Pokay","format":"[Gen 9] OU","log":"|j|\u2606Mista_Meaty\n|j|\u2606DC Pokay\n|t:|1699909265\n|gametype|singles\n|player|p1|Mista_Meaty|hiker-gen4|1203\n|player|p2|DC Pokay|marlon|1186\n|teamsize|p1|6\n|teamsize|p2|6\n|gen|9\n|tier|[Gen 9] OU\n|rated|\n|rule|Sleep Clause Mod: Limit one foe put to sleep\n|rule|Species Clause: Limit one of each Pok\u00e9mon\n|rule|OHKO Clause: OHKO moves are banned\n|rule|Evasion Items Clause: Evasion items are banned\n|rule|Evasion Moves Clause: Evasion moves are banned\n|rule|Endless Battle Clause: Forcing endless battles is banned\n|rule|HP Percentage Mod: HP is shown in percentages\n|clearpoke\n|poke|p1|Glimmora, F|\n|poke|p1|Gholdengo|\n|poke|p1|Ogerpon-Wellspring, F|\n|poke|p1|Iron Moth|\n|poke|p1|Great Tusk|\n|poke|p1|Hatterene, F|\n|poke|p2|Iron Moth|\n|poke|p2|Kommo-o, F|\n|poke|p2|Ninetales-Alola, M|\n|poke|p2|Hatterene, F|\n|poke|p2|Kingambit, M|\n|poke|p2|Great Tusk|\n|teampreview\n|inactive|Battle timer is ON: inactive players will automatically lose when time's up. (requested by Mista_Meaty)\n|\n|t:|1699909313\n|start\n|switch|p1a: Onion|Glimmora, F, shiny|100\/100\n|switch|p2a: Ninetales|Ninetales-Alola, M|100\/100\n|-weather|Snow|[from] ability: Snow Warning|[of] p2a: Ninetales\n|turn|1\n|\n|t:|1699909327\n|move|p2a: Ninetales|Hypnosis|p1a: Onion|[miss]\n|-miss|p2a: Ninetales|p1a: Onion\n|move|p1a: Onion|Sludge Wave|p2a: Ninetales\n|-supereffective|p2a: Ninetales\n|-damage|p2a: Ninetales|0 fnt\n|faint|p2a: Ninetales\n|\n|-weather|Snow|[upkeep]\n|upkeep\n|\n|t:|1699909339\n|switch|p2a: Great Tusk|Great Tusk|100\/100\n|-enditem|p2a: Great Tusk|Booster Energy\n|-activate|p2a: Great Tusk|ability: Protosynthesis|[fromitem]\n|-start|p2a: Great Tusk|protosynthesisatk\n|turn|2\n|\n|t:|1699909364\n|move|p2a: Great Tusk|Rapid Spin|p1a: Onion\n|-resisted|p1a: Onion\n|-damage|p1a: Onion|86\/100\n|-boost|p2a: Great Tusk|spe|1\n|move|p1a: Onion|Toxic|p2a: Great Tusk\n|-status|p2a: Great Tusk|tox\n|\n|-weather|Snow|[upkeep]\n|-heal|p1a: Onion|93\/100|[from] item: Black Sludge\n|-damage|p2a: Great Tusk|94\/100 tox|[from] psn\n|upkeep\n|turn|3\n|\n|t:|1699909375\n|switch|p1a: Look at this Dude|Gholdengo|100\/100\n|-item|p1a: Look at this Dude|Air Balloon\n|move|p2a: Great Tusk|Headlong Rush|p1a: Look at this Dude\n|-immune|p1a: Look at this Dude\n|\n|-weather|Snow|[upkeep]\n|-damage|p2a: Great Tusk|82\/100 tox|[from] psn\n|upkeep\n|turn|4\n|inactive|Mista_Meaty has 120 seconds left.\n|c|\u2606Mista_Meaty|boost speed run bulk up its superioir\n|c|\u2606Mista_Meaty|i spelled that wrong but u know what i mean\n|\n|t:|1699909411\n|-end|p2a: Great Tusk|Protosynthesis|[silent]\n|switch|p2a: Kingambit|Kingambit, M|100\/100\n|-activate|p2a: Kingambit|ability: Supreme Overlord\n|-start|p2a: Kingambit|fallen1|[silent]\n|move|p1a: Look at this Dude|Nasty Plot|p1a: Look at this Dude\n|-boost|p1a: Look at this Dude|spa|2\n|\n|-weather|Snow|[upkeep]\n|upkeep\n|turn|5\n|inactive|DC Pokay has 120 seconds left.\n|\n|t:|1699909446\n|-end|p2a: Kingambit|fallen1|[silent]\n|switch|p2a: Iron Moth|Iron Moth|100\/100\n|-enditem|p2a: Iron Moth|Booster Energy\n|-activate|p2a: Iron Moth|ability: Quark Drive|[fromitem]\n|-start|p2a: Iron Moth|quarkdrivespe\n|-terastallize|p1a: Look at this Dude|Fighting\n|move|p1a: Look at this Dude|Focus Blast|p2a: Iron Moth|[miss]\n|-miss|p1a: Look at this Dude|p2a: Iron Moth\n|\n|-weather|none\n|upkeep\n|turn|6\n|inactive|Mista_Meaty has 90 seconds left.\n|\n|t:|1699909469\n|move|p2a: Iron Moth|Dazzling Gleam|p1a: Look at this Dude\n|-supereffective|p1a: Look at this Dude\n|-damage|p1a: Look at this Dude|42\/100\n|-enditem|p1a: Look at this Dude|Air Balloon\n|move|p1a: Look at this Dude|Shadow Ball|p2a: Iron Moth\n|-damage|p2a: Iron Moth|12\/100\n|-unboost|p2a: Iron Moth|spd|1\n|\n|upkeep\n|turn|7\n|inactive|Mista_Meaty has 90 seconds left.\n|\n|t:|1699909493\n|switch|p1a: Grass Karate|Ogerpon-Wellspring, F|100\/100\n|move|p2a: Iron Moth|Fiery Dance|p1a: Grass Karate\n|-damage|p1a: Grass Karate|53\/100\n|-boost|p2a: Iron Moth|spa|1\n|\n|upkeep\n|turn|8\n|\n|t:|1699909507\n|switch|p1a: Onion|Glimmora, F, shiny|93\/100\n|move|p2a: Iron Moth|Sludge Wave|p1a: Onion\n|-resisted|p1a: Onion\n|-crit|p1a: Onion\n|-damage|p1a: Onion|58\/100\n|\n|-heal|p1a: Onion|64\/100|[from] item: Black Sludge\n|upkeep\n|turn|9\n|\n|t:|1699909520\n|-terastallize|p2a: Iron Moth|Water\n|move|p2a: Iron Moth|Tera Blast|p1a: Onion|[anim] Tera Blast Water\n|-supereffective|p1a: Onion\n|-damage|p1a: Onion|0 fnt\n|faint|p1a: Onion\n|\n|upkeep\n|\n|t:|1699909529\n|switch|p1a: Grass Karate|Ogerpon-Wellspring, F|53\/100\n|turn|10\n|inactive|Mista_Meaty has 90 seconds left.\n|\n|t:|1699909537\n|move|p2a: Iron Moth|Sludge Wave|p1a: Grass Karate\n|-supereffective|p1a: Grass Karate\n|-damage|p1a: Grass Karate|0 fnt\n|faint|p1a: Grass Karate\n|\n|upkeep\n|inactive|Mista_Meaty has 90 seconds left.\n|\n|t:|1699909553\n|switch|p1a: Hat|Hatterene, F|100\/100\n|turn|11\n|\n|t:|1699909565\n|move|p2a: Iron Moth|Sludge Wave|p1a: Hat\n|-supereffective|p1a: Hat\n|-damage|p1a: Hat|0 fnt\n|faint|p1a: Hat\n|\n|upkeep\n|c|\u2606Mista_Meaty|prolly gg\n|c|\u2606Mista_Meaty|yup\n|c|\u2606Mista_Meaty|gg\n|-message|Mista_Meaty forfeited.\n|\n|win|DC Pokay\n|raw|Mista_Meaty's rating: 1203 &rarr; <strong>1177<\/strong><br \/>(-26 for losing)\n|raw|DC Pokay's rating: 1186 &rarr; <strong>1212<\/strong><br \/>(+26 for winning)\n|l|\u2606Mista_Meaty\n|c|\u2606DC Pokay|gg\n","uploadtime":1699909584,"views":8,"p1id":"mistameaty","p2id":"dcpokay","formatid":"gen9ou","rating":1177,"private":0,"password":""}