{"id":"gen9ou-1995728020","p1":"fregene97","p2":"dagger4275","format":"[Gen 9] OU","log":"|j|\u2606fregene97\n|j|\u2606dagger4275\n|t:|1700597605\n|gametype|singles\n|player|p1|fregene97|harlequin|1015\n|player|p2|dagger4275|fisherman-gen4|1000\n|teamsize|p1|6\n|teamsize|p2|6\n|gen|9\n|tier|[Gen 9] OU\n|rated|\n|rule|Sleep Clause Mod: Limit one foe put to sleep\n|rule|Species Clause: Limit one of each Pok\u00e9mon\n|rule|OHKO Clause: OHKO moves are banned\n|rule|Evasion Items Clause: Evasion items are banned\n|rule|Evasion Moves Clause: Evasion moves are banned\n|rule|Endless Battle Clause: Forcing endless battles is banned\n|rule|HP Percentage Mod: HP is shown in percentages\n|clearpoke\n|poke|p1|Samurott-Hisui, F|\n|poke|p1|Great Tusk|\n|poke|p1|Kingambit, F|\n|poke|p1|Iron Moth|\n|poke|p1|Hoopa-Unbound|\n|poke|p1|Tornadus-Therian, M|\n|poke|p2|Noivern, F|\n|poke|p2|Infernape, M|\n|poke|p2|Empoleon, M|\n|poke|p2|Yanmega, M|\n|poke|p2|Clodsire, M|\n|poke|p2|Brambleghast, M|\n|teampreview\n|inactive|Battle timer is ON: inactive players will automatically lose when time's up. (requested by dagger4275)\n|\n|t:|1700597633\n|start\n|switch|p1a: Vantablack|Iron Moth, shiny|100\/100\n|switch|p2a: Infernape|Infernape, M|100\/100\n|turn|1\n|\n|t:|1700597642\n|switch|p2a: Clodsire|Clodsire, M, shiny|100\/100\n|move|p1a: Vantablack|Fiery Dance|p2a: Clodsire\n|-damage|p2a: Clodsire|77\/100\n|\n|-heal|p2a: Clodsire|83\/100|[from] item: Leftovers\n|upkeep\n|turn|2\n|\n|t:|1700597647\n|-terastallize|p1a: Vantablack|Fairy\n|move|p1a: Vantablack|Sludge Wave|p2a: Clodsire\n|-resisted|p2a: Clodsire\n|-damage|p2a: Clodsire|76\/100\n|move|p2a: Clodsire|Earthquake|p1a: Vantablack\n|-damage|p1a: Vantablack|57\/100\n|\n|-heal|p2a: Clodsire|83\/100|[from] item: Leftovers\n|upkeep\n|turn|3\n|\n|t:|1700597653\n|move|p1a: Vantablack|Toxic Spikes|p2a: Clodsire\n|-sidestart|p2: dagger4275|move: Toxic Spikes\n|move|p2a: Clodsire|Gunk Shot|p1a: Vantablack\n|-supereffective|p1a: Vantablack\n|-damage|p1a: Vantablack|0 fnt\n|faint|p1a: Vantablack\n|-end|p1a: Vantablack|Quark Drive|[silent]\n|\n|-heal|p2a: Clodsire|89\/100|[from] item: Leftovers\n|upkeep\n|\n|t:|1700597655\n|switch|p1a: Walter Tevis|Kingambit, F, shiny|100\/100\n|-activate|p1a: Walter Tevis|ability: Supreme Overlord\n|-start|p1a: Walter Tevis|fallen1|[silent]\n|turn|4\n|\n|t:|1700597658\n|switch|p2a: Empoleon|Empoleon, M|100\/100\n|move|p1a: Walter Tevis|Swords Dance|p1a: Walter Tevis\n|-boost|p1a: Walter Tevis|atk|2\n|\n|upkeep\n|turn|5\n|\n|t:|1700597662\n|move|p2a: Empoleon|Hydro Pump|p1a: Walter Tevis\n|-damage|p1a: Walter Tevis|48\/100\n|move|p1a: Walter Tevis|Kowtow Cleave|p2a: Empoleon\n|-damage|p2a: Empoleon|0 fnt\n|faint|p2a: Empoleon\n|\n|-heal|p1a: Walter Tevis|54\/100|[from] item: Leftovers\n|upkeep\n|\n|t:|1700597667\n|switch|p2a: Clodsire|Clodsire, M, shiny|89\/100\n|-sideend|p2: dagger4275|move: Toxic Spikes|[of] p2a: Clodsire\n|turn|6\n|\n|t:|1700597677\n|move|p1a: Walter Tevis|Kowtow Cleave|p2a: Clodsire\n|-damage|p2a: Clodsire|30\/100\n|move|p2a: Clodsire|Earthquake|p1a: Walter Tevis\n|-supereffective|p1a: Walter Tevis\n|-damage|p1a: Walter Tevis|11\/100\n|\n|-heal|p1a: Walter Tevis|17\/100|[from] item: Leftovers\n|-heal|p2a: Clodsire|36\/100|[from] item: Leftovers\n|upkeep\n|turn|7\n|\n|t:|1700597680\n|move|p1a: Walter Tevis|Sucker Punch||[still]\n|-fail|p1a: Walter Tevis\n|move|p2a: Clodsire|Recover|p2a: Clodsire\n|-heal|p2a: Clodsire|86\/100\n|\n|-heal|p1a: Walter Tevis|23\/100|[from] item: Leftovers\n|-heal|p2a: Clodsire|92\/100|[from] item: Leftovers\n|upkeep\n|turn|8\n|\n|t:|1700597683\n|move|p1a: Walter Tevis|Kowtow Cleave|p2a: Clodsire\n|-damage|p2a: Clodsire|34\/100\n|move|p2a: Clodsire|Earthquake|p1a: Walter Tevis\n|-supereffective|p1a: Walter Tevis\n|-damage|p1a: Walter Tevis|0 fnt\n|faint|p1a: Walter Tevis\n|-end|p1a: Walter Tevis|fallen1|[silent]\n|\n|-heal|p2a: Clodsire|40\/100|[from] item: Leftovers\n|upkeep\n|\n|t:|1700597689\n|switch|p1a: Nezha|Hoopa-Unbound|100\/100\n|turn|9\n|\n|t:|1700597705\n|switch|p2a: Infernape|Infernape, M|100\/100\n|move|p1a: Nezha|Psyshock|p2a: Infernape\n|-supereffective|p2a: Infernape\n|-damage|p2a: Infernape|0 fnt\n|faint|p2a: Infernape\n|\n|upkeep\n|\n|t:|1700597710\n|switch|p2a: Yanmega|Yanmega, M|100\/100\n|turn|10\n|\n|t:|1700597715\n|move|p2a: Yanmega|Bug Buzz|p1a: Nezha\n|-supereffective|p1a: Nezha\n|-damage|p1a: Nezha|0 fnt\n|faint|p1a: Nezha\n|-damage|p2a: Yanmega|91\/100|[from] item: Life Orb\n|\n|-ability|p2a: Yanmega|Speed Boost|boost\n|-boost|p2a: Yanmega|spe|1\n|upkeep\n|\n|t:|1700597718\n|switch|p1a: Sekiro|Samurott-Hisui, F, shiny|100\/100\n|turn|11\n|\n|t:|1700597723\n|move|p2a: Yanmega|Bug Buzz|p1a: Sekiro\n|-supereffective|p1a: Sekiro\n|-damage|p1a: Sekiro|0 fnt\n|faint|p1a: Sekiro\n|-damage|p2a: Yanmega|81\/100|[from] item: Life Orb\n|\n|-ability|p2a: Yanmega|Speed Boost|boost\n|-boost|p2a: Yanmega|spe|1\n|upkeep\n|\n|t:|1700597726\n|switch|p1a: Birb|Tornadus-Therian, M, shiny|100\/100\n|turn|12\n|\n|t:|1700597731\n|switch|p2a: Clodsire|Clodsire, M, shiny|40\/100\n|move|p1a: Birb|Icy Wind|p2a: Clodsire\n|-supereffective|p2a: Clodsire\n|-damage|p2a: Clodsire|25\/100\n|-unboost|p2a: Clodsire|spe|1\n|\n|-heal|p2a: Clodsire|31\/100|[from] item: Leftovers\n|upkeep\n|turn|13\n|\n|t:|1700597747\n|move|p1a: Birb|Bleakwind Storm|p2a: Clodsire|[miss]\n|-miss|p1a: Birb|p2a: Clodsire\n|move|p2a: Clodsire|Recover|p2a: Clodsire\n|-heal|p2a: Clodsire|81\/100\n|\n|-heal|p2a: Clodsire|88\/100|[from] item: Leftovers\n|upkeep\n|turn|14\n|\n|t:|1700597752\n|move|p1a: Birb|Bleakwind Storm|p2a: Clodsire\n|-damage|p2a: Clodsire|68\/100\n|-unboost|p2a: Clodsire|spe|1\n|move|p2a: Clodsire|Toxic Spikes|p1a: Birb\n|-sidestart|p1: fregene97|move: Toxic Spikes\n|\n|-heal|p2a: Clodsire|74\/100|[from] item: Leftovers\n|upkeep\n|turn|15\n|\n|t:|1700597755\n|switch|p1a: Dumbo|Great Tusk, shiny|100\/100\n|-status|p1a: Dumbo|psn\n|move|p2a: Clodsire|Toxic Spikes|p1a: Dumbo\n|-sidestart|p1: fregene97|move: Toxic Spikes\n|\n|-heal|p2a: Clodsire|80\/100|[from] item: Leftovers\n|-damage|p1a: Dumbo|88\/100 psn|[from] psn\n|upkeep\n|turn|16\n|\n|t:|1700597761\n|switch|p2a: Yanmega|Yanmega, M|81\/100\n|move|p1a: Dumbo|Earthquake|p2a: Yanmega\n|-immune|p2a: Yanmega\n|\n|-heal|p1a: Dumbo|94\/100 psn|[from] item: Leftovers\n|-damage|p1a: Dumbo|82\/100 psn|[from] psn\n|upkeep\n|turn|17\n|\n|t:|1700597770\n|move|p2a: Yanmega|Air Slash|p1a: Dumbo\n|-supereffective|p1a: Dumbo\n|-damage|p1a: Dumbo|0 fnt\n|faint|p1a: Dumbo\n|-end|p1a: Dumbo|Protosynthesis|[silent]\n|-damage|p2a: Yanmega|71\/100|[from] item: Life Orb\n|\n|-ability|p2a: Yanmega|Speed Boost|boost\n|-boost|p2a: Yanmega|spe|1\n|upkeep\n|\n|t:|1700597773\n|switch|p1a: Birb|Tornadus-Therian, M, shiny|100\/100\n|turn|18\n|\n|t:|1700597778\n|move|p2a: Yanmega|Air Slash|p1a: Birb\n|-damage|p1a: Birb|68\/100\n|-damage|p2a: Yanmega|61\/100|[from] item: Life Orb\n|move|p1a: Birb|Heat Wave|p2a: Yanmega\n|-supereffective|p2a: Yanmega\n|-damage|p2a: Yanmega|0 fnt\n|faint|p2a: Yanmega\n|\n|upkeep\n|\n|t:|1700597782\n|switch|p2a: Noivern|Noivern, F|100\/100\n|turn|19\n|\n|t:|1700597787\n|move|p2a: Noivern|Draco Meteor|p1a: Birb\n|-damage|p1a: Birb|21\/100\n|-unboost|p2a: Noivern|spa|2\n|-damage|p2a: Noivern|91\/100|[from] item: Life Orb\n|move|p1a: Birb|Icy Wind|p2a: Noivern\n|-supereffective|p2a: Noivern\n|-damage|p2a: Noivern|22\/100\n|-unboost|p2a: Noivern|spe|1\n|\n|upkeep\n|turn|20\n|\n|t:|1700597791\n|move|p1a: Birb|Bleakwind Storm|p2a: Noivern|[miss]\n|-miss|p1a: Birb|p2a: Noivern\n|move|p2a: Noivern|Draco Meteor|p1a: Birb\n|-damage|p1a: Birb|0 fnt\n|-unboost|p2a: Noivern|spa|2\n|faint|p1a: Birb\n|-damage|p2a: Noivern|12\/100|[from] item: Life Orb\n|\n|win|dagger4275\n|raw|fregene97's rating: 1015 &rarr; <strong>1002<\/strong><br \/>(-13 for losing)\n|raw|dagger4275's rating: 1000 &rarr; <strong>1042<\/strong><br \/>(+42 for winning)\n","uploadtime":1700597798,"views":0,"p1id":"fregene97","p2id":"dagger4275","formatid":"gen9ou","rating":1002,"private":0,"password":""}