{"id":"gen9ou-1992486042","p1":"Gamen","p2":"liaoya","format":"[Gen 9] OU","log":"|j|\u2606Gamen\n|j|\u2606liaoya\n|t:|1700193597\n|gametype|singles\n|player|p1|Gamen|tuber|1542\n|player|p2|liaoya|petrel|1568\n|teamsize|p1|6\n|teamsize|p2|6\n|gen|9\n|tier|[Gen 9] OU\n|rated|\n|rule|Sleep Clause Mod: Limit one foe put to sleep\n|rule|Species Clause: Limit one of each Pok\u00e9mon\n|rule|OHKO Clause: OHKO moves are banned\n|rule|Evasion Items Clause: Evasion items are banned\n|rule|Evasion Moves Clause: Evasion moves are banned\n|rule|Endless Battle Clause: Forcing endless battles is banned\n|rule|HP Percentage Mod: HP is shown in percentages\n|clearpoke\n|poke|p1|Sneasler, M|\n|poke|p1|Enamorus, F|\n|poke|p1|Garganacl, F|\n|poke|p1|Iron Valiant|\n|poke|p1|Rillaboom, M|\n|poke|p1|Gholdengo|\n|poke|p2|Drifblim, M|\n|poke|p2|Garganacl, F|\n|poke|p2|Umbreon, F|\n|poke|p2|Rotom-Wash|\n|poke|p2|Glimmora, M|\n|poke|p2|Espeon, M|\n|teampreview\n|inactive|Battle timer is ON: inactive players will automatically lose when time's up. (requested by Gamen)\n|\n|t:|1700193612\n|start\n|switch|p1a: Gholdengo|Gholdengo|100\/100\n|switch|p2a: Rotom|Rotom-Wash|100\/100\n|-item|p1a: Gholdengo|Air Balloon\n|turn|1\n|\n|t:|1700193619\n|move|p2a: Rotom|Hydro Pump|p1a: Gholdengo\n|-damage|p1a: Gholdengo|41\/100\n|-enditem|p1a: Gholdengo|Air Balloon\n|move|p1a: Gholdengo|Nasty Plot|p1a: Gholdengo\n|-boost|p1a: Gholdengo|spa|2\n|\n|upkeep\n|turn|2\n|\n|t:|1700193630\n|move|p2a: Rotom|Hydro Pump|p1a: Gholdengo\n|-damage|p1a: Gholdengo|0 fnt\n|faint|p1a: Gholdengo\n|\n|upkeep\n|\n|t:|1700193637\n|switch|p1a: Rillaboom|Rillaboom, M|100\/100\n|-fieldstart|move: Grassy Terrain|[from] ability: Grassy Surge|[of] p1a: Rillaboom\n|turn|3\n|j| FatherSuperior7\n|\n|t:|1700193659\n|switch|p2a: Umbreon|Umbreon, F, shiny|100\/100\n|move|p1a: Rillaboom|Swords Dance|p1a: Rillaboom\n|-boost|p1a: Rillaboom|atk|2\n|\n|upkeep\n|turn|4\n|\n|t:|1700193668\n|move|p1a: Rillaboom|Knock Off|p2a: Umbreon\n|-resisted|p2a: Umbreon\n|-damage|p2a: Umbreon|72\/100\n|-enditem|p2a: Umbreon|Leftovers|[from] move: Knock Off|[of] p1a: Rillaboom\n|-damage|p1a: Rillaboom|91\/100|[from] item: Life Orb\n|move|p2a: Umbreon|Foul Play|p1a: Rillaboom\n|-damage|p1a: Rillaboom|0 fnt\n|faint|p1a: Rillaboom\n|\n|-heal|p2a: Umbreon|78\/100|[from] Grassy Terrain\n|upkeep\n|\n|t:|1700193676\n|switch|p1a: Sneasler|Sneasler, M|100\/100\n|-enditem|p1a: Sneasler|Grassy Seed\n|-boost|p1a: Sneasler|def|1|[from] item: Grassy Seed\n|turn|5\n|\n|t:|1700193691\n|switch|p2a: Rotom|Rotom-Wash|100\/100\n|move|p1a: Sneasler|Swords Dance|p1a: Sneasler\n|-boost|p1a: Sneasler|atk|2\n|\n|upkeep\n|turn|6\n|\n|t:|1700193696\n|move|p1a: Sneasler|Close Combat|p2a: Rotom\n|-damage|p2a: Rotom|0 fnt\n|-unboost|p1a: Sneasler|def|1\n|-unboost|p1a: Sneasler|spd|1\n|faint|p2a: Rotom\n|\n|upkeep\n|\n|t:|1700193699\n|switch|p2a: Garganacl|Garganacl, F, shiny|100\/100\n|turn|7\n|\n|t:|1700193704\n|-terastallize|p2a: Garganacl|Ghost\n|move|p1a: Sneasler|Close Combat|p2a: Garganacl\n|-immune|p2a: Garganacl\n|move|p2a: Garganacl|Iron Defense|p2a: Garganacl\n|-boost|p2a: Garganacl|def|2\n|\n|-fieldend|move: Grassy Terrain\n|upkeep\n|turn|8\n|\n|t:|1700193712\n|switch|p1a: Iron Valiant|Iron Valiant, shiny|100\/100\n|move|p2a: Garganacl|Salt Cure|p1a: Iron Valiant\n|-resisted|p1a: Iron Valiant\n|-damage|p1a: Iron Valiant|92\/100\n|-start|p1a: Iron Valiant|Salt Cure\n|\n|-damage|p1a: Iron Valiant|79\/100|[from] Salt Cure\n|upkeep\n|turn|9\n|\n|t:|1700193722\n|switch|p2a: Glimmora|Glimmora, M|100\/100\n|move|p1a: Iron Valiant|Moonblast|p2a: Glimmora\n|-resisted|p2a: Glimmora\n|-damage|p2a: Glimmora|64\/100\n|\n|-damage|p1a: Iron Valiant|67\/100|[from] Salt Cure\n|upkeep\n|turn|10\n|\n|t:|1700193732\n|-end|p1a: Iron Valiant|Quark Drive|[silent]\n|switch|p1a: Enamorus|Enamorus, F|100\/100\n|move|p2a: Glimmora|Mortal Spin|p1a: Enamorus\n|-supereffective|p1a: Enamorus\n|-damage|p1a: Enamorus|80\/100\n|-status|p1a: Enamorus|psn\n|\n|-damage|p1a: Enamorus|67\/100 psn|[from] psn\n|upkeep\n|turn|11\n|\n|t:|1700193748\n|switch|p2a: Espeon|Espeon, M|100\/100\n|move|p1a: Enamorus|Superpower|p2a: Espeon\n|-resisted|p2a: Espeon\n|-damage|p2a: Espeon|78\/100\n|-boost|p1a: Enamorus|atk|1\n|-boost|p1a: Enamorus|def|1\n|\n|-damage|p1a: Enamorus|55\/100 psn|[from] psn\n|upkeep\n|turn|12\n|\n|t:|1700193755\n|move|p2a: Espeon|Psyshock|p1a: Enamorus\n|-damage|p1a: Enamorus|12\/100 psn\n|move|p1a: Enamorus|Play Rough|p2a: Espeon\n|-damage|p2a: Espeon|7\/100\n|\n|-damage|p1a: Enamorus|0 fnt|[from] psn\n|faint|p1a: Enamorus\n|upkeep\n|\n|t:|1700193764\n|switch|p1a: Iron Valiant|Iron Valiant, shiny|67\/100\n|turn|13\n|\n|t:|1700193777\n|move|p2a: Espeon|Psyshock|p1a: Iron Valiant\n|-supereffective|p1a: Iron Valiant\n|-damage|p1a: Iron Valiant|0 fnt\n|faint|p1a: Iron Valiant\n|-end|p1a: Iron Valiant|Quark Drive|[silent]\n|\n|upkeep\n|\n|t:|1700193792\n|switch|p1a: Garganacl|Garganacl, F|100\/100\n|turn|14\n|\n|t:|1700193802\n|move|p2a: Espeon|Psyshock|p1a: Garganacl\n|-damage|p1a: Garganacl|75\/100\n|move|p1a: Garganacl|Curse|p1a: Garganacl\n|-unboost|p1a: Garganacl|spe|1\n|-boost|p1a: Garganacl|atk|1\n|-boost|p1a: Garganacl|def|1\n|\n|-heal|p1a: Garganacl|81\/100|[from] item: Leftovers\n|upkeep\n|turn|15\n|\n|t:|1700193807\n|switch|p2a: Drifblim|Drifblim, M|100\/100\n|move|p1a: Garganacl|Salt Cure|p2a: Drifblim\n|-supereffective|p2a: Drifblim\n|-damage|p2a: Drifblim|34\/100\n|-start|p2a: Drifblim|Salt Cure\n|\n|-heal|p1a: Garganacl|87\/100|[from] item: Leftovers\n|-damage|p2a: Drifblim|22\/100|[from] Salt Cure\n|upkeep\n|turn|16\n|\n|t:|1700193811\n|move|p2a: Drifblim|Trick|p1a: Garganacl\n|-activate|p2a: Drifblim|move: Trick|[of] p1a: Garganacl\n|-item|p1a: Garganacl|Choice Scarf|[from] move: Trick\n|-item|p2a: Drifblim|Leftovers|[from] move: Trick\n|move|p1a: Garganacl|Curse|p1a: Garganacl\n|-unboost|p1a: Garganacl|spe|1\n|-boost|p1a: Garganacl|atk|1\n|-boost|p1a: Garganacl|def|1\n|\n|-heal|p2a: Drifblim|28\/100|[from] item: Leftovers\n|-damage|p2a: Drifblim|15\/100|[from] Salt Cure\n|upkeep\n|turn|17\n|-message|Gamen forfeited.\n|\n|win|liaoya\n|raw|Gamen's rating: 1542 &rarr; <strong>1523<\/strong><br \/>(-19 for losing)\n|raw|liaoya's rating: 1568 &rarr; <strong>1587<\/strong><br \/>(+19 for winning)\n|l|\u2606Gamen\n","uploadtime":1700193823,"views":11,"p1id":"gamen","p2id":"liaoya","formatid":"gen9ou","rating":1523,"private":0,"password":""}