{"id":"gen9ou-1993692085","p1":"Mouseattack","p2":"niceonebruh","format":"[Gen 9] OU","log":"|j|\u2606Mouseattack\n|j|\u2606niceonebruh\n|t:|1700346137\n|gametype|singles\n|player|p1|Mouseattack|koga|1314\n|player|p2|niceonebruh|camper|1291\n|teamsize|p1|6\n|teamsize|p2|6\n|gen|9\n|tier|[Gen 9] OU\n|rated|\n|rule|Sleep Clause Mod: Limit one foe put to sleep\n|rule|Species Clause: Limit one of each Pok\u00e9mon\n|rule|OHKO Clause: OHKO moves are banned\n|rule|Evasion Items Clause: Evasion items are banned\n|rule|Evasion Moves Clause: Evasion moves are banned\n|rule|Endless Battle Clause: Forcing endless battles is banned\n|rule|HP Percentage Mod: HP is shown in percentages\n|clearpoke\n|poke|p1|Samurott-Hisui, M|\n|poke|p1|Maushold|\n|poke|p1|Garganacl, F|\n|poke|p1|Kingambit, M|\n|poke|p1|Amoonguss, M|\n|poke|p1|Weavile, F|\n|poke|p2|Grimmsnarl, M|\n|poke|p2|Landorus-Therian, M|\n|poke|p2|Gastrodon, F|\n|poke|p2|Jirachi|\n|poke|p2|Amoonguss, M|\n|poke|p2|Hydreigon, M|\n|teampreview\n|\n|t:|1700346148\n|start\n|switch|p1a: PinkyPie|Weavile, F, shiny|100\/100\n|switch|p2a: Amoonguss|Amoonguss, M|100\/100\n|-ability|p1a: PinkyPie|Pressure\n|turn|1\n|inactive|Battle timer is ON: inactive players will automatically lose when time's up. (requested by Mouseattack)\n|\n|t:|1700346157\n|move|p1a: PinkyPie|Ice Spinner|p2a: Amoonguss\n|-supereffective|p2a: Amoonguss\n|-damage|p2a: Amoonguss|37\/100\n|-damage|p1a: PinkyPie|84\/100|[from] item: Rocky Helmet|[of] p2a: Amoonguss\n|move|p2a: Amoonguss|Spore|p1a: PinkyPie\n|-status|p1a: PinkyPie|slp|[from] move: Spore\n|\n|upkeep\n|turn|2\n|\n|t:|1700346165\n|switch|p1a: Masterball|Amoonguss, M, shiny|100\/100\n|move|p2a: Amoonguss|Sludge Bomb|p1a: Masterball\n|-damage|p1a: Masterball|73\/100\n|-enditem|p1a: Masterball|Red Card|[of] p2a: Amoonguss\n|drag|p2a: Grimmsnarl|Grimmsnarl, M|100\/100\n|\n|upkeep\n|turn|3\n|\n|t:|1700346184\n|move|p2a: Grimmsnarl|Thunder Wave|p1a: Masterball\n|-status|p1a: Masterball|par\n|move|p1a: Masterball|Sludge Bomb|p2a: Grimmsnarl\n|-supereffective|p2a: Grimmsnarl\n|-damage|p2a: Grimmsnarl|62\/100\n|-status|p2a: Grimmsnarl|psn\n|\n|-damage|p2a: Grimmsnarl|50\/100 psn|[from] psn\n|upkeep\n|turn|4\n|\n|t:|1700346196\n|switch|p1a: PinkyPie|Weavile, F, shiny|84\/100 slp\n|-ability|p1a: PinkyPie|Pressure\n|move|p2a: Grimmsnarl|Light Screen|p2a: Grimmsnarl\n|-sidestart|p2: niceonebruh|move: Light Screen\n|\n|-damage|p2a: Grimmsnarl|38\/100 psn|[from] psn\n|upkeep\n|turn|5\n|\n|t:|1700346205\n|move|p2a: Grimmsnarl|Reflect|p2a: Grimmsnarl\n|-sidestart|p2: niceonebruh|Reflect\n|cant|p1a: PinkyPie|slp\n|\n|-damage|p2a: Grimmsnarl|25\/100 psn|[from] psn\n|upkeep\n|turn|6\n|\n|t:|1700346216\n|move|p2a: Grimmsnarl|Thunder Wave|p1a: PinkyPie\n|-hint|Since gen 7, Dark is immune to Prankster moves.\n|-immune|p1a: PinkyPie\n|cant|p1a: PinkyPie|slp\n|\n|-damage|p2a: Grimmsnarl|13\/100 psn|[from] psn\n|upkeep\n|turn|7\n|\n|t:|1700346225\n|switch|p2a: Hydreigon|Hydreigon, M|100\/100\n|cant|p1a: PinkyPie|slp\n|\n|upkeep\n|turn|8\n|\n|t:|1700346233\n|-terastallize|p2a: Hydreigon|Steel\n|-curestatus|p1a: PinkyPie|slp|[msg]\n|move|p1a: PinkyPie|Ice Spinner|p2a: Hydreigon\n|-resisted|p2a: Hydreigon\n|-damage|p2a: Hydreigon|88\/100\n|move|p2a: Hydreigon|Substitute|p2a: Hydreigon\n|-start|p2a: Hydreigon|Substitute\n|-damage|p2a: Hydreigon|64\/100\n|\n|-heal|p2a: Hydreigon|70\/100|[from] item: Leftovers\n|upkeep\n|turn|9\n|\n|t:|1700346246\n|move|p1a: PinkyPie|Knock Off|p2a: Hydreigon\n|-end|p2a: Hydreigon|Substitute\n|move|p2a: Hydreigon|Flash Cannon|p1a: PinkyPie\n|-supereffective|p1a: PinkyPie\n|-damage|p1a: PinkyPie|0 fnt\n|faint|p1a: PinkyPie\n|\n|-heal|p2a: Hydreigon|76\/100|[from] item: Leftovers\n|upkeep\n|\n|t:|1700346262\n|switch|p1a: Jon Snow|Kingambit, M|100\/100\n|-activate|p1a: Jon Snow|ability: Supreme Overlord\n|-start|p1a: Jon Snow|fallen1|[silent]\n|turn|10\n|\n|t:|1700346273\n|switch|p2a: Gastrodon|Gastrodon, F|100\/100\n|move|p1a: Jon Snow|Low Kick|p2a: Gastrodon\n|-damage|p2a: Gastrodon|87\/100\n|\n|upkeep\n|turn|11\n|\n|t:|1700346283\n|-end|p1a: Jon Snow|fallen1|[silent]\n|switch|p1a: Masterball|Amoonguss, M, shiny|100\/100 par\n|move|p2a: Gastrodon|Earth Power|p1a: Masterball\n|-damage|p1a: Masterball|72\/100 par\n|\n|-sideend|p2: niceonebruh|move: Light Screen\n|upkeep\n|turn|12\n|\n|t:|1700346294\n|switch|p2a: Landorus|Landorus-Therian, M|100\/100\n|-ability|p2a: Landorus|Intimidate|boost\n|-unboost|p1a: Masterball|atk|1\n|move|p1a: Masterball|Spore|p2a: Landorus\n|-status|p2a: Landorus|slp|[from] move: Spore\n|\n|-sideend|p2: niceonebruh|Reflect\n|upkeep\n|turn|13\n|\n|t:|1700346305\n|switch|p1a: \u270f\ufe0f Sharpner|Samurott-Hisui, M, shiny|100\/100\n|cant|p2a: Landorus|slp\n|\n|upkeep\n|turn|14\n|\n|t:|1700346313\n|switch|p2a: Amoonguss|Amoonguss, M|70\/100\n|move|p1a: \u270f\ufe0f Sharpner|Swords Dance|p1a: \u270f\ufe0f Sharpner\n|-boost|p1a: \u270f\ufe0f Sharpner|atk|2\n|\n|upkeep\n|turn|15\n|\n|t:|1700346321\n|move|p1a: \u270f\ufe0f Sharpner|Ceaseless Edge|p2a: Amoonguss\n|-damage|p2a: Amoonguss|0 fnt\n|-damage|p1a: \u270f\ufe0f Sharpner|84\/100|[from] item: Rocky Helmet|[of] p2a: Amoonguss\n|-sidestart|p2: niceonebruh|Spikes\n|faint|p2a: Amoonguss\n|\n|upkeep\n|\n|t:|1700346328\n|switch|p2a: Grimmsnarl|Grimmsnarl, M|13\/100 psn\n|-damage|p2a: Grimmsnarl|0 fnt|[from] Spikes\n|faint|p2a: Grimmsnarl\n|\n|t:|1700346341\n|switch|p2a: Gastrodon|Gastrodon, F|87\/100\n|turn|16\n|\n|t:|1700346346\n|move|p1a: \u270f\ufe0f Sharpner|Ceaseless Edge|p2a: Gastrodon\n|-damage|p2a: Gastrodon|0 fnt\n|-sidestart|p2: niceonebruh|Spikes\n|faint|p2a: Gastrodon\n|\n|upkeep\n|-message|niceonebruh forfeited.\n|\n|win|Mouseattack\n|raw|Mouseattack's rating: 1314 &rarr; <strong>1333<\/strong><br \/>(+19 for winning)\n|raw|niceonebruh's rating: 1291 &rarr; <strong>1268<\/strong><br \/>(-23 for losing)\n|l|\u2606niceonebruh\n","uploadtime":1700346357,"views":8,"p1id":"mouseattack","p2id":"niceonebruh","formatid":"gen9ou","rating":1268,"private":0,"password":""}