{"id":"gen9ou-1992731221","p1":"whitepoohshiesty","p2":"littensalt","format":"[Gen 9] OU","log":"|j|\u2606whitepoohshiesty\n|j|\u2606littensalt\n|t:|1700230093\n|gametype|singles\n|player|p1|whitepoohshiesty|boarder|1322\n|player|p2|littensalt|calem|1408\n|teamsize|p1|6\n|teamsize|p2|6\n|gen|9\n|tier|[Gen 9] OU\n|rated|\n|rule|Sleep Clause Mod: Limit one foe put to sleep\n|rule|Species Clause: Limit one of each Pok\u00e9mon\n|rule|OHKO Clause: OHKO moves are banned\n|rule|Evasion Items Clause: Evasion items are banned\n|rule|Evasion Moves Clause: Evasion moves are banned\n|rule|Endless Battle Clause: Forcing endless battles is banned\n|rule|HP Percentage Mod: HP is shown in percentages\n|clearpoke\n|poke|p1|Iron Valiant|\n|poke|p1|Corviknight, F|\n|poke|p1|Cinderace, M|\n|poke|p1|Alomomola, F|\n|poke|p1|Okidogi, M|\n|poke|p1|Slowking-Galar, F|\n|poke|p2|Thundurus-Therian, M|\n|poke|p2|Weezing-Galar, M|\n|poke|p2|Cinderace, M|\n|poke|p2|Dragapult, F|\n|poke|p2|Ting-Lu|\n|poke|p2|Zamazenta-*|\n|teampreview\n|\n|t:|1700230103\n|start\n|switch|p1a: Okidogi|Okidogi, M|100\/100\n|switch|p2a: KIDS SEE GHOST|Dragapult, F, shiny|100\/100\n|turn|1\n|\n|t:|1700230109\n|move|p2a: KIDS SEE GHOST|U-turn|p1a: Okidogi\n|-resisted|p1a: Okidogi\n|-crit|p1a: Okidogi\n|-damage|p1a: Okidogi|95\/100\n|\n|t:|1700230111\n|switch|p2a: wheezy outta here|Weezing-Galar, M, shiny|100\/100|[from] U-turn\n|-ability|p2a: wheezy outta here|Neutralizing Gas\n|move|p1a: Okidogi|Knock Off|p2a: wheezy outta here\n|-resisted|p2a: wheezy outta here\n|-damage|p2a: wheezy outta here|84\/100\n|-damage|p1a: Okidogi|78\/100|[from] item: Rocky Helmet|[of] p2a: wheezy outta here\n|-enditem|p2a: wheezy outta here|Rocky Helmet|[from] move: Knock Off|[of] p1a: Okidogi\n|\n|upkeep\n|turn|2\n|\n|t:|1700230125\n|switch|p1a: Cinderace|Cinderace, M|100\/100\n|move|p2a: wheezy outta here|Will-O-Wisp|p1a: Cinderace\n|-immune|p1a: Cinderace\n|\n|upkeep\n|turn|3\n|\n|t:|1700230134\n|-end|p2a: wheezy outta here|ability: Neutralizing Gas\n|switch|p2a: FRANCHISE|Cinderace, M|100\/100\n|move|p1a: Cinderace|Will-O-Wisp|p2a: FRANCHISE\n|-immune|p2a: FRANCHISE\n|\n|upkeep\n|turn|4\n|\n|t:|1700230151\n|move|p2a: FRANCHISE|Pyro Ball|p1a: Cinderace\n|-resisted|p1a: Cinderace\n|-damage|p1a: Cinderace|59\/100\n|move|p1a: Cinderace|U-turn|p2a: FRANCHISE\n|-start|p1a: Cinderace|typechange|Bug|[from] ability: Libero\n|-resisted|p2a: FRANCHISE\n|-damage|p2a: FRANCHISE|75\/100\n|\n|t:|1700230165\n|switch|p1a: Okidogi|Okidogi, M|78\/100|[from] U-turn\n|\n|upkeep\n|turn|5\n|\n|t:|1700230177\n|switch|p1a: Corviknight|Corviknight, F|100\/100\n|-ability|p1a: Corviknight|Pressure\n|move|p2a: FRANCHISE|U-turn|p1a: Corviknight\n|-start|p2a: FRANCHISE|typechange|Bug|[from] ability: Libero\n|-resisted|p1a: Corviknight\n|-damage|p1a: Corviknight|95\/100\n|-damage|p2a: FRANCHISE|58\/100|[from] item: Rocky Helmet|[of] p1a: Corviknight\n|\n|t:|1700230183\n|switch|p2a: KIDS SEE GHOST|Dragapult, F, shiny|100\/100|[from] U-turn\n|\n|upkeep\n|turn|6\n|\n|t:|1700230190\n|move|p2a: KIDS SEE GHOST|Flamethrower|p1a: Corviknight\n|-supereffective|p1a: Corviknight\n|-damage|p1a: Corviknight|17\/100\n|move|p1a: Corviknight|Brave Bird|p2a: KIDS SEE GHOST\n|-damage|p2a: KIDS SEE GHOST|52\/100\n|-damage|p1a: Corviknight|5\/100|[from] Recoil\n|\n|upkeep\n|turn|7\n|\n|t:|1700230198\n|switch|p1a: Slowking|Slowking-Galar, F|100\/100\n|move|p2a: KIDS SEE GHOST|Flamethrower|p1a: Slowking\n|-damage|p1a: Slowking|79\/100\n|\n|upkeep\n|turn|8\n|\n|t:|1700230206\n|switch|p2a: Ting-Lu|Ting-Lu|100\/100\n|-ability|p2a: Ting-Lu|Vessel of Ruin\n|move|p1a: Slowking|Chilly Reception|p1a: Slowking\n|-weather|Snow\n|\n|t:|1700230222\n|switch|p1a: Cinderace|Cinderace, M|59\/100|[from] Chilly Reception\n|\n|-weather|Snow|[upkeep]\n|upkeep\n|turn|9\n|\n|t:|1700230229\n|move|p1a: Cinderace|U-turn|p2a: Ting-Lu\n|-start|p1a: Cinderace|typechange|Bug|[from] ability: Libero\n|-supereffective|p2a: Ting-Lu\n|-damage|p2a: Ting-Lu|63\/100\n|\n|t:|1700230238\n|switch|p1a: Corviknight|Corviknight, F|5\/100|[from] U-turn\n|-ability|p1a: Corviknight|Pressure\n|move|p2a: Ting-Lu|Earthquake|p1a: Corviknight\n|-immune|p1a: Corviknight\n|\n|-weather|Snow|[upkeep]\n|-heal|p2a: Ting-Lu|69\/100|[from] item: Leftovers\n|upkeep\n|turn|10\n|\n|t:|1700230248\n|switch|p2a: wheezy outta here|Weezing-Galar, M, shiny|84\/100\n|-ability|p2a: wheezy outta here|Neutralizing Gas\n|move|p1a: Corviknight|Roost|p1a: Corviknight\n|-heal|p1a: Corviknight|55\/100\n|-singleturn|p1a: Corviknight|move: Roost\n|\n|-weather|Snow|[upkeep]\n|upkeep\n|turn|11\n|\n|t:|1700230257\n|move|p2a: wheezy outta here|Will-O-Wisp|p1a: Corviknight\n|-status|p1a: Corviknight|brn\n|move|p1a: Corviknight|Roost|p1a: Corviknight\n|-heal|p1a: Corviknight|100\/100 brn\n|-singleturn|p1a: Corviknight|move: Roost\n|\n|-weather|Snow|[upkeep]\n|-damage|p1a: Corviknight|94\/100 brn|[from] brn\n|upkeep\n|turn|12\n|\n|t:|1700230270\n|-end|p2a: wheezy outta here|ability: Neutralizing Gas\n|-ability|p1a: Corviknight|Pressure\n|switch|p2a: Ting-Lu|Ting-Lu|69\/100\n|-ability|p2a: Ting-Lu|Vessel of Ruin\n|move|p1a: Corviknight|U-turn|p2a: Ting-Lu\n|-supereffective|p2a: Ting-Lu\n|-crit|p2a: Ting-Lu\n|-damage|p2a: Ting-Lu|57\/100\n|\n|t:|1700230281\n|switch|p1a: Okidogi|Okidogi, M|78\/100|[from] U-turn\n|\n|-weather|none\n|-heal|p2a: Ting-Lu|64\/100|[from] item: Leftovers\n|upkeep\n|turn|13\n|\n|t:|1700230289\n|switch|p2a: wheezy outta here|Weezing-Galar, M, shiny|84\/100\n|-ability|p2a: wheezy outta here|Neutralizing Gas\n|move|p1a: Okidogi|Knock Off|p2a: wheezy outta here\n|-resisted|p2a: wheezy outta here\n|-damage|p2a: wheezy outta here|74\/100\n|\n|upkeep\n|turn|14\n|\n|t:|1700230300\n|switch|p1a: Cinderace|Cinderace, M|59\/100\n|move|p2a: wheezy outta here|Strange Steam|p1a: Cinderace\n|-resisted|p1a: Cinderace\n|-damage|p1a: Cinderace|38\/100\n|\n|upkeep\n|turn|15\n|\n|t:|1700230308\n|-end|p2a: wheezy outta here|ability: Neutralizing Gas\n|switch|p2a: FRANCHISE|Cinderace, M|58\/100\n|move|p1a: Cinderace|U-turn|p2a: FRANCHISE\n|-resisted|p2a: FRANCHISE\n|-damage|p2a: FRANCHISE|40\/100\n|\n|t:|1700230317\n|switch|p1a: Corviknight|Corviknight, F|94\/100 brn|[from] U-turn\n|-ability|p1a: Corviknight|Pressure\n|\n|-damage|p1a: Corviknight|88\/100 brn|[from] brn\n|upkeep\n|turn|16\n|\n|t:|1700230324\n|move|p2a: FRANCHISE|Pyro Ball|p1a: Corviknight\n|-supereffective|p1a: Corviknight\n|-damage|p1a: Corviknight|13\/100 brn\n|move|p1a: Corviknight|Brave Bird|p2a: FRANCHISE\n|-damage|p2a: FRANCHISE|15\/100\n|-damage|p1a: Corviknight|7\/100 brn|[from] Recoil\n|\n|-damage|p1a: Corviknight|1\/100 brn|[from] brn\n|upkeep\n|turn|17\n|\n|t:|1700230337\n|switch|p1a: Slowking|Slowking-Galar, F|100\/100\n|move|p2a: FRANCHISE|Pyro Ball|p1a: Slowking\n|-damage|p1a: Slowking|42\/100\n|\n|upkeep\n|turn|18\n|\n|t:|1700230349\n|switch|p1a: Alomomola|Alomomola, F|100\/100\n|move|p2a: FRANCHISE|Pyro Ball|p1a: Alomomola\n|-resisted|p1a: Alomomola\n|-damage|p1a: Alomomola|82\/100\n|-enditem|p1a: Alomomola|Red Card|[of] p2a: FRANCHISE\n|drag|p2a: KIDS SEE GHOST|Dragapult, F, shiny|52\/100\n|\n|upkeep\n|turn|19\n|\n|t:|1700230365\n|move|p2a: KIDS SEE GHOST|U-turn|p1a: Alomomola\n|-damage|p1a: Alomomola|72\/100\n|\n|t:|1700230367\n|switch|p2a: wheezy outta here|Weezing-Galar, M, shiny|74\/100|[from] U-turn\n|-ability|p2a: wheezy outta here|Neutralizing Gas\n|move|p1a: Alomomola|Wish|p1a: Alomomola\n|\n|upkeep\n|turn|20\n|\n|t:|1700230388\n|move|p2a: wheezy outta here|Pain Split|p1a: Alomomola\n|-sethp|p1a: Alomomola|62\/100|[from] move: Pain Split|[silent]\n|-sethp|p2a: wheezy outta here|88\/100|[from] move: Pain Split\n|move|p1a: Alomomola|Flip Turn|p2a: wheezy outta here\n|-damage|p2a: wheezy outta here|77\/100\n|\n|t:|1700230395\n|switch|p1a: Corviknight|Corviknight, F|1\/100 brn|[from] Flip Turn\n|\n|-heal|p1a: Corviknight|60\/100 brn|[from] move: Wish|[wisher] Alomomola\n|-damage|p1a: Corviknight|54\/100 brn|[from] brn\n|upkeep\n|turn|21\n|\n|t:|1700230408\n|-end|p2a: wheezy outta here|ability: Neutralizing Gas\n|-ability|p1a: Corviknight|Pressure\n|switch|p2a: 5g|Thundurus-Therian, M, shiny|100\/100\n|move|p1a: Corviknight|U-turn|p2a: 5g\n|-resisted|p2a: 5g\n|-damage|p2a: 5g|95\/100\n|\n|t:|1700230416\n|switch|p1a: Slowking|Slowking-Galar, F|75\/100|[from] U-turn\n|\n|upkeep\n|turn|22\n|\n|t:|1700230427\n|move|p2a: 5g|Knock Off|p1a: Slowking\n|-supereffective|p1a: Slowking\n|-damage|p1a: Slowking|35\/100\n|-enditem|p1a: Slowking|Heavy-Duty Boots|[from] move: Knock Off|[of] p2a: 5g\n|move|p1a: Slowking|Sludge Bomb|p2a: 5g\n|-damage|p2a: 5g|46\/100\n|-status|p2a: 5g|psn\n|\n|-damage|p2a: 5g|34\/100 psn|[from] psn\n|upkeep\n|turn|23\n|\n|t:|1700230439\n|move|p2a: 5g|Knock Off|p1a: Slowking\n|-supereffective|p1a: Slowking\n|-damage|p1a: Slowking|6\/100\n|move|p1a: Slowking|Chilly Reception|p1a: Slowking\n|-weather|Snow\n|\n|t:|1700230451\n|switch|p1a: Cinderace|Cinderace, M|38\/100|[from] Chilly Reception\n|\n|-weather|Snow|[upkeep]\n|-damage|p2a: 5g|22\/100 psn|[from] psn\n|upkeep\n|turn|24\n|\n|t:|1700230458\n|switch|p1a: Alomomola|Alomomola, F|62\/100\n|switch|p2a: FRANCHISE|Cinderace, M|15\/100\n|\n|-weather|Snow|[upkeep]\n|upkeep\n|turn|25\n|\n|t:|1700230467\n|move|p2a: FRANCHISE|U-turn|p1a: Alomomola\n|-start|p2a: FRANCHISE|typechange|Bug|[from] ability: Libero\n|-damage|p1a: Alomomola|41\/100\n|\n|t:|1700230472\n|switch|p2a: KIDS SEE GHOST|Dragapult, F, shiny|52\/100|[from] U-turn\n|move|p1a: Alomomola|Wish|p1a: Alomomola\n|\n|-weather|Snow|[upkeep]\n|upkeep\n|turn|26\n|\n|t:|1700230480\n|switch|p1a: Slowking|Slowking-Galar, F|39\/100\n|move|p2a: KIDS SEE GHOST|Shadow Ball|p1a: Slowking\n|-supereffective|p1a: Slowking\n|-damage|p1a: Slowking|0 fnt\n|faint|p1a: Slowking\n|\n|-weather|Snow|[upkeep]\n|upkeep\n|\n|t:|1700230489\n|switch|p1a: Alomomola|Alomomola, F|75\/100\n|turn|27\n|\n|t:|1700230494\n|switch|p2a: wheezy outta here|Weezing-Galar, M, shiny|77\/100\n|-ability|p2a: wheezy outta here|Neutralizing Gas\n|move|p1a: Alomomola|Acrobatics|p2a: wheezy outta here\n|-damage|p2a: wheezy outta here|63\/100\n|\n|-weather|none\n|upkeep\n|turn|28\n|\n|t:|1700230503\n|move|p2a: wheezy outta here|Will-O-Wisp|p1a: Alomomola|[miss]\n|-miss|p2a: wheezy outta here|p1a: Alomomola\n|move|p1a: Alomomola|Wish|p1a: Alomomola\n|\n|upkeep\n|turn|29\n|\n|t:|1700230508\n|switch|p1a: Cinderace|Cinderace, M|38\/100\n|move|p2a: wheezy outta here|Strange Steam|p1a: Cinderace\n|-resisted|p1a: Cinderace\n|-damage|p1a: Cinderace|19\/100\n|\n|-heal|p1a: Cinderace|97\/100|[from] move: Wish|[wisher] Alomomola\n|upkeep\n|turn|30\n|\n|t:|1700230517\n|move|p1a: Cinderace|Will-O-Wisp|p2a: wheezy outta here\n|-status|p2a: wheezy outta here|brn\n|move|p2a: wheezy outta here|Pain Split|p1a: Cinderace\n|-sethp|p1a: Cinderace|83\/100|[from] move: Pain Split|[silent]\n|-sethp|p2a: wheezy outta here|76\/100 brn|[from] move: Pain Split\n|\n|-damage|p2a: wheezy outta here|70\/100 brn|[from] brn\n|upkeep\n|turn|31\n|\n|t:|1700230530\n|-end|p2a: wheezy outta here|ability: Neutralizing Gas\n|switch|p2a: FRANCHISE|Cinderace, M|15\/100\n|move|p1a: Cinderace|U-turn|p2a: FRANCHISE\n|-start|p1a: Cinderace|typechange|Bug|[from] ability: Libero\n|-resisted|p2a: FRANCHISE\n|-damage|p2a: FRANCHISE|0 fnt\n|faint|p2a: FRANCHISE\n|\n|t:|1700230539\n|switch|p1a: Alomomola|Alomomola, F|75\/100|[from] U-turn\n|\n|upkeep\n|\n|t:|1700230542\n|switch|p2a: 5g|Thundurus-Therian, M, shiny|22\/100 psn\n|turn|32\n|\n|t:|1700230552\n|switch|p1a: Cinderace|Cinderace, M|83\/100\n|move|p2a: 5g|Volt Switch|p1a: Cinderace\n|-damage|p1a: Cinderace|0 fnt\n|faint|p1a: Cinderace\n|\n|t:|1700230555\n|switch|p2a: KIDS SEE GHOST|Dragapult, F, shiny|52\/100|[from] Volt Switch\n|\n|upkeep\n|\n|t:|1700230561\n|switch|p1a: Alomomola|Alomomola, F|100\/100\n|turn|33\n|\n|t:|1700230567\n|move|p2a: KIDS SEE GHOST|U-turn|p1a: Alomomola\n|-damage|p1a: Alomomola|90\/100\n|\n|t:|1700230569\n|switch|p2a: wheezy outta here|Weezing-Galar, M, shiny|70\/100 brn|[from] U-turn\n|-ability|p2a: wheezy outta here|Neutralizing Gas\n|move|p1a: Alomomola|Wish|p1a: Alomomola\n|\n|-damage|p2a: wheezy outta here|64\/100 brn|[from] brn\n|upkeep\n|turn|34\n|\n|t:|1700230577\n|move|p2a: wheezy outta here|Will-O-Wisp|p1a: Alomomola\n|-status|p1a: Alomomola|brn\n|move|p1a: Alomomola|Flip Turn|p2a: wheezy outta here\n|-crit|p2a: wheezy outta here\n|-damage|p2a: wheezy outta here|55\/100 brn\n|\n|t:|1700230586\n|switch|p1a: Corviknight|Corviknight, F|54\/100 brn|[from] Flip Turn\n|\n|-heal|p1a: Corviknight|100\/100 brn|[from] move: Wish|[wisher] Alomomola\n|-damage|p2a: wheezy outta here|49\/100 brn|[from] brn\n|-damage|p1a: Corviknight|94\/100 brn|[from] brn\n|upkeep\n|turn|35\n|\n|t:|1700230593\n|move|p2a: wheezy outta here|Pain Split|p1a: Corviknight\n|-sethp|p1a: Corviknight|67\/100 brn|[from] move: Pain Split|[silent]\n|-sethp|p2a: wheezy outta here|81\/100 brn|[from] move: Pain Split\n|move|p1a: Corviknight|U-turn|p2a: wheezy outta here\n|-resisted|p2a: wheezy outta here\n|-damage|p2a: wheezy outta here|80\/100 brn\n|\n|t:|1700230599\n|switch|p1a: Okidogi|Okidogi, M|78\/100|[from] U-turn\n|\n|-damage|p2a: wheezy outta here|74\/100 brn|[from] brn\n|upkeep\n|turn|36\n|\n|t:|1700230605\n|move|p1a: Okidogi|Gunk Shot|p2a: wheezy outta here\n|-damage|p2a: wheezy outta here|16\/100 brn\n|move|p2a: wheezy outta here|Will-O-Wisp|p1a: Okidogi\n|-status|p1a: Okidogi|brn\n|\n|-damage|p1a: Okidogi|72\/100 brn|[from] brn\n|-damage|p2a: wheezy outta here|10\/100 brn|[from] brn\n|upkeep\n|turn|37\n|\n|t:|1700230613\n|-end|p2a: wheezy outta here|ability: Neutralizing Gas\n|switch|p2a: KIDS SEE GHOST|Dragapult, F, shiny|52\/100\n|move|p1a: Okidogi|Gunk Shot|p2a: KIDS SEE GHOST\n|-resisted|p2a: KIDS SEE GHOST\n|-damage|p2a: KIDS SEE GHOST|19\/100\n|-status|p2a: KIDS SEE GHOST|tox|[from] ability: Toxic Chain|[of] p1a: Okidogi\n|\n|-damage|p2a: KIDS SEE GHOST|13\/100 tox|[from] psn\n|-damage|p1a: Okidogi|66\/100 brn|[from] brn\n|upkeep\n|turn|38\n|\n|t:|1700230626\n|switch|p1a: Alomomola|Alomomola, F|90\/100 brn\n|move|p2a: KIDS SEE GHOST|Shadow Ball|p1a: Alomomola\n|-damage|p1a: Alomomola|40\/100 brn\n|\n|-damage|p2a: KIDS SEE GHOST|1\/100 tox|[from] psn\n|-damage|p1a: Alomomola|34\/100 brn|[from] brn\n|upkeep\n|turn|39\n|\n|t:|1700230641\n|switch|p1a: Corviknight|Corviknight, F|67\/100 brn\n|-ability|p1a: Corviknight|Pressure\n|move|p2a: KIDS SEE GHOST|Shadow Ball|p1a: Corviknight\n|-damage|p1a: Corviknight|18\/100 brn\n|\n|-damage|p2a: KIDS SEE GHOST|0 fnt|[from] psn\n|faint|p2a: KIDS SEE GHOST\n|-damage|p1a: Corviknight|12\/100 brn|[from] brn\n|upkeep\n|\n|t:|1700230655\n|switch|p2a: 5g|Thundurus-Therian, M, shiny|22\/100 psn\n|turn|40\n|\n|t:|1700230663\n|move|p2a: 5g|Volt Switch|p1a: Corviknight\n|-supereffective|p1a: Corviknight\n|-damage|p1a: Corviknight|0 fnt\n|faint|p1a: Corviknight\n|\n|t:|1700230667\n|switch|p2a: wheezy outta here|Weezing-Galar, M, shiny|10\/100 brn|[from] Volt Switch\n|-ability|p2a: wheezy outta here|Neutralizing Gas\n|\n|-damage|p2a: wheezy outta here|4\/100 brn|[from] brn\n|upkeep\n|\n|t:|1700230674\n|switch|p1a: Okidogi|Okidogi, M|66\/100 brn\n|turn|41\n|\n|t:|1700230683\n|move|p1a: Okidogi|Knock Off|p2a: wheezy outta here\n|-resisted|p2a: wheezy outta here\n|-damage|p2a: wheezy outta here|0 fnt\n|faint|p2a: wheezy outta here\n|-end|p2a: wheezy outta here|ability: Neutralizing Gas\n|\n|-damage|p1a: Okidogi|60\/100 brn|[from] brn\n|upkeep\n|\n|t:|1700230689\n|switch|p2a: 5g|Thundurus-Therian, M, shiny|22\/100 psn\n|turn|42\n|\n|t:|1700230694\n|move|p2a: 5g|Volt Switch|p1a: Okidogi\n|-damage|p1a: Okidogi|0 fnt\n|faint|p1a: Okidogi\n|\n|t:|1700230699\n|switch|p2a: Ting-Lu|Ting-Lu|64\/100|[from] Volt Switch\n|-ability|p2a: Ting-Lu|Vessel of Ruin\n|\n|-heal|p2a: Ting-Lu|70\/100|[from] item: Leftovers\n|upkeep\n|\n|t:|1700230707\n|switch|p1a: Alomomola|Alomomola, F|67\/100 brn\n|turn|43\n|\n|t:|1700230717\n|move|p2a: Ting-Lu|Spikes|p1a: Alomomola\n|-sidestart|p1: whitepoohshiesty|Spikes\n|move|p1a: Alomomola|Scald|p2a: Ting-Lu\n|-supereffective|p2a: Ting-Lu\n|-damage|p2a: Ting-Lu|58\/100\n|\n|-heal|p2a: Ting-Lu|64\/100|[from] item: Leftovers\n|-damage|p1a: Alomomola|61\/100 brn|[from] brn\n|upkeep\n|turn|44\n|\n|t:|1700230726\n|move|p2a: Ting-Lu|Spikes|p1a: Alomomola\n|-sidestart|p1: whitepoohshiesty|Spikes\n|move|p1a: Alomomola|Flip Turn|p2a: Ting-Lu\n|-supereffective|p2a: Ting-Lu\n|-damage|p2a: Ting-Lu|55\/100\n|\n|t:|1700230731\n|switch|p1a: Iron Valiant|Iron Valiant|100\/100|[from] Flip Turn\n|-damage|p1a: Iron Valiant|84\/100|[from] Spikes\n|-enditem|p1a: Iron Valiant|Booster Energy\n|-activate|p1a: Iron Valiant|ability: Quark Drive|[fromitem]\n|-start|p1a: Iron Valiant|quarkdrivespe\n|\n|-heal|p2a: Ting-Lu|62\/100|[from] item: Leftovers\n|upkeep\n|turn|45\n|\n|t:|1700230740\n|move|p1a: Iron Valiant|Encore|p2a: Ting-Lu\n|-start|p2a: Ting-Lu|Encore\n|move|p2a: Ting-Lu|Spikes|p1a: Iron Valiant\n|-sidestart|p1: whitepoohshiesty|Spikes\n|\n|-heal|p2a: Ting-Lu|68\/100|[from] item: Leftovers\n|upkeep\n|turn|46\n|\n|t:|1700230747\n|switch|p2a: 5g|Thundurus-Therian, M, shiny|22\/100 psn\n|move|p1a: Iron Valiant|Calm Mind|p1a: Iron Valiant\n|-boost|p1a: Iron Valiant|spa|1\n|-boost|p1a: Iron Valiant|spd|1\n|\n|-damage|p2a: 5g|9\/100 psn|[from] psn\n|upkeep\n|turn|47\n|\n|t:|1700230757\n|move|p1a: Iron Valiant|Moonblast|p2a: 5g\n|-damage|p2a: 5g|0 fnt\n|faint|p2a: 5g\n|\n|upkeep\n|\n|t:|1700230760\n|switch|p2a: Ting-Lu|Ting-Lu|68\/100\n|-ability|p2a: Ting-Lu|Vessel of Ruin\n|turn|48\n|\n|t:|1700230773\n|-terastallize|p2a: Ting-Lu|Poison\n|move|p1a: Iron Valiant|Moonblast|p2a: Ting-Lu\n|-resisted|p2a: Ting-Lu\n|-damage|p2a: Ting-Lu|53\/100\n|move|p2a: Ting-Lu|Earthquake|p1a: Iron Valiant\n|-damage|p1a: Iron Valiant|39\/100\n|\n|-heal|p2a: Ting-Lu|59\/100|[from] item: Leftovers\n|upkeep\n|turn|49\n|\n|t:|1700230788\n|move|p1a: Iron Valiant|Thunderbolt|p2a: Ting-Lu\n|-damage|p2a: Ting-Lu|42\/100\n|-status|p2a: Ting-Lu|par\n|move|p2a: Ting-Lu|Earthquake|p1a: Iron Valiant\n|-damage|p1a: Iron Valiant|0 fnt\n|faint|p1a: Iron Valiant\n|-end|p1a: Iron Valiant|Quark Drive|[silent]\n|\n|-heal|p2a: Ting-Lu|48\/100 par|[from] item: Leftovers\n|upkeep\n|-message|whitepoohshiesty forfeited.\n|\n|win|littensalt\n|raw|whitepoohshiesty's rating: 1322 &rarr; <strong>1307<\/strong><br \/>(-15 for losing)\n|raw|littensalt's rating: 1408 &rarr; <strong>1423<\/strong><br \/>(+15 for winning)\n|l|\u2606whitepoohshiesty\n","uploadtime":1700230801,"views":13,"p1id":"whitepoohshiesty","p2id":"littensalt","formatid":"gen9ou","rating":1307,"private":0,"password":""}