{"id":"gen9ou-1989777092","p1":"bookwormboi","p2":"nephilimuscat","format":"[Gen 9] OU","log":"|j|\u2606bookwormboi\n|j|\u2606nephilimuscat\n|inactive|Battle timer is ON: inactive players will automatically lose when time's up.\n|t:|1699894848\n|gametype|singles\n|player|p1|bookwormboi|morty|\n|player|p2|nephilimuscat|policeman-gen4|\n|teamsize|p1|6\n|teamsize|p2|6\n|gen|9\n|tier|[Gen 9] OU\n|rated|Tournament battle\n|rule|Sleep Clause Mod: Limit one foe put to sleep\n|rule|Species Clause: Limit one of each Pok\u00e9mon\n|rule|OHKO Clause: OHKO moves are banned\n|rule|Evasion Items Clause: Evasion items are banned\n|rule|Evasion Moves Clause: Evasion moves are banned\n|rule|Endless Battle Clause: Forcing endless battles is banned\n|rule|HP Percentage Mod: HP is shown in percentages\n|clearpoke\n|poke|p1|Ribombee, F|\n|poke|p1|Enamorus, F|\n|poke|p1|Mimikyu, M|\n|poke|p1|Iron Valiant|\n|poke|p1|Gardevoir, M|\n|poke|p1|Clefable, F|\n|poke|p2|Ribombee, F|\n|poke|p2|Torterra, M|\n|poke|p2|Gholdengo|\n|poke|p2|Dragonite, F|\n|poke|p2|Great Tusk|\n|poke|p2|Iron Moth|\n|teampreview\n|j|*Lady Monita \u2746\n|c|\u2606bookwormboi|glhf\n|inactive|bookwormboi has 120 seconds left.\n|\n|t:|1699894879\n|start\n|switch|p1a: Mimikyu|Mimikyu, M|100\/100\n|switch|p2a: POPO...|Iron Moth|100\/100\n|-enditem|p2a: POPO...|Booster Energy\n|-activate|p2a: POPO...|ability: Quark Drive|[fromitem]\n|-start|p2a: POPO...|quarkdrivespa\n|turn|1\n|c|\u2606nephilimuscat|glf to\n|\n|t:|1699894900\n|move|p2a: POPO...|Substitute|p2a: POPO...\n|-start|p2a: POPO...|Substitute\n|-damage|p2a: POPO...|76\/100\n|move|p1a: Mimikyu|Swords Dance|p1a: Mimikyu\n|-boost|p1a: Mimikyu|atk|2\n|\n|upkeep\n|turn|2\n|\n|t:|1699894911\n|move|p1a: Mimikyu|Shadow Sneak|p2a: POPO...\n|-end|p2a: POPO...|Substitute\n|-damage|p1a: Mimikyu|91\/100|[from] item: Life Orb\n|move|p2a: POPO...|Fiery Dance|p1a: Mimikyu\n|-activate|p1a: Mimikyu|ability: Disguise\n|-damage|p1a: Mimikyu|91\/100\n|-boost|p2a: POPO...|spa|1\n|detailschange|p1a: Mimikyu|Mimikyu-Busted, M\n|-damage|p1a: Mimikyu|78\/100|[from] pokemon: Mimikyu-Busted\n|\n|upkeep\n|turn|3\n|\n|t:|1699894924\n|move|p1a: Mimikyu|Shadow Sneak|p2a: POPO...\n|-damage|p2a: POPO...|5\/100\n|-damage|p1a: Mimikyu|68\/100|[from] item: Life Orb\n|move|p2a: POPO...|Fiery Dance|p1a: Mimikyu\n|-damage|p1a: Mimikyu|0 fnt\n|-boost|p2a: POPO...|spa|1\n|faint|p1a: Mimikyu\n|\n|upkeep\n|j| LamantineMPK\n|\n|t:|1699894937\n|switch|p1a: Iron Valiant|Iron Valiant|100\/100\n|turn|4\n|\n|t:|1699894949\n|move|p1a: Iron Valiant|Shadow Sneak|p2a: POPO...\n|-damage|p2a: POPO...|0 fnt\n|faint|p2a: POPO...\n|-end|p2a: POPO...|Quark Drive|[silent]\n|-damage|p1a: Iron Valiant|91\/100|[from] item: Life Orb\n|\n|upkeep\n|\n|t:|1699894956\n|switch|p2a: Abaille ou ...|Ribombee, F|100\/100\n|turn|5\n|\n|t:|1699894963\n|-end|p1a: Iron Valiant|Quark Drive|[silent]\n|switch|p1a: Ribombee|Ribombee, F|100\/100\n|move|p2a: Abaille ou ...|Sticky Web|p1a: Ribombee\n|-sidestart|p1: bookwormboi|move: Sticky Web\n|\n|upkeep\n|turn|6\n|\n|t:|1699894980\n|switch|p2a: Gros Mago|Gholdengo|100\/100\n|move|p1a: Ribombee|Sticky Web|p2a: Gros Mago\n|-sidestart|p2: nephilimuscat|move: Sticky Web\n|\n|upkeep\n|turn|7\n|\n|t:|1699894993\n|move|p2a: Gros Mago|Shadow Ball|p1a: Ribombee\n|-damage|p1a: Ribombee|25\/100\n|move|p1a: Ribombee|Dazzling Gleam|p2a: Gros Mago\n|-resisted|p2a: Gros Mago\n|-crit|p2a: Gros Mago\n|-damage|p2a: Gros Mago|71\/100\n|\n|upkeep\n|turn|8\n|\n|t:|1699895003\n|move|p2a: Gros Mago|Shadow Ball|p1a: Ribombee\n|-damage|p1a: Ribombee|0 fnt\n|faint|p1a: Ribombee\n|\n|upkeep\n|\n|t:|1699895013\n|switch|p1a: Clefable|Clefable, F|100\/100\n|-activate|p1a: Clefable|move: Sticky Web\n|-unboost|p1a: Clefable|spe|1\n|turn|9\n|inactive|nephilimuscat has 120 seconds left.\n|\n|t:|1699895044\n|switch|p2a: Abaille ou ...|Ribombee, F|100\/100\n|-activate|p2a: Abaille ou ...|move: Sticky Web\n|-unboost|p2a: Abaille ou ...|spe|1\n|move|p1a: Clefable|Stealth Rock|p2a: Abaille ou ...\n|-sidestart|p2: nephilimuscat|move: Stealth Rock\n|\n|upkeep\n|turn|10\n|\n|t:|1699895060\n|move|p2a: Abaille ou ...|Stun Spore|p1a: Clefable\n|-status|p1a: Clefable|par\n|move|p1a: Clefable|Dazzling Gleam|p2a: Abaille ou ...\n|-damage|p2a: Abaille ou ...|58\/100\n|\n|upkeep\n|turn|11\n|\n|t:|1699895074\n|move|p2a: Abaille ou ...|Moonblast|p1a: Clefable\n|-damage|p1a: Clefable|75\/100 par\n|-unboost|p1a: Clefable|spa|1\n|move|p1a: Clefable|Dazzling Gleam|p2a: Abaille ou ...\n|-damage|p2a: Abaille ou ...|28\/100\n|\n|-heal|p1a: Clefable|81\/100 par|[from] item: Leftovers\n|upkeep\n|turn|12\n|\n|t:|1699895086\n|move|p2a: Abaille ou ...|Moonblast|p1a: Clefable\n|-damage|p1a: Clefable|56\/100 par\n|-unboost|p1a: Clefable|spa|1\n|move|p1a: Clefable|Wish|p1a: Clefable\n|\n|-heal|p1a: Clefable|62\/100 par|[from] item: Leftovers\n|upkeep\n|turn|13\n|\n|t:|1699895098\n|move|p2a: Abaille ou ...|Moonblast|p1a: Clefable\n|-damage|p1a: Clefable|37\/100 par\n|-unboost|p1a: Clefable|spa|1\n|move|p1a: Clefable|Dazzling Gleam|p2a: Abaille ou ...\n|-damage|p2a: Abaille ou ...|10\/100\n|\n|-heal|p1a: Clefable|87\/100 par|[from] move: Wish|[wisher] Clefable\n|-heal|p1a: Clefable|93\/100 par|[from] item: Leftovers\n|upkeep\n|turn|14\n|\n|t:|1699895111\n|move|p2a: Abaille ou ...|Moonblast|p1a: Clefable\n|-crit|p1a: Clefable\n|-damage|p1a: Clefable|55\/100 par\n|cant|p1a: Clefable|par\n|\n|-heal|p1a: Clefable|61\/100 par|[from] item: Leftovers\n|upkeep\n|turn|15\n|\n|t:|1699895127\n|move|p2a: Abaille ou ...|Moonblast|p1a: Clefable\n|-damage|p1a: Clefable|34\/100 par\n|cant|p1a: Clefable|par\n|\n|-heal|p1a: Clefable|40\/100 par|[from] item: Leftovers\n|upkeep\n|turn|16\n|c|\u2606nephilimuscat|sorry\n|c|\u2606nephilimuscat|!!!\n|\n|t:|1699895139\n|move|p2a: Abaille ou ...|Moonblast|p1a: Clefable\n|-damage|p1a: Clefable|14\/100 par\n|-unboost|p1a: Clefable|spa|1\n|move|p1a: Clefable|Dazzling Gleam|p2a: Abaille ou ...\n|-damage|p2a: Abaille ou ...|0 fnt\n|faint|p2a: Abaille ou ...\n|\n|-heal|p1a: Clefable|20\/100 par|[from] item: Leftovers\n|upkeep\n|c|\u2606bookwormboi|huh?\n|\n|t:|1699895150\n|switch|p2a: Phampy|Great Tusk|100\/100\n|turn|17\n|\n|t:|1699895161\n|move|p2a: Phampy|Rapid Spin|p1a: Clefable\n|-damage|p1a: Clefable|1\/100 par\n|-boost|p2a: Phampy|spe|1\n|-sideend|p2: nephilimuscat|Stealth Rock|[from] move: Rapid Spin|[of] p2a: Phampy\n|-sideend|p2: nephilimuscat|Sticky Web|[from] move: Rapid Spin|[of] p2a: Phampy\n|move|p1a: Clefable|Dazzling Gleam|p2a: Phampy\n|-supereffective|p2a: Phampy\n|-damage|p2a: Phampy|73\/100\n|\n|-heal|p1a: Clefable|7\/100 par|[from] item: Leftovers\n|upkeep\n|turn|18\n|\n|t:|1699895172\n|move|p2a: Phampy|Ice Spinner|p1a: Clefable\n|-damage|p1a: Clefable|0 fnt\n|faint|p1a: Clefable\n|\n|upkeep\n|\n|t:|1699895180\n|switch|p1a: Gardevoir|Gardevoir, M|100\/100\n|-activate|p1a: Gardevoir|move: Sticky Web\n|-unboost|p1a: Gardevoir|spe|1\n|turn|19\n|\n|t:|1699895192\n|-end|p2a: Phampy|Protosynthesis|[silent]\n|switch|p2a: Gros Mago|Gholdengo|71\/100\n|-ability|p1a: Gardevoir|Good as Gold|[from] ability: Trace|[of] p2a: Gros Mago\n|move|p1a: Gardevoir|Moonblast|p2a: Gros Mago\n|-resisted|p2a: Gros Mago\n|-damage|p2a: Gros Mago|42\/100\n|\n|upkeep\n|turn|20\n|c|\u2606nephilimuscat|haxx\n|\n|t:|1699895206\n|move|p2a: Gros Mago|Make It Rain|p1a: Gardevoir\n|-supereffective|p1a: Gardevoir\n|-damage|p1a: Gardevoir|0 fnt\n|-unboost|p2a: Gros Mago|spa|1\n|faint|p1a: Gardevoir\n|\n|upkeep\n|\n|t:|1699895214\n|switch|p1a: Iron Valiant|Iron Valiant|91\/100\n|-activate|p1a: Iron Valiant|move: Sticky Web\n|-unboost|p1a: Iron Valiant|spe|1\n|turn|21\n|\n|t:|1699895219\n|move|p1a: Iron Valiant|Shadow Sneak|p2a: Gros Mago\n|-supereffective|p2a: Gros Mago\n|-damage|p2a: Gros Mago|2\/100\n|-damage|p1a: Iron Valiant|81\/100|[from] item: Life Orb\n|move|p2a: Gros Mago|Make It Rain|p1a: Iron Valiant\n|-supereffective|p1a: Iron Valiant\n|-damage|p1a: Iron Valiant|0 fnt\n|-unboost|p2a: Gros Mago|spa|1\n|faint|p1a: Iron Valiant\n|-end|p1a: Iron Valiant|Quark Drive|[silent]\n|\n|upkeep\n|\n|t:|1699895226\n|switch|p1a: Enamorus|Enamorus, F|100\/100\n|turn|22\n|\n|t:|1699895239\n|move|p2a: Gros Mago|Make It Rain|p1a: Enamorus\n|-supereffective|p1a: Enamorus\n|-damage|p1a: Enamorus|13\/100\n|-unboost|p2a: Gros Mago|spa|1\n|move|p1a: Enamorus|Earth Power|p2a: Gros Mago\n|-supereffective|p2a: Gros Mago\n|-damage|p2a: Gros Mago|0 fnt\n|faint|p2a: Gros Mago\n|-damage|p1a: Enamorus|3\/100|[from] item: Life Orb\n|\n|upkeep\n|\n|t:|1699895253\n|switch|p2a: Phampy|Great Tusk|73\/100\n|turn|23\n|c|\u2606bookwormboi|fgg\n|-message|bookwormboi forfeited.\n|\n|win|nephilimuscat\n|n|\u2606bookwormboi|bookwormboi\n|n|\u2606nephilimuscat|nephilimuscat\n|n|*Lady Monita \u2746|ladymonita\n|n| LamantineMPK|lamantinempk\n|l|*Lady Monita \u2746\n|l|\u2606bookwormboi\n|c|\u2606nephilimuscat|gg\n","uploadtime":1699895274,"views":10,"p1id":"bookwormboi","p2id":"nephilimuscat","formatid":"gen9ou","rating":0,"private":0,"password":""}