{"id":"gen9ou-1988971958","p1":"Vigilante V8","p2":"ShizuOsaka","format":"[Gen 9] OU","log":"|j|\u2606Vigilante V8\n|j|\u2606ShizuOsaka\n|t:|1699796611\n|gametype|singles\n|player|p1|Vigilante V8|101|1791\n|player|p2|ShizuOsaka|lady|1780\n|teamsize|p1|6\n|teamsize|p2|6\n|gen|9\n|tier|[Gen 9] OU\n|rated|\n|rule|Sleep Clause Mod: Limit one foe put to sleep\n|rule|Species Clause: Limit one of each Pok\u00e9mon\n|rule|OHKO Clause: OHKO moves are banned\n|rule|Evasion Items Clause: Evasion items are banned\n|rule|Evasion Moves Clause: Evasion moves are banned\n|rule|Endless Battle Clause: Forcing endless battles is banned\n|rule|HP Percentage Mod: HP is shown in percentages\n|clearpoke\n|poke|p1|Corviknight, M|\n|poke|p1|Clodsire, F|\n|poke|p1|Dondozo, F|\n|poke|p1|Kingambit, F|\n|poke|p1|Garganacl, M|\n|poke|p1|Weavile, F|\n|poke|p2|Great Tusk|\n|poke|p2|Amoonguss, M|\n|poke|p2|Kingambit, F|\n|poke|p2|Dragapult, M|\n|poke|p2|Dragonite, F|\n|poke|p2|Clefable, F|\n|teampreview\n|inactive|Battle timer is ON: inactive players will automatically lose when time's up. (requested by ShizuOsaka)\n|\n|t:|1699796621\n|start\n|switch|p1a: Weavile|Weavile, F|100\/100\n|switch|p2a: Dragapult|Dragapult, M|100\/100\n|-ability|p1a: Weavile|Pressure\n|turn|1\n|\n|t:|1699796625\n|switch|p1a: Garganacl|Garganacl, M|100\/100\n|move|p2a: Dragapult|U-turn|p1a: Garganacl\n|-damage|p1a: Garganacl|90\/100\n|\n|t:|1699796631\n|switch|p2a: Great Tusk|Great Tusk|100\/100|[from] U-turn\n|\n|-heal|p1a: Garganacl|96\/100|[from] item: Leftovers\n|upkeep\n|turn|2\n|\n|t:|1699796635\n|switch|p1a: Corviknight|Corviknight, M|100\/100\n|-ability|p1a: Corviknight|Pressure\n|move|p2a: Great Tusk|Knock Off|p1a: Corviknight\n|-damage|p1a: Corviknight|78\/100\n|-damage|p2a: Great Tusk|84\/100|[from] item: Rocky Helmet|[of] p1a: Corviknight\n|-enditem|p1a: Corviknight|Rocky Helmet|[from] move: Knock Off|[of] p2a: Great Tusk\n|\n|upkeep\n|turn|3\n|j| Fuwawa's Floofies\n|\n|t:|1699796647\n|-end|p2a: Great Tusk|Protosynthesis|[silent]\n|switch|p2a: Clefable|Clefable, F|100\/100\n|move|p1a: Corviknight|Body Press|p2a: Clefable\n|-resisted|p2a: Clefable\n|-damage|p2a: Clefable|90\/100\n|\n|-heal|p2a: Clefable|96\/100|[from] item: Leftovers\n|upkeep\n|turn|4\n|\n|t:|1699796654\n|switch|p1a: Clodsire|Clodsire, F|100\/100\n|move|p2a: Clefable|Stealth Rock|p1a: Clodsire\n|-sidestart|p1: Vigilante V8|move: Stealth Rock\n|\n|-heal|p2a: Clefable|100\/100|[from] item: Leftovers\n|upkeep\n|turn|5\n|\n|t:|1699796660\n|switch|p2a: Great Tusk|Great Tusk|84\/100\n|move|p1a: Clodsire|Spikes|p2a: Great Tusk\n|-sidestart|p2: ShizuOsaka|Spikes\n|\n|upkeep\n|turn|6\n|\n|t:|1699796670\n|switch|p1a: Corviknight|Corviknight, M|78\/100\n|-damage|p1a: Corviknight|66\/100|[from] Stealth Rock\n|-ability|p1a: Corviknight|Pressure\n|move|p2a: Great Tusk|Close Combat|p1a: Corviknight\n|-damage|p1a: Corviknight|30\/100\n|-unboost|p2a: Great Tusk|def|1\n|-unboost|p2a: Great Tusk|spd|1\n|\n|upkeep\n|turn|7\n|j| all hips no lies\n|\n|t:|1699796678\n|move|p2a: Great Tusk|Close Combat|p1a: Corviknight\n|-damage|p1a: Corviknight|0 fnt\n|-unboost|p2a: Great Tusk|def|1\n|-unboost|p2a: Great Tusk|spd|1\n|faint|p1a: Corviknight\n|\n|upkeep\n|\n|t:|1699796684\n|switch|p1a: Weavile|Weavile, F|100\/100\n|-damage|p1a: Weavile|76\/100|[from] Stealth Rock\n|-ability|p1a: Weavile|Pressure\n|turn|8\n|\n|t:|1699796689\n|-end|p2a: Great Tusk|Protosynthesis|[silent]\n|switch|p2a: Clefable|Clefable, F|100\/100\n|move|p1a: Weavile|Low Kick|p2a: Clefable\n|-resisted|p2a: Clefable\n|-damage|p2a: Clefable|90\/100\n|\n|-heal|p2a: Clefable|96\/100|[from] item: Leftovers\n|upkeep\n|turn|9\n|\n|t:|1699796694\n|switch|p1a: Garganacl|Garganacl, M|96\/100\n|-damage|p1a: Garganacl|83\/100|[from] Stealth Rock\n|move|p2a: Clefable|Wish|p2a: Clefable\n|\n|-heal|p2a: Clefable|100\/100|[from] item: Leftovers\n|-heal|p1a: Garganacl|90\/100|[from] item: Leftovers\n|upkeep\n|turn|10\n|\n|t:|1699796698\n|switch|p2a: Great Tusk|Great Tusk|84\/100\n|move|p1a: Garganacl|Salt Cure|p2a: Great Tusk\n|-resisted|p2a: Great Tusk\n|-damage|p2a: Great Tusk|81\/100\n|-start|p2a: Great Tusk|Salt Cure\n|\n|-heal|p2a: Great Tusk|100\/100|[from] move: Wish|[wisher] Clefable\n|-heal|p1a: Garganacl|96\/100|[from] item: Leftovers\n|-damage|p2a: Great Tusk|88\/100|[from] Salt Cure\n|upkeep\n|turn|11\n|\n|t:|1699796703\n|move|p1a: Garganacl|Protect|p1a: Garganacl\n|-singleturn|p1a: Garganacl|Protect\n|move|p2a: Great Tusk|Knock Off|p1a: Garganacl\n|-activate|p1a: Garganacl|move: Protect\n|\n|-heal|p1a: Garganacl|100\/100|[from] item: Leftovers\n|-damage|p2a: Great Tusk|76\/100|[from] Salt Cure\n|upkeep\n|turn|12\n|\n|t:|1699796710\n|move|p2a: Great Tusk|Knock Off|p1a: Garganacl\n|-damage|p1a: Garganacl|79\/100\n|-enditem|p1a: Garganacl|Leftovers|[from] move: Knock Off|[of] p2a: Great Tusk\n|move|p1a: Garganacl|Stealth Rock|p2a: Great Tusk\n|-sidestart|p2: ShizuOsaka|move: Stealth Rock\n|\n|-damage|p2a: Great Tusk|63\/100|[from] Salt Cure\n|upkeep\n|turn|13\n|\n|t:|1699796715\n|move|p1a: Garganacl|Protect|p1a: Garganacl\n|-singleturn|p1a: Garganacl|Protect\n|move|p2a: Great Tusk|Earthquake|p1a: Garganacl\n|-activate|p1a: Garganacl|move: Protect\n|\n|-damage|p2a: Great Tusk|51\/100|[from] Salt Cure\n|upkeep\n|turn|14\n|\n|t:|1699796719\n|move|p2a: Great Tusk|Earthquake|p1a: Garganacl\n|-supereffective|p1a: Garganacl\n|-damage|p1a: Garganacl|12\/100\n|move|p1a: Garganacl|Stealth Rock||[still]\n|-fail|p1a: Garganacl\n|\n|-damage|p2a: Great Tusk|39\/100|[from] Salt Cure\n|upkeep\n|turn|15\n|\n|t:|1699796724\n|-end|p2a: Great Tusk|Protosynthesis|[silent]\n|switch|p2a: Clefable|Clefable, F|100\/100\n|move|p1a: Garganacl|Protect||[still]\n|-fail|p1a: Garganacl\n|\n|upkeep\n|turn|16\n|\n|t:|1699796728\n|move|p2a: Clefable|Moonblast|p1a: Garganacl\n|-damage|p1a: Garganacl|0 fnt\n|faint|p1a: Garganacl\n|\n|upkeep\n|\n|t:|1699796730\n|switch|p1a: Kingambit|Kingambit, F|100\/100\n|-damage|p1a: Kingambit|94\/100|[from] Stealth Rock\n|-activate|p1a: Kingambit|ability: Supreme Overlord\n|-start|p1a: Kingambit|fallen2|[silent]\n|turn|17\n|\n|t:|1699796734\n|move|p1a: Kingambit|Swords Dance|p1a: Kingambit\n|-boost|p1a: Kingambit|atk|2\n|move|p2a: Clefable|Wish|p2a: Clefable\n|\n|upkeep\n|turn|18\n|\n|t:|1699796738\n|switch|p2a: Dragonite|Dragonite, F|100\/100\n|-terastallize|p1a: Kingambit|Dark\n|move|p1a: Kingambit|Kowtow Cleave|p2a: Dragonite\n|-damage|p2a: Dragonite|0 fnt\n|faint|p2a: Dragonite\n|\n|upkeep\n|\n|t:|1699796750\n|switch|p2a: Clefable|Clefable, F|100\/100\n|turn|19\n|\n|t:|1699796754\n|-terastallize|p2a: Clefable|Water\n|move|p1a: Kingambit|Kowtow Cleave|p2a: Clefable\n|-damage|p2a: Clefable|0 fnt\n|faint|p2a: Clefable\n|\n|upkeep\n|\n|t:|1699796758\n|switch|p2a: Great Tusk|Great Tusk|39\/100\n|turn|20\n|\n|t:|1699796761\n|move|p1a: Kingambit|Sucker Punch|p2a: Great Tusk\n|-resisted|p2a: Great Tusk\n|-damage|p2a: Great Tusk|0 fnt\n|faint|p2a: Great Tusk\n|-end|p2a: Great Tusk|Protosynthesis|[silent]\n|\n|upkeep\n|\n|t:|1699796769\n|switch|p2a: Kingambit|Kingambit, F|100\/100\n|-damage|p2a: Kingambit|88\/100|[from] Spikes\n|-damage|p2a: Kingambit|82\/100|[from] Stealth Rock\n|-activate|p2a: Kingambit|ability: Supreme Overlord\n|-start|p2a: Kingambit|fallen3|[silent]\n|turn|21\n|\n|t:|1699796771\n|move|p1a: Kingambit|Low Kick|p2a: Kingambit\n|-supereffective|p2a: Kingambit\n|-damage|p2a: Kingambit|0 fnt\n|faint|p2a: Kingambit\n|-end|p2a: Kingambit|fallen3|[silent]\n|\n|upkeep\n|-message|ShizuOsaka forfeited.\n|\n|win|Vigilante V8\n|raw|Vigilante V8's rating: 1791 &rarr; <strong>1810<\/strong><br \/>(+19 for winning)\n|raw|ShizuOsaka's rating: 1780 &rarr; <strong>1761<\/strong><br \/>(-19 for losing)\n|l|\u2606ShizuOsaka\n|c| Fuwawa's Floofies|smashed\n|j|\u2606ShizuOsaka\n|player|p2|ShizuOsaka|lady\n|j| RotomBridge\n|l|\u2606ShizuOsaka\n|player|p2|\n|j| Tetraduck\n|j| Light Dlc1 Train\n|j| Ballin979\n|l| RotomBridge\n|l| Fuwawa's Floofies\n|l| Light Dlc1 Train\n|l|\u2606Vigilante V8\n|j| Uber45\n|l| Uber45\n|l| all hips no lies\n|l| Tetraduck\n|l| Ballin979\n","uploadtime":1699798784,"views":20,"p1id":"vigilantev8","p2id":"shizuosaka","formatid":"gen9ou","rating":1761,"private":0,"password":""}