{"id":"gen9ou-1999521927","p1":"WivernWyvern","p2":"zastra","format":"[Gen 9] OU","log":"|j|\u2606WivernWyvern\n|j|\u2606zastra\n|t:|1701092121\n|gametype|singles\n|player|p1|WivernWyvern|ingo|1272\n|player|p2|zastra|steven-masters|1166\n|teamsize|p1|6\n|teamsize|p2|6\n|gen|9\n|tier|[Gen 9] OU\n|rated|\n|rule|Sleep Clause Mod: Limit one foe put to sleep\n|rule|Species Clause: Limit one of each Pok\u00e9mon\n|rule|OHKO Clause: OHKO moves are banned\n|rule|Evasion Items Clause: Evasion items are banned\n|rule|Evasion Moves Clause: Evasion moves are banned\n|rule|Endless Battle Clause: Forcing endless battles is banned\n|rule|HP Percentage Mod: HP is shown in percentages\n|clearpoke\n|poke|p1|Samurott-Hisui, M|\n|poke|p1|Typhlosion-Hisui, F|\n|poke|p1|Goodra-Hisui, M|\n|poke|p1|Toedscruel, M|\n|poke|p1|Scizor, F|\n|poke|p1|Hatterene, F|\n|poke|p2|Ribombee, M|\n|poke|p2|Ogerpon-Wellspring, F|\n|poke|p2|Iron Moth|\n|poke|p2|Kingambit, F|\n|poke|p2|Gholdengo|\n|poke|p2|Iron Valiant|\n|teampreview\n|\n|t:|1701092132\n|start\n|switch|p1a: Toedscruel|Toedscruel, M|100\/100\n|switch|p2a: Gholdengo|Gholdengo|100\/100\n|-item|p2a: Gholdengo|Air Balloon\n|turn|1\n|\n|t:|1701092202\n|move|p2a: Gholdengo|Nasty Plot|p2a: Gholdengo\n|-boost|p2a: Gholdengo|spa|2\n|move|p1a: Toedscruel|Spore|p2a: Gholdengo\n|-status|p2a: Gholdengo|slp|[from] move: Spore\n|\n|upkeep\n|turn|2\n|inactive|Battle timer is ON: inactive players will automatically lose when time's up. (requested by WivernWyvern)\n|\n|t:|1701092222\n|move|p1a: Toedscruel|Giga Drain|p2a: Gholdengo\n|-resisted|p2a: Gholdengo\n|-damage|p2a: Gholdengo|83\/100 slp\n|-enditem|p2a: Gholdengo|Air Balloon\n|cant|p2a: Gholdengo|slp\n|\n|upkeep\n|turn|3\n|\n|t:|1701092228\n|switch|p2a: Ribombee|Ribombee, M|100\/100\n|move|p1a: Toedscruel|Earth Power|p2a: Ribombee\n|-resisted|p2a: Ribombee\n|-damage|p2a: Ribombee|71\/100\n|\n|upkeep\n|turn|4\n|\n|t:|1701092236\n|switch|p1a: Scizor|Scizor, F|100\/100\n|move|p2a: Ribombee|Sticky Web|p1a: Scizor\n|-sidestart|p1: WivernWyvern|move: Sticky Web\n|\n|upkeep\n|turn|5\n|\n|t:|1701092245\n|switch|p2a: Iron Moth|Iron Moth|100\/100\n|-enditem|p2a: Iron Moth|Booster Energy\n|-activate|p2a: Iron Moth|ability: Quark Drive|[fromitem]\n|-start|p2a: Iron Moth|quarkdrivespa\n|move|p1a: Scizor|Bullet Punch|p2a: Iron Moth\n|-resisted|p2a: Iron Moth\n|-damage|p2a: Iron Moth|64\/100\n|\n|upkeep\n|turn|6\n|\n|t:|1701092265\n|switch|p1a: Goodra|Goodra-Hisui, M|100\/100\n|-activate|p1a: Goodra|move: Sticky Web\n|-unboost|p1a: Goodra|spe|1\n|move|p2a: Iron Moth|Substitute|p2a: Iron Moth\n|-start|p2a: Iron Moth|Substitute\n|-damage|p2a: Iron Moth|39\/100\n|\n|upkeep\n|turn|7\n|\n|t:|1701092282\n|move|p2a: Iron Moth|Fiery Dance|p1a: Goodra\n|-damage|p1a: Goodra|65\/100\n|-boost|p2a: Iron Moth|spa|1\n|move|p1a: Goodra|Dragon Tail|p2a: Iron Moth\n|-end|p2a: Iron Moth|Substitute\n|\n|-heal|p1a: Goodra|71\/100|[from] item: Leftovers\n|upkeep\n|turn|8\n|\n|t:|1701092305\n|-end|p2a: Iron Moth|Quark Drive|[silent]\n|switch|p2a: Iron Valiant|Iron Valiant|100\/100\n|-enditem|p2a: Iron Valiant|Booster Energy\n|-activate|p2a: Iron Valiant|ability: Quark Drive|[fromitem]\n|-start|p2a: Iron Valiant|quarkdrivespe\n|move|p1a: Goodra|Dragon Tail|p2a: Iron Valiant\n|-immune|p2a: Iron Valiant\n|\n|-heal|p1a: Goodra|77\/100|[from] item: Leftovers\n|upkeep\n|turn|9\n|\n|t:|1701092315\n|move|p1a: Goodra|Protect|p1a: Goodra\n|-singleturn|p1a: Goodra|Protect\n|move|p2a: Iron Valiant|Close Combat|p1a: Goodra\n|-activate|p1a: Goodra|move: Protect\n|\n|-heal|p1a: Goodra|83\/100|[from] item: Leftovers\n|upkeep\n|turn|10\n|\n|t:|1701092324\n|move|p2a: Iron Valiant|Knock Off|p1a: Goodra\n|-damage|p1a: Goodra|62\/100\n|-enditem|p1a: Goodra|Leftovers|[from] move: Knock Off|[of] p2a: Iron Valiant\n|move|p1a: Goodra|Counter|p2a: Iron Valiant\n|-damage|p2a: Iron Valiant|47\/100\n|\n|upkeep\n|turn|11\n|\n|t:|1701092332\n|move|p1a: Goodra|Protect|p1a: Goodra\n|-singleturn|p1a: Goodra|Protect\n|move|p2a: Iron Valiant|Close Combat|p1a: Goodra\n|-activate|p1a: Goodra|move: Protect\n|\n|upkeep\n|turn|12\n|\n|t:|1701092353\n|move|p2a: Iron Valiant|Close Combat|p1a: Goodra\n|-supereffective|p1a: Goodra\n|-damage|p1a: Goodra|0 fnt\n|-unboost|p2a: Iron Valiant|def|1\n|-unboost|p2a: Iron Valiant|spd|1\n|faint|p1a: Goodra\n|\n|upkeep\n|\n|t:|1701092360\n|switch|p1a: Scizor|Scizor, F|100\/100\n|-activate|p1a: Scizor|move: Sticky Web\n|-unboost|p1a: Scizor|spe|1\n|turn|13\n|inactive|zastra has 120 seconds left.\n|\n|t:|1701092412\n|move|p1a: Scizor|Bullet Punch|p2a: Iron Valiant\n|-supereffective|p2a: Iron Valiant\n|-damage|p2a: Iron Valiant|0 fnt\n|faint|p2a: Iron Valiant\n|-end|p2a: Iron Valiant|Quark Drive|[silent]\n|\n|upkeep\n|inactive|zastra has 90 seconds left.\n|\n|t:|1701092423\n|switch|p2a: Iron Moth|Iron Moth|39\/100\n|turn|14\n|inactive|WivernWyvern has 120 seconds left.\n|\n|t:|1701092471\n|-terastallize|p1a: Scizor|Fire\n|move|p2a: Iron Moth|Fiery Dance|p1a: Scizor\n|-resisted|p1a: Scizor\n|-damage|p1a: Scizor|73\/100\n|move|p1a: Scizor|Swords Dance|p1a: Scizor\n|-boost|p1a: Scizor|atk|2\n|\n|upkeep\n|turn|15\n|inactive|zastra has 90 seconds left.\n|\n|t:|1701092508\n|move|p1a: Scizor|Bullet Punch|p2a: Iron Moth\n|-resisted|p2a: Iron Moth\n|-damage|p2a: Iron Moth|0 fnt\n|faint|p2a: Iron Moth\n|-end|p2a: Iron Moth|Quark Drive|[silent]\n|\n|upkeep\n|\n|t:|1701092515\n|switch|p2a: Ogerpon|Ogerpon-Wellspring, F|100\/100\n|turn|16\n|inactive|WivernWyvern has 120 seconds left.\n|\n|t:|1701092521\n|move|p1a: Scizor|Bullet Punch|p2a: Ogerpon\n|-resisted|p2a: Ogerpon\n|-damage|p2a: Ogerpon|44\/100\n|move|p2a: Ogerpon|Ivy Cudgel|p1a: Scizor|[anim] Ivy Cudgel Water\n|-supereffective|p1a: Scizor\n|-damage|p1a: Scizor|0 fnt\n|faint|p1a: Scizor\n|\n|upkeep\n|inactive|WivernWyvern has 120 seconds left.\n|inactive|WivernWyvern has 90 seconds left.\n|\n|t:|1701092586\n|switch|p1a: Hatterene|Hatterene, F|100\/100\n|-activate|p1a: Hatterene|move: Sticky Web\n|-unboost|p1a: Hatterene|spe|1\n|turn|17\n|inactive|zastra has 90 seconds left.\n|\n|t:|1701092597\n|move|p2a: Ogerpon|Swords Dance|p2a: Ogerpon\n|-boost|p2a: Ogerpon|atk|2\n|move|p1a: Hatterene|Nuzzle|p2a: Ogerpon\n|-damage|p2a: Ogerpon|38\/100\n|-status|p2a: Ogerpon|par\n|\n|upkeep\n|turn|18\n|\n|t:|1701092609\n|cant|p2a: Ogerpon|par\n|move|p1a: Hatterene|Psyshock|p2a: Ogerpon\n|-damage|p2a: Ogerpon|0 fnt\n|faint|p2a: Ogerpon\n|\n|upkeep\n|\n|t:|1701092614\n|switch|p2a: Kingambit|Kingambit, F|100\/100\n|-activate|p2a: Kingambit|ability: Supreme Overlord\n|-start|p2a: Kingambit|fallen3|[silent]\n|turn|19\n|\n|t:|1701092633\n|move|p2a: Kingambit|Swords Dance|p2a: Kingambit\n|-boost|p2a: Kingambit|atk|2\n|move|p1a: Hatterene|Nuzzle|p2a: Kingambit\n|-damage|p2a: Kingambit|97\/100\n|-status|p2a: Kingambit|par\n|-enditem|p2a: Kingambit|Lum Berry|[eat]\n|-curestatus|p2a: Kingambit|par|[msg]\n|\n|upkeep\n|turn|20\n|\n|t:|1701092650\n|move|p2a: Kingambit|Iron Head|p1a: Hatterene\n|-supereffective|p1a: Hatterene\n|-damage|p1a: Hatterene|0 fnt\n|faint|p1a: Hatterene\n|\n|upkeep\n|inactive|WivernWyvern has 60 seconds left.\n|\n|t:|1701092667\n|switch|p1a: Toedscruel|Toedscruel, M|100\/100\n|-activate|p1a: Toedscruel|move: Sticky Web\n|-unboost|p1a: Toedscruel|spe|1\n|turn|21\n|inactive|WivernWyvern has 60 seconds left.\n|inactive|zastra has 120 seconds left.\n|\n|t:|1701092684\n|-terastallize|p2a: Kingambit|Fighting\n|move|p1a: Toedscruel|Earth Power|p2a: Kingambit\n|-damage|p2a: Kingambit|56\/100\n|move|p2a: Kingambit|Low Kick|p1a: Toedscruel\n|-enditem|p1a: Toedscruel|Focus Sash\n|-damage|p1a: Toedscruel|1\/100\n|\n|upkeep\n|turn|22\n|inactive|zastra has 120 seconds left.\n|inactive|WivernWyvern has 60 seconds left.\n|\n|t:|1701092699\n|move|p2a: Kingambit|Sucker Punch||[still]\n|-fail|p2a: Kingambit\n|move|p1a: Toedscruel|Toxic Spikes|p2a: Kingambit\n|-sidestart|p2: zastra|move: Toxic Spikes\n|\n|upkeep\n|turn|23\n|\n|t:|1701092706\n|move|p2a: Kingambit|Sucker Punch|p1a: Toedscruel\n|-damage|p1a: Toedscruel|0 fnt\n|faint|p1a: Toedscruel\n|\n|upkeep\n|inactive|WivernWyvern has 60 seconds left.\n|\n|t:|1701092731\n|switch|p1a: Samurott|Samurott-Hisui, M|100\/100\n|-activate|p1a: Samurott|move: Sticky Web\n|-unboost|p1a: Samurott|spe|1\n|turn|24\n|\n|t:|1701092746\n|move|p1a: Samurott|Razor Shell|p2a: Kingambit|[miss]\n|-miss|p1a: Samurott|p2a: Kingambit\n|move|p2a: Kingambit|Low Kick|p1a: Samurott\n|-supereffective|p1a: Samurott\n|-damage|p1a: Samurott|0 fnt\n|faint|p1a: Samurott\n|\n|upkeep\n|\n|t:|1701092753\n|switch|p1a: Typhlosion|Typhlosion-Hisui, F|100\/100\n|-activate|p1a: Typhlosion|move: Sticky Web\n|-unboost|p1a: Typhlosion|spe|1\n|turn|25\n|\n|t:|1701092773\n|move|p2a: Kingambit|Sucker Punch||[still]\n|-fail|p2a: Kingambit\n|move|p1a: Typhlosion|Substitute|p1a: Typhlosion\n|-start|p1a: Typhlosion|Substitute\n|-damage|p1a: Typhlosion|76\/100\n|\n|-heal|p1a: Typhlosion|82\/100|[from] item: Leftovers\n|upkeep\n|turn|26\n|\n|t:|1701092784\n|move|p1a: Typhlosion|Calm Mind|p1a: Typhlosion\n|-boost|p1a: Typhlosion|spa|1\n|-boost|p1a: Typhlosion|spd|1\n|move|p2a: Kingambit|Iron Head|p1a: Typhlosion\n|-resisted|p1a: Typhlosion\n|-end|p1a: Typhlosion|Substitute\n|\n|-heal|p1a: Typhlosion|88\/100|[from] item: Leftovers\n|upkeep\n|turn|27\n|c|\u2606zastra|ok.\n|\n|t:|1701092793\n|move|p2a: Kingambit|Sucker Punch||[still]\n|-fail|p2a: Kingambit\n|move|p1a: Typhlosion|Substitute|p1a: Typhlosion\n|-start|p1a: Typhlosion|Substitute\n|-damage|p1a: Typhlosion|63\/100\n|\n|-heal|p1a: Typhlosion|69\/100|[from] item: Leftovers\n|upkeep\n|turn|28\n|inactive|WivernWyvern has 60 seconds left.\n|\n|t:|1701092808\n|move|p1a: Typhlosion|Flamethrower|p2a: Kingambit\n|-damage|p2a: Kingambit|0 fnt\n|faint|p2a: Kingambit\n|-end|p2a: Kingambit|fallen3|[silent]\n|\n|-heal|p1a: Typhlosion|75\/100|[from] item: Leftovers\n|upkeep\n|-message|zastra forfeited.\n|\n|win|WivernWyvern\n|raw|WivernWyvern's rating: 1272 &rarr; <strong>1290<\/strong><br \/>(+18 for winning)\n|raw|zastra's rating: 1166 &rarr; <strong>1148<\/strong><br \/>(-18 for losing)\n|l|\u2606zastra\n","uploadtime":1701092832,"views":3,"p1id":"wivernwyvern","p2id":"zastra","formatid":"gen9ou","rating":1148,"private":0,"password":""}