{"id":"gen9ou-1988755757","p1":"erfpapi","p2":"trialteam98","format":"[Gen 9] OU","log":"|j|\u2606erfpapi\n|j|\u2606trialteam98\n|t:|1699759036\n|gametype|singles\n|player|p1|erfpapi|blackbelt|1224\n|player|p2|trialteam98|lady-gen4|1293\n|teamsize|p1|6\n|teamsize|p2|6\n|gen|9\n|tier|[Gen 9] OU\n|rated|\n|rule|Sleep Clause Mod: Limit one foe put to sleep\n|rule|Species Clause: Limit one of each Pok\u00e9mon\n|rule|OHKO Clause: OHKO moves are banned\n|rule|Evasion Items Clause: Evasion items are banned\n|rule|Evasion Moves Clause: Evasion moves are banned\n|rule|Endless Battle Clause: Forcing endless battles is banned\n|rule|HP Percentage Mod: HP is shown in percentages\n|clearpoke\n|poke|p1|Ceruledge, F|\n|poke|p1|Lokix, F|\n|poke|p1|Indeedee, M|\n|poke|p1|Hatterene, F|\n|poke|p1|Gliscor, M|\n|poke|p1|Goodra-Hisui, M|\n|poke|p2|Infernape, F|\n|poke|p2|Rillaboom, F|\n|poke|p2|Slaking, M|\n|poke|p2|Ambipom, M|\n|poke|p2|Munkidori, M|\n|poke|p2|Passimian, F|\n|teampreview\n|inactive|Battle timer is ON: inactive players will automatically lose when time's up. (requested by trialteam98)\n|\n|t:|1699759056\n|start\n|switch|p1a: Gliscor|Gliscor, M|100\/100\n|switch|p2a: Ambipom|Ambipom, M|100\/100\n|turn|1\n|\n|t:|1699759062\n|switch|p1a: Ceruledge|Ceruledge, F|100\/100\n|move|p2a: Ambipom|Knock Off|p1a: Ceruledge\n|-supereffective|p1a: Ceruledge\n|-damage|p1a: Ceruledge|18\/100\n|-ability|p1a: Ceruledge|Weak Armor|boost\n|-unboost|p1a: Ceruledge|def|1\n|-boost|p1a: Ceruledge|spe|2\n|-enditem|p1a: Ceruledge|Focus Sash|[from] move: Knock Off|[of] p2a: Ambipom\n|\n|upkeep\n|turn|2\n|\n|t:|1699759078\n|switch|p2a: Slaking|Slaking, M|100\/100\n|move|p1a: Ceruledge|Bitter Blade|p2a: Slaking\n|-damage|p2a: Slaking|78\/100\n|-heal|p1a: Ceruledge|37\/100|[from] drain|[of] p2a: Slaking\n|\n|-heal|p2a: Slaking|84\/100|[from] item: Leftovers\n|upkeep\n|turn|3\n|\n|t:|1699759092\n|move|p1a: Ceruledge|Swords Dance|p1a: Ceruledge\n|-boost|p1a: Ceruledge|atk|2\n|move|p2a: Slaking|Earthquake|p1a: Ceruledge\n|-supereffective|p1a: Ceruledge\n|-damage|p1a: Ceruledge|0 fnt\n|faint|p1a: Ceruledge\n|\n|-heal|p2a: Slaking|91\/100|[from] item: Leftovers\n|upkeep\n|\n|t:|1699759097\n|switch|p1a: Hatterene|Hatterene, F|100\/100\n|turn|4\n|\n|t:|1699759105\n|cant|p2a: Slaking|ability: Truant\n|move|p1a: Hatterene|Calm Mind|p1a: Hatterene\n|-boost|p1a: Hatterene|spa|1\n|-boost|p1a: Hatterene|spd|1\n|\n|-heal|p2a: Slaking|97\/100|[from] item: Leftovers\n|upkeep\n|turn|5\n|\n|t:|1699759113\n|switch|p1a: Gliscor|Gliscor, M|100\/100\n|move|p2a: Slaking|Poison Jab|p1a: Gliscor\n|-resisted|p1a: Gliscor\n|-damage|p1a: Gliscor|92\/100\n|\n|-heal|p2a: Slaking|100\/100|[from] item: Leftovers\n|-status|p1a: Gliscor|tox|[from] item: Toxic Orb\n|upkeep\n|turn|6\n|\n|t:|1699759130\n|switch|p2a: Munkidori|Munkidori, M|100\/100\n|move|p1a: Gliscor|Stealth Rock|p2a: Munkidori\n|-sidestart|p2: trialteam98|move: Stealth Rock\n|\n|-heal|p1a: Gliscor|100\/100 tox|[from] ability: Poison Heal\n|upkeep\n|turn|7\n|\n|t:|1699759143\n|switch|p2a: Passimian|Passimian, F|100\/100\n|-damage|p2a: Passimian|94\/100|[from] Stealth Rock\n|move|p1a: Gliscor|Earthquake|p2a: Passimian\n|-damage|p2a: Passimian|58\/100\n|\n|upkeep\n|turn|8\n|\n|t:|1699759153\n|move|p2a: Passimian|Iron Head|p1a: Gliscor\n|-damage|p1a: Gliscor|84\/100 tox\n|move|p1a: Gliscor|Spikes|p2a: Passimian\n|-sidestart|p2: trialteam98|Spikes\n|\n|-heal|p1a: Gliscor|96\/100 tox|[from] ability: Poison Heal\n|upkeep\n|turn|9\n|\n|t:|1699759164\n|switch|p2a: Rillaboom|Rillaboom, F|100\/100\n|-damage|p2a: Rillaboom|88\/100|[from] Stealth Rock\n|-damage|p2a: Rillaboom|76\/100|[from] Spikes\n|-fieldstart|move: Grassy Terrain|[from] ability: Grassy Surge|[of] p2a: Rillaboom\n|move|p1a: Gliscor|Spikes|p2a: Rillaboom\n|-sidestart|p2: trialteam98|Spikes\n|\n|-heal|p2a: Rillaboom|82\/100|[from] Grassy Terrain\n|-heal|p1a: Gliscor|100\/100 tox|[from] ability: Poison Heal\n|upkeep\n|turn|10\n|\n|t:|1699759181\n|move|p2a: Rillaboom|Drum Beating|p1a: Gliscor\n|-damage|p1a: Gliscor|56\/100 tox\n|-unboost|p1a: Gliscor|spe|1\n|move|p1a: Gliscor|Spikes|p2a: Rillaboom\n|-sidestart|p2: trialteam98|Spikes\n|\n|-heal|p2a: Rillaboom|88\/100|[from] Grassy Terrain\n|-heal|p1a: Gliscor|69\/100 tox|[from] ability: Poison Heal\n|upkeep\n|turn|11\n|\n|t:|1699759191\n|move|p2a: Rillaboom|Drum Beating|p1a: Gliscor\n|-damage|p1a: Gliscor|22\/100 tox\n|-unboost|p1a: Gliscor|spe|1\n|move|p1a: Gliscor|Spikes||[still]\n|-fail|p1a: Gliscor\n|\n|-heal|p2a: Rillaboom|94\/100|[from] Grassy Terrain\n|-heal|p1a: Gliscor|34\/100 tox|[from] ability: Poison Heal\n|upkeep\n|turn|12\n|\n|t:|1699759207\n|move|p2a: Rillaboom|Drum Beating|p1a: Gliscor\n|-damage|p1a: Gliscor|0 fnt\n|faint|p1a: Gliscor\n|\n|-heal|p2a: Rillaboom|100\/100|[from] Grassy Terrain\n|upkeep\n|\n|t:|1699759214\n|switch|p1a: Lokix|Lokix, F|100\/100\n|turn|13\n|\n|t:|1699759223\n|switch|p2a: Slaking|Slaking, M|100\/100\n|-damage|p2a: Slaking|88\/100|[from] Stealth Rock\n|-damage|p2a: Slaking|63\/100|[from] Spikes\n|move|p1a: Lokix|First Impression|p2a: Slaking\n|-damage|p2a: Slaking|37\/100\n|-damage|p1a: Lokix|91\/100|[from] item: Life Orb\n|\n|-heal|p1a: Lokix|97\/100|[from] Grassy Terrain\n|-heal|p2a: Slaking|43\/100|[from] Grassy Terrain\n|-heal|p2a: Slaking|50\/100|[from] item: Leftovers\n|-fieldend|move: Grassy Terrain\n|upkeep\n|turn|14\n|\n|t:|1699759236\n|move|p1a: Lokix|U-turn|p2a: Slaking\n|-damage|p2a: Slaking|29\/100\n|-damage|p1a: Lokix|87\/100|[from] item: Life Orb\n|\n|t:|1699759242\n|switch|p1a: Indeedee|Indeedee, M|100\/100|[from] U-turn\n|-fieldstart|move: Psychic Terrain|[from] ability: Psychic Surge|[of] p1a: Indeedee\n|move|p2a: Slaking|Thunder Wave|p1a: Indeedee\n|-status|p1a: Indeedee|par\n|\n|-heal|p2a: Slaking|35\/100|[from] item: Leftovers\n|upkeep\n|turn|15\n|\n|t:|1699759256\n|cant|p2a: Slaking|ability: Truant\n|move|p1a: Indeedee|Psychic|p2a: Slaking\n|-damage|p2a: Slaking|0 fnt\n|faint|p2a: Slaking\n|\n|upkeep\n|\n|t:|1699759267\n|switch|p2a: Passimian|Passimian, F|58\/100\n|-damage|p2a: Passimian|52\/100|[from] Stealth Rock\n|-damage|p2a: Passimian|27\/100|[from] Spikes\n|turn|16\n|\n|t:|1699759274\n|move|p2a: Passimian|Knock Off|p1a: Indeedee\n|-supereffective|p1a: Indeedee\n|-damage|p1a: Indeedee|0 fnt\n|-enditem|p1a: Indeedee|Choice Scarf|[from] move: Knock Off|[of] p2a: Passimian\n|faint|p1a: Indeedee\n|\n|upkeep\n|\n|t:|1699759276\n|switch|p1a: Lokix|Lokix, F|87\/100\n|turn|17\n|\n|t:|1699759283\n|move|p2a: Passimian|Knock Off|p1a: Lokix\n|-resisted|p1a: Lokix\n|-damage|p1a: Lokix|61\/100\n|-enditem|p1a: Lokix|Life Orb|[from] move: Knock Off|[of] p2a: Passimian\n|move|p1a: Lokix|Knock Off|p2a: Passimian\n|-resisted|p2a: Passimian\n|-damage|p2a: Passimian|0 fnt\n|-enditem|p2a: Passimian|Choice Scarf|[from] move: Knock Off|[of] p1a: Lokix\n|faint|p2a: Passimian\n|\n|upkeep\n|\n|t:|1699759305\n|switch|p2a: Munkidori|Munkidori, M|100\/100\n|-damage|p2a: Munkidori|88\/100|[from] Stealth Rock\n|-damage|p2a: Munkidori|63\/100|[from] Spikes\n|turn|18\n|\n|t:|1699759317\n|move|p2a: Munkidori|Sludge Bomb|p1a: Lokix\n|-damage|p1a: Lokix|0 fnt\n|faint|p1a: Lokix\n|-damage|p2a: Munkidori|53\/100|[from] item: Life Orb\n|\n|-fieldend|move: Psychic Terrain\n|upkeep\n|\n|t:|1699759335\n|switch|p1a: Hatterene|Hatterene, F|100\/100\n|turn|19\n|\n|t:|1699759339\n|move|p2a: Munkidori|Sludge Bomb|p1a: Hatterene\n|-supereffective|p1a: Hatterene\n|-damage|p1a: Hatterene|2\/100\n|-damage|p2a: Munkidori|44\/100|[from] item: Life Orb\n|move|p1a: Hatterene|Psyshock|p2a: Munkidori\n|-damage|p2a: Munkidori|0 fnt\n|faint|p2a: Munkidori\n|\n|-heal|p1a: Hatterene|8\/100|[from] item: Leftovers\n|upkeep\n|\n|t:|1699759356\n|switch|p2a: Infernape|Infernape, F|100\/100\n|-damage|p2a: Infernape|88\/100|[from] Stealth Rock\n|-damage|p2a: Infernape|63\/100|[from] Spikes\n|turn|20\n|\n|t:|1699759362\n|move|p2a: Infernape|Fake Out|p1a: Hatterene\n|-damage|p1a: Hatterene|0 fnt\n|faint|p1a: Hatterene\n|-damage|p2a: Infernape|53\/100|[from] item: Life Orb\n|\n|upkeep\n|\n|t:|1699759367\n|switch|p1a: Goodra|Goodra-Hisui, M|100\/100\n|turn|21\n|\n|t:|1699759370\n|move|p2a: Infernape|Drain Punch|p1a: Goodra\n|-supereffective|p1a: Goodra\n|-damage|p1a: Goodra|0 fnt\n|-heal|p2a: Infernape|100\/100|[from] drain|[of] p1a: Goodra\n|-ability|p1a: Goodra|Gooey\n|-unboost|p2a: Infernape|spe|1\n|faint|p1a: Goodra\n|-damage|p2a: Infernape|91\/100|[from] item: Life Orb\n|\n|win|trialteam98\n|raw|erfpapi's rating: 1224 &rarr; <strong>1204<\/strong><br \/>(-20 for losing)\n|raw|trialteam98's rating: 1293 &rarr; <strong>1313<\/strong><br \/>(+20 for winning)\n|l|\u2606erfpapi\n","uploadtime":1699759376,"views":9,"p1id":"erfpapi","p2id":"trialteam98","formatid":"gen9ou","rating":1204,"private":0,"password":""}