{"id":"gen9ou-1988743376","p1":"GinjaNinja2005","p2":"IATO_Chan","format":"[Gen 9] OU","log":"|j|\u2606GinjaNinja2005\n|j|\u2606IATO_Chan\n|t:|1699757486\n|gametype|singles\n|player|p1|GinjaNinja2005|1|1262\n|player|p2|IATO_Chan|mira|1336\n|teamsize|p1|6\n|teamsize|p2|6\n|gen|9\n|tier|[Gen 9] OU\n|rated|\n|rule|Sleep Clause Mod: Limit one foe put to sleep\n|rule|Species Clause: Limit one of each Pok\u00e9mon\n|rule|OHKO Clause: OHKO moves are banned\n|rule|Evasion Items Clause: Evasion items are banned\n|rule|Evasion Moves Clause: Evasion moves are banned\n|rule|Endless Battle Clause: Forcing endless battles is banned\n|rule|HP Percentage Mod: HP is shown in percentages\n|clearpoke\n|poke|p1|Gliscor, F|\n|poke|p1|Iron Valiant|\n|poke|p1|Kingambit, F|\n|poke|p1|Heatran, M|\n|poke|p1|Walking Wake|\n|poke|p1|Great Tusk|\n|poke|p2|Meowscarada, M|\n|poke|p2|Sandy Shocks|\n|poke|p2|Tsareena, F|\n|poke|p2|Corviknight, M|\n|poke|p2|Iron Moth|\n|poke|p2|Gastrodon, F|\n|teampreview\n|\n|t:|1699757495\n|start\n|switch|p1a: Gliscor|Gliscor, F|100\/100\n|switch|p2a: Sandy Shocks|Sandy Shocks|100\/100\n|turn|1\n|\n|t:|1699757504\n|move|p1a: Gliscor|Protect|p1a: Gliscor\n|-singleturn|p1a: Gliscor|Protect\n|move|p2a: Sandy Shocks|Stealth Rock|p1a: Gliscor\n|-sidestart|p1: GinjaNinja2005|move: Stealth Rock\n|\n|-status|p1a: Gliscor|tox|[from] item: Toxic Orb\n|upkeep\n|turn|2\n|\n|t:|1699757512\n|-terastallize|p2a: Sandy Shocks|Ice\n|move|p2a: Sandy Shocks|Tera Blast|p1a: Gliscor|[anim] Tera Blast Ice\n|-supereffective|p1a: Gliscor\n|-damage|p1a: Gliscor|0 fnt\n|faint|p1a: Gliscor\n|\n|upkeep\n|\n|t:|1699757539\n|switch|p1a: Iron Valiant|Iron Valiant|100\/100\n|-damage|p1a: Iron Valiant|94\/100|[from] Stealth Rock\n|-enditem|p1a: Iron Valiant|Booster Energy\n|-activate|p1a: Iron Valiant|ability: Quark Drive|[fromitem]\n|-start|p1a: Iron Valiant|quarkdrivespe\n|turn|3\n|\n|t:|1699757548\n|-end|p2a: Sandy Shocks|Protosynthesis|[silent]\n|switch|p2a: Corviknight|Corviknight, M|100\/100\n|-ability|p2a: Corviknight|Pressure\n|move|p1a: Iron Valiant|Aura Sphere|p2a: Corviknight\n|-damage|p2a: Corviknight|59\/100\n|\n|-heal|p2a: Corviknight|65\/100|[from] item: Leftovers\n|upkeep\n|turn|4\n|\n|t:|1699757559\n|-end|p1a: Iron Valiant|Quark Drive|[silent]\n|switch|p1a: Heatran|Heatran, M|100\/100\n|-damage|p1a: Heatran|88\/100|[from] Stealth Rock\n|move|p2a: Corviknight|Brave Bird|p1a: Heatran\n|-resisted|p1a: Heatran\n|-damage|p1a: Heatran|73\/100\n|-status|p2a: Corviknight|brn|[from] ability: Flame Body|[of] p1a: Heatran\n|-damage|p2a: Corviknight|60\/100 brn|[from] Recoil\n|\n|-heal|p1a: Heatran|80\/100|[from] item: Leftovers\n|-heal|p2a: Corviknight|66\/100 brn|[from] item: Leftovers\n|-damage|p2a: Corviknight|60\/100 brn|[from] brn\n|upkeep\n|turn|5\n|\n|t:|1699757574\n|switch|p2a: Gastrodon|Gastrodon, F|100\/100\n|move|p1a: Heatran|Stealth Rock|p2a: Gastrodon\n|-sidestart|p2: IATO_Chan|move: Stealth Rock\n|\n|-heal|p1a: Heatran|86\/100|[from] item: Leftovers\n|upkeep\n|turn|6\n|\n|t:|1699757584\n|switch|p1a: Iron Valiant|Iron Valiant|94\/100\n|-damage|p1a: Iron Valiant|88\/100|[from] Stealth Rock\n|move|p2a: Gastrodon|Spikes|p1a: Iron Valiant\n|-sidestart|p1: GinjaNinja2005|Spikes\n|\n|upkeep\n|turn|7\n|\n|t:|1699757593\n|move|p1a: Iron Valiant|Energy Ball|p2a: Gastrodon\n|-supereffective|p2a: Gastrodon\n|-damage|p2a: Gastrodon|24\/100\n|move|p2a: Gastrodon|Clear Smog|p1a: Iron Valiant\n|-supereffective|p1a: Iron Valiant\n|-damage|p1a: Iron Valiant|50\/100\n|-clearboost|p1a: Iron Valiant\n|\n|-heal|p2a: Gastrodon|31\/100|[from] item: Leftovers\n|upkeep\n|turn|8\n|\n|t:|1699757608\n|switch|p2a: Corviknight|Corviknight, M|60\/100 brn\n|-damage|p2a: Corviknight|48\/100 brn|[from] Stealth Rock\n|-ability|p2a: Corviknight|Pressure\n|move|p1a: Iron Valiant|Moonblast|p2a: Corviknight\n|-resisted|p2a: Corviknight\n|-damage|p2a: Corviknight|25\/100 brn\n|\n|-heal|p2a: Corviknight|31\/100 brn|[from] item: Leftovers\n|-damage|p2a: Corviknight|25\/100 brn|[from] brn\n|upkeep\n|turn|9\n|\n|t:|1699757624\n|move|p1a: Iron Valiant|Aura Sphere|p2a: Corviknight\n|-damage|p2a: Corviknight|0 fnt\n|faint|p2a: Corviknight\n|\n|upkeep\n|\n|t:|1699757637\n|switch|p2a: Meowscarada|Meowscarada, M|100\/100\n|-damage|p2a: Meowscarada|88\/100|[from] Stealth Rock\n|turn|10\n|\n|t:|1699757643\n|-end|p1a: Iron Valiant|Quark Drive|[silent]\n|switch|p1a: Walking Wake|Walking Wake|100\/100\n|-damage|p1a: Walking Wake|88\/100|[from] Stealth Rock\n|-damage|p1a: Walking Wake|76\/100|[from] Spikes\n|-enditem|p1a: Walking Wake|Booster Energy\n|-activate|p1a: Walking Wake|ability: Protosynthesis|[fromitem]\n|-start|p1a: Walking Wake|protosynthesisspa\n|move|p2a: Meowscarada|Flower Trick|p1a: Walking Wake\n|-start|p2a: Meowscarada|typechange|Grass|[from] ability: Protean\n|-crit|p1a: Walking Wake\n|-damage|p1a: Walking Wake|22\/100\n|\n|upkeep\n|turn|11\n|\n|t:|1699757664\n|move|p2a: Meowscarada|Flower Trick|p1a: Walking Wake\n|-crit|p1a: Walking Wake\n|-damage|p1a: Walking Wake|0 fnt\n|faint|p1a: Walking Wake\n|-end|p1a: Walking Wake|Protosynthesis|[silent]\n|\n|upkeep\n|\n|t:|1699757670\n|switch|p1a: Heatran|Heatran, M|86\/100\n|-damage|p1a: Heatran|73\/100|[from] Stealth Rock\n|-damage|p1a: Heatran|61\/100|[from] Spikes\n|turn|12\n|\n|t:|1699757677\n|switch|p2a: Gastrodon|Gastrodon, F|31\/100\n|-damage|p2a: Gastrodon|24\/100|[from] Stealth Rock\n|move|p1a: Heatran|Magma Storm|p2a: Gastrodon\n|-resisted|p2a: Gastrodon\n|-crit|p2a: Gastrodon\n|-damage|p2a: Gastrodon|4\/100\n|-activate|p2a: Gastrodon|move: Magma Storm|[of] p1a: Heatran\n|\n|-heal|p1a: Heatran|67\/100|[from] item: Leftovers\n|-heal|p2a: Gastrodon|10\/100|[from] item: Leftovers\n|-damage|p2a: Gastrodon|0 fnt|[from] move: Magma Storm|[partiallytrapped]\n|faint|p2a: Gastrodon\n|upkeep\n|\n|t:|1699757687\n|switch|p2a: Sandy Shocks|Sandy Shocks, tera:Ice|100\/100\n|turn|13\n|\n|t:|1699757695\n|switch|p1a: Great Tusk|Great Tusk|100\/100\n|-damage|p1a: Great Tusk|98\/100|[from] Stealth Rock\n|-damage|p1a: Great Tusk|85\/100|[from] Spikes\n|move|p2a: Sandy Shocks|Earth Power|p1a: Great Tusk\n|-damage|p1a: Great Tusk|32\/100\n|\n|-heal|p1a: Great Tusk|38\/100|[from] item: Leftovers\n|upkeep\n|turn|14\n|\n|t:|1699757726\n|move|p2a: Sandy Shocks|Earth Power|p1a: Great Tusk\n|-crit|p1a: Great Tusk\n|-damage|p1a: Great Tusk|0 fnt\n|faint|p1a: Great Tusk\n|-end|p1a: Great Tusk|Protosynthesis|[silent]\n|\n|upkeep\n|\n|t:|1699757733\n|switch|p1a: Kingambit|Kingambit, F|100\/100\n|-damage|p1a: Kingambit|94\/100|[from] Stealth Rock\n|-damage|p1a: Kingambit|82\/100|[from] Spikes\n|-activate|p1a: Kingambit|ability: Supreme Overlord\n|-start|p1a: Kingambit|fallen3|[silent]\n|turn|15\n|\n|t:|1699757742\n|-terastallize|p1a: Kingambit|Dark\n|move|p2a: Sandy Shocks|Tera Blast|p1a: Kingambit|[anim] Tera Blast Ice\n|-damage|p1a: Kingambit|43\/100\n|move|p1a: Kingambit|Low Kick|p2a: Sandy Shocks\n|-supereffective|p2a: Sandy Shocks\n|-damage|p2a: Sandy Shocks|14\/100\n|\n|-heal|p1a: Kingambit|50\/100|[from] item: Leftovers\n|upkeep\n|turn|16\n|\n|t:|1699757754\n|move|p1a: Kingambit|Sucker Punch|p2a: Sandy Shocks\n|-damage|p2a: Sandy Shocks|0 fnt\n|faint|p2a: Sandy Shocks\n|-end|p2a: Sandy Shocks|Protosynthesis|[silent]\n|\n|-heal|p1a: Kingambit|56\/100|[from] item: Leftovers\n|upkeep\n|\n|t:|1699757757\n|switch|p2a: Tsareena|Tsareena, F|100\/100\n|-damage|p2a: Tsareena|88\/100|[from] Stealth Rock\n|turn|17\n|\n|t:|1699757766\n|move|p2a: Tsareena|Low Kick|p1a: Kingambit\n|-supereffective|p1a: Kingambit\n|-damage|p1a: Kingambit|10\/100\n|move|p1a: Kingambit|Iron Head|p2a: Tsareena\n|-damage|p2a: Tsareena|28\/100\n|-damage|p1a: Kingambit|0 fnt|[from] item: Rocky Helmet|[of] p2a: Tsareena\n|faint|p1a: Kingambit\n|-end|p1a: Kingambit|fallen3|[silent]\n|\n|upkeep\n|\n|t:|1699757779\n|switch|p1a: Iron Valiant|Iron Valiant|50\/100\n|-damage|p1a: Iron Valiant|44\/100|[from] Stealth Rock\n|-damage|p1a: Iron Valiant|31\/100|[from] Spikes\n|turn|18\n|\n|t:|1699757788\n|move|p1a: Iron Valiant|Vacuum Wave||[still]\n|cant|p2a: Tsareena|ability: Queenly Majesty|Vacuum Wave|[of] p1a: Iron Valiant\n|move|p2a: Tsareena|Power Whip|p1a: Iron Valiant\n|-damage|p1a: Iron Valiant|0 fnt\n|faint|p1a: Iron Valiant\n|-end|p1a: Iron Valiant|Quark Drive|[silent]\n|\n|upkeep\n|\n|t:|1699757796\n|switch|p1a: Heatran|Heatran, M|67\/100\n|-damage|p1a: Heatran|55\/100|[from] Stealth Rock\n|-damage|p1a: Heatran|42\/100|[from] Spikes\n|turn|19\n|\n|t:|1699757811\n|move|p1a: Heatran|Magma Storm|p2a: Tsareena\n|-supereffective|p2a: Tsareena\n|-damage|p2a: Tsareena|0 fnt\n|faint|p2a: Tsareena\n|\n|-heal|p1a: Heatran|48\/100|[from] item: Leftovers\n|upkeep\n|\n|t:|1699757816\n|switch|p2a: Meowscarada|Meowscarada, M|88\/100\n|-damage|p2a: Meowscarada|76\/100|[from] Stealth Rock\n|turn|20\n|\n|t:|1699757822\n|move|p2a: Meowscarada|Knock Off|p1a: Heatran\n|-start|p2a: Meowscarada|typechange|Dark|[from] ability: Protean\n|-damage|p1a: Heatran|13\/100\n|-enditem|p1a: Heatran|Leftovers|[from] move: Knock Off|[of] p2a: Meowscarada\n|move|p1a: Heatran|Magma Storm|p2a: Meowscarada\n|-damage|p2a: Meowscarada|13\/100\n|-activate|p2a: Meowscarada|move: Magma Storm|[of] p1a: Heatran\n|\n|-damage|p2a: Meowscarada|1\/100|[from] move: Magma Storm|[partiallytrapped]\n|upkeep\n|turn|21\n|-message|GinjaNinja2005 forfeited.\n|\n|win|IATO_Chan\n|raw|GinjaNinja2005's rating: 1262 &rarr; <strong>1242<\/strong><br \/>(-20 for losing)\n|raw|IATO_Chan's rating: 1336 &rarr; <strong>1352<\/strong><br \/>(+16 for winning)\n|l|\u2606GinjaNinja2005\n","uploadtime":1699757842,"views":8,"p1id":"ginjaninja2005","p2id":"iatochan","formatid":"gen9ou","rating":1242,"private":0,"password":""}