{"id":"gen9ou-1998125120","p1":"Blad_okay","p2":"johaniscastell","format":"[Gen 9] OU","log":"|j|\u2606Blad_okay\n|j|\u2606johaniscastell\n|t:|1700895887\n|gametype|singles\n|player|p1|Blad_okay|265|1212\n|player|p2|johaniscastell|brock|1280\n|teamsize|p1|6\n|teamsize|p2|6\n|gen|9\n|tier|[Gen 9] OU\n|rated|\n|rule|Sleep Clause Mod: Limit one foe put to sleep\n|rule|Species Clause: Limit one of each Pok\u00e9mon\n|rule|OHKO Clause: OHKO moves are banned\n|rule|Evasion Items Clause: Evasion items are banned\n|rule|Evasion Moves Clause: Evasion moves are banned\n|rule|Endless Battle Clause: Forcing endless battles is banned\n|rule|HP Percentage Mod: HP is shown in percentages\n|clearpoke\n|poke|p1|Zapdos|\n|poke|p1|Alomomola, F|\n|poke|p1|Cinderace, F|\n|poke|p1|Garganacl, M|\n|poke|p1|Rillaboom, F|\n|poke|p1|Hoopa-Unbound|\n|poke|p2|Dragonite, M|\n|poke|p2|Slowbro-Galar, M|\n|poke|p2|Primeape, F|\n|poke|p2|Scyther, M|\n|poke|p2|Ogerpon-Wellspring, F|\n|poke|p2|Ditto|\n|teampreview\n|\n|t:|1700895902\n|start\n|switch|p1a: Zapdos|Zapdos|100\/100\n|switch|p2a: Backshots|Scyther, M, shiny|100\/100\n|turn|1\n|inactive|Battle timer is ON: inactive players will automatically lose when time's up. (requested by Blad_okay)\n|\n|t:|1700895920\n|move|p2a: Backshots|Focus Energy|p2a: Backshots\n|-start|p2a: Backshots|move: Focus Energy\n|move|p1a: Zapdos|Thunder Wave|p2a: Backshots\n|-status|p2a: Backshots|par\n|\n|upkeep\n|turn|2\n|\n|t:|1700895935\n|move|p1a: Zapdos|Volt Switch|p2a: Backshots\n|-supereffective|p2a: Backshots\n|-damage|p2a: Backshots|21\/100 par\n|\n|t:|1700895940\n|switch|p1a: Alomomola|Alomomola, F|100\/100|[from] Volt Switch\n|move|p2a: Backshots|Dual Wingbeat|p1a: Alomomola\n|-crit|p1a: Alomomola\n|-damage|p1a: Alomomola|71\/100\n|-crit|p1a: Alomomola\n|-damage|p1a: Alomomola|40\/100\n|-hitcount|p1a: Alomomola|2\n|-enditem|p1a: Alomomola|Red Card|[of] p2a: Backshots\n|drag|p2a: One Punch|Dragonite, M|100\/100\n|\n|upkeep\n|turn|3\n|\n|t:|1700895952\n|switch|p1a: Zapdos|Zapdos|100\/100\n|move|p2a: One Punch|Thunder Punch|p1a: Zapdos\n|-damage|p1a: Zapdos|62\/100\n|\n|upkeep\n|turn|4\n|\n|t:|1700895967\n|switch|p2a: Backshots|Scyther, M, shiny|21\/100 par\n|move|p1a: Zapdos|Thunder Wave|p2a: Backshots\n|-fail|p2a: Backshots|par\n|\n|upkeep\n|turn|5\n|\n|t:|1700895980\n|switch|p2a: MajinCum|Ditto|100\/100\n|-transform|p2a: MajinCum|p1a: Zapdos|[from] ability: Imposter\n|move|p1a: Zapdos|Roost|p1a: Zapdos\n|-heal|p1a: Zapdos|100\/100\n|-singleturn|p1a: Zapdos|move: Roost\n|\n|upkeep\n|turn|6\n|\n|t:|1700895991\n|switch|p1a: Rillaboom|Rillaboom, F|100\/100\n|-fieldstart|move: Grassy Terrain|[from] ability: Grassy Surge|[of] p1a: Rillaboom\n|move|p2a: MajinCum|Hurricane|p1a: Rillaboom|[miss]\n|-miss|p2a: MajinCum|p1a: Rillaboom\n|\n|upkeep\n|turn|7\n|\n|t:|1700896000\n|switch|p1a: Garganacl|Garganacl, M|100\/100\n|move|p2a: MajinCum|Hurricane|p1a: Garganacl\n|-resisted|p1a: Garganacl\n|-crit|p1a: Garganacl\n|-damage|p1a: Garganacl|73\/100\n|\n|-heal|p1a: Garganacl|79\/100|[from] Grassy Terrain\n|-heal|p1a: Garganacl|85\/100|[from] item: Leftovers\n|upkeep\n|turn|8\n|\n|t:|1700896013\n|switch|p2a: Backshots|Scyther, M, shiny|21\/100 par\n|move|p1a: Garganacl|Salt Cure|p2a: Backshots\n|-supereffective|p2a: Backshots\n|-damage|p2a: Backshots|0 fnt\n|faint|p2a: Backshots\n|\n|-heal|p1a: Garganacl|91\/100|[from] Grassy Terrain\n|-heal|p1a: Garganacl|97\/100|[from] item: Leftovers\n|upkeep\n|\n|t:|1700896023\n|switch|p2a: SHREK|Ogerpon-Wellspring, F|100\/100\n|turn|9\n|\n|t:|1700896037\n|-terastallize|p2a: SHREK|Water\n|detailschange|p2a: SHREK|Ogerpon-Wellspring-Tera, F, tera:Water\n|-ability|p2a: SHREK|Embody Aspect (Wellspring)|boost\n|-boost|p2a: SHREK|spd|1\n|-terastallize|p1a: Garganacl|Electric\n|move|p2a: SHREK|Ivy Cudgel|p1a: Garganacl|[anim] Ivy Cudgel Water\n|-damage|p1a: Garganacl|52\/100\n|move|p1a: Garganacl|Salt Cure|p2a: SHREK\n|-damage|p2a: SHREK|82\/100\n|-start|p2a: SHREK|Salt Cure\n|\n|-heal|p2a: SHREK|88\/100|[from] Grassy Terrain\n|-heal|p1a: Garganacl|58\/100|[from] Grassy Terrain\n|-heal|p1a: Garganacl|65\/100|[from] item: Leftovers\n|-damage|p2a: SHREK|63\/100|[from] Salt Cure\n|upkeep\n|turn|10\n|\n|t:|1700896054\n|move|p2a: SHREK|Knock Off|p1a: Garganacl\n|-crit|p1a: Garganacl\n|-damage|p1a: Garganacl|33\/100\n|-enditem|p1a: Garganacl|Leftovers|[from] move: Knock Off|[of] p2a: SHREK\n|move|p1a: Garganacl|Curse|p1a: Garganacl\n|-unboost|p1a: Garganacl|spe|1\n|-boost|p1a: Garganacl|atk|1\n|-boost|p1a: Garganacl|def|1\n|\n|-heal|p2a: SHREK|69\/100|[from] Grassy Terrain\n|-heal|p1a: Garganacl|39\/100|[from] Grassy Terrain\n|-damage|p2a: SHREK|44\/100|[from] Salt Cure\n|-fieldend|move: Grassy Terrain\n|upkeep\n|turn|11\n|\n|t:|1700896068\n|switch|p2a: MajinCum|Ditto|100\/100\n|-transform|p2a: MajinCum|p1a: Garganacl|[from] ability: Imposter\n|move|p1a: Garganacl|Recover|p1a: Garganacl\n|-heal|p1a: Garganacl|89\/100\n|\n|upkeep\n|-start|p2a: MajinCum|typechange|Rock|[silent]\n|turn|12\n|\n|t:|1700896085\n|switch|p1a: Rillaboom|Rillaboom, F|100\/100\n|-fieldstart|move: Grassy Terrain|[from] ability: Grassy Surge|[of] p1a: Rillaboom\n|move|p2a: MajinCum|Salt Cure|p1a: Rillaboom\n|-damage|p1a: Rillaboom|79\/100\n|-start|p1a: Rillaboom|Salt Cure\n|\n|-heal|p1a: Rillaboom|86\/100|[from] Grassy Terrain\n|-damage|p1a: Rillaboom|73\/100|[from] Salt Cure\n|upkeep\n|turn|13\n|\n|t:|1700896098\n|switch|p2a: Django|Slowbro-Galar, M, shiny|100\/100\n|move|p1a: Rillaboom|Wood Hammer|p2a: Django\n|-resisted|p2a: Django\n|-crit|p2a: Django\n|-damage|p2a: Django|19\/100\n|-damage|p1a: Rillaboom|47\/100|[from] Recoil\n|\n|-heal|p1a: Rillaboom|53\/100|[from] Grassy Terrain\n|-heal|p2a: Django|25\/100|[from] Grassy Terrain\n|-damage|p1a: Rillaboom|41\/100|[from] Salt Cure\n|upkeep\n|turn|14\n|\n|t:|1700896112\n|switch|p1a: Alomomola|Alomomola, F|73\/100\n|switch|p2a: LIL RAYRAY|Primeape, F|100\/100\n|\n|-heal|p1a: Alomomola|80\/100|[from] Grassy Terrain\n|upkeep\n|turn|15\n|\n|t:|1700896121\n|move|p2a: LIL RAYRAY|Bulk Up|p2a: LIL RAYRAY\n|-boost|p2a: LIL RAYRAY|atk|1\n|-boost|p2a: LIL RAYRAY|def|1\n|move|p1a: Alomomola|Wish|p1a: Alomomola\n|\n|-heal|p1a: Alomomola|86\/100|[from] Grassy Terrain\n|upkeep\n|turn|16\n|\n|t:|1700896131\n|move|p2a: LIL RAYRAY|Bulk Up|p2a: LIL RAYRAY\n|-boost|p2a: LIL RAYRAY|atk|1\n|-boost|p2a: LIL RAYRAY|def|1\n|move|p1a: Alomomola|Flip Turn|p2a: LIL RAYRAY\n|-damage|p2a: LIL RAYRAY|92\/100\n|\n|t:|1700896134\n|switch|p1a: Zapdos|Zapdos|100\/100|[from] Flip Turn\n|\n|-heal|p2a: LIL RAYRAY|98\/100|[from] Grassy Terrain\n|-fieldend|move: Grassy Terrain\n|upkeep\n|turn|17\n|\n|t:|1700896142\n|move|p1a: Zapdos|Hurricane|p2a: LIL RAYRAY\n|-supereffective|p2a: LIL RAYRAY\n|-damage|p2a: LIL RAYRAY|40\/100\n|-start|p2a: LIL RAYRAY|confusion\n|-activate|p2a: LIL RAYRAY|confusion\n|move|p2a: LIL RAYRAY|Taunt|p1a: Zapdos\n|-start|p1a: Zapdos|move: Taunt\n|\n|upkeep\n|turn|18\n|\n|t:|1700896154\n|move|p1a: Zapdos|Hurricane|p2a: LIL RAYRAY\n|-supereffective|p2a: LIL RAYRAY\n|-damage|p2a: LIL RAYRAY|0 fnt\n|faint|p2a: LIL RAYRAY\n|\n|upkeep\n|\n|t:|1700896159\n|switch|p2a: One Punch|Dragonite, M|100\/100\n|turn|19\n|\n|t:|1700896165\n|move|p1a: Zapdos|Volt Switch|p2a: One Punch\n|-damage|p2a: One Punch|85\/100\n|\n|t:|1700896170\n|switch|p1a: Garganacl|Garganacl, M, tera:Electric|89\/100|[from] Volt Switch\n|move|p2a: One Punch|Ice Punch|p1a: Garganacl\n|-damage|p1a: Garganacl|67\/100\n|\n|upkeep\n|turn|20\n|c|\u2606johaniscastell|youre fuckin garbage\n|\n|t:|1700896188\n|switch|p2a: SHREK|Ogerpon-Wellspring-Tera, F, tera:Water|44\/100\n|-ability|p2a: SHREK|Embody Aspect (Wellspring)|boost\n|-boost|p2a: SHREK|spd|1\n|move|p1a: Garganacl|Salt Cure|p2a: SHREK\n|-crit|p2a: SHREK\n|-damage|p2a: SHREK|17\/100\n|-start|p2a: SHREK|Salt Cure\n|\n|-damage|p2a: SHREK|0 fnt|[from] Salt Cure\n|faint|p2a: SHREK\n|upkeep\n|\n|t:|1700896197\n|switch|p2a: Django|Slowbro-Galar, M, shiny|25\/100\n|turn|21\n|c|\u2606johaniscastell|Im not even trying\n|\n|t:|1700896221\n|move|p1a: Garganacl|Salt Cure|p2a: Django\n|-damage|p2a: Django|12\/100\n|-start|p2a: Django|Salt Cure\n|move|p2a: Django|Psychic|p1a: Garganacl\n|-damage|p1a: Garganacl|33\/100\n|\n|-damage|p2a: Django|0 fnt|[from] Salt Cure\n|faint|p2a: Django\n|upkeep\n|c|\u2606johaniscastell|Merry Kwanza though\n|c|\u2606Blad_okay|???\n|c|\u2606Blad_okay|gg bro\n|c|\u2606johaniscastell|hopeKrampus touch you in your sweet spot\n|inactive|johaniscastell has 120 seconds left.\n|c|\u2606johaniscastell|jk yeah gg man\n|c|\u2606Blad_okay|lol\n|c|\u2606johaniscastell|messing sround with my friends\n|c|\u2606johaniscastell|have a good night\n|-message|johaniscastell forfeited.\n|\n|win|Blad_okay\n|raw|Blad_okay's rating: 1212 &rarr; <strong>1242<\/strong><br \/>(+30 for winning)\n|raw|johaniscastell's rating: 1280 &rarr; <strong>1250<\/strong><br \/>(-30 for losing)\n|l|\u2606johaniscastell\n","uploadtime":1700896185,"views":1,"p1id":"bladokay","p2id":"johaniscastell","formatid":"gen9ou","rating":1242,"private":0,"password":""}