{"id":"gen9ou-1996166240","p1":"Esgarr","p2":"Brocckoli","format":"[Gen 9] OU","log":"|j|\u2606Esgarr\n|j|\u2606Brocckoli\n|t:|1700653925\n|gametype|singles\n|player|p1|Esgarr|1|1120\n|player|p2|Brocckoli|ash|1079\n|teamsize|p1|6\n|teamsize|p2|6\n|gen|9\n|tier|[Gen 9] OU\n|rated|\n|rule|Sleep Clause Mod: Limit one foe put to sleep\n|rule|Species Clause: Limit one of each Pok\u00e9mon\n|rule|OHKO Clause: OHKO moves are banned\n|rule|Evasion Items Clause: Evasion items are banned\n|rule|Evasion Moves Clause: Evasion moves are banned\n|rule|Endless Battle Clause: Forcing endless battles is banned\n|rule|HP Percentage Mod: HP is shown in percentages\n|clearpoke\n|poke|p1|Zangoose, F|\n|poke|p1|Landorus-Therian, M|\n|poke|p1|Gholdengo|\n|poke|p1|Ogerpon-Wellspring, F|\n|poke|p1|Regidrago|\n|poke|p1|Slowking-Galar, M|\n|poke|p2|Cinderace, M|\n|poke|p2|Gholdengo|\n|poke|p2|Walking Wake|\n|poke|p2|Ogerpon-Wellspring, F|\n|poke|p2|Garchomp, M|\n|poke|p2|Kingambit, M|\n|teampreview\n|\n|t:|1700653935\n|start\n|switch|p1a: Regidrago|Regidrago|100\/100\n|switch|p2a: Garchomp|Garchomp, M|100\/100\n|turn|1\n|\n|t:|1700653950\n|move|p1a: Regidrago|Draco Meteor|p2a: Garchomp\n|-supereffective|p2a: Garchomp\n|-damage|p2a: Garchomp|0 fnt\n|-unboost|p1a: Regidrago|spa|2\n|faint|p2a: Garchomp\n|\n|upkeep\n|\n|t:|1700653960\n|switch|p2a: Ogerpon|Ogerpon-Wellspring, F|100\/100\n|turn|2\n|\n|t:|1700653991\n|switch|p1a: Zangoose|Zangoose, F, shiny|100\/100\n|move|p2a: Ogerpon|Swords Dance|p2a: Ogerpon\n|-boost|p2a: Ogerpon|atk|2\n|\n|-status|p1a: Zangoose|tox|[from] item: Toxic Orb\n|upkeep\n|turn|3\n|\n|t:|1700654001\n|move|p2a: Ogerpon|Horn Leech|p1a: Zangoose\n|-damage|p1a: Zangoose|0 fnt\n|faint|p1a: Zangoose\n|\n|upkeep\n|\n|t:|1700654010\n|switch|p1a: Ogerpon|Ogerpon-Wellspring, F|100\/100\n|turn|4\n|\n|t:|1700654018\n|move|p2a: Ogerpon|Horn Leech|p1a: Ogerpon\n|-damage|p1a: Ogerpon|0 fnt\n|faint|p1a: Ogerpon\n|\n|upkeep\n|\n|t:|1700654022\n|switch|p1a: Regidrago|Regidrago|100\/100\n|turn|5\n|\n|t:|1700654034\n|move|p1a: Regidrago|Draco Meteor|p2a: Ogerpon\n|-damage|p2a: Ogerpon|0 fnt\n|-unboost|p1a: Regidrago|spa|2\n|faint|p2a: Ogerpon\n|\n|upkeep\n|\n|t:|1700654039\n|switch|p2a: Kingambit|Kingambit, M|100\/100\n|turn|6\n|\n|t:|1700654046\n|switch|p1a: Landorus|Landorus-Therian, M|100\/100\n|-ability|p1a: Landorus|Intimidate|boost\n|-unboost|p2a: Kingambit|atk|1\n|-ability|p2a: Kingambit|Defiant|boost\n|-boost|p2a: Kingambit|atk|2\n|move|p2a: Kingambit|Swords Dance|p2a: Kingambit\n|-boost|p2a: Kingambit|atk|2\n|\n|upkeep\n|turn|7\n|inactive|Battle timer is ON: inactive players will automatically lose when time's up. (requested by Brocckoli)\n|\n|t:|1700654068\n|move|p2a: Kingambit|Sucker Punch|p1a: Landorus\n|-damage|p1a: Landorus|0 fnt\n|faint|p1a: Landorus\n|\n|upkeep\n|\n|t:|1700654074\n|switch|p1a: Slowking|Slowking-Galar, M|100\/100\n|turn|8\n|\n|t:|1700654081\n|-terastallize|p1a: Slowking|Normal\n|move|p2a: Kingambit|Kowtow Cleave|p1a: Slowking\n|-crit|p1a: Slowking\n|-damage|p1a: Slowking|0 fnt\n|faint|p1a: Slowking\n|\n|upkeep\n|\n|t:|1700654087\n|switch|p1a: Gholdengo|Gholdengo|100\/100\n|turn|9\n|\n|t:|1700654092\n|move|p1a: Gholdengo|Nasty Plot|p1a: Gholdengo\n|-boost|p1a: Gholdengo|spa|2\n|move|p2a: Kingambit|Kowtow Cleave|p1a: Gholdengo\n|-supereffective|p1a: Gholdengo\n|-damage|p1a: Gholdengo|0 fnt\n|faint|p1a: Gholdengo\n|\n|upkeep\n|\n|t:|1700654097\n|switch|p1a: Regidrago|Regidrago|100\/100\n|turn|10\n|\n|t:|1700654102\n|move|p2a: Kingambit|Sucker Punch|p1a: Regidrago\n|-damage|p1a: Regidrago|0 fnt\n|faint|p1a: Regidrago\n|\n|win|Brocckoli\n|raw|Esgarr's rating: 1120 &rarr; <strong>1092<\/strong><br \/>(-28 for losing)\n|raw|Brocckoli's rating: 1079 &rarr; <strong>1110<\/strong><br \/>(+31 for winning)\n","uploadtime":1700654105,"views":0,"p1id":"esgarr","p2id":"brocckoli","formatid":"gen9ou","rating":1092,"private":0,"password":""}