{"id":"gen9ou-1994398889","p1":"FlameWolf26","p2":"Abner67","format":"[Gen 9] OU","log":"|j|\u2606FlameWolf26\n|j|\u2606Abner67\n|t:|1700439443\n|gametype|singles\n|player|p1|FlameWolf26|sabrina-lgpe|\n|player|p2|Abner67|169|\n|teamsize|p1|6\n|teamsize|p2|6\n|gen|9\n|tier|[Gen 9] OU\n|rule|Sleep Clause Mod: Limit one foe put to sleep\n|rule|Species Clause: Limit one of each Pok\u00e9mon\n|rule|OHKO Clause: OHKO moves are banned\n|rule|Evasion Items Clause: Evasion items are banned\n|rule|Evasion Moves Clause: Evasion moves are banned\n|rule|Endless Battle Clause: Forcing endless battles is banned\n|rule|HP Percentage Mod: HP is shown in percentages\n|clearpoke\n|poke|p1|Golem, F|\n|poke|p1|Moltres|\n|poke|p1|Ceruledge, F|\n|poke|p1|Cacturne, F|\n|poke|p1|Mew|\n|poke|p1|Tatsugiri-Droopy, M|\n|poke|p2|Amoonguss, F|\n|poke|p2|Iron Hands|\n|poke|p2|Goodra, M|\n|poke|p2|Azumarill, M|\n|poke|p2|Iron Treads|\n|poke|p2|Lycanroc, M|\n|teampreview\n|\n|t:|1700439514\n|start\n|switch|p1a: Mew|Mew, shiny|100\/100\n|switch|p2a: Goodra|Goodra, M|100\/100\n|turn|1\n|\n|t:|1700439534\n|move|p1a: Mew|Stealth Rock|p2a: Goodra\n|-sidestart|p2: Abner67|move: Stealth Rock\n|move|p2a: Goodra|Draco Meteor|p1a: Mew\n|-damage|p1a: Mew|41\/100\n|-unboost|p2a: Goodra|spa|2\n|\n|upkeep\n|turn|2\n|\n|t:|1700439544\n|switch|p2a: Iron Treads|Iron Treads|100\/100\n|-damage|p2a: Iron Treads|97\/100|[from] Stealth Rock\n|move|p1a: Mew|Knock Off|p2a: Iron Treads\n|-damage|p2a: Iron Treads|77\/100\n|-enditem|p2a: Iron Treads|Leftovers|[from] move: Knock Off|[of] p1a: Mew\n|\n|upkeep\n|turn|3\n|\n|t:|1700439559\n|move|p2a: Iron Treads|Knock Off|p1a: Mew\n|-supereffective|p1a: Mew\n|-damage|p1a: Mew|0 fnt\n|-enditem|p1a: Mew|Mental Herb|[from] move: Knock Off|[of] p2a: Iron Treads\n|faint|p1a: Mew\n|\n|upkeep\n|\n|t:|1700439611\n|switch|p1a: Minha Filhas|Tatsugiri-Droopy, M|100\/100\n|turn|4\n|\n|t:|1700439623\n|move|p2a: Iron Treads|Rapid Spin|p1a: Minha Filhas\n|-damage|p1a: Minha Filhas|72\/100\n|-boost|p2a: Iron Treads|spe|1\n|-sideend|p2: Abner67|Stealth Rock|[from] move: Rapid Spin|[of] p2a: Iron Treads\n|move|p1a: Minha Filhas|Surf|p2a: Iron Treads\n|-supereffective|p2a: Iron Treads\n|-damage|p2a: Iron Treads|0 fnt\n|faint|p2a: Iron Treads\n|-end|p2a: Iron Treads|Quark Drive|[silent]\n|-damage|p1a: Minha Filhas|62\/100|[from] item: Life Orb\n|\n|upkeep\n|\n|t:|1700439631\n|switch|p2a: Lycanroc|Lycanroc, M|100\/100\n|turn|5\n|\n|t:|1700439645\n|move|p2a: Lycanroc|Crunch|p1a: Minha Filhas\n|-damage|p1a: Minha Filhas|14\/100\n|-unboost|p1a: Minha Filhas|def|1\n|move|p1a: Minha Filhas|Rapid Spin|p2a: Lycanroc\n|-resisted|p2a: Lycanroc\n|-damage|p2a: Lycanroc|94\/100\n|-boost|p1a: Minha Filhas|spe|1\n|-damage|p1a: Minha Filhas|4\/100|[from] item: Life Orb\n|\n|upkeep\n|turn|6\n|\n|t:|1700439650\n|switch|p2a: Amoonguss|Amoonguss, F|100\/100\n|move|p1a: Minha Filhas|Surf|p2a: Amoonguss\n|-resisted|p2a: Amoonguss\n|-crit|p2a: Amoonguss\n|-damage|p2a: Amoonguss|62\/100\n|-damage|p1a: Minha Filhas|0 fnt|[from] item: Life Orb\n|faint|p1a: Minha Filhas\n|\n|upkeep\n|\n|t:|1700439661\n|switch|p1a: Ceruledge|Ceruledge, F|100\/100\n|turn|7\n|\n|t:|1700439669\n|move|p1a: Ceruledge|Swords Dance|p1a: Ceruledge\n|-boost|p1a: Ceruledge|atk|2\n|move|p2a: Amoonguss|Spore|p1a: Ceruledge\n|-status|p1a: Ceruledge|slp|[from] move: Spore\n|\n|upkeep\n|turn|8\n|\n|t:|1700439680\n|switch|p1a: Moltres|Moltres|100\/100\n|switch|p2a: Azumarill|Azumarill, M|100\/100\n|\n|upkeep\n|turn|9\n|\n|t:|1700439691\n|move|p1a: Moltres|U-turn|p2a: Azumarill\n|-resisted|p2a: Azumarill\n|-damage|p2a: Azumarill|93\/100\n|\n|t:|1700439695\n|switch|p1a: Cacturne|Cacturne, F, shiny|100\/100|[from] U-turn\n|move|p2a: Azumarill|Play Rough|p1a: Cacturne\n|-supereffective|p1a: Cacturne\n|-enditem|p1a: Cacturne|Focus Sash\n|-damage|p1a: Cacturne|1\/100\n|\n|upkeep\n|turn|10\n|\n|t:|1700439699\n|move|p2a: Azumarill|Aqua Jet|p1a: Cacturne\n|-heal|p1a: Cacturne|26\/100|[from] ability: Water Absorb|[of] p2a: Azumarill\n|move|p1a: Cacturne|Seed Bomb|p2a: Azumarill\n|-supereffective|p2a: Azumarill\n|-damage|p2a: Azumarill|7\/100\n|-enditem|p2a: Azumarill|Sitrus Berry|[eat]\n|-heal|p2a: Azumarill|32\/100|[from] item: Sitrus Berry\n|\n|upkeep\n|turn|11\n|c|\u2606Abner67|caralho eu sou muito burro\n|\n|t:|1700439712\n|switch|p2a: Goodra|Goodra, M|100\/100\n|move|p1a: Cacturne|Seed Bomb|p2a: Goodra\n|-ability|p2a: Goodra|Sap Sipper|boost\n|-boost|p2a: Goodra|atk|1\n|\n|upkeep\n|turn|12\n|j| mmeira\n|\n|t:|1700439786\n|move|p1a: Cacturne|Knock Off|p2a: Goodra\n|-damage|p2a: Goodra|30\/100\n|-enditem|p2a: Goodra|Assault Vest|[from] move: Knock Off|[of] p1a: Cacturne\n|move|p2a: Goodra|Ice Beam|p1a: Cacturne\n|-supereffective|p1a: Cacturne\n|-damage|p1a: Cacturne|0 fnt\n|faint|p1a: Cacturne\n|\n|upkeep\n|\n|t:|1700439817\n|switch|p1a: Golem|Golem, F, shiny|100\/100\n|turn|13\n|\n|t:|1700439820\n|switch|p2a: Amoonguss|Amoonguss, F|96\/100\n|move|p1a: Golem|Earthquake|p2a: Amoonguss\n|-damage|p2a: Amoonguss|54\/100\n|\n|upkeep\n|turn|14\n|\n|t:|1700439855\n|switch|p1a: Moltres|Moltres|100\/100\n|move|p2a: Amoonguss|Sludge Bomb|p1a: Moltres\n|-damage|p1a: Moltres|75\/100\n|-status|p1a: Moltres|psn\n|\n|-damage|p1a: Moltres|62\/100 psn|[from] psn\n|upkeep\n|turn|15\n|\n|t:|1700439875\n|switch|p2a: Goodra|Goodra, M|30\/100\n|move|p1a: Moltres|Roost|p1a: Moltres\n|-heal|p1a: Moltres|100\/100 psn\n|-singleturn|p1a: Moltres|move: Roost\n|\n|-damage|p1a: Moltres|88\/100 psn|[from] psn\n|upkeep\n|turn|16\n|\n|t:|1700439881\n|move|p1a: Moltres|Flamethrower|p2a: Goodra\n|-resisted|p2a: Goodra\n|-damage|p2a: Goodra|18\/100\n|move|p2a: Goodra|Draco Meteor|p1a: Moltres\n|-damage|p1a: Moltres|20\/100 psn\n|-unboost|p2a: Goodra|spa|2\n|\n|-damage|p1a: Moltres|8\/100 psn|[from] psn\n|upkeep\n|turn|17\n|\n|t:|1700439888\n|move|p1a: Moltres|Roost|p1a: Moltres\n|-heal|p1a: Moltres|58\/100 psn\n|-singleturn|p1a: Moltres|move: Roost\n|move|p2a: Goodra|Earthquake|p1a: Moltres\n|-supereffective|p1a: Moltres\n|-damage|p1a: Moltres|25\/100 psn\n|\n|-damage|p1a: Moltres|13\/100 psn|[from] psn\n|upkeep\n|turn|18\n|\n|t:|1700439900\n|switch|p2a: Azumarill|Azumarill, M|32\/100\n|move|p1a: Moltres|U-turn|p2a: Azumarill\n|-resisted|p2a: Azumarill\n|-damage|p2a: Azumarill|24\/100\n|\n|t:|1700439906\n|switch|p1a: Golem|Golem, F, shiny|100\/100|[from] U-turn\n|\n|upkeep\n|turn|19\n|\n|t:|1700439925\n|-terastallize|p1a: Golem|Grass\n|move|p2a: Azumarill|Aqua Jet|p1a: Golem\n|-resisted|p1a: Golem\n|-damage|p1a: Golem|89\/100\n|move|p1a: Golem|Earthquake|p2a: Azumarill\n|-damage|p2a: Azumarill|0 fnt\n|faint|p2a: Azumarill\n|\n|upkeep\n|\n|t:|1700439929\n|switch|p2a: Amoonguss|Amoonguss, F|88\/100\n|turn|20\n|\n|t:|1700439937\n|move|p1a: Golem|Rock Polish|p1a: Golem\n|-boost|p1a: Golem|spe|2\n|move|p2a: Amoonguss|Sludge Bomb|p1a: Golem\n|-supereffective|p1a: Golem\n|-damage|p1a: Golem|0 fnt\n|faint|p1a: Golem\n|\n|upkeep\n|\n|t:|1700439942\n|switch|p1a: Moltres|Moltres|13\/100 psn\n|turn|21\n|\n|t:|1700439946\n|switch|p2a: Iron Hands|Iron Hands|100\/100\n|move|p1a: Moltres|Flamethrower|p2a: Iron Hands\n|-damage|p2a: Iron Hands|79\/100\n|\n|-damage|p1a: Moltres|0 fnt|[from] psn\n|faint|p1a: Moltres\n|upkeep\n|\n|t:|1700439949\n|switch|p1a: Ceruledge|Ceruledge, F|100\/100 slp\n|turn|22\n|\n|t:|1700439962\n|cant|p1a: Ceruledge|slp\n|move|p2a: Iron Hands|Earthquake|p1a: Ceruledge\n|-supereffective|p1a: Ceruledge\n|-enditem|p1a: Ceruledge|Focus Sash\n|-damage|p1a: Ceruledge|1\/100 slp\n|-ability|p1a: Ceruledge|Weak Armor|boost\n|-unboost|p1a: Ceruledge|def|1\n|-boost|p1a: Ceruledge|spe|2\n|\n|upkeep\n|turn|23\n|\n|t:|1700439968\n|-curestatus|p1a: Ceruledge|slp|[msg]\n|move|p1a: Ceruledge|Bitter Blade|p2a: Iron Hands\n|-damage|p2a: Iron Hands|51\/100\n|-heal|p1a: Ceruledge|25\/100|[from] drain|[of] p2a: Iron Hands\n|move|p2a: Iron Hands|Ice Punch|p1a: Ceruledge\n|-resisted|p1a: Ceruledge\n|-damage|p1a: Ceruledge|0 fnt\n|faint|p1a: Ceruledge\n|\n|win|Abner67\n|c|\u2606Abner67|gg\n|c|\u2606FlameWolf26|gg\n","uploadtime":1700439976,"views":33,"p1id":"flamewolf26","p2id":"abner67","formatid":"gen9ou","rating":0,"private":0,"password":""}