{"id":"gen9ou-1993837528","p1":"iiSlasher","p2":"draco9746","format":"[Gen 9] OU","log":"|j|\u2606iiSlasher\n|j|\u2606draco9746\n|t:|1700363471\n|gametype|singles\n|player|p1|iiSlasher|psychic-gen4|1238\n|player|p2|draco9746|cynthia|1329\n|teamsize|p1|6\n|teamsize|p2|6\n|gen|9\n|tier|[Gen 9] OU\n|rated|\n|rule|Sleep Clause Mod: Limit one foe put to sleep\n|rule|Species Clause: Limit one of each Pok\u00e9mon\n|rule|OHKO Clause: OHKO moves are banned\n|rule|Evasion Items Clause: Evasion items are banned\n|rule|Evasion Moves Clause: Evasion moves are banned\n|rule|Endless Battle Clause: Forcing endless battles is banned\n|rule|HP Percentage Mod: HP is shown in percentages\n|clearpoke\n|poke|p1|Kingambit, F|\n|poke|p1|Maushold-Four|\n|poke|p1|Gholdengo|\n|poke|p1|Iron Leaves|\n|poke|p1|Zamazenta-*|\n|poke|p1|Glimmora, M|\n|poke|p2|Sneasler, M|\n|poke|p2|Kingambit, F|\n|poke|p2|Hatterene, F|\n|poke|p2|Zapdos|\n|poke|p2|Great Tusk|\n|poke|p2|Ninetales-Alola, M|\n|teampreview\n|inactive|Battle timer is ON: inactive players will automatically lose when time's up. (requested by draco9746)\n|inactive|iiSlasher also wants the timer to be on.\n|\n|t:|1700363490\n|start\n|switch|p1a: Glimmora|Glimmora, M|100\/100\n|switch|p2a: Hatterene|Hatterene, F|100\/100\n|turn|1\n|\n|t:|1700363497\n|move|p1a: Glimmora|Stealth Rock|p2a: Hatterene\n|move|p2a: Hatterene|Stealth Rock|p1a: Glimmora|[from]ability: Magic Bounce\n|-sidestart|p1: iiSlasher|move: Stealth Rock\n|move|p2a: Hatterene|Psyshock|p1a: Glimmora\n|-supereffective|p1a: Glimmora\n|-damage|p1a: Glimmora|32\/100\n|\n|upkeep\n|turn|2\n|c|\u2606iiSlasher|wow I'm dumb\n|\n|t:|1700363507\n|move|p1a: Glimmora|Mortal Spin|p2a: Hatterene\n|-supereffective|p2a: Hatterene\n|-damage|p2a: Hatterene|89\/100\n|-status|p2a: Hatterene|psn\n|-sideend|p1: iiSlasher|Stealth Rock|[from] move: Mortal Spin|[of] p1a: Glimmora\n|move|p2a: Hatterene|Psyshock|p1a: Glimmora\n|-supereffective|p1a: Glimmora\n|-damage|p1a: Glimmora|0 fnt\n|faint|p1a: Glimmora\n|\n|-heal|p2a: Hatterene|95\/100 psn|[from] item: Leftovers\n|-damage|p2a: Hatterene|83\/100 psn|[from] psn\n|upkeep\n|\n|t:|1700363516\n|switch|p1a: Maushold|Maushold-Four|100\/100\n|turn|3\n|\n|t:|1700363527\n|move|p1a: Maushold|Population Bomb|p2a: Hatterene\n|-damage|p2a: Hatterene|73\/100 psn\n|-damage|p2a: Hatterene|64\/100 psn\n|-damage|p2a: Hatterene|55\/100 psn\n|-damage|p2a: Hatterene|45\/100 psn\n|-damage|p2a: Hatterene|35\/100 psn\n|-damage|p2a: Hatterene|27\/100 psn\n|-damage|p2a: Hatterene|18\/100 psn\n|-damage|p2a: Hatterene|9\/100 psn\n|-damage|p2a: Hatterene|0 fnt\n|faint|p2a: Hatterene\n|-hitcount|p2: Hatterene|9\n|\n|upkeep\n|\n|t:|1700363549\n|switch|p2a: Great Tusk|Great Tusk|100\/100\n|-enditem|p2a: Great Tusk|Booster Energy\n|-activate|p2a: Great Tusk|ability: Protosynthesis|[fromitem]\n|-start|p2a: Great Tusk|protosynthesisspe\n|turn|4\n|\n|t:|1700363556\n|move|p2a: Great Tusk|Bulk Up|p2a: Great Tusk\n|-boost|p2a: Great Tusk|atk|1\n|-boost|p2a: Great Tusk|def|1\n|move|p1a: Maushold|Encore|p2a: Great Tusk\n|-start|p2a: Great Tusk|Encore\n|\n|upkeep\n|turn|5\n|\n|t:|1700363562\n|move|p2a: Great Tusk|Bulk Up|p2a: Great Tusk\n|-boost|p2a: Great Tusk|atk|1\n|-boost|p2a: Great Tusk|def|1\n|move|p1a: Maushold|Population Bomb|p2a: Great Tusk\n|-damage|p2a: Great Tusk|97\/100\n|-damage|p2a: Great Tusk|93\/100\n|-damage|p2a: Great Tusk|89\/100\n|-damage|p2a: Great Tusk|86\/100\n|-damage|p2a: Great Tusk|82\/100\n|-damage|p2a: Great Tusk|78\/100\n|-damage|p2a: Great Tusk|75\/100\n|-damage|p2a: Great Tusk|71\/100\n|-damage|p2a: Great Tusk|67\/100\n|-damage|p2a: Great Tusk|63\/100\n|-hitcount|p2a: Great Tusk|10\n|\n|upkeep\n|turn|6\n|\n|t:|1700363579\n|switch|p1a: Iron Leaves|Iron Leaves|100\/100\n|-enditem|p1a: Iron Leaves|Booster Energy\n|-activate|p1a: Iron Leaves|ability: Quark Drive|[fromitem]\n|-start|p1a: Iron Leaves|quarkdrivespe\n|move|p2a: Great Tusk|Bulk Up|p2a: Great Tusk\n|-boost|p2a: Great Tusk|atk|1\n|-boost|p2a: Great Tusk|def|1\n|\n|upkeep\n|turn|7\n|\n|t:|1700363602\n|move|p1a: Iron Leaves|Swords Dance|p1a: Iron Leaves\n|-boost|p1a: Iron Leaves|atk|2\n|move|p2a: Great Tusk|Bulk Up|p2a: Great Tusk\n|-boost|p2a: Great Tusk|atk|1\n|-boost|p2a: Great Tusk|def|1\n|\n|-end|p2a: Great Tusk|Encore\n|upkeep\n|turn|8\n|inactive|draco9746 has 120 seconds left.\n|\n|t:|1700363618\n|move|p1a: Iron Leaves|Psyblade|p2a: Great Tusk\n|-supereffective|p2a: Great Tusk\n|-damage|p2a: Great Tusk|27\/100\n|move|p2a: Great Tusk|Ice Spinner|p1a: Iron Leaves\n|-supereffective|p1a: Iron Leaves\n|-damage|p1a: Iron Leaves|0 fnt\n|faint|p1a: Iron Leaves\n|-end|p1a: Iron Leaves|Quark Drive|[silent]\n|\n|upkeep\n|-message|iiSlasher forfeited.\n|\n|win|draco9746\n|raw|iiSlasher's rating: 1238 &rarr; <strong>1219<\/strong><br \/>(-19 for losing)\n|raw|draco9746's rating: 1329 &rarr; <strong>1344<\/strong><br \/>(+15 for winning)\n|l|\u2606iiSlasher\n","uploadtime":1700363640,"views":8,"p1id":"iislasher","p2id":"draco9746","formatid":"gen9ou","rating":1219,"private":0,"password":""}