{"id":"gen9ou-1996758835","p1":"Dugtrio Is Broken","p2":"juninxisl","format":"[Gen 9] OU","log":"|j|\u2606Dugtrio Is Broken\n|j|\u2606juninxisl\n|t:|1700720344\n|gametype|singles\n|player|p1|Dugtrio Is Broken|nanu|\n|player|p2|juninxisl|alec-anime|\n|teamsize|p1|6\n|teamsize|p2|6\n|gen|9\n|tier|[Gen 9] OU\n|rule|Sleep Clause Mod: Limit one foe put to sleep\n|rule|Species Clause: Limit one of each Pok\u00e9mon\n|rule|OHKO Clause: OHKO moves are banned\n|rule|Evasion Items Clause: Evasion items are banned\n|rule|Evasion Moves Clause: Evasion moves are banned\n|rule|Endless Battle Clause: Forcing endless battles is banned\n|rule|HP Percentage Mod: HP is shown in percentages\n|clearpoke\n|poke|p1|Tyranitar, M|\n|poke|p1|Dragonite, F|\n|poke|p1|Quagsire, F|\n|poke|p1|Great Tusk|\n|poke|p1|Houndstone, M|\n|poke|p1|Rillaboom, M|\n|poke|p2|Azumarill, M|\n|poke|p2|Slowking-Galar, M|\n|poke|p2|Landorus-Therian, M|\n|poke|p2|Quaquaval, M|\n|poke|p2|Rillaboom, F|\n|poke|p2|Cinderace, M|\n|teampreview\n|\n|t:|1700720362\n|start\n|switch|p1a: Rolling Stones|Tyranitar, M|100\/100\n|switch|p2a: Cinderace|Cinderace, M|100\/100\n|-weather|Sandstorm|[from] ability: Sand Stream|[of] p1a: Rolling Stones\n|turn|1\n|\n|t:|1700720368\n|move|p2a: Cinderace|U-turn|p1a: Rolling Stones\n|-start|p2a: Cinderace|typechange|Bug|[from] ability: Libero\n|-supereffective|p1a: Rolling Stones\n|-damage|p1a: Rolling Stones|42\/100\n|\n|t:|1700720375\n|switch|p2a: Rillaboom|Rillaboom, F|100\/100|[from] U-turn\n|-fieldstart|move: Grassy Terrain|[from] ability: Grassy Surge|[of] p2a: Rillaboom\n|move|p1a: Rolling Stones|Stone Edge|p2a: Rillaboom\n|-damage|p2a: Rillaboom|11\/100\n|\n|-weather|Sandstorm|[upkeep]\n|-damage|p2a: Rillaboom|5\/100|[from] Sandstorm\n|-heal|p1a: Rolling Stones|49\/100|[from] Grassy Terrain\n|-heal|p2a: Rillaboom|11\/100|[from] Grassy Terrain\n|upkeep\n|turn|2\n|\n|t:|1700720397\n|switch|p1a: Dee Gees|Dragonite, F|100\/100\n|move|p2a: Rillaboom|U-turn|p1a: Dee Gees\n|-resisted|p1a: Dee Gees\n|-damage|p1a: Dee Gees|94\/100\n|\n|t:|1700720402\n|switch|p2a: Azumarill|Azumarill, M|100\/100|[from] U-turn\n|\n|-weather|Sandstorm|[upkeep]\n|-damage|p1a: Dee Gees|88\/100|[from] Sandstorm\n|-damage|p2a: Azumarill|94\/100|[from] Sandstorm\n|-heal|p2a: Azumarill|100\/100|[from] Grassy Terrain\n|upkeep\n|turn|3\n|\n|t:|1700720417\n|move|p1a: Dee Gees|Extreme Speed|p2a: Azumarill\n|-damage|p2a: Azumarill|46\/100\n|-enditem|p2a: Azumarill|Sitrus Berry|[eat]\n|-heal|p2a: Azumarill|71\/100|[from] item: Sitrus Berry\n|move|p2a: Azumarill|Knock Off|p1a: Dee Gees\n|-damage|p1a: Dee Gees|66\/100\n|-enditem|p1a: Dee Gees|Choice Band|[from] move: Knock Off|[of] p2a: Azumarill\n|\n|-weather|Sandstorm|[upkeep]\n|-damage|p1a: Dee Gees|60\/100|[from] Sandstorm\n|-damage|p2a: Azumarill|65\/100|[from] Sandstorm\n|-heal|p2a: Azumarill|71\/100|[from] Grassy Terrain\n|upkeep\n|turn|4\n|\n|t:|1700720422\n|move|p1a: Dee Gees|Extreme Speed|p2a: Azumarill\n|-damage|p2a: Azumarill|32\/100\n|move|p2a: Azumarill|Play Rough|p1a: Dee Gees|[miss]\n|-miss|p2a: Azumarill|p1a: Dee Gees\n|\n|-weather|Sandstorm|[upkeep]\n|-damage|p1a: Dee Gees|54\/100|[from] Sandstorm\n|-damage|p2a: Azumarill|26\/100|[from] Sandstorm\n|-heal|p2a: Azumarill|32\/100|[from] Grassy Terrain\n|upkeep\n|turn|5\n|c|\u2606juninxisl|ata\n|\n|t:|1700720433\n|move|p1a: Dee Gees|Extreme Speed|p2a: Azumarill\n|-damage|p2a: Azumarill|0 fnt\n|faint|p2a: Azumarill\n|\n|-weather|none\n|upkeep\n|\n|t:|1700720445\n|switch|p2a: Landorus|Landorus-Therian, M|100\/100\n|-ability|p2a: Landorus|Intimidate|boost\n|-unboost|p1a: Dee Gees|atk|1\n|turn|6\n|\n|t:|1700720457\n|move|p1a: Dee Gees|Outrage|p2a: Landorus\n|-damage|p2a: Landorus|66\/100\n|-damage|p1a: Dee Gees|37\/100|[from] item: Rocky Helmet|[of] p2a: Landorus\n|move|p2a: Landorus|Stealth Rock|p1a: Dee Gees\n|-sidestart|p1: Dugtrio Is Broken|move: Stealth Rock\n|\n|upkeep\n|turn|7\n|\n|t:|1700720467\n|move|p1a: Dee Gees|Outrage|p2a: Landorus|[from]lockedmove\n|-damage|p2a: Landorus|33\/100\n|-damage|p1a: Dee Gees|21\/100|[from] item: Rocky Helmet|[of] p2a: Landorus\n|-start|p1a: Dee Gees|confusion|[fatigue]\n|move|p2a: Landorus|U-turn|p1a: Dee Gees\n|-resisted|p1a: Dee Gees\n|-damage|p1a: Dee Gees|8\/100\n|\n|t:|1700720476\n|switch|p2a: Cinderace|Cinderace, M|100\/100|[from] U-turn\n|\n|upkeep\n|turn|8\n|c|\u2606juninxisl|esse meu time e muito troll\n|c|\u2606juninxisl|kkkkkk\n|c|\u2606juninxisl|como marca o poke mesmo\n|\n|t:|1700720499\n|move|p2a: Cinderace|U-turn|p1a: Dee Gees\n|-start|p2a: Cinderace|typechange|Bug|[from] ability: Libero\n|-resisted|p1a: Dee Gees\n|-damage|p1a: Dee Gees|0 fnt\n|faint|p1a: Dee Gees\n|c|\u2606Dugtrio Is Broken|eh !poke\n|c|\u2606Dugtrio Is Broken|e o numero do poke\n|c|\u2606Dugtrio Is Broken|tu acha q seu time \u00e9 troll, \u00e9 pq vc n viu o meu\n|c|\u2606juninxisl|que oque louco!poke1\n|\n|t:|1700720553\n|switch|p2a: Quaquaval|Quaquaval, M|100\/100|[from] U-turn\n|\n|-fieldend|move: Grassy Terrain\n|upkeep\n|\n|t:|1700720558\n|switch|p1a: Rillaboom|Rillaboom, M|100\/100\n|-damage|p1a: Rillaboom|88\/100|[from] Stealth Rock\n|-fieldstart|move: Grassy Terrain|[from] ability: Grassy Surge|[of] p1a: Rillaboom\n|turn|9\n|\n|t:|1700720567\n|switch|p2a: Landorus|Landorus-Therian, M|33\/100\n|-ability|p2a: Landorus|Intimidate|boost\n|-unboost|p1a: Rillaboom|atk|1\n|move|p1a: Rillaboom|Grassy Glide|p2a: Landorus\n|-damage|p2a: Landorus|7\/100\n|-damage|p1a: Rillaboom|72\/100|[from] item: Rocky Helmet|[of] p2a: Landorus\n|\n|-heal|p1a: Rillaboom|78\/100|[from] Grassy Terrain\n|upkeep\n|turn|10\n|\n|t:|1700720574\n|move|p1a: Rillaboom|Grassy Glide|p2a: Landorus\n|-damage|p2a: Landorus|0 fnt\n|-damage|p1a: Rillaboom|61\/100|[from] item: Rocky Helmet|[of] p2a: Landorus\n|faint|p2a: Landorus\n|\n|-heal|p1a: Rillaboom|68\/100|[from] Grassy Terrain\n|upkeep\n|\n|t:|1700720577\n|switch|p2a: Cinderace|Cinderace, M|100\/100\n|turn|11\n|\n|t:|1700720594\n|switch|p1a: Lynyrd Spynyrd|Great Tusk|100\/100\n|-damage|p1a: Lynyrd Spynyrd|98\/100|[from] Stealth Rock\n|move|p2a: Cinderace|U-turn|p1a: Lynyrd Spynyrd\n|-start|p2a: Cinderace|typechange|Bug|[from] ability: Libero\n|-resisted|p1a: Lynyrd Spynyrd\n|-damage|p1a: Lynyrd Spynyrd|85\/100\n|\n|t:|1700720602\n|switch|p2a: Quaquaval|Quaquaval, M|100\/100|[from] U-turn\n|\n|-heal|p1a: Lynyrd Spynyrd|91\/100|[from] Grassy Terrain\n|upkeep\n|turn|12\n|\n|t:|1700720619\n|move|p1a: Lynyrd Spynyrd|Rapid Spin|p2a: Quaquaval\n|-damage|p2a: Quaquaval|76\/100\n|-boost|p1a: Lynyrd Spynyrd|spe|1\n|-sideend|p1: Dugtrio Is Broken|Stealth Rock|[from] move: Rapid Spin|[of] p1a: Lynyrd Spynyrd\n|move|p2a: Quaquaval|Aqua Step|p1a: Lynyrd Spynyrd\n|-supereffective|p1a: Lynyrd Spynyrd\n|-damage|p1a: Lynyrd Spynyrd|41\/100\n|-boost|p2a: Quaquaval|spe|1\n|\n|-heal|p1a: Lynyrd Spynyrd|47\/100|[from] Grassy Terrain\n|-heal|p2a: Quaquaval|82\/100|[from] Grassy Terrain\n|upkeep\n|turn|13\n|\n|t:|1700720628\n|move|p1a: Lynyrd Spynyrd|Rapid Spin|p2a: Quaquaval\n|-damage|p2a: Quaquaval|60\/100\n|-boost|p1a: Lynyrd Spynyrd|spe|1\n|move|p2a: Quaquaval|Aqua Step|p1a: Lynyrd Spynyrd\n|-supereffective|p1a: Lynyrd Spynyrd\n|-damage|p1a: Lynyrd Spynyrd|0 fnt\n|-boost|p2a: Quaquaval|spe|1\n|faint|p1a: Lynyrd Spynyrd\n|-end|p1a: Lynyrd Spynyrd|Protosynthesis|[silent]\n|-ability|p2a: Quaquaval|Moxie|boost\n|-boost|p2a: Quaquaval|atk|1\n|\n|-heal|p2a: Quaquaval|66\/100|[from] Grassy Terrain\n|-fieldend|move: Grassy Terrain\n|upkeep\n|\n|t:|1700720629\n|switch|p1a: Rillaboom|Rillaboom, M|68\/100\n|-fieldstart|move: Grassy Terrain|[from] ability: Grassy Surge|[of] p1a: Rillaboom\n|turn|14\n|\n|t:|1700720639\n|move|p1a: Rillaboom|Grassy Glide|p2a: Quaquaval\n|-supereffective|p2a: Quaquaval\n|-damage|p2a: Quaquaval|0 fnt\n|faint|p2a: Quaquaval\n|\n|-heal|p1a: Rillaboom|74\/100|[from] Grassy Terrain\n|upkeep\n|\n|t:|1700720645\n|switch|p2a: Slowking|Slowking-Galar, M|100\/100\n|turn|15\n|\n|t:|1700720653\n|switch|p1a: Rolling Stones|Tyranitar, M|49\/100\n|-weather|Sandstorm|[from] ability: Sand Stream|[of] p1a: Rolling Stones\n|move|p2a: Slowking|Sludge Bomb|p1a: Rolling Stones\n|-resisted|p1a: Rolling Stones\n|-crit|p1a: Rolling Stones\n|-damage|p1a: Rolling Stones|30\/100\n|\n|-weather|Sandstorm|[upkeep]\n|-damage|p2a: Slowking|94\/100|[from] Sandstorm\n|-heal|p1a: Rolling Stones|36\/100|[from] Grassy Terrain\n|-heal|p2a: Slowking|100\/100|[from] Grassy Terrain\n|upkeep\n|turn|16\n|\n|t:|1700720660\n|move|p1a: Rolling Stones|Knock Off|p2a: Slowking\n|-supereffective|p2a: Slowking\n|-damage|p2a: Slowking|0 fnt\n|-enditem|p2a: Slowking|Assault Vest|[from] move: Knock Off|[of] p1a: Rolling Stones\n|faint|p2a: Slowking\n|\n|-weather|Sandstorm|[upkeep]\n|-heal|p1a: Rolling Stones|42\/100|[from] Grassy Terrain\n|upkeep\n|\n|t:|1700720669\n|switch|p2a: Cinderace|Cinderace, M|100\/100\n|turn|17\n|c|\u2606Dugtrio Is Broken|da !showteam\n|\n|t:|1700720673\n|move|p2a: Cinderace|U-turn|p1a: Rolling Stones\n|-start|p2a: Cinderace|typechange|Bug|[from] ability: Libero\n|-supereffective|p1a: Rolling Stones\n|-damage|p1a: Rolling Stones|0 fnt\n|faint|p1a: Rolling Stones\n|c|\u2606juninxisl|!showteam 1\n|c| juninxisl|\/raw <div class=\"infobox\"><details><summary>View team<\/summary>Azumarill (M) @ Sitrus Berry  <br \/>Ability: Sap Sipper  <br \/>Tera Type: Water  <br \/>EVs: 252 Atk &#x2f; 252 Spe  <br \/>Adamant Nature  <br \/>- Belly Drum  <br \/>- Play Rough  <br \/>- Aqua Jet  <br \/>- Knock Off  <br \/><br \/>Slowking (Slowking-Galar) (M) @ Assault Vest  <br \/>Ability: Regenerator  <br \/>Tera Type: Fairy  <br \/>EVs: 252 HP &#x2f; 16 Def &#x2f; 120 SpA &#x2f; 120 SpD  <br \/>Calm Nature  <br \/>IVs: 0 Atk  <br \/>- Future Sight  <br \/>- Sludge Bomb  <br \/>- Flamethrower  <br \/>- Surf  <br \/><br \/>Landorus (Landorus-Therian) (M) @ Rocky Helmet  <br \/>Ability: Intimidate  <br \/>Tera Type: Water  <br \/>EVs: 252 HP &#x2f; 252 Def &#x2f; 4 Spe  <br \/>Impish Nature  <br \/>- Stealth Rock  <br \/>- Earthquake  <br \/>- U-turn  <br \/>- Grass Knot  <br \/><br \/>Quaquaval (M) @ Heavy-Duty Boots  <br \/>Ability: Moxie  <br \/>Tera Type: Steel  <br \/>EVs: 248 HP &#x2f; 140 Def &#x2f; 120 Spe  <br \/>Impish Nature  <br \/>- Aqua Step  <br \/>- Knock Off  <br \/>- Roost  <br \/>- Rapid Spin  <br \/><br \/>Rillaboom (F) @ Terrain Extender  <br \/>Ability: Grassy Surge  <br \/>Tera Type: Fairy  <br \/>EVs: 204 HP &#x2f; 252 Atk &#x2f; 52 Spe  <br \/>Adamant Nature  <br \/>- Drum Beating  <br \/>- Knock Off  <br \/>- U-turn  <br \/>- Drain Punch  <br \/><br \/>Cinderace (M) @ Heavy-Duty Boots  <br \/>Ability: Libero  <br \/>Tera Type: Fire  <br \/>EVs: 252 Atk &#x2f; 4 SpD &#x2f; 252 Spe  <br \/>Jolly Nature  <br \/>- Pyro Ball  <br \/>- U-turn  <br \/>- Sucker Punch  <br \/>- Gunk Shot  <br \/><br \/><\/details><\/div>\n|\n|t:|1700720699\n|switch|p2a: Rillaboom|Rillaboom, F|11\/100|[from] U-turn\n|\n|-weather|Sandstorm|[upkeep]\n|-damage|p2a: Rillaboom|5\/100|[from] Sandstorm\n|-heal|p2a: Rillaboom|11\/100|[from] Grassy Terrain\n|upkeep\n|c|\u2606Dugtrio Is Broken|Onde q isso \u00e9 troll porra\n|c|\u2606Dugtrio Is Broken|Troll \u00e9 o meu time\n|c|\u2606Dugtrio Is Broken|Se liga\n|c|\u2606Dugtrio Is Broken|!showteam\n|c| Dugtrio Is Broken|\/raw <div class=\"infobox\"><details><summary>View team<\/summary>Rolling Stones (Tyranitar) (M) @ Choice Band  <br \/>Ability: Sand Stream  <br \/>Tera Type: Flying  <br \/>EVs: 252 Atk &#x2f; 4 SpD &#x2f; 252 Spe  <br \/>Adamant Nature  <br \/>- Stone Edge  <br \/>- Ice Punch  <br \/>- Knock Off  <br \/>- Low Kick  <br \/><br \/>Dee Gees (Dragonite) (F) @ Choice Band  <br \/>Ability: Multiscale  <br \/>Tera Type: Normal  <br \/>EVs: 64 HP &#x2f; 252 Atk &#x2f; 192 Spe  <br \/>Adamant Nature  <br \/>- Fire Punch  <br \/>- Outrage  <br \/>- Earthquake  <br \/>- Extreme Speed  <br \/><br \/>Head Zepplin (Quagsire) (F) @ Choice Band  <br \/>Ability: Water Absorb  <br \/>Tera Type: Fairy  <br \/>EVs: 248 HP &#x2f; 252 Atk &#x2f; 8 Spe  <br \/>Adamant Nature  <br \/>- Earthquake  <br \/>- Ice Punch  <br \/>- Liquidation  <br \/>- Stealth Rock  <br \/><br \/>Lynyrd Spynyrd (Great Tusk) @ Choice Band  <br \/>Ability: Protosynthesis  <br \/>Hidden Power: Fighting  <br \/>Tera Type: Steel  <br \/>EVs: 252 Atk &#x2f; 4 SpD &#x2f; 252 Spe  <br \/>Jolly Nature  <br \/>- Headlong Rush  <br \/>- Rapid Spin  <br \/>- Ice Spinner  <br \/>- Close Combat  <br \/><br \/>The Beagles (Houndstone) (M) @ Choice Band  <br \/>Ability: Sand Rush  <br \/>Tera Type: Fairy  <br \/>EVs: 252 Atk &#x2f; 4 SpD &#x2f; 252 Spe  <br \/>Adamant Nature  <br \/>- Poltergeist  <br \/>- Play Rough  <br \/>- Ice Fang  <br \/>- Will-O-Wisp  <br \/><br \/>Rillaboom (M) @ Choice Band  <br \/>Ability: Grassy Surge  <br \/>Tera Type: Grass  <br \/>EVs: 252 Atk &#x2f; 4 Def &#x2f; 252 Spe  <br \/>Adamant Nature  <br \/>- Grassy Glide  <br \/>- Wood Hammer  <br \/>- Knock Off  <br \/>- U-turn  <br \/><br \/><\/details><\/div>\n|\n|t:|1700720709\n|switch|p1a: The Beagles|Houndstone, M|100\/100\n|turn|18\n|\n|t:|1700720714\n|move|p1a: The Beagles|Poltergeist|p2a: Rillaboom\n|-activate|p2a: Rillaboom|move: Poltergeist|Terrain Extender\n|-damage|p2a: Rillaboom|0 fnt\n|faint|p2a: Rillaboom\n|\n|-weather|Sandstorm|[upkeep]\n|-fieldend|move: Grassy Terrain\n|upkeep\n|c|\u2606Dugtrio Is Broken|6 choice band\n|\n|t:|1700720721\n|switch|p2a: Cinderace|Cinderace, M|100\/100\n|turn|19\n|\n|t:|1700720743\n|move|p2a: Cinderace|Sucker Punch|p1a: The Beagles\n|-start|p2a: Cinderace|typechange|Dark|[from] ability: Libero\n|-supereffective|p1a: The Beagles\n|-damage|p1a: The Beagles|24\/100\n|move|p1a: The Beagles|Poltergeist|p2a: Cinderace\n|-activate|p2a: Cinderace|move: Poltergeist|Heavy-Duty Boots\n|-resisted|p2a: Cinderace\n|-damage|p2a: Cinderace|48\/100\n|\n|-weather|none\n|upkeep\n|turn|20\n|\n|t:|1700720752\n|switch|p1a: Head Zepplin|Quagsire, F|100\/100\n|move|p2a: Cinderace|Sucker Punch||[still]\n|-fail|p2a: Cinderace\n|\n|upkeep\n|turn|21\n|\n|t:|1700720760\n|move|p2a: Cinderace|Gunk Shot|p1a: Head Zepplin\n|-resisted|p1a: Head Zepplin\n|-damage|p1a: Head Zepplin|80\/100\n|move|p1a: Head Zepplin|Earthquake|p2a: Cinderace\n|-damage|p2a: Cinderace|0 fnt\n|faint|p2a: Cinderace\n|\n|win|Dugtrio Is Broken\n","uploadtime":1700720765,"views":3,"p1id":"dugtrioisbroken","p2id":"juninxisl","formatid":"gen9ou","rating":0,"private":0,"password":""}