{"id":"gen9ou-2000572060","p1":"UCC EmeUno","p2":"PERIKO0729","format":"[Gen 9] OU","log":"|j|\u2606UCC EmeUno\n|j|\u2606PERIKO0729\n|t:|1701206483\n|gametype|singles\n|player|p1|UCC EmeUno|cynthia-gen7|\n|player|p2|PERIKO0729|lucas|\n|teamsize|p1|6\n|teamsize|p2|6\n|gen|9\n|tier|[Gen 9] OU\n|rule|Sleep Clause Mod: Limit one foe put to sleep\n|rule|Species Clause: Limit one of each Pok\u00e9mon\n|rule|OHKO Clause: OHKO moves are banned\n|rule|Evasion Items Clause: Evasion items are banned\n|rule|Evasion Moves Clause: Evasion moves are banned\n|rule|Endless Battle Clause: Forcing endless battles is banned\n|rule|HP Percentage Mod: HP is shown in percentages\n|clearpoke\n|poke|p1|Great Tusk|\n|poke|p1|Quaquaval, F|\n|poke|p1|Okidogi, M|\n|poke|p1|Zamazenta-*|\n|poke|p1|Zapdos-Galar|\n|poke|p1|Pawmot, F|\n|poke|p2|Meowscarada, M|\n|poke|p2|Gholdengo|\n|poke|p2|Ribombee, F|\n|poke|p2|Kommo-o, F|\n|poke|p2|Kingambit, M|\n|poke|p2|Glimmora, M|\n|teampreview\n|inactive|Battle timer is ON: inactive players will automatically lose when time's up. (requested by PERIKO0729)\n|\n|t:|1701206496\n|start\n|switch|p1a: Great Tusk|Great Tusk|100\/100\n|switch|p2a: Ribombee|Ribombee, F|100\/100\n|-enditem|p1a: Great Tusk|Booster Energy\n|-activate|p1a: Great Tusk|ability: Protosynthesis|[fromitem]\n|-start|p1a: Great Tusk|protosynthesisspe\n|turn|1\n|\n|t:|1701206522\n|move|p1a: Great Tusk|Stealth Rock|p2a: Ribombee\n|-sidestart|p2: PERIKO0729|move: Stealth Rock\n|move|p2a: Ribombee|Tailwind|p2a: Ribombee\n|-sidestart|p2: PERIKO0729|move: Tailwind\n|\n|upkeep\n|turn|2\n|\n|t:|1701206529\n|move|p2a: Ribombee|Moonblast|p1a: Great Tusk\n|-supereffective|p1a: Great Tusk\n|-damage|p1a: Great Tusk|1\/100\n|move|p1a: Great Tusk|Rapid Spin|p2a: Ribombee\n|-crit|p2a: Ribombee\n|-damage|p2a: Ribombee|60\/100\n|-boost|p1a: Great Tusk|spe|1\n|\n|upkeep\n|turn|3\n|\n|t:|1701206538\n|move|p2a: Ribombee|Moonblast|p1a: Great Tusk\n|-supereffective|p1a: Great Tusk\n|-damage|p1a: Great Tusk|0 fnt\n|faint|p1a: Great Tusk\n|-end|p1a: Great Tusk|Protosynthesis|[silent]\n|\n|upkeep\n|\n|t:|1701206553\n|switch|p1a: Zamazenta|Zamazenta|100\/100\n|-ability|p1a: Zamazenta|Dauntless Shield|boost\n|-boost|p1a: Zamazenta|def|1\n|turn|4\n|\n|t:|1701206564\n|switch|p2a: Kommo-o|Kommo-o, F|100\/100\n|-damage|p2a: Kommo-o|94\/100|[from] Stealth Rock\n|move|p1a: Zamazenta|Substitute|p1a: Zamazenta\n|-start|p1a: Zamazenta|Substitute\n|-damage|p1a: Zamazenta|75\/100\n|\n|-heal|p1a: Zamazenta|82\/100|[from] item: Leftovers\n|-sideend|p2: PERIKO0729|move: Tailwind\n|upkeep\n|turn|5\n|inactive|UCC EmeUno has 270 seconds left.\n|\n|t:|1701206604\n|move|p1a: Zamazenta|Iron Defense|p1a: Zamazenta\n|-boost|p1a: Zamazenta|def|2\n|move|p2a: Kommo-o|Clangorous Soul|p2a: Kommo-o\n|-boost|p2a: Kommo-o|atk|1\n|-boost|p2a: Kommo-o|def|1\n|-boost|p2a: Kommo-o|spa|1\n|-boost|p2a: Kommo-o|spd|1\n|-boost|p2a: Kommo-o|spe|1\n|-damage|p2a: Kommo-o|61\/100\n|-enditem|p2a: Kommo-o|Throat Spray\n|-boost|p2a: Kommo-o|spa|1|[from] item: Throat Spray\n|\n|-heal|p1a: Zamazenta|88\/100|[from] item: Leftovers\n|upkeep\n|turn|6\n|\n|t:|1701206625\n|move|p2a: Kommo-o|Flamethrower|p1a: Zamazenta\n|-end|p1a: Zamazenta|Substitute\n|move|p1a: Zamazenta|Body Press|p2a: Kommo-o\n|-damage|p2a: Kommo-o|11\/100\n|\n|-heal|p1a: Zamazenta|94\/100|[from] item: Leftovers\n|upkeep\n|turn|7\n|\n|t:|1701206638\n|-terastallize|p1a: Zamazenta|Steel\n|move|p2a: Kommo-o|Flamethrower|p1a: Zamazenta\n|-supereffective|p1a: Zamazenta\n|-damage|p1a: Zamazenta|8\/100\n|move|p1a: Zamazenta|Body Press|p2a: Kommo-o\n|-damage|p2a: Kommo-o|0 fnt\n|faint|p2a: Kommo-o\n|\n|-heal|p1a: Zamazenta|14\/100|[from] item: Leftovers\n|upkeep\n|c|\u2606UCC EmeUno|me lo comi enterito\n|c|\u2606UCC EmeUno|XD\n|inactive|PERIKO0729 has 270 seconds left.\n|\n|t:|1701206654\n|switch|p2a: Gholdengo|Gholdengo|100\/100\n|-damage|p2a: Gholdengo|94\/100|[from] Stealth Rock\n|-item|p2a: Gholdengo|Air Balloon\n|turn|8\n|\n|t:|1701206662\n|move|p1a: Zamazenta|Crunch|p2a: Gholdengo\n|-supereffective|p2a: Gholdengo\n|-damage|p2a: Gholdengo|43\/100\n|-enditem|p2a: Gholdengo|Air Balloon\n|move|p2a: Gholdengo|Thunderbolt|p1a: Zamazenta\n|-damage|p1a: Zamazenta|0 fnt\n|faint|p1a: Zamazenta\n|\n|upkeep\n|inactive|UCC EmeUno has 270 seconds left.\n|\n|t:|1701206701\n|switch|p1a: Pawmot|Pawmot, F|100\/100\n|turn|9\n|\n|t:|1701206717\n|move|p1a: Pawmot|Double Shock|p2a: Gholdengo\n|-crit|p2a: Gholdengo\n|-damage|p2a: Gholdengo|0 fnt\n|-start|p1a: Pawmot|typechange|???\/Fighting|[from] move: Double Shock\n|faint|p2a: Gholdengo\n|\n|upkeep\n|\n|t:|1701206726\n|switch|p2a: Ribombee|Ribombee, F|60\/100\n|-damage|p2a: Ribombee|35\/100|[from] Stealth Rock\n|turn|10\n|\n|t:|1701206741\n|switch|p1a: Okidogi|Okidogi, M|100\/100\n|move|p2a: Ribombee|Moonblast|p1a: Okidogi\n|-damage|p1a: Okidogi|71\/100\n|\n|upkeep\n|turn|11\n|\n|t:|1701206759\n|move|p2a: Ribombee|Psychic|p1a: Okidogi\n|-supereffective|p1a: Okidogi\n|-damage|p1a: Okidogi|7\/100\n|move|p1a: Okidogi|Psychic Fangs|p2a: Ribombee\n|-damage|p2a: Ribombee|0 fnt\n|faint|p2a: Ribombee\n|\n|upkeep\n|\n|t:|1701206769\n|switch|p2a: Glimmora|Glimmora, M|100\/100\n|-damage|p2a: Glimmora|88\/100|[from] Stealth Rock\n|turn|12\n|\n|t:|1701206781\n|switch|p1a: Quaquaval|Quaquaval, F|100\/100\n|move|p2a: Glimmora|Sludge Bomb|p1a: Quaquaval\n|-damage|p1a: Quaquaval|46\/100\n|\n|upkeep\n|turn|13\n|\n|t:|1701206797\n|move|p2a: Glimmora|Sludge Bomb|p1a: Quaquaval\n|-damage|p1a: Quaquaval|0 fnt\n|faint|p1a: Quaquaval\n|\n|upkeep\n|\n|t:|1701206810\n|switch|p1a: Zapdos|Zapdos-Galar|100\/100\n|turn|14\n|inactive|UCC EmeUno has 240 seconds left.\n|\n|t:|1701206830\n|-terastallize|p2a: Glimmora|Ghost\n|move|p1a: Zapdos|Close Combat|p2a: Glimmora\n|-immune|p2a: Glimmora\n|move|p2a: Glimmora|Sludge Bomb|p1a: Zapdos\n|-damage|p1a: Zapdos|41\/100\n|\n|upkeep\n|turn|15\n|inactive|UCC EmeUno has 240 seconds left.\n|\n|t:|1701206865\n|move|p1a: Zapdos|Close Combat|p2a: Glimmora\n|-immune|p2a: Glimmora\n|move|p2a: Glimmora|Sludge Bomb|p1a: Zapdos\n|-damage|p1a: Zapdos|0 fnt\n|faint|p1a: Zapdos\n|\n|upkeep\n|\n|t:|1701206870\n|switch|p1a: Okidogi|Okidogi, M|7\/100\n|turn|16\n|c|\u2606PERIKO0729|Me va a fallar la se\u00f1al bro,por d\u00f3nde ando est\u00e1 fea\n|c|\u2606UCC EmeUno|a\n|\n|t:|1701206891\n|move|p2a: Glimmora|Earth Power|p1a: Okidogi\n|-supereffective|p1a: Okidogi\n|-damage|p1a: Okidogi|0 fnt\n|faint|p1a: Okidogi\n|\n|upkeep\n|c|\u2606UCC EmeUno|bueno podemos retomar luego la que falte\n|\n|t:|1701206901\n|switch|p1a: Pawmot|Pawmot, F|100\/100\n|turn|17\n|c|\u2606PERIKO0729|Vale,espero termine antes\n|\n|t:|1701206907\n|move|p1a: Pawmot|Revival Blessing|p1a: Pawmot\n|-enditem|p1a: Pawmot|Leppa Berry|[eat]\n|-activate|p1a: Pawmot|item: Leppa Berry|Revival Blessing|[consumed]\n|inactive|UCC EmeUno has 210 seconds left.\n|\n|t:|1701206936\n|-heal|p1: Zamazenta|50\/100|[from] move: Revival Blessing\n|move|p2a: Glimmora|Earth Power|p1a: Pawmot\n|-supereffective|p1a: Pawmot\n|-damage|p1a: Pawmot|0 fnt\n|faint|p1a: Pawmot\n|\n|upkeep\n|\n|t:|1701206943\n|switch|p1a: Zamazenta|Zamazenta|50\/100\n|turn|18\n|inactive|UCC EmeUno has 210 seconds left.\n|\n|t:|1701206950\n|move|p1a: Zamazenta|Crunch|p2a: Glimmora\n|-supereffective|p2a: Glimmora\n|-damage|p2a: Glimmora|40\/100\n|move|p2a: Glimmora|Sludge Bomb|p1a: Zamazenta\n|-damage|p1a: Zamazenta|13\/100\n|\n|-heal|p1a: Zamazenta|19\/100|[from] item: Leftovers\n|upkeep\n|turn|19\n|inactive|UCC EmeUno has 210 seconds left.\n|\n|t:|1701206961\n|move|p1a: Zamazenta|Crunch|p2a: Glimmora\n|-supereffective|p2a: Glimmora\n|-damage|p2a: Glimmora|0 fnt\n|faint|p2a: Glimmora\n|\n|-heal|p1a: Zamazenta|25\/100|[from] item: Leftovers\n|upkeep\n|\n|t:|1701206970\n|switch|p2a: Meowscarada|Meowscarada, M, shiny|100\/100\n|-damage|p2a: Meowscarada|88\/100|[from] Stealth Rock\n|turn|20\n|\n|t:|1701206978\n|move|p2a: Meowscarada|Play Rough|p1a: Zamazenta\n|-start|p2a: Meowscarada|typechange|Fairy|[from] ability: Protean\n|-supereffective|p1a: Zamazenta\n|-damage|p1a: Zamazenta|0 fnt\n|faint|p1a: Zamazenta\n|\n|win|PERIKO0729\n|l|\u2606PERIKO0729\n|c|\u2606UCC EmeUno|gg\n|j|\u2606PERIKO0729\n|player|p2|PERIKO0729|lucas\n","uploadtime":1701207028,"views":0,"p1id":"uccemeuno","p2id":"periko0729","formatid":"gen9ou","rating":0,"private":0,"password":""}