{"id":"gen9ou-1989191049","p1":"Wisdom1472","p2":"BreadSandwichz","format":"[Gen 9] OU","log":"|j|\u2606Wisdom1472\n|j|\u2606BreadSandwichz\n|t:|1699821768\n|gametype|singles\n|player|p1|Wisdom1472|swimmer|1348\n|player|p2|BreadSandwichz|lusamine-nihilego|1328\n|teamsize|p1|6\n|teamsize|p2|6\n|gen|9\n|tier|[Gen 9] OU\n|rated|\n|rule|Sleep Clause Mod: Limit one foe put to sleep\n|rule|Species Clause: Limit one of each Pok\u00e9mon\n|rule|OHKO Clause: OHKO moves are banned\n|rule|Evasion Items Clause: Evasion items are banned\n|rule|Evasion Moves Clause: Evasion moves are banned\n|rule|Endless Battle Clause: Forcing endless battles is banned\n|rule|HP Percentage Mod: HP is shown in percentages\n|clearpoke\n|poke|p1|Dondozo, F|\n|poke|p1|Ogerpon-Cornerstone, F|\n|poke|p1|Great Tusk|\n|poke|p1|Heatran, F|\n|poke|p1|Walking Wake|\n|poke|p1|Gholdengo|\n|poke|p2|Rillaboom, M|\n|poke|p2|Ogerpon, F|\n|poke|p2|Iron Moth|\n|poke|p2|Sneasler, F|\n|poke|p2|Maushold-Four|\n|poke|p2|Mew|\n|teampreview\n|\n|t:|1699821779\n|start\n|switch|p1a: Heatran|Heatran, F|100\/100\n|switch|p2a: Cicilian Defense|Mew|100\/100\n|turn|1\n|\n|t:|1699821786\n|move|p2a: Cicilian Defense|Imprison|p2a: Cicilian Defense\n|-start|p2a: Cicilian Defense|move: Imprison\n|cant|p1a: Heatran|move: Imprison|Stealth Rock\n|\n|upkeep\n|turn|2\n|\n|t:|1699821792\n|move|p2a: Cicilian Defense|Transform|p1a: Heatran\n|-transform|p2a: Cicilian Defense|p1a: Heatran\n|cant|p1a: Heatran|move: Imprison|Magma Storm\n|\n|upkeep\n|turn|3\n|\n|t:|1699821801\n|switch|p1a: Walking Wake|Walking Wake|100\/100\n|move|p2a: Cicilian Defense|Stealth Rock|p1a: Walking Wake\n|-sidestart|p1: Wisdom1472|move: Stealth Rock\n|\n|upkeep\n|turn|4\n|\n|t:|1699821806\n|move|p1a: Walking Wake|Hydro Steam|p2a: Cicilian Defense\n|-supereffective|p2a: Cicilian Defense\n|-crit|p2a: Cicilian Defense\n|-damage|p2a: Cicilian Defense|0 fnt\n|faint|p2a: Cicilian Defense\n|\n|upkeep\n|\n|t:|1699821814\n|switch|p2a: Jerry&jerry&je-|Maushold-Four|100\/100\n|turn|5\n|\n|t:|1699821817\n|move|p2a: Jerry&jerry&je-|Population Bomb|p1a: Walking Wake\n|-damage|p1a: Walking Wake|89\/100\n|-damage|p1a: Walking Wake|78\/100\n|-damage|p1a: Walking Wake|67\/100\n|-damage|p1a: Walking Wake|55\/100\n|-damage|p1a: Walking Wake|43\/100\n|-damage|p1a: Walking Wake|32\/100\n|-damage|p1a: Walking Wake|19\/100\n|-damage|p1a: Walking Wake|7\/100\n|-damage|p1a: Walking Wake|0 fnt\n|faint|p1a: Walking Wake\n|-end|p1a: Walking Wake|Protosynthesis|[silent]\n|-hitcount|p1: Walking Wake|9\n|\n|upkeep\n|\n|t:|1699821830\n|switch|p1a: Gholdengo|Gholdengo|100\/100\n|-damage|p1a: Gholdengo|94\/100|[from] Stealth Rock\n|turn|6\n|\n|t:|1699821834\n|move|p1a: Gholdengo|Focus Blast|p2a: Jerry&jerry&je-\n|-supereffective|p2a: Jerry&jerry&je-\n|-damage|p2a: Jerry&jerry&je-|0 fnt\n|faint|p2a: Jerry&jerry&je-\n|\n|upkeep\n|\n|t:|1699821836\n|switch|p2a: LAmp|Iron Moth|100\/100\n|-enditem|p2a: LAmp|Booster Energy\n|-activate|p2a: LAmp|ability: Quark Drive|[fromitem]\n|-start|p2a: LAmp|quarkdrivespe\n|turn|7\n|\n|t:|1699821841\n|switch|p1a: Heatran|Heatran, F|100\/100\n|-damage|p1a: Heatran|88\/100|[from] Stealth Rock\n|move|p2a: LAmp|Fiery Dance|p1a: Heatran\n|-start|p1a: Heatran|ability: Flash Fire\n|\n|-heal|p1a: Heatran|94\/100|[from] item: Leftovers\n|upkeep\n|turn|8\n|\n|t:|1699821851\n|move|p2a: LAmp|Psychic|p1a: Heatran\n|-resisted|p1a: Heatran\n|-damage|p1a: Heatran|79\/100\n|move|p1a: Heatran|Magma Storm|p2a: LAmp\n|-resisted|p2a: LAmp\n|-damage|p2a: LAmp|60\/100\n|-activate|p2a: LAmp|move: Magma Storm|[of] p1a: Heatran\n|\n|-heal|p1a: Heatran|85\/100|[from] item: Leftovers\n|-damage|p2a: LAmp|48\/100|[from] move: Magma Storm|[partiallytrapped]\n|upkeep\n|turn|9\n|\n|t:|1699821857\n|move|p2a: LAmp|Psychic|p1a: Heatran\n|-resisted|p1a: Heatran\n|-damage|p1a: Heatran|70\/100\n|move|p1a: Heatran|Earth Power|p2a: LAmp\n|-supereffective|p2a: LAmp\n|-damage|p2a: LAmp|0 fnt\n|faint|p2a: LAmp\n|-end|p2a: LAmp|Quark Drive|[silent]\n|\n|-heal|p1a: Heatran|76\/100|[from] item: Leftovers\n|upkeep\n|\n|t:|1699821860\n|switch|p2a: Doj.|Rillaboom, M|100\/100\n|-fieldstart|move: Grassy Terrain|[from] ability: Grassy Surge|[of] p2a: Doj.\n|turn|10\n|\n|t:|1699821869\n|move|p1a: Heatran|Magma Storm|p2a: Doj.\n|-supereffective|p2a: Doj.\n|-damage|p2a: Doj.|0 fnt\n|faint|p2a: Doj.\n|\n|-heal|p1a: Heatran|83\/100|[from] Grassy Terrain\n|-heal|p1a: Heatran|89\/100|[from] item: Leftovers\n|upkeep\n|\n|t:|1699821872\n|switch|p2a: Speedge Mcfast|Sneasler, F|100\/100\n|-enditem|p2a: Speedge Mcfast|Grassy Seed\n|-boost|p2a: Speedge Mcfast|def|1|[from] item: Grassy Seed\n|turn|11\n|\n|t:|1699821879\n|-terastallize|p1a: Heatran|Grass\n|move|p2a: Speedge Mcfast|Close Combat|p1a: Heatran\n|-damage|p1a: Heatran|14\/100\n|-unboost|p2a: Speedge Mcfast|def|1\n|-unboost|p2a: Speedge Mcfast|spd|1\n|move|p1a: Heatran|Earth Power|p2a: Speedge Mcfast\n|-supereffective|p2a: Speedge Mcfast\n|-damage|p2a: Speedge Mcfast|0 fnt\n|faint|p2a: Speedge Mcfast\n|\n|-heal|p1a: Heatran|21\/100|[from] Grassy Terrain\n|-heal|p1a: Heatran|27\/100|[from] item: Leftovers\n|upkeep\n|\n|t:|1699821881\n|switch|p2a: UU Btw|Ogerpon, F|100\/100\n|turn|12\n|\n|t:|1699821894\n|move|p2a: UU Btw|Knock Off|p1a: Heatran\n|-damage|p1a: Heatran|0 fnt\n|-enditem|p1a: Heatran|Leftovers|[from] move: Knock Off|[of] p2a: UU Btw\n|faint|p1a: Heatran\n|\n|upkeep\n|\n|t:|1699821901\n|switch|p1a: Gholdengo|Gholdengo|94\/100\n|-damage|p1a: Gholdengo|88\/100|[from] Stealth Rock\n|turn|13\n|\n|t:|1699821912\n|-terastallize|p2a: UU Btw|Grass\n|detailschange|p2a: UU Btw|Ogerpon-Teal-Tera, F, tera:Grass\n|-ability|p2a: UU Btw|Embody Aspect (Teal)|boost\n|-boost|p2a: UU Btw|spe|1\n|move|p2a: UU Btw|Knock Off|p1a: Gholdengo\n|-supereffective|p1a: Gholdengo\n|-damage|p1a: Gholdengo|20\/100\n|-enditem|p1a: Gholdengo|Choice Scarf|[from] move: Knock Off|[of] p2a: UU Btw\n|move|p1a: Gholdengo|Trick|p2a: UU Btw\n|-activate|p1a: Gholdengo|move: Trick|[of] p2a: UU Btw\n|-enditem|p2a: UU Btw|Focus Sash|[silent]|[from] move: Trick\n|-item|p1a: Gholdengo|Focus Sash|[from] move: Trick\n|\n|-heal|p1a: Gholdengo|27\/100|[from] Grassy Terrain\n|upkeep\n|turn|14\n|\n|t:|1699821925\n|switch|p1a: Great Tusk|Great Tusk|100\/100\n|-damage|p1a: Great Tusk|98\/100|[from] Stealth Rock\n|-enditem|p1a: Great Tusk|Booster Energy\n|-activate|p1a: Great Tusk|ability: Protosynthesis|[fromitem]\n|-start|p1a: Great Tusk|protosynthesisatk\n|move|p2a: UU Btw|Knock Off|p1a: Great Tusk\n|-resisted|p1a: Great Tusk\n|-damage|p1a: Great Tusk|90\/100\n|\n|-heal|p1a: Great Tusk|96\/100|[from] Grassy Terrain\n|-fieldend|move: Grassy Terrain\n|upkeep\n|turn|15\n|\n|t:|1699821929\n|move|p2a: UU Btw|Ivy Cudgel|p1a: Great Tusk\n|-supereffective|p1a: Great Tusk\n|-damage|p1a: Great Tusk|0 fnt\n|faint|p1a: Great Tusk\n|-end|p1a: Great Tusk|Protosynthesis|[silent]\n|\n|upkeep\n|\n|t:|1699821932\n|switch|p1a: Gholdengo|Gholdengo|27\/100\n|-damage|p1a: Gholdengo|20\/100|[from] Stealth Rock\n|turn|16\n|\n|t:|1699821934\n|move|p2a: UU Btw|Knock Off|p1a: Gholdengo\n|-supereffective|p1a: Gholdengo\n|-damage|p1a: Gholdengo|0 fnt\n|-enditem|p1a: Gholdengo|Focus Sash|[from] move: Knock Off|[of] p2a: UU Btw\n|faint|p1a: Gholdengo\n|\n|upkeep\n|\n|t:|1699821939\n|switch|p1a: Ogerpon|Ogerpon-Cornerstone, F|100\/100\n|-damage|p1a: Ogerpon|88\/100|[from] Stealth Rock\n|turn|17\n|\n|t:|1699821943\n|move|p2a: UU Btw|Ivy Cudgel|p1a: Ogerpon\n|-damage|p1a: Ogerpon|0 fnt\n|faint|p1a: Ogerpon\n|\n|upkeep\n|\n|t:|1699821945\n|switch|p1a: Dondozo|Dondozo, F|100\/100\n|-damage|p1a: Dondozo|88\/100|[from] Stealth Rock\n|turn|18\n|\n|t:|1699821947\n|move|p2a: UU Btw|Ivy Cudgel|p1a: Dondozo\n|-supereffective|p1a: Dondozo\n|-damage|p1a: Dondozo|28\/100\n|move|p1a: Dondozo|Body Press|p2a: UU Btw\n|-damage|p2a: UU Btw|61\/100\n|\n|-heal|p1a: Dondozo|34\/100|[from] item: Leftovers\n|upkeep\n|turn|19\n|\n|t:|1699821949\n|move|p2a: UU Btw|Ivy Cudgel|p1a: Dondozo\n|-supereffective|p1a: Dondozo\n|-damage|p1a: Dondozo|0 fnt\n|faint|p1a: Dondozo\n|\n|win|BreadSandwichz\n|raw|Wisdom1472's rating: 1348 &rarr; <strong>1327<\/strong><br \/>(-21 for losing)\n|raw|BreadSandwichz's rating: 1328 &rarr; <strong>1349<\/strong><br \/>(+21 for winning)\n","uploadtime":1699821952,"views":8,"p1id":"wisdom1472","p2id":"breadsandwichz","formatid":"gen9ou","rating":1327,"private":0,"password":""}