{"id":"gen9ou-2000074483","p1":"Aaron MA","p2":"ImhoPitit","format":"[Gen 9] OU","log":"|j|\u2606Aaron MA\n|j|\u2606ImhoPitit\n|t:|1701150036\n|gametype|singles\n|player|p1|Aaron MA|169|1417\n|player|p2|ImhoPitit|lucas|1434\n|teamsize|p1|6\n|teamsize|p2|6\n|gen|9\n|tier|[Gen 9] OU\n|rated|\n|rule|Sleep Clause Mod: Limit one foe put to sleep\n|rule|Species Clause: Limit one of each Pok\u00e9mon\n|rule|OHKO Clause: OHKO moves are banned\n|rule|Evasion Items Clause: Evasion items are banned\n|rule|Evasion Moves Clause: Evasion moves are banned\n|rule|Endless Battle Clause: Forcing endless battles is banned\n|rule|HP Percentage Mod: HP is shown in percentages\n|clearpoke\n|poke|p1|Kleavor, F|\n|poke|p1|Azumarill, M|\n|poke|p1|Zapdos|\n|poke|p1|Muk-Alola, M|\n|poke|p1|Iron Valiant|\n|poke|p1|Dragapult, F|\n|poke|p2|Enamorus, F|\n|poke|p2|Dragapult, F|\n|poke|p2|Iron Valiant|\n|poke|p2|Gholdengo|\n|poke|p2|Dragonite, F|\n|poke|p2|Iron Treads|\n|teampreview\n|inactive|Battle timer is ON: inactive players will automatically lose when time's up. (requested by ImhoPitit)\n|c|\u2606ImhoPitit|Ptdr AARON !!!!\n|\n|t:|1701150065\n|start\n|switch|p1a: Kleavor|Kleavor, F|100\/100\n|switch|p2a: Iron Treads|Iron Treads|100\/100\n|-enditem|p2a: Iron Treads|Booster Energy\n|-activate|p2a: Iron Treads|ability: Quark Drive|[fromitem]\n|-start|p2a: Iron Treads|quarkdrivespe\n|turn|1\n|\n|t:|1701150079\n|move|p2a: Iron Treads|Knock Off|p1a: Kleavor\n|-damage|p1a: Kleavor|64\/100\n|-enditem|p1a: Kleavor|Choice Scarf|[from] move: Knock Off|[of] p2a: Iron Treads\n|move|p1a: Kleavor|Close Combat|p2a: Iron Treads\n|-supereffective|p2a: Iron Treads\n|-damage|p2a: Iron Treads|24\/100\n|-unboost|p1a: Kleavor|def|1\n|-unboost|p1a: Kleavor|spd|1\n|\n|upkeep\n|turn|2\n|\n|t:|1701150092\n|switch|p1a: Zapdos|Zapdos|100\/100\n|move|p2a: Iron Treads|Ice Spinner|p1a: Zapdos\n|-supereffective|p1a: Zapdos\n|-damage|p1a: Zapdos|64\/100\n|\n|upkeep\n|turn|3\n|\n|t:|1701150103\n|move|p2a: Iron Treads|Knock Off|p1a: Zapdos\n|-damage|p1a: Zapdos|44\/100\n|-enditem|p1a: Zapdos|Heavy-Duty Boots|[from] move: Knock Off|[of] p2a: Iron Treads\n|move|p1a: Zapdos|U-turn|p2a: Iron Treads\n|-resisted|p2a: Iron Treads\n|-damage|p2a: Iron Treads|18\/100\n|\n|t:|1701150115\n|switch|p1a: Azumarill|Azumarill, M, shiny|100\/100|[from] U-turn\n|\n|upkeep\n|turn|4\n|\n|t:|1701150121\n|move|p1a: Azumarill|Aqua Jet|p2a: Iron Treads\n|-supereffective|p2a: Iron Treads\n|-damage|p2a: Iron Treads|0 fnt\n|faint|p2a: Iron Treads\n|-end|p2a: Iron Treads|Quark Drive|[silent]\n|\n|upkeep\n|\n|t:|1701150126\n|switch|p2a: Lingot|Gholdengo|100\/100\n|-item|p2a: Lingot|Air Balloon\n|turn|5\n|\n|t:|1701150141\n|switch|p1a: Muk|Muk-Alola, M|100\/100\n|move|p2a: Lingot|Make It Rain|p1a: Muk\n|-damage|p1a: Muk|77\/100\n|-unboost|p2a: Lingot|spa|1\n|\n|upkeep\n|turn|6\n|\n|t:|1701150157\n|switch|p2a: Trop mang\u00e9|Dragonite, F|100\/100\n|move|p1a: Muk|Knock Off|p2a: Trop mang\u00e9\n|-damage|p2a: Trop mang\u00e9|82\/100\n|-enditem|p2a: Trop mang\u00e9|Heavy-Duty Boots|[from] move: Knock Off|[of] p1a: Muk\n|\n|upkeep\n|turn|7\n|\n|t:|1701150174\n|move|p2a: Trop mang\u00e9|Dragon Dance|p2a: Trop mang\u00e9\n|-boost|p2a: Trop mang\u00e9|atk|1\n|-boost|p2a: Trop mang\u00e9|spe|1\n|move|p1a: Muk|Poison Jab|p2a: Trop mang\u00e9\n|-damage|p2a: Trop mang\u00e9|48\/100\n|-status|p2a: Trop mang\u00e9|psn\n|\n|-damage|p2a: Trop mang\u00e9|36\/100 psn|[from] psn\n|upkeep\n|turn|8\n|\n|t:|1701150187\n|switch|p1a: Zapdos|Zapdos|44\/100\n|move|p2a: Trop mang\u00e9|Earthquake|p1a: Zapdos\n|-immune|p1a: Zapdos\n|\n|-damage|p2a: Trop mang\u00e9|24\/100 psn|[from] psn\n|upkeep\n|turn|9\n|\n|t:|1701150198\n|move|p2a: Trop mang\u00e9|Ice Spinner|p1a: Zapdos\n|-supereffective|p1a: Zapdos\n|-damage|p1a: Zapdos|0 fnt\n|faint|p1a: Zapdos\n|\n|-damage|p2a: Trop mang\u00e9|12\/100 psn|[from] psn\n|upkeep\n|\n|t:|1701150217\n|switch|p1a: Iron Valiant|Iron Valiant|100\/100\n|-enditem|p1a: Iron Valiant|Booster Energy\n|-activate|p1a: Iron Valiant|ability: Quark Drive|[fromitem]\n|-start|p1a: Iron Valiant|quarkdrivespe\n|turn|10\n|\n|t:|1701150226\n|-terastallize|p2a: Trop mang\u00e9|Normal\n|move|p2a: Trop mang\u00e9|Extreme Speed|p1a: Iron Valiant\n|-damage|p1a: Iron Valiant|7\/100\n|move|p1a: Iron Valiant|Moonblast|p2a: Trop mang\u00e9\n|-damage|p2a: Trop mang\u00e9|0 fnt\n|faint|p2a: Trop mang\u00e9\n|\n|upkeep\n|\n|t:|1701150236\n|switch|p2a: Lingot|Gholdengo|100\/100\n|-item|p2a: Lingot|Air Balloon\n|turn|11\n|\n|t:|1701150249\n|move|p1a: Iron Valiant|Destiny Bond|p1a: Iron Valiant\n|-singlemove|p1a: Iron Valiant|Destiny Bond\n|move|p2a: Lingot|Make It Rain|p1a: Iron Valiant\n|-supereffective|p1a: Iron Valiant\n|-damage|p1a: Iron Valiant|0 fnt\n|-unboost|p2a: Lingot|spa|1\n|faint|p1a: Iron Valiant\n|-activate|p1a: Iron Valiant|move: Destiny Bond\n|-end|p1a: Iron Valiant|Quark Drive|[silent]\n|faint|p2a: Lingot\n|\n|upkeep\n|\n|t:|1701150278\n|switch|p1a: Kleavor|Kleavor, F|64\/100\n|switch|p2a: Vion|Dragapult, F|100\/100\n|turn|12\n|\n|t:|1701150285\n|move|p2a: Vion|Dragon Darts|p1a: Kleavor\n|-damage|p1a: Kleavor|31\/100\n|-anim|p2a: Vion|Dragon Darts|p1a: Kleavor\n|-damage|p1a: Kleavor|0 fnt\n|faint|p1a: Kleavor\n|\n|upkeep\n|inactive|Aaron MA has 120 seconds left.\n|\n|t:|1701150304\n|switch|p1a: Dragapult|Dragapult, F|100\/100\n|turn|13\n|\n|t:|1701150310\n|switch|p2a: Boa|Enamorus, F|100\/100\n|-terastallize|p1a: Dragapult|Fairy\n|move|p1a: Dragapult|Dragon Dance|p1a: Dragapult\n|-boost|p1a: Dragapult|atk|1\n|-boost|p1a: Dragapult|spe|1\n|\n|upkeep\n|turn|14\n|inactive|Aaron MA has 120 seconds left.\n|\n|t:|1701150334\n|move|p1a: Dragapult|Dragon Dance|p1a: Dragapult\n|-boost|p1a: Dragapult|atk|1\n|-boost|p1a: Dragapult|spe|1\n|move|p2a: Boa|Moonblast|p1a: Dragapult\n|-crit|p1a: Dragapult\n|-damage|p1a: Dragapult|1\/100\n|-unboost|p1a: Dragapult|spa|1\n|\n|-heal|p1a: Dragapult|7\/100|[from] item: Leftovers\n|upkeep\n|turn|15\n|inactive|Aaron MA has 120 seconds left.\n|\n|t:|1701150348\n|move|p1a: Dragapult|Phantom Force||[still]\n|-prepare|p1a: Dragapult|Phantom Force\n|move|p2a: Boa|Moonblast|p1a: Dragapult|[miss]\n|-miss|p2a: Boa|p1a: Dragapult\n|\n|-heal|p1a: Dragapult|13\/100|[from] item: Leftovers\n|upkeep\n|turn|16\n|inactive|Aaron MA has 120 seconds left.\n|\n|t:|1701150358\n|move|p1a: Dragapult|Phantom Force|p2a: Boa|[from]lockedmove\n|-damage|p2a: Boa|0 fnt\n|faint|p2a: Boa\n|\n|-heal|p1a: Dragapult|19\/100|[from] item: Leftovers\n|upkeep\n|\n|t:|1701150365\n|switch|p2a: Vion|Dragapult, F|100\/100\n|turn|17\n|\n|t:|1701150373\n|move|p1a: Dragapult|Phantom Force||[still]\n|-prepare|p1a: Dragapult|Phantom Force\n|move|p2a: Vion|Phantom Force||[still]\n|-prepare|p2a: Vion|Phantom Force\n|\n|-heal|p1a: Dragapult|25\/100|[from] item: Leftovers\n|upkeep\n|turn|18\n|\n|t:|1701150382\n|move|p1a: Dragapult|Phantom Force|p2a: Vion|[from]lockedmove|[miss]\n|-miss|p1a: Dragapult|p2a: Vion\n|move|p2a: Vion|Phantom Force|p1a: Dragapult|[from]lockedmove\n|-damage|p1a: Dragapult|0 fnt\n|faint|p1a: Dragapult\n|\n|upkeep\n|\n|t:|1701150393\n|switch|p1a: Azumarill|Azumarill, M, shiny|100\/100\n|turn|19\n|\n|t:|1701150405\n|move|p2a: Vion|Phantom Force||[still]\n|-prepare|p2a: Vion|Phantom Force\n|move|p1a: Azumarill|Play Rough|p2a: Vion|[miss]\n|-miss|p1a: Azumarill|p2a: Vion\n|\n|upkeep\n|turn|20\n|\n|t:|1701150419\n|move|p2a: Vion|Phantom Force|p1a: Azumarill|[from]lockedmove\n|-damage|p1a: Azumarill|54\/100\n|move|p1a: Azumarill|Play Rough|p2a: Vion\n|-supereffective|p2a: Vion\n|-enditem|p2a: Vion|Focus Sash\n|-damage|p2a: Vion|1\/100\n|\n|upkeep\n|turn|21\n|\n|t:|1701150430\n|switch|p2a: Gardien|Iron Valiant|100\/100\n|-enditem|p2a: Gardien|Booster Energy\n|-activate|p2a: Gardien|ability: Quark Drive|[fromitem]\n|-start|p2a: Gardien|quarkdrivespe\n|move|p1a: Azumarill|Aqua Jet|p2a: Gardien\n|-damage|p2a: Gardien|68\/100\n|\n|upkeep\n|turn|22\n|l|\u2606Aaron MA\n|inactive|Aaron MA disconnected and has a minute to reconnect!\n|player|p1|\n|j|\u2606Aaron MA\n|inactive|Aaron MA reconnected and has 125 seconds left.\n|player|p1|Aaron MA|169\n|inactive|Aaron MA has 120 seconds left.\n|\n|t:|1701150461\n|move|p1a: Azumarill|Aqua Jet|p2a: Gardien\n|-damage|p2a: Gardien|36\/100\n|move|p2a: Gardien|Moonblast|p1a: Azumarill\n|-damage|p1a: Azumarill|5\/100\n|-enditem|p1a: Azumarill|Sitrus Berry|[eat]\n|-heal|p1a: Azumarill|30\/100|[from] item: Sitrus Berry\n|\n|upkeep\n|turn|23\n|inactive|Aaron MA has 120 seconds left.\n|\n|t:|1701150475\n|move|p1a: Azumarill|Aqua Jet|p2a: Gardien\n|-damage|p2a: Gardien|3\/100\n|move|p2a: Gardien|Moonblast|p1a: Azumarill\n|-damage|p1a: Azumarill|0 fnt\n|faint|p1a: Azumarill\n|\n|upkeep\n|inactive|Aaron MA has 120 seconds left.\n|\n|t:|1701150484\n|switch|p1a: Muk|Muk-Alola, M|77\/100\n|turn|24\n|\n|t:|1701150489\n|move|p2a: Gardien|Moonblast|p1a: Muk\n|-damage|p1a: Muk|59\/100\n|move|p1a: Muk|Knock Off|p2a: Gardien\n|-resisted|p2a: Gardien\n|-damage|p2a: Gardien|0 fnt\n|faint|p2a: Gardien\n|-end|p2a: Gardien|Quark Drive|[silent]\n|\n|upkeep\n|\n|t:|1701150497\n|switch|p2a: Vion|Dragapult, F|1\/100\n|turn|25\n|\n|t:|1701150502\n|move|p2a: Vion|Dragon Darts|p1a: Muk\n|-damage|p1a: Muk|29\/100\n|-anim|p2a: Vion|Dragon Darts|p1a: Muk\n|-damage|p1a: Muk|3\/100\n|move|p1a: Muk|Knock Off|p2a: Vion\n|-supereffective|p2a: Vion\n|-damage|p2a: Vion|0 fnt\n|faint|p2a: Vion\n|\n|win|Aaron MA\n|raw|Aaron MA's rating: 1417 &rarr; <strong>1438<\/strong><br \/>(+21 for winning)\n|raw|ImhoPitit's rating: 1434 &rarr; <strong>1413<\/strong><br \/>(-21 for losing)\n|l|\u2606ImhoPitit\n|l|\u2606Aaron MA\n|j|\u2606Aaron MA\n|player|p1|Aaron MA|169\n","uploadtime":1701151398,"views":8,"p1id":"aaronma","p2id":"imhopitit","formatid":"gen9ou","rating":1413,"private":0,"password":""}