{"id":"gen9ou-1993930927","p1":"dddzdddq","p2":"Lahly","format":"[Gen 9] OU","log":"|j|\u2606dddzdddq\n|j|\u2606Lahly\n|t:|1700377521\n|gametype|singles\n|player|p1|dddzdddq|shadowtriad|1403\n|player|p2|Lahly|parasollady|1551\n|teamsize|p1|6\n|teamsize|p2|6\n|gen|9\n|tier|[Gen 9] OU\n|rated|\n|rule|Sleep Clause Mod: Limit one foe put to sleep\n|rule|Species Clause: Limit one of each Pok\u00e9mon\n|rule|OHKO Clause: OHKO moves are banned\n|rule|Evasion Items Clause: Evasion items are banned\n|rule|Evasion Moves Clause: Evasion moves are banned\n|rule|Endless Battle Clause: Forcing endless battles is banned\n|rule|HP Percentage Mod: HP is shown in percentages\n|clearpoke\n|poke|p1|Arcanine-Hisui, M|\n|poke|p1|Ribombee, M|\n|poke|p1|Samurott-Hisui, M|\n|poke|p1|Zoroark-Hisui, M|\n|poke|p1|Gholdengo|\n|poke|p1|Great Tusk|\n|poke|p2|Ninetales-Alola, F|\n|poke|p2|Rillaboom, F|\n|poke|p2|Sneasler, M|\n|poke|p2|Great Tusk|\n|poke|p2|Zapdos|\n|poke|p2|Kingambit, M|\n|teampreview\n|\n|t:|1700377535\n|start\n|switch|p1a: Arcanine|Arcanine-Hisui, M|100\/100\n|switch|p2a: Ninetales|Ninetales-Alola, F|100\/100\n|-weather|Snow|[from] ability: Snow Warning|[of] p2a: Ninetales\n|turn|1\n|inactive|Battle timer is ON: inactive players will automatically lose when time's up. (requested by dddzdddq)\n|\n|t:|1700377552\n|-terastallize|p2a: Ninetales|Water\n|move|p2a: Ninetales|Aurora Veil|p2a: Ninetales\n|-sidestart|p2: Lahly|move: Aurora Veil\n|move|p1a: Arcanine|Flare Blitz|p2a: Ninetales\n|-resisted|p2a: Ninetales\n|-damage|p2a: Ninetales|72\/100\n|\n|-weather|Snow|[upkeep]\n|upkeep\n|turn|2\n|\n|t:|1700377561\n|move|p2a: Ninetales|Encore|p1a: Arcanine\n|-start|p1a: Arcanine|Encore\n|move|p1a: Arcanine|Flare Blitz|p2a: Ninetales\n|-resisted|p2a: Ninetales\n|-damage|p2a: Ninetales|44\/100\n|\n|-weather|Snow|[upkeep]\n|upkeep\n|turn|3\n|\n|t:|1700377573\n|switch|p2a: Great Tusk|Great Tusk|100\/100\n|move|p1a: Arcanine|Flare Blitz|p2a: Great Tusk\n|-damage|p2a: Great Tusk|68\/100\n|\n|-weather|Snow|[upkeep]\n|-heal|p2a: Great Tusk|74\/100|[from] item: Leftovers\n|upkeep\n|turn|4\n|inactive|Lahly has 120 seconds left.\n|\n|t:|1700377606\n|switch|p1a: Gholdengo|Gholdengo, shiny|100\/100\n|-item|p1a: Gholdengo|Air Balloon\n|move|p2a: Great Tusk|Headlong Rush|p1a: Gholdengo\n|-immune|p1a: Gholdengo\n|\n|-weather|Snow|[upkeep]\n|-heal|p2a: Great Tusk|81\/100|[from] item: Leftovers\n|upkeep\n|turn|5\n|\n|t:|1700377615\n|switch|p1a: Samurott|Samurott-Hisui, M, shiny|100\/100\n|move|p2a: Great Tusk|Ice Spinner|p1a: Samurott\n|-resisted|p1a: Samurott\n|-damage|p1a: Samurott|81\/100\n|\n|-weather|none\n|-heal|p2a: Great Tusk|87\/100|[from] item: Leftovers\n|upkeep\n|turn|6\n|\n|t:|1700377623\n|move|p1a: Samurott|Razor Shell|p2a: Great Tusk\n|-supereffective|p2a: Great Tusk\n|-damage|p2a: Great Tusk|51\/100\n|move|p2a: Great Tusk|Rapid Spin|p1a: Samurott\n|-damage|p1a: Samurott|55\/100\n|-boost|p2a: Great Tusk|spe|1\n|\n|-heal|p2a: Great Tusk|57\/100|[from] item: Leftovers\n|upkeep\n|turn|7\n|\n|t:|1700377635\n|move|p1a: Samurott|Razor Shell|p2a: Great Tusk\n|-supereffective|p2a: Great Tusk\n|-damage|p2a: Great Tusk|21\/100\n|move|p2a: Great Tusk|Headlong Rush|p1a: Samurott\n|-damage|p1a: Samurott|0 fnt\n|-unboost|p2a: Great Tusk|def|1\n|-unboost|p2a: Great Tusk|spd|1\n|faint|p1a: Samurott\n|\n|-heal|p2a: Great Tusk|27\/100|[from] item: Leftovers\n|upkeep\n|\n|t:|1700377643\n|switch|p1a: Gholdengo|Gholdengo, shiny|100\/100\n|-item|p1a: Gholdengo|Air Balloon\n|turn|8\n|\n|t:|1700377655\n|move|p2a: Great Tusk|Ice Spinner|p1a: Gholdengo\n|-resisted|p1a: Gholdengo\n|-damage|p1a: Gholdengo|89\/100\n|-enditem|p1a: Gholdengo|Air Balloon\n|move|p1a: Gholdengo|Shadow Ball|p2a: Great Tusk\n|-damage|p2a: Great Tusk|0 fnt\n|faint|p2a: Great Tusk\n|-end|p2a: Great Tusk|Protosynthesis|[silent]\n|\n|-sideend|p2: Lahly|move: Aurora Veil\n|upkeep\n|\n|t:|1700377664\n|switch|p2a: Rillaboom|Rillaboom, F|100\/100\n|-fieldstart|move: Grassy Terrain|[from] ability: Grassy Surge|[of] p2a: Rillaboom\n|turn|9\n|\n|t:|1700377671\n|move|p2a: Rillaboom|Knock Off|p1a: Gholdengo\n|-supereffective|p1a: Gholdengo\n|-damage|p1a: Gholdengo|49\/100\n|-damage|p2a: Rillaboom|91\/100|[from] item: Life Orb\n|move|p1a: Gholdengo|Nasty Plot|p1a: Gholdengo\n|-boost|p1a: Gholdengo|spa|2\n|\n|-heal|p2a: Rillaboom|97\/100|[from] Grassy Terrain\n|-heal|p1a: Gholdengo|55\/100|[from] Grassy Terrain\n|upkeep\n|turn|10\n|\n|t:|1700377694\n|switch|p2a: Ninetales|Ninetales-Alola, F, tera:Water|44\/100\n|-weather|Snow|[from] ability: Snow Warning|[of] p2a: Ninetales\n|move|p1a: Gholdengo|Recover|p1a: Gholdengo\n|-heal|p1a: Gholdengo|100\/100\n|\n|-weather|Snow|[upkeep]\n|-heal|p2a: Ninetales|50\/100|[from] Grassy Terrain\n|upkeep\n|turn|11\n|inactive|Lahly has 120 seconds left.\n|\n|t:|1700377723\n|move|p2a: Ninetales|Aurora Veil|p2a: Ninetales\n|-sidestart|p2: Lahly|move: Aurora Veil\n|move|p1a: Gholdengo|Nasty Plot|p1a: Gholdengo\n|-boost|p1a: Gholdengo|spa|2\n|\n|-weather|Snow|[upkeep]\n|-heal|p2a: Ninetales|56\/100|[from] Grassy Terrain\n|upkeep\n|turn|12\n|inactive|Lahly has 120 seconds left.\n|\n|t:|1700377731\n|switch|p2a: Zapdos|Zapdos|100\/100\n|move|p1a: Gholdengo|Nasty Plot|p1a: Gholdengo\n|-boost|p1a: Gholdengo|spa|2\n|\n|-weather|Snow|[upkeep]\n|upkeep\n|turn|13\n|\n|t:|1700377737\n|move|p2a: Zapdos|Heat Wave|p1a: Gholdengo\n|-supereffective|p1a: Gholdengo\n|-damage|p1a: Gholdengo|35\/100\n|move|p1a: Gholdengo|Shadow Ball|p2a: Zapdos\n|-damage|p2a: Zapdos|28\/100\n|\n|-weather|Snow|[upkeep]\n|-heal|p1a: Gholdengo|41\/100|[from] Grassy Terrain\n|-fieldend|move: Grassy Terrain\n|upkeep\n|turn|14\n|\n|t:|1700377751\n|switch|p1a: Arcanine|Arcanine-Hisui, M|100\/100\n|move|p2a: Zapdos|Heat Wave|p1a: Arcanine\n|-resisted|p1a: Arcanine\n|-damage|p1a: Arcanine|89\/100\n|\n|-weather|none\n|upkeep\n|turn|15\n|\n|t:|1700377764\n|move|p1a: Arcanine|Head Smash|p2a: Zapdos\n|-supereffective|p2a: Zapdos\n|-damage|p2a: Zapdos|0 fnt\n|-status|p1a: Arcanine|par|[from] ability: Static|[of] p2a: Zapdos\n|faint|p2a: Zapdos\n|\n|upkeep\n|\n|t:|1700377775\n|switch|p2a: Rillaboom|Rillaboom, F|97\/100\n|-fieldstart|move: Grassy Terrain|[from] ability: Grassy Surge|[of] p2a: Rillaboom\n|turn|16\n|\n|t:|1700377783\n|move|p2a: Rillaboom|Drain Punch|p1a: Arcanine\n|-supereffective|p1a: Arcanine\n|-damage|p1a: Arcanine|14\/100 par\n|-heal|p2a: Rillaboom|100\/100|[from] drain|[of] p1a: Arcanine\n|-damage|p2a: Rillaboom|91\/100|[from] item: Life Orb\n|cant|p1a: Arcanine|par\n|\n|-heal|p2a: Rillaboom|97\/100|[from] Grassy Terrain\n|-heal|p1a: Arcanine|20\/100 par|[from] Grassy Terrain\n|upkeep\n|turn|17\n|\n|t:|1700377793\n|move|p2a: Rillaboom|Drain Punch|p1a: Arcanine\n|-supereffective|p1a: Arcanine\n|-damage|p1a: Arcanine|0 fnt\n|-heal|p2a: Rillaboom|100\/100|[from] drain|[of] p1a: Arcanine\n|faint|p1a: Arcanine\n|-damage|p2a: Rillaboom|91\/100|[from] item: Life Orb\n|\n|-heal|p2a: Rillaboom|97\/100|[from] Grassy Terrain\n|upkeep\n|\n|t:|1700377802\n|switch|p1a: Gholdengo|Gholdengo, shiny|41\/100\n|turn|18\n|\n|t:|1700377809\n|switch|p1a: Great Tusk|Great Tusk, shiny|100\/100\n|move|p2a: Rillaboom|Knock Off|p1a: Great Tusk\n|-resisted|p1a: Great Tusk\n|-damage|p1a: Great Tusk|88\/100\n|-enditem|p1a: Great Tusk|Assault Vest|[from] move: Knock Off|[of] p2a: Rillaboom\n|-damage|p2a: Rillaboom|87\/100|[from] item: Life Orb\n|\n|-heal|p2a: Rillaboom|93\/100|[from] Grassy Terrain\n|-heal|p1a: Great Tusk|94\/100|[from] Grassy Terrain\n|-sideend|p2: Lahly|move: Aurora Veil\n|upkeep\n|turn|19\n|\n|t:|1700377819\n|-end|p1a: Great Tusk|Protosynthesis|[silent]\n|switch|p1a: Gholdengo|Gholdengo, shiny|41\/100\n|move|p2a: Rillaboom|Wood Hammer|p1a: Gholdengo\n|-resisted|p1a: Gholdengo\n|-damage|p1a: Gholdengo|0 fnt\n|faint|p1a: Gholdengo\n|-damage|p2a: Rillaboom|78\/100|[from] Recoil\n|-damage|p2a: Rillaboom|68\/100|[from] item: Life Orb\n|\n|-heal|p2a: Rillaboom|74\/100|[from] Grassy Terrain\n|upkeep\n|\n|t:|1700377821\n|switch|p1a: Ribombee|Ribombee, M, shiny|100\/100\n|turn|20\n|\n|t:|1700377834\n|switch|p2a: Sneasler|Sneasler, M|100\/100\n|-enditem|p2a: Sneasler|Grassy Seed\n|-boost|p2a: Sneasler|def|1|[from] item: Grassy Seed\n|move|p1a: Ribombee|Flamethrower|p2a: Sneasler\n|-damage|p2a: Sneasler|35\/100\n|\n|-heal|p2a: Sneasler|41\/100|[from] Grassy Terrain\n|-fieldend|move: Grassy Terrain\n|upkeep\n|turn|21\n|\n|t:|1700377844\n|move|p2a: Sneasler|Dire Claw|p1a: Ribombee\n|-resisted|p1a: Ribombee\n|-damage|p1a: Ribombee|54\/100\n|-status|p1a: Ribombee|par\n|replace|p1a: King of Illusions|Zoroark-Hisui, M, shiny\n|-end|p1a: King of Illusions|Illusion\n|move|p1a: King of Illusions|Flamethrower|p2a: Sneasler\n|-damage|p2a: Sneasler|0 fnt\n|faint|p2a: Sneasler\n|\n|upkeep\n|\n|t:|1700377861\n|switch|p2a: Kingambit|Kingambit, M|100\/100\n|-activate|p2a: Kingambit|ability: Supreme Overlord\n|-start|p2a: Kingambit|fallen3|[silent]\n|turn|22\n|\n|t:|1700377866\n|move|p1a: King of Illusions|Flamethrower|p2a: Kingambit\n|-supereffective|p2a: Kingambit\n|-damage|p2a: Kingambit|7\/100\n|move|p2a: Kingambit|Kowtow Cleave|p1a: King of Illusions\n|-supereffective|p1a: King of Illusions\n|-damage|p1a: King of Illusions|0 fnt\n|faint|p1a: King of Illusions\n|\n|-heal|p2a: Kingambit|13\/100|[from] item: Leftovers\n|upkeep\n|\n|t:|1700377870\n|switch|p1a: Great Tusk|Great Tusk, shiny|94\/100\n|turn|23\n|\n|t:|1700377876\n|move|p2a: Kingambit|Sucker Punch|p1a: Great Tusk\n|-resisted|p1a: Great Tusk\n|-damage|p1a: Great Tusk|79\/100\n|move|p1a: Great Tusk|Close Combat|p2a: Kingambit\n|-supereffective|p2a: Kingambit\n|-damage|p2a: Kingambit|0 fnt\n|-unboost|p1a: Great Tusk|def|1\n|-unboost|p1a: Great Tusk|spd|1\n|faint|p2a: Kingambit\n|-end|p2a: Kingambit|fallen3|[silent]\n|\n|upkeep\n|\n|t:|1700377886\n|switch|p2a: Rillaboom|Rillaboom, F|74\/100\n|-fieldstart|move: Grassy Terrain|[from] ability: Grassy Surge|[of] p2a: Rillaboom\n|turn|24\n|\n|t:|1700377895\n|-terastallize|p1a: Great Tusk|Grass\n|move|p2a: Rillaboom|Wood Hammer|p1a: Great Tusk\n|-resisted|p1a: Great Tusk\n|-damage|p1a: Great Tusk|35\/100\n|-damage|p2a: Rillaboom|56\/100|[from] Recoil\n|-damage|p2a: Rillaboom|46\/100|[from] item: Life Orb\n|move|p1a: Great Tusk|Close Combat|p2a: Rillaboom\n|-damage|p2a: Rillaboom|0 fnt\n|-unboost|p1a: Great Tusk|def|1\n|-unboost|p1a: Great Tusk|spd|1\n|faint|p2a: Rillaboom\n|\n|-heal|p1a: Great Tusk|42\/100|[from] Grassy Terrain\n|upkeep\n|\n|t:|1700377908\n|switch|p2a: Ninetales|Ninetales-Alola, F, tera:Water|56\/100\n|-weather|Snow|[from] ability: Snow Warning|[of] p2a: Ninetales\n|turn|25\n|\n|t:|1700377914\n|move|p2a: Ninetales|Freeze-Dry|p1a: Great Tusk\n|-supereffective|p1a: Great Tusk\n|-damage|p1a: Great Tusk|0 fnt\n|faint|p1a: Great Tusk\n|-end|p1a: Great Tusk|Protosynthesis|[silent]\n|\n|-weather|Snow|[upkeep]\n|-heal|p2a: Ninetales|62\/100|[from] Grassy Terrain\n|upkeep\n|\n|t:|1700377917\n|switch|p1a: Ribombee|Ribombee, M, shiny|100\/100\n|turn|26\n|\n|t:|1700377928\n|move|p1a: Ribombee|Moonblast|p2a: Ninetales\n|-damage|p2a: Ninetales|32\/100\n|move|p2a: Ninetales|Hypnosis|p1a: Ribombee|[miss]\n|-miss|p2a: Ninetales|p1a: Ribombee\n|\n|-weather|Snow|[upkeep]\n|-heal|p2a: Ninetales|38\/100|[from] Grassy Terrain\n|upkeep\n|turn|27\n|\n|t:|1700377937\n|move|p1a: Ribombee|Stun Spore|p2a: Ninetales\n|-status|p2a: Ninetales|par\n|move|p2a: Ninetales|Hypnosis|p1a: Ribombee\n|-status|p1a: Ribombee|slp|[from] move: Hypnosis\n|\n|-weather|Snow|[upkeep]\n|-heal|p2a: Ninetales|44\/100 par|[from] Grassy Terrain\n|upkeep\n|turn|28\n|c|\u2606dddzdddq|\uff01\n|\n|t:|1700377944\n|cant|p1a: Ribombee|slp\n|move|p2a: Ninetales|Aurora Veil|p2a: Ninetales\n|-sidestart|p2: Lahly|move: Aurora Veil\n|\n|-weather|Snow|[upkeep]\n|-heal|p2a: Ninetales|50\/100 par|[from] Grassy Terrain\n|-fieldend|move: Grassy Terrain\n|upkeep\n|turn|29\n|\n|t:|1700377957\n|cant|p1a: Ribombee|slp\n|move|p2a: Ninetales|Freeze-Dry|p1a: Ribombee\n|-damage|p1a: Ribombee|71\/100 slp\n|\n|-weather|none\n|upkeep\n|turn|30\n|\n|t:|1700377962\n|cant|p1a: Ribombee|slp\n|cant|p2a: Ninetales|par\n|\n|upkeep\n|turn|31\n|\n|t:|1700377966\n|-curestatus|p1a: Ribombee|slp|[msg]\n|move|p1a: Ribombee|Moonblast|p2a: Ninetales\n|-damage|p2a: Ninetales|35\/100 par\n|move|p2a: Ninetales|Freeze-Dry|p1a: Ribombee\n|-damage|p1a: Ribombee|39\/100\n|\n|upkeep\n|turn|32\n|inactive|Lahly has 120 seconds left.\n|\n|t:|1700378017\n|move|p1a: Ribombee|Moonblast|p2a: Ninetales\n|-damage|p2a: Ninetales|20\/100 par\n|cant|p2a: Ninetales|par\n|\n|upkeep\n|turn|33\n|\n|t:|1700378030\n|move|p1a: Ribombee|Moonblast|p2a: Ninetales\n|-damage|p2a: Ninetales|4\/100 par\n|-unboost|p2a: Ninetales|spa|1\n|move|p2a: Ninetales|Hypnosis|p1a: Ribombee\n|-status|p1a: Ribombee|slp|[from] move: Hypnosis\n|\n|upkeep\n|turn|34\n|\n|t:|1700378045\n|cant|p1a: Ribombee|slp\n|move|p2a: Ninetales|Freeze-Dry|p1a: Ribombee\n|-damage|p1a: Ribombee|21\/100 slp\n|\n|upkeep\n|turn|35\n|\n|t:|1700378057\n|cant|p1a: Ribombee|slp\n|cant|p2a: Ninetales|par\n|\n|-sideend|p2: Lahly|move: Aurora Veil\n|upkeep\n|turn|36\n|\n|t:|1700378064\n|cant|p1a: Ribombee|slp\n|move|p2a: Ninetales|Freeze-Dry|p1a: Ribombee\n|-damage|p1a: Ribombee|1\/100 slp\n|\n|upkeep\n|turn|37\n|\n|t:|1700378069\n|-curestatus|p1a: Ribombee|slp|[msg]\n|move|p1a: Ribombee|Moonblast|p2a: Ninetales\n|-damage|p2a: Ninetales|0 fnt\n|faint|p2a: Ninetales\n|\n|win|dddzdddq\n|raw|dddzdddq's rating: 1403 &rarr; <strong>1431<\/strong><br \/>(+28 for winning)\n|raw|Lahly's rating: 1551 &rarr; <strong>1523<\/strong><br \/>(-28 for losing)\n|l|\u2606Lahly\n","uploadtime":1700378095,"views":12,"p1id":"dddzdddq","p2id":"lahly","formatid":"gen9ou","rating":1431,"private":0,"password":""}