{"id":"gen9ou-1997153321","p1":"johann295","p2":"DelixD","format":"[Gen 9] OU","log":"|j|\u2606johann295\n|j|\u2606DelixD\n|t:|1700769922\n|gametype|singles\n|player|p1|johann295|n|1201\n|player|p2|DelixD|blackbelt-gen4dp|1172\n|teamsize|p1|6\n|teamsize|p2|6\n|gen|9\n|tier|[Gen 9] OU\n|rated|\n|rule|Sleep Clause Mod: Limit one foe put to sleep\n|rule|Species Clause: Limit one of each Pok\u00e9mon\n|rule|OHKO Clause: OHKO moves are banned\n|rule|Evasion Items Clause: Evasion items are banned\n|rule|Evasion Moves Clause: Evasion moves are banned\n|rule|Endless Battle Clause: Forcing endless battles is banned\n|rule|HP Percentage Mod: HP is shown in percentages\n|clearpoke\n|poke|p1|Kingambit, F|\n|poke|p1|Great Tusk|\n|poke|p1|Samurott-Hisui, F|\n|poke|p1|Ribombee, F|\n|poke|p1|Gholdengo|\n|poke|p1|Rillaboom, F|\n|poke|p2|Tyranitar, M|\n|poke|p2|Krookodile, M|\n|poke|p2|Ninetales-Alola, M|\n|poke|p2|Garchomp, M|\n|poke|p2|Gholdengo|\n|poke|p2|Quagsire, M|\n|teampreview\n|inactive|Battle timer is ON: inactive players will automatically lose when time's up. (requested by johann295)\n|\n|t:|1700769935\n|start\n|switch|p1a: Ribombee|Ribombee, F|100\/100\n|switch|p2a: Tyranitar|Tyranitar, M|100\/100\n|-weather|Sandstorm|[from] ability: Sand Stream|[of] p2a: Tyranitar\n|turn|1\n|\n|t:|1700769939\n|move|p1a: Ribombee|Sticky Web|p2a: Tyranitar\n|-sidestart|p2: DelixD|move: Sticky Web\n|move|p2a: Tyranitar|Stealth Rock|p1a: Ribombee\n|-sidestart|p1: johann295|move: Stealth Rock\n|\n|-weather|Sandstorm|[upkeep]\n|-damage|p1a: Ribombee|94\/100|[from] Sandstorm\n|upkeep\n|turn|2\n|\n|t:|1700769955\n|switch|p1a: Great Tusk|Great Tusk|100\/100\n|move|p2a: Tyranitar|Stone Edge|p1a: Great Tusk\n|-resisted|p1a: Great Tusk\n|-damage|p1a: Great Tusk|92\/100\n|\n|-weather|Sandstorm|[upkeep]\n|upkeep\n|turn|3\n|\n|t:|1700769966\n|move|p1a: Great Tusk|Knock Off|p2a: Tyranitar\n|-resisted|p2a: Tyranitar\n|-damage|p2a: Tyranitar|88\/100\n|-enditem|p2a: Tyranitar|Red Card|[from] move: Knock Off|[of] p1a: Great Tusk\n|move|p2a: Tyranitar|Dragon Tail|p1a: Great Tusk\n|-damage|p1a: Great Tusk|79\/100\n|-end|p1a: Great Tusk|Protosynthesis|[silent]\n|drag|p1a: Kingambit|Kingambit, F|100\/100\n|-damage|p1a: Kingambit|94\/100|[from] Stealth Rock\n|\n|-weather|Sandstorm|[upkeep]\n|-heal|p1a: Kingambit|100\/100|[from] item: Leftovers\n|upkeep\n|turn|4\n|\n|t:|1700769976\n|move|p1a: Kingambit|Iron Head|p2a: Tyranitar\n|-supereffective|p2a: Tyranitar\n|-damage|p2a: Tyranitar|28\/100\n|move|p2a: Tyranitar|Dragon Tail|p1a: Kingambit\n|-resisted|p1a: Kingambit\n|-damage|p1a: Kingambit|93\/100\n|-end|p1a: Kingambit|fallenundefined|[silent]\n|drag|p1a: Ribombee|Ribombee, F|94\/100\n|-damage|p1a: Ribombee|69\/100|[from] Stealth Rock\n|\n|-weather|Sandstorm|[upkeep]\n|-damage|p1a: Ribombee|63\/100|[from] Sandstorm\n|upkeep\n|turn|5\n|\n|t:|1700769986\n|move|p1a: Ribombee|Moonblast|p2a: Tyranitar\n|-supereffective|p2a: Tyranitar\n|-crit|p2a: Tyranitar\n|-damage|p2a: Tyranitar|0 fnt\n|faint|p2a: Tyranitar\n|\n|-weather|none\n|upkeep\n|\n|t:|1700769996\n|switch|p2a: Gholdengo|Gholdengo|100\/100\n|-activate|p2a: Gholdengo|move: Sticky Web\n|-unboost|p2a: Gholdengo|spe|1\n|turn|6\n|\n|t:|1700770015\n|switch|p1a: Great Tusk|Great Tusk|79\/100\n|move|p2a: Gholdengo|Make It Rain|p1a: Great Tusk\n|-damage|p1a: Great Tusk|0 fnt\n|-unboost|p2a: Gholdengo|spa|1\n|faint|p1a: Great Tusk\n|-end|p1a: Great Tusk|Protosynthesis|[silent]\n|\n|upkeep\n|\n|t:|1700770023\n|switch|p1a: Kingambit|Kingambit, F|93\/100\n|-damage|p1a: Kingambit|87\/100|[from] Stealth Rock\n|-activate|p1a: Kingambit|ability: Supreme Overlord\n|-start|p1a: Kingambit|fallen1|[silent]\n|turn|7\n|\n|t:|1700770030\n|switch|p2a: Quagsire|Quagsire, M|100\/100\n|-activate|p2a: Quagsire|move: Sticky Web\n|-unboost|p2a: Quagsire|spe|1\n|move|p1a: Kingambit|Iron Head|p2a: Quagsire\n|-resisted|p2a: Quagsire\n|-damage|p2a: Quagsire|83\/100\n|\n|-heal|p1a: Kingambit|93\/100|[from] item: Leftovers\n|upkeep\n|turn|8\n|\n|t:|1700770043\n|move|p1a: Kingambit|Kowtow Cleave|p2a: Quagsire\n|-damage|p2a: Quagsire|41\/100\n|move|p2a: Quagsire|Toxic Spikes|p1a: Kingambit\n|-sidestart|p1: johann295|move: Toxic Spikes\n|\n|-heal|p1a: Kingambit|99\/100|[from] item: Leftovers\n|upkeep\n|turn|9\n|\n|t:|1700770048\n|move|p1a: Kingambit|Kowtow Cleave|p2a: Quagsire\n|-damage|p2a: Quagsire|1\/100\n|move|p2a: Quagsire|Recover|p2a: Quagsire\n|-heal|p2a: Quagsire|51\/100\n|\n|-heal|p1a: Kingambit|100\/100|[from] item: Leftovers\n|upkeep\n|turn|10\n|\n|t:|1700770059\n|move|p1a: Kingambit|Kowtow Cleave|p2a: Quagsire\n|-damage|p2a: Quagsire|10\/100\n|move|p2a: Quagsire|Recover|p2a: Quagsire\n|-heal|p2a: Quagsire|60\/100\n|\n|upkeep\n|turn|11\n|\n|t:|1700770074\n|-end|p1a: Kingambit|fallen1|[silent]\n|switch|p1a: Gholdengo|Gholdengo|100\/100\n|-damage|p1a: Gholdengo|94\/100|[from] Stealth Rock\n|-item|p1a: Gholdengo|Air Balloon\n|move|p2a: Quagsire|Body Slam|p1a: Gholdengo\n|-immune|p1a: Gholdengo\n|\n|upkeep\n|turn|12\n|\n|t:|1700770083\n|move|p1a: Gholdengo|Shadow Ball|p2a: Quagsire\n|-damage|p2a: Quagsire|0 fnt\n|faint|p2a: Quagsire\n|\n|upkeep\n|\n|t:|1700770090\n|switch|p2a: Krookodile|Krookodile, M|100\/100\n|-activate|p2a: Krookodile|move: Sticky Web\n|-unboost|p2a: Krookodile|spe|1\n|turn|13\n|\n|t:|1700770099\n|switch|p1a: Samurott|Samurott-Hisui, F, shiny|100\/100\n|-damage|p1a: Samurott|88\/100|[from] Stealth Rock\n|-status|p1a: Samurott|psn\n|move|p2a: Krookodile|Earthquake|p1a: Samurott\n|-damage|p1a: Samurott|26\/100 psn\n|\n|-damage|p1a: Samurott|14\/100 psn|[from] psn\n|upkeep\n|turn|14\n|\n|t:|1700770109\n|-terastallize|p2a: Krookodile|Dark\n|move|p1a: Samurott|Ceaseless Edge|p2a: Krookodile\n|-resisted|p2a: Krookodile\n|-damage|p2a: Krookodile|73\/100\n|-sidestart|p2: DelixD|Spikes\n|move|p2a: Krookodile|Knock Off|p1a: Samurott\n|-resisted|p1a: Samurott\n|-damage|p1a: Samurott|0 fnt\n|-enditem|p1a: Samurott|Choice Scarf|[from] move: Knock Off|[of] p2a: Krookodile\n|faint|p1a: Samurott\n|-ability|p2a: Krookodile|Moxie|boost\n|-boost|p2a: Krookodile|atk|1\n|\n|upkeep\n|\n|t:|1700770121\n|switch|p1a: Ribombee|Ribombee, F|63\/100\n|-damage|p1a: Ribombee|38\/100|[from] Stealth Rock\n|-status|p1a: Ribombee|psn\n|turn|15\n|\n|t:|1700770137\n|move|p1a: Ribombee|Moonblast|p2a: Krookodile\n|-supereffective|p2a: Krookodile\n|-damage|p2a: Krookodile|0 fnt\n|faint|p2a: Krookodile\n|\n|-damage|p1a: Ribombee|26\/100 psn|[from] psn\n|upkeep\n|\n|t:|1700770142\n|switch|p2a: Gholdengo|Gholdengo|100\/100\n|-activate|p2a: Gholdengo|move: Sticky Web\n|-unboost|p2a: Gholdengo|spe|1\n|-damage|p2a: Gholdengo|88\/100|[from] Spikes\n|turn|16\n|\n|t:|1700770155\n|switch|p1a: Gholdengo|Gholdengo|94\/100\n|-damage|p1a: Gholdengo|88\/100|[from] Stealth Rock\n|-item|p1a: Gholdengo|Air Balloon\n|move|p2a: Gholdengo|Shadow Ball|p1a: Gholdengo\n|-supereffective|p1a: Gholdengo\n|-damage|p1a: Gholdengo|0 fnt\n|-enditem|p1a: Gholdengo|Air Balloon\n|faint|p1a: Gholdengo\n|\n|upkeep\n|\n|t:|1700770162\n|switch|p1a: Kingambit|Kingambit, F|100\/100\n|-damage|p1a: Kingambit|94\/100|[from] Stealth Rock\n|-activate|p1a: Kingambit|ability: Supreme Overlord\n|-start|p1a: Kingambit|fallen3|[silent]\n|turn|17\n|\n|t:|1700770174\n|switch|p2a: Garchomp|Garchomp, M|100\/100\n|-activate|p2a: Garchomp|move: Sticky Web\n|-unboost|p2a: Garchomp|spe|1\n|-damage|p2a: Garchomp|88\/100|[from] Spikes\n|move|p1a: Kingambit|Iron Head|p2a: Garchomp\n|-damage|p2a: Garchomp|27\/100\n|-damage|p1a: Kingambit|82\/100|[from] ability: Rough Skin|[of] p2a: Garchomp\n|\n|-heal|p1a: Kingambit|88\/100|[from] item: Leftovers\n|upkeep\n|turn|18\n|\n|t:|1700770184\n|move|p1a: Kingambit|Sucker Punch|p2a: Garchomp\n|-crit|p2a: Garchomp\n|-damage|p2a: Garchomp|0 fnt\n|-damage|p1a: Kingambit|76\/100|[from] ability: Rough Skin|[of] p2a: Garchomp\n|faint|p2a: Garchomp\n|\n|-heal|p1a: Kingambit|82\/100|[from] item: Leftovers\n|upkeep\n|\n|t:|1700770189\n|switch|p2a: Gholdengo|Gholdengo|88\/100\n|-activate|p2a: Gholdengo|move: Sticky Web\n|-unboost|p2a: Gholdengo|spe|1\n|-damage|p2a: Gholdengo|76\/100|[from] Spikes\n|turn|19\n|\n|t:|1700770193\n|move|p2a: Gholdengo|Make It Rain|p1a: Kingambit\n|-resisted|p1a: Kingambit\n|-damage|p1a: Kingambit|51\/100\n|-unboost|p2a: Gholdengo|spa|1\n|move|p1a: Kingambit|Kowtow Cleave|p2a: Gholdengo\n|-supereffective|p2a: Gholdengo\n|-damage|p2a: Gholdengo|0 fnt\n|faint|p2a: Gholdengo\n|\n|-heal|p1a: Kingambit|57\/100|[from] item: Leftovers\n|upkeep\n|\n|t:|1700770198\n|switch|p2a: Ninetales|Ninetales-Alola, M|100\/100\n|-activate|p2a: Ninetales|move: Sticky Web\n|-unboost|p2a: Ninetales|spe|1\n|-damage|p2a: Ninetales|88\/100|[from] Spikes\n|-weather|Snow|[from] ability: Snow Warning|[of] p2a: Ninetales\n|turn|20\n|\n|t:|1700770202\n|move|p2a: Ninetales|Moonblast|p1a: Kingambit\n|-damage|p1a: Kingambit|23\/100\n|move|p1a: Kingambit|Iron Head|p2a: Ninetales\n|-supereffective|p2a: Ninetales\n|-crit|p2a: Ninetales\n|-damage|p2a: Ninetales|0 fnt\n|faint|p2a: Ninetales\n|\n|win|johann295\n|raw|johann295's rating: 1201 &rarr; <strong>1224<\/strong><br \/>(+23 for winning)\n|raw|DelixD's rating: 1172 &rarr; <strong>1149<\/strong><br \/>(-23 for losing)\n","uploadtime":1700770207,"views":4,"p1id":"johann295","p2id":"delixd","formatid":"gen9ou","rating":1149,"private":0,"password":""}