{"id":"gen9ou-1991365999","p1":"Visegrad","p2":"ass random name","format":"[Gen 9] OU","log":"|j|\u2606Visegrad\n|j|\u2606ass random name\n|inactive|Battle timer is ON: inactive players will automatically lose when time's up.\n|j|*Lady Monita \u2746\n|t:|1700071112\n|gametype|singles\n|player|p1|Visegrad|fisherman-gen4|\n|player|p2|ass random name|170|\n|teamsize|p1|3\n|teamsize|p2|3\n|gen|9\n|tier|[Gen 9] OU\n|rated|Tournament battle\n|rule|Sleep Clause Mod: Limit one foe put to sleep\n|rule|Species Clause: Limit one of each Pok\u00e9mon\n|rule|OHKO Clause: OHKO moves are banned\n|rule|Evasion Items Clause: Evasion items are banned\n|rule|Evasion Moves Clause: Evasion moves are banned\n|rule|Endless Battle Clause: Forcing endless battles is banned\n|rule|HP Percentage Mod: HP is shown in percentages\n|clearpoke\n|poke|p1|Haunter, F|\n|poke|p1|Slugma, F|\n|poke|p1|Axew, F|\n|poke|p2|Glimmora, M|\n|poke|p2|Poochyena, M|\n|poke|p2|Hippopotas, F|\n|teampreview\n|j| SalvaPot\n|\n|t:|1700071118\n|start\n|switch|p1a: Slugma|Slugma, F|100\/100\n|switch|p2a: Glimmora|Glimmora, M|100\/100\n|turn|1\n|l| SalvaPot\n|\n|t:|1700071129\n|move|p2a: Glimmora|Stealth Rock|p1a: Slugma\n|-sidestart|p1: Visegrad|move: Stealth Rock\n|move|p1a: Slugma|Fire Spin|p2a: Glimmora\n|-resisted|p2a: Glimmora\n|-damage|p2a: Glimmora|91\/100\n|-activate|p2a: Glimmora|move: Fire Spin|[of] p1a: Slugma\n|\n|-damage|p2a: Glimmora|79\/100|[from] move: Fire Spin|[partiallytrapped]\n|upkeep\n|turn|2\n|\n|t:|1700071133\n|move|p2a: Glimmora|Power Gem|p1a: Slugma\n|-supereffective|p1a: Slugma\n|-enditem|p1a: Slugma|Focus Sash\n|-damage|p1a: Slugma|1\/100\n|move|p1a: Slugma|Stealth Rock|p2a: Glimmora\n|-sidestart|p2: ass random name|move: Stealth Rock\n|\n|-damage|p2a: Glimmora|67\/100|[from] move: Fire Spin|[partiallytrapped]\n|upkeep\n|turn|3\n|\n|t:|1700071139\n|move|p2a: Glimmora|Mortal Spin|p1a: Slugma\n|-damage|p1a: Slugma|0 fnt\n|-status|p2a: Glimmora|brn|[from] ability: Flame Body|[of] p1a: Slugma\n|-sideend|p2: ass random name|Stealth Rock|[from] move: Mortal Spin|[of] p2a: Glimmora\n|-end|p2a: Glimmora|Fire Spin|[partiallytrapped]\n|faint|p1a: Slugma\n|\n|-damage|p2a: Glimmora|60\/100 brn|[from] brn\n|upkeep\n|\n|t:|1700071149\n|switch|p1a: Haunter|Haunter, F|100\/100\n|-damage|p1a: Haunter|88\/100|[from] Stealth Rock\n|turn|4\n|\n|t:|1700071170\n|move|p1a: Haunter|Shadow Ball|p2a: Glimmora\n|-damage|p2a: Glimmora|0 fnt\n|faint|p2a: Glimmora\n|\n|upkeep\n|\n|t:|1700071172\n|switch|p2a: Poochyena|Poochyena, M|100\/100\n|turn|5\n|\n|t:|1700071176\n|switch|p1a: Axew|Axew, F|100\/100\n|-damage|p1a: Axew|88\/100|[from] Stealth Rock\n|-ability|p1a: Axew|Mold Breaker\n|move|p2a: Poochyena|Crunch|p1a: Axew\n|-damage|p1a: Axew|6\/100\n|-unboost|p1a: Axew|def|1\n|\n|upkeep\n|turn|6\n|\n|t:|1700071180\n|switch|p2a: Hippopotas|Hippopotas, F|100\/100\n|-weather|Sandstorm|[from] ability: Sand Stream|[of] p2a: Hippopotas\n|move|p1a: Axew|First Impression|p2a: Hippopotas\n|-damage|p2a: Hippopotas|78\/100\n|-damage|p1a: Axew|0 fnt|[from] item: Life Orb\n|faint|p1a: Axew\n|\n|-weather|Sandstorm|[upkeep]\n|upkeep\n|\n|t:|1700071187\n|switch|p1a: Haunter|Haunter, F|88\/100\n|-damage|p1a: Haunter|76\/100|[from] Stealth Rock\n|turn|7\n|\n|t:|1700071204\n|move|p1a: Haunter|Energy Ball|p2a: Hippopotas\n|-supereffective|p2a: Hippopotas\n|-damage|p2a: Hippopotas|0 fnt\n|faint|p2a: Hippopotas\n|\n|-weather|Sandstorm|[upkeep]\n|-damage|p1a: Haunter|70\/100|[from] Sandstorm\n|upkeep\n|\n|t:|1700071207\n|switch|p2a: Poochyena|Poochyena, M|100\/100\n|turn|8\n|\n|t:|1700071210\n|-terastallize|p2a: Poochyena|Dark\n|move|p2a: Poochyena|Sucker Punch|p1a: Haunter\n|-supereffective|p1a: Haunter\n|-damage|p1a: Haunter|0 fnt\n|faint|p1a: Haunter\n|\n|win|ass random name\n|n|\u2606Visegrad|visegrad\n|n|\u2606ass random name|assrandomname\n|n|*Lady Monita \u2746|ladymonita\n|l|*Lady Monita \u2746\n|c|\u2606ass random name|gg\n|c|\u2606Visegrad|gg\n","uploadtime":1700071216,"views":8,"p1id":"visegrad","p2id":"assrandomname","formatid":"gen9ou","rating":0,"private":0,"password":""}