{"id":"gen9ou-1997994308","p1":"happy skadi","p2":"gamebooadvanced","format":"[Gen 9] OU","log":"|j|\u2606happy skadi\n|j|\u2606gamebooadvanced\n|t:|1700876592\n|gametype|singles\n|player|p1|happy skadi|169|1696\n|player|p2|gamebooadvanced|clay|1823\n|teamsize|p1|6\n|teamsize|p2|6\n|gen|9\n|tier|[Gen 9] OU\n|rated|\n|rule|Sleep Clause Mod: Limit one foe put to sleep\n|rule|Species Clause: Limit one of each Pok\u00e9mon\n|rule|OHKO Clause: OHKO moves are banned\n|rule|Evasion Items Clause: Evasion items are banned\n|rule|Evasion Moves Clause: Evasion moves are banned\n|rule|Endless Battle Clause: Forcing endless battles is banned\n|rule|HP Percentage Mod: HP is shown in percentages\n|clearpoke\n|poke|p1|Cinderace, M|\n|poke|p1|Dragapult, M|\n|poke|p1|Landorus-Therian, M|\n|poke|p1|Ogerpon-Cornerstone, F|\n|poke|p1|Gholdengo|\n|poke|p1|Alomomola, F|\n|poke|p2|Ogerpon-Wellspring, F|\n|poke|p2|Great Tusk|\n|poke|p2|Garganacl, F|\n|poke|p2|Heatran, F|\n|poke|p2|Dragonite, F|\n|poke|p2|Dragapult, F|\n|teampreview\n|j| justplaying2relax\n|j| Mooncougar\n|l| Mooncougar\n|\n|t:|1700876656\n|start\n|switch|p1a: Landorus|Landorus-Therian, M|100\/100\n|switch|p2a: Heatran|Heatran, F|100\/100\n|-ability|p1a: Landorus|Intimidate|boost\n|-unboost|p2a: Heatran|atk|1\n|-item|p2a: Heatran|Air Balloon\n|turn|1\n|j| 5EternalNoob5\n|j| newbie to top\n|\n|t:|1700876662\n|move|p1a: Landorus|U-turn|p2a: Heatran\n|-resisted|p2a: Heatran\n|-damage|p2a: Heatran|96\/100\n|-enditem|p2a: Heatran|Air Balloon\n|\n|t:|1700876669\n|switch|p1a: Alomomola|Alomomola, F|100\/100|[from] U-turn\n|move|p2a: Heatran|Will-O-Wisp|p1a: Alomomola\n|-status|p1a: Alomomola|brn\n|\n|-damage|p1a: Alomomola|94\/100 brn|[from] brn\n|upkeep\n|turn|2\n|\n|t:|1700876676\n|switch|p2a: Ogerpon|Ogerpon-Wellspring, F|100\/100\n|move|p1a: Alomomola|Flip Turn|p2a: Ogerpon\n|-immune|p2a: Ogerpon|[from] ability: Water Absorb\n|\n|-damage|p1a: Alomomola|88\/100 brn|[from] brn\n|upkeep\n|turn|3\n|\n|t:|1700876686\n|switch|p1a: Dragapult|Dragapult, M|100\/100\n|move|p2a: Ogerpon|Encore||[still]\n|-fail|p2a: Ogerpon\n|\n|upkeep\n|turn|4\n|l| justplaying2relax\n|\n|t:|1700876715\n|switch|p2a: Great Tusk|Great Tusk|100\/100\n|move|p1a: Dragapult|U-turn|p2a: Great Tusk\n|-resisted|p2a: Great Tusk\n|-damage|p2a: Great Tusk|94\/100\n|-damage|p1a: Dragapult|84\/100|[from] item: Rocky Helmet|[of] p2a: Great Tusk\n|\n|t:|1700876734\n|switch|p1a: Ogerpon|Ogerpon-Cornerstone, F|100\/100|[from] U-turn\n|\n|upkeep\n|turn|5\n|j| Yoneisdead\n|l| 5EternalNoob5\n|\n|t:|1700876756\n|move|p1a: Ogerpon|Swords Dance|p1a: Ogerpon\n|-boost|p1a: Ogerpon|atk|2\n|move|p2a: Great Tusk|Headlong Rush|p1a: Ogerpon\n|-damage|p1a: Ogerpon|19\/100\n|-unboost|p2a: Great Tusk|def|1\n|-unboost|p2a: Great Tusk|spd|1\n|\n|upkeep\n|turn|6\n|\n|t:|1700876791\n|-terastallize|p2a: Great Tusk|Steel\n|move|p1a: Ogerpon|Horn Leech|p2a: Great Tusk\n|-resisted|p2a: Great Tusk\n|-damage|p2a: Great Tusk|43\/100\n|-heal|p1a: Ogerpon|51\/100|[from] drain|[of] p2a: Great Tusk\n|-damage|p1a: Ogerpon|34\/100|[from] item: Rocky Helmet|[of] p2a: Great Tusk\n|move|p2a: Great Tusk|Rapid Spin|p1a: Ogerpon\n|-resisted|p1a: Ogerpon\n|-damage|p1a: Ogerpon|22\/100\n|-boost|p2a: Great Tusk|spe|1\n|\n|upkeep\n|turn|7\n|\n|t:|1700876803\n|switch|p1a: Alomomola|Alomomola, F|100\/100 brn\n|move|p2a: Great Tusk|Ice Spinner|p1a: Alomomola\n|-resisted|p1a: Alomomola\n|-damage|p1a: Alomomola|92\/100 brn\n|-damage|p2a: Great Tusk|26\/100|[from] item: Rocky Helmet|[of] p1a: Alomomola\n|\n|-damage|p1a: Alomomola|85\/100 brn|[from] brn\n|upkeep\n|turn|8\n|\n|t:|1700876811\n|move|p2a: Great Tusk|Knock Off|p1a: Alomomola\n|-damage|p1a: Alomomola|64\/100 brn\n|-damage|p2a: Great Tusk|10\/100|[from] item: Rocky Helmet|[of] p1a: Alomomola\n|-enditem|p1a: Alomomola|Rocky Helmet|[from] move: Knock Off|[of] p2a: Great Tusk\n|move|p1a: Alomomola|Wish|p1a: Alomomola\n|\n|-damage|p1a: Alomomola|58\/100 brn|[from] brn\n|upkeep\n|turn|9\n|\n|t:|1700876816\n|-end|p2a: Great Tusk|Protosynthesis|[silent]\n|switch|p2a: Ogerpon|Ogerpon-Wellspring, F|100\/100\n|move|p1a: Alomomola|Flip Turn|p2a: Ogerpon\n|-immune|p2a: Ogerpon|[from] ability: Water Absorb\n|\n|-heal|p1a: Alomomola|100\/100 brn|[from] move: Wish|[wisher] Alomomola\n|-damage|p1a: Alomomola|94\/100 brn|[from] brn\n|upkeep\n|turn|10\n|j| VicBossMG\n|\n|t:|1700876827\n|move|p2a: Ogerpon|Power Whip|p1a: Alomomola\n|-supereffective|p1a: Alomomola\n|-damage|p1a: Alomomola|12\/100 brn\n|move|p1a: Alomomola|Wish|p1a: Alomomola\n|\n|-damage|p1a: Alomomola|6\/100 brn|[from] brn\n|upkeep\n|turn|11\n|\n|t:|1700876834\n|switch|p1a: Dragapult|Dragapult, M|84\/100\n|move|p2a: Ogerpon|U-turn|p1a: Dragapult\n|-resisted|p1a: Dragapult\n|-damage|p1a: Dragapult|65\/100\n|\n|t:|1700876848\n|switch|p2a: Garganacl|Garganacl, F|100\/100|[from] U-turn\n|\n|-heal|p1a: Dragapult|100\/100|[from] move: Wish|[wisher] Alomomola\n|upkeep\n|turn|12\n|\n|t:|1700876867\n|-terastallize|p1a: Dragapult|Dragon\n|move|p1a: Dragapult|Draco Meteor|p2a: Garganacl\n|-damage|p2a: Garganacl|12\/100\n|-unboost|p1a: Dragapult|spa|2\n|move|p2a: Garganacl|Salt Cure|p1a: Dragapult\n|-damage|p1a: Dragapult|82\/100\n|-start|p1a: Dragapult|Salt Cure\n|\n|-heal|p2a: Garganacl|18\/100|[from] item: Leftovers\n|-damage|p1a: Dragapult|69\/100|[from] Salt Cure\n|upkeep\n|turn|13\n|l| Yoneisdead\n|\n|t:|1700876881\n|move|p1a: Dragapult|Draco Meteor|p2a: Garganacl|[miss]\n|-miss|p1a: Dragapult|p2a: Garganacl\n|move|p2a: Garganacl|Salt Cure|p1a: Dragapult\n|-damage|p1a: Dragapult|51\/100\n|\n|-heal|p2a: Garganacl|24\/100|[from] item: Leftovers\n|-damage|p1a: Dragapult|39\/100|[from] Salt Cure\n|upkeep\n|turn|14\n|\n|t:|1700876892\n|move|p1a: Dragapult|Draco Meteor|p2a: Garganacl\n|-damage|p2a: Garganacl|0 fnt\n|-unboost|p1a: Dragapult|spa|2\n|faint|p2a: Garganacl\n|\n|-damage|p1a: Dragapult|26\/100|[from] Salt Cure\n|upkeep\n|\n|t:|1700876914\n|switch|p2a: Dragapult|Dragapult, F|100\/100\n|turn|15\n|\n|t:|1700876969\n|switch|p1a: Gholdengo|Gholdengo|100\/100\n|-item|p1a: Gholdengo|Air Balloon\n|move|p2a: Dragapult|Hex|p1a: Gholdengo\n|-supereffective|p1a: Gholdengo\n|-damage|p1a: Gholdengo|48\/100\n|-enditem|p1a: Gholdengo|Air Balloon\n|\n|upkeep\n|turn|16\n|\n|t:|1700876982\n|move|p2a: Dragapult|Hex|p1a: Gholdengo\n|-supereffective|p1a: Gholdengo\n|-damage|p1a: Gholdengo|0 fnt\n|faint|p1a: Gholdengo\n|\n|upkeep\n|\n|t:|1700876989\n|switch|p1a: Dragapult|Dragapult, M, tera:Dragon|26\/100\n|turn|17\n|\n|t:|1700876996\n|move|p1a: Dragapult|Shadow Ball|p2a: Dragapult\n|-supereffective|p2a: Dragapult\n|-damage|p2a: Dragapult|0 fnt\n|faint|p2a: Dragapult\n|\n|upkeep\n|j| Meditate Golisopod\n|\n|t:|1700877014\n|switch|p2a: Heatran|Heatran, F|96\/100\n|turn|18\n|l| Meditate Golisopod\n|\n|t:|1700877042\n|switch|p1a: Cinderace|Cinderace, M|100\/100\n|move|p2a: Heatran|Magma Storm|p1a: Cinderace\n|-resisted|p1a: Cinderace\n|-damage|p1a: Cinderace|70\/100\n|-activate|p1a: Cinderace|move: Magma Storm|[of] p2a: Heatran\n|\n|-damage|p1a: Cinderace|57\/100|[from] move: Magma Storm|[partiallytrapped]\n|upkeep\n|turn|19\n|\n|t:|1700877054\n|move|p1a: Cinderace|U-turn|p2a: Heatran\n|-start|p1a: Cinderace|typechange|Bug|[from] ability: Libero\n|-resisted|p2a: Heatran\n|-damage|p2a: Heatran|89\/100\n|\n|t:|1700877060\n|switch|p1a: Alomomola|Alomomola, F|40\/100 brn|[from] U-turn\n|move|p2a: Heatran|Magma Storm|p1a: Alomomola|[miss]\n|-miss|p2a: Heatran|p1a: Alomomola\n|\n|-damage|p1a: Alomomola|33\/100 brn|[from] brn\n|upkeep\n|turn|20\n|\n|t:|1700877070\n|switch|p2a: Ogerpon|Ogerpon-Wellspring, F|100\/100\n|move|p1a: Alomomola|Wish|p1a: Alomomola\n|\n|-damage|p1a: Alomomola|27\/100 brn|[from] brn\n|upkeep\n|turn|21\n|\n|t:|1700877081\n|move|p1a: Alomomola|Protect|p1a: Alomomola\n|-singleturn|p1a: Alomomola|Protect\n|move|p2a: Ogerpon|Power Whip|p1a: Alomomola\n|-activate|p1a: Alomomola|move: Protect\n|\n|-heal|p1a: Alomomola|77\/100 brn|[from] move: Wish|[wisher] Alomomola\n|-damage|p1a: Alomomola|71\/100 brn|[from] brn\n|upkeep\n|turn|22\n|\n|t:|1700877095\n|switch|p1a: Landorus|Landorus-Therian, M|100\/100\n|-ability|p1a: Landorus|Intimidate|boost\n|-unboost|p2a: Ogerpon|atk|1\n|move|p2a: Ogerpon|Power Whip|p1a: Landorus\n|-damage|p1a: Landorus|41\/100\n|\n|upkeep\n|turn|23\n|j| fuwa the cute\n|l| fuwa the cute\n|\n|t:|1700877125\n|switch|p2a: Great Tusk|Great Tusk, tera:Steel|10\/100\n|move|p1a: Landorus|U-turn|p2a: Great Tusk\n|-resisted|p2a: Great Tusk\n|-damage|p2a: Great Tusk|1\/100\n|-damage|p1a: Landorus|25\/100|[from] item: Rocky Helmet|[of] p2a: Great Tusk\n|\n|t:|1700877143\n|switch|p1a: Ogerpon|Ogerpon-Cornerstone, F|22\/100|[from] U-turn\n|\n|upkeep\n|turn|24\n|\n|t:|1700877146\n|move|p1a: Ogerpon|Ivy Cudgel|p2a: Great Tusk|[anim] Ivy Cudgel Rock\n|-resisted|p2a: Great Tusk\n|-crit|p2a: Great Tusk\n|-damage|p2a: Great Tusk|0 fnt\n|faint|p2a: Great Tusk\n|-end|p2a: Great Tusk|Protosynthesis|[silent]\n|\n|upkeep\n|\n|t:|1700877150\n|switch|p2a: Dragonite|Dragonite, F|100\/100\n|turn|25\n|\n|t:|1700877155\n|move|p2a: Dragonite|Extreme Speed|p1a: Ogerpon\n|-resisted|p1a: Ogerpon\n|-damage|p1a: Ogerpon|0 fnt\n|faint|p1a: Ogerpon\n|\n|upkeep\n|\n|t:|1700877162\n|switch|p1a: Alomomola|Alomomola, F|100\/100 brn\n|turn|26\n|\n|t:|1700877166\n|switch|p2a: Ogerpon|Ogerpon-Wellspring, F|100\/100\n|move|p1a: Alomomola|Flip Turn|p2a: Ogerpon\n|-immune|p2a: Ogerpon|[from] ability: Water Absorb\n|\n|-damage|p1a: Alomomola|94\/100 brn|[from] brn\n|upkeep\n|turn|27\n|\n|t:|1700877174\n|move|p2a: Ogerpon|Power Whip|p1a: Alomomola\n|-supereffective|p1a: Alomomola\n|-damage|p1a: Alomomola|9\/100 brn\n|move|p1a: Alomomola|Wish|p1a: Alomomola\n|\n|-damage|p1a: Alomomola|3\/100 brn|[from] brn\n|upkeep\n|turn|28\n|\n|t:|1700877186\n|switch|p1a: Landorus|Landorus-Therian, M|25\/100\n|-ability|p1a: Landorus|Intimidate|boost\n|-unboost|p2a: Ogerpon|atk|1\n|move|p2a: Ogerpon|Ivy Cudgel|p1a: Landorus|[anim] Ivy Cudgel Water\n|-supereffective|p1a: Landorus\n|-damage|p1a: Landorus|0 fnt\n|faint|p1a: Landorus\n|\n|upkeep\n|\n|t:|1700877192\n|switch|p1a: Dragapult|Dragapult, M, tera:Dragon|26\/100\n|turn|29\n|\n|t:|1700877200\n|switch|p2a: Heatran|Heatran, F|89\/100\n|move|p1a: Dragapult|Shadow Ball|p2a: Heatran\n|-damage|p2a: Heatran|50\/100\n|\n|upkeep\n|turn|30\n|\n|t:|1700877205\n|move|p1a: Dragapult|Shadow Ball|p2a: Heatran\n|-damage|p2a: Heatran|15\/100\n|move|p2a: Heatran|Earth Power|p1a: Dragapult\n|-damage|p1a: Dragapult|0 fnt\n|faint|p1a: Dragapult\n|\n|upkeep\n|\n|t:|1700877223\n|switch|p1a: Cinderace|Cinderace, M|57\/100\n|turn|31\n|\n|t:|1700877226\n|move|p1a: Cinderace|High Jump Kick|p2a: Heatran\n|-start|p1a: Cinderace|typechange|Fighting|[from] ability: Libero\n|-supereffective|p2a: Heatran\n|-damage|p2a: Heatran|0 fnt\n|faint|p2a: Heatran\n|\n|upkeep\n|\n|t:|1700877229\n|switch|p2a: Dragonite|Dragonite, F|100\/100\n|turn|32\n|\n|t:|1700877234\n|move|p2a: Dragonite|Extreme Speed|p1a: Cinderace\n|-damage|p1a: Cinderace|0 fnt\n|faint|p1a: Cinderace\n|\n|upkeep\n|\n|t:|1700877236\n|switch|p1a: Alomomola|Alomomola, F|36\/100 brn\n|turn|33\n|\n|t:|1700877239\n|move|p2a: Dragonite|Extreme Speed|p1a: Alomomola\n|-damage|p1a: Alomomola|10\/100 brn\n|move|p1a: Alomomola|Wish|p1a: Alomomola\n|\n|-damage|p1a: Alomomola|4\/100 brn|[from] brn\n|upkeep\n|turn|34\n|\n|t:|1700877245\n|switch|p2a: Ogerpon|Ogerpon-Wellspring, F|100\/100\n|move|p1a: Alomomola|Protect||[still]\n|-fail|p1a: Alomomola\n|\n|-heal|p1a: Alomomola|54\/100 brn|[from] move: Wish|[wisher] Alomomola\n|-damage|p1a: Alomomola|48\/100 brn|[from] brn\n|upkeep\n|turn|35\n|\n|t:|1700877247\n|move|p2a: Ogerpon|Power Whip|p1a: Alomomola\n|-supereffective|p1a: Alomomola\n|-crit|p1a: Alomomola\n|-damage|p1a: Alomomola|0 fnt\n|faint|p1a: Alomomola\n|\n|win|gamebooadvanced\n|raw|happy skadi's rating: 1696 &rarr; <strong>1683<\/strong><br \/>(-13 for losing)\n|raw|gamebooadvanced's rating: 1823 &rarr; <strong>1836<\/strong><br \/>(+13 for winning)\n|l|\u2606happy skadi\n|l| VicBossMG\n|l| newbie to top\n","uploadtime":1700877741,"views":6,"p1id":"happyskadi","p2id":"gamebooadvanced","formatid":"gen9ou","rating":1683,"private":0,"password":""}