{"id":"gen9ou-1995361930","p1":"Hestartsagain","p2":"PurifyingGhost","format":"[Gen 9] OU","log":"|j|\u2606Hestartsagain\n|j|\u2606PurifyingGhost\n|t:|1700559996\n|gametype|singles\n|player|p1|Hestartsagain|169|1351\n|player|p2|PurifyingGhost|li|1428\n|teamsize|p1|6\n|teamsize|p2|6\n|gen|9\n|tier|[Gen 9] OU\n|rated|\n|rule|Sleep Clause Mod: Limit one foe put to sleep\n|rule|Species Clause: Limit one of each Pok\u00e9mon\n|rule|OHKO Clause: OHKO moves are banned\n|rule|Evasion Items Clause: Evasion items are banned\n|rule|Evasion Moves Clause: Evasion moves are banned\n|rule|Endless Battle Clause: Forcing endless battles is banned\n|rule|HP Percentage Mod: HP is shown in percentages\n|clearpoke\n|poke|p1|Gholdengo|\n|poke|p1|Greninja-*, F|\n|poke|p1|Kleavor, F|\n|poke|p1|Sylveon, M|\n|poke|p1|Mudsdale, M|\n|poke|p1|Infernape, M|\n|poke|p2|Zoroark-Hisui, F|\n|poke|p2|Corviknight, M|\n|poke|p2|Lokix, F|\n|poke|p2|Ogerpon-Wellspring, F|\n|poke|p2|Kleavor, F|\n|poke|p2|Great Tusk|\n|teampreview\n|inactive|Battle timer is ON: inactive players will automatically lose when time's up. (requested by Hestartsagain)\n|\n|t:|1700560014\n|start\n|switch|p1a: Greninja|Greninja, F|100\/100\n|switch|p2a: Ogerpon|Ogerpon-Wellspring, F|100\/100\n|turn|1\n|\n|t:|1700560023\n|move|p1a: Greninja|U-turn|p2a: Ogerpon\n|-start|p1a: Greninja|typechange|Bug|[from] ability: Protean\n|-supereffective|p2a: Ogerpon\n|-damage|p2a: Ogerpon|44\/100\n|\n|t:|1700560026\n|switch|p1a: Sylveon|Sylveon, M|100\/100|[from] U-turn\n|move|p2a: Ogerpon|Power Whip|p1a: Sylveon\n|-damage|p1a: Sylveon|39\/100\n|-damage|p2a: Ogerpon|27\/100|[from] item: Rocky Helmet|[of] p1a: Sylveon\n|\n|upkeep\n|turn|2\n|\n|t:|1700560033\n|move|p2a: Ogerpon|Ivy Cudgel|p1a: Sylveon|[anim] Ivy Cudgel Water\n|-damage|p1a: Sylveon|0 fnt\n|faint|p1a: Sylveon\n|\n|upkeep\n|\n|t:|1700560035\n|switch|p1a: Greninja|Greninja, F|100\/100\n|turn|3\n|\n|t:|1700560039\n|switch|p2a: Corviknight|Corviknight, M|100\/100\n|-ability|p2a: Corviknight|Pressure\n|move|p1a: Greninja|U-turn|p2a: Corviknight\n|-start|p1a: Greninja|typechange|Bug|[from] ability: Protean\n|-resisted|p2a: Corviknight\n|-damage|p2a: Corviknight|97\/100\n|-damage|p1a: Greninja|84\/100|[from] item: Rocky Helmet|[of] p2a: Corviknight\n|\n|t:|1700560043\n|switch|p1a: Infernape|Infernape, M|100\/100|[from] U-turn\n|\n|upkeep\n|turn|4\n|\n|t:|1700560047\n|move|p1a: Infernape|Overheat|p2a: Corviknight\n|-supereffective|p2a: Corviknight\n|-damage|p2a: Corviknight|0 fnt\n|-unboost|p1a: Infernape|spa|2\n|faint|p2a: Corviknight\n|\n|upkeep\n|\n|t:|1700560053\n|switch|p2a: Kleavor|Kleavor, F|100\/100\n|turn|5\n|\n|t:|1700560056\n|switch|p1a: Mudsdale|Mudsdale, M|100\/100\n|move|p2a: Kleavor|Stone Axe|p1a: Mudsdale|[miss]\n|-miss|p2a: Kleavor|p1a: Mudsdale\n|\n|upkeep\n|turn|6\n|\n|t:|1700560061\n|move|p2a: Kleavor|Stone Axe|p1a: Mudsdale\n|-resisted|p1a: Mudsdale\n|-damage|p1a: Mudsdale|83\/100\n|-ability|p1a: Mudsdale|Stamina|boost\n|-boost|p1a: Mudsdale|def|1\n|-sidestart|p1: Hestartsagain|move: Stealth Rock\n|move|p1a: Mudsdale|Earthquake|p2a: Kleavor\n|-damage|p2a: Kleavor|43\/100\n|\n|upkeep\n|turn|7\n|\n|t:|1700560066\n|switch|p2a: Lokix|Lokix, F|100\/100\n|move|p1a: Mudsdale|Earthquake|p2a: Lokix\n|-damage|p2a: Lokix|17\/100\n|replace|p2a: Zoroark|Zoroark-Hisui, F\n|-end|p2a: Zoroark|Illusion\n|\n|upkeep\n|turn|8\n|\n|t:|1700560074\n|move|p2a: Zoroark|Grass Knot|p1a: Mudsdale\n|-supereffective|p1a: Mudsdale\n|-damage|p1a: Mudsdale|7\/100\n|-ability|p1a: Mudsdale|Stamina|boost\n|-boost|p1a: Mudsdale|def|1\n|move|p1a: Mudsdale|Earthquake|p2a: Zoroark\n|-damage|p2a: Zoroark|0 fnt\n|faint|p2a: Zoroark\n|\n|upkeep\n|\n|t:|1700560081\n|switch|p2a: Lokix|Lokix, F|100\/100\n|turn|9\n|\n|t:|1700560084\n|move|p2a: Lokix|U-turn|p1a: Mudsdale\n|-damage|p1a: Mudsdale|0 fnt\n|faint|p1a: Mudsdale\n|\n|t:|1700560090\n|switch|p2a: Kleavor|Kleavor, F|43\/100|[from] U-turn\n|\n|upkeep\n|\n|t:|1700560093\n|switch|p1a: Greninja|Greninja, F|84\/100\n|-damage|p1a: Greninja|72\/100|[from] Stealth Rock\n|turn|10\n|\n|t:|1700560096\n|move|p1a: Greninja|Dark Pulse|p2a: Kleavor\n|-start|p1a: Greninja|typechange|Dark|[from] ability: Protean\n|-damage|p2a: Kleavor|0 fnt\n|faint|p2a: Kleavor\n|\n|upkeep\n|\n|t:|1700560100\n|switch|p2a: Lokix|Lokix, F|100\/100\n|turn|11\n|\n|t:|1700560105\n|switch|p1a: Infernape|Infernape, M|100\/100\n|-damage|p1a: Infernape|88\/100|[from] Stealth Rock\n|move|p2a: Lokix|U-turn|p1a: Infernape\n|-resisted|p1a: Infernape\n|-damage|p1a: Infernape|48\/100\n|\n|t:|1700560111\n|switch|p2a: Ogerpon|Ogerpon-Wellspring, F|27\/100|[from] U-turn\n|\n|upkeep\n|turn|12\n|\n|t:|1700560115\n|move|p1a: Infernape|Vacuum Wave|p2a: Ogerpon\n|-damage|p2a: Ogerpon|4\/100\n|move|p2a: Ogerpon|Ivy Cudgel|p1a: Infernape|[anim] Ivy Cudgel Water\n|-supereffective|p1a: Infernape\n|-crit|p1a: Infernape\n|-damage|p1a: Infernape|0 fnt\n|faint|p1a: Infernape\n|\n|upkeep\n|\n|t:|1700560118\n|switch|p1a: Kleavor|Kleavor, F|100\/100\n|turn|13\n|\n|t:|1700560121\n|-terastallize|p1a: Kleavor|Bug\n|move|p2a: Ogerpon|Ivy Cudgel|p1a: Kleavor|[anim] Ivy Cudgel Water\n|-damage|p1a: Kleavor|32\/100\n|move|p1a: Kleavor|Stone Axe|p2a: Ogerpon\n|-damage|p2a: Ogerpon|0 fnt\n|-sidestart|p2: PurifyingGhost|move: Stealth Rock\n|faint|p2a: Ogerpon\n|\n|upkeep\n|\n|t:|1700560138\n|switch|p2a: Great Tusk|Great Tusk|100\/100\n|-damage|p2a: Great Tusk|98\/100|[from] Stealth Rock\n|-enditem|p2a: Great Tusk|Booster Energy\n|-activate|p2a: Great Tusk|ability: Protosynthesis|[fromitem]\n|-start|p2a: Great Tusk|protosynthesisspe\n|turn|14\n|\n|t:|1700560148\n|switch|p1a: Gholdengo|Gholdengo|100\/100\n|-damage|p1a: Gholdengo|94\/100|[from] Stealth Rock\n|move|p2a: Great Tusk|Bulk Up|p2a: Great Tusk\n|-boost|p2a: Great Tusk|atk|1\n|-boost|p2a: Great Tusk|def|1\n|\n|upkeep\n|turn|15\n|\n|t:|1700560154\n|move|p2a: Great Tusk|Headlong Rush|p1a: Gholdengo\n|-supereffective|p1a: Gholdengo\n|-damage|p1a: Gholdengo|0 fnt\n|-unboost|p2a: Great Tusk|def|1\n|-unboost|p2a: Great Tusk|spd|1\n|faint|p1a: Gholdengo\n|\n|upkeep\n|\n|t:|1700560157\n|switch|p1a: Greninja|Greninja, F|72\/100\n|-damage|p1a: Greninja|60\/100|[from] Stealth Rock\n|turn|16\n|\n|t:|1700560161\n|-terastallize|p2a: Great Tusk|Ice\n|move|p1a: Greninja|Ice Beam|p2a: Great Tusk\n|-start|p1a: Greninja|typechange|Ice|[from] ability: Protean\n|-resisted|p2a: Great Tusk\n|-damage|p2a: Great Tusk|52\/100\n|move|p2a: Great Tusk|Close Combat|p1a: Greninja\n|-supereffective|p1a: Greninja\n|-damage|p1a: Greninja|0 fnt\n|-unboost|p2a: Great Tusk|def|1\n|-unboost|p2a: Great Tusk|spd|1\n|faint|p1a: Greninja\n|\n|upkeep\n|\n|t:|1700560164\n|switch|p1a: Kleavor|Kleavor, F, tera:Bug|32\/100\n|turn|17\n|\n|t:|1700560166\n|move|p2a: Great Tusk|Headlong Rush|p1a: Kleavor\n|-resisted|p1a: Kleavor\n|-damage|p1a: Kleavor|0 fnt\n|-unboost|p2a: Great Tusk|def|1\n|-unboost|p2a: Great Tusk|spd|1\n|faint|p1a: Kleavor\n|\n|win|PurifyingGhost\n|raw|Hestartsagain's rating: 1351 &rarr; <strong>1335<\/strong><br \/>(-16 for losing)\n|raw|PurifyingGhost's rating: 1428 &rarr; <strong>1444<\/strong><br \/>(+16 for winning)\n|l|\u2606Hestartsagain\n","uploadtime":1700560175,"views":1,"p1id":"hestartsagain","p2id":"purifyingghost","formatid":"gen9ou","rating":1335,"private":0,"password":""}