{"id":"gen9ou-1995021450","p1":"PhoneHead","p2":"vailorn","format":"[Gen 9] OU","log":"|j|\u2606PhoneHead\n|j|\u2606vailorn\n|t:|1700514210\n|gametype|singles\n|player|p1|PhoneHead|steven|1329\n|player|p2|vailorn|rood|1387\n|teamsize|p1|6\n|teamsize|p2|6\n|gen|9\n|tier|[Gen 9] OU\n|rated|\n|rule|Sleep Clause Mod: Limit one foe put to sleep\n|rule|Species Clause: Limit one of each Pok\u00e9mon\n|rule|OHKO Clause: OHKO moves are banned\n|rule|Evasion Items Clause: Evasion items are banned\n|rule|Evasion Moves Clause: Evasion moves are banned\n|rule|Endless Battle Clause: Forcing endless battles is banned\n|rule|HP Percentage Mod: HP is shown in percentages\n|clearpoke\n|poke|p1|Glimmora, F|\n|poke|p1|Ogerpon-Wellspring, F|\n|poke|p1|Iron Moth|\n|poke|p1|Kingambit, M|\n|poke|p1|Iron Valiant|\n|poke|p1|Zamazenta-*|\n|poke|p2|Goodra-Hisui, M|\n|poke|p2|Blissey, F|\n|poke|p2|Dondozo, M|\n|poke|p2|Cyclizar, M|\n|poke|p2|Alomomola, F|\n|poke|p2|Clodsire, M|\n|teampreview\n|\n|t:|1700514228\n|start\n|switch|p1a: Glimmora|Glimmora, F|100\/100\n|switch|p2a: Blissey|Blissey, F|100\/100\n|turn|1\n|\n|t:|1700514235\n|move|p1a: Glimmora|Stealth Rock|p2a: Blissey\n|-sidestart|p2: vailorn|move: Stealth Rock\n|move|p2a: Blissey|Seismic Toss|p1a: Glimmora\n|-damage|p1a: Glimmora|68\/100\n|-activate|p1a: Glimmora|ability: Toxic Debris\n|-sidestart|p2: vailorn|move: Toxic Spikes\n|\n|upkeep\n|turn|2\n|\n|t:|1700514245\n|move|p1a: Glimmora|Mortal Spin|p2a: Blissey\n|-damage|p2a: Blissey|94\/100\n|-status|p2a: Blissey|psn\n|move|p2a: Blissey|Seismic Toss|p1a: Glimmora\n|-damage|p1a: Glimmora|35\/100\n|-activate|p1a: Glimmora|ability: Toxic Debris\n|-sidestart|p2: vailorn|move: Toxic Spikes\n|\n|-damage|p2a: Blissey|82\/100 psn|[from] psn\n|upkeep\n|turn|3\n|\n|t:|1700514257\n|switch|p1a: Zamazenta|Zamazenta|100\/100\n|-ability|p1a: Zamazenta|Dauntless Shield|boost\n|-boost|p1a: Zamazenta|def|1\n|move|p2a: Blissey|Seismic Toss|p1a: Zamazenta\n|-damage|p1a: Zamazenta|70\/100\n|\n|-heal|p1a: Zamazenta|76\/100|[from] item: Leftovers\n|-damage|p2a: Blissey|70\/100 psn|[from] psn\n|upkeep\n|turn|4\n|\n|t:|1700514279\n|-curestatus|p2a: Blissey|psn|[from] ability: Natural Cure\n|switch|p2a: Dondozo|Dondozo, M|100\/100\n|move|p1a: Zamazenta|Iron Defense|p1a: Zamazenta\n|-boost|p1a: Zamazenta|def|2\n|\n|-heal|p1a: Zamazenta|82\/100|[from] item: Leftovers\n|upkeep\n|turn|5\n|\n|t:|1700514291\n|switch|p1a: Ogerpon|Ogerpon-Wellspring, F|100\/100\n|move|p2a: Dondozo|Curse|p2a: Dondozo\n|-unboost|p2a: Dondozo|spe|1\n|-boost|p2a: Dondozo|atk|1\n|-boost|p2a: Dondozo|def|1\n|\n|upkeep\n|turn|6\n|\n|t:|1700514302\n|switch|p2a: Goodra|Goodra-Hisui, M|100\/100\n|move|p1a: Ogerpon|Horn Leech|p2a: Goodra\n|-resisted|p2a: Goodra\n|-damage|p2a: Goodra|93\/100\n|\n|upkeep\n|turn|7\n|\n|t:|1700514310\n|switch|p1a: Iron Moth|Iron Moth|100\/100\n|-enditem|p1a: Iron Moth|Booster Energy\n|-activate|p1a: Iron Moth|ability: Quark Drive|[fromitem]\n|-start|p1a: Iron Moth|quarkdrivespe\n|move|p2a: Goodra|Knock Off|p1a: Iron Moth\n|-damage|p1a: Iron Moth|82\/100\n|\n|upkeep\n|turn|8\n|\n|t:|1700514321\n|switch|p2a: Clodsire|Clodsire, M|100\/100\n|-sideend|p2: vailorn|move: Toxic Spikes|[of] p2a: Clodsire\n|move|p1a: Iron Moth|Fiery Dance|p2a: Clodsire\n|-damage|p2a: Clodsire|79\/100\n|-boost|p1a: Iron Moth|spa|1\n|\n|upkeep\n|turn|9\n|\n|t:|1700514342\n|-terastallize|p1a: Iron Moth|Fairy\n|move|p1a: Iron Moth|Fiery Dance|p2a: Clodsire\n|-damage|p2a: Clodsire|60\/100\n|-boost|p1a: Iron Moth|spa|1\n|move|p2a: Clodsire|Amnesia|p2a: Clodsire\n|-boost|p2a: Clodsire|spd|2\n|\n|upkeep\n|turn|10\n|\n|t:|1700514353\n|move|p1a: Iron Moth|Substitute|p1a: Iron Moth\n|-start|p1a: Iron Moth|Substitute\n|-damage|p1a: Iron Moth|57\/100\n|move|p2a: Clodsire|Amnesia|p2a: Clodsire\n|-boost|p2a: Clodsire|spd|2\n|\n|upkeep\n|turn|11\n|\n|t:|1700514360\n|move|p1a: Iron Moth|Fiery Dance|p2a: Clodsire\n|-damage|p2a: Clodsire|53\/100\n|-boost|p1a: Iron Moth|spa|1\n|move|p2a: Clodsire|Recover|p2a: Clodsire\n|-heal|p2a: Clodsire|100\/100\n|\n|upkeep\n|turn|12\n|\n|t:|1700514371\n|-end|p1a: Iron Moth|Quark Drive|[silent]\n|switch|p1a: Ogerpon|Ogerpon-Wellspring, F|100\/100\n|move|p2a: Clodsire|Amnesia|p2a: Clodsire\n|-boost|p2a: Clodsire|spd|2\n|\n|upkeep\n|turn|13\n|\n|t:|1700514383\n|switch|p2a: Goodra|Goodra-Hisui, M|93\/100\n|move|p1a: Ogerpon|Ivy Cudgel|p2a: Goodra|[anim] Ivy Cudgel Water\n|-resisted|p2a: Goodra\n|-damage|p2a: Goodra|74\/100\n|\n|upkeep\n|turn|14\n|\n|t:|1700514394\n|switch|p1a: Zamazenta|Zamazenta|82\/100\n|move|p2a: Goodra|Body Press|p1a: Zamazenta\n|-damage|p1a: Zamazenta|61\/100\n|\n|-heal|p1a: Zamazenta|67\/100|[from] item: Leftovers\n|upkeep\n|turn|15\n|\n|t:|1700514403\n|switch|p2a: Dondozo|Dondozo, M|100\/100\n|move|p1a: Zamazenta|Body Press|p2a: Dondozo\n|-crit|p2a: Dondozo\n|-damage|p2a: Dondozo|77\/100\n|\n|-heal|p1a: Zamazenta|73\/100|[from] item: Leftovers\n|upkeep\n|turn|16\n|\n|t:|1700514417\n|switch|p1a: Iron Valiant|Iron Valiant|100\/100\n|-enditem|p1a: Iron Valiant|Booster Energy\n|-activate|p1a: Iron Valiant|ability: Quark Drive|[fromitem]\n|-start|p1a: Iron Valiant|quarkdrivespe\n|move|p2a: Dondozo|Curse|p2a: Dondozo\n|-unboost|p2a: Dondozo|spe|1\n|-boost|p2a: Dondozo|atk|1\n|-boost|p2a: Dondozo|def|1\n|\n|upkeep\n|turn|17\n|\n|t:|1700514443\n|switch|p2a: Clodsire|Clodsire, M|100\/100\n|move|p1a: Iron Valiant|Moonblast|p2a: Clodsire\n|-resisted|p2a: Clodsire\n|-crit|p2a: Clodsire\n|-damage|p2a: Clodsire|80\/100\n|\n|upkeep\n|turn|18\n|\n|t:|1700514453\n|move|p1a: Iron Valiant|Psyshock|p2a: Clodsire\n|-supereffective|p2a: Clodsire\n|-damage|p2a: Clodsire|30\/100\n|move|p2a: Clodsire|Toxic|p1a: Iron Valiant\n|-status|p1a: Iron Valiant|tox\n|\n|-damage|p1a: Iron Valiant|94\/100 tox|[from] psn\n|upkeep\n|turn|19\n|\n|t:|1700514467\n|-terastallize|p2a: Clodsire|Steel\n|move|p1a: Iron Valiant|Psyshock|p2a: Clodsire\n|-resisted|p2a: Clodsire\n|-damage|p2a: Clodsire|17\/100\n|move|p2a: Clodsire|Recover|p2a: Clodsire\n|-heal|p2a: Clodsire|67\/100\n|\n|-damage|p1a: Iron Valiant|82\/100 tox|[from] psn\n|upkeep\n|turn|20\n|\n|t:|1700514479\n|-end|p1a: Iron Valiant|Quark Drive|[silent]\n|switch|p1a: Iron Moth|Iron Moth, tera:Fairy|57\/100\n|move|p2a: Clodsire|Spikes|p1a: Iron Moth\n|-sidestart|p1: PhoneHead|Spikes\n|\n|upkeep\n|turn|21\n|\n|t:|1700514486\n|switch|p2a: Blissey|Blissey, F|70\/100\n|move|p1a: Iron Moth|Fiery Dance|p2a: Blissey\n|-damage|p2a: Blissey|58\/100\n|-boost|p1a: Iron Moth|spa|1\n|\n|upkeep\n|turn|22\n|\n|t:|1700514500\n|-end|p1a: Iron Moth|Quark Drive|[silent]\n|switch|p1a: Ogerpon|Ogerpon-Wellspring, F|100\/100\n|-damage|p1a: Ogerpon|88\/100|[from] Spikes\n|move|p2a: Blissey|Soft-Boiled|p2a: Blissey\n|-heal|p2a: Blissey|100\/100\n|\n|upkeep\n|turn|23\n|\n|t:|1700514515\n|switch|p2a: Goodra|Goodra-Hisui, M|74\/100\n|move|p1a: Ogerpon|Swords Dance|p1a: Ogerpon\n|-boost|p1a: Ogerpon|atk|2\n|\n|upkeep\n|turn|24\n|\n|t:|1700514523\n|move|p1a: Ogerpon|Ivy Cudgel|p2a: Goodra|[anim] Ivy Cudgel Water\n|-resisted|p2a: Goodra\n|-damage|p2a: Goodra|31\/100\n|move|p2a: Goodra|Acid Armor|p2a: Goodra\n|-boost|p2a: Goodra|def|2\n|\n|upkeep\n|turn|25\n|\n|t:|1700514532\n|move|p1a: Ogerpon|Swords Dance|p1a: Ogerpon\n|-boost|p1a: Ogerpon|atk|2\n|move|p2a: Goodra|Rest|p2a: Goodra\n|-status|p2a: Goodra|slp|[from] move: Rest\n|-heal|p2a: Goodra|100\/100 slp|[silent]\n|\n|upkeep\n|turn|26\n|\n|t:|1700514550\n|move|p1a: Ogerpon|Swords Dance|p1a: Ogerpon\n|-boost|p1a: Ogerpon|atk|2\n|cant|p2a: Goodra|slp\n|\n|upkeep\n|turn|27\n|\n|t:|1700514572\n|move|p1a: Ogerpon|Ivy Cudgel|p2a: Goodra|[anim] Ivy Cudgel Water\n|-resisted|p2a: Goodra\n|-damage|p2a: Goodra|62\/100 slp\n|cant|p2a: Goodra|slp\n|\n|upkeep\n|turn|28\n|\n|t:|1700514580\n|move|p1a: Ogerpon|Ivy Cudgel|p2a: Goodra|[anim] Ivy Cudgel Water\n|-resisted|p2a: Goodra\n|-damage|p2a: Goodra|26\/100 slp\n|-curestatus|p2a: Goodra|slp|[msg]\n|move|p2a: Goodra|Acid Armor|p2a: Goodra\n|-boost|p2a: Goodra|def|2\n|\n|upkeep\n|turn|29\n|\n|t:|1700514590\n|move|p1a: Ogerpon|Ivy Cudgel|p2a: Goodra|[anim] Ivy Cudgel Water\n|-resisted|p2a: Goodra\n|-damage|p2a: Goodra|0 fnt\n|faint|p2a: Goodra\n|\n|upkeep\n|c|\u2606vailorn|:(\n|\n|t:|1700514597\n|switch|p2a: Dondozo|Dondozo, M|77\/100\n|turn|30\n|c|\u2606vailorn|guess i lose\n|-message|vailorn forfeited.\n|\n|win|PhoneHead\n|raw|PhoneHead's rating: 1329 &rarr; <strong>1352<\/strong><br \/>(+23 for winning)\n|raw|vailorn's rating: 1387 &rarr; <strong>1364<\/strong><br \/>(-23 for losing)\n","uploadtime":1700514608,"views":12,"p1id":"phonehead","p2id":"vailorn","formatid":"gen9ou","rating":1352,"private":0,"password":""}