{"id":"gen9ou-1992749003","p1":"GARF DID","p2":"vagmak","format":"[Gen 9] OU","log":"|j|\u2606GARF DID\n|j|\u2606vagmak\n|t:|1700231901\n|gametype|singles\n|player|p1|GARF DID|tuber|1610\n|player|p2|vagmak|steven|1720\n|teamsize|p1|6\n|teamsize|p2|6\n|gen|9\n|tier|[Gen 9] OU\n|rated|\n|rule|Sleep Clause Mod: Limit one foe put to sleep\n|rule|Species Clause: Limit one of each Pok\u00e9mon\n|rule|OHKO Clause: OHKO moves are banned\n|rule|Evasion Items Clause: Evasion items are banned\n|rule|Evasion Moves Clause: Evasion moves are banned\n|rule|Endless Battle Clause: Forcing endless battles is banned\n|rule|HP Percentage Mod: HP is shown in percentages\n|clearpoke\n|poke|p1|Zamazenta-*|\n|poke|p1|Iron Moth|\n|poke|p1|Maushold-Four|\n|poke|p1|Walking Wake|\n|poke|p1|Dragonite, F|\n|poke|p1|Kingambit, F|\n|poke|p2|Iron Valiant|\n|poke|p2|Azumarill, M|\n|poke|p2|Walking Wake|\n|poke|p2|Heatran, F|\n|poke|p2|Kingambit, F|\n|poke|p2|Ninetales-Alola, F|\n|teampreview\n|inactive|Battle timer is ON: inactive players will automatically lose when time's up. (requested by vagmak)\n|\n|t:|1700231921\n|start\n|switch|p1a: Maushold|Maushold-Four|100\/100\n|switch|p2a: Ninetales|Ninetales-Alola, F|100\/100\n|-weather|Snow|[from] ability: Snow Warning|[of] p2a: Ninetales\n|turn|1\n|\n|t:|1700231929\n|switch|p2a: Kingambit|Kingambit, F|100\/100\n|move|p1a: Maushold|Population Bomb|p2a: Kingambit\n|-resisted|p2a: Kingambit\n|-damage|p2a: Kingambit|97\/100\n|-resisted|p2a: Kingambit\n|-damage|p2a: Kingambit|93\/100\n|-resisted|p2a: Kingambit\n|-damage|p2a: Kingambit|89\/100\n|-resisted|p2a: Kingambit\n|-damage|p2a: Kingambit|85\/100\n|-resisted|p2a: Kingambit\n|-damage|p2a: Kingambit|81\/100\n|-resisted|p2a: Kingambit\n|-damage|p2a: Kingambit|76\/100\n|-resisted|p2a: Kingambit\n|-damage|p2a: Kingambit|73\/100\n|-resisted|p2a: Kingambit\n|-damage|p2a: Kingambit|69\/100\n|-resisted|p2a: Kingambit\n|-crit|p2a: Kingambit\n|-damage|p2a: Kingambit|63\/100\n|-resisted|p2a: Kingambit\n|-damage|p2a: Kingambit|59\/100\n|-hitcount|p2a: Kingambit|10\n|\n|-weather|Snow|[upkeep]\n|upkeep\n|turn|2\n|\n|t:|1700231939\n|move|p1a: Maushold|Population Bomb|p2a: Kingambit\n|-resisted|p2a: Kingambit\n|-damage|p2a: Kingambit|55\/100\n|-resisted|p2a: Kingambit\n|-damage|p2a: Kingambit|51\/100\n|-resisted|p2a: Kingambit\n|-damage|p2a: Kingambit|47\/100\n|-resisted|p2a: Kingambit\n|-damage|p2a: Kingambit|44\/100\n|-resisted|p2a: Kingambit\n|-damage|p2a: Kingambit|40\/100\n|-resisted|p2a: Kingambit\n|-damage|p2a: Kingambit|36\/100\n|-resisted|p2a: Kingambit\n|-damage|p2a: Kingambit|32\/100\n|-resisted|p2a: Kingambit\n|-damage|p2a: Kingambit|28\/100\n|-resisted|p2a: Kingambit\n|-damage|p2a: Kingambit|25\/100\n|-resisted|p2a: Kingambit\n|-damage|p2a: Kingambit|21\/100\n|-hitcount|p2a: Kingambit|10\n|move|p2a: Kingambit|Kowtow Cleave|p1a: Maushold\n|-damage|p1a: Maushold|8\/100\n|\n|-weather|Snow|[upkeep]\n|upkeep\n|turn|3\n|\n|t:|1700231952\n|switch|p1a: Kingambit|Kingambit, F|100\/100\n|move|p2a: Kingambit|Sucker Punch||[still]\n|-fail|p2a: Kingambit\n|\n|-weather|Snow|[upkeep]\n|upkeep\n|turn|4\n|\n|t:|1700231962\n|-end|p1a: Kingambit|fallenundefined|[silent]\n|switch|p1a: Maushold|Maushold-Four|8\/100\n|-end|p2a: Kingambit|fallenundefined|[silent]\n|switch|p2a: Heatran|Heatran, F|100\/100\n|\n|-weather|Snow|[upkeep]\n|upkeep\n|turn|5\n|\n|t:|1700231966\n|move|p1a: Maushold|Population Bomb|p2a: Heatran\n|-resisted|p2a: Heatran\n|-damage|p2a: Heatran|96\/100\n|-resisted|p2a: Heatran\n|-damage|p2a: Heatran|92\/100\n|-resisted|p2a: Heatran\n|-damage|p2a: Heatran|88\/100\n|-resisted|p2a: Heatran\n|-damage|p2a: Heatran|83\/100\n|-resisted|p2a: Heatran\n|-damage|p2a: Heatran|78\/100\n|-resisted|p2a: Heatran\n|-damage|p2a: Heatran|73\/100\n|-resisted|p2a: Heatran\n|-damage|p2a: Heatran|68\/100\n|-resisted|p2a: Heatran\n|-damage|p2a: Heatran|63\/100\n|-resisted|p2a: Heatran\n|-damage|p2a: Heatran|59\/100\n|-resisted|p2a: Heatran\n|-damage|p2a: Heatran|55\/100\n|-hitcount|p2a: Heatran|10\n|move|p2a: Heatran|Earth Power|p1a: Maushold\n|-damage|p1a: Maushold|0 fnt\n|faint|p1a: Maushold\n|\n|-weather|none\n|-heal|p2a: Heatran|61\/100|[from] item: Leftovers\n|upkeep\n|\n|t:|1700231993\n|switch|p1a: Walking Wake|Walking Wake|100\/100\n|-enditem|p1a: Walking Wake|Booster Energy\n|-activate|p1a: Walking Wake|ability: Protosynthesis|[fromitem]\n|-start|p1a: Walking Wake|protosynthesisspa\n|turn|6\n|\n|t:|1700231998\n|switch|p2a: Azumarill|Azumarill, M|100\/100\n|move|p1a: Walking Wake|Hydro Pump|p2a: Azumarill\n|-resisted|p2a: Azumarill\n|-damage|p2a: Azumarill|63\/100\n|\n|upkeep\n|turn|7\n|\n|t:|1700232007\n|-end|p1a: Walking Wake|Protosynthesis|[silent]\n|switch|p1a: Kingambit|Kingambit, F|100\/100\n|-activate|p1a: Kingambit|ability: Supreme Overlord\n|-start|p1a: Kingambit|fallen1|[silent]\n|move|p2a: Azumarill|Play Rough|p1a: Kingambit\n|-damage|p1a: Kingambit|54\/100\n|\n|upkeep\n|turn|8\n|\n|t:|1700232013\n|move|p1a: Kingambit|Iron Head|p2a: Azumarill\n|-damage|p2a: Azumarill|8\/100\n|-enditem|p2a: Azumarill|Sitrus Berry|[eat]\n|-heal|p2a: Azumarill|33\/100|[from] item: Sitrus Berry\n|move|p2a: Azumarill|Play Rough|p1a: Kingambit\n|-damage|p1a: Kingambit|8\/100\n|\n|upkeep\n|turn|9\n|\n|t:|1700232023\n|move|p2a: Azumarill|Aqua Jet|p1a: Kingambit\n|-damage|p1a: Kingambit|0 fnt\n|faint|p1a: Kingambit\n|-end|p1a: Kingambit|fallen1|[silent]\n|\n|upkeep\n|\n|t:|1700232036\n|switch|p1a: Dragonite|Dragonite, F|100\/100\n|turn|10\n|\n|t:|1700232044\n|move|p1a: Dragonite|Earthquake|p2a: Azumarill\n|-damage|p2a: Azumarill|0 fnt\n|faint|p2a: Azumarill\n|\n|upkeep\n|\n|t:|1700232047\n|switch|p2a: Walking Wake|Walking Wake|100\/100\n|-enditem|p2a: Walking Wake|Booster Energy\n|-activate|p2a: Walking Wake|ability: Protosynthesis|[fromitem]\n|-start|p2a: Walking Wake|protosynthesisspe\n|turn|11\n|\n|t:|1700232060\n|move|p2a: Walking Wake|Dragon Pulse|p1a: Dragonite\n|-supereffective|p1a: Dragonite\n|-damage|p1a: Dragonite|53\/100\n|move|p1a: Dragonite|Earthquake|p2a: Walking Wake\n|-damage|p2a: Walking Wake|60\/100\n|\n|upkeep\n|turn|12\n|\n|t:|1700232064\n|move|p1a: Dragonite|Extreme Speed|p2a: Walking Wake\n|-damage|p2a: Walking Wake|25\/100\n|move|p2a: Walking Wake|Dragon Pulse|p1a: Dragonite\n|-supereffective|p1a: Dragonite\n|-damage|p1a: Dragonite|0 fnt\n|faint|p1a: Dragonite\n|\n|upkeep\n|\n|t:|1700232069\n|switch|p1a: Iron Moth|Iron Moth|100\/100\n|-enditem|p1a: Iron Moth|Booster Energy\n|-activate|p1a: Iron Moth|ability: Quark Drive|[fromitem]\n|-start|p1a: Iron Moth|quarkdrivespe\n|turn|13\n|\n|t:|1700232085\n|-end|p2a: Walking Wake|Protosynthesis|[silent]\n|switch|p2a: Heatran|Heatran, F|61\/100\n|move|p1a: Iron Moth|Dazzling Gleam|p2a: Heatran\n|-resisted|p2a: Heatran\n|-damage|p2a: Heatran|56\/100\n|\n|-heal|p2a: Heatran|62\/100|[from] item: Leftovers\n|upkeep\n|turn|14\n|\n|t:|1700232089\n|-end|p1a: Iron Moth|Quark Drive|[silent]\n|switch|p1a: Walking Wake|Walking Wake|100\/100\n|move|p2a: Heatran|Earth Power|p1a: Walking Wake\n|-damage|p1a: Walking Wake|58\/100\n|\n|-heal|p2a: Heatran|68\/100|[from] item: Leftovers\n|upkeep\n|turn|15\n|\n|t:|1700232098\n|move|p2a: Heatran|Protect|p2a: Heatran\n|-singleturn|p2a: Heatran|Protect\n|move|p1a: Walking Wake|Agility|p1a: Walking Wake\n|-boost|p1a: Walking Wake|spe|2\n|\n|-heal|p2a: Heatran|74\/100|[from] item: Leftovers\n|upkeep\n|turn|16\n|\n|t:|1700232109\n|switch|p2a: Kingambit|Kingambit, F|21\/100\n|-activate|p2a: Kingambit|ability: Supreme Overlord\n|-start|p2a: Kingambit|fallen1|[silent]\n|move|p1a: Walking Wake|Hydro Pump|p2a: Kingambit|[miss]\n|-miss|p1a: Walking Wake|p2a: Kingambit\n|\n|upkeep\n|turn|17\n|\n|t:|1700232115\n|move|p2a: Kingambit|Sucker Punch||[still]\n|-fail|p2a: Kingambit\n|move|p1a: Walking Wake|Substitute|p1a: Walking Wake\n|-start|p1a: Walking Wake|Substitute\n|-damage|p1a: Walking Wake|34\/100\n|\n|upkeep\n|turn|18\n|\n|t:|1700232120\n|move|p2a: Kingambit|Sucker Punch|p1a: Walking Wake\n|-end|p1a: Walking Wake|Substitute\n|move|p1a: Walking Wake|Dragon Pulse|p2a: Kingambit\n|-resisted|p2a: Kingambit\n|-damage|p2a: Kingambit|0 fnt\n|faint|p2a: Kingambit\n|-end|p2a: Kingambit|fallen1|[silent]\n|\n|upkeep\n|\n|t:|1700232129\n|switch|p2a: Ninetales|Ninetales-Alola, F|100\/100\n|-weather|Snow|[from] ability: Snow Warning|[of] p2a: Ninetales\n|turn|19\n|\n|t:|1700232134\n|move|p1a: Walking Wake|Hydro Pump|p2a: Ninetales\n|-damage|p2a: Ninetales|29\/100\n|move|p2a: Ninetales|Aurora Veil|p2a: Ninetales\n|-sidestart|p2: vagmak|move: Aurora Veil\n|\n|-weather|Snow|[upkeep]\n|upkeep\n|turn|20\n|\n|t:|1700232141\n|move|p1a: Walking Wake|Substitute|p1a: Walking Wake\n|-start|p1a: Walking Wake|Substitute\n|-damage|p1a: Walking Wake|9\/100\n|move|p2a: Ninetales|Freeze-Dry|p1a: Walking Wake\n|-supereffective|p1a: Walking Wake\n|-end|p1a: Walking Wake|Substitute\n|\n|-weather|Snow|[upkeep]\n|upkeep\n|turn|21\n|\n|t:|1700232146\n|move|p1a: Walking Wake|Hydro Pump|p2a: Ninetales\n|-damage|p2a: Ninetales|0 fnt\n|faint|p2a: Ninetales\n|\n|-weather|Snow|[upkeep]\n|upkeep\n|\n|t:|1700232152\n|switch|p2a: Iron Valiant|Iron Valiant|100\/100\n|-enditem|p2a: Iron Valiant|Booster Energy\n|-activate|p2a: Iron Valiant|ability: Quark Drive|[fromitem]\n|-start|p2a: Iron Valiant|quarkdrivespe\n|turn|22\n|\n|t:|1700232168\n|move|p1a: Walking Wake|Hydro Pump|p2a: Iron Valiant\n|-damage|p2a: Iron Valiant|43\/100\n|move|p2a: Iron Valiant|Spirit Break|p1a: Walking Wake\n|-supereffective|p1a: Walking Wake\n|-damage|p1a: Walking Wake|0 fnt\n|faint|p1a: Walking Wake\n|-end|p1a: Walking Wake|Protosynthesis|[silent]\n|\n|-weather|Snow|[upkeep]\n|upkeep\n|\n|t:|1700232171\n|switch|p1a: Iron Moth|Iron Moth|100\/100\n|turn|23\n|\n|t:|1700232196\n|-terastallize|p2a: Iron Valiant|Steel\n|move|p2a: Iron Valiant|Swords Dance|p2a: Iron Valiant\n|-boost|p2a: Iron Valiant|atk|2\n|move|p1a: Iron Moth|Dazzling Gleam|p2a: Iron Valiant\n|-resisted|p2a: Iron Valiant\n|-damage|p2a: Iron Valiant|31\/100\n|\n|-weather|none\n|upkeep\n|turn|24\n|\n|t:|1700232202\n|move|p2a: Iron Valiant|Close Combat|p1a: Iron Moth\n|-resisted|p1a: Iron Moth\n|-damage|p1a: Iron Moth|9\/100\n|-unboost|p2a: Iron Valiant|def|1\n|-unboost|p2a: Iron Valiant|spd|1\n|move|p1a: Iron Moth|Fiery Dance|p2a: Iron Valiant\n|-supereffective|p2a: Iron Valiant\n|-damage|p2a: Iron Valiant|0 fnt\n|faint|p2a: Iron Valiant\n|-end|p2a: Iron Valiant|Quark Drive|[silent]\n|\n|upkeep\n|\n|t:|1700232206\n|switch|p2a: Heatran|Heatran, F|74\/100\n|turn|25\n|\n|t:|1700232211\n|move|p1a: Iron Moth|Dazzling Gleam|p2a: Heatran\n|-resisted|p2a: Heatran\n|-damage|p2a: Heatran|72\/100\n|move|p2a: Heatran|Earth Power|p1a: Iron Moth\n|-supereffective|p1a: Iron Moth\n|-damage|p1a: Iron Moth|0 fnt\n|faint|p1a: Iron Moth\n|-end|p1a: Iron Moth|Quark Drive|[silent]\n|\n|-heal|p2a: Heatran|78\/100|[from] item: Leftovers\n|upkeep\n|\n|t:|1700232213\n|switch|p1a: Zamazenta|Zamazenta|100\/100\n|-ability|p1a: Zamazenta|Dauntless Shield|boost\n|-boost|p1a: Zamazenta|def|1\n|turn|26\n|\n|t:|1700232220\n|move|p1a: Zamazenta|Substitute|p1a: Zamazenta\n|-start|p1a: Zamazenta|Substitute\n|-damage|p1a: Zamazenta|76\/100\n|move|p2a: Heatran|Magma Storm|p1a: Zamazenta\n|-end|p1a: Zamazenta|Substitute\n|\n|-heal|p1a: Zamazenta|82\/100|[from] item: Leftovers\n|-heal|p2a: Heatran|84\/100|[from] item: Leftovers\n|-sideend|p2: vagmak|move: Aurora Veil\n|upkeep\n|turn|27\n|\n|t:|1700232224\n|-terastallize|p1a: Zamazenta|Fire\n|move|p1a: Zamazenta|Substitute|p1a: Zamazenta\n|-start|p1a: Zamazenta|Substitute\n|-damage|p1a: Zamazenta|57\/100\n|move|p2a: Heatran|Magma Storm|p1a: Zamazenta\n|-resisted|p1a: Zamazenta\n|-activate|p1a: Zamazenta|move: Substitute|[damage]\n|\n|-heal|p1a: Zamazenta|63\/100|[from] item: Leftovers\n|-heal|p2a: Heatran|90\/100|[from] item: Leftovers\n|upkeep\n|turn|28\n|\n|t:|1700232228\n|move|p1a: Zamazenta|Iron Defense|p1a: Zamazenta\n|-boost|p1a: Zamazenta|def|2\n|move|p2a: Heatran|Earth Power|p1a: Zamazenta\n|-supereffective|p1a: Zamazenta\n|-end|p1a: Zamazenta|Substitute\n|\n|-heal|p1a: Zamazenta|69\/100|[from] item: Leftovers\n|-heal|p2a: Heatran|97\/100|[from] item: Leftovers\n|upkeep\n|turn|29\n|\n|t:|1700232230\n|move|p1a: Zamazenta|Body Press|p2a: Heatran\n|-supereffective|p2a: Heatran\n|-damage|p2a: Heatran|0 fnt\n|faint|p2a: Heatran\n|\n|-heal|p1a: Zamazenta|75\/100|[from] item: Leftovers\n|upkeep\n|\n|t:|1700232233\n|switch|p2a: Walking Wake|Walking Wake|25\/100\n|turn|30\n|\n|t:|1700232235\n|move|p1a: Zamazenta|Body Press|p2a: Walking Wake\n|-damage|p2a: Walking Wake|0 fnt\n|faint|p2a: Walking Wake\n|-end|p2a: Walking Wake|Protosynthesis|[silent]\n|\n|win|GARF DID\n|raw|GARF DID's rating: 1610 &rarr; <strong>1636<\/strong><br \/>(+26 for winning)\n|raw|vagmak's rating: 1720 &rarr; <strong>1694<\/strong><br \/>(-26 for losing)\n|l|\u2606vagmak\n","uploadtime":1700232243,"views":24,"p1id":"garfdid","p2id":"vagmak","formatid":"gen9ou","rating":1636,"private":0,"password":""}