{"id":"gen9ou-1988626803","p1":"FestiveTwon","p2":"YilanJIN","format":"[Gen 9] OU","log":"|j|\u2606FestiveTwon\n|j|\u2606YilanJIN\n|t:|1699743536\n|gametype|singles\n|player|p1|FestiveTwon|102|1136\n|player|p2|YilanJIN|benga|1166\n|teamsize|p1|6\n|teamsize|p2|6\n|gen|9\n|tier|[Gen 9] OU\n|rated|\n|rule|Sleep Clause Mod: Limit one foe put to sleep\n|rule|Species Clause: Limit one of each Pok\u00e9mon\n|rule|OHKO Clause: OHKO moves are banned\n|rule|Evasion Items Clause: Evasion items are banned\n|rule|Evasion Moves Clause: Evasion moves are banned\n|rule|Endless Battle Clause: Forcing endless battles is banned\n|rule|HP Percentage Mod: HP is shown in percentages\n|clearpoke\n|poke|p1|Lilligant-Hisui, F|\n|poke|p1|Great Tusk|\n|poke|p1|Jirachi|\n|poke|p1|Ogerpon-Wellspring, F|\n|poke|p1|Samurott-Hisui, F|\n|poke|p1|Skeledirge, M|\n|poke|p2|Dragapult, M|\n|poke|p2|Iron Valiant|\n|poke|p2|Gholdengo|\n|poke|p2|Iron Treads|\n|poke|p2|Dragonite, F|\n|poke|p2|Ogerpon-Wellspring, F|\n|teampreview\n|inactive|Battle timer is ON: inactive players will automatically lose when time's up. (requested by YilanJIN)\n|\n|t:|1699743556\n|start\n|switch|p1a: Jirachi|Jirachi|100\/100\n|switch|p2a: Ogerpon|Ogerpon-Wellspring, F|100\/100\n|turn|1\n|inactive|YilanJIN has 120 seconds left.\n|inactive|YilanJIN has 90 seconds left.\n|j| Sockx\n|\n|t:|1699743636\n|move|p2a: Ogerpon|Taunt|p1a: Jirachi\n|-start|p1a: Jirachi|move: Taunt\n|move|p1a: Jirachi|Body Slam|p2a: Ogerpon\n|-damage|p2a: Ogerpon|74\/100\n|-status|p2a: Ogerpon|par\n|\n|upkeep\n|turn|2\n|\n|t:|1699743644\n|move|p1a: Jirachi|U-turn|p2a: Ogerpon\n|-supereffective|p2a: Ogerpon\n|-damage|p2a: Ogerpon|34\/100 par\n|\n|t:|1699743647\n|switch|p1a: Ogerpon|Ogerpon-Wellspring, F|100\/100|[from] U-turn\n|move|p2a: Ogerpon|Ivy Cudgel|p1a: Ogerpon\n|-immune|p1a: Ogerpon|[from] ability: Water Absorb\n|\n|upkeep\n|turn|3\n|inactive|YilanJIN has 90 seconds left.\n|\n|t:|1699743657\n|move|p1a: Ogerpon|U-turn|p2a: Ogerpon\n|-supereffective|p2a: Ogerpon\n|-damage|p2a: Ogerpon|0 fnt\n|faint|p2a: Ogerpon\n|\n|t:|1699743662\n|switch|p1a: Jirachi|Jirachi|100\/100|[from] U-turn\n|\n|upkeep\n|\n|t:|1699743672\n|switch|p2a: Iron Treads|Iron Treads|100\/100\n|-enditem|p2a: Iron Treads|Booster Energy\n|-activate|p2a: Iron Treads|ability: Quark Drive|[fromitem]\n|-start|p2a: Iron Treads|quarkdrivespe\n|turn|4\n|\n|t:|1699743685\n|move|p2a: Iron Treads|Stealth Rock|p1a: Jirachi\n|-sidestart|p1: FestiveTwon|move: Stealth Rock\n|move|p1a: Jirachi|Encore|p2a: Iron Treads\n|-start|p2a: Iron Treads|Encore\n|\n|upkeep\n|turn|5\n|\n|t:|1699743691\n|-end|p2a: Iron Treads|Quark Drive|[silent]\n|switch|p2a: Gholdengo|Gholdengo|100\/100\n|-item|p2a: Gholdengo|Air Balloon\n|move|p1a: Jirachi|U-turn|p2a: Gholdengo\n|-resisted|p2a: Gholdengo\n|-damage|p2a: Gholdengo|96\/100\n|-enditem|p2a: Gholdengo|Air Balloon\n|\n|t:|1699743703\n|switch|p1a: Samurott|Samurott-Hisui, F|100\/100|[from] U-turn\n|-damage|p1a: Samurott|88\/100|[from] Stealth Rock\n|\n|upkeep\n|turn|6\n|inactive|YilanJIN has 120 seconds left.\n|\n|t:|1699743714\n|switch|p2a: Iron Treads|Iron Treads|100\/100\n|move|p1a: Samurott|Ceaseless Edge|p2a: Iron Treads\n|-damage|p2a: Iron Treads|65\/100\n|-sidestart|p2: YilanJIN|Spikes\n|\n|upkeep\n|turn|7\n|inactive|YilanJIN has 120 seconds left.\n|\n|t:|1699743722\n|move|p1a: Samurott|Ceaseless Edge|p2a: Iron Treads\n|-damage|p2a: Iron Treads|31\/100\n|-sidestart|p2: YilanJIN|Spikes\n|move|p2a: Iron Treads|Earthquake|p1a: Samurott\n|-damage|p1a: Samurott|41\/100\n|\n|upkeep\n|turn|8\n|\n|t:|1699743726\n|move|p1a: Samurott|Ceaseless Edge|p2a: Iron Treads\n|-damage|p2a: Iron Treads|0 fnt\n|-sidestart|p2: YilanJIN|Spikes\n|faint|p2a: Iron Treads\n|-end|p2a: Iron Treads|Quark Drive|[silent]\n|\n|upkeep\n|\n|t:|1699743732\n|switch|p2a: Dragonite|Dragonite, F|100\/100\n|turn|9\n|\n|t:|1699743735\n|move|p1a: Samurott|Ceaseless Edge|p2a: Dragonite\n|-crit|p2a: Dragonite\n|-damage|p2a: Dragonite|62\/100\n|move|p2a: Dragonite|Dragon Dance|p2a: Dragonite\n|-boost|p2a: Dragonite|atk|1\n|-boost|p2a: Dragonite|spe|1\n|\n|upkeep\n|turn|10\n|\n|t:|1699743740\n|move|p1a: Samurott|Ceaseless Edge|p2a: Dragonite\n|-damage|p2a: Dragonite|12\/100\n|move|p2a: Dragonite|Earthquake|p1a: Samurott\n|-damage|p1a: Samurott|0 fnt\n|faint|p1a: Samurott\n|\n|upkeep\n|\n|t:|1699743752\n|switch|p1a: Great Tusk|Great Tusk|100\/100\n|-damage|p1a: Great Tusk|98\/100|[from] Stealth Rock\n|turn|11\n|\n|t:|1699743759\n|move|p2a: Dragonite|Ice Spinner|p1a: Great Tusk\n|-supereffective|p1a: Great Tusk\n|-damage|p1a: Great Tusk|51\/100\n|move|p1a: Great Tusk|Ice Spinner|p2a: Dragonite\n|-supereffective|p2a: Dragonite\n|-damage|p2a: Dragonite|0 fnt\n|faint|p2a: Dragonite\n|\n|-heal|p1a: Great Tusk|58\/100|[from] item: Leftovers\n|upkeep\n|\n|t:|1699743764\n|switch|p2a: Iron Valiant|Iron Valiant|100\/100\n|-damage|p2a: Iron Valiant|76\/100|[from] Spikes\n|-enditem|p2a: Iron Valiant|Booster Energy\n|-activate|p2a: Iron Valiant|ability: Quark Drive|[fromitem]\n|-start|p2a: Iron Valiant|quarkdrivespe\n|turn|12\n|\n|t:|1699743771\n|move|p2a: Iron Valiant|Calm Mind|p2a: Iron Valiant\n|-boost|p2a: Iron Valiant|spa|1\n|-boost|p2a: Iron Valiant|spd|1\n|move|p1a: Great Tusk|Earthquake|p2a: Iron Valiant\n|-damage|p2a: Iron Valiant|21\/100\n|\n|-heal|p1a: Great Tusk|64\/100|[from] item: Leftovers\n|upkeep\n|turn|13\n|\n|t:|1699743775\n|move|p2a: Iron Valiant|Psyshock|p1a: Great Tusk\n|-supereffective|p1a: Great Tusk\n|-damage|p1a: Great Tusk|30\/100\n|move|p1a: Great Tusk|Earthquake|p2a: Iron Valiant\n|-damage|p2a: Iron Valiant|0 fnt\n|faint|p2a: Iron Valiant\n|-end|p2a: Iron Valiant|Quark Drive|[silent]\n|\n|-heal|p1a: Great Tusk|36\/100|[from] item: Leftovers\n|upkeep\n|-message|YilanJIN forfeited.\n|\n|win|FestiveTwon\n|raw|FestiveTwon's rating: 1136 &rarr; <strong>1163<\/strong><br \/>(+27 for winning)\n|raw|YilanJIN's rating: 1166 &rarr; <strong>1139<\/strong><br \/>(-27 for losing)\n|l|\u2606YilanJIN\n","uploadtime":1699743788,"views":14,"p1id":"festivetwon","p2id":"yilanjin","formatid":"gen9ou","rating":1139,"private":0,"password":""}