{"id":"gen9ou-1997699732","p1":"Damastes","p2":"ACExDiscostu93","format":"[Gen 9] OU","log":"|j|\u2606Damastes\n|j|\u2606ACExDiscostu93\n|t:|1700843206\n|gametype|singles\n|player|p1|Damastes|102|1346\n|player|p2|ACExDiscostu93|volkner|1247\n|teamsize|p1|6\n|teamsize|p2|6\n|gen|9\n|tier|[Gen 9] OU\n|rated|\n|rule|Sleep Clause Mod: Limit one foe put to sleep\n|rule|Species Clause: Limit one of each Pok\u00e9mon\n|rule|OHKO Clause: OHKO moves are banned\n|rule|Evasion Items Clause: Evasion items are banned\n|rule|Evasion Moves Clause: Evasion moves are banned\n|rule|Endless Battle Clause: Forcing endless battles is banned\n|rule|HP Percentage Mod: HP is shown in percentages\n|clearpoke\n|poke|p1|Pelipper, M|\n|poke|p1|Greninja-*, F|\n|poke|p1|Amoonguss, M|\n|poke|p1|Zapdos|\n|poke|p1|Iron Treads|\n|poke|p1|Basculegion-F, F|\n|poke|p2|Dragonite, F|\n|poke|p2|Garchomp, M|\n|poke|p2|Manaphy|\n|poke|p2|Tyranitar, F|\n|poke|p2|Great Tusk|\n|poke|p2|Ogerpon-Wellspring, F|\n|teampreview\n|\n|t:|1700843226\n|start\n|switch|p1a: Iron Treads|Iron Treads|100\/100\n|switch|p2a: Tyranitar|Tyranitar, F|100\/100\n|-weather|Sandstorm|[from] ability: Sand Stream|[of] p2a: Tyranitar\n|turn|1\n|\n|t:|1700843246\n|switch|p2a: Great Tusk|Great Tusk|100\/100\n|move|p1a: Iron Treads|Stealth Rock|p2a: Great Tusk\n|-sidestart|p2: ACExDiscostu93|move: Stealth Rock\n|\n|-weather|Sandstorm|[upkeep]\n|upkeep\n|turn|2\n|\n|t:|1700843256\n|move|p1a: Iron Treads|Earthquake|p2a: Great Tusk\n|-damage|p2a: Great Tusk|76\/100\n|move|p2a: Great Tusk|Knock Off|p1a: Iron Treads\n|-damage|p1a: Iron Treads|80\/100\n|-enditem|p1a: Iron Treads|Leftovers|[from] move: Knock Off|[of] p2a: Great Tusk\n|\n|-weather|Sandstorm|[upkeep]\n|upkeep\n|turn|3\n|\n|t:|1700843265\n|-end|p1a: Iron Treads|Quark Drive|[silent]\n|switch|p1a: Basculegion|Basculegion-F, F|100\/100\n|move|p2a: Great Tusk|Headlong Rush|p1a: Basculegion\n|-damage|p1a: Basculegion|26\/100\n|-unboost|p2a: Great Tusk|def|1\n|-unboost|p2a: Great Tusk|spd|1\n|\n|-weather|Sandstorm|[upkeep]\n|-damage|p1a: Basculegion|20\/100|[from] Sandstorm\n|upkeep\n|turn|4\n|\n|t:|1700843275\n|switch|p1a: Pelipper|Pelipper, M|100\/100\n|-weather|RainDance|[from] ability: Drizzle|[of] p1a: Pelipper\n|-end|p2a: Great Tusk|Protosynthesis|[silent]\n|switch|p2a: Ogerpon|Ogerpon-Wellspring, F|100\/100\n|-damage|p2a: Ogerpon|88\/100|[from] Stealth Rock\n|\n|-weather|RainDance|[upkeep]\n|upkeep\n|turn|5\n|\n|t:|1700843289\n|-terastallize|p2a: Ogerpon|Water\n|detailschange|p2a: Ogerpon|Ogerpon-Wellspring-Tera, F, tera:Water\n|-ability|p2a: Ogerpon|Embody Aspect (Wellspring)|boost\n|-boost|p2a: Ogerpon|spd|1\n|move|p2a: Ogerpon|Trailblaze|p1a: Pelipper\n|-damage|p1a: Pelipper|76\/100\n|-boost|p2a: Ogerpon|spe|1\n|move|p1a: Pelipper|U-turn|p2a: Ogerpon\n|-damage|p2a: Ogerpon|77\/100\n|\n|t:|1700843305\n|switch|p1a: Amoonguss|Amoonguss, M|100\/100|[from] U-turn\n|\n|-weather|RainDance|[upkeep]\n|upkeep\n|turn|6\n|\n|t:|1700843311\n|move|p2a: Ogerpon|Swords Dance|p2a: Ogerpon\n|-boost|p2a: Ogerpon|atk|2\n|move|p1a: Amoonguss|Giga Drain|p2a: Ogerpon\n|-supereffective|p2a: Ogerpon\n|-damage|p2a: Ogerpon|42\/100\n|\n|-weather|RainDance|[upkeep]\n|upkeep\n|turn|7\n|l|\u2606Damastes\n|player|p1|\n|j|\u2606Damastes\n|player|p1|Damastes|102\n|\n|t:|1700843354\n|move|p2a: Ogerpon|Horn Leech|p1a: Amoonguss\n|-resisted|p1a: Amoonguss\n|-damage|p1a: Amoonguss|76\/100\n|-heal|p2a: Ogerpon|60\/100|[from] drain|[of] p1a: Amoonguss\n|-enditem|p1a: Amoonguss|Eject Button\n|\n|t:|1700843365\n|switch|p1a: Pelipper|Pelipper, M|76\/100\n|\n|-weather|RainDance|[upkeep]\n|upkeep\n|turn|8\n|\n|t:|1700843375\n|move|p2a: Ogerpon|Horn Leech|p1a: Pelipper\n|-damage|p1a: Pelipper|0 fnt\n|-heal|p2a: Ogerpon|99\/100|[from] drain|[of] p1a: Pelipper\n|faint|p1a: Pelipper\n|\n|-weather|RainDance|[upkeep]\n|upkeep\n|\n|t:|1700843378\n|switch|p1a: Amoonguss|Amoonguss, M|100\/100\n|turn|9\n|\n|t:|1700843397\n|move|p2a: Ogerpon|Ivy Cudgel|p1a: Amoonguss|[anim] Ivy Cudgel Water\n|-resisted|p1a: Amoonguss\n|-crit|p1a: Amoonguss\n|-damage|p1a: Amoonguss|0 fnt\n|faint|p1a: Amoonguss\n|\n|-weather|RainDance|[upkeep]\n|upkeep\n|-message|Damastes forfeited.\n|\n|win|ACExDiscostu93\n|raw|Damastes's rating: 1346 &rarr; <strong>1320<\/strong><br \/>(-26 for losing)\n|raw|ACExDiscostu93's rating: 1247 &rarr; <strong>1279<\/strong><br \/>(+32 for winning)\n|l|\u2606Damastes\n","uploadtime":1700843414,"views":14,"p1id":"damastes","p2id":"acexdiscostu93","formatid":"gen9ou","rating":1279,"private":0,"password":""}