{"id":"gen9ou-1999446077","p1":"Tridecagram","p2":"Alice Sapphic","format":"[Gen 9] OU","log":"|j|\u2606Tridecagram\n|j|\u2606Alice Sapphic\n|t:|1701081793\n|gametype|singles\n|player|p1|Tridecagram|wallace|1035\n|player|p2|Alice Sapphic|dawn-gen4pt|1143\n|teamsize|p1|6\n|teamsize|p2|6\n|gen|9\n|tier|[Gen 9] OU\n|rated|\n|rule|Sleep Clause Mod: Limit one foe put to sleep\n|rule|Species Clause: Limit one of each Pok\u00e9mon\n|rule|OHKO Clause: OHKO moves are banned\n|rule|Evasion Items Clause: Evasion items are banned\n|rule|Evasion Moves Clause: Evasion moves are banned\n|rule|Endless Battle Clause: Forcing endless battles is banned\n|rule|HP Percentage Mod: HP is shown in percentages\n|clearpoke\n|poke|p1|Altaria, M|\n|poke|p1|Gholdengo|\n|poke|p1|Iron Moth|\n|poke|p1|Dondozo, M|\n|poke|p1|Blissey, F|\n|poke|p1|Ogerpon-Cornerstone, F|\n|poke|p2|Meowscarada, F|\n|poke|p2|Glimmora, F|\n|poke|p2|Ursaluna, F|\n|poke|p2|Slowking-Galar, F|\n|poke|p2|Thundurus-Therian, M|\n|poke|p2|Iron Valiant|\n|teampreview\n|\n|t:|1701081800\n|start\n|switch|p1a: Ogerpon|Ogerpon-Cornerstone, F|100\/100\n|switch|p2a: Glimmora|Glimmora, F|100\/100\n|turn|1\n|\n|t:|1701081815\n|move|p1a: Ogerpon|Swords Dance|p1a: Ogerpon\n|-boost|p1a: Ogerpon|atk|2\n|move|p2a: Glimmora|Stealth Rock|p1a: Ogerpon\n|-sidestart|p1: Tridecagram|move: Stealth Rock\n|\n|upkeep\n|turn|2\n|\n|t:|1701081822\n|move|p1a: Ogerpon|Swords Dance|p1a: Ogerpon\n|-boost|p1a: Ogerpon|atk|2\n|move|p2a: Glimmora|Sludge Wave|p1a: Ogerpon\n|-damage|p1a: Ogerpon|48\/100\n|\n|upkeep\n|turn|3\n|\n|t:|1701081829\n|move|p1a: Ogerpon|Horn Leech|p2a: Glimmora\n|-enditem|p2a: Glimmora|Focus Sash\n|-damage|p2a: Glimmora|1\/100\n|-heal|p1a: Ogerpon|90\/100|[from] drain|[of] p2a: Glimmora\n|-activate|p2a: Glimmora|ability: Toxic Debris\n|-sidestart|p1: Tridecagram|move: Toxic Spikes\n|move|p2a: Glimmora|Sludge Wave|p1a: Ogerpon\n|-damage|p1a: Ogerpon|41\/100\n|\n|upkeep\n|turn|4\n|\n|t:|1701081841\n|move|p1a: Ogerpon|Horn Leech|p2a: Glimmora\n|-damage|p2a: Glimmora|0 fnt\n|-heal|p1a: Ogerpon|41\/100|[from] drain|[of] p2a: Glimmora\n|-activate|p2a: Glimmora|ability: Toxic Debris\n|-sidestart|p1: Tridecagram|move: Toxic Spikes\n|faint|p2a: Glimmora\n|\n|upkeep\n|\n|t:|1701081851\n|switch|p2a: Meowscarada|Meowscarada, F|100\/100\n|turn|5\n|\n|t:|1701081859\n|move|p2a: Meowscarada|Flower Trick|p1a: Ogerpon\n|-start|p2a: Meowscarada|typechange|Grass|[from] ability: Protean\n|-crit|p1a: Ogerpon\n|-damage|p1a: Ogerpon|0 fnt\n|faint|p1a: Ogerpon\n|\n|upkeep\n|\n|t:|1701081868\n|switch|p1a: Iron Moth|Iron Moth, shiny|100\/100\n|-damage|p1a: Iron Moth|76\/100|[from] Stealth Rock\n|-sideend|p1: Tridecagram|move: Toxic Spikes|[of] p1a: Iron Moth\n|turn|6\n|\n|t:|1701081884\n|move|p2a: Meowscarada|U-turn|p1a: Iron Moth\n|-resisted|p1a: Iron Moth\n|-damage|p1a: Iron Moth|66\/100\n|\n|t:|1701081888\n|switch|p2a: Slowking|Slowking-Galar, F|100\/100|[from] U-turn\n|move|p1a: Iron Moth|Sludge Wave|p2a: Slowking\n|-resisted|p2a: Slowking\n|-damage|p2a: Slowking|78\/100\n|\n|-heal|p1a: Iron Moth|72\/100|[from] item: Black Sludge\n|upkeep\n|turn|7\n|\n|t:|1701081899\n|move|p1a: Iron Moth|Fiery Dance|p2a: Slowking\n|-damage|p2a: Slowking|43\/100\n|move|p2a: Slowking|Chilling Water|p1a: Iron Moth\n|-supereffective|p1a: Iron Moth\n|-damage|p1a: Iron Moth|38\/100\n|-unboost|p1a: Iron Moth|atk|1\n|\n|-heal|p1a: Iron Moth|44\/100|[from] item: Black Sludge\n|upkeep\n|turn|8\n|\n|t:|1701081914\n|move|p1a: Iron Moth|Fiery Dance|p2a: Slowking\n|-damage|p2a: Slowking|8\/100\n|move|p2a: Slowking|Chilly Reception|p2a: Slowking\n|-weather|Snow\n|\n|t:|1701081921\n|switch|p2a: Meowscarada|Meowscarada, F|100\/100|[from] Chilly Reception\n|\n|-weather|Snow|[upkeep]\n|-heal|p1a: Iron Moth|50\/100|[from] item: Black Sludge\n|upkeep\n|turn|9\n|\n|t:|1701081934\n|move|p2a: Meowscarada|Thunder Punch|p1a: Iron Moth\n|-start|p2a: Meowscarada|typechange|Electric|[from] ability: Protean\n|-damage|p1a: Iron Moth|0 fnt\n|faint|p1a: Iron Moth\n|-end|p1a: Iron Moth|Quark Drive|[silent]\n|\n|-weather|Snow|[upkeep]\n|upkeep\n|-message|Tridecagram forfeited.\n|\n|win|Alice Sapphic\n|raw|Tridecagram's rating: 1035 &rarr; <strong>1024<\/strong><br \/>(-11 for losing)\n|raw|Alice Sapphic's rating: 1143 &rarr; <strong>1160<\/strong><br \/>(+17 for winning)\n|l|\u2606Tridecagram\n","uploadtime":1701081949,"views":18,"p1id":"tridecagram","p2id":"alicesapphic","formatid":"gen9ou","rating":1024,"private":0,"password":""}