{"id":"gen9ou-1992225709","p1":"AC_Shade","p2":"OUHF Zam Zam","format":"[Gen 9] OU","log":"|j|\u2606AC_Shade\n|j|\u2606OUHF Zam Zam\n|t:|1700165493\n|gametype|singles\n|player|p1|AC_Shade|sailor-gen1|1549\n|player|p2|OUHF Zam Zam|palmer|1745\n|teamsize|p1|6\n|teamsize|p2|6\n|gen|9\n|tier|[Gen 9] OU\n|rated|\n|rule|Sleep Clause Mod: Limit one foe put to sleep\n|rule|Species Clause: Limit one of each Pok\u00e9mon\n|rule|OHKO Clause: OHKO moves are banned\n|rule|Evasion Items Clause: Evasion items are banned\n|rule|Evasion Moves Clause: Evasion moves are banned\n|rule|Endless Battle Clause: Forcing endless battles is banned\n|rule|HP Percentage Mod: HP is shown in percentages\n|clearpoke\n|poke|p1|Samurott-Hisui, F|\n|poke|p1|Ceruledge, F|\n|poke|p1|Thundurus-Therian, M|\n|poke|p1|Gholdengo|\n|poke|p1|Great Tusk|\n|poke|p1|Amoonguss, M|\n|poke|p2|Zamazenta-*|\n|poke|p2|Ting-Lu|\n|poke|p2|Skeledirge, F|\n|poke|p2|Empoleon, F|\n|poke|p2|Zapdos|\n|poke|p2|Iron Valiant|\n|teampreview\n|inactive|Battle timer is ON: inactive players will automatically lose when time's up. (requested by OUHF Zam Zam)\n|inactive|OUHF Zam Zam has 120 seconds left.\n|\n|t:|1700165540\n|start\n|switch|p1a: Samurott|Samurott-Hisui, F|100\/100\n|switch|p2a: Zapdos|Zapdos|100\/100\n|turn|1\n|inactive|OUHF Zam Zam has 120 seconds left.\n|\n|t:|1700165575\n|move|p1a: Samurott|Flip Turn|p2a: Zapdos\n|-damage|p2a: Zapdos|64\/100\n|\n|t:|1700165578\n|switch|p1a: Great Tusk|Great Tusk|100\/100|[from] Flip Turn\n|move|p2a: Zapdos|Volt Switch|p1a: Great Tusk\n|-immune|p1a: Great Tusk\n|\n|upkeep\n|turn|2\n|\n|t:|1700165583\n|-end|p1a: Great Tusk|Protosynthesis|[silent]\n|switch|p1a: Gholdengo|Gholdengo|100\/100\n|move|p2a: Zapdos|Hurricane|p1a: Gholdengo|[miss]\n|-miss|p2a: Zapdos|p1a: Gholdengo\n|\n|upkeep\n|turn|3\n|\n|t:|1700165590\n|switch|p2a: Ting-Lu|Ting-Lu|100\/100\n|-ability|p2a: Ting-Lu|Vessel of Ruin\n|move|p1a: Gholdengo|Make It Rain|p2a: Ting-Lu\n|-damage|p2a: Ting-Lu|77\/100\n|-unboost|p1a: Gholdengo|spa|1\n|\n|-heal|p2a: Ting-Lu|83\/100|[from] item: Leftovers\n|upkeep\n|turn|4\n|\n|t:|1700165609\n|switch|p1a: Samurott|Samurott-Hisui, F|100\/100\n|move|p2a: Ting-Lu|Spikes|p1a: Samurott\n|-sidestart|p1: AC_Shade|Spikes\n|\n|-heal|p2a: Ting-Lu|89\/100|[from] item: Leftovers\n|upkeep\n|turn|5\n|\n|t:|1700165619\n|move|p2a: Ting-Lu|Protect|p2a: Ting-Lu\n|-singleturn|p2a: Ting-Lu|Protect\n|move|p1a: Samurott|Ceaseless Edge|p2a: Ting-Lu\n|-activate|p2a: Ting-Lu|move: Protect\n|\n|-heal|p2a: Ting-Lu|96\/100|[from] item: Leftovers\n|upkeep\n|turn|6\n|inactive|OUHF Zam Zam has 120 seconds left.\n|\n|t:|1700165667\n|move|p1a: Samurott|Ceaseless Edge|p2a: Ting-Lu\n|-resisted|p2a: Ting-Lu\n|-damage|p2a: Ting-Lu|84\/100\n|-sidestart|p2: OUHF Zam Zam|Spikes\n|move|p2a: Ting-Lu|Ruination|p1a: Samurott\n|-damage|p1a: Samurott|51\/100\n|\n|-heal|p2a: Ting-Lu|91\/100|[from] item: Leftovers\n|upkeep\n|turn|7\n|\n|t:|1700165676\n|move|p1a: Samurott|Ceaseless Edge|p2a: Ting-Lu\n|-resisted|p2a: Ting-Lu\n|-damage|p2a: Ting-Lu|78\/100\n|-sidestart|p2: OUHF Zam Zam|Spikes\n|move|p2a: Ting-Lu|Ruination|p1a: Samurott\n|-damage|p1a: Samurott|26\/100\n|\n|-heal|p2a: Ting-Lu|84\/100|[from] item: Leftovers\n|upkeep\n|turn|8\n|\n|t:|1700165681\n|switch|p1a: Thundurus|Thundurus-Therian, M|100\/100\n|move|p2a: Ting-Lu|Earthquake|p1a: Thundurus\n|-immune|p1a: Thundurus\n|\n|-heal|p2a: Ting-Lu|90\/100|[from] item: Leftovers\n|upkeep\n|turn|9\n|inactive|OUHF Zam Zam has 120 seconds left.\n|\n|t:|1700165694\n|move|p2a: Ting-Lu|Protect|p2a: Ting-Lu\n|-singleturn|p2a: Ting-Lu|Protect\n|move|p1a: Thundurus|Volt Switch|p2a: Ting-Lu\n|-activate|p2a: Ting-Lu|move: Protect\n|\n|-heal|p2a: Ting-Lu|96\/100|[from] item: Leftovers\n|upkeep\n|turn|10\n|\n|t:|1700165700\n|move|p1a: Thundurus|Knock Off|p2a: Ting-Lu\n|-resisted|p2a: Ting-Lu\n|-damage|p2a: Ting-Lu|90\/100\n|-enditem|p2a: Ting-Lu|Leftovers|[from] move: Knock Off|[of] p1a: Thundurus\n|move|p2a: Ting-Lu|Ruination|p1a: Thundurus\n|-damage|p1a: Thundurus|51\/100\n|\n|upkeep\n|turn|11\n|\n|t:|1700165704\n|move|p1a: Thundurus|Grass Knot|p2a: Ting-Lu\n|-supereffective|p2a: Ting-Lu\n|-damage|p2a: Ting-Lu|54\/100\n|move|p2a: Ting-Lu|Ruination|p1a: Thundurus\n|-damage|p1a: Thundurus|26\/100\n|\n|upkeep\n|turn|12\n|\n|t:|1700165720\n|move|p2a: Ting-Lu|Protect|p2a: Ting-Lu\n|-singleturn|p2a: Ting-Lu|Protect\n|move|p1a: Thundurus|Volt Switch|p2a: Ting-Lu\n|-activate|p2a: Ting-Lu|move: Protect\n|\n|upkeep\n|turn|13\n|\n|t:|1700165730\n|move|p1a: Thundurus|Grass Knot|p2a: Ting-Lu\n|-supereffective|p2a: Ting-Lu\n|-damage|p2a: Ting-Lu|15\/100\n|move|p2a: Ting-Lu|Ruination|p1a: Thundurus\n|-damage|p1a: Thundurus|13\/100\n|\n|upkeep\n|turn|14\n|\n|t:|1700165745\n|switch|p2a: Zamazenta|Zamazenta|100\/100\n|-ability|p2a: Zamazenta|Dauntless Shield|boost\n|-boost|p2a: Zamazenta|def|1\n|move|p1a: Thundurus|Grass Knot|p2a: Zamazenta\n|-damage|p2a: Zamazenta|60\/100\n|\n|upkeep\n|turn|15\n|\n|t:|1700165762\n|switch|p1a: Amoonguss|Amoonguss, M, shiny|100\/100\n|-damage|p1a: Amoonguss|88\/100|[from] Spikes\n|move|p2a: Zamazenta|Close Combat|p1a: Amoonguss\n|-resisted|p1a: Amoonguss\n|-damage|p1a: Amoonguss|59\/100\n|-unboost|p2a: Zamazenta|def|1\n|-unboost|p2a: Zamazenta|spd|1\n|-enditem|p1a: Amoonguss|Red Card|[of] p2a: Zamazenta\n|drag|p2a: Empoleon|Empoleon, F|100\/100\n|\n|upkeep\n|turn|16\n|\n|t:|1700165769\n|move|p2a: Empoleon|Stealth Rock|p1a: Amoonguss\n|-sidestart|p1: AC_Shade|move: Stealth Rock\n|move|p1a: Amoonguss|Giga Drain|p2a: Empoleon\n|-damage|p2a: Empoleon|86\/100\n|-heal|p1a: Amoonguss|65\/100|[from] drain|[of] p2a: Empoleon\n|\n|upkeep\n|turn|17\n|\n|t:|1700165776\n|move|p2a: Empoleon|Flip Turn|p1a: Amoonguss\n|-resisted|p1a: Amoonguss\n|-damage|p1a: Amoonguss|57\/100\n|\n|t:|1700165782\n|switch|p2a: Zapdos|Zapdos|64\/100|[from] Flip Turn\n|move|p1a: Amoonguss|Spore|p2a: Zapdos\n|-status|p2a: Zapdos|slp|[from] move: Spore\n|\n|upkeep\n|turn|18\n|\n|t:|1700165788\n|switch|p1a: Great Tusk|Great Tusk|100\/100\n|-damage|p1a: Great Tusk|88\/100|[from] Spikes\n|-damage|p1a: Great Tusk|85\/100|[from] Stealth Rock\n|cant|p2a: Zapdos|slp\n|\n|-heal|p1a: Great Tusk|91\/100|[from] item: Leftovers\n|upkeep\n|turn|19\n|\n|t:|1700165790\n|cant|p2a: Zapdos|slp\n|move|p1a: Great Tusk|Rapid Spin|p2a: Zapdos\n|-damage|p2a: Zapdos|46\/100 slp\n|-boost|p1a: Great Tusk|spe|1\n|-sideend|p1: AC_Shade|Spikes|[from] move: Rapid Spin|[of] p1a: Great Tusk\n|-sideend|p1: AC_Shade|Stealth Rock|[from] move: Rapid Spin|[of] p1a: Great Tusk\n|\n|-heal|p1a: Great Tusk|97\/100|[from] item: Leftovers\n|upkeep\n|turn|20\n|\n|t:|1700165794\n|move|p1a: Great Tusk|Ice Spinner|p2a: Zapdos\n|-supereffective|p2a: Zapdos\n|-damage|p2a: Zapdos|0 fnt\n|faint|p2a: Zapdos\n|\n|-heal|p1a: Great Tusk|100\/100|[from] item: Leftovers\n|upkeep\n|\n|t:|1700165802\n|switch|p2a: Skeledirge|Skeledirge, F|100\/100\n|turn|21\n|\n|t:|1700165807\n|-terastallize|p2a: Skeledirge|Dragon\n|move|p1a: Great Tusk|Stealth Rock|p2a: Skeledirge\n|-sidestart|p2: OUHF Zam Zam|move: Stealth Rock\n|move|p2a: Skeledirge|Will-O-Wisp|p1a: Great Tusk\n|-status|p1a: Great Tusk|brn\n|\n|-damage|p1a: Great Tusk|94\/100 brn|[from] brn\n|upkeep\n|turn|22\n|\n|t:|1700165823\n|-end|p1a: Great Tusk|Protosynthesis|[silent]\n|switch|p1a: Ceruledge|Ceruledge, F|100\/100\n|move|p2a: Skeledirge|Torch Song|p1a: Ceruledge\n|-resisted|p1a: Ceruledge\n|-damage|p1a: Ceruledge|84\/100\n|-boost|p2a: Skeledirge|spa|1\n|\n|upkeep\n|turn|23\n|inactive|OUHF Zam Zam has 120 seconds left.\n|\n|t:|1700165855\n|move|p1a: Ceruledge|Poltergeist|p2a: Skeledirge|[miss]\n|-miss|p1a: Ceruledge|p2a: Skeledirge\n|move|p2a: Skeledirge|Hex|p1a: Ceruledge\n|-supereffective|p1a: Ceruledge\n|-damage|p1a: Ceruledge|0 fnt\n|faint|p1a: Ceruledge\n|\n|upkeep\n|\n|t:|1700165865\n|switch|p1a: Thundurus|Thundurus-Therian, M|13\/100\n|turn|24\n|inactive|OUHF Zam Zam has 120 seconds left.\n|\n|t:|1700165886\n|-terastallize|p1a: Thundurus|Ice\n|move|p1a: Thundurus|Tera Blast|p2a: Skeledirge|[anim] Tera Blast Ice\n|-supereffective|p2a: Skeledirge\n|-damage|p2a: Skeledirge|0 fnt\n|faint|p2a: Skeledirge\n|\n|upkeep\n|\n|t:|1700165915\n|switch|p2a: Iron Valiant|Iron Valiant|100\/100\n|turn|25\n|\n|t:|1700165924\n|switch|p1a: Gholdengo|Gholdengo|100\/100\n|move|p2a: Iron Valiant|Moonblast|p1a: Gholdengo\n|-resisted|p1a: Gholdengo\n|-damage|p1a: Gholdengo|78\/100\n|\n|-heal|p1a: Gholdengo|85\/100|[from] item: Leftovers\n|upkeep\n|turn|26\n|\n|t:|1700165929\n|-end|p2a: Iron Valiant|Quark Drive|[silent]\n|switch|p2a: Empoleon|Empoleon, F|86\/100\n|move|p1a: Gholdengo|Make It Rain|p2a: Empoleon\n|-resisted|p2a: Empoleon\n|-damage|p2a: Empoleon|78\/100\n|-unboost|p1a: Gholdengo|spa|1\n|\n|-heal|p1a: Gholdengo|91\/100|[from] item: Leftovers\n|upkeep\n|turn|27\n|\n|t:|1700165937\n|switch|p1a: Amoonguss|Amoonguss, M, shiny|90\/100\n|move|p2a: Empoleon|Flip Turn|p1a: Amoonguss\n|-resisted|p1a: Amoonguss\n|-damage|p1a: Amoonguss|83\/100\n|-message|OUHF Zam Zam forfeited.\n|\n|win|AC_Shade\n|raw|AC_Shade's rating: 1549 &rarr; <strong>1579<\/strong><br \/>(+30 for winning)\n|raw|OUHF Zam Zam's rating: 1745 &rarr; <strong>1715<\/strong><br \/>(-30 for losing)\n|l|\u2606OUHF Zam Zam\n|c|\u2606AC_Shade|gg\n","uploadtime":1700165949,"views":7,"p1id":"acshade","p2id":"ouhfzamzam","formatid":"gen9ou","rating":1579,"private":0,"password":""}