{"id":"gen9ou-1994593316","p1":"BoatMaster","p2":"CyberH3","format":"[Gen 9] OU","log":"|j|\u2606BoatMaster\n|j|\u2606CyberH3\n|t:|1700465964\n|gametype|singles\n|player|p1|BoatMaster|marnie-masters3|1417\n|player|p2|CyberH3|mars|1432\n|teamsize|p1|6\n|teamsize|p2|6\n|gen|9\n|tier|[Gen 9] OU\n|rated|\n|rule|Sleep Clause Mod: Limit one foe put to sleep\n|rule|Species Clause: Limit one of each Pok\u00e9mon\n|rule|OHKO Clause: OHKO moves are banned\n|rule|Evasion Items Clause: Evasion items are banned\n|rule|Evasion Moves Clause: Evasion moves are banned\n|rule|Endless Battle Clause: Forcing endless battles is banned\n|rule|HP Percentage Mod: HP is shown in percentages\n|clearpoke\n|poke|p1|Great Tusk|\n|poke|p1|Gholdengo|\n|poke|p1|Ribombee, M|\n|poke|p1|Ceruledge, F|\n|poke|p1|Iron Moth|\n|poke|p1|Enamorus, F|\n|poke|p2|Goodra-Hisui, M|\n|poke|p2|Scizor, F|\n|poke|p2|Mimikyu, F|\n|poke|p2|Iron Valiant|\n|poke|p2|Talonflame, F|\n|poke|p2|Lokix, M|\n|teampreview\n|\n|t:|1700465969\n|start\n|switch|p1a: Ribombee|Ribombee, M|100\/100\n|switch|p2a: The XO|Talonflame, F|100\/100\n|turn|1\n|\n|t:|1700465975\n|move|p2a: The XO|Taunt|p1a: Ribombee\n|-start|p1a: Ribombee|move: Taunt\n|cant|p1a: Ribombee|move: Taunt|Stun Spore\n|\n|upkeep\n|turn|2\n|\n|t:|1700465989\n|switch|p1a: Great Tusk|Great Tusk|100\/100\n|-enditem|p1a: Great Tusk|Booster Energy\n|-activate|p1a: Great Tusk|ability: Protosynthesis|[fromitem]\n|-start|p1a: Great Tusk|protosynthesisatk\n|move|p2a: The XO|Brave Bird|p1a: Great Tusk\n|-supereffective|p1a: Great Tusk\n|-damage|p1a: Great Tusk|36\/100\n|-damage|p2a: The XO|74\/100|[from] Recoil\n|\n|-heal|p2a: The XO|80\/100|[from] item: Leftovers\n|upkeep\n|turn|3\n|\n|t:|1700466001\n|move|p2a: The XO|Brave Bird|p1a: Great Tusk\n|-supereffective|p1a: Great Tusk\n|-damage|p1a: Great Tusk|0 fnt\n|faint|p1a: Great Tusk\n|-end|p1a: Great Tusk|Protosynthesis|[silent]\n|-damage|p2a: The XO|65\/100|[from] Recoil\n|\n|-heal|p2a: The XO|72\/100|[from] item: Leftovers\n|upkeep\n|\n|t:|1700466010\n|switch|p1a: Ceruledge|Ceruledge, F|100\/100\n|turn|4\n|\n|t:|1700466014\n|move|p2a: The XO|Brave Bird|p1a: Ceruledge\n|-damage|p1a: Ceruledge|37\/100\n|-ability|p1a: Ceruledge|Weak Armor|boost\n|-unboost|p1a: Ceruledge|def|1\n|-boost|p1a: Ceruledge|spe|2\n|-damage|p2a: The XO|51\/100|[from] Recoil\n|move|p1a: Ceruledge|Swords Dance|p1a: Ceruledge\n|-boost|p1a: Ceruledge|atk|2\n|\n|-heal|p2a: The XO|57\/100|[from] item: Leftovers\n|upkeep\n|turn|5\n|\n|t:|1700466025\n|move|p1a: Ceruledge|Shadow Sneak|p2a: The XO\n|-damage|p2a: The XO|0 fnt\n|faint|p2a: The XO\n|\n|upkeep\n|\n|t:|1700466029\n|switch|p2a: OHAYOLLIE|Mimikyu, F|100\/100\n|turn|6\n|\n|t:|1700466032\n|move|p2a: OHAYOLLIE|Shadow Sneak|p1a: Ceruledge\n|-supereffective|p1a: Ceruledge\n|-damage|p1a: Ceruledge|0 fnt\n|faint|p1a: Ceruledge\n|-damage|p2a: OHAYOLLIE|91\/100|[from] item: Life Orb\n|\n|upkeep\n|\n|t:|1700466037\n|switch|p1a: Ribombee|Ribombee, M|100\/100\n|turn|7\n|\n|t:|1700466041\n|move|p1a: Ribombee|Sticky Web|p2a: OHAYOLLIE\n|-sidestart|p2: CyberH3|move: Sticky Web\n|move|p2a: OHAYOLLIE|Swords Dance|p2a: OHAYOLLIE\n|-boost|p2a: OHAYOLLIE|atk|2\n|\n|upkeep\n|turn|8\n|\n|t:|1700466046\n|move|p2a: OHAYOLLIE|Shadow Sneak|p1a: Ribombee\n|-damage|p1a: Ribombee|16\/100\n|-damage|p2a: OHAYOLLIE|81\/100|[from] item: Life Orb\n|move|p1a: Ribombee|Stun Spore|p2a: OHAYOLLIE\n|-status|p2a: OHAYOLLIE|par\n|\n|upkeep\n|turn|9\n|\n|t:|1700466052\n|move|p1a: Ribombee|Moonblast|p2a: OHAYOLLIE\n|-activate|p2a: OHAYOLLIE|ability: Disguise\n|-damage|p2a: OHAYOLLIE|81\/100 par\n|detailschange|p2a: OHAYOLLIE|Mimikyu-Busted, F\n|-damage|p2a: OHAYOLLIE|68\/100 par|[from] pokemon: Mimikyu-Busted\n|cant|p2a: OHAYOLLIE|par\n|\n|upkeep\n|turn|10\n|\n|t:|1700466059\n|move|p2a: OHAYOLLIE|Shadow Sneak|p1a: Ribombee\n|-damage|p1a: Ribombee|0 fnt\n|faint|p1a: Ribombee\n|-damage|p2a: OHAYOLLIE|58\/100 par|[from] item: Life Orb\n|\n|upkeep\n|\n|t:|1700466075\n|switch|p1a: Enamorus|Enamorus, F|100\/100\n|turn|11\n|\n|t:|1700466084\n|cant|p2a: OHAYOLLIE|par\n|move|p1a: Enamorus|Moonblast|p2a: OHAYOLLIE\n|-damage|p2a: OHAYOLLIE|0 fnt\n|faint|p2a: OHAYOLLIE\n|\n|upkeep\n|\n|t:|1700466087\n|switch|p2a: Morf LeRosh|Lokix, M|100\/100\n|-activate|p2a: Morf LeRosh|move: Sticky Web\n|-unboost|p2a: Morf LeRosh|spe|1\n|turn|12\n|\n|t:|1700466093\n|-terastallize|p1a: Enamorus|Fighting\n|-terastallize|p2a: Morf LeRosh|Bug\n|move|p2a: Morf LeRosh|First Impression|p1a: Enamorus\n|-resisted|p1a: Enamorus\n|-damage|p1a: Enamorus|0 fnt\n|faint|p1a: Enamorus\n|-damage|p2a: Morf LeRosh|91\/100|[from] item: Life Orb\n|\n|upkeep\n|\n|t:|1700466102\n|switch|p1a: Iron Moth|Iron Moth|100\/100\n|turn|13\n|\n|t:|1700466107\n|switch|p2a: R-TRUS|Iron Valiant|100\/100\n|-activate|p2a: R-TRUS|move: Sticky Web\n|-unboost|p2a: R-TRUS|spe|1\n|-enditem|p2a: R-TRUS|Booster Energy\n|-activate|p2a: R-TRUS|ability: Quark Drive|[fromitem]\n|-start|p2a: R-TRUS|quarkdrivespa\n|move|p1a: Iron Moth|Fiery Dance|p2a: R-TRUS\n|-damage|p2a: R-TRUS|27\/100\n|\n|upkeep\n|turn|14\n|\n|t:|1700466116\n|move|p1a: Iron Moth|Fiery Dance|p2a: R-TRUS\n|-damage|p2a: R-TRUS|0 fnt\n|faint|p2a: R-TRUS\n|-end|p2a: R-TRUS|Quark Drive|[silent]\n|\n|upkeep\n|\n|t:|1700466118\n|switch|p2a: Snailtare|Goodra-Hisui, M|100\/100\n|-activate|p2a: Snailtare|move: Sticky Web\n|-unboost|p2a: Snailtare|spe|1\n|turn|15\n|\n|t:|1700466123\n|-end|p1a: Iron Moth|Quark Drive|[silent]\n|switch|p1a: Gholdengo|Gholdengo|100\/100\n|move|p2a: Snailtare|Hydro Pump|p1a: Gholdengo\n|-damage|p1a: Gholdengo|58\/100\n|\n|upkeep\n|turn|16\n|\n|t:|1700466129\n|move|p1a: Gholdengo|Trick|p2a: Snailtare\n|-activate|p1a: Gholdengo|move: Trick|[of] p2a: Snailtare\n|-item|p2a: Snailtare|Choice Scarf|[from] move: Trick\n|-item|p1a: Gholdengo|Leftovers|[from] move: Trick\n|move|p2a: Snailtare|Flamethrower|p1a: Gholdengo\n|-supereffective|p1a: Gholdengo\n|-damage|p1a: Gholdengo|0 fnt\n|faint|p1a: Gholdengo\n|\n|upkeep\n|\n|t:|1700466136\n|switch|p1a: Iron Moth|Iron Moth|100\/100\n|turn|17\n|\n|t:|1700466139\n|switch|p2a: Eat With Scissors|Scizor, F|100\/100\n|-activate|p2a: Eat With Scissors|move: Sticky Web\n|-unboost|p2a: Eat With Scissors|spe|1\n|move|p1a: Iron Moth|Fiery Dance|p2a: Eat With Scissors\n|-supereffective|p2a: Eat With Scissors\n|-damage|p2a: Eat With Scissors|0 fnt\n|faint|p2a: Eat With Scissors\n|\n|upkeep\n|\n|t:|1700466141\n|switch|p2a: Morf LeRosh|Lokix, M, tera:Bug|91\/100\n|-activate|p2a: Morf LeRosh|move: Sticky Web\n|-unboost|p2a: Morf LeRosh|spe|1\n|turn|18\n|\n|t:|1700466150\n|move|p2a: Morf LeRosh|First Impression|p1a: Iron Moth\n|-resisted|p1a: Iron Moth\n|-damage|p1a: Iron Moth|39\/100\n|-damage|p2a: Morf LeRosh|81\/100|[from] item: Life Orb\n|move|p1a: Iron Moth|Fiery Dance|p2a: Morf LeRosh\n|-supereffective|p2a: Morf LeRosh\n|-damage|p2a: Morf LeRosh|0 fnt\n|-boost|p1a: Iron Moth|spa|1\n|faint|p2a: Morf LeRosh\n|\n|upkeep\n|\n|t:|1700466153\n|switch|p2a: Snailtare|Goodra-Hisui, M|100\/100\n|-activate|p2a: Snailtare|move: Sticky Web\n|-unboost|p2a: Snailtare|spe|1\n|turn|19\n|\n|t:|1700466162\n|move|p1a: Iron Moth|Fiery Dance|p2a: Snailtare\n|-damage|p2a: Snailtare|56\/100\n|move|p2a: Snailtare|Hydro Pump|p1a: Iron Moth\n|-supereffective|p1a: Iron Moth\n|-damage|p1a: Iron Moth|0 fnt\n|faint|p1a: Iron Moth\n|-end|p1a: Iron Moth|Quark Drive|[silent]\n|\n|win|CyberH3\n|raw|BoatMaster's rating: 1417 &rarr; <strong>1398<\/strong><br \/>(-19 for losing)\n|raw|CyberH3's rating: 1432 &rarr; <strong>1451<\/strong><br \/>(+19 for winning)\n|c|\u2606BoatMaster|gg\n|c|\u2606CyberH3|gg\n|l|\u2606BoatMaster\n","uploadtime":1700466166,"views":10,"p1id":"boatmaster","p2id":"cyberh3","formatid":"gen9ou","rating":1398,"private":0,"password":""}