{"id":"gen9ou-1990409457","p1":"dilkem","p2":"muffy54683","format":"[Gen 9] OU","log":"|j|\u203ddilkem\n|j|\u2606muffy54683\n|t:|1699968024\n|gametype|singles\n|player|p1|dilkem|worker|1286\n|player|p2|muffy54683|169|1325\n|teamsize|p1|6\n|teamsize|p2|6\n|gen|9\n|tier|[Gen 9] OU\n|rated|\n|rule|Sleep Clause Mod: Limit one foe put to sleep\n|rule|Species Clause: Limit one of each Pok\u00e9mon\n|rule|OHKO Clause: OHKO moves are banned\n|rule|Evasion Items Clause: Evasion items are banned\n|rule|Evasion Moves Clause: Evasion moves are banned\n|rule|Endless Battle Clause: Forcing endless battles is banned\n|rule|HP Percentage Mod: HP is shown in percentages\n|clearpoke\n|poke|p1|Slowbro, M|\n|poke|p1|Diancie|\n|poke|p1|Slither Wing|\n|poke|p1|Donphan, M|\n|poke|p1|Arcanine-Hisui, M|\n|poke|p1|Revavroom, M|\n|poke|p2|Iron Valiant|\n|poke|p2|Dragonite, M|\n|poke|p2|Great Tusk|\n|poke|p2|Thundurus, M|\n|poke|p2|Gholdengo|\n|poke|p2|Zamazenta-*|\n|teampreview\n|inactive|Battle timer is ON: inactive players will automatically lose when time's up. (requested by muffy54683)\n|\n|t:|1699968032\n|start\n|switch|p1a: Slowbro|Slowbro, M, shiny|100\/100\n|switch|p2a: Zamazenta|Zamazenta|100\/100\n|-ability|p2a: Zamazenta|Dauntless Shield|boost\n|-boost|p2a: Zamazenta|def|1\n|turn|1\n|\n|t:|1699968044\n|move|p2a: Zamazenta|Stone Edge|p1a: Slowbro\n|-damage|p1a: Slowbro|76\/100\n|move|p1a: Slowbro|Trick Room|p1a: Slowbro\n|-fieldstart|move: Trick Room|[of] p1a: Slowbro\n|\n|upkeep\n|turn|2\n|\n|t:|1699968050\n|move|p1a: Slowbro|Psychic|p2a: Zamazenta\n|-supereffective|p2a: Zamazenta\n|-damage|p2a: Zamazenta|45\/100\n|move|p2a: Zamazenta|Stone Edge|p1a: Slowbro\n|-damage|p1a: Slowbro|51\/100\n|\n|upkeep\n|turn|3\n|\n|t:|1699968057\n|move|p1a: Slowbro|Psychic|p2a: Zamazenta\n|-supereffective|p2a: Zamazenta\n|-damage|p2a: Zamazenta|0 fnt\n|faint|p2a: Zamazenta\n|\n|upkeep\n|\n|t:|1699968062\n|switch|p2a: Thundurus|Thundurus, M|100\/100\n|turn|4\n|\n|t:|1699968075\n|switch|p1a: Revavroom|Revavroom, M|100\/100\n|move|p2a: Thundurus|Grass Knot|p1a: Revavroom\n|-resisted|p1a: Revavroom\n|-damage|p1a: Revavroom|93\/100\n|\n|-heal|p1a: Revavroom|99\/100|[from] item: Black Sludge\n|upkeep\n|turn|5\n|\n|t:|1699968083\n|move|p2a: Thundurus|Taunt|p1a: Revavroom\n|-start|p1a: Revavroom|move: Taunt\n|cant|p1a: Revavroom|move: Taunt|Parting Shot\n|\n|-heal|p1a: Revavroom|100\/100|[from] item: Black Sludge\n|-fieldend|move: Trick Room\n|upkeep\n|turn|6\n|\n|t:|1699968107\n|switch|p1a: Arcanine|Arcanine-Hisui, M|100\/100\n|move|p2a: Thundurus|Thunderbolt|p1a: Arcanine\n|-damage|p1a: Arcanine|42\/100\n|\n|upkeep\n|turn|7\n|\n|t:|1699968117\n|move|p1a: Arcanine|Flare Blitz|p2a: Thundurus\n|-damage|p2a: Thundurus|16\/100\n|move|p2a: Thundurus|Thunderbolt|p1a: Arcanine\n|-damage|p1a: Arcanine|0 fnt\n|faint|p1a: Arcanine\n|\n|upkeep\n|\n|t:|1699968124\n|switch|p1a: Donphan|Donphan, M|100\/100\n|turn|8\n|\n|t:|1699968127\n|move|p1a: Donphan|Ice Shard|p2a: Thundurus\n|-supereffective|p2a: Thundurus\n|-damage|p2a: Thundurus|0 fnt\n|faint|p2a: Thundurus\n|\n|upkeep\n|\n|t:|1699968132\n|switch|p2a: Great Tusk|Great Tusk|100\/100\n|-enditem|p2a: Great Tusk|Booster Energy\n|-activate|p2a: Great Tusk|ability: Protosynthesis|[fromitem]\n|-start|p2a: Great Tusk|protosynthesisspe\n|turn|9\n|\n|t:|1699968159\n|move|p2a: Great Tusk|Bulk Up|p2a: Great Tusk\n|-boost|p2a: Great Tusk|atk|1\n|-boost|p2a: Great Tusk|def|1\n|move|p1a: Donphan|Earthquake|p2a: Great Tusk\n|-damage|p2a: Great Tusk|77\/100\n|\n|upkeep\n|turn|10\n|\n|t:|1699968168\n|switch|p1a: Revavroom|Revavroom, M|100\/100\n|move|p2a: Great Tusk|Bulk Up|p2a: Great Tusk\n|-boost|p2a: Great Tusk|atk|1\n|-boost|p2a: Great Tusk|def|1\n|\n|upkeep\n|turn|11\n|\n|t:|1699968174\n|move|p2a: Great Tusk|Headlong Rush|p1a: Revavroom\n|-supereffective|p1a: Revavroom\n|-damage|p1a: Revavroom|0 fnt\n|-unboost|p2a: Great Tusk|def|1\n|-unboost|p2a: Great Tusk|spd|1\n|faint|p1a: Revavroom\n|\n|upkeep\n|\n|t:|1699968182\n|switch|p1a: Diancie|Diancie|100\/100\n|turn|12\n|\n|t:|1699968185\n|-terastallize|p1a: Diancie|Grass\n|move|p2a: Great Tusk|Headlong Rush|p1a: Diancie\n|-resisted|p1a: Diancie\n|-damage|p1a: Diancie|58\/100\n|-unboost|p2a: Great Tusk|def|1\n|-unboost|p2a: Great Tusk|spd|1\n|move|p1a: Diancie|Trick Room|p1a: Diancie\n|-fieldstart|move: Trick Room|[of] p1a: Diancie\n|\n|-heal|p1a: Diancie|65\/100|[from] item: Leftovers\n|upkeep\n|turn|13\n|\n|t:|1699968197\n|-terastallize|p2a: Great Tusk|Steel\n|move|p1a: Diancie|Moonblast|p2a: Great Tusk\n|-resisted|p2a: Great Tusk\n|-damage|p2a: Great Tusk|19\/100\n|move|p2a: Great Tusk|Ice Spinner|p1a: Diancie\n|-supereffective|p1a: Diancie\n|-damage|p1a: Diancie|0 fnt\n|faint|p1a: Diancie\n|\n|upkeep\n|\n|t:|1699968206\n|switch|p1a: Donphan|Donphan, M|100\/100\n|turn|14\n|\n|t:|1699968216\n|-end|p2a: Great Tusk|Protosynthesis|[silent]\n|switch|p2a: Gholdengo|Gholdengo|100\/100\n|-item|p2a: Gholdengo|Air Balloon\n|move|p1a: Donphan|Earthquake|p2a: Gholdengo\n|-immune|p2a: Gholdengo\n|\n|upkeep\n|turn|15\n|\n|t:|1699968231\n|move|p1a: Donphan|Rock Slide|p2a: Gholdengo\n|-resisted|p2a: Gholdengo\n|-damage|p2a: Gholdengo|85\/100\n|-enditem|p2a: Gholdengo|Air Balloon\n|move|p2a: Gholdengo|Shadow Ball|p1a: Donphan\n|-damage|p1a: Donphan|34\/100\n|\n|-heal|p1a: Donphan|40\/100|[from] item: Leftovers\n|upkeep\n|turn|16\n|\n|t:|1699968240\n|switch|p2a: Dragonite|Dragonite, M|100\/100\n|move|p1a: Donphan|Earthquake|p2a: Dragonite\n|-immune|p2a: Dragonite\n|\n|-heal|p1a: Donphan|46\/100|[from] item: Leftovers\n|-fieldend|move: Trick Room\n|upkeep\n|turn|17\n|\n|t:|1699968248\n|move|p1a: Donphan|Ice Shard|p2a: Dragonite\n|-supereffective|p2a: Dragonite\n|-damage|p2a: Dragonite|67\/100\n|move|p2a: Dragonite|Encore|p1a: Donphan\n|-start|p1a: Donphan|Encore\n|\n|-heal|p1a: Donphan|52\/100|[from] item: Leftovers\n|upkeep\n|turn|18\n|\n|t:|1699968255\n|move|p1a: Donphan|Ice Shard|p2a: Dragonite\n|-supereffective|p2a: Dragonite\n|-damage|p2a: Dragonite|1\/100\n|move|p2a: Dragonite|Earthquake|p1a: Donphan\n|-damage|p1a: Donphan|19\/100\n|\n|-heal|p1a: Donphan|25\/100|[from] item: Leftovers\n|upkeep\n|turn|19\n|\n|t:|1699968262\n|move|p2a: Dragonite|Extreme Speed|p1a: Donphan\n|-damage|p1a: Donphan|1\/100\n|move|p1a: Donphan|Ice Shard|p2a: Dragonite\n|-supereffective|p2a: Dragonite\n|-damage|p2a: Dragonite|0 fnt\n|faint|p2a: Dragonite\n|\n|-heal|p1a: Donphan|7\/100|[from] item: Leftovers\n|upkeep\n|\n|t:|1699968270\n|switch|p2a: Great Tusk|Great Tusk, tera:Steel|19\/100\n|turn|20\n|\n|t:|1699968274\n|move|p1a: Donphan|Ice Shard|p2a: Great Tusk\n|-resisted|p2a: Great Tusk\n|-damage|p2a: Great Tusk|14\/100\n|move|p2a: Great Tusk|Ice Spinner|p1a: Donphan\n|-supereffective|p1a: Donphan\n|-damage|p1a: Donphan|0 fnt\n|faint|p1a: Donphan\n|\n|upkeep\n|\n|t:|1699968280\n|switch|p1a: Slowbro|Slowbro, M, shiny|84\/100\n|turn|21\n|\n|t:|1699968283\n|move|p2a: Great Tusk|Headlong Rush|p1a: Slowbro\n|-damage|p1a: Slowbro|42\/100\n|-unboost|p2a: Great Tusk|def|1\n|-unboost|p2a: Great Tusk|spd|1\n|move|p1a: Slowbro|Trick Room|p1a: Slowbro\n|-fieldstart|move: Trick Room|[of] p1a: Slowbro\n|\n|upkeep\n|turn|22\n|\n|t:|1699968290\n|move|p1a: Slowbro|Surf|p2a: Great Tusk\n|-damage|p2a: Great Tusk|0 fnt\n|faint|p2a: Great Tusk\n|-end|p2a: Great Tusk|Protosynthesis|[silent]\n|\n|upkeep\n|\n|t:|1699968295\n|switch|p2a: Gholdengo|Gholdengo|85\/100\n|turn|23\n|\n|t:|1699968301\n|move|p1a: Slowbro|Surf|p2a: Gholdengo\n|-damage|p2a: Gholdengo|33\/100\n|move|p2a: Gholdengo|Nasty Plot|p2a: Gholdengo\n|-boost|p2a: Gholdengo|spa|2\n|\n|upkeep\n|turn|24\n|\n|t:|1699968307\n|move|p1a: Slowbro|Surf|p2a: Gholdengo\n|-damage|p2a: Gholdengo|0 fnt\n|faint|p2a: Gholdengo\n|\n|upkeep\n|\n|t:|1699968311\n|switch|p2a: Iron Valiant|Iron Valiant, shiny|100\/100\n|-enditem|p2a: Iron Valiant|Booster Energy\n|-activate|p2a: Iron Valiant|ability: Quark Drive|[fromitem]\n|-start|p2a: Iron Valiant|quarkdrivespe\n|turn|25\n|\n|t:|1699968316\n|move|p1a: Slowbro|Psychic|p2a: Iron Valiant\n|-supereffective|p2a: Iron Valiant\n|-damage|p2a: Iron Valiant|0 fnt\n|faint|p2a: Iron Valiant\n|-end|p2a: Iron Valiant|Quark Drive|[silent]\n|\n|win|dilkem\n|raw|dilkem's rating: 1286 &rarr; <strong>1314<\/strong><br \/>(+28 for winning)\n|raw|muffy54683's rating: 1325 &rarr; <strong>1303<\/strong><br \/>(-22 for losing)\n|l|\u2606muffy54683\n","uploadtime":1699968324,"views":5,"p1id":"dilkem","p2id":"muffy54683","formatid":"gen9ou","rating":1303,"private":0,"password":""}