{"id":"gen9ou-1996400406","p1":"Andrews Finn3","p2":"Big$mokii","format":"[Gen 9] OU","log":"|j|\u2606Andrews Finn3\n|j|\u2606Big$mokii\n|t:|1700678434\n|gametype|singles\n|player|p1|Andrews Finn3|steven|1119\n|player|p2|Big$mokii|veteran|1117\n|teamsize|p1|6\n|teamsize|p2|6\n|gen|9\n|tier|[Gen 9] OU\n|rated|\n|rule|Sleep Clause Mod: Limit one foe put to sleep\n|rule|Species Clause: Limit one of each Pok\u00e9mon\n|rule|OHKO Clause: OHKO moves are banned\n|rule|Evasion Items Clause: Evasion items are banned\n|rule|Evasion Moves Clause: Evasion moves are banned\n|rule|Endless Battle Clause: Forcing endless battles is banned\n|rule|HP Percentage Mod: HP is shown in percentages\n|clearpoke\n|poke|p1|Alomomola, F|\n|poke|p1|Slowking-Galar, F|\n|poke|p1|Kingambit, F|\n|poke|p1|Great Tusk|\n|poke|p1|Cinderace, F|\n|poke|p1|Thundurus-Therian, M|\n|poke|p2|Gholdengo|\n|poke|p2|Hatterene, F|\n|poke|p2|Iron Hands|\n|poke|p2|Cinderace, M|\n|poke|p2|Salamence, F|\n|poke|p2|Amoonguss, M|\n|teampreview\n|\n|t:|1700678448\n|start\n|switch|p1a: Great Tusk|Great Tusk|100\/100\n|switch|p2a: Cap|Hatterene, F|100\/100\n|turn|1\n|\n|t:|1700678454\n|-end|p1a: Great Tusk|Protosynthesis|[silent]\n|switch|p1a: Slowking|Slowking-Galar, F|100\/100\n|move|p2a: Cap|Calm Mind|p2a: Cap\n|-boost|p2a: Cap|spa|1\n|-boost|p2a: Cap|spd|1\n|\n|upkeep\n|turn|2\n|\n|t:|1700678461\n|move|p2a: Cap|Calm Mind|p2a: Cap\n|-boost|p2a: Cap|spa|1\n|-boost|p2a: Cap|spd|1\n|move|p1a: Slowking|Sludge Bomb|p2a: Cap\n|-supereffective|p2a: Cap\n|-damage|p2a: Cap|68\/100\n|\n|-heal|p2a: Cap|74\/100|[from] item: Leftovers\n|upkeep\n|turn|3\n|\n|t:|1700678470\n|move|p2a: Cap|Calm Mind|p2a: Cap\n|-boost|p2a: Cap|spa|1\n|-boost|p2a: Cap|spd|1\n|move|p1a: Slowking|Sludge Bomb|p2a: Cap\n|-supereffective|p2a: Cap\n|-damage|p2a: Cap|44\/100\n|-status|p2a: Cap|psn\n|\n|-heal|p2a: Cap|50\/100 psn|[from] item: Leftovers\n|-damage|p2a: Cap|37\/100 psn|[from] psn\n|upkeep\n|turn|4\n|\n|t:|1700678483\n|move|p2a: Cap|Mystical Fire|p1a: Slowking\n|-damage|p1a: Slowking|68\/100\n|-unboost|p1a: Slowking|spa|1\n|move|p1a: Slowking|Chilly Reception|p1a: Slowking\n|-weather|Snow\n|\n|t:|1700678505\n|switch|p1a: Great Tusk|Great Tusk|100\/100|[from] Chilly Reception\n|\n|-weather|Snow|[upkeep]\n|-heal|p2a: Cap|43\/100 psn|[from] item: Leftovers\n|-damage|p2a: Cap|31\/100 psn|[from] psn\n|upkeep\n|turn|5\n|\n|t:|1700678513\n|move|p1a: Great Tusk|Headlong Rush|p2a: Cap\n|-damage|p2a: Cap|0 fnt\n|-unboost|p1a: Great Tusk|def|1\n|-unboost|p1a: Great Tusk|spd|1\n|faint|p2a: Cap\n|\n|-weather|Snow|[upkeep]\n|upkeep\n|\n|t:|1700678522\n|switch|p2a: Salamence|Salamence, F|100\/100\n|-ability|p2a: Salamence|Intimidate|boost\n|-unboost|p1a: Great Tusk|atk|1\n|turn|6\n|\n|t:|1700678533\n|move|p1a: Great Tusk|Ice Spinner|p2a: Salamence\n|-supereffective|p2a: Salamence\n|-damage|p2a: Salamence|17\/100\n|move|p2a: Salamence|Earthquake|p1a: Great Tusk\n|-damage|p1a: Great Tusk|70\/100\n|\n|-weather|Snow|[upkeep]\n|-heal|p2a: Salamence|23\/100|[from] item: Leftovers\n|upkeep\n|turn|7\n|\n|t:|1700678544\n|switch|p2a: TheBigShow|Iron Hands|100\/100\n|-enditem|p2a: TheBigShow|Booster Energy\n|-activate|p2a: TheBigShow|ability: Quark Drive|[fromitem]\n|-start|p2a: TheBigShow|quarkdriveatk\n|move|p1a: Great Tusk|Ice Spinner|p2a: TheBigShow\n|-damage|p2a: TheBigShow|92\/100\n|\n|-weather|Snow|[upkeep]\n|upkeep\n|turn|8\n|\n|t:|1700678554\n|move|p2a: TheBigShow|Fake Out|p1a: Great Tusk\n|-crit|p1a: Great Tusk\n|-damage|p1a: Great Tusk|43\/100\n|-damage|p2a: TheBigShow|75\/100|[from] item: Rocky Helmet|[of] p1a: Great Tusk\n|cant|p1a: Great Tusk|flinch\n|\n|-weather|none\n|upkeep\n|turn|9\n|\n|t:|1700678563\n|move|p1a: Great Tusk|Headlong Rush|p2a: TheBigShow\n|-supereffective|p2a: TheBigShow\n|-damage|p2a: TheBigShow|35\/100\n|-unboost|p1a: Great Tusk|def|1\n|-unboost|p1a: Great Tusk|spd|1\n|move|p2a: TheBigShow|Iron Head|p1a: Great Tusk\n|-damage|p1a: Great Tusk|0 fnt\n|-damage|p2a: TheBigShow|18\/100|[from] item: Rocky Helmet|[of] p1a: Great Tusk\n|faint|p1a: Great Tusk\n|-end|p1a: Great Tusk|Protosynthesis|[silent]\n|\n|upkeep\n|\n|t:|1700678583\n|switch|p1a: Cinderace|Cinderace, F|100\/100\n|turn|10\n|\n|t:|1700678589\n|move|p1a: Cinderace|Pyro Ball|p2a: TheBigShow\n|-damage|p2a: TheBigShow|0 fnt\n|faint|p2a: TheBigShow\n|-end|p2a: TheBigShow|Quark Drive|[silent]\n|\n|upkeep\n|\n|t:|1700678600\n|switch|p2a: Cinderace|Cinderace, M|100\/100\n|turn|11\n|\n|t:|1700678603\n|move|p2a: Cinderace|Sucker Punch|p1a: Cinderace\n|-damage|p1a: Cinderace|69\/100\n|move|p1a: Cinderace|U-turn|p2a: Cinderace\n|-start|p1a: Cinderace|typechange|Bug|[from] ability: Libero\n|-resisted|p2a: Cinderace\n|-damage|p2a: Cinderace|79\/100\n|\n|t:|1700678611\n|switch|p1a: Alomomola|Alomomola, F|100\/100|[from] U-turn\n|\n|upkeep\n|turn|12\n|\n|t:|1700678619\n|-terastallize|p2a: Cinderace|Grass\n|move|p2a: Cinderace|Sucker Punch||[still]\n|-fail|p2a: Cinderace\n|move|p1a: Alomomola|Wish|p1a: Alomomola\n|\n|upkeep\n|turn|13\n|\n|t:|1700678629\n|move|p2a: Cinderace|Iron Head|p1a: Alomomola\n|-resisted|p1a: Alomomola\n|-damage|p1a: Alomomola|93\/100\n|-enditem|p1a: Alomomola|Red Card|[of] p2a: Cinderace\n|drag|p2a: Amoonguss|Amoonguss, M|100\/100\n|move|p1a: Alomomola|Scald|p2a: Amoonguss\n|-resisted|p2a: Amoonguss\n|-damage|p2a: Amoonguss|95\/100\n|\n|-heal|p1a: Alomomola|100\/100|[from] move: Wish|[wisher] Alomomola\n|upkeep\n|turn|14\n|\n|t:|1700678659\n|switch|p1a: Slowking|Slowking-Galar, F|100\/100\n|move|p2a: Amoonguss|Spore|p1a: Slowking\n|-status|p1a: Slowking|slp|[from] move: Spore\n|\n|upkeep\n|turn|15\n|\n|t:|1700678667\n|switch|p2a: Cinderace|Cinderace, M, tera:Grass|79\/100\n|switch|p1a: Cinderace|Cinderace, F|69\/100\n|\n|upkeep\n|turn|16\n|\n|t:|1700678674\n|move|p2a: Cinderace|Sucker Punch|p1a: Cinderace\n|-damage|p1a: Cinderace|35\/100\n|move|p1a: Cinderace|Pyro Ball|p2a: Cinderace\n|-supereffective|p2a: Cinderace\n|-damage|p2a: Cinderace|0 fnt\n|faint|p2a: Cinderace\n|\n|upkeep\n|\n|t:|1700678681\n|switch|p2a: Salamence|Salamence, F|23\/100\n|-ability|p2a: Salamence|Intimidate|boost\n|-unboost|p1a: Cinderace|atk|1\n|turn|17\n|\n|t:|1700678689\n|move|p1a: Cinderace|U-turn|p2a: Salamence\n|-start|p1a: Cinderace|typechange|Bug|[from] ability: Libero\n|-resisted|p2a: Salamence\n|-damage|p2a: Salamence|11\/100\n|\n|t:|1700678693\n|switch|p1a: Thundurus|Thundurus-Therian, M|100\/100|[from] U-turn\n|move|p2a: Salamence|Earthquake|p1a: Thundurus\n|-immune|p1a: Thundurus\n|\n|-heal|p2a: Salamence|17\/100|[from] item: Leftovers\n|upkeep\n|turn|18\n|-message|Big$mokii forfeited.\n|\n|win|Andrews Finn3\n|raw|Andrews Finn3's rating: 1119 &rarr; <strong>1144<\/strong><br \/>(+25 for winning)\n|raw|Big$mokii's rating: 1117 &rarr; <strong>1092<\/strong><br \/>(-25 for losing)\n|l|\u2606Big$mokii\n","uploadtime":1700678706,"views":1,"p1id":"andrewsfinn3","p2id":"bigmokii","formatid":"gen9ou","rating":1092,"private":0,"password":""}