{"id":"gen9ou-2000274228","p1":"ImaginaryNeon","p2":"Vrhoska","format":"[Gen 9] OU","log":"|j|\u2606ImaginaryNeon\n|j|\u2606Vrhoska\n|t:|1701180201\n|gametype|singles\n|player|p1|ImaginaryNeon|rocketgrunt-gen2|1196\n|player|p2|Vrhoska|2|1297\n|teamsize|p1|6\n|teamsize|p2|6\n|gen|9\n|tier|[Gen 9] OU\n|rated|\n|rule|Sleep Clause Mod: Limit one foe put to sleep\n|rule|Species Clause: Limit one of each Pok\u00e9mon\n|rule|OHKO Clause: OHKO moves are banned\n|rule|Evasion Items Clause: Evasion items are banned\n|rule|Evasion Moves Clause: Evasion moves are banned\n|rule|Endless Battle Clause: Forcing endless battles is banned\n|rule|HP Percentage Mod: HP is shown in percentages\n|clearpoke\n|poke|p1|Ogerpon-Wellspring, F|\n|poke|p1|Cinderace, M|\n|poke|p1|Mudsdale, F|\n|poke|p1|Kingambit, M|\n|poke|p1|Sylveon, M|\n|poke|p1|Skeledirge, M|\n|poke|p2|Alomomola, F|\n|poke|p2|Slowking-Galar, F|\n|poke|p2|Kingambit, F|\n|poke|p2|Great Tusk|\n|poke|p2|Cinderace, F|\n|poke|p2|Thundurus-Therian, M|\n|teampreview\n|\n|t:|1701180238\n|start\n|switch|p1a: Inhuman thoughts|Skeledirge, M|100\/100\n|switch|p2a: Great Tusk|Great Tusk|100\/100\n|turn|1\n|\n|t:|1701180251\n|move|p2a: Great Tusk|Headlong Rush|p1a: Inhuman thoughts\n|-supereffective|p1a: Inhuman thoughts\n|-damage|p1a: Inhuman thoughts|0 fnt\n|-unboost|p2a: Great Tusk|def|1\n|-unboost|p2a: Great Tusk|spd|1\n|faint|p1a: Inhuman thoughts\n|\n|upkeep\n|\n|t:|1701180257\n|switch|p1a: Fifa 2077|Cinderace, M|100\/100\n|turn|2\n|\n|t:|1701180269\n|-end|p2a: Great Tusk|Protosynthesis|[silent]\n|switch|p2a: Slowking|Slowking-Galar, F|100\/100\n|move|p1a: Fifa 2077|Acrobatics|p2a: Slowking\n|-start|p1a: Fifa 2077|typechange|Flying|[from] ability: Libero\n|-damage|p2a: Slowking|49\/100\n|\n|upkeep\n|turn|3\n|\n|t:|1701180286\n|switch|p2a: Thundurus|Thundurus-Therian, M|100\/100\n|move|p1a: Fifa 2077|Acrobatics|p2a: Thundurus\n|-resisted|p2a: Thundurus\n|-damage|p2a: Thundurus|63\/100\n|\n|upkeep\n|turn|4\n|\n|t:|1701180295\n|move|p1a: Fifa 2077|Pyro Ball|p2a: Thundurus\n|-damage|p2a: Thundurus|8\/100\n|move|p2a: Thundurus|Volt Switch|p1a: Fifa 2077\n|-supereffective|p1a: Fifa 2077\n|-damage|p1a: Fifa 2077|0 fnt\n|faint|p1a: Fifa 2077\n|\n|t:|1701180304\n|switch|p2a: Cinderace|Cinderace, F|100\/100|[from] Volt Switch\n|\n|upkeep\n|\n|t:|1701180309\n|switch|p1a: \u00dcbercharge|Mudsdale, F|100\/100\n|turn|5\n|\n|t:|1701180313\n|move|p2a: Cinderace|Will-O-Wisp|p1a: \u00dcbercharge\n|-status|p1a: \u00dcbercharge|brn\n|move|p1a: \u00dcbercharge|Body Press|p2a: Cinderace\n|-damage|p2a: Cinderace|84\/100\n|\n|-damage|p1a: \u00dcbercharge|94\/100 brn|[from] brn\n|upkeep\n|turn|6\n|\n|t:|1701180321\n|move|p2a: Cinderace|U-turn|p1a: \u00dcbercharge\n|-start|p2a: Cinderace|typechange|Bug|[from] ability: Libero\n|-damage|p1a: \u00dcbercharge|73\/100 brn\n|-ability|p1a: \u00dcbercharge|Stamina|boost\n|-boost|p1a: \u00dcbercharge|def|1\n|c|\u2606ImaginaryNeon|Uh, no.\n|\n|t:|1701180332\n|switch|p2a: Alomomola|Alomomola, F|100\/100|[from] U-turn\n|move|p1a: \u00dcbercharge|Rest|p1a: \u00dcbercharge\n|-status|p1a: \u00dcbercharge|slp|[from] move: Rest\n|-heal|p1a: \u00dcbercharge|100\/100 slp|[silent]\n|\n|upkeep\n|turn|7\n|\n|t:|1701180342\n|switch|p1a: Depressed Ogre|Ogerpon-Wellspring, F|100\/100\n|move|p2a: Alomomola|Wish|p2a: Alomomola\n|\n|upkeep\n|turn|8\n|\n|t:|1701180349\n|-terastallize|p2a: Alomomola|Flying\n|move|p1a: Depressed Ogre|Swords Dance|p1a: Depressed Ogre\n|-boost|p1a: Depressed Ogre|atk|2\n|move|p2a: Alomomola|Acrobatics|p1a: Depressed Ogre\n|-supereffective|p1a: Depressed Ogre\n|-damage|p1a: Depressed Ogre|54\/100\n|\n|upkeep\n|turn|9\n|\n|t:|1701180362\n|move|p1a: Depressed Ogre|Ivy Cudgel|p2a: Alomomola|[anim] Ivy Cudgel Water\n|-damage|p2a: Alomomola|35\/100\n|-enditem|p2a: Alomomola|Red Card|[of] p1a: Depressed Ogre\n|drag|p1a: \u00dcbercharge|Mudsdale, F|100\/100 slp\n|move|p2a: Alomomola|Acrobatics|p1a: \u00dcbercharge\n|-damage|p1a: \u00dcbercharge|82\/100 slp\n|-ability|p1a: \u00dcbercharge|Stamina|boost\n|-boost|p1a: \u00dcbercharge|def|1\n|\n|upkeep\n|turn|10\n|\n|t:|1701180375\n|move|p2a: Alomomola|Wish|p2a: Alomomola\n|cant|p1a: \u00dcbercharge|slp\n|move|p1a: \u00dcbercharge|Sleep Talk|p1a: \u00dcbercharge\n|move|p1a: \u00dcbercharge|Earthquake|p2a: Alomomola|[from]move: Sleep Talk\n|-immune|p2a: Alomomola\n|\n|upkeep\n|turn|11\n|\n|t:|1701180381\n|move|p2a: Alomomola|Flip Turn|p1a: \u00dcbercharge\n|-supereffective|p1a: \u00dcbercharge\n|-damage|p1a: \u00dcbercharge|68\/100 slp\n|-ability|p1a: \u00dcbercharge|Stamina|boost\n|-boost|p1a: \u00dcbercharge|def|1\n|\n|t:|1701180385\n|switch|p2a: Thundurus|Thundurus-Therian, M|8\/100|[from] Flip Turn\n|cant|p1a: \u00dcbercharge|slp\n|move|p1a: \u00dcbercharge|Sleep Talk|p1a: \u00dcbercharge\n|move|p1a: \u00dcbercharge|Body Press|p2a: Thundurus|[from]move: Sleep Talk\n|-resisted|p2a: Thundurus\n|-damage|p2a: Thundurus|0 fnt\n|faint|p2a: Thundurus\n|\n|upkeep\n|\n|t:|1701180400\n|switch|p2a: Slowking|Slowking-Galar, F|82\/100\n|turn|12\n|\n|t:|1701180405\n|-curestatus|p1a: \u00dcbercharge|slp|[msg]\n|move|p1a: \u00dcbercharge|Earthquake|p2a: Slowking\n|-supereffective|p2a: Slowking\n|-damage|p2a: Slowking|0 fnt\n|faint|p2a: Slowking\n|\n|upkeep\n|\n|t:|1701180413\n|switch|p2a: Alomomola|Alomomola, F, tera:Flying|69\/100\n|turn|13\n|\n|t:|1701180416\n|move|p2a: Alomomola|Scald|p1a: \u00dcbercharge\n|-supereffective|p1a: \u00dcbercharge\n|-damage|p1a: \u00dcbercharge|43\/100\n|-status|p1a: \u00dcbercharge|brn\n|-ability|p1a: \u00dcbercharge|Stamina|boost\n|-boost|p1a: \u00dcbercharge|def|1\n|move|p1a: \u00dcbercharge|Body Press|p2a: Alomomola\n|-resisted|p2a: Alomomola\n|-damage|p2a: Alomomola|60\/100\n|\n|-damage|p1a: \u00dcbercharge|36\/100 brn|[from] brn\n|upkeep\n|turn|14\n|\n|t:|1701180426\n|-terastallize|p1a: \u00dcbercharge|Fighting\n|move|p2a: Alomomola|Scald|p1a: \u00dcbercharge\n|-damage|p1a: \u00dcbercharge|24\/100 brn\n|-ability|p1a: \u00dcbercharge|Stamina|boost\n|-boost|p1a: \u00dcbercharge|def|1\n|-enditem|p1a: \u00dcbercharge|Figy Berry|[eat]\n|-heal|p1a: \u00dcbercharge|57\/100 brn|[from] item: Figy Berry\n|move|p1a: \u00dcbercharge|Rest|p1a: \u00dcbercharge\n|-status|p1a: \u00dcbercharge|slp|[from] move: Rest\n|-heal|p1a: \u00dcbercharge|100\/100 slp|[silent]\n|\n|upkeep\n|turn|15\n|\n|t:|1701180440\n|move|p2a: Alomomola|Acrobatics|p1a: \u00dcbercharge\n|-supereffective|p1a: \u00dcbercharge\n|-damage|p1a: \u00dcbercharge|88\/100 slp\n|-ability|p1a: \u00dcbercharge|Stamina|boost\n|-boost|p1a: \u00dcbercharge|def|1\n|cant|p1a: \u00dcbercharge|slp\n|move|p1a: \u00dcbercharge|Sleep Talk|p1a: \u00dcbercharge\n|move|p1a: \u00dcbercharge|Rest||[from]move: Sleep Talk|[still]\n|-fail|p1a: \u00dcbercharge\n|\n|upkeep\n|turn|16\n|\n|t:|1701180457\n|move|p2a: Alomomola|Scald|p1a: \u00dcbercharge\n|-damage|p1a: \u00dcbercharge|76\/100 slp\n|-ability|p1a: \u00dcbercharge|Stamina|boost\n|-boost|p1a: \u00dcbercharge|def|1\n|cant|p1a: \u00dcbercharge|slp\n|move|p1a: \u00dcbercharge|Sleep Talk|p1a: \u00dcbercharge\n|move|p1a: \u00dcbercharge|Rest||[from]move: Sleep Talk|[still]\n|-fail|p1a: \u00dcbercharge\n|\n|upkeep\n|turn|17\n|\n|t:|1701180466\n|move|p2a: Alomomola|Scald|p1a: \u00dcbercharge\n|-damage|p1a: \u00dcbercharge|62\/100 slp\n|-curestatus|p1a: \u00dcbercharge|slp|[msg]\n|move|p1a: \u00dcbercharge|Body Press|p2a: Alomomola\n|-resisted|p2a: Alomomola\n|-damage|p2a: Alomomola|17\/100\n|\n|upkeep\n|turn|18\n|\n|t:|1701180477\n|move|p2a: Alomomola|Flip Turn|p1a: \u00dcbercharge\n|-damage|p1a: \u00dcbercharge|59\/100\n|\n|t:|1701180481\n|switch|p2a: Great Tusk|Great Tusk|100\/100|[from] Flip Turn\n|move|p1a: \u00dcbercharge|Body Press|p2a: Great Tusk\n|-damage|p2a: Great Tusk|0 fnt\n|-damage|p1a: \u00dcbercharge|42\/100|[from] item: Rocky Helmet|[of] p2a: Great Tusk\n|faint|p2a: Great Tusk\n|-end|p2a: Great Tusk|Protosynthesis|[silent]\n|\n|upkeep\n|\n|t:|1701180493\n|switch|p2a: Cinderace|Cinderace, F|84\/100\n|turn|19\n|\n|t:|1701180497\n|move|p2a: Cinderace|U-turn|p1a: \u00dcbercharge\n|-start|p2a: Cinderace|typechange|Bug|[from] ability: Libero\n|-resisted|p1a: \u00dcbercharge\n|-damage|p1a: \u00dcbercharge|40\/100\n|\n|t:|1701180501\n|switch|p2a: Alomomola|Alomomola, F, tera:Flying|50\/100|[from] U-turn\n|move|p1a: \u00dcbercharge|Rest|p1a: \u00dcbercharge\n|-status|p1a: \u00dcbercharge|slp|[from] move: Rest\n|-heal|p1a: \u00dcbercharge|100\/100 slp|[silent]\n|\n|upkeep\n|turn|20\n|\n|t:|1701180512\n|move|p2a: Alomomola|Wish|p2a: Alomomola\n|cant|p1a: \u00dcbercharge|slp\n|move|p1a: \u00dcbercharge|Sleep Talk|p1a: \u00dcbercharge\n|move|p1a: \u00dcbercharge|Earthquake|p2a: Alomomola|[from]move: Sleep Talk\n|-immune|p2a: Alomomola\n|\n|upkeep\n|turn|21\n|\n|t:|1701180521\n|move|p2a: Alomomola|Scald|p1a: \u00dcbercharge\n|-damage|p1a: \u00dcbercharge|87\/100 slp\n|cant|p1a: \u00dcbercharge|slp\n|move|p1a: \u00dcbercharge|Sleep Talk|p1a: \u00dcbercharge\n|move|p1a: \u00dcbercharge|Rest||[from]move: Sleep Talk|[still]\n|-fail|p1a: \u00dcbercharge\n|\n|-heal|p2a: Alomomola|99\/100|[from] move: Wish|[wisher] Alomomola\n|upkeep\n|turn|22\n|\n|t:|1701180533\n|move|p2a: Alomomola|Scald|p1a: \u00dcbercharge\n|-damage|p1a: \u00dcbercharge|73\/100 slp\n|-curestatus|p1a: \u00dcbercharge|slp|[msg]\n|move|p1a: \u00dcbercharge|Body Press|p2a: Alomomola\n|-resisted|p2a: Alomomola\n|-damage|p2a: Alomomola|55\/100\n|\n|upkeep\n|turn|23\n|\n|t:|1701180540\n|move|p2a: Alomomola|Scald|p1a: \u00dcbercharge\n|-damage|p1a: \u00dcbercharge|61\/100\n|move|p1a: \u00dcbercharge|Body Press|p2a: Alomomola\n|-resisted|p2a: Alomomola\n|-damage|p2a: Alomomola|6\/100\n|\n|upkeep\n|turn|24\n|-message|Vrhoska forfeited.\n|\n|win|ImaginaryNeon\n|raw|ImaginaryNeon's rating: 1196 &rarr; <strong>1228<\/strong><br \/>(+32 for winning)\n|raw|Vrhoska's rating: 1297 &rarr; <strong>1265<\/strong><br \/>(-32 for losing)\n|l|\u2606Vrhoska\n","uploadtime":1701180554,"views":10,"p1id":"imaginaryneon","p2id":"vrhoska","formatid":"gen9ou","rating":1228,"private":0,"password":""}