{"id":"gen9ou-1993230928","p1":"Perfect DarK 0707","p2":"Silviotsa","format":"[Gen 9] OU","log":"|j|\u2606Perfect DarK 0707\n|j|\u2606Silviotsa\n|t:|1700281343\n|gametype|singles\n|player|p1|Perfect DarK 0707|teamrocketgruntf-gen3|1428\n|player|p2|Silviotsa|266|1396\n|teamsize|p1|6\n|teamsize|p2|6\n|gen|9\n|tier|[Gen 9] OU\n|rated|\n|rule|Sleep Clause Mod: Limit one foe put to sleep\n|rule|Species Clause: Limit one of each Pok\u00e9mon\n|rule|OHKO Clause: OHKO moves are banned\n|rule|Evasion Items Clause: Evasion items are banned\n|rule|Evasion Moves Clause: Evasion moves are banned\n|rule|Endless Battle Clause: Forcing endless battles is banned\n|rule|HP Percentage Mod: HP is shown in percentages\n|clearpoke\n|poke|p1|Cinderace, M|\n|poke|p1|Gholdengo|\n|poke|p1|Iron Valiant|\n|poke|p1|Ogerpon-Wellspring, F|\n|poke|p1|Dragonite, M|\n|poke|p1|Great Tusk|\n|poke|p2|Glimmora, M|\n|poke|p2|Gholdengo|\n|poke|p2|Ogerpon-Wellspring, F|\n|poke|p2|Kingambit, F|\n|poke|p2|Iron Moth|\n|poke|p2|Enamorus, F|\n|teampreview\n|inactive|Battle timer is ON: inactive players will automatically lose when time's up. (requested by Silviotsa)\n|inactive|Perfect DarK 0707 also wants the timer to be on.\n|inactive|Silviotsa has 120 seconds left.\n|\n|t:|1700281387\n|start\n|switch|p1a: 401 K|Gholdengo|100\/100\n|switch|p2a: Ogerpon|Ogerpon-Wellspring, F|100\/100\n|turn|1\n|inactive|Perfect DarK 0707 has 120 seconds left.\n|inactive|Perfect DarK 0707 has 90 seconds left.\n|\n|t:|1700281466\n|move|p1a: 401 K|Shadow Ball|p2a: Ogerpon\n|-damage|p2a: Ogerpon|49\/100\n|move|p2a: Ogerpon|Ivy Cudgel|p1a: 401 K|[anim] Ivy Cudgel Water\n|-damage|p1a: 401 K|31\/100\n|\n|upkeep\n|turn|2\n|\n|t:|1700281478\n|switch|p2a: Kingambit|Kingambit, F|100\/100\n|move|p1a: 401 K|Shadow Ball|p2a: Kingambit\n|-resisted|p2a: Kingambit\n|-damage|p2a: Kingambit|79\/100\n|-unboost|p2a: Kingambit|spd|1\n|\n|upkeep\n|turn|3\n|\n|t:|1700281487\n|switch|p1a: 7usK|Great Tusk|100\/100\n|-end|p2a: Kingambit|fallenundefined|[silent]\n|switch|p2a: Glimmora|Glimmora, M|100\/100\n|\n|upkeep\n|turn|4\n|inactive|Perfect DarK 0707 has 90 seconds left.\n|\n|t:|1700281494\n|-end|p1a: 7usK|Protosynthesis|[silent]\n|switch|p1a: 401 K|Gholdengo|31\/100\n|move|p2a: Glimmora|Energy Ball|p1a: 401 K\n|-resisted|p1a: 401 K\n|-damage|p1a: 401 K|13\/100\n|\n|upkeep\n|turn|5\n|\n|t:|1700281504\n|move|p1a: 401 K|Shadow Ball|p2a: Glimmora\n|-damage|p2a: Glimmora|49\/100\n|move|p2a: Glimmora|Earth Power|p1a: 401 K\n|-supereffective|p1a: 401 K\n|-damage|p1a: 401 K|0 fnt\n|faint|p1a: 401 K\n|\n|upkeep\n|inactive|Perfect DarK 0707 has 90 seconds left.\n|\n|t:|1700281516\n|switch|p1a: ASUKA|Ogerpon-Wellspring, F|100\/100\n|turn|6\n|\n|t:|1700281522\n|move|p1a: ASUKA|Ivy Cudgel|p2a: Glimmora|[anim] Ivy Cudgel Water\n|-supereffective|p2a: Glimmora\n|-damage|p2a: Glimmora|0 fnt\n|-activate|p2a: Glimmora|ability: Toxic Debris\n|-sidestart|p1: Perfect DarK 0707|move: Toxic Spikes\n|faint|p2a: Glimmora\n|\n|upkeep\n|\n|t:|1700281535\n|switch|p2a: Gholdengo|Gholdengo|100\/100\n|-item|p2a: Gholdengo|Air Balloon\n|turn|7\n|\n|t:|1700281544\n|switch|p2a: Ogerpon|Ogerpon-Wellspring, F|49\/100\n|move|p1a: ASUKA|Swords Dance|p1a: ASUKA\n|-boost|p1a: ASUKA|atk|2\n|\n|upkeep\n|turn|8\n|\n|t:|1700281550\n|move|p2a: Ogerpon|Encore|p1a: ASUKA\n|-start|p1a: ASUKA|Encore\n|move|p1a: ASUKA|Swords Dance|p1a: ASUKA\n|-boost|p1a: ASUKA|atk|2\n|\n|upkeep\n|turn|9\n|inactive|Perfect DarK 0707 has 120 seconds left.\n|\n|t:|1700281557\n|switch|p1a: S1Lv3R Bull37|Cinderace, M, shiny|100\/100\n|move|p2a: Ogerpon|Power Whip|p1a: S1Lv3R Bull37\n|-resisted|p1a: S1Lv3R Bull37\n|-damage|p1a: S1Lv3R Bull37|47\/100\n|\n|upkeep\n|turn|10\n|\n|t:|1700281579\n|switch|p2a: Iron Moth|Iron Moth|100\/100\n|-enditem|p2a: Iron Moth|Booster Energy\n|-activate|p2a: Iron Moth|ability: Quark Drive|[fromitem]\n|-start|p2a: Iron Moth|quarkdrivespe\n|move|p1a: S1Lv3R Bull37|Court Change|p1a: S1Lv3R Bull37\n|-start|p1a: S1Lv3R Bull37|typechange|Normal|[from] ability: Libero\n|-swapsideconditions\n|-activate|p1a: S1Lv3R Bull37|move: Court Change\n|\n|upkeep\n|turn|11\n|\n|t:|1700281588\n|move|p1a: S1Lv3R Bull37|Sucker Punch||[still]\n|-fail|p1a: S1Lv3R Bull37\n|move|p2a: Iron Moth|Substitute|p2a: Iron Moth\n|-start|p2a: Iron Moth|Substitute\n|-damage|p2a: Iron Moth|76\/100\n|\n|upkeep\n|turn|12\n|\n|t:|1700281594\n|move|p1a: S1Lv3R Bull37|Sucker Punch|p2a: Iron Moth\n|-end|p2a: Iron Moth|Substitute\n|move|p2a: Iron Moth|Fiery Dance|p1a: S1Lv3R Bull37\n|-damage|p1a: S1Lv3R Bull37|0 fnt\n|faint|p1a: S1Lv3R Bull37\n|\n|upkeep\n|\n|t:|1700281602\n|switch|p1a: Terrifying \ud83e\udeb6|Dragonite, M|100\/100\n|turn|13\n|\n|t:|1700281607\n|move|p2a: Iron Moth|Substitute|p2a: Iron Moth\n|-start|p2a: Iron Moth|Substitute\n|-damage|p2a: Iron Moth|51\/100\n|move|p1a: Terrifying \ud83e\udeb6|Dragon Dance|p1a: Terrifying \ud83e\udeb6\n|-boost|p1a: Terrifying \ud83e\udeb6|atk|1\n|-boost|p1a: Terrifying \ud83e\udeb6|spe|1\n|\n|upkeep\n|turn|14\n|\n|t:|1700281614\n|move|p1a: Terrifying \ud83e\udeb6|Extreme Speed|p2a: Iron Moth\n|-end|p2a: Iron Moth|Substitute\n|move|p2a: Iron Moth|Sludge Wave|p1a: Terrifying \ud83e\udeb6\n|-damage|p1a: Terrifying \ud83e\udeb6|76\/100\n|\n|-heal|p1a: Terrifying \ud83e\udeb6|82\/100|[from] item: Leftovers\n|upkeep\n|turn|15\n|\n|t:|1700281629\n|move|p1a: Terrifying \ud83e\udeb6|Extreme Speed|p2a: Iron Moth\n|-damage|p2a: Iron Moth|0 fnt\n|faint|p2a: Iron Moth\n|-end|p2a: Iron Moth|Quark Drive|[silent]\n|\n|-heal|p1a: Terrifying \ud83e\udeb6|88\/100|[from] item: Leftovers\n|upkeep\n|\n|t:|1700281632\n|switch|p2a: Gholdengo|Gholdengo|100\/100\n|-item|p2a: Gholdengo|Air Balloon\n|turn|16\n|\n|t:|1700281640\n|move|p1a: Terrifying \ud83e\udeb6|Fly||[still]\n|-prepare|p1a: Terrifying \ud83e\udeb6|Fly\n|move|p2a: Gholdengo|Make It Rain|p1a: Terrifying \ud83e\udeb6|[miss]\n|-miss|p2a: Gholdengo|p1a: Terrifying \ud83e\udeb6\n|\n|-heal|p1a: Terrifying \ud83e\udeb6|94\/100|[from] item: Leftovers\n|upkeep\n|turn|17\n|\n|t:|1700281648\n|move|p1a: Terrifying \ud83e\udeb6|Fly|p2a: Gholdengo|[from]lockedmove\n|-resisted|p2a: Gholdengo\n|-damage|p2a: Gholdengo|61\/100\n|-enditem|p2a: Gholdengo|Air Balloon\n|move|p2a: Gholdengo|Make It Rain|p1a: Terrifying \ud83e\udeb6\n|-damage|p1a: Terrifying \ud83e\udeb6|36\/100\n|-unboost|p2a: Gholdengo|spa|1\n|\n|-heal|p1a: Terrifying \ud83e\udeb6|43\/100|[from] item: Leftovers\n|upkeep\n|turn|18\n|\n|t:|1700281662\n|move|p1a: Terrifying \ud83e\udeb6|Earthquake|p2a: Gholdengo\n|-supereffective|p2a: Gholdengo\n|-crit|p2a: Gholdengo\n|-damage|p2a: Gholdengo|0 fnt\n|faint|p2a: Gholdengo\n|\n|-heal|p1a: Terrifying \ud83e\udeb6|49\/100|[from] item: Leftovers\n|upkeep\n|\n|t:|1700281665\n|switch|p2a: Kingambit|Kingambit, F|79\/100\n|-activate|p2a: Kingambit|ability: Supreme Overlord\n|-start|p2a: Kingambit|fallen3|[silent]\n|turn|19\n|\n|t:|1700281673\n|-terastallize|p1a: Terrifying \ud83e\udeb6|Flying\n|move|p2a: Kingambit|Sucker Punch|p1a: Terrifying \ud83e\udeb6\n|-damage|p1a: Terrifying \ud83e\udeb6|0 fnt\n|faint|p1a: Terrifying \ud83e\udeb6\n|\n|upkeep\n|\n|t:|1700281681\n|switch|p1a: 7usK|Great Tusk|100\/100\n|turn|20\n|\n|t:|1700281686\n|-end|p2a: Kingambit|fallen3|[silent]\n|switch|p2a: Ogerpon|Ogerpon-Wellspring, F|49\/100\n|-status|p2a: Ogerpon|psn\n|move|p1a: 7usK|Stealth Rock|p2a: Ogerpon\n|-sidestart|p2: Silviotsa|move: Stealth Rock\n|\n|-damage|p2a: Ogerpon|37\/100 psn|[from] psn\n|upkeep\n|turn|21\n|\n|t:|1700281698\n|-end|p1a: 7usK|Protosynthesis|[silent]\n|switch|p1a: ASUKA|Ogerpon-Wellspring, F|100\/100\n|move|p2a: Ogerpon|Power Whip|p1a: ASUKA\n|-damage|p1a: ASUKA|12\/100\n|\n|-damage|p2a: Ogerpon|25\/100 psn|[from] psn\n|upkeep\n|turn|22\n|\n|t:|1700281706\n|move|p2a: Ogerpon|Power Whip|p1a: ASUKA\n|-damage|p1a: ASUKA|0 fnt\n|faint|p1a: ASUKA\n|\n|-damage|p2a: Ogerpon|12\/100 psn|[from] psn\n|upkeep\n|\n|t:|1700281717\n|switch|p1a: Sailor Moon \ud83c\udf19|Iron Valiant, shiny|100\/100\n|-enditem|p1a: Sailor Moon \ud83c\udf19|Booster Energy\n|-activate|p1a: Sailor Moon \ud83c\udf19|ability: Quark Drive|[fromitem]\n|-start|p1a: Sailor Moon \ud83c\udf19|quarkdrivespe\n|turn|23\n|\n|t:|1700281722\n|move|p1a: Sailor Moon \ud83c\udf19|Moonblast|p2a: Ogerpon\n|-damage|p2a: Ogerpon|0 fnt\n|faint|p2a: Ogerpon\n|\n|upkeep\n|\n|t:|1700281725\n|switch|p2a: Enamorus|Enamorus, F|100\/100\n|-damage|p2a: Enamorus|76\/100|[from] Stealth Rock\n|turn|24\n|\n|t:|1700281733\n|move|p1a: Sailor Moon \ud83c\udf19|Thunderbolt|p2a: Enamorus\n|-supereffective|p2a: Enamorus\n|-damage|p2a: Enamorus|0 fnt\n|faint|p2a: Enamorus\n|\n|upkeep\n|-message|Silviotsa forfeited.\n|\n|win|Perfect DarK 0707\n|raw|Perfect DarK 0707's rating: 1428 &rarr; <strong>1446<\/strong><br \/>(+18 for winning)\n|raw|Silviotsa's rating: 1396 &rarr; <strong>1378<\/strong><br \/>(-18 for losing)\n|l|\u2606Silviotsa\n","uploadtime":1700281742,"views":22,"p1id":"perfectdark0707","p2id":"silviotsa","formatid":"gen9ou","rating":1378,"private":0,"password":""}