{"id":"gen9ou-1990716028","p1":"Reckles","p2":"Mr. Kessler","format":"[Gen 9] OU","log":"|j|\u2606Reckles\n|j|\u2606Mr. Kessler\n|t:|1699994280\n|gametype|singles\n|player|p1|Reckles|170|1302\n|player|p2|Mr. Kessler|gambler|1348\n|teamsize|p1|6\n|teamsize|p2|6\n|gen|9\n|tier|[Gen 9] OU\n|rated|\n|rule|Sleep Clause Mod: Limit one foe put to sleep\n|rule|Species Clause: Limit one of each Pok\u00e9mon\n|rule|OHKO Clause: OHKO moves are banned\n|rule|Evasion Items Clause: Evasion items are banned\n|rule|Evasion Moves Clause: Evasion moves are banned\n|rule|Endless Battle Clause: Forcing endless battles is banned\n|rule|HP Percentage Mod: HP is shown in percentages\n|clearpoke\n|poke|p1|Rillaboom, F|\n|poke|p1|Great Tusk|\n|poke|p1|Torterra, M|\n|poke|p1|Toxapex, F|\n|poke|p1|Zapdos|\n|poke|p1|Gholdengo|\n|poke|p2|Samurott-Hisui, M|\n|poke|p2|Scizor, M|\n|poke|p2|Chandelure, F|\n|poke|p2|Eelektross, F|\n|poke|p2|Golem-Alola, M|\n|poke|p2|Fraxure, F|\n|teampreview\n|inactive|Battle timer is ON: inactive players will automatically lose when time's up. (requested by Mr. Kessler)\n|\n|t:|1699994289\n|start\n|switch|p1a: Great Tusk|Great Tusk|100\/100\n|switch|p2a: Hammy|Samurott-Hisui, M|100\/100\n|turn|1\n|\n|t:|1699994296\n|move|p2a: Hammy|Flip Turn|p1a: Great Tusk\n|-supereffective|p1a: Great Tusk\n|-damage|p1a: Great Tusk|71\/100\n|-damage|p2a: Hammy|84\/100|[from] item: Rocky Helmet|[of] p1a: Great Tusk\n|\n|t:|1699994306\n|switch|p2a: Eelly Excited|Eelektross, F|100\/100|[from] Flip Turn\n|move|p1a: Great Tusk|Rapid Spin|p2a: Eelly Excited\n|-damage|p2a: Eelly Excited|85\/100\n|-boost|p1a: Great Tusk|spe|1\n|\n|-heal|p2a: Eelly Excited|91\/100|[from] item: Leftovers\n|upkeep\n|turn|2\n|\n|t:|1699994321\n|-end|p1a: Great Tusk|Protosynthesis|[silent]\n|switch|p1a: Toxapex|Toxapex, F|100\/100\n|move|p2a: Eelly Excited|Coil|p2a: Eelly Excited\n|-boost|p2a: Eelly Excited|atk|1\n|-boost|p2a: Eelly Excited|def|1\n|-boost|p2a: Eelly Excited|accuracy|1\n|\n|-heal|p2a: Eelly Excited|97\/100|[from] item: Leftovers\n|upkeep\n|turn|3\n|\n|t:|1699994324\n|move|p2a: Eelly Excited|Knock Off|p1a: Toxapex\n|-damage|p1a: Toxapex|73\/100\n|-enditem|p1a: Toxapex|Leftovers|[from] move: Knock Off|[of] p2a: Eelly Excited\n|move|p1a: Toxapex|Haze|p1a: Toxapex\n|-clearallboost\n|\n|-heal|p2a: Eelly Excited|100\/100|[from] item: Leftovers\n|upkeep\n|turn|4\n|\n|t:|1699994334\n|switch|p2a: Hammy|Samurott-Hisui, M|84\/100\n|move|p1a: Toxapex|Toxic|p2a: Hammy\n|-status|p2a: Hammy|tox\n|\n|-damage|p2a: Hammy|78\/100 tox|[from] psn\n|upkeep\n|turn|5\n|\n|t:|1699994351\n|move|p2a: Hammy|Ceaseless Edge|p1a: Toxapex\n|-damage|p1a: Toxapex|38\/100\n|-sidestart|p1: Reckles|Spikes\n|move|p1a: Toxapex|Recover|p1a: Toxapex\n|-heal|p1a: Toxapex|88\/100\n|\n|-damage|p2a: Hammy|66\/100 tox|[from] psn\n|upkeep\n|turn|6\n|inactive|Reckles has 120 seconds left.\n|\n|t:|1699994380\n|switch|p1a: Great Tusk|Great Tusk|71\/100\n|-damage|p1a: Great Tusk|59\/100|[from] Spikes\n|move|p2a: Hammy|Ceaseless Edge|p1a: Great Tusk\n|-resisted|p1a: Great Tusk\n|-damage|p1a: Great Tusk|48\/100\n|-damage|p2a: Hammy|50\/100 tox|[from] item: Rocky Helmet|[of] p1a: Great Tusk\n|-sidestart|p1: Reckles|Spikes\n|\n|-damage|p2a: Hammy|32\/100 tox|[from] psn\n|upkeep\n|turn|7\n|\n|t:|1699994387\n|switch|p2a: Boo!|Chandelure, F|100\/100\n|move|p1a: Great Tusk|Rapid Spin|p2a: Boo!\n|-immune|p2a: Boo!\n|\n|upkeep\n|turn|8\n|\n|t:|1699994393\n|move|p2a: Boo!|Shadow Ball|p1a: Great Tusk\n|-damage|p1a: Great Tusk|0 fnt\n|faint|p1a: Great Tusk\n|-end|p1a: Great Tusk|Protosynthesis|[silent]\n|\n|upkeep\n|\n|t:|1699994400\n|switch|p1a: Gholdengo|Gholdengo|100\/100\n|-damage|p1a: Gholdengo|84\/100|[from] Spikes\n|turn|9\n|\n|t:|1699994406\n|switch|p2a: Hammy|Samurott-Hisui, M|32\/100 tox\n|move|p1a: Gholdengo|Shadow Ball|p2a: Hammy\n|-resisted|p2a: Hammy\n|-damage|p2a: Hammy|0 fnt\n|faint|p2a: Hammy\n|\n|upkeep\n|\n|t:|1699994415\n|switch|p2a: Eelly Excited|Eelektross, F|100\/100\n|turn|10\n|\n|t:|1699994424\n|move|p1a: Gholdengo|Shadow Ball|p2a: Eelly Excited\n|-damage|p2a: Eelly Excited|54\/100\n|move|p2a: Eelly Excited|Coil|p2a: Eelly Excited\n|-boost|p2a: Eelly Excited|atk|1\n|-boost|p2a: Eelly Excited|def|1\n|-boost|p2a: Eelly Excited|accuracy|1\n|\n|-heal|p2a: Eelly Excited|61\/100|[from] item: Leftovers\n|upkeep\n|turn|11\n|\n|t:|1699994432\n|switch|p1a: Toxapex|Toxapex, F|100\/100\n|-damage|p1a: Toxapex|84\/100|[from] Spikes\n|move|p2a: Eelly Excited|Knock Off|p1a: Toxapex\n|-damage|p1a: Toxapex|64\/100\n|\n|-heal|p2a: Eelly Excited|67\/100|[from] item: Leftovers\n|upkeep\n|turn|12\n|\n|t:|1699994443\n|-terastallize|p2a: Eelly Excited|Steel\n|move|p2a: Eelly Excited|Coil|p2a: Eelly Excited\n|-boost|p2a: Eelly Excited|atk|1\n|-boost|p2a: Eelly Excited|def|1\n|-boost|p2a: Eelly Excited|accuracy|1\n|move|p1a: Toxapex|Haze|p1a: Toxapex\n|-clearallboost\n|\n|-heal|p2a: Eelly Excited|73\/100|[from] item: Leftovers\n|upkeep\n|turn|13\n|\n|t:|1699994457\n|move|p2a: Eelly Excited|Coil|p2a: Eelly Excited\n|-boost|p2a: Eelly Excited|atk|1\n|-boost|p2a: Eelly Excited|def|1\n|-boost|p2a: Eelly Excited|accuracy|1\n|move|p1a: Toxapex|Surf|p2a: Eelly Excited\n|-damage|p2a: Eelly Excited|58\/100\n|\n|-heal|p2a: Eelly Excited|64\/100|[from] item: Leftovers\n|upkeep\n|turn|14\n|\n|t:|1699994461\n|move|p2a: Eelly Excited|Thunder Punch|p1a: Toxapex\n|-supereffective|p1a: Toxapex\n|-damage|p1a: Toxapex|0 fnt\n|faint|p1a: Toxapex\n|\n|-heal|p2a: Eelly Excited|70\/100|[from] item: Leftovers\n|upkeep\n|\n|t:|1699994473\n|switch|p1a: Zapdos|Zapdos|100\/100\n|turn|15\n|\n|t:|1699994478\n|-terastallize|p1a: Zapdos|Electric\n|move|p1a: Zapdos|Thunderbolt|p2a: Eelly Excited\n|-damage|p2a: Eelly Excited|22\/100\n|move|p2a: Eelly Excited|Knock Off|p1a: Zapdos\n|-damage|p1a: Zapdos|51\/100\n|-enditem|p1a: Zapdos|Heavy-Duty Boots|[from] move: Knock Off|[of] p2a: Eelly Excited\n|\n|-heal|p2a: Eelly Excited|28\/100|[from] item: Leftovers\n|upkeep\n|turn|16\n|\n|t:|1699994492\n|move|p1a: Zapdos|Thunderbolt|p2a: Eelly Excited\n|-damage|p2a: Eelly Excited|0 fnt\n|faint|p2a: Eelly Excited\n|\n|upkeep\n|\n|t:|1699994496\n|switch|p2a: Boo!|Chandelure, F|100\/100\n|turn|17\n|\n|t:|1699994505\n|move|p2a: Boo!|Fire Blast|p1a: Zapdos\n|-damage|p1a: Zapdos|0 fnt\n|faint|p1a: Zapdos\n|\n|upkeep\n|\n|t:|1699994513\n|switch|p1a: Torterra|Torterra, M|100\/100\n|-damage|p1a: Torterra|84\/100|[from] Spikes\n|turn|18\n|\n|t:|1699994515\n|move|p2a: Boo!|Fire Blast|p1a: Torterra\n|-supereffective|p1a: Torterra\n|-damage|p1a: Torterra|0 fnt\n|faint|p1a: Torterra\n|\n|upkeep\n|\n|t:|1699994517\n|switch|p1a: Rillaboom|Rillaboom, F|100\/100\n|-damage|p1a: Rillaboom|84\/100|[from] Spikes\n|-fieldstart|move: Grassy Terrain|[from] ability: Grassy Surge|[of] p1a: Rillaboom\n|turn|19\n|\n|t:|1699994522\n|move|p2a: Boo!|Fire Blast|p1a: Rillaboom\n|-supereffective|p1a: Rillaboom\n|-damage|p1a: Rillaboom|0 fnt\n|faint|p1a: Rillaboom\n|\n|upkeep\n|\n|t:|1699994525\n|switch|p1a: Gholdengo|Gholdengo|84\/100\n|-damage|p1a: Gholdengo|67\/100|[from] Spikes\n|turn|20\n|\n|t:|1699994528\n|move|p2a: Boo!|Fire Blast|p1a: Gholdengo\n|-supereffective|p1a: Gholdengo\n|-damage|p1a: Gholdengo|0 fnt\n|faint|p1a: Gholdengo\n|\n|win|Mr. Kessler\n|raw|Reckles's rating: 1302 &rarr; <strong>1285<\/strong><br \/>(-17 for losing)\n|raw|Mr. Kessler's rating: 1348 &rarr; <strong>1365<\/strong><br \/>(+17 for winning)\n|l|\u2606Reckles\n","uploadtime":1699994543,"views":10,"p1id":"reckles","p2id":"mrkessler","formatid":"gen9ou","rating":1285,"private":0,"password":""}