{"id":"gen9ou-1991741041","p1":"yessurskit","p2":"Folcard","format":"[Gen 9] OU","log":"|j|\u2606yessurskit\n|j|\u2606Folcard\n|t:|1700109487\n|gametype|singles\n|player|p1|yessurskit|102|1548\n|player|p2|Folcard|fisherman-gen4|1551\n|teamsize|p1|6\n|teamsize|p2|6\n|gen|9\n|tier|[Gen 9] OU\n|rated|\n|rule|Sleep Clause Mod: Limit one foe put to sleep\n|rule|Species Clause: Limit one of each Pok\u00e9mon\n|rule|OHKO Clause: OHKO moves are banned\n|rule|Evasion Items Clause: Evasion items are banned\n|rule|Evasion Moves Clause: Evasion moves are banned\n|rule|Endless Battle Clause: Forcing endless battles is banned\n|rule|HP Percentage Mod: HP is shown in percentages\n|clearpoke\n|poke|p1|Pincurchin, M|\n|poke|p1|Iron Valiant|\n|poke|p1|Iron Treads|\n|poke|p1|Iron Leaves|\n|poke|p1|Iron Hands|\n|poke|p1|Rotom-Wash|\n|poke|p2|Ribombee, M|\n|poke|p2|Ogerpon-Wellspring, F|\n|poke|p2|Iron Moth|\n|poke|p2|Kingambit, F|\n|poke|p2|Gholdengo|\n|poke|p2|Iron Valiant|\n|teampreview\n|inactive|Battle timer is ON: inactive players will automatically lose when time's up. (requested by yessurskit)\n|\n|t:|1700109498\n|start\n|switch|p1a: Iron Treads|Iron Treads|100\/100\n|switch|p2a: Ribombee|Ribombee, M|100\/100\n|turn|1\n|\n|t:|1700109515\n|move|p2a: Ribombee|Stun Spore|p1a: Iron Treads\n|-status|p1a: Iron Treads|par\n|move|p1a: Iron Treads|Rapid Spin|p2a: Ribombee\n|-damage|p2a: Ribombee|61\/100\n|-boost|p1a: Iron Treads|spe|1\n|-damage|p1a: Iron Treads|91\/100 par|[from] item: Life Orb\n|\n|upkeep\n|turn|2\n|\n|t:|1700109528\n|move|p2a: Ribombee|Sticky Web|p1a: Iron Treads\n|-sidestart|p1: yessurskit|move: Sticky Web\n|move|p1a: Iron Treads|Rapid Spin|p2a: Ribombee\n|-damage|p2a: Ribombee|18\/100\n|-boost|p1a: Iron Treads|spe|1\n|-sideend|p1: yessurskit|Sticky Web|[from] move: Rapid Spin|[of] p1a: Iron Treads\n|-damage|p1a: Iron Treads|81\/100 par|[from] item: Life Orb\n|\n|upkeep\n|turn|3\n|\n|t:|1700109538\n|move|p2a: Ribombee|Sticky Web|p1a: Iron Treads\n|-sidestart|p1: yessurskit|move: Sticky Web\n|cant|p1a: Iron Treads|par\n|\n|upkeep\n|turn|4\n|\n|t:|1700109543\n|switch|p2a: Gholdengo|Gholdengo|100\/100\n|-item|p2a: Gholdengo|Air Balloon\n|move|p1a: Iron Treads|Earthquake|p2a: Gholdengo\n|-immune|p2a: Gholdengo\n|\n|upkeep\n|turn|5\n|\n|t:|1700109559\n|-end|p1a: Iron Treads|Quark Drive|[silent]\n|switch|p1a: Pincurchin|Pincurchin, M|100\/100\n|-activate|p1a: Pincurchin|move: Sticky Web\n|-unboost|p1a: Pincurchin|spe|1\n|-fieldstart|move: Electric Terrain|[from] ability: Electric Surge|[of] p1a: Pincurchin\n|move|p2a: Gholdengo|Nasty Plot|p2a: Gholdengo\n|-boost|p2a: Gholdengo|spa|2\n|\n|upkeep\n|turn|6\n|inactive|yessurskit has 120 seconds left.\n|\n|t:|1700109592\n|move|p2a: Gholdengo|Shadow Ball|p1a: Pincurchin\n|-damage|p1a: Pincurchin|0 fnt\n|faint|p1a: Pincurchin\n|\n|upkeep\n|\n|t:|1700109608\n|switch|p1a: Iron Hands|Iron Hands|100\/100\n|-activate|p1a: Iron Hands|move: Sticky Web\n|-unboost|p1a: Iron Hands|spe|1\n|-activate|p1a: Iron Hands|ability: Quark Drive\n|-start|p1a: Iron Hands|quarkdriveatk\n|turn|7\n|inactive|Folcard has 120 seconds left.\n|\n|t:|1700109643\n|move|p2a: Gholdengo|Dazzling Gleam|p1a: Iron Hands\n|-supereffective|p1a: Iron Hands\n|-damage|p1a: Iron Hands|7\/100\n|move|p1a: Iron Hands|Thunder Punch|p2a: Gholdengo\n|-damage|p2a: Gholdengo|9\/100\n|-enditem|p2a: Gholdengo|Air Balloon\n|\n|upkeep\n|turn|8\n|\n|t:|1700109669\n|move|p2a: Gholdengo|Shadow Ball|p1a: Iron Hands\n|-damage|p1a: Iron Hands|0 fnt\n|faint|p1a: Iron Hands\n|-end|p1a: Iron Hands|Quark Drive|[silent]\n|\n|upkeep\n|\n|t:|1700109674\n|switch|p1a: Rotom|Rotom-Wash|100\/100\n|turn|9\n|\n|t:|1700109681\n|move|p2a: Gholdengo|Shadow Ball|p1a: Rotom\n|-damage|p1a: Rotom|15\/100\n|move|p1a: Rotom|Volt Switch|p2a: Gholdengo\n|-damage|p2a: Gholdengo|0 fnt\n|faint|p2a: Gholdengo\n|\n|t:|1700109687\n|switch|p1a: Iron Treads|Iron Treads|81\/100 par|[from] Volt Switch\n|-activate|p1a: Iron Treads|move: Sticky Web\n|-unboost|p1a: Iron Treads|spe|1\n|-activate|p1a: Iron Treads|ability: Quark Drive\n|-start|p1a: Iron Treads|quarkdriveatk\n|\n|upkeep\n|\n|t:|1700109690\n|switch|p2a: Iron Moth|Iron Moth|100\/100\n|-activate|p2a: Iron Moth|ability: Quark Drive\n|-start|p2a: Iron Moth|quarkdrivespa\n|turn|10\n|\n|t:|1700109698\n|-terastallize|p1a: Iron Treads|Ground\n|move|p2a: Iron Moth|Fiery Dance|p1a: Iron Treads\n|-damage|p1a: Iron Treads|0 fnt\n|faint|p1a: Iron Treads\n|-end|p1a: Iron Treads|Quark Drive|[silent]\n|\n|upkeep\n|c|\u2606yessurskit|dang ggs\n|-message|yessurskit forfeited.\n|\n|win|Folcard\n|raw|yessurskit's rating: 1548 &rarr; <strong>1528<\/strong><br \/>(-20 for losing)\n|raw|Folcard's rating: 1551 &rarr; <strong>1571<\/strong><br \/>(+20 for winning)\n|l|\u2606yessurskit\n|l|\u2606Folcard\n|j|\u2606Folcard\n|player|p2|Folcard|fisherman-gen4\n","uploadtime":1700109713,"views":13,"p1id":"yessurskit","p2id":"folcard","formatid":"gen9ou","rating":1528,"private":0,"password":""}