{"id":"gen9ou-1999996766","p1":"anamchara","p2":"RggV","format":"[Gen 9] OU","log":"|j|\u2606anamchara\n|j|\u2606RggV\n|t:|1701139153\n|gametype|singles\n|player|p1|anamchara|265|1587\n|player|p2|RggV|#wcop2023latinamerica|1688\n|teamsize|p1|6\n|teamsize|p2|6\n|gen|9\n|tier|[Gen 9] OU\n|rated|\n|rule|Sleep Clause Mod: Limit one foe put to sleep\n|rule|Species Clause: Limit one of each Pok\u00e9mon\n|rule|OHKO Clause: OHKO moves are banned\n|rule|Evasion Items Clause: Evasion items are banned\n|rule|Evasion Moves Clause: Evasion moves are banned\n|rule|Endless Battle Clause: Forcing endless battles is banned\n|rule|HP Percentage Mod: HP is shown in percentages\n|clearpoke\n|poke|p1|Glimmora, F|\n|poke|p1|Dragapult, M|\n|poke|p1|Ogerpon-Wellspring, F|\n|poke|p1|Greninja-*, M|\n|poke|p1|Landorus-Therian, M|\n|poke|p1|Iron Valiant|\n|poke|p2|Infernape, F|\n|poke|p2|Ribombee, M|\n|poke|p2|Gholdengo|\n|poke|p2|Manaphy|\n|poke|p2|Landorus-Therian, M|\n|poke|p2|Kommo-o, M|\n|teampreview\n|inactive|Battle timer is ON: inactive players will automatically lose when time's up. (requested by RggV)\n|\n|t:|1701139171\n|start\n|switch|p1a: Ogerpon|Ogerpon-Wellspring, F|100\/100\n|switch|p2a: Ribombee|Ribombee, M|100\/100\n|turn|1\n|\n|t:|1701139175\n|move|p2a: Ribombee|Sticky Web|p1a: Ogerpon\n|-sidestart|p1: anamchara|move: Sticky Web\n|move|p1a: Ogerpon|Trailblaze|p2a: Ribombee\n|-resisted|p2a: Ribombee\n|-damage|p2a: Ribombee|68\/100\n|-boost|p1a: Ogerpon|spe|1\n|\n|upkeep\n|turn|2\n|\n|t:|1701139179\n|move|p1a: Ogerpon|Ivy Cudgel|p2a: Ribombee|[anim] Ivy Cudgel Water\n|-damage|p2a: Ribombee|0 fnt\n|faint|p2a: Ribombee\n|\n|upkeep\n|\n|t:|1701139184\n|switch|p2a: Kommo-o|Kommo-o, M|100\/100\n|turn|3\n|\n|t:|1701139189\n|move|p1a: Ogerpon|Low Kick|p2a: Kommo-o\n|-damage|p2a: Kommo-o|66\/100\n|move|p2a: Kommo-o|Clanging Scales|p1a: Ogerpon\n|-damage|p1a: Ogerpon|44\/100\n|-unboost|p2a: Kommo-o|def|1\n|-enditem|p2a: Kommo-o|Throat Spray\n|-boost|p2a: Kommo-o|spa|1|[from] item: Throat Spray\n|\n|upkeep\n|turn|4\n|\n|t:|1701139195\n|-terastallize|p1a: Ogerpon|Water\n|detailschange|p1a: Ogerpon|Ogerpon-Wellspring-Tera, F, tera:Water\n|-ability|p1a: Ogerpon|Embody Aspect (Wellspring)|boost\n|-boost|p1a: Ogerpon|spd|1\n|move|p1a: Ogerpon|Ivy Cudgel|p2a: Kommo-o|[anim] Ivy Cudgel Water\n|-resisted|p2a: Kommo-o\n|-damage|p2a: Kommo-o|3\/100\n|move|p2a: Kommo-o|Clanging Scales|p1a: Ogerpon\n|-damage|p1a: Ogerpon|0 fnt\n|faint|p1a: Ogerpon\n|-unboost|p2a: Kommo-o|def|1\n|\n|upkeep\n|j| temp0912397\n|\n|t:|1701139221\n|switch|p1a: Greninja|Greninja, M|100\/100\n|-activate|p1a: Greninja|move: Sticky Web\n|-unboost|p1a: Greninja|spe|1\n|turn|5\n|\n|t:|1701139237\n|switch|p2a: Manaphy|Manaphy|100\/100\n|move|p1a: Greninja|Water Shuriken|p2a: Manaphy\n|-resisted|p2a: Manaphy\n|-damage|p2a: Manaphy|97\/100\n|-resisted|p2a: Manaphy\n|-damage|p2a: Manaphy|94\/100\n|-resisted|p2a: Manaphy\n|-damage|p2a: Manaphy|90\/100\n|-resisted|p2a: Manaphy\n|-damage|p2a: Manaphy|87\/100\n|-resisted|p2a: Manaphy\n|-damage|p2a: Manaphy|83\/100\n|-hitcount|p2a: Manaphy|5\n|\n|-heal|p2a: Manaphy|89\/100|[from] item: Leftovers\n|upkeep\n|turn|6\n|inactive|anamchara has 120 seconds left.\n|inactive|anamchara has 90 seconds left.\n|\n|t:|1701139318\n|move|p2a: Manaphy|Energy Ball|p1a: Greninja\n|-supereffective|p1a: Greninja\n|-damage|p1a: Greninja|13\/100\n|move|p1a: Greninja|Dark Pulse|p2a: Manaphy\n|-damage|p2a: Manaphy|56\/100\n|\n|-heal|p2a: Manaphy|62\/100|[from] item: Leftovers\n|upkeep\n|turn|7\n|\n|t:|1701139333\n|switch|p1a: Glimmora|Glimmora, F|100\/100\n|-activate|p1a: Glimmora|move: Sticky Web\n|-unboost|p1a: Glimmora|spe|1\n|move|p2a: Manaphy|Surf|p1a: Glimmora\n|-supereffective|p1a: Glimmora\n|-damage|p1a: Glimmora|26\/100\n|\n|-heal|p2a: Manaphy|68\/100|[from] item: Leftovers\n|upkeep\n|turn|8\n|inactive|anamchara has 60 seconds left.\n|inactive|anamchara has 30 seconds left.\n|j| xxCOALLAxx\n|inactive|anamchara has 20 seconds left.\n|inactive|anamchara has 15 seconds left.\n|\n|t:|1701139405\n|switch|p1a: Greninja|Greninja, M|13\/100\n|-activate|p1a: Greninja|move: Sticky Web\n|-unboost|p1a: Greninja|spe|1\n|move|p2a: Manaphy|Surf|p1a: Greninja\n|-resisted|p1a: Greninja\n|-damage|p1a: Greninja|0 fnt\n|faint|p1a: Greninja\n|\n|-heal|p2a: Manaphy|74\/100|[from] item: Leftovers\n|upkeep\n|inactive|anamchara has 20 seconds left this turn.\n|\n|t:|1701139408\n|switch|p1a: Landorus|Landorus-Therian, M|100\/100\n|-ability|p1a: Landorus|Intimidate|boost\n|-unboost|p2a: Manaphy|atk|1\n|turn|9\n|inactive|anamchara has 30 seconds left this turn.\n|j| MG Rexray\n|\n|t:|1701139436\n|switch|p2a: Landorus|Landorus-Therian, M|100\/100\n|-ability|p2a: Landorus|Intimidate|boost\n|-unboost|p1a: Landorus|atk|1\n|move|p1a: Landorus|Earthquake|p2a: Landorus\n|-immune|p2a: Landorus\n|\n|upkeep\n|turn|10\n|\n|t:|1701139443\n|switch|p1a: Glimmora|Glimmora, F|26\/100\n|-activate|p1a: Glimmora|move: Sticky Web\n|-unboost|p1a: Glimmora|spe|1\n|move|p2a: Landorus|Bulk Up|p2a: Landorus\n|-boost|p2a: Landorus|atk|1\n|-boost|p2a: Landorus|def|1\n|\n|upkeep\n|turn|11\n|\n|t:|1701139460\n|move|p2a: Landorus|Earthquake|p1a: Glimmora\n|-supereffective|p1a: Glimmora\n|-damage|p1a: Glimmora|0 fnt\n|-activate|p1a: Glimmora|ability: Toxic Debris\n|-sidestart|p2: RggV|move: Toxic Spikes\n|faint|p1a: Glimmora\n|\n|upkeep\n|\n|t:|1701139463\n|switch|p1a: Landorus|Landorus-Therian, M|100\/100\n|-ability|p1a: Landorus|Intimidate|boost\n|-unboost|p2a: Landorus|atk|1\n|turn|12\n|\n|t:|1701139472\n|move|p1a: Landorus|Stone Edge|p2a: Landorus\n|-damage|p2a: Landorus|67\/100\n|move|p2a: Landorus|Bulk Up|p2a: Landorus\n|-boost|p2a: Landorus|atk|1\n|-boost|p2a: Landorus|def|1\n|\n|-heal|p2a: Landorus|73\/100|[from] item: Leftovers\n|upkeep\n|turn|13\n|\n|t:|1701139476\n|move|p1a: Landorus|Stone Edge|p2a: Landorus\n|-damage|p2a: Landorus|48\/100\n|move|p2a: Landorus|Bulk Up|p2a: Landorus\n|-boost|p2a: Landorus|atk|1\n|-boost|p2a: Landorus|def|1\n|\n|-heal|p2a: Landorus|54\/100|[from] item: Leftovers\n|upkeep\n|turn|14\n|\n|t:|1701139480\n|move|p1a: Landorus|Stone Edge|p2a: Landorus\n|-damage|p2a: Landorus|34\/100\n|move|p2a: Landorus|Substitute|p2a: Landorus\n|-start|p2a: Landorus|Substitute\n|-damage|p2a: Landorus|9\/100\n|\n|-heal|p2a: Landorus|15\/100|[from] item: Leftovers\n|upkeep\n|turn|15\n|\n|t:|1701139482\n|move|p1a: Landorus|Stone Edge|p2a: Landorus|[miss]\n|-miss|p1a: Landorus|p2a: Landorus\n|move|p2a: Landorus|Smack Down|p1a: Landorus\n|-damage|p1a: Landorus|58\/100\n|-start|p1a: Landorus|Smack Down\n|\n|-heal|p2a: Landorus|21\/100|[from] item: Leftovers\n|upkeep\n|turn|16\n|\n|t:|1701139484\n|move|p1a: Landorus|Stone Edge|p2a: Landorus\n|-crit|p2a: Landorus\n|-end|p2a: Landorus|Substitute\n|move|p2a: Landorus|Earthquake|p1a: Landorus\n|-crit|p1a: Landorus\n|-damage|p1a: Landorus|0 fnt\n|faint|p1a: Landorus\n|\n|-heal|p2a: Landorus|27\/100|[from] item: Leftovers\n|upkeep\n|\n|t:|1701139487\n|switch|p1a: Dragapult|Dragapult, M|100\/100\n|-activate|p1a: Dragapult|move: Sticky Web\n|-unboost|p1a: Dragapult|spe|1\n|turn|17\n|\n|t:|1701139489\n|move|p2a: Landorus|Earthquake|p1a: Dragapult\n|-crit|p1a: Dragapult\n|-damage|p1a: Dragapult|0 fnt\n|faint|p1a: Dragapult\n|\n|-heal|p2a: Landorus|33\/100|[from] item: Leftovers\n|upkeep\n|\n|t:|1701139494\n|switch|p1a: Iron Valiant|Iron Valiant|100\/100\n|-activate|p1a: Iron Valiant|move: Sticky Web\n|-unboost|p1a: Iron Valiant|spe|1\n|-enditem|p1a: Iron Valiant|Booster Energy\n|-activate|p1a: Iron Valiant|ability: Quark Drive|[fromitem]\n|-start|p1a: Iron Valiant|quarkdriveatk\n|turn|18\n|\n|t:|1701139497\n|move|p2a: Landorus|Earthquake|p1a: Iron Valiant\n|-damage|p1a: Iron Valiant|0 fnt\n|faint|p1a: Iron Valiant\n|-end|p1a: Iron Valiant|Quark Drive|[silent]\n|\n|win|RggV\n|raw|anamchara's rating: 1604 &rarr; <strong>1590<\/strong><br \/>(-14 for losing)\n|raw|RggV's rating: 1713 &rarr; <strong>1727<\/strong><br \/>(+14 for winning)\n|l|\u2606anamchara\n|l| MG Rexray\n|l|\u2606RggV\n","uploadtime":1701140014,"views":16,"p1id":"anamchara","p2id":"rggv","formatid":"gen9ou","rating":1590,"private":0,"password":""}