{"id":"gen9ou-1991607052","p1":"crownwrld","p2":"OkJuice100","format":"[Gen 9] OU","log":"|j|\u2606crownwrld\n|j|\u2606OkJuice100\n|t:|1700093560\n|gametype|singles\n|player|p1|crownwrld|hugh|1371\n|player|p2|OkJuice100|266|1302\n|teamsize|p1|6\n|teamsize|p2|6\n|gen|9\n|tier|[Gen 9] OU\n|rated|\n|rule|Sleep Clause Mod: Limit one foe put to sleep\n|rule|Species Clause: Limit one of each Pok\u00e9mon\n|rule|OHKO Clause: OHKO moves are banned\n|rule|Evasion Items Clause: Evasion items are banned\n|rule|Evasion Moves Clause: Evasion moves are banned\n|rule|Endless Battle Clause: Forcing endless battles is banned\n|rule|HP Percentage Mod: HP is shown in percentages\n|clearpoke\n|poke|p1|Dragonite, F|\n|poke|p1|Garganacl, M|\n|poke|p1|Meowscarada, M|\n|poke|p1|Gengar, F|\n|poke|p1|Corviknight, F|\n|poke|p1|Iron Valiant|\n|poke|p2|Cinderace, F|\n|poke|p2|Empoleon, M|\n|poke|p2|Slowking-Galar, M|\n|poke|p2|Pelipper, M|\n|poke|p2|Barraskewda, M|\n|poke|p2|Rillaboom, F|\n|teampreview\n|inactive|Battle timer is ON: inactive players will automatically lose when time's up. (requested by crownwrld)\n|\n|t:|1700093572\n|start\n|switch|p1a: Garganacl|Garganacl, M|100\/100\n|switch|p2a: Rillaboom|Rillaboom, F|100\/100\n|-fieldstart|move: Grassy Terrain|[from] ability: Grassy Surge|[of] p2a: Rillaboom\n|turn|1\n|j| OUVT spin da bloc\n|l| OUVT spin da bloc\n|\n|t:|1700093582\n|switch|p1a: Corviknight|Corviknight, F|100\/100\n|-ability|p1a: Corviknight|Pressure\n|move|p2a: Rillaboom|Drain Punch|p1a: Corviknight\n|-damage|p1a: Corviknight|85\/100\n|-damage|p2a: Rillaboom|84\/100|[from] item: Rocky Helmet|[of] p1a: Corviknight\n|\n|-heal|p2a: Rillaboom|90\/100|[from] Grassy Terrain\n|-heal|p2a: Rillaboom|96\/100|[from] item: Leftovers\n|upkeep\n|turn|2\n|\n|t:|1700093593\n|move|p2a: Rillaboom|Protect|p2a: Rillaboom\n|-singleturn|p2a: Rillaboom|Protect\n|move|p1a: Corviknight|U-turn|p2a: Rillaboom\n|-activate|p2a: Rillaboom|move: Protect\n|\n|-heal|p2a: Rillaboom|100\/100|[from] Grassy Terrain\n|upkeep\n|turn|3\n|\n|t:|1700093602\n|switch|p2a: Pelipper|Pelipper, M|100\/100\n|-weather|RainDance|[from] ability: Drizzle|[of] p2a: Pelipper\n|move|p1a: Corviknight|U-turn|p2a: Pelipper\n|-resisted|p2a: Pelipper\n|-damage|p2a: Pelipper|95\/100\n|\n|t:|1700093615\n|switch|p1a: Dragonite|Dragonite, F|100\/100|[from] U-turn\n|\n|-weather|RainDance|[upkeep]\n|upkeep\n|turn|4\n|\n|t:|1700093620\n|move|p1a: Dragonite|Dragon Dance|p1a: Dragonite\n|-boost|p1a: Dragonite|atk|1\n|-boost|p1a: Dragonite|spe|1\n|move|p2a: Pelipper|U-turn|p1a: Dragonite\n|-resisted|p1a: Dragonite\n|-damage|p1a: Dragonite|95\/100\n|\n|t:|1700093637\n|switch|p2a: Barraskewda|Barraskewda, M|100\/100|[from] U-turn\n|\n|-weather|RainDance|[upkeep]\n|upkeep\n|turn|5\n|\n|t:|1700093647\n|-terastallize|p2a: Barraskewda|Ghost\n|move|p2a: Barraskewda|Liquidation|p1a: Dragonite\n|-resisted|p1a: Dragonite\n|-damage|p1a: Dragonite|42\/100\n|move|p1a: Dragonite|Dragon Claw|p2a: Barraskewda\n|-damage|p2a: Barraskewda|0 fnt\n|faint|p2a: Barraskewda\n|\n|-weather|RainDance|[upkeep]\n|-fieldend|move: Grassy Terrain\n|upkeep\n|\n|t:|1700093660\n|switch|p2a: Pelipper|Pelipper, M|95\/100\n|turn|6\n|\n|t:|1700093665\n|move|p1a: Dragonite|Dragon Dance|p1a: Dragonite\n|-boost|p1a: Dragonite|atk|1\n|-boost|p1a: Dragonite|spe|1\n|move|p2a: Pelipper|Hurricane|p1a: Dragonite\n|-damage|p1a: Dragonite|5\/100\n|\n|-weather|RainDance|[upkeep]\n|upkeep\n|turn|7\n|\n|t:|1700093672\n|move|p1a: Dragonite|Dragon Claw|p2a: Pelipper\n|-damage|p2a: Pelipper|26\/100\n|move|p2a: Pelipper|Hurricane|p1a: Dragonite\n|-damage|p1a: Dragonite|0 fnt\n|faint|p1a: Dragonite\n|\n|-weather|RainDance|[upkeep]\n|upkeep\n|\n|t:|1700093681\n|switch|p1a: Gengar|Gengar, F|100\/100\n|turn|8\n|\n|t:|1700093685\n|switch|p2a: Empoleon|Empoleon, M|100\/100\n|move|p1a: Gengar|Thunder Wave|p2a: Empoleon|[miss]\n|-miss|p1a: Gengar|p2a: Empoleon\n|\n|-weather|RainDance|[upkeep]\n|upkeep\n|turn|9\n|\n|t:|1700093690\n|move|p1a: Gengar|Thunder Wave|p2a: Empoleon\n|-status|p2a: Empoleon|par\n|move|p2a: Empoleon|Stealth Rock|p1a: Gengar\n|-sidestart|p1: crownwrld|move: Stealth Rock\n|\n|-weather|RainDance|[upkeep]\n|upkeep\n|turn|10\n|\n|t:|1700093696\n|switch|p1a: Corviknight|Corviknight, F|85\/100\n|-damage|p1a: Corviknight|73\/100|[from] Stealth Rock\n|-ability|p1a: Corviknight|Pressure\n|move|p2a: Empoleon|Surf|p1a: Corviknight\n|-damage|p1a: Corviknight|2\/100\n|\n|-weather|none\n|upkeep\n|turn|11\n|\n|t:|1700093705\n|move|p1a: Corviknight|Defog|p2a: Empoleon\n|-unboost|p2a: Empoleon|evasion|1\n|-ability|p2a: Empoleon|Competitive|boost\n|-boost|p2a: Empoleon|spa|2\n|-sideend|p1: crownwrld|Stealth Rock|[from] move: Defog|[of] p1a: Corviknight\n|move|p2a: Empoleon|Stealth Rock|p1a: Corviknight\n|-sidestart|p1: crownwrld|move: Stealth Rock\n|\n|upkeep\n|turn|12\n|\n|t:|1700093712\n|move|p1a: Corviknight|U-turn|p2a: Empoleon\n|-resisted|p2a: Empoleon\n|-damage|p2a: Empoleon|93\/100 par\n|\n|t:|1700093716\n|switch|p1a: Garganacl|Garganacl, M|100\/100|[from] U-turn\n|-damage|p1a: Garganacl|88\/100|[from] Stealth Rock\n|move|p2a: Empoleon|Stealth Rock||[still]\n|-fail|p2a: Empoleon\n|\n|-heal|p1a: Garganacl|94\/100|[from] item: Leftovers\n|-heal|p2a: Empoleon|99\/100 par|[from] item: Leftovers\n|upkeep\n|turn|13\n|\n|t:|1700093724\n|move|p1a: Garganacl|Salt Cure|p2a: Empoleon\n|-resisted|p2a: Empoleon\n|-damage|p2a: Empoleon|93\/100 par\n|-start|p2a: Empoleon|Salt Cure\n|move|p2a: Empoleon|Surf|p1a: Garganacl\n|-supereffective|p1a: Garganacl\n|-damage|p1a: Garganacl|0 fnt\n|faint|p1a: Garganacl\n|\n|-heal|p2a: Empoleon|99\/100 par|[from] item: Leftovers\n|-damage|p2a: Empoleon|74\/100 par|[from] Salt Cure\n|upkeep\n|\n|t:|1700093740\n|switch|p1a: Corviknight|Corviknight, F|2\/100\n|-damage|p1a: Corviknight|0 fnt|[from] Stealth Rock\n|faint|p1a: Corviknight\n|\n|t:|1700093746\n|switch|p1a: Meowscarada|Meowscarada, M|100\/100\n|-damage|p1a: Meowscarada|88\/100|[from] Stealth Rock\n|turn|14\n|\n|t:|1700093750\n|move|p1a: Meowscarada|Flower Trick|p2a: Empoleon\n|-start|p1a: Meowscarada|typechange|Grass|[from] ability: Protean\n|-crit|p2a: Empoleon\n|-damage|p2a: Empoleon|27\/100 par\n|move|p2a: Empoleon|Ice Beam|p1a: Meowscarada\n|-supereffective|p1a: Meowscarada\n|-damage|p1a: Meowscarada|0 fnt\n|faint|p1a: Meowscarada\n|\n|-heal|p2a: Empoleon|33\/100 par|[from] item: Leftovers\n|-damage|p2a: Empoleon|8\/100 par|[from] Salt Cure\n|upkeep\n|\n|t:|1700093764\n|switch|p1a: Gengar|Gengar, F|100\/100\n|-damage|p1a: Gengar|88\/100|[from] Stealth Rock\n|turn|15\n|\n|t:|1700093771\n|move|p1a: Gengar|Shadow Ball|p2a: Empoleon\n|-damage|p2a: Empoleon|0 fnt\n|faint|p2a: Empoleon\n|\n|upkeep\n|\n|t:|1700093778\n|switch|p2a: Pelipper|Pelipper, M|26\/100\n|-weather|RainDance|[from] ability: Drizzle|[of] p2a: Pelipper\n|turn|16\n|\n|t:|1700093786\n|move|p1a: Gengar|Shadow Ball|p2a: Pelipper\n|-damage|p2a: Pelipper|0 fnt\n|faint|p2a: Pelipper\n|\n|-weather|RainDance|[upkeep]\n|upkeep\n|\n|t:|1700093794\n|switch|p2a: Cinderace|Cinderace, F|100\/100\n|turn|17\n|\n|t:|1700093799\n|move|p2a: Cinderace|Weather Ball|p1a: Gengar\n|-start|p2a: Cinderace|typechange|Water|[from] ability: Libero\n|-crit|p1a: Gengar\n|-damage|p1a: Gengar|0 fnt\n|faint|p1a: Gengar\n|\n|-weather|RainDance|[upkeep]\n|upkeep\n|\n|t:|1700093807\n|switch|p1a: Iron Valiant|Iron Valiant|100\/100\n|-damage|p1a: Iron Valiant|94\/100|[from] Stealth Rock\n|-enditem|p1a: Iron Valiant|Booster Energy\n|-activate|p1a: Iron Valiant|ability: Quark Drive|[fromitem]\n|-start|p1a: Iron Valiant|quarkdrivespe\n|turn|18\n|\n|t:|1700093813\n|move|p1a: Iron Valiant|Calm Mind|p1a: Iron Valiant\n|-boost|p1a: Iron Valiant|spa|1\n|-boost|p1a: Iron Valiant|spd|1\n|move|p2a: Cinderace|Weather Ball|p1a: Iron Valiant\n|-damage|p1a: Iron Valiant|4\/100\n|\n|-weather|RainDance|[upkeep]\n|upkeep\n|turn|19\n|\n|t:|1700093820\n|move|p1a: Iron Valiant|Moonblast|p2a: Cinderace\n|-damage|p2a: Cinderace|7\/100\n|move|p2a: Cinderace|Weather Ball|p1a: Iron Valiant\n|-damage|p1a: Iron Valiant|0 fnt\n|faint|p1a: Iron Valiant\n|-end|p1a: Iron Valiant|Quark Drive|[silent]\n|\n|win|OkJuice100\n|raw|crownwrld's rating: 1371 &rarr; <strong>1347<\/strong><br \/>(-24 for losing)\n|raw|OkJuice100's rating: 1302 &rarr; <strong>1326<\/strong><br \/>(+24 for winning)\n","uploadtime":1700093824,"views":31,"p1id":"crownwrld","p2id":"okjuice100","formatid":"gen9ou","rating":1326,"private":0,"password":""}