{"id":"gen9ou-1992679649","p1":"Pedro lopesbr","p2":"D Gym Teacher","format":"[Gen 9] OU","log":"|j|\u2606Pedro lopesbr\n|j|\u2606D Gym Teacher\n|t:|1700224375\n|gametype|singles\n|player|p1|Pedro lopesbr|giovanni|1700\n|player|p2|D Gym Teacher|veteran|1931\n|teamsize|p1|6\n|teamsize|p2|6\n|gen|9\n|tier|[Gen 9] OU\n|rated|\n|rule|Sleep Clause Mod: Limit one foe put to sleep\n|rule|Species Clause: Limit one of each Pok\u00e9mon\n|rule|OHKO Clause: OHKO moves are banned\n|rule|Evasion Items Clause: Evasion items are banned\n|rule|Evasion Moves Clause: Evasion moves are banned\n|rule|Endless Battle Clause: Forcing endless battles is banned\n|rule|HP Percentage Mod: HP is shown in percentages\n|clearpoke\n|poke|p1|Great Tusk|\n|poke|p1|Corviknight, M|\n|poke|p1|Greninja-*, M|\n|poke|p1|Slowking-Galar, F|\n|poke|p1|Dragapult, M|\n|poke|p1|Cinderace, M|\n|poke|p2|Great Tusk|\n|poke|p2|Rillaboom, M|\n|poke|p2|Sneasler, F|\n|poke|p2|Samurott-Hisui, M|\n|poke|p2|Heatran, F|\n|poke|p2|Enamorus, F|\n|teampreview\n|j| GARF DID\n|\n|t:|1700224404\n|start\n|switch|p1a: Cinderace|Cinderace, M|100\/100\n|switch|p2a: Heatran|Heatran, F|100\/100\n|turn|1\n|j| drillthrill\n|\n|t:|1700224440\n|switch|p2a: Enamorus|Enamorus, F|100\/100\n|move|p1a: Cinderace|High Jump Kick|p2a: Enamorus\n|-start|p1a: Cinderace|typechange|Fighting|[from] ability: Libero\n|-resisted|p2a: Enamorus\n|-damage|p2a: Enamorus|77\/100\n|\n|upkeep\n|turn|2\n|\n|t:|1700224450\n|switch|p1a: Slowking|Slowking-Galar, F|100\/100\n|move|p2a: Enamorus|Moonblast|p1a: Slowking\n|-resisted|p1a: Slowking\n|-crit|p1a: Slowking\n|-damage|p1a: Slowking|82\/100\n|\n|upkeep\n|turn|3\n|\n|t:|1700224460\n|switch|p2a: Heatran|Heatran, F|100\/100\n|move|p1a: Slowking|Flamethrower|p2a: Heatran\n|-start|p2a: Heatran|ability: Flash Fire\n|\n|upkeep\n|turn|4\n|\n|t:|1700224471\n|move|p2a: Heatran|Magma Storm|p1a: Slowking\n|-crit|p1a: Slowking\n|-damage|p1a: Slowking|29\/100\n|-activate|p1a: Slowking|move: Magma Storm|[of] p2a: Heatran\n|move|p1a: Slowking|Surf|p2a: Heatran\n|-supereffective|p2a: Heatran\n|-damage|p2a: Heatran|51\/100\n|\n|-heal|p2a: Heatran|57\/100|[from] item: Leftovers\n|-damage|p1a: Slowking|17\/100|[from] move: Magma Storm|[partiallytrapped]\n|upkeep\n|turn|5\n|\n|t:|1700224477\n|move|p2a: Heatran|Earth Power|p1a: Slowking\n|-supereffective|p1a: Slowking\n|-damage|p1a: Slowking|0 fnt\n|faint|p1a: Slowking\n|\n|-heal|p2a: Heatran|63\/100|[from] item: Leftovers\n|upkeep\n|\n|t:|1700224488\n|switch|p1a: Great Tusk|Great Tusk|100\/100\n|turn|6\n|\n|t:|1700224499\n|-end|p2a: Heatran|ability: Flash Fire|[silent]\n|switch|p2a: Great Tusk|Great Tusk|100\/100\n|move|p1a: Great Tusk|Close Combat|p2a: Great Tusk\n|-damage|p2a: Great Tusk|55\/100\n|-unboost|p1a: Great Tusk|def|1\n|-unboost|p1a: Great Tusk|spd|1\n|\n|-heal|p2a: Great Tusk|61\/100|[from] item: Leftovers\n|upkeep\n|turn|7\n|\n|t:|1700224532\n|-end|p1a: Great Tusk|Protosynthesis|[silent]\n|switch|p1a: Corviknight|Corviknight, M|100\/100\n|-ability|p1a: Corviknight|Pressure\n|move|p2a: Great Tusk|Rapid Spin|p1a: Corviknight\n|-resisted|p1a: Corviknight\n|-damage|p1a: Corviknight|95\/100\n|-boost|p2a: Great Tusk|spe|1\n|-damage|p2a: Great Tusk|45\/100|[from] item: Rocky Helmet|[of] p1a: Corviknight\n|\n|-heal|p2a: Great Tusk|51\/100|[from] item: Leftovers\n|upkeep\n|turn|8\n|\n|t:|1700224542\n|move|p2a: Great Tusk|Knock Off|p1a: Corviknight\n|-damage|p1a: Corviknight|75\/100\n|-damage|p2a: Great Tusk|34\/100|[from] item: Rocky Helmet|[of] p1a: Corviknight\n|-enditem|p1a: Corviknight|Rocky Helmet|[from] move: Knock Off|[of] p2a: Great Tusk\n|move|p1a: Corviknight|Brave Bird|p2a: Great Tusk\n|-supereffective|p2a: Great Tusk\n|-damage|p2a: Great Tusk|0 fnt\n|faint|p2a: Great Tusk\n|-end|p2a: Great Tusk|Protosynthesis|[silent]\n|-damage|p1a: Corviknight|64\/100|[from] Recoil\n|\n|upkeep\n|\n|t:|1700224551\n|switch|p2a: Heatran|Heatran, F|63\/100\n|turn|9\n|\n|t:|1700224565\n|switch|p1a: Cinderace|Cinderace, M|100\/100\n|move|p2a: Heatran|Magma Storm|p1a: Cinderace|[miss]\n|-miss|p2a: Heatran|p1a: Cinderace\n|\n|-heal|p2a: Heatran|70\/100|[from] item: Leftovers\n|upkeep\n|turn|10\n|\n|t:|1700224606\n|switch|p2a: Enamorus|Enamorus, F|77\/100\n|move|p1a: Cinderace|U-turn|p2a: Enamorus\n|-start|p1a: Cinderace|typechange|Bug|[from] ability: Libero\n|-resisted|p2a: Enamorus\n|-damage|p2a: Enamorus|63\/100\n|\n|t:|1700224613\n|switch|p1a: Corviknight|Corviknight, M|64\/100|[from] U-turn\n|-ability|p1a: Corviknight|Pressure\n|\n|upkeep\n|turn|11\n|\n|t:|1700224622\n|move|p2a: Enamorus|Mystical Fire|p1a: Corviknight\n|-supereffective|p1a: Corviknight\n|-damage|p1a: Corviknight|9\/100\n|-unboost|p1a: Corviknight|spa|1\n|move|p1a: Corviknight|Roost|p1a: Corviknight\n|-heal|p1a: Corviknight|59\/100\n|-singleturn|p1a: Corviknight|move: Roost\n|\n|upkeep\n|turn|12\n|\n|t:|1700224629\n|switch|p2a: Heatran|Heatran, F|70\/100\n|switch|p1a: Cinderace|Cinderace, M|100\/100\n|\n|-heal|p2a: Heatran|76\/100|[from] item: Leftovers\n|upkeep\n|turn|13\n|\n|t:|1700224638\n|switch|p2a: Enamorus|Enamorus, F|63\/100\n|move|p1a: Cinderace|High Jump Kick|p2a: Enamorus\n|-start|p1a: Cinderace|typechange|Fighting|[from] ability: Libero\n|-resisted|p2a: Enamorus\n|-damage|p2a: Enamorus|38\/100\n|\n|upkeep\n|turn|14\n|j| mew852\n|\n|t:|1700224659\n|switch|p2a: Heatran|Heatran, F|76\/100\n|switch|p1a: Corviknight|Corviknight, M|59\/100\n|-ability|p1a: Corviknight|Pressure\n|\n|-heal|p2a: Heatran|82\/100|[from] item: Leftovers\n|upkeep\n|turn|15\n|\n|t:|1700224682\n|move|p2a: Heatran|Magma Storm|p1a: Corviknight\n|-supereffective|p1a: Corviknight\n|-damage|p1a: Corviknight|0 fnt\n|faint|p1a: Corviknight\n|\n|-heal|p2a: Heatran|88\/100|[from] item: Leftovers\n|upkeep\n|\n|t:|1700224689\n|switch|p1a: Great Tusk|Great Tusk|100\/100\n|turn|16\n|\n|t:|1700224713\n|move|p1a: Great Tusk|Close Combat|p2a: Heatran\n|-supereffective|p2a: Heatran\n|-damage|p2a: Heatran|0 fnt\n|-unboost|p1a: Great Tusk|def|1\n|-unboost|p1a: Great Tusk|spd|1\n|faint|p2a: Heatran\n|\n|upkeep\n|\n|t:|1700224719\n|switch|p2a: Enamorus|Enamorus, F|38\/100\n|turn|17\n|\n|t:|1700224727\n|-end|p1a: Great Tusk|Protosynthesis|[silent]\n|switch|p1a: Cinderace|Cinderace, M|100\/100\n|move|p2a: Enamorus|Moonblast|p1a: Cinderace\n|-resisted|p1a: Cinderace\n|-damage|p1a: Cinderace|64\/100\n|\n|upkeep\n|turn|18\n|j| Hakimausi\n|\n|t:|1700224764\n|move|p2a: Enamorus|Moonblast|p1a: Cinderace\n|-resisted|p1a: Cinderace\n|-damage|p1a: Cinderace|30\/100\n|move|p1a: Cinderace|Pyro Ball|p2a: Enamorus\n|-damage|p2a: Enamorus|0 fnt\n|faint|p2a: Enamorus\n|\n|upkeep\n|\n|t:|1700224783\n|switch|p2a: Samurott|Samurott-Hisui, M|100\/100\n|turn|19\n|\n|t:|1700224791\n|move|p2a: Samurott|Aqua Jet|p1a: Cinderace\n|-supereffective|p1a: Cinderace\n|-damage|p1a: Cinderace|0 fnt\n|faint|p1a: Cinderace\n|\n|upkeep\n|\n|t:|1700224797\n|switch|p1a: Dragapult|Dragapult, M|100\/100\n|turn|20\n|\n|t:|1700224805\n|move|p1a: Dragapult|U-turn|p2a: Samurott\n|-supereffective|p2a: Samurott\n|-damage|p2a: Samurott|63\/100\n|\n|t:|1700224809\n|switch|p1a: Great Tusk|Great Tusk|100\/100|[from] U-turn\n|move|p2a: Samurott|Ceaseless Edge|p1a: Great Tusk\n|-resisted|p1a: Great Tusk\n|-damage|p1a: Great Tusk|82\/100\n|-sidestart|p1: Pedro lopesbr|Spikes\n|\n|-heal|p1a: Great Tusk|88\/100|[from] item: Leftovers\n|upkeep\n|turn|21\n|\n|t:|1700224827\n|move|p2a: Samurott|Aqua Jet|p1a: Great Tusk\n|-supereffective|p1a: Great Tusk\n|-damage|p1a: Great Tusk|60\/100\n|move|p1a: Great Tusk|Close Combat|p2a: Samurott\n|-supereffective|p2a: Samurott\n|-damage|p2a: Samurott|0 fnt\n|-unboost|p1a: Great Tusk|def|1\n|-unboost|p1a: Great Tusk|spd|1\n|faint|p2a: Samurott\n|\n|-heal|p1a: Great Tusk|67\/100|[from] item: Leftovers\n|upkeep\n|\n|t:|1700224833\n|switch|p2a: Rillaboom|Rillaboom, M|100\/100\n|-fieldstart|move: Grassy Terrain|[from] ability: Grassy Surge|[of] p2a: Rillaboom\n|turn|22\n|j| OUVT Zamorakism\n|\n|t:|1700224847\n|move|p2a: Rillaboom|Grassy Glide|p1a: Great Tusk\n|-supereffective|p1a: Great Tusk\n|-damage|p1a: Great Tusk|0 fnt\n|faint|p1a: Great Tusk\n|-end|p1a: Great Tusk|Protosynthesis|[silent]\n|\n|upkeep\n|\n|t:|1700224851\n|switch|p1a: Dragapult|Dragapult, M|100\/100\n|-damage|p1a: Dragapult|88\/100|[from] Spikes\n|turn|23\n|\n|t:|1700224856\n|move|p2a: Rillaboom|Grassy Glide|p1a: Dragapult\n|-resisted|p1a: Dragapult\n|-damage|p1a: Dragapult|45\/100\n|move|p1a: Dragapult|Shadow Ball|p2a: Rillaboom\n|-damage|p2a: Rillaboom|33\/100\n|\n|-heal|p1a: Dragapult|51\/100|[from] Grassy Terrain\n|-heal|p2a: Rillaboom|40\/100|[from] Grassy Terrain\n|upkeep\n|turn|24\n|\n|t:|1700224865\n|-terastallize|p2a: Rillaboom|Grass\n|move|p2a: Rillaboom|Grassy Glide|p1a: Dragapult\n|-resisted|p1a: Dragapult\n|-damage|p1a: Dragapult|0 fnt\n|faint|p1a: Dragapult\n|\n|-heal|p2a: Rillaboom|46\/100|[from] Grassy Terrain\n|upkeep\n|j| xxdimixx\n|\n|t:|1700224869\n|switch|p1a: Greninja|Greninja, M|100\/100\n|-damage|p1a: Greninja|88\/100|[from] Spikes\n|turn|25\n|\n|t:|1700224871\n|-terastallize|p1a: Greninja|Water\n|move|p1a: Greninja|Water Shuriken|p2a: Rillaboom\n|-resisted|p2a: Rillaboom\n|-crit|p2a: Rillaboom\n|-damage|p2a: Rillaboom|35\/100\n|-resisted|p2a: Rillaboom\n|-damage|p2a: Rillaboom|27\/100\n|-resisted|p2a: Rillaboom\n|-damage|p2a: Rillaboom|19\/100\n|-hitcount|p2a: Rillaboom|3\n|-damage|p1a: Greninja|78\/100|[from] item: Life Orb\n|move|p2a: Rillaboom|Grassy Glide|p1a: Greninja\n|-supereffective|p1a: Greninja\n|-damage|p1a: Greninja|0 fnt\n|faint|p1a: Greninja\n|\n|win|D Gym Teacher\n|raw|Pedro lopesbr's rating: 1700 &rarr; <strong>1692<\/strong><br \/>(-8 for losing)\n|raw|D Gym Teacher's rating: 1931 &rarr; <strong>1939<\/strong><br \/>(+8 for winning)\n|l|\u2606Pedro lopesbr\n|l| GARF DID\n|l|\u2606D Gym Teacher\n|l| drillthrill\n|l| Hakimausi\n","uploadtime":1700225012,"views":12,"p1id":"pedrolopesbr","p2id":"dgymteacher","formatid":"gen9ou","rating":1692,"private":0,"password":""}