{"id":"gen9ou-1996617581","p1":"Aeziolu","p2":"DeepestButton","format":"[Gen 9] OU","log":"|j|\u2606Aeziolu\n|j|\u2606DeepestButton\n|t:|1700701167\n|gametype|singles\n|player|p1|Aeziolu|wally|\n|player|p2|DeepestButton|hiker-gen4|\n|teamsize|p1|6\n|teamsize|p2|6\n|gen|9\n|tier|[Gen 9] OU\n|rule|Sleep Clause Mod: Limit one foe put to sleep\n|rule|Species Clause: Limit one of each Pok\u00e9mon\n|rule|OHKO Clause: OHKO moves are banned\n|rule|Evasion Items Clause: Evasion items are banned\n|rule|Evasion Moves Clause: Evasion moves are banned\n|rule|Endless Battle Clause: Forcing endless battles is banned\n|rule|HP Percentage Mod: HP is shown in percentages\n|clearpoke\n|poke|p1|Kingambit, M|\n|poke|p1|Dragonite, F|\n|poke|p1|Gholdengo|\n|poke|p1|Ting-Lu|\n|poke|p1|Ogerpon-Wellspring, F|\n|poke|p1|Zapdos|\n|poke|p2|Garganacl, M|\n|poke|p2|Rillaboom, F|\n|poke|p2|Hatterene, F|\n|poke|p2|Gholdengo|\n|poke|p2|Great Tusk|\n|poke|p2|Walking Wake|\n|teampreview\n|\n|t:|1700701201\n|start\n|switch|p1a: Zapdos|Zapdos|100\/100\n|switch|p2a: Great Tusk|Great Tusk|100\/100\n|turn|1\n|\n|t:|1700701210\n|-end|p2a: Great Tusk|Protosynthesis|[silent]\n|switch|p2a: Garganacl|Garganacl, M|100\/100\n|move|p1a: Zapdos|Hurricane|p2a: Garganacl\n|-resisted|p2a: Garganacl\n|-damage|p2a: Garganacl|86\/100\n|\n|-heal|p2a: Garganacl|93\/100|[from] item: Leftovers\n|upkeep\n|turn|2\n|\n|t:|1700701219\n|move|p1a: Zapdos|Volt Switch|p2a: Garganacl\n|-damage|p2a: Garganacl|72\/100\n|\n|t:|1700701222\n|switch|p1a: Ting-Lu|Ting-Lu|100\/100|[from] Volt Switch\n|-ability|p1a: Ting-Lu|Vessel of Ruin\n|move|p2a: Garganacl|Iron Defense|p2a: Garganacl\n|-boost|p2a: Garganacl|def|2\n|\n|-heal|p2a: Garganacl|79\/100|[from] item: Leftovers\n|upkeep\n|turn|3\n|\n|t:|1700701229\n|switch|p1a: Gholdengo|Gholdengo|100\/100\n|-item|p1a: Gholdengo|Air Balloon\n|move|p2a: Garganacl|Salt Cure|p1a: Gholdengo\n|-resisted|p1a: Gholdengo\n|-damage|p1a: Gholdengo|95\/100\n|-start|p1a: Gholdengo|Salt Cure\n|-enditem|p1a: Gholdengo|Air Balloon\n|\n|-heal|p2a: Garganacl|85\/100|[from] item: Leftovers\n|-damage|p1a: Gholdengo|71\/100|[from] Salt Cure\n|upkeep\n|turn|4\n|\n|t:|1700701259\n|-terastallize|p2a: Garganacl|Ghost\n|move|p1a: Gholdengo|Make It Rain|p2a: Garganacl\n|-damage|p2a: Garganacl|48\/100\n|-unboost|p1a: Gholdengo|spa|1\n|move|p2a: Garganacl|Recover|p2a: Garganacl\n|-heal|p2a: Garganacl|98\/100\n|\n|-heal|p2a: Garganacl|100\/100|[from] item: Leftovers\n|-damage|p1a: Gholdengo|46\/100|[from] Salt Cure\n|upkeep\n|turn|5\n|\n|t:|1700701268\n|switch|p1a: Ting-Lu|Ting-Lu|100\/100\n|-ability|p1a: Ting-Lu|Vessel of Ruin\n|move|p2a: Garganacl|Iron Defense|p2a: Garganacl\n|-boost|p2a: Garganacl|def|2\n|\n|upkeep\n|turn|6\n|\n|t:|1700701273\n|-terastallize|p1a: Ting-Lu|Poison\n|move|p2a: Garganacl|Body Press|p1a: Ting-Lu\n|-resisted|p1a: Ting-Lu\n|-damage|p1a: Ting-Lu|81\/100\n|move|p1a: Ting-Lu|Whirlwind|p2a: Garganacl\n|drag|p2a: Walking Wake|Walking Wake|100\/100\n|-enditem|p2a: Walking Wake|Booster Energy\n|-activate|p2a: Walking Wake|ability: Protosynthesis|[fromitem]\n|-start|p2a: Walking Wake|protosynthesisspe\n|\n|-heal|p1a: Ting-Lu|87\/100|[from] item: Leftovers\n|upkeep\n|turn|7\n|\n|t:|1700701282\n|move|p2a: Walking Wake|Scald|p1a: Ting-Lu\n|-damage|p1a: Ting-Lu|70\/100\n|move|p1a: Ting-Lu|Stealth Rock|p2a: Walking Wake\n|-sidestart|p2: DeepestButton|move: Stealth Rock\n|\n|-heal|p1a: Ting-Lu|76\/100|[from] item: Leftovers\n|upkeep\n|turn|8\n|\n|t:|1700701288\n|move|p2a: Walking Wake|Scald|p1a: Ting-Lu\n|-damage|p1a: Ting-Lu|58\/100\n|move|p1a: Ting-Lu|Spikes|p2a: Walking Wake\n|-sidestart|p2: DeepestButton|Spikes\n|\n|-heal|p1a: Ting-Lu|65\/100|[from] item: Leftovers\n|upkeep\n|turn|9\n|\n|t:|1700701298\n|move|p2a: Walking Wake|Scald|p1a: Ting-Lu\n|-damage|p1a: Ting-Lu|47\/100\n|move|p1a: Ting-Lu|Whirlwind|p2a: Walking Wake\n|-end|p2a: Walking Wake|Protosynthesis|[silent]\n|drag|p2a: Rillaboom|Rillaboom, F|100\/100\n|-damage|p2a: Rillaboom|88\/100|[from] Stealth Rock\n|-damage|p2a: Rillaboom|76\/100|[from] Spikes\n|-fieldstart|move: Grassy Terrain|[from] ability: Grassy Surge|[of] p2a: Rillaboom\n|\n|-heal|p2a: Rillaboom|82\/100|[from] Grassy Terrain\n|-heal|p1a: Ting-Lu|53\/100|[from] Grassy Terrain\n|-heal|p1a: Ting-Lu|59\/100|[from] item: Leftovers\n|upkeep\n|turn|10\n|\n|t:|1700701310\n|move|p2a: Rillaboom|Knock Off|p1a: Ting-Lu\n|-damage|p1a: Ting-Lu|30\/100\n|-enditem|p1a: Ting-Lu|Leftovers|[from] move: Knock Off|[of] p2a: Rillaboom\n|move|p1a: Ting-Lu|Spikes|p2a: Rillaboom\n|-sidestart|p2: DeepestButton|Spikes\n|\n|-heal|p2a: Rillaboom|88\/100|[from] Grassy Terrain\n|-heal|p1a: Ting-Lu|37\/100|[from] Grassy Terrain\n|upkeep\n|turn|11\n|\n|t:|1700701315\n|switch|p2a: Hatterene|Hatterene, F|100\/100\n|-damage|p2a: Hatterene|88\/100|[from] Stealth Rock\n|-damage|p2a: Hatterene|72\/100|[from] Spikes\n|move|p1a: Ting-Lu|Spikes|p2a: Hatterene\n|move|p2a: Hatterene|Spikes|p1a: Ting-Lu|[from]ability: Magic Bounce\n|-sidestart|p1: Aeziolu|Spikes\n|\n|-heal|p1a: Ting-Lu|43\/100|[from] Grassy Terrain\n|-heal|p2a: Hatterene|78\/100|[from] Grassy Terrain\n|-heal|p2a: Hatterene|84\/100|[from] item: Leftovers\n|upkeep\n|turn|12\n|\n|t:|1700701325\n|switch|p1a: Zapdos|Zapdos|100\/100\n|move|p2a: Hatterene|Nuzzle|p1a: Zapdos\n|-damage|p1a: Zapdos|97\/100\n|\n|-heal|p2a: Hatterene|90\/100|[from] Grassy Terrain\n|-heal|p2a: Hatterene|96\/100|[from] item: Leftovers\n|upkeep\n|turn|13\n|\n|t:|1700701343\n|move|p1a: Zapdos|Hurricane|p2a: Hatterene\n|-damage|p2a: Hatterene|45\/100\n|move|p2a: Hatterene|Psychic|p1a: Zapdos\n|-crit|p1a: Zapdos\n|-damage|p1a: Zapdos|21\/100\n|-unboost|p1a: Zapdos|spd|1\n|\n|-heal|p2a: Hatterene|51\/100|[from] Grassy Terrain\n|-heal|p2a: Hatterene|57\/100|[from] item: Leftovers\n|-fieldend|move: Grassy Terrain\n|upkeep\n|turn|14\n|\n|t:|1700701361\n|move|p1a: Zapdos|Volt Switch|p2a: Hatterene\n|-damage|p2a: Hatterene|24\/100\n|\n|t:|1700701362\n|switch|p1a: Kingambit|Kingambit, M|100\/100|[from] Volt Switch\n|-damage|p1a: Kingambit|88\/100|[from] Spikes\n|move|p2a: Hatterene|Draining Kiss|p1a: Kingambit\n|-damage|p1a: Kingambit|53\/100\n|-heal|p2a: Hatterene|53\/100|[from] drain|[of] p1a: Kingambit\n|\n|-heal|p2a: Hatterene|59\/100|[from] item: Leftovers\n|upkeep\n|turn|15\n|\n|t:|1700701395\n|switch|p2a: Gholdengo|Gholdengo|100\/100\n|-damage|p2a: Gholdengo|94\/100|[from] Stealth Rock\n|-item|p2a: Gholdengo|Air Balloon\n|move|p1a: Kingambit|Iron Head|p2a: Gholdengo\n|-resisted|p2a: Gholdengo\n|-damage|p2a: Gholdengo|80\/100\n|-enditem|p2a: Gholdengo|Air Balloon\n|\n|upkeep\n|turn|16\n|\n|t:|1700701409\n|-end|p1a: Kingambit|fallenundefined|[silent]\n|switch|p1a: Ogerpon|Ogerpon-Wellspring, F|100\/100\n|-damage|p1a: Ogerpon|88\/100|[from] Spikes\n|move|p2a: Gholdengo|Thunder Wave|p1a: Ogerpon|[miss]\n|-miss|p2a: Gholdengo|p1a: Ogerpon\n|\n|upkeep\n|turn|17\n|\n|t:|1700701421\n|move|p1a: Ogerpon|Ivy Cudgel|p2a: Gholdengo|[anim] Ivy Cudgel Water\n|-damage|p2a: Gholdengo|43\/100\n|move|p2a: Gholdengo|Thunder Wave|p1a: Ogerpon\n|-status|p1a: Ogerpon|par\n|\n|upkeep\n|turn|18\n|\n|t:|1700701427\n|move|p2a: Gholdengo|Recover|p2a: Gholdengo\n|-heal|p2a: Gholdengo|93\/100\n|cant|p1a: Ogerpon|par\n|\n|upkeep\n|turn|19\n|\n|t:|1700701431\n|move|p2a: Gholdengo|Hex|p1a: Ogerpon\n|-damage|p1a: Ogerpon|18\/100 par\n|move|p1a: Ogerpon|U-turn|p2a: Gholdengo\n|-resisted|p2a: Gholdengo\n|-damage|p2a: Gholdengo|88\/100\n|\n|t:|1700701437\n|switch|p1a: Zapdos|Zapdos|21\/100|[from] U-turn\n|\n|upkeep\n|turn|20\n|\n|t:|1700701462\n|move|p1a: Zapdos|Roost|p1a: Zapdos\n|-heal|p1a: Zapdos|71\/100\n|-singleturn|p1a: Zapdos|move: Roost\n|move|p2a: Gholdengo|Hex|p1a: Zapdos\n|-damage|p1a: Zapdos|45\/100\n|\n|upkeep\n|turn|21\n|\n|t:|1700701477\n|switch|p2a: Garganacl|Garganacl, M, tera:Ghost|100\/100\n|-damage|p2a: Garganacl|88\/100|[from] Stealth Rock\n|-damage|p2a: Garganacl|71\/100|[from] Spikes\n|move|p1a: Zapdos|Roost|p1a: Zapdos\n|-heal|p1a: Zapdos|95\/100\n|-singleturn|p1a: Zapdos|move: Roost\n|\n|-heal|p2a: Garganacl|78\/100|[from] item: Leftovers\n|upkeep\n|turn|22\n|\n|t:|1700701486\n|move|p1a: Zapdos|Hurricane|p2a: Garganacl|[miss]\n|-miss|p1a: Zapdos|p2a: Garganacl\n|move|p2a: Garganacl|Salt Cure|p1a: Zapdos\n|-supereffective|p1a: Zapdos\n|-damage|p1a: Zapdos|70\/100\n|-start|p1a: Zapdos|Salt Cure\n|\n|-heal|p2a: Garganacl|84\/100|[from] item: Leftovers\n|-damage|p1a: Zapdos|58\/100|[from] Salt Cure\n|upkeep\n|turn|23\n|\n|t:|1700701498\n|move|p1a: Zapdos|Hurricane|p2a: Garganacl|[miss]\n|-miss|p1a: Zapdos|p2a: Garganacl\n|move|p2a: Garganacl|Recover|p2a: Garganacl\n|-heal|p2a: Garganacl|100\/100\n|\n|-damage|p1a: Zapdos|45\/100|[from] Salt Cure\n|upkeep\n|turn|24\n|\n|t:|1700701502\n|move|p1a: Zapdos|Hurricane|p2a: Garganacl\n|-damage|p2a: Garganacl|71\/100\n|move|p2a: Garganacl|Iron Defense|p2a: Garganacl\n|-boost|p2a: Garganacl|def|2\n|\n|-heal|p2a: Garganacl|78\/100|[from] item: Leftovers\n|-damage|p1a: Zapdos|33\/100|[from] Salt Cure\n|upkeep\n|turn|25\n|\n|t:|1700701513\n|move|p1a: Zapdos|Volt Switch|p2a: Garganacl\n|-damage|p2a: Garganacl|60\/100\n|\n|t:|1700701516\n|switch|p1a: Ogerpon|Ogerpon-Wellspring, F|18\/100 par|[from] Volt Switch\n|-damage|p1a: Ogerpon|6\/100 par|[from] Spikes\n|move|p2a: Garganacl|Recover|p2a: Garganacl\n|-heal|p2a: Garganacl|100\/100\n|\n|upkeep\n|turn|26\n|\n|t:|1700701524\n|move|p1a: Ogerpon|Ivy Cudgel|p2a: Garganacl|[anim] Ivy Cudgel Water\n|-damage|p2a: Garganacl|81\/100\n|move|p2a: Garganacl|Body Press|p1a: Ogerpon\n|-damage|p1a: Ogerpon|0 fnt\n|faint|p1a: Ogerpon\n|\n|-heal|p2a: Garganacl|87\/100|[from] item: Leftovers\n|upkeep\n|\n|t:|1700701539\n|switch|p1a: Gholdengo|Gholdengo|46\/100\n|-damage|p1a: Gholdengo|33\/100|[from] Spikes\n|turn|27\n|\n|t:|1700701546\n|move|p1a: Gholdengo|Recover|p1a: Gholdengo\n|-heal|p1a: Gholdengo|83\/100\n|move|p2a: Garganacl|Recover|p2a: Garganacl\n|-heal|p2a: Garganacl|100\/100\n|\n|upkeep\n|turn|28\n|\n|t:|1700701549\n|move|p1a: Gholdengo|Nasty Plot|p1a: Gholdengo\n|-boost|p1a: Gholdengo|spa|2\n|move|p2a: Garganacl|Salt Cure|p1a: Gholdengo\n|-resisted|p1a: Gholdengo\n|-damage|p1a: Gholdengo|79\/100\n|-start|p1a: Gholdengo|Salt Cure\n|\n|-damage|p1a: Gholdengo|54\/100|[from] Salt Cure\n|upkeep\n|turn|29\n|\n|t:|1700701561\n|move|p1a: Gholdengo|Recover|p1a: Gholdengo\n|-heal|p1a: Gholdengo|100\/100\n|move|p2a: Garganacl|Recover||[still]\n|-fail|p2a: Garganacl|heal\n|\n|-damage|p1a: Gholdengo|76\/100|[from] Salt Cure\n|upkeep\n|turn|30\n|\n|t:|1700701574\n|switch|p2a: Walking Wake|Walking Wake|100\/100\n|-damage|p2a: Walking Wake|88\/100|[from] Stealth Rock\n|-damage|p2a: Walking Wake|72\/100|[from] Spikes\n|move|p1a: Gholdengo|Shadow Ball|p2a: Walking Wake\n|-damage|p2a: Walking Wake|0 fnt\n|faint|p2a: Walking Wake\n|-end|p2a: Walking Wake|Protosynthesis|[silent]\n|\n|-damage|p1a: Gholdengo|51\/100|[from] Salt Cure\n|upkeep\n|\n|t:|1700701598\n|switch|p2a: Rillaboom|Rillaboom, F|88\/100\n|-damage|p2a: Rillaboom|76\/100|[from] Stealth Rock\n|-damage|p2a: Rillaboom|59\/100|[from] Spikes\n|-fieldstart|move: Grassy Terrain|[from] ability: Grassy Surge|[of] p2a: Rillaboom\n|turn|31\n|\n|t:|1700701602\n|switch|p1a: Zapdos|Zapdos|33\/100\n|move|p2a: Rillaboom|Grassy Glide|p1a: Zapdos\n|-resisted|p1a: Zapdos\n|-damage|p1a: Zapdos|6\/100\n|\n|-heal|p2a: Rillaboom|66\/100|[from] Grassy Terrain\n|upkeep\n|turn|32\n|\n|t:|1700701611\n|move|p2a: Rillaboom|Grassy Glide|p1a: Zapdos\n|-resisted|p1a: Zapdos\n|-damage|p1a: Zapdos|0 fnt\n|faint|p1a: Zapdos\n|\n|-heal|p2a: Rillaboom|72\/100|[from] Grassy Terrain\n|upkeep\n|\n|t:|1700701614\n|switch|p1a: Dragonite|Dragonite, F|100\/100\n|turn|33\n|\n|t:|1700701619\n|switch|p2a: Garganacl|Garganacl, M, tera:Ghost|100\/100\n|-damage|p2a: Garganacl|88\/100|[from] Stealth Rock\n|-damage|p2a: Garganacl|71\/100|[from] Spikes\n|move|p1a: Dragonite|Dragon Dance|p1a: Dragonite\n|-boost|p1a: Dragonite|atk|1\n|-boost|p1a: Dragonite|spe|1\n|\n|-heal|p2a: Garganacl|78\/100|[from] Grassy Terrain\n|-heal|p2a: Garganacl|84\/100|[from] item: Leftovers\n|upkeep\n|turn|34\n|\n|t:|1700701628\n|switch|p1a: Kingambit|Kingambit, M|53\/100\n|-damage|p1a: Kingambit|40\/100|[from] Spikes\n|-activate|p1a: Kingambit|ability: Supreme Overlord\n|-start|p1a: Kingambit|fallen2|[silent]\n|move|p2a: Garganacl|Iron Defense|p2a: Garganacl\n|-boost|p2a: Garganacl|def|2\n|\n|-heal|p1a: Kingambit|47\/100|[from] Grassy Terrain\n|-heal|p2a: Garganacl|90\/100|[from] Grassy Terrain\n|-heal|p2a: Garganacl|96\/100|[from] item: Leftovers\n|upkeep\n|turn|35\n|\n|t:|1700701643\n|move|p1a: Kingambit|Swords Dance|p1a: Kingambit\n|-boost|p1a: Kingambit|atk|2\n|move|p2a: Garganacl|Salt Cure|p1a: Kingambit\n|-resisted|p1a: Kingambit\n|-damage|p1a: Kingambit|41\/100\n|-start|p1a: Kingambit|Salt Cure\n|\n|-heal|p1a: Kingambit|47\/100|[from] Grassy Terrain\n|-heal|p2a: Garganacl|100\/100|[from] Grassy Terrain\n|-damage|p1a: Kingambit|22\/100|[from] Salt Cure\n|-fieldend|move: Grassy Terrain\n|upkeep\n|turn|36\n|\n|t:|1700701656\n|move|p1a: Kingambit|Kowtow Cleave|p2a: Garganacl\n|-supereffective|p2a: Garganacl\n|-damage|p2a: Garganacl|2\/100\n|move|p2a: Garganacl|Recover|p2a: Garganacl\n|-heal|p2a: Garganacl|52\/100\n|\n|-heal|p2a: Garganacl|58\/100|[from] item: Leftovers\n|-damage|p1a: Kingambit|0 fnt|[from] Salt Cure\n|faint|p1a: Kingambit\n|-end|p1a: Kingambit|fallen2|[silent]\n|upkeep\n|\n|t:|1700701663\n|switch|p1a: Gholdengo|Gholdengo|51\/100\n|-damage|p1a: Gholdengo|38\/100|[from] Spikes\n|turn|37\n|\n|t:|1700701668\n|move|p1a: Gholdengo|Recover|p1a: Gholdengo\n|-heal|p1a: Gholdengo|88\/100\n|move|p2a: Garganacl|Salt Cure|p1a: Gholdengo\n|-resisted|p1a: Gholdengo\n|-damage|p1a: Gholdengo|84\/100\n|-start|p1a: Gholdengo|Salt Cure\n|\n|-heal|p2a: Garganacl|64\/100|[from] item: Leftovers\n|-damage|p1a: Gholdengo|59\/100|[from] Salt Cure\n|upkeep\n|turn|38\n|\n|t:|1700701698\n|switch|p2a: Hatterene|Hatterene, F|59\/100\n|-damage|p2a: Hatterene|47\/100|[from] Stealth Rock\n|-damage|p2a: Hatterene|30\/100|[from] Spikes\n|move|p1a: Gholdengo|Recover|p1a: Gholdengo\n|-heal|p1a: Gholdengo|100\/100\n|\n|-heal|p2a: Hatterene|36\/100|[from] item: Leftovers\n|-damage|p1a: Gholdengo|76\/100|[from] Salt Cure\n|upkeep\n|turn|39\n|\n|t:|1700701705\n|switch|p1a: Ting-Lu|Ting-Lu, tera:Poison|43\/100\n|-damage|p1a: Ting-Lu|30\/100|[from] Spikes\n|-ability|p1a: Ting-Lu|Vessel of Ruin\n|move|p2a: Hatterene|Mystical Fire|p1a: Ting-Lu\n|-damage|p1a: Ting-Lu|18\/100\n|-unboost|p1a: Ting-Lu|spa|1\n|\n|-heal|p2a: Hatterene|42\/100|[from] item: Leftovers\n|upkeep\n|turn|40\n|\n|t:|1700701717\n|move|p1a: Ting-Lu|Earthquake|p2a: Hatterene\n|-damage|p2a: Hatterene|3\/100\n|move|p2a: Hatterene|Nuzzle|p1a: Ting-Lu\n|-damage|p1a: Ting-Lu|16\/100\n|-status|p1a: Ting-Lu|par\n|\n|-heal|p2a: Hatterene|9\/100|[from] item: Leftovers\n|upkeep\n|turn|41\n|\n|t:|1700701722\n|move|p2a: Hatterene|Psychic|p1a: Ting-Lu\n|-supereffective|p1a: Ting-Lu\n|-damage|p1a: Ting-Lu|0 fnt\n|faint|p1a: Ting-Lu\n|\n|-heal|p2a: Hatterene|15\/100|[from] item: Leftovers\n|upkeep\n|\n|t:|1700701738\n|switch|p1a: Gholdengo|Gholdengo|76\/100\n|-damage|p1a: Gholdengo|63\/100|[from] Spikes\n|turn|42\n|\n|t:|1700701744\n|move|p1a: Gholdengo|Shadow Ball|p2a: Hatterene\n|-supereffective|p2a: Hatterene\n|-damage|p2a: Hatterene|0 fnt\n|faint|p2a: Hatterene\n|\n|upkeep\n|\n|t:|1700701755\n|switch|p2a: Great Tusk|Great Tusk|100\/100\n|-damage|p2a: Great Tusk|97\/100|[from] Stealth Rock\n|-damage|p2a: Great Tusk|81\/100|[from] Spikes\n|turn|43\n|\n|t:|1700701765\n|move|p1a: Gholdengo|Recover|p1a: Gholdengo\n|-heal|p1a: Gholdengo|100\/100\n|move|p2a: Great Tusk|Knock Off|p1a: Gholdengo\n|-supereffective|p1a: Gholdengo\n|-damage|p1a: Gholdengo|76\/100\n|\n|-heal|p2a: Great Tusk|87\/100|[from] item: Leftovers\n|upkeep\n|turn|44\n|\n|t:|1700701776\n|move|p1a: Gholdengo|Nasty Plot|p1a: Gholdengo\n|-boost|p1a: Gholdengo|spa|2\n|move|p2a: Great Tusk|Stealth Rock|p1a: Gholdengo\n|-sidestart|p1: Aeziolu|move: Stealth Rock\n|\n|-heal|p2a: Great Tusk|93\/100|[from] item: Leftovers\n|upkeep\n|turn|45\n|\n|t:|1700701781\n|move|p1a: Gholdengo|Shadow Ball|p2a: Great Tusk\n|-damage|p2a: Great Tusk|0 fnt\n|faint|p2a: Great Tusk\n|-end|p2a: Great Tusk|Protosynthesis|[silent]\n|\n|upkeep\n|\n|t:|1700701786\n|switch|p2a: Rillaboom|Rillaboom, F|72\/100\n|-damage|p2a: Rillaboom|59\/100|[from] Stealth Rock\n|-damage|p2a: Rillaboom|43\/100|[from] Spikes\n|-fieldstart|move: Grassy Terrain|[from] ability: Grassy Surge|[of] p2a: Rillaboom\n|turn|46\n|\n|t:|1700701802\n|move|p2a: Rillaboom|Wood Hammer|p1a: Gholdengo\n|-resisted|p1a: Gholdengo\n|-damage|p1a: Gholdengo|31\/100\n|-damage|p2a: Rillaboom|27\/100|[from] Recoil\n|move|p1a: Gholdengo|Recover|p1a: Gholdengo\n|-heal|p1a: Gholdengo|81\/100\n|\n|-heal|p2a: Rillaboom|33\/100|[from] Grassy Terrain\n|-heal|p1a: Gholdengo|88\/100|[from] Grassy Terrain\n|upkeep\n|turn|47\n|\n|t:|1700701809\n|move|p2a: Rillaboom|Wood Hammer|p1a: Gholdengo\n|-resisted|p1a: Gholdengo\n|-damage|p1a: Gholdengo|41\/100\n|-damage|p2a: Rillaboom|16\/100|[from] Recoil\n|move|p1a: Gholdengo|Shadow Ball|p2a: Rillaboom\n|-damage|p2a: Rillaboom|0 fnt\n|faint|p2a: Rillaboom\n|\n|-heal|p1a: Gholdengo|47\/100|[from] Grassy Terrain\n|upkeep\n|\n|t:|1700701817\n|switch|p2a: Garganacl|Garganacl, M, tera:Ghost|64\/100\n|-damage|p2a: Garganacl|52\/100|[from] Stealth Rock\n|-damage|p2a: Garganacl|35\/100|[from] Spikes\n|turn|48\n|\n|t:|1700701822\n|move|p1a: Gholdengo|Shadow Ball|p2a: Garganacl\n|-supereffective|p2a: Garganacl\n|-damage|p2a: Garganacl|0 fnt\n|faint|p2a: Garganacl\n|\n|-heal|p1a: Gholdengo|53\/100|[from] Grassy Terrain\n|upkeep\n|\n|t:|1700701824\n|switch|p2a: Gholdengo|Gholdengo|88\/100\n|-damage|p2a: Gholdengo|82\/100|[from] Stealth Rock\n|-damage|p2a: Gholdengo|66\/100|[from] Spikes\n|turn|49\n|\n|t:|1700701829\n|move|p1a: Gholdengo|Shadow Ball|p2a: Gholdengo\n|-supereffective|p2a: Gholdengo\n|-crit|p2a: Gholdengo\n|-damage|p2a: Gholdengo|0 fnt\n|faint|p2a: Gholdengo\n|\n|win|Aeziolu\n|l|\u2606DeepestButton\n","uploadtime":1700701881,"views":8,"p1id":"aeziolu","p2id":"deepestbutton","formatid":"gen9ou","rating":0,"private":0,"password":""}