{"id":"gen9ou-1991236566","p1":"Trivago77","p2":"littensalt","format":"[Gen 9] OU","log":"|j|\u2606Trivago77\n|j|\u2606littensalt\n|t:|1700060007\n|gametype|singles\n|player|p1|Trivago77|169|1431\n|player|p2|littensalt|calem|1356\n|teamsize|p1|6\n|teamsize|p2|6\n|gen|9\n|tier|[Gen 9] OU\n|rated|\n|rule|Sleep Clause Mod: Limit one foe put to sleep\n|rule|Species Clause: Limit one of each Pok\u00e9mon\n|rule|OHKO Clause: OHKO moves are banned\n|rule|Evasion Items Clause: Evasion items are banned\n|rule|Evasion Moves Clause: Evasion moves are banned\n|rule|Endless Battle Clause: Forcing endless battles is banned\n|rule|HP Percentage Mod: HP is shown in percentages\n|clearpoke\n|poke|p1|Empoleon, M|\n|poke|p1|Garchomp, M|\n|poke|p1|Iron Moth|\n|poke|p1|Ninetales-Alola, F|\n|poke|p1|Breloom, F|\n|poke|p1|Scizor, F|\n|poke|p2|Thundurus-Therian, M|\n|poke|p2|Weezing-Galar, F|\n|poke|p2|Cinderace, M|\n|poke|p2|Dragapult, M|\n|poke|p2|Greninja-*, M|\n|poke|p2|Zamazenta-*|\n|teampreview\n|inactive|Battle timer is ON: inactive players will automatically lose when time's up. (requested by Trivago77)\n|\n|t:|1700060019\n|start\n|switch|p1a: Empoleon|Empoleon, M, shiny|100\/100\n|switch|p2a: 5g|Thundurus-Therian, M, shiny|100\/100\n|turn|1\n|\n|t:|1700060025\n|move|p2a: 5g|Volt Switch|p1a: Empoleon\n|-supereffective|p1a: Empoleon\n|-damage|p1a: Empoleon|0 fnt\n|faint|p1a: Empoleon\n|\n|t:|1700060031\n|switch|p2a: FRANCHISE|Cinderace, M|100\/100|[from] Volt Switch\n|\n|upkeep\n|c|\u2606Trivago77|Specs?\n|\n|t:|1700060040\n|switch|p1a: Garchomp|Garchomp, M, shiny|100\/100\n|turn|2\n|\n|t:|1700060045\n|move|p2a: FRANCHISE|U-turn|p1a: Garchomp\n|-start|p2a: FRANCHISE|typechange|Bug|[from] ability: Libero\n|-damage|p1a: Garchomp|67\/100\n|-damage|p2a: FRANCHISE|88\/100|[from] ability: Rough Skin|[of] p1a: Garchomp\n|\n|t:|1700060049\n|switch|p2a: 5g|Thundurus-Therian, M, shiny|100\/100|[from] U-turn\n|move|p1a: Garchomp|Earthquake|p2a: 5g\n|-immune|p2a: 5g\n|\n|upkeep\n|turn|3\n|\n|t:|1700060055\n|switch|p2a: wheezy outta here|Weezing-Galar, F, shiny|100\/100\n|-ability|p2a: wheezy outta here|Neutralizing Gas\n|move|p1a: Garchomp|Scale Shot|p2a: wheezy outta here\n|-immune|p2a: wheezy outta here\n|\n|upkeep\n|turn|4\n|\n|t:|1700060062\n|move|p1a: Garchomp|Earthquake|p2a: wheezy outta here\n|-supereffective|p2a: wheezy outta here\n|-damage|p2a: wheezy outta here|28\/100\n|move|p2a: wheezy outta here|Will-O-Wisp|p1a: Garchomp|[miss]\n|-miss|p2a: wheezy outta here|p1a: Garchomp\n|\n|upkeep\n|turn|5\n|\n|t:|1700060068\n|-end|p2a: wheezy outta here|ability: Neutralizing Gas\n|switch|p2a: 5g|Thundurus-Therian, M, shiny|100\/100\n|move|p1a: Garchomp|Earthquake|p2a: 5g\n|-immune|p2a: 5g\n|\n|upkeep\n|turn|6\n|\n|t:|1700060076\n|move|p1a: Garchomp|Scale Shot|p2a: 5g\n|-damage|p2a: 5g|79\/100\n|-crit|p2a: 5g\n|-damage|p2a: 5g|43\/100\n|-damage|p2a: 5g|22\/100\n|-damage|p2a: 5g|0 fnt\n|faint|p2a: 5g\n|-hitcount|p2: 5g|4\n|-unboost|p1a: Garchomp|def|1\n|-boost|p1a: Garchomp|spe|1\n|\n|upkeep\n|\n|t:|1700060081\n|switch|p2a: FRANCHISE|Cinderace, M|88\/100\n|turn|7\n|\n|t:|1700060090\n|move|p2a: FRANCHISE|Sucker Punch|p1a: Garchomp\n|-start|p2a: FRANCHISE|typechange|Dark|[from] ability: Libero\n|-damage|p1a: Garchomp|13\/100\n|-damage|p2a: FRANCHISE|76\/100|[from] ability: Rough Skin|[of] p1a: Garchomp\n|move|p1a: Garchomp|Earthquake|p2a: FRANCHISE\n|-damage|p2a: FRANCHISE|0 fnt\n|faint|p2a: FRANCHISE\n|\n|upkeep\n|\n|t:|1700060093\n|switch|p2a: N95|Greninja, M|100\/100\n|turn|8\n|\n|t:|1700060102\n|move|p2a: N95|Water Shuriken|p1a: Garchomp\n|-damage|p1a: Garchomp|3\/100\n|-damage|p1a: Garchomp|0 fnt\n|faint|p1a: Garchomp\n|-ability|p2a: N95|Battle Bond|boost\n|-boost|p2a: N95|atk|1\n|-boost|p2a: N95|spa|1\n|-boost|p2a: N95|spe|1\n|-activate|p2a: N95|ability: Battle Bond\n|-hitcount|p1: Garchomp|2\n|-damage|p2a: N95|91\/100|[from] item: Life Orb\n|\n|upkeep\n|\n|t:|1700060106\n|switch|p1a: Breloom|Breloom, F, shiny|100\/100\n|turn|9\n|c|\u2606littensalt|yeah its specs btw\n|\n|t:|1700060122\n|switch|p2a: wheezy outta here|Weezing-Galar, F, shiny|28\/100\n|-ability|p2a: wheezy outta here|Neutralizing Gas\n|move|p1a: Breloom|Spore|p2a: wheezy outta here\n|-status|p2a: wheezy outta here|slp|[from] move: Spore\n|\n|upkeep\n|turn|10\n|\n|t:|1700060130\n|-end|p2a: wheezy outta here|ability: Neutralizing Gas\n|switch|p2a: KIDS SEE GHOST|Dragapult, M, shiny|100\/100\n|move|p1a: Breloom|Swords Dance|p1a: Breloom\n|-boost|p1a: Breloom|atk|2\n|\n|upkeep\n|turn|11\n|\n|t:|1700060138\n|move|p2a: KIDS SEE GHOST|Shadow Ball|p1a: Breloom\n|-damage|p1a: Breloom|4\/100\n|move|p1a: Breloom|Bullet Seed|p2a: KIDS SEE GHOST\n|-resisted|p2a: KIDS SEE GHOST\n|-damage|p2a: KIDS SEE GHOST|75\/100\n|-resisted|p2a: KIDS SEE GHOST\n|-crit|p2a: KIDS SEE GHOST\n|-damage|p2a: KIDS SEE GHOST|33\/100\n|-hitcount|p2a: KIDS SEE GHOST|2\n|\n|upkeep\n|turn|12\n|\n|t:|1700060147\n|move|p2a: KIDS SEE GHOST|Shadow Ball|p1a: Breloom\n|-damage|p1a: Breloom|0 fnt\n|faint|p1a: Breloom\n|\n|upkeep\n|\n|t:|1700060150\n|switch|p1a: Scizor|Scizor, F, shiny|100\/100\n|turn|13\n|\n|t:|1700060157\n|switch|p2a: wheezy outta here|Weezing-Galar, F, shiny|28\/100 slp\n|-ability|p2a: wheezy outta here|Neutralizing Gas\n|move|p1a: Scizor|Bullet Punch|p2a: wheezy outta here\n|-supereffective|p2a: wheezy outta here\n|-damage|p2a: wheezy outta here|0 fnt\n|-damage|p1a: Scizor|84\/100|[from] item: Rocky Helmet|[of] p2a: wheezy outta here\n|faint|p2a: wheezy outta here\n|-end|p2a: wheezy outta here|ability: Neutralizing Gas\n|\n|upkeep\n|\n|t:|1700060164\n|switch|p2a: N95|Greninja, M|91\/100\n|turn|14\n|\n|t:|1700060166\n|move|p2a: N95|Hydro Pump|p1a: Scizor|[miss]\n|-miss|p2a: N95|p1a: Scizor\n|move|p1a: Scizor|Bug Bite|p2a: N95\n|-supereffective|p2a: N95\n|-damage|p2a: N95|0 fnt\n|faint|p2a: N95\n|\n|upkeep\n|\n|t:|1700060172\n|switch|p2a: november|Zamazenta|100\/100\n|-ability|p2a: november|Dauntless Shield|boost\n|-boost|p2a: november|def|1\n|turn|15\n|\n|t:|1700060175\n|move|p2a: november|Iron Defense|p2a: november\n|-boost|p2a: november|def|2\n|move|p1a: Scizor|Dual Wingbeat|p2a: november|[miss]\n|-miss|p1a: Scizor|p2a: november\n|\n|upkeep\n|turn|16\n|\n|t:|1700060180\n|move|p2a: november|Iron Defense|p2a: november\n|-boost|p2a: november|def|2\n|move|p1a: Scizor|Swords Dance|p1a: Scizor\n|-boost|p1a: Scizor|atk|2\n|\n|upkeep\n|turn|17\n|\n|t:|1700060182\n|move|p2a: november|Substitute|p2a: november\n|-start|p2a: november|Substitute\n|-damage|p2a: november|75\/100\n|move|p1a: Scizor|Dual Wingbeat|p2a: november\n|-supereffective|p2a: november\n|-activate|p2a: november|move: Substitute|[damage]\n|-supereffective|p2a: november\n|-end|p2a: november|Substitute\n|-hitcount|p2a: november|2\n|\n|-heal|p2a: november|82\/100|[from] item: Leftovers\n|upkeep\n|turn|18\n|\n|t:|1700060189\n|move|p2a: november|Body Press|p1a: Scizor\n|-damage|p1a: Scizor|0 fnt\n|faint|p1a: Scizor\n|\n|-heal|p2a: november|88\/100|[from] item: Leftovers\n|upkeep\n|\n|t:|1700060193\n|switch|p1a: Iron Moth|Iron Moth, shiny|100\/100\n|-enditem|p1a: Iron Moth|Booster Energy\n|-activate|p1a: Iron Moth|ability: Quark Drive|[fromitem]\n|-start|p1a: Iron Moth|quarkdrivespa\n|turn|19\n|\n|t:|1700060206\n|-terastallize|p2a: november|Steel\n|move|p2a: november|Substitute|p2a: november\n|-start|p2a: november|Substitute\n|-damage|p2a: november|63\/100\n|move|p1a: Iron Moth|Dazzling Gleam|p2a: november\n|-resisted|p2a: november\n|-activate|p2a: november|move: Substitute|[damage]\n|\n|-heal|p2a: november|69\/100|[from] item: Leftovers\n|upkeep\n|turn|20\n|\n|t:|1700060212\n|move|p2a: november|Iron Defense|p2a: november\n|-boost|p2a: november|def|1\n|move|p1a: Iron Moth|Fiery Dance|p2a: november\n|-supereffective|p2a: november\n|-end|p2a: november|Substitute\n|-boost|p1a: Iron Moth|spa|1\n|\n|-heal|p2a: november|75\/100|[from] item: Leftovers\n|upkeep\n|turn|21\n|\n|t:|1700060219\n|move|p2a: november|Body Press|p1a: Iron Moth\n|-resisted|p1a: Iron Moth\n|-damage|p1a: Iron Moth|0 fnt\n|faint|p1a: Iron Moth\n|-end|p1a: Iron Moth|Quark Drive|[silent]\n|\n|-heal|p2a: november|81\/100|[from] item: Leftovers\n|upkeep\n|\n|t:|1700060221\n|switch|p1a: Ninetales|Ninetales-Alola, F, shiny|100\/100\n|-weather|Snow|[from] ability: Snow Warning|[of] p1a: Ninetales\n|turn|22\n|\n|t:|1700060223\n|move|p2a: november|Body Press|p1a: Ninetales\n|-damage|p1a: Ninetales|0 fnt\n|faint|p1a: Ninetales\n|\n|win|littensalt\n|raw|Trivago77's rating: 1431 &rarr; <strong>1407<\/strong><br \/>(-24 for losing)\n|raw|littensalt's rating: 1356 &rarr; <strong>1380<\/strong><br \/>(+24 for winning)\n|l|\u2606Trivago77\n","uploadtime":1700060232,"views":6,"p1id":"trivago77","p2id":"littensalt","formatid":"gen9ou","rating":1380,"private":0,"password":""}