{"id":"gen9ou-1993287567","p1":"X3tiger","p2":"TheZalmancer","format":"[Gen 9] OU","log":"|j|\u2606X3tiger\n|j|\u2606TheZalmancer\n|t:|1700290818\n|gametype|singles\n|player|p1|X3tiger|volo|1040\n|player|p2|TheZalmancer|skyla|1119\n|teamsize|p1|6\n|teamsize|p2|6\n|gen|9\n|tier|[Gen 9] OU\n|rated|\n|rule|Sleep Clause Mod: Limit one foe put to sleep\n|rule|Species Clause: Limit one of each Pok\u00e9mon\n|rule|OHKO Clause: OHKO moves are banned\n|rule|Evasion Items Clause: Evasion items are banned\n|rule|Evasion Moves Clause: Evasion moves are banned\n|rule|Endless Battle Clause: Forcing endless battles is banned\n|rule|HP Percentage Mod: HP is shown in percentages\n|clearpoke\n|poke|p1|Eelektross, M|\n|poke|p1|Zoroark, M|\n|poke|p1|Typhlosion-Hisui, M|\n|poke|p1|Goodra-Hisui, M|\n|poke|p1|Inteleon, M|\n|poke|p1|Slowbro-Galar, M|\n|poke|p2|Ogerpon-Wellspring, F|\n|poke|p2|Ninetales-Alola, F|\n|poke|p2|Corviknight, F|\n|poke|p2|Manaphy|\n|poke|p2|Hydreigon, M|\n|poke|p2|Ditto|\n|teampreview\n|\n|t:|1700290829\n|start\n|switch|p1a: Eelektross|Eelektross, M|100\/100\n|switch|p2a: Hydreigon|Hydreigon, M|100\/100\n|turn|1\n|\n|t:|1700290841\n|move|p2a: Hydreigon|Taunt|p1a: Eelektross\n|-start|p1a: Eelektross|move: Taunt\n|move|p1a: Eelektross|Close Combat|p2a: Hydreigon\n|-supereffective|p2a: Hydreigon\n|-damage|p2a: Hydreigon|8\/100\n|-unboost|p1a: Eelektross|def|1\n|-unboost|p1a: Eelektross|spd|1\n|\n|upkeep\n|turn|2\n|\n|t:|1700290860\n|switch|p2a: Corviknight|Corviknight, F, shiny|100\/100\n|move|p1a: Eelektross|Liquidation|p2a: Corviknight\n|-damage|p2a: Corviknight|82\/100\n|\n|-heal|p2a: Corviknight|88\/100|[from] item: Leftovers\n|upkeep\n|turn|3\n|\n|t:|1700290868\n|move|p2a: Corviknight|Protect|p2a: Corviknight\n|-singleturn|p2a: Corviknight|Protect\n|move|p1a: Eelektross|Thunderbolt|p2a: Corviknight\n|-activate|p2a: Corviknight|move: Protect\n|\n|-heal|p2a: Corviknight|94\/100|[from] item: Leftovers\n|-end|p1a: Eelektross|move: Taunt\n|upkeep\n|turn|4\n|\n|t:|1700290886\n|move|p1a: Eelektross|Thunderbolt|p2a: Corviknight\n|-supereffective|p2a: Corviknight\n|-damage|p2a: Corviknight|22\/100\n|move|p2a: Corviknight|U-turn|p1a: Eelektross\n|-damage|p1a: Eelektross|72\/100\n|\n|t:|1700290891\n|switch|p2a: Ninetales|Ninetales-Alola, F, shiny|100\/100|[from] U-turn\n|-weather|Snow|[from] ability: Snow Warning|[of] p2a: Ninetales\n|\n|-weather|Snow|[upkeep]\n|upkeep\n|turn|5\n|\n|t:|1700290899\n|move|p2a: Ninetales|Aurora Veil|p2a: Ninetales\n|-sidestart|p2: TheZalmancer|move: Aurora Veil\n|move|p1a: Eelektross|Flamethrower|p2a: Ninetales\n|-supereffective|p2a: Ninetales\n|-damage|p2a: Ninetales|75\/100\n|\n|-weather|Snow|[upkeep]\n|upkeep\n|turn|6\n|\n|t:|1700290911\n|switch|p2a: Ogerpon|Ogerpon-Wellspring, F|100\/100\n|move|p1a: Eelektross|Flamethrower|p2a: Ogerpon\n|-damage|p2a: Ogerpon|87\/100\n|\n|-weather|Snow|[upkeep]\n|upkeep\n|turn|7\n|\n|t:|1700290925\n|move|p2a: Ogerpon|Swords Dance|p2a: Ogerpon\n|-boost|p2a: Ogerpon|atk|2\n|move|p1a: Eelektross|Thunderbolt|p2a: Ogerpon\n|-damage|p2a: Ogerpon|69\/100\n|\n|-weather|Snow|[upkeep]\n|upkeep\n|turn|8\n|\n|t:|1700290935\n|move|p2a: Ogerpon|Horn Leech|p1a: Eelektross\n|-damage|p1a: Eelektross|0 fnt\n|-heal|p2a: Ogerpon|100\/100|[from] drain|[of] p1a: Eelektross\n|faint|p1a: Eelektross\n|\n|-weather|none\n|upkeep\n|\n|t:|1700290946\n|switch|p1a: Goodra|Goodra-Hisui, M|100\/100\n|turn|9\n|\n|t:|1700290950\n|move|p2a: Ogerpon|Swords Dance|p2a: Ogerpon\n|-boost|p2a: Ogerpon|atk|2\n|move|p1a: Goodra|Sludge Bomb|p2a: Ogerpon\n|-supereffective|p2a: Ogerpon\n|-damage|p2a: Ogerpon|64\/100\n|\n|upkeep\n|turn|10\n|\n|t:|1700290957\n|move|p2a: Ogerpon|Brick Break|p1a: Goodra\n|-supereffective|p1a: Goodra\n|-damage|p1a: Goodra|0 fnt\n|replace|p1a: Zoroark|Zoroark, M\n|-end|p1a: Zoroark|Illusion\n|faint|p1a: Zoroark\n|\n|upkeep\n|\n|t:|1700290974\n|switch|p1a: Slowbro|Slowbro-Galar, M|100\/100\n|turn|11\n|\n|t:|1700290980\n|move|p2a: Ogerpon|Ivy Cudgel|p1a: Slowbro|[anim] Ivy Cudgel Water\n|-crit|p1a: Slowbro\n|-damage|p1a: Slowbro|0 fnt\n|faint|p1a: Slowbro\n|\n|upkeep\n|\n|t:|1700290991\n|switch|p1a: Goodra|Goodra-Hisui, M|100\/100\n|turn|12\n|\n|t:|1700291007\n|move|p2a: Ogerpon|Horn Leech|p1a: Goodra\n|-resisted|p1a: Goodra\n|-damage|p1a: Goodra|71\/100\n|-heal|p2a: Ogerpon|82\/100|[from] drain|[of] p1a: Goodra\n|-ability|p1a: Goodra|Gooey\n|-unboost|p2a: Ogerpon|spe|1\n|move|p1a: Goodra|Thunderbolt|p2a: Ogerpon\n|-damage|p2a: Ogerpon|65\/100\n|\n|-sideend|p2: TheZalmancer|move: Aurora Veil\n|upkeep\n|turn|13\n|\n|t:|1700291019\n|move|p2a: Ogerpon|Brick Break|p1a: Goodra\n|-supereffective|p1a: Goodra\n|-damage|p1a: Goodra|0 fnt\n|-ability|p1a: Goodra|Gooey\n|-unboost|p2a: Ogerpon|spe|1\n|faint|p1a: Goodra\n|\n|upkeep\n|\n|t:|1700291033\n|switch|p1a: Inteleon|Inteleon, M|100\/100\n|turn|14\n|\n|t:|1700291043\n|move|p1a: Inteleon|U-turn|p2a: Ogerpon\n|-supereffective|p2a: Ogerpon\n|-damage|p2a: Ogerpon|34\/100\n|\n|t:|1700291045\n|switch|p1a: Typhlosion|Typhlosion-Hisui, M|100\/100|[from] U-turn\n|move|p2a: Ogerpon|Horn Leech|p1a: Typhlosion\n|-resisted|p1a: Typhlosion\n|-damage|p1a: Typhlosion|0 fnt\n|-heal|p2a: Ogerpon|82\/100|[from] drain|[of] p1a: Typhlosion\n|faint|p1a: Typhlosion\n|\n|upkeep\n|\n|t:|1700291053\n|switch|p1a: Inteleon|Inteleon, M|100\/100\n|turn|15\n|\n|t:|1700291061\n|move|p1a: Inteleon|Ice Beam|p2a: Ogerpon\n|-damage|p2a: Ogerpon|45\/100\n|move|p2a: Ogerpon|Horn Leech|p1a: Inteleon\n|-supereffective|p1a: Inteleon\n|-damage|p1a: Inteleon|0 fnt\n|-heal|p2a: Ogerpon|92\/100|[from] drain|[of] p1a: Inteleon\n|-damage|p2a: Ogerpon|75\/100|[from] item: Rocky Helmet|[of] p1a: Inteleon\n|faint|p1a: Inteleon\n|\n|win|TheZalmancer\n|raw|X3tiger's rating: 1040 &rarr; <strong>1028<\/strong><br \/>(-12 for losing)\n|raw|TheZalmancer's rating: 1119 &rarr; <strong>1138<\/strong><br \/>(+19 for winning)\n|c|\u2606TheZalmancer|ggs\n|l|\u2606X3tiger\n|c|\u2606TheZalmancer|im just better\n|c|\u2606TheZalmancer|You gonna cry?\n","uploadtime":1700291079,"views":19,"p1id":"x3tiger","p2id":"thezalmancer","formatid":"gen9ou","rating":1028,"private":0,"password":""}