{"id":"gen9ou-1995135303","p1":"bojacknorseman","p2":"rsfthkjlyuirytdtre","format":"[Gen 9] OU","log":"|j|\u2606bojacknorseman\n|j|\u2606rsfthkjlyuirytdtre\n|t:|1700526485\n|gametype|singles\n|player|p1|bojacknorseman|169|1210\n|player|p2|rsfthkjlyuirytdtre|2|1236\n|teamsize|p1|6\n|teamsize|p2|6\n|gen|9\n|tier|[Gen 9] OU\n|rated|\n|rule|Sleep Clause Mod: Limit one foe put to sleep\n|rule|Species Clause: Limit one of each Pok\u00e9mon\n|rule|OHKO Clause: OHKO moves are banned\n|rule|Evasion Items Clause: Evasion items are banned\n|rule|Evasion Moves Clause: Evasion moves are banned\n|rule|Endless Battle Clause: Forcing endless battles is banned\n|rule|HP Percentage Mod: HP is shown in percentages\n|clearpoke\n|poke|p1|Heatran, M|\n|poke|p1|Dragapult, F|\n|poke|p1|Enamorus, F|\n|poke|p1|Great Tusk|\n|poke|p1|Slowking-Galar, F|\n|poke|p1|Ogerpon-Wellspring, F|\n|poke|p2|Tinkaton, F|\n|poke|p2|Ribombee, F|\n|poke|p2|Gholdengo|\n|poke|p2|Heatran, F|\n|poke|p2|Great Tusk|\n|poke|p2|Zapdos|\n|teampreview\n|\n|t:|1700526508\n|start\n|switch|p1a: Heatran|Heatran, M|100\/100\n|switch|p2a: Ribombee|Ribombee, F|100\/100\n|-item|p1a: Heatran|Air Balloon\n|turn|1\n|\n|t:|1700526525\n|move|p2a: Ribombee|Skill Swap|p1a: Heatran\n|-activate|p2a: Ribombee|move: Skill Swap|Flash Fire|Shield Dust|[of] p1a: Heatran\n|move|p1a: Heatran|Magma Storm|p2a: Ribombee\n|-start|p2a: Ribombee|ability: Flash Fire\n|\n|upkeep\n|turn|2\n|c|\u2606bojacknorseman|hmmm\n|\n|t:|1700526546\n|move|p2a: Ribombee|Sticky Web|p1a: Heatran\n|-sidestart|p1: bojacknorseman|move: Sticky Web\n|move|p1a: Heatran|Stealth Rock|p2a: Ribombee\n|-sidestart|p2: rsfthkjlyuirytdtre|move: Stealth Rock\n|\n|upkeep\n|turn|3\n|\n|t:|1700526557\n|switch|p1a: Enamorus|Enamorus, F|100\/100\n|move|p2a: Ribombee|Moonblast|p1a: Enamorus\n|-damage|p1a: Enamorus|48\/100\n|\n|upkeep\n|turn|4\n|\n|t:|1700526562\n|move|p2a: Ribombee|Moonblast|p1a: Enamorus\n|-damage|p1a: Enamorus|0 fnt\n|faint|p1a: Enamorus\n|\n|upkeep\n|\n|t:|1700526569\n|switch|p1a: Great Tusk|Great Tusk|100\/100\n|-activate|p1a: Great Tusk|move: Sticky Web\n|-unboost|p1a: Great Tusk|spe|1\n|-enditem|p1a: Great Tusk|Booster Energy\n|-activate|p1a: Great Tusk|ability: Protosynthesis|[fromitem]\n|-start|p1a: Great Tusk|protosynthesisatk\n|turn|5\n|\n|t:|1700526573\n|move|p2a: Ribombee|Moonblast|p1a: Great Tusk\n|-supereffective|p1a: Great Tusk\n|-damage|p1a: Great Tusk|0 fnt\n|faint|p1a: Great Tusk\n|-end|p1a: Great Tusk|Protosynthesis|[silent]\n|\n|upkeep\n|\n|t:|1700526585\n|switch|p1a: Slowking|Slowking-Galar, F|100\/100\n|-activate|p1a: Slowking|move: Sticky Web\n|-unboost|p1a: Slowking|spe|1\n|turn|6\n|\n|t:|1700526613\n|-end|p2a: Ribombee|ability: Flash Fire|[silent]\n|switch|p2a: Tinkaton|Tinkaton, F|100\/100\n|-damage|p2a: Tinkaton|94\/100|[from] Stealth Rock\n|-ability|p2a: Tinkaton|Mold Breaker\n|move|p1a: Slowking|Sludge Bomb|p2a: Tinkaton\n|-immune|p2a: Tinkaton\n|\n|-heal|p2a: Tinkaton|100\/100|[from] item: Leftovers\n|upkeep\n|turn|7\n|\n|t:|1700526623\n|move|p2a: Tinkaton|Swords Dance|p2a: Tinkaton\n|-boost|p2a: Tinkaton|atk|2\n|move|p1a: Slowking|Chilly Reception|p1a: Slowking\n|-weather|Snow\n|\n|t:|1700526631\n|switch|p1a: Heatran|Heatran, M|100\/100|[from] Chilly Reception\n|-item|p1a: Heatran|Air Balloon\n|\n|-weather|Snow|[upkeep]\n|upkeep\n|turn|8\n|\n|t:|1700526651\n|switch|p2a: Heatran|Heatran, F|100\/100\n|-damage|p2a: Heatran|88\/100|[from] Stealth Rock\n|-item|p2a: Heatran|Air Balloon\n|move|p1a: Heatran|Magma Storm|p2a: Heatran\n|-start|p2a: Heatran|ability: Flash Fire\n|\n|-weather|Snow|[upkeep]\n|upkeep\n|turn|9\n|\n|t:|1700526700\n|move|p2a: Heatran|Stealth Rock|p1a: Heatran\n|-sidestart|p1: bojacknorseman|move: Stealth Rock\n|move|p1a: Heatran|Earth Power|p2a: Heatran\n|-immune|p2a: Heatran\n|\n|-weather|Snow|[upkeep]\n|upkeep\n|turn|10\n|\n|t:|1700526706\n|-end|p2a: Heatran|ability: Flash Fire|[silent]\n|switch|p2a: Zapdos|Zapdos|100\/100\n|move|p1a: Heatran|Earth Power|p2a: Zapdos\n|-immune|p2a: Zapdos\n|\n|-weather|Snow|[upkeep]\n|upkeep\n|turn|11\n|\n|t:|1700526712\n|move|p2a: Zapdos|Volt Switch|p1a: Heatran\n|-damage|p1a: Heatran|79\/100\n|-enditem|p1a: Heatran|Air Balloon\n|\n|t:|1700526715\n|switch|p2a: Heatran|Heatran, F|88\/100|[from] Volt Switch\n|-damage|p2a: Heatran|76\/100|[from] Stealth Rock\n|-item|p2a: Heatran|Air Balloon\n|move|p1a: Heatran|Magma Storm|p2a: Heatran\n|-start|p2a: Heatran|ability: Flash Fire\n|\n|-weather|none\n|upkeep\n|turn|12\n|\n|t:|1700526722\n|move|p2a: Heatran|Earth Power|p1a: Heatran\n|-supereffective|p1a: Heatran\n|-damage|p1a: Heatran|19\/100\n|move|p1a: Heatran|Magma Storm|p2a: Heatran\n|-immune|p2a: Heatran|[from] ability: Flash Fire\n|\n|upkeep\n|turn|13\n|\n|t:|1700526729\n|move|p2a: Heatran|Earth Power|p1a: Heatran\n|-supereffective|p1a: Heatran\n|-damage|p1a: Heatran|0 fnt\n|faint|p1a: Heatran\n|\n|upkeep\n|\n|t:|1700526732\n|switch|p1a: Ogerpon|Ogerpon-Wellspring, F|100\/100\n|-activate|p1a: Ogerpon|move: Sticky Web\n|-unboost|p1a: Ogerpon|spe|1\n|-damage|p1a: Ogerpon|88\/100|[from] Stealth Rock\n|turn|14\n|\n|t:|1700526737\n|-terastallize|p1a: Ogerpon|Water\n|detailschange|p1a: Ogerpon|Ogerpon-Wellspring-Tera, F, tera:Water\n|-ability|p1a: Ogerpon|Embody Aspect (Wellspring)|boost\n|-boost|p1a: Ogerpon|spd|1\n|move|p1a: Ogerpon|Ivy Cudgel|p2a: Heatran|[anim] Ivy Cudgel Water\n|-supereffective|p2a: Heatran\n|-damage|p2a: Heatran|0 fnt\n|-enditem|p2a: Heatran|Air Balloon\n|faint|p2a: Heatran\n|\n|upkeep\n|\n|t:|1700526747\n|switch|p2a: Zapdos|Zapdos|100\/100\n|turn|15\n|\n|t:|1700526751\n|-terastallize|p2a: Zapdos|Electric\n|move|p2a: Zapdos|Thunderbolt|p1a: Ogerpon\n|-supereffective|p1a: Ogerpon\n|-damage|p1a: Ogerpon|0 fnt\n|faint|p1a: Ogerpon\n|\n|upkeep\n|\n|t:|1700526755\n|switch|p1a: Slowking|Slowking-Galar, F|100\/100\n|-activate|p1a: Slowking|move: Sticky Web\n|-unboost|p1a: Slowking|spe|1\n|-damage|p1a: Slowking|88\/100|[from] Stealth Rock\n|turn|16\n|\n|t:|1700526760\n|move|p2a: Zapdos|Volt Switch|p1a: Slowking\n|-damage|p1a: Slowking|47\/100\n|\n|t:|1700526762\n|switch|p2a: Tinkaton|Tinkaton, F|100\/100|[from] Volt Switch\n|-damage|p2a: Tinkaton|94\/100|[from] Stealth Rock\n|-ability|p2a: Tinkaton|Mold Breaker\n|move|p1a: Slowking|Psychic|p2a: Tinkaton\n|-resisted|p2a: Tinkaton\n|-damage|p2a: Tinkaton|70\/100\n|\n|-heal|p2a: Tinkaton|76\/100|[from] item: Leftovers\n|-heal|p1a: Slowking|53\/100|[from] item: Black Sludge\n|upkeep\n|turn|17\n|-message|bojacknorseman forfeited.\n|\n|win|rsfthkjlyuirytdtre\n|raw|bojacknorseman's rating: 1210 &rarr; <strong>1187<\/strong><br \/>(-23 for losing)\n|raw|rsfthkjlyuirytdtre's rating: 1236 &rarr; <strong>1259<\/strong><br \/>(+23 for winning)\n|l|\u2606bojacknorseman\n","uploadtime":1700526821,"views":6,"p1id":"bojacknorseman","p2id":"rsfthkjlyuirytdtre","formatid":"gen9ou","rating":1187,"private":0,"password":""}