{"id":"gen9ou-1997186190","p1":"Zicofool","p2":"mathismathin","format":"[Gen 9] OU","log":"|j|\u2606Zicofool\n|j|\u2606mathismathin\n|t:|1700773367\n|gametype|singles\n|player|p1|Zicofool|may-masters|1596\n|player|p2|mathismathin|nate|1695\n|teamsize|p1|6\n|teamsize|p2|6\n|gen|9\n|tier|[Gen 9] OU\n|rated|\n|rule|Sleep Clause Mod: Limit one foe put to sleep\n|rule|Species Clause: Limit one of each Pok\u00e9mon\n|rule|OHKO Clause: OHKO moves are banned\n|rule|Evasion Items Clause: Evasion items are banned\n|rule|Evasion Moves Clause: Evasion moves are banned\n|rule|Endless Battle Clause: Forcing endless battles is banned\n|rule|HP Percentage Mod: HP is shown in percentages\n|clearpoke\n|poke|p1|Ogerpon, F|\n|poke|p1|Maushold-Four|\n|poke|p1|Volcanion|\n|poke|p1|Thundurus-Therian, M|\n|poke|p1|Fezandipiti, M|\n|poke|p1|Iron Treads|\n|poke|p2|Tinkaton, F|\n|poke|p2|Dragapult, M|\n|poke|p2|Toedscruel, M|\n|poke|p2|Zapdos|\n|poke|p2|Slowbro, M|\n|poke|p2|Maushold|\n|teampreview\n|\n|t:|1700773406\n|start\n|switch|p1a: Ogerpon|Ogerpon, F|100\/100\n|switch|p2a: Toedscruel|Toedscruel, M|100\/100\n|turn|1\n|\n|t:|1700773409\n|switch|p2a: Zapdos|Zapdos|100\/100\n|-terastallize|p1a: Ogerpon|Grass\n|detailschange|p1a: Ogerpon|Ogerpon-Teal-Tera, F, tera:Grass\n|-ability|p1a: Ogerpon|Embody Aspect (Teal)|boost\n|-boost|p1a: Ogerpon|spe|1\n|move|p1a: Ogerpon|Ivy Cudgel|p2a: Zapdos\n|-resisted|p2a: Zapdos\n|-damage|p2a: Zapdos|63\/100\n|\n|upkeep\n|turn|2\n|\n|t:|1700773412\n|switch|p1a: Iron Treads|Iron Treads|100\/100\n|move|p2a: Zapdos|Roost|p2a: Zapdos\n|-heal|p2a: Zapdos|100\/100\n|-singleturn|p2a: Zapdos|move: Roost\n|\n|upkeep\n|turn|3\n|j| eeferrrerere\n|\n|t:|1700773419\n|-end|p1a: Iron Treads|Quark Drive|[silent]\n|switch|p1a: Volcanion|Volcanion|100\/100\n|switch|p2a: Slowbro|Slowbro, M|100\/100\n|\n|upkeep\n|turn|4\n|\n|t:|1700773426\n|move|p1a: Volcanion|Sludge Bomb|p2a: Slowbro\n|-crit|p2a: Slowbro\n|-damage|p2a: Slowbro|24\/100\n|move|p2a: Slowbro|Thunder Wave|p1a: Volcanion\n|-status|p1a: Volcanion|par\n|\n|upkeep\n|turn|5\n|\n|t:|1700773430\n|switch|p2a: Tinkaton|Tinkaton, F|100\/100\n|-ability|p2a: Tinkaton|Mold Breaker\n|switch|p1a: Iron Treads|Iron Treads|100\/100\n|\n|upkeep\n|turn|6\n|\n|t:|1700773434\n|switch|p2a: Slowbro|Slowbro, M|57\/100\n|move|p1a: Iron Treads|Earthquake|p2a: Slowbro\n|-damage|p2a: Slowbro|35\/100\n|\n|upkeep\n|turn|7\n|j| hhhjh9\n|\n|t:|1700773437\n|move|p1a: Iron Treads|Earthquake|p2a: Slowbro\n|-crit|p2a: Slowbro\n|-damage|p2a: Slowbro|0 fnt\n|faint|p2a: Slowbro\n|\n|upkeep\n|\n|t:|1700773440\n|switch|p2a: Toedscruel|Toedscruel, M|100\/100\n|turn|8\n|\n|t:|1700773444\n|move|p1a: Iron Treads|Iron Defense|p1a: Iron Treads\n|-boost|p1a: Iron Treads|def|2\n|move|p2a: Toedscruel|Spikes|p1a: Iron Treads\n|-sidestart|p1: Zicofool|Spikes\n|\n|upkeep\n|turn|9\n|\n|t:|1700773447\n|move|p2a: Toedscruel|Earth Power|p1a: Iron Treads\n|-supereffective|p1a: Iron Treads\n|-damage|p1a: Iron Treads|41\/100\n|move|p1a: Iron Treads|Rapid Spin|p2a: Toedscruel\n|-damage|p2a: Toedscruel|85\/100\n|-boost|p1a: Iron Treads|spe|1\n|-sideend|p1: Zicofool|Spikes|[from] move: Rapid Spin|[of] p1a: Iron Treads\n|\n|-heal|p1a: Iron Treads|47\/100|[from] item: Leftovers\n|upkeep\n|turn|10\n|\n|t:|1700773449\n|move|p1a: Iron Treads|Body Press|p2a: Toedscruel\n|-damage|p2a: Toedscruel|5\/100\n|move|p2a: Toedscruel|Earth Power|p1a: Iron Treads\n|-supereffective|p1a: Iron Treads\n|-damage|p1a: Iron Treads|0 fnt\n|faint|p1a: Iron Treads\n|-end|p1a: Iron Treads|Quark Drive|[silent]\n|\n|upkeep\n|\n|t:|1700773454\n|switch|p1a: Ogerpon|Ogerpon-Teal-Tera, F, tera:Grass|100\/100\n|-ability|p1a: Ogerpon|Embody Aspect (Teal)|boost\n|-boost|p1a: Ogerpon|spe|1\n|turn|11\n|\n|t:|1700773457\n|switch|p2a: Zapdos|Zapdos|100\/100\n|move|p1a: Ogerpon|Ivy Cudgel|p2a: Zapdos\n|-resisted|p2a: Zapdos\n|-crit|p2a: Zapdos\n|-damage|p2a: Zapdos|43\/100\n|\n|upkeep\n|turn|12\n|\n|t:|1700773461\n|move|p1a: Ogerpon|Ivy Cudgel|p2a: Zapdos\n|-resisted|p2a: Zapdos\n|-damage|p2a: Zapdos|7\/100\n|move|p2a: Zapdos|Thunder Wave|p1a: Ogerpon\n|-status|p1a: Ogerpon|par\n|\n|upkeep\n|turn|13\n|j| banjoindamanjo\n|\n|t:|1700773470\n|move|p1a: Ogerpon|Ivy Cudgel|p2a: Zapdos\n|-resisted|p2a: Zapdos\n|-damage|p2a: Zapdos|0 fnt\n|faint|p2a: Zapdos\n|\n|upkeep\n|\n|t:|1700773472\n|switch|p2a: Maushold|Maushold|100\/100\n|turn|14\n|\n|t:|1700773475\n|move|p2a: Maushold|Population Bomb|p1a: Ogerpon\n|-damage|p1a: Ogerpon|86\/100 par\n|-damage|p1a: Ogerpon|71\/100 par\n|-damage|p1a: Ogerpon|56\/100 par\n|-damage|p1a: Ogerpon|42\/100 par\n|-damage|p1a: Ogerpon|29\/100 par\n|-damage|p1a: Ogerpon|14\/100 par\n|-damage|p1a: Ogerpon|0 fnt\n|faint|p1a: Ogerpon\n|-hitcount|p1: Ogerpon|7\n|\n|upkeep\n|\n|t:|1700773478\n|switch|p1a: Thundurus|Thundurus-Therian, M|100\/100\n|turn|15\n|\n|t:|1700773484\n|switch|p2a: Tinkaton|Tinkaton, F|100\/100\n|-ability|p2a: Tinkaton|Mold Breaker\n|move|p1a: Thundurus|Tera Blast|p2a: Tinkaton\n|-resisted|p2a: Tinkaton\n|-damage|p2a: Tinkaton|81\/100\n|\n|-heal|p2a: Tinkaton|88\/100|[from] item: Leftovers\n|upkeep\n|turn|16\n|\n|t:|1700773488\n|switch|p1a: Volcanion|Volcanion|100\/100 par\n|move|p2a: Tinkaton|Stealth Rock|p1a: Volcanion\n|-sidestart|p1: Zicofool|move: Stealth Rock\n|\n|-heal|p2a: Tinkaton|94\/100|[from] item: Leftovers\n|upkeep\n|turn|17\n|\n|t:|1700773495\n|move|p2a: Tinkaton|Knock Off|p1a: Volcanion\n|-damage|p1a: Volcanion|85\/100 par\n|-enditem|p1a: Volcanion|Choice Specs|[from] move: Knock Off|[of] p2a: Tinkaton\n|move|p1a: Volcanion|Fire Blast|p2a: Tinkaton\n|-supereffective|p2a: Tinkaton\n|-damage|p2a: Tinkaton|0 fnt\n|faint|p2a: Tinkaton\n|\n|upkeep\n|\n|t:|1700773504\n|switch|p2a: Dragapult|Dragapult, M|100\/100\n|turn|18\n|\n|t:|1700773506\n|move|p2a: Dragapult|Substitute|p2a: Dragapult\n|-start|p2a: Dragapult|Substitute\n|-damage|p2a: Dragapult|76\/100\n|move|p1a: Volcanion|Steam Eruption|p2a: Dragapult|[miss]\n|-miss|p1a: Volcanion|p2a: Dragapult\n|\n|-heal|p2a: Dragapult|82\/100|[from] item: Leftovers\n|upkeep\n|turn|19\n|\n|t:|1700773508\n|move|p2a: Dragapult|Hex|p1a: Volcanion\n|-damage|p1a: Volcanion|32\/100 par\n|move|p1a: Volcanion|Earth Power|p2a: Dragapult\n|-end|p2a: Dragapult|Substitute\n|\n|-heal|p2a: Dragapult|88\/100|[from] item: Leftovers\n|upkeep\n|turn|20\n|\n|t:|1700773511\n|move|p2a: Dragapult|Substitute|p2a: Dragapult\n|-start|p2a: Dragapult|Substitute\n|-damage|p2a: Dragapult|63\/100\n|move|p1a: Volcanion|Earth Power|p2a: Dragapult\n|-end|p2a: Dragapult|Substitute\n|\n|-heal|p2a: Dragapult|69\/100|[from] item: Leftovers\n|upkeep\n|turn|21\n|\n|t:|1700773513\n|move|p2a: Dragapult|Substitute|p2a: Dragapult\n|-start|p2a: Dragapult|Substitute\n|-damage|p2a: Dragapult|44\/100\n|move|p1a: Volcanion|Earth Power|p2a: Dragapult\n|-end|p2a: Dragapult|Substitute\n|\n|-heal|p2a: Dragapult|50\/100|[from] item: Leftovers\n|upkeep\n|turn|22\n|\n|t:|1700773514\n|move|p2a: Dragapult|Substitute|p2a: Dragapult\n|-start|p2a: Dragapult|Substitute\n|-damage|p2a: Dragapult|25\/100\n|move|p1a: Volcanion|Earth Power|p2a: Dragapult\n|-crit|p2a: Dragapult\n|-end|p2a: Dragapult|Substitute\n|\n|-heal|p2a: Dragapult|31\/100|[from] item: Leftovers\n|upkeep\n|turn|23\n|\n|t:|1700773516\n|move|p2a: Dragapult|Substitute|p2a: Dragapult\n|-start|p2a: Dragapult|Substitute\n|-damage|p2a: Dragapult|6\/100\n|move|p1a: Volcanion|Earth Power|p2a: Dragapult\n|-end|p2a: Dragapult|Substitute\n|\n|-heal|p2a: Dragapult|12\/100|[from] item: Leftovers\n|upkeep\n|turn|24\n|\n|t:|1700773518\n|move|p2a: Dragapult|Hex|p1a: Volcanion\n|-damage|p1a: Volcanion|0 fnt\n|faint|p1a: Volcanion\n|\n|-heal|p2a: Dragapult|18\/100|[from] item: Leftovers\n|upkeep\n|\n|t:|1700773528\n|switch|p1a: Maushold|Maushold-Four|100\/100\n|-damage|p1a: Maushold|88\/100|[from] Stealth Rock\n|turn|25\n|\n|t:|1700773532\n|move|p2a: Dragapult|Thunder Wave|p1a: Maushold\n|-status|p1a: Maushold|par\n|move|p1a: Maushold|Tidy Up|p1a: Maushold\n|-sideend|p1: Zicofool|Stealth Rock\n|-activate|p1a: Maushold|move: Tidy Up\n|-boost|p1a: Maushold|atk|1\n|-boost|p1a: Maushold|spe|1\n|\n|-heal|p2a: Dragapult|24\/100|[from] item: Leftovers\n|upkeep\n|turn|26\n|\n|t:|1700773535\n|move|p2a: Dragapult|Dragon Darts|p1a: Maushold\n|-damage|p1a: Maushold|56\/100 par\n|-anim|p2a: Dragapult|Dragon Darts|p1a: Maushold\n|-damage|p1a: Maushold|24\/100 par\n|cant|p1a: Maushold|par\n|\n|-heal|p2a: Dragapult|30\/100|[from] item: Leftovers\n|upkeep\n|turn|27\n|\n|t:|1700773537\n|move|p2a: Dragapult|Dragon Darts|p1a: Maushold\n|-damage|p1a: Maushold|0 fnt\n|faint|p1a: Maushold\n|\n|-heal|p2a: Dragapult|36\/100|[from] item: Leftovers\n|upkeep\n|\n|t:|1700773540\n|switch|p1a: Thundurus|Thundurus-Therian, M|100\/100\n|turn|28\n|\n|t:|1700773543\n|move|p2a: Dragapult|Dragon Darts|p1a: Thundurus\n|-damage|p1a: Thundurus|69\/100\n|-anim|p2a: Dragapult|Dragon Darts|p1a: Thundurus\n|-damage|p1a: Thundurus|36\/100\n|move|p1a: Thundurus|U-turn|p2a: Dragapult\n|-resisted|p2a: Dragapult\n|-damage|p2a: Dragapult|26\/100\n|\n|t:|1700773545\n|switch|p1a: Fezandipiti|Fezandipiti, M|100\/100|[from] U-turn\n|\n|-heal|p2a: Dragapult|32\/100|[from] item: Leftovers\n|upkeep\n|turn|29\n|\n|t:|1700773549\n|switch|p1a: Thundurus|Thundurus-Therian, M|36\/100\n|move|p2a: Dragapult|Thunder Wave|p1a: Thundurus\n|-heal|p1a: Thundurus|61\/100|[from] ability: Volt Absorb|[of] p2a: Dragapult\n|\n|-heal|p2a: Dragapult|38\/100|[from] item: Leftovers\n|upkeep\n|turn|30\n|\n|t:|1700773552\n|move|p2a: Dragapult|Dragon Darts|p1a: Thundurus\n|-damage|p1a: Thundurus|30\/100\n|-anim|p2a: Dragapult|Dragon Darts|p1a: Thundurus\n|-damage|p1a: Thundurus|0 fnt\n|faint|p1a: Thundurus\n|\n|-heal|p2a: Dragapult|44\/100|[from] item: Leftovers\n|upkeep\n|\n|t:|1700773553\n|switch|p1a: Fezandipiti|Fezandipiti, M|100\/100\n|turn|31\n|\n|t:|1700773555\n|move|p2a: Dragapult|Thunder Wave|p1a: Fezandipiti\n|-status|p1a: Fezandipiti|par\n|cant|p1a: Fezandipiti|par\n|\n|-heal|p2a: Dragapult|50\/100|[from] item: Leftovers\n|upkeep\n|turn|32\n|\n|t:|1700773557\n|move|p2a: Dragapult|Hex|p1a: Fezandipiti\n|-damage|p1a: Fezandipiti|64\/100 par\n|move|p1a: Fezandipiti|Moonblast|p2a: Dragapult\n|-supereffective|p2a: Dragapult\n|-damage|p2a: Dragapult|0 fnt\n|faint|p2a: Dragapult\n|\n|-heal|p1a: Fezandipiti|70\/100 par|[from] item: Leftovers\n|upkeep\n|\n|t:|1700773559\n|switch|p2a: Maushold|Maushold|100\/100\n|turn|33\n|\n|t:|1700773560\n|move|p2a: Maushold|Population Bomb|p1a: Fezandipiti\n|-damage|p1a: Fezandipiti|63\/100 par\n|-damage|p1a: Fezandipiti|54\/100 par\n|-damage|p1a: Fezandipiti|45\/100 par\n|-damage|p1a: Fezandipiti|37\/100 par\n|-damage|p1a: Fezandipiti|28\/100 par\n|-damage|p1a: Fezandipiti|21\/100 par\n|-damage|p1a: Fezandipiti|13\/100 par\n|-damage|p1a: Fezandipiti|5\/100 par\n|-damage|p1a: Fezandipiti|0 fnt\n|faint|p1a: Fezandipiti\n|-hitcount|p1: Fezandipiti|9\n|\n|win|mathismathin\n|raw|Zicofool's rating: 1596 &rarr; <strong>1582<\/strong><br \/>(-14 for losing)\n|raw|mathismathin's rating: 1695 &rarr; <strong>1709<\/strong><br \/>(+14 for winning)\n|l|\u2606Zicofool\n","uploadtime":1700773564,"views":5,"p1id":"zicofool","p2id":"mathismathin","formatid":"gen9ou","rating":1582,"private":0,"password":""}