{"id":"gen9ou-1995305172","p1":"Darxss","p2":"CorruptTempest","format":"[Gen 9] OU","log":"|j|\u2606Darxss\n|j|\u2606CorruptTempest\n|t:|1700550445\n|gametype|singles\n|player|p1|Darxss|170|1119\n|player|p2|CorruptTempest|guitarist|1053\n|teamsize|p1|6\n|teamsize|p2|6\n|gen|9\n|tier|[Gen 9] OU\n|rated|\n|rule|Sleep Clause Mod: Limit one foe put to sleep\n|rule|Species Clause: Limit one of each Pok\u00e9mon\n|rule|OHKO Clause: OHKO moves are banned\n|rule|Evasion Items Clause: Evasion items are banned\n|rule|Evasion Moves Clause: Evasion moves are banned\n|rule|Endless Battle Clause: Forcing endless battles is banned\n|rule|HP Percentage Mod: HP is shown in percentages\n|clearpoke\n|poke|p1|Alomomola, M|\n|poke|p1|Lurantis, M|\n|poke|p1|Great Tusk|\n|poke|p1|Clefable, F|\n|poke|p1|Cinderace, F|\n|poke|p1|Gholdengo|\n|poke|p2|Ribombee, M|\n|poke|p2|Manaphy|\n|poke|p2|Kingambit, M|\n|poke|p2|Great Tusk|\n|poke|p2|Iron Moth|\n|poke|p2|Gholdengo|\n|teampreview\n|inactive|Battle timer is ON: inactive players will automatically lose when time's up. (requested by Darxss)\n|\n|t:|1700550452\n|start\n|switch|p1a: Great Tusk|Great Tusk|100\/100\n|switch|p2a: Ribombee|Ribombee, M|100\/100\n|turn|1\n|\n|t:|1700550459\n|-terastallize|p2a: Ribombee|Ghost\n|-terastallize|p1a: Great Tusk|Steel\n|move|p2a: Ribombee|Sticky Web|p1a: Great Tusk\n|-sidestart|p1: Darxss|move: Sticky Web\n|move|p1a: Great Tusk|Rapid Spin|p2a: Ribombee\n|-immune|p2a: Ribombee\n|\n|upkeep\n|turn|2\n|\n|t:|1700550472\n|move|p2a: Ribombee|Psychic|p1a: Great Tusk\n|-resisted|p1a: Great Tusk\n|-damage|p1a: Great Tusk|81\/100\n|move|p1a: Great Tusk|Stealth Rock|p2a: Ribombee\n|-sidestart|p2: CorruptTempest|move: Stealth Rock\n|\n|upkeep\n|turn|3\n|\n|t:|1700550486\n|switch|p2a: Great Tusk|Great Tusk|100\/100\n|-end|p1a: Great Tusk|Protosynthesis|[silent]\n|switch|p1a: Gholdengo|Gholdengo|100\/100\n|-activate|p1a: Gholdengo|move: Sticky Web\n|-unboost|p1a: Gholdengo|spe|1\n|\n|upkeep\n|turn|4\n|\n|t:|1700550497\n|switch|p1a: Alomomola|Alomomola, M|100\/100\n|-activate|p1a: Alomomola|move: Sticky Web\n|-unboost|p1a: Alomomola|spe|1\n|move|p2a: Great Tusk|Knock Off|p1a: Alomomola\n|-damage|p1a: Alomomola|82\/100\n|-enditem|p1a: Alomomola|Red Card|[from] move: Knock Off|[of] p2a: Great Tusk\n|\n|upkeep\n|turn|5\n|\n|t:|1700550508\n|move|p2a: Great Tusk|Ice Spinner|p1a: Alomomola\n|-resisted|p1a: Alomomola\n|-damage|p1a: Alomomola|75\/100\n|move|p1a: Alomomola|Scald|p2a: Great Tusk\n|-supereffective|p2a: Great Tusk\n|-damage|p2a: Great Tusk|63\/100\n|\n|upkeep\n|turn|6\n|\n|t:|1700550518\n|move|p2a: Great Tusk|Rapid Spin|p1a: Alomomola\n|-damage|p1a: Alomomola|66\/100\n|-boost|p2a: Great Tusk|spe|1\n|-sideend|p2: CorruptTempest|Stealth Rock|[from] move: Rapid Spin|[of] p2a: Great Tusk\n|move|p1a: Alomomola|Flip Turn|p2a: Great Tusk\n|-supereffective|p2a: Great Tusk\n|-damage|p2a: Great Tusk|38\/100\n|\n|t:|1700550524\n|switch|p1a: Great Tusk|Great Tusk, tera:Steel|81\/100|[from] Flip Turn\n|\n|upkeep\n|turn|7\n|\n|t:|1700550532\n|-end|p1a: Great Tusk|Protosynthesis|[silent]\n|switch|p1a: Alomomola|Alomomola, M|99\/100\n|-activate|p1a: Alomomola|move: Sticky Web\n|-unboost|p1a: Alomomola|spe|1\n|move|p2a: Great Tusk|Ice Spinner|p1a: Alomomola\n|-resisted|p1a: Alomomola\n|-damage|p1a: Alomomola|92\/100\n|\n|upkeep\n|turn|8\n|\n|t:|1700550542\n|-end|p2a: Great Tusk|Protosynthesis|[silent]\n|switch|p2a: Manaphy|Manaphy|100\/100\n|move|p1a: Alomomola|Scald|p2a: Manaphy\n|-resisted|p2a: Manaphy\n|-damage|p2a: Manaphy|95\/100\n|-status|p2a: Manaphy|brn\n|\n|-heal|p2a: Manaphy|100\/100 brn|[from] item: Leftovers\n|-damage|p2a: Manaphy|94\/100 brn|[from] brn\n|upkeep\n|turn|9\n|\n|t:|1700550552\n|move|p2a: Manaphy|Take Heart|p2a: Manaphy\n|-boost|p2a: Manaphy|spa|1\n|-boost|p2a: Manaphy|spd|1\n|-curestatus|p2a: Manaphy|brn|[msg]\n|move|p1a: Alomomola|Flip Turn|p2a: Manaphy\n|-resisted|p2a: Manaphy\n|-damage|p2a: Manaphy|88\/100\n|\n|t:|1700550557\n|switch|p1a: Clefable|Clefable, F|100\/100|[from] Flip Turn\n|-activate|p1a: Clefable|move: Sticky Web\n|-unboost|p1a: Clefable|spe|1\n|\n|-heal|p2a: Manaphy|94\/100|[from] item: Leftovers\n|upkeep\n|turn|10\n|\n|t:|1700550565\n|move|p2a: Manaphy|Acid Armor|p2a: Manaphy\n|-boost|p2a: Manaphy|def|2\n|move|p1a: Clefable|Calm Mind|p1a: Clefable\n|-boost|p1a: Clefable|spa|1\n|-boost|p1a: Clefable|spd|1\n|\n|-heal|p2a: Manaphy|99\/100|[from] item: Leftovers\n|upkeep\n|turn|11\n|\n|t:|1700550572\n|move|p2a: Manaphy|Take Heart|p2a: Manaphy\n|-boost|p2a: Manaphy|spa|1\n|-boost|p2a: Manaphy|spd|1\n|move|p1a: Clefable|Calm Mind|p1a: Clefable\n|-boost|p1a: Clefable|spa|1\n|-boost|p1a: Clefable|spd|1\n|\n|-heal|p2a: Manaphy|100\/100|[from] item: Leftovers\n|upkeep\n|turn|12\n|\n|t:|1700550589\n|move|p2a: Manaphy|Take Heart|p2a: Manaphy\n|-boost|p2a: Manaphy|spa|1\n|-boost|p2a: Manaphy|spd|1\n|move|p1a: Clefable|Moonblast|p2a: Manaphy\n|-damage|p2a: Manaphy|48\/100\n|\n|-heal|p2a: Manaphy|55\/100|[from] item: Leftovers\n|upkeep\n|turn|13\n|\n|t:|1700550597\n|move|p2a: Manaphy|Stored Power|p1a: Clefable\n|-damage|p1a: Clefable|71\/100\n|move|p1a: Clefable|Moonblast|p2a: Manaphy\n|-damage|p2a: Manaphy|0 fnt\n|faint|p2a: Manaphy\n|\n|-heal|p1a: Clefable|77\/100|[from] item: Leftovers\n|upkeep\n|\n|t:|1700550620\n|switch|p2a: Gholdengo|Gholdengo|100\/100\n|-item|p2a: Gholdengo|Air Balloon\n|turn|14\n|\n|t:|1700550628\n|move|p2a: Gholdengo|Make It Rain|p1a: Clefable\n|-supereffective|p1a: Clefable\n|-damage|p1a: Clefable|11\/100\n|-unboost|p2a: Gholdengo|spa|1\n|move|p1a: Clefable|Moonlight|p1a: Clefable\n|-heal|p1a: Clefable|61\/100\n|\n|-heal|p1a: Clefable|67\/100|[from] item: Leftovers\n|upkeep\n|turn|15\n|\n|t:|1700550638\n|switch|p1a: Cinderace|Cinderace, F|100\/100\n|move|p2a: Gholdengo|Make It Rain|p1a: Cinderace\n|-resisted|p1a: Cinderace\n|-damage|p1a: Cinderace|66\/100\n|-unboost|p2a: Gholdengo|spa|1\n|\n|upkeep\n|turn|16\n|\n|t:|1700550657\n|switch|p2a: Great Tusk|Great Tusk|38\/100\n|move|p1a: Cinderace|Court Change|p1a: Cinderace\n|-start|p1a: Cinderace|typechange|Normal|[from] ability: Libero\n|-swapsideconditions\n|-activate|p1a: Cinderace|move: Court Change\n|\n|upkeep\n|turn|17\n|\n|t:|1700550670\n|move|p1a: Cinderace|U-turn|p2a: Great Tusk\n|-resisted|p2a: Great Tusk\n|-damage|p2a: Great Tusk|29\/100\n|\n|t:|1700550673\n|switch|p1a: Gholdengo|Gholdengo|100\/100|[from] U-turn\n|move|p2a: Great Tusk|Headlong Rush|p1a: Gholdengo\n|-supereffective|p1a: Gholdengo\n|-damage|p1a: Gholdengo|0 fnt\n|-unboost|p2a: Great Tusk|def|1\n|-unboost|p2a: Great Tusk|spd|1\n|faint|p1a: Gholdengo\n|\n|upkeep\n|\n|t:|1700550680\n|switch|p1a: Great Tusk|Great Tusk, tera:Steel|81\/100\n|turn|18\n|\n|t:|1700550695\n|move|p2a: Great Tusk|Headlong Rush|p1a: Great Tusk\n|-supereffective|p1a: Great Tusk\n|-damage|p1a: Great Tusk|0 fnt\n|-unboost|p2a: Great Tusk|def|1\n|-unboost|p2a: Great Tusk|spd|1\n|faint|p1a: Great Tusk\n|-end|p1a: Great Tusk|Protosynthesis|[silent]\n|\n|upkeep\n|\n|t:|1700550699\n|switch|p1a: Cinderace|Cinderace, F|66\/100\n|turn|19\n|-message|Darxss forfeited.\n|\n|win|CorruptTempest\n|raw|Darxss's rating: 1119 &rarr; <strong>1089<\/strong><br \/>(-30 for losing)\n|raw|CorruptTempest's rating: 1053 &rarr; <strong>1091<\/strong><br \/>(+38 for winning)\n|l|\u2606Darxss\n","uploadtime":1700550713,"views":13,"p1id":"darxss","p2id":"corrupttempest","formatid":"gen9ou","rating":1089,"private":0,"password":""}