{"id":"gen9ou-1988700375","p1":"Potayo","p2":"mathismathin","format":"[Gen 9] OU","log":"|j|\u2606Potayo\n|j|\u2606mathismathin\n|t:|1699752290\n|gametype|singles\n|player|p1|Potayo|1|1679\n|player|p2|mathismathin|nate|1777\n|teamsize|p1|6\n|teamsize|p2|6\n|gen|9\n|tier|[Gen 9] OU\n|rated|\n|rule|Sleep Clause Mod: Limit one foe put to sleep\n|rule|Species Clause: Limit one of each Pok\u00e9mon\n|rule|OHKO Clause: OHKO moves are banned\n|rule|Evasion Items Clause: Evasion items are banned\n|rule|Evasion Moves Clause: Evasion moves are banned\n|rule|Endless Battle Clause: Forcing endless battles is banned\n|rule|HP Percentage Mod: HP is shown in percentages\n|clearpoke\n|poke|p1|Slowbro, M|\n|poke|p1|Cresselia, F|\n|poke|p1|Toedscruel, F|\n|poke|p1|Iron Hands|\n|poke|p1|Hoopa-Unbound|\n|poke|p1|Torkoal, F|\n|poke|p2|Mabosstiff, M|\n|poke|p2|Tyranitar, F|\n|poke|p2|Cinderace, F|\n|poke|p2|Chesnaught, M|\n|poke|p2|Clawitzer, M|\n|poke|p2|Gardevoir, M|\n|teampreview\n|\n|t:|1699752314\n|start\n|switch|p1a: Iron Hands|Iron Hands|100\/100\n|switch|p2a: Cinderace|Cinderace, F|100\/100\n|turn|1\n|inactive|Battle timer is ON: inactive players will automatically lose when time's up. (requested by Potayo)\n|\n|t:|1699752337\n|-end|p1a: Iron Hands|Quark Drive|[silent]\n|switch|p1a: Torkoal|Torkoal, F|100\/100\n|-weather|SunnyDay|[from] ability: Drought|[of] p1a: Torkoal\n|move|p2a: Cinderace|U-turn|p1a: Torkoal\n|-start|p2a: Cinderace|typechange|Bug|[from] ability: Libero\n|-resisted|p1a: Torkoal\n|-damage|p1a: Torkoal|83\/100\n|\n|t:|1699752344\n|switch|p2a: Tyranitar|Tyranitar, F|100\/100|[from] U-turn\n|-weather|Sandstorm|[from] ability: Sand Stream|[of] p2a: Tyranitar\n|-item|p2a: Tyranitar|Air Balloon\n|\n|-weather|Sandstorm|[upkeep]\n|-damage|p1a: Torkoal|77\/100|[from] Sandstorm\n|upkeep\n|turn|2\n|\n|t:|1699752361\n|switch|p1a: Cresselia|Cresselia, F|100\/100\n|move|p2a: Tyranitar|Stone Edge|p1a: Cresselia\n|-damage|p1a: Cresselia|73\/100\n|\n|-weather|Sandstorm|[upkeep]\n|-damage|p1a: Cresselia|67\/100|[from] Sandstorm\n|upkeep\n|turn|3\n|\n|t:|1699752368\n|switch|p2a: Mabosstiff|Mabosstiff, M|100\/100\n|move|p1a: Cresselia|Trick Room|p1a: Cresselia\n|-fieldstart|move: Trick Room|[of] p1a: Cresselia\n|\n|-weather|Sandstorm|[upkeep]\n|-damage|p1a: Cresselia|61\/100|[from] Sandstorm\n|-damage|p2a: Mabosstiff|94\/100|[from] Sandstorm\n|upkeep\n|turn|4\n|\n|t:|1699752381\n|switch|p1a: Iron Hands|Iron Hands|100\/100\n|move|p2a: Mabosstiff|Play Rough|p1a: Iron Hands\n|-supereffective|p1a: Iron Hands\n|-damage|p1a: Iron Hands|0 fnt\n|faint|p1a: Iron Hands\n|-end|p1a: Iron Hands|Quark Drive|[silent]\n|\n|-weather|Sandstorm|[upkeep]\n|-damage|p2a: Mabosstiff|88\/100|[from] Sandstorm\n|upkeep\n|\n|t:|1699752388\n|switch|p1a: Hoopa|Hoopa-Unbound|100\/100\n|turn|5\n|\n|t:|1699752398\n|move|p1a: Hoopa|Drain Punch|p2a: Mabosstiff\n|-supereffective|p2a: Mabosstiff\n|-damage|p2a: Mabosstiff|0 fnt\n|faint|p2a: Mabosstiff\n|-damage|p1a: Hoopa|91\/100|[from] item: Life Orb\n|\n|-weather|none\n|upkeep\n|\n|t:|1699752418\n|switch|p2a: Cinderace|Cinderace, F|100\/100\n|turn|6\n|\n|t:|1699752426\n|move|p2a: Cinderace|Sucker Punch|p1a: Hoopa\n|-start|p2a: Cinderace|typechange|Dark|[from] ability: Libero\n|-damage|p1a: Hoopa|29\/100\n|move|p1a: Hoopa|Hyperspace Fury|p2a: Cinderace\n|-resisted|p2a: Cinderace\n|-damage|p2a: Cinderace|35\/100\n|-unboost|p1a: Hoopa|def|1\n|-damage|p1a: Hoopa|19\/100|[from] item: Life Orb\n|\n|upkeep\n|turn|7\n|\n|t:|1699752449\n|switch|p1a: Torkoal|Torkoal, F|77\/100\n|-weather|SunnyDay|[from] ability: Drought|[of] p1a: Torkoal\n|switch|p2a: Gardevoir|Gardevoir, M|100\/100\n|-ability|p2a: Gardevoir|Drought|[from] ability: Trace|[of] p1a: Torkoal\n|\n|-weather|SunnyDay|[upkeep]\n|-fieldend|move: Trick Room\n|upkeep\n|turn|8\n|\n|t:|1699752463\n|switch|p2a: Tyranitar|Tyranitar, F|100\/100\n|-weather|Sandstorm|[from] ability: Sand Stream|[of] p2a: Tyranitar\n|-item|p2a: Tyranitar|Air Balloon\n|move|p1a: Torkoal|Earth Power|p2a: Tyranitar\n|-immune|p2a: Tyranitar\n|\n|-weather|Sandstorm|[upkeep]\n|-damage|p1a: Torkoal|70\/100|[from] Sandstorm\n|upkeep\n|turn|9\n|\n|t:|1699752473\n|switch|p1a: Toedscruel|Toedscruel, F|100\/100\n|move|p2a: Tyranitar|Stone Edge|p1a: Toedscruel\n|-resisted|p1a: Toedscruel\n|-damage|p1a: Toedscruel|63\/100\n|\n|-weather|Sandstorm|[upkeep]\n|-heal|p1a: Toedscruel|69\/100|[from] item: Leftovers\n|upkeep\n|turn|10\n|\n|t:|1699752483\n|switch|p2a: Chesnaught|Chesnaught, M|100\/100\n|move|p1a: Toedscruel|Trick Room|p1a: Toedscruel\n|-fieldstart|move: Trick Room|[of] p1a: Toedscruel\n|\n|-weather|Sandstorm|[upkeep]\n|-damage|p2a: Chesnaught|94\/100|[from] Sandstorm\n|-heal|p1a: Toedscruel|75\/100|[from] item: Leftovers\n|upkeep\n|turn|11\n|\n|t:|1699752496\n|switch|p1a: Cresselia|Cresselia, F|61\/100\n|move|p2a: Chesnaught|Spikes|p1a: Cresselia\n|-sidestart|p1: Potayo|Spikes\n|\n|-weather|Sandstorm|[upkeep]\n|-damage|p1a: Cresselia|55\/100|[from] Sandstorm\n|-damage|p2a: Chesnaught|88\/100|[from] Sandstorm\n|upkeep\n|turn|12\n|\n|t:|1699752506\n|move|p1a: Cresselia|Lunar Dance|p1a: Cresselia\n|faint|p1a: Cresselia\n|move|p2a: Chesnaught|Spikes|p1: Cresselia\n|-sidestart|p1: Potayo|Spikes\n|\n|-weather|none\n|upkeep\n|\n|t:|1699752511\n|switch|p1a: Hoopa|Hoopa-Unbound|19\/100\n|-heal|p1a: Hoopa|100\/100|[from] move: Lunar Dance\n|-damage|p1a: Hoopa|84\/100|[from] Spikes\n|turn|13\n|\n|t:|1699752518\n|switch|p2a: Tyranitar|Tyranitar, F|100\/100\n|-weather|Sandstorm|[from] ability: Sand Stream|[of] p2a: Tyranitar\n|-item|p2a: Tyranitar|Air Balloon\n|move|p1a: Hoopa|Psychic|p2a: Tyranitar\n|-immune|p2a: Tyranitar\n|\n|-weather|Sandstorm|[upkeep]\n|-damage|p1a: Hoopa|78\/100|[from] Sandstorm\n|upkeep\n|turn|14\n|\n|t:|1699752525\n|-terastallize|p2a: Tyranitar|Flying\n|move|p1a: Hoopa|Drain Punch|p2a: Tyranitar\n|-resisted|p2a: Tyranitar\n|-damage|p2a: Tyranitar|80\/100\n|-heal|p1a: Hoopa|90\/100|[from] drain|[of] p2a: Tyranitar\n|-enditem|p2a: Tyranitar|Air Balloon\n|-damage|p1a: Hoopa|80\/100|[from] item: Life Orb\n|move|p2a: Tyranitar|Tera Blast|p1a: Hoopa|[anim] Tera Blast Flying\n|-crit|p1a: Hoopa\n|-damage|p1a: Hoopa|0 fnt\n|faint|p1a: Hoopa\n|\n|-weather|Sandstorm|[upkeep]\n|-damage|p2a: Tyranitar|74\/100|[from] Sandstorm\n|-fieldend|move: Trick Room\n|upkeep\n|j| cvvyyuyu656ererw\n|\n|t:|1699752539\n|switch|p1a: Slowbro|Slowbro, M|100\/100\n|-damage|p1a: Slowbro|84\/100|[from] Spikes\n|turn|15\n|\n|t:|1699752544\n|switch|p2a: Clawitzer|Clawitzer, M|100\/100\n|move|p1a: Slowbro|Iron Defense|p1a: Slowbro\n|-boost|p1a: Slowbro|def|2\n|\n|-weather|Sandstorm|[upkeep]\n|-damage|p2a: Clawitzer|94\/100|[from] Sandstorm\n|-damage|p1a: Slowbro|78\/100|[from] Sandstorm\n|-heal|p1a: Slowbro|84\/100|[from] item: Leftovers\n|upkeep\n|turn|16\n|\n|t:|1699752552\n|-terastallize|p1a: Slowbro|Fighting\n|move|p2a: Clawitzer|Dark Pulse|p1a: Slowbro\n|-resisted|p1a: Slowbro\n|-damage|p1a: Slowbro|55\/100\n|move|p1a: Slowbro|Trick Room|p1a: Slowbro\n|-fieldstart|move: Trick Room|[of] p1a: Slowbro\n|\n|-weather|Sandstorm|[upkeep]\n|-damage|p1a: Slowbro|49\/100|[from] Sandstorm\n|-damage|p2a: Clawitzer|88\/100|[from] Sandstorm\n|-heal|p1a: Slowbro|55\/100|[from] item: Leftovers\n|upkeep\n|turn|17\n|\n|t:|1699752566\n|switch|p2a: Chesnaught|Chesnaught, M|88\/100\n|move|p1a: Slowbro|Iron Defense|p1a: Slowbro\n|-boost|p1a: Slowbro|def|2\n|\n|-weather|none\n|-heal|p1a: Slowbro|61\/100|[from] item: Leftovers\n|upkeep\n|turn|18\n|\n|t:|1699752571\n|move|p1a: Slowbro|Psychic|p2a: Chesnaught\n|-supereffective|p2a: Chesnaught\n|-damage|p2a: Chesnaught|13\/100\n|move|p2a: Chesnaught|Spikes|p1a: Slowbro\n|-sidestart|p1: Potayo|Spikes\n|\n|-heal|p1a: Slowbro|67\/100|[from] item: Leftovers\n|upkeep\n|turn|19\n|\n|t:|1699752580\n|move|p2a: Chesnaught|Synthesis|p2a: Chesnaught\n|-heal|p2a: Chesnaught|63\/100\n|move|p1a: Slowbro|Trick Room|p1a: Slowbro\n|-fieldend|move: Trick Room\n|\n|-heal|p1a: Slowbro|73\/100|[from] item: Leftovers\n|upkeep\n|turn|20\n|\n|t:|1699752585\n|switch|p2a: Gardevoir|Gardevoir, M|100\/100\n|-ability|p2a: Gardevoir|Regenerator|[from] ability: Trace|[of] p1a: Slowbro\n|move|p1a: Slowbro|Trick Room|p1a: Slowbro\n|-fieldstart|move: Trick Room|[of] p1a: Slowbro\n|\n|-heal|p1a: Slowbro|79\/100|[from] item: Leftovers\n|upkeep\n|turn|21\n|\n|t:|1699752591\n|move|p1a: Slowbro|Body Press|p2a: Gardevoir\n|-resisted|p2a: Gardevoir\n|-damage|p2a: Gardevoir|46\/100\n|move|p2a: Gardevoir|Moonblast|p1a: Slowbro\n|-supereffective|p1a: Slowbro\n|-damage|p1a: Slowbro|0 fnt\n|faint|p1a: Slowbro\n|\n|upkeep\n|j| Tabata Tandemaus\n|\n|t:|1699752598\n|switch|p1a: Torkoal|Torkoal, F|70\/100\n|-damage|p1a: Torkoal|46\/100|[from] Spikes\n|-weather|SunnyDay|[from] ability: Drought|[of] p1a: Torkoal\n|turn|22\n|-message|Potayo forfeited.\n|\n|win|mathismathin\n|raw|Potayo's rating: 1679 &rarr; <strong>1664<\/strong><br \/>(-15 for losing)\n|raw|mathismathin's rating: 1777 &rarr; <strong>1792<\/strong><br \/>(+15 for winning)\n|l|\u2606Potayo\n","uploadtime":1699752604,"views":8,"p1id":"potayo","p2id":"mathismathin","formatid":"gen9ou","rating":1664,"private":0,"password":""}