{"id":"gen9ou-1989525046","p1":"Latios736","p2":"360Yes","format":"[Gen 9] OU","log":"|j|\u2606Latios736\n|j|\u2606360Yes\n|t:|1699865610\n|gametype|singles\n|player|p1|Latios736|steven|1188\n|player|p2|360Yes|benga|1159\n|teamsize|p1|6\n|teamsize|p2|6\n|gen|9\n|tier|[Gen 9] OU\n|rated|\n|rule|Sleep Clause Mod: Limit one foe put to sleep\n|rule|Species Clause: Limit one of each Pok\u00e9mon\n|rule|OHKO Clause: OHKO moves are banned\n|rule|Evasion Items Clause: Evasion items are banned\n|rule|Evasion Moves Clause: Evasion moves are banned\n|rule|Endless Battle Clause: Forcing endless battles is banned\n|rule|HP Percentage Mod: HP is shown in percentages\n|clearpoke\n|poke|p1|Corviknight, M|\n|poke|p1|Clefable, M|\n|poke|p1|Thundurus-Therian, M|\n|poke|p1|Forretress, M|\n|poke|p1|Samurott-Hisui, F|\n|poke|p1|Sinistcha-Masterpiece|\n|poke|p2|Samurott-Hisui, F|\n|poke|p2|Great Tusk|\n|poke|p2|Gholdengo|\n|poke|p2|Ceruledge, M|\n|poke|p2|Thundurus-Therian, M|\n|poke|p2|Slowking-Galar, F|\n|teampreview\n|inactive|Battle timer is ON: inactive players will automatically lose when time's up. (requested by Latios736)\n|\n|t:|1699865625\n|start\n|switch|p1a: Samurott|Samurott-Hisui, F|100\/100\n|switch|p2a: Thundurus|Thundurus-Therian, M|100\/100\n|turn|1\n|\n|t:|1699865634\n|switch|p1a: Thundurus|Thundurus-Therian, M|100\/100\n|move|p2a: Thundurus|Volt Switch|p1a: Thundurus\n|-immune|p1a: Thundurus|[from] ability: Volt Absorb\n|\n|upkeep\n|turn|2\n|\n|t:|1699865637\n|switch|p2a: Great Tusk|Great Tusk|100\/100\n|move|p1a: Thundurus|Sludge Bomb|p2a: Great Tusk\n|-resisted|p2a: Great Tusk\n|-damage|p2a: Great Tusk|78\/100\n|\n|upkeep\n|turn|3\n|\n|t:|1699865642\n|switch|p1a: Corviknight|Corviknight, M|100\/100\n|-ability|p1a: Corviknight|Pressure\n|move|p2a: Great Tusk|Ice Spinner|p1a: Corviknight\n|-damage|p1a: Corviknight|74\/100\n|\n|upkeep\n|turn|4\n|\n|t:|1699865652\n|-end|p2a: Great Tusk|Protosynthesis|[silent]\n|switch|p2a: Slowking|Slowking-Galar, F|100\/100\n|move|p1a: Corviknight|Brave Bird|p2a: Slowking\n|-damage|p2a: Slowking|22\/100\n|-damage|p1a: Corviknight|49\/100|[from] Recoil\n|\n|upkeep\n|turn|5\n|\n|t:|1699865662\n|switch|p2a: Samurott|Samurott-Hisui, F, shiny|100\/100\n|move|p1a: Corviknight|Brave Bird|p2a: Samurott\n|-damage|p2a: Samurott|0 fnt\n|faint|p2a: Samurott\n|-damage|p1a: Corviknight|22\/100|[from] Recoil\n|\n|upkeep\n|\n|t:|1699865670\n|switch|p2a: Ceruledge|Ceruledge, M|100\/100\n|turn|6\n|\n|t:|1699865681\n|move|p2a: Ceruledge|Bitter Blade|p1a: Corviknight\n|-supereffective|p1a: Corviknight\n|-damage|p1a: Corviknight|0 fnt\n|faint|p1a: Corviknight\n|-damage|p2a: Ceruledge|91\/100|[from] item: Life Orb\n|\n|upkeep\n|\n|t:|1699865686\n|switch|p1a: Sinistcha|Sinistcha-Masterpiece|100\/100\n|turn|7\n|\n|t:|1699865694\n|move|p1a: Sinistcha|Shadow Ball|p2a: Ceruledge\n|-supereffective|p2a: Ceruledge\n|-damage|p2a: Ceruledge|0 fnt\n|faint|p2a: Ceruledge\n|\n|upkeep\n|\n|t:|1699865705\n|switch|p2a: Thundurus|Thundurus-Therian, M|100\/100\n|turn|8\n|\n|t:|1699865712\n|switch|p1a: Thundurus|Thundurus-Therian, M|100\/100\n|-terastallize|p2a: Thundurus|Ice\n|move|p2a: Thundurus|Tera Blast|p1a: Thundurus|[anim] Tera Blast Ice\n|-supereffective|p1a: Thundurus\n|-damage|p1a: Thundurus|0 fnt\n|faint|p1a: Thundurus\n|\n|upkeep\n|\n|t:|1699865723\n|switch|p1a: Forretress|Forretress, M|100\/100\n|turn|9\n|\n|t:|1699865744\n|switch|p2a: Gholdengo|Gholdengo|100\/100\n|-item|p2a: Gholdengo|Air Balloon\n|move|p1a: Forretress|Iron Head|p2a: Gholdengo\n|-resisted|p2a: Gholdengo\n|-damage|p2a: Gholdengo|77\/100\n|-enditem|p2a: Gholdengo|Air Balloon\n|\n|upkeep\n|turn|10\n|\n|t:|1699865754\n|switch|p1a: Samurott|Samurott-Hisui, F|100\/100\n|move|p2a: Gholdengo|Thunder Wave|p1a: Samurott\n|-status|p1a: Samurott|par\n|\n|upkeep\n|turn|11\n|\n|t:|1699865762\n|switch|p2a: Great Tusk|Great Tusk|78\/100\n|move|p1a: Samurott|Ceaseless Edge|p2a: Great Tusk|[miss]\n|-miss|p1a: Samurott|p2a: Great Tusk\n|\n|upkeep\n|turn|12\n|\n|t:|1699865778\n|switch|p1a: Sinistcha|Sinistcha-Masterpiece|100\/100\n|move|p2a: Great Tusk|Close Combat|p1a: Sinistcha\n|-immune|p1a: Sinistcha\n|\n|upkeep\n|turn|13\n|\n|t:|1699865801\n|-end|p2a: Great Tusk|Protosynthesis|[silent]\n|switch|p2a: Slowking|Slowking-Galar, F|55\/100\n|move|p1a: Sinistcha|Matcha Gotcha|p2a: Slowking\n|-resisted|p2a: Slowking\n|-damage|p2a: Slowking|43\/100\n|-status|p2a: Slowking|brn\n|\n|-damage|p2a: Slowking|37\/100 brn|[from] brn\n|upkeep\n|turn|14\n|\n|t:|1699865812\n|switch|p1a: Samurott|Samurott-Hisui, F|100\/100 par\n|move|p2a: Slowking|Yawn||[still]\n|-fail|p2a: Slowking\n|\n|-damage|p2a: Slowking|31\/100 brn|[from] brn\n|upkeep\n|turn|15\n|\n|t:|1699865816\n|switch|p2a: Great Tusk|Great Tusk|78\/100\n|move|p1a: Samurott|Ceaseless Edge|p2a: Great Tusk\n|-resisted|p2a: Great Tusk\n|-damage|p2a: Great Tusk|64\/100\n|-sidestart|p2: 360Yes|Spikes\n|\n|upkeep\n|turn|16\n|\n|t:|1699865824\n|switch|p1a: Forretress|Forretress, M|100\/100\n|move|p2a: Great Tusk|Ice Spinner|p1a: Forretress\n|-resisted|p1a: Forretress\n|-damage|p1a: Forretress|88\/100\n|\n|upkeep\n|turn|17\n|\n|t:|1699865828\n|move|p2a: Great Tusk|Headlong Rush|p1a: Forretress\n|-damage|p1a: Forretress|41\/100\n|-unboost|p2a: Great Tusk|def|1\n|-unboost|p2a: Great Tusk|spd|1\n|move|p1a: Forretress|Ice Spinner|p2a: Great Tusk\n|-supereffective|p2a: Great Tusk\n|-damage|p2a: Great Tusk|0 fnt\n|faint|p2a: Great Tusk\n|-end|p2a: Great Tusk|Protosynthesis|[silent]\n|\n|upkeep\n|\n|t:|1699865833\n|switch|p2a: Thundurus|Thundurus-Therian, M, tera:Ice|100\/100\n|-damage|p2a: Thundurus|88\/100|[from] Spikes\n|turn|18\n|\n|t:|1699865838\n|move|p2a: Thundurus|Thunderbolt|p1a: Forretress\n|-damage|p1a: Forretress|0 fnt\n|faint|p1a: Forretress\n|\n|upkeep\n|\n|t:|1699865844\n|switch|p1a: Clefable|Clefable, M|100\/100\n|turn|19\n|\n|t:|1699865850\n|switch|p2a: Slowking|Slowking-Galar, F|64\/100 brn\n|move|p1a: Clefable|Moonblast|p2a: Slowking\n|-resisted|p2a: Slowking\n|-damage|p2a: Slowking|53\/100 brn\n|\n|-damage|p2a: Slowking|47\/100 brn|[from] brn\n|upkeep\n|turn|20\n|\n|t:|1699865853\n|switch|p1a: Samurott|Samurott-Hisui, F|100\/100 par\n|move|p2a: Slowking|Chilly Reception|p2a: Slowking\n|-weather|Snow\n|\n|t:|1699865858\n|switch|p2a: Thundurus|Thundurus-Therian, M, tera:Ice|88\/100|[from] Chilly Reception\n|-damage|p2a: Thundurus|76\/100|[from] Spikes\n|\n|-weather|Snow|[upkeep]\n|upkeep\n|turn|21\n|\n|t:|1699865868\n|move|p2a: Thundurus|Volt Switch|p1a: Samurott\n|-supereffective|p1a: Samurott\n|-damage|p1a: Samurott|0 fnt\n|faint|p1a: Samurott\n|\n|t:|1699865872\n|switch|p2a: Slowking|Slowking-Galar, F|80\/100 brn|[from] Volt Switch\n|\n|-weather|Snow|[upkeep]\n|-damage|p2a: Slowking|74\/100 brn|[from] brn\n|upkeep\n|\n|t:|1699865878\n|switch|p1a: Sinistcha|Sinistcha-Masterpiece|100\/100\n|turn|22\n|\n|t:|1699865880\n|move|p1a: Sinistcha|Shadow Ball|p2a: Slowking\n|-supereffective|p2a: Slowking\n|-damage|p2a: Slowking|30\/100 brn\n|move|p2a: Slowking|Thunder Wave|p1a: Sinistcha\n|-status|p1a: Sinistcha|par\n|\n|-weather|Snow|[upkeep]\n|-damage|p2a: Slowking|24\/100 brn|[from] brn\n|upkeep\n|turn|23\n|\n|t:|1699865892\n|switch|p2a: Gholdengo|Gholdengo|77\/100\n|-damage|p2a: Gholdengo|65\/100|[from] Spikes\n|move|p1a: Sinistcha|Shadow Ball|p2a: Gholdengo\n|-supereffective|p2a: Gholdengo\n|-damage|p2a: Gholdengo|0 fnt\n|faint|p2a: Gholdengo\n|\n|-weather|Snow|[upkeep]\n|upkeep\n|\n|t:|1699865899\n|switch|p2a: Thundurus|Thundurus-Therian, M, tera:Ice|76\/100\n|-damage|p2a: Thundurus|63\/100|[from] Spikes\n|turn|24\n|\n|t:|1699865905\n|move|p2a: Thundurus|Tera Blast|p1a: Sinistcha|[anim] Tera Blast Ice\n|-supereffective|p1a: Sinistcha\n|-damage|p1a: Sinistcha|0 fnt\n|faint|p1a: Sinistcha\n|\n|-weather|none\n|upkeep\n|\n|t:|1699865907\n|switch|p1a: Clefable|Clefable, M|100\/100\n|turn|25\n|\n|t:|1699865913\n|switch|p2a: Slowking|Slowking-Galar, F|57\/100 brn\n|-terastallize|p1a: Clefable|Fairy\n|move|p1a: Clefable|Moonblast|p2a: Slowking\n|-resisted|p2a: Slowking\n|-damage|p2a: Slowking|41\/100 brn\n|\n|-damage|p2a: Slowking|35\/100 brn|[from] brn\n|upkeep\n|turn|26\n|\n|t:|1699865921\n|move|p1a: Clefable|Moonblast|p2a: Slowking\n|-resisted|p2a: Slowking\n|-damage|p2a: Slowking|21\/100 brn\n|-unboost|p2a: Slowking|spa|1\n|move|p2a: Slowking|Yawn|p1a: Clefable\n|-start|p1a: Clefable|move: Yawn|[of] p2a: Slowking\n|\n|-damage|p2a: Slowking|14\/100 brn|[from] brn\n|upkeep\n|turn|27\n|\n|t:|1699865926\n|move|p1a: Clefable|Moonblast|p2a: Slowking\n|-resisted|p2a: Slowking\n|-damage|p2a: Slowking|0 fnt\n|faint|p2a: Slowking\n|\n|-end|p1a: Clefable|move: Yawn|[silent]\n|-status|p1a: Clefable|slp\n|upkeep\n|\n|t:|1699865929\n|switch|p2a: Thundurus|Thundurus-Therian, M, tera:Ice|63\/100\n|-damage|p2a: Thundurus|51\/100|[from] Spikes\n|turn|28\n|\n|t:|1699865933\n|cant|p1a: Clefable|slp\n|move|p2a: Thundurus|Thunderbolt|p1a: Clefable\n|-damage|p1a: Clefable|13\/100 slp\n|\n|upkeep\n|turn|29\n|\n|t:|1699865936\n|cant|p1a: Clefable|slp\n|move|p2a: Thundurus|Thunderbolt|p1a: Clefable\n|-damage|p1a: Clefable|0 fnt\n|faint|p1a: Clefable\n|\n|win|360Yes\n|raw|Latios736's rating: 1188 &rarr; <strong>1161<\/strong><br \/>(-27 for losing)\n|raw|360Yes's rating: 1159 &rarr; <strong>1186<\/strong><br \/>(+27 for winning)\n|c|\u2606360Yes|Gg\n|l|\u2606Latios736\n","uploadtime":1699865953,"views":8,"p1id":"latios736","p2id":"360yes","formatid":"gen9ou","rating":1161,"private":0,"password":""}