{"id":"gen9ou-1992063951","p1":"shik578","p2":"Carbolo","format":"[Gen 9] OU","log":"|j|\u2606shik578\n|j|\u2606Carbolo\n|t:|1700152049\n|gametype|singles\n|player|p1|shik578|170|1150\n|player|p2|Carbolo|tate|1210\n|teamsize|p1|6\n|teamsize|p2|6\n|gen|9\n|tier|[Gen 9] OU\n|rated|\n|rule|Sleep Clause Mod: Limit one foe put to sleep\n|rule|Species Clause: Limit one of each Pok\u00e9mon\n|rule|OHKO Clause: OHKO moves are banned\n|rule|Evasion Items Clause: Evasion items are banned\n|rule|Evasion Moves Clause: Evasion moves are banned\n|rule|Endless Battle Clause: Forcing endless battles is banned\n|rule|HP Percentage Mod: HP is shown in percentages\n|clearpoke\n|poke|p1|Ogerpon-Wellspring, F|\n|poke|p1|Magnezone|\n|poke|p1|Alomomola, M|\n|poke|p1|Iron Valiant|\n|poke|p1|Glimmora, M|\n|poke|p1|Landorus-Therian, M|\n|poke|p2|Dragapult, M|\n|poke|p2|Gholdengo|\n|poke|p2|Sneasler, F|\n|poke|p2|Great Tusk|\n|poke|p2|Meowscarada, M|\n|poke|p2|Iron Valiant|\n|teampreview\n|\n|t:|1700152057\n|start\n|switch|p1a: Landorus|Landorus-Therian, M|100\/100\n|switch|p2a: Great Tusk|Great Tusk|100\/100\n|-ability|p1a: Landorus|Intimidate|boost\n|-unboost|p2a: Great Tusk|atk|1\n|turn|1\n|inactive|Battle timer is ON: inactive players will automatically lose when time's up. (requested by Carbolo)\n|\n|t:|1700152065\n|move|p2a: Great Tusk|Knock Off|p1a: Landorus\n|-damage|p1a: Landorus|84\/100\n|-enditem|p1a: Landorus|Leftovers|[from] move: Knock Off|[of] p2a: Great Tusk\n|move|p1a: Landorus|Stealth Rock|p2a: Great Tusk\n|-sidestart|p2: Carbolo|move: Stealth Rock\n|\n|upkeep\n|turn|2\n|\n|t:|1700152071\n|move|p2a: Great Tusk|Rapid Spin|p1a: Landorus\n|-damage|p1a: Landorus|76\/100\n|-boost|p2a: Great Tusk|spe|1\n|-sideend|p2: Carbolo|Stealth Rock|[from] move: Rapid Spin|[of] p2a: Great Tusk\n|move|p1a: Landorus|U-turn|p2a: Great Tusk\n|-resisted|p2a: Great Tusk\n|-damage|p2a: Great Tusk|92\/100\n|\n|t:|1700152076\n|switch|p1a: Alomomola|Alomomola, M|100\/100|[from] U-turn\n|\n|upkeep\n|turn|3\n|\n|t:|1700152084\n|-end|p2a: Great Tusk|Protosynthesis|[silent]\n|switch|p2a: Gholdengo|Gholdengo|100\/100\n|move|p1a: Alomomola|Scald|p2a: Gholdengo\n|-damage|p2a: Gholdengo|84\/100\n|-status|p2a: Gholdengo|brn\n|\n|-damage|p2a: Gholdengo|78\/100 brn|[from] brn\n|upkeep\n|turn|4\n|\n|t:|1700152098\n|switch|p1a: Magnezone|Magnezone|100\/100\n|move|p2a: Gholdengo|Shadow Ball|p1a: Magnezone\n|-damage|p1a: Magnezone|71\/100\n|\n|-damage|p2a: Gholdengo|72\/100 brn|[from] brn\n|upkeep\n|turn|5\n|\n|t:|1700152106\n|move|p2a: Gholdengo|Shadow Ball|p1a: Magnezone\n|-damage|p1a: Magnezone|41\/100\n|move|p1a: Magnezone|Thunderbolt|p2a: Gholdengo\n|-damage|p2a: Gholdengo|12\/100 brn\n|\n|-damage|p2a: Gholdengo|6\/100 brn|[from] brn\n|upkeep\n|turn|6\n|inactive|shik578 has 120 seconds left.\n|inactive|shik578 has 90 seconds left.\n|\n|t:|1700152173\n|move|p2a: Gholdengo|Shadow Ball|p1a: Magnezone\n|-damage|p1a: Magnezone|8\/100\n|move|p1a: Magnezone|Volt Switch|p2a: Gholdengo\n|-damage|p2a: Gholdengo|0 fnt\n|faint|p2a: Gholdengo\n|\n|t:|1700152175\n|switch|p1a: Alomomola|Alomomola, M|100\/100|[from] Volt Switch\n|\n|upkeep\n|\n|t:|1700152187\n|switch|p2a: Meowscarada|Meowscarada, M|100\/100\n|turn|7\n|inactive|shik578 has 90 seconds left.\n|\n|t:|1700152214\n|switch|p1a: Landorus|Landorus-Therian, M|76\/100\n|-ability|p1a: Landorus|Intimidate|boost\n|-unboost|p2a: Meowscarada|atk|1\n|move|p2a: Meowscarada|Flower Trick|p1a: Landorus\n|-start|p2a: Meowscarada|typechange|Grass|[from] ability: Protean\n|-crit|p1a: Landorus\n|-damage|p1a: Landorus|24\/100\n|\n|upkeep\n|turn|8\n|inactive|shik578 has 60 seconds left.\n|\n|t:|1700152269\n|switch|p1a: Glimmora|Glimmora, M|100\/100\n|-item|p1a: Glimmora|Air Balloon\n|move|p2a: Meowscarada|Flower Trick|p1a: Glimmora\n|-crit|p1a: Glimmora\n|-damage|p1a: Glimmora|11\/100\n|-activate|p1a: Glimmora|ability: Toxic Debris\n|-sidestart|p2: Carbolo|move: Toxic Spikes\n|-enditem|p1a: Glimmora|Air Balloon\n|\n|upkeep\n|turn|9\n|\n|t:|1700152284\n|move|p1a: Glimmora|Spiky Shield|p1a: Glimmora\n|-singleturn|p1a: Glimmora|move: Protect\n|move|p2a: Meowscarada|Flower Trick|p1a: Glimmora\n|-activate|p1a: Glimmora|move: Protect\n|\n|upkeep\n|turn|10\n|inactive|shik578 has 30 seconds left.\n|inactive|shik578 has 20 seconds left.\n|inactive|shik578 has 15 seconds left.\n|\n|t:|1700152326\n|switch|p1a: Ogerpon|Ogerpon-Wellspring, F|100\/100\n|move|p2a: Meowscarada|Flower Trick|p1a: Ogerpon\n|-crit|p1a: Ogerpon\n|-damage|p1a: Ogerpon|2\/100\n|\n|upkeep\n|turn|11\n|inactive|shik578 has 25 seconds left this turn.\n|inactive|shik578 has 20 seconds left.\n|\n|t:|1700152333\n|move|p2a: Meowscarada|Flower Trick|p1a: Ogerpon\n|-crit|p1a: Ogerpon\n|-damage|p1a: Ogerpon|0 fnt\n|faint|p1a: Ogerpon\n|\n|upkeep\n|inactive|shik578 has 25 seconds left this turn.\n|inactive|shik578 has 20 seconds left.\n|inactive|shik578 has 15 seconds left.\n|\n|t:|1700152344\n|switch|p1a: Iron Valiant|Iron Valiant|100\/100\n|-enditem|p1a: Iron Valiant|Booster Energy\n|-activate|p1a: Iron Valiant|ability: Quark Drive|[fromitem]\n|-start|p1a: Iron Valiant|quarkdrivespe\n|turn|12\n|inactive|shik578 has 25 seconds left this turn.\n|c|\u2606Carbolo|Hurry\n|\n|t:|1700152351\n|-terastallize|p2a: Meowscarada|Grass\n|move|p1a: Iron Valiant|Moonblast|p2a: Meowscarada\n|-damage|p2a: Meowscarada|30\/100\n|move|p2a: Meowscarada|Flower Trick|p1a: Iron Valiant\n|-crit|p1a: Iron Valiant\n|-damage|p1a: Iron Valiant|0 fnt\n|faint|p1a: Iron Valiant\n|-end|p1a: Iron Valiant|Quark Drive|[silent]\n|\n|upkeep\n|inactive|shik578 has 30 seconds left this turn.\n|\n|t:|1700152356\n|switch|p1a: Alomomola|Alomomola, M|100\/100\n|turn|13\n|\n|t:|1700152363\n|move|p2a: Meowscarada|Flower Trick|p1a: Alomomola\n|-supereffective|p1a: Alomomola\n|-crit|p1a: Alomomola\n|-damage|p1a: Alomomola|0 fnt\n|faint|p1a: Alomomola\n|\n|upkeep\n|-message|shik578 forfeited.\n|\n|win|Carbolo\n|raw|shik578's rating: 1150 &rarr; <strong>1129<\/strong><br \/>(-21 for losing)\n|raw|Carbolo's rating: 1210 &rarr; <strong>1231<\/strong><br \/>(+21 for winning)\n|l|\u2606shik578\n","uploadtime":1700152372,"views":16,"p1id":"shik578","p2id":"carbolo","formatid":"gen9ou","rating":1129,"private":0,"password":""}