{"id":"gen9ou-1994313654","p1":"mamanocta","p2":"FoodieTheFood","format":"[Gen 9] OU","log":"|j|\u2606mamanocta\n|j|\u2606FoodieTheFood\n|t:|1700430042\n|gametype|singles\n|player|p1|mamanocta|hooligans|1288\n|player|p2|FoodieTheFood|iris-gen5bw2|1193\n|teamsize|p1|6\n|teamsize|p2|6\n|gen|9\n|tier|[Gen 9] OU\n|rated|\n|rule|Sleep Clause Mod: Limit one foe put to sleep\n|rule|Species Clause: Limit one of each Pok\u00e9mon\n|rule|OHKO Clause: OHKO moves are banned\n|rule|Evasion Items Clause: Evasion items are banned\n|rule|Evasion Moves Clause: Evasion moves are banned\n|rule|Endless Battle Clause: Forcing endless battles is banned\n|rule|HP Percentage Mod: HP is shown in percentages\n|clearpoke\n|poke|p1|Typhlosion-Hisui, F|\n|poke|p1|Great Tusk|\n|poke|p1|Ting-Lu|\n|poke|p1|Greninja-*, M|\n|poke|p1|Dragapult, F|\n|poke|p1|Corviknight, F|\n|poke|p2|Glimmora, F|\n|poke|p2|Gholdengo|\n|poke|p2|Mimikyu, M|\n|poke|p2|Rillaboom, F|\n|poke|p2|Kingambit, F|\n|poke|p2|Iron Moth|\n|teampreview\n|\n|t:|1700430054\n|start\n|switch|p1a: Great Tusk|Great Tusk|100\/100\n|switch|p2a: Glimmora|Glimmora, F|100\/100\n|turn|1\n|\n|t:|1700430066\n|switch|p2a: Rillaboom|Rillaboom, F|100\/100\n|-fieldstart|move: Grassy Terrain|[from] ability: Grassy Surge|[of] p2a: Rillaboom\n|move|p1a: Great Tusk|Earthquake|p2a: Rillaboom\n|-resisted|p2a: Rillaboom\n|-damage|p2a: Rillaboom|84\/100\n|\n|-heal|p2a: Rillaboom|91\/100|[from] Grassy Terrain\n|upkeep\n|turn|2\n|\n|t:|1700430077\n|-end|p1a: Great Tusk|Protosynthesis|[silent]\n|switch|p1a: Corviknight|Corviknight, F|100\/100\n|-ability|p1a: Corviknight|Pressure\n|move|p2a: Rillaboom|Wood Hammer|p1a: Corviknight\n|-resisted|p1a: Corviknight\n|-damage|p1a: Corviknight|77\/100\n|-damage|p2a: Rillaboom|74\/100|[from] item: Rocky Helmet|[of] p1a: Corviknight\n|-damage|p2a: Rillaboom|65\/100|[from] Recoil\n|\n|-heal|p2a: Rillaboom|71\/100|[from] Grassy Terrain\n|upkeep\n|turn|3\n|\n|t:|1700430098\n|switch|p2a: Iron Moth|Iron Moth|100\/100\n|-enditem|p2a: Iron Moth|Booster Energy\n|-activate|p2a: Iron Moth|ability: Quark Drive|[fromitem]\n|-start|p2a: Iron Moth|quarkdrivespa\n|move|p1a: Corviknight|U-turn|p2a: Iron Moth\n|-resisted|p2a: Iron Moth\n|-damage|p2a: Iron Moth|94\/100\n|\n|t:|1700430119\n|switch|p1a: Ting-Lu|Ting-Lu|100\/100|[from] U-turn\n|-ability|p1a: Ting-Lu|Vessel of Ruin\n|\n|-heal|p2a: Iron Moth|99\/100|[from] Grassy Terrain\n|upkeep\n|turn|4\n|\n|t:|1700430129\n|move|p2a: Iron Moth|Energy Ball|p1a: Ting-Lu\n|-supereffective|p1a: Ting-Lu\n|-damage|p1a: Ting-Lu|48\/100\n|move|p1a: Ting-Lu|Earthquake|p2a: Iron Moth\n|-supereffective|p2a: Iron Moth\n|-damage|p2a: Iron Moth|0 fnt\n|faint|p2a: Iron Moth\n|-end|p2a: Iron Moth|Quark Drive|[silent]\n|\n|-heal|p1a: Ting-Lu|54\/100|[from] Grassy Terrain\n|-heal|p1a: Ting-Lu|60\/100|[from] item: Leftovers\n|upkeep\n|\n|t:|1700430132\n|switch|p2a: Glimmora|Glimmora, F|100\/100\n|turn|5\n|\n|t:|1700430146\n|move|p2a: Glimmora|Stealth Rock|p1a: Ting-Lu\n|-sidestart|p1: mamanocta|move: Stealth Rock\n|move|p1a: Ting-Lu|Stealth Rock|p2a: Glimmora\n|-sidestart|p2: FoodieTheFood|move: Stealth Rock\n|\n|-heal|p1a: Ting-Lu|66\/100|[from] Grassy Terrain\n|-heal|p1a: Ting-Lu|72\/100|[from] item: Leftovers\n|-fieldend|move: Grassy Terrain\n|upkeep\n|turn|6\n|\n|t:|1700430159\n|move|p2a: Glimmora|Spikes|p1a: Ting-Lu\n|-sidestart|p1: mamanocta|Spikes\n|move|p1a: Ting-Lu|Earthquake|p2a: Glimmora\n|-supereffective|p2a: Glimmora\n|-enditem|p2a: Glimmora|Focus Sash\n|-damage|p2a: Glimmora|1\/100\n|-activate|p2a: Glimmora|ability: Toxic Debris\n|-sidestart|p1: mamanocta|move: Toxic Spikes\n|\n|-heal|p1a: Ting-Lu|79\/100|[from] item: Leftovers\n|upkeep\n|turn|7\n|inactive|Battle timer is ON: inactive players will automatically lose when time's up. (requested by mamanocta)\n|\n|t:|1700430209\n|move|p2a: Glimmora|Spikes|p1a: Ting-Lu\n|-sidestart|p1: mamanocta|Spikes\n|move|p1a: Ting-Lu|Whirlwind|p2a: Glimmora\n|drag|p2a: Kingambit|Kingambit, F|100\/100\n|-activate|p2a: Kingambit|ability: Supreme Overlord\n|-start|p2a: Kingambit|fallen1|[silent]\n|\n|-heal|p1a: Ting-Lu|85\/100|[from] item: Leftovers\n|upkeep\n|turn|8\n|l|\u2606mamanocta\n|inactive|mamanocta disconnected and has a minute to reconnect!\n|player|p1|\n|inactive|mamanocta has 30 seconds to reconnect!\n|inactive|mamanocta has 20 seconds to reconnect!\n|inactive|mamanocta has 15 seconds to reconnect!\n|inactive|mamanocta has 10 seconds to reconnect!\n|inactive|mamanocta has 5 seconds to reconnect!\n|-message|mamanocta lost due to inactivity.\n|\n|win|FoodieTheFood\n|raw|mamanocta's rating: 1288 &rarr; <strong>1256<\/strong><br \/>(-32 for losing)\n|raw|FoodieTheFood's rating: 1193 &rarr; <strong>1225<\/strong><br \/>(+32 for winning)\n|j|\u2606mamanocta\n|player|p1|mamanocta|hooligans\n|c|\u2606mamanocta|fuck that shi\n|l|\u2606mamanocta\n|player|p1|\n","uploadtime":1700430310,"views":27,"p1id":"mamanocta","p2id":"foodiethefood","formatid":"gen9ou","rating":1225,"private":0,"password":""}