{"id":"gen9ou-1996735103","p1":"HudsonuospnH","p2":"chinu1835p","format":"[Gen 9] OU","log":"|j|\u2606HudsonuospnH\n|j|\u2606chinu1835p\n|t:|1700716460\n|gametype|singles\n|player|p1|HudsonuospnH|mars|1041\n|player|p2|chinu1835p|wallace|1115\n|teamsize|p1|6\n|teamsize|p2|6\n|gen|9\n|tier|[Gen 9] OU\n|rated|\n|rule|Sleep Clause Mod: Limit one foe put to sleep\n|rule|Species Clause: Limit one of each Pok\u00e9mon\n|rule|OHKO Clause: OHKO moves are banned\n|rule|Evasion Items Clause: Evasion items are banned\n|rule|Evasion Moves Clause: Evasion moves are banned\n|rule|Endless Battle Clause: Forcing endless battles is banned\n|rule|HP Percentage Mod: HP is shown in percentages\n|clearpoke\n|poke|p1|Klefki, M|\n|poke|p1|Walking Wake|\n|poke|p1|Dondozo, M|\n|poke|p1|Maushold-Four|\n|poke|p1|Breloom, F|\n|poke|p1|Clefable, M|\n|poke|p2|Okidogi, M|\n|poke|p2|Ninetales-Alola, F|\n|poke|p2|Greninja-*, M|\n|poke|p2|Manaphy|\n|poke|p2|Kingambit, M|\n|poke|p2|Ditto|\n|teampreview\n|inactive|Battle timer is ON: inactive players will automatically lose when time's up. (requested by chinu1835p)\n|inactive|HudsonuospnH has 120 seconds left.\n|\n|t:|1700716540\n|start\n|switch|p1a: Klefki|Klefki, M|100\/100\n|switch|p2a: Okidogi|Okidogi, M|100\/100\n|turn|1\n|\n|t:|1700716547\n|move|p1a: Klefki|Thunder Wave|p2a: Okidogi\n|-status|p2a: Okidogi|par\n|move|p2a: Okidogi|Poison Jab|p1a: Klefki\n|-immune|p1a: Klefki\n|\n|upkeep\n|turn|2\n|\n|t:|1700716560\n|move|p1a: Klefki|Sunny Day|p1a: Klefki\n|-weather|SunnyDay\n|move|p2a: Okidogi|Knock Off|p1a: Klefki\n|-resisted|p1a: Klefki\n|-damage|p1a: Klefki|78\/100\n|-enditem|p1a: Klefki|Heat Rock|[from] move: Knock Off|[of] p2a: Okidogi\n|\n|-weather|SunnyDay|[upkeep]\n|upkeep\n|turn|3\n|\n|t:|1700716568\n|switch|p1a: Walking Wake|Walking Wake|100\/100\n|-activate|p1a: Walking Wake|ability: Protosynthesis\n|-start|p1a: Walking Wake|protosynthesisspe\n|cant|p2a: Okidogi|par\n|\n|-weather|SunnyDay|[upkeep]\n|upkeep\n|turn|4\n|\n|t:|1700716582\n|switch|p2a: Ditto|Ditto, shiny|100\/100\n|-transform|p2a: Ditto|p1a: Walking Wake|[from] ability: Imposter\n|move|p1a: Walking Wake|Hurricane|p2a: Ditto|[miss]\n|-miss|p1a: Walking Wake|p2a: Ditto\n|\n|-weather|SunnyDay|[upkeep]\n|upkeep\n|turn|5\n|\n|t:|1700716593\n|move|p2a: Ditto|Draco Meteor|p1a: Walking Wake|[miss]\n|-miss|p2a: Ditto|p1a: Walking Wake\n|move|p1a: Walking Wake|Draco Meteor|p2a: Ditto\n|-supereffective|p2a: Ditto\n|-damage|p2a: Ditto|0 fnt\n|-unboost|p1a: Walking Wake|spa|2\n|faint|p2a: Ditto\n|-end|p2a: Ditto|Protosynthesis|[silent]\n|-damage|p1a: Walking Wake|91\/100|[from] item: Life Orb\n|\n|-weather|SunnyDay|[upkeep]\n|upkeep\n|\n|t:|1700716609\n|switch|p2a: Ninetales|Ninetales-Alola, F|100\/100\n|-weather|Snow|[from] ability: Snow Warning|[of] p2a: Ninetales\n|-end|p1a: Walking Wake|Protosynthesis\n|turn|6\n|\n|t:|1700716623\n|-end|p1a: Walking Wake|Protosynthesis|[silent]\n|switch|p1a: Dondozo|Dondozo, M|100\/100\n|move|p2a: Ninetales|Aurora Veil|p2a: Ninetales\n|-sidestart|p2: chinu1835p|move: Aurora Veil\n|\n|-weather|Snow|[upkeep]\n|upkeep\n|turn|7\n|\n|t:|1700716628\n|move|p2a: Ninetales|Freeze-Dry|p1a: Dondozo\n|-supereffective|p1a: Dondozo\n|-damage|p1a: Dondozo|60\/100\n|move|p1a: Dondozo|Yawn|p2a: Ninetales\n|-start|p2a: Ninetales|move: Yawn|[of] p1a: Dondozo\n|\n|-weather|Snow|[upkeep]\n|-heal|p1a: Dondozo|66\/100|[from] item: Leftovers\n|upkeep\n|turn|8\n|\n|t:|1700716637\n|move|p2a: Ninetales|Hypnosis|p1a: Dondozo|[miss]\n|-miss|p2a: Ninetales|p1a: Dondozo\n|move|p1a: Dondozo|Curse|p1a: Dondozo\n|-unboost|p1a: Dondozo|spe|1\n|-boost|p1a: Dondozo|atk|1\n|-boost|p1a: Dondozo|def|1\n|\n|-weather|Snow|[upkeep]\n|-heal|p1a: Dondozo|72\/100|[from] item: Leftovers\n|-end|p2a: Ninetales|move: Yawn|[silent]\n|-status|p2a: Ninetales|slp\n|upkeep\n|turn|9\n|\n|t:|1700716648\n|switch|p2a: Manaphy|Manaphy|100\/100\n|move|p1a: Dondozo|Curse|p1a: Dondozo\n|-unboost|p1a: Dondozo|spe|1\n|-boost|p1a: Dondozo|atk|1\n|-boost|p1a: Dondozo|def|1\n|\n|-weather|Snow|[upkeep]\n|-heal|p1a: Dondozo|78\/100|[from] item: Leftovers\n|upkeep\n|turn|10\n|\n|t:|1700716658\n|move|p2a: Manaphy|Tail Glow|p2a: Manaphy\n|-boost|p2a: Manaphy|spa|3\n|move|p1a: Dondozo|Curse|p1a: Dondozo\n|-unboost|p1a: Dondozo|spe|1\n|-boost|p1a: Dondozo|atk|1\n|-boost|p1a: Dondozo|def|1\n|\n|-weather|none\n|-heal|p1a: Dondozo|84\/100|[from] item: Leftovers\n|upkeep\n|turn|11\n|\n|t:|1700716666\n|move|p2a: Manaphy|Energy Ball|p1a: Dondozo\n|-supereffective|p1a: Dondozo\n|-damage|p1a: Dondozo|32\/100\n|move|p1a: Dondozo|Outrage|p2a: Manaphy\n|-damage|p2a: Manaphy|55\/100\n|\n|-heal|p2a: Manaphy|61\/100|[from] item: Leftovers\n|-heal|p1a: Dondozo|38\/100|[from] item: Leftovers\n|upkeep\n|turn|12\n|\n|t:|1700716675\n|move|p2a: Manaphy|Energy Ball|p1a: Dondozo\n|-supereffective|p1a: Dondozo\n|-damage|p1a: Dondozo|0 fnt\n|faint|p1a: Dondozo\n|\n|-heal|p2a: Manaphy|67\/100|[from] item: Leftovers\n|upkeep\n|\n|t:|1700716682\n|switch|p1a: Klefki|Klefki, M|78\/100\n|turn|13\n|\n|t:|1700716688\n|move|p1a: Klefki|Sunny Day|p1a: Klefki\n|-weather|SunnyDay\n|move|p2a: Manaphy|Scald|p1a: Klefki\n|-damage|p1a: Klefki|25\/100\n|\n|-weather|SunnyDay|[upkeep]\n|-heal|p2a: Manaphy|74\/100|[from] item: Leftovers\n|-sideend|p2: chinu1835p|move: Aurora Veil\n|upkeep\n|turn|14\n|\n|t:|1700716696\n|move|p1a: Klefki|Thunder Wave|p2a: Manaphy\n|-status|p2a: Manaphy|par\n|move|p2a: Manaphy|Energy Ball|p1a: Klefki\n|-resisted|p1a: Klefki\n|-damage|p1a: Klefki|0 fnt\n|faint|p1a: Klefki\n|\n|-weather|SunnyDay|[upkeep]\n|-heal|p2a: Manaphy|80\/100 par|[from] item: Leftovers\n|upkeep\n|\n|t:|1700716702\n|switch|p1a: Walking Wake|Walking Wake|91\/100\n|-activate|p1a: Walking Wake|ability: Protosynthesis\n|-start|p1a: Walking Wake|protosynthesisspe\n|turn|15\n|\n|t:|1700716714\n|move|p1a: Walking Wake|Hydro Steam|p2a: Manaphy\n|-resisted|p2a: Manaphy\n|-damage|p2a: Manaphy|43\/100 par\n|-damage|p1a: Walking Wake|81\/100|[from] item: Life Orb\n|move|p2a: Manaphy|Dazzling Gleam|p1a: Walking Wake\n|-supereffective|p1a: Walking Wake\n|-damage|p1a: Walking Wake|0 fnt\n|faint|p1a: Walking Wake\n|-end|p1a: Walking Wake|Protosynthesis|[silent]\n|\n|-weather|SunnyDay|[upkeep]\n|-heal|p2a: Manaphy|49\/100 par|[from] item: Leftovers\n|upkeep\n|\n|t:|1700716721\n|switch|p1a: Maushold|Maushold-Four|100\/100\n|turn|16\n|\n|t:|1700716729\n|move|p1a: Maushold|Tidy Up|p1a: Maushold\n|-boost|p1a: Maushold|atk|1\n|-boost|p1a: Maushold|spe|1\n|cant|p2a: Manaphy|par\n|\n|-weather|SunnyDay|[upkeep]\n|-heal|p2a: Manaphy|55\/100 par|[from] item: Leftovers\n|upkeep\n|turn|17\n|\n|t:|1700716749\n|move|p1a: Maushold|Population Bomb|p2a: Manaphy\n|-damage|p2a: Manaphy|40\/100 par\n|-damage|p2a: Manaphy|24\/100 par\n|-hitcount|p2a: Manaphy|2\n|cant|p2a: Manaphy|par\n|\n|-weather|none\n|-heal|p2a: Manaphy|30\/100 par|[from] item: Leftovers\n|upkeep\n|turn|18\n|\n|t:|1700716768\n|switch|p2a: Okidogi|Okidogi, M|100\/100 par\n|move|p1a: Maushold|Tidy Up|p1a: Maushold\n|-boost|p1a: Maushold|atk|1\n|-boost|p1a: Maushold|spe|1\n|\n|upkeep\n|turn|19\n|\n|t:|1700716776\n|move|p1a: Maushold|Play Rough|p2a: Okidogi\n|-damage|p2a: Okidogi|61\/100 par\n|cant|p2a: Okidogi|par\n|\n|-heal|p2a: Okidogi|67\/100 par|[from] item: Leftovers\n|upkeep\n|turn|20\n|\n|t:|1700716783\n|move|p1a: Maushold|Population Bomb|p2a: Okidogi\n|-damage|p2a: Okidogi|47\/100 par\n|-damage|p2a: Okidogi|27\/100 par\n|-damage|p2a: Okidogi|9\/100 par\n|-damage|p2a: Okidogi|0 fnt\n|faint|p2a: Okidogi\n|-hitcount|p2: Okidogi|4\n|\n|upkeep\n|\n|t:|1700716792\n|switch|p2a: Greninja|Greninja, M|100\/100\n|turn|21\n|\n|t:|1700716801\n|-terastallize|p1a: Maushold|Normal\n|move|p1a: Maushold|Population Bomb|p2a: Greninja\n|-crit|p2a: Greninja\n|-damage|p2a: Greninja|37\/100\n|-damage|p2a: Greninja|0 fnt\n|faint|p2a: Greninja\n|-hitcount|p2: Greninja|2\n|\n|upkeep\n|\n|t:|1700716810\n|switch|p2a: Manaphy|Manaphy|30\/100 par\n|turn|22\n|\n|t:|1700716821\n|move|p1a: Maushold|Population Bomb|p2a: Manaphy\n|-damage|p2a: Manaphy|3\/100 par\n|-damage|p2a: Manaphy|0 fnt\n|faint|p2a: Manaphy\n|-hitcount|p2: Manaphy|2\n|\n|upkeep\n|\n|t:|1700716832\n|switch|p2a: Kingambit|Kingambit, M|100\/100\n|-activate|p2a: Kingambit|ability: Supreme Overlord\n|-start|p2a: Kingambit|fallen4|[silent]\n|-item|p2a: Kingambit|Air Balloon\n|turn|23\n|\n|t:|1700716842\n|-end|p2a: Kingambit|fallen4|[silent]\n|switch|p2a: Ninetales|Ninetales-Alola, F|100\/100 slp\n|-weather|Snow|[from] ability: Snow Warning|[of] p2a: Ninetales\n|move|p1a: Maushold|Population Bomb|p2a: Ninetales\n|-damage|p2a: Ninetales|78\/100 slp\n|-damage|p2a: Ninetales|54\/100 slp\n|-damage|p2a: Ninetales|32\/100 slp\n|-damage|p2a: Ninetales|9\/100 slp\n|-damage|p2a: Ninetales|0 fnt\n|faint|p2a: Ninetales\n|-hitcount|p2: Ninetales|5\n|\n|-weather|Snow|[upkeep]\n|upkeep\n|\n|t:|1700716857\n|switch|p2a: Kingambit|Kingambit, M|100\/100\n|-activate|p2a: Kingambit|ability: Supreme Overlord\n|-start|p2a: Kingambit|fallen5|[silent]\n|-item|p2a: Kingambit|Air Balloon\n|turn|24\n|\n|t:|1700716866\n|move|p1a: Maushold|Tidy Up|p1a: Maushold\n|-boost|p1a: Maushold|atk|1\n|-boost|p1a: Maushold|spe|1\n|move|p2a: Kingambit|Kowtow Cleave|p1a: Maushold\n|-crit|p1a: Maushold\n|-damage|p1a: Maushold|0 fnt\n|faint|p1a: Maushold\n|\n|-weather|Snow|[upkeep]\n|upkeep\n|\n|t:|1700716874\n|switch|p1a: Clefable|Clefable, M|100\/100\n|turn|25\n|\n|t:|1700716883\n|move|p2a: Kingambit|Iron Head|p1a: Clefable\n|-supereffective|p1a: Clefable\n|-damage|p1a: Clefable|0 fnt\n|faint|p1a: Clefable\n|\n|-weather|Snow|[upkeep]\n|upkeep\n|\n|t:|1700716885\n|switch|p1a: Breloom|Breloom, F, shiny|100\/100\n|turn|26\n|\n|t:|1700716898\n|-terastallize|p2a: Kingambit|Fire\n|move|p1a: Breloom|Mach Punch|p2a: Kingambit\n|-damage|p2a: Kingambit|84\/100\n|-enditem|p2a: Kingambit|Air Balloon\n|move|p2a: Kingambit|Swords Dance|p2a: Kingambit\n|-boost|p2a: Kingambit|atk|2\n|\n|-weather|Snow|[upkeep]\n|-status|p1a: Breloom|tox|[from] item: Toxic Orb\n|upkeep\n|turn|27\n|\n|t:|1700716922\n|move|p1a: Breloom|Rock Tomb|p2a: Kingambit\n|-supereffective|p2a: Kingambit\n|-damage|p2a: Kingambit|51\/100\n|-unboost|p2a: Kingambit|spe|1\n|move|p2a: Kingambit|Kowtow Cleave|p1a: Breloom\n|-resisted|p1a: Breloom\n|-damage|p1a: Breloom|0 fnt\n|faint|p1a: Breloom\n|\n|win|chinu1835p\n|raw|HudsonuospnH's rating: 1041 &rarr; <strong>1028<\/strong><br \/>(-13 for losing)\n|raw|chinu1835p's rating: 1115 &rarr; <strong>1135<\/strong><br \/>(+20 for winning)\n|l|\u2606HudsonuospnH\n|c|\u2606chinu1835p|ggs\n","uploadtime":1700716937,"views":11,"p1id":"hudsonuospnh","p2id":"chinu1835p","formatid":"gen9ou","rating":1028,"private":0,"password":""}