{"id":"gen9ou-2000554401","p1":"willucus","p2":"Guest 6524415","format":"[Gen 9] OU","log":"|j|\u2606willucus\n|j|\u203dGuest 6524415\n|t:|1701204840\n|gametype|singles\n|player|p1|willucus|265|1116\n|player|p2|Guest 6524415|hilbert-masters|1043\n|teamsize|p1|6\n|teamsize|p2|6\n|gen|9\n|tier|[Gen 9] OU\n|rated|\n|rule|Sleep Clause Mod: Limit one foe put to sleep\n|rule|Species Clause: Limit one of each Pok\u00e9mon\n|rule|OHKO Clause: OHKO moves are banned\n|rule|Evasion Items Clause: Evasion items are banned\n|rule|Evasion Moves Clause: Evasion moves are banned\n|rule|Endless Battle Clause: Forcing endless battles is banned\n|rule|HP Percentage Mod: HP is shown in percentages\n|clearpoke\n|poke|p1|Kingambit, M|\n|poke|p1|Vikavolt, M|\n|poke|p1|Greninja-*, M|\n|poke|p1|Meowscarada, M|\n|poke|p1|Skeledirge, M|\n|poke|p1|Corviknight, F|\n|poke|p2|Umbreon, M|\n|poke|p2|Kingambit, M|\n|poke|p2|Dipplin, M|\n|poke|p2|Zoroark-Hisui, F|\n|poke|p2|Clawitzer, M|\n|poke|p2|Salazzle, F|\n|teampreview\n|inactive|Battle timer is ON: inactive players will automatically lose when time's up. (requested by Guest 6524415)\n|\n|t:|1701204853\n|start\n|switch|p1a: Vikavolt|Vikavolt, M|100\/100\n|switch|p2a: Clawitzer|Clawitzer, M, shiny|100\/100\n|turn|1\n|inactive|willucus has 120 seconds left.\n|\n|t:|1701204886\n|-terastallize|p2a: Clawitzer|Dragon\n|move|p2a: Clawitzer|Dragon Pulse|p1a: Vikavolt\n|-crit|p1a: Vikavolt\n|-damage|p1a: Vikavolt|21\/100\n|move|p1a: Vikavolt|Discharge|p2a: Clawitzer\n|-resisted|p2a: Clawitzer\n|-damage|p2a: Clawitzer|82\/100\n|\n|upkeep\n|turn|2\n|\n|t:|1701204895\n|move|p2a: Clawitzer|Dragon Pulse|p1a: Vikavolt\n|-damage|p1a: Vikavolt|0 fnt\n|faint|p1a: Vikavolt\n|\n|upkeep\n|\n|t:|1701204900\n|switch|p1a: Corviknight|Corviknight, F|100\/100\n|turn|3\n|inactive|willucus has 120 seconds left.\n|\n|t:|1701204927\n|switch|p2a: Umbreon|Umbreon, M, shiny|100\/100\n|move|p1a: Corviknight|Iron Head|p2a: Umbreon\n|-damage|p2a: Umbreon|72\/100\n|-damage|p1a: Corviknight|84\/100|[from] item: Rocky Helmet|[of] p2a: Umbreon\n|\n|upkeep\n|turn|4\n|inactive|willucus has 120 seconds left.\n|\n|t:|1701204935\n|move|p1a: Corviknight|Iron Head|p2a: Umbreon\n|-damage|p2a: Umbreon|45\/100\n|-damage|p1a: Corviknight|67\/100|[from] item: Rocky Helmet|[of] p2a: Umbreon\n|move|p2a: Umbreon|Calm Mind|p2a: Umbreon\n|-boost|p2a: Umbreon|spa|1\n|-boost|p2a: Umbreon|spd|1\n|\n|upkeep\n|turn|5\n|\n|t:|1701204942\n|move|p1a: Corviknight|Iron Head|p2a: Umbreon\n|-damage|p2a: Umbreon|13\/100\n|-damage|p1a: Corviknight|51\/100|[from] item: Rocky Helmet|[of] p2a: Umbreon\n|cant|p2a: Umbreon|flinch\n|\n|upkeep\n|turn|6\n|\n|t:|1701204948\n|move|p1a: Corviknight|Iron Head|p2a: Umbreon\n|-damage|p2a: Umbreon|0 fnt\n|-damage|p1a: Corviknight|34\/100|[from] item: Rocky Helmet|[of] p2a: Umbreon\n|faint|p2a: Umbreon\n|\n|upkeep\n|\n|t:|1701204956\n|switch|p2a: Salazzle|Salazzle, F, shiny|100\/100\n|turn|7\n|\n|t:|1701204962\n|move|p2a: Salazzle|Hyper Voice|p1a: Corviknight\n|-resisted|p1a: Corviknight\n|-damage|p1a: Corviknight|11\/100\n|-enditem|p2a: Salazzle|Throat Spray\n|-boost|p2a: Salazzle|spa|1|[from] item: Throat Spray\n|move|p1a: Corviknight|Brave Bird|p2a: Salazzle\n|-damage|p2a: Salazzle|0 fnt\n|replace|p2a: Zoroark|Zoroark-Hisui, F, shiny\n|-end|p2a: Zoroark|Illusion\n|faint|p2a: Zoroark\n|-damage|p1a: Corviknight|0 fnt|[from] Recoil\n|faint|p1a: Corviknight\n|\n|upkeep\n|\n|t:|1701204987\n|switch|p2a: Salazzle|Salazzle, F, shiny|100\/100\n|switch|p1a: Greninja|Greninja, M|100\/100\n|turn|8\n|\n|t:|1701205002\n|move|p1a: Greninja|Surf|p2a: Salazzle\n|-supereffective|p2a: Salazzle\n|-crit|p2a: Salazzle\n|-damage|p2a: Salazzle|0 fnt\n|faint|p2a: Salazzle\n|-ability|p1a: Greninja|Battle Bond|boost\n|-boost|p1a: Greninja|atk|1\n|-boost|p1a: Greninja|spa|1\n|-boost|p1a: Greninja|spe|1\n|-activate|p1a: Greninja|ability: Battle Bond\n|-damage|p1a: Greninja|91\/100|[from] item: Life Orb\n|\n|upkeep\n|\n|t:|1701205011\n|switch|p2a: Dipplin|Dipplin, M, shiny|100\/100\n|turn|9\n|\n|t:|1701205016\n|move|p1a: Greninja|Ice Beam|p2a: Dipplin\n|-supereffective|p2a: Dipplin\n|-crit|p2a: Dipplin\n|-damage|p2a: Dipplin|0 fnt\n|faint|p2a: Dipplin\n|-damage|p1a: Greninja|81\/100|[from] item: Life Orb\n|\n|upkeep\n|\n|t:|1701205022\n|switch|p2a: Clawitzer|Clawitzer, M, shiny, tera:Dragon|82\/100\n|turn|10\n|\n|t:|1701205027\n|move|p1a: Greninja|Ice Beam|p2a: Clawitzer\n|-supereffective|p2a: Clawitzer\n|-damage|p2a: Clawitzer|0 fnt\n|faint|p2a: Clawitzer\n|-damage|p1a: Greninja|71\/100|[from] item: Life Orb\n|\n|upkeep\n|\n|t:|1701205036\n|switch|p2a: Kingambit|Kingambit, M, shiny|100\/100\n|-activate|p2a: Kingambit|ability: Supreme Overlord\n|-start|p2a: Kingambit|fallen5|[silent]\n|turn|11\n|\n|t:|1701205051\n|move|p2a: Kingambit|Sucker Punch||[still]\n|-fail|p2a: Kingambit\n|move|p1a: Greninja|Substitute|p1a: Greninja\n|-start|p1a: Greninja|Substitute\n|-damage|p1a: Greninja|46\/100\n|\n|upkeep\n|turn|12\n|\n|t:|1701205058\n|-terastallize|p1a: Greninja|Water\n|move|p1a: Greninja|Surf|p2a: Kingambit\n|-damage|p2a: Kingambit|0 fnt\n|faint|p2a: Kingambit\n|-end|p2a: Kingambit|fallen5|[silent]\n|-damage|p1a: Greninja|36\/100|[from] item: Life Orb\n|\n|win|willucus\n|raw|willucus's rating: 1116 &rarr; <strong>1136<\/strong><br \/>(+20 for winning)\n|raw|Guest 6524415's rating: 1043 &rarr; <strong>1030<\/strong><br \/>(-13 for losing)\n|l|\u203dGuest 6524415\n","uploadtime":1701205067,"views":0,"p1id":"willucus","p2id":"guest6524415","formatid":"gen9ou","rating":1030,"private":0,"password":""}