{"id":"gen9ou-1995908171","p1":"Daevank5","p2":"mathismathin","format":"[Gen 9] OU","log":"|j|\u2606Daevank5\n|j|\u2606mathismathin\n|t:|1700616152\n|gametype|singles\n|player|p1|Daevank5|workerice|1862\n|player|p2|mathismathin|nate|1748\n|teamsize|p1|6\n|teamsize|p2|6\n|gen|9\n|tier|[Gen 9] OU\n|rated|\n|rule|Sleep Clause Mod: Limit one foe put to sleep\n|rule|Species Clause: Limit one of each Pok\u00e9mon\n|rule|OHKO Clause: OHKO moves are banned\n|rule|Evasion Items Clause: Evasion items are banned\n|rule|Evasion Moves Clause: Evasion moves are banned\n|rule|Endless Battle Clause: Forcing endless battles is banned\n|rule|HP Percentage Mod: HP is shown in percentages\n|clearpoke\n|poke|p1|Tornadus-Therian, M|\n|poke|p1|Amoonguss, M|\n|poke|p1|Slowking, F|\n|poke|p1|Garchomp, M|\n|poke|p1|Gengar, F|\n|poke|p1|Kingambit, F|\n|poke|p2|Electrode-Hisui|\n|poke|p2|Mabosstiff, F|\n|poke|p2|Tauros, M|\n|poke|p2|Klefki, F|\n|poke|p2|Gallade, M|\n|poke|p2|Uxie|\n|teampreview\n|j| SwabbyYabby\n|\n|t:|1700616158\n|start\n|switch|p1a: Tornadus|Tornadus-Therian, M|100\/100\n|switch|p2a: Electrode|Electrode-Hisui|100\/100\n|turn|1\n|\n|t:|1700616163\n|switch|p1a: Amoonguss|Amoonguss, M|100\/100\n|move|p2a: Electrode|Volt Switch|p1a: Amoonguss\n|-resisted|p1a: Amoonguss\n|-damage|p1a: Amoonguss|79\/100\n|inactive|Battle timer is ON: inactive players will automatically lose when time's up. (requested by Daevank5)\n|\n|t:|1700616168\n|switch|p2a: Gallade|Gallade, M|100\/100|[from] Volt Switch\n|\n|upkeep\n|turn|2\n|\n|t:|1700616172\n|switch|p1a: Garchomp|Garchomp, M|100\/100\n|move|p2a: Gallade|Psycho Cut|p1a: Garchomp\n|-damage|p1a: Garchomp|56\/100\n|-damage|p2a: Gallade|91\/100|[from] item: Life Orb\n|\n|upkeep\n|turn|3\n|\n|t:|1700616177\n|move|p2a: Gallade|Sacred Sword|p1a: Garchomp\n|-damage|p1a: Garchomp|0 fnt\n|-damage|p2a: Gallade|78\/100|[from] ability: Rough Skin|[of] p1a: Garchomp\n|-damage|p2a: Gallade|62\/100|[from] item: Rocky Helmet|[of] p1a: Garchomp\n|faint|p1a: Garchomp\n|-damage|p2a: Gallade|52\/100|[from] item: Life Orb\n|\n|upkeep\n|\n|t:|1700616181\n|switch|p1a: Tornadus|Tornadus-Therian, M|100\/100\n|turn|4\n|\n|t:|1700616184\n|switch|p2a: Electrode|Electrode-Hisui|100\/100\n|move|p1a: Tornadus|Knock Off|p2a: Electrode\n|-damage|p2a: Electrode|63\/100\n|-enditem|p2a: Electrode|Choice Specs|[from] move: Knock Off|[of] p1a: Tornadus\n|\n|upkeep\n|turn|5\n|\n|t:|1700616189\n|move|p2a: Electrode|Volt Switch|p1a: Tornadus\n|-supereffective|p1a: Tornadus\n|-damage|p1a: Tornadus|41\/100\n|\n|t:|1700616200\n|switch|p2a: Tauros|Tauros, M|100\/100|[from] Volt Switch\n|move|p1a: Tornadus|U-turn|p2a: Tauros\n|-damage|p2a: Tauros|82\/100\n|\n|t:|1700616205\n|switch|p1a: Gengar|Gengar, F|100\/100|[from] U-turn\n|\n|upkeep\n|turn|6\n|\n|t:|1700616210\n|move|p1a: Gengar|Will-O-Wisp|p2a: Tauros\n|-status|p2a: Tauros|brn\n|move|p2a: Tauros|Earthquake|p1a: Gengar\n|-supereffective|p1a: Gengar\n|-damage|p1a: Gengar|21\/100\n|-damage|p2a: Tauros|72\/100 brn|[from] item: Life Orb\n|\n|-damage|p2a: Tauros|66\/100 brn|[from] brn\n|upkeep\n|turn|7\n|\n|t:|1700616213\n|switch|p1a: Tornadus|Tornadus-Therian, M|74\/100\n|move|p2a: Tauros|Ice Beam|p1a: Tornadus\n|-supereffective|p1a: Tornadus\n|-damage|p1a: Tornadus|34\/100\n|\n|-damage|p2a: Tauros|60\/100 brn|[from] brn\n|upkeep\n|turn|8\n|\n|t:|1700616220\n|move|p1a: Tornadus|Knock Off|p2a: Tauros\n|-damage|p2a: Tauros|34\/100 brn\n|-enditem|p2a: Tauros|Life Orb|[from] move: Knock Off|[of] p1a: Tornadus\n|move|p2a: Tauros|Raging Bull|p1a: Tornadus\n|-damage|p1a: Tornadus|13\/100\n|\n|-damage|p2a: Tauros|28\/100 brn|[from] brn\n|upkeep\n|turn|9\n|\n|t:|1700616225\n|move|p1a: Tornadus|U-turn|p2a: Tauros\n|-damage|p2a: Tauros|10\/100 brn\n|\n|t:|1700616228\n|switch|p1a: Amoonguss|Amoonguss, M|100\/100|[from] U-turn\n|move|p2a: Tauros|Earthquake|p1a: Amoonguss\n|-damage|p1a: Amoonguss|90\/100\n|\n|-damage|p2a: Tauros|4\/100 brn|[from] brn\n|upkeep\n|turn|10\n|\n|t:|1700616231\n|switch|p1a: Tornadus|Tornadus-Therian, M|46\/100\n|move|p2a: Tauros|Fire Blast|p1a: Tornadus\n|-damage|p1a: Tornadus|30\/100\n|\n|-damage|p2a: Tauros|0 fnt|[from] brn\n|faint|p2a: Tauros\n|upkeep\n|\n|t:|1700616233\n|switch|p2a: Electrode|Electrode-Hisui|63\/100\n|turn|11\n|\n|t:|1700616238\n|switch|p1a: Amoonguss|Amoonguss, M|100\/100\n|move|p2a: Electrode|Volt Switch|p1a: Amoonguss\n|-resisted|p1a: Amoonguss\n|-damage|p1a: Amoonguss|86\/100\n|\n|t:|1700616242\n|switch|p2a: Gallade|Gallade, M|52\/100|[from] Volt Switch\n|\n|upkeep\n|turn|12\n|\n|t:|1700616246\n|switch|p1a: Kingambit|Kingambit, F|100\/100\n|-activate|p1a: Kingambit|ability: Supreme Overlord\n|-start|p1a: Kingambit|fallen1|[silent]\n|move|p2a: Gallade|Psycho Cut|p1a: Kingambit\n|-immune|p1a: Kingambit\n|\n|upkeep\n|turn|13\n|\n|t:|1700616262\n|-end|p1a: Kingambit|fallen1|[silent]\n|switch|p1a: Tornadus|Tornadus-Therian, M|63\/100\n|move|p2a: Gallade|Agility|p2a: Gallade\n|-boost|p2a: Gallade|spe|2\n|\n|upkeep\n|turn|14\n|\n|t:|1700616273\n|switch|p1a: Kingambit|Kingambit, F|100\/100\n|-activate|p1a: Kingambit|ability: Supreme Overlord\n|-start|p1a: Kingambit|fallen1|[silent]\n|move|p2a: Gallade|Psycho Cut|p1a: Kingambit\n|-immune|p1a: Kingambit\n|\n|upkeep\n|turn|15\n|\n|t:|1700616279\n|-terastallize|p2a: Gallade|Fighting\n|-terastallize|p1a: Kingambit|Water\n|move|p2a: Gallade|Sacred Sword|p1a: Kingambit\n|-damage|p1a: Kingambit|20\/100\n|-damage|p2a: Gallade|42\/100|[from] item: Life Orb\n|move|p1a: Kingambit|Iron Head|p2a: Gallade\n|-damage|p2a: Gallade|0 fnt\n|faint|p2a: Gallade\n|\n|upkeep\n|\n|t:|1700616286\n|switch|p2a: Mabosstiff|Mabosstiff, F|100\/100\n|turn|16\n|\n|t:|1700616290\n|-end|p1a: Kingambit|fallen1|[silent]\n|switch|p1a: Amoonguss|Amoonguss, M|100\/100\n|move|p2a: Mabosstiff|Crunch|p1a: Amoonguss\n|-damage|p1a: Amoonguss|0 fnt\n|faint|p1a: Amoonguss\n|\n|upkeep\n|c|\u2606Daevank5|Wait\n|c|\u2606Daevank5|inforgot this guys ability\n|c|\u2606Daevank5|!dt stakeout\n|raw|<ul class=\"utilichart\"><li class=\"result\"><span class=\"col namecol\"><a href=\"https:\/\/dex.pokemonshowdown.com\/abilities\/stakeout\">Stakeout<\/a><\/span> <span class=\"col abilitydesccol\">This Pokemon's offensive stat is doubled against a target that switched in this turn.<\/span> <\/li><li style=\"clear:both\"><\/li><\/ul>\n|raw|<font size=\"1\"><font color=\"#686868\">Gen:<\/font> 7<\/font>\n\n|c|\u2606mathismathin|obviously not a mabostiff enjoyer\n|\n|t:|1700616308\n|switch|p1a: Tornadus|Tornadus-Therian, M|96\/100\n|turn|17\n|c| SwabbyYabby|Daaaamn\n|\n|t:|1700616313\n|switch|p2a: Electrode|Electrode-Hisui|63\/100\n|move|p1a: Tornadus|Knock Off|p2a: Electrode\n|-damage|p2a: Electrode|39\/100\n|\n|upkeep\n|turn|18\n|\n|t:|1700616318\n|move|p2a: Electrode|Thunderbolt|p1a: Tornadus\n|-supereffective|p1a: Tornadus\n|-damage|p1a: Tornadus|18\/100\n|move|p1a: Tornadus|Knock Off|p2a: Electrode\n|-damage|p2a: Electrode|17\/100\n|\n|upkeep\n|turn|19\n|\n|t:|1700616323\n|switch|p1a: Kingambit|Kingambit, F, tera:Water|20\/100\n|-activate|p1a: Kingambit|ability: Supreme Overlord\n|-start|p1a: Kingambit|fallen2|[silent]\n|move|p2a: Electrode|Thunderbolt|p1a: Kingambit\n|-supereffective|p1a: Kingambit\n|-damage|p1a: Kingambit|0 fnt\n|faint|p1a: Kingambit\n|-end|p1a: Kingambit|fallen2|[silent]\n|\n|upkeep\n|\n|t:|1700616325\n|switch|p1a: Gengar|Gengar, F|21\/100\n|turn|20\n|\n|t:|1700616330\n|move|p1a: Gengar|Shadow Ball|p2a: Electrode\n|-damage|p2a: Electrode|0 fnt\n|faint|p2a: Electrode\n|\n|upkeep\n|\n|t:|1700616332\n|switch|p2a: Mabosstiff|Mabosstiff, F|100\/100\n|turn|21\n|\n|t:|1700616334\n|move|p1a: Gengar|Shadow Ball|p2a: Mabosstiff\n|-resisted|p2a: Mabosstiff\n|-damage|p2a: Mabosstiff|76\/100\n|move|p2a: Mabosstiff|Crunch|p1a: Gengar\n|-supereffective|p1a: Gengar\n|-damage|p1a: Gengar|0 fnt\n|faint|p1a: Gengar\n|\n|upkeep\n|\n|t:|1700616336\n|switch|p1a: Tornadus|Tornadus-Therian, M|51\/100\n|turn|22\n|\n|t:|1700616339\n|move|p1a: Tornadus|Knock Off|p2a: Mabosstiff\n|-resisted|p2a: Mabosstiff\n|-damage|p2a: Mabosstiff|66\/100\n|-enditem|p2a: Mabosstiff|Choice Band|[from] move: Knock Off|[of] p1a: Tornadus\n|move|p2a: Mabosstiff|Crunch|p1a: Tornadus\n|-damage|p1a: Tornadus|0 fnt\n|faint|p1a: Tornadus\n|\n|upkeep\n|\n|t:|1700616346\n|switch|p1a: Slowking|Slowking, F|100\/100\n|turn|23\n|\n|t:|1700616348\n|move|p2a: Mabosstiff|Crunch|p1a: Slowking\n|-supereffective|p1a: Slowking\n|-damage|p1a: Slowking|18\/100\n|-unboost|p1a: Slowking|def|1\n|move|p1a: Slowking|Iron Defense|p1a: Slowking\n|-boost|p1a: Slowking|def|2\n|\n|upkeep\n|turn|24\n|-message|Daevank5 forfeited.\n|\n|win|mathismathin\n|raw|Daevank5's rating: 1862 &rarr; <strong>1836<\/strong><br \/>(-26 for losing)\n|raw|mathismathin's rating: 1748 &rarr; <strong>1774<\/strong><br \/>(+26 for winning)\n|l|\u2606Daevank5\n|c|\u2606mathismathin|gg\n","uploadtime":1700616356,"views":1,"p1id":"daevank5","p2id":"mathismathin","formatid":"gen9ou","rating":1774,"private":0,"password":""}