{"id":"gen9ou-1993796549","p1":"Sinnerofgod","p2":"EastMin","format":"[Gen 9] OU","log":"|j|\u2606Sinnerofgod\n|j|\u2606EastMin\n|t:|1700358344\n|gametype|singles\n|player|p1|Sinnerofgod|richboy-gen4|1007\n|player|p2|EastMin|2|1000\n|teamsize|p1|1\n|teamsize|p2|6\n|gen|9\n|tier|[Gen 9] OU\n|rated|\n|rule|Sleep Clause Mod: Limit one foe put to sleep\n|rule|Species Clause: Limit one of each Pok\u00e9mon\n|rule|OHKO Clause: OHKO moves are banned\n|rule|Evasion Items Clause: Evasion items are banned\n|rule|Evasion Moves Clause: Evasion moves are banned\n|rule|Endless Battle Clause: Forcing endless battles is banned\n|rule|HP Percentage Mod: HP is shown in percentages\n|clearpoke\n|poke|p1|Moltres|\n|poke|p2|Numel, F|\n|poke|p2|Grimmsnarl, M|\n|poke|p2|Ribombee, M|\n|poke|p2|Gholdengo|\n|poke|p2|Ting-Lu|\n|poke|p2|Great Tusk|\n|teampreview\n|inactive|Battle timer is ON: inactive players will automatically lose when time's up. (requested by EastMin)\n|\n|t:|1700358349\n|start\n|switch|p1a: Moltres|Moltres, shiny|100\/100\n|switch|p2a: Grimmsnarl|Grimmsnarl, M, shiny|100\/100\n|-ability|p1a: Moltres|Pressure\n|turn|1\n|\n|t:|1700358352\n|move|p2a: Grimmsnarl|Light Screen|p2a: Grimmsnarl\n|-sidestart|p2: EastMin|move: Light Screen\n|move|p1a: Moltres|Agility|p1a: Moltres\n|-boost|p1a: Moltres|spe|2\n|\n|upkeep\n|turn|2\n|\n|t:|1700358354\n|move|p2a: Grimmsnarl|Thunder Wave|p1a: Moltres\n|-status|p1a: Moltres|par\n|move|p1a: Moltres|Ancient Power|p2a: Grimmsnarl\n|-damage|p2a: Grimmsnarl|93\/100\n|\n|upkeep\n|turn|3\n|\n|t:|1700358359\n|move|p2a: Grimmsnarl|Parting Shot|p1a: Moltres\n|-unboost|p1a: Moltres|atk|1\n|-unboost|p1a: Moltres|spa|1\n|\n|t:|1700358363\n|switch|p2a: Ting-Lu|Ting-Lu|100\/100|[from] Parting Shot\n|-ability|p2a: Ting-Lu|Vessel of Ruin\n|move|p1a: Moltres|Ancient Power|p2a: Ting-Lu\n|-resisted|p2a: Ting-Lu\n|-damage|p2a: Ting-Lu|99\/100\n|\n|-heal|p2a: Ting-Lu|100\/100|[from] item: Leftovers\n|upkeep\n|turn|4\n|inactive|EastMin has 120 seconds left.\n|\n|t:|1700358395\n|switch|p2a: Grimmsnarl|Grimmsnarl, M, shiny|93\/100\n|move|p1a: Moltres|Ancient Power|p2a: Grimmsnarl\n|-damage|p2a: Grimmsnarl|87\/100\n|\n|upkeep\n|turn|5\n|\n|t:|1700358402\n|move|p2a: Grimmsnarl|Parting Shot|p1a: Moltres\n|-unboost|p1a: Moltres|atk|1\n|-unboost|p1a: Moltres|spa|1\n|\n|t:|1700358405\n|switch|p2a: Numel|Numel, F|100\/100|[from] Parting Shot\n|move|p1a: Moltres|Ancient Power|p2a: Numel\n|-damage|p2a: Numel|94\/100\n|\n|upkeep\n|turn|6\n|\n|t:|1700358409\n|move|p1a: Moltres|Flamethrower|p2a: Numel\n|-resisted|p2a: Numel\n|-damage|p2a: Numel|87\/100\n|move|p2a: Numel|Stockpile|p2a: Numel\n|-start|p2a: Numel|stockpile1\n|-boost|p2a: Numel|def|2\n|-boost|p2a: Numel|spd|2\n|\n|upkeep\n|turn|7\n|\n|t:|1700358418\n|move|p1a: Moltres|Flamethrower|p2a: Numel\n|-resisted|p2a: Numel\n|-damage|p2a: Numel|84\/100\n|move|p2a: Numel|Stockpile|p2a: Numel\n|-start|p2a: Numel|stockpile2\n|-boost|p2a: Numel|def|2\n|-boost|p2a: Numel|spd|2\n|\n|upkeep\n|turn|8\n|\n|t:|1700358422\n|cant|p1a: Moltres|par\n|move|p2a: Numel|Stockpile|p2a: Numel\n|-start|p2a: Numel|stockpile3\n|-boost|p2a: Numel|def|2\n|-boost|p2a: Numel|spd|2\n|\n|-sideend|p2: EastMin|move: Light Screen\n|upkeep\n|turn|9\n|\n|t:|1700358428\n|-terastallize|p2a: Numel|Fighting\n|move|p1a: Moltres|Flamethrower|p2a: Numel\n|-damage|p2a: Numel|76\/100\n|move|p2a: Numel|Body Press|p1a: Moltres\n|-resisted|p1a: Moltres\n|-damage|p1a: Moltres|53\/100 par\n|\n|upkeep\n|turn|10\n|-message|Sinnerofgod forfeited.\n|\n|win|EastMin\n|raw|Sinnerofgod's rating: 1007 &rarr; <strong>1000<\/strong><br \/>(-7 for losing)\n|raw|EastMin's rating: 1000 &rarr; <strong>1041<\/strong><br \/>(+41 for winning)\n|l|\u2606Sinnerofgod\n","uploadtime":1700358438,"views":9,"p1id":"sinnerofgod","p2id":"eastmin","formatid":"gen9ou","rating":1000,"private":0,"password":""}