{"id":"gen9ou-1991777165","p1":"ABG Hunter","p2":"Prav33n","format":"[Gen 9] OU","log":"|j|\u2606ABG Hunter\n|j|\u2606Prav33n\n|t:|1700115402\n|gametype|singles\n|player|p1|ABG Hunter|n|1375\n|player|p2|Prav33n|swimmer-gen4|1434\n|teamsize|p1|6\n|teamsize|p2|6\n|gen|9\n|tier|[Gen 9] OU\n|rated|\n|rule|Sleep Clause Mod: Limit one foe put to sleep\n|rule|Species Clause: Limit one of each Pok\u00e9mon\n|rule|OHKO Clause: OHKO moves are banned\n|rule|Evasion Items Clause: Evasion items are banned\n|rule|Evasion Moves Clause: Evasion moves are banned\n|rule|Endless Battle Clause: Forcing endless battles is banned\n|rule|HP Percentage Mod: HP is shown in percentages\n|clearpoke\n|poke|p1|Rillaboom, M|\n|poke|p1|Sneasler, F|\n|poke|p1|Gholdengo|\n|poke|p1|Glimmora, F|\n|poke|p1|Great Tusk|\n|poke|p1|Iron Moth|\n|poke|p2|Iron Moth|\n|poke|p2|Gholdengo|\n|poke|p2|Kommo-o, M|\n|poke|p2|Great Tusk|\n|poke|p2|Rillaboom, M|\n|poke|p2|Ogerpon-Cornerstone, F|\n|teampreview\n|inactive|Battle timer is ON: inactive players will automatically lose when time's up. (requested by Prav33n)\n|inactive|ABG Hunter also wants the timer to be on.\n|j| littlestinker123\n|\n|t:|1700115419\n|start\n|switch|p1a: Glimmora|Glimmora, F|100\/100\n|switch|p2a: Gholdengo|Gholdengo|100\/100\n|-item|p1a: Glimmora|Air Balloon\n|-item|p2a: Gholdengo|Air Balloon\n|turn|1\n|\n|t:|1700115434\n|move|p1a: Glimmora|Stealth Rock|p2a: Gholdengo\n|-sidestart|p2: Prav33n|move: Stealth Rock\n|move|p2a: Gholdengo|Make It Rain|p1a: Glimmora\n|-supereffective|p1a: Glimmora\n|-damage|p1a: Glimmora|0 fnt\n|-unboost|p2a: Gholdengo|spa|1\n|-enditem|p1a: Glimmora|Air Balloon\n|faint|p1a: Glimmora\n|\n|upkeep\n|\n|t:|1700115441\n|switch|p1a: Rillaboom|Rillaboom, M|100\/100\n|-fieldstart|move: Grassy Terrain|[from] ability: Grassy Surge|[of] p1a: Rillaboom\n|turn|2\n|\n|t:|1700115457\n|switch|p2a: Great Tusk|Great Tusk|100\/100\n|-damage|p2a: Great Tusk|98\/100|[from] Stealth Rock\n|move|p1a: Rillaboom|Knock Off|p2a: Great Tusk\n|-resisted|p2a: Great Tusk\n|-damage|p2a: Great Tusk|78\/100\n|-enditem|p2a: Great Tusk|Eject Pack|[from] move: Knock Off|[of] p1a: Rillaboom\n|\n|-heal|p2a: Great Tusk|85\/100|[from] Grassy Terrain\n|upkeep\n|turn|3\n|\n|t:|1700115477\n|switch|p1a: Great Tusk|Great Tusk|100\/100\n|-enditem|p1a: Great Tusk|Booster Energy\n|-activate|p1a: Great Tusk|ability: Protosynthesis|[fromitem]\n|-start|p1a: Great Tusk|protosynthesisspe\n|move|p2a: Great Tusk|Ice Spinner|p1a: Great Tusk\n|-supereffective|p1a: Great Tusk\n|-damage|p1a: Great Tusk|62\/100\n|-fieldend|move: Grassy Terrain\n|\n|upkeep\n|turn|4\n|\n|t:|1700115481\n|move|p1a: Great Tusk|Bulk Up|p1a: Great Tusk\n|-boost|p1a: Great Tusk|atk|1\n|-boost|p1a: Great Tusk|def|1\n|move|p2a: Great Tusk|Rapid Spin|p1a: Great Tusk\n|-damage|p1a: Great Tusk|55\/100\n|-boost|p2a: Great Tusk|spe|1\n|-sideend|p2: Prav33n|Stealth Rock|[from] move: Rapid Spin|[of] p2a: Great Tusk\n|\n|upkeep\n|turn|5\n|\n|t:|1700115488\n|-end|p2a: Great Tusk|Protosynthesis|[silent]\n|switch|p2a: Gholdengo|Gholdengo|100\/100\n|-item|p2a: Gholdengo|Air Balloon\n|move|p1a: Great Tusk|Bulk Up|p1a: Great Tusk\n|-boost|p1a: Great Tusk|atk|1\n|-boost|p1a: Great Tusk|def|1\n|\n|upkeep\n|turn|6\n|inactive|ABG Hunter has 120 seconds left.\n|\n|t:|1700115541\n|move|p1a: Great Tusk|Ice Spinner|p2a: Gholdengo\n|-resisted|p2a: Gholdengo\n|-damage|p2a: Gholdengo|73\/100\n|-enditem|p2a: Gholdengo|Air Balloon\n|move|p2a: Gholdengo|Make It Rain|p1a: Great Tusk\n|-damage|p1a: Great Tusk|0 fnt\n|-unboost|p2a: Gholdengo|spa|1\n|faint|p1a: Great Tusk\n|-end|p1a: Great Tusk|Protosynthesis|[silent]\n|\n|upkeep\n|\n|t:|1700115547\n|switch|p1a: Iron Moth|Iron Moth|100\/100\n|-enditem|p1a: Iron Moth|Booster Energy\n|-activate|p1a: Iron Moth|ability: Quark Drive|[fromitem]\n|-start|p1a: Iron Moth|quarkdrivespe\n|turn|7\n|inactive|Prav33n has 120 seconds left.\n|\n|t:|1700115578\n|switch|p2a: Iron Moth|Iron Moth|100\/100\n|-enditem|p2a: Iron Moth|Booster Energy\n|-activate|p2a: Iron Moth|ability: Quark Drive|[fromitem]\n|-start|p2a: Iron Moth|quarkdrivespe\n|move|p1a: Iron Moth|Substitute|p1a: Iron Moth\n|-start|p1a: Iron Moth|Substitute\n|-damage|p1a: Iron Moth|76\/100\n|\n|upkeep\n|turn|8\n|inactive|ABG Hunter has 90 seconds left.\n|\n|t:|1700115625\n|move|p2a: Iron Moth|Substitute|p2a: Iron Moth\n|-start|p2a: Iron Moth|Substitute\n|-damage|p2a: Iron Moth|76\/100\n|move|p1a: Iron Moth|Fiery Dance|p2a: Iron Moth\n|-resisted|p2a: Iron Moth\n|-activate|p2a: Iron Moth|move: Substitute|[damage]\n|-boost|p1a: Iron Moth|spa|1\n|\n|upkeep\n|turn|9\n|\n|t:|1700115629\n|move|p1a: Iron Moth|Fiery Dance|p2a: Iron Moth\n|-resisted|p2a: Iron Moth\n|-end|p2a: Iron Moth|Substitute\n|move|p2a: Iron Moth|Fiery Dance|p1a: Iron Moth\n|-resisted|p1a: Iron Moth\n|-activate|p1a: Iron Moth|move: Substitute|[damage]\n|\n|upkeep\n|turn|10\n|\n|t:|1700115633\n|move|p1a: Iron Moth|Sludge Wave|p2a: Iron Moth\n|-resisted|p2a: Iron Moth\n|-damage|p2a: Iron Moth|40\/100\n|move|p2a: Iron Moth|Fiery Dance|p1a: Iron Moth\n|-resisted|p1a: Iron Moth\n|-end|p1a: Iron Moth|Substitute\n|-boost|p2a: Iron Moth|spa|1\n|\n|upkeep\n|turn|11\n|\n|t:|1700115639\n|move|p2a: Iron Moth|Sludge Wave|p1a: Iron Moth\n|-resisted|p1a: Iron Moth\n|-damage|p1a: Iron Moth|40\/100\n|move|p1a: Iron Moth|Sludge Wave|p2a: Iron Moth\n|-resisted|p2a: Iron Moth\n|-damage|p2a: Iron Moth|2\/100\n|\n|upkeep\n|turn|12\n|\n|t:|1700115641\n|move|p1a: Iron Moth|Sludge Wave|p2a: Iron Moth\n|-resisted|p2a: Iron Moth\n|-damage|p2a: Iron Moth|0 fnt\n|faint|p2a: Iron Moth\n|-end|p2a: Iron Moth|Quark Drive|[silent]\n|\n|upkeep\n|\n|t:|1700115645\n|switch|p2a: Ogerpon|Ogerpon-Cornerstone, F|100\/100\n|turn|13\n|\n|t:|1700115654\n|move|p1a: Iron Moth|Fiery Dance|p2a: Ogerpon\n|-damage|p2a: Ogerpon|31\/100\n|-boost|p1a: Iron Moth|spa|1\n|move|p2a: Ogerpon|Ivy Cudgel|p1a: Iron Moth|[anim] Ivy Cudgel Rock\n|-supereffective|p1a: Iron Moth\n|-damage|p1a: Iron Moth|0 fnt\n|faint|p1a: Iron Moth\n|-end|p1a: Iron Moth|Quark Drive|[silent]\n|\n|upkeep\n|\n|t:|1700115658\n|switch|p1a: Rillaboom|Rillaboom, M|100\/100\n|-fieldstart|move: Grassy Terrain|[from] ability: Grassy Surge|[of] p1a: Rillaboom\n|turn|14\n|\n|t:|1700115662\n|move|p2a: Ogerpon|Spikes|p1a: Rillaboom\n|-sidestart|p1: ABG Hunter|Spikes\n|move|p1a: Rillaboom|U-turn|p2a: Ogerpon\n|-supereffective|p2a: Ogerpon\n|-damage|p2a: Ogerpon|0 fnt\n|faint|p2a: Ogerpon\n|\n|t:|1700115666\n|switch|p1a: Gholdengo|Gholdengo|100\/100|[from] U-turn\n|\n|upkeep\n|\n|t:|1700115674\n|switch|p2a: Rillaboom|Rillaboom, M|100\/100\n|turn|15\n|inactive|ABG Hunter has 120 seconds left.\n|\n|t:|1700115704\n|move|p2a: Rillaboom|Knock Off|p1a: Gholdengo\n|-supereffective|p1a: Gholdengo\n|-damage|p1a: Gholdengo|0 fnt\n|-enditem|p1a: Gholdengo|Heavy-Duty Boots|[from] move: Knock Off|[of] p2a: Rillaboom\n|faint|p1a: Gholdengo\n|\n|upkeep\n|\n|t:|1700115707\n|switch|p1a: Sneasler|Sneasler, F|100\/100\n|-damage|p1a: Sneasler|88\/100|[from] Spikes\n|-enditem|p1a: Sneasler|Grassy Seed\n|-boost|p1a: Sneasler|def|1|[from] item: Grassy Seed\n|turn|16\n|\n|t:|1700115710\n|switch|p2a: Gholdengo|Gholdengo|73\/100\n|move|p1a: Sneasler|Swords Dance|p1a: Sneasler\n|-boost|p1a: Sneasler|atk|2\n|\n|-heal|p1a: Sneasler|94\/100|[from] Grassy Terrain\n|-heal|p2a: Gholdengo|79\/100|[from] Grassy Terrain\n|upkeep\n|turn|17\n|\n|t:|1700115717\n|switch|p2a: Rillaboom|Rillaboom, M|100\/100\n|move|p1a: Sneasler|Lash Out|p2a: Rillaboom\n|-damage|p2a: Rillaboom|36\/100\n|\n|-heal|p1a: Sneasler|99\/100|[from] Grassy Terrain\n|-heal|p2a: Rillaboom|42\/100|[from] Grassy Terrain\n|upkeep\n|turn|18\n|\n|t:|1700115727\n|move|p2a: Rillaboom|Grassy Glide|p1a: Sneasler\n|-resisted|p1a: Sneasler\n|-damage|p1a: Sneasler|69\/100\n|move|p1a: Sneasler|Dire Claw|p2a: Rillaboom\n|-supereffective|p2a: Rillaboom\n|-crit|p2a: Rillaboom\n|-damage|p2a: Rillaboom|0 fnt\n|faint|p2a: Rillaboom\n|\n|-heal|p1a: Sneasler|75\/100|[from] Grassy Terrain\n|-fieldend|move: Grassy Terrain\n|upkeep\n|\n|t:|1700115729\n|switch|p2a: Great Tusk|Great Tusk|85\/100\n|turn|19\n|\n|t:|1700115736\n|-terastallize|p1a: Sneasler|Dark\n|move|p1a: Sneasler|Dire Claw|p2a: Great Tusk\n|-resisted|p2a: Great Tusk\n|-damage|p2a: Great Tusk|49\/100\n|-status|p2a: Great Tusk|par\n|move|p2a: Great Tusk|Headlong Rush|p1a: Sneasler\n|-damage|p1a: Sneasler|1\/100\n|-unboost|p2a: Great Tusk|def|1\n|-unboost|p2a: Great Tusk|spd|1\n|\n|upkeep\n|turn|20\n|\n|t:|1700115754\n|move|p1a: Sneasler|Dire Claw|p2a: Great Tusk\n|-resisted|p2a: Great Tusk\n|-damage|p2a: Great Tusk|1\/100 par\n|move|p2a: Great Tusk|Rapid Spin|p1a: Sneasler\n|-damage|p1a: Sneasler|0 fnt\n|-boost|p2a: Great Tusk|spe|1\n|faint|p1a: Sneasler\n|\n|upkeep\n|\n|t:|1700115759\n|switch|p1a: Rillaboom|Rillaboom, M|100\/100\n|-damage|p1a: Rillaboom|88\/100|[from] Spikes\n|-fieldstart|move: Grassy Terrain|[from] ability: Grassy Surge|[of] p1a: Rillaboom\n|turn|21\n|\n|t:|1700115767\n|move|p1a: Rillaboom|Knock Off|p2a: Great Tusk\n|-resisted|p2a: Great Tusk\n|-damage|p2a: Great Tusk|0 fnt\n|faint|p2a: Great Tusk\n|-end|p2a: Great Tusk|Protosynthesis|[silent]\n|\n|-heal|p1a: Rillaboom|94\/100|[from] Grassy Terrain\n|upkeep\n|\n|t:|1700115770\n|switch|p2a: Kommo-o|Kommo-o, M|100\/100\n|turn|22\n|\n|t:|1700115777\n|-terastallize|p2a: Kommo-o|Fire\n|move|p2a: Kommo-o|Clangorous Soul|p2a: Kommo-o\n|-boost|p2a: Kommo-o|atk|1\n|-boost|p2a: Kommo-o|def|1\n|-boost|p2a: Kommo-o|spa|1\n|-boost|p2a: Kommo-o|spd|1\n|-boost|p2a: Kommo-o|spe|1\n|-damage|p2a: Kommo-o|68\/100\n|-enditem|p2a: Kommo-o|Throat Spray\n|-boost|p2a: Kommo-o|spa|1|[from] item: Throat Spray\n|move|p1a: Rillaboom|Knock Off|p2a: Kommo-o\n|-damage|p2a: Kommo-o|46\/100\n|\n|-heal|p2a: Kommo-o|52\/100|[from] Grassy Terrain\n|-heal|p1a: Rillaboom|100\/100|[from] Grassy Terrain\n|upkeep\n|turn|23\n|\n|t:|1700115797\n|move|p2a: Kommo-o|Flamethrower|p1a: Rillaboom\n|-supereffective|p1a: Rillaboom\n|-damage|p1a: Rillaboom|0 fnt\n|faint|p1a: Rillaboom\n|\n|win|Prav33n\n|raw|ABG Hunter's rating: 1375 &rarr; <strong>1358<\/strong><br \/>(-17 for losing)\n|raw|Prav33n's rating: 1434 &rarr; <strong>1451<\/strong><br \/>(+17 for winning)\n|l|\u2606ABG Hunter\n","uploadtime":1700115802,"views":7,"p1id":"abghunter","p2id":"prav33n","formatid":"gen9ou","rating":1358,"private":0,"password":""}