{"id":"gen9ou-1995379004","p1":"kvrv","p2":"Mega Chomp Is Bad","format":"[Gen 9] OU","log":"|j|\u2606kvrv\n|j|\u2606Mega Chomp Is Bad\n|t:|1700562657\n|gametype|singles\n|player|p1|kvrv|ghetsis|1191\n|player|p2|Mega Chomp Is Bad|ash|1173\n|teamsize|p1|6\n|teamsize|p2|6\n|gen|9\n|tier|[Gen 9] OU\n|rated|\n|rule|Sleep Clause Mod: Limit one foe put to sleep\n|rule|Species Clause: Limit one of each Pok\u00e9mon\n|rule|OHKO Clause: OHKO moves are banned\n|rule|Evasion Items Clause: Evasion items are banned\n|rule|Evasion Moves Clause: Evasion moves are banned\n|rule|Endless Battle Clause: Forcing endless battles is banned\n|rule|HP Percentage Mod: HP is shown in percentages\n|clearpoke\n|poke|p1|Gholdengo|\n|poke|p1|Iron Valiant|\n|poke|p1|Great Tusk|\n|poke|p1|Kingambit, F|\n|poke|p1|Zapdos|\n|poke|p1|Ting-Lu|\n|poke|p2|Ogerpon-Wellspring, F|\n|poke|p2|Weavile, M|\n|poke|p2|Iron Moth|\n|poke|p2|Samurott-Hisui, F|\n|poke|p2|Corviknight, F|\n|poke|p2|Enamorus, F|\n|teampreview\n|inactive|Battle timer is ON: inactive players will automatically lose when time's up. (requested by Mega Chomp Is Bad)\n|\n|t:|1700562661\n|start\n|switch|p1a: Great Tusk|Great Tusk|100\/100\n|switch|p2a: Samurott|Samurott-Hisui, F|100\/100\n|turn|1\n|\n|t:|1700562672\n|move|p2a: Samurott|Ceaseless Edge|p1a: Great Tusk\n|-resisted|p1a: Great Tusk\n|-damage|p1a: Great Tusk|87\/100\n|-sidestart|p1: kvrv|Spikes\n|move|p1a: Great Tusk|Close Combat|p2a: Samurott\n|-supereffective|p2a: Samurott\n|-enditem|p2a: Samurott|Focus Sash\n|-damage|p2a: Samurott|1\/100\n|-unboost|p1a: Great Tusk|def|1\n|-unboost|p1a: Great Tusk|spd|1\n|\n|upkeep\n|turn|2\n|\n|t:|1700562678\n|-end|p1a: Great Tusk|Protosynthesis|[silent]\n|switch|p1a: Zapdos|Zapdos|100\/100\n|move|p2a: Samurott|Aqua Cutter|p1a: Zapdos\n|-damage|p1a: Zapdos|66\/100\n|\n|upkeep\n|turn|3\n|\n|t:|1700562688\n|move|p2a: Samurott|Ceaseless Edge|p1a: Zapdos\n|-damage|p1a: Zapdos|32\/100\n|-status|p2a: Samurott|par|[from] ability: Static|[of] p1a: Zapdos\n|-sidestart|p1: kvrv|Spikes\n|move|p1a: Zapdos|Volt Switch|p2a: Samurott\n|-supereffective|p2a: Samurott\n|-damage|p2a: Samurott|0 fnt\n|faint|p2a: Samurott\n|\n|t:|1700562704\n|switch|p1a: Iron Valiant|Iron Valiant|100\/100|[from] Volt Switch\n|-damage|p1a: Iron Valiant|84\/100|[from] Spikes\n|-enditem|p1a: Iron Valiant|Booster Energy\n|-activate|p1a: Iron Valiant|ability: Quark Drive|[fromitem]\n|-start|p1a: Iron Valiant|quarkdrivespe\n|\n|upkeep\n|\n|t:|1700562711\n|switch|p2a: Corviknight|Corviknight, F|100\/100\n|-ability|p2a: Corviknight|Pressure\n|turn|4\n|\n|t:|1700562716\n|move|p1a: Iron Valiant|Close Combat|p2a: Corviknight\n|-damage|p2a: Corviknight|61\/100\n|-unboost|p1a: Iron Valiant|def|1\n|-unboost|p1a: Iron Valiant|spd|1\n|-damage|p1a: Iron Valiant|67\/100|[from] item: Rocky Helmet|[of] p2a: Corviknight\n|move|p2a: Corviknight|Brave Bird|p1a: Iron Valiant\n|-supereffective|p1a: Iron Valiant\n|-damage|p1a: Iron Valiant|0 fnt\n|faint|p1a: Iron Valiant\n|-end|p1a: Iron Valiant|Quark Drive|[silent]\n|-damage|p2a: Corviknight|45\/100|[from] Recoil\n|\n|upkeep\n|\n|t:|1700562720\n|switch|p1a: Gholdengo|Gholdengo|100\/100\n|-damage|p1a: Gholdengo|84\/100|[from] Spikes\n|turn|5\n|\n|t:|1700562727\n|move|p1a: Gholdengo|Thunderbolt|p2a: Corviknight\n|-supereffective|p2a: Corviknight\n|-damage|p2a: Corviknight|0 fnt\n|faint|p2a: Corviknight\n|\n|upkeep\n|\n|t:|1700562730\n|switch|p2a: Iron Moth|Iron Moth|100\/100\n|turn|6\n|\n|t:|1700562744\n|switch|p1a: Zapdos|Zapdos|32\/100\n|move|p2a: Iron Moth|Overheat|p1a: Zapdos\n|-damage|p1a: Zapdos|0 fnt\n|-unboost|p2a: Iron Moth|spa|2\n|faint|p1a: Zapdos\n|\n|upkeep\n|\n|t:|1700562749\n|switch|p1a: Ting-Lu|Ting-Lu|100\/100\n|-damage|p1a: Ting-Lu|84\/100|[from] Spikes\n|-ability|p1a: Ting-Lu|Vessel of Ruin\n|turn|7\n|\n|t:|1700562753\n|-end|p2a: Iron Moth|Quark Drive|[silent]\n|switch|p2a: Weavile|Weavile, M|100\/100\n|-ability|p2a: Weavile|Pressure\n|move|p1a: Ting-Lu|Stealth Rock|p2a: Weavile\n|-sidestart|p2: Mega Chomp Is Bad|move: Stealth Rock\n|\n|-heal|p1a: Ting-Lu|90\/100|[from] item: Leftovers\n|upkeep\n|turn|8\n|\n|t:|1700562763\n|-terastallize|p1a: Ting-Lu|Dark\n|move|p2a: Weavile|Ice Spinner|p1a: Ting-Lu\n|-damage|p1a: Ting-Lu|60\/100\n|move|p1a: Ting-Lu|Spikes|p2a: Weavile\n|-sidestart|p2: Mega Chomp Is Bad|Spikes\n|\n|-heal|p1a: Ting-Lu|66\/100|[from] item: Leftovers\n|upkeep\n|turn|9\n|\n|t:|1700562770\n|move|p2a: Weavile|Ice Spinner|p1a: Ting-Lu\n|-damage|p1a: Ting-Lu|32\/100\n|move|p1a: Ting-Lu|Spikes|p2a: Weavile\n|-sidestart|p2: Mega Chomp Is Bad|Spikes\n|\n|-heal|p1a: Ting-Lu|38\/100|[from] item: Leftovers\n|upkeep\n|turn|10\n|\n|t:|1700562773\n|move|p2a: Weavile|Ice Spinner|p1a: Ting-Lu\n|-damage|p1a: Ting-Lu|7\/100\n|move|p1a: Ting-Lu|Earthquake|p2a: Weavile\n|-crit|p2a: Weavile\n|-damage|p2a: Weavile|3\/100\n|\n|-heal|p1a: Ting-Lu|13\/100|[from] item: Leftovers\n|upkeep\n|turn|11\n|\n|t:|1700562778\n|move|p2a: Weavile|Ice Spinner|p1a: Ting-Lu\n|-damage|p1a: Ting-Lu|0 fnt\n|faint|p1a: Ting-Lu\n|\n|upkeep\n|\n|t:|1700562784\n|switch|p1a: Gholdengo|Gholdengo|84\/100\n|-damage|p1a: Gholdengo|67\/100|[from] Spikes\n|turn|12\n|\n|t:|1700562791\n|move|p1a: Gholdengo|Shadow Ball|p2a: Weavile\n|-resisted|p2a: Weavile\n|-damage|p2a: Weavile|0 fnt\n|faint|p2a: Weavile\n|\n|upkeep\n|\n|t:|1700562797\n|switch|p2a: Enamorus|Enamorus, F|100\/100\n|-damage|p2a: Enamorus|76\/100|[from] Stealth Rock\n|turn|13\n|\n|t:|1700562801\n|move|p2a: Enamorus|Earth Power|p1a: Gholdengo\n|-supereffective|p1a: Gholdengo\n|-damage|p1a: Gholdengo|0 fnt\n|faint|p1a: Gholdengo\n|\n|upkeep\n|\n|t:|1700562804\n|switch|p1a: Kingambit|Kingambit, F|100\/100\n|-damage|p1a: Kingambit|84\/100|[from] Spikes\n|-activate|p1a: Kingambit|ability: Supreme Overlord\n|-start|p1a: Kingambit|fallen4|[silent]\n|turn|14\n|\n|t:|1700562807\n|move|p2a: Enamorus|Earth Power|p1a: Kingambit\n|-supereffective|p1a: Kingambit\n|-damage|p1a: Kingambit|22\/100\n|-unboost|p1a: Kingambit|spd|1\n|move|p1a: Kingambit|Kowtow Cleave|p2a: Enamorus\n|-resisted|p2a: Enamorus\n|-damage|p2a: Enamorus|19\/100\n|\n|-heal|p1a: Kingambit|28\/100|[from] item: Leftovers\n|upkeep\n|turn|15\n|\n|t:|1700562810\n|move|p1a: Kingambit|Sucker Punch|p2a: Enamorus\n|-resisted|p2a: Enamorus\n|-damage|p2a: Enamorus|0 fnt\n|faint|p2a: Enamorus\n|\n|-heal|p1a: Kingambit|34\/100|[from] item: Leftovers\n|upkeep\n|\n|t:|1700562813\n|switch|p2a: Iron Moth|Iron Moth|100\/100\n|-damage|p2a: Iron Moth|76\/100|[from] Stealth Rock\n|-damage|p2a: Iron Moth|59\/100|[from] Spikes\n|turn|16\n|\n|t:|1700562822\n|move|p1a: Kingambit|Sucker Punch|p2a: Iron Moth\n|-damage|p2a: Iron Moth|0 fnt\n|faint|p2a: Iron Moth\n|-end|p2a: Iron Moth|Quark Drive|[silent]\n|\n|-heal|p1a: Kingambit|41\/100|[from] item: Leftovers\n|upkeep\n|\n|t:|1700562825\n|switch|p2a: Ogerpon|Ogerpon-Wellspring, F|100\/100\n|-damage|p2a: Ogerpon|88\/100|[from] Stealth Rock\n|-damage|p2a: Ogerpon|72\/100|[from] Spikes\n|turn|17\n|\n|t:|1700562831\n|move|p1a: Kingambit|Sucker Punch|p2a: Ogerpon\n|-damage|p2a: Ogerpon|0 fnt\n|faint|p2a: Ogerpon\n|\n|win|kvrv\n|raw|kvrv's rating: 1191 &rarr; <strong>1215<\/strong><br \/>(+24 for winning)\n|raw|Mega Chomp Is Bad's rating: 1173 &rarr; <strong>1149<\/strong><br \/>(-24 for losing)\n|l|\u2606Mega Chomp Is Bad\n","uploadtime":1700562840,"views":3,"p1id":"kvrv","p2id":"megachompisbad","formatid":"gen9ou","rating":1149,"private":0,"password":""}