{"id":"gen9ou-1993636358","p1":"NYC Red","p2":"SwayPR","format":"[Gen 9] OU","log":"|j|\u2606NYC Red\n|j|\u2606SwayPR\n|t:|1700340049\n|gametype|singles\n|player|p1|NYC Red|1|1241\n|player|p2|SwayPR|170|1186\n|teamsize|p1|6\n|teamsize|p2|6\n|gen|9\n|tier|[Gen 9] OU\n|rated|\n|rule|Sleep Clause Mod: Limit one foe put to sleep\n|rule|Species Clause: Limit one of each Pok\u00e9mon\n|rule|OHKO Clause: OHKO moves are banned\n|rule|Evasion Items Clause: Evasion items are banned\n|rule|Evasion Moves Clause: Evasion moves are banned\n|rule|Endless Battle Clause: Forcing endless battles is banned\n|rule|HP Percentage Mod: HP is shown in percentages\n|clearpoke\n|poke|p1|Ribombee, F|\n|poke|p1|Empoleon, F|\n|poke|p1|Gholdengo|\n|poke|p1|Great Tusk|\n|poke|p1|Greninja-*, M|\n|poke|p1|Iron Moth|\n|poke|p2|Grimmsnarl, M|\n|poke|p2|Espeon, M|\n|poke|p2|Dragonite, M|\n|poke|p2|Masquerain, F|\n|poke|p2|Glimmora, M|\n|poke|p2|Great Tusk|\n|teampreview\n|inactive|Battle timer is ON: inactive players will automatically lose when time's up. (requested by SwayPR)\n|\n|t:|1700340054\n|start\n|switch|p1a: Amazon Lily|Ribombee, F|100\/100\n|switch|p2a: Masquerain|Masquerain, F, shiny|100\/100\n|-ability|p2a: Masquerain|Intimidate|boost\n|-unboost|p1a: Amazon Lily|atk|1\n|turn|1\n|\n|t:|1700340060\n|move|p1a: Amazon Lily|Moonblast|p2a: Masquerain\n|-damage|p2a: Masquerain|50\/100\n|-unboost|p2a: Masquerain|spa|1\n|move|p2a: Masquerain|Stun Spore|p1a: Amazon Lily|[miss]\n|-miss|p2a: Masquerain|p1a: Amazon Lily\n|\n|upkeep\n|turn|2\n|\n|t:|1700340067\n|move|p1a: Amazon Lily|Moonblast|p2a: Masquerain\n|-damage|p2a: Masquerain|3\/100\n|move|p2a: Masquerain|Sticky Web|p1a: Amazon Lily\n|-sidestart|p1: NYC Red|move: Sticky Web\n|\n|upkeep\n|turn|3\n|\n|t:|1700340072\n|move|p1a: Amazon Lily|Moonblast|p2a: Masquerain\n|-damage|p2a: Masquerain|0 fnt\n|faint|p2a: Masquerain\n|\n|upkeep\n|\n|t:|1700340082\n|switch|p2a: Espeon|Espeon, M, shiny|100\/100\n|turn|4\n|\n|t:|1700340102\n|switch|p1a: Dressrosa|Gholdengo|100\/100\n|-item|p1a: Dressrosa|Air Balloon\n|move|p2a: Espeon|Calm Mind|p2a: Espeon\n|-boost|p2a: Espeon|spa|1\n|-boost|p2a: Espeon|spd|1\n|\n|upkeep\n|turn|5\n|\n|t:|1700340111\n|switch|p2a: Grimmsnarl|Grimmsnarl, M, shiny|100\/100\n|move|p1a: Dressrosa|Nasty Plot|p1a: Dressrosa\n|-boost|p1a: Dressrosa|spa|2\n|\n|upkeep\n|turn|6\n|\n|t:|1700340118\n|move|p2a: Grimmsnarl|Light Screen|p2a: Grimmsnarl\n|-sidestart|p2: SwayPR|move: Light Screen\n|move|p1a: Dressrosa|Make It Rain|p2a: Grimmsnarl\n|-supereffective|p2a: Grimmsnarl\n|-damage|p2a: Grimmsnarl|8\/100\n|-unboost|p1a: Dressrosa|spa|1\n|\n|upkeep\n|turn|7\n|\n|t:|1700340133\n|move|p2a: Grimmsnarl|Parting Shot|p1a: Dressrosa\n|-immune|p1a: Dressrosa|[from] ability: Good as Gold\n|move|p1a: Dressrosa|Nasty Plot|p1a: Dressrosa\n|-boost|p1a: Dressrosa|spa|2\n|\n|upkeep\n|turn|8\n|\n|t:|1700340138\n|move|p2a: Grimmsnarl|Reflect|p2a: Grimmsnarl\n|-sidestart|p2: SwayPR|Reflect\n|move|p1a: Dressrosa|Shadow Ball|p2a: Grimmsnarl\n|-resisted|p2a: Grimmsnarl\n|-damage|p2a: Grimmsnarl|0 fnt\n|faint|p2a: Grimmsnarl\n|\n|upkeep\n|\n|t:|1700340153\n|switch|p2a: Great Tusk|Great Tusk|100\/100\n|-enditem|p2a: Great Tusk|Booster Energy\n|-activate|p2a: Great Tusk|ability: Protosynthesis|[fromitem]\n|-start|p2a: Great Tusk|protosynthesisatk\n|turn|9\n|\n|t:|1700340166\n|move|p1a: Dressrosa|Psyshock|p2a: Great Tusk\n|-supereffective|p2a: Great Tusk\n|-damage|p2a: Great Tusk|53\/100\n|move|p2a: Great Tusk|Headlong Rush|p1a: Dressrosa\n|-immune|p1a: Dressrosa\n|\n|upkeep\n|turn|10\n|\n|t:|1700340173\n|move|p1a: Dressrosa|Make It Rain|p2a: Great Tusk\n|-damage|p2a: Great Tusk|0 fnt\n|-unboost|p1a: Dressrosa|spa|1\n|faint|p2a: Great Tusk\n|-end|p2a: Great Tusk|Protosynthesis|[silent]\n|\n|upkeep\n|\n|t:|1700340181\n|switch|p2a: Glimmora|Glimmora, M|100\/100\n|turn|11\n|\n|t:|1700340190\n|move|p2a: Glimmora|Dazzling Gleam|p1a: Dressrosa\n|-resisted|p1a: Dressrosa\n|-damage|p1a: Dressrosa|85\/100\n|-enditem|p1a: Dressrosa|Air Balloon\n|move|p1a: Dressrosa|Make It Rain|p2a: Glimmora\n|-supereffective|p2a: Glimmora\n|-damage|p2a: Glimmora|0 fnt\n|-unboost|p1a: Dressrosa|spa|1\n|faint|p2a: Glimmora\n|\n|upkeep\n|\n|t:|1700340201\n|switch|p2a: Dragonite|Dragonite, M, shiny|100\/100\n|turn|12\n|\n|t:|1700340208\n|move|p1a: Dressrosa|Make It Rain|p2a: Dragonite\n|-crit|p2a: Dragonite\n|-damage|p2a: Dragonite|27\/100\n|-unboost|p1a: Dressrosa|spa|1\n|move|p2a: Dragonite|Earthquake|p1a: Dressrosa\n|-supereffective|p1a: Dressrosa\n|-damage|p1a: Dressrosa|0 fnt\n|faint|p1a: Dressrosa\n|\n|-heal|p2a: Dragonite|33\/100|[from] item: Leftovers\n|upkeep\n|\n|t:|1700340215\n|switch|p1a: Baratie|Empoleon, F|100\/100\n|-activate|p1a: Baratie|move: Sticky Web\n|-unboost|p1a: Baratie|spe|1\n|-ability|p1a: Baratie|Competitive|boost\n|-boost|p1a: Baratie|spa|2\n|turn|13\n|\n|t:|1700340225\n|move|p2a: Dragonite|Earthquake|p1a: Baratie\n|-supereffective|p1a: Baratie\n|-damage|p1a: Baratie|16\/100\n|move|p1a: Baratie|Ice Beam|p2a: Dragonite\n|-supereffective|p2a: Dragonite\n|-damage|p2a: Dragonite|0 fnt\n|faint|p2a: Dragonite\n|\n|-heal|p1a: Baratie|22\/100|[from] item: Leftovers\n|-sideend|p2: SwayPR|move: Light Screen\n|upkeep\n|\n|t:|1700340229\n|switch|p2a: Espeon|Espeon, M, shiny|100\/100\n|turn|14\n|\n|t:|1700340241\n|move|p2a: Espeon|Calm Mind|p2a: Espeon\n|-boost|p2a: Espeon|spa|1\n|-boost|p2a: Espeon|spd|1\n|move|p1a: Baratie|Ice Beam|p2a: Espeon\n|-damage|p2a: Espeon|59\/100\n|\n|-heal|p2a: Espeon|65\/100|[from] item: Leftovers\n|-heal|p1a: Baratie|28\/100|[from] item: Leftovers\n|upkeep\n|turn|15\n|\n|t:|1700340248\n|move|p2a: Espeon|Calm Mind|p2a: Espeon\n|-boost|p2a: Espeon|spa|1\n|-boost|p2a: Espeon|spd|1\n|move|p1a: Baratie|Ice Beam|p2a: Espeon\n|-damage|p2a: Espeon|34\/100\n|\n|-heal|p2a: Espeon|40\/100|[from] item: Leftovers\n|-heal|p1a: Baratie|34\/100|[from] item: Leftovers\n|-sideend|p2: SwayPR|Reflect\n|upkeep\n|turn|16\n|\n|t:|1700340254\n|move|p2a: Espeon|Psychic|p1a: Baratie\n|-resisted|p1a: Baratie\n|-damage|p1a: Baratie|2\/100\n|-unboost|p1a: Baratie|spd|1\n|-ability|p1a: Baratie|Competitive|boost\n|-boost|p1a: Baratie|spa|2\n|move|p1a: Baratie|Ice Beam|p2a: Espeon\n|-damage|p2a: Espeon|0 fnt\n|faint|p2a: Espeon\n|\n|win|NYC Red\n|raw|NYC Red's rating: 1241 &rarr; <strong>1262<\/strong><br \/>(+21 for winning)\n|raw|SwayPR's rating: 1186 &rarr; <strong>1165<\/strong><br \/>(-21 for losing)\n|l|\u2606SwayPR\n","uploadtime":1700340265,"views":10,"p1id":"nycred","p2id":"swaypr","formatid":"gen9ou","rating":1165,"private":0,"password":""}