{"id":"gen9ou-1999660021","p1":"SantiV12","p2":"looooaicici","format":"[Gen 9] OU","log":"|j|\u2606SantiV12\n|j|\u2606looooaicici\n|t:|1701105449\n|gametype|singles\n|player|p1|SantiV12|marlon|1069\n|player|p2|looooaicici|dragontamer|1122\n|teamsize|p1|6\n|teamsize|p2|6\n|gen|9\n|tier|[Gen 9] OU\n|rated|\n|rule|Sleep Clause Mod: Limit one foe put to sleep\n|rule|Species Clause: Limit one of each Pok\u00e9mon\n|rule|OHKO Clause: OHKO moves are banned\n|rule|Evasion Items Clause: Evasion items are banned\n|rule|Evasion Moves Clause: Evasion moves are banned\n|rule|Endless Battle Clause: Forcing endless battles is banned\n|rule|HP Percentage Mod: HP is shown in percentages\n|clearpoke\n|poke|p1|Ogerpon-Wellspring, F|\n|poke|p1|Chansey, F|\n|poke|p1|Enamorus, F|\n|poke|p1|Glimmora, M|\n|poke|p1|Manaphy|\n|poke|p1|Greninja-*, M|\n|poke|p2|Iron Jugulis|\n|poke|p2|Ogerpon-Wellspring, F|\n|poke|p2|Tinkaton, F|\n|poke|p2|Iron Moth|\n|poke|p2|Great Tusk|\n|poke|p2|Dragapult, F|\n|teampreview\n|inactive|Battle timer is ON: inactive players will automatically lose when time's up. (requested by SantiV12)\n|\n|t:|1701105456\n|start\n|switch|p1a: Chansey|Chansey, F|100\/100\n|switch|p2a: Dragapult|Dragapult, F|100\/100\n|turn|1\n|\n|t:|1701105463\n|move|p2a: Dragapult|Shadow Ball|p1a: Chansey\n|-immune|p1a: Chansey\n|move|p1a: Chansey|Thunder Wave|p2a: Dragapult\n|-status|p2a: Dragapult|par\n|\n|upkeep\n|turn|2\n|\n|t:|1701105470\n|switch|p2a: Iron Jugulis|Iron Jugulis|100\/100\n|-enditem|p2a: Iron Jugulis|Booster Energy\n|-activate|p2a: Iron Jugulis|ability: Quark Drive|[fromitem]\n|-start|p2a: Iron Jugulis|quarkdrivespe\n|switch|p1a: Glimmora|Glimmora, M|100\/100\n|-item|p1a: Glimmora|Air Balloon\n|\n|upkeep\n|turn|3\n|\n|t:|1701105478\n|move|p2a: Iron Jugulis|Taunt|p1a: Glimmora\n|-start|p1a: Glimmora|move: Taunt\n|move|p1a: Glimmora|Mortal Spin|p2a: Iron Jugulis\n|-damage|p2a: Iron Jugulis|92\/100\n|-status|p2a: Iron Jugulis|psn\n|\n|-damage|p2a: Iron Jugulis|80\/100 psn|[from] psn\n|upkeep\n|turn|4\n|\n|t:|1701105485\n|switch|p1a: Chansey|Chansey, F|100\/100\n|move|p2a: Iron Jugulis|Earth Power|p1a: Chansey\n|-damage|p1a: Chansey|91\/100\n|\n|-damage|p2a: Iron Jugulis|67\/100 psn|[from] psn\n|upkeep\n|turn|5\n|\n|t:|1701105490\n|move|p2a: Iron Jugulis|Knock Off|p1a: Chansey\n|-damage|p1a: Chansey|74\/100\n|-enditem|p1a: Chansey|Eviolite|[from] move: Knock Off|[of] p2a: Iron Jugulis\n|move|p1a: Chansey|Seismic Toss|p2a: Iron Jugulis\n|-damage|p2a: Iron Jugulis|37\/100 psn\n|\n|-damage|p2a: Iron Jugulis|24\/100 psn|[from] psn\n|upkeep\n|turn|6\n|\n|t:|1701105496\n|move|p2a: Iron Jugulis|Earth Power|p1a: Chansey\n|-damage|p1a: Chansey|61\/100\n|move|p1a: Chansey|Seismic Toss|p2a: Iron Jugulis\n|-damage|p2a: Iron Jugulis|0 fnt\n|faint|p2a: Iron Jugulis\n|-end|p2a: Iron Jugulis|Quark Drive|[silent]\n|\n|upkeep\n|\n|t:|1701105506\n|switch|p2a: Ogerpon|Ogerpon-Wellspring, F|100\/100\n|turn|7\n|\n|t:|1701105511\n|move|p2a: Ogerpon|Spikes|p1a: Chansey\n|-sidestart|p1: SantiV12|Spikes\n|move|p1a: Chansey|Thunder Wave|p2a: Ogerpon\n|-status|p2a: Ogerpon|par\n|\n|upkeep\n|turn|8\n|\n|t:|1701105517\n|move|p2a: Ogerpon|Horn Leech|p1a: Chansey\n|-damage|p1a: Chansey|20\/100\n|move|p1a: Chansey|Seismic Toss|p2a: Ogerpon\n|-damage|p2a: Ogerpon|67\/100 par\n|\n|upkeep\n|turn|9\n|\n|t:|1701105523\n|move|p2a: Ogerpon|Horn Leech|p1a: Chansey\n|-damage|p1a: Chansey|0 fnt\n|-heal|p2a: Ogerpon|90\/100 par|[from] drain|[of] p1a: Chansey\n|faint|p1a: Chansey\n|\n|upkeep\n|\n|t:|1701105527\n|switch|p1a: Ogerpon|Ogerpon-Wellspring, F|100\/100\n|-damage|p1a: Ogerpon|88\/100|[from] Spikes\n|turn|10\n|\n|t:|1701105532\n|move|p1a: Ogerpon|Swords Dance|p1a: Ogerpon\n|-boost|p1a: Ogerpon|atk|2\n|move|p2a: Ogerpon|Horn Leech|p1a: Ogerpon\n|-damage|p1a: Ogerpon|32\/100\n|-heal|p2a: Ogerpon|100\/100 par|[from] drain|[of] p1a: Ogerpon\n|\n|upkeep\n|turn|11\n|\n|t:|1701105544\n|move|p1a: Ogerpon|U-turn|p2a: Ogerpon\n|-supereffective|p2a: Ogerpon\n|-damage|p2a: Ogerpon|0 fnt\n|faint|p2a: Ogerpon\n|\n|t:|1701105546\n|switch|p1a: Enamorus|Enamorus, F|100\/100|[from] U-turn\n|\n|upkeep\n|\n|t:|1701105551\n|switch|p2a: Dragapult|Dragapult, F|100\/100 par\n|turn|12\n|\n|t:|1701105555\n|move|p1a: Enamorus|Play Rough|p2a: Dragapult\n|-supereffective|p2a: Dragapult\n|-damage|p2a: Dragapult|0 fnt\n|faint|p2a: Dragapult\n|\n|upkeep\n|\n|t:|1701105560\n|switch|p2a: Iron Moth|Iron Moth|100\/100\n|-enditem|p2a: Iron Moth|Booster Energy\n|-activate|p2a: Iron Moth|ability: Quark Drive|[fromitem]\n|-start|p2a: Iron Moth|quarkdrivespe\n|turn|13\n|\n|t:|1701105564\n|move|p2a: Iron Moth|Psychic|p1a: Enamorus\n|-damage|p1a: Enamorus|60\/100\n|move|p1a: Enamorus|Zen Headbutt|p2a: Iron Moth\n|-supereffective|p2a: Iron Moth\n|-damage|p2a: Iron Moth|31\/100\n|\n|-heal|p1a: Enamorus|66\/100|[from] item: Leftovers\n|upkeep\n|turn|14\n|\n|t:|1701105570\n|move|p2a: Iron Moth|Sludge Wave|p1a: Enamorus\n|-supereffective|p1a: Enamorus\n|-crit|p1a: Enamorus\n|-damage|p1a: Enamorus|0 fnt\n|faint|p1a: Enamorus\n|\n|upkeep\n|\n|t:|1701105573\n|switch|p1a: Ogerpon|Ogerpon-Wellspring, F|32\/100\n|-damage|p1a: Ogerpon|20\/100|[from] Spikes\n|turn|15\n|\n|t:|1701105577\n|move|p2a: Iron Moth|Fiery Dance|p1a: Ogerpon\n|-crit|p1a: Ogerpon\n|-damage|p1a: Ogerpon|0 fnt\n|faint|p1a: Ogerpon\n|\n|upkeep\n|\n|t:|1701105583\n|switch|p1a: Greninja|Greninja, M|100\/100\n|-damage|p1a: Greninja|88\/100|[from] Spikes\n|turn|16\n|\n|t:|1701105590\n|move|p2a: Iron Moth|Sludge Wave|p1a: Greninja\n|-damage|p1a: Greninja|14\/100\n|move|p1a: Greninja|Hydro Pump|p2a: Iron Moth\n|-supereffective|p2a: Iron Moth\n|-damage|p2a: Iron Moth|0 fnt\n|faint|p2a: Iron Moth\n|-end|p2a: Iron Moth|Quark Drive|[silent]\n|-ability|p1a: Greninja|Battle Bond|boost\n|-boost|p1a: Greninja|atk|1\n|-boost|p1a: Greninja|spa|1\n|-boost|p1a: Greninja|spe|1\n|-activate|p1a: Greninja|ability: Battle Bond\n|\n|upkeep\n|\n|t:|1701105596\n|switch|p2a: TWINKATON|Tinkaton, F|100\/100\n|-item|p2a: TWINKATON|Air Balloon\n|turn|17\n|\n|t:|1701105604\n|move|p1a: Greninja|Hydro Pump|p2a: TWINKATON\n|-damage|p2a: TWINKATON|27\/100\n|-enditem|p2a: TWINKATON|Air Balloon\n|move|p2a: TWINKATON|Play Rough|p1a: Greninja\n|-supereffective|p1a: Greninja\n|-damage|p1a: Greninja|0 fnt\n|faint|p1a: Greninja\n|\n|upkeep\n|\n|t:|1701105611\n|switch|p1a: Glimmora|Glimmora, M|100\/100\n|-item|p1a: Glimmora|Air Balloon\n|turn|18\n|\n|t:|1701105616\n|move|p2a: TWINKATON|Thunder Wave|p1a: Glimmora\n|-status|p1a: Glimmora|par\n|move|p1a: Glimmora|Reflect|p1a: Glimmora\n|-sidestart|p1: SantiV12|Reflect\n|\n|upkeep\n|turn|19\n|\n|t:|1701105621\n|move|p2a: TWINKATON|Encore|p1a: Glimmora\n|-start|p1a: Glimmora|Encore\n|move|p1a: Glimmora|Reflect||[still]\n|-fail|p1a: Glimmora\n|\n|upkeep\n|turn|20\n|\n|t:|1701105629\n|switch|p1a: Manaphy|Manaphy|100\/100\n|-damage|p1a: Manaphy|88\/100|[from] Spikes\n|move|p2a: TWINKATON|Stealth Rock|p1a: Manaphy\n|-sidestart|p1: SantiV12|move: Stealth Rock\n|\n|-heal|p1a: Manaphy|94\/100|[from] item: Leftovers\n|upkeep\n|turn|21\n|\n|t:|1701105637\n|move|p1a: Manaphy|Hydro Pump|p2a: TWINKATON\n|-damage|p2a: TWINKATON|0 fnt\n|faint|p2a: TWINKATON\n|\n|-heal|p1a: Manaphy|100\/100|[from] item: Leftovers\n|upkeep\n|\n|t:|1701105642\n|switch|p2a: Great Tusk|Great Tusk|100\/100\n|-enditem|p2a: Great Tusk|Booster Energy\n|-activate|p2a: Great Tusk|ability: Protosynthesis|[fromitem]\n|-start|p2a: Great Tusk|protosynthesisspe\n|turn|22\n|\n|t:|1701105648\n|-terastallize|p2a: Great Tusk|Poison\n|move|p2a: Great Tusk|Bulk Up|p2a: Great Tusk\n|-boost|p2a: Great Tusk|atk|1\n|-boost|p2a: Great Tusk|def|1\n|move|p1a: Manaphy|Tail Glow|p1a: Manaphy\n|-boost|p1a: Manaphy|spa|3\n|\n|-sideend|p1: SantiV12|Reflect\n|upkeep\n|turn|23\n|\n|t:|1701105655\n|move|p2a: Great Tusk|Headlong Rush|p1a: Manaphy\n|-damage|p1a: Manaphy|17\/100\n|-unboost|p2a: Great Tusk|def|1\n|-unboost|p2a: Great Tusk|spd|1\n|move|p1a: Manaphy|Tail Glow|p1a: Manaphy\n|-boost|p1a: Manaphy|spa|3\n|\n|-heal|p1a: Manaphy|23\/100|[from] item: Leftovers\n|upkeep\n|turn|24\n|\n|t:|1701105673\n|-terastallize|p1a: Manaphy|Normal\n|move|p2a: Great Tusk|Headlong Rush|p1a: Manaphy\n|-damage|p1a: Manaphy|0 fnt\n|-unboost|p2a: Great Tusk|def|1\n|-unboost|p2a: Great Tusk|spd|1\n|faint|p1a: Manaphy\n|\n|upkeep\n|\n|t:|1701105677\n|switch|p1a: Glimmora|Glimmora, M|100\/100 par\n|-damage|p1a: Glimmora|88\/100 par|[from] Stealth Rock\n|-item|p1a: Glimmora|Air Balloon\n|turn|25\n|\n|t:|1701105681\n|move|p2a: Great Tusk|Ice Spinner|p1a: Glimmora\n|-damage|p1a: Glimmora|52\/100 par\n|-activate|p1a: Glimmora|ability: Toxic Debris\n|-sidestart|p2: looooaicici|move: Toxic Spikes\n|-enditem|p1a: Glimmora|Air Balloon\n|move|p1a: Glimmora|Mortal Spin|p2a: Great Tusk\n|-resisted|p2a: Great Tusk\n|-damage|p2a: Great Tusk|97\/100\n|-sideend|p1: SantiV12|Spikes|[from] move: Mortal Spin|[of] p1a: Glimmora\n|-sideend|p1: SantiV12|Stealth Rock|[from] move: Mortal Spin|[of] p1a: Glimmora\n|\n|upkeep\n|turn|26\n|\n|t:|1701105694\n|move|p2a: Great Tusk|Headlong Rush|p1a: Glimmora\n|-supereffective|p1a: Glimmora\n|-damage|p1a: Glimmora|0 fnt\n|-unboost|p2a: Great Tusk|def|1\n|-unboost|p2a: Great Tusk|spd|1\n|-activate|p1a: Glimmora|ability: Toxic Debris\n|-sidestart|p2: looooaicici|move: Toxic Spikes\n|faint|p1a: Glimmora\n|\n|win|looooaicici\n|raw|SantiV12's rating: 1069 &rarr; <strong>1052<\/strong><br \/>(-17 for losing)\n|raw|looooaicici's rating: 1122 &rarr; <strong>1143<\/strong><br \/>(+21 for winning)\n","uploadtime":1701105698,"views":2,"p1id":"santiv12","p2id":"looooaicici","formatid":"gen9ou","rating":1052,"private":0,"password":""}