{"id":"gen9ou-2000483355","p1":"CYalo","p2":"The Prime $uspect","format":"[Gen 9] OU","log":"|j|\u203dCYalo\n|j|\u203dThe Prime $uspect\n|t:|1701198595\n|gametype|singles\n|player|p1|CYalo|turo-ai|\n|player|p2|The Prime $uspect|265|\n|teamsize|p1|6\n|teamsize|p2|6\n|gen|9\n|tier|[Gen 9] OU\n|rule|Sleep Clause Mod: Limit one foe put to sleep\n|rule|Species Clause: Limit one of each Pok\u00e9mon\n|rule|OHKO Clause: OHKO moves are banned\n|rule|Evasion Items Clause: Evasion items are banned\n|rule|Evasion Moves Clause: Evasion moves are banned\n|rule|Endless Battle Clause: Forcing endless battles is banned\n|rule|HP Percentage Mod: HP is shown in percentages\n|clearpoke\n|poke|p1|Conkeldurr, F|\n|poke|p1|Kingambit, F|\n|poke|p1|Hatterene, F|\n|poke|p1|Walking Wake|\n|poke|p1|Alomomola, F|\n|poke|p1|Amoonguss, F|\n|poke|p2|Dragonite, M|\n|poke|p2|Landorus-Therian, M|\n|poke|p2|Hatterene, F|\n|poke|p2|Great Tusk|\n|poke|p2|Walking Wake|\n|poke|p2|Kingambit, M|\n|teampreview\n|\n|t:|1701198765\n|start\n|switch|p1a: Walking Wake|Walking Wake|100\/100\n|switch|p2a: Walking Wake|Walking Wake|100\/100\n|turn|1\n|\n|t:|1701198781\n|move|p1a: Walking Wake|Draco Meteor|p2a: Walking Wake\n|-supereffective|p2a: Walking Wake\n|-damage|p2a: Walking Wake|0 fnt\n|-unboost|p1a: Walking Wake|spa|2\n|faint|p2a: Walking Wake\n|-end|p2a: Walking Wake|Protosynthesis|[silent]\n|\n|upkeep\n|\n|t:|1701198796\n|switch|p2a: Kingambit|Kingambit, M|100\/100\n|-activate|p2a: Kingambit|ability: Supreme Overlord\n|-start|p2a: Kingambit|fallen1|[silent]\n|turn|2\n|\n|t:|1701198803\n|-end|p1a: Walking Wake|Protosynthesis|[silent]\n|switch|p1a: Conkeldurr|Conkeldurr, F|100\/100\n|move|p2a: Kingambit|Swords Dance|p2a: Kingambit\n|-boost|p2a: Kingambit|atk|2\n|\n|upkeep\n|turn|3\n|\n|t:|1701198818\n|move|p2a: Kingambit|Iron Head|p1a: Conkeldurr\n|-crit|p1a: Conkeldurr\n|-damage|p1a: Conkeldurr|0 fnt\n|faint|p1a: Conkeldurr\n|\n|upkeep\n|\n|t:|1701198839\n|switch|p1a: Amoonguss|Amoonguss, F|100\/100\n|turn|4\n|\n|t:|1701198850\n|move|p2a: Kingambit|Iron Head|p1a: Amoonguss\n|-damage|p1a: Amoonguss|18\/100\n|-damage|p2a: Kingambit|84\/100|[from] item: Rocky Helmet|[of] p1a: Amoonguss\n|move|p1a: Amoonguss|Spore|p2a: Kingambit\n|-status|p2a: Kingambit|slp|[from] move: Spore\n|\n|upkeep\n|turn|5\n|\n|t:|1701198858\n|switch|p1a: Kingambit|Kingambit, F|100\/100\n|-activate|p1a: Kingambit|ability: Supreme Overlord\n|-start|p1a: Kingambit|fallen1|[silent]\n|cant|p2a: Kingambit|slp\n|\n|upkeep\n|turn|6\n|\n|t:|1701198872\n|move|p1a: Kingambit|Swords Dance|p1a: Kingambit\n|-boost|p1a: Kingambit|atk|2\n|cant|p2a: Kingambit|slp\n|\n|upkeep\n|turn|7\n|\n|t:|1701198884\n|-terastallize|p1a: Kingambit|Dark\n|move|p1a: Kingambit|Swords Dance|p1a: Kingambit\n|-boost|p1a: Kingambit|atk|2\n|cant|p2a: Kingambit|slp\n|\n|upkeep\n|turn|8\n|\n|t:|1701198912\n|-curestatus|p2a: Kingambit|slp|[msg]\n|move|p2a: Kingambit|Sucker Punch|p1a: Kingambit\n|-resisted|p1a: Kingambit\n|-damage|p1a: Kingambit|54\/100\n|move|p1a: Kingambit|Kowtow Cleave|p2a: Kingambit\n|-resisted|p2a: Kingambit\n|-damage|p2a: Kingambit|0 fnt\n|faint|p2a: Kingambit\n|-end|p2a: Kingambit|fallen1|[silent]\n|\n|upkeep\n|\n|t:|1701198918\n|switch|p2a: Great Tusk|Great Tusk|100\/100\n|turn|9\n|\n|t:|1701198924\n|move|p2a: Great Tusk|Earthquake|p1a: Kingambit\n|-damage|p1a: Kingambit|18\/100\n|move|p1a: Kingambit|Iron Head|p2a: Great Tusk\n|-damage|p2a: Great Tusk|27\/100\n|\n|-heal|p2a: Great Tusk|33\/100|[from] item: Leftovers\n|upkeep\n|turn|10\n|\n|t:|1701198935\n|move|p1a: Kingambit|Sucker Punch|p2a: Great Tusk\n|-resisted|p2a: Great Tusk\n|-damage|p2a: Great Tusk|0 fnt\n|faint|p2a: Great Tusk\n|-end|p2a: Great Tusk|Protosynthesis|[silent]\n|\n|upkeep\n|\n|t:|1701198938\n|switch|p2a: Dragonite|Dragonite, M|100\/100\n|turn|11\n|\n|t:|1701198942\n|-end|p1a: Kingambit|fallen1|[silent]\n|switch|p1a: Alomomola|Alomomola, F|100\/100\n|move|p2a: Dragonite|Thunder Wave|p1a: Alomomola\n|-status|p1a: Alomomola|par\n|\n|upkeep\n|turn|12\n|\n|t:|1701198945\n|move|p2a: Dragonite|Hurricane|p1a: Alomomola\n|-damage|p1a: Alomomola|51\/100 par\n|cant|p1a: Alomomola|par\n|\n|upkeep\n|turn|13\n|\n|t:|1701198954\n|switch|p1a: Walking Wake|Walking Wake|100\/100\n|move|p2a: Dragonite|Hurricane|p1a: Walking Wake\n|-damage|p1a: Walking Wake|73\/100\n|-start|p1a: Walking Wake|confusion\n|\n|upkeep\n|turn|14\n|\n|t:|1701198957\n|-activate|p1a: Walking Wake|confusion\n|-damage|p1a: Walking Wake|65\/100|[from] confusion\n|move|p2a: Dragonite|Thunder Wave|p1a: Walking Wake\n|-status|p1a: Walking Wake|par\n|\n|upkeep\n|turn|15\n|\n|t:|1701198963\n|switch|p2a: Hatterene|Hatterene, F|100\/100\n|-end|p1a: Walking Wake|confusion\n|move|p1a: Walking Wake|Flip Turn|p2a: Hatterene\n|-damage|p2a: Hatterene|87\/100\n|\n|t:|1701198971\n|-end|p1a: Walking Wake|Protosynthesis|[silent]\n|switch|p1a: Kingambit|Kingambit, F, tera:Dark|18\/100|[from] Flip Turn\n|-activate|p1a: Kingambit|ability: Supreme Overlord\n|-start|p1a: Kingambit|fallen1|[silent]\n|\n|-heal|p2a: Hatterene|93\/100|[from] item: Leftovers\n|upkeep\n|turn|16\n|\n|t:|1701198975\n|move|p1a: Kingambit|Iron Head|p2a: Hatterene\n|-supereffective|p2a: Hatterene\n|-damage|p2a: Hatterene|0 fnt\n|faint|p2a: Hatterene\n|\n|upkeep\n|\n|t:|1701198978\n|switch|p2a: Landorus|Landorus-Therian, M|100\/100\n|-ability|p2a: Landorus|Intimidate|boost\n|-unboost|p1a: Kingambit|atk|1\n|turn|17\n|\n|t:|1701198981\n|-end|p1a: Kingambit|fallen1|[silent]\n|switch|p1a: Alomomola|Alomomola, F|85\/100 par\n|-terastallize|p2a: Landorus|Ground\n|move|p2a: Landorus|Earthquake|p1a: Alomomola\n|-damage|p1a: Alomomola|45\/100 par\n|-enditem|p1a: Alomomola|Sitrus Berry|[eat]\n|-heal|p1a: Alomomola|70\/100 par|[from] item: Sitrus Berry\n|\n|upkeep\n|turn|18\n|\n|t:|1701198986\n|switch|p2a: Dragonite|Dragonite, M|100\/100\n|cant|p1a: Alomomola|par\n|\n|upkeep\n|turn|19\n|\n|t:|1701198994\n|move|p2a: Dragonite|Hurricane|p1a: Alomomola|[miss]\n|-miss|p2a: Dragonite|p1a: Alomomola\n|cant|p1a: Alomomola|par\n|\n|upkeep\n|turn|20\n|\n|t:|1701198997\n|move|p2a: Dragonite|Hurricane|p1a: Alomomola\n|-damage|p1a: Alomomola|27\/100 par\n|move|p1a: Alomomola|Wish|p1a: Alomomola\n|\n|upkeep\n|turn|21\n|\n|t:|1701199002\n|switch|p1a: Walking Wake|Walking Wake|65\/100 par\n|move|p2a: Dragonite|Hurricane|p1a: Walking Wake|[miss]\n|-miss|p2a: Dragonite|p1a: Walking Wake\n|\n|-heal|p1a: Walking Wake|100\/100 par|[from] move: Wish|[wisher] Alomomola\n|upkeep\n|turn|22\n|\n|t:|1701199014\n|move|p2a: Dragonite|Hurricane|p1a: Walking Wake\n|-damage|p1a: Walking Wake|69\/100 par\n|-start|p1a: Walking Wake|confusion\n|-activate|p1a: Walking Wake|confusion\n|move|p1a: Walking Wake|Flip Turn|p2a: Dragonite\n|-resisted|p2a: Dragonite\n|-damage|p2a: Dragonite|97\/100\n|\n|t:|1701199018\n|-end|p1a: Walking Wake|Protosynthesis|[silent]\n|switch|p1a: Alomomola|Alomomola, F|60\/100 par|[from] Flip Turn\n|\n|upkeep\n|turn|23\n|\n|t:|1701199022\n|move|p2a: Dragonite|Hurricane|p1a: Alomomola\n|-damage|p1a: Alomomola|19\/100 par\n|move|p1a: Alomomola|Wish|p1a: Alomomola\n|\n|upkeep\n|turn|24\n|\n|t:|1701199027\n|switch|p1a: Walking Wake|Walking Wake|69\/100 par\n|move|p2a: Dragonite|Roost|p2a: Dragonite\n|-heal|p2a: Dragonite|100\/100\n|-singleturn|p2a: Dragonite|move: Roost\n|\n|-heal|p1a: Walking Wake|100\/100 par|[from] move: Wish|[wisher] Alomomola\n|upkeep\n|turn|25\n|\n|t:|1701199040\n|switch|p2a: Landorus|Landorus-Therian, M, tera:Ground|100\/100\n|-ability|p2a: Landorus|Intimidate|boost\n|-unboost|p1a: Walking Wake|atk|1\n|cant|p1a: Walking Wake|par\n|\n|upkeep\n|turn|26\n|\n|t:|1701199048\n|move|p2a: Landorus|Earthquake|p1a: Walking Wake\n|-damage|p1a: Walking Wake|25\/100 par\n|cant|p1a: Walking Wake|par\n|\n|upkeep\n|turn|27\n|\n|t:|1701199055\n|-end|p1a: Walking Wake|Protosynthesis|[silent]\n|switch|p1a: Kingambit|Kingambit, F, tera:Dark|18\/100\n|-activate|p1a: Kingambit|ability: Supreme Overlord\n|-start|p1a: Kingambit|fallen1|[silent]\n|move|p2a: Landorus|Earthquake|p1a: Kingambit\n|-damage|p1a: Kingambit|0 fnt\n|faint|p1a: Kingambit\n|-end|p1a: Kingambit|fallen1|[silent]\n|\n|upkeep\n|\n|t:|1701199058\n|switch|p1a: Alomomola|Alomomola, F|52\/100 par\n|turn|28\n|\n|t:|1701199061\n|switch|p1a: Hatterene|Hatterene, F|100\/100\n|move|p2a: Landorus|Earthquake|p1a: Hatterene\n|-damage|p1a: Hatterene|24\/100\n|\n|-heal|p1a: Hatterene|30\/100|[from] item: Leftovers\n|upkeep\n|turn|29\n|\n|t:|1701199066\n|move|p2a: Landorus|Earthquake|p1a: Hatterene\n|-damage|p1a: Hatterene|0 fnt\n|faint|p1a: Hatterene\n|\n|upkeep\n|\n|t:|1701199068\n|switch|p1a: Alomomola|Alomomola, F|86\/100 par\n|turn|30\n|\n|t:|1701199075\n|move|p2a: Landorus|Earthquake|p1a: Alomomola\n|-damage|p1a: Alomomola|42\/100 par\n|cant|p1a: Alomomola|par\n|\n|upkeep\n|turn|31\n|\n|t:|1701199082\n|switch|p1a: Amoonguss|Amoonguss, F|51\/100\n|move|p2a: Landorus|Earthquake|p1a: Amoonguss\n|-damage|p1a: Amoonguss|0 fnt\n|faint|p1a: Amoonguss\n|\n|upkeep\n|\n|t:|1701199083\n|switch|p1a: Alomomola|Alomomola, F|76\/100 par\n|turn|32\n|\n|t:|1701199085\n|move|p2a: Landorus|Earthquake|p1a: Alomomola\n|-damage|p1a: Alomomola|33\/100 par\n|move|p1a: Alomomola|Wish|p1a: Alomomola\n|\n|upkeep\n|turn|33\n|\n|t:|1701199096\n|move|p1a: Alomomola|Protect|p1a: Alomomola\n|-singleturn|p1a: Alomomola|Protect\n|move|p2a: Landorus|Earthquake|p1a: Alomomola\n|-activate|p1a: Alomomola|move: Protect\n|\n|-heal|p1a: Alomomola|83\/100 par|[from] move: Wish|[wisher] Alomomola\n|upkeep\n|turn|34\n|\n|t:|1701199101\n|move|p2a: Landorus|Earthquake|p1a: Alomomola\n|-crit|p1a: Alomomola\n|-damage|p1a: Alomomola|19\/100 par\n|move|p1a: Alomomola|Wish|p1a: Alomomola\n|\n|upkeep\n|turn|35\n|\n|t:|1701199107\n|move|p1a: Alomomola|Protect|p1a: Alomomola\n|-singleturn|p1a: Alomomola|Protect\n|move|p2a: Landorus|Earthquake|p1a: Alomomola\n|-activate|p1a: Alomomola|move: Protect\n|\n|-heal|p1a: Alomomola|69\/100 par|[from] move: Wish|[wisher] Alomomola\n|upkeep\n|turn|36\n|\n|t:|1701199110\n|switch|p2a: Dragonite|Dragonite, M|100\/100\n|move|p1a: Alomomola|Wish|p1a: Alomomola\n|\n|upkeep\n|turn|37\n|\n|t:|1701199118\n|move|p2a: Dragonite|Hurricane|p1a: Alomomola\n|-damage|p1a: Alomomola|28\/100 par\n|move|p1a: Alomomola|Flip Turn|p2a: Dragonite\n|-resisted|p2a: Dragonite\n|-damage|p2a: Dragonite|97\/100\n|\n|t:|1701199120\n|switch|p1a: Walking Wake|Walking Wake|25\/100 par|[from] Flip Turn\n|\n|-heal|p1a: Walking Wake|100\/100 par|[from] move: Wish|[wisher] Alomomola\n|upkeep\n|turn|38\n|\n|t:|1701199125\n|move|p2a: Dragonite|Roost|p2a: Dragonite\n|-heal|p2a: Dragonite|100\/100\n|-singleturn|p2a: Dragonite|move: Roost\n|move|p1a: Walking Wake|Draco Meteor|p2a: Dragonite\n|-supereffective|p2a: Dragonite\n|-damage|p2a: Dragonite|59\/100\n|-unboost|p1a: Walking Wake|spa|2\n|\n|upkeep\n|turn|39\n|\n|t:|1701199128\n|move|p2a: Dragonite|Roost|p2a: Dragonite\n|-heal|p2a: Dragonite|100\/100\n|-singleturn|p2a: Dragonite|move: Roost\n|move|p1a: Walking Wake|Flip Turn|p2a: Dragonite\n|-resisted|p2a: Dragonite\n|-damage|p2a: Dragonite|97\/100\n|\n|t:|1701199130\n|-end|p1a: Walking Wake|Protosynthesis|[silent]\n|switch|p1a: Alomomola|Alomomola, F|61\/100 par|[from] Flip Turn\n|\n|upkeep\n|turn|40\n|\n|t:|1701199134\n|move|p2a: Dragonite|Hurricane|p1a: Alomomola\n|-damage|p1a: Alomomola|18\/100 par\n|move|p1a: Alomomola|Flip Turn|p2a: Dragonite\n|-resisted|p2a: Dragonite\n|-damage|p2a: Dragonite|90\/100\n|\n|t:|1701199137\n|switch|p1a: Walking Wake|Walking Wake|100\/100 par|[from] Flip Turn\n|\n|upkeep\n|turn|41\n|\n|t:|1701199144\n|move|p2a: Dragonite|Flamethrower|p1a: Walking Wake\n|-resisted|p1a: Walking Wake\n|-damage|p1a: Walking Wake|96\/100 par\n|cant|p1a: Walking Wake|par\n|\n|upkeep\n|turn|42\n|\n|t:|1701199148\n|move|p2a: Dragonite|Roost|p2a: Dragonite\n|-heal|p2a: Dragonite|100\/100\n|-singleturn|p2a: Dragonite|move: Roost\n|move|p1a: Walking Wake|Flip Turn|p2a: Dragonite\n|-resisted|p2a: Dragonite\n|-damage|p2a: Dragonite|97\/100\n|\n|t:|1701199150\n|-end|p1a: Walking Wake|Protosynthesis|[silent]\n|switch|p1a: Alomomola|Alomomola, F|51\/100 par|[from] Flip Turn\n|\n|upkeep\n|turn|43\n|\n|t:|1701199154\n|move|p2a: Dragonite|Hurricane|p1a: Alomomola\n|-damage|p1a: Alomomola|6\/100 par\n|move|p1a: Alomomola|Flip Turn|p2a: Dragonite\n|-resisted|p2a: Dragonite\n|-damage|p2a: Dragonite|89\/100\n|\n|t:|1701199157\n|switch|p1a: Walking Wake|Walking Wake|96\/100 par|[from] Flip Turn\n|\n|upkeep\n|turn|44\n|\n|t:|1701199163\n|move|p2a: Dragonite|Hurricane|p1a: Walking Wake|[miss]\n|-miss|p2a: Dragonite|p1a: Walking Wake\n|move|p1a: Walking Wake|Flip Turn|p2a: Dragonite\n|-resisted|p2a: Dragonite\n|-damage|p2a: Dragonite|82\/100\n|\n|t:|1701199165\n|-end|p1a: Walking Wake|Protosynthesis|[silent]\n|switch|p1a: Alomomola|Alomomola, F|39\/100 par|[from] Flip Turn\n|\n|upkeep\n|turn|45\n|\n|t:|1701199167\n|switch|p1a: Walking Wake|Walking Wake|96\/100 par\n|move|p2a: Dragonite|Hurricane|p1a: Walking Wake\n|-damage|p1a: Walking Wake|65\/100 par\n|\n|upkeep\n|turn|46\n|\n|t:|1701199177\n|switch|p2a: Landorus|Landorus-Therian, M, tera:Ground|100\/100\n|-ability|p2a: Landorus|Intimidate|boost\n|-unboost|p1a: Walking Wake|atk|1\n|move|p1a: Walking Wake|Draco Meteor|p2a: Landorus\n|-damage|p2a: Landorus|7\/100\n|-unboost|p1a: Walking Wake|spa|2\n|\n|upkeep\n|turn|47\n|\n|t:|1701199188\n|-end|p1a: Walking Wake|Protosynthesis|[silent]\n|switch|p1a: Alomomola|Alomomola, F|73\/100 par\n|move|p2a: Landorus|Grass Knot|p1a: Alomomola\n|-supereffective|p1a: Alomomola\n|-damage|p1a: Alomomola|39\/100 par\n|\n|upkeep\n|turn|48\n|\n|t:|1701199197\n|switch|p2a: Dragonite|Dragonite, M|82\/100\n|move|p1a: Alomomola|Wish|p1a: Alomomola\n|\n|upkeep\n|turn|49\n|\n|t:|1701199201\n|switch|p1a: Walking Wake|Walking Wake|65\/100 par\n|move|p2a: Dragonite|Roost|p2a: Dragonite\n|-heal|p2a: Dragonite|100\/100\n|-singleturn|p2a: Dragonite|move: Roost\n|\n|-heal|p1a: Walking Wake|100\/100 par|[from] move: Wish|[wisher] Alomomola\n|upkeep\n|turn|50\n|\n|t:|1701199205\n|move|p2a: Dragonite|Thunder Wave|p1a: Walking Wake\n|-fail|p1a: Walking Wake|par\n|cant|p1a: Walking Wake|par\n|\n|upkeep\n|turn|51\n|\n|t:|1701199208\n|move|p2a: Dragonite|Thunder Wave|p1a: Walking Wake\n|-fail|p1a: Walking Wake|par\n|move|p1a: Walking Wake|Flip Turn|p2a: Dragonite\n|-resisted|p2a: Dragonite\n|-damage|p2a: Dragonite|97\/100\n|\n|t:|1701199210\n|-end|p1a: Walking Wake|Protosynthesis|[silent]\n|switch|p1a: Alomomola|Alomomola, F|73\/100 par|[from] Flip Turn\n|\n|upkeep\n|turn|52\n|\n|t:|1701199216\n|move|p2a: Dragonite|Flamethrower|p1a: Alomomola\n|-resisted|p1a: Alomomola\n|-damage|p1a: Alomomola|60\/100 par\n|move|p1a: Alomomola|Flip Turn|p2a: Dragonite\n|-resisted|p2a: Dragonite\n|-crit|p2a: Dragonite\n|-damage|p2a: Dragonite|86\/100\n|\n|t:|1701199219\n|switch|p1a: Walking Wake|Walking Wake|100\/100 par|[from] Flip Turn\n|\n|upkeep\n|turn|53\n|\n|t:|1701199229\n|move|p2a: Dragonite|Roost|p2a: Dragonite\n|-heal|p2a: Dragonite|100\/100\n|-singleturn|p2a: Dragonite|move: Roost\n|move|p1a: Walking Wake|Flamethrower|p2a: Dragonite\n|-resisted|p2a: Dragonite\n|-damage|p2a: Dragonite|96\/100\n|\n|upkeep\n|turn|54\n|\n|t:|1701199240\n|move|p2a: Dragonite|Flamethrower|p1a: Walking Wake\n|-resisted|p1a: Walking Wake\n|-damage|p1a: Walking Wake|97\/100 par\n|cant|p1a: Walking Wake|par\n|\n|upkeep\n|turn|55\n|\n|t:|1701199243\n|move|p2a: Dragonite|Flamethrower|p1a: Walking Wake\n|-resisted|p1a: Walking Wake\n|-damage|p1a: Walking Wake|93\/100 par\n|move|p1a: Walking Wake|Flip Turn|p2a: Dragonite\n|-resisted|p2a: Dragonite\n|-damage|p2a: Dragonite|88\/100\n|\n|t:|1701199245\n|-end|p1a: Walking Wake|Protosynthesis|[silent]\n|switch|p1a: Alomomola|Alomomola, F|94\/100 par|[from] Flip Turn\n|\n|upkeep\n|turn|56\n|\n|t:|1701199247\n|move|p2a: Dragonite|Hurricane|p1a: Alomomola|[miss]\n|-miss|p2a: Dragonite|p1a: Alomomola\n|move|p1a: Alomomola|Flip Turn|p2a: Dragonite\n|-resisted|p2a: Dragonite\n|-damage|p2a: Dragonite|81\/100\n|\n|t:|1701199250\n|switch|p1a: Walking Wake|Walking Wake|93\/100 par|[from] Flip Turn\n|\n|upkeep\n|turn|57\n|inactive|Battle timer is ON: inactive players will automatically lose when time's up. (requested by The Prime $uspect)\n|\n|t:|1701199263\n|move|p2a: Dragonite|Hurricane|p1a: Walking Wake\n|-damage|p1a: Walking Wake|62\/100 par\n|move|p1a: Walking Wake|Draco Meteor|p2a: Dragonite|[miss]\n|-miss|p1a: Walking Wake|p2a: Dragonite\n|\n|upkeep\n|turn|58\n|\n|t:|1701199272\n|move|p2a: Dragonite|Roost|p2a: Dragonite\n|-heal|p2a: Dragonite|100\/100\n|-singleturn|p2a: Dragonite|move: Roost\n|move|p1a: Walking Wake|Flip Turn|p2a: Dragonite\n|-resisted|p2a: Dragonite\n|-damage|p2a: Dragonite|97\/100\n|\n|t:|1701199274\n|-end|p1a: Walking Wake|Protosynthesis|[silent]\n|switch|p1a: Alomomola|Alomomola, F|100\/100 par|[from] Flip Turn\n|\n|upkeep\n|turn|59\n|\n|t:|1701199286\n|move|p2a: Dragonite|Hurricane|p1a: Alomomola\n|-damage|p1a: Alomomola|51\/100 par\n|move|p1a: Alomomola|Wish|p1a: Alomomola\n|\n|upkeep\n|turn|60\n|\n|t:|1701199291\n|switch|p2a: Landorus|Landorus-Therian, M, tera:Ground|7\/100\n|-ability|p2a: Landorus|Intimidate|boost\n|-unboost|p1a: Alomomola|atk|1\n|switch|p1a: Walking Wake|Walking Wake|62\/100 par\n|\n|-heal|p1a: Walking Wake|100\/100 par|[from] move: Wish|[wisher] Alomomola\n|upkeep\n|turn|61\n|\n|t:|1701199294\n|move|p2a: Landorus|Earthquake|p1a: Walking Wake\n|-damage|p1a: Walking Wake|14\/100 par\n|cant|p1a: Walking Wake|par\n|\n|upkeep\n|turn|62\n|\n|t:|1701199302\n|-end|p1a: Walking Wake|Protosynthesis|[silent]\n|switch|p1a: Alomomola|Alomomola, F|85\/100 par\n|move|p2a: Landorus|Earthquake|p1a: Alomomola\n|-damage|p1a: Alomomola|42\/100 par\n|\n|upkeep\n|turn|63\n|\n|t:|1701199311\n|move|p1a: Alomomola|Protect|p1a: Alomomola\n|-singleturn|p1a: Alomomola|Protect\n|move|p2a: Landorus|Earthquake|p1a: Alomomola\n|-activate|p1a: Alomomola|move: Protect\n|\n|upkeep\n|turn|64\n|\n|t:|1701199322\n|move|p2a: Landorus|Earthquake|p1a: Alomomola\n|-damage|p1a: Alomomola|0 fnt\n|faint|p1a: Alomomola\n|\n|upkeep\n|\n|t:|1701199324\n|switch|p1a: Walking Wake|Walking Wake|14\/100 par\n|turn|65\n|\n|t:|1701199328\n|move|p2a: Landorus|Earthquake|p1a: Walking Wake\n|-damage|p1a: Walking Wake|0 fnt\n|faint|p1a: Walking Wake\n|-end|p1a: Walking Wake|Protosynthesis|[silent]\n|\n|win|The Prime $uspect\n|l|\u203dCYalo\n","uploadtime":1701199334,"views":0,"p1id":"cyalo","p2id":"theprimeuspect","formatid":"gen9ou","rating":0,"private":0,"password":""}