{"id":"gen9ou-1992605834","p1":"Anderew1","p2":"BCDefault","format":"[Gen 9] OU","log":"|j|\u2606Anderew1\n|j|\u2606BCDefault\n|t:|1700213594\n|gametype|singles\n|player|p1|Anderew1|ghetsis|1189\n|player|p2|BCDefault|worker|1260\n|teamsize|p1|6\n|teamsize|p2|6\n|gen|9\n|tier|[Gen 9] OU\n|rated|\n|rule|Sleep Clause Mod: Limit one foe put to sleep\n|rule|Species Clause: Limit one of each Pok\u00e9mon\n|rule|OHKO Clause: OHKO moves are banned\n|rule|Evasion Items Clause: Evasion items are banned\n|rule|Evasion Moves Clause: Evasion moves are banned\n|rule|Endless Battle Clause: Forcing endless battles is banned\n|rule|HP Percentage Mod: HP is shown in percentages\n|clearpoke\n|poke|p1|Samurott-Hisui, M|\n|poke|p1|Great Tusk|\n|poke|p1|Sneasler, F|\n|poke|p1|Zapdos|\n|poke|p1|Landorus-Therian, M|\n|poke|p1|Heatran, F|\n|poke|p2|Lucario, M|\n|poke|p2|Gyarados, F|\n|poke|p2|Ninetales-Alola, F|\n|poke|p2|Garganacl, F|\n|poke|p2|Great Tusk|\n|poke|p2|Ceruledge, F|\n|teampreview\n|inactive|Battle timer is ON: inactive players will automatically lose when time's up. (requested by Anderew1)\n|\n|t:|1700213606\n|start\n|switch|p1a: Dog|Heatran, F|100\/100\n|switch|p2a: Ninetales|Ninetales-Alola, F, shiny|100\/100\n|-weather|Snow|[from] ability: Snow Warning|[of] p2a: Ninetales\n|-item|p1a: Dog|Air Balloon\n|turn|1\n|\n|t:|1700213614\n|move|p2a: Ninetales|Aurora Veil|p2a: Ninetales\n|-sidestart|p2: BCDefault|move: Aurora Veil\n|move|p1a: Dog|Flash Cannon|p2a: Ninetales\n|-supereffective|p2a: Ninetales\n|-damage|p2a: Ninetales|8\/100\n|\n|-weather|Snow|[upkeep]\n|upkeep\n|turn|2\n|\n|t:|1700213626\n|switch|p2a: Ceruledge|Ceruledge, F|100\/100\n|move|p1a: Dog|Flamethrower|p2a: Ceruledge\n|-start|p2a: Ceruledge|ability: Flash Fire\n|\n|-weather|Snow|[upkeep]\n|upkeep\n|turn|3\n|\n|t:|1700213634\n|switch|p1a: UUs brave soldier|Landorus-Therian, M|100\/100\n|-ability|p1a: UUs brave soldier|Intimidate|boost\n|-unboost|p2a: Ceruledge|atk|1\n|move|p2a: Ceruledge|Swords Dance|p2a: Ceruledge\n|-boost|p2a: Ceruledge|atk|2\n|\n|-weather|Snow|[upkeep]\n|upkeep\n|turn|4\n|\n|t:|1700213641\n|-terastallize|p2a: Ceruledge|Grass\n|move|p2a: Ceruledge|Bitter Blade|p1a: UUs brave soldier\n|-damage|p1a: UUs brave soldier|12\/100\n|-damage|p2a: Ceruledge|84\/100|[from] item: Rocky Helmet|[of] p1a: UUs brave soldier\n|move|p1a: UUs brave soldier|Earthquake|p2a: Ceruledge\n|-resisted|p2a: Ceruledge\n|-damage|p2a: Ceruledge|66\/100\n|\n|-weather|Snow|[upkeep]\n|upkeep\n|turn|5\n|\n|t:|1700213648\n|move|p2a: Ceruledge|Swords Dance|p2a: Ceruledge\n|-boost|p2a: Ceruledge|atk|2\n|move|p1a: UUs brave soldier|Earthquake|p2a: Ceruledge\n|-resisted|p2a: Ceruledge\n|-damage|p2a: Ceruledge|47\/100\n|\n|-weather|none\n|upkeep\n|turn|6\n|\n|t:|1700213652\n|move|p2a: Ceruledge|Bitter Blade|p1a: UUs brave soldier\n|-damage|p1a: UUs brave soldier|0 fnt\n|-heal|p2a: Ceruledge|55\/100|[from] drain|[of] p1a: UUs brave soldier\n|-damage|p2a: Ceruledge|38\/100|[from] item: Rocky Helmet|[of] p1a: UUs brave soldier\n|faint|p1a: UUs brave soldier\n|\n|upkeep\n|\n|t:|1700213659\n|switch|p1a: tango|Samurott-Hisui, M, shiny|100\/100\n|turn|7\n|\n|t:|1700213665\n|move|p2a: Ceruledge|Bitter Blade|p1a: tango\n|-resisted|p1a: tango\n|-enditem|p1a: tango|Focus Sash\n|-damage|p1a: tango|1\/100\n|-heal|p2a: Ceruledge|93\/100|[from] drain|[of] p1a: tango\n|move|p1a: tango|Ceaseless Edge|p2a: Ceruledge\n|-damage|p2a: Ceruledge|52\/100\n|-sidestart|p2: BCDefault|Spikes\n|\n|upkeep\n|turn|8\n|\n|t:|1700213675\n|move|p1a: tango|Sucker Punch|p2a: Ceruledge\n|-damage|p2a: Ceruledge|24\/100\n|move|p2a: Ceruledge|Bitter Blade|p1a: tango\n|-resisted|p1a: tango\n|-damage|p1a: tango|0 fnt\n|-heal|p2a: Ceruledge|24\/100|[from] drain|[of] p1a: tango\n|faint|p1a: tango\n|\n|-sideend|p2: BCDefault|move: Aurora Veil\n|upkeep\n|\n|t:|1700213691\n|switch|p1a: Nugget guy|Sneasler, F, shiny|100\/100\n|turn|9\n|\n|t:|1700213694\n|move|p2a: Ceruledge|Shadow Sneak|p1a: Nugget guy\n|-damage|p1a: Nugget guy|18\/100\n|-enditem|p1a: Nugget guy|Liechi Berry|[eat]\n|-boost|p1a: Nugget guy|atk|1|[from] item: Liechi Berry\n|move|p1a: Nugget guy|Acrobatics|p2a: Ceruledge\n|-supereffective|p2a: Ceruledge\n|-damage|p2a: Ceruledge|0 fnt\n|faint|p2a: Ceruledge\n|\n|upkeep\n|\n|t:|1700213704\n|switch|p2a: Great Tusk|Great Tusk|100\/100\n|-damage|p2a: Great Tusk|88\/100|[from] Spikes\n|-enditem|p2a: Great Tusk|Booster Energy\n|-activate|p2a: Great Tusk|ability: Protosynthesis|[fromitem]\n|-start|p2a: Great Tusk|protosynthesisatk\n|turn|10\n|\n|t:|1700213709\n|move|p1a: Nugget guy|Acrobatics|p2a: Great Tusk\n|-supereffective|p2a: Great Tusk\n|-damage|p2a: Great Tusk|0 fnt\n|faint|p2a: Great Tusk\n|-end|p2a: Great Tusk|Protosynthesis|[silent]\n|\n|upkeep\n|\n|t:|1700213715\n|switch|p2a: Lucario|Lucario, M|100\/100\n|-damage|p2a: Lucario|88\/100|[from] Spikes\n|turn|11\n|\n|t:|1700213719\n|move|p2a: Lucario|Extreme Speed|p1a: Nugget guy\n|-damage|p1a: Nugget guy|0 fnt\n|faint|p1a: Nugget guy\n|-damage|p2a: Lucario|78\/100|[from] item: Life Orb\n|\n|upkeep\n|\n|t:|1700213723\n|switch|p1a: Dog|Heatran, F|100\/100\n|-item|p1a: Dog|Air Balloon\n|turn|12\n|\n|t:|1700213731\n|move|p1a: Dog|Flamethrower|p2a: Lucario\n|-supereffective|p2a: Lucario\n|-damage|p2a: Lucario|0 fnt\n|faint|p2a: Lucario\n|\n|upkeep\n|\n|t:|1700213734\n|switch|p2a: Gyarados|Gyarados, F|100\/100\n|-ability|p2a: Gyarados|Intimidate|boost\n|-unboost|p1a: Dog|atk|1\n|turn|13\n|\n|t:|1700213739\n|switch|p1a: Bird. Up.|Zapdos|100\/100\n|move|p2a: Gyarados|Dragon Dance|p2a: Gyarados\n|-boost|p2a: Gyarados|atk|1\n|-boost|p2a: Gyarados|spe|1\n|\n|upkeep\n|turn|14\n|\n|t:|1700213744\n|move|p2a: Gyarados|Waterfall|p1a: Bird. Up.\n|-crit|p1a: Bird. Up.\n|-damage|p1a: Bird. Up.|0 fnt\n|faint|p1a: Bird. Up.\n|\n|upkeep\n|\n|t:|1700213749\n|switch|p1a: Average tusks|Great Tusk|100\/100\n|-enditem|p1a: Average tusks|Booster Energy\n|-activate|p1a: Average tusks|ability: Protosynthesis|[fromitem]\n|-start|p1a: Average tusks|protosynthesisatk\n|turn|15\n|\n|t:|1700213756\n|-terastallize|p1a: Average tusks|Ghost\n|move|p2a: Gyarados|Waterfall|p1a: Average tusks\n|-damage|p1a: Average tusks|54\/100\n|cant|p1a: Average tusks|flinch\n|\n|upkeep\n|turn|16\n|\n|t:|1700213762\n|move|p2a: Gyarados|Crunch|p1a: Average tusks\n|-supereffective|p1a: Average tusks\n|-damage|p1a: Average tusks|0 fnt\n|faint|p1a: Average tusks\n|-end|p1a: Average tusks|Protosynthesis|[silent]\n|\n|upkeep\n|-message|Anderew1 forfeited.\n|\n|win|BCDefault\n|raw|Anderew1's rating: 1189 &rarr; <strong>1169<\/strong><br \/>(-20 for losing)\n|raw|BCDefault's rating: 1260 &rarr; <strong>1280<\/strong><br \/>(+20 for winning)\n|l|\u2606Anderew1\n","uploadtime":1700213771,"views":7,"p1id":"anderew1","p2id":"bcdefault","formatid":"gen9ou","rating":1169,"private":0,"password":""}