{"id":"gen9ou-1990597756","p1":"Vireces","p2":"Hi fren hf","format":"[Gen 9] OU","log":"|j|\u2606Vireces\n|j|\u2606Hi fren hf\n|t:|1699984509\n|gametype|singles\n|player|p1|Vireces|gambler|1296\n|player|p2|Hi fren hf|169|1375\n|teamsize|p1|6\n|teamsize|p2|6\n|gen|9\n|tier|[Gen 9] OU\n|rated|\n|rule|Sleep Clause Mod: Limit one foe put to sleep\n|rule|Species Clause: Limit one of each Pok\u00e9mon\n|rule|OHKO Clause: OHKO moves are banned\n|rule|Evasion Items Clause: Evasion items are banned\n|rule|Evasion Moves Clause: Evasion moves are banned\n|rule|Endless Battle Clause: Forcing endless battles is banned\n|rule|HP Percentage Mod: HP is shown in percentages\n|clearpoke\n|poke|p1|Azumarill, M|\n|poke|p1|Chandelure, M|\n|poke|p1|Goodra-Hisui, F|\n|poke|p1|Maushold-Four|\n|poke|p1|Mandibuzz, F|\n|poke|p1|Electrode-Hisui|\n|poke|p2|Gholdengo|\n|poke|p2|Great Tusk|\n|poke|p2|Kingambit, F|\n|poke|p2|Ribombee, M|\n|poke|p2|Iron Moth|\n|poke|p2|Greninja-*, M|\n|teampreview\n|\n|t:|1699984529\n|start\n|switch|p1a: Goodra|Goodra-Hisui, F|100\/100\n|switch|p2a: Gholdengo|Gholdengo|100\/100\n|-item|p2a: Gholdengo|Air Balloon\n|turn|1\n|\n|t:|1699984546\n|switch|p2a: Ribombee|Ribombee, M|100\/100\n|move|p1a: Goodra|Flamethrower|p2a: Ribombee\n|-supereffective|p2a: Ribombee\n|-crit|p2a: Ribombee\n|-enditem|p2a: Ribombee|Focus Sash\n|-damage|p2a: Ribombee|1\/100\n|\n|upkeep\n|turn|2\n|\n|t:|1699984553\n|move|p2a: Ribombee|Sticky Web|p1a: Goodra\n|-sidestart|p1: Vireces|move: Sticky Web\n|move|p1a: Goodra|Flamethrower|p2a: Ribombee\n|-supereffective|p2a: Ribombee\n|-damage|p2a: Ribombee|0 fnt\n|faint|p2a: Ribombee\n|\n|upkeep\n|\n|t:|1699984560\n|switch|p2a: Great Tusk|Great Tusk|100\/100\n|turn|3\n|\n|t:|1699984568\n|-terastallize|p1a: Goodra|Flying\n|move|p2a: Great Tusk|Ice Spinner|p1a: Goodra\n|-supereffective|p1a: Goodra\n|-damage|p1a: Goodra|57\/100\n|move|p1a: Goodra|Ice Beam|p2a: Great Tusk\n|-supereffective|p2a: Great Tusk\n|-crit|p2a: Great Tusk\n|-damage|p2a: Great Tusk|6\/100\n|\n|-heal|p2a: Great Tusk|13\/100|[from] item: Leftovers\n|-heal|p1a: Goodra|63\/100|[from] item: Leftovers\n|upkeep\n|turn|4\n|\n|t:|1699984580\n|move|p2a: Great Tusk|Ice Spinner|p1a: Goodra\n|-supereffective|p1a: Goodra\n|-damage|p1a: Goodra|21\/100\n|move|p1a: Goodra|Flamethrower|p2a: Great Tusk\n|-damage|p2a: Great Tusk|0 fnt\n|faint|p2a: Great Tusk\n|-end|p2a: Great Tusk|Protosynthesis|[silent]\n|\n|-heal|p1a: Goodra|27\/100|[from] item: Leftovers\n|upkeep\n|\n|t:|1699984587\n|switch|p2a: Greninja|Greninja, M|100\/100\n|turn|5\n|\n|t:|1699984594\n|move|p2a: Greninja|Surf|p1a: Goodra\n|-damage|p1a: Goodra|0 fnt\n|faint|p1a: Goodra\n|-ability|p2a: Greninja|Battle Bond|boost\n|-boost|p2a: Greninja|atk|1\n|-boost|p2a: Greninja|spa|1\n|-boost|p2a: Greninja|spe|1\n|-activate|p2a: Greninja|ability: Battle Bond\n|-damage|p2a: Greninja|91\/100|[from] item: Life Orb\n|\n|upkeep\n|\n|t:|1699984604\n|switch|p1a: Azumarill|Azumarill, M|100\/100\n|-activate|p1a: Azumarill|move: Sticky Web\n|-unboost|p1a: Azumarill|spe|1\n|turn|6\n|\n|t:|1699984611\n|-terastallize|p2a: Greninja|Poison\n|move|p2a: Greninja|Gunk Shot|p1a: Azumarill\n|-supereffective|p1a: Azumarill\n|-damage|p1a: Azumarill|0 fnt\n|faint|p1a: Azumarill\n|-damage|p2a: Greninja|81\/100|[from] item: Life Orb\n|\n|upkeep\n|\n|t:|1699984622\n|switch|p1a: Maushold|Maushold-Four|100\/100\n|-activate|p1a: Maushold|move: Sticky Web\n|-unboost|p1a: Maushold|spe|1\n|turn|7\n|\n|t:|1699984631\n|move|p2a: Greninja|Surf|p1a: Maushold\n|-damage|p1a: Maushold|0 fnt\n|faint|p1a: Maushold\n|-damage|p2a: Greninja|71\/100|[from] item: Life Orb\n|\n|upkeep\n|-message|Vireces forfeited.\n|\n|win|Hi fren hf\n|raw|Vireces's rating: 1296 &rarr; <strong>1277<\/strong><br \/>(-19 for losing)\n|raw|Hi fren hf's rating: 1375 &rarr; <strong>1391<\/strong><br \/>(+16 for winning)\n|l|\u2606Vireces\n","uploadtime":1699984641,"views":5,"p1id":"vireces","p2id":"hifrenhf","formatid":"gen9ou","rating":1277,"private":0,"password":""}