{"id":"gen9ou-1989922509","p1":"EpicGamer069420","p2":"Charmalane","format":"[Gen 9] OU","log":"|j|\u2606EpicGamer069420\n|j|\u2606Charmalane\n|t:|1699907013\n|gametype|singles\n|player|p1|EpicGamer069420|lucas|1654\n|player|p2|Charmalane|brawly|1578\n|teamsize|p1|6\n|teamsize|p2|6\n|gen|9\n|tier|[Gen 9] OU\n|rated|\n|rule|Sleep Clause Mod: Limit one foe put to sleep\n|rule|Species Clause: Limit one of each Pok\u00e9mon\n|rule|OHKO Clause: OHKO moves are banned\n|rule|Evasion Items Clause: Evasion items are banned\n|rule|Evasion Moves Clause: Evasion moves are banned\n|rule|Endless Battle Clause: Forcing endless battles is banned\n|rule|HP Percentage Mod: HP is shown in percentages\n|clearpoke\n|poke|p1|Kingambit, F|\n|poke|p1|Glimmora, M|\n|poke|p1|Zamazenta-*|\n|poke|p1|Iron Valiant|\n|poke|p1|Iron Moth|\n|poke|p1|Ogerpon-Wellspring, F|\n|poke|p2|Dragapult, M|\n|poke|p2|Weavile, M|\n|poke|p2|Ursaluna, M|\n|poke|p2|Alomomola, F|\n|poke|p2|Great Tusk|\n|poke|p2|Corviknight, M|\n|teampreview\n|inactive|Battle timer is ON: inactive players will automatically lose when time's up. (requested by EpicGamer069420)\n|\n|t:|1699907022\n|start\n|switch|p1a: Glimmora|Glimmora, M|100\/100\n|switch|p2a: Diplo|Dragapult, M|100\/100\n|turn|1\n|\n|t:|1699907027\n|move|p2a: Diplo|Shadow Ball|p1a: Glimmora\n|-crit|p1a: Glimmora\n|-enditem|p1a: Glimmora|Focus Sash\n|-damage|p1a: Glimmora|1\/100\n|move|p1a: Glimmora|Mortal Spin|p2a: Diplo\n|-resisted|p2a: Diplo\n|-damage|p2a: Diplo|96\/100\n|-status|p2a: Diplo|psn\n|\n|-damage|p2a: Diplo|84\/100 psn|[from] psn\n|upkeep\n|turn|2\n|\n|t:|1699907031\n|move|p2a: Diplo|Shadow Ball|p1a: Glimmora\n|-damage|p1a: Glimmora|0 fnt\n|faint|p1a: Glimmora\n|\n|-damage|p2a: Diplo|72\/100 psn|[from] psn\n|upkeep\n|\n|t:|1699907039\n|switch|p1a: Iron Moth|Iron Moth|100\/100\n|-enditem|p1a: Iron Moth|Booster Energy\n|-activate|p1a: Iron Moth|ability: Quark Drive|[fromitem]\n|-start|p1a: Iron Moth|quarkdrivespe\n|turn|3\n|\n|t:|1699907057\n|switch|p2a: Banjo|Ursaluna, M|100\/100\n|move|p1a: Iron Moth|Fiery Dance|p2a: Banjo\n|-damage|p2a: Banjo|62\/100\n|\n|-status|p2a: Banjo|brn|[from] item: Flame Orb\n|upkeep\n|turn|4\n|\n|t:|1699907063\n|move|p1a: Iron Moth|Substitute|p1a: Iron Moth\n|-start|p1a: Iron Moth|Substitute\n|-damage|p1a: Iron Moth|76\/100\n|move|p2a: Banjo|Facade|p1a: Iron Moth\n|-end|p1a: Iron Moth|Substitute\n|\n|-damage|p2a: Banjo|56\/100 brn|[from] brn\n|upkeep\n|turn|5\n|\n|t:|1699907071\n|move|p1a: Iron Moth|Substitute|p1a: Iron Moth\n|-start|p1a: Iron Moth|Substitute\n|-damage|p1a: Iron Moth|51\/100\n|move|p2a: Banjo|Facade|p1a: Iron Moth\n|-end|p1a: Iron Moth|Substitute\n|\n|-damage|p2a: Banjo|50\/100 brn|[from] brn\n|upkeep\n|turn|6\n|\n|t:|1699907082\n|move|p1a: Iron Moth|Substitute|p1a: Iron Moth\n|-start|p1a: Iron Moth|Substitute\n|-damage|p1a: Iron Moth|26\/100\n|move|p2a: Banjo|Facade|p1a: Iron Moth\n|-end|p1a: Iron Moth|Substitute\n|\n|-damage|p2a: Banjo|43\/100 brn|[from] brn\n|upkeep\n|turn|7\n|\n|t:|1699907087\n|move|p1a: Iron Moth|Substitute|p1a: Iron Moth\n|-start|p1a: Iron Moth|Substitute\n|-damage|p1a: Iron Moth|1\/100\n|move|p2a: Banjo|Facade|p1a: Iron Moth\n|-end|p1a: Iron Moth|Substitute\n|\n|-damage|p2a: Banjo|37\/100 brn|[from] brn\n|upkeep\n|turn|8\n|inactive|Charmalane has 120 seconds left.\n|\n|t:|1699907119\n|switch|p2a: Ponyo|Alomomola, F|100\/100\n|move|p1a: Iron Moth|Fiery Dance|p2a: Ponyo\n|-resisted|p2a: Ponyo\n|-damage|p2a: Ponyo|76\/100\n|-boost|p1a: Iron Moth|spa|1\n|\n|upkeep\n|turn|9\n|inactive|Charmalane has 120 seconds left.\n|inactive|Charmalane has 90 seconds left.\n|\n|t:|1699907176\n|move|p1a: Iron Moth|Sludge Wave|p2a: Ponyo\n|-damage|p2a: Ponyo|0 fnt\n|faint|p2a: Ponyo\n|\n|upkeep\n|\n|t:|1699907178\n|switch|p2a: Shadow|Weavile, M|100\/100\n|-ability|p2a: Shadow|Pressure\n|turn|10\n|\n|t:|1699907182\n|move|p2a: Shadow|Ice Shard|p1a: Iron Moth\n|-resisted|p1a: Iron Moth\n|-damage|p1a: Iron Moth|0 fnt\n|faint|p1a: Iron Moth\n|-end|p1a: Iron Moth|Quark Drive|[silent]\n|\n|upkeep\n|\n|t:|1699907188\n|switch|p1a: Iron Valiant|Iron Valiant|100\/100\n|-enditem|p1a: Iron Valiant|Booster Energy\n|-activate|p1a: Iron Valiant|ability: Quark Drive|[fromitem]\n|-start|p1a: Iron Valiant|quarkdrivespe\n|turn|11\n|j| debilos\n|inactive|Charmalane has 90 seconds left.\n|\n|t:|1699907206\n|switch|p2a: Raven Beak|Corviknight, M|100\/100\n|-ability|p2a: Raven Beak|Pressure\n|move|p1a: Iron Valiant|Moonblast|p2a: Raven Beak\n|-resisted|p2a: Raven Beak\n|-damage|p2a: Raven Beak|85\/100\n|\n|-heal|p2a: Raven Beak|91\/100|[from] item: Leftovers\n|upkeep\n|turn|12\n|\n|t:|1699907212\n|move|p1a: Iron Valiant|Hypnosis|p2a: Raven Beak|[miss]\n|-miss|p1a: Iron Valiant|p2a: Raven Beak\n|move|p2a: Raven Beak|Brave Bird|p1a: Iron Valiant\n|-supereffective|p1a: Iron Valiant\n|-damage|p1a: Iron Valiant|5\/100\n|-damage|p2a: Raven Beak|69\/100|[from] Recoil\n|\n|-heal|p2a: Raven Beak|75\/100|[from] item: Leftovers\n|upkeep\n|turn|13\n|\n|t:|1699907215\n|move|p1a: Iron Valiant|Hypnosis|p2a: Raven Beak|[miss]\n|-miss|p1a: Iron Valiant|p2a: Raven Beak\n|move|p2a: Raven Beak|U-turn|p1a: Iron Valiant\n|-resisted|p1a: Iron Valiant\n|-damage|p1a: Iron Valiant|0 fnt\n|faint|p1a: Iron Valiant\n|-end|p1a: Iron Valiant|Quark Drive|[silent]\n|c|\u2606EpicGamer069420|rip\n|inactive|Charmalane has 90 seconds left.\n|\n|t:|1699907235\n|switch|p2a: Tembo|Great Tusk|100\/100|[from] U-turn\n|\n|upkeep\n|\n|t:|1699907241\n|switch|p1a: Zamazenta|Zamazenta, shiny|100\/100\n|-ability|p1a: Zamazenta|Dauntless Shield|boost\n|-boost|p1a: Zamazenta|def|1\n|turn|14\n|\n|t:|1699907256\n|move|p1a: Zamazenta|Iron Defense|p1a: Zamazenta\n|-boost|p1a: Zamazenta|def|2\n|move|p2a: Tembo|Knock Off|p1a: Zamazenta\n|-resisted|p1a: Zamazenta\n|-damage|p1a: Zamazenta|95\/100\n|-enditem|p1a: Zamazenta|Leftovers|[from] move: Knock Off|[of] p2a: Tembo\n|\n|upkeep\n|turn|15\n|\n|t:|1699907263\n|-end|p2a: Tembo|Protosynthesis|[silent]\n|switch|p2a: Banjo|Ursaluna, M|37\/100 brn\n|move|p1a: Zamazenta|Iron Defense|p1a: Zamazenta\n|-boost|p1a: Zamazenta|def|2\n|\n|-damage|p2a: Banjo|31\/100 brn|[from] brn\n|upkeep\n|turn|16\n|\n|t:|1699907274\n|move|p1a: Zamazenta|Body Press|p2a: Banjo\n|-supereffective|p2a: Banjo\n|-damage|p2a: Banjo|0 fnt\n|faint|p2a: Banjo\n|\n|upkeep\n|\n|t:|1699907278\n|switch|p2a: Diplo|Dragapult, M|72\/100 psn\n|turn|17\n|\n|t:|1699907281\n|move|p2a: Diplo|Draco Meteor|p1a: Zamazenta\n|-damage|p1a: Zamazenta|16\/100\n|-unboost|p2a: Diplo|spa|2\n|move|p1a: Zamazenta|Crunch|p2a: Diplo\n|-supereffective|p2a: Diplo\n|-damage|p2a: Diplo|0 fnt\n|faint|p2a: Diplo\n|\n|upkeep\n|\n|t:|1699907295\n|switch|p2a: Tembo|Great Tusk|100\/100\n|turn|18\n|\n|t:|1699907299\n|move|p1a: Zamazenta|Body Press|p2a: Tembo\n|-damage|p2a: Tembo|48\/100\n|move|p2a: Tembo|Earthquake|p1a: Zamazenta\n|-damage|p1a: Zamazenta|4\/100\n|\n|upkeep\n|turn|19\n|inactive|Charmalane has 120 seconds left.\n|\n|t:|1699907310\n|move|p1a: Zamazenta|Body Press|p2a: Tembo\n|-damage|p2a: Tembo|0 fnt\n|faint|p2a: Tembo\n|-end|p2a: Tembo|Protosynthesis|[silent]\n|\n|upkeep\n|\n|t:|1699907314\n|switch|p2a: Shadow|Weavile, M|100\/100\n|-ability|p2a: Shadow|Pressure\n|turn|20\n|\n|t:|1699907320\n|-terastallize|p2a: Shadow|Ice\n|move|p2a: Shadow|Ice Shard|p1a: Zamazenta\n|-damage|p1a: Zamazenta|0 fnt\n|faint|p1a: Zamazenta\n|\n|upkeep\n|\n|t:|1699907329\n|switch|p1a: Kingambit|Kingambit, F|100\/100\n|-activate|p1a: Kingambit|ability: Supreme Overlord\n|-start|p1a: Kingambit|fallen4|[silent]\n|turn|21\n|\n|t:|1699907338\n|switch|p2a: Raven Beak|Corviknight, M|75\/100\n|-ability|p2a: Raven Beak|Pressure\n|-end|p1a: Kingambit|fallen4|[silent]\n|switch|p1a: Ogerpon|Ogerpon-Wellspring, F|100\/100\n|\n|-heal|p2a: Raven Beak|81\/100|[from] item: Leftovers\n|upkeep\n|turn|22\n|\n|t:|1699907345\n|move|p1a: Ogerpon|Knock Off|p2a: Raven Beak\n|-damage|p2a: Raven Beak|50\/100\n|-enditem|p2a: Raven Beak|Leftovers|[from] move: Knock Off|[of] p1a: Ogerpon\n|move|p2a: Raven Beak|U-turn|p1a: Ogerpon\n|-supereffective|p1a: Ogerpon\n|-damage|p1a: Ogerpon|62\/100\n|\n|t:|1699907348\n|switch|p2a: Shadow|Weavile, M, tera:Ice|100\/100|[from] U-turn\n|-ability|p2a: Shadow|Pressure\n|\n|upkeep\n|turn|23\n|\n|t:|1699907352\n|move|p2a: Shadow|Icicle Crash|p1a: Ogerpon\n|-damage|p1a: Ogerpon|0 fnt\n|faint|p1a: Ogerpon\n|\n|upkeep\n|\n|t:|1699907354\n|switch|p1a: Kingambit|Kingambit, F|100\/100\n|-activate|p1a: Kingambit|ability: Supreme Overlord\n|-start|p1a: Kingambit|fallen5|[silent]\n|turn|24\n|\n|t:|1699907359\n|switch|p2a: Raven Beak|Corviknight, M|50\/100\n|-ability|p2a: Raven Beak|Pressure\n|move|p1a: Kingambit|Swords Dance|p1a: Kingambit\n|-boost|p1a: Kingambit|atk|2\n|\n|upkeep\n|turn|25\n|\n|t:|1699907364\n|move|p1a: Kingambit|Kowtow Cleave|p2a: Raven Beak\n|-damage|p2a: Raven Beak|0 fnt\n|faint|p2a: Raven Beak\n|\n|upkeep\n|\n|t:|1699907366\n|switch|p2a: Shadow|Weavile, M, tera:Ice|100\/100\n|-ability|p2a: Shadow|Pressure\n|turn|26\n|\n|t:|1699907370\n|-terastallize|p1a: Kingambit|Flying\n|move|p2a: Shadow|Swords Dance|p2a: Shadow\n|-boost|p2a: Shadow|atk|2\n|move|p1a: Kingambit|Iron Head|p2a: Shadow\n|-supereffective|p2a: Shadow\n|-damage|p2a: Shadow|0 fnt\n|faint|p2a: Shadow\n|\n|win|EpicGamer069420\n|raw|EpicGamer069420's rating: 1654 &rarr; <strong>1670<\/strong><br \/>(+16 for winning)\n|raw|Charmalane's rating: 1578 &rarr; <strong>1562<\/strong><br \/>(-16 for losing)\n|l|\u2606EpicGamer069420\n|c|\u2606Charmalane|gg\n","uploadtime":1699907388,"views":13,"p1id":"epicgamer069420","p2id":"charmalane","formatid":"gen9ou","rating":1562,"private":0,"password":""}