{"id":"gen9ou-1998372910","p1":"JachiMalz","p2":"Yanis de nowel","format":"[Gen 9] OU","log":"|j|\u2606JachiMalz\n|j|\u2606Yanis de nowel\n|t:|1700935048\n|gametype|singles\n|player|p1|JachiMalz|rocketgruntf|1306\n|player|p2|Yanis de nowel|169|1254\n|teamsize|p1|6\n|teamsize|p2|6\n|gen|9\n|tier|[Gen 9] OU\n|rated|\n|rule|Sleep Clause Mod: Limit one foe put to sleep\n|rule|Species Clause: Limit one of each Pok\u00e9mon\n|rule|OHKO Clause: OHKO moves are banned\n|rule|Evasion Items Clause: Evasion items are banned\n|rule|Evasion Moves Clause: Evasion moves are banned\n|rule|Endless Battle Clause: Forcing endless battles is banned\n|rule|HP Percentage Mod: HP is shown in percentages\n|clearpoke\n|poke|p1|Rillaboom, M|\n|poke|p1|Iron Hands|\n|poke|p1|Jolteon, M|\n|poke|p1|Ogerpon-Cornerstone, F|\n|poke|p1|Hoopa-Unbound|\n|poke|p1|Iron Treads|\n|poke|p2|Kingambit, M|\n|poke|p2|Great Tusk|\n|poke|p2|Dragapult, F|\n|poke|p2|Ogerpon-Wellspring, F|\n|poke|p2|Blissey, F|\n|poke|p2|Zapdos|\n|teampreview\n|inactive|Battle timer is ON: inactive players will automatically lose when time's up. (requested by Yanis de nowel)\n|\n|t:|1700935069\n|start\n|switch|p1a: Rillaboom|Rillaboom, M|100\/100\n|switch|p2a: Ogerpon|Ogerpon-Wellspring, F|100\/100\n|-fieldstart|move: Grassy Terrain|[from] ability: Grassy Surge|[of] p1a: Rillaboom\n|turn|1\n|\n|t:|1700935080\n|move|p2a: Ogerpon|U-turn|p1a: Rillaboom\n|-supereffective|p1a: Rillaboom\n|-damage|p1a: Rillaboom|41\/100\n|\n|t:|1700935090\n|switch|p2a: Zapdos|Zapdos|100\/100|[from] U-turn\n|move|p1a: Rillaboom|U-turn|p2a: Zapdos\n|-resisted|p2a: Zapdos\n|-damage|p2a: Zapdos|86\/100\n|-status|p1a: Rillaboom|par|[from] ability: Static|[of] p2a: Zapdos\n|\n|t:|1700935093\n|switch|p1a: Ogerpon|Ogerpon-Cornerstone, F|100\/100|[from] U-turn\n|\n|upkeep\n|turn|2\n|\n|t:|1700935115\n|switch|p2a: Ogerpon|Ogerpon-Wellspring, F|100\/100\n|move|p1a: Ogerpon|Swords Dance|p1a: Ogerpon\n|-boost|p1a: Ogerpon|atk|2\n|\n|upkeep\n|turn|3\n|\n|t:|1700935122\n|move|p1a: Ogerpon|Horn Leech|p2a: Ogerpon\n|-damage|p2a: Ogerpon|0 fnt\n|faint|p2a: Ogerpon\n|\n|upkeep\n|\n|t:|1700935129\n|switch|p2a: Dragapult|Dragapult, F|100\/100\n|turn|4\n|\n|t:|1700935133\n|move|p2a: Dragapult|Flamethrower|p1a: Ogerpon\n|-damage|p1a: Ogerpon|59\/100\n|move|p1a: Ogerpon|Ivy Cudgel|p2a: Dragapult|[anim] Ivy Cudgel Rock\n|-damage|p2a: Dragapult|0 fnt\n|faint|p2a: Dragapult\n|\n|-heal|p1a: Ogerpon|65\/100|[from] Grassy Terrain\n|upkeep\n|\n|t:|1700935154\n|switch|p2a: Great Tusk|Great Tusk|100\/100\n|turn|5\n|\n|t:|1700935163\n|move|p1a: Ogerpon|Horn Leech|p2a: Great Tusk\n|-supereffective|p2a: Great Tusk\n|-damage|p2a: Great Tusk|0 fnt\n|-heal|p1a: Ogerpon|100\/100|[from] drain|[of] p2a: Great Tusk\n|faint|p2a: Great Tusk\n|-end|p2a: Great Tusk|Protosynthesis|[silent]\n|\n|-fieldend|move: Grassy Terrain\n|upkeep\n|\n|t:|1700935171\n|switch|p2a: Zapdos|Zapdos|86\/100\n|turn|6\n|\n|t:|1700935177\n|-terastallize|p2a: Zapdos|Water\n|move|p1a: Ogerpon|Ivy Cudgel|p2a: Zapdos|[anim] Ivy Cudgel Rock\n|-damage|p2a: Zapdos|0 fnt\n|faint|p2a: Zapdos\n|\n|upkeep\n|\n|t:|1700935181\n|switch|p2a: Blissey|Blissey, F|100\/100\n|turn|7\n|\n|t:|1700935191\n|move|p1a: Ogerpon|Ivy Cudgel|p2a: Blissey|[anim] Ivy Cudgel Rock\n|-damage|p2a: Blissey|0 fnt\n|faint|p2a: Blissey\n|\n|upkeep\n|\n|t:|1700935194\n|switch|p2a: Kingambit|Kingambit, M|100\/100\n|-activate|p2a: Kingambit|ability: Supreme Overlord\n|-start|p2a: Kingambit|fallen5|[silent]\n|turn|8\n|\n|t:|1700935196\n|move|p1a: Ogerpon|Taunt|p2a: Kingambit\n|-start|p2a: Kingambit|move: Taunt\n|-enditem|p2a: Kingambit|Mental Herb\n|-end|p2a: Kingambit|move: Taunt\n|move|p2a: Kingambit|Swords Dance|p2a: Kingambit\n|-boost|p2a: Kingambit|atk|2\n|\n|upkeep\n|turn|9\n|\n|t:|1700935204\n|move|p1a: Ogerpon|Taunt|p2a: Kingambit\n|-start|p2a: Kingambit|move: Taunt\n|move|p2a: Kingambit|Iron Head|p1a: Ogerpon\n|-supereffective|p1a: Ogerpon\n|-ability|p1a: Ogerpon|Sturdy\n|-damage|p1a: Ogerpon|1\/100\n|\n|upkeep\n|turn|10\n|\n|t:|1700935208\n|move|p2a: Kingambit|Sucker Punch||[still]\n|-fail|p2a: Kingambit\n|move|p1a: Ogerpon|Swords Dance|p1a: Ogerpon\n|-boost|p1a: Ogerpon|atk|2\n|\n|upkeep\n|turn|11\n|\n|t:|1700935212\n|move|p2a: Kingambit|Sucker Punch||[still]\n|-fail|p2a: Kingambit\n|move|p1a: Ogerpon|Swords Dance|p1a: Ogerpon\n|-boost|p1a: Ogerpon|atk|2\n|\n|-end|p2a: Kingambit|move: Taunt\n|upkeep\n|turn|12\n|\n|t:|1700935213\n|move|p2a: Kingambit|Sucker Punch||[still]\n|-fail|p2a: Kingambit\n|move|p1a: Ogerpon|Swords Dance|p1a: Ogerpon\n|-boost|p1a: Ogerpon|atk|0\n|\n|upkeep\n|turn|13\n|\n|t:|1700935216\n|move|p2a: Kingambit|Sucker Punch|p1a: Ogerpon\n|-damage|p1a: Ogerpon|0 fnt\n|faint|p1a: Ogerpon\n|\n|upkeep\n|\n|t:|1700935218\n|switch|p1a: Iron Hands|Iron Hands|100\/100\n|turn|14\n|\n|t:|1700935223\n|move|p2a: Kingambit|Iron Head|p1a: Iron Hands\n|-resisted|p1a: Iron Hands\n|-damage|p1a: Iron Hands|55\/100\n|move|p1a: Iron Hands|Drain Punch|p2a: Kingambit\n|-supereffective|p2a: Kingambit\n|-damage|p2a: Kingambit|0 fnt\n|-heal|p1a: Iron Hands|93\/100|[from] drain|[of] p2a: Kingambit\n|faint|p2a: Kingambit\n|-end|p2a: Kingambit|fallen5|[silent]\n|\n|win|JachiMalz\n|raw|JachiMalz's rating: 1306 &rarr; <strong>1323<\/strong><br \/>(+17 for winning)\n|raw|Yanis de nowel's rating: 1254 &rarr; <strong>1233<\/strong><br \/>(-21 for losing)\n","uploadtime":1700935231,"views":2,"p1id":"jachimalz","p2id":"yanisdenowel","formatid":"gen9ou","rating":1233,"private":0,"password":""}