{"id":"gen9ou-1996686972","p1":"Username momento","p2":"Lahly","format":"[Gen 9] OU","log":"|j|\u2606Username momento\n|j|\u2606Lahly\n|t:|1700709740\n|gametype|singles\n|player|p1|Username momento|ninjaboy|1503\n|player|p2|Lahly|parasollady|1481\n|teamsize|p1|6\n|teamsize|p2|6\n|gen|9\n|tier|[Gen 9] OU\n|rated|\n|rule|Sleep Clause Mod: Limit one foe put to sleep\n|rule|Species Clause: Limit one of each Pok\u00e9mon\n|rule|OHKO Clause: OHKO moves are banned\n|rule|Evasion Items Clause: Evasion items are banned\n|rule|Evasion Moves Clause: Evasion moves are banned\n|rule|Endless Battle Clause: Forcing endless battles is banned\n|rule|HP Percentage Mod: HP is shown in percentages\n|clearpoke\n|poke|p1|Slowking-Galar, F|\n|poke|p1|Kingambit, M|\n|poke|p1|Zapdos|\n|poke|p1|Zamazenta-*|\n|poke|p1|Great Tusk|\n|poke|p1|Iron Moth|\n|poke|p2|Cinderace, M|\n|poke|p2|Ogerpon-Cornerstone, F|\n|poke|p2|Rillaboom, M|\n|poke|p2|Walking Wake|\n|poke|p2|Kingambit, M|\n|poke|p2|Gholdengo|\n|teampreview\n|inactive|Battle timer is ON: inactive players will automatically lose when time's up. (requested by Username momento)\n|\n|t:|1700709774\n|start\n|switch|p1a: Zapdos|Zapdos|100\/100\n|switch|p2a: Walking Wake|Walking Wake|100\/100\n|-enditem|p2a: Walking Wake|Booster Energy\n|-activate|p2a: Walking Wake|ability: Protosynthesis|[fromitem]\n|-start|p2a: Walking Wake|protosynthesisspa\n|turn|1\n|\n|t:|1700709784\n|move|p2a: Walking Wake|Draco Meteor|p1a: Zapdos\n|-damage|p1a: Zapdos|14\/100\n|-unboost|p2a: Walking Wake|spa|2\n|move|p1a: Zapdos|Volt Switch|p2a: Walking Wake\n|-crit|p2a: Walking Wake\n|-damage|p2a: Walking Wake|51\/100\n|\n|t:|1700709789\n|switch|p1a: Iron Moth|Iron Moth|100\/100|[from] Volt Switch\n|-enditem|p1a: Iron Moth|Booster Energy\n|-activate|p1a: Iron Moth|ability: Quark Drive|[fromitem]\n|-start|p1a: Iron Moth|quarkdrivespe\n|\n|upkeep\n|turn|2\n|\n|t:|1700709797\n|move|p1a: Iron Moth|Substitute|p1a: Iron Moth\n|-start|p1a: Iron Moth|Substitute\n|-damage|p1a: Iron Moth|76\/100\n|move|p2a: Walking Wake|Hydro Steam|p1a: Iron Moth\n|-supereffective|p1a: Iron Moth\n|-end|p1a: Iron Moth|Substitute\n|\n|upkeep\n|turn|3\n|\n|t:|1700709804\n|move|p1a: Iron Moth|Dazzling Gleam|p2a: Walking Wake\n|-supereffective|p2a: Walking Wake\n|-damage|p2a: Walking Wake|0 fnt\n|faint|p2a: Walking Wake\n|-end|p2a: Walking Wake|Protosynthesis|[silent]\n|\n|upkeep\n|\n|t:|1700709811\n|switch|p2a: Ogerpon|Ogerpon-Cornerstone, F|100\/100\n|turn|4\n|\n|t:|1700709815\n|move|p1a: Iron Moth|Sludge Wave|p2a: Ogerpon\n|-damage|p2a: Ogerpon|49\/100\n|move|p2a: Ogerpon|Ivy Cudgel|p1a: Iron Moth|[anim] Ivy Cudgel Rock\n|-supereffective|p1a: Iron Moth\n|-damage|p1a: Iron Moth|0 fnt\n|faint|p1a: Iron Moth\n|-end|p1a: Iron Moth|Quark Drive|[silent]\n|\n|upkeep\n|\n|t:|1700709823\n|switch|p1a: Zamazenta|Zamazenta|100\/100\n|-ability|p1a: Zamazenta|Dauntless Shield|boost\n|-boost|p1a: Zamazenta|def|1\n|turn|5\n|\n|t:|1700709828\n|move|p1a: Zamazenta|Close Combat|p2a: Ogerpon\n|-supereffective|p2a: Ogerpon\n|-damage|p2a: Ogerpon|0 fnt\n|-unboost|p1a: Zamazenta|def|1\n|-unboost|p1a: Zamazenta|spd|1\n|faint|p2a: Ogerpon\n|\n|upkeep\n|\n|t:|1700709836\n|switch|p2a: Gholdengo|Gholdengo|100\/100\n|-item|p2a: Gholdengo|Air Balloon\n|turn|6\n|\n|t:|1700709841\n|switch|p1a: Kingambit|Kingambit, M|100\/100\n|-activate|p1a: Kingambit|ability: Supreme Overlord\n|-start|p1a: Kingambit|fallen1|[silent]\n|move|p2a: Gholdengo|Thunder Wave|p1a: Kingambit\n|-status|p1a: Kingambit|par\n|\n|upkeep\n|turn|7\n|\n|t:|1700709849\n|-terastallize|p2a: Gholdengo|Fighting\n|move|p2a: Gholdengo|Focus Blast|p1a: Kingambit\n|-supereffective|p1a: Kingambit\n|-damage|p1a: Kingambit|0 fnt\n|faint|p1a: Kingambit\n|-end|p1a: Kingambit|fallen1|[silent]\n|\n|upkeep\n|\n|t:|1700709854\n|switch|p1a: Zamazenta|Zamazenta|100\/100\n|turn|8\n|\n|t:|1700709858\n|move|p1a: Zamazenta|Close Combat|p2a: Gholdengo\n|-damage|p2a: Gholdengo|34\/100\n|-unboost|p1a: Zamazenta|def|1\n|-unboost|p1a: Zamazenta|spd|1\n|-enditem|p2a: Gholdengo|Air Balloon\n|move|p2a: Gholdengo|Thunder Wave|p1a: Zamazenta|[miss]\n|-miss|p2a: Gholdengo|p1a: Zamazenta\n|\n|upkeep\n|turn|9\n|\n|t:|1700709871\n|move|p1a: Zamazenta|Close Combat|p2a: Gholdengo\n|-damage|p2a: Gholdengo|0 fnt\n|-unboost|p1a: Zamazenta|def|1\n|-unboost|p1a: Zamazenta|spd|1\n|faint|p2a: Gholdengo\n|\n|upkeep\n|\n|t:|1700709890\n|switch|p2a: Rillaboom|Rillaboom, M|100\/100\n|-fieldstart|move: Grassy Terrain|[from] ability: Grassy Surge|[of] p2a: Rillaboom\n|turn|10\n|\n|t:|1700709894\n|switch|p1a: Zapdos|Zapdos|14\/100\n|move|p2a: Rillaboom|Wood Hammer|p1a: Zapdos\n|-resisted|p1a: Zapdos\n|-damage|p1a: Zapdos|0 fnt\n|faint|p1a: Zapdos\n|-damage|p2a: Rillaboom|96\/100|[from] Recoil\n|\n|-heal|p2a: Rillaboom|100\/100|[from] Grassy Terrain\n|upkeep\n|\n|t:|1700709899\n|switch|p1a: Zamazenta|Zamazenta|100\/100\n|turn|11\n|\n|t:|1700709905\n|move|p1a: Zamazenta|Close Combat|p2a: Rillaboom\n|-damage|p2a: Rillaboom|32\/100\n|-unboost|p1a: Zamazenta|def|1\n|-unboost|p1a: Zamazenta|spd|1\n|move|p2a: Rillaboom|Wood Hammer|p1a: Zamazenta\n|-damage|p1a: Zamazenta|0 fnt\n|faint|p1a: Zamazenta\n|-damage|p2a: Rillaboom|0 fnt|[from] Recoil\n|faint|p2a: Rillaboom\n|\n|upkeep\n|\n|t:|1700709917\n|switch|p1a: Slowking|Slowking-Galar, F|100\/100\n|switch|p2a: Cinderace|Cinderace, M|100\/100\n|turn|12\n|\n|t:|1700709921\n|move|p2a: Cinderace|U-turn|p1a: Slowking\n|-start|p2a: Cinderace|typechange|Bug|[from] ability: Libero\n|-damage|p1a: Slowking|70\/100\n|\n|t:|1700709926\n|switch|p2a: Kingambit|Kingambit, M|100\/100|[from] U-turn\n|-activate|p2a: Kingambit|ability: Supreme Overlord\n|-start|p2a: Kingambit|fallen4|[silent]\n|move|p1a: Slowking|Surf|p2a: Kingambit\n|-damage|p2a: Kingambit|86\/100\n|\n|-heal|p2a: Kingambit|92\/100|[from] Grassy Terrain\n|-heal|p1a: Slowking|76\/100|[from] Grassy Terrain\n|upkeep\n|turn|13\n|\n|t:|1700709937\n|move|p2a: Kingambit|Low Kick|p1a: Slowking\n|-resisted|p1a: Slowking\n|-damage|p1a: Slowking|66\/100\n|move|p1a: Slowking|Surf|p2a: Kingambit\n|-damage|p2a: Kingambit|78\/100\n|\n|-heal|p2a: Kingambit|84\/100|[from] Grassy Terrain\n|-heal|p1a: Slowking|72\/100|[from] Grassy Terrain\n|upkeep\n|turn|14\n|\n|t:|1700709945\n|move|p2a: Kingambit|Kowtow Cleave|p1a: Slowking\n|-supereffective|p1a: Slowking\n|-damage|p1a: Slowking|0 fnt\n|faint|p1a: Slowking\n|\n|-heal|p2a: Kingambit|91\/100|[from] Grassy Terrain\n|-fieldend|move: Grassy Terrain\n|upkeep\n|\n|t:|1700709947\n|switch|p1a: Great Tusk|Great Tusk|100\/100\n|turn|15\n|\n|t:|1700709953\n|move|p1a: Great Tusk|Rapid Spin|p2a: Kingambit\n|-resisted|p2a: Kingambit\n|-damage|p2a: Kingambit|84\/100\n|-boost|p1a: Great Tusk|spe|1\n|move|p2a: Kingambit|Low Kick|p1a: Great Tusk\n|-damage|p1a: Great Tusk|51\/100\n|\n|upkeep\n|turn|16\n|\n|t:|1700709959\n|move|p1a: Great Tusk|Close Combat|p2a: Kingambit\n|-supereffective|p2a: Kingambit\n|-damage|p2a: Kingambit|0 fnt\n|-unboost|p1a: Great Tusk|def|1\n|-unboost|p1a: Great Tusk|spd|1\n|faint|p2a: Kingambit\n|-end|p2a: Kingambit|fallen4|[silent]\n|\n|upkeep\n|\n|t:|1700709964\n|switch|p2a: Cinderace|Cinderace, M|100\/100\n|turn|17\n|\n|t:|1700709968\n|move|p1a: Great Tusk|Headlong Rush|p2a: Cinderace\n|-supereffective|p2a: Cinderace\n|-damage|p2a: Cinderace|0 fnt\n|-unboost|p1a: Great Tusk|def|1\n|-unboost|p1a: Great Tusk|spd|1\n|faint|p2a: Cinderace\n|\n|win|Username momento\n|raw|Username momento's rating: 1503 &rarr; <strong>1522<\/strong><br \/>(+19 for winning)\n|raw|Lahly's rating: 1481 &rarr; <strong>1462<\/strong><br \/>(-19 for losing)\n|l|\u2606Lahly\n","uploadtime":1700709978,"views":8,"p1id":"usernamemomento","p2id":"lahly","formatid":"gen9ou","rating":1462,"private":0,"password":""}