{"id":"gen9ou-1993320141","p1":"DarkSkinnedMLK","p2":"Mansonabuluting","format":"[Gen 9] OU","log":"|j|\u2606DarkSkinnedMLK\n|j|\u2606Mansonabuluting\n|t:|1700297600\n|gametype|singles\n|player|p1|DarkSkinnedMLK|burglar|1663\n|player|p2|Mansonabuluting|bellelba|1775\n|teamsize|p1|6\n|teamsize|p2|6\n|gen|9\n|tier|[Gen 9] OU\n|rated|\n|rule|Sleep Clause Mod: Limit one foe put to sleep\n|rule|Species Clause: Limit one of each Pok\u00e9mon\n|rule|OHKO Clause: OHKO moves are banned\n|rule|Evasion Items Clause: Evasion items are banned\n|rule|Evasion Moves Clause: Evasion moves are banned\n|rule|Endless Battle Clause: Forcing endless battles is banned\n|rule|HP Percentage Mod: HP is shown in percentages\n|clearpoke\n|poke|p1|Sneasler, M|\n|poke|p1|Zapdos|\n|poke|p1|Slowking-Galar, F|\n|poke|p1|Samurott-Hisui, M|\n|poke|p1|Great Tusk|\n|poke|p1|Enamorus, F|\n|poke|p2|Goodra-Hisui, M|\n|poke|p2|Rillaboom, F|\n|poke|p2|Hawlucha, F|\n|poke|p2|Thundurus-Therian, M|\n|poke|p2|Great Tusk|\n|poke|p2|Volcanion|\n|teampreview\n|inactive|Battle timer is ON: inactive players will automatically lose when time's up. (requested by Mansonabuluting)\n|\n|t:|1700297634\n|start\n|switch|p1a: Enamorus|Enamorus, F|100\/100\n|switch|p2a: Thundurus|Thundurus-Therian, M|100\/100\n|turn|1\n|\n|t:|1700297643\n|switch|p1a: Great Tusk|Great Tusk|100\/100\n|move|p2a: Thundurus|Volt Switch|p1a: Great Tusk\n|-immune|p1a: Great Tusk\n|\n|upkeep\n|turn|2\n|\n|t:|1700297650\n|switch|p2a: Great Tusk|Great Tusk|100\/100\n|move|p1a: Great Tusk|Stealth Rock|p2a: Great Tusk\n|-sidestart|p2: Mansonabuluting|move: Stealth Rock\n|\n|upkeep\n|turn|3\n|\n|t:|1700297657\n|move|p1a: Great Tusk|Knock Off|p2a: Great Tusk\n|-resisted|p2a: Great Tusk\n|-damage|p2a: Great Tusk|94\/100\n|-damage|p1a: Great Tusk|84\/100|[from] item: Rocky Helmet|[of] p2a: Great Tusk\n|-enditem|p2a: Great Tusk|Rocky Helmet|[from] move: Knock Off|[of] p1a: Great Tusk\n|move|p2a: Great Tusk|Stealth Rock|p1a: Great Tusk\n|-sidestart|p1: DarkSkinnedMLK|move: Stealth Rock\n|\n|-heal|p1a: Great Tusk|90\/100|[from] item: Leftovers\n|upkeep\n|turn|4\n|j| Fourthstar\n|\n|t:|1700297666\n|move|p2a: Great Tusk|Rapid Spin|p1a: Great Tusk\n|-crit|p1a: Great Tusk\n|-damage|p1a: Great Tusk|80\/100\n|-boost|p2a: Great Tusk|spe|1\n|-sideend|p2: Mansonabuluting|Stealth Rock|[from] move: Rapid Spin|[of] p2a: Great Tusk\n|move|p1a: Great Tusk|Rapid Spin|p2a: Great Tusk\n|-crit|p2a: Great Tusk\n|-damage|p2a: Great Tusk|82\/100\n|-boost|p1a: Great Tusk|spe|1\n|-sideend|p1: DarkSkinnedMLK|Stealth Rock|[from] move: Rapid Spin|[of] p1a: Great Tusk\n|\n|-heal|p1a: Great Tusk|86\/100|[from] item: Leftovers\n|upkeep\n|turn|5\n|\n|t:|1700297672\n|move|p2a: Great Tusk|Stealth Rock|p1a: Great Tusk\n|-sidestart|p1: DarkSkinnedMLK|move: Stealth Rock\n|move|p1a: Great Tusk|Stealth Rock|p2a: Great Tusk\n|-sidestart|p2: Mansonabuluting|move: Stealth Rock\n|\n|-heal|p1a: Great Tusk|92\/100|[from] item: Leftovers\n|upkeep\n|turn|6\n|\n|t:|1700297687\n|move|p2a: Great Tusk|Ice Spinner|p1a: Great Tusk\n|-supereffective|p1a: Great Tusk\n|-damage|p1a: Great Tusk|71\/100\n|move|p1a: Great Tusk|Rapid Spin|p2a: Great Tusk\n|-damage|p2a: Great Tusk|74\/100\n|-boost|p1a: Great Tusk|spe|1\n|-sideend|p1: DarkSkinnedMLK|Stealth Rock|[from] move: Rapid Spin|[of] p1a: Great Tusk\n|\n|-heal|p1a: Great Tusk|78\/100|[from] item: Leftovers\n|upkeep\n|turn|7\n|\n|t:|1700297691\n|move|p1a: Great Tusk|Earthquake|p2a: Great Tusk\n|-damage|p2a: Great Tusk|50\/100\n|move|p2a: Great Tusk|Ice Spinner|p1a: Great Tusk\n|-supereffective|p1a: Great Tusk\n|-damage|p1a: Great Tusk|56\/100\n|\n|-heal|p1a: Great Tusk|63\/100|[from] item: Leftovers\n|upkeep\n|turn|8\n|\n|t:|1700297694\n|move|p1a: Great Tusk|Earthquake|p2a: Great Tusk\n|-damage|p2a: Great Tusk|27\/100\n|move|p2a: Great Tusk|Rapid Spin|p1a: Great Tusk\n|-damage|p1a: Great Tusk|56\/100\n|-boost|p2a: Great Tusk|spe|1\n|-sideend|p2: Mansonabuluting|Stealth Rock|[from] move: Rapid Spin|[of] p2a: Great Tusk\n|\n|-heal|p1a: Great Tusk|62\/100|[from] item: Leftovers\n|upkeep\n|turn|9\n|\n|t:|1700297704\n|move|p1a: Great Tusk|Rapid Spin|p2a: Great Tusk\n|-damage|p2a: Great Tusk|19\/100\n|-boost|p1a: Great Tusk|spe|1\n|move|p2a: Great Tusk|Stealth Rock|p1a: Great Tusk\n|-sidestart|p1: DarkSkinnedMLK|move: Stealth Rock\n|\n|-heal|p1a: Great Tusk|68\/100|[from] item: Leftovers\n|upkeep\n|turn|10\n|\n|t:|1700297710\n|move|p1a: Great Tusk|Rapid Spin|p2a: Great Tusk\n|-damage|p2a: Great Tusk|11\/100\n|-boost|p1a: Great Tusk|spe|1\n|-sideend|p1: DarkSkinnedMLK|Stealth Rock|[from] move: Rapid Spin|[of] p1a: Great Tusk\n|move|p2a: Great Tusk|Ice Spinner|p1a: Great Tusk\n|-supereffective|p1a: Great Tusk\n|-damage|p1a: Great Tusk|45\/100\n|\n|-heal|p1a: Great Tusk|51\/100|[from] item: Leftovers\n|upkeep\n|turn|11\n|j| ashitaka0\n|\n|t:|1700297716\n|move|p1a: Great Tusk|Earthquake|p2a: Great Tusk\n|-damage|p2a: Great Tusk|0 fnt\n|faint|p2a: Great Tusk\n|-end|p2a: Great Tusk|Protosynthesis|[silent]\n|\n|-heal|p1a: Great Tusk|58\/100|[from] item: Leftovers\n|upkeep\n|\n|t:|1700297718\n|switch|p2a: Rillaboom|Rillaboom, F|100\/100\n|-fieldstart|move: Grassy Terrain|[from] ability: Grassy Surge|[of] p2a: Rillaboom\n|turn|12\n|l| ashitaka0\n|\n|t:|1700297724\n|-end|p1a: Great Tusk|Protosynthesis|[silent]\n|switch|p1a: Zapdos|Zapdos|100\/100\n|-terastallize|p2a: Rillaboom|Grass\n|move|p2a: Rillaboom|Grassy Glide|p1a: Zapdos\n|-resisted|p1a: Zapdos\n|-damage|p1a: Zapdos|66\/100\n|-status|p2a: Rillaboom|par|[from] ability: Static|[of] p1a: Zapdos\n|\n|upkeep\n|turn|13\n|\n|t:|1700297732\n|switch|p2a: Goodra|Goodra-Hisui, M|100\/100\n|move|p1a: Zapdos|Roost|p1a: Zapdos\n|-heal|p1a: Zapdos|100\/100\n|-singleturn|p1a: Zapdos|move: Roost\n|\n|upkeep\n|turn|14\n|\n|t:|1700297734\n|move|p1a: Zapdos|Volt Switch|p2a: Goodra\n|-resisted|p2a: Goodra\n|-crit|p2a: Goodra\n|-damage|p2a: Goodra|91\/100\n|\n|t:|1700297738\n|switch|p1a: Slowking|Slowking-Galar, F|100\/100|[from] Volt Switch\n|move|p2a: Goodra|Draco Meteor|p1a: Slowking\n|-damage|p1a: Slowking|69\/100\n|-unboost|p2a: Goodra|spa|2\n|\n|-heal|p2a: Goodra|97\/100|[from] Grassy Terrain\n|-heal|p1a: Slowking|75\/100|[from] Grassy Terrain\n|upkeep\n|turn|15\n|\n|t:|1700297742\n|switch|p2a: Rillaboom|Rillaboom, F, tera:Grass|100\/100 par\n|move|p1a: Slowking|Future Sight|p2a: Rillaboom\n|-start|p1a: Slowking|move: Future Sight\n|\n|-heal|p1a: Slowking|81\/100|[from] Grassy Terrain\n|upkeep\n|turn|16\n|\n|t:|1700297748\n|switch|p1a: Great Tusk|Great Tusk|58\/100\n|move|p2a: Rillaboom|Knock Off|p1a: Great Tusk\n|-resisted|p1a: Great Tusk\n|-damage|p1a: Great Tusk|45\/100\n|-enditem|p1a: Great Tusk|Leftovers|[from] move: Knock Off|[of] p2a: Rillaboom\n|\n|-heal|p1a: Great Tusk|51\/100|[from] Grassy Terrain\n|-fieldend|move: Grassy Terrain\n|upkeep\n|turn|17\n|\n|t:|1700297768\n|switch|p2a: Goodra|Goodra-Hisui, M|97\/100\n|move|p1a: Great Tusk|Stealth Rock|p2a: Goodra\n|-sidestart|p2: Mansonabuluting|move: Stealth Rock\n|\n|-end|p2a: Goodra|move: Future Sight\n|-resisted|p2a: Goodra\n|-damage|p2a: Goodra|85\/100\n|upkeep\n|turn|18\n|\n|t:|1700297775\n|switch|p2a: Thundurus|Thundurus-Therian, M|100\/100\n|-damage|p2a: Thundurus|76\/100|[from] Stealth Rock\n|move|p1a: Great Tusk|Earthquake|p2a: Thundurus\n|-immune|p2a: Thundurus\n|\n|upkeep\n|turn|19\n|\n|t:|1700297777\n|-end|p1a: Great Tusk|Protosynthesis|[silent]\n|switch|p1a: Slowking|Slowking-Galar, F|100\/100\n|move|p2a: Thundurus|Grass Knot|p1a: Slowking\n|-resisted|p1a: Slowking\n|-damage|p1a: Slowking|93\/100\n|\n|upkeep\n|turn|20\n|\n|t:|1700297782\n|switch|p2a: Rillaboom|Rillaboom, F, tera:Grass|100\/100 par\n|-damage|p2a: Rillaboom|88\/100 par|[from] Stealth Rock\n|-fieldstart|move: Grassy Terrain|[from] ability: Grassy Surge|[of] p2a: Rillaboom\n|move|p1a: Slowking|Future Sight|p2a: Rillaboom\n|-start|p1a: Slowking|move: Future Sight\n|\n|-heal|p2a: Rillaboom|94\/100 par|[from] Grassy Terrain\n|-heal|p1a: Slowking|99\/100|[from] Grassy Terrain\n|upkeep\n|turn|21\n|\n|t:|1700297790\n|switch|p1a: Zapdos|Zapdos|100\/100\n|move|p2a: Rillaboom|U-turn|p1a: Zapdos\n|-resisted|p1a: Zapdos\n|-damage|p1a: Zapdos|82\/100\n|\n|t:|1700297793\n|switch|p2a: Thundurus|Thundurus-Therian, M|76\/100|[from] U-turn\n|-damage|p2a: Thundurus|51\/100|[from] Stealth Rock\n|\n|upkeep\n|turn|22\n|\n|t:|1700297799\n|switch|p1a: Slowking|Slowking-Galar, F|100\/100\n|move|p2a: Thundurus|Volt Switch|p1a: Slowking\n|-damage|p1a: Slowking|81\/100\n|\n|t:|1700297803\n|switch|p2a: Rillaboom|Rillaboom, F, tera:Grass|94\/100 par|[from] Volt Switch\n|-damage|p2a: Rillaboom|82\/100 par|[from] Stealth Rock\n|\n|-end|p2a: Rillaboom|move: Future Sight\n|-damage|p2a: Rillaboom|29\/100 par\n|-heal|p2a: Rillaboom|35\/100 par|[from] Grassy Terrain\n|-heal|p1a: Slowking|88\/100|[from] Grassy Terrain\n|upkeep\n|turn|23\n|\n|t:|1700297826\n|switch|p1a: Great Tusk|Great Tusk|51\/100\n|move|p2a: Rillaboom|Knock Off|p1a: Great Tusk\n|-resisted|p1a: Great Tusk\n|-damage|p1a: Great Tusk|43\/100\n|\n|-heal|p1a: Great Tusk|50\/100|[from] Grassy Terrain\n|-heal|p2a: Rillaboom|41\/100 par|[from] Grassy Terrain\n|upkeep\n|turn|24\n|inactive|DarkSkinnedMLK has 120 seconds left.\n|\n|t:|1700297858\n|-end|p1a: Great Tusk|Protosynthesis|[silent]\n|switch|p1a: Zapdos|Zapdos|82\/100\n|switch|p2a: Hawlucha|Hawlucha, F|100\/100\n|-damage|p2a: Hawlucha|88\/100|[from] Stealth Rock\n|-enditem|p2a: Hawlucha|Grassy Seed\n|-boost|p2a: Hawlucha|def|1|[from] item: Grassy Seed\n|\n|-fieldend|move: Grassy Terrain\n|upkeep\n|turn|25\n|\n|t:|1700297865\n|move|p2a: Hawlucha|Substitute|p2a: Hawlucha\n|-start|p2a: Hawlucha|Substitute\n|-damage|p2a: Hawlucha|63\/100\n|move|p1a: Zapdos|Discharge|p2a: Hawlucha\n|-supereffective|p2a: Hawlucha\n|-crit|p2a: Hawlucha\n|-end|p2a: Hawlucha|Substitute\n|\n|upkeep\n|turn|26\n|\n|t:|1700297870\n|move|p2a: Hawlucha|Close Combat|p1a: Zapdos\n|-resisted|p1a: Zapdos\n|-damage|p1a: Zapdos|59\/100\n|-unboost|p2a: Hawlucha|def|1\n|-unboost|p2a: Hawlucha|spd|1\n|move|p1a: Zapdos|Discharge|p2a: Hawlucha\n|-supereffective|p2a: Hawlucha\n|-damage|p2a: Hawlucha|0 fnt\n|faint|p2a: Hawlucha\n|\n|upkeep\n|\n|t:|1700297875\n|switch|p2a: Volcanion|Volcanion|100\/100\n|-damage|p2a: Volcanion|76\/100|[from] Stealth Rock\n|turn|27\n|\n|t:|1700297883\n|switch|p1a: Slowking|Slowking-Galar, F|100\/100\n|move|p2a: Volcanion|Overheat|p1a: Slowking\n|-damage|p1a: Slowking|50\/100\n|-unboost|p2a: Volcanion|spa|2\n|\n|upkeep\n|turn|28\n|\n|t:|1700297889\n|switch|p2a: Rillaboom|Rillaboom, F, tera:Grass|41\/100 par\n|-damage|p2a: Rillaboom|29\/100 par|[from] Stealth Rock\n|-fieldstart|move: Grassy Terrain|[from] ability: Grassy Surge|[of] p2a: Rillaboom\n|move|p1a: Slowking|Future Sight|p2a: Rillaboom\n|-start|p1a: Slowking|move: Future Sight\n|\n|-heal|p2a: Rillaboom|35\/100 par|[from] Grassy Terrain\n|-heal|p1a: Slowking|56\/100|[from] Grassy Terrain\n|upkeep\n|turn|29\n|\n|t:|1700297903\n|switch|p1a: Great Tusk|Great Tusk|50\/100\n|cant|p2a: Rillaboom|par\n|\n|-heal|p1a: Great Tusk|56\/100|[from] Grassy Terrain\n|-heal|p2a: Rillaboom|41\/100 par|[from] Grassy Terrain\n|upkeep\n|turn|30\n|\n|t:|1700297910\n|-end|p1a: Great Tusk|Protosynthesis|[silent]\n|switch|p1a: Zapdos|Zapdos|59\/100\n|cant|p2a: Rillaboom|par\n|\n|-end|p2a: Rillaboom|move: Future Sight\n|-damage|p2a: Rillaboom|0 fnt\n|faint|p2a: Rillaboom\n|upkeep\n|\n|t:|1700297917\n|switch|p2a: Goodra|Goodra-Hisui, M|85\/100\n|-damage|p2a: Goodra|79\/100|[from] Stealth Rock\n|turn|31\n|\n|t:|1700297921\n|move|p1a: Zapdos|Roost|p1a: Zapdos\n|-heal|p1a: Zapdos|100\/100\n|-singleturn|p1a: Zapdos|move: Roost\n|move|p2a: Goodra|Draco Meteor|p1a: Zapdos\n|-damage|p1a: Zapdos|38\/100\n|-unboost|p2a: Goodra|spa|2\n|\n|-heal|p1a: Zapdos|44\/100|[from] Grassy Terrain\n|-heal|p2a: Goodra|85\/100|[from] Grassy Terrain\n|upkeep\n|turn|32\n|\n|t:|1700297925\n|switch|p2a: Thundurus|Thundurus-Therian, M|51\/100\n|-damage|p2a: Thundurus|26\/100|[from] Stealth Rock\n|move|p1a: Zapdos|Roost|p1a: Zapdos\n|-heal|p1a: Zapdos|94\/100\n|-singleturn|p1a: Zapdos|move: Roost\n|\n|-heal|p1a: Zapdos|100\/100|[from] Grassy Terrain\n|-fieldend|move: Grassy Terrain\n|upkeep\n|turn|33\n|\n|t:|1700297928\n|switch|p1a: Slowking|Slowking-Galar, F|90\/100\n|move|p2a: Thundurus|Volt Switch|p1a: Slowking\n|-damage|p1a: Slowking|70\/100\n|\n|t:|1700297931\n|switch|p2a: Volcanion|Volcanion|76\/100|[from] Volt Switch\n|-damage|p2a: Volcanion|51\/100|[from] Stealth Rock\n|\n|upkeep\n|turn|34\n|-message|Mansonabuluting forfeited.\n|\n|win|DarkSkinnedMLK\n|raw|DarkSkinnedMLK's rating: 1663 &rarr; <strong>1689<\/strong><br \/>(+26 for winning)\n|raw|Mansonabuluting's rating: 1775 &rarr; <strong>1749<\/strong><br \/>(-26 for losing)\n|l|\u2606Mansonabuluting\n","uploadtime":1700297945,"views":10,"p1id":"darkskinnedmlk","p2id":"mansonabuluting","formatid":"gen9ou","rating":1689,"private":0,"password":""}