{"id":"gen9ou-1999684479","p1":"SpasDeUzi","p2":"Ripsam22","format":"[Gen 9] OU","log":"|j|\u2606SpasDeUzi\n|j|\u2606Ripsam22\n|t:|1701107604\n|gametype|singles\n|player|p1|SpasDeUzi|1|1134\n|player|p2|Ripsam22|acetrainer-gen4dp|1182\n|teamsize|p1|6\n|teamsize|p2|6\n|gen|9\n|tier|[Gen 9] OU\n|rated|\n|rule|Sleep Clause Mod: Limit one foe put to sleep\n|rule|Species Clause: Limit one of each Pok\u00e9mon\n|rule|OHKO Clause: OHKO moves are banned\n|rule|Evasion Items Clause: Evasion items are banned\n|rule|Evasion Moves Clause: Evasion moves are banned\n|rule|Endless Battle Clause: Forcing endless battles is banned\n|rule|HP Percentage Mod: HP is shown in percentages\n|clearpoke\n|poke|p1|Torterra, M|\n|poke|p1|Toxapex, F|\n|poke|p1|Grimmsnarl, M|\n|poke|p1|Skeledirge, F|\n|poke|p1|Ninetales-Alola, M|\n|poke|p1|Maushold-Four|\n|poke|p2|Great Tusk|\n|poke|p2|Zapdos|\n|poke|p2|Heatran, F|\n|poke|p2|Iron Valiant|\n|poke|p2|Kingambit, M|\n|poke|p2|Dragapult, F|\n|teampreview\n|inactive|Battle timer is ON: inactive players will automatically lose when time's up. (requested by SpasDeUzi)\n|\n|t:|1701107610\n|start\n|switch|p1a: Grimmsnarl|Grimmsnarl, M, shiny|100\/100\n|switch|p2a: Heatran|Heatran, F|100\/100\n|turn|1\n|\n|t:|1701107620\n|move|p1a: Grimmsnarl|Thunder Wave|p2a: Heatran\n|-status|p2a: Heatran|par\n|move|p2a: Heatran|Taunt|p1a: Grimmsnarl\n|-start|p1a: Grimmsnarl|move: Taunt\n|\n|-damage|p1a: Grimmsnarl|88\/100|[from] item: Sticky Barb\n|upkeep\n|turn|2\n|\n|t:|1701107627\n|switch|p1a: Toxapex|Toxapex, F, shiny|100\/100\n|cant|p2a: Heatran|par\n|\n|upkeep\n|turn|3\n|\n|t:|1701107633\n|-terastallize|p2a: Heatran|Grass\n|move|p1a: Toxapex|Surf|p2a: Heatran\n|-resisted|p2a: Heatran\n|-damage|p2a: Heatran|94\/100 par\n|move|p2a: Heatran|Magma Storm|p1a: Toxapex\n|-resisted|p1a: Toxapex\n|-damage|p1a: Toxapex|82\/100\n|-activate|p1a: Toxapex|move: Magma Storm|[of] p2a: Heatran\n|\n|-heal|p1a: Toxapex|88\/100|[from] item: Black Sludge\n|-heal|p2a: Heatran|99\/100 par|[from] item: Leftovers\n|-damage|p1a: Toxapex|76\/100|[from] move: Magma Storm|[partiallytrapped]\n|upkeep\n|turn|4\n|\n|t:|1701107646\n|move|p1a: Toxapex|Recover|p1a: Toxapex\n|-heal|p1a: Toxapex|100\/100\n|move|p2a: Heatran|Taunt|p1a: Toxapex\n|-start|p1a: Toxapex|move: Taunt\n|\n|-heal|p2a: Heatran|100\/100 par|[from] item: Leftovers\n|-damage|p1a: Toxapex|88\/100|[from] move: Magma Storm|[partiallytrapped]\n|upkeep\n|turn|5\n|\n|t:|1701107649\n|move|p1a: Toxapex|Surf|p2a: Heatran\n|-resisted|p2a: Heatran\n|-crit|p2a: Heatran\n|-damage|p2a: Heatran|91\/100 par\n|cant|p2a: Heatran|par\n|\n|-heal|p1a: Toxapex|94\/100|[from] item: Black Sludge\n|-heal|p2a: Heatran|97\/100 par|[from] item: Leftovers\n|-damage|p1a: Toxapex|82\/100|[from] move: Magma Storm|[partiallytrapped]\n|upkeep\n|turn|6\n|\n|t:|1701107654\n|move|p1a: Toxapex|Surf|p2a: Heatran\n|-resisted|p2a: Heatran\n|-damage|p2a: Heatran|91\/100 par\n|move|p2a: Heatran|Earth Power|p1a: Toxapex\n|-supereffective|p1a: Toxapex\n|-damage|p1a: Toxapex|36\/100\n|\n|-heal|p1a: Toxapex|42\/100|[from] item: Black Sludge\n|-heal|p2a: Heatran|97\/100 par|[from] item: Leftovers\n|-damage|p1a: Toxapex|29\/100|[from] move: Magma Storm|[partiallytrapped]\n|upkeep\n|turn|7\n|\n|t:|1701107659\n|move|p1a: Toxapex|Surf|p2a: Heatran\n|-resisted|p2a: Heatran\n|-damage|p2a: Heatran|91\/100 par\n|move|p2a: Heatran|Earth Power|p1a: Toxapex\n|-supereffective|p1a: Toxapex\n|-damage|p1a: Toxapex|0 fnt\n|faint|p1a: Toxapex\n|\n|-heal|p2a: Heatran|97\/100 par|[from] item: Leftovers\n|upkeep\n|\n|t:|1701107662\n|switch|p1a: Ninetales|Ninetales-Alola, M, shiny|100\/100\n|-weather|Snow|[from] ability: Snow Warning|[of] p1a: Ninetales\n|turn|8\n|\n|t:|1701107675\n|move|p1a: Ninetales|Aurora Veil|p1a: Ninetales\n|-sidestart|p1: SpasDeUzi|move: Aurora Veil\n|cant|p2a: Heatran|par\n|\n|-weather|Snow|[upkeep]\n|-heal|p2a: Heatran|100\/100 par|[from] item: Leftovers\n|upkeep\n|turn|9\n|\n|t:|1701107679\n|move|p1a: Ninetales|Blizzard|p2a: Heatran\n|-supereffective|p2a: Heatran\n|-damage|p2a: Heatran|43\/100 par\n|move|p2a: Heatran|Magma Storm|p1a: Ninetales|[miss]\n|-miss|p2a: Heatran|p1a: Ninetales\n|\n|-weather|Snow|[upkeep]\n|-heal|p2a: Heatran|49\/100 par|[from] item: Leftovers\n|upkeep\n|turn|10\n|\n|t:|1701107690\n|move|p1a: Ninetales|Blizzard|p2a: Heatran\n|-supereffective|p2a: Heatran\n|-damage|p2a: Heatran|0 fnt\n|faint|p2a: Heatran\n|\n|-weather|Snow|[upkeep]\n|upkeep\n|\n|t:|1701107694\n|switch|p2a: Iron Valiant|Iron Valiant|100\/100\n|-enditem|p2a: Iron Valiant|Booster Energy\n|-activate|p2a: Iron Valiant|ability: Quark Drive|[fromitem]\n|-start|p2a: Iron Valiant|quarkdrivespe\n|turn|11\n|\n|t:|1701107700\n|move|p2a: Iron Valiant|Close Combat|p1a: Ninetales\n|-damage|p1a: Ninetales|78\/100\n|-unboost|p2a: Iron Valiant|def|1\n|-unboost|p2a: Iron Valiant|spd|1\n|move|p1a: Ninetales|Moonblast|p2a: Iron Valiant\n|-supereffective|p2a: Iron Valiant\n|-damage|p2a: Iron Valiant|0 fnt\n|faint|p2a: Iron Valiant\n|-end|p2a: Iron Valiant|Quark Drive|[silent]\n|\n|-weather|Snow|[upkeep]\n|upkeep\n|\n|t:|1701107724\n|switch|p2a: Zapdos|Zapdos|100\/100\n|turn|12\n|\n|t:|1701107729\n|move|p1a: Ninetales|Blizzard|p2a: Zapdos\n|-supereffective|p2a: Zapdos\n|-damage|p2a: Zapdos|24\/100\n|move|p2a: Zapdos|Heat Wave|p1a: Ninetales\n|-supereffective|p1a: Ninetales\n|-damage|p1a: Ninetales|48\/100\n|\n|-weather|none\n|upkeep\n|turn|13\n|\n|t:|1701107739\n|move|p1a: Ninetales|Moonblast|p2a: Zapdos\n|-damage|p2a: Zapdos|0 fnt\n|faint|p2a: Zapdos\n|\n|upkeep\n|\n|t:|1701107741\n|switch|p2a: Kingambit|Kingambit, M|100\/100\n|-activate|p2a: Kingambit|ability: Supreme Overlord\n|-start|p2a: Kingambit|fallen3|[silent]\n|turn|14\n|\n|t:|1701107747\n|switch|p1a: Grimmsnarl|Grimmsnarl, M, shiny|88\/100\n|move|p2a: Kingambit|Swords Dance|p2a: Kingambit\n|-boost|p2a: Kingambit|atk|2\n|\n|-damage|p1a: Grimmsnarl|76\/100|[from] item: Sticky Barb\n|upkeep\n|turn|15\n|\n|t:|1701107756\n|move|p1a: Grimmsnarl|Thunder Wave|p2a: Kingambit\n|-hint|Since gen 7, Dark is immune to Prankster moves.\n|-immune|p2a: Kingambit\n|move|p2a: Kingambit|Iron Head|p1a: Grimmsnarl\n|-supereffective|p1a: Grimmsnarl\n|-damage|p1a: Grimmsnarl|0 fnt\n|faint|p1a: Grimmsnarl\n|\n|-sideend|p1: SpasDeUzi|move: Aurora Veil\n|upkeep\n|\n|t:|1701107761\n|switch|p1a: Ninetales|Ninetales-Alola, M, shiny|48\/100\n|-weather|Snow|[from] ability: Snow Warning|[of] p1a: Ninetales\n|turn|16\n|\n|t:|1701107766\n|move|p2a: Kingambit|Sucker Punch||[still]\n|-fail|p2a: Kingambit\n|move|p1a: Ninetales|Aurora Veil|p1a: Ninetales\n|-sidestart|p1: SpasDeUzi|move: Aurora Veil\n|\n|-weather|Snow|[upkeep]\n|upkeep\n|turn|17\n|\n|t:|1701107770\n|move|p2a: Kingambit|Sucker Punch|p1a: Ninetales\n|-resisted|p1a: Ninetales\n|-damage|p1a: Ninetales|23\/100\n|move|p1a: Ninetales|Moonblast|p2a: Kingambit\n|-damage|p2a: Kingambit|66\/100\n|-unboost|p2a: Kingambit|spa|1\n|\n|-weather|Snow|[upkeep]\n|-heal|p2a: Kingambit|72\/100|[from] item: Leftovers\n|upkeep\n|turn|18\n|\n|t:|1701107774\n|move|p2a: Kingambit|Sucker Punch|p1a: Ninetales\n|-resisted|p1a: Ninetales\n|-damage|p1a: Ninetales|0 fnt\n|faint|p1a: Ninetales\n|\n|-weather|Snow|[upkeep]\n|-heal|p2a: Kingambit|78\/100|[from] item: Leftovers\n|upkeep\n|\n|t:|1701107777\n|switch|p1a: Torterra|Torterra, M, shiny|100\/100\n|turn|19\n|\n|t:|1701107786\n|move|p1a: Torterra|Shell Smash|p1a: Torterra\n|-unboost|p1a: Torterra|def|1\n|-unboost|p1a: Torterra|spd|1\n|-boost|p1a: Torterra|atk|2\n|-boost|p1a: Torterra|spa|2\n|-boost|p1a: Torterra|spe|2\n|move|p2a: Kingambit|Kowtow Cleave|p1a: Torterra\n|-damage|p1a: Torterra|4\/100\n|\n|-weather|Snow|[upkeep]\n|-heal|p2a: Kingambit|85\/100|[from] item: Leftovers\n|upkeep\n|turn|20\n|\n|t:|1701107789\n|move|p2a: Kingambit|Sucker Punch||[still]\n|-fail|p2a: Kingambit\n|move|p1a: Torterra|Shell Smash|p1a: Torterra\n|-unboost|p1a: Torterra|def|1\n|-unboost|p1a: Torterra|spd|1\n|-boost|p1a: Torterra|atk|2\n|-boost|p1a: Torterra|spa|2\n|-boost|p1a: Torterra|spe|2\n|\n|-weather|none\n|-heal|p2a: Kingambit|91\/100|[from] item: Leftovers\n|upkeep\n|turn|21\n|\n|t:|1701107795\n|move|p2a: Kingambit|Sucker Punch||[still]\n|-fail|p2a: Kingambit\n|move|p1a: Torterra|Shell Smash|p1a: Torterra\n|-unboost|p1a: Torterra|def|1\n|-unboost|p1a: Torterra|spd|1\n|-boost|p1a: Torterra|atk|2\n|-boost|p1a: Torterra|spa|2\n|-boost|p1a: Torterra|spe|2\n|\n|-heal|p2a: Kingambit|97\/100|[from] item: Leftovers\n|upkeep\n|turn|22\n|\n|t:|1701107797\n|move|p2a: Kingambit|Sucker Punch||[still]\n|-fail|p2a: Kingambit\n|move|p1a: Torterra|Shell Smash|p1a: Torterra\n|-unboost|p1a: Torterra|def|1\n|-unboost|p1a: Torterra|spd|1\n|-boost|p1a: Torterra|atk|0\n|-boost|p1a: Torterra|spa|0\n|-boost|p1a: Torterra|spe|0\n|\n|-heal|p2a: Kingambit|100\/100|[from] item: Leftovers\n|upkeep\n|turn|23\n|\n|t:|1701107800\n|move|p2a: Kingambit|Sucker Punch|p1a: Torterra\n|-damage|p1a: Torterra|0 fnt\n|faint|p1a: Torterra\n|\n|-sideend|p1: SpasDeUzi|move: Aurora Veil\n|upkeep\n|\n|t:|1701107806\n|switch|p1a: Skeledirge|Skeledirge, F, shiny|100\/100\n|turn|24\n|\n|t:|1701107812\n|-terastallize|p1a: Skeledirge|Water\n|move|p1a: Skeledirge|Will-O-Wisp|p2a: Kingambit\n|-status|p2a: Kingambit|brn\n|move|p2a: Kingambit|Kowtow Cleave|p1a: Skeledirge\n|-damage|p1a: Skeledirge|73\/100\n|\n|-damage|p2a: Kingambit|94\/100 brn|[from] brn\n|upkeep\n|turn|25\n|\n|t:|1701107818\n|move|p2a: Kingambit|Sucker Punch|p1a: Skeledirge\n|-damage|p1a: Skeledirge|51\/100\n|move|p1a: Skeledirge|Torch Song|p2a: Kingambit\n|-supereffective|p2a: Kingambit\n|-damage|p2a: Kingambit|37\/100 brn\n|-boost|p1a: Skeledirge|spa|1\n|\n|-heal|p2a: Kingambit|43\/100 brn|[from] item: Leftovers\n|-damage|p2a: Kingambit|37\/100 brn|[from] brn\n|upkeep\n|turn|26\n|\n|t:|1701107821\n|move|p1a: Skeledirge|Slack Off|p1a: Skeledirge\n|-heal|p1a: Skeledirge|100\/100\n|move|p2a: Kingambit|Kowtow Cleave|p1a: Skeledirge\n|-damage|p1a: Skeledirge|73\/100\n|\n|-heal|p2a: Kingambit|43\/100 brn|[from] item: Leftovers\n|-damage|p2a: Kingambit|37\/100 brn|[from] brn\n|upkeep\n|turn|27\n|\n|t:|1701107826\n|move|p1a: Skeledirge|Torch Song|p2a: Kingambit\n|-supereffective|p2a: Kingambit\n|-damage|p2a: Kingambit|0 fnt\n|-boost|p1a: Skeledirge|spa|1\n|faint|p2a: Kingambit\n|-end|p2a: Kingambit|fallen3|[silent]\n|\n|upkeep\n|\n|t:|1701107832\n|switch|p2a: Dragapult|Dragapult, F|100\/100\n|turn|28\n|\n|t:|1701107835\n|move|p2a: Dragapult|Draco Meteor|p1a: Skeledirge\n|-crit|p1a: Skeledirge\n|-damage|p1a: Skeledirge|0 fnt\n|-unboost|p2a: Dragapult|spa|2\n|faint|p1a: Skeledirge\n|\n|upkeep\n|\n|t:|1701107838\n|switch|p1a: Maushold|Maushold-Four|100\/100\n|turn|29\n|\n|t:|1701107842\n|switch|p2a: Great Tusk|Great Tusk|100\/100\n|move|p1a: Maushold|Tidy Up|p1a: Maushold\n|-boost|p1a: Maushold|atk|1\n|-boost|p1a: Maushold|spe|1\n|\n|upkeep\n|turn|30\n|\n|t:|1701107850\n|move|p1a: Maushold|Population Bomb|p2a: Great Tusk\n|-damage|p2a: Great Tusk|92\/100\n|-damage|p2a: Great Tusk|83\/100\n|-damage|p2a: Great Tusk|75\/100\n|-damage|p2a: Great Tusk|66\/100\n|-damage|p2a: Great Tusk|58\/100\n|-damage|p2a: Great Tusk|50\/100\n|-damage|p2a: Great Tusk|42\/100\n|-damage|p2a: Great Tusk|34\/100\n|-damage|p2a: Great Tusk|25\/100\n|-damage|p2a: Great Tusk|16\/100\n|-hitcount|p2a: Great Tusk|10\n|move|p2a: Great Tusk|Earthquake|p1a: Maushold\n|-damage|p1a: Maushold|30\/100\n|\n|-heal|p2a: Great Tusk|22\/100|[from] item: Leftovers\n|upkeep\n|turn|31\n|\n|t:|1701107855\n|move|p1a: Maushold|Low Kick|p2a: Great Tusk\n|-damage|p2a: Great Tusk|0 fnt\n|faint|p2a: Great Tusk\n|-end|p2a: Great Tusk|Protosynthesis|[silent]\n|\n|upkeep\n|\n|t:|1701107857\n|switch|p2a: Dragapult|Dragapult, F|100\/100\n|turn|32\n|\n|t:|1701107862\n|move|p1a: Maushold|Bite|p2a: Dragapult\n|-supereffective|p2a: Dragapult\n|-damage|p2a: Dragapult|11\/100\n|cant|p2a: Dragapult|flinch\n|\n|upkeep\n|turn|33\n|\n|t:|1701107869\n|move|p1a: Maushold|Bite|p2a: Dragapult\n|-supereffective|p2a: Dragapult\n|-damage|p2a: Dragapult|0 fnt\n|faint|p2a: Dragapult\n|\n|win|SpasDeUzi\n|raw|SpasDeUzi's rating: 1134 &rarr; <strong>1162<\/strong><br \/>(+28 for winning)\n|raw|Ripsam22's rating: 1182 &rarr; <strong>1154<\/strong><br \/>(-28 for losing)\n|l|\u2606Ripsam22\n","uploadtime":1701107876,"views":19,"p1id":"spasdeuzi","p2id":"ripsam22","formatid":"gen9ou","rating":1154,"private":0,"password":""}