{"id":"gen9ou-1991670937","p1":"defnotapenguin","p2":"kulkulkul","format":"[Gen 9] OU","log":"|j|\u2606defnotapenguin\n|j|\u2606kulkulkul\n|t:|1700100810\n|gametype|singles\n|player|p1|defnotapenguin|cameraman|1086\n|player|p2|kulkulkul|preschooler|1123\n|teamsize|p1|6\n|teamsize|p2|6\n|gen|9\n|tier|[Gen 9] OU\n|rated|\n|rule|Sleep Clause Mod: Limit one foe put to sleep\n|rule|Species Clause: Limit one of each Pok\u00e9mon\n|rule|OHKO Clause: OHKO moves are banned\n|rule|Evasion Items Clause: Evasion items are banned\n|rule|Evasion Moves Clause: Evasion moves are banned\n|rule|Endless Battle Clause: Forcing endless battles is banned\n|rule|HP Percentage Mod: HP is shown in percentages\n|clearpoke\n|poke|p1|Alomomola, M|\n|poke|p1|Cinderace, F|\n|poke|p1|Breloom, F|\n|poke|p1|Ceruledge, F|\n|poke|p1|Landorus-Therian, M|\n|poke|p1|Dragonite, M|\n|poke|p2|Glimmora, M|\n|poke|p2|Ogerpon-Wellspring, F|\n|poke|p2|Amoonguss, F|\n|poke|p2|Kingambit, F|\n|poke|p2|Ribombee, M|\n|poke|p2|Ceruledge, M|\n|teampreview\n|inactive|Battle timer is ON: inactive players will automatically lose when time's up. (requested by defnotapenguin)\n|\n|t:|1700100825\n|start\n|switch|p1a: Alomomola|Alomomola, M|100\/100\n|switch|p2a: Glimmora|Glimmora, M|100\/100\n|turn|1\n|\n|t:|1700100833\n|move|p2a: Glimmora|Spiky Shield|p2a: Glimmora\n|-singleturn|p2a: Glimmora|move: Protect\n|move|p1a: Alomomola|Scald|p2a: Glimmora\n|-activate|p2a: Glimmora|move: Protect\n|\n|upkeep\n|turn|2\n|\n|t:|1700100846\n|switch|p2a: Amoonguss|Amoonguss, F|100\/100\n|move|p1a: Alomomola|Scald|p2a: Amoonguss\n|-resisted|p2a: Amoonguss\n|-damage|p2a: Amoonguss|95\/100\n|\n|upkeep\n|turn|3\n|inactive|defnotapenguin has 120 seconds left.\n|\n|t:|1700100881\n|switch|p1a: Breloom|Breloom, F|100\/100\n|move|p2a: Amoonguss|Spore|p1a: Breloom\n|-immune|p1a: Breloom\n|\n|-status|p1a: Breloom|tox|[from] item: Toxic Orb\n|upkeep\n|turn|4\n|inactive|defnotapenguin has 120 seconds left.\n|\n|t:|1700100898\n|move|p1a: Breloom|Rock Slide|p2a: Amoonguss\n|-damage|p2a: Amoonguss|75\/100\n|cant|p2a: Amoonguss|flinch\n|\n|upkeep\n|turn|5\n|inactive|defnotapenguin has 120 seconds left.\n|\n|t:|1700100904\n|move|p1a: Breloom|Rock Slide|p2a: Amoonguss\n|-damage|p2a: Amoonguss|53\/100\n|cant|p2a: Amoonguss|flinch\n|\n|upkeep\n|turn|6\n|\n|t:|1700100922\n|move|p1a: Breloom|Rock Slide|p2a: Amoonguss\n|-damage|p2a: Amoonguss|31\/100\n|-enditem|p2a: Amoonguss|Sitrus Berry|[eat]\n|-heal|p2a: Amoonguss|56\/100|[from] item: Sitrus Berry\n|move|p2a: Amoonguss|Hex|p1a: Breloom\n|-damage|p1a: Breloom|59\/100 tox\n|\n|-heal|p1a: Breloom|71\/100 tox|[from] ability: Poison Heal\n|upkeep\n|turn|7\n|\n|t:|1700100932\n|move|p2a: Amoonguss|Protect|p2a: Amoonguss\n|-singleturn|p2a: Amoonguss|Protect\n|move|p1a: Breloom|Drain Punch|p2a: Amoonguss\n|-activate|p2a: Amoonguss|move: Protect\n|\n|-heal|p1a: Breloom|83\/100 tox|[from] ability: Poison Heal\n|upkeep\n|turn|8\n|\n|t:|1700100940\n|move|p1a: Breloom|Rock Slide|p2a: Amoonguss\n|-damage|p2a: Amoonguss|36\/100\n|move|p2a: Amoonguss|Hex|p1a: Breloom\n|-damage|p1a: Breloom|46\/100 tox\n|\n|-heal|p1a: Breloom|58\/100 tox|[from] ability: Poison Heal\n|upkeep\n|turn|9\n|\n|t:|1700100949\n|move|p1a: Breloom|Drain Punch|p2a: Amoonguss\n|-resisted|p2a: Amoonguss\n|-damage|p2a: Amoonguss|19\/100\n|-heal|p1a: Breloom|69\/100 tox|[from] drain|[of] p2a: Amoonguss\n|move|p2a: Amoonguss|Hex|p1a: Breloom\n|-damage|p1a: Breloom|28\/100 tox\n|\n|-heal|p1a: Breloom|40\/100 tox|[from] ability: Poison Heal\n|upkeep\n|turn|10\n|\n|t:|1700100964\n|switch|p2a: Ogerpon|Ogerpon-Wellspring, F|100\/100\n|move|p1a: Breloom|Rock Slide|p2a: Ogerpon|[miss]\n|-miss|p1a: Breloom|p2a: Ogerpon\n|\n|-heal|p1a: Breloom|53\/100 tox|[from] ability: Poison Heal\n|upkeep\n|turn|11\n|\n|t:|1700100975\n|move|p2a: Ogerpon|Ivy Cudgel|p1a: Breloom|[anim] Ivy Cudgel Water\n|-resisted|p1a: Breloom\n|-damage|p1a: Breloom|17\/100 tox\n|move|p1a: Breloom|Toxic|p2a: Ogerpon\n|-status|p2a: Ogerpon|tox\n|\n|-damage|p2a: Ogerpon|95\/100 tox|[from] psn\n|-heal|p1a: Breloom|30\/100 tox|[from] ability: Poison Heal\n|upkeep\n|turn|12\n|inactive|defnotapenguin has 120 seconds left.\n|\n|t:|1700101009\n|switch|p1a: Dragonite|Dragonite, M|100\/100\n|move|p2a: Ogerpon|Ivy Cudgel|p1a: Dragonite|[anim] Ivy Cudgel Water\n|-resisted|p1a: Dragonite\n|-damage|p1a: Dragonite|84\/100\n|\n|-damage|p2a: Ogerpon|83\/100 tox|[from] psn\n|upkeep\n|turn|13\n|inactive|defnotapenguin has 120 seconds left.\n|\n|t:|1700101026\n|switch|p2a: Amoonguss|Amoonguss, F|52\/100\n|-terastallize|p1a: Dragonite|Normal\n|move|p1a: Dragonite|Extreme Speed|p2a: Amoonguss\n|-damage|p2a: Amoonguss|0 fnt\n|faint|p2a: Amoonguss\n|\n|upkeep\n|\n|t:|1700101033\n|switch|p2a: Ceruledge|Ceruledge, M|100\/100\n|turn|14\n|\n|t:|1700101043\n|switch|p1a: Alomomola|Alomomola, M|100\/100\n|move|p2a: Ceruledge|Iron Defense|p2a: Ceruledge\n|-boost|p2a: Ceruledge|def|2\n|\n|upkeep\n|turn|15\n|\n|t:|1700101068\n|move|p2a: Ceruledge|X-Scissor|p1a: Alomomola\n|-damage|p1a: Alomomola|83\/100\n|move|p1a: Alomomola|Scald|p2a: Ceruledge\n|-supereffective|p2a: Ceruledge\n|-damage|p2a: Ceruledge|70\/100\n|-enditem|p2a: Ceruledge|Weakness Policy\n|-boost|p2a: Ceruledge|atk|2|[from] item: Weakness Policy\n|-boost|p2a: Ceruledge|spa|2|[from] item: Weakness Policy\n|\n|upkeep\n|turn|16\n|\n|t:|1700101079\n|move|p1a: Alomomola|Protect|p1a: Alomomola\n|-singleturn|p1a: Alomomola|Protect\n|move|p2a: Ceruledge|Bitter Blade|p1a: Alomomola\n|-activate|p1a: Alomomola|move: Protect\n|\n|upkeep\n|turn|17\n|\n|t:|1700101086\n|move|p2a: Ceruledge|Bitter Blade|p1a: Alomomola\n|-resisted|p1a: Alomomola\n|-damage|p1a: Alomomola|53\/100\n|-heal|p2a: Ceruledge|96\/100|[from] drain|[of] p1a: Alomomola\n|move|p1a: Alomomola|Wish|p1a: Alomomola\n|\n|upkeep\n|turn|18\n|\n|t:|1700101112\n|switch|p1a: Landorus|Landorus-Therian, M|100\/100\n|-ability|p1a: Landorus|Intimidate|boost\n|-unboost|p2a: Ceruledge|atk|1\n|move|p2a: Ceruledge|Iron Defense|p2a: Ceruledge\n|-boost|p2a: Ceruledge|def|2\n|\n|upkeep\n|turn|19\n|\n|t:|1700101122\n|move|p2a: Ceruledge|Shadow Sneak|p1a: Landorus\n|-damage|p1a: Landorus|67\/100\n|move|p1a: Landorus|Earthquake|p2a: Ceruledge\n|-supereffective|p2a: Ceruledge\n|-damage|p2a: Ceruledge|47\/100\n|-ability|p2a: Ceruledge|Weak Armor|boost\n|-unboost|p2a: Ceruledge|def|1\n|-boost|p2a: Ceruledge|spe|2\n|\n|-heal|p1a: Landorus|73\/100|[from] item: Leftovers\n|upkeep\n|turn|20\n|\n|t:|1700101132\n|move|p2a: Ceruledge|Bitter Blade|p1a: Landorus\n|-damage|p1a: Landorus|0 fnt\n|-heal|p2a: Ceruledge|87\/100|[from] drain|[of] p1a: Landorus\n|faint|p1a: Landorus\n|\n|upkeep\n|c|\u2606defnotapenguin|ruh toh\n|\n|t:|1700101147\n|switch|p1a: Ceruledge|Ceruledge, F|100\/100\n|turn|21\n|\n|t:|1700101156\n|-terastallize|p2a: Ceruledge|Fire\n|move|p2a: Ceruledge|Shadow Sneak|p1a: Ceruledge\n|-supereffective|p1a: Ceruledge\n|-damage|p1a: Ceruledge|34\/100\n|move|p1a: Ceruledge|Shadow Sneak|p2a: Ceruledge\n|-damage|p2a: Ceruledge|77\/100\n|-ability|p2a: Ceruledge|Weak Armor|boost\n|-unboost|p2a: Ceruledge|def|1\n|-boost|p2a: Ceruledge|spe|2\n|\n|upkeep\n|turn|22\n|\n|t:|1700101166\n|move|p2a: Ceruledge|Shadow Sneak|p1a: Ceruledge\n|-supereffective|p1a: Ceruledge\n|-damage|p1a: Ceruledge|0 fnt\n|faint|p1a: Ceruledge\n|\n|upkeep\n|c|\u2606defnotapenguin|crap\n|\n|t:|1700101172\n|switch|p1a: Alomomola|Alomomola, M|87\/100\n|turn|23\n|\n|t:|1700101181\n|move|p2a: Ceruledge|X-Scissor|p1a: Alomomola\n|-damage|p1a: Alomomola|60\/100\n|move|p1a: Alomomola|Wish|p1a: Alomomola\n|\n|upkeep\n|turn|24\n|\n|t:|1700101189\n|switch|p2a: Ogerpon|Ogerpon-Wellspring, F|83\/100 tox\n|switch|p1a: Breloom|Breloom, F|30\/100 tox\n|\n|-heal|p1a: Breloom|100\/100 tox|[from] move: Wish|[wisher] Alomomola\n|-damage|p2a: Ogerpon|77\/100 tox|[from] psn\n|upkeep\n|turn|25\n|\n|t:|1700101201\n|switch|p2a: Glimmora|Glimmora, M|100\/100\n|move|p1a: Breloom|Drain Punch|p2a: Glimmora\n|-damage|p2a: Glimmora|58\/100\n|\n|-heal|p2a: Glimmora|65\/100|[from] item: Leftovers\n|upkeep\n|turn|26\n|\n|t:|1700101215\n|move|p2a: Glimmora|Stealth Rock|p1a: Breloom\n|-sidestart|p1: defnotapenguin|move: Stealth Rock\n|move|p1a: Breloom|Toxic|p2a: Glimmora\n|-immune|p2a: Glimmora\n|\n|-heal|p2a: Glimmora|71\/100|[from] item: Leftovers\n|upkeep\n|turn|27\n|\n|t:|1700101221\n|move|p2a: Glimmora|Toxic Spikes|p1a: Breloom\n|-sidestart|p1: defnotapenguin|move: Toxic Spikes\n|move|p1a: Breloom|Drain Punch|p2a: Glimmora\n|-damage|p2a: Glimmora|34\/100\n|\n|-heal|p2a: Glimmora|40\/100|[from] item: Leftovers\n|upkeep\n|turn|28\n|\n|t:|1700101228\n|move|p2a: Glimmora|Spiky Shield|p2a: Glimmora\n|-singleturn|p2a: Glimmora|move: Protect\n|move|p1a: Breloom|Drain Punch|p2a: Glimmora\n|-activate|p2a: Glimmora|move: Protect\n|-damage|p1a: Breloom|88\/100 tox|[from] Spiky Shield|[of] p2a: Glimmora\n|\n|-heal|p2a: Glimmora|46\/100|[from] item: Leftovers\n|-heal|p1a: Breloom|100\/100 tox|[from] ability: Poison Heal\n|upkeep\n|turn|29\n|\n|t:|1700101244\n|move|p2a: Glimmora|Toxic Spikes|p1a: Breloom\n|-sidestart|p1: defnotapenguin|move: Toxic Spikes\n|move|p1a: Breloom|Bullet Seed|p2a: Glimmora\n|-damage|p2a: Glimmora|33\/100\n|-damage|p2a: Glimmora|20\/100\n|-hitcount|p2a: Glimmora|2\n|\n|-heal|p2a: Glimmora|27\/100|[from] item: Leftovers\n|upkeep\n|turn|30\n|\n|t:|1700101252\n|switch|p2a: Ceruledge|Ceruledge, M, tera:Fire|77\/100\n|move|p1a: Breloom|Bullet Seed|p2a: Ceruledge\n|-resisted|p2a: Ceruledge\n|-damage|p2a: Ceruledge|68\/100\n|-ability|p2a: Ceruledge|Weak Armor|boost\n|-unboost|p2a: Ceruledge|def|1\n|-boost|p2a: Ceruledge|spe|2\n|-resisted|p2a: Ceruledge\n|-damage|p2a: Ceruledge|52\/100\n|-ability|p2a: Ceruledge|Weak Armor|boost\n|-unboost|p2a: Ceruledge|def|1\n|-boost|p2a: Ceruledge|spe|2\n|-resisted|p2a: Ceruledge\n|-damage|p2a: Ceruledge|35\/100\n|-ability|p2a: Ceruledge|Weak Armor|boost\n|-unboost|p2a: Ceruledge|def|1\n|-boost|p2a: Ceruledge|spe|2\n|-resisted|p2a: Ceruledge\n|-damage|p2a: Ceruledge|11\/100\n|-ability|p2a: Ceruledge|Weak Armor|boost\n|-unboost|p2a: Ceruledge|def|1\n|-resisted|p2a: Ceruledge\n|-damage|p2a: Ceruledge|0 fnt\n|faint|p2a: Ceruledge\n|-hitcount|p2: Ceruledge|5\n|\n|upkeep\n|\n|t:|1700101269\n|switch|p2a: Ribombee|Ribombee, M|100\/100\n|turn|31\n|\n|t:|1700101279\n|switch|p1a: Cinderace|Cinderace, F|100\/100\n|move|p2a: Ribombee|Sticky Web|p1a: Cinderace\n|-sidestart|p1: defnotapenguin|move: Sticky Web\n|\n|upkeep\n|turn|32\n|\n|t:|1700101286\n|switch|p2a: Glimmora|Glimmora, M|27\/100\n|move|p1a: Cinderace|Court Change|p1a: Cinderace\n|-swapsideconditions\n|-activate|p1a: Cinderace|move: Court Change\n|\n|-heal|p2a: Glimmora|33\/100|[from] item: Leftovers\n|upkeep\n|turn|33\n|\n|t:|1700101298\n|move|p1a: Cinderace|Swords Dance|p1a: Cinderace\n|-boost|p1a: Cinderace|atk|2\n|move|p2a: Glimmora|Mortal Spin|p1a: Cinderace\n|-damage|p1a: Cinderace|92\/100\n|-status|p1a: Cinderace|psn\n|-sideend|p2: kulkulkul|Toxic Spikes|[from] move: Mortal Spin|[of] p2a: Glimmora\n|-sideend|p2: kulkulkul|Stealth Rock|[from] move: Mortal Spin|[of] p2a: Glimmora\n|-sideend|p2: kulkulkul|Sticky Web|[from] move: Mortal Spin|[of] p2a: Glimmora\n|\n|-heal|p2a: Glimmora|39\/100|[from] item: Leftovers\n|-damage|p1a: Cinderace|79\/100 psn|[from] psn\n|upkeep\n|turn|34\n|\n|t:|1700101312\n|switch|p2a: Ribombee|Ribombee, M|100\/100\n|move|p1a: Cinderace|High Jump Kick|p2a: Ribombee|[miss]\n|-miss|p1a: Cinderace|p2a: Ribombee\n|-damage|p1a: Cinderace|29\/100 psn|[from] highjumpkick\n|\n|-damage|p1a: Cinderace|17\/100 psn|[from] psn\n|upkeep\n|turn|35\n|\n|t:|1700101323\n|move|p1a: Cinderace|Flare Blitz|p2a: Ribombee\n|-supereffective|p2a: Ribombee\n|-enditem|p2a: Ribombee|Focus Sash\n|-damage|p2a: Ribombee|1\/100\n|-damage|p1a: Cinderace|0 fnt|[from] Recoil\n|faint|p1a: Cinderace\n|move|p2a: Ribombee|Sticky Web|p1: Cinderace\n|-sidestart|p1: defnotapenguin|move: Sticky Web\n|\n|upkeep\n|\n|t:|1700101333\n|switch|p1a: Dragonite|Dragonite, M, tera:Normal|84\/100\n|-activate|p1a: Dragonite|move: Sticky Web\n|-unboost|p1a: Dragonite|spe|1\n|turn|36\n|\n|t:|1700101342\n|move|p2a: Ribombee|Bug Buzz|p1a: Dragonite\n|-damage|p1a: Dragonite|43\/100\n|move|p1a: Dragonite|Fire Punch|p2a: Ribombee\n|-supereffective|p2a: Ribombee\n|-damage|p2a: Ribombee|0 fnt\n|faint|p2a: Ribombee\n|\n|upkeep\n|\n|t:|1700101356\n|switch|p2a: Ogerpon|Ogerpon-Wellspring, F|77\/100 tox\n|turn|37\n|\n|t:|1700101364\n|switch|p1a: Alomomola|Alomomola, M|94\/100\n|move|p2a: Ogerpon|Horn Leech|p1a: Alomomola\n|-supereffective|p1a: Alomomola\n|-damage|p1a: Alomomola|36\/100\n|-heal|p2a: Ogerpon|100\/100 tox|[from] drain|[of] p1a: Alomomola\n|\n|-damage|p2a: Ogerpon|95\/100 tox|[from] psn\n|upkeep\n|turn|38\n|\n|t:|1700101376\n|switch|p1a: Breloom|Breloom, F|100\/100 tox\n|-activate|p1a: Breloom|move: Sticky Web\n|-unboost|p1a: Breloom|spe|1\n|move|p2a: Ogerpon|Horn Leech|p1a: Breloom\n|-resisted|p1a: Breloom\n|-damage|p1a: Breloom|72\/100 tox\n|-heal|p2a: Ogerpon|100\/100 tox|[from] drain|[of] p1a: Breloom\n|\n|-damage|p2a: Ogerpon|89\/100 tox|[from] psn\n|-heal|p1a: Breloom|84\/100 tox|[from] ability: Poison Heal\n|upkeep\n|turn|39\n|\n|t:|1700101397\n|switch|p2a: Glimmora|Glimmora, M|39\/100\n|move|p1a: Breloom|Bullet Seed|p2a: Glimmora\n|-damage|p2a: Glimmora|25\/100\n|-damage|p2a: Glimmora|12\/100\n|-damage|p2a: Glimmora|0 fnt\n|faint|p2a: Glimmora\n|-hitcount|p2: Glimmora|3\n|\n|-heal|p1a: Breloom|96\/100 tox|[from] ability: Poison Heal\n|upkeep\n|\n|t:|1700101406\n|switch|p2a: Ogerpon|Ogerpon-Wellspring, F|89\/100 tox\n|turn|40\n|\n|t:|1700101413\n|move|p2a: Ogerpon|Swords Dance|p2a: Ogerpon\n|-boost|p2a: Ogerpon|atk|2\n|move|p1a: Breloom|Rock Slide|p2a: Ogerpon\n|-damage|p2a: Ogerpon|55\/100 tox\n|\n|-damage|p2a: Ogerpon|49\/100 tox|[from] psn\n|-heal|p1a: Breloom|100\/100 tox|[from] ability: Poison Heal\n|upkeep\n|turn|41\n|\n|t:|1700101426\n|switch|p1a: Alomomola|Alomomola, M|70\/100\n|move|p2a: Ogerpon|Horn Leech|p1a: Alomomola\n|-supereffective|p1a: Alomomola\n|-damage|p1a: Alomomola|0 fnt\n|-heal|p2a: Ogerpon|100\/100 tox|[from] drain|[of] p1a: Alomomola\n|faint|p1a: Alomomola\n|\n|-damage|p2a: Ogerpon|89\/100 tox|[from] psn\n|upkeep\n|\n|t:|1700101435\n|switch|p1a: Dragonite|Dragonite, M, tera:Normal|43\/100\n|-activate|p1a: Dragonite|move: Sticky Web\n|-unboost|p1a: Dragonite|spe|1\n|turn|42\n|\n|t:|1700101441\n|move|p1a: Dragonite|Extreme Speed|p2a: Ogerpon\n|-damage|p2a: Ogerpon|4\/100 tox\n|move|p2a: Ogerpon|Ivy Cudgel|p1a: Dragonite|[anim] Ivy Cudgel Water\n|-damage|p1a: Dragonite|0 fnt\n|faint|p1a: Dragonite\n|\n|-damage|p2a: Ogerpon|0 fnt|[from] psn\n|faint|p2a: Ogerpon\n|upkeep\n|\n|t:|1700101450\n|switch|p2a: Kingambit|Kingambit, F|100\/100\n|switch|p1a: Breloom|Breloom, F|100\/100 tox\n|-activate|p1a: Breloom|move: Sticky Web\n|-unboost|p1a: Breloom|spe|1\n|-activate|p2a: Kingambit|ability: Supreme Overlord\n|-start|p2a: Kingambit|fallen5|[silent]\n|-item|p2a: Kingambit|Air Balloon\n|turn|43\n|\n|t:|1700101461\n|move|p2a: Kingambit|Iron Head|p1a: Breloom\n|-damage|p1a: Breloom|16\/100 tox\n|move|p1a: Breloom|Drain Punch|p2a: Kingambit\n|-supereffective|p2a: Kingambit\n|-damage|p2a: Kingambit|0 fnt\n|-heal|p1a: Breloom|79\/100 tox|[from] drain|[of] p2a: Kingambit\n|-enditem|p2a: Kingambit|Air Balloon\n|faint|p2a: Kingambit\n|-end|p2a: Kingambit|fallen5|[silent]\n|\n|win|defnotapenguin\n|raw|defnotapenguin's rating: 1086 &rarr; <strong>1116<\/strong><br \/>(+30 for winning)\n|raw|kulkulkul's rating: 1123 &rarr; <strong>1095<\/strong><br \/>(-28 for losing)\n|c|\u2606defnotapenguin|gg\n|l|\u2606kulkulkul\n","uploadtime":1700101790,"views":8,"p1id":"defnotapenguin","p2id":"kulkulkul","formatid":"gen9ou","rating":1095,"private":0,"password":""}