{"id":"gen9ou-1999683751","p1":"BeefBoss4-2","p2":"psid","format":"[Gen 9] OU","log":"|j|\u2606BeefBoss4-2\n|j|\u2606psid\n|t:|1701107539\n|gametype|singles\n|player|p1|BeefBoss4-2|turo-ai|1159\n|player|p2|psid|169|1159\n|teamsize|p1|6\n|teamsize|p2|6\n|gen|9\n|tier|[Gen 9] OU\n|rated|\n|rule|Sleep Clause Mod: Limit one foe put to sleep\n|rule|Species Clause: Limit one of each Pok\u00e9mon\n|rule|OHKO Clause: OHKO moves are banned\n|rule|Evasion Items Clause: Evasion items are banned\n|rule|Evasion Moves Clause: Evasion moves are banned\n|rule|Endless Battle Clause: Forcing endless battles is banned\n|rule|HP Percentage Mod: HP is shown in percentages\n|clearpoke\n|poke|p1|Thundurus-Therian, M|\n|poke|p1|Torterra, M|\n|poke|p1|Kleavor, M|\n|poke|p1|Greninja-*, M|\n|poke|p1|Goodra-Hisui, F|\n|poke|p1|Zamazenta-*|\n|poke|p2|Iron Jugulis|\n|poke|p2|Ogerpon-Wellspring, F|\n|poke|p2|Tinkaton, F|\n|poke|p2|Iron Moth|\n|poke|p2|Great Tusk|\n|poke|p2|Dragapult, F|\n|teampreview\n|inactive|Battle timer is ON: inactive players will automatically lose when time's up. (requested by BeefBoss4-2)\n|\n|t:|1701107560\n|start\n|switch|p1a: Rain|Greninja, M|100\/100\n|switch|p2a: Iron Jugulis|Iron Jugulis|100\/100\n|-enditem|p2a: Iron Jugulis|Booster Energy\n|-activate|p2a: Iron Jugulis|ability: Quark Drive|[fromitem]\n|-start|p2a: Iron Jugulis|quarkdrivespe\n|turn|1\n|\n|t:|1701107585\n|move|p2a: Iron Jugulis|Hurricane|p1a: Rain|[miss]\n|-miss|p2a: Iron Jugulis|p1a: Rain\n|move|p1a: Rain|Spikes|p2a: Iron Jugulis\n|-start|p1a: Rain|typechange|Ground|[from] ability: Protean\n|-sidestart|p2: psid|Spikes\n|\n|upkeep\n|turn|2\n|\n|t:|1701107595\n|move|p2a: Iron Jugulis|Taunt|p1a: Rain\n|-start|p1a: Rain|move: Taunt\n|cant|p1a: Rain|move: Taunt|Spikes\n|\n|upkeep\n|turn|3\n|inactive|BeefBoss4-2 has 120 seconds left.\n|\n|t:|1701107631\n|switch|p1a: Raiden|Thundurus-Therian, M|100\/100\n|move|p2a: Iron Jugulis|Knock Off|p1a: Raiden\n|-damage|p1a: Raiden|62\/100\n|-enditem|p1a: Raiden|Choice Scarf|[from] move: Knock Off|[of] p2a: Iron Jugulis\n|\n|upkeep\n|turn|4\n|inactive|BeefBoss4-2 has 120 seconds left.\n|\n|t:|1701107653\n|-terastallize|p2a: Iron Jugulis|Steel\n|move|p2a: Iron Jugulis|Hurricane|p1a: Raiden\n|-resisted|p1a: Raiden\n|-damage|p1a: Raiden|24\/100\n|move|p1a: Raiden|Volt Switch|p2a: Iron Jugulis\n|-damage|p2a: Iron Jugulis|42\/100\n|inactive|BeefBoss4-2 has 120 seconds left.\n|\n|t:|1701107666\n|switch|p1a: Reptile|Goodra-Hisui, F|100\/100|[from] Volt Switch\n|\n|upkeep\n|turn|5\n|\n|t:|1701107678\n|move|p2a: Iron Jugulis|Knock Off|p1a: Reptile\n|-damage|p1a: Reptile|73\/100\n|-ability|p1a: Reptile|Gooey\n|-unboost|p2a: Iron Jugulis|spe|1\n|-enditem|p1a: Reptile|Assault Vest|[from] move: Knock Off|[of] p2a: Iron Jugulis\n|move|p1a: Reptile|Earthquake|p2a: Iron Jugulis\n|-supereffective|p2a: Iron Jugulis\n|-damage|p2a: Iron Jugulis|0 fnt\n|faint|p2a: Iron Jugulis\n|-end|p2a: Iron Jugulis|Quark Drive|[silent]\n|\n|upkeep\n|\n|t:|1701107693\n|switch|p2a: Dragapult|Dragapult, F|100\/100\n|-damage|p2a: Dragapult|88\/100|[from] Spikes\n|turn|6\n|\n|t:|1701107705\n|move|p2a: Dragapult|U-turn|p1a: Reptile\n|-resisted|p1a: Reptile\n|-damage|p1a: Reptile|65\/100\n|-ability|p1a: Reptile|Gooey\n|-fail|p2a: Dragapult|unboost|[from] ability: Clear Body|[of] p2a: Dragapult\n|\n|t:|1701107715\n|switch|p2a: TWINKATON|Tinkaton, F|100\/100|[from] U-turn\n|-item|p2a: TWINKATON|Air Balloon\n|move|p1a: Reptile|Draco Meteor|p2a: TWINKATON\n|-immune|p2a: TWINKATON\n|\n|upkeep\n|turn|7\n|\n|t:|1701107737\n|move|p2a: TWINKATON|Encore|p1a: Reptile\n|-start|p1a: Reptile|Encore\n|move|p1a: Reptile|Draco Meteor|p2a: TWINKATON\n|-immune|p2a: TWINKATON\n|\n|upkeep\n|turn|8\n|\n|t:|1701107748\n|switch|p1a: Rain|Greninja, M|100\/100\n|move|p2a: TWINKATON|Stealth Rock|p1a: Rain\n|-sidestart|p1: BeefBoss4-2|move: Stealth Rock\n|\n|upkeep\n|turn|9\n|\n|t:|1701107761\n|move|p1a: Rain|Spikes|p2a: TWINKATON\n|-start|p1a: Rain|typechange|Ground|[from] ability: Protean\n|-sidestart|p2: psid|Spikes\n|move|p2a: TWINKATON|Thunder Wave|p1a: Rain\n|-immune|p1a: Rain\n|\n|upkeep\n|turn|10\n|\n|t:|1701107772\n|move|p1a: Rain|Spikes|p2a: TWINKATON\n|-sidestart|p2: psid|Spikes\n|move|p2a: TWINKATON|Encore|p1a: Rain\n|-start|p1a: Rain|Encore\n|\n|upkeep\n|turn|11\n|\n|t:|1701107780\n|switch|p1a: Raiden|Thundurus-Therian, M|24\/100\n|-damage|p1a: Raiden|0 fnt|[from] Stealth Rock\n|faint|p1a: Raiden\n|move|p2a: TWINKATON|Play Rough|p1: Raiden|[notarget]\n|-fail|p2a: TWINKATON\n|\n|upkeep\n|\n|t:|1701107802\n|switch|p1a: Reptile|Goodra-Hisui, F|65\/100\n|-damage|p1a: Reptile|58\/100|[from] Stealth Rock\n|turn|12\n|\n|t:|1701107815\n|move|p2a: TWINKATON|Play Rough|p1a: Reptile\n|-damage|p1a: Reptile|35\/100\n|-ability|p1a: Reptile|Gooey\n|-unboost|p2a: TWINKATON|spe|1\n|move|p1a: Reptile|Flash Cannon|p2a: TWINKATON\n|-crit|p2a: TWINKATON\n|-damage|p2a: TWINKATON|50\/100\n|-enditem|p2a: TWINKATON|Air Balloon\n|\n|upkeep\n|turn|13\n|\n|t:|1701107830\n|switch|p2a: Great Tusk|Great Tusk|100\/100\n|-damage|p2a: Great Tusk|76\/100|[from] Spikes\n|-enditem|p2a: Great Tusk|Booster Energy\n|-activate|p2a: Great Tusk|ability: Protosynthesis|[fromitem]\n|-start|p2a: Great Tusk|protosynthesisspe\n|move|p1a: Reptile|Flash Cannon|p2a: Great Tusk\n|-damage|p2a: Great Tusk|27\/100\n|\n|upkeep\n|turn|14\n|\n|t:|1701107841\n|move|p2a: Great Tusk|Rapid Spin|p1a: Reptile\n|-resisted|p1a: Reptile\n|-damage|p1a: Reptile|29\/100\n|-boost|p2a: Great Tusk|spe|1\n|-ability|p1a: Reptile|Gooey\n|-unboost|p2a: Great Tusk|spe|1\n|-sideend|p2: psid|Spikes|[from] move: Rapid Spin|[of] p2a: Great Tusk\n|move|p1a: Reptile|Flash Cannon|p2a: Great Tusk\n|-damage|p2a: Great Tusk|0 fnt\n|faint|p2a: Great Tusk\n|-end|p2a: Great Tusk|Protosynthesis|[silent]\n|\n|upkeep\n|\n|t:|1701107860\n|switch|p2a: Iron Moth|Iron Moth|100\/100\n|-enditem|p2a: Iron Moth|Booster Energy\n|-activate|p2a: Iron Moth|ability: Quark Drive|[fromitem]\n|-start|p2a: Iron Moth|quarkdrivespe\n|turn|15\n|\n|t:|1701107879\n|move|p2a: Iron Moth|Fiery Dance|p1a: Reptile\n|-damage|p1a: Reptile|0 fnt\n|faint|p1a: Reptile\n|\n|upkeep\n|\n|t:|1701107896\n|switch|p1a: Tremor|Torterra, M|100\/100\n|-damage|p1a: Tremor|94\/100|[from] Stealth Rock\n|turn|16\n|\n|t:|1701107908\n|-end|p2a: Iron Moth|Quark Drive|[silent]\n|switch|p2a: Ogerpon|Ogerpon-Wellspring, F|100\/100\n|-terastallize|p1a: Tremor|Ground\n|move|p1a: Tremor|Headlong Rush|p2a: Ogerpon\n|-resisted|p2a: Ogerpon\n|-damage|p2a: Ogerpon|27\/100\n|-unboost|p1a: Tremor|def|1\n|-unboost|p1a: Tremor|spd|1\n|\n|upkeep\n|turn|17\n|\n|t:|1701107921\n|switch|p1a: Nightwolf|Zamazenta|100\/100\n|-damage|p1a: Nightwolf|94\/100|[from] Stealth Rock\n|-ability|p1a: Nightwolf|Dauntless Shield|boost\n|-boost|p1a: Nightwolf|def|1\n|move|p2a: Ogerpon|Horn Leech|p1a: Nightwolf\n|-damage|p1a: Nightwolf|73\/100\n|-heal|p2a: Ogerpon|39\/100|[from] drain|[of] p1a: Nightwolf\n|\n|-heal|p1a: Nightwolf|79\/100|[from] item: Leftovers\n|upkeep\n|turn|18\n|\n|t:|1701107944\n|switch|p2a: Dragapult|Dragapult, F|88\/100\n|move|p1a: Nightwolf|Iron Defense|p1a: Nightwolf\n|-boost|p1a: Nightwolf|def|2\n|\n|-heal|p1a: Nightwolf|85\/100|[from] item: Leftovers\n|upkeep\n|turn|19\n|\n|t:|1701107956\n|switch|p1a: Rain|Greninja, M|100\/100\n|-damage|p1a: Rain|88\/100|[from] Stealth Rock\n|move|p2a: Dragapult|Draco Meteor|p1a: Rain\n|-damage|p1a: Rain|0 fnt\n|-unboost|p2a: Dragapult|spa|2\n|faint|p1a: Rain\n|\n|upkeep\n|inactive|BeefBoss4-2 has 120 seconds left.\n|\n|t:|1701107988\n|switch|p1a: Baraka|Kleavor, M|100\/100\n|-damage|p1a: Baraka|76\/100|[from] Stealth Rock\n|turn|20\n|\n|t:|1701107992\n|move|p2a: Dragapult|Draco Meteor|p1a: Baraka\n|-damage|p1a: Baraka|12\/100\n|-unboost|p2a: Dragapult|spa|2\n|move|p1a: Baraka|Trailblaze|p2a: Dragapult\n|-resisted|p2a: Dragapult\n|-damage|p2a: Dragapult|75\/100\n|-boost|p1a: Baraka|spe|1\n|\n|upkeep\n|turn|21\n|\n|t:|1701108002\n|move|p2a: Dragapult|Draco Meteor|p1a: Baraka\n|-damage|p1a: Baraka|0 fnt\n|-unboost|p2a: Dragapult|spa|2\n|faint|p1a: Baraka\n|\n|upkeep\n|\n|t:|1701108008\n|switch|p1a: Tremor|Torterra, M, tera:Ground|94\/100\n|-damage|p1a: Tremor|88\/100|[from] Stealth Rock\n|turn|22\n|\n|t:|1701108015\n|switch|p2a: Ogerpon|Ogerpon-Wellspring, F|39\/100\n|move|p1a: Tremor|Earthquake|p2a: Ogerpon\n|-resisted|p2a: Ogerpon\n|-damage|p2a: Ogerpon|0 fnt\n|faint|p2a: Ogerpon\n|\n|upkeep\n|\n|t:|1701108026\n|switch|p2a: Iron Moth|Iron Moth|100\/100\n|turn|23\n|\n|t:|1701108041\n|move|p2a: Iron Moth|Psychic|p1a: Tremor\n|-damage|p1a: Tremor|56\/100\n|move|p1a: Tremor|Earthquake|p2a: Iron Moth\n|-supereffective|p2a: Iron Moth\n|-damage|p2a: Iron Moth|0 fnt\n|faint|p2a: Iron Moth\n|-end|p2a: Iron Moth|Quark Drive|[silent]\n|\n|upkeep\n|\n|t:|1701108060\n|switch|p2a: TWINKATON|Tinkaton, F|50\/100\n|turn|24\n|\n|t:|1701108075\n|move|p2a: TWINKATON|Play Rough|p1a: Tremor\n|-damage|p1a: Tremor|35\/100\n|move|p1a: Tremor|Earthquake|p2a: TWINKATON\n|-supereffective|p2a: TWINKATON\n|-crit|p2a: TWINKATON\n|-damage|p2a: TWINKATON|0 fnt\n|faint|p2a: TWINKATON\n|\n|upkeep\n|\n|t:|1701108081\n|switch|p2a: Dragapult|Dragapult, F|75\/100\n|turn|25\n|\n|t:|1701108089\n|move|p2a: Dragapult|Draco Meteor|p1a: Tremor\n|-damage|p1a: Tremor|0 fnt\n|-unboost|p2a: Dragapult|spa|2\n|faint|p1a: Tremor\n|\n|upkeep\n|\n|t:|1701108092\n|switch|p1a: Nightwolf|Zamazenta|85\/100\n|-damage|p1a: Nightwolf|79\/100|[from] Stealth Rock\n|turn|26\n|\n|t:|1701108097\n|move|p2a: Dragapult|Draco Meteor|p1a: Nightwolf\n|-damage|p1a: Nightwolf|40\/100\n|-unboost|p2a: Dragapult|spa|2\n|move|p1a: Nightwolf|Play Rough|p2a: Dragapult\n|-supereffective|p2a: Dragapult\n|-damage|p2a: Dragapult|0 fnt\n|faint|p2a: Dragapult\n|\n|win|BeefBoss4-2\n|raw|BeefBoss4-2's rating: 1159 &rarr; <strong>1184<\/strong><br \/>(+25 for winning)\n|raw|psid's rating: 1159 &rarr; <strong>1134<\/strong><br \/>(-25 for losing)\n|c|\u2606psid|gg\n|l|\u2606psid\n","uploadtime":1701108200,"views":6,"p1id":"beefboss42","p2id":"psid","formatid":"gen9ou","rating":1134,"private":0,"password":""}