{"id":"gen9ou-1992668865","p1":"vailorn","p2":"Umbrella_Day","format":"[Gen 9] OU","log":"|j|\u2606vailorn\n|j|\u2606Umbrella_Day\n|t:|1700222964\n|gametype|singles\n|player|p1|vailorn|rood|1315\n|player|p2|Umbrella_Day|lady-gen4|1274\n|teamsize|p1|6\n|teamsize|p2|6\n|gen|9\n|tier|[Gen 9] OU\n|rated|\n|rule|Sleep Clause Mod: Limit one foe put to sleep\n|rule|Species Clause: Limit one of each Pok\u00e9mon\n|rule|OHKO Clause: OHKO moves are banned\n|rule|Evasion Items Clause: Evasion items are banned\n|rule|Evasion Moves Clause: Evasion moves are banned\n|rule|Endless Battle Clause: Forcing endless battles is banned\n|rule|HP Percentage Mod: HP is shown in percentages\n|clearpoke\n|poke|p1|Blissey, F|\n|poke|p1|Amoonguss, F|\n|poke|p1|Dondozo, F|\n|poke|p1|Talonflame, M|\n|poke|p1|Clodsire, F|\n|poke|p1|Alomomola, M|\n|poke|p2|Scream Tail|\n|poke|p2|Weavile, M|\n|poke|p2|Cinderace, M|\n|poke|p2|Great Tusk|\n|poke|p2|Walking Wake|\n|poke|p2|Rillaboom, M|\n|teampreview\n|\n|t:|1700222982\n|start\n|switch|p1a: Amoonguss|Amoonguss, F|100\/100\n|switch|p2a: Rillaboom|Rillaboom, M|100\/100\n|-fieldstart|move: Grassy Terrain|[from] ability: Grassy Surge|[of] p2a: Rillaboom\n|turn|1\n|\n|t:|1700222990\n|move|p2a: Rillaboom|Knock Off|p1a: Amoonguss\n|-damage|p1a: Amoonguss|77\/100\n|-enditem|p1a: Amoonguss|Heavy-Duty Boots|[from] move: Knock Off|[of] p2a: Rillaboom\n|move|p1a: Amoonguss|Toxic|p2a: Rillaboom\n|-status|p2a: Rillaboom|tox\n|\n|-heal|p1a: Amoonguss|83\/100|[from] Grassy Terrain\n|-damage|p2a: Rillaboom|94\/100 tox|[from] psn\n|upkeep\n|turn|2\n|\n|t:|1700222999\n|switch|p2a: Weavile|Weavile, M|100\/100\n|-ability|p2a: Weavile|Pressure\n|move|p1a: Amoonguss|Toxic|p2a: Weavile\n|-status|p2a: Weavile|tox\n|\n|-heal|p1a: Amoonguss|89\/100|[from] Grassy Terrain\n|-damage|p2a: Weavile|94\/100 tox|[from] psn\n|upkeep\n|turn|3\n|\n|t:|1700223005\n|switch|p1a: Alomomola|Alomomola, M|100\/100\n|move|p2a: Weavile|Icicle Spear|p1a: Alomomola\n|-resisted|p1a: Alomomola\n|-damage|p1a: Alomomola|97\/100\n|-resisted|p1a: Alomomola\n|-damage|p1a: Alomomola|93\/100\n|-resisted|p1a: Alomomola\n|-damage|p1a: Alomomola|89\/100\n|-resisted|p1a: Alomomola\n|-damage|p1a: Alomomola|86\/100\n|-resisted|p1a: Alomomola\n|-damage|p1a: Alomomola|82\/100\n|-hitcount|p1a: Alomomola|5\n|\n|-heal|p2a: Weavile|100\/100 tox|[from] Grassy Terrain\n|-heal|p1a: Alomomola|89\/100|[from] Grassy Terrain\n|-damage|p2a: Weavile|88\/100 tox|[from] psn\n|upkeep\n|turn|4\n|\n|t:|1700223013\n|move|p2a: Weavile|Knock Off|p1a: Alomomola\n|-damage|p1a: Alomomola|59\/100\n|-enditem|p1a: Alomomola|Heavy-Duty Boots|[from] move: Knock Off|[of] p2a: Weavile\n|move|p1a: Alomomola|Wish|p1a: Alomomola\n|\n|-heal|p2a: Weavile|94\/100 tox|[from] Grassy Terrain\n|-heal|p1a: Alomomola|65\/100|[from] Grassy Terrain\n|-damage|p2a: Weavile|76\/100 tox|[from] psn\n|upkeep\n|turn|5\n|\n|t:|1700223020\n|switch|p2a: Walking Wake|Walking Wake|100\/100\n|move|p1a: Alomomola|Scald|p2a: Walking Wake\n|-resisted|p2a: Walking Wake\n|-damage|p2a: Walking Wake|97\/100\n|\n|-heal|p1a: Alomomola|100\/100|[from] move: Wish|[wisher] Alomomola\n|-heal|p2a: Walking Wake|100\/100|[from] Grassy Terrain\n|-fieldend|move: Grassy Terrain\n|upkeep\n|turn|6\n|\n|t:|1700223027\n|switch|p1a: Blissey|Blissey, F|100\/100\n|move|p2a: Walking Wake|Flip Turn|p1a: Blissey\n|-damage|p1a: Blissey|84\/100\n|\n|t:|1700223034\n|-end|p2a: Walking Wake|Protosynthesis|[silent]\n|switch|p2a: Cinderace|Cinderace, M|100\/100|[from] Flip Turn\n|\n|upkeep\n|turn|7\n|\n|t:|1700223038\n|switch|p1a: Alomomola|Alomomola, M|100\/100\n|move|p2a: Cinderace|U-turn|p1a: Alomomola\n|-damage|p1a: Alomomola|90\/100\n|\n|t:|1700223043\n|switch|p2a: Walking Wake|Walking Wake|100\/100|[from] U-turn\n|\n|upkeep\n|turn|8\n|\n|t:|1700223046\n|move|p1a: Alomomola|Protect|p1a: Alomomola\n|-singleturn|p1a: Alomomola|Protect\n|move|p2a: Walking Wake|Draco Meteor|p1a: Alomomola\n|-activate|p1a: Alomomola|move: Protect\n|\n|upkeep\n|turn|9\n|\n|t:|1700223049\n|switch|p1a: Blissey|Blissey, F|84\/100\n|move|p2a: Walking Wake|Draco Meteor|p1a: Blissey\n|-damage|p1a: Blissey|57\/100\n|-unboost|p2a: Walking Wake|spa|2\n|\n|upkeep\n|turn|10\n|\n|t:|1700223060\n|-end|p2a: Walking Wake|Protosynthesis|[silent]\n|switch|p2a: Great Tusk|Great Tusk|100\/100\n|move|p1a: Blissey|Soft-Boiled|p1a: Blissey\n|-heal|p1a: Blissey|100\/100\n|\n|upkeep\n|turn|11\n|\n|t:|1700223064\n|switch|p1a: Talonflame|Talonflame, M, shiny|100\/100\n|move|p2a: Great Tusk|Knock Off|p1a: Talonflame\n|-damage|p1a: Talonflame|69\/100\n|-enditem|p1a: Talonflame|Heavy-Duty Boots|[from] move: Knock Off|[of] p2a: Great Tusk\n|\n|upkeep\n|turn|12\n|\n|t:|1700223074\n|-end|p2a: Great Tusk|Protosynthesis|[silent]\n|switch|p2a: Cinderace|Cinderace, M|100\/100\n|move|p1a: Talonflame|Will-O-Wisp|p2a: Cinderace\n|-immune|p2a: Cinderace\n|\n|upkeep\n|turn|13\n|\n|t:|1700223076\n|move|p2a: Cinderace|Pyro Ball|p1a: Talonflame\n|-resisted|p1a: Talonflame\n|-damage|p1a: Talonflame|48\/100\n|move|p1a: Talonflame|Roost|p1a: Talonflame\n|-heal|p1a: Talonflame|98\/100\n|-singleturn|p1a: Talonflame|move: Roost\n|\n|upkeep\n|turn|14\n|\n|t:|1700223085\n|move|p2a: Cinderace|U-turn|p1a: Talonflame\n|-resisted|p1a: Talonflame\n|-damage|p1a: Talonflame|94\/100\n|\n|t:|1700223087\n|switch|p2a: Walking Wake|Walking Wake|100\/100|[from] U-turn\n|move|p1a: Talonflame|U-turn|p2a: Walking Wake\n|-damage|p2a: Walking Wake|87\/100\n|\n|t:|1700223093\n|switch|p1a: Alomomola|Alomomola, M|100\/100|[from] U-turn\n|\n|upkeep\n|turn|15\n|\n|t:|1700223101\n|-end|p2a: Walking Wake|Protosynthesis|[silent]\n|switch|p2a: Rillaboom|Rillaboom, M|94\/100 tox\n|-fieldstart|move: Grassy Terrain|[from] ability: Grassy Surge|[of] p2a: Rillaboom\n|move|p1a: Alomomola|Protect||[still]\n|-fail|p1a: Alomomola\n|\n|-heal|p2a: Rillaboom|100\/100 tox|[from] Grassy Terrain\n|-damage|p2a: Rillaboom|94\/100 tox|[from] psn\n|upkeep\n|turn|16\n|inactive|Battle timer is ON: inactive players will automatically lose when time's up. (requested by Umbrella_Day)\n|\n|t:|1700223116\n|switch|p1a: Amoonguss|Amoonguss, F|100\/100\n|move|p2a: Rillaboom|Grassy Glide|p1a: Amoonguss\n|-resisted|p1a: Amoonguss\n|-damage|p1a: Amoonguss|93\/100\n|\n|-heal|p2a: Rillaboom|100\/100 tox|[from] Grassy Terrain\n|-heal|p1a: Amoonguss|99\/100|[from] Grassy Terrain\n|-damage|p2a: Rillaboom|88\/100 tox|[from] psn\n|upkeep\n|turn|17\n|\n|t:|1700223127\n|move|p2a: Rillaboom|U-turn|p1a: Amoonguss\n|-damage|p1a: Amoonguss|82\/100\n|\n|t:|1700223138\n|switch|p2a: Weavile|Weavile, M|76\/100 tox|[from] U-turn\n|-ability|p2a: Weavile|Pressure\n|move|p1a: Amoonguss|Foul Play|p2a: Weavile\n|-resisted|p2a: Weavile\n|-damage|p2a: Weavile|50\/100 tox\n|\n|-heal|p2a: Weavile|56\/100 tox|[from] Grassy Terrain\n|-heal|p1a: Amoonguss|88\/100|[from] Grassy Terrain\n|-damage|p2a: Weavile|50\/100 tox|[from] psn\n|upkeep\n|turn|18\n|\n|t:|1700223145\n|switch|p2a: Scream Tail|Scream Tail|100\/100\n|switch|p1a: Alomomola|Alomomola, M|100\/100\n|\n|upkeep\n|turn|19\n|\n|t:|1700223152\n|move|p2a: Scream Tail|Wish|p2a: Scream Tail\n|move|p1a: Alomomola|Flip Turn|p2a: Scream Tail\n|-damage|p2a: Scream Tail|87\/100\n|\n|t:|1700223159\n|switch|p1a: Blissey|Blissey, F|100\/100|[from] Flip Turn\n|\n|-heal|p2a: Scream Tail|94\/100|[from] Grassy Terrain\n|-heal|p2a: Scream Tail|99\/100|[from] item: Leftovers\n|-fieldend|move: Grassy Terrain\n|upkeep\n|turn|20\n|\n|t:|1700223165\n|move|p2a: Scream Tail|Psychic|p1a: Blissey\n|-damage|p1a: Blissey|94\/100\n|move|p1a: Blissey|Stealth Rock|p2a: Scream Tail\n|-sidestart|p2: Umbrella_Day|move: Stealth Rock\n|\n|-heal|p2a: Scream Tail|100\/100|[from] move: Wish|[wisher] Scream Tail\n|upkeep\n|turn|21\n|\n|t:|1700223168\n|move|p2a: Scream Tail|Encore|p1a: Blissey\n|-start|p1a: Blissey|Encore\n|move|p1a: Blissey|Stealth Rock||[still]\n|-fail|p1a: Blissey\n|\n|upkeep\n|turn|22\n|\n|t:|1700223174\n|switch|p1a: Alomomola|Alomomola, M|100\/100\n|move|p2a: Scream Tail|Wish|p2a: Scream Tail\n|\n|upkeep\n|turn|23\n|\n|t:|1700223181\n|-end|p2a: Scream Tail|Protosynthesis|[silent]\n|switch|p2a: Rillaboom|Rillaboom, M|88\/100 tox\n|-damage|p2a: Rillaboom|76\/100 tox|[from] Stealth Rock\n|-fieldstart|move: Grassy Terrain|[from] ability: Grassy Surge|[of] p2a: Rillaboom\n|move|p1a: Alomomola|Scald|p2a: Rillaboom\n|-resisted|p2a: Rillaboom\n|-damage|p2a: Rillaboom|68\/100 tox\n|\n|-heal|p2a: Rillaboom|100\/100 tox|[from] move: Wish|[wisher] Scream Tail\n|-damage|p2a: Rillaboom|94\/100 tox|[from] psn\n|upkeep\n|turn|24\n|\n|t:|1700223185\n|switch|p1a: Amoonguss|Amoonguss, F|100\/100\n|move|p2a: Rillaboom|U-turn|p1a: Amoonguss\n|-damage|p1a: Amoonguss|82\/100\n|\n|t:|1700223199\n|switch|p2a: Cinderace|Cinderace, M|100\/100|[from] U-turn\n|\n|-heal|p1a: Amoonguss|88\/100|[from] Grassy Terrain\n|upkeep\n|turn|25\n|inactiveoff|Battle timer is now OFF.\n|\n|t:|1700223217\n|-terastallize|p1a: Amoonguss|Dragon\n|move|p2a: Cinderace|Court Change|p2a: Cinderace\n|-swapsideconditions\n|-activate|p2a: Cinderace|move: Court Change\n|move|p1a: Amoonguss|Toxic|p2a: Cinderace\n|-status|p2a: Cinderace|tox\n|\n|-heal|p1a: Amoonguss|94\/100|[from] Grassy Terrain\n|-damage|p2a: Cinderace|94\/100 tox|[from] psn\n|upkeep\n|turn|26\n|\n|t:|1700223223\n|switch|p1a: Talonflame|Talonflame, M, shiny|94\/100\n|-damage|p1a: Talonflame|44\/100|[from] Stealth Rock\n|move|p2a: Cinderace|U-turn|p1a: Talonflame\n|-resisted|p1a: Talonflame\n|-damage|p1a: Talonflame|39\/100\n|\n|t:|1700223229\n|switch|p2a: Weavile|Weavile, M|50\/100 tox|[from] U-turn\n|-ability|p2a: Weavile|Pressure\n|\n|-heal|p2a: Weavile|56\/100 tox|[from] Grassy Terrain\n|-damage|p2a: Weavile|50\/100 tox|[from] psn\n|upkeep\n|turn|27\n|\n|t:|1700223237\n|move|p2a: Weavile|Icicle Spear|p1a: Talonflame\n|-damage|p1a: Talonflame|28\/100\n|-damage|p1a: Talonflame|17\/100\n|-damage|p1a: Talonflame|6\/100\n|-damage|p1a: Talonflame|0 fnt\n|faint|p1a: Talonflame\n|-hitcount|p1: Talonflame|4\n|\n|-heal|p2a: Weavile|56\/100 tox|[from] Grassy Terrain\n|-damage|p2a: Weavile|44\/100 tox|[from] psn\n|-fieldend|move: Grassy Terrain\n|upkeep\n|\n|t:|1700223239\n|switch|p1a: Alomomola|Alomomola, M|100\/100\n|-damage|p1a: Alomomola|88\/100|[from] Stealth Rock\n|turn|28\n|\n|t:|1700223243\n|switch|p2a: Scream Tail|Scream Tail|100\/100\n|move|p1a: Alomomola|Flip Turn|p2a: Scream Tail\n|-damage|p2a: Scream Tail|87\/100\n|\n|t:|1700223249\n|switch|p1a: Amoonguss|Amoonguss, F, tera:Dragon|100\/100|[from] Flip Turn\n|-damage|p1a: Amoonguss|88\/100|[from] Stealth Rock\n|\n|-heal|p2a: Scream Tail|93\/100|[from] item: Leftovers\n|upkeep\n|turn|29\n|\n|t:|1700223264\n|-end|p2a: Scream Tail|Protosynthesis|[silent]\n|switch|p2a: Weavile|Weavile, M|44\/100 tox\n|-ability|p2a: Weavile|Pressure\n|move|p1a: Amoonguss|Toxic|p2a: Weavile\n|-fail|p2a: Weavile|tox\n|\n|-damage|p2a: Weavile|38\/100 tox|[from] psn\n|upkeep\n|turn|30\n|\n|t:|1700223286\n|switch|p1a: Alomomola|Alomomola, M|100\/100\n|-damage|p1a: Alomomola|88\/100|[from] Stealth Rock\n|move|p2a: Weavile|Icicle Spear|p1a: Alomomola\n|-resisted|p1a: Alomomola\n|-damage|p1a: Alomomola|84\/100\n|-resisted|p1a: Alomomola\n|-damage|p1a: Alomomola|80\/100\n|-resisted|p1a: Alomomola\n|-damage|p1a: Alomomola|77\/100\n|-resisted|p1a: Alomomola\n|-damage|p1a: Alomomola|73\/100\n|-resisted|p1a: Alomomola\n|-damage|p1a: Alomomola|70\/100\n|-hitcount|p1a: Alomomola|5\n|\n|-damage|p2a: Weavile|25\/100 tox|[from] psn\n|upkeep\n|turn|31\n|\n|t:|1700223290\n|switch|p2a: Scream Tail|Scream Tail|93\/100\n|move|p1a: Alomomola|Flip Turn|p2a: Scream Tail\n|-damage|p2a: Scream Tail|80\/100\n|\n|t:|1700223293\n|switch|p1a: Amoonguss|Amoonguss, F, tera:Dragon|100\/100|[from] Flip Turn\n|-damage|p1a: Amoonguss|88\/100|[from] Stealth Rock\n|\n|-heal|p2a: Scream Tail|86\/100|[from] item: Leftovers\n|upkeep\n|turn|32\n|\n|t:|1700223301\n|-end|p2a: Scream Tail|Protosynthesis|[silent]\n|switch|p2a: Rillaboom|Rillaboom, M|94\/100 tox\n|-fieldstart|move: Grassy Terrain|[from] ability: Grassy Surge|[of] p2a: Rillaboom\n|move|p1a: Amoonguss|Toxic|p2a: Rillaboom\n|-fail|p2a: Rillaboom|tox\n|\n|-heal|p2a: Rillaboom|100\/100 tox|[from] Grassy Terrain\n|-heal|p1a: Amoonguss|94\/100|[from] Grassy Terrain\n|-damage|p2a: Rillaboom|94\/100 tox|[from] psn\n|upkeep\n|turn|33\n|\n|t:|1700223306\n|move|p2a: Rillaboom|Drain Punch|p1a: Amoonguss\n|-damage|p1a: Amoonguss|75\/100\n|-heal|p2a: Rillaboom|100\/100 tox|[from] drain|[of] p1a: Amoonguss\n|move|p1a: Amoonguss|Foul Play|p2a: Rillaboom\n|-damage|p2a: Rillaboom|70\/100 tox\n|\n|-heal|p2a: Rillaboom|76\/100 tox|[from] Grassy Terrain\n|-heal|p2a: Rillaboom|83\/100 tox|[from] item: Leftovers\n|-heal|p1a: Amoonguss|81\/100|[from] Grassy Terrain\n|-damage|p2a: Rillaboom|70\/100 tox|[from] psn\n|upkeep\n|turn|34\n|\n|t:|1700223312\n|move|p2a: Rillaboom|Drain Punch|p1a: Amoonguss\n|-damage|p1a: Amoonguss|63\/100\n|-heal|p2a: Rillaboom|80\/100 tox|[from] drain|[of] p1a: Amoonguss\n|move|p1a: Amoonguss|Foul Play|p2a: Rillaboom\n|-damage|p2a: Rillaboom|46\/100 tox\n|\n|-heal|p2a: Rillaboom|52\/100 tox|[from] Grassy Terrain\n|-heal|p2a: Rillaboom|58\/100 tox|[from] item: Leftovers\n|-heal|p1a: Amoonguss|69\/100|[from] Grassy Terrain\n|-damage|p2a: Rillaboom|39\/100 tox|[from] psn\n|upkeep\n|turn|35\n|\n|t:|1700223317\n|move|p2a: Rillaboom|U-turn|p1a: Amoonguss\n|-damage|p1a: Amoonguss|52\/100\n|\n|t:|1700223321\n|switch|p2a: Walking Wake|Walking Wake|87\/100|[from] U-turn\n|move|p1a: Amoonguss|Synthesis|p1a: Amoonguss\n|-heal|p1a: Amoonguss|100\/100\n|\n|-heal|p2a: Walking Wake|93\/100|[from] Grassy Terrain\n|upkeep\n|turn|36\n|\n|t:|1700223327\n|switch|p1a: Blissey|Blissey, F|94\/100\n|move|p2a: Walking Wake|Draco Meteor|p1a: Blissey\n|-damage|p1a: Blissey|65\/100\n|-unboost|p2a: Walking Wake|spa|2\n|\n|-heal|p2a: Walking Wake|99\/100|[from] Grassy Terrain\n|-heal|p1a: Blissey|71\/100|[from] Grassy Terrain\n|-fieldend|move: Grassy Terrain\n|upkeep\n|turn|37\n|\n|t:|1700223333\n|-end|p2a: Walking Wake|Protosynthesis|[silent]\n|switch|p2a: Scream Tail|Scream Tail|86\/100\n|move|p1a: Blissey|Stealth Rock|p2a: Scream Tail\n|-sidestart|p2: Umbrella_Day|move: Stealth Rock\n|\n|-heal|p2a: Scream Tail|92\/100|[from] item: Leftovers\n|upkeep\n|turn|38\n|\n|t:|1700223352\n|move|p2a: Scream Tail|Wish|p2a: Scream Tail\n|move|p1a: Blissey|Soft-Boiled|p1a: Blissey\n|-heal|p1a: Blissey|100\/100\n|\n|-heal|p2a: Scream Tail|98\/100|[from] item: Leftovers\n|upkeep\n|turn|39\n|\n|t:|1700223358\n|-end|p2a: Scream Tail|Protosynthesis|[silent]\n|switch|p2a: Rillaboom|Rillaboom, M|39\/100 tox\n|-damage|p2a: Rillaboom|27\/100 tox|[from] Stealth Rock\n|-fieldstart|move: Grassy Terrain|[from] ability: Grassy Surge|[of] p2a: Rillaboom\n|move|p1a: Blissey|Seismic Toss|p2a: Rillaboom\n|-damage|p2a: Rillaboom|2\/100 tox\n|\n|-heal|p2a: Rillaboom|56\/100 tox|[from] move: Wish|[wisher] Scream Tail\n|-heal|p2a: Rillaboom|62\/100 tox|[from] Grassy Terrain\n|-heal|p2a: Rillaboom|68\/100 tox|[from] item: Leftovers\n|-damage|p2a: Rillaboom|62\/100 tox|[from] psn\n|upkeep\n|turn|40\n|\n|t:|1700223362\n|switch|p1a: Amoonguss|Amoonguss, F, tera:Dragon|100\/100\n|-damage|p1a: Amoonguss|88\/100|[from] Stealth Rock\n|move|p2a: Rillaboom|Knock Off|p1a: Amoonguss\n|-damage|p1a: Amoonguss|70\/100\n|\n|-heal|p2a: Rillaboom|68\/100 tox|[from] Grassy Terrain\n|-heal|p2a: Rillaboom|75\/100 tox|[from] item: Leftovers\n|-heal|p1a: Amoonguss|77\/100|[from] Grassy Terrain\n|-damage|p2a: Rillaboom|62\/100 tox|[from] psn\n|upkeep\n|turn|41\n|\n|t:|1700223368\n|move|p2a: Rillaboom|U-turn|p1a: Amoonguss\n|-damage|p1a: Amoonguss|58\/100\n|\n|t:|1700223371\n|switch|p2a: Cinderace|Cinderace, M|94\/100 tox|[from] U-turn\n|move|p1a: Amoonguss|Foul Play|p2a: Cinderace\n|-crit|p2a: Cinderace\n|-damage|p2a: Cinderace|50\/100 tox\n|\n|-heal|p2a: Cinderace|56\/100 tox|[from] Grassy Terrain\n|-heal|p1a: Amoonguss|64\/100|[from] Grassy Terrain\n|-damage|p2a: Cinderace|50\/100 tox|[from] psn\n|upkeep\n|turn|42\n|\n|t:|1700223384\n|move|p2a: Cinderace|U-turn|p1a: Amoonguss\n|-damage|p1a: Amoonguss|51\/100\n|\n|t:|1700223391\n|switch|p2a: Weavile|Weavile, M|25\/100 tox|[from] U-turn\n|-damage|p2a: Weavile|0 fnt|[from] Stealth Rock\n|faint|p2a: Weavile\n|move|p1a: Amoonguss|Synthesis|p1a: Amoonguss\n|-heal|p1a: Amoonguss|100\/100\n|\n|upkeep\n|\n|t:|1700223395\n|switch|p2a: Walking Wake|Walking Wake|99\/100\n|-damage|p2a: Walking Wake|87\/100|[from] Stealth Rock\n|turn|43\n|\n|t:|1700223406\n|switch|p1a: Blissey|Blissey, F|100\/100\n|move|p2a: Walking Wake|Flip Turn|p1a: Blissey\n|-damage|p1a: Blissey|84\/100\n|\n|t:|1700223413\n|-end|p2a: Walking Wake|Protosynthesis|[silent]\n|switch|p2a: Great Tusk|Great Tusk|100\/100|[from] Flip Turn\n|-damage|p2a: Great Tusk|98\/100|[from] Stealth Rock\n|\n|-heal|p2a: Great Tusk|100\/100|[from] Grassy Terrain\n|-heal|p1a: Blissey|91\/100|[from] Grassy Terrain\n|-fieldend|move: Grassy Terrain\n|upkeep\n|turn|44\n|\n|t:|1700223419\n|switch|p1a: Alomomola|Alomomola, M|100\/100\n|-damage|p1a: Alomomola|88\/100|[from] Stealth Rock\n|move|p2a: Great Tusk|Rapid Spin|p1a: Alomomola\n|-damage|p1a: Alomomola|77\/100\n|-boost|p2a: Great Tusk|spe|1\n|-sideend|p2: Umbrella_Day|Stealth Rock|[from] move: Rapid Spin|[of] p2a: Great Tusk\n|\n|upkeep\n|turn|45\n|\n|t:|1700223428\n|-terastallize|p2a: Great Tusk|Fighting\n|move|p2a: Great Tusk|Close Combat|p1a: Alomomola\n|-damage|p1a: Alomomola|29\/100\n|-unboost|p2a: Great Tusk|def|1\n|-unboost|p2a: Great Tusk|spd|1\n|move|p1a: Alomomola|Scald|p2a: Great Tusk\n|-damage|p2a: Great Tusk|75\/100\n|\n|-heal|p2a: Great Tusk|81\/100|[from] item: Leftovers\n|upkeep\n|turn|46\n|\n|t:|1700223459\n|move|p2a: Great Tusk|Close Combat|p1a: Alomomola\n|-damage|p1a: Alomomola|0 fnt\n|-unboost|p2a: Great Tusk|def|1\n|-unboost|p2a: Great Tusk|spd|1\n|faint|p1a: Alomomola\n|\n|-heal|p2a: Great Tusk|87\/100|[from] item: Leftovers\n|upkeep\n|\n|t:|1700223464\n|switch|p1a: Dondozo|Dondozo, F, shiny|100\/100\n|turn|47\n|\n|t:|1700223477\n|-end|p2a: Great Tusk|Protosynthesis|[silent]\n|switch|p2a: Scream Tail|Scream Tail|98\/100\n|move|p1a: Dondozo|Waterfall|p2a: Scream Tail\n|-damage|p2a: Scream Tail|74\/100\n|\n|-heal|p2a: Scream Tail|81\/100|[from] item: Leftovers\n|upkeep\n|turn|48\n|\n|t:|1700223485\n|switch|p1a: Amoonguss|Amoonguss, F, tera:Dragon|100\/100\n|-damage|p1a: Amoonguss|88\/100|[from] Stealth Rock\n|move|p2a: Scream Tail|Wish|p2a: Scream Tail\n|\n|-heal|p2a: Scream Tail|87\/100|[from] item: Leftovers\n|upkeep\n|turn|49\n|\n|t:|1700223490\n|move|p2a: Scream Tail|Psychic|p1a: Amoonguss\n|-damage|p1a: Amoonguss|66\/100\n|-unboost|p1a: Amoonguss|spd|1\n|move|p1a: Amoonguss|Foul Play|p2a: Scream Tail\n|-damage|p2a: Scream Tail|78\/100\n|\n|-heal|p2a: Scream Tail|100\/100|[from] move: Wish|[wisher] Scream Tail\n|upkeep\n|turn|50\n|\n|t:|1700223495\n|move|p2a: Scream Tail|Encore|p1a: Amoonguss\n|-start|p1a: Amoonguss|Encore\n|move|p1a: Amoonguss|Foul Play|p2a: Scream Tail\n|-damage|p2a: Scream Tail|91\/100\n|\n|-heal|p2a: Scream Tail|97\/100|[from] item: Leftovers\n|upkeep\n|turn|51\n|\n|t:|1700223505\n|switch|p1a: Clodsire|Clodsire, F|100\/100\n|move|p2a: Scream Tail|Wish|p2a: Scream Tail\n|\n|-heal|p2a: Scream Tail|100\/100|[from] item: Leftovers\n|upkeep\n|turn|52\n|\n|t:|1700223514\n|-end|p2a: Scream Tail|Protosynthesis|[silent]\n|switch|p2a: Cinderace|Cinderace, M|50\/100 tox\n|move|p1a: Clodsire|Earthquake|p2a: Cinderace\n|-supereffective|p2a: Cinderace\n|-damage|p2a: Cinderace|0 fnt\n|faint|p2a: Cinderace\n|\n|upkeep\n|\n|t:|1700223523\n|switch|p2a: Great Tusk|Great Tusk, tera:Fighting|87\/100\n|turn|53\n|\n|t:|1700223528\n|move|p2a: Great Tusk|Knock Off|p1a: Clodsire\n|-damage|p1a: Clodsire|63\/100\n|-enditem|p1a: Clodsire|Heavy-Duty Boots|[from] move: Knock Off|[of] p2a: Great Tusk\n|move|p1a: Clodsire|Toxic|p2a: Great Tusk\n|-status|p2a: Great Tusk|tox\n|\n|-heal|p2a: Great Tusk|93\/100 tox|[from] item: Leftovers\n|-damage|p2a: Great Tusk|87\/100 tox|[from] psn\n|upkeep\n|turn|54\n|\n|t:|1700223535\n|switch|p1a: Dondozo|Dondozo, F, shiny|100\/100\n|move|p2a: Great Tusk|Headlong Rush|p1a: Dondozo\n|-damage|p1a: Dondozo|74\/100\n|-unboost|p2a: Great Tusk|def|1\n|-unboost|p2a: Great Tusk|spd|1\n|\n|-heal|p2a: Great Tusk|93\/100 tox|[from] item: Leftovers\n|-damage|p2a: Great Tusk|81\/100 tox|[from] psn\n|upkeep\n|turn|55\n|\n|t:|1700223547\n|-end|p2a: Great Tusk|Protosynthesis|[silent]\n|switch|p2a: Scream Tail|Scream Tail|100\/100\n|move|p1a: Dondozo|Body Press|p2a: Scream Tail\n|-resisted|p2a: Scream Tail\n|-damage|p2a: Scream Tail|95\/100\n|\n|-heal|p2a: Scream Tail|100\/100|[from] item: Leftovers\n|upkeep\n|turn|56\n|\n|t:|1700223553\n|switch|p1a: Blissey|Blissey, F|91\/100\n|move|p2a: Scream Tail|Psychic|p1a: Blissey\n|-damage|p1a: Blissey|84\/100\n|-unboost|p1a: Blissey|spd|1\n|\n|upkeep\n|turn|57\n|\n|t:|1700223560\n|move|p2a: Scream Tail|Wish|p2a: Scream Tail\n|move|p1a: Blissey|Stealth Rock|p2a: Scream Tail\n|-sidestart|p2: Umbrella_Day|move: Stealth Rock\n|\n|upkeep\n|turn|58\n|\n|t:|1700223566\n|-end|p2a: Scream Tail|Protosynthesis|[silent]\n|switch|p2a: Rillaboom|Rillaboom, M|62\/100 tox\n|-damage|p2a: Rillaboom|50\/100 tox|[from] Stealth Rock\n|-fieldstart|move: Grassy Terrain|[from] ability: Grassy Surge|[of] p2a: Rillaboom\n|move|p1a: Blissey|Seismic Toss|p2a: Rillaboom\n|-damage|p2a: Rillaboom|25\/100 tox\n|\n|-heal|p2a: Rillaboom|79\/100 tox|[from] move: Wish|[wisher] Scream Tail\n|-heal|p2a: Rillaboom|85\/100 tox|[from] Grassy Terrain\n|-heal|p2a: Rillaboom|91\/100 tox|[from] item: Leftovers\n|-heal|p1a: Blissey|90\/100|[from] Grassy Terrain\n|-damage|p2a: Rillaboom|85\/100 tox|[from] psn\n|upkeep\n|turn|59\n|\n|t:|1700223572\n|switch|p1a: Amoonguss|Amoonguss, F, tera:Dragon|99\/100\n|-damage|p1a: Amoonguss|87\/100|[from] Stealth Rock\n|move|p2a: Rillaboom|U-turn|p1a: Amoonguss\n|-damage|p1a: Amoonguss|69\/100\n|\n|t:|1700223581\n|switch|p2a: Scream Tail|Scream Tail|100\/100|[from] U-turn\n|-damage|p2a: Scream Tail|88\/100|[from] Stealth Rock\n|\n|-heal|p2a: Scream Tail|94\/100|[from] Grassy Terrain\n|-heal|p2a: Scream Tail|100\/100|[from] item: Leftovers\n|-heal|p1a: Amoonguss|75\/100|[from] Grassy Terrain\n|upkeep\n|turn|60\n|\n|t:|1700223584\n|move|p2a: Scream Tail|Psychic|p1a: Amoonguss\n|-damage|p1a: Amoonguss|55\/100\n|move|p1a: Amoonguss|Toxic|p2a: Scream Tail\n|-status|p2a: Scream Tail|tox\n|\n|-heal|p1a: Amoonguss|62\/100|[from] Grassy Terrain\n|-damage|p2a: Scream Tail|94\/100 tox|[from] psn\n|upkeep\n|turn|61\n|\n|t:|1700223588\n|move|p2a: Scream Tail|Psychic|p1a: Amoonguss\n|-damage|p1a: Amoonguss|41\/100\n|move|p1a: Amoonguss|Synthesis|p1a: Amoonguss\n|-heal|p1a: Amoonguss|91\/100\n|\n|-heal|p2a: Scream Tail|100\/100 tox|[from] Grassy Terrain\n|-heal|p1a: Amoonguss|98\/100|[from] Grassy Terrain\n|-damage|p2a: Scream Tail|88\/100 tox|[from] psn\n|upkeep\n|turn|62\n|\n|t:|1700223592\n|move|p2a: Scream Tail|Encore|p1a: Amoonguss\n|-start|p1a: Amoonguss|Encore\n|move|p1a: Amoonguss|Synthesis|p1a: Amoonguss\n|-heal|p1a: Amoonguss|100\/100\n|\n|-heal|p2a: Scream Tail|94\/100 tox|[from] Grassy Terrain\n|-heal|p2a: Scream Tail|100\/100 tox|[from] item: Leftovers\n|-damage|p2a: Scream Tail|82\/100 tox|[from] psn\n|-fieldend|move: Grassy Terrain\n|upkeep\n|turn|63\n|\n|t:|1700223597\n|-end|p2a: Scream Tail|Protosynthesis|[silent]\n|switch|p2a: Walking Wake|Walking Wake|87\/100\n|-damage|p2a: Walking Wake|75\/100|[from] Stealth Rock\n|switch|p1a: Blissey|Blissey, F|90\/100\n|\n|upkeep\n|turn|64\n|\n|t:|1700223600\n|move|p2a: Walking Wake|Flip Turn|p1a: Blissey\n|-damage|p1a: Blissey|74\/100\n|\n|t:|1700223603\n|-end|p2a: Walking Wake|Protosynthesis|[silent]\n|switch|p2a: Great Tusk|Great Tusk, tera:Fighting|81\/100 tox|[from] Flip Turn\n|-damage|p2a: Great Tusk|75\/100 tox|[from] Stealth Rock\n|move|p1a: Blissey|Seismic Toss|p2a: Great Tusk\n|-damage|p2a: Great Tusk|48\/100 tox\n|\n|-heal|p2a: Great Tusk|54\/100 tox|[from] item: Leftovers\n|-damage|p2a: Great Tusk|48\/100 tox|[from] psn\n|upkeep\n|turn|65\n|\n|t:|1700223612\n|switch|p1a: Dondozo|Dondozo, F, shiny|74\/100\n|move|p2a: Great Tusk|Close Combat|p1a: Dondozo\n|-damage|p1a: Dondozo|36\/100\n|-unboost|p2a: Great Tusk|def|1\n|-unboost|p2a: Great Tusk|spd|1\n|\n|-heal|p2a: Great Tusk|54\/100 tox|[from] item: Leftovers\n|-damage|p2a: Great Tusk|41\/100 tox|[from] psn\n|upkeep\n|turn|66\n|\n|t:|1700223625\n|-end|p2a: Great Tusk|Protosynthesis|[silent]\n|switch|p2a: Scream Tail|Scream Tail|82\/100 tox\n|-damage|p2a: Scream Tail|69\/100 tox|[from] Stealth Rock\n|move|p1a: Dondozo|Rest|p1a: Dondozo\n|-status|p1a: Dondozo|slp|[from] move: Rest\n|-heal|p1a: Dondozo|100\/100 slp|[silent]\n|\n|-heal|p2a: Scream Tail|76\/100 tox|[from] item: Leftovers\n|-damage|p2a: Scream Tail|69\/100 tox|[from] psn\n|upkeep\n|turn|67\n|\n|t:|1700223628\n|switch|p1a: Blissey|Blissey, F|74\/100\n|move|p2a: Scream Tail|Wish|p2a: Scream Tail\n|\n|-heal|p2a: Scream Tail|76\/100 tox|[from] item: Leftovers\n|-damage|p2a: Scream Tail|63\/100 tox|[from] psn\n|upkeep\n|turn|68\n|inactive|Battle timer is ON: inactive players will automatically lose when time's up. (requested by Umbrella_Day)\n|\n|t:|1700223687\n|move|p2a: Scream Tail|Psychic|p1a: Blissey\n|-damage|p1a: Blissey|67\/100\n|move|p1a: Blissey|Heal Bell|p1a: Blissey\n|-activate|p1a: Blissey|move: Heal Bell\n|-curestatus|p1: Dondozo|slp|[msg]\n|\n|-heal|p2a: Scream Tail|100\/100 tox|[from] move: Wish|[wisher] Scream Tail\n|-damage|p2a: Scream Tail|82\/100 tox|[from] psn\n|upkeep\n|turn|69\n|\n|t:|1700223696\n|move|p2a: Scream Tail|Wish|p2a: Scream Tail\n|move|p1a: Blissey|Soft-Boiled|p1a: Blissey\n|-heal|p1a: Blissey|100\/100\n|\n|-heal|p2a: Scream Tail|88\/100 tox|[from] item: Leftovers\n|-damage|p2a: Scream Tail|63\/100 tox|[from] psn\n|upkeep\n|turn|70\n|\n|t:|1700223702\n|-end|p2a: Scream Tail|Protosynthesis|[silent]\n|switch|p2a: Great Tusk|Great Tusk, tera:Fighting|41\/100 tox\n|-damage|p2a: Great Tusk|35\/100 tox|[from] Stealth Rock\n|move|p1a: Blissey|Seismic Toss|p2a: Great Tusk\n|-damage|p2a: Great Tusk|8\/100 tox\n|\n|-heal|p2a: Great Tusk|67\/100 tox|[from] move: Wish|[wisher] Scream Tail\n|-heal|p2a: Great Tusk|73\/100 tox|[from] item: Leftovers\n|-damage|p2a: Great Tusk|67\/100 tox|[from] psn\n|upkeep\n|turn|71\n|\n|t:|1700223708\n|switch|p1a: Dondozo|Dondozo, F, shiny|100\/100\n|move|p2a: Great Tusk|Rapid Spin|p1a: Dondozo\n|-damage|p1a: Dondozo|93\/100\n|-boost|p2a: Great Tusk|spe|1\n|-sideend|p2: Umbrella_Day|Stealth Rock|[from] move: Rapid Spin|[of] p2a: Great Tusk\n|\n|-heal|p2a: Great Tusk|73\/100 tox|[from] item: Leftovers\n|-damage|p2a: Great Tusk|61\/100 tox|[from] psn\n|upkeep\n|turn|72\n|\n|t:|1700223717\n|-end|p2a: Great Tusk|Protosynthesis|[silent]\n|switch|p2a: Walking Wake|Walking Wake|75\/100\n|move|p1a: Dondozo|Body Press|p2a: Walking Wake\n|-damage|p2a: Walking Wake|46\/100\n|\n|upkeep\n|turn|73\n|\n|t:|1700223722\n|switch|p1a: Blissey|Blissey, F|100\/100\n|move|p2a: Walking Wake|Flip Turn|p1a: Blissey\n|-damage|p1a: Blissey|83\/100\n|\n|t:|1700223724\n|-end|p2a: Walking Wake|Protosynthesis|[silent]\n|switch|p2a: Great Tusk|Great Tusk, tera:Fighting|61\/100 tox|[from] Flip Turn\n|\n|-heal|p2a: Great Tusk|67\/100 tox|[from] item: Leftovers\n|-damage|p2a: Great Tusk|61\/100 tox|[from] psn\n|upkeep\n|turn|74\n|\n|t:|1700223729\n|switch|p1a: Dondozo|Dondozo, F, shiny|93\/100\n|move|p2a: Great Tusk|Close Combat|p1a: Dondozo\n|-damage|p1a: Dondozo|53\/100\n|-unboost|p2a: Great Tusk|def|1\n|-unboost|p2a: Great Tusk|spd|1\n|\n|-heal|p2a: Great Tusk|67\/100 tox|[from] item: Leftovers\n|-damage|p2a: Great Tusk|54\/100 tox|[from] psn\n|upkeep\n|turn|75\n|\n|t:|1700223733\n|-end|p2a: Great Tusk|Protosynthesis|[silent]\n|switch|p2a: Scream Tail|Scream Tail|63\/100 tox\n|move|p1a: Dondozo|Rest|p1a: Dondozo\n|-status|p1a: Dondozo|slp|[from] move: Rest\n|-heal|p1a: Dondozo|100\/100 slp|[silent]\n|\n|-heal|p2a: Scream Tail|69\/100 tox|[from] item: Leftovers\n|-damage|p2a: Scream Tail|63\/100 tox|[from] psn\n|upkeep\n|turn|76\n|\n|t:|1700223737\n|switch|p1a: Blissey|Blissey, F|83\/100\n|move|p2a: Scream Tail|Wish|p2a: Scream Tail\n|\n|-heal|p2a: Scream Tail|69\/100 tox|[from] item: Leftovers\n|-damage|p2a: Scream Tail|57\/100 tox|[from] psn\n|upkeep\n|turn|77\n|\n|t:|1700223742\n|-end|p2a: Scream Tail|Protosynthesis|[silent]\n|switch|p2a: Walking Wake|Walking Wake|46\/100\n|move|p1a: Blissey|Heal Bell|p1a: Blissey\n|-activate|p1a: Blissey|move: Heal Bell\n|-curestatus|p1: Dondozo|slp|[msg]\n|\n|-heal|p2a: Walking Wake|100\/100|[from] move: Wish|[wisher] Scream Tail\n|upkeep\n|turn|78\n|\n|t:|1700223751\n|move|p2a: Walking Wake|Draco Meteor|p1a: Blissey\n|-damage|p1a: Blissey|55\/100\n|-unboost|p2a: Walking Wake|spa|2\n|move|p1a: Blissey|Stealth Rock|p2a: Walking Wake\n|-sidestart|p2: Umbrella_Day|move: Stealth Rock\n|\n|upkeep\n|turn|79\n|\n|t:|1700223758\n|-end|p2a: Walking Wake|Protosynthesis|[silent]\n|switch|p2a: Scream Tail|Scream Tail|57\/100 tox\n|-damage|p2a: Scream Tail|45\/100 tox|[from] Stealth Rock\n|move|p1a: Blissey|Soft-Boiled|p1a: Blissey\n|-heal|p1a: Blissey|100\/100\n|\n|-heal|p2a: Scream Tail|51\/100 tox|[from] item: Leftovers\n|-damage|p2a: Scream Tail|45\/100 tox|[from] psn\n|upkeep\n|turn|80\n|\n|t:|1700223763\n|move|p2a: Scream Tail|Wish|p2a: Scream Tail\n|move|p1a: Blissey|Seismic Toss|p2a: Scream Tail\n|-damage|p2a: Scream Tail|21\/100 tox\n|\n|-heal|p2a: Scream Tail|28\/100 tox|[from] item: Leftovers\n|-damage|p2a: Scream Tail|15\/100 tox|[from] psn\n|upkeep\n|turn|81\n|\n|t:|1700223771\n|move|p2a: Scream Tail|Protect|p2a: Scream Tail\n|-singleturn|p2a: Scream Tail|Protect\n|move|p1a: Blissey|Seismic Toss|p2a: Scream Tail\n|-activate|p2a: Scream Tail|move: Protect\n|\n|-heal|p2a: Scream Tail|65\/100 tox|[from] move: Wish|[wisher] Scream Tail\n|-heal|p2a: Scream Tail|71\/100 tox|[from] item: Leftovers\n|-damage|p2a: Scream Tail|53\/100 tox|[from] psn\n|upkeep\n|turn|82\n|\n|t:|1700223780\n|move|p2a: Scream Tail|Wish|p2a: Scream Tail\n|move|p1a: Blissey|Seismic Toss|p2a: Scream Tail\n|-damage|p2a: Scream Tail|30\/100 tox\n|\n|-heal|p2a: Scream Tail|36\/100 tox|[from] item: Leftovers\n|-damage|p2a: Scream Tail|11\/100 tox|[from] psn\n|upkeep\n|turn|83\n|\n|t:|1700223794\n|-end|p2a: Scream Tail|Protosynthesis|[silent]\n|switch|p2a: Great Tusk|Great Tusk, tera:Fighting|54\/100 tox\n|-damage|p2a: Great Tusk|48\/100 tox|[from] Stealth Rock\n|move|p1a: Blissey|Seismic Toss|p2a: Great Tusk\n|-damage|p2a: Great Tusk|21\/100 tox\n|\n|-heal|p2a: Great Tusk|80\/100 tox|[from] move: Wish|[wisher] Scream Tail\n|-heal|p2a: Great Tusk|86\/100 tox|[from] item: Leftovers\n|-damage|p2a: Great Tusk|80\/100 tox|[from] psn\n|upkeep\n|turn|84\n|\n|t:|1700223804\n|-end|p2a: Great Tusk|Protosynthesis|[silent]\n|switch|p2a: Walking Wake|Walking Wake|100\/100\n|-damage|p2a: Walking Wake|88\/100|[from] Stealth Rock\n|switch|p1a: Dondozo|Dondozo, F, shiny|100\/100\n|\n|upkeep\n|turn|85\n|\n|t:|1700223813\n|switch|p1a: Blissey|Blissey, F|100\/100\n|move|p2a: Walking Wake|Flip Turn|p1a: Blissey\n|-damage|p1a: Blissey|83\/100\n|\n|t:|1700223818\n|-end|p2a: Walking Wake|Protosynthesis|[silent]\n|switch|p2a: Rillaboom|Rillaboom, M|85\/100 tox|[from] Flip Turn\n|-damage|p2a: Rillaboom|73\/100 tox|[from] Stealth Rock\n|-fieldstart|move: Grassy Terrain|[from] ability: Grassy Surge|[of] p2a: Rillaboom\n|\n|-heal|p2a: Rillaboom|79\/100 tox|[from] Grassy Terrain\n|-heal|p2a: Rillaboom|85\/100 tox|[from] item: Leftovers\n|-heal|p1a: Blissey|89\/100|[from] Grassy Terrain\n|-damage|p2a: Rillaboom|79\/100 tox|[from] psn\n|upkeep\n|turn|86\n|\n|t:|1700223823\n|switch|p1a: Amoonguss|Amoonguss, F, tera:Dragon|100\/100\n|-damage|p1a: Amoonguss|88\/100|[from] Stealth Rock\n|move|p2a: Rillaboom|Knock Off|p1a: Amoonguss\n|-damage|p1a: Amoonguss|69\/100\n|\n|-heal|p2a: Rillaboom|85\/100 tox|[from] Grassy Terrain\n|-heal|p2a: Rillaboom|91\/100 tox|[from] item: Leftovers\n|-heal|p1a: Amoonguss|76\/100|[from] Grassy Terrain\n|-damage|p2a: Rillaboom|79\/100 tox|[from] psn\n|upkeep\n|turn|87\n|c|\u2606Umbrella_Day|Eh this is pointless\n|c|\u2606Umbrella_Day|gg\n|-message|Umbrella_Day forfeited.\n|\n|win|vailorn\n|raw|vailorn's rating: 1315 &rarr; <strong>1333<\/strong><br \/>(+18 for winning)\n|raw|Umbrella_Day's rating: 1274 &rarr; <strong>1252<\/strong><br \/>(-22 for losing)\n|l|\u2606Umbrella_Day\n|c|\u2606vailorn|gg\n","uploadtime":1700223847,"views":20,"p1id":"vailorn","p2id":"umbrelladay","formatid":"gen9ou","rating":1252,"private":0,"password":""}