{"id":"gen9ou-1997633170","p1":"Pollokun87","p2":"TY SM MY GUY","format":"[Gen 9] OU","log":"|j|\u2606Pollokun87\n|j|\u2606TY SM MY GUY\n|t:|1700835495\n|gametype|singles\n|player|p1|Pollokun87|doubleteam|1175\n|player|p2|TY SM MY GUY|hoopster|1248\n|teamsize|p1|6\n|teamsize|p2|6\n|gen|9\n|tier|[Gen 9] OU\n|rated|\n|rule|Sleep Clause Mod: Limit one foe put to sleep\n|rule|Species Clause: Limit one of each Pok\u00e9mon\n|rule|OHKO Clause: OHKO moves are banned\n|rule|Evasion Items Clause: Evasion items are banned\n|rule|Evasion Moves Clause: Evasion moves are banned\n|rule|Endless Battle Clause: Forcing endless battles is banned\n|rule|HP Percentage Mod: HP is shown in percentages\n|clearpoke\n|poke|p1|Ogerpon-Wellspring, F|\n|poke|p1|Gholdengo|\n|poke|p1|Kingambit, M|\n|poke|p1|Glimmora, F|\n|poke|p1|Iron Moth|\n|poke|p1|Iron Valiant|\n|poke|p2|Glimmora, F|\n|poke|p2|Great Tusk|\n|poke|p2|Hatterene, F|\n|poke|p2|Greninja-*, M|\n|poke|p2|Brambleghast, M|\n|poke|p2|Zoroark-Hisui, M|\n|teampreview\n|\n|t:|1700835506\n|start\n|switch|p1a: Glimmora|Glimmora, F|100\/100\n|switch|p2a: Glimmora|Glimmora, F, shiny|100\/100\n|turn|1\n|inactive|Battle timer is ON: inactive players will automatically lose when time's up. (requested by Pollokun87)\n|\n|t:|1700835512\n|move|p2a: Glimmora|Trick|p1a: Glimmora\n|-activate|p2a: Glimmora|move: Trick|[of] p1a: Glimmora\n|-item|p1a: Glimmora|Choice Scarf|[from] move: Trick\n|-item|p2a: Glimmora|Focus Sash|[from] move: Trick\n|move|p1a: Glimmora|Stealth Rock|p2a: Glimmora\n|-sidestart|p2: TY SM MY GUY|move: Stealth Rock\n|\n|upkeep\n|turn|2\n|\n|t:|1700835519\n|move|p1a: Glimmora|Stealth Rock||[still]\n|-fail|p1a: Glimmora\n|move|p2a: Glimmora|Bitter Malice|p1a: Glimmora\n|-damage|p1a: Glimmora|48\/100\n|-unboost|p1a: Glimmora|atk|1\n|\n|upkeep\n|turn|3\n|\n|t:|1700835527\n|move|p1a: Glimmora|Stealth Rock||[still]\n|-fail|p1a: Glimmora\n|move|p2a: Glimmora|Bitter Malice|p1a: Glimmora\n|-damage|p1a: Glimmora|0 fnt\n|faint|p1a: Glimmora\n|\n|upkeep\n|\n|t:|1700835545\n|switch|p1a: Gholdengo|Gholdengo|100\/100\n|-item|p1a: Gholdengo|Air Balloon\n|turn|4\n|\n|t:|1700835551\n|move|p2a: Glimmora|Flamethrower|p1a: Gholdengo\n|-supereffective|p1a: Gholdengo\n|-damage|p1a: Gholdengo|33\/100\n|-enditem|p1a: Gholdengo|Air Balloon\n|move|p1a: Gholdengo|Make It Rain|p2a: Glimmora\n|-enditem|p2a: Glimmora|Focus Sash\n|-damage|p2a: Glimmora|1\/100\n|-unboost|p1a: Gholdengo|spa|1\n|replace|p2a: Zoroark|Zoroark-Hisui, M, shiny\n|-end|p2a: Zoroark|Illusion\n|\n|upkeep\n|turn|5\n|\n|t:|1700835566\n|move|p2a: Zoroark|Bitter Malice|p1a: Gholdengo\n|-supereffective|p1a: Gholdengo\n|-damage|p1a: Gholdengo|0 fnt\n|faint|p1a: Gholdengo\n|\n|upkeep\n|\n|t:|1700835576\n|switch|p1a: Iron Moth|Iron Moth|100\/100\n|-enditem|p1a: Iron Moth|Booster Energy\n|-activate|p1a: Iron Moth|ability: Quark Drive|[fromitem]\n|-start|p1a: Iron Moth|quarkdrivespe\n|turn|6\n|\n|t:|1700835583\n|move|p1a: Iron Moth|Fiery Dance|p2a: Zoroark\n|-damage|p2a: Zoroark|0 fnt\n|faint|p2a: Zoroark\n|\n|upkeep\n|\n|t:|1700835590\n|switch|p2a: Glimmora|Glimmora, F, shiny|100\/100\n|-damage|p2a: Glimmora|88\/100|[from] Stealth Rock\n|-item|p2a: Glimmora|Air Balloon\n|turn|7\n|\n|t:|1700835603\n|-end|p1a: Iron Moth|Quark Drive|[silent]\n|switch|p1a: Kingambit|Kingambit, M|100\/100\n|-activate|p1a: Kingambit|ability: Supreme Overlord\n|-start|p1a: Kingambit|fallen2|[silent]\n|move|p2a: Glimmora|Power Gem|p1a: Kingambit\n|-resisted|p1a: Kingambit\n|-damage|p1a: Kingambit|82\/100\n|\n|upkeep\n|turn|8\n|\n|t:|1700835612\n|move|p2a: Glimmora|Earth Power|p1a: Kingambit\n|-supereffective|p1a: Kingambit\n|-damage|p1a: Kingambit|19\/100\n|move|p1a: Kingambit|Iron Head|p2a: Glimmora\n|-supereffective|p2a: Glimmora\n|-damage|p2a: Glimmora|0 fnt\n|-activate|p2a: Glimmora|ability: Toxic Debris\n|-sidestart|p1: Pollokun87|move: Toxic Spikes\n|-enditem|p2a: Glimmora|Air Balloon\n|faint|p2a: Glimmora\n|\n|upkeep\n|\n|t:|1700835620\n|switch|p2a: Greninja|Greninja, M|100\/100\n|-damage|p2a: Greninja|88\/100|[from] Stealth Rock\n|turn|9\n|\n|t:|1700835624\n|move|p2a: Greninja|Water Shuriken|p1a: Kingambit\n|-damage|p1a: Kingambit|9\/100\n|-damage|p1a: Kingambit|0 fnt\n|faint|p1a: Kingambit\n|-end|p1a: Kingambit|fallen2|[silent]\n|-ability|p2a: Greninja|Battle Bond|boost\n|-boost|p2a: Greninja|atk|1\n|-boost|p2a: Greninja|spa|1\n|-boost|p2a: Greninja|spe|1\n|-activate|p2a: Greninja|ability: Battle Bond\n|-hitcount|p1: Kingambit|2\n|-damage|p2a: Greninja|78\/100|[from] item: Life Orb\n|\n|upkeep\n|\n|t:|1700835635\n|switch|p1a: Iron Valiant|Iron Valiant|100\/100\n|-status|p1a: Iron Valiant|psn\n|-enditem|p1a: Iron Valiant|Booster Energy\n|-activate|p1a: Iron Valiant|ability: Quark Drive|[fromitem]\n|-start|p1a: Iron Valiant|quarkdrivespe\n|turn|10\n|\n|t:|1700835643\n|move|p2a: Greninja|Extrasensory|p1a: Iron Valiant\n|-supereffective|p1a: Iron Valiant\n|-damage|p1a: Iron Valiant|0 fnt\n|faint|p1a: Iron Valiant\n|-end|p1a: Iron Valiant|Quark Drive|[silent]\n|-damage|p2a: Greninja|69\/100|[from] item: Life Orb\n|\n|upkeep\n|\n|t:|1700835649\n|switch|p1a: Ogerpon|Ogerpon-Wellspring, F|100\/100\n|-status|p1a: Ogerpon|psn\n|turn|11\n|c|\u2606TY SM MY GUY|Gg\n|\n|t:|1700835660\n|-terastallize|p1a: Ogerpon|Water\n|detailschange|p1a: Ogerpon|Ogerpon-Wellspring-Tera, F, tera:Water\n|-ability|p1a: Ogerpon|Embody Aspect (Wellspring)|boost\n|-boost|p1a: Ogerpon|spd|1\n|move|p2a: Greninja|Dark Pulse|p1a: Ogerpon\n|-damage|p1a: Ogerpon|47\/100 psn\n|-damage|p2a: Greninja|59\/100|[from] item: Life Orb\n|cant|p1a: Ogerpon|flinch\n|\n|-damage|p1a: Ogerpon|35\/100 psn|[from] psn\n|upkeep\n|turn|12\n|c|\u2606TY SM MY GUY|Gg\n|c|\u2606Pollokun87|u r so lucky\n|\n|t:|1700835676\n|move|p2a: Greninja|Dark Pulse|p1a: Ogerpon\n|-damage|p1a: Ogerpon|0 fnt\n|faint|p1a: Ogerpon\n|-damage|p2a: Greninja|49\/100|[from] item: Life Orb\n|\n|upkeep\n|c|\u2606TY SM MY GUY|i guess\n|c|\u2606Pollokun87|gg\n|\n|t:|1700835684\n|switch|p1a: Iron Moth|Iron Moth|100\/100\n|-sideend|p1: Pollokun87|move: Toxic Spikes|[of] p1a: Iron Moth\n|turn|13\n|\n|t:|1700835691\n|move|p2a: Greninja|Extrasensory|p1a: Iron Moth\n|-supereffective|p1a: Iron Moth\n|-damage|p1a: Iron Moth|5\/100\n|-damage|p2a: Greninja|39\/100|[from] item: Life Orb\n|move|p1a: Iron Moth|Sludge Wave|p2a: Greninja\n|-damage|p2a: Greninja|0 fnt\n|faint|p2a: Greninja\n|\n|upkeep\n|\n|t:|1700835694\n|switch|p2a: Brambleghast|Brambleghast, M, shiny|100\/100\n|-damage|p2a: Brambleghast|88\/100|[from] Stealth Rock\n|turn|14\n|\n|t:|1700835701\n|move|p2a: Brambleghast|Shadow Sneak|p1a: Iron Moth\n|-damage|p1a: Iron Moth|0 fnt\n|faint|p1a: Iron Moth\n|-end|p1a: Iron Moth|Quark Drive|[silent]\n|\n|win|TY SM MY GUY\n|raw|Pollokun87's rating: 1175 &rarr; <strong>1155<\/strong><br \/>(-20 for losing)\n|raw|TY SM MY GUY's rating: 1248 &rarr; <strong>1268<\/strong><br \/>(+20 for winning)\n|l|\u2606Pollokun87\n","uploadtime":1700835709,"views":5,"p1id":"pollokun87","p2id":"tysmmyguy","formatid":"gen9ou","rating":1155,"private":0,"password":""}