{"id":"gen9ou-1995049156","p1":"Crovet 7","p2":"Dragon is Uber","format":"[Gen 9] OU","log":"|j|\u2606Crovet 7\n|j|\u2606Dragon is Uber\n|t:|1700517071\n|gametype|singles\n|player|p1|Crovet 7|102|1346\n|player|p2|Dragon is Uber|shadowtriad|1451\n|teamsize|p1|6\n|teamsize|p2|6\n|gen|9\n|tier|[Gen 9] OU\n|rated|\n|rule|Sleep Clause Mod: Limit one foe put to sleep\n|rule|Species Clause: Limit one of each Pok\u00e9mon\n|rule|OHKO Clause: OHKO moves are banned\n|rule|Evasion Items Clause: Evasion items are banned\n|rule|Evasion Moves Clause: Evasion moves are banned\n|rule|Endless Battle Clause: Forcing endless battles is banned\n|rule|HP Percentage Mod: HP is shown in percentages\n|clearpoke\n|poke|p1|Maushold|\n|poke|p1|Samurott-Hisui, M|\n|poke|p1|Kingambit, M|\n|poke|p1|Garganacl, F|\n|poke|p1|Amoonguss, M|\n|poke|p1|Weavile, F|\n|poke|p2|Mimikyu, M|\n|poke|p2|Ninetales-Alola, F|\n|poke|p2|Zapdos|\n|poke|p2|Amoonguss, M|\n|poke|p2|Hatterene, F|\n|poke|p2|Iron Moth|\n|teampreview\n|\n|t:|1700517075\n|start\n|switch|p1a: Maushold|Maushold|100\/100\n|switch|p2a: Zapdos|Zapdos|100\/100\n|turn|1\n|\n|t:|1700517082\n|switch|p1a: Amoonguss|Amoonguss, M, shiny|100\/100\n|move|p2a: Zapdos|Volt Switch|p1a: Amoonguss\n|-resisted|p1a: Amoonguss\n|-damage|p1a: Amoonguss|88\/100\n|-enditem|p1a: Amoonguss|Red Card|[of] p2a: Zapdos\n|drag|p2a: Hatterene|Hatterene, F|100\/100\n|\n|upkeep\n|turn|2\n|\n|t:|1700517092\n|switch|p2a: Amoonguss|Amoonguss, M|100\/100\n|move|p1a: Amoonguss|Sludge Bomb|p2a: Amoonguss\n|-damage|p2a: Amoonguss|77\/100\n|\n|upkeep\n|turn|3\n|\n|t:|1700517100\n|switch|p1a: Maushold|Maushold|100\/100\n|move|p2a: Amoonguss|Sludge Bomb|p1a: Maushold\n|-damage|p1a: Maushold|60\/100\n|-status|p1a: Maushold|psn\n|\n|-damage|p1a: Maushold|48\/100 psn|[from] psn\n|upkeep\n|turn|4\n|\n|t:|1700517108\n|switch|p1a: Kingambit|Kingambit, M|100\/100\n|move|p2a: Amoonguss|Giga Drain|p1a: Kingambit\n|-resisted|p1a: Kingambit\n|-damage|p1a: Kingambit|88\/100\n|-heal|p2a: Amoonguss|82\/100|[from] drain|[of] p1a: Kingambit\n|\n|-heal|p1a: Kingambit|94\/100|[from] item: Leftovers\n|upkeep\n|turn|5\n|\n|t:|1700517112\n|move|p1a: Kingambit|Kowtow Cleave|p2a: Amoonguss\n|-damage|p2a: Amoonguss|40\/100\n|-damage|p1a: Kingambit|77\/100|[from] item: Rocky Helmet|[of] p2a: Amoonguss\n|move|p2a: Amoonguss|Spore|p1a: Kingambit\n|-status|p1a: Kingambit|slp|[from] move: Spore\n|\n|-heal|p1a: Kingambit|83\/100 slp|[from] item: Leftovers\n|upkeep\n|turn|6\n|\n|t:|1700517122\n|-end|p1a: Kingambit|fallenundefined|[silent]\n|switch|p1a: Weavile|Weavile, F|100\/100\n|-ability|p1a: Weavile|Pressure\n|switch|p2a: Zapdos|Zapdos|100\/100\n|\n|upkeep\n|turn|7\n|\n|t:|1700517134\n|move|p1a: Weavile|Ice Spinner|p2a: Zapdos\n|-supereffective|p2a: Zapdos\n|-damage|p2a: Zapdos|24\/100\n|move|p2a: Zapdos|Volt Switch|p1a: Weavile\n|-damage|p1a: Weavile|57\/100\n|\n|t:|1700517136\n|switch|p2a: Iron Moth|Iron Moth|100\/100|[from] Volt Switch\n|-enditem|p2a: Iron Moth|Booster Energy\n|-activate|p2a: Iron Moth|ability: Quark Drive|[fromitem]\n|-start|p2a: Iron Moth|quarkdrivespe\n|\n|upkeep\n|turn|8\n|inactive|Battle timer is ON: inactive players will automatically lose when time's up. (requested by Dragon is Uber)\n|\n|t:|1700517148\n|move|p2a: Iron Moth|Fiery Dance|p1a: Weavile\n|-supereffective|p1a: Weavile\n|-damage|p1a: Weavile|0 fnt\n|-boost|p2a: Iron Moth|spa|1\n|faint|p1a: Weavile\n|\n|upkeep\n|\n|t:|1700517151\n|switch|p1a: Garganacl|Garganacl, F|100\/100\n|turn|9\n|\n|t:|1700517159\n|move|p2a: Iron Moth|Energy Ball|p1a: Garganacl\n|-supereffective|p1a: Garganacl\n|-damage|p1a: Garganacl|38\/100\n|move|p1a: Garganacl|Salt Cure|p2a: Iron Moth\n|-supereffective|p2a: Iron Moth\n|-damage|p2a: Iron Moth|58\/100\n|-start|p2a: Iron Moth|Salt Cure\n|\n|-heal|p1a: Garganacl|44\/100|[from] item: Leftovers\n|-damage|p2a: Iron Moth|46\/100|[from] Salt Cure\n|upkeep\n|turn|10\n|\n|t:|1700517163\n|switch|p1a: Amoonguss|Amoonguss, M, shiny|100\/100\n|move|p2a: Iron Moth|Energy Ball|p1a: Amoonguss\n|-resisted|p1a: Amoonguss\n|-damage|p1a: Amoonguss|89\/100\n|\n|-damage|p2a: Iron Moth|33\/100|[from] Salt Cure\n|upkeep\n|turn|11\n|\n|t:|1700517178\n|move|p2a: Iron Moth|Energy Ball|p1a: Amoonguss\n|-resisted|p1a: Amoonguss\n|-damage|p1a: Amoonguss|79\/100\n|move|p1a: Amoonguss|Spore|p2a: Iron Moth\n|-status|p2a: Iron Moth|slp|[from] move: Spore\n|\n|-damage|p2a: Iron Moth|21\/100 slp|[from] Salt Cure\n|upkeep\n|turn|12\n|\n|t:|1700517186\n|cant|p2a: Iron Moth|slp\n|move|p1a: Amoonguss|Foul Play|p2a: Iron Moth\n|-damage|p2a: Iron Moth|4\/100 slp\n|\n|-damage|p2a: Iron Moth|0 fnt|[from] Salt Cure\n|faint|p2a: Iron Moth\n|-end|p2a: Iron Moth|Quark Drive|[silent]\n|upkeep\n|\n|t:|1700517197\n|switch|p2a: Ninetales|Ninetales-Alola, F|100\/100\n|-weather|Snow|[from] ability: Snow Warning|[of] p2a: Ninetales\n|turn|13\n|\n|t:|1700517203\n|move|p2a: Ninetales|Encore|p1a: Amoonguss\n|-start|p1a: Amoonguss|Encore\n|move|p1a: Amoonguss|Foul Play|p2a: Ninetales\n|-resisted|p2a: Ninetales\n|-damage|p2a: Ninetales|94\/100\n|\n|-weather|Snow|[upkeep]\n|upkeep\n|turn|14\n|\n|t:|1700517210\n|switch|p1a: Maushold|Maushold|48\/100 psn\n|move|p2a: Ninetales|Aurora Veil|p2a: Ninetales\n|-sidestart|p2: Dragon is Uber|move: Aurora Veil\n|\n|-weather|Snow|[upkeep]\n|-damage|p1a: Maushold|35\/100 psn|[from] psn\n|upkeep\n|turn|15\n|\n|t:|1700517216\n|move|p1a: Maushold|Encore|p2a: Ninetales\n|-start|p2a: Ninetales|Encore\n|move|p2a: Ninetales|Aurora Veil||[still]\n|-fail|p2a: Ninetales\n|\n|-weather|Snow|[upkeep]\n|-damage|p1a: Maushold|23\/100 psn|[from] psn\n|upkeep\n|turn|16\n|\n|t:|1700517220\n|switch|p2a: Amoonguss|Amoonguss, M|74\/100\n|move|p1a: Maushold|Tidy Up|p1a: Maushold\n|-boost|p1a: Maushold|atk|1\n|-boost|p1a: Maushold|spe|1\n|\n|-weather|Snow|[upkeep]\n|-damage|p1a: Maushold|10\/100 psn|[from] psn\n|upkeep\n|turn|17\n|\n|t:|1700517232\n|move|p1a: Maushold|Population Bomb|p2a: Amoonguss\n|-damage|p2a: Amoonguss|67\/100\n|-damage|p1a: Maushold|0 fnt|[from] item: Rocky Helmet|[of] p2a: Amoonguss\n|faint|p1a: Maushold\n|-hitcount|p2a: Amoonguss|1\n|move|p2a: Amoonguss|Sludge Bomb|p1: Maushold|[notarget]\n|-fail|p2a: Amoonguss\n|\n|-weather|none\n|upkeep\n|\n|t:|1700517245\n|switch|p1a: Samurott|Samurott-Hisui, M, shiny|100\/100\n|turn|18\n|\n|t:|1700517251\n|move|p1a: Samurott|Ceaseless Edge|p2a: Amoonguss\n|-damage|p2a: Amoonguss|48\/100\n|-damage|p1a: Samurott|84\/100|[from] item: Rocky Helmet|[of] p2a: Amoonguss\n|-sidestart|p2: Dragon is Uber|Spikes\n|move|p2a: Amoonguss|Giga Drain|p1a: Samurott\n|-supereffective|p1a: Samurott\n|-damage|p1a: Samurott|26\/100\n|-heal|p2a: Amoonguss|71\/100|[from] drain|[of] p1a: Samurott\n|\n|upkeep\n|turn|19\n|\n|t:|1700517264\n|move|p1a: Samurott|Ceaseless Edge|p2a: Amoonguss\n|-damage|p2a: Amoonguss|53\/100\n|-damage|p1a: Samurott|9\/100|[from] item: Rocky Helmet|[of] p2a: Amoonguss\n|-sidestart|p2: Dragon is Uber|Spikes\n|move|p2a: Amoonguss|Giga Drain|p1a: Samurott\n|-supereffective|p1a: Samurott\n|-damage|p1a: Samurott|0 fnt\n|-heal|p2a: Amoonguss|56\/100|[from] drain|[of] p1a: Samurott\n|faint|p1a: Samurott\n|\n|upkeep\n|\n|t:|1700517268\n|switch|p1a: Garganacl|Garganacl, F|44\/100\n|turn|20\n|\n|t:|1700517271\n|move|p1a: Garganacl|Recover|p1a: Garganacl\n|-heal|p1a: Garganacl|94\/100\n|move|p2a: Amoonguss|Giga Drain|p1a: Garganacl\n|-supereffective|p1a: Garganacl\n|-damage|p1a: Garganacl|65\/100\n|-heal|p2a: Amoonguss|70\/100|[from] drain|[of] p1a: Garganacl\n|\n|-heal|p1a: Garganacl|71\/100|[from] item: Leftovers\n|upkeep\n|turn|21\n|\n|t:|1700517275\n|move|p1a: Garganacl|Salt Cure|p2a: Amoonguss\n|-damage|p2a: Amoonguss|64\/100\n|-start|p2a: Amoonguss|Salt Cure\n|move|p2a: Amoonguss|Giga Drain|p1a: Garganacl\n|-supereffective|p1a: Garganacl\n|-damage|p1a: Garganacl|44\/100\n|-heal|p2a: Amoonguss|77\/100|[from] drain|[of] p1a: Garganacl\n|\n|-heal|p1a: Garganacl|50\/100|[from] item: Leftovers\n|-damage|p2a: Amoonguss|64\/100|[from] Salt Cure\n|-sideend|p2: Dragon is Uber|move: Aurora Veil\n|upkeep\n|turn|22\n|\n|t:|1700517282\n|move|p1a: Garganacl|Recover|p1a: Garganacl\n|-heal|p1a: Garganacl|99\/100\n|move|p2a: Amoonguss|Giga Drain|p1a: Garganacl\n|-supereffective|p1a: Garganacl\n|-damage|p1a: Garganacl|71\/100\n|-heal|p2a: Amoonguss|78\/100|[from] drain|[of] p1a: Garganacl\n|\n|-heal|p1a: Garganacl|77\/100|[from] item: Leftovers\n|-damage|p2a: Amoonguss|66\/100|[from] Salt Cure\n|upkeep\n|turn|23\n|\n|t:|1700517286\n|switch|p1a: Amoonguss|Amoonguss, M, shiny|100\/100\n|move|p2a: Amoonguss|Giga Drain|p1a: Amoonguss\n|-resisted|p1a: Amoonguss\n|-damage|p1a: Amoonguss|95\/100\n|-heal|p2a: Amoonguss|69\/100|[from] drain|[of] p1a: Amoonguss\n|\n|-damage|p2a: Amoonguss|56\/100|[from] Salt Cure\n|upkeep\n|turn|24\n|\n|t:|1700517292\n|switch|p2a: Zapdos|Zapdos|24\/100\n|move|p1a: Amoonguss|Sludge Bomb|p2a: Zapdos\n|-damage|p2a: Zapdos|0 fnt\n|faint|p2a: Zapdos\n|\n|upkeep\n|\n|t:|1700517304\n|switch|p2a: Hatterene|Hatterene, F|100\/100\n|-damage|p2a: Hatterene|84\/100|[from] Spikes\n|turn|25\n|\n|t:|1700517308\n|-terastallize|p2a: Hatterene|Water\n|move|p2a: Hatterene|Calm Mind|p2a: Hatterene\n|-boost|p2a: Hatterene|spa|1\n|-boost|p2a: Hatterene|spd|1\n|move|p1a: Amoonguss|Sludge Bomb|p2a: Hatterene\n|-damage|p2a: Hatterene|65\/100\n|-status|p2a: Hatterene|psn\n|\n|-heal|p2a: Hatterene|71\/100 psn|[from] item: Leftovers\n|-damage|p2a: Hatterene|59\/100 psn|[from] psn\n|upkeep\n|turn|26\n|\n|t:|1700517321\n|switch|p1a: Garganacl|Garganacl, F|77\/100\n|move|p2a: Hatterene|Draining Kiss|p1a: Garganacl\n|-damage|p1a: Garganacl|56\/100\n|-heal|p2a: Hatterene|78\/100 psn|[from] drain|[of] p1a: Garganacl\n|\n|-heal|p2a: Hatterene|84\/100 psn|[from] item: Leftovers\n|-heal|p1a: Garganacl|63\/100|[from] item: Leftovers\n|-damage|p2a: Hatterene|72\/100 psn|[from] psn\n|upkeep\n|turn|27\n|\n|t:|1700517325\n|move|p1a: Garganacl|Salt Cure|p2a: Hatterene\n|-damage|p2a: Hatterene|60\/100 psn\n|-start|p2a: Hatterene|Salt Cure\n|move|p2a: Hatterene|Psyshock|p1a: Garganacl\n|-damage|p1a: Garganacl|26\/100\n|\n|-heal|p1a: Garganacl|32\/100|[from] item: Leftovers\n|-heal|p2a: Hatterene|66\/100 psn|[from] item: Leftovers\n|-damage|p2a: Hatterene|53\/100 psn|[from] psn\n|-damage|p2a: Hatterene|28\/100 psn|[from] Salt Cure\n|upkeep\n|turn|28\n|\n|t:|1700517332\n|move|p2a: Hatterene|Psyshock|p1a: Garganacl\n|-damage|p1a: Garganacl|0 fnt\n|faint|p1a: Garganacl\n|\n|-heal|p2a: Hatterene|34\/100 psn|[from] item: Leftovers\n|-damage|p2a: Hatterene|22\/100 psn|[from] psn\n|-damage|p2a: Hatterene|0 fnt|[from] Salt Cure\n|faint|p2a: Hatterene\n|upkeep\n|\n|t:|1700517338\n|switch|p2a: Ninetales|Ninetales-Alola, F|94\/100\n|switch|p1a: Kingambit|Kingambit, M|83\/100 slp\n|-damage|p2a: Ninetales|78\/100|[from] Spikes\n|-weather|Snow|[from] ability: Snow Warning|[of] p2a: Ninetales\n|-activate|p1a: Kingambit|ability: Supreme Overlord\n|-start|p1a: Kingambit|fallen4|[silent]\n|turn|29\n|\n|t:|1700517351\n|move|p2a: Ninetales|Aurora Veil|p2a: Ninetales\n|-sidestart|p2: Dragon is Uber|move: Aurora Veil\n|cant|p1a: Kingambit|slp\n|\n|-weather|Snow|[upkeep]\n|-heal|p1a: Kingambit|89\/100 slp|[from] item: Leftovers\n|upkeep\n|turn|30\n|\n|t:|1700517358\n|-end|p1a: Kingambit|fallen4|[silent]\n|switch|p1a: Amoonguss|Amoonguss, M, shiny|100\/100\n|move|p2a: Ninetales|Moonblast|p1a: Amoonguss\n|-resisted|p1a: Amoonguss\n|-damage|p1a: Amoonguss|87\/100\n|\n|-weather|Snow|[upkeep]\n|upkeep\n|turn|31\n|\n|t:|1700517361\n|move|p2a: Ninetales|Freeze-Dry|p1a: Amoonguss\n|-supereffective|p1a: Amoonguss\n|-damage|p1a: Amoonguss|48\/100\n|-status|p1a: Amoonguss|frz\n|cant|p1a: Amoonguss|frz\n|\n|-weather|Snow|[upkeep]\n|upkeep\n|turn|32\n|\n|t:|1700517367\n|move|p2a: Ninetales|Moonblast|p1a: Amoonguss\n|-resisted|p1a: Amoonguss\n|-damage|p1a: Amoonguss|36\/100 frz\n|-unboost|p1a: Amoonguss|spa|1\n|cant|p1a: Amoonguss|frz\n|\n|-weather|Snow|[upkeep]\n|upkeep\n|turn|33\n|\n|t:|1700517373\n|move|p2a: Ninetales|Freeze-Dry|p1a: Amoonguss\n|-supereffective|p1a: Amoonguss\n|-damage|p1a: Amoonguss|1\/100 frz\n|cant|p1a: Amoonguss|frz\n|\n|-weather|none\n|upkeep\n|turn|34\n|\n|t:|1700517376\n|move|p2a: Ninetales|Freeze-Dry|p1a: Amoonguss\n|-supereffective|p1a: Amoonguss\n|-damage|p1a: Amoonguss|0 fnt\n|faint|p1a: Amoonguss\n|\n|upkeep\n|\n|t:|1700517380\n|switch|p1a: Kingambit|Kingambit, M|89\/100 slp\n|-activate|p1a: Kingambit|ability: Supreme Overlord\n|-start|p1a: Kingambit|fallen5|[silent]\n|turn|35\n|\n|t:|1700517387\n|move|p2a: Ninetales|Moonblast|p1a: Kingambit\n|-damage|p1a: Kingambit|56\/100 slp\n|cant|p1a: Kingambit|slp\n|\n|-heal|p1a: Kingambit|62\/100 slp|[from] item: Leftovers\n|upkeep\n|turn|36\n|\n|t:|1700517391\n|move|p2a: Ninetales|Moonblast|p1a: Kingambit\n|-damage|p1a: Kingambit|33\/100 slp\n|cant|p1a: Kingambit|slp\n|\n|-heal|p1a: Kingambit|39\/100 slp|[from] item: Leftovers\n|-sideend|p2: Dragon is Uber|move: Aurora Veil\n|upkeep\n|turn|37\n|\n|t:|1700517400\n|switch|p2a: Amoonguss|Amoonguss, M|89\/100\n|-damage|p2a: Amoonguss|73\/100|[from] Spikes\n|-curestatus|p1a: Kingambit|slp|[msg]\n|move|p1a: Kingambit|Kowtow Cleave|p2a: Amoonguss\n|-damage|p2a: Amoonguss|13\/100\n|-damage|p1a: Kingambit|22\/100|[from] item: Rocky Helmet|[of] p2a: Amoonguss\n|\n|-heal|p1a: Kingambit|29\/100|[from] item: Leftovers\n|upkeep\n|turn|38\n|\n|t:|1700517407\n|move|p1a: Kingambit|Kowtow Cleave|p2a: Amoonguss\n|-damage|p2a: Amoonguss|0 fnt\n|-damage|p1a: Kingambit|12\/100|[from] item: Rocky Helmet|[of] p2a: Amoonguss\n|faint|p2a: Amoonguss\n|\n|-heal|p1a: Kingambit|18\/100|[from] item: Leftovers\n|upkeep\n|\n|t:|1700517411\n|switch|p2a: Ninetales|Ninetales-Alola, F|78\/100\n|-damage|p2a: Ninetales|61\/100|[from] Spikes\n|-weather|Snow|[from] ability: Snow Warning|[of] p2a: Ninetales\n|turn|39\n|\n|t:|1700517419\n|move|p1a: Kingambit|Sucker Punch||[still]\n|-fail|p1a: Kingambit\n|move|p2a: Ninetales|Encore|p1a: Kingambit\n|-start|p1a: Kingambit|Encore\n|\n|-weather|Snow|[upkeep]\n|-heal|p1a: Kingambit|24\/100|[from] item: Leftovers\n|upkeep\n|turn|40\n|\n|t:|1700517423\n|move|p1a: Kingambit|Sucker Punch|p2a: Ninetales\n|-resisted|p2a: Ninetales\n|-crit|p2a: Ninetales\n|-damage|p2a: Ninetales|25\/100\n|move|p2a: Ninetales|Moonblast|p1a: Kingambit\n|-damage|p1a: Kingambit|0 fnt\n|faint|p1a: Kingambit\n|-end|p1a: Kingambit|fallen5|[silent]\n|\n|win|Dragon is Uber\n|raw|Crovet 7's rating: 1346 &rarr; <strong>1332<\/strong><br \/>(-14 for losing)\n|raw|Dragon is Uber's rating: 1451 &rarr; <strong>1465<\/strong><br \/>(+14 for winning)\n|l|\u2606Crovet 7\n|l|\u2606Dragon is Uber\n|j|\u2606Dragon is Uber\n|player|p2|Dragon is Uber|shadowtriad\n","uploadtime":1700517504,"views":5,"p1id":"crovet7","p2id":"dragonisuber","formatid":"gen9ou","rating":1332,"private":0,"password":""}