{"id":"gen9ou-1988596610","p1":"JustATree777","p2":"shyguyry","format":"[Gen 9] OU","log":"|j|\u2606JustATree777\n|j|\u2606shyguyry\n|t:|1699740159\n|gametype|singles\n|player|p1|JustATree777|2|\n|player|p2|shyguyry|1|\n|teamsize|p1|6\n|teamsize|p2|6\n|gen|9\n|tier|[Gen 9] OU\n|rule|Sleep Clause Mod: Limit one foe put to sleep\n|rule|Species Clause: Limit one of each Pok\u00e9mon\n|rule|OHKO Clause: OHKO moves are banned\n|rule|Evasion Items Clause: Evasion items are banned\n|rule|Evasion Moves Clause: Evasion moves are banned\n|rule|Endless Battle Clause: Forcing endless battles is banned\n|rule|HP Percentage Mod: HP is shown in percentages\n|clearpoke\n|poke|p1|Walking Wake|\n|poke|p1|Rillaboom, M|\n|poke|p1|Dondozo, F|\n|poke|p1|Thundurus, M|\n|poke|p1|Cresselia, F|\n|poke|p1|Heatran, F|\n|poke|p2|Great Tusk|\n|poke|p2|Muk-Alola, F|\n|poke|p2|Enamorus, F|\n|poke|p2|Sandy Shocks|\n|poke|p2|Lilligant-Hisui, F|\n|poke|p2|Vaporeon, F|\n|teampreview\n|j| Ventus230\n|j| clam10000\n|j| xhakurai\n|\n|t:|1699740200\n|start\n|switch|p1a: Cresselia|Cresselia, F|100\/100\n|switch|p2a: Muk|Muk-Alola, F|100\/100\n|turn|1\n|\n|t:|1699740214\n|move|p1a: Cresselia|Calm Mind|p1a: Cresselia\n|-boost|p1a: Cresselia|spa|1\n|-boost|p1a: Cresselia|spd|1\n|move|p2a: Muk|Knock Off|p1a: Cresselia\n|-supereffective|p1a: Cresselia\n|-damage|p1a: Cresselia|54\/100\n|-enditem|p1a: Cresselia|Leftovers|[from] move: Knock Off|[of] p2a: Muk\n|\n|upkeep\n|turn|2\n|\n|t:|1699740228\n|move|p1a: Cresselia|Calm Mind|p1a: Cresselia\n|-boost|p1a: Cresselia|spa|1\n|-boost|p1a: Cresselia|spd|1\n|move|p2a: Muk|Poison Jab|p1a: Cresselia\n|-damage|p1a: Cresselia|32\/100\n|\n|upkeep\n|turn|3\n|\n|t:|1699740234\n|move|p1a: Cresselia|Moonlight|p1a: Cresselia\n|-heal|p1a: Cresselia|82\/100\n|move|p2a: Muk|Poison Jab|p1a: Cresselia\n|-damage|p1a: Cresselia|63\/100\n|-status|p1a: Cresselia|psn\n|\n|-damage|p1a: Cresselia|50\/100 psn|[from] psn\n|upkeep\n|turn|4\n|\n|t:|1699740244\n|move|p1a: Cresselia|Moonblast|p2a: Muk\n|-damage|p2a: Muk|70\/100\n|-unboost|p2a: Muk|spa|1\n|move|p2a: Muk|Knock Off|p1a: Cresselia\n|-supereffective|p1a: Cresselia\n|-damage|p1a: Cresselia|18\/100 psn\n|\n|-heal|p2a: Muk|76\/100|[from] item: Black Sludge\n|-damage|p1a: Cresselia|5\/100 psn|[from] psn\n|upkeep\n|turn|5\n|\n|t:|1699740268\n|move|p1a: Cresselia|Moonblast|p2a: Muk\n|-damage|p2a: Muk|45\/100\n|move|p2a: Muk|Knock Off|p1a: Cresselia\n|-supereffective|p1a: Cresselia\n|-damage|p1a: Cresselia|0 fnt\n|faint|p1a: Cresselia\n|\n|-heal|p2a: Muk|51\/100|[from] item: Black Sludge\n|upkeep\n|\n|t:|1699740286\n|switch|p1a: Heatran|Heatran, F|100\/100\n|turn|6\n|\n|t:|1699740308\n|move|p1a: Heatran|Stealth Rock|p2a: Muk\n|-sidestart|p2: shyguyry|move: Stealth Rock\n|move|p2a: Muk|Drain Punch|p1a: Heatran\n|-supereffective|p1a: Heatran\n|-damage|p1a: Heatran|71\/100\n|-heal|p2a: Muk|65\/100|[from] drain|[of] p1a: Heatran\n|\n|-heal|p1a: Heatran|77\/100|[from] item: Leftovers\n|-heal|p2a: Muk|71\/100|[from] item: Black Sludge\n|upkeep\n|turn|7\n|\n|t:|1699740324\n|move|p1a: Heatran|Lava Plume|p2a: Muk\n|-damage|p2a: Muk|45\/100\n|-status|p2a: Muk|brn\n|move|p2a: Muk|Knock Off|p1a: Heatran\n|-damage|p1a: Heatran|63\/100\n|-enditem|p1a: Heatran|Leftovers|[from] move: Knock Off|[of] p2a: Muk\n|\n|-heal|p2a: Muk|51\/100 brn|[from] item: Black Sludge\n|-damage|p2a: Muk|45\/100 brn|[from] brn\n|upkeep\n|turn|8\n|\n|t:|1699740350\n|move|p1a: Heatran|Earth Power|p2a: Muk\n|-supereffective|p2a: Muk\n|-damage|p2a: Muk|0 fnt\n|faint|p2a: Muk\n|\n|upkeep\n|\n|t:|1699740385\n|switch|p2a: Great Tusk|Great Tusk|100\/100\n|-damage|p2a: Great Tusk|98\/100|[from] Stealth Rock\n|turn|9\n|\n|t:|1699740396\n|-terastallize|p1a: Heatran|Ghost\n|move|p2a: Great Tusk|Rapid Spin|p1a: Heatran\n|-immune|p1a: Heatran\n|move|p1a: Heatran|Lava Plume|p2a: Great Tusk\n|-damage|p2a: Great Tusk|38\/100\n|\n|-heal|p2a: Great Tusk|44\/100|[from] item: Leftovers\n|upkeep\n|turn|10\n|\n|t:|1699740432\n|move|p2a: Great Tusk|Earthquake|p1a: Heatran\n|-damage|p1a: Heatran|28\/100\n|move|p1a: Heatran|Lava Plume|p2a: Great Tusk\n|-damage|p2a: Great Tusk|0 fnt\n|faint|p2a: Great Tusk\n|-end|p2a: Great Tusk|Protosynthesis|[silent]\n|\n|upkeep\n|\n|t:|1699740444\n|switch|p2a: Enamorus|Enamorus, F|100\/100\n|-damage|p2a: Enamorus|76\/100|[from] Stealth Rock\n|turn|11\n|\n|t:|1699740476\n|switch|p1a: Dondozo|Dondozo, F|100\/100\n|move|p2a: Enamorus|Moonblast|p1a: Dondozo\n|-damage|p1a: Dondozo|45\/100\n|-unboost|p1a: Dondozo|spa|1\n|\n|-heal|p1a: Dondozo|51\/100|[from] item: Leftovers\n|upkeep\n|turn|12\n|\n|t:|1699740486\n|move|p2a: Enamorus|Moonblast|p1a: Dondozo\n|-damage|p1a: Dondozo|0 fnt\n|faint|p1a: Dondozo\n|\n|upkeep\n|\n|t:|1699740511\n|switch|p1a: Rillaboom|Rillaboom, M|100\/100\n|-fieldstart|move: Grassy Terrain|[from] ability: Grassy Surge|[of] p1a: Rillaboom\n|-enditem|p1a: Rillaboom|Grassy Seed\n|-boost|p1a: Rillaboom|def|1|[from] item: Grassy Seed\n|turn|13\n|\n|t:|1699740522\n|-terastallize|p2a: Enamorus|Fairy\n|move|p2a: Enamorus|Moonblast|p1a: Rillaboom\n|-damage|p1a: Rillaboom|0 fnt\n|faint|p1a: Rillaboom\n|\n|-heal|p2a: Enamorus|82\/100|[from] Grassy Terrain\n|upkeep\n|\n|t:|1699740530\n|switch|p1a: Thundurus|Thundurus, M|100\/100\n|turn|14\n|\n|t:|1699740536\n|move|p1a: Thundurus|Thunderbolt|p2a: Enamorus\n|-damage|p2a: Enamorus|21\/100\n|move|p2a: Enamorus|Moonblast|p1a: Thundurus\n|-damage|p1a: Thundurus|0 fnt\n|faint|p1a: Thundurus\n|\n|-heal|p2a: Enamorus|27\/100|[from] Grassy Terrain\n|upkeep\n|\n|t:|1699740548\n|switch|p1a: Heatran|Heatran, F, tera:Ghost|28\/100\n|turn|15\n|\n|t:|1699740551\n|move|p2a: Enamorus|Moonblast|p1a: Heatran\n|-damage|p1a: Heatran|0 fnt\n|faint|p1a: Heatran\n|\n|-heal|p2a: Enamorus|34\/100|[from] Grassy Terrain\n|upkeep\n|\n|t:|1699740556\n|switch|p1a: Walking Wake|Walking Wake|100\/100\n|turn|16\n|\n|t:|1699740560\n|move|p1a: Walking Wake|Flamethrower|p2a: Enamorus\n|-damage|p2a: Enamorus|0 fnt\n|faint|p2a: Enamorus\n|\n|upkeep\n|\n|t:|1699740588\n|switch|p2a: Lilligant|Lilligant-Hisui, F|100\/100\n|-damage|p2a: Lilligant|94\/100|[from] Stealth Rock\n|turn|17\n|\n|t:|1699740617\n|move|p1a: Walking Wake|Flamethrower|p2a: Lilligant\n|-supereffective|p2a: Lilligant\n|-damage|p2a: Lilligant|0 fnt\n|faint|p2a: Lilligant\n|\n|-fieldend|move: Grassy Terrain\n|upkeep\n|\n|t:|1699740627\n|switch|p2a: Pink Porussy|Vaporeon, F, shiny|100\/100\n|-damage|p2a: Pink Porussy|88\/100|[from] Stealth Rock\n|turn|18\n|\n|t:|1699740642\n|move|p1a: Walking Wake|Sunny Day|p1a: Walking Wake\n|-weather|SunnyDay\n|-activate|p1a: Walking Wake|ability: Protosynthesis\n|-start|p1a: Walking Wake|protosynthesisspe\n|move|p2a: Pink Porussy|Scald|p1a: Walking Wake\n|-resisted|p1a: Walking Wake\n|-damage|p1a: Walking Wake|97\/100\n|\n|-weather|SunnyDay|[upkeep]\n|-heal|p1a: Walking Wake|100\/100|[from] item: Leftovers\n|-heal|p2a: Pink Porussy|94\/100|[from] item: Leftovers\n|upkeep\n|turn|19\n|\n|t:|1699740653\n|move|p1a: Walking Wake|Flamethrower|p2a: Pink Porussy\n|-resisted|p2a: Pink Porussy\n|-damage|p2a: Pink Porussy|76\/100\n|move|p2a: Pink Porussy|Scald|p1a: Walking Wake\n|-resisted|p1a: Walking Wake\n|-damage|p1a: Walking Wake|96\/100\n|\n|-weather|SunnyDay|[upkeep]\n|-heal|p1a: Walking Wake|100\/100|[from] item: Leftovers\n|-heal|p2a: Pink Porussy|83\/100|[from] item: Leftovers\n|upkeep\n|turn|20\n|\n|t:|1699740668\n|move|p1a: Walking Wake|Weather Ball|p2a: Pink Porussy\n|-resisted|p2a: Pink Porussy\n|-damage|p2a: Pink Porussy|65\/100\n|move|p2a: Pink Porussy|Scald|p1a: Walking Wake\n|-resisted|p1a: Walking Wake\n|-damage|p1a: Walking Wake|96\/100\n|\n|-weather|SunnyDay|[upkeep]\n|-heal|p1a: Walking Wake|100\/100|[from] item: Leftovers\n|-heal|p2a: Pink Porussy|71\/100|[from] item: Leftovers\n|upkeep\n|turn|21\n|\n|t:|1699740678\n|move|p1a: Walking Wake|Flamethrower|p2a: Pink Porussy\n|-resisted|p2a: Pink Porussy\n|-damage|p2a: Pink Porussy|53\/100\n|move|p2a: Pink Porussy|Wish|p2a: Pink Porussy\n|\n|-weather|SunnyDay|[upkeep]\n|-heal|p2a: Pink Porussy|59\/100|[from] item: Leftovers\n|upkeep\n|turn|22\n|\n|t:|1699740685\n|move|p1a: Walking Wake|Hydro Steam|p2a: Pink Porussy\n|-heal|p2a: Pink Porussy|84\/100|[from] ability: Water Absorb|[of] p1a: Walking Wake\n|move|p2a: Pink Porussy|Scald|p1a: Walking Wake\n|-resisted|p1a: Walking Wake\n|-damage|p1a: Walking Wake|96\/100\n|-status|p1a: Walking Wake|brn\n|\n|-weather|none\n|-end|p1a: Walking Wake|Protosynthesis\n|-heal|p2a: Pink Porussy|100\/100|[from] move: Wish|[wisher] Pink Porussy\n|-heal|p1a: Walking Wake|100\/100 brn|[from] item: Leftovers\n|-damage|p1a: Walking Wake|94\/100 brn|[from] brn\n|upkeep\n|turn|23\n|\n|t:|1699740701\n|move|p1a: Walking Wake|Sunny Day|p1a: Walking Wake\n|-weather|SunnyDay\n|-activate|p1a: Walking Wake|ability: Protosynthesis\n|-start|p1a: Walking Wake|protosynthesisspe\n|move|p2a: Pink Porussy|Scald|p1a: Walking Wake\n|-resisted|p1a: Walking Wake\n|-damage|p1a: Walking Wake|90\/100 brn\n|\n|-weather|SunnyDay|[upkeep]\n|-heal|p1a: Walking Wake|96\/100 brn|[from] item: Leftovers\n|-damage|p1a: Walking Wake|90\/100 brn|[from] brn\n|upkeep\n|turn|24\n|\n|t:|1699740713\n|move|p1a: Walking Wake|Weather Ball|p2a: Pink Porussy\n|-resisted|p2a: Pink Porussy\n|-damage|p2a: Pink Porussy|81\/100\n|move|p2a: Pink Porussy|Scald|p1a: Walking Wake\n|-resisted|p1a: Walking Wake\n|-damage|p1a: Walking Wake|86\/100 brn\n|\n|-weather|SunnyDay|[upkeep]\n|-heal|p1a: Walking Wake|92\/100 brn|[from] item: Leftovers\n|-heal|p2a: Pink Porussy|87\/100|[from] item: Leftovers\n|-damage|p1a: Walking Wake|86\/100 brn|[from] brn\n|upkeep\n|turn|25\n|\n|t:|1699740729\n|move|p1a: Walking Wake|Flamethrower|p2a: Pink Porussy\n|-resisted|p2a: Pink Porussy\n|-damage|p2a: Pink Porussy|69\/100\n|move|p2a: Pink Porussy|Scald|p1a: Walking Wake\n|-resisted|p1a: Walking Wake\n|-damage|p1a: Walking Wake|82\/100 brn\n|\n|-weather|SunnyDay|[upkeep]\n|-heal|p1a: Walking Wake|88\/100 brn|[from] item: Leftovers\n|-heal|p2a: Pink Porussy|75\/100|[from] item: Leftovers\n|-damage|p1a: Walking Wake|82\/100 brn|[from] brn\n|upkeep\n|turn|26\n|\n|t:|1699740745\n|move|p1a: Walking Wake|Flamethrower|p2a: Pink Porussy\n|-resisted|p2a: Pink Porussy\n|-damage|p2a: Pink Porussy|57\/100\n|move|p2a: Pink Porussy|Scald|p1a: Walking Wake\n|-resisted|p1a: Walking Wake\n|-damage|p1a: Walking Wake|78\/100 brn\n|\n|-weather|SunnyDay|[upkeep]\n|-heal|p1a: Walking Wake|84\/100 brn|[from] item: Leftovers\n|-heal|p2a: Pink Porussy|63\/100|[from] item: Leftovers\n|-damage|p1a: Walking Wake|78\/100 brn|[from] brn\n|upkeep\n|turn|27\n|\n|t:|1699740762\n|move|p1a: Walking Wake|Flamethrower|p2a: Pink Porussy\n|-resisted|p2a: Pink Porussy\n|-damage|p2a: Pink Porussy|46\/100\n|move|p2a: Pink Porussy|Wish|p2a: Pink Porussy\n|\n|-weather|none\n|-end|p1a: Walking Wake|Protosynthesis\n|-heal|p1a: Walking Wake|84\/100 brn|[from] item: Leftovers\n|-heal|p2a: Pink Porussy|53\/100|[from] item: Leftovers\n|-damage|p1a: Walking Wake|78\/100 brn|[from] brn\n|upkeep\n|turn|28\n|\n|t:|1699740772\n|move|p1a: Walking Wake|Flamethrower|p2a: Pink Porussy\n|-resisted|p2a: Pink Porussy\n|-damage|p2a: Pink Porussy|41\/100\n|move|p2a: Pink Porussy|Scald|p1a: Walking Wake\n|-resisted|p1a: Walking Wake\n|-damage|p1a: Walking Wake|69\/100 brn\n|\n|-heal|p2a: Pink Porussy|91\/100|[from] move: Wish|[wisher] Pink Porussy\n|-heal|p1a: Walking Wake|75\/100 brn|[from] item: Leftovers\n|-heal|p2a: Pink Porussy|98\/100|[from] item: Leftovers\n|-damage|p1a: Walking Wake|69\/100 brn|[from] brn\n|upkeep\n|turn|29\n|\n|t:|1699740786\n|move|p1a: Walking Wake|Sunny Day|p1a: Walking Wake\n|-weather|SunnyDay\n|-activate|p1a: Walking Wake|ability: Protosynthesis\n|-start|p1a: Walking Wake|protosynthesisspe\n|move|p2a: Pink Porussy|Scald|p1a: Walking Wake\n|-resisted|p1a: Walking Wake\n|-damage|p1a: Walking Wake|65\/100 brn\n|\n|-weather|SunnyDay|[upkeep]\n|-heal|p1a: Walking Wake|72\/100 brn|[from] item: Leftovers\n|-heal|p2a: Pink Porussy|100\/100|[from] item: Leftovers\n|-damage|p1a: Walking Wake|65\/100 brn|[from] brn\n|upkeep\n|turn|30\n|\n|t:|1699740799\n|move|p2a: Pink Porussy|Protect|p2a: Pink Porussy\n|-singleturn|p2a: Pink Porussy|Protect\n|move|p1a: Walking Wake|Flamethrower|p2a: Pink Porussy\n|-activate|p2a: Pink Porussy|move: Protect\n|\n|-weather|SunnyDay|[upkeep]\n|-heal|p1a: Walking Wake|72\/100 brn|[from] item: Leftovers\n|-damage|p1a: Walking Wake|65\/100 brn|[from] brn\n|upkeep\n|turn|31\n|\n|t:|1699740809\n|move|p1a: Walking Wake|Flamethrower|p2a: Pink Porussy\n|-resisted|p2a: Pink Porussy\n|-damage|p2a: Pink Porussy|83\/100\n|move|p2a: Pink Porussy|Haze|p2a: Pink Porussy\n|-clearallboost\n|\n|-weather|SunnyDay|[upkeep]\n|-heal|p1a: Walking Wake|72\/100 brn|[from] item: Leftovers\n|-heal|p2a: Pink Porussy|89\/100|[from] item: Leftovers\n|-damage|p1a: Walking Wake|65\/100 brn|[from] brn\n|upkeep\n|turn|32\n|\n|t:|1699740827\n|move|p1a: Walking Wake|Flamethrower|p2a: Pink Porussy\n|-resisted|p2a: Pink Porussy\n|-damage|p2a: Pink Porussy|71\/100\n|move|p2a: Pink Porussy|Haze|p2a: Pink Porussy\n|-clearallboost\n|\n|-weather|SunnyDay|[upkeep]\n|-heal|p1a: Walking Wake|72\/100 brn|[from] item: Leftovers\n|-heal|p2a: Pink Porussy|77\/100|[from] item: Leftovers\n|-damage|p1a: Walking Wake|65\/100 brn|[from] brn\n|upkeep\n|turn|33\n|\n|t:|1699740842\n|move|p2a: Pink Porussy|Protect|p2a: Pink Porussy\n|-singleturn|p2a: Pink Porussy|Protect\n|move|p1a: Walking Wake|Flamethrower|p2a: Pink Porussy\n|-activate|p2a: Pink Porussy|move: Protect\n|\n|-weather|none\n|-end|p1a: Walking Wake|Protosynthesis\n|-heal|p1a: Walking Wake|72\/100 brn|[from] item: Leftovers\n|-heal|p2a: Pink Porussy|83\/100|[from] item: Leftovers\n|-damage|p1a: Walking Wake|65\/100 brn|[from] brn\n|upkeep\n|turn|34\n|\n|t:|1699740860\n|move|p1a: Walking Wake|Sunny Day|p1a: Walking Wake\n|-weather|SunnyDay\n|-activate|p1a: Walking Wake|ability: Protosynthesis\n|-start|p1a: Walking Wake|protosynthesisspe\n|move|p2a: Pink Porussy|Haze|p2a: Pink Porussy\n|-clearallboost\n|\n|-weather|SunnyDay|[upkeep]\n|-heal|p1a: Walking Wake|72\/100 brn|[from] item: Leftovers\n|-heal|p2a: Pink Porussy|90\/100|[from] item: Leftovers\n|-damage|p1a: Walking Wake|65\/100 brn|[from] brn\n|upkeep\n|turn|35\n|\n|t:|1699740880\n|move|p1a: Walking Wake|Flamethrower|p2a: Pink Porussy\n|-resisted|p2a: Pink Porussy\n|-damage|p2a: Pink Porussy|71\/100\n|move|p2a: Pink Porussy|Haze|p2a: Pink Porussy\n|-clearallboost\n|\n|-weather|SunnyDay|[upkeep]\n|-heal|p1a: Walking Wake|72\/100 brn|[from] item: Leftovers\n|-heal|p2a: Pink Porussy|78\/100|[from] item: Leftovers\n|-damage|p1a: Walking Wake|65\/100 brn|[from] brn\n|upkeep\n|turn|36\n|\n|t:|1699740892\n|move|p2a: Pink Porussy|Protect|p2a: Pink Porussy\n|-singleturn|p2a: Pink Porussy|Protect\n|move|p1a: Walking Wake|Flamethrower|p2a: Pink Porussy\n|-activate|p2a: Pink Porussy|move: Protect\n|\n|-weather|SunnyDay|[upkeep]\n|-heal|p1a: Walking Wake|72\/100 brn|[from] item: Leftovers\n|-heal|p2a: Pink Porussy|84\/100|[from] item: Leftovers\n|-damage|p1a: Walking Wake|65\/100 brn|[from] brn\n|upkeep\n|turn|37\n|\n|t:|1699740901\n|move|p1a: Walking Wake|Flamethrower|p2a: Pink Porussy\n|-resisted|p2a: Pink Porussy\n|-damage|p2a: Pink Porussy|68\/100\n|move|p2a: Pink Porussy|Haze|p2a: Pink Porussy\n|-clearallboost\n|\n|-weather|SunnyDay|[upkeep]\n|-heal|p1a: Walking Wake|72\/100 brn|[from] item: Leftovers\n|-heal|p2a: Pink Porussy|74\/100|[from] item: Leftovers\n|-damage|p1a: Walking Wake|65\/100 brn|[from] brn\n|upkeep\n|turn|38\n|\n|t:|1699740915\n|move|p1a: Walking Wake|Hydro Steam|p2a: Pink Porussy\n|-heal|p2a: Pink Porussy|99\/100|[from] ability: Water Absorb|[of] p1a: Walking Wake\n|move|p2a: Pink Porussy|Haze|p2a: Pink Porussy\n|-clearallboost\n|\n|-weather|none\n|-end|p1a: Walking Wake|Protosynthesis\n|-heal|p1a: Walking Wake|72\/100 brn|[from] item: Leftovers\n|-heal|p2a: Pink Porussy|100\/100|[from] item: Leftovers\n|-damage|p1a: Walking Wake|65\/100 brn|[from] brn\n|upkeep\n|turn|39\n|-message|JustATree777 forfeited.\n|\n|win|shyguyry\n|l|\u2606JustATree777\n|l| xhakurai\n","uploadtime":1699740945,"views":10,"p1id":"justatree777","p2id":"shyguyry","formatid":"gen9ou","rating":0,"private":0,"password":""}