{"id":"gen9ou-1989715679","p1":"Peaktundra","p2":"Senor Unown","format":"[Gen 9] OU","log":"|j|\u2606Peaktundra\n|j|\u2606Senor Unown\n|t:|1699889520\n|gametype|singles\n|player|p1|Peaktundra|pokemaniac|1080\n|player|p2|Senor Unown|wattson|1000\n|teamsize|p1|6\n|teamsize|p2|6\n|gen|9\n|tier|[Gen 9] OU\n|rated|\n|rule|Sleep Clause Mod: Limit one foe put to sleep\n|rule|Species Clause: Limit one of each Pok\u00e9mon\n|rule|OHKO Clause: OHKO moves are banned\n|rule|Evasion Items Clause: Evasion items are banned\n|rule|Evasion Moves Clause: Evasion moves are banned\n|rule|Endless Battle Clause: Forcing endless battles is banned\n|rule|HP Percentage Mod: HP is shown in percentages\n|clearpoke\n|poke|p1|Dragonite, M|\n|poke|p1|Landorus-Therian, M|\n|poke|p1|Sneasler, F|\n|poke|p1|Rillaboom, F|\n|poke|p1|Dragapult, F|\n|poke|p1|Corviknight, F|\n|poke|p2|Pelipper, F|\n|poke|p2|Barraskewda, F|\n|poke|p2|Great Tusk|\n|poke|p2|Amoonguss, M|\n|poke|p2|Garganacl, M|\n|poke|p2|Gholdengo|\n|teampreview\n|\n|t:|1699889528\n|start\n|switch|p1a: Landorus|Landorus-Therian, M|100\/100\n|switch|p2a: Pelipper|Pelipper, F, shiny|100\/100\n|-ability|p1a: Landorus|Intimidate|boost\n|-unboost|p2a: Pelipper|atk|1\n|-weather|RainDance|[from] ability: Drizzle|[of] p2a: Pelipper\n|turn|1\n|\n|t:|1699889538\n|move|p1a: Landorus|Stealth Rock|p2a: Pelipper\n|-sidestart|p2: Senor Unown|move: Stealth Rock\n|move|p2a: Pelipper|Surf|p1a: Landorus\n|-supereffective|p1a: Landorus\n|-damage|p1a: Landorus|0 fnt\n|faint|p1a: Landorus\n|\n|-weather|RainDance|[upkeep]\n|upkeep\n|\n|t:|1699889544\n|switch|p1a: Corviknight|Corviknight, F|100\/100\n|-ability|p1a: Corviknight|Pressure\n|turn|2\n|inactive|Battle timer is ON: inactive players will automatically lose when time's up. (requested by Peaktundra)\n|\n|t:|1699889566\n|move|p1a: Corviknight|U-turn|p2a: Pelipper\n|-resisted|p2a: Pelipper\n|-damage|p2a: Pelipper|93\/100\n|\n|t:|1699889573\n|switch|p1a: Dragonite|Dragonite, M|100\/100|[from] U-turn\n|move|p2a: Pelipper|U-turn|p1a: Dragonite\n|-resisted|p1a: Dragonite\n|-damage|p1a: Dragonite|99\/100\n|\n|t:|1699889579\n|switch|p2a: Barraskewda|Barraskewda, F|100\/100|[from] U-turn\n|-damage|p2a: Barraskewda|88\/100|[from] Stealth Rock\n|\n|-weather|RainDance|[upkeep]\n|upkeep\n|turn|3\n|\n|t:|1699889588\n|move|p2a: Barraskewda|Liquidation|p1a: Dragonite\n|-resisted|p1a: Dragonite\n|-damage|p1a: Dragonite|45\/100\n|move|p1a: Dragonite|Dragon Dance|p1a: Dragonite\n|-boost|p1a: Dragonite|atk|1\n|-boost|p1a: Dragonite|spe|1\n|\n|-weather|RainDance|[upkeep]\n|upkeep\n|turn|4\n|\n|t:|1699889597\n|move|p2a: Barraskewda|Liquidation|p1a: Dragonite\n|-resisted|p1a: Dragonite\n|-damage|p1a: Dragonite|0 fnt\n|faint|p1a: Dragonite\n|\n|-weather|RainDance|[upkeep]\n|upkeep\n|\n|t:|1699889606\n|switch|p1a: Rillaboom|Rillaboom, F|100\/100\n|-fieldstart|move: Grassy Terrain|[from] ability: Grassy Surge|[of] p1a: Rillaboom\n|turn|5\n|\n|t:|1699889615\n|switch|p2a: Amoonguss|Amoonguss, M, shiny|100\/100\n|-damage|p2a: Amoonguss|88\/100|[from] Stealth Rock\n|move|p1a: Rillaboom|U-turn|p2a: Amoonguss\n|-damage|p2a: Amoonguss|66\/100\n|-damage|p1a: Rillaboom|84\/100|[from] item: Rocky Helmet|[of] p2a: Amoonguss\n|\n|t:|1699889622\n|switch|p1a: Sneasler|Sneasler, F|100\/100|[from] U-turn\n|-enditem|p1a: Sneasler|Grassy Seed\n|-boost|p1a: Sneasler|def|1|[from] item: Grassy Seed\n|\n|-weather|RainDance|[upkeep]\n|-heal|p2a: Amoonguss|73\/100|[from] Grassy Terrain\n|upkeep\n|turn|6\n|\n|t:|1699889636\n|-terastallize|p1a: Sneasler|Flying\n|move|p1a: Sneasler|Acrobatics|p2a: Amoonguss\n|-supereffective|p2a: Amoonguss\n|-damage|p2a: Amoonguss|0 fnt\n|-damage|p1a: Sneasler|84\/100|[from] item: Rocky Helmet|[of] p2a: Amoonguss\n|faint|p2a: Amoonguss\n|\n|-weather|RainDance|[upkeep]\n|upkeep\n|\n|t:|1699889659\n|switch|p2a: Garganacl|Garganacl, M|100\/100\n|-damage|p2a: Garganacl|88\/100|[from] Stealth Rock\n|turn|7\n|\n|t:|1699889663\n|move|p1a: Sneasler|Close Combat|p2a: Garganacl\n|-supereffective|p2a: Garganacl\n|-damage|p2a: Garganacl|12\/100\n|-unboost|p1a: Sneasler|def|1\n|-unboost|p1a: Sneasler|spd|1\n|move|p2a: Garganacl|Salt Cure|p1a: Sneasler\n|-supereffective|p1a: Sneasler\n|-damage|p1a: Sneasler|38\/100\n|-start|p1a: Sneasler|Salt Cure\n|\n|-weather|RainDance|[upkeep]\n|-heal|p2a: Garganacl|19\/100|[from] Grassy Terrain\n|-heal|p2a: Garganacl|25\/100|[from] item: Leftovers\n|-damage|p1a: Sneasler|26\/100|[from] Salt Cure\n|upkeep\n|turn|8\n|\n|t:|1699889678\n|move|p2a: Garganacl|Protect|p2a: Garganacl\n|-singleturn|p2a: Garganacl|Protect\n|move|p1a: Sneasler|Close Combat|p2a: Garganacl\n|-activate|p2a: Garganacl|move: Protect\n|\n|-weather|none\n|-heal|p2a: Garganacl|31\/100|[from] Grassy Terrain\n|-heal|p2a: Garganacl|37\/100|[from] item: Leftovers\n|-damage|p1a: Sneasler|13\/100|[from] Salt Cure\n|upkeep\n|turn|9\n|\n|t:|1699889693\n|-terastallize|p2a: Garganacl|Water\n|move|p1a: Sneasler|Close Combat|p2a: Garganacl\n|-damage|p2a: Garganacl|1\/100\n|-unboost|p1a: Sneasler|def|1\n|-unboost|p1a: Sneasler|spd|1\n|move|p2a: Garganacl|Recover|p2a: Garganacl\n|-heal|p2a: Garganacl|51\/100\n|\n|-heal|p2a: Garganacl|57\/100|[from] Grassy Terrain\n|-heal|p2a: Garganacl|63\/100|[from] item: Leftovers\n|-damage|p1a: Sneasler|1\/100|[from] Salt Cure\n|upkeep\n|turn|10\n|\n|t:|1699889707\n|move|p1a: Sneasler|Acrobatics|p2a: Garganacl\n|-damage|p2a: Garganacl|25\/100\n|move|p2a: Garganacl|Recover|p2a: Garganacl\n|-heal|p2a: Garganacl|75\/100\n|\n|-heal|p2a: Garganacl|81\/100|[from] Grassy Terrain\n|-heal|p2a: Garganacl|87\/100|[from] item: Leftovers\n|-damage|p1a: Sneasler|0 fnt|[from] Salt Cure\n|faint|p1a: Sneasler\n|upkeep\n|\n|t:|1699889719\n|switch|p1a: Rillaboom|Rillaboom, F|84\/100\n|turn|11\n|\n|t:|1699889733\n|switch|p2a: Gholdengo|Gholdengo|100\/100\n|-damage|p2a: Gholdengo|94\/100|[from] Stealth Rock\n|move|p1a: Rillaboom|Knock Off|p2a: Gholdengo\n|-supereffective|p2a: Gholdengo\n|-damage|p2a: Gholdengo|14\/100\n|-enditem|p2a: Gholdengo|Choice Specs|[from] move: Knock Off|[of] p1a: Rillaboom\n|\n|-heal|p2a: Gholdengo|20\/100|[from] Grassy Terrain\n|-heal|p1a: Rillaboom|90\/100|[from] Grassy Terrain\n|upkeep\n|turn|12\n|\n|t:|1699889748\n|move|p2a: Gholdengo|Make It Rain|p1a: Rillaboom\n|-damage|p1a: Rillaboom|15\/100\n|-unboost|p2a: Gholdengo|spa|1\n|move|p1a: Rillaboom|Knock Off|p2a: Gholdengo\n|-supereffective|p2a: Gholdengo\n|-damage|p2a: Gholdengo|0 fnt\n|faint|p2a: Gholdengo\n|\n|-heal|p1a: Rillaboom|21\/100|[from] Grassy Terrain\n|-fieldend|move: Grassy Terrain\n|upkeep\n|\n|t:|1699889759\n|switch|p2a: Pelipper|Pelipper, F, shiny|93\/100\n|-damage|p2a: Pelipper|68\/100|[from] Stealth Rock\n|-weather|RainDance|[from] ability: Drizzle|[of] p2a: Pelipper\n|turn|13\n|\n|t:|1699889766\n|move|p1a: Rillaboom|Grassy Glide|p2a: Pelipper\n|-damage|p2a: Pelipper|34\/100\n|move|p2a: Pelipper|Hurricane|p1a: Rillaboom\n|-supereffective|p1a: Rillaboom\n|-damage|p1a: Rillaboom|0 fnt\n|faint|p1a: Rillaboom\n|\n|-weather|RainDance|[upkeep]\n|upkeep\n|\n|t:|1699889788\n|switch|p1a: Dragapult|Dragapult, F|100\/100\n|turn|14\n|\n|t:|1699889799\n|move|p1a: Dragapult|Shadow Ball|p2a: Pelipper\n|-damage|p2a: Pelipper|0 fnt\n|faint|p2a: Pelipper\n|\n|-weather|RainDance|[upkeep]\n|upkeep\n|\n|t:|1699889805\n|switch|p2a: Garganacl|Garganacl, M, tera:Water|87\/100\n|-damage|p2a: Garganacl|75\/100|[from] Stealth Rock\n|turn|15\n|\n|t:|1699889809\n|move|p1a: Dragapult|Shadow Ball|p2a: Garganacl\n|-damage|p2a: Garganacl|56\/100\n|-unboost|p2a: Garganacl|spd|1\n|move|p2a: Garganacl|Salt Cure|p1a: Dragapult\n|-damage|p1a: Dragapult|81\/100\n|-start|p1a: Dragapult|Salt Cure\n|\n|-weather|RainDance|[upkeep]\n|-heal|p2a: Garganacl|62\/100|[from] item: Leftovers\n|-damage|p1a: Dragapult|69\/100|[from] Salt Cure\n|upkeep\n|turn|16\n|\n|t:|1699889820\n|switch|p1a: Corviknight|Corviknight, F|100\/100\n|-ability|p1a: Corviknight|Pressure\n|move|p2a: Garganacl|Stealth Rock|p1a: Corviknight\n|-sidestart|p1: Peaktundra|move: Stealth Rock\n|\n|-weather|RainDance|[upkeep]\n|-heal|p2a: Garganacl|68\/100|[from] item: Leftovers\n|upkeep\n|turn|17\n|\n|t:|1699889828\n|move|p1a: Corviknight|Defog|p2a: Garganacl\n|-unboost|p2a: Garganacl|evasion|1\n|-sideend|p2: Senor Unown|Stealth Rock|[from] move: Defog|[of] p1a: Corviknight\n|-sideend|p1: Peaktundra|Stealth Rock|[from] move: Defog|[of] p1a: Corviknight\n|move|p2a: Garganacl|Salt Cure|p1a: Corviknight\n|-damage|p1a: Corviknight|92\/100\n|-start|p1a: Corviknight|Salt Cure\n|\n|-weather|RainDance|[upkeep]\n|-heal|p1a: Corviknight|98\/100|[from] item: Leftovers\n|-heal|p2a: Garganacl|74\/100|[from] item: Leftovers\n|-damage|p1a: Corviknight|73\/100|[from] Salt Cure\n|upkeep\n|turn|18\n|\n|t:|1699889840\n|move|p2a: Garganacl|Protect|p2a: Garganacl\n|-singleturn|p2a: Garganacl|Protect\n|move|p1a: Corviknight|U-turn|p2a: Garganacl\n|-activate|p2a: Garganacl|move: Protect\n|\n|-weather|RainDance|[upkeep]\n|-heal|p1a: Corviknight|79\/100|[from] item: Leftovers\n|-heal|p2a: Garganacl|80\/100|[from] item: Leftovers\n|-damage|p1a: Corviknight|55\/100|[from] Salt Cure\n|upkeep\n|turn|19\n|\n|t:|1699889862\n|move|p1a: Corviknight|U-turn|p2a: Garganacl\n|-damage|p2a: Garganacl|72\/100\n|\n|t:|1699889865\n|switch|p1a: Dragapult|Dragapult, F|69\/100|[from] U-turn\n|move|p2a: Garganacl|Recover|p2a: Garganacl\n|-heal|p2a: Garganacl|100\/100\n|\n|-weather|RainDance|[upkeep]\n|upkeep\n|turn|20\n|\n|t:|1699889874\n|move|p1a: Dragapult|Draco Meteor|p2a: Garganacl\n|-damage|p2a: Garganacl|5\/100\n|-unboost|p1a: Dragapult|spa|2\n|move|p2a: Garganacl|Salt Cure|p1a: Dragapult\n|-damage|p1a: Dragapult|50\/100\n|-start|p1a: Dragapult|Salt Cure\n|\n|-weather|none\n|-heal|p2a: Garganacl|11\/100|[from] item: Leftovers\n|-damage|p1a: Dragapult|38\/100|[from] Salt Cure\n|upkeep\n|turn|21\n|\n|t:|1699889883\n|move|p2a: Garganacl|Protect|p2a: Garganacl\n|-singleturn|p2a: Garganacl|Protect\n|move|p1a: Dragapult|Draco Meteor|p2a: Garganacl\n|-activate|p2a: Garganacl|move: Protect\n|\n|-heal|p2a: Garganacl|18\/100|[from] item: Leftovers\n|-damage|p1a: Dragapult|25\/100|[from] Salt Cure\n|upkeep\n|turn|22\n|n|!Peaktundra|peaktundra\n|\n|t:|1699889899\n|move|p1a: Dragapult|Draco Meteor|p2a: Garganacl\n|-damage|p2a: Garganacl|0 fnt\n|-unboost|p1a: Dragapult|spa|2\n|faint|p2a: Garganacl\n|\n|-damage|p1a: Dragapult|13\/100|[from] Salt Cure\n|upkeep\n|\n|t:|1699889906\n|switch|p2a: Barraskewda|Barraskewda, F|88\/100\n|turn|23\n|\n|t:|1699889911\n|switch|p1a: Corviknight|Corviknight, F|55\/100\n|-ability|p1a: Corviknight|Pressure\n|move|p2a: Barraskewda|Liquidation|p1a: Corviknight\n|-damage|p1a: Corviknight|10\/100\n|\n|-heal|p1a: Corviknight|16\/100|[from] item: Leftovers\n|upkeep\n|turn|24\n|\n|t:|1699889924\n|move|p2a: Barraskewda|Liquidation|p1a: Corviknight\n|-damage|p1a: Corviknight|0 fnt\n|faint|p1a: Corviknight\n|\n|upkeep\n|\n|t:|1699889928\n|switch|p1a: Dragapult|Dragapult, F|13\/100\n|turn|25\n|\n|t:|1699889944\n|move|p1a: Dragapult|Shadow Ball|p2a: Barraskewda\n|-damage|p2a: Barraskewda|0 fnt\n|faint|p2a: Barraskewda\n|\n|upkeep\n|\n|t:|1699889948\n|switch|p2a: Great Tusk|Great Tusk|100\/100\n|turn|26\n|\n|t:|1699889952\n|move|p1a: Dragapult|Shadow Ball|p2a: Great Tusk\n|-damage|p2a: Great Tusk|28\/100\n|move|p2a: Great Tusk|Knock Off|p1a: Dragapult\n|-supereffective|p1a: Dragapult\n|-damage|p1a: Dragapult|0 fnt\n|-enditem|p1a: Dragapult|Choice Specs|[from] move: Knock Off|[of] p2a: Great Tusk\n|faint|p1a: Dragapult\n|\n|win|Senor Unown\n|raw|Peaktundra's rating: 1080 &rarr; <strong>1053<\/strong><br \/>(-27 for losing)\n|raw|Senor Unown's rating: 1000 &rarr; <strong>1049<\/strong><br \/>(+49 for winning)\n","uploadtime":1699889894,"views":11,"p1id":"peaktundra","p2id":"senorunown","formatid":"gen9ou","rating":1049,"private":0,"password":""}