{"id":"gen9ou-2000510053","p1":"deanbluntbluntdean","p2":"Revale","format":"[Gen 9] OU","log":"|j|\u2606deanbluntbluntdean\n|j|\u2606Revale\n|t:|1701200842\n|gametype|singles\n|player|p1|deanbluntbluntdean|1|1278\n|player|p2|Revale|grimsley|1195\n|teamsize|p1|6\n|teamsize|p2|6\n|gen|9\n|tier|[Gen 9] OU\n|rated|\n|rule|Sleep Clause Mod: Limit one foe put to sleep\n|rule|Species Clause: Limit one of each Pok\u00e9mon\n|rule|OHKO Clause: OHKO moves are banned\n|rule|Evasion Items Clause: Evasion items are banned\n|rule|Evasion Moves Clause: Evasion moves are banned\n|rule|Endless Battle Clause: Forcing endless battles is banned\n|rule|HP Percentage Mod: HP is shown in percentages\n|clearpoke\n|poke|p1|Greninja-*, F|\n|poke|p1|Mamoswine, M|\n|poke|p1|Amoonguss, F|\n|poke|p1|Heatran, F|\n|poke|p1|Mandibuzz, F|\n|poke|p1|Kingambit, M|\n|poke|p2|Hatterene, F|\n|poke|p2|Ting-Lu|\n|poke|p2|Great Tusk|\n|poke|p2|Iron Valiant|\n|poke|p2|Kingambit, F|\n|poke|p2|Glimmora, F|\n|teampreview\n|\n|t:|1701200853\n|start\n|switch|p1a: Mamoswine|Mamoswine, M, shiny|100\/100\n|switch|p2a: Glimmora|Glimmora, F|100\/100\n|turn|1\n|\n|t:|1701200862\n|move|p2a: Glimmora|Stealth Rock|p1a: Mamoswine\n|-sidestart|p1: deanbluntbluntdean|move: Stealth Rock\n|move|p1a: Mamoswine|Trailblaze|p2a: Glimmora\n|-damage|p2a: Glimmora|81\/100\n|-boost|p1a: Mamoswine|spe|1\n|-activate|p2a: Glimmora|ability: Toxic Debris\n|-sidestart|p1: deanbluntbluntdean|move: Toxic Spikes\n|\n|upkeep\n|turn|2\n|\n|t:|1701200870\n|move|p1a: Mamoswine|Trailblaze|p2a: Glimmora\n|-damage|p2a: Glimmora|58\/100\n|-boost|p1a: Mamoswine|spe|1\n|-activate|p2a: Glimmora|ability: Toxic Debris\n|-sidestart|p1: deanbluntbluntdean|move: Toxic Spikes\n|move|p2a: Glimmora|Earth Power|p1a: Mamoswine\n|-damage|p1a: Mamoswine|71\/100\n|\n|upkeep\n|turn|3\n|\n|t:|1701200885\n|switch|p2a: Great Tusk|Great Tusk|100\/100\n|move|p1a: Mamoswine|Trailblaze|p2a: Great Tusk\n|-supereffective|p2a: Great Tusk\n|-damage|p2a: Great Tusk|74\/100\n|-boost|p1a: Mamoswine|spe|1\n|\n|upkeep\n|turn|4\n|\n|t:|1701200895\n|move|p1a: Mamoswine|Icicle Crash|p2a: Great Tusk\n|-supereffective|p2a: Great Tusk\n|-damage|p2a: Great Tusk|5\/100\n|cant|p2a: Great Tusk|flinch\n|\n|upkeep\n|turn|5\n|inactive|Battle timer is ON: inactive players will automatically lose when time's up. (requested by deanbluntbluntdean)\n|\n|t:|1701200906\n|-end|p2a: Great Tusk|Protosynthesis|[silent]\n|switch|p2a: Hatterene|Hatterene, F|100\/100\n|move|p1a: Mamoswine|Earthquake|p2a: Hatterene\n|-damage|p2a: Hatterene|48\/100\n|\n|-heal|p2a: Hatterene|53\/100|[from] item: Leftovers\n|upkeep\n|turn|6\n|\n|t:|1701200916\n|move|p1a: Mamoswine|Earthquake|p2a: Hatterene\n|-damage|p2a: Hatterene|0 fnt\n|faint|p2a: Hatterene\n|\n|upkeep\n|\n|t:|1701200923\n|switch|p2a: Ting-Lu|Ting-Lu|100\/100\n|-ability|p2a: Ting-Lu|Vessel of Ruin\n|turn|7\n|\n|t:|1701200927\n|move|p1a: Mamoswine|Icicle Crash|p2a: Ting-Lu\n|-supereffective|p2a: Ting-Lu\n|-damage|p2a: Ting-Lu|50\/100\n|cant|p2a: Ting-Lu|flinch\n|\n|-heal|p2a: Ting-Lu|56\/100|[from] item: Leftovers\n|upkeep\n|turn|8\n|\n|t:|1701200935\n|move|p1a: Mamoswine|Icicle Crash|p2a: Ting-Lu\n|-supereffective|p2a: Ting-Lu\n|-damage|p2a: Ting-Lu|11\/100\n|cant|p2a: Ting-Lu|flinch\n|\n|-heal|p2a: Ting-Lu|17\/100|[from] item: Leftovers\n|upkeep\n|turn|9\n|\n|t:|1701200942\n|move|p1a: Mamoswine|Icicle Crash|p2a: Ting-Lu\n|-supereffective|p2a: Ting-Lu\n|-crit|p2a: Ting-Lu\n|-damage|p2a: Ting-Lu|0 fnt\n|faint|p2a: Ting-Lu\n|\n|upkeep\n|\n|t:|1701200948\n|switch|p2a: Iron Valiant|Iron Valiant|100\/100\n|-enditem|p2a: Iron Valiant|Booster Energy\n|-activate|p2a: Iron Valiant|ability: Quark Drive|[fromitem]\n|-start|p2a: Iron Valiant|quarkdrivespe\n|turn|10\n|\n|t:|1701200954\n|move|p1a: Mamoswine|Earthquake|p2a: Iron Valiant\n|-damage|p2a: Iron Valiant|29\/100\n|move|p2a: Iron Valiant|Close Combat|p1a: Mamoswine\n|-supereffective|p1a: Mamoswine\n|-damage|p1a: Mamoswine|0 fnt\n|-unboost|p2a: Iron Valiant|def|1\n|-unboost|p2a: Iron Valiant|spd|1\n|faint|p1a: Mamoswine\n|\n|upkeep\n|\n|t:|1701200965\n|switch|p1a: Mandibuzz|Mandibuzz, F|100\/100\n|turn|11\n|\n|t:|1701200970\n|move|p2a: Iron Valiant|Spirit Break|p1a: Mandibuzz\n|-supereffective|p1a: Mandibuzz\n|-damage|p1a: Mandibuzz|56\/100\n|-unboost|p1a: Mandibuzz|spa|1\n|move|p1a: Mandibuzz|Defog|p2a: Iron Valiant\n|-unboost|p2a: Iron Valiant|evasion|1\n|-sideend|p1: deanbluntbluntdean|Toxic Spikes|[from] move: Defog|[of] p1a: Mandibuzz\n|-sideend|p1: deanbluntbluntdean|Stealth Rock|[from] move: Defog|[of] p1a: Mandibuzz\n|\n|upkeep\n|turn|12\n|\n|t:|1701200980\n|move|p2a: Iron Valiant|Spirit Break|p1a: Mandibuzz\n|-supereffective|p1a: Mandibuzz\n|-damage|p1a: Mandibuzz|8\/100\n|-unboost|p1a: Mandibuzz|spa|1\n|move|p1a: Mandibuzz|U-turn|p2a: Iron Valiant\n|-resisted|p2a: Iron Valiant\n|-damage|p2a: Iron Valiant|24\/100\n|\n|t:|1701200985\n|switch|p1a: Greninja|Greninja, F, shiny|100\/100|[from] U-turn\n|\n|upkeep\n|turn|13\n|\n|t:|1701200993\n|move|p1a: Greninja|Surf|p2a: Iron Valiant\n|-start|p1a: Greninja|typechange|Water|[from] ability: Protean\n|-damage|p2a: Iron Valiant|0 fnt\n|faint|p2a: Iron Valiant\n|-end|p2a: Iron Valiant|Quark Drive|[silent]\n|\n|upkeep\n|\n|t:|1701201001\n|switch|p2a: Glimmora|Glimmora, F|58\/100\n|turn|14\n|\n|t:|1701201007\n|move|p1a: Greninja|Surf|p2a: Glimmora\n|-supereffective|p2a: Glimmora\n|-damage|p2a: Glimmora|0 fnt\n|faint|p2a: Glimmora\n|\n|upkeep\n|\n|t:|1701201012\n|switch|p2a: Great Tusk|Great Tusk|5\/100\n|turn|15\n|\n|t:|1701201016\n|move|p1a: Greninja|Surf|p2a: Great Tusk\n|-supereffective|p2a: Great Tusk\n|-damage|p2a: Great Tusk|0 fnt\n|faint|p2a: Great Tusk\n|-end|p2a: Great Tusk|Protosynthesis|[silent]\n|\n|upkeep\n|\n|t:|1701201019\n|switch|p2a: Kingambit|Kingambit, F|100\/100\n|-activate|p2a: Kingambit|ability: Supreme Overlord\n|-start|p2a: Kingambit|fallen5|[silent]\n|turn|16\n|\n|t:|1701201027\n|-terastallize|p2a: Kingambit|Fairy\n|move|p1a: Greninja|Surf|p2a: Kingambit\n|-damage|p2a: Kingambit|63\/100\n|move|p2a: Kingambit|Iron Head|p1a: Greninja\n|-resisted|p1a: Greninja\n|-damage|p1a: Greninja|39\/100\n|\n|-heal|p2a: Kingambit|69\/100|[from] item: Leftovers\n|upkeep\n|turn|17\n|\n|t:|1701201038\n|move|p2a: Kingambit|Sucker Punch|p1a: Greninja\n|-damage|p1a: Greninja|0 fnt\n|faint|p1a: Greninja\n|\n|-heal|p2a: Kingambit|75\/100|[from] item: Leftovers\n|upkeep\n|\n|t:|1701201042\n|switch|p1a: Amoonguss|Amoonguss, F|100\/100\n|turn|18\n|\n|t:|1701201064\n|move|p2a: Kingambit|Iron Head|p1a: Amoonguss\n|-damage|p1a: Amoonguss|25\/100\n|move|p1a: Amoonguss|Spore|p2a: Kingambit\n|-status|p2a: Kingambit|slp|[from] move: Spore\n|\n|-heal|p2a: Kingambit|82\/100 slp|[from] item: Leftovers\n|upkeep\n|turn|19\n|\n|t:|1701201070\n|cant|p2a: Kingambit|slp\n|move|p1a: Amoonguss|Sludge Bomb|p2a: Kingambit\n|-supereffective|p2a: Kingambit\n|-damage|p2a: Kingambit|29\/100 slp\n|\n|-heal|p2a: Kingambit|35\/100 slp|[from] item: Leftovers\n|upkeep\n|turn|20\n|\n|t:|1701201072\n|-curestatus|p2a: Kingambit|slp|[msg]\n|move|p2a: Kingambit|Sucker Punch|p1a: Amoonguss\n|-damage|p1a: Amoonguss|0 fnt\n|faint|p1a: Amoonguss\n|\n|-heal|p2a: Kingambit|42\/100|[from] item: Leftovers\n|upkeep\n|\n|t:|1701201074\n|switch|p1a: Heatran|Heatran, F|100\/100\n|turn|21\n|\n|t:|1701201079\n|move|p1a: Heatran|Earth Power|p2a: Kingambit\n|-damage|p2a: Kingambit|17\/100\n|move|p2a: Kingambit|Kowtow Cleave|p1a: Heatran\n|-damage|p1a: Heatran|57\/100\n|-status|p2a: Kingambit|brn|[from] ability: Flame Body|[of] p1a: Heatran\n|\n|-heal|p1a: Heatran|64\/100|[from] item: Leftovers\n|-heal|p2a: Kingambit|23\/100 brn|[from] item: Leftovers\n|-damage|p2a: Kingambit|17\/100 brn|[from] brn\n|upkeep\n|turn|22\n|\n|t:|1701201082\n|move|p1a: Heatran|Earth Power|p2a: Kingambit\n|-damage|p2a: Kingambit|0 fnt\n|faint|p2a: Kingambit\n|-end|p2a: Kingambit|fallen5|[silent]\n|\n|win|deanbluntbluntdean\n|raw|deanbluntbluntdean's rating: 1278 &rarr; <strong>1297<\/strong><br \/>(+19 for winning)\n|raw|Revale's rating: 1195 &rarr; <strong>1176<\/strong><br \/>(-19 for losing)\n|l|\u2606Revale\n","uploadtime":1701201092,"views":0,"p1id":"deanbluntbluntdean","p2id":"revale","formatid":"gen9ou","rating":1176,"private":0,"password":""}