{"id":"gen9ou-1989310616","p1":"Nasty N","p2":"Hoelympics","format":"[Gen 9] OU","log":"|j|\u2606Nasty N\n|j|\u2606Hoelympics\n|t:|1699834862\n|gametype|singles\n|player|p1|Nasty N|n|1142\n|player|p2|Hoelympics|bellelba|1228\n|teamsize|p1|6\n|teamsize|p2|6\n|gen|9\n|tier|[Gen 9] OU\n|rated|\n|rule|Sleep Clause Mod: Limit one foe put to sleep\n|rule|Species Clause: Limit one of each Pok\u00e9mon\n|rule|OHKO Clause: OHKO moves are banned\n|rule|Evasion Items Clause: Evasion items are banned\n|rule|Evasion Moves Clause: Evasion moves are banned\n|rule|Endless Battle Clause: Forcing endless battles is banned\n|rule|HP Percentage Mod: HP is shown in percentages\n|clearpoke\n|poke|p1|Iron Moth|\n|poke|p1|Dragonite, M|\n|poke|p1|Ogerpon-Wellspring, F|\n|poke|p1|Iron Valiant|\n|poke|p1|Kingambit, M|\n|poke|p1|Thundurus-Therian, M|\n|poke|p2|Sableye, M|\n|poke|p2|Espeon, F|\n|poke|p2|Persian, F|\n|poke|p2|Pyroar, F|\n|poke|p2|Vaporeon, M|\n|poke|p2|Meowscarada, M|\n|teampreview\n|inactive|Battle timer is ON: inactive players will automatically lose when time's up. (requested by Hoelympics)\n|inactive|Nasty N also wants the timer to be on.\n|\n|t:|1699834874\n|start\n|switch|p1a: Iron Moth|Iron Moth|100\/100\n|switch|p2a: Persian|Persian, F|100\/100\n|-enditem|p1a: Iron Moth|Booster Energy\n|-activate|p1a: Iron Moth|ability: Quark Drive|[fromitem]\n|-start|p1a: Iron Moth|quarkdrivespe\n|turn|1\n|\n|t:|1699834880\n|move|p2a: Persian|Fake Out|p1a: Iron Moth\n|-crit|p1a: Iron Moth\n|-damage|p1a: Iron Moth|49\/100\n|cant|p1a: Iron Moth|flinch\n|\n|upkeep\n|turn|2\n|\n|t:|1699834890\n|switch|p2a: Vaporeon|Vaporeon, M|100\/100\n|move|p1a: Iron Moth|Fiery Dance|p2a: Vaporeon\n|-resisted|p2a: Vaporeon\n|-damage|p2a: Vaporeon|89\/100\n|-boost|p1a: Iron Moth|spa|1\n|\n|-heal|p2a: Vaporeon|95\/100|[from] item: Leftovers\n|upkeep\n|turn|3\n|\n|t:|1699834899\n|move|p1a: Iron Moth|Energy Ball|p2a: Vaporeon\n|-supereffective|p2a: Vaporeon\n|-damage|p2a: Vaporeon|39\/100\n|move|p2a: Vaporeon|Scald|p1a: Iron Moth\n|-supereffective|p1a: Iron Moth\n|-damage|p1a: Iron Moth|0 fnt\n|faint|p1a: Iron Moth\n|-end|p1a: Iron Moth|Quark Drive|[silent]\n|\n|-heal|p2a: Vaporeon|45\/100|[from] item: Leftovers\n|upkeep\n|\n|t:|1699834905\n|switch|p1a: Ogerpon|Ogerpon-Wellspring, F|100\/100\n|turn|4\n|\n|t:|1699834915\n|switch|p2a: Sableye|Sableye, M|100\/100\n|move|p1a: Ogerpon|Encore||[still]\n|-fail|p1a: Ogerpon\n|\n|upkeep\n|turn|5\n|\n|t:|1699834921\n|switch|p1a: Thundurus|Thundurus-Therian, M|100\/100\n|move|p2a: Sableye|Will-O-Wisp|p1a: Thundurus\n|-status|p1a: Thundurus|brn\n|\n|-damage|p1a: Thundurus|94\/100 brn|[from] brn\n|upkeep\n|turn|6\n|\n|t:|1699834939\n|move|p1a: Thundurus|Volt Switch|p2a: Sableye\n|-damage|p2a: Sableye|31\/100\n|\n|t:|1699834945\n|switch|p1a: Iron Valiant|Iron Valiant|100\/100|[from] Volt Switch\n|-enditem|p1a: Iron Valiant|Booster Energy\n|-activate|p1a: Iron Valiant|ability: Quark Drive|[fromitem]\n|-start|p1a: Iron Valiant|quarkdrivespe\n|move|p2a: Sableye|Hex|p1a: Iron Valiant\n|-damage|p1a: Iron Valiant|68\/100\n|\n|upkeep\n|turn|7\n|inactive|Hoelympics has 120 seconds left.\n|\n|t:|1699834978\n|switch|p2a: Vaporeon|Vaporeon, M|45\/100\n|move|p1a: Iron Valiant|Moonblast|p2a: Vaporeon\n|-damage|p2a: Vaporeon|17\/100\n|-unboost|p2a: Vaporeon|spa|1\n|\n|-heal|p2a: Vaporeon|23\/100|[from] item: Leftovers\n|upkeep\n|turn|8\n|\n|t:|1699834988\n|move|p1a: Iron Valiant|Thunderbolt|p2a: Vaporeon\n|-supereffective|p2a: Vaporeon\n|-damage|p2a: Vaporeon|0 fnt\n|faint|p2a: Vaporeon\n|\n|upkeep\n|inactive|Hoelympics has 120 seconds left.\n|\n|t:|1699835000\n|switch|p2a: Persian|Persian, F|100\/100\n|turn|9\n|\n|t:|1699835005\n|-terastallize|p2a: Persian|Normal\n|move|p2a: Persian|Fake Out|p1a: Iron Valiant\n|-damage|p1a: Iron Valiant|27\/100\n|cant|p1a: Iron Valiant|flinch\n|\n|upkeep\n|turn|10\n|inactive|Hoelympics has 120 seconds left.\n|\n|t:|1699835027\n|switch|p2a: Pyroar|Pyroar, F|100\/100\n|move|p1a: Iron Valiant|Moonblast|p2a: Pyroar\n|-resisted|p2a: Pyroar\n|-damage|p2a: Pyroar|64\/100\n|-unboost|p2a: Pyroar|spa|1\n|\n|upkeep\n|turn|11\n|inactive|Hoelympics has 120 seconds left.\n|\n|t:|1699835044\n|move|p1a: Iron Valiant|Psyshock|p2a: Pyroar\n|-damage|p2a: Pyroar|24\/100\n|move|p2a: Pyroar|Hyper Voice|p1a: Iron Valiant\n|-damage|p1a: Iron Valiant|0 fnt\n|faint|p1a: Iron Valiant\n|-end|p1a: Iron Valiant|Quark Drive|[silent]\n|\n|upkeep\n|inactive|Nasty N has 120 seconds left.\n|\n|t:|1699835066\n|switch|p1a: Thundurus|Thundurus-Therian, M|94\/100 brn\n|turn|12\n|\n|t:|1699835070\n|move|p1a: Thundurus|Volt Switch|p2a: Pyroar\n|-damage|p2a: Pyroar|0 fnt\n|faint|p2a: Pyroar\n|\n|t:|1699835078\n|switch|p1a: Ogerpon|Ogerpon-Wellspring, F|100\/100|[from] Volt Switch\n|\n|upkeep\n|\n|t:|1699835085\n|switch|p2a: Persian|Persian, F, tera:Normal|100\/100\n|turn|13\n|\n|t:|1699835097\n|switch|p1a: Kingambit|Kingambit, M|100\/100\n|-activate|p1a: Kingambit|ability: Supreme Overlord\n|-start|p1a: Kingambit|fallen2|[silent]\n|move|p2a: Persian|Fake Out|p1a: Kingambit\n|-resisted|p1a: Kingambit\n|-damage|p1a: Kingambit|87\/100\n|\n|upkeep\n|turn|14\n|\n|t:|1699835105\n|move|p2a: Persian|U-turn|p1a: Kingambit\n|-damage|p1a: Kingambit|74\/100\n|\n|t:|1699835108\n|switch|p2a: Meowscarada|Meowscarada, M, shiny|100\/100|[from] U-turn\n|move|p1a: Kingambit|Kowtow Cleave|p2a: Meowscarada\n|-resisted|p2a: Meowscarada\n|-damage|p2a: Meowscarada|55\/100\n|\n|upkeep\n|turn|15\n|\n|t:|1699835123\n|move|p2a: Meowscarada|Brick Break|p1a: Kingambit\n|-start|p2a: Meowscarada|typechange|Fighting|[from] ability: Protean\n|-supereffective|p1a: Kingambit\n|-damage|p1a: Kingambit|0 fnt\n|faint|p1a: Kingambit\n|-end|p1a: Kingambit|fallen2|[silent]\n|\n|upkeep\n|\n|t:|1699835127\n|switch|p1a: Thundurus|Thundurus-Therian, M|94\/100 brn\n|turn|16\n|\n|t:|1699835137\n|move|p2a: Meowscarada|Brick Break|p1a: Thundurus\n|-resisted|p1a: Thundurus\n|-damage|p1a: Thundurus|67\/100 brn\n|move|p1a: Thundurus|Volt Switch|p2a: Meowscarada\n|-damage|p2a: Meowscarada|0 fnt\n|faint|p2a: Meowscarada\n|\n|t:|1699835147\n|switch|p1a: Ogerpon|Ogerpon-Wellspring, F|100\/100|[from] Volt Switch\n|\n|upkeep\n|\n|t:|1699835159\n|switch|p2a: Persian|Persian, F, tera:Normal|100\/100\n|turn|17\n|\n|t:|1699835165\n|move|p2a: Persian|Fake Out|p1a: Ogerpon\n|-damage|p1a: Ogerpon|59\/100\n|cant|p1a: Ogerpon|flinch\n|\n|upkeep\n|turn|18\n|\n|t:|1699835176\n|move|p2a: Persian|U-turn|p1a: Ogerpon\n|-supereffective|p1a: Ogerpon\n|-damage|p1a: Ogerpon|15\/100\n|\n|t:|1699835180\n|switch|p2a: Sableye|Sableye, M|31\/100|[from] U-turn\n|move|p1a: Ogerpon|Ivy Cudgel|p2a: Sableye\n|-damage|p2a: Sableye|0 fnt\n|faint|p2a: Sableye\n|\n|upkeep\n|\n|t:|1699835187\n|switch|p2a: Persian|Persian, F, tera:Normal|100\/100\n|turn|19\n|\n|t:|1699835192\n|move|p2a: Persian|U-turn|p1a: Ogerpon\n|-supereffective|p1a: Ogerpon\n|-damage|p1a: Ogerpon|0 fnt\n|faint|p1a: Ogerpon\n|\n|t:|1699835197\n|switch|p2a: Espeon|Espeon, F|100\/100|[from] U-turn\n|\n|upkeep\n|\n|t:|1699835200\n|switch|p1a: Thundurus|Thundurus-Therian, M|67\/100 brn\n|turn|20\n|\n|t:|1699835219\n|move|p2a: Espeon|Psychic|p1a: Thundurus\n|-damage|p1a: Thundurus|0 fnt\n|faint|p1a: Thundurus\n|\n|upkeep\n|\n|t:|1699835221\n|switch|p1a: Dragonite|Dragonite, M|100\/100\n|turn|21\n|\n|t:|1699835233\n|-terastallize|p1a: Dragonite|Normal\n|move|p2a: Espeon|Psychic|p1a: Dragonite\n|-damage|p1a: Dragonite|75\/100\n|move|p1a: Dragonite|Dragon Dance|p1a: Dragonite\n|-boost|p1a: Dragonite|atk|1\n|-boost|p1a: Dragonite|spe|1\n|\n|upkeep\n|turn|22\n|\n|t:|1699835249\n|move|p1a: Dragonite|Extreme Speed|p2a: Espeon\n|-damage|p2a: Espeon|0 fnt\n|faint|p2a: Espeon\n|\n|upkeep\n|\n|t:|1699835253\n|switch|p2a: Persian|Persian, F, tera:Normal|100\/100\n|turn|23\n|\n|t:|1699835256\n|move|p2a: Persian|Fake Out|p1a: Dragonite\n|-damage|p1a: Dragonite|38\/100\n|cant|p1a: Dragonite|flinch\n|\n|upkeep\n|turn|24\n|\n|t:|1699835261\n|move|p1a: Dragonite|Extreme Speed|p2a: Persian\n|-damage|p2a: Persian|0 fnt\n|faint|p2a: Persian\n|\n|win|Nasty N\n|raw|Nasty N's rating: 1142 &rarr; <strong>1173<\/strong><br \/>(+31 for winning)\n|raw|Hoelympics's rating: 1228 &rarr; <strong>1197<\/strong><br \/>(-31 for losing)\n|c|\u2606Hoelympics|gg\n","uploadtime":1699835267,"views":9,"p1id":"nastyn","p2id":"hoelympics","formatid":"gen9ou","rating":1173,"private":0,"password":""}