{"id":"gen9ou-1996712635","p1":"Aggron","p2":"glhfOvO","format":"[Gen 9] OU","log":"|j|\u2606Aggron\n|j|\u2606glhfOvO\n|t:|1700713165\n|gametype|singles\n|player|p1|Aggron|pokefan-gen4|1863\n|player|p2|glhfOvO|backersf|1892\n|teamsize|p1|6\n|teamsize|p2|6\n|gen|9\n|tier|[Gen 9] OU\n|rated|\n|rule|Sleep Clause Mod: Limit one foe put to sleep\n|rule|Species Clause: Limit one of each Pok\u00e9mon\n|rule|OHKO Clause: OHKO moves are banned\n|rule|Evasion Items Clause: Evasion items are banned\n|rule|Evasion Moves Clause: Evasion moves are banned\n|rule|Endless Battle Clause: Forcing endless battles is banned\n|rule|HP Percentage Mod: HP is shown in percentages\n|clearpoke\n|poke|p1|Sinistcha-Masterpiece|\n|poke|p1|Heatran, M|\n|poke|p1|Rillaboom, F|\n|poke|p1|Samurott-Hisui, F|\n|poke|p1|Tyranitar, F|\n|poke|p1|Pawmot, M|\n|poke|p2|Pelipper, M|\n|poke|p2|Basculegion, M|\n|poke|p2|Greninja-*, M|\n|poke|p2|Zapdos|\n|poke|p2|Iron Treads|\n|poke|p2|Kingambit, M|\n|teampreview\n|inactive|Battle timer is ON: inactive players will automatically lose when time's up. (requested by Aggron)\n|j| dfghhhg\n|\n|t:|1700713190\n|start\n|switch|p1a: Heatran|Heatran, M|100\/100\n|switch|p2a: Pelipper|Pelipper, M|100\/100\n|-item|p1a: Heatran|Air Balloon\n|-weather|RainDance|[from] ability: Drizzle|[of] p2a: Pelipper\n|turn|1\n|l| dfghhhg\n|\n|t:|1700713211\n|move|p1a: Heatran|Stealth Rock|p2a: Pelipper\n|-sidestart|p2: glhfOvO|move: Stealth Rock\n|move|p2a: Pelipper|U-turn|p1a: Heatran\n|-resisted|p1a: Heatran\n|-crit|p1a: Heatran\n|-damage|p1a: Heatran|97\/100\n|-status|p2a: Pelipper|brn|[from] ability: Flame Body|[of] p1a: Heatran\n|-enditem|p1a: Heatran|Air Balloon\n|\n|t:|1700713219\n|switch|p2a: Basculegion|Basculegion, M|100\/100|[from] U-turn\n|-damage|p2a: Basculegion|88\/100|[from] Stealth Rock\n|\n|-weather|RainDance|[upkeep]\n|upkeep\n|turn|2\n|\n|t:|1700713226\n|switch|p1a: Sinistcha|Sinistcha-Masterpiece|100\/100\n|move|p2a: Basculegion|Wave Crash|p1a: Sinistcha\n|-resisted|p1a: Sinistcha\n|-damage|p1a: Sinistcha|57\/100\n|-damage|p2a: Basculegion|75\/100|[from] Recoil\n|\n|-weather|RainDance|[upkeep]\n|upkeep\n|turn|3\n|j| dfghhhg\n|\n|t:|1700713243\n|switch|p1a: Heatran|Heatran, M|97\/100\n|move|p2a: Basculegion|Wave Crash|p1a: Heatran\n|-supereffective|p1a: Heatran\n|-damage|p1a: Heatran|0 fnt\n|-status|p2a: Basculegion|brn|[from] ability: Flame Body|[of] p1a: Heatran\n|faint|p1a: Heatran\n|-damage|p2a: Basculegion|48\/100 brn|[from] Recoil\n|\n|-weather|RainDance|[upkeep]\n|-damage|p2a: Basculegion|42\/100 brn|[from] brn\n|upkeep\n|\n|t:|1700713257\n|switch|p1a: Rillaboom|Rillaboom, F, shiny|100\/100\n|-fieldstart|move: Grassy Terrain|[from] ability: Grassy Surge|[of] p1a: Rillaboom\n|turn|4\n|\n|t:|1700713267\n|switch|p1a: Tyranitar|Tyranitar, F|100\/100\n|-weather|Sandstorm|[from] ability: Sand Stream|[of] p1a: Tyranitar\n|move|p2a: Basculegion|Wave Crash|p1a: Tyranitar\n|-supereffective|p1a: Tyranitar\n|-damage|p1a: Tyranitar|36\/100\n|-damage|p2a: Basculegion|19\/100 brn|[from] Recoil\n|\n|-weather|Sandstorm|[upkeep]\n|-damage|p2a: Basculegion|13\/100 brn|[from] Sandstorm\n|-heal|p2a: Basculegion|19\/100 brn|[from] Grassy Terrain\n|-heal|p1a: Tyranitar|42\/100|[from] Grassy Terrain\n|-damage|p2a: Basculegion|13\/100 brn|[from] brn\n|upkeep\n|turn|5\n|\n|t:|1700713281\n|switch|p1a: Sinistcha|Sinistcha-Masterpiece|57\/100\n|move|p2a: Basculegion|Wave Crash|p1a: Sinistcha\n|-resisted|p1a: Sinistcha\n|-damage|p1a: Sinistcha|44\/100\n|-damage|p2a: Basculegion|9\/100 brn|[from] Recoil\n|\n|-weather|Sandstorm|[upkeep]\n|-damage|p2a: Basculegion|3\/100 brn|[from] Sandstorm\n|-damage|p1a: Sinistcha|38\/100|[from] Sandstorm\n|-heal|p2a: Basculegion|9\/100 brn|[from] Grassy Terrain\n|-heal|p1a: Sinistcha|44\/100|[from] Grassy Terrain\n|-damage|p2a: Basculegion|3\/100 brn|[from] brn\n|upkeep\n|turn|6\n|\n|t:|1700713303\n|move|p2a: Basculegion|Wave Crash|p1a: Sinistcha\n|-resisted|p1a: Sinistcha\n|-damage|p1a: Sinistcha|30\/100\n|-damage|p2a: Basculegion|0 fnt|[from] Recoil\n|faint|p2a: Basculegion\n|move|p1a: Sinistcha|Matcha Gotcha|p2: Basculegion|[notarget]\n|-fail|p1a: Sinistcha\n|\n|-weather|Sandstorm|[upkeep]\n|-damage|p1a: Sinistcha|24\/100|[from] Sandstorm\n|-heal|p1a: Sinistcha|30\/100|[from] Grassy Terrain\n|upkeep\n|inactive|glhfOvO has 120 seconds left.\n|\n|t:|1700713327\n|switch|p2a: Iron Treads|Iron Treads|100\/100\n|-damage|p2a: Iron Treads|97\/100|[from] Stealth Rock\n|-enditem|p2a: Iron Treads|Booster Energy\n|-activate|p2a: Iron Treads|ability: Quark Drive|[fromitem]\n|-start|p2a: Iron Treads|quarkdrivespe\n|turn|7\n|inactive|glhfOvO has 120 seconds left.\n|\n|t:|1700713334\n|move|p2a: Iron Treads|Ice Spinner|p1a: Sinistcha\n|-supereffective|p1a: Sinistcha\n|-damage|p1a: Sinistcha|0 fnt\n|-fieldend|move: Grassy Terrain\n|faint|p1a: Sinistcha\n|\n|-weather|Sandstorm|[upkeep]\n|upkeep\n|\n|t:|1700713349\n|switch|p1a: Samurott|Samurott-Hisui, F|100\/100\n|turn|8\n|\n|t:|1700713354\n|move|p2a: Iron Treads|Rapid Spin|p1a: Samurott\n|-damage|p1a: Samurott|81\/100\n|-boost|p2a: Iron Treads|spe|1\n|-sideend|p2: glhfOvO|Stealth Rock|[from] move: Rapid Spin|[of] p2a: Iron Treads\n|move|p1a: Samurott|Ceaseless Edge|p2a: Iron Treads\n|-damage|p2a: Iron Treads|60\/100\n|-sidestart|p2: glhfOvO|Spikes\n|\n|-weather|none\n|upkeep\n|turn|9\n|\n|t:|1700713363\n|move|p2a: Iron Treads|Earthquake|p1a: Samurott\n|-damage|p1a: Samurott|16\/100\n|move|p1a: Samurott|Ceaseless Edge|p2a: Iron Treads\n|-damage|p2a: Iron Treads|18\/100\n|-sidestart|p2: glhfOvO|Spikes\n|\n|upkeep\n|turn|10\n|j| Sagiae999\n|\n|t:|1700713373\n|move|p1a: Samurott|Sucker Punch|p2a: Iron Treads\n|-damage|p2a: Iron Treads|0 fnt\n|faint|p2a: Iron Treads\n|-end|p2a: Iron Treads|Quark Drive|[silent]\n|\n|upkeep\n|\n|t:|1700713383\n|switch|p2a: Zapdos|Zapdos, shiny|100\/100\n|turn|11\n|\n|t:|1700713387\n|switch|p1a: Tyranitar|Tyranitar, F|42\/100\n|-weather|Sandstorm|[from] ability: Sand Stream|[of] p1a: Tyranitar\n|move|p2a: Zapdos|Volt Switch|p1a: Tyranitar\n|-damage|p1a: Tyranitar|23\/100\n|\n|t:|1700713394\n|switch|p2a: Pelipper|Pelipper, M|100\/100 brn|[from] Volt Switch\n|-weather|RainDance|[from] ability: Drizzle|[of] p2a: Pelipper\n|\n|-weather|RainDance|[upkeep]\n|-damage|p2a: Pelipper|94\/100 brn|[from] brn\n|upkeep\n|turn|12\n|\n|t:|1700713413\n|move|p2a: Pelipper|Surf|p1a: Tyranitar\n|-supereffective|p1a: Tyranitar\n|-damage|p1a: Tyranitar|0 fnt\n|faint|p1a: Tyranitar\n|\n|-weather|RainDance|[upkeep]\n|-damage|p2a: Pelipper|88\/100 brn|[from] brn\n|upkeep\n|\n|t:|1700713418\n|switch|p1a: Pawmot|Pawmot, M|100\/100\n|turn|13\n|\n|t:|1700713425\n|move|p1a: Pawmot|Double Shock|p2a: Pelipper\n|-supereffective|p2a: Pelipper\n|-damage|p2a: Pelipper|0 fnt\n|-start|p1a: Pawmot|typechange|???\/Fighting|[from] move: Double Shock\n|faint|p2a: Pelipper\n|\n|-weather|RainDance|[upkeep]\n|upkeep\n|\n|t:|1700713435\n|switch|p2a: Zapdos|Zapdos, shiny|100\/100\n|turn|14\n|\n|t:|1700713439\n|-terastallize|p1a: Pawmot|Electric\n|move|p1a: Pawmot|Double Shock|p2a: Zapdos\n|-damage|p2a: Zapdos|21\/100\n|-start|p1a: Pawmot|typechange|Electric|[from] move: Double Shock\n|move|p2a: Zapdos|Hurricane|p1a: Pawmot\n|-resisted|p1a: Pawmot\n|-damage|p1a: Pawmot|50\/100\n|\n|-weather|RainDance|[upkeep]\n|upkeep\n|turn|15\n|\n|t:|1700713450\n|move|p1a: Pawmot|Double Shock|p2a: Zapdos\n|-damage|p2a: Zapdos|0 fnt\n|-start|p1a: Pawmot|typechange|Electric|[from] move: Double Shock\n|faint|p2a: Zapdos\n|\n|-weather|RainDance|[upkeep]\n|upkeep\n|\n|t:|1700713456\n|switch|p2a: Greninja|Greninja, M|100\/100\n|-damage|p2a: Greninja|84\/100|[from] Spikes\n|turn|16\n|\n|t:|1700713466\n|move|p1a: Pawmot|Double Shock|p2a: Greninja\n|-supereffective|p2a: Greninja\n|-damage|p2a: Greninja|0 fnt\n|-start|p1a: Pawmot|typechange|Electric|[from] move: Double Shock\n|faint|p2a: Greninja\n|\n|-weather|RainDance|[upkeep]\n|upkeep\n|\n|t:|1700713473\n|switch|p2a: Kingambit|Kingambit, M|100\/100\n|-damage|p2a: Kingambit|84\/100|[from] Spikes\n|-activate|p2a: Kingambit|ability: Supreme Overlord\n|-start|p2a: Kingambit|fallen5|[silent]\n|turn|17\n|j| SwabbyYabby\n|\n|t:|1700713482\n|switch|p1a: Rillaboom|Rillaboom, F, shiny|100\/100\n|-fieldstart|move: Grassy Terrain|[from] ability: Grassy Surge|[of] p1a: Rillaboom\n|move|p2a: Kingambit|Sucker Punch||[still]\n|-fail|p2a: Kingambit\n|\n|-weather|RainDance|[upkeep]\n|-heal|p2a: Kingambit|90\/100|[from] Grassy Terrain\n|upkeep\n|turn|18\n|\n|t:|1700713491\n|move|p1a: Rillaboom|High Horsepower|p2a: Kingambit\n|-supereffective|p2a: Kingambit\n|-damage|p2a: Kingambit|2\/100\n|move|p2a: Kingambit|Swords Dance|p2a: Kingambit\n|-boost|p2a: Kingambit|atk|2\n|\n|-weather|none\n|-heal|p2a: Kingambit|8\/100|[from] Grassy Terrain\n|upkeep\n|turn|19\n|\n|t:|1700713500\n|move|p2a: Kingambit|Sucker Punch|p1a: Rillaboom\n|-damage|p1a: Rillaboom|0 fnt\n|faint|p1a: Rillaboom\n|\n|-heal|p2a: Kingambit|14\/100|[from] Grassy Terrain\n|upkeep\n|\n|t:|1700713503\n|switch|p1a: Samurott|Samurott-Hisui, F|16\/100\n|turn|20\n|\n|t:|1700713513\n|move|p2a: Kingambit|Sucker Punch||[still]\n|-fail|p2a: Kingambit\n|move|p1a: Samurott|Encore|p2a: Kingambit\n|-start|p2a: Kingambit|Encore\n|\n|-heal|p1a: Samurott|22\/100|[from] Grassy Terrain\n|-heal|p2a: Kingambit|20\/100|[from] Grassy Terrain\n|upkeep\n|turn|21\n|\n|t:|1700713518\n|move|p1a: Samurott|Sucker Punch|p2a: Kingambit\n|-resisted|p2a: Kingambit\n|-damage|p2a: Kingambit|6\/100\n|move|p2a: Kingambit|Sucker Punch||[still]\n|-fail|p2a: Kingambit\n|\n|-heal|p1a: Samurott|29\/100|[from] Grassy Terrain\n|-heal|p2a: Kingambit|13\/100|[from] Grassy Terrain\n|-fieldend|move: Grassy Terrain\n|upkeep\n|turn|22\n|\n|t:|1700713522\n|move|p1a: Samurott|Sucker Punch|p2a: Kingambit\n|-resisted|p2a: Kingambit\n|-damage|p2a: Kingambit|0 fnt\n|faint|p2a: Kingambit\n|-end|p2a: Kingambit|fallen5|[silent]\n|\n|win|Aggron\n|raw|Aggron's rating: 1863 &rarr; <strong>1885<\/strong><br \/>(+22 for winning)\n|raw|glhfOvO's rating: 1892 &rarr; <strong>1870<\/strong><br \/>(-22 for losing)\n|l|\u2606glhfOvO\n","uploadtime":1700713544,"views":8,"p1id":"aggron","p2id":"glhfovo","formatid":"gen9ou","rating":1870,"private":0,"password":""}