{"id":"gen9ou-1997392345","p1":"Pikalol25","p2":"RepeatUntilTired3","format":"[Gen 9] OU","log":"|j|\u2606Pikalol25\n|j|\u2606RepeatUntilTired3\n|t:|1700798225\n|gametype|singles\n|player|p1|Pikalol25|tate|1679\n|player|p2|RepeatUntilTired3|marlon|1610\n|teamsize|p1|6\n|teamsize|p2|6\n|gen|9\n|tier|[Gen 9] OU\n|rated|\n|rule|Sleep Clause Mod: Limit one foe put to sleep\n|rule|Species Clause: Limit one of each Pok\u00e9mon\n|rule|OHKO Clause: OHKO moves are banned\n|rule|Evasion Items Clause: Evasion items are banned\n|rule|Evasion Moves Clause: Evasion moves are banned\n|rule|Endless Battle Clause: Forcing endless battles is banned\n|rule|HP Percentage Mod: HP is shown in percentages\n|clearpoke\n|poke|p1|Torkoal, M|\n|poke|p1|Hatterene, F|\n|poke|p1|Walking Wake|\n|poke|p1|Haxorus, F|\n|poke|p1|Scovillain, F|\n|poke|p1|Great Tusk|\n|poke|p2|Basculegion, M|\n|poke|p2|Thundurus-Therian, M|\n|poke|p2|Tornadus-Therian, M|\n|poke|p2|Pelipper, M|\n|poke|p2|Iron Treads|\n|poke|p2|Samurott-Hisui, M|\n|teampreview\n|inactive|Battle timer is ON: inactive players will automatically lose when time's up. (requested by Pikalol25)\n|c|\u2606Pikalol25|hf\n|j| Phasmyx\n|inactive|RepeatUntilTired3 has 120 seconds left.\n|\n|t:|1700798256\n|start\n|switch|p1a: Tuskuthy|Great Tusk|100\/100\n|switch|p2a: Him|Tornadus-Therian, M|100\/100\n|turn|1\n|\n|t:|1700798263\n|-end|p1a: Tuskuthy|Protosynthesis|[silent]\n|switch|p1a: Witch joint|Hatterene, F|100\/100\n|move|p2a: Him|Air Slash|p1a: Witch joint\n|-damage|p1a: Witch joint|49\/100\n|-enditem|p1a: Witch joint|Eject Button\n|\n|t:|1700798264\n|switch|p1a: Sun joint|Torkoal, M|100\/100\n|-weather|SunnyDay|[from] ability: Drought|[of] p1a: Sun joint\n|\n|-weather|SunnyDay|[upkeep]\n|upkeep\n|turn|2\n|\n|t:|1700798272\n|switch|p2a: BidDaddyPel|Pelipper, M|100\/100\n|-weather|RainDance|[from] ability: Drizzle|[of] p2a: BidDaddyPel\n|switch|p1a: Siuuuucune|Walking Wake|100\/100\n|\n|-weather|RainDance|[upkeep]\n|upkeep\n|turn|3\n|j| Ducklett Squad\n|\n|t:|1700798290\n|-terastallize|p1a: Siuuuucune|Water\n|move|p1a: Siuuuucune|Hydro Steam|p2a: BidDaddyPel\n|-resisted|p2a: BidDaddyPel\n|-damage|p2a: BidDaddyPel|44\/100\n|move|p2a: BidDaddyPel|Roost|p2a: BidDaddyPel\n|-heal|p2a: BidDaddyPel|94\/100\n|-singleturn|p2a: BidDaddyPel|move: Roost\n|\n|-weather|RainDance|[upkeep]\n|upkeep\n|turn|4\n|l| Ducklett Squad\n|\n|t:|1700798303\n|move|p1a: Siuuuucune|Hydro Steam|p2a: BidDaddyPel\n|-resisted|p2a: BidDaddyPel\n|-damage|p2a: BidDaddyPel|40\/100\n|move|p2a: BidDaddyPel|U-turn|p1a: Siuuuucune\n|-damage|p1a: Siuuuucune|91\/100\n|\n|t:|1700798315\n|switch|p2a: Him|Tornadus-Therian, M|100\/100|[from] U-turn\n|\n|-weather|RainDance|[upkeep]\n|upkeep\n|turn|5\n|\n|t:|1700798320\n|move|p2a: Him|Hurricane|p1a: Siuuuucune\n|-damage|p1a: Siuuuucune|0 fnt\n|faint|p1a: Siuuuucune\n|-end|p1a: Siuuuucune|Protosynthesis|[silent]\n|\n|-weather|RainDance|[upkeep]\n|upkeep\n|\n|t:|1700798325\n|switch|p1a: Sun joint|Torkoal, M|100\/100\n|-weather|SunnyDay|[from] ability: Drought|[of] p1a: Sun joint\n|turn|6\n|\n|t:|1700798331\n|switch|p2a: BidDaddyPel|Pelipper, M|40\/100\n|-weather|RainDance|[from] ability: Drizzle|[of] p2a: BidDaddyPel\n|switch|p1a: Witch joint|Hatterene, F|49\/100\n|\n|-weather|RainDance|[upkeep]\n|upkeep\n|turn|7\n|\n|t:|1700798338\n|move|p2a: BidDaddyPel|U-turn|p1a: Witch joint\n|-damage|p1a: Witch joint|42\/100\n|\n|t:|1700798343\n|switch|p2a: Droideka|Iron Treads|100\/100|[from] U-turn\n|move|p1a: Witch joint|Psychic|p2a: Droideka\n|-resisted|p2a: Droideka\n|-damage|p2a: Droideka|86\/100\n|\n|-weather|RainDance|[upkeep]\n|-heal|p2a: Droideka|92\/100|[from] item: Leftovers\n|upkeep\n|turn|8\n|\n|t:|1700798351\n|move|p2a: Droideka|Knock Off|p1a: Witch joint\n|-damage|p1a: Witch joint|26\/100\n|move|p1a: Witch joint|Healing Wish|p1a: Witch joint\n|faint|p1a: Witch joint\n|\n|-weather|RainDance|[upkeep]\n|-heal|p2a: Droideka|98\/100|[from] item: Leftovers\n|upkeep\n|\n|t:|1700798354\n|switch|p1a: Tuskuthy|Great Tusk|100\/100\n|turn|9\n|\n|t:|1700798368\n|-end|p2a: Droideka|Quark Drive|[silent]\n|switch|p2a: FatThor|Thundurus-Therian, M|100\/100\n|move|p1a: Tuskuthy|Close Combat|p2a: FatThor\n|-resisted|p2a: FatThor\n|-damage|p2a: FatThor|53\/100\n|-unboost|p1a: Tuskuthy|def|1\n|-unboost|p1a: Tuskuthy|spd|1\n|-enditem|p1a: Tuskuthy|Eject Pack\n|\n|t:|1700798375\n|-end|p1a: Tuskuthy|Protosynthesis|[silent]\n|switch|p1a: Sun joint|Torkoal, M|100\/100\n|-weather|SunnyDay|[from] ability: Drought|[of] p1a: Sun joint\n|\n|-weather|SunnyDay|[upkeep]\n|upkeep\n|turn|10\n|\n|t:|1700798388\n|switch|p2a: BidDaddyPel|Pelipper, M|40\/100\n|-weather|RainDance|[from] ability: Drizzle|[of] p2a: BidDaddyPel\n|switch|p1a: Haxorus|Haxorus, F, shiny|100\/100\n|-ability|p1a: Haxorus|Mold Breaker\n|\n|-weather|RainDance|[upkeep]\n|upkeep\n|turn|11\n|\n|t:|1700798400\n|switch|p2a: KingSalmon|Basculegion, M|100\/100\n|move|p1a: Haxorus|Outrage|p2a: KingSalmon\n|-damage|p2a: KingSalmon|0 fnt\n|faint|p2a: KingSalmon\n|\n|-weather|RainDance|[upkeep]\n|upkeep\n|inactive|RepeatUntilTired3 has 120 seconds left.\n|\n|t:|1700798428\n|switch|p2a: Droideka|Iron Treads|98\/100\n|turn|12\n|\n|t:|1700798438\n|move|p1a: Haxorus|Outrage|p2a: Droideka|[from]lockedmove\n|-resisted|p2a: Droideka\n|-damage|p2a: Droideka|58\/100\n|-start|p1a: Haxorus|confusion|[fatigue]\n|move|p2a: Droideka|Knock Off|p1a: Haxorus\n|-damage|p1a: Haxorus|68\/100\n|-enditem|p1a: Haxorus|Choice Band|[from] move: Knock Off|[of] p2a: Droideka\n|\n|-weather|RainDance|[upkeep]\n|-heal|p2a: Droideka|64\/100|[from] item: Leftovers\n|upkeep\n|turn|13\n|inactive|RepeatUntilTired3 has 120 seconds left.\n|\n|t:|1700798456\n|-activate|p1a: Haxorus|confusion\n|move|p1a: Haxorus|Earthquake|p2a: Droideka\n|-supereffective|p2a: Droideka\n|-damage|p2a: Droideka|8\/100\n|move|p2a: Droideka|Stealth Rock|p1a: Haxorus\n|-sidestart|p1: Pikalol25|move: Stealth Rock\n|\n|-weather|RainDance|[upkeep]\n|-heal|p2a: Droideka|14\/100|[from] item: Leftovers\n|upkeep\n|turn|14\n|\n|t:|1700798464\n|-activate|p1a: Haxorus|confusion\n|move|p1a: Haxorus|Earthquake|p2a: Droideka\n|-supereffective|p2a: Droideka\n|-damage|p2a: Droideka|0 fnt\n|faint|p2a: Droideka\n|-end|p2a: Droideka|Quark Drive|[silent]\n|\n|-weather|RainDance|[upkeep]\n|upkeep\n|\n|t:|1700798473\n|switch|p2a: Him|Tornadus-Therian, M|100\/100\n|turn|15\n|\n|t:|1700798479\n|switch|p1a: Tuskuthy|Great Tusk|100\/100\n|-damage|p1a: Tuskuthy|98\/100|[from] Stealth Rock\n|move|p2a: Him|Hurricane|p1a: Tuskuthy\n|-supereffective|p1a: Tuskuthy\n|-damage|p1a: Tuskuthy|0 fnt\n|faint|p1a: Tuskuthy\n|-end|p1a: Tuskuthy|Protosynthesis|[silent]\n|\n|-weather|RainDance|[upkeep]\n|upkeep\n|\n|t:|1700798481\n|switch|p1a: Sun joint|Torkoal, M|100\/100\n|-damage|p1a: Sun joint|76\/100|[from] Stealth Rock\n|-weather|SunnyDay|[from] ability: Drought|[of] p1a: Sun joint\n|turn|16\n|\n|t:|1700798493\n|switch|p1a: Haxorus|Haxorus, F, shiny|68\/100\n|-heal|p1a: Haxorus|100\/100|[from] move: Healing Wish\n|-damage|p1a: Haxorus|88\/100|[from] Stealth Rock\n|-ability|p1a: Haxorus|Mold Breaker\n|move|p2a: Him|Hurricane|p1a: Haxorus|[miss]\n|-miss|p2a: Him|p1a: Haxorus\n|\n|-weather|SunnyDay|[upkeep]\n|upkeep\n|turn|17\n|\n|t:|1700798505\n|switch|p2a: Dauntless|Samurott-Hisui, M|100\/100\n|move|p1a: Haxorus|Outrage|p2a: Dauntless\n|-crit|p2a: Dauntless\n|-damage|p2a: Dauntless|0 fnt\n|faint|p2a: Dauntless\n|\n|-weather|SunnyDay|[upkeep]\n|upkeep\n|\n|t:|1700798521\n|switch|p2a: FatThor|Thundurus-Therian, M|53\/100\n|turn|18\n|\n|t:|1700798528\n|move|p2a: FatThor|Psychic|p1a: Haxorus\n|-damage|p1a: Haxorus|37\/100\n|move|p1a: Haxorus|Outrage|p2a: FatThor|[from]lockedmove\n|-damage|p2a: FatThor|0 fnt\n|faint|p2a: FatThor\n|\n|-weather|SunnyDay|[upkeep]\n|upkeep\n|\n|t:|1700798535\n|switch|p2a: Him|Tornadus-Therian, M|100\/100\n|turn|19\n|\n|t:|1700798539\n|move|p2a: Him|Air Slash|p1a: Haxorus\n|-damage|p1a: Haxorus|0 fnt\n|faint|p1a: Haxorus\n|\n|-weather|SunnyDay|[upkeep]\n|upkeep\n|\n|t:|1700798542\n|switch|p1a: Habenaro|Scovillain, F|100\/100\n|-damage|p1a: Habenaro|76\/100|[from] Stealth Rock\n|turn|20\n|\n|t:|1700798546\n|switch|p2a: BidDaddyPel|Pelipper, M|40\/100\n|-weather|RainDance|[from] ability: Drizzle|[of] p2a: BidDaddyPel\n|move|p1a: Habenaro|Flamethrower|p2a: BidDaddyPel\n|-resisted|p2a: BidDaddyPel\n|-damage|p2a: BidDaddyPel|28\/100\n|-status|p2a: BidDaddyPel|brn\n|-damage|p1a: Habenaro|66\/100|[from] item: Life Orb\n|\n|-weather|RainDance|[upkeep]\n|-damage|p2a: BidDaddyPel|22\/100 brn|[from] brn\n|upkeep\n|turn|21\n|\n|t:|1700798557\n|switch|p2a: Him|Tornadus-Therian, M|100\/100\n|move|p1a: Habenaro|Giga Drain|p2a: Him\n|-resisted|p2a: Him\n|-damage|p2a: Him|74\/100\n|-heal|p1a: Habenaro|81\/100|[from] drain|[of] p2a: Him\n|-damage|p1a: Habenaro|71\/100|[from] item: Life Orb\n|\n|-weather|RainDance|[upkeep]\n|upkeep\n|turn|22\n|\n|t:|1700798568\n|switch|p1a: Sun joint|Torkoal, M|76\/100\n|-damage|p1a: Sun joint|51\/100|[from] Stealth Rock\n|-weather|SunnyDay|[from] ability: Drought|[of] p1a: Sun joint\n|move|p2a: Him|Weather Ball|p1a: Sun joint\n|-resisted|p1a: Sun joint\n|-damage|p1a: Sun joint|3\/100\n|\n|-weather|SunnyDay|[upkeep]\n|upkeep\n|turn|23\n|\n|t:|1700798577\n|move|p2a: Him|Weather Ball|p1a: Sun joint\n|-resisted|p1a: Sun joint\n|-damage|p1a: Sun joint|0 fnt\n|faint|p1a: Sun joint\n|\n|-weather|SunnyDay|[upkeep]\n|upkeep\n|\n|t:|1700798579\n|switch|p1a: Habenaro|Scovillain, F|71\/100\n|-damage|p1a: Habenaro|46\/100|[from] Stealth Rock\n|turn|24\n|\n|t:|1700798585\n|switch|p2a: BidDaddyPel|Pelipper, M|22\/100 brn\n|-weather|RainDance|[from] ability: Drizzle|[of] p2a: BidDaddyPel\n|move|p1a: Habenaro|Flamethrower|p2a: BidDaddyPel\n|-resisted|p2a: BidDaddyPel\n|-damage|p2a: BidDaddyPel|9\/100 brn\n|-damage|p1a: Habenaro|36\/100|[from] item: Life Orb\n|\n|-weather|RainDance|[upkeep]\n|-damage|p2a: BidDaddyPel|2\/100 brn|[from] brn\n|upkeep\n|turn|25\n|c|\u2606Pikalol25|gg\n|\n|t:|1700798595\n|move|p1a: Habenaro|Giga Drain|p2a: BidDaddyPel\n|-damage|p2a: BidDaddyPel|0 fnt\n|-heal|p1a: Habenaro|37\/100|[from] drain|[of] p2a: BidDaddyPel\n|faint|p2a: BidDaddyPel\n|-damage|p1a: Habenaro|27\/100|[from] item: Life Orb\n|\n|-weather|RainDance|[upkeep]\n|upkeep\n|c|\u2606RepeatUntilTired3|gg\n|\n|t:|1700798601\n|switch|p2a: Him|Tornadus-Therian, M|100\/100\n|turn|26\n|\n|t:|1700798604\n|move|p2a: Him|Hurricane|p1a: Habenaro\n|-supereffective|p1a: Habenaro\n|-damage|p1a: Habenaro|0 fnt\n|faint|p1a: Habenaro\n|\n|win|RepeatUntilTired3\n|raw|Pikalol25's rating: 1679 &rarr; <strong>1655<\/strong><br \/>(-24 for losing)\n|raw|RepeatUntilTired3's rating: 1610 &rarr; <strong>1634<\/strong><br \/>(+24 for winning)\n","uploadtime":1700798611,"views":30,"p1id":"pikalol25","p2id":"repeatuntiltired3","formatid":"gen9ou","rating":1634,"private":0,"password":""}