{"id":"gen9ou-1991267889","p1":"ElFelikz","p2":"dddddqweasdaqq","format":"[Gen 9] OU","log":"|j|\u2606ElFelikz\n|j|\u2606dddddqweasdaqq\n|t:|1700062806\n|gametype|singles\n|player|p1|ElFelikz|veteran|1040\n|player|p2|dddddqweasdaqq|gentleman|1061\n|teamsize|p1|6\n|teamsize|p2|6\n|gen|9\n|tier|[Gen 9] OU\n|rated|\n|rule|Sleep Clause Mod: Limit one foe put to sleep\n|rule|Species Clause: Limit one of each Pok\u00e9mon\n|rule|OHKO Clause: OHKO moves are banned\n|rule|Evasion Items Clause: Evasion items are banned\n|rule|Evasion Moves Clause: Evasion moves are banned\n|rule|Endless Battle Clause: Forcing endless battles is banned\n|rule|HP Percentage Mod: HP is shown in percentages\n|clearpoke\n|poke|p1|Walking Wake|\n|poke|p1|Cinderace, F|\n|poke|p1|Ninetales, F|\n|poke|p1|Brute Bonnet|\n|poke|p1|Hatterene, F|\n|poke|p1|Great Tusk|\n|poke|p2|Zapdos|\n|poke|p2|Slowking-Galar, F|\n|poke|p2|Perrserker, F|\n|poke|p2|Great Tusk|\n|poke|p2|Crawdaunt, F|\n|poke|p2|Mandibuzz, F|\n|teampreview\n|\n|t:|1700062841\n|start\n|switch|p1a: Hatterene|Hatterene, F|100\/100\n|switch|p2a: Slowking|Slowking-Galar, F|100\/100\n|turn|1\n|\n|t:|1700062855\n|move|p1a: Hatterene|Nuzzle|p2a: Slowking\n|-crit|p2a: Slowking\n|-damage|p2a: Slowking|96\/100\n|-status|p2a: Slowking|par\n|move|p2a: Slowking|Trick Room|p2a: Slowking\n|-fieldstart|move: Trick Room|[of] p2a: Slowking\n|\n|upkeep\n|turn|2\n|\n|t:|1700062869\n|switch|p2a: Perrserker|Perrserker, F|100\/100\n|move|p1a: Hatterene|Psychic|p2a: Perrserker\n|-resisted|p2a: Perrserker\n|-damage|p2a: Perrserker|71\/100\n|\n|upkeep\n|turn|3\n|\n|t:|1700062909\n|switch|p1a: Brute Bonnet|Brute Bonnet|100\/100\n|move|p2a: Perrserker|Iron Head|p1a: Brute Bonnet\n|-damage|p1a: Brute Bonnet|46\/100\n|\n|upkeep\n|turn|4\n|\n|t:|1700062927\n|move|p2a: Perrserker|Iron Head|p1a: Brute Bonnet\n|-damage|p1a: Brute Bonnet|0 fnt\n|faint|p1a: Brute Bonnet\n|-end|p1a: Brute Bonnet|Protosynthesis|[silent]\n|\n|upkeep\n|\n|t:|1700062937\n|switch|p1a: Walking Wake|Walking Wake|100\/100\n|turn|5\n|\n|t:|1700062967\n|move|p2a: Perrserker|Gyro Ball|p1a: Walking Wake\n|-resisted|p1a: Walking Wake\n|-damage|p1a: Walking Wake|42\/100\n|move|p1a: Walking Wake|Flamethrower|p2a: Perrserker\n|-supereffective|p2a: Perrserker\n|-damage|p2a: Perrserker|0 fnt\n|faint|p2a: Perrserker\n|\n|-fieldend|move: Trick Room\n|upkeep\n|inactive|Battle timer is ON: inactive players will automatically lose when time's up. (requested by ElFelikz)\n|\n|t:|1700062986\n|switch|p2a: Zapdos|Zapdos|100\/100\n|turn|6\n|\n|t:|1700062997\n|-end|p1a: Walking Wake|Protosynthesis|[silent]\n|switch|p1a: Great Tusk|Great Tusk|100\/100\n|move|p2a: Zapdos|Volt Switch|p1a: Great Tusk\n|-immune|p1a: Great Tusk\n|\n|upkeep\n|turn|7\n|\n|t:|1700063010\n|-end|p1a: Great Tusk|Protosynthesis|[silent]\n|switch|p1a: Hatterene|Hatterene, F|100\/100\n|move|p2a: Zapdos|Volt Switch|p1a: Hatterene\n|-damage|p1a: Hatterene|78\/100\n|-enditem|p1a: Hatterene|Eject Button\n|\n|t:|1700063029\n|switch|p1a: Walking Wake|Walking Wake|42\/100\n|\n|upkeep\n|turn|8\n|\n|t:|1700063041\n|switch|p2a: Slowking|Slowking-Galar, F|100\/100 par\n|move|p1a: Walking Wake|Draco Meteor|p2a: Slowking\n|-damage|p2a: Slowking|51\/100 par\n|-unboost|p1a: Walking Wake|spa|2\n|\n|upkeep\n|turn|9\n|\n|t:|1700063053\n|-end|p1a: Walking Wake|Protosynthesis|[silent]\n|switch|p1a: Great Tusk|Great Tusk|100\/100\n|move|p2a: Slowking|Chilly Reception|p2a: Slowking\n|-weather|Snow\n|\n|t:|1700063061\n|switch|p2a: Zapdos|Zapdos|100\/100|[from] Chilly Reception\n|\n|-weather|Snow|[upkeep]\n|upkeep\n|turn|10\n|\n|t:|1700063070\n|move|p1a: Great Tusk|Ice Spinner|p2a: Zapdos\n|-supereffective|p2a: Zapdos\n|-damage|p2a: Zapdos|55\/100\n|move|p2a: Zapdos|Hurricane|p1a: Great Tusk\n|-supereffective|p1a: Great Tusk\n|-damage|p1a: Great Tusk|0 fnt\n|faint|p1a: Great Tusk\n|-end|p1a: Great Tusk|Protosynthesis|[silent]\n|\n|-weather|Snow|[upkeep]\n|upkeep\n|\n|t:|1700063076\n|switch|p1a: Ninetales|Ninetales, F|100\/100\n|-weather|SunnyDay|[from] ability: Drought|[of] p1a: Ninetales\n|turn|11\n|\n|t:|1700063084\n|move|p1a: Ninetales|Overheat|p2a: Zapdos\n|-damage|p2a: Zapdos|16\/100\n|-unboost|p1a: Ninetales|spa|2\n|move|p2a: Zapdos|Roost|p2a: Zapdos\n|-heal|p2a: Zapdos|66\/100\n|-singleturn|p2a: Zapdos|move: Roost\n|\n|-weather|SunnyDay|[upkeep]\n|upkeep\n|turn|12\n|-message|ElFelikz forfeited.\n|\n|win|dddddqweasdaqq\n|raw|ElFelikz's rating: 1040 &rarr; <strong>1025<\/strong><br \/>(-15 for losing)\n|raw|dddddqweasdaqq's rating: 1061 &rarr; <strong>1090<\/strong><br \/>(+29 for winning)\n|l|\u2606ElFelikz\n","uploadtime":1700063097,"views":7,"p1id":"elfelikz","p2id":"dddddqweasdaqq","formatid":"gen9ou","rating":1025,"private":0,"password":""}