{"id":"gen9ou-1994121043","p1":"har0tt","p2":"yyysneasel","format":"[Gen 9] OU","log":"|j|\u2606har0tt\n|j|\u2606yyysneasel\n|t:|1700409362\n|gametype|singles\n|player|p1|har0tt|ghetsis-gen5bw|1785\n|player|p2|yyysneasel|bugcatcher-gen4dp|1762\n|teamsize|p1|6\n|teamsize|p2|6\n|gen|9\n|tier|[Gen 9] OU\n|rated|\n|rule|Sleep Clause Mod: Limit one foe put to sleep\n|rule|Species Clause: Limit one of each Pok\u00e9mon\n|rule|OHKO Clause: OHKO moves are banned\n|rule|Evasion Items Clause: Evasion items are banned\n|rule|Evasion Moves Clause: Evasion moves are banned\n|rule|Endless Battle Clause: Forcing endless battles is banned\n|rule|HP Percentage Mod: HP is shown in percentages\n|clearpoke\n|poke|p1|Pelipper, M|\n|poke|p1|Volcanion|\n|poke|p1|Barraskewda, M|\n|poke|p1|Zapdos|\n|poke|p1|Corviknight, F|\n|poke|p1|Tornadus-Therian, M|\n|poke|p2|Corviknight, M|\n|poke|p2|Toxapex, F|\n|poke|p2|Dondozo, M|\n|poke|p2|Slowking-Galar, M|\n|poke|p2|Blissey, F|\n|poke|p2|Jirachi|\n|teampreview\n|inactive|Battle timer is ON: inactive players will automatically lose when time's up. (requested by har0tt)\n|inactive|yyysneasel has 120 seconds left.\n|\n|t:|1700409396\n|start\n|switch|p1a: bi-curious|Pelipper, M, shiny|100\/100\n|switch|p2a: stannin on bihness|Toxapex, F|100\/100\n|-weather|RainDance|[from] ability: Drizzle|[of] p1a: bi-curious\n|turn|1\n|j| dfghhhg\n|\n|t:|1700409424\n|move|p1a: bi-curious|Knock Off|p2a: stannin on bihness\n|-damage|p2a: stannin on bihness|93\/100\n|-enditem|p2a: stannin on bihness|Heavy-Duty Boots|[from] move: Knock Off|[of] p1a: bi-curious\n|move|p2a: stannin on bihness|Toxic|p1a: bi-curious\n|-status|p1a: bi-curious|tox\n|\n|-weather|RainDance|[upkeep]\n|-damage|p1a: bi-curious|95\/100 tox|[from] psn\n|upkeep\n|turn|2\n|j| OMG WEMBANYAMA\n|\n|t:|1700409427\n|move|p1a: bi-curious|U-turn|p2a: stannin on bihness\n|-resisted|p2a: stannin on bihness\n|-damage|p2a: stannin on bihness|91\/100\n|\n|t:|1700409433\n|switch|p1a: taser|Zapdos|100\/100|[from] U-turn\n|move|p2a: stannin on bihness|Infestation|p1a: taser\n|-resisted|p1a: taser\n|-damage|p1a: taser|99\/100\n|-activate|p1a: taser|move: Infestation|[of] p2a: stannin on bihness\n|\n|-weather|RainDance|[upkeep]\n|-damage|p1a: taser|86\/100|[from] move: Infestation|[partiallytrapped]\n|upkeep\n|turn|3\n|j| ShedTailHater\n|\n|t:|1700409438\n|move|p1a: taser|Volt Switch|p2a: stannin on bihness\n|-supereffective|p2a: stannin on bihness\n|-damage|p2a: stannin on bihness|19\/100\n|\n|t:|1700409451\n|switch|p1a: dont mute me mods|Barraskewda, M, shiny|100\/100|[from] Volt Switch\n|move|p2a: stannin on bihness|Toxic|p1a: dont mute me mods\n|-status|p1a: dont mute me mods|tox\n|\n|-weather|RainDance|[upkeep]\n|-damage|p1a: dont mute me mods|94\/100 tox|[from] psn\n|upkeep\n|turn|4\n|\n|t:|1700409461\n|switch|p2a: Ripbozo \ud83d\ude02 \ud83d\ude02|Dondozo, M|100\/100\n|move|p1a: dont mute me mods|Flip Turn|p2a: Ripbozo \ud83d\ude02 \ud83d\ude02\n|-resisted|p2a: Ripbozo \ud83d\ude02 \ud83d\ude02\n|-damage|p2a: Ripbozo \ud83d\ude02 \ud83d\ude02|83\/100\n|\n|t:|1700409464\n|switch|p1a: UBLAHAHGJAAH|Volcanion|100\/100|[from] Flip Turn\n|\n|-weather|RainDance|[upkeep]\n|-heal|p2a: Ripbozo \ud83d\ude02 \ud83d\ude02|89\/100|[from] item: Leftovers\n|upkeep\n|turn|5\n|\n|t:|1700409469\n|switch|p2a: Blissey|Blissey, F|100\/100\n|-terastallize|p1a: UBLAHAHGJAAH|Water\n|move|p1a: UBLAHAHGJAAH|Steam Eruption|p2a: Blissey\n|-damage|p2a: Blissey|28\/100\n|-status|p2a: Blissey|brn\n|\n|-weather|RainDance|[upkeep]\n|-damage|p2a: Blissey|22\/100 brn|[from] brn\n|upkeep\n|turn|6\n|\n|t:|1700409478\n|move|p1a: UBLAHAHGJAAH|Steam Eruption|p2a: Blissey\n|-damage|p2a: Blissey|0 fnt\n|faint|p2a: Blissey\n|\n|-weather|RainDance|[upkeep]\n|upkeep\n|\n|t:|1700409488\n|switch|p2a: Slowking|Slowking-Galar, M|100\/100\n|turn|7\n|\n|t:|1700409491\n|move|p2a: Slowking|Trick|p1a: UBLAHAHGJAAH\n|-activate|p2a: Slowking|move: Trick|[of] p1a: UBLAHAHGJAAH\n|-item|p1a: UBLAHAHGJAAH|Choice Scarf|[from] move: Trick\n|-item|p2a: Slowking|Choice Specs|[from] move: Trick\n|move|p1a: UBLAHAHGJAAH|Steam Eruption|p2a: Slowking\n|-damage|p2a: Slowking|0 fnt\n|faint|p2a: Slowking\n|\n|-weather|RainDance|[upkeep]\n|upkeep\n|j| blue1275\n|\n|t:|1700409501\n|switch|p2a: Ripbozo \ud83d\ude02 \ud83d\ude02|Dondozo, M|89\/100\n|turn|8\n|\n|t:|1700409507\n|move|p1a: UBLAHAHGJAAH|Steam Eruption|p2a: Ripbozo \ud83d\ude02 \ud83d\ude02\n|-resisted|p2a: Ripbozo \ud83d\ude02 \ud83d\ude02\n|-damage|p2a: Ripbozo \ud83d\ude02 \ud83d\ude02|24\/100\n|-status|p2a: Ripbozo \ud83d\ude02 \ud83d\ude02|brn\n|move|p2a: Ripbozo \ud83d\ude02 \ud83d\ude02|Rest|p2a: Ripbozo \ud83d\ude02 \ud83d\ude02\n|-status|p2a: Ripbozo \ud83d\ude02 \ud83d\ude02|slp|[from] move: Rest\n|-heal|p2a: Ripbozo \ud83d\ude02 \ud83d\ude02|100\/100 slp|[silent]\n|\n|-weather|none\n|upkeep\n|turn|9\n|\n|t:|1700409511\n|switch|p1a: taser|Zapdos|86\/100\n|cant|p2a: Ripbozo \ud83d\ude02 \ud83d\ude02|slp\n|move|p2a: Ripbozo \ud83d\ude02 \ud83d\ude02|Sleep Talk|p2a: Ripbozo \ud83d\ude02 \ud83d\ude02\n|move|p2a: Ripbozo \ud83d\ude02 \ud83d\ude02|Curse|p2a: Ripbozo \ud83d\ude02 \ud83d\ude02|[from]move: Sleep Talk\n|-unboost|p2a: Ripbozo \ud83d\ude02 \ud83d\ude02|spe|1\n|-boost|p2a: Ripbozo \ud83d\ude02 \ud83d\ude02|atk|1\n|-boost|p2a: Ripbozo \ud83d\ude02 \ud83d\ude02|def|1\n|\n|upkeep\n|turn|10\n|\n|t:|1700409518\n|switch|p2a: Joever|Jirachi|100\/100\n|move|p1a: taser|Volt Switch|p2a: Joever\n|-damage|p2a: Joever|76\/100\n|\n|t:|1700409523\n|switch|p1a: dont mute me mods|Barraskewda, M, shiny|94\/100 tox|[from] Volt Switch\n|\n|-damage|p1a: dont mute me mods|88\/100 tox|[from] psn\n|upkeep\n|turn|11\n|\n|t:|1700409530\n|switch|p2a: stannin on bihness|Toxapex, F|53\/100\n|move|p1a: dont mute me mods|Flip Turn|p2a: stannin on bihness\n|-resisted|p2a: stannin on bihness\n|-damage|p2a: stannin on bihness|38\/100\n|\n|t:|1700409532\n|switch|p1a: taser|Zapdos|86\/100|[from] Flip Turn\n|\n|upkeep\n|turn|12\n|\n|t:|1700409538\n|switch|p2a: Joever|Jirachi|76\/100\n|move|p1a: taser|Volt Switch|p2a: Joever\n|-damage|p2a: Joever|52\/100\n|\n|t:|1700409547\n|switch|p1a: dont mute me mods|Barraskewda, M, shiny|88\/100 tox|[from] Volt Switch\n|\n|-damage|p1a: dont mute me mods|82\/100 tox|[from] psn\n|upkeep\n|turn|13\n|\n|t:|1700409554\n|switch|p2a: Ripbozo \ud83d\ude02 \ud83d\ude02|Dondozo, M|100\/100 slp\n|move|p1a: dont mute me mods|Flip Turn|p2a: Ripbozo \ud83d\ude02 \ud83d\ude02\n|-resisted|p2a: Ripbozo \ud83d\ude02 \ud83d\ude02\n|-damage|p2a: Ripbozo \ud83d\ude02 \ud83d\ude02|89\/100 slp\n|j| onlyD\n|\n|t:|1700409563\n|switch|p1a: taser|Zapdos|86\/100|[from] Flip Turn\n|\n|-heal|p2a: Ripbozo \ud83d\ude02 \ud83d\ude02|95\/100 slp|[from] item: Leftovers\n|upkeep\n|turn|14\n|\n|t:|1700409567\n|-terastallize|p2a: Ripbozo \ud83d\ude02 \ud83d\ude02|Dragon\n|move|p1a: taser|Volt Switch|p2a: Ripbozo \ud83d\ude02 \ud83d\ude02\n|-resisted|p2a: Ripbozo \ud83d\ude02 \ud83d\ude02\n|-damage|p2a: Ripbozo \ud83d\ude02 \ud83d\ude02|75\/100 slp\n|\n|t:|1700409572\n|switch|p1a: bi-curious|Pelipper, M, shiny|95\/100 tox|[from] Volt Switch\n|-weather|RainDance|[from] ability: Drizzle|[of] p1a: bi-curious\n|cant|p2a: Ripbozo \ud83d\ude02 \ud83d\ude02|slp\n|move|p2a: Ripbozo \ud83d\ude02 \ud83d\ude02|Sleep Talk|p2a: Ripbozo \ud83d\ude02 \ud83d\ude02\n|move|p2a: Ripbozo \ud83d\ude02 \ud83d\ude02|Curse|p2a: Ripbozo \ud83d\ude02 \ud83d\ude02|[from]move: Sleep Talk\n|-unboost|p2a: Ripbozo \ud83d\ude02 \ud83d\ude02|spe|1\n|-boost|p2a: Ripbozo \ud83d\ude02 \ud83d\ude02|atk|1\n|-boost|p2a: Ripbozo \ud83d\ude02 \ud83d\ude02|def|1\n|\n|-weather|RainDance|[upkeep]\n|-heal|p2a: Ripbozo \ud83d\ude02 \ud83d\ude02|81\/100 slp|[from] item: Leftovers\n|-damage|p1a: bi-curious|89\/100 tox|[from] psn\n|upkeep\n|turn|15\n|\n|t:|1700409577\n|switch|p2a: stannin on bihness|Toxapex, F|71\/100\n|move|p1a: bi-curious|U-turn|p2a: stannin on bihness\n|-resisted|p2a: stannin on bihness\n|-damage|p2a: stannin on bihness|69\/100\n|\n|t:|1700409579\n|switch|p1a: taser|Zapdos|86\/100|[from] U-turn\n|\n|-weather|RainDance|[upkeep]\n|upkeep\n|turn|16\n|\n|t:|1700409582\n|switch|p2a: Joever|Jirachi|52\/100\n|move|p1a: taser|Thunder|p2a: Joever\n|-damage|p2a: Joever|12\/100\n|\n|-weather|RainDance|[upkeep]\n|upkeep\n|turn|17\n|\n|t:|1700409604\n|move|p1a: taser|Thunder|p2a: Joever\n|-damage|p2a: Joever|0 fnt\n|faint|p2a: Joever\n|\n|-weather|RainDance|[upkeep]\n|upkeep\n|\n|t:|1700409610\n|switch|p2a: Ripbozo \ud83d\ude02 \ud83d\ude02|Dondozo, M, tera:Dragon|81\/100 slp\n|turn|18\n|inactive|har0tt has 120 seconds left.\n|\n|t:|1700409639\n|move|p1a: taser|Thunder|p2a: Ripbozo \ud83d\ude02 \ud83d\ude02\n|-resisted|p2a: Ripbozo \ud83d\ude02 \ud83d\ude02\n|-damage|p2a: Ripbozo \ud83d\ude02 \ud83d\ude02|51\/100 slp\n|-curestatus|p2a: Ripbozo \ud83d\ude02 \ud83d\ude02|slp|[msg]\n|move|p2a: Ripbozo \ud83d\ude02 \ud83d\ude02|Curse|p2a: Ripbozo \ud83d\ude02 \ud83d\ude02\n|-unboost|p2a: Ripbozo \ud83d\ude02 \ud83d\ude02|spe|1\n|-boost|p2a: Ripbozo \ud83d\ude02 \ud83d\ude02|atk|1\n|-boost|p2a: Ripbozo \ud83d\ude02 \ud83d\ude02|def|1\n|\n|-weather|RainDance|[upkeep]\n|-heal|p2a: Ripbozo \ud83d\ude02 \ud83d\ude02|57\/100|[from] item: Leftovers\n|upkeep\n|turn|19\n|\n|t:|1700409644\n|move|p1a: taser|Thunder|p2a: Ripbozo \ud83d\ude02 \ud83d\ude02\n|-resisted|p2a: Ripbozo \ud83d\ude02 \ud83d\ude02\n|-damage|p2a: Ripbozo \ud83d\ude02 \ud83d\ude02|29\/100\n|move|p2a: Ripbozo \ud83d\ude02 \ud83d\ude02|Rest|p2a: Ripbozo \ud83d\ude02 \ud83d\ude02\n|-status|p2a: Ripbozo \ud83d\ude02 \ud83d\ude02|slp|[from] move: Rest\n|-heal|p2a: Ripbozo \ud83d\ude02 \ud83d\ude02|100\/100 slp|[silent]\n|\n|-weather|RainDance|[upkeep]\n|upkeep\n|turn|20\n|inactive|har0tt has 120 seconds left.\n|\n|t:|1700409666\n|move|p1a: taser|Thunder|p2a: Ripbozo \ud83d\ude02 \ud83d\ude02\n|-resisted|p2a: Ripbozo \ud83d\ude02 \ud83d\ude02\n|-damage|p2a: Ripbozo \ud83d\ude02 \ud83d\ude02|70\/100 slp\n|cant|p2a: Ripbozo \ud83d\ude02 \ud83d\ude02|slp\n|move|p2a: Ripbozo \ud83d\ude02 \ud83d\ude02|Sleep Talk|p2a: Ripbozo \ud83d\ude02 \ud83d\ude02\n|move|p2a: Ripbozo \ud83d\ude02 \ud83d\ude02|Wave Crash|p1a: taser|[from]move: Sleep Talk\n|-damage|p1a: taser|0 fnt\n|faint|p1a: taser\n|-damage|p2a: Ripbozo \ud83d\ude02 \ud83d\ude02|52\/100 slp|[from] Recoil\n|\n|-weather|RainDance|[upkeep]\n|-heal|p2a: Ripbozo \ud83d\ude02 \ud83d\ude02|58\/100 slp|[from] item: Leftovers\n|upkeep\n|\n|t:|1700409669\n|switch|p1a: UBLAHAHGJAAH|Volcanion, tera:Water|100\/100\n|turn|21\n|\n|t:|1700409673\n|move|p1a: UBLAHAHGJAAH|Steam Eruption|p2a: Ripbozo \ud83d\ude02 \ud83d\ude02\n|-resisted|p2a: Ripbozo \ud83d\ude02 \ud83d\ude02\n|-damage|p2a: Ripbozo \ud83d\ude02 \ud83d\ude02|0 fnt\n|faint|p2a: Ripbozo \ud83d\ude02 \ud83d\ude02\n|\n|-weather|none\n|upkeep\n|\n|t:|1700409677\n|switch|p2a: stannin on bihness|Toxapex, F|100\/100\n|turn|22\n|\n|t:|1700409682\n|switch|p1a: bi-curious|Pelipper, M, shiny|89\/100 tox\n|-weather|RainDance|[from] ability: Drizzle|[of] p1a: bi-curious\n|move|p2a: stannin on bihness|Infestation|p1a: bi-curious\n|-resisted|p1a: bi-curious\n|-damage|p1a: bi-curious|87\/100 tox\n|-activate|p1a: bi-curious|move: Infestation|[of] p2a: stannin on bihness\n|\n|-weather|RainDance|[upkeep]\n|-damage|p1a: bi-curious|81\/100 tox|[from] psn\n|-damage|p1a: bi-curious|68\/100 tox|[from] move: Infestation|[partiallytrapped]\n|upkeep\n|turn|23\n|\n|t:|1700409685\n|move|p1a: bi-curious|U-turn|p2a: stannin on bihness\n|-resisted|p2a: stannin on bihness\n|-damage|p2a: stannin on bihness|98\/100\n|\n|t:|1700409694\n|switch|p1a: my besto friendo|Tornadus-Therian, M|100\/100|[from] U-turn\n|move|p2a: stannin on bihness|Infestation|p1a: my besto friendo\n|-resisted|p1a: my besto friendo\n|-damage|p1a: my besto friendo|99\/100\n|-activate|p1a: my besto friendo|move: Infestation|[of] p2a: stannin on bihness\n|\n|-weather|RainDance|[upkeep]\n|-damage|p1a: my besto friendo|87\/100|[from] move: Infestation|[partiallytrapped]\n|upkeep\n|turn|24\n|\n|t:|1700409701\n|move|p1a: my besto friendo|Hurricane|p2a: stannin on bihness\n|-damage|p2a: stannin on bihness|65\/100\n|move|p2a: stannin on bihness|Toxic|p1a: my besto friendo\n|-status|p1a: my besto friendo|tox\n|\n|-weather|RainDance|[upkeep]\n|-damage|p1a: my besto friendo|81\/100 tox|[from] psn\n|-damage|p1a: my besto friendo|69\/100 tox|[from] move: Infestation|[partiallytrapped]\n|upkeep\n|turn|25\n|\n|t:|1700409721\n|move|p1a: my besto friendo|U-turn|p2a: stannin on bihness\n|-resisted|p2a: stannin on bihness\n|-damage|p2a: stannin on bihness|61\/100\n|\n|t:|1700409723\n|switch|p1a: UBLAHAHGJAAH|Volcanion, tera:Water|100\/100|[from] U-turn\n|move|p2a: stannin on bihness|Recover|p2a: stannin on bihness\n|-heal|p2a: stannin on bihness|100\/100\n|\n|-weather|RainDance|[upkeep]\n|upkeep\n|turn|26\n|\n|t:|1700409728\n|move|p1a: UBLAHAHGJAAH|Earth Power|p2a: stannin on bihness\n|-supereffective|p2a: stannin on bihness\n|-damage|p2a: stannin on bihness|45\/100\n|move|p2a: stannin on bihness|Infestation|p1a: UBLAHAHGJAAH\n|-damage|p1a: UBLAHAHGJAAH|97\/100\n|-activate|p1a: UBLAHAHGJAAH|move: Infestation|[of] p2a: stannin on bihness\n|\n|-weather|RainDance|[upkeep]\n|-damage|p1a: UBLAHAHGJAAH|85\/100|[from] move: Infestation|[partiallytrapped]\n|upkeep\n|turn|27\n|\n|t:|1700409736\n|switch|p2a: FreePalestine\ud83c\uddf5\ud83c\uddf8|Corviknight, M|100\/100\n|-ability|p2a: FreePalestine\ud83c\uddf5\ud83c\uddf8|Pressure\n|move|p1a: UBLAHAHGJAAH|Earth Power|p2a: FreePalestine\ud83c\uddf5\ud83c\uddf8\n|-immune|p2a: FreePalestine\ud83c\uddf5\ud83c\uddf8\n|\n|-weather|RainDance|[upkeep]\n|-end|p1a: UBLAHAHGJAAH|Infestation|[partiallytrapped]|[silent]\n|upkeep\n|turn|28\n|\n|t:|1700409747\n|switch|p1a: rodrigo de paul|Corviknight, F|100\/100\n|-ability|p1a: rodrigo de paul|Pressure\n|move|p2a: FreePalestine\ud83c\uddf5\ud83c\uddf8|U-turn|p1a: rodrigo de paul\n|-resisted|p1a: rodrigo de paul\n|-damage|p1a: rodrigo de paul|98\/100\n|-damage|p2a: FreePalestine\ud83c\uddf5\ud83c\uddf8|84\/100|[from] item: Rocky Helmet|[of] p1a: rodrigo de paul\n|\n|t:|1700409749\n|switch|p2a: stannin on bihness|Toxapex, F|78\/100|[from] U-turn\n|\n|-weather|RainDance|[upkeep]\n|upkeep\n|turn|29\n|\n|t:|1700409751\n|move|p1a: rodrigo de paul|U-turn|p2a: stannin on bihness\n|-resisted|p2a: stannin on bihness\n|-damage|p2a: stannin on bihness|74\/100\n|\n|t:|1700409753\n|switch|p1a: UBLAHAHGJAAH|Volcanion, tera:Water|85\/100|[from] U-turn\n|move|p2a: stannin on bihness|Infestation|p1a: UBLAHAHGJAAH\n|-damage|p1a: UBLAHAHGJAAH|81\/100\n|-activate|p1a: UBLAHAHGJAAH|move: Infestation|[of] p2a: stannin on bihness\n|\n|-weather|none\n|-damage|p1a: UBLAHAHGJAAH|68\/100|[from] move: Infestation|[partiallytrapped]\n|upkeep\n|turn|30\n|\n|t:|1700409758\n|move|p1a: UBLAHAHGJAAH|Earth Power|p2a: stannin on bihness\n|-supereffective|p2a: stannin on bihness\n|-damage|p2a: stannin on bihness|11\/100\n|move|p2a: stannin on bihness|Recover|p2a: stannin on bihness\n|-heal|p2a: stannin on bihness|62\/100\n|\n|-damage|p1a: UBLAHAHGJAAH|56\/100|[from] move: Infestation|[partiallytrapped]\n|upkeep\n|turn|31\n|\n|t:|1700409761\n|switch|p2a: FreePalestine\ud83c\uddf5\ud83c\uddf8|Corviknight, M|84\/100\n|-ability|p2a: FreePalestine\ud83c\uddf5\ud83c\uddf8|Pressure\n|move|p1a: UBLAHAHGJAAH|Earth Power|p2a: FreePalestine\ud83c\uddf5\ud83c\uddf8\n|-immune|p2a: FreePalestine\ud83c\uddf5\ud83c\uddf8\n|\n|-end|p1a: UBLAHAHGJAAH|Infestation|[partiallytrapped]|[silent]\n|upkeep\n|turn|32\n|\n|t:|1700409765\n|switch|p1a: rodrigo de paul|Corviknight, F|98\/100\n|-ability|p1a: rodrigo de paul|Pressure\n|switch|p2a: stannin on bihness|Toxapex, F|95\/100\n|\n|upkeep\n|turn|33\n|\n|t:|1700409769\n|move|p1a: rodrigo de paul|U-turn|p2a: stannin on bihness\n|-resisted|p2a: stannin on bihness\n|-damage|p2a: stannin on bihness|91\/100\n|\n|t:|1700409771\n|switch|p1a: dont mute me mods|Barraskewda, M, shiny|82\/100 tox|[from] U-turn\n|move|p2a: stannin on bihness|Toxic|p1a: dont mute me mods\n|-fail|p1a: dont mute me mods|tox\n|\n|-damage|p1a: dont mute me mods|76\/100 tox|[from] psn\n|upkeep\n|turn|34\n|\n|t:|1700409775\n|move|p1a: dont mute me mods|Psychic Fangs|p2a: stannin on bihness\n|-supereffective|p2a: stannin on bihness\n|-damage|p2a: stannin on bihness|34\/100\n|move|p2a: stannin on bihness|Infestation|p1a: dont mute me mods\n|-damage|p1a: dont mute me mods|70\/100 tox\n|-activate|p1a: dont mute me mods|move: Infestation|[of] p2a: stannin on bihness\n|\n|-damage|p1a: dont mute me mods|58\/100 tox|[from] psn\n|-damage|p1a: dont mute me mods|46\/100 tox|[from] move: Infestation|[partiallytrapped]\n|upkeep\n|turn|35\n|\n|t:|1700409777\n|switch|p2a: FreePalestine\ud83c\uddf5\ud83c\uddf8|Corviknight, M|84\/100\n|-ability|p2a: FreePalestine\ud83c\uddf5\ud83c\uddf8|Pressure\n|move|p1a: dont mute me mods|Psychic Fangs|p2a: FreePalestine\ud83c\uddf5\ud83c\uddf8\n|-resisted|p2a: FreePalestine\ud83c\uddf5\ud83c\uddf8\n|-damage|p2a: FreePalestine\ud83c\uddf5\ud83c\uddf8|69\/100\n|-damage|p1a: dont mute me mods|29\/100 tox|[from] item: Rocky Helmet|[of] p2a: FreePalestine\ud83c\uddf5\ud83c\uddf8\n|\n|-damage|p1a: dont mute me mods|11\/100 tox|[from] psn\n|-end|p1a: dont mute me mods|Infestation|[partiallytrapped]|[silent]\n|upkeep\n|turn|36\n|\n|t:|1700409790\n|switch|p1a: bi-curious|Pelipper, M, shiny|68\/100 tox\n|-weather|RainDance|[from] ability: Drizzle|[of] p1a: bi-curious\n|move|p2a: FreePalestine\ud83c\uddf5\ud83c\uddf8|Roost|p2a: FreePalestine\ud83c\uddf5\ud83c\uddf8\n|-heal|p2a: FreePalestine\ud83c\uddf5\ud83c\uddf8|100\/100\n|-singleturn|p2a: FreePalestine\ud83c\uddf5\ud83c\uddf8|move: Roost\n|\n|-weather|RainDance|[upkeep]\n|-damage|p1a: bi-curious|63\/100 tox|[from] psn\n|upkeep\n|turn|37\n|\n|t:|1700409793\n|move|p1a: bi-curious|Weather Ball|p2a: FreePalestine\ud83c\uddf5\ud83c\uddf8\n|-damage|p2a: FreePalestine\ud83c\uddf5\ud83c\uddf8|55\/100\n|move|p2a: FreePalestine\ud83c\uddf5\ud83c\uddf8|U-turn|p1a: bi-curious\n|-resisted|p1a: bi-curious\n|-damage|p1a: bi-curious|56\/100 tox\n|\n|t:|1700409795\n|switch|p2a: stannin on bihness|Toxapex, F|68\/100|[from] U-turn\n|\n|-weather|RainDance|[upkeep]\n|-damage|p1a: bi-curious|44\/100 tox|[from] psn\n|upkeep\n|turn|38\n|\n|t:|1700409799\n|move|p1a: bi-curious|U-turn|p2a: stannin on bihness\n|-resisted|p2a: stannin on bihness\n|-damage|p2a: stannin on bihness|66\/100\n|\n|t:|1700409800\n|switch|p1a: UBLAHAHGJAAH|Volcanion, tera:Water|56\/100|[from] U-turn\n|move|p2a: stannin on bihness|Infestation|p1a: UBLAHAHGJAAH\n|-damage|p1a: UBLAHAHGJAAH|52\/100\n|-activate|p1a: UBLAHAHGJAAH|move: Infestation|[of] p2a: stannin on bihness\n|\n|-weather|RainDance|[upkeep]\n|-damage|p1a: UBLAHAHGJAAH|40\/100|[from] move: Infestation|[partiallytrapped]\n|upkeep\n|turn|39\n|\n|t:|1700409805\n|switch|p2a: FreePalestine\ud83c\uddf5\ud83c\uddf8|Corviknight, M|55\/100\n|-ability|p2a: FreePalestine\ud83c\uddf5\ud83c\uddf8|Pressure\n|move|p1a: UBLAHAHGJAAH|Steam Eruption|p2a: FreePalestine\ud83c\uddf5\ud83c\uddf8\n|-damage|p2a: FreePalestine\ud83c\uddf5\ud83c\uddf8|0 fnt\n|faint|p2a: FreePalestine\ud83c\uddf5\ud83c\uddf8\n|\n|-weather|RainDance|[upkeep]\n|-end|p1a: UBLAHAHGJAAH|Infestation|[partiallytrapped]|[silent]\n|upkeep\n|\n|t:|1700409806\n|switch|p2a: stannin on bihness|Toxapex, F|99\/100\n|turn|40\n|\n|t:|1700409810\n|switch|p1a: dont mute me mods|Barraskewda, M, shiny|11\/100 tox\n|move|p2a: stannin on bihness|Infestation|p1a: dont mute me mods\n|-damage|p1a: dont mute me mods|5\/100 tox\n|-activate|p1a: dont mute me mods|move: Infestation|[of] p2a: stannin on bihness\n|\n|-weather|RainDance|[upkeep]\n|-damage|p1a: dont mute me mods|0 fnt|[from] psn\n|faint|p1a: dont mute me mods\n|upkeep\n|\n|t:|1700409812\n|switch|p1a: UBLAHAHGJAAH|Volcanion, tera:Water|40\/100\n|turn|41\n|\n|t:|1700409818\n|move|p1a: UBLAHAHGJAAH|Earth Power|p2a: stannin on bihness\n|-supereffective|p2a: stannin on bihness\n|-damage|p2a: stannin on bihness|45\/100\n|move|p2a: stannin on bihness|Toxic|p1a: UBLAHAHGJAAH\n|-status|p1a: UBLAHAHGJAAH|tox\n|\n|-weather|RainDance|[upkeep]\n|-damage|p1a: UBLAHAHGJAAH|34\/100 tox|[from] psn\n|upkeep\n|turn|42\n|\n|t:|1700409826\n|move|p1a: UBLAHAHGJAAH|Earth Power|p2a: stannin on bihness\n|-supereffective|p2a: stannin on bihness\n|-damage|p2a: stannin on bihness|0 fnt\n|faint|p2a: stannin on bihness\n|\n|win|har0tt\n|raw|har0tt's rating: 1783 &rarr; <strong>1802<\/strong><br \/>(+19 for winning)\n|raw|yyysneasel's rating: 1762 &rarr; <strong>1743<\/strong><br \/>(-19 for losing)\n|l|\u2606har0tt\n|l|\u2606yyysneasel\n|l| ShedTailHater\n|l| onlyD\n|l| blue1275\n","uploadtime":1700410023,"views":9,"p1id":"har0tt","p2id":"yyysneasel","formatid":"gen9ou","rating":1743,"private":0,"password":""}