{"id":"gen9ou-1994377518","p1":"Kud4r4r4","p2":"turtlelord28","format":"[Gen 9] OU","log":"|j|\u2606Kud4r4r4\n|j|\u2606turtlelord28\n|t:|1700436988\n|gametype|singles\n|player|p1|Kud4r4r4|266|1000\n|player|p2|turtlelord28|2|1000\n|teamsize|p1|6\n|teamsize|p2|6\n|gen|9\n|tier|[Gen 9] OU\n|rated|\n|rule|Sleep Clause Mod: Limit one foe put to sleep\n|rule|Species Clause: Limit one of each Pok\u00e9mon\n|rule|OHKO Clause: OHKO moves are banned\n|rule|Evasion Items Clause: Evasion items are banned\n|rule|Evasion Moves Clause: Evasion moves are banned\n|rule|Endless Battle Clause: Forcing endless battles is banned\n|rule|HP Percentage Mod: HP is shown in percentages\n|clearpoke\n|poke|p1|Greninja-*, F|\n|poke|p1|Charizard, M|\n|poke|p1|Meowscarada, F|\n|poke|p1|Dragapult, F|\n|poke|p1|Sneasler, M|\n|poke|p1|Iron Thorns|\n|poke|p2|Bellsprout, M|\n|poke|p2|Larvitar, M|\n|poke|p2|Drowzee, F|\n|poke|p2|Wingull, M|\n|poke|p2|Zorua, F|\n|poke|p2|Gible, M|\n|teampreview\n|c|\u2606turtlelord28|This is totally a fair fight.\n|\n|t:|1700437010\n|start\n|switch|p1a: Greninja|Greninja, F, shiny|100\/100\n|switch|p2a: why is he in LC|Drowzee, F|100\/100\n|turn|1\n|\n|t:|1700437026\n|switch|p1a: Dragapult|Dragapult, F, shiny|100\/100\n|move|p2a: why is he in LC|Hypnosis|p1a: Dragapult|[miss]\n|-miss|p2a: why is he in LC|p1a: Dragapult\n|\n|upkeep\n|turn|2\n|\n|t:|1700437033\n|move|p2a: why is he in LC|Protect|p2a: why is he in LC\n|-singleturn|p2a: why is he in LC|Protect\n|move|p1a: Dragapult|Shadow Ball|p2a: why is he in LC\n|-activate|p2a: why is he in LC|move: Protect\n|\n|upkeep\n|turn|3\n|\n|t:|1700437045\n|move|p1a: Dragapult|Agility|p1a: Dragapult\n|-boost|p1a: Dragapult|spe|2\n|move|p2a: why is he in LC|Hypnosis|p1a: Dragapult|[miss]\n|-miss|p2a: why is he in LC|p1a: Dragapult\n|\n|upkeep\n|turn|4\n|\n|t:|1700437052\n|move|p2a: why is he in LC|Protect|p2a: why is he in LC\n|-singleturn|p2a: why is he in LC|Protect\n|move|p1a: Dragapult|Shadow Ball|p2a: why is he in LC\n|-activate|p2a: why is he in LC|move: Protect\n|\n|upkeep\n|turn|5\n|\n|t:|1700437064\n|switch|p2a: Chomp|Gible, M|100\/100\n|move|p1a: Dragapult|Shadow Ball|p2a: Chomp\n|-resisted|p2a: Chomp\n|-damage|p2a: Chomp|69\/100\n|-unboost|p2a: Chomp|spd|1\n|replace|p2a: DeviantArt OC|Zorua, F\n|-end|p2a: DeviantArt OC|Illusion\n|\n|upkeep\n|turn|6\n|\n|t:|1700437084\n|switch|p1a: Sneasler|Sneasler, M, shiny|100\/100\n|-ability|p1a: Sneasler|Pressure\n|move|p2a: DeviantArt OC|Calm Mind|p2a: DeviantArt OC\n|-boost|p2a: DeviantArt OC|spa|1\n|-boost|p2a: DeviantArt OC|spd|1\n|\n|upkeep\n|turn|7\n|\n|t:|1700437095\n|move|p1a: Sneasler|Focus Blast|p2a: DeviantArt OC\n|-supereffective|p2a: DeviantArt OC\n|-damage|p2a: DeviantArt OC|0 fnt\n|faint|p2a: DeviantArt OC\n|\n|upkeep\n|\n|t:|1700437104\n|switch|p2a: Wingull|Wingull, M|100\/100\n|turn|8\n|\n|t:|1700437115\n|switch|p1a: Meowscarada|Meowscarada, F|100\/100\n|move|p2a: Wingull|Substitute|p2a: Wingull\n|-start|p2a: Wingull|Substitute\n|-damage|p2a: Wingull|76\/100\n|\n|-heal|p2a: Wingull|81\/100|[from] item: Leftovers\n|upkeep\n|turn|9\n|\n|t:|1700437127\n|move|p1a: Meowscarada|Thunder Punch|p2a: Wingull\n|-supereffective|p2a: Wingull\n|-crit|p2a: Wingull\n|-end|p2a: Wingull|Substitute\n|move|p2a: Wingull|Rain Dance|p2a: Wingull\n|-weather|RainDance\n|\n|-weather|RainDance|[upkeep]\n|-heal|p2a: Wingull|87\/100|[from] ability: Rain Dish\n|-heal|p2a: Wingull|93\/100|[from] item: Leftovers\n|upkeep\n|turn|10\n|\n|t:|1700437143\n|switch|p2a: Peashooter|Bellsprout, M|100\/100\n|move|p1a: Meowscarada|Thunder Punch|p2a: Peashooter\n|-resisted|p2a: Peashooter\n|-damage|p2a: Peashooter|66\/100\n|\n|-weather|RainDance|[upkeep]\n|-heal|p2a: Peashooter|72\/100|[from] item: Leftovers\n|upkeep\n|turn|11\n|\n|t:|1700437152\n|switch|p1a: Charizard|Charizard, M, shiny|100\/100\n|move|p2a: Peashooter|Toxic|p1a: Charizard\n|-status|p1a: Charizard|tox\n|\n|-weather|RainDance|[upkeep]\n|-heal|p2a: Peashooter|78\/100|[from] item: Leftovers\n|-damage|p1a: Charizard|94\/100 tox|[from] psn\n|upkeep\n|turn|12\n|\n|t:|1700437161\n|move|p2a: Peashooter|Protect|p2a: Peashooter\n|-singleturn|p2a: Peashooter|Protect\n|move|p1a: Charizard|Fire Blast|p2a: Peashooter\n|-activate|p2a: Peashooter|move: Protect\n|\n|-weather|RainDance|[upkeep]\n|-heal|p2a: Peashooter|85\/100|[from] item: Leftovers\n|-damage|p1a: Charizard|82\/100 tox|[from] psn\n|upkeep\n|turn|13\n|\n|t:|1700437170\n|move|p1a: Charizard|Fire Blast|p2a: Peashooter\n|-supereffective|p2a: Peashooter\n|-damage|p2a: Peashooter|22\/100\n|-status|p2a: Peashooter|brn\n|move|p2a: Peashooter|Substitute|p2a: Peashooter\n|-fail|p2a: Peashooter|move: Substitute|[weak]\n|\n|-weather|none\n|-heal|p2a: Peashooter|28\/100 brn|[from] item: Leftovers\n|-damage|p1a: Charizard|64\/100 tox|[from] psn\n|-damage|p2a: Peashooter|22\/100 brn|[from] brn\n|upkeep\n|turn|14\n|\n|t:|1700437183\n|move|p2a: Peashooter|Protect|p2a: Peashooter\n|-singleturn|p2a: Peashooter|Protect\n|move|p1a: Charizard|Fire Blast|p2a: Peashooter\n|-activate|p2a: Peashooter|move: Protect\n|\n|-heal|p2a: Peashooter|28\/100 brn|[from] item: Leftovers\n|-damage|p1a: Charizard|40\/100 tox|[from] psn\n|-damage|p2a: Peashooter|22\/100 brn|[from] brn\n|upkeep\n|turn|15\n|\n|t:|1700437201\n|switch|p1a: Sneasler|Sneasler, M, shiny|100\/100\n|-ability|p1a: Sneasler|Pressure\n|-terastallize|p2a: Peashooter|Dragon\n|move|p2a: Peashooter|Giga Drain|p1a: Sneasler\n|-resisted|p1a: Sneasler\n|-damage|p1a: Sneasler|87\/100\n|-heal|p2a: Peashooter|28\/100 brn|[from] drain|[of] p1a: Sneasler\n|\n|-heal|p1a: Sneasler|93\/100|[from] item: Leftovers\n|-heal|p2a: Peashooter|35\/100 brn|[from] item: Leftovers\n|-damage|p2a: Peashooter|28\/100 brn|[from] brn\n|upkeep\n|turn|16\n|\n|t:|1700437227\n|move|p1a: Sneasler|Focus Blast|p2a: Peashooter\n|-damage|p2a: Peashooter|2\/100 brn\n|move|p2a: Peashooter|Toxic|p1a: Sneasler\n|-immune|p1a: Sneasler\n|\n|-heal|p1a: Sneasler|99\/100|[from] item: Leftovers\n|-heal|p2a: Peashooter|9\/100 brn|[from] item: Leftovers\n|-damage|p2a: Peashooter|2\/100 brn|[from] brn\n|upkeep\n|turn|17\n|c|\u2606turtlelord28|right, forgot.\n|\n|t:|1700437240\n|move|p1a: Sneasler|Shadow Ball|p2a: Peashooter\n|-damage|p2a: Peashooter|0 fnt\n|faint|p2a: Peashooter\n|\n|-heal|p1a: Sneasler|100\/100|[from] item: Leftovers\n|upkeep\n|\n|t:|1700437253\n|switch|p2a: Chomp|Gible, M|100\/100\n|turn|18\n|\n|t:|1700437268\n|switch|p1a: Iron Thorns|Iron Thorns|100\/100\n|move|p2a: Chomp|Draco Meteor|p1a: Iron Thorns\n|-damage|p1a: Iron Thorns|70\/100\n|-unboost|p2a: Chomp|spa|2\n|\n|-heal|p1a: Iron Thorns|76\/100|[from] item: Leftovers\n|upkeep\n|turn|19\n|\n|t:|1700437286\n|move|p1a: Iron Thorns|Earthquake|p2a: Chomp\n|-damage|p2a: Chomp|36\/100\n|move|p2a: Chomp|Earthquake|p1a: Iron Thorns\n|-supereffective|p1a: Iron Thorns\n|-damage|p1a: Iron Thorns|0 fnt\n|faint|p1a: Iron Thorns\n|-end|p1a: Iron Thorns|Quark Drive|[silent]\n|\n|upkeep\n|\n|t:|1700437290\n|switch|p1a: Dragapult|Dragapult, F, shiny|100\/100\n|turn|20\n|c|\u2606turtlelord28|I wasn't expecting to get this far.\n|\n|t:|1700437306\n|move|p1a: Dragapult|Outrage|p2a: Chomp\n|-supereffective|p2a: Chomp\n|-damage|p2a: Chomp|0 fnt\n|-damage|p1a: Dragapult|88\/100|[from] ability: Rough Skin|[of] p2a: Chomp\n|-damage|p1a: Dragapult|72\/100|[from] item: Rocky Helmet|[of] p2a: Chomp\n|faint|p2a: Chomp\n|\n|-heal|p1a: Dragapult|78\/100|[from] item: Leftovers\n|upkeep\n|\n|t:|1700437315\n|switch|p2a: why is he in LC|Drowzee, F|100\/100\n|turn|21\n|\n|t:|1700437335\n|move|p1a: Dragapult|Outrage|p2a: why is he in LC|[from]lockedmove\n|-damage|p2a: why is he in LC|12\/100\n|-start|p1a: Dragapult|confusion|[fatigue]\n|move|p2a: why is he in LC|Hypnosis|p1a: Dragapult\n|-status|p1a: Dragapult|slp|[from] move: Hypnosis\n|\n|-heal|p1a: Dragapult|84\/100 slp|[from] item: Leftovers\n|upkeep\n|turn|22\n|\n|t:|1700437344\n|switch|p1a: Meowscarada|Meowscarada, F|100\/100\n|-singleturn|p2a: why is he in LC|move: Focus Punch\n|move|p2a: why is he in LC|Focus Punch|p1a: Meowscarada\n|-supereffective|p1a: Meowscarada\n|-damage|p1a: Meowscarada|19\/100\n|\n|-heal|p1a: Meowscarada|25\/100|[from] item: Leftovers\n|upkeep\n|turn|23\n|\n|t:|1700437353\n|move|p2a: why is he in LC|Protect|p2a: why is he in LC\n|-singleturn|p2a: why is he in LC|Protect\n|move|p1a: Meowscarada|Play Rough|p2a: why is he in LC\n|-activate|p2a: why is he in LC|move: Protect\n|\n|-heal|p1a: Meowscarada|31\/100|[from] item: Leftovers\n|upkeep\n|turn|24\n|\n|t:|1700437363\n|switch|p1a: Greninja|Greninja, F, shiny|100\/100\n|switch|p2a: Bean|Larvitar, M|100\/100\n|\n|upkeep\n|turn|25\n|\n|t:|1700437372\n|move|p1a: Greninja|Dark Pulse|p2a: Bean\n|-start|p1a: Greninja|typechange|Dark|[from] ability: Protean\n|-damage|p2a: Bean|53\/100\n|move|p2a: Bean|Stone Edge|p1a: Greninja\n|-damage|p1a: Greninja|49\/100\n|\n|-heal|p1a: Greninja|55\/100|[from] item: Leftovers\n|upkeep\n|turn|26\n|\n|t:|1700437383\n|move|p1a: Greninja|Hydro Pump|p2a: Bean\n|-supereffective|p2a: Bean\n|-damage|p2a: Bean|0 fnt\n|faint|p2a: Bean\n|\n|-heal|p1a: Greninja|61\/100|[from] item: Leftovers\n|upkeep\n|\n|t:|1700437391\n|switch|p2a: Wingull|Wingull, M|93\/100\n|turn|27\n|\n|t:|1700437404\n|switch|p1a: Meowscarada|Meowscarada, F|31\/100\n|move|p2a: Wingull|U-turn|p1a: Meowscarada\n|-supereffective|p1a: Meowscarada\n|-damage|p1a: Meowscarada|0 fnt\n|faint|p1a: Meowscarada\n|\n|t:|1700437411\n|switch|p2a: why is he in LC|Drowzee, F|12\/100|[from] U-turn\n|\n|upkeep\n|\n|t:|1700437416\n|switch|p1a: Greninja|Greninja, F, shiny|61\/100\n|turn|28\n|\n|t:|1700437431\n|move|p2a: why is he in LC|Protect|p2a: why is he in LC\n|-singleturn|p2a: why is he in LC|Protect\n|move|p1a: Greninja|Dark Pulse|p2a: why is he in LC\n|-start|p1a: Greninja|typechange|Dark|[from] ability: Protean\n|-activate|p2a: why is he in LC|move: Protect\n|\n|-heal|p1a: Greninja|67\/100|[from] item: Leftovers\n|upkeep\n|turn|29\n|\n|t:|1700437446\n|switch|p2a: Wingull|Wingull, M|93\/100\n|move|p1a: Greninja|Dark Pulse|p2a: Wingull\n|-damage|p2a: Wingull|0 fnt\n|faint|p2a: Wingull\n|\n|-heal|p1a: Greninja|73\/100|[from] item: Leftovers\n|upkeep\n|\n|t:|1700437454\n|switch|p2a: why is he in LC|Drowzee, F|12\/100\n|turn|30\n|\n|t:|1700437458\n|move|p2a: why is he in LC|Protect|p2a: why is he in LC\n|-singleturn|p2a: why is he in LC|Protect\n|move|p1a: Greninja|Dark Pulse|p2a: why is he in LC\n|-activate|p2a: why is he in LC|move: Protect\n|\n|-heal|p1a: Greninja|79\/100|[from] item: Leftovers\n|upkeep\n|turn|31\n|\n|t:|1700437468\n|move|p1a: Greninja|Dark Pulse|p2a: why is he in LC\n|-supereffective|p2a: why is he in LC\n|-damage|p2a: why is he in LC|0 fnt\n|faint|p2a: why is he in LC\n|\n|win|Kud4r4r4\n|raw|Kud4r4r4's rating: 1000 &rarr; <strong>1040<\/strong><br \/>(+40 for winning)\n|raw|turtlelord28's rating: 1000 &rarr; <strong>1000<\/strong><br \/>(+0 for losing)\n|l|\u2606Kud4r4r4\n|c|\u2606turtlelord28|surprisingly, gg.\n","uploadtime":1700437552,"views":20,"p1id":"kud4r4r4","p2id":"turtlelord28","formatid":"gen9ou","rating":1000,"private":0,"password":""}