{"id":"gen9ou-1993388353","p1":"uh_exe","p2":"Powerbo","format":"[Gen 9] OU","log":"|j|\u2606uh_exe\n|j|\u2606Powerbo\n|t:|1700310691\n|gametype|singles\n|player|p1|uh_exe|101|\n|player|p2|Powerbo|ninjaboy|\n|teamsize|p1|6\n|teamsize|p2|6\n|gen|9\n|tier|[Gen 9] OU\n|rule|Sleep Clause Mod: Limit one foe put to sleep\n|rule|Species Clause: Limit one of each Pok\u00e9mon\n|rule|OHKO Clause: OHKO moves are banned\n|rule|Evasion Items Clause: Evasion items are banned\n|rule|Evasion Moves Clause: Evasion moves are banned\n|rule|Endless Battle Clause: Forcing endless battles is banned\n|rule|HP Percentage Mod: HP is shown in percentages\n|clearpoke\n|poke|p1|Kingambit, M|\n|poke|p1|Iron Valiant|\n|poke|p1|Dragapult, F|\n|poke|p1|Cinderace, F|\n|poke|p1|Landorus-Therian, M|\n|poke|p1|Blissey, F|\n|poke|p2|Great Tusk|\n|poke|p2|Zapdos|\n|poke|p2|Maushold-Four|\n|poke|p2|Clefable, F|\n|poke|p2|Heatran, M|\n|poke|p2|Ogerpon-Wellspring, F|\n|teampreview\n|c|\u2606Powerbo|Average ou player team\n|c|\u2606uh_exe|ewwww\n|c|\u2606uh_exe|i hate you\n|c|\u2606Powerbo|You have the most on9 team ever\n|\n|t:|1700310731\n|start\n|switch|p1a: LANDO TTTT|Landorus-Therian, M|100\/100\n|switch|p2a: Maushold|Maushold-Four|100\/100\n|-ability|p1a: LANDO TTTT|Intimidate|boost\n|-unboost|p2a: Maushold|atk|1\n|turn|1\n|c|\u2606uh_exe|i dont play ou\n|\n|t:|1700310744\n|move|p2a: Maushold|Encore||[still]\n|-fail|p2a: Maushold\n|move|p1a: LANDO TTTT|Taunt|p2a: Maushold\n|-start|p2a: Maushold|move: Taunt\n|\n|upkeep\n|turn|2\n|c|\u2606uh_exe|lmao\n|\n|t:|1700310758\n|switch|p2a: Clefable|Clefable, F|100\/100\n|move|p1a: LANDO TTTT|Earthquake|p2a: Clefable\n|-damage|p2a: Clefable|55\/100\n|\n|-heal|p2a: Clefable|61\/100|[from] item: Leftovers\n|upkeep\n|turn|3\n|\n|t:|1700310765\n|move|p1a: LANDO TTTT|U-turn|p2a: Clefable\n|-resisted|p2a: Clefable\n|-damage|p2a: Clefable|49\/100\n|inactive|Battle timer is ON: inactive players will automatically lose when time's up. (requested by Powerbo)\n|\n|t:|1700310772\n|switch|p1a: GAMBIT GOOO|Kingambit, M|100\/100|[from] U-turn\n|move|p2a: Clefable|Encore||[still]\n|-fail|p2a: Clefable\n|\n|-heal|p2a: Clefable|56\/100|[from] item: Leftovers\n|upkeep\n|turn|4\n|c|\u2606Powerbo|Neither do I\n|c|\u2606uh_exe|moyai\n|\n|t:|1700310792\n|-end|p1a: GAMBIT GOOO|fallenundefined|[silent]\n|switch|p1a: ace rabbit|Cinderace, F|100\/100\n|move|p2a: Clefable|Protect||[still]\n|-fail|p2a: Clefable\n|\n|-heal|p2a: Clefable|62\/100|[from] item: Leftovers\n|upkeep\n|turn|5\n|c|\u2606Powerbo|I made this on a whim\n|c|\u2606uh_exe|moyai\n|c|\u2606uh_exe|what is that clef ms\n|\n|t:|1700310805\n|switch|p2a: Heatran|Heatran, M|100\/100\n|move|p1a: ace rabbit|U-turn|p2a: Heatran\n|-start|p1a: ace rabbit|typechange|Bug|[from] ability: Libero\n|-resisted|p2a: Heatran\n|-damage|p2a: Heatran|95\/100\n|\n|t:|1700310810\n|switch|p1a: LANDO TTTT|Landorus-Therian, M|100\/100|[from] U-turn\n|-ability|p1a: LANDO TTTT|Intimidate|boost\n|-unboost|p2a: Heatran|atk|1\n|\n|-heal|p2a: Heatran|100\/100|[from] item: Leftovers\n|upkeep\n|turn|6\n|\n|t:|1700310821\n|switch|p2a: Zapdos|Zapdos|100\/100\n|move|p1a: LANDO TTTT|U-turn|p2a: Zapdos\n|-resisted|p2a: Zapdos\n|-damage|p2a: Zapdos|88\/100\n|c|\u2606Powerbo|Bruv\n|c|\u2606Powerbo|You coward\n|\n|t:|1700310835\n|switch|p1a: draje|Dragapult, F|100\/100|[from] U-turn\n|\n|upkeep\n|turn|7\n|c|\u2606Powerbo|U-turning again and again\n|c|\u2606uh_exe|lmao\n|\n|t:|1700310856\n|move|p1a: draje|Shadow Ball|p2a: Zapdos\n|-damage|p2a: Zapdos|34\/100\n|move|p2a: Zapdos|Volt Switch|p1a: draje\n|-resisted|p1a: draje\n|-damage|p1a: draje|82\/100\n|\n|t:|1700310861\n|switch|p2a: Maushold|Maushold-Four|100\/100|[from] Volt Switch\n|\n|upkeep\n|turn|8\n|c|\u2606uh_exe|coward\n|\n|t:|1700310868\n|switch|p1a: LANDO TTTT|Landorus-Therian, M|100\/100\n|-ability|p1a: LANDO TTTT|Intimidate|boost\n|-unboost|p2a: Maushold|atk|1\n|move|p2a: Maushold|Encore||[still]\n|-fail|p2a: Maushold\n|\n|upkeep\n|turn|9\n|c|\u2606uh_exe|moyai\n|\n|t:|1700310877\n|move|p2a: Maushold|Tidy Up|p2a: Maushold\n|-boost|p2a: Maushold|atk|1\n|-boost|p2a: Maushold|spe|1\n|move|p1a: LANDO TTTT|U-turn|p2a: Maushold\n|-damage|p2a: Maushold|66\/100\n|\n|t:|1700310887\n|switch|p1a: VALIANT|Iron Valiant|100\/100|[from] U-turn\n|-enditem|p1a: VALIANT|Booster Energy\n|-activate|p1a: VALIANT|ability: Quark Drive|[fromitem]\n|-start|p1a: VALIANT|quarkdrivespe\n|\n|upkeep\n|turn|10\n|\n|t:|1700310910\n|switch|p2a: Heatran|Heatran, M|100\/100\n|move|p1a: VALIANT|Close Combat|p2a: Heatran\n|-supereffective|p2a: Heatran\n|-damage|p2a: Heatran|2\/100\n|-unboost|p1a: VALIANT|def|1\n|-unboost|p1a: VALIANT|spd|1\n|\n|-heal|p2a: Heatran|8\/100|[from] item: Leftovers\n|upkeep\n|turn|11\n|\n|t:|1700310918\n|move|p1a: VALIANT|Shadow Ball|p2a: Heatran\n|-damage|p2a: Heatran|0 fnt\n|faint|p2a: Heatran\n|\n|upkeep\n|\n|t:|1700310922\n|switch|p2a: Great Tusk|Great Tusk|100\/100\n|turn|12\n|c|\u2606uh_exe|what is bro thinking\n|\n|t:|1700310928\n|move|p1a: VALIANT|Moonblast|p2a: Great Tusk\n|-supereffective|p2a: Great Tusk\n|-damage|p2a: Great Tusk|17\/100\n|-unboost|p2a: Great Tusk|spa|1\n|move|p2a: Great Tusk|Headlong Rush|p1a: VALIANT\n|-damage|p1a: VALIANT|0 fnt\n|-unboost|p2a: Great Tusk|def|1\n|-unboost|p2a: Great Tusk|spd|1\n|faint|p1a: VALIANT\n|-end|p1a: VALIANT|Quark Drive|[silent]\n|\n|upkeep\n|c|\u2606uh_exe|btw i forgot tera types lol\n|\n|t:|1700310942\n|switch|p1a: draje|Dragapult, F|82\/100\n|turn|13\n|c|\u2606Powerbo|Same\n|\n|t:|1700310950\n|-end|p2a: Great Tusk|Protosynthesis|[silent]\n|switch|p2a: Maushold|Maushold-Four|66\/100\n|move|p1a: draje|U-turn|p2a: Maushold\n|-damage|p2a: Maushold|37\/100\n|\n|t:|1700310953\n|switch|p1a: LANDO TTTT|Landorus-Therian, M|100\/100|[from] U-turn\n|-ability|p1a: LANDO TTTT|Intimidate|boost\n|-unboost|p2a: Maushold|atk|1\n|\n|upkeep\n|turn|14\n|\n|t:|1700310961\n|move|p2a: Maushold|Tidy Up|p2a: Maushold\n|-boost|p2a: Maushold|atk|1\n|-boost|p2a: Maushold|spe|1\n|move|p1a: LANDO TTTT|U-turn|p2a: Maushold\n|-crit|p2a: Maushold\n|-damage|p2a: Maushold|0 fnt\n|faint|p2a: Maushold\n|c|\u2606uh_exe|lmao\n|\n|t:|1700310969\n|switch|p1a: draje|Dragapult, F|82\/100|[from] U-turn\n|\n|upkeep\n|c|\u2606Powerbo|OF COURSE THAT FUCKING CRITS\n|\n|t:|1700310975\n|switch|p2a: Clefable|Clefable, F|62\/100\n|turn|15\n|c|\u2606uh_exe|mono uturn is so real\n|\n|t:|1700310985\n|move|p1a: draje|U-turn|p2a: Clefable\n|-resisted|p2a: Clefable\n|-damage|p2a: Clefable|54\/100\n|c|\u2606Powerbo|I hate you\n|\n|t:|1700310987\n|switch|p1a: ace rabbit|Cinderace, F|100\/100|[from] U-turn\n|move|p2a: Clefable|Moonblast|p1a: ace rabbit\n|-resisted|p1a: ace rabbit\n|-damage|p1a: ace rabbit|79\/100\n|\n|-heal|p2a: Clefable|60\/100|[from] item: Leftovers\n|upkeep\n|turn|16\n|\n|t:|1700310995\n|move|p2a: Clefable|Protect|p2a: Clefable\n|-singleturn|p2a: Clefable|Protect\n|move|p1a: ace rabbit|Pyro Ball|p2a: Clefable\n|-activate|p2a: Clefable|move: Protect\n|\n|-heal|p2a: Clefable|66\/100|[from] item: Leftovers\n|upkeep\n|turn|17\n|\n|t:|1700311001\n|switch|p2a: Ogerpon|Ogerpon-Wellspring, F|100\/100\n|move|p1a: ace rabbit|Pyro Ball|p2a: Ogerpon\n|-damage|p2a: Ogerpon|43\/100\n|\n|upkeep\n|turn|18\n|\n|t:|1700311006\n|move|p1a: ace rabbit|U-turn|p2a: Ogerpon\n|-start|p1a: ace rabbit|typechange|Bug|[from] ability: Libero\n|-supereffective|p2a: Ogerpon\n|-damage|p2a: Ogerpon|0 fnt\n|faint|p2a: Ogerpon\n|\n|t:|1700311011\n|switch|p1a: draje|Dragapult, F|82\/100|[from] U-turn\n|\n|upkeep\n|c|\u2606Powerbo|Fuck\n|c|\u2606uh_exe|kek\n|c|\u2606Powerbo|You're faster\n|\n|t:|1700311020\n|switch|p2a: Clefable|Clefable, F|66\/100\n|turn|19\n|\n|t:|1700311026\n|move|p1a: draje|Shadow Ball|p2a: Clefable\n|-damage|p2a: Clefable|21\/100\n|move|p2a: Clefable|Moonlight|p2a: Clefable\n|-heal|p2a: Clefable|71\/100\n|\n|-heal|p2a: Clefable|77\/100|[from] item: Leftovers\n|upkeep\n|turn|20\n|\n|t:|1700311033\n|switch|p1a: ace rabbit|Cinderace, F|79\/100\n|move|p2a: Clefable|Moonblast|p1a: ace rabbit\n|-resisted|p1a: ace rabbit\n|-damage|p1a: ace rabbit|58\/100\n|\n|-heal|p2a: Clefable|83\/100|[from] item: Leftovers\n|upkeep\n|turn|21\n|c|\u2606Powerbo|Fuck you\n|\n|t:|1700311042\n|move|p1a: ace rabbit|Pyro Ball|p2a: Clefable\n|-damage|p2a: Clefable|38\/100\n|move|p2a: Clefable|Moonblast|p1a: ace rabbit\n|-resisted|p1a: ace rabbit\n|-damage|p1a: ace rabbit|40\/100\n|\n|-heal|p2a: Clefable|44\/100|[from] item: Leftovers\n|upkeep\n|turn|22\n|\n|t:|1700311052\n|move|p2a: Clefable|Protect|p2a: Clefable\n|-singleturn|p2a: Clefable|Protect\n|move|p1a: ace rabbit|Pyro Ball|p2a: Clefable\n|-activate|p2a: Clefable|move: Protect\n|\n|-heal|p2a: Clefable|50\/100|[from] item: Leftovers\n|upkeep\n|turn|23\n|\n|t:|1700311057\n|move|p1a: ace rabbit|U-turn|p2a: Clefable\n|-start|p1a: ace rabbit|typechange|Bug|[from] ability: Libero\n|-resisted|p2a: Clefable\n|-damage|p2a: Clefable|39\/100\n|\n|t:|1700311060\n|switch|p1a: GAMBIT GOOO|Kingambit, M|100\/100|[from] U-turn\n|-activate|p1a: GAMBIT GOOO|ability: Supreme Overlord\n|-start|p1a: GAMBIT GOOO|fallen1|[silent]\n|move|p2a: Clefable|Moonlight|p2a: Clefable\n|-heal|p2a: Clefable|89\/100\n|\n|-heal|p2a: Clefable|95\/100|[from] item: Leftovers\n|upkeep\n|turn|24\n|\n|t:|1700311066\n|move|p2a: Clefable|Moonblast|p1a: GAMBIT GOOO\n|-damage|p1a: GAMBIT GOOO|69\/100\n|move|p1a: GAMBIT GOOO|Swords Dance|p1a: GAMBIT GOOO\n|-boost|p1a: GAMBIT GOOO|atk|2\n|\n|-heal|p2a: Clefable|100\/100|[from] item: Leftovers\n|-heal|p1a: GAMBIT GOOO|75\/100|[from] item: Leftovers\n|upkeep\n|turn|25\n|\n|t:|1700311072\n|move|p2a: Clefable|Encore|p1a: GAMBIT GOOO\n|-start|p1a: GAMBIT GOOO|Encore\n|move|p1a: GAMBIT GOOO|Swords Dance|p1a: GAMBIT GOOO\n|-boost|p1a: GAMBIT GOOO|atk|2\n|\n|-heal|p1a: GAMBIT GOOO|82\/100|[from] item: Leftovers\n|upkeep\n|turn|26\n|\n|t:|1700311081\n|switch|p2a: Zapdos|Zapdos|34\/100\n|-end|p1a: GAMBIT GOOO|fallen1|[silent]\n|switch|p1a: egg|Blissey, F|100\/100\n|\n|upkeep\n|turn|27\n|c|\u2606Powerbo|Get fucked asshat\n|\n|t:|1700311087\n|move|p2a: Zapdos|Volt Switch|p1a: egg\n|-damage|p1a: egg|89\/100\n|\n|t:|1700311090\n|switch|p2a: Great Tusk|Great Tusk|17\/100|[from] Volt Switch\n|move|p1a: egg|Seismic Toss|p2a: Great Tusk\n|-damage|p2a: Great Tusk|0 fnt\n|faint|p2a: Great Tusk\n|-end|p2a: Great Tusk|Protosynthesis|[silent]\n|\n|-heal|p1a: egg|95\/100|[from] item: Leftovers\n|upkeep\n|c|\u2606uh_exe|youre losing yk\n|\n|t:|1700311092\n|switch|p2a: Clefable|Clefable, F|100\/100\n|turn|28\n|c|\u2606uh_exe|:moyai\n|c|\u2606Powerbo|FUUUUUUUUUUU\n|\n|t:|1700311101\n|move|p2a: Clefable|Encore|p1a: egg\n|-start|p1a: egg|Encore\n|move|p1a: egg|Seismic Toss|p2a: Clefable\n|-damage|p2a: Clefable|75\/100\n|\n|-heal|p2a: Clefable|81\/100|[from] item: Leftovers\n|-heal|p1a: egg|100\/100|[from] item: Leftovers\n|upkeep\n|turn|29\n|\n|t:|1700311105\n|move|p2a: Clefable|Moonblast|p1a: egg\n|-damage|p1a: egg|89\/100\n|move|p1a: egg|Seismic Toss|p2a: Clefable\n|-damage|p2a: Clefable|56\/100\n|\n|-heal|p2a: Clefable|62\/100|[from] item: Leftovers\n|-heal|p1a: egg|95\/100|[from] item: Leftovers\n|upkeep\n|turn|30\n|c|\u2606uh_exe|???\n|c|\u2606uh_exe|sure?\n|c|\u2606Powerbo|I give up\n|-message|Powerbo forfeited.\n|\n|win|uh_exe\n|l|\u2606Powerbo\n|l|\u2606uh_exe\n|j|\u2606uh_exe\n|player|p1|uh_exe|101\n","uploadtime":1700311141,"views":26,"p1id":"uhexe","p2id":"powerbo","formatid":"gen9ou","rating":0,"private":0,"password":""}