{"id":"gen9ou-1998128027","p1":"Meztere","p2":"Bruhitsjhian","format":"[Gen 9] OU","log":"|j|\u2606Meztere\n|j|\u2606Bruhitsjhian\n|t:|1700896474\n|gametype|singles\n|player|p1|Meztere|harlequin|1116\n|player|p2|Bruhitsjhian|170|1144\n|teamsize|p1|6\n|teamsize|p2|6\n|gen|9\n|tier|[Gen 9] OU\n|rated|\n|rule|Sleep Clause Mod: Limit one foe put to sleep\n|rule|Species Clause: Limit one of each Pok\u00e9mon\n|rule|OHKO Clause: OHKO moves are banned\n|rule|Evasion Items Clause: Evasion items are banned\n|rule|Evasion Moves Clause: Evasion moves are banned\n|rule|Endless Battle Clause: Forcing endless battles is banned\n|rule|HP Percentage Mod: HP is shown in percentages\n|clearpoke\n|poke|p1|Glimmora, M|\n|poke|p1|Ceruledge, F|\n|poke|p1|Garganacl, F|\n|poke|p1|Toxapex, F|\n|poke|p1|Iron Moth|\n|poke|p1|Gholdengo|\n|poke|p2|Froslass, F|\n|poke|p2|Crawdaunt, M|\n|poke|p2|Hatterene, F|\n|poke|p2|Iron Hands|\n|poke|p2|Toxapex, F|\n|poke|p2|Iron Jugulis|\n|teampreview\n|inactive|Battle timer is ON: inactive players will automatically lose when time's up. (requested by Meztere)\n|\n|t:|1700896483\n|start\n|switch|p1a: Glimmora|Glimmora, M|100\/100\n|switch|p2a: Froslass|Froslass, F, shiny|100\/100\n|-item|p1a: Glimmora|Air Balloon\n|turn|1\n|\n|t:|1700896491\n|move|p2a: Froslass|Trick|p1a: Glimmora\n|-activate|p2a: Froslass|move: Trick|[of] p1a: Glimmora\n|-item|p1a: Glimmora|Choice Band|[from] move: Trick\n|-item|p2a: Froslass|Air Balloon\n|-item|p2a: Froslass|Air Balloon|[from] move: Trick\n|move|p1a: Glimmora|Stealth Rock|p2a: Froslass\n|-sidestart|p2: Bruhitsjhian|move: Stealth Rock\n|\n|upkeep\n|turn|2\n|\n|t:|1700896501\n|switch|p1a: Toxapex|Toxapex, F|100\/100\n|move|p2a: Froslass|Taunt|p1a: Toxapex\n|-start|p1a: Toxapex|move: Taunt\n|\n|upkeep\n|turn|3\n|\n|t:|1700896508\n|move|p2a: Froslass|Shadow Ball|p1a: Toxapex\n|-damage|p1a: Toxapex|77\/100\n|move|p1a: Toxapex|Infestation|p2a: Froslass\n|-resisted|p2a: Froslass\n|-damage|p2a: Froslass|98\/100\n|-activate|p2a: Froslass|move: Infestation|[of] p1a: Toxapex\n|-enditem|p2a: Froslass|Air Balloon\n|\n|-heal|p1a: Toxapex|84\/100|[from] item: Black Sludge\n|-damage|p2a: Froslass|86\/100|[from] move: Infestation|[partiallytrapped]\n|upkeep\n|turn|4\n|\n|t:|1700896530\n|switch|p1a: Garganacl|Garganacl, F|100\/100\n|move|p2a: Froslass|Shadow Ball|p1a: Garganacl\n|-damage|p1a: Garganacl|87\/100\n|-unboost|p1a: Garganacl|spd|1\n|\n|-heal|p1a: Garganacl|93\/100|[from] item: Leftovers\n|-end|p2a: Froslass|Infestation|[partiallytrapped]|[silent]\n|upkeep\n|turn|5\n|\n|t:|1700896540\n|move|p2a: Froslass|Trick|p1a: Garganacl\n|-activate|p2a: Froslass|move: Trick|[of] p1a: Garganacl\n|-enditem|p1a: Garganacl|Leftovers|[silent]|[from] move: Trick\n|-item|p2a: Froslass|Leftovers|[from] move: Trick\n|move|p1a: Garganacl|Salt Cure|p2a: Froslass\n|-supereffective|p2a: Froslass\n|-damage|p2a: Froslass|39\/100\n|-start|p2a: Froslass|Salt Cure\n|-start|p1a: Garganacl|Disable|Salt Cure|[from] ability: Cursed Body|[of] p2a: Froslass\n|\n|-heal|p2a: Froslass|45\/100|[from] item: Leftovers\n|-damage|p2a: Froslass|33\/100|[from] Salt Cure\n|upkeep\n|turn|6\n|\n|t:|1700896556\n|switch|p1a: Glimmora|Glimmora, M|100\/100\n|move|p2a: Froslass|Shadow Ball|p1a: Glimmora\n|-damage|p1a: Glimmora|69\/100\n|\n|-heal|p2a: Froslass|39\/100|[from] item: Leftovers\n|-damage|p2a: Froslass|26\/100|[from] Salt Cure\n|upkeep\n|turn|7\n|\n|t:|1700896566\n|move|p2a: Froslass|Taunt|p1a: Glimmora\n|-start|p1a: Glimmora|move: Taunt\n|move|p1a: Glimmora|Power Gem|p2a: Froslass\n|-supereffective|p2a: Froslass\n|-damage|p2a: Froslass|0 fnt\n|-start|p1a: Glimmora|Disable|Power Gem|[from] ability: Cursed Body|[of] p2a: Froslass\n|faint|p2a: Froslass\n|\n|upkeep\n|\n|t:|1700896576\n|switch|p2a: Iron Jugulis|Iron Jugulis|100\/100\n|-damage|p2a: Iron Jugulis|76\/100|[from] Stealth Rock\n|-enditem|p2a: Iron Jugulis|Booster Energy\n|-activate|p2a: Iron Jugulis|ability: Quark Drive|[fromitem]\n|-start|p2a: Iron Jugulis|quarkdrivespe\n|turn|8\n|\n|t:|1700896584\n|switch|p1a: Garganacl|Garganacl, F|93\/100\n|move|p2a: Iron Jugulis|Earth Power|p1a: Garganacl\n|-supereffective|p1a: Garganacl\n|-damage|p1a: Garganacl|35\/100\n|\n|upkeep\n|turn|9\n|\n|t:|1700896594\n|move|p2a: Iron Jugulis|Earth Power|p1a: Garganacl\n|-supereffective|p1a: Garganacl\n|-damage|p1a: Garganacl|0 fnt\n|faint|p1a: Garganacl\n|\n|upkeep\n|\n|t:|1700896604\n|switch|p1a: Glimmora|Glimmora, M|69\/100\n|turn|10\n|\n|t:|1700896613\n|move|p2a: Iron Jugulis|Earth Power|p1a: Glimmora\n|-supereffective|p1a: Glimmora\n|-damage|p1a: Glimmora|0 fnt\n|faint|p1a: Glimmora\n|\n|upkeep\n|\n|t:|1700896623\n|switch|p1a: Iron Moth|Iron Moth|100\/100\n|-enditem|p1a: Iron Moth|Booster Energy\n|-activate|p1a: Iron Moth|ability: Quark Drive|[fromitem]\n|-start|p1a: Iron Moth|quarkdrivespe\n|turn|11\n|\n|t:|1700896630\n|-terastallize|p1a: Iron Moth|Flying\n|move|p1a: Iron Moth|Fiery Dance|p2a: Iron Jugulis\n|-damage|p2a: Iron Jugulis|21\/100\n|move|p2a: Iron Jugulis|Earth Power|p1a: Iron Moth\n|-immune|p1a: Iron Moth\n|\n|upkeep\n|turn|12\n|\n|t:|1700896644\n|move|p1a: Iron Moth|Fiery Dance|p2a: Iron Jugulis\n|-damage|p2a: Iron Jugulis|0 fnt\n|-boost|p1a: Iron Moth|spa|1\n|faint|p2a: Iron Jugulis\n|-end|p2a: Iron Jugulis|Quark Drive|[silent]\n|\n|upkeep\n|\n|t:|1700896654\n|switch|p2a: Iron Hands|Iron Hands|100\/100\n|-damage|p2a: Iron Hands|94\/100|[from] Stealth Rock\n|-enditem|p2a: Iron Hands|Booster Energy\n|-activate|p2a: Iron Hands|ability: Quark Drive|[fromitem]\n|-start|p2a: Iron Hands|quarkdriveatk\n|turn|13\n|\n|t:|1700896661\n|move|p1a: Iron Moth|Fiery Dance|p2a: Iron Hands\n|-damage|p2a: Iron Hands|37\/100\n|-boost|p1a: Iron Moth|spa|1\n|move|p2a: Iron Hands|Thunder Punch|p1a: Iron Moth\n|-supereffective|p1a: Iron Moth\n|-damage|p1a: Iron Moth|0 fnt\n|faint|p1a: Iron Moth\n|-end|p1a: Iron Moth|Quark Drive|[silent]\n|\n|upkeep\n|\n|t:|1700896670\n|switch|p1a: Ceruledge|Ceruledge, F|100\/100\n|turn|14\n|\n|t:|1700896676\n|move|p1a: Ceruledge|Swords Dance|p1a: Ceruledge\n|-boost|p1a: Ceruledge|atk|2\n|move|p2a: Iron Hands|Thunder Punch|p1a: Ceruledge\n|-damage|p1a: Ceruledge|14\/100\n|-ability|p1a: Ceruledge|Weak Armor|boost\n|-unboost|p1a: Ceruledge|def|1\n|-boost|p1a: Ceruledge|spe|2\n|\n|upkeep\n|turn|15\n|\n|t:|1700896687\n|move|p1a: Ceruledge|Bitter Blade|p2a: Iron Hands\n|-damage|p2a: Iron Hands|0 fnt\n|-heal|p1a: Ceruledge|47\/100|[from] drain|[of] p2a: Iron Hands\n|faint|p2a: Iron Hands\n|-end|p2a: Iron Hands|Quark Drive|[silent]\n|\n|upkeep\n|\n|t:|1700896692\n|switch|p2a: Toxapex|Toxapex, F|100\/100\n|-damage|p2a: Toxapex|88\/100|[from] Stealth Rock\n|turn|16\n|\n|t:|1700896699\n|move|p1a: Ceruledge|Swords Dance|p1a: Ceruledge\n|-boost|p1a: Ceruledge|atk|2\n|move|p2a: Toxapex|Liquidation|p1a: Ceruledge\n|-supereffective|p1a: Ceruledge\n|-damage|p1a: Ceruledge|0 fnt\n|faint|p1a: Ceruledge\n|\n|-heal|p2a: Toxapex|94\/100|[from] item: Black Sludge\n|upkeep\n|\n|t:|1700896708\n|switch|p1a: Gholdengo|Gholdengo|100\/100\n|turn|17\n|\n|t:|1700896713\n|switch|p2a: Hatterene|Hatterene, F|100\/100\n|-damage|p2a: Hatterene|88\/100|[from] Stealth Rock\n|move|p1a: Gholdengo|Thunderbolt|p2a: Hatterene\n|-damage|p2a: Hatterene|56\/100\n|\n|-heal|p2a: Hatterene|62\/100|[from] item: Leftovers\n|upkeep\n|turn|18\n|\n|t:|1700896723\n|switch|p1a: Toxapex|Toxapex, F|100\/100\n|move|p2a: Hatterene|Trick Room|p2a: Hatterene\n|-fieldstart|move: Trick Room|[of] p2a: Hatterene\n|\n|-heal|p2a: Hatterene|68\/100|[from] item: Leftovers\n|upkeep\n|turn|19\n|\n|t:|1700896735\n|switch|p2a: Crawdaunt|Crawdaunt, M|100\/100\n|-damage|p2a: Crawdaunt|88\/100|[from] Stealth Rock\n|move|p1a: Toxapex|Infestation|p2a: Crawdaunt\n|-supereffective|p2a: Crawdaunt\n|-damage|p2a: Crawdaunt|80\/100\n|-activate|p2a: Crawdaunt|move: Infestation|[of] p1a: Toxapex\n|\n|-damage|p2a: Crawdaunt|68\/100|[from] move: Infestation|[partiallytrapped]\n|upkeep\n|turn|20\n|\n|t:|1700896745\n|move|p1a: Toxapex|Toxic|p2a: Crawdaunt\n|-status|p2a: Crawdaunt|tox\n|move|p2a: Crawdaunt|Knock Off|p1a: Toxapex\n|-crit|p1a: Toxapex\n|-damage|p1a: Toxapex|0 fnt\n|-enditem|p1a: Toxapex|Black Sludge|[from] move: Knock Off|[of] p2a: Crawdaunt\n|faint|p1a: Toxapex\n|\n|-damage|p2a: Crawdaunt|62\/100 tox|[from] psn\n|-end|p2a: Crawdaunt|Infestation|[partiallytrapped]|[silent]\n|upkeep\n|\n|t:|1700896755\n|switch|p1a: Gholdengo|Gholdengo|100\/100\n|turn|21\n|\n|t:|1700896760\n|move|p2a: Crawdaunt|Knock Off|p1a: Gholdengo\n|-supereffective|p1a: Gholdengo\n|-damage|p1a: Gholdengo|0 fnt\n|-enditem|p1a: Gholdengo|Choice Scarf|[from] move: Knock Off|[of] p2a: Crawdaunt\n|faint|p1a: Gholdengo\n|\n|win|Bruhitsjhian\n|raw|Meztere's rating: 1116 &rarr; <strong>1093<\/strong><br \/>(-23 for losing)\n|raw|Bruhitsjhian's rating: 1144 &rarr; <strong>1167<\/strong><br \/>(+23 for winning)\n|l|\u2606Meztere\n","uploadtime":1700896768,"views":14,"p1id":"meztere","p2id":"bruhitsjhian","formatid":"gen9ou","rating":1093,"private":0,"password":""}