{"id":"gen9ou-1989763203","p1":"Jontrendline","p2":"Steez Ibanez","format":"[Gen 9] OU","log":"|j|\u2606Jontrendline\n|j|\u2606Steez Ibanez\n|t:|1699893661\n|gametype|singles\n|player|p1|Jontrendline|scientist-gen4|1669\n|player|p2|Steez Ibanez|lance-gen2|1643\n|teamsize|p1|6\n|teamsize|p2|6\n|gen|9\n|tier|[Gen 9] OU\n|rated|\n|rule|Sleep Clause Mod: Limit one foe put to sleep\n|rule|Species Clause: Limit one of each Pok\u00e9mon\n|rule|OHKO Clause: OHKO moves are banned\n|rule|Evasion Items Clause: Evasion items are banned\n|rule|Evasion Moves Clause: Evasion moves are banned\n|rule|Endless Battle Clause: Forcing endless battles is banned\n|rule|HP Percentage Mod: HP is shown in percentages\n|clearpoke\n|poke|p1|Blissey, F|\n|poke|p1|Zamazenta-*|\n|poke|p1|Dragapult, F|\n|poke|p1|Toxapex, M|\n|poke|p1|Weavile, M|\n|poke|p1|Dragonite, F|\n|poke|p2|Samurott-Hisui, M|\n|poke|p2|Corviknight, M|\n|poke|p2|Iron Valiant|\n|poke|p2|Dragapult, M|\n|poke|p2|Ting-Lu|\n|poke|p2|Iron Moth|\n|teampreview\n|\n|t:|1699893669\n|start\n|switch|p1a: Dragonite|Dragonite, F|100\/100\n|switch|p2a: Midoriya|Iron Valiant|100\/100\n|turn|1\n|\n|t:|1699893673\n|-end|p2a: Midoriya|Quark Drive|[silent]\n|switch|p2a: Clicker|Ting-Lu|100\/100\n|-ability|p2a: Clicker|Vessel of Ruin\n|switch|p1a: Toxapex|Toxapex, M|100\/100\n|\n|upkeep\n|turn|2\n|\n|t:|1699893683\n|switch|p1a: Weavile|Weavile, M|100\/100\n|-ability|p1a: Weavile|Pressure\n|-terastallize|p2a: Clicker|Poison\n|move|p2a: Clicker|Earthquake|p1a: Weavile\n|-damage|p1a: Weavile|36\/100\n|\n|upkeep\n|turn|3\n|\n|t:|1699893689\n|switch|p1a: Dragonite|Dragonite, F|100\/100\n|switch|p2a: Dick Grayson|Corviknight, M|100\/100\n|-ability|p2a: Dick Grayson|Pressure\n|\n|upkeep\n|turn|4\n|\n|t:|1699893692\n|move|p1a: Dragonite|Thunderbolt|p2a: Dick Grayson\n|-supereffective|p2a: Dick Grayson\n|-damage|p2a: Dick Grayson|48\/100\n|move|p2a: Dick Grayson|U-turn|p1a: Dragonite\n|-resisted|p1a: Dragonite\n|-damage|p1a: Dragonite|97\/100\n|\n|t:|1699893694\n|switch|p2a: Midoriya|Iron Valiant|100\/100|[from] U-turn\n|\n|upkeep\n|turn|5\n|\n|t:|1699893700\n|switch|p1a: Toxapex|Toxapex, M|100\/100\n|move|p2a: Midoriya|Knock Off|p1a: Toxapex\n|-damage|p1a: Toxapex|84\/100\n|-enditem|p1a: Toxapex|Black Sludge|[from] move: Knock Off|[of] p2a: Midoriya\n|\n|upkeep\n|turn|6\n|\n|t:|1699893704\n|-end|p2a: Midoriya|Quark Drive|[silent]\n|switch|p2a: Dick Grayson|Corviknight, M|48\/100\n|-ability|p2a: Dick Grayson|Pressure\n|switch|p1a: Dragonite|Dragonite, F|97\/100\n|\n|-heal|p2a: Dick Grayson|55\/100|[from] item: Leftovers\n|upkeep\n|turn|7\n|\n|t:|1699893707\n|move|p1a: Dragonite|Thunderbolt|p2a: Dick Grayson\n|-supereffective|p2a: Dick Grayson\n|-damage|p2a: Dick Grayson|0 fnt\n|faint|p2a: Dick Grayson\n|\n|upkeep\n|\n|t:|1699893713\n|switch|p2a: Toothless|Dragapult, M|100\/100\n|turn|8\n|\n|t:|1699893715\n|switch|p1a: Toxapex|Toxapex, M|100\/100\n|move|p2a: Toothless|Dragon Darts|p1a: Toxapex\n|-damage|p1a: Toxapex|88\/100\n|-anim|p2a: Toothless|Dragon Darts|p1a: Toxapex\n|-damage|p1a: Toxapex|75\/100\n|\n|upkeep\n|turn|9\n|\n|t:|1699893719\n|switch|p2a: Clicker|Ting-Lu, tera:Poison|100\/100\n|-ability|p2a: Clicker|Vessel of Ruin\n|move|p1a: Toxapex|Toxic Spikes|p2a: Clicker\n|-sidestart|p2: Steez Ibanez|move: Toxic Spikes\n|\n|upkeep\n|turn|10\n|\n|t:|1699893725\n|switch|p1a: Dragonite|Dragonite, F|97\/100\n|move|p2a: Clicker|Stealth Rock|p1a: Dragonite\n|-sidestart|p1: Jontrendline|move: Stealth Rock\n|\n|upkeep\n|turn|11\n|\n|t:|1699893729\n|move|p1a: Dragonite|Earthquake|p2a: Clicker\n|-supereffective|p2a: Clicker\n|-damage|p2a: Clicker|63\/100\n|move|p2a: Clicker|Ruination|p1a: Dragonite\n|-damage|p1a: Dragonite|49\/100\n|\n|-heal|p2a: Clicker|69\/100|[from] item: Leftovers\n|upkeep\n|turn|12\n|\n|t:|1699893735\n|switch|p2a: Darth Tyranus|Samurott-Hisui, M, shiny|100\/100\n|move|p1a: Dragonite|Roost|p1a: Dragonite\n|-heal|p1a: Dragonite|99\/100\n|-singleturn|p1a: Dragonite|move: Roost\n|\n|upkeep\n|turn|13\n|\n|t:|1699893741\n|move|p2a: Darth Tyranus|Ceaseless Edge|p1a: Dragonite\n|-damage|p1a: Dragonite|57\/100\n|-sidestart|p1: Jontrendline|Spikes\n|move|p1a: Dragonite|Thunderbolt|p2a: Darth Tyranus\n|-supereffective|p2a: Darth Tyranus\n|-damage|p2a: Darth Tyranus|14\/100\n|\n|upkeep\n|turn|14\n|\n|t:|1699893747\n|move|p2a: Darth Tyranus|Ceaseless Edge|p1a: Dragonite\n|-damage|p1a: Dragonite|15\/100\n|-sidestart|p1: Jontrendline|Spikes\n|move|p1a: Dragonite|Roost|p1a: Dragonite\n|-heal|p1a: Dragonite|65\/100\n|-singleturn|p1a: Dragonite|move: Roost\n|\n|upkeep\n|turn|15\n|\n|t:|1699893754\n|move|p2a: Darth Tyranus|Swords Dance|p2a: Darth Tyranus\n|-boost|p2a: Darth Tyranus|atk|2\n|move|p1a: Dragonite|Roost|p1a: Dragonite\n|-heal|p1a: Dragonite|100\/100\n|-singleturn|p1a: Dragonite|move: Roost\n|\n|upkeep\n|turn|16\n|\n|t:|1699893766\n|move|p2a: Darth Tyranus|Ceaseless Edge|p1a: Dragonite\n|-damage|p1a: Dragonite|57\/100\n|-sidestart|p1: Jontrendline|Spikes\n|move|p1a: Dragonite|Thunderbolt|p2a: Darth Tyranus\n|-supereffective|p2a: Darth Tyranus\n|-damage|p2a: Darth Tyranus|0 fnt\n|faint|p2a: Darth Tyranus\n|\n|upkeep\n|\n|t:|1699893771\n|switch|p2a: Toothless|Dragapult, M|100\/100\n|turn|17\n|\n|t:|1699893780\n|switch|p1a: Toxapex|Toxapex, M|100\/100\n|-damage|p1a: Toxapex|88\/100|[from] Stealth Rock\n|-damage|p1a: Toxapex|63\/100|[from] Spikes\n|move|p2a: Toothless|Dragon Darts|p1a: Toxapex\n|-damage|p1a: Toxapex|50\/100\n|-anim|p2a: Toothless|Dragon Darts|p1a: Toxapex\n|-damage|p1a: Toxapex|37\/100\n|\n|upkeep\n|turn|18\n|\n|t:|1699893786\n|move|p2a: Toothless|Dragon Darts|p1a: Toxapex\n|-damage|p1a: Toxapex|23\/100\n|-anim|p2a: Toothless|Dragon Darts|p1a: Toxapex\n|-damage|p1a: Toxapex|11\/100\n|move|p1a: Toxapex|Recover|p1a: Toxapex\n|-heal|p1a: Toxapex|61\/100\n|\n|upkeep\n|turn|19\n|\n|t:|1699893790\n|move|p2a: Toothless|Thunder Wave|p1a: Toxapex\n|-status|p1a: Toxapex|par\n|move|p1a: Toxapex|Recover|p1a: Toxapex\n|-heal|p1a: Toxapex|100\/100 par\n|\n|upkeep\n|turn|20\n|\n|t:|1699893793\n|move|p2a: Toothless|U-turn|p1a: Toxapex\n|-resisted|p1a: Toxapex\n|-damage|p1a: Toxapex|95\/100 par\n|\n|t:|1699893795\n|switch|p2a: Clicker|Ting-Lu, tera:Poison|69\/100|[from] U-turn\n|-sideend|p2: Steez Ibanez|move: Toxic Spikes|[of] p2a: Clicker\n|-ability|p2a: Clicker|Vessel of Ruin\n|move|p1a: Toxapex|Sludge Bomb|p2a: Clicker\n|-resisted|p2a: Clicker\n|-damage|p2a: Clicker|66\/100\n|\n|-heal|p2a: Clicker|72\/100|[from] item: Leftovers\n|upkeep\n|turn|21\n|\n|t:|1699893801\n|switch|p1a: Dragonite|Dragonite, F|57\/100\n|move|p2a: Clicker|Ruination|p1a: Dragonite\n|-damage|p1a: Dragonite|29\/100\n|\n|-heal|p2a: Clicker|78\/100|[from] item: Leftovers\n|upkeep\n|turn|22\n|\n|t:|1699893808\n|switch|p2a: Toothless|Dragapult, M|100\/100\n|move|p1a: Dragonite|Ice Beam|p2a: Toothless\n|-supereffective|p2a: Toothless\n|-damage|p2a: Toothless|15\/100\n|-status|p2a: Toothless|frz\n|\n|upkeep\n|turn|23\n|\n|t:|1699893816\n|cant|p2a: Toothless|frz\n|move|p1a: Dragonite|Roost|p1a: Dragonite\n|-heal|p1a: Dragonite|79\/100\n|-singleturn|p1a: Dragonite|move: Roost\n|\n|upkeep\n|turn|24\n|\n|t:|1699893822\n|cant|p2a: Toothless|frz\n|move|p1a: Dragonite|Ice Beam|p2a: Toothless\n|-supereffective|p2a: Toothless\n|-damage|p2a: Toothless|0 fnt\n|faint|p2a: Toothless\n|\n|upkeep\n|\n|t:|1699893823\n|switch|p2a: Midoriya|Iron Valiant|100\/100\n|turn|25\n|\n|t:|1699893830\n|switch|p1a: Toxapex|Toxapex, M|100\/100 par\n|-damage|p1a: Toxapex|88\/100 par|[from] Stealth Rock\n|-damage|p1a: Toxapex|63\/100 par|[from] Spikes\n|move|p2a: Midoriya|Moonblast|p1a: Toxapex\n|-resisted|p1a: Toxapex\n|-crit|p1a: Toxapex\n|-damage|p1a: Toxapex|35\/100 par\n|\n|upkeep\n|turn|26\n|\n|t:|1699893834\n|move|p2a: Midoriya|Thunderbolt|p1a: Toxapex\n|-supereffective|p1a: Toxapex\n|-damage|p1a: Toxapex|0 fnt\n|faint|p1a: Toxapex\n|\n|upkeep\n|j| lgang007\n|\n|t:|1699893840\n|switch|p1a: Dragapult|Dragapult, F|100\/100\n|-damage|p1a: Dragapult|88\/100|[from] Stealth Rock\n|-damage|p1a: Dragapult|63\/100|[from] Spikes\n|turn|27\n|\n|t:|1699893843\n|-end|p2a: Midoriya|Quark Drive|[silent]\n|switch|p2a: Clicker|Ting-Lu, tera:Poison|78\/100\n|-ability|p2a: Clicker|Vessel of Ruin\n|move|p1a: Dragapult|Thunder Wave|p2a: Clicker\n|-status|p2a: Clicker|par\n|\n|-heal|p1a: Dragapult|69\/100|[from] item: Leftovers\n|-heal|p2a: Clicker|85\/100 par|[from] item: Leftovers\n|upkeep\n|turn|28\n|\n|t:|1699893849\n|move|p1a: Dragapult|Hex|p2a: Clicker\n|-damage|p2a: Clicker|60\/100 par\n|cant|p2a: Clicker|par\n|\n|-heal|p1a: Dragapult|75\/100|[from] item: Leftovers\n|-heal|p2a: Clicker|66\/100 par|[from] item: Leftovers\n|upkeep\n|turn|29\n|j| 666gege\n|\n|t:|1699893853\n|move|p1a: Dragapult|Hex|p2a: Clicker\n|-damage|p2a: Clicker|42\/100 par\n|move|p2a: Clicker|Whirlwind|p1a: Dragapult\n|drag|p1a: Weavile|Weavile, M|36\/100\n|-ability|p1a: Weavile|Pressure\n|\n|-heal|p2a: Clicker|48\/100 par|[from] item: Leftovers\n|upkeep\n|turn|30\n|\n|t:|1699893862\n|move|p1a: Weavile|Knock Off|p2a: Clicker\n|-damage|p2a: Clicker|23\/100 par\n|-enditem|p2a: Clicker|Leftovers|[from] move: Knock Off|[of] p1a: Weavile\n|move|p2a: Clicker|Earthquake|p1a: Weavile\n|-damage|p1a: Weavile|0 fnt\n|faint|p1a: Weavile\n|\n|upkeep\n|\n|t:|1699893868\n|switch|p1a: Dragapult|Dragapult, F|75\/100\n|-damage|p1a: Dragapult|63\/100|[from] Stealth Rock\n|-damage|p1a: Dragapult|38\/100|[from] Spikes\n|turn|31\n|\n|t:|1699893876\n|move|p1a: Dragapult|Hex|p2a: Clicker\n|-damage|p2a: Clicker|0 fnt\n|faint|p2a: Clicker\n|\n|-heal|p1a: Dragapult|44\/100|[from] item: Leftovers\n|upkeep\n|\n|t:|1699893878\n|switch|p2a: Midoriya|Iron Valiant|100\/100\n|turn|32\n|\n|t:|1699893883\n|move|p1a: Dragapult|Thunder Wave|p2a: Midoriya\n|-status|p2a: Midoriya|par\n|cant|p2a: Midoriya|par\n|\n|-heal|p1a: Dragapult|50\/100|[from] item: Leftovers\n|upkeep\n|turn|33\n|c|\u2606Steez Ibanez|What a game for you\n|\n|t:|1699893892\n|move|p1a: Dragapult|Substitute|p1a: Dragapult\n|-start|p1a: Dragapult|Substitute\n|-damage|p1a: Dragapult|25\/100\n|move|p2a: Midoriya|Moonblast|p1a: Dragapult\n|-supereffective|p1a: Dragapult\n|-end|p1a: Dragapult|Substitute\n|\n|-heal|p1a: Dragapult|31\/100|[from] item: Leftovers\n|upkeep\n|turn|34\n|\n|t:|1699893894\n|move|p1a: Dragapult|Substitute|p1a: Dragapult\n|-start|p1a: Dragapult|Substitute\n|-damage|p1a: Dragapult|6\/100\n|move|p2a: Midoriya|Moonblast|p1a: Dragapult\n|-supereffective|p1a: Dragapult\n|-end|p1a: Dragapult|Substitute\n|\n|-heal|p1a: Dragapult|12\/100|[from] item: Leftovers\n|upkeep\n|turn|35\n|\n|t:|1699893899\n|move|p1a: Dragapult|Hex|p2a: Midoriya\n|-damage|p2a: Midoriya|0 fnt\n|faint|p2a: Midoriya\n|-end|p2a: Midoriya|Quark Drive|[silent]\n|\n|-heal|p1a: Dragapult|18\/100|[from] item: Leftovers\n|upkeep\n|-message|Steez Ibanez forfeited.\n|\n|win|Jontrendline\n|raw|Jontrendline's rating: 1669 &rarr; <strong>1688<\/strong><br \/>(+19 for winning)\n|raw|Steez Ibanez's rating: 1643 &rarr; <strong>1624<\/strong><br \/>(-19 for losing)\n|l|\u2606Steez Ibanez\n|l| lgang007\n","uploadtime":1699894458,"views":11,"p1id":"jontrendline","p2id":"steezibanez","formatid":"gen9ou","rating":1624,"private":0,"password":""}