{"id":"gen9ou-1999504427","p1":"Ghoulzxn","p2":"ddddddddddddqwea","format":"[Gen 9] OU","log":"|j|\u2606Ghoulzxn\n|j|\u2606ddddddddddddqwea\n|t:|1701090051\n|gametype|singles\n|player|p1|Ghoulzxn|102|1056\n|player|p2|ddddddddddddqwea|gentleman|1070\n|teamsize|p1|6\n|teamsize|p2|6\n|gen|9\n|tier|[Gen 9] OU\n|rated|\n|rule|Sleep Clause Mod: Limit one foe put to sleep\n|rule|Species Clause: Limit one of each Pok\u00e9mon\n|rule|OHKO Clause: OHKO moves are banned\n|rule|Evasion Items Clause: Evasion items are banned\n|rule|Evasion Moves Clause: Evasion moves are banned\n|rule|Endless Battle Clause: Forcing endless battles is banned\n|rule|HP Percentage Mod: HP is shown in percentages\n|clearpoke\n|poke|p1|Dragapult, M|\n|poke|p1|Dragonite, M|\n|poke|p1|Samurott-Hisui, F|\n|poke|p1|Cinderace, M|\n|poke|p1|Iron Valiant|\n|poke|p1|Iron Moth|\n|poke|p2|Zapdos|\n|poke|p2|Slowking-Galar, M|\n|poke|p2|Perrserker, F|\n|poke|p2|Great Tusk|\n|poke|p2|Crawdaunt, F|\n|poke|p2|Mandibuzz, F|\n|teampreview\n|inactive|Battle timer is ON: inactive players will automatically lose when time's up. (requested by Ghoulzxn)\n|\n|t:|1701090070\n|start\n|switch|p1a: Cinderace|Cinderace, M, shiny|100\/100\n|switch|p2a: Zapdos|Zapdos|100\/100\n|turn|1\n|\n|t:|1701090081\n|move|p1a: Cinderace|Pyro Ball|p2a: Zapdos\n|-damage|p2a: Zapdos|24\/100\n|-damage|p1a: Cinderace|91\/100|[from] item: Life Orb\n|move|p2a: Zapdos|Thunder Wave|p1a: Cinderace\n|-status|p1a: Cinderace|par\n|\n|upkeep\n|turn|2\n|\n|t:|1701090090\n|move|p2a: Zapdos|Volt Switch|p1a: Cinderace\n|-damage|p1a: Cinderace|52\/100 par\n|\n|t:|1701090094\n|switch|p2a: Mandibuzz|Mandibuzz, F|100\/100|[from] Volt Switch\n|move|p1a: Cinderace|Pyro Ball|p2a: Mandibuzz\n|-damage|p2a: Mandibuzz|61\/100\n|-damage|p1a: Cinderace|42\/100 par|[from] item: Life Orb\n|\n|upkeep\n|turn|3\n|\n|t:|1701090102\n|move|p2a: Mandibuzz|Roost|p2a: Mandibuzz\n|-heal|p2a: Mandibuzz|100\/100\n|-singleturn|p2a: Mandibuzz|move: Roost\n|move|p1a: Cinderace|High Jump Kick|p2a: Mandibuzz\n|-start|p1a: Cinderace|typechange|Fighting|[from] ability: Libero\n|-supereffective|p2a: Mandibuzz\n|-damage|p2a: Mandibuzz|9\/100\n|-damage|p1a: Cinderace|32\/100 par|[from] item: Life Orb\n|\n|upkeep\n|turn|4\n|\n|t:|1701090123\n|move|p2a: Mandibuzz|Roost|p2a: Mandibuzz\n|-heal|p2a: Mandibuzz|60\/100\n|-singleturn|p2a: Mandibuzz|move: Roost\n|move|p1a: Cinderace|Pyro Ball|p2a: Mandibuzz\n|-damage|p2a: Mandibuzz|29\/100\n|-damage|p1a: Cinderace|22\/100 par|[from] item: Life Orb\n|\n|upkeep\n|turn|5\n|\n|t:|1701090136\n|move|p2a: Mandibuzz|U-turn|p1a: Cinderace\n|-resisted|p1a: Cinderace\n|-damage|p1a: Cinderace|14\/100 par\n|\n|t:|1701090138\n|switch|p2a: Great Tusk|Great Tusk, shiny|100\/100|[from] U-turn\n|cant|p1a: Cinderace|par\n|\n|upkeep\n|turn|6\n|\n|t:|1701090146\n|move|p2a: Great Tusk|Ice Spinner|p1a: Cinderace\n|-damage|p1a: Cinderace|0 fnt\n|faint|p1a: Cinderace\n|\n|upkeep\n|\n|t:|1701090151\n|switch|p1a: Samurott|Samurott-Hisui, F, shiny|100\/100\n|turn|7\n|inactive|ddddddddddddqwea has 120 seconds left.\n|\n|t:|1701090195\n|-end|p2a: Great Tusk|Protosynthesis|[silent]\n|switch|p2a: Zapdos|Zapdos|24\/100\n|move|p1a: Samurott|Razor Shell|p2a: Zapdos\n|-damage|p2a: Zapdos|0 fnt\n|faint|p2a: Zapdos\n|\n|upkeep\n|\n|t:|1701090202\n|switch|p2a: Perrserker|Perrserker, F|100\/100\n|turn|8\n|\n|t:|1701090210\n|move|p1a: Samurott|Razor Shell|p2a: Perrserker\n|-damage|p2a: Perrserker|51\/100\n|move|p2a: Perrserker|Close Combat|p1a: Samurott\n|-supereffective|p1a: Samurott\n|-damage|p1a: Samurott|5\/100\n|-unboost|p2a: Perrserker|def|1\n|-unboost|p2a: Perrserker|spd|1\n|\n|upkeep\n|turn|9\n|inactive|ddddddddddddqwea has 120 seconds left.\n|\n|t:|1701090231\n|switch|p2a: Crawdaunt|Crawdaunt, F|100\/100\n|move|p1a: Samurott|Razor Shell|p2a: Crawdaunt\n|-resisted|p2a: Crawdaunt\n|-damage|p2a: Crawdaunt|72\/100\n|\n|upkeep\n|turn|10\n|\n|t:|1701090239\n|move|p2a: Crawdaunt|Aqua Jet|p1a: Samurott\n|-resisted|p1a: Samurott\n|-damage|p1a: Samurott|0 fnt\n|faint|p1a: Samurott\n|\n|upkeep\n|\n|t:|1701090248\n|switch|p1a: Dragapult|Dragapult, M, shiny|100\/100\n|turn|11\n|inactive|ddddddddddddqwea has 120 seconds left.\n|\n|t:|1701090263\n|switch|p2a: Slowking|Slowking-Galar, M|100\/100\n|move|p1a: Dragapult|Dragon Darts|p2a: Slowking\n|-damage|p2a: Slowking|79\/100\n|-anim|p1a: Dragapult|Dragon Darts|p2a: Slowking\n|-damage|p2a: Slowking|59\/100\n|\n|upkeep\n|turn|12\n|\n|t:|1701090271\n|move|p1a: Dragapult|Dragon Dance|p1a: Dragapult\n|-boost|p1a: Dragapult|atk|1\n|-boost|p1a: Dragapult|spe|1\n|move|p2a: Slowking|Trick Room|p2a: Slowking\n|-fieldstart|move: Trick Room|[of] p2a: Slowking\n|\n|upkeep\n|turn|13\n|\n|t:|1701090284\n|switch|p2a: Mandibuzz|Mandibuzz, F|29\/100\n|move|p1a: Dragapult|Dragon Darts|p2a: Mandibuzz\n|-damage|p2a: Mandibuzz|6\/100\n|-anim|p1a: Dragapult|Dragon Darts|p2a: Mandibuzz\n|-damage|p2a: Mandibuzz|0 fnt\n|faint|p2a: Mandibuzz\n|\n|upkeep\n|\n|t:|1701090291\n|switch|p2a: Perrserker|Perrserker, F|51\/100\n|turn|14\n|\n|t:|1701090299\n|move|p2a: Perrserker|Gyro Ball|p1a: Dragapult\n|-damage|p1a: Dragapult|0 fnt\n|faint|p1a: Dragapult\n|\n|upkeep\n|\n|t:|1701090303\n|switch|p1a: Iron Moth|Iron Moth|100\/100\n|-enditem|p1a: Iron Moth|Booster Energy\n|-activate|p1a: Iron Moth|ability: Quark Drive|[fromitem]\n|-start|p1a: Iron Moth|quarkdrivespa\n|turn|15\n|\n|t:|1701090311\n|move|p2a: Perrserker|Gyro Ball|p1a: Iron Moth\n|-resisted|p1a: Iron Moth\n|-crit|p1a: Iron Moth\n|-damage|p1a: Iron Moth|0 fnt\n|faint|p1a: Iron Moth\n|-end|p1a: Iron Moth|Quark Drive|[silent]\n|\n|upkeep\n|\n|t:|1701090317\n|switch|p1a: Dragonite|Dragonite, M|100\/100\n|turn|16\n|\n|t:|1701090322\n|-terastallize|p1a: Dragonite|Normal\n|move|p1a: Dragonite|Extreme Speed|p2a: Perrserker\n|-resisted|p2a: Perrserker\n|-damage|p2a: Perrserker|29\/100\n|move|p2a: Perrserker|Gyro Ball|p1a: Dragonite\n|-damage|p1a: Dragonite|51\/100\n|\n|-fieldend|move: Trick Room\n|upkeep\n|turn|17\n|-message|Ghoulzxn forfeited.\n|\n|win|ddddddddddddqwea\n|raw|Ghoulzxn's rating: 1056 &rarr; <strong>1038<\/strong><br \/>(-18 for losing)\n|raw|ddddddddddddqwea's rating: 1070 &rarr; <strong>1098<\/strong><br \/>(+28 for winning)\n|l|\u2606Ghoulzxn\n","uploadtime":1701090332,"views":18,"p1id":"ghoulzxn","p2id":"ddddddddddddqwea","formatid":"gen9ou","rating":1038,"private":0,"password":""}