{"id":"gen9ou-1990149200","p1":"mathismathin","p2":"02xygen_","format":"[Gen 9] OU","log":"|j|\u2606mathismathin\n|j|\u260602xygen_\n|t:|1699929945\n|gametype|singles\n|player|p1|mathismathin|nate|1728\n|player|p2|02xygen_|265|1662\n|teamsize|p1|6\n|teamsize|p2|6\n|gen|9\n|tier|[Gen 9] OU\n|rated|\n|rule|Sleep Clause Mod: Limit one foe put to sleep\n|rule|Species Clause: Limit one of each Pok\u00e9mon\n|rule|OHKO Clause: OHKO moves are banned\n|rule|Evasion Items Clause: Evasion items are banned\n|rule|Evasion Moves Clause: Evasion moves are banned\n|rule|Endless Battle Clause: Forcing endless battles is banned\n|rule|HP Percentage Mod: HP is shown in percentages\n|clearpoke\n|poke|p1|Clefable, F|\n|poke|p1|Alomomola, M|\n|poke|p1|Blissey, F|\n|poke|p1|Clodsire, M|\n|poke|p1|Dondozo, M|\n|poke|p1|Amoonguss, F|\n|poke|p2|Walking Wake|\n|poke|p2|Heatran, F|\n|poke|p2|Rillaboom, F|\n|poke|p2|Rotom-Wash|\n|poke|p2|Weezing-Galar, F|\n|poke|p2|Iron Valiant|\n|teampreview\n|j| Heihachi Mishima\n|\n|t:|1699929961\n|start\n|switch|p1a: Clefable|Clefable, F|100\/100\n|switch|p2a: Heatran|Heatran, F|100\/100\n|turn|1\n|\n|t:|1699929970\n|switch|p1a: Alomomola|Alomomola, M|100\/100\n|move|p2a: Heatran|Stealth Rock|p1a: Alomomola\n|-sidestart|p1: mathismathin|move: Stealth Rock\n|\n|upkeep\n|turn|2\n|j| Zachanas\n|\n|t:|1699929977\n|switch|p2a: Rotom|Rotom-Wash, shiny|100\/100\n|move|p1a: Alomomola|Flip Turn|p2a: Rotom\n|-resisted|p2a: Rotom\n|-damage|p2a: Rotom|92\/100\n|j| njbbc\n|\n|t:|1699929990\n|switch|p1a: Clefable|Clefable, F|100\/100|[from] Flip Turn\n|\n|-heal|p2a: Rotom|98\/100|[from] item: Leftovers\n|upkeep\n|turn|3\n|\n|t:|1699930010\n|move|p2a: Rotom|Volt Switch|p1a: Clefable\n|-damage|p1a: Clefable|78\/100\n|\n|t:|1699930015\n|switch|p2a: Heatran|Heatran, F|100\/100|[from] Volt Switch\n|move|p1a: Clefable|Knock Off|p2a: Heatran\n|-damage|p2a: Heatran|88\/100\n|-enditem|p2a: Heatran|Leftovers|[from] move: Knock Off|[of] p1a: Clefable\n|\n|-heal|p1a: Clefable|84\/100|[from] item: Leftovers\n|upkeep\n|turn|4\n|j| cheese miestro\n|\n|t:|1699930021\n|switch|p1a: Alomomola|Alomomola, M|100\/100\n|move|p2a: Heatran|Magma Storm|p1a: Alomomola\n|-resisted|p1a: Alomomola\n|-damage|p1a: Alomomola|75\/100\n|-activate|p1a: Alomomola|move: Magma Storm|[of] p2a: Heatran\n|\n|-damage|p1a: Alomomola|63\/100|[from] move: Magma Storm|[partiallytrapped]\n|upkeep\n|turn|5\n|\n|t:|1699930031\n|move|p2a: Heatran|Earth Power|p1a: Alomomola\n|-damage|p1a: Alomomola|32\/100\n|move|p1a: Alomomola|Flip Turn|p2a: Heatran\n|-supereffective|p2a: Heatran\n|-damage|p2a: Heatran|59\/100\n|l| Zachanas\n|l| Heihachi Mishima\n|\n|t:|1699930045\n|switch|p1a: Blissey|Blissey, F|100\/100|[from] Flip Turn\n|\n|upkeep\n|turn|6\n|\n|t:|1699930054\n|switch|p2a: Weezing|Weezing-Galar, F|100\/100\n|-ability|p2a: Weezing|Neutralizing Gas\n|move|p1a: Blissey|Seismic Toss|p2a: Weezing\n|-damage|p2a: Weezing|70\/100\n|-damage|p1a: Blissey|84\/100|[from] item: Rocky Helmet|[of] p2a: Weezing\n|\n|upkeep\n|turn|7\n|\n|t:|1699930063\n|move|p2a: Weezing|Sludge Bomb|p1a: Blissey\n|-damage|p1a: Blissey|76\/100\n|move|p1a: Blissey|Stealth Rock|p2a: Weezing\n|-sidestart|p2: 02xygen_|move: Stealth Rock\n|\n|upkeep\n|turn|8\n|\n|t:|1699930068\n|switch|p1a: Clodsire|Clodsire, M|100\/100\n|move|p2a: Weezing|Will-O-Wisp|p1a: Clodsire\n|-status|p1a: Clodsire|brn\n|\n|-damage|p1a: Clodsire|94\/100 brn|[from] brn\n|upkeep\n|turn|9\n|\n|t:|1699930078\n|move|p2a: Weezing|Pain Split|p1a: Clodsire\n|-sethp|p1a: Clodsire|73\/100 brn|[from] move: Pain Split|[silent]\n|-sethp|p2a: Weezing|100\/100|[from] move: Pain Split\n|move|p1a: Clodsire|Spikes|p2a: Weezing\n|-sidestart|p2: 02xygen_|Spikes\n|\n|-damage|p1a: Clodsire|67\/100 brn|[from] brn\n|upkeep\n|turn|10\n|inactive|Battle timer is ON: inactive players will automatically lose when time's up. (requested by 02xygen_)\n|\n|t:|1699930099\n|move|p2a: Weezing|Defog|p1a: Clodsire\n|-unboost|p1a: Clodsire|evasion|1\n|-sideend|p1: mathismathin|Stealth Rock|[from] move: Defog|[of] p2a: Weezing\n|-sideend|p2: 02xygen_|Spikes|[from] move: Defog|[of] p2a: Weezing\n|-sideend|p2: 02xygen_|Stealth Rock|[from] move: Defog|[of] p2a: Weezing\n|move|p1a: Clodsire|Spikes|p2a: Weezing\n|-sidestart|p2: 02xygen_|Spikes\n|\n|-damage|p1a: Clodsire|61\/100 brn|[from] brn\n|upkeep\n|turn|11\n|\n|t:|1699930108\n|-end|p2a: Weezing|ability: Neutralizing Gas\n|switch|p2a: Rillaboom|Rillaboom, F|100\/100\n|-damage|p2a: Rillaboom|88\/100|[from] Spikes\n|-fieldstart|move: Grassy Terrain|[from] ability: Grassy Surge|[of] p2a: Rillaboom\n|move|p1a: Clodsire|Spikes|p2a: Rillaboom\n|-sidestart|p2: 02xygen_|Spikes\n|\n|-heal|p2a: Rillaboom|94\/100|[from] Grassy Terrain\n|-heal|p1a: Clodsire|67\/100 brn|[from] Grassy Terrain\n|-damage|p1a: Clodsire|61\/100 brn|[from] brn\n|upkeep\n|turn|12\n|\n|t:|1699930114\n|switch|p1a: Amoonguss|Amoonguss, F|100\/100\n|move|p2a: Rillaboom|Knock Off|p1a: Amoonguss\n|-damage|p1a: Amoonguss|62\/100\n|-enditem|p1a: Amoonguss|Heavy-Duty Boots|[from] move: Knock Off|[of] p2a: Rillaboom\n|\n|-heal|p2a: Rillaboom|100\/100|[from] Grassy Terrain\n|-heal|p1a: Amoonguss|68\/100|[from] Grassy Terrain\n|upkeep\n|turn|13\n|\n|t:|1699930133\n|switch|p2a: Rotom|Rotom-Wash, shiny|98\/100\n|switch|p1a: Alomomola|Alomomola, M|66\/100\n|\n|-heal|p2a: Rotom|100\/100|[from] item: Leftovers\n|-heal|p1a: Alomomola|72\/100|[from] Grassy Terrain\n|upkeep\n|turn|14\n|\n|t:|1699930140\n|switch|p1a: Amoonguss|Amoonguss, F|100\/100\n|move|p2a: Rotom|Volt Switch|p1a: Amoonguss\n|-resisted|p1a: Amoonguss\n|-damage|p1a: Amoonguss|88\/100\n|\n|t:|1699930145\n|switch|p2a: Weezing|Weezing-Galar, F|100\/100|[from] Volt Switch\n|-ability|p2a: Weezing|Neutralizing Gas\n|-damage|p2a: Weezing|84\/100|[from] Spikes\n|\n|-heal|p2a: Weezing|90\/100|[from] Grassy Terrain\n|-heal|p1a: Amoonguss|94\/100|[from] Grassy Terrain\n|upkeep\n|turn|15\n|\n|t:|1699930151\n|move|p2a: Weezing|Defog|p1a: Amoonguss\n|-unboost|p1a: Amoonguss|evasion|1\n|-sideend|p2: 02xygen_|Spikes|[from] move: Defog|[of] p2a: Weezing\n|-fieldend|move: Grassy Terrain\n|move|p1a: Amoonguss|Sludge Bomb|p2a: Weezing\n|-crit|p2a: Weezing\n|-damage|p2a: Weezing|30\/100\n|\n|upkeep\n|turn|16\n|\n|t:|1699930158\n|move|p2a: Weezing|Pain Split|p1a: Amoonguss\n|-sethp|p1a: Amoonguss|59\/100|[from] move: Pain Split|[silent]\n|-sethp|p2a: Weezing|76\/100|[from] move: Pain Split\n|move|p1a: Amoonguss|Sludge Bomb|p2a: Weezing\n|-crit|p2a: Weezing\n|-damage|p2a: Weezing|24\/100\n|\n|upkeep\n|turn|17\n|\n|t:|1699930168\n|-end|p2a: Weezing|ability: Neutralizing Gas\n|switch|p2a: Heatran|Heatran, F|59\/100\n|move|p1a: Amoonguss|Sludge Bomb|p2a: Heatran\n|-immune|p2a: Heatran\n|\n|upkeep\n|turn|18\n|\n|t:|1699930175\n|switch|p1a: Alomomola|Alomomola, M|100\/100\n|move|p2a: Heatran|Magma Storm|p1a: Alomomola\n|-resisted|p1a: Alomomola\n|-damage|p1a: Alomomola|73\/100\n|-activate|p1a: Alomomola|move: Magma Storm|[of] p2a: Heatran\n|\n|-damage|p1a: Alomomola|61\/100|[from] move: Magma Storm|[partiallytrapped]\n|upkeep\n|turn|19\n|\n|t:|1699930186\n|switch|p2a: Weezing|Weezing-Galar, F|24\/100\n|-ability|p2a: Weezing|Neutralizing Gas\n|move|p1a: Alomomola|Flip Turn|p2a: Weezing\n|-damage|p2a: Weezing|13\/100\n|-damage|p1a: Alomomola|44\/100|[from] item: Rocky Helmet|[of] p2a: Weezing\n|\n|t:|1699930207\n|switch|p1a: Amoonguss|Amoonguss, F|92\/100|[from] Flip Turn\n|\n|upkeep\n|turn|20\n|\n|t:|1699930212\n|move|p2a: Weezing|Pain Split|p1a: Amoonguss\n|-sethp|p1a: Amoonguss|51\/100|[from] move: Pain Split|[silent]\n|-sethp|p2a: Weezing|66\/100|[from] move: Pain Split\n|move|p1a: Amoonguss|Sludge Bomb|p2a: Weezing\n|-damage|p2a: Weezing|31\/100\n|\n|upkeep\n|turn|21\n|l| cheese miestro\n|\n|t:|1699930225\n|-end|p2a: Weezing|ability: Neutralizing Gas\n|switch|p2a: Heatran|Heatran, F|59\/100\n|move|p1a: Amoonguss|Sludge Bomb|p2a: Heatran\n|-immune|p2a: Heatran\n|\n|upkeep\n|turn|22\n|\n|t:|1699930233\n|switch|p1a: Dondozo|Dondozo, M|100\/100\n|move|p2a: Heatran|Magma Storm|p1a: Dondozo\n|-resisted|p1a: Dondozo\n|-damage|p1a: Dondozo|81\/100\n|-activate|p1a: Dondozo|move: Magma Storm|[of] p2a: Heatran\n|\n|-damage|p1a: Dondozo|68\/100|[from] move: Magma Storm|[partiallytrapped]\n|upkeep\n|turn|23\n|\n|t:|1699930243\n|move|p2a: Heatran|Stealth Rock|p1a: Dondozo\n|-sidestart|p1: mathismathin|move: Stealth Rock\n|move|p1a: Dondozo|Body Press|p2a: Heatran\n|-supereffective|p2a: Heatran\n|-damage|p2a: Heatran|10\/100\n|\n|-damage|p1a: Dondozo|56\/100|[from] move: Magma Storm|[partiallytrapped]\n|upkeep\n|turn|24\n|\n|t:|1699930271\n|switch|p2a: Rillaboom|Rillaboom, F|100\/100\n|-fieldstart|move: Grassy Terrain|[from] ability: Grassy Surge|[of] p2a: Rillaboom\n|move|p1a: Dondozo|Body Press|p2a: Rillaboom\n|-damage|p2a: Rillaboom|72\/100\n|\n|-heal|p2a: Rillaboom|78\/100|[from] Grassy Terrain\n|-heal|p1a: Dondozo|62\/100|[from] Grassy Terrain\n|-end|p1a: Dondozo|Magma Storm|[partiallytrapped]|[silent]\n|upkeep\n|turn|25\n|\n|t:|1699930275\n|switch|p1a: Amoonguss|Amoonguss, F|84\/100\n|-damage|p1a: Amoonguss|72\/100|[from] Stealth Rock\n|move|p2a: Rillaboom|U-turn|p1a: Amoonguss\n|-damage|p1a: Amoonguss|45\/100\n|\n|t:|1699930279\n|switch|p2a: Heatran|Heatran, F|10\/100|[from] U-turn\n|\n|-heal|p2a: Heatran|16\/100|[from] Grassy Terrain\n|-heal|p1a: Amoonguss|51\/100|[from] Grassy Terrain\n|upkeep\n|turn|26\n|\n|t:|1699930289\n|switch|p1a: Dondozo|Dondozo, M|62\/100\n|move|p2a: Heatran|Magma Storm|p1a: Dondozo\n|-resisted|p1a: Dondozo\n|-damage|p1a: Dondozo|40\/100\n|-activate|p1a: Dondozo|move: Magma Storm|[of] p2a: Heatran\n|\n|-heal|p2a: Heatran|23\/100|[from] Grassy Terrain\n|-heal|p1a: Dondozo|47\/100|[from] Grassy Terrain\n|-damage|p1a: Dondozo|34\/100|[from] move: Magma Storm|[partiallytrapped]\n|upkeep\n|turn|27\n|\n|t:|1699930301\n|move|p2a: Heatran|Taunt|p1a: Dondozo\n|-start|p1a: Dondozo|move: Taunt\n|cant|p1a: Dondozo|move: Taunt|Rest\n|\n|-heal|p2a: Heatran|29\/100|[from] Grassy Terrain\n|-heal|p1a: Dondozo|40\/100|[from] Grassy Terrain\n|-damage|p1a: Dondozo|28\/100|[from] move: Magma Storm|[partiallytrapped]\n|upkeep\n|turn|28\n|inactive|02xygen_ has 120 seconds left.\n|\n|t:|1699930332\n|switch|p2a: Rotom|Rotom-Wash, shiny|100\/100\n|move|p1a: Dondozo|Body Press|p2a: Rotom\n|-damage|p2a: Rotom|72\/100\n|\n|-heal|p2a: Rotom|78\/100|[from] item: Leftovers\n|-heal|p1a: Dondozo|34\/100|[from] Grassy Terrain\n|-end|p1a: Dondozo|Magma Storm|[partiallytrapped]|[silent]\n|-fieldend|move: Grassy Terrain\n|upkeep\n|turn|29\n|\n|t:|1699930348\n|switch|p1a: Blissey|Blissey, F|76\/100\n|move|p2a: Rotom|Volt Switch|p1a: Blissey\n|-damage|p1a: Blissey|69\/100\n|inactive|02xygen_ has 120 seconds left.\n|\n|t:|1699930378\n|switch|p2a: Weezing|Weezing-Galar, F|31\/100|[from] Volt Switch\n|-ability|p2a: Weezing|Neutralizing Gas\n|\n|upkeep\n|turn|30\n|\n|t:|1699930385\n|switch|p1a: Amoonguss|Amoonguss, F|84\/100\n|-damage|p1a: Amoonguss|71\/100|[from] Stealth Rock\n|move|p2a: Weezing|Pain Split|p1a: Amoonguss\n|-sethp|p1a: Amoonguss|48\/100|[from] move: Pain Split|[silent]\n|-sethp|p2a: Weezing|61\/100|[from] move: Pain Split\n|\n|upkeep\n|turn|31\n|inactive|02xygen_ has 120 seconds left.\n|\n|t:|1699930391\n|switch|p1a: Blissey|Blissey, F|69\/100\n|move|p2a: Weezing|Will-O-Wisp|p1a: Blissey|[miss]\n|-miss|p2a: Weezing|p1a: Blissey\n|\n|upkeep\n|turn|32\n|\n|t:|1699930403\n|switch|p1a: Amoonguss|Amoonguss, F|48\/100\n|-damage|p1a: Amoonguss|35\/100|[from] Stealth Rock\n|move|p2a: Weezing|Sludge Bomb|p1a: Amoonguss\n|-damage|p1a: Amoonguss|10\/100\n|\n|upkeep\n|turn|33\n|\n|t:|1699930414\n|switch|p1a: Clodsire|Clodsire, M|61\/100 brn\n|move|p2a: Weezing|Sludge Bomb|p1a: Clodsire\n|-resisted|p1a: Clodsire\n|-damage|p1a: Clodsire|57\/100 brn\n|\n|-damage|p1a: Clodsire|51\/100 brn|[from] brn\n|upkeep\n|turn|34\n|\n|t:|1699930428\n|-end|p2a: Weezing|ability: Neutralizing Gas\n|switch|p2a: Walking Wake|Walking Wake|100\/100\n|move|p1a: Clodsire|Spikes|p2a: Walking Wake\n|-sidestart|p2: 02xygen_|Spikes\n|\n|-damage|p1a: Clodsire|45\/100 brn|[from] brn\n|upkeep\n|turn|35\n|\n|t:|1699930438\n|switch|p1a: Clefable|Clefable, F|84\/100\n|move|p2a: Walking Wake|Knock Off|p1a: Clefable\n|-resisted|p1a: Clefable\n|-damage|p1a: Clefable|78\/100\n|-enditem|p1a: Clefable|Leftovers|[from] move: Knock Off|[of] p2a: Walking Wake\n|\n|upkeep\n|turn|36\n|\n|t:|1699930447\n|move|p2a: Walking Wake|Flip Turn|p1a: Clefable\n|-damage|p1a: Clefable|67\/100\n|\n|t:|1699930455\n|-end|p2a: Walking Wake|Protosynthesis|[silent]\n|switch|p2a: Weezing|Weezing-Galar, F|61\/100|[from] Flip Turn\n|-ability|p2a: Weezing|Neutralizing Gas\n|-damage|p2a: Weezing|49\/100|[from] Spikes\n|move|p1a: Clefable|Knock Off|p2a: Weezing\n|-resisted|p2a: Weezing\n|-damage|p2a: Weezing|45\/100\n|-damage|p1a: Clefable|50\/100|[from] item: Rocky Helmet|[of] p2a: Weezing\n|-enditem|p2a: Weezing|Rocky Helmet|[from] move: Knock Off|[of] p1a: Clefable\n|\n|upkeep\n|turn|37\n|\n|t:|1699930467\n|move|p1a: Clefable|Wish|p1a: Clefable\n|move|p2a: Weezing|Sludge Bomb|p1a: Clefable\n|-supereffective|p1a: Clefable\n|-damage|p1a: Clefable|0 fnt\n|faint|p1a: Clefable\n|\n|upkeep\n|-message|mathismathin forfeited.\n|\n|win|02xygen_\n|raw|mathismathin's rating: 1756 &rarr; <strong>1731<\/strong><br \/>(-25 for losing)\n|raw|02xygen_'s rating: 1662 &rarr; <strong>1687<\/strong><br \/>(+25 for winning)\n|l|\u2606mathismathin\n","uploadtime":1699930476,"views":16,"p1id":"mathismathin","p2id":"02xygen","formatid":"gen9ou","rating":1687,"private":0,"password":""}