{"id":"gen9ou-1996715769","p1":"ghostgallade","p2":"dogwearingdurag","format":"[Gen 9] OU","log":"|j|\u2606ghostgallade\n|j|\u2606dogwearingdurag\n|t:|1700713606\n|gametype|singles\n|player|p1|ghostgallade|n|1481\n|player|p2|dogwearingdurag|swimmer-gen4|1511\n|teamsize|p1|6\n|teamsize|p2|6\n|gen|9\n|tier|[Gen 9] OU\n|rated|\n|rule|Sleep Clause Mod: Limit one foe put to sleep\n|rule|Species Clause: Limit one of each Pok\u00e9mon\n|rule|OHKO Clause: OHKO moves are banned\n|rule|Evasion Items Clause: Evasion items are banned\n|rule|Evasion Moves Clause: Evasion moves are banned\n|rule|Endless Battle Clause: Forcing endless battles is banned\n|rule|HP Percentage Mod: HP is shown in percentages\n|clearpoke\n|poke|p1|Glimmora, F|\n|poke|p1|Kingambit, M|\n|poke|p1|Iron Valiant|\n|poke|p1|Dragapult, M|\n|poke|p1|Landorus-Therian, M|\n|poke|p1|Hatterene, F|\n|poke|p2|Zapdos|\n|poke|p2|Gholdengo|\n|poke|p2|Weavile, M|\n|poke|p2|Milotic, F|\n|poke|p2|Great Tusk|\n|poke|p2|Dragapult, M|\n|teampreview\n|inactive|Battle timer is ON: inactive players will automatically lose when time's up. (requested by dogwearingdurag)\n|\n|t:|1700713627\n|start\n|switch|p1a: Glimmora|Glimmora, F|100\/100\n|switch|p2a: Dragapult|Dragapult, M|100\/100\n|turn|1\n|\n|t:|1700713643\n|switch|p2a: Great Tusk|Great Tusk|100\/100\n|move|p1a: Glimmora|Stealth Rock|p2a: Great Tusk\n|-sidestart|p2: dogwearingdurag|move: Stealth Rock\n|\n|upkeep\n|turn|2\n|\n|t:|1700713649\n|move|p2a: Great Tusk|Rapid Spin|p1a: Glimmora\n|-resisted|p1a: Glimmora\n|-damage|p1a: Glimmora|92\/100\n|-boost|p2a: Great Tusk|spe|1\n|-activate|p1a: Glimmora|ability: Toxic Debris\n|-sidestart|p2: dogwearingdurag|move: Toxic Spikes\n|-sideend|p2: dogwearingdurag|Toxic Spikes|[from] move: Rapid Spin|[of] p2a: Great Tusk\n|-sideend|p2: dogwearingdurag|Stealth Rock|[from] move: Rapid Spin|[of] p2a: Great Tusk\n|move|p1a: Glimmora|Energy Ball|p2a: Great Tusk\n|-supereffective|p2a: Great Tusk\n|-damage|p2a: Great Tusk|24\/100\n|\n|-heal|p2a: Great Tusk|31\/100|[from] item: Leftovers\n|upkeep\n|turn|3\n|\n|t:|1700713660\n|switch|p1a: Landorus|Landorus-Therian, M|100\/100\n|-ability|p1a: Landorus|Intimidate|boost\n|-unboost|p2a: Great Tusk|atk|1\n|move|p2a: Great Tusk|Headlong Rush|p1a: Landorus\n|-immune|p1a: Landorus\n|\n|-heal|p2a: Great Tusk|37\/100|[from] item: Leftovers\n|upkeep\n|turn|4\n|inactive|dogwearingdurag has 120 seconds left.\n|inactive|dogwearingdurag has 90 seconds left.\n|inactive|dogwearingdurag has 60 seconds left.\n|\n|t:|1700713764\n|-end|p2a: Great Tusk|Protosynthesis|[silent]\n|switch|p2a: Gholdengo|Gholdengo|100\/100\n|-item|p2a: Gholdengo|Air Balloon\n|move|p1a: Landorus|U-turn|p2a: Gholdengo\n|-resisted|p2a: Gholdengo\n|-damage|p2a: Gholdengo|94\/100\n|-enditem|p2a: Gholdengo|Air Balloon\n|\n|t:|1700713773\n|switch|p1a: Dragapult|Dragapult, M|100\/100|[from] U-turn\n|\n|upkeep\n|turn|5\n|inactive|dogwearingdurag has 60 seconds left.\n|\n|t:|1700713800\n|switch|p2a: Milotic|Milotic, F|100\/100\n|move|p1a: Dragapult|U-turn|p2a: Milotic\n|-damage|p2a: Milotic|81\/100\n|\n|t:|1700713806\n|switch|p1a: Glimmora|Glimmora, F|92\/100|[from] U-turn\n|\n|-heal|p2a: Milotic|87\/100|[from] item: Leftovers\n|upkeep\n|turn|6\n|\n|t:|1700713808\n|move|p1a: Glimmora|Stealth Rock|p2a: Milotic\n|-sidestart|p2: dogwearingdurag|move: Stealth Rock\n|move|p2a: Milotic|Scald|p1a: Glimmora\n|-supereffective|p1a: Glimmora\n|-damage|p1a: Glimmora|25\/100\n|\n|-heal|p2a: Milotic|93\/100|[from] item: Leftovers\n|upkeep\n|turn|7\n|\n|t:|1700713817\n|move|p1a: Glimmora|Mortal Spin|p2a: Milotic\n|-damage|p2a: Milotic|87\/100\n|-status|p2a: Milotic|psn\n|move|p2a: Milotic|Scald|p1a: Glimmora\n|-supereffective|p1a: Glimmora\n|-damage|p1a: Glimmora|0 fnt\n|faint|p1a: Glimmora\n|\n|-heal|p2a: Milotic|93\/100 psn|[from] item: Leftovers\n|-damage|p2a: Milotic|81\/100 psn|[from] psn\n|upkeep\n|\n|t:|1700713825\n|switch|p1a: Hatterene|Hatterene, F|100\/100\n|turn|8\n|\n|t:|1700713835\n|move|p2a: Milotic|Scald|p1a: Hatterene\n|-damage|p1a: Hatterene|71\/100\n|-status|p1a: Hatterene|brn\n|-enditem|p1a: Hatterene|Eject Button\n|\n|t:|1700713841\n|switch|p1a: Dragapult|Dragapult, M|100\/100\n|\n|-heal|p2a: Milotic|87\/100 psn|[from] item: Leftovers\n|-damage|p2a: Milotic|75\/100 psn|[from] psn\n|upkeep\n|turn|9\n|\n|t:|1700713845\n|move|p1a: Dragapult|U-turn|p2a: Milotic\n|-damage|p2a: Milotic|62\/100 psn\n|\n|t:|1700713847\n|switch|p1a: Hatterene|Hatterene, F|71\/100 brn|[from] U-turn\n|move|p2a: Milotic|Ice Beam|p1a: Hatterene\n|-damage|p1a: Hatterene|48\/100 brn\n|\n|-heal|p2a: Milotic|68\/100 psn|[from] item: Leftovers\n|-damage|p2a: Milotic|55\/100 psn|[from] psn\n|-damage|p1a: Hatterene|42\/100 brn|[from] brn\n|upkeep\n|turn|10\n|\n|t:|1700713853\n|move|p2a: Milotic|Recover|p2a: Milotic\n|-heal|p2a: Milotic|100\/100 psn\n|move|p1a: Hatterene|Psychic|p2a: Milotic\n|-damage|p2a: Milotic|78\/100 psn\n|\n|-heal|p2a: Milotic|84\/100 psn|[from] item: Leftovers\n|-damage|p2a: Milotic|71\/100 psn|[from] psn\n|-damage|p1a: Hatterene|36\/100 brn|[from] brn\n|upkeep\n|turn|11\n|\n|t:|1700713862\n|switch|p1a: Dragapult|Dragapult, M|100\/100\n|move|p2a: Milotic|Scald|p1a: Dragapult\n|-resisted|p1a: Dragapult\n|-damage|p1a: Dragapult|80\/100\n|\n|-heal|p2a: Milotic|77\/100 psn|[from] item: Leftovers\n|-damage|p2a: Milotic|65\/100 psn|[from] psn\n|upkeep\n|turn|12\n|\n|t:|1700713869\n|-terastallize|p1a: Dragapult|Ghost\n|move|p1a: Dragapult|Shadow Ball|p2a: Milotic\n|-damage|p2a: Milotic|28\/100 psn\n|move|p2a: Milotic|Ice Beam|p1a: Dragapult\n|-damage|p1a: Dragapult|50\/100\n|\n|-heal|p2a: Milotic|34\/100 psn|[from] item: Leftovers\n|-damage|p2a: Milotic|21\/100 psn|[from] psn\n|upkeep\n|turn|13\n|\n|t:|1700713876\n|move|p1a: Dragapult|Shadow Ball|p2a: Milotic\n|-damage|p2a: Milotic|0 fnt\n|faint|p2a: Milotic\n|\n|upkeep\n|\n|t:|1700713885\n|switch|p2a: Dragapult|Dragapult, M|100\/100\n|-damage|p2a: Dragapult|88\/100|[from] Stealth Rock\n|turn|14\n|\n|t:|1700713907\n|switch|p1a: Hatterene|Hatterene, F|36\/100 brn\n|move|p2a: Dragapult|Dragon Darts|p1a: Hatterene\n|-immune|p1a: Hatterene\n|\n|-damage|p1a: Hatterene|30\/100 brn|[from] brn\n|upkeep\n|turn|15\n|\n|t:|1700713921\n|switch|p2a: Gholdengo|Gholdengo|94\/100\n|-damage|p2a: Gholdengo|88\/100|[from] Stealth Rock\n|move|p1a: Hatterene|Healing Wish|p1a: Hatterene\n|faint|p1a: Hatterene\n|\n|upkeep\n|\n|t:|1700713923\n|switch|p1a: Dragapult|Dragapult, M, tera:Ghost|50\/100\n|-heal|p1a: Dragapult|100\/100|[from] move: Healing Wish\n|turn|16\n|\n|t:|1700713939\n|switch|p2a: Weavile|Weavile, M|100\/100\n|-damage|p2a: Weavile|76\/100|[from] Stealth Rock\n|move|p1a: Dragapult|Shadow Ball|p2a: Weavile\n|-resisted|p2a: Weavile\n|-damage|p2a: Weavile|23\/100\n|\n|upkeep\n|turn|17\n|\n|t:|1700713950\n|move|p2a: Weavile|Ice Shard|p1a: Dragapult\n|-damage|p1a: Dragapult|72\/100\n|move|p1a: Dragapult|Shadow Ball|p2a: Weavile\n|-resisted|p2a: Weavile\n|-damage|p2a: Weavile|0 fnt\n|faint|p2a: Weavile\n|\n|upkeep\n|inactive|dogwearingdurag has 120 seconds left.\n|\n|t:|1700713983\n|switch|p2a: Dragapult|Dragapult, M|88\/100\n|-damage|p2a: Dragapult|76\/100|[from] Stealth Rock\n|turn|18\n|\n|t:|1700713991\n|move|p2a: Dragapult|Phantom Force||[still]\n|-prepare|p2a: Dragapult|Phantom Force\n|move|p1a: Dragapult|Shadow Ball|p2a: Dragapult|[miss]\n|-miss|p1a: Dragapult|p2a: Dragapult\n|\n|upkeep\n|turn|19\n|\n|t:|1700713995\n|switch|p1a: Kingambit|Kingambit, M|100\/100\n|-activate|p1a: Kingambit|ability: Supreme Overlord\n|-start|p1a: Kingambit|fallen2|[silent]\n|move|p2a: Dragapult|Phantom Force|p1a: Kingambit|[from]lockedmove\n|-resisted|p1a: Kingambit\n|-damage|p1a: Kingambit|84\/100\n|\n|-heal|p1a: Kingambit|90\/100|[from] item: Leftovers\n|upkeep\n|turn|20\n|\n|t:|1700714017\n|switch|p2a: Great Tusk|Great Tusk|37\/100\n|-damage|p2a: Great Tusk|34\/100|[from] Stealth Rock\n|-end|p1a: Kingambit|fallen2|[silent]\n|switch|p1a: Landorus|Landorus-Therian, M|100\/100\n|-ability|p1a: Landorus|Intimidate|boost\n|-unboost|p2a: Great Tusk|atk|1\n|\n|-heal|p2a: Great Tusk|40\/100|[from] item: Leftovers\n|upkeep\n|turn|21\n|\n|t:|1700714032\n|move|p1a: Landorus|Grass Knot|p2a: Great Tusk\n|-supereffective|p2a: Great Tusk\n|-damage|p2a: Great Tusk|0 fnt\n|faint|p2a: Great Tusk\n|-end|p2a: Great Tusk|Protosynthesis|[silent]\n|\n|upkeep\n|\n|t:|1700714037\n|switch|p2a: Gholdengo|Gholdengo|88\/100\n|-damage|p2a: Gholdengo|82\/100|[from] Stealth Rock\n|turn|22\n|\n|t:|1700714042\n|switch|p1a: Kingambit|Kingambit, M|90\/100\n|-activate|p1a: Kingambit|ability: Supreme Overlord\n|-start|p1a: Kingambit|fallen2|[silent]\n|move|p2a: Gholdengo|Shadow Ball|p1a: Kingambit\n|-resisted|p1a: Kingambit\n|-damage|p1a: Kingambit|67\/100\n|\n|-heal|p1a: Kingambit|73\/100|[from] item: Leftovers\n|upkeep\n|turn|23\n|\n|t:|1700714049\n|move|p2a: Gholdengo|Nasty Plot|p2a: Gholdengo\n|-boost|p2a: Gholdengo|spa|2\n|move|p1a: Kingambit|Swords Dance|p1a: Kingambit\n|-boost|p1a: Kingambit|atk|2\n|\n|-heal|p1a: Kingambit|80\/100|[from] item: Leftovers\n|upkeep\n|turn|24\n|\n|t:|1700714052\n|move|p1a: Kingambit|Sucker Punch|p2a: Gholdengo\n|-supereffective|p2a: Gholdengo\n|-damage|p2a: Gholdengo|0 fnt\n|faint|p2a: Gholdengo\n|\n|-heal|p1a: Kingambit|86\/100|[from] item: Leftovers\n|upkeep\n|-message|dogwearingdurag forfeited.\n|\n|win|ghostgallade\n|raw|ghostgallade's rating: 1481 &rarr; <strong>1503<\/strong><br \/>(+22 for winning)\n|raw|dogwearingdurag's rating: 1511 &rarr; <strong>1489<\/strong><br \/>(-22 for losing)\n|l|\u2606dogwearingdurag\n","uploadtime":1700714059,"views":11,"p1id":"ghostgallade","p2id":"dogwearingdurag","formatid":"gen9ou","rating":1489,"private":0,"password":""}