{"id":"gen9ou-1989991801","p1":"soccersniper","p2":"SneakyDogeScout","format":"[Gen 9] OU","log":"|j|\u2606soccersniper\n|j|\u2606SneakyDogeScout\n|t:|1699913276\n|gametype|singles\n|player|p1|soccersniper|170|1487\n|player|p2|SneakyDogeScout|benga|1472\n|teamsize|p1|6\n|teamsize|p2|6\n|gen|9\n|tier|[Gen 9] OU\n|rated|\n|rule|Sleep Clause Mod: Limit one foe put to sleep\n|rule|Species Clause: Limit one of each Pok\u00e9mon\n|rule|OHKO Clause: OHKO moves are banned\n|rule|Evasion Items Clause: Evasion items are banned\n|rule|Evasion Moves Clause: Evasion moves are banned\n|rule|Endless Battle Clause: Forcing endless battles is banned\n|rule|HP Percentage Mod: HP is shown in percentages\n|clearpoke\n|poke|p1|Garganacl, F|\n|poke|p1|Rillaboom, M|\n|poke|p1|Sneasler, F|\n|poke|p1|Ogerpon-Wellspring, F|\n|poke|p1|Greninja-*, M|\n|poke|p1|Landorus-Therian, M|\n|poke|p2|Samurott-Hisui, M|\n|poke|p2|Iron Valiant|\n|poke|p2|Ting-Lu|\n|poke|p2|Gholdengo|\n|poke|p2|Dragonite, M|\n|poke|p2|Infernape, F|\n|teampreview\n|inactive|Battle timer is ON: inactive players will automatically lose when time's up. (requested by SneakyDogeScout)\n|\n|t:|1699913297\n|start\n|switch|p1a: Landorus|Landorus-Therian, M|100\/100\n|switch|p2a: Samurott|Samurott-Hisui, M, shiny|100\/100\n|-ability|p1a: Landorus|Intimidate|boost\n|-unboost|p2a: Samurott|atk|1\n|turn|1\n|\n|t:|1699913303\n|move|p2a: Samurott|Razor Shell|p1a: Landorus\n|-supereffective|p1a: Landorus\n|-damage|p1a: Landorus|51\/100\n|-damage|p2a: Samurott|84\/100|[from] item: Rocky Helmet|[of] p1a: Landorus\n|move|p1a: Landorus|U-turn|p2a: Samurott\n|-supereffective|p2a: Samurott\n|-damage|p2a: Samurott|24\/100\n|\n|t:|1699913316\n|switch|p1a: Ogerpon|Ogerpon-Wellspring, F|100\/100|[from] U-turn\n|\n|upkeep\n|turn|2\n|\n|t:|1699913324\n|switch|p2a: Dragonite|Dragonite, M|100\/100\n|move|p1a: Ogerpon|Knock Off|p2a: Dragonite\n|-damage|p2a: Dragonite|81\/100\n|-enditem|p2a: Dragonite|Heavy-Duty Boots|[from] move: Knock Off|[of] p1a: Ogerpon\n|\n|upkeep\n|turn|3\n|\n|t:|1699913334\n|switch|p1a: Garganacl|Garganacl, F|100\/100\n|move|p2a: Dragonite|Dragon Dance|p2a: Dragonite\n|-boost|p2a: Dragonite|atk|1\n|-boost|p2a: Dragonite|spe|1\n|\n|upkeep\n|turn|4\n|inactive|SneakyDogeScout has 120 seconds left.\n|inactive|SneakyDogeScout has 90 seconds left.\n|\n|t:|1699913404\n|move|p2a: Dragonite|Earthquake|p1a: Garganacl\n|-supereffective|p1a: Garganacl\n|-damage|p1a: Garganacl|34\/100\n|move|p1a: Garganacl|Iron Defense|p1a: Garganacl\n|-boost|p1a: Garganacl|def|2\n|\n|-heal|p1a: Garganacl|40\/100|[from] item: Leftovers\n|upkeep\n|turn|5\n|\n|t:|1699913416\n|-terastallize|p2a: Dragonite|Steel\n|-terastallize|p1a: Garganacl|Ghost\n|move|p2a: Dragonite|Iron Head|p1a: Garganacl\n|-damage|p1a: Garganacl|20\/100\n|move|p1a: Garganacl|Recover|p1a: Garganacl\n|-heal|p1a: Garganacl|70\/100\n|\n|-heal|p1a: Garganacl|76\/100|[from] item: Leftovers\n|upkeep\n|turn|6\n|\n|t:|1699913423\n|switch|p2a: Samurott|Samurott-Hisui, M, shiny|24\/100\n|move|p1a: Garganacl|Salt Cure|p2a: Samurott\n|-damage|p2a: Samurott|7\/100\n|-start|p2a: Samurott|Salt Cure\n|\n|-heal|p1a: Garganacl|83\/100|[from] item: Leftovers\n|-damage|p2a: Samurott|0 fnt|[from] Salt Cure\n|faint|p2a: Samurott\n|upkeep\n|\n|t:|1699913435\n|switch|p2a: Gholdengo|Gholdengo|100\/100\n|-item|p2a: Gholdengo|Air Balloon\n|turn|7\n|\n|t:|1699913446\n|move|p2a: Gholdengo|Shadow Ball|p1a: Garganacl\n|-supereffective|p1a: Garganacl\n|-damage|p1a: Garganacl|56\/100\n|move|p1a: Garganacl|Recover|p1a: Garganacl\n|-heal|p1a: Garganacl|100\/100\n|\n|upkeep\n|turn|8\n|\n|t:|1699913452\n|move|p2a: Gholdengo|Nasty Plot|p2a: Gholdengo\n|-boost|p2a: Gholdengo|spa|2\n|move|p1a: Garganacl|Recover||[still]\n|-fail|p1a: Garganacl|heal\n|\n|upkeep\n|turn|9\n|\n|t:|1699913457\n|move|p2a: Gholdengo|Shadow Ball|p1a: Garganacl\n|-supereffective|p1a: Garganacl\n|-damage|p1a: Garganacl|48\/100\n|-unboost|p1a: Garganacl|spd|1\n|move|p1a: Garganacl|Salt Cure|p2a: Gholdengo\n|-resisted|p2a: Gholdengo\n|-damage|p2a: Gholdengo|93\/100\n|-start|p2a: Gholdengo|Salt Cure\n|-enditem|p2a: Gholdengo|Air Balloon\n|\n|-heal|p1a: Garganacl|54\/100|[from] item: Leftovers\n|-damage|p2a: Gholdengo|68\/100|[from] Salt Cure\n|upkeep\n|turn|10\n|\n|t:|1699913465\n|switch|p1a: Greninja|Greninja, M|100\/100\n|move|p2a: Gholdengo|Shadow Ball|p1a: Greninja\n|-resisted|p1a: Greninja\n|-damage|p1a: Greninja|28\/100\n|\n|-damage|p2a: Gholdengo|43\/100|[from] Salt Cure\n|upkeep\n|turn|11\n|inactive|SneakyDogeScout has 120 seconds left.\n|\n|t:|1699913481\n|switch|p2a: Ting-Lu|Ting-Lu|100\/100\n|-ability|p2a: Ting-Lu|Vessel of Ruin\n|move|p1a: Greninja|Dark Pulse|p2a: Ting-Lu\n|-resisted|p2a: Ting-Lu\n|-damage|p2a: Ting-Lu|85\/100\n|-damage|p1a: Greninja|18\/100|[from] item: Life Orb\n|\n|-heal|p2a: Ting-Lu|92\/100|[from] item: Leftovers\n|upkeep\n|turn|12\n|\n|t:|1699913497\n|switch|p1a: Ogerpon|Ogerpon-Wellspring, F|100\/100\n|move|p2a: Ting-Lu|Body Press|p1a: Ogerpon\n|-damage|p1a: Ogerpon|64\/100\n|\n|-heal|p2a: Ting-Lu|98\/100|[from] item: Leftovers\n|upkeep\n|turn|13\n|\n|t:|1699913505\n|switch|p2a: Dragonite|Dragonite, M, tera:Steel|81\/100\n|move|p1a: Ogerpon|Ivy Cudgel|p2a: Dragonite\n|-damage|p2a: Dragonite|16\/100\n|\n|upkeep\n|turn|14\n|\n|t:|1699913510\n|move|p1a: Ogerpon|Ivy Cudgel|p2a: Dragonite\n|-damage|p2a: Dragonite|0 fnt\n|faint|p2a: Dragonite\n|\n|upkeep\n|\n|t:|1699913512\n|switch|p2a: Iron Valiant|Iron Valiant|100\/100\n|-enditem|p2a: Iron Valiant|Booster Energy\n|-activate|p2a: Iron Valiant|ability: Quark Drive|[fromitem]\n|-start|p2a: Iron Valiant|quarkdrivespe\n|turn|15\n|\n|t:|1699913527\n|switch|p1a: Landorus|Landorus-Therian, M|51\/100\n|-ability|p1a: Landorus|Intimidate|boost\n|-unboost|p2a: Iron Valiant|atk|1\n|move|p2a: Iron Valiant|Close Combat|p1a: Landorus\n|-resisted|p1a: Landorus\n|-damage|p1a: Landorus|36\/100\n|-unboost|p2a: Iron Valiant|def|1\n|-unboost|p2a: Iron Valiant|spd|1\n|-damage|p2a: Iron Valiant|84\/100|[from] item: Rocky Helmet|[of] p1a: Landorus\n|\n|upkeep\n|turn|16\n|c|\u2606SneakyDogeScout|keep yourself safe\n|-message|SneakyDogeScout forfeited.\n|\n|win|soccersniper\n|raw|soccersniper's rating: 1487 &rarr; <strong>1506<\/strong><br \/>(+19 for winning)\n|raw|SneakyDogeScout's rating: 1472 &rarr; <strong>1453<\/strong><br \/>(-19 for losing)\n|l|\u2606SneakyDogeScout\n|c|\u2606soccersniper|lmao\n","uploadtime":1699913585,"views":7,"p1id":"soccersniper","p2id":"sneakydogescout","formatid":"gen9ou","rating":1453,"private":0,"password":""}