{"id":"gen9ou-1992464111","p1":"muffinATEthat","p2":"acetrainerluck","format":"[Gen 9] OU","log":"|j|\u2606muffinATEthat\n|j|\u2606acetrainerluck\n|t:|1700190747\n|gametype|singles\n|player|p1|muffinATEthat|iris-masters|\n|player|p2|acetrainerluck|steven|\n|teamsize|p1|6\n|teamsize|p2|6\n|gen|9\n|tier|[Gen 9] OU\n|rule|Sleep Clause Mod: Limit one foe put to sleep\n|rule|Species Clause: Limit one of each Pok\u00e9mon\n|rule|OHKO Clause: OHKO moves are banned\n|rule|Evasion Items Clause: Evasion items are banned\n|rule|Evasion Moves Clause: Evasion moves are banned\n|rule|Endless Battle Clause: Forcing endless battles is banned\n|rule|HP Percentage Mod: HP is shown in percentages\n|clearpoke\n|poke|p1|Slowbro, M|\n|poke|p1|Breloom, F|\n|poke|p1|Basculegion, M|\n|poke|p1|Kingambit, M|\n|poke|p1|Iron Jugulis|\n|poke|p1|Enamorus, F|\n|poke|p2|Cinderace, M|\n|poke|p2|Garchomp, M|\n|poke|p2|Basculegion-F, F|\n|poke|p2|Tinkaton, F|\n|poke|p2|Azelf|\n|poke|p2|Pawmot, F|\n|teampreview\n|j| GymLeader Avery\n|c|\u2606muffinATEthat|dom still deafened in call im  waiting for him teehee\n|l| GymLeader Avery\n|j| DomNeedsHelp\n|j| GymLeader Avery\n|c| DomNeedsHelp|Literally not\n|c| DomNeedsHelp|Be patient\n|c|\u2606acetrainerluck|lol\n|c|\u2606muffinATEthat|u read that 2 minutes later\n|c|\u2606muffinATEthat|u silly goose\n|j| KevinF_VGC\n|j| CTE World\n|c| DomNeedsHelp|Go!\n|inactive|Battle timer is ON: inactive players will automatically lose when time's up. (requested by acetrainerluck)\n|\n|t:|1700190983\n|start\n|switch|p1a: Iron Jugulis|Iron Jugulis|100\/100\n|switch|p2a: Hate Crime|Tinkaton, F|100\/100\n|-ability|p2a: Hate Crime|Mold Breaker\n|turn|1\n|\n|t:|1700191008\n|move|p1a: Iron Jugulis|Earth Power|p2a: Hate Crime\n|-supereffective|p2a: Hate Crime\n|-damage|p2a: Hate Crime|45\/100\n|move|p2a: Hate Crime|Stealth Rock|p1a: Iron Jugulis\n|-sidestart|p1: muffinATEthat|move: Stealth Rock\n|\n|-heal|p2a: Hate Crime|51\/100|[from] item: Leftovers\n|upkeep\n|turn|2\n|j| FirstClassWill\n|inactive|muffinATEthat has 270 seconds left.\n|inactive|acetrainerluck has 270 seconds left.\n|inactive|muffinATEthat has 240 seconds left.\n|\n|t:|1700191059\n|-end|p1a: Iron Jugulis|Quark Drive|[silent]\n|switch|p1a: Kingambit|Kingambit, M, shiny|100\/100\n|-damage|p1a: Kingambit|94\/100|[from] Stealth Rock\n|switch|p2a: Triple Option|Azelf|100\/100\n|\n|upkeep\n|turn|3\n|inactive|acetrainerluck has 270 seconds left.\n|inactive|muffinATEthat has 240 seconds left.\n|\n|t:|1700191088\n|switch|p2a: Mbapp\u00e9|Cinderace, M, shiny|100\/100\n|move|p1a: Kingambit|Kowtow Cleave|p2a: Mbapp\u00e9\n|-damage|p2a: Mbapp\u00e9|11\/100\n|\n|upkeep\n|turn|4\n|inactive|muffinATEthat has 240 seconds left.\n|\n|t:|1700191103\n|move|p1a: Kingambit|Sucker Punch||[still]\n|-fail|p1a: Kingambit\n|move|p2a: Mbapp\u00e9|Will-O-Wisp|p1a: Kingambit\n|-status|p1a: Kingambit|brn\n|\n|-damage|p1a: Kingambit|88\/100 brn|[from] brn\n|upkeep\n|turn|5\n|inactive|muffinATEthat has 240 seconds left.\n|\n|t:|1700191114\n|switch|p2a: Chomp|Garchomp, M|100\/100\n|-end|p1a: Kingambit|fallenundefined|[silent]\n|switch|p1a: Slowbro|Slowbro, M, shiny|100\/100\n|-damage|p1a: Slowbro|88\/100|[from] Stealth Rock\n|\n|-heal|p1a: Slowbro|94\/100|[from] item: Leftovers\n|upkeep\n|turn|6\n|inactive|muffinATEthat has 240 seconds left.\n|\n|t:|1700191135\n|switch|p2a: Sharkeisha|Basculegion-F, F|100\/100\n|move|p1a: Slowbro|Future Sight|p2a: Sharkeisha\n|-start|p1a: Slowbro|move: Future Sight\n|\n|-heal|p1a: Slowbro|99\/100|[from] item: Leftovers\n|upkeep\n|turn|7\n|inactive|muffinATEthat has 240 seconds left.\n|inactive|acetrainerluck has 240 seconds left.\n|\n|t:|1700191155\n|-terastallize|p1a: Slowbro|Water\n|move|p2a: Sharkeisha|Surf|p1a: Slowbro\n|-resisted|p1a: Slowbro\n|-damage|p1a: Slowbro|62\/100\n|move|p1a: Slowbro|Slack Off|p1a: Slowbro\n|-heal|p1a: Slowbro|100\/100\n|\n|upkeep\n|turn|8\n|inactive|muffinATEthat has 240 seconds left.\n|inactive|acetrainerluck has 240 seconds left.\n|\n|t:|1700191184\n|switch|p2a: Hate Crime|Tinkaton, F|51\/100\n|-ability|p2a: Hate Crime|Mold Breaker\n|move|p1a: Slowbro|Scald|p2a: Hate Crime\n|-damage|p2a: Hate Crime|17\/100\n|\n|-end|p2a: Hate Crime|move: Future Sight\n|-resisted|p2a: Hate Crime\n|-damage|p2a: Hate Crime|0 fnt\n|faint|p2a: Hate Crime\n|upkeep\n|inactive|acetrainerluck has 210 seconds left.\n|\n|t:|1700191207\n|switch|p2a: Triple Option|Azelf|100\/100\n|turn|9\n|\n|t:|1700191222\n|move|p2a: Triple Option|Calm Mind|p2a: Triple Option\n|-boost|p2a: Triple Option|spa|1\n|-boost|p2a: Triple Option|spd|1\n|move|p1a: Slowbro|Scald|p2a: Triple Option\n|-damage|p2a: Triple Option|60\/100\n|\n|-heal|p2a: Triple Option|66\/100|[from] item: Leftovers\n|upkeep\n|turn|10\n|\n|t:|1700191233\n|switch|p1a: Kingambit|Kingambit, M, shiny|88\/100 brn\n|-damage|p1a: Kingambit|82\/100 brn|[from] Stealth Rock\n|move|p2a: Triple Option|Calm Mind|p2a: Triple Option\n|-boost|p2a: Triple Option|spa|1\n|-boost|p2a: Triple Option|spd|1\n|\n|-heal|p2a: Triple Option|72\/100|[from] item: Leftovers\n|-damage|p1a: Kingambit|76\/100 brn|[from] brn\n|upkeep\n|turn|11\n|inactive|acetrainerluck has 210 seconds left.\n|\n|t:|1700191280\n|switch|p2a: Chomp|Garchomp, M|100\/100\n|move|p1a: Kingambit|Kowtow Cleave|p2a: Chomp\n|-damage|p2a: Chomp|69\/100\n|-damage|p1a: Kingambit|64\/100 brn|[from] ability: Rough Skin|[of] p2a: Chomp\n|\n|-heal|p2a: Chomp|75\/100|[from] item: Leftovers\n|-damage|p1a: Kingambit|57\/100 brn|[from] brn\n|upkeep\n|turn|12\n|inactive|acetrainerluck has 180 seconds left.\n|inactive|acetrainerluck has 150 seconds left.\n|\n|t:|1700191328\n|-end|p1a: Kingambit|fallenundefined|[silent]\n|switch|p1a: Slowbro|Slowbro, M, shiny, tera:Water|100\/100\n|-damage|p1a: Slowbro|88\/100|[from] Stealth Rock\n|move|p2a: Chomp|Earthquake|p1a: Slowbro\n|-damage|p1a: Slowbro|56\/100\n|\n|-heal|p2a: Chomp|81\/100|[from] item: Leftovers\n|-heal|p1a: Slowbro|62\/100|[from] item: Leftovers\n|upkeep\n|turn|13\n|inactive|acetrainerluck has 150 seconds left.\n|\n|t:|1700191341\n|switch|p2a: Sharkeisha|Basculegion-F, F|100\/100\n|move|p1a: Slowbro|Future Sight|p2a: Sharkeisha\n|-start|p1a: Slowbro|move: Future Sight\n|\n|-heal|p1a: Slowbro|68\/100|[from] item: Leftovers\n|upkeep\n|turn|14\n|inactive|muffinATEthat has 210 seconds left.\n|\n|t:|1700191389\n|switch|p1a: Iron Jugulis|Iron Jugulis|100\/100\n|-damage|p1a: Iron Jugulis|76\/100|[from] Stealth Rock\n|move|p2a: Sharkeisha|Shadow Ball|p1a: Iron Jugulis\n|-resisted|p1a: Iron Jugulis\n|-damage|p1a: Iron Jugulis|25\/100\n|-unboost|p1a: Iron Jugulis|spd|1\n|\n|upkeep\n|turn|15\n|inactive|acetrainerluck has 150 seconds left.\n|inactive|muffinATEthat has 180 seconds left.\n|inactive|acetrainerluck has 120 seconds left.\n|\n|t:|1700191439\n|-terastallize|p2a: Sharkeisha|Water\n|move|p1a: Iron Jugulis|Knock Off|p2a: Sharkeisha\n|-damage|p2a: Sharkeisha|68\/100\n|-enditem|p2a: Sharkeisha|Choice Specs|[from] move: Knock Off|[of] p1a: Iron Jugulis\n|move|p2a: Sharkeisha|Shadow Ball|p1a: Iron Jugulis\n|-resisted|p1a: Iron Jugulis\n|-damage|p1a: Iron Jugulis|0 fnt\n|faint|p1a: Iron Jugulis\n|-end|p1a: Iron Jugulis|Quark Drive|[silent]\n|\n|-end|p2a: Sharkeisha|move: Future Sight\n|-damage|p2a: Sharkeisha|18\/100\n|upkeep\n|\n|t:|1700191455\n|switch|p1a: Breloom|Breloom, F, shiny|100\/100\n|-damage|p1a: Breloom|95\/100|[from] Stealth Rock\n|turn|16\n|inactive|acetrainerluck has 120 seconds left.\n|\n|t:|1700191485\n|move|p1a: Breloom|Mach Punch|p2a: Sharkeisha\n|-damage|p2a: Sharkeisha|0 fnt\n|faint|p2a: Sharkeisha\n|\n|upkeep\n|\n|t:|1700191489\n|switch|p2a: Triple Option|Azelf|72\/100\n|turn|17\n|inactive|muffinATEthat has 180 seconds left.\n|inactive|acetrainerluck has 120 seconds left.\n|\n|t:|1700191519\n|switch|p1a: Kingambit|Kingambit, M, shiny|57\/100 brn\n|-damage|p1a: Kingambit|51\/100 brn|[from] Stealth Rock\n|-activate|p1a: Kingambit|ability: Supreme Overlord\n|-start|p1a: Kingambit|fallen1|[silent]\n|move|p2a: Triple Option|Psychic|p1a: Kingambit\n|-immune|p1a: Kingambit\n|\n|-heal|p2a: Triple Option|79\/100|[from] item: Leftovers\n|-damage|p1a: Kingambit|45\/100 brn|[from] brn\n|upkeep\n|turn|18\n|\n|t:|1700191533\n|switch|p2a: Chomp|Garchomp, M|81\/100\n|move|p1a: Kingambit|Kowtow Cleave|p2a: Chomp\n|-damage|p2a: Chomp|48\/100\n|-damage|p1a: Kingambit|33\/100 brn|[from] ability: Rough Skin|[of] p2a: Chomp\n|\n|-heal|p2a: Chomp|55\/100|[from] item: Leftovers\n|-damage|p1a: Kingambit|27\/100 brn|[from] brn\n|upkeep\n|turn|19\n|inactive|acetrainerluck has 90 seconds left.\n|\n|t:|1700191565\n|-end|p1a: Kingambit|fallen1|[silent]\n|switch|p1a: Slowbro|Slowbro, M, shiny, tera:Water|100\/100\n|-damage|p1a: Slowbro|88\/100|[from] Stealth Rock\n|move|p2a: Chomp|Swords Dance|p2a: Chomp\n|-boost|p2a: Chomp|atk|2\n|\n|-heal|p2a: Chomp|61\/100|[from] item: Leftovers\n|-heal|p1a: Slowbro|94\/100|[from] item: Leftovers\n|upkeep\n|turn|20\n|inactive|muffinATEthat has 180 seconds left.\n|\n|t:|1700191583\n|move|p2a: Chomp|Earthquake|p1a: Slowbro\n|-damage|p1a: Slowbro|26\/100\n|move|p1a: Slowbro|Ice Beam|p2a: Chomp\n|-supereffective|p2a: Chomp\n|-damage|p2a: Chomp|0 fnt\n|faint|p2a: Chomp\n|\n|-heal|p1a: Slowbro|32\/100|[from] item: Leftovers\n|upkeep\n|inactive|acetrainerluck has 60 seconds left.\n|\n|t:|1700191605\n|switch|p2a: Triple Option|Azelf|79\/100\n|turn|21\n|inactive|muffinATEthat has 180 seconds left.\n|inactive|acetrainerluck has 60 seconds left.\n|\n|t:|1700191617\n|move|p2a: Triple Option|Thunderbolt|p1a: Slowbro\n|-supereffective|p1a: Slowbro\n|-damage|p1a: Slowbro|0 fnt\n|faint|p1a: Slowbro\n|\n|-heal|p2a: Triple Option|85\/100|[from] item: Leftovers\n|upkeep\n|inactive|muffinATEthat has 180 seconds left.\n|\n|t:|1700191635\n|switch|p1a: Basculegion|Basculegion, M, shiny|100\/100\n|-damage|p1a: Basculegion|88\/100|[from] Stealth Rock\n|turn|22\n|inactive|acetrainerluck has 60 seconds left.\n|\n|t:|1700191651\n|switch|p2a: Mbapp\u00e9|Cinderace, M, shiny|11\/100\n|move|p1a: Basculegion|Aqua Jet|p2a: Mbapp\u00e9\n|-supereffective|p2a: Mbapp\u00e9\n|-damage|p2a: Mbapp\u00e9|0 fnt\n|faint|p2a: Mbapp\u00e9\n|\n|upkeep\n|inactive|acetrainerluck has 60 seconds left.\n|\n|t:|1700191658\n|switch|p2a: Friend|Pawmot, F|100\/100\n|turn|23\n|inactive|muffinATEthat has 180 seconds left.\n|inactive|acetrainerluck has 60 seconds left.\n|inactive|muffinATEthat has 150 seconds left.\n|inactive|acetrainerluck has 30 seconds left.\n|inactive|acetrainerluck has 20 seconds left.\n|\n|t:|1700191716\n|switch|p1a: Kingambit|Kingambit, M, shiny|27\/100 brn\n|-damage|p1a: Kingambit|20\/100 brn|[from] Stealth Rock\n|-activate|p1a: Kingambit|ability: Supreme Overlord\n|-start|p1a: Kingambit|fallen2|[silent]\n|move|p2a: Friend|Double Shock|p1a: Kingambit\n|-damage|p1a: Kingambit|0 fnt\n|-start|p2a: Friend|typechange|???\/Fighting|[from] move: Double Shock\n|faint|p1a: Kingambit\n|-end|p1a: Kingambit|fallen2|[silent]\n|\n|upkeep\n|inactive|acetrainerluck has 25 seconds left this turn.\n|\n|t:|1700191728\n|switch|p1a: Enamorus|Enamorus, F, shiny|100\/100\n|-damage|p1a: Enamorus|76\/100|[from] Stealth Rock\n|turn|24\n|\n|t:|1700191734\n|move|p2a: Friend|Double Shock||[still]\n|-fail|p2a: Friend|move: Double Shock\n|move|p1a: Enamorus|Moonblast|p2a: Friend\n|-supereffective|p2a: Friend\n|-damage|p2a: Friend|0 fnt\n|faint|p2a: Friend\n|\n|upkeep\n|\n|t:|1700191740\n|switch|p2a: Triple Option|Azelf|85\/100\n|turn|25\n|\n|t:|1700191746\n|move|p2a: Triple Option|Thunderbolt|p1a: Enamorus\n|-supereffective|p1a: Enamorus\n|-damage|p1a: Enamorus|0 fnt\n|faint|p1a: Enamorus\n|\n|-heal|p2a: Triple Option|91\/100|[from] item: Leftovers\n|upkeep\n|inactive|muffinATEthat has 150 seconds left.\n|\n|t:|1700191770\n|switch|p1a: Basculegion|Basculegion, M, shiny|88\/100\n|-damage|p1a: Basculegion|76\/100|[from] Stealth Rock\n|turn|26\n|\n|t:|1700191784\n|move|p1a: Basculegion|Aqua Jet|p2a: Triple Option\n|-damage|p2a: Triple Option|27\/100\n|move|p2a: Triple Option|Psychic|p1a: Basculegion\n|-damage|p1a: Basculegion|29\/100\n|\n|-heal|p2a: Triple Option|33\/100|[from] item: Leftovers\n|upkeep\n|turn|27\n|\n|t:|1700191791\n|move|p1a: Basculegion|Aqua Jet|p2a: Triple Option\n|-damage|p2a: Triple Option|0 fnt\n|faint|p2a: Triple Option\n|\n|win|muffinATEthat\n|c|\u2606muffinATEthat|gg\n|c|\u2606muffinATEthat|no swaps\n|l| GymLeader Avery\n|c|\u2606acetrainerluck|ampharos for pawmot\n|c|\u2606muffinATEthat|ok !\n|l|\u2606muffinATEthat\n","uploadtime":1700191800,"views":14,"p1id":"muffinatethat","p2id":"acetrainerluck","formatid":"gen9ou","rating":0,"private":0,"password":""}