{"id":"gen9ou-1990032399","p1":"Rainbow Draggicorn","p2":"SDK04","format":"[Gen 9] OU","log":"|j|\u2606Rainbow Draggicorn\n|j|\u2606SDK04\n|t:|1699917311\n|gametype|singles\n|player|p1|Rainbow Draggicorn|lucas-gen4pt|\n|player|p2|SDK04|unknown|\n|teamsize|p1|6\n|teamsize|p2|6\n|gen|9\n|tier|[Gen 9] OU\n|rule|Sleep Clause Mod: Limit one foe put to sleep\n|rule|Species Clause: Limit one of each Pok\u00e9mon\n|rule|OHKO Clause: OHKO moves are banned\n|rule|Evasion Items Clause: Evasion items are banned\n|rule|Evasion Moves Clause: Evasion moves are banned\n|rule|Endless Battle Clause: Forcing endless battles is banned\n|rule|HP Percentage Mod: HP is shown in percentages\n|clearpoke\n|poke|p1|Ribombee, F|\n|poke|p1|Breloom, M|\n|poke|p1|Iron Moth|\n|poke|p1|Quaquaval, M|\n|poke|p1|Clefable, M|\n|poke|p1|Garchomp, M|\n|poke|p2|Ninetales-Alola, M|\n|poke|p2|Ogerpon-Wellspring, F|\n|poke|p2|Mew|\n|poke|p2|Kingambit, F|\n|poke|p2|Gholdengo|\n|poke|p2|Salamence, M|\n|teampreview\n|inactive|Battle timer is ON: inactive players will automatically lose when time's up. (requested by SDK04)\n|\n|t:|1699917314\n|start\n|switch|p1a: Ribombee|Ribombee, F, shiny|100\/100\n|switch|p2a: cool window|Ninetales-Alola, M|100\/100\n|-weather|Snow|[from] ability: Snow Warning|[of] p2a: cool window\n|turn|1\n|\n|t:|1699917320\n|move|p1a: Ribombee|Sticky Web|p2a: cool window\n|-sidestart|p2: SDK04|move: Sticky Web\n|move|p2a: cool window|Encore|p1a: Ribombee\n|-start|p1a: Ribombee|Encore\n|\n|-weather|Snow|[upkeep]\n|upkeep\n|turn|2\n|\n|t:|1699917328\n|switch|p1a: Iron Moth|Iron Moth, shiny|100\/100\n|move|p2a: cool window|Aurora Veil|p2a: cool window\n|-sidestart|p2: SDK04|move: Aurora Veil\n|\n|-weather|Snow|[upkeep]\n|upkeep\n|turn|3\n|\n|t:|1699917333\n|switch|p2a: Cheese Demon|Mew|100\/100\n|-activate|p2a: Cheese Demon|move: Sticky Web\n|-unboost|p2a: Cheese Demon|spe|1\n|move|p1a: Iron Moth|Overheat|p2a: Cheese Demon\n|-damage|p2a: Cheese Demon|42\/100\n|-unboost|p1a: Iron Moth|spa|2\n|\n|-weather|Snow|[upkeep]\n|-heal|p2a: Cheese Demon|49\/100|[from] item: Leftovers\n|upkeep\n|turn|4\n|\n|t:|1699917343\n|-end|p1a: Iron Moth|Quark Drive|[silent]\n|switch|p1a: Clefable|Clefable, M, shiny|100\/100\n|move|p2a: Cheese Demon|Agility|p2a: Cheese Demon\n|-boost|p2a: Cheese Demon|spe|2\n|\n|-weather|Snow|[upkeep]\n|-heal|p2a: Cheese Demon|55\/100|[from] item: Leftovers\n|upkeep\n|turn|5\n|\n|t:|1699917350\n|move|p2a: Cheese Demon|Calm Mind|p2a: Cheese Demon\n|-boost|p2a: Cheese Demon|spa|1\n|-boost|p2a: Cheese Demon|spd|1\n|move|p1a: Clefable|Calm Mind|p1a: Clefable\n|-boost|p1a: Clefable|spa|1\n|-boost|p1a: Clefable|spd|1\n|\n|-weather|none\n|-heal|p2a: Cheese Demon|61\/100|[from] item: Leftovers\n|upkeep\n|turn|6\n|\n|t:|1699917357\n|move|p2a: Cheese Demon|Calm Mind|p2a: Cheese Demon\n|-boost|p2a: Cheese Demon|spa|1\n|-boost|p2a: Cheese Demon|spd|1\n|move|p1a: Clefable|Calm Mind|p1a: Clefable\n|-boost|p1a: Clefable|spa|1\n|-boost|p1a: Clefable|spd|1\n|\n|-heal|p2a: Cheese Demon|67\/100|[from] item: Leftovers\n|upkeep\n|turn|7\n|j| jkmm9m\n|j| D3LA\n|\n|t:|1699917374\n|move|p2a: Cheese Demon|Calm Mind|p2a: Cheese Demon\n|-boost|p2a: Cheese Demon|spa|1\n|-boost|p2a: Cheese Demon|spd|1\n|move|p1a: Clefable|Calm Mind|p1a: Clefable\n|-boost|p1a: Clefable|spa|1\n|-boost|p1a: Clefable|spd|1\n|\n|-heal|p2a: Cheese Demon|73\/100|[from] item: Leftovers\n|upkeep\n|turn|8\n|j| Sneaslin hex\n|\n|t:|1699917381\n|move|p2a: Cheese Demon|Stored Power|p1a: Clefable\n|-damage|p1a: Clefable|31\/100\n|move|p1a: Clefable|Calm Mind|p1a: Clefable\n|-boost|p1a: Clefable|spa|1\n|-boost|p1a: Clefable|spd|1\n|\n|-heal|p2a: Cheese Demon|79\/100|[from] item: Leftovers\n|upkeep\n|turn|9\n|\n|t:|1699917388\n|move|p2a: Cheese Demon|Stored Power|p1a: Clefable\n|-damage|p1a: Clefable|0 fnt\n|faint|p1a: Clefable\n|\n|-heal|p2a: Cheese Demon|86\/100|[from] item: Leftovers\n|-sideend|p2: SDK04|move: Aurora Veil\n|upkeep\n|\n|t:|1699917398\n|switch|p1a: Ribombee|Ribombee, F, shiny|100\/100\n|turn|10\n|j| gamebooadvanced\n|\n|t:|1699917401\n|move|p2a: Cheese Demon|Agility|p2a: Cheese Demon\n|-boost|p2a: Cheese Demon|spe|2\n|move|p1a: Ribombee|Stun Spore|p2a: Cheese Demon\n|-status|p2a: Cheese Demon|par\n|-activate|p2a: Cheese Demon|ability: Synchronize\n|-status|p1a: Ribombee|par\n|\n|-heal|p2a: Cheese Demon|92\/100 par|[from] item: Leftovers\n|upkeep\n|turn|11\n|c| jkmm9m|hes too good\n|\n|t:|1699917410\n|move|p2a: Cheese Demon|Agility|p2a: Cheese Demon\n|-boost|p2a: Cheese Demon|spe|2\n|cant|p1a: Ribombee|par\n|\n|-heal|p2a: Cheese Demon|98\/100 par|[from] item: Leftovers\n|upkeep\n|turn|12\n|\n|t:|1699917416\n|move|p2a: Cheese Demon|Draining Kiss|p1a: Ribombee\n|-damage|p1a: Ribombee|33\/100 par\n|-heal|p2a: Cheese Demon|100\/100 par|[from] drain|[of] p1a: Ribombee\n|move|p1a: Ribombee|Sticky Web||[still]\n|-fail|p1a: Ribombee\n|\n|upkeep\n|turn|13\n|j| moope\n|\n|t:|1699917422\n|move|p2a: Cheese Demon|Draining Kiss|p1a: Ribombee\n|-damage|p1a: Ribombee|0 fnt\n|faint|p1a: Ribombee\n|\n|upkeep\n|c| jkmm9m|why use stun spore on synchronize\n|\n|t:|1699917431\n|switch|p1a: Garchomp|Garchomp, M, shiny|100\/100\n|turn|14\n|\n|t:|1699917434\n|-terastallize|p1a: Garchomp|Dragon\n|move|p2a: Cheese Demon|Draining Kiss|p1a: Garchomp\n|-supereffective|p1a: Garchomp\n|-damage|p1a: Garchomp|23\/100\n|-damage|p2a: Cheese Demon|88\/100 par|[from] ability: Rough Skin|[of] p1a: Garchomp\n|move|p1a: Garchomp|Scale Shot|p2a: Cheese Demon\n|-damage|p2a: Cheese Demon|72\/100 par\n|-damage|p2a: Cheese Demon|57\/100 par\n|-damage|p2a: Cheese Demon|43\/100 par\n|-crit|p2a: Cheese Demon\n|-damage|p2a: Cheese Demon|19\/100 par\n|-hitcount|p2a: Cheese Demon|4\n|-unboost|p1a: Garchomp|def|1\n|-boost|p1a: Garchomp|spe|1\n|\n|-heal|p2a: Cheese Demon|25\/100 par|[from] item: Leftovers\n|upkeep\n|turn|15\n|\n|t:|1699917450\n|move|p1a: Garchomp|Earthquake|p2a: Cheese Demon\n|-damage|p2a: Cheese Demon|0 fnt\n|faint|p2a: Cheese Demon\n|\n|upkeep\n|\n|t:|1699917455\n|switch|p2a: cool window|Ninetales-Alola, M|100\/100\n|-activate|p2a: cool window|move: Sticky Web\n|-unboost|p2a: cool window|spe|1\n|-weather|Snow|[from] ability: Snow Warning|[of] p2a: cool window\n|turn|16\n|\n|t:|1699917460\n|move|p1a: Garchomp|Iron Head|p2a: cool window\n|-supereffective|p2a: cool window\n|-damage|p2a: cool window|14\/100\n|move|p2a: cool window|Aurora Veil|p2a: cool window\n|-sidestart|p2: SDK04|move: Aurora Veil\n|\n|-weather|Snow|[upkeep]\n|upkeep\n|turn|17\n|\n|t:|1699917465\n|move|p1a: Garchomp|Iron Head|p2a: cool window\n|-supereffective|p2a: cool window\n|-damage|p2a: cool window|0 fnt\n|faint|p2a: cool window\n|\n|-weather|Snow|[upkeep]\n|upkeep\n|\n|t:|1699917468\n|switch|p2a: Malicious Charity|Gholdengo|100\/100\n|-item|p2a: Malicious Charity|Air Balloon\n|turn|18\n|\n|t:|1699917473\n|move|p1a: Garchomp|Scale Shot|p2a: Malicious Charity\n|-resisted|p2a: Malicious Charity\n|-crit|p2a: Malicious Charity\n|-damage|p2a: Malicious Charity|86\/100\n|-enditem|p2a: Malicious Charity|Air Balloon\n|-resisted|p2a: Malicious Charity\n|-damage|p2a: Malicious Charity|81\/100\n|-resisted|p2a: Malicious Charity\n|-damage|p2a: Malicious Charity|76\/100\n|-resisted|p2a: Malicious Charity\n|-damage|p2a: Malicious Charity|71\/100\n|-hitcount|p2a: Malicious Charity|4\n|-unboost|p1a: Garchomp|def|1\n|-boost|p1a: Garchomp|spe|1\n|move|p2a: Malicious Charity|Shadow Ball|p1a: Garchomp\n|-damage|p1a: Garchomp|0 fnt\n|faint|p1a: Garchomp\n|\n|-weather|Snow|[upkeep]\n|upkeep\n|j| alfonsogutie\n|\n|t:|1699917488\n|switch|p1a: Iron Moth|Iron Moth, shiny|100\/100\n|turn|19\n|\n|t:|1699917491\n|move|p1a: Iron Moth|Overheat|p2a: Malicious Charity|[miss]\n|-miss|p1a: Iron Moth|p2a: Malicious Charity\n|move|p2a: Malicious Charity|Psyshock|p1a: Iron Moth\n|-supereffective|p1a: Iron Moth\n|-damage|p1a: Iron Moth|7\/100\n|\n|-weather|Snow|[upkeep]\n|upkeep\n|turn|20\n|\n|t:|1699917498\n|move|p1a: Iron Moth|Overheat|p2a: Malicious Charity\n|-supereffective|p2a: Malicious Charity\n|-damage|p2a: Malicious Charity|0 fnt\n|-unboost|p1a: Iron Moth|spa|2\n|faint|p2a: Malicious Charity\n|\n|-weather|none\n|upkeep\n|\n|t:|1699917499\n|switch|p2a: I miss Himiko\u2026|Salamence, M|100\/100\n|turn|21\n|\n|t:|1699917505\n|move|p1a: Iron Moth|Overheat|p2a: I miss Himiko\u2026\n|-resisted|p2a: I miss Himiko\u2026\n|-damage|p2a: I miss Himiko\u2026|85\/100\n|-unboost|p1a: Iron Moth|spa|2\n|move|p2a: I miss Himiko\u2026|Dragon Dance|p2a: I miss Himiko\u2026\n|-boost|p2a: I miss Himiko\u2026|atk|1\n|-boost|p2a: I miss Himiko\u2026|spe|1\n|\n|upkeep\n|turn|22\n|\n|t:|1699917513\n|-end|p1a: Iron Moth|Quark Drive|[silent]\n|switch|p1a: Quaquaval|Quaquaval, M, shiny|100\/100\n|move|p2a: I miss Himiko\u2026|Dual Wingbeat|p1a: Quaquaval\n|-supereffective|p1a: Quaquaval\n|-damage|p1a: Quaquaval|0 fnt\n|faint|p1a: Quaquaval\n|-ability|p2a: I miss Himiko\u2026|Moxie|boost\n|-boost|p2a: I miss Himiko\u2026|atk|1\n|-hitcount|p1: Quaquaval|1\n|\n|upkeep\n|l| D3LA\n|c|\u2606SDK04|gg\n|c| jkmm9m|(Malicious Charity was killed (: )\n|c|\u2606SDK04|wp\n|\n|t:|1699917522\n|switch|p1a: Breloom|Breloom, M, shiny|100\/100\n|turn|23\n|\n|t:|1699917525\n|move|p2a: I miss Himiko\u2026|Dual Wingbeat|p1a: Breloom\n|-supereffective|p1a: Breloom\n|-damage|p1a: Breloom|0 fnt\n|faint|p1a: Breloom\n|-ability|p2a: I miss Himiko\u2026|Moxie|boost\n|-boost|p2a: I miss Himiko\u2026|atk|1\n|-hitcount|p1: Breloom|1\n|\n|-sideend|p2: SDK04|move: Aurora Veil\n|upkeep\n|c|\u2606Rainbow Draggicorn|gg\n|\n|t:|1699917532\n|switch|p1a: Iron Moth|Iron Moth, shiny|7\/100\n|turn|24\n|\n|t:|1699917535\n|move|p2a: I miss Himiko\u2026|Earthquake|p1a: Iron Moth\n|-supereffective|p1a: Iron Moth\n|-damage|p1a: Iron Moth|0 fnt\n|faint|p1a: Iron Moth\n|-end|p1a: Iron Moth|Quark Drive|[silent]\n|\n|win|SDK04\n|c| jkmm9m|i have low attention span\n|l| gamebooadvanced\n|l| jkmm9m\n|l|\u2606Rainbow Draggicorn\n","uploadtime":1699917544,"views":7,"p1id":"rainbowdraggicorn","p2id":"sdk04","formatid":"gen9ou","rating":0,"private":0,"password":""}