{"id":"gen9ou-1990748922","p1":"mint yerb","p2":"milkcoffee21","format":"[Gen 9] OU","log":"|j|\u2606mint yerb\n|j|\u2606milkcoffee21\n|t:|1699997198\n|gametype|singles\n|player|p1|mint yerb|flannery|1548\n|player|p2|milkcoffee21|102|1632\n|teamsize|p1|6\n|teamsize|p2|6\n|gen|9\n|tier|[Gen 9] OU\n|rated|\n|rule|Sleep Clause Mod: Limit one foe put to sleep\n|rule|Species Clause: Limit one of each Pok\u00e9mon\n|rule|OHKO Clause: OHKO moves are banned\n|rule|Evasion Items Clause: Evasion items are banned\n|rule|Evasion Moves Clause: Evasion moves are banned\n|rule|Endless Battle Clause: Forcing endless battles is banned\n|rule|HP Percentage Mod: HP is shown in percentages\n|clearpoke\n|poke|p1|Wo-Chien|\n|poke|p1|Scream Tail|\n|poke|p1|Cinderace, F|\n|poke|p1|Glimmora, M|\n|poke|p1|Rotom-Wash|\n|poke|p1|Kingambit, M|\n|poke|p2|Blissey, F|\n|poke|p2|Clodsire, F|\n|poke|p2|Corviknight, M|\n|poke|p2|Toxapex, F|\n|poke|p2|Moltres|\n|poke|p2|Clefable, F|\n|teampreview\n|j| ItsaMeLuigiHere\n|inactive|Battle timer is ON: inactive players will automatically lose when time's up. (requested by mint yerb)\n|inactive|mint yerb has 120 seconds left.\n|\n|t:|1699997256\n|start\n|switch|p1a: Live Wo-Chien|Wo-Chien|100\/100\n|switch|p2a: Clodsire|Clodsire, F|100\/100\n|-ability|p1a: Live Wo-Chien|Tablets of Ruin\n|turn|1\n|\n|t:|1699997264\n|-terastallize|p1a: Live Wo-Chien|Poison\n|move|p1a: Live Wo-Chien|Knock Off|p2a: Clodsire\n|-damage|p2a: Clodsire|66\/100\n|-enditem|p2a: Clodsire|Heavy-Duty Boots|[from] move: Knock Off|[of] p1a: Live Wo-Chien\n|move|p2a: Clodsire|Toxic|p1a: Live Wo-Chien\n|-immune|p1a: Live Wo-Chien\n|\n|upkeep\n|turn|2\n|\n|t:|1699997275\n|switch|p2a: Moltres|Moltres|100\/100\n|move|p1a: Live Wo-Chien|Leech Seed|p2a: Moltres|[miss]\n|-miss|p1a: Live Wo-Chien|p2a: Moltres\n|\n|upkeep\n|turn|3\n|\n|t:|1699997279\n|move|p2a: Moltres|Will-O-Wisp|p1a: Live Wo-Chien\n|-status|p1a: Live Wo-Chien|brn\n|move|p1a: Live Wo-Chien|Knock Off|p2a: Moltres\n|-damage|p2a: Moltres|91\/100\n|-enditem|p2a: Moltres|Heavy-Duty Boots|[from] move: Knock Off|[of] p1a: Live Wo-Chien\n|\n|-damage|p1a: Live Wo-Chien|94\/100 brn|[from] brn\n|upkeep\n|turn|4\n|\n|t:|1699997285\n|move|p2a: Moltres|U-turn|p1a: Live Wo-Chien\n|-resisted|p1a: Live Wo-Chien\n|-damage|p1a: Live Wo-Chien|91\/100 brn\n|\n|t:|1699997288\n|switch|p2a: Clefable|Clefable, F|100\/100|[from] U-turn\n|move|p1a: Live Wo-Chien|Leech Seed|p2a: Clefable|[miss]\n|-miss|p1a: Live Wo-Chien|p2a: Clefable\n|\n|-heal|p1a: Live Wo-Chien|97\/100 brn|[from] item: Leftovers\n|-damage|p1a: Live Wo-Chien|91\/100 brn|[from] brn\n|upkeep\n|turn|5\n|\n|t:|1699997295\n|move|p1a: Live Wo-Chien|Knock Off|p2a: Clefable\n|-resisted|p2a: Clefable\n|-damage|p2a: Clefable|95\/100\n|-enditem|p2a: Clefable|Sticky Barb|[from] move: Knock Off|[of] p1a: Live Wo-Chien\n|move|p2a: Clefable|Trick|p1a: Live Wo-Chien\n|-activate|p2a: Clefable|move: Trick|[of] p1a: Live Wo-Chien\n|-enditem|p1a: Live Wo-Chien|Leftovers|[silent]|[from] move: Trick\n|-item|p2a: Clefable|Leftovers|[from] move: Trick\n|\n|-heal|p2a: Clefable|100\/100|[from] item: Leftovers\n|-damage|p1a: Live Wo-Chien|85\/100 brn|[from] brn\n|upkeep\n|turn|6\n|c| ItsaMeLuigiHere|two leech seed misses wow\n|\n|t:|1699997313\n|switch|p2a: Moltres|Moltres|91\/100\n|move|p1a: Live Wo-Chien|Knock Off|p2a: Moltres\n|-damage|p2a: Moltres|84\/100\n|\n|-damage|p1a: Live Wo-Chien|79\/100 brn|[from] brn\n|upkeep\n|turn|7\n|\n|t:|1699997319\n|move|p2a: Moltres|Flamethrower|p1a: Live Wo-Chien\n|-damage|p1a: Live Wo-Chien|52\/100 brn\n|move|p1a: Live Wo-Chien|Leech Seed|p2a: Moltres\n|-start|p2a: Moltres|move: Leech Seed\n|\n|-damage|p2a: Moltres|72\/100|[from] Leech Seed|[of] p1a: Live Wo-Chien\n|-heal|p1a: Live Wo-Chien|64\/100 brn|[silent]\n|-damage|p1a: Live Wo-Chien|58\/100 brn|[from] brn\n|upkeep\n|turn|8\n|\n|t:|1699997324\n|move|p2a: Moltres|Flamethrower|p1a: Live Wo-Chien\n|-damage|p1a: Live Wo-Chien|30\/100 brn\n|move|p1a: Live Wo-Chien|Knock Off|p2a: Moltres\n|-damage|p2a: Moltres|65\/100\n|\n|-damage|p2a: Moltres|52\/100|[from] Leech Seed|[of] p1a: Live Wo-Chien\n|-heal|p1a: Live Wo-Chien|43\/100 brn|[silent]\n|-damage|p1a: Live Wo-Chien|37\/100 brn|[from] brn\n|upkeep\n|turn|9\n|\n|t:|1699997329\n|move|p2a: Moltres|Roost|p2a: Moltres\n|-heal|p2a: Moltres|100\/100\n|-singleturn|p2a: Moltres|move: Roost\n|move|p1a: Live Wo-Chien|Giga Drain|p2a: Moltres\n|-resisted|p2a: Moltres\n|-damage|p2a: Moltres|89\/100\n|-heal|p1a: Live Wo-Chien|43\/100 brn|[from] drain|[of] p2a: Moltres\n|\n|-damage|p2a: Moltres|76\/100|[from] Leech Seed|[of] p1a: Live Wo-Chien\n|-heal|p1a: Live Wo-Chien|56\/100 brn|[silent]\n|-damage|p1a: Live Wo-Chien|49\/100 brn|[from] brn\n|upkeep\n|turn|10\n|\n|t:|1699997335\n|switch|p1a: Scream Tail|Scream Tail|100\/100\n|move|p2a: Moltres|Flamethrower|p1a: Scream Tail\n|-damage|p1a: Scream Tail|78\/100\n|\n|-heal|p1a: Scream Tail|84\/100|[from] item: Leftovers\n|-damage|p2a: Moltres|64\/100|[from] Leech Seed|[of] p1a: Scream Tail\n|-heal|p1a: Scream Tail|96\/100|[silent]\n|upkeep\n|turn|11\n|\n|t:|1699997339\n|move|p1a: Scream Tail|Wish|p1a: Scream Tail\n|move|p2a: Moltres|U-turn|p1a: Scream Tail\n|-crit|p1a: Scream Tail\n|-damage|p1a: Scream Tail|77\/100\n|\n|t:|1699997342\n|switch|p2a: Clefable|Clefable, F|100\/100|[from] U-turn\n|\n|-heal|p1a: Scream Tail|83\/100|[from] item: Leftovers\n|upkeep\n|turn|12\n|\n|t:|1699997352\n|-end|p1a: Scream Tail|Protosynthesis|[silent]\n|switch|p1a: Live Wo-Chien|Wo-Chien, tera:Poison|49\/100 brn\n|-ability|p1a: Live Wo-Chien|Tablets of Ruin\n|move|p2a: Clefable|Knock Off|p1a: Live Wo-Chien\n|-damage|p1a: Live Wo-Chien|44\/100 brn\n|\n|-heal|p1a: Live Wo-Chien|97\/100 brn|[from] move: Wish|[wisher] Scream Tail\n|-damage|p1a: Live Wo-Chien|91\/100 brn|[from] brn\n|upkeep\n|turn|13\n|\n|t:|1699997366\n|switch|p2a: Moltres|Moltres|64\/100\n|move|p1a: Live Wo-Chien|Knock Off|p2a: Moltres\n|-damage|p2a: Moltres|58\/100\n|\n|-damage|p1a: Live Wo-Chien|85\/100 brn|[from] brn\n|upkeep\n|turn|14\n|\n|t:|1699997373\n|switch|p1a: Glimmora|Glimmora, M|100\/100\n|move|p2a: Moltres|Roost|p2a: Moltres\n|-heal|p2a: Moltres|100\/100\n|-singleturn|p2a: Moltres|move: Roost\n|\n|upkeep\n|turn|15\n|\n|t:|1699997379\n|switch|p2a: Clodsire|Clodsire, F|66\/100\n|move|p1a: Glimmora|Toxic|p2a: Clodsire\n|-status|p2a: Clodsire|tox\n|\n|-damage|p2a: Clodsire|59\/100 tox|[from] psn\n|upkeep\n|turn|16\n|c| ItsaMeLuigiHere|CORROSION GLIMMORA\n|\n|t:|1699997387\n|switch|p1a: Live Wo-Chien|Wo-Chien, tera:Poison|85\/100 brn\n|-ability|p1a: Live Wo-Chien|Tablets of Ruin\n|move|p2a: Clodsire|Recover|p2a: Clodsire\n|-heal|p2a: Clodsire|100\/100 tox\n|\n|-damage|p2a: Clodsire|88\/100 tox|[from] psn\n|-damage|p1a: Live Wo-Chien|79\/100 brn|[from] brn\n|upkeep\n|turn|17\n|c| ItsaMeLuigiHere|BASED\n|\n|t:|1699997395\n|switch|p2a: Moltres|Moltres|100\/100\n|move|p1a: Live Wo-Chien|Leech Seed|p2a: Moltres\n|-start|p2a: Moltres|move: Leech Seed\n|\n|-damage|p2a: Moltres|88\/100|[from] Leech Seed|[of] p1a: Live Wo-Chien\n|-heal|p1a: Live Wo-Chien|91\/100 brn|[silent]\n|-damage|p1a: Live Wo-Chien|85\/100 brn|[from] brn\n|upkeep\n|turn|18\n|\n|t:|1699997400\n|move|p2a: Moltres|Flamethrower|p1a: Live Wo-Chien\n|-damage|p1a: Live Wo-Chien|56\/100 brn\n|move|p1a: Live Wo-Chien|Leech Seed||[still]\n|-fail|p1a: Live Wo-Chien\n|\n|-damage|p2a: Moltres|76\/100|[from] Leech Seed|[of] p1a: Live Wo-Chien\n|-heal|p1a: Live Wo-Chien|69\/100 brn|[silent]\n|-damage|p1a: Live Wo-Chien|63\/100 brn|[from] brn\n|upkeep\n|turn|19\n|\n|t:|1699997408\n|move|p2a: Moltres|Flamethrower|p1a: Live Wo-Chien\n|-damage|p1a: Live Wo-Chien|35\/100 brn\n|move|p1a: Live Wo-Chien|Giga Drain|p2a: Moltres\n|-resisted|p2a: Moltres\n|-damage|p2a: Moltres|70\/100\n|-heal|p1a: Live Wo-Chien|38\/100 brn|[from] drain|[of] p2a: Moltres\n|\n|-damage|p2a: Moltres|57\/100|[from] Leech Seed|[of] p1a: Live Wo-Chien\n|-heal|p1a: Live Wo-Chien|51\/100 brn|[silent]\n|-damage|p1a: Live Wo-Chien|45\/100 brn|[from] brn\n|upkeep\n|turn|20\n|\n|t:|1699997414\n|switch|p1a: Rotom|Rotom-Wash|100\/100\n|move|p2a: Moltres|Roost|p2a: Moltres\n|-heal|p2a: Moltres|100\/100\n|-singleturn|p2a: Moltres|move: Roost\n|\n|-damage|p2a: Moltres|88\/100|[from] Leech Seed|[of] p1a: Rotom\n|upkeep\n|turn|21\n|\n|t:|1699997422\n|switch|p1a: Kingambit|Kingambit, M|100\/100\n|switch|p2a: Clefable|Clefable, F|100\/100\n|\n|upkeep\n|turn|22\n|\n|t:|1699997431\n|-end|p1a: Kingambit|fallenundefined|[silent]\n|switch|p1a: Glimmora|Glimmora, M|100\/100\n|switch|p2a: Moltres|Moltres|88\/100\n|\n|upkeep\n|turn|23\n|\n|t:|1699997436\n|switch|p2a: Blissey|Blissey, F|100\/100\n|move|p1a: Glimmora|Power Gem|p2a: Blissey\n|-damage|p2a: Blissey|89\/100\n|\n|upkeep\n|turn|24\n|\n|t:|1699997442\n|switch|p1a: Live Wo-Chien|Wo-Chien, tera:Poison|45\/100 brn\n|-ability|p1a: Live Wo-Chien|Tablets of Ruin\n|move|p2a: Blissey|Stealth Rock|p1a: Live Wo-Chien\n|-sidestart|p1: mint yerb|move: Stealth Rock\n|\n|-damage|p1a: Live Wo-Chien|39\/100 brn|[from] brn\n|upkeep\n|turn|25\n|\n|t:|1699997448\n|switch|p2a: Moltres|Moltres|88\/100\n|move|p1a: Live Wo-Chien|Body Press|p2a: Moltres\n|-resisted|p2a: Moltres\n|-damage|p2a: Moltres|84\/100\n|\n|-damage|p1a: Live Wo-Chien|33\/100 brn|[from] brn\n|upkeep\n|turn|26\n|\n|t:|1699997451\n|switch|p1a: Cinderace|Cinderace, F|100\/100\n|move|p2a: Moltres|Flamethrower|p1a: Cinderace\n|-resisted|p1a: Cinderace\n|-damage|p1a: Cinderace|76\/100\n|\n|upkeep\n|turn|27\n|\n|t:|1699997460\n|move|p1a: Cinderace|Court Change|p1a: Cinderace\n|-swapsideconditions\n|-activate|p1a: Cinderace|move: Court Change\n|move|p2a: Moltres|Will-O-Wisp|p1a: Cinderace|[miss]\n|-miss|p2a: Moltres|p1a: Cinderace\n|\n|upkeep\n|turn|28\n|\n|t:|1699997473\n|move|p1a: Cinderace|Pyro Ball|p2a: Moltres\n|-resisted|p2a: Moltres\n|-damage|p2a: Moltres|66\/100\n|move|p2a: Moltres|U-turn|p1a: Cinderace\n|-resisted|p1a: Cinderace\n|-damage|p1a: Cinderace|67\/100\n|\n|t:|1699997476\n|switch|p2a: Toxapex|Toxapex, F|100\/100|[from] U-turn\n|\n|upkeep\n|turn|29\n|\n|t:|1699997488\n|switch|p1a: Glimmora|Glimmora, M|100\/100\n|move|p2a: Toxapex|Toxic|p1a: Glimmora\n|-immune|p1a: Glimmora\n|\n|upkeep\n|turn|30\n|\n|t:|1699997496\n|switch|p1a: Kingambit|Kingambit, M|100\/100\n|switch|p2a: Blissey|Blissey, F|89\/100\n|\n|upkeep\n|turn|31\n|\n|t:|1699997507\n|switch|p2a: Corviknight|Corviknight, M|100\/100\n|-damage|p2a: Corviknight|88\/100|[from] Stealth Rock\n|-ability|p2a: Corviknight|Pressure\n|move|p1a: Kingambit|Kowtow Cleave|p2a: Corviknight\n|-damage|p2a: Corviknight|59\/100\n|\n|-heal|p2a: Corviknight|65\/100|[from] item: Leftovers\n|upkeep\n|turn|32\n|\n|t:|1699997515\n|-end|p1a: Kingambit|fallenundefined|[silent]\n|switch|p1a: Scream Tail|Scream Tail|83\/100\n|move|p2a: Corviknight|Iron Defense|p2a: Corviknight\n|-boost|p2a: Corviknight|def|2\n|\n|-heal|p1a: Scream Tail|89\/100|[from] item: Leftovers\n|-heal|p2a: Corviknight|71\/100|[from] item: Leftovers\n|upkeep\n|turn|33\n|\n|t:|1699997523\n|move|p1a: Scream Tail|Encore|p2a: Corviknight\n|-start|p2a: Corviknight|Encore\n|move|p2a: Corviknight|Iron Defense|p2a: Corviknight\n|-boost|p2a: Corviknight|def|2\n|\n|-heal|p1a: Scream Tail|95\/100|[from] item: Leftovers\n|-heal|p2a: Corviknight|77\/100|[from] item: Leftovers\n|upkeep\n|turn|34\n|\n|t:|1699997528\n|switch|p2a: Moltres|Moltres|66\/100\n|-damage|p2a: Moltres|16\/100|[from] Stealth Rock\n|move|p1a: Scream Tail|Wish|p1a: Scream Tail\n|\n|-heal|p1a: Scream Tail|100\/100|[from] item: Leftovers\n|upkeep\n|turn|35\n|\n|t:|1699997536\n|-end|p1a: Scream Tail|Protosynthesis|[silent]\n|switch|p1a: Cinderace|Cinderace, F|67\/100\n|move|p2a: Moltres|Roost|p2a: Moltres\n|-heal|p2a: Moltres|66\/100\n|-singleturn|p2a: Moltres|move: Roost\n|\n|-heal|p1a: Cinderace|100\/100|[from] move: Wish|[wisher] Scream Tail\n|upkeep\n|turn|36\n|\n|t:|1699997546\n|switch|p1a: Glimmora|Glimmora, M|100\/100\n|move|p2a: Moltres|Roost|p2a: Moltres\n|-heal|p2a: Moltres|100\/100\n|-singleturn|p2a: Moltres|move: Roost\n|\n|upkeep\n|turn|37\n|\n|t:|1699997558\n|switch|p2a: Clefable|Clefable, F|100\/100\n|move|p1a: Glimmora|Toxic|p2a: Clefable\n|-status|p2a: Clefable|tox\n|\n|upkeep\n|turn|38\n|\n|t:|1699997573\n|switch|p1a: Cinderace|Cinderace, F|100\/100\n|move|p2a: Clefable|Encore||[still]\n|-fail|p2a: Clefable\n|\n|upkeep\n|turn|39\n|\n|t:|1699997582\n|move|p1a: Cinderace|Pyro Ball|p2a: Clefable\n|-damage|p2a: Clefable|63\/100 tox\n|move|p2a: Clefable|Knock Off|p1a: Cinderace\n|-damage|p1a: Cinderace|81\/100\n|-enditem|p1a: Cinderace|Heavy-Duty Boots|[from] move: Knock Off|[of] p2a: Clefable\n|\n|-heal|p2a: Clefable|69\/100 tox|[from] item: Leftovers\n|upkeep\n|turn|40\n|\n|t:|1699997590\n|move|p1a: Cinderace|Pyro Ball|p2a: Clefable\n|-damage|p2a: Clefable|35\/100 tox\n|move|p2a: Clefable|Encore|p1a: Cinderace\n|-start|p1a: Cinderace|Encore\n|\n|-heal|p2a: Clefable|41\/100 tox|[from] item: Leftovers\n|upkeep\n|turn|41\n|\n|t:|1699997595\n|move|p1a: Cinderace|Pyro Ball|p2a: Clefable\n|-damage|p2a: Clefable|7\/100 tox\n|move|p2a: Clefable|Moonlight|p2a: Clefable\n|-heal|p2a: Clefable|57\/100 tox\n|\n|-heal|p2a: Clefable|63\/100 tox|[from] item: Leftovers\n|upkeep\n|turn|42\n|\n|t:|1699997605\n|switch|p1a: Glimmora|Glimmora, M|100\/100\n|move|p2a: Clefable|Moonlight|p2a: Clefable\n|-heal|p2a: Clefable|100\/100 tox\n|\n|upkeep\n|turn|43\n|\n|t:|1699997610\n|move|p1a: Glimmora|Sludge Wave|p2a: Clefable\n|-supereffective|p2a: Clefable\n|-damage|p2a: Clefable|15\/100 tox\n|move|p2a: Clefable|Knock Off|p1a: Glimmora\n|-damage|p1a: Glimmora|82\/100\n|-enditem|p1a: Glimmora|Choice Scarf|[from] move: Knock Off|[of] p2a: Clefable\n|\n|-heal|p2a: Clefable|21\/100 tox|[from] item: Leftovers\n|upkeep\n|turn|44\n|\n|t:|1699997619\n|switch|p2a: Toxapex|Toxapex, F|100\/100\n|move|p1a: Glimmora|Power Gem|p2a: Toxapex\n|-damage|p2a: Toxapex|69\/100\n|\n|upkeep\n|turn|45\n|\n|t:|1699997621\n|move|p1a: Glimmora|Toxic|p2a: Toxapex\n|-status|p2a: Toxapex|tox\n|move|p2a: Toxapex|Infestation|p1a: Glimmora\n|-resisted|p1a: Glimmora\n|-damage|p1a: Glimmora|80\/100\n|-activate|p1a: Glimmora|move: Infestation|[of] p2a: Toxapex\n|\n|-damage|p2a: Toxapex|63\/100 tox|[from] psn\n|-damage|p1a: Glimmora|68\/100|[from] move: Infestation|[partiallytrapped]\n|upkeep\n|turn|46\n|\n|t:|1699997630\n|move|p1a: Glimmora|Earth Power|p2a: Toxapex\n|-supereffective|p2a: Toxapex\n|-damage|p2a: Toxapex|17\/100 tox\n|move|p2a: Toxapex|Recover|p2a: Toxapex\n|-heal|p2a: Toxapex|67\/100 tox\n|\n|-damage|p2a: Toxapex|55\/100 tox|[from] psn\n|-damage|p1a: Glimmora|56\/100|[from] move: Infestation|[partiallytrapped]\n|upkeep\n|turn|47\n|\n|t:|1699997639\n|move|p1a: Glimmora|Earth Power|p2a: Toxapex\n|-supereffective|p2a: Toxapex\n|-damage|p2a: Toxapex|7\/100 tox\n|move|p2a: Toxapex|Recover|p2a: Toxapex\n|-heal|p2a: Toxapex|57\/100 tox\n|\n|-damage|p2a: Toxapex|39\/100 tox|[from] psn\n|-damage|p1a: Glimmora|43\/100|[from] move: Infestation|[partiallytrapped]\n|upkeep\n|turn|48\n|\n|t:|1699997647\n|switch|p2a: Blissey|Blissey, F|89\/100\n|move|p1a: Glimmora|Power Gem|p2a: Blissey\n|-damage|p2a: Blissey|76\/100\n|\n|-end|p1a: Glimmora|Infestation|[partiallytrapped]|[silent]\n|upkeep\n|turn|49\n|\n|t:|1699997652\n|switch|p1a: Kingambit|Kingambit, M|100\/100\n|move|p2a: Blissey|Stealth Rock|p1a: Kingambit\n|-sidestart|p1: mint yerb|move: Stealth Rock\n|\n|upkeep\n|turn|50\n|\n|t:|1699997659\n|switch|p2a: Moltres|Moltres|100\/100\n|-damage|p2a: Moltres|51\/100|[from] Stealth Rock\n|move|p1a: Kingambit|Kowtow Cleave|p2a: Moltres\n|-damage|p2a: Moltres|18\/100\n|-status|p1a: Kingambit|brn|[from] ability: Flame Body|[of] p2a: Moltres\n|\n|-damage|p1a: Kingambit|94\/100 brn|[from] brn\n|upkeep\n|turn|51\n|\n|t:|1699997664\n|move|p2a: Moltres|Roost|p2a: Moltres\n|-heal|p2a: Moltres|68\/100\n|-singleturn|p2a: Moltres|move: Roost\n|move|p1a: Kingambit|Kowtow Cleave|p2a: Moltres\n|-damage|p2a: Moltres|51\/100\n|\n|-damage|p1a: Kingambit|88\/100 brn|[from] brn\n|upkeep\n|turn|52\n|\n|t:|1699997672\n|-end|p1a: Kingambit|fallenundefined|[silent]\n|switch|p1a: Rotom|Rotom-Wash|100\/100\n|-damage|p1a: Rotom|88\/100|[from] Stealth Rock\n|move|p2a: Moltres|Flamethrower|p1a: Rotom\n|-resisted|p1a: Rotom\n|-damage|p1a: Rotom|67\/100\n|-status|p1a: Rotom|brn\n|\n|-heal|p1a: Rotom|73\/100 brn|[from] item: Leftovers\n|-damage|p1a: Rotom|67\/100 brn|[from] brn\n|upkeep\n|turn|53\n|\n|t:|1699997690\n|switch|p2a: Toxapex|Toxapex, F|72\/100 tox\n|move|p1a: Rotom|Volt Switch|p2a: Toxapex\n|-supereffective|p2a: Toxapex\n|-damage|p2a: Toxapex|34\/100 tox\n|\n|t:|1699997708\n|switch|p1a: Live Wo-Chien|Wo-Chien, tera:Poison|33\/100 brn|[from] Volt Switch\n|-damage|p1a: Live Wo-Chien|20\/100 brn|[from] Stealth Rock\n|-ability|p1a: Live Wo-Chien|Tablets of Ruin\n|\n|-damage|p2a: Toxapex|28\/100 tox|[from] psn\n|-damage|p1a: Live Wo-Chien|14\/100 brn|[from] brn\n|upkeep\n|turn|54\n|\n|t:|1699997724\n|switch|p2a: Moltres|Moltres|51\/100\n|-damage|p2a: Moltres|1\/100|[from] Stealth Rock\n|move|p1a: Live Wo-Chien|Knock Off|p2a: Moltres\n|-damage|p2a: Moltres|0 fnt\n|faint|p2a: Moltres\n|\n|-damage|p1a: Live Wo-Chien|8\/100 brn|[from] brn\n|upkeep\n|inactive|milkcoffee21 has 120 seconds left.\n|\n|t:|1699997747\n|switch|p2a: Corviknight|Corviknight, M|77\/100\n|-damage|p2a: Corviknight|65\/100|[from] Stealth Rock\n|-ability|p2a: Corviknight|Pressure\n|turn|55\n|\n|t:|1699997757\n|move|p2a: Corviknight|Roost|p2a: Corviknight\n|-heal|p2a: Corviknight|100\/100\n|-singleturn|p2a: Corviknight|move: Roost\n|move|p1a: Live Wo-Chien|Leech Seed|p2a: Corviknight|[miss]\n|-miss|p1a: Live Wo-Chien|p2a: Corviknight\n|\n|-damage|p1a: Live Wo-Chien|2\/100 brn|[from] brn\n|upkeep\n|turn|56\n|\n|t:|1699997763\n|move|p2a: Corviknight|Body Press|p1a: Live Wo-Chien\n|-resisted|p1a: Live Wo-Chien\n|-damage|p1a: Live Wo-Chien|0 fnt\n|faint|p1a: Live Wo-Chien\n|\n|upkeep\n|\n|t:|1699997777\n|switch|p1a: Scream Tail|Scream Tail|100\/100\n|-damage|p1a: Scream Tail|88\/100|[from] Stealth Rock\n|turn|57\n|\n|t:|1699997785\n|switch|p2a: Clefable|Clefable, F|21\/100 tox\n|move|p1a: Scream Tail|Wish|p1a: Scream Tail\n|\n|-heal|p1a: Scream Tail|94\/100|[from] item: Leftovers\n|-heal|p2a: Clefable|27\/100 tox|[from] item: Leftovers\n|upkeep\n|turn|58\n|c| ItsaMeLuigiHere|Live Wo-Chien reaction when they miss every single crucial leech seed in one game\n|c|\u2606mint yerb|its fine, woch put in the work they needed to\n|inactive|mint yerb has 120 seconds left.\n|\n|t:|1699997815\n|move|p1a: Scream Tail|Dazzling Gleam|p2a: Clefable\n|-damage|p2a: Clefable|9\/100 tox\n|move|p2a: Clefable|Moonlight|p2a: Clefable\n|-heal|p2a: Clefable|59\/100 tox\n|\n|-heal|p1a: Scream Tail|100\/100|[from] move: Wish|[wisher] Scream Tail\n|-heal|p2a: Clefable|65\/100 tox|[from] item: Leftovers\n|upkeep\n|turn|59\n|c| ItsaMeLuigiHere|Im kinda amazed myself at how godly it is w\/ tera poison\n|\n|t:|1699997839\n|move|p1a: Scream Tail|Wish|p1a: Scream Tail\n|move|p2a: Clefable|Knock Off|p1a: Scream Tail\n|-damage|p1a: Scream Tail|88\/100\n|-enditem|p1a: Scream Tail|Leftovers|[from] move: Knock Off|[of] p2a: Clefable\n|\n|-heal|p2a: Clefable|71\/100 tox|[from] item: Leftovers\n|upkeep\n|turn|60\n|c|\u2606mint yerb|it refuses to die every game\n|inactive|mint yerb has 120 seconds left.\n|\n|t:|1699997857\n|-end|p1a: Scream Tail|Protosynthesis|[silent]\n|switch|p1a: Rotom|Rotom-Wash|67\/100 brn\n|-damage|p1a: Rotom|54\/100 brn|[from] Stealth Rock\n|move|p2a: Clefable|Knock Off|p1a: Rotom\n|-crit|p1a: Rotom\n|-damage|p1a: Rotom|31\/100 brn\n|-enditem|p1a: Rotom|Leftovers|[from] move: Knock Off|[of] p2a: Clefable\n|\n|-heal|p1a: Rotom|97\/100 brn|[from] move: Wish|[wisher] Scream Tail\n|-heal|p2a: Clefable|77\/100 tox|[from] item: Leftovers\n|-damage|p1a: Rotom|91\/100 brn|[from] brn\n|upkeep\n|turn|61\n|\n|t:|1699997871\n|move|p1a: Rotom|Discharge|p2a: Clefable\n|-damage|p2a: Clefable|47\/100 tox\n|move|p2a: Clefable|Moonlight|p2a: Clefable\n|-heal|p2a: Clefable|97\/100 tox\n|\n|-heal|p2a: Clefable|100\/100 tox|[from] item: Leftovers\n|-damage|p1a: Rotom|85\/100 brn|[from] brn\n|upkeep\n|turn|62\n|inactive|milkcoffee21 has 120 seconds left.\n|\n|t:|1699997901\n|move|p1a: Rotom|Discharge|p2a: Clefable\n|-damage|p2a: Clefable|71\/100 tox\n|move|p2a: Clefable|Encore|p1a: Rotom\n|-start|p1a: Rotom|Encore\n|\n|-heal|p2a: Clefable|77\/100 tox|[from] item: Leftovers\n|-damage|p1a: Rotom|78\/100 brn|[from] brn\n|upkeep\n|turn|63\n|\n|t:|1699997913\n|switch|p2a: Clodsire|Clodsire, F|88\/100 tox\n|-damage|p2a: Clodsire|82\/100 tox|[from] Stealth Rock\n|move|p1a: Rotom|Discharge|p2a: Clodsire\n|-immune|p2a: Clodsire\n|\n|-damage|p2a: Clodsire|76\/100 tox|[from] psn\n|-damage|p1a: Rotom|72\/100 brn|[from] brn\n|upkeep\n|turn|64\n|\n|t:|1699997936\n|move|p1a: Rotom|Discharge|p2a: Clodsire\n|-immune|p2a: Clodsire\n|move|p2a: Clodsire|Toxic Spikes|p1a: Rotom\n|-sidestart|p1: mint yerb|move: Toxic Spikes\n|\n|-damage|p2a: Clodsire|64\/100 tox|[from] psn\n|-damage|p1a: Rotom|66\/100 brn|[from] brn\n|upkeep\n|turn|65\n|\n|t:|1699997942\n|move|p1a: Rotom|Discharge|p2a: Clodsire\n|-immune|p2a: Clodsire\n|move|p2a: Clodsire|Earthquake|p1a: Rotom\n|-immune|p1a: Rotom|[from] ability: Levitate\n|\n|-damage|p2a: Clodsire|46\/100 tox|[from] psn\n|-damage|p1a: Rotom|60\/100 brn|[from] brn\n|-end|p1a: Rotom|Encore\n|upkeep\n|turn|66\n|\n|t:|1699997947\n|switch|p2a: Blissey|Blissey, F|76\/100\n|move|p1a: Rotom|Hydro Pump|p2a: Blissey\n|-damage|p2a: Blissey|64\/100\n|\n|-damage|p1a: Rotom|53\/100 brn|[from] brn\n|upkeep\n|turn|67\n|inactive|milkcoffee21 has 120 seconds left.\n|\n|t:|1699997962\n|move|p1a: Rotom|Volt Switch|p2a: Blissey\n|-damage|p2a: Blissey|56\/100\n|\n|t:|1699997965\n|switch|p1a: Kingambit|Kingambit, M|88\/100 brn|[from] Volt Switch\n|-activate|p1a: Kingambit|ability: Supreme Overlord\n|-start|p1a: Kingambit|fallen1|[silent]\n|move|p2a: Blissey|Ice Beam|p1a: Kingambit\n|-resisted|p1a: Kingambit\n|-damage|p1a: Kingambit|79\/100 brn\n|\n|-damage|p1a: Kingambit|73\/100 brn|[from] brn\n|upkeep\n|turn|68\n|\n|t:|1699997975\n|switch|p2a: Corviknight|Corviknight, M|100\/100\n|-damage|p2a: Corviknight|88\/100|[from] Stealth Rock\n|-ability|p2a: Corviknight|Pressure\n|move|p1a: Kingambit|Kowtow Cleave|p2a: Corviknight\n|-damage|p2a: Corviknight|72\/100\n|\n|-heal|p2a: Corviknight|78\/100|[from] item: Leftovers\n|-damage|p1a: Kingambit|66\/100 brn|[from] brn\n|upkeep\n|turn|69\n|\n|t:|1699997983\n|-end|p1a: Kingambit|fallen1|[silent]\n|switch|p1a: Rotom|Rotom-Wash|53\/100 brn\n|-damage|p1a: Rotom|41\/100 brn|[from] Stealth Rock\n|move|p2a: Corviknight|Body Press|p1a: Rotom\n|-damage|p1a: Rotom|15\/100 brn\n|\n|-heal|p2a: Corviknight|84\/100|[from] item: Leftovers\n|-damage|p1a: Rotom|9\/100 brn|[from] brn\n|upkeep\n|turn|70\n|\n|t:|1699997998\n|switch|p2a: Clodsire|Clodsire, F|46\/100 tox\n|-damage|p2a: Clodsire|40\/100 tox|[from] Stealth Rock\n|move|p1a: Rotom|Discharge|p2a: Clodsire\n|-immune|p2a: Clodsire\n|\n|-damage|p2a: Clodsire|34\/100 tox|[from] psn\n|-damage|p1a: Rotom|2\/100 brn|[from] brn\n|upkeep\n|turn|71\n|\n|t:|1699998012\n|switch|p2a: Blissey|Blissey, F|56\/100\n|move|p1a: Rotom|Hydro Pump|p2a: Blissey|[miss]\n|-miss|p1a: Rotom|p2a: Blissey\n|\n|-damage|p1a: Rotom|0 fnt|[from] brn\n|faint|p1a: Rotom\n|upkeep\n|\n|t:|1699998026\n|switch|p1a: Kingambit|Kingambit, M|66\/100 brn\n|-activate|p1a: Kingambit|ability: Supreme Overlord\n|-start|p1a: Kingambit|fallen2|[silent]\n|turn|72\n|\n|t:|1699998032\n|-end|p1a: Kingambit|fallen2|[silent]\n|switch|p1a: Glimmora|Glimmora, M|43\/100\n|-damage|p1a: Glimmora|31\/100|[from] Stealth Rock\n|-sideend|p1: mint yerb|move: Toxic Spikes|[of] p1a: Glimmora\n|switch|p2a: Corviknight|Corviknight, M|84\/100\n|-damage|p2a: Corviknight|71\/100|[from] Stealth Rock\n|-ability|p2a: Corviknight|Pressure\n|\n|-heal|p2a: Corviknight|77\/100|[from] item: Leftovers\n|upkeep\n|turn|73\n|\n|t:|1699998050\n|switch|p2a: Blissey|Blissey, F|56\/100\n|move|p1a: Glimmora|Power Gem|p2a: Blissey\n|-damage|p2a: Blissey|42\/100\n|\n|upkeep\n|turn|74\n|\n|t:|1699998060\n|switch|p1a: Scream Tail|Scream Tail|88\/100\n|-damage|p1a: Scream Tail|76\/100|[from] Stealth Rock\n|move|p2a: Blissey|Soft-Boiled|p2a: Blissey\n|-heal|p2a: Blissey|92\/100\n|\n|upkeep\n|turn|75\n|\n|t:|1699998067\n|move|p1a: Scream Tail|Wish|p1a: Scream Tail\n|move|p2a: Blissey|Ice Beam|p1a: Scream Tail\n|-damage|p1a: Scream Tail|66\/100\n|\n|upkeep\n|turn|76\n|\n|t:|1699998090\n|-end|p1a: Scream Tail|Protosynthesis|[silent]\n|switch|p1a: Kingambit|Kingambit, M|66\/100 brn\n|-activate|p1a: Kingambit|ability: Supreme Overlord\n|-start|p1a: Kingambit|fallen2|[silent]\n|switch|p2a: Clodsire|Clodsire, F|34\/100 tox\n|-damage|p2a: Clodsire|28\/100 tox|[from] Stealth Rock\n|\n|-heal|p1a: Kingambit|100\/100 brn|[from] move: Wish|[wisher] Scream Tail\n|-damage|p2a: Clodsire|22\/100 tox|[from] psn\n|-damage|p1a: Kingambit|94\/100 brn|[from] brn\n|upkeep\n|turn|77\n|inactive|milkcoffee21 has 120 seconds left.\n|\n|t:|1699998122\n|move|p1a: Kingambit|Kowtow Cleave|p2a: Clodsire\n|-damage|p2a: Clodsire|0 fnt\n|faint|p2a: Clodsire\n|\n|-damage|p1a: Kingambit|88\/100 brn|[from] brn\n|upkeep\n|\n|t:|1699998127\n|switch|p2a: Corviknight|Corviknight, M|77\/100\n|-damage|p2a: Corviknight|65\/100|[from] Stealth Rock\n|-ability|p2a: Corviknight|Pressure\n|turn|78\n|\n|t:|1699998148\n|-end|p1a: Kingambit|fallen2|[silent]\n|switch|p1a: Cinderace|Cinderace, F|81\/100\n|-damage|p1a: Cinderace|57\/100|[from] Stealth Rock\n|move|p2a: Corviknight|Roost|p2a: Corviknight\n|-heal|p2a: Corviknight|100\/100\n|-singleturn|p2a: Corviknight|move: Roost\n|\n|upkeep\n|turn|79\n|\n|t:|1699998158\n|switch|p2a: Toxapex|Toxapex, F|61\/100 tox\n|move|p1a: Cinderace|Pyro Ball|p2a: Toxapex\n|-resisted|p2a: Toxapex\n|-damage|p2a: Toxapex|47\/100 tox\n|\n|-damage|p2a: Toxapex|41\/100 tox|[from] psn\n|upkeep\n|turn|80\n|\n|t:|1699998176\n|switch|p1a: Kingambit|Kingambit, M|88\/100 brn\n|-activate|p1a: Kingambit|ability: Supreme Overlord\n|-start|p1a: Kingambit|fallen2|[silent]\n|move|p2a: Toxapex|Recover|p2a: Toxapex\n|-heal|p2a: Toxapex|91\/100 tox\n|\n|-damage|p2a: Toxapex|78\/100 tox|[from] psn\n|-damage|p1a: Kingambit|82\/100 brn|[from] brn\n|upkeep\n|turn|81\n|inactive|mint yerb has 120 seconds left.\n|\n|t:|1699998198\n|-end|p1a: Kingambit|fallen2|[silent]\n|switch|p1a: Glimmora|Glimmora, M|31\/100\n|-damage|p1a: Glimmora|18\/100|[from] Stealth Rock\n|switch|p2a: Corviknight|Corviknight, M|100\/100\n|-damage|p2a: Corviknight|88\/100|[from] Stealth Rock\n|-ability|p2a: Corviknight|Pressure\n|\n|-heal|p2a: Corviknight|94\/100|[from] item: Leftovers\n|upkeep\n|turn|82\n|inactive|mint yerb has 120 seconds left.\n|\n|t:|1699998213\n|move|p1a: Glimmora|Toxic|p2a: Corviknight\n|-status|p2a: Corviknight|tox\n|move|p2a: Corviknight|Body Press|p1a: Glimmora\n|-damage|p1a: Glimmora|0 fnt\n|faint|p1a: Glimmora\n|\n|-heal|p2a: Corviknight|99\/100 tox|[from] item: Leftovers\n|-damage|p2a: Corviknight|94\/100 tox|[from] psn\n|upkeep\n|j| Spiderking3261\n|\n|t:|1699998219\n|switch|p1a: Scream Tail|Scream Tail|66\/100\n|-damage|p1a: Scream Tail|53\/100|[from] Stealth Rock\n|turn|83\n|l| Spiderking3261\n|inactive|mint yerb has 120 seconds left.\n|\n|t:|1699998238\n|switch|p2a: Clefable|Clefable, F|77\/100 tox\n|move|p1a: Scream Tail|Wish|p1a: Scream Tail\n|\n|-heal|p2a: Clefable|83\/100 tox|[from] item: Leftovers\n|upkeep\n|turn|84\n|inactive|mint yerb has 120 seconds left.\n|\n|t:|1699998252\n|-end|p1a: Scream Tail|Protosynthesis|[silent]\n|switch|p1a: Cinderace|Cinderace, F|57\/100\n|-damage|p1a: Cinderace|32\/100|[from] Stealth Rock\n|move|p2a: Clefable|Encore||[still]\n|-fail|p2a: Clefable\n|\n|-heal|p1a: Cinderace|88\/100|[from] move: Wish|[wisher] Scream Tail\n|-heal|p2a: Clefable|90\/100 tox|[from] item: Leftovers\n|upkeep\n|turn|85\n|\n|t:|1699998258\n|move|p1a: Cinderace|Pyro Ball|p2a: Clefable\n|-damage|p2a: Clefable|54\/100 tox\n|move|p2a: Clefable|Knock Off|p1a: Cinderace\n|-damage|p1a: Cinderace|75\/100\n|\n|-heal|p2a: Clefable|60\/100 tox|[from] item: Leftovers\n|upkeep\n|turn|86\n|\n|t:|1699998271\n|switch|p1a: Kingambit|Kingambit, M|82\/100 brn\n|-activate|p1a: Kingambit|ability: Supreme Overlord\n|-start|p1a: Kingambit|fallen3|[silent]\n|move|p2a: Clefable|Moonlight|p2a: Clefable\n|-heal|p2a: Clefable|100\/100 tox\n|\n|-damage|p1a: Kingambit|76\/100 brn|[from] brn\n|upkeep\n|turn|87\n|\n|t:|1699998284\n|-end|p1a: Kingambit|fallen3|[silent]\n|switch|p1a: Cinderace|Cinderace, F|75\/100\n|-damage|p1a: Cinderace|50\/100|[from] Stealth Rock\n|switch|p2a: Corviknight|Corviknight, M|94\/100 tox\n|-damage|p2a: Corviknight|82\/100 tox|[from] Stealth Rock\n|-ability|p2a: Corviknight|Pressure\n|\n|-heal|p2a: Corviknight|88\/100 tox|[from] item: Leftovers\n|-damage|p2a: Corviknight|82\/100 tox|[from] psn\n|upkeep\n|turn|88\n|\n|t:|1699998298\n|switch|p2a: Toxapex|Toxapex, F|100\/100 tox\n|move|p1a: Cinderace|Pyro Ball|p2a: Toxapex|[miss]\n|-miss|p1a: Cinderace|p2a: Toxapex\n|\n|-damage|p2a: Toxapex|94\/100 tox|[from] psn\n|upkeep\n|turn|89\n|\n|t:|1699998306\n|switch|p1a: Kingambit|Kingambit, M|76\/100 brn\n|-activate|p1a: Kingambit|ability: Supreme Overlord\n|-start|p1a: Kingambit|fallen3|[silent]\n|move|p2a: Toxapex|Infestation|p1a: Kingambit\n|-damage|p1a: Kingambit|72\/100 brn\n|-activate|p1a: Kingambit|move: Infestation|[of] p2a: Toxapex\n|\n|-damage|p2a: Toxapex|82\/100 tox|[from] psn\n|-damage|p1a: Kingambit|66\/100 brn|[from] brn\n|-damage|p1a: Kingambit|54\/100 brn|[from] move: Infestation|[partiallytrapped]\n|upkeep\n|turn|90\n|l| ItsaMeLuigiHere\n|\n|t:|1699998315\n|move|p1a: Kingambit|Kowtow Cleave|p2a: Toxapex\n|-damage|p2a: Toxapex|61\/100 tox\n|move|p2a: Toxapex|Haze|p2a: Toxapex\n|-clearallboost\n|\n|-damage|p2a: Toxapex|43\/100 tox|[from] psn\n|-damage|p1a: Kingambit|47\/100 brn|[from] brn\n|-damage|p1a: Kingambit|35\/100 brn|[from] move: Infestation|[partiallytrapped]\n|upkeep\n|turn|91\n|\n|t:|1699998330\n|switch|p2a: Corviknight|Corviknight, M|82\/100 tox\n|-damage|p2a: Corviknight|70\/100 tox|[from] Stealth Rock\n|-ability|p2a: Corviknight|Pressure\n|move|p1a: Kingambit|Swords Dance|p1a: Kingambit\n|-boost|p1a: Kingambit|atk|2\n|\n|-heal|p2a: Corviknight|76\/100 tox|[from] item: Leftovers\n|-damage|p2a: Corviknight|70\/100 tox|[from] psn\n|-damage|p1a: Kingambit|29\/100 brn|[from] brn\n|-end|p1a: Kingambit|Infestation|[partiallytrapped]|[silent]\n|upkeep\n|turn|92\n|\n|t:|1699998340\n|move|p1a: Kingambit|Kowtow Cleave|p2a: Corviknight\n|-crit|p2a: Corviknight\n|-damage|p2a: Corviknight|13\/100 tox\n|move|p2a: Corviknight|Iron Defense|p2a: Corviknight\n|-boost|p2a: Corviknight|def|2\n|\n|-heal|p2a: Corviknight|19\/100 tox|[from] item: Leftovers\n|-damage|p2a: Corviknight|7\/100 tox|[from] psn\n|-damage|p1a: Kingambit|23\/100 brn|[from] brn\n|upkeep\n|turn|93\n|c|\u2606mint yerb|damn I wish luigi was here to see that\n|inactive|milkcoffee21 has 120 seconds left.\n|inactive|milkcoffee21 has 90 seconds left.\n|\n|t:|1699998409\n|move|p1a: Kingambit|Kowtow Cleave|p2a: Corviknight\n|-damage|p2a: Corviknight|0 fnt\n|faint|p2a: Corviknight\n|\n|-damage|p1a: Kingambit|17\/100 brn|[from] brn\n|upkeep\n|\n|t:|1699998427\n|switch|p2a: Toxapex|Toxapex, F|76\/100 tox\n|turn|94\n|inactive|mint yerb has 120 seconds left.\n|\n|t:|1699998466\n|-end|p1a: Kingambit|fallen3|[silent]\n|switch|p1a: Scream Tail|Scream Tail|53\/100\n|-damage|p1a: Scream Tail|41\/100|[from] Stealth Rock\n|move|p2a: Toxapex|Infestation|p1a: Scream Tail\n|-damage|p1a: Scream Tail|39\/100\n|-activate|p1a: Scream Tail|move: Infestation|[of] p2a: Toxapex\n|\n|-damage|p2a: Toxapex|70\/100 tox|[from] psn\n|-damage|p1a: Scream Tail|26\/100|[from] move: Infestation|[partiallytrapped]\n|upkeep\n|turn|95\n|\n|t:|1699998475\n|move|p1a: Scream Tail|Encore|p2a: Toxapex\n|-start|p2a: Toxapex|Encore\n|move|p2a: Toxapex|Infestation|p1a: Scream Tail\n|-damage|p1a: Scream Tail|24\/100\n|\n|-damage|p2a: Toxapex|57\/100 tox|[from] psn\n|-damage|p1a: Scream Tail|12\/100|[from] move: Infestation|[partiallytrapped]\n|upkeep\n|turn|96\n|\n|t:|1699998479\n|move|p1a: Scream Tail|Wish|p1a: Scream Tail\n|move|p2a: Toxapex|Infestation|p1a: Scream Tail\n|-damage|p1a: Scream Tail|10\/100\n|\n|-damage|p2a: Toxapex|38\/100 tox|[from] psn\n|-damage|p1a: Scream Tail|0 fnt|[from] move: Infestation|[partiallytrapped]\n|faint|p1a: Scream Tail\n|-end|p1a: Scream Tail|Protosynthesis|[silent]\n|upkeep\n|\n|t:|1699998488\n|switch|p1a: Kingambit|Kingambit, M|17\/100 brn\n|-activate|p1a: Kingambit|ability: Supreme Overlord\n|-start|p1a: Kingambit|fallen4|[silent]\n|turn|97\n|inactive|milkcoffee21 has 90 seconds left.\n|\n|t:|1699998501\n|move|p1a: Kingambit|Kowtow Cleave|p2a: Toxapex\n|-damage|p2a: Toxapex|16\/100 tox\n|move|p2a: Toxapex|Infestation|p1a: Kingambit\n|-damage|p1a: Kingambit|13\/100 brn\n|-activate|p1a: Kingambit|move: Infestation|[of] p2a: Toxapex\n|\n|-heal|p1a: Kingambit|72\/100 brn|[from] move: Wish|[wisher] Scream Tail\n|-damage|p2a: Toxapex|0 fnt|[from] psn\n|faint|p2a: Toxapex\n|-damage|p1a: Kingambit|66\/100 brn|[from] brn\n|-end|p1a: Kingambit|Infestation|[partiallytrapped]|[silent]\n|upkeep\n|inactive|milkcoffee21 has 90 seconds left.\n|\n|t:|1699998515\n|switch|p2a: Clefable|Clefable, F|100\/100 tox\n|turn|98\n|inactive|mint yerb has 90 seconds left.\n|\n|t:|1699998553\n|-end|p1a: Kingambit|fallen4|[silent]\n|switch|p1a: Cinderace|Cinderace, F|50\/100\n|-damage|p1a: Cinderace|25\/100|[from] Stealth Rock\n|-terastallize|p2a: Clefable|Water\n|move|p2a: Clefable|Moonlight|p2a: Clefable\n|-fail|p2a: Clefable|heal\n|\n|upkeep\n|turn|99\n|inactive|milkcoffee21 has 60 seconds left.\n|\n|t:|1699998579\n|move|p1a: Cinderace|Pyro Ball|p2a: Clefable\n|-resisted|p2a: Clefable\n|-damage|p2a: Clefable|72\/100 tox\n|move|p2a: Clefable|Knock Off|p1a: Cinderace\n|-damage|p1a: Cinderace|13\/100\n|\n|-heal|p2a: Clefable|78\/100 tox|[from] item: Leftovers\n|upkeep\n|turn|100\n|\n|t:|1699998592\n|move|p1a: Cinderace|Court Change|p1a: Cinderace\n|-swapsideconditions\n|-activate|p1a: Cinderace|move: Court Change\n|move|p2a: Clefable|Knock Off|p1a: Cinderace\n|-damage|p1a: Cinderace|1\/100\n|\n|-heal|p2a: Clefable|84\/100 tox|[from] item: Leftovers\n|upkeep\n|turn|101\n|inactive|mint yerb has 60 seconds left.\n|inactive|mint yerb has 30 seconds left.\n|\n|t:|1699998647\n|move|p1a: Cinderace|Court Change|p1a: Cinderace\n|-swapsideconditions\n|-activate|p1a: Cinderace|move: Court Change\n|move|p2a: Clefable|Knock Off|p1a: Cinderace\n|-damage|p1a: Cinderace|0 fnt\n|faint|p1a: Cinderace\n|\n|-heal|p2a: Clefable|90\/100 tox|[from] item: Leftovers\n|upkeep\n|\n|t:|1699998650\n|switch|p1a: Kingambit|Kingambit, M|66\/100 brn\n|-activate|p1a: Kingambit|ability: Supreme Overlord\n|-start|p1a: Kingambit|fallen5|[silent]\n|turn|102\n|inactive|mint yerb has 30 seconds left.\n|\n|t:|1699998668\n|move|p1a: Kingambit|Kowtow Cleave|p2a: Clefable\n|-damage|p2a: Clefable|61\/100 tox\n|move|p2a: Clefable|Knock Off|p1a: Kingambit\n|-resisted|p1a: Kingambit\n|-damage|p1a: Kingambit|59\/100 brn\n|-enditem|p1a: Kingambit|Heavy-Duty Boots|[from] move: Knock Off|[of] p2a: Clefable\n|\n|-heal|p2a: Clefable|67\/100 tox|[from] item: Leftovers\n|-damage|p1a: Kingambit|53\/100 brn|[from] brn\n|upkeep\n|turn|103\n|inactive|mint yerb has 30 seconds left this turn.\n|inactive|milkcoffee21 has 30 seconds left.\n|\n|t:|1699998690\n|move|p1a: Kingambit|Swords Dance|p1a: Kingambit\n|-boost|p1a: Kingambit|atk|2\n|move|p2a: Clefable|Encore|p1a: Kingambit\n|-start|p1a: Kingambit|Encore\n|\n|-heal|p2a: Clefable|73\/100 tox|[from] item: Leftovers\n|-damage|p1a: Kingambit|47\/100 brn|[from] brn\n|upkeep\n|turn|104\n|inactive|mint yerb has 30 seconds left this turn.\n|inactive|milkcoffee21 has 30 seconds left this turn.\n|\n|t:|1699998696\n|move|p1a: Kingambit|Swords Dance|p1a: Kingambit\n|-boost|p1a: Kingambit|atk|2\n|move|p2a: Clefable|Knock Off|p1a: Kingambit\n|-resisted|p1a: Kingambit\n|-damage|p1a: Kingambit|42\/100 brn\n|\n|-heal|p2a: Clefable|79\/100 tox|[from] item: Leftovers\n|-damage|p1a: Kingambit|36\/100 brn|[from] brn\n|upkeep\n|turn|105\n|inactive|mint yerb has 30 seconds left this turn.\n|inactive|milkcoffee21 has 30 seconds left this turn.\n|\n|t:|1699998699\n|move|p1a: Kingambit|Swords Dance|p1a: Kingambit\n|-boost|p1a: Kingambit|atk|2\n|move|p2a: Clefable|Knock Off|p1a: Kingambit\n|-resisted|p1a: Kingambit\n|-damage|p1a: Kingambit|32\/100 brn\n|\n|-heal|p2a: Clefable|85\/100 tox|[from] item: Leftovers\n|-damage|p1a: Kingambit|26\/100 brn|[from] brn\n|upkeep\n|turn|106\n|\n|t:|1699998703\n|move|p1a: Kingambit|Swords Dance|p1a: Kingambit\n|-boost|p1a: Kingambit|atk|0\n|move|p2a: Clefable|Knock Off|p1a: Kingambit\n|-resisted|p1a: Kingambit\n|-damage|p1a: Kingambit|22\/100 brn\n|\n|-heal|p2a: Clefable|91\/100 tox|[from] item: Leftovers\n|-damage|p1a: Kingambit|15\/100 brn|[from] brn\n|-end|p1a: Kingambit|Encore\n|upkeep\n|turn|107\n|inactive|milkcoffee21 has 30 seconds left.\n|\n|t:|1699998721\n|move|p1a: Kingambit|Kowtow Cleave|p2a: Clefable\n|-damage|p2a: Clefable|0 fnt\n|faint|p2a: Clefable\n|\n|-damage|p1a: Kingambit|9\/100 brn|[from] brn\n|upkeep\n|inactive|milkcoffee21 has 30 seconds left this turn.\n|\n|t:|1699998724\n|switch|p2a: Blissey|Blissey, F|92\/100\n|turn|108\n|\n|t:|1699998731\n|move|p1a: Kingambit|Kowtow Cleave|p2a: Blissey\n|-damage|p2a: Blissey|0 fnt\n|faint|p2a: Blissey\n|\n|win|mint yerb\n|raw|mint yerb's rating: 1548 &rarr; <strong>1573<\/strong><br \/>(+25 for winning)\n|raw|milkcoffee21's rating: 1632 &rarr; <strong>1607<\/strong><br \/>(-25 for losing)\n|l|\u2606milkcoffee21\n","uploadtime":1699998761,"views":16,"p1id":"mintyerb","p2id":"milkcoffee21","formatid":"gen9ou","rating":1573,"private":0,"password":""}