{"id":"gen9ou-2000528320","p1":"Trainer Lore","p2":"Essayemm","format":"[Gen 9] OU","log":"|j|\u2606Trainer Lore\n|j|\u2606Essayemm\n|t:|1701202474\n|gametype|singles\n|player|p1|Trainer Lore|veteranf|1274\n|player|p2|Essayemm|backpacker|1361\n|teamsize|p1|6\n|teamsize|p2|6\n|gen|9\n|tier|[Gen 9] OU\n|rated|\n|rule|Sleep Clause Mod: Limit one foe put to sleep\n|rule|Species Clause: Limit one of each Pok\u00e9mon\n|rule|OHKO Clause: OHKO moves are banned\n|rule|Evasion Items Clause: Evasion items are banned\n|rule|Evasion Moves Clause: Evasion moves are banned\n|rule|Endless Battle Clause: Forcing endless battles is banned\n|rule|HP Percentage Mod: HP is shown in percentages\n|clearpoke\n|poke|p1|Manaphy|\n|poke|p1|Kingambit, F|\n|poke|p1|Ribombee, F|\n|poke|p1|Gholdengo|\n|poke|p1|Iron Moth|\n|poke|p1|Ogerpon-Wellspring, F|\n|poke|p2|Ninetales-Alola, F|\n|poke|p2|Ogerpon-Wellspring, F|\n|poke|p2|Great Tusk|\n|poke|p2|Ceruledge, F|\n|poke|p2|Clefable, F|\n|poke|p2|Sandy Shocks|\n|teampreview\n|inactive|Battle timer is ON: inactive players will automatically lose when time's up. (requested by Trainer Lore)\n|\n|t:|1701202486\n|start\n|switch|p1a: Twinkie|Ribombee, F|100\/100\n|switch|p2a: Ninetales|Ninetales-Alola, F|100\/100\n|-weather|Snow|[from] ability: Snow Warning|[of] p2a: Ninetales\n|turn|1\n|\n|t:|1701202493\n|move|p1a: Twinkie|Sticky Web|p2a: Ninetales\n|-sidestart|p2: Essayemm|move: Sticky Web\n|move|p2a: Ninetales|Aurora Veil|p2a: Ninetales\n|-sidestart|p2: Essayemm|move: Aurora Veil\n|\n|-weather|Snow|[upkeep]\n|upkeep\n|turn|2\n|\n|t:|1701202498\n|switch|p2a: Great Tusk|Great Tusk|100\/100\n|-activate|p2a: Great Tusk|move: Sticky Web\n|-unboost|p2a: Great Tusk|spe|1\n|move|p1a: Twinkie|Stun Spore|p2a: Great Tusk\n|-status|p2a: Great Tusk|par\n|\n|-weather|Snow|[upkeep]\n|upkeep\n|turn|3\n|\n|t:|1701202506\n|move|p1a: Twinkie|Moonblast|p2a: Great Tusk\n|-supereffective|p2a: Great Tusk\n|-damage|p2a: Great Tusk|50\/100 par\n|move|p2a: Great Tusk|Rapid Spin|p1a: Twinkie\n|-damage|p1a: Twinkie|72\/100\n|-boost|p2a: Great Tusk|spe|1\n|-sideend|p2: Essayemm|Sticky Web|[from] move: Rapid Spin|[of] p2a: Great Tusk\n|\n|-weather|Snow|[upkeep]\n|-heal|p2a: Great Tusk|57\/100 par|[from] item: Leftovers\n|upkeep\n|turn|4\n|\n|t:|1701202517\n|-end|p2a: Great Tusk|Protosynthesis|[silent]\n|switch|p2a: Ceruledge|Ceruledge, F|100\/100\n|move|p1a: Twinkie|Moonblast|p2a: Ceruledge\n|-resisted|p2a: Ceruledge\n|-damage|p2a: Ceruledge|88\/100\n|\n|-weather|Snow|[upkeep]\n|upkeep\n|turn|5\n|\n|t:|1701202531\n|switch|p1a: Squishy|Manaphy|100\/100\n|move|p2a: Ceruledge|Swords Dance|p2a: Ceruledge\n|-boost|p2a: Ceruledge|atk|2\n|\n|-weather|none\n|upkeep\n|turn|6\n|\n|t:|1701202537\n|move|p1a: Squishy|Surf|p2a: Ceruledge\n|-supereffective|p2a: Ceruledge\n|-damage|p2a: Ceruledge|41\/100\n|-enditem|p2a: Ceruledge|Weakness Policy\n|-boost|p2a: Ceruledge|atk|2|[from] item: Weakness Policy\n|-boost|p2a: Ceruledge|spa|2|[from] item: Weakness Policy\n|move|p2a: Ceruledge|Close Combat|p1a: Squishy\n|-damage|p1a: Squishy|0 fnt\n|-unboost|p2a: Ceruledge|def|1\n|-unboost|p2a: Ceruledge|spd|1\n|faint|p1a: Squishy\n|\n|upkeep\n|\n|t:|1701202546\n|switch|p1a: Death moth|Iron Moth|100\/100\n|-enditem|p1a: Death moth|Booster Energy\n|-activate|p1a: Death moth|ability: Quark Drive|[fromitem]\n|-start|p1a: Death moth|quarkdrivespe\n|turn|7\n|\n|t:|1701202553\n|move|p2a: Ceruledge|Shadow Sneak|p1a: Death moth\n|-damage|p1a: Death moth|8\/100\n|move|p1a: Death moth|Psychic|p2a: Ceruledge\n|-damage|p2a: Ceruledge|16\/100\n|\n|upkeep\n|turn|8\n|\n|t:|1701202558\n|move|p2a: Ceruledge|Shadow Sneak|p1a: Death moth\n|-damage|p1a: Death moth|0 fnt\n|faint|p1a: Death moth\n|-end|p1a: Death moth|Quark Drive|[silent]\n|\n|-sideend|p2: Essayemm|move: Aurora Veil\n|upkeep\n|\n|t:|1701202560\n|switch|p1a: Endgame|Kingambit, F|100\/100\n|-activate|p1a: Endgame|ability: Supreme Overlord\n|-start|p1a: Endgame|fallen2|[silent]\n|turn|9\n|\n|t:|1701202563\n|move|p2a: Ceruledge|Bitter Blade|p1a: Endgame\n|-supereffective|p1a: Endgame\n|-damage|p1a: Endgame|0 fnt\n|-heal|p2a: Ceruledge|74\/100|[from] drain|[of] p1a: Endgame\n|faint|p1a: Endgame\n|-end|p1a: Endgame|fallen2|[silent]\n|\n|upkeep\n|\n|t:|1701202569\n|switch|p1a: Ficello|Gholdengo|100\/100\n|-item|p1a: Ficello|Air Balloon\n|turn|10\n|\n|t:|1701202571\n|move|p2a: Ceruledge|Shadow Sneak|p1a: Ficello\n|-supereffective|p1a: Ficello\n|-damage|p1a: Ficello|0 fnt\n|-enditem|p1a: Ficello|Air Balloon\n|faint|p1a: Ficello\n|\n|upkeep\n|\n|t:|1701202573\n|switch|p1a: Kaya|Ogerpon-Wellspring, F|100\/100\n|turn|11\n|\n|t:|1701202577\n|-terastallize|p1a: Kaya|Water\n|detailschange|p1a: Kaya|Ogerpon-Wellspring-Tera, F, tera:Water\n|-ability|p1a: Kaya|Embody Aspect (Wellspring)|boost\n|-boost|p1a: Kaya|spd|1\n|move|p2a: Ceruledge|Shadow Sneak|p1a: Kaya\n|-damage|p1a: Kaya|14\/100\n|move|p1a: Kaya|Ivy Cudgel|p2a: Ceruledge|[anim] Ivy Cudgel Water\n|-supereffective|p2a: Ceruledge\n|-damage|p2a: Ceruledge|0 fnt\n|faint|p2a: Ceruledge\n|\n|upkeep\n|\n|t:|1701202594\n|switch|p2a: Ninetales|Ninetales-Alola, F|100\/100\n|-weather|Snow|[from] ability: Snow Warning|[of] p2a: Ninetales\n|turn|12\n|\n|t:|1701202598\n|move|p1a: Kaya|Power Whip|p2a: Ninetales\n|-damage|p2a: Ninetales|47\/100\n|move|p2a: Ninetales|Aurora Veil|p2a: Ninetales\n|-sidestart|p2: Essayemm|move: Aurora Veil\n|\n|-weather|Snow|[upkeep]\n|upkeep\n|turn|13\n|\n|t:|1701202602\n|move|p1a: Kaya|Ivy Cudgel|p2a: Ninetales|[anim] Ivy Cudgel Water\n|-damage|p2a: Ninetales|14\/100\n|move|p2a: Ninetales|Freeze-Dry|p1a: Kaya\n|-supereffective|p1a: Kaya\n|-crit|p1a: Kaya\n|-damage|p1a: Kaya|0 fnt\n|faint|p1a: Kaya\n|\n|-weather|Snow|[upkeep]\n|upkeep\n|\n|t:|1701202604\n|switch|p1a: Twinkie|Ribombee, F|72\/100\n|turn|14\n|\n|t:|1701202609\n|move|p1a: Twinkie|Moonblast|p2a: Ninetales\n|-damage|p2a: Ninetales|0 fnt\n|faint|p2a: Ninetales\n|\n|-weather|Snow|[upkeep]\n|upkeep\n|\n|t:|1701202615\n|switch|p2a: Sandy Shocks|Sandy Shocks|100\/100\n|turn|15\n|\n|t:|1701202619\n|-terastallize|p2a: Sandy Shocks|Electric\n|move|p1a: Twinkie|Moonblast|p2a: Sandy Shocks\n|-damage|p2a: Sandy Shocks|77\/100\n|move|p2a: Sandy Shocks|Thunderbolt|p1a: Twinkie\n|-damage|p1a: Twinkie|0 fnt\n|faint|p1a: Twinkie\n|\n|win|Essayemm\n|raw|Trainer Lore's rating: 1274 &rarr; <strong>1255<\/strong><br \/>(-19 for losing)\n|raw|Essayemm's rating: 1361 &rarr; <strong>1376<\/strong><br \/>(+15 for winning)\n|l|\u2606Trainer Lore\n|c|\u2606Essayemm|Gg\n","uploadtime":1701202633,"views":8,"p1id":"trainerlore","p2id":"essayemm","formatid":"gen9ou","rating":1255,"private":0,"password":""}