{"id":"gen9ou-1994422969","p1":"thodoras edition","p2":"ratiogod64","format":"[Gen 9] OU","log":"|j|\u2606thodoras edition\n|j|\u2606ratiogod64\n|t:|1700442233\n|gametype|singles\n|player|p1|thodoras edition|lucas|1599\n|player|p2|ratiogod64|waitress-gen4|1564\n|teamsize|p1|6\n|teamsize|p2|6\n|gen|9\n|tier|[Gen 9] OU\n|rated|\n|rule|Sleep Clause Mod: Limit one foe put to sleep\n|rule|Species Clause: Limit one of each Pok\u00e9mon\n|rule|OHKO Clause: OHKO moves are banned\n|rule|Evasion Items Clause: Evasion items are banned\n|rule|Evasion Moves Clause: Evasion moves are banned\n|rule|Endless Battle Clause: Forcing endless battles is banned\n|rule|HP Percentage Mod: HP is shown in percentages\n|clearpoke\n|poke|p1|Clefable, F|\n|poke|p1|Zamazenta-*|\n|poke|p1|Milotic, F|\n|poke|p1|Amoonguss, M|\n|poke|p1|Skeledirge, M|\n|poke|p1|Dragapult, F|\n|poke|p2|Rillaboom, M|\n|poke|p2|Sneasler, F|\n|poke|p2|Zamazenta-*|\n|poke|p2|Manaphy|\n|poke|p2|Heatran, M|\n|poke|p2|Hatterene, F|\n|teampreview\n|inactive|Battle timer is ON: inactive players will automatically lose when time's up. (requested by ratiogod64)\n|c|\u2606ratiogod64|not playin for 2 days gmfu\n|\n|t:|1700442271\n|start\n|switch|p1a: Dragapult|Dragapult, F|100\/100\n|switch|p2a: Heatran|Heatran, M|100\/100\n|-item|p2a: Heatran|Air Balloon\n|turn|1\n|\n|t:|1700442286\n|move|p1a: Dragapult|U-turn|p2a: Heatran\n|-resisted|p2a: Heatran\n|-damage|p2a: Heatran|92\/100\n|-enditem|p2a: Heatran|Air Balloon\n|\n|t:|1700442288\n|switch|p1a: Milotic|Milotic, F|100\/100|[from] U-turn\n|move|p2a: Heatran|Will-O-Wisp|p1a: Milotic\n|-status|p1a: Milotic|brn\n|\n|-damage|p1a: Milotic|94\/100 brn|[from] brn\n|upkeep\n|turn|2\n|\n|t:|1700442293\n|switch|p2a: Rillaboom|Rillaboom, M|100\/100\n|-fieldstart|move: Grassy Terrain|[from] ability: Grassy Surge|[of] p2a: Rillaboom\n|move|p1a: Milotic|Scald|p2a: Rillaboom\n|-resisted|p2a: Rillaboom\n|-damage|p2a: Rillaboom|83\/100\n|-status|p2a: Rillaboom|brn\n|\n|-heal|p2a: Rillaboom|89\/100 brn|[from] Grassy Terrain\n|-heal|p1a: Milotic|100\/100 brn|[from] Grassy Terrain\n|-damage|p2a: Rillaboom|83\/100 brn|[from] brn\n|-damage|p1a: Milotic|94\/100 brn|[from] brn\n|upkeep\n|turn|3\n|inactive|thodoras edition has 120 seconds left.\n|\n|t:|1700442324\n|switch|p1a: Amoonguss|Amoonguss, M|100\/100\n|move|p2a: Rillaboom|U-turn|p1a: Amoonguss\n|-damage|p1a: Amoonguss|85\/100\n|\n|t:|1700442350\n|switch|p2a: Sneasler|Sneasler, F|100\/100|[from] U-turn\n|-enditem|p2a: Sneasler|Grassy Seed\n|-boost|p2a: Sneasler|def|1|[from] item: Grassy Seed\n|\n|-heal|p1a: Amoonguss|91\/100|[from] Grassy Terrain\n|upkeep\n|turn|4\n|\n|t:|1700442357\n|move|p2a: Sneasler|Swords Dance|p2a: Sneasler\n|-boost|p2a: Sneasler|atk|2\n|move|p1a: Amoonguss|Spore|p2a: Sneasler\n|-status|p2a: Sneasler|slp|[from] move: Spore\n|\n|-heal|p1a: Amoonguss|97\/100|[from] Grassy Terrain\n|upkeep\n|turn|5\n|c|\u2606ratiogod64|wasnt posion immune tf\n|c|\u2606ratiogod64|istg it was befire\n|\n|t:|1700442372\n|cant|p2a: Sneasler|slp\n|move|p1a: Amoonguss|Clear Smog|p2a: Sneasler\n|-resisted|p2a: Sneasler\n|-damage|p2a: Sneasler|91\/100 slp\n|-clearboost|p2a: Sneasler\n|\n|-heal|p2a: Sneasler|97\/100 slp|[from] Grassy Terrain\n|-heal|p1a: Amoonguss|100\/100|[from] Grassy Terrain\n|upkeep\n|turn|6\n|\n|t:|1700442392\n|switch|p1a: Milotic|Milotic, F|94\/100 brn\n|cant|p2a: Sneasler|slp\n|\n|-heal|p2a: Sneasler|100\/100 slp|[from] Grassy Terrain\n|-heal|p1a: Milotic|100\/100 brn|[from] Grassy Terrain\n|-damage|p1a: Milotic|94\/100 brn|[from] brn\n|-fieldend|move: Grassy Terrain\n|upkeep\n|turn|7\n|\n|t:|1700442400\n|cant|p2a: Sneasler|slp\n|move|p1a: Milotic|Scald|p2a: Sneasler\n|-crit|p2a: Sneasler\n|-damage|p2a: Sneasler|54\/100 slp\n|\n|-damage|p1a: Milotic|88\/100 brn|[from] brn\n|upkeep\n|turn|8\n|\n|t:|1700442405\n|-curestatus|p2a: Sneasler|slp|[msg]\n|move|p2a: Sneasler|Swords Dance|p2a: Sneasler\n|-boost|p2a: Sneasler|atk|2\n|move|p1a: Milotic|Scald|p2a: Sneasler\n|-damage|p2a: Sneasler|20\/100\n|\n|-damage|p1a: Milotic|82\/100 brn|[from] brn\n|upkeep\n|turn|9\n|\n|t:|1700442409\n|move|p2a: Sneasler|Dire Claw|p1a: Milotic\n|-damage|p1a: Milotic|13\/100 brn\n|move|p1a: Milotic|Scald|p2a: Sneasler\n|-damage|p2a: Sneasler|0 fnt\n|faint|p2a: Sneasler\n|\n|-damage|p1a: Milotic|7\/100 brn|[from] brn\n|upkeep\n|c|\u2606ratiogod64|Im done\n|c|\u2606ratiogod64|kms u win\n|-message|ratiogod64 forfeited.\n|\n|win|thodoras edition\n|raw|thodoras edition's rating: 1599 &rarr; <strong>1617<\/strong><br \/>(+18 for winning)\n|raw|ratiogod64's rating: 1564 &rarr; <strong>1546<\/strong><br \/>(-18 for losing)\n|l|\u2606ratiogod64\n|l|\u2606thodoras edition\n","uploadtime":1700442485,"views":10,"p1id":"thodorasedition","p2id":"ratiogod64","formatid":"gen9ou","rating":1546,"private":0,"password":""}