{"id":"gen9ou-1992450773","p1":"Theimpactassault","p2":"testteambill","format":"[Gen 9] OU","log":"|j|\u2606Theimpactassault\n|j|\u2606testteambill\n|t:|1700189113\n|gametype|singles\n|player|p1|Theimpactassault|hilda|1322\n|player|p2|testteambill|102|1287\n|teamsize|p1|6\n|teamsize|p2|6\n|gen|9\n|tier|[Gen 9] OU\n|rated|\n|rule|Sleep Clause Mod: Limit one foe put to sleep\n|rule|Species Clause: Limit one of each Pok\u00e9mon\n|rule|OHKO Clause: OHKO moves are banned\n|rule|Evasion Items Clause: Evasion items are banned\n|rule|Evasion Moves Clause: Evasion moves are banned\n|rule|Endless Battle Clause: Forcing endless battles is banned\n|rule|HP Percentage Mod: HP is shown in percentages\n|clearpoke\n|poke|p1|Samurott-Hisui, M|\n|poke|p1|Arcanine-Hisui, F|\n|poke|p1|Corviknight, F|\n|poke|p1|Clodsire, M|\n|poke|p1|Forretress, M|\n|poke|p1|Meowscarada, F|\n|poke|p2|Barraskewda, M|\n|poke|p2|Kilowattrel, M|\n|poke|p2|Talonflame, F|\n|poke|p2|Ceruledge, M|\n|poke|p2|Alomomola, F|\n|poke|p2|Morpeko, F|\n|teampreview\n|\n|t:|1700189123\n|start\n|switch|p1a: Meowscarada|Meowscarada, F|100\/100\n|switch|p2a: Barraskewda|Barraskewda, M, shiny|100\/100\n|turn|1\n|\n|t:|1700189134\n|move|p1a: Meowscarada|U-turn|p2a: Barraskewda\n|-start|p1a: Meowscarada|typechange|Bug|[from] ability: Protean\n|-damage|p2a: Barraskewda|33\/100\n|\n|t:|1700189137\n|switch|p1a: Forretress|Forretress, M|100\/100|[from] U-turn\n|move|p2a: Barraskewda|Close Combat|p1a: Forretress\n|-damage|p1a: Forretress|77\/100\n|-unboost|p2a: Barraskewda|def|1\n|-unboost|p2a: Barraskewda|spd|1\n|\n|upkeep\n|turn|2\n|inactive|Battle timer is ON: inactive players will automatically lose when time's up. (requested by Theimpactassault)\n|\n|t:|1700189153\n|switch|p2a: Morpeko|Morpeko, F|100\/100\n|move|p1a: Forretress|Stealth Rock|p2a: Morpeko\n|-sidestart|p2: testteambill|move: Stealth Rock\n|\n|-formechange|p2a: Morpeko|Morpeko-Hangry||[from] ability: Hunger Switch\n|upkeep\n|turn|3\n|\n|t:|1700189156\n|move|p2a: Morpeko|Swagger|p1a: Forretress\n|-boost|p1a: Forretress|atk|2\n|-enditem|p2a: Morpeko|Mirror Herb\n|-boost|p2a: Morpeko|atk|2|[from] item: Mirror Herb\n|-start|p1a: Forretress|confusion\n|-activate|p1a: Forretress|confusion\n|move|p1a: Forretress|Body Press|p2a: Morpeko\n|-supereffective|p2a: Morpeko\n|-damage|p2a: Morpeko|0 fnt\n|faint|p2a: Morpeko\n|\n|upkeep\n|\n|t:|1700189162\n|switch|p2a: Talonflame|Talonflame, F|100\/100\n|turn|4\n|\n|t:|1700189166\n|switch|p1a: Arcanine|Arcanine-Hisui, F|100\/100\n|move|p2a: Talonflame|Fire Spin|p1a: Arcanine\n|-resisted|p1a: Arcanine\n|-damage|p1a: Arcanine|98\/100\n|-activate|p1a: Arcanine|move: Fire Spin|[of] p2a: Talonflame\n|\n|-damage|p1a: Arcanine|85\/100|[from] move: Fire Spin|[partiallytrapped]\n|upkeep\n|turn|5\n|\n|t:|1700189173\n|switch|p2a: Alomomola|Alomomola, F|100\/100\n|-damage|p2a: Alomomola|88\/100|[from] Stealth Rock\n|move|p1a: Arcanine|Head Smash|p2a: Alomomola\n|-damage|p2a: Alomomola|49\/100\n|\n|-end|p1a: Arcanine|Fire Spin|[partiallytrapped]|[silent]\n|upkeep\n|turn|6\n|\n|t:|1700189181\n|switch|p1a: Clodsire|Clodsire, M|100\/100\n|move|p2a: Alomomola|Flip Turn|p1a: Clodsire\n|-immune|p1a: Clodsire|[from] ability: Water Absorb\n|\n|upkeep\n|turn|7\n|\n|t:|1700189185\n|move|p2a: Alomomola|Protect|p2a: Alomomola\n|-singleturn|p2a: Alomomola|Protect\n|move|p1a: Clodsire|Toxic|p2a: Alomomola\n|-activate|p2a: Alomomola|move: Protect\n|\n|upkeep\n|turn|8\n|\n|t:|1700189195\n|move|p2a: Alomomola|Wish|p2a: Alomomola\n|move|p1a: Clodsire|Toxic|p2a: Alomomola\n|-status|p2a: Alomomola|tox\n|\n|-damage|p2a: Alomomola|43\/100 tox|[from] psn\n|upkeep\n|turn|9\n|\n|t:|1700189201\n|switch|p2a: Barraskewda|Barraskewda, M, shiny|33\/100\n|-damage|p2a: Barraskewda|21\/100|[from] Stealth Rock\n|move|p1a: Clodsire|Toxic|p2a: Barraskewda\n|-status|p2a: Barraskewda|tox\n|\n|-heal|p2a: Barraskewda|100\/100 tox|[from] move: Wish|[wisher] Alomomola\n|-damage|p2a: Barraskewda|94\/100 tox|[from] psn\n|upkeep\n|turn|10\n|-message|testteambill forfeited.\n|\n|win|Theimpactassault\n|raw|Theimpactassault's rating: 1322 &rarr; <strong>1340<\/strong><br \/>(+18 for winning)\n|raw|testteambill's rating: 1287 &rarr; <strong>1265<\/strong><br \/>(-22 for losing)\n|l|\u2606testteambill\n","uploadtime":1700189212,"views":7,"p1id":"theimpactassault","p2id":"testteambill","formatid":"gen9ou","rating":1265,"private":0,"password":""}