{"id":"gen9ou-1992194953","p1":"jexiar\u30c3","p2":"Mega Langas","format":"[Gen 9] OU","log":"|j|\u2606jexiar\u30c3\n|j|\u2606Mega Langas\n|t:|1700162864\n|gametype|singles\n|player|p1|jexiar\u30c3|li|1000\n|player|p2|Mega Langas|169|1070\n|teamsize|p1|6\n|teamsize|p2|6\n|gen|9\n|tier|[Gen 9] OU\n|rated|\n|rule|Sleep Clause Mod: Limit one foe put to sleep\n|rule|Species Clause: Limit one of each Pok\u00e9mon\n|rule|OHKO Clause: OHKO moves are banned\n|rule|Evasion Items Clause: Evasion items are banned\n|rule|Evasion Moves Clause: Evasion moves are banned\n|rule|Endless Battle Clause: Forcing endless battles is banned\n|rule|HP Percentage Mod: HP is shown in percentages\n|clearpoke\n|poke|p1|Heatran, M|\n|poke|p1|Hoopa-Unbound|\n|poke|p1|Inteleon, F|\n|poke|p1|Zapdos|\n|poke|p1|Great Tusk|\n|poke|p1|Walking Wake|\n|poke|p2|Garganacl, F|\n|poke|p2|Clodsire, M|\n|poke|p2|Alomomola, M|\n|poke|p2|Corviknight, F|\n|poke|p2|Toxapex, F|\n|poke|p2|Gholdengo|\n|teampreview\n|inactive|Battle timer is ON: inactive players will automatically lose when time's up. (requested by jexiar\u30c3)\n|\n|t:|1700162879\n|start\n|switch|p1a: Great Tusk|Great Tusk|100\/100\n|switch|p2a: Toxapex|Toxapex, F|100\/100\n|turn|1\n|\n|t:|1700162885\n|switch|p2a: Corviknight|Corviknight, F|100\/100\n|-ability|p2a: Corviknight|Pressure\n|move|p1a: Great Tusk|Knock Off|p2a: Corviknight\n|-damage|p2a: Corviknight|85\/100\n|-damage|p1a: Great Tusk|84\/100|[from] item: Rocky Helmet|[of] p2a: Corviknight\n|-enditem|p2a: Corviknight|Rocky Helmet|[from] move: Knock Off|[of] p1a: Great Tusk\n|\n|-heal|p1a: Great Tusk|90\/100|[from] item: Leftovers\n|upkeep\n|turn|2\n|\n|t:|1700162895\n|move|p1a: Great Tusk|Bulk Up|p1a: Great Tusk\n|-boost|p1a: Great Tusk|atk|1\n|-boost|p1a: Great Tusk|def|1\n|move|p2a: Corviknight|Body Press|p1a: Great Tusk\n|-damage|p1a: Great Tusk|81\/100\n|\n|-heal|p1a: Great Tusk|87\/100|[from] item: Leftovers\n|upkeep\n|turn|3\n|\n|t:|1700162904\n|move|p1a: Great Tusk|Knock Off|p2a: Corviknight\n|-damage|p2a: Corviknight|68\/100\n|move|p2a: Corviknight|U-turn|p1a: Great Tusk\n|-resisted|p1a: Great Tusk\n|-crit|p1a: Great Tusk\n|-damage|p1a: Great Tusk|82\/100\n|\n|t:|1700162907\n|switch|p2a: Alomomola|Alomomola, M|100\/100|[from] U-turn\n|\n|-heal|p1a: Great Tusk|88\/100|[from] item: Leftovers\n|upkeep\n|turn|4\n|\n|t:|1700162915\n|move|p1a: Great Tusk|Knock Off|p2a: Alomomola\n|-damage|p2a: Alomomola|77\/100\n|-enditem|p2a: Alomomola|Heavy-Duty Boots|[from] move: Knock Off|[of] p1a: Great Tusk\n|move|p2a: Alomomola|Whirlpool|p1a: Great Tusk\n|-supereffective|p1a: Great Tusk\n|-damage|p1a: Great Tusk|73\/100\n|-activate|p1a: Great Tusk|move: Whirlpool|[of] p2a: Alomomola\n|\n|-heal|p1a: Great Tusk|79\/100|[from] item: Leftovers\n|-damage|p1a: Great Tusk|67\/100|[from] move: Whirlpool|[partiallytrapped]\n|upkeep\n|turn|5\n|\n|t:|1700162924\n|move|p1a: Great Tusk|Earthquake|p2a: Alomomola\n|-damage|p2a: Alomomola|39\/100\n|move|p2a: Alomomola|Wish|p2a: Alomomola\n|\n|-heal|p1a: Great Tusk|73\/100|[from] item: Leftovers\n|-damage|p1a: Great Tusk|61\/100|[from] move: Whirlpool|[partiallytrapped]\n|upkeep\n|turn|6\n|\n|t:|1700162930\n|move|p2a: Alomomola|Protect|p2a: Alomomola\n|-singleturn|p2a: Alomomola|Protect\n|move|p1a: Great Tusk|Rapid Spin|p2a: Alomomola\n|-activate|p2a: Alomomola|move: Protect\n|\n|-heal|p2a: Alomomola|89\/100|[from] move: Wish|[wisher] Alomomola\n|-heal|p1a: Great Tusk|67\/100|[from] item: Leftovers\n|-damage|p1a: Great Tusk|54\/100|[from] move: Whirlpool|[partiallytrapped]\n|upkeep\n|turn|7\n|\n|t:|1700162935\n|move|p1a: Great Tusk|Earthquake|p2a: Alomomola\n|-damage|p2a: Alomomola|56\/100\n|move|p2a: Alomomola|Chilling Water|p1a: Great Tusk\n|-supereffective|p1a: Great Tusk\n|-damage|p1a: Great Tusk|32\/100\n|-unboost|p1a: Great Tusk|atk|1\n|\n|-heal|p1a: Great Tusk|39\/100|[from] item: Leftovers\n|-damage|p1a: Great Tusk|26\/100|[from] move: Whirlpool|[partiallytrapped]\n|upkeep\n|turn|8\n|\n|t:|1700162940\n|move|p1a: Great Tusk|Rapid Spin|p2a: Alomomola\n|-damage|p2a: Alomomola|47\/100\n|-boost|p1a: Great Tusk|spe|1\n|-end|p1a: Great Tusk|Whirlpool|[partiallytrapped]\n|move|p2a: Alomomola|Chilling Water|p1a: Great Tusk\n|-supereffective|p1a: Great Tusk\n|-damage|p1a: Great Tusk|5\/100\n|-unboost|p1a: Great Tusk|atk|1\n|\n|-heal|p1a: Great Tusk|12\/100|[from] item: Leftovers\n|upkeep\n|turn|9\n|\n|t:|1700162947\n|-end|p1a: Great Tusk|Protosynthesis|[silent]\n|switch|p1a: Zapdos|Zapdos|100\/100\n|move|p2a: Alomomola|Wish|p2a: Alomomola\n|\n|upkeep\n|turn|10\n|\n|t:|1700162959\n|move|p2a: Alomomola|Protect|p2a: Alomomola\n|-singleturn|p2a: Alomomola|Protect\n|move|p1a: Zapdos|Volt Switch|p2a: Alomomola\n|-activate|p2a: Alomomola|move: Protect\n|\n|-heal|p2a: Alomomola|97\/100|[from] move: Wish|[wisher] Alomomola\n|upkeep\n|turn|11\n|\n|t:|1700162981\n|switch|p1a: Great Tusk|Great Tusk|12\/100\n|switch|p2a: Clodsire|Clodsire, M|100\/100\n|\n|-heal|p1a: Great Tusk|18\/100|[from] item: Leftovers\n|upkeep\n|turn|12\n|\n|t:|1700162987\n|move|p1a: Great Tusk|Knock Off|p2a: Clodsire\n|-damage|p2a: Clodsire|67\/100\n|-enditem|p2a: Clodsire|Heavy-Duty Boots|[from] move: Knock Off|[of] p1a: Great Tusk\n|move|p2a: Clodsire|Earthquake|p1a: Great Tusk\n|-damage|p1a: Great Tusk|5\/100\n|\n|-heal|p1a: Great Tusk|11\/100|[from] item: Leftovers\n|upkeep\n|turn|13\n|\n|t:|1700162994\n|move|p1a: Great Tusk|Earthquake|p2a: Clodsire\n|-supereffective|p2a: Clodsire\n|-damage|p2a: Clodsire|0 fnt\n|faint|p2a: Clodsire\n|\n|-heal|p1a: Great Tusk|18\/100|[from] item: Leftovers\n|upkeep\n|\n|t:|1700162997\n|switch|p2a: Alomomola|Alomomola, M|100\/100\n|turn|14\n|\n|t:|1700163001\n|move|p1a: Great Tusk|Earthquake|p2a: Alomomola\n|-damage|p2a: Alomomola|78\/100\n|move|p2a: Alomomola|Whirlpool|p1a: Great Tusk\n|-supereffective|p1a: Great Tusk\n|-damage|p1a: Great Tusk|2\/100\n|-activate|p1a: Great Tusk|move: Whirlpool|[of] p2a: Alomomola\n|\n|-heal|p1a: Great Tusk|8\/100|[from] item: Leftovers\n|-damage|p1a: Great Tusk|0 fnt|[from] move: Whirlpool|[partiallytrapped]\n|faint|p1a: Great Tusk\n|-end|p1a: Great Tusk|Protosynthesis|[silent]\n|upkeep\n|\n|t:|1700163003\n|switch|p1a: Zapdos|Zapdos|100\/100\n|turn|15\n|\n|t:|1700163033\n|switch|p2a: Garganacl|Garganacl, F|100\/100\n|move|p1a: Zapdos|Volt Switch|p2a: Garganacl\n|-damage|p2a: Garganacl|82\/100\n|\n|t:|1700163050\n|switch|p1a: Walking Wake|Walking Wake|100\/100|[from] Volt Switch\n|\n|upkeep\n|turn|16\n|\n|t:|1700163063\n|-end|p1a: Walking Wake|Protosynthesis|[silent]\n|switch|p1a: Zapdos|Zapdos|100\/100\n|move|p2a: Garganacl|Salt Cure|p1a: Zapdos\n|-supereffective|p1a: Zapdos\n|-damage|p1a: Zapdos|77\/100\n|-start|p1a: Zapdos|Salt Cure\n|\n|-damage|p1a: Zapdos|64\/100|[from] Salt Cure\n|upkeep\n|turn|17\n|\n|t:|1700163068\n|move|p1a: Zapdos|Heat Wave|p2a: Garganacl\n|-resisted|p2a: Garganacl\n|-damage|p2a: Garganacl|74\/100\n|move|p2a: Garganacl|Iron Defense|p2a: Garganacl\n|-boost|p2a: Garganacl|def|2\n|\n|-damage|p1a: Zapdos|52\/100|[from] Salt Cure\n|upkeep\n|turn|18\n|\n|t:|1700163075\n|move|p1a: Zapdos|Volt Switch|p2a: Garganacl\n|-damage|p2a: Garganacl|54\/100\n|\n|t:|1700163083\n|switch|p1a: Inteleon|Inteleon, F, shiny|100\/100|[from] Volt Switch\n|move|p2a: Garganacl|Recover|p2a: Garganacl\n|-heal|p2a: Garganacl|100\/100\n|\n|upkeep\n|turn|19\n|\n|t:|1700163101\n|-terastallize|p1a: Inteleon|Water\n|move|p1a: Inteleon|Snipe Shot|p2a: Garganacl\n|-supereffective|p2a: Garganacl\n|-damage|p2a: Garganacl|35\/100\n|move|p2a: Garganacl|Salt Cure|p1a: Inteleon\n|-damage|p1a: Inteleon|77\/100\n|-start|p1a: Inteleon|Salt Cure\n|\n|-damage|p1a: Inteleon|52\/100|[from] Salt Cure\n|upkeep\n|turn|20\n|\n|t:|1700163109\n|move|p1a: Inteleon|Scald|p2a: Garganacl\n|-supereffective|p2a: Garganacl\n|-damage|p2a: Garganacl|0 fnt\n|faint|p2a: Garganacl\n|\n|-damage|p1a: Inteleon|27\/100|[from] Salt Cure\n|upkeep\n|\n|t:|1700163116\n|switch|p2a: Alomomola|Alomomola, M|100\/100\n|turn|21\n|\n|t:|1700163119\n|move|p1a: Inteleon|Scald|p2a: Alomomola\n|-resisted|p2a: Alomomola\n|-crit|p2a: Alomomola\n|-damage|p2a: Alomomola|26\/100\n|move|p2a: Alomomola|Whirlpool|p1a: Inteleon|[miss]\n|-miss|p2a: Alomomola|p1a: Inteleon\n|\n|-damage|p1a: Inteleon|2\/100|[from] Salt Cure\n|upkeep\n|turn|22\n|\n|t:|1700163125\n|move|p2a: Alomomola|Protect|p2a: Alomomola\n|-singleturn|p2a: Alomomola|Protect\n|move|p1a: Inteleon|Scald|p2a: Alomomola\n|-activate|p2a: Alomomola|move: Protect\n|\n|-damage|p1a: Inteleon|0 fnt|[from] Salt Cure\n|faint|p1a: Inteleon\n|upkeep\n|\n|t:|1700163128\n|switch|p1a: Zapdos|Zapdos|52\/100\n|turn|23\n|\n|t:|1700163139\n|switch|p2a: Gholdengo|Gholdengo|100\/100\n|-item|p2a: Gholdengo|Air Balloon\n|move|p1a: Zapdos|Volt Switch|p2a: Gholdengo\n|-damage|p2a: Gholdengo|67\/100\n|-enditem|p2a: Gholdengo|Air Balloon\n|\n|t:|1700163164\n|switch|p1a: Heatran|Heatran, M|100\/100|[from] Volt Switch\n|\n|upkeep\n|turn|24\n|\n|t:|1700163171\n|-terastallize|p2a: Gholdengo|Fighting\n|move|p2a: Gholdengo|Nasty Plot|p2a: Gholdengo\n|-boost|p2a: Gholdengo|spa|2\n|move|p1a: Heatran|Magma Storm|p2a: Gholdengo\n|-damage|p2a: Gholdengo|18\/100\n|-activate|p2a: Gholdengo|move: Magma Storm|[of] p1a: Heatran\n|\n|-damage|p2a: Gholdengo|6\/100|[from] move: Magma Storm|[partiallytrapped]\n|upkeep\n|turn|25\n|\n|t:|1700163180\n|switch|p1a: Hoopa|Hoopa-Unbound|100\/100\n|move|p2a: Gholdengo|Shadow Ball|p1a: Hoopa\n|-damage|p1a: Hoopa|25\/100\n|\n|-end|p2a: Gholdengo|Magma Storm|[partiallytrapped]|[silent]\n|upkeep\n|turn|26\n|\n|t:|1700163188\n|move|p1a: Hoopa|Drain Punch|p2a: Gholdengo\n|-damage|p2a: Gholdengo|0 fnt\n|-heal|p1a: Hoopa|28\/100|[from] drain|[of] p2a: Gholdengo\n|faint|p2a: Gholdengo\n|\n|upkeep\n|\n|t:|1700163193\n|switch|p2a: Corviknight|Corviknight, F|68\/100\n|-ability|p2a: Corviknight|Pressure\n|turn|27\n|\n|t:|1700163199\n|switch|p1a: Walking Wake|Walking Wake|100\/100\n|move|p2a: Corviknight|Body Press|p1a: Walking Wake\n|-damage|p1a: Walking Wake|70\/100\n|\n|upkeep\n|turn|28\n|\n|t:|1700163205\n|move|p1a: Walking Wake|Hydro Steam|p2a: Corviknight\n|-damage|p2a: Corviknight|27\/100\n|move|p2a: Corviknight|Roost|p2a: Corviknight\n|-heal|p2a: Corviknight|77\/100\n|-singleturn|p2a: Corviknight|move: Roost\n|\n|upkeep\n|turn|29\n|\n|t:|1700163213\n|switch|p2a: Alomomola|Alomomola, M|59\/100\n|move|p1a: Walking Wake|Flamethrower|p2a: Alomomola\n|-resisted|p2a: Alomomola\n|-damage|p2a: Alomomola|39\/100\n|\n|upkeep\n|turn|30\n|\n|t:|1700163218\n|move|p1a: Walking Wake|Dragon Pulse|p2a: Alomomola\n|-damage|p2a: Alomomola|0 fnt\n|faint|p2a: Alomomola\n|\n|upkeep\n|\n|t:|1700163221\n|switch|p2a: Toxapex|Toxapex, F|100\/100\n|turn|31\n|\n|t:|1700163229\n|move|p1a: Walking Wake|Dragon Pulse|p2a: Toxapex\n|-crit|p2a: Toxapex\n|-damage|p2a: Toxapex|48\/100\n|move|p2a: Toxapex|Toxic|p1a: Walking Wake\n|-status|p1a: Walking Wake|tox\n|\n|-heal|p2a: Toxapex|54\/100|[from] item: Leftovers\n|-damage|p1a: Walking Wake|64\/100 tox|[from] psn\n|upkeep\n|turn|32\n|\n|t:|1700163234\n|move|p1a: Walking Wake|Dragon Pulse|p2a: Toxapex\n|-damage|p2a: Toxapex|18\/100\n|move|p2a: Toxapex|Recover|p2a: Toxapex\n|-heal|p2a: Toxapex|68\/100\n|\n|-heal|p2a: Toxapex|75\/100|[from] item: Leftovers\n|-damage|p1a: Walking Wake|52\/100 tox|[from] psn\n|upkeep\n|turn|33\n|\n|t:|1700163237\n|move|p1a: Walking Wake|Flamethrower|p2a: Toxapex\n|-resisted|p2a: Toxapex\n|-damage|p2a: Toxapex|62\/100\n|move|p2a: Toxapex|Recover|p2a: Toxapex\n|-heal|p2a: Toxapex|100\/100\n|\n|-damage|p1a: Walking Wake|33\/100 tox|[from] psn\n|upkeep\n|turn|34\n|\n|t:|1700163255\n|move|p1a: Walking Wake|Dragon Pulse|p2a: Toxapex\n|-damage|p2a: Toxapex|63\/100\n|move|p2a: Toxapex|Chilling Water|p1a: Walking Wake\n|-resisted|p1a: Walking Wake\n|-damage|p1a: Walking Wake|30\/100 tox\n|-unboost|p1a: Walking Wake|atk|1\n|\n|-heal|p2a: Toxapex|69\/100|[from] item: Leftovers\n|-damage|p1a: Walking Wake|5\/100 tox|[from] psn\n|upkeep\n|turn|35\n|\n|t:|1700163260\n|move|p1a: Walking Wake|Draco Meteor|p2a: Toxapex\n|-damage|p2a: Toxapex|11\/100\n|-unboost|p1a: Walking Wake|spa|2\n|move|p2a: Toxapex|Recover|p2a: Toxapex\n|-heal|p2a: Toxapex|61\/100\n|\n|-heal|p2a: Toxapex|67\/100|[from] item: Leftovers\n|-damage|p1a: Walking Wake|0 fnt|[from] psn\n|faint|p1a: Walking Wake\n|-end|p1a: Walking Wake|Protosynthesis|[silent]\n|upkeep\n|\n|t:|1700163265\n|switch|p1a: Zapdos|Zapdos|52\/100\n|turn|36\n|\n|t:|1700163278\n|move|p1a: Zapdos|Volt Switch|p2a: Toxapex\n|-supereffective|p2a: Toxapex\n|-damage|p2a: Toxapex|19\/100\n|\n|t:|1700163281\n|switch|p1a: Heatran|Heatran, M|100\/100|[from] Volt Switch\n|move|p2a: Toxapex|Toxic|p1a: Heatran\n|-immune|p1a: Heatran\n|\n|-heal|p2a: Toxapex|25\/100|[from] item: Leftovers\n|upkeep\n|turn|37\n|\n|t:|1700163287\n|move|p1a: Heatran|Earth Power|p2a: Toxapex\n|-supereffective|p2a: Toxapex\n|-damage|p2a: Toxapex|0 fnt\n|faint|p2a: Toxapex\n|\n|upkeep\n|\n|t:|1700163289\n|switch|p2a: Corviknight|Corviknight, F|77\/100\n|-ability|p2a: Corviknight|Pressure\n|turn|38\n|\n|t:|1700163294\n|move|p1a: Heatran|Magma Storm|p2a: Corviknight|[miss]\n|-miss|p1a: Heatran|p2a: Corviknight\n|move|p2a: Corviknight|Body Press|p1a: Heatran\n|-supereffective|p1a: Heatran\n|-damage|p1a: Heatran|58\/100\n|\n|-heal|p1a: Heatran|64\/100|[from] item: Leftovers\n|upkeep\n|turn|39\n|\n|t:|1700163316\n|move|p1a: Heatran|Magma Storm|p2a: Corviknight\n|-supereffective|p2a: Corviknight\n|-damage|p2a: Corviknight|0 fnt\n|faint|p2a: Corviknight\n|\n|win|jexiar\u30c3\n|raw|jexiar\u30c3's rating: 1000 &rarr; <strong>1048<\/strong><br \/>(+48 for winning)\n|raw|Mega Langas's rating: 1070 &rarr; <strong>1045<\/strong><br \/>(-25 for losing)\n|l|\u2606Mega Langas\n|c|\u2606jexiar\u30c3|ggs\n","uploadtime":1700163325,"views":22,"p1id":"jexiar","p2id":"megalangas","formatid":"gen9ou","rating":1045,"private":0,"password":""}