{"id":"gen9ou-1991615201","p1":"nked'nd'afraid","p2":"Pimler","format":"[Gen 9] OU","log":"|j|\u2606nked'nd'afraid\n|j|\u2606Pimler\n|t:|1700094485\n|gametype|singles\n|player|p1|nked'nd'afraid|hiker-gen4|1000\n|player|p2|Pimler|170|1088\n|teamsize|p1|6\n|teamsize|p2|6\n|gen|9\n|tier|[Gen 9] OU\n|rated|\n|rule|Sleep Clause Mod: Limit one foe put to sleep\n|rule|Species Clause: Limit one of each Pok\u00e9mon\n|rule|OHKO Clause: OHKO moves are banned\n|rule|Evasion Items Clause: Evasion items are banned\n|rule|Evasion Moves Clause: Evasion moves are banned\n|rule|Endless Battle Clause: Forcing endless battles is banned\n|rule|HP Percentage Mod: HP is shown in percentages\n|clearpoke\n|poke|p1|Maushold|\n|poke|p1|Palossand, F|\n|poke|p1|Slowbro-Galar, M|\n|poke|p1|Tropius, M|\n|poke|p1|Kleavor, F|\n|poke|p1|Rotom-Heat|\n|poke|p2|Corviknight, M|\n|poke|p2|Ceruledge, F|\n|poke|p2|Clefable, F|\n|poke|p2|Dragapult, M|\n|poke|p2|Greninja-*, M|\n|poke|p2|Rillaboom, F|\n|teampreview\n|\n|t:|1700094496\n|start\n|switch|p1a: Kleavor|Kleavor, F|100\/100\n|switch|p2a: Ceruledge|Ceruledge, F|100\/100\n|turn|1\n|\n|t:|1700094508\n|switch|p2a: Rillaboom|Rillaboom, F|100\/100\n|-fieldstart|move: Grassy Terrain|[from] ability: Grassy Surge|[of] p2a: Rillaboom\n|move|p1a: Kleavor|Stone Axe|p2a: Rillaboom\n|-damage|p2a: Rillaboom|48\/100\n|-sidestart|p2: Pimler|move: Stealth Rock\n|\n|-heal|p2a: Rillaboom|54\/100|[from] Grassy Terrain\n|upkeep\n|turn|2\n|\n|t:|1700094521\n|move|p1a: Kleavor|Stone Axe|p2a: Rillaboom\n|-damage|p2a: Rillaboom|0 fnt\n|faint|p2a: Rillaboom\n|\n|upkeep\n|\n|t:|1700094531\n|switch|p2a: Greninja|Greninja, M|100\/100\n|-damage|p2a: Greninja|88\/100|[from] Stealth Rock\n|turn|3\n|\n|t:|1700094547\n|switch|p1a: Tropius|Tropius, M|100\/100\n|move|p2a: Greninja|Hydro Pump|p1a: Tropius|[miss]\n|-miss|p2a: Greninja|p1a: Tropius\n|\n|-heal|p2a: Greninja|94\/100|[from] Grassy Terrain\n|upkeep\n|turn|4\n|\n|t:|1700094561\n|switch|p2a: Ceruledge|Ceruledge, F|100\/100\n|move|p1a: Tropius|Substitute|p1a: Tropius\n|-start|p1a: Tropius|Substitute\n|-damage|p1a: Tropius|75\/100\n|\n|upkeep\n|turn|5\n|\n|t:|1700094569\n|move|p2a: Ceruledge|Bitter Blade|p1a: Tropius\n|-supereffective|p1a: Tropius\n|-end|p1a: Tropius|Substitute\n|move|p1a: Tropius|Leech Seed|p2a: Ceruledge\n|-start|p2a: Ceruledge|move: Leech Seed\n|\n|-damage|p2a: Ceruledge|88\/100|[from] Leech Seed|[of] p1a: Tropius\n|-heal|p1a: Tropius|86\/100|[silent]\n|-fieldend|move: Grassy Terrain\n|upkeep\n|turn|6\n|\n|t:|1700094578\n|switch|p1a: Maushold|Maushold|100\/100\n|move|p2a: Ceruledge|Taunt|p1a: Maushold\n|-start|p1a: Maushold|move: Taunt\n|\n|-damage|p2a: Ceruledge|76\/100|[from] Leech Seed|[of] p1a: Maushold\n|upkeep\n|turn|7\n|\n|t:|1700094587\n|move|p1a: Maushold|Beat Up|p2a: Ceruledge\n|-supereffective|p2a: Ceruledge\n|-damage|p2a: Ceruledge|65\/100\n|-supereffective|p2a: Ceruledge\n|-damage|p2a: Ceruledge|54\/100\n|-supereffective|p2a: Ceruledge\n|-damage|p2a: Ceruledge|42\/100\n|-supereffective|p2a: Ceruledge\n|-damage|p2a: Ceruledge|26\/100\n|-supereffective|p2a: Ceruledge\n|-damage|p2a: Ceruledge|17\/100\n|-supereffective|p2a: Ceruledge\n|-damage|p2a: Ceruledge|8\/100\n|-hitcount|p2a: Ceruledge|6\n|move|p2a: Ceruledge|Bitter Blade|p1a: Maushold\n|-damage|p1a: Maushold|39\/100\n|-heal|p2a: Ceruledge|33\/100|[from] drain|[of] p1a: Maushold\n|\n|-damage|p2a: Ceruledge|21\/100|[from] Leech Seed|[of] p1a: Maushold\n|-heal|p1a: Maushold|54\/100|[silent]\n|upkeep\n|turn|8\n|\n|t:|1700094604\n|switch|p2a: Greninja|Greninja, M|94\/100\n|-damage|p2a: Greninja|82\/100|[from] Stealth Rock\n|move|p1a: Maushold|Beat Up|p2a: Greninja\n|-resisted|p2a: Greninja\n|-damage|p2a: Greninja|78\/100\n|-resisted|p2a: Greninja\n|-damage|p2a: Greninja|74\/100\n|-resisted|p2a: Greninja\n|-damage|p2a: Greninja|70\/100\n|-resisted|p2a: Greninja\n|-damage|p2a: Greninja|64\/100\n|-resisted|p2a: Greninja\n|-damage|p2a: Greninja|60\/100\n|-resisted|p2a: Greninja\n|-damage|p2a: Greninja|57\/100\n|-hitcount|p2a: Greninja|6\n|\n|-end|p1a: Maushold|move: Taunt\n|upkeep\n|turn|9\n|\n|t:|1700094626\n|switch|p1a: Rotom|Rotom-Heat|100\/100\n|-terastallize|p2a: Greninja|Water\n|move|p2a: Greninja|Water Shuriken|p1a: Rotom\n|-supereffective|p1a: Rotom\n|-damage|p1a: Rotom|73\/100\n|-supereffective|p1a: Rotom\n|-damage|p1a: Rotom|48\/100\n|-hitcount|p1a: Rotom|2\n|-damage|p2a: Greninja|47\/100|[from] item: Life Orb\n|\n|-heal|p1a: Rotom|54\/100|[from] item: Leftovers\n|upkeep\n|turn|10\n|\n|t:|1700094651\n|-terastallize|p1a: Rotom|Electric\n|move|p2a: Greninja|Water Shuriken|p1a: Rotom\n|-damage|p1a: Rotom|40\/100\n|-damage|p1a: Rotom|27\/100\n|-hitcount|p1a: Rotom|2\n|-damage|p2a: Greninja|37\/100|[from] item: Life Orb\n|move|p1a: Rotom|Volt Switch|p2a: Greninja\n|-supereffective|p2a: Greninja\n|-damage|p2a: Greninja|0 fnt\n|faint|p2a: Greninja\n|\n|t:|1700094664\n|switch|p1a: Tropius|Tropius, M|86\/100|[from] Volt Switch\n|\n|upkeep\n|\n|t:|1700094669\n|switch|p2a: Dragapult|Dragapult, M|100\/100\n|-damage|p2a: Dragapult|88\/100|[from] Stealth Rock\n|turn|11\n|\n|t:|1700094684\n|move|p2a: Dragapult|Shadow Ball|p1a: Tropius\n|-damage|p1a: Tropius|45\/100\n|move|p1a: Tropius|Leaf Blade|p2a: Dragapult\n|-resisted|p2a: Dragapult\n|-damage|p2a: Dragapult|71\/100\n|\n|upkeep\n|turn|12\n|\n|t:|1700094696\n|switch|p1a: Maushold|Maushold|54\/100\n|move|p2a: Dragapult|Shadow Ball|p1a: Maushold\n|-immune|p1a: Maushold\n|\n|upkeep\n|turn|13\n|\n|t:|1700094704\n|switch|p2a: Corviknight|Corviknight, M|100\/100\n|-damage|p2a: Corviknight|88\/100|[from] Stealth Rock\n|-ability|p2a: Corviknight|Pressure\n|move|p1a: Maushold|Beat Up|p2a: Corviknight\n|-damage|p2a: Corviknight|85\/100\n|-damage|p2a: Corviknight|82\/100\n|-damage|p2a: Corviknight|79\/100\n|-damage|p2a: Corviknight|75\/100\n|-damage|p2a: Corviknight|72\/100\n|-damage|p2a: Corviknight|70\/100\n|-hitcount|p2a: Corviknight|6\n|\n|upkeep\n|turn|14\n|\n|t:|1700094720\n|switch|p1a: Kleavor|Kleavor, F|100\/100\n|move|p2a: Corviknight|Roost|p2a: Corviknight\n|-heal|p2a: Corviknight|100\/100\n|-singleturn|p2a: Corviknight|move: Roost\n|\n|upkeep\n|turn|15\n|\n|t:|1700094728\n|move|p1a: Kleavor|Stone Axe|p2a: Corviknight|[miss]\n|-miss|p1a: Kleavor|p2a: Corviknight\n|move|p2a: Corviknight|Defog|p1a: Kleavor\n|-unboost|p1a: Kleavor|evasion|1\n|-sideend|p2: Pimler|Stealth Rock|[from] move: Defog|[of] p2a: Corviknight\n|\n|upkeep\n|turn|16\n|\n|t:|1700094771\n|move|p1a: Kleavor|Stone Axe|p2a: Corviknight\n|-damage|p2a: Corviknight|71\/100\n|-damage|p1a: Kleavor|84\/100|[from] item: Rocky Helmet|[of] p2a: Corviknight\n|-sidestart|p2: Pimler|move: Stealth Rock\n|move|p2a: Corviknight|Brave Bird|p1a: Kleavor\n|-damage|p1a: Kleavor|34\/100\n|-damage|p2a: Corviknight|59\/100|[from] Recoil\n|\n|upkeep\n|turn|17\n|\n|t:|1700094809\n|switch|p1a: Slowbro|Slowbro-Galar, M, shiny|100\/100\n|move|p2a: Corviknight|Roost|p2a: Corviknight\n|-heal|p2a: Corviknight|100\/100\n|-singleturn|p2a: Corviknight|move: Roost\n|\n|upkeep\n|turn|18\n|-activate|p1a: Slowbro|item: Quick Claw\n|\n|t:|1700094820\n|move|p1a: Slowbro|Ice Beam|p2a: Corviknight\n|-damage|p2a: Corviknight|74\/100\n|move|p2a: Corviknight|Brave Bird|p1a: Slowbro\n|-damage|p1a: Slowbro|65\/100\n|-damage|p2a: Corviknight|62\/100|[from] Recoil\n|\n|upkeep\n|turn|19\n|-activate|p1a: Slowbro|ability: Quick Draw\n|\n|t:|1700094828\n|move|p1a: Slowbro|Ice Beam|p2a: Corviknight\n|-damage|p2a: Corviknight|33\/100\n|move|p2a: Corviknight|Roost|p2a: Corviknight\n|-heal|p2a: Corviknight|83\/100\n|-singleturn|p2a: Corviknight|move: Roost\n|\n|upkeep\n|turn|20\n|\n|t:|1700094843\n|move|p2a: Corviknight|Brave Bird|p1a: Slowbro\n|-damage|p1a: Slowbro|31\/100\n|-damage|p2a: Corviknight|72\/100|[from] Recoil\n|move|p1a: Slowbro|Ice Beam|p2a: Corviknight\n|-damage|p2a: Corviknight|42\/100\n|\n|upkeep\n|turn|21\n|\n|t:|1700094850\n|move|p2a: Corviknight|Roost|p2a: Corviknight\n|-heal|p2a: Corviknight|92\/100\n|-singleturn|p2a: Corviknight|move: Roost\n|move|p1a: Slowbro|Nasty Plot|p1a: Slowbro\n|-boost|p1a: Slowbro|spa|2\n|\n|upkeep\n|turn|22\n|-activate|p1a: Slowbro|ability: Quick Draw\n|\n|t:|1700094858\n|move|p1a: Slowbro|Ice Beam|p2a: Corviknight\n|-damage|p2a: Corviknight|35\/100\n|move|p2a: Corviknight|Brave Bird|p1a: Slowbro\n|-damage|p1a: Slowbro|0 fnt\n|faint|p1a: Slowbro\n|-damage|p2a: Corviknight|25\/100|[from] Recoil\n|\n|upkeep\n|\n|t:|1700094882\n|switch|p1a: Kleavor|Kleavor, F|34\/100\n|turn|23\n|\n|t:|1700094886\n|switch|p2a: Clefable|Clefable, F|100\/100\n|move|p1a: Kleavor|Stone Axe|p2a: Clefable\n|-damage|p2a: Clefable|62\/100\n|\n|-heal|p2a: Clefable|69\/100|[from] item: Leftovers\n|upkeep\n|turn|24\n|\n|t:|1700094899\n|switch|p1a: Palossand|Palossand, F, shiny|100\/100\n|move|p2a: Clefable|Wish|p2a: Clefable\n|\n|-heal|p2a: Clefable|75\/100|[from] item: Leftovers\n|upkeep\n|turn|25\n|\n|t:|1700094913\n|switch|p2a: Dragapult|Dragapult, M|71\/100\n|-damage|p2a: Dragapult|59\/100|[from] Stealth Rock\n|move|p1a: Palossand|Poltergeist|p2a: Dragapult\n|-activate|p2a: Dragapult|move: Poltergeist|Choice Specs\n|-supereffective|p2a: Dragapult\n|-damage|p2a: Dragapult|0 fnt\n|faint|p2a: Dragapult\n|\n|upkeep\n|\n|t:|1700094920\n|switch|p2a: Ceruledge|Ceruledge, F|21\/100\n|turn|26\n|\n|t:|1700094929\n|switch|p1a: Maushold|Maushold|54\/100\n|move|p2a: Ceruledge|Shadow Sneak|p1a: Maushold\n|-immune|p1a: Maushold\n|\n|upkeep\n|turn|27\n|\n|t:|1700094938\n|switch|p2a: Corviknight|Corviknight, M|25\/100\n|-damage|p2a: Corviknight|12\/100|[from] Stealth Rock\n|-ability|p2a: Corviknight|Pressure\n|move|p1a: Maushold|Beat Up|p2a: Corviknight\n|-damage|p2a: Corviknight|9\/100\n|-damage|p2a: Corviknight|5\/100\n|-damage|p2a: Corviknight|2\/100\n|-damage|p2a: Corviknight|0 fnt\n|faint|p2a: Corviknight\n|-hitcount|p2: Corviknight|4\n|\n|upkeep\n|\n|t:|1700094942\n|switch|p2a: Clefable|Clefable, F|75\/100\n|turn|28\n|\n|t:|1700094951\n|move|p2a: Clefable|Protect|p2a: Clefable\n|-singleturn|p2a: Clefable|Protect\n|move|p1a: Maushold|Population Bomb|p2a: Clefable\n|-activate|p2a: Clefable|move: Protect\n|\n|-heal|p2a: Clefable|81\/100|[from] item: Leftovers\n|upkeep\n|turn|29\n|\n|t:|1700094960\n|move|p2a: Clefable|Protect|p2a: Clefable\n|-singleturn|p2a: Clefable|Protect\n|move|p1a: Maushold|Beat Up|p2a: Clefable\n|-activate|p2a: Clefable|move: Protect\n|\n|-heal|p2a: Clefable|87\/100|[from] item: Leftovers\n|upkeep\n|turn|30\n|\n|t:|1700094967\n|move|p1a: Maushold|Beat Up|p2a: Clefable\n|-resisted|p2a: Clefable\n|-crit|p2a: Clefable\n|-damage|p2a: Clefable|85\/100\n|-resisted|p2a: Clefable\n|-damage|p2a: Clefable|82\/100\n|-resisted|p2a: Clefable\n|-damage|p2a: Clefable|80\/100\n|-resisted|p2a: Clefable\n|-crit|p2a: Clefable\n|-damage|p2a: Clefable|78\/100\n|-resisted|p2a: Clefable\n|-damage|p2a: Clefable|76\/100\n|-hitcount|p2a: Clefable|5\n|move|p2a: Clefable|Wish|p2a: Clefable\n|\n|-heal|p2a: Clefable|82\/100|[from] item: Leftovers\n|upkeep\n|turn|31\n|\n|t:|1700094982\n|move|p1a: Maushold|Beat Up|p2a: Clefable\n|-resisted|p2a: Clefable\n|-damage|p2a: Clefable|81\/100\n|-resisted|p2a: Clefable\n|-damage|p2a: Clefable|78\/100\n|-resisted|p2a: Clefable\n|-damage|p2a: Clefable|77\/100\n|-resisted|p2a: Clefable\n|-damage|p2a: Clefable|75\/100\n|-resisted|p2a: Clefable\n|-damage|p2a: Clefable|74\/100\n|-hitcount|p2a: Clefable|5\n|move|p2a: Clefable|Moonblast|p1a: Maushold\n|-damage|p1a: Maushold|7\/100\n|\n|-heal|p2a: Clefable|100\/100|[from] move: Wish|[wisher] Clefable\n|upkeep\n|turn|32\n|\n|t:|1700094996\n|move|p1a: Maushold|Taunt|p2a: Clefable\n|-start|p2a: Clefable|move: Taunt\n|move|p2a: Clefable|Moonblast|p1a: Maushold\n|-damage|p1a: Maushold|0 fnt\n|faint|p1a: Maushold\n|\n|upkeep\n|\n|t:|1700095012\n|switch|p1a: Tropius|Tropius, M|45\/100\n|turn|33\n|\n|t:|1700095018\n|move|p2a: Clefable|Moonblast|p1a: Tropius\n|-damage|p1a: Tropius|20\/100\n|-enditem|p1a: Tropius|Salac Berry|[eat]\n|-boost|p1a: Tropius|spe|1|[from] item: Salac Berry\n|move|p1a: Tropius|Substitute|p1a: Tropius\n|-fail|p1a: Tropius|move: Substitute|[weak]\n|\n|upkeep\n|turn|34\n|\n|t:|1700095028\n|move|p1a: Tropius|Body Slam|p2a: Clefable\n|-damage|p2a: Clefable|87\/100\n|move|p2a: Clefable|Moonblast|p1a: Tropius\n|-crit|p1a: Tropius\n|-damage|p1a: Tropius|0 fnt\n|faint|p1a: Tropius\n|\n|-heal|p2a: Clefable|93\/100|[from] item: Leftovers\n|-end|p2a: Clefable|move: Taunt\n|upkeep\n|\n|t:|1700095052\n|switch|p1a: Rotom|Rotom-Heat, tera:Electric|27\/100\n|turn|35\n|\n|t:|1700095059\n|move|p1a: Rotom|Volt Switch|p2a: Clefable\n|-damage|p2a: Clefable|56\/100\n|\n|t:|1700095063\n|switch|p1a: Palossand|Palossand, F, shiny|100\/100|[from] Volt Switch\n|move|p2a: Clefable|Moonblast|p1a: Palossand\n|-damage|p1a: Palossand|64\/100\n|\n|-heal|p2a: Clefable|62\/100|[from] item: Leftovers\n|upkeep\n|turn|36\n|\n|t:|1700095073\n|move|p2a: Clefable|Wish|p2a: Clefable\n|move|p1a: Palossand|Poltergeist|p2a: Clefable\n|-activate|p2a: Clefable|move: Poltergeist|Leftovers\n|-damage|p2a: Clefable|42\/100\n|\n|-heal|p2a: Clefable|48\/100|[from] item: Leftovers\n|upkeep\n|turn|37\n|\n|t:|1700095081\n|move|p2a: Clefable|Moonblast|p1a: Palossand\n|-crit|p1a: Palossand\n|-damage|p1a: Palossand|6\/100\n|-unboost|p1a: Palossand|spa|1\n|move|p1a: Palossand|Earth Power|p2a: Clefable\n|-damage|p2a: Clefable|26\/100\n|\n|-heal|p2a: Clefable|76\/100|[from] move: Wish|[wisher] Clefable\n|-heal|p2a: Clefable|82\/100|[from] item: Leftovers\n|upkeep\n|turn|38\n|\n|t:|1700095104\n|move|p2a: Clefable|Moonblast|p1a: Palossand\n|-damage|p1a: Palossand|0 fnt\n|faint|p1a: Palossand\n|\n|-heal|p2a: Clefable|88\/100|[from] item: Leftovers\n|upkeep\n|\n|t:|1700095110\n|switch|p1a: Kleavor|Kleavor, F|34\/100\n|turn|39\n|\n|t:|1700095113\n|move|p1a: Kleavor|Close Combat|p2a: Clefable\n|-resisted|p2a: Clefable\n|-damage|p2a: Clefable|73\/100\n|-unboost|p1a: Kleavor|def|1\n|-unboost|p1a: Kleavor|spd|1\n|move|p2a: Clefable|Moonblast|p1a: Kleavor\n|-damage|p1a: Kleavor|0 fnt\n|faint|p1a: Kleavor\n|\n|-heal|p2a: Clefable|79\/100|[from] item: Leftovers\n|upkeep\n|-message|nked'nd'afraid forfeited.\n|\n|win|Pimler\n|raw|nked&apos;nd&apos;afraid's rating: 1000 &rarr; <strong>1000<\/strong><br \/>(+0 for losing)\n|raw|Pimler's rating: 1088 &rarr; <strong>1108<\/strong><br \/>(+20 for winning)\n|l|\u2606nked'nd'afraid\n","uploadtime":1700095173,"views":8,"p1id":"nkedndafraid","p2id":"pimler","formatid":"gen9ou","rating":1000,"private":0,"password":""}