{"id":"gen9ou-1989299558","p1":"boujem3ix","p2":"Nasty N","format":"[Gen 9] OU","log":"|j|\u2606boujem3ix\n|j|\u2606Nasty N\n|t:|1699833561\n|gametype|singles\n|player|p1|boujem3ix|265|1148\n|player|p2|Nasty N|n|1040\n|teamsize|p1|6\n|teamsize|p2|6\n|gen|9\n|tier|[Gen 9] OU\n|rated|\n|rule|Sleep Clause Mod: Limit one foe put to sleep\n|rule|Species Clause: Limit one of each Pok\u00e9mon\n|rule|OHKO Clause: OHKO moves are banned\n|rule|Evasion Items Clause: Evasion items are banned\n|rule|Evasion Moves Clause: Evasion moves are banned\n|rule|Endless Battle Clause: Forcing endless battles is banned\n|rule|HP Percentage Mod: HP is shown in percentages\n|clearpoke\n|poke|p1|Politoed, F|\n|poke|p1|Greninja-*, M|\n|poke|p1|Landorus-Therian, M|\n|poke|p1|Rillaboom, M|\n|poke|p1|Basculegion, M|\n|poke|p1|Iron Jugulis|\n|poke|p2|Iron Moth|\n|poke|p2|Dragonite, F|\n|poke|p2|Ogerpon-Wellspring, F|\n|poke|p2|Iron Valiant|\n|poke|p2|Kingambit, F|\n|poke|p2|Volbeat, M|\n|teampreview\n|inactive|Battle timer is ON: inactive players will automatically lose when time's up. (requested by Nasty N)\n|\n|t:|1699833586\n|start\n|switch|p1a: Politoed|Politoed, F|100\/100\n|switch|p2a: Volbeat|Volbeat, M|100\/100\n|-weather|RainDance|[from] ability: Drizzle|[of] p1a: Politoed\n|turn|1\n|\n|t:|1699833600\n|switch|p1a: Basculegion|Basculegion, M|100\/100\n|move|p2a: Volbeat|Thunder Wave|p1a: Basculegion\n|-status|p1a: Basculegion|par\n|\n|-weather|RainDance|[upkeep]\n|upkeep\n|turn|2\n|\n|t:|1699833608\n|move|p2a: Volbeat|Tail Glow|p2a: Volbeat\n|-boost|p2a: Volbeat|spa|3\n|move|p1a: Basculegion|Wave Crash|p2a: Volbeat\n|-enditem|p2a: Volbeat|Focus Sash\n|-damage|p2a: Volbeat|1\/100\n|-damage|p1a: Basculegion|77\/100 par|[from] Recoil\n|\n|-weather|RainDance|[upkeep]\n|upkeep\n|turn|3\n|\n|t:|1699833618\n|move|p2a: Volbeat|Giga Drain|p1a: Basculegion\n|-supereffective|p1a: Basculegion\n|-damage|p1a: Basculegion|2\/100 par\n|-heal|p2a: Volbeat|54\/100|[from] drain|[of] p1a: Basculegion\n|move|p1a: Basculegion|Wave Crash|p2a: Volbeat\n|-damage|p2a: Volbeat|0 fnt\n|faint|p2a: Volbeat\n|-damage|p1a: Basculegion|0 fnt|[from] Recoil\n|faint|p1a: Basculegion\n|\n|-weather|RainDance|[upkeep]\n|upkeep\n|\n|t:|1699833634\n|switch|p2a: Dragonite|Dragonite, F|100\/100\n|switch|p1a: Greninja|Greninja, M|100\/100\n|turn|4\n|\n|t:|1699833648\n|switch|p2a: Ogerpon|Ogerpon-Wellspring, F|100\/100\n|move|p1a: Greninja|Ice Beam|p2a: Ogerpon\n|-damage|p2a: Ogerpon|63\/100\n|-damage|p1a: Greninja|91\/100|[from] item: Life Orb\n|\n|-weather|RainDance|[upkeep]\n|upkeep\n|turn|5\n|\n|t:|1699833660\n|move|p1a: Greninja|Gunk Shot|p2a: Ogerpon\n|-supereffective|p2a: Ogerpon\n|-damage|p2a: Ogerpon|0 fnt\n|faint|p2a: Ogerpon\n|-ability|p1a: Greninja|Battle Bond|boost\n|-boost|p1a: Greninja|atk|1\n|-boost|p1a: Greninja|spa|1\n|-boost|p1a: Greninja|spe|1\n|-activate|p1a: Greninja|ability: Battle Bond\n|-damage|p1a: Greninja|81\/100|[from] item: Life Orb\n|\n|-weather|RainDance|[upkeep]\n|upkeep\n|\n|t:|1699833666\n|switch|p2a: Iron Moth|Iron Moth|100\/100\n|-enditem|p2a: Iron Moth|Booster Energy\n|-activate|p2a: Iron Moth|ability: Quark Drive|[fromitem]\n|-start|p2a: Iron Moth|quarkdrivespe\n|turn|6\n|\n|t:|1699833679\n|-terastallize|p2a: Iron Moth|Grass\n|move|p1a: Greninja|Water Shuriken|p2a: Iron Moth\n|-resisted|p2a: Iron Moth\n|-damage|p2a: Iron Moth|89\/100\n|-resisted|p2a: Iron Moth\n|-damage|p2a: Iron Moth|79\/100\n|-resisted|p2a: Iron Moth\n|-damage|p2a: Iron Moth|68\/100\n|-hitcount|p2a: Iron Moth|3\n|-damage|p1a: Greninja|71\/100|[from] item: Life Orb\n|move|p2a: Iron Moth|Energy Ball|p1a: Greninja\n|-supereffective|p1a: Greninja\n|-damage|p1a: Greninja|0 fnt\n|faint|p1a: Greninja\n|\n|-weather|RainDance|[upkeep]\n|upkeep\n|\n|t:|1699833701\n|switch|p1a: Iron Jugulis|Iron Jugulis|100\/100\n|-enditem|p1a: Iron Jugulis|Booster Energy\n|-activate|p1a: Iron Jugulis|ability: Quark Drive|[fromitem]\n|-start|p1a: Iron Jugulis|quarkdrivespe\n|turn|7\n|\n|t:|1699833715\n|move|p2a: Iron Moth|Fiery Dance|p1a: Iron Jugulis\n|-damage|p1a: Iron Jugulis|72\/100\n|-boost|p2a: Iron Moth|spa|1\n|move|p1a: Iron Jugulis|Hurricane|p2a: Iron Moth\n|-supereffective|p2a: Iron Moth\n|-damage|p2a: Iron Moth|0 fnt\n|faint|p2a: Iron Moth\n|-end|p2a: Iron Moth|Quark Drive|[silent]\n|\n|-weather|RainDance|[upkeep]\n|upkeep\n|\n|t:|1699833721\n|switch|p2a: Iron Valiant|Iron Valiant|100\/100\n|-enditem|p2a: Iron Valiant|Booster Energy\n|-activate|p2a: Iron Valiant|ability: Quark Drive|[fromitem]\n|-start|p2a: Iron Valiant|quarkdrivespe\n|turn|8\n|\n|t:|1699833734\n|move|p2a: Iron Valiant|Moonblast|p1a: Iron Jugulis\n|-supereffective|p1a: Iron Jugulis\n|-damage|p1a: Iron Jugulis|0 fnt\n|faint|p1a: Iron Jugulis\n|-end|p1a: Iron Jugulis|Quark Drive|[silent]\n|\n|-weather|none\n|upkeep\n|\n|t:|1699833741\n|switch|p1a: Politoed|Politoed, F|100\/100\n|-weather|RainDance|[from] ability: Drizzle|[of] p1a: Politoed\n|turn|9\n|\n|t:|1699833751\n|move|p2a: Iron Valiant|Thunderbolt|p1a: Politoed\n|-supereffective|p1a: Politoed\n|-damage|p1a: Politoed|62\/100\n|move|p1a: Politoed|Surf|p2a: Iron Valiant\n|-damage|p2a: Iron Valiant|15\/100\n|\n|-weather|RainDance|[upkeep]\n|upkeep\n|turn|10\n|\n|t:|1699833762\n|move|p2a: Iron Valiant|Close Combat|p1a: Politoed\n|-damage|p1a: Politoed|6\/100\n|-unboost|p2a: Iron Valiant|def|1\n|-unboost|p2a: Iron Valiant|spd|1\n|move|p1a: Politoed|Surf|p2a: Iron Valiant\n|-damage|p2a: Iron Valiant|0 fnt\n|faint|p2a: Iron Valiant\n|-end|p2a: Iron Valiant|Quark Drive|[silent]\n|\n|-weather|RainDance|[upkeep]\n|upkeep\n|\n|t:|1699833767\n|switch|p2a: Dragonite|Dragonite, F|100\/100\n|turn|11\n|\n|t:|1699833778\n|move|p2a: Dragonite|Extreme Speed|p1a: Politoed\n|-damage|p1a: Politoed|0 fnt\n|faint|p1a: Politoed\n|\n|-weather|RainDance|[upkeep]\n|upkeep\n|\n|t:|1699833785\n|switch|p1a: Landorus|Landorus-Therian, M|100\/100\n|-ability|p1a: Landorus|Intimidate|boost\n|-unboost|p2a: Dragonite|atk|1\n|turn|12\n|\n|t:|1699833793\n|move|p2a: Dragonite|Dragon Dance|p2a: Dragonite\n|-boost|p2a: Dragonite|atk|1\n|-boost|p2a: Dragonite|spe|1\n|move|p1a: Landorus|Smack Down|p2a: Dragonite\n|-supereffective|p2a: Dragonite\n|-damage|p2a: Dragonite|85\/100\n|-start|p2a: Dragonite|Smack Down\n|\n|-weather|RainDance|[upkeep]\n|upkeep\n|turn|13\n|\n|t:|1699833804\n|move|p2a: Dragonite|Extreme Speed|p1a: Landorus\n|-damage|p1a: Landorus|77\/100\n|-enditem|p1a: Landorus|Eject Button\n|\n|t:|1699833809\n|switch|p1a: Rillaboom|Rillaboom, M|100\/100\n|-fieldstart|move: Grassy Terrain|[from] ability: Grassy Surge|[of] p1a: Rillaboom\n|\n|-weather|RainDance|[upkeep]\n|-heal|p2a: Dragonite|91\/100|[from] Grassy Terrain\n|upkeep\n|turn|14\n|\n|t:|1699833820\n|move|p2a: Dragonite|Dragon Dance|p2a: Dragonite\n|-boost|p2a: Dragonite|atk|1\n|-boost|p2a: Dragonite|spe|1\n|move|p1a: Rillaboom|U-turn|p2a: Dragonite\n|-resisted|p2a: Dragonite\n|-damage|p2a: Dragonite|70\/100\n|\n|t:|1699833826\n|switch|p1a: Landorus|Landorus-Therian, M|77\/100|[from] U-turn\n|-ability|p1a: Landorus|Intimidate|boost\n|-unboost|p2a: Dragonite|atk|1\n|\n|-weather|RainDance|[upkeep]\n|-heal|p2a: Dragonite|76\/100|[from] Grassy Terrain\n|upkeep\n|turn|15\n|\n|t:|1699833836\n|move|p2a: Dragonite|Dragon Dance|p2a: Dragonite\n|-boost|p2a: Dragonite|atk|1\n|-boost|p2a: Dragonite|spe|1\n|move|p1a: Landorus|Sandsear Storm|p2a: Dragonite\n|-damage|p2a: Dragonite|40\/100\n|\n|-weather|RainDance|[upkeep]\n|-heal|p2a: Dragonite|47\/100|[from] Grassy Terrain\n|upkeep\n|turn|16\n|\n|t:|1699833846\n|move|p2a: Dragonite|Extreme Speed|p1a: Landorus\n|-damage|p1a: Landorus|44\/100\n|move|p1a: Landorus|Sandsear Storm|p2a: Dragonite\n|-damage|p2a: Dragonite|5\/100\n|\n|-weather|none\n|-heal|p2a: Dragonite|12\/100|[from] Grassy Terrain\n|upkeep\n|turn|17\n|\n|t:|1699833869\n|move|p2a: Dragonite|Extreme Speed|p1a: Landorus\n|-damage|p1a: Landorus|10\/100\n|move|p1a: Landorus|U-turn|p2a: Dragonite\n|-resisted|p2a: Dragonite\n|-damage|p2a: Dragonite|1\/100\n|\n|t:|1699833875\n|switch|p1a: Rillaboom|Rillaboom, M|100\/100|[from] U-turn\n|\n|-heal|p2a: Dragonite|7\/100|[from] Grassy Terrain\n|-fieldend|move: Grassy Terrain\n|upkeep\n|turn|18\n|\n|t:|1699833886\n|move|p2a: Dragonite|Fire Punch|p1a: Rillaboom\n|-supereffective|p1a: Rillaboom\n|-damage|p1a: Rillaboom|19\/100\n|move|p1a: Rillaboom|U-turn|p2a: Dragonite\n|-resisted|p2a: Dragonite\n|-damage|p2a: Dragonite|0 fnt\n|faint|p2a: Dragonite\n|\n|t:|1699833894\n|switch|p1a: Landorus|Landorus-Therian, M|10\/100|[from] U-turn\n|\n|upkeep\n|\n|t:|1699833896\n|switch|p2a: Kingambit|Kingambit, F|100\/100\n|-activate|p2a: Kingambit|ability: Supreme Overlord\n|-start|p2a: Kingambit|fallen5|[silent]\n|turn|19\n|\n|t:|1699833904\n|move|p2a: Kingambit|Sucker Punch|p1a: Landorus\n|-crit|p1a: Landorus\n|-damage|p1a: Landorus|0 fnt\n|faint|p1a: Landorus\n|\n|upkeep\n|\n|t:|1699833909\n|switch|p1a: Rillaboom|Rillaboom, M|19\/100\n|-fieldstart|move: Grassy Terrain|[from] ability: Grassy Surge|[of] p1a: Rillaboom\n|turn|20\n|\n|t:|1699833915\n|-terastallize|p1a: Rillaboom|Grass\n|move|p1a: Rillaboom|Grassy Glide|p2a: Kingambit\n|-resisted|p2a: Kingambit\n|-damage|p2a: Kingambit|67\/100\n|move|p2a: Kingambit|Kowtow Cleave|p1a: Rillaboom\n|-damage|p1a: Rillaboom|0 fnt\n|faint|p1a: Rillaboom\n|\n|win|Nasty N\n|raw|boujem3ix's rating: 1148 &rarr; <strong>1115<\/strong><br \/>(-33 for losing)\n|raw|Nasty N's rating: 1040 &rarr; <strong>1084<\/strong><br \/>(+44 for winning)\n","uploadtime":1699833922,"views":13,"p1id":"boujem3ix","p2id":"nastyn","formatid":"gen9ou","rating":1084,"private":0,"password":""}