{"id":"gen9ou-2000049415","p1":"SrRayko_1","p2":"cox luvr","format":"[Gen 9] OU","log":"|j|\u2606SrRayko_1\n|j|\u2606cox luvr\n|t:|1701146073\n|gametype|singles\n|player|p1|SrRayko_1|ethan|1120\n|player|p2|cox luvr|lucas|1199\n|teamsize|p1|6\n|teamsize|p2|6\n|gen|9\n|tier|[Gen 9] OU\n|rated|\n|rule|Sleep Clause Mod: Limit one foe put to sleep\n|rule|Species Clause: Limit one of each Pok\u00e9mon\n|rule|OHKO Clause: OHKO moves are banned\n|rule|Evasion Items Clause: Evasion items are banned\n|rule|Evasion Moves Clause: Evasion moves are banned\n|rule|Endless Battle Clause: Forcing endless battles is banned\n|rule|HP Percentage Mod: HP is shown in percentages\n|clearpoke\n|poke|p1|Glimmora, F|\n|poke|p1|Gastrodon-East, M|\n|poke|p1|Ogerpon-Cornerstone, F|\n|poke|p1|Gholdengo|\n|poke|p1|Corviknight, M|\n|poke|p1|Tyranitar, M|\n|poke|p2|Meowscarada, M|\n|poke|p2|Rotom-Wash|\n|poke|p2|Dragapult, F|\n|poke|p2|Slowking-Galar, M|\n|poke|p2|Kingambit, F|\n|poke|p2|Great Tusk|\n|teampreview\n|inactive|Battle timer is ON: inactive players will automatically lose when time's up. (requested by cox luvr)\n|\n|t:|1701146104\n|start\n|switch|p1a: Desfl\u00f3rame|Glimmora, F|100\/100\n|switch|p2a: Great Tusk|Great Tusk|100\/100\n|turn|1\n|\n|t:|1701146108\n|switch|p1a: Corvo\u03a9|Corviknight, M, shiny|100\/100\n|-ability|p1a: Corvo\u03a9|Pressure\n|-end|p2a: Great Tusk|Protosynthesis|[silent]\n|switch|p2a: Slowking|Slowking-Galar, M|100\/100\n|\n|upkeep\n|turn|2\n|\n|t:|1701146117\n|switch|p1a: Michael|Gastrodon-East, M|100\/100\n|move|p2a: Slowking|Chilly Reception|p2a: Slowking\n|-weather|Snow\n|\n|t:|1701146122\n|switch|p2a: Meowscarada|Meowscarada, M|100\/100|[from] Chilly Reception\n|\n|-weather|Snow|[upkeep]\n|upkeep\n|turn|3\n|\n|t:|1701146126\n|switch|p1a: Corvo\u03a9|Corviknight, M, shiny|100\/100\n|-ability|p1a: Corvo\u03a9|Pressure\n|move|p2a: Meowscarada|Knock Off|p1a: Corvo\u03a9\n|-start|p2a: Meowscarada|typechange|Dark|[from] ability: Protean\n|-damage|p1a: Corvo\u03a9|59\/100\n|-damage|p2a: Meowscarada|84\/100|[from] item: Rocky Helmet|[of] p1a: Corvo\u03a9\n|-enditem|p1a: Corvo\u03a9|Rocky Helmet|[from] move: Knock Off|[of] p2a: Meowscarada\n|\n|-weather|Snow|[upkeep]\n|upkeep\n|turn|4\n|\n|t:|1701146135\n|switch|p2a: Great Tusk|Great Tusk|100\/100\n|move|p1a: Corvo\u03a9|Roost|p1a: Corvo\u03a9\n|-heal|p1a: Corvo\u03a9|100\/100\n|-singleturn|p1a: Corvo\u03a9|move: Roost\n|\n|-weather|Snow|[upkeep]\n|upkeep\n|turn|5\n|\n|t:|1701146140\n|move|p2a: Great Tusk|Stealth Rock|p1a: Corvo\u03a9\n|-sidestart|p1: SrRayko_1|move: Stealth Rock\n|move|p1a: Corvo\u03a9|Brave Bird|p2a: Great Tusk\n|-supereffective|p2a: Great Tusk\n|-damage|p2a: Great Tusk|68\/100\n|-damage|p1a: Corvo\u03a9|84\/100|[from] item: Rocky Helmet|[of] p2a: Great Tusk\n|-damage|p1a: Corvo\u03a9|72\/100|[from] Recoil\n|\n|-weather|Snow|[upkeep]\n|upkeep\n|turn|6\n|\n|t:|1701146148\n|-end|p2a: Great Tusk|Protosynthesis|[silent]\n|switch|p2a: Rotom|Rotom-Wash|100\/100\n|move|p1a: Corvo\u03a9|Defog|p2a: Rotom\n|-unboost|p2a: Rotom|evasion|1\n|-sideend|p1: SrRayko_1|Stealth Rock|[from] move: Defog|[of] p1a: Corvo\u03a9\n|\n|-weather|none\n|upkeep\n|turn|7\n|\n|t:|1701146153\n|switch|p2a: Meowscarada|Meowscarada, M|84\/100\n|switch|p1a: Michael|Gastrodon-East, M|100\/100\n|\n|upkeep\n|turn|8\n|\n|t:|1701146161\n|switch|p1a: Corvo\u03a9|Corviknight, M, shiny|72\/100\n|-ability|p1a: Corvo\u03a9|Pressure\n|move|p2a: Meowscarada|U-turn|p1a: Corvo\u03a9\n|-start|p2a: Meowscarada|typechange|Bug|[from] ability: Protean\n|-resisted|p1a: Corvo\u03a9\n|-damage|p1a: Corvo\u03a9|64\/100\n|\n|t:|1701146169\n|switch|p2a: Dragapult|Dragapult, F|100\/100|[from] U-turn\n|\n|upkeep\n|turn|9\n|\n|t:|1701146173\n|switch|p1a: TioTyttar|Tyranitar, M|100\/100\n|-weather|Sandstorm|[from] ability: Sand Stream|[of] p1a: TioTyttar\n|move|p2a: Dragapult|U-turn|p1a: TioTyttar\n|-supereffective|p1a: TioTyttar\n|-damage|p1a: TioTyttar|72\/100\n|\n|t:|1701146181\n|switch|p2a: Meowscarada|Meowscarada, M|84\/100|[from] U-turn\n|\n|-weather|Sandstorm|[upkeep]\n|-damage|p2a: Meowscarada|78\/100|[from] Sandstorm\n|upkeep\n|turn|10\n|\n|t:|1701146184\n|switch|p1a: Corvo\u03a9|Corviknight, M, shiny|64\/100\n|-ability|p1a: Corvo\u03a9|Pressure\n|move|p2a: Meowscarada|U-turn|p1a: Corvo\u03a9\n|-start|p2a: Meowscarada|typechange|Bug|[from] ability: Protean\n|-resisted|p1a: Corvo\u03a9\n|-damage|p1a: Corvo\u03a9|57\/100\n|\n|t:|1701146191\n|switch|p2a: Dragapult|Dragapult, F|100\/100|[from] U-turn\n|\n|-weather|Sandstorm|[upkeep]\n|-damage|p2a: Dragapult|95\/100|[from] Sandstorm\n|upkeep\n|turn|11\n|\n|t:|1701146194\n|move|p2a: Dragapult|Shadow Ball|p1a: Corvo\u03a9\n|-damage|p1a: Corvo\u03a9|1\/100\n|move|p1a: Corvo\u03a9|Roost|p1a: Corvo\u03a9\n|-heal|p1a: Corvo\u03a9|51\/100\n|-singleturn|p1a: Corvo\u03a9|move: Roost\n|\n|-weather|Sandstorm|[upkeep]\n|-damage|p2a: Dragapult|89\/100|[from] Sandstorm\n|upkeep\n|turn|12\n|\n|t:|1701146199\n|switch|p2a: Meowscarada|Meowscarada, M|78\/100\n|switch|p1a: TioTyttar|Tyranitar, M|72\/100\n|\n|-weather|Sandstorm|[upkeep]\n|-damage|p2a: Meowscarada|72\/100|[from] Sandstorm\n|upkeep\n|turn|13\n|\n|t:|1701146204\n|move|p2a: Meowscarada|U-turn|p1a: TioTyttar\n|-start|p2a: Meowscarada|typechange|Bug|[from] ability: Protean\n|-supereffective|p1a: TioTyttar\n|-damage|p1a: TioTyttar|0 fnt\n|faint|p1a: TioTyttar\n|-message|SrRayko_1 forfeited.\n|\n|win|cox luvr\n|raw|SrRayko_1's rating: 1120 &rarr; <strong>1101<\/strong><br \/>(-19 for losing)\n|raw|cox luvr's rating: 1199 &rarr; <strong>1218<\/strong><br \/>(+19 for winning)\n|l|\u2606SrRayko_1\n","uploadtime":1701146212,"views":3,"p1id":"srrayko1","p2id":"coxluvr","formatid":"gen9ou","rating":1101,"private":0,"password":""}