{"id":"gen9ou-2000323866","p1":"Imfeelingsadd","p2":"Themelmetalguy","format":"[Gen 9] OU","log":"|j|\u2606Imfeelingsadd\n|j|\u2606Themelmetalguy\n|t:|1701184984\n|gametype|singles\n|player|p1|Imfeelingsadd|266|1000\n|player|p2|Themelmetalguy|1|1045\n|teamsize|p1|4\n|teamsize|p2|6\n|gen|9\n|tier|[Gen 9] OU\n|rated|\n|rule|Sleep Clause Mod: Limit one foe put to sleep\n|rule|Species Clause: Limit one of each Pok\u00e9mon\n|rule|OHKO Clause: OHKO moves are banned\n|rule|Evasion Items Clause: Evasion items are banned\n|rule|Evasion Moves Clause: Evasion moves are banned\n|rule|Endless Battle Clause: Forcing endless battles is banned\n|rule|HP Percentage Mod: HP is shown in percentages\n|clearpoke\n|poke|p1|Vaporeon, F|\n|poke|p1|Gardevoir, F|\n|poke|p1|Delphox, F|\n|poke|p1|Salazzle, F|\n|poke|p2|Pelipper, F|\n|poke|p2|Ogerpon-Wellspring, F|\n|poke|p2|Shiftry, F|\n|poke|p2|Overqwil, F|\n|poke|p2|Basculegion, M|\n|poke|p2|Walking Wake|\n|teampreview\n|inactive|Battle timer is ON: inactive players will automatically lose when time's up. (requested by Imfeelingsadd)\n|\n|t:|1701184992\n|start\n|switch|p1a: Did you know|Vaporeon, F|100\/100\n|switch|p2a: Shiftry|Shiftry, F|100\/100\n|turn|1\n|c|\u2606Themelmetalguy|That name\n|c|\u2606Themelmetalguy|Do not ever cook again\n|inactive|Themelmetalguy has 120 seconds left.\n|\n|t:|1701185024\n|move|p1a: Did you know|Baby-Doll Eyes|p2a: Shiftry\n|-unboost|p2a: Shiftry|atk|1\n|move|p2a: Shiftry|Leech Seed|p1a: Did you know\n|-start|p1a: Did you know|move: Leech Seed\n|\n|-damage|p1a: Did you know|88\/100|[from] Leech Seed|[of] p2a: Shiftry\n|upkeep\n|turn|2\n|\n|t:|1701185029\n|move|p2a: Shiftry|Tailwind|p2a: Shiftry\n|-sidestart|p2: Themelmetalguy|move: Tailwind\n|-ability|p2a: Shiftry|Wind Rider|boost\n|-boost|p2a: Shiftry|atk|1\n|move|p1a: Did you know|Aqua Ring|p1a: Did you know\n|-start|p1a: Did you know|Aqua Ring\n|\n|-heal|p1a: Did you know|94\/100|[from] Aqua Ring\n|-damage|p1a: Did you know|82\/100|[from] Leech Seed|[of] p2a: Shiftry\n|upkeep\n|turn|3\n|\n|t:|1701185035\n|move|p2a: Shiftry|Leaf Blade|p1a: Did you know\n|-supereffective|p1a: Did you know\n|-damage|p1a: Did you know|2\/100\n|move|p1a: Did you know|Charm|p2a: Shiftry\n|-unboost|p2a: Shiftry|atk|2\n|\n|-heal|p1a: Did you know|9\/100|[from] Aqua Ring\n|-damage|p1a: Did you know|0 fnt|[from] Leech Seed|[of] p2a: Shiftry\n|faint|p1a: Did you know\n|upkeep\n|\n|t:|1701185039\n|switch|p1a: My Wife|Gardevoir, F|100\/100\n|-ability|p1a: My Wife|Wind Rider|[from] ability: Trace|[of] p2a: Shiftry\n|turn|4\n|c|\u2606Themelmetalguy|Why\n|\n|t:|1701185053\n|move|p2a: Shiftry|Leech Seed|p1a: My Wife|[miss]\n|-miss|p2a: Shiftry|p1a: My Wife\n|move|p1a: My Wife|Draining Kiss|p2a: Shiftry\n|-supereffective|p2a: Shiftry\n|-damage|p2a: Shiftry|25\/100\n|\n|upkeep\n|turn|5\n|\n|t:|1701185060\n|move|p2a: Shiftry|Leech Seed|p1a: My Wife\n|-start|p1a: My Wife|move: Leech Seed\n|move|p1a: My Wife|Draining Kiss|p2a: Shiftry\n|-supereffective|p2a: Shiftry\n|-damage|p2a: Shiftry|0 fnt\n|faint|p2a: Shiftry\n|\n|-sideend|p2: Themelmetalguy|move: Tailwind\n|upkeep\n|\n|t:|1701185063\n|switch|p2a: Overqwil|Overqwil, F|100\/100\n|turn|6\n|\n|t:|1701185067\n|move|p2a: Overqwil|Barb Barrage|p1a: My Wife\n|-supereffective|p1a: My Wife\n|-damage|p1a: My Wife|22\/100\n|-status|p1a: My Wife|psn\n|move|p1a: My Wife|Charm|p2a: Overqwil\n|-unboost|p2a: Overqwil|atk|2\n|\n|-damage|p1a: My Wife|10\/100 psn|[from] Leech Seed|[of] p2a: Overqwil\n|-damage|p1a: My Wife|0 fnt|[from] psn\n|faint|p1a: My Wife\n|upkeep\n|\n|t:|1701185072\n|switch|p1a: Delfoxy|Delphox, F, shiny|100\/100\n|turn|7\n|\n|t:|1701185078\n|switch|p2a: Pelipper|Pelipper, F|100\/100\n|-weather|RainDance|[from] ability: Drizzle|[of] p2a: Pelipper\n|move|p1a: Delfoxy|Flamethrower|p2a: Pelipper\n|-resisted|p2a: Pelipper\n|-damage|p2a: Pelipper|85\/100\n|\n|-weather|RainDance|[upkeep]\n|upkeep\n|turn|8\n|\n|t:|1701185089\n|move|p1a: Delfoxy|Psychic|p2a: Pelipper\n|-damage|p2a: Pelipper|31\/100\n|move|p2a: Pelipper|U-turn|p1a: Delfoxy\n|-damage|p1a: Delfoxy|88\/100\n|\n|t:|1701185095\n|switch|p2a: Ogerpon|Ogerpon-Wellspring, F|100\/100|[from] U-turn\n|\n|-weather|RainDance|[upkeep]\n|upkeep\n|turn|9\n|\n|t:|1701185101\n|move|p1a: Delfoxy|Psychic|p2a: Ogerpon\n|-damage|p2a: Ogerpon|60\/100\n|move|p2a: Ogerpon|Ivy Cudgel|p1a: Delfoxy|[anim] Ivy Cudgel Water\n|-supereffective|p1a: Delfoxy\n|-damage|p1a: Delfoxy|0 fnt\n|faint|p1a: Delfoxy\n|\n|-weather|RainDance|[upkeep]\n|upkeep\n|\n|t:|1701185103\n|switch|p1a: Hot lizard|Salazzle, F|100\/100\n|turn|10\n|\n|t:|1701185107\n|move|p1a: Hot lizard|Fake Out|p2a: Ogerpon\n|-damage|p2a: Ogerpon|52\/100\n|cant|p2a: Ogerpon|flinch\n|\n|-weather|RainDance|[upkeep]\n|upkeep\n|turn|11\n|\n|t:|1701185114\n|move|p1a: Hot lizard|Substitute|p1a: Hot lizard\n|-start|p1a: Hot lizard|Substitute\n|-damage|p1a: Hot lizard|75\/100\n|move|p2a: Ogerpon|Ivy Cudgel|p1a: Hot lizard|[anim] Ivy Cudgel Water\n|-supereffective|p1a: Hot lizard\n|-end|p1a: Hot lizard|Substitute\n|\n|-weather|RainDance|[upkeep]\n|-heal|p1a: Hot lizard|82\/100|[from] item: Black Sludge\n|upkeep\n|turn|12\n|\n|t:|1701185121\n|-terastallize|p1a: Hot lizard|Poison\n|move|p1a: Hot lizard|Substitute|p1a: Hot lizard\n|-start|p1a: Hot lizard|Substitute\n|-damage|p1a: Hot lizard|57\/100\n|move|p2a: Ogerpon|Ivy Cudgel|p1a: Hot lizard|[anim] Ivy Cudgel Water\n|-end|p1a: Hot lizard|Substitute\n|\n|-weather|RainDance|[upkeep]\n|-heal|p1a: Hot lizard|63\/100|[from] item: Black Sludge\n|upkeep\n|turn|13\n|\n|t:|1701185128\n|move|p1a: Hot lizard|Sweet Scent|p2a: Ogerpon\n|-unboost|p2a: Ogerpon|evasion|2\n|move|p2a: Ogerpon|Ivy Cudgel|p1a: Hot lizard|[anim] Ivy Cudgel Water\n|-crit|p1a: Hot lizard\n|-damage|p1a: Hot lizard|0 fnt\n|faint|p1a: Hot lizard\n|\n|win|Themelmetalguy\n|raw|Imfeelingsadd's rating: 1000 &rarr; <strong>1000<\/strong><br \/>(+0 for losing)\n|raw|Themelmetalguy's rating: 1045 &rarr; <strong>1074<\/strong><br \/>(+29 for winning)\n","uploadtime":1701185139,"views":2,"p1id":"imfeelingsadd","p2id":"themelmetalguy","formatid":"gen9ou","rating":1000,"private":0,"password":""}