{"id":"gen9ou-1994150632","p1":"Jack0lantern89","p2":"freditschko","format":"[Gen 9] OU","log":"|j|\u2606Jack0lantern89\n|j|\u2606freditschko\n|t:|1700412769\n|gametype|singles\n|player|p1|Jack0lantern89|steven|1378\n|player|p2|freditschko|265|1362\n|teamsize|p1|6\n|teamsize|p2|6\n|gen|9\n|tier|[Gen 9] OU\n|rated|\n|rule|Sleep Clause Mod: Limit one foe put to sleep\n|rule|Species Clause: Limit one of each Pok\u00e9mon\n|rule|OHKO Clause: OHKO moves are banned\n|rule|Evasion Items Clause: Evasion items are banned\n|rule|Evasion Moves Clause: Evasion moves are banned\n|rule|Endless Battle Clause: Forcing endless battles is banned\n|rule|HP Percentage Mod: HP is shown in percentages\n|clearpoke\n|poke|p1|Rillaboom, F|\n|poke|p1|Hawlucha, M|\n|poke|p1|Magnezone|\n|poke|p1|Ogerpon-Wellspring, F|\n|poke|p1|Glimmora, M|\n|poke|p1|Hatterene, F|\n|poke|p2|Maushold|\n|poke|p2|Samurott-Hisui, M|\n|poke|p2|Kingambit, F|\n|poke|p2|Garganacl, M|\n|poke|p2|Amoonguss, M|\n|poke|p2|Weavile, F|\n|teampreview\n|inactive|Battle timer is ON: inactive players will automatically lose when time's up. (requested by Jack0lantern89)\n|inactive|freditschko also wants the timer to be on.\n|\n|t:|1700412789\n|start\n|switch|p1a: Glimmora|Glimmora, M|100\/100\n|switch|p2a: Samurott|Samurott-Hisui, M, shiny|100\/100\n|turn|1\n|\n|t:|1700412793\n|move|p1a: Glimmora|Stealth Rock|p2a: Samurott\n|-sidestart|p2: freditschko|move: Stealth Rock\n|move|p2a: Samurott|Aqua Cutter|p1a: Glimmora\n|-supereffective|p1a: Glimmora\n|-crit|p1a: Glimmora\n|-enditem|p1a: Glimmora|Focus Sash\n|-damage|p1a: Glimmora|1\/100\n|-activate|p1a: Glimmora|ability: Toxic Debris\n|-sidestart|p2: freditschko|move: Toxic Spikes\n|\n|upkeep\n|turn|2\n|\n|t:|1700412800\n|switch|p1a: Ogerpon|Ogerpon-Wellspring, F|100\/100\n|move|p2a: Samurott|Aqua Jet|p1a: Ogerpon\n|-immune|p1a: Ogerpon|[from] ability: Water Absorb\n|\n|upkeep\n|turn|3\n|\n|t:|1700412805\n|switch|p2a: Amoonguss|Amoonguss, M, shiny|100\/100\n|-damage|p2a: Amoonguss|88\/100|[from] Stealth Rock\n|-sideend|p2: freditschko|move: Toxic Spikes|[of] p2a: Amoonguss\n|move|p1a: Ogerpon|Knock Off|p2a: Amoonguss\n|-damage|p2a: Amoonguss|61\/100\n|-enditem|p2a: Amoonguss|Red Card|[from] move: Knock Off|[of] p1a: Ogerpon\n|\n|upkeep\n|turn|4\n|\n|t:|1700412813\n|switch|p1a: Glimmora|Glimmora, M|1\/100\n|move|p2a: Amoonguss|Sludge Bomb|p1a: Glimmora\n|-resisted|p1a: Glimmora\n|-damage|p1a: Glimmora|0 fnt\n|faint|p1a: Glimmora\n|\n|upkeep\n|\n|t:|1700412840\n|switch|p1a: Hatterene|Hatterene, F|100\/100\n|turn|5\n|\n|t:|1700412843\n|move|p1a: Hatterene|Calm Mind|p1a: Hatterene\n|-boost|p1a: Hatterene|spa|1\n|-boost|p1a: Hatterene|spd|1\n|move|p2a: Amoonguss|Sludge Bomb|p1a: Hatterene\n|-supereffective|p1a: Hatterene\n|-damage|p1a: Hatterene|63\/100\n|-status|p1a: Hatterene|psn\n|\n|-heal|p1a: Hatterene|69\/100 psn|[from] item: Leftovers\n|-damage|p1a: Hatterene|56\/100 psn|[from] psn\n|upkeep\n|turn|6\n|\n|t:|1700412846\n|move|p1a: Hatterene|Psyshock|p2a: Amoonguss\n|-supereffective|p2a: Amoonguss\n|-damage|p2a: Amoonguss|0 fnt\n|faint|p2a: Amoonguss\n|\n|-heal|p1a: Hatterene|62\/100 psn|[from] item: Leftovers\n|-damage|p1a: Hatterene|50\/100 psn|[from] psn\n|upkeep\n|\n|t:|1700412850\n|switch|p2a: Weavile|Weavile, F|100\/100\n|-ability|p2a: Weavile|Pressure\n|turn|7\n|\n|t:|1700412853\n|move|p2a: Weavile|Knock Off|p1a: Hatterene\n|-damage|p1a: Hatterene|8\/100 psn\n|-enditem|p1a: Hatterene|Leftovers|[from] move: Knock Off|[of] p2a: Weavile\n|move|p1a: Hatterene|Draining Kiss|p2a: Weavile\n|-supereffective|p2a: Weavile\n|-damage|p2a: Weavile|2\/100\n|-heal|p1a: Hatterene|74\/100 psn|[from] drain|[of] p2a: Weavile\n|\n|-damage|p1a: Hatterene|62\/100 psn|[from] psn\n|upkeep\n|turn|8\n|\n|t:|1700412860\n|move|p2a: Weavile|Ice Spinner|p1a: Hatterene\n|-damage|p1a: Hatterene|31\/100 psn\n|move|p1a: Hatterene|Draining Kiss|p2a: Weavile\n|-supereffective|p2a: Weavile\n|-damage|p2a: Weavile|0 fnt\n|-heal|p1a: Hatterene|31\/100 psn|[from] drain|[of] p2a: Weavile\n|faint|p2a: Weavile\n|\n|-damage|p1a: Hatterene|19\/100 psn|[from] psn\n|upkeep\n|\n|t:|1700412868\n|switch|p2a: Samurott|Samurott-Hisui, M, shiny|100\/100\n|-damage|p2a: Samurott|88\/100|[from] Stealth Rock\n|turn|9\n|\n|t:|1700412871\n|move|p2a: Samurott|Ceaseless Edge|p1a: Hatterene\n|-damage|p1a: Hatterene|0 fnt\n|-sidestart|p1: Jack0lantern89|Spikes\n|faint|p1a: Hatterene\n|\n|upkeep\n|\n|t:|1700412876\n|switch|p1a: Rillaboom|Rillaboom, F|100\/100\n|-damage|p1a: Rillaboom|88\/100|[from] Spikes\n|-fieldstart|move: Grassy Terrain|[from] ability: Grassy Surge|[of] p1a: Rillaboom\n|turn|10\n|\n|t:|1700412881\n|switch|p2a: Kingambit|Kingambit, F|100\/100\n|-damage|p2a: Kingambit|94\/100|[from] Stealth Rock\n|-activate|p2a: Kingambit|ability: Supreme Overlord\n|-start|p2a: Kingambit|fallen2|[silent]\n|move|p1a: Rillaboom|Drum Beating|p2a: Kingambit\n|-resisted|p2a: Kingambit\n|-damage|p2a: Kingambit|68\/100\n|-unboost|p2a: Kingambit|spe|1\n|\n|-heal|p1a: Rillaboom|94\/100|[from] Grassy Terrain\n|-heal|p2a: Kingambit|74\/100|[from] Grassy Terrain\n|-heal|p2a: Kingambit|80\/100|[from] item: Leftovers\n|upkeep\n|turn|11\n|\n|t:|1700412892\n|move|p1a: Rillaboom|Drain Punch|p2a: Kingambit\n|-supereffective|p2a: Kingambit\n|-damage|p2a: Kingambit|0 fnt\n|-heal|p1a: Rillaboom|100\/100|[from] drain|[of] p2a: Kingambit\n|faint|p2a: Kingambit\n|-end|p2a: Kingambit|fallen2|[silent]\n|\n|upkeep\n|\n|t:|1700412895\n|switch|p2a: Garganacl|Garganacl, M|100\/100\n|-damage|p2a: Garganacl|88\/100|[from] Stealth Rock\n|turn|12\n|\n|t:|1700412911\n|-terastallize|p2a: Garganacl|Fairy\n|move|p1a: Rillaboom|U-turn|p2a: Garganacl\n|-resisted|p2a: Garganacl\n|-damage|p2a: Garganacl|79\/100\n|\n|t:|1700412914\n|switch|p1a: Magnezone|Magnezone|100\/100|[from] U-turn\n|-damage|p1a: Magnezone|88\/100|[from] Spikes\n|move|p2a: Garganacl|Iron Defense|p2a: Garganacl\n|-boost|p2a: Garganacl|def|2\n|\n|-heal|p1a: Magnezone|94\/100|[from] Grassy Terrain\n|-heal|p2a: Garganacl|85\/100|[from] Grassy Terrain\n|-heal|p2a: Garganacl|92\/100|[from] item: Leftovers\n|upkeep\n|turn|13\n|\n|t:|1700412918\n|move|p1a: Magnezone|Flash Cannon|p2a: Garganacl\n|-supereffective|p2a: Garganacl\n|-damage|p2a: Garganacl|15\/100\n|move|p2a: Garganacl|Body Press|p1a: Magnezone\n|-supereffective|p1a: Magnezone\n|-damage|p1a: Magnezone|0 fnt\n|faint|p1a: Magnezone\n|\n|-heal|p2a: Garganacl|22\/100|[from] Grassy Terrain\n|-heal|p2a: Garganacl|28\/100|[from] item: Leftovers\n|upkeep\n|\n|t:|1700412931\n|switch|p1a: Ogerpon|Ogerpon-Wellspring, F|100\/100\n|-damage|p1a: Ogerpon|88\/100|[from] Spikes\n|turn|14\n|\n|t:|1700412934\n|move|p1a: Ogerpon|Swords Dance|p1a: Ogerpon\n|-boost|p1a: Ogerpon|atk|2\n|move|p2a: Garganacl|Recover|p2a: Garganacl\n|-heal|p2a: Garganacl|78\/100\n|\n|-heal|p1a: Ogerpon|94\/100|[from] Grassy Terrain\n|-heal|p2a: Garganacl|84\/100|[from] Grassy Terrain\n|-heal|p2a: Garganacl|90\/100|[from] item: Leftovers\n|upkeep\n|turn|15\n|\n|t:|1700412943\n|-terastallize|p1a: Ogerpon|Water\n|detailschange|p1a: Ogerpon|Ogerpon-Wellspring-Tera, F, tera:Water\n|-ability|p1a: Ogerpon|Embody Aspect (Wellspring)|boost\n|-boost|p1a: Ogerpon|spd|1\n|move|p1a: Ogerpon|Ivy Cudgel|p2a: Garganacl|[anim] Ivy Cudgel Water\n|-damage|p2a: Garganacl|36\/100\n|move|p2a: Garganacl|Iron Defense|p2a: Garganacl\n|-boost|p2a: Garganacl|def|2\n|\n|-heal|p1a: Ogerpon|99\/100|[from] Grassy Terrain\n|-heal|p2a: Garganacl|42\/100|[from] Grassy Terrain\n|-heal|p2a: Garganacl|49\/100|[from] item: Leftovers\n|upkeep\n|turn|16\n|\n|t:|1700412950\n|move|p1a: Ogerpon|Ivy Cudgel|p2a: Garganacl|[anim] Ivy Cudgel Water\n|-crit|p2a: Garganacl\n|-damage|p2a: Garganacl|0 fnt\n|faint|p2a: Garganacl\n|\n|-heal|p1a: Ogerpon|100\/100|[from] Grassy Terrain\n|upkeep\n|\n|t:|1700412954\n|switch|p2a: Samurott|Samurott-Hisui, M, shiny|88\/100\n|-damage|p2a: Samurott|76\/100|[from] Stealth Rock\n|turn|17\n|\n|t:|1700412957\n|move|p1a: Ogerpon|Grassy Glide|p2a: Samurott\n|-supereffective|p2a: Samurott\n|-damage|p2a: Samurott|0 fnt\n|faint|p2a: Samurott\n|\n|-fieldend|move: Grassy Terrain\n|upkeep\n|\n|t:|1700412960\n|switch|p2a: Maushold|Maushold|100\/100\n|-damage|p2a: Maushold|88\/100|[from] Stealth Rock\n|turn|18\n|\n|t:|1700412967\n|move|p2a: Maushold|Encore|p1a: Ogerpon\n|-start|p1a: Ogerpon|Encore\n|move|p1a: Ogerpon|Grassy Glide|p2a: Maushold\n|-damage|p2a: Maushold|0 fnt\n|faint|p2a: Maushold\n|\n|win|Jack0lantern89\n|raw|Jack0lantern89's rating: 1378 &rarr; <strong>1397<\/strong><br \/>(+19 for winning)\n|raw|freditschko's rating: 1362 &rarr; <strong>1343<\/strong><br \/>(-19 for losing)\n","uploadtime":1700412975,"views":24,"p1id":"jack0lantern89","p2id":"freditschko","formatid":"gen9ou","rating":1343,"private":0,"password":""}