{"id":"gen9ou-1993499207","p1":"rectreemz","p2":"Axl.40","format":"[Gen 9] OU","log":"|j|\u2606rectreemz\n|j|\u2606Axl.40\n|t:|1700325123\n|gametype|singles\n|player|p1|rectreemz|169|1385\n|player|p2|Axl.40|ethan|1395\n|teamsize|p1|6\n|teamsize|p2|6\n|gen|9\n|tier|[Gen 9] OU\n|rated|\n|rule|Sleep Clause Mod: Limit one foe put to sleep\n|rule|Species Clause: Limit one of each Pok\u00e9mon\n|rule|OHKO Clause: OHKO moves are banned\n|rule|Evasion Items Clause: Evasion items are banned\n|rule|Evasion Moves Clause: Evasion moves are banned\n|rule|Endless Battle Clause: Forcing endless battles is banned\n|rule|HP Percentage Mod: HP is shown in percentages\n|clearpoke\n|poke|p1|Ogerpon, F|\n|poke|p1|Corviknight, M|\n|poke|p1|Sneasler, F|\n|poke|p1|Kingambit, M|\n|poke|p1|Landorus-Therian, M|\n|poke|p1|Iron Moth|\n|poke|p2|Toxapex, M|\n|poke|p2|Gholdengo|\n|poke|p2|Great Tusk|\n|poke|p2|Samurott-Hisui, F|\n|poke|p2|Iron Valiant|\n|poke|p2|Rotom-Heat|\n|teampreview\n|inactive|Battle timer is ON: inactive players will automatically lose when time's up. (requested by rectreemz)\n|\n|t:|1700325129\n|start\n|switch|p1a: Sneasler|Sneasler, F|100\/100\n|switch|p2a: Rotom|Rotom-Heat|100\/100\n|turn|1\n|\n|t:|1700325132\n|move|p1a: Sneasler|U-turn|p2a: Rotom\n|-resisted|p2a: Rotom\n|-damage|p2a: Rotom|81\/100\n|\n|t:|1700325137\n|switch|p1a: Landorus|Landorus-Therian, M|100\/100|[from] U-turn\n|-ability|p1a: Landorus|Intimidate|boost\n|-unboost|p2a: Rotom|atk|1\n|move|p2a: Rotom|Will-O-Wisp|p1a: Landorus\n|-status|p1a: Landorus|brn\n|\n|-damage|p1a: Landorus|95\/100 brn|[from] brn\n|upkeep\n|turn|2\n|\n|t:|1700325144\n|switch|p2a: Samurott|Samurott-Hisui, F|100\/100\n|move|p1a: Landorus|Stealth Rock|p2a: Samurott\n|-sidestart|p2: Axl.40|move: Stealth Rock\n|\n|-heal|p1a: Landorus|100\/100 brn|[from] item: Leftovers\n|-damage|p1a: Landorus|95\/100 brn|[from] brn\n|upkeep\n|turn|3\n|\n|t:|1700325151\n|move|p1a: Landorus|U-turn|p2a: Samurott\n|-supereffective|p2a: Samurott\n|-damage|p2a: Samurott|69\/100\n|\n|t:|1700325154\n|switch|p1a: Sneasler|Sneasler, F|100\/100|[from] U-turn\n|move|p2a: Samurott|Ceaseless Edge|p1a: Sneasler\n|-resisted|p1a: Sneasler\n|-damage|p1a: Sneasler|51\/100\n|-sidestart|p1: rectreemz|Spikes\n|\n|upkeep\n|turn|4\n|\n|t:|1700325161\n|switch|p2a: Great Tusk|Great Tusk|100\/100\n|move|p1a: Sneasler|U-turn|p2a: Great Tusk\n|-resisted|p2a: Great Tusk\n|-damage|p2a: Great Tusk|91\/100\n|-status|p2a: Great Tusk|psn|[from] ability: Poison Touch|[of] p1a: Sneasler\n|\n|t:|1700325167\n|switch|p1a: Corviknight|Corviknight, M|100\/100|[from] U-turn\n|-ability|p1a: Corviknight|Pressure\n|\n|-damage|p2a: Great Tusk|79\/100 psn|[from] psn\n|upkeep\n|turn|5\n|\n|t:|1700325176\n|-end|p2a: Great Tusk|Protosynthesis|[silent]\n|switch|p2a: Samurott|Samurott-Hisui, F|69\/100\n|-damage|p2a: Samurott|57\/100|[from] Stealth Rock\n|move|p1a: Corviknight|Defog|p2a: Samurott\n|-unboost|p2a: Samurott|evasion|1\n|-sideend|p2: Axl.40|Stealth Rock|[from] move: Defog|[of] p1a: Corviknight\n|-sideend|p1: rectreemz|Spikes|[from] move: Defog|[of] p1a: Corviknight\n|\n|upkeep\n|turn|6\n|\n|t:|1700325182\n|move|p2a: Samurott|Knock Off|p1a: Corviknight\n|-damage|p1a: Corviknight|66\/100\n|-damage|p2a: Samurott|40\/100|[from] item: Rocky Helmet|[of] p1a: Corviknight\n|-enditem|p1a: Corviknight|Rocky Helmet|[from] move: Knock Off|[of] p2a: Samurott\n|move|p1a: Corviknight|U-turn|p2a: Samurott\n|-supereffective|p2a: Samurott\n|-damage|p2a: Samurott|2\/100\n|\n|t:|1700325190\n|switch|p1a: Landorus|Landorus-Therian, M|95\/100 brn|[from] U-turn\n|-ability|p1a: Landorus|Intimidate|boost\n|-unboost|p2a: Samurott|atk|1\n|\n|-heal|p1a: Landorus|100\/100 brn|[from] item: Leftovers\n|-damage|p1a: Landorus|95\/100 brn|[from] brn\n|upkeep\n|turn|7\n|\n|t:|1700325201\n|move|p1a: Landorus|U-turn|p2a: Samurott\n|-supereffective|p2a: Samurott\n|-crit|p2a: Samurott\n|-damage|p2a: Samurott|0 fnt\n|faint|p2a: Samurott\n|\n|t:|1700325205\n|switch|p1a: Sneasler|Sneasler, F|51\/100|[from] U-turn\n|\n|upkeep\n|\n|t:|1700325210\n|switch|p2a: Gholdengo|Gholdengo|100\/100\n|turn|8\n|\n|t:|1700325214\n|move|p1a: Sneasler|U-turn|p2a: Gholdengo\n|-resisted|p2a: Gholdengo\n|-damage|p2a: Gholdengo|93\/100\n|\n|t:|1700325221\n|switch|p1a: Iron Moth|Iron Moth|100\/100|[from] U-turn\n|-enditem|p1a: Iron Moth|Booster Energy\n|-activate|p1a: Iron Moth|ability: Quark Drive|[fromitem]\n|-start|p1a: Iron Moth|quarkdrivespe\n|move|p2a: Gholdengo|Shadow Ball|p1a: Iron Moth\n|-damage|p1a: Iron Moth|60\/100\n|\n|upkeep\n|turn|9\n|\n|t:|1700325232\n|switch|p2a: Toxapex|Toxapex, M|100\/100\n|move|p1a: Iron Moth|Substitute|p1a: Iron Moth\n|-start|p1a: Iron Moth|Substitute\n|-damage|p1a: Iron Moth|35\/100\n|\n|upkeep\n|turn|10\n|\n|t:|1700325239\n|move|p1a: Iron Moth|Fiery Dance|p2a: Toxapex\n|-resisted|p2a: Toxapex\n|-damage|p2a: Toxapex|83\/100\n|-enditem|p2a: Toxapex|Red Card|[of] p1a: Iron Moth\n|-end|p1a: Iron Moth|Quark Drive|[silent]\n|drag|p1a: Landorus|Landorus-Therian, M|95\/100 brn\n|-ability|p1a: Landorus|Intimidate|boost\n|-unboost|p2a: Toxapex|atk|1\n|move|p2a: Toxapex|Recover|p2a: Toxapex\n|-heal|p2a: Toxapex|100\/100\n|\n|-heal|p1a: Landorus|100\/100 brn|[from] item: Leftovers\n|-damage|p1a: Landorus|95\/100 brn|[from] brn\n|upkeep\n|turn|11\n|\n|t:|1700325248\n|switch|p2a: Great Tusk|Great Tusk|79\/100 psn\n|move|p1a: Landorus|Stealth Rock|p2a: Great Tusk\n|-sidestart|p2: Axl.40|move: Stealth Rock\n|\n|-heal|p1a: Landorus|100\/100 brn|[from] item: Leftovers\n|-damage|p2a: Great Tusk|66\/100 psn|[from] psn\n|-damage|p1a: Landorus|95\/100 brn|[from] brn\n|upkeep\n|turn|12\n|\n|t:|1700325252\n|move|p1a: Landorus|U-turn|p2a: Great Tusk\n|-resisted|p2a: Great Tusk\n|-damage|p2a: Great Tusk|61\/100 psn\n|\n|t:|1700325256\n|switch|p1a: Corviknight|Corviknight, M|66\/100|[from] U-turn\n|-ability|p1a: Corviknight|Pressure\n|move|p2a: Great Tusk|Stealth Rock|p1a: Corviknight\n|-sidestart|p1: rectreemz|move: Stealth Rock\n|\n|-damage|p2a: Great Tusk|49\/100 psn|[from] psn\n|upkeep\n|turn|13\n|\n|t:|1700325263\n|-end|p2a: Great Tusk|Protosynthesis|[silent]\n|switch|p2a: Gholdengo|Gholdengo|93\/100\n|-damage|p2a: Gholdengo|87\/100|[from] Stealth Rock\n|move|p1a: Corviknight|Defog|p2a: Gholdengo\n|-immune|p2a: Gholdengo|[from] ability: Good as Gold\n|\n|upkeep\n|turn|14\n|\n|t:|1700325272\n|switch|p1a: Kingambit|Kingambit, M|100\/100\n|-damage|p1a: Kingambit|94\/100|[from] Stealth Rock\n|move|p2a: Gholdengo|Shadow Ball|p1a: Kingambit\n|-resisted|p1a: Kingambit\n|-damage|p1a: Kingambit|73\/100\n|\n|upkeep\n|turn|15\n|\n|t:|1700325284\n|switch|p2a: Toxapex|Toxapex, M|100\/100\n|-damage|p2a: Toxapex|88\/100|[from] Stealth Rock\n|move|p1a: Kingambit|Iron Head|p2a: Toxapex\n|-resisted|p2a: Toxapex\n|-damage|p2a: Toxapex|74\/100\n|\n|upkeep\n|turn|16\n|\n|t:|1700325300\n|-end|p1a: Kingambit|fallenundefined|[silent]\n|switch|p1a: Corviknight|Corviknight, M|66\/100\n|-damage|p1a: Corviknight|54\/100|[from] Stealth Rock\n|-ability|p1a: Corviknight|Pressure\n|move|p2a: Toxapex|Surf|p1a: Corviknight\n|-damage|p1a: Corviknight|37\/100\n|\n|upkeep\n|turn|17\n|\n|t:|1700325309\n|switch|p2a: Gholdengo|Gholdengo|87\/100\n|-damage|p2a: Gholdengo|81\/100|[from] Stealth Rock\n|move|p1a: Corviknight|Roost|p1a: Corviknight\n|-heal|p1a: Corviknight|87\/100\n|-singleturn|p1a: Corviknight|move: Roost\n|\n|upkeep\n|turn|18\n|\n|t:|1700325318\n|move|p2a: Gholdengo|Shadow Ball|p1a: Corviknight\n|-damage|p1a: Corviknight|47\/100\n|-unboost|p1a: Corviknight|spd|1\n|move|p1a: Corviknight|U-turn|p2a: Gholdengo\n|-resisted|p2a: Gholdengo\n|-damage|p2a: Gholdengo|77\/100\n|\n|t:|1700325325\n|switch|p1a: Ogerpon|Ogerpon, F|100\/100|[from] U-turn\n|-damage|p1a: Ogerpon|88\/100|[from] Stealth Rock\n|\n|upkeep\n|turn|19\n|\n|t:|1700325342\n|switch|p2a: Rotom|Rotom-Heat|81\/100\n|-damage|p2a: Rotom|56\/100|[from] Stealth Rock\n|move|p1a: Ogerpon|Knock Off|p2a: Rotom\n|-damage|p2a: Rotom|11\/100\n|-enditem|p2a: Rotom|Choice Scarf|[from] move: Knock Off|[of] p1a: Ogerpon\n|\n|upkeep\n|turn|20\n|\n|t:|1700325353\n|move|p1a: Ogerpon|Trailblaze|p2a: Rotom\n|-resisted|p2a: Rotom\n|-damage|p2a: Rotom|0 fnt\n|-boost|p1a: Ogerpon|spe|1\n|faint|p2a: Rotom\n|\n|upkeep\n|\n|t:|1700325357\n|switch|p2a: Iron Valiant|Iron Valiant|100\/100\n|-damage|p2a: Iron Valiant|94\/100|[from] Stealth Rock\n|-enditem|p2a: Iron Valiant|Booster Energy\n|-activate|p2a: Iron Valiant|ability: Quark Drive|[fromitem]\n|-start|p2a: Iron Valiant|quarkdrivespe\n|turn|21\n|\n|t:|1700325362\n|-terastallize|p1a: Ogerpon|Grass\n|detailschange|p1a: Ogerpon|Ogerpon-Teal-Tera, F, tera:Grass\n|-ability|p1a: Ogerpon|Embody Aspect (Teal)|boost\n|-boost|p1a: Ogerpon|spe|1\n|move|p1a: Ogerpon|Ivy Cudgel|p2a: Iron Valiant\n|-crit|p2a: Iron Valiant\n|-damage|p2a: Iron Valiant|0 fnt\n|faint|p2a: Iron Valiant\n|-end|p2a: Iron Valiant|Quark Drive|[silent]\n|\n|upkeep\n|\n|t:|1700325370\n|switch|p2a: Toxapex|Toxapex, M|100\/100\n|-damage|p2a: Toxapex|88\/100|[from] Stealth Rock\n|turn|22\n|\n|t:|1700325373\n|switch|p1a: Corviknight|Corviknight, M|47\/100\n|-damage|p1a: Corviknight|35\/100|[from] Stealth Rock\n|-ability|p1a: Corviknight|Pressure\n|move|p2a: Toxapex|Toxic|p1a: Corviknight\n|-immune|p1a: Corviknight\n|\n|upkeep\n|turn|23\n|\n|t:|1700325381\n|switch|p2a: Gholdengo|Gholdengo|77\/100\n|-damage|p2a: Gholdengo|71\/100|[from] Stealth Rock\n|move|p1a: Corviknight|Roost|p1a: Corviknight\n|-heal|p1a: Corviknight|85\/100\n|-singleturn|p1a: Corviknight|move: Roost\n|\n|upkeep\n|turn|24\n|\n|t:|1700325387\n|move|p2a: Gholdengo|Nasty Plot|p2a: Gholdengo\n|-boost|p2a: Gholdengo|spa|2\n|move|p1a: Corviknight|U-turn|p2a: Gholdengo\n|-resisted|p2a: Gholdengo\n|-damage|p2a: Gholdengo|67\/100\n|\n|t:|1700325405\n|switch|p1a: Iron Moth|Iron Moth|35\/100|[from] U-turn\n|-damage|p1a: Iron Moth|10\/100|[from] Stealth Rock\n|\n|upkeep\n|turn|25\n|\n|t:|1700325413\n|switch|p2a: Toxapex|Toxapex, M|100\/100\n|-damage|p2a: Toxapex|88\/100|[from] Stealth Rock\n|move|p1a: Iron Moth|Fiery Dance|p2a: Toxapex\n|-resisted|p2a: Toxapex\n|-damage|p2a: Toxapex|73\/100\n|-boost|p1a: Iron Moth|spa|1\n|\n|upkeep\n|turn|26\n|\n|t:|1700325420\n|move|p1a: Iron Moth|Energy Ball|p2a: Toxapex\n|-damage|p2a: Toxapex|36\/100\n|move|p2a: Toxapex|Surf|p1a: Iron Moth\n|-supereffective|p1a: Iron Moth\n|-damage|p1a: Iron Moth|0 fnt\n|faint|p1a: Iron Moth\n|-end|p1a: Iron Moth|Quark Drive|[silent]\n|\n|upkeep\n|\n|t:|1700325425\n|switch|p1a: Landorus|Landorus-Therian, M|95\/100 brn\n|-damage|p1a: Landorus|82\/100 brn|[from] Stealth Rock\n|-ability|p1a: Landorus|Intimidate|boost\n|-unboost|p2a: Toxapex|atk|1\n|turn|27\n|\n|t:|1700325429\n|move|p1a: Landorus|Taunt|p2a: Toxapex\n|-start|p2a: Toxapex|move: Taunt\n|move|p2a: Toxapex|Surf|p1a: Landorus\n|-supereffective|p1a: Landorus\n|-damage|p1a: Landorus|33\/100 brn\n|\n|-heal|p1a: Landorus|39\/100 brn|[from] item: Leftovers\n|-damage|p1a: Landorus|33\/100 brn|[from] brn\n|upkeep\n|turn|28\n|\n|t:|1700325436\n|switch|p2a: Great Tusk|Great Tusk|49\/100 psn\n|move|p1a: Landorus|U-turn|p2a: Great Tusk\n|-resisted|p2a: Great Tusk\n|-damage|p2a: Great Tusk|44\/100 psn\n|\n|t:|1700325440\n|switch|p1a: Ogerpon|Ogerpon-Teal-Tera, F, tera:Grass|88\/100|[from] U-turn\n|-damage|p1a: Ogerpon|76\/100|[from] Stealth Rock\n|-ability|p1a: Ogerpon|Embody Aspect (Teal)|boost\n|-boost|p1a: Ogerpon|spe|1\n|\n|-damage|p2a: Great Tusk|32\/100 psn|[from] psn\n|upkeep\n|turn|29\n|\n|t:|1700325446\n|move|p1a: Ogerpon|Ivy Cudgel|p2a: Great Tusk\n|-supereffective|p2a: Great Tusk\n|-crit|p2a: Great Tusk\n|-damage|p2a: Great Tusk|0 fnt\n|faint|p2a: Great Tusk\n|-end|p2a: Great Tusk|Protosynthesis|[silent]\n|\n|upkeep\n|\n|t:|1700325449\n|switch|p2a: Gholdengo|Gholdengo|67\/100\n|-damage|p2a: Gholdengo|61\/100|[from] Stealth Rock\n|turn|30\n|\n|t:|1700325452\n|move|p1a: Ogerpon|Knock Off|p2a: Gholdengo\n|-supereffective|p2a: Gholdengo\n|-damage|p2a: Gholdengo|0 fnt\n|-enditem|p2a: Gholdengo|Covert Cloak|[from] move: Knock Off|[of] p1a: Ogerpon\n|faint|p2a: Gholdengo\n|\n|upkeep\n|-message|Axl.40 forfeited.\n|\n|win|rectreemz\n|raw|rectreemz's rating: 1385 &rarr; <strong>1406<\/strong><br \/>(+21 for winning)\n|raw|Axl.40's rating: 1395 &rarr; <strong>1374<\/strong><br \/>(-21 for losing)\n|l|\u2606Axl.40\n","uploadtime":1700325471,"views":8,"p1id":"rectreemz","p2id":"axl40","formatid":"gen9ou","rating":1374,"private":0,"password":""}