{"id":"gen9ou-1993607650","p1":"Oboe Artist","p2":"ZethKang","format":"[Gen 9] OU","log":"|j|\u2606Oboe Artist\n|j|\u2606ZethKang\n|t:|1700336932\n|gametype|singles\n|player|p1|Oboe Artist|2|1014\n|player|p2|ZethKang|1|1013\n|teamsize|p1|6\n|teamsize|p2|6\n|gen|9\n|tier|[Gen 9] OU\n|rated|\n|rule|Sleep Clause Mod: Limit one foe put to sleep\n|rule|Species Clause: Limit one of each Pok\u00e9mon\n|rule|OHKO Clause: OHKO moves are banned\n|rule|Evasion Items Clause: Evasion items are banned\n|rule|Evasion Moves Clause: Evasion moves are banned\n|rule|Endless Battle Clause: Forcing endless battles is banned\n|rule|HP Percentage Mod: HP is shown in percentages\n|clearpoke\n|poke|p1|Victreebel, M|\n|poke|p1|Magcargo, M|\n|poke|p1|Torkoal, F|\n|poke|p1|Ambipom, M|\n|poke|p1|Gligar, F|\n|poke|p1|Palossand, F|\n|poke|p2|Vikavolt, M|\n|poke|p2|Enamorus, F|\n|poke|p2|Great Tusk|\n|poke|p2|Gholdengo|\n|poke|p2|Kommo-o, F|\n|poke|p2|Iron Moth|\n|teampreview\n|\n|t:|1700336942\n|start\n|switch|p1a: Gligar|Gligar, F|100\/100\n|switch|p2a: Dentist G-Ram|Great Tusk|100\/100\n|-enditem|p2a: Dentist G-Ram|Booster Energy\n|-activate|p2a: Dentist G-Ram|ability: Protosynthesis|[fromitem]\n|-start|p2a: Dentist G-Ram|protosynthesisatk\n|turn|1\n|\n|t:|1700336955\n|move|p2a: Dentist G-Ram|Stealth Rock|p1a: Gligar\n|-sidestart|p1: Oboe Artist|move: Stealth Rock\n|move|p1a: Gligar|Rock Tomb|p2a: Dentist G-Ram\n|-resisted|p2a: Dentist G-Ram\n|-damage|p2a: Dentist G-Ram|99\/100\n|-unboost|p2a: Dentist G-Ram|spe|1\n|\n|upkeep\n|turn|2\n|\n|t:|1700336988\n|move|p1a: Gligar|Spikes|p2a: Dentist G-Ram\n|-sidestart|p2: ZethKang|Spikes\n|move|p2a: Dentist G-Ram|Ice Spinner|p1a: Gligar\n|-supereffective|p1a: Gligar\n|-crit|p1a: Gligar\n|-damage|p1a: Gligar|0 fnt\n|faint|p1a: Gligar\n|\n|upkeep\n|\n|t:|1700336996\n|switch|p1a: Torkoal|Torkoal, F|100\/100\n|-damage|p1a: Torkoal|76\/100|[from] Stealth Rock\n|-weather|SunnyDay|[from] ability: Drought|[of] p1a: Torkoal\n|turn|3\n|\n|t:|1700337011\n|move|p2a: Dentist G-Ram|Headlong Rush|p1a: Torkoal\n|-supereffective|p1a: Torkoal\n|-damage|p1a: Torkoal|0 fnt\n|-unboost|p2a: Dentist G-Ram|def|1\n|-unboost|p2a: Dentist G-Ram|spd|1\n|faint|p1a: Torkoal\n|\n|-weather|SunnyDay|[upkeep]\n|upkeep\n|\n|t:|1700337024\n|switch|p1a: Victreebel|Victreebel, M|100\/100\n|turn|4\n|\n|t:|1700337039\n|move|p1a: Victreebel|Sleep Powder|p2a: Dentist G-Ram\n|-status|p2a: Dentist G-Ram|slp|[from] move: Sleep Powder\n|cant|p2a: Dentist G-Ram|slp\n|\n|-weather|SunnyDay|[upkeep]\n|upkeep\n|turn|5\n|\n|t:|1700337045\n|move|p1a: Victreebel|Swords Dance|p1a: Victreebel\n|-boost|p1a: Victreebel|atk|2\n|-curestatus|p2a: Dentist G-Ram|slp|[msg]\n|move|p2a: Dentist G-Ram|Headlong Rush|p1a: Victreebel\n|-damage|p1a: Victreebel|0 fnt\n|-unboost|p2a: Dentist G-Ram|def|1\n|-unboost|p2a: Dentist G-Ram|spd|1\n|faint|p1a: Victreebel\n|\n|-weather|SunnyDay|[upkeep]\n|upkeep\n|c|\u2606Oboe Artist|...\n|\n|t:|1700337060\n|switch|p1a: Ambipom|Ambipom, M|100\/100\n|-damage|p1a: Ambipom|88\/100|[from] Stealth Rock\n|turn|6\n|\n|t:|1700337067\n|-terastallize|p1a: Ambipom|Normal\n|move|p1a: Ambipom|Fake Out|p2a: Dentist G-Ram\n|-damage|p2a: Dentist G-Ram|47\/100\n|cant|p2a: Dentist G-Ram|flinch\n|\n|-weather|SunnyDay|[upkeep]\n|upkeep\n|turn|7\n|\n|t:|1700337074\n|move|p1a: Ambipom|Fury Swipes|p2a: Dentist G-Ram\n|-damage|p2a: Dentist G-Ram|24\/100\n|-damage|p2a: Dentist G-Ram|1\/100\n|-damage|p2a: Dentist G-Ram|0 fnt\n|faint|p2a: Dentist G-Ram\n|-end|p2a: Dentist G-Ram|Protosynthesis|[silent]\n|-hitcount|p2: Dentist G-Ram|3\n|\n|-weather|SunnyDay|[upkeep]\n|upkeep\n|\n|t:|1700337092\n|switch|p2a: Djengo Unrained|Gholdengo|100\/100\n|-item|p2a: Djengo Unrained|Air Balloon\n|turn|8\n|\n|t:|1700337100\n|move|p1a: Ambipom|Knock Off|p2a: Djengo Unrained\n|-supereffective|p2a: Djengo Unrained\n|-damage|p2a: Djengo Unrained|33\/100\n|-enditem|p2a: Djengo Unrained|Air Balloon\n|move|p2a: Djengo Unrained|Thunderbolt|p1a: Ambipom\n|-damage|p1a: Ambipom|33\/100\n|\n|-weather|SunnyDay|[upkeep]\n|upkeep\n|turn|9\n|\n|t:|1700337110\n|move|p1a: Ambipom|Knock Off|p2a: Djengo Unrained\n|-supereffective|p2a: Djengo Unrained\n|-damage|p2a: Djengo Unrained|0 fnt\n|faint|p2a: Djengo Unrained\n|\n|-weather|SunnyDay|[upkeep]\n|upkeep\n|\n|t:|1700337128\n|switch|p2a: Tony Komo|Kommo-o, F|100\/100\n|-damage|p2a: Tony Komo|88\/100|[from] Spikes\n|turn|10\n|\n|t:|1700337138\n|move|p1a: Ambipom|Fury Swipes|p2a: Tony Komo|[miss]\n|-miss|p1a: Ambipom|p2a: Tony Komo\n|move|p2a: Tony Komo|Clanging Scales|p1a: Ambipom\n|-damage|p1a: Ambipom|0 fnt\n|faint|p1a: Ambipom\n|-unboost|p2a: Tony Komo|def|1\n|\n|-weather|none\n|-heal|p2a: Tony Komo|94\/100|[from] item: Leftovers\n|upkeep\n|c|\u2606Oboe Artist|god fucking damn it this game hates me\n|\n|t:|1700337154\n|switch|p1a: Palossand|Palossand, F|100\/100\n|-damage|p1a: Palossand|94\/100|[from] Stealth Rock\n|turn|11\n|\n|t:|1700337180\n|move|p2a: Tony Komo|Clangorous Soul|p2a: Tony Komo\n|-boost|p2a: Tony Komo|atk|1\n|-boost|p2a: Tony Komo|def|1\n|-boost|p2a: Tony Komo|spa|1\n|-boost|p2a: Tony Komo|spd|1\n|-boost|p2a: Tony Komo|spe|1\n|-damage|p2a: Tony Komo|61\/100\n|move|p1a: Palossand|Shore Up|p1a: Palossand\n|-heal|p1a: Palossand|100\/100\n|\n|-heal|p2a: Tony Komo|68\/100|[from] item: Leftovers\n|upkeep\n|turn|12\n|\n|t:|1700337195\n|move|p2a: Tony Komo|Clanging Scales|p1a: Palossand\n|-damage|p1a: Palossand|18\/100\n|-unboost|p2a: Tony Komo|def|1\n|move|p1a: Palossand|Earth Power|p2a: Tony Komo\n|-damage|p2a: Tony Komo|33\/100\n|\n|-heal|p2a: Tony Komo|40\/100|[from] item: Leftovers\n|upkeep\n|turn|13\n|\n|t:|1700337205\n|move|p2a: Tony Komo|Clanging Scales|p1a: Palossand\n|-damage|p1a: Palossand|0 fnt\n|faint|p1a: Palossand\n|-unboost|p2a: Tony Komo|def|1\n|\n|-heal|p2a: Tony Komo|46\/100|[from] item: Leftovers\n|upkeep\n|\n|t:|1700337213\n|switch|p1a: Magcargo|Magcargo, M|100\/100\n|-damage|p1a: Magcargo|76\/100|[from] Stealth Rock\n|turn|14\n|\n|t:|1700337223\n|move|p2a: Tony Komo|Drain Punch|p1a: Magcargo\n|-supereffective|p1a: Magcargo\n|-damage|p1a: Magcargo|0 fnt\n|-heal|p2a: Tony Komo|80\/100|[from] drain|[of] p1a: Magcargo\n|faint|p1a: Magcargo\n|\n|win|ZethKang\n|raw|Oboe Artist's rating: 1061 &rarr; <strong>1039<\/strong><br \/>(-22 for losing)\n|raw|ZethKang's rating: 1013 &rarr; <strong>1056<\/strong><br \/>(+43 for winning)\n","uploadtime":1700337151,"views":8,"p1id":"oboeartist","p2id":"zethkang","formatid":"gen9ou","rating":1039,"private":0,"password":""}