{"id":"gen9ou-1992593438","p1":"Swiftler5","p2":"haxusorry","format":"[Gen 9] OU","log":"|j|\u2606Swiftler5\n|j|\u2606haxusorry\n|t:|1700211553\n|gametype|singles\n|player|p1|Swiftler5|102|1225\n|player|p2|haxusorry|riley|1318\n|teamsize|p1|6\n|teamsize|p2|6\n|gen|9\n|tier|[Gen 9] OU\n|rated|\n|rule|Sleep Clause Mod: Limit one foe put to sleep\n|rule|Species Clause: Limit one of each Pok\u00e9mon\n|rule|OHKO Clause: OHKO moves are banned\n|rule|Evasion Items Clause: Evasion items are banned\n|rule|Evasion Moves Clause: Evasion moves are banned\n|rule|Endless Battle Clause: Forcing endless battles is banned\n|rule|HP Percentage Mod: HP is shown in percentages\n|clearpoke\n|poke|p1|Great Tusk|\n|poke|p1|Enamorus, F|\n|poke|p1|Manaphy|\n|poke|p1|Glimmora, F|\n|poke|p1|Blissey, F|\n|poke|p1|Ting-Lu|\n|poke|p2|Landorus-Therian, M|\n|poke|p2|Pelipper, M|\n|poke|p2|Kingambit, F|\n|poke|p2|Hatterene, F|\n|poke|p2|Barraskewda, M|\n|poke|p2|Dragapult, M|\n|teampreview\n|\n|t:|1700211563\n|start\n|switch|p1a: Glimmora|Glimmora, F|100\/100\n|switch|p2a: Dragapult|Dragapult, M|100\/100\n|turn|1\n|inactive|Battle timer is ON: inactive players will automatically lose when time's up. (requested by Swiftler5)\n|\n|t:|1700211568\n|move|p2a: Dragapult|U-turn|p1a: Glimmora\n|-resisted|p1a: Glimmora\n|-damage|p1a: Glimmora|89\/100\n|-activate|p1a: Glimmora|ability: Toxic Debris\n|-sidestart|p2: haxusorry|move: Toxic Spikes\n|\n|t:|1700211573\n|switch|p2a: Pelipper|Pelipper, M, shiny|100\/100|[from] U-turn\n|-weather|RainDance|[from] ability: Drizzle|[of] p2a: Pelipper\n|move|p1a: Glimmora|Dazzling Gleam|p2a: Pelipper\n|-damage|p2a: Pelipper|72\/100\n|\n|-weather|RainDance|[upkeep]\n|upkeep\n|turn|2\n|\n|t:|1700211577\n|move|p1a: Glimmora|Power Gem|p2a: Pelipper\n|-supereffective|p2a: Pelipper\n|-damage|p2a: Pelipper|0 fnt\n|faint|p2a: Pelipper\n|\n|-weather|RainDance|[upkeep]\n|upkeep\n|\n|t:|1700211582\n|switch|p2a: Barraskewda|Barraskewda, M|100\/100\n|-status|p2a: Barraskewda|psn\n|turn|3\n|\n|t:|1700211588\n|switch|p1a: Ting-Lu|Ting-Lu|100\/100\n|-ability|p1a: Ting-Lu|Vessel of Ruin\n|move|p2a: Barraskewda|Flip Turn|p1a: Ting-Lu\n|-supereffective|p1a: Ting-Lu\n|-damage|p1a: Ting-Lu|41\/100\n|\n|t:|1700211595\n|switch|p2a: Landorus|Landorus-Therian, M|100\/100|[from] Flip Turn\n|-ability|p2a: Landorus|Intimidate|boost\n|-unboost|p1a: Ting-Lu|atk|1\n|\n|-weather|RainDance|[upkeep]\n|-heal|p1a: Ting-Lu|47\/100|[from] item: Leftovers\n|upkeep\n|turn|4\n|\n|t:|1700211606\n|switch|p1a: Glimmora|Glimmora, F|89\/100\n|move|p2a: Landorus|Weather Ball|p1a: Glimmora\n|-supereffective|p1a: Glimmora\n|-damage|p1a: Glimmora|0 fnt\n|faint|p1a: Glimmora\n|\n|-weather|RainDance|[upkeep]\n|upkeep\n|\n|t:|1700211611\n|switch|p1a: Blissey|Blissey, F|100\/100\n|turn|5\n|\n|t:|1700211618\n|switch|p2a: Dragapult|Dragapult, M|100\/100\n|-status|p2a: Dragapult|psn\n|move|p1a: Blissey|Seismic Toss|p2a: Dragapult\n|-immune|p2a: Dragapult\n|\n|-weather|RainDance|[upkeep]\n|-damage|p2a: Dragapult|88\/100 psn|[from] psn\n|upkeep\n|turn|6\n|\n|t:|1700211625\n|move|p2a: Dragapult|U-turn|p1a: Blissey\n|-damage|p1a: Blissey|85\/100\n|\n|t:|1700211628\n|switch|p2a: Hatterene|Hatterene, F|100\/100|[from] U-turn\n|-status|p2a: Hatterene|psn\n|move|p1a: Blissey|Stealth Rock|p2a: Hatterene\n|move|p2a: Hatterene|Stealth Rock|p1a: Blissey|[from]ability: Magic Bounce\n|-sidestart|p1: Swiftler5|move: Stealth Rock\n|\n|-weather|RainDance|[upkeep]\n|-heal|p1a: Blissey|91\/100|[from] item: Leftovers\n|-damage|p2a: Hatterene|88\/100 psn|[from] psn\n|upkeep\n|turn|7\n|\n|t:|1700211633\n|move|p1a: Blissey|Seismic Toss|p2a: Hatterene\n|-damage|p2a: Hatterene|57\/100 psn\n|move|p2a: Hatterene|Calm Mind|p2a: Hatterene\n|-boost|p2a: Hatterene|spa|1\n|-boost|p2a: Hatterene|spd|1\n|\n|-weather|RainDance|[upkeep]\n|-heal|p1a: Blissey|97\/100|[from] item: Leftovers\n|-damage|p2a: Hatterene|44\/100 psn|[from] psn\n|upkeep\n|turn|8\n|\n|t:|1700211636\n|move|p1a: Blissey|Seismic Toss|p2a: Hatterene\n|-damage|p2a: Hatterene|13\/100 psn\n|move|p2a: Hatterene|Draining Kiss|p1a: Blissey\n|-damage|p1a: Blissey|86\/100\n|-heal|p2a: Hatterene|32\/100 psn|[from] drain|[of] p1a: Blissey\n|\n|-weather|none\n|-heal|p1a: Blissey|92\/100|[from] item: Leftovers\n|-damage|p2a: Hatterene|20\/100 psn|[from] psn\n|upkeep\n|turn|9\n|\n|t:|1700211644\n|move|p1a: Blissey|Stealth Rock|p2a: Hatterene\n|move|p2a: Hatterene|Stealth Rock||[from]ability: Magic Bounce|[still]\n|-fail|p2a: Hatterene\n|move|p2a: Hatterene|Psyshock|p1a: Blissey\n|-damage|p1a: Blissey|42\/100\n|\n|-heal|p1a: Blissey|48\/100|[from] item: Leftovers\n|-damage|p2a: Hatterene|8\/100 psn|[from] psn\n|upkeep\n|turn|10\n|\n|t:|1700211655\n|move|p1a: Blissey|Soft-Boiled|p1a: Blissey\n|-heal|p1a: Blissey|98\/100\n|move|p2a: Hatterene|Psyshock|p1a: Blissey\n|-damage|p1a: Blissey|51\/100\n|\n|-heal|p1a: Blissey|58\/100|[from] item: Leftovers\n|-damage|p2a: Hatterene|0 fnt|[from] psn\n|faint|p2a: Hatterene\n|upkeep\n|\n|t:|1700211661\n|switch|p2a: Barraskewda|Barraskewda, M|100\/100 psn\n|turn|11\n|\n|t:|1700211668\n|move|p2a: Barraskewda|Flip Turn|p1a: Blissey\n|-damage|p1a: Blissey|17\/100\n|\n|t:|1700211676\n|switch|p2a: Dragapult|Dragapult, M|88\/100 psn|[from] Flip Turn\n|move|p1a: Blissey|Stealth Rock|p2a: Dragapult\n|-sidestart|p2: haxusorry|move: Stealth Rock\n|\n|-heal|p1a: Blissey|23\/100|[from] item: Leftovers\n|-damage|p2a: Dragapult|76\/100 psn|[from] psn\n|upkeep\n|turn|12\n|\n|t:|1700211684\n|move|p2a: Dragapult|Draco Meteor|p1a: Blissey|[miss]\n|-miss|p2a: Dragapult|p1a: Blissey\n|move|p1a: Blissey|Soft-Boiled|p1a: Blissey\n|-heal|p1a: Blissey|73\/100\n|\n|-heal|p1a: Blissey|79\/100|[from] item: Leftovers\n|-damage|p2a: Dragapult|64\/100 psn|[from] psn\n|upkeep\n|turn|13\n|\n|t:|1700211688\n|switch|p2a: Barraskewda|Barraskewda, M|100\/100 psn\n|-damage|p2a: Barraskewda|88\/100 psn|[from] Stealth Rock\n|move|p1a: Blissey|Fire Blast|p2a: Barraskewda|[miss]\n|-miss|p1a: Blissey|p2a: Barraskewda\n|\n|-heal|p1a: Blissey|86\/100|[from] item: Leftovers\n|-damage|p2a: Barraskewda|76\/100 psn|[from] psn\n|upkeep\n|turn|14\n|\n|t:|1700211695\n|-terastallize|p2a: Barraskewda|Water\n|move|p2a: Barraskewda|Liquidation|p1a: Blissey\n|-damage|p1a: Blissey|0 fnt\n|faint|p1a: Blissey\n|\n|-damage|p2a: Barraskewda|64\/100 psn|[from] psn\n|upkeep\n|\n|t:|1700211708\n|switch|p1a: Enamorus|Enamorus, F|100\/100\n|turn|15\n|\n|t:|1700211712\n|move|p2a: Barraskewda|Liquidation|p1a: Enamorus\n|-damage|p1a: Enamorus|0 fnt\n|faint|p1a: Enamorus\n|\n|-damage|p2a: Barraskewda|52\/100 psn|[from] psn\n|upkeep\n|\n|t:|1700211716\n|switch|p1a: Manaphy|Manaphy|100\/100\n|-damage|p1a: Manaphy|88\/100|[from] Stealth Rock\n|turn|16\n|\n|t:|1700211719\n|switch|p2a: Dragapult|Dragapult, M|64\/100 psn\n|-damage|p2a: Dragapult|51\/100 psn|[from] Stealth Rock\n|move|p1a: Manaphy|Energy Ball|p2a: Dragapult\n|-resisted|p2a: Dragapult\n|-damage|p2a: Dragapult|33\/100 psn\n|\n|-heal|p1a: Manaphy|94\/100|[from] item: Leftovers\n|-damage|p2a: Dragapult|21\/100 psn|[from] psn\n|upkeep\n|turn|17\n|\n|t:|1700211722\n|move|p2a: Dragapult|Thunder|p1a: Manaphy\n|-supereffective|p1a: Manaphy\n|-damage|p1a: Manaphy|0 fnt\n|faint|p1a: Manaphy\n|\n|-damage|p2a: Dragapult|9\/100 psn|[from] psn\n|upkeep\n|\n|t:|1700211724\n|switch|p1a: Ting-Lu|Ting-Lu|47\/100\n|-damage|p1a: Ting-Lu|41\/100|[from] Stealth Rock\n|-ability|p1a: Ting-Lu|Vessel of Ruin\n|turn|18\n|\n|t:|1700211727\n|move|p2a: Dragapult|Thunder|p1a: Ting-Lu\n|-immune|p1a: Ting-Lu\n|move|p1a: Ting-Lu|Whirlwind|p2a: Dragapult\n|drag|p2a: Kingambit|Kingambit, F|100\/100\n|-activate|p2a: Kingambit|ability: Supreme Overlord\n|-start|p2a: Kingambit|fallen2|[silent]\n|\n|-heal|p1a: Ting-Lu|47\/100|[from] item: Leftovers\n|upkeep\n|turn|19\n|\n|t:|1700211730\n|move|p2a: Kingambit|Low Kick|p1a: Ting-Lu\n|-supereffective|p1a: Ting-Lu\n|-damage|p1a: Ting-Lu|2\/100\n|move|p1a: Ting-Lu|Earthquake|p2a: Kingambit\n|-supereffective|p2a: Kingambit\n|-damage|p2a: Kingambit|37\/100\n|\n|-heal|p1a: Ting-Lu|8\/100|[from] item: Leftovers\n|upkeep\n|turn|20\n|\n|t:|1700211738\n|move|p2a: Kingambit|Iron Head|p1a: Ting-Lu\n|-damage|p1a: Ting-Lu|0 fnt\n|faint|p1a: Ting-Lu\n|\n|upkeep\n|\n|t:|1700211739\n|switch|p1a: Great Tusk|Great Tusk|100\/100\n|-damage|p1a: Great Tusk|98\/100|[from] Stealth Rock\n|turn|21\n|\n|t:|1700211748\n|move|p1a: Great Tusk|Bulk Up|p1a: Great Tusk\n|-boost|p1a: Great Tusk|atk|1\n|-boost|p1a: Great Tusk|def|1\n|move|p2a: Kingambit|Iron Head|p1a: Great Tusk\n|-damage|p1a: Great Tusk|80\/100\n|\n|-heal|p1a: Great Tusk|86\/100|[from] item: Leftovers\n|upkeep\n|turn|22\n|\n|t:|1700211754\n|-end|p2a: Kingambit|fallen2|[silent]\n|switch|p2a: Dragapult|Dragapult, M|9\/100 psn\n|-damage|p2a: Dragapult|0 fnt|[from] Stealth Rock\n|faint|p2a: Dragapult\n|move|p1a: Great Tusk|Rapid Spin|p2: Dragapult|[notarget]\n|-fail|p1a: Great Tusk\n|\n|-heal|p1a: Great Tusk|92\/100|[from] item: Leftovers\n|upkeep\n|\n|t:|1700211762\n|switch|p2a: Landorus|Landorus-Therian, M|100\/100\n|-damage|p2a: Landorus|88\/100|[from] Stealth Rock\n|-ability|p2a: Landorus|Intimidate|boost\n|-unboost|p1a: Great Tusk|atk|1\n|turn|23\n|\n|t:|1700211768\n|move|p2a: Landorus|Grass Knot|p1a: Great Tusk\n|-supereffective|p1a: Great Tusk\n|-crit|p1a: Great Tusk\n|-damage|p1a: Great Tusk|0 fnt\n|faint|p1a: Great Tusk\n|-end|p1a: Great Tusk|Protosynthesis|[silent]\n|\n|win|haxusorry\n|raw|Swiftler5's rating: 1225 &rarr; <strong>1207<\/strong><br \/>(-18 for losing)\n|raw|haxusorry's rating: 1318 &rarr; <strong>1333<\/strong><br \/>(+15 for winning)\n|l|\u2606Swiftler5\n","uploadtime":1700211780,"views":8,"p1id":"swiftler5","p2id":"haxusorry","formatid":"gen9ou","rating":1207,"private":0,"password":""}