{"id":"gen9ou-1994793413","p1":"TrepYT","p2":"SAEiz","format":"[Gen 9] OU","log":"|j|\u203dTrepYT\n|j|\u2606SAEiz\n|t:|1700493326\n|gametype|singles\n|player|p1|TrepYT|swimmerf|1671\n|player|p2|SAEiz|lucas|1766\n|teamsize|p1|6\n|teamsize|p2|6\n|gen|9\n|tier|[Gen 9] OU\n|rated|\n|rule|Sleep Clause Mod: Limit one foe put to sleep\n|rule|Species Clause: Limit one of each Pok\u00e9mon\n|rule|OHKO Clause: OHKO moves are banned\n|rule|Evasion Items Clause: Evasion items are banned\n|rule|Evasion Moves Clause: Evasion moves are banned\n|rule|Endless Battle Clause: Forcing endless battles is banned\n|rule|HP Percentage Mod: HP is shown in percentages\n|clearpoke\n|poke|p1|Samurott-Hisui, F|\n|poke|p1|Cresselia, F|\n|poke|p1|Kingambit, F|\n|poke|p1|Scizor, M|\n|poke|p1|Garchomp, F|\n|poke|p1|Heatran, F|\n|poke|p2|Indeedee, M|\n|poke|p2|Hatterene, F|\n|poke|p2|Polteageist|\n|poke|p2|Armarouge, F|\n|poke|p2|Cinderace, M|\n|poke|p2|Ogerpon-Wellspring, F|\n|teampreview\n|inactive|Battle timer is ON: inactive players will automatically lose when time's up. (requested by SAEiz)\n|\n|t:|1700493335\n|start\n|switch|p1a: Scizor|Scizor, M|100\/100\n|switch|p2a: Cinderace|Cinderace, M, shiny|100\/100\n|turn|1\n|\n|t:|1700493347\n|switch|p1a: Garchomp|Garchomp, F|100\/100\n|move|p2a: Cinderace|U-turn|p1a: Garchomp\n|-start|p2a: Cinderace|typechange|Bug|[from] ability: Libero\n|-damage|p1a: Garchomp|79\/100\n|-damage|p2a: Cinderace|88\/100|[from] ability: Rough Skin|[of] p1a: Garchomp\n|-damage|p2a: Cinderace|72\/100|[from] item: Rocky Helmet|[of] p1a: Garchomp\n|\n|t:|1700493351\n|switch|p2a: Indeedee|Indeedee, M|100\/100|[from] U-turn\n|-fieldstart|move: Psychic Terrain|[from] ability: Psychic Surge|[of] p2a: Indeedee\n|\n|upkeep\n|turn|2\n|\n|t:|1700493354\n|switch|p2a: Hatterene|Hatterene, F|100\/100\n|switch|p1a: Samurott|Samurott-Hisui, F|100\/100\n|\n|upkeep\n|turn|3\n|\n|t:|1700493362\n|move|p1a: Samurott|Ceaseless Edge|p2a: Hatterene\n|-damage|p2a: Hatterene|61\/100\n|-sidestart|p2: SAEiz|Spikes\n|-enditem|p2a: Hatterene|Eject Button\n|\n|t:|1700493364\n|switch|p2a: Cinderace|Cinderace, M, shiny|72\/100\n|-damage|p2a: Cinderace|59\/100|[from] Spikes\n|\n|upkeep\n|turn|4\n|\n|t:|1700493368\n|move|p2a: Cinderace|U-turn|p1a: Samurott\n|-start|p2a: Cinderace|typechange|Bug|[from] ability: Libero\n|-supereffective|p1a: Samurott\n|-damage|p1a: Samurott|23\/100\n|\n|t:|1700493373\n|switch|p2a: Hatterene|Hatterene, F|61\/100|[from] U-turn\n|-damage|p2a: Hatterene|48\/100|[from] Spikes\n|move|p1a: Samurott|Aqua Cutter|p2a: Hatterene\n|-damage|p2a: Hatterene|7\/100\n|\n|upkeep\n|turn|5\n|\n|t:|1700493379\n|move|p1a: Samurott|Ceaseless Edge|p2a: Hatterene\n|-damage|p2a: Hatterene|0 fnt\n|-sidestart|p2: SAEiz|Spikes\n|faint|p2a: Hatterene\n|\n|upkeep\n|\n|t:|1700493381\n|switch|p2a: Cinderace|Cinderace, M, shiny|59\/100\n|-damage|p2a: Cinderace|43\/100|[from] Spikes\n|turn|6\n|\n|t:|1700493385\n|move|p2a: Cinderace|U-turn|p1a: Samurott\n|-start|p2a: Cinderace|typechange|Bug|[from] ability: Libero\n|-supereffective|p1a: Samurott\n|-damage|p1a: Samurott|0 fnt\n|faint|p1a: Samurott\n|\n|t:|1700493402\n|switch|p2a: Ogerpon|Ogerpon-Wellspring, F|100\/100|[from] U-turn\n|-damage|p2a: Ogerpon|84\/100|[from] Spikes\n|\n|upkeep\n|\n|t:|1700493404\n|switch|p1a: Garchomp|Garchomp, F|79\/100\n|turn|7\n|\n|t:|1700493414\n|move|p2a: Ogerpon|Swords Dance|p2a: Ogerpon\n|-boost|p2a: Ogerpon|atk|2\n|move|p1a: Garchomp|Dragon Tail|p2a: Ogerpon\n|-damage|p2a: Ogerpon|51\/100\n|drag|p2a: Cinderace|Cinderace, M, shiny|43\/100\n|-damage|p2a: Cinderace|26\/100|[from] Spikes\n|\n|upkeep\n|turn|8\n|\n|t:|1700493421\n|move|p2a: Cinderace|Court Change|p2a: Cinderace\n|-start|p2a: Cinderace|typechange|Normal|[from] ability: Libero\n|-swapsideconditions\n|-activate|p2a: Cinderace|move: Court Change\n|move|p1a: Garchomp|Stealth Rock|p2a: Cinderace\n|-sidestart|p2: SAEiz|move: Stealth Rock\n|\n|-fieldend|move: Psychic Terrain\n|upkeep\n|turn|9\n|\n|t:|1700493428\n|switch|p2a: Indeedee|Indeedee, M|100\/100\n|-damage|p2a: Indeedee|88\/100|[from] Stealth Rock\n|-fieldstart|move: Psychic Terrain|[from] ability: Psychic Surge|[of] p2a: Indeedee\n|move|p1a: Garchomp|Earthquake|p2a: Indeedee\n|-damage|p2a: Indeedee|3\/100\n|\n|upkeep\n|turn|10\n|\n|t:|1700493437\n|switch|p1a: Kingambit|Kingambit, F|100\/100\n|-damage|p1a: Kingambit|84\/100|[from] Spikes\n|-activate|p1a: Kingambit|ability: Supreme Overlord\n|-start|p1a: Kingambit|fallen1|[silent]\n|move|p2a: Indeedee|Psychic|p1a: Kingambit\n|-immune|p1a: Kingambit\n|\n|-heal|p1a: Kingambit|90\/100|[from] item: Leftovers\n|upkeep\n|turn|11\n|\n|t:|1700493445\n|move|p2a: Indeedee|Healing Wish|p2a: Indeedee\n|faint|p2a: Indeedee\n|move|p1a: Kingambit|Iron Head|p2: Indeedee|[notarget]\n|-fail|p1a: Kingambit\n|\n|-heal|p1a: Kingambit|96\/100|[from] item: Leftovers\n|upkeep\n|\n|t:|1700493449\n|switch|p2a: Ogerpon|Ogerpon-Wellspring, F|51\/100\n|-heal|p2a: Ogerpon|100\/100|[from] move: Healing Wish\n|-damage|p2a: Ogerpon|88\/100|[from] Stealth Rock\n|turn|12\n|\n|t:|1700493461\n|-end|p1a: Kingambit|fallen1|[silent]\n|switch|p1a: Heatran|Heatran, F|100\/100\n|-damage|p1a: Heatran|84\/100|[from] Spikes\n|move|p2a: Ogerpon|Swords Dance|p2a: Ogerpon\n|-boost|p2a: Ogerpon|atk|2\n|\n|-heal|p1a: Heatran|90\/100|[from] item: Leftovers\n|upkeep\n|turn|13\n|\n|t:|1700493467\n|move|p2a: Ogerpon|Ivy Cudgel|p1a: Heatran|[anim] Ivy Cudgel Water\n|-supereffective|p1a: Heatran\n|-damage|p1a: Heatran|0 fnt\n|faint|p1a: Heatran\n|\n|upkeep\n|j| mew852\n|\n|t:|1700493472\n|switch|p1a: Scizor|Scizor, M|100\/100\n|-damage|p1a: Scizor|84\/100|[from] Spikes\n|turn|14\n|\n|t:|1700493474\n|-terastallize|p2a: Ogerpon|Water\n|detailschange|p2a: Ogerpon|Ogerpon-Wellspring-Tera, F, tera:Water\n|-ability|p2a: Ogerpon|Embody Aspect (Wellspring)|boost\n|-boost|p2a: Ogerpon|spd|1\n|move|p2a: Ogerpon|Ivy Cudgel|p1a: Scizor|[anim] Ivy Cudgel Water\n|-crit|p1a: Scizor\n|-damage|p1a: Scizor|0 fnt\n|faint|p1a: Scizor\n|\n|upkeep\n|\n|t:|1700493481\n|switch|p1a: Garchomp|Garchomp, F|79\/100\n|-damage|p1a: Garchomp|62\/100|[from] Spikes\n|turn|15\n|\n|t:|1700493484\n|move|p2a: Ogerpon|Ivy Cudgel|p1a: Garchomp|[anim] Ivy Cudgel Water\n|-crit|p1a: Garchomp\n|-damage|p1a: Garchomp|0 fnt\n|faint|p1a: Garchomp\n|\n|upkeep\n|\n|t:|1700493495\n|switch|p1a: Cresselia|Cresselia, F|100\/100\n|turn|16\n|j| NDSNEZ Yisus\n|\n|t:|1700493518\n|move|p2a: Ogerpon|Knock Off|p1a: Cresselia\n|-supereffective|p1a: Cresselia\n|-damage|p1a: Cresselia|13\/100\n|-enditem|p1a: Cresselia|Kee Berry|[from] move: Knock Off|[of] p2a: Ogerpon\n|move|p1a: Cresselia|Moonblast|p2a: Ogerpon\n|-damage|p2a: Ogerpon|75\/100\n|\n|-fieldend|move: Psychic Terrain\n|upkeep\n|turn|17\n|inactive|TrepYT has 120 seconds left.\n|inactive|TrepYT has 90 seconds left.\n|inactive|TrepYT has 60 seconds left.\n|inactive|TrepYT has 30 seconds left.\n|j| Jontrendline\n|inactive|TrepYT has 20 seconds left.\n|inactive|TrepYT has 15 seconds left.\n|j| CassBubble\n|inactive|TrepYT has 10 seconds left.\n|inactive|TrepYT has 5 seconds left.\n|-message|TrepYT lost due to inactivity.\n|\n|win|SAEiz\n|raw|TrepYT's rating: 1653 &rarr; <strong>1639<\/strong><br \/>(-14 for losing)\n|raw|SAEiz's rating: 1766 &rarr; <strong>1780<\/strong><br \/>(+14 for winning)\n|l|\u2606SAEiz\n|l| CassBubble\n|l| Jontrendline\n|l| NDSNEZ Yisus\n","uploadtime":1700494282,"views":13,"p1id":"trepyt","p2id":"saeiz","formatid":"gen9ou","rating":1639,"private":0,"password":""}