{"id":"gen9ou-1989974198","p1":"AnulaLaluna","p2":"Bray456","format":"[Gen 9] OU","log":"|j|\u2606AnulaLaluna\n|j|\u2606Bray456\n|t:|1699911624\n|gametype|singles\n|player|p1|AnulaLaluna|riley|\n|player|p2|Bray456|169|\n|teamsize|p1|6\n|teamsize|p2|6\n|gen|9\n|tier|[Gen 9] OU\n|rule|Sleep Clause Mod: Limit one foe put to sleep\n|rule|Species Clause: Limit one of each Pok\u00e9mon\n|rule|OHKO Clause: OHKO moves are banned\n|rule|Evasion Items Clause: Evasion items are banned\n|rule|Evasion Moves Clause: Evasion moves are banned\n|rule|Endless Battle Clause: Forcing endless battles is banned\n|rule|HP Percentage Mod: HP is shown in percentages\n|clearpoke\n|poke|p1|Hattrem, F|\n|poke|p1|Heracross, F|\n|poke|p1|Greninja-*, M|\n|poke|p1|Gyarados, M|\n|poke|p1|Flamigo, F|\n|poke|p1|Cloyster, F|\n|poke|p2|Copperajah, F|\n|poke|p2|Dudunsparce-*, M|\n|poke|p2|Ribombee, M|\n|poke|p2|Kleavor, M|\n|poke|p2|Haxorus, M|\n|poke|p2|Brute Bonnet|\n|teampreview\n|\n|t:|1699911631\n|start\n|switch|p1a: Cloyster|Cloyster, F|100\/100\n|switch|p2a: Haxorus|Haxorus, M|100\/100\n|-ability|p2a: Haxorus|Mold Breaker\n|turn|1\n|\n|t:|1699911652\n|move|p2a: Haxorus|Dragon Dance|p2a: Haxorus\n|-boost|p2a: Haxorus|atk|1\n|-boost|p2a: Haxorus|spe|1\n|move|p1a: Cloyster|Icicle Spear|p2a: Haxorus\n|-supereffective|p2a: Haxorus\n|-crit|p2a: Haxorus\n|-damage|p2a: Haxorus|57\/100\n|-supereffective|p2a: Haxorus\n|-damage|p2a: Haxorus|25\/100\n|-supereffective|p2a: Haxorus\n|-damage|p2a: Haxorus|0 fnt\n|faint|p2a: Haxorus\n|-hitcount|p2: Haxorus|3\n|\n|upkeep\n|\n|t:|1699911664\n|switch|p2a: Kleavor|Kleavor, M|100\/100\n|turn|2\n|\n|t:|1699911683\n|-terastallize|p2a: Kleavor|Fighting\n|move|p2a: Kleavor|Stone Axe|p1a: Cloyster\n|-supereffective|p1a: Cloyster\n|-damage|p1a: Cloyster|5\/100\n|-sidestart|p1: AnulaLaluna|move: Stealth Rock\n|move|p1a: Cloyster|Spikes|p2a: Kleavor\n|-sidestart|p2: Bray456|Spikes\n|\n|upkeep\n|turn|3\n|\n|t:|1699911693\n|move|p2a: Kleavor|Trailblaze|p1a: Cloyster\n|-supereffective|p1a: Cloyster\n|-damage|p1a: Cloyster|0 fnt\n|-boost|p2a: Kleavor|spe|1\n|faint|p1a: Cloyster\n|\n|upkeep\n|\n|t:|1699911718\n|switch|p1a: Flamigo|Flamigo, F|100\/100\n|-damage|p1a: Flamigo|88\/100|[from] Stealth Rock\n|turn|4\n|\n|t:|1699911724\n|move|p1a: Flamigo|Brave Bird|p2a: Kleavor\n|-supereffective|p2a: Kleavor\n|-damage|p2a: Kleavor|0 fnt\n|faint|p2a: Kleavor\n|-damage|p1a: Flamigo|58\/100|[from] Recoil\n|\n|upkeep\n|\n|t:|1699911730\n|switch|p2a: Ribombee|Ribombee, M|100\/100\n|-damage|p2a: Ribombee|88\/100|[from] Spikes\n|turn|5\n|\n|t:|1699911735\n|move|p1a: Flamigo|Brave Bird|p2a: Ribombee\n|-supereffective|p2a: Ribombee\n|-damage|p2a: Ribombee|0 fnt\n|faint|p2a: Ribombee\n|-damage|p1a: Flamigo|33\/100|[from] Recoil\n|\n|upkeep\n|\n|t:|1699911742\n|switch|p2a: Copperajah|Copperajah, F|100\/100\n|-damage|p2a: Copperajah|88\/100|[from] Spikes\n|turn|6\n|\n|t:|1699911747\n|switch|p1a: Gyarados|Gyarados, M, shiny|100\/100\n|-damage|p1a: Gyarados|76\/100|[from] Stealth Rock\n|-ability|p1a: Gyarados|Intimidate|boost\n|-unboost|p2a: Copperajah|atk|1\n|move|p2a: Copperajah|Knock Off|p1a: Gyarados\n|-damage|p1a: Gyarados|45\/100\n|-enditem|p1a: Gyarados|Mystic Water|[from] move: Knock Off|[of] p2a: Copperajah\n|\n|-heal|p2a: Copperajah|94\/100|[from] item: Leftovers\n|upkeep\n|turn|7\n|\n|t:|1699911760\n|move|p1a: Gyarados|Dragon Dance|p1a: Gyarados\n|-boost|p1a: Gyarados|atk|1\n|-boost|p1a: Gyarados|spe|1\n|move|p2a: Copperajah|Heavy Slam|p1a: Gyarados\n|-resisted|p1a: Gyarados\n|-damage|p1a: Gyarados|19\/100\n|\n|-heal|p2a: Copperajah|100\/100|[from] item: Leftovers\n|upkeep\n|turn|8\n|\n|t:|1699911769\n|move|p1a: Gyarados|Waterfall|p2a: Copperajah\n|-damage|p2a: Copperajah|32\/100\n|move|p2a: Copperajah|Heavy Slam|p1a: Gyarados\n|-resisted|p1a: Gyarados\n|-damage|p1a: Gyarados|0 fnt\n|faint|p1a: Gyarados\n|\n|-heal|p2a: Copperajah|39\/100|[from] item: Leftovers\n|upkeep\n|\n|t:|1699911779\n|switch|p1a: Heracross|Heracross, F|100\/100\n|-damage|p1a: Heracross|88\/100|[from] Stealth Rock\n|turn|9\n|\n|t:|1699911790\n|move|p1a: Heracross|Earthquake|p2a: Copperajah\n|-supereffective|p2a: Copperajah\n|-damage|p2a: Copperajah|0 fnt\n|faint|p2a: Copperajah\n|\n|-status|p1a: Heracross|brn|[from] item: Flame Orb\n|upkeep\n|\n|t:|1699911798\n|switch|p2a: Dudunsparce|Dudunsparce, M|100\/100\n|-damage|p2a: Dudunsparce|88\/100|[from] Spikes\n|turn|10\n|\n|t:|1699911805\n|move|p1a: Heracross|Close Combat|p2a: Dudunsparce\n|-supereffective|p2a: Dudunsparce\n|-damage|p2a: Dudunsparce|0 fnt\n|-unboost|p1a: Heracross|def|1\n|-unboost|p1a: Heracross|spd|1\n|faint|p2a: Dudunsparce\n|\n|-damage|p1a: Heracross|82\/100 brn|[from] brn\n|upkeep\n|\n|t:|1699911814\n|switch|p2a: Brute Bonnet|Brute Bonnet|100\/100\n|-damage|p2a: Brute Bonnet|88\/100|[from] Spikes\n|-enditem|p2a: Brute Bonnet|Booster Energy\n|-activate|p2a: Brute Bonnet|ability: Protosynthesis|[fromitem]\n|-start|p2a: Brute Bonnet|protosynthesisatk\n|turn|11\n|\n|t:|1699911823\n|move|p2a: Brute Bonnet|Sucker Punch|p1a: Heracross\n|-resisted|p1a: Heracross\n|-damage|p1a: Heracross|23\/100 brn\n|move|p1a: Heracross|Close Combat|p2a: Brute Bonnet\n|-supereffective|p2a: Brute Bonnet\n|-damage|p2a: Brute Bonnet|0 fnt\n|-unboost|p1a: Heracross|def|1\n|-unboost|p1a: Heracross|spd|1\n|faint|p2a: Brute Bonnet\n|-end|p2a: Brute Bonnet|Protosynthesis|[silent]\n|\n|win|AnulaLaluna\n|c|\u2606AnulaLaluna|Gg bro\n|l|\u2606Bray456\n","uploadtime":1699911835,"views":23,"p1id":"anulalaluna","p2id":"bray456","formatid":"gen9ou","rating":0,"private":0,"password":""}