{"id":"gen9ou-1994222420","p1":"Welcometoearth420","p2":"JackJas02","format":"[Gen 9] OU","log":"|j|\u2606Welcometoearth420\n|j|\u2606JackJas02\n|t:|1700420550\n|gametype|singles\n|player|p1|Welcometoearth420|turo-ai|1364\n|player|p2|JackJas02|roughneck|1412\n|teamsize|p1|6\n|teamsize|p2|6\n|gen|9\n|tier|[Gen 9] OU\n|rated|\n|rule|Sleep Clause Mod: Limit one foe put to sleep\n|rule|Species Clause: Limit one of each Pok\u00e9mon\n|rule|OHKO Clause: OHKO moves are banned\n|rule|Evasion Items Clause: Evasion items are banned\n|rule|Evasion Moves Clause: Evasion moves are banned\n|rule|Endless Battle Clause: Forcing endless battles is banned\n|rule|HP Percentage Mod: HP is shown in percentages\n|clearpoke\n|poke|p1|Clefable, M|\n|poke|p1|Alomomola, M|\n|poke|p1|Garganacl, F|\n|poke|p1|Amoonguss, M|\n|poke|p1|Clodsire, M|\n|poke|p1|Great Tusk|\n|poke|p2|Ursaluna, F|\n|poke|p2|Rillaboom, M|\n|poke|p2|Infernape, M|\n|poke|p2|Empoleon, M|\n|poke|p2|Ninetales-Alola, F|\n|poke|p2|Dragonite, F|\n|teampreview\n|\n|t:|1700420558\n|start\n|switch|p1a: Garganacl|Garganacl, F|100\/100\n|switch|p2a: Ninetales|Ninetales-Alola, F, shiny|100\/100\n|-weather|Snow|[from] ability: Snow Warning|[of] p2a: Ninetales\n|turn|1\n|\n|t:|1700420561\n|move|p2a: Ninetales|Aurora Veil|p2a: Ninetales\n|-sidestart|p2: JackJas02|move: Aurora Veil\n|move|p1a: Garganacl|Stealth Rock|p2a: Ninetales\n|-sidestart|p2: JackJas02|move: Stealth Rock\n|\n|-weather|Snow|[upkeep]\n|upkeep\n|turn|2\n|\n|t:|1700420566\n|move|p2a: Ninetales|Nasty Plot|p2a: Ninetales\n|-boost|p2a: Ninetales|spa|2\n|move|p1a: Garganacl|Salt Cure|p2a: Ninetales\n|-supereffective|p2a: Ninetales\n|-damage|p2a: Ninetales|91\/100\n|-start|p2a: Ninetales|Salt Cure\n|\n|-weather|Snow|[upkeep]\n|-damage|p2a: Ninetales|78\/100|[from] Salt Cure\n|upkeep\n|turn|3\n|\n|t:|1700420586\n|move|p2a: Ninetales|Nasty Plot|p2a: Ninetales\n|-boost|p2a: Ninetales|spa|2\n|move|p1a: Garganacl|Salt Cure|p2a: Ninetales\n|-supereffective|p2a: Ninetales\n|-crit|p2a: Ninetales\n|-damage|p2a: Ninetales|51\/100\n|\n|-weather|Snow|[upkeep]\n|-damage|p2a: Ninetales|38\/100|[from] Salt Cure\n|upkeep\n|turn|4\n|\n|t:|1700420590\n|move|p2a: Ninetales|Freeze-Dry|p1a: Garganacl\n|-damage|p1a: Garganacl|57\/100\n|move|p1a: Garganacl|Salt Cure|p2a: Ninetales\n|-supereffective|p2a: Ninetales\n|-damage|p2a: Ninetales|28\/100\n|\n|-weather|Snow|[upkeep]\n|-heal|p1a: Garganacl|64\/100|[from] item: Leftovers\n|-damage|p2a: Ninetales|15\/100|[from] Salt Cure\n|upkeep\n|turn|5\n|\n|t:|1700420598\n|move|p2a: Ninetales|Freeze-Dry|p1a: Garganacl\n|-damage|p1a: Garganacl|20\/100\n|move|p1a: Garganacl|Recover|p1a: Garganacl\n|-heal|p1a: Garganacl|70\/100\n|\n|-weather|none\n|-heal|p1a: Garganacl|76\/100|[from] item: Leftovers\n|-damage|p2a: Ninetales|3\/100|[from] Salt Cure\n|upkeep\n|turn|6\n|\n|t:|1700420603\n|move|p2a: Ninetales|Freeze-Dry|p1a: Garganacl\n|-damage|p1a: Garganacl|35\/100\n|move|p1a: Garganacl|Recover|p1a: Garganacl\n|-heal|p1a: Garganacl|85\/100\n|\n|-heal|p1a: Garganacl|91\/100|[from] item: Leftovers\n|-damage|p2a: Ninetales|0 fnt|[from] Salt Cure\n|faint|p2a: Ninetales\n|upkeep\n|\n|t:|1700420609\n|switch|p2a: Ursaluna|Ursaluna, F, shiny|100\/100\n|-damage|p2a: Ursaluna|94\/100|[from] Stealth Rock\n|turn|7\n|\n|t:|1700420612\n|switch|p1a: Great Tusk|Great Tusk|100\/100\n|-enditem|p1a: Great Tusk|Booster Energy\n|-activate|p1a: Great Tusk|ability: Protosynthesis|[fromitem]\n|-start|p1a: Great Tusk|protosynthesisspe\n|move|p2a: Ursaluna|Bulk Up|p2a: Ursaluna\n|-boost|p2a: Ursaluna|atk|1\n|-boost|p2a: Ursaluna|def|1\n|\n|-status|p2a: Ursaluna|brn|[from] item: Flame Orb\n|upkeep\n|turn|8\n|\n|t:|1700420624\n|-terastallize|p2a: Ursaluna|Ghost\n|move|p1a: Great Tusk|Bulk Up|p1a: Great Tusk\n|-boost|p1a: Great Tusk|atk|1\n|-boost|p1a: Great Tusk|def|1\n|move|p2a: Ursaluna|Bulk Up|p2a: Ursaluna\n|-boost|p2a: Ursaluna|atk|1\n|-boost|p2a: Ursaluna|def|1\n|\n|-damage|p2a: Ursaluna|88\/100 brn|[from] brn\n|-sideend|p2: JackJas02|move: Aurora Veil\n|upkeep\n|turn|9\n|\n|t:|1700420635\n|move|p1a: Great Tusk|Headlong Rush|p2a: Ursaluna\n|-damage|p2a: Ursaluna|57\/100 brn\n|-unboost|p1a: Great Tusk|def|1\n|-unboost|p1a: Great Tusk|spd|1\n|move|p2a: Ursaluna|Bulk Up|p2a: Ursaluna\n|-boost|p2a: Ursaluna|atk|1\n|-boost|p2a: Ursaluna|def|1\n|\n|-damage|p2a: Ursaluna|51\/100 brn|[from] brn\n|upkeep\n|turn|10\n|-message|Welcometoearth420 forfeited.\n|\n|win|JackJas02\n|raw|Welcometoearth420's rating: 1364 &rarr; <strong>1347<\/strong><br \/>(-17 for losing)\n|raw|JackJas02's rating: 1412 &rarr; <strong>1429<\/strong><br \/>(+17 for winning)\n|l|\u2606Welcometoearth420\n","uploadtime":1700420650,"views":16,"p1id":"welcometoearth420","p2id":"jackjas02","formatid":"gen9ou","rating":1347,"private":0,"password":""}