{"id":"gen9ou-1990672081","p1":"skittymiaou","p2":"NightmarixKritone","format":"[Gen 9] OU","log":"|j|\u2606skittymiaou\n|j|\u2606NightmarixKritone\n|t:|1699990540\n|gametype|singles\n|player|p1|skittymiaou|norman|1134\n|player|p2|NightmarixKritone|volo|1159\n|teamsize|p1|6\n|teamsize|p2|6\n|gen|9\n|tier|[Gen 9] OU\n|rated|\n|rule|Sleep Clause Mod: Limit one foe put to sleep\n|rule|Species Clause: Limit one of each Pok\u00e9mon\n|rule|OHKO Clause: OHKO moves are banned\n|rule|Evasion Items Clause: Evasion items are banned\n|rule|Evasion Moves Clause: Evasion moves are banned\n|rule|Endless Battle Clause: Forcing endless battles is banned\n|rule|HP Percentage Mod: HP is shown in percentages\n|clearpoke\n|poke|p1|Chimecho, M|\n|poke|p1|Ursaluna, F|\n|poke|p1|Sneasler, F|\n|poke|p1|Iron Moth|\n|poke|p1|Ogerpon-Wellspring, F|\n|poke|p1|Cinderace, M|\n|poke|p2|Hoopa-Unbound|\n|poke|p2|Meowscarada, F|\n|poke|p2|Lycanroc-Dusk, F|\n|poke|p2|Gholdengo|\n|poke|p2|Kilowattrel, M|\n|poke|p2|Ninetales-Alola, M|\n|teampreview\n|inactive|Battle timer is ON: inactive players will automatically lose when time's up. (requested by NightmarixKritone)\n|inactive|skittymiaou also wants the timer to be on.\n|\n|t:|1699990557\n|start\n|switch|p1a: Ursaluna|Ursaluna, F|100\/100\n|switch|p2a: Lycanroc|Lycanroc-Dusk, F|100\/100\n|turn|1\n|\n|t:|1699990562\n|move|p2a: Lycanroc|Taunt|p1a: Ursaluna\n|-start|p1a: Ursaluna|move: Taunt\n|cant|p1a: Ursaluna|move: Taunt|Swords Dance\n|\n|-status|p1a: Ursaluna|brn|[from] item: Flame Orb\n|upkeep\n|turn|2\n|\n|t:|1699990570\n|move|p2a: Lycanroc|Stealth Rock|p1a: Ursaluna\n|-sidestart|p1: skittymiaou|move: Stealth Rock\n|move|p1a: Ursaluna|Earthquake|p2a: Lycanroc\n|-supereffective|p2a: Lycanroc\n|-enditem|p2a: Lycanroc|Focus Sash\n|-damage|p2a: Lycanroc|1\/100\n|\n|-damage|p1a: Ursaluna|94\/100 brn|[from] brn\n|upkeep\n|turn|3\n|\n|t:|1699990575\n|move|p2a: Lycanroc|Endeavor|p1a: Ursaluna\n|-damage|p1a: Ursaluna|1\/100 brn\n|move|p1a: Ursaluna|Facade|p2a: Lycanroc\n|-resisted|p2a: Lycanroc\n|-damage|p2a: Lycanroc|0 fnt\n|faint|p2a: Lycanroc\n|\n|-damage|p1a: Ursaluna|0 fnt|[from] brn\n|faint|p1a: Ursaluna\n|upkeep\n|\n|t:|1699990587\n|switch|p2a: Ninetales|Ninetales-Alola, M|100\/100\n|switch|p1a: Chimecho|Chimecho, M, shiny|100\/100\n|-weather|Snow|[from] ability: Snow Warning|[of] p2a: Ninetales\n|-damage|p1a: Chimecho|88\/100|[from] Stealth Rock\n|turn|4\n|\n|t:|1699990591\n|move|p2a: Ninetales|Aurora Veil|p2a: Ninetales\n|-sidestart|p2: NightmarixKritone|move: Aurora Veil\n|move|p1a: Chimecho|Cosmic Power|p1a: Chimecho\n|-boost|p1a: Chimecho|def|1\n|-boost|p1a: Chimecho|spd|1\n|\n|-weather|Snow|[upkeep]\n|-heal|p1a: Chimecho|94\/100|[from] item: Leftovers\n|upkeep\n|turn|5\n|\n|t:|1699990594\n|move|p2a: Ninetales|Nasty Plot|p2a: Ninetales\n|-boost|p2a: Ninetales|spa|2\n|move|p1a: Chimecho|Cosmic Power|p1a: Chimecho\n|-boost|p1a: Chimecho|def|1\n|-boost|p1a: Chimecho|spd|1\n|\n|-weather|Snow|[upkeep]\n|-heal|p1a: Chimecho|100\/100|[from] item: Leftovers\n|upkeep\n|turn|6\n|\n|t:|1699990598\n|move|p2a: Ninetales|Nasty Plot|p2a: Ninetales\n|-boost|p2a: Ninetales|spa|2\n|move|p1a: Chimecho|Cosmic Power|p1a: Chimecho\n|-boost|p1a: Chimecho|def|1\n|-boost|p1a: Chimecho|spd|1\n|\n|-weather|Snow|[upkeep]\n|upkeep\n|turn|7\n|\n|t:|1699990600\n|move|p2a: Ninetales|Nasty Plot|p2a: Ninetales\n|-boost|p2a: Ninetales|spa|2\n|move|p1a: Chimecho|Cosmic Power|p1a: Chimecho\n|-boost|p1a: Chimecho|def|1\n|-boost|p1a: Chimecho|spd|1\n|\n|-weather|Snow|[upkeep]\n|upkeep\n|turn|8\n|\n|t:|1699990602\n|move|p2a: Ninetales|Blizzard|p1a: Chimecho\n|-damage|p1a: Chimecho|62\/100\n|move|p1a: Chimecho|Cosmic Power|p1a: Chimecho\n|-boost|p1a: Chimecho|def|1\n|-boost|p1a: Chimecho|spd|1\n|\n|-weather|none\n|-heal|p1a: Chimecho|68\/100|[from] item: Leftovers\n|upkeep\n|turn|9\n|\n|t:|1699990606\n|move|p2a: Ninetales|Blizzard|p1a: Chimecho\n|-damage|p1a: Chimecho|35\/100\n|move|p1a: Chimecho|Cosmic Power|p1a: Chimecho\n|-boost|p1a: Chimecho|def|1\n|-boost|p1a: Chimecho|spd|1\n|\n|-heal|p1a: Chimecho|41\/100|[from] item: Leftovers\n|upkeep\n|turn|10\n|\n|t:|1699990611\n|move|p2a: Ninetales|Blizzard|p1a: Chimecho|[miss]\n|-miss|p2a: Ninetales|p1a: Chimecho\n|move|p1a: Chimecho|Recover|p1a: Chimecho\n|-heal|p1a: Chimecho|91\/100\n|\n|-heal|p1a: Chimecho|97\/100|[from] item: Leftovers\n|upkeep\n|turn|11\n|\n|t:|1699990619\n|move|p2a: Ninetales|Blizzard|p1a: Chimecho|[miss]\n|-miss|p2a: Ninetales|p1a: Chimecho\n|move|p1a: Chimecho|Stored Power|p2a: Ninetales\n|-damage|p2a: Ninetales|45\/100\n|\n|-heal|p1a: Chimecho|100\/100|[from] item: Leftovers\n|-sideend|p2: NightmarixKritone|move: Aurora Veil\n|upkeep\n|turn|12\n|\n|t:|1699990631\n|switch|p2a: Hoopa|Hoopa-Unbound|100\/100\n|move|p1a: Chimecho|Stored Power|p2a: Hoopa\n|-immune|p2a: Hoopa\n|\n|upkeep\n|turn|13\n|\n|t:|1699990635\n|move|p2a: Hoopa|Hyperspace Fury|p1a: Chimecho\n|-supereffective|p1a: Chimecho\n|-damage|p1a: Chimecho|60\/100\n|-unboost|p2a: Hoopa|def|1\n|move|p1a: Chimecho|Dazzling Gleam|p2a: Hoopa\n|-supereffective|p2a: Hoopa\n|-damage|p2a: Hoopa|82\/100\n|\n|-heal|p1a: Chimecho|66\/100|[from] item: Leftovers\n|upkeep\n|turn|14\n|\n|t:|1699990642\n|move|p2a: Hoopa|Hyperspace Fury|p1a: Chimecho\n|-supereffective|p1a: Chimecho\n|-damage|p1a: Chimecho|28\/100\n|-unboost|p2a: Hoopa|def|1\n|move|p1a: Chimecho|Dazzling Gleam|p2a: Hoopa\n|-supereffective|p2a: Hoopa\n|-damage|p2a: Hoopa|64\/100\n|\n|-heal|p1a: Chimecho|34\/100|[from] item: Leftovers\n|upkeep\n|turn|15\n|\n|t:|1699990645\n|move|p2a: Hoopa|Hyperspace Fury|p1a: Chimecho\n|-supereffective|p1a: Chimecho\n|-damage|p1a: Chimecho|0 fnt\n|-unboost|p2a: Hoopa|def|1\n|faint|p1a: Chimecho\n|\n|upkeep\n|\n|t:|1699990651\n|switch|p1a: Iron Moth|Iron Moth|100\/100\n|-damage|p1a: Iron Moth|76\/100|[from] Stealth Rock\n|-enditem|p1a: Iron Moth|Booster Energy\n|-activate|p1a: Iron Moth|ability: Quark Drive|[fromitem]\n|-start|p1a: Iron Moth|quarkdrivespe\n|turn|16\n|\n|t:|1699990655\n|move|p1a: Iron Moth|Dazzling Gleam|p2a: Hoopa\n|-supereffective|p2a: Hoopa\n|-damage|p2a: Hoopa|37\/100\n|move|p2a: Hoopa|Zen Headbutt|p1a: Iron Moth\n|-supereffective|p1a: Iron Moth\n|-crit|p1a: Iron Moth\n|-damage|p1a: Iron Moth|0 fnt\n|faint|p1a: Iron Moth\n|-end|p1a: Iron Moth|Quark Drive|[silent]\n|\n|upkeep\n|\n|t:|1699990671\n|switch|p1a: Sneasler|Sneasler, F, shiny|100\/100\n|-damage|p1a: Sneasler|95\/100|[from] Stealth Rock\n|turn|17\n|\n|t:|1699990675\n|move|p1a: Sneasler|Fake Out|p2a: Hoopa\n|-enditem|p1a: Sneasler|Normal Gem|[from] gem\n|-damage|p2a: Hoopa|0 fnt\n|faint|p2a: Hoopa\n|\n|upkeep\n|\n|t:|1699990679\n|switch|p2a: Ninetales|Ninetales-Alola, M|45\/100\n|-weather|Snow|[from] ability: Snow Warning|[of] p2a: Ninetales\n|turn|18\n|\n|t:|1699990692\n|move|p1a: Sneasler|Dire Claw|p2a: Ninetales\n|-supereffective|p2a: Ninetales\n|-damage|p2a: Ninetales|0 fnt\n|faint|p2a: Ninetales\n|\n|-weather|Snow|[upkeep]\n|upkeep\n|\n|t:|1699990695\n|switch|p2a: Gholdengo|Gholdengo|100\/100\n|turn|19\n|\n|t:|1699990701\n|-terastallize|p1a: Sneasler|Flying\n|move|p1a: Sneasler|Acrobatics|p2a: Gholdengo\n|-resisted|p2a: Gholdengo\n|-damage|p2a: Gholdengo|73\/100\n|move|p2a: Gholdengo|Memento|p1a: Sneasler\n|-unboost|p1a: Sneasler|atk|2\n|-unboost|p1a: Sneasler|spa|2\n|faint|p2a: Gholdengo\n|\n|-weather|Snow|[upkeep]\n|upkeep\n|\n|t:|1699990708\n|switch|p2a: Meowscarada|Meowscarada, F|100\/100\n|turn|20\n|\n|t:|1699990711\n|move|p1a: Sneasler|Acrobatics|p2a: Meowscarada\n|-supereffective|p2a: Meowscarada\n|-damage|p2a: Meowscarada|0 fnt\n|faint|p2a: Meowscarada\n|\n|-weather|Snow|[upkeep]\n|upkeep\n|\n|t:|1699990716\n|switch|p2a: Kilowattrel|Kilowattrel, M|100\/100\n|turn|21\n|\n|t:|1699990722\n|move|p1a: Sneasler|Dire Claw|p2a: Kilowattrel\n|-damage|p2a: Kilowattrel|56\/100\n|-status|p2a: Kilowattrel|slp\n|cant|p2a: Kilowattrel|slp\n|\n|-weather|Snow|[upkeep]\n|upkeep\n|turn|22\n|\n|t:|1699990726\n|move|p1a: Sneasler|Dire Claw|p2a: Kilowattrel\n|-damage|p2a: Kilowattrel|14\/100 slp\n|cant|p2a: Kilowattrel|slp\n|\n|-weather|none\n|upkeep\n|turn|23\n|\n|t:|1699990730\n|move|p1a: Sneasler|Dire Claw|p2a: Kilowattrel\n|-damage|p2a: Kilowattrel|0 fnt\n|faint|p2a: Kilowattrel\n|\n|win|skittymiaou\n|raw|skittymiaou's rating: 1134 &rarr; <strong>1161<\/strong><br \/>(+27 for winning)\n|raw|NightmarixKritone's rating: 1159 &rarr; <strong>1132<\/strong><br \/>(-27 for losing)\n|l|\u2606NightmarixKritone\n","uploadtime":1699990739,"views":6,"p1id":"skittymiaou","p2id":"nightmarixkritone","formatid":"gen9ou","rating":1132,"private":0,"password":""}