{"id":"gen9ou-1989685401","p1":"RonyXx","p2":"Skaraptor2.1","format":"[Gen 9] OU","log":"|j|\u2606RonyXx\n|j|\u2606Skaraptor2.1\n|t:|1699886722\n|gametype|singles\n|player|p1|RonyXx|lance|1241\n|player|p2|Skaraptor2.1|emma|1289\n|teamsize|p1|6\n|teamsize|p2|6\n|gen|9\n|tier|[Gen 9] OU\n|rated|\n|rule|Sleep Clause Mod: Limit one foe put to sleep\n|rule|Species Clause: Limit one of each Pok\u00e9mon\n|rule|OHKO Clause: OHKO moves are banned\n|rule|Evasion Items Clause: Evasion items are banned\n|rule|Evasion Moves Clause: Evasion moves are banned\n|rule|Endless Battle Clause: Forcing endless battles is banned\n|rule|HP Percentage Mod: HP is shown in percentages\n|clearpoke\n|poke|p1|Cinderace, F|\n|poke|p1|Kingambit, F|\n|poke|p1|Rillaboom, M|\n|poke|p1|Sandy Shocks|\n|poke|p1|Weezing-Galar, F|\n|poke|p1|Slowking, M|\n|poke|p2|Ribombee, M|\n|poke|p2|Ogerpon-Wellspring, F|\n|poke|p2|Iron Moth|\n|poke|p2|Zamazenta-*|\n|poke|p2|Iron Valiant|\n|poke|p2|Kingambit, F|\n|teampreview\n|inactive|Battle timer is ON: inactive players will automatically lose when time's up. (requested by Skaraptor2.1)\n|\n|t:|1699886733\n|start\n|switch|p1a: Cinderace|Cinderace, F|100\/100\n|switch|p2a: Solar Panels|Iron Moth|100\/100\n|-enditem|p2a: Solar Panels|Booster Energy\n|-activate|p2a: Solar Panels|ability: Quark Drive|[fromitem]\n|-start|p2a: Solar Panels|quarkdrivespe\n|turn|1\n|\n|t:|1699886754\n|switch|p1a: Slowking|Slowking, M|100\/100\n|move|p2a: Solar Panels|Substitute|p2a: Solar Panels\n|-start|p2a: Solar Panels|Substitute\n|-damage|p2a: Solar Panels|76\/100\n|\n|upkeep\n|turn|2\n|\n|t:|1699886774\n|move|p2a: Solar Panels|Fiery Dance|p1a: Slowking\n|-resisted|p1a: Slowking\n|-damage|p1a: Slowking|83\/100\n|-boost|p2a: Solar Panels|spa|1\n|move|p1a: Slowking|Scald|p2a: Solar Panels\n|-supereffective|p2a: Solar Panels\n|-end|p2a: Solar Panels|Substitute\n|\n|-heal|p1a: Slowking|89\/100|[from] item: Leftovers\n|upkeep\n|turn|3\n|\n|t:|1699886794\n|move|p2a: Solar Panels|Fiery Dance|p1a: Slowking\n|-resisted|p1a: Slowking\n|-damage|p1a: Slowking|68\/100\n|-boost|p2a: Solar Panels|spa|1\n|move|p1a: Slowking|Psyshock|p2a: Solar Panels\n|-supereffective|p2a: Solar Panels\n|-damage|p2a: Solar Panels|0 fnt\n|faint|p2a: Solar Panels\n|-end|p2a: Solar Panels|Quark Drive|[silent]\n|\n|-heal|p1a: Slowking|74\/100|[from] item: Leftovers\n|upkeep\n|\n|t:|1699886799\n|switch|p2a: Transfem|Ogerpon-Wellspring, F|100\/100\n|turn|4\n|\n|t:|1699886807\n|switch|p1a: Kingambit|Kingambit, F|100\/100\n|move|p2a: Transfem|Swords Dance|p2a: Transfem\n|-boost|p2a: Transfem|atk|2\n|\n|upkeep\n|turn|5\n|\n|t:|1699886812\n|move|p2a: Transfem|Ivy Cudgel|p1a: Kingambit\n|-damage|p1a: Kingambit|8\/100\n|move|p1a: Kingambit|Kowtow Cleave|p2a: Transfem\n|-damage|p2a: Transfem|29\/100\n|\n|upkeep\n|turn|6\n|\n|t:|1699886817\n|move|p1a: Kingambit|Sucker Punch|p2a: Transfem\n|-damage|p2a: Transfem|0 fnt\n|faint|p2a: Transfem\n|\n|upkeep\n|\n|t:|1699886824\n|switch|p2a: Defender of Trans|Zamazenta, shiny|100\/100\n|-ability|p2a: Defender of Trans|Dauntless Shield|boost\n|-boost|p2a: Defender of Trans|def|1\n|turn|7\n|\n|t:|1699886829\n|move|p2a: Defender of Trans|Iron Defense|p2a: Defender of Trans\n|-boost|p2a: Defender of Trans|def|2\n|move|p1a: Kingambit|Iron Head|p2a: Defender of Trans\n|-damage|p2a: Defender of Trans|88\/100\n|\n|-heal|p2a: Defender of Trans|94\/100|[from] item: Leftovers\n|upkeep\n|turn|8\n|\n|t:|1699886832\n|-end|p1a: Kingambit|fallenundefined|[silent]\n|switch|p1a: Weezing|Weezing-Galar, F|100\/100\n|move|p2a: Defender of Trans|Iron Defense|p2a: Defender of Trans\n|-boost|p2a: Defender of Trans|def|2\n|\n|-heal|p2a: Defender of Trans|100\/100|[from] item: Leftovers\n|upkeep\n|turn|9\n|\n|t:|1699886835\n|-terastallize|p2a: Defender of Trans|Fire\n|move|p2a: Defender of Trans|Heavy Slam|p1a: Weezing\n|-supereffective|p1a: Weezing\n|-damage|p1a: Weezing|48\/100\n|move|p1a: Weezing|Will-O-Wisp|p2a: Defender of Trans\n|-immune|p2a: Defender of Trans\n|\n|-heal|p1a: Weezing|54\/100|[from] item: Black Sludge\n|upkeep\n|turn|10\n|\n|t:|1699886842\n|move|p2a: Defender of Trans|Heavy Slam|p1a: Weezing\n|-supereffective|p1a: Weezing\n|-damage|p1a: Weezing|6\/100\n|move|p1a: Weezing|Strange Steam|p2a: Defender of Trans|[miss]\n|-miss|p1a: Weezing|p2a: Defender of Trans\n|\n|-heal|p1a: Weezing|13\/100|[from] item: Black Sludge\n|upkeep\n|turn|11\n|\n|t:|1699886847\n|move|p2a: Defender of Trans|Heavy Slam|p1a: Weezing\n|-supereffective|p1a: Weezing\n|-damage|p1a: Weezing|0 fnt\n|faint|p1a: Weezing\n|\n|upkeep\n|\n|t:|1699886849\n|switch|p1a: Slowking|Slowking, M|100\/100\n|turn|12\n|\n|t:|1699886851\n|-terastallize|p1a: Slowking|Water\n|move|p2a: Defender of Trans|Crunch|p1a: Slowking\n|-damage|p1a: Slowking|81\/100\n|move|p1a: Slowking|Scald|p2a: Defender of Trans\n|-supereffective|p2a: Defender of Trans\n|-damage|p2a: Defender of Trans|39\/100\n|\n|-heal|p2a: Defender of Trans|45\/100|[from] item: Leftovers\n|-heal|p1a: Slowking|87\/100|[from] item: Leftovers\n|upkeep\n|turn|13\n|\n|t:|1699886858\n|move|p2a: Defender of Trans|Body Press|p1a: Slowking\n|-damage|p1a: Slowking|0 fnt\n|faint|p1a: Slowking\n|\n|-heal|p2a: Defender of Trans|51\/100|[from] item: Leftovers\n|upkeep\n|\n|t:|1699886862\n|switch|p1a: Sandy Shocks|Sandy Shocks|100\/100\n|turn|14\n|\n|t:|1699886864\n|move|p1a: Sandy Shocks|Earth Power|p2a: Defender of Trans\n|-supereffective|p2a: Defender of Trans\n|-damage|p2a: Defender of Trans|0 fnt\n|faint|p2a: Defender of Trans\n|\n|upkeep\n|\n|t:|1699886872\n|switch|p2a: Bigender|Iron Valiant|100\/100\n|-enditem|p2a: Bigender|Booster Energy\n|-activate|p2a: Bigender|ability: Quark Drive|[fromitem]\n|-start|p2a: Bigender|quarkdrivespe\n|turn|15\n|\n|t:|1699886880\n|move|p2a: Bigender|Calm Mind|p2a: Bigender\n|-boost|p2a: Bigender|spa|1\n|-boost|p2a: Bigender|spd|1\n|move|p1a: Sandy Shocks|Earth Power|p2a: Bigender\n|-damage|p2a: Bigender|45\/100\n|-unboost|p2a: Bigender|spd|1\n|\n|upkeep\n|turn|16\n|\n|t:|1699886887\n|move|p2a: Bigender|Moonblast|p1a: Sandy Shocks\n|-damage|p1a: Sandy Shocks|19\/100\n|move|p1a: Sandy Shocks|Earth Power|p2a: Bigender\n|-damage|p2a: Bigender|0 fnt\n|faint|p2a: Bigender\n|-end|p2a: Bigender|Quark Drive|[silent]\n|\n|upkeep\n|\n|t:|1699886891\n|switch|p2a: Twink|Ribombee, M|100\/100\n|turn|17\n|\n|t:|1699886900\n|move|p1a: Sandy Shocks|Earth Power|p2a: Twink\n|-resisted|p2a: Twink\n|-damage|p2a: Twink|68\/100\n|move|p2a: Twink|Moonblast|p1a: Sandy Shocks\n|-damage|p1a: Sandy Shocks|0 fnt\n|faint|p1a: Sandy Shocks\n|-end|p1a: Sandy Shocks|Protosynthesis|[silent]\n|\n|upkeep\n|\n|t:|1699886903\n|switch|p1a: Cinderace|Cinderace, F|100\/100\n|turn|18\n|\n|t:|1699886905\n|move|p2a: Twink|Stun Spore|p1a: Cinderace|[miss]\n|-miss|p2a: Twink|p1a: Cinderace\n|move|p1a: Cinderace|Pyro Ball|p2a: Twink\n|-supereffective|p2a: Twink\n|-damage|p2a: Twink|0 fnt\n|faint|p2a: Twink\n|\n|upkeep\n|\n|t:|1699886907\n|switch|p2a: Queengambit|Kingambit, F|100\/100\n|-activate|p2a: Queengambit|ability: Supreme Overlord\n|-start|p2a: Queengambit|fallen5|[silent]\n|turn|19\n|\n|t:|1699886911\n|move|p1a: Cinderace|High Jump Kick|p2a: Queengambit\n|-start|p1a: Cinderace|typechange|Fighting|[from] ability: Libero\n|-supereffective|p2a: Queengambit\n|-damage|p2a: Queengambit|0 fnt\n|faint|p2a: Queengambit\n|-end|p2a: Queengambit|fallen5|[silent]\n|\n|win|RonyXx\n|raw|RonyXx's rating: 1241 &rarr; <strong>1269<\/strong><br \/>(+28 for winning)\n|raw|Skaraptor2.1's rating: 1289 &rarr; <strong>1261<\/strong><br \/>(-28 for losing)\n","uploadtime":1699886914,"views":6,"p1id":"ronyxx","p2id":"skaraptor21","formatid":"gen9ou","rating":1261,"private":0,"password":""}