{"id":"gen9ou-1994855847","p1":"WRLD_Endu","p2":"QuackBarz","format":"[Gen 9] OU","log":"|j|\u2606WRLD_Endu\n|j|\u2606QuackBarz\n|t:|1700499001\n|gametype|singles\n|player|p1|WRLD_Endu|lance|1269\n|player|p2|QuackBarz|265|1237\n|teamsize|p1|6\n|teamsize|p2|6\n|gen|9\n|tier|[Gen 9] OU\n|rated|\n|rule|Sleep Clause Mod: Limit one foe put to sleep\n|rule|Species Clause: Limit one of each Pok\u00e9mon\n|rule|OHKO Clause: OHKO moves are banned\n|rule|Evasion Items Clause: Evasion items are banned\n|rule|Evasion Moves Clause: Evasion moves are banned\n|rule|Endless Battle Clause: Forcing endless battles is banned\n|rule|HP Percentage Mod: HP is shown in percentages\n|clearpoke\n|poke|p1|Grafaiai, F|\n|poke|p1|Rillaboom, F|\n|poke|p1|Zapdos|\n|poke|p1|Corviknight, M|\n|poke|p1|Clefable, F|\n|poke|p1|Toxapex, F|\n|poke|p2|Gastrodon, F|\n|poke|p2|Landorus-Therian, M|\n|poke|p2|Mandibuzz, F|\n|poke|p2|Gengar, F|\n|poke|p2|Zapdos|\n|poke|p2|Weavile, F|\n|teampreview\n|\n|t:|1700499005\n|start\n|switch|p1a: Best of the trio|Zapdos, shiny|100\/100\n|switch|p2a: Landorus|Landorus-Therian, M|100\/100\n|-ability|p2a: Landorus|Intimidate|boost\n|-unboost|p1a: Best of the trio|atk|1\n|turn|1\n|inactive|Battle timer is ON: inactive players will automatically lose when time's up. (requested by WRLD_Endu)\n|\n|t:|1700499011\n|move|p1a: Best of the trio|Hurricane|p2a: Landorus\n|-damage|p2a: Landorus|32\/100\n|move|p2a: Landorus|Gravity|p2a: Landorus\n|-fieldstart|move: Gravity\n|\n|upkeep\n|turn|2\n|c|\u2606WRLD_Endu|lemme guess i'm now only a electric type right?\n|inactive|WRLD_Endu has 120 seconds left.\n|\n|t:|1700499044\n|switch|p1a: Frieza's enemy|Rillaboom, F, shiny|100\/100\n|-fieldstart|move: Grassy Terrain|[from] ability: Grassy Surge|[of] p1a: Frieza's enemy\n|switch|p2a: Zapdos|Zapdos|100\/100\n|\n|upkeep\n|turn|3\n|inactive|WRLD_Endu has 120 seconds left.\n|\n|t:|1700499057\n|switch|p1a: Best of the trio|Zapdos, shiny|100\/100\n|move|p2a: Zapdos|Tailwind|p2a: Zapdos\n|-sidestart|p2: QuackBarz|move: Tailwind\n|\n|upkeep\n|turn|4\n|\n|t:|1700499065\n|move|p2a: Zapdos|Thunder|p1a: Best of the trio\n|-damage|p1a: Best of the trio|6\/100\n|-damage|p2a: Zapdos|91\/100|[from] item: Life Orb\n|move|p1a: Best of the trio|Thunderbolt|p2a: Zapdos\n|-damage|p2a: Zapdos|34\/100\n|\n|-heal|p2a: Zapdos|40\/100|[from] Grassy Terrain\n|-heal|p1a: Best of the trio|13\/100|[from] Grassy Terrain\n|upkeep\n|turn|5\n|c|\u2606QuackBarz|I completely agree\n|c|\u2606WRLD_Endu|nvm lmao\n|\n|t:|1700499082\n|switch|p1a: Frieza's enemy|Rillaboom, F, shiny|100\/100\n|move|p2a: Zapdos|Roost|p2a: Zapdos\n|-heal|p2a: Zapdos|91\/100\n|-singleturn|p2a: Zapdos|move: Roost\n|\n|-heal|p2a: Zapdos|97\/100|[from] Grassy Terrain\n|-fieldend|move: Gravity\n|upkeep\n|turn|6\n|\n|t:|1700499099\n|move|p2a: Zapdos|Hurricane|p1a: Frieza's enemy\n|-supereffective|p1a: Frieza's enemy\n|-damage|p1a: Frieza's enemy|0 fnt\n|faint|p1a: Frieza's enemy\n|-damage|p2a: Zapdos|87\/100|[from] item: Life Orb\n|\n|-sideend|p2: QuackBarz|move: Tailwind\n|-fieldend|move: Grassy Terrain\n|upkeep\n|inactive|WRLD_Endu has 120 seconds left.\n|\n|t:|1700499112\n|switch|p1a: Emo asf|Toxapex, F, shiny|100\/100\n|turn|7\n|c|\u2606QuackBarz|Zapdos is that guy ok\n|inactive|WRLD_Endu has 120 seconds left.\n|c|\u2606WRLD_Endu|icl i have no wincon now\n|\n|t:|1700499133\n|switch|p1a: I don't like u|Clefable, F, shiny|100\/100\n|move|p2a: Zapdos|Thunder|p1a: I don't like u\n|-damage|p1a: I don't like u|28\/100\n|-damage|p2a: Zapdos|77\/100|[from] item: Life Orb\n|\n|-heal|p1a: I don't like u|34\/100|[from] item: Leftovers\n|upkeep\n|turn|8\n|\n|t:|1700499139\n|move|p2a: Zapdos|Hurricane|p1a: I don't like u\n|-damage|p1a: I don't like u|0 fnt\n|faint|p1a: I don't like u\n|-damage|p2a: Zapdos|67\/100|[from] item: Life Orb\n|\n|upkeep\n|-message|WRLD_Endu forfeited.\n|\n|win|QuackBarz\n|raw|WRLD_Endu's rating: 1269 &rarr; <strong>1242<\/strong><br \/>(-27 for losing)\n|raw|QuackBarz's rating: 1237 &rarr; <strong>1264<\/strong><br \/>(+27 for winning)\n|l|\u2606WRLD_Endu\n","uploadtime":1700499154,"views":5,"p1id":"wrldendu","p2id":"quackbarz","formatid":"gen9ou","rating":1242,"private":0,"password":""}