{"id":"gen9ou-1997702266","p1":"yeziqie","p2":"lokilp","format":"[Gen 9] OU","log":"|j|\u2606yeziqie\n|j|\u2606lokilp\n|t:|1700843489\n|gametype|singles\n|player|p1|yeziqie|266|1380\n|player|p2|lokilp|cyclistf-gen4|1496\n|teamsize|p1|6\n|teamsize|p2|6\n|gen|9\n|tier|[Gen 9] OU\n|rated|\n|rule|Sleep Clause Mod: Limit one foe put to sleep\n|rule|Species Clause: Limit one of each Pok\u00e9mon\n|rule|OHKO Clause: OHKO moves are banned\n|rule|Evasion Items Clause: Evasion items are banned\n|rule|Evasion Moves Clause: Evasion moves are banned\n|rule|Endless Battle Clause: Forcing endless battles is banned\n|rule|HP Percentage Mod: HP is shown in percentages\n|clearpoke\n|poke|p1|Ribombee, M|\n|poke|p1|Kleavor, M|\n|poke|p1|Scizor, M|\n|poke|p1|Lokix, F|\n|poke|p1|Yanmega, F|\n|poke|p1|Iron Thorns|\n|poke|p2|Ting-Lu|\n|poke|p2|Rillaboom, F|\n|poke|p2|Ceruledge, F|\n|poke|p2|Ogerpon-Wellspring, F|\n|poke|p2|Zapdos|\n|poke|p2|Great Tusk|\n|teampreview\n|inactive|Battle timer is ON: inactive players will automatically lose when time's up. (requested by lokilp)\n|\n|t:|1700843500\n|start\n|switch|p1a: Ribombee|Ribombee, M|100\/100\n|switch|p2a: Zapdos|Zapdos|100\/100\n|turn|1\n|\n|t:|1700843504\n|move|p1a: Ribombee|Sticky Web|p2a: Zapdos\n|-sidestart|p2: lokilp|move: Sticky Web\n|move|p2a: Zapdos|Heat Wave|p1a: Ribombee\n|-supereffective|p1a: Ribombee\n|-damage|p1a: Ribombee|4\/100\n|\n|upkeep\n|turn|2\n|\n|t:|1700843509\n|move|p1a: Ribombee|Moonblast|p2a: Zapdos\n|-damage|p2a: Zapdos|65\/100\n|-unboost|p2a: Zapdos|spa|1\n|move|p2a: Zapdos|Volt Switch|p1a: Ribombee\n|-damage|p1a: Ribombee|0 fnt\n|faint|p1a: Ribombee\n|\n|t:|1700843517\n|switch|p2a: Great Tusk|Great Tusk|100\/100|[from] Volt Switch\n|-activate|p2a: Great Tusk|move: Sticky Web\n|-unboost|p2a: Great Tusk|spe|1\n|\n|upkeep\n|\n|t:|1700843519\n|switch|p1a: Yanmega|Yanmega, F|100\/100\n|turn|3\n|\n|t:|1700843535\n|-end|p2a: Great Tusk|Protosynthesis|[silent]\n|switch|p2a: Ceruledge|Ceruledge, F|100\/100\n|move|p1a: Yanmega|Bug Buzz|p2a: Ceruledge\n|-resisted|p2a: Ceruledge\n|-damage|p2a: Ceruledge|78\/100\n|\n|upkeep\n|turn|4\n|\n|t:|1700843543\n|switch|p1a: Iron Thorns|Iron Thorns|100\/100\n|move|p2a: Ceruledge|Bitter Blade|p1a: Iron Thorns\n|-resisted|p1a: Iron Thorns\n|-damage|p1a: Iron Thorns|82\/100\n|-heal|p2a: Ceruledge|88\/100|[from] drain|[of] p1a: Iron Thorns\n|\n|upkeep\n|turn|5\n|\n|t:|1700843551\n|switch|p2a: Great Tusk|Great Tusk|100\/100\n|-activate|p2a: Great Tusk|move: Sticky Web\n|-unboost|p2a: Great Tusk|spe|1\n|move|p1a: Iron Thorns|Dragon Dance|p1a: Iron Thorns\n|-boost|p1a: Iron Thorns|atk|1\n|-boost|p1a: Iron Thorns|spe|1\n|\n|upkeep\n|turn|6\n|\n|t:|1700843563\n|-end|p1a: Iron Thorns|Quark Drive|[silent]\n|switch|p1a: Yanmega|Yanmega, F|100\/100\n|move|p2a: Great Tusk|Rapid Spin|p1a: Yanmega\n|-damage|p1a: Yanmega|84\/100\n|-boost|p2a: Great Tusk|spe|1\n|-sideend|p2: lokilp|Sticky Web|[from] move: Rapid Spin|[of] p2a: Great Tusk\n|\n|upkeep\n|turn|7\n|\n|t:|1700843573\n|-end|p2a: Great Tusk|Protosynthesis|[silent]\n|switch|p2a: Ceruledge|Ceruledge, F|88\/100\n|-terastallize|p1a: Yanmega|Flying\n|move|p1a: Yanmega|Air Slash|p2a: Ceruledge\n|-damage|p2a: Ceruledge|34\/100\n|\n|upkeep\n|turn|8\n|\n|t:|1700843582\n|switch|p2a: Zapdos|Zapdos|65\/100\n|move|p1a: Yanmega|Air Slash|p2a: Zapdos\n|-resisted|p2a: Zapdos\n|-damage|p2a: Zapdos|0 fnt\n|faint|p2a: Zapdos\n|\n|upkeep\n|\n|t:|1700843609\n|switch|p2a: Ogerpon|Ogerpon-Wellspring, F|100\/100\n|turn|9\n|\n|t:|1700843618\n|switch|p1a: Scizor|Scizor, M|100\/100\n|-terastallize|p2a: Ogerpon|Water\n|detailschange|p2a: Ogerpon|Ogerpon-Wellspring-Tera, F, tera:Water\n|-ability|p2a: Ogerpon|Embody Aspect (Wellspring)|boost\n|-boost|p2a: Ogerpon|spd|1\n|move|p2a: Ogerpon|Ivy Cudgel|p1a: Scizor|[anim] Ivy Cudgel Water\n|-damage|p1a: Scizor|21\/100\n|\n|upkeep\n|turn|10\n|\n|t:|1700843627\n|move|p1a: Scizor|Bullet Punch|p2a: Ogerpon\n|-resisted|p2a: Ogerpon\n|-damage|p2a: Ogerpon|68\/100\n|move|p2a: Ogerpon|Ivy Cudgel|p1a: Scizor|[anim] Ivy Cudgel Water\n|-damage|p1a: Scizor|0 fnt\n|faint|p1a: Scizor\n|\n|upkeep\n|\n|t:|1700843646\n|switch|p1a: Kleavor|Kleavor, M|100\/100\n|turn|11\n|\n|t:|1700843652\n|switch|p2a: Great Tusk|Great Tusk|100\/100\n|move|p1a: Kleavor|X-Scissor|p2a: Great Tusk\n|-resisted|p2a: Great Tusk\n|-damage|p2a: Great Tusk|85\/100\n|\n|-heal|p2a: Great Tusk|91\/100|[from] item: Leftovers\n|upkeep\n|turn|12\n|\n|t:|1700843659\n|switch|p1a: Yanmega|Yanmega, F, tera:Flying|84\/100\n|move|p2a: Great Tusk|Bulk Up|p2a: Great Tusk\n|-boost|p2a: Great Tusk|atk|1\n|-boost|p2a: Great Tusk|def|1\n|\n|-heal|p2a: Great Tusk|98\/100|[from] item: Leftovers\n|upkeep\n|turn|13\n|\n|t:|1700843663\n|-end|p2a: Great Tusk|Protosynthesis|[silent]\n|switch|p2a: Ting-Lu|Ting-Lu|100\/100\n|-ability|p2a: Ting-Lu|Vessel of Ruin\n|move|p1a: Yanmega|Air Slash|p2a: Ting-Lu\n|-crit|p2a: Ting-Lu\n|-damage|p2a: Ting-Lu|55\/100\n|\n|-heal|p2a: Ting-Lu|61\/100|[from] item: Leftovers\n|upkeep\n|turn|14\n|\n|t:|1700843684\n|switch|p1a: Lokix|Lokix, F|100\/100\n|move|p2a: Ting-Lu|Spikes|p1a: Lokix\n|-sidestart|p1: yeziqie|Spikes\n|\n|-heal|p2a: Ting-Lu|67\/100|[from] item: Leftovers\n|upkeep\n|turn|15\n|\n|t:|1700843693\n|switch|p2a: Ceruledge|Ceruledge, F|34\/100\n|move|p1a: Lokix|Leech Life|p2a: Ceruledge\n|-resisted|p2a: Ceruledge\n|-damage|p2a: Ceruledge|0 fnt\n|faint|p2a: Ceruledge\n|\n|upkeep\n|\n|t:|1700843701\n|switch|p2a: Great Tusk|Great Tusk|98\/100\n|turn|16\n|\n|t:|1700843703\n|move|p1a: Lokix|Leech Life|p2a: Great Tusk\n|-resisted|p2a: Great Tusk\n|-damage|p2a: Great Tusk|68\/100\n|move|p2a: Great Tusk|Knock Off|p1a: Lokix\n|-resisted|p1a: Lokix\n|-damage|p1a: Lokix|81\/100\n|-enditem|p1a: Lokix|Choice Band|[from] move: Knock Off|[of] p2a: Great Tusk\n|\n|-heal|p2a: Great Tusk|75\/100|[from] item: Leftovers\n|upkeep\n|turn|17\n|\n|t:|1700843712\n|move|p1a: Lokix|Leech Life|p2a: Great Tusk\n|-resisted|p2a: Great Tusk\n|-damage|p2a: Great Tusk|57\/100\n|-heal|p1a: Lokix|95\/100|[from] drain|[of] p2a: Great Tusk\n|move|p2a: Great Tusk|Bulk Up|p2a: Great Tusk\n|-boost|p2a: Great Tusk|atk|1\n|-boost|p2a: Great Tusk|def|1\n|\n|-heal|p2a: Great Tusk|63\/100|[from] item: Leftovers\n|upkeep\n|turn|18\n|\n|t:|1700843719\n|switch|p1a: Yanmega|Yanmega, F, tera:Flying|84\/100\n|move|p2a: Great Tusk|Knock Off|p1a: Yanmega\n|-damage|p1a: Yanmega|35\/100\n|-enditem|p1a: Yanmega|Choice Specs|[from] move: Knock Off|[of] p2a: Great Tusk\n|\n|-heal|p2a: Great Tusk|70\/100|[from] item: Leftovers\n|upkeep\n|turn|19\n|\n|t:|1700843741\n|-end|p2a: Great Tusk|Protosynthesis|[silent]\n|switch|p2a: Ting-Lu|Ting-Lu|67\/100\n|-ability|p2a: Ting-Lu|Vessel of Ruin\n|move|p1a: Yanmega|Giga Drain|p2a: Ting-Lu\n|-supereffective|p2a: Ting-Lu\n|-damage|p2a: Ting-Lu|46\/100\n|-heal|p1a: Yanmega|53\/100|[from] drain|[of] p2a: Ting-Lu\n|\n|-heal|p2a: Ting-Lu|52\/100|[from] item: Leftovers\n|upkeep\n|turn|20\n|\n|t:|1700843751\n|move|p1a: Yanmega|Giga Drain|p2a: Ting-Lu\n|-supereffective|p2a: Ting-Lu\n|-damage|p2a: Ting-Lu|30\/100\n|-heal|p1a: Yanmega|70\/100|[from] drain|[of] p2a: Ting-Lu\n|move|p2a: Ting-Lu|Spikes|p1a: Yanmega\n|-sidestart|p1: yeziqie|Spikes\n|\n|-heal|p2a: Ting-Lu|37\/100|[from] item: Leftovers\n|upkeep\n|turn|21\n|\n|t:|1700843757\n|move|p1a: Yanmega|Bug Buzz|p2a: Ting-Lu\n|-supereffective|p2a: Ting-Lu\n|-crit|p2a: Ting-Lu\n|-damage|p2a: Ting-Lu|0 fnt\n|faint|p2a: Ting-Lu\n|\n|upkeep\n|\n|t:|1700843761\n|switch|p2a: Ogerpon|Ogerpon-Wellspring-Tera, F, tera:Water|68\/100\n|-ability|p2a: Ogerpon|Embody Aspect (Wellspring)|boost\n|-boost|p2a: Ogerpon|spd|1\n|turn|22\n|\n|t:|1700843769\n|switch|p1a: Iron Thorns|Iron Thorns|82\/100\n|-damage|p1a: Iron Thorns|65\/100|[from] Spikes\n|move|p2a: Ogerpon|Ivy Cudgel|p1a: Iron Thorns|[anim] Ivy Cudgel Water\n|-supereffective|p1a: Iron Thorns\n|-damage|p1a: Iron Thorns|0 fnt\n|faint|p1a: Iron Thorns\n|-end|p1a: Iron Thorns|Quark Drive|[silent]\n|\n|upkeep\n|\n|t:|1700843777\n|switch|p1a: Lokix|Lokix, F|95\/100\n|-damage|p1a: Lokix|78\/100|[from] Spikes\n|turn|23\n|\n|t:|1700843784\n|move|p1a: Lokix|First Impression|p2a: Ogerpon\n|-damage|p2a: Ogerpon|13\/100\n|move|p2a: Ogerpon|Ivy Cudgel|p1a: Lokix|[anim] Ivy Cudgel Water\n|-damage|p1a: Lokix|0 fnt\n|faint|p1a: Lokix\n|\n|upkeep\n|\n|t:|1700843789\n|switch|p1a: Kleavor|Kleavor, M|100\/100\n|-damage|p1a: Kleavor|84\/100|[from] Spikes\n|turn|24\n|\n|t:|1700843798\n|switch|p2a: Great Tusk|Great Tusk|70\/100\n|move|p1a: Kleavor|U-turn|p2a: Great Tusk\n|-resisted|p2a: Great Tusk\n|-damage|p2a: Great Tusk|60\/100\n|\n|t:|1700843801\n|switch|p1a: Yanmega|Yanmega, F, tera:Flying|70\/100|[from] U-turn\n|\n|-heal|p2a: Great Tusk|66\/100|[from] item: Leftovers\n|upkeep\n|turn|25\n|\n|t:|1700843806\n|move|p1a: Yanmega|Air Slash|p2a: Great Tusk\n|-supereffective|p2a: Great Tusk\n|-damage|p2a: Great Tusk|0 fnt\n|faint|p2a: Great Tusk\n|-end|p2a: Great Tusk|Protosynthesis|[silent]\n|\n|upkeep\n|\n|t:|1700843809\n|switch|p2a: Rillaboom|Rillaboom, F|100\/100\n|-fieldstart|move: Grassy Terrain|[from] ability: Grassy Surge|[of] p2a: Rillaboom\n|turn|26\n|\n|t:|1700843813\n|move|p1a: Yanmega|Air Slash|p2a: Rillaboom\n|-supereffective|p2a: Rillaboom\n|-damage|p2a: Rillaboom|0 fnt\n|faint|p2a: Rillaboom\n|\n|upkeep\n|\n|t:|1700843816\n|switch|p2a: Ogerpon|Ogerpon-Wellspring-Tera, F, tera:Water|13\/100\n|-ability|p2a: Ogerpon|Embody Aspect (Wellspring)|boost\n|-boost|p2a: Ogerpon|spd|1\n|turn|27\n|\n|t:|1700843818\n|move|p2a: Ogerpon|Ivy Cudgel|p1a: Yanmega|[anim] Ivy Cudgel Water\n|-damage|p1a: Yanmega|0 fnt\n|faint|p1a: Yanmega\n|\n|-heal|p2a: Ogerpon|19\/100|[from] Grassy Terrain\n|upkeep\n|\n|t:|1700843820\n|switch|p1a: Kleavor|Kleavor, M|84\/100\n|-damage|p1a: Kleavor|68\/100|[from] Spikes\n|turn|28\n|\n|t:|1700843823\n|move|p1a: Kleavor|X-Scissor|p2a: Ogerpon\n|-damage|p2a: Ogerpon|0 fnt\n|faint|p2a: Ogerpon\n|\n|win|yeziqie\n|raw|yeziqie's rating: 1380 &rarr; <strong>1406<\/strong><br \/>(+26 for winning)\n|raw|lokilp's rating: 1496 &rarr; <strong>1470<\/strong><br \/>(-26 for losing)\n","uploadtime":1700843831,"views":15,"p1id":"yeziqie","p2id":"lokilp","formatid":"gen9ou","rating":1406,"private":0,"password":""}