{"id":"gen9ou-1989285275","p1":"J.T.Lgamer20","p2":"Pickedman","format":"[Gen 9] OU","log":"|j|\u2606J.T.Lgamer20\n|j|\u2606Pickedman\n|t:|1699831899\n|gametype|singles\n|player|p1|J.T.Lgamer20|cheren|\n|player|p2|Pickedman|zinnia|\n|teamsize|p1|6\n|teamsize|p2|6\n|gen|9\n|tier|[Gen 9] OU\n|rule|Sleep Clause Mod: Limit one foe put to sleep\n|rule|Species Clause: Limit one of each Pok\u00e9mon\n|rule|OHKO Clause: OHKO moves are banned\n|rule|Evasion Items Clause: Evasion items are banned\n|rule|Evasion Moves Clause: Evasion moves are banned\n|rule|Endless Battle Clause: Forcing endless battles is banned\n|rule|HP Percentage Mod: HP is shown in percentages\n|clearpoke\n|poke|p1|Greninja-*, M|\n|poke|p1|Rillaboom, M|\n|poke|p1|Enamorus, F|\n|poke|p1|Dragapult, M|\n|poke|p1|Mandibuzz, F|\n|poke|p1|Iron Valiant|\n|poke|p2|Ting-Lu|\n|poke|p2|Landorus-Therian, M|\n|poke|p2|Iron Valiant|\n|poke|p2|Garchomp, M|\n|poke|p2|Great Tusk|\n|poke|p2|Kingambit, M|\n|teampreview\n|\n|t:|1699831921\n|start\n|switch|p1a: Mandibuzz|Mandibuzz, F|100\/100\n|switch|p2a: Ting-Lu|Ting-Lu|100\/100\n|-ability|p2a: Ting-Lu|Vessel of Ruin\n|turn|1\n|\n|t:|1699831939\n|move|p1a: Mandibuzz|Knock Off|p2a: Ting-Lu\n|-resisted|p2a: Ting-Lu\n|-damage|p2a: Ting-Lu|93\/100\n|-enditem|p2a: Ting-Lu|Leftovers|[from] move: Knock Off|[of] p1a: Mandibuzz\n|move|p2a: Ting-Lu|Stealth Rock|p1a: Mandibuzz\n|-sidestart|p1: J.T.Lgamer20|move: Stealth Rock\n|\n|upkeep\n|turn|2\n|\n|t:|1699831949\n|switch|p2a: Garchomp|Garchomp, M|100\/100\n|move|p1a: Mandibuzz|U-turn|p2a: Garchomp\n|-damage|p2a: Garchomp|88\/100\n|-damage|p1a: Mandibuzz|88\/100|[from] ability: Rough Skin|[of] p2a: Garchomp\n|\n|t:|1699831970\n|switch|p1a: Enamorus|Enamorus, F|100\/100|[from] U-turn\n|-damage|p1a: Enamorus|76\/100|[from] Stealth Rock\n|\n|upkeep\n|turn|3\n|\n|t:|1699831989\n|switch|p2a: Landorus|Landorus-Therian, M|100\/100\n|-ability|p2a: Landorus|Intimidate|boost\n|-boost|p1a: Enamorus|atk|1\n|-terastallize|p1a: Enamorus|Ice\n|move|p1a: Enamorus|Tera Blast|p2a: Landorus|[anim] Tera Blast Ice\n|-supereffective|p2a: Landorus\n|-damage|p2a: Landorus|0 fnt\n|faint|p2a: Landorus\n|\n|upkeep\n|\n|t:|1699832009\n|switch|p2a: Iron Valiant|Iron Valiant|100\/100\n|-enditem|p2a: Iron Valiant|Booster Energy\n|-activate|p2a: Iron Valiant|ability: Quark Drive|[fromitem]\n|-start|p2a: Iron Valiant|quarkdrivespe\n|turn|4\n|\n|t:|1699832021\n|switch|p1a: Mandibuzz|Mandibuzz, F|88\/100\n|-damage|p1a: Mandibuzz|63\/100|[from] Stealth Rock\n|move|p2a: Iron Valiant|Aura Sphere|p1a: Mandibuzz\n|-damage|p1a: Mandibuzz|27\/100\n|\n|-heal|p1a: Mandibuzz|34\/100|[from] item: Leftovers\n|upkeep\n|turn|5\n|\n|t:|1699832035\n|move|p2a: Iron Valiant|Moonblast|p1a: Mandibuzz\n|-supereffective|p1a: Mandibuzz\n|-damage|p1a: Mandibuzz|0 fnt\n|faint|p1a: Mandibuzz\n|\n|upkeep\n|\n|t:|1699832064\n|switch|p1a: Rillaboom|Rillaboom, M|100\/100\n|-damage|p1a: Rillaboom|88\/100|[from] Stealth Rock\n|-fieldstart|move: Grassy Terrain|[from] ability: Grassy Surge|[of] p1a: Rillaboom\n|turn|6\n|\n|t:|1699832082\n|move|p1a: Rillaboom|Grassy Glide|p2a: Iron Valiant\n|-damage|p2a: Iron Valiant|51\/100\n|move|p2a: Iron Valiant|Moonblast|p1a: Rillaboom\n|-damage|p1a: Rillaboom|24\/100\n|\n|-heal|p2a: Iron Valiant|57\/100|[from] Grassy Terrain\n|-heal|p1a: Rillaboom|30\/100|[from] Grassy Terrain\n|upkeep\n|turn|7\n|\n|t:|1699832092\n|move|p1a: Rillaboom|Grassy Glide|p2a: Iron Valiant\n|-damage|p2a: Iron Valiant|10\/100\n|move|p2a: Iron Valiant|Moonblast|p1a: Rillaboom\n|-damage|p1a: Rillaboom|0 fnt\n|faint|p1a: Rillaboom\n|\n|-heal|p2a: Iron Valiant|16\/100|[from] Grassy Terrain\n|upkeep\n|\n|t:|1699832103\n|switch|p1a: Iron Valiant|Iron Valiant|100\/100\n|-damage|p1a: Iron Valiant|94\/100|[from] Stealth Rock\n|-enditem|p1a: Iron Valiant|Booster Energy\n|-activate|p1a: Iron Valiant|ability: Quark Drive|[fromitem]\n|-start|p1a: Iron Valiant|quarkdrivespe\n|turn|8\n|\n|t:|1699832115\n|move|p2a: Iron Valiant|Aura Sphere|p1a: Iron Valiant\n|-resisted|p1a: Iron Valiant\n|-damage|p1a: Iron Valiant|56\/100\n|move|p1a: Iron Valiant|Spirit Break|p2a: Iron Valiant\n|-supereffective|p2a: Iron Valiant\n|-damage|p2a: Iron Valiant|0 fnt\n|faint|p2a: Iron Valiant\n|-end|p2a: Iron Valiant|Quark Drive|[silent]\n|\n|-heal|p1a: Iron Valiant|62\/100|[from] Grassy Terrain\n|upkeep\n|\n|t:|1699832123\n|switch|p2a: Ting-Lu|Ting-Lu|93\/100\n|-ability|p2a: Ting-Lu|Vessel of Ruin\n|turn|9\n|\n|t:|1699832132\n|move|p1a: Iron Valiant|Spirit Break|p2a: Ting-Lu\n|-supereffective|p2a: Ting-Lu\n|-damage|p2a: Ting-Lu|51\/100\n|-unboost|p2a: Ting-Lu|spa|1\n|move|p2a: Ting-Lu|Whirlwind|p1a: Iron Valiant\n|-end|p1a: Iron Valiant|Quark Drive|[silent]\n|drag|p1a: Dragapult|Dragapult, M|100\/100\n|-damage|p1a: Dragapult|88\/100|[from] Stealth Rock\n|\n|-heal|p1a: Dragapult|94\/100|[from] Grassy Terrain\n|-heal|p2a: Ting-Lu|57\/100|[from] Grassy Terrain\n|upkeep\n|turn|10\n|\n|t:|1699832149\n|move|p1a: Dragapult|Reflect|p1a: Dragapult\n|-sidestart|p1: J.T.Lgamer20|Reflect\n|move|p2a: Ting-Lu|Spikes|p1a: Dragapult\n|-sidestart|p1: J.T.Lgamer20|Spikes\n|\n|-heal|p1a: Dragapult|99\/100|[from] Grassy Terrain\n|-heal|p2a: Ting-Lu|64\/100|[from] Grassy Terrain\n|upkeep\n|turn|11\n|\n|t:|1699832159\n|move|p1a: Dragapult|Dragon Darts|p2a: Ting-Lu\n|-damage|p2a: Ting-Lu|53\/100\n|-anim|p1a: Dragapult|Dragon Darts|p2a: Ting-Lu\n|-damage|p2a: Ting-Lu|42\/100\n|move|p2a: Ting-Lu|Spikes|p1a: Dragapult\n|-sidestart|p1: J.T.Lgamer20|Spikes\n|\n|-heal|p1a: Dragapult|100\/100|[from] Grassy Terrain\n|-heal|p2a: Ting-Lu|48\/100|[from] Grassy Terrain\n|upkeep\n|turn|12\n|\n|t:|1699832171\n|move|p1a: Dragapult|Dragon Darts|p2a: Ting-Lu\n|-damage|p2a: Ting-Lu|37\/100\n|-anim|p1a: Dragapult|Dragon Darts|p2a: Ting-Lu\n|-damage|p2a: Ting-Lu|25\/100\n|move|p2a: Ting-Lu|Spikes|p1a: Dragapult\n|-sidestart|p1: J.T.Lgamer20|Spikes\n|\n|-heal|p2a: Ting-Lu|32\/100|[from] Grassy Terrain\n|upkeep\n|turn|13\n|\n|t:|1699832185\n|move|p1a: Dragapult|Dragon Darts|p2a: Ting-Lu\n|-damage|p2a: Ting-Lu|20\/100\n|-anim|p1a: Dragapult|Dragon Darts|p2a: Ting-Lu\n|-damage|p2a: Ting-Lu|9\/100\n|move|p2a: Ting-Lu|Whirlwind|p1a: Dragapult\n|drag|p1a: Greninja|Greninja, M|100\/100\n|-damage|p1a: Greninja|88\/100|[from] Stealth Rock\n|-damage|p1a: Greninja|63\/100|[from] Spikes\n|\n|-heal|p1a: Greninja|69\/100|[from] Grassy Terrain\n|-heal|p2a: Ting-Lu|15\/100|[from] Grassy Terrain\n|-fieldend|move: Grassy Terrain\n|upkeep\n|turn|14\n|\n|t:|1699832225\n|switch|p2a: Garchomp|Garchomp, M|88\/100\n|move|p1a: Greninja|Hydro Pump|p2a: Garchomp\n|-damage|p2a: Garchomp|38\/100\n|\n|upkeep\n|turn|15\n|\n|t:|1699832237\n|move|p1a: Greninja|Hydro Pump|p2a: Garchomp\n|-damage|p2a: Garchomp|0 fnt\n|faint|p2a: Garchomp\n|-ability|p1a: Greninja|Battle Bond|boost\n|-boost|p1a: Greninja|atk|1\n|-boost|p1a: Greninja|spa|1\n|-boost|p1a: Greninja|spe|1\n|-activate|p1a: Greninja|ability: Battle Bond\n|\n|upkeep\n|\n|t:|1699832265\n|switch|p2a: Ting-Lu|Ting-Lu|15\/100\n|-ability|p2a: Ting-Lu|Vessel of Ruin\n|turn|16\n|\n|t:|1699832274\n|move|p1a: Greninja|Hydro Pump|p2a: Ting-Lu\n|-supereffective|p2a: Ting-Lu\n|-damage|p2a: Ting-Lu|0 fnt\n|faint|p2a: Ting-Lu\n|\n|upkeep\n|\n|t:|1699832281\n|switch|p2a: Great Tusk|Great Tusk|100\/100\n|-enditem|p2a: Great Tusk|Booster Energy\n|-activate|p2a: Great Tusk|ability: Protosynthesis|[fromitem]\n|-start|p2a: Great Tusk|protosynthesisspe\n|turn|17\n|\n|t:|1699832296\n|move|p1a: Greninja|Hydro Pump|p2a: Great Tusk\n|-supereffective|p2a: Great Tusk\n|-damage|p2a: Great Tusk|0 fnt\n|faint|p2a: Great Tusk\n|-end|p2a: Great Tusk|Protosynthesis|[silent]\n|\n|-sideend|p1: J.T.Lgamer20|Reflect\n|upkeep\n|\n|t:|1699832300\n|switch|p2a: Kingambit|Kingambit, M|100\/100\n|-activate|p2a: Kingambit|ability: Supreme Overlord\n|-start|p2a: Kingambit|fallen5|[silent]\n|turn|18\n|\n|t:|1699832307\n|-terastallize|p2a: Kingambit|Fairy\n|move|p1a: Greninja|Hydro Pump|p2a: Kingambit\n|-damage|p2a: Kingambit|24\/100\n|move|p2a: Kingambit|Tera Blast|p1a: Greninja|[anim] Tera Blast Fairy\n|-supereffective|p1a: Greninja\n|-damage|p1a: Greninja|0 fnt\n|faint|p1a: Greninja\n|\n|-heal|p2a: Kingambit|30\/100|[from] item: Leftovers\n|upkeep\n|\n|t:|1699832324\n|switch|p1a: Dragapult|Dragapult, M|100\/100\n|-damage|p1a: Dragapult|88\/100|[from] Stealth Rock\n|-damage|p1a: Dragapult|63\/100|[from] Spikes\n|turn|19\n|\n|t:|1699832340\n|move|p1a: Dragapult|Will-O-Wisp|p2a: Kingambit|[miss]\n|-miss|p1a: Dragapult|p2a: Kingambit\n|move|p2a: Kingambit|Swords Dance|p2a: Kingambit\n|-boost|p2a: Kingambit|atk|2\n|\n|-heal|p2a: Kingambit|36\/100|[from] item: Leftovers\n|upkeep\n|turn|20\n|\n|t:|1699832349\n|move|p1a: Dragapult|Will-O-Wisp|p2a: Kingambit\n|-status|p2a: Kingambit|brn\n|move|p2a: Kingambit|Tera Blast|p1a: Dragapult|[anim] Tera Blast Fairy\n|-supereffective|p1a: Dragapult\n|-damage|p1a: Dragapult|0 fnt\n|faint|p1a: Dragapult\n|\n|-heal|p2a: Kingambit|42\/100 brn|[from] item: Leftovers\n|-damage|p2a: Kingambit|36\/100 brn|[from] brn\n|upkeep\n|\n|t:|1699832359\n|switch|p1a: Iron Valiant|Iron Valiant|62\/100\n|-damage|p1a: Iron Valiant|56\/100|[from] Stealth Rock\n|-damage|p1a: Iron Valiant|31\/100|[from] Spikes\n|turn|21\n|\n|t:|1699832370\n|move|p1a: Iron Valiant|Spirit Break|p2a: Kingambit\n|-damage|p2a: Kingambit|7\/100 brn\n|-unboost|p2a: Kingambit|spa|1\n|move|p2a: Kingambit|Tera Blast|p1a: Iron Valiant|[anim] Tera Blast Fairy\n|-supereffective|p1a: Iron Valiant\n|-damage|p1a: Iron Valiant|0 fnt\n|faint|p1a: Iron Valiant\n|-end|p1a: Iron Valiant|Quark Drive|[silent]\n|\n|-heal|p2a: Kingambit|13\/100 brn|[from] item: Leftovers\n|-damage|p2a: Kingambit|7\/100 brn|[from] brn\n|upkeep\n|\n|t:|1699832380\n|switch|p1a: Enamorus|Enamorus, F, tera:Ice|76\/100\n|-damage|p1a: Enamorus|51\/100|[from] Stealth Rock\n|-damage|p1a: Enamorus|26\/100|[from] Spikes\n|turn|22\n|\n|t:|1699832388\n|move|p2a: Kingambit|Sucker Punch|p1a: Enamorus\n|-damage|p1a: Enamorus|0 fnt\n|faint|p1a: Enamorus\n|\n|win|Pickedman\n|c|\u2606Pickedman|gg\n","uploadtime":1699832398,"views":17,"p1id":"jtlgamer20","p2id":"pickedman","formatid":"gen9ou","rating":0,"private":0,"password":""}