{"id":"gen9ou-1988234340","p1":"Oyfchj","p2":"Usopp D Gawd","format":"[Gen 9] OU","log":"|j|\u2606Oyfchj\n|j|\u2606Usopp D Gawd\n|t:|1699690928\n|gametype|singles\n|player|p1|Oyfchj|266|1282\n|player|p2|Usopp D Gawd|blue|1334\n|teamsize|p1|6\n|teamsize|p2|6\n|gen|9\n|tier|[Gen 9] OU\n|rated|\n|rule|Sleep Clause Mod: Limit one foe put to sleep\n|rule|Species Clause: Limit one of each Pok\u00e9mon\n|rule|OHKO Clause: OHKO moves are banned\n|rule|Evasion Items Clause: Evasion items are banned\n|rule|Evasion Moves Clause: Evasion moves are banned\n|rule|Endless Battle Clause: Forcing endless battles is banned\n|rule|HP Percentage Mod: HP is shown in percentages\n|clearpoke\n|poke|p1|Arcanine-Hisui, M|\n|poke|p1|Leafeon, F|\n|poke|p1|Noivern, M|\n|poke|p1|Kingambit, M|\n|poke|p1|Goodra-Hisui, F|\n|poke|p1|Iron Jugulis|\n|poke|p2|Uxie|\n|poke|p2|Great Tusk|\n|poke|p2|Dragapult, F|\n|poke|p2|Iron Moth|\n|poke|p2|Ogerpon-Wellspring, F|\n|poke|p2|Greninja-*, M|\n|teampreview\n|inactive|Battle timer is ON: inactive players will automatically lose when time's up. (requested by Oyfchj)\n|\n|t:|1699690936\n|start\n|switch|p1a: Arcanine|Arcanine-Hisui, M|100\/100\n|switch|p2a: The Fur.|Uxie, shiny|100\/100\n|-ability|p1a: Arcanine|Intimidate|boost\n|-unboost|p2a: The Fur.|atk|1\n|turn|1\n|\n|t:|1699690945\n|move|p2a: The Fur.|Knock Off|p1a: Arcanine\n|-damage|p1a: Arcanine|92\/100\n|-enditem|p1a: Arcanine|Heat Rock|[from] move: Knock Off|[of] p2a: The Fur.\n|move|p1a: Arcanine|Sunny Day|p1a: Arcanine\n|-weather|SunnyDay\n|\n|-weather|SunnyDay|[upkeep]\n|upkeep\n|turn|2\n|\n|t:|1699690955\n|move|p2a: The Fur.|Yawn|p1a: Arcanine\n|-start|p1a: Arcanine|move: Yawn|[of] p2a: The Fur.\n|move|p1a: Arcanine|Flare Blitz|p2a: The Fur.\n|-damage|p2a: The Fur.|48\/100\n|-damage|p1a: Arcanine|76\/100|[from] item: Rocky Helmet|[of] p2a: The Fur.\n|-damage|p1a: Arcanine|57\/100|[from] Recoil\n|\n|-weather|SunnyDay|[upkeep]\n|upkeep\n|turn|3\n|\n|t:|1699690968\n|switch|p1a: Leafeon|Leafeon, F|100\/100\n|move|p2a: The Fur.|Stealth Rock|p1a: Leafeon\n|-sidestart|p1: Oyfchj|move: Stealth Rock\n|\n|-weather|SunnyDay|[upkeep]\n|upkeep\n|turn|4\n|\n|t:|1699690976\n|move|p1a: Leafeon|Swords Dance|p1a: Leafeon\n|-boost|p1a: Leafeon|atk|2\n|move|p2a: The Fur.|Knock Off|p1a: Leafeon\n|-damage|p1a: Leafeon|90\/100\n|-enditem|p1a: Leafeon|Leftovers|[from] move: Knock Off|[of] p2a: The Fur.\n|\n|-weather|SunnyDay|[upkeep]\n|upkeep\n|turn|5\n|\n|t:|1699690985\n|move|p1a: Leafeon|Knock Off|p2a: The Fur.\n|-supereffective|p2a: The Fur.\n|-damage|p2a: The Fur.|0 fnt\n|-damage|p1a: Leafeon|73\/100|[from] item: Rocky Helmet|[of] p2a: The Fur.\n|-enditem|p2a: The Fur.|Rocky Helmet|[from] move: Knock Off|[of] p1a: Leafeon\n|faint|p2a: The Fur.\n|\n|-weather|none\n|upkeep\n|\n|t:|1699691000\n|switch|p2a: Redveil|Iron Moth|100\/100\n|-enditem|p2a: Redveil|Booster Energy\n|-activate|p2a: Redveil|ability: Quark Drive|[fromitem]\n|-start|p2a: Redveil|quarkdrivespe\n|turn|6\n|inactive|Oyfchj has 120 seconds left.\n|\n|t:|1699691032\n|switch|p1a: Arcanine|Arcanine-Hisui, M|57\/100\n|-damage|p1a: Arcanine|32\/100|[from] Stealth Rock\n|-ability|p1a: Arcanine|Intimidate|boost\n|-unboost|p2a: Redveil|atk|1\n|move|p2a: Redveil|Fiery Dance|p1a: Arcanine\n|-resisted|p1a: Arcanine\n|-damage|p1a: Arcanine|20\/100\n|-boost|p2a: Redveil|spa|1\n|\n|upkeep\n|turn|7\n|inactive|Oyfchj has 120 seconds left.\n|\n|t:|1699691059\n|move|p2a: Redveil|Psychic|p1a: Arcanine\n|-crit|p1a: Arcanine\n|-damage|p1a: Arcanine|0 fnt\n|faint|p1a: Arcanine\n|\n|upkeep\n|\n|t:|1699691062\n|switch|p1a: Noivern|Noivern, M|100\/100\n|-damage|p1a: Noivern|75\/100|[from] Stealth Rock\n|turn|8\n|\n|t:|1699691069\n|move|p2a: Redveil|Dazzling Gleam|p1a: Noivern\n|-supereffective|p1a: Noivern\n|-damage|p1a: Noivern|0 fnt\n|faint|p1a: Noivern\n|\n|upkeep\n|inactive|Oyfchj has 120 seconds left.\n|\n|t:|1699691085\n|switch|p1a: Leafeon|Leafeon, F|73\/100\n|-damage|p1a: Leafeon|61\/100|[from] Stealth Rock\n|turn|9\n|-message|Oyfchj forfeited.\n|\n|win|Usopp D Gawd\n|raw|Oyfchj's rating: 1260 &rarr; <strong>1240<\/strong><br \/>(-20 for losing)\n|raw|Usopp D Gawd's rating: 1334 &rarr; <strong>1350<\/strong><br \/>(+16 for winning)\n|l|\u2606Oyfchj\n","uploadtime":1699691094,"views":26,"p1id":"oyfchj","p2id":"usoppdgawd","formatid":"gen9ou","rating":1240,"private":0,"password":""}