{"id":"gen9ou-1992702066","p1":"Speectrum","p2":"u933","format":"[Gen 9] OU","log":"|j|\u2606Speectrum\n|j|\u2606u933\n|t:|1700226984\n|gametype|singles\n|player|p1|Speectrum|bellelba|1452\n|player|p2|u933|101|1504\n|teamsize|p1|6\n|teamsize|p2|6\n|gen|9\n|tier|[Gen 9] OU\n|rated|\n|rule|Sleep Clause Mod: Limit one foe put to sleep\n|rule|Species Clause: Limit one of each Pok\u00e9mon\n|rule|OHKO Clause: OHKO moves are banned\n|rule|Evasion Items Clause: Evasion items are banned\n|rule|Evasion Moves Clause: Evasion moves are banned\n|rule|Endless Battle Clause: Forcing endless battles is banned\n|rule|HP Percentage Mod: HP is shown in percentages\n|clearpoke\n|poke|p1|Tatsugiri-Droopy, F|\n|poke|p1|Alomomola, F|\n|poke|p1|Iron Valiant|\n|poke|p1|Landorus-Therian, M|\n|poke|p1|Dragapult, M|\n|poke|p1|Slowking-Galar, F|\n|poke|p2|Rillaboom, F|\n|poke|p2|Sneasler, M|\n|poke|p2|Hatterene, F|\n|poke|p2|Ursaluna, M|\n|poke|p2|Heatran, M|\n|poke|p2|Iron Valiant|\n|teampreview\n|j| 123456781O\n|\n|t:|1700226995\n|start\n|switch|p1a: Dragapult|Dragapult, M|100\/100\n|switch|p2a: Heatran|Heatran, M|100\/100\n|-item|p2a: Heatran|Air Balloon\n|turn|1\n|\n|t:|1700227000\n|move|p1a: Dragapult|Thunder Wave|p2a: Heatran|[miss]\n|-miss|p1a: Dragapult|p2a: Heatran\n|move|p2a: Heatran|Stealth Rock|p1a: Dragapult\n|-sidestart|p1: Speectrum|move: Stealth Rock\n|\n|upkeep\n|turn|2\n|\n|t:|1700227007\n|switch|p2a: Ursaluna|Ursaluna, M|100\/100\n|move|p1a: Dragapult|Thunder Wave|p2a: Ursaluna\n|-immune|p2a: Ursaluna\n|\n|-status|p2a: Ursaluna|brn|[from] item: Flame Orb\n|upkeep\n|turn|3\n|\n|t:|1700227019\n|move|p1a: Dragapult|U-turn|p2a: Ursaluna\n|-damage|p2a: Ursaluna|87\/100 brn\n|\n|t:|1700227022\n|switch|p1a: Alomomola|Alomomola, F|100\/100|[from] U-turn\n|-damage|p1a: Alomomola|88\/100|[from] Stealth Rock\n|move|p2a: Ursaluna|Ice Punch|p1a: Alomomola\n|-resisted|p1a: Alomomola\n|-damage|p1a: Alomomola|75\/100\n|-enditem|p1a: Alomomola|Red Card|[of] p2a: Ursaluna\n|drag|p2a: Rillaboom|Rillaboom, F|100\/100\n|-fieldstart|move: Grassy Terrain|[from] ability: Grassy Surge|[of] p2a: Rillaboom\n|\n|-heal|p1a: Alomomola|81\/100|[from] Grassy Terrain\n|upkeep\n|turn|4\n|\n|t:|1700227028\n|switch|p1a: Dragapult|Dragapult, M|100\/100\n|-damage|p1a: Dragapult|88\/100|[from] Stealth Rock\n|move|p2a: Rillaboom|Wood Hammer|p1a: Dragapult\n|-resisted|p1a: Dragapult\n|-damage|p1a: Dragapult|0 fnt\n|faint|p1a: Dragapult\n|-damage|p2a: Rillaboom|73\/100|[from] Recoil\n|\n|-heal|p2a: Rillaboom|79\/100|[from] Grassy Terrain\n|upkeep\n|\n|t:|1700227032\n|switch|p1a: Landorus|Landorus-Therian, M|100\/100\n|-damage|p1a: Landorus|88\/100|[from] Stealth Rock\n|-ability|p1a: Landorus|Intimidate|boost\n|-unboost|p2a: Rillaboom|atk|1\n|turn|5\n|l|\u2606u933\n|player|p2|\n|inactive|Battle timer is ON: inactive players will automatically lose when time's up. (requested by Speectrum)\n|j|\u2606u933\n|inactive|u933 reconnected and has 125 seconds left.\n|player|p2|u933|101\n|\n|t:|1700227091\n|switch|p2a: Heatran|Heatran, M|100\/100\n|-item|p2a: Heatran|Air Balloon\n|move|p1a: Landorus|U-turn|p2a: Heatran\n|-resisted|p2a: Heatran\n|-damage|p2a: Heatran|95\/100\n|-enditem|p2a: Heatran|Air Balloon\n|\n|t:|1700227101\n|switch|p1a: Tatsugiri|Tatsugiri-Droopy, F|100\/100|[from] U-turn\n|\n|-heal|p2a: Heatran|100\/100|[from] Grassy Terrain\n|upkeep\n|turn|6\n|\n|t:|1700227109\n|switch|p2a: Hatterene|Hatterene, F|100\/100\n|move|p1a: Tatsugiri|Rapid Spin|p2a: Hatterene\n|-damage|p2a: Hatterene|93\/100\n|-boost|p1a: Tatsugiri|spe|1\n|-sideend|p1: Speectrum|Stealth Rock|[from] move: Rapid Spin|[of] p1a: Tatsugiri\n|\n|-heal|p2a: Hatterene|99\/100|[from] Grassy Terrain\n|upkeep\n|turn|7\n|\n|t:|1700227115\n|switch|p1a: Slowking|Slowking-Galar, F|100\/100\n|move|p2a: Hatterene|Trick Room|p2a: Hatterene\n|-fieldstart|move: Trick Room|[of] p2a: Hatterene\n|\n|-heal|p2a: Hatterene|100\/100|[from] Grassy Terrain\n|-fieldend|move: Grassy Terrain\n|upkeep\n|turn|8\n|\n|t:|1700227118\n|move|p2a: Hatterene|Psyshock|p1a: Slowking\n|-damage|p1a: Slowking|49\/100\n|move|p1a: Slowking|Future Sight|p2a: Hatterene\n|-start|p1a: Slowking|move: Future Sight\n|\n|upkeep\n|turn|9\n|\n|t:|1700227124\n|switch|p1a: Landorus|Landorus-Therian, M|88\/100\n|-ability|p1a: Landorus|Intimidate|boost\n|-unboost|p2a: Hatterene|atk|1\n|move|p2a: Hatterene|Psyshock|p1a: Landorus\n|-crit|p1a: Landorus\n|-damage|p1a: Landorus|6\/100\n|\n|-heal|p1a: Landorus|13\/100|[from] item: Leftovers\n|upkeep\n|turn|10\n|\n|t:|1700227128\n|move|p2a: Hatterene|Psyshock|p1a: Landorus\n|-damage|p1a: Landorus|0 fnt\n|faint|p1a: Landorus\n|\n|-end|p2a: Hatterene|move: Future Sight\n|-resisted|p2a: Hatterene\n|-damage|p2a: Hatterene|73\/100\n|upkeep\n|\n|t:|1700227133\n|switch|p1a: Alomomola|Alomomola, F|100\/100\n|turn|11\n|\n|t:|1700227139\n|move|p2a: Hatterene|Misty Explosion|p1a: Alomomola\n|-damage|p1a: Alomomola|37\/100\n|faint|p2a: Hatterene\n|move|p1a: Alomomola|Flip Turn|p2: Hatterene|[notarget]\n|-fail|p1a: Alomomola\n|\n|-fieldend|move: Trick Room\n|upkeep\n|\n|t:|1700227145\n|switch|p2a: Ursaluna|Ursaluna, M|87\/100 brn\n|turn|12\n|\n|t:|1700227157\n|move|p1a: Alomomola|Scald|p2a: Ursaluna\n|-supereffective|p2a: Ursaluna\n|-damage|p2a: Ursaluna|64\/100 brn\n|move|p2a: Ursaluna|Facade|p1a: Alomomola\n|-damage|p1a: Alomomola|0 fnt\n|faint|p1a: Alomomola\n|\n|-damage|p2a: Ursaluna|58\/100 brn|[from] brn\n|upkeep\n|\n|t:|1700227162\n|switch|p1a: Tatsugiri|Tatsugiri-Droopy, F|100\/100\n|turn|13\n|\n|t:|1700227165\n|move|p1a: Tatsugiri|Surf|p2a: Ursaluna\n|-supereffective|p2a: Ursaluna\n|-damage|p2a: Ursaluna|0 fnt\n|faint|p2a: Ursaluna\n|\n|upkeep\n|\n|t:|1700227170\n|switch|p2a: Rillaboom|Rillaboom, F|79\/100\n|-fieldstart|move: Grassy Terrain|[from] ability: Grassy Surge|[of] p2a: Rillaboom\n|turn|14\n|\n|t:|1700227177\n|move|p1a: Tatsugiri|Draco Meteor|p2a: Rillaboom\n|-damage|p2a: Rillaboom|0 fnt\n|-unboost|p1a: Tatsugiri|spa|2\n|faint|p2a: Rillaboom\n|\n|upkeep\n|\n|t:|1700227182\n|switch|p2a: Sneasler|Sneasler, M, shiny|100\/100\n|-enditem|p2a: Sneasler|Grassy Seed\n|-boost|p2a: Sneasler|def|1|[from] item: Grassy Seed\n|turn|15\n|\n|t:|1700227187\n|switch|p1a: Slowking|Slowking-Galar, F|82\/100\n|move|p2a: Sneasler|Swords Dance|p2a: Sneasler\n|-boost|p2a: Sneasler|atk|2\n|\n|-heal|p1a: Slowking|89\/100|[from] Grassy Terrain\n|upkeep\n|turn|16\n|\n|t:|1700227195\n|-terastallize|p2a: Sneasler|Ghost\n|move|p2a: Sneasler|Shadow Claw|p1a: Slowking\n|-supereffective|p1a: Slowking\n|-damage|p1a: Slowking|0 fnt\n|faint|p1a: Slowking\n|\n|upkeep\n|c|\u2606Speectrum|UGGGGGHHHHHH FUCK THIS MON\n|-message|Speectrum forfeited.\n|\n|win|u933\n|raw|Speectrum's rating: 1452 &rarr; <strong>1435<\/strong><br \/>(-17 for losing)\n|raw|u933's rating: 1504 &rarr; <strong>1521<\/strong><br \/>(+17 for winning)\n","uploadtime":1700227206,"views":8,"p1id":"speectrum","p2id":"u933","formatid":"gen9ou","rating":1435,"private":0,"password":""}