{"id":"gen9ou-1989357538","p1":"TMcNic7","p2":"AriadneOnNaxos","format":"[Gen 9] OU","log":"|j|\u2606TMcNic7\n|j|\u2606AriadneOnNaxos\n|t:|1699840295\n|gametype|singles\n|player|p1|TMcNic7|clair|1433\n|player|p2|AriadneOnNaxos|170|1427\n|teamsize|p1|6\n|teamsize|p2|6\n|gen|9\n|tier|[Gen 9] OU\n|rated|\n|rule|Sleep Clause Mod: Limit one foe put to sleep\n|rule|Species Clause: Limit one of each Pok\u00e9mon\n|rule|OHKO Clause: OHKO moves are banned\n|rule|Evasion Items Clause: Evasion items are banned\n|rule|Evasion Moves Clause: Evasion moves are banned\n|rule|Endless Battle Clause: Forcing endless battles is banned\n|rule|HP Percentage Mod: HP is shown in percentages\n|clearpoke\n|poke|p1|Samurott-Hisui, F|\n|poke|p1|Ceruledge, F|\n|poke|p1|Thundurus-Therian, M|\n|poke|p1|Amoonguss, M|\n|poke|p1|Great Tusk|\n|poke|p1|Gholdengo|\n|poke|p2|Cinderace, F|\n|poke|p2|Sinistcha|\n|poke|p2|Dondozo, F|\n|poke|p2|Landorus-Therian, M|\n|poke|p2|Blissey, F|\n|poke|p2|Kingambit, M|\n|teampreview\n|\n|t:|1699840307\n|start\n|switch|p1a: Sekiro|Samurott-Hisui, F, shiny|100\/100\n|switch|p2a: Landorus|Landorus-Therian, M|100\/100\n|-ability|p2a: Landorus|Intimidate|boost\n|-unboost|p1a: Sekiro|atk|1\n|turn|1\n|j| 3 speckled frogs\n|l|3speckledfrogs\n|\n|t:|1699840326\n|switch|p1a: Amanita Phalloides|Amoonguss, M, shiny|100\/100\n|move|p2a: Landorus|U-turn|p1a: Amanita Phalloides\n|-damage|p1a: Amanita Phalloides|77\/100\n|-enditem|p1a: Amanita Phalloides|Red Card|[of] p2a: Landorus\n|drag|p2a: Cinderace|Cinderace, F|100\/100\n|\n|upkeep\n|turn|2\n|\n|t:|1699840353\n|switch|p2a: Landorus|Landorus-Therian, M|100\/100\n|-ability|p2a: Landorus|Intimidate|boost\n|-unboost|p1a: Amanita Phalloides|atk|1\n|switch|p1a: Dumbo|Great Tusk, shiny|100\/100\n|\n|upkeep\n|turn|3\n|\n|t:|1699840361\n|-terastallize|p2a: Landorus|Flying\n|move|p2a: Landorus|Tera Blast|p1a: Dumbo|[anim] Tera Blast Flying\n|-supereffective|p1a: Dumbo\n|-damage|p1a: Dumbo|37\/100\n|move|p1a: Dumbo|Stealth Rock|p2a: Landorus\n|-sidestart|p2: AriadneOnNaxos|move: Stealth Rock\n|\n|-heal|p1a: Dumbo|43\/100|[from] item: Leftovers\n|upkeep\n|turn|4\n|\n|t:|1699840367\n|-end|p1a: Dumbo|Protosynthesis|[silent]\n|switch|p1a: Thor|Thundurus-Therian, M, shiny|100\/100\n|move|p2a: Landorus|Tera Blast|p1a: Thor|[anim] Tera Blast Flying\n|-resisted|p1a: Thor\n|-damage|p1a: Thor|50\/100\n|\n|upkeep\n|turn|5\n|\n|t:|1699840373\n|move|p2a: Landorus|Tera Blast|p1a: Thor|[anim] Tera Blast Flying\n|-resisted|p1a: Thor\n|-damage|p1a: Thor|6\/100\n|move|p1a: Thor|Volt Switch|p2a: Landorus\n|-supereffective|p2a: Landorus\n|-damage|p2a: Landorus|6\/100\n|\n|t:|1699840380\n|switch|p1a: Palpatin|Ceruledge, F, shiny|100\/100|[from] Volt Switch\n|\n|upkeep\n|turn|6\n|\n|t:|1699840386\n|switch|p2a: Dondozo|Dondozo, F|100\/100\n|-damage|p2a: Dondozo|88\/100|[from] Stealth Rock\n|move|p1a: Palpatin|Shadow Sneak|p2a: Dondozo\n|-damage|p2a: Dondozo|78\/100\n|\n|-heal|p2a: Dondozo|84\/100|[from] item: Leftovers\n|upkeep\n|turn|7\n|\n|t:|1699840393\n|switch|p1a: Amanita Phalloides|Amoonguss, M, shiny|100\/100\n|move|p2a: Dondozo|Liquidation|p1a: Amanita Phalloides\n|-resisted|p1a: Amanita Phalloides\n|-damage|p1a: Amanita Phalloides|88\/100\n|\n|-heal|p2a: Dondozo|90\/100|[from] item: Leftovers\n|upkeep\n|turn|8\n|\n|t:|1699840399\n|switch|p2a: Blissey|Blissey, F|100\/100\n|-damage|p2a: Blissey|88\/100|[from] Stealth Rock\n|move|p1a: Amanita Phalloides|Giga Drain|p2a: Blissey\n|-damage|p2a: Blissey|79\/100\n|-heal|p1a: Amanita Phalloides|95\/100|[from] drain|[of] p2a: Blissey\n|\n|-heal|p2a: Blissey|85\/100|[from] item: Leftovers\n|upkeep\n|turn|9\n|\n|t:|1699840407\n|move|p2a: Blissey|Thunder Wave|p1a: Amanita Phalloides\n|-status|p1a: Amanita Phalloides|par\n|move|p1a: Amanita Phalloides|Spore|p2a: Blissey\n|-status|p2a: Blissey|slp|[from] move: Spore\n|\n|-heal|p2a: Blissey|92\/100 slp|[from] item: Leftovers\n|upkeep\n|turn|10\n|\n|t:|1699840417\n|-curestatus|p2a: Blissey|slp|[from] ability: Natural Cure\n|switch|p2a: Cinderace|Cinderace, F|100\/100\n|switch|p1a: Dumbo|Great Tusk, shiny|43\/100\n|\n|-heal|p1a: Dumbo|49\/100|[from] item: Leftovers\n|upkeep\n|turn|11\n|\n|t:|1699840428\n|move|p2a: Cinderace|Court Change|p2a: Cinderace\n|-start|p2a: Cinderace|typechange|Normal|[from] ability: Libero\n|-swapsideconditions\n|-activate|p2a: Cinderace|move: Court Change\n|move|p1a: Dumbo|Earthquake|p2a: Cinderace\n|-damage|p2a: Cinderace|43\/100\n|\n|-heal|p1a: Dumbo|55\/100|[from] item: Leftovers\n|upkeep\n|turn|12\n|\n|t:|1699840435\n|move|p2a: Cinderace|U-turn|p1a: Dumbo\n|-resisted|p1a: Dumbo\n|-damage|p1a: Dumbo|49\/100\n|\n|t:|1699840438\n|switch|p2a: Sinistcha|Sinistcha, shiny|100\/100|[from] U-turn\n|move|p1a: Dumbo|Ice Spinner|p2a: Sinistcha\n|-supereffective|p2a: Sinistcha\n|-damage|p2a: Sinistcha|66\/100\n|\n|-heal|p1a: Dumbo|56\/100|[from] item: Leftovers\n|-heal|p2a: Sinistcha|72\/100|[from] item: Leftovers\n|upkeep\n|turn|13\n|\n|t:|1699840444\n|-end|p1a: Dumbo|Protosynthesis|[silent]\n|switch|p1a: Palpatin|Ceruledge, F, shiny|100\/100\n|move|p2a: Sinistcha|Matcha Gotcha|p1a: Palpatin\n|-resisted|p1a: Palpatin\n|-damage|p1a: Palpatin|82\/100\n|-heal|p2a: Sinistcha|80\/100|[from] drain|[of] p1a: Palpatin\n|\n|-heal|p2a: Sinistcha|86\/100|[from] item: Leftovers\n|upkeep\n|turn|14\n|\n|t:|1699840458\n|switch|p2a: Dondozo|Dondozo, F|90\/100\n|move|p1a: Palpatin|Poltergeist|p2a: Dondozo\n|-activate|p2a: Dondozo|move: Poltergeist|Leftovers\n|-damage|p2a: Dondozo|60\/100\n|\n|-heal|p2a: Dondozo|67\/100|[from] item: Leftovers\n|upkeep\n|turn|15\n|\n|t:|1699840466\n|switch|p1a: Amanita Phalloides|Amoonguss, M, shiny|100\/100 par\n|-damage|p1a: Amanita Phalloides|88\/100 par|[from] Stealth Rock\n|move|p2a: Dondozo|Liquidation|p1a: Amanita Phalloides\n|-resisted|p1a: Amanita Phalloides\n|-damage|p1a: Amanita Phalloides|76\/100 par\n|-unboost|p1a: Amanita Phalloides|def|1\n|\n|-heal|p2a: Dondozo|73\/100|[from] item: Leftovers\n|upkeep\n|turn|16\n|\n|t:|1699840473\n|switch|p2a: Landorus|Landorus-Therian, M, tera:Flying|6\/100\n|-ability|p2a: Landorus|Intimidate|boost\n|-unboost|p1a: Amanita Phalloides|atk|1\n|move|p1a: Amanita Phalloides|Spore|p2a: Landorus\n|-status|p2a: Landorus|slp|[from] move: Spore\n|\n|upkeep\n|turn|17\n|\n|t:|1699840480\n|switch|p2a: Cinderace|Cinderace, F|43\/100\n|switch|p1a: Dumbo|Great Tusk, shiny|56\/100\n|-damage|p1a: Dumbo|53\/100|[from] Stealth Rock\n|\n|-heal|p1a: Dumbo|59\/100|[from] item: Leftovers\n|upkeep\n|turn|18\n|\n|t:|1699840485\n|move|p2a: Cinderace|U-turn|p1a: Dumbo\n|-start|p2a: Cinderace|typechange|Bug|[from] ability: Libero\n|-resisted|p1a: Dumbo\n|-damage|p1a: Dumbo|51\/100\n|\n|t:|1699840489\n|switch|p2a: Sinistcha|Sinistcha, shiny|86\/100|[from] U-turn\n|move|p1a: Dumbo|Stealth Rock|p2a: Sinistcha\n|-sidestart|p2: AriadneOnNaxos|move: Stealth Rock\n|\n|-heal|p1a: Dumbo|57\/100|[from] item: Leftovers\n|-heal|p2a: Sinistcha|92\/100|[from] item: Leftovers\n|upkeep\n|turn|19\n|\n|t:|1699840497\n|-end|p1a: Dumbo|Protosynthesis|[silent]\n|switch|p1a: Palpatin|Ceruledge, F, shiny|82\/100\n|move|p2a: Sinistcha|Hex|p1a: Palpatin\n|-supereffective|p1a: Palpatin\n|-damage|p1a: Palpatin|16\/100\n|\n|-heal|p2a: Sinistcha|98\/100|[from] item: Leftovers\n|upkeep\n|turn|20\n|\n|t:|1699840508\n|switch|p2a: Blissey|Blissey, F|92\/100\n|-damage|p2a: Blissey|79\/100|[from] Stealth Rock\n|move|p1a: Palpatin|Poltergeist|p2a: Blissey\n|-immune|p2a: Blissey\n|\n|-heal|p2a: Blissey|85\/100|[from] item: Leftovers\n|upkeep\n|turn|21\n|\n|t:|1699840516\n|move|p1a: Palpatin|Bitter Blade|p2a: Blissey\n|-damage|p2a: Blissey|40\/100\n|-heal|p1a: Palpatin|72\/100|[from] drain|[of] p2a: Blissey\n|move|p2a: Blissey|Thunder Wave|p1a: Palpatin\n|-status|p1a: Palpatin|par\n|\n|-heal|p2a: Blissey|46\/100|[from] item: Leftovers\n|upkeep\n|turn|22\n|\n|t:|1699840530\n|move|p2a: Blissey|Charm|p1a: Palpatin\n|-unboost|p1a: Palpatin|atk|2\n|move|p1a: Palpatin|Poltergeist|p2a: Blissey\n|-immune|p2a: Blissey\n|\n|-heal|p2a: Blissey|52\/100|[from] item: Leftovers\n|upkeep\n|turn|23\n|\n|t:|1699840540\n|switch|p1a: Dumbo|Great Tusk, shiny|57\/100\n|-damage|p1a: Dumbo|54\/100|[from] Stealth Rock\n|move|p2a: Blissey|Soft-Boiled|p2a: Blissey\n|-heal|p2a: Blissey|100\/100\n|\n|-heal|p1a: Dumbo|60\/100|[from] item: Leftovers\n|upkeep\n|turn|24\n|\n|t:|1699840544\n|switch|p2a: Sinistcha|Sinistcha, shiny|98\/100\n|-damage|p2a: Sinistcha|86\/100|[from] Stealth Rock\n|move|p1a: Dumbo|Ice Spinner|p2a: Sinistcha\n|-supereffective|p2a: Sinistcha\n|-damage|p2a: Sinistcha|53\/100\n|\n|-heal|p1a: Dumbo|67\/100|[from] item: Leftovers\n|-heal|p2a: Sinistcha|59\/100|[from] item: Leftovers\n|upkeep\n|turn|25\n|\n|t:|1699840553\n|-end|p1a: Dumbo|Protosynthesis|[silent]\n|switch|p1a: Amanita Phalloides|Amoonguss, M, shiny|100\/100 par\n|-damage|p1a: Amanita Phalloides|88\/100 par|[from] Stealth Rock\n|move|p2a: Sinistcha|Strength Sap|p1a: Amanita Phalloides\n|-unboost|p1a: Amanita Phalloides|atk|1\n|-heal|p2a: Sinistcha|100\/100\n|\n|upkeep\n|turn|26\n|\n|t:|1699840562\n|move|p2a: Sinistcha|Hex|p1a: Amanita Phalloides\n|-damage|p1a: Amanita Phalloides|52\/100 par\n|move|p1a: Amanita Phalloides|Foul Play|p2a: Sinistcha\n|-supereffective|p2a: Sinistcha\n|-damage|p2a: Sinistcha|85\/100\n|\n|-heal|p2a: Sinistcha|91\/100|[from] item: Leftovers\n|upkeep\n|turn|27\n|\n|t:|1699840578\n|move|p2a: Sinistcha|Hex|p1a: Amanita Phalloides\n|-damage|p1a: Amanita Phalloides|15\/100 par\n|move|p1a: Amanita Phalloides|Sludge Bomb|p2a: Sinistcha\n|-damage|p2a: Sinistcha|63\/100\n|\n|-heal|p2a: Sinistcha|69\/100|[from] item: Leftovers\n|upkeep\n|turn|28\n|\n|t:|1699840615\n|switch|p1a: Palpatin|Ceruledge, F, shiny|72\/100 par\n|move|p2a: Sinistcha|Hex|p1a: Palpatin\n|-supereffective|p1a: Palpatin\n|-damage|p1a: Palpatin|0 fnt\n|faint|p1a: Palpatin\n|\n|-heal|p2a: Sinistcha|75\/100|[from] item: Leftovers\n|upkeep\n|\n|t:|1699840617\n|switch|p1a: Thor|Thundurus-Therian, M, shiny|6\/100\n|turn|29\n|\n|t:|1699840631\n|switch|p2a: Blissey|Blissey, F|100\/100\n|-damage|p2a: Blissey|88\/100|[from] Stealth Rock\n|move|p1a: Thor|Knock Off|p2a: Blissey\n|-damage|p2a: Blissey|71\/100\n|-enditem|p2a: Blissey|Leftovers|[from] move: Knock Off|[of] p1a: Thor\n|\n|upkeep\n|turn|30\n|\n|t:|1699840643\n|switch|p2a: Cinderace|Cinderace, F|43\/100\n|move|p1a: Thor|Volt Switch|p2a: Cinderace\n|-damage|p2a: Cinderace|0 fnt\n|faint|p2a: Cinderace\n|\n|t:|1699840662\n|switch|p1a: Amanita Phalloides|Amoonguss, M, shiny|48\/100 par|[from] Volt Switch\n|-damage|p1a: Amanita Phalloides|36\/100 par|[from] Stealth Rock\n|\n|upkeep\n|\n|t:|1699840674\n|switch|p2a: Kingambit|Kingambit, M|100\/100\n|-damage|p2a: Kingambit|94\/100|[from] Stealth Rock\n|-activate|p2a: Kingambit|ability: Supreme Overlord\n|-start|p2a: Kingambit|fallen1|[silent]\n|turn|31\n|\n|t:|1699840681\n|switch|p1a: Dumbo|Great Tusk, shiny|67\/100\n|-damage|p1a: Dumbo|64\/100|[from] Stealth Rock\n|move|p2a: Kingambit|Kowtow Cleave|p1a: Dumbo\n|-resisted|p1a: Dumbo\n|-damage|p1a: Dumbo|47\/100\n|\n|-heal|p1a: Dumbo|53\/100|[from] item: Leftovers\n|upkeep\n|turn|32\n|\n|t:|1699840693\n|-end|p2a: Kingambit|fallen1|[silent]\n|switch|p2a: Dondozo|Dondozo, F|73\/100\n|-damage|p2a: Dondozo|60\/100|[from] Stealth Rock\n|move|p1a: Dumbo|Earthquake|p2a: Dondozo\n|-damage|p2a: Dondozo|42\/100\n|\n|-heal|p1a: Dumbo|60\/100|[from] item: Leftovers\n|-heal|p2a: Dondozo|48\/100|[from] item: Leftovers\n|upkeep\n|turn|33\n|\n|t:|1699840699\n|move|p1a: Dumbo|Rapid Spin|p2a: Dondozo\n|-damage|p2a: Dondozo|41\/100\n|-boost|p1a: Dumbo|spe|1\n|-sideend|p1: TMcNic7|Stealth Rock|[from] move: Rapid Spin|[of] p1a: Dumbo\n|move|p2a: Dondozo|Curse|p2a: Dondozo\n|-unboost|p2a: Dondozo|spe|1\n|-boost|p2a: Dondozo|atk|1\n|-boost|p2a: Dondozo|def|1\n|\n|-heal|p1a: Dumbo|66\/100|[from] item: Leftovers\n|-heal|p2a: Dondozo|47\/100|[from] item: Leftovers\n|upkeep\n|turn|34\n|\n|t:|1699840709\n|-end|p1a: Dumbo|Protosynthesis|[silent]\n|switch|p1a: Amanita Phalloides|Amoonguss, M, shiny|69\/100 par\n|move|p2a: Dondozo|Liquidation|p1a: Amanita Phalloides\n|-resisted|p1a: Amanita Phalloides\n|-damage|p1a: Amanita Phalloides|49\/100 par\n|\n|-heal|p2a: Dondozo|53\/100|[from] item: Leftovers\n|upkeep\n|turn|35\n|\n|t:|1699840732\n|move|p2a: Dondozo|Body Press|p1a: Amanita Phalloides\n|-resisted|p1a: Amanita Phalloides\n|-damage|p1a: Amanita Phalloides|28\/100 par\n|move|p1a: Amanita Phalloides|Giga Drain|p2a: Dondozo\n|-supereffective|p2a: Dondozo\n|-damage|p2a: Dondozo|11\/100\n|-heal|p1a: Amanita Phalloides|52\/100 par|[from] drain|[of] p2a: Dondozo\n|\n|-heal|p2a: Dondozo|18\/100|[from] item: Leftovers\n|upkeep\n|turn|36\n|\n|t:|1699840738\n|switch|p2a: Sinistcha|Sinistcha, shiny|75\/100\n|-damage|p2a: Sinistcha|63\/100|[from] Stealth Rock\n|move|p1a: Amanita Phalloides|Giga Drain|p2a: Sinistcha\n|-resisted|p2a: Sinistcha\n|-damage|p2a: Sinistcha|51\/100\n|-heal|p1a: Amanita Phalloides|57\/100 par|[from] drain|[of] p2a: Sinistcha\n|\n|-heal|p2a: Sinistcha|57\/100|[from] item: Leftovers\n|upkeep\n|turn|37\n|\n|t:|1699840744\n|move|p2a: Sinistcha|Calm Mind|p2a: Sinistcha\n|-boost|p2a: Sinistcha|spa|1\n|-boost|p2a: Sinistcha|spd|1\n|move|p1a: Amanita Phalloides|Sludge Bomb|p2a: Sinistcha\n|-damage|p2a: Sinistcha|38\/100\n|-status|p2a: Sinistcha|psn\n|\n|-heal|p2a: Sinistcha|44\/100 psn|[from] item: Leftovers\n|-damage|p2a: Sinistcha|31\/100 psn|[from] psn\n|upkeep\n|turn|38\n|\n|t:|1699840750\n|move|p2a: Sinistcha|Strength Sap|p1a: Amanita Phalloides\n|-unboost|p1a: Amanita Phalloides|atk|1\n|-heal|p2a: Sinistcha|77\/100 psn\n|cant|p1a: Amanita Phalloides|par\n|\n|-heal|p2a: Sinistcha|83\/100 psn|[from] item: Leftovers\n|-damage|p2a: Sinistcha|70\/100 psn|[from] psn\n|upkeep\n|turn|39\n|\n|t:|1699840756\n|move|p2a: Sinistcha|Calm Mind|p2a: Sinistcha\n|-boost|p2a: Sinistcha|spa|1\n|-boost|p2a: Sinistcha|spd|1\n|move|p1a: Amanita Phalloides|Sludge Bomb|p2a: Sinistcha\n|-damage|p2a: Sinistcha|56\/100 psn\n|\n|-heal|p2a: Sinistcha|62\/100 psn|[from] item: Leftovers\n|-damage|p2a: Sinistcha|50\/100 psn|[from] psn\n|upkeep\n|turn|40\n|\n|t:|1699840760\n|move|p2a: Sinistcha|Hex|p1a: Amanita Phalloides\n|-damage|p1a: Amanita Phalloides|0 fnt\n|faint|p1a: Amanita Phalloides\n|\n|-heal|p2a: Sinistcha|56\/100 psn|[from] item: Leftovers\n|-damage|p2a: Sinistcha|44\/100 psn|[from] psn\n|upkeep\n|\n|t:|1699840772\n|switch|p1a: Sekiro|Samurott-Hisui, F, shiny|100\/100\n|turn|41\n|\n|t:|1699840776\n|move|p1a: Sekiro|Ceaseless Edge|p2a: Sinistcha|[miss]\n|-miss|p1a: Sekiro|p2a: Sinistcha\n|move|p2a: Sinistcha|Strength Sap|p1a: Sekiro\n|-unboost|p1a: Sekiro|atk|1\n|-heal|p2a: Sinistcha|100\/100 psn\n|\n|-damage|p2a: Sinistcha|88\/100 psn|[from] psn\n|upkeep\n|turn|42\n|\n|t:|1699840787\n|switch|p1a: Kuzko|Gholdengo, shiny|100\/100\n|move|p2a: Sinistcha|Matcha Gotcha|p1a: Kuzko\n|-resisted|p1a: Kuzko\n|-damage|p1a: Kuzko|71\/100\n|-heal|p2a: Sinistcha|100\/100 psn|[from] drain|[of] p1a: Kuzko\n|\n|-heal|p1a: Kuzko|77\/100|[from] item: Leftovers\n|-damage|p2a: Sinistcha|88\/100 psn|[from] psn\n|upkeep\n|turn|43\n|\n|t:|1699840799\n|-terastallize|p1a: Kuzko|Fairy\n|move|p1a: Kuzko|Shadow Ball|p2a: Sinistcha\n|-supereffective|p2a: Sinistcha\n|-damage|p2a: Sinistcha|53\/100 psn\n|-unboost|p2a: Sinistcha|spd|1\n|move|p2a: Sinistcha|Hex|p1a: Kuzko\n|-damage|p1a: Kuzko|25\/100\n|\n|-heal|p1a: Kuzko|31\/100|[from] item: Leftovers\n|-heal|p2a: Sinistcha|59\/100 psn|[from] item: Leftovers\n|-damage|p2a: Sinistcha|47\/100 psn|[from] psn\n|upkeep\n|turn|44\n|\n|t:|1699840806\n|move|p1a: Kuzko|Shadow Ball|p2a: Sinistcha\n|-supereffective|p2a: Sinistcha\n|-damage|p2a: Sinistcha|0 fnt\n|faint|p2a: Sinistcha\n|\n|-heal|p1a: Kuzko|37\/100|[from] item: Leftovers\n|upkeep\n|\n|t:|1699840814\n|switch|p2a: Kingambit|Kingambit, M|94\/100\n|-damage|p2a: Kingambit|88\/100|[from] Stealth Rock\n|-activate|p2a: Kingambit|ability: Supreme Overlord\n|-start|p2a: Kingambit|fallen2|[silent]\n|turn|45\n|\n|t:|1699840820\n|switch|p1a: Dumbo|Great Tusk, shiny|66\/100\n|move|p2a: Kingambit|Iron Head|p1a: Dumbo\n|-damage|p1a: Dumbo|38\/100\n|\n|-heal|p1a: Dumbo|44\/100|[from] item: Leftovers\n|upkeep\n|turn|46\n|\n|t:|1699840827\n|-end|p2a: Kingambit|fallen2|[silent]\n|switch|p2a: Landorus|Landorus-Therian, M, tera:Flying|6\/100 slp\n|-damage|p2a: Landorus|0 fnt|[from] Stealth Rock\n|faint|p2a: Landorus\n|move|p1a: Dumbo|Earthquake|p2: Landorus|[notarget]\n|-fail|p1a: Dumbo\n|\n|-heal|p1a: Dumbo|50\/100|[from] item: Leftovers\n|upkeep\n|\n|t:|1699840835\n|switch|p2a: Dondozo|Dondozo, F|18\/100\n|-damage|p2a: Dondozo|5\/100|[from] Stealth Rock\n|turn|47\n|\n|t:|1699840838\n|move|p1a: Dumbo|Earthquake|p2a: Dondozo\n|-damage|p2a: Dondozo|0 fnt\n|faint|p2a: Dondozo\n|\n|-heal|p1a: Dumbo|57\/100|[from] item: Leftovers\n|upkeep\n|\n|t:|1699840842\n|switch|p2a: Blissey|Blissey, F|71\/100\n|-damage|p2a: Blissey|59\/100|[from] Stealth Rock\n|turn|48\n|\n|t:|1699840847\n|move|p1a: Dumbo|Earthquake|p2a: Blissey\n|-damage|p2a: Blissey|23\/100\n|move|p2a: Blissey|Charm|p1a: Dumbo\n|-unboost|p1a: Dumbo|atk|2\n|\n|-heal|p1a: Dumbo|63\/100|[from] item: Leftovers\n|upkeep\n|turn|49\n|\n|t:|1699840854\n|-end|p1a: Dumbo|Protosynthesis|[silent]\n|switch|p1a: Sekiro|Samurott-Hisui, F, shiny|100\/100\n|move|p2a: Blissey|Seismic Toss|p1a: Sekiro\n|-damage|p1a: Sekiro|69\/100\n|\n|upkeep\n|turn|50\n|\n|t:|1699840860\n|move|p1a: Sekiro|Sacred Sword|p2a: Blissey\n|-supereffective|p2a: Blissey\n|-damage|p2a: Blissey|0 fnt\n|faint|p2a: Blissey\n|\n|upkeep\n|\n|t:|1699840863\n|switch|p2a: Kingambit|Kingambit, M|88\/100\n|-damage|p2a: Kingambit|82\/100|[from] Stealth Rock\n|-activate|p2a: Kingambit|ability: Supreme Overlord\n|-start|p2a: Kingambit|fallen5|[silent]\n|turn|51\n|\n|t:|1699840870\n|move|p2a: Kingambit|Sucker Punch|p1a: Sekiro\n|-resisted|p1a: Sekiro\n|-damage|p1a: Sekiro|25\/100\n|move|p1a: Sekiro|Sacred Sword|p2a: Kingambit\n|-supereffective|p2a: Kingambit\n|-damage|p2a: Kingambit|0 fnt\n|faint|p2a: Kingambit\n|-end|p2a: Kingambit|fallen5|[silent]\n|\n|win|TMcNic7\n|raw|TMcNic7's rating: 1433 &rarr; <strong>1453<\/strong><br \/>(+20 for winning)\n|raw|AriadneOnNaxos's rating: 1427 &rarr; <strong>1407<\/strong><br \/>(-20 for losing)\n","uploadtime":1699840884,"views":16,"p1id":"tmcnic7","p2id":"ariadneonnaxos","formatid":"gen9ou","rating":1407,"private":0,"password":""}