{"id":"gen9ou-1994412450","p1":"MrsEvans","p2":"Onte bad","format":"[Gen 9] OU","log":"|j|\u2606MrsEvans\n|j|\u2606Onte bad\n|t:|1700441027\n|gametype|singles\n|player|p1|MrsEvans|170|1304\n|player|p2|Onte bad|170|1251\n|teamsize|p1|6\n|teamsize|p2|6\n|gen|9\n|tier|[Gen 9] OU\n|rated|\n|rule|Sleep Clause Mod: Limit one foe put to sleep\n|rule|Species Clause: Limit one of each Pok\u00e9mon\n|rule|OHKO Clause: OHKO moves are banned\n|rule|Evasion Items Clause: Evasion items are banned\n|rule|Evasion Moves Clause: Evasion moves are banned\n|rule|Endless Battle Clause: Forcing endless battles is banned\n|rule|HP Percentage Mod: HP is shown in percentages\n|clearpoke\n|poke|p1|Iron Hands|\n|poke|p1|Ogerpon-Wellspring, F|\n|poke|p1|Amoonguss, M|\n|poke|p1|Iron Valiant|\n|poke|p1|Chandelure, F|\n|poke|p1|Great Tusk|\n|poke|p2|Gholdengo|\n|poke|p2|Glimmora, F|\n|poke|p2|Ribombee, M|\n|poke|p2|Cinderace, F|\n|poke|p2|Dragonite, F|\n|poke|p2|Thundurus-Therian, M|\n|teampreview\n|\n|t:|1700441040\n|start\n|switch|p1a: Chandelure|Chandelure, F|100\/100\n|switch|p2a: Cinderace|Cinderace, F|100\/100\n|turn|1\n|\n|t:|1700441046\n|move|p2a: Cinderace|U-turn|p1a: Chandelure\n|-start|p2a: Cinderace|typechange|Bug|[from] ability: Libero\n|-resisted|p1a: Chandelure\n|-damage|p1a: Chandelure|87\/100\n|\n|t:|1700441049\n|switch|p2a: Glimmora|Glimmora, F|100\/100|[from] U-turn\n|move|p1a: Chandelure|Shadow Ball|p2a: Glimmora\n|-crit|p2a: Glimmora\n|-enditem|p2a: Glimmora|Focus Sash\n|-damage|p2a: Glimmora|1\/100\n|\n|upkeep\n|turn|2\n|inactive|Battle timer is ON: inactive players will automatically lose when time's up. (requested by MrsEvans)\n|\n|t:|1700441058\n|switch|p1a: Iron Valiant|Iron Valiant|100\/100\n|-enditem|p1a: Iron Valiant|Booster Energy\n|-activate|p1a: Iron Valiant|ability: Quark Drive|[fromitem]\n|-start|p1a: Iron Valiant|quarkdrivespe\n|move|p2a: Glimmora|Earth Power|p1a: Iron Valiant\n|-damage|p1a: Iron Valiant|48\/100\n|-unboost|p1a: Iron Valiant|spd|1\n|\n|upkeep\n|turn|3\n|\n|t:|1700441066\n|switch|p2a: Gholdengo|Gholdengo|100\/100\n|move|p1a: Iron Valiant|Moonblast|p2a: Gholdengo\n|-resisted|p2a: Gholdengo\n|-damage|p2a: Gholdengo|85\/100\n|\n|-heal|p2a: Gholdengo|91\/100|[from] item: Leftovers\n|upkeep\n|turn|4\n|\n|t:|1700441078\n|-end|p1a: Iron Valiant|Quark Drive|[silent]\n|switch|p1a: Ogerpon|Ogerpon-Wellspring, F|100\/100\n|move|p2a: Gholdengo|Nasty Plot|p2a: Gholdengo\n|-boost|p2a: Gholdengo|spa|2\n|\n|-heal|p2a: Gholdengo|97\/100|[from] item: Leftovers\n|upkeep\n|turn|5\n|\n|t:|1700441083\n|move|p1a: Ogerpon|Knock Off|p2a: Gholdengo\n|-supereffective|p2a: Gholdengo\n|-damage|p2a: Gholdengo|29\/100\n|-enditem|p2a: Gholdengo|Leftovers|[from] move: Knock Off|[of] p1a: Ogerpon\n|move|p2a: Gholdengo|Shadow Ball|p1a: Ogerpon\n|-damage|p1a: Ogerpon|13\/100\n|\n|upkeep\n|turn|6\n|\n|t:|1700441091\n|switch|p2a: Glimmora|Glimmora, F|1\/100\n|move|p1a: Ogerpon|Ivy Cudgel|p2a: Glimmora|[anim] Ivy Cudgel Water\n|-supereffective|p2a: Glimmora\n|-damage|p2a: Glimmora|0 fnt\n|-activate|p2a: Glimmora|ability: Toxic Debris\n|-sidestart|p1: MrsEvans|move: Toxic Spikes\n|faint|p2a: Glimmora\n|\n|upkeep\n|\n|t:|1700441094\n|switch|p2a: Ribombee|Ribombee, M|100\/100\n|turn|7\n|\n|t:|1700441101\n|switch|p1a: Amoonguss|Amoonguss, M|100\/100\n|-sideend|p1: MrsEvans|move: Toxic Spikes|[of] p1a: Amoonguss\n|move|p2a: Ribombee|Moonblast|p1a: Amoonguss\n|-resisted|p1a: Amoonguss\n|-damage|p1a: Amoonguss|88\/100\n|-enditem|p1a: Amoonguss|Red Card|[of] p2a: Ribombee\n|drag|p2a: Cinderace|Cinderace, F|100\/100\n|\n|upkeep\n|turn|8\n|\n|t:|1700441112\n|switch|p1a: Chandelure|Chandelure, F|87\/100\n|move|p2a: Cinderace|U-turn|p1a: Chandelure\n|-start|p2a: Cinderace|typechange|Bug|[from] ability: Libero\n|-resisted|p1a: Chandelure\n|-damage|p1a: Chandelure|75\/100\n|\n|t:|1700441116\n|switch|p2a: Thundurus|Thundurus-Therian, M|100\/100|[from] U-turn\n|\n|upkeep\n|turn|9\n|\n|t:|1700441127\n|move|p2a: Thundurus|Volt Switch|p1a: Chandelure\n|-damage|p1a: Chandelure|0 fnt\n|faint|p1a: Chandelure\n|\n|t:|1700441135\n|switch|p2a: Ribombee|Ribombee, M|100\/100|[from] Volt Switch\n|\n|upkeep\n|\n|t:|1700441140\n|switch|p1a: Amoonguss|Amoonguss, M|88\/100\n|turn|10\n|\n|t:|1700441144\n|move|p2a: Ribombee|Sticky Web|p1a: Amoonguss\n|-sidestart|p1: MrsEvans|move: Sticky Web\n|move|p1a: Amoonguss|Sludge Bomb|p2a: Ribombee\n|-supereffective|p2a: Ribombee\n|-damage|p2a: Ribombee|2\/100\n|\n|upkeep\n|turn|11\n|\n|t:|1700441149\n|switch|p2a: Gholdengo|Gholdengo|29\/100\n|move|p1a: Amoonguss|Foul Play|p2a: Gholdengo\n|-supereffective|p2a: Gholdengo\n|-damage|p2a: Gholdengo|11\/100\n|\n|upkeep\n|turn|12\n|\n|t:|1700441153\n|move|p2a: Gholdengo|Recover|p2a: Gholdengo\n|-heal|p2a: Gholdengo|61\/100\n|move|p1a: Amoonguss|Foul Play|p2a: Gholdengo\n|-supereffective|p2a: Gholdengo\n|-damage|p2a: Gholdengo|42\/100\n|\n|upkeep\n|turn|13\n|\n|t:|1700441156\n|switch|p1a: Great Tusk|Great Tusk|100\/100\n|move|p2a: Gholdengo|Recover|p2a: Gholdengo\n|-heal|p2a: Gholdengo|92\/100\n|\n|upkeep\n|turn|14\n|\n|t:|1700441158\n|switch|p2a: Ribombee|Ribombee, M|2\/100\n|move|p1a: Great Tusk|Bulk Up|p1a: Great Tusk\n|-boost|p1a: Great Tusk|atk|1\n|-boost|p1a: Great Tusk|def|1\n|\n|upkeep\n|turn|15\n|\n|t:|1700441161\n|-terastallize|p1a: Great Tusk|Steel\n|move|p2a: Ribombee|Moonblast|p1a: Great Tusk\n|-resisted|p1a: Great Tusk\n|-crit|p1a: Great Tusk\n|-damage|p1a: Great Tusk|60\/100\n|move|p1a: Great Tusk|Rapid Spin|p2a: Ribombee\n|-damage|p2a: Ribombee|0 fnt\n|-boost|p1a: Great Tusk|spe|1\n|-sideend|p1: MrsEvans|Sticky Web|[from] move: Rapid Spin|[of] p1a: Great Tusk\n|faint|p2a: Ribombee\n|\n|upkeep\n|\n|t:|1700441169\n|switch|p2a: Dragonite|Dragonite, F|100\/100\n|turn|16\n|\n|t:|1700441179\n|-end|p1a: Great Tusk|Protosynthesis|[silent]\n|switch|p1a: Iron Hands|Iron Hands|100\/100\n|move|p2a: Dragonite|Earthquake|p1a: Iron Hands\n|-supereffective|p1a: Iron Hands\n|-damage|p1a: Iron Hands|51\/100\n|\n|upkeep\n|turn|17\n|\n|t:|1700441187\n|switch|p2a: Gholdengo|Gholdengo|92\/100\n|move|p1a: Iron Hands|Ice Punch|p2a: Gholdengo\n|-resisted|p2a: Gholdengo\n|-damage|p2a: Gholdengo|76\/100\n|\n|upkeep\n|turn|18\n|\n|t:|1700441196\n|-end|p1a: Iron Hands|Quark Drive|[silent]\n|switch|p1a: Iron Valiant|Iron Valiant|48\/100\n|move|p2a: Gholdengo|Shadow Ball|p1a: Iron Valiant\n|-damage|p1a: Iron Valiant|0 fnt\n|faint|p1a: Iron Valiant\n|-end|p1a: Iron Valiant|Quark Drive|[silent]\n|\n|upkeep\n|\n|t:|1700441202\n|switch|p1a: Great Tusk|Great Tusk, tera:Steel|60\/100\n|turn|19\n|\n|t:|1700441212\n|-end|p1a: Great Tusk|Protosynthesis|[silent]\n|switch|p1a: Ogerpon|Ogerpon-Wellspring, F|13\/100\n|move|p2a: Gholdengo|Shadow Ball|p1a: Ogerpon\n|-damage|p1a: Ogerpon|0 fnt\n|faint|p1a: Ogerpon\n|\n|upkeep\n|\n|t:|1700441218\n|switch|p1a: Iron Hands|Iron Hands|51\/100\n|turn|20\n|\n|t:|1700441224\n|move|p2a: Gholdengo|Nasty Plot|p2a: Gholdengo\n|-boost|p2a: Gholdengo|spa|2\n|move|p1a: Iron Hands|Swords Dance|p1a: Iron Hands\n|-boost|p1a: Iron Hands|atk|2\n|\n|upkeep\n|turn|21\n|\n|t:|1700441226\n|move|p2a: Gholdengo|Shadow Ball|p1a: Iron Hands\n|-crit|p1a: Iron Hands\n|-damage|p1a: Iron Hands|0 fnt\n|faint|p1a: Iron Hands\n|-end|p1a: Iron Hands|Quark Drive|[silent]\n|\n|upkeep\n|-message|MrsEvans forfeited.\n|\n|win|Onte bad\n|raw|MrsEvans's rating: 1304 &rarr; <strong>1281<\/strong><br \/>(-23 for losing)\n|raw|Onte bad's rating: 1251 &rarr; <strong>1280<\/strong><br \/>(+29 for winning)\n|l|\u2606MrsEvans\n","uploadtime":1700441233,"views":10,"p1id":"mrsevans","p2id":"ontebad","formatid":"gen9ou","rating":1280,"private":0,"password":""}