{"id":"gen9ou-1990928257","p1":"ThatIsThePerson","p2":"Snxrf","format":"[Gen 9] OU","log":"|j|\u2606ThatIsThePerson\n|j|\u203dSnxrf\n|t:|1700016162\n|gametype|singles\n|player|p1|ThatIsThePerson|1|1078\n|player|p2|Snxrf|aaron|1000\n|teamsize|p1|6\n|teamsize|p2|6\n|gen|9\n|tier|[Gen 9] OU\n|rated|\n|rule|Sleep Clause Mod: Limit one foe put to sleep\n|rule|Species Clause: Limit one of each Pok\u00e9mon\n|rule|OHKO Clause: OHKO moves are banned\n|rule|Evasion Items Clause: Evasion items are banned\n|rule|Evasion Moves Clause: Evasion moves are banned\n|rule|Endless Battle Clause: Forcing endless battles is banned\n|rule|HP Percentage Mod: HP is shown in percentages\n|clearpoke\n|poke|p1|Samurott-Hisui, M|\n|poke|p1|Arcanine-Hisui, M|\n|poke|p1|Amoonguss, F|\n|poke|p1|Corviknight, F|\n|poke|p1|Clefable, M|\n|poke|p1|Thundurus-Therian, M|\n|poke|p2|Ninetales-Alola, F|\n|poke|p2|Toxapex, M|\n|poke|p2|Landorus-Therian, M|\n|poke|p2|Heatran, M|\n|poke|p2|Dragonite, F|\n|poke|p2|Garchomp, F|\n|teampreview\n|inactive|Battle timer is ON: inactive players will automatically lose when time's up. (requested by ThatIsThePerson)\n|\n|t:|1700016179\n|start\n|switch|p1a: Samurott|Samurott-Hisui, M|100\/100\n|switch|p2a: Heatran|Heatran, M|100\/100\n|turn|1\n|\n|t:|1700016185\n|switch|p2a: Toxapex|Toxapex, M|100\/100\n|move|p1a: Samurott|Flip Turn|p2a: Toxapex\n|-resisted|p2a: Toxapex\n|-damage|p2a: Toxapex|92\/100\n|\n|t:|1700016197\n|switch|p1a: Thundurus|Thundurus-Therian, M|100\/100|[from] Flip Turn\n|\n|-heal|p2a: Toxapex|98\/100|[from] item: Black Sludge\n|upkeep\n|turn|2\n|\n|t:|1700016206\n|switch|p2a: Landorus|Landorus-Therian, M|100\/100\n|-ability|p2a: Landorus|Intimidate|boost\n|-unboost|p1a: Thundurus|atk|1\n|move|p1a: Thundurus|Thunderbolt|p2a: Landorus\n|-immune|p2a: Landorus\n|\n|upkeep\n|turn|3\n|\n|t:|1700016218\n|switch|p1a: Corviknight|Corviknight, F|100\/100\n|-ability|p1a: Corviknight|Pressure\n|move|p2a: Landorus|U-turn|p1a: Corviknight\n|-resisted|p1a: Corviknight\n|-damage|p1a: Corviknight|96\/100\n|-damage|p2a: Landorus|84\/100|[from] item: Rocky Helmet|[of] p1a: Corviknight\n|-damage|p2a: Landorus|74\/100|[from] item: Life Orb\n|\n|t:|1700016230\n|switch|p2a: Heatran|Heatran, M|100\/100|[from] U-turn\n|\n|upkeep\n|turn|4\n|\n|t:|1700016254\n|switch|p1a: Samurott|Samurott-Hisui, M|100\/100\n|move|p2a: Heatran|Fire Blast|p1a: Samurott\n|-resisted|p1a: Samurott\n|-damage|p1a: Samurott|76\/100\n|\n|upkeep\n|turn|5\n|\n|t:|1700016273\n|switch|p2a: Toxapex|Toxapex, M|100\/100\n|move|p1a: Samurott|Knock Off|p2a: Toxapex\n|-damage|p2a: Toxapex|73\/100\n|-enditem|p2a: Toxapex|Black Sludge|[from] move: Knock Off|[of] p1a: Samurott\n|\n|upkeep\n|turn|6\n|\n|t:|1700016283\n|move|p1a: Samurott|Ceaseless Edge|p2a: Toxapex\n|-damage|p2a: Toxapex|48\/100\n|-sidestart|p2: Snxrf|Spikes\n|move|p2a: Toxapex|Toxic|p1a: Samurott\n|-status|p1a: Samurott|tox\n|\n|-damage|p1a: Samurott|70\/100 tox|[from] psn\n|upkeep\n|turn|7\n|\n|t:|1700016297\n|switch|p2a: Ninetales|Ninetales-Alola, F|100\/100\n|-damage|p2a: Ninetales|88\/100|[from] Spikes\n|-weather|Snow|[from] ability: Snow Warning|[of] p2a: Ninetales\n|move|p1a: Samurott|Ceaseless Edge|p2a: Ninetales\n|-resisted|p2a: Ninetales\n|-damage|p2a: Ninetales|69\/100\n|-sidestart|p2: Snxrf|Spikes\n|\n|-weather|Snow|[upkeep]\n|-damage|p1a: Samurott|58\/100 tox|[from] psn\n|upkeep\n|turn|8\n|\n|t:|1700016319\n|switch|p1a: Corviknight|Corviknight, F|96\/100\n|-ability|p1a: Corviknight|Pressure\n|move|p2a: Ninetales|Aurora Veil|p2a: Ninetales\n|-sidestart|p2: Snxrf|move: Aurora Veil\n|\n|-weather|Snow|[upkeep]\n|upkeep\n|turn|9\n|\n|t:|1700016329\n|move|p2a: Ninetales|Encore||[still]\n|-fail|p2a: Ninetales\n|move|p1a: Corviknight|U-turn|p2a: Ninetales\n|-resisted|p2a: Ninetales\n|-damage|p2a: Ninetales|66\/100\n|\n|t:|1700016335\n|switch|p1a: Arcanine|Arcanine-Hisui, M|100\/100|[from] U-turn\n|\n|-weather|Snow|[upkeep]\n|upkeep\n|turn|10\n|\n|t:|1700016343\n|switch|p2a: Toxapex|Toxapex, M|81\/100\n|-damage|p2a: Toxapex|64\/100|[from] Spikes\n|move|p1a: Arcanine|Head Smash|p2a: Toxapex\n|-damage|p2a: Toxapex|33\/100\n|\n|-weather|Snow|[upkeep]\n|upkeep\n|turn|11\n|\n|t:|1700016361\n|switch|p1a: Amoonguss|Amoonguss, F|100\/100\n|move|p2a: Toxapex|Chilling Water|p1a: Amoonguss\n|-resisted|p1a: Amoonguss\n|-damage|p1a: Amoonguss|96\/100\n|-unboost|p1a: Amoonguss|atk|1\n|-enditem|p1a: Amoonguss|Red Card|[of] p2a: Toxapex\n|drag|p2a: Heatran|Heatran, M|100\/100\n|-damage|p2a: Heatran|84\/100|[from] Spikes\n|\n|-weather|none\n|upkeep\n|turn|12\n|\n|t:|1700016385\n|switch|p1a: Arcanine|Arcanine-Hisui, M|100\/100\n|-terastallize|p2a: Heatran|Fairy\n|move|p2a: Heatran|Tera Blast|p1a: Arcanine|[anim] Tera Blast Fairy\n|-resisted|p1a: Arcanine\n|-damage|p1a: Arcanine|77\/100\n|\n|upkeep\n|turn|13\n|\n|t:|1700016401\n|switch|p2a: Toxapex|Toxapex, M|67\/100\n|-damage|p2a: Toxapex|50\/100|[from] Spikes\n|move|p1a: Arcanine|Head Smash|p2a: Toxapex\n|-damage|p2a: Toxapex|17\/100\n|\n|upkeep\n|turn|14\n|\n|t:|1700016410\n|move|p1a: Arcanine|Head Smash|p2a: Toxapex\n|-damage|p2a: Toxapex|0 fnt\n|faint|p2a: Toxapex\n|\n|upkeep\n|\n|t:|1700016414\n|switch|p2a: Garchomp|Garchomp, F|100\/100\n|-damage|p2a: Garchomp|84\/100|[from] Spikes\n|turn|15\n|\n|t:|1700016419\n|switch|p1a: Clefable|Clefable, M|100\/100\n|move|p2a: Garchomp|Stealth Rock|p1a: Clefable\n|-sidestart|p1: ThatIsThePerson|move: Stealth Rock\n|\n|-heal|p2a: Garchomp|90\/100|[from] item: Leftovers\n|-sideend|p2: Snxrf|move: Aurora Veil\n|upkeep\n|turn|16\n|\n|t:|1700016435\n|switch|p2a: Heatran|Heatran, M, tera:Fairy|84\/100\n|-damage|p2a: Heatran|67\/100|[from] Spikes\n|move|p1a: Clefable|Thunder Wave|p2a: Heatran|[miss]\n|-miss|p1a: Clefable|p2a: Heatran\n|\n|upkeep\n|turn|17\n|inactive|ThatIsThePerson has 120 seconds left.\n|\n|t:|1700016470\n|switch|p1a: Corviknight|Corviknight, F|96\/100\n|-damage|p1a: Corviknight|83\/100|[from] Stealth Rock\n|-ability|p1a: Corviknight|Pressure\n|move|p2a: Heatran|Flash Cannon|p1a: Corviknight\n|-resisted|p1a: Corviknight\n|-damage|p1a: Corviknight|66\/100\n|\n|upkeep\n|turn|18\n|inactive|ThatIsThePerson has 120 seconds left.\n|\n|t:|1700016489\n|switch|p1a: Amoonguss|Amoonguss, F|100\/100\n|-damage|p1a: Amoonguss|88\/100|[from] Stealth Rock\n|move|p2a: Heatran|Fire Blast|p1a: Amoonguss\n|-supereffective|p1a: Amoonguss\n|-damage|p1a: Amoonguss|0 fnt\n|faint|p1a: Amoonguss\n|\n|upkeep\n|\n|t:|1700016510\n|switch|p1a: Thundurus|Thundurus-Therian, M|100\/100\n|-damage|p1a: Thundurus|76\/100|[from] Stealth Rock\n|turn|19\n|\n|t:|1700016521\n|switch|p2a: Landorus|Landorus-Therian, M|74\/100\n|-ability|p2a: Landorus|Intimidate|boost\n|-unboost|p1a: Thundurus|atk|1\n|-terastallize|p1a: Thundurus|Ice\n|move|p1a: Thundurus|Tera Blast|p2a: Landorus|[anim] Tera Blast Ice\n|-supereffective|p2a: Landorus\n|-crit|p2a: Landorus\n|-damage|p2a: Landorus|0 fnt\n|faint|p2a: Landorus\n|\n|upkeep\n|\n|t:|1700016541\n|switch|p2a: Ninetales|Ninetales-Alola, F|66\/100\n|-damage|p2a: Ninetales|50\/100|[from] Spikes\n|-weather|Snow|[from] ability: Snow Warning|[of] p2a: Ninetales\n|turn|20\n|inactive|ThatIsThePerson has 90 seconds left.\n|\n|t:|1700016561\n|switch|p1a: Samurott|Samurott-Hisui, M|58\/100 tox\n|-damage|p1a: Samurott|45\/100 tox|[from] Stealth Rock\n|move|p2a: Ninetales|Aurora Veil|p2a: Ninetales\n|-sidestart|p2: Snxrf|move: Aurora Veil\n|\n|-weather|Snow|[upkeep]\n|-damage|p1a: Samurott|39\/100 tox|[from] psn\n|upkeep\n|turn|21\n|\n|t:|1700016572\n|move|p2a: Ninetales|Freeze-Dry|p1a: Samurott\n|-supereffective|p1a: Samurott\n|-damage|p1a: Samurott|0 fnt\n|faint|p1a: Samurott\n|\n|-weather|Snow|[upkeep]\n|upkeep\n|\n|t:|1700016575\n|switch|p1a: Arcanine|Arcanine-Hisui, M|77\/100\n|-damage|p1a: Arcanine|52\/100|[from] Stealth Rock\n|turn|22\n|\n|t:|1700016583\n|move|p2a: Ninetales|Protect|p2a: Ninetales\n|-singleturn|p2a: Ninetales|Protect\n|move|p1a: Arcanine|Head Smash|p2a: Ninetales\n|-activate|p2a: Ninetales|move: Protect\n|\n|-weather|Snow|[upkeep]\n|upkeep\n|turn|23\n|\n|t:|1700016589\n|move|p2a: Ninetales|Encore|p1a: Arcanine\n|-start|p1a: Arcanine|Encore\n|move|p1a: Arcanine|Head Smash|p2a: Ninetales\n|-supereffective|p2a: Ninetales\n|-damage|p2a: Ninetales|0 fnt\n|faint|p2a: Ninetales\n|\n|-weather|Snow|[upkeep]\n|upkeep\n|\n|t:|1700016607\n|switch|p2a: Heatran|Heatran, M, tera:Fairy|67\/100\n|-damage|p2a: Heatran|51\/100|[from] Spikes\n|turn|24\n|\n|t:|1700016620\n|move|p1a: Arcanine|Head Smash|p2a: Heatran\n|-damage|p2a: Heatran|0 fnt\n|faint|p2a: Heatran\n|\n|-weather|none\n|upkeep\n|\n|t:|1700016626\n|switch|p2a: Garchomp|Garchomp, F|90\/100\n|-damage|p2a: Garchomp|73\/100|[from] Spikes\n|turn|25\n|\n|t:|1700016637\n|move|p2a: Garchomp|Dragon Claw|p1a: Arcanine\n|-damage|p1a: Arcanine|12\/100\n|move|p1a: Arcanine|Head Smash|p2a: Garchomp|[miss]\n|-miss|p1a: Arcanine|p2a: Garchomp\n|\n|-heal|p2a: Garchomp|80\/100|[from] item: Leftovers\n|-end|p1a: Arcanine|Encore\n|upkeep\n|turn|26\n|\n|t:|1700016649\n|move|p2a: Garchomp|Spikes|p1a: Arcanine\n|-sidestart|p1: ThatIsThePerson|Spikes\n|move|p1a: Arcanine|Head Smash|p2a: Garchomp\n|-resisted|p2a: Garchomp\n|-damage|p2a: Garchomp|56\/100\n|-damage|p1a: Arcanine|0 fnt|[from] ability: Rough Skin|[of] p2a: Garchomp\n|faint|p1a: Arcanine\n|\n|-heal|p2a: Garchomp|62\/100|[from] item: Leftovers\n|upkeep\n|\n|t:|1700016655\n|switch|p1a: Clefable|Clefable, M|100\/100\n|turn|27\n|\n|t:|1700016663\n|move|p2a: Garchomp|Earthquake|p1a: Clefable\n|-damage|p1a: Clefable|50\/100\n|move|p1a: Clefable|Thunder Wave|p2a: Garchomp\n|-immune|p2a: Garchomp\n|\n|-heal|p2a: Garchomp|68\/100|[from] item: Leftovers\n|-heal|p1a: Clefable|56\/100|[from] item: Leftovers\n|-sideend|p2: Snxrf|move: Aurora Veil\n|upkeep\n|turn|28\n|\n|t:|1700016678\n|switch|p1a: Corviknight|Corviknight, F|66\/100\n|-damage|p1a: Corviknight|54\/100|[from] Stealth Rock\n|-ability|p1a: Corviknight|Pressure\n|move|p2a: Garchomp|Dragon Claw|p1a: Corviknight\n|-resisted|p1a: Corviknight\n|-damage|p1a: Corviknight|44\/100\n|-damage|p2a: Garchomp|51\/100|[from] item: Rocky Helmet|[of] p1a: Corviknight\n|\n|-heal|p2a: Garchomp|58\/100|[from] item: Leftovers\n|upkeep\n|turn|29\n|\n|t:|1700016691\n|switch|p2a: Dragonite|Dragonite, F|100\/100\n|move|p1a: Corviknight|Roost|p1a: Corviknight\n|-heal|p1a: Corviknight|94\/100\n|-singleturn|p1a: Corviknight|move: Roost\n|\n|upkeep\n|turn|30\n|\n|t:|1700016700\n|move|p2a: Dragonite|Fire Punch|p1a: Corviknight\n|-supereffective|p1a: Corviknight\n|-damage|p1a: Corviknight|49\/100\n|-damage|p2a: Dragonite|84\/100|[from] item: Rocky Helmet|[of] p1a: Corviknight\n|move|p1a: Corviknight|Defog|p2a: Dragonite\n|-unboost|p2a: Dragonite|evasion|1\n|-sideend|p2: Snxrf|Spikes|[from] move: Defog|[of] p1a: Corviknight\n|-sideend|p1: ThatIsThePerson|Spikes|[from] move: Defog|[of] p1a: Corviknight\n|-sideend|p1: ThatIsThePerson|Stealth Rock|[from] move: Defog|[of] p1a: Corviknight\n|\n|upkeep\n|turn|31\n|\n|t:|1700016709\n|move|p2a: Dragonite|Fire Punch|p1a: Corviknight\n|-supereffective|p1a: Corviknight\n|-damage|p1a: Corviknight|4\/100\n|-damage|p2a: Dragonite|68\/100|[from] item: Rocky Helmet|[of] p1a: Corviknight\n|move|p1a: Corviknight|Roost|p1a: Corviknight\n|-heal|p1a: Corviknight|54\/100\n|-singleturn|p1a: Corviknight|move: Roost\n|\n|upkeep\n|turn|32\n|\n|t:|1700016720\n|move|p2a: Dragonite|Fire Punch|p1a: Corviknight\n|-supereffective|p1a: Corviknight\n|-damage|p1a: Corviknight|2\/100\n|-damage|p2a: Dragonite|51\/100|[from] item: Rocky Helmet|[of] p1a: Corviknight\n|move|p1a: Corviknight|Roost|p1a: Corviknight\n|-heal|p1a: Corviknight|52\/100\n|-singleturn|p1a: Corviknight|move: Roost\n|\n|upkeep\n|turn|33\n|\n|t:|1700016732\n|switch|p2a: Garchomp|Garchomp, F|58\/100\n|move|p1a: Corviknight|Roost|p1a: Corviknight\n|-heal|p1a: Corviknight|100\/100\n|-singleturn|p1a: Corviknight|move: Roost\n|\n|-heal|p2a: Garchomp|64\/100|[from] item: Leftovers\n|upkeep\n|turn|34\n|\n|t:|1700016748\n|move|p2a: Garchomp|Stealth Rock|p1a: Corviknight\n|-sidestart|p1: ThatIsThePerson|move: Stealth Rock\n|move|p1a: Corviknight|Brave Bird|p2a: Garchomp\n|-damage|p2a: Garchomp|32\/100\n|-damage|p1a: Corviknight|88\/100|[from] ability: Rough Skin|[of] p2a: Garchomp\n|-damage|p1a: Corviknight|77\/100|[from] Recoil\n|\n|-heal|p2a: Garchomp|38\/100|[from] item: Leftovers\n|upkeep\n|turn|35\n|\n|t:|1700016765\n|move|p2a: Garchomp|Spikes|p1a: Corviknight\n|-sidestart|p1: ThatIsThePerson|Spikes\n|move|p1a: Corviknight|Defog|p2a: Garchomp\n|-unboost|p2a: Garchomp|evasion|1\n|-sideend|p1: ThatIsThePerson|Spikes|[from] move: Defog|[of] p1a: Corviknight\n|-sideend|p1: ThatIsThePerson|Stealth Rock|[from] move: Defog|[of] p1a: Corviknight\n|\n|-heal|p2a: Garchomp|45\/100|[from] item: Leftovers\n|upkeep\n|turn|36\n|\n|t:|1700016772\n|move|p2a: Garchomp|Stealth Rock|p1a: Corviknight\n|-sidestart|p1: ThatIsThePerson|move: Stealth Rock\n|move|p1a: Corviknight|Brave Bird|p2a: Garchomp\n|-damage|p2a: Garchomp|16\/100\n|-damage|p1a: Corviknight|65\/100|[from] ability: Rough Skin|[of] p2a: Garchomp\n|-damage|p1a: Corviknight|55\/100|[from] Recoil\n|\n|-heal|p2a: Garchomp|22\/100|[from] item: Leftovers\n|upkeep\n|turn|37\n|\n|t:|1700016781\n|move|p2a: Garchomp|Spikes|p1a: Corviknight\n|-sidestart|p1: ThatIsThePerson|Spikes\n|move|p1a: Corviknight|Brave Bird|p2a: Garchomp\n|-damage|p2a: Garchomp|0 fnt\n|-damage|p1a: Corviknight|43\/100|[from] ability: Rough Skin|[of] p2a: Garchomp\n|faint|p2a: Garchomp\n|-damage|p1a: Corviknight|35\/100|[from] Recoil\n|\n|upkeep\n|\n|t:|1700016794\n|switch|p2a: Dragonite|Dragonite, F|51\/100\n|turn|38\n|\n|t:|1700016802\n|move|p2a: Dragonite|Fire Punch|p1a: Corviknight\n|-supereffective|p1a: Corviknight\n|-damage|p1a: Corviknight|0 fnt\n|-damage|p2a: Dragonite|35\/100|[from] item: Rocky Helmet|[of] p1a: Corviknight\n|faint|p1a: Corviknight\n|\n|upkeep\n|\n|t:|1700016805\n|switch|p1a: Clefable|Clefable, M|56\/100\n|turn|39\n|\n|t:|1700016811\n|move|p2a: Dragonite|Fire Punch|p1a: Clefable\n|-damage|p1a: Clefable|8\/100\n|move|p1a: Clefable|Moonblast|p2a: Dragonite\n|-supereffective|p2a: Dragonite\n|-damage|p2a: Dragonite|0 fnt\n|faint|p2a: Dragonite\n|\n|win|ThatIsThePerson\n|raw|ThatIsThePerson's rating: 1078 &rarr; <strong>1100<\/strong><br \/>(+22 for winning)\n|raw|Snxrf's rating: 1000 &rarr; <strong>1000<\/strong><br \/>(+0 for losing)\n|l|\u203dSnxrf\n","uploadtime":1700016822,"views":25,"p1id":"thatistheperson","p2id":"snxrf","formatid":"gen9ou","rating":1000,"private":0,"password":""}