{"id":"gen9ou-1988531813","p1":"pelukas","p2":"Morgan23","format":"[Gen 9] OU","log":"|j|\u2606pelukas\n|j|\u2606Morgan23\n|t:|1699733002\n|gametype|singles\n|player|p1|pelukas|grimsley|1209\n|player|p2|Morgan23|266|1154\n|teamsize|p1|6\n|teamsize|p2|6\n|gen|9\n|tier|[Gen 9] OU\n|rated|\n|rule|Sleep Clause Mod: Limit one foe put to sleep\n|rule|Species Clause: Limit one of each Pok\u00e9mon\n|rule|OHKO Clause: OHKO moves are banned\n|rule|Evasion Items Clause: Evasion items are banned\n|rule|Evasion Moves Clause: Evasion moves are banned\n|rule|Endless Battle Clause: Forcing endless battles is banned\n|rule|HP Percentage Mod: HP is shown in percentages\n|clearpoke\n|poke|p1|Hoopa-Unbound|\n|poke|p1|Overqwil, M|\n|poke|p1|Greninja-*, M|\n|poke|p1|Hydreigon, M|\n|poke|p1|Grimmsnarl, M|\n|poke|p1|Moltres-Galar|\n|poke|p2|Gliscor, F|\n|poke|p2|Mandibuzz, F|\n|poke|p2|Ting-Lu|\n|poke|p2|Great Tusk|\n|poke|p2|Samurott-Hisui, M|\n|poke|p2|Dragapult, M|\n|teampreview\n|inactive|Battle timer is ON: inactive players will automatically lose when time's up. (requested by pelukas)\n|\n|t:|1699733031\n|start\n|switch|p1a: Hoopa|Hoopa-Unbound|100\/100\n|switch|p2a: Ting-Lu|Ting-Lu|100\/100\n|-ability|p2a: Ting-Lu|Vessel of Ruin\n|turn|1\n|\n|t:|1699733041\n|move|p2a: Ting-Lu|Protect|p2a: Ting-Lu\n|-singleturn|p2a: Ting-Lu|Protect\n|move|p1a: Hoopa|Drain Punch|p2a: Ting-Lu\n|-activate|p2a: Ting-Lu|move: Protect\n|\n|upkeep\n|turn|2\n|\n|t:|1699733048\n|switch|p1a: Overqwil|Overqwil, M|100\/100\n|-ability|p1a: Overqwil|Intimidate|boost\n|-unboost|p2a: Ting-Lu|atk|1\n|-terastallize|p2a: Ting-Lu|Fairy\n|move|p2a: Ting-Lu|Stealth Rock|p1a: Overqwil\n|-sidestart|p1: pelukas|move: Stealth Rock\n|\n|upkeep\n|turn|3\n|\n|t:|1699733060\n|switch|p2a: Gliscor|Gliscor, F|100\/100\n|move|p1a: Overqwil|Barb Barrage|p2a: Gliscor\n|-resisted|p2a: Gliscor\n|-damage|p2a: Gliscor|90\/100\n|-status|p2a: Gliscor|psn\n|\n|-heal|p2a: Gliscor|100\/100 psn|[from] ability: Poison Heal\n|upkeep\n|turn|4\n|\n|t:|1699733073\n|switch|p1a: Hydreigon|Hydreigon, M, shiny|100\/100\n|-damage|p1a: Hydreigon|88\/100|[from] Stealth Rock\n|move|p2a: Gliscor|Earthquake|p1a: Hydreigon\n|-immune|p1a: Hydreigon|[from] ability: Levitate\n|\n|-heal|p1a: Hydreigon|94\/100|[from] item: Leftovers\n|upkeep\n|turn|5\n|\n|t:|1699733082\n|move|p1a: Hydreigon|Substitute|p1a: Hydreigon\n|-start|p1a: Hydreigon|Substitute\n|-damage|p1a: Hydreigon|69\/100\n|move|p2a: Gliscor|Toxic|p1a: Hydreigon|[miss]\n|-miss|p2a: Gliscor|p1a: Hydreigon\n|\n|-heal|p1a: Hydreigon|76\/100|[from] item: Leftovers\n|upkeep\n|turn|6\n|\n|t:|1699733091\n|switch|p2a: Ting-Lu|Ting-Lu, tera:Fairy|100\/100\n|-ability|p2a: Ting-Lu|Vessel of Ruin\n|move|p1a: Hydreigon|Nasty Plot|p1a: Hydreigon\n|-boost|p1a: Hydreigon|spa|2\n|\n|-heal|p1a: Hydreigon|82\/100|[from] item: Leftovers\n|upkeep\n|turn|7\n|\n|t:|1699733100\n|move|p1a: Hydreigon|Nasty Plot|p1a: Hydreigon\n|-boost|p1a: Hydreigon|spa|2\n|move|p2a: Ting-Lu|Ruination|p1a: Hydreigon\n|-end|p1a: Hydreigon|Substitute\n|\n|-heal|p1a: Hydreigon|88\/100|[from] item: Leftovers\n|upkeep\n|turn|8\n|\n|t:|1699733115\n|switch|p2a: Samurott|Samurott-Hisui, M|100\/100\n|move|p1a: Hydreigon|Nasty Plot|p1a: Hydreigon\n|-boost|p1a: Hydreigon|spa|2\n|\n|-heal|p1a: Hydreigon|94\/100|[from] item: Leftovers\n|upkeep\n|turn|9\n|\n|t:|1699733124\n|move|p1a: Hydreigon|Earth Power|p2a: Samurott\n|-crit|p2a: Samurott\n|-damage|p2a: Samurott|0 fnt\n|faint|p2a: Samurott\n|\n|-heal|p1a: Hydreigon|99\/100|[from] item: Leftovers\n|upkeep\n|\n|t:|1699733129\n|switch|p2a: Dragapult|Dragapult, M|100\/100\n|turn|10\n|\n|t:|1699733134\n|-terastallize|p1a: Hydreigon|Steel\n|move|p2a: Dragapult|Dragon Pulse|p1a: Hydreigon\n|-resisted|p1a: Hydreigon\n|-damage|p1a: Hydreigon|72\/100\n|-damage|p2a: Dragapult|91\/100|[from] item: Life Orb\n|move|p1a: Hydreigon|Dark Pulse|p2a: Dragapult\n|-supereffective|p2a: Dragapult\n|-damage|p2a: Dragapult|0 fnt\n|faint|p2a: Dragapult\n|\n|-heal|p1a: Hydreigon|79\/100|[from] item: Leftovers\n|upkeep\n|\n|t:|1699733147\n|switch|p2a: Ting-Lu|Ting-Lu, tera:Fairy|100\/100\n|-ability|p2a: Ting-Lu|Vessel of Ruin\n|turn|11\n|\n|t:|1699733153\n|move|p1a: Hydreigon|Earth Power|p2a: Ting-Lu\n|-damage|p2a: Ting-Lu|48\/100\n|move|p2a: Ting-Lu|Earthquake|p1a: Hydreigon\n|-immune|p1a: Hydreigon|[from] ability: Levitate\n|\n|-heal|p1a: Hydreigon|85\/100|[from] item: Leftovers\n|upkeep\n|turn|12\n|\n|t:|1699733162\n|move|p1a: Hydreigon|Earth Power|p2a: Ting-Lu\n|-damage|p2a: Ting-Lu|0 fnt\n|faint|p2a: Ting-Lu\n|\n|-heal|p1a: Hydreigon|91\/100|[from] item: Leftovers\n|upkeep\n|\n|t:|1699733169\n|switch|p2a: Great Tusk|Great Tusk|100\/100\n|turn|13\n|\n|t:|1699733191\n|move|p1a: Hydreigon|Earth Power|p2a: Great Tusk\n|-damage|p2a: Great Tusk|0 fnt\n|faint|p2a: Great Tusk\n|-end|p2a: Great Tusk|Protosynthesis|[silent]\n|\n|-heal|p1a: Hydreigon|97\/100|[from] item: Leftovers\n|upkeep\n|c|\u2606pelukas|gg i guess\n|c|\u2606Morgan23|yeah\n|c|\u2606Morgan23|..........\n|inactive|Morgan23 has 120 seconds left.\n|-message|Morgan23 forfeited.\n|\n|win|pelukas\n|raw|pelukas's rating: 1209 &rarr; <strong>1230<\/strong><br \/>(+21 for winning)\n|raw|Morgan23's rating: 1154 &rarr; <strong>1133<\/strong><br \/>(-21 for losing)\n|l|\u2606Morgan23\n","uploadtime":1699733247,"views":20,"p1id":"pelukas","p2id":"morgan23","formatid":"gen9ou","rating":1133,"private":0,"password":""}