{"id":"gen9ou-1992314957","p1":"Galactaknightx1","p2":"JustMichelangelo","format":"[Gen 9] OU","log":"|j|\u2606Galactaknightx1\n|j|\u2606JustMichelangelo\n|inactive|Battle timer is ON: inactive players will automatically lose when time's up.\n|t:|1700173822\n|gametype|singles\n|player|p1|Galactaknightx1|102|\n|player|p2|JustMichelangelo|steven|\n|teamsize|p1|6\n|teamsize|p2|6\n|gen|9\n|tier|[Gen 9] OU\n|rated|Tournament battle\n|rule|Sleep Clause Mod: Limit one foe put to sleep\n|rule|Species Clause: Limit one of each Pok\u00e9mon\n|rule|OHKO Clause: OHKO moves are banned\n|rule|Evasion Items Clause: Evasion items are banned\n|rule|Evasion Moves Clause: Evasion moves are banned\n|rule|Endless Battle Clause: Forcing endless battles is banned\n|rule|HP Percentage Mod: HP is shown in percentages\n|clearpoke\n|poke|p1|Blissey, F|\n|poke|p1|Mandibuzz, F|\n|poke|p1|Rillaboom, F|\n|poke|p1|Glimmora, F|\n|poke|p1|Heatran, F|\n|poke|p1|Alomomola, F|\n|poke|p2|Heatran, F|\n|poke|p2|Rillaboom, M|\n|poke|p2|Great Tusk|\n|poke|p2|Enamorus, F|\n|poke|p2|Maushold|\n|poke|p2|Kingambit, M|\n|teampreview\n|j|*Lady Monita \u2746\n|\n|t:|1700173846\n|start\n|switch|p1a: Alomomola|Alomomola, F|100\/100\n|switch|p2a: Heatran|Heatran, F|100\/100\n|turn|1\n|\n|t:|1700173855\n|move|p2a: Heatran|Stealth Rock|p1a: Alomomola\n|-sidestart|p1: Galactaknightx1|move: Stealth Rock\n|move|p1a: Alomomola|Flip Turn|p2a: Heatran\n|-supereffective|p2a: Heatran\n|-damage|p2a: Heatran|77\/100\n|\n|t:|1700173862\n|switch|p1a: Heatran|Heatran, F|100\/100|[from] Flip Turn\n|-damage|p1a: Heatran|88\/100|[from] Stealth Rock\n|\n|-heal|p2a: Heatran|83\/100|[from] item: Leftovers\n|-heal|p1a: Heatran|94\/100|[from] item: Leftovers\n|upkeep\n|turn|2\n|\n|t:|1700173870\n|move|p2a: Heatran|Earth Power|p1a: Heatran\n|-supereffective|p1a: Heatran\n|-damage|p1a: Heatran|28\/100\n|move|p1a: Heatran|Earth Power|p2a: Heatran\n|-supereffective|p2a: Heatran\n|-damage|p2a: Heatran|14\/100\n|\n|-heal|p2a: Heatran|21\/100|[from] item: Leftovers\n|-heal|p1a: Heatran|34\/100|[from] item: Leftovers\n|upkeep\n|turn|3\n|j| 123ZZZ456\n|\n|t:|1700173881\n|switch|p1a: Blissey|Blissey, F|100\/100\n|-damage|p1a: Blissey|88\/100|[from] Stealth Rock\n|move|p2a: Heatran|Earth Power|p1a: Blissey\n|-damage|p1a: Blissey|79\/100\n|\n|-heal|p2a: Heatran|27\/100|[from] item: Leftovers\n|-heal|p1a: Blissey|85\/100|[from] item: Leftovers\n|upkeep\n|turn|4\n|\n|t:|1700173892\n|move|p2a: Heatran|Taunt|p1a: Blissey\n|-start|p1a: Blissey|move: Taunt\n|move|p1a: Blissey|Seismic Toss|p2a: Heatran\n|-damage|p2a: Heatran|1\/100\n|\n|-heal|p2a: Heatran|7\/100|[from] item: Leftovers\n|-heal|p1a: Blissey|91\/100|[from] item: Leftovers\n|upkeep\n|turn|5\n|\n|t:|1700173900\n|switch|p2a: Rillaboom|Rillaboom, M|100\/100\n|-fieldstart|move: Grassy Terrain|[from] ability: Grassy Surge|[of] p2a: Rillaboom\n|move|p1a: Blissey|Seismic Toss|p2a: Rillaboom\n|-damage|p2a: Rillaboom|71\/100\n|\n|-heal|p2a: Rillaboom|77\/100|[from] Grassy Terrain\n|-heal|p1a: Blissey|97\/100|[from] Grassy Terrain\n|-heal|p1a: Blissey|100\/100|[from] item: Leftovers\n|upkeep\n|turn|6\n|\n|t:|1700173913\n|switch|p1a: Mandibuzz|Mandibuzz, F|100\/100\n|move|p2a: Rillaboom|Knock Off|p1a: Mandibuzz\n|-resisted|p1a: Mandibuzz\n|-damage|p1a: Mandibuzz|86\/100\n|-enditem|p1a: Mandibuzz|Heavy-Duty Boots|[from] move: Knock Off|[of] p2a: Rillaboom\n|\n|-heal|p2a: Rillaboom|83\/100|[from] Grassy Terrain\n|upkeep\n|turn|7\n|\n|t:|1700173922\n|switch|p2a: Heatran|Heatran, F|7\/100\n|move|p1a: Mandibuzz|Defog|p2a: Heatran\n|-unboost|p2a: Heatran|evasion|1\n|-sideend|p1: Galactaknightx1|Stealth Rock|[from] move: Defog|[of] p1a: Mandibuzz\n|-fieldend|move: Grassy Terrain\n|\n|-heal|p2a: Heatran|13\/100|[from] item: Leftovers\n|upkeep\n|turn|8\n|\n|t:|1700173932\n|move|p2a: Heatran|Stealth Rock|p1a: Mandibuzz\n|-sidestart|p1: Galactaknightx1|move: Stealth Rock\n|move|p1a: Mandibuzz|Foul Play|p2a: Heatran\n|-damage|p2a: Heatran|0 fnt\n|faint|p2a: Heatran\n|\n|upkeep\n|j| mattmandaman\n|\n|t:|1700173946\n|switch|p2a: Enamorus|Enamorus, F|100\/100\n|turn|9\n|j| vicheat\n|l| mattmandaman\n|\n|t:|1700173974\n|-terastallize|p1a: Mandibuzz|Steel\n|move|p2a: Enamorus|Moonblast|p1a: Mandibuzz\n|-resisted|p1a: Mandibuzz\n|-damage|p1a: Mandibuzz|66\/100\n|-unboost|p1a: Mandibuzz|spa|1\n|move|p1a: Mandibuzz|Defog|p2a: Enamorus\n|-boost|p2a: Enamorus|evasion|1\n|-sideend|p1: Galactaknightx1|Stealth Rock|[from] move: Defog|[of] p1a: Mandibuzz\n|\n|upkeep\n|turn|10\n|\n|t:|1700173994\n|switch|p2a: Kingambit|Kingambit, M|100\/100\n|-activate|p2a: Kingambit|ability: Supreme Overlord\n|-start|p2a: Kingambit|fallen1|[silent]\n|move|p1a: Mandibuzz|Roost|p1a: Mandibuzz\n|-heal|p1a: Mandibuzz|100\/100\n|\n|upkeep\n|turn|11\n|\n|t:|1700174000\n|move|p1a: Mandibuzz|Iron Defense|p1a: Mandibuzz\n|-boost|p1a: Mandibuzz|def|2\n|move|p2a: Kingambit|Swords Dance|p2a: Kingambit\n|-boost|p2a: Kingambit|atk|2\n|\n|upkeep\n|turn|12\n|c|\u2606JustMichelangelo|interesting\n|\n|t:|1700174013\n|-end|p2a: Kingambit|fallen1|[silent]\n|switch|p2a: Maushold|Maushold|100\/100\n|move|p1a: Mandibuzz|Foul Play|p2a: Maushold\n|-damage|p2a: Maushold|43\/100\n|\n|upkeep\n|turn|13\n|\n|t:|1700174038\n|switch|p2a: Great Tusk|Great Tusk|100\/100\n|move|p1a: Mandibuzz|Foul Play|p2a: Great Tusk\n|-resisted|p2a: Great Tusk\n|-damage|p2a: Great Tusk|88\/100\n|\n|-heal|p2a: Great Tusk|94\/100|[from] item: Leftovers\n|upkeep\n|turn|14\n|c| 123ZZZ456|iron defence mandibuzz, it's so unusual\n|inactive|Galactaknightx1 has 120 seconds left.\n|c|\u2606Galactaknightx1|need it to not get rolled over\n|c|\u2606Galactaknightx1|by ogerpon and kinga\n|\n|t:|1700174068\n|switch|p1a: Alomomola|Alomomola, F|100\/100\n|move|p2a: Great Tusk|Bulk Up|p2a: Great Tusk\n|-boost|p2a: Great Tusk|atk|1\n|-boost|p2a: Great Tusk|def|1\n|\n|-heal|p2a: Great Tusk|100\/100|[from] item: Leftovers\n|upkeep\n|turn|15\n|c|\u2606JustMichelangelo|tbh i havent played OU since before DLC so fair i guess lmao\n|inactive|JustMichelangelo has 120 seconds left.\n|\n|t:|1700174100\n|-end|p2a: Great Tusk|Protosynthesis|[silent]\n|switch|p2a: Rillaboom|Rillaboom, M|83\/100\n|-fieldstart|move: Grassy Terrain|[from] ability: Grassy Surge|[of] p2a: Rillaboom\n|move|p1a: Alomomola|Scald|p2a: Rillaboom\n|-resisted|p2a: Rillaboom\n|-damage|p2a: Rillaboom|75\/100\n|\n|-heal|p2a: Rillaboom|81\/100|[from] Grassy Terrain\n|upkeep\n|turn|16\n|c|\u2606Galactaknightx1|this is also my first OU team, far from perfect\n|inactive|Galactaknightx1 has 120 seconds left.\n|inactive|JustMichelangelo has 120 seconds left.\n|c|\u2606Galactaknightx1|in gen 9\n|c| 123ZZZ456|i think that the few things that kan ko, mand its cc grat tusk or enamorus cc\n|c| 123ZZZ456|in yr team\n|\n|t:|1700174130\n|switch|p1a: Mandibuzz|Mandibuzz, F, tera:Steel|100\/100\n|move|p2a: Rillaboom|U-turn|p1a: Mandibuzz\n|-resisted|p1a: Mandibuzz\n|-damage|p1a: Mandibuzz|91\/100\n|inactive|JustMichelangelo has 120 seconds left.\n|c|\u2606JustMichelangelo|Enamorus CC?\n|c|\u2606JustMichelangelo|did u mean Superpower\n|j| BoShmoover\n|c| 123ZZZ456|yah xd\n|c| 123ZZZ456|that's mb\n|\n|t:|1700174159\n|switch|p2a: Enamorus|Enamorus, F|100\/100|[from] U-turn\n|\n|-heal|p1a: Mandibuzz|97\/100|[from] Grassy Terrain\n|upkeep\n|turn|17\n|c|\u2606Galactaknightx1|yeah enamorous is a bit of a sore spot for this tem\n|c|\u2606Galactaknightx1|team*\n|c|\u2606Galactaknightx1|as is tran\n|inactive|Galactaknightx1 has 90 seconds left.\n|\n|t:|1700174185\n|switch|p1a: Alomomola|Alomomola, F|100\/100\n|move|p2a: Enamorus|Earth Power|p1a: Alomomola\n|-damage|p1a: Alomomola|59\/100\n|\n|-heal|p1a: Alomomola|65\/100|[from] Grassy Terrain\n|upkeep\n|turn|18\n|inactive|Galactaknightx1 has 90 seconds left.\n|\n|t:|1700174208\n|switch|p1a: Blissey|Blissey, F|100\/100\n|move|p2a: Enamorus|Earth Power|p1a: Blissey\n|-damage|p1a: Blissey|88\/100\n|\n|-heal|p1a: Blissey|94\/100|[from] Grassy Terrain\n|-heal|p1a: Blissey|100\/100|[from] item: Leftovers\n|upkeep\n|turn|19\n|\n|t:|1700174216\n|switch|p2a: Great Tusk|Great Tusk|100\/100\n|move|p1a: Blissey|Stealth Rock|p2a: Great Tusk\n|-sidestart|p2: JustMichelangelo|move: Stealth Rock\n|\n|-fieldend|move: Grassy Terrain\n|upkeep\n|turn|20\n|inactive|Galactaknightx1 has 90 seconds left.\n|\n|t:|1700174229\n|switch|p1a: Alomomola|Alomomola, F|99\/100\n|move|p2a: Great Tusk|Rapid Spin|p1a: Alomomola\n|-damage|p1a: Alomomola|91\/100\n|-boost|p2a: Great Tusk|spe|1\n|-damage|p2a: Great Tusk|84\/100|[from] item: Rocky Helmet|[of] p1a: Alomomola\n|-sideend|p2: JustMichelangelo|Stealth Rock|[from] move: Rapid Spin|[of] p2a: Great Tusk\n|\n|-heal|p2a: Great Tusk|90\/100|[from] item: Leftovers\n|upkeep\n|turn|21\n|inactive|Galactaknightx1 has 90 seconds left.\n|c|\u2606JustMichelangelo|not having heatran is huge ngl\n|inactive|JustMichelangelo has 120 seconds left.\n|\n|t:|1700174246\n|-end|p2a: Great Tusk|Protosynthesis|[silent]\n|switch|p2a: Rillaboom|Rillaboom, M|81\/100\n|-fieldstart|move: Grassy Terrain|[from] ability: Grassy Surge|[of] p2a: Rillaboom\n|move|p1a: Alomomola|Scald|p2a: Rillaboom\n|-resisted|p2a: Rillaboom\n|-damage|p2a: Rillaboom|71\/100\n|\n|-heal|p2a: Rillaboom|78\/100|[from] Grassy Terrain\n|-heal|p1a: Alomomola|98\/100|[from] Grassy Terrain\n|upkeep\n|turn|22\n|inactive|JustMichelangelo has 120 seconds left.\n|inactive|Galactaknightx1 has 90 seconds left.\n|\n|t:|1700174273\n|switch|p1a: Mandibuzz|Mandibuzz, F, tera:Steel|97\/100\n|move|p2a: Rillaboom|Wood Hammer|p1a: Mandibuzz\n|-resisted|p1a: Mandibuzz\n|-damage|p1a: Mandibuzz|63\/100\n|-damage|p2a: Rillaboom|64\/100|[from] Recoil\n|\n|-heal|p2a: Rillaboom|70\/100|[from] Grassy Terrain\n|-heal|p1a: Mandibuzz|69\/100|[from] Grassy Terrain\n|upkeep\n|turn|23\n|inactive|Galactaknightx1 has 90 seconds left.\n|c|\u2606Galactaknightx1|yeah, i was very much willing to give up hp on multiple members to take it out\n|c| 123ZZZ456|last turn was a mindgame\n|\n|t:|1700174297\n|switch|p2a: Maushold|Maushold|43\/100\n|move|p1a: Mandibuzz|Roost|p1a: Mandibuzz\n|-heal|p1a: Mandibuzz|100\/100\n|\n|-heal|p2a: Maushold|50\/100|[from] Grassy Terrain\n|upkeep\n|turn|24\n|\n|t:|1700174303\n|move|p2a: Maushold|Encore|p1a: Mandibuzz\n|-start|p1a: Mandibuzz|Encore\n|move|p1a: Mandibuzz|Roost||[still]\n|-fail|p1a: Mandibuzz|heal\n|\n|-heal|p2a: Maushold|56\/100|[from] Grassy Terrain\n|upkeep\n|turn|25\n|\n|t:|1700174309\n|switch|p1a: Alomomola|Alomomola, F|100\/100\n|move|p2a: Maushold|Tidy Up|p2a: Maushold\n|-boost|p2a: Maushold|atk|1\n|-boost|p2a: Maushold|spe|1\n|\n|-heal|p2a: Maushold|62\/100|[from] Grassy Terrain\n|-fieldend|move: Grassy Terrain\n|upkeep\n|turn|26\n|inactive|Galactaknightx1 has 90 seconds left.\n|inactive|JustMichelangelo has 120 seconds left.\n|\n|t:|1700174333\n|move|p2a: Maushold|Tidy Up|p2a: Maushold\n|-boost|p2a: Maushold|atk|1\n|-boost|p2a: Maushold|spe|1\n|move|p1a: Alomomola|Scald|p2a: Maushold\n|-damage|p2a: Maushold|42\/100\n|-status|p2a: Maushold|brn\n|\n|-damage|p2a: Maushold|36\/100 brn|[from] brn\n|upkeep\n|turn|27\n|c|\u2606JustMichelangelo|sadge\n|c|\u2606JustMichelangelo|i think that's ggs\n|inactive|Galactaknightx1 has 90 seconds left.\n|inactive|JustMichelangelo has 120 seconds left.\n|\n|t:|1700174344\n|move|p2a: Maushold|Population Bomb|p1a: Alomomola\n|-damage|p1a: Alomomola|95\/100\n|-damage|p2a: Maushold|19\/100 brn|[from] item: Rocky Helmet|[of] p1a: Alomomola\n|-damage|p1a: Alomomola|90\/100\n|-damage|p2a: Maushold|3\/100 brn|[from] item: Rocky Helmet|[of] p1a: Alomomola\n|-damage|p1a: Alomomola|84\/100\n|-damage|p2a: Maushold|0 fnt|[from] item: Rocky Helmet|[of] p1a: Alomomola\n|faint|p2a: Maushold\n|-hitcount|p1a: Alomomola|3\n|move|p1a: Alomomola|Wish|p1a: Alomomola\n|\n|upkeep\n|inactive|JustMichelangelo has 120 seconds left.\n|c|\u2606Galactaknightx1|maybe\n|c| 123ZZZ456|bad play\n|inactive|JustMichelangelo has 90 seconds left.\n|c|\u2606JustMichelangelo|alomomola checks all my sweepers so cant really do much\n|\n|t:|1700174389\n|switch|p2a: Enamorus|Enamorus, F|100\/100\n|turn|28\n|c| 123ZZZ456|u could rilla and mind games with u turn and wod hamer\n|inactive|Galactaknightx1 has 90 seconds left.\n|\n|t:|1700174414\n|switch|p2a: Rillaboom|Rillaboom, M|70\/100\n|-fieldstart|move: Grassy Terrain|[from] ability: Grassy Surge|[of] p2a: Rillaboom\n|switch|p1a: Blissey|Blissey, F|100\/100\n|\n|-heal|p2a: Rillaboom|76\/100|[from] Grassy Terrain\n|upkeep\n|turn|29\n|c| 123ZZZ456|idk another way to win that\n|inactive|Galactaknightx1 has 90 seconds left.\n|c|\u2606JustMichelangelo|yeah but i dont think that gets me anywhere\n|c|\u2606JustMichelangelo|i've got one last idea but hmm\n|\n|t:|1700174436\n|switch|p1a: Mandibuzz|Mandibuzz, F, tera:Steel|100\/100\n|move|p2a: Rillaboom|U-turn|p1a: Mandibuzz\n|-resisted|p1a: Mandibuzz\n|-damage|p1a: Mandibuzz|90\/100\n|c|\u2606Galactaknightx1|i mean you did force the early tera\n|\n|t:|1700174446\n|switch|p2a: Great Tusk|Great Tusk|90\/100|[from] U-turn\n|\n|-heal|p2a: Great Tusk|96\/100|[from] Grassy Terrain\n|-heal|p2a: Great Tusk|100\/100|[from] item: Leftovers\n|-heal|p1a: Mandibuzz|96\/100|[from] Grassy Terrain\n|upkeep\n|turn|30\n|c|\u2606Galactaknightx1|given rocks pressure would have otherwise been rough\n|\n|t:|1700174458\n|switch|p1a: Alomomola|Alomomola, F|100\/100\n|move|p2a: Great Tusk|Headlong Rush|p1a: Alomomola\n|-damage|p1a: Alomomola|73\/100\n|-unboost|p2a: Great Tusk|def|1\n|-unboost|p2a: Great Tusk|spd|1\n|-damage|p2a: Great Tusk|84\/100|[from] item: Rocky Helmet|[of] p1a: Alomomola\n|\n|-heal|p2a: Great Tusk|90\/100|[from] Grassy Terrain\n|-heal|p2a: Great Tusk|96\/100|[from] item: Leftovers\n|-heal|p1a: Alomomola|80\/100|[from] Grassy Terrain\n|upkeep\n|turn|31\n|inactive|JustMichelangelo has 60 seconds left.\n|l| 123ZZZ456\n|\n|t:|1700174486\n|-end|p2a: Great Tusk|Protosynthesis|[silent]\n|switch|p2a: Enamorus|Enamorus, F|100\/100\n|move|p1a: Alomomola|Scald|p2a: Enamorus\n|-damage|p2a: Enamorus|80\/100\n|\n|-heal|p1a: Alomomola|86\/100|[from] Grassy Terrain\n|upkeep\n|turn|32\n|l| BoShmoover\n|\n|t:|1700174497\n|switch|p2a: Rillaboom|Rillaboom, M|76\/100\n|move|p1a: Alomomola|Protect||[still]\n|-fail|p1a: Alomomola\n|\n|-heal|p2a: Rillaboom|82\/100|[from] Grassy Terrain\n|-heal|p1a: Alomomola|92\/100|[from] Grassy Terrain\n|-fieldend|move: Grassy Terrain\n|upkeep\n|turn|33\n|j| BoShmoover\n|\n|t:|1700174511\n|switch|p1a: Mandibuzz|Mandibuzz, F, tera:Steel|96\/100\n|move|p2a: Rillaboom|Wood Hammer|p1a: Mandibuzz\n|-resisted|p1a: Mandibuzz\n|-damage|p1a: Mandibuzz|67\/100\n|-damage|p2a: Rillaboom|70\/100|[from] Recoil\n|\n|upkeep\n|turn|34\n|\n|t:|1700174531\n|move|p2a: Rillaboom|Wood Hammer|p1a: Mandibuzz\n|-resisted|p1a: Mandibuzz\n|-damage|p1a: Mandibuzz|37\/100\n|-damage|p2a: Rillaboom|58\/100|[from] Recoil\n|move|p1a: Mandibuzz|Roost|p1a: Mandibuzz\n|-heal|p1a: Mandibuzz|87\/100\n|\n|upkeep\n|turn|35\n|inactive|Galactaknightx1 has 120 seconds left.\n|\n|t:|1700174538\n|move|p2a: Rillaboom|Wood Hammer|p1a: Mandibuzz\n|-resisted|p1a: Mandibuzz\n|-damage|p1a: Mandibuzz|59\/100\n|-damage|p2a: Rillaboom|46\/100|[from] Recoil\n|move|p1a: Mandibuzz|Foul Play|p2a: Rillaboom\n|-damage|p2a: Rillaboom|0 fnt\n|faint|p2a: Rillaboom\n|\n|upkeep\n|\n|t:|1700174551\n|switch|p2a: Great Tusk|Great Tusk|96\/100\n|turn|36\n|\n|t:|1700174562\n|switch|p1a: Alomomola|Alomomola, F|100\/100\n|move|p2a: Great Tusk|Bulk Up|p2a: Great Tusk\n|-boost|p2a: Great Tusk|atk|1\n|-boost|p2a: Great Tusk|def|1\n|\n|-heal|p2a: Great Tusk|100\/100|[from] item: Leftovers\n|upkeep\n|turn|37\n|\n|t:|1700174574\n|move|p2a: Great Tusk|Headlong Rush|p1a: Alomomola\n|-damage|p1a: Alomomola|59\/100\n|-unboost|p2a: Great Tusk|def|1\n|-unboost|p2a: Great Tusk|spd|1\n|-damage|p2a: Great Tusk|84\/100|[from] item: Rocky Helmet|[of] p1a: Alomomola\n|move|p1a: Alomomola|Scald|p2a: Great Tusk\n|-supereffective|p2a: Great Tusk\n|-damage|p2a: Great Tusk|30\/100\n|-status|p2a: Great Tusk|brn\n|\n|-heal|p2a: Great Tusk|36\/100 brn|[from] item: Leftovers\n|-damage|p2a: Great Tusk|30\/100 brn|[from] brn\n|upkeep\n|turn|38\n|c|\u2606JustMichelangelo|frick\n|c|\u2606JustMichelangelo|yeah okay that's ggs\n|\n|t:|1700174587\n|-end|p2a: Great Tusk|Protosynthesis|[silent]\n|switch|p2a: Enamorus|Enamorus, F|80\/100\n|move|p1a: Alomomola|Wish|p1a: Alomomola\n|\n|upkeep\n|turn|39\n|\n|t:|1700174598\n|switch|p1a: Heatran|Heatran, F|34\/100\n|move|p2a: Enamorus|Healing Wish|p2a: Enamorus\n|faint|p2a: Enamorus\n|\n|-heal|p1a: Heatran|100\/100|[from] move: Wish|[wisher] Alomomola\n|upkeep\n|\n|t:|1700174606\n|switch|p2a: Great Tusk|Great Tusk|30\/100 brn\n|-heal|p2a: Great Tusk|100\/100|[from] move: Healing Wish\n|turn|40\n|inactive|JustMichelangelo has 60 seconds left.\n|\n|t:|1700174612\n|switch|p1a: Alomomola|Alomomola, F|92\/100\n|move|p2a: Great Tusk|Bulk Up|p2a: Great Tusk\n|-boost|p2a: Great Tusk|atk|1\n|-boost|p2a: Great Tusk|def|1\n|\n|upkeep\n|turn|41\n|\n|t:|1700174620\n|move|p2a: Great Tusk|Headlong Rush|p1a: Alomomola\n|-damage|p1a: Alomomola|50\/100\n|-unboost|p2a: Great Tusk|def|1\n|-unboost|p2a: Great Tusk|spd|1\n|-damage|p2a: Great Tusk|84\/100|[from] item: Rocky Helmet|[of] p1a: Alomomola\n|move|p1a: Alomomola|Scald|p2a: Great Tusk\n|-supereffective|p2a: Great Tusk\n|-damage|p2a: Great Tusk|26\/100\n|\n|-heal|p2a: Great Tusk|32\/100|[from] item: Leftovers\n|upkeep\n|turn|42\n|\n|t:|1700174630\n|move|p2a: Great Tusk|Headlong Rush|p1a: Alomomola\n|-damage|p1a: Alomomola|10\/100\n|-unboost|p2a: Great Tusk|def|1\n|-unboost|p2a: Great Tusk|spd|1\n|-damage|p2a: Great Tusk|15\/100|[from] item: Rocky Helmet|[of] p1a: Alomomola\n|move|p1a: Alomomola|Wish|p1a: Alomomola\n|\n|-heal|p2a: Great Tusk|22\/100|[from] item: Leftovers\n|upkeep\n|turn|43\n|\n|t:|1700174652\n|move|p2a: Great Tusk|Bulk Up|p2a: Great Tusk\n|-boost|p2a: Great Tusk|atk|1\n|-boost|p2a: Great Tusk|def|1\n|move|p1a: Alomomola|Scald|p2a: Great Tusk\n|-supereffective|p2a: Great Tusk\n|-damage|p2a: Great Tusk|0 fnt\n|faint|p2a: Great Tusk\n|-end|p2a: Great Tusk|Protosynthesis|[silent]\n|\n|-heal|p1a: Alomomola|60\/100|[from] move: Wish|[wisher] Alomomola\n|upkeep\n|\n|t:|1700174659\n|switch|p2a: Kingambit|Kingambit, M|100\/100\n|-activate|p2a: Kingambit|ability: Supreme Overlord\n|-start|p2a: Kingambit|fallen5|[silent]\n|turn|44\n|\n|t:|1700174665\n|move|p1a: Alomomola|Scald|p2a: Kingambit\n|-damage|p2a: Kingambit|86\/100\n|move|p2a: Kingambit|Swords Dance|p2a: Kingambit\n|-boost|p2a: Kingambit|atk|2\n|\n|-heal|p2a: Kingambit|92\/100|[from] item: Leftovers\n|upkeep\n|turn|45\n|\n|t:|1700174678\n|move|p2a: Kingambit|Sucker Punch|p1a: Alomomola\n|-damage|p1a: Alomomola|0 fnt\n|-damage|p2a: Kingambit|76\/100|[from] item: Rocky Helmet|[of] p1a: Alomomola\n|faint|p1a: Alomomola\n|\n|-heal|p2a: Kingambit|82\/100|[from] item: Leftovers\n|upkeep\n|c|\u2606JustMichelangelo|Kingambit ur on ur own bud\n|\n|t:|1700174697\n|switch|p1a: Heatran|Heatran, F|100\/100\n|turn|46\n|inactive|JustMichelangelo has 90 seconds left.\n|c|\u2606Galactaknightx1|not a bad mon to end on\n|c| BoShmoover|Kingambit mind games\n|c| BoShmoover|Everyone's favorite way to play\n|inactive|JustMichelangelo has 60 seconds left.\n|c|\u2606Galactaknightx1|why they gave bisharp of all things an evolution\n|\n|t:|1700174739\n|-terastallize|p2a: Kingambit|Flying\n|move|p2a: Kingambit|Sucker Punch|p1a: Heatran\n|-damage|p1a: Heatran|0 fnt\n|faint|p1a: Heatran\n|\n|-heal|p2a: Kingambit|88\/100|[from] item: Leftovers\n|upkeep\n|c|\u2606Galactaknightx1|when it was OU for several generations\n|c|\u2606Galactaknightx1|is beyond me\n|\n|t:|1700174746\n|switch|p1a: Glimmora|Glimmora, F|100\/100\n|turn|47\n|\n|t:|1700174753\n|move|p2a: Kingambit|Sucker Punch|p1a: Glimmora\n|-enditem|p1a: Glimmora|Focus Sash\n|-damage|p1a: Glimmora|1\/100\n|-activate|p1a: Glimmora|ability: Toxic Debris\n|-sidestart|p2: JustMichelangelo|move: Toxic Spikes\n|move|p1a: Glimmora|Power Gem|p2a: Kingambit\n|-supereffective|p2a: Kingambit\n|-damage|p2a: Kingambit|2\/100\n|\n|-heal|p2a: Kingambit|8\/100|[from] item: Leftovers\n|upkeep\n|turn|48\n|c|\u2606Galactaknightx1|thanks for the tera\n|c|\u2606JustMichelangelo|yeah sadge\n|inactive|JustMichelangelo has 60 seconds left.\n|c|\u2606JustMichelangelo|i didnt wanna tera but it was a roll to kill so was hoping it was scarf glimmora\n|\n|t:|1700174785\n|move|p2a: Kingambit|Sucker Punch|p1a: Glimmora\n|-damage|p1a: Glimmora|0 fnt\n|-activate|p1a: Glimmora|ability: Toxic Debris\n|-sidestart|p2: JustMichelangelo|move: Toxic Spikes\n|faint|p1a: Glimmora\n|\n|-heal|p2a: Kingambit|15\/100|[from] item: Leftovers\n|upkeep\n|c|\u2606Galactaknightx1|yeah the madibuzz tera\n|c|\u2606Galactaknightx1|was to clear for sash to stay up\n|\n|t:|1700174796\n|switch|p1a: Rillaboom|Rillaboom, F|100\/100\n|-fieldstart|move: Grassy Terrain|[from] ability: Grassy Surge|[of] p1a: Rillaboom\n|turn|49\n|c|\u2606Galactaknightx1|ggs\n|c|\u2606JustMichelangelo|ggs\n|\n|t:|1700174805\n|move|p1a: Rillaboom|Grassy Glide|p2a: Kingambit\n|-resisted|p2a: Kingambit\n|-damage|p2a: Kingambit|0 fnt\n|faint|p2a: Kingambit\n|-end|p2a: Kingambit|fallen5|[silent]\n|\n|win|Galactaknightx1\n|n|\u2606Galactaknightx1|galactaknightx1\n|n|\u2606JustMichelangelo|justmichelangelo\n|n|*Lady Monita \u2746|ladymonita\n|n| vicheat|vicheat\n|n| BoShmoover|boshmoover\n|l|*Lady Monita \u2746\n|l|\u2606JustMichelangelo\n|l|\u2606Galactaknightx1\n|l| BoShmoover\n|l| vicheat\n","uploadtime":1700175020,"views":7,"p1id":"galactaknightx1","p2id":"justmichelangelo","formatid":"gen9ou","rating":0,"private":0,"password":""}