{"id":"gen9ou-1993475088","p1":"andres9gg6","p2":"MarburgCOVEbola","format":"[Gen 9] OU","log":"|j|\u2606andres9gg6\n|j|\u2606MarburgCOVEbola\n|t:|1700322373\n|gametype|singles\n|player|p1|andres9gg6|harlequin|1274\n|player|p2|MarburgCOVEbola|biker-gen4|1296\n|teamsize|p1|6\n|teamsize|p2|6\n|gen|9\n|tier|[Gen 9] OU\n|rated|\n|rule|Sleep Clause Mod: Limit one foe put to sleep\n|rule|Species Clause: Limit one of each Pok\u00e9mon\n|rule|OHKO Clause: OHKO moves are banned\n|rule|Evasion Items Clause: Evasion items are banned\n|rule|Evasion Moves Clause: Evasion moves are banned\n|rule|Endless Battle Clause: Forcing endless battles is banned\n|rule|HP Percentage Mod: HP is shown in percentages\n|clearpoke\n|poke|p1|Cinderace, F|\n|poke|p1|Zapdos|\n|poke|p1|Ogerpon-Wellspring, F|\n|poke|p1|Rillaboom, F|\n|poke|p1|Sneasler, F|\n|poke|p1|Slowking-Galar, M|\n|poke|p2|Typhlosion-Hisui, M|\n|poke|p2|Ting-Lu|\n|poke|p2|Torkoal, M|\n|poke|p2|Meowscarada, F|\n|poke|p2|Hatterene, F|\n|poke|p2|Walking Wake|\n|teampreview\n|\n|t:|1700322379\n|start\n|switch|p1a: Rillaboom|Rillaboom, F|100\/100\n|switch|p2a: Torkoal|Torkoal, M|100\/100\n|-fieldstart|move: Grassy Terrain|[from] ability: Grassy Surge|[of] p1a: Rillaboom\n|-weather|SunnyDay|[from] ability: Drought|[of] p2a: Torkoal\n|turn|1\n|\n|t:|1700322392\n|switch|p2a: Hatterene|Hatterene, F|100\/100\n|move|p1a: Rillaboom|Earthquake|p2a: Hatterene\n|-damage|p2a: Hatterene|78\/100\n|-enditem|p2a: Hatterene|Eject Button\n|\n|t:|1700322398\n|switch|p2a: Typhlosion|Typhlosion-Hisui, M|100\/100\n|\n|-weather|SunnyDay|[upkeep]\n|upkeep\n|turn|2\n|inactive|Battle timer is ON: inactive players will automatically lose when time's up. (requested by MarburgCOVEbola)\n|\n|t:|1700322406\n|-terastallize|p2a: Typhlosion|Fire\n|move|p1a: Rillaboom|Earthquake|p2a: Typhlosion\n|-supereffective|p2a: Typhlosion\n|-damage|p2a: Typhlosion|42\/100\n|move|p2a: Typhlosion|Eruption|p1a: Rillaboom\n|-supereffective|p1a: Rillaboom\n|-damage|p1a: Rillaboom|0 fnt\n|faint|p1a: Rillaboom\n|\n|-weather|SunnyDay|[upkeep]\n|-heal|p2a: Typhlosion|48\/100|[from] Grassy Terrain\n|upkeep\n|\n|t:|1700322414\n|switch|p1a: Sneasler|Sneasler, F|100\/100\n|-enditem|p1a: Sneasler|Grassy Seed\n|-boost|p1a: Sneasler|def|1|[from] item: Grassy Seed\n|turn|3\n|\n|t:|1700322439\n|move|p1a: Sneasler|Dire Claw|p2a: Typhlosion\n|-damage|p2a: Typhlosion|0 fnt\n|faint|p2a: Typhlosion\n|\n|-weather|SunnyDay|[upkeep]\n|upkeep\n|\n|t:|1700322444\n|switch|p2a: Torkoal|Torkoal, M|100\/100\n|turn|4\n|\n|t:|1700322453\n|move|p1a: Sneasler|Swords Dance|p1a: Sneasler\n|-boost|p1a: Sneasler|atk|2\n|move|p2a: Torkoal|Yawn|p1a: Sneasler\n|-start|p1a: Sneasler|move: Yawn|[of] p2a: Torkoal\n|\n|-weather|SunnyDay|[upkeep]\n|upkeep\n|turn|5\n|\n|t:|1700322462\n|move|p1a: Sneasler|Dire Claw|p2a: Torkoal\n|-damage|p2a: Torkoal|49\/100\n|move|p2a: Torkoal|Stealth Rock|p1a: Sneasler\n|-sidestart|p1: andres9gg6|move: Stealth Rock\n|\n|-weather|SunnyDay|[upkeep]\n|-heal|p2a: Torkoal|55\/100|[from] Grassy Terrain\n|-end|p1a: Sneasler|move: Yawn|[silent]\n|-status|p1a: Sneasler|slp\n|-fieldend|move: Grassy Terrain\n|upkeep\n|turn|6\n|\n|t:|1700322476\n|cant|p1a: Sneasler|slp\n|move|p2a: Torkoal|Lava Plume|p1a: Sneasler\n|-damage|p1a: Sneasler|66\/100 slp\n|\n|-weather|SunnyDay|[upkeep]\n|upkeep\n|turn|7\n|\n|t:|1700322483\n|cant|p1a: Sneasler|slp\n|move|p2a: Torkoal|Lava Plume|p1a: Sneasler\n|-damage|p1a: Sneasler|32\/100 slp\n|\n|-weather|SunnyDay|[upkeep]\n|upkeep\n|turn|8\n|\n|t:|1700322488\n|-curestatus|p1a: Sneasler|slp|[msg]\n|move|p1a: Sneasler|Swords Dance|p1a: Sneasler\n|-boost|p1a: Sneasler|atk|2\n|move|p2a: Torkoal|Lava Plume|p1a: Sneasler\n|-damage|p1a: Sneasler|0 fnt\n|faint|p1a: Sneasler\n|\n|-weather|none\n|upkeep\n|\n|t:|1700322496\n|switch|p1a: Cinderace|Cinderace, F|100\/100\n|turn|9\n|\n|t:|1700322500\n|move|p1a: Cinderace|Court Change|p1a: Cinderace\n|-start|p1a: Cinderace|typechange|Normal|[from] ability: Libero\n|-swapsideconditions\n|-activate|p1a: Cinderace|move: Court Change\n|move|p2a: Torkoal|Yawn|p1a: Cinderace\n|-start|p1a: Cinderace|move: Yawn|[of] p2a: Torkoal\n|\n|upkeep\n|turn|10\n|\n|t:|1700322513\n|switch|p1a: Ogerpon|Ogerpon-Wellspring, F|100\/100\n|move|p2a: Torkoal|Rapid Spin|p1a: Ogerpon\n|-damage|p1a: Ogerpon|88\/100\n|-boost|p2a: Torkoal|spe|1\n|-sideend|p2: MarburgCOVEbola|Stealth Rock|[from] move: Rapid Spin|[of] p2a: Torkoal\n|\n|upkeep\n|turn|11\n|\n|t:|1700322538\n|switch|p2a: Hatterene|Hatterene, F|78\/100\n|-terastallize|p1a: Ogerpon|Water\n|detailschange|p1a: Ogerpon|Ogerpon-Wellspring-Tera, F, tera:Water\n|-ability|p1a: Ogerpon|Embody Aspect (Wellspring)|boost\n|-boost|p1a: Ogerpon|spd|1\n|move|p1a: Ogerpon|Play Rough|p2a: Hatterene\n|-damage|p2a: Hatterene|41\/100\n|\n|upkeep\n|turn|12\n|\n|t:|1700322548\n|move|p1a: Ogerpon|Ivy Cudgel|p2a: Hatterene|[anim] Ivy Cudgel Water\n|-damage|p2a: Hatterene|0 fnt\n|faint|p2a: Hatterene\n|\n|upkeep\n|\n|t:|1700322552\n|switch|p2a: Torkoal|Torkoal, M|55\/100\n|-weather|SunnyDay|[from] ability: Drought|[of] p2a: Torkoal\n|turn|13\n|\n|t:|1700322561\n|move|p1a: Ogerpon|Ivy Cudgel|p2a: Torkoal|[anim] Ivy Cudgel Water\n|-supereffective|p2a: Torkoal\n|-damage|p2a: Torkoal|12\/100\n|move|p2a: Torkoal|Lava Plume|p1a: Ogerpon\n|-resisted|p1a: Ogerpon\n|-damage|p1a: Ogerpon|78\/100\n|\n|-weather|SunnyDay|[upkeep]\n|upkeep\n|turn|14\n|\n|t:|1700322570\n|move|p1a: Ogerpon|Ivy Cudgel|p2a: Torkoal|[anim] Ivy Cudgel Water\n|-supereffective|p2a: Torkoal\n|-damage|p2a: Torkoal|0 fnt\n|faint|p2a: Torkoal\n|\n|-weather|SunnyDay|[upkeep]\n|upkeep\n|\n|t:|1700322576\n|switch|p2a: Walking Wake|Walking Wake|100\/100\n|-activate|p2a: Walking Wake|ability: Protosynthesis\n|-start|p2a: Walking Wake|protosynthesisspa\n|turn|15\n|\n|t:|1700322581\n|move|p2a: Walking Wake|Draco Meteor|p1a: Ogerpon\n|-damage|p1a: Ogerpon|28\/100\n|-unboost|p2a: Walking Wake|spa|2\n|move|p1a: Ogerpon|Play Rough|p2a: Walking Wake\n|-supereffective|p2a: Walking Wake\n|-damage|p2a: Walking Wake|20\/100\n|\n|-weather|SunnyDay|[upkeep]\n|upkeep\n|turn|16\n|\n|t:|1700322590\n|move|p2a: Walking Wake|Draco Meteor|p1a: Ogerpon\n|-damage|p1a: Ogerpon|5\/100\n|-unboost|p2a: Walking Wake|spa|2\n|move|p1a: Ogerpon|Play Rough|p2a: Walking Wake\n|-supereffective|p2a: Walking Wake\n|-damage|p2a: Walking Wake|0 fnt\n|faint|p2a: Walking Wake\n|-end|p2a: Walking Wake|Protosynthesis|[silent]\n|\n|-weather|SunnyDay|[upkeep]\n|upkeep\n|-message|MarburgCOVEbola forfeited.\n|\n|win|andres9gg6\n|raw|andres9gg6's rating: 1274 &rarr; <strong>1301<\/strong><br \/>(+27 for winning)\n|raw|MarburgCOVEbola's rating: 1296 &rarr; <strong>1269<\/strong><br \/>(-27 for losing)\n|l|\u2606MarburgCOVEbola\n","uploadtime":1700322603,"views":8,"p1id":"andres9gg6","p2id":"marburgcovebola","formatid":"gen9ou","rating":1269,"private":0,"password":""}