{"id":"gen9ou-1996326805","p1":"Andrews Finn3","p2":"Robott3","format":"[Gen 9] OU","log":"|j|\u2606Andrews Finn3\n|j|\u2606Robott3\n|t:|1700671454\n|gametype|singles\n|player|p1|Andrews Finn3|steven|1187\n|player|p2|Robott3|bugcatcher-gen4dp|1090\n|teamsize|p1|6\n|teamsize|p2|6\n|gen|9\n|tier|[Gen 9] OU\n|rated|\n|rule|Sleep Clause Mod: Limit one foe put to sleep\n|rule|Species Clause: Limit one of each Pok\u00e9mon\n|rule|OHKO Clause: OHKO moves are banned\n|rule|Evasion Items Clause: Evasion items are banned\n|rule|Evasion Moves Clause: Evasion moves are banned\n|rule|Endless Battle Clause: Forcing endless battles is banned\n|rule|HP Percentage Mod: HP is shown in percentages\n|clearpoke\n|poke|p1|Alomomola, F|\n|poke|p1|Slowking-Galar, F|\n|poke|p1|Kingambit, F|\n|poke|p1|Great Tusk|\n|poke|p1|Cinderace, F|\n|poke|p1|Thundurus-Therian, M|\n|poke|p2|Pelipper, M|\n|poke|p2|Amoonguss, F|\n|poke|p2|Kingambit, F|\n|poke|p2|Basculegion, M|\n|poke|p2|Iron Treads|\n|poke|p2|Manaphy|\n|teampreview\n|\n|t:|1700671462\n|start\n|switch|p1a: Thundurus|Thundurus-Therian, M|100\/100\n|switch|p2a: Iron Treads|Iron Treads|100\/100\n|turn|1\n|\n|t:|1700671468\n|switch|p1a: Great Tusk|Great Tusk|100\/100\n|move|p2a: Iron Treads|Knock Off|p1a: Great Tusk\n|-resisted|p1a: Great Tusk\n|-damage|p1a: Great Tusk|92\/100\n|-damage|p2a: Iron Treads|84\/100|[from] item: Rocky Helmet|[of] p1a: Great Tusk\n|-enditem|p1a: Great Tusk|Rocky Helmet|[from] move: Knock Off|[of] p2a: Iron Treads\n|\n|-heal|p2a: Iron Treads|90\/100|[from] item: Leftovers\n|upkeep\n|turn|2\n|\n|t:|1700671481\n|-end|p2a: Iron Treads|Quark Drive|[silent]\n|switch|p2a: Basculegion|Basculegion, M|100\/100\n|move|p1a: Great Tusk|Stealth Rock|p2a: Basculegion\n|-sidestart|p2: Robott3|move: Stealth Rock\n|\n|upkeep\n|turn|3\n|\n|t:|1700671491\n|-end|p1a: Great Tusk|Protosynthesis|[silent]\n|switch|p1a: Alomomola|Alomomola, F|100\/100\n|move|p2a: Basculegion|Wave Crash|p1a: Alomomola\n|-resisted|p1a: Alomomola\n|-damage|p1a: Alomomola|74\/100\n|-damage|p2a: Basculegion|90\/100|[from] Recoil\n|-enditem|p1a: Alomomola|Red Card|[of] p2a: Basculegion\n|drag|p2a: Fred|Kingambit, F|100\/100\n|-damage|p2a: Fred|94\/100|[from] Stealth Rock\n|\n|-heal|p2a: Fred|100\/100|[from] item: Leftovers\n|upkeep\n|turn|4\n|\n|t:|1700671519\n|-end|p2a: Fred|fallenundefined|[silent]\n|switch|p2a: Iron Treads|Iron Treads|90\/100\n|-damage|p2a: Iron Treads|87\/100|[from] Stealth Rock\n|move|p1a: Alomomola|Wish|p1a: Alomomola\n|\n|-heal|p2a: Iron Treads|93\/100|[from] item: Leftovers\n|upkeep\n|turn|5\n|\n|t:|1700671529\n|move|p2a: Iron Treads|Rapid Spin|p1a: Alomomola\n|-damage|p1a: Alomomola|67\/100\n|-boost|p2a: Iron Treads|spe|1\n|-sideend|p2: Robott3|Stealth Rock|[from] move: Rapid Spin|[of] p2a: Iron Treads\n|move|p1a: Alomomola|Flip Turn|p2a: Iron Treads\n|-supereffective|p2a: Iron Treads\n|-damage|p2a: Iron Treads|67\/100\n|\n|t:|1700671538\n|switch|p1a: Great Tusk|Great Tusk|92\/100|[from] Flip Turn\n|\n|-heal|p1a: Great Tusk|100\/100|[from] move: Wish|[wisher] Alomomola\n|-heal|p2a: Iron Treads|73\/100|[from] item: Leftovers\n|upkeep\n|turn|6\n|\n|t:|1700671546\n|move|p2a: Iron Treads|Stealth Rock|p1a: Great Tusk\n|-sidestart|p1: Andrews Finn3|move: Stealth Rock\n|move|p1a: Great Tusk|Stealth Rock|p2a: Iron Treads\n|-sidestart|p2: Robott3|move: Stealth Rock\n|\n|-heal|p2a: Iron Treads|79\/100|[from] item: Leftovers\n|upkeep\n|turn|7\n|\n|t:|1700671553\n|move|p2a: Iron Treads|Rapid Spin|p1a: Great Tusk\n|-damage|p1a: Great Tusk|91\/100\n|-boost|p2a: Iron Treads|spe|1\n|-sideend|p2: Robott3|Stealth Rock|[from] move: Rapid Spin|[of] p2a: Iron Treads\n|move|p1a: Great Tusk|Headlong Rush|p2a: Iron Treads\n|-supereffective|p2a: Iron Treads\n|-damage|p2a: Iron Treads|0 fnt\n|-unboost|p1a: Great Tusk|def|1\n|-unboost|p1a: Great Tusk|spd|1\n|faint|p2a: Iron Treads\n|-end|p2a: Iron Treads|Quark Drive|[silent]\n|\n|upkeep\n|\n|t:|1700671567\n|switch|p2a: Manaphy|Manaphy|100\/100\n|turn|8\n|\n|t:|1700671576\n|-end|p1a: Great Tusk|Protosynthesis|[silent]\n|switch|p1a: Thundurus|Thundurus-Therian, M|100\/100\n|-damage|p1a: Thundurus|76\/100|[from] Stealth Rock\n|move|p2a: Manaphy|Surf|p1a: Thundurus\n|-damage|p1a: Thundurus|20\/100\n|\n|upkeep\n|turn|9\n|\n|t:|1700671598\n|switch|p2a: Impostor|Amoonguss, F|100\/100\n|move|p1a: Thundurus|Volt Switch|p2a: Impostor\n|-resisted|p2a: Impostor\n|-damage|p2a: Impostor|75\/100\n|-enditem|p2a: Impostor|Eject Button\n|inactive|Battle timer is ON: inactive players will automatically lose when time's up. (requested by Andrews Finn3)\n|c|\u2606Andrews Finn3|bro eject button...\n|\n|t:|1700671650\n|switch|p2a: Jeremie|Pelipper, M|100\/100\n|-weather|RainDance|[from] ability: Drizzle|[of] p2a: Jeremie\n|\n|-weather|RainDance|[upkeep]\n|upkeep\n|turn|10\n|c|\u2606Andrews Finn3|you have to switch\n|c|\u2606Andrews Finn3|oh okay\n|\n|t:|1700671679\n|switch|p2a: Impostor|Amoonguss, F|100\/100\n|move|p1a: Thundurus|Volt Switch|p2a: Impostor\n|-resisted|p2a: Impostor\n|-damage|p2a: Impostor|77\/100\n|\n|t:|1700671689\n|switch|p1a: Cinderace|Cinderace, F|100\/100|[from] Volt Switch\n|\n|-weather|RainDance|[upkeep]\n|upkeep\n|turn|11\n|\n|t:|1700671702\n|move|p1a: Cinderace|Court Change|p1a: Cinderace\n|-start|p1a: Cinderace|typechange|Normal|[from] ability: Libero\n|-swapsideconditions\n|-activate|p1a: Cinderace|move: Court Change\n|move|p2a: Impostor|Spore|p1a: Cinderace\n|-status|p1a: Cinderace|slp|[from] move: Spore\n|\n|-weather|RainDance|[upkeep]\n|upkeep\n|turn|12\n|\n|t:|1700671714\n|switch|p1a: Slowking|Slowking-Galar, F|100\/100\n|move|p2a: Impostor|Foul Play|p1a: Slowking\n|-supereffective|p1a: Slowking\n|-damage|p1a: Slowking|74\/100\n|\n|-weather|RainDance|[upkeep]\n|upkeep\n|turn|13\n|\n|t:|1700671728\n|switch|p2a: Manaphy|Manaphy|100\/100\n|-damage|p2a: Manaphy|88\/100|[from] Stealth Rock\n|move|p1a: Slowking|Future Sight|p2a: Manaphy\n|-start|p1a: Slowking|move: Future Sight\n|\n|-weather|RainDance|[upkeep]\n|-heal|p2a: Manaphy|94\/100|[from] item: Leftovers\n|upkeep\n|turn|14\n|\n|t:|1700671736\n|move|p2a: Manaphy|Tail Glow|p2a: Manaphy\n|-boost|p2a: Manaphy|spa|3\n|move|p1a: Slowking|Chilly Reception|p1a: Slowking\n|-weather|Snow\n|\n|t:|1700671741\n|switch|p1a: Thundurus|Thundurus-Therian, M|20\/100|[from] Chilly Reception\n|\n|-weather|Snow|[upkeep]\n|-heal|p2a: Manaphy|100\/100|[from] item: Leftovers\n|upkeep\n|turn|15\n|\n|t:|1700671766\n|-terastallize|p2a: Manaphy|Fairy\n|move|p1a: Thundurus|Volt Switch|p2a: Manaphy\n|-damage|p2a: Manaphy|45\/100\n|\n|t:|1700671772\n|switch|p1a: Slowking|Slowking-Galar, F|100\/100|[from] Volt Switch\n|move|p2a: Manaphy|Surf|p1a: Slowking\n|-damage|p1a: Slowking|38\/100\n|\n|-weather|Snow|[upkeep]\n|-end|p2a: Manaphy|move: Future Sight\n|-damage|p2a: Manaphy|0 fnt\n|faint|p2a: Manaphy\n|upkeep\n|\n|t:|1700671789\n|switch|p2a: Jeremie|Pelipper, M|100\/100\n|-damage|p2a: Jeremie|76\/100|[from] Stealth Rock\n|-weather|RainDance|[from] ability: Drizzle|[of] p2a: Jeremie\n|turn|16\n|\n|t:|1700671797\n|move|p2a: Jeremie|Surf|p1a: Slowking\n|-damage|p1a: Slowking|11\/100\n|move|p1a: Slowking|Chilly Reception|p1a: Slowking\n|-weather|Snow\n|\n|t:|1700671803\n|switch|p1a: Thundurus|Thundurus-Therian, M|20\/100|[from] Chilly Reception\n|\n|-weather|Snow|[upkeep]\n|upkeep\n|turn|17\n|inactive|Robott3 has 120 seconds left.\n|\n|t:|1700671829\n|move|p1a: Thundurus|Volt Switch|p2a: Jeremie\n|-supereffective|p2a: Jeremie\n|-damage|p2a: Jeremie|0 fnt\n|faint|p2a: Jeremie\n|l|\u2606Robott3\n|inactive|Robott3 disconnected and has a minute to reconnect!\n|player|p2|\n|\n|t:|1700671844\n|switch|p1a: Slowking|Slowking-Galar, F|44\/100|[from] Volt Switch\n|\n|-weather|Snow|[upkeep]\n|upkeep\n|inactive|Robott3 has 30 seconds to reconnect!\n|inactive|Robott3 has 20 seconds to reconnect!\n|inactive|Robott3 has 15 seconds to reconnect!\n|inactive|Robott3 has 10 seconds to reconnect!\n|inactive|Robott3 has 5 seconds to reconnect!\n|-message|Robott3 lost due to inactivity.\n|\n|win|Andrews Finn3\n|raw|Andrews Finn3's rating: 1187 &rarr; <strong>1205<\/strong><br \/>(+18 for winning)\n|raw|Robott3's rating: 1090 &rarr; <strong>1073<\/strong><br \/>(-17 for losing)\n","uploadtime":1700671913,"views":0,"p1id":"andrewsfinn3","p2id":"robott3","formatid":"gen9ou","rating":1073,"private":0,"password":""}