{"id":"gen9ou-1996560227","p1":"daniel.verdon","p2":"Monkedog","format":"[Gen 9] OU","log":"|j|\u2606daniel.verdon\n|j|\u2606Monkedog\n|inactive|Battle timer is ON: inactive players will automatically lose when time's up.\n|t:|1700694361\n|gametype|singles\n|player|p1|daniel.verdon|pokekid|\n|player|p2|Monkedog|teamrocket|\n|teamsize|p1|4\n|teamsize|p2|4\n|gen|9\n|tier|[Gen 9] OU\n|rated|Tournament battle\n|rule|Sleep Clause Mod: Limit one foe put to sleep\n|rule|Species Clause: Limit one of each Pok\u00e9mon\n|rule|OHKO Clause: OHKO moves are banned\n|rule|Evasion Items Clause: Evasion items are banned\n|rule|Evasion Moves Clause: Evasion moves are banned\n|rule|Endless Battle Clause: Forcing endless battles is banned\n|rule|HP Percentage Mod: HP is shown in percentages\n|clearpoke\n|poke|p1|Diglett-Alola, M|\n|poke|p1|Greedent, F|\n|poke|p1|Quaxwell, M|\n|poke|p1|Weepinbell, M|\n|poke|p2|Bisharp, M|\n|poke|p2|Sinistcha|\n|poke|p2|Cetoddle, M|\n|poke|p2|Corphish, M|\n|teampreview\n|j|*Lady Monita \u2746\n|\n|t:|1700694372\n|start\n|switch|p1a: Greedent|Greedent, F, shiny|100\/100\n|switch|p2a: Cetoddle|Cetoddle, M|100\/100\n|turn|1\n|\n|t:|1700694376\n|move|p2a: Cetoddle|Icicle Crash|p1a: Greedent\n|-damage|p1a: Greedent|70\/100\n|move|p1a: Greedent|Swords Dance|p1a: Greedent\n|-boost|p1a: Greedent|atk|2\n|\n|upkeep\n|turn|2\n|j| Yeet259\n|\n|t:|1700694384\n|move|p2a: Cetoddle|Icicle Crash|p1a: Greedent\n|-damage|p1a: Greedent|35\/100\n|-enditem|p1a: Greedent|Sitrus Berry|[eat]\n|-heal|p1a: Greedent|60\/100|[from] item: Sitrus Berry\n|-heal|p1a: Greedent|94\/100|[from] ability: Cheek Pouch\n|move|p1a: Greedent|Knock Off|p2a: Cetoddle\n|-damage|p2a: Cetoddle|38\/100\n|-enditem|p2a: Cetoddle|Eviolite|[from] move: Knock Off|[of] p1a: Greedent\n|\n|upkeep\n|turn|3\n|\n|t:|1700694390\n|move|p2a: Cetoddle|Icicle Crash|p1a: Greedent\n|-damage|p1a: Greedent|58\/100\n|move|p1a: Greedent|Body Slam|p2a: Cetoddle\n|-damage|p2a: Cetoddle|0 fnt\n|faint|p2a: Cetoddle\n|\n|upkeep\n|\n|t:|1700694402\n|switch|p2a: Sinistcha|Sinistcha|100\/100\n|turn|4\n|\n|t:|1700694405\n|move|p2a: Sinistcha|Matcha Gotcha|p1a: Greedent\n|-damage|p1a: Greedent|0 fnt\n|faint|p1a: Greedent\n|\n|upkeep\n|\n|t:|1700694412\n|switch|p1a: Weepinbell|Weepinbell, M|100\/100\n|turn|5\n|\n|t:|1700694419\n|switch|p2a: Bisharp|Bisharp, M|100\/100\n|move|p1a: Weepinbell|Swords Dance|p1a: Weepinbell\n|-boost|p1a: Weepinbell|atk|2\n|\n|upkeep\n|turn|6\n|\n|t:|1700694422\n|move|p1a: Weepinbell|Sleep Powder|p2a: Bisharp\n|-status|p2a: Bisharp|slp|[from] move: Sleep Powder\n|cant|p2a: Bisharp|slp\n|\n|upkeep\n|turn|7\n|\n|t:|1700694425\n|move|p1a: Weepinbell|Swords Dance|p1a: Weepinbell\n|-boost|p1a: Weepinbell|atk|2\n|cant|p2a: Bisharp|slp\n|\n|upkeep\n|turn|8\n|\n|t:|1700694427\n|move|p1a: Weepinbell|Swords Dance|p1a: Weepinbell\n|-boost|p1a: Weepinbell|atk|2\n|cant|p2a: Bisharp|slp\n|\n|upkeep\n|turn|9\n|\n|t:|1700694430\n|move|p1a: Weepinbell|Power Whip|p2a: Bisharp\n|-resisted|p2a: Bisharp\n|-damage|p2a: Bisharp|32\/100 slp\n|-curestatus|p2a: Bisharp|slp|[msg]\n|move|p2a: Bisharp|Iron Head|p1a: Weepinbell\n|-damage|p1a: Weepinbell|34\/100\n|\n|upkeep\n|turn|10\n|\n|t:|1700694434\n|move|p2a: Bisharp|Sucker Punch|p1a: Weepinbell\n|-damage|p1a: Weepinbell|0 fnt\n|faint|p1a: Weepinbell\n|\n|upkeep\n|\n|t:|1700694437\n|switch|p1a: Diglett|Diglett-Alola, M, shiny|100\/100\n|turn|11\n|\n|t:|1700694441\n|switch|p2a: Sinistcha|Sinistcha|100\/100\n|move|p1a: Diglett|Earthquake|p2a: Sinistcha\n|-resisted|p2a: Sinistcha\n|-damage|p2a: Sinistcha|85\/100\n|\n|upkeep\n|turn|12\n|\n|t:|1700694445\n|move|p1a: Diglett|Swords Dance|p1a: Diglett\n|-boost|p1a: Diglett|atk|2\n|move|p2a: Sinistcha|Matcha Gotcha|p1a: Diglett\n|-enditem|p1a: Diglett|Focus Sash\n|-damage|p1a: Diglett|1\/100\n|-heal|p2a: Sinistcha|100\/100|[from] drain|[of] p1a: Diglett\n|\n|upkeep\n|turn|13\n|\n|t:|1700694448\n|-terastallize|p1a: Diglett|Dark\n|move|p1a: Diglett|Sucker Punch|p2a: Sinistcha\n|-supereffective|p2a: Sinistcha\n|-damage|p2a: Sinistcha|0 fnt\n|faint|p2a: Sinistcha\n|\n|upkeep\n|\n|t:|1700694459\n|switch|p2a: Corphish|Corphish, M|100\/100\n|turn|14\n|\n|t:|1700694463\n|move|p1a: Diglett|Sucker Punch|p2a: Corphish\n|-damage|p2a: Corphish|18\/100\n|move|p2a: Corphish|Aqua Jet|p1a: Diglett\n|-damage|p1a: Diglett|0 fnt\n|-ability|p1a: Diglett|Tangling Hair\n|-unboost|p2a: Corphish|spe|1\n|faint|p1a: Diglett\n|\n|upkeep\n|\n|t:|1700694466\n|switch|p1a: Quaxwell|Quaxwell, M|100\/100\n|turn|15\n|\n|t:|1700694474\n|move|p2a: Corphish|Aqua Jet|p1a: Quaxwell\n|-resisted|p1a: Quaxwell\n|-damage|p1a: Quaxwell|83\/100\n|move|p1a: Quaxwell|Brave Bird|p2a: Corphish\n|-damage|p2a: Corphish|0 fnt\n|faint|p2a: Corphish\n|-ability|p1a: Quaxwell|Moxie|boost\n|-boost|p1a: Quaxwell|atk|1\n|-damage|p1a: Quaxwell|80\/100|[from] Recoil\n|\n|upkeep\n|\n|t:|1700694476\n|switch|p2a: Bisharp|Bisharp, M|32\/100\n|turn|16\n|\n|t:|1700694484\n|-terastallize|p2a: Bisharp|Flying\n|move|p1a: Quaxwell|Aqua Jet|p2a: Bisharp\n|-damage|p2a: Bisharp|13\/100\n|move|p2a: Bisharp|Iron Head|p1a: Quaxwell\n|-resisted|p1a: Quaxwell\n|-damage|p1a: Quaxwell|59\/100\n|\n|upkeep\n|turn|17\n|\n|t:|1700694494\n|move|p2a: Bisharp|Sucker Punch|p1a: Quaxwell\n|-damage|p1a: Quaxwell|20\/100\n|move|p1a: Quaxwell|Aqua Jet|p2a: Bisharp\n|-damage|p2a: Bisharp|0 fnt\n|faint|p2a: Bisharp\n|\n|win|daniel.verdon\n|n|\u2606daniel.verdon|danielverdon\n|n|\u2606Monkedog|monkedog\n|n|*Lady Monita \u2746|ladymonita\n|n| Yeet259|yeet259\n","uploadtime":1700694495,"views":2,"p1id":"danielverdon","p2id":"monkedog","formatid":"gen9ou","rating":0,"private":0,"password":""}