{"id":"gen9ou-1990309017","p1":"Shringus","p2":"bxkwx","format":"[Gen 9] OU","log":"|j|\u2606Shringus\n|j|\u2606bxkwx\n|t:|1699954543\n|gametype|singles\n|player|p1|Shringus|170|1424\n|player|p2|bxkwx|marley|1308\n|teamsize|p1|6\n|teamsize|p2|6\n|gen|9\n|tier|[Gen 9] OU\n|rated|\n|rule|Sleep Clause Mod: Limit one foe put to sleep\n|rule|Species Clause: Limit one of each Pok\u00e9mon\n|rule|OHKO Clause: OHKO moves are banned\n|rule|Evasion Items Clause: Evasion items are banned\n|rule|Evasion Moves Clause: Evasion moves are banned\n|rule|Endless Battle Clause: Forcing endless battles is banned\n|rule|HP Percentage Mod: HP is shown in percentages\n|clearpoke\n|poke|p1|Rillaboom, M|\n|poke|p1|Ursaluna, M|\n|poke|p1|Sneasler, F|\n|poke|p1|Hatterene, F|\n|poke|p1|Kingambit, F|\n|poke|p1|Zamazenta-*|\n|poke|p2|Shaymin|\n|poke|p2|Great Tusk|\n|poke|p2|Moltres|\n|poke|p2|Iron Valiant|\n|poke|p2|Kingambit, M|\n|poke|p2|Dragapult, F|\n|teampreview\n|\n|t:|1699954570\n|start\n|switch|p1a: Zamazenta|Zamazenta|100\/100\n|switch|p2a: Iron Valiant|Iron Valiant|100\/100\n|-ability|p1a: Zamazenta|Dauntless Shield|boost\n|-boost|p1a: Zamazenta|def|1\n|turn|1\n|\n|t:|1699954587\n|move|p1a: Zamazenta|Heavy Slam|p2a: Iron Valiant\n|-supereffective|p2a: Iron Valiant\n|-damage|p2a: Iron Valiant|0 fnt\n|faint|p2a: Iron Valiant\n|-end|p2a: Iron Valiant|Quark Drive|[silent]\n|\n|upkeep\n|\n|t:|1699954603\n|switch|p2a: Shaymin|Shaymin|100\/100\n|turn|2\n|\n|t:|1699954623\n|switch|p1a: Rillaboom|Rillaboom, M|100\/100\n|-fieldstart|move: Grassy Terrain|[from] ability: Grassy Surge|[of] p1a: Rillaboom\n|move|p2a: Shaymin|Seed Flare|p1a: Rillaboom\n|-resisted|p1a: Rillaboom\n|-damage|p1a: Rillaboom|39\/100\n|-damage|p2a: Shaymin|91\/100|[from] item: Life Orb\n|\n|-heal|p2a: Shaymin|97\/100|[from] Grassy Terrain\n|-heal|p1a: Rillaboom|45\/100|[from] Grassy Terrain\n|upkeep\n|turn|3\n|\n|t:|1699954643\n|move|p2a: Shaymin|Seed Flare|p1a: Rillaboom\n|-resisted|p1a: Rillaboom\n|-damage|p1a: Rillaboom|0 fnt\n|faint|p1a: Rillaboom\n|-damage|p2a: Shaymin|87\/100|[from] item: Life Orb\n|\n|-heal|p2a: Shaymin|93\/100|[from] Grassy Terrain\n|upkeep\n|\n|t:|1699954649\n|switch|p1a: Sneasler|Sneasler, F|100\/100\n|-enditem|p1a: Sneasler|Grassy Seed\n|-boost|p1a: Sneasler|def|1|[from] item: Grassy Seed\n|turn|4\n|inactive|Battle timer is ON: inactive players will automatically lose when time's up. (requested by Shringus)\n|\n|t:|1699954688\n|-terastallize|p2a: Shaymin|Fire\n|move|p1a: Sneasler|Gunk Shot|p2a: Shaymin\n|-damage|p2a: Shaymin|21\/100\n|move|p2a: Shaymin|Tera Blast|p1a: Sneasler|[anim] Tera Blast Fire\n|-damage|p1a: Sneasler|50\/100\n|-damage|p2a: Shaymin|11\/100|[from] item: Life Orb\n|\n|-heal|p1a: Sneasler|56\/100|[from] Grassy Terrain\n|-heal|p2a: Shaymin|18\/100|[from] Grassy Terrain\n|upkeep\n|turn|5\n|\n|t:|1699954699\n|switch|p2a: \u6f14\u5458|Moltres|100\/100\n|move|p1a: Sneasler|Swords Dance|p1a: Sneasler\n|-boost|p1a: Sneasler|atk|2\n|\n|-heal|p1a: Sneasler|62\/100|[from] Grassy Terrain\n|upkeep\n|turn|6\n|\n|t:|1699954715\n|move|p1a: Sneasler|Swords Dance|p1a: Sneasler\n|-boost|p1a: Sneasler|atk|2\n|move|p2a: \u6f14\u5458|Will-O-Wisp|p1a: Sneasler\n|-status|p1a: Sneasler|brn\n|\n|-heal|p1a: Sneasler|68\/100 brn|[from] Grassy Terrain\n|-damage|p1a: Sneasler|62\/100 brn|[from] brn\n|-fieldend|move: Grassy Terrain\n|upkeep\n|turn|7\n|\n|t:|1699954727\n|move|p1a: Sneasler|Gunk Shot|p2a: \u6f14\u5458|[miss]\n|-miss|p1a: Sneasler|p2a: \u6f14\u5458\n|move|p2a: \u6f14\u5458|Flamethrower|p1a: Sneasler\n|-damage|p1a: Sneasler|23\/100 brn\n|\n|-damage|p1a: Sneasler|17\/100 brn|[from] brn\n|upkeep\n|turn|8\n|\n|t:|1699954734\n|move|p1a: Sneasler|Gunk Shot|p2a: \u6f14\u5458\n|-damage|p2a: \u6f14\u5458|34\/100\n|move|p2a: \u6f14\u5458|Flamethrower|p1a: Sneasler\n|-damage|p1a: Sneasler|0 fnt\n|faint|p1a: Sneasler\n|\n|upkeep\n|\n|t:|1699954743\n|switch|p1a: Zamazenta|Zamazenta|100\/100\n|turn|9\n|\n|t:|1699954752\n|switch|p2a: Great Tusk|Great Tusk|100\/100\n|move|p1a: Zamazenta|Stone Edge|p2a: Great Tusk\n|-resisted|p2a: Great Tusk\n|-damage|p2a: Great Tusk|95\/100\n|\n|upkeep\n|turn|10\n|\n|t:|1699954764\n|switch|p1a: Hatterene|Hatterene, F|100\/100\n|move|p2a: Great Tusk|Stealth Rock|p1a: Hatterene\n|move|p1a: Hatterene|Stealth Rock|p2a: Great Tusk|[from]ability: Magic Bounce\n|-sidestart|p2: bxkwx|move: Stealth Rock\n|\n|upkeep\n|turn|11\n|\n|t:|1699954777\n|move|p2a: Great Tusk|Rapid Spin|p1a: Hatterene\n|-damage|p1a: Hatterene|87\/100\n|-boost|p2a: Great Tusk|spe|1\n|-sideend|p2: bxkwx|Stealth Rock|[from] move: Rapid Spin|[of] p2a: Great Tusk\n|move|p1a: Hatterene|Calm Mind|p1a: Hatterene\n|-boost|p1a: Hatterene|spa|1\n|-boost|p1a: Hatterene|spd|1\n|\n|upkeep\n|turn|12\n|\n|t:|1699954793\n|move|p2a: Great Tusk|Headlong Rush|p1a: Hatterene\n|-damage|p1a: Hatterene|32\/100\n|-unboost|p2a: Great Tusk|def|1\n|-unboost|p2a: Great Tusk|spd|1\n|move|p1a: Hatterene|Calm Mind|p1a: Hatterene\n|-boost|p1a: Hatterene|spa|1\n|-boost|p1a: Hatterene|spd|1\n|\n|upkeep\n|turn|13\n|\n|t:|1699954807\n|move|p2a: Great Tusk|Headlong Rush|p1a: Hatterene\n|-damage|p1a: Hatterene|0 fnt\n|-unboost|p2a: Great Tusk|def|1\n|-unboost|p2a: Great Tusk|spd|1\n|faint|p1a: Hatterene\n|\n|upkeep\n|\n|t:|1699954815\n|switch|p1a: Ursaluna|Ursaluna, M|100\/100\n|turn|14\n|\n|t:|1699954820\n|-end|p2a: Great Tusk|Protosynthesis|[silent]\n|switch|p2a: Shaymin|Shaymin, tera:Fire|18\/100\n|move|p1a: Ursaluna|Bulk Up|p1a: Ursaluna\n|-boost|p1a: Ursaluna|atk|1\n|-boost|p1a: Ursaluna|def|1\n|\n|upkeep\n|turn|15\n|\n|t:|1699954831\n|-terastallize|p1a: Ursaluna|Ghost\n|move|p2a: Shaymin|Seed Flare|p1a: Ursaluna\n|-damage|p1a: Ursaluna|44\/100\n|-damage|p2a: Shaymin|8\/100|[from] item: Life Orb\n|move|p1a: Ursaluna|Drain Punch|p2a: Shaymin\n|-damage|p2a: Shaymin|0 fnt\n|-heal|p1a: Ursaluna|47\/100|[from] drain|[of] p2a: Shaymin\n|faint|p2a: Shaymin\n|\n|-heal|p1a: Ursaluna|53\/100|[from] item: Leftovers\n|upkeep\n|inactive|bxkwx has 120 seconds left.\n|\n|t:|1699954866\n|switch|p2a: Kingambit|Kingambit, M|100\/100\n|-activate|p2a: Kingambit|ability: Supreme Overlord\n|-start|p2a: Kingambit|fallen2|[silent]\n|turn|16\n|\n|t:|1699954884\n|switch|p1a: Zamazenta|Zamazenta|100\/100\n|move|p2a: Kingambit|Kowtow Cleave|p1a: Zamazenta\n|-resisted|p1a: Zamazenta\n|-damage|p1a: Zamazenta|71\/100\n|\n|upkeep\n|turn|17\n|\n|t:|1699954892\n|-end|p2a: Kingambit|fallen2|[silent]\n|switch|p2a: \u6f14\u5458|Moltres|34\/100\n|move|p1a: Zamazenta|Close Combat|p2a: \u6f14\u5458\n|-resisted|p2a: \u6f14\u5458\n|-damage|p2a: \u6f14\u5458|15\/100\n|-unboost|p1a: Zamazenta|def|1\n|-unboost|p1a: Zamazenta|spd|1\n|\n|upkeep\n|turn|18\n|\n|t:|1699954901\n|switch|p2a: Dragapult|Dragapult, F|100\/100\n|move|p1a: Zamazenta|Stone Edge|p2a: Dragapult\n|-crit|p2a: Dragapult\n|-damage|p2a: Dragapult|36\/100\n|\n|upkeep\n|turn|19\n|\n|t:|1699954918\n|switch|p1a: Kingambit|Kingambit, F|100\/100\n|-activate|p1a: Kingambit|ability: Supreme Overlord\n|-start|p1a: Kingambit|fallen3|[silent]\n|move|p2a: Dragapult|Dragon Darts|p1a: Kingambit\n|-resisted|p1a: Kingambit\n|-damage|p1a: Kingambit|84\/100\n|-anim|p2a: Dragapult|Dragon Darts|p1a: Kingambit\n|-resisted|p1a: Kingambit\n|-damage|p1a: Kingambit|67\/100\n|\n|upkeep\n|turn|20\n|inactive|Shringus has 120 seconds left.\n|\n|t:|1699954947\n|switch|p2a: \u6f14\u5458|Moltres|15\/100\n|move|p1a: Kingambit|Kowtow Cleave|p2a: \u6f14\u5458\n|-damage|p2a: \u6f14\u5458|0 fnt\n|faint|p2a: \u6f14\u5458\n|\n|upkeep\n|\n|t:|1699954952\n|switch|p2a: Great Tusk|Great Tusk|95\/100\n|turn|21\n|\n|t:|1699954963\n|-end|p1a: Kingambit|fallen3|[silent]\n|switch|p1a: Ursaluna|Ursaluna, M, tera:Ghost|53\/100\n|move|p2a: Great Tusk|Rapid Spin|p1a: Ursaluna\n|-immune|p1a: Ursaluna\n|\n|-heal|p1a: Ursaluna|59\/100|[from] item: Leftovers\n|upkeep\n|turn|22\n|\n|t:|1699954978\n|move|p2a: Great Tusk|Headlong Rush|p1a: Ursaluna\n|-damage|p1a: Ursaluna|19\/100\n|-unboost|p2a: Great Tusk|def|1\n|-unboost|p2a: Great Tusk|spd|1\n|move|p1a: Ursaluna|Drain Punch|p2a: Great Tusk\n|-damage|p2a: Great Tusk|63\/100\n|-heal|p1a: Ursaluna|31\/100|[from] drain|[of] p2a: Great Tusk\n|\n|-heal|p1a: Ursaluna|38\/100|[from] item: Leftovers\n|upkeep\n|turn|23\n|\n|t:|1699955001\n|move|p2a: Great Tusk|Headlong Rush|p1a: Ursaluna\n|-damage|p1a: Ursaluna|0 fnt\n|-unboost|p2a: Great Tusk|def|1\n|-unboost|p2a: Great Tusk|spd|1\n|faint|p1a: Ursaluna\n|\n|upkeep\n|\n|t:|1699955007\n|switch|p1a: Zamazenta|Zamazenta|71\/100\n|turn|24\n|\n|t:|1699955022\n|-end|p2a: Great Tusk|Protosynthesis|[silent]\n|switch|p2a: Kingambit|Kingambit, M|100\/100\n|-activate|p2a: Kingambit|ability: Supreme Overlord\n|-start|p2a: Kingambit|fallen3|[silent]\n|move|p1a: Zamazenta|Close Combat|p2a: Kingambit\n|-supereffective|p2a: Kingambit\n|-damage|p2a: Kingambit|0 fnt\n|-unboost|p1a: Zamazenta|def|1\n|-unboost|p1a: Zamazenta|spd|1\n|faint|p2a: Kingambit\n|-end|p2a: Kingambit|fallen3|[silent]\n|\n|upkeep\n|\n|t:|1699955025\n|switch|p2a: Dragapult|Dragapult, F|36\/100\n|turn|25\n|\n|t:|1699955037\n|switch|p1a: Kingambit|Kingambit, F|67\/100\n|-activate|p1a: Kingambit|ability: Supreme Overlord\n|-start|p1a: Kingambit|fallen4|[silent]\n|move|p2a: Dragapult|Dragon Darts|p1a: Kingambit\n|-resisted|p1a: Kingambit\n|-damage|p1a: Kingambit|51\/100\n|-anim|p2a: Dragapult|Dragon Darts|p1a: Kingambit\n|-resisted|p1a: Kingambit\n|-damage|p1a: Kingambit|35\/100\n|\n|upkeep\n|turn|26\n|\n|t:|1699955057\n|switch|p2a: Great Tusk|Great Tusk|63\/100\n|move|p1a: Kingambit|Kowtow Cleave|p2a: Great Tusk\n|-resisted|p2a: Great Tusk\n|-damage|p2a: Great Tusk|40\/100\n|\n|upkeep\n|turn|27\n|inactive|Shringus has 120 seconds left.\n|\n|t:|1699955098\n|-end|p1a: Kingambit|fallen4|[silent]\n|switch|p1a: Zamazenta|Zamazenta|71\/100\n|move|p2a: Great Tusk|Rapid Spin|p1a: Zamazenta\n|-damage|p1a: Zamazenta|55\/100\n|-boost|p2a: Great Tusk|spe|1\n|\n|upkeep\n|turn|28\n|inactive|bxkwx has 120 seconds left.\n|\n|t:|1699955149\n|move|p2a: Great Tusk|Headlong Rush|p1a: Zamazenta\n|-damage|p1a: Zamazenta|0 fnt\n|-unboost|p2a: Great Tusk|def|1\n|-unboost|p2a: Great Tusk|spd|1\n|faint|p1a: Zamazenta\n|\n|upkeep\n|\n|t:|1699955159\n|switch|p1a: Kingambit|Kingambit, F|35\/100\n|-activate|p1a: Kingambit|ability: Supreme Overlord\n|-start|p1a: Kingambit|fallen5|[silent]\n|turn|29\n|\n|t:|1699955169\n|-end|p2a: Great Tusk|Protosynthesis|[silent]\n|switch|p2a: Dragapult|Dragapult, F|36\/100\n|move|p1a: Kingambit|Sucker Punch||[still]\n|-fail|p1a: Kingambit\n|\n|upkeep\n|turn|30\n|\n|t:|1699955179\n|move|p2a: Dragapult|Sucker Punch|p1a: Kingambit\n|-resisted|p1a: Kingambit\n|-damage|p1a: Kingambit|19\/100\n|move|p1a: Kingambit|Sucker Punch||[still]\n|-fail|p1a: Kingambit\n|\n|upkeep\n|turn|31\n|\n|t:|1699955189\n|switch|p2a: Great Tusk|Great Tusk|40\/100\n|move|p1a: Kingambit|Kowtow Cleave|p2a: Great Tusk\n|-resisted|p2a: Great Tusk\n|-damage|p2a: Great Tusk|11\/100\n|\n|upkeep\n|turn|32\n|\n|t:|1699955210\n|move|p1a: Kingambit|Sucker Punch|p2a: Great Tusk\n|-resisted|p2a: Great Tusk\n|-damage|p2a: Great Tusk|0 fnt\n|faint|p2a: Great Tusk\n|-end|p2a: Great Tusk|Protosynthesis|[silent]\n|\n|upkeep\n|\n|t:|1699955214\n|switch|p2a: Dragapult|Dragapult, F|36\/100\n|turn|33\n|\n|t:|1699955221\n|move|p2a: Dragapult|Dragon Darts|p1a: Kingambit\n|-resisted|p1a: Kingambit\n|-damage|p1a: Kingambit|4\/100\n|-anim|p2a: Dragapult|Dragon Darts|p1a: Kingambit\n|-resisted|p1a: Kingambit\n|-damage|p1a: Kingambit|0 fnt\n|faint|p1a: Kingambit\n|-end|p1a: Kingambit|fallen5|[silent]\n|\n|win|bxkwx\n|raw|Shringus's rating: 1424 &rarr; <strong>1398<\/strong><br \/>(-26 for losing)\n|raw|bxkwx's rating: 1308 &rarr; <strong>1334<\/strong><br \/>(+26 for winning)\n|c|\u2606Shringus|gg\n|c|\u2606bxkwx|gg\n|l|\u2606Shringus\n","uploadtime":1699955249,"views":5,"p1id":"shringus","p2id":"bxkwx","formatid":"gen9ou","rating":1334,"private":0,"password":""}