{"id":"gen9ou-1994078962","p1":"TheOgAg","p2":"SirBoogerBrain","format":"[Gen 9] OU","log":"|j|\u2606TheOgAg\n|j|\u2606SirBoogerBrain\n|t:|1700404115\n|gametype|singles\n|player|p1|TheOgAg|hoopster|1245\n|player|p2|SirBoogerBrain|burglar-gen2|1212\n|teamsize|p1|6\n|teamsize|p2|6\n|gen|9\n|tier|[Gen 9] OU\n|rated|\n|rule|Sleep Clause Mod: Limit one foe put to sleep\n|rule|Species Clause: Limit one of each Pok\u00e9mon\n|rule|OHKO Clause: OHKO moves are banned\n|rule|Evasion Items Clause: Evasion items are banned\n|rule|Evasion Moves Clause: Evasion moves are banned\n|rule|Endless Battle Clause: Forcing endless battles is banned\n|rule|HP Percentage Mod: HP is shown in percentages\n|clearpoke\n|poke|p1|Donphan, M|\n|poke|p1|Blissey, F|\n|poke|p1|Sneasler, M|\n|poke|p1|Naclstack, F|\n|poke|p1|Dragapult, M|\n|poke|p1|Greninja-*, F|\n|poke|p2|Iron Valiant|\n|poke|p2|Kingambit, M|\n|poke|p2|Great Tusk|\n|poke|p2|Garchomp, F|\n|poke|p2|Moltres|\n|poke|p2|Amoonguss, M|\n|teampreview\n|inactive|Battle timer is ON: inactive players will automatically lose when time's up. (requested by SirBoogerBrain)\n|c|\u2606SirBoogerBrain|cool team glhf\n|inactive|SirBoogerBrain has 120 seconds left.\n|\n|t:|1700404153\n|start\n|switch|p1a: Donphan|Donphan, M|100\/100\n|switch|p2a: Star Lance|Iron Valiant|100\/100\n|turn|1\n|\n|t:|1700404163\n|-end|p2a: Star Lance|Quark Drive|[silent]\n|switch|p2a: Stonebreaker|Great Tusk|100\/100\n|move|p1a: Donphan|Stealth Rock|p2a: Stonebreaker\n|-sidestart|p2: SirBoogerBrain|move: Stealth Rock\n|\n|upkeep\n|turn|2\n|\n|t:|1700404172\n|switch|p1a: Dragapult|Dragapult, M|100\/100\n|move|p2a: Stonebreaker|Knock Off|p1a: Dragapult\n|-supereffective|p1a: Dragapult\n|-damage|p1a: Dragapult|24\/100\n|-enditem|p1a: Dragapult|Leftovers|[from] move: Knock Off|[of] p2a: Stonebreaker\n|\n|upkeep\n|turn|3\n|\n|t:|1700404201\n|move|p1a: Dragapult|Dragon Darts|p2a: Stonebreaker\n|-damage|p2a: Stonebreaker|88\/100\n|-anim|p1a: Dragapult|Dragon Darts|p2a: Stonebreaker\n|-damage|p2a: Stonebreaker|77\/100\n|move|p2a: Stonebreaker|Knock Off|p1a: Dragapult\n|-supereffective|p1a: Dragapult\n|-damage|p1a: Dragapult|0 fnt\n|faint|p1a: Dragapult\n|\n|-heal|p2a: Stonebreaker|83\/100|[from] item: Leftovers\n|upkeep\n|\n|t:|1700404214\n|switch|p1a: Greninja|Greninja, F|100\/100\n|turn|4\n|inactive|SirBoogerBrain has 120 seconds left.\n|\n|t:|1700404253\n|-end|p2a: Stonebreaker|Protosynthesis|[silent]\n|switch|p2a: Pyre Raptor|Moltres|100\/100\n|move|p1a: Greninja|Ice Beam|p2a: Pyre Raptor\n|-start|p1a: Greninja|typechange|Ice|[from] ability: Protean\n|-damage|p2a: Pyre Raptor|59\/100\n|\n|upkeep\n|turn|5\n|\n|t:|1700404261\n|switch|p1a: Blissey|Blissey, F|100\/100\n|move|p2a: Pyre Raptor|Flamethrower|p1a: Blissey\n|-damage|p1a: Blissey|86\/100\n|\n|-heal|p1a: Blissey|92\/100|[from] item: Leftovers\n|upkeep\n|turn|6\n|\n|t:|1700404266\n|move|p2a: Pyre Raptor|Roost|p2a: Pyre Raptor\n|-heal|p2a: Pyre Raptor|100\/100\n|-singleturn|p2a: Pyre Raptor|move: Roost\n|move|p1a: Blissey|Thunder Wave|p2a: Pyre Raptor|[miss]\n|-miss|p1a: Blissey|p2a: Pyre Raptor\n|\n|-heal|p1a: Blissey|99\/100|[from] item: Leftovers\n|upkeep\n|turn|7\n|\n|t:|1700404272\n|switch|p1a: Donphan|Donphan, M|100\/100\n|move|p2a: Pyre Raptor|U-turn|p1a: Donphan\n|-damage|p1a: Donphan|90\/100\n|\n|t:|1700404277\n|switch|p2a: Stonebreaker|Great Tusk|83\/100|[from] U-turn\n|-damage|p2a: Stonebreaker|80\/100|[from] Stealth Rock\n|\n|-heal|p2a: Stonebreaker|86\/100|[from] item: Leftovers\n|upkeep\n|turn|8\n|\n|t:|1700404295\n|move|p2a: Stonebreaker|Body Press|p1a: Donphan\n|-damage|p1a: Donphan|56\/100\n|move|p1a: Donphan|Knock Off|p2a: Stonebreaker\n|-resisted|p2a: Stonebreaker\n|-damage|p2a: Stonebreaker|77\/100\n|-enditem|p2a: Stonebreaker|Leftovers|[from] move: Knock Off|[of] p1a: Donphan\n|\n|upkeep\n|turn|9\n|\n|t:|1700404300\n|move|p2a: Stonebreaker|Rapid Spin|p1a: Donphan\n|-damage|p1a: Donphan|45\/100\n|-boost|p2a: Stonebreaker|spe|1\n|-sideend|p2: SirBoogerBrain|Stealth Rock|[from] move: Rapid Spin|[of] p2a: Stonebreaker\n|move|p1a: Donphan|Earthquake|p2a: Stonebreaker\n|-damage|p2a: Stonebreaker|52\/100\n|\n|upkeep\n|turn|10\n|\n|t:|1700404308\n|move|p2a: Stonebreaker|Body Press|p1a: Donphan\n|-damage|p1a: Donphan|9\/100\n|move|p1a: Donphan|Earthquake|p2a: Stonebreaker\n|-damage|p2a: Stonebreaker|28\/100\n|\n|upkeep\n|turn|11\n|-enditem|p1a: Donphan|Custap Berry|[eat]\n|-activate|p1a: Donphan|item: Custap Berry|[consumed]\n|\n|t:|1700404321\n|move|p1a: Donphan|Stealth Rock|p2a: Stonebreaker\n|-sidestart|p2: SirBoogerBrain|move: Stealth Rock\n|move|p2a: Stonebreaker|Rapid Spin|p1a: Donphan\n|-damage|p1a: Donphan|0 fnt\n|-boost|p2a: Stonebreaker|spe|1\n|-sideend|p2: SirBoogerBrain|Stealth Rock|[from] move: Rapid Spin|[of] p2a: Stonebreaker\n|faint|p1a: Donphan\n|\n|upkeep\n|\n|t:|1700404338\n|switch|p1a: Greninja|Greninja, F|100\/100\n|turn|12\n|\n|t:|1700404349\n|move|p1a: Greninja|Ice Beam|p2a: Stonebreaker\n|-start|p1a: Greninja|typechange|Ice|[from] ability: Protean\n|-supereffective|p2a: Stonebreaker\n|-damage|p2a: Stonebreaker|0 fnt\n|faint|p2a: Stonebreaker\n|-end|p2a: Stonebreaker|Protosynthesis|[silent]\n|\n|upkeep\n|inactive|SirBoogerBrain has 120 seconds left.\n|\n|t:|1700404381\n|switch|p2a: Star Lance|Iron Valiant|100\/100\n|turn|13\n|inactive|SirBoogerBrain has 120 seconds left.\n|\n|t:|1700404389\n|switch|p1a: Blissey|Blissey, F|99\/100\n|move|p2a: Star Lance|Close Combat|p1a: Blissey\n|-supereffective|p1a: Blissey\n|-crit|p1a: Blissey\n|-damage|p1a: Blissey|0 fnt\n|-unboost|p2a: Star Lance|def|1\n|-unboost|p2a: Star Lance|spd|1\n|faint|p1a: Blissey\n|\n|upkeep\n|\n|t:|1700404394\n|switch|p1a: Naclstack|Naclstack, F|100\/100\n|turn|14\n|\n|t:|1700404406\n|-terastallize|p1a: Naclstack|Fairy\n|move|p2a: Star Lance|Close Combat|p1a: Naclstack\n|-resisted|p1a: Naclstack\n|-damage|p1a: Naclstack|88\/100\n|-unboost|p2a: Star Lance|def|1\n|-unboost|p2a: Star Lance|spd|1\n|move|p1a: Naclstack|Salt Cure|p2a: Star Lance\n|-resisted|p2a: Star Lance\n|-damage|p2a: Star Lance|89\/100\n|-start|p2a: Star Lance|Salt Cure\n|\n|-damage|p2a: Star Lance|77\/100|[from] Salt Cure\n|upkeep\n|turn|15\n|\n|t:|1700404419\n|-end|p2a: Star Lance|Quark Drive|[silent]\n|switch|p2a: Onyx Razor|Kingambit, M|100\/100\n|-activate|p2a: Onyx Razor|ability: Supreme Overlord\n|-start|p2a: Onyx Razor|fallen1|[silent]\n|move|p1a: Naclstack|Iron Defense|p1a: Naclstack\n|-boost|p1a: Naclstack|def|2\n|\n|upkeep\n|turn|16\n|\n|t:|1700404426\n|move|p2a: Onyx Razor|Swords Dance|p2a: Onyx Razor\n|-boost|p2a: Onyx Razor|atk|2\n|move|p1a: Naclstack|Body Press|p2a: Onyx Razor\n|-supereffective|p2a: Onyx Razor\n|-damage|p2a: Onyx Razor|0 fnt\n|faint|p2a: Onyx Razor\n|-end|p2a: Onyx Razor|fallen1|[silent]\n|\n|upkeep\n|\n|t:|1700404439\n|switch|p2a: Bloom Warden|Amoonguss, M|100\/100\n|turn|17\n|\n|t:|1700404443\n|move|p1a: Naclstack|Salt Cure|p2a: Bloom Warden\n|-damage|p2a: Bloom Warden|93\/100\n|-start|p2a: Bloom Warden|Salt Cure\n|move|p2a: Bloom Warden|Sludge Bomb|p1a: Naclstack\n|-supereffective|p1a: Naclstack\n|-damage|p1a: Naclstack|33\/100\n|\n|-damage|p2a: Bloom Warden|80\/100|[from] Salt Cure\n|upkeep\n|turn|18\n|\n|t:|1700404451\n|switch|p1a: Sneasler|Sneasler, M|100\/100\n|move|p2a: Bloom Warden|Sludge Bomb|p1a: Sneasler\n|-resisted|p1a: Sneasler\n|-damage|p1a: Sneasler|82\/100\n|\n|-damage|p2a: Bloom Warden|68\/100|[from] Salt Cure\n|upkeep\n|turn|19\n|\n|t:|1700404466\n|move|p1a: Sneasler|Dire Claw|p2a: Bloom Warden\n|-damage|p2a: Bloom Warden|26\/100\n|-status|p2a: Bloom Warden|slp\n|-damage|p1a: Sneasler|65\/100|[from] item: Rocky Helmet|[of] p2a: Bloom Warden\n|-damage|p1a: Sneasler|55\/100|[from] item: Life Orb\n|cant|p2a: Bloom Warden|slp\n|\n|-damage|p2a: Bloom Warden|13\/100 slp|[from] Salt Cure\n|upkeep\n|turn|20\n|\n|t:|1700404479\n|switch|p2a: Pyre Raptor|Moltres|100\/100\n|move|p1a: Sneasler|U-turn|p2a: Pyre Raptor\n|-resisted|p2a: Pyre Raptor\n|-damage|p2a: Pyre Raptor|95\/100\n|-damage|p1a: Sneasler|45\/100|[from] item: Life Orb\n|\n|t:|1700404484\n|switch|p1a: Greninja|Greninja, F|100\/100|[from] U-turn\n|\n|upkeep\n|turn|21\n|inactive|SirBoogerBrain has 120 seconds left.\n|\n|t:|1700404523\n|move|p1a: Greninja|Ice Beam|p2a: Pyre Raptor\n|-start|p1a: Greninja|typechange|Ice|[from] ability: Protean\n|-crit|p2a: Pyre Raptor\n|-damage|p2a: Pyre Raptor|30\/100\n|-status|p2a: Pyre Raptor|frz\n|cant|p2a: Pyre Raptor|frz\n|\n|upkeep\n|turn|22\n|inactive|SirBoogerBrain has 120 seconds left.\n|c|\u2606SirBoogerBrain|that's lame\n|\n|t:|1700404545\n|move|p1a: Greninja|Ice Beam|p2a: Pyre Raptor\n|-damage|p2a: Pyre Raptor|0 fnt\n|faint|p2a: Pyre Raptor\n|\n|upkeep\n|\n|t:|1700404555\n|switch|p2a: Star Lance|Iron Valiant|77\/100\n|turn|23\n|\n|t:|1700404561\n|switch|p1a: Naclstack|Naclstack, F, tera:Fairy|33\/100\n|move|p2a: Star Lance|Close Combat|p1a: Naclstack\n|-resisted|p1a: Naclstack\n|-damage|p1a: Naclstack|20\/100\n|-unboost|p2a: Star Lance|def|1\n|-unboost|p2a: Star Lance|spd|1\n|\n|upkeep\n|turn|24\n|\n|t:|1700404566\n|-end|p2a: Star Lance|Quark Drive|[silent]\n|switch|p2a: Bloom Warden|Amoonguss, M|47\/100 slp\n|move|p1a: Naclstack|Recover|p1a: Naclstack\n|-heal|p1a: Naclstack|70\/100\n|\n|upkeep\n|turn|25\n|\n|t:|1700404570\n|switch|p1a: Sneasler|Sneasler, M|45\/100\n|cant|p2a: Bloom Warden|slp\n|\n|upkeep\n|turn|26\n|\n|t:|1700404585\n|switch|p2a: Abyssal Fin|Garchomp, F|100\/100\n|move|p1a: Sneasler|Fake Out|p2a: Abyssal Fin\n|-damage|p2a: Abyssal Fin|87\/100\n|-damage|p1a: Sneasler|33\/100|[from] ability: Rough Skin|[of] p2a: Abyssal Fin\n|-damage|p1a: Sneasler|23\/100|[from] item: Life Orb\n|\n|-heal|p2a: Abyssal Fin|93\/100|[from] item: Leftovers\n|upkeep\n|turn|27\n|\n|t:|1700404611\n|switch|p2a: Bloom Warden|Amoonguss, M|80\/100 slp\n|move|p1a: Sneasler|Dire Claw|p2a: Bloom Warden\n|-damage|p2a: Bloom Warden|40\/100 slp\n|-damage|p1a: Sneasler|6\/100|[from] item: Rocky Helmet|[of] p2a: Bloom Warden\n|-damage|p1a: Sneasler|0 fnt|[from] item: Life Orb\n|faint|p1a: Sneasler\n|\n|upkeep\n|\n|t:|1700404616\n|switch|p1a: Greninja|Greninja, F|100\/100\n|turn|28\n|\n|t:|1700404626\n|switch|p2a: Abyssal Fin|Garchomp, F|93\/100\n|move|p1a: Greninja|Ice Beam|p2a: Abyssal Fin\n|-start|p1a: Greninja|typechange|Ice|[from] ability: Protean\n|-supereffective|p2a: Abyssal Fin\n|-damage|p2a: Abyssal Fin|0 fnt\n|faint|p2a: Abyssal Fin\n|\n|upkeep\n|\n|t:|1700404638\n|switch|p2a: Star Lance|Iron Valiant|77\/100\n|turn|29\n|\n|t:|1700404651\n|-end|p2a: Star Lance|Quark Drive|[silent]\n|switch|p2a: Bloom Warden|Amoonguss, M|73\/100 slp\n|switch|p1a: Naclstack|Naclstack, F, tera:Fairy|70\/100\n|\n|upkeep\n|turn|30\n|\n|t:|1700404667\n|switch|p1a: Greninja|Greninja, F|100\/100\n|-curestatus|p2a: Bloom Warden|slp|[msg]\n|move|p2a: Bloom Warden|Sludge Bomb|p1a: Greninja\n|-damage|p1a: Greninja|58\/100\n|-status|p1a: Greninja|psn\n|\n|-damage|p1a: Greninja|46\/100 psn|[from] psn\n|upkeep\n|turn|31\n|\n|t:|1700404678\n|-terastallize|p2a: Bloom Warden|Water\n|move|p1a: Greninja|Ice Beam|p2a: Bloom Warden\n|-start|p1a: Greninja|typechange|Ice|[from] ability: Protean\n|-resisted|p2a: Bloom Warden\n|-damage|p2a: Bloom Warden|55\/100\n|move|p2a: Bloom Warden|Sludge Bomb|p1a: Greninja\n|-damage|p1a: Greninja|1\/100 psn\n|\n|-damage|p1a: Greninja|0 fnt|[from] psn\n|faint|p1a: Greninja\n|upkeep\n|\n|t:|1700404681\n|switch|p1a: Naclstack|Naclstack, F, tera:Fairy|70\/100\n|turn|32\n|\n|t:|1700404693\n|switch|p2a: Star Lance|Iron Valiant|77\/100\n|move|p1a: Naclstack|Salt Cure|p2a: Star Lance\n|-resisted|p2a: Star Lance\n|-damage|p2a: Star Lance|71\/100\n|-start|p2a: Star Lance|Salt Cure\n|\n|-damage|p2a: Star Lance|58\/100|[from] Salt Cure\n|upkeep\n|turn|33\n|\n|t:|1700404709\n|move|p2a: Star Lance|Moonblast|p1a: Naclstack\n|-damage|p1a: Naclstack|20\/100\n|move|p1a: Naclstack|Recover|p1a: Naclstack\n|-heal|p1a: Naclstack|70\/100\n|\n|-damage|p2a: Star Lance|46\/100|[from] Salt Cure\n|upkeep\n|turn|34\n|\n|t:|1700404722\n|move|p2a: Star Lance|Moonblast|p1a: Naclstack\n|-damage|p1a: Naclstack|25\/100\n|move|p1a: Naclstack|Recover|p1a: Naclstack\n|-heal|p1a: Naclstack|75\/100\n|\n|-damage|p2a: Star Lance|33\/100|[from] Salt Cure\n|upkeep\n|turn|35\n|\n|t:|1700404730\n|move|p2a: Star Lance|Moonblast|p1a: Naclstack\n|-damage|p1a: Naclstack|28\/100\n|-unboost|p1a: Naclstack|spa|1\n|move|p1a: Naclstack|Recover|p1a: Naclstack\n|-heal|p1a: Naclstack|78\/100\n|\n|-damage|p2a: Star Lance|21\/100|[from] Salt Cure\n|upkeep\n|turn|36\n|\n|t:|1700404737\n|move|p2a: Star Lance|Moonblast|p1a: Naclstack\n|-damage|p1a: Naclstack|31\/100\n|-unboost|p1a: Naclstack|spa|1\n|move|p1a: Naclstack|Recover|p1a: Naclstack\n|-heal|p1a: Naclstack|81\/100\n|\n|-damage|p2a: Star Lance|8\/100|[from] Salt Cure\n|upkeep\n|turn|37\n|\n|t:|1700404740\n|move|p2a: Star Lance|Moonblast|p1a: Naclstack\n|-damage|p1a: Naclstack|33\/100\n|move|p1a: Naclstack|Recover|p1a: Naclstack\n|-heal|p1a: Naclstack|83\/100\n|\n|-damage|p2a: Star Lance|0 fnt|[from] Salt Cure\n|faint|p2a: Star Lance\n|-end|p2a: Star Lance|Quark Drive|[silent]\n|upkeep\n|\n|t:|1700404743\n|switch|p2a: Bloom Warden|Amoonguss, M, tera:Water|88\/100\n|turn|38\n|\n|t:|1700404746\n|move|p1a: Naclstack|Salt Cure|p2a: Bloom Warden\n|-damage|p2a: Bloom Warden|80\/100\n|-start|p2a: Bloom Warden|Salt Cure\n|move|p2a: Bloom Warden|Sludge Bomb|p1a: Naclstack\n|-supereffective|p1a: Naclstack\n|-damage|p1a: Naclstack|31\/100\n|\n|-damage|p2a: Bloom Warden|55\/100|[from] Salt Cure\n|upkeep\n|turn|39\n|\n|t:|1700404750\n|move|p1a: Naclstack|Recover|p1a: Naclstack\n|-heal|p1a: Naclstack|81\/100\n|move|p2a: Bloom Warden|Sludge Bomb|p1a: Naclstack\n|-supereffective|p1a: Naclstack\n|-damage|p1a: Naclstack|26\/100\n|\n|-damage|p2a: Bloom Warden|30\/100|[from] Salt Cure\n|upkeep\n|turn|40\n|\n|t:|1700404759\n|move|p1a: Naclstack|Recover|p1a: Naclstack\n|-heal|p1a: Naclstack|76\/100\n|move|p2a: Bloom Warden|Sludge Bomb|p1a: Naclstack\n|-supereffective|p1a: Naclstack\n|-crit|p1a: Naclstack\n|-damage|p1a: Naclstack|0 fnt\n|faint|p1a: Naclstack\n|\n|win|SirBoogerBrain\n|raw|TheOgAg's rating: 1245 &rarr; <strong>1218<\/strong><br \/>(-27 for losing)\n|raw|SirBoogerBrain's rating: 1212 &rarr; <strong>1239<\/strong><br \/>(+27 for winning)\n|c|\u2606SirBoogerBrain|gg\n|l|\u2606TheOgAg\n","uploadtime":1700404785,"views":6,"p1id":"theogag","p2id":"sirboogerbrain","formatid":"gen9ou","rating":1218,"private":0,"password":""}