{"id":"gen9ou-1992541197","p1":"Steve Kirlia","p2":"Blurred Ace","format":"[Gen 9] OU","log":"|j|\u2606Steve Kirlia\n|j|\u2606Blurred Ace\n|t:|1700202361\n|gametype|singles\n|player|p1|Steve Kirlia|hoopster|1637\n|player|p2|Blurred Ace|gambler|1598\n|teamsize|p1|6\n|teamsize|p2|6\n|gen|9\n|tier|[Gen 9] OU\n|rated|\n|rule|Sleep Clause Mod: Limit one foe put to sleep\n|rule|Species Clause: Limit one of each Pok\u00e9mon\n|rule|OHKO Clause: OHKO moves are banned\n|rule|Evasion Items Clause: Evasion items are banned\n|rule|Evasion Moves Clause: Evasion moves are banned\n|rule|Endless Battle Clause: Forcing endless battles is banned\n|rule|HP Percentage Mod: HP is shown in percentages\n|clearpoke\n|poke|p1|Weavile, M|\n|poke|p1|Weezing-Galar, F|\n|poke|p1|Alomomola, M|\n|poke|p1|Ting-Lu|\n|poke|p1|Corviknight, M|\n|poke|p1|Dondozo, F|\n|poke|p2|Dragapult, M|\n|poke|p2|Scizor, M|\n|poke|p2|Samurott-Hisui, M|\n|poke|p2|Garchomp, M|\n|poke|p2|Great Tusk|\n|poke|p2|Slowking, M|\n|teampreview\n|inactive|Battle timer is ON: inactive players will automatically lose when time's up. (requested by Steve Kirlia)\n|\n|t:|1700202374\n|start\n|switch|p1a: Corviknight|Corviknight, M|100\/100\n|switch|p2a: Scizor|Scizor, M|100\/100\n|-ability|p1a: Corviknight|Pressure\n|turn|1\n|\n|t:|1700202382\n|move|p1a: Corviknight|Brave Bird|p2a: Scizor\n|-damage|p2a: Scizor|67\/100\n|-damage|p1a: Corviknight|90\/100|[from] Recoil\n|move|p2a: Scizor|U-turn|p1a: Corviknight\n|-resisted|p1a: Corviknight\n|-damage|p1a: Corviknight|81\/100\n|-damage|p2a: Scizor|50\/100|[from] item: Rocky Helmet|[of] p1a: Corviknight\n|\n|t:|1700202388\n|switch|p2a: Garchomp|Garchomp, M|100\/100|[from] U-turn\n|\n|upkeep\n|turn|2\n|\n|t:|1700202392\n|move|p2a: Garchomp|Flamethrower|p1a: Corviknight\n|-supereffective|p1a: Corviknight\n|-damage|p1a: Corviknight|43\/100\n|move|p1a: Corviknight|Iron Defense|p1a: Corviknight\n|-boost|p1a: Corviknight|def|2\n|\n|upkeep\n|turn|3\n|\n|t:|1700202399\n|switch|p1a: Ting-Lu|Ting-Lu|100\/100\n|-ability|p1a: Ting-Lu|Vessel of Ruin\n|move|p2a: Garchomp|Flamethrower|p1a: Ting-Lu\n|-damage|p1a: Ting-Lu|93\/100\n|\n|-heal|p1a: Ting-Lu|99\/100|[from] item: Leftovers\n|upkeep\n|turn|4\n|\n|t:|1700202409\n|move|p2a: Garchomp|Stealth Rock|p1a: Ting-Lu\n|-sidestart|p1: Steve Kirlia|move: Stealth Rock\n|move|p1a: Ting-Lu|Earthquake|p2a: Garchomp\n|-damage|p2a: Garchomp|63\/100\n|\n|-heal|p1a: Ting-Lu|100\/100|[from] item: Leftovers\n|upkeep\n|turn|5\n|j| Porycomingback\n|\n|t:|1700202419\n|move|p1a: Ting-Lu|Spikes|p2a: Garchomp\n|-sidestart|p2: Blurred Ace|Spikes\n|move|p2a: Garchomp|Dragon Tail|p1a: Ting-Lu|[miss]\n|-miss|p2a: Garchomp|p1a: Ting-Lu\n|\n|upkeep\n|turn|6\n|\n|t:|1700202424\n|move|p1a: Ting-Lu|Earthquake|p2a: Garchomp\n|-damage|p2a: Garchomp|23\/100\n|move|p2a: Garchomp|Dragon Tail|p1a: Ting-Lu\n|-damage|p1a: Ting-Lu|84\/100\n|drag|p1a: Corviknight|Corviknight, M|43\/100\n|-damage|p1a: Corviknight|31\/100|[from] Stealth Rock\n|-ability|p1a: Corviknight|Pressure\n|\n|upkeep\n|turn|7\n|\n|t:|1700202433\n|switch|p1a: Alomomola|Alomomola, M|100\/100\n|-damage|p1a: Alomomola|88\/100|[from] Stealth Rock\n|move|p2a: Garchomp|Flamethrower|p1a: Alomomola\n|-resisted|p1a: Alomomola\n|-damage|p1a: Alomomola|81\/100\n|\n|-heal|p1a: Alomomola|87\/100|[from] item: Leftovers\n|upkeep\n|turn|8\n|\n|t:|1700202442\n|switch|p2a: Slowking|Slowking, M|100\/100\n|-damage|p2a: Slowking|88\/100|[from] Spikes\n|move|p1a: Alomomola|Wish|p1a: Alomomola\n|\n|-heal|p1a: Alomomola|93\/100|[from] item: Leftovers\n|-heal|p2a: Slowking|94\/100|[from] item: Leftovers\n|upkeep\n|turn|9\n|\n|t:|1700202450\n|move|p1a: Alomomola|Flip Turn|p2a: Slowking\n|-resisted|p2a: Slowking\n|-damage|p2a: Slowking|86\/100\n|\n|t:|1700202454\n|switch|p1a: Ting-Lu|Ting-Lu|84\/100|[from] Flip Turn\n|-damage|p1a: Ting-Lu|78\/100|[from] Stealth Rock\n|-ability|p1a: Ting-Lu|Vessel of Ruin\n|move|p2a: Slowking|Chilly Reception|p2a: Slowking\n|-weather|Snow\n|\n|t:|1700202464\n|switch|p2a: Great Tusk|Great Tusk|100\/100|[from] Chilly Reception\n|-damage|p2a: Great Tusk|88\/100|[from] Spikes\n|\n|-weather|Snow|[upkeep]\n|-heal|p1a: Ting-Lu|100\/100|[from] move: Wish|[wisher] Alomomola\n|-heal|p2a: Great Tusk|94\/100|[from] item: Leftovers\n|upkeep\n|turn|10\n|\n|t:|1700202472\n|switch|p1a: Alomomola|Alomomola, M|100\/100\n|-damage|p1a: Alomomola|88\/100|[from] Stealth Rock\n|move|p2a: Great Tusk|Rapid Spin|p1a: Alomomola\n|-damage|p1a: Alomomola|77\/100\n|-boost|p2a: Great Tusk|spe|1\n|-sideend|p2: Blurred Ace|Spikes|[from] move: Rapid Spin|[of] p2a: Great Tusk\n|\n|-weather|Snow|[upkeep]\n|-heal|p2a: Great Tusk|100\/100|[from] item: Leftovers\n|-heal|p1a: Alomomola|83\/100|[from] item: Leftovers\n|upkeep\n|turn|11\n|\n|t:|1700202483\n|move|p2a: Great Tusk|Bulk Up|p2a: Great Tusk\n|-boost|p2a: Great Tusk|atk|1\n|-boost|p2a: Great Tusk|def|1\n|move|p1a: Alomomola|Wish|p1a: Alomomola\n|\n|-weather|Snow|[upkeep]\n|-heal|p1a: Alomomola|90\/100|[from] item: Leftovers\n|upkeep\n|turn|12\n|\n|t:|1700202489\n|move|p2a: Great Tusk|Knock Off|p1a: Alomomola\n|-damage|p1a: Alomomola|54\/100\n|-enditem|p1a: Alomomola|Leftovers|[from] move: Knock Off|[of] p2a: Great Tusk\n|move|p1a: Alomomola|Flip Turn|p2a: Great Tusk\n|-supereffective|p2a: Great Tusk\n|-damage|p2a: Great Tusk|88\/100\n|\n|t:|1700202495\n|switch|p1a: Corviknight|Corviknight, M|31\/100|[from] Flip Turn\n|-damage|p1a: Corviknight|18\/100|[from] Stealth Rock\n|-ability|p1a: Corviknight|Pressure\n|\n|-weather|Snow|[upkeep]\n|-heal|p1a: Corviknight|82\/100|[from] move: Wish|[wisher] Alomomola\n|-heal|p2a: Great Tusk|94\/100|[from] item: Leftovers\n|upkeep\n|turn|13\n|\n|t:|1700202512\n|-end|p2a: Great Tusk|Protosynthesis|[silent]\n|switch|p2a: Garchomp|Garchomp, M|23\/100\n|move|p1a: Corviknight|Defog|p2a: Garchomp\n|-unboost|p2a: Garchomp|evasion|1\n|-sideend|p1: Steve Kirlia|Stealth Rock|[from] move: Defog|[of] p1a: Corviknight\n|\n|-weather|none\n|upkeep\n|turn|14\n|\n|t:|1700202519\n|switch|p1a: Alomomola|Alomomola, M|87\/100\n|move|p2a: Garchomp|Stealth Rock|p1a: Alomomola\n|-sidestart|p1: Steve Kirlia|move: Stealth Rock\n|\n|upkeep\n|turn|15\n|\n|t:|1700202533\n|move|p2a: Garchomp|Earthquake|p1a: Alomomola\n|-damage|p1a: Alomomola|55\/100\n|move|p1a: Alomomola|Flip Turn|p2a: Garchomp\n|-damage|p2a: Garchomp|6\/100\n|-damage|p1a: Alomomola|42\/100|[from] ability: Rough Skin|[of] p2a: Garchomp\n|-damage|p1a: Alomomola|25\/100|[from] item: Rocky Helmet|[of] p2a: Garchomp\n|\n|t:|1700202551\n|switch|p1a: Weavile|Weavile, M|100\/100|[from] Flip Turn\n|-damage|p1a: Weavile|76\/100|[from] Stealth Rock\n|-ability|p1a: Weavile|Pressure\n|\n|-heal|p1a: Weavile|82\/100|[from] item: Leftovers\n|upkeep\n|turn|16\n|\n|t:|1700202559\n|move|p1a: Weavile|Protect|p1a: Weavile\n|-singleturn|p1a: Weavile|Protect\n|move|p2a: Garchomp|Flamethrower|p1a: Weavile\n|-activate|p1a: Weavile|move: Protect\n|\n|-heal|p1a: Weavile|88\/100|[from] item: Leftovers\n|upkeep\n|turn|17\n|\n|t:|1700202568\n|move|p1a: Weavile|Knock Off|p2a: Garchomp\n|-damage|p2a: Garchomp|0 fnt\n|-damage|p1a: Weavile|76\/100|[from] ability: Rough Skin|[of] p2a: Garchomp\n|-damage|p1a: Weavile|59\/100|[from] item: Rocky Helmet|[of] p2a: Garchomp\n|-enditem|p2a: Garchomp|Rocky Helmet|[from] move: Knock Off|[of] p1a: Weavile\n|faint|p2a: Garchomp\n|\n|-heal|p1a: Weavile|65\/100|[from] item: Leftovers\n|upkeep\n|\n|t:|1700202572\n|switch|p2a: Scizor|Scizor, M|50\/100\n|turn|18\n|\n|t:|1700202579\n|move|p1a: Weavile|Protect|p1a: Weavile\n|-singleturn|p1a: Weavile|Protect\n|move|p2a: Scizor|U-turn|p1a: Weavile\n|-activate|p1a: Weavile|move: Protect\n|\n|-heal|p1a: Weavile|71\/100|[from] item: Leftovers\n|upkeep\n|turn|19\n|\n|t:|1700202587\n|switch|p1a: Corviknight|Corviknight, M|82\/100\n|-damage|p1a: Corviknight|70\/100|[from] Stealth Rock\n|-ability|p1a: Corviknight|Pressure\n|switch|p2a: Dragapult|Dragapult, M|100\/100\n|\n|upkeep\n|turn|20\n|\n|t:|1700202595\n|switch|p1a: Weezing|Weezing-Galar, F|100\/100\n|-ability|p1a: Weezing|Neutralizing Gas\n|move|p2a: Dragapult|Will-O-Wisp|p1a: Weezing\n|-status|p1a: Weezing|brn\n|\n|-damage|p1a: Weezing|95\/100 brn|[from] brn\n|upkeep\n|turn|21\n|\n|t:|1700202604\n|move|p2a: Dragapult|U-turn|p1a: Weezing\n|-resisted|p1a: Weezing\n|-damage|p1a: Weezing|92\/100 brn\n|\n|t:|1700202605\n|switch|p2a: Slowking|Slowking, M|100\/100|[from] U-turn\n|move|p1a: Weezing|Defog|p2a: Slowking\n|-unboost|p2a: Slowking|evasion|1\n|-sideend|p1: Steve Kirlia|Stealth Rock|[from] move: Defog|[of] p1a: Weezing\n|\n|-damage|p1a: Weezing|86\/100 brn|[from] brn\n|upkeep\n|turn|22\n|\n|t:|1700202613\n|move|p1a: Weezing|Will-O-Wisp|p2a: Slowking\n|-status|p2a: Slowking|brn\n|move|p2a: Slowking|Future Sight|p1a: Weezing\n|-start|p2a: Slowking|move: Future Sight\n|\n|-damage|p1a: Weezing|80\/100 brn|[from] brn\n|-damage|p2a: Slowking|94\/100 brn|[from] brn\n|upkeep\n|turn|23\n|\n|t:|1700202623\n|-end|p1a: Weezing|ability: Neutralizing Gas\n|switch|p1a: Weavile|Weavile, M|71\/100\n|-ability|p1a: Weavile|Pressure\n|move|p2a: Slowking|Chilly Reception|p2a: Slowking\n|-weather|Snow\n|\n|t:|1700202637\n|switch|p2a: Scizor|Scizor, M|50\/100|[from] Chilly Reception\n|\n|-weather|Snow|[upkeep]\n|-heal|p1a: Weavile|77\/100|[from] item: Leftovers\n|upkeep\n|turn|24\n|\n|t:|1700202642\n|move|p1a: Weavile|Protect|p1a: Weavile\n|-singleturn|p1a: Weavile|Protect\n|move|p2a: Scizor|U-turn|p1a: Weavile\n|-activate|p1a: Weavile|move: Protect\n|\n|-weather|Snow|[upkeep]\n|-end|p1a: Weavile|move: Future Sight\n|-immune|p1a: Weavile\n|-heal|p1a: Weavile|84\/100|[from] item: Leftovers\n|upkeep\n|turn|25\n|\n|t:|1700202651\n|switch|p1a: Corviknight|Corviknight, M|70\/100\n|-ability|p1a: Corviknight|Pressure\n|move|p2a: Scizor|U-turn|p1a: Corviknight\n|-resisted|p1a: Corviknight\n|-damage|p1a: Corviknight|60\/100\n|-damage|p2a: Scizor|34\/100|[from] item: Rocky Helmet|[of] p1a: Corviknight\n|\n|t:|1700202656\n|switch|p2a: Slowking|Slowking, M|100\/100 brn|[from] U-turn\n|\n|-weather|Snow|[upkeep]\n|-damage|p2a: Slowking|94\/100 brn|[from] brn\n|upkeep\n|turn|26\n|\n|t:|1700202663\n|switch|p1a: Alomomola|Alomomola, M|59\/100\n|move|p2a: Slowking|Blizzard|p1a: Alomomola\n|-resisted|p1a: Alomomola\n|-damage|p1a: Alomomola|47\/100\n|\n|-weather|Snow|[upkeep]\n|-heal|p2a: Slowking|100\/100 brn|[from] item: Leftovers\n|-damage|p2a: Slowking|94\/100 brn|[from] brn\n|upkeep\n|turn|27\n|\n|t:|1700202672\n|move|p1a: Alomomola|Wish|p1a: Alomomola\n|move|p2a: Slowking|Future Sight|p1a: Alomomola\n|-start|p2a: Slowking|move: Future Sight\n|\n|-weather|none\n|-heal|p2a: Slowking|100\/100 brn|[from] item: Leftovers\n|-damage|p2a: Slowking|94\/100 brn|[from] brn\n|upkeep\n|turn|28\n|\n|t:|1700202678\n|move|p1a: Alomomola|Flip Turn|p2a: Slowking\n|-resisted|p2a: Slowking\n|-damage|p2a: Slowking|86\/100 brn\n|\n|t:|1700202686\n|switch|p1a: Weavile|Weavile, M|84\/100|[from] Flip Turn\n|-ability|p1a: Weavile|Pressure\n|move|p2a: Slowking|Chilly Reception|p2a: Slowking\n|-weather|Snow\n|\n|t:|1700202695\n|switch|p2a: Scizor|Scizor, M|34\/100|[from] Chilly Reception\n|\n|-weather|Snow|[upkeep]\n|-heal|p1a: Weavile|100\/100|[from] move: Wish|[wisher] Alomomola\n|upkeep\n|turn|29\n|\n|t:|1700202702\n|move|p1a: Weavile|Substitute|p1a: Weavile\n|-start|p1a: Weavile|Substitute\n|-damage|p1a: Weavile|76\/100\n|move|p2a: Scizor|U-turn|p1a: Weavile\n|-supereffective|p1a: Weavile\n|-end|p1a: Weavile|Substitute\n|\n|t:|1700202709\n|switch|p2a: Dragapult|Dragapult, M|100\/100|[from] U-turn\n|\n|-weather|Snow|[upkeep]\n|-end|p1a: Weavile|move: Future Sight\n|-immune|p1a: Weavile\n|-heal|p1a: Weavile|82\/100|[from] item: Leftovers\n|upkeep\n|turn|30\n|\n|t:|1700202716\n|move|p1a: Weavile|Protect|p1a: Weavile\n|-singleturn|p1a: Weavile|Protect\n|move|p2a: Dragapult|Will-O-Wisp|p1a: Weavile\n|-activate|p1a: Weavile|move: Protect\n|\n|-weather|Snow|[upkeep]\n|-heal|p1a: Weavile|88\/100|[from] item: Leftovers\n|upkeep\n|turn|31\n|\n|t:|1700202724\n|switch|p1a: Weezing|Weezing-Galar, F|80\/100 brn\n|-ability|p1a: Weezing|Neutralizing Gas\n|move|p2a: Dragapult|U-turn|p1a: Weezing\n|-resisted|p1a: Weezing\n|-damage|p1a: Weezing|77\/100 brn\n|\n|t:|1700202730\n|switch|p2a: Scizor|Scizor, M|34\/100|[from] U-turn\n|\n|-weather|Snow|[upkeep]\n|-damage|p1a: Weezing|71\/100 brn|[from] brn\n|upkeep\n|turn|32\n|\n|t:|1700202736\n|-end|p1a: Weezing|ability: Neutralizing Gas\n|switch|p1a: Corviknight|Corviknight, M|60\/100\n|-ability|p1a: Corviknight|Pressure\n|move|p2a: Scizor|Bullet Punch|p1a: Corviknight\n|-resisted|p1a: Corviknight\n|-damage|p1a: Corviknight|44\/100\n|-damage|p2a: Scizor|17\/100|[from] item: Rocky Helmet|[of] p1a: Corviknight\n|\n|-weather|none\n|upkeep\n|turn|33\n|\n|t:|1700202745\n|switch|p2a: Slowking|Slowking, M|100\/100 brn\n|move|p1a: Corviknight|Roost|p1a: Corviknight\n|-heal|p1a: Corviknight|94\/100\n|-singleturn|p1a: Corviknight|move: Roost\n|\n|-damage|p2a: Slowking|94\/100 brn|[from] brn\n|upkeep\n|turn|34\n|\n|t:|1700202754\n|switch|p1a: Alomomola|Alomomola, M|81\/100\n|move|p2a: Slowking|Scald|p1a: Alomomola\n|-resisted|p1a: Alomomola\n|-damage|p1a: Alomomola|69\/100\n|\n|-heal|p2a: Slowking|100\/100 brn|[from] item: Leftovers\n|-damage|p2a: Slowking|94\/100 brn|[from] brn\n|upkeep\n|turn|35\n|\n|t:|1700202765\n|move|p1a: Alomomola|Wish|p1a: Alomomola\n|move|p2a: Slowking|Future Sight|p1a: Alomomola\n|-start|p2a: Slowking|move: Future Sight\n|\n|-heal|p2a: Slowking|100\/100 brn|[from] item: Leftovers\n|-damage|p2a: Slowking|94\/100 brn|[from] brn\n|upkeep\n|turn|36\n|\n|t:|1700202771\n|move|p1a: Alomomola|Flip Turn|p2a: Slowking\n|-resisted|p2a: Slowking\n|-damage|p2a: Slowking|86\/100 brn\n|\n|t:|1700202777\n|switch|p1a: Ting-Lu|Ting-Lu|100\/100|[from] Flip Turn\n|-ability|p1a: Ting-Lu|Vessel of Ruin\n|move|p2a: Slowking|Scald|p1a: Ting-Lu\n|-supereffective|p1a: Ting-Lu\n|-damage|p1a: Ting-Lu|78\/100\n|\n|-heal|p1a: Ting-Lu|100\/100|[from] move: Wish|[wisher] Alomomola\n|-heal|p2a: Slowking|92\/100 brn|[from] item: Leftovers\n|-damage|p2a: Slowking|86\/100 brn|[from] brn\n|upkeep\n|turn|37\n|\n|t:|1700202791\n|move|p1a: Ting-Lu|Earthquake|p2a: Slowking\n|-damage|p2a: Slowking|49\/100 brn\n|move|p2a: Slowking|Scald|p1a: Ting-Lu\n|-supereffective|p1a: Ting-Lu\n|-damage|p1a: Ting-Lu|76\/100\n|\n|-end|p1a: Ting-Lu|move: Future Sight\n|-immune|p1a: Ting-Lu\n|-heal|p1a: Ting-Lu|82\/100|[from] item: Leftovers\n|-heal|p2a: Slowking|55\/100 brn|[from] item: Leftovers\n|-damage|p2a: Slowking|49\/100 brn|[from] brn\n|upkeep\n|turn|38\n|\n|t:|1700202803\n|move|p1a: Ting-Lu|Earthquake|p2a: Slowking\n|-damage|p2a: Slowking|9\/100 brn\n|move|p2a: Slowking|Chilly Reception|p2a: Slowking\n|-weather|Snow\n|\n|t:|1700202811\n|switch|p2a: Samurott|Samurott-Hisui, M|100\/100|[from] Chilly Reception\n|\n|-weather|Snow|[upkeep]\n|-heal|p1a: Ting-Lu|88\/100|[from] item: Leftovers\n|upkeep\n|turn|39\n|\n|t:|1700202819\n|switch|p1a: Weezing|Weezing-Galar, F|71\/100 brn\n|-ability|p1a: Weezing|Neutralizing Gas\n|move|p2a: Samurott|Aqua Cutter|p1a: Weezing\n|-damage|p1a: Weezing|49\/100 brn\n|\n|-weather|Snow|[upkeep]\n|-damage|p1a: Weezing|43\/100 brn|[from] brn\n|upkeep\n|turn|40\n|\n|t:|1700202830\n|switch|p2a: Slowking|Slowking, M|42\/100 brn\n|move|p1a: Weezing|Will-O-Wisp|p2a: Slowking\n|-fail|p2a: Slowking|brn\n|\n|-weather|Snow|[upkeep]\n|-heal|p2a: Slowking|48\/100 brn|[from] item: Leftovers\n|-damage|p1a: Weezing|37\/100 brn|[from] brn\n|-damage|p2a: Slowking|42\/100 brn|[from] brn\n|upkeep\n|turn|41\n|\n|t:|1700202839\n|-end|p1a: Weezing|ability: Neutralizing Gas\n|switch|p1a: Alomomola|Alomomola, M|100\/100\n|move|p2a: Slowking|Chilly Reception|p2a: Slowking\n|\n|t:|1700202846\n|switch|p2a: Samurott|Samurott-Hisui, M|100\/100|[from] Chilly Reception\n|\n|-weather|Snow|[upkeep]\n|upkeep\n|turn|42\n|\n|t:|1700202850\n|move|p2a: Samurott|Ceaseless Edge|p1a: Alomomola|[miss]\n|-miss|p2a: Samurott|p1a: Alomomola\n|move|p1a: Alomomola|Wish|p1a: Alomomola\n|\n|-weather|none\n|upkeep\n|turn|43\n|\n|t:|1700202856\n|move|p2a: Samurott|Ceaseless Edge|p1a: Alomomola\n|-damage|p1a: Alomomola|76\/100\n|-sidestart|p1: Steve Kirlia|Spikes\n|move|p1a: Alomomola|Flip Turn|p2a: Samurott\n|-resisted|p2a: Samurott\n|-damage|p2a: Samurott|90\/100\n|\n|t:|1700202863\n|switch|p1a: Weezing|Weezing-Galar, F|37\/100 brn|[from] Flip Turn\n|-ability|p1a: Weezing|Neutralizing Gas\n|\n|-heal|p1a: Weezing|100\/100 brn|[from] move: Wish|[wisher] Alomomola\n|-damage|p1a: Weezing|95\/100 brn|[from] brn\n|upkeep\n|turn|44\n|\n|t:|1700202871\n|switch|p2a: Slowking|Slowking, M|76\/100 brn\n|move|p1a: Weezing|Defog|p2a: Slowking\n|-unboost|p2a: Slowking|evasion|1\n|-sideend|p1: Steve Kirlia|Spikes|[from] move: Defog|[of] p1a: Weezing\n|\n|-heal|p2a: Slowking|82\/100 brn|[from] item: Leftovers\n|-damage|p1a: Weezing|89\/100 brn|[from] brn\n|-damage|p2a: Slowking|76\/100 brn|[from] brn\n|upkeep\n|turn|45\n|\n|t:|1700202881\n|-end|p1a: Weezing|ability: Neutralizing Gas\n|switch|p1a: Alomomola|Alomomola, M|100\/100\n|move|p2a: Slowking|Future Sight|p1a: Alomomola\n|-start|p2a: Slowking|move: Future Sight\n|\n|-heal|p2a: Slowking|82\/100 brn|[from] item: Leftovers\n|-damage|p2a: Slowking|76\/100 brn|[from] brn\n|upkeep\n|turn|46\n|\n|t:|1700202889\n|move|p1a: Alomomola|Wish|p1a: Alomomola\n|move|p2a: Slowking|Chilly Reception|p2a: Slowking\n|-weather|Snow\n|\n|t:|1700202897\n|switch|p2a: Samurott|Samurott-Hisui, M|90\/100|[from] Chilly Reception\n|\n|-weather|Snow|[upkeep]\n|upkeep\n|turn|47\n|\n|t:|1700202905\n|move|p1a: Alomomola|Protect|p1a: Alomomola\n|-singleturn|p1a: Alomomola|Protect\n|move|p2a: Samurott|Ceaseless Edge|p1a: Alomomola\n|-activate|p1a: Alomomola|move: Protect\n|\n|-weather|Snow|[upkeep]\n|-end|p1a: Alomomola|move: Future Sight\n|-damage|p1a: Alomomola|60\/100\n|-heal|p1a: Alomomola|100\/100|[from] move: Wish|[wisher] Alomomola\n|upkeep\n|turn|48\n|\n|t:|1700202916\n|switch|p1a: Corviknight|Corviknight, M|94\/100\n|-ability|p1a: Corviknight|Pressure\n|move|p2a: Samurott|Knock Off|p1a: Corviknight\n|-damage|p1a: Corviknight|64\/100\n|-damage|p2a: Samurott|73\/100|[from] item: Rocky Helmet|[of] p1a: Corviknight\n|-enditem|p1a: Corviknight|Rocky Helmet|[from] move: Knock Off|[of] p2a: Samurott\n|\n|-weather|Snow|[upkeep]\n|upkeep\n|turn|49\n|\n|t:|1700202927\n|switch|p2a: Slowking|Slowking, M|100\/100 brn\n|move|p1a: Corviknight|Roost|p1a: Corviknight\n|-heal|p1a: Corviknight|100\/100\n|-singleturn|p1a: Corviknight|move: Roost\n|\n|-weather|Snow|[upkeep]\n|-damage|p2a: Slowking|94\/100 brn|[from] brn\n|upkeep\n|turn|50\n|\n|t:|1700202936\n|switch|p1a: Alomomola|Alomomola, M|100\/100\n|move|p2a: Slowking|Blizzard|p1a: Alomomola\n|-resisted|p1a: Alomomola\n|-damage|p1a: Alomomola|88\/100\n|\n|-weather|none\n|-heal|p2a: Slowking|100\/100 brn|[from] item: Leftovers\n|-damage|p2a: Slowking|94\/100 brn|[from] brn\n|upkeep\n|turn|51\n|l| Porycomingback\n|\n|t:|1700202945\n|move|p1a: Alomomola|Flip Turn|p2a: Slowking\n|-resisted|p2a: Slowking\n|-crit|p2a: Slowking\n|-damage|p2a: Slowking|81\/100 brn\n|\n|t:|1700202949\n|switch|p1a: Weavile|Weavile, M|88\/100|[from] Flip Turn\n|-ability|p1a: Weavile|Pressure\n|move|p2a: Slowking|Future Sight|p1a: Weavile\n|-start|p2a: Slowking|move: Future Sight\n|\n|-heal|p1a: Weavile|94\/100|[from] item: Leftovers\n|-heal|p2a: Slowking|88\/100 brn|[from] item: Leftovers\n|-damage|p2a: Slowking|81\/100 brn|[from] brn\n|upkeep\n|turn|52\n|inactive|Steve Kirlia has 120 seconds left.\n|j| encostoo\n|inactive|Steve Kirlia has 90 seconds left.\n|j| Bad Players\n|\n|t:|1700203014\n|switch|p2a: Samurott|Samurott-Hisui, M|73\/100\n|move|p1a: Weavile|Knock Off|p2a: Samurott\n|-resisted|p2a: Samurott\n|-damage|p2a: Samurott|49\/100\n|-enditem|p2a: Samurott|Focus Sash|[from] move: Knock Off|[of] p1a: Weavile\n|\n|-heal|p1a: Weavile|99\/100|[from] item: Leftovers\n|upkeep\n|turn|53\n|inactive|Steve Kirlia has 90 seconds left.\n|\n|t:|1700203025\n|move|p1a: Weavile|Protect|p1a: Weavile\n|-singleturn|p1a: Weavile|Protect\n|move|p2a: Samurott|Aqua Cutter|p1a: Weavile\n|-activate|p1a: Weavile|move: Protect\n|\n|-end|p1a: Weavile|move: Future Sight\n|-immune|p1a: Weavile\n|-heal|p1a: Weavile|100\/100|[from] item: Leftovers\n|upkeep\n|turn|54\n|\n|t:|1700203035\n|switch|p1a: Alomomola|Alomomola, M|100\/100\n|move|p2a: Samurott|Aqua Cutter|p1a: Alomomola\n|-resisted|p1a: Alomomola\n|-damage|p1a: Alomomola|86\/100\n|\n|upkeep\n|turn|55\n|\n|t:|1700203041\n|move|p2a: Samurott|Ceaseless Edge|p1a: Alomomola\n|-damage|p1a: Alomomola|60\/100\n|-sidestart|p1: Steve Kirlia|Spikes\n|move|p1a: Alomomola|Flip Turn|p2a: Samurott\n|-resisted|p2a: Samurott\n|-damage|p2a: Samurott|39\/100\n|\n|t:|1700203051\n|switch|p1a: Corviknight|Corviknight, M|100\/100|[from] Flip Turn\n|-ability|p1a: Corviknight|Pressure\n|\n|upkeep\n|turn|56\n|\n|t:|1700203062\n|switch|p2a: Slowking|Slowking, M|100\/100 brn\n|move|p1a: Corviknight|Defog|p2a: Slowking\n|-unboost|p2a: Slowking|evasion|1\n|-sideend|p1: Steve Kirlia|Spikes|[from] move: Defog|[of] p1a: Corviknight\n|\n|-damage|p2a: Slowking|94\/100 brn|[from] brn\n|upkeep\n|turn|57\n|\n|t:|1700203071\n|switch|p1a: Alomomola|Alomomola, M|94\/100\n|move|p2a: Slowking|Scald|p1a: Alomomola\n|-resisted|p1a: Alomomola\n|-crit|p1a: Alomomola\n|-damage|p1a: Alomomola|75\/100\n|-status|p1a: Alomomola|brn\n|\n|-heal|p2a: Slowking|100\/100 brn|[from] item: Leftovers\n|-damage|p1a: Alomomola|68\/100 brn|[from] brn\n|-damage|p2a: Slowking|94\/100 brn|[from] brn\n|upkeep\n|turn|58\n|\n|t:|1700203085\n|move|p1a: Alomomola|Flip Turn|p2a: Slowking\n|-resisted|p2a: Slowking\n|-damage|p2a: Slowking|90\/100 brn\n|j| pertpert\n|\n|t:|1700203095\n|switch|p1a: Weavile|Weavile, M|100\/100|[from] Flip Turn\n|-ability|p1a: Weavile|Pressure\n|move|p2a: Slowking|Future Sight|p1a: Weavile\n|-start|p2a: Slowking|move: Future Sight\n|\n|-heal|p2a: Slowking|96\/100 brn|[from] item: Leftovers\n|-damage|p2a: Slowking|90\/100 brn|[from] brn\n|upkeep\n|turn|59\n|\n|t:|1700203106\n|switch|p2a: Samurott|Samurott-Hisui, M|39\/100\n|move|p1a: Weavile|Poison Jab|p2a: Samurott\n|-damage|p2a: Samurott|12\/100\n|\n|upkeep\n|turn|60\n|\n|t:|1700203121\n|switch|p2a: Great Tusk|Great Tusk|94\/100\n|move|p1a: Weavile|Poison Jab|p2a: Great Tusk\n|-resisted|p2a: Great Tusk\n|-damage|p2a: Great Tusk|88\/100\n|\n|-end|p1a: Weavile|move: Future Sight\n|-immune|p1a: Weavile\n|-heal|p2a: Great Tusk|94\/100|[from] item: Leftovers\n|upkeep\n|turn|61\n|\n|t:|1700203133\n|switch|p1a: Dondozo|Dondozo, F|100\/100\n|move|p2a: Great Tusk|Bulk Up|p2a: Great Tusk\n|-boost|p2a: Great Tusk|atk|1\n|-boost|p2a: Great Tusk|def|1\n|\n|-heal|p2a: Great Tusk|99\/100|[from] item: Leftovers\n|upkeep\n|turn|62\n|\n|t:|1700203143\n|move|p2a: Great Tusk|Knock Off|p1a: Dondozo\n|-damage|p1a: Dondozo|78\/100\n|-enditem|p1a: Dondozo|Leftovers|[from] move: Knock Off|[of] p2a: Great Tusk\n|move|p1a: Dondozo|Curse|p1a: Dondozo\n|-unboost|p1a: Dondozo|spe|1\n|-boost|p1a: Dondozo|atk|1\n|-boost|p1a: Dondozo|def|1\n|\n|-heal|p2a: Great Tusk|100\/100|[from] item: Leftovers\n|upkeep\n|turn|63\n|\n|t:|1700203153\n|-end|p2a: Great Tusk|Protosynthesis|[silent]\n|switch|p2a: Dragapult|Dragapult, M|100\/100\n|move|p1a: Dondozo|Wave Crash|p2a: Dragapult\n|-resisted|p2a: Dragapult\n|-damage|p2a: Dragapult|56\/100\n|-damage|p1a: Dondozo|69\/100|[from] Recoil\n|\n|upkeep\n|turn|64\n|\n|t:|1700203161\n|switch|p1a: Alomomola|Alomomola, M|100\/100 brn\n|move|p2a: Dragapult|Will-O-Wisp|p1a: Alomomola\n|-fail|p1a: Alomomola|brn\n|\n|-damage|p1a: Alomomola|94\/100 brn|[from] brn\n|upkeep\n|turn|65\n|inactive|Steve Kirlia has 120 seconds left.\n|\n|t:|1700203169\n|move|p2a: Dragapult|Hex|p1a: Alomomola\n|-damage|p1a: Alomomola|46\/100 brn\n|move|p1a: Alomomola|Flip Turn|p2a: Dragapult\n|-resisted|p2a: Dragapult\n|-damage|p2a: Dragapult|50\/100\n|inactive|Steve Kirlia has 120 seconds left.\n|\n|t:|1700203181\n|switch|p1a: Weezing|Weezing-Galar, F|89\/100 brn|[from] Flip Turn\n|-ability|p1a: Weezing|Neutralizing Gas\n|\n|-damage|p1a: Weezing|83\/100 brn|[from] brn\n|upkeep\n|turn|66\n|j| Lario\n|inactive|Steve Kirlia has 120 seconds left.\n|\n|t:|1700203189\n|move|p2a: Dragapult|U-turn|p1a: Weezing\n|-resisted|p1a: Weezing\n|-damage|p1a: Weezing|80\/100 brn\n|\n|t:|1700203194\n|switch|p2a: Slowking|Slowking, M|100\/100 brn|[from] U-turn\n|move|p1a: Weezing|Will-O-Wisp|p2a: Slowking|[miss]\n|-miss|p1a: Weezing|p2a: Slowking\n|\n|-damage|p1a: Weezing|74\/100 brn|[from] brn\n|-damage|p2a: Slowking|94\/100 brn|[from] brn\n|upkeep\n|turn|67\n|\n|t:|1700203204\n|-end|p1a: Weezing|ability: Neutralizing Gas\n|switch|p1a: Alomomola|Alomomola, M|79\/100 brn\n|move|p2a: Slowking|Chilly Reception|p2a: Slowking\n|-weather|Snow\n|\n|t:|1700203215\n|switch|p2a: Scizor|Scizor, M|17\/100|[from] Chilly Reception\n|\n|-weather|Snow|[upkeep]\n|-damage|p1a: Alomomola|73\/100 brn|[from] brn\n|upkeep\n|turn|68\n|\n|t:|1700203224\n|switch|p1a: Corviknight|Corviknight, M|100\/100\n|-ability|p1a: Corviknight|Pressure\n|move|p2a: Scizor|U-turn|p1a: Corviknight\n|-resisted|p1a: Corviknight\n|-crit|p1a: Corviknight\n|-damage|p1a: Corviknight|86\/100\n|\n|t:|1700203230\n|switch|p2a: Slowking|Slowking, M|100\/100 brn|[from] U-turn\n|\n|-weather|Snow|[upkeep]\n|-damage|p2a: Slowking|94\/100 brn|[from] brn\n|upkeep\n|turn|69\n|\n|t:|1700203236\n|switch|p1a: Alomomola|Alomomola, M|100\/100 brn\n|move|p2a: Slowking|Scald|p1a: Alomomola\n|-resisted|p1a: Alomomola\n|-damage|p1a: Alomomola|87\/100 brn\n|\n|-weather|Snow|[upkeep]\n|-heal|p2a: Slowking|100\/100 brn|[from] item: Leftovers\n|-damage|p1a: Alomomola|81\/100 brn|[from] brn\n|-damage|p2a: Slowking|94\/100 brn|[from] brn\n|upkeep\n|turn|70\n|\n|t:|1700203248\n|switch|p2a: Great Tusk|Great Tusk|100\/100\n|move|p1a: Alomomola|Flip Turn|p2a: Great Tusk\n|-supereffective|p2a: Great Tusk\n|-damage|p2a: Great Tusk|89\/100\n|\n|t:|1700203261\n|switch|p1a: Dondozo|Dondozo, F|69\/100|[from] Flip Turn\n|\n|-weather|Snow|[upkeep]\n|-heal|p2a: Great Tusk|96\/100|[from] item: Leftovers\n|upkeep\n|turn|71\n|l| pertpert\n|\n|t:|1700203267\n|move|p2a: Great Tusk|Earthquake|p1a: Dondozo\n|-damage|p1a: Dondozo|35\/100\n|move|p1a: Dondozo|Wave Crash|p2a: Great Tusk\n|-supereffective|p2a: Great Tusk\n|-damage|p2a: Great Tusk|40\/100\n|-damage|p1a: Dondozo|19\/100|[from] Recoil\n|\n|-weather|none\n|-heal|p2a: Great Tusk|47\/100|[from] item: Leftovers\n|upkeep\n|turn|72\n|\n|t:|1700203276\n|switch|p1a: Corviknight|Corviknight, M|86\/100\n|-ability|p1a: Corviknight|Pressure\n|move|p2a: Great Tusk|Earthquake|p1a: Corviknight\n|-immune|p1a: Corviknight\n|\n|-heal|p2a: Great Tusk|53\/100|[from] item: Leftovers\n|upkeep\n|turn|73\n|\n|t:|1700203284\n|-end|p2a: Great Tusk|Protosynthesis|[silent]\n|switch|p2a: Slowking|Slowking, M|100\/100 brn\n|move|p1a: Corviknight|Brave Bird|p2a: Slowking\n|-damage|p2a: Slowking|62\/100 brn\n|-damage|p1a: Corviknight|72\/100|[from] Recoil\n|\n|-heal|p2a: Slowking|68\/100 brn|[from] item: Leftovers\n|-damage|p2a: Slowking|62\/100 brn|[from] brn\n|upkeep\n|turn|74\n|\n|t:|1700203294\n|switch|p1a: Alomomola|Alomomola, M|100\/100 brn\n|move|p2a: Slowking|Scald|p1a: Alomomola\n|-resisted|p1a: Alomomola\n|-damage|p1a: Alomomola|87\/100 brn\n|\n|-heal|p2a: Slowking|68\/100 brn|[from] item: Leftovers\n|-damage|p1a: Alomomola|81\/100 brn|[from] brn\n|-damage|p2a: Slowking|62\/100 brn|[from] brn\n|upkeep\n|turn|75\n|\n|t:|1700203311\n|switch|p2a: Scizor|Scizor, M|17\/100\n|move|p1a: Alomomola|Wish|p1a: Alomomola\n|\n|-damage|p1a: Alomomola|75\/100 brn|[from] brn\n|upkeep\n|turn|76\n|\n|t:|1700203321\n|switch|p1a: Corviknight|Corviknight, M|72\/100\n|-ability|p1a: Corviknight|Pressure\n|move|p2a: Scizor|Close Combat|p1a: Corviknight\n|-damage|p1a: Corviknight|24\/100\n|-unboost|p2a: Scizor|def|1\n|-unboost|p2a: Scizor|spd|1\n|\n|-heal|p1a: Corviknight|88\/100|[from] move: Wish|[wisher] Alomomola\n|upkeep\n|turn|77\n|\n|t:|1700203333\n|switch|p2a: Slowking|Slowking, M|95\/100 brn\n|move|p1a: Corviknight|Brave Bird|p2a: Slowking\n|-damage|p2a: Slowking|55\/100 brn\n|-damage|p1a: Corviknight|74\/100|[from] Recoil\n|\n|-heal|p2a: Slowking|61\/100 brn|[from] item: Leftovers\n|-damage|p2a: Slowking|55\/100 brn|[from] brn\n|upkeep\n|turn|78\n|\n|t:|1700203342\n|switch|p1a: Alomomola|Alomomola, M|100\/100 brn\n|move|p2a: Slowking|Chilly Reception|p2a: Slowking\n|-weather|Snow\n|\n|t:|1700203351\n|switch|p2a: Great Tusk|Great Tusk|53\/100|[from] Chilly Reception\n|\n|-weather|Snow|[upkeep]\n|-heal|p2a: Great Tusk|59\/100|[from] item: Leftovers\n|-damage|p1a: Alomomola|94\/100 brn|[from] brn\n|upkeep\n|turn|79\n|\n|t:|1700203360\n|move|p2a: Great Tusk|Earthquake|p1a: Alomomola\n|-crit|p1a: Alomomola\n|-damage|p1a: Alomomola|44\/100 brn\n|move|p1a: Alomomola|Flip Turn|p2a: Great Tusk\n|-supereffective|p2a: Great Tusk\n|-damage|p2a: Great Tusk|48\/100\n|\n|t:|1700203366\n|switch|p1a: Corviknight|Corviknight, M|74\/100|[from] Flip Turn\n|-ability|p1a: Corviknight|Pressure\n|\n|-weather|Snow|[upkeep]\n|-heal|p2a: Great Tusk|54\/100|[from] item: Leftovers\n|upkeep\n|turn|80\n|\n|t:|1700203374\n|-end|p2a: Great Tusk|Protosynthesis|[silent]\n|switch|p2a: Slowking|Slowking, M|89\/100 brn\n|move|p1a: Corviknight|Brave Bird|p2a: Slowking\n|-damage|p2a: Slowking|53\/100 brn\n|-damage|p1a: Corviknight|62\/100|[from] Recoil\n|\n|-weather|Snow|[upkeep]\n|-heal|p2a: Slowking|59\/100 brn|[from] item: Leftovers\n|-damage|p2a: Slowking|53\/100 brn|[from] brn\n|upkeep\n|turn|81\n|\n|t:|1700203384\n|switch|p1a: Alomomola|Alomomola, M|77\/100 brn\n|move|p2a: Slowking|Future Sight|p1a: Alomomola\n|-start|p2a: Slowking|move: Future Sight\n|\n|-weather|Snow|[upkeep]\n|-heal|p2a: Slowking|59\/100 brn|[from] item: Leftovers\n|-damage|p1a: Alomomola|71\/100 brn|[from] brn\n|-damage|p2a: Slowking|53\/100 brn|[from] brn\n|upkeep\n|turn|82\n|\n|t:|1700203393\n|move|p1a: Alomomola|Flip Turn|p2a: Slowking\n|-resisted|p2a: Slowking\n|-damage|p2a: Slowking|49\/100 brn\n|\n|t:|1700203402\n|switch|p1a: Weavile|Weavile, M|100\/100|[from] Flip Turn\n|-ability|p1a: Weavile|Pressure\n|move|p2a: Slowking|Chilly Reception|p2a: Slowking\n|\n|t:|1700203409\n|switch|p2a: Scizor|Scizor, M|17\/100|[from] Chilly Reception\n|\n|-weather|none\n|upkeep\n|turn|83\n|\n|t:|1700203414\n|move|p1a: Weavile|Protect|p1a: Weavile\n|-singleturn|p1a: Weavile|Protect\n|move|p2a: Scizor|Bullet Punch|p1a: Weavile\n|-activate|p1a: Weavile|move: Protect\n|\n|-end|p1a: Weavile|move: Future Sight\n|-immune|p1a: Weavile\n|upkeep\n|turn|84\n|\n|t:|1700203435\n|switch|p1a: Ting-Lu|Ting-Lu|88\/100\n|-ability|p1a: Ting-Lu|Vessel of Ruin\n|move|p2a: Scizor|Bullet Punch|p1a: Ting-Lu\n|-damage|p1a: Ting-Lu|60\/100\n|\n|-heal|p1a: Ting-Lu|67\/100|[from] item: Leftovers\n|upkeep\n|turn|85\n|\n|t:|1700203445\n|switch|p2a: Great Tusk|Great Tusk|54\/100\n|move|p1a: Ting-Lu|Earthquake|p2a: Great Tusk\n|-damage|p2a: Great Tusk|30\/100\n|\n|-heal|p2a: Great Tusk|36\/100|[from] item: Leftovers\n|-heal|p1a: Ting-Lu|73\/100|[from] item: Leftovers\n|upkeep\n|turn|86\n|\n|t:|1700203454\n|switch|p1a: Corviknight|Corviknight, M|62\/100\n|-ability|p1a: Corviknight|Pressure\n|move|p2a: Great Tusk|Bulk Up|p2a: Great Tusk\n|-boost|p2a: Great Tusk|atk|1\n|-boost|p2a: Great Tusk|def|1\n|\n|-heal|p2a: Great Tusk|42\/100|[from] item: Leftovers\n|upkeep\n|turn|87\n|\n|t:|1700203462\n|move|p2a: Great Tusk|Bulk Up|p2a: Great Tusk\n|-boost|p2a: Great Tusk|atk|1\n|-boost|p2a: Great Tusk|def|1\n|move|p1a: Corviknight|Roost|p1a: Corviknight\n|-heal|p1a: Corviknight|100\/100\n|-singleturn|p1a: Corviknight|move: Roost\n|\n|-heal|p2a: Great Tusk|48\/100|[from] item: Leftovers\n|upkeep\n|turn|88\n|\n|t:|1700203471\n|move|p2a: Great Tusk|Bulk Up|p2a: Great Tusk\n|-boost|p2a: Great Tusk|atk|1\n|-boost|p2a: Great Tusk|def|1\n|move|p1a: Corviknight|Iron Defense|p1a: Corviknight\n|-boost|p1a: Corviknight|def|2\n|\n|-heal|p2a: Great Tusk|55\/100|[from] item: Leftovers\n|upkeep\n|turn|89\n|\n|t:|1700203480\n|move|p2a: Great Tusk|Knock Off|p1a: Corviknight\n|-damage|p1a: Corviknight|82\/100\n|move|p1a: Corviknight|Iron Defense|p1a: Corviknight\n|-boost|p1a: Corviknight|def|2\n|\n|-heal|p2a: Great Tusk|61\/100|[from] item: Leftovers\n|upkeep\n|turn|90\n|\n|t:|1700203487\n|move|p2a: Great Tusk|Bulk Up|p2a: Great Tusk\n|-boost|p2a: Great Tusk|atk|1\n|-boost|p2a: Great Tusk|def|1\n|move|p1a: Corviknight|Brave Bird|p2a: Great Tusk\n|-supereffective|p2a: Great Tusk\n|-damage|p2a: Great Tusk|44\/100\n|-damage|p1a: Corviknight|75\/100|[from] Recoil\n|\n|-heal|p2a: Great Tusk|50\/100|[from] item: Leftovers\n|upkeep\n|turn|91\n|\n|t:|1700203496\n|-terastallize|p2a: Great Tusk|Water\n|move|p2a: Great Tusk|Bulk Up|p2a: Great Tusk\n|-boost|p2a: Great Tusk|atk|1\n|-boost|p2a: Great Tusk|def|1\n|move|p1a: Corviknight|Iron Defense|p1a: Corviknight\n|-boost|p1a: Corviknight|def|2\n|\n|-heal|p2a: Great Tusk|56\/100|[from] item: Leftovers\n|upkeep\n|turn|92\n|\n|t:|1700203506\n|move|p2a: Great Tusk|Bulk Up|p2a: Great Tusk\n|-boost|p2a: Great Tusk|atk|1\n|-boost|p2a: Great Tusk|def|1\n|move|p1a: Corviknight|Brave Bird|p2a: Great Tusk\n|-damage|p2a: Great Tusk|50\/100\n|-damage|p1a: Corviknight|73\/100|[from] Recoil\n|\n|-heal|p2a: Great Tusk|57\/100|[from] item: Leftovers\n|upkeep\n|turn|93\n|\n|t:|1700203518\n|move|p2a: Great Tusk|Rapid Spin|p1a: Corviknight\n|-resisted|p1a: Corviknight\n|-damage|p1a: Corviknight|68\/100\n|-boost|p2a: Great Tusk|spe|1\n|move|p1a: Corviknight|Roost|p1a: Corviknight\n|-heal|p1a: Corviknight|100\/100\n|-singleturn|p1a: Corviknight|move: Roost\n|\n|-heal|p2a: Great Tusk|63\/100|[from] item: Leftovers\n|upkeep\n|turn|94\n|\n|t:|1700203529\n|move|p2a: Great Tusk|Rapid Spin|p1a: Corviknight\n|-resisted|p1a: Corviknight\n|-damage|p1a: Corviknight|95\/100\n|-boost|p2a: Great Tusk|spe|1\n|move|p1a: Corviknight|Defog|p2a: Great Tusk\n|-unboost|p2a: Great Tusk|evasion|1\n|\n|-heal|p2a: Great Tusk|69\/100|[from] item: Leftovers\n|upkeep\n|turn|95\n|\n|t:|1700203539\n|move|p2a: Great Tusk|Knock Off|p1a: Corviknight\n|-damage|p1a: Corviknight|78\/100\n|move|p1a: Corviknight|Defog|p2a: Great Tusk\n|-unboost|p2a: Great Tusk|evasion|1\n|\n|-heal|p2a: Great Tusk|75\/100|[from] item: Leftovers\n|upkeep\n|turn|96\n|\n|t:|1700203546\n|move|p2a: Great Tusk|Knock Off|p1a: Corviknight\n|-damage|p1a: Corviknight|62\/100\n|move|p1a: Corviknight|Iron Defense|p1a: Corviknight\n|-boost|p1a: Corviknight|def|0\n|\n|-heal|p2a: Great Tusk|82\/100|[from] item: Leftovers\n|upkeep\n|turn|97\n|inactive|Steve Kirlia has 120 seconds left.\n|\n|t:|1700203557\n|move|p2a: Great Tusk|Knock Off|p1a: Corviknight\n|-damage|p1a: Corviknight|45\/100\n|move|p1a: Corviknight|Iron Defense|p1a: Corviknight\n|-boost|p1a: Corviknight|def|0\n|\n|-heal|p2a: Great Tusk|88\/100|[from] item: Leftovers\n|upkeep\n|turn|98\n|inactive|Steve Kirlia has 120 seconds left.\n|\n|t:|1700203564\n|move|p2a: Great Tusk|Knock Off|p1a: Corviknight\n|-damage|p1a: Corviknight|27\/100\n|move|p1a: Corviknight|Roost|p1a: Corviknight\n|-heal|p1a: Corviknight|77\/100\n|-singleturn|p1a: Corviknight|move: Roost\n|\n|-heal|p2a: Great Tusk|94\/100|[from] item: Leftovers\n|upkeep\n|turn|99\n|inactive|Steve Kirlia has 120 seconds left.\n|j| tyrantkingdad\n|\n|t:|1700203578\n|move|p2a: Great Tusk|Knock Off|p1a: Corviknight\n|-damage|p1a: Corviknight|60\/100\n|move|p1a: Corviknight|Defog|p2a: Great Tusk\n|-unboost|p2a: Great Tusk|evasion|1\n|\n|-heal|p2a: Great Tusk|99\/100|[from] item: Leftovers\n|upkeep\n|turn|100\n|\n|t:|1700203589\n|move|p2a: Great Tusk|Rapid Spin|p1a: Corviknight\n|-resisted|p1a: Corviknight\n|-damage|p1a: Corviknight|54\/100\n|-boost|p2a: Great Tusk|spe|1\n|move|p1a: Corviknight|Roost|p1a: Corviknight\n|-heal|p1a: Corviknight|100\/100\n|-singleturn|p1a: Corviknight|move: Roost\n|\n|-heal|p2a: Great Tusk|100\/100|[from] item: Leftovers\n|upkeep\n|turn|101\n|\n|t:|1700203599\n|move|p2a: Great Tusk|Rapid Spin|p1a: Corviknight\n|-resisted|p1a: Corviknight\n|-damage|p1a: Corviknight|95\/100\n|-boost|p2a: Great Tusk|spe|1\n|move|p1a: Corviknight|Iron Defense|p1a: Corviknight\n|-boost|p1a: Corviknight|def|0\n|\n|upkeep\n|turn|102\n|\n|t:|1700203608\n|move|p2a: Great Tusk|Rapid Spin|p1a: Corviknight\n|-resisted|p1a: Corviknight\n|-damage|p1a: Corviknight|89\/100\n|-boost|p2a: Great Tusk|spe|1\n|move|p1a: Corviknight|Defog|p2a: Great Tusk\n|-unboost|p2a: Great Tusk|evasion|1\n|\n|upkeep\n|turn|103\n|\n|t:|1700203616\n|move|p2a: Great Tusk|Rapid Spin|p1a: Corviknight\n|-resisted|p1a: Corviknight\n|-damage|p1a: Corviknight|83\/100\n|-boost|p2a: Great Tusk|spe|1\n|move|p1a: Corviknight|Iron Defense|p1a: Corviknight\n|-boost|p1a: Corviknight|def|0\n|\n|upkeep\n|turn|104\n|\n|t:|1700203624\n|move|p2a: Great Tusk|Rapid Spin|p1a: Corviknight\n|-resisted|p1a: Corviknight\n|-damage|p1a: Corviknight|76\/100\n|move|p1a: Corviknight|Defog|p2a: Great Tusk\n|-unboost|p2a: Great Tusk|evasion|1\n|\n|upkeep\n|turn|105\n|\n|t:|1700203630\n|move|p2a: Great Tusk|Rapid Spin|p1a: Corviknight\n|-resisted|p1a: Corviknight\n|-damage|p1a: Corviknight|70\/100\n|move|p1a: Corviknight|Iron Defense|p1a: Corviknight\n|-boost|p1a: Corviknight|def|0\n|\n|upkeep\n|turn|106\n|\n|t:|1700203636\n|move|p2a: Great Tusk|Rapid Spin|p1a: Corviknight\n|-resisted|p1a: Corviknight\n|-damage|p1a: Corviknight|64\/100\n|move|p1a: Corviknight|Iron Defense|p1a: Corviknight\n|-boost|p1a: Corviknight|def|0\n|\n|upkeep\n|turn|107\n|\n|t:|1700203641\n|move|p2a: Great Tusk|Rapid Spin|p1a: Corviknight\n|-resisted|p1a: Corviknight\n|-damage|p1a: Corviknight|57\/100\n|move|p1a: Corviknight|Defog|p2a: Great Tusk\n|-unboost|p2a: Great Tusk|evasion|1\n|\n|upkeep\n|turn|108\n|\n|t:|1700203647\n|move|p2a: Great Tusk|Rapid Spin|p1a: Corviknight\n|-resisted|p1a: Corviknight\n|-damage|p1a: Corviknight|51\/100\n|move|p1a: Corviknight|Iron Defense|p1a: Corviknight\n|-boost|p1a: Corviknight|def|0\n|\n|upkeep\n|turn|109\n|\n|t:|1700203653\n|move|p2a: Great Tusk|Rapid Spin|p1a: Corviknight\n|-resisted|p1a: Corviknight\n|-damage|p1a: Corviknight|44\/100\n|move|p1a: Corviknight|Roost|p1a: Corviknight\n|-heal|p1a: Corviknight|94\/100\n|-singleturn|p1a: Corviknight|move: Roost\n|\n|upkeep\n|turn|110\n|\n|t:|1700203661\n|move|p2a: Great Tusk|Rapid Spin|p1a: Corviknight\n|-resisted|p1a: Corviknight\n|-damage|p1a: Corviknight|88\/100\n|move|p1a: Corviknight|Iron Defense|p1a: Corviknight\n|-boost|p1a: Corviknight|def|0\n|\n|upkeep\n|turn|111\n|\n|t:|1700203666\n|move|p2a: Great Tusk|Rapid Spin|p1a: Corviknight\n|-resisted|p1a: Corviknight\n|-damage|p1a: Corviknight|82\/100\n|move|p1a: Corviknight|Defog||[still]\n|-unboost|p2a: Great Tusk|evasion|0\n|-fail|p1a: Corviknight\n|\n|upkeep\n|turn|112\n|\n|t:|1700203673\n|move|p2a: Great Tusk|Rapid Spin|p1a: Corviknight\n|-resisted|p1a: Corviknight\n|-damage|p1a: Corviknight|75\/100\n|move|p1a: Corviknight|Defog||[still]\n|-unboost|p2a: Great Tusk|evasion|0\n|-fail|p1a: Corviknight\n|\n|upkeep\n|turn|113\n|\n|t:|1700203680\n|move|p2a: Great Tusk|Rapid Spin|p1a: Corviknight\n|-resisted|p1a: Corviknight\n|-damage|p1a: Corviknight|69\/100\n|move|p1a: Corviknight|Defog||[still]\n|-unboost|p2a: Great Tusk|evasion|0\n|-fail|p1a: Corviknight\n|\n|upkeep\n|turn|114\n|\n|t:|1700203686\n|move|p2a: Great Tusk|Rapid Spin|p1a: Corviknight\n|-resisted|p1a: Corviknight\n|-damage|p1a: Corviknight|63\/100\n|move|p1a: Corviknight|Iron Defense|p1a: Corviknight\n|-boost|p1a: Corviknight|def|0\n|\n|upkeep\n|turn|115\n|\n|t:|1700203696\n|move|p2a: Great Tusk|Rapid Spin|p1a: Corviknight\n|-resisted|p1a: Corviknight\n|-damage|p1a: Corviknight|57\/100\n|move|p1a: Corviknight|Iron Defense|p1a: Corviknight\n|-boost|p1a: Corviknight|def|0\n|\n|upkeep\n|turn|116\n|\n|t:|1700203703\n|move|p2a: Great Tusk|Bulk Up|p2a: Great Tusk\n|-boost|p2a: Great Tusk|atk|0\n|-boost|p2a: Great Tusk|def|0\n|move|p1a: Corviknight|Defog||[still]\n|-unboost|p2a: Great Tusk|evasion|0\n|-fail|p1a: Corviknight\n|\n|upkeep\n|turn|117\n|\n|t:|1700203711\n|move|p2a: Great Tusk|Bulk Up|p2a: Great Tusk\n|-boost|p2a: Great Tusk|atk|0\n|-boost|p2a: Great Tusk|def|0\n|move|p1a: Corviknight|Defog||[still]\n|-unboost|p2a: Great Tusk|evasion|0\n|-fail|p1a: Corviknight\n|\n|upkeep\n|turn|118\n|\n|t:|1700203718\n|move|p2a: Great Tusk|Bulk Up|p2a: Great Tusk\n|-boost|p2a: Great Tusk|atk|0\n|-boost|p2a: Great Tusk|def|0\n|move|p1a: Corviknight|Iron Defense|p1a: Corviknight\n|-boost|p1a: Corviknight|def|0\n|\n|upkeep\n|turn|119\n|\n|t:|1700203725\n|move|p2a: Great Tusk|Bulk Up|p2a: Great Tusk\n|-boost|p2a: Great Tusk|atk|0\n|-boost|p2a: Great Tusk|def|0\n|move|p1a: Corviknight|Defog||[still]\n|-unboost|p2a: Great Tusk|evasion|0\n|-fail|p1a: Corviknight\n|\n|upkeep\n|turn|120\n|\n|t:|1700203734\n|move|p2a: Great Tusk|Bulk Up|p2a: Great Tusk\n|-boost|p2a: Great Tusk|atk|0\n|-boost|p2a: Great Tusk|def|0\n|move|p1a: Corviknight|Defog||[still]\n|-unboost|p2a: Great Tusk|evasion|0\n|-fail|p1a: Corviknight\n|\n|upkeep\n|turn|121\n|\n|t:|1700203741\n|move|p2a: Great Tusk|Bulk Up|p2a: Great Tusk\n|-boost|p2a: Great Tusk|atk|0\n|-boost|p2a: Great Tusk|def|0\n|move|p1a: Corviknight|Brave Bird|p2a: Great Tusk\n|-damage|p2a: Great Tusk|94\/100\n|-damage|p1a: Corviknight|54\/100|[from] Recoil\n|\n|-heal|p2a: Great Tusk|100\/100|[from] item: Leftovers\n|upkeep\n|turn|122\n|\n|t:|1700203752\n|move|p2a: Great Tusk|Knock Off|p1a: Corviknight\n|-crit|p1a: Corviknight\n|-damage|p1a: Corviknight|0 fnt\n|faint|p1a: Corviknight\n|\n|upkeep\n|-message|Steve Kirlia forfeited.\n|\n|win|Blurred Ace\n|raw|Steve Kirlia's rating: 1637 &rarr; <strong>1615<\/strong><br \/>(-22 for losing)\n|raw|Blurred Ace's rating: 1598 &rarr; <strong>1620<\/strong><br \/>(+22 for winning)\n|c|\u2606Steve Kirlia|GG\n|l|\u2606Steve Kirlia\n|c|\u2606Blurred Ace|Lol\n","uploadtime":1700203782,"views":9,"p1id":"stevekirlia","p2id":"blurredace","formatid":"gen9ou","rating":1615,"private":0,"password":""}