{"id":"gen9ou-1990363725","p1":"FNS\u2022Medhaos","p2":"Jodsalz","format":"[Gen 9] OU","log":"|j|\u2606FNS\u2022Medhaos\n|j|\u2606Jodsalz\n|t:|1699962489\n|gametype|singles\n|player|p1|FNS\u2022Medhaos|gambler|1111\n|player|p2|Jodsalz|169|1042\n|teamsize|p1|6\n|teamsize|p2|6\n|gen|9\n|tier|[Gen 9] OU\n|rated|\n|rule|Sleep Clause Mod: Limit one foe put to sleep\n|rule|Species Clause: Limit one of each Pok\u00e9mon\n|rule|OHKO Clause: OHKO moves are banned\n|rule|Evasion Items Clause: Evasion items are banned\n|rule|Evasion Moves Clause: Evasion moves are banned\n|rule|Endless Battle Clause: Forcing endless battles is banned\n|rule|HP Percentage Mod: HP is shown in percentages\n|clearpoke\n|poke|p1|Gholdengo|\n|poke|p1|Glimmora, M|\n|poke|p1|Ribombee, F|\n|poke|p1|Iron Valiant|\n|poke|p1|Kingambit, M|\n|poke|p1|Samurott-Hisui, F|\n|poke|p2|Meowscarada, F|\n|poke|p2|Torkoal, M|\n|poke|p2|Bronzong|\n|poke|p2|Yanmega, F|\n|poke|p2|Grafaiai, M|\n|poke|p2|Dragalge, F|\n|teampreview\n|inactive|Battle timer is ON: inactive players will automatically lose when time's up. (requested by Jodsalz)\n|\n|t:|1699962497\n|start\n|switch|p1a: Samurott|Samurott-Hisui, F|100\/100\n|switch|p2a: Dragalge|Dragalge, F|100\/100\n|turn|1\n|\n|t:|1699962507\n|move|p1a: Samurott|Ceaseless Edge|p2a: Dragalge\n|-damage|p2a: Dragalge|47\/100\n|-sidestart|p2: Jodsalz|Spikes\n|move|p2a: Dragalge|Sludge Bomb|p1a: Samurott\n|-damage|p1a: Samurott|0 fnt\n|faint|p1a: Samurott\n|\n|upkeep\n|\n|t:|1699962525\n|switch|p1a: Ribombee|Ribombee, F|100\/100\n|turn|2\n|\n|t:|1699962528\n|move|p1a: Ribombee|Sticky Web|p2a: Dragalge\n|-sidestart|p2: Jodsalz|move: Sticky Web\n|move|p2a: Dragalge|Sludge Bomb|p1a: Ribombee\n|-supereffective|p1a: Ribombee\n|-enditem|p1a: Ribombee|Focus Sash\n|-damage|p1a: Ribombee|1\/100\n|\n|upkeep\n|turn|3\n|\n|t:|1699962536\n|switch|p2a: 1750|Torkoal, M|100\/100\n|-damage|p2a: 1750|88\/100|[from] Spikes\n|-activate|p2a: 1750|move: Sticky Web\n|-fail|p2a: 1750|unboost|[from] ability: White Smoke|[of] p2a: 1750\n|move|p1a: Ribombee|Bug Buzz|p2a: 1750\n|-resisted|p2a: 1750\n|-damage|p2a: 1750|64\/100\n|\n|upkeep\n|turn|4\n|\n|t:|1699962553\n|move|p1a: Ribombee|U-turn|p2a: 1750\n|-resisted|p2a: 1750\n|-damage|p2a: 1750|60\/100\n|\n|t:|1699962558\n|switch|p1a: Glimmora|Glimmora, M|100\/100|[from] U-turn\n|move|p2a: 1750|Rapid Spin|p1a: Glimmora\n|-resisted|p1a: Glimmora\n|-crit|p1a: Glimmora\n|-damage|p1a: Glimmora|95\/100\n|-boost|p2a: 1750|spe|1\n|-activate|p1a: Glimmora|ability: Toxic Debris\n|-sidestart|p2: Jodsalz|move: Toxic Spikes\n|-sideend|p2: Jodsalz|Spikes|[from] move: Rapid Spin|[of] p2a: 1750\n|-sideend|p2: Jodsalz|Toxic Spikes|[from] move: Rapid Spin|[of] p2a: 1750\n|-sideend|p2: Jodsalz|Sticky Web|[from] move: Rapid Spin|[of] p2a: 1750\n|\n|-heal|p1a: Glimmora|100\/100|[from] item: Black Sludge\n|upkeep\n|turn|5\n|\n|t:|1699962579\n|switch|p2a: 500|Grafaiai, M|100\/100\n|move|p1a: Glimmora|Stealth Rock|p2a: 500\n|-sidestart|p2: Jodsalz|move: Stealth Rock\n|\n|upkeep\n|turn|6\n|\n|t:|1699962584\n|move|p2a: 500|Encore|p1a: Glimmora\n|-start|p1a: Glimmora|Encore\n|move|p1a: Glimmora|Stealth Rock||[still]\n|-fail|p1a: Glimmora\n|\n|upkeep\n|turn|7\n|\n|t:|1699962591\n|switch|p1a: Gholdengo|Gholdengo|100\/100\n|-item|p1a: Gholdengo|Air Balloon\n|move|p2a: 500|Knock Off|p1a: Gholdengo\n|-supereffective|p1a: Gholdengo\n|-damage|p1a: Gholdengo|36\/100\n|-enditem|p1a: Gholdengo|Air Balloon\n|\n|upkeep\n|turn|8\n|\n|t:|1699962599\n|move|p2a: 500|Knock Off|p1a: Gholdengo\n|-supereffective|p1a: Gholdengo\n|-damage|p1a: Gholdengo|0 fnt\n|faint|p1a: Gholdengo\n|\n|upkeep\n|\n|t:|1699962604\n|switch|p1a: Ribombee|Ribombee, F|1\/100\n|turn|9\n|\n|t:|1699962614\n|switch|p2a: 1750|Torkoal, M|60\/100\n|-damage|p2a: 1750|35\/100|[from] Stealth Rock\n|move|p1a: Ribombee|Sticky Web|p2a: 1750\n|-sidestart|p2: Jodsalz|move: Sticky Web\n|\n|upkeep\n|turn|10\n|\n|t:|1699962623\n|move|p1a: Ribombee|Moonblast|p2a: 1750\n|-resisted|p2a: 1750\n|-damage|p2a: 1750|10\/100\n|move|p2a: 1750|Rapid Spin|p1a: Ribombee\n|-damage|p1a: Ribombee|0 fnt\n|-boost|p2a: 1750|spe|1\n|-sideend|p2: Jodsalz|Stealth Rock|[from] move: Rapid Spin|[of] p2a: 1750\n|-sideend|p2: Jodsalz|Sticky Web|[from] move: Rapid Spin|[of] p2a: 1750\n|faint|p1a: Ribombee\n|\n|upkeep\n|\n|t:|1699962627\n|switch|p1a: Glimmora|Glimmora, M|100\/100\n|turn|11\n|\n|t:|1699962641\n|move|p1a: Glimmora|Earth Power|p2a: 1750\n|-supereffective|p2a: 1750\n|-damage|p2a: 1750|0 fnt\n|faint|p2a: 1750\n|\n|upkeep\n|\n|t:|1699962648\n|switch|p2a: 750|Bronzong|100\/100\n|turn|12\n|\n|t:|1699962654\n|move|p1a: Glimmora|Stealth Rock|p2a: 750\n|-sidestart|p2: Jodsalz|move: Stealth Rock\n|move|p2a: 750|Iron Defense|p2a: 750\n|-boost|p2a: 750|def|2\n|\n|upkeep\n|turn|13\n|\n|t:|1699962660\n|move|p1a: Glimmora|Spikes|p2a: 750\n|-sidestart|p2: Jodsalz|Spikes\n|move|p2a: 750|Iron Defense|p2a: 750\n|-boost|p2a: 750|def|2\n|\n|upkeep\n|turn|14\n|\n|t:|1699962666\n|move|p1a: Glimmora|Spikes|p2a: 750\n|-sidestart|p2: Jodsalz|Spikes\n|move|p2a: 750|Iron Defense|p2a: 750\n|-boost|p2a: 750|def|2\n|\n|upkeep\n|turn|15\n|\n|t:|1699962675\n|move|p1a: Glimmora|Spikes|p2a: 750\n|-sidestart|p2: Jodsalz|Spikes\n|move|p2a: 750|Gyro Ball|p1a: Glimmora\n|-supereffective|p1a: Glimmora\n|-crit|p1a: Glimmora\n|-damage|p1a: Glimmora|45\/100\n|-activate|p1a: Glimmora|ability: Toxic Debris\n|-sidestart|p2: Jodsalz|move: Toxic Spikes\n|\n|-heal|p1a: Glimmora|51\/100|[from] item: Black Sludge\n|upkeep\n|turn|16\n|\n|t:|1699962688\n|move|p1a: Glimmora|Spiky Shield|p1a: Glimmora\n|-singleturn|p1a: Glimmora|move: Protect\n|move|p2a: 750|Body Press|p1a: Glimmora\n|-activate|p1a: Glimmora|move: Protect\n|-damage|p2a: 750|88\/100|[from] Spiky Shield|[of] p1a: Glimmora\n|\n|-heal|p1a: Glimmora|57\/100|[from] item: Black Sludge\n|-heal|p2a: 750|94\/100|[from] item: Leftovers\n|upkeep\n|turn|17\n|\n|t:|1699962702\n|move|p1a: Glimmora|Earth Power|p2a: 750\n|-immune|p2a: 750|[from] ability: Levitate\n|move|p2a: 750|Body Press|p1a: Glimmora\n|-damage|p1a: Glimmora|0 fnt\n|-activate|p1a: Glimmora|ability: Toxic Debris\n|-sidestart|p2: Jodsalz|move: Toxic Spikes\n|faint|p1a: Glimmora\n|\n|-heal|p2a: 750|100\/100|[from] item: Leftovers\n|upkeep\n|\n|t:|1699962711\n|switch|p1a: Iron Valiant|Iron Valiant|100\/100\n|-enditem|p1a: Iron Valiant|Booster Energy\n|-activate|p1a: Iron Valiant|ability: Quark Drive|[fromitem]\n|-start|p1a: Iron Valiant|quarkdrivespe\n|turn|18\n|\n|t:|1699962725\n|move|p1a: Iron Valiant|Aura Sphere|p2a: 750\n|-damage|p2a: 750|74\/100\n|move|p2a: 750|Gyro Ball|p1a: Iron Valiant\n|-supereffective|p1a: Iron Valiant\n|-damage|p1a: Iron Valiant|0 fnt\n|faint|p1a: Iron Valiant\n|-end|p1a: Iron Valiant|Quark Drive|[silent]\n|\n|-heal|p2a: 750|80\/100|[from] item: Leftovers\n|upkeep\n|\n|t:|1699962728\n|switch|p1a: Kingambit|Kingambit, M|100\/100\n|-activate|p1a: Kingambit|ability: Supreme Overlord\n|-start|p1a: Kingambit|fallen5|[silent]\n|turn|19\n|\n|t:|1699962740\n|-terastallize|p1a: Kingambit|Flying\n|move|p1a: Kingambit|Swords Dance|p1a: Kingambit\n|-boost|p1a: Kingambit|atk|2\n|move|p2a: 750|Body Press|p1a: Kingambit\n|-resisted|p1a: Kingambit\n|-damage|p1a: Kingambit|73\/100\n|\n|-heal|p2a: 750|86\/100|[from] item: Leftovers\n|upkeep\n|turn|20\n|c|\u2606Jodsalz|Ok....\n|\n|t:|1699962758\n|move|p1a: Kingambit|Swords Dance|p1a: Kingambit\n|-boost|p1a: Kingambit|atk|2\n|move|p2a: 750|Gyro Ball|p1a: Kingambit\n|-damage|p1a: Kingambit|60\/100\n|\n|-heal|p2a: 750|93\/100|[from] item: Leftovers\n|upkeep\n|turn|21\n|c|\u2606Jodsalz|Fuck tera\n|\n|t:|1699962771\n|move|p1a: Kingambit|Sucker Punch|p2a: 750\n|-supereffective|p2a: 750\n|-damage|p2a: 750|0 fnt\n|faint|p2a: 750\n|\n|upkeep\n|\n|t:|1699962779\n|switch|p2a: 1750 2|Meowscarada, F|100\/100\n|-damage|p2a: 1750 2|88\/100|[from] Stealth Rock\n|-damage|p2a: 1750 2|63\/100|[from] Spikes\n|-status|p2a: 1750 2|tox\n|turn|22\n|\n|t:|1699962789\n|move|p1a: Kingambit|Sucker Punch|p2a: 1750 2\n|-resisted|p2a: 1750 2\n|-damage|p2a: 1750 2|0 fnt\n|faint|p2a: 1750 2\n|\n|upkeep\n|\n|t:|1699962794\n|switch|p2a: 500|Grafaiai, M|100\/100\n|-damage|p2a: 500|88\/100|[from] Stealth Rock\n|-damage|p2a: 500|63\/100|[from] Spikes\n|-sideend|p2: Jodsalz|move: Toxic Spikes|[of] p2a: 500\n|turn|23\n|\n|t:|1699962806\n|move|p2a: 500|Encore|p1a: Kingambit\n|-start|p1a: Kingambit|Encore\n|move|p1a: Kingambit|Sucker Punch||[still]\n|-fail|p1a: Kingambit\n|\n|-heal|p2a: 500|69\/100|[from] item: Black Sludge\n|upkeep\n|turn|24\n|\n|t:|1699962821\n|switch|p2a: Dragalge|Dragalge, F|47\/100\n|-damage|p2a: Dragalge|34\/100|[from] Stealth Rock\n|-damage|p2a: Dragalge|9\/100|[from] Spikes\n|move|p1a: Kingambit|Sucker Punch||[still]\n|-fail|p1a: Kingambit\n|\n|upkeep\n|turn|25\n|\n|t:|1699962837\n|switch|p2a: 1k|Yanmega, F|100\/100\n|-damage|p2a: 1k|51\/100|[from] Stealth Rock\n|move|p1a: Kingambit|Sucker Punch||[still]\n|-fail|p1a: Kingambit\n|\n|-end|p1a: Kingambit|Encore\n|upkeep\n|turn|26\n|\n|t:|1699962848\n|switch|p2a: Dragalge|Dragalge, F|9\/100\n|-damage|p2a: Dragalge|0 fnt|[from] Stealth Rock\n|faint|p2a: Dragalge\n|move|p1a: Kingambit|Kowtow Cleave|p2: Dragalge|[notarget]\n|-fail|p1a: Kingambit\n|\n|upkeep\n|\n|t:|1699962856\n|switch|p2a: 500|Grafaiai, M|69\/100\n|-damage|p2a: 500|57\/100|[from] Stealth Rock\n|-damage|p2a: 500|32\/100|[from] Spikes\n|turn|27\n|\n|t:|1699962861\n|move|p2a: 500|Encore|p1a: Kingambit\n|-start|p1a: Kingambit|Encore\n|move|p1a: Kingambit|Kowtow Cleave|p2a: 500\n|-damage|p2a: 500|0 fnt\n|faint|p2a: 500\n|\n|upkeep\n|\n|t:|1699962868\n|switch|p2a: 1k|Yanmega, F|51\/100\n|-damage|p2a: 1k|1\/100|[from] Stealth Rock\n|turn|28\n|c|\u2606FNS\u2022Medhaos|I think this is GG\n|\n|t:|1699962875\n|move|p2a: 1k|Dual Wingbeat|p1a: Kingambit|[miss]\n|-miss|p2a: 1k|p1a: Kingambit\n|move|p1a: Kingambit|Kowtow Cleave|p2a: 1k\n|-damage|p2a: 1k|0 fnt\n|faint|p2a: 1k\n|\n|win|FNS\u2022Medhaos\n|raw|FNS\u2022Medhaos's rating: 1111 &rarr; <strong>1131<\/strong><br \/>(+20 for winning)\n|raw|Jodsalz's rating: 1042 &rarr; <strong>1029<\/strong><br \/>(-13 for losing)\n|l|\u2606Jodsalz\n|c|\u2606FNS\u2022Medhaos|What a silly Pokemon\n","uploadtime":1699962902,"views":29,"p1id":"fnsmedhaos","p2id":"jodsalz","formatid":"gen9ou","rating":1029,"private":0,"password":""}