{"id":"gen9ou-1991747544","p1":"MountCoroscept","p2":"TismWarrior1","format":"[Gen 9] OU","log":"|j|\u2606MountCoroscept\n|j|\u2606TismWarrior1\n|t:|1700110450\n|gametype|singles\n|player|p1|MountCoroscept|rocketgrunt|1725\n|player|p2|TismWarrior1|medium|1790\n|teamsize|p1|6\n|teamsize|p2|6\n|gen|9\n|tier|[Gen 9] OU\n|rated|\n|rule|Sleep Clause Mod: Limit one foe put to sleep\n|rule|Species Clause: Limit one of each Pok\u00e9mon\n|rule|OHKO Clause: OHKO moves are banned\n|rule|Evasion Items Clause: Evasion items are banned\n|rule|Evasion Moves Clause: Evasion moves are banned\n|rule|Endless Battle Clause: Forcing endless battles is banned\n|rule|HP Percentage Mod: HP is shown in percentages\n|clearpoke\n|poke|p1|Mamoswine, M|\n|poke|p1|Cinderace, M|\n|poke|p1|Zapdos|\n|poke|p1|Empoleon, F|\n|poke|p1|Dragapult, F|\n|poke|p1|Rillaboom, M|\n|poke|p2|Dondozo, F|\n|poke|p2|Clefable, F|\n|poke|p2|Dragapult, M|\n|poke|p2|Skeledirge, F|\n|poke|p2|Meowscarada, F|\n|poke|p2|Zapdos|\n|teampreview\n|inactive|Battle timer is ON: inactive players will automatically lose when time's up. (requested by TismWarrior1)\n|c|\u2606MountCoroscept|LEAVE ME ALONE\n|j| blmg4ming\n|j| DR NEFARIO MD\n|inactive|TismWarrior1 has 120 seconds left.\n|j| FireHotJess\n|j| i h4t3 this game\n|j| Lucrodium\n|c|\u2606TismWarrior1|i tried but I got lucked by a 1600s player and knocked down 30 elo\n|inactive|TismWarrior1 has 90 seconds left.\n|\n|t:|1700110524\n|start\n|switch|p1a: Rillaboom|Rillaboom, M|100\/100\n|switch|p2a: Clefable|Clefable, F|100\/100\n|-fieldstart|move: Grassy Terrain|[from] ability: Grassy Surge|[of] p1a: Rillaboom\n|turn|1\n|\n|t:|1700110531\n|switch|p2a: Zapdos|Zapdos|100\/100\n|move|p1a: Rillaboom|Knock Off|p2a: Zapdos\n|-damage|p2a: Zapdos|66\/100\n|-enditem|p2a: Zapdos|Heavy-Duty Boots|[from] move: Knock Off|[of] p1a: Rillaboom\n|\n|upkeep\n|turn|2\n|j| cheese miestro\n|\n|t:|1700110538\n|switch|p1a: Zapdos|Zapdos|100\/100\n|move|p2a: Zapdos|Volt Switch|p1a: Zapdos\n|-damage|p1a: Zapdos|67\/100\n|\n|t:|1700110541\n|switch|p2a: Clefable|Clefable, F|100\/100|[from] Volt Switch\n|\n|upkeep\n|turn|3\n|\n|t:|1700110550\n|move|p1a: Zapdos|Hurricane|p2a: Clefable\n|-damage|p2a: Clefable|49\/100\n|move|p2a: Clefable|Knock Off|p1a: Zapdos\n|-damage|p1a: Zapdos|48\/100\n|-enditem|p1a: Zapdos|Heavy-Duty Boots|[from] move: Knock Off|[of] p2a: Clefable\n|\n|-heal|p2a: Clefable|55\/100|[from] Grassy Terrain\n|-heal|p2a: Clefable|61\/100|[from] item: Leftovers\n|upkeep\n|turn|4\n|j| pokemonisrigged725\n|\n|t:|1700110563\n|move|p1a: Zapdos|Hurricane|p2a: Clefable\n|-damage|p2a: Clefable|9\/100\n|move|p2a: Clefable|Moonlight|p2a: Clefable\n|-heal|p2a: Clefable|59\/100\n|\n|-heal|p2a: Clefable|65\/100|[from] Grassy Terrain\n|-heal|p2a: Clefable|71\/100|[from] item: Leftovers\n|upkeep\n|turn|5\n|\n|t:|1700110573\n|move|p1a: Zapdos|Hurricane|p2a: Clefable\n|-damage|p2a: Clefable|18\/100\n|move|p2a: Clefable|Moonlight|p2a: Clefable\n|-heal|p2a: Clefable|68\/100\n|\n|-heal|p2a: Clefable|74\/100|[from] Grassy Terrain\n|-heal|p2a: Clefable|80\/100|[from] item: Leftovers\n|-fieldend|move: Grassy Terrain\n|upkeep\n|turn|6\n|\n|t:|1700110577\n|switch|p2a: Zapdos|Zapdos|66\/100\n|move|p1a: Zapdos|Hurricane|p2a: Zapdos\n|-resisted|p2a: Zapdos\n|-damage|p2a: Zapdos|37\/100\n|\n|upkeep\n|turn|7\n|\n|t:|1700110581\n|move|p1a: Zapdos|Volt Switch|p2a: Zapdos\n|-damage|p2a: Zapdos|3\/100\n|\n|t:|1700110584\n|switch|p1a: Mamoswine|Mamoswine, M|100\/100|[from] Volt Switch\n|move|p2a: Zapdos|Roost|p2a: Zapdos\n|-heal|p2a: Zapdos|54\/100\n|-singleturn|p2a: Zapdos|move: Roost\n|\n|upkeep\n|turn|8\n|j| Roshino\n|\n|t:|1700110592\n|switch|p2a: Dondozo|Dondozo, F|100\/100\n|move|p1a: Mamoswine|Icicle Crash|p2a: Dondozo\n|-resisted|p2a: Dondozo\n|-damage|p2a: Dondozo|86\/100\n|\n|upkeep\n|turn|9\n|l| pokemonisrigged725\n|\n|t:|1700110611\n|switch|p1a: Empoleon|Empoleon, F|100\/100\n|move|p2a: Dondozo|Curse|p2a: Dondozo\n|-unboost|p2a: Dondozo|spe|1\n|-boost|p2a: Dondozo|atk|1\n|-boost|p2a: Dondozo|def|1\n|\n|upkeep\n|turn|10\n|j| TheQueerTherapist\n|\n|t:|1700110619\n|move|p1a: Empoleon|Stealth Rock|p2a: Dondozo\n|-sidestart|p2: TismWarrior1|move: Stealth Rock\n|move|p2a: Dondozo|Curse|p2a: Dondozo\n|-unboost|p2a: Dondozo|spe|1\n|-boost|p2a: Dondozo|atk|1\n|-boost|p2a: Dondozo|def|1\n|\n|upkeep\n|turn|11\n|\n|t:|1700110622\n|move|p1a: Empoleon|Yawn|p2a: Dondozo\n|-start|p2a: Dondozo|move: Yawn|[of] p1a: Empoleon\n|move|p2a: Dondozo|Earthquake|p1a: Empoleon\n|-supereffective|p1a: Empoleon\n|-damage|p1a: Empoleon|30\/100\n|\n|-heal|p1a: Empoleon|36\/100|[from] item: Leftovers\n|upkeep\n|turn|12\n|\n|t:|1700110627\n|move|p1a: Empoleon|Surf|p2a: Dondozo\n|-resisted|p2a: Dondozo\n|-damage|p2a: Dondozo|76\/100\n|move|p2a: Dondozo|Avalanche|p1a: Empoleon\n|-resisted|p1a: Empoleon\n|-damage|p1a: Empoleon|25\/100\n|\n|-heal|p1a: Empoleon|32\/100|[from] item: Leftovers\n|-end|p2a: Dondozo|move: Yawn|[silent]\n|-status|p2a: Dondozo|slp\n|upkeep\n|turn|13\n|\n|t:|1700110641\n|switch|p1a: Zapdos|Zapdos|48\/100\n|cant|p2a: Dondozo|slp\n|\n|upkeep\n|turn|14\n|j| b cfgh\n|inactive|TismWarrior1 has 120 seconds left.\n|\n|t:|1700110699\n|-terastallize|p2a: Dondozo|Dragon\n|move|p1a: Zapdos|Hurricane|p2a: Dondozo|[miss]\n|-miss|p1a: Zapdos|p2a: Dondozo\n|cant|p2a: Dondozo|slp\n|\n|upkeep\n|turn|15\n|\n|t:|1700110706\n|move|p1a: Zapdos|Hurricane|p2a: Dondozo\n|-damage|p2a: Dondozo|38\/100 slp\n|cant|p2a: Dondozo|slp\n|\n|upkeep\n|turn|16\n|\n|t:|1700110718\n|move|p1a: Zapdos|Hurricane|p2a: Dondozo\n|-damage|p2a: Dondozo|0 fnt\n|faint|p2a: Dondozo\n|\n|upkeep\n|c|\u2606TismWarrior1|modest?\n|c|\u2606MountCoroscept|timid\n|c|\u2606TismWarrior1|damn, 6.3% chance\n|inactive|TismWarrior1 has 90 seconds left.\n|\n|t:|1700110745\n|switch|p2a: Dragapult|Dragapult, M|100\/100\n|turn|17\n|\n|t:|1700110751\n|switch|p1a: Empoleon|Empoleon, F|32\/100\n|move|p2a: Dragapult|Dragon Darts|p1a: Empoleon\n|-resisted|p1a: Empoleon\n|-damage|p1a: Empoleon|24\/100\n|-anim|p2a: Dragapult|Dragon Darts|p1a: Empoleon\n|-resisted|p1a: Empoleon\n|-crit|p1a: Empoleon\n|-damage|p1a: Empoleon|10\/100\n|\n|-heal|p1a: Empoleon|16\/100|[from] item: Leftovers\n|upkeep\n|turn|18\n|\n|t:|1700110757\n|move|p2a: Dragapult|Dragon Darts|p1a: Empoleon\n|-resisted|p1a: Empoleon\n|-damage|p1a: Empoleon|7\/100\n|-anim|p2a: Dragapult|Dragon Darts|p1a: Empoleon\n|-resisted|p1a: Empoleon\n|-damage|p1a: Empoleon|0 fnt\n|faint|p1a: Empoleon\n|\n|upkeep\n|\n|t:|1700110764\n|switch|p1a: Rillaboom|Rillaboom, M|100\/100\n|-fieldstart|move: Grassy Terrain|[from] ability: Grassy Surge|[of] p1a: Rillaboom\n|turn|19\n|\n|t:|1700110773\n|move|p2a: Dragapult|U-turn|p1a: Rillaboom\n|-supereffective|p1a: Rillaboom\n|-damage|p1a: Rillaboom|63\/100\n|\n|t:|1700110775\n|switch|p2a: Zapdos|Zapdos|54\/100|[from] U-turn\n|-damage|p2a: Zapdos|29\/100|[from] Stealth Rock\n|move|p1a: Rillaboom|Knock Off|p2a: Zapdos\n|-damage|p2a: Zapdos|5\/100\n|-status|p1a: Rillaboom|par|[from] ability: Static|[of] p2a: Zapdos\n|\n|-heal|p1a: Rillaboom|70\/100 par|[from] Grassy Terrain\n|upkeep\n|turn|20\n|inactive|TismWarrior1 has 120 seconds left.\n|\n|t:|1700110787\n|cant|p1a: Rillaboom|par\n|move|p2a: Zapdos|Roost|p2a: Zapdos\n|-heal|p2a: Zapdos|56\/100\n|-singleturn|p2a: Zapdos|move: Roost\n|\n|-heal|p2a: Zapdos|62\/100|[from] Grassy Terrain\n|-heal|p1a: Rillaboom|76\/100 par|[from] Grassy Terrain\n|upkeep\n|turn|21\n|\n|t:|1700110797\n|move|p2a: Zapdos|Hurricane|p1a: Rillaboom\n|-supereffective|p1a: Rillaboom\n|-damage|p1a: Rillaboom|10\/100 par\n|cant|p1a: Rillaboom|par\n|\n|-heal|p1a: Rillaboom|17\/100 par|[from] Grassy Terrain\n|upkeep\n|turn|22\n|c|\u2606MountCoroscept|it is what it is\n|inactive|TismWarrior1 has 120 seconds left.\n|\n|t:|1700110812\n|move|p2a: Zapdos|Hurricane|p1a: Rillaboom\n|-supereffective|p1a: Rillaboom\n|-damage|p1a: Rillaboom|0 fnt\n|faint|p1a: Rillaboom\n|\n|upkeep\n|\n|t:|1700110828\n|switch|p1a: Mamoswine|Mamoswine, M|100\/100\n|turn|23\n|\n|t:|1700110847\n|move|p2a: Zapdos|Roost|p2a: Zapdos\n|-heal|p2a: Zapdos|100\/100\n|-singleturn|p2a: Zapdos|move: Roost\n|move|p1a: Mamoswine|Curse|p1a: Mamoswine\n|-unboost|p1a: Mamoswine|spe|1\n|-boost|p1a: Mamoswine|atk|1\n|-boost|p1a: Mamoswine|def|1\n|-enditem|p1a: Mamoswine|White Herb\n|-clearnegativeboost|p1a: Mamoswine|[silent]\n|\n|-fieldend|move: Grassy Terrain\n|upkeep\n|turn|24\n|j| Natty9\n|inactive|TismWarrior1 has 120 seconds left.\n|c|\u2606MountCoroscept|youll just dodge bro dont worry\n|inactive|TismWarrior1 has 90 seconds left.\n|c|\u2606TismWarrior1|fingers crossed\n|\n|t:|1700110903\n|move|p2a: Zapdos|Hurricane|p1a: Mamoswine|[miss]\n|-miss|p2a: Zapdos|p1a: Mamoswine\n|move|p1a: Mamoswine|Icicle Crash|p2a: Zapdos\n|-supereffective|p2a: Zapdos\n|-damage|p2a: Zapdos|0 fnt\n|faint|p2a: Zapdos\n|\n|upkeep\n|\n|t:|1700110912\n|switch|p2a: Skeledirge|Skeledirge, F|100\/100\n|turn|25\n|c|\u2606MountCoroscept|it was a pep talk for myself\n|inactive|TismWarrior1 has 90 seconds left.\n|j| aketsuki\n|\n|t:|1700110931\n|-terastallize|p1a: Mamoswine|Fire\n|move|p1a: Mamoswine|High Horsepower|p2a: Skeledirge\n|-supereffective|p2a: Skeledirge\n|-crit|p2a: Skeledirge\n|-damage|p2a: Skeledirge|0 fnt\n|faint|p2a: Skeledirge\n|\n|upkeep\n|inactive|TismWarrior1 has 90 seconds left.\n|c|\u2606TismWarrior1|neat set\n|c|\u2606MountCoroscept|thank\n|inactive|TismWarrior1 has 60 seconds left.\n|\n|t:|1700110974\n|switch|p2a: Clefable|Clefable, F|80\/100\n|turn|26\n|\n|t:|1700110992\n|move|p1a: Mamoswine|Icicle Crash|p2a: Clefable\n|-damage|p2a: Clefable|30\/100\n|move|p2a: Clefable|Moonlight|p2a: Clefable\n|-heal|p2a: Clefable|80\/100\n|\n|-heal|p2a: Clefable|86\/100|[from] item: Leftovers\n|upkeep\n|turn|27\n|\n|t:|1700111003\n|move|p1a: Mamoswine|High Horsepower|p2a: Clefable\n|-damage|p2a: Clefable|26\/100\n|move|p2a: Clefable|Moonlight|p2a: Clefable\n|-heal|p2a: Clefable|76\/100\n|\n|-heal|p2a: Clefable|82\/100|[from] item: Leftovers\n|upkeep\n|turn|28\n|\n|t:|1700111012\n|move|p1a: Mamoswine|High Horsepower|p2a: Clefable\n|-damage|p2a: Clefable|29\/100\n|move|p2a: Clefable|Moonblast|p1a: Mamoswine\n|-resisted|p1a: Mamoswine\n|-damage|p1a: Mamoswine|79\/100\n|-unboost|p1a: Mamoswine|spa|1\n|\n|-heal|p2a: Clefable|35\/100|[from] item: Leftovers\n|upkeep\n|turn|29\n|\n|t:|1700111016\n|move|p1a: Mamoswine|Trailblaze|p2a: Clefable\n|-damage|p2a: Clefable|15\/100\n|-boost|p1a: Mamoswine|spe|1\n|move|p2a: Clefable|Moonblast|p1a: Mamoswine\n|-resisted|p1a: Mamoswine\n|-damage|p1a: Mamoswine|58\/100\n|\n|-heal|p2a: Clefable|22\/100|[from] item: Leftovers\n|upkeep\n|turn|30\n|\n|t:|1700111027\n|move|p1a: Mamoswine|High Horsepower|p2a: Clefable\n|-damage|p2a: Clefable|0 fnt\n|faint|p2a: Clefable\n|\n|upkeep\n|\n|t:|1700111035\n|switch|p2a: Dragapult|Dragapult, M|100\/100\n|turn|31\n|inactive|TismWarrior1 has 90 seconds left.\n|\n|t:|1700111044\n|move|p1a: Mamoswine|Icicle Crash|p2a: Dragapult\n|-supereffective|p2a: Dragapult\n|-crit|p2a: Dragapult\n|-damage|p2a: Dragapult|0 fnt\n|faint|p2a: Dragapult\n|\n|upkeep\n|\n|t:|1700111047\n|switch|p2a: Meowscarada|Meowscarada, F|100\/100\n|turn|32\n|\n|t:|1700111050\n|move|p1a: Mamoswine|Icicle Crash|p2a: Meowscarada\n|-supereffective|p2a: Meowscarada\n|-damage|p2a: Meowscarada|0 fnt\n|faint|p2a: Meowscarada\n|\n|win|MountCoroscept\n|raw|MountCoroscept's rating: 1725 &rarr; <strong>1749<\/strong><br \/>(+24 for winning)\n|raw|TismWarrior1's rating: 1790 &rarr; <strong>1766<\/strong><br \/>(-24 for losing)\n|c|\u2606TismWarrior1|gg\n|c|\u2606MountCoroscept|gg\n|l| Natty9\n","uploadtime":1700111056,"views":32,"p1id":"mountcoroscept","p2id":"tismwarrior1","formatid":"gen9ou","rating":1749,"private":0,"password":""}