{"id":"gen9ou-1994333286","p1":"OUDJ CoralieSE","p2":"Le2nard","format":"[Gen 9] OU","log":"|j|\u2606OUDJ CoralieSE\n|j|\u2606Le2nard\n|t:|1700432139\n|gametype|singles\n|player|p1|OUDJ CoralieSE|dawn|1263\n|player|p2|Le2nard|swimmerf|1265\n|teamsize|p1|6\n|teamsize|p2|6\n|gen|9\n|tier|[Gen 9] OU\n|rated|\n|rule|Sleep Clause Mod: Limit one foe put to sleep\n|rule|Species Clause: Limit one of each Pok\u00e9mon\n|rule|OHKO Clause: OHKO moves are banned\n|rule|Evasion Items Clause: Evasion items are banned\n|rule|Evasion Moves Clause: Evasion moves are banned\n|rule|Endless Battle Clause: Forcing endless battles is banned\n|rule|HP Percentage Mod: HP is shown in percentages\n|clearpoke\n|poke|p1|Landorus-Therian, M|\n|poke|p1|Ninetales-Alola, F|\n|poke|p1|Dragapult, F|\n|poke|p1|Great Tusk|\n|poke|p1|Iron Moth|\n|poke|p1|Ogerpon-Cornerstone, F|\n|poke|p2|Dragapult, F|\n|poke|p2|Milotic, F|\n|poke|p2|Great Tusk|\n|poke|p2|Sneasler, F|\n|poke|p2|Zapdos|\n|poke|p2|Heatran, M|\n|teampreview\n|\n|t:|1700432164\n|start\n|switch|p1a: Rockerpon|Ogerpon-Cornerstone, F|100\/100\n|switch|p2a: Heatran|Heatran, M|100\/100\n|turn|1\n|\n|t:|1700432187\n|move|p1a: Rockerpon|Taunt|p2a: Heatran\n|-start|p2a: Heatran|move: Taunt\n|cant|p2a: Heatran|move: Taunt|Will-O-Wisp\n|\n|upkeep\n|turn|2\n|\n|t:|1700432192\n|move|p1a: Rockerpon|Spikes|p2a: Heatran\n|-sidestart|p2: Le2nard|Spikes\n|move|p2a: Heatran|Magma Storm|p1a: Rockerpon\n|-damage|p1a: Rockerpon|47\/100\n|-activate|p1a: Rockerpon|move: Magma Storm|[of] p2a: Heatran\n|\n|-damage|p1a: Rockerpon|34\/100|[from] move: Magma Storm|[partiallytrapped]\n|upkeep\n|turn|3\n|\n|t:|1700432200\n|move|p1a: Rockerpon|Ivy Cudgel|p2a: Heatran|[anim] Ivy Cudgel Rock\n|-damage|p2a: Heatran|54\/100\n|move|p2a: Heatran|Earth Power|p1a: Rockerpon\n|-damage|p1a: Rockerpon|2\/100\n|\n|-heal|p2a: Heatran|60\/100|[from] item: Leftovers\n|-damage|p1a: Rockerpon|0 fnt|[from] move: Magma Storm|[partiallytrapped]\n|faint|p1a: Rockerpon\n|-end|p2a: Heatran|move: Taunt\n|upkeep\n|\n|t:|1700432214\n|switch|p1a: Phantusk|Great Tusk|100\/100\n|-enditem|p1a: Phantusk|Booster Energy\n|-activate|p1a: Phantusk|ability: Protosynthesis|[fromitem]\n|-start|p1a: Phantusk|protosynthesisspe\n|turn|4\n|\n|t:|1700432222\n|switch|p2a: Zapdos|Zapdos|100\/100\n|move|p1a: Phantusk|Headlong Rush|p2a: Zapdos\n|-immune|p2a: Zapdos\n|\n|upkeep\n|turn|5\n|\n|t:|1700432234\n|move|p1a: Phantusk|Bulk Up|p1a: Phantusk\n|-boost|p1a: Phantusk|atk|1\n|-boost|p1a: Phantusk|def|1\n|move|p2a: Zapdos|Hurricane|p1a: Phantusk\n|-supereffective|p1a: Phantusk\n|-damage|p1a: Phantusk|0 fnt\n|faint|p1a: Phantusk\n|-end|p1a: Phantusk|Protosynthesis|[silent]\n|\n|upkeep\n|\n|t:|1700432245\n|switch|p1a: Ninetales|Ninetales-Alola, F|100\/100\n|-weather|Snow|[from] ability: Snow Warning|[of] p1a: Ninetales\n|turn|6\n|\n|t:|1700432258\n|switch|p2a: Milotic|Milotic, F|100\/100\n|move|p1a: Ninetales|Aurora Veil|p1a: Ninetales\n|-sidestart|p1: OUDJ CoralieSE|move: Aurora Veil\n|\n|-weather|Snow|[upkeep]\n|upkeep\n|turn|7\n|\n|t:|1700432267\n|move|p1a: Ninetales|Freeze-Dry|p2a: Milotic\n|-supereffective|p2a: Milotic\n|-damage|p2a: Milotic|76\/100\n|move|p2a: Milotic|Scald|p1a: Ninetales\n|-damage|p1a: Ninetales|88\/100\n|\n|-weather|Snow|[upkeep]\n|upkeep\n|turn|8\n|\n|t:|1700432279\n|switch|p1a: Stormatus|Landorus-Therian, M|100\/100\n|-ability|p1a: Stormatus|Intimidate|boost\n|-unboost|p2a: Milotic|atk|1\n|move|p2a: Milotic|Scald|p1a: Stormatus\n|-supereffective|p1a: Stormatus\n|-damage|p1a: Stormatus|63\/100\n|\n|-weather|Snow|[upkeep]\n|-heal|p1a: Stormatus|70\/100|[from] item: Leftovers\n|upkeep\n|turn|9\n|\n|t:|1700432304\n|-terastallize|p1a: Stormatus|Poison\n|move|p1a: Stormatus|Nasty Plot|p1a: Stormatus\n|-boost|p1a: Stormatus|spa|2\n|move|p2a: Milotic|Ice Beam|p1a: Stormatus\n|-damage|p1a: Stormatus|58\/100\n|\n|-weather|Snow|[upkeep]\n|-heal|p1a: Stormatus|64\/100|[from] item: Leftovers\n|upkeep\n|turn|10\n|\n|t:|1700432315\n|move|p1a: Stormatus|Sludge Bomb|p2a: Milotic\n|-damage|p2a: Milotic|27\/100\n|move|p2a: Milotic|Haze|p2a: Milotic\n|-clearallboost\n|\n|-weather|Snow|[upkeep]\n|-heal|p1a: Stormatus|70\/100|[from] item: Leftovers\n|-sideend|p1: OUDJ CoralieSE|move: Aurora Veil\n|upkeep\n|turn|11\n|c|\u2606OUDJ CoralieSE|oh no way\n|\n|t:|1700432325\n|move|p1a: Stormatus|Sludge Bomb|p2a: Milotic\n|-damage|p2a: Milotic|2\/100\n|move|p2a: Milotic|Recover|p2a: Milotic\n|-heal|p2a: Milotic|52\/100\n|\n|-weather|Snow|[upkeep]\n|-heal|p1a: Stormatus|76\/100|[from] item: Leftovers\n|upkeep\n|turn|12\n|c|\u2606OUDJ CoralieSE|omg\n|\n|t:|1700432346\n|move|p1a: Stormatus|Nasty Plot|p1a: Stormatus\n|-boost|p1a: Stormatus|spa|2\n|move|p2a: Milotic|Scald|p1a: Stormatus\n|-damage|p1a: Stormatus|40\/100\n|\n|-weather|Snow|[upkeep]\n|-heal|p1a: Stormatus|46\/100|[from] item: Leftovers\n|upkeep\n|turn|13\n|\n|t:|1700432355\n|move|p1a: Stormatus|Sludge Bomb|p2a: Milotic\n|-damage|p2a: Milotic|3\/100\n|-status|p2a: Milotic|psn\n|move|p2a: Milotic|Haze|p2a: Milotic\n|-clearallboost\n|\n|-weather|none\n|-heal|p1a: Stormatus|52\/100|[from] item: Leftovers\n|-damage|p2a: Milotic|0 fnt|[from] psn\n|faint|p2a: Milotic\n|upkeep\n|\n|t:|1700432368\n|switch|p2a: Great Tusk|Great Tusk|100\/100\n|-damage|p2a: Great Tusk|88\/100|[from] Spikes\n|turn|14\n|\n|t:|1700432376\n|switch|p1a: Ninetales|Ninetales-Alola, F|88\/100\n|-weather|Snow|[from] ability: Snow Warning|[of] p1a: Ninetales\n|move|p2a: Great Tusk|Earthquake|p1a: Ninetales\n|-damage|p1a: Ninetales|50\/100\n|\n|-weather|Snow|[upkeep]\n|-heal|p2a: Great Tusk|94\/100|[from] item: Leftovers\n|upkeep\n|turn|15\n|\n|t:|1700432392\n|move|p1a: Ninetales|Aurora Veil|p1a: Ninetales\n|-sidestart|p1: OUDJ CoralieSE|move: Aurora Veil\n|move|p2a: Great Tusk|Earthquake|p1a: Ninetales\n|-damage|p1a: Ninetales|31\/100\n|\n|-weather|Snow|[upkeep]\n|-heal|p2a: Great Tusk|100\/100|[from] item: Leftovers\n|upkeep\n|turn|16\n|\n|t:|1700432402\n|move|p1a: Ninetales|Moonblast|p2a: Great Tusk\n|-supereffective|p2a: Great Tusk\n|-crit|p2a: Great Tusk\n|-damage|p2a: Great Tusk|0 fnt\n|faint|p2a: Great Tusk\n|-end|p2a: Great Tusk|Protosynthesis|[silent]\n|\n|-weather|Snow|[upkeep]\n|upkeep\n|\n|t:|1700432406\n|switch|p2a: Heatran|Heatran, M|60\/100\n|-damage|p2a: Heatran|48\/100|[from] Spikes\n|turn|17\n|\n|t:|1700432419\n|switch|p1a: Stormatus|Landorus-Therian, M, tera:Poison|52\/100\n|-ability|p1a: Stormatus|Intimidate|boost\n|-unboost|p2a: Heatran|atk|1\n|move|p2a: Heatran|Magma Storm|p1a: Stormatus\n|-damage|p1a: Stormatus|26\/100\n|-activate|p1a: Stormatus|move: Magma Storm|[of] p2a: Heatran\n|\n|-weather|Snow|[upkeep]\n|-heal|p1a: Stormatus|32\/100|[from] item: Leftovers\n|-heal|p2a: Heatran|54\/100|[from] item: Leftovers\n|-damage|p1a: Stormatus|20\/100|[from] move: Magma Storm|[partiallytrapped]\n|upkeep\n|turn|18\n|\n|t:|1700432432\n|switch|p2a: Zapdos|Zapdos|100\/100\n|move|p1a: Stormatus|Earth Power|p2a: Zapdos\n|-immune|p2a: Zapdos\n|\n|-weather|Snow|[upkeep]\n|-heal|p1a: Stormatus|26\/100|[from] item: Leftovers\n|-end|p1a: Stormatus|Magma Storm|[partiallytrapped]|[silent]\n|upkeep\n|turn|19\n|\n|t:|1700432440\n|move|p1a: Stormatus|Weather Ball|p2a: Zapdos\n|-supereffective|p2a: Zapdos\n|-damage|p2a: Zapdos|40\/100\n|move|p2a: Zapdos|Volt Switch|p1a: Stormatus\n|-crit|p1a: Stormatus\n|-damage|p1a: Stormatus|0 fnt\n|faint|p1a: Stormatus\n|\n|t:|1700432459\n|switch|p2a: Sneasler|Sneasler, F|100\/100|[from] Volt Switch\n|-damage|p2a: Sneasler|88\/100|[from] Spikes\n|\n|-weather|Snow|[upkeep]\n|-sideend|p1: OUDJ CoralieSE|move: Aurora Veil\n|upkeep\n|\n|t:|1700432476\n|switch|p1a: Dragapult|Dragapult, F|100\/100\n|turn|20\n|\n|t:|1700432482\n|move|p2a: Sneasler|Dire Claw|p1a: Dragapult\n|-resisted|p1a: Dragapult\n|-damage|p1a: Dragapult|67\/100\n|move|p1a: Dragapult|Dragon Dance|p1a: Dragapult\n|-boost|p1a: Dragapult|atk|1\n|-boost|p1a: Dragapult|spe|1\n|\n|-weather|Snow|[upkeep]\n|upkeep\n|turn|21\n|\n|t:|1700432490\n|move|p1a: Dragapult|Dragon Darts|p2a: Sneasler\n|-crit|p2a: Sneasler\n|-damage|p2a: Sneasler|0 fnt\n|faint|p2a: Sneasler\n|\n|-weather|none\n|upkeep\n|\n|t:|1700432496\n|switch|p2a: Heatran|Heatran, M|54\/100\n|-damage|p2a: Heatran|41\/100|[from] Spikes\n|turn|22\n|\n|t:|1700432505\n|move|p1a: Dragapult|Phantom Force||[still]\n|-prepare|p1a: Dragapult|Phantom Force\n|move|p2a: Heatran|Will-O-Wisp|p1a: Dragapult|[miss]\n|-miss|p2a: Heatran|p1a: Dragapult\n|\n|-heal|p2a: Heatran|48\/100|[from] item: Leftovers\n|upkeep\n|turn|23\n|\n|t:|1700432514\n|move|p1a: Dragapult|Phantom Force|p2a: Heatran|[from]lockedmove\n|-damage|p2a: Heatran|0 fnt\n|faint|p2a: Heatran\n|\n|upkeep\n|\n|t:|1700432520\n|switch|p2a: Zapdos|Zapdos|40\/100\n|turn|24\n|\n|t:|1700432525\n|move|p1a: Dragapult|Dragon Darts|p2a: Zapdos\n|-damage|p2a: Zapdos|9\/100\n|-anim|p1a: Dragapult|Dragon Darts|p2a: Zapdos\n|-damage|p2a: Zapdos|0 fnt\n|faint|p2a: Zapdos\n|\n|upkeep\n|\n|t:|1700432527\n|switch|p2a: Dragapult|Dragapult, F|100\/100\n|-damage|p2a: Dragapult|88\/100|[from] Spikes\n|turn|25\n|\n|t:|1700432535\n|move|p1a: Dragapult|Dragon Darts|p2a: Dragapult\n|-supereffective|p2a: Dragapult\n|-damage|p2a: Dragapult|0 fnt\n|faint|p2a: Dragapult\n|\n|win|OUDJ CoralieSE\n|raw|OUDJ CoralieSE's rating: 1263 &rarr; <strong>1288<\/strong><br \/>(+25 for winning)\n|raw|Le2nard's rating: 1265 &rarr; <strong>1240<\/strong><br \/>(-25 for losing)\n|l|\u2606Le2nard\n|c|\u2606OUDJ CoralieSE|gg\n","uploadtime":1700432694,"views":8,"p1id":"oudjcoraliese","p2id":"le2nard","formatid":"gen9ou","rating":1240,"private":0,"password":""}