{"id":"gen9ou-2000371757","p1":"NightwalkerYt","p2":"Jlramal127","format":"[Gen 9] OU","log":"|j|\u203dNightwalkerYt\n|j|\u2606Jlramal127\n|t:|1701189219\n|gametype|singles\n|player|p1|NightwalkerYt|ethan|1208\n|player|p2|Jlramal127|ethan|1109\n|teamsize|p1|6\n|teamsize|p2|6\n|gen|9\n|tier|[Gen 9] OU\n|rated|\n|rule|Sleep Clause Mod: Limit one foe put to sleep\n|rule|Species Clause: Limit one of each Pok\u00e9mon\n|rule|OHKO Clause: OHKO moves are banned\n|rule|Evasion Items Clause: Evasion items are banned\n|rule|Evasion Moves Clause: Evasion moves are banned\n|rule|Endless Battle Clause: Forcing endless battles is banned\n|rule|HP Percentage Mod: HP is shown in percentages\n|clearpoke\n|poke|p1|Torkoal, M|\n|poke|p1|Great Tusk|\n|poke|p1|Lilligant-Hisui, F|\n|poke|p1|Walking Wake|\n|poke|p1|Rillaboom, M|\n|poke|p1|Ribombee, F|\n|poke|p2|Cresselia, F|\n|poke|p2|Milotic, F|\n|poke|p2|Kommo-o, M|\n|poke|p2|Ceruledge, F|\n|poke|p2|Great Tusk|\n|poke|p2|Grimmsnarl, M|\n|teampreview\n|l|\u203dNightwalkerYt\n|player|p1|\n|inactive|Battle timer is ON: inactive players will automatically lose when time's up. (requested by Jlramal127)\n|j|\u203dNightwalkerYt\n|inactive|NightwalkerYt reconnected and has 150 seconds left.\n|player|p1|NightwalkerYt|ethan\n|n|\u203dNightwalkerYt|nightwalkeryt\n|\n|t:|1701189244\n|start\n|switch|p1a: Ribombee|Ribombee, F, shiny|100\/100\n|switch|p2a: Grimmsnarl|Grimmsnarl, M, shiny|100\/100\n|turn|1\n|\n|t:|1701189254\n|move|p2a: Grimmsnarl|Light Screen|p2a: Grimmsnarl\n|-sidestart|p2: Jlramal127|move: Light Screen\n|move|p1a: Ribombee|Sticky Web|p2a: Grimmsnarl\n|-sidestart|p2: Jlramal127|move: Sticky Web\n|\n|upkeep\n|turn|2\n|\n|t:|1701189259\n|move|p2a: Grimmsnarl|Reflect|p2a: Grimmsnarl\n|-sidestart|p2: Jlramal127|Reflect\n|move|p1a: Ribombee|Quiver Dance|p1a: Ribombee\n|-boost|p1a: Ribombee|spa|1\n|-boost|p1a: Ribombee|spd|1\n|-boost|p1a: Ribombee|spe|1\n|\n|upkeep\n|turn|3\n|\n|t:|1701189266\n|move|p2a: Grimmsnarl|Parting Shot|p1a: Ribombee\n|-unboost|p1a: Ribombee|atk|1\n|-unboost|p1a: Ribombee|spa|1\n|\n|t:|1701189274\n|switch|p2a: Milotic|Milotic, F, shiny|100\/100|[from] Parting Shot\n|-activate|p2a: Milotic|move: Sticky Web\n|-unboost|p2a: Milotic|spe|1\n|move|p1a: Ribombee|Quiver Dance|p1a: Ribombee\n|-boost|p1a: Ribombee|spa|1\n|-boost|p1a: Ribombee|spd|1\n|-boost|p1a: Ribombee|spe|1\n|\n|upkeep\n|turn|4\n|\n|t:|1701189284\n|move|p1a: Ribombee|Moonblast|p2a: Milotic\n|-damage|p2a: Milotic|79\/100\n|move|p2a: Milotic|Haze|p2a: Milotic\n|-clearallboost\n|\n|-heal|p2a: Milotic|85\/100|[from] item: Leftovers\n|upkeep\n|turn|5\n|\n|t:|1701189301\n|switch|p1a: Torkoal|Torkoal, M|100\/100\n|-weather|SunnyDay|[from] ability: Drought|[of] p1a: Torkoal\n|move|p2a: Milotic|Scald|p1a: Torkoal\n|-supereffective|p1a: Torkoal\n|-damage|p1a: Torkoal|69\/100\n|\n|-weather|SunnyDay|[upkeep]\n|-heal|p2a: Milotic|91\/100|[from] item: Leftovers\n|upkeep\n|turn|6\n|\n|t:|1701189316\n|move|p2a: Milotic|Scald|p1a: Torkoal\n|-supereffective|p1a: Torkoal\n|-crit|p1a: Torkoal\n|-damage|p1a: Torkoal|22\/100\n|move|p1a: Torkoal|Stealth Rock|p2a: Milotic\n|-sidestart|p2: Jlramal127|move: Stealth Rock\n|\n|-weather|SunnyDay|[upkeep]\n|-heal|p2a: Milotic|97\/100|[from] item: Leftovers\n|upkeep\n|turn|7\n|\n|t:|1701189331\n|switch|p1a: Rillaboom|Rillaboom, M|100\/100\n|-fieldstart|move: Grassy Terrain|[from] ability: Grassy Surge|[of] p1a: Rillaboom\n|-enditem|p1a: Rillaboom|Grassy Seed\n|-boost|p1a: Rillaboom|def|1|[from] item: Grassy Seed\n|move|p2a: Milotic|Scald|p1a: Rillaboom\n|-resisted|p1a: Rillaboom\n|-damage|p1a: Rillaboom|93\/100\n|\n|-weather|SunnyDay|[upkeep]\n|-heal|p1a: Rillaboom|99\/100|[from] Grassy Terrain\n|-heal|p2a: Milotic|100\/100|[from] Grassy Terrain\n|upkeep\n|turn|8\n|inactive|NightwalkerYt has 120 seconds left.\n|inactive|Jlramal127 has 120 seconds left.\n|\n|t:|1701189388\n|move|p1a: Rillaboom|U-turn|p2a: Milotic\n|-damage|p2a: Milotic|92\/100\n|\n|t:|1701189396\n|switch|p1a: Lilligant|Lilligant-Hisui, F|100\/100|[from] U-turn\n|move|p2a: Milotic|Ice Beam|p1a: Lilligant\n|-supereffective|p1a: Lilligant\n|-damage|p1a: Lilligant|42\/100\n|\n|-weather|SunnyDay|[upkeep]\n|-heal|p1a: Lilligant|48\/100|[from] Grassy Terrain\n|-heal|p2a: Milotic|98\/100|[from] Grassy Terrain\n|-heal|p2a: Milotic|100\/100|[from] item: Leftovers\n|-sideend|p2: Jlramal127|move: Light Screen\n|upkeep\n|turn|9\n|inactive|Jlramal127 has 120 seconds left.\n|\n|t:|1701189411\n|move|p1a: Lilligant|Sleep Powder|p2a: Milotic\n|-status|p2a: Milotic|slp|[from] move: Sleep Powder\n|cant|p2a: Milotic|slp\n|\n|-weather|SunnyDay|[upkeep]\n|-heal|p1a: Lilligant|54\/100|[from] Grassy Terrain\n|-sideend|p2: Jlramal127|Reflect\n|upkeep\n|turn|10\n|\n|t:|1701189427\n|switch|p2a: Grimmsnarl|Grimmsnarl, M, shiny|100\/100\n|-activate|p2a: Grimmsnarl|move: Sticky Web\n|-unboost|p2a: Grimmsnarl|spe|1\n|-damage|p2a: Grimmsnarl|88\/100|[from] Stealth Rock\n|move|p1a: Lilligant|Solar Blade||[still]\n|-prepare|p1a: Lilligant|Solar Blade\n|-anim|p1a: Lilligant|Solar Blade|p2a: Grimmsnarl\n|-damage|p2a: Grimmsnarl|0 fnt\n|faint|p2a: Grimmsnarl\n|\n|-weather|SunnyDay|[upkeep]\n|-heal|p1a: Lilligant|60\/100|[from] Grassy Terrain\n|upkeep\n|\n|t:|1701189441\n|switch|p2a: Ceruledge|Ceruledge, F, shiny|100\/100\n|-activate|p2a: Ceruledge|move: Sticky Web\n|-unboost|p2a: Ceruledge|spe|1\n|-damage|p2a: Ceruledge|76\/100|[from] Stealth Rock\n|turn|11\n|inactive|NightwalkerYt has 90 seconds left.\n|\n|t:|1701189474\n|switch|p1a: Walking Wake|Walking Wake|100\/100\n|-activate|p1a: Walking Wake|ability: Protosynthesis\n|-start|p1a: Walking Wake|protosynthesisspa\n|move|p2a: Ceruledge|Bitter Blade|p1a: Walking Wake\n|-resisted|p1a: Walking Wake\n|-crit|p1a: Walking Wake\n|-damage|p1a: Walking Wake|75\/100\n|-heal|p2a: Ceruledge|91\/100|[from] drain|[of] p1a: Walking Wake\n|\n|-weather|SunnyDay|[upkeep]\n|-heal|p1a: Walking Wake|81\/100|[from] Grassy Terrain\n|-heal|p2a: Ceruledge|97\/100|[from] Grassy Terrain\n|-fieldend|move: Grassy Terrain\n|upkeep\n|turn|12\n|inactive|NightwalkerYt has 90 seconds left.\n|\n|t:|1701189493\n|switch|p2a: Tetitas|Cresselia, F, shiny|100\/100\n|-damage|p2a: Tetitas|88\/100|[from] Stealth Rock\n|move|p1a: Walking Wake|Hydro Steam|p2a: Tetitas\n|-damage|p2a: Tetitas|30\/100\n|\n|-weather|none\n|-end|p1a: Walking Wake|Protosynthesis\n|-heal|p2a: Tetitas|36\/100|[from] item: Leftovers\n|upkeep\n|turn|13\n|\n|t:|1701189505\n|move|p1a: Walking Wake|Hydro Steam|p2a: Tetitas\n|-damage|p2a: Tetitas|6\/100\n|move|p2a: Tetitas|Moonblast|p1a: Walking Wake\n|-supereffective|p1a: Walking Wake\n|-damage|p1a: Walking Wake|40\/100\n|\n|-heal|p2a: Tetitas|12\/100|[from] item: Leftovers\n|upkeep\n|turn|14\n|\n|t:|1701189518\n|move|p1a: Walking Wake|Hydro Steam|p2a: Tetitas\n|-damage|p2a: Tetitas|0 fnt\n|faint|p2a: Tetitas\n|\n|upkeep\n|inactive|Jlramal127 has 90 seconds left.\n|\n|t:|1701189530\n|switch|p2a: Milotic|Milotic, F, shiny|100\/100 slp\n|-activate|p2a: Milotic|move: Sticky Web\n|-unboost|p2a: Milotic|spe|1\n|-damage|p2a: Milotic|88\/100 slp|[from] Stealth Rock\n|turn|15\n|\n|t:|1701189538\n|-end|p1a: Walking Wake|Protosynthesis|[silent]\n|switch|p1a: Torkoal|Torkoal, M|22\/100\n|-weather|SunnyDay|[from] ability: Drought|[of] p1a: Torkoal\n|-curestatus|p2a: Milotic|slp|[msg]\n|move|p2a: Milotic|Scald|p1a: Torkoal\n|-supereffective|p1a: Torkoal\n|-damage|p1a: Torkoal|0 fnt\n|faint|p1a: Torkoal\n|\n|-weather|SunnyDay|[upkeep]\n|-heal|p2a: Milotic|94\/100|[from] item: Leftovers\n|upkeep\n|\n|t:|1701189551\n|switch|p1a: Rillaboom|Rillaboom, M|99\/100\n|-fieldstart|move: Grassy Terrain|[from] ability: Grassy Surge|[of] p1a: Rillaboom\n|turn|16\n|\n|t:|1701189563\n|move|p1a: Rillaboom|Wood Hammer|p2a: Milotic\n|-supereffective|p2a: Milotic\n|-damage|p2a: Milotic|0 fnt\n|faint|p2a: Milotic\n|-damage|p1a: Rillaboom|68\/100|[from] Recoil\n|\n|-weather|SunnyDay|[upkeep]\n|-heal|p1a: Rillaboom|74\/100|[from] Grassy Terrain\n|upkeep\n|\n|t:|1701189573\n|switch|p2a: Kommo-o|Kommo-o, M|100\/100\n|-activate|p2a: Kommo-o|move: Sticky Web\n|-unboost|p2a: Kommo-o|spe|1\n|-damage|p2a: Kommo-o|94\/100|[from] Stealth Rock\n|turn|17\n|\n|t:|1701189580\n|move|p1a: Rillaboom|Acrobatics|p2a: Kommo-o\n|-supereffective|p2a: Kommo-o\n|-damage|p2a: Kommo-o|25\/100\n|move|p2a: Kommo-o|Clangorous Soul||[still]\n|-fail|p2a: Kommo-o\n|\n|-weather|SunnyDay|[upkeep]\n|-heal|p1a: Rillaboom|80\/100|[from] Grassy Terrain\n|-heal|p2a: Kommo-o|31\/100|[from] Grassy Terrain\n|upkeep\n|turn|18\n|-message|Jlramal127 forfeited.\n|\n|win|NightwalkerYt\n|raw|NightwalkerYt's rating: 1208 &rarr; <strong>1226<\/strong><br \/>(+18 for winning)\n|raw|Jlramal127's rating: 1109 &rarr; <strong>1091<\/strong><br \/>(-18 for losing)\n|l|\u2606Jlramal127\n","uploadtime":1701189592,"views":2,"p1id":"nightwalkeryt","p2id":"jlramal127","formatid":"gen9ou","rating":1091,"private":0,"password":""}