{"id":"gen9ou-2000636225","p1":"pelukas","p2":"epicfury","format":"[Gen 9] OU","log":"|j|\u2606pelukas\n|j|\u2606epicfury\n|t:|1701212997\n|gametype|singles\n|player|p1|pelukas|grimsley|1329\n|player|p2|epicfury|wallace|1348\n|teamsize|p1|6\n|teamsize|p2|6\n|gen|9\n|tier|[Gen 9] OU\n|rated|\n|rule|Sleep Clause Mod: Limit one foe put to sleep\n|rule|Species Clause: Limit one of each Pok\u00e9mon\n|rule|OHKO Clause: OHKO moves are banned\n|rule|Evasion Items Clause: Evasion items are banned\n|rule|Evasion Moves Clause: Evasion moves are banned\n|rule|Endless Battle Clause: Forcing endless battles is banned\n|rule|HP Percentage Mod: HP is shown in percentages\n|clearpoke\n|poke|p1|Zapdos|\n|poke|p1|Mienshao, F|\n|poke|p1|Ogerpon-Wellspring, F|\n|poke|p1|Hoopa-Unbound|\n|poke|p1|Goodra-Hisui, F|\n|poke|p1|Diancie|\n|poke|p2|Mamoswine, F|\n|poke|p2|Dragapult, F|\n|poke|p2|Great Tusk|\n|poke|p2|Heatran, F|\n|poke|p2|Meowscarada, F|\n|poke|p2|Rotom-Wash|\n|teampreview\n|inactive|Battle timer is ON: inactive players will automatically lose when time's up. (requested by pelukas)\n|\n|t:|1701213015\n|start\n|switch|p1a: Mienshao|Mienshao, F, shiny|100\/100\n|switch|p2a: Meowscarada|Meowscarada, F|100\/100\n|turn|1\n|\n|t:|1701213024\n|move|p1a: Mienshao|Fake Out|p2a: Meowscarada\n|-damage|p2a: Meowscarada|80\/100\n|cant|p2a: Meowscarada|flinch\n|\n|upkeep\n|turn|2\n|\n|t:|1701213028\n|move|p2a: Meowscarada|U-turn|p1a: Mienshao\n|-start|p2a: Meowscarada|typechange|Bug|[from] ability: Protean\n|-resisted|p1a: Mienshao\n|-damage|p1a: Mienshao|52\/100\n|\n|t:|1701213034\n|switch|p2a: Dragapult|Dragapult, F|100\/100|[from] U-turn\n|move|p1a: Mienshao|U-turn|p2a: Dragapult\n|-resisted|p2a: Dragapult\n|-crit|p2a: Dragapult\n|-damage|p2a: Dragapult|75\/100\n|\n|t:|1701213042\n|switch|p1a: Diancie|Diancie, shiny|100\/100|[from] U-turn\n|\n|upkeep\n|turn|3\n|\n|t:|1701213045\n|move|p2a: Dragapult|U-turn|p1a: Diancie\n|-resisted|p1a: Diancie\n|-damage|p1a: Diancie|95\/100\n|\n|t:|1701213050\n|switch|p2a: Heatran|Heatran, F|100\/100|[from] U-turn\n|-item|p2a: Heatran|Air Balloon\n|move|p1a: Diancie|Diamond Storm|p2a: Heatran\n|-damage|p2a: Heatran|67\/100\n|-enditem|p2a: Heatran|Air Balloon\n|\n|-heal|p1a: Diancie|100\/100|[from] item: Leftovers\n|upkeep\n|turn|4\n|\n|t:|1701213055\n|move|p2a: Heatran|Stealth Rock|p1a: Diancie\n|-sidestart|p1: pelukas|move: Stealth Rock\n|move|p1a: Diancie|Earth Power|p2a: Heatran\n|-supereffective|p2a: Heatran\n|-damage|p2a: Heatran|0 fnt\n|faint|p2a: Heatran\n|\n|upkeep\n|\n|t:|1701213063\n|switch|p2a: Mamoswine|Mamoswine, F|100\/100\n|turn|5\n|\n|t:|1701213069\n|switch|p1a: Zapdos|Zapdos|100\/100\n|move|p2a: Mamoswine|Icicle Crash|p1a: Zapdos\n|-supereffective|p1a: Zapdos\n|-damage|p1a: Zapdos|0 fnt\n|faint|p1a: Zapdos\n|\n|upkeep\n|\n|t:|1701213079\n|switch|p1a: Ogerpon|Ogerpon-Wellspring, F|100\/100\n|-damage|p1a: Ogerpon|88\/100|[from] Stealth Rock\n|turn|6\n|\n|t:|1701213100\n|switch|p2a: Meowscarada|Meowscarada, F|80\/100\n|move|p1a: Ogerpon|Play Rough|p2a: Meowscarada\n|-supereffective|p2a: Meowscarada\n|-damage|p2a: Meowscarada|0 fnt\n|faint|p2a: Meowscarada\n|\n|upkeep\n|\n|t:|1701213109\n|switch|p2a: Dragapult|Dragapult, F|75\/100\n|turn|7\n|\n|t:|1701213112\n|switch|p1a: Diancie|Diancie, shiny|100\/100\n|-damage|p1a: Diancie|88\/100|[from] Stealth Rock\n|move|p2a: Dragapult|Draco Meteor|p1a: Diancie\n|-immune|p1a: Diancie\n|\n|-heal|p1a: Diancie|94\/100|[from] item: Leftovers\n|upkeep\n|turn|8\n|\n|t:|1701213121\n|switch|p2a: Rotom|Rotom-Wash|100\/100\n|move|p1a: Diancie|Diamond Storm|p2a: Rotom\n|-damage|p2a: Rotom|56\/100\n|-boost|p1a: Diancie|def|2\n|\n|-heal|p2a: Rotom|62\/100|[from] item: Leftovers\n|-heal|p1a: Diancie|100\/100|[from] item: Leftovers\n|upkeep\n|turn|9\n|\n|t:|1701213129\n|switch|p1a: Ogerpon|Ogerpon-Wellspring, F|88\/100\n|-damage|p1a: Ogerpon|76\/100|[from] Stealth Rock\n|move|p2a: Rotom|Thunder Wave|p1a: Ogerpon\n|-status|p1a: Ogerpon|par\n|\n|-heal|p2a: Rotom|68\/100|[from] item: Leftovers\n|upkeep\n|turn|10\n|\n|t:|1701213142\n|move|p2a: Rotom|Volt Switch|p1a: Ogerpon\n|-damage|p1a: Ogerpon|38\/100 par\n|\n|t:|1701213150\n|switch|p2a: Dragapult|Dragapult, F|75\/100|[from] Volt Switch\n|move|p1a: Ogerpon|Swords Dance|p1a: Ogerpon\n|-boost|p1a: Ogerpon|atk|2\n|\n|upkeep\n|turn|11\n|\n|t:|1701213153\n|move|p2a: Dragapult|U-turn|p1a: Ogerpon\n|-supereffective|p1a: Ogerpon\n|-damage|p1a: Ogerpon|0 fnt\n|faint|p1a: Ogerpon\n|\n|t:|1701213164\n|switch|p2a: Great Tusk|Great Tusk|100\/100|[from] U-turn\n|\n|upkeep\n|\n|t:|1701213175\n|switch|p1a: Diancie|Diancie, shiny|100\/100\n|-damage|p1a: Diancie|88\/100|[from] Stealth Rock\n|turn|12\n|\n|t:|1701213181\n|-terastallize|p1a: Diancie|Flying\n|move|p2a: Great Tusk|Headlong Rush|p1a: Diancie\n|-immune|p1a: Diancie\n|move|p1a: Diancie|Draining Kiss|p2a: Great Tusk\n|-supereffective|p2a: Great Tusk\n|-damage|p2a: Great Tusk|39\/100\n|-heal|p1a: Diancie|100\/100|[from] drain|[of] p2a: Great Tusk\n|\n|upkeep\n|turn|13\n|\n|t:|1701213192\n|-end|p2a: Great Tusk|Protosynthesis|[silent]\n|switch|p2a: Rotom|Rotom-Wash|68\/100\n|move|p1a: Diancie|Diamond Storm|p2a: Rotom\n|-damage|p2a: Rotom|21\/100\n|-boost|p1a: Diancie|def|2\n|\n|-heal|p2a: Rotom|27\/100|[from] item: Leftovers\n|upkeep\n|turn|14\n|\n|t:|1701213196\n|switch|p1a: Goodra|Goodra-Hisui, F|100\/100\n|-damage|p1a: Goodra|94\/100|[from] Stealth Rock\n|move|p2a: Rotom|Volt Switch|p1a: Goodra\n|-resisted|p1a: Goodra\n|-damage|p1a: Goodra|87\/100\n|\n|t:|1701213203\n|switch|p2a: Mamoswine|Mamoswine, F|100\/100|[from] Volt Switch\n|\n|upkeep\n|turn|15\n|\n|t:|1701213211\n|move|p2a: Mamoswine|Icicle Crash|p1a: Goodra\n|-damage|p1a: Goodra|18\/100\n|move|p1a: Goodra|Flash Cannon|p2a: Mamoswine\n|-supereffective|p2a: Mamoswine\n|-damage|p2a: Mamoswine|0 fnt\n|faint|p2a: Mamoswine\n|\n|upkeep\n|\n|t:|1701213219\n|switch|p2a: Great Tusk|Great Tusk|39\/100\n|turn|16\n|\n|t:|1701213224\n|move|p2a: Great Tusk|Knock Off|p1a: Goodra\n|-crit|p1a: Goodra\n|-damage|p1a: Goodra|0 fnt\n|-enditem|p1a: Goodra|Assault Vest|[from] move: Knock Off|[of] p2a: Great Tusk\n|faint|p1a: Goodra\n|\n|upkeep\n|\n|t:|1701213228\n|switch|p1a: Mienshao|Mienshao, F, shiny|85\/100\n|-damage|p1a: Mienshao|79\/100|[from] Stealth Rock\n|turn|17\n|\n|t:|1701213235\n|-end|p2a: Great Tusk|Protosynthesis|[silent]\n|switch|p2a: Dragapult|Dragapult, F|75\/100\n|move|p1a: Mienshao|Knock Off|p2a: Dragapult\n|-supereffective|p2a: Dragapult\n|-damage|p2a: Dragapult|0 fnt\n|-enditem|p2a: Dragapult|Choice Specs|[from] move: Knock Off|[of] p1a: Mienshao\n|faint|p2a: Dragapult\n|\n|upkeep\n|\n|t:|1701213247\n|switch|p2a: Great Tusk|Great Tusk|39\/100\n|turn|18\n|\n|t:|1701213250\n|move|p1a: Mienshao|Close Combat|p2a: Great Tusk\n|-damage|p2a: Great Tusk|0 fnt\n|-unboost|p1a: Mienshao|def|1\n|-unboost|p1a: Mienshao|spd|1\n|faint|p2a: Great Tusk\n|-end|p2a: Great Tusk|Protosynthesis|[silent]\n|\n|upkeep\n|\n|t:|1701213252\n|switch|p2a: Rotom|Rotom-Wash|27\/100\n|turn|19\n|\n|t:|1701213254\n|move|p1a: Mienshao|Close Combat|p2a: Rotom\n|-damage|p2a: Rotom|0 fnt\n|-unboost|p1a: Mienshao|def|1\n|-unboost|p1a: Mienshao|spd|1\n|faint|p2a: Rotom\n|\n|win|pelukas\n|raw|pelukas's rating: 1329 &rarr; <strong>1350<\/strong><br \/>(+21 for winning)\n|raw|epicfury's rating: 1348 &rarr; <strong>1327<\/strong><br \/>(-21 for losing)\n","uploadtime":1701213257,"views":9,"p1id":"pelukas","p2id":"epicfury","formatid":"gen9ou","rating":1327,"private":0,"password":""}