{"id":"gen9ou-1994373572","p1":"Optimystik","p2":"MT33_Tempo","format":"[Gen 9] OU","log":"|j|\u2606Optimystik\n|j|\u2606MT33_Tempo\n|t:|1700436543\n|gametype|singles\n|player|p1|Optimystik|hoopster|1093\n|player|p2|MT33_Tempo|2|1045\n|teamsize|p1|6\n|teamsize|p2|6\n|gen|9\n|tier|[Gen 9] OU\n|rated|\n|rule|Sleep Clause Mod: Limit one foe put to sleep\n|rule|Species Clause: Limit one of each Pok\u00e9mon\n|rule|OHKO Clause: OHKO moves are banned\n|rule|Evasion Items Clause: Evasion items are banned\n|rule|Evasion Moves Clause: Evasion moves are banned\n|rule|Endless Battle Clause: Forcing endless battles is banned\n|rule|HP Percentage Mod: HP is shown in percentages\n|clearpoke\n|poke|p1|Mienshao, F|\n|poke|p1|Slowking-Galar, F|\n|poke|p1|Clefable, M|\n|poke|p1|Iron Moth|\n|poke|p1|Corviknight, F|\n|poke|p1|Rotom-Wash|\n|poke|p2|Ursaluna, F|\n|poke|p2|Kommo-o, M|\n|poke|p2|Toxapex, F|\n|poke|p2|Cresselia, F|\n|poke|p2|Ninetales-Alola, F|\n|poke|p2|Breloom, F|\n|teampreview\n|inactive|Battle timer is ON: inactive players will automatically lose when time's up. (requested by Optimystik)\n|\n|t:|1700436560\n|start\n|switch|p1a: Clefable|Clefable, M|100\/100\n|switch|p2a: Ninetales|Ninetales-Alola, F|100\/100\n|-weather|Snow|[from] ability: Snow Warning|[of] p2a: Ninetales\n|turn|1\n|\n|t:|1700436564\n|move|p2a: Ninetales|Aurora Veil|p2a: Ninetales\n|-sidestart|p2: MT33_Tempo|move: Aurora Veil\n|move|p1a: Clefable|Stealth Rock|p2a: Ninetales\n|-sidestart|p2: MT33_Tempo|move: Stealth Rock\n|\n|-weather|Snow|[upkeep]\n|upkeep\n|turn|2\n|\n|t:|1700436570\n|move|p2a: Ninetales|Weather Ball|p1a: Clefable\n|-damage|p1a: Clefable|65\/100\n|move|p1a: Clefable|Moonblast|p2a: Ninetales\n|-damage|p2a: Ninetales|83\/100\n|\n|-weather|Snow|[upkeep]\n|-heal|p1a: Clefable|71\/100|[from] item: Leftovers\n|upkeep\n|turn|3\n|\n|t:|1700436573\n|move|p2a: Ninetales|Weather Ball|p1a: Clefable\n|-damage|p1a: Clefable|37\/100\n|move|p1a: Clefable|Wish|p1a: Clefable\n|\n|-weather|Snow|[upkeep]\n|-heal|p1a: Clefable|43\/100|[from] item: Leftovers\n|upkeep\n|turn|4\n|\n|t:|1700436579\n|move|p1a: Clefable|Protect|p1a: Clefable\n|-singleturn|p1a: Clefable|Protect\n|move|p2a: Ninetales|Weather Ball|p1a: Clefable\n|-activate|p1a: Clefable|move: Protect\n|\n|-weather|Snow|[upkeep]\n|-heal|p1a: Clefable|93\/100|[from] move: Wish|[wisher] Clefable\n|-heal|p1a: Clefable|99\/100|[from] item: Leftovers\n|upkeep\n|turn|5\n|\n|t:|1700436609\n|switch|p1a: Corviknight|Corviknight, F|100\/100\n|-ability|p1a: Corviknight|Pressure\n|move|p2a: Ninetales|Weather Ball|p1a: Corviknight\n|-damage|p1a: Corviknight|64\/100\n|\n|-weather|none\n|upkeep\n|turn|6\n|\n|t:|1700436627\n|move|p2a: Ninetales|Freeze-Dry|p1a: Corviknight\n|-crit|p1a: Corviknight\n|-damage|p1a: Corviknight|24\/100\n|move|p1a: Corviknight|Roost|p1a: Corviknight\n|-heal|p1a: Corviknight|74\/100\n|-singleturn|p1a: Corviknight|move: Roost\n|\n|upkeep\n|turn|7\n|\n|t:|1700436634\n|move|p2a: Ninetales|Freeze-Dry|p1a: Corviknight\n|-damage|p1a: Corviknight|47\/100\n|move|p1a: Corviknight|Roost|p1a: Corviknight\n|-heal|p1a: Corviknight|97\/100\n|-singleturn|p1a: Corviknight|move: Roost\n|\n|upkeep\n|turn|8\n|\n|t:|1700436644\n|switch|p2a: Kommo-o|Kommo-o, M|100\/100\n|-damage|p2a: Kommo-o|94\/100|[from] Stealth Rock\n|switch|p1a: Slowking|Slowking-Galar, F|100\/100\n|\n|-sideend|p2: MT33_Tempo|move: Aurora Veil\n|upkeep\n|turn|9\n|\n|t:|1700436653\n|move|p2a: Kommo-o|Clangorous Soul|p2a: Kommo-o\n|-boost|p2a: Kommo-o|atk|1\n|-boost|p2a: Kommo-o|def|1\n|-boost|p2a: Kommo-o|spa|1\n|-boost|p2a: Kommo-o|spd|1\n|-boost|p2a: Kommo-o|spe|1\n|-damage|p2a: Kommo-o|61\/100\n|-enditem|p2a: Kommo-o|Throat Spray\n|-boost|p2a: Kommo-o|spa|1|[from] item: Throat Spray\n|move|p1a: Slowking|Future Sight|p2a: Kommo-o\n|-start|p1a: Slowking|move: Future Sight\n|\n|upkeep\n|turn|10\n|\n|t:|1700436670\n|switch|p1a: Corviknight|Corviknight, F|97\/100\n|-ability|p1a: Corviknight|Pressure\n|move|p2a: Kommo-o|Boomburst|p1a: Corviknight\n|-resisted|p1a: Corviknight\n|-crit|p1a: Corviknight\n|-damage|p1a: Corviknight|37\/100\n|\n|upkeep\n|turn|11\n|\n|t:|1700436679\n|move|p2a: Kommo-o|Flamethrower|p1a: Corviknight\n|-supereffective|p1a: Corviknight\n|-damage|p1a: Corviknight|0 fnt\n|faint|p1a: Corviknight\n|\n|-end|p2a: Kommo-o|move: Future Sight\n|-supereffective|p2a: Kommo-o\n|-damage|p2a: Kommo-o|0 fnt\n|faint|p2a: Kommo-o\n|upkeep\n|\n|t:|1700436695\n|switch|p2a: Ninetales|Ninetales-Alola, F|83\/100\n|switch|p1a: Mienshao|Mienshao, F|100\/100\n|-damage|p2a: Ninetales|58\/100|[from] Stealth Rock\n|-weather|Snow|[from] ability: Snow Warning|[of] p2a: Ninetales\n|turn|12\n|\n|t:|1700436710\n|move|p1a: Mienshao|U-turn|p2a: Ninetales\n|-resisted|p2a: Ninetales\n|-damage|p2a: Ninetales|47\/100\n|\n|t:|1700436719\n|switch|p1a: Clefable|Clefable, M|99\/100|[from] U-turn\n|move|p2a: Ninetales|Moonblast|p1a: Clefable\n|-crit|p1a: Clefable\n|-damage|p1a: Clefable|44\/100\n|\n|-weather|Snow|[upkeep]\n|-heal|p1a: Clefable|50\/100|[from] item: Leftovers\n|upkeep\n|turn|13\n|\n|t:|1700436734\n|move|p2a: Ninetales|Aurora Veil|p2a: Ninetales\n|-sidestart|p2: MT33_Tempo|move: Aurora Veil\n|move|p1a: Clefable|Wish|p1a: Clefable\n|\n|-weather|Snow|[upkeep]\n|-heal|p1a: Clefable|57\/100|[from] item: Leftovers\n|upkeep\n|turn|14\n|\n|t:|1700436743\n|move|p1a: Clefable|Protect|p1a: Clefable\n|-singleturn|p1a: Clefable|Protect\n|move|p2a: Ninetales|Moonblast|p1a: Clefable\n|-activate|p1a: Clefable|move: Protect\n|\n|-weather|Snow|[upkeep]\n|-heal|p1a: Clefable|100\/100|[from] move: Wish|[wisher] Clefable\n|upkeep\n|turn|15\n|\n|t:|1700436756\n|switch|p1a: Iron Moth|Iron Moth|100\/100\n|-enditem|p1a: Iron Moth|Booster Energy\n|-activate|p1a: Iron Moth|ability: Quark Drive|[fromitem]\n|-start|p1a: Iron Moth|quarkdrivespe\n|move|p2a: Ninetales|Moonblast|p1a: Iron Moth\n|-resisted|p1a: Iron Moth\n|-damage|p1a: Iron Moth|92\/100\n|\n|-weather|Snow|[upkeep]\n|upkeep\n|turn|16\n|\n|t:|1700436770\n|switch|p2a: Toxapex|Toxapex, F|100\/100\n|-damage|p2a: Toxapex|88\/100|[from] Stealth Rock\n|move|p1a: Iron Moth|Substitute|p1a: Iron Moth\n|-start|p1a: Iron Moth|Substitute\n|-damage|p1a: Iron Moth|67\/100\n|\n|-weather|none\n|upkeep\n|turn|17\n|\n|t:|1700436793\n|move|p1a: Iron Moth|Energy Ball|p2a: Toxapex\n|-damage|p2a: Toxapex|81\/100\n|move|p2a: Toxapex|Liquidation|p1a: Iron Moth\n|-supereffective|p1a: Iron Moth\n|-end|p1a: Iron Moth|Substitute\n|\n|upkeep\n|turn|18\n|\n|t:|1700436800\n|-end|p1a: Iron Moth|Quark Drive|[silent]\n|switch|p1a: Slowking|Slowking-Galar, F|100\/100\n|move|p2a: Toxapex|Liquidation|p1a: Slowking\n|-damage|p1a: Slowking|79\/100\n|\n|upkeep\n|turn|19\n|\n|t:|1700436819\n|move|p2a: Toxapex|Lunge|p1a: Slowking\n|-damage|p1a: Slowking|65\/100\n|-unboost|p1a: Slowking|atk|1\n|move|p1a: Slowking|Future Sight|p2a: Toxapex\n|-start|p1a: Slowking|move: Future Sight\n|\n|upkeep\n|turn|20\n|\n|t:|1700436843\n|move|p2a: Toxapex|Liquidation|p1a: Slowking\n|-damage|p1a: Slowking|43\/100\n|-unboost|p1a: Slowking|def|1\n|move|p1a: Slowking|Sludge Bomb|p2a: Toxapex\n|-resisted|p2a: Toxapex\n|-damage|p2a: Toxapex|76\/100\n|\n|-sideend|p2: MT33_Tempo|move: Aurora Veil\n|upkeep\n|turn|21\n|\n|t:|1700436854\n|move|p2a: Toxapex|Liquidation|p1a: Slowking\n|-damage|p1a: Slowking|8\/100\n|move|p1a: Slowking|Future Sight||[still]\n|-fail|p1a: Slowking\n|\n|-end|p2a: Toxapex|move: Future Sight\n|-supereffective|p2a: Toxapex\n|-damage|p2a: Toxapex|24\/100\n|upkeep\n|turn|22\n|\n|t:|1700436863\n|switch|p1a: Iron Moth|Iron Moth|67\/100\n|move|p2a: Toxapex|Liquidation|p1a: Iron Moth\n|-supereffective|p1a: Iron Moth\n|-damage|p1a: Iron Moth|0 fnt\n|faint|p1a: Iron Moth\n|-end|p1a: Iron Moth|Quark Drive|[silent]\n|\n|upkeep\n|\n|t:|1700436867\n|switch|p1a: Slowking|Slowking-Galar, F|41\/100\n|turn|23\n|\n|t:|1700436872\n|switch|p1a: Rotom|Rotom-Wash|100\/100\n|move|p2a: Toxapex|Liquidation|p1a: Rotom\n|-resisted|p1a: Rotom\n|-damage|p1a: Rotom|90\/100\n|\n|-heal|p1a: Rotom|96\/100|[from] item: Leftovers\n|upkeep\n|turn|24\n|\n|t:|1700436880\n|move|p1a: Rotom|Volt Switch|p2a: Toxapex\n|-supereffective|p2a: Toxapex\n|-damage|p2a: Toxapex|0 fnt\n|faint|p2a: Toxapex\n|\n|t:|1700436887\n|switch|p1a: Mienshao|Mienshao, F|100\/100|[from] Volt Switch\n|\n|upkeep\n|\n|t:|1700436903\n|switch|p2a: Cresselia|Cresselia, F|100\/100\n|-damage|p2a: Cresselia|88\/100|[from] Stealth Rock\n|turn|25\n|\n|t:|1700436913\n|move|p1a: Mienshao|Knock Off|p2a: Cresselia\n|-supereffective|p2a: Cresselia\n|-damage|p2a: Cresselia|38\/100\n|-enditem|p2a: Cresselia|Covert Cloak|[from] move: Knock Off|[of] p1a: Mienshao\n|move|p2a: Cresselia|Calm Mind|p2a: Cresselia\n|-boost|p2a: Cresselia|spa|1\n|-boost|p2a: Cresselia|spd|1\n|\n|upkeep\n|turn|26\n|\n|t:|1700436923\n|switch|p1a: Rotom|Rotom-Wash|96\/100\n|move|p2a: Cresselia|Moonblast|p1a: Rotom\n|-damage|p1a: Rotom|67\/100\n|\n|-heal|p1a: Rotom|74\/100|[from] item: Leftovers\n|upkeep\n|turn|27\n|\n|t:|1700436926\n|move|p1a: Rotom|Thunder Wave|p2a: Cresselia\n|-status|p2a: Cresselia|par\n|cant|p2a: Cresselia|par\n|\n|-heal|p1a: Rotom|80\/100|[from] item: Leftovers\n|upkeep\n|turn|28\n|\n|t:|1700436931\n|move|p1a: Rotom|Volt Switch|p2a: Cresselia\n|-damage|p2a: Cresselia|27\/100 par\n|\n|t:|1700436935\n|switch|p1a: Slowking|Slowking-Galar, F|74\/100|[from] Volt Switch\n|cant|p2a: Cresselia|par\n|\n|upkeep\n|turn|29\n|\n|t:|1700436941\n|move|p2a: Cresselia|Lunar Blessing|p2a: Cresselia\n|-heal|p2a: Cresselia|52\/100 par\n|-curestatus|p2a: Cresselia|par|[msg]\n|move|p1a: Slowking|Sludge Bomb|p2a: Cresselia\n|-damage|p2a: Cresselia|35\/100\n|\n|upkeep\n|turn|30\n|\n|t:|1700436954\n|switch|p1a: Mienshao|Mienshao, F|100\/100\n|move|p2a: Cresselia|Lunar Blessing|p2a: Cresselia\n|-heal|p2a: Cresselia|60\/100\n|\n|upkeep\n|turn|31\n|\n|t:|1700436965\n|move|p1a: Mienshao|U-turn|p2a: Cresselia\n|-supereffective|p2a: Cresselia\n|-damage|p2a: Cresselia|23\/100\n|\n|t:|1700436993\n|switch|p1a: Rotom|Rotom-Wash|80\/100|[from] U-turn\n|move|p2a: Cresselia|Moonblast|p1a: Rotom\n|-damage|p1a: Rotom|49\/100\n|\n|-heal|p1a: Rotom|55\/100|[from] item: Leftovers\n|upkeep\n|turn|32\n|\n|t:|1700436997\n|switch|p2a: Ursaluna|Ursaluna, F|100\/100\n|-damage|p2a: Ursaluna|94\/100|[from] Stealth Rock\n|move|p1a: Rotom|Hydro Pump|p2a: Ursaluna|[miss]\n|-miss|p1a: Rotom|p2a: Ursaluna\n|\n|-heal|p1a: Rotom|62\/100|[from] item: Leftovers\n|-status|p2a: Ursaluna|brn|[from] item: Flame Orb\n|upkeep\n|turn|33\n|\n|t:|1700437009\n|move|p1a: Rotom|Hydro Pump|p2a: Ursaluna\n|-supereffective|p2a: Ursaluna\n|-damage|p2a: Ursaluna|28\/100 brn\n|move|p2a: Ursaluna|Earthquake|p1a: Rotom\n|-immune|p1a: Rotom|[from] ability: Levitate\n|\n|-heal|p1a: Rotom|68\/100|[from] item: Leftovers\n|-damage|p2a: Ursaluna|22\/100 brn|[from] brn\n|upkeep\n|turn|34\n|\n|t:|1700437034\n|move|p1a: Rotom|Protect|p1a: Rotom\n|-singleturn|p1a: Rotom|Protect\n|move|p2a: Ursaluna|Facade|p1a: Rotom\n|-activate|p1a: Rotom|move: Protect\n|\n|-heal|p1a: Rotom|74\/100|[from] item: Leftovers\n|-damage|p2a: Ursaluna|16\/100 brn|[from] brn\n|upkeep\n|turn|35\n|\n|t:|1700437048\n|move|p1a: Rotom|Hydro Pump|p2a: Ursaluna\n|-supereffective|p2a: Ursaluna\n|-damage|p2a: Ursaluna|0 fnt\n|faint|p2a: Ursaluna\n|\n|-heal|p1a: Rotom|80\/100|[from] item: Leftovers\n|upkeep\n|\n|t:|1700437052\n|switch|p2a: Breloom|Breloom, F|100\/100\n|-damage|p2a: Breloom|94\/100|[from] Stealth Rock\n|turn|36\n|\n|t:|1700437055\n|move|p1a: Rotom|Thunder Wave|p2a: Breloom\n|-status|p2a: Breloom|par\n|move|p2a: Breloom|Spore|p1a: Rotom\n|-status|p1a: Rotom|slp|[from] move: Spore\n|\n|-heal|p1a: Rotom|87\/100 slp|[from] item: Leftovers\n|upkeep\n|turn|37\n|\n|t:|1700437063\n|switch|p1a: Clefable|Clefable, M|100\/100\n|move|p2a: Breloom|Poison Jab|p1a: Clefable\n|-supereffective|p1a: Clefable\n|-damage|p1a: Clefable|56\/100\n|\n|-heal|p1a: Clefable|62\/100|[from] item: Leftovers\n|upkeep\n|turn|38\n|\n|t:|1700437071\n|move|p1a: Clefable|Moonblast|p2a: Breloom\n|-supereffective|p2a: Breloom\n|-damage|p2a: Breloom|0 fnt\n|faint|p2a: Breloom\n|\n|-heal|p1a: Clefable|69\/100|[from] item: Leftovers\n|upkeep\n|\n|t:|1700437076\n|switch|p2a: Ninetales|Ninetales-Alola, F|47\/100\n|-damage|p2a: Ninetales|22\/100|[from] Stealth Rock\n|-weather|Snow|[from] ability: Snow Warning|[of] p2a: Ninetales\n|turn|39\n|\n|t:|1700437078\n|move|p2a: Ninetales|Weather Ball|p1a: Clefable\n|-damage|p1a: Clefable|32\/100\n|move|p1a: Clefable|Moonblast|p2a: Ninetales\n|-damage|p2a: Ninetales|0 fnt\n|faint|p2a: Ninetales\n|\n|-weather|Snow|[upkeep]\n|-heal|p1a: Clefable|38\/100|[from] item: Leftovers\n|upkeep\n|\n|t:|1700437080\n|switch|p2a: Cresselia|Cresselia, F|23\/100\n|-damage|p2a: Cresselia|11\/100|[from] Stealth Rock\n|turn|40\n|\n|t:|1700437084\n|move|p2a: Cresselia|Moonblast|p1a: Clefable\n|-damage|p1a: Clefable|14\/100\n|move|p1a: Clefable|Moonblast|p2a: Cresselia\n|-damage|p2a: Cresselia|0 fnt\n|faint|p2a: Cresselia\n|\n|win|Optimystik\n|raw|Optimystik's rating: 1093 &rarr; <strong>1115<\/strong><br \/>(+22 for winning)\n|raw|MT33_Tempo's rating: 1045 &rarr; <strong>1031<\/strong><br \/>(-14 for losing)\n","uploadtime":1700437102,"views":14,"p1id":"optimystik","p2id":"mt33tempo","formatid":"gen9ou","rating":1031,"private":0,"password":""}