{"id":"gen9ou-1995635883","p1":"TacoSMELLSLIKEPISS","p2":"OUVT TOSHI","format":"[Gen 9] OU","log":"|j|\u2606TacoSMELLSLIKEPISS\n|j|\u2606OUVT TOSHI\n|t:|1700589517\n|gametype|singles\n|player|p1|TacoSMELLSLIKEPISS|pokemonbreederf-gen4|1486\n|player|p2|OUVT TOSHI|palmer|1566\n|teamsize|p1|6\n|teamsize|p2|6\n|gen|9\n|tier|[Gen 9] OU\n|rated|\n|rule|Sleep Clause Mod: Limit one foe put to sleep\n|rule|Species Clause: Limit one of each Pok\u00e9mon\n|rule|OHKO Clause: OHKO moves are banned\n|rule|Evasion Items Clause: Evasion items are banned\n|rule|Evasion Moves Clause: Evasion moves are banned\n|rule|Endless Battle Clause: Forcing endless battles is banned\n|rule|HP Percentage Mod: HP is shown in percentages\n|clearpoke\n|poke|p1|Ogerpon-Wellspring, F|\n|poke|p1|Moltres|\n|poke|p1|Iron Valiant|\n|poke|p1|Toxapex, M|\n|poke|p1|Weavile, F|\n|poke|p1|Landorus-Therian, M|\n|poke|p2|Ogerpon-Wellspring, F|\n|poke|p2|Zamazenta-*|\n|poke|p2|Ting-Lu|\n|poke|p2|Iron Moth|\n|poke|p2|Zapdos|\n|poke|p2|Ursaluna, F|\n|teampreview\n|inactive|Battle timer is ON: inactive players will automatically lose when time's up. (requested by TacoSMELLSLIKEPISS)\n|\n|t:|1700589527\n|start\n|switch|p1a: Iron Valiant|Iron Valiant|100\/100\n|switch|p2a: Zapdos|Zapdos|100\/100\n|turn|1\n|\n|t:|1700589542\n|-end|p1a: Iron Valiant|Quark Drive|[silent]\n|switch|p1a: Landorus|Landorus-Therian, M|100\/100\n|-ability|p1a: Landorus|Intimidate|boost\n|-unboost|p2a: Zapdos|atk|1\n|move|p2a: Zapdos|Hurricane|p1a: Landorus|[miss]\n|-miss|p2a: Zapdos|p1a: Landorus\n|\n|upkeep\n|turn|2\n|\n|t:|1700589548\n|switch|p2a: Ursaluna|Ursaluna, F|100\/100\n|move|p1a: Landorus|Stealth Rock|p2a: Ursaluna\n|-sidestart|p2: OUVT TOSHI|move: Stealth Rock\n|\n|-status|p2a: Ursaluna|brn|[from] item: Flame Orb\n|upkeep\n|turn|3\n|\n|t:|1700589552\n|switch|p1a: Moltres|Moltres|100\/100\n|move|p2a: Ursaluna|Facade|p1a: Moltres\n|-damage|p1a: Moltres|0 fnt\n|faint|p1a: Moltres\n|\n|-damage|p2a: Ursaluna|94\/100 brn|[from] brn\n|upkeep\n|\n|t:|1700589568\n|switch|p1a: Ogerpon|Ogerpon-Wellspring, F|100\/100\n|turn|4\n|\n|t:|1700589573\n|switch|p2a: Zamazenta|Zamazenta|100\/100\n|-ability|p2a: Zamazenta|Dauntless Shield|boost\n|-boost|p2a: Zamazenta|def|1\n|move|p1a: Ogerpon|Ivy Cudgel|p2a: Zamazenta|[anim] Ivy Cudgel Water\n|-damage|p2a: Zamazenta|65\/100\n|\n|upkeep\n|turn|5\n|\n|t:|1700589580\n|switch|p1a: Landorus|Landorus-Therian, M|100\/100\n|-ability|p1a: Landorus|Intimidate|boost\n|-unboost|p2a: Zamazenta|atk|1\n|move|p2a: Zamazenta|Heavy Slam|p1a: Landorus\n|-damage|p1a: Landorus|79\/100\n|\n|upkeep\n|turn|6\n|\n|t:|1700589586\n|switch|p2a: Ursaluna|Ursaluna, F|94\/100 brn\n|-damage|p2a: Ursaluna|88\/100 brn|[from] Stealth Rock\n|move|p1a: Landorus|U-turn|p2a: Ursaluna\n|-damage|p2a: Ursaluna|67\/100 brn\n|\n|t:|1700589589\n|switch|p1a: Ogerpon|Ogerpon-Wellspring, F|100\/100|[from] U-turn\n|\n|-damage|p2a: Ursaluna|61\/100 brn|[from] brn\n|upkeep\n|turn|7\n|\n|t:|1700589596\n|switch|p2a: Zamazenta|Zamazenta|65\/100\n|move|p1a: Ogerpon|Horn Leech|p2a: Zamazenta\n|-damage|p2a: Zamazenta|26\/100\n|\n|upkeep\n|turn|8\n|\n|t:|1700589600\n|switch|p1a: Landorus|Landorus-Therian, M|79\/100\n|-ability|p1a: Landorus|Intimidate|boost\n|-unboost|p2a: Zamazenta|atk|1\n|move|p2a: Zamazenta|Close Combat|p1a: Landorus\n|-resisted|p1a: Landorus\n|-damage|p1a: Landorus|58\/100\n|-unboost|p2a: Zamazenta|def|1\n|-unboost|p2a: Zamazenta|spd|1\n|\n|upkeep\n|turn|9\n|\n|t:|1700589617\n|switch|p2a: Zapdos|Zapdos|100\/100\n|move|p1a: Landorus|Earthquake|p2a: Zapdos\n|-immune|p2a: Zapdos\n|\n|upkeep\n|turn|10\n|\n|t:|1700589623\n|switch|p1a: Weavile|Weavile, F|100\/100\n|-ability|p1a: Weavile|Pressure\n|move|p2a: Zapdos|Hurricane|p1a: Weavile\n|-damage|p1a: Weavile|39\/100\n|\n|upkeep\n|turn|11\n|\n|t:|1700589632\n|switch|p2a: Zamazenta|Zamazenta|26\/100\n|move|p1a: Weavile|Knock Off|p2a: Zamazenta\n|-resisted|p2a: Zamazenta\n|-damage|p2a: Zamazenta|5\/100\n|-enditem|p2a: Zamazenta|Heavy-Duty Boots|[from] move: Knock Off|[of] p1a: Weavile\n|\n|upkeep\n|turn|12\n|\n|t:|1700589637\n|switch|p1a: Toxapex|Toxapex, M|100\/100\n|move|p2a: Zamazenta|Heavy Slam|p1a: Toxapex\n|-resisted|p1a: Toxapex\n|-damage|p1a: Toxapex|89\/100\n|\n|upkeep\n|turn|13\n|\n|t:|1700589644\n|switch|p2a: Ursaluna|Ursaluna, F|61\/100 brn\n|-damage|p2a: Ursaluna|55\/100 brn|[from] Stealth Rock\n|switch|p1a: Weavile|Weavile, F|39\/100\n|-ability|p1a: Weavile|Pressure\n|\n|-damage|p2a: Ursaluna|49\/100 brn|[from] brn\n|upkeep\n|turn|14\n|\n|t:|1700589648\n|switch|p2a: Zamazenta|Zamazenta|5\/100\n|-damage|p2a: Zamazenta|0 fnt|[from] Stealth Rock\n|faint|p2a: Zamazenta\n|move|p1a: Weavile|Icicle Crash|p2: Zamazenta|[notarget]\n|-fail|p1a: Weavile\n|\n|upkeep\n|\n|t:|1700589656\n|switch|p2a: Ogerpon|Ogerpon-Wellspring, F|100\/100\n|-damage|p2a: Ogerpon|88\/100|[from] Stealth Rock\n|turn|15\n|\n|t:|1700589663\n|switch|p1a: Toxapex|Toxapex, M|100\/100\n|move|p2a: Ogerpon|U-turn|p1a: Toxapex\n|-resisted|p1a: Toxapex\n|-damage|p1a: Toxapex|92\/100\n|\n|t:|1700589668\n|switch|p2a: Ursaluna|Ursaluna, F|49\/100 brn|[from] U-turn\n|-damage|p2a: Ursaluna|43\/100 brn|[from] Stealth Rock\n|\n|-damage|p2a: Ursaluna|37\/100 brn|[from] brn\n|upkeep\n|turn|16\n|\n|t:|1700589674\n|switch|p1a: Iron Valiant|Iron Valiant|100\/100\n|move|p2a: Ursaluna|Facade|p1a: Iron Valiant\n|-damage|p1a: Iron Valiant|0 fnt\n|faint|p1a: Iron Valiant\n|-end|p1a: Iron Valiant|Quark Drive|[silent]\n|\n|-damage|p2a: Ursaluna|30\/100 brn|[from] brn\n|upkeep\n|\n|t:|1700589677\n|switch|p1a: Weavile|Weavile, F|39\/100\n|-ability|p1a: Weavile|Pressure\n|turn|17\n|\n|t:|1700589701\n|switch|p2a: Ogerpon|Ogerpon-Wellspring, F|88\/100\n|-damage|p2a: Ogerpon|76\/100|[from] Stealth Rock\n|move|p1a: Weavile|Knock Off|p2a: Ogerpon\n|-damage|p2a: Ogerpon|33\/100\n|\n|upkeep\n|turn|18\n|\n|t:|1700589709\n|move|p1a: Weavile|Knock Off|p2a: Ogerpon\n|-damage|p2a: Ogerpon|0 fnt\n|faint|p2a: Ogerpon\n|\n|upkeep\n|\n|t:|1700589716\n|switch|p2a: Iron Moth|Iron Moth|100\/100\n|-damage|p2a: Iron Moth|76\/100|[from] Stealth Rock\n|-enditem|p2a: Iron Moth|Booster Energy\n|-activate|p2a: Iron Moth|ability: Quark Drive|[fromitem]\n|-start|p2a: Iron Moth|quarkdrivespe\n|turn|19\n|\n|t:|1700589721\n|switch|p1a: Toxapex|Toxapex, M|100\/100\n|move|p2a: Iron Moth|Fiery Dance|p1a: Toxapex\n|-resisted|p1a: Toxapex\n|-damage|p1a: Toxapex|83\/100\n|\n|upkeep\n|turn|20\n|\n|t:|1700589725\n|switch|p1a: Weavile|Weavile, F|39\/100\n|-ability|p1a: Weavile|Pressure\n|move|p2a: Iron Moth|Psychic|p1a: Weavile\n|-immune|p1a: Weavile\n|\n|upkeep\n|turn|21\n|\n|t:|1700589730\n|switch|p1a: Ogerpon|Ogerpon-Wellspring, F|100\/100\n|move|p2a: Iron Moth|Fiery Dance|p1a: Ogerpon\n|-damage|p1a: Ogerpon|52\/100\n|-boost|p2a: Iron Moth|spa|1\n|\n|upkeep\n|turn|22\n|\n|t:|1700589737\n|-terastallize|p1a: Ogerpon|Water\n|detailschange|p1a: Ogerpon|Ogerpon-Wellspring-Tera, F, tera:Water\n|-ability|p1a: Ogerpon|Embody Aspect (Wellspring)|boost\n|-boost|p1a: Ogerpon|spd|1\n|move|p2a: Iron Moth|Fiery Dance|p1a: Ogerpon\n|-resisted|p1a: Ogerpon\n|-damage|p1a: Ogerpon|28\/100\n|move|p1a: Ogerpon|Ivy Cudgel|p2a: Iron Moth|[anim] Ivy Cudgel Water\n|-supereffective|p2a: Iron Moth\n|-damage|p2a: Iron Moth|0 fnt\n|faint|p2a: Iron Moth\n|-end|p2a: Iron Moth|Quark Drive|[silent]\n|\n|upkeep\n|\n|t:|1700589741\n|switch|p2a: Zapdos|Zapdos|100\/100\n|turn|23\n|\n|t:|1700589744\n|move|p1a: Ogerpon|Ivy Cudgel|p2a: Zapdos|[anim] Ivy Cudgel Water\n|-damage|p2a: Zapdos|27\/100\n|move|p2a: Zapdos|Discharge|p1a: Ogerpon\n|-supereffective|p1a: Ogerpon\n|-damage|p1a: Ogerpon|0 fnt\n|faint|p1a: Ogerpon\n|\n|upkeep\n|\n|t:|1700589747\n|switch|p1a: Weavile|Weavile, F|39\/100\n|-ability|p1a: Weavile|Pressure\n|turn|24\n|\n|t:|1700589769\n|-terastallize|p2a: Zapdos|Water\n|move|p1a: Weavile|Icicle Crash|p2a: Zapdos|[miss]\n|-miss|p1a: Weavile|p2a: Zapdos\n|move|p2a: Zapdos|Roost|p2a: Zapdos\n|-heal|p2a: Zapdos|78\/100\n|\n|upkeep\n|turn|25\n|\n|t:|1700589775\n|switch|p1a: Toxapex|Toxapex, M|100\/100\n|move|p2a: Zapdos|Discharge|p1a: Toxapex\n|-supereffective|p1a: Toxapex\n|-damage|p1a: Toxapex|45\/100\n|\n|upkeep\n|turn|26\n|\n|t:|1700589778\n|move|p1a: Toxapex|Baneful Bunker|p1a: Toxapex\n|-singleturn|p1a: Toxapex|move: Protect\n|move|p2a: Zapdos|Discharge|p1a: Toxapex\n|-activate|p1a: Toxapex|move: Protect\n|\n|upkeep\n|turn|27\n|\n|t:|1700589782\n|move|p2a: Zapdos|Discharge|p1a: Toxapex\n|-supereffective|p1a: Toxapex\n|-damage|p1a: Toxapex|0 fnt\n|faint|p1a: Toxapex\n|\n|upkeep\n|\n|t:|1700589785\n|switch|p1a: Landorus|Landorus-Therian, M|58\/100\n|-ability|p1a: Landorus|Intimidate|boost\n|-unboost|p2a: Zapdos|atk|1\n|turn|28\n|\n|t:|1700589802\n|switch|p2a: Ting-Lu|Ting-Lu|100\/100\n|-damage|p2a: Ting-Lu|94\/100|[from] Stealth Rock\n|-ability|p2a: Ting-Lu|Vessel of Ruin\n|move|p1a: Landorus|Earthquake|p2a: Ting-Lu\n|-damage|p2a: Ting-Lu|64\/100\n|\n|-heal|p2a: Ting-Lu|70\/100|[from] item: Leftovers\n|upkeep\n|turn|29\n|\n|t:|1700589805\n|move|p1a: Landorus|Earthquake|p2a: Ting-Lu\n|-damage|p2a: Ting-Lu|39\/100\n|move|p2a: Ting-Lu|Stealth Rock|p1a: Landorus\n|-sidestart|p1: TacoSMELLSLIKEPISS|move: Stealth Rock\n|\n|-heal|p2a: Ting-Lu|45\/100|[from] item: Leftovers\n|upkeep\n|turn|30\n|\n|t:|1700589812\n|move|p1a: Landorus|Earthquake|p2a: Ting-Lu\n|-damage|p2a: Ting-Lu|15\/100\n|move|p2a: Ting-Lu|Ruination|p1a: Landorus|[miss]\n|-miss|p2a: Ting-Lu|p1a: Landorus\n|\n|-heal|p2a: Ting-Lu|21\/100|[from] item: Leftovers\n|upkeep\n|turn|31\n|\n|t:|1700589818\n|move|p1a: Landorus|Earthquake|p2a: Ting-Lu\n|-damage|p2a: Ting-Lu|0 fnt\n|faint|p2a: Ting-Lu\n|\n|upkeep\n|\n|t:|1700589824\n|switch|p2a: Zapdos|Zapdos, tera:Water|78\/100\n|turn|32\n|\n|t:|1700589826\n|move|p1a: Landorus|Earthquake|p2a: Zapdos\n|-damage|p2a: Zapdos|28\/100\n|move|p2a: Zapdos|Hurricane|p1a: Landorus\n|-damage|p1a: Landorus|0 fnt\n|faint|p1a: Landorus\n|\n|upkeep\n|\n|t:|1700589829\n|switch|p1a: Weavile|Weavile, F|39\/100\n|-ability|p1a: Weavile|Pressure\n|turn|33\n|\n|t:|1700589837\n|move|p1a: Weavile|Knock Off|p2a: Zapdos\n|-damage|p2a: Zapdos|0 fnt\n|-enditem|p2a: Zapdos|Heavy-Duty Boots|[from] move: Knock Off|[of] p1a: Weavile\n|faint|p2a: Zapdos\n|\n|upkeep\n|\n|t:|1700589842\n|switch|p2a: Ursaluna|Ursaluna, F|30\/100 brn\n|-damage|p2a: Ursaluna|24\/100 brn|[from] Stealth Rock\n|turn|34\n|\n|t:|1700589853\n|move|p1a: Weavile|Knock Off|p2a: Ursaluna\n|-damage|p2a: Ursaluna|0 fnt\n|-enditem|p2a: Ursaluna|Flame Orb|[from] move: Knock Off|[of] p1a: Weavile\n|faint|p2a: Ursaluna\n|\n|win|TacoSMELLSLIKEPISS\n|raw|TacoSMELLSLIKEPISS's rating: 1486 &rarr; <strong>1511<\/strong><br \/>(+25 for winning)\n|raw|OUVT TOSHI's rating: 1566 &rarr; <strong>1541<\/strong><br \/>(-25 for losing)\n","uploadtime":1700589861,"views":10,"p1id":"tacosmellslikepiss","p2id":"ouvttoshi","formatid":"gen9ou","rating":1511,"private":0,"password":""}