{"id":"gen9ou-1999892297","p1":"Poison Ivy Thorns","p2":"natiakane","format":"[Gen 9] OU","log":"|j|\u2606Poison Ivy Thorns\n|j|\u2606natiakane\n|t:|1701127033\n|gametype|singles\n|player|p1|Poison Ivy Thorns|roxie|1616\n|player|p2|natiakane|dahlia|1624\n|teamsize|p1|6\n|teamsize|p2|6\n|gen|9\n|tier|[Gen 9] OU\n|rated|\n|rule|Sleep Clause Mod: Limit one foe put to sleep\n|rule|Species Clause: Limit one of each Pok\u00e9mon\n|rule|OHKO Clause: OHKO moves are banned\n|rule|Evasion Items Clause: Evasion items are banned\n|rule|Evasion Moves Clause: Evasion moves are banned\n|rule|Endless Battle Clause: Forcing endless battles is banned\n|rule|HP Percentage Mod: HP is shown in percentages\n|clearpoke\n|poke|p1|Ogerpon-Wellspring, F|\n|poke|p1|Landorus-Therian, M|\n|poke|p1|Kingambit, F|\n|poke|p1|Gholdengo|\n|poke|p1|Glimmora, M|\n|poke|p1|Iron Valiant|\n|poke|p2|Samurott-Hisui, M|\n|poke|p2|Ninetales-Alola, F|\n|poke|p2|Great Tusk|\n|poke|p2|Gholdengo|\n|poke|p2|Lycanroc-Dusk, F|\n|poke|p2|Haxorus, M|\n|teampreview\n|inactive|Battle timer is ON: inactive players will automatically lose when time's up. (requested by natiakane)\n|inactive|Poison Ivy Thorns also wants the timer to be on.\n|j| danzaburo\n|inactive|Poison Ivy Thorns has 120 seconds left.\n|\n|t:|1701127078\n|start\n|switch|p1a: Glimmora|Glimmora, M|100\/100\n|switch|p2a: Gholdengo|Gholdengo|100\/100\n|turn|1\n|\n|t:|1701127082\n|move|p2a: Gholdengo|Make It Rain|p1a: Glimmora\n|-supereffective|p1a: Glimmora\n|-enditem|p1a: Glimmora|Focus Sash\n|-damage|p1a: Glimmora|1\/100\n|-unboost|p2a: Gholdengo|spa|1\n|move|p1a: Glimmora|Earth Power|p2a: Gholdengo\n|-supereffective|p2a: Gholdengo\n|-damage|p2a: Gholdengo|33\/100\n|-unboost|p2a: Gholdengo|spd|1\n|\n|upkeep\n|turn|2\n|\n|t:|1701127088\n|switch|p1a: Gholdengo|Gholdengo, shiny|100\/100\n|move|p2a: Gholdengo|Make It Rain|p1a: Gholdengo\n|-resisted|p1a: Gholdengo\n|-damage|p1a: Gholdengo|74\/100\n|-unboost|p2a: Gholdengo|spa|1\n|\n|upkeep\n|turn|3\n|\n|t:|1701127101\n|switch|p2a: Samurott|Samurott-Hisui, M, shiny|100\/100\n|move|p1a: Gholdengo|Focus Blast|p2a: Samurott\n|-supereffective|p2a: Samurott\n|-damage|p2a: Samurott|0 fnt\n|faint|p2a: Samurott\n|\n|upkeep\n|\n|t:|1701127105\n|switch|p2a: Great Tusk|Great Tusk|100\/100\n|-enditem|p2a: Great Tusk|Booster Energy\n|-activate|p2a: Great Tusk|ability: Protosynthesis|[fromitem]\n|-start|p2a: Great Tusk|protosynthesisspe\n|turn|4\n|\n|t:|1701127109\n|switch|p1a: Glimmora|Glimmora, M|1\/100\n|move|p2a: Great Tusk|Bulk Up|p2a: Great Tusk\n|-boost|p2a: Great Tusk|atk|1\n|-boost|p2a: Great Tusk|def|1\n|\n|upkeep\n|turn|5\n|\n|t:|1701127112\n|move|p2a: Great Tusk|Rapid Spin|p1a: Glimmora\n|-resisted|p1a: Glimmora\n|-damage|p1a: Glimmora|0 fnt\n|-boost|p2a: Great Tusk|spe|1\n|-activate|p1a: Glimmora|ability: Toxic Debris\n|-sidestart|p2: natiakane|move: Toxic Spikes\n|-sideend|p2: natiakane|Toxic Spikes|[from] move: Rapid Spin|[of] p2a: Great Tusk\n|faint|p1a: Glimmora\n|\n|upkeep\n|\n|t:|1701127118\n|switch|p1a: Landorus|Landorus-Therian, M|100\/100\n|-ability|p1a: Landorus|Intimidate|boost\n|-unboost|p2a: Great Tusk|atk|1\n|turn|6\n|\n|t:|1701127140\n|-terastallize|p1a: Landorus|Ice\n|move|p2a: Great Tusk|Bulk Up|p2a: Great Tusk\n|-boost|p2a: Great Tusk|atk|1\n|-boost|p2a: Great Tusk|def|1\n|move|p1a: Landorus|Tera Blast|p2a: Great Tusk|[anim] Tera Blast Ice\n|-supereffective|p2a: Great Tusk\n|-damage|p2a: Great Tusk|62\/100\n|\n|upkeep\n|turn|7\n|\n|t:|1701127145\n|move|p2a: Great Tusk|Earthquake|p1a: Landorus\n|-damage|p1a: Landorus|23\/100\n|move|p1a: Landorus|Tera Blast|p2a: Great Tusk|[anim] Tera Blast Ice\n|-supereffective|p2a: Great Tusk\n|-damage|p2a: Great Tusk|16\/100\n|\n|upkeep\n|turn|8\n|\n|t:|1701127150\n|move|p2a: Great Tusk|Earthquake|p1a: Landorus\n|-damage|p1a: Landorus|0 fnt\n|faint|p1a: Landorus\n|\n|upkeep\n|\n|t:|1701127161\n|switch|p1a: Iron Valiant|Iron Valiant|100\/100\n|-enditem|p1a: Iron Valiant|Booster Energy\n|-activate|p1a: Iron Valiant|ability: Quark Drive|[fromitem]\n|-start|p1a: Iron Valiant|quarkdrivespe\n|turn|9\n|\n|t:|1701127181\n|move|p2a: Great Tusk|Earthquake|p1a: Iron Valiant\n|-damage|p1a: Iron Valiant|18\/100\n|move|p1a: Iron Valiant|Moonblast|p2a: Great Tusk\n|-supereffective|p2a: Great Tusk\n|-damage|p2a: Great Tusk|0 fnt\n|faint|p2a: Great Tusk\n|-end|p2a: Great Tusk|Protosynthesis|[silent]\n|\n|upkeep\n|\n|t:|1701127186\n|switch|p2a: Lycanroc|Lycanroc-Dusk, F|100\/100\n|turn|10\n|\n|t:|1701127191\n|move|p1a: Iron Valiant|Moonblast|p2a: Lycanroc\n|-damage|p2a: Lycanroc|28\/100\n|move|p2a: Lycanroc|Close Combat|p1a: Iron Valiant\n|-resisted|p1a: Iron Valiant\n|-damage|p1a: Iron Valiant|0 fnt\n|-unboost|p2a: Lycanroc|def|1\n|-unboost|p2a: Lycanroc|spd|1\n|faint|p1a: Iron Valiant\n|-end|p1a: Iron Valiant|Quark Drive|[silent]\n|\n|upkeep\n|\n|t:|1701127197\n|switch|p1a: Gholdengo|Gholdengo, shiny|74\/100\n|turn|11\n|\n|t:|1701127210\n|move|p1a: Gholdengo|Shadow Ball|p2a: Lycanroc\n|-damage|p2a: Lycanroc|0 fnt\n|faint|p2a: Lycanroc\n|\n|upkeep\n|\n|t:|1701127214\n|switch|p2a: Haxorus|Haxorus, M|100\/100\n|-ability|p2a: Haxorus|Mold Breaker\n|turn|12\n|\n|t:|1701127217\n|move|p1a: Gholdengo|Shadow Ball|p2a: Haxorus\n|-damage|p2a: Haxorus|35\/100\n|-unboost|p2a: Haxorus|spd|1\n|move|p2a: Haxorus|Scale Shot|p1a: Gholdengo\n|-resisted|p1a: Gholdengo\n|-damage|p1a: Gholdengo|67\/100\n|-resisted|p1a: Gholdengo\n|-damage|p1a: Gholdengo|58\/100\n|-resisted|p1a: Gholdengo\n|-damage|p1a: Gholdengo|49\/100\n|-resisted|p1a: Gholdengo\n|-crit|p1a: Gholdengo\n|-damage|p1a: Gholdengo|36\/100\n|-hitcount|p1a: Gholdengo|4\n|-unboost|p2a: Haxorus|def|1\n|-boost|p2a: Haxorus|spe|1\n|\n|upkeep\n|turn|13\n|\n|t:|1701127220\n|move|p2a: Haxorus|Earthquake|p1a: Gholdengo\n|-supereffective|p1a: Gholdengo\n|-damage|p1a: Gholdengo|0 fnt\n|faint|p1a: Gholdengo\n|\n|upkeep\n|\n|t:|1701127225\n|switch|p1a: Kingambit|Kingambit, F|100\/100\n|-activate|p1a: Kingambit|ability: Supreme Overlord\n|-start|p1a: Kingambit|fallen4|[silent]\n|turn|14\n|\n|t:|1701127236\n|move|p1a: Kingambit|Sucker Punch|p2a: Haxorus\n|-damage|p2a: Haxorus|0 fnt\n|faint|p2a: Haxorus\n|\n|upkeep\n|\n|t:|1701127238\n|switch|p2a: Ninetales|Ninetales-Alola, F|100\/100\n|-weather|Snow|[from] ability: Snow Warning|[of] p2a: Ninetales\n|turn|15\n|\n|t:|1701127239\n|move|p2a: Ninetales|Encore|p1a: Kingambit\n|-start|p1a: Kingambit|Encore\n|move|p1a: Kingambit|Sucker Punch||[still]\n|-fail|p1a: Kingambit\n|\n|-weather|Snow|[upkeep]\n|upkeep\n|turn|16\n|\n|t:|1701127243\n|-end|p1a: Kingambit|fallen4|[silent]\n|switch|p1a: Ogerpon|Ogerpon-Wellspring, F|100\/100\n|move|p2a: Ninetales|Aurora Veil|p2a: Ninetales\n|-sidestart|p2: natiakane|move: Aurora Veil\n|\n|-weather|Snow|[upkeep]\n|upkeep\n|turn|17\n|\n|t:|1701127245\n|move|p1a: Ogerpon|U-turn|p2a: Ninetales\n|-resisted|p2a: Ninetales\n|-damage|p2a: Ninetales|94\/100\n|\n|t:|1701127248\n|switch|p1a: Kingambit|Kingambit, F|100\/100|[from] U-turn\n|-activate|p1a: Kingambit|ability: Supreme Overlord\n|-start|p1a: Kingambit|fallen4|[silent]\n|move|p2a: Ninetales|Freeze-Dry|p1a: Kingambit\n|-resisted|p1a: Kingambit\n|-damage|p1a: Kingambit|87\/100\n|-status|p1a: Kingambit|frz\n|\n|-weather|Snow|[upkeep]\n|-heal|p1a: Kingambit|94\/100 frz|[from] item: Leftovers\n|upkeep\n|turn|18\n|c|\u2606Poison Ivy Thorns|why\n|\n|t:|1701127254\n|-terastallize|p2a: Ninetales|Water\n|move|p2a: Ninetales|Moonblast|p1a: Kingambit\n|-damage|p1a: Kingambit|57\/100 frz\n|-unboost|p1a: Kingambit|spa|1\n|cant|p1a: Kingambit|frz\n|\n|-weather|Snow|[upkeep]\n|-heal|p1a: Kingambit|63\/100 frz|[from] item: Leftovers\n|upkeep\n|turn|19\n|c|\u2606Poison Ivy Thorns|bruh\n|\n|t:|1701127261\n|-end|p1a: Kingambit|fallen4|[silent]\n|switch|p1a: Ogerpon|Ogerpon-Wellspring, F|100\/100\n|move|p2a: Ninetales|Moonblast|p1a: Ogerpon\n|-damage|p1a: Ogerpon|56\/100\n|\n|-weather|none\n|upkeep\n|turn|20\n|\n|t:|1701127283\n|move|p1a: Ogerpon|Power Whip|p2a: Ninetales\n|-supereffective|p2a: Ninetales\n|-damage|p2a: Ninetales|0 fnt\n|faint|p2a: Ninetales\n|\n|upkeep\n|\n|t:|1701127286\n|switch|p2a: Gholdengo|Gholdengo|33\/100\n|turn|21\n|\n|t:|1701127295\n|move|p2a: Gholdengo|Shadow Ball|p1a: Ogerpon\n|-damage|p1a: Ogerpon|8\/100\n|move|p1a: Ogerpon|Knock Off|p2a: Gholdengo\n|-supereffective|p2a: Gholdengo\n|-damage|p2a: Gholdengo|0 fnt\n|-enditem|p2a: Gholdengo|Choice Scarf|[from] move: Knock Off|[of] p1a: Ogerpon\n|faint|p2a: Gholdengo\n|\n|win|Poison Ivy Thorns\n|raw|Poison Ivy Thorns's rating: 1616 &rarr; <strong>1636<\/strong><br \/>(+20 for winning)\n|raw|natiakane's rating: 1624 &rarr; <strong>1604<\/strong><br \/>(-20 for losing)\n","uploadtime":1701127301,"views":5,"p1id":"poisonivythorns","p2id":"natiakane","formatid":"gen9ou","rating":1604,"private":0,"password":""}