{"id":"gen9ou-1997340830","p1":"One True Koga","p2":"OJB989","format":"[Gen 9] OU","log":"|j|\u2606One True Koga\n|j|\u2606OJB989\n|t:|1700791584\n|gametype|singles\n|player|p1|One True Koga|koga|1199\n|player|p2|OJB989|firebreather|1240\n|teamsize|p1|6\n|teamsize|p2|6\n|gen|9\n|tier|[Gen 9] OU\n|rated|\n|rule|Sleep Clause Mod: Limit one foe put to sleep\n|rule|Species Clause: Limit one of each Pok\u00e9mon\n|rule|OHKO Clause: OHKO moves are banned\n|rule|Evasion Items Clause: Evasion items are banned\n|rule|Evasion Moves Clause: Evasion moves are banned\n|rule|Endless Battle Clause: Forcing endless battles is banned\n|rule|HP Percentage Mod: HP is shown in percentages\n|clearpoke\n|poke|p1|Clodsire, F|\n|poke|p1|Toxapex, F|\n|poke|p1|Okidogi, M|\n|poke|p1|Iron Moth|\n|poke|p1|Weezing-Galar, F|\n|poke|p1|Overqwil, F|\n|poke|p2|Zapdos|\n|poke|p2|Garchomp, M|\n|poke|p2|Pelipper, M|\n|poke|p2|Overqwil, M|\n|poke|p2|Talonflame, F|\n|poke|p2|Decidueye-Hisui, F|\n|teampreview\n|\n|t:|1700791591\n|start\n|switch|p1a: Why?|Clodsire, F|100\/100\n|switch|p2a: Talonflame|Talonflame, F|100\/100\n|turn|1\n|\n|t:|1700791598\n|switch|p2a: Overqwil|Overqwil, M|100\/100\n|move|p1a: Why?|Stealth Rock|p2a: Overqwil\n|-sidestart|p2: OJB989|move: Stealth Rock\n|\n|upkeep\n|turn|2\n|\n|t:|1700791613\n|-terastallize|p2a: Overqwil|Dark\n|move|p2a: Overqwil|Crunch|p1a: Why?\n|-damage|p1a: Why?|34\/100\n|-damage|p2a: Overqwil|91\/100|[from] item: Life Orb\n|move|p1a: Why?|Earthquake|p2a: Overqwil\n|-damage|p2a: Overqwil|59\/100\n|\n|upkeep\n|turn|3\n|\n|t:|1700791635\n|switch|p2a: Pelipper|Pelipper, M|100\/100\n|-damage|p2a: Pelipper|76\/100|[from] Stealth Rock\n|-weather|RainDance|[from] ability: Drizzle|[of] p2a: Pelipper\n|switch|p1a: Oof!|Okidogi, M|100\/100\n|\n|-weather|RainDance|[upkeep]\n|upkeep\n|turn|4\n|\n|t:|1700791664\n|move|p1a: Oof!|Thunder Punch|p2a: Pelipper\n|-supereffective|p2a: Pelipper\n|-damage|p2a: Pelipper|0 fnt\n|faint|p2a: Pelipper\n|\n|-weather|RainDance|[upkeep]\n|upkeep\n|\n|t:|1700791669\n|switch|p2a: Talonflame|Talonflame, F|100\/100\n|turn|5\n|\n|t:|1700791686\n|move|p2a: Talonflame|Hurricane|p1a: Oof!\n|-supereffective|p1a: Oof!\n|-damage|p1a: Oof!|28\/100\n|move|p1a: Oof!|Bulk Up|p1a: Oof!\n|-boost|p1a: Oof!|atk|1\n|-boost|p1a: Oof!|def|1\n|\n|-weather|RainDance|[upkeep]\n|-heal|p1a: Oof!|34\/100|[from] item: Leftovers\n|upkeep\n|turn|6\n|\n|t:|1700791713\n|switch|p1a: Really?|Toxapex, F|100\/100\n|move|p2a: Talonflame|Hurricane|p1a: Really?\n|-damage|p1a: Really?|78\/100\n|\n|-weather|RainDance|[upkeep]\n|upkeep\n|turn|7\n|\n|t:|1700791730\n|move|p2a: Talonflame|Tailwind|p2a: Talonflame\n|-sidestart|p2: OJB989|move: Tailwind\n|move|p1a: Really?|Infestation|p2a: Talonflame\n|-resisted|p2a: Talonflame\n|-damage|p2a: Talonflame|99\/100\n|-activate|p2a: Talonflame|move: Infestation|[of] p1a: Really?\n|\n|-weather|RainDance|[upkeep]\n|-damage|p2a: Talonflame|86\/100|[from] move: Infestation|[partiallytrapped]\n|upkeep\n|turn|8\n|\n|t:|1700791740\n|move|p2a: Talonflame|Hurricane|p1a: Really?\n|-damage|p1a: Really?|53\/100\n|move|p1a: Really?|Surf|p2a: Talonflame\n|-supereffective|p2a: Talonflame\n|-damage|p2a: Talonflame|0 fnt\n|faint|p2a: Talonflame\n|\n|-weather|RainDance|[upkeep]\n|upkeep\n|\n|t:|1700791744\n|switch|p2a: Decidueye|Decidueye-Hisui, F|100\/100\n|-damage|p2a: Decidueye|95\/100|[from] Stealth Rock\n|turn|9\n|\n|t:|1700791770\n|move|p2a: Decidueye|Leaf Blade|p1a: Really?\n|-damage|p1a: Really?|15\/100\n|move|p1a: Really?|Ice Beam|p2a: Decidueye\n|-supereffective|p2a: Decidueye\n|-damage|p2a: Decidueye|52\/100\n|\n|-weather|RainDance|[upkeep]\n|upkeep\n|turn|10\n|\n|t:|1700791799\n|switch|p1a: Ugh Oh...|Iron Moth|100\/100\n|-enditem|p1a: Ugh Oh...|Booster Energy\n|-activate|p1a: Ugh Oh...|ability: Quark Drive|[fromitem]\n|-start|p1a: Ugh Oh...|quarkdrivespe\n|move|p2a: Decidueye|Triple Arrows|p1a: Ugh Oh...\n|-resisted|p1a: Ugh Oh...\n|-crit|p1a: Ugh Oh...\n|-damage|p1a: Ugh Oh...|47\/100\n|\n|-weather|none\n|-sideend|p2: OJB989|move: Tailwind\n|upkeep\n|turn|11\n|\n|t:|1700791810\n|move|p2a: Decidueye|Shadow Sneak|p1a: Ugh Oh...\n|-crit|p1a: Ugh Oh...\n|-damage|p1a: Ugh Oh...|19\/100\n|move|p1a: Ugh Oh...|Venoshock|p2a: Decidueye\n|-supereffective|p2a: Decidueye\n|-damage|p2a: Decidueye|0 fnt\n|faint|p2a: Decidueye\n|\n|upkeep\n|\n|t:|1700791818\n|switch|p2a: Garchomp|Garchomp, M|100\/100\n|-damage|p2a: Garchomp|94\/100|[from] Stealth Rock\n|turn|12\n|\n|t:|1700791827\n|-end|p1a: Ugh Oh...|Quark Drive|[silent]\n|switch|p1a: Bruh...|Weezing-Galar, F|100\/100\n|move|p2a: Garchomp|Scale Shot|p1a: Bruh...\n|-immune|p1a: Bruh...\n|\n|upkeep\n|turn|13\n|\n|t:|1700791857\n|switch|p1a: Why?|Clodsire, F|34\/100\n|move|p2a: Garchomp|Iron Head|p1a: Why?\n|-damage|p1a: Why?|5\/100\n|\n|upkeep\n|turn|14\n|\n|t:|1700791864\n|move|p2a: Garchomp|Scale Shot|p1a: Why?\n|-damage|p1a: Why?|0 fnt\n|faint|p1a: Why?\n|-hitcount|p1: Why?|1\n|-unboost|p2a: Garchomp|def|1\n|-boost|p2a: Garchomp|spe|1\n|\n|upkeep\n|\n|t:|1700791871\n|switch|p1a: Bruh...|Weezing-Galar, F|100\/100\n|turn|15\n|\n|t:|1700791875\n|move|p2a: Garchomp|Iron Head|p1a: Bruh...\n|-supereffective|p1a: Bruh...\n|-damage|p1a: Bruh...|62\/100\n|-damage|p2a: Garchomp|78\/100|[from] item: Rocky Helmet|[of] p1a: Bruh...\n|move|p1a: Bruh...|Strange Steam|p2a: Garchomp\n|-supereffective|p2a: Garchomp\n|-damage|p2a: Garchomp|23\/100\n|\n|upkeep\n|turn|16\n|\n|t:|1700791882\n|move|p2a: Garchomp|Iron Head|p1a: Bruh...\n|-supereffective|p1a: Bruh...\n|-damage|p1a: Bruh...|24\/100\n|-damage|p2a: Garchomp|7\/100|[from] item: Rocky Helmet|[of] p1a: Bruh...\n|move|p1a: Bruh...|Strange Steam|p2a: Garchomp\n|-supereffective|p2a: Garchomp\n|-crit|p2a: Garchomp\n|-damage|p2a: Garchomp|0 fnt\n|faint|p2a: Garchomp\n|\n|upkeep\n|\n|t:|1700791887\n|switch|p2a: Overqwil|Overqwil, M, tera:Dark|59\/100\n|-damage|p2a: Overqwil|47\/100|[from] Stealth Rock\n|turn|17\n|\n|t:|1700791895\n|move|p2a: Overqwil|Liquidation|p1a: Bruh...\n|-damage|p1a: Bruh...|1\/100\n|-damage|p2a: Overqwil|31\/100|[from] item: Rocky Helmet|[of] p1a: Bruh...\n|-damage|p2a: Overqwil|21\/100|[from] item: Life Orb\n|move|p1a: Bruh...|Pain Split|p2a: Overqwil\n|-sethp|p2a: Overqwil|11\/100|[from] move: Pain Split|[silent]\n|-sethp|p1a: Bruh...|10\/100|[from] move: Pain Split\n|\n|upkeep\n|turn|18\n|\n|t:|1700791908\n|switch|p1a: Really?|Toxapex, F|49\/100\n|move|p2a: Overqwil|Crunch|p1a: Really?\n|-damage|p1a: Really?|0 fnt\n|faint|p1a: Really?\n|-damage|p2a: Overqwil|1\/100|[from] item: Life Orb\n|\n|upkeep\n|\n|t:|1700791916\n|switch|p1a: Huh!?|Overqwil, F|100\/100\n|-ability|p1a: Huh!?|Intimidate|boost\n|-unboost|p2a: Overqwil|atk|1\n|turn|19\n|\n|t:|1700791925\n|move|p2a: Overqwil|Liquidation|p1a: Huh!?\n|-damage|p1a: Huh!?|79\/100\n|-damage|p2a: Overqwil|0 fnt|[from] item: Life Orb\n|faint|p2a: Overqwil\n|move|p1a: Huh!?|Toxic Spikes|p2: Overqwil\n|-sidestart|p2: OJB989|move: Toxic Spikes\n|\n|upkeep\n|\n|t:|1700791929\n|switch|p2a: Zapdos|Zapdos|100\/100\n|turn|20\n|\n|t:|1700791947\n|move|p2a: Zapdos|Discharge|p1a: Huh!?\n|-damage|p1a: Huh!?|20\/100\n|move|p1a: Huh!?|Barb Barrage|p2a: Zapdos\n|-damage|p2a: Zapdos|71\/100\n|\n|upkeep\n|turn|21\n|\n|t:|1700791955\n|move|p2a: Zapdos|Discharge|p1a: Huh!?\n|-damage|p1a: Huh!?|0 fnt\n|faint|p1a: Huh!?\n|\n|upkeep\n|\n|t:|1700791977\n|switch|p1a: Oof!|Okidogi, M|34\/100\n|turn|22\n|\n|t:|1700791996\n|-terastallize|p1a: Oof!|Dragon\n|move|p2a: Zapdos|Roost|p2a: Zapdos\n|-heal|p2a: Zapdos|100\/100\n|-singleturn|p2a: Zapdos|move: Roost\n|move|p1a: Oof!|Knock Off|p2a: Zapdos\n|-damage|p2a: Zapdos|69\/100\n|-status|p1a: Oof!|par|[from] ability: Static|[of] p2a: Zapdos\n|-enditem|p2a: Zapdos|Heavy-Duty Boots|[from] move: Knock Off|[of] p1a: Oof!\n|\n|-heal|p1a: Oof!|40\/100 par|[from] item: Leftovers\n|upkeep\n|turn|23\n|\n|t:|1700792008\n|move|p2a: Zapdos|Hurricane|p1a: Oof!\n|-damage|p1a: Oof!|0 fnt\n|faint|p1a: Oof!\n|\n|upkeep\n|\n|t:|1700792017\n|switch|p1a: Ugh Oh...|Iron Moth|19\/100\n|turn|24\n|\n|t:|1700792029\n|move|p1a: Ugh Oh...|Fiery Dance|p2a: Zapdos\n|-crit|p2a: Zapdos\n|-damage|p2a: Zapdos|5\/100\n|move|p2a: Zapdos|Discharge|p1a: Ugh Oh...\n|-damage|p1a: Ugh Oh...|0 fnt\n|faint|p1a: Ugh Oh...\n|-end|p1a: Ugh Oh...|Quark Drive|[silent]\n|\n|upkeep\n|\n|t:|1700792035\n|switch|p1a: Bruh...|Weezing-Galar, F|10\/100\n|turn|25\n|\n|t:|1700792041\n|move|p2a: Zapdos|Discharge|p1a: Bruh...\n|-damage|p1a: Bruh...|0 fnt\n|faint|p1a: Bruh...\n|\n|win|OJB989\n|raw|One True Koga's rating: 1199 &rarr; <strong>1177<\/strong><br \/>(-22 for losing)\n|raw|OJB989's rating: 1240 &rarr; <strong>1262<\/strong><br \/>(+22 for winning)\n","uploadtime":1700792047,"views":4,"p1id":"onetruekoga","p2id":"ojb989","formatid":"gen9ou","rating":1177,"private":0,"password":""}