{"id":"gen9ou-1988949142","p1":"jurassicgaming","p2":"jacothaptrllr","format":"[Gen 9] OU","log":"|j|\u203djurassicgaming\n|j|\u2606jacothaptrllr\n|t:|1699793080\n|gametype|singles\n|player|p1|jurassicgaming|2|1159\n|player|p2|jacothaptrllr|shadowtriad|1116\n|teamsize|p1|6\n|teamsize|p2|6\n|gen|9\n|tier|[Gen 9] OU\n|rated|\n|rule|Sleep Clause Mod: Limit one foe put to sleep\n|rule|Species Clause: Limit one of each Pok\u00e9mon\n|rule|OHKO Clause: OHKO moves are banned\n|rule|Evasion Items Clause: Evasion items are banned\n|rule|Evasion Moves Clause: Evasion moves are banned\n|rule|Endless Battle Clause: Forcing endless battles is banned\n|rule|HP Percentage Mod: HP is shown in percentages\n|clearpoke\n|poke|p1|Toxapex, F|\n|poke|p1|Gholdengo|\n|poke|p1|Great Tusk|\n|poke|p1|Blissey, F|\n|poke|p1|Landorus-Therian, M|\n|poke|p1|Rillaboom, M|\n|poke|p2|Crawdaunt, M|\n|poke|p2|Cinderace, F|\n|poke|p2|Hawlucha, F|\n|poke|p2|Goodra-Hisui, M|\n|poke|p2|Corviknight, F|\n|poke|p2|Clefable, F|\n|teampreview\n|inactive|Battle timer is ON: inactive players will automatically lose when time's up. (requested by jacothaptrllr)\n|\n|t:|1699793097\n|start\n|switch|p1a: Landorus|Landorus-Therian, M, shiny|100\/100\n|switch|p2a: Crawdaunt|Crawdaunt, M|100\/100\n|-ability|p1a: Landorus|Intimidate|boost\n|-unboost|p2a: Crawdaunt|atk|1\n|turn|1\n|\n|t:|1699793104\n|switch|p2a: Corviknight|Corviknight, F|100\/100\n|move|p1a: Landorus|U-turn|p2a: Corviknight\n|-resisted|p2a: Corviknight\n|-damage|p2a: Corviknight|95\/100\n|-damage|p1a: Landorus|84\/100|[from] item: Rocky Helmet|[of] p2a: Corviknight\n|\n|t:|1699793107\n|switch|p1a: Gholdengo|Gholdengo, shiny|100\/100|[from] U-turn\n|\n|upkeep\n|turn|2\n|\n|t:|1699793128\n|switch|p2a: Cinderace|Cinderace, F|100\/100\n|move|p1a: Gholdengo|Thunder Wave|p2a: Cinderace\n|-status|p2a: Cinderace|par\n|\n|upkeep\n|turn|3\n|\n|t:|1699793137\n|switch|p1a: Toxapex|Toxapex, F|100\/100\n|cant|p2a: Cinderace|par\n|\n|upkeep\n|turn|4\n|\n|t:|1699793143\n|switch|p2a: Goodra|Goodra-Hisui, M|100\/100\n|-item|p2a: Goodra|Air Balloon\n|move|p1a: Toxapex|Chilling Water|p2a: Goodra\n|-resisted|p2a: Goodra\n|-damage|p2a: Goodra|97\/100\n|-unboost|p2a: Goodra|atk|1\n|-enditem|p2a: Goodra|Air Balloon\n|\n|upkeep\n|turn|5\n|\n|t:|1699793150\n|move|p1a: Toxapex|Baneful Bunker|p1a: Toxapex\n|-singleturn|p1a: Toxapex|move: Protect\n|move|p2a: Goodra|Thunderbolt|p1a: Toxapex\n|-activate|p1a: Toxapex|move: Protect\n|\n|upkeep\n|turn|6\n|\n|t:|1699793154\n|switch|p1a: Blissey|Blissey, F|100\/100\n|move|p2a: Goodra|Ice Beam|p1a: Blissey\n|-damage|p1a: Blissey|91\/100\n|-status|p1a: Blissey|frz\n|\n|-heal|p1a: Blissey|97\/100 frz|[from] item: Leftovers\n|upkeep\n|turn|7\n|\n|t:|1699793165\n|switch|p2a: Hawlucha|Hawlucha, F|100\/100\n|-curestatus|p1a: Blissey|frz|[from] ability: Natural Cure\n|switch|p1a: Gholdengo|Gholdengo, shiny|100\/100\n|\n|upkeep\n|turn|8\n|\n|t:|1699793179\n|switch|p2a: Cinderace|Cinderace, F|100\/100 par\n|move|p1a: Gholdengo|Nasty Plot|p1a: Gholdengo\n|-boost|p1a: Gholdengo|spa|2\n|\n|upkeep\n|turn|9\n|\n|t:|1699793186\n|move|p2a: Cinderace|Sucker Punch|p1a: Gholdengo\n|-start|p2a: Cinderace|typechange|Dark|[from] ability: Libero\n|-supereffective|p1a: Gholdengo\n|-crit|p1a: Gholdengo\n|-damage|p1a: Gholdengo|0 fnt\n|faint|p1a: Gholdengo\n|\n|upkeep\n|\n|t:|1699793191\n|switch|p1a: Landorus|Landorus-Therian, M, shiny|84\/100\n|-ability|p1a: Landorus|Intimidate|boost\n|-unboost|p2a: Cinderace|atk|1\n|turn|10\n|\n|t:|1699793197\n|switch|p2a: Corviknight|Corviknight, F|95\/100\n|move|p1a: Landorus|Stone Edge|p2a: Corviknight\n|-damage|p2a: Corviknight|68\/100\n|\n|upkeep\n|turn|11\n|\n|t:|1699793204\n|move|p1a: Landorus|U-turn|p2a: Corviknight\n|-resisted|p2a: Corviknight\n|-damage|p2a: Corviknight|63\/100\n|-damage|p1a: Landorus|67\/100|[from] item: Rocky Helmet|[of] p2a: Corviknight\n|\n|t:|1699793207\n|switch|p1a: Toxapex|Toxapex, F|100\/100|[from] U-turn\n|move|p2a: Corviknight|Iron Defense|p2a: Corviknight\n|-boost|p2a: Corviknight|def|2\n|\n|upkeep\n|turn|12\n|\n|t:|1699793215\n|move|p2a: Corviknight|Roost|p2a: Corviknight\n|-heal|p2a: Corviknight|100\/100\n|-singleturn|p2a: Corviknight|move: Roost\n|move|p1a: Toxapex|Haze|p1a: Toxapex\n|-clearallboost\n|\n|upkeep\n|turn|13\n|\n|t:|1699793224\n|switch|p2a: Goodra|Goodra-Hisui, M|97\/100\n|move|p1a: Toxapex|Chilling Water|p2a: Goodra\n|-resisted|p2a: Goodra\n|-damage|p2a: Goodra|94\/100\n|-unboost|p2a: Goodra|atk|1\n|\n|upkeep\n|turn|14\n|\n|t:|1699793231\n|switch|p1a: Blissey|Blissey, F|97\/100\n|move|p2a: Goodra|Ice Beam|p1a: Blissey\n|-damage|p1a: Blissey|88\/100\n|\n|-heal|p1a: Blissey|95\/100|[from] item: Leftovers\n|upkeep\n|turn|15\n|\n|t:|1699793247\n|switch|p2a: Corviknight|Corviknight, F|100\/100\n|move|p1a: Blissey|Thunder Wave|p2a: Corviknight|[miss]\n|-miss|p1a: Blissey|p2a: Corviknight\n|\n|-heal|p1a: Blissey|100\/100|[from] item: Leftovers\n|upkeep\n|turn|16\n|\n|t:|1699793255\n|switch|p2a: Cinderace|Cinderace, F|100\/100 par\n|move|p1a: Blissey|Thunder Wave|p2a: Cinderace\n|-fail|p2a: Cinderace|par\n|\n|upkeep\n|turn|17\n|\n|t:|1699793260\n|move|p1a: Blissey|Protect|p1a: Blissey\n|-singleturn|p1a: Blissey|Protect\n|move|p2a: Cinderace|Pyro Ball|p1a: Blissey\n|-activate|p1a: Blissey|move: Protect\n|\n|upkeep\n|turn|18\n|\n|t:|1699793263\n|switch|p1a: Toxapex|Toxapex, F|100\/100\n|move|p2a: Cinderace|Pyro Ball|p1a: Toxapex\n|-resisted|p1a: Toxapex\n|-damage|p1a: Toxapex|82\/100\n|\n|-heal|p1a: Toxapex|88\/100|[from] item: Black Sludge\n|upkeep\n|turn|19\n|\n|t:|1699793270\n|switch|p2a: Goodra|Goodra-Hisui, M|94\/100\n|move|p1a: Toxapex|Chilling Water|p2a: Goodra\n|-resisted|p2a: Goodra\n|-damage|p2a: Goodra|91\/100\n|-unboost|p2a: Goodra|atk|1\n|\n|-heal|p1a: Toxapex|94\/100|[from] item: Black Sludge\n|upkeep\n|turn|20\n|\n|t:|1699793277\n|move|p2a: Goodra|Ice Beam|p1a: Toxapex\n|-resisted|p1a: Toxapex\n|-damage|p1a: Toxapex|81\/100\n|move|p1a: Toxapex|Toxic|p2a: Goodra\n|-immune|p2a: Goodra\n|\n|-heal|p1a: Toxapex|88\/100|[from] item: Black Sludge\n|upkeep\n|turn|21\n|\n|t:|1699793281\n|move|p2a: Goodra|Thunderbolt|p1a: Toxapex\n|-supereffective|p1a: Toxapex\n|-damage|p1a: Toxapex|40\/100\n|move|p1a: Toxapex|Chilling Water|p2a: Goodra\n|-resisted|p2a: Goodra\n|-damage|p2a: Goodra|87\/100\n|-unboost|p2a: Goodra|atk|1\n|\n|-heal|p1a: Toxapex|46\/100|[from] item: Black Sludge\n|upkeep\n|turn|22\n|\n|t:|1699793287\n|switch|p1a: Blissey|Blissey, F|100\/100\n|move|p2a: Goodra|Ice Beam|p1a: Blissey\n|-damage|p1a: Blissey|93\/100\n|\n|-heal|p1a: Blissey|99\/100|[from] item: Leftovers\n|upkeep\n|turn|23\n|\n|t:|1699793294\n|switch|p2a: Cinderace|Cinderace, F|100\/100 par\n|move|p1a: Blissey|Thunder Wave|p2a: Cinderace\n|-fail|p2a: Cinderace|par\n|\n|-heal|p1a: Blissey|100\/100|[from] item: Leftovers\n|upkeep\n|turn|24\n|\n|t:|1699793300\n|move|p1a: Blissey|Protect|p1a: Blissey\n|-singleturn|p1a: Blissey|Protect\n|move|p2a: Cinderace|Pyro Ball|p1a: Blissey\n|-activate|p1a: Blissey|move: Protect\n|\n|upkeep\n|turn|25\n|\n|t:|1699793304\n|switch|p1a: Landorus|Landorus-Therian, M, shiny|67\/100\n|-ability|p1a: Landorus|Intimidate|boost\n|-unboost|p2a: Cinderace|atk|1\n|move|p2a: Cinderace|U-turn|p1a: Landorus\n|-start|p2a: Cinderace|typechange|Bug|[from] ability: Libero\n|-resisted|p1a: Landorus\n|-damage|p1a: Landorus|53\/100\n|\n|t:|1699793317\n|switch|p2a: Corviknight|Corviknight, F|100\/100|[from] U-turn\n|\n|upkeep\n|turn|26\n|\n|t:|1699793324\n|move|p1a: Landorus|U-turn|p2a: Corviknight\n|-resisted|p2a: Corviknight\n|-damage|p2a: Corviknight|95\/100\n|-damage|p1a: Landorus|37\/100|[from] item: Rocky Helmet|[of] p2a: Corviknight\n|\n|t:|1699793326\n|switch|p1a: Toxapex|Toxapex, F|79\/100|[from] U-turn\n|move|p2a: Corviknight|Iron Defense|p2a: Corviknight\n|-boost|p2a: Corviknight|def|2\n|\n|-heal|p1a: Toxapex|85\/100|[from] item: Black Sludge\n|upkeep\n|turn|27\n|\n|t:|1699793332\n|switch|p2a: Goodra|Goodra-Hisui, M|87\/100\n|move|p1a: Toxapex|Chilling Water|p2a: Goodra\n|-resisted|p2a: Goodra\n|-damage|p2a: Goodra|84\/100\n|-unboost|p2a: Goodra|atk|1\n|\n|-heal|p1a: Toxapex|92\/100|[from] item: Black Sludge\n|upkeep\n|turn|28\n|\n|t:|1699793341\n|switch|p1a: Blissey|Blissey, F|100\/100\n|move|p2a: Goodra|Thunderbolt|p1a: Blissey\n|-damage|p1a: Blissey|92\/100\n|\n|-heal|p1a: Blissey|98\/100|[from] item: Leftovers\n|upkeep\n|turn|29\n|\n|t:|1699793347\n|switch|p2a: Cinderace|Cinderace, F|100\/100 par\n|move|p1a: Blissey|Thunder Wave|p2a: Cinderace\n|-fail|p2a: Cinderace|par\n|\n|-heal|p1a: Blissey|100\/100|[from] item: Leftovers\n|upkeep\n|turn|30\n|\n|t:|1699793354\n|move|p1a: Blissey|Protect|p1a: Blissey\n|-singleturn|p1a: Blissey|Protect\n|move|p2a: Cinderace|Pyro Ball|p1a: Blissey\n|-activate|p1a: Blissey|move: Protect\n|\n|upkeep\n|turn|31\n|\n|t:|1699793358\n|switch|p1a: Landorus|Landorus-Therian, M, shiny|37\/100\n|-ability|p1a: Landorus|Intimidate|boost\n|-unboost|p2a: Cinderace|atk|1\n|move|p2a: Cinderace|Pyro Ball|p1a: Landorus\n|-damage|p1a: Landorus|0 fnt\n|faint|p1a: Landorus\n|\n|upkeep\n|\n|t:|1699793365\n|switch|p1a: Toxapex|Toxapex, F|100\/100\n|turn|32\n|\n|t:|1699793370\n|switch|p2a: Goodra|Goodra-Hisui, M|84\/100\n|move|p1a: Toxapex|Chilling Water|p2a: Goodra\n|-resisted|p2a: Goodra\n|-damage|p2a: Goodra|80\/100\n|-unboost|p2a: Goodra|atk|1\n|\n|upkeep\n|turn|33\n|\n|t:|1699793374\n|switch|p1a: Blissey|Blissey, F|100\/100\n|move|p2a: Goodra|Thunderbolt|p1a: Blissey\n|-damage|p1a: Blissey|92\/100\n|\n|-heal|p1a: Blissey|98\/100|[from] item: Leftovers\n|upkeep\n|turn|34\n|\n|t:|1699793378\n|switch|p2a: Cinderace|Cinderace, F|100\/100 par\n|move|p1a: Blissey|Seismic Toss|p2a: Cinderace\n|-damage|p2a: Cinderace|67\/100 par\n|\n|-heal|p1a: Blissey|100\/100|[from] item: Leftovers\n|upkeep\n|turn|35\n|\n|t:|1699793384\n|move|p1a: Blissey|Protect|p1a: Blissey\n|-singleturn|p1a: Blissey|Protect\n|move|p2a: Cinderace|Pyro Ball|p1a: Blissey\n|-activate|p1a: Blissey|move: Protect\n|\n|upkeep\n|turn|36\n|\n|t:|1699793388\n|switch|p1a: Toxapex|Toxapex, F|100\/100\n|move|p2a: Cinderace|Pyro Ball|p1a: Toxapex\n|-resisted|p1a: Toxapex\n|-crit|p1a: Toxapex\n|-damage|p1a: Toxapex|75\/100\n|\n|-heal|p1a: Toxapex|81\/100|[from] item: Black Sludge\n|upkeep\n|turn|37\n|\n|t:|1699793393\n|switch|p2a: Goodra|Goodra-Hisui, M|80\/100\n|move|p1a: Toxapex|Chilling Water|p2a: Goodra\n|-resisted|p2a: Goodra\n|-damage|p2a: Goodra|77\/100\n|-unboost|p2a: Goodra|atk|1\n|\n|-heal|p1a: Toxapex|87\/100|[from] item: Black Sludge\n|upkeep\n|turn|38\n|\n|t:|1699793398\n|switch|p1a: Blissey|Blissey, F|100\/100\n|move|p2a: Goodra|Thunderbolt|p1a: Blissey\n|-damage|p1a: Blissey|93\/100\n|\n|-heal|p1a: Blissey|99\/100|[from] item: Leftovers\n|upkeep\n|turn|39\n|\n|t:|1699793403\n|switch|p2a: Cinderace|Cinderace, F|67\/100 par\n|move|p1a: Blissey|Seismic Toss|p2a: Cinderace\n|-damage|p2a: Cinderace|34\/100 par\n|\n|-heal|p1a: Blissey|100\/100|[from] item: Leftovers\n|upkeep\n|turn|40\n|\n|t:|1699793413\n|move|p1a: Blissey|Protect|p1a: Blissey\n|-singleturn|p1a: Blissey|Protect\n|move|p2a: Cinderace|Pyro Ball|p1a: Blissey\n|-activate|p1a: Blissey|move: Protect\n|\n|upkeep\n|turn|41\n|\n|t:|1699793417\n|move|p2a: Cinderace|U-turn|p1a: Blissey\n|-start|p2a: Cinderace|typechange|Bug|[from] ability: Libero\n|-damage|p1a: Blissey|29\/100\n|\n|t:|1699793421\n|switch|p2a: Corviknight|Corviknight, F|95\/100|[from] U-turn\n|move|p1a: Blissey|Seismic Toss|p2a: Corviknight\n|-damage|p2a: Corviknight|70\/100\n|-damage|p1a: Blissey|13\/100|[from] item: Rocky Helmet|[of] p2a: Corviknight\n|\n|-heal|p1a: Blissey|19\/100|[from] item: Leftovers\n|upkeep\n|turn|42\n|\n|t:|1699793427\n|switch|p1a: Toxapex|Toxapex, F|100\/100\n|move|p2a: Corviknight|Brave Bird|p1a: Toxapex\n|-damage|p1a: Toxapex|80\/100\n|-damage|p2a: Corviknight|65\/100|[from] Recoil\n|\n|-heal|p1a: Toxapex|87\/100|[from] item: Black Sludge\n|upkeep\n|turn|43\n|\n|t:|1699793452\n|switch|p2a: Goodra|Goodra-Hisui, M|77\/100\n|move|p1a: Toxapex|Chilling Water|p2a: Goodra\n|-resisted|p2a: Goodra\n|-damage|p2a: Goodra|73\/100\n|-unboost|p2a: Goodra|atk|1\n|\n|-heal|p1a: Toxapex|93\/100|[from] item: Black Sludge\n|upkeep\n|turn|44\n|\n|t:|1699793463\n|switch|p2a: Hawlucha|Hawlucha, F|100\/100\n|switch|p1a: Blissey|Blissey, F|19\/100\n|\n|-heal|p1a: Blissey|25\/100|[from] item: Leftovers\n|upkeep\n|turn|45\n|\n|t:|1699793475\n|move|p1a: Blissey|Protect|p1a: Blissey\n|-singleturn|p1a: Blissey|Protect\n|move|p2a: Hawlucha|Close Combat|p1a: Blissey\n|-activate|p1a: Blissey|move: Protect\n|\n|-heal|p1a: Blissey|31\/100|[from] item: Leftovers\n|upkeep\n|turn|46\n|\n|t:|1699793480\n|switch|p1a: Toxapex|Toxapex, F|100\/100\n|move|p2a: Hawlucha|Swords Dance|p2a: Hawlucha\n|-boost|p2a: Hawlucha|atk|2\n|\n|upkeep\n|turn|47\n|\n|t:|1699793491\n|switch|p2a: Goodra|Goodra-Hisui, M|73\/100\n|move|p1a: Toxapex|Toxic|p2a: Goodra\n|-immune|p2a: Goodra\n|\n|upkeep\n|turn|48\n|\n|t:|1699793496\n|move|p2a: Goodra|Thunderbolt|p1a: Toxapex\n|-supereffective|p1a: Toxapex\n|-damage|p1a: Toxapex|50\/100\n|move|p1a: Toxapex|Chilling Water|p2a: Goodra\n|-resisted|p2a: Goodra\n|-damage|p2a: Goodra|70\/100\n|-unboost|p2a: Goodra|atk|1\n|\n|-heal|p1a: Toxapex|57\/100|[from] item: Black Sludge\n|upkeep\n|turn|49\n|\n|t:|1699793504\n|move|p1a: Toxapex|Baneful Bunker|p1a: Toxapex\n|-singleturn|p1a: Toxapex|move: Protect\n|move|p2a: Goodra|Thunderbolt|p1a: Toxapex\n|-activate|p1a: Toxapex|move: Protect\n|\n|-heal|p1a: Toxapex|63\/100|[from] item: Black Sludge\n|upkeep\n|turn|50\n|\n|t:|1699793508\n|switch|p1a: Blissey|Blissey, F|31\/100\n|move|p2a: Goodra|Ice Beam|p1a: Blissey\n|-damage|p1a: Blissey|23\/100\n|\n|-heal|p1a: Blissey|30\/100|[from] item: Leftovers\n|upkeep\n|turn|51\n|\n|t:|1699793516\n|switch|p2a: Cinderace|Cinderace, F|34\/100 par\n|move|p1a: Blissey|Seismic Toss|p2a: Cinderace\n|-damage|p2a: Cinderace|1\/100 par\n|\n|-heal|p1a: Blissey|36\/100|[from] item: Leftovers\n|upkeep\n|turn|52\n|\n|t:|1699793524\n|move|p1a: Blissey|Protect|p1a: Blissey\n|-singleturn|p1a: Blissey|Protect\n|move|p2a: Cinderace|U-turn|p1a: Blissey\n|-start|p2a: Cinderace|typechange|Bug|[from] ability: Libero\n|-activate|p1a: Blissey|move: Protect\n|\n|-heal|p1a: Blissey|42\/100|[from] item: Leftovers\n|upkeep\n|turn|53\n|\n|t:|1699793529\n|switch|p1a: Toxapex|Toxapex, F|96\/100\n|cant|p2a: Cinderace|par\n|\n|-heal|p1a: Toxapex|100\/100|[from] item: Black Sludge\n|upkeep\n|turn|54\n|\n|t:|1699793535\n|switch|p2a: Goodra|Goodra-Hisui, M|70\/100\n|move|p1a: Toxapex|Chilling Water|p2a: Goodra\n|-resisted|p2a: Goodra\n|-damage|p2a: Goodra|66\/100\n|-unboost|p2a: Goodra|atk|1\n|\n|upkeep\n|turn|55\n|\n|t:|1699793541\n|switch|p1a: Blissey|Blissey, F|42\/100\n|move|p2a: Goodra|Thunderbolt|p1a: Blissey\n|-damage|p1a: Blissey|33\/100\n|\n|-heal|p1a: Blissey|39\/100|[from] item: Leftovers\n|upkeep\n|turn|56\n|\n|t:|1699793548\n|switch|p2a: Cinderace|Cinderace, F|1\/100 par\n|move|p1a: Blissey|Seismic Toss|p2a: Cinderace\n|-damage|p2a: Cinderace|0 fnt\n|faint|p2a: Cinderace\n|\n|-heal|p1a: Blissey|46\/100|[from] item: Leftovers\n|upkeep\n|\n|t:|1699793559\n|switch|p2a: Hawlucha|Hawlucha, F|100\/100\n|turn|57\n|\n|t:|1699793567\n|move|p1a: Blissey|Protect|p1a: Blissey\n|-singleturn|p1a: Blissey|Protect\n|move|p2a: Hawlucha|Encore|p1a: Blissey\n|-activate|p1a: Blissey|move: Protect\n|\n|-heal|p1a: Blissey|52\/100|[from] item: Leftovers\n|upkeep\n|turn|58\n|\n|t:|1699793573\n|move|p2a: Hawlucha|Encore|p1a: Blissey\n|-start|p1a: Blissey|Encore\n|move|p1a: Blissey|Protect||[still]\n|-fail|p1a: Blissey\n|\n|-heal|p1a: Blissey|58\/100|[from] item: Leftovers\n|upkeep\n|turn|59\n|\n|t:|1699793579\n|move|p1a: Blissey|Protect|p1a: Blissey\n|-singleturn|p1a: Blissey|Protect\n|move|p2a: Hawlucha|Swords Dance|p2a: Hawlucha\n|-boost|p2a: Hawlucha|atk|2\n|\n|-heal|p1a: Blissey|64\/100|[from] item: Leftovers\n|upkeep\n|turn|60\n|\n|t:|1699793586\n|switch|p1a: Toxapex|Toxapex, F|100\/100\n|move|p2a: Hawlucha|Close Combat|p1a: Toxapex\n|-resisted|p1a: Toxapex\n|-damage|p1a: Toxapex|73\/100\n|-unboost|p2a: Hawlucha|def|1\n|-unboost|p2a: Hawlucha|spd|1\n|\n|-heal|p1a: Toxapex|79\/100|[from] item: Black Sludge\n|upkeep\n|turn|61\n|\n|t:|1699793594\n|switch|p2a: Goodra|Goodra-Hisui, M|66\/100\n|move|p1a: Toxapex|Chilling Water|p2a: Goodra\n|-resisted|p2a: Goodra\n|-damage|p2a: Goodra|63\/100\n|-unboost|p2a: Goodra|atk|1\n|\n|-heal|p1a: Toxapex|85\/100|[from] item: Black Sludge\n|upkeep\n|turn|62\n|\n|t:|1699793604\n|move|p1a: Toxapex|Baneful Bunker|p1a: Toxapex\n|-singleturn|p1a: Toxapex|move: Protect\n|move|p2a: Goodra|Thunderbolt|p1a: Toxapex\n|-activate|p1a: Toxapex|move: Protect\n|\n|-heal|p1a: Toxapex|91\/100|[from] item: Black Sludge\n|upkeep\n|turn|63\n|\n|t:|1699793609\n|switch|p2a: Hawlucha|Hawlucha, F|100\/100\n|switch|p1a: Blissey|Blissey, F|64\/100\n|\n|-heal|p1a: Blissey|70\/100|[from] item: Leftovers\n|upkeep\n|turn|64\n|\n|t:|1699793615\n|move|p1a: Blissey|Protect|p1a: Blissey\n|-singleturn|p1a: Blissey|Protect\n|move|p2a: Hawlucha|Swords Dance|p2a: Hawlucha\n|-boost|p2a: Hawlucha|atk|2\n|\n|-heal|p1a: Blissey|76\/100|[from] item: Leftovers\n|upkeep\n|turn|65\n|\n|t:|1699793621\n|switch|p2a: Goodra|Goodra-Hisui, M|63\/100\n|switch|p1a: Toxapex|Toxapex, F|100\/100\n|\n|upkeep\n|turn|66\n|\n|t:|1699793629\n|switch|p1a: Rillaboom|Rillaboom, M, shiny|100\/100\n|-fieldstart|move: Grassy Terrain|[from] ability: Grassy Surge|[of] p1a: Rillaboom\n|move|p2a: Goodra|Thunderbolt|p1a: Rillaboom\n|-resisted|p1a: Rillaboom\n|-damage|p1a: Rillaboom|89\/100\n|\n|-heal|p1a: Rillaboom|96\/100|[from] Grassy Terrain\n|-heal|p2a: Goodra|69\/100|[from] Grassy Terrain\n|upkeep\n|turn|67\n|\n|t:|1699793639\n|move|p1a: Rillaboom|Drain Punch|p2a: Goodra\n|-supereffective|p2a: Goodra\n|-damage|p2a: Goodra|15\/100\n|-heal|p1a: Rillaboom|100\/100|[from] drain|[of] p2a: Goodra\n|-ability|p2a: Goodra|Gooey\n|-unboost|p1a: Rillaboom|spe|1\n|move|p2a: Goodra|Ice Beam|p1a: Rillaboom\n|-supereffective|p1a: Rillaboom\n|-damage|p1a: Rillaboom|53\/100\n|\n|-heal|p2a: Goodra|21\/100|[from] Grassy Terrain\n|-heal|p1a: Rillaboom|59\/100|[from] Grassy Terrain\n|upkeep\n|turn|68\n|\n|t:|1699793650\n|switch|p2a: Corviknight|Corviknight, F|65\/100\n|move|p1a: Rillaboom|Drain Punch|p2a: Corviknight\n|-damage|p2a: Corviknight|43\/100\n|-heal|p1a: Rillaboom|70\/100|[from] drain|[of] p2a: Corviknight\n|-damage|p1a: Rillaboom|53\/100|[from] item: Rocky Helmet|[of] p2a: Corviknight\n|\n|-heal|p1a: Rillaboom|60\/100|[from] Grassy Terrain\n|upkeep\n|turn|69\n|\n|t:|1699793654\n|switch|p1a: Toxapex|Toxapex, F|100\/100\n|move|p2a: Corviknight|Iron Defense|p2a: Corviknight\n|-boost|p2a: Corviknight|def|2\n|\n|upkeep\n|turn|70\n|\n|t:|1699793660\n|move|p2a: Corviknight|Roost|p2a: Corviknight\n|-heal|p2a: Corviknight|93\/100\n|-singleturn|p2a: Corviknight|move: Roost\n|move|p1a: Toxapex|Toxic|p2a: Corviknight\n|-immune|p2a: Corviknight\n|\n|-heal|p2a: Corviknight|99\/100|[from] Grassy Terrain\n|-fieldend|move: Grassy Terrain\n|upkeep\n|turn|71\n|\n|t:|1699793683\n|switch|p2a: Goodra|Goodra-Hisui, M|21\/100\n|move|p1a: Toxapex|Haze|p1a: Toxapex\n|-clearallboost\n|\n|upkeep\n|turn|72\n|\n|t:|1699793687\n|switch|p1a: Blissey|Blissey, F|76\/100\n|move|p2a: Goodra|Thunderbolt|p1a: Blissey\n|-damage|p1a: Blissey|68\/100\n|\n|-heal|p1a: Blissey|74\/100|[from] item: Leftovers\n|upkeep\n|turn|73\n|\n|t:|1699793696\n|switch|p2a: Corviknight|Corviknight, F|99\/100\n|move|p1a: Blissey|Thunder Wave|p2a: Corviknight\n|-status|p2a: Corviknight|par\n|\n|-heal|p1a: Blissey|80\/100|[from] item: Leftovers\n|upkeep\n|turn|74\n|\n|t:|1699793702\n|move|p1a: Blissey|Protect|p1a: Blissey\n|-singleturn|p1a: Blissey|Protect\n|cant|p2a: Corviknight|par\n|\n|-heal|p1a: Blissey|86\/100|[from] item: Leftovers\n|upkeep\n|turn|75\n|\n|t:|1699793710\n|switch|p1a: Toxapex|Toxapex, F|100\/100\n|switch|p2a: Goodra|Goodra-Hisui, M|21\/100\n|\n|upkeep\n|turn|76\n|\n|t:|1699793719\n|switch|p1a: Rillaboom|Rillaboom, M, shiny|60\/100\n|-fieldstart|move: Grassy Terrain|[from] ability: Grassy Surge|[of] p1a: Rillaboom\n|move|p2a: Goodra|Thunderbolt|p1a: Rillaboom\n|-resisted|p1a: Rillaboom\n|-damage|p1a: Rillaboom|48\/100\n|-status|p1a: Rillaboom|par\n|\n|-heal|p2a: Goodra|27\/100|[from] Grassy Terrain\n|-heal|p1a: Rillaboom|54\/100 par|[from] Grassy Terrain\n|upkeep\n|turn|77\n|\n|t:|1699793729\n|move|p2a: Goodra|Ice Beam|p1a: Rillaboom\n|-supereffective|p1a: Rillaboom\n|-damage|p1a: Rillaboom|12\/100 par\n|cant|p1a: Rillaboom|par\n|\n|-heal|p2a: Goodra|33\/100|[from] Grassy Terrain\n|-heal|p1a: Rillaboom|18\/100 par|[from] Grassy Terrain\n|upkeep\n|turn|78\n|\n|t:|1699793733\n|move|p1a: Rillaboom|Grassy Glide|p2a: Goodra\n|-resisted|p2a: Goodra\n|-damage|p2a: Goodra|23\/100\n|-ability|p2a: Goodra|Gooey\n|-unboost|p1a: Rillaboom|spe|1\n|move|p2a: Goodra|Ice Beam|p1a: Rillaboom\n|-supereffective|p1a: Rillaboom\n|-damage|p1a: Rillaboom|0 fnt\n|faint|p1a: Rillaboom\n|\n|-heal|p2a: Goodra|29\/100|[from] Grassy Terrain\n|upkeep\n|\n|t:|1699793736\n|switch|p1a: Great Tusk|Great Tusk, shiny|100\/100\n|turn|79\n|\n|t:|1699793742\n|switch|p2a: Corviknight|Corviknight, F|99\/100 par\n|move|p1a: Great Tusk|Knock Off|p2a: Corviknight\n|-damage|p2a: Corviknight|75\/100 par\n|-damage|p1a: Great Tusk|84\/100|[from] item: Rocky Helmet|[of] p2a: Corviknight\n|-enditem|p2a: Corviknight|Rocky Helmet|[from] move: Knock Off|[of] p1a: Great Tusk\n|\n|-heal|p1a: Great Tusk|90\/100|[from] Grassy Terrain\n|upkeep\n|turn|80\n|\n|t:|1699793750\n|-end|p1a: Great Tusk|Protosynthesis|[silent]\n|switch|p1a: Toxapex|Toxapex, F|100\/100\n|move|p2a: Corviknight|Brave Bird|p1a: Toxapex\n|-damage|p1a: Toxapex|79\/100\n|-damage|p2a: Corviknight|70\/100 par|[from] Recoil\n|\n|-heal|p1a: Toxapex|86\/100|[from] Grassy Terrain\n|-heal|p1a: Toxapex|92\/100|[from] item: Black Sludge\n|-fieldend|move: Grassy Terrain\n|upkeep\n|turn|81\n|\n|t:|1699793759\n|switch|p2a: Goodra|Goodra-Hisui, M|29\/100\n|move|p1a: Toxapex|Chilling Water|p2a: Goodra\n|-resisted|p2a: Goodra\n|-damage|p2a: Goodra|25\/100\n|-unboost|p2a: Goodra|atk|1\n|\n|-heal|p1a: Toxapex|98\/100|[from] item: Black Sludge\n|upkeep\n|turn|82\n|\n|t:|1699793789\n|move|p1a: Toxapex|Baneful Bunker|p1a: Toxapex\n|-singleturn|p1a: Toxapex|move: Protect\n|move|p2a: Goodra|Ice Beam|p1a: Toxapex\n|-activate|p1a: Toxapex|move: Protect\n|\n|-heal|p1a: Toxapex|100\/100|[from] item: Black Sludge\n|upkeep\n|turn|83\n|\n|t:|1699793794\n|move|p2a: Goodra|Thunderbolt|p1a: Toxapex\n|-supereffective|p1a: Toxapex\n|-damage|p1a: Toxapex|49\/100\n|-status|p1a: Toxapex|par\n|cant|p1a: Toxapex|par\n|\n|-heal|p1a: Toxapex|55\/100 par|[from] item: Black Sludge\n|upkeep\n|turn|84\n|\n|t:|1699793802\n|switch|p1a: Blissey|Blissey, F|86\/100\n|move|p2a: Goodra|Thunderbolt|p1a: Blissey\n|-crit|p1a: Blissey\n|-damage|p1a: Blissey|74\/100\n|\n|-heal|p1a: Blissey|80\/100|[from] item: Leftovers\n|upkeep\n|turn|85\n|\n|t:|1699793806\n|switch|p2a: Corviknight|Corviknight, F|70\/100 par\n|move|p1a: Blissey|Heal Bell|p1a: Blissey\n|-activate|p1a: Blissey|move: Heal Bell\n|-curestatus|p1: Toxapex|par|[msg]\n|\n|-heal|p1a: Blissey|86\/100|[from] item: Leftovers\n|upkeep\n|turn|86\n|\n|t:|1699793820\n|move|p1a: Blissey|Protect|p1a: Blissey\n|-singleturn|p1a: Blissey|Protect\n|move|p2a: Corviknight|Roost|p2a: Corviknight\n|-heal|p2a: Corviknight|100\/100 par\n|-singleturn|p2a: Corviknight|move: Roost\n|\n|-heal|p1a: Blissey|92\/100|[from] item: Leftovers\n|upkeep\n|turn|87\n|\n|t:|1699793827\n|move|p1a: Blissey|Seismic Toss|p2a: Corviknight\n|-damage|p2a: Corviknight|75\/100 par\n|move|p2a: Corviknight|Iron Defense|p2a: Corviknight\n|-boost|p2a: Corviknight|def|2\n|\n|-heal|p1a: Blissey|98\/100|[from] item: Leftovers\n|upkeep\n|turn|88\n|\n|t:|1699793834\n|move|p1a: Blissey|Protect|p1a: Blissey\n|-singleturn|p1a: Blissey|Protect\n|move|p2a: Corviknight|Iron Defense|p2a: Corviknight\n|-boost|p2a: Corviknight|def|2\n|\n|-heal|p1a: Blissey|100\/100|[from] item: Leftovers\n|upkeep\n|turn|89\n|\n|t:|1699793838\n|switch|p1a: Toxapex|Toxapex, F|88\/100\n|cant|p2a: Corviknight|par\n|\n|-heal|p1a: Toxapex|94\/100|[from] item: Black Sludge\n|upkeep\n|turn|90\n|\n|t:|1699793845\n|switch|p2a: Goodra|Goodra-Hisui, M|25\/100\n|move|p1a: Toxapex|Chilling Water|p2a: Goodra\n|-resisted|p2a: Goodra\n|-damage|p2a: Goodra|22\/100\n|-unboost|p2a: Goodra|atk|1\n|\n|-heal|p1a: Toxapex|100\/100|[from] item: Black Sludge\n|upkeep\n|turn|91\n|\n|t:|1699793851\n|move|p2a: Goodra|Thunderbolt|p1a: Toxapex\n|-supereffective|p1a: Toxapex\n|-damage|p1a: Toxapex|54\/100\n|move|p1a: Toxapex|Chilling Water|p2a: Goodra\n|-resisted|p2a: Goodra\n|-damage|p2a: Goodra|18\/100\n|-unboost|p2a: Goodra|atk|1\n|\n|-heal|p1a: Toxapex|60\/100|[from] item: Black Sludge\n|upkeep\n|turn|92\n|\n|t:|1699793856\n|move|p2a: Goodra|Thunderbolt|p1a: Toxapex\n|-supereffective|p1a: Toxapex\n|-damage|p1a: Toxapex|6\/100\n|move|p1a: Toxapex|Haze|p1a: Toxapex\n|-clearallboost\n|\n|-heal|p1a: Toxapex|12\/100|[from] item: Black Sludge\n|upkeep\n|turn|93\n|\n|t:|1699793861\n|switch|p1a: Blissey|Blissey, F|100\/100\n|move|p2a: Goodra|Thunderbolt|p1a: Blissey\n|-damage|p1a: Blissey|92\/100\n|\n|-heal|p1a: Blissey|99\/100|[from] item: Leftovers\n|upkeep\n|turn|94\n|\n|t:|1699793866\n|switch|p2a: Corviknight|Corviknight, F|75\/100 par\n|move|p1a: Blissey|Seismic Toss|p2a: Corviknight\n|-damage|p2a: Corviknight|50\/100 par\n|\n|-heal|p1a: Blissey|100\/100|[from] item: Leftovers\n|upkeep\n|turn|95\n|\n|t:|1699793873\n|move|p1a: Blissey|Protect|p1a: Blissey\n|-singleturn|p1a: Blissey|Protect\n|cant|p2a: Corviknight|par\n|\n|upkeep\n|turn|96\n|\n|t:|1699793877\n|move|p1a: Blissey|Seismic Toss|p2a: Corviknight\n|-damage|p2a: Corviknight|25\/100 par\n|move|p2a: Corviknight|Roost|p2a: Corviknight\n|-heal|p2a: Corviknight|75\/100 par\n|-singleturn|p2a: Corviknight|move: Roost\n|\n|upkeep\n|turn|97\n|\n|t:|1699793882\n|switch|p1a: Toxapex|Toxapex, F|46\/100\n|cant|p2a: Corviknight|par\n|\n|-heal|p1a: Toxapex|52\/100|[from] item: Black Sludge\n|upkeep\n|turn|98\n|\n|t:|1699793887\n|switch|p2a: Goodra|Goodra-Hisui, M|18\/100\n|move|p1a: Toxapex|Chilling Water|p2a: Goodra\n|-resisted|p2a: Goodra\n|-damage|p2a: Goodra|15\/100\n|-unboost|p2a: Goodra|atk|1\n|\n|-heal|p1a: Toxapex|58\/100|[from] item: Black Sludge\n|upkeep\n|turn|99\n|\n|t:|1699793891\n|move|p1a: Toxapex|Baneful Bunker|p1a: Toxapex\n|-singleturn|p1a: Toxapex|move: Protect\n|move|p2a: Goodra|Thunderbolt|p1a: Toxapex\n|-activate|p1a: Toxapex|move: Protect\n|\n|-heal|p1a: Toxapex|64\/100|[from] item: Black Sludge\n|upkeep\n|turn|100\n|\n|t:|1699793896\n|switch|p1a: Blissey|Blissey, F|100\/100\n|move|p2a: Goodra|Thunderbolt|p1a: Blissey\n|-damage|p1a: Blissey|92\/100\n|\n|-heal|p1a: Blissey|98\/100|[from] item: Leftovers\n|upkeep\n|turn|101\n|\n|t:|1699793903\n|switch|p2a: Corviknight|Corviknight, F|75\/100 par\n|move|p1a: Blissey|Seismic Toss|p2a: Corviknight\n|-damage|p2a: Corviknight|50\/100 par\n|\n|-heal|p1a: Blissey|100\/100|[from] item: Leftovers\n|upkeep\n|turn|102\n|\n|t:|1699793913\n|move|p1a: Blissey|Seismic Toss|p2a: Corviknight\n|-damage|p2a: Corviknight|25\/100 par\n|move|p2a: Corviknight|Roost|p2a: Corviknight\n|-heal|p2a: Corviknight|75\/100 par\n|-singleturn|p2a: Corviknight|move: Roost\n|\n|upkeep\n|turn|103\n|\n|t:|1699793919\n|move|p1a: Blissey|Seismic Toss|p2a: Corviknight\n|-damage|p2a: Corviknight|50\/100 par\n|move|p2a: Corviknight|Roost|p2a: Corviknight\n|-heal|p2a: Corviknight|100\/100 par\n|-singleturn|p2a: Corviknight|move: Roost\n|\n|upkeep\n|turn|104\n|\n|t:|1699793925\n|move|p1a: Blissey|Protect|p1a: Blissey\n|-singleturn|p1a: Blissey|Protect\n|move|p2a: Corviknight|Iron Defense|p2a: Corviknight\n|-boost|p2a: Corviknight|def|2\n|\n|upkeep\n|turn|105\n|\n|t:|1699793929\n|switch|p1a: Toxapex|Toxapex, F|98\/100\n|move|p2a: Corviknight|Iron Defense|p2a: Corviknight\n|-boost|p2a: Corviknight|def|2\n|\n|-heal|p1a: Toxapex|100\/100|[from] item: Black Sludge\n|upkeep\n|turn|106\n|\n|t:|1699793932\n|switch|p2a: Goodra|Goodra-Hisui, M|15\/100\n|move|p1a: Toxapex|Haze|p1a: Toxapex\n|-clearallboost\n|\n|upkeep\n|turn|107\n|\n|t:|1699793938\n|move|p2a: Goodra|Thunderbolt|p1a: Toxapex\n|-supereffective|p1a: Toxapex\n|-damage|p1a: Toxapex|49\/100\n|move|p1a: Toxapex|Chilling Water|p2a: Goodra\n|-resisted|p2a: Goodra\n|-damage|p2a: Goodra|12\/100\n|-unboost|p2a: Goodra|atk|1\n|\n|-heal|p1a: Toxapex|55\/100|[from] item: Black Sludge\n|upkeep\n|turn|108\n|\n|t:|1699793955\n|switch|p2a: Crawdaunt|Crawdaunt, M|100\/100\n|move|p1a: Toxapex|Baneful Bunker||[still]\n|-fail|p1a: Toxapex\n|\n|-heal|p1a: Toxapex|61\/100|[from] item: Black Sludge\n|upkeep\n|turn|109\n|\n|t:|1699793960\n|move|p2a: Crawdaunt|Knock Off|p1a: Toxapex\n|-damage|p1a: Toxapex|0 fnt\n|-enditem|p1a: Toxapex|Black Sludge|[from] move: Knock Off|[of] p2a: Crawdaunt\n|faint|p1a: Toxapex\n|\n|upkeep\n|\n|t:|1699793963\n|switch|p1a: Great Tusk|Great Tusk, shiny|90\/100\n|turn|110\n|\n|t:|1699793966\n|switch|p2a: Corviknight|Corviknight, F|100\/100 par\n|move|p1a: Great Tusk|Close Combat|p2a: Corviknight\n|-damage|p2a: Corviknight|55\/100 par\n|-unboost|p1a: Great Tusk|def|1\n|-unboost|p1a: Great Tusk|spd|1\n|\n|upkeep\n|turn|111\n|\n|t:|1699793972\n|move|p1a: Great Tusk|Close Combat|p2a: Corviknight\n|-damage|p2a: Corviknight|7\/100 par\n|-unboost|p1a: Great Tusk|def|1\n|-unboost|p1a: Great Tusk|spd|1\n|move|p2a: Corviknight|Roost|p2a: Corviknight\n|-heal|p2a: Corviknight|57\/100 par\n|-singleturn|p2a: Corviknight|move: Roost\n|\n|upkeep\n|turn|112\n|\n|t:|1699793982\n|move|p1a: Great Tusk|Close Combat|p2a: Corviknight\n|-damage|p2a: Corviknight|9\/100 par\n|-unboost|p1a: Great Tusk|def|1\n|-unboost|p1a: Great Tusk|spd|1\n|move|p2a: Corviknight|Brave Bird|p1a: Great Tusk\n|-supereffective|p1a: Great Tusk\n|-damage|p1a: Great Tusk|0 fnt\n|faint|p1a: Great Tusk\n|-end|p1a: Great Tusk|Protosynthesis|[silent]\n|-damage|p2a: Corviknight|0 fnt|[from] Recoil\n|faint|p2a: Corviknight\n|\n|upkeep\n|\n|t:|1699793989\n|switch|p1a: Blissey|Blissey, F|100\/100\n|switch|p2a: Hawlucha|Hawlucha, F|100\/100\n|turn|113\n|\n|t:|1699793996\n|move|p2a: Hawlucha|Swords Dance|p2a: Hawlucha\n|-boost|p2a: Hawlucha|atk|2\n|move|p1a: Blissey|Thunder Wave|p2a: Hawlucha\n|-status|p2a: Hawlucha|par\n|\n|upkeep\n|turn|114\n|\n|t:|1699794001\n|cant|p2a: Hawlucha|par\n|move|p1a: Blissey|Seismic Toss|p2a: Hawlucha\n|-damage|p2a: Hawlucha|67\/100 par\n|\n|upkeep\n|turn|115\n|\n|t:|1699794005\n|move|p2a: Hawlucha|Close Combat|p1a: Blissey\n|-supereffective|p1a: Blissey\n|-crit|p1a: Blissey\n|-damage|p1a: Blissey|0 fnt\n|-unboost|p2a: Hawlucha|def|1\n|-unboost|p2a: Hawlucha|spd|1\n|faint|p1a: Blissey\n|\n|win|jacothaptrllr\n|raw|jurassicgaming's rating: 1159 &rarr; <strong>1131<\/strong><br \/>(-28 for losing)\n|raw|jacothaptrllr's rating: 1116 &rarr; <strong>1144<\/strong><br \/>(+28 for winning)\n|l|\u203djurassicgaming\n|c|\u2606jacothaptrllr|ggwp\n","uploadtime":1699794014,"views":8,"p1id":"jurassicgaming","p2id":"jacothaptrllr","formatid":"gen9ou","rating":1131,"private":0,"password":""}