{"id":"gen9ou-1995156422","p1":"PERIKO0729","p2":"Firezilla102","format":"[Gen 9] OU","log":"|j|\u2606PERIKO0729\n|j|\u2606Firezilla102\n|t:|1700528871\n|gametype|singles\n|player|p1|PERIKO0729|lucas|1206\n|player|p2|Firezilla102|102|1127\n|teamsize|p1|6\n|teamsize|p2|6\n|gen|9\n|tier|[Gen 9] OU\n|rated|\n|rule|Sleep Clause Mod: Limit one foe put to sleep\n|rule|Species Clause: Limit one of each Pok\u00e9mon\n|rule|OHKO Clause: OHKO moves are banned\n|rule|Evasion Items Clause: Evasion items are banned\n|rule|Evasion Moves Clause: Evasion moves are banned\n|rule|Endless Battle Clause: Forcing endless battles is banned\n|rule|HP Percentage Mod: HP is shown in percentages\n|clearpoke\n|poke|p1|Meowscarada, F|\n|poke|p1|Gholdengo|\n|poke|p1|Ribombee, M|\n|poke|p1|Kommo-o, M|\n|poke|p1|Kingambit, F|\n|poke|p1|Glimmora, M|\n|poke|p2|Ogerpon, F|\n|poke|p2|Infernape, M|\n|poke|p2|Great Tusk|\n|poke|p2|Iron Hands|\n|poke|p2|Greninja-*, M|\n|poke|p2|Florges-Blue, F|\n|teampreview\n|inactive|Battle timer is ON: inactive players will automatically lose when time's up. (requested by PERIKO0729)\n|\n|t:|1700528886\n|start\n|switch|p1a: Ribombee|Ribombee, M|100\/100\n|switch|p2a: Ogerpon|Ogerpon, F|100\/100\n|turn|1\n|\n|t:|1700528897\n|switch|p2a: Iron Hands|Iron Hands|100\/100\n|move|p1a: Ribombee|Sticky Web|p2a: Iron Hands\n|-sidestart|p2: Firezilla102|move: Sticky Web\n|\n|upkeep\n|turn|2\n|\n|t:|1700528903\n|move|p2a: Iron Hands|Fake Out|p1a: Ribombee\n|-damage|p1a: Ribombee|70\/100\n|move|p1a: Ribombee|Moonblast|p2a: Iron Hands\n|-supereffective|p2a: Iron Hands\n|-damage|p2a: Iron Hands|52\/100\n|-unboost|p2a: Iron Hands|spa|1\n|\n|upkeep\n|turn|3\n|\n|t:|1700528915\n|-terastallize|p2a: Iron Hands|Fire\n|move|p1a: Ribombee|Moonblast|p2a: Iron Hands\n|-resisted|p2a: Iron Hands\n|-damage|p2a: Iron Hands|41\/100\n|move|p2a: Iron Hands|Ice Punch|p1a: Ribombee\n|-crit|p1a: Ribombee\n|-damage|p1a: Ribombee|0 fnt\n|faint|p1a: Ribombee\n|\n|upkeep\n|\n|t:|1700528933\n|switch|p1a: Kommo-o|Kommo-o, M|100\/100\n|turn|4\n|\n|t:|1700528937\n|move|p1a: Kommo-o|Clangorous Soul|p1a: Kommo-o\n|-boost|p1a: Kommo-o|atk|1\n|-boost|p1a: Kommo-o|def|1\n|-boost|p1a: Kommo-o|spa|1\n|-boost|p1a: Kommo-o|spd|1\n|-boost|p1a: Kommo-o|spe|1\n|-damage|p1a: Kommo-o|68\/100\n|-enditem|p1a: Kommo-o|Throat Spray\n|-boost|p1a: Kommo-o|spa|1|[from] item: Throat Spray\n|move|p2a: Iron Hands|Ice Punch|p1a: Kommo-o\n|-supereffective|p1a: Kommo-o\n|-damage|p1a: Kommo-o|31\/100\n|\n|upkeep\n|turn|5\n|\n|t:|1700528951\n|move|p1a: Kommo-o|Clanging Scales|p2a: Iron Hands\n|-damage|p2a: Iron Hands|0 fnt\n|faint|p2a: Iron Hands\n|-end|p2a: Iron Hands|Quark Drive|[silent]\n|-unboost|p1a: Kommo-o|def|1\n|\n|upkeep\n|\n|t:|1700528958\n|switch|p2a: Infernape|Infernape, M|100\/100\n|-activate|p2a: Infernape|move: Sticky Web\n|-unboost|p2a: Infernape|spe|1\n|turn|6\n|\n|t:|1700528963\n|move|p2a: Infernape|Mach Punch|p1a: Kommo-o\n|-damage|p1a: Kommo-o|3\/100\n|-damage|p2a: Infernape|91\/100|[from] item: Life Orb\n|move|p1a: Kommo-o|Clanging Scales|p2a: Infernape\n|-damage|p2a: Infernape|0 fnt\n|faint|p2a: Infernape\n|-unboost|p1a: Kommo-o|def|1\n|\n|upkeep\n|\n|t:|1700528973\n|switch|p2a: Great Tusk|Great Tusk|100\/100\n|turn|7\n|\n|t:|1700528979\n|move|p1a: Kommo-o|Clanging Scales|p2a: Great Tusk\n|-damage|p2a: Great Tusk|0 fnt\n|faint|p2a: Great Tusk\n|-end|p2a: Great Tusk|Protosynthesis|[silent]\n|-unboost|p1a: Kommo-o|def|1\n|\n|upkeep\n|\n|t:|1700528986\n|switch|p2a: Greninja|Greninja, M|100\/100\n|-activate|p2a: Greninja|move: Sticky Web\n|-unboost|p2a: Greninja|spe|1\n|turn|8\n|\n|t:|1700528992\n|move|p2a: Greninja|Water Shuriken|p1a: Kommo-o\n|-resisted|p1a: Kommo-o\n|-damage|p1a: Kommo-o|0 fnt\n|faint|p1a: Kommo-o\n|-ability|p2a: Greninja|Battle Bond|boost\n|-boost|p2a: Greninja|atk|1\n|-boost|p2a: Greninja|spa|1\n|-boost|p2a: Greninja|spe|1\n|-activate|p2a: Greninja|ability: Battle Bond\n|-hitcount|p1: Kommo-o|1\n|-damage|p2a: Greninja|91\/100|[from] item: Life Orb\n|\n|upkeep\n|\n|t:|1700529006\n|switch|p1a: Glimmora|Glimmora, M|100\/100\n|turn|9\n|\n|t:|1700529013\n|move|p2a: Greninja|Water Shuriken|p1a: Glimmora\n|-supereffective|p1a: Glimmora\n|-damage|p1a: Glimmora|62\/100\n|-supereffective|p1a: Glimmora\n|-damage|p1a: Glimmora|31\/100\n|-hitcount|p1a: Glimmora|2\n|-damage|p2a: Greninja|81\/100|[from] item: Life Orb\n|move|p1a: Glimmora|Mortal Spin|p2a: Greninja\n|-damage|p2a: Greninja|70\/100\n|-status|p2a: Greninja|psn\n|\n|-damage|p2a: Greninja|58\/100 psn|[from] psn\n|upkeep\n|turn|10\n|\n|t:|1700529026\n|move|p2a: Greninja|Water Shuriken|p1a: Glimmora\n|-supereffective|p1a: Glimmora\n|-damage|p1a: Glimmora|0 fnt\n|faint|p1a: Glimmora\n|-hitcount|p1: Glimmora|1\n|-damage|p2a: Greninja|48\/100 psn|[from] item: Life Orb\n|\n|-damage|p2a: Greninja|36\/100 psn|[from] psn\n|upkeep\n|\n|t:|1700529036\n|switch|p1a: Meowscarada|Meowscarada, F, shiny|100\/100\n|turn|11\n|\n|t:|1700529049\n|move|p2a: Greninja|Water Shuriken|p1a: Meowscarada\n|-resisted|p1a: Meowscarada\n|-damage|p1a: Meowscarada|90\/100\n|-resisted|p1a: Meowscarada\n|-damage|p1a: Meowscarada|80\/100\n|-hitcount|p1a: Meowscarada|2\n|-damage|p2a: Greninja|26\/100 psn|[from] item: Life Orb\n|move|p1a: Meowscarada|U-turn|p2a: Greninja\n|-start|p1a: Meowscarada|typechange|Bug|[from] ability: Protean\n|-supereffective|p2a: Greninja\n|-damage|p2a: Greninja|0 fnt\n|faint|p2a: Greninja\n|\n|t:|1700529061\n|switch|p1a: Gholdengo|Gholdengo|100\/100|[from] U-turn\n|-item|p1a: Gholdengo|Air Balloon\n|\n|upkeep\n|\n|t:|1700529067\n|switch|p2a: Ogerpon|Ogerpon, F|100\/100\n|-activate|p2a: Ogerpon|move: Sticky Web\n|-unboost|p2a: Ogerpon|spe|1\n|-ability|p2a: Ogerpon|Defiant|boost\n|-boost|p2a: Ogerpon|atk|2\n|turn|12\n|\n|t:|1700529083\n|move|p1a: Gholdengo|Nasty Plot|p1a: Gholdengo\n|-boost|p1a: Gholdengo|spa|2\n|move|p2a: Ogerpon|Ivy Cudgel|p1a: Gholdengo\n|-resisted|p1a: Gholdengo\n|-damage|p1a: Gholdengo|16\/100\n|-enditem|p1a: Gholdengo|Air Balloon\n|\n|upkeep\n|turn|13\n|\n|t:|1700529092\n|move|p1a: Gholdengo|Make It Rain|p2a: Ogerpon\n|-damage|p2a: Ogerpon|0 fnt\n|-unboost|p1a: Gholdengo|spa|1\n|faint|p2a: Ogerpon\n|\n|upkeep\n|\n|t:|1700529105\n|switch|p2a: Florges|Florges-Blue, F, shiny|100\/100\n|-activate|p2a: Florges|move: Sticky Web\n|-unboost|p2a: Florges|spe|1\n|turn|14\n|\n|t:|1700529111\n|move|p1a: Gholdengo|Make It Rain|p2a: Florges\n|-supereffective|p2a: Florges\n|-damage|p2a: Florges|0 fnt\n|-unboost|p1a: Gholdengo|spa|1\n|faint|p2a: Florges\n|\n|win|PERIKO0729\n|raw|PERIKO0729's rating: 1206 &rarr; <strong>1225<\/strong><br \/>(+19 for winning)\n|raw|Firezilla102's rating: 1127 &rarr; <strong>1108<\/strong><br \/>(-19 for losing)\n|l|\u2606Firezilla102\n","uploadtime":1700529120,"views":16,"p1id":"periko0729","p2id":"firezilla102","formatid":"gen9ou","rating":1108,"private":0,"password":""}