{"id":"gen9ou-1996812446","p1":"BlasphemousTrainer","p2":"1100s andy","format":"[Gen 9] OU","log":"|j|\u203dBlasphemousTrainer\n|j|\u26061100s andy\n|t:|1700729372\n|gametype|singles\n|player|p1|BlasphemousTrainer|veteran|1278\n|player|p2|1100s andy|169|1453\n|teamsize|p1|6\n|teamsize|p2|6\n|gen|9\n|tier|[Gen 9] OU\n|rated|\n|rule|Sleep Clause Mod: Limit one foe put to sleep\n|rule|Species Clause: Limit one of each Pok\u00e9mon\n|rule|OHKO Clause: OHKO moves are banned\n|rule|Evasion Items Clause: Evasion items are banned\n|rule|Evasion Moves Clause: Evasion moves are banned\n|rule|Endless Battle Clause: Forcing endless battles is banned\n|rule|HP Percentage Mod: HP is shown in percentages\n|clearpoke\n|poke|p1|Dondozo, M|\n|poke|p1|Slowking-Galar, M|\n|poke|p1|Mienshao, F|\n|poke|p1|Dragapult, F|\n|poke|p1|Meowscarada, M|\n|poke|p1|Landorus-Therian, M|\n|poke|p2|Weavile, F|\n|poke|p2|Heatran, F|\n|poke|p2|Great Tusk|\n|poke|p2|Landorus-Therian, M|\n|poke|p2|Ogerpon-Wellspring, F|\n|poke|p2|Gholdengo|\n|teampreview\n|inactive|Battle timer is ON: inactive players will automatically lose when time's up. (requested by BlasphemousTrainer)\n|\n|t:|1700729387\n|start\n|switch|p1a: Meowscarada|Meowscarada, M|100\/100\n|switch|p2a: Landorus|Landorus-Therian, M|100\/100\n|-ability|p2a: Landorus|Intimidate|boost\n|-unboost|p1a: Meowscarada|atk|1\n|turn|1\n|\n|t:|1700729390\n|move|p1a: Meowscarada|U-turn|p2a: Landorus\n|-start|p1a: Meowscarada|typechange|Bug|[from] ability: Protean\n|-resisted|p2a: Landorus\n|-damage|p2a: Landorus|89\/100\n|\n|t:|1700729394\n|switch|p1a: Landorus|Landorus-Therian, M|100\/100|[from] U-turn\n|-ability|p1a: Landorus|Intimidate|boost\n|-unboost|p2a: Landorus|atk|1\n|move|p2a: Landorus|U-turn|p1a: Landorus\n|-resisted|p1a: Landorus\n|-damage|p1a: Landorus|91\/100\n|\n|t:|1700729403\n|switch|p2a: Weavile|Weavile, F|100\/100|[from] U-turn\n|-ability|p2a: Weavile|Pressure\n|\n|upkeep\n|turn|2\n|\n|t:|1700729409\n|move|p1a: Landorus|U-turn|p2a: Weavile\n|-supereffective|p2a: Weavile\n|-damage|p2a: Weavile|0 fnt\n|faint|p2a: Weavile\n|\n|t:|1700729413\n|switch|p1a: Mienshao|Mienshao, F, shiny|100\/100|[from] U-turn\n|\n|upkeep\n|\n|t:|1700729427\n|switch|p2a: Ogerpon|Ogerpon-Wellspring, F|100\/100\n|turn|3\n|\n|t:|1700729435\n|move|p2a: Ogerpon|Spikes|p1a: Mienshao\n|-sidestart|p1: BlasphemousTrainer|Spikes\n|move|p1a: Mienshao|U-turn|p2a: Ogerpon\n|-supereffective|p2a: Ogerpon\n|-damage|p2a: Ogerpon|14\/100\n|-damage|p1a: Mienshao|91\/100|[from] item: Life Orb\n|\n|t:|1700729439\n|switch|p1a: Dragapult|Dragapult, F|100\/100|[from] U-turn\n|-damage|p1a: Dragapult|88\/100|[from] Spikes\n|\n|upkeep\n|turn|4\n|\n|t:|1700729443\n|switch|p2a: Heatran|Heatran, F|100\/100\n|move|p1a: Dragapult|U-turn|p2a: Heatran\n|-resisted|p2a: Heatran\n|-damage|p2a: Heatran|94\/100\n|\n|t:|1700729447\n|switch|p1a: Mienshao|Mienshao, F, shiny|100\/100|[from] U-turn\n|-damage|p1a: Mienshao|88\/100|[from] Spikes\n|\n|-heal|p2a: Heatran|99\/100|[from] item: Leftovers\n|upkeep\n|turn|5\n|\n|t:|1700729451\n|switch|p2a: Great Tusk|Great Tusk|100\/100\n|move|p1a: Mienshao|Close Combat|p2a: Great Tusk\n|-damage|p2a: Great Tusk|52\/100\n|-unboost|p1a: Mienshao|def|1\n|-unboost|p1a: Mienshao|spd|1\n|-damage|p1a: Mienshao|78\/100|[from] item: Life Orb\n|\n|upkeep\n|turn|6\n|\n|t:|1700729464\n|move|p1a: Mienshao|Ice Spinner|p2a: Great Tusk\n|-supereffective|p2a: Great Tusk\n|-damage|p2a: Great Tusk|5\/100\n|-damage|p1a: Mienshao|68\/100|[from] item: Life Orb\n|move|p2a: Great Tusk|Stealth Rock|p1a: Mienshao\n|-sidestart|p1: BlasphemousTrainer|move: Stealth Rock\n|\n|upkeep\n|turn|7\n|\n|t:|1700729472\n|move|p1a: Mienshao|U-turn|p2a: Great Tusk\n|-resisted|p2a: Great Tusk\n|-damage|p2a: Great Tusk|0 fnt\n|faint|p2a: Great Tusk\n|-end|p2a: Great Tusk|Protosynthesis|[silent]\n|-damage|p1a: Mienshao|58\/100|[from] item: Life Orb\n|\n|t:|1700729477\n|switch|p1a: Meowscarada|Meowscarada, M|100\/100|[from] U-turn\n|-damage|p1a: Meowscarada|88\/100|[from] Spikes\n|-damage|p1a: Meowscarada|76\/100|[from] Stealth Rock\n|\n|upkeep\n|\n|t:|1700729482\n|switch|p2a: Landorus|Landorus-Therian, M|89\/100\n|-ability|p2a: Landorus|Intimidate|boost\n|-unboost|p1a: Meowscarada|atk|1\n|turn|8\n|\n|t:|1700729485\n|move|p1a: Meowscarada|Knock Off|p2a: Landorus\n|-start|p1a: Meowscarada|typechange|Dark|[from] ability: Protean\n|-damage|p2a: Landorus|57\/100\n|-enditem|p2a: Landorus|Choice Scarf|[from] move: Knock Off|[of] p1a: Meowscarada\n|move|p2a: Landorus|U-turn|p1a: Meowscarada\n|-supereffective|p1a: Meowscarada\n|-damage|p1a: Meowscarada|0 fnt\n|faint|p1a: Meowscarada\n|\n|t:|1700729495\n|switch|p2a: Ogerpon|Ogerpon-Wellspring, F|14\/100|[from] U-turn\n|\n|upkeep\n|\n|t:|1700729502\n|switch|p1a: Landorus|Landorus-Therian, M|91\/100\n|-damage|p1a: Landorus|79\/100|[from] Stealth Rock\n|-ability|p1a: Landorus|Intimidate|boost\n|-unboost|p2a: Ogerpon|atk|1\n|turn|9\n|\n|t:|1700729507\n|switch|p2a: Landorus|Landorus-Therian, M|57\/100\n|-ability|p2a: Landorus|Intimidate|boost\n|-unboost|p1a: Landorus|atk|1\n|move|p1a: Landorus|U-turn|p2a: Landorus\n|-resisted|p2a: Landorus\n|-damage|p2a: Landorus|46\/100\n|\n|t:|1700729512\n|switch|p1a: Mienshao|Mienshao, F, shiny|92\/100|[from] U-turn\n|-damage|p1a: Mienshao|79\/100|[from] Spikes\n|-damage|p1a: Mienshao|74\/100|[from] Stealth Rock\n|\n|upkeep\n|turn|10\n|\n|t:|1700729519\n|switch|p2a: Gholdengo|Gholdengo|100\/100\n|move|p1a: Mienshao|Ice Spinner|p2a: Gholdengo\n|-resisted|p2a: Gholdengo\n|-damage|p2a: Gholdengo|87\/100\n|-damage|p1a: Mienshao|64\/100|[from] item: Life Orb\n|\n|upkeep\n|turn|11\n|\n|t:|1700729527\n|move|p1a: Mienshao|U-turn|p2a: Gholdengo\n|-resisted|p2a: Gholdengo\n|-damage|p2a: Gholdengo|81\/100\n|-damage|p1a: Mienshao|54\/100|[from] item: Life Orb\n|\n|t:|1700729531\n|switch|p1a: Dragapult|Dragapult, F|88\/100|[from] U-turn\n|-damage|p1a: Dragapult|76\/100|[from] Spikes\n|-damage|p1a: Dragapult|64\/100|[from] Stealth Rock\n|move|p2a: Gholdengo|Dazzling Gleam|p1a: Dragapult\n|-supereffective|p1a: Dragapult\n|-damage|p1a: Dragapult|3\/100\n|\n|upkeep\n|turn|12\n|\n|t:|1700729537\n|switch|p2a: Heatran|Heatran, F|99\/100\n|move|p1a: Dragapult|Phantom Force||[still]\n|-prepare|p1a: Dragapult|Phantom Force\n|\n|-heal|p2a: Heatran|100\/100|[from] item: Leftovers\n|upkeep\n|turn|13\n|\n|t:|1700729545\n|move|p1a: Dragapult|Phantom Force|p2a: Heatran|[from]lockedmove\n|-damage|p2a: Heatran|44\/100\n|move|p2a: Heatran|Earth Power|p1a: Dragapult\n|-damage|p1a: Dragapult|0 fnt\n|faint|p1a: Dragapult\n|\n|-heal|p2a: Heatran|50\/100|[from] item: Leftovers\n|upkeep\n|\n|t:|1700729549\n|switch|p1a: Mienshao|Mienshao, F, shiny|87\/100\n|-damage|p1a: Mienshao|75\/100|[from] Spikes\n|-damage|p1a: Mienshao|69\/100|[from] Stealth Rock\n|turn|14\n|\n|t:|1700729555\n|switch|p2a: Gholdengo|Gholdengo|81\/100\n|move|p1a: Mienshao|Close Combat|p2a: Gholdengo\n|-immune|p2a: Gholdengo\n|\n|upkeep\n|turn|15\n|\n|t:|1700729559\n|move|p1a: Mienshao|Knock Off|p2a: Gholdengo\n|-supereffective|p2a: Gholdengo\n|-damage|p2a: Gholdengo|16\/100\n|-enditem|p2a: Gholdengo|Covert Cloak|[from] move: Knock Off|[of] p1a: Mienshao\n|-damage|p1a: Mienshao|59\/100|[from] item: Life Orb\n|move|p2a: Gholdengo|Shadow Ball|p1a: Mienshao\n|-damage|p1a: Mienshao|0 fnt\n|faint|p1a: Mienshao\n|\n|upkeep\n|\n|t:|1700729563\n|switch|p1a: Landorus|Landorus-Therian, M|79\/100\n|-damage|p1a: Landorus|66\/100|[from] Stealth Rock\n|-ability|p1a: Landorus|Intimidate|boost\n|-unboost|p2a: Gholdengo|atk|1\n|turn|16\n|\n|t:|1700729577\n|switch|p2a: Landorus|Landorus-Therian, M|46\/100\n|-ability|p2a: Landorus|Intimidate|boost\n|-unboost|p1a: Landorus|atk|1\n|move|p1a: Landorus|U-turn|p2a: Landorus\n|-resisted|p2a: Landorus\n|-damage|p2a: Landorus|35\/100\n|\n|t:|1700729580\n|switch|p1a: Slowking|Slowking-Galar, M|100\/100|[from] U-turn\n|-damage|p1a: Slowking|88\/100|[from] Spikes\n|-damage|p1a: Slowking|76\/100|[from] Stealth Rock\n|\n|upkeep\n|turn|17\n|\n|t:|1700729587\n|-terastallize|p1a: Slowking|Fairy\n|move|p2a: Landorus|Earthquake|p1a: Slowking\n|-damage|p1a: Slowking|19\/100\n|move|p1a: Slowking|Future Sight|p2a: Landorus\n|-start|p1a: Slowking|move: Future Sight\n|\n|upkeep\n|turn|18\n|\n|t:|1700729597\n|switch|p1a: Landorus|Landorus-Therian, M|66\/100\n|-damage|p1a: Landorus|54\/100|[from] Stealth Rock\n|-ability|p1a: Landorus|Intimidate|boost\n|-unboost|p2a: Landorus|atk|1\n|move|p2a: Landorus|Stone Edge|p1a: Landorus\n|-damage|p1a: Landorus|25\/100\n|\n|upkeep\n|turn|19\n|\n|t:|1700729610\n|switch|p2a: Gholdengo|Gholdengo|16\/100\n|move|p1a: Landorus|U-turn|p2a: Gholdengo\n|-resisted|p2a: Gholdengo\n|-damage|p2a: Gholdengo|11\/100\n|\n|t:|1700729614\n|switch|p1a: Slowking|Slowking-Galar, M, tera:Fairy|52\/100|[from] U-turn\n|-damage|p1a: Slowking|39\/100|[from] Spikes\n|-damage|p1a: Slowking|27\/100|[from] Stealth Rock\n|\n|-end|p2a: Gholdengo|move: Future Sight\n|-resisted|p2a: Gholdengo\n|-damage|p2a: Gholdengo|0 fnt\n|faint|p2a: Gholdengo\n|upkeep\n|\n|t:|1700729628\n|switch|p2a: Ogerpon|Ogerpon-Wellspring, F|14\/100\n|turn|20\n|\n|t:|1700729634\n|move|p2a: Ogerpon|Ivy Cudgel|p1a: Slowking|[anim] Ivy Cudgel Water\n|-damage|p1a: Slowking|0 fnt\n|faint|p1a: Slowking\n|\n|upkeep\n|\n|t:|1700729637\n|switch|p1a: Landorus|Landorus-Therian, M|25\/100\n|-damage|p1a: Landorus|13\/100|[from] Stealth Rock\n|-ability|p1a: Landorus|Intimidate|boost\n|-unboost|p2a: Ogerpon|atk|1\n|turn|21\n|\n|t:|1700729646\n|switch|p2a: Landorus|Landorus-Therian, M|35\/100\n|-ability|p2a: Landorus|Intimidate|boost\n|-unboost|p1a: Landorus|atk|1\n|move|p1a: Landorus|Crunch|p2a: Landorus\n|-crit|p2a: Landorus\n|-damage|p2a: Landorus|0 fnt\n|faint|p2a: Landorus\n|\n|upkeep\n|\n|t:|1700729661\n|switch|p2a: Heatran|Heatran, F|50\/100\n|turn|22\n|\n|t:|1700729667\n|switch|p1a: Dondozo|Dondozo, M, shiny|100\/100\n|-damage|p1a: Dondozo|88\/100|[from] Spikes\n|-damage|p1a: Dondozo|75\/100|[from] Stealth Rock\n|-terastallize|p2a: Heatran|Grass\n|move|p2a: Heatran|Magma Storm|p1a: Dondozo\n|-resisted|p1a: Dondozo\n|-damage|p1a: Dondozo|53\/100\n|-activate|p1a: Dondozo|move: Magma Storm|[of] p2a: Heatran\n|\n|-heal|p2a: Heatran|57\/100|[from] item: Leftovers\n|-damage|p1a: Dondozo|41\/100|[from] move: Magma Storm|[partiallytrapped]\n|upkeep\n|turn|23\n|\n|t:|1700729671\n|move|p2a: Heatran|Taunt|p1a: Dondozo\n|-start|p1a: Dondozo|move: Taunt\n|move|p1a: Dondozo|Body Press|p2a: Heatran\n|-damage|p2a: Heatran|34\/100\n|\n|-heal|p2a: Heatran|40\/100|[from] item: Leftovers\n|-damage|p1a: Dondozo|28\/100|[from] move: Magma Storm|[partiallytrapped]\n|upkeep\n|turn|24\n|\n|t:|1700729679\n|move|p2a: Heatran|Earth Power|p1a: Dondozo\n|-damage|p1a: Dondozo|2\/100\n|move|p1a: Dondozo|Body Press|p2a: Heatran\n|-damage|p2a: Heatran|18\/100\n|\n|-heal|p2a: Heatran|24\/100|[from] item: Leftovers\n|-damage|p1a: Dondozo|0 fnt|[from] move: Magma Storm|[partiallytrapped]\n|faint|p1a: Dondozo\n|upkeep\n|\n|t:|1700729682\n|switch|p1a: Landorus|Landorus-Therian, M|13\/100\n|-damage|p1a: Landorus|1\/100|[from] Stealth Rock\n|-ability|p1a: Landorus|Intimidate|boost\n|-unboost|p2a: Heatran|atk|1\n|turn|25\n|\n|t:|1700729692\n|switch|p2a: Ogerpon|Ogerpon-Wellspring, F|14\/100\n|move|p1a: Landorus|U-turn|p2a: Ogerpon\n|-supereffective|p2a: Ogerpon\n|-damage|p2a: Ogerpon|0 fnt\n|faint|p2a: Ogerpon\n|\n|upkeep\n|\n|t:|1700729696\n|switch|p2a: Heatran|Heatran, F, tera:Grass|24\/100\n|turn|26\n|\n|t:|1700729699\n|move|p1a: Landorus|U-turn|p2a: Heatran\n|-supereffective|p2a: Heatran\n|-damage|p2a: Heatran|0 fnt\n|faint|p2a: Heatran\n|\n|win|BlasphemousTrainer\n|raw|BlasphemousTrainer's rating: 1278 &rarr; <strong>1315<\/strong><br \/>(+37 for winning)\n|raw|1100s andy's rating: 1453 &rarr; <strong>1424<\/strong><br \/>(-29 for losing)\n|l|\u26061100s andy\n","uploadtime":1700729704,"views":7,"p1id":"blasphemoustrainer","p2id":"1100sandy","formatid":"gen9ou","rating":1315,"private":0,"password":""}