{"id":"gen9ou-1996816097","p1":"Joyenfeu","p2":"yyysneasel","format":"[Gen 9] OU","log":"|j|\u2606Joyenfeu\n|j|\u2606yyysneasel\n|t:|1700729968\n|gametype|singles\n|player|p1|Joyenfeu|policeman|1667\n|player|p2|yyysneasel|bugcatcher-gen4dp|1783\n|teamsize|p1|6\n|teamsize|p2|6\n|gen|9\n|tier|[Gen 9] OU\n|rated|\n|rule|Sleep Clause Mod: Limit one foe put to sleep\n|rule|Species Clause: Limit one of each Pok\u00e9mon\n|rule|OHKO Clause: OHKO moves are banned\n|rule|Evasion Items Clause: Evasion items are banned\n|rule|Evasion Moves Clause: Evasion moves are banned\n|rule|Endless Battle Clause: Forcing endless battles is banned\n|rule|HP Percentage Mod: HP is shown in percentages\n|clearpoke\n|poke|p1|Iron Treads|\n|poke|p1|Great Tusk|\n|poke|p1|Gholdengo|\n|poke|p1|Samurott-Hisui, M|\n|poke|p1|Kingambit, F|\n|poke|p1|Rotom-Heat|\n|poke|p2|Corviknight, F|\n|poke|p2|Toxapex, F|\n|poke|p2|Dondozo, M|\n|poke|p2|Slowking-Galar, M|\n|poke|p2|Blissey, F|\n|poke|p2|Clefable, M|\n|teampreview\n|inactive|Battle timer is ON: inactive players will automatically lose when time's up. (requested by Joyenfeu)\n|\n|t:|1700730025\n|start\n|switch|p1a: Samurott|Samurott-Hisui, M|100\/100\n|switch|p2a: stannin on bihness|Toxapex, F|100\/100\n|turn|1\n|\n|t:|1700730032\n|move|p1a: Samurott|Knock Off|p2a: stannin on bihness\n|-damage|p2a: stannin on bihness|75\/100\n|-enditem|p2a: stannin on bihness|Heavy-Duty Boots|[from] move: Knock Off|[of] p1a: Samurott\n|move|p2a: stannin on bihness|Infestation|p1a: Samurott\n|-supereffective|p1a: Samurott\n|-damage|p1a: Samurott|92\/100\n|-activate|p1a: Samurott|move: Infestation|[of] p2a: stannin on bihness\n|\n|-damage|p1a: Samurott|80\/100|[from] move: Infestation|[partiallytrapped]\n|upkeep\n|turn|2\n|\n|t:|1700730038\n|move|p1a: Samurott|Knock Off|p2a: stannin on bihness\n|-damage|p2a: stannin on bihness|56\/100\n|move|p2a: stannin on bihness|Toxic|p1a: Samurott\n|-status|p1a: Samurott|tox\n|\n|-damage|p1a: Samurott|74\/100 tox|[from] psn\n|-damage|p1a: Samurott|61\/100 tox|[from] move: Infestation|[partiallytrapped]\n|upkeep\n|turn|3\n|\n|t:|1700730041\n|move|p1a: Samurott|Knock Off|p2a: stannin on bihness\n|-damage|p2a: stannin on bihness|37\/100\n|move|p2a: stannin on bihness|Recover|p2a: stannin on bihness\n|-heal|p2a: stannin on bihness|87\/100\n|\n|-damage|p1a: Samurott|49\/100 tox|[from] psn\n|-damage|p1a: Samurott|36\/100 tox|[from] move: Infestation|[partiallytrapped]\n|upkeep\n|turn|4\n|j| AntiDinkus\n|\n|t:|1700730045\n|move|p1a: Samurott|Knock Off|p2a: stannin on bihness\n|-damage|p2a: stannin on bihness|68\/100\n|move|p2a: stannin on bihness|Infestation|p1a: Samurott\n|-supereffective|p1a: Samurott\n|-damage|p1a: Samurott|27\/100 tox\n|\n|-damage|p1a: Samurott|8\/100 tox|[from] psn\n|-damage|p1a: Samurott|0 fnt|[from] move: Infestation|[partiallytrapped]\n|faint|p1a: Samurott\n|upkeep\n|\n|t:|1700730047\n|switch|p1a: Rotom|Rotom-Heat|100\/100\n|turn|5\n|c|\u2606yyysneasel|no cealesse edge?\n|\n|t:|1700730053\n|move|p1a: Rotom|Volt Switch|p2a: stannin on bihness\n|-supereffective|p2a: stannin on bihness\n|-damage|p2a: stannin on bihness|22\/100\n|\n|t:|1700730056\n|switch|p1a: Gholdengo|Gholdengo|100\/100|[from] Volt Switch\n|-item|p1a: Gholdengo|Air Balloon\n|move|p2a: stannin on bihness|Toxic|p1a: Gholdengo\n|-immune|p1a: Gholdengo|[from] ability: Good as Gold\n|\n|upkeep\n|turn|6\n|\n|t:|1700730063\n|switch|p1a: Iron Treads|Iron Treads|100\/100\n|-enditem|p1a: Iron Treads|Booster Energy\n|-activate|p1a: Iron Treads|ability: Quark Drive|[fromitem]\n|-start|p1a: Iron Treads|quarkdrivespe\n|switch|p2a: ban dengo ffs|Blissey, F|100\/100\n|\n|upkeep\n|turn|7\n|\n|t:|1700730068\n|switch|p2a: FreePalestine\ud83c\uddf5\ud83c\uddf8|Corviknight, F|100\/100\n|-ability|p2a: FreePalestine\ud83c\uddf5\ud83c\uddf8|Pressure\n|move|p1a: Iron Treads|Stealth Rock|p2a: FreePalestine\ud83c\uddf5\ud83c\uddf8\n|-sidestart|p2: yyysneasel|move: Stealth Rock\n|\n|upkeep\n|turn|8\n|\n|t:|1700730074\n|-end|p1a: Iron Treads|Quark Drive|[silent]\n|switch|p1a: Gholdengo|Gholdengo|100\/100\n|-item|p1a: Gholdengo|Air Balloon\n|move|p2a: FreePalestine\ud83c\uddf5\ud83c\uddf8|U-turn|p1a: Gholdengo\n|-resisted|p1a: Gholdengo\n|-damage|p1a: Gholdengo|97\/100\n|-enditem|p1a: Gholdengo|Air Balloon\n|\n|t:|1700730077\n|switch|p2a: stannin on bihness|Toxapex, F|56\/100|[from] U-turn\n|-damage|p2a: stannin on bihness|43\/100|[from] Stealth Rock\n|\n|upkeep\n|turn|9\n|\n|t:|1700730085\n|switch|p2a: ban dengo ffs|Blissey, F|100\/100\n|move|p1a: Gholdengo|Nasty Plot|p1a: Gholdengo\n|-boost|p1a: Gholdengo|spa|2\n|\n|upkeep\n|turn|10\n|\n|t:|1700730087\n|move|p1a: Gholdengo|Nasty Plot|p1a: Gholdengo\n|-boost|p1a: Gholdengo|spa|2\n|move|p2a: ban dengo ffs|Flamethrower|p1a: Gholdengo\n|-supereffective|p1a: Gholdengo\n|-damage|p1a: Gholdengo|59\/100\n|\n|upkeep\n|turn|11\n|\n|t:|1700730097\n|move|p1a: Gholdengo|Make It Rain|p2a: ban dengo ffs\n|-damage|p2a: ban dengo ffs|27\/100\n|-unboost|p1a: Gholdengo|spa|1\n|move|p2a: ban dengo ffs|Flamethrower|p1a: Gholdengo\n|-supereffective|p1a: Gholdengo\n|-damage|p1a: Gholdengo|21\/100\n|\n|upkeep\n|turn|12\n|\n|t:|1700730113\n|move|p1a: Gholdengo|Recover|p1a: Gholdengo\n|-heal|p1a: Gholdengo|71\/100\n|move|p2a: ban dengo ffs|Soft-Boiled|p2a: ban dengo ffs\n|-heal|p2a: ban dengo ffs|77\/100\n|\n|upkeep\n|turn|13\n|l| AntiDinkus\n|\n|t:|1700730117\n|move|p1a: Gholdengo|Nasty Plot|p1a: Gholdengo\n|-boost|p1a: Gholdengo|spa|2\n|move|p2a: ban dengo ffs|Flamethrower|p1a: Gholdengo\n|-supereffective|p1a: Gholdengo\n|-damage|p1a: Gholdengo|33\/100\n|\n|upkeep\n|turn|14\n|\n|t:|1700730121\n|move|p1a: Gholdengo|Recover|p1a: Gholdengo\n|-heal|p1a: Gholdengo|83\/100\n|move|p2a: ban dengo ffs|Flamethrower|p1a: Gholdengo\n|-supereffective|p1a: Gholdengo\n|-damage|p1a: Gholdengo|47\/100\n|\n|upkeep\n|turn|15\n|\n|t:|1700730124\n|move|p1a: Gholdengo|Make It Rain|p2a: ban dengo ffs\n|-damage|p2a: ban dengo ffs|1\/100\n|-unboost|p1a: Gholdengo|spa|1\n|move|p2a: ban dengo ffs|Flamethrower|p1a: Gholdengo\n|-supereffective|p1a: Gholdengo\n|-damage|p1a: Gholdengo|11\/100\n|\n|upkeep\n|turn|16\n|\n|t:|1700730127\n|move|p1a: Gholdengo|Make It Rain|p2a: ban dengo ffs\n|-damage|p2a: ban dengo ffs|0 fnt\n|-unboost|p1a: Gholdengo|spa|1\n|faint|p2a: ban dengo ffs\n|\n|upkeep\n|j| AntiDinkus\n|\n|t:|1700730130\n|switch|p2a: It's Joever|Clefable, M|100\/100\n|turn|17\n|\n|t:|1700730133\n|move|p1a: Gholdengo|Recover|p1a: Gholdengo\n|-heal|p1a: Gholdengo|61\/100\n|move|p2a: It's Joever|Knock Off|p1a: Gholdengo\n|-supereffective|p1a: Gholdengo\n|-damage|p1a: Gholdengo|35\/100\n|\n|upkeep\n|turn|18\n|\n|t:|1700730136\n|move|p1a: Gholdengo|Make It Rain|p2a: It's Joever\n|-supereffective|p2a: It's Joever\n|-damage|p2a: It's Joever|19\/100\n|-unboost|p1a: Gholdengo|spa|1\n|move|p2a: It's Joever|Wish|p2a: It's Joever\n|\n|upkeep\n|turn|19\n|\n|t:|1700730140\n|move|p2a: It's Joever|Protect|p2a: It's Joever\n|-singleturn|p2a: It's Joever|Protect\n|move|p1a: Gholdengo|Make It Rain|p2a: It's Joever\n|-activate|p2a: It's Joever|move: Protect\n|\n|-heal|p2a: It's Joever|69\/100|[from] move: Wish|[wisher] It's Joever\n|upkeep\n|turn|20\n|\n|t:|1700730145\n|-terastallize|p2a: It's Joever|Dark\n|move|p1a: Gholdengo|Recover|p1a: Gholdengo\n|-heal|p1a: Gholdengo|85\/100\n|move|p2a: It's Joever|Wish|p2a: It's Joever\n|\n|upkeep\n|turn|21\n|\n|t:|1700730148\n|move|p1a: Gholdengo|Nasty Plot|p1a: Gholdengo\n|-boost|p1a: Gholdengo|spa|2\n|move|p2a: It's Joever|Knock Off|p1a: Gholdengo\n|-supereffective|p1a: Gholdengo\n|-damage|p1a: Gholdengo|47\/100\n|\n|-heal|p2a: It's Joever|100\/100|[from] move: Wish|[wisher] It's Joever\n|upkeep\n|turn|22\n|\n|t:|1700730151\n|move|p1a: Gholdengo|Recover|p1a: Gholdengo\n|-heal|p1a: Gholdengo|97\/100\n|move|p2a: It's Joever|Wish|p2a: It's Joever\n|\n|upkeep\n|turn|23\n|\n|t:|1700730154\n|move|p1a: Gholdengo|Nasty Plot|p1a: Gholdengo\n|-boost|p1a: Gholdengo|spa|2\n|move|p2a: It's Joever|Knock Off|p1a: Gholdengo\n|-supereffective|p1a: Gholdengo\n|-damage|p1a: Gholdengo|62\/100\n|\n|upkeep\n|turn|24\n|\n|t:|1700730156\n|move|p2a: It's Joever|Protect|p2a: It's Joever\n|-singleturn|p2a: It's Joever|Protect\n|move|p1a: Gholdengo|Make It Rain|p2a: It's Joever\n|-activate|p2a: It's Joever|move: Protect\n|\n|upkeep\n|turn|25\n|\n|t:|1700730158\n|move|p1a: Gholdengo|Make It Rain|p2a: It's Joever\n|-damage|p2a: It's Joever|58\/100\n|-unboost|p1a: Gholdengo|spa|1\n|move|p2a: It's Joever|Wish|p2a: It's Joever\n|\n|upkeep\n|turn|26\n|j| mew852\n|c|\u2606yyysneasel|he done\n|\n|t:|1700730171\n|move|p1a: Gholdengo|Make It Rain|p2a: It's Joever\n|-damage|p2a: It's Joever|13\/100\n|-unboost|p1a: Gholdengo|spa|1\n|move|p2a: It's Joever|Knock Off|p1a: Gholdengo\n|-supereffective|p1a: Gholdengo\n|-damage|p1a: Gholdengo|24\/100\n|\n|-heal|p2a: It's Joever|63\/100|[from] move: Wish|[wisher] It's Joever\n|upkeep\n|turn|27\n|\n|t:|1700730174\n|move|p1a: Gholdengo|Recover|p1a: Gholdengo\n|-heal|p1a: Gholdengo|74\/100\n|move|p2a: It's Joever|Wish|p2a: It's Joever\n|\n|upkeep\n|turn|28\n|\n|t:|1700730181\n|switch|p1a: Great Tusk|Great Tusk|100\/100\n|-enditem|p1a: Great Tusk|Booster Energy\n|-activate|p1a: Great Tusk|ability: Protosynthesis|[fromitem]\n|-start|p1a: Great Tusk|protosynthesisspe\n|move|p2a: It's Joever|Knock Off|p1a: Great Tusk\n|-resisted|p1a: Great Tusk\n|-damage|p1a: Great Tusk|95\/100\n|\n|-heal|p2a: It's Joever|100\/100|[from] move: Wish|[wisher] It's Joever\n|upkeep\n|turn|29\n|\n|t:|1700730186\n|switch|p2a: FreePalestine\ud83c\uddf5\ud83c\uddf8|Corviknight, F|100\/100\n|-damage|p2a: FreePalestine\ud83c\uddf5\ud83c\uddf8|88\/100|[from] Stealth Rock\n|-ability|p2a: FreePalestine\ud83c\uddf5\ud83c\uddf8|Pressure\n|move|p1a: Great Tusk|Close Combat|p2a: FreePalestine\ud83c\uddf5\ud83c\uddf8\n|-damage|p2a: FreePalestine\ud83c\uddf5\ud83c\uddf8|55\/100\n|-unboost|p1a: Great Tusk|def|1\n|-unboost|p1a: Great Tusk|spd|1\n|-damage|p1a: Great Tusk|78\/100|[from] item: Rocky Helmet|[of] p2a: FreePalestine\ud83c\uddf5\ud83c\uddf8\n|\n|upkeep\n|turn|30\n|\n|t:|1700730195\n|-end|p1a: Great Tusk|Protosynthesis|[silent]\n|switch|p1a: Gholdengo|Gholdengo|74\/100\n|move|p2a: FreePalestine\ud83c\uddf5\ud83c\uddf8|Roost|p2a: FreePalestine\ud83c\uddf5\ud83c\uddf8\n|-heal|p2a: FreePalestine\ud83c\uddf5\ud83c\uddf8|100\/100\n|-singleturn|p2a: FreePalestine\ud83c\uddf5\ud83c\uddf8|move: Roost\n|\n|upkeep\n|turn|31\n|\n|t:|1700730200\n|switch|p1a: Iron Treads|Iron Treads|100\/100\n|switch|p2a: It's Joever|Clefable, M, tera:Dark|100\/100\n|\n|upkeep\n|turn|32\n|\n|t:|1700730203\n|move|p2a: It's Joever|Protect|p2a: It's Joever\n|-singleturn|p2a: It's Joever|Protect\n|move|p1a: Iron Treads|Steel Beam|p2a: It's Joever\n|-activate|p2a: It's Joever|move: Protect\n|-damage|p1a: Iron Treads|50\/100|[from] steelbeam\n|\n|upkeep\n|turn|33\n|\n|t:|1700730209\n|switch|p2a: stannin on bihness|Toxapex, F|77\/100\n|-damage|p2a: stannin on bihness|65\/100|[from] Stealth Rock\n|move|p1a: Iron Treads|Steel Beam|p2a: stannin on bihness\n|-resisted|p2a: stannin on bihness\n|-damage|p2a: stannin on bihness|44\/100\n|-damage|p1a: Iron Treads|0 fnt|[from] steelbeam\n|faint|p1a: Iron Treads\n|-end|p1a: Iron Treads|Quark Drive|[silent]\n|\n|upkeep\n|\n|t:|1700730212\n|switch|p1a: Rotom|Rotom-Heat|100\/100\n|turn|34\n|\n|t:|1700730215\n|switch|p2a: Slowking|Slowking-Galar, M|100\/100\n|-damage|p2a: Slowking|88\/100|[from] Stealth Rock\n|move|p1a: Rotom|Discharge|p2a: Slowking\n|-damage|p2a: Slowking|61\/100\n|-status|p2a: Slowking|par\n|\n|upkeep\n|turn|35\n|\n|t:|1700730219\n|switch|p1a: Gholdengo|Gholdengo|74\/100\n|move|p2a: Slowking|Trick|p1a: Gholdengo\n|-immune|p1a: Gholdengo|[from] ability: Good as Gold\n|\n|upkeep\n|turn|36\n|\n|t:|1700730227\n|switch|p1a: Great Tusk|Great Tusk|78\/100\n|switch|p2a: stannin on bihness|Toxapex, F|77\/100\n|-damage|p2a: stannin on bihness|65\/100|[from] Stealth Rock\n|\n|upkeep\n|turn|37\n|\n|t:|1700730230\n|switch|p2a: FreePalestine\ud83c\uddf5\ud83c\uddf8|Corviknight, F|100\/100\n|-damage|p2a: FreePalestine\ud83c\uddf5\ud83c\uddf8|88\/100|[from] Stealth Rock\n|-ability|p2a: FreePalestine\ud83c\uddf5\ud83c\uddf8|Pressure\n|move|p1a: Great Tusk|Headlong Rush|p2a: FreePalestine\ud83c\uddf5\ud83c\uddf8\n|-immune|p2a: FreePalestine\ud83c\uddf5\ud83c\uddf8\n|\n|upkeep\n|turn|38\n|\n|t:|1700730233\n|-end|p1a: Great Tusk|Protosynthesis|[silent]\n|switch|p1a: Gholdengo|Gholdengo|74\/100\n|move|p2a: FreePalestine\ud83c\uddf5\ud83c\uddf8|U-turn|p1a: Gholdengo\n|-resisted|p1a: Gholdengo\n|-crit|p1a: Gholdengo\n|-damage|p1a: Gholdengo|68\/100\n|\n|t:|1700730235\n|switch|p2a: It's Joever|Clefable, M, tera:Dark|100\/100|[from] U-turn\n|\n|upkeep\n|turn|39\n|\n|t:|1700730241\n|switch|p1a: Great Tusk|Great Tusk|78\/100\n|move|p2a: It's Joever|Wish|p2a: It's Joever\n|\n|upkeep\n|turn|40\n|\n|t:|1700730246\n|-end|p1a: Great Tusk|Protosynthesis|[silent]\n|switch|p1a: Rotom|Rotom-Heat|100\/100\n|switch|p2a: FreePalestine\ud83c\uddf5\ud83c\uddf8|Corviknight, F|88\/100\n|-damage|p2a: FreePalestine\ud83c\uddf5\ud83c\uddf8|76\/100|[from] Stealth Rock\n|-ability|p2a: FreePalestine\ud83c\uddf5\ud83c\uddf8|Pressure\n|\n|-heal|p2a: FreePalestine\ud83c\uddf5\ud83c\uddf8|100\/100|[from] move: Wish|[wisher] It's Joever\n|upkeep\n|turn|41\n|j| deneme12\n|\n|t:|1700730249\n|switch|p2a: Slowking|Slowking-Galar, M|94\/100 par\n|-damage|p2a: Slowking|81\/100 par|[from] Stealth Rock\n|move|p1a: Rotom|Volt Switch|p2a: Slowking\n|-damage|p2a: Slowking|58\/100 par\n|j| Yuriaa\n|\n|t:|1700730252\n|switch|p1a: Kingambit|Kingambit, F|100\/100|[from] Volt Switch\n|-activate|p1a: Kingambit|ability: Supreme Overlord\n|-start|p1a: Kingambit|fallen2|[silent]\n|\n|upkeep\n|turn|42\n|j| t-modesty\n|\n|t:|1700730270\n|move|p1a: Kingambit|Swords Dance|p1a: Kingambit\n|-boost|p1a: Kingambit|atk|2\n|move|p2a: Slowking|Trick|p1a: Kingambit\n|-activate|p2a: Slowking|move: Trick|[of] p1a: Kingambit\n|-item|p1a: Kingambit|Choice Scarf|[from] move: Trick\n|-item|p2a: Slowking|Leftovers|[from] move: Trick\n|\n|-heal|p2a: Slowking|64\/100 par|[from] item: Leftovers\n|upkeep\n|turn|43\n|\n|t:|1700730275\n|switch|p2a: Ripbozo \ud83d\ude02 \ud83d\ude02|Dondozo, M|100\/100\n|-damage|p2a: Ripbozo \ud83d\ude02 \ud83d\ude02|88\/100|[from] Stealth Rock\n|move|p1a: Kingambit|Kowtow Cleave|p2a: Ripbozo \ud83d\ude02 \ud83d\ude02\n|-damage|p2a: Ripbozo \ud83d\ude02 \ud83d\ude02|60\/100\n|\n|-heal|p2a: Ripbozo \ud83d\ude02 \ud83d\ude02|66\/100|[from] item: Leftovers\n|upkeep\n|turn|44\n|\n|t:|1700730277\n|move|p1a: Kingambit|Kowtow Cleave|p2a: Ripbozo \ud83d\ude02 \ud83d\ude02\n|-damage|p2a: Ripbozo \ud83d\ude02 \ud83d\ude02|41\/100\n|move|p2a: Ripbozo \ud83d\ude02 \ud83d\ude02|Curse|p2a: Ripbozo \ud83d\ude02 \ud83d\ude02\n|-unboost|p2a: Ripbozo \ud83d\ude02 \ud83d\ude02|spe|1\n|-boost|p2a: Ripbozo \ud83d\ude02 \ud83d\ude02|atk|1\n|-boost|p2a: Ripbozo \ud83d\ude02 \ud83d\ude02|def|1\n|\n|-heal|p2a: Ripbozo \ud83d\ude02 \ud83d\ude02|47\/100|[from] item: Leftovers\n|upkeep\n|turn|45\n|\n|t:|1700730281\n|-end|p1a: Kingambit|fallen2|[silent]\n|switch|p1a: Rotom|Rotom-Heat|100\/100\n|move|p2a: Ripbozo \ud83d\ude02 \ud83d\ude02|Rest|p2a: Ripbozo \ud83d\ude02 \ud83d\ude02\n|-status|p2a: Ripbozo \ud83d\ude02 \ud83d\ude02|slp|[from] move: Rest\n|-heal|p2a: Ripbozo \ud83d\ude02 \ud83d\ude02|100\/100 slp|[silent]\n|\n|upkeep\n|turn|46\n|\n|t:|1700730284\n|switch|p2a: Slowking|Slowking-Galar, M|97\/100 par\n|-damage|p2a: Slowking|85\/100 par|[from] Stealth Rock\n|move|p1a: Rotom|Volt Switch|p2a: Slowking\n|-damage|p2a: Slowking|62\/100 par\n|\n|t:|1700730287\n|switch|p1a: Kingambit|Kingambit, F|100\/100|[from] Volt Switch\n|-activate|p1a: Kingambit|ability: Supreme Overlord\n|-start|p1a: Kingambit|fallen2|[silent]\n|\n|-heal|p2a: Slowking|68\/100 par|[from] item: Leftovers\n|upkeep\n|turn|47\n|c|\u2606yyysneasel|gg\n|\n|t:|1700730290\n|switch|p2a: stannin on bihness|Toxapex, F|98\/100\n|-damage|p2a: stannin on bihness|86\/100|[from] Stealth Rock\n|move|p1a: Kingambit|Kowtow Cleave|p2a: stannin on bihness\n|-damage|p2a: stannin on bihness|46\/100\n|\n|upkeep\n|turn|48\n|\n|t:|1700730294\n|move|p1a: Kingambit|Kowtow Cleave|p2a: stannin on bihness\n|-crit|p2a: stannin on bihness\n|-damage|p2a: stannin on bihness|0 fnt\n|faint|p2a: stannin on bihness\n|\n|upkeep\n|\n|t:|1700730298\n|switch|p2a: It's Joever|Clefable, M, tera:Dark|100\/100\n|turn|49\n|\n|t:|1700730301\n|-end|p1a: Kingambit|fallen2|[silent]\n|switch|p1a: Great Tusk|Great Tusk|78\/100\n|move|p2a: It's Joever|Wish|p2a: It's Joever\n|\n|upkeep\n|turn|50\n|\n|t:|1700730304\n|switch|p2a: FreePalestine\ud83c\uddf5\ud83c\uddf8|Corviknight, F|100\/100\n|-damage|p2a: FreePalestine\ud83c\uddf5\ud83c\uddf8|88\/100|[from] Stealth Rock\n|-ability|p2a: FreePalestine\ud83c\uddf5\ud83c\uddf8|Pressure\n|move|p1a: Great Tusk|Bulk Up|p1a: Great Tusk\n|-boost|p1a: Great Tusk|atk|1\n|-boost|p1a: Great Tusk|def|1\n|\n|-heal|p2a: FreePalestine\ud83c\uddf5\ud83c\uddf8|100\/100|[from] move: Wish|[wisher] It's Joever\n|upkeep\n|turn|51\n|\n|t:|1700730309\n|move|p1a: Great Tusk|Bulk Up|p1a: Great Tusk\n|-boost|p1a: Great Tusk|atk|1\n|-boost|p1a: Great Tusk|def|1\n|move|p2a: FreePalestine\ud83c\uddf5\ud83c\uddf8|Defog|p1a: Great Tusk\n|-unboost|p1a: Great Tusk|evasion|1\n|-sideend|p2: yyysneasel|Stealth Rock|[from] move: Defog|[of] p2a: FreePalestine\ud83c\uddf5\ud83c\uddf8\n|\n|upkeep\n|turn|52\n|\n|t:|1700730312\n|switch|p2a: Ripbozo \ud83d\ude02 \ud83d\ude02|Dondozo, M|100\/100 slp\n|move|p1a: Great Tusk|Bulk Up|p1a: Great Tusk\n|-boost|p1a: Great Tusk|atk|1\n|-boost|p1a: Great Tusk|def|1\n|\n|upkeep\n|turn|53\n|\n|t:|1700730318\n|-terastallize|p1a: Great Tusk|Ground\n|move|p1a: Great Tusk|Headlong Rush|p2a: Ripbozo \ud83d\ude02 \ud83d\ude02\n|-damage|p2a: Ripbozo \ud83d\ude02 \ud83d\ude02|70\/100 slp\n|-unboost|p1a: Great Tusk|def|1\n|-unboost|p1a: Great Tusk|spd|1\n|cant|p2a: Ripbozo \ud83d\ude02 \ud83d\ude02|slp\n|move|p2a: Ripbozo \ud83d\ude02 \ud83d\ude02|Sleep Talk|p2a: Ripbozo \ud83d\ude02 \ud83d\ude02\n|move|p2a: Ripbozo \ud83d\ude02 \ud83d\ude02|Wave Crash|p1a: Great Tusk|[from]move: Sleep Talk\n|-supereffective|p1a: Great Tusk\n|-damage|p1a: Great Tusk|30\/100\n|-damage|p2a: Ripbozo \ud83d\ude02 \ud83d\ude02|56\/100 slp|[from] Recoil\n|\n|-heal|p2a: Ripbozo \ud83d\ude02 \ud83d\ude02|62\/100 slp|[from] item: Leftovers\n|upkeep\n|turn|54\n|l| AntiDinkus\n|\n|t:|1700730327\n|-end|p1a: Great Tusk|Protosynthesis|[silent]\n|switch|p1a: Rotom|Rotom-Heat|100\/100\n|cant|p2a: Ripbozo \ud83d\ude02 \ud83d\ude02|slp\n|move|p2a: Ripbozo \ud83d\ude02 \ud83d\ude02|Sleep Talk|p2a: Ripbozo \ud83d\ude02 \ud83d\ude02\n|move|p2a: Ripbozo \ud83d\ude02 \ud83d\ude02|Rest||[from]move: Sleep Talk|[still]\n|-fail|p2a: Ripbozo \ud83d\ude02 \ud83d\ude02\n|\n|-heal|p2a: Ripbozo \ud83d\ude02 \ud83d\ude02|69\/100 slp|[from] item: Leftovers\n|upkeep\n|turn|55\n|j| AntiDinkus\n|\n|t:|1700730337\n|switch|p2a: Slowking|Slowking-Galar, M|100\/100 par\n|move|p1a: Rotom|Volt Switch|p2a: Slowking\n|-damage|p2a: Slowking|78\/100 par\n|\n|t:|1700730341\n|switch|p1a: Great Tusk|Great Tusk, tera:Ground|30\/100|[from] Volt Switch\n|\n|-heal|p2a: Slowking|84\/100 par|[from] item: Leftovers\n|upkeep\n|turn|56\n|\n|t:|1700730344\n|-end|p1a: Great Tusk|Protosynthesis|[silent]\n|switch|p1a: Rotom|Rotom-Heat|100\/100\n|switch|p2a: FreePalestine\ud83c\uddf5\ud83c\uddf8|Corviknight, F|100\/100\n|-ability|p2a: FreePalestine\ud83c\uddf5\ud83c\uddf8|Pressure\n|\n|upkeep\n|turn|57\n|\n|t:|1700730347\n|switch|p2a: Slowking|Slowking-Galar, M|100\/100 par\n|move|p1a: Rotom|Volt Switch|p2a: Slowking\n|-damage|p2a: Slowking|80\/100 par\n|\n|t:|1700730350\n|switch|p1a: Kingambit|Kingambit, F|100\/100|[from] Volt Switch\n|-activate|p1a: Kingambit|ability: Supreme Overlord\n|-start|p1a: Kingambit|fallen2|[silent]\n|\n|-heal|p2a: Slowking|86\/100 par|[from] item: Leftovers\n|upkeep\n|turn|58\n|\n|t:|1700730356\n|switch|p2a: Ripbozo \ud83d\ude02 \ud83d\ude02|Dondozo, M|69\/100 slp\n|move|p1a: Kingambit|Kowtow Cleave|p2a: Ripbozo \ud83d\ude02 \ud83d\ude02\n|-damage|p2a: Ripbozo \ud83d\ude02 \ud83d\ude02|44\/100 slp\n|\n|-heal|p2a: Ripbozo \ud83d\ude02 \ud83d\ude02|50\/100 slp|[from] item: Leftovers\n|upkeep\n|turn|59\n|\n|t:|1700730360\n|-end|p1a: Kingambit|fallen2|[silent]\n|switch|p1a: Rotom|Rotom-Heat|100\/100\n|-curestatus|p2a: Ripbozo \ud83d\ude02 \ud83d\ude02|slp|[msg]\n|move|p2a: Ripbozo \ud83d\ude02 \ud83d\ude02|Rest|p2a: Ripbozo \ud83d\ude02 \ud83d\ude02\n|-status|p2a: Ripbozo \ud83d\ude02 \ud83d\ude02|slp|[from] move: Rest\n|-heal|p2a: Ripbozo \ud83d\ude02 \ud83d\ude02|100\/100 slp|[silent]\n|\n|upkeep\n|turn|60\n|\n|t:|1700730365\n|switch|p2a: Slowking|Slowking-Galar, M|100\/100 par\n|move|p1a: Rotom|Volt Switch|p2a: Slowking\n|-damage|p2a: Slowking|78\/100 par\n|\n|t:|1700730367\n|switch|p1a: Kingambit|Kingambit, F|100\/100|[from] Volt Switch\n|-activate|p1a: Kingambit|ability: Supreme Overlord\n|-start|p1a: Kingambit|fallen2|[silent]\n|\n|-heal|p2a: Slowking|84\/100 par|[from] item: Leftovers\n|upkeep\n|turn|61\n|\n|t:|1700730371\n|switch|p2a: Ripbozo \ud83d\ude02 \ud83d\ude02|Dondozo, M|100\/100 slp\n|move|p1a: Kingambit|Kowtow Cleave|p2a: Ripbozo \ud83d\ude02 \ud83d\ude02\n|-damage|p2a: Ripbozo \ud83d\ude02 \ud83d\ude02|75\/100 slp\n|\n|-heal|p2a: Ripbozo \ud83d\ude02 \ud83d\ude02|82\/100 slp|[from] item: Leftovers\n|upkeep\n|turn|62\n|\n|t:|1700730374\n|-end|p1a: Kingambit|fallen2|[silent]\n|switch|p1a: Great Tusk|Great Tusk, tera:Ground|30\/100\n|cant|p2a: Ripbozo \ud83d\ude02 \ud83d\ude02|slp\n|move|p2a: Ripbozo \ud83d\ude02 \ud83d\ude02|Sleep Talk|p2a: Ripbozo \ud83d\ude02 \ud83d\ude02\n|move|p2a: Ripbozo \ud83d\ude02 \ud83d\ude02|Wave Crash|p1a: Great Tusk|[from]move: Sleep Talk\n|-supereffective|p1a: Great Tusk\n|-damage|p1a: Great Tusk|0 fnt\n|faint|p1a: Great Tusk\n|-end|p1a: Great Tusk|Protosynthesis|[silent]\n|-damage|p2a: Ripbozo \ud83d\ude02 \ud83d\ude02|73\/100 slp|[from] Recoil\n|\n|-heal|p2a: Ripbozo \ud83d\ude02 \ud83d\ude02|79\/100 slp|[from] item: Leftovers\n|upkeep\n|\n|t:|1700730376\n|switch|p1a: Rotom|Rotom-Heat|100\/100\n|turn|63\n|\n|t:|1700730378\n|switch|p2a: Slowking|Slowking-Galar, M|100\/100 par\n|move|p1a: Rotom|Volt Switch|p2a: Slowking\n|-damage|p2a: Slowking|80\/100 par\n|\n|t:|1700730380\n|switch|p1a: Kingambit|Kingambit, F|100\/100|[from] Volt Switch\n|-activate|p1a: Kingambit|ability: Supreme Overlord\n|-start|p1a: Kingambit|fallen3|[silent]\n|\n|-heal|p2a: Slowking|86\/100 par|[from] item: Leftovers\n|upkeep\n|turn|64\n|\n|t:|1700730383\n|switch|p2a: Ripbozo \ud83d\ude02 \ud83d\ude02|Dondozo, M|79\/100 slp\n|move|p1a: Kingambit|Kowtow Cleave|p2a: Ripbozo \ud83d\ude02 \ud83d\ude02\n|-damage|p2a: Ripbozo \ud83d\ude02 \ud83d\ude02|52\/100 slp\n|\n|-heal|p2a: Ripbozo \ud83d\ude02 \ud83d\ude02|59\/100 slp|[from] item: Leftovers\n|upkeep\n|turn|65\n|\n|t:|1700730387\n|-end|p1a: Kingambit|fallen3|[silent]\n|switch|p1a: Gholdengo|Gholdengo|68\/100\n|cant|p2a: Ripbozo \ud83d\ude02 \ud83d\ude02|slp\n|move|p2a: Ripbozo \ud83d\ude02 \ud83d\ude02|Sleep Talk|p2a: Ripbozo \ud83d\ude02 \ud83d\ude02\n|move|p2a: Ripbozo \ud83d\ude02 \ud83d\ude02|Curse|p2a: Ripbozo \ud83d\ude02 \ud83d\ude02|[from]move: Sleep Talk\n|-unboost|p2a: Ripbozo \ud83d\ude02 \ud83d\ude02|spe|1\n|-boost|p2a: Ripbozo \ud83d\ude02 \ud83d\ude02|atk|1\n|-boost|p2a: Ripbozo \ud83d\ude02 \ud83d\ude02|def|1\n|\n|-heal|p2a: Ripbozo \ud83d\ude02 \ud83d\ude02|65\/100 slp|[from] item: Leftovers\n|upkeep\n|turn|66\n|-message|Joyenfeu forfeited.\n|\n|win|yyysneasel\n|raw|Joyenfeu's rating: 1667 &rarr; <strong>1653<\/strong><br \/>(-14 for losing)\n|raw|yyysneasel's rating: 1783 &rarr; <strong>1797<\/strong><br \/>(+14 for winning)\n|l|\u2606Joyenfeu\n|l|\u2606yyysneasel\n|l| Yuriaa\n|l| mew852\n|l| deneme12\n|l| t-modesty\n","uploadtime":1700730416,"views":9,"p1id":"joyenfeu","p2id":"yyysneasel","formatid":"gen9ou","rating":1653,"private":0,"password":""}