{"id":"gen9ou-1989053560","p1":"cesto","p2":"janek2009","format":"[Gen 9] OU","log":"|j|\u2606cesto\n|j|\u2606janek2009\n|t:|1699807009\n|gametype|singles\n|player|p1|cesto|firebreather|1163\n|player|p2|janek2009|169|1132\n|teamsize|p1|6\n|teamsize|p2|6\n|gen|9\n|tier|[Gen 9] OU\n|rated|\n|rule|Sleep Clause Mod: Limit one foe put to sleep\n|rule|Species Clause: Limit one of each Pok\u00e9mon\n|rule|OHKO Clause: OHKO moves are banned\n|rule|Evasion Items Clause: Evasion items are banned\n|rule|Evasion Moves Clause: Evasion moves are banned\n|rule|Endless Battle Clause: Forcing endless battles is banned\n|rule|HP Percentage Mod: HP is shown in percentages\n|clearpoke\n|poke|p1|Alomomola, F|\n|poke|p1|Heatran, F|\n|poke|p1|Ogerpon-Cornerstone, F|\n|poke|p1|Ribombee, M|\n|poke|p1|Great Tusk|\n|poke|p1|Hatterene, F|\n|poke|p2|Torkoal, F|\n|poke|p2|Goodra-Hisui, M|\n|poke|p2|Sneasler, M|\n|poke|p2|Clodsire, M|\n|poke|p2|Iron Thorns|\n|poke|p2|Ceruledge, M|\n|teampreview\n|\n|t:|1699807021\n|start\n|switch|p1a: Ribombee|Ribombee, M|100\/100\n|switch|p2a: Goodra|Goodra-Hisui, M|100\/100\n|turn|1\n|\n|t:|1699807030\n|move|p1a: Ribombee|Sticky Web|p2a: Goodra\n|-sidestart|p2: janek2009|move: Sticky Web\n|move|p2a: Goodra|Flash Cannon|p1a: Ribombee\n|-supereffective|p1a: Ribombee\n|-enditem|p1a: Ribombee|Focus Sash\n|-damage|p1a: Ribombee|1\/100\n|\n|upkeep\n|turn|2\n|\n|t:|1699807040\n|switch|p1a: Alomomola|Alomomola, F|100\/100\n|move|p2a: Goodra|Flash Cannon|p1a: Alomomola\n|-resisted|p1a: Alomomola\n|-damage|p1a: Alomomola|84\/100\n|\n|upkeep\n|turn|3\n|\n|t:|1699807046\n|move|p2a: Goodra|Thunderbolt|p1a: Alomomola\n|-supereffective|p1a: Alomomola\n|-damage|p1a: Alomomola|35\/100\n|move|p1a: Alomomola|Whirlpool|p2a: Goodra\n|-resisted|p2a: Goodra\n|-damage|p2a: Goodra|99\/100\n|-activate|p2a: Goodra|move: Whirlpool|[of] p1a: Alomomola\n|\n|-damage|p2a: Goodra|87\/100|[from] move: Whirlpool|[partiallytrapped]\n|upkeep\n|turn|4\n|\n|t:|1699807053\n|switch|p1a: Great Tusk|Great Tusk|100\/100\n|move|p2a: Goodra|Thunderbolt|p1a: Great Tusk\n|-immune|p1a: Great Tusk\n|\n|-end|p2a: Goodra|Whirlpool|[partiallytrapped]|[silent]\n|upkeep\n|turn|5\n|\n|t:|1699807059\n|move|p1a: Great Tusk|Close Combat|p2a: Goodra\n|-supereffective|p2a: Goodra\n|-damage|p2a: Goodra|0 fnt\n|-unboost|p1a: Great Tusk|def|1\n|-unboost|p1a: Great Tusk|spd|1\n|faint|p2a: Goodra\n|\n|upkeep\n|\n|t:|1699807062\n|switch|p2a: Torkoal|Torkoal, F|100\/100\n|-activate|p2a: Torkoal|move: Sticky Web\n|-unboost|p2a: Torkoal|spe|1\n|-weather|SunnyDay|[from] ability: Drought|[of] p2a: Torkoal\n|-activate|p1a: Great Tusk|ability: Protosynthesis\n|-start|p1a: Great Tusk|protosynthesisatk\n|turn|6\n|\n|t:|1699807074\n|-terastallize|p2a: Torkoal|Grass\n|move|p1a: Great Tusk|Headlong Rush|p2a: Torkoal\n|-resisted|p2a: Torkoal\n|-damage|p2a: Torkoal|73\/100\n|-unboost|p1a: Great Tusk|def|1\n|-unboost|p1a: Great Tusk|spd|1\n|move|p2a: Torkoal|Solar Beam||[still]\n|-prepare|p2a: Torkoal|Solar Beam\n|-anim|p2a: Torkoal|Solar Beam|p1a: Great Tusk\n|-supereffective|p1a: Great Tusk\n|-damage|p1a: Great Tusk|0 fnt\n|faint|p1a: Great Tusk\n|-end|p1a: Great Tusk|Protosynthesis|[silent]\n|\n|-weather|SunnyDay|[upkeep]\n|-heal|p2a: Torkoal|79\/100|[from] item: Leftovers\n|upkeep\n|\n|t:|1699807089\n|switch|p1a: Heatran|Heatran, F|100\/100\n|turn|7\n|\n|t:|1699807100\n|switch|p2a: Iron Thorns|Iron Thorns|100\/100\n|-activate|p2a: Iron Thorns|move: Sticky Web\n|-unboost|p2a: Iron Thorns|spe|1\n|move|p1a: Heatran|Magma Storm|p2a: Iron Thorns|[miss]\n|-miss|p1a: Heatran|p2a: Iron Thorns\n|\n|-weather|SunnyDay|[upkeep]\n|upkeep\n|turn|8\n|\n|t:|1699807110\n|move|p1a: Heatran|Earth Power|p2a: Iron Thorns\n|-supereffective|p2a: Iron Thorns\n|-damage|p2a: Iron Thorns|0 fnt\n|faint|p2a: Iron Thorns\n|-end|p2a: Iron Thorns|Quark Drive|[silent]\n|\n|-weather|SunnyDay|[upkeep]\n|upkeep\n|\n|t:|1699807117\n|switch|p2a: Sneasler|Sneasler, M|100\/100\n|-activate|p2a: Sneasler|move: Sticky Web\n|-unboost|p2a: Sneasler|spe|1\n|turn|9\n|\n|t:|1699807129\n|move|p2a: Sneasler|Fake Out|p1a: Heatran\n|-resisted|p1a: Heatran\n|-damage|p1a: Heatran|95\/100\n|cant|p1a: Heatran|flinch\n|\n|-weather|SunnyDay|[upkeep]\n|-heal|p1a: Heatran|100\/100|[from] item: Leftovers\n|upkeep\n|turn|10\n|\n|t:|1699807136\n|move|p2a: Sneasler|Endure|p2a: Sneasler\n|-singleturn|p2a: Sneasler|move: Endure\n|move|p1a: Heatran|Earth Power|p2a: Sneasler\n|-supereffective|p2a: Sneasler\n|-damage|p2a: Sneasler|27\/100\n|\n|-weather|none\n|upkeep\n|turn|11\n|\n|t:|1699807151\n|move|p2a: Sneasler|Reversal|p1a: Heatran\n|-supereffective|p1a: Heatran\n|-damage|p1a: Heatran|29\/100\n|move|p1a: Heatran|Heavy Slam|p2a: Sneasler\n|-damage|p2a: Sneasler|0 fnt\n|faint|p2a: Sneasler\n|\n|-heal|p1a: Heatran|35\/100|[from] item: Leftovers\n|upkeep\n|\n|t:|1699807158\n|switch|p2a: Ceruledge|Ceruledge, M|100\/100\n|-activate|p2a: Ceruledge|move: Sticky Web\n|-unboost|p2a: Ceruledge|spe|1\n|turn|12\n|\n|t:|1699807166\n|move|p2a: Ceruledge|Shadow Claw|p1a: Heatran\n|-damage|p1a: Heatran|6\/100\n|move|p1a: Heatran|Earth Power|p2a: Ceruledge\n|-supereffective|p2a: Ceruledge\n|-damage|p2a: Ceruledge|40\/100\n|\n|-heal|p1a: Heatran|12\/100|[from] item: Leftovers\n|upkeep\n|turn|13\n|\n|t:|1699807172\n|move|p2a: Ceruledge|Shadow Claw|p1a: Heatran\n|-damage|p1a: Heatran|0 fnt\n|faint|p1a: Heatran\n|\n|upkeep\n|\n|t:|1699807179\n|switch|p1a: Alomomola|Alomomola, F|68\/100\n|turn|14\n|\n|t:|1699807185\n|move|p2a: Ceruledge|Shadow Claw|p1a: Alomomola\n|-damage|p1a: Alomomola|48\/100\n|move|p1a: Alomomola|Liquidation|p2a: Ceruledge\n|-supereffective|p2a: Ceruledge\n|-damage|p2a: Ceruledge|0 fnt\n|faint|p2a: Ceruledge\n|\n|upkeep\n|\n|t:|1699807195\n|switch|p2a: Clodsire|Clodsire, M|100\/100\n|-activate|p2a: Clodsire|move: Sticky Web\n|-unboost|p2a: Clodsire|spe|1\n|turn|15\n|\n|t:|1699807211\n|switch|p1a: Hatterene|Hatterene, F|100\/100\n|move|p2a: Clodsire|Toxic|p1a: Hatterene\n|move|p1a: Hatterene|Toxic|p2a: Clodsire|[from]ability: Magic Bounce\n|-immune|p2a: Clodsire\n|\n|upkeep\n|turn|16\n|\n|t:|1699807220\n|move|p1a: Hatterene|Calm Mind|p1a: Hatterene\n|-boost|p1a: Hatterene|spa|1\n|-boost|p1a: Hatterene|spd|1\n|move|p2a: Clodsire|Venoshock|p1a: Hatterene\n|-supereffective|p1a: Hatterene\n|-damage|p1a: Hatterene|76\/100\n|\n|-heal|p1a: Hatterene|82\/100|[from] item: Leftovers\n|upkeep\n|turn|17\n|\n|t:|1699807227\n|move|p1a: Hatterene|Psychic|p2a: Clodsire\n|-supereffective|p2a: Clodsire\n|-damage|p2a: Clodsire|59\/100\n|move|p2a: Clodsire|Venoshock|p1a: Hatterene\n|-supereffective|p1a: Hatterene\n|-damage|p1a: Hatterene|57\/100\n|\n|-heal|p1a: Hatterene|63\/100|[from] item: Leftovers\n|-heal|p2a: Clodsire|65\/100|[from] item: Black Sludge\n|upkeep\n|turn|18\n|\n|t:|1699807231\n|move|p1a: Hatterene|Psychic|p2a: Clodsire\n|-supereffective|p2a: Clodsire\n|-damage|p2a: Clodsire|19\/100\n|move|p2a: Clodsire|Venoshock|p1a: Hatterene\n|-supereffective|p1a: Hatterene\n|-damage|p1a: Hatterene|34\/100\n|\n|-heal|p1a: Hatterene|40\/100|[from] item: Leftovers\n|-heal|p2a: Clodsire|25\/100|[from] item: Black Sludge\n|upkeep\n|turn|19\n|\n|t:|1699807237\n|move|p1a: Hatterene|Psychic|p2a: Clodsire\n|-supereffective|p2a: Clodsire\n|-crit|p2a: Clodsire\n|-damage|p2a: Clodsire|0 fnt\n|faint|p2a: Clodsire\n|\n|-heal|p1a: Hatterene|46\/100|[from] item: Leftovers\n|upkeep\n|\n|t:|1699807240\n|switch|p2a: Torkoal|Torkoal, F, tera:Grass|79\/100\n|-activate|p2a: Torkoal|move: Sticky Web\n|-unboost|p2a: Torkoal|spe|1\n|-weather|SunnyDay|[from] ability: Drought|[of] p2a: Torkoal\n|turn|20\n|\n|t:|1699807250\n|move|p1a: Hatterene|Mystical Fire|p2a: Torkoal\n|-supereffective|p2a: Torkoal\n|-damage|p2a: Torkoal|0 fnt\n|faint|p2a: Torkoal\n|\n|win|cesto\n|raw|cesto's rating: 1163 &rarr; <strong>1186<\/strong><br \/>(+23 for winning)\n|raw|janek2009's rating: 1132 &rarr; <strong>1109<\/strong><br \/>(-23 for losing)\n|l|\u2606janek2009\n","uploadtime":1699807254,"views":9,"p1id":"cesto","p2id":"janek2009","formatid":"gen9ou","rating":1109,"private":0,"password":""}