{"id":"gen9ou-1990667766","p1":"poggerwog","p2":"ChillLanturnYT","format":"[Gen 9] OU","log":"|j|\u2606poggerwog\n|j|\u2606ChillLanturnYT\n|t:|1699990188\n|gametype|singles\n|player|p1|poggerwog|worker-gen4|1056\n|player|p2|ChillLanturnYT|palmer|1089\n|teamsize|p1|6\n|teamsize|p2|6\n|gen|9\n|tier|[Gen 9] OU\n|rated|\n|rule|Sleep Clause Mod: Limit one foe put to sleep\n|rule|Species Clause: Limit one of each Pok\u00e9mon\n|rule|OHKO Clause: OHKO moves are banned\n|rule|Evasion Items Clause: Evasion items are banned\n|rule|Evasion Moves Clause: Evasion moves are banned\n|rule|Endless Battle Clause: Forcing endless battles is banned\n|rule|HP Percentage Mod: HP is shown in percentages\n|clearpoke\n|poke|p1|Kommo-o, F|\n|poke|p1|Gengar, F|\n|poke|p1|Hoopa-Unbound|\n|poke|p1|Arcanine-Hisui, F|\n|poke|p1|Tsareena, F|\n|poke|p1|Clodsire, M|\n|poke|p2|Walking Wake|\n|poke|p2|Overqwil, F|\n|poke|p2|Ludicolo, F|\n|poke|p2|Barraskewda, M|\n|poke|p2|Pelipper, F|\n|poke|p2|Kilowattrel, F|\n|teampreview\n|\n|t:|1699990195\n|start\n|switch|p1a: Reign|Arcanine-Hisui, F|100\/100\n|switch|p2a: Pelipper|Pelipper, F|100\/100\n|-weather|RainDance|[from] ability: Drizzle|[of] p2a: Pelipper\n|turn|1\n|\n|t:|1699990204\n|switch|p2a: Overqwil|Overqwil, F|100\/100\n|-ability|p2a: Overqwil|Intimidate|boost\n|-unboost|p1a: Reign|atk|1\n|move|p1a: Reign|Head Smash|p2a: Overqwil|[miss]\n|-miss|p1a: Reign|p2a: Overqwil\n|\n|-weather|RainDance|[upkeep]\n|upkeep\n|turn|2\n|\n|t:|1699990220\n|switch|p1a: Rockstar|Kommo-o, F|100\/100\n|move|p2a: Overqwil|Liquidation|p1a: Rockstar\n|-resisted|p1a: Rockstar\n|-damage|p1a: Rockstar|82\/100\n|\n|-weather|RainDance|[upkeep]\n|upkeep\n|turn|3\n|\n|t:|1699990227\n|move|p1a: Rockstar|Clangorous Soul|p1a: Rockstar\n|-boost|p1a: Rockstar|atk|1\n|-boost|p1a: Rockstar|def|1\n|-boost|p1a: Rockstar|spa|1\n|-boost|p1a: Rockstar|spd|1\n|-boost|p1a: Rockstar|spe|1\n|-damage|p1a: Rockstar|49\/100\n|-enditem|p1a: Rockstar|Throat Spray\n|-boost|p1a: Rockstar|spa|1|[from] item: Throat Spray\n|move|p2a: Overqwil|Barb Barrage|p1a: Rockstar\n|-damage|p1a: Rockstar|29\/100\n|\n|-weather|RainDance|[upkeep]\n|upkeep\n|turn|4\n|\n|t:|1699990239\n|move|p1a: Rockstar|Drain Punch|p2a: Overqwil\n|-damage|p2a: Overqwil|48\/100\n|-heal|p1a: Rockstar|58\/100|[from] drain|[of] p2a: Overqwil\n|move|p2a: Overqwil|Barb Barrage|p1a: Rockstar\n|-damage|p1a: Rockstar|40\/100\n|\n|-weather|RainDance|[upkeep]\n|-heal|p2a: Overqwil|54\/100|[from] item: Leftovers\n|upkeep\n|turn|5\n|\n|t:|1699990250\n|move|p1a: Rockstar|Drain Punch|p2a: Overqwil\n|-damage|p2a: Overqwil|9\/100\n|-heal|p1a: Rockstar|64\/100|[from] drain|[of] p2a: Overqwil\n|move|p2a: Overqwil|Barb Barrage|p1a: Rockstar\n|-damage|p1a: Rockstar|46\/100\n|-status|p1a: Rockstar|psn\n|\n|-weather|RainDance|[upkeep]\n|-heal|p2a: Overqwil|15\/100|[from] item: Leftovers\n|-damage|p1a: Rockstar|33\/100 psn|[from] psn\n|upkeep\n|turn|6\n|\n|t:|1699990258\n|switch|p2a: Pelipper|Pelipper, F|100\/100\n|move|p1a: Rockstar|Drain Punch|p2a: Pelipper\n|-resisted|p2a: Pelipper\n|-damage|p2a: Pelipper|84\/100\n|-heal|p1a: Rockstar|42\/100 psn|[from] drain|[of] p2a: Pelipper\n|\n|-weather|RainDance|[upkeep]\n|-damage|p1a: Rockstar|30\/100 psn|[from] psn\n|upkeep\n|turn|7\n|\n|t:|1699990264\n|switch|p2a: Overqwil|Overqwil, F|15\/100\n|-ability|p2a: Overqwil|Intimidate|boost\n|-unboost|p1a: Rockstar|atk|1\n|move|p1a: Rockstar|Clanging Scales|p2a: Overqwil\n|-damage|p2a: Overqwil|0 fnt\n|faint|p2a: Overqwil\n|-unboost|p1a: Rockstar|def|1\n|\n|-weather|RainDance|[upkeep]\n|-damage|p1a: Rockstar|18\/100 psn|[from] psn\n|upkeep\n|\n|t:|1699990288\n|switch|p2a: Barraskewda|Barraskewda, M|100\/100\n|turn|8\n|\n|t:|1699990308\n|switch|p1a: Alani Nu|Tsareena, F|100\/100\n|move|p2a: Barraskewda|Flip Turn|p1a: Alani Nu\n|-resisted|p1a: Alani Nu\n|-damage|p1a: Alani Nu|66\/100\n|\n|t:|1699990315\n|switch|p2a: Kilowattrel|Kilowattrel, F|100\/100|[from] Flip Turn\n|\n|-weather|none\n|upkeep\n|turn|9\n|\n|t:|1699990322\n|switch|p1a: Doubleshot|Clodsire, M|100\/100\n|move|p2a: Kilowattrel|Volt Switch|p1a: Doubleshot\n|-immune|p1a: Doubleshot\n|\n|upkeep\n|turn|10\n|\n|t:|1699990329\n|switch|p2a: Pelipper|Pelipper, F|84\/100\n|-weather|RainDance|[from] ability: Drizzle|[of] p2a: Pelipper\n|move|p1a: Doubleshot|Toxic|p2a: Pelipper\n|-status|p2a: Pelipper|tox\n|\n|-weather|RainDance|[upkeep]\n|-damage|p2a: Pelipper|78\/100 tox|[from] psn\n|upkeep\n|turn|11\n|\n|t:|1699990351\n|switch|p1a: Alani Nu|Tsareena, F|66\/100\n|move|p2a: Pelipper|U-turn|p1a: Alani Nu\n|-supereffective|p1a: Alani Nu\n|-damage|p1a: Alani Nu|48\/100\n|\n|t:|1699990360\n|switch|p2a: Ludicolo|Ludicolo, F|100\/100|[from] U-turn\n|\n|-weather|RainDance|[upkeep]\n|upkeep\n|turn|12\n|\n|t:|1699990366\n|move|p2a: Ludicolo|Ice Beam|p1a: Alani Nu\n|-supereffective|p1a: Alani Nu\n|-damage|p1a: Alani Nu|0 fnt\n|faint|p1a: Alani Nu\n|-damage|p2a: Ludicolo|91\/100|[from] item: Life Orb\n|\n|-weather|RainDance|[upkeep]\n|upkeep\n|\n|t:|1699990372\n|switch|p1a: Bang|Hoopa-Unbound|100\/100\n|turn|13\n|\n|t:|1699990381\n|move|p2a: Ludicolo|Giga Drain|p1a: Bang\n|-damage|p1a: Bang|78\/100\n|-heal|p2a: Ludicolo|100\/100|[from] drain|[of] p1a: Bang\n|-damage|p2a: Ludicolo|91\/100|[from] item: Life Orb\n|move|p1a: Bang|Gunk Shot|p2a: Ludicolo\n|-supereffective|p2a: Ludicolo\n|-damage|p2a: Ludicolo|0 fnt\n|faint|p2a: Ludicolo\n|\n|-weather|RainDance|[upkeep]\n|upkeep\n|\n|t:|1699990394\n|switch|p2a: Barraskewda|Barraskewda, M|100\/100\n|turn|14\n|\n|t:|1699990400\n|move|p2a: Barraskewda|Liquidation|p1a: Bang\n|-damage|p1a: Bang|0 fnt\n|faint|p1a: Bang\n|\n|-weather|RainDance|[upkeep]\n|upkeep\n|\n|t:|1699990405\n|switch|p1a: Monster|Gengar, F|100\/100\n|turn|15\n|\n|t:|1699990410\n|move|p2a: Barraskewda|Liquidation|p1a: Monster\n|-damage|p1a: Monster|0 fnt\n|faint|p1a: Monster\n|\n|-weather|RainDance|[upkeep]\n|upkeep\n|c|\u2606poggerwog|i can't win\n|c|\u2606poggerwog|GG\n|-message|poggerwog forfeited.\n|\n|win|ChillLanturnYT\n|raw|poggerwog's rating: 1056 &rarr; <strong>1039<\/strong><br \/>(-17 for losing)\n|raw|ChillLanturnYT's rating: 1089 &rarr; <strong>1113<\/strong><br \/>(+24 for winning)\n|c|\u2606ChillLanturnYT|gg :)\n","uploadtime":1699990425,"views":8,"p1id":"poggerwog","p2id":"chilllanturnyt","formatid":"gen9ou","rating":1039,"private":0,"password":""}