{"id":"gen9ou-1994268254","p1":"Digitaldrippp","p2":"Hultygoat","format":"[Gen 9] OU","log":"|j|\u2606Digitaldrippp\n|j|\u2606Hultygoat\n|t:|1700425318\n|gametype|singles\n|player|p1|Digitaldrippp|101|1212\n|player|p2|Hultygoat|clown|1169\n|teamsize|p1|6\n|teamsize|p2|6\n|gen|9\n|tier|[Gen 9] OU\n|rated|\n|rule|Sleep Clause Mod: Limit one foe put to sleep\n|rule|Species Clause: Limit one of each Pok\u00e9mon\n|rule|OHKO Clause: OHKO moves are banned\n|rule|Evasion Items Clause: Evasion items are banned\n|rule|Evasion Moves Clause: Evasion moves are banned\n|rule|Endless Battle Clause: Forcing endless battles is banned\n|rule|HP Percentage Mod: HP is shown in percentages\n|clearpoke\n|poke|p1|Rillaboom, M|\n|poke|p1|Armarouge, F|\n|poke|p1|Ogerpon-Cornerstone, F|\n|poke|p1|Iron Treads|\n|poke|p1|Sneasler, F|\n|poke|p1|Greninja-*, M|\n|poke|p2|Kingambit, F|\n|poke|p2|Great Tusk|\n|poke|p2|Dragapult, F|\n|poke|p2|Ogerpon-Wellspring, F|\n|poke|p2|Blissey, F|\n|poke|p2|Zapdos|\n|teampreview\n|inactive|Battle timer is ON: inactive players will automatically lose when time's up. (requested by Hultygoat)\n|\n|t:|1700425325\n|start\n|switch|p1a: Greninja|Greninja, M|100\/100\n|switch|p2a: Dragapult|Dragapult, F|100\/100\n|turn|1\n|\n|t:|1700425333\n|move|p2a: Dragapult|U-turn|p1a: Greninja\n|-supereffective|p1a: Greninja\n|-damage|p1a: Greninja|49\/100\n|\n|t:|1700425336\n|switch|p2a: Ogerpon|Ogerpon-Wellspring, F|100\/100|[from] U-turn\n|move|p1a: Greninja|Dark Pulse|p2a: Ogerpon\n|-damage|p2a: Ogerpon|45\/100\n|-damage|p1a: Greninja|39\/100|[from] item: Life Orb\n|\n|upkeep\n|turn|2\n|\n|t:|1700425347\n|move|p1a: Greninja|Dark Pulse|p2a: Ogerpon\n|-damage|p2a: Ogerpon|0 fnt\n|faint|p2a: Ogerpon\n|-ability|p1a: Greninja|Battle Bond|boost\n|-boost|p1a: Greninja|atk|1\n|-boost|p1a: Greninja|spa|1\n|-boost|p1a: Greninja|spe|1\n|-activate|p1a: Greninja|ability: Battle Bond\n|-damage|p1a: Greninja|29\/100|[from] item: Life Orb\n|\n|upkeep\n|\n|t:|1700425350\n|switch|p2a: Zapdos|Zapdos|100\/100\n|turn|3\n|\n|t:|1700425366\n|move|p1a: Greninja|Dark Pulse|p2a: Zapdos\n|-damage|p2a: Zapdos|31\/100\n|-damage|p1a: Greninja|19\/100|[from] item: Life Orb\n|cant|p2a: Zapdos|flinch\n|\n|upkeep\n|turn|4\n|\n|t:|1700425373\n|move|p1a: Greninja|Dark Pulse|p2a: Zapdos\n|-damage|p2a: Zapdos|0 fnt\n|faint|p2a: Zapdos\n|-damage|p1a: Greninja|10\/100|[from] item: Life Orb\n|\n|upkeep\n|\n|t:|1700425376\n|switch|p2a: Blissey|Blissey, F|100\/100\n|turn|5\n|\n|t:|1700425384\n|switch|p1a: Sneasler|Sneasler, F|100\/100\n|move|p2a: Blissey|Stealth Rock|p1a: Sneasler\n|-sidestart|p1: Digitaldrippp|move: Stealth Rock\n|\n|upkeep\n|turn|6\n|\n|t:|1700425392\n|move|p1a: Sneasler|Swords Dance|p1a: Sneasler\n|-boost|p1a: Sneasler|atk|2\n|move|p2a: Blissey|Shadow Ball|p1a: Sneasler\n|-damage|p1a: Sneasler|83\/100\n|\n|upkeep\n|turn|7\n|\n|t:|1700425401\n|move|p1a: Sneasler|Close Combat|p2a: Blissey\n|-supereffective|p2a: Blissey\n|-damage|p2a: Blissey|0 fnt\n|-unboost|p1a: Sneasler|def|1\n|-unboost|p1a: Sneasler|spd|1\n|faint|p2a: Blissey\n|\n|upkeep\n|\n|t:|1700425406\n|switch|p2a: Dragapult|Dragapult, F|100\/100\n|turn|8\n|\n|t:|1700425411\n|move|p2a: Dragapult|Flamethrower|p1a: Sneasler\n|-damage|p1a: Sneasler|11\/100\n|move|p1a: Sneasler|Shadow Claw|p2a: Dragapult\n|-supereffective|p2a: Dragapult\n|-damage|p2a: Dragapult|0 fnt\n|faint|p2a: Dragapult\n|\n|upkeep\n|\n|t:|1700425418\n|switch|p2a: Great Tusk|Great Tusk|100\/100\n|turn|9\n|\n|t:|1700425429\n|switch|p1a: Rillaboom|Rillaboom, M|100\/100\n|-damage|p1a: Rillaboom|88\/100|[from] Stealth Rock\n|-fieldstart|move: Grassy Terrain|[from] ability: Grassy Surge|[of] p1a: Rillaboom\n|move|p2a: Great Tusk|Earthquake|p1a: Rillaboom\n|-resisted|p1a: Rillaboom\n|-damage|p1a: Rillaboom|76\/100\n|\n|-heal|p1a: Rillaboom|82\/100|[from] Grassy Terrain\n|upkeep\n|turn|10\n|\n|t:|1700425444\n|move|p2a: Great Tusk|Knock Off|p1a: Rillaboom\n|-damage|p1a: Rillaboom|50\/100\n|-enditem|p1a: Rillaboom|Choice Band|[from] move: Knock Off|[of] p2a: Great Tusk\n|move|p1a: Rillaboom|Wood Hammer|p2a: Great Tusk\n|-supereffective|p2a: Great Tusk\n|-damage|p2a: Great Tusk|0 fnt\n|faint|p2a: Great Tusk\n|-end|p2a: Great Tusk|Protosynthesis|[silent]\n|-damage|p1a: Rillaboom|8\/100|[from] Recoil\n|\n|-heal|p1a: Rillaboom|14\/100|[from] Grassy Terrain\n|upkeep\n|\n|t:|1700425451\n|switch|p2a: Kingambit|Kingambit, F|100\/100\n|-activate|p2a: Kingambit|ability: Supreme Overlord\n|-start|p2a: Kingambit|fallen5|[silent]\n|turn|11\n|\n|t:|1700425462\n|move|p1a: Rillaboom|Knock Off|p2a: Kingambit\n|-resisted|p2a: Kingambit\n|-damage|p2a: Kingambit|86\/100\n|-enditem|p2a: Kingambit|Mental Herb|[from] move: Knock Off|[of] p1a: Rillaboom\n|move|p2a: Kingambit|Swords Dance|p2a: Kingambit\n|-boost|p2a: Kingambit|atk|2\n|\n|-heal|p1a: Rillaboom|20\/100|[from] Grassy Terrain\n|-heal|p2a: Kingambit|92\/100|[from] Grassy Terrain\n|upkeep\n|turn|12\n|\n|t:|1700425469\n|move|p1a: Rillaboom|Wood Hammer|p2a: Kingambit\n|-resisted|p2a: Kingambit\n|-damage|p2a: Kingambit|61\/100\n|-damage|p1a: Rillaboom|9\/100|[from] Recoil\n|move|p2a: Kingambit|Swords Dance|p2a: Kingambit\n|-boost|p2a: Kingambit|atk|2\n|\n|-heal|p1a: Rillaboom|15\/100|[from] Grassy Terrain\n|-heal|p2a: Kingambit|67\/100|[from] Grassy Terrain\n|upkeep\n|turn|13\n|\n|t:|1700425475\n|move|p2a: Kingambit|Sucker Punch|p1a: Rillaboom\n|-damage|p1a: Rillaboom|0 fnt\n|faint|p1a: Rillaboom\n|\n|-heal|p2a: Kingambit|73\/100|[from] Grassy Terrain\n|-fieldend|move: Grassy Terrain\n|upkeep\n|\n|t:|1700425483\n|switch|p1a: Iron Treads|Iron Treads|100\/100\n|-damage|p1a: Iron Treads|97\/100|[from] Stealth Rock\n|-enditem|p1a: Iron Treads|Booster Energy\n|-activate|p1a: Iron Treads|ability: Quark Drive|[fromitem]\n|-start|p1a: Iron Treads|quarkdrivespe\n|turn|14\n|\n|t:|1700425487\n|move|p1a: Iron Treads|Earth Power|p2a: Kingambit\n|-supereffective|p2a: Kingambit\n|-damage|p2a: Kingambit|3\/100\n|-unboost|p2a: Kingambit|spd|1\n|move|p2a: Kingambit|Iron Head|p1a: Iron Treads\n|-resisted|p1a: Iron Treads\n|-damage|p1a: Iron Treads|11\/100\n|\n|upkeep\n|turn|15\n|\n|t:|1700425503\n|-terastallize|p2a: Kingambit|Dark\n|move|p2a: Kingambit|Sucker Punch|p1a: Iron Treads\n|-damage|p1a: Iron Treads|0 fnt\n|faint|p1a: Iron Treads\n|-end|p1a: Iron Treads|Quark Drive|[silent]\n|\n|upkeep\n|\n|t:|1700425508\n|switch|p1a: Greninja|Greninja, M|10\/100\n|-damage|p1a: Greninja|0 fnt|[from] Stealth Rock\n|faint|p1a: Greninja\n|\n|t:|1700425510\n|switch|p1a: Ogerpon|Ogerpon-Cornerstone, F|100\/100\n|-damage|p1a: Ogerpon|88\/100|[from] Stealth Rock\n|turn|16\n|\n|t:|1700425513\n|move|p2a: Kingambit|Sucker Punch|p1a: Ogerpon\n|-damage|p1a: Ogerpon|0 fnt\n|faint|p1a: Ogerpon\n|\n|upkeep\n|\n|t:|1700425516\n|switch|p1a: Sneasler|Sneasler, F|11\/100\n|-damage|p1a: Sneasler|5\/100|[from] Stealth Rock\n|turn|17\n|\n|t:|1700425518\n|move|p2a: Kingambit|Sucker Punch|p1a: Sneasler\n|-resisted|p1a: Sneasler\n|-damage|p1a: Sneasler|0 fnt\n|faint|p1a: Sneasler\n|\n|upkeep\n|\n|t:|1700425520\n|switch|p1a: Armarouge|Armarouge, F|100\/100\n|-damage|p1a: Armarouge|76\/100|[from] Stealth Rock\n|turn|18\n|\n|t:|1700425524\n|move|p2a: Kingambit|Sucker Punch|p1a: Armarouge\n|-supereffective|p1a: Armarouge\n|-damage|p1a: Armarouge|0 fnt\n|faint|p1a: Armarouge\n|\n|win|Hultygoat\n|raw|Digitaldrippp's rating: 1212 &rarr; <strong>1184<\/strong><br \/>(-28 for losing)\n|raw|Hultygoat's rating: 1169 &rarr; <strong>1197<\/strong><br \/>(+28 for winning)\n|l|\u2606Digitaldrippp\n","uploadtime":1700425528,"views":7,"p1id":"digitaldrippp","p2id":"hultygoat","formatid":"gen9ou","rating":1184,"private":0,"password":""}