{"id":"gen9ou-1991664578","p1":"gorodavy","p2":"Petergriffinonline","format":"[Gen 9] OU","log":"|j|\u2606gorodavy\n|j|\u2606Petergriffinonline\n|t:|1700100077\n|gametype|singles\n|player|p1|gorodavy|boarder|\n|player|p2|Petergriffinonline|102|\n|teamsize|p1|6\n|teamsize|p2|6\n|gen|9\n|tier|[Gen 9] OU\n|rule|Sleep Clause Mod: Limit one foe put to sleep\n|rule|Species Clause: Limit one of each Pok\u00e9mon\n|rule|OHKO Clause: OHKO moves are banned\n|rule|Evasion Items Clause: Evasion items are banned\n|rule|Evasion Moves Clause: Evasion moves are banned\n|rule|Endless Battle Clause: Forcing endless battles is banned\n|rule|HP Percentage Mod: HP is shown in percentages\n|clearpoke\n|poke|p1|Rillaboom, M|\n|poke|p1|Greninja-*, M|\n|poke|p1|Sneasler, M|\n|poke|p1|Slowking-Galar, M|\n|poke|p1|Heatran, F|\n|poke|p1|Great Tusk|\n|poke|p2|Rotom-Wash|\n|poke|p2|Amoonguss, M|\n|poke|p2|Milotic, F|\n|poke|p2|Dragapult, F|\n|poke|p2|Tyranitar, F|\n|poke|p2|Iron Valiant|\n|teampreview\n|\n|t:|1700100093\n|start\n|switch|p1a: Heatran|Heatran, F, shiny|100\/100\n|switch|p2a: Amoonguss|Amoonguss, M|100\/100\n|turn|1\n|\n|t:|1700100102\n|move|p1a: Heatran|Magma Storm|p2a: Amoonguss\n|-supereffective|p2a: Amoonguss\n|-damage|p2a: Amoonguss|6\/100\n|-activate|p2a: Amoonguss|move: Magma Storm|[of] p1a: Heatran\n|-enditem|p2a: Amoonguss|Red Card|[of] p1a: Heatran\n|drag|p1a: Sneasler|Sneasler, M, shiny|100\/100\n|move|p2a: Amoonguss|Spore|p1a: Sneasler\n|-status|p1a: Sneasler|slp|[from] move: Spore\n|\n|-end|p2a: Amoonguss|Magma Storm|[partiallytrapped]|[silent]\n|upkeep\n|turn|2\n|\n|t:|1700100117\n|switch|p1a: Heatran|Heatran, F, shiny|100\/100\n|switch|p2a: Milotic|Milotic, F|100\/100\n|\n|-status|p2a: Milotic|brn|[from] item: Flame Orb\n|upkeep\n|turn|3\n|\n|t:|1700100132\n|switch|p1a: Slowking|Slowking-Galar, M|100\/100\n|move|p2a: Milotic|Scald|p1a: Slowking\n|-damage|p1a: Slowking|88\/100\n|\n|-damage|p2a: Milotic|94\/100 brn|[from] brn\n|upkeep\n|turn|4\n|\n|t:|1700100139\n|switch|p2a: Tyranitar|Tyranitar, F|100\/100\n|-weather|Sandstorm|[from] ability: Sand Stream|[of] p2a: Tyranitar\n|move|p1a: Slowking|Future Sight|p2a: Tyranitar\n|-start|p1a: Slowking|move: Future Sight\n|\n|-weather|Sandstorm|[upkeep]\n|-damage|p1a: Slowking|81\/100|[from] Sandstorm\n|upkeep\n|turn|5\n|\n|t:|1700100144\n|switch|p1a: Rillaboom|Rillaboom, M|100\/100\n|-fieldstart|move: Grassy Terrain|[from] ability: Grassy Surge|[of] p1a: Rillaboom\n|move|p2a: Tyranitar|Knock Off|p1a: Rillaboom\n|-damage|p1a: Rillaboom|54\/100\n|-enditem|p1a: Rillaboom|Heavy-Duty Boots|[from] move: Knock Off|[of] p2a: Tyranitar\n|\n|-weather|Sandstorm|[upkeep]\n|-damage|p1a: Rillaboom|48\/100|[from] Sandstorm\n|-heal|p1a: Rillaboom|54\/100|[from] Grassy Terrain\n|upkeep\n|turn|6\n|\n|t:|1700100155\n|move|p1a: Rillaboom|Grassy Glide|p2a: Tyranitar\n|-supereffective|p2a: Tyranitar\n|-damage|p2a: Tyranitar|27\/100\n|move|p2a: Tyranitar|Earthquake|p1a: Rillaboom\n|-resisted|p1a: Rillaboom\n|-damage|p1a: Rillaboom|46\/100\n|\n|-weather|Sandstorm|[upkeep]\n|-damage|p1a: Rillaboom|40\/100|[from] Sandstorm\n|-end|p2a: Tyranitar|move: Future Sight\n|-immune|p2a: Tyranitar\n|-heal|p1a: Rillaboom|46\/100|[from] Grassy Terrain\n|-heal|p2a: Tyranitar|33\/100|[from] Grassy Terrain\n|upkeep\n|turn|7\n|\n|t:|1700100162\n|switch|p2a: Amoonguss|Amoonguss, M|39\/100\n|move|p1a: Rillaboom|Grassy Glide|p2a: Amoonguss\n|-resisted|p2a: Amoonguss\n|-damage|p2a: Amoonguss|31\/100\n|\n|-weather|Sandstorm|[upkeep]\n|-damage|p1a: Rillaboom|40\/100|[from] Sandstorm\n|-damage|p2a: Amoonguss|24\/100|[from] Sandstorm\n|-heal|p1a: Rillaboom|46\/100|[from] Grassy Terrain\n|-heal|p2a: Amoonguss|31\/100|[from] Grassy Terrain\n|upkeep\n|turn|8\n|\n|t:|1700100166\n|move|p1a: Rillaboom|U-turn|p2a: Amoonguss\n|-damage|p2a: Amoonguss|11\/100\n|\n|t:|1700100168\n|switch|p1a: Heatran|Heatran, F, shiny|100\/100|[from] U-turn\n|move|p2a: Amoonguss|Sludge Bomb|p1a: Heatran\n|-immune|p1a: Heatran\n|\n|-weather|none\n|-heal|p2a: Amoonguss|17\/100|[from] Grassy Terrain\n|upkeep\n|turn|9\n|\n|t:|1700100173\n|switch|p2a: Milotic|Milotic, F|94\/100 brn\n|move|p1a: Heatran|Magma Storm|p2a: Milotic\n|-resisted|p2a: Milotic\n|-damage|p2a: Milotic|76\/100 brn\n|-activate|p2a: Milotic|move: Magma Storm|[of] p1a: Heatran\n|\n|-heal|p2a: Milotic|82\/100 brn|[from] Grassy Terrain\n|-damage|p2a: Milotic|76\/100 brn|[from] brn\n|-damage|p2a: Milotic|64\/100 brn|[from] move: Magma Storm|[partiallytrapped]\n|-fieldend|move: Grassy Terrain\n|upkeep\n|turn|10\n|\n|t:|1700100181\n|switch|p1a: Slowking|Slowking-Galar, M|100\/100\n|move|p2a: Milotic|Scald|p1a: Slowking\n|-damage|p1a: Slowking|87\/100\n|\n|-damage|p2a: Milotic|58\/100 brn|[from] brn\n|-end|p2a: Milotic|Magma Storm|[partiallytrapped]|[silent]\n|upkeep\n|turn|11\n|\n|t:|1700100187\n|move|p2a: Milotic|Recover|p2a: Milotic\n|-heal|p2a: Milotic|100\/100 brn\n|move|p1a: Slowking|Future Sight|p2a: Milotic\n|-start|p1a: Slowking|move: Future Sight\n|\n|-damage|p2a: Milotic|94\/100 brn|[from] brn\n|upkeep\n|turn|12\n|\n|t:|1700100226\n|switch|p2a: Tyranitar|Tyranitar, F|33\/100\n|-weather|Sandstorm|[from] ability: Sand Stream|[of] p2a: Tyranitar\n|switch|p1a: Rillaboom|Rillaboom, M|46\/100\n|-fieldstart|move: Grassy Terrain|[from] ability: Grassy Surge|[of] p1a: Rillaboom\n|\n|-weather|Sandstorm|[upkeep]\n|-damage|p1a: Rillaboom|40\/100|[from] Sandstorm\n|-heal|p1a: Rillaboom|46\/100|[from] Grassy Terrain\n|-heal|p2a: Tyranitar|39\/100|[from] Grassy Terrain\n|upkeep\n|turn|13\n|\n|t:|1700100234\n|move|p1a: Rillaboom|Grassy Glide|p2a: Tyranitar\n|-supereffective|p2a: Tyranitar\n|-damage|p2a: Tyranitar|0 fnt\n|faint|p2a: Tyranitar\n|\n|-weather|Sandstorm|[upkeep]\n|-damage|p1a: Rillaboom|40\/100|[from] Sandstorm\n|-hint|Future Sight did not hit because the target is fainted.\n|-heal|p1a: Rillaboom|46\/100|[from] Grassy Terrain\n|upkeep\n|\n|t:|1700100243\n|switch|p2a: Dragapult|Dragapult, F|100\/100\n|turn|14\n|\n|t:|1700100248\n|switch|p1a: Heatran|Heatran, F, shiny|100\/100\n|move|p2a: Dragapult|Flamethrower|p1a: Heatran\n|-start|p1a: Heatran|ability: Flash Fire\n|\n|-weather|Sandstorm|[upkeep]\n|-damage|p2a: Dragapult|95\/100|[from] Sandstorm\n|-heal|p2a: Dragapult|100\/100|[from] Grassy Terrain\n|upkeep\n|turn|15\n|\n|t:|1700100250\n|move|p2a: Dragapult|Surf|p1a: Heatran\n|-supereffective|p1a: Heatran\n|-damage|p1a: Heatran|31\/100\n|-damage|p2a: Dragapult|91\/100|[from] item: Life Orb\n|move|p1a: Heatran|Magma Storm|p2a: Dragapult\n|-resisted|p2a: Dragapult\n|-damage|p2a: Dragapult|38\/100\n|-activate|p2a: Dragapult|move: Magma Storm|[of] p1a: Heatran\n|\n|-weather|Sandstorm|[upkeep]\n|-damage|p2a: Dragapult|32\/100|[from] Sandstorm\n|-heal|p2a: Dragapult|38\/100|[from] Grassy Terrain\n|-heal|p1a: Heatran|37\/100|[from] Grassy Terrain\n|-damage|p2a: Dragapult|26\/100|[from] move: Magma Storm|[partiallytrapped]\n|upkeep\n|turn|16\n|\n|t:|1700100283\n|-end|p1a: Heatran|ability: Flash Fire|[silent]\n|switch|p1a: Slowking|Slowking-Galar, M|100\/100\n|move|p2a: Dragapult|Surf|p1a: Slowking\n|-damage|p1a: Slowking|83\/100\n|-damage|p2a: Dragapult|16\/100|[from] item: Life Orb\n|\n|-weather|none\n|-heal|p2a: Dragapult|22\/100|[from] Grassy Terrain\n|-heal|p1a: Slowking|89\/100|[from] Grassy Terrain\n|-end|p2a: Dragapult|Magma Storm|[partiallytrapped]|[silent]\n|-fieldend|move: Grassy Terrain\n|upkeep\n|turn|17\n|\n|t:|1700100291\n|switch|p2a: Amoonguss|Amoonguss, M|51\/100\n|move|p1a: Slowking|Future Sight|p2a: Amoonguss\n|-start|p1a: Slowking|move: Future Sight\n|\n|upkeep\n|turn|18\n|\n|t:|1700100296\n|move|p1a: Slowking|Flamethrower|p2a: Amoonguss\n|-supereffective|p2a: Amoonguss\n|-damage|p2a: Amoonguss|4\/100\n|-status|p2a: Amoonguss|brn\n|move|p2a: Amoonguss|Spore|p1a: Slowking\n|-message|Sleep Clause Mod activated.\n|-hint|Sleep Clause Mod prevents players from putting more than one of their opponent's Pok\u00e9mon to sleep at a time\n|\n|-damage|p2a: Amoonguss|0 fnt|[from] brn\n|faint|p2a: Amoonguss\n|upkeep\n|\n|t:|1700100323\n|switch|p2a: Rotom|Rotom-Wash|100\/100\n|turn|19\n|\n|t:|1700100326\n|move|p2a: Rotom|Trick|p1a: Slowking\n|-activate|p2a: Rotom|move: Trick|[of] p1a: Slowking\n|-item|p1a: Slowking|Choice Scarf|[from] move: Trick\n|-item|p2a: Rotom|Assault Vest|[from] move: Trick\n|move|p1a: Slowking|Sludge Bomb|p2a: Rotom\n|-damage|p2a: Rotom|73\/100\n|\n|-end|p2a: Rotom|move: Future Sight\n|-damage|p2a: Rotom|33\/100\n|upkeep\n|turn|20\n|\n|t:|1700100333\n|move|p2a: Rotom|Volt Switch|p1a: Slowking\n|-damage|p1a: Slowking|69\/100\n|\n|t:|1700100336\n|switch|p2a: Milotic|Milotic, F|94\/100 brn|[from] Volt Switch\n|move|p1a: Slowking|Sludge Bomb|p2a: Milotic\n|-damage|p2a: Milotic|67\/100 brn\n|\n|-damage|p2a: Milotic|61\/100 brn|[from] brn\n|upkeep\n|turn|21\n|\n|t:|1700100346\n|switch|p1a: Greninja|Greninja, M|100\/100\n|move|p2a: Milotic|Scald|p1a: Greninja\n|-resisted|p1a: Greninja\n|-damage|p1a: Greninja|78\/100\n|\n|-damage|p2a: Milotic|55\/100 brn|[from] brn\n|upkeep\n|turn|22\n|\n|t:|1700100355\n|move|p1a: Greninja|Grass Knot|p2a: Milotic\n|-supereffective|p2a: Milotic\n|-damage|p2a: Milotic|3\/100 brn\n|-damage|p1a: Greninja|69\/100|[from] item: Life Orb\n|move|p2a: Milotic|Ice Beam|p1a: Greninja\n|-resisted|p1a: Greninja\n|-damage|p1a: Greninja|52\/100\n|\n|-damage|p2a: Milotic|0 fnt|[from] brn\n|faint|p2a: Milotic\n|upkeep\n|\n|t:|1700100365\n|switch|p2a: Dragapult|Dragapult, F|22\/100\n|turn|23\n|\n|t:|1700100379\n|-terastallize|p1a: Greninja|Water\n|move|p2a: Dragapult|Thunderbolt|p1a: Greninja\n|-supereffective|p1a: Greninja\n|-damage|p1a: Greninja|0 fnt\n|faint|p1a: Greninja\n|-damage|p2a: Dragapult|12\/100|[from] item: Life Orb\n|\n|upkeep\n|\n|t:|1700100385\n|switch|p1a: Rillaboom|Rillaboom, M|46\/100\n|-fieldstart|move: Grassy Terrain|[from] ability: Grassy Surge|[of] p1a: Rillaboom\n|turn|24\n|\n|t:|1700100395\n|move|p1a: Rillaboom|Grassy Glide|p2a: Dragapult\n|-resisted|p2a: Dragapult\n|-damage|p2a: Dragapult|0 fnt\n|faint|p2a: Dragapult\n|\n|-heal|p1a: Rillaboom|52\/100|[from] Grassy Terrain\n|upkeep\n|\n|t:|1700100399\n|switch|p2a: Iron Valiant|Iron Valiant|100\/100\n|-enditem|p2a: Iron Valiant|Booster Energy\n|-activate|p2a: Iron Valiant|ability: Quark Drive|[fromitem]\n|-start|p2a: Iron Valiant|quarkdrivespe\n|turn|25\n|\n|t:|1700100405\n|move|p1a: Rillaboom|Grassy Glide|p2a: Iron Valiant\n|-damage|p2a: Iron Valiant|47\/100\n|move|p2a: Iron Valiant|Spirit Break|p1a: Rillaboom\n|-damage|p1a: Rillaboom|17\/100\n|-unboost|p1a: Rillaboom|spa|1\n|\n|-heal|p2a: Iron Valiant|53\/100|[from] Grassy Terrain\n|-heal|p1a: Rillaboom|24\/100|[from] Grassy Terrain\n|upkeep\n|turn|26\n|\n|t:|1700100410\n|move|p1a: Rillaboom|Grassy Glide|p2a: Iron Valiant\n|-damage|p2a: Iron Valiant|0 fnt\n|faint|p2a: Iron Valiant\n|-end|p2a: Iron Valiant|Quark Drive|[silent]\n|\n|-heal|p1a: Rillaboom|30\/100|[from] Grassy Terrain\n|upkeep\n|\n|t:|1700100412\n|switch|p2a: Rotom|Rotom-Wash|33\/100\n|turn|27\n|\n|t:|1700100417\n|move|p1a: Rillaboom|Grassy Glide|p2a: Rotom\n|-supereffective|p2a: Rotom\n|-damage|p2a: Rotom|0 fnt\n|faint|p2a: Rotom\n|\n|win|gorodavy\n|l|\u2606Petergriffinonline\n","uploadtime":1700100424,"views":9,"p1id":"gorodavy","p2id":"petergriffinonline","formatid":"gen9ou","rating":0,"private":0,"password":""}