{"id":"gen9ou-1992538170","p1":"Charmalane","p2":"Haou29","format":"[Gen 9] OU","log":"|j|\u2606Charmalane\n|j|\u2606Haou29\n|t:|1700201811\n|gametype|singles\n|player|p1|Charmalane|brawly|1509\n|player|p2|Haou29|nanu|1457\n|teamsize|p1|6\n|teamsize|p2|6\n|gen|9\n|tier|[Gen 9] OU\n|rated|\n|rule|Sleep Clause Mod: Limit one foe put to sleep\n|rule|Species Clause: Limit one of each Pok\u00e9mon\n|rule|OHKO Clause: OHKO moves are banned\n|rule|Evasion Items Clause: Evasion items are banned\n|rule|Evasion Moves Clause: Evasion moves are banned\n|rule|Endless Battle Clause: Forcing endless battles is banned\n|rule|HP Percentage Mod: HP is shown in percentages\n|clearpoke\n|poke|p1|Dragapult, M|\n|poke|p1|Dragonite, M|\n|poke|p1|Ursaluna, M|\n|poke|p1|Alomomola, F|\n|poke|p1|Slowking-Galar, M|\n|poke|p1|Great Tusk|\n|poke|p2|Rillaboom, F|\n|poke|p2|Sneasler, F|\n|poke|p2|Manaphy|\n|poke|p2|Heatran, M|\n|poke|p2|Hatterene, F|\n|poke|p2|Great Tusk|\n|teampreview\n|inactive|Battle timer is ON: inactive players will automatically lose when time's up. (requested by Haou29)\n|\n|t:|1700201818\n|start\n|switch|p1a: Diplo|Dragapult, M|100\/100\n|switch|p2a: Heatran|Heatran, M|100\/100\n|-item|p2a: Heatran|Air Balloon\n|turn|1\n|\n|t:|1700201833\n|move|p1a: Diplo|U-turn|p2a: Heatran\n|-resisted|p2a: Heatran\n|-crit|p2a: Heatran\n|-damage|p2a: Heatran|95\/100\n|-enditem|p2a: Heatran|Air Balloon\n|\n|t:|1700201848\n|switch|p1a: Ponyo|Alomomola, F|100\/100|[from] U-turn\n|move|p2a: Heatran|Stealth Rock|p1a: Ponyo\n|-sidestart|p1: Charmalane|move: Stealth Rock\n|\n|upkeep\n|turn|2\n|\n|t:|1700201855\n|switch|p2a: Rillaboom|Rillaboom, F|100\/100\n|-fieldstart|move: Grassy Terrain|[from] ability: Grassy Surge|[of] p2a: Rillaboom\n|move|p1a: Ponyo|Flip Turn|p2a: Rillaboom\n|-resisted|p2a: Rillaboom\n|-damage|p2a: Rillaboom|93\/100\n|\n|t:|1700201871\n|switch|p1a: Jade|Dragonite, M, shiny|100\/100|[from] Flip Turn\n|\n|-heal|p2a: Rillaboom|99\/100|[from] Grassy Terrain\n|upkeep\n|turn|3\n|\n|t:|1700201876\n|move|p1a: Jade|Dragon Dance|p1a: Jade\n|-boost|p1a: Jade|atk|1\n|-boost|p1a: Jade|spe|1\n|move|p2a: Rillaboom|Knock Off|p1a: Jade\n|-damage|p1a: Jade|74\/100\n|-enditem|p1a: Jade|Heavy-Duty Boots|[from] move: Knock Off|[of] p2a: Rillaboom\n|\n|-heal|p2a: Rillaboom|100\/100|[from] Grassy Terrain\n|upkeep\n|turn|4\n|\n|t:|1700201884\n|switch|p2a: Heatran|Heatran, M|95\/100\n|move|p1a: Jade|Dragon Dance|p1a: Jade\n|-boost|p1a: Jade|atk|1\n|-boost|p1a: Jade|spe|1\n|\n|-heal|p2a: Heatran|100\/100|[from] Grassy Terrain\n|upkeep\n|turn|5\n|\n|t:|1700201892\n|move|p1a: Jade|Earthquake|p2a: Heatran\n|-supereffective|p2a: Heatran\n|-damage|p2a: Heatran|0 fnt\n|faint|p2a: Heatran\n|\n|upkeep\n|\n|t:|1700201895\n|switch|p2a: Hatterene|Hatterene, F|100\/100\n|-enditem|p2a: Hatterene|Grassy Seed\n|-boost|p2a: Hatterene|def|1|[from] item: Grassy Seed\n|turn|6\n|\n|t:|1700201906\n|-terastallize|p1a: Jade|Normal\n|move|p1a: Jade|Extreme Speed|p2a: Hatterene\n|-damage|p2a: Hatterene|49\/100\n|move|p2a: Hatterene|Calm Mind|p2a: Hatterene\n|-boost|p2a: Hatterene|spa|1\n|-boost|p2a: Hatterene|spd|1\n|\n|-heal|p1a: Jade|80\/100|[from] Grassy Terrain\n|-heal|p2a: Hatterene|55\/100|[from] Grassy Terrain\n|-fieldend|move: Grassy Terrain\n|upkeep\n|turn|7\n|\n|t:|1700201916\n|move|p1a: Jade|Extreme Speed|p2a: Hatterene\n|-damage|p2a: Hatterene|7\/100\n|move|p2a: Hatterene|Stored Power|p1a: Jade\n|-damage|p1a: Jade|23\/100\n|\n|upkeep\n|turn|8\n|\n|t:|1700201923\n|move|p1a: Jade|Earthquake|p2a: Hatterene\n|-damage|p2a: Hatterene|0 fnt\n|faint|p2a: Hatterene\n|\n|upkeep\n|\n|t:|1700201926\n|switch|p2a: Rillaboom|Rillaboom, F|100\/100\n|-fieldstart|move: Grassy Terrain|[from] ability: Grassy Surge|[of] p2a: Rillaboom\n|turn|9\n|\n|t:|1700201930\n|move|p1a: Jade|Extreme Speed|p2a: Rillaboom\n|-damage|p2a: Rillaboom|13\/100\n|move|p2a: Rillaboom|Grassy Glide|p1a: Jade\n|-damage|p1a: Jade|0 fnt\n|faint|p1a: Jade\n|\n|-heal|p2a: Rillaboom|19\/100|[from] Grassy Terrain\n|upkeep\n|\n|t:|1700201946\n|switch|p1a: Diplo|Dragapult, M|100\/100\n|-damage|p1a: Diplo|88\/100|[from] Stealth Rock\n|turn|10\n|\n|t:|1700201954\n|move|p2a: Rillaboom|Grassy Glide|p1a: Diplo\n|-resisted|p1a: Diplo\n|-damage|p1a: Diplo|47\/100\n|move|p1a: Diplo|Shadow Ball|p2a: Rillaboom\n|-damage|p2a: Rillaboom|0 fnt\n|faint|p2a: Rillaboom\n|\n|-heal|p1a: Diplo|53\/100|[from] Grassy Terrain\n|upkeep\n|\n|t:|1700201964\n|switch|p2a: Sneasler|Sneasler, F|100\/100\n|-enditem|p2a: Sneasler|Grassy Seed\n|-boost|p2a: Sneasler|def|1|[from] item: Grassy Seed\n|turn|11\n|\n|t:|1700201976\n|move|p2a: Sneasler|Swords Dance|p2a: Sneasler\n|-boost|p2a: Sneasler|atk|2\n|move|p1a: Diplo|Shadow Ball|p2a: Sneasler\n|-damage|p2a: Sneasler|39\/100\n|\n|-heal|p2a: Sneasler|45\/100|[from] Grassy Terrain\n|-heal|p1a: Diplo|59\/100|[from] Grassy Terrain\n|upkeep\n|turn|12\n|\n|t:|1700201986\n|switch|p1a: Ponyo|Alomomola, F|100\/100\n|-damage|p1a: Ponyo|88\/100|[from] Stealth Rock\n|move|p2a: Sneasler|Night Slash|p1a: Ponyo\n|-crit|p1a: Ponyo\n|-damage|p1a: Ponyo|42\/100\n|-damage|p2a: Sneasler|29\/100|[from] item: Rocky Helmet|[of] p1a: Ponyo\n|\n|-heal|p2a: Sneasler|35\/100|[from] Grassy Terrain\n|-heal|p1a: Ponyo|48\/100|[from] Grassy Terrain\n|upkeep\n|turn|13\n|\n|t:|1700202001\n|move|p2a: Sneasler|Close Combat|p1a: Ponyo\n|-damage|p1a: Ponyo|0 fnt\n|-unboost|p2a: Sneasler|def|1\n|-unboost|p2a: Sneasler|spd|1\n|-damage|p2a: Sneasler|18\/100|[from] item: Rocky Helmet|[of] p1a: Ponyo\n|faint|p1a: Ponyo\n|\n|-heal|p2a: Sneasler|25\/100|[from] Grassy Terrain\n|-fieldend|move: Grassy Terrain\n|upkeep\n|\n|t:|1700202004\n|switch|p1a: Tembo|Great Tusk|100\/100\n|turn|14\n|\n|t:|1700202012\n|move|p2a: Sneasler|Close Combat|p1a: Tembo\n|-damage|p1a: Tembo|39\/100\n|-unboost|p2a: Sneasler|def|1\n|-unboost|p2a: Sneasler|spd|1\n|move|p1a: Tembo|Earthquake|p2a: Sneasler\n|-supereffective|p2a: Sneasler\n|-damage|p2a: Sneasler|0 fnt\n|faint|p2a: Sneasler\n|\n|upkeep\n|\n|t:|1700202016\n|switch|p2a: Manaphy|Manaphy, shiny|100\/100\n|turn|15\n|\n|t:|1700202025\n|-end|p1a: Tembo|Protosynthesis|[silent]\n|switch|p1a: Banjo|Ursaluna, M|100\/100\n|-damage|p1a: Banjo|94\/100|[from] Stealth Rock\n|move|p2a: Manaphy|Acid Armor|p2a: Manaphy\n|-boost|p2a: Manaphy|def|2\n|\n|-status|p1a: Banjo|brn|[from] item: Flame Orb\n|upkeep\n|turn|16\n|\n|t:|1700202035\n|move|p2a: Manaphy|Take Heart|p2a: Manaphy\n|-boost|p2a: Manaphy|spa|1\n|-boost|p2a: Manaphy|spd|1\n|move|p1a: Banjo|Facade|p2a: Manaphy\n|-damage|p2a: Manaphy|60\/100\n|\n|-heal|p2a: Manaphy|66\/100|[from] item: Leftovers\n|-damage|p1a: Banjo|88\/100 brn|[from] brn\n|upkeep\n|turn|17\n|\n|t:|1700202041\n|move|p2a: Manaphy|Scald|p1a: Banjo\n|-supereffective|p1a: Banjo\n|-damage|p1a: Banjo|4\/100 brn\n|move|p1a: Banjo|Facade|p2a: Manaphy\n|-damage|p2a: Manaphy|24\/100\n|\n|-heal|p2a: Manaphy|30\/100|[from] item: Leftovers\n|-damage|p1a: Banjo|0 fnt|[from] brn\n|faint|p1a: Banjo\n|upkeep\n|\n|t:|1700202048\n|switch|p1a: Diplo|Dragapult, M|59\/100\n|-damage|p1a: Diplo|47\/100|[from] Stealth Rock\n|turn|18\n|inactive|Charmalane has 120 seconds left.\n|\n|t:|1700202083\n|move|p1a: Diplo|Draco Meteor|p2a: Manaphy\n|-damage|p2a: Manaphy|0 fnt\n|-unboost|p1a: Diplo|spa|2\n|faint|p2a: Manaphy\n|\n|upkeep\n|-message|Haou29 forfeited.\n|\n|win|Charmalane\n|raw|Charmalane's rating: 1509 &rarr; <strong>1526<\/strong><br \/>(+17 for winning)\n|raw|Haou29's rating: 1457 &rarr; <strong>1440<\/strong><br \/>(-17 for losing)\n|l|\u2606Haou29\n","uploadtime":1700202093,"views":7,"p1id":"charmalane","p2id":"haou29","formatid":"gen9ou","rating":1440,"private":0,"password":""}