{"id":"gen9ou-1993167721","p1":"smugvillager","p2":"desertdoggo","format":"[Gen 9] OU","log":"|j|\u2606smugvillager\n|j|\u2606desertdoggo\n|t:|1700273025\n|gametype|singles\n|player|p1|smugvillager|102|\n|player|p2|desertdoggo|169|\n|teamsize|p1|6\n|teamsize|p2|6\n|gen|9\n|tier|[Gen 9] OU\n|rule|Sleep Clause Mod: Limit one foe put to sleep\n|rule|Species Clause: Limit one of each Pok\u00e9mon\n|rule|OHKO Clause: OHKO moves are banned\n|rule|Evasion Items Clause: Evasion items are banned\n|rule|Evasion Moves Clause: Evasion moves are banned\n|rule|Endless Battle Clause: Forcing endless battles is banned\n|rule|HP Percentage Mod: HP is shown in percentages\n|clearpoke\n|poke|p1|Rotom-Wash|\n|poke|p1|Scream Tail|\n|poke|p1|Lycanroc, F|\n|poke|p1|Iron Valiant|\n|poke|p1|Kingambit, F|\n|poke|p1|Toedscruel, F|\n|poke|p2|Ogerpon-Wellspring, F|\n|poke|p2|Staraptor, M|\n|poke|p2|Sandy Shocks|\n|poke|p2|Ceruledge, F|\n|poke|p2|Grimmsnarl, M|\n|poke|p2|Kricketune, F|\n|teampreview\n|j| Track Jacket\n|c| Track Jacket|play server?\n|c|\u2606desertdoggo|idk if we wait for peeps or just go\n|c| Track Jacket|it was working for me earlier so it might be good\n|c|\u2606smugvillager|if i lose fast enough, Alex will never know\n|c| Track Jacket|all Alexs are telepathic so he'll know\n|\n|t:|1700273211\n|start\n|switch|p1a: Scream Tail|Scream Tail|100\/100\n|switch|p2a: Ogerpon|Ogerpon-Wellspring, F|100\/100\n|turn|1\n|c| Track Jacket|since i'm also alex\n|\n|t:|1700273265\n|move|p2a: Ogerpon|Ivy Cudgel|p1a: Scream Tail|[anim] Ivy Cudgel Water\n|-damage|p1a: Scream Tail|69\/100\n|move|p1a: Scream Tail|Stealth Rock|p2a: Ogerpon\n|-sidestart|p2: desertdoggo|move: Stealth Rock\n|\n|-heal|p1a: Scream Tail|76\/100|[from] item: Leftovers\n|upkeep\n|turn|2\n|c| Track Jacket|you both lose automatically\n|c| Track Jacket|you didn't name them\n|c| Track Jacket|nah jk but STILL\n|c|\u2606desertdoggo|ffff i knew i forgot something\n|c| Track Jacket|lol it's all good.\n|\n|t:|1700273314\n|move|p2a: Ogerpon|Swords Dance|p2a: Ogerpon\n|-boost|p2a: Ogerpon|atk|2\n|move|p1a: Scream Tail|Dazzling Gleam|p2a: Ogerpon\n|-damage|p2a: Ogerpon|81\/100\n|\n|-heal|p1a: Scream Tail|82\/100|[from] item: Leftovers\n|upkeep\n|turn|3\n|\n|t:|1700273324\n|move|p2a: Ogerpon|Ivy Cudgel|p1a: Scream Tail|[anim] Ivy Cudgel Water\n|-damage|p1a: Scream Tail|14\/100\n|move|p1a: Scream Tail|Dazzling Gleam|p2a: Ogerpon\n|-damage|p2a: Ogerpon|59\/100\n|\n|-heal|p1a: Scream Tail|20\/100|[from] item: Leftovers\n|upkeep\n|turn|4\n|\n|t:|1700273332\n|move|p2a: Ogerpon|Ivy Cudgel|p1a: Scream Tail|[anim] Ivy Cudgel Water\n|-damage|p1a: Scream Tail|0 fnt\n|faint|p1a: Scream Tail\n|-end|p1a: Scream Tail|Protosynthesis|[silent]\n|\n|upkeep\n|\n|t:|1700273425\n|switch|p1a: Lycanroc|Lycanroc, F|100\/100\n|turn|5\n|\n|t:|1700273464\n|switch|p2a: Kricketune|Kricketune, F|100\/100\n|-damage|p2a: Kricketune|76\/100|[from] Stealth Rock\n|move|p1a: Lycanroc|Swords Dance|p1a: Lycanroc\n|-boost|p1a: Lycanroc|atk|2\n|\n|upkeep\n|turn|6\n|\n|t:|1700273481\n|move|p1a: Lycanroc|Accelerock|p2a: Kricketune\n|-supereffective|p2a: Kricketune\n|-damage|p2a: Kricketune|0 fnt\n|faint|p2a: Kricketune\n|\n|upkeep\n|\n|t:|1700273506\n|switch|p2a: Staraptor|Staraptor, M|100\/100\n|-damage|p2a: Staraptor|76\/100|[from] Stealth Rock\n|turn|7\n|c|\u2606smugvillager|scream tail for kricketune. I feel like I'm definitely up\n|\n|t:|1700273520\n|-terastallize|p2a: Staraptor|Fighting\n|move|p1a: Lycanroc|Accelerock|p2a: Staraptor\n|-resisted|p2a: Staraptor\n|-damage|p2a: Staraptor|46\/100\n|move|p2a: Staraptor|Close Combat|p1a: Lycanroc\n|-supereffective|p1a: Lycanroc\n|-enditem|p1a: Lycanroc|Focus Sash\n|-damage|p1a: Lycanroc|1\/100\n|-unboost|p2a: Staraptor|def|1\n|-unboost|p2a: Staraptor|spd|1\n|\n|upkeep\n|turn|8\n|c| Track Jacket|lol\n|\n|t:|1700273566\n|move|p1a: Lycanroc|Accelerock|p2a: Staraptor\n|-resisted|p2a: Staraptor\n|-damage|p2a: Staraptor|2\/100\n|move|p2a: Staraptor|Close Combat|p1a: Lycanroc\n|-supereffective|p1a: Lycanroc\n|-damage|p1a: Lycanroc|0 fnt\n|-unboost|p2a: Staraptor|def|1\n|-unboost|p2a: Staraptor|spd|1\n|faint|p1a: Lycanroc\n|\n|upkeep\n|\n|t:|1700273575\n|switch|p1a: Kingambit|Kingambit, F|100\/100\n|-activate|p1a: Kingambit|ability: Supreme Overlord\n|-start|p1a: Kingambit|fallen2|[silent]\n|turn|9\n|\n|t:|1700273619\n|move|p1a: Kingambit|Sucker Punch|p2a: Staraptor\n|-resisted|p2a: Staraptor\n|-damage|p2a: Staraptor|0 fnt\n|faint|p2a: Staraptor\n|\n|upkeep\n|\n|t:|1700273636\n|switch|p2a: Sandy Shocks|Sandy Shocks|100\/100\n|-damage|p2a: Sandy Shocks|94\/100|[from] Stealth Rock\n|turn|10\n|\n|t:|1700273669\n|-end|p1a: Kingambit|fallen2|[silent]\n|switch|p1a: Toedscruel|Toedscruel, F|100\/100\n|move|p2a: Sandy Shocks|Volt Switch|p1a: Toedscruel\n|-immune|p1a: Toedscruel\n|\n|-heal|p2a: Sandy Shocks|100\/100|[from] item: Leftovers\n|upkeep\n|turn|11\n|\n|t:|1700273700\n|-end|p2a: Sandy Shocks|Protosynthesis|[silent]\n|switch|p2a: Ogerpon|Ogerpon-Wellspring, F|59\/100\n|-damage|p2a: Ogerpon|47\/100|[from] Stealth Rock\n|move|p1a: Toedscruel|Knock Off|p2a: Ogerpon\n|-damage|p2a: Ogerpon|32\/100\n|\n|upkeep\n|turn|12\n|c| Track Jacket|the power\n|\n|t:|1700273757\n|move|p2a: Ogerpon|Ivy Cudgel|p1a: Toedscruel|[anim] Ivy Cudgel Water\n|-damage|p1a: Toedscruel|20\/100\n|move|p1a: Toedscruel|Spore|p2a: Ogerpon\n|-immune|p2a: Ogerpon\n|\n|-heal|p1a: Toedscruel|26\/100|[from] item: Leftovers\n|upkeep\n|turn|13\n|c| Track Jacket|power struggle i mean\n|\n|t:|1700273780\n|move|p2a: Ogerpon|Ivy Cudgel|p1a: Toedscruel|[anim] Ivy Cudgel Water\n|-crit|p1a: Toedscruel\n|-damage|p1a: Toedscruel|0 fnt\n|faint|p1a: Toedscruel\n|\n|upkeep\n|\n|t:|1700273786\n|switch|p1a: Iron Valiant|Iron Valiant|100\/100\n|-enditem|p1a: Iron Valiant|Booster Energy\n|-activate|p1a: Iron Valiant|ability: Quark Drive|[fromitem]\n|-start|p1a: Iron Valiant|quarkdrivespe\n|turn|14\n|c| Track Jacket|iron vibes\n|\n|t:|1700273820\n|move|p1a: Iron Valiant|Spirit Break|p2a: Ogerpon\n|-damage|p2a: Ogerpon|0 fnt\n|faint|p2a: Ogerpon\n|\n|upkeep\n|c|\u2606smugvillager|i was wondering what crazy anti-sleep tech you were running then remembered it was a grass type\n|\n|t:|1700273876\n|switch|p2a: Grimmsnarl|Grimmsnarl, M|100\/100\n|-damage|p2a: Grimmsnarl|88\/100|[from] Stealth Rock\n|turn|15\n|c| Track Jacket|lol if you told me you were expecting a switch i would've believed you.\n|\n|t:|1700273906\n|-end|p1a: Iron Valiant|Quark Drive|[silent]\n|switch|p1a: Rotom|Rotom-Wash|100\/100\n|move|p2a: Grimmsnarl|Parting Shot|p1a: Rotom\n|-unboost|p1a: Rotom|atk|1\n|-unboost|p1a: Rotom|spa|1\n|\n|t:|1700273930\n|switch|p2a: Sandy Shocks|Sandy Shocks|100\/100|[from] Parting Shot\n|-damage|p2a: Sandy Shocks|94\/100|[from] Stealth Rock\n|\n|-heal|p2a: Sandy Shocks|100\/100|[from] item: Leftovers\n|upkeep\n|turn|16\n|\n|t:|1700273986\n|move|p2a: Sandy Shocks|Volt Switch|p1a: Rotom\n|-damage|p1a: Rotom|64\/100\n|\n|t:|1700273990\n|-end|p2a: Sandy Shocks|Protosynthesis|[silent]\n|switch|p2a: Grimmsnarl|Grimmsnarl, M|88\/100|[from] Volt Switch\n|-damage|p2a: Grimmsnarl|75\/100|[from] Stealth Rock\n|move|p1a: Rotom|Hydro Pump|p2a: Grimmsnarl\n|-damage|p2a: Grimmsnarl|52\/100\n|\n|upkeep\n|turn|17\n|\n|t:|1700274005\n|move|p1a: Rotom|Hydro Pump|p2a: Grimmsnarl\n|-damage|p2a: Grimmsnarl|28\/100\n|move|p2a: Grimmsnarl|Play Rough|p1a: Rotom\n|-damage|p1a: Rotom|22\/100\n|\n|upkeep\n|turn|18\n|\n|t:|1700274060\n|move|p2a: Grimmsnarl|Rest|p2a: Grimmsnarl\n|-status|p2a: Grimmsnarl|slp|[from] move: Rest\n|-heal|p2a: Grimmsnarl|100\/100 slp|[silent]\n|-enditem|p2a: Grimmsnarl|Chesto Berry|[eat]\n|-curestatus|p2a: Grimmsnarl|slp|[msg]\n|move|p1a: Rotom|Hydro Pump|p2a: Grimmsnarl|[miss]\n|-miss|p1a: Rotom|p2a: Grimmsnarl\n|\n|upkeep\n|turn|19\n|\n|t:|1700274073\n|move|p1a: Rotom|Hydro Pump|p2a: Grimmsnarl\n|-damage|p2a: Grimmsnarl|79\/100\n|move|p2a: Grimmsnarl|Play Rough|p1a: Rotom\n|-damage|p1a: Rotom|0 fnt\n|faint|p1a: Rotom\n|\n|upkeep\n|\n|t:|1700274082\n|switch|p1a: Kingambit|Kingambit, F|100\/100\n|-activate|p1a: Kingambit|ability: Supreme Overlord\n|-start|p1a: Kingambit|fallen4|[silent]\n|turn|20\n|\n|t:|1700274090\n|move|p2a: Grimmsnarl|Drain Punch|p1a: Kingambit\n|-supereffective|p1a: Kingambit\n|-crit|p1a: Kingambit\n|-damage|p1a: Kingambit|0 fnt\n|-heal|p2a: Grimmsnarl|100\/100|[from] drain|[of] p1a: Kingambit\n|faint|p1a: Kingambit\n|-end|p1a: Kingambit|fallen4|[silent]\n|\n|upkeep\n|c|\u2606smugvillager|lol the crit\n|\n|t:|1700274099\n|switch|p1a: Iron Valiant|Iron Valiant|100\/100\n|turn|21\n|\n|t:|1700274122\n|move|p2a: Grimmsnarl|Parting Shot|p1a: Iron Valiant\n|-unboost|p1a: Iron Valiant|atk|1\n|-unboost|p1a: Iron Valiant|spa|1\n|\n|t:|1700274124\n|switch|p2a: Ceruledge|Ceruledge, F|100\/100|[from] Parting Shot\n|-damage|p2a: Ceruledge|76\/100|[from] Stealth Rock\n|move|p1a: Iron Valiant|Spirit Break|p2a: Ceruledge\n|-resisted|p2a: Ceruledge\n|-damage|p2a: Ceruledge|60\/100\n|-unboost|p2a: Ceruledge|spa|1\n|-ability|p2a: Ceruledge|Weak Armor|boost\n|-unboost|p2a: Ceruledge|def|1\n|-boost|p2a: Ceruledge|spe|2\n|\n|upkeep\n|turn|22\n|\n|t:|1700274143\n|-terastallize|p1a: Iron Valiant|Fighting\n|move|p2a: Ceruledge|Bitter Blade|p1a: Iron Valiant\n|-damage|p1a: Iron Valiant|18\/100\n|-heal|p2a: Ceruledge|100\/100|[from] drain|[of] p1a: Iron Valiant\n|-damage|p2a: Ceruledge|91\/100|[from] item: Life Orb\n|move|p1a: Iron Valiant|Shadow Claw|p2a: Ceruledge\n|-supereffective|p2a: Ceruledge\n|-damage|p2a: Ceruledge|34\/100\n|-ability|p2a: Ceruledge|Weak Armor|boost\n|-unboost|p2a: Ceruledge|def|1\n|-boost|p2a: Ceruledge|spe|2\n|\n|upkeep\n|turn|23\n|\n|t:|1700274155\n|move|p2a: Ceruledge|Bitter Blade|p1a: Iron Valiant\n|-damage|p1a: Iron Valiant|0 fnt\n|-heal|p2a: Ceruledge|43\/100|[from] drain|[of] p1a: Iron Valiant\n|faint|p1a: Iron Valiant\n|-end|p1a: Iron Valiant|Quark Drive|[silent]\n|-damage|p2a: Ceruledge|33\/100|[from] item: Life Orb\n|\n|win|desertdoggo\n|c|\u2606smugvillager|gg1\n|c|\u2606desertdoggo|gg\n|c| Track Jacket|damn pretty good battle\n|l|\u2606smugvillager\n|c| Track Jacket|are ypu posting it\n|c| Track Jacket|you\n|c|\u2606desertdoggo|i can\n|c|\u2606desertdoggo|oh i cant\n|c| Track Jacket|why not?\n|c|\u2606desertdoggo|dont have permission in tourney replays channel\n|c| Track Jacket|huh? weird one sec\n|c| Track Jacket|oh i think i did that so other people weren't misusing it. it's meant only for replays. i'll give you permission\n|c| Track Jacket|you have the floor\n|c|\u2606desertdoggo|its still ont letting me\n|c|\u2606desertdoggo|you can just post it itll be easier\n|c| Track Jacket|weird, i'll fix it later\n","uploadtime":1700274173,"views":31,"p1id":"smugvillager","p2id":"desertdoggo","formatid":"gen9ou","rating":0,"private":0,"password":""}