{"id":"gen9ou-1993624428","p1":"Dripsona","p2":"mathismathin","format":"[Gen 9] OU","log":"|j|\u2606Dripsona\n|j|\u2606mathismathin\n|t:|1700338752\n|gametype|singles\n|player|p1|Dripsona|cowgirl|1594\n|player|p2|mathismathin|nate|1791\n|teamsize|p1|6\n|teamsize|p2|6\n|gen|9\n|tier|[Gen 9] OU\n|rated|\n|rule|Sleep Clause Mod: Limit one foe put to sleep\n|rule|Species Clause: Limit one of each Pok\u00e9mon\n|rule|OHKO Clause: OHKO moves are banned\n|rule|Evasion Items Clause: Evasion items are banned\n|rule|Evasion Moves Clause: Evasion moves are banned\n|rule|Endless Battle Clause: Forcing endless battles is banned\n|rule|HP Percentage Mod: HP is shown in percentages\n|clearpoke\n|poke|p1|Lilligant-Hisui, F|\n|poke|p1|Torkoal, M|\n|poke|p1|Hatterene, F|\n|poke|p1|Ursaluna, F|\n|poke|p1|Walking Wake|\n|poke|p1|Iron Moth|\n|poke|p2|Wo-Chien|\n|poke|p2|Weezing-Galar, F|\n|poke|p2|Blissey, F|\n|poke|p2|Cyclizar, M|\n|poke|p2|Alomomola, F|\n|poke|p2|Corviknight, F|\n|teampreview\n|\n|t:|1700338765\n|start\n|switch|p1a: MMMMMM|Torkoal, M, shiny|100\/100\n|switch|p2a: Cyclizar|Cyclizar, M|100\/100\n|-weather|SunnyDay|[from] ability: Drought|[of] p1a: MMMMMM\n|turn|1\n|inactive|Battle timer is ON: inactive players will automatically lose when time's up. (requested by Dripsona)\n|\n|t:|1700338786\n|switch|p1a: Bop it|Hatterene, F|100\/100\n|move|p2a: Cyclizar|Knock Off|p1a: Bop it\n|-damage|p1a: Bop it|82\/100\n|-enditem|p1a: Bop it|Eject Button|[from] move: Knock Off|[of] p2a: Cyclizar\n|\n|-weather|SunnyDay|[upkeep]\n|upkeep\n|turn|2\n|\n|t:|1700338805\n|move|p2a: Cyclizar|U-turn|p1a: Bop it\n|-damage|p1a: Bop it|66\/100\n|\n|t:|1700338808\n|switch|p2a: Corviknight|Corviknight, F|100\/100|[from] U-turn\n|-ability|p2a: Corviknight|Pressure\n|move|p1a: Bop it|Nuzzle|p2a: Corviknight\n|-supereffective|p2a: Corviknight\n|-damage|p2a: Corviknight|94\/100\n|-status|p2a: Corviknight|par\n|\n|-weather|SunnyDay|[upkeep]\n|-heal|p2a: Corviknight|99\/100 par|[from] item: Leftovers\n|upkeep\n|turn|3\n|\n|t:|1700338813\n|switch|p1a: BBBBBBBB|Ursaluna, F|100\/100\n|move|p2a: Corviknight|Brave Bird|p1a: BBBBBBBB\n|-damage|p1a: BBBBBBBB|74\/100\n|-damage|p2a: Corviknight|91\/100 par|[from] Recoil\n|\n|-weather|SunnyDay|[upkeep]\n|-heal|p2a: Corviknight|97\/100 par|[from] item: Leftovers\n|-status|p1a: BBBBBBBB|brn|[from] item: Flame Orb\n|upkeep\n|turn|4\n|\n|t:|1700338824\n|switch|p2a: Wo-Chien|Wo-Chien|100\/100\n|-ability|p2a: Wo-Chien|Tablets of Ruin\n|move|p1a: BBBBBBBB|Fire Punch|p2a: Wo-Chien\n|-supereffective|p2a: Wo-Chien\n|-damage|p2a: Wo-Chien|34\/100\n|-status|p2a: Wo-Chien|brn\n|\n|-weather|SunnyDay|[upkeep]\n|-heal|p2a: Wo-Chien|40\/100 brn|[from] item: Leftovers\n|-damage|p2a: Wo-Chien|34\/100 brn|[from] brn\n|-damage|p1a: BBBBBBBB|68\/100 brn|[from] brn\n|upkeep\n|turn|5\n|\n|t:|1700338836\n|move|p2a: Wo-Chien|Reflect|p2a: Wo-Chien\n|-sidestart|p2: mathismathin|Reflect\n|move|p1a: BBBBBBBB|Facade|p2a: Wo-Chien\n|-damage|p2a: Wo-Chien|1\/100 brn\n|\n|-weather|SunnyDay|[upkeep]\n|-heal|p2a: Wo-Chien|7\/100 brn|[from] item: Leftovers\n|-damage|p2a: Wo-Chien|1\/100 brn|[from] brn\n|-damage|p1a: BBBBBBBB|62\/100 brn|[from] brn\n|upkeep\n|turn|6\n|\n|t:|1700338843\n|move|p2a: Wo-Chien|Foul Play|p1a: BBBBBBBB\n|-damage|p1a: BBBBBBBB|41\/100 brn\n|move|p1a: BBBBBBBB|Trailblaze|p2a: Wo-Chien\n|-resisted|p2a: Wo-Chien\n|-damage|p2a: Wo-Chien|0 fnt\n|-boost|p1a: BBBBBBBB|spe|1\n|faint|p2a: Wo-Chien\n|\n|-weather|SunnyDay|[upkeep]\n|-damage|p1a: BBBBBBBB|35\/100 brn|[from] brn\n|upkeep\n|\n|t:|1700338849\n|switch|p2a: Cyclizar|Cyclizar, M|100\/100\n|turn|7\n|\n|t:|1700338856\n|move|p2a: Cyclizar|Overheat|p1a: BBBBBBBB\n|-damage|p1a: BBBBBBBB|0 fnt\n|-unboost|p2a: Cyclizar|spa|2\n|faint|p1a: BBBBBBBB\n|\n|-weather|SunnyDay|[upkeep]\n|upkeep\n|\n|t:|1700338875\n|switch|p1a: Drop it|Walking Wake|100\/100\n|-activate|p1a: Drop it|ability: Protosynthesis\n|-start|p1a: Drop it|protosynthesisspa\n|turn|8\n|\n|t:|1700338884\n|-end|p1a: Drop it|Protosynthesis|[silent]\n|switch|p1a: Volc At Home|Lilligant-Hisui, F, shiny|100\/100\n|move|p2a: Cyclizar|U-turn|p1a: Volc At Home\n|-damage|p1a: Volc At Home|81\/100\n|\n|t:|1700338887\n|switch|p2a: Weezing|Weezing-Galar, F|100\/100|[from] U-turn\n|-ability|p2a: Weezing|Neutralizing Gas\n|\n|-weather|none\n|-heal|p1a: Volc At Home|87\/100|[from] item: Leftovers\n|upkeep\n|turn|9\n|\n|t:|1700338898\n|-terastallize|p1a: Volc At Home|Steel\n|move|p1a: Volc At Home|Victory Dance|p1a: Volc At Home\n|-boost|p1a: Volc At Home|atk|1\n|-boost|p1a: Volc At Home|def|1\n|-boost|p1a: Volc At Home|spe|1\n|move|p2a: Weezing|Sludge Bomb|p1a: Volc At Home\n|-immune|p1a: Volc At Home\n|\n|-heal|p1a: Volc At Home|93\/100|[from] item: Leftovers\n|-sideend|p2: mathismathin|Reflect\n|upkeep\n|turn|10\n|\n|t:|1700338913\n|move|p1a: Volc At Home|Victory Dance|p1a: Volc At Home\n|-boost|p1a: Volc At Home|atk|1\n|-boost|p1a: Volc At Home|def|1\n|-boost|p1a: Volc At Home|spe|1\n|move|p2a: Weezing|Will-O-Wisp|p1a: Volc At Home\n|-status|p1a: Volc At Home|brn\n|\n|-heal|p1a: Volc At Home|99\/100 brn|[from] item: Leftovers\n|-damage|p1a: Volc At Home|93\/100 brn|[from] brn\n|upkeep\n|turn|11\n|\n|t:|1700338919\n|-end|p2a: Weezing|ability: Neutralizing Gas\n|switch|p2a: Alomomola|Alomomola, F|100\/100\n|move|p1a: Volc At Home|Victory Dance|p1a: Volc At Home\n|-boost|p1a: Volc At Home|atk|1\n|-boost|p1a: Volc At Home|def|1\n|-boost|p1a: Volc At Home|spe|1\n|\n|-heal|p1a: Volc At Home|99\/100 brn|[from] item: Leftovers\n|-damage|p1a: Volc At Home|93\/100 brn|[from] brn\n|upkeep\n|turn|12\n|\n|t:|1700338926\n|move|p1a: Volc At Home|Ice Spinner|p2a: Alomomola\n|-resisted|p2a: Alomomola\n|-damage|p2a: Alomomola|90\/100\n|move|p2a: Alomomola|Flip Turn|p1a: Volc At Home\n|-damage|p1a: Volc At Home|84\/100 brn\n|\n|t:|1700338929\n|switch|p2a: Cyclizar|Cyclizar, M|100\/100|[from] Flip Turn\n|\n|-heal|p1a: Volc At Home|90\/100 brn|[from] item: Leftovers\n|-damage|p1a: Volc At Home|84\/100 brn|[from] brn\n|upkeep\n|turn|13\n|\n|t:|1700338936\n|-terastallize|p2a: Cyclizar|Fairy\n|move|p1a: Volc At Home|Close Combat|p2a: Cyclizar\n|-resisted|p2a: Cyclizar\n|-damage|p2a: Cyclizar|47\/100\n|-unboost|p1a: Volc At Home|def|1\n|-unboost|p1a: Volc At Home|spd|1\n|move|p2a: Cyclizar|Overheat|p1a: Volc At Home\n|-supereffective|p1a: Volc At Home\n|-damage|p1a: Volc At Home|0 fnt\n|-unboost|p2a: Cyclizar|spa|2\n|faint|p1a: Volc At Home\n|\n|upkeep\n|c|\u2606Dripsona|gg\n|-message|Dripsona forfeited.\n|\n|win|mathismathin\n|raw|Dripsona's rating: 1594 &rarr; <strong>1584<\/strong><br \/>(-10 for losing)\n|raw|mathismathin's rating: 1777 &rarr; <strong>1787<\/strong><br \/>(+10 for winning)\n|l|\u2606Dripsona\n|c|\u2606mathismathin|gg\n","uploadtime":1700338944,"views":8,"p1id":"dripsona","p2id":"mathismathin","formatid":"gen9ou","rating":1584,"private":0,"password":""}