{"id":"gen9ou-1997710968","p1":"dark22tj","p2":"OhLookARock3","format":"[Gen 9] OU","log":"|j|\u2606dark22tj\n|j|\u2606OhLookARock3\n|t:|1700844445\n|gametype|singles\n|player|p1|dark22tj|2|1452\n|player|p2|OhLookARock3|lady|1452\n|teamsize|p1|6\n|teamsize|p2|6\n|gen|9\n|tier|[Gen 9] OU\n|rated|\n|rule|Sleep Clause Mod: Limit one foe put to sleep\n|rule|Species Clause: Limit one of each Pok\u00e9mon\n|rule|OHKO Clause: OHKO moves are banned\n|rule|Evasion Items Clause: Evasion items are banned\n|rule|Evasion Moves Clause: Evasion moves are banned\n|rule|Endless Battle Clause: Forcing endless battles is banned\n|rule|HP Percentage Mod: HP is shown in percentages\n|clearpoke\n|poke|p1|Hatterene, F|\n|poke|p1|Cinderace, F|\n|poke|p1|Zapdos|\n|poke|p1|Samurott-Hisui, F|\n|poke|p1|Dragapult, M|\n|poke|p1|Ting-Lu|\n|poke|p2|Ribombee, F|\n|poke|p2|Great Tusk|\n|poke|p2|Gholdengo|\n|poke|p2|Zapdos|\n|poke|p2|Kingambit, F|\n|poke|p2|Enamorus, F|\n|teampreview\n|inactive|Battle timer is ON: inactive players will automatically lose when time's up. (requested by OhLookARock3)\n|c|\u2606OhLookARock3|glhf!\n|\n|t:|1700844464\n|start\n|switch|p1a: Hatterene|Hatterene, F|100\/100\n|switch|p2a: Wriggle|Ribombee, F, shiny|100\/100\n|turn|1\n|\n|t:|1700844467\n|move|p2a: Wriggle|Moonblast|p1a: Hatterene\n|-damage|p1a: Hatterene|63\/100\n|-unboost|p1a: Hatterene|spa|1\n|move|p1a: Hatterene|Nuzzle|p2a: Wriggle\n|-damage|p2a: Wriggle|93\/100\n|\n|-heal|p1a: Hatterene|69\/100|[from] item: Leftovers\n|upkeep\n|turn|2\n|\n|t:|1700844481\n|switch|p2a: Iku|Zapdos|100\/100\n|switch|p1a: Cinderace|Cinderace, F|100\/100\n|\n|upkeep\n|turn|3\n|\n|t:|1700844487\n|move|p1a: Cinderace|Pyro Ball|p2a: Iku\n|-damage|p2a: Iku|29\/100\n|move|p2a: Iku|Hurricane|p1a: Cinderace\n|-damage|p1a: Cinderace|20\/100\n|\n|upkeep\n|turn|4\n|\n|t:|1700844494\n|move|p1a: Cinderace|Pyro Ball|p2a: Iku\n|-damage|p2a: Iku|0 fnt\n|faint|p2a: Iku\n|\n|upkeep\n|\n|t:|1700844497\n|switch|p2a: Wriggle|Ribombee, F, shiny|93\/100\n|turn|5\n|\n|t:|1700844505\n|switch|p1a: Hatterene|Hatterene, F|69\/100\n|move|p2a: Wriggle|Psychic|p1a: Hatterene\n|-resisted|p1a: Hatterene\n|-damage|p1a: Hatterene|57\/100\n|\n|-heal|p1a: Hatterene|63\/100|[from] item: Leftovers\n|upkeep\n|turn|6\n|\n|t:|1700844518\n|switch|p2a: Chimata|Gholdengo|100\/100\n|-item|p2a: Chimata|Air Balloon\n|move|p1a: Hatterene|Calm Mind|p1a: Hatterene\n|-boost|p1a: Hatterene|spa|1\n|-boost|p1a: Hatterene|spd|1\n|\n|-heal|p1a: Hatterene|69\/100|[from] item: Leftovers\n|upkeep\n|turn|7\n|\n|t:|1700844526\n|-terastallize|p1a: Hatterene|Water\n|move|p2a: Chimata|Nasty Plot|p2a: Chimata\n|-boost|p2a: Chimata|spa|2\n|move|p1a: Hatterene|Nuzzle|p2a: Chimata\n|-damage|p2a: Chimata|95\/100\n|-status|p2a: Chimata|par\n|-enditem|p2a: Chimata|Air Balloon\n|\n|-heal|p1a: Hatterene|75\/100|[from] item: Leftovers\n|upkeep\n|turn|8\n|\n|t:|1700844539\n|switch|p1a: Cinderace|Cinderace, F|20\/100\n|move|p2a: Chimata|Shadow Ball|p1a: Cinderace\n|-damage|p1a: Cinderace|0 fnt\n|faint|p1a: Cinderace\n|\n|upkeep\n|\n|t:|1700844543\n|switch|p1a: Samurott|Samurott-Hisui, F|100\/100\n|turn|9\n|\n|t:|1700844553\n|switch|p2a: Yuugi|Great Tusk|100\/100\n|-enditem|p2a: Yuugi|Booster Energy\n|-activate|p2a: Yuugi|ability: Protosynthesis|[fromitem]\n|-start|p2a: Yuugi|protosynthesisspe\n|move|p1a: Samurott|Ceaseless Edge|p2a: Yuugi\n|-resisted|p2a: Yuugi\n|-damage|p2a: Yuugi|88\/100\n|-sidestart|p2: OhLookARock3|Spikes\n|\n|upkeep\n|turn|10\n|\n|t:|1700844561\n|move|p2a: Yuugi|Bulk Up|p2a: Yuugi\n|-boost|p2a: Yuugi|atk|1\n|-boost|p2a: Yuugi|def|1\n|move|p1a: Samurott|Aqua Cutter|p2a: Yuugi\n|-supereffective|p2a: Yuugi\n|-crit|p2a: Yuugi\n|-damage|p2a: Yuugi|3\/100\n|\n|upkeep\n|turn|11\n|\n|t:|1700844568\n|move|p1a: Samurott|Sucker Punch|p2a: Yuugi\n|-resisted|p2a: Yuugi\n|-damage|p2a: Yuugi|0 fnt\n|faint|p2a: Yuugi\n|-end|p2a: Yuugi|Protosynthesis|[silent]\n|\n|upkeep\n|\n|t:|1700844573\n|switch|p2a: Wriggle|Ribombee, F, shiny|93\/100\n|-damage|p2a: Wriggle|81\/100|[from] Spikes\n|turn|12\n|\n|t:|1700844587\n|switch|p1a: Hatterene|Hatterene, F, tera:Water|75\/100\n|move|p2a: Wriggle|Moonblast|p1a: Hatterene\n|-damage|p1a: Hatterene|34\/100\n|\n|-heal|p1a: Hatterene|40\/100|[from] item: Leftovers\n|upkeep\n|turn|13\n|\n|t:|1700844594\n|move|p2a: Wriggle|Moonblast|p1a: Hatterene\n|-damage|p1a: Hatterene|3\/100\n|move|p1a: Hatterene|Draining Kiss|p2a: Wriggle\n|-damage|p2a: Wriggle|38\/100\n|-heal|p1a: Hatterene|30\/100|[from] drain|[of] p2a: Wriggle\n|\n|-heal|p1a: Hatterene|36\/100|[from] item: Leftovers\n|upkeep\n|turn|14\n|\n|t:|1700844622\n|switch|p1a: Zapdos|Zapdos|100\/100\n|move|p2a: Wriggle|Moonblast|p1a: Zapdos\n|-damage|p1a: Zapdos|61\/100\n|\n|upkeep\n|turn|15\n|\n|t:|1700844630\n|switch|p1a: Hatterene|Hatterene, F, tera:Water|36\/100\n|move|p2a: Wriggle|Sticky Web|p1a: Hatterene\n|move|p1a: Hatterene|Sticky Web|p2a: Wriggle|[from]ability: Magic Bounce\n|-sidestart|p2: OhLookARock3|move: Sticky Web\n|\n|-heal|p1a: Hatterene|42\/100|[from] item: Leftovers\n|upkeep\n|turn|16\n|\n|t:|1700844636\n|move|p2a: Wriggle|Moonblast|p1a: Hatterene\n|-damage|p1a: Hatterene|4\/100\n|move|p1a: Hatterene|Draining Kiss|p2a: Wriggle\n|-damage|p2a: Wriggle|0 fnt\n|-heal|p1a: Hatterene|27\/100|[from] drain|[of] p2a: Wriggle\n|faint|p2a: Wriggle\n|\n|-heal|p1a: Hatterene|33\/100|[from] item: Leftovers\n|upkeep\n|\n|t:|1700844644\n|switch|p2a: Yukari|Enamorus, F|100\/100\n|turn|17\n|\n|t:|1700844652\n|move|p2a: Yukari|Moonblast|p1a: Hatterene\n|-damage|p1a: Hatterene|0 fnt\n|faint|p1a: Hatterene\n|\n|upkeep\n|\n|t:|1700844670\n|switch|p1a: Ting-Lu|Ting-Lu|100\/100\n|-ability|p1a: Ting-Lu|Vessel of Ruin\n|turn|18\n|\n|t:|1700844675\n|switch|p2a: Chimata|Gholdengo|95\/100 par\n|-damage|p2a: Chimata|83\/100 par|[from] Spikes\n|-activate|p2a: Chimata|move: Sticky Web\n|-unboost|p2a: Chimata|spe|1\n|move|p1a: Ting-Lu|Ruination|p2a: Chimata\n|-damage|p2a: Chimata|42\/100 par\n|\n|upkeep\n|turn|19\n|\n|t:|1700844682\n|move|p1a: Ting-Lu|Stealth Rock|p2a: Chimata\n|-sidestart|p2: OhLookARock3|move: Stealth Rock\n|move|p2a: Chimata|Focus Blast|p1a: Ting-Lu\n|-supereffective|p1a: Ting-Lu\n|-damage|p1a: Ting-Lu|65\/100\n|\n|-heal|p1a: Ting-Lu|71\/100|[from] item: Leftovers\n|upkeep\n|turn|20\n|\n|t:|1700844688\n|move|p1a: Ting-Lu|Earthquake|p2a: Chimata\n|-supereffective|p2a: Chimata\n|-damage|p2a: Chimata|0 fnt\n|faint|p2a: Chimata\n|\n|-heal|p1a: Ting-Lu|78\/100|[from] item: Leftovers\n|upkeep\n|\n|t:|1700844696\n|switch|p2a: Zanmu|Kingambit, F|100\/100\n|-damage|p2a: Zanmu|88\/100|[from] Spikes\n|-activate|p2a: Zanmu|move: Sticky Web\n|-unboost|p2a: Zanmu|spe|1\n|-damage|p2a: Zanmu|82\/100|[from] Stealth Rock\n|-activate|p2a: Zanmu|ability: Supreme Overlord\n|-start|p2a: Zanmu|fallen4|[silent]\n|turn|21\n|\n|t:|1700844700\n|-terastallize|p2a: Zanmu|Flying\n|move|p2a: Zanmu|Swords Dance|p2a: Zanmu\n|-boost|p2a: Zanmu|atk|2\n|move|p1a: Ting-Lu|Ruination|p2a: Zanmu\n|-damage|p2a: Zanmu|41\/100\n|\n|-heal|p1a: Ting-Lu|84\/100|[from] item: Leftovers\n|upkeep\n|turn|22\n|\n|t:|1700844707\n|move|p2a: Zanmu|Tera Blast|p1a: Ting-Lu|[anim] Tera Blast Flying\n|-damage|p1a: Ting-Lu|6\/100\n|move|p1a: Ting-Lu|Whirlwind|p2a: Zanmu\n|-end|p2a: Zanmu|fallen4|[silent]\n|drag|p2a: Yukari|Enamorus, F|100\/100\n|-damage|p2a: Yukari|76\/100|[from] Stealth Rock\n|\n|-heal|p1a: Ting-Lu|12\/100|[from] item: Leftovers\n|upkeep\n|turn|23\n|\n|t:|1700844718\n|move|p2a: Yukari|Moonblast|p1a: Ting-Lu\n|-supereffective|p1a: Ting-Lu\n|-damage|p1a: Ting-Lu|0 fnt\n|faint|p1a: Ting-Lu\n|\n|upkeep\n|\n|t:|1700844727\n|switch|p1a: Dragapult|Dragapult, M|100\/100\n|turn|24\n|\n|t:|1700844730\n|move|p2a: Yukari|Moonblast|p1a: Dragapult\n|-supereffective|p1a: Dragapult\n|-damage|p1a: Dragapult|0 fnt\n|faint|p1a: Dragapult\n|\n|upkeep\n|\n|t:|1700844734\n|switch|p1a: Zapdos|Zapdos|61\/100\n|turn|25\n|\n|t:|1700844738\n|move|p2a: Yukari|Moonblast|p1a: Zapdos\n|-damage|p1a: Zapdos|13\/100\n|move|p1a: Zapdos|Hurricane|p2a: Yukari\n|-damage|p2a: Yukari|15\/100\n|-start|p2a: Yukari|confusion\n|\n|upkeep\n|turn|26\n|\n|t:|1700844744\n|-activate|p2a: Yukari|confusion\n|move|p2a: Yukari|Moonblast|p1a: Zapdos\n|-damage|p1a: Zapdos|0 fnt\n|faint|p1a: Zapdos\n|\n|upkeep\n|\n|t:|1700844746\n|switch|p1a: Samurott|Samurott-Hisui, F|100\/100\n|turn|27\n|\n|t:|1700844751\n|move|p1a: Samurott|Sucker Punch|p2a: Yukari\n|-resisted|p2a: Yukari\n|-damage|p2a: Yukari|0 fnt\n|faint|p2a: Yukari\n|\n|upkeep\n|\n|t:|1700844754\n|switch|p2a: Zanmu|Kingambit, F, tera:Flying|41\/100\n|-damage|p2a: Zanmu|17\/100|[from] Stealth Rock\n|-activate|p2a: Zanmu|ability: Supreme Overlord\n|-start|p2a: Zanmu|fallen5|[silent]\n|turn|28\n|\n|t:|1700844766\n|move|p2a: Zanmu|Sucker Punch|p1a: Samurott\n|-resisted|p1a: Samurott\n|-damage|p1a: Samurott|60\/100\n|move|p1a: Samurott|Aqua Cutter|p2a: Zanmu\n|-damage|p2a: Zanmu|0 fnt\n|faint|p2a: Zanmu\n|-end|p2a: Zanmu|fallen5|[silent]\n|\n|win|dark22tj\n|raw|dark22tj's rating: 1452 &rarr; <strong>1472<\/strong><br \/>(+20 for winning)\n|raw|OhLookARock3's rating: 1452 &rarr; <strong>1432<\/strong><br \/>(-20 for losing)\n|c|\u2606OhLookARock3|gg, wp!\n|c|\u2606dark22tj|ggz\n|l|\u2606OhLookARock3\n","uploadtime":1700844819,"views":8,"p1id":"dark22tj","p2id":"ohlookarock3","formatid":"gen9ou","rating":1432,"private":0,"password":""}