{"id":"gen9ou-1999630343","p1":"RiskYourLif3","p2":"Skaraptor2.1","format":"[Gen 9] OU","log":"|j|\u2606RiskYourLif3\n|j|\u2606Skaraptor2.1\n|t:|1701102786\n|gametype|singles\n|player|p1|RiskYourLif3|volkner|1299\n|player|p2|Skaraptor2.1|bodybuilderf-gen9|1350\n|teamsize|p1|6\n|teamsize|p2|6\n|gen|9\n|tier|[Gen 9] OU\n|rated|\n|rule|Sleep Clause Mod: Limit one foe put to sleep\n|rule|Species Clause: Limit one of each Pok\u00e9mon\n|rule|OHKO Clause: OHKO moves are banned\n|rule|Evasion Items Clause: Evasion items are banned\n|rule|Evasion Moves Clause: Evasion moves are banned\n|rule|Endless Battle Clause: Forcing endless battles is banned\n|rule|HP Percentage Mod: HP is shown in percentages\n|clearpoke\n|poke|p1|Iron Valiant|\n|poke|p1|Great Tusk|\n|poke|p1|Brute Bonnet|\n|poke|p1|Greninja-*, M|\n|poke|p1|Gholdengo|\n|poke|p1|Ogerpon-Wellspring, F|\n|poke|p2|Ribombee, M|\n|poke|p2|Ogerpon-Wellspring, F|\n|poke|p2|Gholdengo|\n|poke|p2|Zamazenta-*|\n|poke|p2|Iron Valiant|\n|poke|p2|Kingambit, F|\n|teampreview\n|inactive|Battle timer is ON: inactive players will automatically lose when time's up. (requested by Skaraptor2.1)\n|inactive|Skaraptor2.1 has 120 seconds left.\n|\n|t:|1701102824\n|start\n|switch|p1a: Gholdengo|Gholdengo|100\/100\n|switch|p2a: Twink|Ribombee, M|100\/100\n|-item|p1a: Gholdengo|Air Balloon\n|turn|1\n|\n|t:|1701102829\n|move|p2a: Twink|Sticky Web|p1a: Gholdengo\n|-sidestart|p1: RiskYourLif3|move: Sticky Web\n|move|p1a: Gholdengo|Make It Rain|p2a: Twink\n|-supereffective|p2a: Twink\n|-enditem|p2a: Twink|Focus Sash\n|-damage|p2a: Twink|1\/100\n|-unboost|p1a: Gholdengo|spa|1\n|\n|upkeep\n|turn|2\n|\n|t:|1701102833\n|move|p2a: Twink|Moonblast|p1a: Gholdengo\n|-resisted|p1a: Gholdengo\n|-damage|p1a: Gholdengo|83\/100\n|-enditem|p1a: Gholdengo|Air Balloon\n|move|p1a: Gholdengo|Shadow Ball|p2a: Twink\n|-damage|p2a: Twink|0 fnt\n|faint|p2a: Twink\n|\n|upkeep\n|\n|t:|1701102836\n|switch|p2a: HRT Prices|Gholdengo|100\/100\n|-item|p2a: HRT Prices|Air Balloon\n|turn|3\n|\n|t:|1701102840\n|switch|p1a: Brute Bonnet|Brute Bonnet|100\/100\n|-activate|p1a: Brute Bonnet|move: Sticky Web\n|-unboost|p1a: Brute Bonnet|spe|1\n|-enditem|p1a: Brute Bonnet|Booster Energy\n|-activate|p1a: Brute Bonnet|ability: Protosynthesis|[fromitem]\n|-start|p1a: Brute Bonnet|protosynthesisatk\n|move|p2a: HRT Prices|Shadow Ball|p1a: Brute Bonnet\n|-resisted|p1a: Brute Bonnet\n|-damage|p1a: Brute Bonnet|83\/100\n|\n|upkeep\n|turn|4\n|\n|t:|1701102845\n|move|p1a: Brute Bonnet|Sucker Punch||[still]\n|-fail|p1a: Brute Bonnet\n|move|p2a: HRT Prices|Nasty Plot|p2a: HRT Prices\n|-boost|p2a: HRT Prices|spa|2\n|\n|upkeep\n|turn|5\n|\n|t:|1701102850\n|move|p2a: HRT Prices|Nasty Plot|p2a: HRT Prices\n|-boost|p2a: HRT Prices|spa|2\n|move|p1a: Brute Bonnet|Seed Bomb|p2a: HRT Prices\n|-resisted|p2a: HRT Prices\n|-damage|p2a: HRT Prices|66\/100\n|-enditem|p2a: HRT Prices|Air Balloon\n|\n|upkeep\n|turn|6\n|\n|t:|1701102853\n|move|p1a: Brute Bonnet|Sucker Punch|p2a: HRT Prices\n|-supereffective|p2a: HRT Prices\n|-damage|p2a: HRT Prices|0 fnt\n|faint|p2a: HRT Prices\n|\n|upkeep\n|\n|t:|1701102856\n|switch|p2a: Defender of Trans|Zamazenta, shiny|100\/100\n|-ability|p2a: Defender of Trans|Dauntless Shield|boost\n|-boost|p2a: Defender of Trans|def|1\n|turn|7\n|\n|t:|1701102859\n|move|p2a: Defender of Trans|Body Press|p1a: Brute Bonnet\n|-supereffective|p1a: Brute Bonnet\n|-damage|p1a: Brute Bonnet|0 fnt\n|faint|p1a: Brute Bonnet\n|-end|p1a: Brute Bonnet|Protosynthesis|[silent]\n|\n|upkeep\n|\n|t:|1701102863\n|switch|p1a: Great Tusk|Great Tusk|100\/100\n|-activate|p1a: Great Tusk|move: Sticky Web\n|-unboost|p1a: Great Tusk|spe|1\n|turn|8\n|\n|t:|1701102879\n|move|p2a: Defender of Trans|Body Press|p1a: Great Tusk\n|-damage|p1a: Great Tusk|58\/100\n|move|p1a: Great Tusk|Rapid Spin|p2a: Defender of Trans\n|-damage|p2a: Defender of Trans|93\/100\n|-boost|p1a: Great Tusk|spe|1\n|-sideend|p1: RiskYourLif3|Sticky Web|[from] move: Rapid Spin|[of] p1a: Great Tusk\n|\n|-heal|p2a: Defender of Trans|99\/100|[from] item: Leftovers\n|-heal|p1a: Great Tusk|65\/100|[from] item: Leftovers\n|upkeep\n|turn|9\n|\n|t:|1701102892\n|move|p2a: Defender of Trans|Body Press|p1a: Great Tusk\n|-damage|p1a: Great Tusk|24\/100\n|move|p1a: Great Tusk|Stealth Rock|p2a: Defender of Trans\n|-sidestart|p2: Skaraptor2.1|move: Stealth Rock\n|\n|-heal|p2a: Defender of Trans|100\/100|[from] item: Leftovers\n|-heal|p1a: Great Tusk|30\/100|[from] item: Leftovers\n|upkeep\n|turn|10\n|\n|t:|1701102904\n|move|p2a: Defender of Trans|Body Press|p1a: Great Tusk\n|-damage|p1a: Great Tusk|0 fnt\n|faint|p1a: Great Tusk\n|-end|p1a: Great Tusk|Protosynthesis|[silent]\n|\n|upkeep\n|\n|t:|1701102920\n|switch|p1a: Iron Valiant|Iron Valiant|100\/100\n|-enditem|p1a: Iron Valiant|Booster Energy\n|-activate|p1a: Iron Valiant|ability: Quark Drive|[fromitem]\n|-start|p1a: Iron Valiant|quarkdrivespe\n|turn|11\n|\n|t:|1701102925\n|-terastallize|p2a: Defender of Trans|Fire\n|move|p1a: Iron Valiant|Moonblast|p2a: Defender of Trans\n|-resisted|p2a: Defender of Trans\n|-damage|p2a: Defender of Trans|81\/100\n|move|p2a: Defender of Trans|Iron Defense|p2a: Defender of Trans\n|-boost|p2a: Defender of Trans|def|2\n|\n|-heal|p2a: Defender of Trans|87\/100|[from] item: Leftovers\n|upkeep\n|turn|12\n|\n|t:|1701102933\n|-terastallize|p1a: Iron Valiant|Electric\n|move|p1a: Iron Valiant|Thunderbolt|p2a: Defender of Trans\n|-damage|p2a: Defender of Trans|53\/100\n|move|p2a: Defender of Trans|Body Press|p1a: Iron Valiant\n|-damage|p1a: Iron Valiant|0 fnt\n|faint|p1a: Iron Valiant\n|-end|p1a: Iron Valiant|Quark Drive|[silent]\n|\n|-heal|p2a: Defender of Trans|59\/100|[from] item: Leftovers\n|upkeep\n|\n|t:|1701102938\n|switch|p1a: Greninja|Greninja, M|100\/100\n|turn|13\n|\n|t:|1701102943\n|switch|p2a: Transfem|Ogerpon-Wellspring, F|100\/100\n|-damage|p2a: Transfem|88\/100|[from] Stealth Rock\n|move|p1a: Greninja|Dark Pulse|p2a: Transfem\n|-damage|p2a: Transfem|48\/100\n|\n|upkeep\n|turn|14\n|\n|t:|1701102948\n|switch|p2a: Bigender|Iron Valiant|100\/100\n|-damage|p2a: Bigender|94\/100|[from] Stealth Rock\n|-enditem|p2a: Bigender|Booster Energy\n|-activate|p2a: Bigender|ability: Quark Drive|[fromitem]\n|-start|p2a: Bigender|quarkdrivespe\n|move|p1a: Greninja|Dark Pulse|p2a: Bigender\n|-resisted|p2a: Bigender\n|-damage|p2a: Bigender|80\/100\n|\n|upkeep\n|turn|15\n|\n|t:|1701102952\n|switch|p1a: Gholdengo|Gholdengo|83\/100\n|move|p2a: Bigender|Moonblast|p1a: Gholdengo\n|-resisted|p1a: Gholdengo\n|-damage|p1a: Gholdengo|57\/100\n|-unboost|p1a: Gholdengo|spa|1\n|\n|upkeep\n|turn|16\n|\n|t:|1701102956\n|move|p2a: Bigender|Destiny Bond|p2a: Bigender\n|-singlemove|p2a: Bigender|Destiny Bond\n|move|p1a: Gholdengo|Make It Rain|p2a: Bigender\n|-supereffective|p2a: Bigender\n|-damage|p2a: Bigender|0 fnt\n|-unboost|p1a: Gholdengo|spa|1\n|faint|p2a: Bigender\n|-activate|p2a: Bigender|move: Destiny Bond\n|-end|p2a: Bigender|Quark Drive|[silent]\n|faint|p1a: Gholdengo\n|\n|upkeep\n|\n|t:|1701102960\n|switch|p2a: Queengambit|Kingambit, F|100\/100\n|switch|p1a: Greninja|Greninja, M|100\/100\n|-damage|p2a: Queengambit|94\/100|[from] Stealth Rock\n|-activate|p2a: Queengambit|ability: Supreme Overlord\n|-start|p2a: Queengambit|fallen3|[silent]\n|turn|17\n|l|\u2606Skaraptor2.1\n|inactive|Skaraptor2.1 disconnected and has a minute to reconnect!\n|player|p2|\n|j|\u2606Skaraptor2.1\n|inactive|Skaraptor2.1 reconnected and has 125 seconds left.\n|player|p2|Skaraptor2.1|bodybuilderf-gen9\n|\n|t:|1701102989\n|switch|p1a: Ogerpon|Ogerpon-Wellspring, F|100\/100\n|move|p2a: Queengambit|Low Kick|p1a: Ogerpon\n|-damage|p1a: Ogerpon|59\/100\n|\n|-heal|p2a: Queengambit|100\/100|[from] item: Leftovers\n|upkeep\n|turn|18\n|\n|t:|1701102995\n|move|p2a: Queengambit|Sucker Punch||[still]\n|-fail|p2a: Queengambit\n|move|p1a: Ogerpon|Encore|p2a: Queengambit\n|-start|p2a: Queengambit|Encore\n|\n|upkeep\n|turn|19\n|\n|t:|1701102999\n|-end|p2a: Queengambit|fallen3|[silent]\n|switch|p2a: Transfem|Ogerpon-Wellspring, F|48\/100\n|-damage|p2a: Transfem|36\/100|[from] Stealth Rock\n|move|p1a: Ogerpon|Power Whip|p2a: Transfem\n|-damage|p2a: Transfem|0 fnt\n|faint|p2a: Transfem\n|\n|upkeep\n|\n|t:|1701103001\n|switch|p2a: Queengambit|Kingambit, F|100\/100\n|-damage|p2a: Queengambit|94\/100|[from] Stealth Rock\n|-activate|p2a: Queengambit|ability: Supreme Overlord\n|-start|p2a: Queengambit|fallen4|[silent]\n|turn|20\n|\n|t:|1701103008\n|move|p1a: Ogerpon|Ivy Cudgel|p2a: Queengambit|[anim] Ivy Cudgel Water\n|-damage|p2a: Queengambit|55\/100\n|move|p2a: Queengambit|Low Kick|p1a: Ogerpon\n|-damage|p1a: Ogerpon|15\/100\n|\n|-heal|p2a: Queengambit|61\/100|[from] item: Leftovers\n|upkeep\n|turn|21\n|\n|t:|1701103013\n|move|p1a: Ogerpon|Encore|p2a: Queengambit\n|-start|p2a: Queengambit|Encore\n|move|p2a: Queengambit|Low Kick|p1a: Ogerpon\n|-damage|p1a: Ogerpon|0 fnt\n|faint|p1a: Ogerpon\n|\n|-heal|p2a: Queengambit|67\/100|[from] item: Leftovers\n|upkeep\n|\n|t:|1701103014\n|switch|p1a: Greninja|Greninja, M|100\/100\n|turn|22\n|\n|t:|1701103017\n|move|p1a: Greninja|Water Shuriken|p2a: Queengambit\n|-damage|p2a: Queengambit|60\/100\n|-damage|p2a: Queengambit|54\/100\n|-damage|p2a: Queengambit|48\/100\n|-damage|p2a: Queengambit|41\/100\n|-damage|p2a: Queengambit|34\/100\n|-hitcount|p2a: Queengambit|5\n|move|p2a: Queengambit|Low Kick|p1a: Greninja\n|-supereffective|p1a: Greninja\n|-damage|p1a: Greninja|0 fnt\n|faint|p1a: Greninja\n|\n|win|Skaraptor2.1\n|raw|RiskYourLif3's rating: 1299 &rarr; <strong>1278<\/strong><br \/>(-21 for losing)\n|raw|Skaraptor2.1's rating: 1350 &rarr; <strong>1367<\/strong><br \/>(+17 for winning)\n","uploadtime":1701103020,"views":1,"p1id":"riskyourlif3","p2id":"skaraptor21","formatid":"gen9ou","rating":1278,"private":0,"password":""}