{"id":"gen9ou-1988495977","p1":"Welcometoearth420","p2":"Gabriel5192","format":"[Gen 9] OU","log":"|j|\u2606Welcometoearth420\n|j|\u2606Gabriel5192\n|t:|1699729141\n|gametype|singles\n|player|p1|Welcometoearth420|169|1492\n|player|p2|Gabriel5192|1|1602\n|teamsize|p1|6\n|teamsize|p2|6\n|gen|9\n|tier|[Gen 9] OU\n|rated|\n|rule|Sleep Clause Mod: Limit one foe put to sleep\n|rule|Species Clause: Limit one of each Pok\u00e9mon\n|rule|OHKO Clause: OHKO moves are banned\n|rule|Evasion Items Clause: Evasion items are banned\n|rule|Evasion Moves Clause: Evasion moves are banned\n|rule|Endless Battle Clause: Forcing endless battles is banned\n|rule|HP Percentage Mod: HP is shown in percentages\n|clearpoke\n|poke|p1|Corviknight, M|\n|poke|p1|Dragapult, F|\n|poke|p1|Slowking-Galar, F|\n|poke|p1|Gliscor, M|\n|poke|p1|Iron Valiant|\n|poke|p1|Toxapex, F|\n|poke|p2|Torkoal, F|\n|poke|p2|Victreebel, M|\n|poke|p2|Ceruledge, F|\n|poke|p2|Cinderace, M|\n|poke|p2|Heatran, M|\n|poke|p2|Walking Wake|\n|teampreview\n|\n|t:|1699729169\n|start\n|switch|p1a: Dragapult|Dragapult, F|100\/100\n|switch|p2a: Cinderace|Cinderace, M, shiny|100\/100\n|turn|1\n|\n|t:|1699729177\n|move|p2a: Cinderace|Sucker Punch|p1a: Dragapult\n|-start|p2a: Cinderace|typechange|Dark|[from] ability: Libero\n|-supereffective|p1a: Dragapult\n|-damage|p1a: Dragapult|11\/100\n|move|p1a: Dragapult|Draco Meteor|p2a: Cinderace\n|-damage|p2a: Cinderace|0 fnt\n|-unboost|p1a: Dragapult|spa|2\n|faint|p2a: Cinderace\n|\n|upkeep\n|\n|t:|1699729194\n|switch|p2a: Torkoal|Torkoal, F, shiny|100\/100\n|-weather|SunnyDay|[from] ability: Drought|[of] p2a: Torkoal\n|turn|2\n|\n|t:|1699729211\n|switch|p1a: Slowking|Slowking-Galar, F|100\/100\n|move|p2a: Torkoal|Stealth Rock|p1a: Slowking\n|-sidestart|p1: Welcometoearth420|move: Stealth Rock\n|\n|-weather|SunnyDay|[upkeep]\n|upkeep\n|turn|3\n|\n|t:|1699729220\n|switch|p2a: Ceruledge|Ceruledge, F|100\/100\n|move|p1a: Slowking|Future Sight|p2a: Ceruledge\n|-start|p1a: Slowking|move: Future Sight\n|\n|-weather|SunnyDay|[upkeep]\n|upkeep\n|turn|4\n|\n|t:|1699729231\n|switch|p1a: Gliscor|Gliscor, M|100\/100\n|-damage|p1a: Gliscor|88\/100|[from] Stealth Rock\n|move|p2a: Ceruledge|Poltergeist|p1a: Gliscor\n|-activate|p1a: Gliscor|move: Poltergeist|Toxic Orb\n|-damage|p1a: Gliscor|56\/100\n|\n|-weather|SunnyDay|[upkeep]\n|-status|p1a: Gliscor|tox|[from] item: Toxic Orb\n|upkeep\n|turn|5\n|\n|t:|1699729242\n|switch|p2a: Heatran|Heatran, M|100\/100\n|-item|p2a: Heatran|Air Balloon\n|move|p1a: Gliscor|Toxic|p2a: Heatran\n|-immune|p2a: Heatran\n|\n|-weather|SunnyDay|[upkeep]\n|-end|p2a: Heatran|move: Future Sight\n|-resisted|p2a: Heatran\n|-damage|p2a: Heatran|80\/100\n|-enditem|p2a: Heatran|Air Balloon\n|-heal|p1a: Gliscor|69\/100 tox|[from] ability: Poison Heal\n|upkeep\n|turn|6\n|\n|t:|1699729256\n|move|p1a: Gliscor|Protect|p1a: Gliscor\n|-singleturn|p1a: Gliscor|Protect\n|move|p2a: Heatran|Magma Storm|p1a: Gliscor\n|-activate|p1a: Gliscor|move: Protect\n|\n|-weather|SunnyDay|[upkeep]\n|-heal|p1a: Gliscor|81\/100 tox|[from] ability: Poison Heal\n|upkeep\n|turn|7\n|\n|t:|1699729266\n|move|p1a: Gliscor|Earthquake|p2a: Heatran\n|-supereffective|p2a: Heatran\n|-damage|p2a: Heatran|0 fnt\n|faint|p2a: Heatran\n|\n|-weather|SunnyDay|[upkeep]\n|-heal|p1a: Gliscor|94\/100 tox|[from] ability: Poison Heal\n|upkeep\n|\n|t:|1699729274\n|switch|p2a: Victreebel|Victreebel, M, shiny|100\/100\n|turn|8\n|\n|t:|1699729287\n|move|p2a: Victreebel|Growth|p2a: Victreebel\n|-boost|p2a: Victreebel|atk|2\n|-boost|p2a: Victreebel|spa|2\n|move|p1a: Gliscor|Earthquake|p2a: Victreebel\n|-damage|p2a: Victreebel|45\/100\n|\n|-weather|SunnyDay|[upkeep]\n|-heal|p1a: Gliscor|100\/100 tox|[from] ability: Poison Heal\n|upkeep\n|turn|9\n|\n|t:|1699729298\n|move|p2a: Victreebel|Growth|p2a: Victreebel\n|-boost|p2a: Victreebel|atk|2\n|-boost|p2a: Victreebel|spa|2\n|move|p1a: Gliscor|Earthquake|p2a: Victreebel\n|-damage|p2a: Victreebel|0 fnt\n|faint|p2a: Victreebel\n|\n|-weather|none\n|upkeep\n|\n|t:|1699729307\n|switch|p2a: Walking Wake|Walking Wake|100\/100\n|turn|10\n|\n|t:|1699729311\n|switch|p1a: Toxapex|Toxapex, F|100\/100\n|-damage|p1a: Toxapex|88\/100|[from] Stealth Rock\n|move|p2a: Walking Wake|Hydro Steam|p1a: Toxapex\n|-resisted|p1a: Toxapex\n|-damage|p1a: Toxapex|67\/100\n|\n|-heal|p1a: Toxapex|74\/100|[from] item: Leftovers\n|upkeep\n|turn|11\n|\n|t:|1699729322\n|move|p2a: Walking Wake|Hydro Steam|p1a: Toxapex\n|-resisted|p1a: Toxapex\n|-damage|p1a: Toxapex|52\/100\n|move|p1a: Toxapex|Toxic Spikes|p2a: Walking Wake\n|-sidestart|p2: Gabriel5192|move: Toxic Spikes\n|\n|-heal|p1a: Toxapex|58\/100|[from] item: Leftovers\n|upkeep\n|turn|12\n|\n|t:|1699729331\n|-end|p2a: Walking Wake|Protosynthesis|[silent]\n|switch|p2a: Torkoal|Torkoal, F, shiny|100\/100\n|-status|p2a: Torkoal|psn\n|-weather|SunnyDay|[from] ability: Drought|[of] p2a: Torkoal\n|move|p1a: Toxapex|Toxic||[still]\n|-fail|p1a: Toxapex\n|\n|-weather|SunnyDay|[upkeep]\n|-heal|p1a: Toxapex|65\/100|[from] item: Leftovers\n|-damage|p2a: Torkoal|88\/100 psn|[from] psn\n|upkeep\n|turn|13\n|\n|t:|1699729344\n|move|p1a: Toxapex|Chilling Water|p2a: Torkoal\n|-supereffective|p2a: Torkoal\n|-crit|p2a: Torkoal\n|-damage|p2a: Torkoal|70\/100 psn\n|-unboost|p2a: Torkoal|atk|1\n|move|p2a: Torkoal|Rapid Spin|p1a: Toxapex\n|-damage|p1a: Toxapex|60\/100\n|-boost|p2a: Torkoal|spe|1\n|-sideend|p2: Gabriel5192|Toxic Spikes|[from] move: Rapid Spin|[of] p2a: Torkoal\n|\n|-weather|SunnyDay|[upkeep]\n|-heal|p1a: Toxapex|66\/100|[from] item: Leftovers\n|-damage|p2a: Torkoal|57\/100 psn|[from] psn\n|upkeep\n|turn|14\n|\n|t:|1699729368\n|switch|p2a: Walking Wake|Walking Wake|100\/100\n|-activate|p2a: Walking Wake|ability: Protosynthesis\n|-start|p2a: Walking Wake|protosynthesisspa\n|switch|p1a: Corviknight|Corviknight, M|100\/100\n|-damage|p1a: Corviknight|88\/100|[from] Stealth Rock\n|\n|-weather|SunnyDay|[upkeep]\n|upkeep\n|turn|15\n|\n|t:|1699729380\n|-terastallize|p1a: Corviknight|Water\n|move|p2a: Walking Wake|Hydro Steam|p1a: Corviknight\n|-resisted|p1a: Corviknight\n|-damage|p1a: Corviknight|21\/100\n|move|p1a: Corviknight|Defog|p2a: Walking Wake\n|-unboost|p2a: Walking Wake|evasion|1\n|-sideend|p1: Welcometoearth420|Stealth Rock|[from] move: Defog|[of] p1a: Corviknight\n|\n|-weather|SunnyDay|[upkeep]\n|upkeep\n|turn|16\n|\n|t:|1699729391\n|move|p2a: Walking Wake|Hydro Steam|p1a: Corviknight\n|-resisted|p1a: Corviknight\n|-crit|p1a: Corviknight\n|-damage|p1a: Corviknight|0 fnt\n|faint|p1a: Corviknight\n|\n|-weather|SunnyDay|[upkeep]\n|upkeep\n|\n|t:|1699729393\n|switch|p1a: Dragapult|Dragapult, F|11\/100\n|turn|17\n|\n|t:|1699729404\n|move|p1a: Dragapult|Draco Meteor|p2a: Walking Wake\n|-supereffective|p2a: Walking Wake\n|-damage|p2a: Walking Wake|0 fnt\n|-unboost|p1a: Dragapult|spa|2\n|faint|p2a: Walking Wake\n|-end|p2a: Walking Wake|Protosynthesis|[silent]\n|\n|-weather|SunnyDay|[upkeep]\n|upkeep\n|\n|t:|1699729411\n|switch|p2a: Ceruledge|Ceruledge, F|100\/100\n|turn|18\n|\n|t:|1699729422\n|switch|p1a: Gliscor|Gliscor, M|100\/100 tox\n|move|p2a: Ceruledge|Swords Dance|p2a: Ceruledge\n|-boost|p2a: Ceruledge|atk|2\n|\n|-weather|SunnyDay|[upkeep]\n|upkeep\n|turn|19\n|\n|t:|1699729432\n|move|p2a: Ceruledge|Bitter Blade|p1a: Gliscor\n|-damage|p1a: Gliscor|17\/100 tox\n|move|p1a: Gliscor|Toxic|p2a: Ceruledge\n|-status|p2a: Ceruledge|tox\n|\n|-weather|none\n|-damage|p2a: Ceruledge|94\/100 tox|[from] psn\n|-heal|p1a: Gliscor|29\/100 tox|[from] ability: Poison Heal\n|upkeep\n|turn|20\n|\n|t:|1699729442\n|move|p2a: Ceruledge|Swords Dance|p2a: Ceruledge\n|-boost|p2a: Ceruledge|atk|2\n|move|p1a: Gliscor|Earthquake|p2a: Ceruledge\n|-supereffective|p2a: Ceruledge\n|-damage|p2a: Ceruledge|1\/100 tox\n|-ability|p2a: Ceruledge|Weak Armor|boost\n|-unboost|p2a: Ceruledge|def|1\n|-boost|p2a: Ceruledge|spe|2\n|\n|-damage|p2a: Ceruledge|0 fnt|[from] psn\n|faint|p2a: Ceruledge\n|-heal|p1a: Gliscor|42\/100 tox|[from] ability: Poison Heal\n|upkeep\n|-message|Gabriel5192 forfeited.\n|\n|win|Welcometoearth420\n|raw|Welcometoearth420's rating: 1492 &rarr; <strong>1518<\/strong><br \/>(+26 for winning)\n|raw|Gabriel5192's rating: 1602 &rarr; <strong>1576<\/strong><br \/>(-26 for losing)\n|l|\u2606Gabriel5192\n","uploadtime":1699729457,"views":15,"p1id":"welcometoearth420","p2id":"gabriel5192","formatid":"gen9ou","rating":1518,"private":0,"password":""}