{"id":"gen9ou-1989613079","p1":"Grizzybear22","p2":"Passenger00397","format":"[Gen 9] OU","log":"|j|\u2606Grizzybear22\n|j|\u2606Passenger00397\n|t:|1699878874\n|gametype|singles\n|player|p1|Grizzybear22|170|1000\n|player|p2|Passenger00397|dawn-gen4pt|1000\n|teamsize|p1|6\n|teamsize|p2|6\n|gen|9\n|tier|[Gen 9] OU\n|rated|\n|rule|Sleep Clause Mod: Limit one foe put to sleep\n|rule|Species Clause: Limit one of each Pok\u00e9mon\n|rule|OHKO Clause: OHKO moves are banned\n|rule|Evasion Items Clause: Evasion items are banned\n|rule|Evasion Moves Clause: Evasion moves are banned\n|rule|Endless Battle Clause: Forcing endless battles is banned\n|rule|HP Percentage Mod: HP is shown in percentages\n|clearpoke\n|poke|p1|Glimmora, F|\n|poke|p1|Ogerpon-Wellspring, F|\n|poke|p1|Moltres|\n|poke|p1|Iron Valiant|\n|poke|p1|Zamazenta-*|\n|poke|p1|Kingambit, F|\n|poke|p2|Alomomola, F|\n|poke|p2|Slowking-Galar, F|\n|poke|p2|Kingambit, F|\n|poke|p2|Great Tusk|\n|poke|p2|Cinderace, F|\n|poke|p2|Thundurus-Therian, M|\n|teampreview\n|inactive|Battle timer is ON: inactive players will automatically lose when time's up. (requested by Passenger00397)\n|\n|t:|1699878891\n|start\n|switch|p1a: Glimmora|Glimmora, F|100\/100\n|switch|p2a: Great Tusk|Great Tusk|100\/100\n|turn|1\n|\n|t:|1699878911\n|switch|p1a: Ogerpon|Ogerpon-Wellspring, F|100\/100\n|move|p2a: Great Tusk|Headlong Rush|p1a: Ogerpon\n|-resisted|p1a: Ogerpon\n|-damage|p1a: Ogerpon|57\/100\n|-unboost|p2a: Great Tusk|def|1\n|-unboost|p2a: Great Tusk|spd|1\n|\n|upkeep\n|turn|2\n|\n|t:|1699878932\n|-terastallize|p2a: Great Tusk|Dragon\n|move|p1a: Ogerpon|Ivy Cudgel|p2a: Great Tusk\n|-resisted|p2a: Great Tusk\n|-crit|p2a: Great Tusk\n|-damage|p2a: Great Tusk|52\/100\n|move|p2a: Great Tusk|Ice Spinner|p1a: Ogerpon\n|-damage|p1a: Ogerpon|22\/100\n|\n|upkeep\n|turn|3\n|\n|t:|1699878941\n|-terastallize|p1a: Ogerpon|Water\n|detailschange|p1a: Ogerpon|Ogerpon-Wellspring-Tera, F, tera:Water\n|-ability|p1a: Ogerpon|Embody Aspect (Wellspring)|boost\n|-boost|p1a: Ogerpon|spd|1\n|move|p1a: Ogerpon|Ivy Cudgel|p2a: Great Tusk\n|-resisted|p2a: Great Tusk\n|-damage|p2a: Great Tusk|8\/100\n|move|p2a: Great Tusk|Ice Spinner|p1a: Ogerpon\n|-resisted|p1a: Ogerpon\n|-damage|p1a: Ogerpon|2\/100\n|\n|upkeep\n|turn|4\n|\n|t:|1699878954\n|-end|p2a: Great Tusk|Protosynthesis|[silent]\n|switch|p2a: Alomomola|Alomomola, F|100\/100\n|move|p1a: Ogerpon|Ivy Cudgel|p2a: Alomomola\n|-resisted|p2a: Alomomola\n|-damage|p2a: Alomomola|77\/100\n|-enditem|p2a: Alomomola|Red Card|[of] p1a: Ogerpon\n|drag|p1a: Iron Valiant|Iron Valiant|100\/100\n|-enditem|p1a: Iron Valiant|Booster Energy\n|-activate|p1a: Iron Valiant|ability: Quark Drive|[fromitem]\n|-start|p1a: Iron Valiant|quarkdrivespe\n|\n|upkeep\n|turn|5\n|inactive|Grizzybear22 has 120 seconds left.\n|inactive|Passenger00397 has 120 seconds left.\n|\n|t:|1699879002\n|-end|p1a: Iron Valiant|Quark Drive|[silent]\n|switch|p1a: Kingambit|Kingambit, F|100\/100\n|switch|p2a: Thundurus|Thundurus-Therian, M|100\/100\n|\n|upkeep\n|turn|6\n|inactive|Passenger00397 has 120 seconds left.\n|\n|t:|1699879015\n|-end|p1a: Kingambit|fallenundefined|[silent]\n|switch|p1a: Iron Valiant|Iron Valiant|100\/100\n|move|p2a: Thundurus|Volt Switch|p1a: Iron Valiant\n|-damage|p1a: Iron Valiant|0 fnt\n|faint|p1a: Iron Valiant\n|-end|p1a: Iron Valiant|Quark Drive|[silent]\n|inactive|Passenger00397 has 120 seconds left.\n|\n|t:|1699879023\n|switch|p2a: Alomomola|Alomomola, F|100\/100|[from] Volt Switch\n|\n|upkeep\n|\n|t:|1699879034\n|switch|p1a: Zamazenta|Zamazenta, shiny|100\/100\n|-ability|p1a: Zamazenta|Dauntless Shield|boost\n|-boost|p1a: Zamazenta|def|1\n|turn|7\n|\n|t:|1699879044\n|move|p1a: Zamazenta|Body Press|p2a: Alomomola\n|-damage|p2a: Alomomola|69\/100\n|move|p2a: Alomomola|Scald|p1a: Zamazenta\n|-damage|p1a: Zamazenta|89\/100\n|-status|p1a: Zamazenta|brn\n|\n|-heal|p1a: Zamazenta|96\/100 brn|[from] item: Leftovers\n|-damage|p1a: Zamazenta|89\/100 brn|[from] brn\n|upkeep\n|turn|8\n|\n|t:|1699879057\n|move|p1a: Zamazenta|Heavy Slam|p2a: Alomomola\n|-resisted|p2a: Alomomola\n|-damage|p2a: Alomomola|64\/100\n|move|p2a: Alomomola|Wish|p2a: Alomomola\n|\n|-heal|p1a: Zamazenta|96\/100 brn|[from] item: Leftovers\n|-damage|p1a: Zamazenta|89\/100 brn|[from] brn\n|upkeep\n|turn|9\n|\n|t:|1699879065\n|move|p1a: Zamazenta|Crunch|p2a: Alomomola\n|-damage|p2a: Alomomola|58\/100\n|move|p2a: Alomomola|Flip Turn|p1a: Zamazenta\n|-damage|p1a: Zamazenta|82\/100 brn\n|\n|t:|1699879070\n|switch|p2a: Great Tusk|Great Tusk, tera:Dragon|8\/100|[from] Flip Turn\n|\n|-heal|p2a: Great Tusk|71\/100|[from] move: Wish|[wisher] Alomomola\n|-heal|p1a: Zamazenta|88\/100 brn|[from] item: Leftovers\n|-damage|p1a: Zamazenta|82\/100 brn|[from] brn\n|upkeep\n|turn|10\n|inactive|Grizzybear22 has 120 seconds left.\n|\n|t:|1699879090\n|switch|p1a: Ogerpon|Ogerpon-Wellspring-Tera, F, tera:Water|2\/100\n|-ability|p1a: Ogerpon|Embody Aspect (Wellspring)|boost\n|-boost|p1a: Ogerpon|spd|1\n|move|p2a: Great Tusk|Stealth Rock|p1a: Ogerpon\n|-sidestart|p1: Grizzybear22|move: Stealth Rock\n|\n|upkeep\n|turn|11\n|inactive|Grizzybear22 has 120 seconds left.\n|\n|t:|1699879097\n|move|p1a: Ogerpon|Ivy Cudgel|p2a: Great Tusk\n|-resisted|p2a: Great Tusk\n|-crit|p2a: Great Tusk\n|-damage|p2a: Great Tusk|30\/100\n|move|p2a: Great Tusk|Ice Spinner|p1a: Ogerpon\n|-resisted|p1a: Ogerpon\n|-damage|p1a: Ogerpon|0 fnt\n|faint|p1a: Ogerpon\n|\n|upkeep\n|inactive|Grizzybear22 has 120 seconds left.\n|\n|t:|1699879112\n|switch|p1a: Glimmora|Glimmora, F|100\/100\n|-damage|p1a: Glimmora|88\/100|[from] Stealth Rock\n|turn|12\n|\n|t:|1699879118\n|move|p2a: Great Tusk|Headlong Rush|p1a: Glimmora\n|-supereffective|p1a: Glimmora\n|-damage|p1a: Glimmora|0 fnt\n|-unboost|p2a: Great Tusk|def|1\n|-unboost|p2a: Great Tusk|spd|1\n|-activate|p1a: Glimmora|ability: Toxic Debris\n|-sidestart|p2: Passenger00397|move: Toxic Spikes\n|faint|p1a: Glimmora\n|\n|upkeep\n|inactive|Grizzybear22 has 120 seconds left.\n|\n|t:|1699879127\n|switch|p1a: Zamazenta|Zamazenta, shiny|82\/100 brn\n|-damage|p1a: Zamazenta|75\/100 brn|[from] Stealth Rock\n|turn|13\n|\n|t:|1699879131\n|-end|p2a: Great Tusk|Protosynthesis|[silent]\n|switch|p2a: Slowking|Slowking-Galar, F|100\/100\n|-sideend|p2: Passenger00397|move: Toxic Spikes|[of] p2a: Slowking\n|move|p1a: Zamazenta|Crunch|p2a: Slowking\n|-supereffective|p2a: Slowking\n|-damage|p2a: Slowking|78\/100\n|\n|-heal|p1a: Zamazenta|82\/100 brn|[from] item: Leftovers\n|-damage|p1a: Zamazenta|75\/100 brn|[from] brn\n|upkeep\n|turn|14\n|\n|t:|1699879151\n|move|p1a: Zamazenta|Crunch|p2a: Slowking\n|-supereffective|p2a: Slowking\n|-damage|p2a: Slowking|57\/100\n|move|p2a: Slowking|Future Sight|p1a: Zamazenta\n|-start|p2a: Slowking|move: Future Sight\n|\n|-heal|p1a: Zamazenta|82\/100 brn|[from] item: Leftovers\n|-damage|p1a: Zamazenta|75\/100 brn|[from] brn\n|upkeep\n|turn|15\n|\n|t:|1699879162\n|move|p1a: Zamazenta|Iron Defense|p1a: Zamazenta\n|-boost|p1a: Zamazenta|def|2\n|move|p2a: Slowking|Sludge Bomb|p1a: Zamazenta\n|-damage|p1a: Zamazenta|50\/100 brn\n|\n|-heal|p1a: Zamazenta|57\/100 brn|[from] item: Leftovers\n|-damage|p1a: Zamazenta|50\/100 brn|[from] brn\n|upkeep\n|turn|16\n|\n|t:|1699879171\n|move|p1a: Zamazenta|Crunch|p2a: Slowking\n|-supereffective|p2a: Slowking\n|-crit|p2a: Slowking\n|-damage|p2a: Slowking|22\/100\n|move|p2a: Slowking|Sludge Bomb|p1a: Zamazenta\n|-damage|p1a: Zamazenta|25\/100 brn\n|\n|-end|p1a: Zamazenta|move: Future Sight\n|-supereffective|p1a: Zamazenta\n|-damage|p1a: Zamazenta|0 fnt\n|faint|p1a: Zamazenta\n|upkeep\n|\n|t:|1699879181\n|switch|p1a: Kingambit|Kingambit, F|100\/100\n|-damage|p1a: Kingambit|94\/100|[from] Stealth Rock\n|-activate|p1a: Kingambit|ability: Supreme Overlord\n|-start|p1a: Kingambit|fallen4|[silent]\n|turn|17\n|\n|t:|1699879194\n|switch|p2a: Thundurus|Thundurus-Therian, M|100\/100\n|move|p1a: Kingambit|Iron Head|p2a: Thundurus\n|-resisted|p2a: Thundurus\n|-damage|p2a: Thundurus|49\/100\n|\n|upkeep\n|turn|18\n|\n|t:|1699879200\n|move|p2a: Thundurus|Volt Switch|p1a: Kingambit\n|-damage|p1a: Kingambit|36\/100\n|\n|t:|1699879216\n|switch|p2a: Alomomola|Alomomola, F|91\/100|[from] Volt Switch\n|move|p1a: Kingambit|Iron Head|p2a: Alomomola\n|-resisted|p2a: Alomomola\n|-damage|p2a: Alomomola|70\/100\n|\n|upkeep\n|turn|19\n|\n|t:|1699879229\n|move|p1a: Kingambit|Kowtow Cleave|p2a: Alomomola\n|-damage|p2a: Alomomola|20\/100\n|move|p2a: Alomomola|Scald|p1a: Kingambit\n|-damage|p1a: Kingambit|22\/100\n|\n|upkeep\n|turn|20\n|\n|t:|1699879258\n|switch|p2a: Slowking|Slowking-Galar, F|56\/100\n|move|p1a: Kingambit|Sucker Punch||[still]\n|-fail|p1a: Kingambit\n|\n|upkeep\n|turn|21\n|\n|t:|1699879264\n|move|p1a: Kingambit|Kowtow Cleave|p2a: Slowking\n|-supereffective|p2a: Slowking\n|-damage|p2a: Slowking|0 fnt\n|faint|p2a: Slowking\n|\n|upkeep\n|inactive|Passenger00397 has 120 seconds left.\n|\n|t:|1699879280\n|switch|p2a: Kingambit|Kingambit, F|100\/100\n|-activate|p2a: Kingambit|ability: Supreme Overlord\n|-start|p2a: Kingambit|fallen1|[silent]\n|turn|22\n|inactive|Passenger00397 has 120 seconds left.\n|\n|t:|1699879303\n|-end|p1a: Kingambit|fallen4|[silent]\n|switch|p1a: Moltres|Moltres|100\/100\n|-end|p2a: Kingambit|fallen1|[silent]\n|switch|p2a: Cinderace|Cinderace, F|100\/100\n|\n|upkeep\n|turn|23\n|\n|t:|1699879312\n|move|p2a: Cinderace|Court Change|p2a: Cinderace\n|-start|p2a: Cinderace|typechange|Normal|[from] ability: Libero\n|-swapsideconditions\n|-activate|p2a: Cinderace|move: Court Change\n|move|p1a: Moltres|Roost||[still]\n|-fail|p1a: Moltres|heal\n|\n|upkeep\n|turn|24\n|inactive|Passenger00397 has 120 seconds left.\n|\n|t:|1699879319\n|move|p2a: Cinderace|U-turn|p1a: Moltres\n|-resisted|p1a: Moltres\n|-crit|p1a: Moltres\n|-damage|p1a: Moltres|93\/100\n|\n|t:|1699879324\n|switch|p2a: Alomomola|Alomomola, F|53\/100|[from] U-turn\n|-damage|p2a: Alomomola|41\/100|[from] Stealth Rock\n|move|p1a: Moltres|Flamethrower|p2a: Alomomola\n|-resisted|p2a: Alomomola\n|-damage|p2a: Alomomola|23\/100\n|\n|upkeep\n|turn|25\n|\n|t:|1699879335\n|move|p1a: Moltres|U-turn|p2a: Alomomola\n|-damage|p2a: Alomomola|14\/100\n|\n|t:|1699879340\n|switch|p1a: Kingambit|Kingambit, F|22\/100|[from] U-turn\n|-activate|p1a: Kingambit|ability: Supreme Overlord\n|-start|p1a: Kingambit|fallen4|[silent]\n|move|p2a: Alomomola|Scald|p1a: Kingambit\n|-damage|p1a: Kingambit|10\/100\n|\n|upkeep\n|turn|26\n|\n|t:|1699879354\n|switch|p2a: Cinderace|Cinderace, F|100\/100\n|move|p1a: Kingambit|Kowtow Cleave|p2a: Cinderace\n|-damage|p2a: Cinderace|0 fnt\n|faint|p2a: Cinderace\n|\n|upkeep\n|\n|t:|1699879363\n|switch|p2a: Thundurus|Thundurus-Therian, M|49\/100\n|-damage|p2a: Thundurus|25\/100|[from] Stealth Rock\n|turn|27\n|\n|t:|1699879368\n|move|p2a: Thundurus|Knock Off|p1a: Kingambit\n|-resisted|p1a: Kingambit\n|-damage|p1a: Kingambit|2\/100\n|-enditem|p1a: Kingambit|Black Glasses|[from] move: Knock Off|[of] p2a: Thundurus\n|move|p1a: Kingambit|Kowtow Cleave|p2a: Thundurus\n|-damage|p2a: Thundurus|0 fnt\n|faint|p2a: Thundurus\n|\n|upkeep\n|\n|t:|1699879376\n|switch|p2a: Great Tusk|Great Tusk, tera:Dragon|30\/100\n|-damage|p2a: Great Tusk|17\/100|[from] Stealth Rock\n|turn|28\n|\n|t:|1699879381\n|-end|p1a: Kingambit|fallen4|[silent]\n|switch|p1a: Moltres|Moltres|93\/100\n|move|p2a: Great Tusk|Ice Spinner|p1a: Moltres\n|-damage|p1a: Moltres|70\/100\n|-status|p2a: Great Tusk|brn|[from] ability: Flame Body|[of] p1a: Moltres\n|\n|-damage|p2a: Great Tusk|11\/100 brn|[from] brn\n|upkeep\n|turn|29\n|\n|t:|1699879390\n|move|p2a: Great Tusk|Stealth Rock|p1a: Moltres\n|-sidestart|p1: Grizzybear22|move: Stealth Rock\n|move|p1a: Moltres|Flamethrower|p2a: Great Tusk\n|-resisted|p2a: Great Tusk\n|-damage|p2a: Great Tusk|0 fnt\n|faint|p2a: Great Tusk\n|-end|p2a: Great Tusk|Protosynthesis|[silent]\n|\n|upkeep\n|\n|t:|1699879396\n|switch|p2a: Alomomola|Alomomola, F|48\/100\n|-damage|p2a: Alomomola|35\/100|[from] Stealth Rock\n|turn|30\n|\n|t:|1699879401\n|move|p1a: Moltres|Flamethrower|p2a: Alomomola\n|-resisted|p2a: Alomomola\n|-damage|p2a: Alomomola|18\/100\n|move|p2a: Alomomola|Scald|p1a: Moltres\n|-supereffective|p1a: Moltres\n|-damage|p1a: Moltres|47\/100\n|\n|upkeep\n|turn|31\n|\n|t:|1699879409\n|move|p1a: Moltres|Flamethrower|p2a: Alomomola\n|-resisted|p2a: Alomomola\n|-damage|p2a: Alomomola|0 fnt\n|faint|p2a: Alomomola\n|\n|upkeep\n|\n|t:|1699879413\n|switch|p2a: Kingambit|Kingambit, F|100\/100\n|-damage|p2a: Kingambit|94\/100|[from] Stealth Rock\n|-activate|p2a: Kingambit|ability: Supreme Overlord\n|-start|p2a: Kingambit|fallen5|[silent]\n|turn|32\n|\n|t:|1699879418\n|move|p1a: Moltres|Flamethrower|p2a: Kingambit\n|-supereffective|p2a: Kingambit\n|-damage|p2a: Kingambit|26\/100\n|move|p2a: Kingambit|Kowtow Cleave|p1a: Moltres\n|-damage|p1a: Moltres|0 fnt\n|faint|p1a: Moltres\n|\n|-heal|p2a: Kingambit|33\/100|[from] item: Leftovers\n|upkeep\n|\n|t:|1699879428\n|switch|p1a: Kingambit|Kingambit, F|2\/100\n|-damage|p1a: Kingambit|0 fnt|[from] Stealth Rock\n|faint|p1a: Kingambit\n|-end|p1a: Kingambit|fallen4|[silent]\n|\n|win|Passenger00397\n|raw|Grizzybear22's rating: 1000 &rarr; <strong>1000<\/strong><br \/>(+0 for losing)\n|raw|Passenger00397's rating: 1000 &rarr; <strong>1040<\/strong><br \/>(+40 for winning)\n|c|\u2606Passenger00397|GG\n|l|\u2606Grizzybear22\n","uploadtime":1699879445,"views":9,"p1id":"grizzybear22","p2id":"passenger00397","formatid":"gen9ou","rating":1000,"private":0,"password":""}