{"id":"gen9ou-2000042611","p1":"Patrix151","p2":"DrSliced","format":"[Gen 9] OU","log":"|j|\u2606Patrix151\n|j|\u2606DrSliced\n|t:|1701145084\n|gametype|singles\n|player|p1|Patrix151|gentleman|1508\n|player|p2|DrSliced|n-masters|1576\n|teamsize|p1|6\n|teamsize|p2|6\n|gen|9\n|tier|[Gen 9] OU\n|rated|\n|rule|Sleep Clause Mod: Limit one foe put to sleep\n|rule|Species Clause: Limit one of each Pok\u00e9mon\n|rule|OHKO Clause: OHKO moves are banned\n|rule|Evasion Items Clause: Evasion items are banned\n|rule|Evasion Moves Clause: Evasion moves are banned\n|rule|Endless Battle Clause: Forcing endless battles is banned\n|rule|HP Percentage Mod: HP is shown in percentages\n|clearpoke\n|poke|p1|Grimmsnarl, M|\n|poke|p1|Dragonite, M|\n|poke|p1|Gholdengo|\n|poke|p1|Kingambit, M|\n|poke|p1|Corviknight, M|\n|poke|p1|Iron Moth|\n|poke|p2|Decidueye-Hisui, F|\n|poke|p2|Slowking-Galar, F|\n|poke|p2|Heatran, F|\n|poke|p2|Zapdos|\n|poke|p2|Great Tusk|\n|poke|p2|Cinderace, M|\n|teampreview\n|\n|t:|1701145092\n|start\n|switch|p1a: Grimmsnarl|Grimmsnarl, M|100\/100\n|switch|p2a: Zapdos|Zapdos|100\/100\n|turn|1\n|\n|t:|1701145100\n|move|p1a: Grimmsnarl|Light Screen|p1a: Grimmsnarl\n|-sidestart|p1: Patrix151|move: Light Screen\n|move|p2a: Zapdos|Thunderbolt|p1a: Grimmsnarl\n|-damage|p1a: Grimmsnarl|75\/100\n|-status|p1a: Grimmsnarl|par\n|\n|upkeep\n|turn|2\n|\n|t:|1701145108\n|move|p2a: Zapdos|Thunderbolt|p1a: Grimmsnarl\n|-damage|p1a: Grimmsnarl|49\/100 par\n|move|p1a: Grimmsnarl|Spirit Break|p2a: Zapdos\n|-damage|p2a: Zapdos|55\/100\n|-unboost|p2a: Zapdos|spa|1\n|\n|upkeep\n|turn|3\n|\n|t:|1701145119\n|move|p2a: Zapdos|Volt Switch|p1a: Grimmsnarl\n|-crit|p1a: Grimmsnarl\n|-damage|p1a: Grimmsnarl|0 fnt\n|faint|p1a: Grimmsnarl\n|\n|t:|1701145130\n|switch|p2a: Slowking|Slowking-Galar, F|100\/100|[from] Volt Switch\n|\n|upkeep\n|\n|t:|1701145134\n|switch|p1a: Volcatron|Iron Moth|100\/100\n|-enditem|p1a: Volcatron|Booster Energy\n|-activate|p1a: Volcatron|ability: Quark Drive|[fromitem]\n|-start|p1a: Volcatron|quarkdrivespe\n|turn|4\n|\n|t:|1701145168\n|move|p1a: Volcatron|Fiery Dance|p2a: Slowking\n|-damage|p2a: Slowking|73\/100\n|-boost|p1a: Volcatron|spa|1\n|move|p2a: Slowking|Thunder Wave|p1a: Volcatron\n|-status|p1a: Volcatron|par\n|\n|upkeep\n|turn|5\n|\n|t:|1701145176\n|-terastallize|p1a: Volcatron|Dark\n|cant|p1a: Volcatron|par\n|move|p2a: Slowking|Earthquake|p1a: Volcatron\n|-damage|p1a: Volcatron|72\/100 par\n|\n|upkeep\n|turn|6\n|\n|t:|1701145182\n|switch|p2a: Heatran|Heatran, F|100\/100\n|move|p1a: Volcatron|Tera Blast|p2a: Heatran|[anim] Tera Blast Dark\n|-damage|p2a: Heatran|62\/100\n|\n|-heal|p2a: Heatran|69\/100|[from] item: Leftovers\n|upkeep\n|turn|7\n|\n|t:|1701145192\n|cant|p1a: Volcatron|par\n|move|p2a: Heatran|Magma Storm|p1a: Volcatron\n|-damage|p1a: Volcatron|51\/100 par\n|-activate|p1a: Volcatron|move: Magma Storm|[of] p2a: Heatran\n|\n|-heal|p2a: Heatran|75\/100|[from] item: Leftovers\n|-damage|p1a: Volcatron|39\/100 par|[from] move: Magma Storm|[partiallytrapped]\n|upkeep\n|turn|8\n|\n|t:|1701145201\n|move|p1a: Volcatron|Tera Blast|p2a: Heatran|[anim] Tera Blast Dark\n|-damage|p2a: Heatran|33\/100\n|move|p2a: Heatran|Stealth Rock|p1a: Volcatron\n|-sidestart|p1: Patrix151|move: Stealth Rock\n|\n|-heal|p2a: Heatran|39\/100|[from] item: Leftovers\n|-damage|p1a: Volcatron|27\/100 par|[from] move: Magma Storm|[partiallytrapped]\n|-sideend|p1: Patrix151|move: Light Screen\n|upkeep\n|turn|9\n|\n|t:|1701145206\n|move|p1a: Volcatron|Tera Blast|p2a: Heatran|[anim] Tera Blast Dark\n|-damage|p2a: Heatran|0 fnt\n|faint|p2a: Heatran\n|\n|-end|p1a: Volcatron|Magma Storm|[partiallytrapped]|[silent]\n|upkeep\n|\n|t:|1701145229\n|switch|p2a: Cinderace|Cinderace, M|100\/100\n|turn|10\n|\n|t:|1701145241\n|move|p2a: Cinderace|Double-Edge|p1a: Volcatron\n|-start|p2a: Cinderace|typechange|Normal|[from] ability: Libero\n|-damage|p1a: Volcatron|0 fnt\n|faint|p1a: Volcatron\n|-end|p1a: Volcatron|Quark Drive|[silent]\n|-damage|p2a: Cinderace|92\/100|[from] Recoil\n|\n|upkeep\n|\n|t:|1701145245\n|switch|p1a: Corviknight|Corviknight, M|100\/100\n|-damage|p1a: Corviknight|88\/100|[from] Stealth Rock\n|-ability|p1a: Corviknight|Pressure\n|turn|11\n|\n|t:|1701145250\n|switch|p2a: Zapdos|Zapdos|55\/100\n|move|p1a: Corviknight|Defog|p2a: Zapdos\n|-unboost|p2a: Zapdos|evasion|1\n|-sideend|p1: Patrix151|Stealth Rock|[from] move: Defog|[of] p1a: Corviknight\n|\n|upkeep\n|turn|12\n|\n|t:|1701145254\n|switch|p1a: Gholdengo|Gholdengo|100\/100\n|move|p2a: Zapdos|Roost|p2a: Zapdos\n|-heal|p2a: Zapdos|100\/100\n|-singleturn|p2a: Zapdos|move: Roost\n|\n|upkeep\n|turn|13\n|\n|t:|1701145259\n|move|p1a: Gholdengo|Shadow Ball|p2a: Zapdos\n|-damage|p2a: Zapdos|52\/100\n|-unboost|p2a: Zapdos|spd|1\n|move|p2a: Zapdos|Volt Switch|p1a: Gholdengo\n|-damage|p1a: Gholdengo|57\/100\n|\n|t:|1701145263\n|switch|p2a: Cinderace|Cinderace, M|92\/100|[from] Volt Switch\n|\n|upkeep\n|turn|14\n|\n|t:|1701145268\n|-terastallize|p2a: Cinderace|Normal\n|move|p1a: Gholdengo|Shadow Ball|p2a: Cinderace\n|-immune|p2a: Cinderace\n|move|p2a: Cinderace|Swords Dance|p2a: Cinderace\n|-boost|p2a: Cinderace|atk|2\n|\n|upkeep\n|turn|15\n|\n|t:|1701145278\n|switch|p1a: Corviknight|Corviknight, M|88\/100\n|-ability|p1a: Corviknight|Pressure\n|move|p2a: Cinderace|Pyro Ball|p1a: Corviknight\n|-supereffective|p1a: Corviknight\n|-crit|p1a: Corviknight\n|-damage|p1a: Corviknight|0 fnt\n|faint|p1a: Corviknight\n|\n|upkeep\n|\n|t:|1701145281\n|switch|p1a: Dragonite|Dragonite, M|100\/100\n|turn|16\n|\n|t:|1701145288\n|move|p2a: Cinderace|Double-Edge|p1a: Dragonite\n|-damage|p1a: Dragonite|40\/100\n|-damage|p2a: Cinderace|67\/100|[from] Recoil\n|move|p1a: Dragonite|Dragon Dance|p1a: Dragonite\n|-boost|p1a: Dragonite|atk|1\n|-boost|p1a: Dragonite|spe|1\n|\n|upkeep\n|turn|17\n|\n|t:|1701145292\n|move|p1a: Dragonite|Extreme Speed|p2a: Cinderace\n|-damage|p2a: Cinderace|0 fnt\n|faint|p2a: Cinderace\n|\n|upkeep\n|\n|t:|1701145300\n|switch|p2a: Slowking|Slowking-Galar, F|100\/100\n|turn|18\n|\n|t:|1701145304\n|move|p1a: Dragonite|Earthquake|p2a: Slowking\n|-supereffective|p2a: Slowking\n|-damage|p2a: Slowking|0 fnt\n|faint|p2a: Slowking\n|\n|upkeep\n|\n|t:|1701145311\n|switch|p2a: Decidueye|Decidueye-Hisui, F|100\/100\n|turn|19\n|\n|t:|1701145315\n|move|p1a: Dragonite|Ice Spinner|p2a: Decidueye\n|-supereffective|p2a: Decidueye\n|-damage|p2a: Decidueye|0 fnt\n|faint|p2a: Decidueye\n|\n|upkeep\n|\n|t:|1701145318\n|switch|p2a: Great Tusk|Great Tusk|100\/100\n|-enditem|p2a: Great Tusk|Booster Energy\n|-activate|p2a: Great Tusk|ability: Protosynthesis|[fromitem]\n|-start|p2a: Great Tusk|protosynthesisspe\n|turn|20\n|\n|t:|1701145324\n|move|p1a: Dragonite|Extreme Speed|p2a: Great Tusk\n|-damage|p2a: Great Tusk|71\/100\n|move|p2a: Great Tusk|Bulk Up|p2a: Great Tusk\n|-boost|p2a: Great Tusk|atk|1\n|-boost|p2a: Great Tusk|def|1\n|\n|upkeep\n|turn|21\n|\n|t:|1701145346\n|move|p2a: Great Tusk|Bulk Up|p2a: Great Tusk\n|-boost|p2a: Great Tusk|atk|1\n|-boost|p2a: Great Tusk|def|1\n|move|p1a: Dragonite|Ice Spinner|p2a: Great Tusk\n|-supereffective|p2a: Great Tusk\n|-damage|p2a: Great Tusk|42\/100\n|\n|upkeep\n|turn|22\n|\n|t:|1701145352\n|move|p1a: Dragonite|Extreme Speed|p2a: Great Tusk\n|-damage|p2a: Great Tusk|28\/100\n|move|p2a: Great Tusk|Knock Off|p1a: Dragonite\n|-damage|p1a: Dragonite|0 fnt\n|-enditem|p1a: Dragonite|Heavy-Duty Boots|[from] move: Knock Off|[of] p2a: Great Tusk\n|faint|p1a: Dragonite\n|\n|upkeep\n|\n|t:|1701145356\n|switch|p1a: Gholdengo|Gholdengo|57\/100\n|turn|23\n|\n|t:|1701145359\n|move|p2a: Great Tusk|Knock Off|p1a: Gholdengo\n|-supereffective|p1a: Gholdengo\n|-damage|p1a: Gholdengo|0 fnt\n|-enditem|p1a: Gholdengo|Choice Scarf|[from] move: Knock Off|[of] p2a: Great Tusk\n|faint|p1a: Gholdengo\n|\n|upkeep\n|\n|t:|1701145363\n|switch|p1a: Kingambit|Kingambit, M|100\/100\n|-activate|p1a: Kingambit|ability: Supreme Overlord\n|-start|p1a: Kingambit|fallen5|[silent]\n|turn|24\n|\n|t:|1701145367\n|move|p2a: Great Tusk|Headlong Rush|p1a: Kingambit\n|-supereffective|p1a: Kingambit\n|-enditem|p1a: Kingambit|Focus Sash\n|-damage|p1a: Kingambit|1\/100\n|-unboost|p2a: Great Tusk|def|1\n|-unboost|p2a: Great Tusk|spd|1\n|move|p1a: Kingambit|Iron Head|p2a: Great Tusk\n|-damage|p2a: Great Tusk|0 fnt\n|faint|p2a: Great Tusk\n|-end|p2a: Great Tusk|Protosynthesis|[silent]\n|\n|upkeep\n|\n|t:|1701145370\n|switch|p2a: Zapdos|Zapdos|52\/100\n|turn|25\n|\n|t:|1701145388\n|move|p2a: Zapdos|Roost|p2a: Zapdos\n|-heal|p2a: Zapdos|100\/100\n|-singleturn|p2a: Zapdos|move: Roost\n|move|p1a: Kingambit|Kowtow Cleave|p2a: Zapdos\n|-damage|p2a: Zapdos|7\/100\n|\n|upkeep\n|turn|26\n|\n|t:|1701145395\n|move|p1a: Kingambit|Sucker Punch||[still]\n|-fail|p1a: Kingambit\n|move|p2a: Zapdos|Roost|p2a: Zapdos\n|-heal|p2a: Zapdos|57\/100\n|-singleturn|p2a: Zapdos|move: Roost\n|\n|upkeep\n|turn|27\n|\n|t:|1701145405\n|move|p1a: Kingambit|Sucker Punch||[still]\n|-fail|p1a: Kingambit\n|move|p2a: Zapdos|Roost|p2a: Zapdos\n|-heal|p2a: Zapdos|100\/100\n|-singleturn|p2a: Zapdos|move: Roost\n|\n|upkeep\n|turn|28\n|\n|t:|1701145410\n|move|p2a: Zapdos|Thunderbolt|p1a: Kingambit\n|-damage|p1a: Kingambit|0 fnt\n|faint|p1a: Kingambit\n|-end|p1a: Kingambit|fallen5|[silent]\n|\n|win|DrSliced\n|raw|Patrix151's rating: 1508 &rarr; <strong>1492<\/strong><br \/>(-16 for losing)\n|raw|DrSliced's rating: 1576 &rarr; <strong>1592<\/strong><br \/>(+16 for winning)\n|l|\u2606Patrix151\n|player|p2|DrSliced|n-masters\n","uploadtime":1701145419,"views":20,"p1id":"patrix151","p2id":"drsliced","formatid":"gen9ou","rating":1492,"private":0,"password":""}