{"id":"gen9ou-1995320879","p1":"RankTTT","p2":"ReDemonic","format":"[Gen 9] OU","log":"|j|\u2606RankTTT\n|j|\u2606ReDemonic\n|t:|1700553230\n|gametype|singles\n|player|p1|RankTTT|170|1408\n|player|p2|ReDemonic|tucker-gen3|1423\n|teamsize|p1|6\n|teamsize|p2|6\n|gen|9\n|tier|[Gen 9] OU\n|rated|\n|rule|Sleep Clause Mod: Limit one foe put to sleep\n|rule|Species Clause: Limit one of each Pok\u00e9mon\n|rule|OHKO Clause: OHKO moves are banned\n|rule|Evasion Items Clause: Evasion items are banned\n|rule|Evasion Moves Clause: Evasion moves are banned\n|rule|Endless Battle Clause: Forcing endless battles is banned\n|rule|HP Percentage Mod: HP is shown in percentages\n|clearpoke\n|poke|p1|Ninetales-Alola, F|\n|poke|p1|Kommo-o, M|\n|poke|p1|Empoleon, M|\n|poke|p1|Ogerpon-Wellspring, F|\n|poke|p1|Great Tusk|\n|poke|p1|Talonflame, M|\n|poke|p2|Goodra-Hisui, M|\n|poke|p2|Toxapex, F|\n|poke|p2|Enamorus, F|\n|poke|p2|Garchomp, M|\n|poke|p2|Heatran, F|\n|poke|p2|Hatterene, F|\n|teampreview\n|inactive|Battle timer is ON: inactive players will automatically lose when time's up. (requested by RankTTT)\n|\n|t:|1700553243\n|start\n|switch|p1a: Ninetales|Ninetales-Alola, F|100\/100\n|switch|p2a: Hatterene|Hatterene, F|100\/100\n|-weather|Snow|[from] ability: Snow Warning|[of] p1a: Ninetales\n|turn|1\n|\n|t:|1700553249\n|move|p1a: Ninetales|Aurora Veil|p1a: Ninetales\n|-sidestart|p1: RankTTT|move: Aurora Veil\n|move|p2a: Hatterene|Nuzzle|p1a: Ninetales\n|-damage|p1a: Ninetales|99\/100\n|-status|p1a: Ninetales|par\n|\n|-weather|Snow|[upkeep]\n|upkeep\n|turn|2\n|\n|t:|1700553259\n|switch|p1a: Great Tusk|Great Tusk|100\/100\n|move|p2a: Hatterene|Calm Mind|p2a: Hatterene\n|-boost|p2a: Hatterene|spa|1\n|-boost|p2a: Hatterene|spd|1\n|\n|-weather|Snow|[upkeep]\n|upkeep\n|turn|3\n|\n|t:|1700553266\n|move|p1a: Great Tusk|Knock Off|p2a: Hatterene\n|-damage|p2a: Hatterene|43\/100\n|-enditem|p2a: Hatterene|Kee Berry|[from] move: Knock Off|[of] p1a: Great Tusk\n|move|p2a: Hatterene|Agility|p2a: Hatterene\n|-boost|p2a: Hatterene|spe|2\n|\n|-weather|Snow|[upkeep]\n|upkeep\n|turn|4\n|\n|t:|1700553279\n|move|p2a: Hatterene|Stored Power|p1a: Great Tusk\n|-supereffective|p1a: Great Tusk\n|-damage|p1a: Great Tusk|27\/100\n|move|p1a: Great Tusk|Earthquake|p2a: Hatterene\n|-damage|p2a: Hatterene|0 fnt\n|faint|p2a: Hatterene\n|\n|-weather|Snow|[upkeep]\n|upkeep\n|\n|t:|1700553290\n|switch|p2a: Garchomp|Garchomp, M|100\/100\n|turn|5\n|\n|t:|1700553293\n|move|p2a: Garchomp|Stealth Rock|p1a: Great Tusk\n|-sidestart|p1: RankTTT|move: Stealth Rock\n|move|p1a: Great Tusk|Ice Spinner|p2a: Garchomp\n|-supereffective|p2a: Garchomp\n|-damage|p2a: Garchomp|0 fnt\n|-damage|p1a: Great Tusk|15\/100|[from] ability: Rough Skin|[of] p2a: Garchomp\n|faint|p2a: Garchomp\n|\n|-weather|none\n|upkeep\n|\n|t:|1700553301\n|switch|p2a: Enamorus|Enamorus, F|100\/100\n|turn|6\n|\n|t:|1700553308\n|-end|p1a: Great Tusk|Protosynthesis|[silent]\n|switch|p1a: Empoleon|Empoleon, M|100\/100\n|-damage|p1a: Empoleon|94\/100|[from] Stealth Rock\n|move|p2a: Enamorus|Earth Power|p1a: Empoleon\n|-supereffective|p1a: Empoleon\n|-damage|p1a: Empoleon|74\/100\n|\n|-heal|p1a: Empoleon|80\/100|[from] item: Leftovers\n|upkeep\n|turn|7\n|\n|t:|1700553319\n|switch|p2a: Goodra|Goodra-Hisui, M|100\/100\n|move|p1a: Empoleon|Stealth Rock|p2a: Goodra\n|-sidestart|p2: ReDemonic|move: Stealth Rock\n|\n|-heal|p1a: Empoleon|86\/100|[from] item: Leftovers\n|upkeep\n|turn|8\n|\n|t:|1700553327\n|move|p1a: Empoleon|Flip Turn|p2a: Goodra\n|-resisted|p2a: Goodra\n|-damage|p2a: Goodra|93\/100\n|\n|t:|1700553339\n|switch|p1a: Ogerpon|Ogerpon-Wellspring, F|100\/100|[from] Flip Turn\n|-damage|p1a: Ogerpon|88\/100|[from] Stealth Rock\n|move|p2a: Goodra|Flash Cannon|p1a: Ogerpon\n|-resisted|p1a: Ogerpon\n|-damage|p1a: Ogerpon|76\/100\n|\n|-sideend|p1: RankTTT|move: Aurora Veil\n|upkeep\n|turn|9\n|\n|t:|1700553347\n|move|p1a: Ogerpon|Swords Dance|p1a: Ogerpon\n|-boost|p1a: Ogerpon|atk|2\n|move|p2a: Goodra|Draco Meteor|p1a: Ogerpon\n|-damage|p1a: Ogerpon|0 fnt\n|-unboost|p2a: Goodra|spa|2\n|faint|p1a: Ogerpon\n|\n|upkeep\n|\n|t:|1700553368\n|switch|p1a: Great Tusk|Great Tusk|15\/100\n|-damage|p1a: Great Tusk|12\/100|[from] Stealth Rock\n|turn|10\n|\n|t:|1700553377\n|switch|p2a: Heatran|Heatran, F|100\/100\n|-damage|p2a: Heatran|88\/100|[from] Stealth Rock\n|-item|p2a: Heatran|Air Balloon\n|move|p1a: Great Tusk|Rapid Spin|p2a: Heatran\n|-resisted|p2a: Heatran\n|-damage|p2a: Heatran|82\/100\n|-boost|p1a: Great Tusk|spe|1\n|-enditem|p2a: Heatran|Air Balloon\n|-sideend|p1: RankTTT|Stealth Rock|[from] move: Rapid Spin|[of] p1a: Great Tusk\n|\n|upkeep\n|turn|11\n|\n|t:|1700553389\n|switch|p2a: Enamorus|Enamorus, F|100\/100\n|-damage|p2a: Enamorus|76\/100|[from] Stealth Rock\n|move|p1a: Great Tusk|Earthquake|p2a: Enamorus\n|-immune|p2a: Enamorus\n|\n|upkeep\n|turn|12\n|\n|t:|1700553397\n|move|p2a: Enamorus|Moonblast|p1a: Great Tusk\n|-supereffective|p1a: Great Tusk\n|-damage|p1a: Great Tusk|0 fnt\n|faint|p1a: Great Tusk\n|-end|p1a: Great Tusk|Protosynthesis|[silent]\n|\n|upkeep\n|\n|t:|1700553403\n|switch|p1a: Talonflame|Talonflame, M|100\/100\n|turn|13\n|\n|t:|1700553413\n|switch|p2a: Toxapex|Toxapex, F|100\/100\n|-damage|p2a: Toxapex|88\/100|[from] Stealth Rock\n|move|p1a: Talonflame|U-turn|p2a: Toxapex\n|-resisted|p2a: Toxapex\n|-damage|p2a: Toxapex|84\/100\n|\n|t:|1700553422\n|switch|p1a: Ninetales|Ninetales-Alola, F|99\/100 par|[from] U-turn\n|-weather|Snow|[from] ability: Snow Warning|[of] p1a: Ninetales\n|\n|-weather|Snow|[upkeep]\n|-heal|p2a: Toxapex|90\/100|[from] item: Leftovers\n|upkeep\n|turn|14\n|\n|t:|1700553431\n|switch|p2a: Heatran|Heatran, F|82\/100\n|-damage|p2a: Heatran|69\/100|[from] Stealth Rock\n|move|p1a: Ninetales|Aurora Veil|p1a: Ninetales\n|-sidestart|p1: RankTTT|move: Aurora Veil\n|\n|-weather|Snow|[upkeep]\n|upkeep\n|turn|15\n|\n|t:|1700553444\n|switch|p1a: Kommo-o|Kommo-o, M|100\/100\n|move|p2a: Heatran|Lava Plume|p1a: Kommo-o\n|-resisted|p1a: Kommo-o\n|-damage|p1a: Kommo-o|91\/100\n|\n|-weather|Snow|[upkeep]\n|upkeep\n|turn|16\n|\n|t:|1700553453\n|switch|p2a: Toxapex|Toxapex, F|100\/100\n|-damage|p2a: Toxapex|88\/100|[from] Stealth Rock\n|move|p1a: Kommo-o|Clangorous Soul|p1a: Kommo-o\n|-boost|p1a: Kommo-o|atk|1\n|-boost|p1a: Kommo-o|def|1\n|-boost|p1a: Kommo-o|spa|1\n|-boost|p1a: Kommo-o|spd|1\n|-boost|p1a: Kommo-o|spe|1\n|-damage|p1a: Kommo-o|58\/100\n|-enditem|p1a: Kommo-o|Throat Spray\n|-boost|p1a: Kommo-o|spa|1|[from] item: Throat Spray\n|\n|-weather|Snow|[upkeep]\n|-heal|p2a: Toxapex|94\/100|[from] item: Leftovers\n|upkeep\n|turn|17\n|\n|t:|1700553466\n|-terastallize|p1a: Kommo-o|Normal\n|move|p1a: Kommo-o|Boomburst|p2a: Toxapex\n|-damage|p2a: Toxapex|0 fnt\n|faint|p2a: Toxapex\n|\n|-weather|none\n|upkeep\n|\n|t:|1700553472\n|switch|p2a: Goodra|Goodra-Hisui, M|93\/100\n|-damage|p2a: Goodra|87\/100|[from] Stealth Rock\n|turn|18\n|\n|t:|1700553480\n|-terastallize|p2a: Goodra|Flying\n|move|p1a: Kommo-o|Clanging Scales|p2a: Goodra\n|-damage|p2a: Goodra|48\/100\n|-unboost|p1a: Kommo-o|def|1\n|move|p2a: Goodra|Draco Meteor|p1a: Kommo-o\n|-damage|p1a: Kommo-o|33\/100\n|-unboost|p2a: Goodra|spa|2\n|\n|upkeep\n|turn|19\n|\n|t:|1700553494\n|switch|p2a: Heatran|Heatran, F|69\/100\n|-damage|p2a: Heatran|57\/100|[from] Stealth Rock\n|move|p1a: Kommo-o|Boomburst|p2a: Heatran\n|-resisted|p2a: Heatran\n|-crit|p2a: Heatran\n|-damage|p2a: Heatran|0 fnt\n|faint|p2a: Heatran\n|\n|upkeep\n|\n|t:|1700553500\n|switch|p2a: Enamorus|Enamorus, F|76\/100\n|-damage|p2a: Enamorus|51\/100|[from] Stealth Rock\n|turn|20\n|\n|t:|1700553506\n|move|p2a: Enamorus|Moonblast|p1a: Kommo-o\n|-damage|p1a: Kommo-o|15\/100\n|move|p1a: Kommo-o|Boomburst|p2a: Enamorus\n|-damage|p2a: Enamorus|0 fnt\n|faint|p2a: Enamorus\n|\n|upkeep\n|\n|t:|1700553510\n|switch|p2a: Goodra|Goodra-Hisui, M, tera:Flying|48\/100\n|-damage|p2a: Goodra|23\/100|[from] Stealth Rock\n|turn|21\n|-message|ReDemonic forfeited.\n|\n|win|RankTTT\n|raw|RankTTT's rating: 1408 &rarr; <strong>1429<\/strong><br \/>(+21 for winning)\n|raw|ReDemonic's rating: 1423 &rarr; <strong>1402<\/strong><br \/>(-21 for losing)\n|l|\u2606ReDemonic\n|c|\u2606RankTTT|gg\n","uploadtime":1700553538,"views":2,"p1id":"rankttt","p2id":"redemonic","formatid":"gen9ou","rating":1402,"private":0,"password":""}