{"id":"gen9ou-1996766380","p1":"woopers-icepunch","p2":"GunGunSaber","format":"[Gen 9] OU","log":"|j|\u2606woopers-icepunch\n|j|\u2606GunGunSaber\n|t:|1700721669\n|gametype|singles\n|player|p1|woopers-icepunch|102|1069\n|player|p2|GunGunSaber|scientist-gen4dp|1161\n|teamsize|p1|6\n|teamsize|p2|6\n|gen|9\n|tier|[Gen 9] OU\n|rated|\n|rule|Sleep Clause Mod: Limit one foe put to sleep\n|rule|Species Clause: Limit one of each Pok\u00e9mon\n|rule|OHKO Clause: OHKO moves are banned\n|rule|Evasion Items Clause: Evasion items are banned\n|rule|Evasion Moves Clause: Evasion moves are banned\n|rule|Endless Battle Clause: Forcing endless battles is banned\n|rule|HP Percentage Mod: HP is shown in percentages\n|clearpoke\n|poke|p1|Ceruledge, M|\n|poke|p1|Kingambit, F|\n|poke|p1|Dragonite, M|\n|poke|p1|Ting-Lu|\n|poke|p1|Slowking-Galar, M|\n|poke|p1|Ogerpon-Wellspring, F|\n|poke|p2|Scyther, F|\n|poke|p2|Hariyama, M|\n|poke|p2|Decidueye, M|\n|poke|p2|Lycanroc, F|\n|poke|p2|Salazzle, F|\n|poke|p2|Tatsugiri, M|\n|teampreview\n|inactive|Battle timer is ON: inactive players will automatically lose when time's up. (requested by GunGunSaber)\n|\n|t:|1700721689\n|start\n|switch|p1a: Ting-Lu|Ting-Lu|100\/100\n|switch|p2a: Lycanroc|Lycanroc, F|100\/100\n|-ability|p1a: Ting-Lu|Vessel of Ruin\n|turn|1\n|\n|t:|1700721715\n|move|p2a: Lycanroc|Taunt|p1a: Ting-Lu\n|-start|p1a: Ting-Lu|move: Taunt\n|move|p1a: Ting-Lu|Earthquake|p2a: Lycanroc\n|-supereffective|p2a: Lycanroc\n|-damage|p2a: Lycanroc|0 fnt\n|faint|p2a: Lycanroc\n|\n|upkeep\n|\n|t:|1700721723\n|switch|p2a: Scyther|Scyther, F|100\/100\n|turn|2\n|\n|t:|1700721728\n|switch|p1a: Slowking|Slowking-Galar, M|100\/100\n|move|p2a: Scyther|Swords Dance|p2a: Scyther\n|-boost|p2a: Scyther|atk|2\n|\n|upkeep\n|turn|3\n|\n|t:|1700721742\n|move|p2a: Scyther|Dual Wingbeat|p1a: Slowking\n|-damage|p1a: Slowking|42\/100\n|-damage|p1a: Slowking|0 fnt\n|faint|p1a: Slowking\n|-hitcount|p1: Slowking|2\n|\n|upkeep\n|\n|t:|1700721757\n|switch|p1a: Ting-Lu|Ting-Lu|100\/100\n|-ability|p1a: Ting-Lu|Vessel of Ruin\n|turn|4\n|\n|t:|1700721768\n|move|p2a: Scyther|Close Combat|p1a: Ting-Lu\n|-supereffective|p1a: Ting-Lu\n|-damage|p1a: Ting-Lu|14\/100\n|-unboost|p2a: Scyther|def|1\n|-unboost|p2a: Scyther|spd|1\n|move|p1a: Ting-Lu|Whirlwind|p2a: Scyther\n|drag|p2a: Tatsugiri|Tatsugiri, M|100\/100\n|\n|-heal|p1a: Ting-Lu|20\/100|[from] item: Leftovers\n|upkeep\n|turn|5\n|\n|t:|1700721783\n|move|p2a: Tatsugiri|Draco Meteor|p1a: Ting-Lu\n|-damage|p1a: Ting-Lu|0 fnt\n|-unboost|p2a: Tatsugiri|spa|2\n|-enditem|p2a: Tatsugiri|White Herb\n|-clearnegativeboost|p2a: Tatsugiri|[silent]\n|faint|p1a: Ting-Lu\n|\n|upkeep\n|\n|t:|1700721791\n|switch|p1a: Ogerpon|Ogerpon-Wellspring, F|100\/100\n|turn|6\n|\n|t:|1700721799\n|move|p1a: Ogerpon|Horn Leech|p2a: Tatsugiri\n|-damage|p2a: Tatsugiri|16\/100\n|move|p2a: Tatsugiri|Memento|p1a: Ogerpon\n|-unboost|p1a: Ogerpon|atk|2\n|-unboost|p1a: Ogerpon|spa|2\n|faint|p2a: Tatsugiri\n|\n|upkeep\n|\n|t:|1700721807\n|switch|p2a: Scyther|Scyther, F|100\/100\n|turn|7\n|\n|t:|1700721812\n|move|p1a: Ogerpon|Taunt|p2a: Scyther\n|-start|p2a: Scyther|move: Taunt\n|cant|p2a: Scyther|move: Taunt|Swords Dance\n|\n|upkeep\n|turn|8\n|\n|t:|1700721817\n|move|p1a: Ogerpon|U-turn|p2a: Scyther\n|-resisted|p2a: Scyther\n|-damage|p2a: Scyther|94\/100\n|\n|t:|1700721822\n|switch|p1a: Dragonite|Dragonite, M|100\/100|[from] U-turn\n|move|p2a: Scyther|Dual Wingbeat|p1a: Dragonite\n|-damage|p1a: Dragonite|82\/100\n|-damage|p1a: Dragonite|50\/100\n|-hitcount|p1a: Dragonite|2\n|\n|upkeep\n|turn|9\n|\n|t:|1700721831\n|move|p2a: Scyther|Dual Wingbeat|p1a: Dragonite\n|-damage|p1a: Dragonite|18\/100\n|-damage|p1a: Dragonite|0 fnt\n|faint|p1a: Dragonite\n|-hitcount|p1: Dragonite|2\n|\n|-end|p2a: Scyther|move: Taunt\n|upkeep\n|\n|t:|1700721835\n|switch|p1a: Kingambit|Kingambit, F|100\/100\n|-activate|p1a: Kingambit|ability: Supreme Overlord\n|-start|p1a: Kingambit|fallen3|[silent]\n|turn|10\n|\n|t:|1700721843\n|move|p2a: Scyther|Close Combat|p1a: Kingambit\n|-supereffective|p1a: Kingambit\n|-damage|p1a: Kingambit|0 fnt\n|-unboost|p2a: Scyther|def|1\n|-unboost|p2a: Scyther|spd|1\n|faint|p1a: Kingambit\n|-end|p1a: Kingambit|fallen3|[silent]\n|\n|upkeep\n|-message|woopers-icepunch forfeited.\n|\n|win|GunGunSaber\n|raw|woopers-icepunch's rating: 1069 &rarr; <strong>1054<\/strong><br \/>(-15 for losing)\n|raw|GunGunSaber's rating: 1161 &rarr; <strong>1180<\/strong><br \/>(+19 for winning)\n|l|\u2606woopers-icepunch\n","uploadtime":1700721858,"views":2,"p1id":"woopersicepunch","p2id":"gungunsaber","formatid":"gen9ou","rating":1054,"private":0,"password":""}