{"id":"gen9ou-1995228564","p1":"Renhur","p2":"shintales","format":"[Gen 9] OU","log":"|j|\u2606Renhur\n|j|\u2606shintales\n|t:|1700537239\n|gametype|singles\n|player|p1|Renhur|cynthia-gen4|1108\n|player|p2|shintales|266|1099\n|teamsize|p1|6\n|teamsize|p2|6\n|gen|9\n|tier|[Gen 9] OU\n|rated|\n|rule|Sleep Clause Mod: Limit one foe put to sleep\n|rule|Species Clause: Limit one of each Pok\u00e9mon\n|rule|OHKO Clause: OHKO moves are banned\n|rule|Evasion Items Clause: Evasion items are banned\n|rule|Evasion Moves Clause: Evasion moves are banned\n|rule|Endless Battle Clause: Forcing endless battles is banned\n|rule|HP Percentage Mod: HP is shown in percentages\n|clearpoke\n|poke|p1|Dragonite, F|\n|poke|p1|Lucario, M|\n|poke|p1|Gardevoir, F|\n|poke|p1|Cloyster, F|\n|poke|p1|Gyarados, F|\n|poke|p1|Corviknight, F|\n|poke|p2|Hydreigon, M|\n|poke|p2|Ribombee, M|\n|poke|p2|Slowking-Galar, M|\n|poke|p2|Espeon, F|\n|poke|p2|Gholdengo|\n|poke|p2|Ambipom, F|\n|teampreview\n|inactive|Battle timer is ON: inactive players will automatically lose when time's up. (requested by Renhur)\n|\n|t:|1700537256\n|start\n|switch|p1a: Gyarados|Gyarados, F|100\/100\n|switch|p2a: Ambipom|Ambipom, F|100\/100\n|-ability|p1a: Gyarados|Intimidate|boost\n|-unboost|p2a: Ambipom|atk|1\n|turn|1\n|\n|t:|1700537264\n|move|p2a: Ambipom|Fake Out|p1a: Gyarados\n|-damage|p1a: Gyarados|75\/100\n|cant|p1a: Gyarados|flinch\n|\n|-heal|p1a: Gyarados|81\/100|[from] item: Leftovers\n|upkeep\n|turn|2\n|\n|t:|1700537272\n|move|p2a: Ambipom|U-turn|p1a: Gyarados\n|-resisted|p1a: Gyarados\n|-damage|p1a: Gyarados|73\/100\n|\n|t:|1700537283\n|switch|p2a: Gholdengo|Gholdengo|100\/100|[from] U-turn\n|move|p1a: Gyarados|Dragon Dance|p1a: Gyarados\n|-boost|p1a: Gyarados|atk|1\n|-boost|p1a: Gyarados|spe|1\n|\n|-heal|p1a: Gyarados|79\/100|[from] item: Leftovers\n|upkeep\n|turn|3\n|\n|t:|1700537295\n|move|p1a: Gyarados|Earthquake|p2a: Gholdengo\n|-supereffective|p2a: Gholdengo\n|-damage|p2a: Gholdengo|0 fnt\n|faint|p2a: Gholdengo\n|\n|-heal|p1a: Gyarados|85\/100|[from] item: Leftovers\n|upkeep\n|\n|t:|1700537302\n|switch|p2a: Hydreigon|Hydreigon, M|100\/100\n|turn|4\n|\n|t:|1700537307\n|move|p1a: Gyarados|Ice Fang|p2a: Hydreigon\n|-supereffective|p2a: Hydreigon\n|-damage|p2a: Hydreigon|29\/100\n|move|p2a: Hydreigon|Nasty Plot|p2a: Hydreigon\n|-boost|p2a: Hydreigon|spa|2\n|\n|-heal|p1a: Gyarados|91\/100|[from] item: Leftovers\n|-heal|p2a: Hydreigon|35\/100|[from] item: Leftovers\n|upkeep\n|turn|5\n|\n|t:|1700537317\n|move|p1a: Gyarados|Ice Fang|p2a: Hydreigon\n|-supereffective|p2a: Hydreigon\n|-damage|p2a: Hydreigon|0 fnt\n|faint|p2a: Hydreigon\n|\n|-heal|p1a: Gyarados|97\/100|[from] item: Leftovers\n|upkeep\n|\n|t:|1700537332\n|switch|p2a: Ambipom|Ambipom, F|100\/100\n|turn|6\n|\n|t:|1700537337\n|move|p2a: Ambipom|Fake Out|p1a: Gyarados\n|-damage|p1a: Gyarados|61\/100\n|cant|p1a: Gyarados|flinch\n|\n|-heal|p1a: Gyarados|67\/100|[from] item: Leftovers\n|upkeep\n|turn|7\n|\n|t:|1700537345\n|switch|p2a: Slowking|Slowking-Galar, M|100\/100\n|move|p1a: Gyarados|Waterfall|p2a: Slowking\n|-damage|p2a: Slowking|39\/100\n|\n|-heal|p1a: Gyarados|73\/100|[from] item: Leftovers\n|upkeep\n|turn|8\n|\n|t:|1700537354\n|move|p1a: Gyarados|Waterfall|p2a: Slowking\n|-damage|p2a: Slowking|0 fnt\n|faint|p2a: Slowking\n|\n|-heal|p1a: Gyarados|79\/100|[from] item: Leftovers\n|upkeep\n|-message|shintales forfeited.\n|\n|win|Renhur\n|raw|Renhur's rating: 1108 &rarr; <strong>1132<\/strong><br \/>(+24 for winning)\n|raw|shintales's rating: 1099 &rarr; <strong>1075<\/strong><br \/>(-24 for losing)\n|l|\u2606shintales\n","uploadtime":1700537366,"views":21,"p1id":"renhur","p2id":"shintales","formatid":"gen9ou","rating":1075,"private":0,"password":""}