{"id":"gen9ou-1994166725","p1":"BTU100","p2":"Q.456lm","format":"[Gen 9] OU","log":"|j|\u2606BTU100\n|j|\u2606Q.456lm\n|t:|1700414577\n|gametype|singles\n|player|p1|BTU100|265|1381\n|player|p2|Q.456lm|hilbert|1278\n|teamsize|p1|6\n|teamsize|p2|6\n|gen|9\n|tier|[Gen 9] OU\n|rated|\n|rule|Sleep Clause Mod: Limit one foe put to sleep\n|rule|Species Clause: Limit one of each Pok\u00e9mon\n|rule|OHKO Clause: OHKO moves are banned\n|rule|Evasion Items Clause: Evasion items are banned\n|rule|Evasion Moves Clause: Evasion moves are banned\n|rule|Endless Battle Clause: Forcing endless battles is banned\n|rule|HP Percentage Mod: HP is shown in percentages\n|clearpoke\n|poke|p1|Great Tusk|\n|poke|p1|Ribombee, M|\n|poke|p1|Gholdengo|\n|poke|p1|Enamorus, F|\n|poke|p1|Rillaboom, M|\n|poke|p1|Samurott-Hisui, M|\n|poke|p2|Ribombee, F|\n|poke|p2|Iron Moth|\n|poke|p2|Manaphy|\n|poke|p2|Sneasler, F|\n|poke|p2|Kingambit, M|\n|poke|p2|Zapdos|\n|teampreview\n|inactive|Battle timer is ON: inactive players will automatically lose when time's up. (requested by BTU100)\n|c|\u2606BTU100|Hf\n|\n|t:|1700414585\n|start\n|switch|p1a: Ribombee|Ribombee, M, shiny|100\/100\n|switch|p2a: Ribombee|Ribombee, F|100\/100\n|turn|1\n|\n|t:|1700414598\n|move|p1a: Ribombee|Stun Spore|p2a: Ribombee|[miss]\n|-miss|p1a: Ribombee|p2a: Ribombee\n|move|p2a: Ribombee|Sticky Web|p1a: Ribombee\n|-sidestart|p1: BTU100|move: Sticky Web\n|\n|upkeep\n|turn|2\n|\n|t:|1700414604\n|move|p1a: Ribombee|Sticky Web|p2a: Ribombee\n|-sidestart|p2: Q.456lm|move: Sticky Web\n|move|p2a: Ribombee|Stun Spore|p1a: Ribombee|[miss]\n|-miss|p2a: Ribombee|p1a: Ribombee\n|\n|upkeep\n|turn|3\n|\n|t:|1700414613\n|switch|p2a: Iron Moth|Iron Moth|100\/100\n|-activate|p2a: Iron Moth|move: Sticky Web\n|-unboost|p2a: Iron Moth|spe|1\n|-enditem|p2a: Iron Moth|Booster Energy\n|-activate|p2a: Iron Moth|ability: Quark Drive|[fromitem]\n|-start|p2a: Iron Moth|quarkdrivespa\n|move|p1a: Ribombee|Stun Spore|p2a: Iron Moth\n|-status|p2a: Iron Moth|par\n|\n|upkeep\n|turn|4\n|\n|t:|1700414636\n|switch|p1a: Samurott|Samurott-Hisui, M|100\/100\n|-activate|p1a: Samurott|move: Sticky Web\n|-unboost|p1a: Samurott|spe|1\n|move|p2a: Iron Moth|Fiery Dance|p1a: Samurott\n|-resisted|p1a: Samurott\n|-damage|p1a: Samurott|61\/100\n|\n|upkeep\n|turn|5\n|\n|t:|1700414651\n|-end|p2a: Iron Moth|Quark Drive|[silent]\n|switch|p2a: Sneasler|Sneasler, F|100\/100\n|-item|p2a: Sneasler|Air Balloon\n|move|p1a: Samurott|Razor Shell|p2a: Sneasler|[miss]\n|-miss|p1a: Samurott|p2a: Sneasler\n|\n|upkeep\n|turn|6\n|\n|t:|1700414659\n|switch|p1a: Gholdengo|Gholdengo|100\/100\n|move|p2a: Sneasler|Close Combat|p1a: Gholdengo\n|-immune|p1a: Gholdengo\n|\n|upkeep\n|turn|7\n|\n|t:|1700414673\n|switch|p2a: Iron Moth|Iron Moth|100\/100 par\n|-activate|p2a: Iron Moth|move: Sticky Web\n|-unboost|p2a: Iron Moth|spe|1\n|move|p1a: Gholdengo|Nasty Plot|p1a: Gholdengo\n|-boost|p1a: Gholdengo|spa|2\n|\n|upkeep\n|turn|8\n|\n|t:|1700414694\n|switch|p1a: Samurott|Samurott-Hisui, M|61\/100\n|-activate|p1a: Samurott|move: Sticky Web\n|-unboost|p1a: Samurott|spe|1\n|cant|p2a: Iron Moth|par\n|\n|upkeep\n|turn|9\n|\n|t:|1700414702\n|-end|p2a: Iron Moth|Quark Drive|[silent]\n|switch|p2a: Sneasler|Sneasler, F|100\/100\n|-item|p2a: Sneasler|Air Balloon\n|move|p1a: Samurott|Razor Shell|p2a: Sneasler|[miss]\n|-miss|p1a: Samurott|p2a: Sneasler\n|\n|upkeep\n|turn|10\n|\n|t:|1700414710\n|switch|p1a: Gholdengo|Gholdengo|100\/100\n|move|p2a: Sneasler|Close Combat|p1a: Gholdengo\n|-immune|p1a: Gholdengo\n|\n|upkeep\n|turn|11\n|\n|t:|1700414722\n|switch|p2a: Zapdos|Zapdos|100\/100\n|switch|p1a: Samurott|Samurott-Hisui, M|61\/100\n|-activate|p1a: Samurott|move: Sticky Web\n|-unboost|p1a: Samurott|spe|1\n|\n|upkeep\n|turn|12\n|\n|t:|1700414729\n|switch|p1a: Ribombee|Ribombee, M, shiny|100\/100\n|-activate|p1a: Ribombee|move: Sticky Web\n|-unboost|p1a: Ribombee|spe|1\n|move|p2a: Zapdos|Thunderbolt|p1a: Ribombee\n|-damage|p1a: Ribombee|27\/100\n|\n|upkeep\n|turn|13\n|\n|t:|1700414737\n|move|p2a: Zapdos|Thunderbolt|p1a: Ribombee\n|-damage|p1a: Ribombee|0 fnt\n|faint|p1a: Ribombee\n|\n|upkeep\n|\n|t:|1700414745\n|switch|p1a: Gholdengo|Gholdengo|100\/100\n|turn|14\n|\n|t:|1700414751\n|move|p2a: Zapdos|Heat Wave|p1a: Gholdengo\n|-supereffective|p1a: Gholdengo\n|-damage|p1a: Gholdengo|37\/100\n|move|p1a: Gholdengo|Nasty Plot|p1a: Gholdengo\n|-boost|p1a: Gholdengo|spa|2\n|\n|upkeep\n|turn|15\n|\n|t:|1700414767\n|switch|p1a: Great Tusk|Great Tusk|100\/100\n|-activate|p1a: Great Tusk|move: Sticky Web\n|-unboost|p1a: Great Tusk|spe|1\n|move|p2a: Zapdos|Heat Wave|p1a: Great Tusk\n|-damage|p1a: Great Tusk|51\/100\n|\n|upkeep\n|turn|16\n|\n|t:|1700414775\n|move|p2a: Zapdos|Hurricane|p1a: Great Tusk\n|-supereffective|p1a: Great Tusk\n|-damage|p1a: Great Tusk|0 fnt\n|faint|p1a: Great Tusk\n|-end|p1a: Great Tusk|Protosynthesis|[silent]\n|\n|upkeep\n|\n|t:|1700414777\n|switch|p1a: Enamorus|Enamorus, F|100\/100\n|turn|17\n|\n|t:|1700414784\n|-terastallize|p1a: Enamorus|Fairy\n|move|p1a: Enamorus|Moonblast|p2a: Zapdos\n|-damage|p2a: Zapdos|0 fnt\n|faint|p2a: Zapdos\n|-damage|p1a: Enamorus|91\/100|[from] item: Life Orb\n|\n|upkeep\n|\n|t:|1700414798\n|switch|p2a: Sneasler|Sneasler, F|100\/100\n|-item|p2a: Sneasler|Air Balloon\n|turn|18\n|\n|t:|1700414808\n|switch|p1a: Gholdengo|Gholdengo|37\/100\n|move|p2a: Sneasler|Dire Claw|p1a: Gholdengo\n|-immune|p1a: Gholdengo\n|\n|upkeep\n|turn|19\n|\n|t:|1700414819\n|switch|p2a: Manaphy|Manaphy|100\/100\n|-activate|p2a: Manaphy|move: Sticky Web\n|-unboost|p2a: Manaphy|spe|1\n|move|p1a: Gholdengo|Recover|p1a: Gholdengo\n|-heal|p1a: Gholdengo|87\/100\n|\n|upkeep\n|turn|20\n|\n|t:|1700414827\n|move|p1a: Gholdengo|Nasty Plot|p1a: Gholdengo\n|-boost|p1a: Gholdengo|spa|2\n|move|p2a: Manaphy|Tail Glow|p2a: Manaphy\n|-boost|p2a: Manaphy|spa|3\n|\n|upkeep\n|turn|21\n|\n|t:|1700414837\n|move|p1a: Gholdengo|Shadow Ball|p2a: Manaphy\n|-damage|p2a: Manaphy|23\/100\n|move|p2a: Manaphy|Scald|p1a: Gholdengo\n|-damage|p1a: Gholdengo|5\/100\n|-status|p1a: Gholdengo|brn\n|\n|-heal|p2a: Manaphy|29\/100|[from] item: Leftovers\n|-damage|p1a: Gholdengo|0 fnt|[from] brn\n|faint|p1a: Gholdengo\n|upkeep\n|\n|t:|1700414845\n|switch|p1a: Enamorus|Enamorus, F, tera:Fairy|91\/100\n|-activate|p1a: Enamorus|move: Sticky Web\n|-boost|p1a: Enamorus|spe|1\n|turn|22\n|\n|t:|1700414858\n|move|p1a: Enamorus|Draining Kiss|p2a: Manaphy\n|-damage|p2a: Manaphy|0 fnt\n|-heal|p1a: Enamorus|100\/100|[from] drain|[of] p2a: Manaphy\n|faint|p2a: Manaphy\n|-damage|p1a: Enamorus|91\/100|[from] item: Life Orb\n|\n|upkeep\n|\n|t:|1700414864\n|switch|p2a: Sneasler|Sneasler, F|100\/100\n|-item|p2a: Sneasler|Air Balloon\n|turn|23\n|\n|t:|1700414868\n|move|p1a: Enamorus|Moonblast|p2a: Sneasler\n|-damage|p2a: Sneasler|0 fnt\n|-enditem|p2a: Sneasler|Air Balloon\n|faint|p2a: Sneasler\n|-damage|p1a: Enamorus|81\/100|[from] item: Life Orb\n|\n|upkeep\n|\n|t:|1700414876\n|switch|p2a: Kingambit|Kingambit, M|100\/100\n|-activate|p2a: Kingambit|move: Sticky Web\n|-unboost|p2a: Kingambit|spe|1\n|-activate|p2a: Kingambit|ability: Supreme Overlord\n|-start|p2a: Kingambit|fallen3|[silent]\n|turn|24\n|\n|t:|1700414881\n|switch|p1a: Samurott|Samurott-Hisui, M|61\/100\n|-activate|p1a: Samurott|move: Sticky Web\n|-unboost|p1a: Samurott|spe|1\n|move|p2a: Kingambit|Iron Head|p1a: Samurott\n|-resisted|p1a: Samurott\n|-damage|p1a: Samurott|20\/100\n|\n|upkeep\n|turn|25\n|\n|t:|1700414890\n|move|p2a: Kingambit|Sucker Punch|p1a: Samurott\n|-resisted|p1a: Samurott\n|-damage|p1a: Samurott|0 fnt\n|faint|p1a: Samurott\n|\n|upkeep\n|\n|t:|1700414893\n|switch|p1a: Rillaboom|Rillaboom, M|100\/100\n|-fieldstart|move: Grassy Terrain|[from] ability: Grassy Surge|[of] p1a: Rillaboom\n|turn|26\n|\n|t:|1700414903\n|switch|p1a: Enamorus|Enamorus, F, tera:Fairy|81\/100\n|-activate|p1a: Enamorus|move: Sticky Web\n|-boost|p1a: Enamorus|spe|1\n|-end|p2a: Kingambit|fallen3|[silent]\n|switch|p2a: Iron Moth|Iron Moth|100\/100 par\n|-activate|p2a: Iron Moth|move: Sticky Web\n|-unboost|p2a: Iron Moth|spe|1\n|\n|-heal|p1a: Enamorus|87\/100|[from] Grassy Terrain\n|upkeep\n|turn|27\n|\n|t:|1700414913\n|move|p1a: Enamorus|Earth Power|p2a: Iron Moth\n|-supereffective|p2a: Iron Moth\n|-damage|p2a: Iron Moth|0 fnt\n|faint|p2a: Iron Moth\n|-end|p2a: Iron Moth|Quark Drive|[silent]\n|-damage|p1a: Enamorus|78\/100|[from] item: Life Orb\n|\n|-heal|p1a: Enamorus|84\/100|[from] Grassy Terrain\n|upkeep\n|\n|t:|1700414921\n|switch|p2a: Kingambit|Kingambit, M|100\/100\n|-activate|p2a: Kingambit|move: Sticky Web\n|-unboost|p2a: Kingambit|spe|1\n|-activate|p2a: Kingambit|ability: Supreme Overlord\n|-start|p2a: Kingambit|fallen4|[silent]\n|turn|28\n|\n|t:|1700414937\n|move|p1a: Enamorus|Moonblast|p2a: Kingambit\n|-damage|p2a: Kingambit|15\/100\n|-damage|p1a: Enamorus|74\/100|[from] item: Life Orb\n|move|p2a: Kingambit|Iron Head|p1a: Enamorus\n|-supereffective|p1a: Enamorus\n|-damage|p1a: Enamorus|0 fnt\n|faint|p1a: Enamorus\n|\n|-heal|p2a: Kingambit|21\/100|[from] Grassy Terrain\n|-heal|p2a: Kingambit|28\/100|[from] item: Leftovers\n|upkeep\n|\n|t:|1700414940\n|switch|p1a: Rillaboom|Rillaboom, M|100\/100\n|turn|29\n|\n|t:|1700414952\n|move|p2a: Kingambit|Sucker Punch|p1a: Rillaboom\n|-damage|p1a: Rillaboom|46\/100\n|move|p1a: Rillaboom|Drain Punch|p2a: Kingambit\n|-supereffective|p2a: Kingambit\n|-damage|p2a: Kingambit|0 fnt\n|-heal|p1a: Rillaboom|61\/100|[from] drain|[of] p2a: Kingambit\n|faint|p2a: Kingambit\n|-end|p2a: Kingambit|fallen4|[silent]\n|\n|-heal|p1a: Rillaboom|67\/100|[from] Grassy Terrain\n|upkeep\n|\n|t:|1700414962\n|switch|p2a: Ribombee|Ribombee, F|100\/100\n|-activate|p2a: Ribombee|move: Sticky Web\n|-unboost|p2a: Ribombee|spe|1\n|turn|30\n|\n|t:|1700414982\n|move|p1a: Rillaboom|Grassy Glide|p2a: Ribombee\n|-resisted|p2a: Ribombee\n|-damage|p2a: Ribombee|72\/100\n|move|p2a: Ribombee|Stun Spore|p1a: Rillaboom\n|-immune|p1a: Rillaboom\n|\n|-heal|p1a: Rillaboom|73\/100|[from] Grassy Terrain\n|-heal|p2a: Ribombee|78\/100|[from] Grassy Terrain\n|-fieldend|move: Grassy Terrain\n|upkeep\n|turn|31\n|\n|t:|1700415008\n|move|p1a: Rillaboom|Bulk Up|p1a: Rillaboom\n|-boost|p1a: Rillaboom|atk|1\n|-boost|p1a: Rillaboom|def|1\n|move|p2a: Ribombee|Moonblast|p1a: Rillaboom\n|-damage|p1a: Rillaboom|35\/100\n|-unboost|p1a: Rillaboom|spa|1\n|\n|upkeep\n|turn|32\n|\n|t:|1700415015\n|move|p1a: Rillaboom|Knock Off|p2a: Ribombee\n|-resisted|p2a: Ribombee\n|-damage|p2a: Ribombee|38\/100\n|-enditem|p2a: Ribombee|Focus Sash|[from] move: Knock Off|[of] p1a: Rillaboom\n|move|p2a: Ribombee|Moonblast|p1a: Rillaboom\n|-damage|p1a: Rillaboom|0 fnt\n|faint|p1a: Rillaboom\n|\n|win|Q.456lm\n|raw|BTU100's rating: 1381 &rarr; <strong>1355<\/strong><br \/>(-26 for losing)\n|raw|Q.456lm's rating: 1278 &rarr; <strong>1310<\/strong><br \/>(+32 for winning)\n","uploadtime":1700415038,"views":6,"p1id":"btu100","p2id":"q456lm","formatid":"gen9ou","rating":1310,"private":0,"password":""}