{"id":"gen9ou-1990310781","p1":"derl","p2":"RSDPM","format":"[Gen 9] OU","log":"|j|\u2606derl\n|j|\u2606RSDPM\n|t:|1699954810\n|gametype|singles\n|player|p1|derl|1|1355\n|player|p2|RSDPM|riley|1239\n|teamsize|p1|6\n|teamsize|p2|6\n|gen|9\n|tier|[Gen 9] OU\n|rated|\n|rule|Sleep Clause Mod: Limit one foe put to sleep\n|rule|Species Clause: Limit one of each Pok\u00e9mon\n|rule|OHKO Clause: OHKO moves are banned\n|rule|Evasion Items Clause: Evasion items are banned\n|rule|Evasion Moves Clause: Evasion moves are banned\n|rule|Endless Battle Clause: Forcing endless battles is banned\n|rule|HP Percentage Mod: HP is shown in percentages\n|clearpoke\n|poke|p1|Dragonite, M|\n|poke|p1|Cinderace, F|\n|poke|p1|Kingambit, M|\n|poke|p1|Slowking-Galar, M|\n|poke|p1|Ceruledge, M|\n|poke|p1|Thundurus-Therian, M|\n|poke|p2|Wyrdeer, M|\n|poke|p2|Kleavor, M|\n|poke|p2|Ursaluna, F|\n|poke|p2|Basculegion-F, F|\n|poke|p2|Sneasler, F|\n|poke|p2|Overqwil, M|\n|teampreview\n|inactive|Battle timer is ON: inactive players will automatically lose when time's up. (requested by RSDPM)\n|\n|t:|1699954831\n|start\n|switch|p1a: Thundurus|Thundurus-Therian, M|100\/100\n|switch|p2a: Kleavor|Kleavor, M|100\/100\n|turn|1\n|\n|t:|1699954845\n|move|p2a: Kleavor|Stone Axe|p1a: Thundurus\n|-supereffective|p1a: Thundurus\n|-damage|p1a: Thundurus|0 fnt\n|-sidestart|p1: derl|move: Stealth Rock\n|faint|p1a: Thundurus\n|\n|upkeep\n|\n|t:|1699954863\n|switch|p1a: Kingambit|Kingambit, M|100\/100\n|-damage|p1a: Kingambit|94\/100|[from] Stealth Rock\n|-activate|p1a: Kingambit|ability: Supreme Overlord\n|-start|p1a: Kingambit|fallen1|[silent]\n|turn|2\n|\n|t:|1699954871\n|switch|p2a: Overqwil|Overqwil, M|100\/100\n|-ability|p2a: Overqwil|Intimidate|boost\n|-unboost|p1a: Kingambit|atk|1\n|move|p1a: Kingambit|Iron Head|p2a: Overqwil\n|-damage|p2a: Overqwil|77\/100\n|\n|-heal|p2a: Overqwil|83\/100|[from] item: Black Sludge\n|-heal|p1a: Kingambit|100\/100|[from] item: Leftovers\n|upkeep\n|turn|3\n|\n|t:|1699954887\n|switch|p2a: Ursaluna|Ursaluna, F|100\/100\n|-end|p1a: Kingambit|fallen1|[silent]\n|switch|p1a: Cinderace|Cinderace, F|100\/100\n|\n|-status|p2a: Ursaluna|brn|[from] item: Flame Orb\n|upkeep\n|turn|4\n|inactive|derl has 120 seconds left.\n|\n|t:|1699954909\n|move|p1a: Cinderace|Court Change|p1a: Cinderace\n|-start|p1a: Cinderace|typechange|Normal|[from] ability: Libero\n|-swapsideconditions\n|-activate|p1a: Cinderace|move: Court Change\n|move|p2a: Ursaluna|Facade|p1a: Cinderace\n|-damage|p1a: Cinderace|0 fnt\n|faint|p1a: Cinderace\n|\n|-damage|p2a: Ursaluna|94\/100 brn|[from] brn\n|upkeep\n|inactive|derl has 120 seconds left.\n|\n|t:|1699954923\n|switch|p1a: Ceruledge|Ceruledge, M|100\/100\n|turn|5\n|inactive|derl has 120 seconds left.\n|\n|t:|1699954937\n|switch|p2a: Overqwil|Overqwil, M|83\/100\n|-damage|p2a: Overqwil|71\/100|[from] Stealth Rock\n|-ability|p2a: Overqwil|Intimidate|boost\n|-unboost|p1a: Ceruledge|atk|1\n|-terastallize|p1a: Ceruledge|Fighting\n|move|p1a: Ceruledge|Close Combat|p2a: Overqwil\n|-damage|p2a: Overqwil|42\/100\n|-unboost|p1a: Ceruledge|def|1\n|-unboost|p1a: Ceruledge|spd|1\n|\n|-heal|p2a: Overqwil|48\/100|[from] item: Black Sludge\n|upkeep\n|turn|6\n|inactive|derl has 120 seconds left.\n|\n|t:|1699954953\n|move|p1a: Ceruledge|Swords Dance|p1a: Ceruledge\n|-boost|p1a: Ceruledge|atk|2\n|move|p2a: Overqwil|Toxic|p1a: Ceruledge\n|-status|p1a: Ceruledge|tox\n|\n|-heal|p2a: Overqwil|55\/100|[from] item: Black Sludge\n|-damage|p1a: Ceruledge|94\/100 tox|[from] psn\n|upkeep\n|turn|7\n|\n|t:|1699954963\n|move|p2a: Overqwil|Protect|p2a: Overqwil\n|-singleturn|p2a: Overqwil|Protect\n|move|p1a: Ceruledge|Bitter Blade|p2a: Overqwil\n|-activate|p2a: Overqwil|move: Protect\n|\n|-heal|p2a: Overqwil|61\/100|[from] item: Black Sludge\n|-damage|p1a: Ceruledge|82\/100 tox|[from] psn\n|upkeep\n|turn|8\n|inactive|derl has 120 seconds left.\n|\n|t:|1699954975\n|move|p1a: Ceruledge|Poltergeist|p2a: Overqwil\n|-activate|p2a: Overqwil|move: Poltergeist|Black Sludge\n|-resisted|p2a: Overqwil\n|-damage|p2a: Overqwil|27\/100\n|move|p2a: Overqwil|Spikes|p1a: Ceruledge\n|-sidestart|p1: derl|Spikes\n|\n|-heal|p2a: Overqwil|33\/100|[from] item: Black Sludge\n|-damage|p1a: Ceruledge|63\/100 tox|[from] psn\n|upkeep\n|turn|9\n|\n|t:|1699954986\n|move|p1a: Ceruledge|Swords Dance|p1a: Ceruledge\n|-boost|p1a: Ceruledge|atk|2\n|move|p2a: Overqwil|Spikes|p1a: Ceruledge\n|-sidestart|p1: derl|Spikes\n|\n|-heal|p2a: Overqwil|40\/100|[from] item: Black Sludge\n|-damage|p1a: Ceruledge|39\/100 tox|[from] psn\n|upkeep\n|turn|10\n|\n|t:|1699954994\n|move|p2a: Overqwil|Protect|p2a: Overqwil\n|-singleturn|p2a: Overqwil|Protect\n|move|p1a: Ceruledge|Bitter Blade|p2a: Overqwil\n|-activate|p2a: Overqwil|move: Protect\n|\n|-heal|p2a: Overqwil|46\/100|[from] item: Black Sludge\n|-damage|p1a: Ceruledge|8\/100 tox|[from] psn\n|upkeep\n|turn|11\n|\n|t:|1699955004\n|move|p2a: Overqwil|Protect||[still]\n|-fail|p2a: Overqwil\n|move|p1a: Ceruledge|Bitter Blade|p2a: Overqwil\n|-damage|p2a: Overqwil|0 fnt\n|-heal|p1a: Ceruledge|37\/100 tox|[from] drain|[of] p2a: Overqwil\n|faint|p2a: Overqwil\n|\n|-damage|p1a: Ceruledge|0 fnt|[from] psn\n|faint|p1a: Ceruledge\n|upkeep\n|inactive|RSDPM has 120 seconds left.\n|\n|t:|1699955036\n|switch|p1a: Dragonite|Dragonite, M|100\/100\n|switch|p2a: Ursaluna|Ursaluna, F|94\/100 brn\n|-damage|p2a: Ursaluna|88\/100 brn|[from] Stealth Rock\n|turn|12\n|\n|t:|1699955046\n|move|p1a: Dragonite|Dragon Dance|p1a: Dragonite\n|-boost|p1a: Dragonite|atk|1\n|-boost|p1a: Dragonite|spe|1\n|move|p2a: Ursaluna|Facade|p1a: Dragonite\n|-damage|p1a: Dragonite|29\/100\n|\n|-damage|p2a: Ursaluna|82\/100 brn|[from] brn\n|upkeep\n|turn|13\n|\n|t:|1699955060\n|move|p1a: Dragonite|Dragon Rush|p2a: Ursaluna|[miss]\n|-miss|p1a: Dragonite|p2a: Ursaluna\n|move|p2a: Ursaluna|Facade|p1a: Dragonite\n|-damage|p1a: Dragonite|0 fnt\n|faint|p1a: Dragonite\n|\n|-damage|p2a: Ursaluna|76\/100 brn|[from] brn\n|upkeep\n|-message|derl forfeited.\n|\n|win|RSDPM\n|raw|derl's rating: 1355 &rarr; <strong>1329<\/strong><br \/>(-26 for losing)\n|raw|RSDPM's rating: 1239 &rarr; <strong>1272<\/strong><br \/>(+33 for winning)\n|l|\u2606derl\n","uploadtime":1699955082,"views":6,"p1id":"derl","p2id":"rsdpm","formatid":"gen9ou","rating":1272,"private":0,"password":""}