{"id":"gen9ou-1999538759","p1":"makisenjo","p2":"Carchawaii","format":"[Gen 9] OU","log":"|j|\u2606makisenjo\n|j|\u2606Carchawaii\n|t:|1701093971\n|gametype|singles\n|player|p1|makisenjo|169|1524\n|player|p2|Carchawaii|cynthia|1452\n|teamsize|p1|6\n|teamsize|p2|6\n|gen|9\n|tier|[Gen 9] OU\n|rated|\n|rule|Sleep Clause Mod: Limit one foe put to sleep\n|rule|Species Clause: Limit one of each Pok\u00e9mon\n|rule|OHKO Clause: OHKO moves are banned\n|rule|Evasion Items Clause: Evasion items are banned\n|rule|Evasion Moves Clause: Evasion moves are banned\n|rule|Endless Battle Clause: Forcing endless battles is banned\n|rule|HP Percentage Mod: HP is shown in percentages\n|clearpoke\n|poke|p1|Rillaboom, M|\n|poke|p1|Cinderace, M|\n|poke|p1|Ogerpon-Cornerstone, F|\n|poke|p1|Kingambit, F|\n|poke|p1|Great Tusk|\n|poke|p1|Iron Valiant|\n|poke|p2|Iron Moth|\n|poke|p2|Samurott-Hisui, F|\n|poke|p2|Kingambit, F|\n|poke|p2|Enamorus, F|\n|poke|p2|Great Tusk|\n|poke|p2|Rillaboom, F|\n|teampreview\n|inactive|Battle timer is ON: inactive players will automatically lose when time's up. (requested by Carchawaii)\n|\n|t:|1701093983\n|start\n|switch|p1a: Cinderace|Cinderace, M|100\/100\n|switch|p2a: Samurott|Samurott-Hisui, F|100\/100\n|turn|1\n|\n|t:|1701093989\n|move|p1a: Cinderace|Will-O-Wisp|p2a: Samurott\n|-status|p2a: Samurott|brn\n|move|p2a: Samurott|Ceaseless Edge|p1a: Cinderace\n|-damage|p1a: Cinderace|82\/100\n|-sidestart|p1: makisenjo|Spikes\n|\n|-damage|p2a: Samurott|94\/100 brn|[from] brn\n|upkeep\n|turn|2\n|\n|t:|1701094001\n|move|p1a: Cinderace|Court Change|p1a: Cinderace\n|-swapsideconditions\n|-activate|p1a: Cinderace|move: Court Change\n|move|p2a: Samurott|Surf|p1a: Cinderace\n|-supereffective|p1a: Cinderace\n|-damage|p1a: Cinderace|11\/100\n|\n|-damage|p2a: Samurott|88\/100 brn|[from] brn\n|upkeep\n|turn|3\n|\n|t:|1701094009\n|move|p1a: Cinderace|U-turn|p2a: Samurott\n|-supereffective|p2a: Samurott\n|-crit|p2a: Samurott\n|-damage|p2a: Samurott|21\/100 brn\n|\n|t:|1701094012\n|switch|p1a: Rillaboom|Rillaboom, M|100\/100|[from] U-turn\n|-fieldstart|move: Grassy Terrain|[from] ability: Grassy Surge|[of] p1a: Rillaboom\n|move|p2a: Samurott|Ceaseless Edge|p1a: Rillaboom\n|-damage|p1a: Rillaboom|86\/100\n|-sidestart|p1: makisenjo|Spikes\n|\n|-heal|p2a: Samurott|27\/100 brn|[from] Grassy Terrain\n|-heal|p1a: Rillaboom|92\/100|[from] Grassy Terrain\n|-damage|p2a: Samurott|21\/100 brn|[from] brn\n|upkeep\n|turn|4\n|\n|t:|1701094027\n|move|p2a: Samurott|Ceaseless Edge|p1a: Rillaboom\n|-damage|p1a: Rillaboom|77\/100\n|-sidestart|p1: makisenjo|Spikes\n|move|p1a: Rillaboom|U-turn|p2a: Samurott\n|-supereffective|p2a: Samurott\n|-damage|p2a: Samurott|0 fnt\n|faint|p2a: Samurott\n|\n|t:|1701094043\n|switch|p1a: Ogerpon|Ogerpon-Cornerstone, F|100\/100|[from] U-turn\n|-damage|p1a: Ogerpon|84\/100|[from] Spikes\n|\n|-heal|p1a: Ogerpon|90\/100|[from] Grassy Terrain\n|upkeep\n|\n|t:|1701094056\n|switch|p2a: Iron Moth|Iron Moth|100\/100\n|-damage|p2a: Iron Moth|88\/100|[from] Spikes\n|-enditem|p2a: Iron Moth|Booster Energy\n|-activate|p2a: Iron Moth|ability: Quark Drive|[fromitem]\n|-start|p2a: Iron Moth|quarkdrivespe\n|turn|5\n|\n|t:|1701094065\n|-terastallize|p2a: Iron Moth|Ground\n|move|p2a: Iron Moth|Fiery Dance|p1a: Ogerpon\n|-damage|p1a: Ogerpon|40\/100\n|move|p1a: Ogerpon|Ivy Cudgel|p2a: Iron Moth|[anim] Ivy Cudgel Rock\n|-resisted|p2a: Iron Moth\n|-damage|p2a: Iron Moth|41\/100\n|\n|-heal|p2a: Iron Moth|47\/100|[from] Grassy Terrain\n|-heal|p1a: Ogerpon|46\/100|[from] Grassy Terrain\n|upkeep\n|turn|6\n|\n|t:|1701094082\n|-terastallize|p1a: Ogerpon|Rock\n|detailschange|p1a: Ogerpon|Ogerpon-Cornerstone-Tera, F, tera:Rock\n|-ability|p1a: Ogerpon|Embody Aspect (Cornerstone)|boost\n|-boost|p1a: Ogerpon|def|1\n|move|p2a: Iron Moth|Fiery Dance|p1a: Ogerpon\n|-resisted|p1a: Ogerpon\n|-damage|p1a: Ogerpon|23\/100\n|-boost|p2a: Iron Moth|spa|1\n|move|p1a: Ogerpon|Power Whip|p2a: Iron Moth|[miss]\n|-miss|p1a: Ogerpon|p2a: Iron Moth\n|\n|-heal|p2a: Iron Moth|53\/100|[from] Grassy Terrain\n|-heal|p1a: Ogerpon|29\/100|[from] Grassy Terrain\n|upkeep\n|turn|7\n|\n|t:|1701094100\n|move|p2a: Iron Moth|Fiery Dance|p1a: Ogerpon\n|-resisted|p1a: Ogerpon\n|-damage|p1a: Ogerpon|0 fnt\n|-boost|p2a: Iron Moth|spa|1\n|faint|p1a: Ogerpon\n|\n|-heal|p2a: Iron Moth|59\/100|[from] Grassy Terrain\n|-fieldend|move: Grassy Terrain\n|upkeep\n|\n|t:|1701094102\n|switch|p1a: Rillaboom|Rillaboom, M|77\/100\n|-damage|p1a: Rillaboom|61\/100|[from] Spikes\n|-fieldstart|move: Grassy Terrain|[from] ability: Grassy Surge|[of] p1a: Rillaboom\n|turn|8\n|\n|t:|1701094114\n|-end|p2a: Iron Moth|Quark Drive|[silent]\n|switch|p2a: Rillaboom|Rillaboom, F|100\/100\n|-damage|p2a: Rillaboom|88\/100|[from] Spikes\n|move|p1a: Rillaboom|Grassy Glide|p2a: Rillaboom\n|-resisted|p2a: Rillaboom\n|-damage|p2a: Rillaboom|54\/100\n|\n|-heal|p2a: Rillaboom|60\/100|[from] Grassy Terrain\n|-heal|p1a: Rillaboom|67\/100|[from] Grassy Terrain\n|upkeep\n|turn|9\n|\n|t:|1701094125\n|switch|p1a: Cinderace|Cinderace, M|11\/100\n|move|p2a: Rillaboom|U-turn|p1a: Cinderace\n|-resisted|p1a: Cinderace\n|-damage|p1a: Cinderace|0 fnt\n|faint|p1a: Cinderace\n|\n|t:|1701094132\n|switch|p2a: Great Tusk|Great Tusk|100\/100|[from] U-turn\n|-damage|p2a: Great Tusk|88\/100|[from] Spikes\n|\n|-heal|p2a: Great Tusk|94\/100|[from] Grassy Terrain\n|-heal|p2a: Great Tusk|100\/100|[from] item: Leftovers\n|upkeep\n|\n|t:|1701094139\n|switch|p1a: Great Tusk|Great Tusk|100\/100\n|-damage|p1a: Great Tusk|84\/100|[from] Spikes\n|turn|10\n|\n|t:|1701094144\n|move|p1a: Great Tusk|Rapid Spin|p2a: Great Tusk\n|-damage|p2a: Great Tusk|94\/100\n|-boost|p1a: Great Tusk|spe|1\n|-sideend|p1: makisenjo|Spikes|[from] move: Rapid Spin|[of] p1a: Great Tusk\n|move|p2a: Great Tusk|Rapid Spin|p1a: Great Tusk\n|-damage|p1a: Great Tusk|75\/100\n|-boost|p2a: Great Tusk|spe|1\n|-damage|p2a: Great Tusk|77\/100|[from] item: Rocky Helmet|[of] p1a: Great Tusk\n|-sideend|p2: Carchawaii|Spikes|[from] move: Rapid Spin|[of] p2a: Great Tusk\n|\n|-heal|p1a: Great Tusk|81\/100|[from] Grassy Terrain\n|-heal|p2a: Great Tusk|84\/100|[from] Grassy Terrain\n|-heal|p2a: Great Tusk|90\/100|[from] item: Leftovers\n|upkeep\n|turn|11\n|\n|t:|1701094157\n|move|p1a: Great Tusk|Stealth Rock|p2a: Great Tusk\n|-sidestart|p2: Carchawaii|move: Stealth Rock\n|move|p2a: Great Tusk|Knock Off|p1a: Great Tusk\n|-resisted|p1a: Great Tusk\n|-damage|p1a: Great Tusk|71\/100\n|-damage|p2a: Great Tusk|73\/100|[from] item: Rocky Helmet|[of] p1a: Great Tusk\n|-enditem|p1a: Great Tusk|Rocky Helmet|[from] move: Knock Off|[of] p2a: Great Tusk\n|\n|-heal|p1a: Great Tusk|78\/100|[from] Grassy Terrain\n|-heal|p2a: Great Tusk|80\/100|[from] Grassy Terrain\n|-heal|p2a: Great Tusk|86\/100|[from] item: Leftovers\n|upkeep\n|turn|12\n|\n|t:|1701094174\n|move|p1a: Great Tusk|Ice Spinner|p2a: Great Tusk\n|-supereffective|p2a: Great Tusk\n|-damage|p2a: Great Tusk|64\/100\n|-fieldend|move: Grassy Terrain\n|move|p2a: Great Tusk|Stealth Rock|p1a: Great Tusk\n|-sidestart|p1: makisenjo|move: Stealth Rock\n|\n|-heal|p2a: Great Tusk|70\/100|[from] item: Leftovers\n|upkeep\n|turn|13\n|\n|t:|1701094184\n|move|p1a: Great Tusk|Ice Spinner|p2a: Great Tusk\n|-supereffective|p2a: Great Tusk\n|-damage|p2a: Great Tusk|46\/100\n|move|p2a: Great Tusk|Rapid Spin|p1a: Great Tusk\n|-damage|p1a: Great Tusk|68\/100\n|-boost|p2a: Great Tusk|spe|1\n|-sideend|p2: Carchawaii|Stealth Rock|[from] move: Rapid Spin|[of] p2a: Great Tusk\n|\n|-heal|p2a: Great Tusk|53\/100|[from] item: Leftovers\n|upkeep\n|turn|14\n|\n|t:|1701094195\n|-end|p2a: Great Tusk|Protosynthesis|[silent]\n|switch|p2a: Enamorus|Enamorus, F|100\/100\n|move|p1a: Great Tusk|Rapid Spin|p2a: Enamorus\n|-damage|p2a: Enamorus|77\/100\n|-boost|p1a: Great Tusk|spe|1\n|-sideend|p1: makisenjo|Stealth Rock|[from] move: Rapid Spin|[of] p1a: Great Tusk\n|\n|upkeep\n|turn|15\n|inactive|makisenjo has 120 seconds left.\n|\n|t:|1701094249\n|move|p1a: Great Tusk|Ice Spinner|p2a: Enamorus\n|-supereffective|p2a: Enamorus\n|-damage|p2a: Enamorus|8\/100\n|move|p2a: Enamorus|Moonblast|p1a: Great Tusk\n|-supereffective|p1a: Great Tusk\n|-damage|p1a: Great Tusk|0 fnt\n|faint|p1a: Great Tusk\n|-end|p1a: Great Tusk|Protosynthesis|[silent]\n|\n|upkeep\n|inactive|makisenjo has 90 seconds left.\n|\n|t:|1701094264\n|switch|p1a: Rillaboom|Rillaboom, M|67\/100\n|-fieldstart|move: Grassy Terrain|[from] ability: Grassy Surge|[of] p1a: Rillaboom\n|turn|16\n|\n|t:|1701094270\n|switch|p2a: Rillaboom|Rillaboom, F|60\/100\n|move|p1a: Rillaboom|Grassy Glide|p2a: Rillaboom\n|-resisted|p2a: Rillaboom\n|-damage|p2a: Rillaboom|28\/100\n|\n|-heal|p2a: Rillaboom|34\/100|[from] Grassy Terrain\n|-heal|p1a: Rillaboom|73\/100|[from] Grassy Terrain\n|upkeep\n|turn|17\n|\n|t:|1701094281\n|move|p1a: Rillaboom|Grassy Glide|p2a: Rillaboom\n|-resisted|p2a: Rillaboom\n|-damage|p2a: Rillaboom|3\/100\n|move|p2a: Rillaboom|U-turn|p1a: Rillaboom\n|-supereffective|p1a: Rillaboom\n|-damage|p1a: Rillaboom|0 fnt\n|faint|p1a: Rillaboom\n|\n|t:|1701094291\n|switch|p2a: Iron Moth|Iron Moth, tera:Ground|59\/100|[from] U-turn\n|\n|-heal|p2a: Iron Moth|65\/100|[from] Grassy Terrain\n|upkeep\n|\n|t:|1701094300\n|switch|p1a: Kingambit|Kingambit, F|100\/100\n|-activate|p1a: Kingambit|ability: Supreme Overlord\n|-start|p1a: Kingambit|fallen4|[silent]\n|-item|p1a: Kingambit|Air Balloon\n|turn|18\n|inactive|makisenjo has 120 seconds left.\n|\n|t:|1701094307\n|move|p1a: Kingambit|Sucker Punch||[still]\n|-fail|p1a: Kingambit\n|move|p2a: Iron Moth|Substitute|p2a: Iron Moth\n|-start|p2a: Iron Moth|Substitute\n|-damage|p2a: Iron Moth|41\/100\n|\n|-heal|p2a: Iron Moth|47\/100|[from] Grassy Terrain\n|upkeep\n|turn|19\n|\n|t:|1701094315\n|move|p2a: Iron Moth|Fiery Dance|p1a: Kingambit\n|-supereffective|p1a: Kingambit\n|-damage|p1a: Kingambit|26\/100\n|-boost|p2a: Iron Moth|spa|1\n|-enditem|p1a: Kingambit|Air Balloon\n|move|p1a: Kingambit|Low Kick|p2a: Iron Moth\n|-end|p2a: Iron Moth|Substitute\n|\n|-heal|p2a: Iron Moth|53\/100|[from] Grassy Terrain\n|-heal|p1a: Kingambit|32\/100|[from] Grassy Terrain\n|upkeep\n|turn|20\n|\n|t:|1701094328\n|move|p2a: Iron Moth|Fiery Dance|p1a: Kingambit\n|-supereffective|p1a: Kingambit\n|-damage|p1a: Kingambit|0 fnt\n|faint|p1a: Kingambit\n|-end|p1a: Kingambit|fallen4|[silent]\n|\n|-heal|p2a: Iron Moth|59\/100|[from] Grassy Terrain\n|-fieldend|move: Grassy Terrain\n|upkeep\n|\n|t:|1701094330\n|switch|p1a: Iron Valiant|Iron Valiant|100\/100\n|-enditem|p1a: Iron Valiant|Booster Energy\n|-activate|p1a: Iron Valiant|ability: Quark Drive|[fromitem]\n|-start|p1a: Iron Valiant|quarkdrivespe\n|turn|21\n|\n|t:|1701094339\n|move|p1a: Iron Valiant|Moonblast|p2a: Iron Moth\n|-damage|p2a: Iron Moth|13\/100\n|move|p2a: Iron Moth|Sludge Wave|p1a: Iron Valiant\n|-supereffective|p1a: Iron Valiant\n|-damage|p1a: Iron Valiant|0 fnt\n|faint|p1a: Iron Valiant\n|-end|p1a: Iron Valiant|Quark Drive|[silent]\n|\n|win|Carchawaii\n|raw|makisenjo's rating: 1524 &rarr; <strong>1500<\/strong><br \/>(-24 for losing)\n|raw|Carchawaii's rating: 1452 &rarr; <strong>1476<\/strong><br \/>(+24 for winning)\n|l|\u2606makisenjo\n","uploadtime":1701094355,"views":3,"p1id":"makisenjo","p2id":"carchawaii","formatid":"gen9ou","rating":1476,"private":0,"password":""}