{"id":"gen9ou-1998345487","p1":"empoleon9000","p2":"gfrostmoths","format":"[Gen 9] OU","log":"|j|\u2606empoleon9000\n|j|\u2606gfrostmoths\n|t:|1700931955\n|gametype|singles\n|player|p1|empoleon9000|169|\n|player|p2|gfrostmoths|adaman|\n|teamsize|p1|6\n|teamsize|p2|6\n|gen|9\n|tier|[Gen 9] OU\n|rule|Sleep Clause Mod: Limit one foe put to sleep\n|rule|Species Clause: Limit one of each Pok\u00e9mon\n|rule|OHKO Clause: OHKO moves are banned\n|rule|Evasion Items Clause: Evasion items are banned\n|rule|Evasion Moves Clause: Evasion moves are banned\n|rule|Endless Battle Clause: Forcing endless battles is banned\n|rule|HP Percentage Mod: HP is shown in percentages\n|clearpoke\n|poke|p1|Alomomola, M|\n|poke|p1|Slowking-Galar, M|\n|poke|p1|Frosmoth, F|\n|poke|p1|Kingambit, M|\n|poke|p1|Landorus-Therian, M|\n|poke|p1|Cinderace, F|\n|poke|p2|Dragapult, F|\n|poke|p2|Iron Moth|\n|poke|p2|Ogerpon-Cornerstone, F|\n|poke|p2|Empoleon, F|\n|poke|p2|Zapdos|\n|poke|p2|Great Tusk|\n|teampreview\n|j| Kai dragneel\n|c|\u2606empoleon9000|glhf\n|\n|t:|1700932008\n|start\n|switch|p1a: Frosmoth|Frosmoth, F|100\/100\n|switch|p2a: Dragapult|Dragapult, F|100\/100\n|turn|1\n|\n|t:|1700932026\n|move|p2a: Dragapult|U-turn|p1a: Frosmoth\n|-damage|p1a: Frosmoth|83\/100\n|\n|t:|1700932036\n|switch|p2a: Iron Moth|Iron Moth|100\/100|[from] U-turn\n|move|p1a: Frosmoth|U-turn|p2a: Iron Moth\n|-resisted|p2a: Iron Moth\n|-damage|p2a: Iron Moth|94\/100\n|\n|t:|1700932079\n|switch|p1a: Landorus|Landorus-Therian, M|100\/100|[from] U-turn\n|-ability|p1a: Landorus|Intimidate|boost\n|-unboost|p2a: Iron Moth|atk|1\n|\n|upkeep\n|turn|2\n|\n|t:|1700932086\n|-end|p2a: Iron Moth|Quark Drive|[silent]\n|switch|p2a: Zapdos|Zapdos|100\/100\n|move|p1a: Landorus|Stone Edge|p2a: Zapdos\n|-supereffective|p2a: Zapdos\n|-damage|p2a: Zapdos|50\/100\n|\n|upkeep\n|turn|3\n|\n|t:|1700932137\n|switch|p1a: Frosmoth|Frosmoth, F|83\/100\n|switch|p2a: Great Tusk|Great Tusk|100\/100\n|\n|upkeep\n|turn|4\n|\n|t:|1700932152\n|-end|p2a: Great Tusk|Protosynthesis|[silent]\n|switch|p2a: Empoleon|Empoleon, F|100\/100\n|move|p1a: Frosmoth|Ice Beam|p2a: Empoleon\n|-resisted|p2a: Empoleon\n|-damage|p2a: Empoleon|94\/100\n|\n|-heal|p2a: Empoleon|100\/100|[from] item: Leftovers\n|upkeep\n|turn|5\n|\n|t:|1700932165\n|move|p1a: Frosmoth|U-turn|p2a: Empoleon\n|-resisted|p2a: Empoleon\n|-damage|p2a: Empoleon|93\/100\n|\n|t:|1700932187\n|switch|p1a: Landorus|Landorus-Therian, M|100\/100|[from] U-turn\n|-ability|p1a: Landorus|Intimidate|boost\n|-unboost|p2a: Empoleon|atk|1\n|-ability|p2a: Empoleon|Competitive|boost\n|-boost|p2a: Empoleon|spa|2\n|move|p2a: Empoleon|Stealth Rock|p1a: Landorus\n|-sidestart|p1: empoleon9000|move: Stealth Rock\n|\n|-heal|p2a: Empoleon|99\/100|[from] item: Leftovers\n|upkeep\n|turn|6\n|\n|t:|1700932233\n|switch|p2a: Great Tusk|Great Tusk|100\/100\n|move|p1a: Landorus|Earthquake|p2a: Great Tusk\n|-damage|p2a: Great Tusk|67\/100\n|\n|-heal|p2a: Great Tusk|73\/100|[from] item: Leftovers\n|upkeep\n|turn|7\n|\n|t:|1700932256\n|switch|p1a: Alomomola|Alomomola, M|100\/100\n|-damage|p1a: Alomomola|88\/100|[from] Stealth Rock\n|move|p2a: Great Tusk|Knock Off|p1a: Alomomola\n|-damage|p1a: Alomomola|72\/100\n|-damage|p2a: Great Tusk|56\/100|[from] item: Rocky Helmet|[of] p1a: Alomomola\n|-enditem|p1a: Alomomola|Rocky Helmet|[from] move: Knock Off|[of] p2a: Great Tusk\n|\n|-heal|p2a: Great Tusk|62\/100|[from] item: Leftovers\n|upkeep\n|turn|8\n|\n|t:|1700932270\n|-end|p2a: Great Tusk|Protosynthesis|[silent]\n|switch|p2a: Empoleon|Empoleon, F|99\/100\n|move|p1a: Alomomola|Flip Turn|p2a: Empoleon\n|-resisted|p2a: Empoleon\n|-damage|p2a: Empoleon|91\/100\n|\n|t:|1700932283\n|switch|p1a: Cinderace|Cinderace, F|100\/100|[from] Flip Turn\n|\n|-heal|p2a: Empoleon|97\/100|[from] item: Leftovers\n|upkeep\n|turn|9\n|\n|t:|1700932305\n|move|p1a: Cinderace|Court Change|p1a: Cinderace\n|-start|p1a: Cinderace|typechange|Normal|[from] ability: Libero\n|-swapsideconditions\n|-activate|p1a: Cinderace|move: Court Change\n|move|p2a: Empoleon|Flip Turn|p1a: Cinderace\n|-damage|p1a: Cinderace|76\/100\n|\n|t:|1700932340\n|switch|p2a: Great Tusk|Great Tusk|62\/100|[from] Flip Turn\n|-damage|p2a: Great Tusk|59\/100|[from] Stealth Rock\n|\n|-heal|p2a: Great Tusk|66\/100|[from] item: Leftovers\n|upkeep\n|turn|10\n|\n|t:|1700932352\n|move|p1a: Cinderace|U-turn|p2a: Great Tusk\n|-resisted|p2a: Great Tusk\n|-damage|p2a: Great Tusk|58\/100\n|\n|t:|1700932361\n|switch|p1a: Landorus|Landorus-Therian, M|100\/100|[from] U-turn\n|-ability|p1a: Landorus|Intimidate|boost\n|-unboost|p2a: Great Tusk|atk|1\n|move|p2a: Great Tusk|Knock Off|p1a: Landorus\n|-damage|p1a: Landorus|79\/100\n|-enditem|p1a: Landorus|Choice Scarf|[from] move: Knock Off|[of] p2a: Great Tusk\n|\n|-heal|p2a: Great Tusk|65\/100|[from] item: Leftovers\n|upkeep\n|turn|11\n|\n|t:|1700932397\n|move|p1a: Landorus|Grass Knot|p2a: Great Tusk\n|-supereffective|p2a: Great Tusk\n|-damage|p2a: Great Tusk|0 fnt\n|faint|p2a: Great Tusk\n|-end|p2a: Great Tusk|Protosynthesis|[silent]\n|\n|upkeep\n|\n|t:|1700932411\n|switch|p2a: Dragapult|Dragapult, F|100\/100\n|-damage|p2a: Dragapult|88\/100|[from] Stealth Rock\n|turn|12\n|\n|t:|1700932432\n|switch|p1a: Frosmoth|Frosmoth, F|83\/100\n|move|p2a: Dragapult|Shadow Ball|p1a: Frosmoth\n|-damage|p1a: Frosmoth|56\/100\n|-unboost|p1a: Frosmoth|spd|1\n|\n|upkeep\n|turn|13\n|\n|t:|1700932454\n|switch|p2a: Iron Moth|Iron Moth|94\/100\n|-damage|p2a: Iron Moth|69\/100|[from] Stealth Rock\n|switch|p1a: Slowking|Slowking-Galar, M|100\/100\n|\n|upkeep\n|turn|14\n|\n|t:|1700932479\n|-end|p2a: Iron Moth|Quark Drive|[silent]\n|switch|p2a: Empoleon|Empoleon, F|97\/100\n|-damage|p2a: Empoleon|91\/100|[from] Stealth Rock\n|move|p1a: Slowking|Future Sight|p2a: Empoleon\n|-start|p1a: Slowking|move: Future Sight\n|\n|-heal|p2a: Empoleon|97\/100|[from] item: Leftovers\n|upkeep\n|turn|15\n|\n|t:|1700932539\n|switch|p1a: Kingambit|Kingambit, M|100\/100\n|move|p2a: Empoleon|Flip Turn|p1a: Kingambit\n|-damage|p1a: Kingambit|87\/100\n|\n|t:|1700932550\n|switch|p2a: Zapdos|Zapdos|50\/100|[from] Flip Turn\n|\n|-heal|p1a: Kingambit|93\/100|[from] item: Leftovers\n|upkeep\n|turn|16\n|\n|t:|1700932565\n|move|p2a: Zapdos|Roost|p2a: Zapdos\n|-heal|p2a: Zapdos|99\/100\n|-singleturn|p2a: Zapdos|move: Roost\n|move|p1a: Kingambit|Swords Dance|p1a: Kingambit\n|-boost|p1a: Kingambit|atk|2\n|\n|-end|p2a: Zapdos|move: Future Sight\n|-damage|p2a: Zapdos|55\/100\n|-heal|p1a: Kingambit|99\/100|[from] item: Leftovers\n|upkeep\n|turn|17\n|\n|t:|1700932580\n|move|p2a: Zapdos|Discharge|p1a: Kingambit\n|-damage|p1a: Kingambit|66\/100\n|move|p1a: Kingambit|Kowtow Cleave|p2a: Zapdos\n|-damage|p2a: Zapdos|0 fnt\n|-status|p1a: Kingambit|par|[from] ability: Static|[of] p2a: Zapdos\n|faint|p2a: Zapdos\n|\n|-heal|p1a: Kingambit|72\/100 par|[from] item: Leftovers\n|upkeep\n|\n|t:|1700932590\n|switch|p2a: Iron Moth|Iron Moth|69\/100\n|-damage|p2a: Iron Moth|44\/100|[from] Stealth Rock\n|turn|18\n|\n|t:|1700932595\n|cant|p1a: Kingambit|par\n|move|p2a: Iron Moth|Fiery Dance|p1a: Kingambit\n|-supereffective|p1a: Kingambit\n|-damage|p1a: Kingambit|0 fnt\n|faint|p1a: Kingambit\n|-end|p1a: Kingambit|fallenundefined|[silent]\n|\n|upkeep\n|\n|t:|1700932600\n|switch|p1a: Slowking|Slowking-Galar, M|100\/100\n|turn|19\n|\n|t:|1700932612\n|-end|p2a: Iron Moth|Quark Drive|[silent]\n|switch|p2a: Empoleon|Empoleon, F|97\/100\n|-damage|p2a: Empoleon|91\/100|[from] Stealth Rock\n|switch|p1a: Landorus|Landorus-Therian, M|79\/100\n|-ability|p1a: Landorus|Intimidate|boost\n|-unboost|p2a: Empoleon|atk|1\n|-ability|p2a: Empoleon|Competitive|boost\n|-boost|p2a: Empoleon|spa|2\n|\n|-heal|p2a: Empoleon|97\/100|[from] item: Leftovers\n|upkeep\n|turn|20\n|\n|t:|1700932628\n|-terastallize|p2a: Empoleon|Fairy\n|move|p1a: Landorus|Earthquake|p2a: Empoleon\n|-damage|p2a: Empoleon|43\/100\n|move|p2a: Empoleon|Surf|p1a: Landorus\n|-supereffective|p1a: Landorus\n|-damage|p1a: Landorus|0 fnt\n|faint|p1a: Landorus\n|\n|-heal|p2a: Empoleon|49\/100|[from] item: Leftovers\n|upkeep\n|\n|t:|1700932634\n|switch|p1a: Slowking|Slowking-Galar, M|100\/100\n|turn|21\n|\n|t:|1700932647\n|move|p2a: Empoleon|Surf|p1a: Slowking\n|-damage|p1a: Slowking|69\/100\n|move|p1a: Slowking|Sludge Bomb|p2a: Empoleon\n|-supereffective|p2a: Empoleon\n|-damage|p2a: Empoleon|0 fnt\n|faint|p2a: Empoleon\n|\n|upkeep\n|\n|t:|1700932656\n|switch|p2a: Dragapult|Dragapult, F|88\/100\n|-damage|p2a: Dragapult|76\/100|[from] Stealth Rock\n|turn|22\n|\n|t:|1700932669\n|switch|p1a: Frosmoth|Frosmoth, F|56\/100\n|move|p2a: Dragapult|Flamethrower|p1a: Frosmoth\n|-supereffective|p1a: Frosmoth\n|-damage|p1a: Frosmoth|0 fnt\n|faint|p1a: Frosmoth\n|\n|upkeep\n|\n|t:|1700932677\n|switch|p1a: Cinderace|Cinderace, F|76\/100\n|turn|23\n|\n|t:|1700932686\n|switch|p2a: Iron Moth|Iron Moth|44\/100\n|-damage|p2a: Iron Moth|19\/100|[from] Stealth Rock\n|move|p1a: Cinderace|U-turn|p2a: Iron Moth\n|-start|p1a: Cinderace|typechange|Bug|[from] ability: Libero\n|-resisted|p2a: Iron Moth\n|-damage|p2a: Iron Moth|4\/100\n|\n|t:|1700932691\n|switch|p1a: Slowking|Slowking-Galar, M|100\/100|[from] U-turn\n|\n|upkeep\n|turn|24\n|\n|t:|1700932699\n|move|p2a: Iron Moth|Fiery Dance|p1a: Slowking\n|-damage|p1a: Slowking|80\/100\n|move|p1a: Slowking|Sludge Bomb|p2a: Iron Moth\n|-resisted|p2a: Iron Moth\n|-damage|p2a: Iron Moth|0 fnt\n|faint|p2a: Iron Moth\n|-end|p2a: Iron Moth|Quark Drive|[silent]\n|\n|upkeep\n|\n|t:|1700932712\n|switch|p2a: Dragapult|Dragapult, F|76\/100\n|-damage|p2a: Dragapult|64\/100|[from] Stealth Rock\n|turn|25\n|\n|t:|1700932716\n|move|p2a: Dragapult|Shadow Ball|p1a: Slowking\n|-supereffective|p1a: Slowking\n|-damage|p1a: Slowking|38\/100\n|move|p1a: Slowking|Ice Beam|p2a: Dragapult\n|-supereffective|p2a: Dragapult\n|-damage|p2a: Dragapult|0 fnt\n|faint|p2a: Dragapult\n|\n|upkeep\n|\n|t:|1700932727\n|switch|p2a: Ogerpon|Ogerpon-Cornerstone, F|100\/100\n|-damage|p2a: Ogerpon|88\/100|[from] Stealth Rock\n|turn|26\n|\n|t:|1700932762\n|move|p2a: Ogerpon|Ivy Cudgel|p1a: Slowking|[anim] Ivy Cudgel Rock\n|-damage|p1a: Slowking|0 fnt\n|faint|p1a: Slowking\n|\n|upkeep\n|\n|t:|1700932765\n|switch|p1a: Cinderace|Cinderace, F|76\/100\n|turn|27\n|\n|t:|1700932769\n|move|p1a: Cinderace|U-turn|p2a: Ogerpon\n|-start|p1a: Cinderace|typechange|Bug|[from] ability: Libero\n|-supereffective|p2a: Ogerpon\n|-damage|p2a: Ogerpon|0 fnt\n|faint|p2a: Ogerpon\n|\n|win|empoleon9000\n|c|\u2606empoleon9000|gg\n|c|\u2606gfrostmoths|gg\n|l| Kai dragneel\n","uploadtime":1700932784,"views":3,"p1id":"empoleon9000","p2id":"gfrostmoths","formatid":"gen9ou","rating":0,"private":0,"password":""}