{"id":"gen9ou-2000599102","p1":"SirSpanklez","p2":"jpixel dude","format":"[Gen 9] OU","log":"|j|\u2606SirSpanklez\n|j|\u2606jpixel dude\n|t:|1701209125\n|gametype|singles\n|player|p1|SirSpanklez|pokemonrangerf|1362\n|player|p2|jpixel dude|benga|1379\n|teamsize|p1|6\n|teamsize|p2|6\n|gen|9\n|tier|[Gen 9] OU\n|rated|\n|rule|Sleep Clause Mod: Limit one foe put to sleep\n|rule|Species Clause: Limit one of each Pok\u00e9mon\n|rule|OHKO Clause: OHKO moves are banned\n|rule|Evasion Items Clause: Evasion items are banned\n|rule|Evasion Moves Clause: Evasion moves are banned\n|rule|Endless Battle Clause: Forcing endless battles is banned\n|rule|HP Percentage Mod: HP is shown in percentages\n|clearpoke\n|poke|p1|Greninja-*, M|\n|poke|p1|Gholdengo|\n|poke|p1|Corviknight, M|\n|poke|p1|Weezing-Galar, M|\n|poke|p1|Iron Valiant|\n|poke|p1|Jirachi|\n|poke|p2|Ogerpon-Wellspring, F|\n|poke|p2|Corviknight, F|\n|poke|p2|Enamorus, F|\n|poke|p2|Clefable, M|\n|poke|p2|Dragapult, M|\n|poke|p2|Glimmora, F|\n|teampreview\n|j| scorpion disco\n|\n|t:|1701209136\n|start\n|switch|p1a: The 1% of Gamblers|Gholdengo|100\/100\n|switch|p2a: Dragapult|Dragapult, M|100\/100\n|turn|1\n|j| TorterraMain\n|\n|t:|1701209149\n|switch|p2a: Corviknight|Corviknight, F|100\/100\n|switch|p1a: Gresumo|Greninja, M|100\/100\n|\n|upkeep\n|turn|2\n|\n|t:|1701209155\n|switch|p1a: Fatty|Corviknight, M|100\/100\n|move|p2a: Corviknight|U-turn|p1a: Fatty\n|-resisted|p1a: Fatty\n|-crit|p1a: Fatty\n|-damage|p1a: Fatty|96\/100\n|\n|t:|1701209159\n|switch|p2a: Dragapult|Dragapult, M|100\/100|[from] U-turn\n|\n|upkeep\n|turn|3\n|\n|t:|1701209164\n|move|p2a: Dragapult|Flamethrower|p1a: Fatty\n|-supereffective|p1a: Fatty\n|-damage|p1a: Fatty|40\/100\n|-enditem|p1a: Fatty|Weakness Policy\n|-boost|p1a: Fatty|atk|2|[from] item: Weakness Policy\n|-boost|p1a: Fatty|spa|2|[from] item: Weakness Policy\n|move|p1a: Fatty|Agility|p1a: Fatty\n|-boost|p1a: Fatty|spe|2\n|\n|upkeep\n|turn|4\n|\n|t:|1701209174\n|-terastallize|p1a: Fatty|Dark\n|move|p2a: Dragapult|Flamethrower|p1a: Fatty\n|-crit|p1a: Fatty\n|-damage|p1a: Fatty|0 fnt\n|faint|p1a: Fatty\n|\n|upkeep\n|l| scorpion disco\n|c|\u2606SirSpanklez|yay\n|\n|t:|1701209185\n|switch|p1a: The 1% of Gamblers|Gholdengo|100\/100\n|turn|5\n|c|\u2606jpixel dude|not max speed?\n|\n|t:|1701209192\n|switch|p2a: Corviknight|Corviknight, F|100\/100\n|move|p1a: The 1% of Gamblers|Thunder Wave|p2a: Corviknight\n|-status|p2a: Corviknight|par\n|\n|upkeep\n|turn|6\n|c|\u2606SirSpanklez|no he need some bulk in em\n|-activate|p1a: The 1% of Gamblers|item: Quick Claw\n|\n|t:|1701209203\n|move|p1a: The 1% of Gamblers|Confuse Ray|p2a: Corviknight\n|-start|p2a: Corviknight|confusion\n|-activate|p2a: Corviknight|confusion\n|-damage|p2a: Corviknight|96\/100 par|[from] confusion\n|\n|-heal|p2a: Corviknight|100\/100 par|[from] item: Leftovers\n|upkeep\n|turn|7\n|\n|t:|1701209210\n|switch|p1a: My Tummy Hurts|Iron Valiant, shiny|100\/100\n|-enditem|p1a: My Tummy Hurts|Booster Energy\n|-activate|p1a: My Tummy Hurts|ability: Quark Drive|[fromitem]\n|-start|p1a: My Tummy Hurts|quarkdriveatk\n|-activate|p2a: Corviknight|confusion\n|-damage|p2a: Corviknight|95\/100 par|[from] confusion\n|\n|-heal|p2a: Corviknight|100\/100 par|[from] item: Leftovers\n|upkeep\n|turn|8\n|\n|t:|1701209216\n|move|p1a: My Tummy Hurts|Swords Dance|p1a: My Tummy Hurts\n|-boost|p1a: My Tummy Hurts|atk|2\n|-activate|p2a: Corviknight|confusion\n|-damage|p2a: Corviknight|95\/100 par|[from] confusion\n|\n|-heal|p2a: Corviknight|100\/100 par|[from] item: Leftovers\n|upkeep\n|turn|9\n|\n|t:|1701209222\n|move|p1a: My Tummy Hurts|Metronome|p1a: My Tummy Hurts\n|move|p1a: My Tummy Hurts|Crabhammer|p2a: Corviknight|[from]move: Metronome\n|-damage|p2a: Corviknight|54\/100 par\n|-activate|p2a: Corviknight|confusion\n|cant|p2a: Corviknight|par\n|\n|-heal|p2a: Corviknight|60\/100 par|[from] item: Leftovers\n|upkeep\n|turn|10\n|\n|t:|1701209230\n|move|p1a: My Tummy Hurts|Metronome|p1a: My Tummy Hurts\n|move|p1a: My Tummy Hurts|Sand Tomb|p2a: Corviknight|[from]move: Metronome\n|-immune|p2a: Corviknight\n|-end|p2a: Corviknight|confusion\n|move|p2a: Corviknight|Iron Head|p1a: My Tummy Hurts\n|-supereffective|p1a: My Tummy Hurts\n|-damage|p1a: My Tummy Hurts|51\/100\n|\n|-heal|p2a: Corviknight|66\/100 par|[from] item: Leftovers\n|upkeep\n|turn|11\n|\n|t:|1701209238\n|move|p1a: My Tummy Hurts|Metronome|p1a: My Tummy Hurts\n|move|p1a: My Tummy Hurts|Bind|p2a: Corviknight|[from]move: Metronome\n|-resisted|p2a: Corviknight\n|-crit|p2a: Corviknight\n|-damage|p2a: Corviknight|61\/100 par\n|-activate|p2a: Corviknight|move: Bind|[of] p1a: My Tummy Hurts\n|move|p2a: Corviknight|Iron Head|p1a: My Tummy Hurts\n|-supereffective|p1a: My Tummy Hurts\n|-damage|p1a: My Tummy Hurts|0 fnt\n|faint|p1a: My Tummy Hurts\n|-end|p1a: My Tummy Hurts|Quark Drive|[silent]\n|\n|-heal|p2a: Corviknight|67\/100 par|[from] item: Leftovers\n|-end|p2a: Corviknight|Bind|[partiallytrapped]|[silent]\n|upkeep\n|c|\u2606SirSpanklez|unoptimal\n|\n|t:|1701209251\n|switch|p1a: Vape Reference|Weezing-Galar, M|100\/100\n|turn|12\n|\n|t:|1701209255\n|move|p1a: Vape Reference|Thunderbolt|p2a: Corviknight\n|-supereffective|p2a: Corviknight\n|-damage|p2a: Corviknight|20\/100 par\n|cant|p2a: Corviknight|par\n|\n|-heal|p2a: Corviknight|26\/100 par|[from] item: Leftovers\n|upkeep\n|turn|13\n|\n|t:|1701209260\n|move|p1a: Vape Reference|Thunderbolt|p2a: Corviknight\n|-supereffective|p2a: Corviknight\n|-damage|p2a: Corviknight|0 fnt\n|faint|p2a: Corviknight\n|\n|upkeep\n|\n|t:|1701209269\n|switch|p2a: Glimmora|Glimmora, F|100\/100\n|turn|14\n|\n|t:|1701209273\n|move|p1a: Vape Reference|Thunderbolt|p2a: Glimmora\n|-damage|p2a: Glimmora|82\/100\n|move|p2a: Glimmora|Sludge Wave|p1a: Vape Reference\n|-damage|p1a: Vape Reference|8\/100\n|\n|upkeep\n|turn|15\n|\n|t:|1701209285\n|switch|p1a: The 1% of Gamblers|Gholdengo|100\/100\n|move|p2a: Glimmora|Earth Power|p1a: The 1% of Gamblers\n|-supereffective|p1a: The 1% of Gamblers\n|-damage|p1a: The 1% of Gamblers|29\/100\n|\n|upkeep\n|turn|16\n|\n|t:|1701209290\n|move|p2a: Glimmora|Earth Power|p1a: The 1% of Gamblers\n|-supereffective|p1a: The 1% of Gamblers\n|-damage|p1a: The 1% of Gamblers|0 fnt\n|faint|p1a: The 1% of Gamblers\n|\n|upkeep\n|\n|t:|1701209294\n|switch|p1a: Vape Reference|Weezing-Galar, M|8\/100\n|turn|17\n|\n|t:|1701209298\n|switch|p1a: Gresumo|Greninja, M|100\/100\n|move|p2a: Glimmora|Sludge Wave|p1a: Gresumo\n|-damage|p1a: Gresumo|56\/100\n|\n|-heal|p1a: Gresumo|62\/100|[from] item: Leftovers\n|upkeep\n|turn|18\n|\n|t:|1701209308\n|switch|p2a: Ogerpon|Ogerpon-Wellspring, F|100\/100\n|move|p1a: Gresumo|Substitute|p1a: Gresumo\n|-start|p1a: Gresumo|typechange|Normal|[from] ability: Protean\n|-start|p1a: Gresumo|Substitute\n|-damage|p1a: Gresumo|37\/100\n|\n|-heal|p1a: Gresumo|43\/100|[from] item: Leftovers\n|upkeep\n|turn|19\n|\n|t:|1701209314\n|move|p2a: Ogerpon|Ivy Cudgel|p1a: Gresumo|[anim] Ivy Cudgel Water\n|-end|p1a: Gresumo|Substitute\n|move|p1a: Gresumo|Night Slash|p2a: Ogerpon\n|-damage|p2a: Ogerpon|82\/100\n|\n|-heal|p1a: Gresumo|49\/100|[from] item: Leftovers\n|upkeep\n|turn|20\n|\n|t:|1701209322\n|move|p2a: Ogerpon|Ivy Cudgel|p1a: Gresumo|[anim] Ivy Cudgel Water\n|-damage|p1a: Gresumo|0 fnt\n|faint|p1a: Gresumo\n|\n|upkeep\n|\n|t:|1701209324\n|switch|p1a: Vape Reference|Weezing-Galar, M|8\/100\n|turn|21\n|\n|t:|1701209328\n|move|p1a: Vape Reference|Destiny Bond|p1a: Vape Reference\n|-singlemove|p1a: Vape Reference|Destiny Bond\n|move|p2a: Ogerpon|Ivy Cudgel|p1a: Vape Reference|[anim] Ivy Cudgel Water\n|-damage|p1a: Vape Reference|0 fnt\n|faint|p1a: Vape Reference\n|-activate|p1a: Vape Reference|move: Destiny Bond\n|faint|p2a: Ogerpon\n|\n|upkeep\n|\n|t:|1701209336\n|switch|p2a: Dragapult|Dragapult, M|100\/100\n|switch|p1a: Little Miracle|Jirachi, shiny|100\/100\n|turn|22\n|\n|t:|1701209341\n|move|p2a: Dragapult|Shadow Ball|p1a: Little Miracle\n|-supereffective|p1a: Little Miracle\n|-damage|p1a: Little Miracle|37\/100\n|-unboost|p1a: Little Miracle|spd|1\n|move|p1a: Little Miracle|Confuse Ray|p2a: Dragapult\n|-start|p2a: Dragapult|confusion\n|\n|-heal|p1a: Little Miracle|43\/100|[from] item: Leftovers\n|upkeep\n|turn|23\n|\n|t:|1701209348\n|-activate|p2a: Dragapult|confusion\n|-damage|p2a: Dragapult|87\/100|[from] confusion\n|move|p1a: Little Miracle|Cosmic Power|p1a: Little Miracle\n|-boost|p1a: Little Miracle|def|1\n|-boost|p1a: Little Miracle|spd|1\n|\n|-heal|p1a: Little Miracle|49\/100|[from] item: Leftovers\n|upkeep\n|turn|24\n|\n|t:|1701209352\n|-activate|p2a: Dragapult|confusion\n|-damage|p2a: Dragapult|75\/100|[from] confusion\n|move|p1a: Little Miracle|Thunder Wave|p2a: Dragapult\n|-status|p2a: Dragapult|par\n|\n|-heal|p1a: Little Miracle|55\/100|[from] item: Leftovers\n|upkeep\n|turn|25\n|\n|t:|1701209357\n|switch|p2a: Enamorus|Enamorus, F|100\/100\n|move|p1a: Little Miracle|Cosmic Power|p1a: Little Miracle\n|-boost|p1a: Little Miracle|def|1\n|-boost|p1a: Little Miracle|spd|1\n|\n|-heal|p1a: Little Miracle|61\/100|[from] item: Leftovers\n|upkeep\n|turn|26\n|\n|t:|1701209362\n|move|p2a: Enamorus|Mystical Fire|p1a: Little Miracle\n|-supereffective|p1a: Little Miracle\n|-damage|p1a: Little Miracle|43\/100\n|-unboost|p1a: Little Miracle|spa|1\n|move|p1a: Little Miracle|Thunder Wave|p2a: Enamorus\n|-status|p2a: Enamorus|par\n|\n|-heal|p1a: Little Miracle|49\/100|[from] item: Leftovers\n|upkeep\n|turn|27\n|\n|t:|1701209373\n|move|p1a: Little Miracle|Confuse Ray|p2a: Enamorus\n|-start|p2a: Enamorus|confusion\n|-activate|p2a: Enamorus|confusion\n|move|p2a: Enamorus|Mystical Fire|p1a: Little Miracle\n|-supereffective|p1a: Little Miracle\n|-damage|p1a: Little Miracle|31\/100\n|-unboost|p1a: Little Miracle|spa|1\n|\n|-heal|p1a: Little Miracle|37\/100|[from] item: Leftovers\n|upkeep\n|turn|28\n|\n|t:|1701209380\n|move|p1a: Little Miracle|Cosmic Power|p1a: Little Miracle\n|-boost|p1a: Little Miracle|def|1\n|-boost|p1a: Little Miracle|spd|1\n|-end|p2a: Enamorus|confusion\n|move|p2a: Enamorus|Superpower|p1a: Little Miracle\n|-damage|p1a: Little Miracle|24\/100\n|-boost|p2a: Enamorus|atk|1\n|-boost|p2a: Enamorus|def|1\n|\n|-heal|p1a: Little Miracle|30\/100|[from] item: Leftovers\n|upkeep\n|turn|29\n|\n|t:|1701209387\n|move|p1a: Little Miracle|Iron Head|p2a: Enamorus\n|-supereffective|p2a: Enamorus\n|-damage|p2a: Enamorus|34\/100 par\n|cant|p2a: Enamorus|flinch\n|\n|-heal|p1a: Little Miracle|36\/100|[from] item: Leftovers\n|upkeep\n|turn|30\n|\n|t:|1701209394\n|switch|p2a: Clefable|Clefable, M|100\/100\n|move|p1a: Little Miracle|Iron Head|p2a: Clefable\n|-supereffective|p2a: Clefable\n|-damage|p2a: Clefable|41\/100\n|\n|-heal|p1a: Little Miracle|42\/100|[from] item: Leftovers\n|-heal|p2a: Clefable|47\/100|[from] item: Leftovers\n|upkeep\n|turn|31\n|\n|t:|1701209399\n|move|p1a: Little Miracle|Iron Head|p2a: Clefable\n|-supereffective|p2a: Clefable\n|-damage|p2a: Clefable|0 fnt\n|faint|p2a: Clefable\n|\n|-heal|p1a: Little Miracle|49\/100|[from] item: Leftovers\n|upkeep\n|\n|t:|1701209401\n|switch|p2a: Glimmora|Glimmora, F|82\/100\n|turn|32\n|\n|t:|1701209407\n|-terastallize|p2a: Glimmora|Grass\n|move|p1a: Little Miracle|Iron Head|p2a: Glimmora\n|-damage|p2a: Glimmora|56\/100\n|-activate|p2a: Glimmora|ability: Toxic Debris\n|-sidestart|p1: SirSpanklez|move: Toxic Spikes\n|cant|p2a: Glimmora|flinch\n|\n|-heal|p1a: Little Miracle|55\/100|[from] item: Leftovers\n|upkeep\n|turn|33\n|\n|t:|1701209414\n|move|p1a: Little Miracle|Thunder Wave|p2a: Glimmora\n|-status|p2a: Glimmora|par\n|move|p2a: Glimmora|Earth Power|p1a: Little Miracle\n|-supereffective|p1a: Little Miracle\n|-damage|p1a: Little Miracle|32\/100\n|-unboost|p1a: Little Miracle|spd|1\n|\n|-heal|p1a: Little Miracle|38\/100|[from] item: Leftovers\n|upkeep\n|turn|34\n|\n|t:|1701209421\n|move|p1a: Little Miracle|Iron Head|p2a: Glimmora\n|-damage|p2a: Glimmora|27\/100 par\n|-activate|p2a: Glimmora|ability: Toxic Debris\n|-sidestart|p1: SirSpanklez|move: Toxic Spikes\n|cant|p2a: Glimmora|flinch\n|\n|-heal|p1a: Little Miracle|44\/100|[from] item: Leftovers\n|upkeep\n|turn|35\n|\n|t:|1701209428\n|move|p1a: Little Miracle|Iron Head|p2a: Glimmora\n|-damage|p2a: Glimmora|0 fnt\n|faint|p2a: Glimmora\n|\n|-heal|p1a: Little Miracle|50\/100|[from] item: Leftovers\n|upkeep\n|\n|t:|1701209431\n|switch|p2a: Dragapult|Dragapult, M|75\/100 par\n|turn|36\n|\n|t:|1701209435\n|move|p1a: Little Miracle|Iron Head|p2a: Dragapult\n|-damage|p2a: Dragapult|41\/100 par\n|move|p2a: Dragapult|Shadow Ball|p1a: Little Miracle\n|-supereffective|p1a: Little Miracle\n|-damage|p1a: Little Miracle|7\/100\n|\n|-heal|p1a: Little Miracle|14\/100|[from] item: Leftovers\n|upkeep\n|turn|37\n|\n|t:|1701209443\n|move|p1a: Little Miracle|Iron Head|p2a: Dragapult\n|-damage|p2a: Dragapult|5\/100 par\n|cant|p2a: Dragapult|par\n|\n|-heal|p1a: Little Miracle|20\/100|[from] item: Leftovers\n|upkeep\n|turn|38\n|\n|t:|1701209449\n|move|p1a: Little Miracle|Iron Head|p2a: Dragapult\n|-damage|p2a: Dragapult|0 fnt\n|faint|p2a: Dragapult\n|\n|-heal|p1a: Little Miracle|26\/100|[from] item: Leftovers\n|upkeep\n|\n|t:|1701209452\n|switch|p2a: Enamorus|Enamorus, F|34\/100 par\n|turn|39\n|\n|t:|1701209458\n|move|p1a: Little Miracle|Iron Head|p2a: Enamorus\n|-supereffective|p2a: Enamorus\n|-damage|p2a: Enamorus|0 fnt\n|faint|p2a: Enamorus\n|\n|win|SirSpanklez\n|raw|SirSpanklez's rating: 1362 &rarr; <strong>1383<\/strong><br \/>(+21 for winning)\n|raw|jpixel dude's rating: 1379 &rarr; <strong>1358<\/strong><br \/>(-21 for losing)\n|c|\u2606SirSpanklez|eeeermmmm\n|l|\u2606jpixel dude\n|c| TorterraMain|no fuckign way\n","uploadtime":1701209466,"views":9,"p1id":"sirspanklez","p2id":"jpixeldude","formatid":"gen9ou","rating":1358,"private":0,"password":""}