{"id":"gen9ou-1990696252","p1":"don japer","p2":"Ash do Grajau","format":"[Gen 9] OU","log":"|j|\u2606don japer\n|j|\u2606Ash do Grajau\n|t:|1699992566\n|gametype|singles\n|player|p1|don japer|doubleteam|1258\n|player|p2|Ash do Grajau|170|1307\n|teamsize|p1|6\n|teamsize|p2|6\n|gen|9\n|tier|[Gen 9] OU\n|rated|\n|rule|Sleep Clause Mod: Limit one foe put to sleep\n|rule|Species Clause: Limit one of each Pok\u00e9mon\n|rule|OHKO Clause: OHKO moves are banned\n|rule|Evasion Items Clause: Evasion items are banned\n|rule|Evasion Moves Clause: Evasion moves are banned\n|rule|Endless Battle Clause: Forcing endless battles is banned\n|rule|HP Percentage Mod: HP is shown in percentages\n|clearpoke\n|poke|p1|Landorus-Therian, M|\n|poke|p1|Slowking-Galar, F|\n|poke|p1|Zamazenta-*|\n|poke|p1|Iron Valiant|\n|poke|p1|Cinderace, F|\n|poke|p1|Greninja-*, M|\n|poke|p2|Maushold|\n|poke|p2|Donphan, L1, F|\n|poke|p2|Okidogi, M|\n|poke|p2|Quaquaval, F|\n|poke|p2|Toxapex, M|\n|poke|p2|Zapdos|\n|teampreview\n|inactive|Battle timer is ON: inactive players will automatically lose when time's up. (requested by Ash do Grajau)\n|\n|t:|1699992579\n|start\n|switch|p1a: doggy :)|Landorus-Therian, M, shiny|100\/100\n|switch|p2a: Okidogi|Okidogi, M|100\/100\n|-ability|p1a: doggy :)|Intimidate|boost\n|-unboost|p2a: Okidogi|atk|1\n|turn|1\n|\n|t:|1699992586\n|move|p1a: doggy :)|Stealth Rock|p2a: Okidogi\n|-sidestart|p2: Ash do Grajau|move: Stealth Rock\n|move|p2a: Okidogi|Knock Off|p1a: doggy :)\n|-damage|p1a: doggy :)|83\/100\n|-damage|p2a: Okidogi|84\/100|[from] item: Rocky Helmet|[of] p1a: doggy :)\n|-enditem|p1a: doggy :)|Rocky Helmet|[from] move: Knock Off|[of] p2a: Okidogi\n|\n|-heal|p2a: Okidogi|90\/100|[from] item: Black Sludge\n|upkeep\n|turn|2\n|\n|t:|1699992595\n|switch|p2a: Zapdos|Zapdos|100\/100\n|-damage|p2a: Zapdos|76\/100|[from] Stealth Rock\n|move|p1a: doggy :)|Earthquake|p2a: Zapdos\n|-immune|p2a: Zapdos\n|\n|upkeep\n|turn|3\n|\n|t:|1699992604\n|switch|p1a: dr dome|Slowking-Galar, F|100\/100\n|move|p2a: Zapdos|Tailwind|p2a: Zapdos\n|-sidestart|p2: Ash do Grajau|move: Tailwind\n|\n|upkeep\n|turn|4\n|\n|t:|1699992609\n|move|p2a: Zapdos|Thunderbolt|p1a: dr dome\n|-damage|p1a: dr dome|75\/100\n|move|p1a: dr dome|Future Sight|p2a: Zapdos\n|-start|p1a: dr dome|move: Future Sight\n|\n|upkeep\n|turn|5\n|\n|t:|1699992617\n|move|p2a: Zapdos|Thunderbolt|p1a: dr dome\n|-damage|p1a: dr dome|46\/100\n|move|p1a: dr dome|Ice Beam|p2a: Zapdos\n|-supereffective|p2a: Zapdos\n|-damage|p2a: Zapdos|20\/100\n|\n|upkeep\n|turn|6\n|\n|t:|1699992628\n|move|p2a: Zapdos|Heat Wave|p1a: dr dome\n|-damage|p1a: dr dome|27\/100\n|move|p1a: dr dome|Chilly Reception|p1a: dr dome\n|-weather|Snow\n|\n|t:|1699992632\n|switch|p1a: rodney|Cinderace, F|100\/100|[from] Chilly Reception\n|\n|-weather|Snow|[upkeep]\n|-end|p2a: Zapdos|move: Future Sight\n|-damage|p2a: Zapdos|0 fnt\n|faint|p2a: Zapdos\n|-sideend|p2: Ash do Grajau|move: Tailwind\n|upkeep\n|\n|t:|1699992640\n|switch|p2a: Quaquaval|Quaquaval, F|100\/100\n|turn|7\n|\n|t:|1699992656\n|switch|p1a: charles|Zamazenta, shiny|100\/100\n|-ability|p1a: charles|Dauntless Shield|boost\n|-boost|p1a: charles|def|1\n|move|p2a: Quaquaval|Rapid Spin|p1a: charles\n|-damage|p1a: charles|91\/100\n|-boost|p2a: Quaquaval|spe|1\n|-sideend|p2: Ash do Grajau|Stealth Rock|[from] move: Rapid Spin|[of] p2a: Quaquaval\n|\n|-weather|Snow|[upkeep]\n|upkeep\n|turn|8\n|\n|t:|1699992669\n|move|p1a: charles|Close Combat|p2a: Quaquaval\n|-damage|p2a: Quaquaval|0 fnt\n|-unboost|p1a: charles|def|1\n|-unboost|p1a: charles|spd|1\n|faint|p2a: Quaquaval\n|\n|-weather|Snow|[upkeep]\n|upkeep\n|\n|t:|1699992680\n|switch|p2a: Maushold|Maushold|100\/100\n|turn|9\n|\n|t:|1699992687\n|switch|p1a: sharon|Iron Valiant|100\/100\n|-terastallize|p2a: Maushold|Ghost\n|move|p2a: Maushold|Encore||[still]\n|-fail|p2a: Maushold\n|\n|-weather|Snow|[upkeep]\n|upkeep\n|turn|10\n|\n|t:|1699992692\n|move|p1a: sharon|Shadow Ball|p2a: Maushold\n|-supereffective|p2a: Maushold\n|-damage|p2a: Maushold|0 fnt\n|faint|p2a: Maushold\n|\n|-weather|none\n|upkeep\n|\n|t:|1699992697\n|switch|p2a: Donphan|Donphan, L1, F|100\/100\n|turn|11\n|\n|t:|1699992703\n|-end|p1a: sharon|Quark Drive|[silent]\n|switch|p1a: doggy :)|Landorus-Therian, M, shiny|83\/100\n|-ability|p1a: doggy :)|Intimidate|boost\n|-unboost|p2a: Donphan|atk|1\n|move|p2a: Donphan|Endeavor|p1a: doggy :)\n|-damage|p1a: doggy :)|4\/100\n|\n|upkeep\n|turn|12\n|\n|t:|1699992718\n|switch|p2a: Toxapex|Toxapex, M, shiny|100\/100\n|move|p1a: doggy :)|Grass Knot|p2a: Toxapex\n|-damage|p2a: Toxapex|93\/100\n|\n|-heal|p2a: Toxapex|99\/100|[from] item: Black Sludge\n|upkeep\n|turn|13\n|\n|t:|1699992728\n|move|p1a: doggy :)|Earthquake|p2a: Toxapex\n|-supereffective|p2a: Toxapex\n|-damage|p2a: Toxapex|39\/100\n|move|p2a: Toxapex|Infestation|p1a: doggy :)\n|-resisted|p1a: doggy :)\n|-damage|p1a: doggy :)|2\/100\n|-activate|p1a: doggy :)|move: Infestation|[of] p2a: Toxapex\n|\n|-heal|p2a: Toxapex|46\/100|[from] item: Black Sludge\n|-damage|p1a: doggy :)|0 fnt|[from] move: Infestation|[partiallytrapped]\n|faint|p1a: doggy :)\n|upkeep\n|\n|t:|1699992736\n|switch|p1a: sharon|Iron Valiant|100\/100\n|turn|14\n|\n|t:|1699992743\n|move|p1a: sharon|Psyshock|p2a: Toxapex\n|-supereffective|p2a: Toxapex\n|-damage|p2a: Toxapex|0 fnt\n|faint|p2a: Toxapex\n|\n|upkeep\n|\n|t:|1699992748\n|switch|p2a: Donphan|Donphan, L1, F|100\/100\n|turn|15\n|\n|t:|1699992755\n|-end|p1a: sharon|Quark Drive|[silent]\n|switch|p1a: charles|Zamazenta, shiny|91\/100\n|move|p2a: Donphan|Protect||[still]\n|-fail|p2a: Donphan\n|\n|upkeep\n|turn|16\n|\n|t:|1699992762\n|move|p1a: charles|Close Combat|p2a: Donphan\n|-ability|p2a: Donphan|Sturdy\n|-damage|p2a: Donphan|8\/100\n|-unboost|p1a: charles|def|1\n|-unboost|p1a: charles|spd|1\n|move|p2a: Donphan|Endeavor|p1a: charles\n|-damage|p1a: charles|1\/100\n|-heal|p2a: Donphan|100\/100|[from] item: Shell Bell|[of] p1a: charles\n|\n|upkeep\n|turn|17\n|\n|t:|1699992773\n|move|p2a: Donphan|Ice Shard|p1a: charles\n|-damage|p1a: charles|0 fnt\n|faint|p1a: charles\n|\n|upkeep\n|\n|t:|1699992785\n|switch|p1a: sharon|Iron Valiant|100\/100\n|turn|18\n|\n|t:|1699992798\n|-terastallize|p1a: sharon|Fairy\n|move|p2a: Donphan|Protect|p2a: Donphan\n|-singleturn|p2a: Donphan|Protect\n|move|p1a: sharon|Moonblast|p2a: Donphan\n|-activate|p2a: Donphan|move: Protect\n|\n|upkeep\n|turn|19\n|\n|t:|1699992806\n|move|p1a: sharon|Moonblast|p2a: Donphan\n|-crit|p2a: Donphan\n|-ability|p2a: Donphan|Sturdy\n|-damage|p2a: Donphan|8\/100\n|move|p2a: Donphan|Endeavor|p1a: sharon\n|-damage|p1a: sharon|1\/100\n|-heal|p2a: Donphan|100\/100|[from] item: Shell Bell|[of] p1a: sharon\n|\n|upkeep\n|turn|20\n|\n|t:|1699992816\n|move|p2a: Donphan|Ice Shard|p1a: sharon\n|-damage|p1a: sharon|0 fnt\n|faint|p1a: sharon\n|-end|p1a: sharon|Quark Drive|[silent]\n|\n|upkeep\n|\n|t:|1699992819\n|switch|p1a: rick roll'em|Greninja, M|100\/100\n|turn|21\n|\n|t:|1699992823\n|move|p2a: Donphan|Protect|p2a: Donphan\n|-singleturn|p2a: Donphan|Protect\n|move|p1a: rick roll'em|Water Shuriken|p2a: Donphan\n|-activate|p2a: Donphan|move: Protect\n|\n|upkeep\n|turn|22\n|\n|t:|1699992831\n|switch|p2a: Okidogi|Okidogi, M|90\/100\n|move|p1a: rick roll'em|Water Shuriken|p2a: Okidogi\n|-damage|p2a: Okidogi|80\/100\n|-damage|p2a: Okidogi|71\/100\n|-damage|p2a: Okidogi|63\/100\n|-damage|p2a: Okidogi|54\/100\n|-damage|p2a: Okidogi|44\/100\n|-hitcount|p2a: Okidogi|5\n|-damage|p1a: rick roll'em|91\/100|[from] item: Life Orb\n|\n|-heal|p2a: Okidogi|50\/100|[from] item: Black Sludge\n|upkeep\n|turn|23\n|\n|t:|1699992839\n|switch|p1a: dr dome|Slowking-Galar, F|61\/100\n|move|p2a: Okidogi|Drain Punch|p1a: dr dome\n|-resisted|p1a: dr dome\n|-damage|p1a: dr dome|50\/100\n|-heal|p2a: Okidogi|56\/100|[from] drain|[of] p1a: dr dome\n|\n|-heal|p2a: Okidogi|62\/100|[from] item: Black Sludge\n|upkeep\n|turn|24\n|\n|t:|1699992849\n|move|p2a: Okidogi|Knock Off|p1a: dr dome\n|-supereffective|p1a: dr dome\n|-damage|p1a: dr dome|0 fnt\n|-enditem|p1a: dr dome|Heavy-Duty Boots|[from] move: Knock Off|[of] p2a: Okidogi\n|faint|p1a: dr dome\n|\n|-heal|p2a: Okidogi|68\/100|[from] item: Black Sludge\n|upkeep\n|\n|t:|1699992852\n|switch|p1a: rodney|Cinderace, F|100\/100\n|turn|25\n|\n|t:|1699992859\n|move|p1a: rodney|Pyro Ball|p2a: Okidogi\n|-damage|p2a: Okidogi|25\/100\n|move|p2a: Okidogi|Drain Punch|p1a: rodney\n|-damage|p1a: rodney|40\/100\n|-heal|p2a: Okidogi|49\/100|[from] drain|[of] p1a: rodney\n|\n|-heal|p2a: Okidogi|56\/100|[from] item: Black Sludge\n|upkeep\n|turn|26\n|\n|t:|1699992868\n|move|p1a: rodney|Pyro Ball|p2a: Okidogi\n|-damage|p2a: Okidogi|6\/100\n|move|p2a: Okidogi|Drain Punch|p1a: rodney\n|-damage|p1a: rodney|0 fnt\n|-heal|p2a: Okidogi|22\/100|[from] drain|[of] p1a: rodney\n|faint|p1a: rodney\n|\n|-heal|p2a: Okidogi|28\/100|[from] item: Black Sludge\n|upkeep\n|\n|t:|1699992870\n|switch|p1a: rick roll'em|Greninja, M|91\/100\n|turn|27\n|\n|t:|1699992881\n|move|p1a: rick roll'em|Hydro Pump|p2a: Okidogi\n|-damage|p2a: Okidogi|0 fnt\n|faint|p2a: Okidogi\n|-ability|p1a: rick roll'em|Battle Bond|boost\n|-boost|p1a: rick roll'em|atk|1\n|-boost|p1a: rick roll'em|spa|1\n|-boost|p1a: rick roll'em|spe|1\n|-activate|p1a: rick roll'em|ability: Battle Bond\n|-damage|p1a: rick roll'em|81\/100|[from] item: Life Orb\n|\n|upkeep\n|\n|t:|1699992883\n|switch|p2a: Donphan|Donphan, L1, F|100\/100\n|turn|28\n|\n|t:|1699992892\n|move|p2a: Donphan|Protect|p2a: Donphan\n|-singleturn|p2a: Donphan|Protect\n|move|p1a: rick roll'em|Water Shuriken|p2a: Donphan\n|-activate|p2a: Donphan|move: Protect\n|\n|upkeep\n|turn|29\n|c|\u2606Ash do Grajau|Gg\n|\n|t:|1699992904\n|move|p1a: rick roll'em|Water Shuriken|p2a: Donphan\n|-supereffective|p2a: Donphan\n|-ability|p2a: Donphan|Sturdy\n|-damage|p2a: Donphan|8\/100\n|-supereffective|p2a: Donphan\n|-damage|p2a: Donphan|0 fnt\n|faint|p2a: Donphan\n|-hitcount|p2: Donphan|2\n|-damage|p1a: rick roll'em|71\/100|[from] item: Life Orb\n|\n|win|don japer\n|raw|don japer's rating: 1258 &rarr; <strong>1287<\/strong><br \/>(+29 for winning)\n|raw|Ash do Grajau's rating: 1307 &rarr; <strong>1284<\/strong><br \/>(-23 for losing)\n|c|\u2606don japer|endaevor got me fucked up\n|c|\u2606don japer|gg\n|l|\u2606Ash do Grajau\n","uploadtime":1699993108,"views":8,"p1id":"donjaper","p2id":"ashdograjau","formatid":"gen9ou","rating":1284,"private":0,"password":""}