{"id":"gen9ou-1994841898","p1":"datoneguyz2","p2":"Pokeman208115","format":"[Gen 9] OU","log":"|j|\u2606datoneguyz2\n|j|\u2606Pokeman208115\n|t:|1700497766\n|gametype|singles\n|player|p1|datoneguyz2|doctor|1388\n|player|p2|Pokeman208115|red|1332\n|teamsize|p1|6\n|teamsize|p2|6\n|gen|9\n|tier|[Gen 9] OU\n|rated|\n|rule|Sleep Clause Mod: Limit one foe put to sleep\n|rule|Species Clause: Limit one of each Pok\u00e9mon\n|rule|OHKO Clause: OHKO moves are banned\n|rule|Evasion Items Clause: Evasion items are banned\n|rule|Evasion Moves Clause: Evasion moves are banned\n|rule|Endless Battle Clause: Forcing endless battles is banned\n|rule|HP Percentage Mod: HP is shown in percentages\n|clearpoke\n|poke|p1|Rillaboom, M|\n|poke|p1|Ogerpon, F|\n|poke|p1|Magnezone|\n|poke|p1|Great Tusk|\n|poke|p1|Ribombee, M|\n|poke|p1|Gholdengo|\n|poke|p2|Ribombee, F|\n|poke|p2|Gholdengo|\n|poke|p2|Great Tusk|\n|poke|p2|Mienshao, M|\n|poke|p2|Sandaconda, M|\n|poke|p2|Goodra-Hisui, F|\n|teampreview\n|\n|t:|1700497782\n|start\n|switch|p1a: Ribombee|Ribombee, M|100\/100\n|switch|p2a: Ribombee|Ribombee, F|100\/100\n|turn|1\n|\n|t:|1700497785\n|move|p1a: Ribombee|Sticky Web|p2a: Ribombee\n|-sidestart|p2: Pokeman208115|move: Sticky Web\n|move|p2a: Ribombee|Sticky Web|p1a: Ribombee\n|-sidestart|p1: datoneguyz2|move: Sticky Web\n|\n|upkeep\n|turn|2\n|\n|t:|1700497798\n|switch|p1a: Gholdengo|Gholdengo|100\/100\n|-item|p1a: Gholdengo|Air Balloon\n|move|p2a: Ribombee|Stun Spore|p1a: Gholdengo\n|-immune|p1a: Gholdengo|[from] ability: Good as Gold\n|\n|upkeep\n|turn|3\n|\n|t:|1700497806\n|move|p2a: Ribombee|U-turn|p1a: Gholdengo\n|-resisted|p1a: Gholdengo\n|-damage|p1a: Gholdengo|97\/100\n|-enditem|p1a: Gholdengo|Air Balloon\n|\n|t:|1700497808\n|switch|p2a: Goodra|Goodra-Hisui, F|100\/100|[from] U-turn\n|-activate|p2a: Goodra|move: Sticky Web\n|-unboost|p2a: Goodra|spe|1\n|move|p1a: Gholdengo|Make It Rain|p2a: Goodra\n|-resisted|p2a: Goodra\n|-damage|p2a: Goodra|86\/100\n|-unboost|p1a: Gholdengo|spa|1\n|\n|upkeep\n|turn|4\n|\n|t:|1700497813\n|switch|p1a: Great Tusk|Great Tusk|100\/100\n|-activate|p1a: Great Tusk|move: Sticky Web\n|-unboost|p1a: Great Tusk|spe|1\n|move|p2a: Goodra|Flamethrower|p1a: Great Tusk\n|-damage|p1a: Great Tusk|58\/100\n|\n|-heal|p1a: Great Tusk|64\/100|[from] item: Leftovers\n|upkeep\n|turn|5\n|\n|t:|1700497818\n|switch|p2a: Great Tusk|Great Tusk|100\/100\n|-activate|p2a: Great Tusk|move: Sticky Web\n|-unboost|p2a: Great Tusk|spe|1\n|move|p1a: Great Tusk|Stealth Rock|p2a: Great Tusk\n|-sidestart|p2: Pokeman208115|move: Stealth Rock\n|\n|-heal|p1a: Great Tusk|71\/100|[from] item: Leftovers\n|upkeep\n|turn|6\n|\n|t:|1700497825\n|-end|p1a: Great Tusk|Protosynthesis|[silent]\n|switch|p1a: Rillaboom|Rillaboom, M|100\/100\n|-activate|p1a: Rillaboom|move: Sticky Web\n|-unboost|p1a: Rillaboom|spe|1\n|-fieldstart|move: Grassy Terrain|[from] ability: Grassy Surge|[of] p1a: Rillaboom\n|move|p2a: Great Tusk|Knock Off|p1a: Rillaboom\n|-damage|p1a: Rillaboom|71\/100\n|-enditem|p1a: Rillaboom|Choice Band|[from] move: Knock Off|[of] p2a: Great Tusk\n|\n|-heal|p1a: Rillaboom|77\/100|[from] Grassy Terrain\n|upkeep\n|turn|7\n|\n|t:|1700497828\n|move|p1a: Rillaboom|Wood Hammer|p2a: Great Tusk\n|-supereffective|p2a: Great Tusk\n|-damage|p2a: Great Tusk|23\/100\n|-damage|p1a: Rillaboom|44\/100|[from] Recoil\n|move|p2a: Great Tusk|Rapid Spin|p1a: Rillaboom\n|-damage|p1a: Rillaboom|27\/100\n|-boost|p2a: Great Tusk|spe|1\n|-sideend|p2: Pokeman208115|Stealth Rock|[from] move: Rapid Spin|[of] p2a: Great Tusk\n|-sideend|p2: Pokeman208115|Sticky Web|[from] move: Rapid Spin|[of] p2a: Great Tusk\n|\n|-heal|p2a: Great Tusk|29\/100|[from] Grassy Terrain\n|-heal|p2a: Great Tusk|35\/100|[from] item: Leftovers\n|-heal|p1a: Rillaboom|33\/100|[from] Grassy Terrain\n|upkeep\n|turn|8\n|\n|t:|1700497836\n|move|p2a: Great Tusk|Knock Off|p1a: Rillaboom\n|-damage|p1a: Rillaboom|13\/100\n|move|p1a: Rillaboom|U-turn|p2a: Great Tusk\n|-resisted|p2a: Great Tusk\n|-damage|p2a: Great Tusk|29\/100\n|\n|t:|1700497842\n|switch|p1a: Ribombee|Ribombee, M|100\/100|[from] U-turn\n|-activate|p1a: Ribombee|move: Sticky Web\n|-unboost|p1a: Ribombee|spe|1\n|\n|-heal|p2a: Great Tusk|36\/100|[from] Grassy Terrain\n|-heal|p2a: Great Tusk|42\/100|[from] item: Leftovers\n|upkeep\n|turn|9\n|\n|t:|1700497848\n|move|p1a: Ribombee|Moonblast|p2a: Great Tusk\n|-supereffective|p2a: Great Tusk\n|-damage|p2a: Great Tusk|0 fnt\n|faint|p2a: Great Tusk\n|-end|p2a: Great Tusk|Protosynthesis|[silent]\n|\n|upkeep\n|\n|t:|1700497866\n|switch|p2a: Ribombee|Ribombee, F|100\/100\n|turn|10\n|\n|t:|1700497870\n|move|p2a: Ribombee|Moonblast|p1a: Ribombee\n|-damage|p1a: Ribombee|26\/100\n|move|p1a: Ribombee|Sticky Web|p2a: Ribombee\n|-sidestart|p2: Pokeman208115|move: Sticky Web\n|\n|-heal|p1a: Ribombee|32\/100|[from] Grassy Terrain\n|-fieldend|move: Grassy Terrain\n|upkeep\n|turn|11\n|\n|t:|1700497874\n|move|p2a: Ribombee|Moonblast|p1a: Ribombee\n|-damage|p1a: Ribombee|0 fnt\n|faint|p1a: Ribombee\n|\n|upkeep\n|\n|t:|1700497881\n|switch|p1a: Gholdengo|Gholdengo|97\/100\n|-activate|p1a: Gholdengo|move: Sticky Web\n|-unboost|p1a: Gholdengo|spe|1\n|turn|12\n|\n|t:|1700497885\n|move|p2a: Ribombee|U-turn|p1a: Gholdengo\n|-resisted|p1a: Gholdengo\n|-damage|p1a: Gholdengo|93\/100\n|\n|t:|1700497886\n|switch|p2a: Goodra|Goodra-Hisui, F|86\/100|[from] U-turn\n|-activate|p2a: Goodra|move: Sticky Web\n|-unboost|p2a: Goodra|spe|1\n|move|p1a: Gholdengo|Nasty Plot|p1a: Gholdengo\n|-boost|p1a: Gholdengo|spa|2\n|\n|upkeep\n|turn|13\n|\n|t:|1700497892\n|move|p1a: Gholdengo|Shadow Ball|p2a: Goodra\n|-damage|p2a: Goodra|51\/100\n|move|p2a: Goodra|Ice Beam|p1a: Gholdengo\n|-resisted|p1a: Gholdengo\n|-damage|p1a: Gholdengo|76\/100\n|\n|upkeep\n|turn|14\n|\n|t:|1700497897\n|move|p1a: Gholdengo|Shadow Ball|p2a: Goodra\n|-damage|p2a: Goodra|10\/100\n|move|p2a: Goodra|Flamethrower|p1a: Gholdengo\n|-supereffective|p1a: Gholdengo\n|-damage|p1a: Gholdengo|9\/100\n|-status|p1a: Gholdengo|brn\n|\n|-damage|p1a: Gholdengo|3\/100 brn|[from] brn\n|upkeep\n|turn|15\n|\n|t:|1700497900\n|move|p1a: Gholdengo|Shadow Ball|p2a: Goodra\n|-damage|p2a: Goodra|0 fnt\n|faint|p2a: Goodra\n|\n|-damage|p1a: Gholdengo|0 fnt|[from] brn\n|faint|p1a: Gholdengo\n|upkeep\n|\n|t:|1700497913\n|switch|p1a: Magnezone|Magnezone|100\/100\n|switch|p2a: Sandaconda|Sandaconda, M|100\/100\n|-activate|p2a: Sandaconda|move: Sticky Web\n|-unboost|p2a: Sandaconda|spe|1\n|-activate|p1a: Magnezone|move: Sticky Web\n|-unboost|p1a: Magnezone|spe|1\n|turn|16\n|\n|t:|1700497919\n|switch|p1a: Great Tusk|Great Tusk|71\/100\n|-activate|p1a: Great Tusk|move: Sticky Web\n|-unboost|p1a: Great Tusk|spe|1\n|move|p2a: Sandaconda|Coil|p2a: Sandaconda\n|-boost|p2a: Sandaconda|atk|1\n|-boost|p2a: Sandaconda|def|1\n|-boost|p2a: Sandaconda|accuracy|1\n|\n|-heal|p1a: Great Tusk|77\/100|[from] item: Leftovers\n|upkeep\n|turn|17\n|\n|t:|1700497922\n|move|p2a: Sandaconda|Coil|p2a: Sandaconda\n|-boost|p2a: Sandaconda|atk|1\n|-boost|p2a: Sandaconda|def|1\n|-boost|p2a: Sandaconda|accuracy|1\n|move|p1a: Great Tusk|Knock Off|p2a: Sandaconda\n|-damage|p2a: Sandaconda|86\/100\n|-enditem|p2a: Sandaconda|Loaded Dice|[from] move: Knock Off|[of] p1a: Great Tusk\n|\n|-heal|p1a: Great Tusk|83\/100|[from] item: Leftovers\n|upkeep\n|turn|18\n|\n|t:|1700497926\n|move|p2a: Sandaconda|Coil|p2a: Sandaconda\n|-boost|p2a: Sandaconda|atk|1\n|-boost|p2a: Sandaconda|def|1\n|-boost|p2a: Sandaconda|accuracy|1\n|move|p1a: Great Tusk|Rapid Spin|p2a: Sandaconda\n|-damage|p2a: Sandaconda|80\/100\n|-boost|p1a: Great Tusk|spe|1\n|-sideend|p1: datoneguyz2|Sticky Web|[from] move: Rapid Spin|[of] p1a: Great Tusk\n|\n|-heal|p1a: Great Tusk|89\/100|[from] item: Leftovers\n|upkeep\n|turn|19\n|\n|t:|1700497933\n|move|p1a: Great Tusk|Stealth Rock|p2a: Sandaconda\n|-sidestart|p2: Pokeman208115|move: Stealth Rock\n|move|p2a: Sandaconda|Scale Shot|p1a: Great Tusk\n|-damage|p1a: Great Tusk|79\/100\n|-damage|p1a: Great Tusk|68\/100\n|-damage|p1a: Great Tusk|59\/100\n|-damage|p1a: Great Tusk|49\/100\n|-damage|p1a: Great Tusk|39\/100\n|-hitcount|p1a: Great Tusk|5\n|-unboost|p2a: Sandaconda|def|1\n|-boost|p2a: Sandaconda|spe|1\n|\n|-heal|p1a: Great Tusk|45\/100|[from] item: Leftovers\n|upkeep\n|turn|20\n|\n|t:|1700497937\n|-end|p1a: Great Tusk|Protosynthesis|[silent]\n|switch|p1a: Rillaboom|Rillaboom, M|13\/100\n|-fieldstart|move: Grassy Terrain|[from] ability: Grassy Surge|[of] p1a: Rillaboom\n|move|p2a: Sandaconda|Coil|p2a: Sandaconda\n|-boost|p2a: Sandaconda|atk|1\n|-boost|p2a: Sandaconda|def|1\n|-boost|p2a: Sandaconda|accuracy|1\n|\n|-heal|p1a: Rillaboom|19\/100|[from] Grassy Terrain\n|-heal|p2a: Sandaconda|86\/100|[from] Grassy Terrain\n|upkeep\n|turn|21\n|\n|t:|1700497940\n|-terastallize|p2a: Sandaconda|Dragon\n|move|p1a: Rillaboom|Grassy Glide|p2a: Sandaconda\n|-resisted|p2a: Sandaconda\n|-damage|p2a: Sandaconda|78\/100\n|move|p2a: Sandaconda|Scale Shot|p1a: Rillaboom\n|-damage|p1a: Rillaboom|0 fnt\n|faint|p1a: Rillaboom\n|-hitcount|p1: Rillaboom|1\n|-unboost|p2a: Sandaconda|def|1\n|-boost|p2a: Sandaconda|spe|1\n|\n|-heal|p2a: Sandaconda|84\/100|[from] Grassy Terrain\n|upkeep\n|\n|t:|1700497945\n|switch|p1a: Ogerpon|Ogerpon, F|100\/100\n|turn|22\n|\n|t:|1700497948\n|move|p2a: Sandaconda|Scale Shot|p1a: Ogerpon\n|-damage|p1a: Ogerpon|48\/100\n|-damage|p1a: Ogerpon|0 fnt\n|faint|p1a: Ogerpon\n|-hitcount|p1: Ogerpon|2\n|-unboost|p2a: Sandaconda|def|1\n|-boost|p2a: Sandaconda|spe|1\n|\n|-heal|p2a: Sandaconda|90\/100|[from] Grassy Terrain\n|upkeep\n|\n|t:|1700497951\n|switch|p1a: Magnezone|Magnezone|100\/100\n|turn|23\n|\n|t:|1700497953\n|move|p2a: Sandaconda|Earthquake|p1a: Magnezone\n|-supereffective|p1a: Magnezone\n|-damage|p1a: Magnezone|0 fnt\n|faint|p1a: Magnezone\n|\n|-heal|p2a: Sandaconda|96\/100|[from] Grassy Terrain\n|upkeep\n|\n|t:|1700497956\n|switch|p1a: Great Tusk|Great Tusk|45\/100\n|turn|24\n|\n|t:|1700497957\n|move|p2a: Sandaconda|Scale Shot|p1a: Great Tusk\n|-damage|p1a: Great Tusk|27\/100\n|-damage|p1a: Great Tusk|9\/100\n|-hitcount|p1a: Great Tusk|2\n|-unboost|p2a: Sandaconda|def|1\n|-boost|p2a: Sandaconda|spe|1\n|move|p1a: Great Tusk|Earthquake|p2a: Sandaconda\n|-damage|p2a: Sandaconda|75\/100\n|\n|-heal|p2a: Sandaconda|81\/100|[from] Grassy Terrain\n|-heal|p1a: Great Tusk|15\/100|[from] Grassy Terrain\n|-heal|p1a: Great Tusk|21\/100|[from] item: Leftovers\n|-fieldend|move: Grassy Terrain\n|upkeep\n|turn|25\n|c|\u2606Pokeman208115|Gg\n|c|\u2606datoneguyz2|gg\n|\n|t:|1700497970\n|move|p2a: Sandaconda|Scale Shot|p1a: Great Tusk\n|-damage|p1a: Great Tusk|5\/100\n|-damage|p1a: Great Tusk|0 fnt\n|faint|p1a: Great Tusk\n|-end|p1a: Great Tusk|Protosynthesis|[silent]\n|-hitcount|p1: Great Tusk|2\n|\n|win|Pokeman208115\n|raw|datoneguyz2's rating: 1388 &rarr; <strong>1365<\/strong><br \/>(-23 for losing)\n|raw|Pokeman208115's rating: 1332 &rarr; <strong>1355<\/strong><br \/>(+23 for winning)\n|l|\u2606datoneguyz2\n","uploadtime":1700497978,"views":10,"p1id":"datoneguyz2","p2id":"pokeman208115","formatid":"gen9ou","rating":1355,"private":0,"password":""}