{"id":"gen9ou-1997417508","p1":"Teacher Ba's fan","p2":"Him1623","format":"[Gen 9] OU","log":"|j|\u2606Teacher Ba's fan\n|j|\u2606Him1623\n|t:|1700801865\n|gametype|singles\n|player|p1|Teacher Ba's fan|steven|1185\n|player|p2|Him1623|ghetsis-gen5bw|1255\n|teamsize|p1|6\n|teamsize|p2|6\n|gen|9\n|tier|[Gen 9] OU\n|rated|\n|rule|Sleep Clause Mod: Limit one foe put to sleep\n|rule|Species Clause: Limit one of each Pok\u00e9mon\n|rule|OHKO Clause: OHKO moves are banned\n|rule|Evasion Items Clause: Evasion items are banned\n|rule|Evasion Moves Clause: Evasion moves are banned\n|rule|Endless Battle Clause: Forcing endless battles is banned\n|rule|HP Percentage Mod: HP is shown in percentages\n|clearpoke\n|poke|p1|Dragonite, F|\n|poke|p1|Espeon, M|\n|poke|p1|Infernape, F|\n|poke|p1|Milotic, M|\n|poke|p1|Gengar, F|\n|poke|p1|Magnezone|\n|poke|p2|Iron Moth|\n|poke|p2|Kommo-o, M|\n|poke|p2|Ninetales-Alola, F|\n|poke|p2|Hatterene, F|\n|poke|p2|Kingambit, M|\n|poke|p2|Great Tusk|\n|teampreview\n|inactive|Battle timer is ON: inactive players will automatically lose when time's up. (requested by Him1623)\n|\n|t:|1700801871\n|start\n|switch|p1a: Infernape|Infernape, F|100\/100\n|switch|p2a: Ninetales|Ninetales-Alola, F|100\/100\n|-weather|Snow|[from] ability: Snow Warning|[of] p2a: Ninetales\n|turn|1\n|\n|t:|1700801885\n|move|p2a: Ninetales|Aurora Veil|p2a: Ninetales\n|-sidestart|p2: Him1623|move: Aurora Veil\n|move|p1a: Infernape|Fire Punch|p2a: Ninetales\n|-supereffective|p2a: Ninetales\n|-damage|p2a: Ninetales|70\/100\n|\n|-weather|Snow|[upkeep]\n|upkeep\n|turn|2\n|\n|t:|1700801895\n|switch|p2a: Iron Moth|Iron Moth|100\/100\n|-enditem|p2a: Iron Moth|Booster Energy\n|-activate|p2a: Iron Moth|ability: Quark Drive|[fromitem]\n|-start|p2a: Iron Moth|quarkdrivespe\n|move|p1a: Infernape|U-turn|p2a: Iron Moth\n|-resisted|p2a: Iron Moth\n|-damage|p2a: Iron Moth|97\/100\n|\n|t:|1700801910\n|switch|p1a: Milotic|Milotic, M|100\/100|[from] U-turn\n|\n|-weather|Snow|[upkeep]\n|upkeep\n|turn|3\n|\n|t:|1700801916\n|move|p2a: Iron Moth|Sludge Wave|p1a: Milotic\n|-damage|p1a: Milotic|75\/100\n|move|p1a: Milotic|Surf|p2a: Iron Moth\n|-supereffective|p2a: Iron Moth\n|-damage|p2a: Iron Moth|66\/100\n|\n|-weather|Snow|[upkeep]\n|-heal|p1a: Milotic|81\/100|[from] item: Leftovers\n|upkeep\n|turn|4\n|\n|t:|1700801926\n|-terastallize|p2a: Iron Moth|Water\n|move|p2a: Iron Moth|Sludge Wave|p1a: Milotic\n|-damage|p1a: Milotic|55\/100\n|move|p1a: Milotic|Surf|p2a: Iron Moth\n|-resisted|p2a: Iron Moth\n|-damage|p2a: Iron Moth|58\/100\n|\n|-weather|Snow|[upkeep]\n|-heal|p1a: Milotic|61\/100|[from] item: Leftovers\n|upkeep\n|turn|5\n|\n|t:|1700801939\n|move|p2a: Iron Moth|Fiery Dance|p1a: Milotic\n|-resisted|p1a: Milotic\n|-damage|p1a: Milotic|49\/100\n|move|p1a: Milotic|Recover|p1a: Milotic\n|-heal|p1a: Milotic|99\/100\n|\n|-weather|none\n|-heal|p1a: Milotic|100\/100|[from] item: Leftovers\n|upkeep\n|turn|6\n|\n|t:|1700801955\n|move|p2a: Iron Moth|Fiery Dance|p1a: Milotic\n|-resisted|p1a: Milotic\n|-damage|p1a: Milotic|89\/100\n|move|p1a: Milotic|Surf|p2a: Iron Moth\n|-resisted|p2a: Iron Moth\n|-damage|p2a: Iron Moth|49\/100\n|\n|-heal|p1a: Milotic|95\/100|[from] item: Leftovers\n|upkeep\n|turn|7\n|\n|t:|1700801962\n|move|p2a: Iron Moth|Sludge Wave|p1a: Milotic\n|-damage|p1a: Milotic|70\/100\n|move|p1a: Milotic|Surf|p2a: Iron Moth\n|-resisted|p2a: Iron Moth\n|-damage|p2a: Iron Moth|41\/100\n|\n|-heal|p1a: Milotic|76\/100|[from] item: Leftovers\n|upkeep\n|turn|8\n|\n|t:|1700801971\n|move|p2a: Iron Moth|Sludge Wave|p1a: Milotic\n|-damage|p1a: Milotic|51\/100\n|move|p1a: Milotic|Surf|p2a: Iron Moth\n|-resisted|p2a: Iron Moth\n|-damage|p2a: Iron Moth|33\/100\n|\n|-heal|p1a: Milotic|57\/100|[from] item: Leftovers\n|-sideend|p2: Him1623|move: Aurora Veil\n|upkeep\n|turn|9\n|\n|t:|1700801981\n|move|p2a: Iron Moth|Sludge Wave|p1a: Milotic\n|-damage|p1a: Milotic|33\/100\n|move|p1a: Milotic|Recover|p1a: Milotic\n|-heal|p1a: Milotic|83\/100\n|\n|-heal|p1a: Milotic|89\/100|[from] item: Leftovers\n|upkeep\n|turn|10\n|\n|t:|1700801993\n|-end|p2a: Iron Moth|Quark Drive|[silent]\n|switch|p2a: Ninetales|Ninetales-Alola, F|70\/100\n|-weather|Snow|[from] ability: Snow Warning|[of] p2a: Ninetales\n|move|p1a: Milotic|Surf|p2a: Ninetales\n|-damage|p2a: Ninetales|40\/100\n|\n|-weather|Snow|[upkeep]\n|-heal|p1a: Milotic|95\/100|[from] item: Leftovers\n|upkeep\n|turn|11\n|inactive|Teacher Ba's fan has 120 seconds left.\n|\n|t:|1700802024\n|move|p2a: Ninetales|Aurora Veil|p2a: Ninetales\n|-sidestart|p2: Him1623|move: Aurora Veil\n|move|p1a: Milotic|Surf|p2a: Ninetales\n|-damage|p2a: Ninetales|25\/100\n|\n|-weather|Snow|[upkeep]\n|-heal|p1a: Milotic|100\/100|[from] item: Leftovers\n|upkeep\n|turn|12\n|inactive|Teacher Ba's fan has 120 seconds left.\n|\n|t:|1700802044\n|switch|p1a: Infernape|Infernape, F|100\/100\n|move|p2a: Ninetales|Hypnosis|p1a: Infernape\n|-status|p1a: Infernape|slp|[from] move: Hypnosis\n|\n|-weather|Snow|[upkeep]\n|upkeep\n|turn|13\n|inactive|Teacher Ba's fan has 120 seconds left.\n|\n|t:|1700802053\n|switch|p2a: Hatterene|Hatterene, F|100\/100\n|cant|p1a: Infernape|slp\n|\n|-weather|Snow|[upkeep]\n|upkeep\n|turn|14\n|\n|t:|1700802061\n|switch|p1a: Espeon|Espeon, M|100\/100\n|move|p2a: Hatterene|Agility|p2a: Hatterene\n|-boost|p2a: Hatterene|spe|2\n|\n|-weather|none\n|upkeep\n|turn|15\n|\n|t:|1700802069\n|move|p1a: Espeon|Trick|p2a: Hatterene\n|-activate|p1a: Espeon|move: Trick|[of] p2a: Hatterene\n|-item|p2a: Hatterene|Choice Scarf|[from] move: Trick\n|-item|p1a: Espeon|Kee Berry|[from] move: Trick\n|move|p2a: Hatterene|Calm Mind|p2a: Hatterene\n|-boost|p2a: Hatterene|spa|1\n|-boost|p2a: Hatterene|spd|1\n|\n|upkeep\n|turn|16\n|\n|t:|1700802083\n|switch|p2a: Kingambit|Kingambit, M|100\/100\n|switch|p1a: Magnezone|Magnezone|100\/100\n|\n|upkeep\n|turn|17\n|\n|t:|1700802093\n|-terastallize|p1a: Magnezone|Fairy\n|move|p2a: Kingambit|Swords Dance|p2a: Kingambit\n|-boost|p2a: Kingambit|atk|2\n|move|p1a: Magnezone|Thunderbolt|p2a: Kingambit\n|-damage|p2a: Kingambit|67\/100\n|\n|-heal|p2a: Kingambit|73\/100|[from] item: Leftovers\n|upkeep\n|turn|18\n|\n|t:|1700802103\n|move|p2a: Kingambit|Iron Head|p1a: Magnezone\n|-supereffective|p1a: Magnezone\n|-damage|p1a: Magnezone|0 fnt\n|faint|p1a: Magnezone\n|\n|-heal|p2a: Kingambit|79\/100|[from] item: Leftovers\n|-sideend|p2: Him1623|move: Aurora Veil\n|upkeep\n|\n|t:|1700802115\n|switch|p1a: Infernape|Infernape, F|100\/100 slp\n|turn|19\n|\n|t:|1700802126\n|cant|p1a: Infernape|slp\n|move|p2a: Kingambit|Low Kick|p1a: Infernape\n|-damage|p1a: Infernape|8\/100 slp\n|\n|-heal|p2a: Kingambit|86\/100|[from] item: Leftovers\n|upkeep\n|turn|20\n|\n|t:|1700802132\n|move|p2a: Kingambit|Sucker Punch|p1a: Infernape\n|-resisted|p1a: Infernape\n|-damage|p1a: Infernape|0 fnt\n|faint|p1a: Infernape\n|\n|-heal|p2a: Kingambit|92\/100|[from] item: Leftovers\n|upkeep\n|\n|t:|1700802142\n|switch|p1a: Gengar|Gengar, F|100\/100\n|turn|21\n|\n|t:|1700802156\n|move|p2a: Kingambit|Sucker Punch|p1a: Gengar\n|-supereffective|p1a: Gengar\n|-enditem|p1a: Gengar|Focus Sash\n|-damage|p1a: Gengar|1\/100\n|move|p1a: Gengar|Shadow Ball|p2a: Kingambit\n|-resisted|p2a: Kingambit\n|-damage|p2a: Kingambit|69\/100\n|\n|-heal|p2a: Kingambit|75\/100|[from] item: Leftovers\n|upkeep\n|turn|22\n|\n|t:|1700802166\n|move|p1a: Gengar|Destiny Bond|p1a: Gengar\n|-singlemove|p1a: Gengar|Destiny Bond\n|move|p2a: Kingambit|Iron Head|p1a: Gengar\n|-damage|p1a: Gengar|0 fnt\n|-start|p2a: Kingambit|Disable|Iron Head|[from] ability: Cursed Body|[of] p1a: Gengar\n|faint|p1a: Gengar\n|-activate|p1a: Gengar|move: Destiny Bond\n|faint|p2a: Kingambit\n|-end|p2a: Kingambit|fallenundefined|[silent]\n|\n|upkeep\n|\n|t:|1700802176\n|switch|p1a: Espeon|Espeon, M|100\/100\n|switch|p2a: Kommo-o|Kommo-o, M|100\/100\n|turn|23\n|inactive|Him1623 has 120 seconds left.\n|\n|t:|1700802213\n|switch|p2a: Hatterene|Hatterene, F|100\/100\n|move|p1a: Espeon|Dazzling Gleam|p2a: Hatterene\n|-damage|p2a: Hatterene|72\/100\n|\n|upkeep\n|turn|24\n|inactive|Him1623 has 120 seconds left.\n|\n|t:|1700802224\n|move|p1a: Espeon|Shadow Ball|p2a: Hatterene\n|-supereffective|p2a: Hatterene\n|-damage|p2a: Hatterene|18\/100\n|move|p2a: Hatterene|Draining Kiss|p1a: Espeon\n|-damage|p1a: Espeon|72\/100\n|-heal|p2a: Hatterene|36\/100|[from] drain|[of] p1a: Espeon\n|\n|upkeep\n|turn|25\n|inactive|Him1623 has 120 seconds left.\n|\n|t:|1700802235\n|switch|p2a: Iron Moth|Iron Moth, tera:Water|33\/100\n|move|p1a: Espeon|Shadow Ball|p2a: Iron Moth\n|-damage|p2a: Iron Moth|4\/100\n|\n|upkeep\n|turn|26\n|inactive|Him1623 has 120 seconds left.\n|\n|t:|1700802247\n|move|p2a: Iron Moth|Sludge Wave|p1a: Espeon\n|-damage|p1a: Espeon|8\/100\n|move|p1a: Espeon|Psychic|p2a: Iron Moth\n|-damage|p2a: Iron Moth|0 fnt\n|faint|p2a: Iron Moth\n|-end|p2a: Iron Moth|Quark Drive|[silent]\n|\n|upkeep\n|inactive|Him1623 has 120 seconds left.\n|\n|t:|1700802254\n|switch|p2a: Ninetales|Ninetales-Alola, F|25\/100\n|-weather|Snow|[from] ability: Snow Warning|[of] p2a: Ninetales\n|turn|27\n|\n|t:|1700802260\n|move|p1a: Espeon|Psychic|p2a: Ninetales\n|-damage|p2a: Ninetales|0 fnt\n|faint|p2a: Ninetales\n|\n|-weather|Snow|[upkeep]\n|upkeep\n|\n|t:|1700802271\n|switch|p2a: Hatterene|Hatterene, F|36\/100\n|turn|28\n|\n|t:|1700802274\n|move|p1a: Espeon|Shadow Ball|p2a: Hatterene\n|-supereffective|p2a: Hatterene\n|-crit|p2a: Hatterene\n|-damage|p2a: Hatterene|0 fnt\n|faint|p2a: Hatterene\n|\n|-weather|Snow|[upkeep]\n|upkeep\n|\n|t:|1700802276\n|switch|p2a: Great Tusk|Great Tusk|100\/100\n|-enditem|p2a: Great Tusk|Booster Energy\n|-activate|p2a: Great Tusk|ability: Protosynthesis|[fromitem]\n|-start|p2a: Great Tusk|protosynthesisatk\n|turn|29\n|\n|t:|1700802286\n|move|p1a: Espeon|Dazzling Gleam|p2a: Great Tusk\n|-supereffective|p2a: Great Tusk\n|-damage|p2a: Great Tusk|11\/100\n|move|p2a: Great Tusk|Ice Spinner|p1a: Espeon\n|-damage|p1a: Espeon|0 fnt\n|faint|p1a: Espeon\n|\n|-weather|Snow|[upkeep]\n|upkeep\n|\n|t:|1700802293\n|switch|p1a: Milotic|Milotic, M|100\/100\n|turn|30\n|\n|t:|1700802299\n|-end|p2a: Great Tusk|Protosynthesis|[silent]\n|switch|p2a: Kommo-o|Kommo-o, M|100\/100\n|move|p1a: Milotic|Ice Beam|p2a: Kommo-o\n|-supereffective|p2a: Kommo-o\n|-damage|p2a: Kommo-o|57\/100\n|\n|-weather|Snow|[upkeep]\n|upkeep\n|turn|31\n|\n|t:|1700802309\n|move|p2a: Kommo-o|Boomburst|p1a: Milotic\n|-damage|p1a: Milotic|77\/100\n|-enditem|p2a: Kommo-o|Throat Spray\n|-boost|p2a: Kommo-o|spa|1|[from] item: Throat Spray\n|move|p1a: Milotic|Ice Beam|p2a: Kommo-o\n|-supereffective|p2a: Kommo-o\n|-damage|p2a: Kommo-o|9\/100\n|\n|-weather|none\n|-heal|p1a: Milotic|83\/100|[from] item: Leftovers\n|upkeep\n|turn|32\n|\n|t:|1700802318\n|move|p2a: Kommo-o|Clanging Scales|p1a: Milotic\n|-damage|p1a: Milotic|47\/100\n|-unboost|p2a: Kommo-o|def|1\n|move|p1a: Milotic|Ice Beam|p2a: Kommo-o\n|-supereffective|p2a: Kommo-o\n|-damage|p2a: Kommo-o|0 fnt\n|faint|p2a: Kommo-o\n|\n|-heal|p1a: Milotic|53\/100|[from] item: Leftovers\n|upkeep\n|\n|t:|1700802321\n|switch|p2a: Great Tusk|Great Tusk|11\/100\n|turn|33\n|\n|t:|1700802328\n|move|p2a: Great Tusk|Headlong Rush|p1a: Milotic\n|-damage|p1a: Milotic|0 fnt\n|-unboost|p2a: Great Tusk|def|1\n|-unboost|p2a: Great Tusk|spd|1\n|faint|p1a: Milotic\n|\n|upkeep\n|\n|t:|1700802335\n|switch|p1a: Dragonite|Dragonite, F|100\/100\n|turn|34\n|\n|t:|1700802339\n|move|p1a: Dragonite|Extreme Speed|p2a: Great Tusk\n|-damage|p2a: Great Tusk|0 fnt\n|faint|p2a: Great Tusk\n|-end|p2a: Great Tusk|Protosynthesis|[silent]\n|\n|win|Teacher Ba's fan\n|raw|Teacher Ba&apos;s fan's rating: 1185 &rarr; <strong>1215<\/strong><br \/>(+30 for winning)\n|raw|Him1623's rating: 1255 &rarr; <strong>1225<\/strong><br \/>(-30 for losing)\n|l|\u2606Him1623\n","uploadtime":1700802347,"views":3,"p1id":"teacherbasfan","p2id":"him1623","formatid":"gen9ou","rating":1215,"private":0,"password":""}