{"id":"gen9ou-1988475075","p1":"iamxenee","p2":"DaAceBandit","format":"[Gen 9] OU","log":"|j|\u2606iamxenee\n|j|\u2606DaAceBandit\n|t:|1699726894\n|gametype|singles\n|player|p1|iamxenee|n|1205\n|player|p2|DaAceBandit|gambler|1156\n|teamsize|p1|6\n|teamsize|p2|6\n|gen|9\n|tier|[Gen 9] OU\n|rated|\n|rule|Sleep Clause Mod: Limit one foe put to sleep\n|rule|Species Clause: Limit one of each Pok\u00e9mon\n|rule|OHKO Clause: OHKO moves are banned\n|rule|Evasion Items Clause: Evasion items are banned\n|rule|Evasion Moves Clause: Evasion moves are banned\n|rule|Endless Battle Clause: Forcing endless battles is banned\n|rule|HP Percentage Mod: HP is shown in percentages\n|clearpoke\n|poke|p1|Ogerpon-Cornerstone, F|\n|poke|p1|Cinderace, F|\n|poke|p1|Chansey, F|\n|poke|p1|Ninetales-Alola, F|\n|poke|p1|Gliscor, M|\n|poke|p1|Ceruledge, F|\n|poke|p2|Komala, M|\n|poke|p2|Carbink|\n|poke|p2|Overqwil, M|\n|poke|p2|Sinistcha-Masterpiece|\n|poke|p2|Zoroark-Hisui, M|\n|poke|p2|Mew|\n|teampreview\n|inactive|Battle timer is ON: inactive players will automatically lose when time's up. (requested by DaAceBandit)\n|\n|t:|1699726905\n|start\n|switch|p1a: Chansey|Chansey, F|100\/100\n|switch|p2a: Carbink|Carbink|100\/100\n|turn|1\n|\n|t:|1699726915\n|move|p1a: Chansey|Seismic Toss|p2a: Carbink\n|-damage|p2a: Carbink|67\/100\n|move|p2a: Carbink|Iron Defense|p2a: Carbink\n|-boost|p2a: Carbink|def|2\n|\n|upkeep\n|turn|2\n|\n|t:|1699726921\n|move|p2a: Carbink|Iron Defense|p2a: Carbink\n|-boost|p2a: Carbink|def|2\n|move|p1a: Chansey|Seismic Toss|p2a: Carbink\n|-damage|p2a: Carbink|34\/100\n|\n|upkeep\n|turn|3\n|\n|t:|1699726928\n|move|p1a: Chansey|Seismic Toss|p2a: Carbink\n|-damage|p2a: Carbink|1\/100\n|move|p2a: Carbink|Body Press|p1a: Chansey\n|-supereffective|p1a: Chansey\n|-damage|p1a: Chansey|0 fnt\n|faint|p1a: Chansey\n|\n|upkeep\n|\n|t:|1699726940\n|switch|p1a: Ceruledge|Ceruledge, F|100\/100\n|turn|4\n|c|\u2606DaAceBandit|why did I go first on that turn\n|\n|t:|1699726957\n|switch|p2a: Overqwil|Overqwil, M|100\/100\n|move|p1a: Ceruledge|Shadow Sneak|p2a: Overqwil\n|-resisted|p2a: Overqwil\n|-damage|p2a: Overqwil|88\/100\n|-damage|p1a: Ceruledge|84\/100|[from] item: Rocky Helmet|[of] p2a: Overqwil\n|-status|p1a: Ceruledge|psn|[from] ability: Poison Point|[of] p2a: Overqwil\n|\n|-damage|p1a: Ceruledge|72\/100 psn|[from] psn\n|upkeep\n|turn|5\n|c|\u2606DaAceBandit|speed tie is my guess\n|inactive|iamxenee has 120 seconds left.\n|\n|t:|1699726996\n|move|p2a: Overqwil|Toxic Spikes|p1a: Ceruledge\n|-sidestart|p1: iamxenee|move: Toxic Spikes\n|move|p1a: Ceruledge|Bitter Blade|p2a: Overqwil\n|-damage|p2a: Overqwil|40\/100\n|-heal|p1a: Ceruledge|97\/100 psn|[from] drain|[of] p2a: Overqwil\n|-damage|p1a: Ceruledge|81\/100 psn|[from] item: Rocky Helmet|[of] p2a: Overqwil\n|\n|-damage|p1a: Ceruledge|69\/100 psn|[from] psn\n|upkeep\n|turn|6\n|inactive|iamxenee has 120 seconds left.\n|\n|t:|1699727008\n|move|p1a: Ceruledge|Swords Dance|p1a: Ceruledge\n|-boost|p1a: Ceruledge|atk|2\n|move|p2a: Overqwil|Barb Barrage|p1a: Ceruledge\n|-resisted|p1a: Ceruledge\n|-damage|p1a: Ceruledge|30\/100 psn\n|-ability|p1a: Ceruledge|Weak Armor|boost\n|-unboost|p1a: Ceruledge|def|1\n|-boost|p1a: Ceruledge|spe|2\n|\n|-damage|p1a: Ceruledge|18\/100 psn|[from] psn\n|upkeep\n|turn|7\n|c|\u2606DaAceBandit|well great another speed tie\n|inactive|iamxenee has 120 seconds left.\n|\n|t:|1699727020\n|move|p2a: Overqwil|Aqua Jet|p1a: Ceruledge\n|-supereffective|p1a: Ceruledge\n|-damage|p1a: Ceruledge|0 fnt\n|faint|p1a: Ceruledge\n|\n|upkeep\n|c|\u2606DaAceBandit|not doing that again\n|\n|t:|1699727033\n|switch|p1a: Gliscor|Gliscor, M, shiny|100\/100\n|turn|8\n|\n|t:|1699727048\n|switch|p2a: Komala|Komala, M|100\/100\n|-ability|p2a: Komala|Comatose\n|move|p1a: Gliscor|Protect||[still]\n|-fail|p1a: Gliscor\n|\n|-status|p1a: Gliscor|tox|[from] item: Toxic Orb\n|upkeep\n|turn|9\n|\n|t:|1699727067\n|move|p1a: Gliscor|Swords Dance|p1a: Gliscor\n|-boost|p1a: Gliscor|atk|2\n|move|p2a: Komala|Wish|p2a: Komala\n|\n|upkeep\n|turn|10\n|\n|t:|1699727082\n|switch|p2a: Carbink|Carbink|1\/100\n|move|p1a: Gliscor|Facade|p2a: Carbink\n|-resisted|p2a: Carbink\n|-damage|p2a: Carbink|0 fnt\n|faint|p2a: Carbink\n|\n|upkeep\n|\n|t:|1699727090\n|switch|p2a: Overqwil|Overqwil, M|100\/100\n|turn|11\n|\n|t:|1699727096\n|move|p2a: Overqwil|Nasty Plot|p2a: Overqwil\n|-boost|p2a: Overqwil|spa|2\n|move|p1a: Gliscor|Earthquake|p2a: Overqwil\n|-enditem|p2a: Overqwil|Focus Sash\n|-damage|p2a: Overqwil|1\/100\n|replace|p2a: Zoroark|Zoroark-Hisui, M, shiny\n|-end|p2a: Zoroark|Illusion\n|\n|upkeep\n|turn|12\n|inactive|iamxenee has 120 seconds left.\n|\n|t:|1699727111\n|move|p2a: Zoroark|Bitter Malice|p1a: Gliscor\n|-damage|p1a: Gliscor|14\/100 tox\n|-unboost|p1a: Gliscor|atk|1\n|move|p1a: Gliscor|Facade|p2a: Zoroark\n|-immune|p2a: Zoroark\n|\n|-heal|p1a: Gliscor|27\/100 tox|[from] ability: Poison Heal\n|upkeep\n|turn|13\n|\n|t:|1699727129\n|move|p1a: Gliscor|Protect|p1a: Gliscor\n|-singleturn|p1a: Gliscor|Protect\n|move|p2a: Zoroark|Bitter Malice|p1a: Gliscor\n|-activate|p1a: Gliscor|move: Protect\n|\n|-heal|p1a: Gliscor|39\/100 tox|[from] ability: Poison Heal\n|upkeep\n|turn|14\n|inactive|iamxenee has 90 seconds left.\n|\n|t:|1699727157\n|switch|p1a: Ninetales|Ninetales-Alola, F, shiny|100\/100\n|-status|p1a: Ninetales|psn\n|-weather|Snow|[from] ability: Snow Warning|[of] p1a: Ninetales\n|move|p2a: Zoroark|Bitter Malice|p1a: Ninetales\n|-damage|p1a: Ninetales|22\/100 psn\n|-unboost|p1a: Ninetales|atk|1\n|\n|-weather|Snow|[upkeep]\n|-damage|p1a: Ninetales|10\/100 psn|[from] psn\n|upkeep\n|turn|15\n|inactive|iamxenee has 90 seconds left.\n|\n|t:|1699727194\n|switch|p1a: Gliscor|Gliscor, M, shiny|39\/100 tox\n|move|p2a: Zoroark|Bitter Malice|p1a: Gliscor\n|-damage|p1a: Gliscor|0 fnt\n|faint|p1a: Gliscor\n|\n|-weather|Snow|[upkeep]\n|upkeep\n|c|\u2606DaAceBandit|I like the idea but it wont work\n|inactive|iamxenee has 60 seconds left.\n|\n|t:|1699727210\n|switch|p1a: Cinderace|Cinderace, F|100\/100\n|turn|16\n|inactive|iamxenee has 60 seconds left.\n|\n|t:|1699727218\n|move|p1a: Cinderace|Sucker Punch|p2a: Zoroark\n|-start|p1a: Cinderace|typechange|Dark|[from] ability: Libero\n|-supereffective|p2a: Zoroark\n|-damage|p2a: Zoroark|0 fnt\n|faint|p2a: Zoroark\n|\n|-weather|Snow|[upkeep]\n|upkeep\n|\n|t:|1699727223\n|switch|p2a: Komala|Komala, M|100\/100\n|-ability|p2a: Komala|Comatose\n|turn|17\n|\n|t:|1699727233\n|move|p1a: Cinderace|Court Change|p1a: Cinderace\n|-swapsideconditions\n|-activate|p1a: Cinderace|move: Court Change\n|move|p2a: Komala|Yawn|p1a: Cinderace\n|-start|p1a: Cinderace|move: Yawn|[of] p2a: Komala\n|\n|-weather|Snow|[upkeep]\n|upkeep\n|turn|18\n|\n|t:|1699727240\n|move|p1a: Cinderace|U-turn|p2a: Komala\n|-damage|p2a: Komala|68\/100\n|\n|t:|1699727246\n|switch|p1a: Ninetales|Ninetales-Alola, F, shiny|10\/100 psn|[from] U-turn\n|move|p2a: Komala|Rapid Spin|p1a: Ninetales\n|-damage|p1a: Ninetales|0 fnt\n|-boost|p2a: Komala|spe|1\n|-sideend|p2: DaAceBandit|Toxic Spikes|[from] move: Rapid Spin|[of] p2a: Komala\n|faint|p1a: Ninetales\n|\n|-weather|none\n|upkeep\n|inactive|iamxenee has 60 seconds left.\n|\n|t:|1699727270\n|switch|p1a: Cinderace|Cinderace, F|100\/100\n|turn|19\n|\n|t:|1699727279\n|move|p1a: Cinderace|Pyro Ball|p2a: Komala|[miss]\n|-miss|p1a: Cinderace|p2a: Komala\n|move|p2a: Komala|Yawn|p1a: Cinderace\n|-start|p1a: Cinderace|move: Yawn|[of] p2a: Komala\n|\n|upkeep\n|turn|20\n|\n|t:|1699727285\n|move|p2a: Komala|Protect|p2a: Komala\n|-singleturn|p2a: Komala|Protect\n|move|p1a: Cinderace|U-turn|p2a: Komala\n|-start|p1a: Cinderace|typechange|Bug|[from] ability: Libero\n|-activate|p2a: Komala|move: Protect\n|\n|-end|p1a: Cinderace|move: Yawn|[silent]\n|-status|p1a: Cinderace|slp\n|upkeep\n|turn|21\n|\n|t:|1699727301\n|switch|p2a: Mew|Mew, shiny|100\/100\n|cant|p1a: Cinderace|slp\n|\n|upkeep\n|turn|22\n|\n|t:|1699727310\n|-curestatus|p1a: Cinderace|slp|[msg]\n|move|p1a: Cinderace|Sucker Punch||[still]\n|-fail|p1a: Cinderace\n|move|p2a: Mew|Imprison|p2a: Mew\n|-start|p2a: Mew|move: Imprison\n|\n|upkeep\n|turn|23\n|\n|t:|1699727320\n|move|p1a: Cinderace|Sucker Punch||[still]\n|-fail|p1a: Cinderace\n|move|p2a: Mew|Transform|p1a: Cinderace\n|-transform|p2a: Mew|p1a: Cinderace\n|\n|upkeep\n|turn|24\n|inactive|iamxenee has 90 seconds left.\n|\n|t:|1699727343\n|switch|p1a: Ogerpon|Ogerpon-Cornerstone, F|100\/100\n|move|p2a: Mew|Pyro Ball|p1a: Ogerpon\n|-start|p2a: Mew|typechange|Fire|[from] ability: Libero\n|-damage|p1a: Ogerpon|23\/100\n|\n|upkeep\n|turn|25\n|\n|t:|1699727359\n|move|p2a: Mew|Pyro Ball|p1a: Ogerpon\n|-damage|p1a: Ogerpon|0 fnt\n|faint|p1a: Ogerpon\n|\n|upkeep\n|\n|t:|1699727364\n|switch|p1a: Cinderace|Cinderace, F|100\/100\n|turn|26\n|\n|t:|1699727369\n|move|p2a: Mew|Pyro Ball|p1a: Cinderace\n|-resisted|p1a: Cinderace\n|-damage|p1a: Cinderace|58\/100\n|-activate|p1a: Cinderace|move: Struggle\n|move|p1a: Cinderace|Struggle|p2a: Mew\n|-damage|p2a: Mew|82\/100\n|-damage|p1a: Cinderace|33\/100|[from] recoil\n|\n|upkeep\n|turn|27\n|inactive|iamxenee has 90 seconds left.\n|c|\u2606DaAceBandit|gg\n|\n|t:|1699727380\n|-activate|p1a: Cinderace|move: Struggle\n|move|p1a: Cinderace|Struggle|p2a: Mew\n|-damage|p2a: Mew|64\/100\n|-damage|p1a: Cinderace|8\/100|[from] recoil\n|move|p2a: Mew|Pyro Ball|p1a: Cinderace\n|-resisted|p1a: Cinderace\n|-damage|p1a: Cinderace|0 fnt\n|faint|p1a: Cinderace\n|\n|win|DaAceBandit\n|raw|iamxenee's rating: 1205 &rarr; <strong>1176<\/strong><br \/>(-29 for losing)\n|raw|DaAceBandit's rating: 1156 &rarr; <strong>1185<\/strong><br \/>(+29 for winning)\n","uploadtime":1699727394,"views":46,"p1id":"iamxenee","p2id":"daacebandit","formatid":"gen9ou","rating":1176,"private":0,"password":""}