{"id":"gen9ou-1997438070","p1":"UltimeMax1","p2":"rectreemz","format":"[Gen 9] OU","log":"|j|\u2606UltimeMax1\n|j|\u2606rectreemz\n|t:|1700805183\n|gametype|singles\n|player|p1|UltimeMax1|sonia|1324\n|player|p2|rectreemz|2|1426\n|teamsize|p1|6\n|teamsize|p2|6\n|gen|9\n|tier|[Gen 9] OU\n|rated|\n|rule|Sleep Clause Mod: Limit one foe put to sleep\n|rule|Species Clause: Limit one of each Pok\u00e9mon\n|rule|OHKO Clause: OHKO moves are banned\n|rule|Evasion Items Clause: Evasion items are banned\n|rule|Evasion Moves Clause: Evasion moves are banned\n|rule|Endless Battle Clause: Forcing endless battles is banned\n|rule|HP Percentage Mod: HP is shown in percentages\n|clearpoke\n|poke|p1|Ribombee, F|\n|poke|p1|Great Tusk|\n|poke|p1|Gholdengo|\n|poke|p1|Gyarados, F|\n|poke|p1|Cinderace, M|\n|poke|p1|Kingambit, F|\n|poke|p2|Ninetales-Alola, F|\n|poke|p2|Kingambit, F|\n|poke|p2|Kommo-o, M|\n|poke|p2|Landorus-Therian, M|\n|poke|p2|Iron Valiant|\n|poke|p2|Cinderace, M|\n|teampreview\n|inactive|Battle timer is ON: inactive players will automatically lose when time's up. (requested by UltimeMax1)\n|inactive|rectreemz also wants the timer to be on.\n|\n|t:|1700805194\n|start\n|switch|p1a: Ribombee|Ribombee, F, shiny|100\/100\n|switch|p2a: Ninetales|Ninetales-Alola, F|100\/100\n|-weather|Snow|[from] ability: Snow Warning|[of] p2a: Ninetales\n|turn|1\n|\n|t:|1700805200\n|move|p1a: Ribombee|Sticky Web|p2a: Ninetales\n|-sidestart|p2: rectreemz|move: Sticky Web\n|move|p2a: Ninetales|Encore|p1a: Ribombee\n|-start|p1a: Ribombee|Encore\n|\n|-weather|Snow|[upkeep]\n|upkeep\n|turn|2\n|\n|t:|1700805205\n|switch|p1a: Gyarados|Gyarados, F|100\/100\n|move|p2a: Ninetales|Aurora Veil|p2a: Ninetales\n|-sidestart|p2: rectreemz|move: Aurora Veil\n|\n|-weather|Snow|[upkeep]\n|upkeep\n|turn|3\n|\n|t:|1700805213\n|switch|p2a: Landorus|Landorus-Therian, M|100\/100\n|-ability|p2a: Landorus|Intimidate|boost\n|-unboost|p1a: Gyarados|atk|1\n|switch|p1a: Cinderace|Cinderace, M|100\/100\n|\n|-weather|Snow|[upkeep]\n|upkeep\n|turn|4\n|\n|t:|1700805229\n|move|p1a: Cinderace|U-turn|p2a: Landorus\n|-start|p1a: Cinderace|typechange|Bug|[from] ability: Libero\n|-resisted|p2a: Landorus\n|-damage|p2a: Landorus|90\/100\n|-damage|p1a: Cinderace|84\/100|[from] item: Rocky Helmet|[of] p2a: Landorus\n|\n|t:|1700805238\n|switch|p1a: Gholdengo|Gholdengo, shiny|100\/100|[from] U-turn\n|-item|p1a: Gholdengo|Air Balloon\n|move|p2a: Landorus|Stealth Rock|p1a: Gholdengo\n|-sidestart|p1: UltimeMax1|move: Stealth Rock\n|\n|-weather|Snow|[upkeep]\n|upkeep\n|turn|5\n|\n|t:|1700805250\n|move|p1a: Gholdengo|Shadow Ball|p2a: Landorus\n|-damage|p2a: Landorus|68\/100\n|move|p2a: Landorus|U-turn|p1a: Gholdengo\n|-resisted|p1a: Gholdengo\n|-damage|p1a: Gholdengo|95\/100\n|-enditem|p1a: Gholdengo|Air Balloon\n|\n|t:|1700805258\n|switch|p2a: Cinderace|Cinderace, M|100\/100|[from] U-turn\n|\n|-weather|none\n|upkeep\n|turn|6\n|\n|t:|1700805269\n|switch|p1a: Great Tusk|Great Tusk|100\/100\n|-damage|p1a: Great Tusk|98\/100|[from] Stealth Rock\n|move|p2a: Cinderace|Pyro Ball|p1a: Great Tusk\n|-damage|p1a: Great Tusk|58\/100\n|\n|upkeep\n|turn|7\n|\n|t:|1700805287\n|move|p2a: Cinderace|Will-O-Wisp|p1a: Great Tusk\n|-status|p1a: Great Tusk|brn\n|move|p1a: Great Tusk|Rapid Spin|p2a: Cinderace\n|-damage|p2a: Cinderace|94\/100\n|-boost|p1a: Great Tusk|spe|1\n|-sideend|p1: UltimeMax1|Stealth Rock|[from] move: Rapid Spin|[of] p1a: Great Tusk\n|\n|-damage|p1a: Great Tusk|51\/100 brn|[from] brn\n|upkeep\n|turn|8\n|\n|t:|1700805295\n|-end|p1a: Great Tusk|Protosynthesis|[silent]\n|switch|p1a: Gholdengo|Gholdengo, shiny|95\/100\n|move|p2a: Cinderace|Court Change|p2a: Cinderace\n|-start|p2a: Cinderace|typechange|Normal|[from] ability: Libero\n|-swapsideconditions\n|-activate|p2a: Cinderace|move: Court Change\n|\n|upkeep\n|turn|9\n|\n|t:|1700805308\n|move|p2a: Cinderace|U-turn|p1a: Gholdengo\n|-resisted|p1a: Gholdengo\n|-damage|p1a: Gholdengo|92\/100\n|\n|t:|1700805313\n|switch|p2a: Kingambit|Kingambit, F|100\/100|[from] U-turn\n|move|p1a: Gholdengo|Make It Rain|p2a: Kingambit\n|-resisted|p2a: Kingambit\n|-damage|p2a: Kingambit|65\/100\n|-unboost|p1a: Gholdengo|spa|1\n|\n|-sideend|p1: UltimeMax1|move: Aurora Veil\n|upkeep\n|turn|10\n|\n|t:|1700805322\n|switch|p1a: Great Tusk|Great Tusk|51\/100 brn\n|-activate|p1a: Great Tusk|move: Sticky Web\n|-unboost|p1a: Great Tusk|spe|1\n|-end|p2a: Kingambit|fallenundefined|[silent]\n|switch|p2a: Cinderace|Cinderace, M|94\/100\n|\n|-damage|p1a: Great Tusk|45\/100 brn|[from] brn\n|upkeep\n|turn|11\n|\n|t:|1700805330\n|-terastallize|p2a: Cinderace|Ghost\n|move|p2a: Cinderace|Pyro Ball|p1a: Great Tusk\n|-damage|p1a: Great Tusk|2\/100 brn\n|move|p1a: Great Tusk|Rapid Spin|p2a: Cinderace\n|-immune|p2a: Cinderace\n|\n|-damage|p1a: Great Tusk|0 fnt|[from] brn\n|faint|p1a: Great Tusk\n|-end|p1a: Great Tusk|Protosynthesis|[silent]\n|upkeep\n|\n|t:|1700805339\n|switch|p1a: Gyarados|Gyarados, F|100\/100\n|turn|12\n|\n|t:|1700805351\n|switch|p1a: Cinderace|Cinderace, M|84\/100\n|-activate|p1a: Cinderace|move: Sticky Web\n|-unboost|p1a: Cinderace|spe|1\n|move|p2a: Cinderace|Will-O-Wisp|p1a: Cinderace\n|-immune|p1a: Cinderace\n|\n|upkeep\n|turn|13\n|\n|t:|1700805359\n|move|p2a: Cinderace|U-turn|p1a: Cinderace\n|-resisted|p1a: Cinderace\n|-damage|p1a: Cinderace|68\/100\n|\n|t:|1700805362\n|switch|p2a: Landorus|Landorus-Therian, M|68\/100|[from] U-turn\n|-ability|p2a: Landorus|Intimidate|boost\n|-unboost|p1a: Cinderace|atk|1\n|move|p1a: Cinderace|Pyro Ball|p2a: Landorus\n|-damage|p2a: Landorus|19\/100\n|\n|upkeep\n|turn|14\n|\n|t:|1700805369\n|move|p1a: Cinderace|Pyro Ball|p2a: Landorus\n|-damage|p2a: Landorus|0 fnt\n|faint|p2a: Landorus\n|\n|upkeep\n|\n|t:|1700805373\n|switch|p2a: Ninetales|Ninetales-Alola, F|100\/100\n|-weather|Snow|[from] ability: Snow Warning|[of] p2a: Ninetales\n|turn|15\n|\n|t:|1700805377\n|move|p2a: Ninetales|Aurora Veil|p2a: Ninetales\n|-sidestart|p2: rectreemz|move: Aurora Veil\n|move|p1a: Cinderace|Pyro Ball|p2a: Ninetales\n|-supereffective|p2a: Ninetales\n|-damage|p2a: Ninetales|46\/100\n|\n|-weather|Snow|[upkeep]\n|upkeep\n|turn|16\n|\n|t:|1700805384\n|move|p2a: Ninetales|Moonblast|p1a: Cinderace\n|-resisted|p1a: Cinderace\n|-damage|p1a: Cinderace|47\/100\n|-unboost|p1a: Cinderace|spa|1\n|move|p1a: Cinderace|Pyro Ball|p2a: Ninetales|[miss]\n|-miss|p1a: Cinderace|p2a: Ninetales\n|\n|-weather|Snow|[upkeep]\n|upkeep\n|turn|17\n|\n|t:|1700805395\n|move|p2a: Ninetales|Moonblast|p1a: Cinderace\n|-resisted|p1a: Cinderace\n|-damage|p1a: Cinderace|26\/100\n|move|p1a: Cinderace|Pyro Ball|p2a: Ninetales\n|-supereffective|p2a: Ninetales\n|-damage|p2a: Ninetales|0 fnt\n|faint|p2a: Ninetales\n|\n|-weather|Snow|[upkeep]\n|upkeep\n|\n|t:|1700805399\n|switch|p2a: Kommo-o|Kommo-o, M|100\/100\n|turn|18\n|\n|t:|1700805407\n|switch|p1a: Gyarados|Gyarados, F|100\/100\n|move|p2a: Kommo-o|Clangorous Soul|p2a: Kommo-o\n|-boost|p2a: Kommo-o|atk|1\n|-boost|p2a: Kommo-o|def|1\n|-boost|p2a: Kommo-o|spa|1\n|-boost|p2a: Kommo-o|spd|1\n|-boost|p2a: Kommo-o|spe|1\n|-damage|p2a: Kommo-o|68\/100\n|\n|-weather|Snow|[upkeep]\n|-heal|p2a: Kommo-o|74\/100|[from] item: Leftovers\n|upkeep\n|turn|19\n|\n|t:|1700805419\n|move|p2a: Kommo-o|Clanging Scales|p1a: Gyarados\n|-damage|p1a: Gyarados|28\/100\n|-unboost|p2a: Kommo-o|def|1\n|move|p1a: Gyarados|Dragon Dance|p1a: Gyarados\n|-boost|p1a: Gyarados|atk|1\n|-boost|p1a: Gyarados|spe|1\n|\n|-weather|none\n|-heal|p2a: Kommo-o|80\/100|[from] item: Leftovers\n|-heal|p1a: Gyarados|34\/100|[from] item: Leftovers\n|upkeep\n|turn|20\n|\n|t:|1700805431\n|-terastallize|p1a: Gyarados|Flying\n|move|p2a: Kommo-o|Clanging Scales|p1a: Gyarados\n|-damage|p1a: Gyarados|0 fnt\n|faint|p1a: Gyarados\n|-unboost|p2a: Kommo-o|def|1\n|\n|-heal|p2a: Kommo-o|86\/100|[from] item: Leftovers\n|upkeep\n|-message|UltimeMax1 forfeited.\n|\n|win|rectreemz\n|raw|UltimeMax1's rating: 1324 &rarr; <strong>1310<\/strong><br \/>(-14 for losing)\n|raw|rectreemz's rating: 1426 &rarr; <strong>1440<\/strong><br \/>(+14 for winning)\n|l|\u2606UltimeMax1\n","uploadtime":1700805439,"views":2,"p1id":"ultimemax1","p2id":"rectreemz","formatid":"gen9ou","rating":1310,"private":0,"password":""}