{"id":"gen9ou-1990898510","p1":"YungTruth513rd","p2":"Ohdadyespls","format":"[Gen 9] OU","log":"|j|\u2606YungTruth513rd\n|j|\u2606Ohdadyespls\n|t:|1700012790\n|gametype|singles\n|player|p1|YungTruth513rd|veteran|1539\n|player|p2|Ohdadyespls|elesa|1640\n|teamsize|p1|6\n|teamsize|p2|6\n|gen|9\n|tier|[Gen 9] OU\n|rated|\n|rule|Sleep Clause Mod: Limit one foe put to sleep\n|rule|Species Clause: Limit one of each Pok\u00e9mon\n|rule|OHKO Clause: OHKO moves are banned\n|rule|Evasion Items Clause: Evasion items are banned\n|rule|Evasion Moves Clause: Evasion moves are banned\n|rule|Endless Battle Clause: Forcing endless battles is banned\n|rule|HP Percentage Mod: HP is shown in percentages\n|clearpoke\n|poke|p1|Moltres-Galar|\n|poke|p1|Brute Bonnet|\n|poke|p1|Slowbro-Galar, M|\n|poke|p1|Great Tusk|\n|poke|p1|Goodra-Hisui, F|\n|poke|p1|Iron Moth|\n|poke|p2|Gholdengo|\n|poke|p2|Ribombee, M|\n|poke|p2|Samurott-Hisui, F|\n|poke|p2|Iron Moth|\n|poke|p2|Great Tusk|\n|poke|p2|Iron Valiant|\n|teampreview\n|inactive|Battle timer is ON: inactive players will automatically lose when time's up. (requested by YungTruth513rd)\n|j| SandGetsEverywhere\n|inactive|Ohdadyespls has 120 seconds left.\n|c|\u2606YungTruth513rd|SandGetsEverywhere\n|c|\u2606YungTruth513rd|what up do\n|\n|t:|1700012845\n|start\n|switch|p1a: Volca5000|Iron Moth|100\/100\n|switch|p2a: Ribombee|Ribombee, M|100\/100\n|turn|1\n|c|\u2606YungTruth513rd|@ Ohdadyespls\n|c|\u2606YungTruth513rd|glhf\n|\n|t:|1700012855\n|move|p2a: Ribombee|Psychic|p1a: Volca5000\n|-supereffective|p1a: Volca5000\n|-damage|p1a: Volca5000|62\/100\n|move|p1a: Volca5000|Fiery Dance|p2a: Ribombee\n|-supereffective|p2a: Ribombee\n|-enditem|p2a: Ribombee|Focus Sash\n|-damage|p2a: Ribombee|1\/100\n|-boost|p1a: Volca5000|spa|1\n|\n|upkeep\n|turn|2\n|\n|t:|1700012867\n|move|p2a: Ribombee|Sticky Web|p1a: Volca5000\n|-sidestart|p1: YungTruth513rd|move: Sticky Web\n|move|p1a: Volca5000|Fiery Dance|p2a: Ribombee\n|-supereffective|p2a: Ribombee\n|-damage|p2a: Ribombee|0 fnt\n|faint|p2a: Ribombee\n|\n|upkeep\n|\n|t:|1700012875\n|switch|p2a: Samurott|Samurott-Hisui, F|100\/100\n|turn|3\n|\n|t:|1700012880\n|-terastallize|p1a: Volca5000|Grass\n|move|p1a: Volca5000|Energy Ball|p2a: Samurott\n|-supereffective|p2a: Samurott\n|-crit|p2a: Samurott\n|-enditem|p2a: Samurott|Focus Sash\n|-damage|p2a: Samurott|1\/100\n|move|p2a: Samurott|Ceaseless Edge|p1a: Volca5000\n|-damage|p1a: Volca5000|0 fnt\n|-sidestart|p1: YungTruth513rd|Spikes\n|faint|p1a: Volca5000\n|-end|p1a: Volca5000|Quark Drive|[silent]\n|\n|upkeep\n|l| SandGetsEverywhere\n|inactive|YungTruth513rd has 120 seconds left.\n|\n|t:|1700012915\n|switch|p1a: Amoonrock|Brute Bonnet|100\/100\n|-activate|p1a: Amoonrock|move: Sticky Web\n|-unboost|p1a: Amoonrock|spe|1\n|-damage|p1a: Amoonrock|88\/100|[from] Spikes\n|turn|4\n|c|\u2606Ohdadyespls|Sorry on mobile just saw your chat u2 m80\n|\n|t:|1700012929\n|move|p1a: Amoonrock|Sucker Punch|p2a: Samurott\n|-resisted|p2a: Samurott\n|-damage|p2a: Samurott|0 fnt\n|faint|p2a: Samurott\n|\n|upkeep\n|c|\u2606YungTruth513rd|its all good\n|\n|t:|1700012936\n|switch|p2a: Iron Valiant|Iron Valiant|100\/100\n|-enditem|p2a: Iron Valiant|Booster Energy\n|-activate|p2a: Iron Valiant|ability: Quark Drive|[fromitem]\n|-start|p2a: Iron Valiant|quarkdrivespe\n|turn|5\n|c|\u2606YungTruth513rd|I know how it goes lol\n|c|\u2606YungTruth513rd|been there too\n|inactive|YungTruth513rd has 120 seconds left.\n|inactive|YungTruth513rd has 90 seconds left.\n|\n|t:|1700012991\n|-end|p1a: Amoonrock|Protosynthesis|[silent]\n|switch|p1a: SlowEmDownGoo|Goodra-Hisui, F|100\/100\n|-activate|p1a: SlowEmDownGoo|move: Sticky Web\n|-unboost|p1a: SlowEmDownGoo|spe|1\n|-damage|p1a: SlowEmDownGoo|88\/100|[from] Spikes\n|move|p2a: Iron Valiant|Moonblast|p1a: SlowEmDownGoo\n|-damage|p1a: SlowEmDownGoo|66\/100\n|-unboost|p1a: SlowEmDownGoo|spa|1\n|\n|upkeep\n|turn|6\n|inactive|YungTruth513rd has 90 seconds left.\n|\n|t:|1700013001\n|move|p2a: Iron Valiant|Destiny Bond|p2a: Iron Valiant\n|-singlemove|p2a: Iron Valiant|Destiny Bond\n|move|p1a: SlowEmDownGoo|Sludge Bomb|p2a: Iron Valiant\n|-supereffective|p2a: Iron Valiant\n|-damage|p2a: Iron Valiant|47\/100\n|\n|upkeep\n|turn|7\n|\n|t:|1700013010\n|move|p2a: Iron Valiant|Knock Off|p1a: SlowEmDownGoo\n|-damage|p1a: SlowEmDownGoo|49\/100\n|-ability|p1a: SlowEmDownGoo|Gooey\n|-unboost|p2a: Iron Valiant|spe|1\n|-enditem|p1a: SlowEmDownGoo|Assault Vest|[from] move: Knock Off|[of] p2a: Iron Valiant\n|move|p1a: SlowEmDownGoo|Sludge Bomb|p2a: Iron Valiant\n|-supereffective|p2a: Iron Valiant\n|-damage|p2a: Iron Valiant|0 fnt\n|faint|p2a: Iron Valiant\n|-end|p2a: Iron Valiant|Quark Drive|[silent]\n|\n|upkeep\n|\n|t:|1700013021\n|switch|p2a: Great Tusk|Great Tusk|100\/100\n|-enditem|p2a: Great Tusk|Booster Energy\n|-activate|p2a: Great Tusk|ability: Protosynthesis|[fromitem]\n|-start|p2a: Great Tusk|protosynthesisspe\n|turn|8\n|\n|t:|1700013030\n|move|p2a: Great Tusk|Headlong Rush|p1a: SlowEmDownGoo\n|-supereffective|p1a: SlowEmDownGoo\n|-damage|p1a: SlowEmDownGoo|0 fnt\n|-unboost|p2a: Great Tusk|def|1\n|-unboost|p2a: Great Tusk|spd|1\n|-ability|p1a: SlowEmDownGoo|Gooey\n|-unboost|p2a: Great Tusk|spe|1\n|faint|p1a: SlowEmDownGoo\n|\n|upkeep\n|\n|t:|1700013042\n|switch|p1a: OG Donphan|Great Tusk|100\/100\n|-activate|p1a: OG Donphan|move: Sticky Web\n|-unboost|p1a: OG Donphan|spe|1\n|-damage|p1a: OG Donphan|88\/100|[from] Spikes\n|turn|9\n|\n|t:|1700013052\n|move|p2a: Great Tusk|Bulk Up|p2a: Great Tusk\n|-boost|p2a: Great Tusk|atk|1\n|-boost|p2a: Great Tusk|def|1\n|move|p1a: OG Donphan|Ice Spinner|p2a: Great Tusk\n|-supereffective|p2a: Great Tusk\n|-damage|p2a: Great Tusk|61\/100\n|\n|upkeep\n|turn|10\n|\n|t:|1700013060\n|move|p2a: Great Tusk|Bulk Up|p2a: Great Tusk\n|-boost|p2a: Great Tusk|atk|1\n|-boost|p2a: Great Tusk|def|1\n|move|p1a: OG Donphan|Rapid Spin|p2a: Great Tusk\n|-damage|p2a: Great Tusk|54\/100\n|-boost|p1a: OG Donphan|spe|1\n|-sideend|p1: YungTruth513rd|Spikes|[from] move: Rapid Spin|[of] p1a: OG Donphan\n|-sideend|p1: YungTruth513rd|Sticky Web|[from] move: Rapid Spin|[of] p1a: OG Donphan\n|\n|upkeep\n|turn|11\n|\n|t:|1700013074\n|move|p2a: Great Tusk|Bulk Up|p2a: Great Tusk\n|-boost|p2a: Great Tusk|atk|1\n|-boost|p2a: Great Tusk|def|1\n|move|p1a: OG Donphan|Ice Spinner|p2a: Great Tusk\n|-supereffective|p2a: Great Tusk\n|-damage|p2a: Great Tusk|35\/100\n|\n|upkeep\n|turn|12\n|\n|t:|1700013081\n|move|p2a: Great Tusk|Ice Spinner|p1a: OG Donphan\n|-supereffective|p1a: OG Donphan\n|-damage|p1a: OG Donphan|8\/100\n|move|p1a: OG Donphan|Rapid Spin|p2a: Great Tusk\n|-damage|p2a: Great Tusk|29\/100\n|-boost|p1a: OG Donphan|spe|1\n|\n|upkeep\n|turn|13\n|inactive|YungTruth513rd has 120 seconds left.\n|\n|t:|1700013093\n|move|p1a: OG Donphan|Ice Spinner|p2a: Great Tusk\n|-supereffective|p2a: Great Tusk\n|-damage|p2a: Great Tusk|12\/100\n|move|p2a: Great Tusk|Rapid Spin|p1a: OG Donphan\n|-damage|p1a: OG Donphan|0 fnt\n|-boost|p2a: Great Tusk|spe|1\n|faint|p1a: OG Donphan\n|-end|p1a: OG Donphan|Protosynthesis|[silent]\n|\n|upkeep\n|inactive|YungTruth513rd has 120 seconds left.\n|\n|t:|1700013102\n|switch|p1a: Amoonrock|Brute Bonnet|88\/100\n|turn|14\n|\n|t:|1700013107\n|move|p2a: Great Tusk|Ice Spinner|p1a: Amoonrock\n|-supereffective|p1a: Amoonrock\n|-damage|p1a: Amoonrock|0 fnt\n|faint|p1a: Amoonrock\n|-end|p1a: Amoonrock|Protosynthesis|[silent]\n|\n|upkeep\n|\n|t:|1700013112\n|switch|p1a: QuickStinga|Slowbro-Galar, M|100\/100\n|turn|15\n|\n|t:|1700013114\n|move|p2a: Great Tusk|Headlong Rush|p1a: QuickStinga\n|-supereffective|p1a: QuickStinga\n|-damage|p1a: QuickStinga|0 fnt\n|-unboost|p2a: Great Tusk|def|1\n|-unboost|p2a: Great Tusk|spd|1\n|faint|p1a: QuickStinga\n|\n|upkeep\n|\n|t:|1700013120\n|switch|p1a: Amaterasu|Moltres-Galar|100\/100\n|turn|16\n|\n|t:|1700013123\n|move|p2a: Great Tusk|Ice Spinner|p1a: Amaterasu\n|-supereffective|p1a: Amaterasu\n|-damage|p1a: Amaterasu|0 fnt\n|faint|p1a: Amaterasu\n|\n|win|Ohdadyespls\n|raw|YungTruth513rd's rating: 1539 &rarr; <strong>1525<\/strong><br \/>(-14 for losing)\n|raw|Ohdadyespls's rating: 1640 &rarr; <strong>1654<\/strong><br \/>(+14 for winning)\n|c|\u2606Ohdadyespls|Gg\n|c|\u2606YungTruth513rd|gg\n|l|\u2606Ohdadyespls\n|l|\u2606YungTruth513rd\n","uploadtime":1700013404,"views":13,"p1id":"yungtruth513rd","p2id":"ohdadyespls","formatid":"gen9ou","rating":1525,"private":0,"password":""}