{"id":"gen9ou-1994282122","p1":"dawggggg","p2":"GodspeedOnAHighway","format":"[Gen 9] OU","log":"|j|\u2606dawggggg\n|j|\u2606GodspeedOnAHighway\n|t:|1700426731\n|gametype|singles\n|player|p1|dawggggg|102|1045\n|player|p2|GodspeedOnAHighway|cheren|1138\n|teamsize|p1|6\n|teamsize|p2|6\n|gen|9\n|tier|[Gen 9] OU\n|rated|\n|rule|Sleep Clause Mod: Limit one foe put to sleep\n|rule|Species Clause: Limit one of each Pok\u00e9mon\n|rule|OHKO Clause: OHKO moves are banned\n|rule|Evasion Items Clause: Evasion items are banned\n|rule|Evasion Moves Clause: Evasion moves are banned\n|rule|Endless Battle Clause: Forcing endless battles is banned\n|rule|HP Percentage Mod: HP is shown in percentages\n|clearpoke\n|poke|p1|Kingambit, F|\n|poke|p1|Glimmora, M|\n|poke|p1|Zamazenta-*|\n|poke|p1|Iron Valiant|\n|poke|p1|Iron Moth|\n|poke|p1|Ogerpon-Wellspring, F|\n|poke|p2|Hoopa-Unbound|\n|poke|p2|Arcanine-Hisui, M|\n|poke|p2|Great Tusk|\n|poke|p2|Ninetales, F|\n|poke|p2|Walking Wake|\n|poke|p2|Slither Wing|\n|teampreview\n|\n|t:|1700426739\n|start\n|switch|p1a: Glimmora|Glimmora, M|100\/100\n|switch|p2a: Ninetales|Ninetales, F|100\/100\n|-weather|SunnyDay|[from] ability: Drought|[of] p2a: Ninetales\n|turn|1\n|\n|t:|1700426749\n|move|p2a: Ninetales|Will-O-Wisp|p1a: Glimmora|[miss]\n|-miss|p2a: Ninetales|p1a: Glimmora\n|move|p1a: Glimmora|Stealth Rock|p2a: Ninetales\n|-sidestart|p2: GodspeedOnAHighway|move: Stealth Rock\n|\n|-weather|SunnyDay|[upkeep]\n|upkeep\n|turn|2\n|\n|t:|1700426765\n|move|p2a: Ninetales|Solar Beam||[still]\n|-prepare|p2a: Ninetales|Solar Beam\n|-anim|p2a: Ninetales|Solar Beam|p1a: Glimmora\n|-damage|p1a: Glimmora|58\/100\n|move|p1a: Glimmora|Earth Power|p2a: Ninetales\n|-supereffective|p2a: Ninetales\n|-damage|p2a: Ninetales|31\/100\n|\n|-weather|SunnyDay|[upkeep]\n|upkeep\n|turn|3\n|\n|t:|1700426778\n|switch|p2a: Great Tusk|Great Tusk|100\/100\n|-damage|p2a: Great Tusk|98\/100|[from] Stealth Rock\n|-activate|p2a: Great Tusk|ability: Protosynthesis\n|-start|p2a: Great Tusk|protosynthesisdef\n|move|p1a: Glimmora|Earth Power|p2a: Great Tusk\n|-damage|p2a: Great Tusk|53\/100\n|\n|-weather|SunnyDay|[upkeep]\n|-heal|p2a: Great Tusk|59\/100|[from] item: Leftovers\n|upkeep\n|turn|4\n|\n|t:|1700426790\n|move|p2a: Great Tusk|Rapid Spin|p1a: Glimmora\n|-resisted|p1a: Glimmora\n|-damage|p1a: Glimmora|48\/100\n|-boost|p2a: Great Tusk|spe|1\n|-activate|p1a: Glimmora|ability: Toxic Debris\n|-sidestart|p2: GodspeedOnAHighway|move: Toxic Spikes\n|-sideend|p2: GodspeedOnAHighway|Toxic Spikes|[from] move: Rapid Spin|[of] p2a: Great Tusk\n|-sideend|p2: GodspeedOnAHighway|Stealth Rock|[from] move: Rapid Spin|[of] p2a: Great Tusk\n|move|p1a: Glimmora|Power Gem|p2a: Great Tusk\n|-resisted|p2a: Great Tusk\n|-damage|p2a: Great Tusk|43\/100\n|\n|-weather|SunnyDay|[upkeep]\n|-heal|p2a: Great Tusk|50\/100|[from] item: Leftovers\n|upkeep\n|turn|5\n|\n|t:|1700426803\n|move|p2a: Great Tusk|Headlong Rush|p1a: Glimmora\n|-supereffective|p1a: Glimmora\n|-damage|p1a: Glimmora|0 fnt\n|-unboost|p2a: Great Tusk|def|1\n|-unboost|p2a: Great Tusk|spd|1\n|-activate|p1a: Glimmora|ability: Toxic Debris\n|-sidestart|p2: GodspeedOnAHighway|move: Toxic Spikes\n|faint|p1a: Glimmora\n|\n|-weather|SunnyDay|[upkeep]\n|-heal|p2a: Great Tusk|56\/100|[from] item: Leftovers\n|upkeep\n|\n|t:|1700426817\n|switch|p1a: Iron Valiant|Iron Valiant|100\/100\n|-enditem|p1a: Iron Valiant|Booster Energy\n|-activate|p1a: Iron Valiant|ability: Quark Drive|[fromitem]\n|-start|p1a: Iron Valiant|quarkdrivespe\n|turn|6\n|\n|t:|1700426826\n|move|p1a: Iron Valiant|Hypnosis|p2a: Great Tusk|[miss]\n|-miss|p1a: Iron Valiant|p2a: Great Tusk\n|move|p2a: Great Tusk|Rapid Spin|p1a: Iron Valiant\n|-damage|p1a: Iron Valiant|80\/100\n|-boost|p2a: Great Tusk|spe|1\n|-sideend|p2: GodspeedOnAHighway|Toxic Spikes|[from] move: Rapid Spin|[of] p2a: Great Tusk\n|\n|-weather|SunnyDay|[upkeep]\n|-heal|p2a: Great Tusk|62\/100|[from] item: Leftovers\n|upkeep\n|turn|7\n|\n|t:|1700426837\n|-terastallize|p2a: Great Tusk|Ground\n|move|p2a: Great Tusk|Headlong Rush|p1a: Iron Valiant\n|-damage|p1a: Iron Valiant|0 fnt\n|-unboost|p2a: Great Tusk|def|1\n|-unboost|p2a: Great Tusk|spd|1\n|faint|p1a: Iron Valiant\n|-end|p1a: Iron Valiant|Quark Drive|[silent]\n|\n|-weather|SunnyDay|[upkeep]\n|-heal|p2a: Great Tusk|68\/100|[from] item: Leftovers\n|upkeep\n|\n|t:|1700426847\n|switch|p1a: Kingambit|Kingambit, F|100\/100\n|-activate|p1a: Kingambit|ability: Supreme Overlord\n|-start|p1a: Kingambit|fallen2|[silent]\n|turn|8\n|inactive|Battle timer is ON: inactive players will automatically lose when time's up. (requested by GodspeedOnAHighway)\n|\n|t:|1700426858\n|-terastallize|p1a: Kingambit|Flying\n|move|p2a: Great Tusk|Headlong Rush|p1a: Kingambit\n|-immune|p1a: Kingambit\n|move|p1a: Kingambit|Iron Head|p2a: Great Tusk\n|-damage|p2a: Great Tusk|12\/100\n|\n|-weather|none\n|-end|p2a: Great Tusk|Protosynthesis\n|-heal|p2a: Great Tusk|19\/100|[from] item: Leftovers\n|upkeep\n|turn|9\n|\n|t:|1700426871\n|-end|p2a: Great Tusk|Protosynthesis|[silent]\n|switch|p2a: Ninetales|Ninetales, F|31\/100\n|-weather|SunnyDay|[from] ability: Drought|[of] p2a: Ninetales\n|move|p1a: Kingambit|Iron Head|p2a: Ninetales\n|-resisted|p2a: Ninetales\n|-damage|p2a: Ninetales|0 fnt\n|faint|p2a: Ninetales\n|\n|-weather|SunnyDay|[upkeep]\n|upkeep\n|\n|t:|1700426882\n|switch|p2a: Walking Wake|Walking Wake|100\/100\n|-activate|p2a: Walking Wake|ability: Protosynthesis\n|-start|p2a: Walking Wake|protosynthesisspe\n|turn|10\n|\n|t:|1700426889\n|move|p2a: Walking Wake|Draco Meteor|p1a: Kingambit|[miss]\n|-miss|p2a: Walking Wake|p1a: Kingambit\n|move|p1a: Kingambit|Swords Dance|p1a: Kingambit\n|-boost|p1a: Kingambit|atk|2\n|\n|-weather|SunnyDay|[upkeep]\n|upkeep\n|turn|11\n|\n|t:|1700426899\n|move|p2a: Walking Wake|Draco Meteor|p1a: Kingambit\n|-damage|p1a: Kingambit|0 fnt\n|-unboost|p2a: Walking Wake|spa|2\n|faint|p1a: Kingambit\n|-end|p1a: Kingambit|fallen2|[silent]\n|\n|-weather|SunnyDay|[upkeep]\n|upkeep\n|\n|t:|1700426908\n|switch|p1a: Zamazenta|Zamazenta, shiny|100\/100\n|-ability|p1a: Zamazenta|Dauntless Shield|boost\n|-boost|p1a: Zamazenta|def|1\n|turn|12\n|\n|t:|1700426919\n|-end|p2a: Walking Wake|Protosynthesis|[silent]\n|switch|p2a: Great Tusk|Great Tusk, tera:Ground|19\/100\n|-activate|p2a: Great Tusk|ability: Protosynthesis\n|-start|p2a: Great Tusk|protosynthesisdef\n|move|p1a: Zamazenta|Stone Edge|p2a: Great Tusk\n|-resisted|p2a: Great Tusk\n|-damage|p2a: Great Tusk|10\/100\n|\n|-weather|SunnyDay|[upkeep]\n|-heal|p2a: Great Tusk|17\/100|[from] item: Leftovers\n|upkeep\n|turn|13\n|\n|t:|1700426931\n|move|p1a: Zamazenta|Crunch|p2a: Great Tusk\n|-damage|p2a: Great Tusk|3\/100\n|move|p2a: Great Tusk|Headlong Rush|p1a: Zamazenta\n|-damage|p1a: Zamazenta|56\/100\n|-unboost|p2a: Great Tusk|def|1\n|-unboost|p2a: Great Tusk|spd|1\n|\n|-weather|SunnyDay|[upkeep]\n|-heal|p1a: Zamazenta|62\/100|[from] item: Leftovers\n|-heal|p2a: Great Tusk|10\/100|[from] item: Leftovers\n|upkeep\n|turn|14\n|\n|t:|1700426944\n|move|p1a: Zamazenta|Crunch|p2a: Great Tusk\n|-damage|p2a: Great Tusk|0 fnt\n|faint|p2a: Great Tusk\n|-end|p2a: Great Tusk|Protosynthesis|[silent]\n|\n|-weather|SunnyDay|[upkeep]\n|-heal|p1a: Zamazenta|68\/100|[from] item: Leftovers\n|upkeep\n|\n|t:|1700426947\n|switch|p2a: Walking Wake|Walking Wake|100\/100\n|-activate|p2a: Walking Wake|ability: Protosynthesis\n|-start|p2a: Walking Wake|protosynthesisspe\n|turn|15\n|\n|t:|1700426955\n|move|p2a: Walking Wake|Draco Meteor|p1a: Zamazenta\n|-damage|p1a: Zamazenta|0 fnt\n|-unboost|p2a: Walking Wake|spa|2\n|faint|p1a: Zamazenta\n|\n|-weather|SunnyDay|[upkeep]\n|upkeep\n|\n|t:|1700426963\n|switch|p1a: Ogerpon|Ogerpon-Wellspring, F|100\/100\n|turn|16\n|\n|t:|1700426969\n|move|p2a: Walking Wake|Draco Meteor|p1a: Ogerpon\n|-damage|p1a: Ogerpon|41\/100\n|-unboost|p2a: Walking Wake|spa|2\n|move|p1a: Ogerpon|Power Whip|p2a: Walking Wake\n|-damage|p2a: Walking Wake|27\/100\n|\n|-weather|none\n|-end|p2a: Walking Wake|Protosynthesis\n|upkeep\n|turn|17\n|\n|t:|1700426980\n|move|p1a: Ogerpon|Power Whip|p2a: Walking Wake\n|-damage|p2a: Walking Wake|0 fnt\n|faint|p2a: Walking Wake\n|-end|p2a: Walking Wake|Protosynthesis|[silent]\n|\n|upkeep\n|\n|t:|1700426990\n|switch|p2a: Slither Wing|Slither Wing|100\/100\n|turn|18\n|\n|t:|1700426999\n|move|p2a: Slither Wing|First Impression|p1a: Ogerpon\n|-supereffective|p1a: Ogerpon\n|-damage|p1a: Ogerpon|0 fnt\n|faint|p1a: Ogerpon\n|\n|upkeep\n|\n|t:|1700427005\n|switch|p1a: Iron Moth|Iron Moth|100\/100\n|-enditem|p1a: Iron Moth|Booster Energy\n|-activate|p1a: Iron Moth|ability: Quark Drive|[fromitem]\n|-start|p1a: Iron Moth|quarkdrivespe\n|turn|19\n|\n|t:|1700427015\n|move|p1a: Iron Moth|Fiery Dance|p2a: Slither Wing\n|-supereffective|p2a: Slither Wing\n|-damage|p2a: Slither Wing|9\/100\n|move|p2a: Slither Wing|Close Combat|p1a: Iron Moth\n|-resisted|p1a: Iron Moth\n|-damage|p1a: Iron Moth|59\/100\n|-unboost|p2a: Slither Wing|def|1\n|-unboost|p2a: Slither Wing|spd|1\n|\n|upkeep\n|turn|20\n|\n|t:|1700427025\n|-end|p2a: Slither Wing|Protosynthesis|[silent]\n|switch|p2a: Arcanine|Arcanine-Hisui, M|100\/100\n|move|p1a: Iron Moth|Fiery Dance|p2a: Arcanine\n|-resisted|p2a: Arcanine\n|-damage|p2a: Arcanine|88\/100\n|\n|upkeep\n|turn|21\n|\n|t:|1700427029\n|move|p1a: Iron Moth|Substitute|p1a: Iron Moth\n|-start|p1a: Iron Moth|Substitute\n|-damage|p1a: Iron Moth|34\/100\n|move|p2a: Arcanine|Head Smash|p1a: Iron Moth\n|-supereffective|p1a: Iron Moth\n|-end|p1a: Iron Moth|Substitute\n|\n|upkeep\n|turn|22\n|\n|t:|1700427039\n|move|p1a: Iron Moth|Fiery Dance|p2a: Arcanine\n|-resisted|p2a: Arcanine\n|-damage|p2a: Arcanine|76\/100\n|move|p2a: Arcanine|Head Smash|p1a: Iron Moth\n|-supereffective|p1a: Iron Moth\n|-damage|p1a: Iron Moth|0 fnt\n|faint|p1a: Iron Moth\n|-end|p1a: Iron Moth|Quark Drive|[silent]\n|\n|win|GodspeedOnAHighway\n|raw|dawggggg's rating: 1045 &rarr; <strong>1033<\/strong><br \/>(-12 for losing)\n|raw|GodspeedOnAHighway's rating: 1138 &rarr; <strong>1156<\/strong><br \/>(+18 for winning)\n","uploadtime":1700427045,"views":8,"p1id":"dawggggg","p2id":"godspeedonahighway","formatid":"gen9ou","rating":1033,"private":0,"password":""}