{"id":"gen9ou-1988237803","p1":"The Kobold King","p2":"Funny jumpiiiiiii","format":"[Gen 9] OU","log":"|j|\u2606The Kobold King\n|j|\u2606Funny jumpiiiiiii\n|t:|1699691691\n|gametype|singles\n|player|p1|The Kobold King|alder|1153\n|player|p2|Funny jumpiiiiiii|dawn|1125\n|teamsize|p1|6\n|teamsize|p2|6\n|gen|9\n|tier|[Gen 9] OU\n|rated|\n|rule|Sleep Clause Mod: Limit one foe put to sleep\n|rule|Species Clause: Limit one of each Pok\u00e9mon\n|rule|OHKO Clause: OHKO moves are banned\n|rule|Evasion Items Clause: Evasion items are banned\n|rule|Evasion Moves Clause: Evasion moves are banned\n|rule|Endless Battle Clause: Forcing endless battles is banned\n|rule|HP Percentage Mod: HP is shown in percentages\n|clearpoke\n|poke|p1|Kingambit, M|\n|poke|p1|Glimmora, M|\n|poke|p1|Zamazenta-*|\n|poke|p1|Iron Valiant|\n|poke|p1|Iron Moth|\n|poke|p1|Ogerpon-Wellspring, F|\n|poke|p2|Enamorus-Therian, F|\n|poke|p2|Hatterene, F|\n|poke|p2|Hoopa-Unbound|\n|poke|p2|Cresselia, F|\n|poke|p2|Ursaluna, M|\n|poke|p2|Mimikyu, F|\n|teampreview\n|\n|t:|1699691696\n|start\n|switch|p1a: Glimmora|Glimmora, M|100\/100\n|switch|p2a: \u6551\u4e16\u6b4c\u59ec|Hatterene, F|100\/100\n|turn|1\n|\n|t:|1699691701\n|move|p1a: Glimmora|Stealth Rock|p2a: \u6551\u4e16\u6b4c\u59ec\n|move|p2a: \u6551\u4e16\u6b4c\u59ec|Stealth Rock|p1a: Glimmora|[from]ability: Magic Bounce\n|-sidestart|p1: The Kobold King|move: Stealth Rock\n|move|p2a: \u6551\u4e16\u6b4c\u59ec|Trick Room|p2a: \u6551\u4e16\u6b4c\u59ec\n|-fieldstart|move: Trick Room|[of] p2a: \u6551\u4e16\u6b4c\u59ec\n|\n|upkeep\n|turn|2\n|\n|t:|1699691709\n|move|p2a: \u6551\u4e16\u6b4c\u59ec|Psychic|p1a: Glimmora\n|-supereffective|p1a: Glimmora\n|-enditem|p1a: Glimmora|Focus Sash\n|-damage|p1a: Glimmora|1\/100\n|move|p1a: Glimmora|Mortal Spin|p2a: \u6551\u4e16\u6b4c\u59ec\n|-supereffective|p2a: \u6551\u4e16\u6b4c\u59ec\n|-damage|p2a: \u6551\u4e16\u6b4c\u59ec|89\/100\n|-status|p2a: \u6551\u4e16\u6b4c\u59ec|psn\n|-sideend|p1: The Kobold King|Stealth Rock|[from] move: Mortal Spin|[of] p1a: Glimmora\n|\n|-damage|p2a: \u6551\u4e16\u6b4c\u59ec|77\/100 psn|[from] psn\n|upkeep\n|turn|3\n|\n|t:|1699691720\n|move|p2a: \u6551\u4e16\u6b4c\u59ec|Psychic|p1a: Glimmora\n|-supereffective|p1a: Glimmora\n|-damage|p1a: Glimmora|0 fnt\n|faint|p1a: Glimmora\n|\n|-damage|p2a: \u6551\u4e16\u6b4c\u59ec|65\/100 psn|[from] psn\n|upkeep\n|\n|t:|1699691729\n|switch|p1a: Zamazenta|Zamazenta, shiny|100\/100\n|-ability|p1a: Zamazenta|Dauntless Shield|boost\n|-boost|p1a: Zamazenta|def|1\n|turn|4\n|\n|t:|1699691742\n|move|p2a: \u6551\u4e16\u6b4c\u59ec|Healing Wish|p2a: \u6551\u4e16\u6b4c\u59ec\n|faint|p2a: \u6551\u4e16\u6b4c\u59ec\n|move|p1a: Zamazenta|Stone Edge|p2: \u6551\u4e16\u6b4c\u59ec|[notarget]\n|-fail|p1a: Zamazenta\n|\n|upkeep\n|\n|t:|1699691753\n|switch|p2a: \u6027\u611f\u53cc\u9a6c\u5c3e|Enamorus-Therian, F|100\/100\n|turn|5\n|\n|t:|1699691760\n|move|p2a: \u6027\u611f\u53cc\u9a6c\u5c3e|Moonblast|p1a: Zamazenta\n|-supereffective|p1a: Zamazenta\n|-damage|p1a: Zamazenta|0 fnt\n|faint|p1a: Zamazenta\n|\n|-fieldend|move: Trick Room\n|upkeep\n|\n|t:|1699691772\n|switch|p1a: Iron Moth|Iron Moth|100\/100\n|-enditem|p1a: Iron Moth|Booster Energy\n|-activate|p1a: Iron Moth|ability: Quark Drive|[fromitem]\n|-start|p1a: Iron Moth|quarkdrivespe\n|turn|6\n|\n|t:|1699691802\n|switch|p2a: \u6211\u53ea\u8d1f\u8d23\u53ef\u7231|Mimikyu, F|100\/100\n|move|p1a: Iron Moth|Sludge Wave|p2a: \u6211\u53ea\u8d1f\u8d23\u53ef\u7231\n|-activate|p2a: \u6211\u53ea\u8d1f\u8d23\u53ef\u7231|ability: Disguise\n|-damage|p2a: \u6211\u53ea\u8d1f\u8d23\u53ef\u7231|100\/100\n|detailschange|p2a: \u6211\u53ea\u8d1f\u8d23\u53ef\u7231|Mimikyu-Busted, F\n|-damage|p2a: \u6211\u53ea\u8d1f\u8d23\u53ef\u7231|88\/100|[from] pokemon: Mimikyu-Busted\n|-enditem|p2a: \u6211\u53ea\u8d1f\u8d23\u53ef\u7231|Red Card|[of] p1a: Iron Moth\n|-end|p1a: Iron Moth|Quark Drive|[silent]\n|drag|p1a: Ogerpon|Ogerpon-Wellspring, F|100\/100\n|\n|upkeep\n|turn|7\n|\n|t:|1699691826\n|move|p1a: Ogerpon|Knock Off|p2a: \u6211\u53ea\u8d1f\u8d23\u53ef\u7231\n|-damage|p2a: \u6211\u53ea\u8d1f\u8d23\u53ef\u7231|57\/100\n|move|p2a: \u6211\u53ea\u8d1f\u8d23\u53ef\u7231|Trick Room|p2a: \u6211\u53ea\u8d1f\u8d23\u53ef\u7231\n|-fieldstart|move: Trick Room|[of] p2a: \u6211\u53ea\u8d1f\u8d23\u53ef\u7231\n|\n|upkeep\n|turn|8\n|\n|t:|1699691834\n|move|p2a: \u6211\u53ea\u8d1f\u8d23\u53ef\u7231|Curse|p1a: Ogerpon\n|-start|p1a: Ogerpon|Curse|[of] p2a: \u6211\u53ea\u8d1f\u8d23\u53ef\u7231\n|-damage|p2a: \u6211\u53ea\u8d1f\u8d23\u53ef\u7231|7\/100\n|move|p1a: Ogerpon|Ivy Cudgel|p2a: \u6211\u53ea\u8d1f\u8d23\u53ef\u7231\n|-damage|p2a: \u6211\u53ea\u8d1f\u8d23\u53ef\u7231|0 fnt\n|faint|p2a: \u6211\u53ea\u8d1f\u8d23\u53ef\u7231\n|\n|-damage|p1a: Ogerpon|76\/100|[from] Curse\n|upkeep\n|\n|t:|1699691873\n|switch|p2a: \u5996\u8273\u5355\u9a6c\u5c3e|Hoopa-Unbound|100\/100\n|turn|9\n|\n|t:|1699691905\n|switch|p1a: Iron Moth|Iron Moth|100\/100\n|move|p2a: \u5996\u8273\u5355\u9a6c\u5c3e|Hyperspace Fury|p1a: Iron Moth\n|-damage|p1a: Iron Moth|0 fnt\n|-unboost|p2a: \u5996\u8273\u5355\u9a6c\u5c3e|def|1\n|-enditem|p2a: \u5996\u8273\u5355\u9a6c\u5c3e|Eject Pack\n|faint|p1a: Iron Moth\n|-end|p1a: Iron Moth|Quark Drive|[silent]\n|\n|t:|1699691917\n|switch|p2a: \u8c79\u529b\u8f93\u51fa|Ursaluna, M|100\/100\n|\n|-status|p2a: \u8c79\u529b\u8f93\u51fa|brn|[from] item: Flame Orb\n|upkeep\n|\n|t:|1699691922\n|switch|p1a: Ogerpon|Ogerpon-Wellspring, F|76\/100\n|turn|10\n|\n|t:|1699691928\n|move|p2a: \u8c79\u529b\u8f93\u51fa|Facade|p1a: Ogerpon\n|-damage|p1a: Ogerpon|0 fnt\n|faint|p1a: Ogerpon\n|\n|-damage|p2a: \u8c79\u529b\u8f93\u51fa|94\/100 brn|[from] brn\n|upkeep\n|\n|t:|1699691934\n|switch|p1a: Iron Valiant|Iron Valiant|100\/100\n|-enditem|p1a: Iron Valiant|Booster Energy\n|-activate|p1a: Iron Valiant|ability: Quark Drive|[fromitem]\n|-start|p1a: Iron Valiant|quarkdrivespe\n|turn|11\n|\n|t:|1699691946\n|move|p2a: \u8c79\u529b\u8f93\u51fa|Facade|p1a: Iron Valiant\n|-damage|p1a: Iron Valiant|0 fnt\n|faint|p1a: Iron Valiant\n|-end|p1a: Iron Valiant|Quark Drive|[silent]\n|\n|-damage|p2a: \u8c79\u529b\u8f93\u51fa|88\/100 brn|[from] brn\n|-fieldend|move: Trick Room\n|upkeep\n|\n|t:|1699691952\n|switch|p1a: Kingambit|Kingambit, M|100\/100\n|-activate|p1a: Kingambit|ability: Supreme Overlord\n|-start|p1a: Kingambit|fallen5|[silent]\n|turn|12\n|\n|t:|1699691956\n|move|p1a: Kingambit|Kowtow Cleave|p2a: \u8c79\u529b\u8f93\u51fa\n|-damage|p2a: \u8c79\u529b\u8f93\u51fa|26\/100 brn\n|move|p2a: \u8c79\u529b\u8f93\u51fa|Headlong Rush|p1a: Kingambit\n|-supereffective|p1a: Kingambit\n|-damage|p1a: Kingambit|0 fnt\n|-unboost|p2a: \u8c79\u529b\u8f93\u51fa|def|1\n|-unboost|p2a: \u8c79\u529b\u8f93\u51fa|spd|1\n|faint|p1a: Kingambit\n|-end|p1a: Kingambit|fallen5|[silent]\n|\n|win|Funny jumpiiiiiii\n|raw|The Kobold King's rating: 1153 &rarr; <strong>1126<\/strong><br \/>(-27 for losing)\n|raw|Funny jumpiiiiiii's rating: 1125 &rarr; <strong>1152<\/strong><br \/>(+27 for winning)\n|l|\u2606The Kobold King\n","uploadtime":1699691965,"views":21,"p1id":"thekoboldking","p2id":"funnyjumpiiiiiii","formatid":"gen9ou","rating":1126,"private":0,"password":""}