{"id":"gen9ou-1996476769","p1":"UNITZ79","p2":"lucascarneiro","format":"[Gen 9] OU","log":"|j|\u2606UNITZ79\n|j|\u2606lucascarneiro\n|t:|1700685765\n|gametype|singles\n|player|p1|UNITZ79|ingo|1463\n|player|p2|lucascarneiro|266|1421\n|teamsize|p1|6\n|teamsize|p2|6\n|gen|9\n|tier|[Gen 9] OU\n|rated|\n|rule|Sleep Clause Mod: Limit one foe put to sleep\n|rule|Species Clause: Limit one of each Pok\u00e9mon\n|rule|OHKO Clause: OHKO moves are banned\n|rule|Evasion Items Clause: Evasion items are banned\n|rule|Evasion Moves Clause: Evasion moves are banned\n|rule|Endless Battle Clause: Forcing endless battles is banned\n|rule|HP Percentage Mod: HP is shown in percentages\n|clearpoke\n|poke|p1|Arcanine-Hisui, M|\n|poke|p1|Hatterene, F|\n|poke|p1|Dragapult, M|\n|poke|p1|Landorus-Therian, M|\n|poke|p1|Amoonguss, M|\n|poke|p1|Kingambit, F|\n|poke|p2|Zarude|\n|poke|p2|Ribombee, M|\n|poke|p2|Gholdengo|\n|poke|p2|Great Tusk|\n|poke|p2|Indeedee, M|\n|poke|p2|Glimmora, F|\n|teampreview\n|\n|t:|1700685780\n|start\n|switch|p1a: Hatterene|Hatterene, F|100\/100\n|switch|p2a: Ribombee|Ribombee, M|100\/100\n|turn|1\n|inactive|Battle timer is ON: inactive players will automatically lose when time's up. (requested by UNITZ79)\n|\n|t:|1700685800\n|move|p2a: Ribombee|U-turn|p1a: Hatterene\n|-damage|p1a: Hatterene|84\/100\n|\n|t:|1700685807\n|switch|p2a: Glimmora|Glimmora, F|100\/100|[from] U-turn\n|move|p1a: Hatterene|Nuzzle|p2a: Glimmora\n|-damage|p2a: Glimmora|95\/100\n|-status|p2a: Glimmora|par\n|-activate|p2a: Glimmora|ability: Toxic Debris\n|-sidestart|p1: UNITZ79|move: Toxic Spikes\n|\n|-heal|p1a: Hatterene|90\/100|[from] item: Leftovers\n|upkeep\n|turn|2\n|\n|t:|1700685819\n|move|p2a: Glimmora|Sludge Wave|p1a: Hatterene\n|-supereffective|p1a: Hatterene\n|-damage|p1a: Hatterene|0 fnt\n|faint|p1a: Hatterene\n|\n|upkeep\n|\n|t:|1700685826\n|switch|p1a: Amoonguss|Amoonguss, M|100\/100\n|-sideend|p1: UNITZ79|move: Toxic Spikes|[of] p1a: Amoonguss\n|turn|3\n|\n|t:|1700685835\n|switch|p1a: Landorus|Landorus-Therian, M|100\/100\n|-ability|p1a: Landorus|Intimidate|boost\n|-unboost|p2a: Glimmora|atk|1\n|move|p2a: Glimmora|Sludge Wave|p1a: Landorus\n|-resisted|p1a: Landorus\n|-damage|p1a: Landorus|61\/100\n|\n|upkeep\n|turn|4\n|\n|t:|1700685847\n|switch|p2a: Great Tusk|Great Tusk|100\/100\n|-enditem|p2a: Great Tusk|Booster Energy\n|-activate|p2a: Great Tusk|ability: Protosynthesis|[fromitem]\n|-start|p2a: Great Tusk|protosynthesisatk\n|move|p1a: Landorus|Earthquake|p2a: Great Tusk\n|-damage|p2a: Great Tusk|68\/100\n|\n|upkeep\n|turn|5\n|\n|t:|1700685862\n|switch|p1a: Kingambit|Kingambit, F|100\/100\n|-activate|p1a: Kingambit|ability: Supreme Overlord\n|-start|p1a: Kingambit|fallen1|[silent]\n|move|p2a: Great Tusk|Stealth Rock|p1a: Kingambit\n|-sidestart|p1: UNITZ79|move: Stealth Rock\n|\n|upkeep\n|turn|6\n|\n|t:|1700685869\n|-end|p1a: Kingambit|fallen1|[silent]\n|switch|p1a: Amoonguss|Amoonguss, M|100\/100\n|-damage|p1a: Amoonguss|88\/100|[from] Stealth Rock\n|move|p2a: Great Tusk|Close Combat|p1a: Amoonguss\n|-resisted|p1a: Amoonguss\n|-damage|p1a: Amoonguss|60\/100\n|-unboost|p2a: Great Tusk|def|1\n|-unboost|p2a: Great Tusk|spd|1\n|\n|-heal|p1a: Amoonguss|66\/100|[from] item: Leftovers\n|upkeep\n|turn|7\n|inactive|UNITZ79 has 120 seconds left.\n|\n|t:|1700685899\n|move|p2a: Great Tusk|Headlong Rush|p1a: Amoonguss\n|-damage|p1a: Amoonguss|11\/100\n|-unboost|p2a: Great Tusk|def|1\n|-unboost|p2a: Great Tusk|spd|1\n|move|p1a: Amoonguss|Sludge Bomb|p2a: Great Tusk\n|-resisted|p2a: Great Tusk\n|-crit|p2a: Great Tusk\n|-damage|p2a: Great Tusk|11\/100\n|-status|p2a: Great Tusk|psn\n|\n|-heal|p1a: Amoonguss|17\/100|[from] item: Leftovers\n|-damage|p2a: Great Tusk|0 fnt|[from] psn\n|faint|p2a: Great Tusk\n|-end|p2a: Great Tusk|Protosynthesis|[silent]\n|upkeep\n|\n|t:|1700685918\n|switch|p2a: Gholdengo|Gholdengo|100\/100\n|-item|p2a: Gholdengo|Air Balloon\n|turn|8\n|\n|t:|1700685928\n|move|p2a: Gholdengo|Shadow Ball|p1a: Amoonguss\n|-damage|p1a: Amoonguss|0 fnt\n|faint|p1a: Amoonguss\n|\n|upkeep\n|\n|t:|1700685934\n|switch|p1a: Kingambit|Kingambit, F|100\/100\n|-damage|p1a: Kingambit|94\/100|[from] Stealth Rock\n|-activate|p1a: Kingambit|ability: Supreme Overlord\n|-start|p1a: Kingambit|fallen2|[silent]\n|turn|9\n|\n|t:|1700685951\n|switch|p2a: Glimmora|Glimmora, F|95\/100 par\n|move|p1a: Kingambit|Iron Head|p2a: Glimmora\n|-supereffective|p2a: Glimmora\n|-damage|p2a: Glimmora|0 fnt\n|-activate|p2a: Glimmora|ability: Toxic Debris\n|-sidestart|p1: UNITZ79|move: Toxic Spikes\n|faint|p2a: Glimmora\n|\n|upkeep\n|\n|t:|1700685959\n|switch|p2a: Ribombee|Ribombee, M|100\/100\n|turn|10\n|\n|t:|1700685967\n|move|p2a: Ribombee|Sticky Web|p1a: Kingambit\n|-sidestart|p1: UNITZ79|move: Sticky Web\n|move|p1a: Kingambit|Iron Head|p2a: Ribombee\n|-supereffective|p2a: Ribombee\n|-enditem|p2a: Ribombee|Focus Sash\n|-damage|p2a: Ribombee|1\/100\n|\n|upkeep\n|turn|11\n|\n|t:|1700685974\n|move|p1a: Kingambit|Sucker Punch||[still]\n|-fail|p1a: Kingambit\n|move|p2a: Ribombee|Stun Spore|p1a: Kingambit|[miss]\n|-miss|p2a: Ribombee|p1a: Kingambit\n|\n|upkeep\n|turn|12\n|\n|t:|1700685988\n|move|p2a: Ribombee|Stun Spore|p1a: Kingambit\n|-status|p1a: Kingambit|par\n|move|p1a: Kingambit|Kowtow Cleave|p2a: Ribombee\n|-resisted|p2a: Ribombee\n|-damage|p2a: Ribombee|0 fnt\n|faint|p2a: Ribombee\n|\n|upkeep\n|\n|t:|1700685996\n|switch|p2a: Indeedee|Indeedee, M|100\/100\n|-fieldstart|move: Psychic Terrain|[from] ability: Psychic Surge|[of] p2a: Indeedee\n|turn|13\n|\n|t:|1700686005\n|move|p2a: Indeedee|Dazzling Gleam|p1a: Kingambit\n|-damage|p1a: Kingambit|78\/100 par\n|move|p1a: Kingambit|Kowtow Cleave|p2a: Indeedee\n|-supereffective|p2a: Indeedee\n|-damage|p2a: Indeedee|0 fnt\n|faint|p2a: Indeedee\n|\n|upkeep\n|\n|t:|1700686011\n|switch|p2a: Zarude|Zarude|100\/100\n|-enditem|p2a: Zarude|Psychic Seed\n|-boost|p2a: Zarude|spd|1|[from] item: Psychic Seed\n|turn|14\n|\n|t:|1700686028\n|-terastallize|p1a: Kingambit|Fairy\n|move|p2a: Zarude|Bulk Up|p2a: Zarude\n|-boost|p2a: Zarude|atk|1\n|-boost|p2a: Zarude|def|1\n|move|p1a: Kingambit|Low Kick|p2a: Zarude\n|-supereffective|p2a: Zarude\n|-damage|p2a: Zarude|57\/100\n|\n|upkeep\n|turn|15\n|\n|t:|1700686038\n|-terastallize|p2a: Zarude|Flying\n|move|p2a: Zarude|Bulk Up|p2a: Zarude\n|-boost|p2a: Zarude|atk|1\n|-boost|p2a: Zarude|def|1\n|move|p1a: Kingambit|Low Kick|p2a: Zarude\n|-resisted|p2a: Zarude\n|-damage|p2a: Zarude|48\/100\n|\n|upkeep\n|turn|16\n|\n|t:|1700686048\n|move|p2a: Zarude|Bulk Up|p2a: Zarude\n|-boost|p2a: Zarude|atk|1\n|-boost|p2a: Zarude|def|1\n|move|p1a: Kingambit|Kowtow Cleave|p2a: Zarude\n|-damage|p2a: Zarude|23\/100\n|\n|upkeep\n|turn|17\n|\n|t:|1700686055\n|move|p2a: Zarude|Acrobatics|p1a: Kingambit\n|-damage|p1a: Kingambit|0 fnt\n|faint|p1a: Kingambit\n|-end|p1a: Kingambit|fallen2|[silent]\n|\n|-fieldend|move: Psychic Terrain\n|upkeep\n|\n|t:|1700686072\n|switch|p1a: Arcanine|Arcanine-Hisui, M|100\/100\n|-damage|p1a: Arcanine|76\/100|[from] Stealth Rock\n|-status|p1a: Arcanine|psn\n|-activate|p1a: Arcanine|move: Sticky Web\n|-unboost|p1a: Arcanine|spe|1\n|turn|18\n|\n|t:|1700686078\n|move|p1a: Arcanine|Extreme Speed|p2a: Zarude\n|-damage|p2a: Zarude|9\/100\n|move|p2a: Zarude|Drain Punch|p1a: Arcanine\n|-supereffective|p1a: Arcanine\n|-damage|p1a: Arcanine|0 fnt\n|-heal|p2a: Zarude|44\/100|[from] drain|[of] p1a: Arcanine\n|faint|p1a: Arcanine\n|\n|upkeep\n|\n|t:|1700686087\n|switch|p1a: Landorus|Landorus-Therian, M|61\/100\n|-damage|p1a: Landorus|48\/100|[from] Stealth Rock\n|-ability|p1a: Landorus|Intimidate|boost\n|-unboost|p2a: Zarude|atk|1\n|turn|19\n|c|\u2606lucascarneiro|gg\n|\n|t:|1700686092\n|move|p2a: Zarude|Acrobatics|p1a: Landorus\n|-damage|p1a: Landorus|0 fnt\n|-damage|p2a: Zarude|28\/100|[from] item: Rocky Helmet|[of] p1a: Landorus\n|faint|p1a: Landorus\n|\n|upkeep\n|-message|UNITZ79 forfeited.\n|\n|win|lucascarneiro\n|raw|UNITZ79's rating: 1463 &rarr; <strong>1441<\/strong><br \/>(-22 for losing)\n|raw|lucascarneiro's rating: 1421 &rarr; <strong>1443<\/strong><br \/>(+22 for winning)\n|l|\u2606UNITZ79\n","uploadtime":1700686100,"views":2,"p1id":"unitz79","p2id":"lucascarneiro","formatid":"gen9ou","rating":1441,"private":0,"password":""}