{"id":"gen9ou-1993284347","p1":"96kBlue_Dreamer","p2":"PultLord","format":"[Gen 9] OU","log":"|j|\u260696kBlue_Dreamer\n|j|\u2606PultLord\n|t:|1700290165\n|gametype|singles\n|player|p1|96kBlue_Dreamer|iono|1486\n|player|p2|PultLord|palmer|1498\n|teamsize|p1|6\n|teamsize|p2|6\n|gen|9\n|tier|[Gen 9] OU\n|rated|\n|rule|Sleep Clause Mod: Limit one foe put to sleep\n|rule|Species Clause: Limit one of each Pok\u00e9mon\n|rule|OHKO Clause: OHKO moves are banned\n|rule|Evasion Items Clause: Evasion items are banned\n|rule|Evasion Moves Clause: Evasion moves are banned\n|rule|Endless Battle Clause: Forcing endless battles is banned\n|rule|HP Percentage Mod: HP is shown in percentages\n|clearpoke\n|poke|p1|Cinderace, F|\n|poke|p1|Kingambit, M|\n|poke|p1|Zapdos|\n|poke|p1|Toxapex, F|\n|poke|p1|Dragapult, F|\n|poke|p1|Sneasler, M|\n|poke|p2|Cinderace, F|\n|poke|p2|Torkoal, M|\n|poke|p2|Walking Wake|\n|poke|p2|Sandy Shocks|\n|poke|p2|Great Tusk|\n|poke|p2|Dragonite, F|\n|teampreview\n|inactive|Battle timer is ON: inactive players will automatically lose when time's up. (requested by 96kBlue_Dreamer)\n|c|\u2606PultLord|glhf\n|inactive|PultLord has 120 seconds left.\n|\n|t:|1700290212\n|start\n|switch|p1a: Cinderace|Cinderace, F|100\/100\n|switch|p2a: Torkoal|Torkoal, M|100\/100\n|-weather|SunnyDay|[from] ability: Drought|[of] p2a: Torkoal\n|turn|1\n|\n|t:|1700290221\n|move|p1a: Cinderace|Pyro Ball|p2a: Torkoal|[miss]\n|-miss|p1a: Cinderace|p2a: Torkoal\n|move|p2a: Torkoal|Yawn|p1a: Cinderace\n|-start|p1a: Cinderace|move: Yawn|[of] p2a: Torkoal\n|\n|-weather|SunnyDay|[upkeep]\n|upkeep\n|turn|2\n|\n|t:|1700290232\n|move|p1a: Cinderace|U-turn|p2a: Torkoal\n|-start|p1a: Cinderace|typechange|Bug|[from] ability: Libero\n|-resisted|p2a: Torkoal\n|-damage|p2a: Torkoal|89\/100\n|-damage|p1a: Cinderace|91\/100|[from] item: Life Orb\n|\n|t:|1700290237\n|switch|p1a: Toxapex|Toxapex, F, shiny|100\/100|[from] U-turn\n|move|p2a: Torkoal|Yawn|p1a: Toxapex\n|-start|p1a: Toxapex|move: Yawn|[of] p2a: Torkoal\n|\n|-weather|SunnyDay|[upkeep]\n|upkeep\n|turn|3\n|inactive|PultLord has 120 seconds left.\n|\n|t:|1700290269\n|move|p1a: Toxapex|Toxic|p2a: Torkoal\n|-status|p2a: Torkoal|tox\n|move|p2a: Torkoal|Stealth Rock|p1a: Toxapex\n|-sidestart|p1: 96kBlue_Dreamer|move: Stealth Rock\n|\n|-weather|SunnyDay|[upkeep]\n|-damage|p2a: Torkoal|83\/100 tox|[from] psn\n|-end|p1a: Toxapex|move: Yawn|[silent]\n|-status|p1a: Toxapex|slp\n|upkeep\n|turn|4\n|\n|t:|1700290284\n|switch|p2a: Walking Wake|Walking Wake|100\/100\n|-activate|p2a: Walking Wake|ability: Protosynthesis\n|-start|p2a: Walking Wake|protosynthesisspe\n|cant|p1a: Toxapex|slp\n|\n|-weather|SunnyDay|[upkeep]\n|upkeep\n|turn|5\n|inactive|PultLord has 120 seconds left.\n|\n|t:|1700290299\n|-terastallize|p2a: Walking Wake|Water\n|move|p2a: Walking Wake|Hydro Steam|p1a: Toxapex\n|-resisted|p1a: Toxapex\n|-damage|p1a: Toxapex|46\/100 slp\n|cant|p1a: Toxapex|slp\n|\n|-weather|SunnyDay|[upkeep]\n|upkeep\n|turn|6\n|inactive|96kBlue_Dreamer has 120 seconds left.\n|\n|t:|1700290334\n|move|p2a: Walking Wake|Hydro Steam|p1a: Toxapex\n|-resisted|p1a: Toxapex\n|-damage|p1a: Toxapex|0 fnt\n|faint|p1a: Toxapex\n|\n|-weather|SunnyDay|[upkeep]\n|upkeep\n|\n|t:|1700290353\n|switch|p1a: Zapdos|Zapdos|100\/100\n|turn|7\n|\n|t:|1700290357\n|move|p2a: Walking Wake|Hydro Steam|p1a: Zapdos\n|-damage|p1a: Zapdos|0 fnt\n|faint|p1a: Zapdos\n|\n|-weather|SunnyDay|[upkeep]\n|upkeep\n|\n|t:|1700290369\n|switch|p1a: Sneasler|Sneasler, M, shiny|100\/100\n|-damage|p1a: Sneasler|95\/100|[from] Stealth Rock\n|turn|8\n|\n|t:|1700290373\n|move|p1a: Sneasler|Fake Out|p2a: Walking Wake\n|-enditem|p1a: Sneasler|Normal Gem|[from] gem\n|-damage|p2a: Walking Wake|78\/100\n|cant|p2a: Walking Wake|flinch\n|\n|-weather|none\n|-end|p2a: Walking Wake|Protosynthesis\n|upkeep\n|turn|9\n|inactive|96kBlue_Dreamer has 120 seconds left.\n|\n|t:|1700290386\n|-end|p2a: Walking Wake|Protosynthesis|[silent]\n|switch|p2a: Torkoal|Torkoal, M|83\/100 tox\n|-weather|SunnyDay|[from] ability: Drought|[of] p2a: Torkoal\n|move|p1a: Sneasler|Close Combat|p2a: Torkoal\n|-damage|p2a: Torkoal|44\/100 tox\n|-unboost|p1a: Sneasler|def|1\n|-unboost|p1a: Sneasler|spd|1\n|\n|-weather|SunnyDay|[upkeep]\n|-damage|p2a: Torkoal|38\/100 tox|[from] psn\n|upkeep\n|turn|10\n|inactive|96kBlue_Dreamer has 120 seconds left.\n|\n|t:|1700290397\n|switch|p1a: Cinderace|Cinderace, F|91\/100\n|-damage|p1a: Cinderace|66\/100|[from] Stealth Rock\n|switch|p2a: Great Tusk|Great Tusk|100\/100\n|-activate|p2a: Great Tusk|ability: Protosynthesis\n|-start|p2a: Great Tusk|protosynthesisspe\n|\n|-weather|SunnyDay|[upkeep]\n|upkeep\n|turn|11\n|\n|t:|1700290406\n|move|p2a: Great Tusk|Headlong Rush|p1a: Cinderace\n|-supereffective|p1a: Cinderace\n|-damage|p1a: Cinderace|0 fnt\n|-unboost|p2a: Great Tusk|def|1\n|-unboost|p2a: Great Tusk|spd|1\n|faint|p1a: Cinderace\n|\n|-weather|SunnyDay|[upkeep]\n|upkeep\n|-message|96kBlue_Dreamer forfeited.\n|\n|win|PultLord\n|raw|96kBlue_Dreamer's rating: 1486 &rarr; <strong>1467<\/strong><br \/>(-19 for losing)\n|raw|PultLord's rating: 1498 &rarr; <strong>1517<\/strong><br \/>(+19 for winning)\n|l|\u260696kBlue_Dreamer\n","uploadtime":1700290508,"views":16,"p1id":"96kbluedreamer","p2id":"pultlord","formatid":"gen9ou","rating":1467,"private":0,"password":""}