{"id":"gen9ou-1991255342","p1":"AMDerp20","p2":"dddddqweasdaqq","format":"[Gen 9] OU","log":"|j|\u2606AMDerp20\n|j|\u2606dddddqweasdaqq\n|t:|1700061712\n|gametype|singles\n|player|p1|AMDerp20|shadowtriad|1124\n|player|p2|dddddqweasdaqq|gentleman|1044\n|teamsize|p1|6\n|teamsize|p2|6\n|gen|9\n|tier|[Gen 9] OU\n|rated|\n|rule|Sleep Clause Mod: Limit one foe put to sleep\n|rule|Species Clause: Limit one of each Pok\u00e9mon\n|rule|OHKO Clause: OHKO moves are banned\n|rule|Evasion Items Clause: Evasion items are banned\n|rule|Evasion Moves Clause: Evasion moves are banned\n|rule|Endless Battle Clause: Forcing endless battles is banned\n|rule|HP Percentage Mod: HP is shown in percentages\n|clearpoke\n|poke|p1|Dragonite, M|\n|poke|p1|Delphox, M|\n|poke|p1|Zoroark-Hisui, M|\n|poke|p1|Meowscarada, M|\n|poke|p1|Goodra-Hisui, F|\n|poke|p1|Scizor, F|\n|poke|p2|Zapdos|\n|poke|p2|Slowking-Galar, M|\n|poke|p2|Perrserker, M|\n|poke|p2|Great Tusk|\n|poke|p2|Crawdaunt, M|\n|poke|p2|Mandibuzz, F|\n|teampreview\n|\n|t:|1700061731\n|start\n|switch|p1a: Delphox|Delphox, M, shiny|100\/100\n|switch|p2a: Mandibuzz|Mandibuzz, F|100\/100\n|turn|1\n|\n|t:|1700061749\n|-terastallize|p1a: Delphox|Fairy\n|move|p1a: Delphox|Dazzling Gleam|p2a: Mandibuzz\n|-supereffective|p2a: Mandibuzz\n|-damage|p2a: Mandibuzz|9\/100\n|-damage|p1a: Delphox|91\/100|[from] item: Life Orb\n|move|p2a: Mandibuzz|Roost|p2a: Mandibuzz\n|-heal|p2a: Mandibuzz|60\/100\n|-singleturn|p2a: Mandibuzz|move: Roost\n|\n|upkeep\n|turn|2\n|\n|t:|1700061760\n|switch|p2a: Slowking|Slowking-Galar, M|100\/100\n|move|p1a: Delphox|Dazzling Gleam|p2a: Slowking\n|-resisted|p2a: Slowking\n|-damage|p2a: Slowking|81\/100\n|-damage|p1a: Delphox|81\/100|[from] item: Life Orb\n|\n|upkeep\n|turn|3\n|\n|t:|1700061779\n|switch|p1a: Goodra|Goodra-Hisui, F, shiny|100\/100\n|move|p2a: Slowking|Trick Room|p2a: Slowking\n|-fieldstart|move: Trick Room|[of] p2a: Slowking\n|\n|upkeep\n|turn|4\n|\n|t:|1700061786\n|move|p2a: Slowking|Chilly Reception|p2a: Slowking\n|-weather|Snow\n|\n|t:|1700061794\n|switch|p2a: Perrserker|Perrserker, M|100\/100|[from] Chilly Reception\n|move|p1a: Goodra|Earthquake|p2a: Perrserker\n|-supereffective|p2a: Perrserker\n|-damage|p2a: Perrserker|56\/100\n|\n|-weather|Snow|[upkeep]\n|upkeep\n|turn|5\n|\n|t:|1700061805\n|move|p2a: Perrserker|Close Combat|p1a: Goodra\n|-supereffective|p1a: Goodra\n|-damage|p1a: Goodra|29\/100\n|-unboost|p2a: Perrserker|def|1\n|-unboost|p2a: Perrserker|spd|1\n|-ability|p1a: Goodra|Gooey\n|-unboost|p2a: Perrserker|spe|1\n|move|p1a: Goodra|Acid Armor|p1a: Goodra\n|-boost|p1a: Goodra|def|2\n|\n|-weather|Snow|[upkeep]\n|-heal|p1a: Goodra|35\/100|[from] item: Leftovers\n|upkeep\n|turn|6\n|\n|t:|1700061819\n|move|p2a: Perrserker|Close Combat|p1a: Goodra\n|-supereffective|p1a: Goodra\n|-damage|p1a: Goodra|2\/100\n|-unboost|p2a: Perrserker|def|1\n|-unboost|p2a: Perrserker|spd|1\n|-ability|p1a: Goodra|Gooey\n|-unboost|p2a: Perrserker|spe|1\n|move|p1a: Goodra|Body Press|p2a: Perrserker\n|-supereffective|p2a: Perrserker\n|-damage|p2a: Perrserker|0 fnt\n|faint|p2a: Perrserker\n|\n|-weather|Snow|[upkeep]\n|-heal|p1a: Goodra|8\/100|[from] item: Leftovers\n|upkeep\n|\n|t:|1700061855\n|switch|p2a: Slowking|Slowking-Galar, M|100\/100\n|turn|7\n|\n|t:|1700061858\n|move|p2a: Slowking|Ice Beam|p1a: Goodra\n|-damage|p1a: Goodra|0 fnt\n|faint|p1a: Goodra\n|\n|-weather|Snow|[upkeep]\n|-fieldend|move: Trick Room\n|upkeep\n|\n|t:|1700061870\n|switch|p1a: Delphox|Delphox, M, shiny, tera:Fairy|81\/100\n|turn|8\n|\n|t:|1700061884\n|move|p1a: Delphox|Flamethrower|p2a: Slowking\n|-damage|p2a: Slowking|58\/100\n|-damage|p1a: Delphox|71\/100|[from] item: Life Orb\n|move|p2a: Slowking|Chilly Reception|p2a: Slowking\n|\n|t:|1700061900\n|switch|p2a: Crawdaunt|Crawdaunt, M|100\/100|[from] Chilly Reception\n|\n|-weather|none\n|upkeep\n|turn|9\n|\n|t:|1700061907\n|switch|p2a: Slowking|Slowking-Galar, M|91\/100\n|move|p1a: Delphox|Dazzling Gleam|p2a: Slowking\n|-resisted|p2a: Slowking\n|-damage|p2a: Slowking|71\/100\n|-damage|p1a: Delphox|61\/100|[from] item: Life Orb\n|\n|upkeep\n|turn|10\n|\n|t:|1700061917\n|move|p1a: Delphox|Flamethrower|p2a: Slowking\n|-damage|p2a: Slowking|25\/100\n|-damage|p1a: Delphox|51\/100|[from] item: Life Orb\n|move|p2a: Slowking|Chilly Reception|p2a: Slowking\n|-weather|Snow\n|\n|t:|1700061923\n|switch|p2a: Crawdaunt|Crawdaunt, M|100\/100|[from] Chilly Reception\n|\n|-weather|Snow|[upkeep]\n|upkeep\n|turn|11\n|\n|t:|1700061943\n|move|p2a: Crawdaunt|Aqua Jet|p1a: Delphox\n|-damage|p1a: Delphox|0 fnt\n|faint|p1a: Delphox\n|\n|-weather|Snow|[upkeep]\n|upkeep\n|\n|t:|1700061950\n|switch|p1a: Meowscarada|Meowscarada, M, shiny|100\/100\n|turn|12\n|\n|t:|1700061955\n|switch|p2a: Mandibuzz|Mandibuzz, F|60\/100\n|move|p1a: Meowscarada|Trailblaze|p2a: Mandibuzz\n|-start|p1a: Meowscarada|typechange|Grass|[from] ability: Protean\n|-resisted|p2a: Mandibuzz\n|-damage|p2a: Mandibuzz|53\/100\n|-boost|p1a: Meowscarada|spe|1\n|\n|-weather|Snow|[upkeep]\n|upkeep\n|turn|13\n|\n|t:|1700061968\n|move|p1a: Meowscarada|Knock Off|p2a: Mandibuzz\n|-resisted|p2a: Mandibuzz\n|-damage|p2a: Mandibuzz|44\/100\n|-enditem|p2a: Mandibuzz|Heavy-Duty Boots|[from] move: Knock Off|[of] p1a: Meowscarada\n|move|p2a: Mandibuzz|Roost|p2a: Mandibuzz\n|-heal|p2a: Mandibuzz|94\/100\n|-singleturn|p2a: Mandibuzz|move: Roost\n|\n|-weather|Snow|[upkeep]\n|upkeep\n|turn|14\n|l|\u2606AMDerp20\n|player|p1|\n|j|\u2606AMDerp20\n|player|p1|AMDerp20|shadowtriad\n|inactive|Battle timer is ON: inactive players will automatically lose when time's up. (requested by dddddqweasdaqq)\n|\n|t:|1700061994\n|switch|p1a: Dragonite|Dragonite, M, shiny|100\/100\n|move|p2a: Mandibuzz|Foul Play|p1a: Dragonite\n|-damage|p1a: Dragonite|73\/100\n|\n|-weather|none\n|upkeep\n|turn|15\n|\n|t:|1700062003\n|move|p1a: Dragonite|Dragon Claw|p2a: Mandibuzz\n|-damage|p2a: Mandibuzz|66\/100\n|move|p2a: Mandibuzz|Foul Play|p1a: Dragonite\n|-damage|p1a: Dragonite|19\/100\n|\n|upkeep\n|turn|16\n|\n|t:|1700062013\n|move|p1a: Dragonite|Air Slash|p2a: Mandibuzz\n|-damage|p2a: Mandibuzz|48\/100\n|move|p2a: Mandibuzz|Roost|p2a: Mandibuzz\n|-heal|p2a: Mandibuzz|99\/100\n|-singleturn|p2a: Mandibuzz|move: Roost\n|\n|upkeep\n|turn|17\n|\n|t:|1700062022\n|move|p1a: Dragonite|Dragon Claw|p2a: Mandibuzz\n|-damage|p2a: Mandibuzz|71\/100\n|move|p2a: Mandibuzz|Foul Play|p1a: Dragonite\n|-damage|p1a: Dragonite|0 fnt\n|faint|p1a: Dragonite\n|\n|upkeep\n|\n|t:|1700062039\n|switch|p1a: Meowscarada|Meowscarada, M, shiny|100\/100\n|turn|18\n|\n|t:|1700062051\n|move|p1a: Meowscarada|Nasty Plot|p1a: Meowscarada\n|-boost|p1a: Meowscarada|spa|2\n|move|p2a: Mandibuzz|Roost|p2a: Mandibuzz\n|-heal|p2a: Mandibuzz|100\/100\n|-singleturn|p2a: Mandibuzz|move: Roost\n|\n|upkeep\n|turn|19\n|\n|t:|1700062068\n|move|p1a: Meowscarada|Focus Blast|p2a: Mandibuzz\n|-damage|p2a: Mandibuzz|27\/100\n|move|p2a: Mandibuzz|Foul Play|p1a: Meowscarada\n|-supereffective|p1a: Meowscarada\n|-enditem|p1a: Meowscarada|Focus Sash\n|-damage|p1a: Meowscarada|1\/100\n|replace|p1a: Zoroark|Zoroark-Hisui, M, shiny\n|-end|p1a: Zoroark|Illusion\n|\n|upkeep\n|turn|20\n|\n|t:|1700062078\n|move|p1a: Zoroark|Focus Blast|p2a: Mandibuzz\n|-damage|p2a: Mandibuzz|0 fnt\n|faint|p2a: Mandibuzz\n|\n|upkeep\n|\n|t:|1700062084\n|switch|p2a: Crawdaunt|Crawdaunt, M|100\/100\n|turn|21\n|\n|t:|1700062088\n|move|p2a: Crawdaunt|Aqua Jet|p1a: Zoroark\n|-damage|p1a: Zoroark|0 fnt\n|faint|p1a: Zoroark\n|\n|upkeep\n|\n|t:|1700062093\n|switch|p1a: Meowscarada|Meowscarada, M, shiny|100\/100\n|turn|22\n|\n|t:|1700062100\n|switch|p2a: Slowking|Slowking-Galar, M|58\/100\n|move|p1a: Meowscarada|Trailblaze|p2a: Slowking\n|-start|p1a: Meowscarada|typechange|Grass|[from] ability: Protean\n|-resisted|p2a: Slowking\n|-damage|p2a: Slowking|49\/100\n|-boost|p1a: Meowscarada|spe|1\n|\n|upkeep\n|turn|23\n|\n|t:|1700062115\n|move|p1a: Meowscarada|Knock Off|p2a: Slowking\n|-supereffective|p2a: Slowking\n|-damage|p2a: Slowking|0 fnt\n|-enditem|p2a: Slowking|Heavy-Duty Boots|[from] move: Knock Off|[of] p1a: Meowscarada\n|faint|p2a: Slowking\n|\n|upkeep\n|\n|t:|1700062120\n|switch|p2a: Zapdos|Zapdos|100\/100\n|turn|24\n|\n|t:|1700062125\n|move|p1a: Meowscarada|Knock Off|p2a: Zapdos\n|-damage|p2a: Zapdos|65\/100\n|-status|p1a: Meowscarada|par|[from] ability: Static|[of] p2a: Zapdos\n|-enditem|p2a: Zapdos|Heavy-Duty Boots|[from] move: Knock Off|[of] p1a: Meowscarada\n|move|p2a: Zapdos|Hurricane|p1a: Meowscarada|[miss]\n|-miss|p2a: Zapdos|p1a: Meowscarada\n|\n|upkeep\n|turn|25\n|\n|t:|1700062140\n|cant|p1a: Meowscarada|par\n|move|p2a: Zapdos|Hurricane|p1a: Meowscarada\n|-supereffective|p1a: Meowscarada\n|-enditem|p1a: Meowscarada|Focus Sash\n|-damage|p1a: Meowscarada|1\/100 par\n|\n|upkeep\n|turn|26\n|\n|t:|1700062148\n|move|p1a: Meowscarada|Acrobatics|p2a: Zapdos\n|-resisted|p2a: Zapdos\n|-damage|p2a: Zapdos|47\/100\n|move|p2a: Zapdos|Roost|p2a: Zapdos\n|-heal|p2a: Zapdos|97\/100\n|-singleturn|p2a: Zapdos|move: Roost\n|\n|upkeep\n|turn|27\n|\n|t:|1700062156\n|move|p1a: Meowscarada|Flower Trick|p2a: Zapdos\n|-resisted|p2a: Zapdos\n|-crit|p2a: Zapdos\n|-damage|p2a: Zapdos|70\/100\n|move|p2a: Zapdos|Volt Switch|p1a: Meowscarada\n|-resisted|p1a: Meowscarada\n|-damage|p1a: Meowscarada|0 fnt\n|faint|p1a: Meowscarada\n|\n|t:|1700062162\n|switch|p2a: Great Tusk|Great Tusk, shiny|100\/100|[from] Volt Switch\n|\n|upkeep\n|\n|t:|1700062168\n|switch|p1a: Scizor|Scizor, F|100\/100\n|turn|28\n|\n|t:|1700062178\n|move|p1a: Scizor|Trailblaze|p2a: Great Tusk\n|-supereffective|p2a: Great Tusk\n|-damage|p2a: Great Tusk|64\/100\n|-boost|p1a: Scizor|spe|1\n|-damage|p1a: Scizor|91\/100|[from] item: Life Orb\n|move|p2a: Great Tusk|Earthquake|p1a: Scizor\n|-damage|p1a: Scizor|37\/100\n|\n|-heal|p2a: Great Tusk|70\/100|[from] item: Leftovers\n|upkeep\n|turn|29\n|\n|t:|1700062190\n|move|p1a: Scizor|Dual Wingbeat|p2a: Great Tusk\n|-supereffective|p2a: Great Tusk\n|-damage|p2a: Great Tusk|41\/100\n|-supereffective|p2a: Great Tusk\n|-damage|p2a: Great Tusk|11\/100\n|-hitcount|p2a: Great Tusk|2\n|-damage|p1a: Scizor|27\/100|[from] item: Life Orb\n|move|p2a: Great Tusk|Earthquake|p1a: Scizor\n|-damage|p1a: Scizor|0 fnt\n|faint|p1a: Scizor\n|\n|win|dddddqweasdaqq\n|raw|AMDerp20's rating: 1124 &rarr; <strong>1093<\/strong><br \/>(-31 for losing)\n|raw|dddddqweasdaqq's rating: 1044 &rarr; <strong>1085<\/strong><br \/>(+41 for winning)\n","uploadtime":1700062199,"views":6,"p1id":"amderp20","p2id":"dddddqweasdaqq","formatid":"gen9ou","rating":1085,"private":0,"password":""}