{"id":"gen9ou-2000450445","p1":"blandry744","p2":"Argon657","format":"[Gen 9] OU","log":"|j|\u2606blandry744\n|j|\u2606Argon657\n|t:|1701195855\n|gametype|singles\n|player|p1|blandry744|265|1321\n|player|p2|Argon657|steven|1341\n|teamsize|p1|6\n|teamsize|p2|6\n|gen|9\n|tier|[Gen 9] OU\n|rated|\n|rule|Sleep Clause Mod: Limit one foe put to sleep\n|rule|Species Clause: Limit one of each Pok\u00e9mon\n|rule|OHKO Clause: OHKO moves are banned\n|rule|Evasion Items Clause: Evasion items are banned\n|rule|Evasion Moves Clause: Evasion moves are banned\n|rule|Endless Battle Clause: Forcing endless battles is banned\n|rule|HP Percentage Mod: HP is shown in percentages\n|clearpoke\n|poke|p1|Walking Wake|\n|poke|p1|Maushold-Four|\n|poke|p1|Dragonite, M|\n|poke|p1|Weezing-Galar, F|\n|poke|p1|Great Tusk|\n|poke|p1|Muk-Alola, F|\n|poke|p2|Bellibolt, M|\n|poke|p2|Clefable, F|\n|poke|p2|Corviknight, M|\n|poke|p2|Dragapult, M|\n|poke|p2|Great Tusk|\n|poke|p2|Manaphy|\n|teampreview\n|\n|t:|1701195866\n|start\n|switch|p1a: Walking Wake|Walking Wake|100\/100\n|switch|p2a: Pinky|Clefable, F|100\/100\n|turn|1\n|\n|t:|1701195870\n|move|p1a: Walking Wake|Flip Turn|p2a: Pinky\n|-damage|p2a: Pinky|83\/100\n|\n|t:|1701195872\n|-end|p1a: Walking Wake|Protosynthesis|[silent]\n|switch|p1a: Weezing|Weezing-Galar, F|100\/100|[from] Flip Turn\n|move|p2a: Pinky|Thunder Wave|p1a: Weezing\n|-status|p1a: Weezing|par\n|\n|-heal|p2a: Pinky|90\/100|[from] item: Leftovers\n|upkeep\n|turn|2\n|\n|t:|1701195877\n|move|p2a: Pinky|Stealth Rock|p1a: Weezing\n|-sidestart|p1: blandry744|move: Stealth Rock\n|cant|p1a: Weezing|par\n|\n|-heal|p2a: Pinky|96\/100|[from] item: Leftovers\n|upkeep\n|turn|3\n|\n|t:|1701195883\n|switch|p2a: Covidknight|Corviknight, M, shiny|100\/100\n|-ability|p2a: Covidknight|Pressure\n|move|p1a: Weezing|Overheat|p2a: Covidknight\n|-supereffective|p2a: Covidknight\n|-damage|p2a: Covidknight|0 fnt\n|-unboost|p1a: Weezing|spa|2\n|faint|p2a: Covidknight\n|\n|upkeep\n|c|\u2606blandry744|Lolll\n|\n|t:|1701195898\n|switch|p2a: Space Dragon|Dragapult, M, shiny|100\/100\n|turn|4\n|\n|t:|1701195903\n|switch|p1a: Muk|Muk-Alola, F|100\/100\n|-damage|p1a: Muk|88\/100|[from] Stealth Rock\n|move|p2a: Space Dragon|Will-O-Wisp|p1a: Muk\n|-status|p1a: Muk|brn\n|\n|-heal|p1a: Muk|94\/100 brn|[from] item: Black Sludge\n|-damage|p1a: Muk|88\/100 brn|[from] brn\n|upkeep\n|turn|5\n|\n|t:|1701195909\n|move|p2a: Space Dragon|U-turn|p1a: Muk\n|-damage|p1a: Muk|69\/100 brn\n|\n|t:|1701195911\n|switch|p2a: Meta-Donphan|Great Tusk|100\/100|[from] U-turn\n|move|p1a: Muk|Knock Off|p2a: Meta-Donphan\n|-resisted|p2a: Meta-Donphan\n|-damage|p2a: Meta-Donphan|94\/100\n|-status|p2a: Meta-Donphan|psn|[from] ability: Poison Touch|[of] p1a: Muk\n|-enditem|p2a: Meta-Donphan|Leftovers|[from] move: Knock Off|[of] p1a: Muk\n|\n|-heal|p1a: Muk|75\/100 brn|[from] item: Black Sludge\n|-damage|p2a: Meta-Donphan|82\/100 psn|[from] psn\n|-damage|p1a: Muk|69\/100 brn|[from] brn\n|upkeep\n|turn|6\n|\n|t:|1701195918\n|move|p1a: Muk|Protect|p1a: Muk\n|-singleturn|p1a: Muk|Protect\n|move|p2a: Meta-Donphan|Knock Off|p1a: Muk\n|-activate|p1a: Muk|move: Protect\n|\n|-heal|p1a: Muk|75\/100 brn|[from] item: Black Sludge\n|-damage|p2a: Meta-Donphan|69\/100 psn|[from] psn\n|-damage|p1a: Muk|69\/100 brn|[from] brn\n|upkeep\n|turn|7\n|\n|t:|1701195928\n|switch|p1a: Great Tusk|Great Tusk|100\/100\n|-damage|p1a: Great Tusk|97\/100|[from] Stealth Rock\n|move|p2a: Meta-Donphan|Knock Off|p1a: Great Tusk\n|-resisted|p1a: Great Tusk\n|-damage|p1a: Great Tusk|89\/100\n|-damage|p2a: Meta-Donphan|53\/100 psn|[from] item: Rocky Helmet|[of] p1a: Great Tusk\n|-enditem|p1a: Great Tusk|Rocky Helmet|[from] move: Knock Off|[of] p2a: Meta-Donphan\n|\n|-damage|p2a: Meta-Donphan|40\/100 psn|[from] psn\n|upkeep\n|turn|8\n|\n|t:|1701195932\n|-end|p2a: Meta-Donphan|Protosynthesis|[silent]\n|switch|p2a: Space Dragon|Dragapult, M, shiny|100\/100\n|move|p1a: Great Tusk|Ice Spinner|p2a: Space Dragon\n|-supereffective|p2a: Space Dragon\n|-damage|p2a: Space Dragon|31\/100\n|\n|upkeep\n|turn|9\n|\n|t:|1701195938\n|move|p2a: Space Dragon|Hex|p1a: Great Tusk\n|-damage|p1a: Great Tusk|53\/100\n|move|p1a: Great Tusk|Ice Spinner|p2a: Space Dragon\n|-supereffective|p2a: Space Dragon\n|-damage|p2a: Space Dragon|0 fnt\n|faint|p2a: Space Dragon\n|\n|upkeep\n|\n|t:|1701195945\n|switch|p2a: Aquaphina|Manaphy|100\/100\n|turn|10\n|\n|t:|1701195949\n|-terastallize|p1a: Great Tusk|Dragon\n|move|p2a: Aquaphina|Acid Armor|p2a: Aquaphina\n|-boost|p2a: Aquaphina|def|2\n|move|p1a: Great Tusk|Rapid Spin|p2a: Aquaphina\n|-damage|p2a: Aquaphina|95\/100\n|-boost|p1a: Great Tusk|spe|1\n|-sideend|p1: blandry744|Stealth Rock|[from] move: Rapid Spin|[of] p1a: Great Tusk\n|\n|-heal|p2a: Aquaphina|100\/100|[from] item: Leftovers\n|upkeep\n|turn|11\n|\n|t:|1701195956\n|-end|p1a: Great Tusk|Protosynthesis|[silent]\n|switch|p1a: Maushold|Maushold-Four|100\/100\n|move|p2a: Aquaphina|Acid Armor|p2a: Aquaphina\n|-boost|p2a: Aquaphina|def|2\n|\n|upkeep\n|turn|12\n|\n|t:|1701195960\n|move|p1a: Maushold|Encore|p2a: Aquaphina\n|-start|p2a: Aquaphina|Encore\n|move|p2a: Aquaphina|Acid Armor|p2a: Aquaphina\n|-boost|p2a: Aquaphina|def|2\n|\n|upkeep\n|turn|13\n|\n|t:|1701195965\n|switch|p2a: Pinky|Clefable, F|96\/100\n|move|p1a: Maushold|Tidy Up|p1a: Maushold\n|-boost|p1a: Maushold|atk|1\n|-boost|p1a: Maushold|spe|1\n|\n|-heal|p2a: Pinky|100\/100|[from] item: Leftovers\n|upkeep\n|turn|14\n|\n|t:|1701195969\n|move|p1a: Maushold|Population Bomb|p2a: Pinky\n|-damage|p2a: Pinky|82\/100\n|-damage|p2a: Pinky|63\/100\n|-damage|p2a: Pinky|45\/100\n|-damage|p2a: Pinky|28\/100\n|-damage|p2a: Pinky|10\/100\n|-damage|p2a: Pinky|0 fnt\n|faint|p2a: Pinky\n|-hitcount|p2: Pinky|6\n|\n|upkeep\n|\n|t:|1701195974\n|switch|p2a: Obesity|Bellibolt, M|100\/100\n|turn|15\n|\n|t:|1701195979\n|move|p1a: Maushold|Population Bomb|p2a: Obesity\n|-damage|p2a: Obesity|90\/100\n|-start|p2a: Obesity|Charge|Population Bomb|[from] ability: Electromorphosis\n|-damage|p2a: Obesity|81\/100\n|-start|p2a: Obesity|Charge|Population Bomb|[from] ability: Electromorphosis\n|-damage|p2a: Obesity|70\/100\n|-start|p2a: Obesity|Charge|Population Bomb|[from] ability: Electromorphosis\n|-damage|p2a: Obesity|60\/100\n|-start|p2a: Obesity|Charge|Population Bomb|[from] ability: Electromorphosis\n|-damage|p2a: Obesity|49\/100\n|-start|p2a: Obesity|Charge|Population Bomb|[from] ability: Electromorphosis\n|-damage|p2a: Obesity|38\/100\n|-start|p2a: Obesity|Charge|Population Bomb|[from] ability: Electromorphosis\n|-damage|p2a: Obesity|28\/100\n|-start|p2a: Obesity|Charge|Population Bomb|[from] ability: Electromorphosis\n|-damage|p2a: Obesity|17\/100\n|-start|p2a: Obesity|Charge|Population Bomb|[from] ability: Electromorphosis\n|-damage|p2a: Obesity|7\/100\n|-start|p2a: Obesity|Charge|Population Bomb|[from] ability: Electromorphosis\n|-damage|p2a: Obesity|0 fnt\n|faint|p2a: Obesity\n|-hitcount|p2: Obesity|10\n|\n|upkeep\n|\n|t:|1701195983\n|switch|p2a: Aquaphina|Manaphy|100\/100\n|turn|16\n|\n|t:|1701195986\n|move|p1a: Maushold|Population Bomb|p2a: Aquaphina\n|-damage|p2a: Aquaphina|89\/100\n|-damage|p2a: Aquaphina|79\/100\n|-damage|p2a: Aquaphina|67\/100\n|-damage|p2a: Aquaphina|56\/100\n|-damage|p2a: Aquaphina|45\/100\n|-damage|p2a: Aquaphina|34\/100\n|-damage|p2a: Aquaphina|24\/100\n|-damage|p2a: Aquaphina|12\/100\n|-damage|p2a: Aquaphina|1\/100\n|-damage|p2a: Aquaphina|0 fnt\n|faint|p2a: Aquaphina\n|-hitcount|p2: Aquaphina|10\n|\n|upkeep\n|\n|t:|1701195989\n|switch|p2a: Meta-Donphan|Great Tusk|40\/100 psn\n|turn|17\n|-message|Argon657 forfeited.\n|\n|win|blandry744\n|raw|blandry744's rating: 1321 &rarr; <strong>1342<\/strong><br \/>(+21 for winning)\n|raw|Argon657's rating: 1341 &rarr; <strong>1320<\/strong><br \/>(-21 for losing)\n|l|\u2606Argon657\n","uploadtime":1701195998,"views":8,"p1id":"blandry744","p2id":"argon657","formatid":"gen9ou","rating":1320,"private":0,"password":""}