{"id":"gen9ou-1994222457","p1":"justLiam","p2":"Prav33n","format":"[Gen 9] OU","log":"|j|\u2606justLiam\n|j|\u2606Prav33n\n|t:|1700420554\n|gametype|singles\n|player|p1|justLiam|102|1546\n|player|p2|Prav33n|swimmer-gen4|1589\n|teamsize|p1|6\n|teamsize|p2|6\n|gen|9\n|tier|[Gen 9] OU\n|rated|\n|rule|Sleep Clause Mod: Limit one foe put to sleep\n|rule|Species Clause: Limit one of each Pok\u00e9mon\n|rule|OHKO Clause: OHKO moves are banned\n|rule|Evasion Items Clause: Evasion items are banned\n|rule|Evasion Moves Clause: Evasion moves are banned\n|rule|Endless Battle Clause: Forcing endless battles is banned\n|rule|HP Percentage Mod: HP is shown in percentages\n|clearpoke\n|poke|p1|Iron Moth|\n|poke|p1|Moltres|\n|poke|p1|Wo-Chien|\n|poke|p1|Great Tusk|\n|poke|p1|Slowking-Galar, M|\n|poke|p1|Weavile, M|\n|poke|p2|Cinderace, F|\n|poke|p2|Landorus-Therian, M|\n|poke|p2|Weavile, F|\n|poke|p2|Great Tusk|\n|poke|p2|Gholdengo|\n|poke|p2|Walking Wake|\n|teampreview\n|inactive|Battle timer is ON: inactive players will automatically lose when time's up. (requested by Prav33n)\n|\n|t:|1700420570\n|start\n|switch|p1a: Weavile|Weavile, M|100\/100\n|switch|p2a: Cinderace|Cinderace, F|100\/100\n|-ability|p1a: Weavile|Pressure\n|turn|1\n|\n|t:|1700420582\n|move|p1a: Weavile|Knock Off|p2a: Cinderace\n|-damage|p2a: Cinderace|2\/100\n|-enditem|p2a: Cinderace|Heavy-Duty Boots|[from] move: Knock Off|[of] p1a: Weavile\n|move|p2a: Cinderace|U-turn|p1a: Weavile\n|-start|p2a: Cinderace|typechange|Bug|[from] ability: Libero\n|-supereffective|p1a: Weavile\n|-damage|p1a: Weavile|0 fnt\n|faint|p1a: Weavile\n|\n|t:|1700420591\n|switch|p2a: Weavile|Weavile, F|100\/100|[from] U-turn\n|\n|upkeep\n|\n|t:|1700420603\n|switch|p1a: Moltres|Moltres|100\/100\n|turn|2\n|\n|t:|1700420608\n|switch|p2a: Cinderace|Cinderace, F|2\/100\n|move|p1a: Moltres|Will-O-Wisp|p2a: Cinderace|[miss]\n|-miss|p1a: Moltres|p2a: Cinderace\n|\n|upkeep\n|turn|3\n|\n|t:|1700420622\n|move|p2a: Cinderace|Pyro Ball|p1a: Moltres\n|-resisted|p1a: Moltres\n|-crit|p1a: Moltres\n|-damage|p1a: Moltres|68\/100\n|move|p1a: Moltres|U-turn|p2a: Cinderace\n|-resisted|p2a: Cinderace\n|-damage|p2a: Cinderace|0 fnt\n|faint|p2a: Cinderace\n|\n|t:|1700420636\n|switch|p1a: Slowking|Slowking-Galar, M|100\/100|[from] U-turn\n|\n|upkeep\n|\n|t:|1700420649\n|switch|p2a: Weavile|Weavile, F|100\/100\n|turn|4\n|\n|t:|1700420666\n|-terastallize|p2a: Weavile|Ice\n|-terastallize|p1a: Slowking|Water\n|move|p2a: Weavile|Icicle Crash|p1a: Slowking\n|-resisted|p1a: Slowking\n|-damage|p1a: Slowking|59\/100\n|cant|p1a: Slowking|flinch\n|\n|upkeep\n|turn|5\n|\n|t:|1700420677\n|move|p2a: Weavile|Icicle Crash|p1a: Slowking\n|-resisted|p1a: Slowking\n|-damage|p1a: Slowking|18\/100\n|move|p1a: Slowking|Flamethrower|p2a: Weavile\n|-supereffective|p2a: Weavile\n|-crit|p2a: Weavile\n|-damage|p2a: Weavile|7\/100\n|\n|upkeep\n|turn|6\n|\n|t:|1700420700\n|switch|p1a: Iron Moth|Iron Moth|100\/100\n|-enditem|p1a: Iron Moth|Booster Energy\n|-activate|p1a: Iron Moth|ability: Quark Drive|[fromitem]\n|-start|p1a: Iron Moth|quarkdrivespe\n|move|p2a: Weavile|Icicle Crash|p1a: Iron Moth\n|-resisted|p1a: Iron Moth\n|-damage|p1a: Iron Moth|32\/100\n|\n|upkeep\n|turn|7\n|\n|t:|1700420710\n|switch|p2a: Walking Wake|Walking Wake|100\/100\n|-enditem|p2a: Walking Wake|Booster Energy\n|-activate|p2a: Walking Wake|ability: Protosynthesis|[fromitem]\n|-start|p2a: Walking Wake|protosynthesisspa\n|move|p1a: Iron Moth|Fiery Dance|p2a: Walking Wake\n|-resisted|p2a: Walking Wake\n|-damage|p2a: Walking Wake|90\/100\n|\n|upkeep\n|turn|8\n|\n|t:|1700420721\n|move|p1a: Iron Moth|Sludge Wave|p2a: Walking Wake\n|-damage|p2a: Walking Wake|37\/100\n|move|p2a: Walking Wake|Agility|p2a: Walking Wake\n|-boost|p2a: Walking Wake|spe|2\n|\n|upkeep\n|turn|9\n|\n|t:|1700420727\n|move|p2a: Walking Wake|Surf|p1a: Iron Moth\n|-supereffective|p1a: Iron Moth\n|-damage|p1a: Iron Moth|0 fnt\n|faint|p1a: Iron Moth\n|-end|p1a: Iron Moth|Quark Drive|[silent]\n|\n|upkeep\n|\n|t:|1700420731\n|switch|p1a: Slowking|Slowking-Galar, M, tera:Water|51\/100\n|turn|10\n|\n|t:|1700420735\n|move|p2a: Walking Wake|Dragon Pulse|p1a: Slowking\n|-damage|p1a: Slowking|28\/100\n|move|p1a: Slowking|Sludge Bomb|p2a: Walking Wake\n|-damage|p2a: Walking Wake|0 fnt\n|faint|p2a: Walking Wake\n|-end|p2a: Walking Wake|Protosynthesis|[silent]\n|\n|upkeep\n|\n|t:|1700420738\n|switch|p2a: Weavile|Weavile, F, tera:Ice|7\/100\n|turn|11\n|\n|t:|1700420747\n|switch|p1a: Wo-Chien|Wo-Chien|100\/100\n|-ability|p1a: Wo-Chien|Tablets of Ruin\n|move|p2a: Weavile|Icicle Crash|p1a: Wo-Chien\n|-supereffective|p1a: Wo-Chien\n|-damage|p1a: Wo-Chien|0 fnt\n|faint|p1a: Wo-Chien\n|\n|upkeep\n|\n|t:|1700420756\n|switch|p1a: Moltres|Moltres|68\/100\n|turn|12\n|\n|t:|1700420760\n|move|p2a: Weavile|Icicle Crash|p1a: Moltres\n|-damage|p1a: Moltres|15\/100\n|cant|p1a: Moltres|flinch\n|\n|upkeep\n|turn|13\n|\n|t:|1700420765\n|move|p2a: Weavile|Icicle Crash|p1a: Moltres\n|-damage|p1a: Moltres|0 fnt\n|faint|p1a: Moltres\n|\n|upkeep\n|\n|t:|1700420766\n|switch|p1a: Slowking|Slowking-Galar, M, tera:Water|61\/100\n|turn|14\n|\n|t:|1700420772\n|move|p2a: Weavile|Icicle Crash|p1a: Slowking\n|-resisted|p1a: Slowking\n|-damage|p1a: Slowking|18\/100\n|move|p1a: Slowking|Flamethrower|p2a: Weavile\n|-supereffective|p2a: Weavile\n|-damage|p2a: Weavile|0 fnt\n|faint|p2a: Weavile\n|\n|upkeep\n|\n|t:|1700420780\n|switch|p2a: Landorus|Landorus-Therian, M|100\/100\n|-ability|p2a: Landorus|Intimidate|boost\n|-unboost|p1a: Slowking|atk|1\n|turn|15\n|\n|t:|1700420787\n|move|p2a: Landorus|Earthquake|p1a: Slowking\n|-damage|p1a: Slowking|0 fnt\n|faint|p1a: Slowking\n|\n|upkeep\n|\n|t:|1700420789\n|switch|p1a: Great Tusk|Great Tusk|100\/100\n|turn|16\n|\n|t:|1700420806\n|switch|p2a: Gholdengo|Gholdengo|100\/100\n|-item|p2a: Gholdengo|Air Balloon\n|move|p1a: Great Tusk|Ice Spinner|p2a: Gholdengo\n|-resisted|p2a: Gholdengo\n|-damage|p2a: Gholdengo|85\/100\n|-enditem|p2a: Gholdengo|Air Balloon\n|\n|upkeep\n|turn|17\n|\n|t:|1700420831\n|move|p1a: Great Tusk|Headlong Rush|p2a: Gholdengo\n|-supereffective|p2a: Gholdengo\n|-damage|p2a: Gholdengo|0 fnt\n|-unboost|p1a: Great Tusk|def|1\n|-unboost|p1a: Great Tusk|spd|1\n|faint|p2a: Gholdengo\n|\n|upkeep\n|\n|t:|1700420834\n|switch|p2a: Landorus|Landorus-Therian, M|100\/100\n|-ability|p2a: Landorus|Intimidate|boost\n|-unboost|p1a: Great Tusk|atk|1\n|turn|18\n|\n|t:|1700420842\n|move|p1a: Great Tusk|Ice Spinner|p2a: Landorus\n|-supereffective|p2a: Landorus\n|-damage|p2a: Landorus|46\/100\n|-damage|p1a: Great Tusk|84\/100|[from] item: Rocky Helmet|[of] p2a: Landorus\n|move|p2a: Landorus|Grass Knot|p1a: Great Tusk\n|-supereffective|p1a: Great Tusk\n|-damage|p1a: Great Tusk|0 fnt\n|faint|p1a: Great Tusk\n|-end|p1a: Great Tusk|Protosynthesis|[silent]\n|\n|win|Prav33n\n|raw|justLiam's rating: 1546 &rarr; <strong>1528<\/strong><br \/>(-18 for losing)\n|raw|Prav33n's rating: 1589 &rarr; <strong>1607<\/strong><br \/>(+18 for winning)\n|l|\u2606justLiam\n","uploadtime":1700420850,"views":17,"p1id":"justliam","p2id":"prav33n","formatid":"gen9ou","rating":1528,"private":0,"password":""}