{"id":"gen9ou-1992658204","p1":"Saviarai","p2":"lameviejass","format":"[Gen 9] OU","log":"|j|\u2606Saviarai\n|j|\u2606lameviejass\n|t:|1700221509\n|gametype|singles\n|player|p1|Saviarai|pokemonranger|1121\n|player|p2|lameviejass|265|1173\n|teamsize|p1|6\n|teamsize|p2|6\n|gen|9\n|tier|[Gen 9] OU\n|rated|\n|rule|Sleep Clause Mod: Limit one foe put to sleep\n|rule|Species Clause: Limit one of each Pok\u00e9mon\n|rule|OHKO Clause: OHKO moves are banned\n|rule|Evasion Items Clause: Evasion items are banned\n|rule|Evasion Moves Clause: Evasion moves are banned\n|rule|Endless Battle Clause: Forcing endless battles is banned\n|rule|HP Percentage Mod: HP is shown in percentages\n|clearpoke\n|poke|p1|Ceruledge, F|\n|poke|p1|Corviknight, M|\n|poke|p1|Clefable, F|\n|poke|p1|Walking Wake|\n|poke|p1|Great Tusk|\n|poke|p1|Rillaboom, M|\n|poke|p2|Ceruledge, F|\n|poke|p2|Corviknight, M|\n|poke|p2|Iron Valiant|\n|poke|p2|Toxapex, F|\n|poke|p2|Landorus-Therian, M|\n|poke|p2|Ninetales-Alola, M|\n|teampreview\n|\n|t:|1700221513\n|start\n|switch|p1a: Miss Cleffy|Clefable, F|100\/100\n|switch|p2a: Landorus|Landorus-Therian, M|100\/100\n|-ability|p2a: Landorus|Intimidate|boost\n|-unboost|p1a: Miss Cleffy|atk|1\n|turn|1\n|\n|t:|1700221531\n|move|p2a: Landorus|Stealth Rock|p1a: Miss Cleffy\n|-sidestart|p1: Saviarai|move: Stealth Rock\n|move|p1a: Miss Cleffy|Stealth Rock|p2a: Landorus\n|-sidestart|p2: lameviejass|move: Stealth Rock\n|\n|upkeep\n|turn|2\n|\n|t:|1700221540\n|move|p2a: Landorus|Earthquake|p1a: Miss Cleffy\n|-damage|p1a: Miss Cleffy|59\/100\n|move|p1a: Miss Cleffy|Moonblast|p2a: Landorus\n|-damage|p2a: Landorus|61\/100\n|\n|-heal|p1a: Miss Cleffy|65\/100|[from] item: Leftovers\n|upkeep\n|turn|3\n|\n|t:|1700221550\n|move|p2a: Landorus|U-turn|p1a: Miss Cleffy\n|-resisted|p1a: Miss Cleffy\n|-damage|p1a: Miss Cleffy|55\/100\n|\n|t:|1700221553\n|switch|p2a: Corviknight|Corviknight, M|100\/100|[from] U-turn\n|-damage|p2a: Corviknight|88\/100|[from] Stealth Rock\n|move|p1a: Miss Cleffy|Moonblast|p2a: Corviknight\n|-resisted|p2a: Corviknight\n|-crit|p2a: Corviknight\n|-damage|p2a: Corviknight|67\/100\n|\n|-heal|p2a: Corviknight|73\/100|[from] item: Leftovers\n|-heal|p1a: Miss Cleffy|61\/100|[from] item: Leftovers\n|upkeep\n|turn|4\n|\n|t:|1700221571\n|switch|p1a: Suicune Yea?|Walking Wake|100\/100\n|-damage|p1a: Suicune Yea?|88\/100|[from] Stealth Rock\n|-enditem|p1a: Suicune Yea?|Booster Energy\n|-activate|p1a: Suicune Yea?|ability: Protosynthesis|[fromitem]\n|-start|p1a: Suicune Yea?|protosynthesisspa\n|move|p2a: Corviknight|Defog|p1a: Suicune Yea?\n|-unboost|p1a: Suicune Yea?|evasion|1\n|-sideend|p1: Saviarai|Stealth Rock|[from] move: Defog|[of] p2a: Corviknight\n|-sideend|p2: lameviejass|Stealth Rock|[from] move: Defog|[of] p2a: Corviknight\n|\n|-heal|p2a: Corviknight|79\/100|[from] item: Leftovers\n|upkeep\n|turn|5\n|\n|t:|1700221587\n|switch|p2a: Toxapex|Toxapex, F|100\/100\n|move|p1a: Suicune Yea?|Substitute|p1a: Suicune Yea?\n|-start|p1a: Suicune Yea?|Substitute\n|-damage|p1a: Suicune Yea?|63\/100\n|\n|upkeep\n|turn|6\n|\n|t:|1700221603\n|switch|p2a: Ninetales|Ninetales-Alola, M|100\/100\n|-weather|Snow|[from] ability: Snow Warning|[of] p2a: Ninetales\n|move|p1a: Suicune Yea?|Dragon Pulse|p2a: Ninetales\n|-immune|p2a: Ninetales\n|\n|-weather|Snow|[upkeep]\n|upkeep\n|turn|7\n|\n|t:|1700221614\n|-terastallize|p1a: Suicune Yea?|Water\n|move|p2a: Ninetales|Freeze-Dry|p1a: Suicune Yea?\n|-supereffective|p1a: Suicune Yea?\n|-end|p1a: Suicune Yea?|Substitute\n|move|p1a: Suicune Yea?|Hydro Steam|p2a: Ninetales\n|-damage|p2a: Ninetales|14\/100\n|\n|-weather|Snow|[upkeep]\n|upkeep\n|turn|8\n|\n|t:|1700221628\n|-end|p1a: Suicune Yea?|Protosynthesis|[silent]\n|switch|p1a: Lombardo|Rillaboom, M, shiny|100\/100\n|-fieldstart|move: Grassy Terrain|[from] ability: Grassy Surge|[of] p1a: Lombardo\n|move|p2a: Ninetales|Freeze-Dry|p1a: Lombardo\n|-supereffective|p1a: Lombardo\n|-damage|p1a: Lombardo|26\/100\n|\n|-weather|Snow|[upkeep]\n|-heal|p2a: Ninetales|20\/100|[from] Grassy Terrain\n|-heal|p1a: Lombardo|32\/100|[from] Grassy Terrain\n|upkeep\n|turn|9\n|\n|t:|1700221640\n|move|p1a: Lombardo|Grassy Glide|p2a: Ninetales\n|-crit|p2a: Ninetales\n|-damage|p2a: Ninetales|0 fnt\n|faint|p2a: Ninetales\n|\n|-weather|Snow|[upkeep]\n|-heal|p1a: Lombardo|38\/100|[from] Grassy Terrain\n|upkeep\n|\n|t:|1700221649\n|switch|p2a: Landorus|Landorus-Therian, M|61\/100\n|-ability|p2a: Landorus|Intimidate|boost\n|-unboost|p1a: Lombardo|atk|1\n|turn|10\n|\n|t:|1700221664\n|switch|p1a: Miss Cleffy|Clefable, F|61\/100\n|move|p2a: Landorus|Stealth Rock|p1a: Miss Cleffy\n|-sidestart|p1: Saviarai|move: Stealth Rock\n|\n|-weather|none\n|-heal|p1a: Miss Cleffy|67\/100|[from] Grassy Terrain\n|-heal|p1a: Miss Cleffy|73\/100|[from] item: Leftovers\n|upkeep\n|turn|11\n|\n|t:|1700221675\n|move|p2a: Landorus|U-turn|p1a: Miss Cleffy\n|-resisted|p1a: Miss Cleffy\n|-damage|p1a: Miss Cleffy|63\/100\n|\n|t:|1700221680\n|switch|p2a: Iron Valiant|Iron Valiant|100\/100|[from] U-turn\n|-enditem|p2a: Iron Valiant|Booster Energy\n|-activate|p2a: Iron Valiant|ability: Quark Drive|[fromitem]\n|-start|p2a: Iron Valiant|quarkdrivespe\n|move|p1a: Miss Cleffy|Moonblast|p2a: Iron Valiant\n|-supereffective|p2a: Iron Valiant\n|-damage|p2a: Iron Valiant|0 fnt\n|faint|p2a: Iron Valiant\n|-end|p2a: Iron Valiant|Quark Drive|[silent]\n|\n|-heal|p1a: Miss Cleffy|69\/100|[from] Grassy Terrain\n|-heal|p1a: Miss Cleffy|75\/100|[from] item: Leftovers\n|upkeep\n|l|\u2606lameviejass\n|player|p2|\n|c|\u2606Saviarai|What?\n|c|\u2606Saviarai|Where are you dude\n|inactive|Battle timer is ON: inactive players will automatically lose when time's up. (requested by Saviarai)\n|inactiveoff|Battle timer is now OFF.\n|c|\u2606Saviarai|I just tko'd their valiant!\n|c|\u2606Saviarai|Is there...?\n|inactive|Battle timer is ON: inactive players will automatically lose when time's up. (requested by Saviarai)\n|inactive|lameviejass has 30 seconds to reconnect!\n|inactive|lameviejass has 20 seconds to reconnect!\n|inactive|lameviejass has 15 seconds to reconnect!\n|inactive|lameviejass has 10 seconds to reconnect!\n|inactive|lameviejass has 5 seconds to reconnect!\n|-message|lameviejass lost due to inactivity.\n|\n|win|Saviarai\n|raw|Saviarai's rating: 1121 &rarr; <strong>1150<\/strong><br \/>(+29 for winning)\n|raw|lameviejass's rating: 1173 &rarr; <strong>1144<\/strong><br \/>(-29 for losing)\n","uploadtime":1700221868,"views":9,"p1id":"saviarai","p2id":"lameviejass","formatid":"gen9ou","rating":1144,"private":0,"password":""}