{"id":"gen9ou-1993323143","p1":"RSDPM","p2":"zhouhangyu","format":"[Gen 9] OU","log":"|j|\u2606RSDPM\n|j|\u2606zhouhangyu\n|t:|1700298231\n|gametype|singles\n|player|p1|RSDPM|riley|1382\n|player|p2|zhouhangyu|steven|1327\n|teamsize|p1|6\n|teamsize|p2|6\n|gen|9\n|tier|[Gen 9] OU\n|rated|\n|rule|Sleep Clause Mod: Limit one foe put to sleep\n|rule|Species Clause: Limit one of each Pok\u00e9mon\n|rule|OHKO Clause: OHKO moves are banned\n|rule|Evasion Items Clause: Evasion items are banned\n|rule|Evasion Moves Clause: Evasion moves are banned\n|rule|Endless Battle Clause: Forcing endless battles is banned\n|rule|HP Percentage Mod: HP is shown in percentages\n|clearpoke\n|poke|p1|Wyrdeer, M|\n|poke|p1|Kleavor, F|\n|poke|p1|Ursaluna, F|\n|poke|p1|Basculegion-F, F|\n|poke|p1|Sneasler, M|\n|poke|p1|Overqwil, F|\n|poke|p2|Rillaboom, M|\n|poke|p2|Sneasler, F|\n|poke|p2|Hatterene, F|\n|poke|p2|Ursaluna, F|\n|poke|p2|Heatran, F|\n|poke|p2|Iron Valiant|\n|teampreview\n|inactive|Battle timer is ON: inactive players will automatically lose when time's up. (requested by zhouhangyu)\n|l|\u2606RSDPM\n|inactive|RSDPM disconnected and has a minute to reconnect!\n|player|p1|\n|j|\u2606RSDPM\n|inactive|RSDPM reconnected and has 115 seconds left.\n|player|p1|RSDPM|riley\n|\n|t:|1700298285\n|start\n|switch|p1a: Kleavor|Kleavor, F|100\/100\n|switch|p2a: Rillaboom|Rillaboom, M|100\/100\n|-fieldstart|move: Grassy Terrain|[from] ability: Grassy Surge|[of] p2a: Rillaboom\n|turn|1\n|\n|t:|1700298299\n|-terastallize|p2a: Rillaboom|Grass\n|move|p1a: Kleavor|X-Scissor|p2a: Rillaboom\n|-supereffective|p2a: Rillaboom\n|-damage|p2a: Rillaboom|0 fnt\n|faint|p2a: Rillaboom\n|\n|upkeep\n|\n|t:|1700298315\n|switch|p2a: Ursaluna|Ursaluna, F|100\/100\n|turn|2\n|\n|t:|1700298322\n|switch|p1a: Overqwil|Overqwil, F|100\/100\n|-ability|p1a: Overqwil|Intimidate|boost\n|-unboost|p2a: Ursaluna|atk|1\n|move|p2a: Ursaluna|Fire Punch|p1a: Overqwil\n|-damage|p1a: Overqwil|87\/100\n|\n|-heal|p1a: Overqwil|93\/100|[from] Grassy Terrain\n|-heal|p1a: Overqwil|99\/100|[from] item: Black Sludge\n|-status|p2a: Ursaluna|brn|[from] item: Flame Orb\n|upkeep\n|turn|3\n|\n|t:|1700298335\n|switch|p2a: Heatran|Heatran, F|100\/100\n|-item|p2a: Heatran|Air Balloon\n|move|p1a: Overqwil|Spikes|p2a: Heatran\n|-sidestart|p2: zhouhangyu|Spikes\n|\n|-heal|p1a: Overqwil|100\/100|[from] Grassy Terrain\n|upkeep\n|turn|4\n|\n|t:|1700298348\n|move|p1a: Overqwil|Crunch|p2a: Heatran\n|-damage|p2a: Heatran|73\/100\n|-unboost|p2a: Heatran|def|1\n|-enditem|p2a: Heatran|Air Balloon\n|move|p2a: Heatran|Magma Storm|p1a: Overqwil|[miss]\n|-miss|p2a: Heatran|p1a: Overqwil\n|\n|-heal|p2a: Heatran|79\/100|[from] Grassy Terrain\n|upkeep\n|turn|5\n|\n|t:|1700298356\n|move|p1a: Overqwil|Spikes|p2a: Heatran\n|-sidestart|p2: zhouhangyu|Spikes\n|move|p2a: Heatran|Stealth Rock|p1a: Overqwil\n|-sidestart|p1: RSDPM|move: Stealth Rock\n|\n|-heal|p2a: Heatran|85\/100|[from] Grassy Terrain\n|-fieldend|move: Grassy Terrain\n|upkeep\n|turn|6\n|\n|t:|1700298368\n|move|p1a: Overqwil|Spikes|p2a: Heatran\n|-sidestart|p2: zhouhangyu|Spikes\n|move|p2a: Heatran|Earth Power|p1a: Overqwil\n|-supereffective|p1a: Overqwil\n|-damage|p1a: Overqwil|9\/100\n|\n|-heal|p1a: Overqwil|15\/100|[from] item: Black Sludge\n|upkeep\n|turn|7\n|\n|t:|1700298378\n|move|p1a: Overqwil|Crunch|p2a: Heatran\n|-damage|p2a: Heatran|43\/100\n|move|p2a: Heatran|Earth Power|p1a: Overqwil\n|-supereffective|p1a: Overqwil\n|-damage|p1a: Overqwil|0 fnt\n|faint|p1a: Overqwil\n|\n|upkeep\n|\n|t:|1700298391\n|switch|p1a: Sneasler|Sneasler, M|100\/100\n|-damage|p1a: Sneasler|95\/100|[from] Stealth Rock\n|turn|8\n|\n|t:|1700298400\n|switch|p2a: Hatterene|Hatterene, F|100\/100\n|-damage|p2a: Hatterene|76\/100|[from] Spikes\n|-terastallize|p1a: Sneasler|Flying\n|move|p1a: Sneasler|Bulk Up|p1a: Sneasler\n|-boost|p1a: Sneasler|atk|1\n|-boost|p1a: Sneasler|def|1\n|\n|upkeep\n|turn|9\n|\n|t:|1700298414\n|move|p1a: Sneasler|Dire Claw|p2a: Hatterene\n|-supereffective|p2a: Hatterene\n|-damage|p2a: Hatterene|0 fnt\n|faint|p2a: Hatterene\n|\n|upkeep\n|\n|t:|1700298426\n|switch|p2a: Iron Valiant|Iron Valiant|100\/100\n|-damage|p2a: Iron Valiant|76\/100|[from] Spikes\n|-enditem|p2a: Iron Valiant|Booster Energy\n|-activate|p2a: Iron Valiant|ability: Quark Drive|[fromitem]\n|-start|p2a: Iron Valiant|quarkdrivespe\n|turn|10\n|\n|t:|1700298436\n|switch|p1a: Wyrdeer|Wyrdeer, M|100\/100\n|-damage|p1a: Wyrdeer|88\/100|[from] Stealth Rock\n|move|p2a: Iron Valiant|Thunderbolt|p1a: Wyrdeer\n|-damage|p1a: Wyrdeer|54\/100\n|\n|upkeep\n|turn|11\n|\n|t:|1700298454\n|move|p2a: Iron Valiant|Moonblast|p1a: Wyrdeer\n|-damage|p1a: Wyrdeer|0 fnt\n|faint|p1a: Wyrdeer\n|\n|upkeep\n|\n|t:|1700298461\n|switch|p1a: Basculegion|Basculegion-F, F|100\/100\n|-damage|p1a: Basculegion|88\/100|[from] Stealth Rock\n|turn|12\n|\n|t:|1700298475\n|move|p2a: Iron Valiant|Thunderbolt|p1a: Basculegion\n|-supereffective|p1a: Basculegion\n|-damage|p1a: Basculegion|18\/100\n|move|p1a: Basculegion|Surf|p2a: Iron Valiant\n|-damage|p2a: Iron Valiant|0 fnt\n|faint|p2a: Iron Valiant\n|-end|p2a: Iron Valiant|Quark Drive|[silent]\n|-damage|p1a: Basculegion|8\/100|[from] item: Life Orb\n|\n|upkeep\n|\n|t:|1700298483\n|switch|p2a: Sneasler|Sneasler, F, shiny|100\/100\n|-damage|p2a: Sneasler|76\/100|[from] Spikes\n|turn|13\n|\n|t:|1700298497\n|move|p2a: Sneasler|Dire Claw|p1a: Basculegion\n|-resisted|p1a: Basculegion\n|-damage|p1a: Basculegion|0 fnt\n|faint|p1a: Basculegion\n|\n|upkeep\n|inactive|RSDPM has 120 seconds left.\n|\n|t:|1700298549\n|switch|p1a: Kleavor|Kleavor, F|100\/100\n|-damage|p1a: Kleavor|76\/100|[from] Stealth Rock\n|turn|14\n|\n|t:|1700298556\n|switch|p2a: Ursaluna|Ursaluna, F|100\/100 brn\n|-damage|p2a: Ursaluna|76\/100 brn|[from] Spikes\n|move|p1a: Kleavor|Dual Wingbeat|p2a: Ursaluna\n|-damage|p2a: Ursaluna|66\/100 brn\n|-damage|p2a: Ursaluna|56\/100 brn\n|-hitcount|p2a: Ursaluna|2\n|\n|-damage|p2a: Ursaluna|50\/100 brn|[from] brn\n|upkeep\n|turn|15\n|\n|t:|1700298569\n|switch|p1a: Ursaluna|Ursaluna, F|100\/100\n|-damage|p1a: Ursaluna|94\/100|[from] Stealth Rock\n|move|p2a: Ursaluna|Headlong Rush|p1a: Ursaluna\n|-damage|p1a: Ursaluna|24\/100\n|-unboost|p2a: Ursaluna|def|1\n|-unboost|p2a: Ursaluna|spd|1\n|\n|-damage|p2a: Ursaluna|44\/100 brn|[from] brn\n|-status|p1a: Ursaluna|brn|[from] item: Flame Orb\n|upkeep\n|turn|16\n|\n|t:|1700298581\n|move|p2a: Ursaluna|Facade|p1a: Ursaluna\n|-damage|p1a: Ursaluna|0 fnt\n|faint|p1a: Ursaluna\n|\n|-damage|p2a: Ursaluna|38\/100 brn|[from] brn\n|upkeep\n|\n|t:|1700298588\n|switch|p1a: Sneasler|Sneasler, M, tera:Flying|95\/100\n|-damage|p1a: Sneasler|70\/100|[from] Stealth Rock\n|turn|17\n|\n|t:|1700298603\n|switch|p2a: Heatran|Heatran, F|43\/100\n|-damage|p2a: Heatran|18\/100|[from] Spikes\n|move|p1a: Sneasler|Close Combat|p2a: Heatran\n|-supereffective|p2a: Heatran\n|-damage|p2a: Heatran|0 fnt\n|-unboost|p1a: Sneasler|def|1\n|-unboost|p1a: Sneasler|spd|1\n|faint|p2a: Heatran\n|\n|upkeep\n|\n|t:|1700298609\n|switch|p2a: Sneasler|Sneasler, F, shiny|76\/100\n|-damage|p2a: Sneasler|51\/100|[from] Spikes\n|turn|18\n|\n|t:|1700298618\n|move|p1a: Sneasler|Close Combat|p2a: Sneasler\n|-resisted|p2a: Sneasler\n|-damage|p2a: Sneasler|0 fnt\n|-unboost|p1a: Sneasler|def|1\n|-unboost|p1a: Sneasler|spd|1\n|faint|p2a: Sneasler\n|\n|upkeep\n|-message|zhouhangyu forfeited.\n|\n|win|RSDPM\n|raw|RSDPM's rating: 1382 &rarr; <strong>1399<\/strong><br \/>(+17 for winning)\n|raw|zhouhangyu's rating: 1327 &rarr; <strong>1310<\/strong><br \/>(-17 for losing)\n|l|\u2606zhouhangyu\n","uploadtime":1700298631,"views":12,"p1id":"rsdpm","p2id":"zhouhangyu","formatid":"gen9ou","rating":1310,"private":0,"password":""}