{"id":"gen9ou-1996680995","p1":"Seath511","p2":"scarex1","format":"[Gen 9] OU","log":"|j|\u2606Seath511\n|j|\u2606scarex1\n|t:|1700708982\n|gametype|singles\n|player|p1|Seath511|101|1091\n|player|p2|scarex1|265|1000\n|teamsize|p1|6\n|teamsize|p2|6\n|gen|9\n|tier|[Gen 9] OU\n|rated|\n|rule|Sleep Clause Mod: Limit one foe put to sleep\n|rule|Species Clause: Limit one of each Pok\u00e9mon\n|rule|OHKO Clause: OHKO moves are banned\n|rule|Evasion Items Clause: Evasion items are banned\n|rule|Evasion Moves Clause: Evasion moves are banned\n|rule|Endless Battle Clause: Forcing endless battles is banned\n|rule|HP Percentage Mod: HP is shown in percentages\n|clearpoke\n|poke|p1|Shroodle, F|\n|poke|p1|Lycanroc, F|\n|poke|p1|Tyranitar, M|\n|poke|p1|Gholdengo|\n|poke|p1|Quaquaval, M|\n|poke|p1|Amoonguss, F|\n|poke|p2|Toxicroak, M|\n|poke|p2|Greninja-*, M|\n|poke|p2|Heatran, M|\n|poke|p2|Thundurus-Therian, M|\n|poke|p2|Ninetales-Alola, M|\n|poke|p2|Breloom, M|\n|teampreview\n|\n|t:|1700708988\n|start\n|switch|p1a: Shroodle|Shroodle, F|100\/100\n|switch|p2a: Greninja|Greninja, M|100\/100\n|turn|1\n|\n|t:|1700709003\n|move|p1a: Shroodle|Switcheroo|p2a: Greninja\n|-hint|Since gen 7, Dark is immune to Prankster moves.\n|-immune|p2a: Greninja\n|move|p2a: Greninja|Toxic Spikes|p1a: Shroodle\n|-start|p2a: Greninja|typechange|Poison|[from] ability: Protean\n|-sidestart|p1: Seath511|move: Toxic Spikes\n|\n|upkeep\n|turn|2\n|\n|t:|1700709026\n|move|p1a: Shroodle|Taunt|p2a: Greninja\n|-start|p2a: Greninja|move: Taunt\n|cant|p2a: Greninja|move: Taunt|Toxic Spikes\n|\n|upkeep\n|turn|3\n|\n|t:|1700709032\n|move|p1a: Shroodle|Encore|p2a: Greninja\n|-start|p2a: Greninja|Encore\n|cant|p2a: Greninja|move: Taunt|Toxic Spikes\n|\n|upkeep\n|turn|4\n|\n|t:|1700709041\n|switch|p2a: Heatran|Heatran, M|100\/100\n|move|p1a: Shroodle|Parting Shot|p2a: Heatran\n|-unboost|p2a: Heatran|atk|1\n|-unboost|p2a: Heatran|spa|1\n|\n|t:|1700709049\n|switch|p1a: Tyranitar|Tyranitar, M|100\/100|[from] Parting Shot\n|-status|p1a: Tyranitar|psn\n|-weather|Sandstorm|[from] ability: Sand Stream|[of] p1a: Tyranitar\n|\n|-weather|Sandstorm|[upkeep]\n|-damage|p1a: Tyranitar|88\/100 psn|[from] psn\n|upkeep\n|turn|5\n|\n|t:|1700709062\n|switch|p1a: Amoonguss|Amoonguss, F|100\/100\n|-sideend|p1: Seath511|move: Toxic Spikes|[of] p1a: Amoonguss\n|move|p2a: Heatran|Flash Cannon|p1a: Amoonguss\n|-damage|p1a: Amoonguss|78\/100\n|\n|-weather|Sandstorm|[upkeep]\n|-damage|p1a: Amoonguss|71\/100|[from] Sandstorm\n|upkeep\n|turn|6\n|\n|t:|1700709075\n|switch|p1a: Quaquaval|Quaquaval, M|100\/100\n|move|p2a: Heatran|Flamethrower|p1a: Quaquaval\n|-resisted|p1a: Quaquaval\n|-damage|p1a: Quaquaval|80\/100\n|\n|-weather|Sandstorm|[upkeep]\n|-damage|p1a: Quaquaval|73\/100|[from] Sandstorm\n|-heal|p1a: Quaquaval|80\/100|[from] item: Leftovers\n|upkeep\n|turn|7\n|\n|t:|1700709088\n|switch|p2a: Thundurus|Thundurus-Therian, M|100\/100\n|move|p1a: Quaquaval|Close Combat|p2a: Thundurus\n|-resisted|p2a: Thundurus\n|-damage|p2a: Thundurus|47\/100\n|-unboost|p1a: Quaquaval|def|1\n|-unboost|p1a: Quaquaval|spd|1\n|-enditem|p2a: Thundurus|Red Card|[of] p1a: Quaquaval\n|drag|p1a: Shroodle|Shroodle, F|100\/100\n|\n|-weather|Sandstorm|[upkeep]\n|-damage|p2a: Thundurus|41\/100|[from] Sandstorm\n|-damage|p1a: Shroodle|95\/100|[from] Sandstorm\n|upkeep\n|turn|8\n|\n|t:|1700709121\n|move|p1a: Shroodle|Taunt|p2a: Thundurus\n|-start|p2a: Thundurus|move: Taunt\n|move|p2a: Thundurus|Volt Switch|p1a: Shroodle\n|-damage|p1a: Shroodle|35\/100\n|\n|t:|1700709131\n|switch|p2a: Ninetales|Ninetales-Alola, M|100\/100|[from] Volt Switch\n|-weather|Snow|[from] ability: Snow Warning|[of] p2a: Ninetales\n|\n|-weather|Snow|[upkeep]\n|upkeep\n|turn|9\n|\n|t:|1700709141\n|switch|p1a: Tyranitar|Tyranitar, M|88\/100 psn\n|-weather|Sandstorm|[from] ability: Sand Stream|[of] p1a: Tyranitar\n|move|p2a: Ninetales|Nasty Plot|p2a: Ninetales\n|-boost|p2a: Ninetales|spa|2\n|\n|-weather|Sandstorm|[upkeep]\n|-damage|p2a: Ninetales|94\/100|[from] Sandstorm\n|-damage|p1a: Tyranitar|76\/100 psn|[from] psn\n|upkeep\n|turn|10\n|\n|t:|1700709168\n|switch|p1a: Amoonguss|Amoonguss, F|100\/100\n|move|p2a: Ninetales|Dazzling Gleam|p1a: Amoonguss\n|-resisted|p1a: Amoonguss\n|-damage|p1a: Amoonguss|73\/100\n|\n|-weather|Sandstorm|[upkeep]\n|-damage|p2a: Ninetales|88\/100|[from] Sandstorm\n|-damage|p1a: Amoonguss|66\/100|[from] Sandstorm\n|upkeep\n|turn|11\n|\n|t:|1700709198\n|switch|p1a: Lycanroc|Lycanroc, F|100\/100\n|move|p2a: Ninetales|Ice Beam|p1a: Lycanroc\n|-damage|p1a: Lycanroc|14\/100\n|\n|-weather|Sandstorm|[upkeep]\n|-damage|p2a: Ninetales|82\/100|[from] Sandstorm\n|upkeep\n|turn|12\n|\n|t:|1700709210\n|move|p1a: Lycanroc|Rock Blast|p2a: Ninetales|[miss]\n|-miss|p1a: Lycanroc|p2a: Ninetales\n|move|p2a: Ninetales|Ice Beam|p1a: Lycanroc\n|-damage|p1a: Lycanroc|0 fnt\n|faint|p1a: Lycanroc\n|\n|-weather|Sandstorm|[upkeep]\n|-damage|p2a: Ninetales|75\/100|[from] Sandstorm\n|upkeep\n|\n|t:|1700709227\n|switch|p1a: Gholdengo|Gholdengo|100\/100\n|turn|13\n|\n|t:|1700709243\n|switch|p2a: Greninja|Greninja, M|100\/100\n|move|p1a: Gholdengo|Nasty Plot|p1a: Gholdengo\n|-boost|p1a: Gholdengo|spa|2\n|\n|-weather|none\n|upkeep\n|turn|14\n|\n|t:|1700709262\n|move|p2a: Greninja|Toxic Spikes|p1a: Gholdengo\n|-start|p2a: Greninja|typechange|Poison|[from] ability: Protean\n|-sidestart|p1: Seath511|move: Toxic Spikes\n|move|p1a: Gholdengo|Thunder Wave|p2a: Greninja|[miss]\n|-miss|p1a: Gholdengo|p2a: Greninja\n|\n|upkeep\n|turn|15\n|\n|t:|1700709272\n|move|p2a: Greninja|Dark Pulse|p1a: Gholdengo\n|-supereffective|p1a: Gholdengo\n|-damage|p1a: Gholdengo|52\/100\n|move|p1a: Gholdengo|Thunder Wave|p2a: Greninja\n|-status|p2a: Greninja|par\n|\n|-heal|p1a: Gholdengo|58\/100|[from] item: Leftovers\n|upkeep\n|turn|16\n|\n|t:|1700709281\n|move|p1a: Gholdengo|Nasty Plot|p1a: Gholdengo\n|-boost|p1a: Gholdengo|spa|2\n|move|p2a: Greninja|Dark Pulse|p1a: Gholdengo\n|-supereffective|p1a: Gholdengo\n|-damage|p1a: Gholdengo|14\/100\n|\n|-heal|p1a: Gholdengo|20\/100|[from] item: Leftovers\n|upkeep\n|turn|17\n|\n|t:|1700709288\n|move|p1a: Gholdengo|Recover|p1a: Gholdengo\n|-heal|p1a: Gholdengo|70\/100\n|move|p2a: Greninja|Dark Pulse|p1a: Gholdengo\n|-supereffective|p1a: Gholdengo\n|-damage|p1a: Gholdengo|26\/100\n|\n|-heal|p1a: Gholdengo|32\/100|[from] item: Leftovers\n|upkeep\n|turn|18\n|\n|t:|1700709296\n|move|p1a: Gholdengo|Recover|p1a: Gholdengo\n|-heal|p1a: Gholdengo|82\/100\n|move|p2a: Greninja|Dark Pulse|p1a: Gholdengo\n|-supereffective|p1a: Gholdengo\n|-damage|p1a: Gholdengo|34\/100\n|\n|-heal|p1a: Gholdengo|40\/100|[from] item: Leftovers\n|upkeep\n|turn|19\n|j| kadomatsu\n|\n|t:|1700709304\n|move|p1a: Gholdengo|Recover|p1a: Gholdengo\n|-heal|p1a: Gholdengo|90\/100\n|move|p2a: Greninja|Toxic Spikes|p1a: Gholdengo\n|-sidestart|p1: Seath511|move: Toxic Spikes\n|\n|-heal|p1a: Gholdengo|96\/100|[from] item: Leftovers\n|upkeep\n|turn|20\n|\n|t:|1700709311\n|move|p1a: Gholdengo|Hex|p2a: Greninja\n|-damage|p2a: Greninja|0 fnt\n|faint|p2a: Greninja\n|\n|-heal|p1a: Gholdengo|100\/100|[from] item: Leftovers\n|upkeep\n|\n|t:|1700709320\n|switch|p2a: Heatran|Heatran, M|100\/100\n|turn|21\n|l| kadomatsu\n|\n|t:|1700709335\n|move|p1a: Gholdengo|Hex|p2a: Heatran\n|-damage|p2a: Heatran|9\/100\n|move|p2a: Heatran|Flamethrower|p1a: Gholdengo\n|-supereffective|p1a: Gholdengo\n|-damage|p1a: Gholdengo|11\/100\n|\n|-heal|p1a: Gholdengo|17\/100|[from] item: Leftovers\n|-heal|p2a: Heatran|16\/100|[from] item: Leftovers\n|upkeep\n|turn|22\n|\n|t:|1700709350\n|move|p1a: Gholdengo|Hex|p2a: Heatran\n|-damage|p2a: Heatran|0 fnt\n|faint|p2a: Heatran\n|\n|-heal|p1a: Gholdengo|23\/100|[from] item: Leftovers\n|upkeep\n|\n|t:|1700709357\n|switch|p2a: Toxicroak|Toxicroak, M|100\/100\n|turn|23\n|\n|t:|1700709380\n|switch|p1a: Shroodle|Shroodle, F|35\/100\n|-sideend|p1: Seath511|move: Toxic Spikes|[of] p1a: Shroodle\n|move|p2a: Toxicroak|Swords Dance|p2a: Toxicroak\n|-boost|p2a: Toxicroak|atk|2\n|\n|upkeep\n|turn|24\n|\n|t:|1700709389\n|move|p1a: Shroodle|Encore|p2a: Toxicroak\n|-start|p2a: Toxicroak|Encore\n|move|p2a: Toxicroak|Swords Dance|p2a: Toxicroak\n|-boost|p2a: Toxicroak|atk|2\n|\n|upkeep\n|turn|25\n|\n|t:|1700709396\n|move|p1a: Shroodle|Parting Shot|p2a: Toxicroak\n|-unboost|p2a: Toxicroak|atk|1\n|-unboost|p2a: Toxicroak|spa|1\n|\n|t:|1700709413\n|switch|p1a: Tyranitar|Tyranitar, M|76\/100 psn|[from] Parting Shot\n|-weather|Sandstorm|[from] ability: Sand Stream|[of] p1a: Tyranitar\n|move|p2a: Toxicroak|Swords Dance|p2a: Toxicroak\n|-boost|p2a: Toxicroak|atk|2\n|\n|-weather|Sandstorm|[upkeep]\n|-damage|p2a: Toxicroak|94\/100|[from] Sandstorm\n|-damage|p1a: Tyranitar|64\/100 psn|[from] psn\n|upkeep\n|turn|26\n|\n|t:|1700709424\n|move|p1a: Tyranitar|Earthquake|p2a: Toxicroak\n|-supereffective|p2a: Toxicroak\n|-damage|p2a: Toxicroak|0 fnt\n|faint|p2a: Toxicroak\n|\n|-weather|Sandstorm|[upkeep]\n|-damage|p1a: Tyranitar|51\/100 psn|[from] psn\n|upkeep\n|\n|t:|1700709433\n|switch|p2a: Breloom|Breloom, M|100\/100\n|turn|27\n|\n|t:|1700709485\n|switch|p1a: Gholdengo|Gholdengo|23\/100\n|move|p2a: Breloom|Spore|p1a: Gholdengo\n|-immune|p1a: Gholdengo|[from] ability: Good as Gold\n|\n|-weather|Sandstorm|[upkeep]\n|-damage|p2a: Breloom|94\/100|[from] Sandstorm\n|-heal|p1a: Gholdengo|29\/100|[from] item: Leftovers\n|-status|p2a: Breloom|tox|[from] item: Toxic Orb\n|upkeep\n|turn|28\n|\n|t:|1700709499\n|move|p1a: Gholdengo|Recover|p1a: Gholdengo\n|-heal|p1a: Gholdengo|79\/100\n|move|p2a: Breloom|Seed Bomb|p1a: Gholdengo\n|-resisted|p1a: Gholdengo\n|-damage|p1a: Gholdengo|65\/100\n|\n|-weather|Sandstorm|[upkeep]\n|-damage|p2a: Breloom|88\/100 tox|[from] Sandstorm\n|-heal|p1a: Gholdengo|71\/100|[from] item: Leftovers\n|-heal|p2a: Breloom|100\/100 tox|[from] ability: Poison Heal\n|upkeep\n|turn|29\n|\n|t:|1700709508\n|move|p1a: Gholdengo|Hex|p2a: Breloom\n|-damage|p2a: Breloom|17\/100 tox\n|move|p2a: Breloom|Toxic|p1a: Gholdengo\n|-immune|p1a: Gholdengo|[from] ability: Good as Gold\n|\n|-weather|none\n|-heal|p1a: Gholdengo|77\/100|[from] item: Leftovers\n|-heal|p2a: Breloom|29\/100 tox|[from] ability: Poison Heal\n|upkeep\n|turn|30\n|\n|t:|1700709523\n|move|p1a: Gholdengo|Nasty Plot|p1a: Gholdengo\n|-boost|p1a: Gholdengo|spa|2\n|move|p2a: Breloom|Spore|p1a: Gholdengo\n|-immune|p1a: Gholdengo|[from] ability: Good as Gold\n|\n|-heal|p1a: Gholdengo|83\/100|[from] item: Leftovers\n|-heal|p2a: Breloom|42\/100 tox|[from] ability: Poison Heal\n|upkeep\n|turn|31\n|\n|t:|1700709537\n|switch|p2a: Ninetales|Ninetales-Alola, M|75\/100\n|-weather|Snow|[from] ability: Snow Warning|[of] p2a: Ninetales\n|move|p1a: Gholdengo|Nasty Plot|p1a: Gholdengo\n|-boost|p1a: Gholdengo|spa|2\n|\n|-weather|Snow|[upkeep]\n|-heal|p1a: Gholdengo|89\/100|[from] item: Leftovers\n|upkeep\n|turn|32\n|\n|t:|1700709546\n|move|p2a: Ninetales|Encore|p1a: Gholdengo\n|-immune|p1a: Gholdengo|[from] ability: Good as Gold\n|move|p1a: Gholdengo|Hex|p2a: Ninetales\n|-damage|p2a: Ninetales|0 fnt\n|faint|p2a: Ninetales\n|\n|-weather|Snow|[upkeep]\n|-heal|p1a: Gholdengo|95\/100|[from] item: Leftovers\n|upkeep\n|\n|t:|1700709555\n|switch|p2a: Thundurus|Thundurus-Therian, M|41\/100\n|turn|33\n|\n|t:|1700709567\n|-terastallize|p2a: Thundurus|Electric\n|move|p2a: Thundurus|Thunderbolt|p1a: Gholdengo\n|-damage|p1a: Gholdengo|32\/100\n|move|p1a: Gholdengo|Hex|p2a: Thundurus\n|-damage|p2a: Thundurus|0 fnt\n|faint|p2a: Thundurus\n|\n|-weather|Snow|[upkeep]\n|-heal|p1a: Gholdengo|38\/100|[from] item: Leftovers\n|upkeep\n|\n|t:|1700709576\n|switch|p2a: Breloom|Breloom, M|42\/100 tox\n|turn|34\n|\n|t:|1700709579\n|move|p1a: Gholdengo|Recover|p1a: Gholdengo\n|-heal|p1a: Gholdengo|88\/100\n|move|p2a: Breloom|Seed Bomb|p1a: Gholdengo\n|-resisted|p1a: Gholdengo\n|-damage|p1a: Gholdengo|73\/100\n|\n|-weather|Snow|[upkeep]\n|-heal|p1a: Gholdengo|79\/100|[from] item: Leftovers\n|-heal|p2a: Breloom|54\/100 tox|[from] ability: Poison Heal\n|upkeep\n|turn|35\n|\n|t:|1700709595\n|move|p1a: Gholdengo|Hex|p2a: Breloom\n|-damage|p2a: Breloom|0 fnt\n|faint|p2a: Breloom\n|\n|win|Seath511\n|raw|Seath511's rating: 1091 &rarr; <strong>1111<\/strong><br \/>(+20 for winning)\n|raw|scarex1's rating: 1000 &rarr; <strong>1000<\/strong><br \/>(+0 for losing)\n","uploadtime":1700709601,"views":4,"p1id":"seath511","p2id":"scarex1","formatid":"gen9ou","rating":1000,"private":0,"password":""}