{"id":"gen9ou-1993873986","p1":"dragonbrrr","p2":"darklooter","format":"[Gen 9] OU","log":"|j|\u2606dragonbrrr\n|j|\u2606darklooter\n|t:|1700368377\n|gametype|singles\n|player|p1|dragonbrrr|clair-gen2|1137\n|player|p2|darklooter|backersf|1234\n|teamsize|p1|6\n|teamsize|p2|6\n|gen|9\n|tier|[Gen 9] OU\n|rated|\n|rule|Sleep Clause Mod: Limit one foe put to sleep\n|rule|Species Clause: Limit one of each Pok\u00e9mon\n|rule|OHKO Clause: OHKO moves are banned\n|rule|Evasion Items Clause: Evasion items are banned\n|rule|Evasion Moves Clause: Evasion moves are banned\n|rule|Endless Battle Clause: Forcing endless battles is banned\n|rule|HP Percentage Mod: HP is shown in percentages\n|clearpoke\n|poke|p1|Tornadus-Therian, M|\n|poke|p1|Dondozo, F|\n|poke|p1|Clodsire, M|\n|poke|p1|Blissey, F|\n|poke|p1|Toxapex, F|\n|poke|p1|Clefable, M|\n|poke|p2|Maushold|\n|poke|p2|Samurott-Hisui, M|\n|poke|p2|Kingambit, M|\n|poke|p2|Garganacl, F|\n|poke|p2|Amoonguss, M|\n|poke|p2|Weavile, F|\n|teampreview\n|inactive|Battle timer is ON: inactive players will automatically lose when time's up. (requested by darklooter)\n|\n|t:|1700368391\n|start\n|switch|p1a: biggish bird|Tornadus-Therian, M|100\/100\n|switch|p2a: Samurott|Samurott-Hisui, M, shiny|100\/100\n|turn|1\n|\n|t:|1700368414\n|move|p1a: biggish bird|U-turn|p2a: Samurott\n|-supereffective|p2a: Samurott\n|-damage|p2a: Samurott|64\/100\n|\n|t:|1700368418\n|switch|p1a: clefunable|Clefable, M|100\/100|[from] U-turn\n|move|p2a: Samurott|Aqua Cutter|p1a: clefunable\n|-damage|p1a: clefunable|49\/100\n|\n|-heal|p1a: clefunable|55\/100|[from] item: Leftovers\n|upkeep\n|turn|2\n|\n|t:|1700368423\n|move|p1a: clefunable|Protect|p1a: clefunable\n|-singleturn|p1a: clefunable|Protect\n|move|p2a: Samurott|Ceaseless Edge|p1a: clefunable\n|-activate|p1a: clefunable|move: Protect\n|\n|-heal|p1a: clefunable|61\/100|[from] item: Leftovers\n|upkeep\n|turn|3\n|\n|t:|1700368428\n|move|p2a: Samurott|Ceaseless Edge|p1a: clefunable\n|-resisted|p1a: clefunable\n|-damage|p1a: clefunable|43\/100\n|-sidestart|p1: dragonbrrr|Spikes\n|move|p1a: clefunable|Stealth Rock|p2a: Samurott\n|-sidestart|p2: darklooter|move: Stealth Rock\n|\n|-heal|p1a: clefunable|49\/100|[from] item: Leftovers\n|upkeep\n|turn|4\n|\n|t:|1700368438\n|move|p1a: clefunable|Protect|p1a: clefunable\n|-singleturn|p1a: clefunable|Protect\n|move|p2a: Samurott|Aqua Cutter|p1a: clefunable\n|-activate|p1a: clefunable|move: Protect\n|\n|-heal|p1a: clefunable|55\/100|[from] item: Leftovers\n|upkeep\n|turn|5\n|\n|t:|1700368448\n|switch|p1a: never again|Toxapex, F|100\/100\n|move|p2a: Samurott|Aqua Cutter|p1a: never again\n|-resisted|p1a: never again\n|-damage|p1a: never again|82\/100\n|\n|upkeep\n|turn|6\n|\n|t:|1700368453\n|move|p2a: Samurott|Ceaseless Edge|p1a: never again\n|-damage|p1a: never again|52\/100\n|-sidestart|p1: dragonbrrr|Spikes\n|move|p1a: never again|Toxic|p2a: Samurott\n|-status|p2a: Samurott|tox\n|\n|-damage|p2a: Samurott|58\/100 tox|[from] psn\n|upkeep\n|turn|7\n|\n|t:|1700368466\n|move|p2a: Samurott|Swords Dance|p2a: Samurott\n|-boost|p2a: Samurott|atk|2\n|move|p1a: never again|Recover|p1a: never again\n|-heal|p1a: never again|100\/100\n|\n|-damage|p2a: Samurott|46\/100 tox|[from] psn\n|upkeep\n|turn|8\n|\n|t:|1700368469\n|move|p2a: Samurott|Ceaseless Edge|p1a: never again|[miss]\n|-miss|p2a: Samurott|p1a: never again\n|move|p1a: never again|Haze|p1a: never again\n|-clearallboost\n|\n|-damage|p2a: Samurott|28\/100 tox|[from] psn\n|upkeep\n|turn|9\n|\n|t:|1700368472\n|move|p2a: Samurott|Ceaseless Edge|p1a: never again\n|-damage|p1a: never again|68\/100\n|-sidestart|p1: dragonbrrr|Spikes\n|move|p1a: never again|Surf|p2a: Samurott\n|-resisted|p2a: Samurott\n|-damage|p2a: Samurott|16\/100 tox\n|\n|-damage|p2a: Samurott|0 fnt|[from] psn\n|faint|p2a: Samurott\n|upkeep\n|\n|t:|1700368483\n|switch|p2a: Amoonguss|Amoonguss, M, shiny|100\/100\n|-damage|p2a: Amoonguss|88\/100|[from] Stealth Rock\n|turn|10\n|\n|t:|1700368498\n|switch|p1a: biggish bird|Tornadus-Therian, M|100\/100\n|move|p2a: Amoonguss|Spore|p1a: biggish bird\n|-status|p1a: biggish bird|slp|[from] move: Spore\n|\n|upkeep\n|turn|11\n|\n|t:|1700368503\n|cant|p1a: biggish bird|slp\n|move|p2a: Amoonguss|Sludge Bomb|p1a: biggish bird\n|-damage|p1a: biggish bird|73\/100 slp\n|\n|upkeep\n|turn|12\n|\n|t:|1700368508\n|switch|p2a: Maushold|Maushold|100\/100\n|-damage|p2a: Maushold|88\/100|[from] Stealth Rock\n|cant|p1a: biggish bird|slp\n|\n|upkeep\n|turn|13\n|\n|t:|1700368513\n|move|p2a: Maushold|Tidy Up|p2a: Maushold\n|-sideend|p2: darklooter|Stealth Rock\n|-sideend|p1: dragonbrrr|Spikes\n|-activate|p2a: Maushold|move: Tidy Up\n|-boost|p2a: Maushold|atk|1\n|-boost|p2a: Maushold|spe|1\n|cant|p1a: biggish bird|slp\n|\n|upkeep\n|turn|14\n|\n|t:|1700368525\n|move|p2a: Maushold|Population Bomb|p1a: biggish bird\n|-damage|p1a: biggish bird|56\/100 slp\n|-damage|p1a: biggish bird|40\/100 slp\n|-crit|p1a: biggish bird\n|-damage|p1a: biggish bird|17\/100 slp\n|-damage|p1a: biggish bird|0 fnt\n|faint|p1a: biggish bird\n|-hitcount|p1: biggish bird|4\n|\n|upkeep\n|\n|t:|1700368532\n|switch|p1a: bartholomwa|Blissey, F|100\/100\n|turn|15\n|\n|t:|1700368537\n|-terastallize|p1a: bartholomwa|Ghost\n|move|p2a: Maushold|Population Bomb|p1a: bartholomwa\n|-immune|p1a: bartholomwa\n|move|p1a: bartholomwa|Thunder Wave|p2a: Maushold\n|-status|p2a: Maushold|par\n|\n|upkeep\n|turn|16\n|\n|t:|1700368542\n|move|p2a: Maushold|Bite|p1a: bartholomwa\n|-supereffective|p1a: bartholomwa\n|-damage|p1a: bartholomwa|47\/100\n|move|p1a: bartholomwa|Seismic Toss|p2a: Maushold\n|-damage|p2a: Maushold|53\/100 par\n|\n|upkeep\n|turn|17\n|\n|t:|1700368556\n|switch|p1a: clefunable|Clefable, M|55\/100\n|move|p2a: Maushold|Bite|p1a: clefunable\n|-resisted|p1a: clefunable\n|-damage|p1a: clefunable|44\/100\n|\n|-heal|p1a: clefunable|50\/100|[from] item: Leftovers\n|upkeep\n|turn|18\n|\n|t:|1700368562\n|move|p1a: clefunable|Protect|p1a: clefunable\n|-singleturn|p1a: clefunable|Protect\n|move|p2a: Maushold|Tidy Up|p2a: Maushold\n|-boost|p2a: Maushold|atk|1\n|-boost|p2a: Maushold|spe|1\n|\n|-heal|p1a: clefunable|56\/100|[from] item: Leftovers\n|upkeep\n|turn|19\n|\n|t:|1700368567\n|switch|p1a: bartholomwa|Blissey, F, tera:Ghost|47\/100\n|move|p2a: Maushold|Population Bomb|p1a: bartholomwa\n|-immune|p1a: bartholomwa\n|\n|upkeep\n|turn|20\n|\n|t:|1700368575\n|switch|p1a: guh|Dondozo, F|100\/100\n|cant|p2a: Maushold|par\n|\n|upkeep\n|turn|21\n|\n|t:|1700368584\n|cant|p2a: Maushold|par\n|move|p1a: guh|Body Press|p2a: Maushold\n|-supereffective|p2a: Maushold\n|-damage|p2a: Maushold|0 fnt\n|faint|p2a: Maushold\n|\n|upkeep\n|\n|t:|1700368591\n|switch|p2a: Amoonguss|Amoonguss, M, shiny|100\/100\n|turn|22\n|\n|t:|1700368595\n|move|p2a: Amoonguss|Spore|p1a: guh\n|-status|p1a: guh|slp|[from] move: Spore\n|cant|p1a: guh|slp\n|\n|upkeep\n|turn|23\n|\n|t:|1700368608\n|cant|p1a: guh|slp\n|move|p1a: guh|Sleep Talk|p1a: guh\n|move|p1a: guh|Avalanche|p2a: Amoonguss|[from]move: Sleep Talk\n|-supereffective|p2a: Amoonguss\n|-damage|p2a: Amoonguss|79\/100\n|-enditem|p2a: Amoonguss|Red Card|[of] p1a: guh\n|drag|p1a: never again|Toxapex, F|100\/100\n|move|p2a: Amoonguss|Grass Knot|p1a: never again\n|-crit|p1a: never again\n|-damage|p1a: never again|85\/100\n|\n|upkeep\n|turn|24\n|\n|t:|1700368620\n|move|p1a: never again|Toxic|p2a: Amoonguss\n|-immune|p2a: Amoonguss\n|move|p2a: Amoonguss|Foul Play|p1a: never again\n|-damage|p1a: never again|79\/100\n|\n|upkeep\n|turn|25\n|\n|t:|1700368624\n|move|p1a: never again|Surf|p2a: Amoonguss\n|-resisted|p2a: Amoonguss\n|-damage|p2a: Amoonguss|70\/100\n|move|p2a: Amoonguss|Foul Play|p1a: never again\n|-damage|p1a: never again|73\/100\n|\n|upkeep\n|turn|26\n|inactive|darklooter has 120 seconds left.\n|inactive|darklooter has 90 seconds left.\n|\n|t:|1700368697\n|switch|p1a: anything good ever|Clodsire, M|100\/100\n|switch|p2a: Garganacl|Garganacl, F|100\/100\n|\n|upkeep\n|turn|27\n|\n|t:|1700368701\n|move|p2a: Garganacl|Salt Cure|p1a: anything good ever\n|-resisted|p1a: anything good ever\n|-damage|p1a: anything good ever|93\/100\n|-start|p1a: anything good ever|Salt Cure\n|move|p1a: anything good ever|Toxic|p2a: Garganacl\n|-immune|p2a: Garganacl|[from] ability: Purifying Salt\n|\n|-damage|p1a: anything good ever|80\/100|[from] Salt Cure\n|upkeep\n|turn|28\n|\n|t:|1700368706\n|move|p2a: Garganacl|Iron Defense|p2a: Garganacl\n|-boost|p2a: Garganacl|def|2\n|move|p1a: anything good ever|Spikes|p2a: Garganacl\n|-sidestart|p2: darklooter|Spikes\n|\n|-damage|p1a: anything good ever|68\/100|[from] Salt Cure\n|upkeep\n|turn|29\n|\n|t:|1700368712\n|move|p2a: Garganacl|Iron Defense|p2a: Garganacl\n|-boost|p2a: Garganacl|def|2\n|move|p1a: anything good ever|Spikes|p2a: Garganacl\n|-sidestart|p2: darklooter|Spikes\n|\n|-damage|p1a: anything good ever|55\/100|[from] Salt Cure\n|upkeep\n|turn|30\n|\n|t:|1700368720\n|move|p2a: Garganacl|Body Press|p1a: anything good ever\n|-resisted|p1a: anything good ever\n|-damage|p1a: anything good ever|44\/100\n|move|p1a: anything good ever|Spikes|p2a: Garganacl\n|-sidestart|p2: darklooter|Spikes\n|\n|-damage|p1a: anything good ever|31\/100|[from] Salt Cure\n|upkeep\n|turn|31\n|\n|t:|1700368726\n|move|p2a: Garganacl|Iron Defense|p2a: Garganacl\n|-boost|p2a: Garganacl|def|2\n|move|p1a: anything good ever|Recover|p1a: anything good ever\n|-heal|p1a: anything good ever|81\/100\n|\n|-damage|p1a: anything good ever|69\/100|[from] Salt Cure\n|upkeep\n|turn|32\n|inactive|darklooter has 120 seconds left.\n|\n|t:|1700368732\n|move|p2a: Garganacl|Salt Cure|p1a: anything good ever\n|-resisted|p1a: anything good ever\n|-crit|p1a: anything good ever\n|-damage|p1a: anything good ever|57\/100\n|move|p1a: anything good ever|Earthquake|p2a: Garganacl\n|-supereffective|p2a: Garganacl\n|-damage|p2a: Garganacl|66\/100\n|\n|-heal|p2a: Garganacl|73\/100|[from] item: Leftovers\n|-damage|p1a: anything good ever|44\/100|[from] Salt Cure\n|upkeep\n|turn|33\n|\n|t:|1700368739\n|move|p2a: Garganacl|Salt Cure|p1a: anything good ever\n|-resisted|p1a: anything good ever\n|-crit|p1a: anything good ever\n|-damage|p1a: anything good ever|33\/100\n|move|p1a: anything good ever|Earthquake|p2a: Garganacl\n|-supereffective|p2a: Garganacl\n|-damage|p2a: Garganacl|32\/100\n|\n|-heal|p2a: Garganacl|39\/100|[from] item: Leftovers\n|-damage|p1a: anything good ever|20\/100|[from] Salt Cure\n|upkeep\n|turn|34\n|\n|t:|1700368742\n|move|p2a: Garganacl|Recover|p2a: Garganacl\n|-heal|p2a: Garganacl|89\/100\n|move|p1a: anything good ever|Recover|p1a: anything good ever\n|-heal|p1a: anything good ever|70\/100\n|\n|-heal|p2a: Garganacl|95\/100|[from] item: Leftovers\n|-damage|p1a: anything good ever|58\/100|[from] Salt Cure\n|upkeep\n|turn|35\n|\n|t:|1700368754\n|-terastallize|p2a: Garganacl|Fairy\n|move|p2a: Garganacl|Salt Cure|p1a: anything good ever\n|-resisted|p1a: anything good ever\n|-damage|p1a: anything good ever|50\/100\n|move|p1a: anything good ever|Recover|p1a: anything good ever\n|-heal|p1a: anything good ever|99\/100\n|\n|-heal|p2a: Garganacl|100\/100|[from] item: Leftovers\n|-damage|p1a: anything good ever|87\/100|[from] Salt Cure\n|upkeep\n|turn|36\n|\n|t:|1700368766\n|switch|p1a: clefunable|Clefable, M|56\/100\n|move|p2a: Garganacl|Iron Defense|p2a: Garganacl\n|-boost|p2a: Garganacl|def|0\n|\n|-heal|p1a: clefunable|62\/100|[from] item: Leftovers\n|upkeep\n|turn|37\n|\n|t:|1700368769\n|move|p1a: clefunable|Wish|p1a: clefunable\n|move|p2a: Garganacl|Salt Cure|p1a: clefunable\n|-damage|p1a: clefunable|52\/100\n|-start|p1a: clefunable|Salt Cure\n|\n|-heal|p1a: clefunable|58\/100|[from] item: Leftovers\n|upkeep\n|turn|38\n|\n|t:|1700368772\n|move|p1a: clefunable|Stealth Rock|p2a: Garganacl\n|-sidestart|p2: darklooter|move: Stealth Rock\n|move|p2a: Garganacl|Salt Cure|p1a: clefunable\n|-damage|p1a: clefunable|48\/100\n|\n|-heal|p1a: clefunable|98\/100|[from] move: Wish|[wisher] clefunable\n|-heal|p1a: clefunable|100\/100|[from] item: Leftovers\n|upkeep\n|turn|39\n|\n|t:|1700368777\n|move|p1a: clefunable|Moonblast|p2a: Garganacl\n|-damage|p2a: Garganacl|80\/100\n|move|p2a: Garganacl|Body Press|p1a: clefunable\n|-resisted|p1a: clefunable\n|-damage|p1a: clefunable|67\/100\n|\n|-heal|p1a: clefunable|73\/100|[from] item: Leftovers\n|-heal|p2a: Garganacl|86\/100|[from] item: Leftovers\n|upkeep\n|turn|40\n|\n|t:|1700368784\n|move|p1a: clefunable|Moonblast|p2a: Garganacl\n|-damage|p2a: Garganacl|65\/100\n|-unboost|p2a: Garganacl|spa|1\n|move|p2a: Garganacl|Body Press|p1a: clefunable\n|-resisted|p1a: clefunable\n|-damage|p1a: clefunable|41\/100\n|\n|-heal|p1a: clefunable|47\/100|[from] item: Leftovers\n|-heal|p2a: Garganacl|72\/100|[from] item: Leftovers\n|upkeep\n|turn|41\n|\n|t:|1700368792\n|move|p1a: clefunable|Moonblast|p2a: Garganacl\n|-damage|p2a: Garganacl|50\/100\n|move|p2a: Garganacl|Body Press|p1a: clefunable\n|-resisted|p1a: clefunable\n|-damage|p1a: clefunable|14\/100\n|\n|-heal|p1a: clefunable|21\/100|[from] item: Leftovers\n|-heal|p2a: Garganacl|56\/100|[from] item: Leftovers\n|upkeep\n|turn|42\n|\n|t:|1700368798\n|move|p1a: clefunable|Protect|p1a: clefunable\n|-singleturn|p1a: clefunable|Protect\n|move|p2a: Garganacl|Body Press|p1a: clefunable\n|-activate|p1a: clefunable|move: Protect\n|\n|-heal|p1a: clefunable|27\/100|[from] item: Leftovers\n|-heal|p2a: Garganacl|62\/100|[from] item: Leftovers\n|upkeep\n|turn|43\n|\n|t:|1700368815\n|switch|p1a: anything good ever|Clodsire, M|87\/100\n|move|p2a: Garganacl|Body Press|p1a: anything good ever\n|-resisted|p1a: anything good ever\n|-damage|p1a: anything good ever|74\/100\n|\n|-heal|p2a: Garganacl|69\/100|[from] item: Leftovers\n|upkeep\n|turn|44\n|\n|t:|1700368820\n|move|p2a: Garganacl|Salt Cure|p1a: anything good ever\n|-resisted|p1a: anything good ever\n|-damage|p1a: anything good ever|66\/100\n|-start|p1a: anything good ever|Salt Cure\n|move|p1a: anything good ever|Earthquake|p2a: Garganacl\n|-damage|p2a: Garganacl|49\/100\n|\n|-heal|p2a: Garganacl|55\/100|[from] item: Leftovers\n|-damage|p1a: anything good ever|54\/100|[from] Salt Cure\n|upkeep\n|turn|45\n|\n|t:|1700368824\n|move|p2a: Garganacl|Recover|p2a: Garganacl\n|-heal|p2a: Garganacl|100\/100\n|move|p1a: anything good ever|Earthquake|p2a: Garganacl\n|-damage|p2a: Garganacl|83\/100\n|\n|-heal|p2a: Garganacl|89\/100|[from] item: Leftovers\n|-damage|p1a: anything good ever|41\/100|[from] Salt Cure\n|upkeep\n|turn|46\n|\n|t:|1700368828\n|move|p2a: Garganacl|Iron Defense|p2a: Garganacl\n|-boost|p2a: Garganacl|def|0\n|move|p1a: anything good ever|Recover|p1a: anything good ever\n|-heal|p1a: anything good ever|91\/100\n|\n|-heal|p2a: Garganacl|95\/100|[from] item: Leftovers\n|-damage|p1a: anything good ever|79\/100|[from] Salt Cure\n|upkeep\n|turn|47\n|\n|t:|1700368831\n|move|p2a: Garganacl|Iron Defense|p2a: Garganacl\n|-boost|p2a: Garganacl|def|0\n|move|p1a: anything good ever|Earthquake|p2a: Garganacl\n|-damage|p2a: Garganacl|76\/100\n|\n|-heal|p2a: Garganacl|82\/100|[from] item: Leftovers\n|-damage|p1a: anything good ever|66\/100|[from] Salt Cure\n|upkeep\n|turn|48\n|\n|t:|1700368836\n|move|p2a: Garganacl|Iron Defense|p2a: Garganacl\n|-boost|p2a: Garganacl|def|0\n|move|p1a: anything good ever|Earthquake|p2a: Garganacl\n|-damage|p2a: Garganacl|62\/100\n|\n|-heal|p2a: Garganacl|69\/100|[from] item: Leftovers\n|-damage|p1a: anything good ever|54\/100|[from] Salt Cure\n|upkeep\n|turn|49\n|\n|t:|1700368850\n|move|p2a: Garganacl|Iron Defense|p2a: Garganacl\n|-boost|p2a: Garganacl|def|0\n|move|p1a: anything good ever|Earthquake|p2a: Garganacl\n|-damage|p2a: Garganacl|49\/100\n|\n|-heal|p2a: Garganacl|55\/100|[from] item: Leftovers\n|-damage|p1a: anything good ever|41\/100|[from] Salt Cure\n|upkeep\n|turn|50\n|\n|t:|1700368855\n|switch|p1a: clefunable|Clefable, M|27\/100\n|move|p2a: Garganacl|Recover|p2a: Garganacl\n|-heal|p2a: Garganacl|100\/100\n|\n|-heal|p1a: clefunable|33\/100|[from] item: Leftovers\n|upkeep\n|turn|51\n|\n|t:|1700368859\n|move|p1a: clefunable|Protect|p1a: clefunable\n|-singleturn|p1a: clefunable|Protect\n|move|p2a: Garganacl|Body Press|p1a: clefunable\n|-activate|p1a: clefunable|move: Protect\n|\n|-heal|p1a: clefunable|39\/100|[from] item: Leftovers\n|upkeep\n|turn|52\n|\n|t:|1700368866\n|move|p1a: clefunable|Wish|p1a: clefunable\n|move|p2a: Garganacl|Body Press|p1a: clefunable\n|-resisted|p1a: clefunable\n|-damage|p1a: clefunable|2\/100\n|\n|-heal|p1a: clefunable|8\/100|[from] item: Leftovers\n|upkeep\n|turn|53\n|\n|t:|1700368878\n|move|p1a: clefunable|Protect|p1a: clefunable\n|-singleturn|p1a: clefunable|Protect\n|move|p2a: Garganacl|Body Press|p1a: clefunable\n|-activate|p1a: clefunable|move: Protect\n|\n|-heal|p1a: clefunable|58\/100|[from] move: Wish|[wisher] clefunable\n|-heal|p1a: clefunable|64\/100|[from] item: Leftovers\n|upkeep\n|turn|54\n|\n|t:|1700368885\n|move|p1a: clefunable|Wish|p1a: clefunable\n|move|p2a: Garganacl|Body Press|p1a: clefunable\n|-resisted|p1a: clefunable\n|-damage|p1a: clefunable|31\/100\n|\n|-heal|p1a: clefunable|37\/100|[from] item: Leftovers\n|upkeep\n|turn|55\n|\n|t:|1700368891\n|move|p1a: clefunable|Protect|p1a: clefunable\n|-singleturn|p1a: clefunable|Protect\n|move|p2a: Garganacl|Iron Defense|p2a: Garganacl\n|-boost|p2a: Garganacl|def|0\n|\n|-heal|p1a: clefunable|87\/100|[from] move: Wish|[wisher] clefunable\n|-heal|p1a: clefunable|93\/100|[from] item: Leftovers\n|upkeep\n|turn|56\n|\n|t:|1700368908\n|switch|p1a: never again|Toxapex, F|100\/100\n|move|p2a: Garganacl|Iron Defense|p2a: Garganacl\n|-boost|p2a: Garganacl|def|0\n|\n|upkeep\n|turn|57\n|\n|t:|1700368912\n|switch|p1a: clefunable|Clefable, M|93\/100\n|move|p2a: Garganacl|Salt Cure|p1a: clefunable\n|-damage|p1a: clefunable|83\/100\n|-start|p1a: clefunable|Salt Cure\n|\n|-heal|p1a: clefunable|89\/100|[from] item: Leftovers\n|upkeep\n|turn|58\n|\n|t:|1700368915\n|switch|p1a: never again|Toxapex, F|100\/100\n|move|p2a: Garganacl|Iron Defense|p2a: Garganacl\n|-boost|p2a: Garganacl|def|0\n|\n|upkeep\n|turn|59\n|\n|t:|1700368918\n|switch|p1a: clefunable|Clefable, M|89\/100\n|move|p2a: Garganacl|Iron Defense|p2a: Garganacl\n|-boost|p2a: Garganacl|def|0\n|\n|-heal|p1a: clefunable|95\/100|[from] item: Leftovers\n|upkeep\n|turn|60\n|\n|t:|1700368921\n|switch|p1a: never again|Toxapex, F|100\/100\n|move|p2a: Garganacl|Iron Defense|p2a: Garganacl\n|-boost|p2a: Garganacl|def|0\n|\n|upkeep\n|turn|61\n|\n|t:|1700368925\n|switch|p1a: clefunable|Clefable, M|95\/100\n|move|p2a: Garganacl|Iron Defense|p2a: Garganacl\n|-boost|p2a: Garganacl|def|0\n|\n|-heal|p1a: clefunable|100\/100|[from] item: Leftovers\n|upkeep\n|turn|62\n|\n|t:|1700368929\n|switch|p1a: never again|Toxapex, F|100\/100\n|move|p2a: Garganacl|Salt Cure|p1a: never again\n|-damage|p1a: never again|92\/100\n|-start|p1a: never again|Salt Cure\n|\n|-damage|p1a: never again|67\/100|[from] Salt Cure\n|upkeep\n|turn|63\n|\n|t:|1700368933\n|switch|p2a: Weavile|Weavile, F|100\/100\n|-ability|p2a: Weavile|Pressure\n|switch|p1a: clefunable|Clefable, M|100\/100\n|\n|upkeep\n|turn|64\n|\n|t:|1700368940\n|switch|p2a: Amoonguss|Amoonguss, M, shiny|100\/100\n|-damage|p2a: Amoonguss|75\/100|[from] Spikes\n|-damage|p2a: Amoonguss|63\/100|[from] Stealth Rock\n|move|p1a: clefunable|Moonblast|p2a: Amoonguss\n|-resisted|p2a: Amoonguss\n|-damage|p2a: Amoonguss|47\/100\n|-unboost|p2a: Amoonguss|spa|1\n|\n|upkeep\n|turn|65\n|\n|t:|1700368946\n|move|p1a: clefunable|Moonblast|p2a: Amoonguss\n|-resisted|p2a: Amoonguss\n|-damage|p2a: Amoonguss|31\/100\n|-unboost|p2a: Amoonguss|spa|1\n|move|p2a: Amoonguss|Spore|p1a: clefunable\n|-message|Sleep Clause Mod activated.\n|-hint|Sleep Clause Mod prevents players from putting more than one of their opponent's Pok\u00e9mon to sleep at a time\n|\n|upkeep\n|turn|66\n|\n|t:|1700368953\n|move|p1a: clefunable|Moonblast|p2a: Amoonguss\n|-resisted|p2a: Amoonguss\n|-damage|p2a: Amoonguss|16\/100\n|-unboost|p2a: Amoonguss|spa|1\n|move|p2a: Amoonguss|Sludge Bomb|p1a: clefunable\n|-supereffective|p1a: clefunable\n|-damage|p1a: clefunable|79\/100\n|\n|-heal|p1a: clefunable|85\/100|[from] item: Leftovers\n|upkeep\n|turn|67\n|\n|t:|1700368961\n|switch|p2a: Garganacl|Garganacl, F, tera:Fairy|100\/100\n|-damage|p2a: Garganacl|75\/100|[from] Spikes\n|-damage|p2a: Garganacl|63\/100|[from] Stealth Rock\n|move|p1a: clefunable|Moonblast|p2a: Garganacl\n|-damage|p2a: Garganacl|44\/100\n|\n|-heal|p1a: clefunable|91\/100|[from] item: Leftovers\n|-heal|p2a: Garganacl|50\/100|[from] item: Leftovers\n|upkeep\n|turn|68\n|-message|darklooter forfeited.\n|\n|win|dragonbrrr\n|raw|dragonbrrr's rating: 1155 &rarr; <strong>1186<\/strong><br \/>(+31 for winning)\n|raw|darklooter's rating: 1234 &rarr; <strong>1203<\/strong><br \/>(-31 for losing)\n|l|\u2606darklooter\n","uploadtime":1700368974,"views":26,"p1id":"dragonbrrr","p2id":"darklooter","formatid":"gen9ou","rating":1186,"private":0,"password":""}