{"id":"gen9ou-1990100305","p1":"Thefatguinea","p2":"fabianis1337","format":"[Gen 9] OU","log":"|j|\u2606Thefatguinea\n|j|\u2606fabianis1337\n|t:|1699924546\n|gametype|singles\n|player|p1|Thefatguinea|linebacker|1339\n|player|p2|fabianis1337|pokemaniac|1325\n|teamsize|p1|6\n|teamsize|p2|6\n|gen|9\n|tier|[Gen 9] OU\n|rated|\n|rule|Sleep Clause Mod: Limit one foe put to sleep\n|rule|Species Clause: Limit one of each Pok\u00e9mon\n|rule|OHKO Clause: OHKO moves are banned\n|rule|Evasion Items Clause: Evasion items are banned\n|rule|Evasion Moves Clause: Evasion moves are banned\n|rule|Endless Battle Clause: Forcing endless battles is banned\n|rule|HP Percentage Mod: HP is shown in percentages\n|clearpoke\n|poke|p1|Zapdos-Galar|\n|poke|p1|Ceruledge, F|\n|poke|p1|Manaphy|\n|poke|p1|Lokix, F|\n|poke|p1|Weezing-Galar, F|\n|poke|p1|Clodsire, F|\n|poke|p2|Maushold-Four|\n|poke|p2|Greninja-*, M|\n|poke|p2|Pincurchin, F|\n|poke|p2|Iron Valiant|\n|poke|p2|Iron Treads|\n|poke|p2|Sneasler, F|\n|teampreview\n|\n|t:|1699924560\n|start\n|switch|p1a: Zapdos|Zapdos-Galar|100\/100\n|switch|p2a: Pincurchin|Pincurchin, F|100\/100\n|-fieldstart|move: Electric Terrain|[from] ability: Electric Surge|[of] p2a: Pincurchin\n|turn|1\n|\n|t:|1699924565\n|-terastallize|p1a: Zapdos|Electric\n|move|p1a: Zapdos|Bulk Up|p1a: Zapdos\n|-boost|p1a: Zapdos|atk|1\n|-boost|p1a: Zapdos|def|1\n|move|p2a: Pincurchin|Thunder Wave|p1a: Zapdos\n|-immune|p1a: Zapdos\n|\n|upkeep\n|turn|2\n|\n|t:|1699924570\n|move|p1a: Zapdos|Bulk Up|p1a: Zapdos\n|-boost|p1a: Zapdos|atk|1\n|-boost|p1a: Zapdos|def|1\n|move|p2a: Pincurchin|Memento|p1a: Zapdos\n|-unboost|p1a: Zapdos|atk|2\n|-ability|p1a: Zapdos|Defiant|boost\n|-boost|p1a: Zapdos|atk|2\n|-unboost|p1a: Zapdos|spa|2\n|-ability|p1a: Zapdos|Defiant|boost\n|-boost|p1a: Zapdos|atk|2\n|faint|p2a: Pincurchin\n|\n|upkeep\n|\n|t:|1699924577\n|switch|p2a: Iron Treads|Iron Treads|100\/100\n|-activate|p2a: Iron Treads|ability: Quark Drive\n|-start|p2a: Iron Treads|quarkdrivespe\n|turn|3\n|\n|t:|1699924587\n|move|p2a: Iron Treads|Earthquake|p1a: Zapdos\n|-supereffective|p1a: Zapdos\n|-damage|p1a: Zapdos|48\/100\n|move|p1a: Zapdos|Thunderous Kick|p2a: Iron Treads\n|-supereffective|p2a: Iron Treads\n|-damage|p2a: Iron Treads|0 fnt\n|faint|p2a: Iron Treads\n|-end|p2a: Iron Treads|Quark Drive|[silent]\n|\n|-heal|p1a: Zapdos|54\/100|[from] item: Leftovers\n|upkeep\n|\n|t:|1699924594\n|switch|p2a: Maushold|Maushold-Four|100\/100\n|turn|4\n|\n|t:|1699924598\n|move|p1a: Zapdos|Protect|p1a: Zapdos\n|-singleturn|p1a: Zapdos|Protect\n|move|p2a: Maushold|Population Bomb|p1a: Zapdos\n|-activate|p1a: Zapdos|move: Protect\n|\n|-heal|p1a: Zapdos|61\/100|[from] item: Leftovers\n|upkeep\n|turn|5\n|\n|t:|1699924609\n|switch|p1a: Weezing|Weezing-Galar, F|100\/100\n|move|p2a: Maushold|Encore||[still]\n|-fail|p2a: Maushold\n|\n|-fieldend|move: Electric Terrain\n|upkeep\n|turn|6\n|\n|t:|1699924617\n|move|p2a: Maushold|Tidy Up|p2a: Maushold\n|-boost|p2a: Maushold|atk|1\n|-boost|p2a: Maushold|spe|1\n|move|p1a: Weezing|Will-O-Wisp|p2a: Maushold\n|-status|p2a: Maushold|brn\n|\n|-damage|p2a: Maushold|94\/100 brn|[from] brn\n|upkeep\n|turn|7\n|\n|t:|1699924626\n|switch|p1a: Ceruledge|Ceruledge, F|100\/100\n|move|p2a: Maushold|Encore||[still]\n|-fail|p2a: Maushold\n|\n|-damage|p2a: Maushold|88\/100 brn|[from] brn\n|upkeep\n|turn|8\n|\n|t:|1699924629\n|switch|p1a: Weezing|Weezing-Galar, F|100\/100\n|move|p2a: Maushold|Bite|p1a: Weezing\n|-resisted|p1a: Weezing\n|-damage|p1a: Weezing|94\/100\n|-damage|p2a: Maushold|71\/100 brn|[from] item: Rocky Helmet|[of] p1a: Weezing\n|\n|-damage|p2a: Maushold|65\/100 brn|[from] brn\n|upkeep\n|turn|9\n|-message|fabianis1337 forfeited.\n|\n|win|Thefatguinea\n|raw|Thefatguinea's rating: 1339 &rarr; <strong>1358<\/strong><br \/>(+19 for winning)\n|raw|fabianis1337's rating: 1325 &rarr; <strong>1306<\/strong><br \/>(-19 for losing)\n|l|\u2606fabianis1337\n","uploadtime":1699924641,"views":11,"p1id":"thefatguinea","p2id":"fabianis1337","formatid":"gen9ou","rating":1306,"private":0,"password":""}