{"id":"gen9ou-1991732762","p1":"liaoya","p2":"TheNewGuyM8","format":"[Gen 9] OU","log":"|j|\u2606liaoya\n|j|\u2606TheNewGuyM8\n|t:|1700108359\n|gametype|singles\n|player|p1|liaoya|petrel|1469\n|player|p2|TheNewGuyM8|benga|1495\n|teamsize|p1|6\n|teamsize|p2|6\n|gen|9\n|tier|[Gen 9] OU\n|rated|\n|rule|Sleep Clause Mod: Limit one foe put to sleep\n|rule|Species Clause: Limit one of each Pok\u00e9mon\n|rule|OHKO Clause: OHKO moves are banned\n|rule|Evasion Items Clause: Evasion items are banned\n|rule|Evasion Moves Clause: Evasion moves are banned\n|rule|Endless Battle Clause: Forcing endless battles is banned\n|rule|HP Percentage Mod: HP is shown in percentages\n|clearpoke\n|poke|p1|Drifblim, F|\n|poke|p1|Garganacl, M|\n|poke|p1|Umbreon, M|\n|poke|p1|Rotom-Wash|\n|poke|p1|Glimmora, F|\n|poke|p1|Espeon, F|\n|poke|p2|Rillaboom, M|\n|poke|p2|Sneasler, F|\n|poke|p2|Zamazenta-*|\n|poke|p2|Heatran, M|\n|poke|p2|Hatterene, F|\n|poke|p2|Clefable, F|\n|teampreview\n|inactive|Battle timer is ON: inactive players will automatically lose when time's up. (requested by TheNewGuyM8)\n|\n|t:|1700108364\n|start\n|switch|p1a: Rotom|Rotom-Wash|100\/100\n|switch|p2a: Rillaboom|Rillaboom, M|100\/100\n|-fieldstart|move: Grassy Terrain|[from] ability: Grassy Surge|[of] p2a: Rillaboom\n|turn|1\n|\n|t:|1700108371\n|move|p1a: Rotom|Will-O-Wisp|p2a: Rillaboom\n|-status|p2a: Rillaboom|brn\n|move|p2a: Rillaboom|Wood Hammer|p1a: Rotom\n|-supereffective|p1a: Rotom\n|-damage|p1a: Rotom|0 fnt\n|faint|p1a: Rotom\n|-damage|p2a: Rillaboom|74\/100 brn|[from] Recoil\n|\n|-heal|p2a: Rillaboom|80\/100 brn|[from] Grassy Terrain\n|-damage|p2a: Rillaboom|74\/100 brn|[from] brn\n|upkeep\n|\n|t:|1700108401\n|switch|p1a: Umbreon|Umbreon, M, shiny|100\/100\n|turn|2\n|inactive|TheNewGuyM8 has 120 seconds left.\n|\n|t:|1700108451\n|switch|p2a: Clefable|Clefable, F|100\/100\n|-enditem|p2a: Clefable|Grassy Seed\n|-boost|p2a: Clefable|def|1|[from] item: Grassy Seed\n|move|p1a: Umbreon|Foul Play|p2a: Clefable\n|-resisted|p2a: Clefable\n|-damage|p2a: Clefable|94\/100\n|\n|-heal|p2a: Clefable|100\/100|[from] Grassy Terrain\n|upkeep\n|turn|3\n|\n|t:|1700108459\n|switch|p1a: Espeon|Espeon, F|100\/100\n|move|p2a: Clefable|Calm Mind|p2a: Clefable\n|-boost|p2a: Clefable|spa|1\n|-boost|p2a: Clefable|spd|1\n|\n|upkeep\n|turn|4\n|inactive|TheNewGuyM8 has 120 seconds left.\n|\n|t:|1700108468\n|-terastallize|p2a: Clefable|Fairy\n|move|p1a: Espeon|Trick|p2a: Clefable\n|-activate|p1a: Espeon|move: Trick|[of] p2a: Clefable\n|-item|p2a: Clefable|Choice Scarf|[from] move: Trick\n|-enditem|p1a: Espeon|Choice Scarf|[silent]|[from] move: Trick\n|move|p2a: Clefable|Moonblast|p1a: Espeon\n|-damage|p1a: Espeon|30\/100\n|\n|-heal|p1a: Espeon|36\/100|[from] Grassy Terrain\n|upkeep\n|turn|5\n|\n|t:|1700108478\n|move|p1a: Espeon|Detect|p1a: Espeon\n|-singleturn|p1a: Espeon|Protect\n|move|p2a: Clefable|Moonblast|p1a: Espeon\n|-activate|p1a: Espeon|move: Protect\n|\n|-heal|p1a: Espeon|42\/100|[from] Grassy Terrain\n|-fieldend|move: Grassy Terrain\n|upkeep\n|turn|6\n|\n|t:|1700108481\n|move|p1a: Espeon|Psyshock|p2a: Clefable\n|-damage|p2a: Clefable|78\/100\n|move|p2a: Clefable|Moonblast|p1a: Espeon\n|-damage|p1a: Espeon|0 fnt\n|faint|p1a: Espeon\n|\n|upkeep\n|\n|t:|1700108498\n|switch|p1a: Glimmora|Glimmora, F|100\/100\n|turn|7\n|\n|t:|1700108501\n|move|p2a: Clefable|Moonblast|p1a: Glimmora\n|-resisted|p1a: Glimmora\n|-damage|p1a: Glimmora|59\/100\n|move|p1a: Glimmora|Mortal Spin|p2a: Clefable\n|-supereffective|p2a: Clefable\n|-damage|p2a: Clefable|70\/100\n|-status|p2a: Clefable|psn\n|\n|-damage|p2a: Clefable|58\/100 psn|[from] psn\n|upkeep\n|turn|8\n|\n|t:|1700108505\n|move|p2a: Clefable|Moonblast|p1a: Glimmora\n|-resisted|p1a: Glimmora\n|-damage|p1a: Glimmora|16\/100\n|move|p1a: Glimmora|Light Screen|p1a: Glimmora\n|-sidestart|p1: liaoya|move: Light Screen\n|\n|-damage|p2a: Clefable|45\/100 psn|[from] psn\n|upkeep\n|turn|9\n|\n|t:|1700108519\n|switch|p1a: Garganacl|Garganacl, M, shiny|100\/100\n|move|p2a: Clefable|Moonblast|p1a: Garganacl\n|-damage|p1a: Garganacl|76\/100\n|\n|-heal|p1a: Garganacl|82\/100|[from] item: Leftovers\n|-damage|p2a: Clefable|33\/100 psn|[from] psn\n|upkeep\n|turn|10\n|\n|t:|1700108528\n|move|p2a: Clefable|Moonblast|p1a: Garganacl\n|-damage|p1a: Garganacl|58\/100\n|-unboost|p1a: Garganacl|spa|1\n|move|p1a: Garganacl|Salt Cure|p2a: Clefable\n|-damage|p2a: Clefable|24\/100 psn\n|-start|p2a: Clefable|Salt Cure\n|\n|-heal|p1a: Garganacl|64\/100|[from] item: Leftovers\n|-damage|p2a: Clefable|12\/100 psn|[from] psn\n|-damage|p2a: Clefable|0 fnt|[from] Salt Cure\n|faint|p2a: Clefable\n|upkeep\n|\n|t:|1700108531\n|switch|p2a: Rillaboom|Rillaboom, M|74\/100 brn\n|-fieldstart|move: Grassy Terrain|[from] ability: Grassy Surge|[of] p2a: Rillaboom\n|turn|11\n|\n|t:|1700108542\n|-terastallize|p1a: Garganacl|Ghost\n|move|p2a: Rillaboom|Wood Hammer|p1a: Garganacl\n|-damage|p1a: Garganacl|23\/100\n|-damage|p2a: Rillaboom|59\/100 brn|[from] Recoil\n|move|p1a: Garganacl|Recover|p1a: Garganacl\n|-heal|p1a: Garganacl|73\/100\n|\n|-heal|p2a: Rillaboom|65\/100 brn|[from] Grassy Terrain\n|-heal|p1a: Garganacl|79\/100|[from] Grassy Terrain\n|-heal|p1a: Garganacl|85\/100|[from] item: Leftovers\n|-damage|p2a: Rillaboom|59\/100 brn|[from] brn\n|upkeep\n|turn|12\n|\n|t:|1700108548\n|switch|p2a: Sneasler|Sneasler, F|100\/100\n|-enditem|p2a: Sneasler|Grassy Seed\n|-boost|p2a: Sneasler|def|1|[from] item: Grassy Seed\n|move|p1a: Garganacl|Iron Defense|p1a: Garganacl\n|-boost|p1a: Garganacl|def|2\n|\n|-heal|p1a: Garganacl|92\/100|[from] Grassy Terrain\n|-heal|p1a: Garganacl|98\/100|[from] item: Leftovers\n|-sideend|p1: liaoya|move: Light Screen\n|upkeep\n|turn|13\n|\n|t:|1700108553\n|move|p2a: Sneasler|Swords Dance|p2a: Sneasler\n|-boost|p2a: Sneasler|atk|2\n|move|p1a: Garganacl|Salt Cure|p2a: Sneasler\n|-resisted|p2a: Sneasler\n|-damage|p2a: Sneasler|94\/100\n|-start|p2a: Sneasler|Salt Cure\n|\n|-heal|p2a: Sneasler|99\/100|[from] Grassy Terrain\n|-heal|p1a: Garganacl|100\/100|[from] Grassy Terrain\n|-damage|p2a: Sneasler|88\/100|[from] Salt Cure\n|upkeep\n|turn|14\n|\n|t:|1700108558\n|move|p2a: Sneasler|Dire Claw|p1a: Garganacl\n|-resisted|p1a: Garganacl\n|-damage|p1a: Garganacl|86\/100\n|move|p1a: Garganacl|Iron Defense|p1a: Garganacl\n|-boost|p1a: Garganacl|def|2\n|\n|-heal|p2a: Sneasler|94\/100|[from] Grassy Terrain\n|-heal|p1a: Garganacl|92\/100|[from] Grassy Terrain\n|-heal|p1a: Garganacl|98\/100|[from] item: Leftovers\n|-damage|p2a: Sneasler|81\/100|[from] Salt Cure\n|upkeep\n|turn|15\n|\n|t:|1700108564\n|move|p2a: Sneasler|Swords Dance|p2a: Sneasler\n|-boost|p2a: Sneasler|atk|2\n|move|p1a: Garganacl|Body Press|p2a: Sneasler\n|-resisted|p2a: Sneasler\n|-damage|p2a: Sneasler|47\/100\n|\n|-heal|p2a: Sneasler|53\/100|[from] Grassy Terrain\n|-heal|p1a: Garganacl|100\/100|[from] Grassy Terrain\n|-damage|p2a: Sneasler|41\/100|[from] Salt Cure\n|-fieldend|move: Grassy Terrain\n|upkeep\n|turn|16\n|\n|t:|1700108575\n|move|p2a: Sneasler|Lash Out|p1a: Garganacl\n|-supereffective|p1a: Garganacl\n|-damage|p1a: Garganacl|59\/100\n|move|p1a: Garganacl|Iron Defense|p1a: Garganacl\n|-boost|p1a: Garganacl|def|2\n|\n|-heal|p1a: Garganacl|66\/100|[from] item: Leftovers\n|-damage|p2a: Sneasler|28\/100|[from] Salt Cure\n|upkeep\n|turn|17\n|\n|t:|1700108579\n|move|p2a: Sneasler|Lash Out|p1a: Garganacl\n|-supereffective|p1a: Garganacl\n|-damage|p1a: Garganacl|39\/100\n|move|p1a: Garganacl|Recover|p1a: Garganacl\n|-heal|p1a: Garganacl|89\/100\n|\n|-heal|p1a: Garganacl|95\/100|[from] item: Leftovers\n|-damage|p2a: Sneasler|16\/100|[from] Salt Cure\n|upkeep\n|turn|18\n|\n|t:|1700108590\n|move|p2a: Sneasler|Lash Out|p1a: Garganacl\n|-supereffective|p1a: Garganacl\n|-damage|p1a: Garganacl|63\/100\n|move|p1a: Garganacl|Salt Cure|p2a: Sneasler\n|-resisted|p2a: Sneasler\n|-damage|p2a: Sneasler|9\/100\n|\n|-heal|p1a: Garganacl|70\/100|[from] item: Leftovers\n|-damage|p2a: Sneasler|0 fnt|[from] Salt Cure\n|faint|p2a: Sneasler\n|upkeep\n|\n|t:|1700108593\n|switch|p2a: Heatran|Heatran, M|100\/100\n|-item|p2a: Heatran|Air Balloon\n|turn|19\n|\n|t:|1700108597\n|move|p2a: Heatran|Magma Storm|p1a: Garganacl|[miss]\n|-miss|p2a: Heatran|p1a: Garganacl\n|move|p1a: Garganacl|Body Press|p2a: Heatran\n|-supereffective|p2a: Heatran\n|-damage|p2a: Heatran|0 fnt\n|-enditem|p2a: Heatran|Air Balloon\n|faint|p2a: Heatran\n|\n|-heal|p1a: Garganacl|76\/100|[from] item: Leftovers\n|upkeep\n|\n|t:|1700108602\n|switch|p2a: Rillaboom|Rillaboom, M|59\/100 brn\n|-fieldstart|move: Grassy Terrain|[from] ability: Grassy Surge|[of] p2a: Rillaboom\n|turn|20\n|\n|t:|1700108605\n|move|p2a: Rillaboom|Knock Off|p1a: Garganacl\n|-supereffective|p1a: Garganacl\n|-damage|p1a: Garganacl|67\/100\n|-enditem|p1a: Garganacl|Leftovers|[from] move: Knock Off|[of] p2a: Rillaboom\n|move|p1a: Garganacl|Salt Cure|p2a: Rillaboom\n|-damage|p2a: Rillaboom|45\/100 brn\n|-start|p2a: Rillaboom|Salt Cure\n|\n|-heal|p2a: Rillaboom|51\/100 brn|[from] Grassy Terrain\n|-heal|p1a: Garganacl|73\/100|[from] Grassy Terrain\n|-damage|p2a: Rillaboom|45\/100 brn|[from] brn\n|-damage|p2a: Rillaboom|32\/100 brn|[from] Salt Cure\n|upkeep\n|turn|21\n|\n|t:|1700108608\n|move|p2a: Rillaboom|Knock Off|p1a: Garganacl\n|-supereffective|p1a: Garganacl\n|-damage|p1a: Garganacl|67\/100\n|move|p1a: Garganacl|Recover|p1a: Garganacl\n|-heal|p1a: Garganacl|100\/100\n|\n|-heal|p2a: Rillaboom|39\/100 brn|[from] Grassy Terrain\n|-damage|p2a: Rillaboom|32\/100 brn|[from] brn\n|-damage|p2a: Rillaboom|20\/100 brn|[from] Salt Cure\n|upkeep\n|turn|22\n|\n|t:|1700108611\n|move|p2a: Rillaboom|Knock Off|p1a: Garganacl\n|-supereffective|p1a: Garganacl\n|-damage|p1a: Garganacl|94\/100\n|move|p1a: Garganacl|Body Press|p2a: Rillaboom\n|-damage|p2a: Rillaboom|0 fnt\n|faint|p2a: Rillaboom\n|\n|-heal|p1a: Garganacl|100\/100|[from] Grassy Terrain\n|upkeep\n|\n|t:|1700108613\n|switch|p2a: Hatterene|Hatterene, F|100\/100\n|-enditem|p2a: Hatterene|Grassy Seed\n|-boost|p2a: Hatterene|def|1|[from] item: Grassy Seed\n|turn|23\n|\n|t:|1700108618\n|switch|p1a: Drifblim|Drifblim, F|100\/100\n|move|p2a: Hatterene|Calm Mind|p2a: Hatterene\n|-boost|p2a: Hatterene|spa|1\n|-boost|p2a: Hatterene|spd|1\n|\n|upkeep\n|turn|24\n|\n|t:|1700108624\n|move|p1a: Drifblim|Trick|p2a: Hatterene\n|-activate|p1a: Drifblim|move: Trick|[of] p2a: Hatterene\n|-item|p2a: Hatterene|Choice Scarf|[from] move: Trick\n|-enditem|p1a: Drifblim|Choice Scarf|[silent]|[from] move: Trick\n|move|p2a: Hatterene|Calm Mind|p2a: Hatterene\n|-boost|p2a: Hatterene|spa|1\n|-boost|p2a: Hatterene|spd|1\n|\n|-fieldend|move: Grassy Terrain\n|upkeep\n|turn|25\n|\n|t:|1700108635\n|switch|p1a: Glimmora|Glimmora, F|16\/100\n|switch|p2a: Zamazenta|Zamazenta|100\/100\n|-ability|p2a: Zamazenta|Dauntless Shield|boost\n|-boost|p2a: Zamazenta|def|1\n|\n|upkeep\n|turn|26\n|\n|t:|1700108639\n|move|p2a: Zamazenta|Body Press|p1a: Glimmora\n|-damage|p1a: Glimmora|0 fnt\n|-activate|p1a: Glimmora|ability: Toxic Debris\n|-sidestart|p2: TheNewGuyM8|move: Toxic Spikes\n|faint|p1a: Glimmora\n|\n|upkeep\n|\n|t:|1700108643\n|switch|p1a: Garganacl|Garganacl, M, shiny, tera:Ghost|100\/100\n|turn|27\n|\n|t:|1700108647\n|switch|p2a: Hatterene|Hatterene, F|100\/100\n|-status|p2a: Hatterene|psn\n|move|p1a: Garganacl|Salt Cure|p2a: Hatterene\n|-damage|p2a: Hatterene|88\/100 psn\n|-start|p2a: Hatterene|Salt Cure\n|\n|-damage|p2a: Hatterene|76\/100 psn|[from] psn\n|-damage|p2a: Hatterene|64\/100 psn|[from] Salt Cure\n|upkeep\n|turn|28\n|\n|t:|1700108650\n|move|p2a: Hatterene|Draining Kiss|p1a: Garganacl\n|-damage|p1a: Garganacl|86\/100\n|-heal|p2a: Hatterene|78\/100 psn|[from] drain|[of] p1a: Garganacl\n|move|p1a: Garganacl|Iron Defense|p1a: Garganacl\n|-boost|p1a: Garganacl|def|2\n|\n|-damage|p2a: Hatterene|65\/100 psn|[from] psn\n|-damage|p2a: Hatterene|53\/100 psn|[from] Salt Cure\n|upkeep\n|turn|29\n|\n|t:|1700108652\n|move|p2a: Hatterene|Draining Kiss|p1a: Garganacl\n|-damage|p1a: Garganacl|71\/100\n|-heal|p2a: Hatterene|67\/100 psn|[from] drain|[of] p1a: Garganacl\n|move|p1a: Garganacl|Iron Defense|p1a: Garganacl\n|-boost|p1a: Garganacl|def|2\n|\n|-damage|p2a: Hatterene|55\/100 psn|[from] psn\n|-damage|p2a: Hatterene|43\/100 psn|[from] Salt Cure\n|upkeep\n|turn|30\n|-message|TheNewGuyM8 forfeited.\n|\n|win|liaoya\n|raw|liaoya's rating: 1469 &rarr; <strong>1490<\/strong><br \/>(+21 for winning)\n|raw|TheNewGuyM8's rating: 1495 &rarr; <strong>1474<\/strong><br \/>(-21 for losing)\n|l|\u2606TheNewGuyM8\n","uploadtime":1700108660,"views":21,"p1id":"liaoya","p2id":"thenewguym8","formatid":"gen9ou","rating":1474,"private":0,"password":""}