{"id":"gen9ou-1997378178","p1":"destinysfriend","p2":"TY SM MY GUY","format":"[Gen 9] OU","log":"|j|\u2606destinysfriend\n|j|\u2606TY SM MY GUY\n|t:|1700796334\n|gametype|singles\n|player|p1|destinysfriend|medium|1310\n|player|p2|TY SM MY GUY|hoopster|1291\n|teamsize|p1|6\n|teamsize|p2|6\n|gen|9\n|tier|[Gen 9] OU\n|rated|\n|rule|Sleep Clause Mod: Limit one foe put to sleep\n|rule|Species Clause: Limit one of each Pok\u00e9mon\n|rule|OHKO Clause: OHKO moves are banned\n|rule|Evasion Items Clause: Evasion items are banned\n|rule|Evasion Moves Clause: Evasion moves are banned\n|rule|Endless Battle Clause: Forcing endless battles is banned\n|rule|HP Percentage Mod: HP is shown in percentages\n|clearpoke\n|poke|p1|Kingambit, F|\n|poke|p1|Glimmora, M|\n|poke|p1|Zamazenta-*|\n|poke|p1|Iron Valiant|\n|poke|p1|Iron Moth|\n|poke|p1|Ogerpon-Wellspring, F|\n|poke|p2|Glimmora, F|\n|poke|p2|Great Tusk|\n|poke|p2|Hatterene, F|\n|poke|p2|Greninja-*, M|\n|poke|p2|Brambleghast, M|\n|poke|p2|Zoroark-Hisui, M|\n|teampreview\n|\n|t:|1700796347\n|start\n|switch|p1a: Ogerpon|Ogerpon-Wellspring, F|100\/100\n|switch|p2a: Glimmora|Glimmora, F, shiny|100\/100\n|turn|1\n|c|\u2606TY SM MY GUY|Didnt i just play you?\n|c|\u2606destinysfriend|maybe\n|\n|t:|1700796366\n|move|p2a: Glimmora|Bitter Malice|p1a: Ogerpon\n|-damage|p1a: Ogerpon|53\/100\n|-unboost|p1a: Ogerpon|atk|1\n|move|p1a: Ogerpon|Swords Dance|p1a: Ogerpon\n|-boost|p1a: Ogerpon|atk|2\n|\n|upkeep\n|turn|2\n|\n|t:|1700796411\n|move|p2a: Glimmora|Bitter Malice|p1a: Ogerpon\n|-damage|p1a: Ogerpon|8\/100\n|-unboost|p1a: Ogerpon|atk|1\n|move|p1a: Ogerpon|Ivy Cudgel|p2a: Glimmora|[anim] Ivy Cudgel Water\n|-damage|p2a: Glimmora|0 fnt\n|replace|p2a: Zoroark|Zoroark-Hisui, M, shiny\n|-end|p2a: Zoroark|Illusion\n|faint|p2a: Zoroark\n|\n|upkeep\n|\n|t:|1700796419\n|switch|p2a: Greninja|Greninja, M|100\/100\n|turn|3\n|\n|t:|1700796428\n|move|p2a: Greninja|Dark Pulse|p1a: Ogerpon\n|-damage|p1a: Ogerpon|0 fnt\n|faint|p1a: Ogerpon\n|-ability|p2a: Greninja|Battle Bond|boost\n|-boost|p2a: Greninja|atk|1\n|-boost|p2a: Greninja|spa|1\n|-boost|p2a: Greninja|spe|1\n|-activate|p2a: Greninja|ability: Battle Bond\n|-damage|p2a: Greninja|91\/100|[from] item: Life Orb\n|\n|upkeep\n|\n|t:|1700796452\n|switch|p1a: Zamazenta|Zamazenta, shiny|100\/100\n|-ability|p1a: Zamazenta|Dauntless Shield|boost\n|-boost|p1a: Zamazenta|def|1\n|turn|4\n|c|\u2606TY SM MY GUY|I didnt play you\n|c|\u2606TY SM MY GUY|but i just faced someone with the exact same team\n|c|\u2606TY SM MY GUY|wow\n|c|\u2606TY SM MY GUY|lol\n|\n|t:|1700796513\n|move|p2a: Greninja|Extrasensory|p1a: Zamazenta\n|-supereffective|p1a: Zamazenta\n|-damage|p1a: Zamazenta|18\/100\n|-damage|p2a: Greninja|81\/100|[from] item: Life Orb\n|move|p1a: Zamazenta|Iron Defense|p1a: Zamazenta\n|-boost|p1a: Zamazenta|def|2\n|\n|-heal|p1a: Zamazenta|24\/100|[from] item: Leftovers\n|upkeep\n|turn|5\n|\n|t:|1700796522\n|move|p2a: Greninja|Extrasensory|p1a: Zamazenta\n|-supereffective|p1a: Zamazenta\n|-damage|p1a: Zamazenta|0 fnt\n|faint|p1a: Zamazenta\n|-damage|p2a: Greninja|71\/100|[from] item: Life Orb\n|\n|upkeep\n|\n|t:|1700796535\n|switch|p1a: Iron Valiant|Iron Valiant|100\/100\n|-enditem|p1a: Iron Valiant|Booster Energy\n|-activate|p1a: Iron Valiant|ability: Quark Drive|[fromitem]\n|-start|p1a: Iron Valiant|quarkdrivespe\n|turn|6\n|c|\u2606TY SM MY GUY|Unless you changed ur name that fast lol\n|\n|t:|1700796559\n|move|p2a: Greninja|Extrasensory|p1a: Iron Valiant\n|-supereffective|p1a: Iron Valiant\n|-damage|p1a: Iron Valiant|0 fnt\n|faint|p1a: Iron Valiant\n|-end|p1a: Iron Valiant|Quark Drive|[silent]\n|-damage|p2a: Greninja|61\/100|[from] item: Life Orb\n|\n|upkeep\n|\n|t:|1700796568\n|switch|p1a: Glimmora|Glimmora, M|100\/100\n|turn|7\n|\n|t:|1700796572\n|move|p2a: Greninja|Extrasensory|p1a: Glimmora\n|-supereffective|p1a: Glimmora\n|-enditem|p1a: Glimmora|Focus Sash\n|-damage|p1a: Glimmora|1\/100\n|-damage|p2a: Greninja|51\/100|[from] item: Life Orb\n|move|p1a: Glimmora|Stealth Rock|p2a: Greninja\n|-sidestart|p2: TY SM MY GUY|move: Stealth Rock\n|\n|upkeep\n|turn|8\n|\n|t:|1700796578\n|move|p2a: Greninja|Dark Pulse|p1a: Glimmora\n|-damage|p1a: Glimmora|0 fnt\n|faint|p1a: Glimmora\n|-damage|p2a: Greninja|42\/100|[from] item: Life Orb\n|\n|upkeep\n|l|\u2606TY SM MY GUY\n|player|p2|\n|\n|t:|1700796584\n|switch|p1a: Kingambit|Kingambit, F|100\/100\n|-activate|p1a: Kingambit|ability: Supreme Overlord\n|-start|p1a: Kingambit|fallen4|[silent]\n|turn|9\n|j|\u2606TY SM MY GUY\n|player|p2|TY SM MY GUY|hoopster\n|\n|t:|1700796588\n|move|p2a: Greninja|Water Shuriken|p1a: Kingambit\n|-damage|p1a: Kingambit|85\/100\n|-damage|p1a: Kingambit|70\/100\n|-damage|p1a: Kingambit|55\/100\n|-hitcount|p1a: Kingambit|3\n|-damage|p2a: Greninja|32\/100|[from] item: Life Orb\n|move|p1a: Kingambit|Sucker Punch||[still]\n|-fail|p1a: Kingambit\n|\n|upkeep\n|turn|10\n|\n|t:|1700796598\n|move|p2a: Greninja|Water Shuriken|p1a: Kingambit\n|-damage|p1a: Kingambit|40\/100\n|-damage|p1a: Kingambit|24\/100\n|-hitcount|p1a: Kingambit|2\n|-damage|p2a: Greninja|22\/100|[from] item: Life Orb\n|move|p1a: Kingambit|Iron Head|p2a: Greninja\n|-resisted|p2a: Greninja\n|-damage|p2a: Greninja|0 fnt\n|faint|p2a: Greninja\n|\n|upkeep\n|\n|t:|1700796607\n|switch|p2a: Brambleghast|Brambleghast, M, shiny|100\/100\n|-damage|p2a: Brambleghast|88\/100|[from] Stealth Rock\n|turn|11\n|\n|t:|1700796611\n|-terastallize|p2a: Brambleghast|Fighting\n|move|p1a: Kingambit|Sucker Punch|p2a: Brambleghast\n|-resisted|p2a: Brambleghast\n|-damage|p2a: Brambleghast|25\/100\n|move|p2a: Brambleghast|Rapid Spin|p1a: Kingambit\n|-resisted|p1a: Kingambit\n|-damage|p1a: Kingambit|16\/100\n|-boost|p2a: Brambleghast|spe|1\n|-sideend|p2: TY SM MY GUY|Stealth Rock|[from] move: Rapid Spin|[of] p2a: Brambleghast\n|\n|upkeep\n|turn|12\n|\n|t:|1700796617\n|move|p2a: Brambleghast|Shadow Sneak|p1a: Kingambit\n|-resisted|p1a: Kingambit\n|-damage|p1a: Kingambit|7\/100\n|move|p1a: Kingambit|Sucker Punch||[still]\n|-fail|p1a: Kingambit\n|\n|upkeep\n|turn|13\n|c|\u2606TY SM MY GUY|Dam\n|\n|t:|1700796624\n|move|p2a: Brambleghast|Shadow Sneak|p1a: Kingambit\n|-resisted|p1a: Kingambit\n|-damage|p1a: Kingambit|0 fnt\n|faint|p1a: Kingambit\n|-end|p1a: Kingambit|fallen4|[silent]\n|\n|upkeep\n|c|\u2606TY SM MY GUY|i thought of everything\n|\n|t:|1700796627\n|switch|p1a: Iron Moth|Iron Moth|100\/100\n|-enditem|p1a: Iron Moth|Booster Energy\n|-activate|p1a: Iron Moth|ability: Quark Drive|[fromitem]\n|-start|p1a: Iron Moth|quarkdrivespe\n|turn|14\n|\n|t:|1700796633\n|move|p2a: Brambleghast|Shadow Sneak|p1a: Iron Moth\n|-damage|p1a: Iron Moth|69\/100\n|move|p1a: Iron Moth|Fiery Dance|p2a: Brambleghast\n|-crit|p2a: Brambleghast\n|-damage|p2a: Brambleghast|0 fnt\n|faint|p2a: Brambleghast\n|\n|upkeep\n|\n|t:|1700796637\n|switch|p2a: Glimmora|Glimmora, F, shiny|100\/100\n|-item|p2a: Glimmora|Air Balloon\n|turn|15\n|\n|t:|1700796643\n|move|p1a: Iron Moth|Substitute|p1a: Iron Moth\n|-start|p1a: Iron Moth|Substitute\n|-damage|p1a: Iron Moth|44\/100\n|move|p2a: Glimmora|Power Gem|p1a: Iron Moth\n|-supereffective|p1a: Iron Moth\n|-end|p1a: Iron Moth|Substitute\n|\n|upkeep\n|turn|16\n|\n|t:|1700796652\n|move|p1a: Iron Moth|Fiery Dance|p2a: Glimmora\n|-resisted|p2a: Glimmora\n|-damage|p2a: Glimmora|77\/100\n|-boost|p1a: Iron Moth|spa|1\n|-enditem|p2a: Glimmora|Air Balloon\n|move|p2a: Glimmora|Power Gem|p1a: Iron Moth\n|-supereffective|p1a: Iron Moth\n|-damage|p1a: Iron Moth|0 fnt\n|faint|p1a: Iron Moth\n|-end|p1a: Iron Moth|Quark Drive|[silent]\n|\n|win|TY SM MY GUY\n|raw|destinysfriend's rating: 1310 &rarr; <strong>1289<\/strong><br \/>(-21 for losing)\n|raw|TY SM MY GUY's rating: 1291 &rarr; <strong>1317<\/strong><br \/>(+26 for winning)\n|l|\u2606destinysfriend\n|c|\u2606TY SM MY GUY|Gg ez same team\n","uploadtime":1700796665,"views":4,"p1id":"destinysfriend","p2id":"tysmmyguy","formatid":"gen9ou","rating":1289,"private":0,"password":""}