{"id":"gen9ou-1996618497","p1":"Vivilia7982","p2":"Big Moist v10","format":"[Gen 9] OU","log":"|j|\u2606Vivilia7982\n|j|\u2606Big Moist v10\n|t:|1700701277\n|gametype|singles\n|player|p1|Vivilia7982|backersf|1144\n|player|p2|Big Moist v10|roxie|1221\n|teamsize|p1|6\n|teamsize|p2|6\n|gen|9\n|tier|[Gen 9] OU\n|rated|\n|rule|Sleep Clause Mod: Limit one foe put to sleep\n|rule|Species Clause: Limit one of each Pok\u00e9mon\n|rule|OHKO Clause: OHKO moves are banned\n|rule|Evasion Items Clause: Evasion items are banned\n|rule|Evasion Moves Clause: Evasion moves are banned\n|rule|Endless Battle Clause: Forcing endless battles is banned\n|rule|HP Percentage Mod: HP is shown in percentages\n|clearpoke\n|poke|p1|Conkeldurr, M|\n|poke|p1|Iron Treads|\n|poke|p1|Dipplin, F|\n|poke|p1|Rotom-Wash|\n|poke|p1|Munkidori, M|\n|poke|p1|Salazzle, F|\n|poke|p2|Ceruledge, M|\n|poke|p2|Great Tusk|\n|poke|p2|Meowscarada, M|\n|poke|p2|Dragapult, M|\n|poke|p2|Hatterene, F|\n|poke|p2|Toxapex, M|\n|teampreview\n|inactive|Battle timer is ON: inactive players will automatically lose when time's up. (requested by Vivilia7982)\n|inactiveoff|Battle timer is now OFF.\n|\n|t:|1700701295\n|start\n|switch|p1a: Munkidori|Munkidori, M|100\/100\n|switch|p2a: Meowscarada|Meowscarada, M|100\/100\n|turn|1\n|\n|t:|1700701302\n|move|p1a: Munkidori|Sludge Bomb|p2a: Meowscarada\n|-supereffective|p2a: Meowscarada\n|-damage|p2a: Meowscarada|0 fnt\n|faint|p2a: Meowscarada\n|\n|upkeep\n|\n|t:|1700701309\n|switch|p2a: Great Tusk|Great Tusk|100\/100\n|-enditem|p2a: Great Tusk|Booster Energy\n|-activate|p2a: Great Tusk|ability: Protosynthesis|[fromitem]\n|-start|p2a: Great Tusk|protosynthesisatk\n|turn|2\n|\n|t:|1700701319\n|switch|p1a: Rotom|Rotom-Wash|100\/100\n|-terastallize|p2a: Great Tusk|Water\n|move|p2a: Great Tusk|Headlong Rush|p1a: Rotom\n|-immune|p1a: Rotom|[from] ability: Levitate\n|\n|upkeep\n|turn|3\n|\n|t:|1700701325\n|move|p2a: Great Tusk|Close Combat|p1a: Rotom\n|-damage|p1a: Rotom|13\/100\n|-unboost|p2a: Great Tusk|def|1\n|-unboost|p2a: Great Tusk|spd|1\n|move|p1a: Rotom|Will-O-Wisp|p2a: Great Tusk|[miss]\n|-miss|p1a: Rotom|p2a: Great Tusk\n|\n|-heal|p1a: Rotom|20\/100|[from] item: Leftovers\n|upkeep\n|turn|4\n|\n|t:|1700701345\n|switch|p1a: Munkidori|Munkidori, M|100\/100\n|move|p2a: Great Tusk|Close Combat|p1a: Munkidori\n|-resisted|p1a: Munkidori\n|-damage|p1a: Munkidori|70\/100\n|-unboost|p2a: Great Tusk|def|1\n|-unboost|p2a: Great Tusk|spd|1\n|\n|upkeep\n|turn|5\n|\n|t:|1700701355\n|move|p1a: Munkidori|Psychic|p2a: Great Tusk\n|-damage|p2a: Great Tusk|0 fnt\n|faint|p2a: Great Tusk\n|-end|p2a: Great Tusk|Protosynthesis|[silent]\n|\n|upkeep\n|\n|t:|1700701359\n|switch|p2a: Ceruledge|Ceruledge, M|100\/100\n|turn|6\n|\n|t:|1700701364\n|switch|p1a: Dipplin|Dipplin, F|100\/100\n|move|p2a: Ceruledge|Swords Dance|p2a: Ceruledge\n|-boost|p2a: Ceruledge|atk|2\n|\n|upkeep\n|turn|7\n|\n|t:|1700701367\n|move|p2a: Ceruledge|Bitter Blade|p1a: Dipplin\n|-damage|p1a: Dipplin|62\/100\n|move|p1a: Dipplin|Dragon Tail|p2a: Ceruledge\n|-damage|p2a: Ceruledge|78\/100\n|drag|p2a: Dragapult|Dragapult, M|100\/100\n|\n|upkeep\n|turn|8\n|\n|t:|1700701379\n|-terastallize|p1a: Dipplin|Steel\n|move|p2a: Dragapult|Dragon Darts|p1a: Dipplin\n|-resisted|p1a: Dipplin\n|-damage|p1a: Dipplin|55\/100\n|-anim|p2a: Dragapult|Dragon Darts|p1a: Dipplin\n|-resisted|p1a: Dipplin\n|-damage|p1a: Dipplin|49\/100\n|move|p1a: Dipplin|Recover|p1a: Dipplin\n|-heal|p1a: Dipplin|99\/100\n|\n|upkeep\n|turn|9\n|\n|t:|1700701388\n|move|p2a: Dragapult|Substitute|p2a: Dragapult\n|-start|p2a: Dragapult|Substitute\n|-damage|p2a: Dragapult|76\/100\n|move|p1a: Dipplin|Dragon Tail|p2a: Dragapult\n|-supereffective|p2a: Dragapult\n|-end|p2a: Dragapult|Substitute\n|\n|upkeep\n|turn|10\n|\n|t:|1700701393\n|switch|p2a: Hatterene|Hatterene, F|100\/100\n|move|p1a: Dipplin|Dragon Tail|p2a: Hatterene\n|-immune|p2a: Hatterene\n|\n|upkeep\n|turn|11\n|\n|t:|1700701399\n|switch|p1a: Rotom|Rotom-Wash|20\/100\n|move|p2a: Hatterene|Mystical Fire|p1a: Rotom\n|-resisted|p1a: Rotom\n|-damage|p1a: Rotom|9\/100\n|-unboost|p1a: Rotom|spa|1\n|\n|-heal|p1a: Rotom|15\/100|[from] item: Leftovers\n|upkeep\n|turn|12\n|\n|t:|1700701406\n|switch|p2a: Ceruledge|Ceruledge, M|78\/100\n|move|p1a: Rotom|Volt Switch|p2a: Ceruledge\n|-damage|p2a: Ceruledge|58\/100\n|\n|t:|1700701418\n|switch|p1a: Iron Treads|Iron Treads|100\/100|[from] Volt Switch\n|\n|upkeep\n|turn|13\n|\n|t:|1700701421\n|move|p1a: Iron Treads|Earthquake|p2a: Ceruledge\n|-supereffective|p2a: Ceruledge\n|-damage|p2a: Ceruledge|0 fnt\n|faint|p2a: Ceruledge\n|\n|upkeep\n|\n|t:|1700701424\n|switch|p2a: Hatterene|Hatterene, F|100\/100\n|turn|14\n|\n|t:|1700701444\n|move|p1a: Iron Treads|Knock Off|p2a: Hatterene\n|-damage|p2a: Hatterene|71\/100\n|-enditem|p2a: Hatterene|Leftovers|[from] move: Knock Off|[of] p1a: Iron Treads\n|move|p2a: Hatterene|Calm Mind|p2a: Hatterene\n|-boost|p2a: Hatterene|spa|1\n|-boost|p2a: Hatterene|spd|1\n|\n|upkeep\n|turn|15\n|\n|t:|1700701465\n|move|p1a: Iron Treads|Volt Switch|p2a: Hatterene\n|-damage|p2a: Hatterene|63\/100\n|\n|t:|1700701467\n|-end|p1a: Iron Treads|Quark Drive|[silent]\n|switch|p1a: Rotom|Rotom-Wash|15\/100|[from] Volt Switch\n|move|p2a: Hatterene|Mystical Fire|p1a: Rotom\n|-resisted|p1a: Rotom\n|-damage|p1a: Rotom|0 fnt\n|faint|p1a: Rotom\n|\n|upkeep\n|\n|t:|1700701486\n|switch|p1a: Salazzle|Salazzle, F|100\/100\n|turn|16\n|\n|t:|1700701489\n|move|p1a: Salazzle|Sludge Bomb|p2a: Hatterene\n|-supereffective|p2a: Hatterene\n|-damage|p2a: Hatterene|8\/100\n|-status|p2a: Hatterene|psn\n|move|p2a: Hatterene|Psyshock|p1a: Salazzle\n|-supereffective|p1a: Salazzle\n|-enditem|p1a: Salazzle|Focus Sash\n|-damage|p1a: Salazzle|1\/100\n|\n|-damage|p2a: Hatterene|0 fnt|[from] psn\n|faint|p2a: Hatterene\n|upkeep\n|\n|t:|1700701496\n|switch|p2a: Toxapex|Toxapex, M|100\/100\n|turn|17\n|\n|t:|1700701499\n|move|p1a: Salazzle|Taunt|p2a: Toxapex\n|-start|p2a: Toxapex|move: Taunt\n|cant|p2a: Toxapex|move: Taunt|Toxic Spikes\n|\n|upkeep\n|turn|18\n|\n|t:|1700701507\n|switch|p1a: Dipplin|Dipplin, F, tera:Steel|99\/100\n|move|p2a: Toxapex|Surf|p1a: Dipplin\n|-damage|p1a: Dipplin|83\/100\n|\n|upkeep\n|turn|19\n|\n|t:|1700701512\n|move|p2a: Toxapex|Surf|p1a: Dipplin\n|-crit|p1a: Dipplin\n|-damage|p1a: Dipplin|62\/100\n|move|p1a: Dipplin|Dragon Tail|p2a: Toxapex\n|-damage|p2a: Toxapex|90\/100\n|drag|p2a: Dragapult|Dragapult, M|76\/100\n|\n|upkeep\n|turn|20\n|\n|t:|1700701516\n|move|p2a: Dragapult|Phantom Force||[still]\n|-prepare|p2a: Dragapult|Phantom Force\n|move|p1a: Dipplin|Dragon Tail|p2a: Dragapult|[miss]\n|-miss|p1a: Dipplin|p2a: Dragapult\n|\n|upkeep\n|turn|21\n|\n|t:|1700701523\n|move|p2a: Dragapult|Phantom Force|p1a: Dipplin|[from]lockedmove\n|-damage|p1a: Dipplin|41\/100\n|move|p1a: Dipplin|Recover|p1a: Dipplin\n|-heal|p1a: Dipplin|91\/100\n|\n|upkeep\n|turn|22\n|\n|t:|1700701533\n|move|p2a: Dragapult|Substitute|p2a: Dragapult\n|-start|p2a: Dragapult|Substitute\n|-damage|p2a: Dragapult|51\/100\n|move|p1a: Dipplin|Syrup Bomb|p2a: Dragapult\n|-resisted|p2a: Dragapult\n|-activate|p2a: Dragapult|move: Substitute|[damage]\n|\n|upkeep\n|turn|23\n|\n|t:|1700701538\n|move|p2a: Dragapult|Dragon Dance|p2a: Dragapult\n|-boost|p2a: Dragapult|atk|1\n|-boost|p2a: Dragapult|spe|1\n|move|p1a: Dipplin|Dragon Tail|p2a: Dragapult\n|-supereffective|p2a: Dragapult\n|-end|p2a: Dragapult|Substitute\n|\n|upkeep\n|turn|24\n|\n|t:|1700701541\n|move|p2a: Dragapult|Phantom Force||[still]\n|-prepare|p2a: Dragapult|Phantom Force\n|move|p1a: Dipplin|Dragon Tail|p2a: Dragapult|[miss]\n|-miss|p1a: Dipplin|p2a: Dragapult\n|\n|upkeep\n|turn|25\n|\n|t:|1700701546\n|move|p2a: Dragapult|Phantom Force|p1a: Dipplin|[from]lockedmove\n|-damage|p1a: Dipplin|61\/100\n|move|p1a: Dipplin|Dragon Tail|p2a: Dragapult\n|-supereffective|p2a: Dragapult\n|-damage|p2a: Dragapult|11\/100\n|drag|p2a: Toxapex|Toxapex, M|100\/100\n|\n|upkeep\n|turn|26\n|\n|t:|1700701553\n|move|p1a: Dipplin|Syrup Bomb|p2a: Toxapex\n|-damage|p2a: Toxapex|83\/100\n|move|p2a: Toxapex|Toxic Spikes|p1a: Dipplin\n|-sidestart|p1: Vivilia7982|move: Toxic Spikes\n|\n|upkeep\n|turn|27\n|\n|t:|1700701558\n|move|p1a: Dipplin|Recover|p1a: Dipplin\n|-heal|p1a: Dipplin|100\/100\n|move|p2a: Toxapex|Toxic Spikes|p1a: Dipplin\n|-sidestart|p1: Vivilia7982|move: Toxic Spikes\n|\n|upkeep\n|turn|28\n|\n|t:|1700701565\n|switch|p1a: Salazzle|Salazzle, F|1\/100\n|-sideend|p1: Vivilia7982|move: Toxic Spikes|[of] p1a: Salazzle\n|move|p2a: Toxapex|Surf|p1a: Salazzle\n|-supereffective|p1a: Salazzle\n|-damage|p1a: Salazzle|0 fnt\n|faint|p1a: Salazzle\n|\n|upkeep\n|\n|t:|1700701580\n|switch|p1a: Iron Treads|Iron Treads|100\/100\n|turn|29\n|\n|t:|1700701584\n|move|p1a: Iron Treads|Earthquake|p2a: Toxapex\n|-supereffective|p2a: Toxapex\n|-damage|p2a: Toxapex|39\/100\n|move|p2a: Toxapex|Surf|p1a: Iron Treads\n|-supereffective|p1a: Iron Treads\n|-damage|p1a: Iron Treads|59\/100\n|\n|upkeep\n|turn|30\n|\n|t:|1700701589\n|move|p1a: Iron Treads|Earthquake|p2a: Toxapex\n|-supereffective|p2a: Toxapex\n|-damage|p2a: Toxapex|0 fnt\n|faint|p2a: Toxapex\n|\n|upkeep\n|\n|t:|1700701593\n|switch|p2a: Dragapult|Dragapult, M|11\/100\n|turn|31\n|\n|t:|1700701595\n|move|p2a: Dragapult|Dragon Darts|p1a: Iron Treads\n|-resisted|p1a: Iron Treads\n|-damage|p1a: Iron Treads|47\/100\n|-anim|p2a: Dragapult|Dragon Darts|p1a: Iron Treads\n|-resisted|p1a: Iron Treads\n|-damage|p1a: Iron Treads|34\/100\n|move|p1a: Iron Treads|Earthquake|p2a: Dragapult\n|-damage|p2a: Dragapult|0 fnt\n|faint|p2a: Dragapult\n|\n|win|Vivilia7982\n|raw|Vivilia7982's rating: 1144 &rarr; <strong>1174<\/strong><br \/>(+30 for winning)\n|raw|Big Moist v10's rating: 1221 &rarr; <strong>1191<\/strong><br \/>(-30 for losing)\n|l|\u2606Big Moist v10\n","uploadtime":1700701604,"views":3,"p1id":"vivilia7982","p2id":"bigmoistv10","formatid":"gen9ou","rating":1174,"private":0,"password":""}