{"id":"gen9ou-1988388484","p1":"AkiDes","p2":"MeGustoLatinas","format":"[Gen 9] OU","log":"|j|\u2606AkiDes\n|j|\u2606MeGustoLatinas\n|t:|1699717335\n|gametype|singles\n|player|p1|AkiDes|volkner|1114\n|player|p2|MeGustoLatinas|dancer|1202\n|teamsize|p1|6\n|teamsize|p2|6\n|gen|9\n|tier|[Gen 9] OU\n|rated|\n|rule|Sleep Clause Mod: Limit one foe put to sleep\n|rule|Species Clause: Limit one of each Pok\u00e9mon\n|rule|OHKO Clause: OHKO moves are banned\n|rule|Evasion Items Clause: Evasion items are banned\n|rule|Evasion Moves Clause: Evasion moves are banned\n|rule|Endless Battle Clause: Forcing endless battles is banned\n|rule|HP Percentage Mod: HP is shown in percentages\n|clearpoke\n|poke|p1|Gliscor, M|\n|poke|p1|Greninja-*, M|\n|poke|p1|Dragonite, F|\n|poke|p1|Cinderace, M|\n|poke|p1|Mandibuzz, F|\n|poke|p1|Jolteon, M|\n|poke|p2|Gholdengo|\n|poke|p2|Dragapult, F|\n|poke|p2|Rillaboom, F|\n|poke|p2|Sneasler, F|\n|poke|p2|Iron Valiant|\n|poke|p2|Kingambit, F|\n|teampreview\n|inactive|Battle timer is ON: inactive players will automatically lose when time's up. (requested by MeGustoLatinas)\n|\n|t:|1699717344\n|start\n|switch|p1a: Jolteon|Jolteon, M|100\/100\n|switch|p2a: Rillaboom|Rillaboom, F|100\/100\n|-fieldstart|move: Grassy Terrain|[from] ability: Grassy Surge|[of] p2a: Rillaboom\n|turn|1\n|\n|t:|1699717354\n|move|p2a: Rillaboom|Grassy Glide|p1a: Jolteon\n|-damage|p1a: Jolteon|0 fnt\n|faint|p1a: Jolteon\n|\n|upkeep\n|\n|t:|1699717360\n|switch|p1a: Cinderace|Cinderace, M|100\/100\n|turn|2\n|\n|t:|1699717365\n|switch|p2a: Sneasler|Sneasler, F|100\/100\n|-enditem|p2a: Sneasler|Grassy Seed\n|-boost|p2a: Sneasler|def|1|[from] item: Grassy Seed\n|move|p1a: Cinderace|Pyro Ball|p2a: Sneasler\n|-crit|p2a: Sneasler\n|-damage|p2a: Sneasler|0 fnt\n|faint|p2a: Sneasler\n|\n|upkeep\n|\n|t:|1699717381\n|switch|p2a: Dragapult|Dragapult, F|100\/100\n|turn|3\n|\n|t:|1699717384\n|switch|p1a: Mandibuzz|Mandibuzz, F|100\/100\n|move|p2a: Dragapult|Thunder Wave|p1a: Mandibuzz\n|-status|p1a: Mandibuzz|par\n|\n|upkeep\n|turn|4\n|\n|t:|1699717391\n|move|p2a: Dragapult|Reflect|p2a: Dragapult\n|-sidestart|p2: MeGustoLatinas|Reflect\n|move|p1a: Mandibuzz|Toxic|p2a: Dragapult|[miss]\n|-miss|p1a: Mandibuzz|p2a: Dragapult\n|\n|upkeep\n|turn|5\n|\n|t:|1699717401\n|switch|p2a: Gholdengo|Gholdengo|100\/100\n|move|p1a: Mandibuzz|Toxic|p2a: Gholdengo\n|-immune|p2a: Gholdengo|[from] ability: Good as Gold\n|\n|-fieldend|move: Grassy Terrain\n|upkeep\n|turn|6\n|\n|t:|1699717407\n|move|p2a: Gholdengo|Substitute|p2a: Gholdengo\n|-start|p2a: Gholdengo|Substitute\n|-damage|p2a: Gholdengo|75\/100\n|move|p1a: Mandibuzz|Foul Play|p2a: Gholdengo\n|-supereffective|p2a: Gholdengo\n|-activate|p2a: Gholdengo|move: Substitute|[damage]\n|\n|upkeep\n|turn|7\n|\n|t:|1699717413\n|move|p2a: Gholdengo|Nasty Plot|p2a: Gholdengo\n|-boost|p2a: Gholdengo|spa|2\n|move|p1a: Mandibuzz|Foul Play|p2a: Gholdengo\n|-supereffective|p2a: Gholdengo\n|-end|p2a: Gholdengo|Substitute\n|\n|upkeep\n|turn|8\n|\n|t:|1699717421\n|switch|p1a: Gliscor|Gliscor, M|100\/100\n|move|p2a: Gholdengo|Substitute|p2a: Gholdengo\n|-start|p2a: Gholdengo|Substitute\n|-damage|p2a: Gholdengo|50\/100\n|\n|-status|p1a: Gliscor|tox|[from] item: Toxic Orb\n|upkeep\n|turn|9\n|\n|t:|1699717428\n|move|p1a: Gliscor|Earthquake|p2a: Gholdengo\n|-supereffective|p2a: Gholdengo\n|-end|p2a: Gholdengo|Substitute\n|move|p2a: Gholdengo|Nasty Plot|p2a: Gholdengo\n|-boost|p2a: Gholdengo|spa|2\n|\n|upkeep\n|turn|10\n|\n|t:|1699717435\n|-terastallize|p2a: Gholdengo|Dark\n|move|p1a: Gliscor|Earthquake|p2a: Gholdengo\n|-crit|p2a: Gholdengo\n|-damage|p2a: Gholdengo|0 fnt\n|faint|p2a: Gholdengo\n|\n|upkeep\n|c|\u2606MeGustoLatinas|you're actually ass\n|c|\u2606MeGustoLatinas|both of those crits mattered\n|inactive|MeGustoLatinas has 120 seconds left.\n|\n|t:|1699717466\n|switch|p2a: Rillaboom|Rillaboom, F|100\/100\n|-fieldstart|move: Grassy Terrain|[from] ability: Grassy Surge|[of] p2a: Rillaboom\n|turn|11\n|\n|t:|1699717472\n|switch|p1a: Mandibuzz|Mandibuzz, F|100\/100 par\n|move|p2a: Rillaboom|Knock Off|p1a: Mandibuzz\n|-resisted|p1a: Mandibuzz\n|-crit|p1a: Mandibuzz\n|-damage|p1a: Mandibuzz|80\/100 par\n|-enditem|p1a: Mandibuzz|Heavy-Duty Boots|[from] move: Knock Off|[of] p2a: Rillaboom\n|\n|-sideend|p2: MeGustoLatinas|Reflect\n|upkeep\n|turn|12\n|\n|t:|1699717482\n|switch|p2a: Iron Valiant|Iron Valiant|100\/100\n|-enditem|p2a: Iron Valiant|Booster Energy\n|-activate|p2a: Iron Valiant|ability: Quark Drive|[fromitem]\n|-start|p2a: Iron Valiant|quarkdrivespe\n|move|p1a: Mandibuzz|Toxic|p2a: Iron Valiant\n|-status|p2a: Iron Valiant|tox\n|\n|-damage|p2a: Iron Valiant|94\/100 tox|[from] psn\n|upkeep\n|turn|13\n|\n|t:|1699717493\n|move|p2a: Iron Valiant|Psyshock|p1a: Mandibuzz\n|-immune|p1a: Mandibuzz\n|cant|p1a: Mandibuzz|par\n|\n|-heal|p2a: Iron Valiant|100\/100 tox|[from] Grassy Terrain\n|-damage|p2a: Iron Valiant|88\/100 tox|[from] psn\n|upkeep\n|turn|14\n|\n|t:|1699717503\n|move|p2a: Iron Valiant|Moonblast|p1a: Mandibuzz\n|-supereffective|p1a: Mandibuzz\n|-damage|p1a: Mandibuzz|0 fnt\n|faint|p1a: Mandibuzz\n|\n|-heal|p2a: Iron Valiant|94\/100 tox|[from] Grassy Terrain\n|-damage|p2a: Iron Valiant|76\/100 tox|[from] psn\n|upkeep\n|\n|t:|1699717507\n|switch|p1a: Gliscor|Gliscor, M|100\/100 tox\n|turn|15\n|\n|t:|1699717513\n|move|p1a: Gliscor|Protect|p1a: Gliscor\n|-singleturn|p1a: Gliscor|Protect\n|move|p2a: Iron Valiant|Moonblast|p1a: Gliscor\n|-activate|p1a: Gliscor|move: Protect\n|\n|-heal|p2a: Iron Valiant|82\/100 tox|[from] Grassy Terrain\n|-damage|p2a: Iron Valiant|57\/100 tox|[from] psn\n|-fieldend|move: Grassy Terrain\n|upkeep\n|turn|16\n|\n|t:|1699717523\n|move|p2a: Iron Valiant|Moonblast|p1a: Gliscor\n|-damage|p1a: Gliscor|34\/100 tox\n|move|p1a: Gliscor|Stealth Rock|p2a: Iron Valiant\n|-sidestart|p2: MeGustoLatinas|move: Stealth Rock\n|\n|-damage|p2a: Iron Valiant|26\/100 tox|[from] psn\n|-heal|p1a: Gliscor|47\/100 tox|[from] ability: Poison Heal\n|upkeep\n|turn|17\n|\n|t:|1699717534\n|-end|p2a: Iron Valiant|Quark Drive|[silent]\n|switch|p2a: Dragapult|Dragapult, F|100\/100\n|-damage|p2a: Dragapult|88\/100|[from] Stealth Rock\n|move|p1a: Gliscor|Protect||[still]\n|-fail|p1a: Gliscor\n|\n|-heal|p1a: Gliscor|59\/100 tox|[from] ability: Poison Heal\n|upkeep\n|turn|18\n|\n|t:|1699717543\n|move|p2a: Dragapult|Reflect|p2a: Dragapult\n|-sidestart|p2: MeGustoLatinas|Reflect\n|move|p1a: Gliscor|Earthquake|p2a: Dragapult\n|-damage|p2a: Dragapult|64\/100\n|\n|-heal|p1a: Gliscor|71\/100 tox|[from] ability: Poison Heal\n|upkeep\n|turn|19\n|\n|t:|1699717553\n|move|p2a: Dragapult|Light Screen|p2a: Dragapult\n|-sidestart|p2: MeGustoLatinas|move: Light Screen\n|move|p1a: Gliscor|Ice Fang|p2a: Dragapult\n|-supereffective|p2a: Dragapult\n|-damage|p2a: Dragapult|40\/100\n|-status|p2a: Dragapult|frz\n|\n|-heal|p1a: Gliscor|84\/100 tox|[from] ability: Poison Heal\n|upkeep\n|turn|20\n|c|\u2606MeGustoLatinas|youre sooooooooo garbage\n|\n|t:|1699717573\n|cant|p2a: Dragapult|frz\n|move|p1a: Gliscor|Earthquake|p2a: Dragapult\n|-damage|p2a: Dragapult|12\/100 frz\n|\n|-heal|p1a: Gliscor|96\/100 tox|[from] ability: Poison Heal\n|upkeep\n|turn|21\n|\n|t:|1699717581\n|cant|p2a: Dragapult|frz\n|move|p1a: Gliscor|Earthquake|p2a: Dragapult\n|-damage|p2a: Dragapult|0 fnt\n|faint|p2a: Dragapult\n|\n|-heal|p1a: Gliscor|100\/100 tox|[from] ability: Poison Heal\n|upkeep\n|\n|t:|1699717589\n|switch|p2a: Rillaboom|Rillaboom, F|100\/100\n|-damage|p2a: Rillaboom|88\/100|[from] Stealth Rock\n|-fieldstart|move: Grassy Terrain|[from] ability: Grassy Surge|[of] p2a: Rillaboom\n|turn|22\n|\n|t:|1699717595\n|move|p1a: Gliscor|Protect|p1a: Gliscor\n|-singleturn|p1a: Gliscor|Protect\n|move|p2a: Rillaboom|Grassy Glide|p1a: Gliscor\n|-activate|p1a: Gliscor|move: Protect\n|\n|-heal|p2a: Rillaboom|94\/100|[from] Grassy Terrain\n|upkeep\n|turn|23\n|\n|t:|1699717607\n|move|p2a: Rillaboom|Grassy Glide|p1a: Gliscor\n|-damage|p1a: Gliscor|55\/100 tox\n|move|p1a: Gliscor|Ice Fang|p2a: Rillaboom\n|-supereffective|p2a: Rillaboom\n|-damage|p2a: Rillaboom|74\/100\n|\n|-heal|p2a: Rillaboom|80\/100|[from] Grassy Terrain\n|-heal|p1a: Gliscor|68\/100 tox|[from] ability: Poison Heal\n|upkeep\n|turn|24\n|\n|t:|1699717616\n|switch|p2a: Iron Valiant|Iron Valiant|26\/100 tox\n|-damage|p2a: Iron Valiant|20\/100 tox|[from] Stealth Rock\n|move|p1a: Gliscor|Protect||[still]\n|-fail|p1a: Gliscor\n|\n|-heal|p2a: Iron Valiant|26\/100 tox|[from] Grassy Terrain\n|-damage|p2a: Iron Valiant|20\/100 tox|[from] psn\n|-heal|p1a: Gliscor|80\/100 tox|[from] ability: Poison Heal\n|upkeep\n|turn|25\n|\n|t:|1699717626\n|move|p1a: Gliscor|Protect|p1a: Gliscor\n|-singleturn|p1a: Gliscor|Protect\n|move|p2a: Iron Valiant|Calm Mind|p2a: Iron Valiant\n|-boost|p2a: Iron Valiant|spa|1\n|-boost|p2a: Iron Valiant|spd|1\n|\n|-heal|p2a: Iron Valiant|26\/100 tox|[from] Grassy Terrain\n|-damage|p2a: Iron Valiant|13\/100 tox|[from] psn\n|-heal|p1a: Gliscor|92\/100 tox|[from] ability: Poison Heal\n|-sideend|p2: MeGustoLatinas|Reflect\n|upkeep\n|turn|26\n|\n|t:|1699717636\n|move|p2a: Iron Valiant|Moonblast|p1a: Gliscor\n|-damage|p1a: Gliscor|0 fnt\n|faint|p1a: Gliscor\n|\n|-heal|p2a: Iron Valiant|20\/100 tox|[from] Grassy Terrain\n|-damage|p2a: Iron Valiant|1\/100 tox|[from] psn\n|-sideend|p2: MeGustoLatinas|move: Light Screen\n|-fieldend|move: Grassy Terrain\n|upkeep\n|\n|t:|1699717639\n|switch|p1a: Dragonite|Dragonite, F|100\/100\n|turn|27\n|\n|t:|1699717646\n|move|p1a: Dragonite|Extreme Speed|p2a: Iron Valiant\n|-damage|p2a: Iron Valiant|0 fnt\n|faint|p2a: Iron Valiant\n|-end|p2a: Iron Valiant|Quark Drive|[silent]\n|\n|upkeep\n|\n|t:|1699717651\n|switch|p2a: Rillaboom|Rillaboom, F|80\/100\n|-damage|p2a: Rillaboom|68\/100|[from] Stealth Rock\n|-fieldstart|move: Grassy Terrain|[from] ability: Grassy Surge|[of] p2a: Rillaboom\n|turn|28\n|\n|t:|1699717657\n|-terastallize|p1a: Dragonite|Normal\n|move|p2a: Rillaboom|Knock Off|p1a: Dragonite\n|-damage|p1a: Dragonite|75\/100\n|-enditem|p1a: Dragonite|Heavy-Duty Boots|[from] move: Knock Off|[of] p2a: Rillaboom\n|move|p1a: Dragonite|Dragon Dance|p1a: Dragonite\n|-boost|p1a: Dragonite|atk|1\n|-boost|p1a: Dragonite|spe|1\n|\n|-heal|p1a: Dragonite|82\/100|[from] Grassy Terrain\n|-heal|p2a: Rillaboom|74\/100|[from] Grassy Terrain\n|upkeep\n|turn|29\n|\n|t:|1699717667\n|switch|p2a: Kingambit|Kingambit, F|100\/100\n|-damage|p2a: Kingambit|94\/100|[from] Stealth Rock\n|-activate|p2a: Kingambit|ability: Supreme Overlord\n|-start|p2a: Kingambit|fallen4|[silent]\n|move|p1a: Dragonite|Fire Punch|p2a: Kingambit\n|-supereffective|p2a: Kingambit\n|-damage|p2a: Kingambit|26\/100\n|\n|-heal|p1a: Dragonite|88\/100|[from] Grassy Terrain\n|-heal|p2a: Kingambit|33\/100|[from] Grassy Terrain\n|upkeep\n|turn|30\n|\n|t:|1699717679\n|move|p2a: Kingambit|Sucker Punch|p1a: Dragonite\n|-damage|p1a: Dragonite|5\/100\n|move|p1a: Dragonite|Fire Punch|p2a: Kingambit\n|-supereffective|p2a: Kingambit\n|-damage|p2a: Kingambit|0 fnt\n|faint|p2a: Kingambit\n|-end|p2a: Kingambit|fallen4|[silent]\n|\n|-heal|p1a: Dragonite|11\/100|[from] Grassy Terrain\n|upkeep\n|\n|t:|1699717688\n|switch|p2a: Rillaboom|Rillaboom, F|74\/100\n|-damage|p2a: Rillaboom|62\/100|[from] Stealth Rock\n|turn|31\n|\n|t:|1699717696\n|move|p2a: Rillaboom|Grassy Glide|p1a: Dragonite\n|-damage|p1a: Dragonite|0 fnt\n|faint|p1a: Dragonite\n|\n|-heal|p2a: Rillaboom|68\/100|[from] Grassy Terrain\n|upkeep\n|\n|t:|1699717699\n|switch|p1a: Cinderace|Cinderace, M|100\/100\n|turn|32\n|\n|t:|1699717703\n|move|p2a: Rillaboom|Grassy Glide|p1a: Cinderace\n|-resisted|p1a: Cinderace\n|-damage|p1a: Cinderace|61\/100\n|move|p1a: Cinderace|Pyro Ball|p2a: Rillaboom\n|-supereffective|p2a: Rillaboom\n|-damage|p2a: Rillaboom|0 fnt\n|faint|p2a: Rillaboom\n|\n|win|AkiDes\n|raw|AkiDes's rating: 1114 &rarr; <strong>1145<\/strong><br \/>(+31 for winning)\n|raw|MeGustoLatinas's rating: 1202 &rarr; <strong>1171<\/strong><br \/>(-31 for losing)\n|l|\u2606MeGustoLatinas\n|c|\u2606AkiDes|gg\n","uploadtime":1699717710,"views":15,"p1id":"akides","p2id":"megustolatinas","formatid":"gen9ou","rating":1145,"private":0,"password":""}