{"id":"gen9ou-2000086895","p1":"metronome11","p2":"FRANKBLOCK","format":"[Gen 9] OU","log":"|j|\u2606metronome11\n|j|\u2606FRANKBLOCK\n|t:|1701152293\n|gametype|singles\n|player|p1|metronome11|2|1192\n|player|p2|FRANKBLOCK|ltsurge|1138\n|teamsize|p1|6\n|teamsize|p2|6\n|gen|9\n|tier|[Gen 9] OU\n|rated|\n|rule|Sleep Clause Mod: Limit one foe put to sleep\n|rule|Species Clause: Limit one of each Pok\u00e9mon\n|rule|OHKO Clause: OHKO moves are banned\n|rule|Evasion Items Clause: Evasion items are banned\n|rule|Evasion Moves Clause: Evasion moves are banned\n|rule|Endless Battle Clause: Forcing endless battles is banned\n|rule|HP Percentage Mod: HP is shown in percentages\n|clearpoke\n|poke|p1|Grafaiai, M|\n|poke|p1|Great Tusk|\n|poke|p1|Torkoal, F|\n|poke|p1|Walking Wake|\n|poke|p1|Cinderace, M|\n|poke|p1|Dragapult, M|\n|poke|p2|Torkoal, M|\n|poke|p2|Walking Wake|\n|poke|p2|Cinderace, M|\n|poke|p2|Sandy Shocks|\n|poke|p2|Slither Wing|\n|poke|p2|Rillaboom, M|\n|teampreview\n|\n|t:|1701152307\n|start\n|switch|p1a: Great Tusk|Great Tusk|100\/100\n|switch|p2a: Rillaboom|Rillaboom, M|100\/100\n|-fieldstart|move: Grassy Terrain|[from] ability: Grassy Surge|[of] p2a: Rillaboom\n|turn|1\n|\n|t:|1701152314\n|-end|p1a: Great Tusk|Protosynthesis|[silent]\n|switch|p1a: Cinderace|Cinderace, M|100\/100\n|move|p2a: Rillaboom|Drum Beating|p1a: Cinderace\n|-resisted|p1a: Cinderace\n|-damage|p1a: Cinderace|59\/100\n|-unboost|p1a: Cinderace|spe|1\n|\n|-heal|p1a: Cinderace|65\/100|[from] Grassy Terrain\n|upkeep\n|turn|2\n|\n|t:|1701152330\n|move|p1a: Cinderace|Pyro Ball|p2a: Rillaboom\n|-supereffective|p2a: Rillaboom\n|-damage|p2a: Rillaboom|0 fnt\n|faint|p2a: Rillaboom\n|\n|-heal|p1a: Cinderace|71\/100|[from] Grassy Terrain\n|upkeep\n|\n|t:|1701152337\n|switch|p2a: Walking Wake|Walking Wake|100\/100\n|turn|3\n|\n|t:|1701152358\n|switch|p1a: Great Tusk|Great Tusk|100\/100\n|move|p2a: Walking Wake|Dragon Pulse|p1a: Great Tusk\n|-damage|p1a: Great Tusk|40\/100\n|\n|-heal|p1a: Great Tusk|46\/100|[from] Grassy Terrain\n|upkeep\n|turn|4\n|\n|t:|1701152364\n|move|p2a: Walking Wake|Dragon Pulse|p1a: Great Tusk\n|-crit|p1a: Great Tusk\n|-damage|p1a: Great Tusk|0 fnt\n|faint|p1a: Great Tusk\n|-end|p1a: Great Tusk|Protosynthesis|[silent]\n|\n|upkeep\n|\n|t:|1701152381\n|switch|p1a: Torkoal|Torkoal, F|100\/100\n|-weather|SunnyDay|[from] ability: Drought|[of] p1a: Torkoal\n|-activate|p2a: Walking Wake|ability: Protosynthesis\n|-start|p2a: Walking Wake|protosynthesisspe\n|turn|5\n|\n|t:|1701152388\n|move|p2a: Walking Wake|Dragon Pulse|p1a: Torkoal\n|-damage|p1a: Torkoal|43\/100\n|move|p1a: Torkoal|Solar Beam||[still]\n|-prepare|p1a: Torkoal|Solar Beam\n|-anim|p1a: Torkoal|Solar Beam|p2a: Walking Wake\n|-damage|p2a: Walking Wake|59\/100\n|\n|-weather|SunnyDay|[upkeep]\n|-heal|p2a: Walking Wake|65\/100|[from] Grassy Terrain\n|-heal|p1a: Torkoal|49\/100|[from] Grassy Terrain\n|upkeep\n|turn|6\n|\n|t:|1701152397\n|move|p2a: Walking Wake|Dragon Pulse|p1a: Torkoal\n|-damage|p1a: Torkoal|0 fnt\n|faint|p1a: Torkoal\n|\n|-weather|SunnyDay|[upkeep]\n|-heal|p2a: Walking Wake|72\/100|[from] Grassy Terrain\n|upkeep\n|\n|t:|1701152399\n|switch|p1a: Walking Wake|Walking Wake|100\/100\n|-activate|p1a: Walking Wake|ability: Protosynthesis\n|-start|p1a: Walking Wake|protosynthesisspe\n|turn|7\n|\n|t:|1701152405\n|-terastallize|p1a: Walking Wake|Water\n|move|p2a: Walking Wake|Dragon Pulse|p1a: Walking Wake\n|-crit|p1a: Walking Wake\n|-damage|p1a: Walking Wake|0 fnt\n|faint|p1a: Walking Wake\n|-end|p1a: Walking Wake|Protosynthesis|[silent]\n|\n|-weather|SunnyDay|[upkeep]\n|-heal|p2a: Walking Wake|78\/100|[from] Grassy Terrain\n|upkeep\n|c|\u2606FRANKBLOCK|ez\n|\n|t:|1701152415\n|switch|p1a: Grafaiai|Grafaiai, M|100\/100\n|turn|8\n|\n|t:|1701152423\n|-end|p2a: Walking Wake|Protosynthesis|[silent]\n|switch|p2a: Sandy Shocks|Sandy Shocks|100\/100\n|-activate|p2a: Sandy Shocks|ability: Protosynthesis\n|-start|p2a: Sandy Shocks|protosynthesisspe\n|move|p1a: Grafaiai|Swagger|p2a: Sandy Shocks\n|-boost|p2a: Sandy Shocks|atk|2\n|-enditem|p1a: Grafaiai|Mirror Herb\n|-boost|p1a: Grafaiai|atk|2|[from] item: Mirror Herb\n|-start|p2a: Sandy Shocks|confusion\n|\n|-weather|SunnyDay|[upkeep]\n|-fieldend|move: Grassy Terrain\n|upkeep\n|turn|9\n|\n|t:|1701152441\n|move|p1a: Grafaiai|Knock Off|p2a: Sandy Shocks\n|-damage|p2a: Sandy Shocks|31\/100\n|-enditem|p2a: Sandy Shocks|Life Orb|[from] move: Knock Off|[of] p1a: Grafaiai\n|-activate|p2a: Sandy Shocks|confusion\n|move|p2a: Sandy Shocks|Earth Power|p1a: Grafaiai\n|-supereffective|p1a: Grafaiai\n|-damage|p1a: Grafaiai|0 fnt\n|faint|p1a: Grafaiai\n|\n|-weather|SunnyDay|[upkeep]\n|upkeep\n|\n|t:|1701152448\n|switch|p1a: Cinderace|Cinderace, M|71\/100\n|turn|10\n|\n|t:|1701152452\n|-end|p2a: Sandy Shocks|Protosynthesis|[silent]\n|switch|p2a: Slither Wing|Slither Wing|100\/100\n|-activate|p2a: Slither Wing|ability: Protosynthesis\n|-start|p2a: Slither Wing|protosynthesisatk\n|move|p1a: Cinderace|Sucker Punch||[still]\n|-fail|p1a: Cinderace\n|\n|-weather|SunnyDay|[upkeep]\n|upkeep\n|turn|11\n|\n|t:|1701152456\n|move|p2a: Slither Wing|First Impression|p1a: Cinderace\n|-resisted|p1a: Cinderace\n|-damage|p1a: Cinderace|0 fnt\n|faint|p1a: Cinderace\n|\n|-weather|SunnyDay|[upkeep]\n|upkeep\n|\n|t:|1701152459\n|switch|p1a: Dragapult|Dragapult, M|100\/100\n|turn|12\n|\n|t:|1701152467\n|-end|p2a: Slither Wing|Protosynthesis|[silent]\n|switch|p2a: Cinderace|Cinderace, M|100\/100\n|move|p1a: Dragapult|Dragon Dance|p1a: Dragapult\n|-boost|p1a: Dragapult|atk|1\n|-boost|p1a: Dragapult|spe|1\n|\n|-weather|none\n|upkeep\n|turn|13\n|\n|t:|1701152485\n|move|p1a: Dragapult|Dragon Dance|p1a: Dragapult\n|-boost|p1a: Dragapult|atk|1\n|-boost|p1a: Dragapult|spe|1\n|move|p2a: Cinderace|Pyro Ball|p1a: Dragapult\n|-resisted|p1a: Dragapult\n|-damage|p1a: Dragapult|39\/100\n|-enditem|p1a: Dragapult|Sitrus Berry|[eat]\n|-heal|p1a: Dragapult|64\/100|[from] item: Sitrus Berry\n|\n|upkeep\n|turn|14\n|\n|t:|1701152497\n|switch|p2a: Sandy Shocks|Sandy Shocks|31\/100\n|move|p1a: Dragapult|Dragon Darts|p2a: Sandy Shocks\n|-damage|p2a: Sandy Shocks|0 fnt\n|faint|p2a: Sandy Shocks\n|-end|p2a: Sandy Shocks|Protosynthesis|[silent]\n|\n|upkeep\n|\n|t:|1701152502\n|switch|p2a: Slither Wing|Slither Wing|100\/100\n|turn|15\n|\n|t:|1701152507\n|move|p2a: Slither Wing|First Impression|p1a: Dragapult\n|-resisted|p1a: Dragapult\n|-damage|p1a: Dragapult|7\/100\n|move|p1a: Dragapult|Acrobatics|p2a: Slither Wing\n|-supereffective|p2a: Slither Wing\n|-damage|p2a: Slither Wing|0 fnt\n|faint|p2a: Slither Wing\n|-end|p2a: Slither Wing|Protosynthesis|[silent]\n|\n|upkeep\n|\n|t:|1701152510\n|switch|p2a: Cinderace|Cinderace, M|100\/100\n|turn|16\n|\n|t:|1701152518\n|move|p2a: Cinderace|Sucker Punch|p1a: Dragapult\n|-start|p2a: Cinderace|typechange|Dark|[from] ability: Libero\n|-supereffective|p1a: Dragapult\n|-damage|p1a: Dragapult|0 fnt\n|faint|p1a: Dragapult\n|\n|win|FRANKBLOCK\n|raw|metronome11's rating: 1192 &rarr; <strong>1163<\/strong><br \/>(-29 for losing)\n|raw|FRANKBLOCK's rating: 1138 &rarr; <strong>1167<\/strong><br \/>(+29 for winning)\n|l|\u2606metronome11\n","uploadtime":1701152530,"views":3,"p1id":"metronome11","p2id":"frankblock","formatid":"gen9ou","rating":1163,"private":0,"password":""}