{"id":"gen9ou-1991577782","p1":"CheetosD","p2":"ckjr1","format":"[Gen 9] OU","log":"|j|\u2606CheetosD\n|j|\u2606ckjr1\n|t:|1700090301\n|gametype|singles\n|player|p1|CheetosD|skierf|1148\n|player|p2|ckjr1|cynthia-gen4|1148\n|teamsize|p1|6\n|teamsize|p2|6\n|gen|9\n|tier|[Gen 9] OU\n|rated|\n|rule|Sleep Clause Mod: Limit one foe put to sleep\n|rule|Species Clause: Limit one of each Pok\u00e9mon\n|rule|OHKO Clause: OHKO moves are banned\n|rule|Evasion Items Clause: Evasion items are banned\n|rule|Evasion Moves Clause: Evasion moves are banned\n|rule|Endless Battle Clause: Forcing endless battles is banned\n|rule|HP Percentage Mod: HP is shown in percentages\n|clearpoke\n|poke|p1|Uxie|\n|poke|p1|Zapdos|\n|poke|p1|Hoopa-Unbound|\n|poke|p1|Zoroark-Hisui, M|\n|poke|p1|Kingambit, F|\n|poke|p1|Jumpluff, M|\n|poke|p2|Alomomola, F|\n|poke|p2|Garchomp, F|\n|poke|p2|Cinderace, F|\n|poke|p2|Thundurus-Therian, M|\n|poke|p2|Tinkaton, F|\n|poke|p2|Tornadus-Therian, M|\n|teampreview\n|inactive|Battle timer is ON: inactive players will automatically lose when time's up. (requested by ckjr1)\n|inactive|CheetosD also wants the timer to be on.\n|\n|t:|1700090312\n|start\n|switch|p1a: Kingambit|Kingambit, F|100\/100\n|switch|p2a: Tinkaton|Tinkaton, F, shiny|100\/100\n|-ability|p2a: Tinkaton|Mold Breaker\n|turn|1\n|\n|t:|1700090333\n|move|p1a: Kingambit|Bitter Malice|p2a: Tinkaton\n|-damage|p2a: Tinkaton|60\/100\n|-unboost|p2a: Tinkaton|atk|1\n|-damage|p1a: Kingambit|91\/100|[from] item: Life Orb\n|move|p2a: Tinkaton|Thunder Wave|p1a: Kingambit\n|-status|p1a: Kingambit|par\n|\n|-heal|p2a: Tinkaton|66\/100|[from] item: Leftovers\n|upkeep\n|turn|2\n|\n|t:|1700090351\n|switch|p1a: Jumpluff|Jumpluff, M|100\/100\n|move|p2a: Tinkaton|Knock Off|p1a: Jumpluff\n|-damage|p1a: Jumpluff|91\/100\n|\n|-heal|p2a: Tinkaton|72\/100|[from] item: Leftovers\n|upkeep\n|turn|3\n|\n|t:|1700090370\n|move|p1a: Jumpluff|Leech Seed|p2a: Tinkaton\n|-start|p2a: Tinkaton|move: Leech Seed\n|move|p2a: Tinkaton|Thunder Wave|p1a: Jumpluff\n|-status|p1a: Jumpluff|par\n|\n|-heal|p2a: Tinkaton|78\/100|[from] item: Leftovers\n|-damage|p2a: Tinkaton|66\/100|[from] Leech Seed|[of] p1a: Jumpluff\n|-heal|p1a: Jumpluff|100\/100 par|[silent]\n|upkeep\n|turn|4\n|\n|t:|1700090376\n|switch|p2a: Cinderace|Cinderace, F|100\/100\n|cant|p1a: Jumpluff|par\n|\n|upkeep\n|turn|5\n|\n|t:|1700090393\n|-terastallize|p1a: Jumpluff|Water\n|move|p2a: Cinderace|Pyro Ball|p1a: Jumpluff\n|-resisted|p1a: Jumpluff\n|-damage|p1a: Jumpluff|64\/100 par\n|cant|p1a: Jumpluff|par\n|\n|upkeep\n|turn|6\n|\n|t:|1700090399\n|move|p1a: Jumpluff|Protect|p1a: Jumpluff\n|-singleturn|p1a: Jumpluff|Protect\n|move|p2a: Cinderace|U-turn|p1a: Jumpluff\n|-start|p2a: Cinderace|typechange|Bug|[from] ability: Libero\n|-activate|p1a: Jumpluff|move: Protect\n|\n|upkeep\n|turn|7\n|\n|t:|1700090408\n|switch|p1a: Kingambit|Kingambit, F|91\/100 par\n|move|p2a: Cinderace|U-turn|p1a: Kingambit\n|-resisted|p1a: Kingambit\n|-damage|p1a: Kingambit|58\/100 par\n|replace|p1a: Zoroark|Zoroark-Hisui, M\n|-end|p1a: Zoroark|Illusion\n|\n|t:|1700090418\n|switch|p2a: Tinkaton|Tinkaton, F, shiny|66\/100|[from] U-turn\n|-ability|p2a: Tinkaton|Mold Breaker\n|\n|-heal|p2a: Tinkaton|72\/100|[from] item: Leftovers\n|upkeep\n|turn|8\n|\n|t:|1700090421\n|move|p2a: Tinkaton|Knock Off|p1a: Zoroark\n|-supereffective|p1a: Zoroark\n|-damage|p1a: Zoroark|0 fnt\n|-enditem|p1a: Zoroark|Life Orb|[from] move: Knock Off|[of] p2a: Tinkaton\n|faint|p1a: Zoroark\n|\n|-heal|p2a: Tinkaton|78\/100|[from] item: Leftovers\n|upkeep\n|\n|t:|1700090427\n|switch|p1a: Uxie|Uxie|100\/100\n|turn|9\n|\n|t:|1700090428\n|move|p2a: Tinkaton|Knock Off|p1a: Uxie\n|-supereffective|p1a: Uxie\n|-damage|p1a: Uxie|72\/100\n|-enditem|p1a: Uxie|Light Clay|[from] move: Knock Off|[of] p2a: Tinkaton\n|move|p1a: Uxie|Thunder Wave|p2a: Tinkaton\n|-status|p2a: Tinkaton|par\n|\n|-heal|p2a: Tinkaton|84\/100 par|[from] item: Leftovers\n|upkeep\n|turn|10\n|\n|t:|1700090434\n|move|p1a: Uxie|Reflect|p1a: Uxie\n|-sidestart|p1: CheetosD|Reflect\n|move|p2a: Tinkaton|Encore|p1a: Uxie\n|-start|p1a: Uxie|Encore\n|\n|-heal|p2a: Tinkaton|91\/100 par|[from] item: Leftovers\n|upkeep\n|turn|11\n|\n|t:|1700090444\n|switch|p1a: Hoopa|Hoopa-Unbound|100\/100\n|switch|p2a: Thundurus|Thundurus-Therian, M|100\/100\n|\n|upkeep\n|turn|12\n|\n|t:|1700090462\n|move|p2a: Thundurus|Volt Switch|p1a: Hoopa\n|-damage|p1a: Hoopa|51\/100\n|\n|t:|1700090465\n|switch|p2a: Cinderace|Cinderace, F|100\/100|[from] Volt Switch\n|move|p1a: Hoopa|Fling|p2a: Cinderace\n|-damage|p2a: Cinderace|0 fnt\n|-enditem|p1a: Hoopa|Big Nugget|[from] move: Fling\n|faint|p2a: Cinderace\n|\n|upkeep\n|\n|t:|1700090470\n|switch|p2a: Thundurus|Thundurus-Therian, M|100\/100\n|turn|13\n|\n|t:|1700090474\n|-terastallize|p2a: Thundurus|Ice\n|move|p1a: Hoopa|Protect|p1a: Hoopa\n|-singleturn|p1a: Hoopa|Protect\n|move|p2a: Thundurus|Tera Blast|p1a: Hoopa|[anim] Tera Blast Ice\n|-activate|p1a: Hoopa|move: Protect\n|\n|upkeep\n|turn|14\n|\n|t:|1700090485\n|switch|p1a: Uxie|Uxie|72\/100\n|move|p2a: Thundurus|Tera Blast|p1a: Uxie|[anim] Tera Blast Ice\n|-damage|p1a: Uxie|35\/100\n|\n|-sideend|p1: CheetosD|Reflect\n|upkeep\n|turn|15\n|\n|t:|1700090489\n|move|p2a: Thundurus|Tera Blast|p1a: Uxie|[anim] Tera Blast Ice\n|-damage|p1a: Uxie|0 fnt\n|faint|p1a: Uxie\n|\n|upkeep\n|\n|t:|1700090493\n|switch|p1a: Kingambit|Kingambit, F|100\/100\n|turn|16\n|\n|t:|1700090498\n|switch|p2a: Tinkaton|Tinkaton, F, shiny|91\/100 par\n|-ability|p2a: Tinkaton|Mold Breaker\n|move|p1a: Kingambit|Swords Dance|p1a: Kingambit\n|-boost|p1a: Kingambit|atk|2\n|\n|-heal|p2a: Tinkaton|97\/100 par|[from] item: Leftovers\n|upkeep\n|turn|17\n|\n|t:|1700090505\n|move|p1a: Kingambit|Iron Head|p2a: Tinkaton\n|-damage|p2a: Tinkaton|4\/100 par\n|cant|p2a: Tinkaton|flinch\n|\n|-heal|p2a: Tinkaton|10\/100 par|[from] item: Leftovers\n|upkeep\n|turn|18\n|\n|t:|1700090516\n|move|p1a: Kingambit|Iron Head|p2a: Tinkaton\n|-damage|p2a: Tinkaton|0 fnt\n|faint|p2a: Tinkaton\n|\n|upkeep\n|\n|t:|1700090545\n|switch|p2a: Garchomp|Garchomp, F|100\/100\n|turn|19\n|inactive|CheetosD has 120 seconds left.\n|\n|t:|1700090580\n|move|p1a: Kingambit|Sucker Punch|p2a: Garchomp\n|-damage|p2a: Garchomp|16\/100\n|-damage|p1a: Kingambit|88\/100|[from] ability: Rough Skin|[of] p2a: Garchomp\n|move|p2a: Garchomp|Stone Edge|p1a: Kingambit\n|-resisted|p1a: Kingambit\n|-damage|p1a: Kingambit|75\/100\n|\n|upkeep\n|turn|20\n|\n|t:|1700090592\n|move|p1a: Kingambit|Sucker Punch||[still]\n|-fail|p1a: Kingambit\n|move|p2a: Garchomp|Swords Dance|p2a: Garchomp\n|-boost|p2a: Garchomp|atk|2\n|\n|upkeep\n|turn|21\n|\n|t:|1700090599\n|move|p1a: Kingambit|Sucker Punch||[still]\n|-fail|p1a: Kingambit\n|move|p2a: Garchomp|Swords Dance|p2a: Garchomp\n|-boost|p2a: Garchomp|atk|2\n|\n|upkeep\n|turn|22\n|\n|t:|1700090603\n|move|p2a: Garchomp|Swords Dance|p2a: Garchomp\n|-boost|p2a: Garchomp|atk|2\n|move|p1a: Kingambit|Kowtow Cleave|p2a: Garchomp\n|-damage|p2a: Garchomp|0 fnt\n|-damage|p1a: Kingambit|63\/100|[from] ability: Rough Skin|[of] p2a: Garchomp\n|faint|p2a: Garchomp\n|\n|upkeep\n|\n|t:|1700090606\n|switch|p2a: Tornadus|Tornadus-Therian, M|100\/100\n|turn|23\n|\n|t:|1700090608\n|move|p1a: Kingambit|Sucker Punch|p2a: Tornadus\n|-damage|p2a: Tornadus|0 fnt\n|faint|p2a: Tornadus\n|\n|upkeep\n|\n|t:|1700090611\n|switch|p2a: Thundurus|Thundurus-Therian, M, tera:Ice|100\/100\n|turn|24\n|\n|t:|1700090614\n|move|p1a: Kingambit|Sucker Punch|p2a: Thundurus\n|-damage|p2a: Thundurus|0 fnt\n|faint|p2a: Thundurus\n|\n|upkeep\n|-message|ckjr1 forfeited.\n|\n|win|CheetosD\n|raw|CheetosD's rating: 1148 &rarr; <strong>1173<\/strong><br \/>(+25 for winning)\n|raw|ckjr1's rating: 1148 &rarr; <strong>1123<\/strong><br \/>(-25 for losing)\n|l|\u2606ckjr1\n","uploadtime":1700090631,"views":8,"p1id":"cheetosd","p2id":"ckjr1","formatid":"gen9ou","rating":1123,"private":0,"password":""}