{"id":"gen9ou-1995389429","p1":"KurumiTokisakilove","p2":"yfleshcatchy","format":"[Gen 9] OU","log":"|j|\u2606KurumiTokisakilove\n|j|\u2606yfleshcatchy\n|t:|1700564188\n|gametype|singles\n|player|p1|KurumiTokisakilove|sabrina-gen2|1544\n|player|p2|yfleshcatchy|saguaro|1557\n|teamsize|p1|6\n|teamsize|p2|6\n|gen|9\n|tier|[Gen 9] OU\n|rated|\n|rule|Sleep Clause Mod: Limit one foe put to sleep\n|rule|Species Clause: Limit one of each Pok\u00e9mon\n|rule|OHKO Clause: OHKO moves are banned\n|rule|Evasion Items Clause: Evasion items are banned\n|rule|Evasion Moves Clause: Evasion moves are banned\n|rule|Endless Battle Clause: Forcing endless battles is banned\n|rule|HP Percentage Mod: HP is shown in percentages\n|clearpoke\n|poke|p1|Glimmora, F|\n|poke|p1|Ditto|\n|poke|p1|Manaphy|\n|poke|p1|Kleavor, M|\n|poke|p1|Samurott-Hisui, F|\n|poke|p1|Gholdengo|\n|poke|p2|Walking Wake|\n|poke|p2|Maushold-Four|\n|poke|p2|Dragonite, M|\n|poke|p2|Weezing-Galar, M|\n|poke|p2|Great Tusk|\n|poke|p2|Muk-Alola, F|\n|teampreview\n|inactive|Battle timer is ON: inactive players will automatically lose when time's up. (requested by KurumiTokisakilove)\n|\n|t:|1700564193\n|start\n|switch|p1a: Kleavor|Kleavor, M|100\/100\n|switch|p2a: Walking Wake|Walking Wake|100\/100\n|turn|1\n|\n|t:|1700564199\n|move|p2a: Walking Wake|Hydro Steam|p1a: Kleavor\n|-supereffective|p1a: Kleavor\n|-damage|p1a: Kleavor|0 fnt\n|faint|p1a: Kleavor\n|\n|upkeep\n|\n|t:|1700564209\n|switch|p1a: Manaphy|Manaphy|100\/100\n|turn|2\n|\n|t:|1700564237\n|-end|p2a: Walking Wake|Protosynthesis|[silent]\n|switch|p2a: Maushold|Maushold-Four|100\/100\n|move|p1a: Manaphy|Take Heart|p1a: Manaphy\n|-boost|p1a: Manaphy|spa|1\n|-boost|p1a: Manaphy|spd|1\n|\n|upkeep\n|turn|3\n|\n|t:|1700564243\n|move|p2a: Maushold|Encore|p1a: Manaphy\n|-start|p1a: Manaphy|Encore\n|move|p1a: Manaphy|Take Heart|p1a: Manaphy\n|-boost|p1a: Manaphy|spa|1\n|-boost|p1a: Manaphy|spd|1\n|\n|upkeep\n|turn|4\n|\n|t:|1700564252\n|switch|p1a: Gholdengo|Gholdengo|100\/100\n|move|p2a: Maushold|Tidy Up|p2a: Maushold\n|-boost|p2a: Maushold|atk|1\n|-boost|p2a: Maushold|spe|1\n|\n|upkeep\n|turn|5\n|\n|t:|1700564260\n|move|p2a: Maushold|Bite|p1a: Gholdengo\n|-supereffective|p1a: Gholdengo\n|-damage|p1a: Gholdengo|33\/100\n|move|p1a: Gholdengo|Make It Rain|p2a: Maushold\n|-damage|p2a: Maushold|0 fnt\n|-unboost|p1a: Gholdengo|spa|1\n|faint|p2a: Maushold\n|\n|upkeep\n|\n|t:|1700564264\n|switch|p2a: Walking Wake|Walking Wake|100\/100\n|turn|6\n|\n|t:|1700564270\n|switch|p1a: Manaphy|Manaphy|100\/100\n|move|p2a: Walking Wake|Hydro Steam|p1a: Manaphy\n|-resisted|p1a: Manaphy\n|-damage|p1a: Manaphy|85\/100\n|\n|-heal|p1a: Manaphy|91\/100|[from] item: Leftovers\n|upkeep\n|turn|7\n|\n|t:|1700564275\n|-end|p2a: Walking Wake|Protosynthesis|[silent]\n|switch|p2a: Muk|Muk-Alola, F|100\/100\n|move|p1a: Manaphy|Take Heart|p1a: Manaphy\n|-boost|p1a: Manaphy|spa|1\n|-boost|p1a: Manaphy|spd|1\n|\n|-heal|p1a: Manaphy|97\/100|[from] item: Leftovers\n|upkeep\n|turn|8\n|\n|t:|1700564278\n|move|p1a: Manaphy|Take Heart|p1a: Manaphy\n|-boost|p1a: Manaphy|spa|1\n|-boost|p1a: Manaphy|spd|1\n|move|p2a: Muk|Poison Jab|p1a: Manaphy\n|-damage|p1a: Manaphy|80\/100\n|-status|p1a: Manaphy|psn|[from] ability: Poison Touch|[of] p2a: Muk\n|\n|-heal|p1a: Manaphy|86\/100 psn|[from] item: Leftovers\n|-damage|p1a: Manaphy|74\/100 psn|[from] psn\n|upkeep\n|turn|9\n|\n|t:|1700564299\n|move|p1a: Manaphy|Take Heart|p1a: Manaphy\n|-boost|p1a: Manaphy|spa|1\n|-boost|p1a: Manaphy|spd|1\n|-curestatus|p1a: Manaphy|psn|[msg]\n|move|p2a: Muk|Knock Off|p1a: Manaphy\n|-damage|p1a: Manaphy|54\/100\n|-enditem|p1a: Manaphy|Leftovers|[from] move: Knock Off|[of] p2a: Muk\n|\n|upkeep\n|turn|10\n|\n|t:|1700564303\n|move|p1a: Manaphy|Take Heart|p1a: Manaphy\n|-boost|p1a: Manaphy|spa|1\n|-boost|p1a: Manaphy|spd|1\n|move|p2a: Muk|Poison Jab|p1a: Manaphy\n|-damage|p1a: Manaphy|37\/100\n|\n|upkeep\n|turn|11\n|\n|t:|1700564306\n|move|p1a: Manaphy|Rest|p1a: Manaphy\n|-status|p1a: Manaphy|slp|[from] move: Rest\n|-heal|p1a: Manaphy|100\/100 slp|[silent]\n|move|p2a: Muk|Poison Jab|p1a: Manaphy\n|-damage|p1a: Manaphy|83\/100 slp\n|\n|upkeep\n|turn|12\n|\n|t:|1700564310\n|switch|p2a: Dragonite|Dragonite, M|100\/100\n|cant|p1a: Manaphy|slp\n|move|p1a: Manaphy|Sleep Talk|p1a: Manaphy\n|move|p1a: Manaphy|Scald|p2a: Dragonite|[from]move: Sleep Talk\n|-resisted|p2a: Dragonite\n|-damage|p2a: Dragonite|80\/100\n|\n|upkeep\n|turn|13\n|\n|t:|1700564313\n|move|p2a: Dragonite|Outrage|p1a: Manaphy\n|-damage|p1a: Manaphy|24\/100 slp\n|cant|p1a: Manaphy|slp\n|move|p1a: Manaphy|Sleep Talk|p1a: Manaphy\n|move|p1a: Manaphy|Rest||[from]move: Sleep Talk|[still]\n|-fail|p1a: Manaphy\n|\n|upkeep\n|turn|14\n|\n|t:|1700564319\n|switch|p1a: Glimmora|Glimmora, F|100\/100\n|move|p2a: Dragonite|Outrage|p1a: Glimmora|[from]lockedmove\n|-enditem|p1a: Glimmora|Focus Sash\n|-damage|p1a: Glimmora|1\/100\n|-activate|p1a: Glimmora|ability: Toxic Debris\n|-sidestart|p2: yfleshcatchy|move: Toxic Spikes\n|-start|p2a: Dragonite|confusion|[fatigue]\n|\n|upkeep\n|turn|15\n|\n|t:|1700564325\n|switch|p2a: Weezing|Weezing-Galar, M|100\/100\n|move|p1a: Glimmora|Power Gem|p2a: Weezing\n|-damage|p2a: Weezing|29\/100\n|\n|upkeep\n|turn|16\n|\n|t:|1700564335\n|switch|p2a: Muk|Muk-Alola, F|100\/100\n|-sideend|p2: yfleshcatchy|move: Toxic Spikes|[of] p2a: Muk\n|move|p1a: Glimmora|Power Gem|p2a: Muk\n|-damage|p2a: Muk|77\/100\n|\n|-heal|p2a: Muk|83\/100|[from] item: Black Sludge\n|upkeep\n|turn|17\n|\n|t:|1700564343\n|switch|p2a: Walking Wake|Walking Wake|100\/100\n|move|p1a: Glimmora|Earth Power|p2a: Walking Wake\n|-damage|p2a: Walking Wake|65\/100\n|-unboost|p2a: Walking Wake|spd|1\n|\n|upkeep\n|turn|18\n|\n|t:|1700564349\n|switch|p1a: Ditto|Ditto, shiny|100\/100\n|-transform|p1a: Ditto|p2a: Walking Wake|[from] ability: Imposter\n|move|p2a: Walking Wake|Flip Turn|p1a: Ditto\n|-resisted|p1a: Ditto\n|-damage|p1a: Ditto|96\/100\n|\n|t:|1700564354\n|-end|p2a: Walking Wake|Protosynthesis|[silent]\n|switch|p2a: Dragonite|Dragonite, M|80\/100|[from] Flip Turn\n|\n|upkeep\n|turn|19\n|\n|t:|1700564357\n|switch|p2a: Weezing|Weezing-Galar, M|29\/100\n|move|p1a: Ditto|Draco Meteor|p2a: Weezing\n|-immune|p2a: Weezing\n|\n|upkeep\n|turn|20\n|\n|t:|1700564379\n|-end|p1a: Ditto|Protosynthesis|[silent]\n|switch|p1a: Gholdengo|Gholdengo|33\/100\n|move|p2a: Weezing|Strange Steam|p1a: Gholdengo\n|-resisted|p1a: Gholdengo\n|-damage|p1a: Gholdengo|0 fnt\n|faint|p1a: Gholdengo\n|\n|upkeep\n|\n|t:|1700564387\n|switch|p1a: Manaphy|Manaphy|24\/100 slp\n|turn|21\n|\n|t:|1700564403\n|-curestatus|p1a: Manaphy|slp|[msg]\n|move|p1a: Manaphy|Rest|p1a: Manaphy\n|-status|p1a: Manaphy|slp|[from] move: Rest\n|-heal|p1a: Manaphy|100\/100 slp|[silent]\n|move|p2a: Weezing|Strange Steam|p1a: Manaphy\n|-damage|p1a: Manaphy|55\/100 slp\n|-start|p1a: Manaphy|confusion\n|\n|upkeep\n|turn|22\n|\n|t:|1700564411\n|switch|p1a: Glimmora|Glimmora, F|1\/100\n|move|p2a: Weezing|Strange Steam|p1a: Glimmora\n|-resisted|p1a: Glimmora\n|-damage|p1a: Glimmora|0 fnt\n|faint|p1a: Glimmora\n|\n|upkeep\n|\n|t:|1700564415\n|switch|p1a: Samurott|Samurott-Hisui, F|100\/100\n|turn|23\n|\n|t:|1700564440\n|move|p1a: Samurott|Aqua Cutter|p2a: Weezing\n|-damage|p2a: Weezing|0 fnt\n|faint|p2a: Weezing\n|\n|upkeep\n|inactive|yfleshcatchy has 120 seconds left.\n|\n|t:|1700564458\n|switch|p2a: Walking Wake|Walking Wake|65\/100\n|turn|24\n|\n|t:|1700564470\n|move|p2a: Walking Wake|Flip Turn|p1a: Samurott\n|-resisted|p1a: Samurott\n|-damage|p1a: Samurott|90\/100\n|\n|t:|1700564473\n|-end|p2a: Walking Wake|Protosynthesis|[silent]\n|switch|p2a: Great Tusk|Great Tusk|100\/100|[from] Flip Turn\n|move|p1a: Samurott|Ceaseless Edge|p2a: Great Tusk|[miss]\n|-miss|p1a: Samurott|p2a: Great Tusk\n|\n|upkeep\n|turn|25\n|\n|t:|1700564477\n|move|p1a: Samurott|Aqua Cutter|p2a: Great Tusk\n|-supereffective|p2a: Great Tusk\n|-damage|p2a: Great Tusk|59\/100\n|move|p2a: Great Tusk|Rapid Spin|p1a: Samurott\n|-damage|p1a: Samurott|70\/100\n|-boost|p2a: Great Tusk|spe|1\n|\n|upkeep\n|turn|26\n|\n|t:|1700564482\n|move|p2a: Great Tusk|Earthquake|p1a: Samurott\n|-damage|p1a: Samurott|10\/100\n|move|p1a: Samurott|Aqua Cutter|p2a: Great Tusk\n|-supereffective|p2a: Great Tusk\n|-damage|p2a: Great Tusk|16\/100\n|\n|upkeep\n|turn|27\n|\n|t:|1700564486\n|move|p1a: Samurott|Sucker Punch|p2a: Great Tusk\n|-resisted|p2a: Great Tusk\n|-damage|p2a: Great Tusk|7\/100\n|-damage|p1a: Samurott|0 fnt|[from] item: Rocky Helmet|[of] p2a: Great Tusk\n|faint|p1a: Samurott\n|move|p2a: Great Tusk|Rapid Spin|p1: Samurott|[notarget]\n|-fail|p2a: Great Tusk\n|\n|upkeep\n|\n|t:|1700564490\n|switch|p1a: Ditto|Ditto, shiny|96\/100\n|-transform|p1a: Ditto|p2a: Great Tusk|[from] ability: Imposter\n|turn|28\n|\n|t:|1700564504\n|move|p1a: Ditto|Ice Spinner|p2a: Great Tusk\n|-supereffective|p2a: Great Tusk\n|-damage|p2a: Great Tusk|0 fnt\n|-damage|p1a: Ditto|79\/100|[from] item: Rocky Helmet|[of] p2a: Great Tusk\n|faint|p2a: Great Tusk\n|-end|p2a: Great Tusk|Protosynthesis|[silent]\n|\n|upkeep\n|\n|t:|1700564508\n|switch|p2a: Walking Wake|Walking Wake|65\/100\n|turn|29\n|\n|t:|1700564511\n|move|p2a: Walking Wake|Draco Meteor|p1a: Ditto\n|-damage|p1a: Ditto|0 fnt\n|-unboost|p2a: Walking Wake|spa|2\n|faint|p1a: Ditto\n|-end|p1a: Ditto|Protosynthesis|[silent]\n|\n|upkeep\n|\n|t:|1700564514\n|switch|p1a: Manaphy|Manaphy|55\/100 slp\n|turn|30\n|\n|t:|1700564518\n|move|p2a: Walking Wake|Draco Meteor|p1a: Manaphy\n|-damage|p1a: Manaphy|28\/100 slp\n|-unboost|p2a: Walking Wake|spa|2\n|cant|p1a: Manaphy|slp\n|move|p1a: Manaphy|Sleep Talk|p1a: Manaphy\n|move|p1a: Manaphy|Take Heart|p1a: Manaphy|[from]move: Sleep Talk\n|-boost|p1a: Manaphy|spa|1\n|-boost|p1a: Manaphy|spd|1\n|-curestatus|p1a: Manaphy|slp|[msg]\n|\n|upkeep\n|turn|31\n|\n|t:|1700564523\n|move|p2a: Walking Wake|Draco Meteor|p1a: Manaphy\n|-damage|p1a: Manaphy|17\/100\n|-unboost|p2a: Walking Wake|spa|2\n|move|p1a: Manaphy|Rest|p1a: Manaphy\n|-status|p1a: Manaphy|slp|[from] move: Rest\n|-heal|p1a: Manaphy|100\/100 slp|[silent]\n|\n|upkeep\n|turn|32\n|\n|t:|1700564526\n|-end|p2a: Walking Wake|Protosynthesis|[silent]\n|switch|p2a: Muk|Muk-Alola, F|83\/100\n|cant|p1a: Manaphy|slp\n|move|p1a: Manaphy|Sleep Talk|p1a: Manaphy\n|move|p1a: Manaphy|Rest||[from]move: Sleep Talk|[still]\n|-fail|p1a: Manaphy\n|\n|-heal|p2a: Muk|89\/100|[from] item: Black Sludge\n|upkeep\n|turn|33\n|\n|t:|1700564532\n|switch|p2a: Dragonite|Dragonite, M|80\/100\n|cant|p1a: Manaphy|slp\n|move|p1a: Manaphy|Sleep Talk|p1a: Manaphy\n|move|p1a: Manaphy|Scald|p2a: Dragonite|[from]move: Sleep Talk\n|-resisted|p2a: Dragonite\n|-damage|p2a: Dragonite|61\/100\n|-status|p2a: Dragonite|brn\n|\n|-damage|p2a: Dragonite|55\/100 brn|[from] brn\n|upkeep\n|turn|34\n|\n|t:|1700564536\n|move|p2a: Dragonite|Outrage|p1a: Manaphy\n|-damage|p1a: Manaphy|67\/100 slp\n|-curestatus|p1a: Manaphy|slp|[msg]\n|move|p1a: Manaphy|Rest|p1a: Manaphy\n|-status|p1a: Manaphy|slp|[from] move: Rest\n|-heal|p1a: Manaphy|100\/100 slp|[silent]\n|\n|-damage|p2a: Dragonite|49\/100 brn|[from] brn\n|upkeep\n|turn|35\n|\n|t:|1700564539\n|move|p2a: Dragonite|Outrage|p1a: Manaphy|[from]lockedmove\n|-damage|p1a: Manaphy|68\/100 slp\n|-start|p2a: Dragonite|confusion|[fatigue]\n|cant|p1a: Manaphy|slp\n|move|p1a: Manaphy|Sleep Talk|p1a: Manaphy\n|move|p1a: Manaphy|Rest||[from]move: Sleep Talk|[still]\n|-fail|p1a: Manaphy\n|\n|-damage|p2a: Dragonite|42\/100 brn|[from] brn\n|upkeep\n|turn|36\n|\n|t:|1700564543\n|-activate|p2a: Dragonite|confusion\n|-damage|p2a: Dragonite|27\/100 brn|[from] confusion\n|cant|p1a: Manaphy|slp\n|move|p1a: Manaphy|Sleep Talk|p1a: Manaphy\n|move|p1a: Manaphy|Scald|p2a: Dragonite|[from]move: Sleep Talk\n|-resisted|p2a: Dragonite\n|-damage|p2a: Dragonite|8\/100 brn\n|\n|-damage|p2a: Dragonite|2\/100 brn|[from] brn\n|upkeep\n|turn|37\n|\n|t:|1700564550\n|-activate|p2a: Dragonite|confusion\n|move|p2a: Dragonite|Outrage|p1a: Manaphy\n|-damage|p1a: Manaphy|34\/100 slp\n|-curestatus|p1a: Manaphy|slp|[msg]\n|move|p1a: Manaphy|Rest|p1a: Manaphy\n|-status|p1a: Manaphy|slp|[from] move: Rest\n|-heal|p1a: Manaphy|100\/100 slp|[silent]\n|\n|-damage|p2a: Dragonite|0 fnt|[from] brn\n|faint|p2a: Dragonite\n|upkeep\n|\n|t:|1700564554\n|switch|p2a: Walking Wake|Walking Wake|65\/100\n|turn|38\n|\n|t:|1700564557\n|move|p2a: Walking Wake|Draco Meteor|p1a: Manaphy\n|-damage|p1a: Manaphy|64\/100 slp\n|-unboost|p2a: Walking Wake|spa|2\n|cant|p1a: Manaphy|slp\n|move|p1a: Manaphy|Sleep Talk|p1a: Manaphy\n|move|p1a: Manaphy|Rest||[from]move: Sleep Talk|[still]\n|-fail|p1a: Manaphy\n|\n|upkeep\n|turn|39\n|\n|t:|1700564561\n|move|p2a: Walking Wake|Draco Meteor|p1a: Manaphy\n|-damage|p1a: Manaphy|47\/100 slp\n|-unboost|p2a: Walking Wake|spa|2\n|cant|p1a: Manaphy|slp\n|move|p1a: Manaphy|Sleep Talk|p1a: Manaphy\n|move|p1a: Manaphy|Rest||[from]move: Sleep Talk|[still]\n|-fail|p1a: Manaphy\n|\n|upkeep\n|turn|40\n|\n|t:|1700564565\n|-end|p2a: Walking Wake|Protosynthesis|[silent]\n|switch|p2a: Muk|Muk-Alola, F|89\/100\n|-curestatus|p1a: Manaphy|slp|[msg]\n|move|p1a: Manaphy|Rest|p1a: Manaphy\n|-status|p1a: Manaphy|slp|[from] move: Rest\n|-heal|p1a: Manaphy|100\/100 slp|[silent]\n|\n|-heal|p2a: Muk|95\/100|[from] item: Black Sludge\n|upkeep\n|turn|41\n|\n|t:|1700564570\n|cant|p1a: Manaphy|slp\n|move|p1a: Manaphy|Sleep Talk|p1a: Manaphy\n|move|p1a: Manaphy|Rest||[from]move: Sleep Talk|[still]\n|-fail|p1a: Manaphy\n|move|p2a: Muk|Poison Jab|p1a: Manaphy\n|-damage|p1a: Manaphy|83\/100 slp\n|\n|-heal|p2a: Muk|100\/100|[from] item: Black Sludge\n|upkeep\n|turn|42\n|\n|t:|1700564573\n|cant|p1a: Manaphy|slp\n|move|p1a: Manaphy|Sleep Talk|p1a: Manaphy\n|move|p1a: Manaphy|Scald|p2a: Muk|[from]move: Sleep Talk\n|-damage|p2a: Muk|77\/100\n|move|p2a: Muk|Poison Jab|p1a: Manaphy\n|-damage|p1a: Manaphy|65\/100 slp\n|\n|-heal|p2a: Muk|83\/100|[from] item: Black Sludge\n|upkeep\n|turn|43\n|\n|t:|1700564577\n|-curestatus|p1a: Manaphy|slp|[msg]\n|move|p1a: Manaphy|Take Heart|p1a: Manaphy\n|-boost|p1a: Manaphy|spa|1\n|-boost|p1a: Manaphy|spd|1\n|move|p2a: Muk|Poison Jab|p1a: Manaphy\n|-damage|p1a: Manaphy|48\/100\n|-status|p1a: Manaphy|psn\n|\n|-heal|p2a: Muk|89\/100|[from] item: Black Sludge\n|-damage|p1a: Manaphy|35\/100 psn|[from] psn\n|upkeep\n|turn|44\n|\n|t:|1700564581\n|switch|p2a: Walking Wake|Walking Wake|65\/100\n|move|p1a: Manaphy|Rest|p1a: Manaphy\n|-status|p1a: Manaphy|slp|[from] move: Rest\n|-heal|p1a: Manaphy|100\/100 slp|[silent]\n|\n|upkeep\n|turn|45\n|\n|t:|1700564583\n|move|p2a: Walking Wake|Draco Meteor|p1a: Manaphy\n|-damage|p1a: Manaphy|74\/100 slp\n|-unboost|p2a: Walking Wake|spa|2\n|cant|p1a: Manaphy|slp\n|move|p1a: Manaphy|Sleep Talk|p1a: Manaphy\n|move|p1a: Manaphy|Take Heart|p1a: Manaphy|[from]move: Sleep Talk\n|-boost|p1a: Manaphy|spa|1\n|-boost|p1a: Manaphy|spd|1\n|-curestatus|p1a: Manaphy|slp|[msg]\n|\n|upkeep\n|turn|46\n|\n|t:|1700564589\n|-end|p2a: Walking Wake|Protosynthesis|[silent]\n|switch|p2a: Muk|Muk-Alola, F|89\/100\n|move|p1a: Manaphy|Scald|p2a: Muk\n|-crit|p2a: Muk\n|-damage|p2a: Muk|26\/100\n|-status|p2a: Muk|brn\n|\n|-heal|p2a: Muk|32\/100 brn|[from] item: Black Sludge\n|-damage|p2a: Muk|26\/100 brn|[from] brn\n|upkeep\n|turn|47\n|\n|t:|1700564592\n|move|p1a: Manaphy|Scald|p2a: Muk\n|-damage|p2a: Muk|0 fnt\n|faint|p2a: Muk\n|\n|upkeep\n|-message|yfleshcatchy forfeited.\n|\n|win|KurumiTokisakilove\n|raw|KurumiTokisakilove's rating: 1544 &rarr; <strong>1565<\/strong><br \/>(+21 for winning)\n|raw|yfleshcatchy's rating: 1557 &rarr; <strong>1536<\/strong><br \/>(-21 for losing)\n|l|\u2606yfleshcatchy\n","uploadtime":1700564601,"views":4,"p1id":"kurumitokisakilove","p2id":"yfleshcatchy","formatid":"gen9ou","rating":1536,"private":0,"password":""}