{"id":"gen9ou-1992005730","p1":"Yoink 0","p2":"Offline","format":"[Gen 9] OU","log":"|j|\u2606Yoink 0\n|j|\u2606Offline\n|t:|1700147062\n|gametype|singles\n|player|p1|Yoink 0|kukui|1636\n|player|p2|Offline|marnie-masters2|1673\n|teamsize|p1|6\n|teamsize|p2|6\n|gen|9\n|tier|[Gen 9] OU\n|rated|\n|rule|Sleep Clause Mod: Limit one foe put to sleep\n|rule|Species Clause: Limit one of each Pok\u00e9mon\n|rule|OHKO Clause: OHKO moves are banned\n|rule|Evasion Items Clause: Evasion items are banned\n|rule|Evasion Moves Clause: Evasion moves are banned\n|rule|Endless Battle Clause: Forcing endless battles is banned\n|rule|HP Percentage Mod: HP is shown in percentages\n|clearpoke\n|poke|p1|Zamazenta-*|\n|poke|p1|Slowking-Galar, M|\n|poke|p1|Alomomola, M|\n|poke|p1|Kingambit, F|\n|poke|p1|Landorus-Therian, M|\n|poke|p1|Dragapult, F|\n|poke|p2|Rillaboom, F|\n|poke|p2|Sneasler, M|\n|poke|p2|Landorus-Therian, M|\n|poke|p2|Kingambit, F|\n|poke|p2|Iron Moth|\n|poke|p2|Hatterene, F|\n|teampreview\n|inactive|Battle timer is ON: inactive players will automatically lose when time's up. (requested by Offline)\n|j| Diegogris\n|\n|t:|1700147080\n|start\n|switch|p1a: Alomomola|Alomomola, M|100\/100\n|switch|p2a: Landorus|Landorus-Therian, M|100\/100\n|-ability|p2a: Landorus|Intimidate|boost\n|-unboost|p1a: Alomomola|atk|1\n|turn|1\n|\n|t:|1700147084\n|move|p2a: Landorus|Stealth Rock|p1a: Alomomola\n|-sidestart|p1: Yoink 0|move: Stealth Rock\n|move|p1a: Alomomola|Scald|p2a: Landorus\n|-supereffective|p2a: Landorus\n|-damage|p2a: Landorus|72\/100\n|\n|upkeep\n|turn|2\n|\n|t:|1700147090\n|switch|p2a: Hatterene|Hatterene, F|100\/100\n|move|p1a: Alomomola|Scald|p2a: Hatterene\n|-damage|p2a: Hatterene|85\/100\n|\n|-heal|p2a: Hatterene|91\/100|[from] item: Leftovers\n|upkeep\n|turn|3\n|\n|t:|1700147094\n|move|p1a: Alomomola|Flip Turn|p2a: Hatterene\n|-damage|p2a: Hatterene|82\/100\n|\n|t:|1700147109\n|switch|p1a: Slowking|Slowking-Galar, M|100\/100|[from] Flip Turn\n|move|p2a: Hatterene|Nuzzle|p1a: Slowking\n|-damage|p1a: Slowking|97\/100\n|-status|p1a: Slowking|par\n|\n|-heal|p2a: Hatterene|88\/100|[from] item: Leftovers\n|upkeep\n|turn|4\n|\n|t:|1700147123\n|switch|p2a: Landorus|Landorus-Therian, M|72\/100\n|-ability|p2a: Landorus|Intimidate|boost\n|-unboost|p1a: Slowking|atk|1\n|move|p1a: Slowking|Future Sight|p2a: Landorus\n|-start|p1a: Slowking|move: Future Sight\n|\n|upkeep\n|turn|5\n|\n|t:|1700147152\n|move|p2a: Landorus|U-turn|p1a: Slowking\n|-damage|p1a: Slowking|79\/100 par\n|\n|t:|1700147166\n|switch|p2a: Kingambit|Kingambit, F|100\/100|[from] U-turn\n|move|p1a: Slowking|Chilly Reception|p1a: Slowking\n|-weather|Snow\n|\n|t:|1700147172\n|switch|p1a: Zamazenta|Zamazenta, shiny|100\/100|[from] Chilly Reception\n|-damage|p1a: Zamazenta|94\/100|[from] Stealth Rock\n|-ability|p1a: Zamazenta|Dauntless Shield|boost\n|-boost|p1a: Zamazenta|def|1\n|\n|-weather|Snow|[upkeep]\n|upkeep\n|turn|6\n|\n|t:|1700147176\n|-end|p2a: Kingambit|fallenundefined|[silent]\n|switch|p2a: Landorus|Landorus-Therian, M|72\/100\n|-ability|p2a: Landorus|Intimidate|boost\n|-unboost|p1a: Zamazenta|atk|1\n|move|p1a: Zamazenta|Heavy Slam|p2a: Landorus\n|-damage|p2a: Landorus|43\/100\n|-damage|p1a: Zamazenta|78\/100|[from] item: Rocky Helmet|[of] p2a: Landorus\n|\n|-weather|Snow|[upkeep]\n|-end|p2a: Landorus|move: Future Sight\n|-damage|p2a: Landorus|0 fnt\n|faint|p2a: Landorus\n|upkeep\n|\n|t:|1700147182\n|switch|p2a: Iron Moth|Iron Moth|100\/100\n|-enditem|p2a: Iron Moth|Booster Energy\n|-activate|p2a: Iron Moth|ability: Quark Drive|[fromitem]\n|-start|p2a: Iron Moth|quarkdrivespe\n|turn|7\n|\n|t:|1700147188\n|switch|p1a: Slowking|Slowking-Galar, M|100\/100 par\n|move|p2a: Iron Moth|Fiery Dance|p1a: Slowking\n|-damage|p1a: Slowking|75\/100 par\n|-boost|p2a: Iron Moth|spa|1\n|\n|-weather|Snow|[upkeep]\n|upkeep\n|turn|8\n|\n|t:|1700147191\n|move|p2a: Iron Moth|Fiery Dance|p1a: Slowking\n|-damage|p1a: Slowking|37\/100 par\n|cant|p1a: Slowking|par\n|\n|-weather|Snow|[upkeep]\n|upkeep\n|turn|9\n|\n|t:|1700147206\n|-terastallize|p1a: Slowking|Water\n|move|p2a: Iron Moth|Fiery Dance|p1a: Slowking\n|-resisted|p1a: Slowking\n|-damage|p1a: Slowking|17\/100 par\n|move|p1a: Slowking|Thunder Wave|p2a: Iron Moth|[miss]\n|-miss|p1a: Slowking|p2a: Iron Moth\n|\n|-weather|none\n|upkeep\n|turn|10\n|c|\u2606Yoink 0|fs\n|inactive|Yoink 0 has 120 seconds left.\n|\n|t:|1700147247\n|move|p2a: Iron Moth|Fiery Dance|p1a: Slowking\n|-resisted|p1a: Slowking\n|-damage|p1a: Slowking|0 fnt\n|-boost|p2a: Iron Moth|spa|1\n|faint|p1a: Slowking\n|\n|upkeep\n|\n|t:|1700147250\n|switch|p1a: Dragapult|Dragapult, F|100\/100\n|-damage|p1a: Dragapult|88\/100|[from] Stealth Rock\n|turn|11\n|\n|t:|1700147255\n|-terastallize|p2a: Iron Moth|Ground\n|move|p2a: Iron Moth|Tera Blast|p1a: Dragapult|[anim] Tera Blast Ground\n|-damage|p1a: Dragapult|0 fnt\n|faint|p1a: Dragapult\n|\n|upkeep\n|inactive|Yoink 0 has 120 seconds left.\n|\n|t:|1700147280\n|switch|p1a: Landorus|Landorus-Therian, M|100\/100\n|-damage|p1a: Landorus|88\/100|[from] Stealth Rock\n|-ability|p1a: Landorus|Intimidate|boost\n|-unboost|p2a: Iron Moth|atk|1\n|turn|12\n|\n|t:|1700147289\n|move|p2a: Iron Moth|Fiery Dance|p1a: Landorus\n|-damage|p1a: Landorus|0 fnt\n|faint|p1a: Landorus\n|\n|upkeep\n|\n|t:|1700147291\n|switch|p1a: Kingambit|Kingambit, F|100\/100\n|-damage|p1a: Kingambit|94\/100|[from] Stealth Rock\n|-activate|p1a: Kingambit|ability: Supreme Overlord\n|-start|p1a: Kingambit|fallen3|[silent]\n|turn|13\n|\n|t:|1700147296\n|move|p1a: Kingambit|Sucker Punch||[still]\n|-fail|p1a: Kingambit\n|move|p2a: Iron Moth|Substitute|p2a: Iron Moth\n|-start|p2a: Iron Moth|Substitute\n|-damage|p2a: Iron Moth|76\/100\n|\n|-heal|p1a: Kingambit|100\/100|[from] item: Leftovers\n|upkeep\n|turn|14\n|-message|Yoink 0 forfeited.\n|\n|win|Offline\n|raw|Yoink 0's rating: 1636 &rarr; <strong>1618<\/strong><br \/>(-18 for losing)\n|raw|Offline's rating: 1673 &rarr; <strong>1691<\/strong><br \/>(+18 for winning)\n|l|\u2606Yoink 0\n|l|\u2606Offline\n","uploadtime":1700147446,"views":7,"p1id":"yoink0","p2id":"offline","formatid":"gen9ou","rating":1618,"private":0,"password":""}