{"id":"gen9ou-1996655260","p1":"chordoverstreet","p2":"syah7991","format":"[Gen 9] OU","log":"|j|\u2606chordoverstreet\n|j|\u2606syah7991\n|t:|1700705791\n|gametype|singles\n|player|p1|chordoverstreet|265|1449\n|player|p2|syah7991|brycenman|1424\n|teamsize|p1|6\n|teamsize|p2|6\n|gen|9\n|tier|[Gen 9] OU\n|rated|\n|rule|Sleep Clause Mod: Limit one foe put to sleep\n|rule|Species Clause: Limit one of each Pok\u00e9mon\n|rule|OHKO Clause: OHKO moves are banned\n|rule|Evasion Items Clause: Evasion items are banned\n|rule|Evasion Moves Clause: Evasion moves are banned\n|rule|Endless Battle Clause: Forcing endless battles is banned\n|rule|HP Percentage Mod: HP is shown in percentages\n|clearpoke\n|poke|p1|Ting-Lu|\n|poke|p1|Rillaboom, F|\n|poke|p1|Samurott-Hisui, F|\n|poke|p1|Gholdengo|\n|poke|p1|Hatterene, F|\n|poke|p1|Great Tusk|\n|poke|p2|Slowking-Galar, F|\n|poke|p2|Landorus-Therian, M|\n|poke|p2|Lokix, M|\n|poke|p2|Greninja-*, M|\n|poke|p2|Braviary-Hisui, M|\n|poke|p2|Avalugg, M|\n|teampreview\n|inactive|Battle timer is ON: inactive players will automatically lose when time's up. (requested by syah7991)\n|\n|t:|1700705823\n|start\n|switch|p1a: Samurott|Samurott-Hisui, F|100\/100\n|switch|p2a: Landorus|Landorus-Therian, M|100\/100\n|-ability|p2a: Landorus|Intimidate|boost\n|-unboost|p1a: Samurott|atk|1\n|turn|1\n|inactive|syah7991 has 120 seconds left.\n|\n|t:|1700705864\n|switch|p1a: Ting-Lu|Ting-Lu|100\/100\n|-ability|p1a: Ting-Lu|Vessel of Ruin\n|move|p2a: Landorus|U-turn|p1a: Ting-Lu\n|-supereffective|p1a: Ting-Lu\n|-damage|p1a: Ting-Lu|75\/100\n|\n|t:|1700705867\n|switch|p2a: Lokix|Lokix, M, shiny|100\/100|[from] U-turn\n|\n|-heal|p1a: Ting-Lu|82\/100|[from] item: Leftovers\n|upkeep\n|turn|2\n|\n|t:|1700705887\n|switch|p1a: Great Tusk|Great Tusk|100\/100\n|-enditem|p1a: Great Tusk|Booster Energy\n|-activate|p1a: Great Tusk|ability: Protosynthesis|[fromitem]\n|-start|p1a: Great Tusk|protosynthesisspe\n|move|p2a: Lokix|First Impression|p1a: Great Tusk\n|-resisted|p1a: Great Tusk\n|-damage|p1a: Great Tusk|68\/100\n|-damage|p2a: Lokix|91\/100|[from] item: Life Orb\n|\n|upkeep\n|turn|3\n|inactive|chordoverstreet has 120 seconds left.\n|\n|t:|1700705904\n|move|p1a: Great Tusk|Ice Spinner|p2a: Lokix\n|-damage|p2a: Lokix|58\/100\n|move|p2a: Lokix|U-turn|p1a: Great Tusk\n|-resisted|p1a: Great Tusk\n|-damage|p1a: Great Tusk|41\/100\n|-damage|p2a: Lokix|48\/100|[from] item: Life Orb\n|inactive|syah7991 has 120 seconds left.\n|\n|t:|1700705924\n|switch|p2a: Landorus|Landorus-Therian, M|100\/100|[from] U-turn\n|-ability|p2a: Landorus|Intimidate|boost\n|-unboost|p1a: Great Tusk|atk|1\n|\n|upkeep\n|turn|4\n|inactive|chordoverstreet has 120 seconds left.\n|\n|t:|1700705966\n|move|p1a: Great Tusk|Ice Spinner|p2a: Landorus\n|-supereffective|p2a: Landorus\n|-damage|p2a: Landorus|30\/100\n|move|p2a: Landorus|U-turn|p1a: Great Tusk\n|-resisted|p1a: Great Tusk\n|-damage|p1a: Great Tusk|34\/100\n|inactive|syah7991 has 120 seconds left.\n|\n|t:|1700705978\n|switch|p2a: Lokix|Lokix, M, shiny|48\/100|[from] U-turn\n|\n|upkeep\n|turn|5\n|\n|t:|1700705997\n|move|p2a: Lokix|First Impression|p1a: Great Tusk\n|-resisted|p1a: Great Tusk\n|-damage|p1a: Great Tusk|0 fnt\n|faint|p1a: Great Tusk\n|-end|p1a: Great Tusk|Protosynthesis|[silent]\n|-damage|p2a: Lokix|38\/100|[from] item: Life Orb\n|\n|upkeep\n|inactive|chordoverstreet has 90 seconds left.\n|\n|t:|1700706009\n|switch|p1a: Samurott|Samurott-Hisui, F|100\/100\n|turn|6\n|\n|t:|1700706018\n|move|p2a: Lokix|Sucker Punch|p1a: Samurott\n|-resisted|p1a: Samurott\n|-damage|p1a: Samurott|49\/100\n|-damage|p2a: Lokix|28\/100|[from] item: Life Orb\n|move|p1a: Samurott|Flip Turn|p2a: Lokix\n|-damage|p2a: Lokix|0 fnt\n|faint|p2a: Lokix\n|inactive|chordoverstreet has 90 seconds left.\n|\n|t:|1700706029\n|switch|p1a: Rillaboom|Rillaboom, F|100\/100|[from] Flip Turn\n|-fieldstart|move: Grassy Terrain|[from] ability: Grassy Surge|[of] p1a: Rillaboom\n|\n|upkeep\n|\n|t:|1700706036\n|switch|p2a: Landorus|Landorus-Therian, M|30\/100\n|-ability|p2a: Landorus|Intimidate|boost\n|-unboost|p1a: Rillaboom|atk|1\n|turn|7\n|\n|t:|1700706051\n|switch|p2a: Avalugg|Avalugg, M|100\/100\n|move|p1a: Rillaboom|Grassy Glide|p2a: Avalugg\n|-damage|p2a: Avalugg|86\/100\n|\n|-heal|p2a: Avalugg|92\/100|[from] Grassy Terrain\n|upkeep\n|turn|8\n|inactive|chordoverstreet has 90 seconds left.\n|\n|t:|1700706077\n|switch|p1a: Gholdengo|Gholdengo|100\/100\n|-item|p1a: Gholdengo|Air Balloon\n|switch|p2a: Slowking|Slowking-Galar, F|100\/100\n|\n|upkeep\n|turn|9\n|\n|t:|1700706086\n|switch|p2a: Greninja|Greninja, M|100\/100\n|move|p1a: Gholdengo|Nasty Plot|p1a: Gholdengo\n|-boost|p1a: Gholdengo|spa|2\n|\n|upkeep\n|turn|10\n|inactive|chordoverstreet has 90 seconds left.\n|\n|t:|1700706108\n|switch|p1a: Samurott|Samurott-Hisui, F|49\/100\n|move|p2a: Greninja|Dark Pulse|p1a: Samurott\n|-start|p2a: Greninja|typechange|Dark|[from] ability: Protean\n|-resisted|p1a: Samurott\n|-damage|p1a: Samurott|9\/100\n|\n|-heal|p1a: Samurott|15\/100|[from] Grassy Terrain\n|-fieldend|move: Grassy Terrain\n|upkeep\n|turn|11\n|\n|t:|1700706117\n|move|p1a: Samurott|Sacred Sword|p2a: Greninja\n|-supereffective|p2a: Greninja\n|-damage|p2a: Greninja|0 fnt\n|faint|p2a: Greninja\n|\n|upkeep\n|\n|t:|1700706129\n|switch|p2a: Braviary|Braviary-Hisui, M|100\/100\n|turn|12\n|inactive|chordoverstreet has 90 seconds left.\n|\n|t:|1700706139\n|switch|p1a: Ting-Lu|Ting-Lu|82\/100\n|-ability|p1a: Ting-Lu|Vessel of Ruin\n|move|p2a: Braviary|Calm Mind|p2a: Braviary\n|-boost|p2a: Braviary|spa|1\n|-boost|p2a: Braviary|spd|1\n|\n|-heal|p1a: Ting-Lu|88\/100|[from] item: Leftovers\n|upkeep\n|turn|13\n|\n|t:|1700706160\n|move|p2a: Braviary|Hurricane|p1a: Ting-Lu\n|-damage|p1a: Ting-Lu|49\/100\n|move|p1a: Ting-Lu|Whirlwind|p2a: Braviary\n|drag|p2a: Slowking|Slowking-Galar, F|100\/100\n|\n|-heal|p1a: Ting-Lu|56\/100|[from] item: Leftovers\n|upkeep\n|turn|14\n|inactive|chordoverstreet has 90 seconds left.\n|\n|t:|1700706181\n|move|p1a: Ting-Lu|Stealth Rock|p2a: Slowking\n|-sidestart|p2: syah7991|move: Stealth Rock\n|move|p2a: Slowking|Trick|p1a: Ting-Lu\n|-activate|p2a: Slowking|move: Trick|[of] p1a: Ting-Lu\n|-item|p1a: Ting-Lu|Black Sludge|[from] move: Trick\n|-item|p2a: Slowking|Leftovers|[from] move: Trick\n|\n|-damage|p1a: Ting-Lu|43\/100|[from] item: Black Sludge\n|upkeep\n|turn|15\n|inactive|chordoverstreet has 90 seconds left.\n|\n|t:|1700706194\n|switch|p1a: Gholdengo|Gholdengo|100\/100\n|-item|p1a: Gholdengo|Air Balloon\n|move|p2a: Slowking|Chilly Reception|p2a: Slowking\n|-weather|Snow\n|\n|t:|1700706198\n|switch|p2a: Braviary|Braviary-Hisui, M|100\/100|[from] Chilly Reception\n|\n|-weather|Snow|[upkeep]\n|upkeep\n|turn|16\n|inactive|chordoverstreet has 90 seconds left.\n|\n|t:|1700706218\n|switch|p1a: Ting-Lu|Ting-Lu|43\/100\n|-ability|p1a: Ting-Lu|Vessel of Ruin\n|move|p2a: Braviary|Esper Wing|p1a: Ting-Lu\n|-immune|p1a: Ting-Lu\n|\n|-weather|Snow|[upkeep]\n|-damage|p1a: Ting-Lu|31\/100|[from] item: Black Sludge\n|upkeep\n|turn|17\n|\n|t:|1700706227\n|move|p2a: Braviary|Hurricane|p1a: Ting-Lu\n|-damage|p1a: Ting-Lu|7\/100\n|move|p1a: Ting-Lu|Ruination|p2a: Braviary\n|-damage|p2a: Braviary|51\/100\n|\n|-weather|Snow|[upkeep]\n|-damage|p1a: Ting-Lu|0 fnt|[from] item: Black Sludge\n|faint|p1a: Ting-Lu\n|upkeep\n|\n|t:|1700706239\n|switch|p1a: Samurott|Samurott-Hisui, F|15\/100\n|turn|18\n|inactive|chordoverstreet has 60 seconds left.\n|\n|t:|1700706278\n|switch|p2a: Avalugg|Avalugg, M|92\/100\n|move|p1a: Samurott|Aqua Cutter|p2a: Avalugg\n|-damage|p2a: Avalugg|80\/100\n|\n|-weather|Snow|[upkeep]\n|upkeep\n|turn|19\n|inactive|chordoverstreet has 60 seconds left.\n|\n|t:|1700706286\n|switch|p1a: Gholdengo|Gholdengo|100\/100\n|-item|p1a: Gholdengo|Air Balloon\n|switch|p2a: Braviary|Braviary-Hisui, M|51\/100\n|\n|-weather|none\n|upkeep\n|turn|20\n|inactive|chordoverstreet has 60 seconds left.\n|\n|t:|1700706297\n|move|p2a: Braviary|Esper Wing|p1a: Gholdengo\n|-resisted|p1a: Gholdengo\n|-damage|p1a: Gholdengo|62\/100\n|-boost|p2a: Braviary|spe|1\n|-enditem|p1a: Gholdengo|Air Balloon\n|move|p1a: Gholdengo|Shadow Ball|p2a: Braviary\n|-supereffective|p2a: Braviary\n|-damage|p2a: Braviary|0 fnt\n|faint|p2a: Braviary\n|\n|upkeep\n|\n|t:|1700706306\n|switch|p2a: Landorus|Landorus-Therian, M|30\/100\n|-damage|p2a: Landorus|18\/100|[from] Stealth Rock\n|-ability|p2a: Landorus|Intimidate|boost\n|-unboost|p1a: Gholdengo|atk|1\n|turn|21\n|inactive|chordoverstreet has 60 seconds left.\n|\n|t:|1700706323\n|switch|p1a: Rillaboom|Rillaboom, F|100\/100\n|-fieldstart|move: Grassy Terrain|[from] ability: Grassy Surge|[of] p1a: Rillaboom\n|move|p2a: Landorus|Earthquake|p1a: Rillaboom\n|-resisted|p1a: Rillaboom\n|-damage|p1a: Rillaboom|86\/100\n|\n|-heal|p2a: Landorus|24\/100|[from] item: Leftovers\n|-heal|p1a: Rillaboom|92\/100|[from] Grassy Terrain\n|upkeep\n|turn|22\n|\n|t:|1700706329\n|move|p2a: Landorus|U-turn|p1a: Rillaboom\n|-supereffective|p1a: Rillaboom\n|-damage|p1a: Rillaboom|38\/100\n|\n|t:|1700706331\n|switch|p2a: Avalugg|Avalugg, M|80\/100|[from] U-turn\n|move|p1a: Rillaboom|U-turn|p2a: Avalugg\n|-damage|p2a: Avalugg|66\/100\n|inactive|chordoverstreet has 60 seconds left.\n|\n|t:|1700706346\n|switch|p1a: Gholdengo|Gholdengo|62\/100|[from] U-turn\n|\n|-heal|p1a: Gholdengo|68\/100|[from] Grassy Terrain\n|-heal|p2a: Avalugg|72\/100|[from] Grassy Terrain\n|upkeep\n|turn|23\n|-message|syah7991 forfeited.\n|\n|win|chordoverstreet\n|raw|chordoverstreet's rating: 1449 &rarr; <strong>1466<\/strong><br \/>(+17 for winning)\n|raw|syah7991's rating: 1404 &rarr; <strong>1387<\/strong><br \/>(-17 for losing)\n|l|\u2606syah7991\n","uploadtime":1700706362,"views":3,"p1id":"chordoverstreet","p2id":"syah7991","formatid":"gen9ou","rating":1387,"private":0,"password":""}