{"id":"gen9ou-1991679546","p1":"SeyrinNeto","p2":"defnotapenguin","format":"[Gen 9] OU","log":"|j|\u2606SeyrinNeto\n|j|\u2606defnotapenguin\n|t:|1700101814\n|gametype|singles\n|player|p1|SeyrinNeto|steven|1107\n|player|p2|defnotapenguin|cameraman|1116\n|teamsize|p1|6\n|teamsize|p2|6\n|gen|9\n|tier|[Gen 9] OU\n|rated|\n|rule|Sleep Clause Mod: Limit one foe put to sleep\n|rule|Species Clause: Limit one of each Pok\u00e9mon\n|rule|OHKO Clause: OHKO moves are banned\n|rule|Evasion Items Clause: Evasion items are banned\n|rule|Evasion Moves Clause: Evasion moves are banned\n|rule|Endless Battle Clause: Forcing endless battles is banned\n|rule|HP Percentage Mod: HP is shown in percentages\n|clearpoke\n|poke|p1|Landorus-Therian, M|\n|poke|p1|Kleavor, F|\n|poke|p1|Ninetales-Alola, F|\n|poke|p1|Infernape, F|\n|poke|p1|Scizor, M|\n|poke|p1|Dragonite, M|\n|poke|p2|Alomomola, M|\n|poke|p2|Cinderace, F|\n|poke|p2|Breloom, F|\n|poke|p2|Ceruledge, F|\n|poke|p2|Landorus-Therian, M|\n|poke|p2|Dragonite, M|\n|teampreview\n|inactive|Battle timer is ON: inactive players will automatically lose when time's up. (requested by defnotapenguin)\n|\n|t:|1700101822\n|start\n|switch|p1a: Landorus|Landorus-Therian, M|100\/100\n|switch|p2a: Alomomola|Alomomola, M|100\/100\n|-ability|p1a: Landorus|Intimidate|boost\n|-unboost|p2a: Alomomola|atk|1\n|turn|1\n|\n|t:|1700101838\n|move|p1a: Landorus|U-turn|p2a: Alomomola\n|-damage|p2a: Alomomola|82\/100\n|\n|t:|1700101850\n|switch|p1a: Scizor|Scizor, M|100\/100|[from] U-turn\n|move|p2a: Alomomola|Flip Turn|p1a: Scizor\n|-damage|p1a: Scizor|91\/100\n|\n|t:|1700101860\n|switch|p2a: Ceruledge|Ceruledge, F|100\/100|[from] Flip Turn\n|\n|upkeep\n|turn|2\n|\n|t:|1700101884\n|switch|p1a: Kleavor|Kleavor, F|100\/100\n|move|p2a: Ceruledge|Bitter Blade|p1a: Kleavor\n|-damage|p1a: Kleavor|56\/100\n|\n|upkeep\n|turn|3\n|\n|t:|1700101903\n|move|p2a: Ceruledge|Close Combat|p1a: Kleavor\n|-damage|p1a: Kleavor|13\/100\n|-unboost|p2a: Ceruledge|def|1\n|-unboost|p2a: Ceruledge|spd|1\n|move|p1a: Kleavor|Night Slash|p2a: Ceruledge\n|-supereffective|p2a: Ceruledge\n|-enditem|p2a: Ceruledge|Focus Sash\n|-damage|p2a: Ceruledge|1\/100\n|\n|upkeep\n|turn|4\n|inactive|SeyrinNeto has 120 seconds left.\n|\n|t:|1700101939\n|switch|p1a: Landorus|Landorus-Therian, M|100\/100\n|-ability|p1a: Landorus|Intimidate|boost\n|-unboost|p2a: Ceruledge|atk|1\n|move|p2a: Ceruledge|Shadow Sneak|p1a: Landorus\n|-damage|p1a: Landorus|88\/100\n|\n|upkeep\n|turn|5\n|\n|t:|1700101952\n|switch|p2a: Alomomola|Alomomola, M|100\/100\n|move|p1a: Landorus|Tera Blast|p2a: Alomomola\n|-damage|p2a: Alomomola|86\/100\n|\n|upkeep\n|turn|6\n|\n|t:|1700101965\n|move|p1a: Landorus|U-turn|p2a: Alomomola\n|-damage|p2a: Alomomola|67\/100\n|\n|t:|1700101974\n|switch|p1a: Scizor|Scizor, M|91\/100|[from] U-turn\n|move|p2a: Alomomola|Flip Turn|p1a: Scizor\n|-damage|p1a: Scizor|77\/100\n|\n|t:|1700101982\n|switch|p2a: Ceruledge|Ceruledge, F|1\/100|[from] Flip Turn\n|\n|upkeep\n|turn|7\n|inactive|SeyrinNeto has 120 seconds left.\n|\n|t:|1700101990\n|move|p1a: Scizor|Bullet Punch|p2a: Ceruledge\n|-resisted|p2a: Ceruledge\n|-damage|p2a: Ceruledge|0 fnt\n|faint|p2a: Ceruledge\n|-damage|p1a: Scizor|67\/100|[from] item: Life Orb\n|\n|upkeep\n|\n|t:|1700102006\n|switch|p2a: Dragonite|Dragonite, M|100\/100\n|turn|8\n|\n|t:|1700102020\n|switch|p1a: Ninetales|Ninetales-Alola, F|100\/100\n|-weather|Snow|[from] ability: Snow Warning|[of] p1a: Ninetales\n|-terastallize|p2a: Dragonite|Normal\n|move|p2a: Dragonite|Extreme Speed|p1a: Ninetales\n|-damage|p1a: Ninetales|28\/100\n|\n|-weather|Snow|[upkeep]\n|upkeep\n|turn|9\n|inactive|SeyrinNeto has 120 seconds left.\n|\n|t:|1700102036\n|move|p2a: Dragonite|Extreme Speed|p1a: Ninetales\n|-damage|p1a: Ninetales|0 fnt\n|faint|p1a: Ninetales\n|\n|-weather|Snow|[upkeep]\n|upkeep\n|inactive|SeyrinNeto has 120 seconds left.\n|\n|t:|1700102050\n|switch|p1a: Infernape|Infernape, F|100\/100\n|turn|10\n|\n|t:|1700102055\n|move|p1a: Infernape|Fake Out|p2a: Dragonite\n|-damage|p2a: Dragonite|94\/100\n|cant|p2a: Dragonite|flinch\n|\n|-weather|Snow|[upkeep]\n|upkeep\n|turn|11\n|\n|t:|1700102061\n|move|p2a: Dragonite|Extreme Speed|p1a: Infernape\n|-enditem|p1a: Infernape|Focus Sash\n|-damage|p1a: Infernape|1\/100\n|move|p1a: Infernape|Close Combat|p2a: Dragonite\n|-supereffective|p2a: Dragonite\n|-damage|p2a: Dragonite|0 fnt\n|-unboost|p1a: Infernape|def|1\n|-unboost|p1a: Infernape|spd|1\n|faint|p2a: Dragonite\n|\n|-weather|Snow|[upkeep]\n|upkeep\n|\n|t:|1700102076\n|switch|p2a: Breloom|Breloom, F|100\/100\n|turn|12\n|\n|t:|1700102083\n|switch|p2a: Landorus|Landorus-Therian, M|100\/100\n|-ability|p2a: Landorus|Intimidate|boost\n|-unboost|p1a: Infernape|atk|1\n|move|p1a: Infernape|Fire Punch|p2a: Landorus\n|-damage|p2a: Landorus|69\/100\n|\n|-weather|none\n|-heal|p2a: Landorus|74\/100|[from] item: Leftovers\n|upkeep\n|turn|13\n|\n|t:|1700102112\n|switch|p1a: Landorus|Landorus-Therian, M|88\/100\n|-ability|p1a: Landorus|Intimidate|boost\n|-unboost|p2a: Landorus|atk|1\n|move|p2a: Landorus|U-turn|p1a: Landorus\n|-resisted|p1a: Landorus\n|-damage|p1a: Landorus|78\/100\n|\n|t:|1700102120\n|switch|p2a: Breloom|Breloom, F|100\/100|[from] U-turn\n|\n|-status|p2a: Breloom|tox|[from] item: Toxic Orb\n|upkeep\n|turn|14\n|\n|t:|1700102136\n|move|p1a: Landorus|Earthquake|p2a: Breloom\n|-resisted|p2a: Breloom\n|-damage|p2a: Breloom|63\/100 tox\n|move|p2a: Breloom|Bullet Seed|p1a: Landorus\n|-damage|p1a: Landorus|64\/100\n|-damage|p1a: Landorus|48\/100\n|-hitcount|p1a: Landorus|2\n|\n|-heal|p2a: Breloom|75\/100 tox|[from] ability: Poison Heal\n|upkeep\n|turn|15\n|\n|t:|1700102146\n|move|p1a: Landorus|U-turn|p2a: Breloom\n|-damage|p2a: Breloom|39\/100 tox\n|\n|t:|1700102154\n|switch|p1a: Scizor|Scizor, M|67\/100|[from] U-turn\n|move|p2a: Breloom|Bullet Seed|p1a: Scizor\n|-resisted|p1a: Scizor\n|-damage|p1a: Scizor|63\/100\n|-resisted|p1a: Scizor\n|-damage|p1a: Scizor|60\/100\n|-resisted|p1a: Scizor\n|-damage|p1a: Scizor|57\/100\n|-hitcount|p1a: Scizor|3\n|\n|-heal|p2a: Breloom|51\/100 tox|[from] ability: Poison Heal\n|upkeep\n|turn|16\n|inactive|SeyrinNeto has 120 seconds left.\n|\n|t:|1700102177\n|switch|p2a: Alomomola|Alomomola, M|99\/100\n|move|p1a: Scizor|Bug Bite|p2a: Alomomola\n|-damage|p2a: Alomomola|54\/100\n|-damage|p1a: Scizor|47\/100|[from] item: Life Orb\n|\n|upkeep\n|turn|17\n|inactive|SeyrinNeto has 120 seconds left.\n|\n|t:|1700102189\n|move|p2a: Alomomola|Scald|p1a: Scizor\n|-damage|p1a: Scizor|30\/100\n|move|p1a: Scizor|Trailblaze|p2a: Alomomola\n|-supereffective|p2a: Alomomola\n|-damage|p2a: Alomomola|0 fnt\n|-boost|p1a: Scizor|spe|1\n|faint|p2a: Alomomola\n|-damage|p1a: Scizor|20\/100|[from] item: Life Orb\n|\n|upkeep\n|\n|t:|1700102202\n|switch|p2a: Cinderace|Cinderace, F|100\/100\n|turn|18\n|inactive|SeyrinNeto has 120 seconds left.\n|\n|t:|1700102235\n|move|p1a: Scizor|Bullet Punch|p2a: Cinderace\n|-resisted|p2a: Cinderace\n|-damage|p2a: Cinderace|70\/100\n|-damage|p1a: Scizor|10\/100|[from] item: Life Orb\n|move|p2a: Cinderace|Flare Blitz|p1a: Scizor\n|-supereffective|p1a: Scizor\n|-damage|p1a: Scizor|0 fnt\n|faint|p1a: Scizor\n|-damage|p2a: Cinderace|67\/100|[from] Recoil\n|\n|upkeep\n|inactive|SeyrinNeto has 90 seconds left.\n|\n|t:|1700102264\n|switch|p1a: Landorus|Landorus-Therian, M|48\/100\n|-ability|p1a: Landorus|Intimidate|boost\n|-unboost|p2a: Cinderace|atk|1\n|turn|19\n|\n|t:|1700102270\n|move|p2a: Cinderace|Flare Blitz|p1a: Landorus\n|-damage|p1a: Landorus|0 fnt\n|faint|p1a: Landorus\n|-damage|p2a: Cinderace|50\/100|[from] Recoil\n|\n|upkeep\n|\n|t:|1700102280\n|switch|p1a: Dragonite|Dragonite, M|100\/100\n|turn|20\n|inactive|SeyrinNeto has 90 seconds left.\n|\n|t:|1700102294\n|-terastallize|p1a: Dragonite|Normal\n|move|p2a: Cinderace|Flare Blitz|p1a: Dragonite\n|-damage|p1a: Dragonite|80\/100\n|-status|p1a: Dragonite|brn\n|-enditem|p1a: Dragonite|Lum Berry|[eat]\n|-curestatus|p1a: Dragonite|brn|[msg]\n|-damage|p2a: Cinderace|44\/100|[from] Recoil\n|move|p1a: Dragonite|Dragon Dance|p1a: Dragonite\n|-boost|p1a: Dragonite|atk|1\n|-boost|p1a: Dragonite|spe|1\n|\n|upkeep\n|turn|21\n|inactive|SeyrinNeto has 90 seconds left.\n|\n|t:|1700102316\n|move|p1a: Dragonite|Extreme Speed|p2a: Cinderace\n|-damage|p2a: Cinderace|0 fnt\n|faint|p2a: Cinderace\n|\n|upkeep\n|\n|t:|1700102323\n|switch|p2a: Breloom|Breloom, F|51\/100 tox\n|turn|22\n|\n|t:|1700102342\n|move|p1a: Dragonite|Extreme Speed|p2a: Breloom\n|-damage|p2a: Breloom|0 fnt\n|faint|p2a: Breloom\n|\n|upkeep\n|\n|t:|1700102347\n|switch|p2a: Landorus|Landorus-Therian, M|74\/100\n|-ability|p2a: Landorus|Intimidate|boost\n|-unboost|p1a: Dragonite|atk|1\n|turn|23\n|\n|t:|1700102360\n|move|p1a: Dragonite|Dragon Dance|p1a: Dragonite\n|-boost|p1a: Dragonite|atk|1\n|-boost|p1a: Dragonite|spe|1\n|move|p2a: Landorus|Smack Down|p1a: Dragonite\n|-damage|p1a: Dragonite|60\/100\n|\n|-heal|p2a: Landorus|80\/100|[from] item: Leftovers\n|upkeep\n|turn|24\n|\n|t:|1700102369\n|move|p1a: Dragonite|Dragon Claw|p2a: Landorus\n|-damage|p2a: Landorus|1\/100\n|move|p2a: Landorus|Earthquake|p1a: Dragonite\n|-damage|p1a: Dragonite|0 fnt\n|faint|p1a: Dragonite\n|\n|-heal|p2a: Landorus|7\/100|[from] item: Leftovers\n|upkeep\n|\n|t:|1700102379\n|switch|p1a: Infernape|Infernape, F|1\/100\n|turn|25\n|\n|t:|1700102384\n|move|p1a: Infernape|Fake Out|p2a: Landorus\n|-crit|p2a: Landorus\n|-damage|p2a: Landorus|0 fnt\n|faint|p2a: Landorus\n|\n|win|SeyrinNeto\n|raw|SeyrinNeto's rating: 1107 &rarr; <strong>1133<\/strong><br \/>(+26 for winning)\n|raw|defnotapenguin's rating: 1116 &rarr; <strong>1090<\/strong><br \/>(-26 for losing)\n|c|\u2606defnotapenguin|gg\n","uploadtime":1700102396,"views":7,"p1id":"seyrinneto","p2id":"defnotapenguin","formatid":"gen9ou","rating":1090,"private":0,"password":""}