{"id":"gen9ou-1994874609","p1":"yoissy","p2":"VOXIT","format":"[Gen 9] OU","log":"|j|\u2606yoissy\n|j|\u2606VOXIT\n|t:|1700500701\n|gametype|singles\n|player|p1|yoissy|lance-lgpe|1338\n|player|p2|VOXIT|swimmer-gen4dp|1238\n|teamsize|p1|6\n|teamsize|p2|6\n|gen|9\n|tier|[Gen 9] OU\n|rated|\n|rule|Sleep Clause Mod: Limit one foe put to sleep\n|rule|Species Clause: Limit one of each Pok\u00e9mon\n|rule|OHKO Clause: OHKO moves are banned\n|rule|Evasion Items Clause: Evasion items are banned\n|rule|Evasion Moves Clause: Evasion moves are banned\n|rule|Endless Battle Clause: Forcing endless battles is banned\n|rule|HP Percentage Mod: HP is shown in percentages\n|clearpoke\n|poke|p1|Slowking-Galar, F|\n|poke|p1|Amoonguss, F|\n|poke|p1|Kingambit, M|\n|poke|p1|Glimmora, F|\n|poke|p1|Scizor, F|\n|poke|p1|Landorus-Therian, M|\n|poke|p2|Mamoswine, F|\n|poke|p2|Kingambit, F|\n|poke|p2|Manaphy|\n|poke|p2|Kommo-o, F|\n|poke|p2|Corviknight, M|\n|poke|p2|Ogerpon-Cornerstone, F|\n|teampreview\n|\n|t:|1700500743\n|start\n|switch|p1a: Glimmora|Glimmora, F|100\/100\n|switch|p2a: Mamoswine|Mamoswine, F|100\/100\n|turn|1\n|\n|t:|1700500766\n|move|p1a: Glimmora|Power Gem|p2a: Mamoswine\n|-damage|p2a: Mamoswine|41\/100\n|move|p2a: Mamoswine|Knock Off|p1a: Glimmora\n|-damage|p1a: Glimmora|60\/100\n|-activate|p1a: Glimmora|ability: Toxic Debris\n|-sidestart|p2: VOXIT|move: Toxic Spikes\n|-enditem|p1a: Glimmora|Choice Scarf|[from] move: Knock Off|[of] p2a: Mamoswine\n|\n|upkeep\n|turn|2\n|\n|t:|1700500777\n|switch|p2a: Corviknight|Corviknight, M|100\/100\n|-ability|p2a: Corviknight|Pressure\n|move|p1a: Glimmora|Power Gem|p2a: Corviknight\n|-damage|p2a: Corviknight|60\/100\n|\n|upkeep\n|turn|3\n|\n|t:|1700500783\n|move|p1a: Glimmora|Power Gem|p2a: Corviknight\n|-damage|p2a: Corviknight|20\/100\n|move|p2a: Corviknight|Roost|p2a: Corviknight\n|-heal|p2a: Corviknight|70\/100\n|-singleturn|p2a: Corviknight|move: Roost\n|\n|upkeep\n|turn|4\n|\n|t:|1700500794\n|move|p1a: Glimmora|Power Gem|p2a: Corviknight\n|-damage|p2a: Corviknight|26\/100\n|move|p2a: Corviknight|Defog|p1a: Glimmora\n|-unboost|p1a: Glimmora|evasion|1\n|-sideend|p2: VOXIT|Toxic Spikes|[from] move: Defog|[of] p2a: Corviknight\n|\n|upkeep\n|turn|5\n|\n|t:|1700500802\n|switch|p2a: Manaphy|Manaphy|100\/100\n|move|p1a: Glimmora|Power Gem|p2a: Manaphy\n|-damage|p2a: Manaphy|61\/100\n|\n|-heal|p2a: Manaphy|67\/100|[from] item: Leftovers\n|upkeep\n|turn|6\n|\n|t:|1700500808\n|switch|p1a: Amoonguss|Amoonguss, F|100\/100\n|move|p2a: Manaphy|Surf|p1a: Amoonguss\n|-resisted|p1a: Amoonguss\n|-damage|p1a: Amoonguss|82\/100\n|-enditem|p1a: Amoonguss|Red Card|[of] p2a: Manaphy\n|drag|p2a: Mamoswine|Mamoswine, F|41\/100\n|\n|upkeep\n|turn|7\n|\n|t:|1700500831\n|move|p2a: Mamoswine|Ice Shard|p1a: Amoonguss\n|-supereffective|p1a: Amoonguss\n|-damage|p1a: Amoonguss|48\/100\n|move|p1a: Amoonguss|Giga Drain|p2a: Mamoswine\n|-supereffective|p2a: Mamoswine\n|-damage|p2a: Mamoswine|0 fnt\n|-heal|p1a: Amoonguss|65\/100|[from] drain|[of] p2a: Mamoswine\n|faint|p2a: Mamoswine\n|\n|upkeep\n|\n|t:|1700500839\n|switch|p2a: Corviknight|Corviknight, M|26\/100\n|-ability|p2a: Corviknight|Pressure\n|turn|8\n|inactive|Battle timer is ON: inactive players will automatically lose when time's up. (requested by VOXIT)\n|\n|t:|1700500861\n|switch|p1a: Slowking|Slowking-Galar, F|100\/100\n|move|p2a: Corviknight|Roost|p2a: Corviknight\n|-heal|p2a: Corviknight|76\/100\n|-singleturn|p2a: Corviknight|move: Roost\n|\n|upkeep\n|turn|9\n|\n|t:|1700500867\n|move|p2a: Corviknight|U-turn|p1a: Slowking\n|-damage|p1a: Slowking|86\/100\n|\n|t:|1700500873\n|switch|p2a: Kingambit|Kingambit, F|100\/100|[from] U-turn\n|-activate|p2a: Kingambit|ability: Supreme Overlord\n|-start|p2a: Kingambit|fallen1|[silent]\n|move|p1a: Slowking|Future Sight|p2a: Kingambit\n|-start|p1a: Slowking|move: Future Sight\n|\n|upkeep\n|turn|10\n|\n|t:|1700500882\n|switch|p1a: Landorus|Landorus-Therian, M|100\/100\n|-ability|p1a: Landorus|Intimidate|boost\n|-unboost|p2a: Kingambit|atk|1\n|move|p2a: Kingambit|Swords Dance|p2a: Kingambit\n|-boost|p2a: Kingambit|atk|2\n|\n|upkeep\n|turn|11\n|\n|t:|1700500889\n|-terastallize|p2a: Kingambit|Flying\n|move|p1a: Landorus|Earthquake|p2a: Kingambit\n|-immune|p2a: Kingambit\n|move|p2a: Kingambit|Swords Dance|p2a: Kingambit\n|-boost|p2a: Kingambit|atk|2\n|\n|-end|p2a: Kingambit|move: Future Sight\n|-damage|p2a: Kingambit|50\/100\n|-heal|p2a: Kingambit|56\/100|[from] item: Leftovers\n|upkeep\n|turn|12\n|\n|t:|1700500905\n|move|p1a: Landorus|Stone Edge|p2a: Kingambit\n|-supereffective|p2a: Kingambit\n|-damage|p2a: Kingambit|0 fnt\n|faint|p2a: Kingambit\n|-end|p2a: Kingambit|fallen1|[silent]\n|\n|upkeep\n|-message|VOXIT forfeited.\n|\n|win|yoissy\n|raw|yoissy's rating: 1338 &rarr; <strong>1352<\/strong><br \/>(+14 for winning)\n|raw|VOXIT's rating: 1238 &rarr; <strong>1220<\/strong><br \/>(-18 for losing)\n|l|\u2606VOXIT\n","uploadtime":1700500912,"views":19,"p1id":"yoissy","p2id":"voxit","formatid":"gen9ou","rating":1220,"private":0,"password":""}