{"id":"gen9ou-1997354695","p1":"napg0d","p2":"Jambees","format":"[Gen 9] OU","log":"|j|\u2606napg0d\n|j|\u2606Jambees\n|t:|1700793337\n|gametype|singles\n|player|p1|napg0d|swimmerm-gen2|\n|player|p2|Jambees|marnie-masters|\n|teamsize|p1|6\n|teamsize|p2|6\n|gen|9\n|tier|[Gen 9] OU\n|rule|Sleep Clause Mod: Limit one foe put to sleep\n|rule|Species Clause: Limit one of each Pok\u00e9mon\n|rule|OHKO Clause: OHKO moves are banned\n|rule|Evasion Items Clause: Evasion items are banned\n|rule|Evasion Moves Clause: Evasion moves are banned\n|rule|Endless Battle Clause: Forcing endless battles is banned\n|rule|HP Percentage Mod: HP is shown in percentages\n|clearpoke\n|poke|p1|Jolteon, F|\n|poke|p1|Heatran, F|\n|poke|p1|Quaquaval, F|\n|poke|p1|Snorlax, F|\n|poke|p1|Torterra, M|\n|poke|p1|Donphan, L1, F|\n|poke|p2|Sinistcha-Masterpiece|\n|poke|p2|Vaporeon, F|\n|poke|p2|Typhlosion-Hisui, F|\n|poke|p2|Hawlucha, F|\n|poke|p2|Pincurchin, M|\n|poke|p2|Cyclizar, F|\n|teampreview\n|j| poggerwog\n|j| edicts\n|c|\u2606Jambees|we good?\n|c| poggerwog|im in\n|c|\u2606Jambees|evan?\n|c| edicts|YES\n|\n|t:|1700793416\n|start\n|switch|p1a: ACF Fiorentina|Quaquaval, F|100\/100\n|switch|p2a: Cyclizar|Cyclizar, F|100\/100\n|turn|1\n|c| edicts|GO!\n|\n|t:|1700793426\n|move|p2a: Cyclizar|Draco Meteor|p1a: ACF Fiorentina\n|-damage|p1a: ACF Fiorentina|4\/100\n|-unboost|p2a: Cyclizar|spa|2\n|-damage|p2a: Cyclizar|91\/100|[from] item: Life Orb\n|move|p1a: ACF Fiorentina|Aqua Step|p2a: Cyclizar\n|-resisted|p2a: Cyclizar\n|-damage|p2a: Cyclizar|51\/100\n|-boost|p1a: ACF Fiorentina|spe|1\n|\n|upkeep\n|turn|2\n|\n|t:|1700793438\n|switch|p2a: Compatibility|Vaporeon, F, shiny|100\/100\n|move|p1a: ACF Fiorentina|Close Combat|p2a: Compatibility\n|-damage|p2a: Compatibility|58\/100\n|-unboost|p1a: ACF Fiorentina|def|1\n|-unboost|p1a: ACF Fiorentina|spd|1\n|\n|-heal|p2a: Compatibility|64\/100|[from] item: Leftovers\n|upkeep\n|turn|3\n|c|\u2606napg0d|crit incoming\n|c|\u2606napg0d|watch\n|\n|t:|1700793462\n|move|p1a: ACF Fiorentina|Close Combat|p2a: Compatibility\n|-damage|p2a: Compatibility|20\/100\n|-unboost|p1a: ACF Fiorentina|def|1\n|-unboost|p1a: ACF Fiorentina|spd|1\n|move|p2a: Compatibility|Flip Turn|p1a: ACF Fiorentina\n|-resisted|p1a: ACF Fiorentina\n|-damage|p1a: ACF Fiorentina|0 fnt\n|faint|p1a: ACF Fiorentina\n|c|\u2606napg0d|oof\n|c| poggerwog|i respect that\n|\n|t:|1700793472\n|switch|p2a: Cyclizar|Cyclizar, F|84\/100|[from] Flip Turn\n|\n|upkeep\n|\n|t:|1700793493\n|switch|p1a: Celtic|Torterra, M|100\/100\n|turn|4\n|\n|t:|1700793503\n|move|p2a: Cyclizar|Taunt|p1a: Celtic\n|-start|p1a: Celtic|move: Taunt\n|move|p1a: Celtic|Headlong Rush|p2a: Cyclizar\n|-damage|p2a: Cyclizar|0 fnt\n|-unboost|p1a: Celtic|def|1\n|-unboost|p1a: Celtic|spd|1\n|-enditem|p1a: Celtic|White Herb\n|-clearnegativeboost|p1a: Celtic|[silent]\n|faint|p2a: Cyclizar\n|\n|upkeep\n|c|\u2606Jambees|oh fuck nah i see that level 1 donphan\n|\n|t:|1700793520\n|switch|p2a: Highphlosion|Typhlosion-Hisui, F, shiny|100\/100\n|turn|5\n|c| poggerwog|OH?\n|c| poggerwog|we gotta see this\n|\n|t:|1700793537\n|switch|p2a: Mouth Balls|Pincurchin, M, shiny|100\/100\n|-fieldstart|move: Electric Terrain|[from] ability: Electric Surge|[of] p2a: Mouth Balls\n|switch|p1a: FC Barcelona|Heatran, F|100\/100\n|-item|p1a: FC Barcelona|Air Balloon\n|\n|upkeep\n|turn|6\n|\n|t:|1700793552\n|move|p1a: FC Barcelona|Magma Storm|p2a: Mouth Balls\n|-crit|p2a: Mouth Balls\n|-damage|p2a: Mouth Balls|0 fnt\n|faint|p2a: Mouth Balls\n|\n|upkeep\n|c|\u2606Jambees|NOOOOOOO\n|\n|t:|1700793570\n|switch|p2a: Bird Person|Hawlucha, F|100\/100\n|-enditem|p2a: Bird Person|Electric Seed\n|-boost|p2a: Bird Person|def|1|[from] item: Electric Seed\n|turn|7\n|\n|t:|1700793586\n|-terastallize|p1a: FC Barcelona|Grass\n|move|p2a: Bird Person|Swords Dance|p2a: Bird Person\n|-boost|p2a: Bird Person|atk|2\n|move|p1a: FC Barcelona|Magma Storm|p2a: Bird Person\n|-damage|p2a: Bird Person|0 fnt\n|faint|p2a: Bird Person\n|\n|upkeep\n|\n|t:|1700793595\n|switch|p2a: Highphlosion|Typhlosion-Hisui, F, shiny|100\/100\n|turn|8\n|\n|t:|1700793603\n|move|p2a: Highphlosion|Shadow Ball|p1a: FC Barcelona\n|-damage|p1a: FC Barcelona|55\/100\n|-enditem|p1a: FC Barcelona|Air Balloon\n|move|p1a: FC Barcelona|Earth Power|p2a: Highphlosion\n|-supereffective|p2a: Highphlosion\n|-damage|p2a: Highphlosion|8\/100\n|\n|upkeep\n|turn|9\n|\n|t:|1700793610\n|move|p2a: Highphlosion|Shadow Ball|p1a: FC Barcelona\n|-damage|p1a: FC Barcelona|15\/100\n|-unboost|p1a: FC Barcelona|spd|1\n|move|p1a: FC Barcelona|Earth Power|p2a: Highphlosion\n|-supereffective|p2a: Highphlosion\n|-damage|p2a: Highphlosion|0 fnt\n|faint|p2a: Highphlosion\n|\n|upkeep\n|\n|t:|1700793618\n|switch|p2a: Compatibility|Vaporeon, F, shiny|20\/100\n|turn|10\n|\n|t:|1700793630\n|move|p1a: FC Barcelona|Earth Power|p2a: Compatibility\n|-damage|p2a: Compatibility|0 fnt\n|faint|p2a: Compatibility\n|\n|upkeep\n|\n|t:|1700793634\n|switch|p2a: Gween Tee! Cowfee!|Sinistcha-Masterpiece|100\/100\n|turn|11\n|\n|t:|1700793640\n|move|p1a: FC Barcelona|Magma Storm|p2a: Gween Tee! Cowfee!\n|-supereffective|p2a: Gween Tee! Cowfee!\n|-damage|p2a: Gween Tee! Cowfee!|37\/100\n|-activate|p2a: Gween Tee! Cowfee!|move: Magma Storm|[of] p1a: FC Barcelona\n|move|p2a: Gween Tee! Cowfee!|Shadow Ball|p1a: FC Barcelona\n|-crit|p1a: FC Barcelona\n|-damage|p1a: FC Barcelona|0 fnt\n|faint|p1a: FC Barcelona\n|\n|-heal|p2a: Gween Tee! Cowfee!|43\/100|[from] item: Leftovers\n|-end|p2a: Gween Tee! Cowfee!|Magma Storm|[partiallytrapped]|[silent]\n|upkeep\n|\n|t:|1700793646\n|switch|p1a: Donphan|Donphan, L1, F|100\/100\n|turn|12\n|c|\u2606napg0d|sad i dont get to use it\n|\n|t:|1700793663\n|move|p1a: Donphan|Protect|p1a: Donphan\n|-singleturn|p1a: Donphan|Protect\n|move|p2a: Gween Tee! Cowfee!|Matcha Gotcha|p1a: Donphan\n|-activate|p1a: Donphan|move: Protect\n|\n|-heal|p2a: Gween Tee! Cowfee!|49\/100|[from] item: Leftovers\n|-fieldend|move: Electric Terrain\n|upkeep\n|turn|13\n|\n|t:|1700793674\n|move|p1a: Donphan|Protect||[still]\n|-fail|p1a: Donphan\n|move|p2a: Gween Tee! Cowfee!|Matcha Gotcha|p1a: Donphan\n|-supereffective|p1a: Donphan\n|-ability|p1a: Donphan|Sturdy\n|-damage|p1a: Donphan|8\/100\n|-heal|p2a: Gween Tee! Cowfee!|51\/100|[from] drain|[of] p1a: Donphan\n|\n|-heal|p2a: Gween Tee! Cowfee!|57\/100|[from] item: Leftovers\n|upkeep\n|turn|14\n|\n|t:|1700793685\n|move|p1a: Donphan|Ice Shard|p2a: Gween Tee! Cowfee!\n|-supereffective|p2a: Gween Tee! Cowfee!\n|-damage|p2a: Gween Tee! Cowfee!|56\/100\n|-heal|p1a: Donphan|16\/100|[from] item: Shell Bell|[of] p2a: Gween Tee! Cowfee!\n|move|p2a: Gween Tee! Cowfee!|Matcha Gotcha|p1a: Donphan\n|-supereffective|p1a: Donphan\n|-damage|p1a: Donphan|0 fnt\n|-heal|p2a: Gween Tee! Cowfee!|57\/100|[from] drain|[of] p1a: Donphan\n|faint|p1a: Donphan\n|\n|-heal|p2a: Gween Tee! Cowfee!|63\/100|[from] item: Leftovers\n|upkeep\n|\n|t:|1700793696\n|switch|p1a: Celtic|Torterra, M|100\/100\n|turn|15\n|\n|t:|1700793703\n|move|p1a: Celtic|Crunch|p2a: Gween Tee! Cowfee!\n|-supereffective|p2a: Gween Tee! Cowfee!\n|-damage|p2a: Gween Tee! Cowfee!|3\/100\n|move|p2a: Gween Tee! Cowfee!|Strength Sap|p1a: Celtic\n|-unboost|p1a: Celtic|atk|1\n|-heal|p2a: Gween Tee! Cowfee!|100\/100\n|\n|upkeep\n|turn|16\n|\n|t:|1700793717\n|switch|p1a: Snorlax|Snorlax, F|100\/100\n|move|p2a: Gween Tee! Cowfee!|Strength Sap|p1a: Snorlax\n|-unboost|p1a: Snorlax|atk|1\n|\n|upkeep\n|turn|17\n|\n|t:|1700793726\n|move|p2a: Gween Tee! Cowfee!|Calm Mind|p2a: Gween Tee! Cowfee!\n|-boost|p2a: Gween Tee! Cowfee!|spa|1\n|-boost|p2a: Gween Tee! Cowfee!|spd|1\n|move|p1a: Snorlax|Curse|p1a: Snorlax\n|-unboost|p1a: Snorlax|spe|1\n|-boost|p1a: Snorlax|atk|1\n|-boost|p1a: Snorlax|def|1\n|\n|upkeep\n|turn|18\n|\n|t:|1700793734\n|move|p2a: Gween Tee! Cowfee!|Calm Mind|p2a: Gween Tee! Cowfee!\n|-boost|p2a: Gween Tee! Cowfee!|spa|1\n|-boost|p2a: Gween Tee! Cowfee!|spd|1\n|move|p1a: Snorlax|Curse|p1a: Snorlax\n|-unboost|p1a: Snorlax|spe|1\n|-boost|p1a: Snorlax|atk|1\n|-boost|p1a: Snorlax|def|1\n|\n|upkeep\n|turn|19\n|\n|t:|1700793746\n|move|p2a: Gween Tee! Cowfee!|Strength Sap|p1a: Snorlax\n|-unboost|p1a: Snorlax|atk|1\n|move|p1a: Snorlax|Earthquake|p2a: Gween Tee! Cowfee!\n|-resisted|p2a: Gween Tee! Cowfee!\n|-damage|p2a: Gween Tee! Cowfee!|87\/100\n|\n|-heal|p2a: Gween Tee! Cowfee!|93\/100|[from] item: Leftovers\n|upkeep\n|turn|20\n|\n|t:|1700793753\n|switch|p1a: Celtic|Torterra, M|100\/100\n|move|p2a: Gween Tee! Cowfee!|Calm Mind|p2a: Gween Tee! Cowfee!\n|-boost|p2a: Gween Tee! Cowfee!|spa|1\n|-boost|p2a: Gween Tee! Cowfee!|spd|1\n|\n|-heal|p2a: Gween Tee! Cowfee!|99\/100|[from] item: Leftovers\n|upkeep\n|turn|21\n|\n|t:|1700793764\n|move|p1a: Celtic|Crunch|p2a: Gween Tee! Cowfee!\n|-supereffective|p2a: Gween Tee! Cowfee!\n|-damage|p2a: Gween Tee! Cowfee!|39\/100\n|move|p2a: Gween Tee! Cowfee!|Strength Sap|p1a: Celtic\n|-unboost|p1a: Celtic|atk|1\n|-heal|p2a: Gween Tee! Cowfee!|100\/100\n|\n|upkeep\n|turn|22\n|\n|t:|1700793772\n|switch|p1a: Borussia Dortmund|Jolteon, F|100\/100\n|move|p2a: Gween Tee! Cowfee!|Matcha Gotcha|p1a: Borussia Dortmund\n|-damage|p1a: Borussia Dortmund|0 fnt\n|faint|p1a: Borussia Dortmund\n|\n|upkeep\n|c|\u2606napg0d|i think its over\n|c|\u2606napg0d|because i wanted to use donphan\n|c| edicts|GOOD GOD\n|c|\u2606napg0d|sadge\n|\n|t:|1700793799\n|switch|p1a: Celtic|Torterra, M|100\/100\n|turn|23\n|\n|t:|1700793805\n|move|p1a: Celtic|Crunch|p2a: Gween Tee! Cowfee!\n|-supereffective|p2a: Gween Tee! Cowfee!\n|-damage|p2a: Gween Tee! Cowfee!|42\/100\n|move|p2a: Gween Tee! Cowfee!|Strength Sap|p1a: Celtic\n|-unboost|p1a: Celtic|atk|1\n|-heal|p2a: Gween Tee! Cowfee!|100\/100\n|\n|upkeep\n|turn|24\n|\n|t:|1700793814\n|switch|p1a: Snorlax|Snorlax, F|100\/100\n|move|p2a: Gween Tee! Cowfee!|Matcha Gotcha|p1a: Snorlax\n|-damage|p1a: Snorlax|49\/100\n|\n|upkeep\n|turn|25\n|\n|t:|1700793827\n|move|p2a: Gween Tee! Cowfee!|Matcha Gotcha|p1a: Snorlax\n|-damage|p1a: Snorlax|0 fnt\n|faint|p1a: Snorlax\n|\n|upkeep\n|\n|t:|1700793832\n|switch|p1a: Celtic|Torterra, M|100\/100\n|turn|26\n|\n|t:|1700793837\n|move|p1a: Celtic|Crunch|p2a: Gween Tee! Cowfee!\n|-supereffective|p2a: Gween Tee! Cowfee!\n|-damage|p2a: Gween Tee! Cowfee!|34\/100\n|-unboost|p2a: Gween Tee! Cowfee!|def|1\n|move|p2a: Gween Tee! Cowfee!|Strength Sap|p1a: Celtic\n|-unboost|p1a: Celtic|atk|1\n|-heal|p2a: Gween Tee! Cowfee!|100\/100\n|\n|upkeep\n|turn|27\n|\n|t:|1700793848\n|-terastallize|p2a: Gween Tee! Cowfee!|Fire\n|move|p1a: Celtic|Crunch|p2a: Gween Tee! Cowfee!\n|-damage|p2a: Gween Tee! Cowfee!|68\/100\n|-unboost|p2a: Gween Tee! Cowfee!|def|1\n|move|p2a: Gween Tee! Cowfee!|Strength Sap|p1a: Celtic\n|-unboost|p1a: Celtic|atk|1\n|-heal|p2a: Gween Tee! Cowfee!|100\/100\n|\n|upkeep\n|turn|28\n|\n|t:|1700793857\n|move|p1a: Celtic|Headlong Rush|p2a: Gween Tee! Cowfee!\n|-supereffective|p2a: Gween Tee! Cowfee!\n|-damage|p2a: Gween Tee! Cowfee!|0 fnt\n|-unboost|p1a: Celtic|def|1\n|-unboost|p1a: Celtic|spd|1\n|faint|p2a: Gween Tee! Cowfee!\n|\n|win|napg0d\n|c|\u2606napg0d|u win if u dont tera\n|c|\u2606napg0d|gg\n|l|\u2606napg0d\n|l| poggerwog\n","uploadtime":1700794007,"views":24,"p1id":"napg0d","p2id":"jambees","formatid":"gen9ou","rating":0,"private":0,"password":""}