{"id":"gen9ou-1995353870","p1":"DarkSkinnedMLK","p2":"Nada1998","format":"[Gen 9] OU","log":"|j|\u2606DarkSkinnedMLK\n|j|\u2606Nada1998\n|t:|1700558725\n|gametype|singles\n|player|p1|DarkSkinnedMLK|burglar|1583\n|player|p2|Nada1998|102|1676\n|teamsize|p1|6\n|teamsize|p2|6\n|gen|9\n|tier|[Gen 9] OU\n|rated|\n|rule|Sleep Clause Mod: Limit one foe put to sleep\n|rule|Species Clause: Limit one of each Pok\u00e9mon\n|rule|OHKO Clause: OHKO moves are banned\n|rule|Evasion Items Clause: Evasion items are banned\n|rule|Evasion Moves Clause: Evasion moves are banned\n|rule|Endless Battle Clause: Forcing endless battles is banned\n|rule|HP Percentage Mod: HP is shown in percentages\n|clearpoke\n|poke|p1|Ogerpon-Wellspring, F|\n|poke|p1|Gholdengo|\n|poke|p1|Kingambit, F|\n|poke|p1|Glimmora, F|\n|poke|p1|Iron Moth|\n|poke|p1|Iron Valiant|\n|poke|p2|Samurott-Hisui, M|\n|poke|p2|Gholdengo|\n|poke|p2|Mandibuzz, F|\n|poke|p2|Landorus-Therian, M|\n|poke|p2|Iron Valiant|\n|poke|p2|Cinderace, M|\n|teampreview\n|inactive|Battle timer is ON: inactive players will automatically lose when time's up. (requested by Nada1998)\n|\n|t:|1700558755\n|start\n|switch|p1a: Glimmora|Glimmora, F|100\/100\n|switch|p2a: Gholdengo|Gholdengo|100\/100\n|-item|p2a: Gholdengo|Air Balloon\n|turn|1\n|inactive|DarkSkinnedMLK has 120 seconds left.\n|\n|t:|1700558785\n|move|p1a: Glimmora|Stealth Rock|p2a: Gholdengo\n|-sidestart|p2: Nada1998|move: Stealth Rock\n|move|p2a: Gholdengo|Thunder Wave|p1a: Glimmora\n|-status|p1a: Glimmora|par\n|\n|upkeep\n|turn|2\n|\n|t:|1700558792\n|move|p2a: Gholdengo|Shadow Ball|p1a: Glimmora\n|-damage|p1a: Glimmora|58\/100 par\n|-unboost|p1a: Glimmora|spd|1\n|move|p1a: Glimmora|Power Gem|p2a: Gholdengo\n|-resisted|p2a: Gholdengo\n|-damage|p2a: Gholdengo|81\/100\n|-enditem|p2a: Gholdengo|Air Balloon\n|\n|upkeep\n|turn|3\n|\n|t:|1700558801\n|switch|p1a: Kingambit|Kingambit, F|100\/100\n|move|p2a: Gholdengo|Shadow Ball|p1a: Kingambit\n|-resisted|p1a: Kingambit\n|-damage|p1a: Kingambit|81\/100\n|\n|upkeep\n|turn|4\n|\n|t:|1700558813\n|switch|p2a: Landorus|Landorus-Therian, M|100\/100\n|-damage|p2a: Landorus|88\/100|[from] Stealth Rock\n|-ability|p2a: Landorus|Intimidate|boost\n|-unboost|p1a: Kingambit|atk|1\n|move|p1a: Kingambit|Kowtow Cleave|p2a: Landorus\n|-damage|p2a: Landorus|61\/100\n|-damage|p1a: Kingambit|64\/100|[from] item: Rocky Helmet|[of] p2a: Landorus\n|\n|upkeep\n|turn|5\n|\n|t:|1700558825\n|-end|p1a: Kingambit|fallenundefined|[silent]\n|switch|p1a: Glimmora|Glimmora, F|58\/100 par\n|move|p2a: Landorus|Earthquake|p1a: Glimmora\n|-supereffective|p1a: Glimmora\n|-damage|p1a: Glimmora|0 fnt\n|-activate|p1a: Glimmora|ability: Toxic Debris\n|-sidestart|p2: Nada1998|move: Toxic Spikes\n|faint|p1a: Glimmora\n|\n|upkeep\n|\n|t:|1700558832\n|switch|p1a: Ogerpon|Ogerpon-Wellspring, F|100\/100\n|turn|6\n|\n|t:|1700558845\n|-terastallize|p2a: Landorus|Water\n|move|p1a: Ogerpon|Swords Dance|p1a: Ogerpon\n|-boost|p1a: Ogerpon|atk|2\n|move|p2a: Landorus|U-turn|p1a: Ogerpon\n|-supereffective|p1a: Ogerpon\n|-damage|p1a: Ogerpon|47\/100\n|\n|t:|1700558854\n|switch|p2a: Cinderace|Cinderace, M|100\/100|[from] U-turn\n|\n|upkeep\n|turn|7\n|inactive|DarkSkinnedMLK has 120 seconds left.\n|\n|t:|1700558889\n|switch|p1a: Iron Moth|Iron Moth|100\/100\n|-enditem|p1a: Iron Moth|Booster Energy\n|-activate|p1a: Iron Moth|ability: Quark Drive|[fromitem]\n|-start|p1a: Iron Moth|quarkdrivespe\n|move|p2a: Cinderace|U-turn|p1a: Iron Moth\n|-start|p2a: Cinderace|typechange|Bug|[from] ability: Libero\n|-resisted|p1a: Iron Moth\n|-damage|p1a: Iron Moth|89\/100\n|\n|t:|1700558898\n|switch|p2a: Mandibuzz|Mandibuzz, F|100\/100|[from] U-turn\n|\n|upkeep\n|turn|8\n|\n|t:|1700558906\n|move|p1a: Iron Moth|Fiery Dance|p2a: Mandibuzz\n|-damage|p2a: Mandibuzz|75\/100\n|-boost|p1a: Iron Moth|spa|1\n|move|p2a: Mandibuzz|Defog|p1a: Iron Moth\n|-unboost|p1a: Iron Moth|evasion|1\n|-sideend|p2: Nada1998|Toxic Spikes|[from] move: Defog|[of] p2a: Mandibuzz\n|-sideend|p2: Nada1998|Stealth Rock|[from] move: Defog|[of] p2a: Mandibuzz\n|\n|upkeep\n|turn|9\n|\n|t:|1700558916\n|move|p1a: Iron Moth|Substitute|p1a: Iron Moth\n|-start|p1a: Iron Moth|Substitute\n|-damage|p1a: Iron Moth|64\/100\n|move|p2a: Mandibuzz|Knock Off|p1a: Iron Moth\n|-activate|p1a: Iron Moth|move: Substitute|[damage]\n|\n|upkeep\n|turn|10\n|\n|t:|1700558922\n|move|p1a: Iron Moth|Fiery Dance|p2a: Mandibuzz\n|-damage|p2a: Mandibuzz|40\/100\n|-boost|p1a: Iron Moth|spa|1\n|move|p2a: Mandibuzz|Knock Off|p1a: Iron Moth\n|-end|p1a: Iron Moth|Substitute\n|\n|upkeep\n|turn|11\n|\n|t:|1700558930\n|switch|p2a: Iron Valiant|Iron Valiant|100\/100\n|-enditem|p2a: Iron Valiant|Booster Energy\n|-activate|p2a: Iron Valiant|ability: Quark Drive|[fromitem]\n|-start|p2a: Iron Valiant|quarkdrivespe\n|move|p1a: Iron Moth|Substitute|p1a: Iron Moth\n|-start|p1a: Iron Moth|Substitute\n|-damage|p1a: Iron Moth|39\/100\n|\n|upkeep\n|turn|12\n|\n|t:|1700558939\n|move|p2a: Iron Valiant|Encore|p1a: Iron Moth\n|-start|p1a: Iron Moth|Encore\n|move|p1a: Iron Moth|Substitute|p1a: Iron Moth\n|-fail|p1a: Iron Moth|move: Substitute\n|\n|upkeep\n|turn|13\n|\n|t:|1700558958\n|-end|p1a: Iron Moth|Quark Drive|[silent]\n|switch|p1a: Gholdengo|Gholdengo|100\/100\n|-item|p1a: Gholdengo|Air Balloon\n|move|p2a: Iron Valiant|Swords Dance|p2a: Iron Valiant\n|-boost|p2a: Iron Valiant|atk|2\n|\n|upkeep\n|turn|14\n|inactive|DarkSkinnedMLK has 120 seconds left.\n|\n|t:|1700559001\n|-terastallize|p1a: Gholdengo|Fairy\n|move|p2a: Iron Valiant|Knock Off|p1a: Gholdengo\n|-resisted|p1a: Gholdengo\n|-damage|p1a: Gholdengo|69\/100\n|-enditem|p1a: Gholdengo|Air Balloon\n|move|p1a: Gholdengo|Make It Rain|p2a: Iron Valiant\n|-supereffective|p2a: Iron Valiant\n|-damage|p2a: Iron Valiant|0 fnt\n|-unboost|p1a: Gholdengo|spa|1\n|faint|p2a: Iron Valiant\n|-end|p2a: Iron Valiant|Quark Drive|[silent]\n|\n|upkeep\n|\n|t:|1700559020\n|switch|p2a: Gholdengo|Gholdengo|81\/100\n|turn|15\n|\n|t:|1700559026\n|switch|p1a: Kingambit|Kingambit, F|64\/100\n|-activate|p1a: Kingambit|ability: Supreme Overlord\n|-start|p1a: Kingambit|fallen1|[silent]\n|move|p2a: Gholdengo|Thunder Wave|p1a: Kingambit\n|-status|p1a: Kingambit|par\n|\n|upkeep\n|turn|16\n|inactive|DarkSkinnedMLK has 120 seconds left.\n|\n|t:|1700559055\n|switch|p2a: Landorus|Landorus-Therian, M, tera:Water|61\/100\n|-ability|p2a: Landorus|Intimidate|boost\n|-unboost|p1a: Kingambit|atk|1\n|-end|p1a: Kingambit|fallen1|[silent]\n|switch|p1a: Ogerpon|Ogerpon-Wellspring, F|47\/100\n|\n|upkeep\n|turn|17\n|\n|t:|1700559067\n|switch|p2a: Cinderace|Cinderace, M|100\/100\n|move|p1a: Ogerpon|Power Whip|p2a: Cinderace\n|-resisted|p2a: Cinderace\n|-damage|p2a: Cinderace|54\/100\n|\n|upkeep\n|turn|18\n|\n|t:|1700559095\n|switch|p1a: Kingambit|Kingambit, F|64\/100 par\n|-activate|p1a: Kingambit|ability: Supreme Overlord\n|-start|p1a: Kingambit|fallen1|[silent]\n|move|p2a: Cinderace|Pyro Ball|p1a: Kingambit\n|-supereffective|p1a: Kingambit\n|-damage|p1a: Kingambit|0 fnt\n|faint|p1a: Kingambit\n|-end|p1a: Kingambit|fallen1|[silent]\n|\n|upkeep\n|inactive|DarkSkinnedMLK has 90 seconds left.\n|\n|t:|1700559110\n|switch|p1a: Gholdengo|Gholdengo, tera:Fairy|69\/100\n|turn|19\n|\n|t:|1700559115\n|move|p2a: Cinderace|U-turn|p1a: Gholdengo\n|-start|p2a: Cinderace|typechange|Bug|[from] ability: Libero\n|-resisted|p1a: Gholdengo\n|-damage|p1a: Gholdengo|52\/100\n|\n|t:|1700559125\n|switch|p2a: Mandibuzz|Mandibuzz, F|40\/100|[from] U-turn\n|move|p1a: Gholdengo|Recover|p1a: Gholdengo\n|-heal|p1a: Gholdengo|100\/100\n|\n|upkeep\n|turn|20\n|\n|t:|1700559141\n|move|p1a: Gholdengo|Nasty Plot|p1a: Gholdengo\n|-boost|p1a: Gholdengo|spa|2\n|move|p2a: Mandibuzz|Roost|p2a: Mandibuzz\n|-heal|p2a: Mandibuzz|90\/100\n|-singleturn|p2a: Mandibuzz|move: Roost\n|\n|upkeep\n|turn|21\n|\n|t:|1700559152\n|switch|p2a: Landorus|Landorus-Therian, M, tera:Water|61\/100\n|-ability|p2a: Landorus|Intimidate|boost\n|-unboost|p1a: Gholdengo|atk|1\n|move|p1a: Gholdengo|Make It Rain|p2a: Landorus\n|-resisted|p2a: Landorus\n|-damage|p2a: Landorus|0 fnt\n|-unboost|p1a: Gholdengo|spa|1\n|faint|p2a: Landorus\n|\n|upkeep\n|\n|t:|1700559168\n|switch|p2a: Cinderace|Cinderace, M|54\/100\n|turn|22\n|\n|t:|1700559175\n|move|p2a: Cinderace|Pyro Ball|p1a: Gholdengo\n|-damage|p1a: Gholdengo|50\/100\n|move|p1a: Gholdengo|Shadow Ball|p2a: Cinderace\n|-damage|p2a: Cinderace|0 fnt\n|faint|p2a: Cinderace\n|\n|upkeep\n|\n|t:|1700559183\n|switch|p2a: Samurott|Samurott-Hisui, M|100\/100\n|turn|23\n|\n|t:|1700559188\n|switch|p1a: Ogerpon|Ogerpon-Wellspring, F|47\/100\n|move|p2a: Samurott|Aqua Cutter|p1a: Ogerpon\n|-heal|p1a: Ogerpon|72\/100|[from] ability: Water Absorb|[of] p2a: Samurott\n|\n|upkeep\n|turn|24\n|-message|Nada1998 forfeited.\n|\n|win|DarkSkinnedMLK\n|raw|DarkSkinnedMLK's rating: 1583 &rarr; <strong>1608<\/strong><br \/>(+25 for winning)\n|raw|Nada1998's rating: 1676 &rarr; <strong>1651<\/strong><br \/>(-25 for losing)\n|l|\u2606Nada1998\n","uploadtime":1700559207,"views":7,"p1id":"darkskinnedmlk","p2id":"nada1998","formatid":"gen9ou","rating":1608,"private":0,"password":""}