{"id":"gen9ou-1998123135","p1":"Gyan99","p2":"djodjoxyz","format":"[Gen 9] OU","log":"|j|\u2606Gyan99\n|j|\u2606djodjoxyz\n|t:|1700895496\n|gametype|singles\n|player|p1|Gyan99|265|1459\n|player|p2|djodjoxyz|169|1573\n|teamsize|p1|6\n|teamsize|p2|6\n|gen|9\n|tier|[Gen 9] OU\n|rated|\n|rule|Sleep Clause Mod: Limit one foe put to sleep\n|rule|Species Clause: Limit one of each Pok\u00e9mon\n|rule|OHKO Clause: OHKO moves are banned\n|rule|Evasion Items Clause: Evasion items are banned\n|rule|Evasion Moves Clause: Evasion moves are banned\n|rule|Endless Battle Clause: Forcing endless battles is banned\n|rule|HP Percentage Mod: HP is shown in percentages\n|clearpoke\n|poke|p1|Tyranitar, M|\n|poke|p1|Ogerpon-Cornerstone, F|\n|poke|p1|Clodsire, F|\n|poke|p1|Corviknight, F|\n|poke|p1|Clefable, F|\n|poke|p1|Gastrodon-East, F|\n|poke|p2|Ninetales-Alola, M|\n|poke|p2|Dragapult, M|\n|poke|p2|Enamorus, F|\n|poke|p2|Ceruledge, F|\n|poke|p2|Cinderace, F|\n|poke|p2|Ogerpon-Wellspring, F|\n|teampreview\n|\n|t:|1700895508\n|start\n|switch|p1a: Tyranitar|Tyranitar, M|100\/100\n|switch|p2a: Dragapult|Dragapult, M|100\/100\n|-weather|Sandstorm|[from] ability: Sand Stream|[of] p1a: Tyranitar\n|turn|1\n|\n|t:|1700895518\n|switch|p1a: Clefable|Clefable, F|100\/100\n|move|p2a: Dragapult|Thunder Wave|p1a: Clefable\n|-status|p1a: Clefable|par\n|\n|-weather|Sandstorm|[upkeep]\n|-damage|p2a: Dragapult|95\/100|[from] Sandstorm\n|-heal|p2a: Dragapult|100\/100|[from] item: Leftovers\n|upkeep\n|turn|2\n|\n|t:|1700895527\n|move|p2a: Dragapult|Substitute|p2a: Dragapult\n|-start|p2a: Dragapult|Substitute\n|-damage|p2a: Dragapult|76\/100\n|cant|p1a: Clefable|par\n|\n|-weather|Sandstorm|[upkeep]\n|-damage|p2a: Dragapult|70\/100|[from] Sandstorm\n|-heal|p2a: Dragapult|76\/100|[from] item: Leftovers\n|upkeep\n|turn|3\n|\n|t:|1700895532\n|move|p2a: Dragapult|Hex|p1a: Clefable\n|-damage|p1a: Clefable|47\/100 par\n|move|p1a: Clefable|Moonblast|p2a: Dragapult\n|-supereffective|p2a: Dragapult\n|-end|p2a: Dragapult|Substitute\n|\n|-weather|Sandstorm|[upkeep]\n|-damage|p2a: Dragapult|70\/100|[from] Sandstorm\n|-heal|p2a: Dragapult|76\/100|[from] item: Leftovers\n|upkeep\n|turn|4\n|\n|t:|1700895548\n|switch|p1a: Clodsire|Clodsire, F|100\/100\n|move|p2a: Dragapult|Thunder Wave|p1a: Clodsire\n|-immune|p1a: Clodsire\n|\n|-weather|Sandstorm|[upkeep]\n|-damage|p2a: Dragapult|70\/100|[from] Sandstorm\n|-heal|p2a: Dragapult|76\/100|[from] item: Leftovers\n|upkeep\n|turn|5\n|\n|t:|1700895557\n|switch|p2a: Ninetales|Ninetales-Alola, M|100\/100\n|-weather|Snow|[from] ability: Snow Warning|[of] p2a: Ninetales\n|move|p1a: Clodsire|Stealth Rock|p2a: Ninetales\n|-sidestart|p2: djodjoxyz|move: Stealth Rock\n|\n|-weather|Snow|[upkeep]\n|upkeep\n|turn|6\n|\n|t:|1700895567\n|switch|p1a: Tyranitar|Tyranitar, M|100\/100\n|-weather|Sandstorm|[from] ability: Sand Stream|[of] p1a: Tyranitar\n|move|p2a: Ninetales|Moonblast|p1a: Tyranitar\n|-supereffective|p1a: Tyranitar\n|-damage|p1a: Tyranitar|62\/100\n|\n|-weather|Sandstorm|[upkeep]\n|-damage|p2a: Ninetales|94\/100|[from] Sandstorm\n|-heal|p1a: Tyranitar|68\/100|[from] item: Leftovers\n|upkeep\n|turn|7\n|\n|t:|1700895593\n|switch|p1a: Ogerpon|Ogerpon-Cornerstone, F|100\/100\n|move|p2a: Ninetales|Moonblast|p1a: Ogerpon\n|-damage|p1a: Ogerpon|77\/100\n|\n|-weather|Sandstorm|[upkeep]\n|-damage|p2a: Ninetales|88\/100|[from] Sandstorm\n|upkeep\n|turn|8\n|\n|t:|1700895606\n|switch|p2a: Dragapult|Dragapult, M|76\/100\n|-damage|p2a: Dragapult|63\/100|[from] Stealth Rock\n|move|p1a: Ogerpon|Horn Leech|p2a: Dragapult\n|-resisted|p2a: Dragapult\n|-damage|p2a: Dragapult|30\/100\n|-heal|p1a: Ogerpon|94\/100|[from] drain|[of] p2a: Dragapult\n|\n|-weather|Sandstorm|[upkeep]\n|-damage|p2a: Dragapult|24\/100|[from] Sandstorm\n|-heal|p2a: Dragapult|30\/100|[from] item: Leftovers\n|upkeep\n|turn|9\n|\n|t:|1700895618\n|switch|p1a: Clodsire|Clodsire, F|100\/100\n|move|p2a: Dragapult|Draco Meteor|p1a: Clodsire\n|-damage|p1a: Clodsire|69\/100\n|-unboost|p2a: Dragapult|spa|2\n|\n|-weather|Sandstorm|[upkeep]\n|-damage|p2a: Dragapult|24\/100|[from] Sandstorm\n|-heal|p2a: Dragapult|30\/100|[from] item: Leftovers\n|-heal|p1a: Clodsire|75\/100|[from] item: Leftovers\n|upkeep\n|turn|10\n|\n|t:|1700895628\n|switch|p2a: Ogerpon|Ogerpon-Wellspring, F|100\/100\n|-damage|p2a: Ogerpon|88\/100|[from] Stealth Rock\n|move|p1a: Clodsire|Toxic|p2a: Ogerpon\n|-status|p2a: Ogerpon|tox\n|\n|-weather|none\n|-heal|p1a: Clodsire|81\/100|[from] item: Leftovers\n|-damage|p2a: Ogerpon|82\/100 tox|[from] psn\n|upkeep\n|turn|11\n|\n|t:|1700895633\n|switch|p1a: Gastrodon|Gastrodon-East, F|100\/100\n|move|p2a: Ogerpon|Swords Dance|p2a: Ogerpon\n|-boost|p2a: Ogerpon|atk|2\n|\n|-damage|p2a: Ogerpon|70\/100 tox|[from] psn\n|upkeep\n|turn|12\n|\n|t:|1700895643\n|switch|p1a: Corviknight|Corviknight, F|100\/100\n|-ability|p1a: Corviknight|Pressure\n|move|p2a: Ogerpon|Ivy Cudgel|p1a: Corviknight|[anim] Ivy Cudgel Water\n|-damage|p1a: Corviknight|24\/100\n|\n|-damage|p2a: Ogerpon|52\/100 tox|[from] psn\n|upkeep\n|turn|13\n|\n|t:|1700895652\n|switch|p1a: Gastrodon|Gastrodon-East, F|100\/100\n|move|p2a: Ogerpon|Power Whip|p1a: Gastrodon\n|-supereffective|p1a: Gastrodon\n|-damage|p1a: Gastrodon|0 fnt\n|faint|p1a: Gastrodon\n|\n|-damage|p2a: Ogerpon|28\/100 tox|[from] psn\n|upkeep\n|\n|t:|1700895660\n|switch|p1a: Clefable|Clefable, F|47\/100 par\n|turn|14\n|\n|t:|1700895663\n|move|p1a: Clefable|Protect|p1a: Clefable\n|-singleturn|p1a: Clefable|Protect\n|move|p2a: Ogerpon|Ivy Cudgel|p1a: Clefable|[anim] Ivy Cudgel Water\n|-activate|p1a: Clefable|move: Protect\n|\n|-damage|p2a: Ogerpon|0 fnt|[from] psn\n|faint|p2a: Ogerpon\n|upkeep\n|\n|t:|1700895670\n|switch|p2a: Cinderace|Cinderace, F|100\/100\n|turn|15\n|\n|t:|1700895673\n|move|p2a: Cinderace|Pyro Ball|p1a: Clefable\n|-damage|p1a: Clefable|4\/100 par\n|move|p1a: Clefable|Wish|p1a: Clefable\n|\n|upkeep\n|turn|16\n|\n|t:|1700895686\n|move|p1a: Clefable|Protect|p1a: Clefable\n|-singleturn|p1a: Clefable|Protect\n|move|p2a: Cinderace|U-turn|p1a: Clefable\n|-start|p2a: Cinderace|typechange|Bug|[from] ability: Libero\n|-activate|p1a: Clefable|move: Protect\n|\n|-heal|p1a: Clefable|54\/100 par|[from] move: Wish|[wisher] Clefable\n|upkeep\n|turn|17\n|\n|t:|1700895694\n|move|p2a: Cinderace|Court Change|p2a: Cinderace\n|-swapsideconditions\n|-activate|p2a: Cinderace|move: Court Change\n|move|p1a: Clefable|Wish|p1a: Clefable\n|\n|upkeep\n|turn|18\n|\n|t:|1700895698\n|move|p2a: Cinderace|U-turn|p1a: Clefable\n|-resisted|p1a: Clefable\n|-damage|p1a: Clefable|42\/100 par\n|\n|t:|1700895702\n|switch|p2a: Dragapult|Dragapult, M|30\/100|[from] U-turn\n|move|p1a: Clefable|Trick|p2a: Dragapult\n|-activate|p1a: Clefable|move: Trick|[of] p2a: Dragapult\n|-item|p2a: Dragapult|Flame Orb|[from] move: Trick\n|-item|p1a: Clefable|Leftovers|[from] move: Trick\n|\n|-heal|p1a: Clefable|92\/100 par|[from] move: Wish|[wisher] Clefable\n|-heal|p1a: Clefable|98\/100 par|[from] item: Leftovers\n|-status|p2a: Dragapult|brn|[from] item: Flame Orb\n|upkeep\n|turn|19\n|\n|t:|1700895714\n|switch|p2a: Ninetales|Ninetales-Alola, M|88\/100\n|-weather|Snow|[from] ability: Snow Warning|[of] p2a: Ninetales\n|move|p1a: Clefable|Wish|p1a: Clefable\n|\n|-weather|Snow|[upkeep]\n|-heal|p1a: Clefable|100\/100 par|[from] item: Leftovers\n|upkeep\n|turn|20\n|\n|t:|1700895738\n|switch|p1a: Tyranitar|Tyranitar, M|68\/100\n|-damage|p1a: Tyranitar|56\/100|[from] Stealth Rock\n|-weather|Sandstorm|[from] ability: Sand Stream|[of] p1a: Tyranitar\n|move|p2a: Ninetales|Moonblast|p1a: Tyranitar\n|-supereffective|p1a: Tyranitar\n|-damage|p1a: Tyranitar|17\/100\n|\n|-weather|Sandstorm|[upkeep]\n|-damage|p2a: Ninetales|82\/100|[from] Sandstorm\n|-heal|p1a: Tyranitar|75\/100|[from] move: Wish|[wisher] Clefable\n|-heal|p1a: Tyranitar|81\/100|[from] item: Leftovers\n|upkeep\n|turn|21\n|\n|t:|1700895765\n|move|p2a: Ninetales|Moonblast|p1a: Tyranitar\n|-supereffective|p1a: Tyranitar\n|-damage|p1a: Tyranitar|42\/100\n|move|p1a: Tyranitar|Knock Off|p2a: Ninetales\n|-resisted|p2a: Ninetales\n|-damage|p2a: Ninetales|49\/100\n|-enditem|p2a: Ninetales|Light Clay|[from] move: Knock Off|[of] p1a: Tyranitar\n|\n|-weather|Sandstorm|[upkeep]\n|-damage|p2a: Ninetales|43\/100|[from] Sandstorm\n|-heal|p1a: Tyranitar|48\/100|[from] item: Leftovers\n|upkeep\n|turn|22\n|\n|t:|1700895772\n|switch|p1a: Clodsire|Clodsire, F|81\/100\n|-damage|p1a: Clodsire|75\/100|[from] Stealth Rock\n|move|p2a: Ninetales|Moonblast|p1a: Clodsire\n|-resisted|p1a: Clodsire\n|-damage|p1a: Clodsire|67\/100\n|-unboost|p1a: Clodsire|spa|1\n|\n|-weather|Sandstorm|[upkeep]\n|-damage|p2a: Ninetales|37\/100|[from] Sandstorm\n|-heal|p1a: Clodsire|73\/100|[from] item: Leftovers\n|upkeep\n|turn|23\n|\n|t:|1700895778\n|move|p2a: Ninetales|Freeze-Dry|p1a: Clodsire\n|-supereffective|p1a: Clodsire\n|-damage|p1a: Clodsire|51\/100\n|move|p1a: Clodsire|Recover|p1a: Clodsire\n|-heal|p1a: Clodsire|100\/100\n|\n|-weather|Sandstorm|[upkeep]\n|-damage|p2a: Ninetales|31\/100|[from] Sandstorm\n|upkeep\n|turn|24\n|\n|t:|1700895793\n|move|p2a: Ninetales|Encore|p1a: Clodsire\n|-start|p1a: Clodsire|Encore\n|move|p1a: Clodsire|Recover||[still]\n|-fail|p1a: Clodsire|heal\n|\n|-weather|none\n|upkeep\n|turn|25\n|\n|t:|1700895798\n|switch|p1a: Clefable|Clefable, F|100\/100 par\n|move|p2a: Ninetales|Moonblast|p1a: Clefable\n|-damage|p1a: Clefable|73\/100 par\n|-unboost|p1a: Clefable|spa|1\n|\n|-heal|p1a: Clefable|79\/100 par|[from] item: Leftovers\n|upkeep\n|turn|26\n|\n|t:|1700895805\n|switch|p2a: Dragapult|Dragapult, M|30\/100 brn\n|move|p1a: Clefable|Wish|p1a: Clefable\n|\n|-heal|p1a: Clefable|85\/100 par|[from] item: Leftovers\n|-damage|p2a: Dragapult|24\/100 brn|[from] brn\n|upkeep\n|turn|27\n|\n|t:|1700895817\n|switch|p1a: Tyranitar|Tyranitar, M|48\/100\n|-damage|p1a: Tyranitar|36\/100|[from] Stealth Rock\n|-weather|Sandstorm|[from] ability: Sand Stream|[of] p1a: Tyranitar\n|move|p2a: Dragapult|Hex|p1a: Tyranitar\n|-resisted|p1a: Tyranitar\n|-damage|p1a: Tyranitar|27\/100\n|\n|-weather|Sandstorm|[upkeep]\n|-damage|p2a: Dragapult|18\/100 brn|[from] Sandstorm\n|-heal|p1a: Tyranitar|85\/100|[from] move: Wish|[wisher] Clefable\n|-heal|p1a: Tyranitar|91\/100|[from] item: Leftovers\n|-damage|p2a: Dragapult|12\/100 brn|[from] brn\n|upkeep\n|turn|28\n|\n|t:|1700895828\n|switch|p1a: Clodsire|Clodsire, F|100\/100\n|-damage|p1a: Clodsire|94\/100|[from] Stealth Rock\n|move|p2a: Dragapult|Thunder Wave|p1a: Clodsire\n|-immune|p1a: Clodsire\n|\n|-weather|Sandstorm|[upkeep]\n|-damage|p2a: Dragapult|6\/100 brn|[from] Sandstorm\n|-heal|p1a: Clodsire|100\/100|[from] item: Leftovers\n|-damage|p2a: Dragapult|0 fnt|[from] brn\n|faint|p2a: Dragapult\n|upkeep\n|\n|t:|1700895842\n|switch|p2a: Cinderace|Cinderace, F|100\/100\n|turn|29\n|\n|t:|1700895855\n|-terastallize|p2a: Cinderace|Fire\n|move|p2a: Cinderace|Pyro Ball|p1a: Clodsire\n|-damage|p1a: Clodsire|11\/100\n|move|p1a: Clodsire|Stealth Rock|p2a: Cinderace\n|-sidestart|p2: djodjoxyz|move: Stealth Rock\n|\n|-weather|Sandstorm|[upkeep]\n|-damage|p2a: Cinderace|95\/100|[from] Sandstorm\n|-heal|p1a: Clodsire|17\/100|[from] item: Leftovers\n|upkeep\n|turn|30\n|c|\u2606djodjoxyz|If only I get one para on clef\n|\n|t:|1700895873\n|switch|p1a: Corviknight|Corviknight, F|24\/100\n|-damage|p1a: Corviknight|12\/100|[from] Stealth Rock\n|-ability|p1a: Corviknight|Pressure\n|move|p2a: Cinderace|U-turn|p1a: Corviknight\n|-resisted|p1a: Corviknight\n|-damage|p1a: Corviknight|9\/100\n|-damage|p2a: Cinderace|78\/100|[from] item: Rocky Helmet|[of] p1a: Corviknight\n|\n|t:|1700895892\n|switch|p2a: Enamorus|Enamorus, F|100\/100|[from] U-turn\n|-damage|p2a: Enamorus|76\/100|[from] Stealth Rock\n|\n|-weather|Sandstorm|[upkeep]\n|-damage|p2a: Enamorus|69\/100|[from] Sandstorm\n|-heal|p2a: Enamorus|76\/100|[from] item: Leftovers\n|upkeep\n|turn|31\n|\n|t:|1700895898\n|move|p2a: Enamorus|Superpower|p1a: Corviknight\n|-damage|p1a: Corviknight|0 fnt\n|-boost|p2a: Enamorus|atk|1\n|-boost|p2a: Enamorus|def|1\n|-damage|p2a: Enamorus|59\/100|[from] item: Rocky Helmet|[of] p1a: Corviknight\n|faint|p1a: Corviknight\n|\n|-weather|none\n|-heal|p2a: Enamorus|65\/100|[from] item: Leftovers\n|upkeep\n|\n|t:|1700895911\n|switch|p1a: Ogerpon|Ogerpon-Cornerstone, F|94\/100\n|-damage|p1a: Ogerpon|82\/100|[from] Stealth Rock\n|turn|32\n|\n|t:|1700895921\n|move|p1a: Ogerpon|Ivy Cudgel|p2a: Enamorus|[anim] Ivy Cudgel Rock\n|-supereffective|p2a: Enamorus\n|-damage|p2a: Enamorus|0 fnt\n|faint|p2a: Enamorus\n|\n|upkeep\n|\n|t:|1700895927\n|switch|p2a: Cinderace|Cinderace, F, tera:Fire|78\/100\n|turn|33\n|\n|t:|1700895937\n|-terastallize|p1a: Ogerpon|Rock\n|detailschange|p1a: Ogerpon|Ogerpon-Cornerstone-Tera, F, tera:Rock\n|-ability|p1a: Ogerpon|Embody Aspect (Cornerstone)|boost\n|-boost|p1a: Ogerpon|def|1\n|move|p2a: Cinderace|Pyro Ball|p1a: Ogerpon\n|-resisted|p1a: Ogerpon\n|-damage|p1a: Ogerpon|49\/100\n|move|p1a: Ogerpon|Ivy Cudgel|p2a: Cinderace|[anim] Ivy Cudgel Rock\n|-supereffective|p2a: Cinderace\n|-crit|p2a: Cinderace\n|-damage|p2a: Cinderace|0 fnt\n|faint|p2a: Cinderace\n|\n|upkeep\n|-message|djodjoxyz forfeited.\n|\n|win|Gyan99\n|raw|Gyan99's rating: 1459 &rarr; <strong>1485<\/strong><br \/>(+26 for winning)\n|raw|djodjoxyz's rating: 1573 &rarr; <strong>1547<\/strong><br \/>(-26 for losing)\n|l|\u2606djodjoxyz\n","uploadtime":1700895964,"views":22,"p1id":"gyan99","p2id":"djodjoxyz","formatid":"gen9ou","rating":1485,"private":0,"password":""}