{"id":"gen9ou-1991768803","p1":"A KlNG\u265b\u2654\u2655","p2":"CFgenesis","format":"[Gen 9] OU","log":"|j|\u2606A KlNG\u265b\u2654\u2655\n|j|\u2606CFgenesis\n|t:|1700113908\n|gametype|singles\n|player|p1|A KlNG\u265b\u2654\u2655|ghetsis-gen5bw|1332\n|player|p2|CFgenesis|lucas|1246\n|teamsize|p1|6\n|teamsize|p2|6\n|gen|9\n|tier|[Gen 9] OU\n|rated|\n|rule|Sleep Clause Mod: Limit one foe put to sleep\n|rule|Species Clause: Limit one of each Pok\u00e9mon\n|rule|OHKO Clause: OHKO moves are banned\n|rule|Evasion Items Clause: Evasion items are banned\n|rule|Evasion Moves Clause: Evasion moves are banned\n|rule|Endless Battle Clause: Forcing endless battles is banned\n|rule|HP Percentage Mod: HP is shown in percentages\n|clearpoke\n|poke|p1|Ninetales-Alola, F|\n|poke|p1|Great Tusk|\n|poke|p1|Greninja-*, M|\n|poke|p1|Dragonite, M|\n|poke|p1|Kingambit, M|\n|poke|p1|Weezing-Galar, M|\n|poke|p2|Dragapult, F|\n|poke|p2|Iron Valiant|\n|poke|p2|Ninetales-Alola, F|\n|poke|p2|Great Tusk|\n|poke|p2|Ogerpon-Wellspring, F|\n|poke|p2|Hydreigon, F|\n|teampreview\n|\n|t:|1700113925\n|start\n|switch|p1a: Great Tusk|Great Tusk|100\/100\n|switch|p2a: Hydreigon|Hydreigon, F|100\/100\n|-enditem|p1a: Great Tusk|Booster Energy\n|-activate|p1a: Great Tusk|ability: Protosynthesis|[fromitem]\n|-start|p1a: Great Tusk|protosynthesisspe\n|turn|1\n|\n|t:|1700113938\n|move|p1a: Great Tusk|Close Combat|p2a: Hydreigon\n|-supereffective|p2a: Hydreigon\n|-damage|p2a: Hydreigon|0 fnt\n|-unboost|p1a: Great Tusk|def|1\n|-unboost|p1a: Great Tusk|spd|1\n|faint|p2a: Hydreigon\n|\n|upkeep\n|\n|t:|1700113944\n|switch|p2a: Ninetales|Ninetales-Alola, F, shiny|100\/100\n|-weather|Snow|[from] ability: Snow Warning|[of] p2a: Ninetales\n|turn|2\n|\n|t:|1700113948\n|move|p1a: Great Tusk|Taunt|p2a: Ninetales\n|-start|p2a: Ninetales|move: Taunt\n|cant|p2a: Ninetales|move: Taunt|Aurora Veil\n|\n|-weather|Snow|[upkeep]\n|upkeep\n|turn|3\n|\n|t:|1700113954\n|move|p1a: Great Tusk|Stealth Rock|p2a: Ninetales\n|-sidestart|p2: CFgenesis|move: Stealth Rock\n|move|p2a: Ninetales|Blizzard|p1a: Great Tusk\n|-supereffective|p1a: Great Tusk\n|-damage|p1a: Great Tusk|0 fnt\n|faint|p1a: Great Tusk\n|-end|p1a: Great Tusk|Protosynthesis|[silent]\n|\n|-weather|Snow|[upkeep]\n|upkeep\n|\n|t:|1700113970\n|switch|p1a: Greninja|Greninja, M|100\/100\n|turn|4\n|\n|t:|1700113975\n|move|p1a: Greninja|Surf|p2a: Ninetales\n|-damage|p2a: Ninetales|49\/100\n|move|p2a: Ninetales|Moonblast|p1a: Greninja\n|-supereffective|p1a: Greninja\n|-damage|p1a: Greninja|0 fnt\n|faint|p1a: Greninja\n|\n|-weather|Snow|[upkeep]\n|-end|p2a: Ninetales|move: Taunt\n|upkeep\n|\n|t:|1700113983\n|switch|p1a: HORUS|Ninetales-Alola, F|100\/100\n|turn|5\n|\n|t:|1700113988\n|move|p2a: Ninetales|Aurora Veil|p2a: Ninetales\n|-sidestart|p2: CFgenesis|move: Aurora Veil\n|move|p1a: HORUS|Encore|p2a: Ninetales\n|-start|p2a: Ninetales|Encore\n|\n|-weather|Snow|[upkeep]\n|upkeep\n|turn|6\n|\n|t:|1700113994\n|switch|p2a: Dragapult|Dragapult, F, shiny|100\/100\n|-damage|p2a: Dragapult|88\/100|[from] Stealth Rock\n|move|p1a: HORUS|Aurora Veil|p1a: HORUS\n|-sidestart|p1: A KlNG\u265b\u2654\u2655|move: Aurora Veil\n|\n|-weather|none\n|upkeep\n|turn|7\n|\n|t:|1700114014\n|move|p2a: Dragapult|Dragon Dance|p2a: Dragapult\n|-boost|p2a: Dragapult|atk|1\n|-boost|p2a: Dragapult|spe|1\n|move|p1a: HORUS|Freeze-Dry|p2a: Dragapult\n|-supereffective|p2a: Dragapult\n|-damage|p2a: Dragapult|55\/100\n|\n|upkeep\n|turn|8\n|\n|t:|1700114022\n|move|p2a: Dragapult|Dragon Dance|p2a: Dragapult\n|-boost|p2a: Dragapult|atk|1\n|-boost|p2a: Dragapult|spe|1\n|move|p1a: HORUS|Freeze-Dry|p2a: Dragapult\n|-supereffective|p2a: Dragapult\n|-damage|p2a: Dragapult|20\/100\n|\n|upkeep\n|turn|9\n|\n|t:|1700114032\n|-terastallize|p2a: Dragapult|Ghost\n|move|p2a: Dragapult|Tera Blast|p1a: HORUS|[anim] Tera Blast Ghost\n|-damage|p1a: HORUS|0 fnt\n|faint|p1a: HORUS\n|\n|upkeep\n|\n|t:|1700114036\n|switch|p1a: Weezing|Weezing-Galar, M|100\/100\n|-ability|p1a: Weezing|Neutralizing Gas\n|turn|10\n|\n|t:|1700114041\n|move|p2a: Dragapult|Tera Blast|p1a: Weezing|[anim] Tera Blast Ghost\n|-damage|p1a: Weezing|51\/100\n|move|p1a: Weezing|Assurance|p2a: Dragapult\n|-supereffective|p2a: Dragapult\n|-damage|p2a: Dragapult|0 fnt\n|faint|p2a: Dragapult\n|\n|-heal|p1a: Weezing|57\/100|[from] item: Leftovers\n|upkeep\n|\n|t:|1700114049\n|switch|p2a: Great Tusk|Great Tusk|100\/100\n|-damage|p2a: Great Tusk|98\/100|[from] Stealth Rock\n|turn|11\n|\n|t:|1700114074\n|move|p2a: Great Tusk|Rapid Spin|p1a: Weezing\n|-damage|p1a: Weezing|48\/100\n|-boost|p2a: Great Tusk|spe|1\n|-sideend|p2: CFgenesis|Stealth Rock|[from] move: Rapid Spin|[of] p2a: Great Tusk\n|move|p1a: Weezing|Strange Steam|p2a: Great Tusk\n|-supereffective|p2a: Great Tusk\n|-damage|p2a: Great Tusk|77\/100\n|\n|-heal|p1a: Weezing|54\/100|[from] item: Leftovers\n|upkeep\n|turn|12\n|\n|t:|1700114084\n|-end|p1a: Weezing|ability: Neutralizing Gas\n|switch|p1a: Dragonite|Dragonite, M|100\/100\n|move|p2a: Great Tusk|Ice Spinner|p1a: Dragonite\n|-supereffective|p1a: Dragonite\n|-damage|p1a: Dragonite|64\/100\n|\n|-sideend|p2: CFgenesis|move: Aurora Veil\n|upkeep\n|turn|13\n|\n|t:|1700114111\n|move|p2a: Great Tusk|Ice Spinner|p1a: Dragonite\n|-supereffective|p1a: Dragonite\n|-damage|p1a: Dragonite|0 fnt\n|faint|p1a: Dragonite\n|\n|-sideend|p1: A KlNG\u265b\u2654\u2655|move: Aurora Veil\n|upkeep\n|\n|t:|1700114117\n|switch|p1a: Weezing|Weezing-Galar, M|54\/100\n|-ability|p1a: Weezing|Neutralizing Gas\n|turn|14\n|\n|t:|1700114122\n|move|p2a: Great Tusk|Earthquake|p1a: Weezing\n|-supereffective|p1a: Weezing\n|-damage|p1a: Weezing|0 fnt\n|faint|p1a: Weezing\n|-end|p1a: Weezing|ability: Neutralizing Gas\n|\n|upkeep\n|-message|A KlNG\u265b\u2654\u2655 forfeited.\n|\n|win|CFgenesis\n|raw|A KlNG\u265b\u2654\u2655's rating: 1332 &rarr; <strong>1307<\/strong><br \/>(-25 for losing)\n|raw|CFgenesis's rating: 1246 &rarr; <strong>1277<\/strong><br \/>(+31 for winning)\n|l|\u2606A KlNG\u265b\u2654\u2655\n|c|\u2606CFgenesis|gg\n","uploadtime":1700114132,"views":21,"p1id":"aklng","p2id":"cfgenesis","formatid":"gen9ou","rating":1277,"private":0,"password":""}