{"id":"gen9ou-1988980528","p1":"Bj007","p2":"Papayaliex","format":"[Gen 9] OU","log":"|j|\u2606Bj007\n|j|\u2606Papayaliex\n|t:|1699797839\n|gametype|singles\n|player|p1|Bj007|nate|1204\n|player|p2|Papayaliex|101|1139\n|teamsize|p1|6\n|teamsize|p2|6\n|gen|9\n|tier|[Gen 9] OU\n|rated|\n|rule|Sleep Clause Mod: Limit one foe put to sleep\n|rule|Species Clause: Limit one of each Pok\u00e9mon\n|rule|OHKO Clause: OHKO moves are banned\n|rule|Evasion Items Clause: Evasion items are banned\n|rule|Evasion Moves Clause: Evasion moves are banned\n|rule|Endless Battle Clause: Forcing endless battles is banned\n|rule|HP Percentage Mod: HP is shown in percentages\n|clearpoke\n|poke|p1|Corviknight, F|\n|poke|p1|Dragapult, F|\n|poke|p1|Rillaboom, M|\n|poke|p1|Grimmsnarl, M|\n|poke|p1|Great Tusk|\n|poke|p1|Donphan, L1, F|\n|poke|p2|Sneasler, F|\n|poke|p2|Umbreon, F|\n|poke|p2|Sinistcha|\n|poke|p2|Rillaboom, M|\n|poke|p2|Iron Moth|\n|poke|p2|Great Tusk|\n|teampreview\n|inactive|Battle timer is ON: inactive players will automatically lose when time's up. (requested by Bj007)\n|inactive|Papayaliex has 120 seconds left.\n|\n|t:|1699797891\n|start\n|switch|p1a: Donphan|Donphan, L1, F|100\/100\n|switch|p2a: Rillaboom|Rillaboom, M|100\/100\n|-fieldstart|move: Grassy Terrain|[from] ability: Grassy Surge|[of] p2a: Rillaboom\n|turn|1\n|\n|t:|1699797899\n|move|p2a: Rillaboom|Knock Off|p1a: Donphan\n|-ability|p1a: Donphan|Sturdy\n|-damage|p1a: Donphan|8\/100\n|-enditem|p1a: Donphan|Shell Bell|[from] move: Knock Off|[of] p2a: Rillaboom\n|move|p1a: Donphan|Endeavor|p2a: Rillaboom\n|-damage|p2a: Rillaboom|1\/100\n|\n|-heal|p2a: Rillaboom|7\/100|[from] Grassy Terrain\n|-heal|p1a: Donphan|16\/100|[from] Grassy Terrain\n|upkeep\n|turn|2\n|\n|t:|1699797907\n|move|p1a: Donphan|Ice Shard|p2a: Rillaboom\n|-supereffective|p2a: Rillaboom\n|-damage|p2a: Rillaboom|6\/100\n|move|p2a: Rillaboom|Knock Off|p1a: Donphan\n|-damage|p1a: Donphan|0 fnt\n|faint|p1a: Donphan\n|\n|-heal|p2a: Rillaboom|13\/100|[from] Grassy Terrain\n|upkeep\n|\n|t:|1699797919\n|switch|p1a: Corviknight|Corviknight, F|100\/100\n|-ability|p1a: Corviknight|Pressure\n|turn|3\n|\n|t:|1699797931\n|switch|p2a: Sinistcha|Sinistcha|100\/100\n|move|p1a: Corviknight|Defog|p2a: Sinistcha\n|-unboost|p2a: Sinistcha|evasion|1\n|-fieldend|move: Grassy Terrain\n|\n|-status|p2a: Sinistcha|brn|[from] item: Flame Orb\n|upkeep\n|turn|4\n|\n|t:|1699797940\n|move|p2a: Sinistcha|Strength Sap|p1a: Corviknight\n|-unboost|p1a: Corviknight|atk|1\n|move|p1a: Corviknight|Brave Bird|p2a: Sinistcha\n|-supereffective|p2a: Sinistcha\n|-damage|p2a: Sinistcha|61\/100 brn\n|-damage|p1a: Corviknight|87\/100|[from] Recoil\n|\n|-damage|p2a: Sinistcha|58\/100 brn|[from] brn\n|upkeep\n|turn|5\n|\n|t:|1699797949\n|move|p2a: Sinistcha|Strength Sap|p1a: Corviknight\n|-unboost|p1a: Corviknight|atk|1\n|-heal|p2a: Sinistcha|98\/100 brn\n|move|p1a: Corviknight|U-turn|p2a: Sinistcha\n|-damage|p2a: Sinistcha|93\/100 brn\n|\n|t:|1699797963\n|switch|p1a: Dragapult|Dragapult, F|100\/100|[from] U-turn\n|\n|-damage|p2a: Sinistcha|90\/100 brn|[from] brn\n|upkeep\n|turn|6\n|inactive|Papayaliex has 120 seconds left.\n|inactive|Papayaliex has 90 seconds left.\n|inactive|Papayaliex has 60 seconds left.\n|inactive|Papayaliex has 30 seconds left.\n|inactive|Papayaliex has 20 seconds left.\n|inactive|Papayaliex has 15 seconds left.\n|inactive|Papayaliex has 10 seconds left.\n|\n|t:|1699798106\n|switch|p2a: Umbreon|Umbreon, F|100\/100\n|move|p1a: Dragapult|U-turn|p2a: Umbreon\n|-supereffective|p2a: Umbreon\n|-damage|p2a: Umbreon|73\/100\n|inactive|Papayaliex has 15 seconds left this turn.\n|\n|t:|1699798113\n|switch|p1a: Great Tusk|Great Tusk|100\/100|[from] U-turn\n|\n|-heal|p2a: Umbreon|79\/100|[from] item: Leftovers\n|upkeep\n|turn|7\n|inactive|Papayaliex has 25 seconds left this turn.\n|inactive|Papayaliex has 20 seconds left.\n|inactive|Papayaliex has 15 seconds left.\n|\n|t:|1699798126\n|switch|p2a: Sinistcha|Sinistcha|90\/100 brn\n|move|p1a: Great Tusk|Close Combat|p2a: Sinistcha\n|-immune|p2a: Sinistcha\n|\n|-damage|p2a: Sinistcha|87\/100 brn|[from] brn\n|upkeep\n|turn|8\n|inactive|Papayaliex has 25 seconds left this turn.\n|inactive|Papayaliex has 20 seconds left.\n|\n|t:|1699798133\n|move|p1a: Great Tusk|Ice Spinner|p2a: Sinistcha\n|-supereffective|p2a: Sinistcha\n|-damage|p2a: Sinistcha|42\/100 brn\n|move|p2a: Sinistcha|Strength Sap|p1a: Great Tusk\n|-unboost|p1a: Great Tusk|atk|1\n|-heal|p2a: Sinistcha|100\/100 brn\n|\n|-damage|p2a: Sinistcha|98\/100 brn|[from] brn\n|upkeep\n|turn|9\n|inactive|Papayaliex has 30 seconds left this turn.\n|\n|t:|1699798141\n|-end|p1a: Great Tusk|Protosynthesis|[silent]\n|switch|p1a: Corviknight|Corviknight, F|87\/100\n|-ability|p1a: Corviknight|Pressure\n|move|p2a: Sinistcha|Matcha Gotcha|p1a: Corviknight\n|-resisted|p1a: Corviknight\n|-damage|p1a: Corviknight|80\/100\n|-heal|p2a: Sinistcha|100\/100 brn|[from] drain|[of] p1a: Corviknight\n|\n|-damage|p2a: Sinistcha|98\/100 brn|[from] brn\n|upkeep\n|turn|10\n|inactive|Papayaliex has 30 seconds left.\n|\n|t:|1699798156\n|move|p2a: Sinistcha|Strength Sap|p1a: Corviknight\n|-unboost|p1a: Corviknight|atk|1\n|-heal|p2a: Sinistcha|100\/100 brn\n|move|p1a: Corviknight|U-turn|p2a: Sinistcha\n|-damage|p2a: Sinistcha|94\/100 brn\n|\n|t:|1699798162\n|switch|p1a: Dragapult|Dragapult, F|100\/100|[from] U-turn\n|\n|-damage|p2a: Sinistcha|91\/100 brn|[from] brn\n|upkeep\n|turn|11\n|inactive|Papayaliex has 30 seconds left.\n|inactive|Papayaliex has 20 seconds left.\n|\n|t:|1699798192\n|-terastallize|p1a: Dragapult|Dragon\n|move|p1a: Dragapult|Shadow Ball|p2a: Sinistcha\n|-supereffective|p2a: Sinistcha\n|-damage|p2a: Sinistcha|0 fnt\n|faint|p2a: Sinistcha\n|\n|upkeep\n|inactive|Papayaliex has 25 seconds left this turn.\n|inactive|Papayaliex has 20 seconds left.\n|\n|t:|1699798197\n|switch|p2a: Rillaboom|Rillaboom, M|13\/100\n|-fieldstart|move: Grassy Terrain|[from] ability: Grassy Surge|[of] p2a: Rillaboom\n|turn|12\n|inactive|Papayaliex has 30 seconds left this turn.\n|\n|t:|1699798201\n|move|p2a: Rillaboom|Grassy Glide|p1a: Dragapult\n|-resisted|p1a: Dragapult\n|-damage|p1a: Dragapult|66\/100\n|move|p1a: Dragapult|Shadow Ball|p2a: Rillaboom\n|-damage|p2a: Rillaboom|0 fnt\n|faint|p2a: Rillaboom\n|\n|-heal|p1a: Dragapult|72\/100|[from] Grassy Terrain\n|upkeep\n|\n|t:|1699798206\n|switch|p2a: Sneasler|Sneasler, F|100\/100\n|-enditem|p2a: Sneasler|Grassy Seed\n|-boost|p2a: Sneasler|def|1|[from] item: Grassy Seed\n|turn|13\n|\n|t:|1699798217\n|switch|p1a: Corviknight|Corviknight, F|80\/100\n|-ability|p1a: Corviknight|Pressure\n|move|p2a: Sneasler|Swords Dance|p2a: Sneasler\n|-boost|p2a: Sneasler|atk|2\n|\n|upkeep\n|turn|14\n|\n|t:|1699798223\n|-terastallize|p2a: Sneasler|Flying\n|move|p2a: Sneasler|Swords Dance|p2a: Sneasler\n|-boost|p2a: Sneasler|atk|2\n|move|p1a: Corviknight|Brave Bird|p2a: Sneasler\n|-damage|p2a: Sneasler|59\/100\n|-damage|p1a: Corviknight|68\/100|[from] Recoil\n|\n|upkeep\n|turn|15\n|\n|t:|1699798228\n|move|p2a: Sneasler|Close Combat|p1a: Corviknight\n|-damage|p1a: Corviknight|0 fnt\n|-unboost|p2a: Sneasler|def|1\n|-unboost|p2a: Sneasler|spd|1\n|-damage|p2a: Sneasler|43\/100|[from] item: Rocky Helmet|[of] p1a: Corviknight\n|faint|p1a: Corviknight\n|\n|upkeep\n|\n|t:|1699798240\n|switch|p1a: Rillaboom|Rillaboom, M|100\/100\n|turn|16\n|inactive|Papayaliex has 60 seconds left.\n|\n|t:|1699798245\n|move|p1a: Rillaboom|Grassy Glide|p2a: Sneasler\n|-resisted|p2a: Sneasler\n|-damage|p2a: Sneasler|0 fnt\n|faint|p2a: Sneasler\n|\n|-fieldend|move: Grassy Terrain\n|upkeep\n|-message|Papayaliex forfeited.\n|\n|win|Bj007\n|raw|Bj007's rating: 1204 &rarr; <strong>1224<\/strong><br \/>(+20 for winning)\n|raw|Papayaliex's rating: 1139 &rarr; <strong>1119<\/strong><br \/>(-20 for losing)\n|l|\u2606Papayaliex\n","uploadtime":1699798530,"views":36,"p1id":"bj007","p2id":"papayaliex","formatid":"gen9ou","rating":1119,"private":0,"password":""}