{"id":"gen9ou-1995854859","p1":"Vanhomin","p2":"moope","format":"[Gen 9] OU","log":"|j|\u2606Vanhomin\n|j|\u2606moope\n|t:|1700610025\n|gametype|singles\n|player|p1|Vanhomin|scientist-gen4|1411\n|player|p2|moope|iono|1498\n|teamsize|p1|6\n|teamsize|p2|6\n|gen|9\n|tier|[Gen 9] OU\n|rated|\n|rule|Sleep Clause Mod: Limit one foe put to sleep\n|rule|Species Clause: Limit one of each Pok\u00e9mon\n|rule|OHKO Clause: OHKO moves are banned\n|rule|Evasion Items Clause: Evasion items are banned\n|rule|Evasion Moves Clause: Evasion moves are banned\n|rule|Endless Battle Clause: Forcing endless battles is banned\n|rule|HP Percentage Mod: HP is shown in percentages\n|clearpoke\n|poke|p1|Enamorus, F|\n|poke|p1|Ninetales-Alola, F|\n|poke|p1|Garganacl, F|\n|poke|p1|Corviknight, M|\n|poke|p1|Toxapex, F|\n|poke|p1|Ditto|\n|poke|p2|Polteageist|\n|poke|p2|Maushold|\n|poke|p2|Indeedee-F, F|\n|poke|p2|Hawlucha, F|\n|poke|p2|Heatran, M|\n|poke|p2|Weavile, F|\n|teampreview\n|inactive|Battle timer is ON: inactive players will automatically lose when time's up. (requested by Vanhomin)\n|j| Turroargento\n|\n|t:|1700610038\n|start\n|switch|p1a: Catalyst|Garganacl, F, shiny|100\/100\n|switch|p2a: Maushold|Maushold|100\/100\n|turn|1\n|\n|t:|1700610044\n|move|p2a: Maushold|Tidy Up|p2a: Maushold\n|-boost|p2a: Maushold|atk|1\n|-boost|p2a: Maushold|spe|1\n|move|p1a: Catalyst|Body Press|p2a: Maushold\n|-supereffective|p2a: Maushold\n|-damage|p2a: Maushold|21\/100\n|\n|upkeep\n|turn|2\n|\n|t:|1700610049\n|switch|p1a: Mordred|Corviknight, M|100\/100\n|-ability|p1a: Mordred|Pressure\n|move|p2a: Maushold|Population Bomb|p1a: Mordred\n|-resisted|p1a: Mordred\n|-damage|p1a: Mordred|95\/100\n|-resisted|p1a: Mordred\n|-damage|p1a: Mordred|90\/100\n|-resisted|p1a: Mordred\n|-damage|p1a: Mordred|85\/100\n|-resisted|p1a: Mordred\n|-damage|p1a: Mordred|80\/100\n|-resisted|p1a: Mordred\n|-damage|p1a: Mordred|75\/100\n|-resisted|p1a: Mordred\n|-damage|p1a: Mordred|70\/100\n|-resisted|p1a: Mordred\n|-damage|p1a: Mordred|66\/100\n|-resisted|p1a: Mordred\n|-damage|p1a: Mordred|61\/100\n|-resisted|p1a: Mordred\n|-damage|p1a: Mordred|56\/100\n|-resisted|p1a: Mordred\n|-damage|p1a: Mordred|52\/100\n|-hitcount|p1a: Mordred|10\n|\n|-heal|p1a: Mordred|58\/100|[from] item: Leftovers\n|upkeep\n|turn|3\n|\n|t:|1700610055\n|move|p2a: Maushold|Population Bomb|p1a: Mordred\n|-resisted|p1a: Mordred\n|-damage|p1a: Mordred|53\/100\n|-resisted|p1a: Mordred\n|-damage|p1a: Mordred|49\/100\n|-hitcount|p1a: Mordred|2\n|move|p1a: Mordred|Body Press|p2a: Maushold\n|-supereffective|p2a: Maushold\n|-damage|p2a: Maushold|0 fnt\n|faint|p2a: Maushold\n|\n|-heal|p1a: Mordred|55\/100|[from] item: Leftovers\n|upkeep\n|\n|t:|1700610062\n|switch|p2a: Heatran|Heatran, M|100\/100\n|turn|4\n|\n|t:|1700610069\n|switch|p1a: Catalyst|Garganacl, F, shiny|100\/100\n|move|p2a: Heatran|Magma Storm|p1a: Catalyst\n|-resisted|p1a: Catalyst\n|-damage|p1a: Catalyst|81\/100\n|-activate|p1a: Catalyst|move: Magma Storm|[of] p2a: Heatran\n|\n|-heal|p1a: Catalyst|87\/100|[from] item: Leftovers\n|-damage|p1a: Catalyst|75\/100|[from] move: Magma Storm|[partiallytrapped]\n|upkeep\n|turn|5\n|\n|t:|1700610072\n|move|p2a: Heatran|Earth Power|p1a: Catalyst\n|-supereffective|p1a: Catalyst\n|-damage|p1a: Catalyst|30\/100\n|move|p1a: Catalyst|Salt Cure|p2a: Heatran\n|-damage|p2a: Heatran|89\/100\n|-start|p2a: Heatran|Salt Cure\n|\n|-heal|p2a: Heatran|95\/100|[from] item: Leftovers\n|-heal|p1a: Catalyst|36\/100|[from] item: Leftovers\n|-damage|p2a: Heatran|70\/100|[from] Salt Cure\n|-damage|p1a: Catalyst|24\/100|[from] move: Magma Storm|[partiallytrapped]\n|upkeep\n|turn|6\n|\n|t:|1700610077\n|-terastallize|p1a: Catalyst|Ghost\n|move|p2a: Heatran|Earth Power|p1a: Catalyst\n|-damage|p1a: Catalyst|1\/100\n|move|p1a: Catalyst|Recover|p1a: Catalyst\n|-heal|p1a: Catalyst|52\/100\n|\n|-heal|p2a: Heatran|76\/100|[from] item: Leftovers\n|-heal|p1a: Catalyst|58\/100|[from] item: Leftovers\n|-damage|p2a: Heatran|51\/100|[from] Salt Cure\n|-damage|p1a: Catalyst|45\/100|[from] move: Magma Storm|[partiallytrapped]\n|upkeep\n|turn|7\n|\n|t:|1700610082\n|move|p2a: Heatran|Earth Power|p1a: Catalyst\n|-damage|p1a: Catalyst|24\/100\n|move|p1a: Catalyst|Recover|p1a: Catalyst\n|-heal|p1a: Catalyst|74\/100\n|\n|-heal|p2a: Heatran|57\/100|[from] item: Leftovers\n|-heal|p1a: Catalyst|80\/100|[from] item: Leftovers\n|-damage|p2a: Heatran|33\/100|[from] Salt Cure\n|-damage|p1a: Catalyst|68\/100|[from] move: Magma Storm|[partiallytrapped]\n|upkeep\n|turn|8\n|\n|t:|1700610086\n|switch|p2a: Weavile|Weavile, F|100\/100\n|move|p1a: Catalyst|Recover|p1a: Catalyst\n|-heal|p1a: Catalyst|100\/100\n|\n|-end|p1a: Catalyst|Magma Storm|[partiallytrapped]|[silent]\n|upkeep\n|turn|9\n|\n|t:|1700610088\n|move|p2a: Weavile|Knock Off|p1a: Catalyst\n|-supereffective|p1a: Catalyst\n|-damage|p1a: Catalyst|41\/100\n|-enditem|p1a: Catalyst|Leftovers|[from] move: Knock Off|[of] p2a: Weavile\n|move|p1a: Catalyst|Salt Cure|p2a: Weavile\n|-supereffective|p2a: Weavile\n|-damage|p2a: Weavile|56\/100\n|-start|p2a: Weavile|Salt Cure\n|\n|-damage|p2a: Weavile|43\/100|[from] Salt Cure\n|upkeep\n|turn|10\n|\n|t:|1700610094\n|switch|p1a: Mordred|Corviknight, M|55\/100\n|-ability|p1a: Mordred|Pressure\n|move|p2a: Weavile|Ice Spinner|p1a: Mordred\n|-damage|p1a: Mordred|31\/100\n|\n|-heal|p1a: Mordred|37\/100|[from] item: Leftovers\n|-damage|p2a: Weavile|31\/100|[from] Salt Cure\n|upkeep\n|turn|11\n|\n|t:|1700610098\n|move|p2a: Weavile|Knock Off|p1a: Mordred\n|-damage|p1a: Mordred|6\/100\n|-enditem|p1a: Mordred|Leftovers|[from] move: Knock Off|[of] p2a: Weavile\n|move|p1a: Mordred|U-turn|p2a: Weavile\n|-supereffective|p2a: Weavile\n|-damage|p2a: Weavile|0 fnt\n|faint|p2a: Weavile\n|\n|t:|1700610104\n|switch|p1a: Catalyst|Garganacl, F, shiny, tera:Ghost|41\/100|[from] U-turn\n|\n|upkeep\n|\n|t:|1700610114\n|switch|p2a: Indeedee|Indeedee-F, F|100\/100\n|-fieldstart|move: Psychic Terrain|[from] ability: Psychic Surge|[of] p2a: Indeedee\n|turn|12\n|\n|t:|1700610118\n|move|p2a: Indeedee|Psychic|p1a: Catalyst\n|-damage|p1a: Catalyst|11\/100\n|-unboost|p1a: Catalyst|spd|1\n|move|p1a: Catalyst|Salt Cure|p2a: Indeedee\n|-damage|p2a: Indeedee|77\/100\n|-start|p2a: Indeedee|Salt Cure\n|\n|-damage|p2a: Indeedee|65\/100|[from] Salt Cure\n|upkeep\n|turn|13\n|\n|t:|1700610127\n|move|p2a: Indeedee|Psychic|p1a: Catalyst\n|-damage|p1a: Catalyst|0 fnt\n|faint|p1a: Catalyst\n|\n|-damage|p2a: Indeedee|52\/100|[from] Salt Cure\n|upkeep\n|\n|t:|1700610134\n|switch|p1a: Ninetales|Ninetales-Alola, F|100\/100\n|-weather|Snow|[from] ability: Snow Warning|[of] p1a: Ninetales\n|turn|14\n|\n|t:|1700610142\n|switch|p2a: Hawlucha|Hawlucha, F|100\/100\n|-enditem|p2a: Hawlucha|Psychic Seed\n|-boost|p2a: Hawlucha|spd|1|[from] item: Psychic Seed\n|move|p1a: Ninetales|Aurora Veil|p1a: Ninetales\n|-sidestart|p1: Vanhomin|move: Aurora Veil\n|\n|-weather|Snow|[upkeep]\n|upkeep\n|turn|15\n|\n|t:|1700610148\n|move|p2a: Hawlucha|Encore|p1a: Ninetales\n|-start|p1a: Ninetales|Encore\n|move|p1a: Ninetales|Aurora Veil||[still]\n|-fail|p1a: Ninetales\n|\n|-weather|Snow|[upkeep]\n|upkeep\n|turn|16\n|\n|t:|1700610158\n|switch|p1a: Enamorus|Enamorus, F|100\/100\n|move|p2a: Hawlucha|Swords Dance|p2a: Hawlucha\n|-boost|p2a: Hawlucha|atk|2\n|\n|-weather|Snow|[upkeep]\n|upkeep\n|turn|17\n|\n|t:|1700610169\n|-terastallize|p2a: Hawlucha|Flying\n|move|p2a: Hawlucha|Acrobatics|p1a: Enamorus\n|-damage|p1a: Enamorus|0 fnt\n|faint|p1a: Enamorus\n|\n|-weather|Snow|[upkeep]\n|upkeep\n|\n|t:|1700610182\n|switch|p1a: Aristotle|Toxapex, F|100\/100\n|turn|18\n|\n|t:|1700610186\n|move|p2a: Hawlucha|Acrobatics|p1a: Aristotle\n|-damage|p1a: Aristotle|62\/100\n|move|p1a: Aristotle|Toxic|p2a: Hawlucha\n|-status|p2a: Hawlucha|tox\n|\n|-weather|none\n|-heal|p1a: Aristotle|68\/100|[from] item: Black Sludge\n|-damage|p2a: Hawlucha|94\/100 tox|[from] psn\n|upkeep\n|turn|19\n|\n|t:|1700610194\n|move|p2a: Hawlucha|Swords Dance|p2a: Hawlucha\n|-boost|p2a: Hawlucha|atk|2\n|move|p1a: Aristotle|Recover|p1a: Aristotle\n|-heal|p1a: Aristotle|100\/100\n|\n|-damage|p2a: Hawlucha|82\/100 tox|[from] psn\n|-fieldend|move: Psychic Terrain\n|upkeep\n|turn|20\n|\n|t:|1700610196\n|move|p1a: Aristotle|Protect|p1a: Aristotle\n|-singleturn|p1a: Aristotle|Protect\n|move|p2a: Hawlucha|Acrobatics|p1a: Aristotle\n|-activate|p1a: Aristotle|move: Protect\n|\n|-damage|p2a: Hawlucha|64\/100 tox|[from] psn\n|upkeep\n|turn|21\n|\n|t:|1700610203\n|move|p2a: Hawlucha|Encore|p1a: Aristotle\n|-start|p1a: Aristotle|Encore\n|move|p1a: Aristotle|Protect||[still]\n|-fail|p1a: Aristotle\n|\n|-damage|p2a: Hawlucha|40\/100 tox|[from] psn\n|-sideend|p1: Vanhomin|move: Aurora Veil\n|upkeep\n|turn|22\n|\n|t:|1700610205\n|move|p1a: Aristotle|Protect|p1a: Aristotle\n|-singleturn|p1a: Aristotle|Protect\n|move|p2a: Hawlucha|Acrobatics|p1a: Aristotle\n|-activate|p1a: Aristotle|move: Protect\n|\n|-damage|p2a: Hawlucha|10\/100 tox|[from] psn\n|upkeep\n|turn|23\n|\n|t:|1700610210\n|move|p1a: Aristotle|Protect||[still]\n|-fail|p1a: Aristotle\n|move|p2a: Hawlucha|Acrobatics|p1a: Aristotle\n|-damage|p1a: Aristotle|0 fnt\n|faint|p1a: Aristotle\n|\n|-damage|p2a: Hawlucha|0 fnt|[from] psn\n|faint|p2a: Hawlucha\n|upkeep\n|\n|t:|1700610216\n|switch|p2a: Heatran|Heatran, M|33\/100\n|switch|p1a: Ninetales|Ninetales-Alola, F|100\/100\n|-weather|Snow|[from] ability: Snow Warning|[of] p1a: Ninetales\n|turn|24\n|\n|t:|1700610220\n|move|p1a: Ninetales|Aurora Veil|p1a: Ninetales\n|-sidestart|p1: Vanhomin|move: Aurora Veil\n|move|p2a: Heatran|Flash Cannon|p1a: Ninetales\n|-supereffective|p1a: Ninetales\n|-damage|p1a: Ninetales|14\/100\n|-unboost|p1a: Ninetales|spd|1\n|\n|-weather|Snow|[upkeep]\n|-heal|p2a: Heatran|39\/100|[from] item: Leftovers\n|upkeep\n|turn|25\n|\n|t:|1700610225\n|move|p1a: Ninetales|Moonblast|p2a: Heatran\n|-resisted|p2a: Heatran\n|-damage|p2a: Heatran|33\/100\n|move|p2a: Heatran|Flash Cannon|p1a: Ninetales\n|-supereffective|p1a: Ninetales\n|-damage|p1a: Ninetales|0 fnt\n|faint|p1a: Ninetales\n|\n|-weather|Snow|[upkeep]\n|-heal|p2a: Heatran|39\/100|[from] item: Leftovers\n|upkeep\n|\n|t:|1700610229\n|switch|p1a: Recursion|Ditto|100\/100\n|-transform|p1a: Recursion|p2a: Heatran|[from] ability: Imposter\n|turn|26\n|\n|t:|1700610232\n|move|p1a: Recursion|Earth Power|p2a: Heatran\n|-supereffective|p2a: Heatran\n|-damage|p2a: Heatran|0 fnt\n|faint|p2a: Heatran\n|\n|-weather|Snow|[upkeep]\n|upkeep\n|\n|t:|1700610240\n|switch|p2a: Polteageist|Polteageist|100\/100\n|turn|27\n|\n|t:|1700610243\n|move|p1a: Recursion|Earth Power|p2a: Polteageist\n|-damage|p2a: Polteageist|62\/100\n|-unboost|p2a: Polteageist|spd|1\n|move|p2a: Polteageist|Shell Smash|p2a: Polteageist\n|-unboost|p2a: Polteageist|def|1\n|-unboost|p2a: Polteageist|spd|1\n|-boost|p2a: Polteageist|atk|2\n|-boost|p2a: Polteageist|spa|2\n|-boost|p2a: Polteageist|spe|2\n|\n|-weather|Snow|[upkeep]\n|upkeep\n|turn|28\n|\n|t:|1700610246\n|switch|p1a: Mordred|Corviknight, M|6\/100\n|-ability|p1a: Mordred|Pressure\n|move|p2a: Polteageist|Shadow Ball|p1a: Mordred\n|-damage|p1a: Mordred|0 fnt\n|faint|p1a: Mordred\n|\n|-weather|none\n|upkeep\n|\n|t:|1700610248\n|switch|p1a: Recursion|Ditto|100\/100\n|-transform|p1a: Recursion|p2a: Polteageist|[from] ability: Imposter\n|turn|29\n|inactive|Vanhomin has 120 seconds left.\n|\n|t:|1700610279\n|move|p1a: Recursion|Stored Power|p2a: Polteageist\n|-damage|p2a: Polteageist|0 fnt\n|faint|p2a: Polteageist\n|\n|upkeep\n|\n|t:|1700610281\n|switch|p2a: Indeedee|Indeedee-F, F|52\/100\n|-fieldstart|move: Psychic Terrain|[from] ability: Psychic Surge|[of] p2a: Indeedee\n|turn|30\n|\n|t:|1700610286\n|move|p1a: Recursion|Stored Power|p2a: Indeedee\n|-resisted|p2a: Indeedee\n|-damage|p2a: Indeedee|0 fnt\n|faint|p2a: Indeedee\n|\n|win|Vanhomin\n|raw|Vanhomin's rating: 1411 &rarr; <strong>1436<\/strong><br \/>(+25 for winning)\n|raw|moope's rating: 1498 &rarr; <strong>1473<\/strong><br \/>(-25 for losing)\n|l|\u2606moope\n|l| Turroargento\n|c|\u2606Vanhomin|Good game\n","uploadtime":1700610289,"views":13,"p1id":"vanhomin","p2id":"moope","formatid":"gen9ou","rating":1436,"private":0,"password":""}