{"id":"gen9ou-1991034662","p1":"wyverbal","p2":"Wolfman0213","format":"[Gen 9] OU","log":"|j|\u2606wyverbal\n|j|\u2606Wolfman0213\n|t:|1700031848\n|gametype|singles\n|player|p1|wyverbal|265|1124\n|player|p2|Wolfman0213|170|1036\n|teamsize|p1|6\n|teamsize|p2|6\n|gen|9\n|tier|[Gen 9] OU\n|rated|\n|rule|Sleep Clause Mod: Limit one foe put to sleep\n|rule|Species Clause: Limit one of each Pok\u00e9mon\n|rule|OHKO Clause: OHKO moves are banned\n|rule|Evasion Items Clause: Evasion items are banned\n|rule|Evasion Moves Clause: Evasion moves are banned\n|rule|Endless Battle Clause: Forcing endless battles is banned\n|rule|HP Percentage Mod: HP is shown in percentages\n|clearpoke\n|poke|p1|Zamazenta-*|\n|poke|p1|Kommo-o, M|\n|poke|p1|Ceruledge, M|\n|poke|p1|Tornadus, M|\n|poke|p1|Greninja-*, M|\n|poke|p1|Sandslash, M|\n|poke|p2|Sneasler, F|\n|poke|p2|Dragapult, F|\n|poke|p2|Tyranitar, M|\n|poke|p2|Rillaboom, F|\n|poke|p2|Vikavolt, F|\n|poke|p2|Landorus-Therian, M|\n|teampreview\n|inactive|Battle timer is ON: inactive players will automatically lose when time's up. (requested by wyverbal)\n|\n|t:|1700031862\n|start\n|switch|p1a: Kommo-o|Kommo-o, M, shiny|100\/100\n|switch|p2a: Vikavolt|Vikavolt, F|100\/100\n|turn|1\n|\n|t:|1700031872\n|switch|p1a: Ceruledge|Ceruledge, M, shiny|100\/100\n|move|p2a: Vikavolt|Air Slash|p1a: Ceruledge\n|-damage|p1a: Ceruledge|51\/100\n|-damage|p2a: Vikavolt|91\/100|[from] item: Life Orb\n|\n|upkeep\n|turn|2\n|\n|t:|1700031892\n|switch|p2a: Landorus|Landorus-Therian, M|100\/100\n|-ability|p2a: Landorus|Intimidate|boost\n|-unboost|p1a: Ceruledge|atk|1\n|move|p1a: Ceruledge|Bitter Blade|p2a: Landorus\n|-damage|p2a: Landorus|64\/100\n|-heal|p1a: Ceruledge|71\/100|[from] drain|[of] p2a: Landorus\n|\n|upkeep\n|turn|3\n|\n|t:|1700031902\n|move|p2a: Landorus|Earthquake|p1a: Ceruledge\n|-supereffective|p1a: Ceruledge\n|-damage|p1a: Ceruledge|0 fnt\n|faint|p1a: Ceruledge\n|\n|upkeep\n|\n|t:|1700031908\n|switch|p1a: Kommo-o|Kommo-o, M, shiny|100\/100\n|turn|4\n|\n|t:|1700031917\n|move|p2a: Landorus|Fly||[still]\n|-prepare|p2a: Landorus|Fly\n|move|p1a: Kommo-o|Iron Defense|p1a: Kommo-o\n|-boost|p1a: Kommo-o|def|2\n|\n|upkeep\n|turn|5\n|\n|t:|1700031924\n|move|p2a: Landorus|Fly|p1a: Kommo-o|[from]lockedmove\n|-supereffective|p1a: Kommo-o\n|-damage|p1a: Kommo-o|67\/100\n|move|p1a: Kommo-o|Iron Defense|p1a: Kommo-o\n|-boost|p1a: Kommo-o|def|2\n|\n|upkeep\n|turn|6\n|\n|t:|1700031942\n|move|p2a: Landorus|Fly||[still]\n|-prepare|p2a: Landorus|Fly\n|move|p1a: Kommo-o|Dragon Tail|p2a: Landorus|[miss]\n|-miss|p1a: Kommo-o|p2a: Landorus\n|\n|upkeep\n|turn|7\n|\n|t:|1700031948\n|move|p2a: Landorus|Fly|p1a: Kommo-o|[from]lockedmove|[miss]\n|-miss|p2a: Landorus|p1a: Kommo-o\n|move|p1a: Kommo-o|Iron Defense|p1a: Kommo-o\n|-boost|p1a: Kommo-o|def|2\n|\n|upkeep\n|turn|8\n|\n|t:|1700031957\n|move|p2a: Landorus|Fly||[still]\n|-prepare|p2a: Landorus|Fly\n|move|p1a: Kommo-o|Dragon Tail|p2a: Landorus|[miss]\n|-miss|p1a: Kommo-o|p2a: Landorus\n|\n|upkeep\n|turn|9\n|\n|t:|1700031962\n|move|p2a: Landorus|Fly|p1a: Kommo-o|[from]lockedmove\n|-supereffective|p1a: Kommo-o\n|-damage|p1a: Kommo-o|50\/100\n|move|p1a: Kommo-o|Rest|p1a: Kommo-o\n|-status|p1a: Kommo-o|slp|[from] move: Rest\n|-heal|p1a: Kommo-o|100\/100 slp|[silent]\n|-enditem|p1a: Kommo-o|Chesto Berry|[eat]\n|-curestatus|p1a: Kommo-o|slp|[msg]\n|\n|upkeep\n|turn|10\n|\n|t:|1700031973\n|move|p2a: Landorus|Fly||[still]\n|-prepare|p2a: Landorus|Fly\n|move|p1a: Kommo-o|Body Press|p2a: Landorus|[miss]\n|-miss|p1a: Kommo-o|p2a: Landorus\n|\n|upkeep\n|turn|11\n|\n|t:|1700031979\n|move|p2a: Landorus|Fly|p1a: Kommo-o|[from]lockedmove\n|-supereffective|p1a: Kommo-o\n|-damage|p1a: Kommo-o|85\/100\n|move|p1a: Kommo-o|Body Press|p2a: Landorus\n|-resisted|p2a: Landorus\n|-damage|p2a: Landorus|0 fnt\n|faint|p2a: Landorus\n|\n|upkeep\n|\n|t:|1700031996\n|switch|p2a: Vikavolt|Vikavolt, F|91\/100\n|turn|12\n|\n|t:|1700032005\n|-terastallize|p1a: Kommo-o|Steel\n|move|p1a: Kommo-o|Body Press|p2a: Vikavolt\n|-resisted|p2a: Vikavolt\n|-damage|p2a: Vikavolt|0 fnt\n|faint|p2a: Vikavolt\n|\n|upkeep\n|\n|t:|1700032023\n|switch|p2a: Sneasler|Sneasler, F|100\/100\n|turn|13\n|\n|t:|1700032027\n|move|p2a: Sneasler|Close Combat|p1a: Kommo-o\n|-supereffective|p1a: Kommo-o\n|-damage|p1a: Kommo-o|57\/100\n|-unboost|p2a: Sneasler|def|1\n|-unboost|p2a: Sneasler|spd|1\n|move|p1a: Kommo-o|Body Press|p2a: Sneasler\n|-resisted|p2a: Sneasler\n|-damage|p2a: Sneasler|0 fnt\n|faint|p2a: Sneasler\n|\n|upkeep\n|\n|t:|1700032039\n|switch|p2a: Dragapult|Dragapult, F|100\/100\n|turn|14\n|\n|t:|1700032043\n|move|p2a: Dragapult|Night Shade|p1a: Kommo-o\n|-damage|p1a: Kommo-o|29\/100\n|-damage|p2a: Dragapult|91\/100|[from] item: Life Orb\n|move|p1a: Kommo-o|Dragon Tail|p2a: Dragapult\n|-supereffective|p2a: Dragapult\n|-damage|p2a: Dragapult|24\/100\n|drag|p2a: Rillaboom|Rillaboom, F|100\/100\n|\n|upkeep\n|turn|15\n|\n|t:|1700032056\n|move|p2a: Rillaboom|Earthquake|p1a: Kommo-o\n|-supereffective|p1a: Kommo-o\n|-damage|p1a: Kommo-o|19\/100\n|move|p1a: Kommo-o|Dragon Tail|p2a: Rillaboom\n|-damage|p2a: Rillaboom|76\/100\n|drag|p2a: Tyranitar|Tyranitar, M|100\/100\n|-ability|p2a: Tyranitar|Unnerve\n|\n|upkeep\n|turn|16\n|\n|t:|1700032080\n|move|p1a: Kommo-o|Rest|p1a: Kommo-o\n|-status|p1a: Kommo-o|slp|[from] move: Rest\n|-heal|p1a: Kommo-o|100\/100 slp|[silent]\n|move|p2a: Tyranitar|Earthquake|p1a: Kommo-o\n|-supereffective|p1a: Kommo-o\n|-damage|p1a: Kommo-o|82\/100 slp\n|\n|upkeep\n|turn|17\n|\n|t:|1700032089\n|move|p2a: Tyranitar|Earthquake|p1a: Kommo-o\n|-supereffective|p1a: Kommo-o\n|-damage|p1a: Kommo-o|64\/100 slp\n|cant|p1a: Kommo-o|slp\n|\n|upkeep\n|turn|18\n|\n|t:|1700032095\n|cant|p1a: Kommo-o|slp\n|move|p2a: Tyranitar|Earthquake|p1a: Kommo-o\n|-supereffective|p1a: Kommo-o\n|-damage|p1a: Kommo-o|45\/100 slp\n|\n|upkeep\n|turn|19\n|\n|t:|1700032105\n|-curestatus|p1a: Kommo-o|slp|[msg]\n|move|p1a: Kommo-o|Body Press|p2a: Tyranitar\n|-supereffective|p2a: Tyranitar\n|-damage|p2a: Tyranitar|0 fnt\n|faint|p2a: Tyranitar\n|\n|upkeep\n|\n|t:|1700032116\n|switch|p2a: Dragapult|Dragapult, F|24\/100\n|turn|20\n|\n|t:|1700032121\n|move|p2a: Dragapult|Night Shade|p1a: Kommo-o\n|-damage|p1a: Kommo-o|17\/100\n|-damage|p2a: Dragapult|14\/100|[from] item: Life Orb\n|move|p1a: Kommo-o|Dragon Tail|p2a: Dragapult|[miss]\n|-miss|p1a: Kommo-o|p2a: Dragapult\n|\n|upkeep\n|turn|21\n|\n|t:|1700032131\n|move|p2a: Dragapult|Night Shade|p1a: Kommo-o\n|-damage|p1a: Kommo-o|0 fnt\n|faint|p1a: Kommo-o\n|-damage|p2a: Dragapult|4\/100|[from] item: Life Orb\n|\n|upkeep\n|\n|t:|1700032142\n|switch|p1a: Greninja|Greninja, M|100\/100\n|turn|22\n|\n|t:|1700032147\n|move|p2a: Dragapult|Draco Meteor|p1a: Greninja\n|-damage|p1a: Greninja|7\/100\n|-unboost|p2a: Dragapult|spa|2\n|-damage|p2a: Dragapult|0 fnt|[from] item: Life Orb\n|faint|p2a: Dragapult\n|move|p1a: Greninja|Ice Beam|p2: Dragapult|[notarget]\n|-fail|p1a: Greninja\n|\n|upkeep\n|\n|t:|1700032159\n|switch|p2a: Rillaboom|Rillaboom, F|76\/100\n|turn|23\n|\n|t:|1700032177\n|-terastallize|p2a: Rillaboom|Fighting\n|move|p1a: Greninja|Ice Beam|p2a: Rillaboom\n|-damage|p2a: Rillaboom|29\/100\n|-damage|p1a: Greninja|0 fnt|[from] item: Life Orb\n|faint|p1a: Greninja\n|move|p2a: Rillaboom|Drum Beating|p1: Greninja|[notarget]\n|-fail|p2a: Rillaboom\n|\n|upkeep\n|\n|t:|1700032189\n|switch|p1a: Tornadus|Tornadus, M, shiny|100\/100\n|turn|24\n|\n|t:|1700032196\n|move|p1a: Tornadus|Bleakwind Storm|p2a: Rillaboom\n|-supereffective|p2a: Rillaboom\n|-damage|p2a: Rillaboom|0 fnt\n|faint|p2a: Rillaboom\n|\n|win|wyverbal\n|raw|wyverbal's rating: 1124 &rarr; <strong>1143<\/strong><br \/>(+19 for winning)\n|raw|Wolfman0213's rating: 1036 &rarr; <strong>1024<\/strong><br \/>(-12 for losing)\n|l|\u2606Wolfman0213\n","uploadtime":1700032205,"views":8,"p1id":"wyverbal","p2id":"wolfman0213","formatid":"gen9ou","rating":1024,"private":0,"password":""}