{"id":"gen9ou-1991483302","p1":"sidtherockjohnson","p2":"PastelRuins","format":"[Gen 9] OU","log":"|j|\u2606sidtherockjohnson\n|j|\u2606PastelRuins\n|t:|1700081078\n|gametype|singles\n|player|p1|sidtherockjohnson|266|1478\n|player|p2|PastelRuins|whitney|1563\n|teamsize|p1|6\n|teamsize|p2|6\n|gen|9\n|tier|[Gen 9] OU\n|rated|\n|rule|Sleep Clause Mod: Limit one foe put to sleep\n|rule|Species Clause: Limit one of each Pok\u00e9mon\n|rule|OHKO Clause: OHKO moves are banned\n|rule|Evasion Items Clause: Evasion items are banned\n|rule|Evasion Moves Clause: Evasion moves are banned\n|rule|Endless Battle Clause: Forcing endless battles is banned\n|rule|HP Percentage Mod: HP is shown in percentages\n|clearpoke\n|poke|p1|Samurott-Hisui, M|\n|poke|p1|Great Tusk|\n|poke|p1|Clefable, M|\n|poke|p1|Arcanine-Hisui, F|\n|poke|p1|Gholdengo|\n|poke|p1|Zapdos|\n|poke|p2|Sinistcha-Masterpiece|\n|poke|p2|Hatterene, F|\n|poke|p2|Muk-Alola, F|\n|poke|p2|Iron Hands|\n|poke|p2|Heatran, F|\n|poke|p2|Dragapult, M|\n|teampreview\n|inactive|Battle timer is ON: inactive players will automatically lose when time's up. (requested by sidtherockjohnson)\n|\n|t:|1700081082\n|start\n|switch|p1a: Zapdos|Zapdos|100\/100\n|switch|p2a: USG Ishimura|Dragapult, M|100\/100\n|turn|1\n|\n|t:|1700081098\n|switch|p1a: Clefable|Clefable, M|100\/100\n|-terastallize|p2a: USG Ishimura|Dragon\n|move|p2a: USG Ishimura|Dragon Darts|p1a: Clefable\n|-immune|p1a: Clefable\n|\n|upkeep\n|turn|2\n|\n|t:|1700081106\n|switch|p2a: Usseewa|Heatran, F, shiny|100\/100\n|move|p1a: Clefable|Stealth Rock|p2a: Usseewa\n|-sidestart|p2: PastelRuins|move: Stealth Rock\n|\n|upkeep\n|turn|3\n|\n|t:|1700081118\n|switch|p1a: Great Tusk|Great Tusk|100\/100\n|move|p2a: Usseewa|Magma Storm|p1a: Great Tusk\n|-damage|p1a: Great Tusk|41\/100\n|-activate|p1a: Great Tusk|move: Magma Storm|[of] p2a: Usseewa\n|\n|-heal|p1a: Great Tusk|47\/100|[from] item: Leftovers\n|-damage|p1a: Great Tusk|35\/100|[from] move: Magma Storm|[partiallytrapped]\n|upkeep\n|turn|4\n|\n|t:|1700081128\n|switch|p2a: Maru_DEATH|Sinistcha-Masterpiece, shiny|100\/100\n|-damage|p2a: Maru_DEATH|88\/100|[from] Stealth Rock\n|move|p1a: Great Tusk|Earthquake|p2a: Maru_DEATH\n|-resisted|p2a: Maru_DEATH\n|-damage|p2a: Maru_DEATH|68\/100\n|\n|-heal|p1a: Great Tusk|41\/100|[from] item: Leftovers\n|-end|p1a: Great Tusk|Magma Storm|[partiallytrapped]|[silent]\n|upkeep\n|turn|5\n|\n|t:|1700081143\n|-end|p1a: Great Tusk|Protosynthesis|[silent]\n|switch|p1a: Clefable|Clefable, M|100\/100\n|move|p2a: Maru_DEATH|Matcha Gotcha|p1a: Clefable\n|-damage|p1a: Clefable|80\/100\n|-heal|p2a: Maru_DEATH|79\/100|[from] drain|[of] p1a: Clefable\n|\n|-heal|p1a: Clefable|86\/100|[from] item: Leftovers\n|upkeep\n|turn|6\n|\n|t:|1700081151\n|switch|p2a: Anthropophobia|Muk-Alola, F, shiny|100\/100\n|-damage|p2a: Anthropophobia|88\/100|[from] Stealth Rock\n|move|p1a: Clefable|Thunder Wave|p2a: Anthropophobia\n|-status|p2a: Anthropophobia|par\n|\n|-heal|p1a: Clefable|92\/100|[from] item: Leftovers\n|upkeep\n|turn|7\n|\n|t:|1700081173\n|switch|p1a: Great Tusk|Great Tusk|41\/100\n|move|p2a: Anthropophobia|Gunk Shot|p1a: Great Tusk\n|-resisted|p1a: Great Tusk\n|-damage|p1a: Great Tusk|28\/100\n|-status|p1a: Great Tusk|psn\n|\n|-heal|p1a: Great Tusk|34\/100 psn|[from] item: Leftovers\n|-damage|p1a: Great Tusk|21\/100 psn|[from] psn\n|upkeep\n|turn|8\n|\n|t:|1700081183\n|switch|p2a: Maru_DEATH|Sinistcha-Masterpiece, shiny|79\/100\n|-damage|p2a: Maru_DEATH|67\/100|[from] Stealth Rock\n|move|p1a: Great Tusk|Knock Off|p2a: Maru_DEATH\n|-supereffective|p2a: Maru_DEATH\n|-enditem|p2a: Maru_DEATH|Colbur Berry|[eat]\n|-enditem|p2a: Maru_DEATH|Colbur Berry|[weaken]\n|-damage|p2a: Maru_DEATH|41\/100\n|\n|-heal|p1a: Great Tusk|28\/100 psn|[from] item: Leftovers\n|-damage|p1a: Great Tusk|15\/100 psn|[from] psn\n|upkeep\n|turn|9\n|inactive|PastelRuins has 120 seconds left.\n|\n|t:|1700081220\n|-end|p1a: Great Tusk|Protosynthesis|[silent]\n|switch|p1a: Clefable|Clefable, M|92\/100\n|move|p2a: Maru_DEATH|Strength Sap|p1a: Clefable\n|-unboost|p1a: Clefable|atk|1\n|-heal|p2a: Maru_DEATH|79\/100\n|\n|-heal|p1a: Clefable|98\/100|[from] item: Leftovers\n|upkeep\n|turn|10\n|\n|t:|1700081228\n|switch|p2a: Usseewa|Heatran, F, shiny|100\/100\n|-damage|p2a: Usseewa|88\/100|[from] Stealth Rock\n|move|p1a: Clefable|Wish|p1a: Clefable\n|\n|-heal|p2a: Usseewa|94\/100|[from] item: Leftovers\n|-heal|p1a: Clefable|100\/100|[from] item: Leftovers\n|upkeep\n|turn|11\n|\n|t:|1700081237\n|switch|p1a: Arcanine|Arcanine-Hisui, F|100\/100\n|move|p2a: Usseewa|Magma Storm|p1a: Arcanine|[miss]\n|-miss|p2a: Usseewa|p1a: Arcanine\n|\n|-heal|p2a: Usseewa|100\/100|[from] item: Leftovers\n|upkeep\n|turn|12\n|\n|t:|1700081245\n|move|p1a: Arcanine|Flare Blitz|p2a: Usseewa\n|-start|p2a: Usseewa|ability: Flash Fire\n|move|p2a: Usseewa|Earth Power|p1a: Arcanine\n|-supereffective|p1a: Arcanine\n|-crit|p1a: Arcanine\n|-damage|p1a: Arcanine|0 fnt\n|faint|p1a: Arcanine\n|\n|upkeep\n|\n|t:|1700081254\n|switch|p1a: Great Tusk|Great Tusk|15\/100 psn\n|turn|13\n|\n|t:|1700081268\n|-end|p2a: Usseewa|ability: Flash Fire|[silent]\n|switch|p2a: Maru_DEATH|Sinistcha-Masterpiece, shiny|79\/100\n|-damage|p2a: Maru_DEATH|66\/100|[from] Stealth Rock\n|move|p1a: Great Tusk|Earthquake|p2a: Maru_DEATH\n|-resisted|p2a: Maru_DEATH\n|-damage|p2a: Maru_DEATH|47\/100\n|\n|-heal|p1a: Great Tusk|21\/100 psn|[from] item: Leftovers\n|-damage|p1a: Great Tusk|9\/100 psn|[from] psn\n|upkeep\n|turn|14\n|\n|t:|1700081282\n|move|p1a: Great Tusk|Knock Off|p2a: Maru_DEATH\n|-supereffective|p2a: Maru_DEATH\n|-damage|p2a: Maru_DEATH|14\/100\n|move|p2a: Maru_DEATH|Strength Sap|p1a: Great Tusk\n|-unboost|p1a: Great Tusk|atk|1\n|-heal|p2a: Maru_DEATH|100\/100\n|\n|-heal|p1a: Great Tusk|15\/100 psn|[from] item: Leftovers\n|-damage|p1a: Great Tusk|3\/100 psn|[from] psn\n|upkeep\n|turn|15\n|\n|t:|1700081303\n|-end|p1a: Great Tusk|Protosynthesis|[silent]\n|switch|p1a: Clefable|Clefable, M|100\/100\n|move|p2a: Maru_DEATH|Strength Sap|p1a: Clefable\n|-unboost|p1a: Clefable|atk|1\n|\n|upkeep\n|turn|16\n|inactive|sidtherockjohnson has 120 seconds left.\n|\n|t:|1700081336\n|switch|p2a: Usseewa|Heatran, F, shiny|100\/100\n|-damage|p2a: Usseewa|88\/100|[from] Stealth Rock\n|switch|p1a: Samurott|Samurott-Hisui, M|100\/100\n|\n|-heal|p2a: Usseewa|94\/100|[from] item: Leftovers\n|upkeep\n|turn|17\n|\n|t:|1700081349\n|move|p1a: Samurott|Razor Shell|p2a: Usseewa\n|-supereffective|p2a: Usseewa\n|-damage|p2a: Usseewa|10\/100\n|-unboost|p2a: Usseewa|def|1\n|move|p2a: Usseewa|Will-O-Wisp|p1a: Samurott\n|-status|p1a: Samurott|brn\n|\n|-heal|p2a: Usseewa|17\/100|[from] item: Leftovers\n|-damage|p1a: Samurott|94\/100 brn|[from] brn\n|upkeep\n|turn|18\n|\n|t:|1700081359\n|move|p1a: Samurott|Ceaseless Edge|p2a: Usseewa|[miss]\n|-miss|p1a: Samurott|p2a: Usseewa\n|move|p2a: Usseewa|Earth Power|p1a: Samurott\n|-damage|p1a: Samurott|67\/100 brn\n|\n|-heal|p2a: Usseewa|23\/100|[from] item: Leftovers\n|-damage|p1a: Samurott|60\/100 brn|[from] brn\n|upkeep\n|turn|19\n|\n|t:|1700081367\n|move|p1a: Samurott|Razor Shell|p2a: Usseewa\n|-supereffective|p2a: Usseewa\n|-damage|p2a: Usseewa|0 fnt\n|faint|p2a: Usseewa\n|\n|-damage|p1a: Samurott|54\/100 brn|[from] brn\n|upkeep\n|\n|t:|1700081376\n|switch|p2a: USG Ishimura|Dragapult, M, tera:Dragon|100\/100\n|-damage|p2a: USG Ishimura|88\/100|[from] Stealth Rock\n|turn|20\n|\n|t:|1700081381\n|move|p1a: Samurott|Sucker Punch|p2a: USG Ishimura\n|-damage|p2a: USG Ishimura|65\/100\n|move|p2a: USG Ishimura|U-turn|p1a: Samurott\n|-supereffective|p1a: Samurott\n|-damage|p1a: Samurott|0 fnt\n|faint|p1a: Samurott\n|\n|t:|1700081385\n|switch|p2a: Hatterene|Hatterene, F|100\/100|[from] U-turn\n|-damage|p2a: Hatterene|88\/100|[from] Stealth Rock\n|\n|upkeep\n|\n|t:|1700081398\n|switch|p1a: Gholdengo|Gholdengo|100\/100\n|turn|21\n|\n|t:|1700081401\n|move|p1a: Gholdengo|Shadow Ball|p2a: Hatterene\n|-supereffective|p2a: Hatterene\n|-damage|p2a: Hatterene|33\/100\n|move|p2a: Hatterene|Mystical Fire|p1a: Gholdengo\n|-supereffective|p1a: Gholdengo\n|-damage|p1a: Gholdengo|45\/100\n|-unboost|p1a: Gholdengo|spa|1\n|\n|upkeep\n|turn|22\n|\n|t:|1700081409\n|switch|p2a: Anthropophobia|Muk-Alola, F, shiny|88\/100 par\n|-damage|p2a: Anthropophobia|76\/100 par|[from] Stealth Rock\n|move|p1a: Gholdengo|Shadow Ball|p2a: Anthropophobia\n|-resisted|p2a: Anthropophobia\n|-damage|p2a: Anthropophobia|70\/100 par\n|\n|upkeep\n|turn|23\n|\n|t:|1700081422\n|switch|p1a: Clefable|Clefable, M|100\/100\n|cant|p2a: Anthropophobia|par\n|\n|upkeep\n|turn|24\n|\n|t:|1700081427\n|move|p1a: Clefable|Wish|p1a: Clefable\n|move|p2a: Anthropophobia|Gunk Shot|p1a: Clefable|[miss]\n|-miss|p2a: Anthropophobia|p1a: Clefable\n|\n|upkeep\n|turn|25\n|\n|t:|1700081434\n|switch|p1a: Great Tusk|Great Tusk|3\/100 psn\n|move|p2a: Anthropophobia|Ice Punch|p1a: Great Tusk\n|-supereffective|p1a: Great Tusk\n|-damage|p1a: Great Tusk|0 fnt\n|faint|p1a: Great Tusk\n|-end|p1a: Great Tusk|Protosynthesis|[silent]\n|\n|upkeep\n|\n|t:|1700081444\n|switch|p1a: Zapdos|Zapdos|100\/100\n|turn|26\n|\n|t:|1700081455\n|move|p1a: Zapdos|Hurricane|p2a: Anthropophobia\n|-damage|p2a: Anthropophobia|47\/100 par\n|cant|p2a: Anthropophobia|par\n|\n|upkeep\n|turn|27\n|\n|t:|1700081466\n|move|p1a: Zapdos|Heat Wave|p2a: Anthropophobia\n|-damage|p2a: Anthropophobia|33\/100 par\n|move|p2a: Anthropophobia|Gunk Shot|p1a: Zapdos\n|-damage|p1a: Zapdos|51\/100\n|\n|upkeep\n|turn|28\n|\n|t:|1700081475\n|move|p1a: Zapdos|Hurricane|p2a: Anthropophobia\n|-damage|p2a: Anthropophobia|9\/100 par\n|move|p2a: Anthropophobia|Gunk Shot|p1a: Zapdos\n|-damage|p1a: Zapdos|0 fnt\n|faint|p1a: Zapdos\n|\n|upkeep\n|\n|t:|1700081485\n|switch|p1a: Clefable|Clefable, M|100\/100\n|turn|29\n|\n|t:|1700081489\n|move|p1a: Clefable|Moonblast|p2a: Anthropophobia\n|-damage|p2a: Anthropophobia|0 fnt\n|faint|p2a: Anthropophobia\n|\n|upkeep\n|\n|t:|1700081493\n|switch|p2a: Hatterene|Hatterene, F|33\/100\n|-damage|p2a: Hatterene|21\/100|[from] Stealth Rock\n|turn|30\n|\n|t:|1700081500\n|move|p1a: Clefable|Wish|p1a: Clefable\n|move|p2a: Hatterene|Psyshock|p1a: Clefable\n|-crit|p1a: Clefable\n|-damage|p1a: Clefable|40\/100\n|\n|-heal|p1a: Clefable|46\/100|[from] item: Leftovers\n|upkeep\n|turn|31\n|\n|t:|1700081505\n|move|p1a: Clefable|Moonblast|p2a: Hatterene\n|-damage|p2a: Hatterene|0 fnt\n|faint|p2a: Hatterene\n|\n|-heal|p1a: Clefable|96\/100|[from] move: Wish|[wisher] Clefable\n|-heal|p1a: Clefable|100\/100|[from] item: Leftovers\n|upkeep\n|\n|t:|1700081510\n|switch|p2a: Maru_DEATH|Sinistcha-Masterpiece, shiny|100\/100\n|-damage|p2a: Maru_DEATH|88\/100|[from] Stealth Rock\n|turn|32\n|\n|t:|1700081514\n|move|p2a: Maru_DEATH|Calm Mind|p2a: Maru_DEATH\n|-boost|p2a: Maru_DEATH|spa|1\n|-boost|p2a: Maru_DEATH|spd|1\n|move|p1a: Clefable|Thunder Wave|p2a: Maru_DEATH\n|-status|p2a: Maru_DEATH|par\n|\n|upkeep\n|turn|33\n|\n|t:|1700081523\n|move|p1a: Clefable|Wish|p1a: Clefable\n|move|p2a: Maru_DEATH|Scald|p1a: Clefable\n|-damage|p1a: Clefable|85\/100\n|\n|-heal|p1a: Clefable|91\/100|[from] item: Leftovers\n|upkeep\n|turn|34\n|\n|t:|1700081529\n|switch|p1a: Gholdengo|Gholdengo|45\/100\n|switch|p2a: USG Ishimura|Dragapult, M, tera:Dragon|65\/100\n|-damage|p2a: USG Ishimura|52\/100|[from] Stealth Rock\n|\n|-heal|p1a: Gholdengo|100\/100|[from] move: Wish|[wisher] Clefable\n|upkeep\n|turn|35\n|\n|t:|1700081539\n|move|p1a: Gholdengo|Make It Rain|p2a: USG Ishimura\n|-damage|p2a: USG Ishimura|0 fnt\n|-unboost|p1a: Gholdengo|spa|1\n|faint|p2a: USG Ishimura\n|\n|upkeep\n|\n|t:|1700081547\n|switch|p2a: Ian BGM|Iron Hands|100\/100\n|-damage|p2a: Ian BGM|94\/100|[from] Stealth Rock\n|turn|36\n|\n|t:|1700081551\n|switch|p1a: Clefable|Clefable, M|91\/100\n|move|p2a: Ian BGM|Thunder Punch|p1a: Clefable\n|-damage|p1a: Clefable|43\/100\n|\n|-heal|p1a: Clefable|49\/100|[from] item: Leftovers\n|upkeep\n|turn|37\n|\n|t:|1700081563\n|move|p1a: Clefable|Moonblast|p2a: Ian BGM\n|-supereffective|p2a: Ian BGM\n|-damage|p2a: Ian BGM|56\/100\n|-unboost|p2a: Ian BGM|spa|1\n|move|p2a: Ian BGM|Thunder Punch|p1a: Clefable\n|-damage|p1a: Clefable|0 fnt\n|faint|p1a: Clefable\n|\n|upkeep\n|\n|t:|1700081571\n|switch|p1a: Gholdengo|Gholdengo|100\/100\n|turn|38\n|\n|t:|1700081586\n|move|p1a: Gholdengo|Shadow Ball|p2a: Ian BGM\n|-damage|p2a: Ian BGM|31\/100\n|move|p2a: Ian BGM|Thunder Punch|p1a: Gholdengo\n|-damage|p1a: Gholdengo|54\/100\n|\n|upkeep\n|turn|39\n|\n|t:|1700081593\n|move|p1a: Gholdengo|Shadow Ball|p2a: Ian BGM\n|-damage|p2a: Ian BGM|6\/100\n|move|p2a: Ian BGM|Thunder Punch|p1a: Gholdengo\n|-damage|p1a: Gholdengo|2\/100\n|\n|upkeep\n|turn|40\n|\n|t:|1700081599\n|move|p1a: Gholdengo|Shadow Ball|p2a: Ian BGM\n|-damage|p2a: Ian BGM|0 fnt\n|faint|p2a: Ian BGM\n|-end|p2a: Ian BGM|Quark Drive|[silent]\n|\n|upkeep\n|\n|t:|1700081601\n|switch|p2a: Maru_DEATH|Sinistcha-Masterpiece, shiny|88\/100 par\n|-damage|p2a: Maru_DEATH|76\/100 par|[from] Stealth Rock\n|turn|41\n|\n|t:|1700081606\n|move|p1a: Gholdengo|Shadow Ball|p2a: Maru_DEATH\n|-supereffective|p2a: Maru_DEATH\n|-damage|p2a: Maru_DEATH|0 fnt\n|faint|p2a: Maru_DEATH\n|\n|win|sidtherockjohnson\n|raw|sidtherockjohnson's rating: 1478 &rarr; <strong>1504<\/strong><br \/>(+26 for winning)\n|raw|PastelRuins's rating: 1590 &rarr; <strong>1564<\/strong><br \/>(-26 for losing)\n","uploadtime":1700081614,"views":7,"p1id":"sidtherockjohnson","p2id":"pastelruins","formatid":"gen9ou","rating":1504,"private":0,"password":""}