{"id":"gen9ou-2000172233","p1":"3rbi erudit","p2":"hilaireee","format":"[Gen 9] OU","log":"|j|\u26063rbi erudit\n|j|\u2606hilaireee\n|t:|1701167022\n|gametype|singles\n|player|p1|3rbi erudit|lance|1506\n|player|p2|hilaireee|n|1566\n|teamsize|p1|6\n|teamsize|p2|6\n|gen|9\n|tier|[Gen 9] OU\n|rated|\n|rule|Sleep Clause Mod: Limit one foe put to sleep\n|rule|Species Clause: Limit one of each Pok\u00e9mon\n|rule|OHKO Clause: OHKO moves are banned\n|rule|Evasion Items Clause: Evasion items are banned\n|rule|Evasion Moves Clause: Evasion moves are banned\n|rule|Endless Battle Clause: Forcing endless battles is banned\n|rule|HP Percentage Mod: HP is shown in percentages\n|clearpoke\n|poke|p1|Slither Wing|\n|poke|p1|Kingambit, M|\n|poke|p1|Slowking-Galar, M|\n|poke|p1|Dragapult, M|\n|poke|p1|Cinderace, M|\n|poke|p1|Zamazenta-*|\n|poke|p2|Kingambit, M|\n|poke|p2|Great Tusk|\n|poke|p2|Dragapult, F|\n|poke|p2|Ogerpon-Wellspring, F|\n|poke|p2|Blissey, F|\n|poke|p2|Zapdos|\n|teampreview\n|\n|t:|1701167043\n|start\n|switch|p1a: Dragapult|Dragapult, M|100\/100\n|switch|p2a: Dragapult|Dragapult, F|100\/100\n|turn|1\n|\n|t:|1701167047\n|move|p1a: Dragapult|U-turn|p2a: Dragapult\n|-resisted|p2a: Dragapult\n|-damage|p2a: Dragapult|90\/100\n|\n|t:|1701167053\n|switch|p1a: Slowking|Slowking-Galar, M|100\/100|[from] U-turn\n|move|p2a: Dragapult|Shadow Ball|p1a: Slowking\n|-supereffective|p1a: Slowking\n|-damage|p1a: Slowking|35\/100\n|\n|upkeep\n|turn|2\n|\n|t:|1701167057\n|switch|p1a: Kingambit|Kingambit, M|100\/100\n|move|p2a: Dragapult|Shadow Ball|p1a: Kingambit\n|-resisted|p1a: Kingambit\n|-damage|p1a: Kingambit|71\/100\n|\n|upkeep\n|turn|3\n|\n|t:|1701167063\n|switch|p2a: Great Tusk|Great Tusk|100\/100\n|-end|p1a: Kingambit|fallenundefined|[silent]\n|switch|p1a: Slither Wing|Slither Wing|100\/100\n|\n|upkeep\n|turn|4\n|j| AntiDinkus\n|\n|t:|1701167073\n|move|p2a: Great Tusk|Earthquake|p1a: Slither Wing\n|-resisted|p1a: Slither Wing\n|-damage|p1a: Slither Wing|82\/100\n|move|p1a: Slither Wing|Will-O-Wisp|p2a: Great Tusk\n|-status|p2a: Great Tusk|brn\n|\n|-damage|p2a: Great Tusk|94\/100 brn|[from] brn\n|upkeep\n|turn|5\n|\n|t:|1701167085\n|-end|p2a: Great Tusk|Protosynthesis|[silent]\n|switch|p2a: Zapdos|Zapdos|100\/100\n|move|p1a: Slither Wing|U-turn|p2a: Zapdos\n|-resisted|p2a: Zapdos\n|-damage|p2a: Zapdos|86\/100\n|-status|p1a: Slither Wing|par|[from] ability: Static|[of] p2a: Zapdos\n|\n|t:|1701167094\n|-end|p1a: Slither Wing|Protosynthesis|[silent]\n|switch|p1a: Slowking|Slowking-Galar, M|68\/100|[from] U-turn\n|\n|upkeep\n|turn|6\n|\n|t:|1701167099\n|move|p2a: Zapdos|Volt Switch|p1a: Slowking\n|-damage|p1a: Slowking|51\/100\n|\n|t:|1701167103\n|switch|p2a: Kingambit|Kingambit, M|100\/100|[from] Volt Switch\n|move|p1a: Slowking|Future Sight|p2a: Kingambit\n|-start|p1a: Slowking|move: Future Sight\n|\n|upkeep\n|turn|7\n|\n|t:|1701167113\n|switch|p1a: Slither Wing|Slither Wing|82\/100 par\n|move|p2a: Kingambit|Kowtow Cleave|p1a: Slither Wing\n|-resisted|p1a: Slither Wing\n|-damage|p1a: Slither Wing|59\/100 par\n|\n|upkeep\n|turn|8\n|\n|t:|1701167123\n|-end|p2a: Kingambit|fallenundefined|[silent]\n|switch|p2a: Zapdos|Zapdos|86\/100\n|move|p1a: Slither Wing|Close Combat|p2a: Zapdos\n|-resisted|p2a: Zapdos\n|-damage|p2a: Zapdos|60\/100\n|-unboost|p1a: Slither Wing|def|1\n|-unboost|p1a: Slither Wing|spd|1\n|\n|-end|p2a: Zapdos|move: Future Sight\n|-damage|p2a: Zapdos|12\/100\n|upkeep\n|turn|9\n|\n|t:|1701167136\n|-end|p1a: Slither Wing|Protosynthesis|[silent]\n|switch|p1a: Cinderace|Cinderace, M|100\/100\n|move|p2a: Zapdos|Roost|p2a: Zapdos\n|-heal|p2a: Zapdos|62\/100\n|-singleturn|p2a: Zapdos|move: Roost\n|\n|upkeep\n|turn|10\n|\n|t:|1701167142\n|switch|p2a: Great Tusk|Great Tusk|94\/100 brn\n|move|p1a: Cinderace|Pyro Ball|p2a: Great Tusk\n|-damage|p2a: Great Tusk|55\/100 brn\n|\n|-heal|p2a: Great Tusk|62\/100 brn|[from] item: Leftovers\n|-damage|p2a: Great Tusk|55\/100 brn|[from] brn\n|upkeep\n|turn|11\n|\n|t:|1701167148\n|move|p1a: Cinderace|U-turn|p2a: Great Tusk\n|-start|p1a: Cinderace|typechange|Bug|[from] ability: Libero\n|-resisted|p2a: Great Tusk\n|-damage|p2a: Great Tusk|45\/100 brn\n|\n|t:|1701167151\n|switch|p1a: Slither Wing|Slither Wing|59\/100 par|[from] U-turn\n|move|p2a: Great Tusk|Knock Off|p1a: Slither Wing\n|-resisted|p1a: Slither Wing\n|-damage|p1a: Slither Wing|53\/100 par\n|-enditem|p1a: Slither Wing|Heavy-Duty Boots|[from] move: Knock Off|[of] p2a: Great Tusk\n|\n|-heal|p2a: Great Tusk|51\/100 brn|[from] item: Leftovers\n|-damage|p2a: Great Tusk|45\/100 brn|[from] brn\n|upkeep\n|turn|12\n|\n|t:|1701167162\n|-end|p2a: Great Tusk|Protosynthesis|[silent]\n|switch|p2a: Zapdos|Zapdos|62\/100\n|move|p1a: Slither Wing|Morning Sun|p1a: Slither Wing\n|-heal|p1a: Slither Wing|100\/100 par\n|\n|upkeep\n|turn|13\n|\n|t:|1701167167\n|move|p2a: Zapdos|Roost|p2a: Zapdos\n|-heal|p2a: Zapdos|100\/100\n|-singleturn|p2a: Zapdos|move: Roost\n|move|p1a: Slither Wing|U-turn|p2a: Zapdos\n|-damage|p2a: Zapdos|73\/100\n|\n|t:|1701167170\n|-end|p1a: Slither Wing|Protosynthesis|[silent]\n|switch|p1a: Cinderace|Cinderace, M|100\/100|[from] U-turn\n|\n|upkeep\n|turn|14\n|\n|t:|1701167174\n|move|p1a: Cinderace|Pyro Ball|p2a: Zapdos\n|-damage|p2a: Zapdos|24\/100\n|move|p2a: Zapdos|Volt Switch|p1a: Cinderace\n|-damage|p1a: Cinderace|60\/100\n|\n|t:|1701167179\n|switch|p2a: Dragapult|Dragapult, F|90\/100|[from] Volt Switch\n|\n|upkeep\n|turn|15\n|\n|t:|1701167188\n|switch|p1a: Dragapult|Dragapult, M|100\/100\n|move|p2a: Dragapult|Shadow Ball|p1a: Dragapult\n|-supereffective|p1a: Dragapult\n|-damage|p1a: Dragapult|0 fnt\n|faint|p1a: Dragapult\n|\n|upkeep\n|c| AntiDinkus|Defensive slither wing is kinda cool\n|c|\u26063rbi erudit|yeah you see it\n|inactive|Battle timer is ON: inactive players will automatically lose when time's up. (requested by hilaireee)\n|c|\u26063rbi erudit|it fit very well with kingambit\n|\n|t:|1701167224\n|switch|p1a: Kingambit|Kingambit, M|71\/100\n|-activate|p1a: Kingambit|ability: Supreme Overlord\n|-start|p1a: Kingambit|fallen1|[silent]\n|turn|16\n|c| AntiDinkus|It shuts down so many meta threats rn\n|c|\u26063rbi erudit|you are french no ?\n|\n|t:|1701167249\n|switch|p2a: Great Tusk|Great Tusk|45\/100 brn\n|move|p1a: Kingambit|Iron Head|p2a: Great Tusk\n|-damage|p2a: Great Tusk|15\/100 brn\n|\n|-heal|p2a: Great Tusk|21\/100 brn|[from] item: Leftovers\n|-damage|p2a: Great Tusk|15\/100 brn|[from] brn\n|upkeep\n|turn|17\n|\n|t:|1701167258\n|-end|p1a: Kingambit|fallen1|[silent]\n|switch|p1a: Slither Wing|Slither Wing|100\/100 par\n|move|p2a: Great Tusk|Earthquake|p1a: Slither Wing\n|-resisted|p1a: Slither Wing\n|-damage|p1a: Slither Wing|91\/100 par\n|\n|-heal|p2a: Great Tusk|21\/100 brn|[from] item: Leftovers\n|-damage|p2a: Great Tusk|15\/100 brn|[from] brn\n|upkeep\n|turn|18\n|\n|t:|1701167267\n|-end|p2a: Great Tusk|Protosynthesis|[silent]\n|switch|p2a: Blissey|Blissey, F|100\/100\n|move|p1a: Slither Wing|U-turn|p2a: Blissey\n|-damage|p2a: Blissey|70\/100\n|c| AntiDinkus|Not french sorry\n|inactive|3rbi erudit has 120 seconds left.\n|c|\u26063rbi erudit|oh ok , cause you have the same of a french streamer\n|\n|t:|1701167302\n|-end|p1a: Slither Wing|Protosynthesis|[silent]\n|switch|p1a: Zamazenta|Zamazenta|100\/100|[from] U-turn\n|-ability|p1a: Zamazenta|Dauntless Shield|boost\n|-boost|p1a: Zamazenta|def|1\n|\n|upkeep\n|turn|19\n|\n|t:|1701167312\n|switch|p2a: Dragapult|Dragapult, F|90\/100\n|move|p1a: Zamazenta|Iron Defense|p1a: Zamazenta\n|-boost|p1a: Zamazenta|def|2\n|\n|upkeep\n|turn|20\n|inactive|3rbi erudit has 120 seconds left.\n|\n|t:|1701167324\n|-terastallize|p1a: Zamazenta|Steel\n|move|p2a: Dragapult|Draco Meteor|p1a: Zamazenta\n|-resisted|p1a: Zamazenta\n|-damage|p1a: Zamazenta|67\/100\n|-unboost|p2a: Dragapult|spa|2\n|move|p1a: Zamazenta|Crunch|p2a: Dragapult\n|-supereffective|p2a: Dragapult\n|-crit|p2a: Dragapult\n|-damage|p2a: Dragapult|8\/100\n|\n|-heal|p1a: Zamazenta|73\/100|[from] item: Leftovers\n|upkeep\n|turn|21\n|inactive|3rbi erudit has 120 seconds left.\n|\n|t:|1701167334\n|switch|p2a: Great Tusk|Great Tusk|15\/100 brn\n|move|p1a: Zamazenta|Substitute|p1a: Zamazenta\n|-start|p1a: Zamazenta|Substitute\n|-damage|p1a: Zamazenta|48\/100\n|\n|-heal|p1a: Zamazenta|55\/100|[from] item: Leftovers\n|-heal|p2a: Great Tusk|21\/100 brn|[from] item: Leftovers\n|-damage|p2a: Great Tusk|15\/100 brn|[from] brn\n|upkeep\n|turn|22\n|\n|t:|1701167338\n|move|p1a: Zamazenta|Body Press|p2a: Great Tusk\n|-damage|p2a: Great Tusk|0 fnt\n|faint|p2a: Great Tusk\n|-end|p2a: Great Tusk|Protosynthesis|[silent]\n|\n|-heal|p1a: Zamazenta|61\/100|[from] item: Leftovers\n|upkeep\n|\n|t:|1701167342\n|switch|p2a: Dragapult|Dragapult, F|8\/100\n|turn|23\n|\n|t:|1701167346\n|move|p2a: Dragapult|Flamethrower|p1a: Zamazenta\n|-supereffective|p1a: Zamazenta\n|-damage|p1a: Zamazenta|0 fnt\n|faint|p1a: Zamazenta\n|\n|upkeep\n|\n|t:|1701167351\n|switch|p1a: Cinderace|Cinderace, M|60\/100\n|turn|24\n|l| AntiDinkus\n|\n|t:|1701167362\n|switch|p2a: Zapdos|Zapdos|24\/100\n|move|p1a: Cinderace|Pyro Ball|p2a: Zapdos\n|-damage|p2a: Zapdos|0 fnt\n|faint|p2a: Zapdos\n|\n|upkeep\n|\n|t:|1701167366\n|switch|p2a: Dragapult|Dragapult, F|8\/100\n|turn|25\n|\n|t:|1701167369\n|move|p1a: Cinderace|Sucker Punch|p2a: Dragapult\n|-start|p1a: Cinderace|typechange|Dark|[from] ability: Libero\n|-supereffective|p2a: Dragapult\n|-damage|p2a: Dragapult|0 fnt\n|faint|p2a: Dragapult\n|\n|upkeep\n|\n|t:|1701167373\n|switch|p2a: Ogerpon|Ogerpon-Wellspring, F|100\/100\n|turn|26\n|\n|t:|1701167377\n|move|p1a: Cinderace|U-turn|p2a: Ogerpon\n|-supereffective|p2a: Ogerpon\n|-damage|p2a: Ogerpon|45\/100\n|\n|t:|1701167381\n|switch|p1a: Slowking|Slowking-Galar, M|84\/100|[from] U-turn\n|move|p2a: Ogerpon|U-turn|p1a: Slowking\n|-damage|p1a: Slowking|55\/100\n|\n|t:|1701167385\n|switch|p2a: Kingambit|Kingambit, M|100\/100|[from] U-turn\n|-activate|p2a: Kingambit|ability: Supreme Overlord\n|-start|p2a: Kingambit|fallen3|[silent]\n|\n|upkeep\n|turn|27\n|\n|t:|1701167389\n|move|p2a: Kingambit|Kowtow Cleave|p1a: Slowking\n|-supereffective|p1a: Slowking\n|-damage|p1a: Slowking|0 fnt\n|faint|p1a: Slowking\n|\n|upkeep\n|\n|t:|1701167392\n|switch|p1a: Slither Wing|Slither Wing|91\/100 par\n|turn|28\n|\n|t:|1701167398\n|move|p2a: Kingambit|Iron Head|p1a: Slither Wing\n|-damage|p1a: Slither Wing|39\/100 par\n|move|p1a: Slither Wing|Will-O-Wisp|p2a: Kingambit\n|-status|p2a: Kingambit|brn\n|\n|-damage|p2a: Kingambit|94\/100 brn|[from] brn\n|upkeep\n|turn|29\n|\n|t:|1701167408\n|move|p2a: Kingambit|Swords Dance|p2a: Kingambit\n|-boost|p2a: Kingambit|atk|2\n|move|p1a: Slither Wing|Close Combat|p2a: Kingambit\n|-supereffective|p2a: Kingambit\n|-damage|p2a: Kingambit|0 fnt\n|-unboost|p1a: Slither Wing|def|1\n|-unboost|p1a: Slither Wing|spd|1\n|faint|p2a: Kingambit\n|-end|p2a: Kingambit|fallen3|[silent]\n|\n|upkeep\n|\n|t:|1701167412\n|switch|p2a: Ogerpon|Ogerpon-Wellspring, F|45\/100\n|turn|30\n|\n|t:|1701167416\n|move|p2a: Ogerpon|Ivy Cudgel|p1a: Slither Wing|[anim] Ivy Cudgel Water\n|-crit|p1a: Slither Wing\n|-damage|p1a: Slither Wing|0 fnt\n|faint|p1a: Slither Wing\n|-end|p1a: Slither Wing|Protosynthesis|[silent]\n|\n|upkeep\n|\n|t:|1701167420\n|switch|p1a: Cinderace|Cinderace, M|60\/100\n|turn|31\n|\n|t:|1701167425\n|-terastallize|p2a: Ogerpon|Water\n|detailschange|p2a: Ogerpon|Ogerpon-Wellspring-Tera, F, tera:Water\n|-ability|p2a: Ogerpon|Embody Aspect (Wellspring)|boost\n|-boost|p2a: Ogerpon|spd|1\n|move|p1a: Cinderace|U-turn|p2a: Ogerpon\n|-start|p1a: Cinderace|typechange|Bug|[from] ability: Libero\n|-damage|p2a: Ogerpon|1\/100\n|\n|t:|1701167430\n|switch|p1a: Kingambit|Kingambit, M|71\/100|[from] U-turn\n|-activate|p1a: Kingambit|ability: Supreme Overlord\n|-start|p1a: Kingambit|fallen4|[silent]\n|move|p2a: Ogerpon|Ivy Cudgel|p1a: Kingambit|[anim] Ivy Cudgel Water\n|-damage|p1a: Kingambit|9\/100\n|\n|upkeep\n|turn|32\n|\n|t:|1701167439\n|move|p2a: Ogerpon|Encore||[still]\n|-fail|p2a: Ogerpon\n|move|p1a: Kingambit|Kowtow Cleave|p2a: Ogerpon\n|-damage|p2a: Ogerpon|0 fnt\n|faint|p2a: Ogerpon\n|\n|upkeep\n|\n|t:|1701167443\n|switch|p2a: Blissey|Blissey, F|70\/100\n|turn|33\n|c|\u26063rbi erudit|gg\n|\n|t:|1701167447\n|move|p1a: Kingambit|Kowtow Cleave|p2a: Blissey\n|-damage|p2a: Blissey|12\/100\n|move|p2a: Blissey|Seismic Toss|p1a: Kingambit\n|-damage|p1a: Kingambit|0 fnt\n|faint|p1a: Kingambit\n|-end|p1a: Kingambit|fallen4|[silent]\n|\n|upkeep\n|\n|t:|1701167451\n|switch|p1a: Cinderace|Cinderace, M|60\/100\n|turn|34\n|\n|t:|1701167456\n|move|p1a: Cinderace|U-turn|p2a: Blissey\n|-start|p1a: Cinderace|typechange|Bug|[from] ability: Libero\n|-damage|p2a: Blissey|0 fnt\n|faint|p2a: Blissey\n|\n|win|3rbi erudit\n|raw|3rbi erudit's rating: 1506 &rarr; <strong>1529<\/strong><br \/>(+23 for winning)\n|raw|hilaireee's rating: 1566 &rarr; <strong>1543<\/strong><br \/>(-23 for losing)\n|l|\u2606hilaireee\n","uploadtime":1701167464,"views":23,"p1id":"3rbierudit","p2id":"hilaireee","formatid":"gen9ou","rating":1529,"private":0,"password":""}