{"id":"gen9ou-1996716749","p1":"AkiDes","p2":"Ms.Mimikyu","format":"[Gen 9] OU","log":"|j|\u2606AkiDes\n|j|\u2606Ms.Mimikyu\n|t:|1700713746\n|gametype|singles\n|player|p1|AkiDes|cilan|1149\n|player|p2|Ms.Mimikyu|dancer-gen7|1123\n|teamsize|p1|6\n|teamsize|p2|6\n|gen|9\n|tier|[Gen 9] OU\n|rated|\n|rule|Sleep Clause Mod: Limit one foe put to sleep\n|rule|Species Clause: Limit one of each Pok\u00e9mon\n|rule|OHKO Clause: OHKO moves are banned\n|rule|Evasion Items Clause: Evasion items are banned\n|rule|Evasion Moves Clause: Evasion moves are banned\n|rule|Endless Battle Clause: Forcing endless battles is banned\n|rule|HP Percentage Mod: HP is shown in percentages\n|clearpoke\n|poke|p1|Greninja-*, M|\n|poke|p1|Dragonite, M|\n|poke|p1|Cinderace, F|\n|poke|p1|Mandibuzz, F|\n|poke|p1|Jolteon, F|\n|poke|p1|Gengar, F|\n|poke|p2|Dondozo, F|\n|poke|p2|Barraskewda, F|\n|poke|p2|Alomomola, F|\n|poke|p2|Crawdaunt, F|\n|poke|p2|Bruxish, F|\n|poke|p2|Basculin-Blue-Striped, M|\n|teampreview\n|\n|t:|1700713757\n|start\n|switch|p1a: Jarcres|Jolteon, F|100\/100\n|switch|p2a: I'm shrong|Basculin-Blue-Striped, M|100\/100\n|turn|1\n|\n|t:|1700713767\n|-terastallize|p2a: I'm shrong|Normal\n|move|p1a: Jarcres|Volt Switch|p2a: I'm shrong\n|-damage|p2a: I'm shrong|0 fnt\n|faint|p2a: I'm shrong\n|\n|t:|1700713773\n|switch|p1a: SIUUUU|Cinderace, F|100\/100|[from] Volt Switch\n|\n|upkeep\n|c|\u2606Ms.Mimikyu|F\n|\n|t:|1700713792\n|switch|p2a: Creepy face|Crawdaunt, F|100\/100\n|turn|2\n|\n|t:|1700713797\n|move|p2a: Creepy face|Aqua Jet|p1a: SIUUUU\n|-supereffective|p1a: SIUUUU\n|-damage|p1a: SIUUUU|18\/100\n|move|p1a: SIUUUU|High Jump Kick|p2a: Creepy face\n|-start|p1a: SIUUUU|typechange|Fighting|[from] ability: Libero\n|-supereffective|p2a: Creepy face\n|-damage|p2a: Creepy face|0 fnt\n|faint|p2a: Creepy face\n|\n|upkeep\n|\n|t:|1700713813\n|switch|p2a: Chad Eizz|Bruxish, F|100\/100\n|turn|3\n|\n|t:|1700713819\n|move|p1a: SIUUUU|Sucker Punch||[still]\n|cant|p2a: Chad Eizz|ability: Dazzling|Sucker Punch|[of] p1a: SIUUUU\n|move|p2a: Chad Eizz|Agility|p2a: Chad Eizz\n|-boost|p2a: Chad Eizz|spe|2\n|\n|upkeep\n|turn|4\n|\n|t:|1700713827\n|move|p2a: Chad Eizz|Bulk Up|p2a: Chad Eizz\n|-boost|p2a: Chad Eizz|atk|1\n|-boost|p2a: Chad Eizz|def|1\n|move|p1a: SIUUUU|U-turn|p2a: Chad Eizz\n|-supereffective|p2a: Chad Eizz\n|-damage|p2a: Chad Eizz|51\/100\n|\n|t:|1700713834\n|switch|p1a: Chispin|Greninja, M, shiny|100\/100|[from] U-turn\n|\n|upkeep\n|turn|5\n|\n|t:|1700713845\n|move|p2a: Chad Eizz|Aqua Tail|p1a: Chispin\n|-resisted|p1a: Chispin\n|-damage|p1a: Chispin|45\/100\n|move|p1a: Chispin|Dark Pulse|p2a: Chad Eizz\n|-start|p1a: Chispin|typechange|Dark|[from] ability: Protean\n|-supereffective|p2a: Chad Eizz\n|-damage|p2a: Chad Eizz|0 fnt\n|faint|p2a: Chad Eizz\n|\n|upkeep\n|\n|t:|1700713856\n|switch|p2a: Humanoid fish|Alomomola, F|100\/100\n|turn|6\n|\n|t:|1700713867\n|switch|p1a: SIUUUU|Cinderace, F|18\/100\n|move|p2a: Humanoid fish|Rain Dance|p2a: Humanoid fish\n|-weather|RainDance\n|\n|-weather|RainDance|[upkeep]\n|upkeep\n|turn|7\n|c|\u2606Ms.Mimikyu|Nah poor fishesss\n|\n|t:|1700713878\n|move|p1a: SIUUUU|High Jump Kick|p2a: Humanoid fish\n|-start|p1a: SIUUUU|typechange|Fighting|[from] ability: Libero\n|-damage|p2a: Humanoid fish|60\/100\n|-damage|p1a: SIUUUU|1\/100|[from] item: Rocky Helmet|[of] p2a: Humanoid fish\n|move|p2a: Humanoid fish|Flip Turn|p1a: SIUUUU\n|-damage|p1a: SIUUUU|0 fnt\n|faint|p1a: SIUUUU\n|\n|t:|1700713888\n|switch|p2a: Aquarium keeper|Barraskewda, F, shiny|100\/100|[from] Flip Turn\n|\n|-weather|RainDance|[upkeep]\n|upkeep\n|\n|t:|1700713898\n|switch|p1a: Festin celestial|Mandibuzz, F|100\/100\n|turn|8\n|\n|t:|1700713906\n|move|p2a: Aquarium keeper|Liquidation|p1a: Festin celestial\n|-damage|p1a: Festin celestial|45\/100\n|-unboost|p1a: Festin celestial|def|1\n|-damage|p2a: Aquarium keeper|91\/100|[from] item: Life Orb\n|move|p1a: Festin celestial|Roost|p1a: Festin celestial\n|-heal|p1a: Festin celestial|95\/100\n|-singleturn|p1a: Festin celestial|move: Roost\n|\n|-weather|RainDance|[upkeep]\n|upkeep\n|turn|9\n|\n|t:|1700713919\n|move|p2a: Aquarium keeper|Liquidation|p1a: Festin celestial\n|-damage|p1a: Festin celestial|14\/100\n|-damage|p2a: Aquarium keeper|81\/100|[from] item: Life Orb\n|move|p1a: Festin celestial|Roost|p1a: Festin celestial\n|-heal|p1a: Festin celestial|64\/100\n|-singleturn|p1a: Festin celestial|move: Roost\n|\n|-weather|RainDance|[upkeep]\n|upkeep\n|turn|10\n|\n|t:|1700713929\n|move|p2a: Aquarium keeper|Liquidation|p1a: Festin celestial\n|-damage|p1a: Festin celestial|0 fnt\n|faint|p1a: Festin celestial\n|-damage|p2a: Aquarium keeper|71\/100|[from] item: Life Orb\n|\n|-weather|none\n|upkeep\n|\n|t:|1700713943\n|switch|p1a: Chispin|Greninja, M, shiny|45\/100\n|turn|11\n|\n|t:|1700713955\n|switch|p2a: Humanoid fish|Alomomola, F|93\/100\n|move|p1a: Chispin|Grass Knot|p2a: Humanoid fish\n|-start|p1a: Chispin|typechange|Grass|[from] ability: Protean\n|-supereffective|p2a: Humanoid fish\n|-damage|p2a: Humanoid fish|49\/100\n|-damage|p1a: Chispin|28\/100|[from] item: Rocky Helmet|[of] p2a: Humanoid fish\n|\n|upkeep\n|turn|12\n|\n|t:|1700713975\n|move|p1a: Chispin|Grass Knot|p2a: Humanoid fish\n|-supereffective|p2a: Humanoid fish\n|-damage|p2a: Humanoid fish|3\/100\n|-damage|p1a: Chispin|12\/100|[from] item: Rocky Helmet|[of] p2a: Humanoid fish\n|move|p2a: Humanoid fish|Rain Dance|p2a: Humanoid fish\n|-weather|RainDance\n|\n|-weather|RainDance|[upkeep]\n|upkeep\n|turn|13\n|\n|t:|1700713987\n|move|p1a: Chispin|Grass Knot|p2a: Humanoid fish\n|-supereffective|p2a: Humanoid fish\n|-damage|p2a: Humanoid fish|0 fnt\n|-damage|p1a: Chispin|0 fnt|[from] item: Rocky Helmet|[of] p2a: Humanoid fish\n|faint|p2a: Humanoid fish\n|faint|p1a: Chispin\n|\n|-weather|RainDance|[upkeep]\n|upkeep\n|\n|t:|1700713997\n|switch|p1a: Cacahuate|Dragonite, M|100\/100\n|switch|p2a: Aquarium keeper|Barraskewda, F, shiny|71\/100\n|turn|14\n|\n|t:|1700714011\n|move|p2a: Aquarium keeper|Liquidation|p1a: Cacahuate\n|-resisted|p1a: Cacahuate\n|-damage|p1a: Cacahuate|74\/100\n|-damage|p2a: Aquarium keeper|61\/100|[from] item: Life Orb\n|move|p1a: Cacahuate|Dragon Dance|p1a: Cacahuate\n|-boost|p1a: Cacahuate|atk|1\n|-boost|p1a: Cacahuate|spe|1\n|\n|-weather|RainDance|[upkeep]\n|upkeep\n|turn|15\n|\n|t:|1700714021\n|switch|p2a: No boost|Dondozo, F|100\/100\n|move|p1a: Cacahuate|Extreme Speed|p2a: No boost\n|-damage|p2a: No boost|82\/100\n|\n|-weather|RainDance|[upkeep]\n|-heal|p2a: No boost|89\/100|[from] item: Leftovers\n|upkeep\n|turn|16\n|\n|t:|1700714032\n|move|p1a: Cacahuate|Dragon Dance|p1a: Cacahuate\n|-boost|p1a: Cacahuate|atk|1\n|-boost|p1a: Cacahuate|spe|1\n|move|p2a: No boost|Noble Roar|p1a: Cacahuate\n|-unboost|p1a: Cacahuate|atk|1\n|-unboost|p1a: Cacahuate|spa|1\n|\n|-weather|none\n|-heal|p2a: No boost|95\/100|[from] item: Leftovers\n|upkeep\n|turn|17\n|\n|t:|1700714043\n|move|p1a: Cacahuate|Dragon Dance|p1a: Cacahuate\n|-boost|p1a: Cacahuate|atk|1\n|-boost|p1a: Cacahuate|spe|1\n|move|p2a: No boost|Curse|p2a: No boost\n|-unboost|p2a: No boost|spe|1\n|-boost|p2a: No boost|atk|1\n|-boost|p2a: No boost|def|1\n|\n|-heal|p2a: No boost|100\/100|[from] item: Leftovers\n|upkeep\n|turn|18\n|\n|t:|1700714052\n|move|p1a: Cacahuate|Extreme Speed|p2a: No boost\n|-damage|p2a: No boost|89\/100\n|move|p2a: No boost|Curse|p2a: No boost\n|-unboost|p2a: No boost|spe|1\n|-boost|p2a: No boost|atk|1\n|-boost|p2a: No boost|def|1\n|\n|-heal|p2a: No boost|95\/100|[from] item: Leftovers\n|upkeep\n|turn|19\n|\n|t:|1700714064\n|move|p1a: Cacahuate|Earthquake|p2a: No boost\n|-damage|p2a: No boost|85\/100\n|move|p2a: No boost|Avalanche|p1a: Cacahuate\n|-supereffective|p1a: Cacahuate\n|-damage|p1a: Cacahuate|0 fnt\n|faint|p1a: Cacahuate\n|\n|-heal|p2a: No boost|91\/100|[from] item: Leftovers\n|upkeep\n|\n|t:|1700714066\n|switch|p1a: Jarcres|Jolteon, F|100\/100\n|turn|20\n|\n|t:|1700714083\n|move|p1a: Jarcres|Thunderbolt|p2a: No boost\n|-supereffective|p2a: No boost\n|-damage|p2a: No boost|4\/100\n|move|p2a: No boost|Avalanche|p1a: Jarcres\n|-damage|p1a: Jarcres|2\/100\n|\n|-heal|p2a: No boost|10\/100|[from] item: Leftovers\n|upkeep\n|turn|21\n|\n|t:|1700714095\n|move|p1a: Jarcres|Thunderbolt|p2a: No boost\n|-supereffective|p2a: No boost\n|-crit|p2a: No boost\n|-damage|p2a: No boost|0 fnt\n|faint|p2a: No boost\n|\n|upkeep\n|\n|t:|1700714100\n|switch|p2a: Aquarium keeper|Barraskewda, F, shiny|61\/100\n|turn|22\n|\n|t:|1700714104\n|move|p1a: Jarcres|Thunderbolt|p2a: Aquarium keeper\n|-supereffective|p2a: Aquarium keeper\n|-damage|p2a: Aquarium keeper|0 fnt\n|faint|p2a: Aquarium keeper\n|\n|win|AkiDes\n|raw|AkiDes's rating: 1149 &rarr; <strong>1172<\/strong><br \/>(+23 for winning)\n|raw|Ms.Mimikyu's rating: 1123 &rarr; <strong>1100<\/strong><br \/>(-23 for losing)\n|c|\u2606AkiDes|gg\n|c|\u2606Ms.Mimikyu|Gg\n","uploadtime":1700714116,"views":4,"p1id":"akides","p2id":"msmimikyu","formatid":"gen9ou","rating":1100,"private":0,"password":""}