{"id":"gen9ou-1989659633","p1":"TOMYC","p2":"swellow is stronk","format":"[Gen 9] OU","log":"|j|\u2606TOMYC\n|j|\u2606swellow is stronk\n|t:|1699884199\n|gametype|singles\n|player|p1|TOMYC|169|1596\n|player|p2|swellow is stronk|266|1664\n|teamsize|p1|6\n|teamsize|p2|6\n|gen|9\n|tier|[Gen 9] OU\n|rated|\n|rule|Sleep Clause Mod: Limit one foe put to sleep\n|rule|Species Clause: Limit one of each Pok\u00e9mon\n|rule|OHKO Clause: OHKO moves are banned\n|rule|Evasion Items Clause: Evasion items are banned\n|rule|Evasion Moves Clause: Evasion moves are banned\n|rule|Endless Battle Clause: Forcing endless battles is banned\n|rule|HP Percentage Mod: HP is shown in percentages\n|clearpoke\n|poke|p1|Cinderace, F|\n|poke|p1|Greninja-*, M|\n|poke|p1|Toxapex, F|\n|poke|p1|Kommo-o, F|\n|poke|p1|Corviknight, F|\n|poke|p1|Ditto|\n|poke|p2|Clefable, F|\n|poke|p2|Alomomola, M|\n|poke|p2|Blissey, F|\n|poke|p2|Clodsire, F|\n|poke|p2|Dondozo, F|\n|poke|p2|Amoonguss, M|\n|teampreview\n|inactive|Battle timer is ON: inactive players will automatically lose when time's up. (requested by TOMYC)\n|\n|t:|1699884217\n|start\n|switch|p1a: Toxapex|Toxapex, F|100\/100\n|switch|p2a: Clefable|Clefable, F|100\/100\n|turn|1\n|\n|t:|1699884222\n|move|p2a: Clefable|Knock Off|p1a: Toxapex\n|-damage|p1a: Toxapex|89\/100\n|-enditem|p1a: Toxapex|Assault Vest|[from] move: Knock Off|[of] p2a: Clefable\n|move|p1a: Toxapex|Infestation|p2a: Clefable\n|-resisted|p2a: Clefable\n|-damage|p2a: Clefable|98\/100\n|-activate|p2a: Clefable|move: Infestation|[of] p1a: Toxapex\n|\n|-heal|p2a: Clefable|100\/100|[from] item: Leftovers\n|upkeep\n|turn|2\n|j| Diegogris\n|\n|t:|1699884230\n|move|p2a: Clefable|Knock Off|p1a: Toxapex\n|-damage|p1a: Toxapex|81\/100\n|move|p1a: Toxapex|Acid Spray|p2a: Clefable\n|-supereffective|p2a: Clefable\n|-damage|p2a: Clefable|76\/100\n|-unboost|p2a: Clefable|spd|2\n|\n|-heal|p2a: Clefable|82\/100|[from] item: Leftovers\n|upkeep\n|turn|3\n|\n|t:|1699884238\n|move|p2a: Clefable|Protect|p2a: Clefable\n|-singleturn|p2a: Clefable|Protect\n|move|p1a: Toxapex|Acid Spray|p2a: Clefable\n|-activate|p2a: Clefable|move: Protect\n|\n|-heal|p2a: Clefable|88\/100|[from] item: Leftovers\n|upkeep\n|turn|4\n|\n|t:|1699884244\n|move|p2a: Clefable|Wish|p2a: Clefable\n|move|p1a: Toxapex|Acid Spray|p2a: Clefable\n|-supereffective|p2a: Clefable\n|-damage|p2a: Clefable|42\/100\n|-unboost|p2a: Clefable|spd|2\n|\n|-heal|p2a: Clefable|48\/100|[from] item: Leftovers\n|upkeep\n|turn|5\n|\n|t:|1699884251\n|move|p2a: Clefable|Protect|p2a: Clefable\n|-singleturn|p2a: Clefable|Protect\n|move|p1a: Toxapex|Acid Spray|p2a: Clefable\n|-activate|p2a: Clefable|move: Protect\n|\n|-heal|p2a: Clefable|98\/100|[from] move: Wish|[wisher] Clefable\n|-heal|p2a: Clefable|100\/100|[from] item: Leftovers\n|upkeep\n|turn|6\n|\n|t:|1699884260\n|move|p2a: Clefable|Wish|p2a: Clefable\n|move|p1a: Toxapex|Acid Spray|p2a: Clefable\n|-supereffective|p2a: Clefable\n|-damage|p2a: Clefable|22\/100\n|-unboost|p2a: Clefable|spd|2\n|\n|-heal|p2a: Clefable|28\/100|[from] item: Leftovers\n|-end|p2a: Clefable|Infestation|[partiallytrapped]\n|upkeep\n|turn|7\n|j| Bear233\n|\n|t:|1699884268\n|move|p2a: Clefable|Protect|p2a: Clefable\n|-singleturn|p2a: Clefable|Protect\n|move|p1a: Toxapex|Infestation|p2a: Clefable\n|-activate|p2a: Clefable|move: Protect\n|\n|-heal|p2a: Clefable|78\/100|[from] move: Wish|[wisher] Clefable\n|-heal|p2a: Clefable|85\/100|[from] item: Leftovers\n|upkeep\n|turn|8\n|\n|t:|1699884280\n|switch|p2a: Alomomola|Alomomola, M|100\/100\n|move|p1a: Toxapex|Infestation|p2a: Alomomola\n|-crit|p2a: Alomomola\n|-damage|p2a: Alomomola|95\/100\n|-activate|p2a: Alomomola|move: Infestation|[of] p1a: Toxapex\n|\n|-damage|p2a: Alomomola|82\/100|[from] move: Infestation|[partiallytrapped]\n|upkeep\n|turn|9\n|\n|t:|1699884290\n|move|p2a: Alomomola|Flip Turn|p1a: Toxapex\n|-resisted|p1a: Toxapex\n|-damage|p1a: Toxapex|75\/100\n|\n|t:|1699884294\n|switch|p2a: Amoonguss|Amoonguss, M|100\/100|[from] Flip Turn\n|move|p1a: Toxapex|Infestation|p2a: Amoonguss\n|-damage|p2a: Amoonguss|96\/100\n|-activate|p2a: Amoonguss|move: Infestation|[of] p1a: Toxapex\n|\n|-damage|p2a: Amoonguss|84\/100|[from] move: Infestation|[partiallytrapped]\n|upkeep\n|turn|10\n|\n|t:|1699884302\n|move|p1a: Toxapex|Acid Spray|p2a: Amoonguss\n|-damage|p2a: Amoonguss|70\/100\n|-unboost|p2a: Amoonguss|spd|2\n|move|p2a: Amoonguss|Giga Drain|p1a: Toxapex\n|-damage|p1a: Toxapex|56\/100\n|-heal|p2a: Amoonguss|77\/100|[from] drain|[of] p1a: Toxapex\n|\n|-damage|p2a: Amoonguss|65\/100|[from] move: Infestation|[partiallytrapped]\n|upkeep\n|turn|11\n|\n|t:|1699884311\n|move|p1a: Toxapex|Ice Beam|p2a: Amoonguss\n|-supereffective|p2a: Amoonguss\n|-damage|p2a: Amoonguss|0 fnt\n|faint|p2a: Amoonguss\n|\n|upkeep\n|\n|t:|1699884320\n|switch|p2a: Blissey|Blissey, F|100\/100\n|turn|12\n|j| cheese miestro\n|\n|t:|1699884325\n|switch|p1a: Corviknight|Corviknight, F|100\/100\n|-ability|p1a: Corviknight|Pressure\n|move|p2a: Blissey|Stealth Rock|p1a: Corviknight\n|-sidestart|p1: TOMYC|move: Stealth Rock\n|\n|upkeep\n|turn|13\n|\n|t:|1699884331\n|switch|p2a: Clefable|Clefable, F|85\/100\n|move|p1a: Corviknight|Defog|p2a: Clefable\n|-unboost|p2a: Clefable|evasion|1\n|-sideend|p1: TOMYC|Stealth Rock|[from] move: Defog|[of] p1a: Corviknight\n|\n|-heal|p2a: Clefable|91\/100|[from] item: Leftovers\n|upkeep\n|turn|14\n|\n|t:|1699884342\n|switch|p1a: Toxapex|Toxapex, F|90\/100\n|move|p2a: Clefable|Knock Off|p1a: Toxapex\n|-damage|p1a: Toxapex|82\/100\n|\n|-heal|p2a: Clefable|97\/100|[from] item: Leftovers\n|upkeep\n|turn|15\n|\n|t:|1699884355\n|move|p2a: Clefable|Moonblast|p1a: Toxapex\n|-resisted|p1a: Toxapex\n|-damage|p1a: Toxapex|68\/100\n|move|p1a: Toxapex|Infestation|p2a: Clefable\n|-resisted|p2a: Clefable\n|-damage|p2a: Clefable|95\/100\n|-activate|p2a: Clefable|move: Infestation|[of] p1a: Toxapex\n|\n|-heal|p2a: Clefable|100\/100|[from] item: Leftovers\n|upkeep\n|turn|16\n|l| Bear233\n|\n|t:|1699884371\n|-terastallize|p2a: Clefable|Ghost\n|move|p2a: Clefable|Moonblast|p1a: Toxapex\n|-resisted|p1a: Toxapex\n|-damage|p1a: Toxapex|55\/100\n|move|p1a: Toxapex|Acid Spray|p2a: Clefable\n|-resisted|p2a: Clefable\n|-damage|p2a: Clefable|95\/100\n|-unboost|p2a: Clefable|spd|2\n|\n|-heal|p2a: Clefable|100\/100|[from] item: Leftovers\n|upkeep\n|turn|17\n|\n|t:|1699884388\n|switch|p2a: Alomomola|Alomomola, M|100\/100\n|move|p1a: Toxapex|Acid Spray|p2a: Alomomola\n|-damage|p2a: Alomomola|89\/100\n|-unboost|p2a: Alomomola|spd|2\n|\n|upkeep\n|turn|18\n|\n|t:|1699884399\n|switch|p2a: Clefable|Clefable, F, tera:Ghost|100\/100\n|move|p1a: Toxapex|Infestation|p2a: Clefable\n|-resisted|p2a: Clefable\n|-damage|p2a: Clefable|98\/100\n|-activate|p2a: Clefable|move: Infestation|[of] p1a: Toxapex\n|\n|-heal|p2a: Clefable|100\/100|[from] item: Leftovers\n|upkeep\n|turn|19\n|\n|t:|1699884411\n|switch|p2a: Alomomola|Alomomola, M|100\/100\n|switch|p1a: Corviknight|Corviknight, F|100\/100\n|-ability|p1a: Corviknight|Pressure\n|\n|upkeep\n|turn|20\n|\n|t:|1699884421\n|switch|p2a: Clefable|Clefable, F, tera:Ghost|100\/100\n|move|p1a: Corviknight|Brave Bird|p2a: Clefable\n|-damage|p2a: Clefable|75\/100\n|-damage|p1a: Corviknight|92\/100|[from] Recoil\n|\n|-heal|p2a: Clefable|81\/100|[from] item: Leftovers\n|upkeep\n|turn|21\n|\n|t:|1699884432\n|switch|p1a: Toxapex|Toxapex, F|89\/100\n|move|p2a: Clefable|Knock Off|p1a: Toxapex\n|-damage|p1a: Toxapex|81\/100\n|\n|-heal|p2a: Clefable|87\/100|[from] item: Leftovers\n|upkeep\n|turn|22\n|\n|t:|1699884438\n|switch|p2a: Alomomola|Alomomola, M|100\/100\n|switch|p1a: Greninja|Greninja, M|100\/100\n|\n|upkeep\n|turn|23\n|\n|t:|1699884447\n|move|p1a: Greninja|Dark Pulse|p2a: Alomomola\n|-damage|p2a: Alomomola|57\/100\n|-damage|p1a: Greninja|91\/100|[from] item: Life Orb\n|cant|p2a: Alomomola|flinch\n|\n|upkeep\n|turn|24\n|\n|t:|1699884471\n|switch|p1a: Kommo-o|Kommo-o, F|100\/100\n|switch|p2a: Blissey|Blissey, F|100\/100\n|\n|upkeep\n|turn|25\n|\n|t:|1699884485\n|switch|p1a: Corviknight|Corviknight, F|92\/100\n|-ability|p1a: Corviknight|Pressure\n|switch|p2a: Dondozo|Dondozo, F|100\/100\n|\n|upkeep\n|turn|26\n|\n|t:|1699884493\n|switch|p1a: Toxapex|Toxapex, F|100\/100\n|switch|p2a: Clefable|Clefable, F, tera:Ghost|87\/100\n|\n|-heal|p2a: Clefable|93\/100|[from] item: Leftovers\n|upkeep\n|turn|27\n|\n|t:|1699884498\n|switch|p2a: Alomomola|Alomomola, M|90\/100\n|move|p1a: Toxapex|Infestation|p2a: Alomomola\n|-damage|p2a: Alomomola|85\/100\n|-activate|p2a: Alomomola|move: Infestation|[of] p1a: Toxapex\n|\n|-damage|p2a: Alomomola|73\/100|[from] move: Infestation|[partiallytrapped]\n|upkeep\n|turn|28\n|\n|t:|1699884506\n|move|p2a: Alomomola|Flip Turn|p1a: Toxapex\n|-resisted|p1a: Toxapex\n|-crit|p1a: Toxapex\n|-damage|p1a: Toxapex|92\/100\n|\n|t:|1699884508\n|switch|p2a: Clefable|Clefable, F, tera:Ghost|93\/100|[from] Flip Turn\n|move|p1a: Toxapex|Acid Spray|p2a: Clefable\n|-resisted|p2a: Clefable\n|-damage|p2a: Clefable|87\/100\n|-unboost|p2a: Clefable|spd|2\n|\n|-heal|p2a: Clefable|93\/100|[from] item: Leftovers\n|upkeep\n|turn|29\n|\n|t:|1699884516\n|switch|p2a: Alomomola|Alomomola, M|100\/100\n|move|p1a: Toxapex|Infestation|p2a: Alomomola\n|-damage|p2a: Alomomola|97\/100\n|-activate|p2a: Alomomola|move: Infestation|[of] p1a: Toxapex\n|\n|-damage|p2a: Alomomola|84\/100|[from] move: Infestation|[partiallytrapped]\n|upkeep\n|turn|30\n|\n|t:|1699884525\n|switch|p1a: Kommo-o|Kommo-o, F|100\/100\n|move|p2a: Alomomola|Flip Turn|p1a: Kommo-o\n|-resisted|p1a: Kommo-o\n|-damage|p1a: Kommo-o|93\/100\n|\n|t:|1699884528\n|switch|p2a: Clefable|Clefable, F, tera:Ghost|93\/100|[from] Flip Turn\n|\n|-heal|p1a: Kommo-o|99\/100|[from] item: Leftovers\n|-heal|p2a: Clefable|99\/100|[from] item: Leftovers\n|upkeep\n|turn|31\n|\n|t:|1699884541\n|-terastallize|p1a: Kommo-o|Fire\n|move|p1a: Kommo-o|Clangorous Soul|p1a: Kommo-o\n|-boost|p1a: Kommo-o|atk|1\n|-boost|p1a: Kommo-o|def|1\n|-boost|p1a: Kommo-o|spa|1\n|-boost|p1a: Kommo-o|spd|1\n|-boost|p1a: Kommo-o|spe|1\n|-damage|p1a: Kommo-o|66\/100\n|move|p2a: Clefable|Moonblast|p1a: Kommo-o\n|-resisted|p1a: Kommo-o\n|-crit|p1a: Kommo-o\n|-damage|p1a: Kommo-o|36\/100\n|\n|-heal|p1a: Kommo-o|42\/100|[from] item: Leftovers\n|-heal|p2a: Clefable|100\/100|[from] item: Leftovers\n|upkeep\n|turn|32\n|\n|t:|1699884555\n|switch|p2a: Dondozo|Dondozo, F|100\/100\n|move|p1a: Kommo-o|Clanging Scales|p2a: Dondozo\n|-damage|p2a: Dondozo|58\/100\n|-unboost|p1a: Kommo-o|def|1\n|\n|-heal|p1a: Kommo-o|48\/100|[from] item: Leftovers\n|upkeep\n|turn|33\n|\n|t:|1699884567\n|switch|p2a: Clodsire|Clodsire, F|100\/100\n|move|p1a: Kommo-o|Drain Punch|p2a: Clodsire\n|-resisted|p2a: Clodsire\n|-damage|p2a: Clodsire|85\/100\n|-heal|p1a: Kommo-o|61\/100|[from] drain|[of] p2a: Clodsire\n|\n|-heal|p1a: Kommo-o|67\/100|[from] item: Leftovers\n|upkeep\n|turn|34\n|\n|t:|1699884577\n|move|p1a: Kommo-o|Flamethrower|p2a: Clodsire\n|-damage|p2a: Clodsire|65\/100\n|move|p2a: Clodsire|Spikes|p1a: Kommo-o\n|-sidestart|p1: TOMYC|Spikes\n|\n|-heal|p1a: Kommo-o|73\/100|[from] item: Leftovers\n|upkeep\n|turn|35\n|\n|t:|1699884590\n|move|p1a: Kommo-o|Clanging Scales|p2a: Clodsire\n|-damage|p2a: Clodsire|37\/100\n|-unboost|p1a: Kommo-o|def|1\n|move|p2a: Clodsire|Recover|p2a: Clodsire\n|-heal|p2a: Clodsire|87\/100\n|\n|-heal|p1a: Kommo-o|79\/100|[from] item: Leftovers\n|upkeep\n|turn|36\n|\n|t:|1699884606\n|switch|p1a: Toxapex|Toxapex, F|100\/100\n|-damage|p1a: Toxapex|88\/100|[from] Spikes\n|move|p2a: Clodsire|Poison Jab|p1a: Toxapex\n|-resisted|p1a: Toxapex\n|-damage|p1a: Toxapex|80\/100\n|\n|upkeep\n|turn|37\n|\n|t:|1699884613\n|switch|p2a: Alomomola|Alomomola, M|100\/100\n|move|p1a: Toxapex|Infestation|p2a: Alomomola\n|-damage|p2a: Alomomola|97\/100\n|-activate|p2a: Alomomola|move: Infestation|[of] p1a: Toxapex\n|\n|-damage|p2a: Alomomola|84\/100|[from] move: Infestation|[partiallytrapped]\n|upkeep\n|turn|38\n|\n|t:|1699884625\n|move|p2a: Alomomola|Flip Turn|p1a: Toxapex\n|-resisted|p1a: Toxapex\n|-damage|p1a: Toxapex|73\/100\n|\n|t:|1699884628\n|switch|p2a: Clefable|Clefable, F, tera:Ghost|100\/100|[from] Flip Turn\n|move|p1a: Toxapex|Infestation|p2a: Clefable\n|-resisted|p2a: Clefable\n|-damage|p2a: Clefable|98\/100\n|-activate|p2a: Clefable|move: Infestation|[of] p1a: Toxapex\n|\n|-heal|p2a: Clefable|100\/100|[from] item: Leftovers\n|upkeep\n|turn|39\n|\n|t:|1699884636\n|switch|p2a: Alomomola|Alomomola, M|100\/100\n|switch|p1a: Corviknight|Corviknight, F|92\/100\n|-ability|p1a: Corviknight|Pressure\n|\n|upkeep\n|turn|40\n|\n|t:|1699884643\n|switch|p2a: Clefable|Clefable, F, tera:Ghost|100\/100\n|move|p1a: Corviknight|Defog|p2a: Clefable\n|-unboost|p2a: Clefable|evasion|1\n|-sideend|p1: TOMYC|Spikes|[from] move: Defog|[of] p1a: Corviknight\n|\n|upkeep\n|turn|41\n|\n|t:|1699884659\n|switch|p2a: Alomomola|Alomomola, M|100\/100\n|move|p1a: Corviknight|Brave Bird|p2a: Alomomola\n|-damage|p2a: Alomomola|80\/100\n|-damage|p1a: Corviknight|84\/100|[from] Recoil\n|\n|upkeep\n|turn|42\n|\n|t:|1699884669\n|switch|p1a: Toxapex|Toxapex, F|100\/100\n|switch|p2a: Clefable|Clefable, F, tera:Ghost|100\/100\n|\n|upkeep\n|turn|43\n|\n|t:|1699884675\n|switch|p2a: Alomomola|Alomomola, M|100\/100\n|switch|p1a: Corviknight|Corviknight, F|84\/100\n|-ability|p1a: Corviknight|Pressure\n|\n|upkeep\n|turn|44\n|\n|t:|1699884682\n|switch|p2a: Clefable|Clefable, F, tera:Ghost|100\/100\n|move|p1a: Corviknight|Brave Bird|p2a: Clefable\n|-damage|p2a: Clefable|72\/100\n|-damage|p1a: Corviknight|74\/100|[from] Recoil\n|\n|-heal|p2a: Clefable|78\/100|[from] item: Leftovers\n|upkeep\n|turn|45\n|\n|t:|1699884689\n|switch|p2a: Alomomola|Alomomola, M|100\/100\n|move|p1a: Corviknight|Brave Bird|p2a: Alomomola\n|-damage|p2a: Alomomola|77\/100\n|-damage|p1a: Corviknight|65\/100|[from] Recoil\n|\n|upkeep\n|turn|46\n|\n|t:|1699884696\n|move|p1a: Corviknight|Brave Bird|p2a: Alomomola\n|-damage|p2a: Alomomola|53\/100\n|-damage|p1a: Corviknight|55\/100|[from] Recoil\n|move|p2a: Alomomola|Scald|p1a: Corviknight\n|-damage|p1a: Corviknight|42\/100\n|\n|upkeep\n|turn|47\n|\n|t:|1699884705\n|move|p1a: Corviknight|Roost|p1a: Corviknight\n|-heal|p1a: Corviknight|92\/100\n|-singleturn|p1a: Corviknight|move: Roost\n|move|p2a: Alomomola|Scald|p1a: Corviknight\n|-damage|p1a: Corviknight|78\/100\n|\n|upkeep\n|turn|48\n|\n|t:|1699884716\n|switch|p1a: Ditto|Ditto|100\/100\n|-transform|p1a: Ditto|p2a: Alomomola|[from] ability: Imposter\n|move|p2a: Alomomola|Scald|p1a: Ditto\n|-resisted|p1a: Ditto\n|-damage|p1a: Ditto|91\/100\n|\n|upkeep\n|turn|49\n|\n|t:|1699884727\n|switch|p2a: Blissey|Blissey, F|100\/100\n|move|p1a: Ditto|Wish|p1a: Ditto\n|\n|upkeep\n|turn|50\n|\n|t:|1699884738\n|switch|p1a: Toxapex|Toxapex, F|100\/100\n|move|p2a: Blissey|Stealth Rock|p1a: Toxapex\n|-sidestart|p1: TOMYC|move: Stealth Rock\n|\n|upkeep\n|turn|51\n|\n|t:|1699884743\n|switch|p2a: Alomomola|Alomomola, M|86\/100\n|move|p1a: Toxapex|Infestation|p2a: Alomomola\n|-damage|p2a: Alomomola|82\/100\n|-activate|p2a: Alomomola|move: Infestation|[of] p1a: Toxapex\n|\n|-damage|p2a: Alomomola|69\/100|[from] move: Infestation|[partiallytrapped]\n|upkeep\n|turn|52\n|\n|t:|1699884754\n|move|p2a: Alomomola|Flip Turn|p1a: Toxapex\n|-resisted|p1a: Toxapex\n|-damage|p1a: Toxapex|94\/100\n|\n|t:|1699884756\n|switch|p2a: Clefable|Clefable, F, tera:Ghost|78\/100|[from] Flip Turn\n|move|p1a: Toxapex|Infestation|p2a: Clefable\n|-resisted|p2a: Clefable\n|-damage|p2a: Clefable|76\/100\n|-activate|p2a: Clefable|move: Infestation|[of] p1a: Toxapex\n|\n|-heal|p2a: Clefable|82\/100|[from] item: Leftovers\n|upkeep\n|turn|53\n|\n|t:|1699884764\n|switch|p2a: Alomomola|Alomomola, M|100\/100\n|move|p1a: Toxapex|Acid Spray|p2a: Alomomola\n|-damage|p2a: Alomomola|87\/100\n|-unboost|p2a: Alomomola|spd|2\n|\n|upkeep\n|turn|54\n|\n|t:|1699884773\n|switch|p2a: Clefable|Clefable, F, tera:Ghost|82\/100\n|switch|p1a: Corviknight|Corviknight, F|78\/100\n|-damage|p1a: Corviknight|66\/100|[from] Stealth Rock\n|-ability|p1a: Corviknight|Pressure\n|\n|-heal|p2a: Clefable|89\/100|[from] item: Leftovers\n|upkeep\n|turn|55\n|\n|t:|1699884782\n|switch|p2a: Alomomola|Alomomola, M|100\/100\n|move|p1a: Corviknight|Defog|p2a: Alomomola\n|-unboost|p2a: Alomomola|evasion|1\n|-sideend|p1: TOMYC|Stealth Rock|[from] move: Defog|[of] p1a: Corviknight\n|\n|upkeep\n|turn|56\n|\n|t:|1699884791\n|switch|p1a: Toxapex|Toxapex, F|100\/100\n|move|p2a: Alomomola|Scald|p1a: Toxapex\n|-resisted|p1a: Toxapex\n|-damage|p1a: Toxapex|95\/100\n|\n|upkeep\n|turn|57\n|\n|t:|1699884805\n|move|p2a: Alomomola|Scald|p1a: Toxapex\n|-resisted|p1a: Toxapex\n|-damage|p1a: Toxapex|89\/100\n|move|p1a: Toxapex|Acid Spray|p2a: Alomomola\n|-damage|p2a: Alomomola|87\/100\n|-unboost|p2a: Alomomola|spd|2\n|\n|upkeep\n|turn|58\n|\n|t:|1699884816\n|switch|p2a: Clefable|Clefable, F, tera:Ghost|89\/100\n|move|p1a: Toxapex|Acid Spray|p2a: Clefable\n|-resisted|p2a: Clefable\n|-damage|p2a: Clefable|82\/100\n|-unboost|p2a: Clefable|spd|2\n|\n|-heal|p2a: Clefable|88\/100|[from] item: Leftovers\n|upkeep\n|turn|59\n|\n|t:|1699884825\n|switch|p2a: Alomomola|Alomomola, M|100\/100\n|move|p1a: Toxapex|Infestation|p2a: Alomomola\n|-damage|p2a: Alomomola|96\/100\n|-activate|p2a: Alomomola|move: Infestation|[of] p1a: Toxapex\n|\n|-damage|p2a: Alomomola|84\/100|[from] move: Infestation|[partiallytrapped]\n|upkeep\n|turn|60\n|inactive|swellow is stronk has 120 seconds left.\n|\n|t:|1699884862\n|switch|p1a: Ditto|Ditto|100\/100\n|-transform|p1a: Ditto|p2a: Alomomola|[from] ability: Imposter\n|move|p2a: Alomomola|Flip Turn|p1a: Ditto\n|-resisted|p1a: Ditto\n|-damage|p1a: Ditto|92\/100\n|\n|t:|1699884866\n|switch|p2a: Blissey|Blissey, F|100\/100|[from] Flip Turn\n|\n|upkeep\n|turn|61\n|\n|t:|1699884876\n|move|p1a: Ditto|Flip Turn|p2a: Blissey\n|-damage|p2a: Blissey|71\/100\n|\n|t:|1699884881\n|switch|p1a: Corviknight|Corviknight, F|66\/100|[from] Flip Turn\n|-ability|p1a: Corviknight|Pressure\n|move|p2a: Blissey|Stealth Rock|p1a: Corviknight\n|-sidestart|p1: TOMYC|move: Stealth Rock\n|\n|upkeep\n|turn|62\n|\n|t:|1699884892\n|switch|p2a: Clefable|Clefable, F, tera:Ghost|88\/100\n|move|p1a: Corviknight|Defog|p2a: Clefable\n|-unboost|p2a: Clefable|evasion|1\n|-sideend|p1: TOMYC|Stealth Rock|[from] move: Defog|[of] p1a: Corviknight\n|\n|-heal|p2a: Clefable|94\/100|[from] item: Leftovers\n|upkeep\n|turn|63\n|\n|t:|1699884902\n|switch|p1a: Greninja|Greninja, M|91\/100\n|switch|p2a: Alomomola|Alomomola, M|100\/100\n|\n|upkeep\n|turn|64\n|\n|t:|1699884909\n|move|p1a: Greninja|Dark Pulse|p2a: Alomomola\n|-crit|p2a: Alomomola\n|-damage|p2a: Alomomola|35\/100\n|-damage|p1a: Greninja|81\/100|[from] item: Life Orb\n|move|p2a: Alomomola|Flip Turn|p1a: Greninja\n|-resisted|p1a: Greninja\n|-damage|p1a: Greninja|68\/100\n|\n|t:|1699884914\n|switch|p2a: Blissey|Blissey, F|71\/100|[from] Flip Turn\n|\n|upkeep\n|turn|65\n|\n|t:|1699884922\n|switch|p1a: Ditto|Ditto|100\/100\n|-transform|p1a: Ditto|p2a: Blissey|[from] ability: Imposter\n|move|p2a: Blissey|Stealth Rock|p1a: Ditto\n|-sidestart|p1: TOMYC|move: Stealth Rock\n|\n|upkeep\n|turn|66\n|\n|t:|1699884940\n|move|p1a: Ditto|Stealth Rock|p2a: Blissey\n|-sidestart|p2: swellow is stronk|move: Stealth Rock\n|move|p2a: Blissey|Seismic Toss|p1a: Ditto\n|-damage|p1a: Ditto|67\/100\n|\n|upkeep\n|turn|67\n|\n|t:|1699884956\n|switch|p1a: Corviknight|Corviknight, F|66\/100\n|-damage|p1a: Corviknight|54\/100|[from] Stealth Rock\n|-ability|p1a: Corviknight|Pressure\n|move|p2a: Blissey|Seismic Toss|p1a: Corviknight\n|-damage|p1a: Corviknight|29\/100\n|-damage|p2a: Blissey|54\/100|[from] item: Rocky Helmet|[of] p1a: Corviknight\n|\n|upkeep\n|turn|68\n|\n|t:|1699884970\n|switch|p2a: Alomomola|Alomomola, M|69\/100\n|move|p1a: Corviknight|Roost|p1a: Corviknight\n|-heal|p1a: Corviknight|79\/100\n|-singleturn|p1a: Corviknight|move: Roost\n|\n|upkeep\n|turn|69\n|\n|t:|1699884979\n|switch|p1a: Ditto|Ditto|67\/100\n|-damage|p1a: Ditto|55\/100|[from] Stealth Rock\n|-transform|p1a: Ditto|p2a: Alomomola|[from] ability: Imposter\n|move|p2a: Alomomola|Wish|p2a: Alomomola\n|\n|upkeep\n|turn|70\n|\n|t:|1699884993\n|switch|p1a: Toxapex|Toxapex, F|100\/100\n|-damage|p1a: Toxapex|88\/100|[from] Stealth Rock\n|move|p2a: Alomomola|Flip Turn|p1a: Toxapex\n|-resisted|p1a: Toxapex\n|-damage|p1a: Toxapex|82\/100\n|\n|t:|1699884996\n|switch|p2a: Blissey|Blissey, F|54\/100|[from] Flip Turn\n|\n|-heal|p2a: Blissey|88\/100|[from] move: Wish|[wisher] Alomomola\n|upkeep\n|turn|71\n|\n|t:|1699885004\n|switch|p2a: Clefable|Clefable, F, tera:Ghost|94\/100\n|move|p1a: Toxapex|Infestation|p2a: Clefable\n|-resisted|p2a: Clefable\n|-damage|p2a: Clefable|92\/100\n|-activate|p2a: Clefable|move: Infestation|[of] p1a: Toxapex\n|\n|-heal|p2a: Clefable|98\/100|[from] item: Leftovers\n|upkeep\n|turn|72\n|inactive|TOMYC has 120 seconds left.\n|\n|t:|1699885037\n|switch|p2a: Alomomola|Alomomola, M|100\/100\n|switch|p1a: Cinderace|Cinderace, F|100\/100\n|\n|upkeep\n|turn|73\n|inactive|TOMYC has 120 seconds left.\n|\n|t:|1699885050\n|move|p1a: Cinderace|Gunk Shot|p2a: Alomomola|[miss]\n|-start|p1a: Cinderace|typechange|Poison|[from] ability: Libero\n|-miss|p1a: Cinderace|p2a: Alomomola\n|move|p2a: Alomomola|Scald|p1a: Cinderace\n|-damage|p1a: Cinderace|83\/100\n|\n|upkeep\n|turn|74\n|inactive|TOMYC has 120 seconds left.\n|\n|t:|1699885061\n|switch|p2a: Dondozo|Dondozo, F|58\/100\n|move|p1a: Cinderace|Gunk Shot|p2a: Dondozo\n|-damage|p2a: Dondozo|30\/100\n|\n|upkeep\n|turn|75\n|\n|t:|1699885075\n|move|p1a: Cinderace|Gunk Shot|p2a: Dondozo|[miss]\n|-miss|p1a: Cinderace|p2a: Dondozo\n|move|p2a: Dondozo|Rest|p2a: Dondozo\n|-status|p2a: Dondozo|slp|[from] move: Rest\n|-heal|p2a: Dondozo|100\/100 slp|[silent]\n|\n|upkeep\n|turn|76\n|inactive|swellow is stronk has 120 seconds left.\n|\n|t:|1699885113\n|move|p1a: Cinderace|U-turn|p2a: Dondozo\n|-damage|p2a: Dondozo|91\/100 slp\n|\n|t:|1699885117\n|switch|p1a: Toxapex|Toxapex, F|100\/100|[from] U-turn\n|-damage|p1a: Toxapex|88\/100|[from] Stealth Rock\n|cant|p2a: Dondozo|slp\n|move|p2a: Dondozo|Sleep Talk|p2a: Dondozo\n|move|p2a: Dondozo|Rest||[from]move: Sleep Talk|[still]\n|-fail|p2a: Dondozo\n|\n|upkeep\n|turn|77\n|\n|t:|1699885126\n|switch|p2a: Clefable|Clefable, F, tera:Ghost|98\/100\n|move|p1a: Toxapex|Infestation|p2a: Clefable\n|-resisted|p2a: Clefable\n|-damage|p2a: Clefable|96\/100\n|-activate|p2a: Clefable|move: Infestation|[of] p1a: Toxapex\n|\n|-heal|p2a: Clefable|100\/100|[from] item: Leftovers\n|upkeep\n|turn|78\n|\n|t:|1699885141\n|switch|p2a: Alomomola|Alomomola, M|100\/100\n|switch|p1a: Ditto|Ditto|88\/100\n|-damage|p1a: Ditto|76\/100|[from] Stealth Rock\n|-transform|p1a: Ditto|p2a: Alomomola|[from] ability: Imposter\n|\n|upkeep\n|turn|79\n|\n|t:|1699885156\n|switch|p2a: Clefable|Clefable, F, tera:Ghost|100\/100\n|move|p1a: Ditto|Wish|p1a: Ditto\n|\n|upkeep\n|turn|80\n|\n|t:|1699885171\n|move|p1a: Ditto|Wish||[still]\n|-fail|p1a: Ditto\n|move|p2a: Clefable|Knock Off|p1a: Ditto\n|-damage|p1a: Ditto|61\/100\n|-enditem|p1a: Ditto|Choice Scarf|[from] move: Knock Off|[of] p2a: Clefable\n|\n|-heal|p1a: Ditto|100\/100|[from] move: Wish|[wisher] Ditto\n|upkeep\n|turn|81\n|\n|t:|1699885185\n|move|p2a: Clefable|Knock Off|p1a: Ditto\n|-damage|p1a: Ditto|90\/100\n|move|p1a: Ditto|Scald|p2a: Clefable\n|-damage|p2a: Clefable|88\/100\n|\n|-heal|p2a: Clefable|94\/100|[from] item: Leftovers\n|upkeep\n|turn|82\n|\n|t:|1699885193\n|move|p2a: Clefable|Moonblast|p1a: Ditto\n|-damage|p1a: Ditto|40\/100\n|move|p1a: Ditto|Scald|p2a: Clefable\n|-damage|p2a: Clefable|81\/100\n|\n|-heal|p2a: Clefable|88\/100|[from] item: Leftovers\n|upkeep\n|turn|83\n|\n|t:|1699885204\n|switch|p1a: Toxapex|Toxapex, F|100\/100\n|-damage|p1a: Toxapex|88\/100|[from] Stealth Rock\n|move|p2a: Clefable|Knock Off|p1a: Toxapex\n|-damage|p1a: Toxapex|80\/100\n|\n|-heal|p2a: Clefable|94\/100|[from] item: Leftovers\n|upkeep\n|turn|84\n|\n|t:|1699885217\n|switch|p2a: Alomomola|Alomomola, M|100\/100\n|switch|p1a: Ditto|Ditto|73\/100\n|-damage|p1a: Ditto|61\/100|[from] Stealth Rock\n|-transform|p1a: Ditto|p2a: Alomomola|[from] ability: Imposter\n|\n|upkeep\n|turn|85\n|\n|t:|1699885227\n|switch|p2a: Clefable|Clefable, F, tera:Ghost|94\/100\n|move|p1a: Ditto|Wish|p1a: Ditto\n|\n|-heal|p2a: Clefable|99\/100|[from] item: Leftovers\n|upkeep\n|turn|86\n|\n|t:|1699885233\n|switch|p2a: Alomomola|Alomomola, M|100\/100\n|move|p1a: Ditto|Protect||[still]\n|-fail|p1a: Ditto\n|\n|-heal|p1a: Ditto|100\/100|[from] move: Wish|[wisher] Ditto\n|upkeep\n|turn|87\n|\n|t:|1699885241\n|switch|p2a: Clefable|Clefable, F, tera:Ghost|99\/100\n|move|p1a: Ditto|Scald|p2a: Clefable\n|-damage|p2a: Clefable|86\/100\n|\n|-heal|p2a: Clefable|92\/100|[from] item: Leftovers\n|upkeep\n|turn|88\n|\n|t:|1699885249\n|switch|p2a: Alomomola|Alomomola, M|100\/100\n|move|p1a: Ditto|Scald|p2a: Alomomola\n|-resisted|p2a: Alomomola\n|-damage|p2a: Alomomola|94\/100\n|\n|upkeep\n|turn|89\n|\n|t:|1699885256\n|switch|p2a: Clefable|Clefable, F, tera:Ghost|92\/100\n|move|p1a: Ditto|Scald|p2a: Clefable\n|-damage|p2a: Clefable|79\/100\n|\n|-heal|p2a: Clefable|85\/100|[from] item: Leftovers\n|upkeep\n|turn|90\n|\n|t:|1699885264\n|move|p2a: Clefable|Moonblast|p1a: Ditto\n|-damage|p1a: Ditto|57\/100\n|move|p1a: Ditto|Scald|p2a: Clefable\n|-damage|p2a: Clefable|72\/100\n|-status|p2a: Clefable|brn\n|\n|-heal|p2a: Clefable|78\/100 brn|[from] item: Leftovers\n|upkeep\n|turn|91\n|\n|t:|1699885272\n|switch|p2a: Alomomola|Alomomola, M|100\/100\n|move|p1a: Ditto|Protect||[still]\n|-fail|p1a: Ditto\n|\n|upkeep\n|turn|92\n|\n|t:|1699885286\n|move|p1a: Ditto|Wish|p1a: Ditto\n|move|p2a: Alomomola|Flip Turn|p1a: Ditto\n|-resisted|p1a: Ditto\n|-damage|p1a: Ditto|49\/100\n|\n|t:|1699885294\n|switch|p2a: Dondozo|Dondozo, F|91\/100 slp|[from] Flip Turn\n|\n|upkeep\n|turn|93\n|\n|t:|1699885299\n|switch|p2a: Clefable|Clefable, F, tera:Ghost|78\/100 brn\n|move|p1a: Ditto|Flip Turn|p2a: Clefable\n|-damage|p2a: Clefable|66\/100 brn\n|\n|t:|1699885307\n|switch|p1a: Corviknight|Corviknight, F|79\/100|[from] Flip Turn\n|-damage|p1a: Corviknight|66\/100|[from] Stealth Rock\n|-ability|p1a: Corviknight|Pressure\n|\n|-heal|p1a: Corviknight|100\/100|[from] move: Wish|[wisher] Ditto\n|-heal|p2a: Clefable|72\/100 brn|[from] item: Leftovers\n|upkeep\n|turn|94\n|\n|t:|1699885331\n|switch|p1a: Ditto|Ditto|82\/100\n|-damage|p1a: Ditto|70\/100|[from] Stealth Rock\n|-transform|p1a: Ditto|p2a: Clefable|[from] ability: Imposter\n|switch|p2a: Alomomola|Alomomola, M|100\/100\n|\n|upkeep\n|turn|95\n|\n|t:|1699885340\n|switch|p2a: Clefable|Clefable, F, tera:Ghost|72\/100 brn\n|move|p1a: Ditto|Knock Off|p2a: Clefable\n|-supereffective|p2a: Clefable\n|-damage|p2a: Clefable|50\/100 brn\n|-enditem|p2a: Clefable|Leftovers|[from] move: Knock Off|[of] p1a: Ditto\n|\n|upkeep\n|turn|96\n|\n|t:|1699885353\n|move|p2a: Clefable|Wish|p2a: Clefable\n|move|p1a: Ditto|Moonblast|p2a: Clefable\n|-damage|p2a: Clefable|21\/100 brn\n|-unboost|p2a: Clefable|spa|1\n|\n|upkeep\n|turn|97\n|\n|t:|1699885360\n|move|p2a: Clefable|Protect|p2a: Clefable\n|-singleturn|p2a: Clefable|Protect\n|move|p1a: Ditto|Wish|p1a: Ditto\n|\n|-heal|p2a: Clefable|71\/100 brn|[from] move: Wish|[wisher] Clefable\n|upkeep\n|turn|98\n|\n|t:|1699885369\n|move|p2a: Clefable|Wish|p2a: Clefable\n|move|p1a: Ditto|Knock Off|p2a: Clefable\n|-supereffective|p2a: Clefable\n|-damage|p2a: Clefable|55\/100 brn\n|\n|-heal|p1a: Ditto|100\/100|[from] move: Wish|[wisher] Ditto\n|upkeep\n|turn|99\n|\n|t:|1699885378\n|move|p2a: Clefable|Protect|p2a: Clefable\n|-singleturn|p2a: Clefable|Protect\n|move|p1a: Ditto|Moonblast|p2a: Clefable\n|-activate|p2a: Clefable|move: Protect\n|\n|-heal|p2a: Clefable|100\/100 brn|[from] move: Wish|[wisher] Clefable\n|upkeep\n|turn|100\n|\n|t:|1699885386\n|switch|p2a: Clodsire|Clodsire, F|87\/100\n|move|p1a: Ditto|Knock Off|p2a: Clodsire\n|-damage|p2a: Clodsire|70\/100\n|-enditem|p2a: Clodsire|Heavy-Duty Boots|[from] move: Knock Off|[of] p1a: Ditto\n|\n|upkeep\n|turn|101\n|\n|t:|1699885404\n|switch|p1a: Toxapex|Toxapex, F|100\/100\n|-damage|p1a: Toxapex|88\/100|[from] Stealth Rock\n|move|p2a: Clodsire|Spikes|p1a: Toxapex\n|-sidestart|p1: TOMYC|Spikes\n|\n|upkeep\n|turn|102\n|\n|t:|1699885413\n|switch|p1a: Ditto|Ditto|100\/100\n|-damage|p1a: Ditto|88\/100|[from] Stealth Rock\n|-damage|p1a: Ditto|76\/100|[from] Spikes\n|-transform|p1a: Ditto|p2a: Clodsire|[from] ability: Imposter\n|switch|p2a: Clefable|Clefable, F, tera:Ghost|100\/100 brn\n|\n|upkeep\n|turn|103\n|\n|t:|1699885425\n|switch|p2a: Clodsire|Clodsire, F|70\/100\n|-damage|p2a: Clodsire|64\/100|[from] Stealth Rock\n|move|p1a: Ditto|Spikes|p2a: Clodsire\n|-sidestart|p2: swellow is stronk|Spikes\n|\n|upkeep\n|turn|104\n|inactive|TOMYC has 120 seconds left.\n|\n|t:|1699885437\n|move|p1a: Ditto|Spikes|p2a: Clodsire\n|-sidestart|p2: swellow is stronk|Spikes\n|move|p2a: Clodsire|Spikes|p1a: Ditto\n|-sidestart|p1: TOMYC|Spikes\n|\n|upkeep\n|turn|105\n|\n|t:|1699885441\n|move|p2a: Clodsire|Spikes|p1a: Ditto\n|-sidestart|p1: TOMYC|Spikes\n|move|p1a: Ditto|Spikes|p2a: Clodsire\n|-sidestart|p2: swellow is stronk|Spikes\n|\n|upkeep\n|turn|106\n|inactive|TOMYC has 120 seconds left.\n|\n|t:|1699885458\n|switch|p1a: Cinderace|Cinderace, F|83\/100\n|move|p2a: Clodsire|Recover|p2a: Clodsire\n|-heal|p2a: Clodsire|100\/100\n|\n|upkeep\n|turn|107\n|\n|t:|1699885467\n|switch|p2a: Alomomola|Alomomola, M|100\/100\n|move|p1a: Cinderace|U-turn|p2a: Alomomola\n|-start|p1a: Cinderace|typechange|Bug|[from] ability: Libero\n|-damage|p2a: Alomomola|80\/100\n|\n|t:|1699885475\n|switch|p1a: Toxapex|Toxapex, F|100\/100|[from] U-turn\n|-damage|p1a: Toxapex|88\/100|[from] Stealth Rock\n|-damage|p1a: Toxapex|64\/100|[from] Spikes\n|\n|upkeep\n|turn|108\n|\n|t:|1699885494\n|switch|p2a: Clefable|Clefable, F, tera:Ghost|100\/100 brn\n|move|p1a: Toxapex|Infestation|p2a: Clefable\n|-resisted|p2a: Clefable\n|-damage|p2a: Clefable|98\/100 brn\n|-activate|p2a: Clefable|move: Infestation|[of] p1a: Toxapex\n|\n|upkeep\n|turn|109\n|\n|t:|1699885502\n|switch|p2a: Alomomola|Alomomola, M|100\/100\n|switch|p1a: Corviknight|Corviknight, F|100\/100\n|-damage|p1a: Corviknight|88\/100|[from] Stealth Rock\n|-ability|p1a: Corviknight|Pressure\n|\n|upkeep\n|turn|110\n|\n|t:|1699885520\n|switch|p1a: Ditto|Ditto|76\/100\n|-damage|p1a: Ditto|63\/100|[from] Stealth Rock\n|-damage|p1a: Ditto|38\/100|[from] Spikes\n|-transform|p1a: Ditto|p2a: Alomomola|[from] ability: Imposter\n|move|p2a: Alomomola|Scald|p1a: Ditto\n|-resisted|p1a: Ditto\n|-damage|p1a: Ditto|27\/100\n|\n|upkeep\n|turn|111\n|\n|t:|1699885531\n|move|p1a: Ditto|Wish|p1a: Ditto\n|move|p2a: Alomomola|Scald|p1a: Ditto\n|-resisted|p1a: Ditto\n|-damage|p1a: Ditto|17\/100\n|\n|upkeep\n|turn|112\n|\n|t:|1699885539\n|switch|p2a: Blissey|Blissey, F|88\/100\n|move|p1a: Ditto|Protect||[still]\n|-fail|p1a: Ditto\n|\n|-heal|p1a: Ditto|67\/100|[from] move: Wish|[wisher] Ditto\n|upkeep\n|turn|113\n|\n|t:|1699885546\n|move|p2a: Blissey|Seismic Toss|p1a: Ditto\n|-damage|p1a: Ditto|33\/100\n|move|p1a: Ditto|Wish|p1a: Ditto\n|\n|upkeep\n|turn|114\n|\n|t:|1699885552\n|move|p1a: Ditto|Protect|p1a: Ditto\n|-singleturn|p1a: Ditto|Protect\n|move|p2a: Blissey|Seismic Toss|p1a: Ditto\n|-activate|p1a: Ditto|move: Protect\n|\n|-heal|p1a: Ditto|83\/100|[from] move: Wish|[wisher] Ditto\n|upkeep\n|turn|115\n|\n|t:|1699885561\n|switch|p2a: Alomomola|Alomomola, M|100\/100\n|move|p1a: Ditto|Flip Turn|p2a: Alomomola\n|-resisted|p2a: Alomomola\n|-damage|p2a: Alomomola|96\/100\n|\n|t:|1699885570\n|switch|p1a: Corviknight|Corviknight, F|88\/100|[from] Flip Turn\n|-damage|p1a: Corviknight|76\/100|[from] Stealth Rock\n|-ability|p1a: Corviknight|Pressure\n|\n|upkeep\n|turn|116\n|\n|t:|1699885578\n|switch|p2a: Clefable|Clefable, F, tera:Ghost|98\/100 brn\n|move|p1a: Corviknight|Brave Bird|p2a: Clefable\n|-damage|p2a: Clefable|73\/100 brn\n|-damage|p1a: Corviknight|67\/100|[from] Recoil\n|\n|upkeep\n|turn|117\n|inactive|TOMYC has 90 seconds left.\n|\n|t:|1699885596\n|switch|p2a: Alomomola|Alomomola, M|100\/100\n|move|p1a: Corviknight|Roost|p1a: Corviknight\n|-heal|p1a: Corviknight|100\/100\n|-singleturn|p1a: Corviknight|move: Roost\n|\n|upkeep\n|turn|118\n|inactive|TOMYC has 90 seconds left.\n|\n|t:|1699885603\n|switch|p1a: Ditto|Ditto|100\/100\n|-damage|p1a: Ditto|88\/100|[from] Stealth Rock\n|-damage|p1a: Ditto|63\/100|[from] Spikes\n|-transform|p1a: Ditto|p2a: Alomomola|[from] ability: Imposter\n|move|p2a: Alomomola|Scald|p1a: Ditto\n|-resisted|p1a: Ditto\n|-damage|p1a: Ditto|53\/100\n|\n|upkeep\n|turn|119\n|inactive|TOMYC has 90 seconds left.\n|\n|t:|1699885617\n|move|p2a: Alomomola|Scald|p1a: Ditto\n|-resisted|p1a: Ditto\n|-damage|p1a: Ditto|43\/100\n|-status|p1a: Ditto|brn\n|move|p1a: Ditto|Wish|p1a: Ditto\n|\n|-damage|p1a: Ditto|37\/100 brn|[from] brn\n|upkeep\n|turn|120\n|\n|t:|1699885625\n|switch|p2a: Clefable|Clefable, F, tera:Ghost|73\/100 brn\n|move|p1a: Ditto|Scald|p2a: Clefable\n|-damage|p2a: Clefable|59\/100 brn\n|\n|-heal|p1a: Ditto|87\/100 brn|[from] move: Wish|[wisher] Ditto\n|-damage|p1a: Ditto|81\/100 brn|[from] brn\n|upkeep\n|turn|121\n|\n|t:|1699885634\n|move|p1a: Ditto|Protect|p1a: Ditto\n|-singleturn|p1a: Ditto|Protect\n|move|p2a: Clefable|Wish|p2a: Clefable\n|\n|-damage|p1a: Ditto|75\/100 brn|[from] brn\n|upkeep\n|turn|122\n|\n|t:|1699885644\n|move|p2a: Clefable|Moonblast|p1a: Ditto\n|-damage|p1a: Ditto|30\/100 brn\n|move|p1a: Ditto|Scald|p2a: Clefable\n|-damage|p2a: Clefable|46\/100 brn\n|\n|-heal|p2a: Clefable|96\/100 brn|[from] move: Wish|[wisher] Clefable\n|-damage|p1a: Ditto|24\/100 brn|[from] brn\n|upkeep\n|turn|123\n|\n|t:|1699885655\n|switch|p1a: Corviknight|Corviknight, F|100\/100\n|-damage|p1a: Corviknight|88\/100|[from] Stealth Rock\n|-ability|p1a: Corviknight|Pressure\n|move|p2a: Clefable|Moonblast|p1a: Corviknight\n|-resisted|p1a: Corviknight\n|-damage|p1a: Corviknight|72\/100\n|\n|upkeep\n|turn|124\n|\n|t:|1699885665\n|move|p1a: Corviknight|Defog|p2a: Clefable\n|-unboost|p2a: Clefable|evasion|1\n|-sideend|p2: swellow is stronk|Spikes|[from] move: Defog|[of] p1a: Corviknight\n|-sideend|p2: swellow is stronk|Stealth Rock|[from] move: Defog|[of] p1a: Corviknight\n|-sideend|p1: TOMYC|Spikes|[from] move: Defog|[of] p1a: Corviknight\n|-sideend|p1: TOMYC|Stealth Rock|[from] move: Defog|[of] p1a: Corviknight\n|move|p2a: Clefable|Knock Off|p1a: Corviknight\n|-damage|p1a: Corviknight|68\/100\n|-enditem|p1a: Corviknight|Rocky Helmet|[from] move: Knock Off|[of] p2a: Clefable\n|\n|upkeep\n|turn|125\n|\n|t:|1699885679\n|switch|p1a: Ditto|Ditto|58\/100 brn\n|-transform|p1a: Ditto|p2a: Clefable|[from] ability: Imposter\n|switch|p2a: Alomomola|Alomomola, M|100\/100\n|\n|upkeep\n|turn|126\n|\n|t:|1699885687\n|switch|p2a: Clodsire|Clodsire, F|100\/100\n|move|p1a: Ditto|Knock Off|p2a: Clodsire\n|-damage|p2a: Clodsire|95\/100\n|\n|upkeep\n|turn|127\n|\n|t:|1699885701\n|switch|p1a: Toxapex|Toxapex, F|97\/100\n|move|p2a: Clodsire|Spikes|p1a: Toxapex\n|-sidestart|p1: TOMYC|Spikes\n|\n|upkeep\n|turn|128\n|\n|t:|1699885706\n|switch|p2a: Clefable|Clefable, F, tera:Ghost|96\/100 brn\n|move|p1a: Toxapex|Infestation|p2a: Clefable\n|-resisted|p2a: Clefable\n|-damage|p2a: Clefable|94\/100 brn\n|-activate|p2a: Clefable|move: Infestation|[of] p1a: Toxapex\n|\n|upkeep\n|turn|129\n|\n|t:|1699885714\n|switch|p2a: Alomomola|Alomomola, M|100\/100\n|switch|p1a: Corviknight|Corviknight, F|68\/100\n|-ability|p1a: Corviknight|Pressure\n|\n|upkeep\n|turn|130\n|\n|t:|1699885725\n|move|p1a: Corviknight|Brave Bird|p2a: Alomomola\n|-damage|p2a: Alomomola|79\/100\n|-damage|p1a: Corviknight|60\/100|[from] Recoil\n|move|p2a: Alomomola|Scald|p1a: Corviknight\n|-damage|p1a: Corviknight|46\/100\n|\n|upkeep\n|turn|131\n|\n|t:|1699885735\n|switch|p1a: Ditto|Ditto|58\/100 brn\n|-damage|p1a: Ditto|45\/100 brn|[from] Spikes\n|-transform|p1a: Ditto|p2a: Alomomola|[from] ability: Imposter\n|move|p2a: Alomomola|Scald|p1a: Ditto\n|-resisted|p1a: Ditto\n|-damage|p1a: Ditto|34\/100 brn\n|\n|-damage|p1a: Ditto|29\/100 brn|[from] brn\n|upkeep\n|turn|132\n|inactive|TOMYC has 60 seconds left.\n|\n|t:|1699885746\n|move|p2a: Alomomola|Flip Turn|p1a: Ditto\n|-resisted|p1a: Ditto\n|-damage|p1a: Ditto|21\/100 brn\n|\n|t:|1699885754\n|switch|p2a: Blissey|Blissey, F|88\/100|[from] Flip Turn\n|move|p1a: Ditto|Wish|p1a: Ditto\n|\n|-damage|p1a: Ditto|15\/100 brn|[from] brn\n|upkeep\n|turn|133\n|inactive|TOMYC has 60 seconds left.\n|\n|t:|1699885768\n|move|p2a: Blissey|Stealth Rock|p1a: Ditto\n|-sidestart|p1: TOMYC|move: Stealth Rock\n|move|p1a: Ditto|Flip Turn|p2a: Blissey\n|-damage|p2a: Blissey|71\/100\n|inactive|TOMYC has 60 seconds left.\n|\n|t:|1699885776\n|switch|p1a: Corviknight|Corviknight, F|46\/100|[from] Flip Turn\n|-damage|p1a: Corviknight|33\/100|[from] Stealth Rock\n|-ability|p1a: Corviknight|Pressure\n|\n|-heal|p1a: Corviknight|71\/100|[from] move: Wish|[wisher] Ditto\n|upkeep\n|turn|134\n|inactive|TOMYC has 60 seconds left.\n|\n|t:|1699885786\n|switch|p2a: Alomomola|Alomomola, M|100\/100\n|move|p1a: Corviknight|Defog|p2a: Alomomola\n|-unboost|p2a: Alomomola|evasion|1\n|-sideend|p1: TOMYC|Spikes|[from] move: Defog|[of] p1a: Corviknight\n|-sideend|p1: TOMYC|Stealth Rock|[from] move: Defog|[of] p1a: Corviknight\n|\n|upkeep\n|turn|135\n|\n|t:|1699885793\n|switch|p1a: Ditto|Ditto|48\/100 brn\n|-transform|p1a: Ditto|p2a: Alomomola|[from] ability: Imposter\n|switch|p2a: Clefable|Clefable, F, tera:Ghost|94\/100 brn\n|\n|-damage|p1a: Ditto|42\/100 brn|[from] brn\n|upkeep\n|turn|136\n|\n|t:|1699885801\n|switch|p1a: Toxapex|Toxapex, F|100\/100\n|move|p2a: Clefable|Moonblast|p1a: Toxapex\n|-resisted|p1a: Toxapex\n|-damage|p1a: Toxapex|87\/100\n|\n|upkeep\n|turn|137\n|\n|t:|1699885810\n|switch|p2a: Alomomola|Alomomola, M|100\/100\n|switch|p1a: Ditto|Ditto|76\/100 brn\n|-transform|p1a: Ditto|p2a: Alomomola|[from] ability: Imposter\n|\n|-damage|p1a: Ditto|70\/100 brn|[from] brn\n|upkeep\n|turn|138\n|\n|t:|1699885820\n|switch|p2a: Dondozo|Dondozo, F|91\/100 slp\n|move|p1a: Ditto|Scald|p2a: Dondozo\n|-resisted|p2a: Dondozo\n|-damage|p2a: Dondozo|84\/100 slp\n|\n|-damage|p1a: Ditto|64\/100 brn|[from] brn\n|upkeep\n|turn|139\n|\n|t:|1699885830\n|switch|p2a: Clefable|Clefable, F, tera:Ghost|94\/100 brn\n|move|p1a: Ditto|Flip Turn|p2a: Clefable\n|-damage|p2a: Clefable|88\/100 brn\n|\n|t:|1699885842\n|switch|p1a: Greninja|Greninja, M|68\/100|[from] Flip Turn\n|\n|upkeep\n|turn|140\n|\n|t:|1699885849\n|switch|p2a: Blissey|Blissey, F|71\/100\n|move|p1a: Greninja|Dark Pulse|p2a: Blissey\n|-damage|p2a: Blissey|58\/100\n|-damage|p1a: Greninja|58\/100|[from] item: Life Orb\n|\n|upkeep\n|turn|141\n|\n|t:|1699885864\n|switch|p1a: Cinderace|Cinderace, F|83\/100\n|move|p2a: Blissey|Stealth Rock|p1a: Cinderace\n|-sidestart|p1: TOMYC|move: Stealth Rock\n|\n|upkeep\n|turn|142\n|\n|t:|1699885870\n|switch|p2a: Alomomola|Alomomola, M|100\/100\n|move|p1a: Cinderace|U-turn|p2a: Alomomola\n|-start|p1a: Cinderace|typechange|Bug|[from] ability: Libero\n|-damage|p2a: Alomomola|82\/100\n|\n|t:|1699885879\n|switch|p1a: Ditto|Ditto|97\/100 brn|[from] U-turn\n|-damage|p1a: Ditto|85\/100 brn|[from] Stealth Rock\n|-transform|p1a: Ditto|p2a: Alomomola|[from] ability: Imposter\n|\n|-damage|p1a: Ditto|79\/100 brn|[from] brn\n|upkeep\n|turn|143\n|\n|t:|1699885887\n|switch|p2a: Blissey|Blissey, F|58\/100\n|move|p1a: Ditto|Wish|p1a: Ditto\n|\n|-damage|p1a: Ditto|73\/100 brn|[from] brn\n|upkeep\n|turn|144\n|\n|t:|1699885894\n|move|p2a: Blissey|Soft-Boiled|p2a: Blissey\n|-heal|p2a: Blissey|100\/100\n|move|p1a: Ditto|Flip Turn|p2a: Blissey\n|-damage|p2a: Blissey|84\/100\n|\n|t:|1699885901\n|switch|p1a: Toxapex|Toxapex, F|100\/100|[from] Flip Turn\n|-damage|p1a: Toxapex|88\/100|[from] Stealth Rock\n|\n|-heal|p1a: Toxapex|100\/100|[from] move: Wish|[wisher] Ditto\n|upkeep\n|turn|145\n|\n|t:|1699885908\n|switch|p2a: Clefable|Clefable, F, tera:Ghost|88\/100 brn\n|move|p1a: Toxapex|Infestation|p2a: Clefable\n|-resisted|p2a: Clefable\n|-damage|p2a: Clefable|86\/100 brn\n|-activate|p2a: Clefable|move: Infestation|[of] p1a: Toxapex\n|\n|upkeep\n|turn|146\n|\n|t:|1699885917\n|switch|p2a: Alomomola|Alomomola, M|100\/100\n|move|p1a: Toxapex|Acid Spray|p2a: Alomomola\n|-damage|p2a: Alomomola|88\/100\n|-unboost|p2a: Alomomola|spd|2\n|\n|upkeep\n|turn|147\n|\n|t:|1699885926\n|switch|p2a: Clefable|Clefable, F, tera:Ghost|86\/100 brn\n|switch|p1a: Corviknight|Corviknight, F|71\/100\n|-damage|p1a: Corviknight|59\/100|[from] Stealth Rock\n|-ability|p1a: Corviknight|Pressure\n|\n|upkeep\n|turn|148\n|\n|t:|1699885942\n|switch|p2a: Alomomola|Alomomola, M|100\/100\n|move|p1a: Corviknight|Defog|p2a: Alomomola\n|-unboost|p2a: Alomomola|evasion|1\n|-sideend|p1: TOMYC|Stealth Rock|[from] move: Defog|[of] p1a: Corviknight\n|\n|upkeep\n|turn|149\n|\n|t:|1699885950\n|switch|p1a: Ditto|Ditto|100\/100 brn\n|-transform|p1a: Ditto|p2a: Alomomola|[from] ability: Imposter\n|move|p2a: Alomomola|Flip Turn|p1a: Ditto\n|-resisted|p1a: Ditto\n|-damage|p1a: Ditto|93\/100 brn\n|\n|t:|1699885952\n|switch|p2a: Blissey|Blissey, F|84\/100|[from] Flip Turn\n|\n|-damage|p1a: Ditto|87\/100 brn|[from] brn\n|upkeep\n|turn|150\n|\n|t:|1699885964\n|move|p2a: Blissey|Stealth Rock|p1a: Ditto\n|-sidestart|p1: TOMYC|move: Stealth Rock\n|move|p1a: Ditto|Flip Turn|p2a: Blissey\n|-damage|p2a: Blissey|68\/100\n|\n|t:|1699885976\n|switch|p1a: Kommo-o|Kommo-o, F, tera:Fire|79\/100|[from] Flip Turn\n|-damage|p1a: Kommo-o|54\/100|[from] Stealth Rock\n|\n|-heal|p1a: Kommo-o|61\/100|[from] item: Leftovers\n|upkeep\n|turn|151\n|\n|t:|1699885985\n|switch|p2a: Clodsire|Clodsire, F|95\/100\n|move|p1a: Kommo-o|Clanging Scales|p2a: Clodsire\n|-damage|p2a: Clodsire|71\/100\n|-unboost|p1a: Kommo-o|def|1\n|\n|-heal|p1a: Kommo-o|67\/100|[from] item: Leftovers\n|upkeep\n|turn|152\n|\n|t:|1699885994\n|switch|p1a: Corviknight|Corviknight, F|59\/100\n|-damage|p1a: Corviknight|46\/100|[from] Stealth Rock\n|-ability|p1a: Corviknight|Pressure\n|move|p2a: Clodsire|Spikes|p1a: Corviknight\n|-sidestart|p1: TOMYC|Spikes\n|\n|upkeep\n|turn|153\n|j| ThatJebshuckle\n|l| ThatJebshuckle\n|\n|t:|1699886001\n|switch|p2a: Alomomola|Alomomola, M|100\/100\n|move|p1a: Corviknight|Defog|p2a: Alomomola\n|-unboost|p2a: Alomomola|evasion|1\n|-sideend|p1: TOMYC|Spikes|[from] move: Defog|[of] p1a: Corviknight\n|-sideend|p1: TOMYC|Stealth Rock|[from] move: Defog|[of] p1a: Corviknight\n|\n|upkeep\n|turn|154\n|\n|t:|1699886011\n|switch|p1a: Ditto|Ditto|100\/100 brn\n|-transform|p1a: Ditto|p2a: Alomomola|[from] ability: Imposter\n|move|p2a: Alomomola|Wish|p2a: Alomomola\n|\n|-damage|p1a: Ditto|94\/100 brn|[from] brn\n|upkeep\n|turn|155\n|\n|t:|1699886019\n|move|p1a: Ditto|Wish|p1a: Ditto\n|move|p2a: Alomomola|Flip Turn|p1a: Ditto\n|-resisted|p1a: Ditto\n|-damage|p1a: Ditto|87\/100 brn\n|\n|t:|1699886023\n|switch|p2a: Blissey|Blissey, F|68\/100|[from] Flip Turn\n|\n|-heal|p2a: Blissey|100\/100|[from] move: Wish|[wisher] Alomomola\n|-damage|p1a: Ditto|81\/100 brn|[from] brn\n|upkeep\n|turn|156\n|\n|t:|1699886033\n|move|p2a: Blissey|Stealth Rock|p1a: Ditto\n|-sidestart|p1: TOMYC|move: Stealth Rock\n|move|p1a: Ditto|Flip Turn|p2a: Blissey\n|-crit|p2a: Blissey\n|-damage|p2a: Blissey|78\/100\n|\n|t:|1699886038\n|switch|p1a: Corviknight|Corviknight, F|46\/100|[from] Flip Turn\n|-damage|p1a: Corviknight|34\/100|[from] Stealth Rock\n|-ability|p1a: Corviknight|Pressure\n|\n|-heal|p1a: Corviknight|72\/100|[from] move: Wish|[wisher] Ditto\n|upkeep\n|turn|157\n|\n|t:|1699886048\n|switch|p2a: Alomomola|Alomomola, M|100\/100\n|move|p1a: Corviknight|Body Press|p2a: Alomomola\n|-damage|p2a: Alomomola|86\/100\n|\n|upkeep\n|turn|158\n|\n|t:|1699886055\n|switch|p1a: Ditto|Ditto|100\/100 brn\n|-damage|p1a: Ditto|88\/100 brn|[from] Stealth Rock\n|-transform|p1a: Ditto|p2a: Alomomola|[from] ability: Imposter\n|switch|p2a: Clefable|Clefable, F, tera:Ghost|86\/100 brn\n|\n|-damage|p1a: Ditto|82\/100 brn|[from] brn\n|upkeep\n|turn|159\n|\n|t:|1699886065\n|move|p2a: Clefable|Moonblast|p1a: Ditto\n|-damage|p1a: Ditto|39\/100 brn\n|move|p1a: Ditto|Wish|p1a: Ditto\n|\n|-damage|p1a: Ditto|33\/100 brn|[from] brn\n|upkeep\n|turn|160\n|\n|t:|1699886072\n|move|p1a: Ditto|Protect|p1a: Ditto\n|-singleturn|p1a: Ditto|Protect\n|move|p2a: Clefable|Moonblast|p1a: Ditto\n|-activate|p1a: Ditto|move: Protect\n|\n|-heal|p1a: Ditto|83\/100 brn|[from] move: Wish|[wisher] Ditto\n|-damage|p1a: Ditto|77\/100 brn|[from] brn\n|upkeep\n|turn|161\n|\n|t:|1699886080\n|move|p2a: Clefable|Knock Off|p1a: Ditto\n|-damage|p1a: Ditto|72\/100 brn\n|move|p1a: Ditto|Wish|p1a: Ditto\n|\n|-damage|p1a: Ditto|66\/100 brn|[from] brn\n|upkeep\n|turn|162\n|\n|t:|1699886092\n|switch|p2a: Alomomola|Alomomola, M|100\/100\n|move|p1a: Ditto|Protect||[still]\n|-fail|p1a: Ditto\n|\n|-heal|p1a: Ditto|100\/100 brn|[from] move: Wish|[wisher] Ditto\n|-damage|p1a: Ditto|94\/100 brn|[from] brn\n|upkeep\n|turn|163\n|j| ThatJebshuckle\n|\n|t:|1699886101\n|switch|p2a: Dondozo|Dondozo, F|84\/100 slp\n|move|p1a: Ditto|Wish|p1a: Ditto\n|\n|-damage|p1a: Ditto|88\/100 brn|[from] brn\n|upkeep\n|turn|164\n|l| ThatJebshuckle\n|\n|t:|1699886108\n|switch|p2a: Alomomola|Alomomola, M|100\/100\n|move|p1a: Ditto|Flip Turn|p2a: Alomomola\n|-resisted|p2a: Alomomola\n|-damage|p2a: Alomomola|98\/100\n|\n|t:|1699886114\n|switch|p1a: Kommo-o|Kommo-o, F, tera:Fire|67\/100|[from] Flip Turn\n|-damage|p1a: Kommo-o|42\/100|[from] Stealth Rock\n|\n|-heal|p1a: Kommo-o|94\/100|[from] move: Wish|[wisher] Ditto\n|-heal|p1a: Kommo-o|99\/100|[from] item: Leftovers\n|upkeep\n|turn|165\n|inactive|TOMYC has 30 seconds left.\n|\n|t:|1699886130\n|switch|p1a: Toxapex|Toxapex, F|100\/100\n|-damage|p1a: Toxapex|88\/100|[from] Stealth Rock\n|move|p2a: Alomomola|Flip Turn|p1a: Toxapex\n|-resisted|p1a: Toxapex\n|-damage|p1a: Toxapex|82\/100\n|inactive|TOMYC has 30 seconds left this turn.\n|\n|t:|1699886134\n|switch|p2a: Clefable|Clefable, F, tera:Ghost|86\/100 brn|[from] Flip Turn\n|\n|upkeep\n|turn|166\n|inactive|TOMYC has 30 seconds left.\n|\n|t:|1699886145\n|switch|p2a: Alomomola|Alomomola, M|100\/100\n|switch|p1a: Ditto|Ditto|100\/100 brn\n|-damage|p1a: Ditto|88\/100 brn|[from] Stealth Rock\n|-transform|p1a: Ditto|p2a: Alomomola|[from] ability: Imposter\n|\n|-damage|p1a: Ditto|82\/100 brn|[from] brn\n|upkeep\n|turn|167\n|inactive|TOMYC has 30 seconds left this turn.\n|\n|t:|1699886155\n|switch|p2a: Dondozo|Dondozo, F|84\/100 slp\n|move|p1a: Ditto|Wish|p1a: Ditto\n|\n|-damage|p1a: Ditto|76\/100 brn|[from] brn\n|upkeep\n|turn|168\n|inactive|TOMYC has 30 seconds left this turn.\n|\n|t:|1699886162\n|switch|p2a: Alomomola|Alomomola, M|100\/100\n|move|p1a: Ditto|Flip Turn|p2a: Alomomola\n|-resisted|p2a: Alomomola\n|-damage|p2a: Alomomola|98\/100\n|inactive|TOMYC has 30 seconds left this turn.\n|\n|t:|1699886168\n|switch|p1a: Corviknight|Corviknight, F|72\/100|[from] Flip Turn\n|-damage|p1a: Corviknight|59\/100|[from] Stealth Rock\n|-ability|p1a: Corviknight|Pressure\n|\n|-heal|p1a: Corviknight|97\/100|[from] move: Wish|[wisher] Ditto\n|upkeep\n|turn|169\n|inactive|TOMYC has 30 seconds left this turn.\n|inactive|TOMYC has 20 seconds left.\n|\n|t:|1699886182\n|move|p1a: Corviknight|Brave Bird|p2a: Alomomola\n|-damage|p2a: Alomomola|78\/100\n|-damage|p1a: Corviknight|89\/100|[from] Recoil\n|move|p2a: Alomomola|Scald|p1a: Corviknight\n|-damage|p1a: Corviknight|77\/100\n|\n|upkeep\n|turn|170\n|inactive|TOMYC has 25 seconds left this turn.\n|inactive|TOMYC has 20 seconds left.\n|\n|t:|1699886194\n|switch|p1a: Ditto|Ditto|100\/100 brn\n|-damage|p1a: Ditto|88\/100 brn|[from] Stealth Rock\n|-transform|p1a: Ditto|p2a: Alomomola|[from] ability: Imposter\n|move|p2a: Alomomola|Wish|p2a: Alomomola\n|\n|-damage|p1a: Ditto|82\/100 brn|[from] brn\n|upkeep\n|turn|171\n|inactive|TOMYC has 25 seconds left this turn.\n|inactive|TOMYC has 20 seconds left.\n|j| Romano RPPLF\n|\n|t:|1699886202\n|switch|p2a: Blissey|Blissey, F|78\/100\n|move|p1a: Ditto|Wish|p1a: Ditto\n|\n|-heal|p2a: Blissey|100\/100|[from] move: Wish|[wisher] Alomomola\n|-damage|p1a: Ditto|76\/100 brn|[from] brn\n|upkeep\n|turn|172\n|inactive|TOMYC has 25 seconds left this turn.\n|inactive|TOMYC has 20 seconds left.\n|\n|t:|1699886211\n|switch|p1a: Toxapex|Toxapex, F|100\/100\n|-damage|p1a: Toxapex|88\/100|[from] Stealth Rock\n|move|p2a: Blissey|Seismic Toss|p1a: Toxapex\n|-damage|p1a: Toxapex|55\/100\n|\n|-heal|p1a: Toxapex|100\/100|[from] move: Wish|[wisher] Ditto\n|upkeep\n|turn|173\n|inactive|TOMYC has 20 seconds left this turn.\n|inactive|TOMYC has 15 seconds left.\n|\n|t:|1699886218\n|switch|p2a: Clefable|Clefable, F, tera:Ghost|86\/100 brn\n|move|p1a: Toxapex|Surf|p2a: Clefable\n|-damage|p2a: Clefable|58\/100 brn\n|\n|upkeep\n|turn|174\n|inactive|TOMYC has 20 seconds left this turn.\n|\n|t:|1699886225\n|switch|p2a: Alomomola|Alomomola, M|100\/100\n|move|p1a: Toxapex|Surf|p2a: Alomomola\n|-resisted|p2a: Alomomola\n|-damage|p2a: Alomomola|87\/100\n|\n|upkeep\n|turn|175\n|inactive|TOMYC has 20 seconds left this turn.\n|\n|t:|1699886228\n|switch|p1a: Corviknight|Corviknight, F|77\/100\n|-damage|p1a: Corviknight|64\/100|[from] Stealth Rock\n|-ability|p1a: Corviknight|Pressure\n|move|p2a: Alomomola|Flip Turn|p1a: Corviknight\n|-damage|p1a: Corviknight|55\/100\n|inactive|TOMYC has 25 seconds left this turn.\n|\n|t:|1699886234\n|switch|p2a: Clefable|Clefable, F, tera:Ghost|58\/100 brn|[from] Flip Turn\n|\n|upkeep\n|turn|176\n|inactive|TOMYC has 25 seconds left this turn.\n|\n|t:|1699886236\n|switch|p1a: Toxapex|Toxapex, F|100\/100\n|-damage|p1a: Toxapex|88\/100|[from] Stealth Rock\n|move|p2a: Clefable|Wish|p2a: Clefable\n|\n|upkeep\n|turn|177\n|inactive|TOMYC has 30 seconds left this turn.\n|\n|t:|1699886241\n|switch|p1a: Ditto|Ditto|100\/100 brn\n|-damage|p1a: Ditto|88\/100 brn|[from] Stealth Rock\n|-transform|p1a: Ditto|p2a: Clefable|[from] ability: Imposter\n|move|p2a: Clefable|Protect||[still]\n|-fail|p2a: Clefable\n|\n|-heal|p2a: Clefable|100\/100 brn|[from] move: Wish|[wisher] Clefable\n|upkeep\n|turn|178\n|inactive|TOMYC has 30 seconds left this turn.\n|\n|t:|1699886247\n|switch|p1a: Toxapex|Toxapex, F|100\/100\n|-damage|p1a: Toxapex|88\/100|[from] Stealth Rock\n|switch|p2a: Clodsire|Clodsire, F|71\/100\n|\n|upkeep\n|turn|179\n|\n|t:|1699886251\n|switch|p2a: Alomomola|Alomomola, M|100\/100\n|move|p1a: Toxapex|Surf|p2a: Alomomola\n|-resisted|p2a: Alomomola\n|-damage|p2a: Alomomola|87\/100\n|\n|upkeep\n|turn|180\n|\n|t:|1699886258\n|switch|p2a: Clefable|Clefable, F, tera:Ghost|100\/100 brn\n|switch|p1a: Ditto|Ditto|88\/100 brn\n|-damage|p1a: Ditto|76\/100 brn|[from] Stealth Rock\n|-transform|p1a: Ditto|p2a: Clefable|[from] ability: Imposter\n|\n|upkeep\n|turn|181\n|\n|t:|1699886263\n|switch|p2a: Clodsire|Clodsire, F|71\/100\n|move|p1a: Ditto|Knock Off|p2a: Clodsire\n|-damage|p2a: Clodsire|65\/100\n|\n|upkeep\n|turn|182\n|\n|t:|1699886269\n|switch|p1a: Toxapex|Toxapex, F|100\/100\n|-damage|p1a: Toxapex|88\/100|[from] Stealth Rock\n|move|p2a: Clodsire|Spikes|p1a: Toxapex\n|-sidestart|p1: TOMYC|Spikes\n|\n|upkeep\n|turn|183\n|\n|t:|1699886273\n|switch|p1a: Corviknight|Corviknight, F|55\/100\n|-damage|p1a: Corviknight|42\/100|[from] Stealth Rock\n|-ability|p1a: Corviknight|Pressure\n|switch|p2a: Alomomola|Alomomola, M|100\/100\n|\n|upkeep\n|turn|184\n|\n|t:|1699886279\n|move|p1a: Corviknight|Defog|p2a: Alomomola\n|-unboost|p2a: Alomomola|evasion|1\n|-sideend|p1: TOMYC|Spikes|[from] move: Defog|[of] p1a: Corviknight\n|-sideend|p1: TOMYC|Stealth Rock|[from] move: Defog|[of] p1a: Corviknight\n|move|p2a: Alomomola|Scald|p1a: Corviknight\n|-damage|p1a: Corviknight|29\/100\n|\n|upkeep\n|turn|185\n|\n|t:|1699886288\n|move|p1a: Corviknight|Roost|p1a: Corviknight\n|-heal|p1a: Corviknight|79\/100\n|-singleturn|p1a: Corviknight|move: Roost\n|move|p2a: Alomomola|Wish|p2a: Alomomola\n|\n|upkeep\n|turn|186\n|\n|t:|1699886291\n|switch|p1a: Toxapex|Toxapex, F|100\/100\n|switch|p2a: Clodsire|Clodsire, F|65\/100\n|\n|-heal|p2a: Clodsire|100\/100|[from] move: Wish|[wisher] Alomomola\n|upkeep\n|turn|187\n|l| Romano RPPLF\n|\n|t:|1699886295\n|switch|p2a: Alomomola|Alomomola, M|100\/100\n|move|p1a: Toxapex|Infestation|p2a: Alomomola\n|-damage|p2a: Alomomola|96\/100\n|-activate|p2a: Alomomola|move: Infestation|[of] p1a: Toxapex\n|\n|-damage|p2a: Alomomola|84\/100|[from] move: Infestation|[partiallytrapped]\n|upkeep\n|turn|188\n|\n|t:|1699886301\n|switch|p1a: Ditto|Ditto|76\/100 brn\n|-transform|p1a: Ditto|p2a: Alomomola|[from] ability: Imposter\n|move|p2a: Alomomola|Flip Turn|p1a: Ditto\n|-resisted|p1a: Ditto\n|-damage|p1a: Ditto|67\/100 brn\n|\n|t:|1699886308\n|switch|p2a: Blissey|Blissey, F|100\/100|[from] Flip Turn\n|\n|-damage|p1a: Ditto|61\/100 brn|[from] brn\n|upkeep\n|turn|189\n|\n|t:|1699886310\n|move|p2a: Blissey|Stealth Rock|p1a: Ditto\n|-sidestart|p1: TOMYC|move: Stealth Rock\n|move|p1a: Ditto|Wish|p1a: Ditto\n|\n|-damage|p1a: Ditto|55\/100 brn|[from] brn\n|upkeep\n|turn|190\n|\n|t:|1699886316\n|switch|p2a: Clefable|Clefable, F, tera:Ghost|100\/100 brn\n|move|p1a: Ditto|Flip Turn|p2a: Clefable\n|-damage|p2a: Clefable|94\/100 brn\n|\n|t:|1699886319\n|switch|p1a: Corviknight|Corviknight, F|79\/100|[from] Flip Turn\n|-damage|p1a: Corviknight|67\/100|[from] Stealth Rock\n|-ability|p1a: Corviknight|Pressure\n|\n|-heal|p1a: Corviknight|100\/100|[from] move: Wish|[wisher] Ditto\n|upkeep\n|turn|191\n|\n|t:|1699886323\n|switch|p2a: Alomomola|Alomomola, M|100\/100\n|move|p1a: Corviknight|Brave Bird|p2a: Alomomola\n|-damage|p2a: Alomomola|80\/100\n|-damage|p1a: Corviknight|92\/100|[from] Recoil\n|\n|upkeep\n|turn|192\n|\n|t:|1699886331\n|switch|p1a: Ditto|Ditto|88\/100 brn\n|-damage|p1a: Ditto|76\/100 brn|[from] Stealth Rock\n|-transform|p1a: Ditto|p2a: Alomomola|[from] ability: Imposter\n|switch|p2a: Dondozo|Dondozo, F|84\/100 slp\n|\n|-damage|p1a: Ditto|70\/100 brn|[from] brn\n|upkeep\n|turn|193\n|\n|t:|1699886335\n|switch|p2a: Alomomola|Alomomola, M|100\/100\n|move|p1a: Ditto|Wish|p1a: Ditto\n|\n|-damage|p1a: Ditto|64\/100 brn|[from] brn\n|upkeep\n|turn|194\n|\n|t:|1699886340\n|switch|p2a: Dondozo|Dondozo, F|84\/100 slp\n|move|p1a: Ditto|Flip Turn|p2a: Dondozo\n|-resisted|p2a: Dondozo\n|-damage|p2a: Dondozo|82\/100 slp\n|\n|t:|1699886341\n|switch|p1a: Corviknight|Corviknight, F|92\/100|[from] Flip Turn\n|-damage|p1a: Corviknight|80\/100|[from] Stealth Rock\n|-ability|p1a: Corviknight|Pressure\n|\n|-heal|p1a: Corviknight|100\/100|[from] move: Wish|[wisher] Ditto\n|upkeep\n|turn|195\n|\n|t:|1699886347\n|switch|p1a: Ditto|Ditto|97\/100 brn\n|-damage|p1a: Ditto|85\/100 brn|[from] Stealth Rock\n|-transform|p1a: Ditto|p2a: Dondozo|[from] ability: Imposter\n|switch|p2a: Alomomola|Alomomola, M|100\/100\n|\n|-damage|p1a: Ditto|79\/100 brn|[from] brn\n|upkeep\n|turn|196\n|\n|t:|1699886363\n|switch|p2a: Clodsire|Clodsire, F|100\/100\n|move|p1a: Ditto|Rest|p1a: Ditto\n|-status|p1a: Ditto|slp|[from] move: Rest\n|-heal|p1a: Ditto|100\/100 slp|[silent]\n|\n|upkeep\n|turn|197\n|\n|t:|1699886367\n|cant|p1a: Ditto|slp\n|move|p1a: Ditto|Sleep Talk|p1a: Ditto\n|move|p1a: Ditto|Waterfall|p2a: Clodsire|[from]move: Sleep Talk\n|-supereffective|p2a: Clodsire\n|-damage|p2a: Clodsire|43\/100\n|move|p2a: Clodsire|Spikes|p1a: Ditto\n|-sidestart|p1: TOMYC|Spikes\n|\n|upkeep\n|turn|198\n|\n|t:|1699886374\n|switch|p2a: Alomomola|Alomomola, M|100\/100\n|cant|p1a: Ditto|slp\n|move|p1a: Ditto|Sleep Talk|p1a: Ditto\n|move|p1a: Ditto|Body Press|p2a: Alomomola|[from]move: Sleep Talk\n|-damage|p2a: Alomomola|83\/100\n|\n|upkeep\n|turn|199\n|\n|t:|1699886383\n|switch|p2a: Dondozo|Dondozo, F|82\/100 slp\n|-curestatus|p1a: Ditto|slp|[msg]\n|move|p1a: Ditto|Body Press|p2a: Dondozo\n|-damage|p2a: Dondozo|70\/100 slp\n|\n|upkeep\n|turn|200\n|\n|t:|1699886389\n|switch|p1a: Corviknight|Corviknight, F|100\/100\n|-damage|p1a: Corviknight|88\/100|[from] Stealth Rock\n|-ability|p1a: Corviknight|Pressure\n|switch|p2a: Alomomola|Alomomola, M|100\/100\n|\n|upkeep\n|turn|201\n|\n|t:|1699886392\n|move|p1a: Corviknight|Defog|p2a: Alomomola\n|-unboost|p2a: Alomomola|evasion|1\n|-sideend|p1: TOMYC|Spikes|[from] move: Defog|[of] p1a: Corviknight\n|-sideend|p1: TOMYC|Stealth Rock|[from] move: Defog|[of] p1a: Corviknight\n|move|p2a: Alomomola|Scald|p1a: Corviknight\n|-damage|p1a: Corviknight|76\/100\n|\n|upkeep\n|turn|202\n|\n|t:|1699886400\n|switch|p1a: Ditto|Ditto|100\/100\n|-transform|p1a: Ditto|p2a: Alomomola|[from] ability: Imposter\n|move|p2a: Alomomola|Wish|p2a: Alomomola\n|\n|upkeep\n|turn|203\n|\n|t:|1699886403\n|move|p1a: Ditto|Wish|p1a: Ditto\n|move|p2a: Alomomola|Flip Turn|p1a: Ditto\n|-resisted|p1a: Ditto\n|-damage|p1a: Ditto|92\/100\n|\n|t:|1699886405\n|switch|p2a: Clodsire|Clodsire, F|43\/100|[from] Flip Turn\n|\n|-heal|p2a: Clodsire|95\/100|[from] move: Wish|[wisher] Alomomola\n|upkeep\n|turn|204\n|\n|t:|1699886410\n|switch|p1a: Greninja|Greninja, M|58\/100\n|move|p2a: Clodsire|Spikes|p1a: Greninja\n|-sidestart|p1: TOMYC|Spikes\n|\n|-heal|p1a: Greninja|100\/100|[from] move: Wish|[wisher] Ditto\n|upkeep\n|turn|205\n|\n|t:|1699886417\n|switch|p2a: Blissey|Blissey, F|100\/100\n|move|p1a: Greninja|Surf|p2a: Blissey\n|-damage|p2a: Blissey|86\/100\n|-damage|p1a: Greninja|91\/100|[from] item: Life Orb\n|\n|upkeep\n|turn|206\n|\n|t:|1699886423\n|switch|p1a: Corviknight|Corviknight, F|76\/100\n|-ability|p1a: Corviknight|Pressure\n|move|p2a: Blissey|Stealth Rock|p1a: Corviknight\n|-sidestart|p1: TOMYC|move: Stealth Rock\n|\n|upkeep\n|turn|207\n|\n|t:|1699886426\n|switch|p2a: Alomomola|Alomomola, M|100\/100\n|move|p1a: Corviknight|Defog|p2a: Alomomola\n|-unboost|p2a: Alomomola|evasion|1\n|-sideend|p1: TOMYC|Spikes|[from] move: Defog|[of] p1a: Corviknight\n|-sideend|p1: TOMYC|Stealth Rock|[from] move: Defog|[of] p1a: Corviknight\n|\n|upkeep\n|turn|208\n|\n|t:|1699886435\n|switch|p1a: Ditto|Ditto|100\/100\n|-transform|p1a: Ditto|p2a: Alomomola|[from] ability: Imposter\n|switch|p2a: Dondozo|Dondozo, F|70\/100 slp\n|\n|upkeep\n|turn|209\n|\n|t:|1699886440\n|move|p1a: Ditto|Wish|p1a: Ditto\n|cant|p2a: Dondozo|slp\n|move|p2a: Dondozo|Sleep Talk|p2a: Dondozo\n|move|p2a: Dondozo|Waterfall|p1a: Ditto|[from]move: Sleep Talk\n|-resisted|p1a: Ditto\n|-damage|p1a: Ditto|86\/100\n|\n|upkeep\n|turn|210\n|\n|t:|1699886443\n|switch|p1a: Toxapex|Toxapex, F|100\/100\n|switch|p2a: Alomomola|Alomomola, M|100\/100\n|\n|upkeep\n|turn|211\n|\n|t:|1699886453\n|move|p2a: Alomomola|Protect|p2a: Alomomola\n|-singleturn|p2a: Alomomola|Protect\n|move|p1a: Toxapex|Infestation|p2a: Alomomola\n|-activate|p2a: Alomomola|move: Protect\n|\n|upkeep\n|turn|212\n|\n|t:|1699886458\n|switch|p2a: Clefable|Clefable, F, tera:Ghost|94\/100 brn\n|switch|p1a: Ditto|Ditto|100\/100\n|-transform|p1a: Ditto|p2a: Clefable|[from] ability: Imposter\n|\n|upkeep\n|turn|213\n|\n|t:|1699886467\n|switch|p2a: Clodsire|Clodsire, F|95\/100\n|move|p1a: Ditto|Knock Off|p2a: Clodsire\n|-damage|p2a: Clodsire|85\/100\n|\n|upkeep\n|turn|214\n|\n|t:|1699886475\n|move|p1a: Ditto|Wish|p1a: Ditto\n|move|p2a: Clodsire|Spikes|p1a: Ditto\n|-sidestart|p1: TOMYC|Spikes\n|\n|upkeep\n|turn|215\n|\n|t:|1699886482\n|switch|p1a: Toxapex|Toxapex, F|100\/100\n|-damage|p1a: Toxapex|88\/100|[from] Spikes\n|move|p2a: Clodsire|Poison Jab|p1a: Toxapex\n|-resisted|p1a: Toxapex\n|-crit|p1a: Toxapex\n|-damage|p1a: Toxapex|75\/100\n|\n|-heal|p1a: Toxapex|100\/100|[from] move: Wish|[wisher] Ditto\n|upkeep\n|turn|216\n|\n|t:|1699886489\n|switch|p2a: Alomomola|Alomomola, M|100\/100\n|move|p1a: Toxapex|Infestation|p2a: Alomomola\n|-damage|p2a: Alomomola|97\/100\n|-activate|p2a: Alomomola|move: Infestation|[of] p1a: Toxapex\n|\n|-damage|p2a: Alomomola|84\/100|[from] move: Infestation|[partiallytrapped]\n|upkeep\n|turn|217\n|\n|t:|1699886498\n|switch|p1a: Ditto|Ditto|100\/100\n|-damage|p1a: Ditto|88\/100|[from] Spikes\n|-transform|p1a: Ditto|p2a: Alomomola|[from] ability: Imposter\n|move|p2a: Alomomola|Flip Turn|p1a: Ditto\n|-resisted|p1a: Ditto\n|-damage|p1a: Ditto|81\/100\n|\n|t:|1699886504\n|switch|p2a: Blissey|Blissey, F|86\/100|[from] Flip Turn\n|\n|upkeep\n|turn|218\n|\n|t:|1699886507\n|move|p2a: Blissey|Stealth Rock|p1a: Ditto\n|-sidestart|p1: TOMYC|move: Stealth Rock\n|move|p1a: Ditto|Wish|p1a: Ditto\n|\n|upkeep\n|turn|219\n|\n|t:|1699886514\n|switch|p2a: Alomomola|Alomomola, M|100\/100\n|move|p1a: Ditto|Flip Turn|p2a: Alomomola\n|-resisted|p2a: Alomomola\n|-damage|p2a: Alomomola|95\/100\n|\n|t:|1699886516\n|switch|p1a: Corviknight|Corviknight, F|76\/100|[from] Flip Turn\n|-damage|p1a: Corviknight|64\/100|[from] Stealth Rock\n|-ability|p1a: Corviknight|Pressure\n|\n|-heal|p1a: Corviknight|100\/100|[from] move: Wish|[wisher] Ditto\n|upkeep\n|turn|220\n|\n|t:|1699886526\n|move|p1a: Corviknight|Defog|p2a: Alomomola\n|-unboost|p2a: Alomomola|evasion|1\n|-sideend|p1: TOMYC|Spikes|[from] move: Defog|[of] p1a: Corviknight\n|-sideend|p1: TOMYC|Stealth Rock|[from] move: Defog|[of] p1a: Corviknight\n|move|p2a: Alomomola|Scald|p1a: Corviknight\n|-damage|p1a: Corviknight|88\/100\n|-status|p1a: Corviknight|brn\n|\n|-damage|p1a: Corviknight|82\/100 brn|[from] brn\n|upkeep\n|turn|221\n|\n|t:|1699886535\n|switch|p2a: Clefable|Clefable, F, tera:Ghost|94\/100 brn\n|move|p1a: Corviknight|Brave Bird|p2a: Clefable\n|-damage|p2a: Clefable|79\/100 brn\n|-damage|p1a: Corviknight|77\/100 brn|[from] Recoil\n|\n|-damage|p1a: Corviknight|71\/100 brn|[from] brn\n|upkeep\n|turn|222\n|inactive|swellow is stronk has 120 seconds left.\n|\n|t:|1699886542\n|switch|p1a: Ditto|Ditto|100\/100\n|-transform|p1a: Ditto|p2a: Clefable|[from] ability: Imposter\n|switch|p2a: Alomomola|Alomomola, M|100\/100\n|\n|upkeep\n|turn|223\n|inactive|swellow is stronk has 120 seconds left.\n|\n|t:|1699886549\n|switch|p2a: Clodsire|Clodsire, F|85\/100\n|move|p1a: Ditto|Knock Off|p2a: Clodsire\n|-damage|p2a: Clodsire|73\/100\n|\n|upkeep\n|turn|224\n|\n|t:|1699886554\n|move|p1a: Ditto|Wish|p1a: Ditto\n|move|p2a: Clodsire|Spikes|p1a: Ditto\n|-sidestart|p1: TOMYC|Spikes\n|\n|upkeep\n|turn|225\n|inactive|swellow is stronk has 120 seconds left.\n|\n|t:|1699886562\n|switch|p1a: Corviknight|Corviknight, F|71\/100 brn\n|-ability|p1a: Corviknight|Pressure\n|move|p2a: Clodsire|Amnesia|p2a: Clodsire\n|-boost|p2a: Clodsire|spd|2\n|\n|-heal|p1a: Corviknight|100\/100 brn|[from] move: Wish|[wisher] Ditto\n|-damage|p1a: Corviknight|94\/100 brn|[from] brn\n|upkeep\n|turn|226\n|\n|t:|1699886567\n|switch|p2a: Alomomola|Alomomola, M|100\/100\n|move|p1a: Corviknight|Brave Bird|p2a: Alomomola\n|-damage|p2a: Alomomola|90\/100\n|-damage|p1a: Corviknight|90\/100 brn|[from] Recoil\n|\n|-damage|p1a: Corviknight|84\/100 brn|[from] brn\n|upkeep\n|turn|227\n|inactive|swellow is stronk has 120 seconds left.\n|\n|t:|1699886574\n|switch|p2a: Clodsire|Clodsire, F|73\/100\n|move|p1a: Corviknight|Body Press|p2a: Clodsire\n|-resisted|p2a: Clodsire\n|-damage|p2a: Clodsire|66\/100\n|\n|-damage|p1a: Corviknight|78\/100 brn|[from] brn\n|upkeep\n|turn|228\n|\n|t:|1699886584\n|switch|p1a: Kommo-o|Kommo-o, F, tera:Fire|99\/100\n|-damage|p1a: Kommo-o|87\/100|[from] Spikes\n|switch|p2a: Alomomola|Alomomola, M|100\/100\n|\n|-heal|p1a: Kommo-o|94\/100|[from] item: Leftovers\n|upkeep\n|turn|229\n|\n|t:|1699886591\n|switch|p2a: Clodsire|Clodsire, F|66\/100\n|move|p1a: Kommo-o|Clanging Scales|p2a: Clodsire\n|-damage|p2a: Clodsire|38\/100\n|-unboost|p1a: Kommo-o|def|1\n|\n|-heal|p1a: Kommo-o|99\/100|[from] item: Leftovers\n|upkeep\n|turn|230\n|\n|t:|1699886595\n|move|p1a: Kommo-o|Clanging Scales|p2a: Clodsire\n|-damage|p2a: Clodsire|11\/100\n|-unboost|p1a: Kommo-o|def|1\n|move|p2a: Clodsire|Recover|p2a: Clodsire\n|-heal|p2a: Clodsire|61\/100\n|\n|-heal|p1a: Kommo-o|100\/100|[from] item: Leftovers\n|upkeep\n|turn|231\n|\n|t:|1699886605\n|switch|p1a: Ditto|Ditto|100\/100\n|-damage|p1a: Ditto|88\/100|[from] Spikes\n|-transform|p1a: Ditto|p2a: Clodsire|[from] ability: Imposter\n|move|p2a: Clodsire|Poison Jab|p1a: Ditto\n|-resisted|p1a: Ditto\n|-damage|p1a: Ditto|78\/100\n|\n|upkeep\n|turn|232\n|\n|t:|1699886611\n|move|p2a: Clodsire|Spikes|p1a: Ditto\n|-sidestart|p1: TOMYC|Spikes\n|move|p1a: Ditto|Spikes|p2a: Clodsire\n|-sidestart|p2: swellow is stronk|Spikes\n|\n|upkeep\n|turn|233\n|\n|t:|1699886614\n|switch|p1a: Corviknight|Corviknight, F|78\/100 brn\n|-ability|p1a: Corviknight|Pressure\n|move|p2a: Clodsire|Spikes|p1a: Corviknight\n|-sidestart|p1: TOMYC|Spikes\n|\n|-damage|p1a: Corviknight|72\/100 brn|[from] brn\n|upkeep\n|turn|234\n|\n|t:|1699886618\n|switch|p2a: Alomomola|Alomomola, M|100\/100\n|move|p1a: Corviknight|Defog|p2a: Alomomola\n|-unboost|p2a: Alomomola|evasion|1\n|-sideend|p2: swellow is stronk|Spikes|[from] move: Defog|[of] p1a: Corviknight\n|-sideend|p1: TOMYC|Spikes|[from] move: Defog|[of] p1a: Corviknight\n|\n|-damage|p1a: Corviknight|66\/100 brn|[from] brn\n|upkeep\n|turn|235\n|\n|t:|1699886628\n|switch|p1a: Ditto|Ditto|78\/100\n|-transform|p1a: Ditto|p2a: Alomomola|[from] ability: Imposter\n|switch|p2a: Clodsire|Clodsire, F|61\/100\n|\n|upkeep\n|turn|236\n|\n|t:|1699886633\n|switch|p2a: Dondozo|Dondozo, F|70\/100 slp\n|move|p1a: Ditto|Wish|p1a: Ditto\n|\n|upkeep\n|turn|237\n|j| a1212\n|\n|t:|1699886644\n|switch|p1a: Toxapex|Toxapex, F|100\/100\n|switch|p2a: Alomomola|Alomomola, M|100\/100\n|\n|upkeep\n|turn|238\n|\n|t:|1699886650\n|switch|p2a: Clefable|Clefable, F, tera:Ghost|79\/100 brn\n|switch|p1a: Ditto|Ditto|100\/100\n|-transform|p1a: Ditto|p2a: Clefable|[from] ability: Imposter\n|\n|upkeep\n|turn|239\n|\n|t:|1699886657\n|switch|p2a: Clodsire|Clodsire, F|61\/100\n|move|p1a: Ditto|Wish|p1a: Ditto\n|\n|upkeep\n|turn|240\n|\n|t:|1699886661\n|switch|p1a: Corviknight|Corviknight, F|66\/100 brn\n|-ability|p1a: Corviknight|Pressure\n|move|p2a: Clodsire|Spikes|p1a: Corviknight\n|-sidestart|p1: TOMYC|Spikes\n|\n|-heal|p1a: Corviknight|100\/100 brn|[from] move: Wish|[wisher] Ditto\n|-damage|p1a: Corviknight|94\/100 brn|[from] brn\n|upkeep\n|turn|241\n|\n|t:|1699886668\n|switch|p1a: Ditto|Ditto|100\/100\n|-damage|p1a: Ditto|88\/100|[from] Spikes\n|-transform|p1a: Ditto|p2a: Clodsire|[from] ability: Imposter\n|move|p2a: Clodsire|Recover|p2a: Clodsire\n|-heal|p2a: Clodsire|100\/100\n|\n|upkeep\n|turn|242\n|\n|t:|1699886681\n|switch|p2a: Clefable|Clefable, F, tera:Ghost|79\/100 brn\n|move|p1a: Ditto|Spikes|p2a: Clefable\n|-sidestart|p2: swellow is stronk|Spikes\n|\n|upkeep\n|turn|243\n|\n|t:|1699886687\n|switch|p2a: Dondozo|Dondozo, F|70\/100 slp\n|move|p1a: Ditto|Spikes|p2a: Dondozo\n|-sidestart|p2: swellow is stronk|Spikes\n|\n|upkeep\n|turn|244\n|\n|t:|1699886693\n|switch|p2a: Blissey|Blissey, F|86\/100\n|switch|p1a: Toxapex|Toxapex, F|100\/100\n|-damage|p1a: Toxapex|88\/100|[from] Spikes\n|\n|upkeep\n|turn|245\n|\n|t:|1699886697\n|switch|p2a: Alomomola|Alomomola, M|100\/100\n|move|p1a: Toxapex|Infestation|p2a: Alomomola\n|-damage|p2a: Alomomola|96\/100\n|-activate|p2a: Alomomola|move: Infestation|[of] p1a: Toxapex\n|\n|-damage|p2a: Alomomola|84\/100|[from] move: Infestation|[partiallytrapped]\n|upkeep\n|turn|246\n|\n|t:|1699886702\n|move|p2a: Alomomola|Flip Turn|p1a: Toxapex\n|-resisted|p1a: Toxapex\n|-damage|p1a: Toxapex|82\/100\n|\n|t:|1699886704\n|switch|p2a: Clefable|Clefable, F, tera:Ghost|79\/100 brn|[from] Flip Turn\n|move|p1a: Toxapex|Acid Spray|p2a: Clefable\n|-resisted|p2a: Clefable\n|-damage|p2a: Clefable|73\/100 brn\n|-unboost|p2a: Clefable|spd|2\n|\n|upkeep\n|turn|247\n|\n|t:|1699886708\n|switch|p2a: Alomomola|Alomomola, M|100\/100\n|move|p1a: Toxapex|Surf|p2a: Alomomola\n|-resisted|p2a: Alomomola\n|-damage|p2a: Alomomola|86\/100\n|\n|upkeep\n|turn|248\n|\n|t:|1699886712\n|switch|p2a: Clefable|Clefable, F, tera:Ghost|73\/100 brn\n|switch|p1a: Corviknight|Corviknight, F|94\/100 brn\n|-ability|p1a: Corviknight|Pressure\n|\n|-damage|p1a: Corviknight|88\/100 brn|[from] brn\n|upkeep\n|turn|249\n|\n|t:|1699886717\n|switch|p1a: Toxapex|Toxapex, F|100\/100\n|-damage|p1a: Toxapex|88\/100|[from] Spikes\n|switch|p2a: Alomomola|Alomomola, M|100\/100\n|\n|upkeep\n|turn|250\n|\n|t:|1699886722\n|switch|p2a: Clefable|Clefable, F, tera:Ghost|73\/100 brn\n|switch|p1a: Corviknight|Corviknight, F|88\/100 brn\n|-ability|p1a: Corviknight|Pressure\n|\n|-damage|p1a: Corviknight|82\/100 brn|[from] brn\n|upkeep\n|turn|251\n|\n|t:|1699886726\n|switch|p1a: Ditto|Ditto|88\/100\n|-damage|p1a: Ditto|76\/100|[from] Spikes\n|-transform|p1a: Ditto|p2a: Clefable|[from] ability: Imposter\n|switch|p2a: Alomomola|Alomomola, M|100\/100\n|\n|upkeep\n|turn|252\n|\n|t:|1699886730\n|switch|p2a: Clodsire|Clodsire, F|100\/100\n|-damage|p2a: Clodsire|84\/100|[from] Spikes\n|move|p1a: Ditto|Knock Off|p2a: Clodsire\n|-damage|p2a: Clodsire|72\/100\n|\n|upkeep\n|turn|253\n|\n|t:|1699886736\n|switch|p1a: Corviknight|Corviknight, F|82\/100 brn\n|-ability|p1a: Corviknight|Pressure\n|move|p2a: Clodsire|Spikes|p1a: Corviknight\n|-sidestart|p1: TOMYC|Spikes\n|\n|-damage|p1a: Corviknight|76\/100 brn|[from] brn\n|upkeep\n|turn|254\n|\n|t:|1699886741\n|switch|p2a: Alomomola|Alomomola, M|100\/100\n|move|p1a: Corviknight|Defog|p2a: Alomomola\n|-unboost|p2a: Alomomola|evasion|1\n|-sideend|p2: swellow is stronk|Spikes|[from] move: Defog|[of] p1a: Corviknight\n|-sideend|p1: TOMYC|Spikes|[from] move: Defog|[of] p1a: Corviknight\n|\n|-damage|p1a: Corviknight|70\/100 brn|[from] brn\n|upkeep\n|turn|255\n|\n|t:|1699886748\n|switch|p1a: Ditto|Ditto|76\/100\n|-transform|p1a: Ditto|p2a: Alomomola|[from] ability: Imposter\n|move|p2a: Alomomola|Wish|p2a: Alomomola\n|\n|upkeep\n|turn|256\n|\n|t:|1699886752\n|switch|p2a: Clefable|Clefable, F, tera:Ghost|73\/100 brn\n|move|p1a: Ditto|Wish|p1a: Ditto\n|\n|-heal|p2a: Clefable|100\/100 brn|[from] move: Wish|[wisher] Alomomola\n|upkeep\n|turn|257\n|inactive|swellow is stronk has 120 seconds left.\n|\n|t:|1699886762\n|switch|p2a: Clodsire|Clodsire, F|72\/100\n|switch|p1a: Corviknight|Corviknight, F|70\/100 brn\n|-ability|p1a: Corviknight|Pressure\n|\n|-heal|p1a: Corviknight|100\/100 brn|[from] move: Wish|[wisher] Ditto\n|-damage|p1a: Corviknight|94\/100 brn|[from] brn\n|upkeep\n|turn|258\n|\n|t:|1699886767\n|switch|p2a: Alomomola|Alomomola, M|100\/100\n|move|p1a: Corviknight|Brave Bird|p2a: Alomomola\n|-damage|p2a: Alomomola|89\/100\n|-damage|p1a: Corviknight|90\/100 brn|[from] Recoil\n|\n|-damage|p1a: Corviknight|84\/100 brn|[from] brn\n|upkeep\n|turn|259\n|inactive|swellow is stronk has 120 seconds left.\n|inactive|swellow is stronk has 90 seconds left.\n|\n|t:|1699886805\n|switch|p1a: Ditto|Ditto|100\/100\n|-transform|p1a: Ditto|p2a: Alomomola|[from] ability: Imposter\n|switch|p2a: Clodsire|Clodsire, F|72\/100\n|\n|upkeep\n|turn|260\n|\n|t:|1699886809\n|move|p1a: Ditto|Scald|p2a: Clodsire\n|-supereffective|p2a: Clodsire\n|-damage|p2a: Clodsire|56\/100\n|-status|p2a: Clodsire|brn\n|move|p2a: Clodsire|Spikes|p1a: Ditto\n|-sidestart|p1: TOMYC|Spikes\n|\n|-damage|p2a: Clodsire|50\/100 brn|[from] brn\n|upkeep\n|turn|261\n|\n|t:|1699886817\n|move|p1a: Ditto|Flip Turn|p2a: Clodsire\n|-supereffective|p2a: Clodsire\n|-damage|p2a: Clodsire|12\/100 brn\n|\n|t:|1699886822\n|switch|p1a: Kommo-o|Kommo-o, F, tera:Fire|100\/100|[from] Flip Turn\n|-damage|p1a: Kommo-o|88\/100|[from] Spikes\n|move|p2a: Clodsire|Recover|p2a: Clodsire\n|-heal|p2a: Clodsire|62\/100 brn\n|\n|-heal|p1a: Kommo-o|94\/100|[from] item: Leftovers\n|-damage|p2a: Clodsire|56\/100 brn|[from] brn\n|upkeep\n|turn|262\n|\n|t:|1699886825\n|move|p1a: Kommo-o|Clanging Scales|p2a: Clodsire\n|-damage|p2a: Clodsire|31\/100 brn\n|-unboost|p1a: Kommo-o|def|1\n|move|p2a: Clodsire|Recover|p2a: Clodsire\n|-heal|p2a: Clodsire|81\/100 brn\n|\n|-heal|p1a: Kommo-o|100\/100|[from] item: Leftovers\n|-damage|p2a: Clodsire|75\/100 brn|[from] brn\n|upkeep\n|turn|263\n|\n|t:|1699886831\n|switch|p1a: Corviknight|Corviknight, F|84\/100 brn\n|-ability|p1a: Corviknight|Pressure\n|move|p2a: Clodsire|Poison Jab|p1a: Corviknight\n|-immune|p1a: Corviknight\n|\n|-damage|p1a: Corviknight|78\/100 brn|[from] brn\n|-damage|p2a: Clodsire|69\/100 brn|[from] brn\n|upkeep\n|turn|264\n|\n|t:|1699886835\n|switch|p2a: Alomomola|Alomomola, M|100\/100\n|move|p1a: Corviknight|Defog|p2a: Alomomola\n|-unboost|p2a: Alomomola|evasion|1\n|-sideend|p1: TOMYC|Spikes|[from] move: Defog|[of] p1a: Corviknight\n|\n|-damage|p1a: Corviknight|72\/100 brn|[from] brn\n|upkeep\n|turn|265\n|\n|t:|1699886840\n|switch|p1a: Toxapex|Toxapex, F|100\/100\n|switch|p2a: Clefable|Clefable, F, tera:Ghost|100\/100 brn\n|\n|upkeep\n|turn|266\n|\n|t:|1699886848\n|switch|p2a: Alomomola|Alomomola, M|100\/100\n|move|p1a: Toxapex|Acid Spray|p2a: Alomomola\n|-damage|p2a: Alomomola|87\/100\n|-unboost|p2a: Alomomola|spd|2\n|\n|upkeep\n|turn|267\n|\n|t:|1699886852\n|switch|p2a: Clefable|Clefable, F, tera:Ghost|100\/100 brn\n|switch|p1a: Corviknight|Corviknight, F|72\/100 brn\n|-ability|p1a: Corviknight|Pressure\n|\n|-damage|p1a: Corviknight|66\/100 brn|[from] brn\n|upkeep\n|turn|268\n|\n|t:|1699886860\n|switch|p1a: Toxapex|Toxapex, F|100\/100\n|switch|p2a: Clodsire|Clodsire, F|69\/100 brn\n|\n|-damage|p2a: Clodsire|63\/100 brn|[from] brn\n|upkeep\n|turn|269\n|\n|t:|1699886866\n|switch|p1a: Corviknight|Corviknight, F|66\/100 brn\n|-ability|p1a: Corviknight|Pressure\n|switch|p2a: Alomomola|Alomomola, M|100\/100\n|\n|-damage|p1a: Corviknight|60\/100 brn|[from] brn\n|upkeep\n|turn|270\n|\n|t:|1699886873\n|switch|p1a: Toxapex|Toxapex, F|100\/100\n|switch|p2a: Blissey|Blissey, F|86\/100\n|\n|upkeep\n|turn|271\n|\n|t:|1699886878\n|move|p2a: Blissey|Stealth Rock|p1a: Toxapex\n|-sidestart|p1: TOMYC|move: Stealth Rock\n|move|p1a: Toxapex|Infestation|p2a: Blissey\n|-damage|p2a: Blissey|85\/100\n|-activate|p2a: Blissey|move: Infestation|[of] p1a: Toxapex\n|\n|-damage|p2a: Blissey|72\/100|[from] move: Infestation|[partiallytrapped]\n|upkeep\n|turn|272\n|\n|t:|1699886884\n|move|p2a: Blissey|Protect|p2a: Blissey\n|-singleturn|p2a: Blissey|Protect\n|move|p1a: Toxapex|Acid Spray|p2a: Blissey\n|-activate|p2a: Blissey|move: Protect\n|\n|-damage|p2a: Blissey|60\/100|[from] move: Infestation|[partiallytrapped]\n|upkeep\n|turn|273\n|\n|t:|1699886887\n|move|p2a: Blissey|Soft-Boiled|p2a: Blissey\n|-heal|p2a: Blissey|100\/100\n|move|p1a: Toxapex|Acid Spray|p2a: Blissey\n|-damage|p2a: Blissey|97\/100\n|-unboost|p2a: Blissey|spd|2\n|\n|-damage|p2a: Blissey|84\/100|[from] move: Infestation|[partiallytrapped]\n|upkeep\n|turn|274\n|\n|t:|1699886891\n|move|p2a: Blissey|Protect|p2a: Blissey\n|-singleturn|p2a: Blissey|Protect\n|move|p1a: Toxapex|Acid Spray|p2a: Blissey\n|-activate|p2a: Blissey|move: Protect\n|\n|-damage|p2a: Blissey|72\/100|[from] move: Infestation|[partiallytrapped]\n|upkeep\n|turn|275\n|\n|t:|1699886895\n|move|p2a: Blissey|Seismic Toss|p1a: Toxapex\n|-damage|p1a: Toxapex|67\/100\n|move|p1a: Toxapex|Surf|p2a: Blissey\n|-damage|p2a: Blissey|55\/100\n|\n|-end|p2a: Blissey|Infestation|[partiallytrapped]\n|upkeep\n|turn|276\n|\n|t:|1699886900\n|move|p2a: Blissey|Soft-Boiled|p2a: Blissey\n|-heal|p2a: Blissey|100\/100\n|move|p1a: Toxapex|Acid Spray|p2a: Blissey\n|-damage|p2a: Blissey|92\/100\n|-unboost|p2a: Blissey|spd|2\n|\n|upkeep\n|turn|277\n|\n|t:|1699886903\n|switch|p2a: Clefable|Clefable, F, tera:Ghost|100\/100 brn\n|move|p1a: Toxapex|Infestation|p2a: Clefable\n|-resisted|p2a: Clefable\n|-damage|p2a: Clefable|98\/100 brn\n|-activate|p2a: Clefable|move: Infestation|[of] p1a: Toxapex\n|\n|upkeep\n|turn|278\n|\n|t:|1699886907\n|switch|p2a: Alomomola|Alomomola, M|100\/100\n|switch|p1a: Ditto|Ditto|100\/100\n|-damage|p1a: Ditto|88\/100|[from] Stealth Rock\n|-transform|p1a: Ditto|p2a: Alomomola|[from] ability: Imposter\n|\n|upkeep\n|turn|279\n|inactive|swellow is stronk has 120 seconds left.\n|\n|t:|1699886919\n|switch|p2a: Dondozo|Dondozo, F|70\/100 slp\n|move|p1a: Ditto|Wish|p1a: Ditto\n|\n|upkeep\n|turn|280\n|\n|t:|1699886927\n|switch|p1a: Corviknight|Corviknight, F|60\/100 brn\n|-damage|p1a: Corviknight|48\/100 brn|[from] Stealth Rock\n|-ability|p1a: Corviknight|Pressure\n|switch|p2a: Alomomola|Alomomola, M|100\/100\n|\n|-heal|p1a: Corviknight|85\/100 brn|[from] move: Wish|[wisher] Ditto\n|-damage|p1a: Corviknight|79\/100 brn|[from] brn\n|upkeep\n|turn|281\n|\n|t:|1699886934\n|switch|p2a: Clefable|Clefable, F, tera:Ghost|98\/100 brn\n|move|p1a: Corviknight|Defog|p2a: Clefable\n|-unboost|p2a: Clefable|evasion|1\n|-sideend|p1: TOMYC|Stealth Rock|[from] move: Defog|[of] p1a: Corviknight\n|\n|-damage|p1a: Corviknight|73\/100 brn|[from] brn\n|upkeep\n|turn|282\n|\n|t:|1699886941\n|switch|p1a: Ditto|Ditto|100\/100\n|-transform|p1a: Ditto|p2a: Clefable|[from] ability: Imposter\n|switch|p2a: Blissey|Blissey, F|92\/100\n|\n|upkeep\n|turn|283\n|\n|t:|1699886944\n|switch|p2a: Clodsire|Clodsire, F|63\/100 brn\n|move|p1a: Ditto|Knock Off|p2a: Clodsire\n|-damage|p2a: Clodsire|53\/100 brn\n|\n|-damage|p2a: Clodsire|47\/100 brn|[from] brn\n|upkeep\n|turn|284\n|\n|t:|1699886948\n|switch|p1a: Toxapex|Toxapex, F|100\/100\n|move|p2a: Clodsire|Spikes|p1a: Toxapex\n|-sidestart|p1: TOMYC|Spikes\n|\n|-damage|p2a: Clodsire|41\/100 brn|[from] brn\n|upkeep\n|turn|285\n|\n|t:|1699886959\n|switch|p1a: Corviknight|Corviknight, F|73\/100 brn\n|-ability|p1a: Corviknight|Pressure\n|switch|p2a: Alomomola|Alomomola, M|100\/100\n|\n|-damage|p1a: Corviknight|67\/100 brn|[from] brn\n|upkeep\n|turn|286\n|\n|t:|1699886965\n|switch|p1a: Ditto|Ditto|100\/100\n|-damage|p1a: Ditto|88\/100|[from] Spikes\n|-transform|p1a: Ditto|p2a: Alomomola|[from] ability: Imposter\n|switch|p2a: Clodsire|Clodsire, F|41\/100 brn\n|\n|-damage|p2a: Clodsire|35\/100 brn|[from] brn\n|upkeep\n|turn|287\n|\n|t:|1699886971\n|switch|p2a: Alomomola|Alomomola, M|100\/100\n|move|p1a: Ditto|Scald|p2a: Alomomola\n|-resisted|p2a: Alomomola\n|-damage|p2a: Alomomola|94\/100\n|\n|upkeep\n|turn|288\n|\n|t:|1699886974\n|move|p1a: Ditto|Wish|p1a: Ditto\n|move|p2a: Alomomola|Wish|p2a: Alomomola\n|\n|upkeep\n|turn|289\n|\n|t:|1699886981\n|switch|p1a: Toxapex|Toxapex, F|100\/100\n|-damage|p1a: Toxapex|88\/100|[from] Spikes\n|move|p2a: Alomomola|Flip Turn|p1a: Toxapex\n|-resisted|p1a: Toxapex\n|-damage|p1a: Toxapex|82\/100\n|\n|t:|1699886986\n|switch|p2a: Clodsire|Clodsire, F|35\/100 brn|[from] Flip Turn\n|\n|-heal|p2a: Clodsire|87\/100 brn|[from] move: Wish|[wisher] Alomomola\n|-heal|p1a: Toxapex|100\/100|[from] move: Wish|[wisher] Ditto\n|-damage|p2a: Clodsire|81\/100 brn|[from] brn\n|upkeep\n|turn|290\n|\n|t:|1699886992\n|switch|p1a: Corviknight|Corviknight, F|67\/100 brn\n|-ability|p1a: Corviknight|Pressure\n|switch|p2a: Alomomola|Alomomola, M|100\/100\n|\n|-damage|p1a: Corviknight|61\/100 brn|[from] brn\n|upkeep\n|turn|291\n|\n|t:|1699886995\n|switch|p1a: Ditto|Ditto|100\/100\n|-damage|p1a: Ditto|88\/100|[from] Spikes\n|-transform|p1a: Ditto|p2a: Alomomola|[from] ability: Imposter\n|switch|p2a: Blissey|Blissey, F|92\/100\n|\n|upkeep\n|turn|292\n|\n|t:|1699887005\n|move|p2a: Blissey|Stealth Rock|p1a: Ditto\n|-sidestart|p1: TOMYC|move: Stealth Rock\n|move|p1a: Ditto|Wish|p1a: Ditto\n|\n|upkeep\n|turn|293\n|\n|t:|1699887008\n|switch|p2a: Alomomola|Alomomola, M|100\/100\n|switch|p1a: Corviknight|Corviknight, F|61\/100 brn\n|-damage|p1a: Corviknight|49\/100 brn|[from] Stealth Rock\n|-ability|p1a: Corviknight|Pressure\n|\n|-heal|p1a: Corviknight|86\/100 brn|[from] move: Wish|[wisher] Ditto\n|-damage|p1a: Corviknight|80\/100 brn|[from] brn\n|upkeep\n|turn|294\n|\n|t:|1699887015\n|switch|p2a: Clefable|Clefable, F, tera:Ghost|98\/100 brn\n|move|p1a: Corviknight|Defog|p2a: Clefable\n|-unboost|p2a: Clefable|evasion|1\n|-sideend|p1: TOMYC|Spikes|[from] move: Defog|[of] p1a: Corviknight\n|-sideend|p1: TOMYC|Stealth Rock|[from] move: Defog|[of] p1a: Corviknight\n|\n|-damage|p1a: Corviknight|74\/100 brn|[from] brn\n|upkeep\n|turn|295\n|\n|t:|1699887020\n|switch|p1a: Ditto|Ditto|100\/100\n|-transform|p1a: Ditto|p2a: Clefable|[from] ability: Imposter\n|switch|p2a: Alomomola|Alomomola, M|100\/100\n|\n|upkeep\n|turn|296\n|\n|t:|1699887028\n|switch|p1a: Toxapex|Toxapex, F|100\/100\n|switch|p2a: Clodsire|Clodsire, F|81\/100 brn\n|\n|-damage|p2a: Clodsire|75\/100 brn|[from] brn\n|upkeep\n|turn|297\n|l| a1212\n|\n|t:|1699887036\n|switch|p1a: Corviknight|Corviknight, F|74\/100 brn\n|-ability|p1a: Corviknight|Pressure\n|switch|p2a: Blissey|Blissey, F|92\/100\n|\n|-damage|p1a: Corviknight|68\/100 brn|[from] brn\n|upkeep\n|turn|298\n|\n|t:|1699887040\n|switch|p2a: Clefable|Clefable, F, tera:Ghost|98\/100 brn\n|move|p1a: Corviknight|Body Press|p2a: Clefable\n|-immune|p2a: Clefable\n|\n|-damage|p1a: Corviknight|62\/100 brn|[from] brn\n|upkeep\n|turn|299\n|\n|t:|1699887046\n|switch|p1a: Ditto|Ditto|100\/100\n|-transform|p1a: Ditto|p2a: Clefable|[from] ability: Imposter\n|switch|p2a: Alomomola|Alomomola, M|100\/100\n|\n|upkeep\n|turn|300\n|\n|t:|1699887051\n|switch|p2a: Clodsire|Clodsire, F|75\/100 brn\n|move|p1a: Ditto|Knock Off|p2a: Clodsire\n|-damage|p2a: Clodsire|63\/100 brn\n|\n|-damage|p2a: Clodsire|57\/100 brn|[from] brn\n|upkeep\n|turn|301\n|\n|t:|1699887055\n|move|p1a: Ditto|Moonblast|p2a: Clodsire\n|-resisted|p2a: Clodsire\n|-damage|p2a: Clodsire|49\/100 brn\n|move|p2a: Clodsire|Spikes|p1a: Ditto\n|-sidestart|p1: TOMYC|Spikes\n|\n|-damage|p2a: Clodsire|43\/100 brn|[from] brn\n|upkeep\n|turn|302\n|\n|t:|1699887064\n|move|p1a: Ditto|Wish|p1a: Ditto\n|move|p2a: Clodsire|Recover|p2a: Clodsire\n|-heal|p2a: Clodsire|93\/100 brn\n|\n|-damage|p2a: Clodsire|87\/100 brn|[from] brn\n|upkeep\n|turn|303\n|\n|t:|1699887069\n|switch|p2a: Clefable|Clefable, F, tera:Ghost|98\/100 brn\n|move|p1a: Ditto|Protect||[still]\n|-fail|p1a: Ditto\n|\n|upkeep\n|turn|304\n|\n|t:|1699887080\n|move|p1a: Ditto|Knock Off|p2a: Clefable\n|-supereffective|p2a: Clefable\n|-damage|p2a: Clefable|83\/100 brn\n|move|p2a: Clefable|Moonblast|p1a: Ditto\n|-damage|p1a: Ditto|64\/100\n|\n|upkeep\n|turn|305\n|\n|t:|1699887086\n|move|p1a: Ditto|Wish|p1a: Ditto\n|move|p2a: Clefable|Moonblast|p1a: Ditto\n|-damage|p1a: Ditto|26\/100\n|\n|upkeep\n|turn|306\n|\n|t:|1699887089\n|move|p1a: Ditto|Protect|p1a: Ditto\n|-singleturn|p1a: Ditto|Protect\n|move|p2a: Clefable|Moonblast|p1a: Ditto\n|-activate|p1a: Ditto|move: Protect\n|\n|-heal|p1a: Ditto|76\/100|[from] move: Wish|[wisher] Ditto\n|upkeep\n|turn|307\n|\n|t:|1699887100\n|switch|p2a: Clodsire|Clodsire, F|87\/100 brn\n|move|p1a: Ditto|Wish|p1a: Ditto\n|\n|-damage|p2a: Clodsire|81\/100 brn|[from] brn\n|upkeep\n|turn|308\n|\n|t:|1699887107\n|switch|p1a: Corviknight|Corviknight, F|62\/100 brn\n|-ability|p1a: Corviknight|Pressure\n|switch|p2a: Clefable|Clefable, F, tera:Ghost|83\/100 brn\n|\n|-heal|p1a: Corviknight|99\/100 brn|[from] move: Wish|[wisher] Ditto\n|-damage|p1a: Corviknight|94\/100 brn|[from] brn\n|upkeep\n|turn|309\n|\n|t:|1699887113\n|switch|p2a: Alomomola|Alomomola, M|100\/100\n|move|p1a: Corviknight|Brave Bird|p2a: Alomomola\n|-damage|p2a: Alomomola|90\/100\n|-damage|p1a: Corviknight|90\/100 brn|[from] Recoil\n|\n|-damage|p1a: Corviknight|84\/100 brn|[from] brn\n|upkeep\n|turn|310\n|\n|t:|1699887119\n|switch|p2a: Dondozo|Dondozo, F|70\/100 slp\n|move|p1a: Corviknight|Body Press|p2a: Dondozo\n|-damage|p2a: Dondozo|64\/100 slp\n|\n|-damage|p1a: Corviknight|78\/100 brn|[from] brn\n|upkeep\n|turn|311\n|\n|t:|1699887125\n|switch|p2a: Alomomola|Alomomola, M|100\/100\n|move|p1a: Corviknight|Brave Bird|p2a: Alomomola\n|-damage|p2a: Alomomola|90\/100\n|-damage|p1a: Corviknight|74\/100 brn|[from] Recoil\n|\n|-damage|p1a: Corviknight|68\/100 brn|[from] brn\n|upkeep\n|turn|312\n|inactive|swellow is stronk has 120 seconds left.\n|\n|t:|1699887137\n|switch|p1a: Ditto|Ditto|76\/100\n|-damage|p1a: Ditto|64\/100|[from] Spikes\n|-transform|p1a: Ditto|p2a: Alomomola|[from] ability: Imposter\n|switch|p2a: Clefable|Clefable, F, tera:Ghost|83\/100 brn\n|\n|upkeep\n|turn|313\n|\n|t:|1699887142\n|switch|p2a: Blissey|Blissey, F|92\/100\n|move|p1a: Ditto|Wish|p1a: Ditto\n|\n|upkeep\n|turn|314\n|\n|t:|1699887145\n|move|p2a: Blissey|Stealth Rock|p1a: Ditto\n|-sidestart|p1: TOMYC|move: Stealth Rock\n|move|p1a: Ditto|Flip Turn|p2a: Blissey\n|-damage|p2a: Blissey|58\/100\n|\n|t:|1699887151\n|switch|p1a: Corviknight|Corviknight, F|68\/100 brn|[from] Flip Turn\n|-damage|p1a: Corviknight|55\/100 brn|[from] Stealth Rock\n|-ability|p1a: Corviknight|Pressure\n|\n|-heal|p1a: Corviknight|93\/100 brn|[from] move: Wish|[wisher] Ditto\n|-damage|p1a: Corviknight|87\/100 brn|[from] brn\n|upkeep\n|turn|315\n|\n|t:|1699887157\n|switch|p2a: Alomomola|Alomomola, M|100\/100\n|move|p1a: Corviknight|Defog|p2a: Alomomola\n|-unboost|p2a: Alomomola|evasion|1\n|-sideend|p1: TOMYC|Spikes|[from] move: Defog|[of] p1a: Corviknight\n|-sideend|p1: TOMYC|Stealth Rock|[from] move: Defog|[of] p1a: Corviknight\n|\n|-damage|p1a: Corviknight|81\/100 brn|[from] brn\n|upkeep\n|turn|316\n|inactive|swellow is stronk has 120 seconds left.\n|\n|t:|1699887176\n|switch|p1a: Ditto|Ditto|97\/100\n|-transform|p1a: Ditto|p2a: Alomomola|[from] ability: Imposter\n|move|p2a: Alomomola|Wish|p2a: Alomomola\n|\n|upkeep\n|turn|317\n|\n|t:|1699887180\n|switch|p1a: Toxapex|Toxapex, F|100\/100\n|switch|p2a: Blissey|Blissey, F|58\/100\n|\n|-heal|p2a: Blissey|92\/100|[from] move: Wish|[wisher] Alomomola\n|upkeep\n|turn|318\n|\n|t:|1699887184\n|move|p2a: Blissey|Stealth Rock|p1a: Toxapex\n|-sidestart|p1: TOMYC|move: Stealth Rock\n|move|p1a: Toxapex|Infestation|p2a: Blissey\n|-damage|p2a: Blissey|91\/100\n|-activate|p2a: Blissey|move: Infestation|[of] p1a: Toxapex\n|\n|-damage|p2a: Blissey|78\/100|[from] move: Infestation|[partiallytrapped]\n|upkeep\n|turn|319\n|\n|t:|1699887188\n|move|p2a: Blissey|Protect|p2a: Blissey\n|-singleturn|p2a: Blissey|Protect\n|move|p1a: Toxapex|Acid Spray|p2a: Blissey\n|-activate|p2a: Blissey|move: Protect\n|\n|-damage|p2a: Blissey|66\/100|[from] move: Infestation|[partiallytrapped]\n|upkeep\n|turn|320\n|\n|t:|1699887193\n|move|p2a: Blissey|Seismic Toss|p1a: Toxapex\n|-damage|p1a: Toxapex|67\/100\n|move|p1a: Toxapex|Acid Spray|p2a: Blissey\n|-damage|p2a: Blissey|62\/100\n|-unboost|p2a: Blissey|spd|2\n|\n|-damage|p2a: Blissey|50\/100|[from] move: Infestation|[partiallytrapped]\n|upkeep\n|turn|321\n|\n|t:|1699887195\n|move|p2a: Blissey|Soft-Boiled|p2a: Blissey\n|-heal|p2a: Blissey|99\/100\n|move|p1a: Toxapex|Surf|p2a: Blissey\n|-damage|p2a: Blissey|83\/100\n|\n|-damage|p2a: Blissey|70\/100|[from] move: Infestation|[partiallytrapped]\n|upkeep\n|turn|322\n|\n|t:|1699887198\n|move|p2a: Blissey|Protect|p2a: Blissey\n|-singleturn|p2a: Blissey|Protect\n|move|p1a: Toxapex|Surf|p2a: Blissey\n|-activate|p2a: Blissey|move: Protect\n|\n|-damage|p2a: Blissey|58\/100|[from] move: Infestation|[partiallytrapped]\n|upkeep\n|turn|323\n|\n|t:|1699887202\n|move|p2a: Blissey|Seismic Toss|p1a: Toxapex\n|-damage|p1a: Toxapex|34\/100\n|move|p1a: Toxapex|Surf|p2a: Blissey\n|-damage|p2a: Blissey|43\/100\n|\n|-end|p2a: Blissey|Infestation|[partiallytrapped]\n|upkeep\n|turn|324\n|\n|t:|1699887209\n|switch|p1a: Corviknight|Corviknight, F|81\/100 brn\n|-damage|p1a: Corviknight|69\/100 brn|[from] Stealth Rock\n|-ability|p1a: Corviknight|Pressure\n|move|p2a: Blissey|Soft-Boiled|p2a: Blissey\n|-heal|p2a: Blissey|93\/100\n|\n|-damage|p1a: Corviknight|63\/100 brn|[from] brn\n|upkeep\n|turn|325\n|\n|t:|1699887215\n|switch|p2a: Alomomola|Alomomola, M|100\/100\n|move|p1a: Corviknight|Body Press|p2a: Alomomola\n|-damage|p2a: Alomomola|93\/100\n|\n|-damage|p1a: Corviknight|57\/100 brn|[from] brn\n|upkeep\n|turn|326\n|inactive|swellow is stronk has 120 seconds left.\n|\n|t:|1699887229\n|switch|p1a: Ditto|Ditto|100\/100\n|-damage|p1a: Ditto|88\/100|[from] Stealth Rock\n|-transform|p1a: Ditto|p2a: Alomomola|[from] ability: Imposter\n|switch|p2a: Clefable|Clefable, F, tera:Ghost|83\/100 brn\n|\n|upkeep\n|turn|327\n|inactive|swellow is stronk has 120 seconds left.\n|\n|t:|1699887234\n|move|p2a: Clefable|Moonblast|p1a: Ditto\n|-damage|p1a: Ditto|43\/100\n|-unboost|p1a: Ditto|spa|1\n|move|p1a: Ditto|Wish|p1a: Ditto\n|\n|upkeep\n|turn|328\n|\n|t:|1699887239\n|switch|p2a: Blissey|Blissey, F|93\/100\n|move|p1a: Ditto|Scald|p2a: Blissey\n|-damage|p2a: Blissey|90\/100\n|\n|-heal|p1a: Ditto|93\/100|[from] move: Wish|[wisher] Ditto\n|upkeep\n|turn|329\n|\n|t:|1699887243\n|switch|p2a: Alomomola|Alomomola, M|100\/100\n|move|p1a: Ditto|Protect||[still]\n|-fail|p1a: Ditto\n|\n|upkeep\n|turn|330\n|inactive|swellow is stronk has 120 seconds left.\n|\n|t:|1699887248\n|switch|p2a: Dondozo|Dondozo, F|64\/100 slp\n|move|p1a: Ditto|Scald|p2a: Dondozo\n|-resisted|p2a: Dondozo\n|-damage|p2a: Dondozo|58\/100 slp\n|\n|upkeep\n|turn|331\n|inactive|swellow is stronk has 120 seconds left.\n|\n|t:|1699887261\n|switch|p2a: Alomomola|Alomomola, M|100\/100\n|move|p1a: Ditto|Wish|p1a: Ditto\n|\n|upkeep\n|turn|332\n|\n|t:|1699887266\n|switch|p2a: Dondozo|Dondozo, F|58\/100 slp\n|switch|p1a: Corviknight|Corviknight, F|57\/100 brn\n|-damage|p1a: Corviknight|44\/100 brn|[from] Stealth Rock\n|-ability|p1a: Corviknight|Pressure\n|\n|-heal|p1a: Corviknight|82\/100 brn|[from] move: Wish|[wisher] Ditto\n|-damage|p1a: Corviknight|76\/100 brn|[from] brn\n|upkeep\n|turn|333\n|\n|t:|1699887272\n|switch|p2a: Alomomola|Alomomola, M|100\/100\n|move|p1a: Corviknight|Brave Bird|p2a: Alomomola\n|-damage|p2a: Alomomola|89\/100\n|-damage|p1a: Corviknight|71\/100 brn|[from] Recoil\n|\n|-damage|p1a: Corviknight|65\/100 brn|[from] brn\n|upkeep\n|turn|334\n|\n|t:|1699887283\n|switch|p1a: Toxapex|Toxapex, F|68\/100\n|-damage|p1a: Toxapex|56\/100|[from] Stealth Rock\n|switch|p2a: Dondozo|Dondozo, F|58\/100 slp\n|\n|upkeep\n|turn|335\n|\n|t:|1699887288\n|switch|p2a: Clefable|Clefable, F, tera:Ghost|83\/100 brn\n|move|p1a: Toxapex|Infestation|p2a: Clefable\n|-resisted|p2a: Clefable\n|-damage|p2a: Clefable|81\/100 brn\n|-activate|p2a: Clefable|move: Infestation|[of] p1a: Toxapex\n|\n|upkeep\n|turn|336\n|\n|t:|1699887293\n|switch|p2a: Alomomola|Alomomola, M|100\/100\n|switch|p1a: Ditto|Ditto|100\/100\n|-damage|p1a: Ditto|88\/100|[from] Stealth Rock\n|-transform|p1a: Ditto|p2a: Alomomola|[from] ability: Imposter\n|\n|upkeep\n|turn|337\n|\n|t:|1699887301\n|switch|p2a: Dondozo|Dondozo, F|58\/100 slp\n|move|p1a: Ditto|Wish|p1a: Ditto\n|\n|upkeep\n|turn|338\n|\n|t:|1699887304\n|switch|p1a: Corviknight|Corviknight, F|65\/100 brn\n|-damage|p1a: Corviknight|53\/100 brn|[from] Stealth Rock\n|-ability|p1a: Corviknight|Pressure\n|switch|p2a: Alomomola|Alomomola, M|100\/100\n|\n|-heal|p1a: Corviknight|91\/100 brn|[from] move: Wish|[wisher] Ditto\n|-damage|p1a: Corviknight|85\/100 brn|[from] brn\n|upkeep\n|turn|339\n|\n|t:|1699887311\n|switch|p2a: Clodsire|Clodsire, F|81\/100 brn\n|move|p1a: Corviknight|Body Press|p2a: Clodsire\n|-resisted|p2a: Clodsire\n|-damage|p2a: Clodsire|73\/100 brn\n|\n|-damage|p1a: Corviknight|79\/100 brn|[from] brn\n|-damage|p2a: Clodsire|67\/100 brn|[from] brn\n|upkeep\n|turn|340\n|\n|t:|1699887314\n|move|p1a: Corviknight|Brave Bird|p2a: Clodsire\n|-damage|p2a: Clodsire|46\/100 brn\n|-damage|p1a: Corviknight|71\/100 brn|[from] Recoil\n|move|p2a: Clodsire|Spikes|p1a: Corviknight\n|-sidestart|p1: TOMYC|Spikes\n|\n|-damage|p1a: Corviknight|65\/100 brn|[from] brn\n|-damage|p2a: Clodsire|40\/100 brn|[from] brn\n|upkeep\n|turn|341\n|\n|t:|1699887318\n|switch|p2a: Alomomola|Alomomola, M|100\/100\n|move|p1a: Corviknight|Brave Bird|p2a: Alomomola\n|-damage|p2a: Alomomola|89\/100\n|-damage|p1a: Corviknight|60\/100 brn|[from] Recoil\n|\n|-damage|p1a: Corviknight|54\/100 brn|[from] brn\n|upkeep\n|turn|342\n|\n|t:|1699887321\n|move|p1a: Corviknight|Defog|p2a: Alomomola\n|-unboost|p2a: Alomomola|evasion|1\n|-sideend|p1: TOMYC|Spikes|[from] move: Defog|[of] p1a: Corviknight\n|-sideend|p1: TOMYC|Stealth Rock|[from] move: Defog|[of] p1a: Corviknight\n|move|p2a: Alomomola|Wish|p2a: Alomomola\n|\n|-damage|p1a: Corviknight|48\/100 brn|[from] brn\n|upkeep\n|turn|343\n|\n|t:|1699887328\n|switch|p1a: Ditto|Ditto|100\/100\n|-transform|p1a: Ditto|p2a: Alomomola|[from] ability: Imposter\n|switch|p2a: Clodsire|Clodsire, F|40\/100 brn\n|\n|-heal|p2a: Clodsire|92\/100 brn|[from] move: Wish|[wisher] Alomomola\n|-damage|p2a: Clodsire|86\/100 brn|[from] brn\n|upkeep\n|turn|344\n|\n|t:|1699887336\n|switch|p2a: Dondozo|Dondozo, F|58\/100 slp\n|move|p1a: Ditto|Wish|p1a: Ditto\n|\n|upkeep\n|turn|345\n|\n|t:|1699887340\n|switch|p1a: Corviknight|Corviknight, F|48\/100 brn\n|-ability|p1a: Corviknight|Pressure\n|switch|p2a: Blissey|Blissey, F|90\/100\n|\n|-heal|p1a: Corviknight|85\/100 brn|[from] move: Wish|[wisher] Ditto\n|-damage|p1a: Corviknight|79\/100 brn|[from] brn\n|upkeep\n|turn|346\n|l| Diegogris\n|\n|t:|1699887344\n|switch|p1a: Toxapex|Toxapex, F|89\/100\n|switch|p2a: Alomomola|Alomomola, M|100\/100\n|\n|upkeep\n|turn|347\n|\n|t:|1699887349\n|switch|p2a: Clefable|Clefable, F, tera:Ghost|81\/100 brn\n|switch|p1a: Ditto|Ditto|100\/100\n|-transform|p1a: Ditto|p2a: Clefable|[from] ability: Imposter\n|\n|upkeep\n|turn|348\n|inactive|swellow is stronk has 120 seconds left.\n|\n|t:|1699887358\n|switch|p2a: Clodsire|Clodsire, F|86\/100 brn\n|move|p1a: Ditto|Wish|p1a: Ditto\n|\n|-damage|p2a: Clodsire|80\/100 brn|[from] brn\n|upkeep\n|turn|349\n|\n|t:|1699887361\n|switch|p1a: Corviknight|Corviknight, F|79\/100 brn\n|-ability|p1a: Corviknight|Pressure\n|move|p2a: Clodsire|Spikes|p1a: Corviknight\n|-sidestart|p1: TOMYC|Spikes\n|\n|-heal|p1a: Corviknight|100\/100 brn|[from] move: Wish|[wisher] Ditto\n|-damage|p1a: Corviknight|94\/100 brn|[from] brn\n|-damage|p2a: Clodsire|74\/100 brn|[from] brn\n|upkeep\n|turn|350\n|\n|t:|1699887367\n|switch|p1a: Toxapex|Toxapex, F|100\/100\n|-damage|p1a: Toxapex|88\/100|[from] Spikes\n|switch|p2a: Alomomola|Alomomola, M|100\/100\n|\n|upkeep\n|turn|351\n|\n|t:|1699887370\n|switch|p2a: Clefable|Clefable, F, tera:Ghost|81\/100 brn\n|switch|p1a: Ditto|Ditto|100\/100\n|-damage|p1a: Ditto|88\/100|[from] Spikes\n|-transform|p1a: Ditto|p2a: Clefable|[from] ability: Imposter\n|\n|upkeep\n|turn|352\n|\n|t:|1699887375\n|switch|p2a: Clodsire|Clodsire, F|74\/100 brn\n|move|p1a: Ditto|Knock Off|p2a: Clodsire\n|-damage|p2a: Clodsire|64\/100 brn\n|\n|-damage|p2a: Clodsire|58\/100 brn|[from] brn\n|upkeep\n|turn|353\n|\n|t:|1699887379\n|switch|p1a: Corviknight|Corviknight, F|94\/100 brn\n|-ability|p1a: Corviknight|Pressure\n|switch|p2a: Clefable|Clefable, F, tera:Ghost|81\/100 brn\n|\n|-damage|p1a: Corviknight|88\/100 brn|[from] brn\n|upkeep\n|turn|354\n|\n|t:|1699887385\n|switch|p1a: Ditto|Ditto|88\/100\n|-damage|p1a: Ditto|76\/100|[from] Spikes\n|-transform|p1a: Ditto|p2a: Clefable|[from] ability: Imposter\n|switch|p2a: Blissey|Blissey, F|90\/100\n|\n|upkeep\n|turn|355\n|\n|t:|1699887390\n|switch|p2a: Clefable|Clefable, F, tera:Ghost|81\/100 brn\n|move|p1a: Ditto|Wish|p1a: Ditto\n|\n|upkeep\n|turn|356\n|\n|t:|1699887393\n|move|p1a: Ditto|Protect|p1a: Ditto\n|-singleturn|p1a: Ditto|Protect\n|move|p2a: Clefable|Wish|p2a: Clefable\n|\n|-heal|p1a: Ditto|100\/100|[from] move: Wish|[wisher] Ditto\n|upkeep\n|turn|357\n|\n|t:|1699887395\n|switch|p2a: Clodsire|Clodsire, F|58\/100 brn\n|move|p1a: Ditto|Knock Off|p2a: Clodsire\n|-damage|p2a: Clodsire|46\/100 brn\n|\n|-heal|p2a: Clodsire|89\/100 brn|[from] move: Wish|[wisher] Clefable\n|-damage|p2a: Clodsire|83\/100 brn|[from] brn\n|upkeep\n|turn|358\n|\n|t:|1699887405\n|move|p1a: Ditto|Knock Off|p2a: Clodsire\n|-damage|p2a: Clodsire|72\/100 brn\n|move|p2a: Clodsire|Poison Jab|p1a: Ditto\n|-supereffective|p1a: Ditto\n|-damage|p1a: Ditto|77\/100\n|\n|-damage|p2a: Clodsire|66\/100 brn|[from] brn\n|upkeep\n|turn|359\n|\n|t:|1699887414\n|switch|p2a: Clefable|Clefable, F, tera:Ghost|81\/100 brn\n|move|p1a: Ditto|Wish|p1a: Ditto\n|\n|upkeep\n|turn|360\n|\n|t:|1699887428\n|switch|p2a: Blissey|Blissey, F|90\/100\n|move|p1a: Ditto|Knock Off|p2a: Blissey\n|-damage|p2a: Blissey|58\/100\n|-enditem|p2a: Blissey|Heavy-Duty Boots|[from] move: Knock Off|[of] p1a: Ditto\n|\n|-heal|p1a: Ditto|100\/100|[from] move: Wish|[wisher] Ditto\n|upkeep\n|turn|361\n|\n|t:|1699887433\n|move|p1a: Ditto|Knock Off|p2a: Blissey\n|-damage|p2a: Blissey|37\/100\n|move|p2a: Blissey|Soft-Boiled|p2a: Blissey\n|-heal|p2a: Blissey|87\/100\n|\n|upkeep\n|turn|362\n|\n|t:|1699887440\n|move|p1a: Ditto|Wish|p1a: Ditto\n|move|p2a: Blissey|Stealth Rock|p1a: Ditto\n|-sidestart|p1: TOMYC|move: Stealth Rock\n|\n|upkeep\n|turn|363\n|\n|t:|1699887446\n|switch|p1a: Corviknight|Corviknight, F|88\/100 brn\n|-damage|p1a: Corviknight|76\/100 brn|[from] Stealth Rock\n|-ability|p1a: Corviknight|Pressure\n|switch|p2a: Clefable|Clefable, F, tera:Ghost|81\/100 brn\n|\n|-heal|p1a: Corviknight|100\/100 brn|[from] move: Wish|[wisher] Ditto\n|-damage|p1a: Corviknight|94\/100 brn|[from] brn\n|upkeep\n|turn|364\n|\n|t:|1699887449\n|move|p1a: Corviknight|Defog|p2a: Clefable\n|-unboost|p2a: Clefable|evasion|1\n|-sideend|p1: TOMYC|Spikes|[from] move: Defog|[of] p1a: Corviknight\n|-sideend|p1: TOMYC|Stealth Rock|[from] move: Defog|[of] p1a: Corviknight\n|move|p2a: Clefable|Wish|p2a: Clefable\n|\n|-damage|p1a: Corviknight|88\/100 brn|[from] brn\n|upkeep\n|turn|365\n|\n|t:|1699887453\n|switch|p1a: Toxapex|Toxapex, F|100\/100\n|switch|p2a: Clodsire|Clodsire, F|66\/100 brn\n|\n|-heal|p2a: Clodsire|100\/100 brn|[from] move: Wish|[wisher] Clefable\n|-damage|p2a: Clodsire|94\/100 brn|[from] brn\n|upkeep\n|turn|366\n|\n|t:|1699887463\n|switch|p1a: Corviknight|Corviknight, F|88\/100 brn\n|-ability|p1a: Corviknight|Pressure\n|switch|p2a: Alomomola|Alomomola, M|100\/100\n|\n|-damage|p1a: Corviknight|82\/100 brn|[from] brn\n|upkeep\n|turn|367\n|\n|t:|1699887469\n|switch|p2a: Blissey|Blissey, F|87\/100\n|move|p1a: Corviknight|Body Press|p2a: Blissey\n|-supereffective|p2a: Blissey\n|-damage|p2a: Blissey|33\/100\n|\n|-damage|p1a: Corviknight|76\/100 brn|[from] brn\n|upkeep\n|turn|368\n|\n|t:|1699887475\n|switch|p2a: Alomomola|Alomomola, M|100\/100\n|move|p1a: Corviknight|Body Press|p2a: Alomomola\n|-damage|p2a: Alomomola|93\/100\n|\n|-damage|p1a: Corviknight|70\/100 brn|[from] brn\n|upkeep\n|turn|369\n|\n|t:|1699887481\n|switch|p1a: Toxapex|Toxapex, F|100\/100\n|move|p2a: Alomomola|Wish|p2a: Alomomola\n|\n|upkeep\n|turn|370\n|\n|t:|1699887487\n|switch|p1a: Kommo-o|Kommo-o, F, tera:Fire|100\/100\n|move|p2a: Alomomola|Flip Turn|p1a: Kommo-o\n|-supereffective|p1a: Kommo-o\n|-damage|p1a: Kommo-o|68\/100\n|\n|t:|1699887489\n|switch|p2a: Blissey|Blissey, F|33\/100|[from] Flip Turn\n|\n|-heal|p2a: Blissey|66\/100|[from] move: Wish|[wisher] Alomomola\n|-heal|p1a: Kommo-o|74\/100|[from] item: Leftovers\n|upkeep\n|turn|371\n|\n|t:|1699887497\n|switch|p2a: Alomomola|Alomomola, M|100\/100\n|move|p1a: Kommo-o|Drain Punch|p2a: Alomomola\n|-damage|p2a: Alomomola|85\/100\n|-heal|p1a: Kommo-o|87\/100|[from] drain|[of] p2a: Alomomola\n|\n|-heal|p1a: Kommo-o|93\/100|[from] item: Leftovers\n|upkeep\n|turn|372\n|\n|t:|1699887503\n|move|p1a: Kommo-o|Clangorous Soul|p1a: Kommo-o\n|-boost|p1a: Kommo-o|atk|1\n|-boost|p1a: Kommo-o|def|1\n|-boost|p1a: Kommo-o|spa|1\n|-boost|p1a: Kommo-o|spd|1\n|-boost|p1a: Kommo-o|spe|1\n|-damage|p1a: Kommo-o|60\/100\n|move|p2a: Alomomola|Flip Turn|p1a: Kommo-o\n|-supereffective|p1a: Kommo-o\n|-damage|p1a: Kommo-o|39\/100\n|\n|t:|1699887513\n|switch|p2a: Clodsire|Clodsire, F|94\/100 brn|[from] Flip Turn\n|\n|-heal|p1a: Kommo-o|45\/100|[from] item: Leftovers\n|-damage|p2a: Clodsire|88\/100 brn|[from] brn\n|upkeep\n|turn|373\n|\n|t:|1699887522\n|switch|p1a: Toxapex|Toxapex, F|100\/100\n|move|p2a: Clodsire|Poison Jab|p1a: Toxapex\n|-resisted|p1a: Toxapex\n|-damage|p1a: Toxapex|96\/100\n|\n|-damage|p2a: Clodsire|82\/100 brn|[from] brn\n|upkeep\n|turn|374\n|\n|t:|1699887527\n|switch|p2a: Clefable|Clefable, F, tera:Ghost|81\/100 brn\n|move|p1a: Toxapex|Infestation|p2a: Clefable\n|-resisted|p2a: Clefable\n|-damage|p2a: Clefable|79\/100 brn\n|-activate|p2a: Clefable|move: Infestation|[of] p1a: Toxapex\n|\n|upkeep\n|turn|375\n|\n|t:|1699887531\n|switch|p2a: Blissey|Blissey, F|66\/100\n|switch|p1a: Ditto|Ditto|100\/100\n|-transform|p1a: Ditto|p2a: Blissey|[from] ability: Imposter\n|\n|upkeep\n|turn|376\n|\n|t:|1699887536\n|move|p1a: Ditto|Stealth Rock|p2a: Blissey\n|-sidestart|p2: swellow is stronk|move: Stealth Rock\n|move|p2a: Blissey|Stealth Rock|p1a: Ditto\n|-sidestart|p1: TOMYC|move: Stealth Rock\n|\n|upkeep\n|turn|377\n|\n|t:|1699887540\n|switch|p2a: Alomomola|Alomomola, M|100\/100\n|move|p1a: Ditto|Seismic Toss|p2a: Alomomola\n|-damage|p2a: Alomomola|80\/100\n|\n|upkeep\n|turn|378\n|\n|t:|1699887545\n|switch|p2a: Clefable|Clefable, F, tera:Ghost|79\/100 brn\n|move|p1a: Ditto|Seismic Toss|p2a: Clefable\n|-immune|p2a: Clefable\n|\n|upkeep\n|turn|379\n|\n|t:|1699887552\n|switch|p1a: Corviknight|Corviknight, F|70\/100 brn\n|-damage|p1a: Corviknight|58\/100 brn|[from] Stealth Rock\n|-ability|p1a: Corviknight|Pressure\n|move|p2a: Clefable|Knock Off|p1a: Corviknight\n|-damage|p1a: Corviknight|55\/100 brn\n|\n|-damage|p1a: Corviknight|49\/100 brn|[from] brn\n|upkeep\n|turn|380\n|\n|t:|1699887562\n|switch|p1a: Ditto|Ditto|100\/100\n|-damage|p1a: Ditto|88\/100|[from] Stealth Rock\n|-transform|p1a: Ditto|p2a: Clefable|[from] ability: Imposter\n|move|p2a: Clefable|Wish|p2a: Clefable\n|\n|upkeep\n|turn|381\n|\n|t:|1699887565\n|switch|p2a: Clodsire|Clodsire, F|82\/100 brn\n|-damage|p2a: Clodsire|76\/100 brn|[from] Stealth Rock\n|move|p1a: Ditto|Wish|p1a: Ditto\n|\n|-heal|p2a: Clodsire|100\/100 brn|[from] move: Wish|[wisher] Clefable\n|-damage|p2a: Clodsire|94\/100 brn|[from] brn\n|upkeep\n|turn|382\n|\n|t:|1699887572\n|switch|p1a: Corviknight|Corviknight, F|49\/100 brn\n|-damage|p1a: Corviknight|37\/100 brn|[from] Stealth Rock\n|-ability|p1a: Corviknight|Pressure\n|move|p2a: Clodsire|Spikes|p1a: Corviknight\n|-sidestart|p1: TOMYC|Spikes\n|\n|-heal|p1a: Corviknight|75\/100 brn|[from] move: Wish|[wisher] Ditto\n|-damage|p1a: Corviknight|69\/100 brn|[from] brn\n|-damage|p2a: Clodsire|88\/100 brn|[from] brn\n|upkeep\n|turn|383\n|\n|t:|1699887579\n|switch|p2a: Alomomola|Alomomola, M|100\/100\n|move|p1a: Corviknight|Defog|p2a: Alomomola\n|-unboost|p2a: Alomomola|evasion|1\n|-sideend|p2: swellow is stronk|Stealth Rock|[from] move: Defog|[of] p1a: Corviknight\n|-sideend|p1: TOMYC|Spikes|[from] move: Defog|[of] p1a: Corviknight\n|-sideend|p1: TOMYC|Stealth Rock|[from] move: Defog|[of] p1a: Corviknight\n|\n|-damage|p1a: Corviknight|63\/100 brn|[from] brn\n|upkeep\n|turn|384\n|\n|t:|1699887587\n|switch|p1a: Ditto|Ditto|88\/100\n|-transform|p1a: Ditto|p2a: Alomomola|[from] ability: Imposter\n|move|p2a: Alomomola|Flip Turn|p1a: Ditto\n|-resisted|p1a: Ditto\n|-damage|p1a: Ditto|80\/100\n|\n|t:|1699887590\n|switch|p2a: Blissey|Blissey, F|66\/100|[from] Flip Turn\n|\n|upkeep\n|turn|385\n|\n|t:|1699887599\n|move|p2a: Blissey|Stealth Rock|p1a: Ditto\n|-sidestart|p1: TOMYC|move: Stealth Rock\n|move|p1a: Ditto|Wish|p1a: Ditto\n|\n|upkeep\n|turn|386\n|\n|t:|1699887603\n|switch|p2a: Alomomola|Alomomola, M|100\/100\n|move|p1a: Ditto|Flip Turn|p2a: Alomomola\n|-resisted|p2a: Alomomola\n|-damage|p2a: Alomomola|95\/100\n|\n|t:|1699887605\n|switch|p1a: Kommo-o|Kommo-o, F, tera:Fire|45\/100|[from] Flip Turn\n|-damage|p1a: Kommo-o|20\/100|[from] Stealth Rock\n|\n|-heal|p1a: Kommo-o|72\/100|[from] move: Wish|[wisher] Ditto\n|-heal|p1a: Kommo-o|78\/100|[from] item: Leftovers\n|upkeep\n|turn|387\n|\n|t:|1699887614\n|switch|p1a: Toxapex|Toxapex, F|100\/100\n|-damage|p1a: Toxapex|88\/100|[from] Stealth Rock\n|move|p2a: Alomomola|Flip Turn|p1a: Toxapex\n|-resisted|p1a: Toxapex\n|-damage|p1a: Toxapex|82\/100\n|\n|t:|1699887618\n|switch|p2a: Blissey|Blissey, F|66\/100|[from] Flip Turn\n|\n|upkeep\n|turn|388\n|\n|t:|1699887623\n|switch|p2a: Alomomola|Alomomola, M|100\/100\n|move|p1a: Toxapex|Infestation|p2a: Alomomola\n|-damage|p2a: Alomomola|96\/100\n|-activate|p2a: Alomomola|move: Infestation|[of] p1a: Toxapex\n|\n|-damage|p2a: Alomomola|84\/100|[from] move: Infestation|[partiallytrapped]\n|upkeep\n|turn|389\n|\n|t:|1699887628\n|switch|p1a: Ditto|Ditto|100\/100\n|-damage|p1a: Ditto|88\/100|[from] Stealth Rock\n|-transform|p1a: Ditto|p2a: Alomomola|[from] ability: Imposter\n|move|p2a: Alomomola|Flip Turn|p1a: Ditto\n|-resisted|p1a: Ditto\n|-damage|p1a: Ditto|80\/100\n|\n|t:|1699887634\n|switch|p2a: Clodsire|Clodsire, F|88\/100 brn|[from] Flip Turn\n|\n|-damage|p2a: Clodsire|82\/100 brn|[from] brn\n|upkeep\n|turn|390\n|\n|t:|1699887640\n|switch|p2a: Alomomola|Alomomola, M|100\/100\n|move|p1a: Ditto|Wish|p1a: Ditto\n|\n|upkeep\n|turn|391\n|\n|t:|1699887646\n|switch|p2a: Dondozo|Dondozo, F|58\/100 slp\n|move|p1a: Ditto|Protect||[still]\n|-fail|p1a: Ditto\n|\n|-heal|p1a: Ditto|100\/100|[from] move: Wish|[wisher] Ditto\n|upkeep\n|turn|392\n|\n|t:|1699887650\n|switch|p2a: Alomomola|Alomomola, M|100\/100\n|move|p1a: Ditto|Wish|p1a: Ditto\n|\n|upkeep\n|turn|393\n|\n|t:|1699887654\n|switch|p2a: Dondozo|Dondozo, F|58\/100 slp\n|switch|p1a: Corviknight|Corviknight, F|63\/100 brn\n|-damage|p1a: Corviknight|50\/100 brn|[from] Stealth Rock\n|-ability|p1a: Corviknight|Pressure\n|\n|-heal|p1a: Corviknight|88\/100 brn|[from] move: Wish|[wisher] Ditto\n|-damage|p1a: Corviknight|82\/100 brn|[from] brn\n|upkeep\n|turn|394\n|\n|t:|1699887663\n|switch|p2a: Alomomola|Alomomola, M|100\/100\n|move|p1a: Corviknight|Brave Bird|p2a: Alomomola\n|-damage|p2a: Alomomola|90\/100\n|-damage|p1a: Corviknight|78\/100 brn|[from] Recoil\n|\n|-damage|p1a: Corviknight|72\/100 brn|[from] brn\n|upkeep\n|turn|395\n|\n|t:|1699887668\n|switch|p1a: Ditto|Ditto|100\/100\n|-damage|p1a: Ditto|88\/100|[from] Stealth Rock\n|-transform|p1a: Ditto|p2a: Alomomola|[from] ability: Imposter\n|switch|p2a: Dondozo|Dondozo, F|58\/100 slp\n|\n|upkeep\n|turn|396\n|\n|t:|1699887672\n|switch|p2a: Alomomola|Alomomola, M|100\/100\n|move|p1a: Ditto|Wish|p1a: Ditto\n|\n|upkeep\n|turn|397\n|\n|t:|1699887674\n|switch|p2a: Dondozo|Dondozo, F|58\/100 slp\n|switch|p1a: Corviknight|Corviknight, F|72\/100 brn\n|-damage|p1a: Corviknight|59\/100 brn|[from] Stealth Rock\n|-ability|p1a: Corviknight|Pressure\n|\n|-heal|p1a: Corviknight|97\/100 brn|[from] move: Wish|[wisher] Ditto\n|-damage|p1a: Corviknight|91\/100 brn|[from] brn\n|upkeep\n|turn|398\n|\n|t:|1699887679\n|switch|p1a: Toxapex|Toxapex, F|100\/100\n|-damage|p1a: Toxapex|88\/100|[from] Stealth Rock\n|switch|p2a: Alomomola|Alomomola, M|100\/100\n|\n|upkeep\n|turn|399\n|\n|t:|1699887682\n|switch|p2a: Dondozo|Dondozo, F|58\/100 slp\n|switch|p1a: Ditto|Ditto|100\/100\n|-damage|p1a: Ditto|88\/100|[from] Stealth Rock\n|-transform|p1a: Ditto|p2a: Dondozo|[from] ability: Imposter\n|\n|upkeep\n|turn|400\n|\n|t:|1699887688\n|switch|p2a: Alomomola|Alomomola, M|100\/100\n|move|p1a: Ditto|Body Press|p2a: Alomomola\n|-damage|p2a: Alomomola|85\/100\n|\n|upkeep\n|turn|401\n|\n|t:|1699887694\n|move|p2a: Alomomola|Protect|p2a: Alomomola\n|-singleturn|p2a: Alomomola|Protect\n|move|p1a: Ditto|Body Press|p2a: Alomomola\n|-activate|p2a: Alomomola|move: Protect\n|\n|upkeep\n|turn|402\n|\n|t:|1699887698\n|switch|p2a: Dondozo|Dondozo, F|58\/100 slp\n|move|p1a: Ditto|Body Press|p2a: Dondozo\n|-damage|p2a: Dondozo|44\/100 slp\n|\n|upkeep\n|turn|403\n|\n|t:|1699887703\n|move|p1a: Ditto|Body Press|p2a: Dondozo\n|-damage|p2a: Dondozo|32\/100 slp\n|-curestatus|p2a: Dondozo|slp|[msg]\n|move|p2a: Dondozo|Rest|p2a: Dondozo\n|-status|p2a: Dondozo|slp|[from] move: Rest\n|-heal|p2a: Dondozo|100\/100 slp|[silent]\n|\n|upkeep\n|turn|404\n|\n|t:|1699887715\n|switch|p1a: Toxapex|Toxapex, F|100\/100\n|-damage|p1a: Toxapex|88\/100|[from] Stealth Rock\n|cant|p2a: Dondozo|slp\n|\n|upkeep\n|turn|405\n|\n|t:|1699887718\n|switch|p2a: Clefable|Clefable, F, tera:Ghost|79\/100 brn\n|move|p1a: Toxapex|Infestation|p2a: Clefable\n|-resisted|p2a: Clefable\n|-damage|p2a: Clefable|77\/100 brn\n|-activate|p2a: Clefable|move: Infestation|[of] p1a: Toxapex\n|\n|upkeep\n|turn|406\n|\n|t:|1699887723\n|switch|p2a: Alomomola|Alomomola, M|100\/100\n|switch|p1a: Ditto|Ditto|88\/100\n|-damage|p1a: Ditto|76\/100|[from] Stealth Rock\n|-transform|p1a: Ditto|p2a: Alomomola|[from] ability: Imposter\n|\n|upkeep\n|turn|407\n|\n|t:|1699887727\n|switch|p2a: Dondozo|Dondozo, F|100\/100 slp\n|move|p1a: Ditto|Wish|p1a: Ditto\n|\n|upkeep\n|turn|408\n|\n|t:|1699887733\n|switch|p1a: Corviknight|Corviknight, F|91\/100 brn\n|-damage|p1a: Corviknight|79\/100 brn|[from] Stealth Rock\n|-ability|p1a: Corviknight|Pressure\n|switch|p2a: Alomomola|Alomomola, M|100\/100\n|\n|-heal|p1a: Corviknight|100\/100 brn|[from] move: Wish|[wisher] Ditto\n|-damage|p1a: Corviknight|94\/100 brn|[from] brn\n|upkeep\n|turn|409\n|\n|t:|1699887736\n|switch|p1a: Ditto|Ditto|100\/100\n|-damage|p1a: Ditto|88\/100|[from] Stealth Rock\n|-transform|p1a: Ditto|p2a: Alomomola|[from] ability: Imposter\n|switch|p2a: Clodsire|Clodsire, F|82\/100 brn\n|\n|-damage|p2a: Clodsire|76\/100 brn|[from] brn\n|upkeep\n|turn|410\n|\n|t:|1699887741\n|switch|p2a: Alomomola|Alomomola, M|100\/100\n|move|p1a: Ditto|Scald|p2a: Alomomola\n|-resisted|p2a: Alomomola\n|-damage|p2a: Alomomola|94\/100\n|\n|upkeep\n|turn|411\n|\n|t:|1699887745\n|switch|p2a: Dondozo|Dondozo, F|100\/100 slp\n|move|p1a: Ditto|Wish|p1a: Ditto\n|\n|upkeep\n|turn|412\n|\n|t:|1699887748\n|switch|p1a: Toxapex|Toxapex, F|100\/100\n|-damage|p1a: Toxapex|88\/100|[from] Stealth Rock\n|switch|p2a: Alomomola|Alomomola, M|100\/100\n|\n|-heal|p1a: Toxapex|100\/100|[from] move: Wish|[wisher] Ditto\n|upkeep\n|turn|413\n|\n|t:|1699887753\n|switch|p2a: Clefable|Clefable, F, tera:Ghost|77\/100 brn\n|move|p1a: Toxapex|Infestation|p2a: Clefable\n|-resisted|p2a: Clefable\n|-damage|p2a: Clefable|75\/100 brn\n|-activate|p2a: Clefable|move: Infestation|[of] p1a: Toxapex\n|\n|upkeep\n|turn|414\n|\n|t:|1699887757\n|switch|p2a: Alomomola|Alomomola, M|100\/100\n|switch|p1a: Corviknight|Corviknight, F|94\/100 brn\n|-damage|p1a: Corviknight|82\/100 brn|[from] Stealth Rock\n|-ability|p1a: Corviknight|Pressure\n|\n|-damage|p1a: Corviknight|76\/100 brn|[from] brn\n|upkeep\n|turn|415\n|\n|t:|1699887761\n|switch|p1a: Ditto|Ditto|100\/100\n|-damage|p1a: Ditto|88\/100|[from] Stealth Rock\n|-transform|p1a: Ditto|p2a: Alomomola|[from] ability: Imposter\n|switch|p2a: Dondozo|Dondozo, F|100\/100 slp\n|\n|upkeep\n|turn|416\n|\n|t:|1699887765\n|switch|p2a: Alomomola|Alomomola, M|100\/100\n|move|p1a: Ditto|Wish|p1a: Ditto\n|\n|upkeep\n|turn|417\n|j| enrage warrior hs\n|\n|t:|1699887782\n|switch|p2a: Dondozo|Dondozo, F|100\/100 slp\n|switch|p1a: Corviknight|Corviknight, F|76\/100 brn\n|-damage|p1a: Corviknight|64\/100 brn|[from] Stealth Rock\n|-ability|p1a: Corviknight|Pressure\n|\n|-heal|p1a: Corviknight|100\/100 brn|[from] move: Wish|[wisher] Ditto\n|-damage|p1a: Corviknight|94\/100 brn|[from] brn\n|upkeep\n|turn|418\n|\n|t:|1699887786\n|switch|p1a: Ditto|Ditto|100\/100\n|-damage|p1a: Ditto|88\/100|[from] Stealth Rock\n|-transform|p1a: Ditto|p2a: Dondozo|[from] ability: Imposter\n|switch|p2a: Alomomola|Alomomola, M|100\/100\n|\n|upkeep\n|turn|419\n|c| enrage warrior hs|oh god\n|\n|t:|1699887790\n|switch|p2a: Dondozo|Dondozo, F|100\/100 slp\n|move|p1a: Ditto|Waterfall|p2a: Dondozo\n|-resisted|p2a: Dondozo\n|-damage|p2a: Dondozo|95\/100 slp\n|\n|upkeep\n|turn|420\n|c| enrage warrior hs|sleeper agents of big stall\n|\n|t:|1699887795\n|switch|p2a: Alomomola|Alomomola, M|100\/100\n|move|p1a: Ditto|Waterfall|p2a: Alomomola\n|-resisted|p2a: Alomomola\n|-damage|p2a: Alomomola|92\/100\n|\n|upkeep\n|turn|421\n|\n|t:|1699887802\n|switch|p2a: Dondozo|Dondozo, F|95\/100 slp\n|move|p1a: Ditto|Body Press|p2a: Dondozo\n|-damage|p2a: Dondozo|83\/100 slp\n|\n|upkeep\n|turn|422\n|c| cheese miestro|lol\n|\n|t:|1699887807\n|switch|p2a: Alomomola|Alomomola, M|100\/100\n|switch|p1a: Corviknight|Corviknight, F|94\/100 brn\n|-damage|p1a: Corviknight|82\/100 brn|[from] Stealth Rock\n|-ability|p1a: Corviknight|Pressure\n|\n|-damage|p1a: Corviknight|76\/100 brn|[from] brn\n|upkeep\n|turn|423\n|\n|t:|1699887812\n|switch|p1a: Ditto|Ditto|88\/100\n|-damage|p1a: Ditto|76\/100|[from] Stealth Rock\n|-transform|p1a: Ditto|p2a: Alomomola|[from] ability: Imposter\n|switch|p2a: Clodsire|Clodsire, F|76\/100 brn\n|\n|-damage|p2a: Clodsire|70\/100 brn|[from] brn\n|upkeep\n|turn|424\n|\n|t:|1699887818\n|switch|p2a: Alomomola|Alomomola, M|100\/100\n|move|p1a: Ditto|Wish|p1a: Ditto\n|\n|upkeep\n|turn|425\n|\n|t:|1699887823\n|switch|p2a: Dondozo|Dondozo, F|83\/100 slp\n|switch|p1a: Kommo-o|Kommo-o, F, tera:Fire|78\/100\n|-damage|p1a: Kommo-o|53\/100|[from] Stealth Rock\n|\n|-heal|p1a: Kommo-o|100\/100|[from] move: Wish|[wisher] Ditto\n|upkeep\n|turn|426\n|\n|t:|1699887831\n|switch|p1a: Toxapex|Toxapex, F|100\/100\n|-damage|p1a: Toxapex|88\/100|[from] Stealth Rock\n|cant|p2a: Dondozo|slp\n|move|p2a: Dondozo|Sleep Talk|p2a: Dondozo\n|move|p2a: Dondozo|Rest||[from]move: Sleep Talk|[still]\n|-fail|p2a: Dondozo\n|\n|upkeep\n|turn|427\n|\n|t:|1699887835\n|switch|p2a: Clefable|Clefable, F, tera:Ghost|75\/100 brn\n|move|p1a: Toxapex|Infestation|p2a: Clefable\n|-resisted|p2a: Clefable\n|-damage|p2a: Clefable|73\/100 brn\n|-activate|p2a: Clefable|move: Infestation|[of] p1a: Toxapex\n|\n|upkeep\n|turn|428\n|\n|t:|1699887842\n|switch|p2a: Alomomola|Alomomola, M|100\/100\n|switch|p1a: Ditto|Ditto|100\/100\n|-damage|p1a: Ditto|88\/100|[from] Stealth Rock\n|-transform|p1a: Ditto|p2a: Alomomola|[from] ability: Imposter\n|\n|upkeep\n|turn|429\n|\n|t:|1699887846\n|switch|p2a: Dondozo|Dondozo, F|83\/100 slp\n|move|p1a: Ditto|Wish|p1a: Ditto\n|\n|upkeep\n|turn|430\n|\n|t:|1699887855\n|switch|p2a: Alomomola|Alomomola, M|100\/100\n|move|p1a: Ditto|Protect||[still]\n|-fail|p1a: Ditto\n|\n|-heal|p1a: Ditto|100\/100|[from] move: Wish|[wisher] Ditto\n|upkeep\n|turn|431\n|\n|t:|1699887858\n|switch|p2a: Dondozo|Dondozo, F|83\/100 slp\n|move|p1a: Ditto|Wish|p1a: Ditto\n|\n|upkeep\n|turn|432\n|\n|t:|1699887862\n|switch|p1a: Corviknight|Corviknight, F|76\/100 brn\n|-damage|p1a: Corviknight|64\/100 brn|[from] Stealth Rock\n|-ability|p1a: Corviknight|Pressure\n|switch|p2a: Alomomola|Alomomola, M|100\/100\n|\n|-heal|p1a: Corviknight|100\/100 brn|[from] move: Wish|[wisher] Ditto\n|-damage|p1a: Corviknight|94\/100 brn|[from] brn\n|upkeep\n|turn|433\n|\n|t:|1699887868\n|switch|p1a: Toxapex|Toxapex, F|100\/100\n|-damage|p1a: Toxapex|88\/100|[from] Stealth Rock\n|switch|p2a: Dondozo|Dondozo, F|83\/100 slp\n|\n|upkeep\n|turn|434\n|\n|t:|1699887874\n|switch|p1a: Ditto|Ditto|100\/100\n|-damage|p1a: Ditto|88\/100|[from] Stealth Rock\n|-transform|p1a: Ditto|p2a: Dondozo|[from] ability: Imposter\n|switch|p2a: Alomomola|Alomomola, M|100\/100\n|\n|upkeep\n|turn|435\n|\n|t:|1699887879\n|switch|p2a: Dondozo|Dondozo, F|83\/100 slp\n|move|p1a: Ditto|Waterfall|p2a: Dondozo\n|-resisted|p2a: Dondozo\n|-damage|p2a: Dondozo|76\/100 slp\n|\n|upkeep\n|turn|436\n|\n|t:|1699887884\n|switch|p2a: Alomomola|Alomomola, M|100\/100\n|move|p1a: Ditto|Body Press|p2a: Alomomola\n|-damage|p2a: Alomomola|84\/100\n|\n|upkeep\n|turn|437\n|\n|t:|1699887888\n|switch|p2a: Dondozo|Dondozo, F|76\/100 slp\n|move|p1a: Ditto|Body Press|p2a: Dondozo\n|-damage|p2a: Dondozo|64\/100 slp\n|\n|upkeep\n|turn|438\n|\n|t:|1699887890\n|switch|p2a: Alomomola|Alomomola, M|100\/100\n|move|p1a: Ditto|Waterfall|p2a: Alomomola\n|-resisted|p2a: Alomomola\n|-damage|p2a: Alomomola|92\/100\n|\n|upkeep\n|turn|439\n|\n|t:|1699887900\n|switch|p2a: Dondozo|Dondozo, F|64\/100 slp\n|move|p1a: Ditto|Body Press|p2a: Dondozo\n|-damage|p2a: Dondozo|51\/100 slp\n|\n|upkeep\n|turn|440\n|\n|t:|1699887905\n|switch|p1a: Toxapex|Toxapex, F|100\/100\n|-damage|p1a: Toxapex|88\/100|[from] Stealth Rock\n|-curestatus|p2a: Dondozo|slp|[msg]\n|move|p2a: Dondozo|Sleep Talk||[still]\n|-fail|p2a: Dondozo\n|\n|upkeep\n|turn|441\n|\n|t:|1699887911\n|switch|p2a: Alomomola|Alomomola, M|100\/100\n|move|p1a: Toxapex|Acid Spray|p2a: Alomomola\n|-damage|p2a: Alomomola|89\/100\n|-unboost|p2a: Alomomola|spd|2\n|\n|upkeep\n|turn|442\n|\n|t:|1699887919\n|switch|p2a: Clefable|Clefable, F, tera:Ghost|73\/100 brn\n|switch|p1a: Ditto|Ditto|88\/100\n|-damage|p1a: Ditto|76\/100|[from] Stealth Rock\n|-transform|p1a: Ditto|p2a: Clefable|[from] ability: Imposter\n|\n|upkeep\n|turn|443\n|\n|t:|1699887923\n|switch|p2a: Clodsire|Clodsire, F|70\/100 brn\n|move|p1a: Ditto|Knock Off|p2a: Clodsire\n|-crit|p2a: Clodsire\n|-damage|p2a: Clodsire|52\/100 brn\n|\n|-damage|p2a: Clodsire|46\/100 brn|[from] brn\n|upkeep\n|turn|444\n|\n|t:|1699887931\n|move|p1a: Ditto|Moonblast|p2a: Clodsire\n|-resisted|p2a: Clodsire\n|-damage|p2a: Clodsire|38\/100 brn\n|move|p2a: Clodsire|Recover|p2a: Clodsire\n|-heal|p2a: Clodsire|88\/100 brn\n|\n|-damage|p2a: Clodsire|82\/100 brn|[from] brn\n|upkeep\n|turn|445\n|\n|t:|1699887941\n|move|p1a: Ditto|Knock Off|p2a: Clodsire\n|-damage|p2a: Clodsire|71\/100 brn\n|move|p2a: Clodsire|Spikes|p1a: Ditto\n|-sidestart|p1: TOMYC|Spikes\n|\n|-damage|p2a: Clodsire|65\/100 brn|[from] brn\n|upkeep\n|turn|446\n|\n|t:|1699887947\n|switch|p2a: Clefable|Clefable, F, tera:Ghost|73\/100 brn\n|move|p1a: Ditto|Knock Off|p2a: Clefable\n|-supereffective|p2a: Clefable\n|-damage|p2a: Clefable|58\/100 brn\n|\n|upkeep\n|turn|447\n|\n|t:|1699887950\n|move|p1a: Ditto|Moonblast|p2a: Clefable\n|-crit|p2a: Clefable\n|-damage|p2a: Clefable|14\/100 brn\n|-unboost|p2a: Clefable|spa|1\n|move|p2a: Clefable|Wish|p2a: Clefable\n|\n|upkeep\n|turn|448\n|\n|t:|1699887959\n|move|p2a: Clefable|Protect|p2a: Clefable\n|-singleturn|p2a: Clefable|Protect\n|move|p1a: Ditto|Wish|p1a: Ditto\n|\n|-heal|p2a: Clefable|64\/100 brn|[from] move: Wish|[wisher] Clefable\n|upkeep\n|turn|449\n|\n|t:|1699887973\n|move|p1a: Ditto|Moonblast|p2a: Clefable\n|-damage|p2a: Clefable|37\/100 brn\n|move|p2a: Clefable|Wish|p2a: Clefable\n|\n|-heal|p1a: Ditto|100\/100|[from] move: Wish|[wisher] Ditto\n|upkeep\n|turn|450\n|\n|t:|1699887979\n|move|p2a: Clefable|Protect|p2a: Clefable\n|-singleturn|p2a: Clefable|Protect\n|move|p1a: Ditto|Moonblast|p2a: Clefable\n|-activate|p2a: Clefable|move: Protect\n|\n|-heal|p2a: Clefable|87\/100 brn|[from] move: Wish|[wisher] Clefable\n|upkeep\n|turn|451\n|\n|t:|1699887985\n|switch|p2a: Alomomola|Alomomola, M|100\/100\n|move|p1a: Ditto|Knock Off|p2a: Alomomola\n|-damage|p2a: Alomomola|92\/100\n|-enditem|p2a: Alomomola|Heavy-Duty Boots|[from] move: Knock Off|[of] p1a: Ditto\n|\n|upkeep\n|turn|452\n|\n|t:|1699887989\n|switch|p1a: Corviknight|Corviknight, F|94\/100 brn\n|-damage|p1a: Corviknight|82\/100 brn|[from] Stealth Rock\n|-ability|p1a: Corviknight|Pressure\n|switch|p2a: Clefable|Clefable, F, tera:Ghost|87\/100 brn\n|\n|-damage|p1a: Corviknight|76\/100 brn|[from] brn\n|upkeep\n|turn|453\n|\n|t:|1699887994\n|switch|p2a: Alomomola|Alomomola, M|100\/100\n|move|p1a: Corviknight|Defog|p2a: Alomomola\n|-unboost|p2a: Alomomola|evasion|1\n|-sideend|p1: TOMYC|Spikes|[from] move: Defog|[of] p1a: Corviknight\n|-sideend|p1: TOMYC|Stealth Rock|[from] move: Defog|[of] p1a: Corviknight\n|\n|-damage|p1a: Corviknight|70\/100 brn|[from] brn\n|upkeep\n|turn|454\n|\n|t:|1699887999\n|switch|p1a: Toxapex|Toxapex, F|100\/100\n|switch|p2a: Dondozo|Dondozo, F|51\/100\n|\n|upkeep\n|turn|455\n|\n|t:|1699888005\n|switch|p1a: Ditto|Ditto|100\/100\n|-transform|p1a: Ditto|p2a: Dondozo|[from] ability: Imposter\n|switch|p2a: Alomomola|Alomomola, M|100\/100\n|\n|upkeep\n|turn|456\n|\n|t:|1699888010\n|switch|p2a: Dondozo|Dondozo, F|51\/100\n|move|p1a: Ditto|Waterfall|p2a: Dondozo\n|-resisted|p2a: Dondozo\n|-damage|p2a: Dondozo|45\/100\n|\n|upkeep\n|turn|457\n|\n|t:|1699888014\n|switch|p2a: Alomomola|Alomomola, M|100\/100\n|move|p1a: Ditto|Body Press|p2a: Alomomola\n|-crit|p2a: Alomomola\n|-damage|p2a: Alomomola|77\/100\n|\n|upkeep\n|turn|458\n|\n|t:|1699888017\n|switch|p2a: Dondozo|Dondozo, F|45\/100\n|move|p1a: Ditto|Body Press|p2a: Dondozo\n|-damage|p2a: Dondozo|34\/100\n|\n|upkeep\n|turn|459\n|\n|t:|1699888023\n|switch|p1a: Corviknight|Corviknight, F|70\/100 brn\n|-ability|p1a: Corviknight|Pressure\n|move|p2a: Dondozo|Rest|p2a: Dondozo\n|-status|p2a: Dondozo|slp|[from] move: Rest\n|-heal|p2a: Dondozo|100\/100 slp|[silent]\n|\n|-damage|p1a: Corviknight|64\/100 brn|[from] brn\n|upkeep\n|turn|460\n|\n|t:|1699888028\n|switch|p1a: Ditto|Ditto|100\/100\n|-transform|p1a: Ditto|p2a: Dondozo|[from] ability: Imposter\n|switch|p2a: Alomomola|Alomomola, M|100\/100\n|\n|upkeep\n|turn|461\n|\n|t:|1699888033\n|switch|p2a: Dondozo|Dondozo, F|100\/100 slp\n|move|p1a: Ditto|Body Press|p2a: Dondozo\n|-damage|p2a: Dondozo|88\/100 slp\n|\n|upkeep\n|turn|462\n|\n|t:|1699888035\n|switch|p2a: Alomomola|Alomomola, M|100\/100\n|move|p1a: Ditto|Body Press|p2a: Alomomola\n|-damage|p2a: Alomomola|83\/100\n|\n|upkeep\n|turn|463\n|\n|t:|1699888040\n|switch|p2a: Dondozo|Dondozo, F|88\/100 slp\n|move|p1a: Ditto|Body Press|p2a: Dondozo\n|-crit|p2a: Dondozo\n|-damage|p2a: Dondozo|70\/100 slp\n|\n|upkeep\n|turn|464\n|\n|t:|1699888044\n|switch|p2a: Alomomola|Alomomola, M|100\/100\n|switch|p1a: Toxapex|Toxapex, F|100\/100\n|\n|upkeep\n|turn|465\n|\n|t:|1699888048\n|switch|p2a: Clefable|Clefable, F, tera:Ghost|87\/100 brn\n|switch|p1a: Ditto|Ditto|100\/100\n|-transform|p1a: Ditto|p2a: Clefable|[from] ability: Imposter\n|\n|upkeep\n|turn|466\n|\n|t:|1699888051\n|switch|p2a: Blissey|Blissey, F|66\/100\n|move|p1a: Ditto|Moonblast|p2a: Blissey\n|-damage|p2a: Blissey|57\/100\n|-unboost|p2a: Blissey|spa|1\n|\n|upkeep\n|turn|467\n|\n|t:|1699888055\n|move|p1a: Ditto|Knock Off|p2a: Blissey\n|-damage|p2a: Blissey|38\/100\n|move|p2a: Blissey|Soft-Boiled|p2a: Blissey\n|-heal|p2a: Blissey|88\/100\n|\n|upkeep\n|turn|468\n|\n|t:|1699888062\n|move|p1a: Ditto|Wish|p1a: Ditto\n|move|p2a: Blissey|Stealth Rock|p1a: Ditto\n|-sidestart|p1: TOMYC|move: Stealth Rock\n|\n|upkeep\n|turn|469\n|\n|t:|1699888069\n|switch|p1a: Corviknight|Corviknight, F|64\/100 brn\n|-damage|p1a: Corviknight|52\/100 brn|[from] Stealth Rock\n|-ability|p1a: Corviknight|Pressure\n|switch|p2a: Alomomola|Alomomola, M|100\/100\n|\n|-heal|p1a: Corviknight|89\/100 brn|[from] move: Wish|[wisher] Ditto\n|-damage|p1a: Corviknight|83\/100 brn|[from] brn\n|upkeep\n|turn|470\n|\n|t:|1699888073\n|switch|p1a: Toxapex|Toxapex, F|100\/100\n|-damage|p1a: Toxapex|88\/100|[from] Stealth Rock\n|move|p2a: Alomomola|Flip Turn|p1a: Toxapex\n|-resisted|p1a: Toxapex\n|-damage|p1a: Toxapex|82\/100\n|\n|t:|1699888077\n|switch|p2a: Clefable|Clefable, F, tera:Ghost|87\/100 brn|[from] Flip Turn\n|\n|upkeep\n|turn|471\n|\n|t:|1699888083\n|switch|p2a: Alomomola|Alomomola, M|100\/100\n|switch|p1a: Ditto|Ditto|100\/100\n|-damage|p1a: Ditto|88\/100|[from] Stealth Rock\n|-transform|p1a: Ditto|p2a: Alomomola|[from] ability: Imposter\n|\n|upkeep\n|turn|472\n|\n|t:|1699888093\n|switch|p2a: Dondozo|Dondozo, F|70\/100 slp\n|move|p1a: Ditto|Wish|p1a: Ditto\n|\n|upkeep\n|turn|473\n|\n|t:|1699888098\n|switch|p1a: Corviknight|Corviknight, F|83\/100 brn\n|-damage|p1a: Corviknight|71\/100 brn|[from] Stealth Rock\n|-ability|p1a: Corviknight|Pressure\n|switch|p2a: Alomomola|Alomomola, M|100\/100\n|\n|-heal|p1a: Corviknight|100\/100 brn|[from] move: Wish|[wisher] Ditto\n|-damage|p1a: Corviknight|94\/100 brn|[from] brn\n|upkeep\n|turn|474\n|\n|t:|1699888102\n|switch|p1a: Ditto|Ditto|100\/100\n|-damage|p1a: Ditto|88\/100|[from] Stealth Rock\n|-transform|p1a: Ditto|p2a: Alomomola|[from] ability: Imposter\n|switch|p2a: Clodsire|Clodsire, F|65\/100 brn\n|\n|-damage|p2a: Clodsire|59\/100 brn|[from] brn\n|upkeep\n|turn|475\n|\n|t:|1699888104\n|switch|p2a: Alomomola|Alomomola, M|100\/100\n|move|p1a: Ditto|Scald|p2a: Alomomola\n|-resisted|p2a: Alomomola\n|-damage|p2a: Alomomola|94\/100\n|-status|p2a: Alomomola|brn\n|\n|-damage|p2a: Alomomola|88\/100 brn|[from] brn\n|upkeep\n|turn|476\n|\n|t:|1699888110\n|move|p2a: Alomomola|Flip Turn|p1a: Ditto\n|-resisted|p1a: Ditto\n|-damage|p1a: Ditto|84\/100\n|\n|t:|1699888114\n|switch|p2a: Dondozo|Dondozo, F|70\/100 slp|[from] Flip Turn\n|move|p1a: Ditto|Wish|p1a: Ditto\n|\n|upkeep\n|turn|477\n|\n|t:|1699888120\n|switch|p1a: Corviknight|Corviknight, F|94\/100 brn\n|-damage|p1a: Corviknight|82\/100 brn|[from] Stealth Rock\n|-ability|p1a: Corviknight|Pressure\n|switch|p2a: Alomomola|Alomomola, M|100\/100 brn\n|\n|-heal|p1a: Corviknight|100\/100 brn|[from] move: Wish|[wisher] Ditto\n|-damage|p1a: Corviknight|94\/100 brn|[from] brn\n|-damage|p2a: Alomomola|94\/100 brn|[from] brn\n|upkeep\n|turn|478\n|\n|t:|1699888129\n|switch|p1a: Toxapex|Toxapex, F|100\/100\n|-damage|p1a: Toxapex|88\/100|[from] Stealth Rock\n|move|p2a: Alomomola|Wish|p2a: Alomomola\n|\n|-damage|p2a: Alomomola|88\/100 brn|[from] brn\n|upkeep\n|turn|479\n|\n|t:|1699888133\n|switch|p2a: Blissey|Blissey, F|88\/100\n|move|p1a: Toxapex|Acid Spray|p2a: Blissey\n|-damage|p2a: Blissey|84\/100\n|-unboost|p2a: Blissey|spd|2\n|\n|-heal|p2a: Blissey|100\/100|[from] move: Wish|[wisher] Alomomola\n|upkeep\n|turn|480\n|\n|t:|1699888137\n|switch|p2a: Clefable|Clefable, F, tera:Ghost|87\/100 brn\n|move|p1a: Toxapex|Infestation|p2a: Clefable\n|-resisted|p2a: Clefable\n|-damage|p2a: Clefable|85\/100 brn\n|-activate|p2a: Clefable|move: Infestation|[of] p1a: Toxapex\n|\n|upkeep\n|turn|481\n|\n|t:|1699888142\n|switch|p2a: Alomomola|Alomomola, M|100\/100 brn\n|switch|p1a: Ditto|Ditto|100\/100\n|-damage|p1a: Ditto|88\/100|[from] Stealth Rock\n|-transform|p1a: Ditto|p2a: Alomomola|[from] ability: Imposter\n|\n|-damage|p2a: Alomomola|94\/100 brn|[from] brn\n|upkeep\n|turn|482\n|\n|t:|1699888147\n|switch|p2a: Clodsire|Clodsire, F|59\/100 brn\n|move|p1a: Ditto|Wish|p1a: Ditto\n|\n|-damage|p2a: Clodsire|53\/100 brn|[from] brn\n|upkeep\n|turn|483\n|\n|t:|1699888152\n|switch|p2a: Dondozo|Dondozo, F|70\/100 slp\n|move|p1a: Ditto|Scald|p2a: Dondozo\n|-resisted|p2a: Dondozo\n|-damage|p2a: Dondozo|63\/100 slp\n|\n|-heal|p1a: Ditto|100\/100|[from] move: Wish|[wisher] Ditto\n|upkeep\n|turn|484\n|\n|t:|1699888160\n|switch|p1a: Toxapex|Toxapex, F|100\/100\n|-damage|p1a: Toxapex|88\/100|[from] Stealth Rock\n|switch|p2a: Alomomola|Alomomola, M|100\/100 brn\n|\n|-damage|p2a: Alomomola|94\/100 brn|[from] brn\n|upkeep\n|turn|485\n|\n|t:|1699888165\n|switch|p2a: Blissey|Blissey, F|100\/100\n|switch|p1a: Ditto|Ditto|100\/100\n|-damage|p1a: Ditto|88\/100|[from] Stealth Rock\n|-transform|p1a: Ditto|p2a: Blissey|[from] ability: Imposter\n|\n|upkeep\n|turn|486\n|\n|t:|1699888169\n|switch|p2a: Clodsire|Clodsire, F|53\/100 brn\n|move|p1a: Ditto|Stealth Rock|p2a: Clodsire\n|-sidestart|p2: swellow is stronk|move: Stealth Rock\n|\n|-damage|p2a: Clodsire|47\/100 brn|[from] brn\n|upkeep\n|turn|487\n|\n|t:|1699888175\n|switch|p1a: Toxapex|Toxapex, F|100\/100\n|-damage|p1a: Toxapex|88\/100|[from] Stealth Rock\n|move|p2a: Clodsire|Spikes|p1a: Toxapex\n|-sidestart|p1: TOMYC|Spikes\n|\n|-damage|p2a: Clodsire|40\/100 brn|[from] brn\n|upkeep\n|turn|488\n|\n|t:|1699888181\n|switch|p1a: Corviknight|Corviknight, F|94\/100 brn\n|-damage|p1a: Corviknight|82\/100 brn|[from] Stealth Rock\n|-ability|p1a: Corviknight|Pressure\n|switch|p2a: Alomomola|Alomomola, M|100\/100 brn\n|-damage|p2a: Alomomola|88\/100 brn|[from] Stealth Rock\n|\n|-damage|p1a: Corviknight|76\/100 brn|[from] brn\n|-damage|p2a: Alomomola|82\/100 brn|[from] brn\n|upkeep\n|turn|489\n|\n|t:|1699888188\n|switch|p1a: Ditto|Ditto|88\/100\n|-damage|p1a: Ditto|76\/100|[from] Stealth Rock\n|-damage|p1a: Ditto|63\/100|[from] Spikes\n|-transform|p1a: Ditto|p2a: Alomomola|[from] ability: Imposter\n|move|p2a: Alomomola|Wish|p2a: Alomomola\n|\n|-damage|p2a: Alomomola|75\/100 brn|[from] brn\n|upkeep\n|turn|490\n|\n|t:|1699888190\n|move|p1a: Ditto|Wish|p1a: Ditto\n|move|p2a: Alomomola|Flip Turn|p1a: Ditto\n|-resisted|p1a: Ditto\n|-damage|p1a: Ditto|59\/100\n|\n|t:|1699888194\n|switch|p2a: Clodsire|Clodsire, F|40\/100 brn|[from] Flip Turn\n|-damage|p2a: Clodsire|34\/100 brn|[from] Stealth Rock\n|\n|-heal|p2a: Clodsire|86\/100 brn|[from] move: Wish|[wisher] Alomomola\n|-damage|p2a: Clodsire|80\/100 brn|[from] brn\n|upkeep\n|turn|491\n|\n|t:|1699888203\n|switch|p2a: Clefable|Clefable, F, tera:Ghost|85\/100 brn\n|move|p1a: Ditto|Scald|p2a: Clefable\n|-damage|p2a: Clefable|72\/100 brn\n|\n|-heal|p1a: Ditto|100\/100|[from] move: Wish|[wisher] Ditto\n|upkeep\n|turn|492\n|\n|t:|1699888207\n|move|p2a: Clefable|Moonblast|p1a: Ditto\n|-damage|p1a: Ditto|56\/100\n|move|p1a: Ditto|Wish|p1a: Ditto\n|\n|upkeep\n|turn|493\n|\n|t:|1699888211\n|move|p2a: Clefable|Wish|p2a: Clefable\n|move|p1a: Ditto|Scald|p2a: Clefable\n|-damage|p2a: Clefable|58\/100 brn\n|\n|-heal|p1a: Ditto|100\/100|[from] move: Wish|[wisher] Ditto\n|upkeep\n|turn|494\n|\n|t:|1699888214\n|move|p2a: Clefable|Protect|p2a: Clefable\n|-singleturn|p2a: Clefable|Protect\n|move|p1a: Ditto|Scald|p2a: Clefable\n|-activate|p2a: Clefable|move: Protect\n|\n|-heal|p2a: Clefable|100\/100 brn|[from] move: Wish|[wisher] Clefable\n|upkeep\n|turn|495\n|\n|t:|1699888224\n|switch|p2a: Alomomola|Alomomola, M|100\/100 brn\n|-damage|p2a: Alomomola|88\/100 brn|[from] Stealth Rock\n|move|p1a: Ditto|Wish|p1a: Ditto\n|\n|-damage|p2a: Alomomola|82\/100 brn|[from] brn\n|upkeep\n|turn|496\n|\n|t:|1699888228\n|switch|p2a: Dondozo|Dondozo, F|63\/100 slp\n|move|p1a: Ditto|Flip Turn|p2a: Dondozo\n|-resisted|p2a: Dondozo\n|-damage|p2a: Dondozo|60\/100 slp\n|\n|t:|1699888231\n|switch|p1a: Corviknight|Corviknight, F|76\/100 brn|[from] Flip Turn\n|-damage|p1a: Corviknight|64\/100 brn|[from] Stealth Rock\n|-ability|p1a: Corviknight|Pressure\n|\n|-heal|p1a: Corviknight|100\/100 brn|[from] move: Wish|[wisher] Ditto\n|-damage|p1a: Corviknight|94\/100 brn|[from] brn\n|upkeep\n|turn|497\n|\n|t:|1699888237\n|switch|p1a: Ditto|Ditto|100\/100\n|-damage|p1a: Ditto|88\/100|[from] Stealth Rock\n|-damage|p1a: Ditto|76\/100|[from] Spikes\n|-transform|p1a: Ditto|p2a: Dondozo|[from] ability: Imposter\n|switch|p2a: Alomomola|Alomomola, M|100\/100 brn\n|-damage|p2a: Alomomola|88\/100 brn|[from] Stealth Rock\n|\n|-damage|p2a: Alomomola|82\/100 brn|[from] brn\n|upkeep\n|turn|498\n|\n|t:|1699888242\n|switch|p2a: Dondozo|Dondozo, F|60\/100 slp\n|switch|p1a: Toxapex|Toxapex, F|100\/100\n|-damage|p1a: Toxapex|88\/100|[from] Stealth Rock\n|-damage|p1a: Toxapex|76\/100|[from] Spikes\n|\n|upkeep\n|turn|499\n|\n|t:|1699888249\n|switch|p1a: Corviknight|Corviknight, F|94\/100 brn\n|-damage|p1a: Corviknight|82\/100 brn|[from] Stealth Rock\n|-ability|p1a: Corviknight|Pressure\n|switch|p2a: Alomomola|Alomomola, M|100\/100 brn\n|-damage|p2a: Alomomola|88\/100 brn|[from] Stealth Rock\n|\n|-damage|p1a: Corviknight|76\/100 brn|[from] brn\n|-damage|p2a: Alomomola|82\/100 brn|[from] brn\n|upkeep\n|bigerror|You will auto-tie if the battle doesn't end in 500 turns (on turn 1000).\n|-hint|If you want to tie earlier, consider using `\/offertie`.\n|turn|500\nswellow is stronk is offering a tie.\nTOMYC accepted the tie.\n|\n|tie\n|raw|TOMYC's rating: 1596 &rarr; <strong>1600<\/strong><br \/>(+4 for tying)\n|raw|swellow is stronk's rating: 1664 &rarr; <strong>1660<\/strong><br \/>(-4 for tying)\n|l|\u2606swellow is stronk\n|l|\u2606TOMYC\n|c| cheese miestro|W game\n|l| cheese miestro\n|l| enrage warrior hs\n","uploadtime":1699888434,"views":9,"p1id":"tomyc","p2id":"swellowisstronk","formatid":"gen9ou","rating":1600,"private":0,"password":""}