{"id":"gen9ou-1992268834","p1":"SofteLocke","p2":"Rj yoip","format":"[Gen 9] OU","log":"|j|\u2606SofteLocke\n|j|\u2606Rj yoip\n|t:|1700169386\n|gametype|singles\n|player|p1|SofteLocke|169|1553\n|player|p2|Rj yoip|caitlin-masters|1759\n|teamsize|p1|6\n|teamsize|p2|6\n|gen|9\n|tier|[Gen 9] OU\n|rated|\n|rule|Sleep Clause Mod: Limit one foe put to sleep\n|rule|Species Clause: Limit one of each Pok\u00e9mon\n|rule|OHKO Clause: OHKO moves are banned\n|rule|Evasion Items Clause: Evasion items are banned\n|rule|Evasion Moves Clause: Evasion moves are banned\n|rule|Endless Battle Clause: Forcing endless battles is banned\n|rule|HP Percentage Mod: HP is shown in percentages\n|clearpoke\n|poke|p1|Hatterene, F|\n|poke|p1|Torkoal, F|\n|poke|p1|Walking Wake|\n|poke|p1|Typhlosion-Hisui, M|\n|poke|p1|Great Tusk|\n|poke|p1|Brute Bonnet|\n|poke|p2|Slowking-Galar, F|\n|poke|p2|Zapdos|\n|poke|p2|Garganacl, M|\n|poke|p2|Salamence, M|\n|poke|p2|Kingambit, F|\n|poke|p2|Iron Valiant|\n|teampreview\n|\n|t:|1700169389\n|start\n|switch|p1a: Doc Ock|Torkoal, F|100\/100\n|switch|p2a: Garganacl|Garganacl, M|100\/100\n|-weather|SunnyDay|[from] ability: Drought|[of] p1a: Doc Ock\n|turn|1\n|\n|t:|1700169408\n|switch|p1a: Candace Owens|Hatterene, F|100\/100\n|move|p2a: Garganacl|Salt Cure|p1a: Candace Owens\n|-damage|p1a: Candace Owens|86\/100\n|-start|p1a: Candace Owens|Salt Cure\n|-enditem|p1a: Candace Owens|Eject Button\n|\n|t:|1700169413\n|switch|p1a: Crocune-Mega|Walking Wake|100\/100\n|-activate|p1a: Crocune-Mega|ability: Protosynthesis\n|-start|p1a: Crocune-Mega|protosynthesisspa\n|\n|-weather|SunnyDay|[upkeep]\n|upkeep\n|turn|2\n|\n|t:|1700169427\n|move|p2a: Garganacl|Protect|p2a: Garganacl\n|-singleturn|p2a: Garganacl|Protect\n|move|p1a: Crocune-Mega|Hydro Steam|p2a: Garganacl\n|-activate|p2a: Garganacl|move: Protect\n|\n|-weather|SunnyDay|[upkeep]\n|upkeep\n|turn|3\n|inactive|Battle timer is ON: inactive players will automatically lose when time's up. (requested by Rj yoip)\n|\n|t:|1700169434\n|-terastallize|p1a: Crocune-Mega|Water\n|-terastallize|p2a: Garganacl|Water\n|move|p1a: Crocune-Mega|Hydro Steam|p2a: Garganacl\n|-resisted|p2a: Garganacl\n|-damage|p2a: Garganacl|35\/100\n|move|p2a: Garganacl|Salt Cure|p1a: Crocune-Mega\n|-damage|p1a: Crocune-Mega|84\/100\n|-start|p1a: Crocune-Mega|Salt Cure\n|\n|-weather|SunnyDay|[upkeep]\n|-heal|p2a: Garganacl|42\/100|[from] item: Leftovers\n|-damage|p1a: Crocune-Mega|59\/100|[from] Salt Cure\n|upkeep\n|turn|4\n|\n|t:|1700169451\n|move|p2a: Garganacl|Protect|p2a: Garganacl\n|-singleturn|p2a: Garganacl|Protect\n|move|p1a: Crocune-Mega|Hydro Steam|p2a: Garganacl\n|-activate|p2a: Garganacl|move: Protect\n|\n|-weather|SunnyDay|[upkeep]\n|-heal|p2a: Garganacl|48\/100|[from] item: Leftovers\n|-damage|p1a: Crocune-Mega|35\/100|[from] Salt Cure\n|upkeep\n|turn|5\n|\n|t:|1700169456\n|switch|p2a: Slowking|Slowking-Galar, F|100\/100\n|move|p1a: Crocune-Mega|Hydro Steam|p2a: Slowking\n|-damage|p2a: Slowking|0 fnt\n|faint|p2a: Slowking\n|\n|-weather|SunnyDay|[upkeep]\n|-damage|p1a: Crocune-Mega|10\/100|[from] Salt Cure\n|upkeep\n|\n|t:|1700169458\n|switch|p2a: Garganacl|Garganacl, M, tera:Water|48\/100\n|turn|6\n|\n|t:|1700169466\n|-end|p1a: Crocune-Mega|Protosynthesis|[silent]\n|switch|p1a: Candace Owens|Hatterene, F|86\/100\n|move|p2a: Garganacl|Protect||[still]\n|-fail|p2a: Garganacl\n|\n|-weather|SunnyDay|[upkeep]\n|-heal|p2a: Garganacl|54\/100|[from] item: Leftovers\n|upkeep\n|turn|7\n|\n|t:|1700169468\n|move|p1a: Candace Owens|Healing Wish|p1a: Candace Owens\n|faint|p1a: Candace Owens\n|move|p2a: Garganacl|Recover|p2a: Garganacl\n|-heal|p2a: Garganacl|100\/100\n|\n|-weather|SunnyDay|[upkeep]\n|upkeep\n|\n|t:|1700169471\n|switch|p1a: Crocune-Mega|Walking Wake, tera:Water|10\/100\n|-heal|p1a: Crocune-Mega|100\/100|[from] move: Healing Wish\n|-activate|p1a: Crocune-Mega|ability: Protosynthesis\n|-start|p1a: Crocune-Mega|protosynthesisspa\n|turn|8\n|\n|t:|1700169476\n|move|p1a: Crocune-Mega|Draco Meteor|p2a: Garganacl\n|-damage|p2a: Garganacl|6\/100\n|-unboost|p1a: Crocune-Mega|spa|2\n|move|p2a: Garganacl|Salt Cure|p1a: Crocune-Mega\n|-damage|p1a: Crocune-Mega|84\/100\n|-start|p1a: Crocune-Mega|Salt Cure\n|\n|-weather|none\n|-end|p1a: Crocune-Mega|Protosynthesis\n|-heal|p2a: Garganacl|12\/100|[from] item: Leftovers\n|-damage|p1a: Crocune-Mega|59\/100|[from] Salt Cure\n|upkeep\n|turn|9\n|\n|t:|1700169481\n|-end|p1a: Crocune-Mega|Protosynthesis|[silent]\n|switch|p1a: Crewmate|Brute Bonnet|100\/100\n|move|p2a: Garganacl|Recover|p2a: Garganacl\n|-heal|p2a: Garganacl|62\/100\n|\n|-heal|p2a: Garganacl|69\/100|[from] item: Leftovers\n|upkeep\n|turn|10\n|\n|t:|1700169485\n|move|p2a: Garganacl|Protect|p2a: Garganacl\n|-singleturn|p2a: Garganacl|Protect\n|move|p1a: Crewmate|Bullet Seed|p2a: Garganacl\n|-activate|p2a: Garganacl|move: Protect\n|\n|-heal|p2a: Garganacl|75\/100|[from] item: Leftovers\n|upkeep\n|turn|11\n|\n|t:|1700169490\n|switch|p2a: Zapdos|Zapdos|100\/100\n|move|p1a: Crewmate|Spore|p2a: Zapdos\n|-status|p2a: Zapdos|slp|[from] move: Spore\n|\n|upkeep\n|turn|12\n|\n|t:|1700169500\n|switch|p2a: Salamence|Salamence, M|100\/100\n|-ability|p2a: Salamence|Intimidate|boost\n|-unboost|p1a: Crewmate|atk|1\n|-end|p1a: Crewmate|Protosynthesis|[silent]\n|switch|p1a: Doc Ock|Torkoal, F|100\/100\n|-weather|SunnyDay|[from] ability: Drought|[of] p1a: Doc Ock\n|\n|-weather|SunnyDay|[upkeep]\n|upkeep\n|turn|13\n|\n|t:|1700169506\n|switch|p2a: Garganacl|Garganacl, M, tera:Water|75\/100\n|move|p1a: Doc Ock|Stealth Rock|p2a: Garganacl\n|-sidestart|p2: Rj yoip|move: Stealth Rock\n|\n|-weather|SunnyDay|[upkeep]\n|-heal|p2a: Garganacl|81\/100|[from] item: Leftovers\n|upkeep\n|turn|14\n|\n|t:|1700169514\n|switch|p1a: Crewmate|Brute Bonnet|100\/100\n|-activate|p1a: Crewmate|ability: Protosynthesis\n|-start|p1a: Crewmate|protosynthesisatk\n|move|p2a: Garganacl|Salt Cure|p1a: Crewmate\n|-damage|p1a: Crewmate|87\/100\n|-start|p1a: Crewmate|Salt Cure\n|\n|-weather|SunnyDay|[upkeep]\n|-heal|p2a: Garganacl|87\/100|[from] item: Leftovers\n|-damage|p1a: Crewmate|75\/100|[from] Salt Cure\n|upkeep\n|turn|15\n|\n|t:|1700169516\n|move|p2a: Garganacl|Protect|p2a: Garganacl\n|-singleturn|p2a: Garganacl|Protect\n|move|p1a: Crewmate|Bullet Seed|p2a: Garganacl\n|-activate|p2a: Garganacl|move: Protect\n|\n|-weather|SunnyDay|[upkeep]\n|-heal|p2a: Garganacl|93\/100|[from] item: Leftovers\n|-damage|p1a: Crewmate|62\/100|[from] Salt Cure\n|upkeep\n|turn|16\n|\n|t:|1700169518\n|switch|p2a: Salamence|Salamence, M|100\/100\n|-ability|p2a: Salamence|Intimidate|boost\n|-unboost|p1a: Crewmate|atk|1\n|move|p1a: Crewmate|Bullet Seed|p2a: Salamence\n|-resisted|p2a: Salamence\n|-damage|p2a: Salamence|97\/100\n|-resisted|p2a: Salamence\n|-damage|p2a: Salamence|93\/100\n|-resisted|p2a: Salamence\n|-damage|p2a: Salamence|89\/100\n|-resisted|p2a: Salamence\n|-damage|p2a: Salamence|85\/100\n|-resisted|p2a: Salamence\n|-damage|p2a: Salamence|82\/100\n|-hitcount|p2a: Salamence|5\n|\n|-weather|SunnyDay|[upkeep]\n|-damage|p1a: Crewmate|50\/100|[from] Salt Cure\n|upkeep\n|turn|17\n|\n|t:|1700169522\n|-end|p1a: Crewmate|Protosynthesis|[silent]\n|switch|p1a: Loial|Great Tusk|100\/100\n|-activate|p1a: Loial|ability: Protosynthesis\n|-start|p1a: Loial|protosynthesisatk\n|move|p2a: Salamence|Dragon Dance|p2a: Salamence\n|-boost|p2a: Salamence|atk|1\n|-boost|p2a: Salamence|spe|1\n|\n|-weather|SunnyDay|[upkeep]\n|upkeep\n|turn|18\n|\n|t:|1700169524\n|move|p1a: Loial|Ice Spinner|p2a: Salamence\n|-supereffective|p2a: Salamence\n|-damage|p2a: Salamence|0 fnt\n|faint|p2a: Salamence\n|\n|-weather|SunnyDay|[upkeep]\n|upkeep\n|\n|t:|1700169528\n|switch|p2a: Garganacl|Garganacl, M, tera:Water|93\/100\n|-damage|p2a: Garganacl|81\/100|[from] Stealth Rock\n|turn|19\n|\n|t:|1700169544\n|-end|p1a: Loial|Protosynthesis|[silent]\n|switch|p1a: Crewmate|Brute Bonnet|50\/100\n|-activate|p1a: Crewmate|ability: Protosynthesis\n|-start|p1a: Crewmate|protosynthesisatk\n|move|p2a: Garganacl|Salt Cure|p1a: Crewmate\n|-damage|p1a: Crewmate|38\/100\n|-start|p1a: Crewmate|Salt Cure\n|\n|-weather|none\n|-end|p1a: Crewmate|Protosynthesis\n|-heal|p2a: Garganacl|87\/100|[from] item: Leftovers\n|-damage|p1a: Crewmate|26\/100|[from] Salt Cure\n|upkeep\n|turn|20\n|\n|t:|1700169549\n|-end|p1a: Crewmate|Protosynthesis|[silent]\n|switch|p1a: Doc Ock|Torkoal, F|100\/100\n|-weather|SunnyDay|[from] ability: Drought|[of] p1a: Doc Ock\n|move|p2a: Garganacl|Protect||[still]\n|-fail|p2a: Garganacl\n|\n|-weather|SunnyDay|[upkeep]\n|-heal|p2a: Garganacl|93\/100|[from] item: Leftovers\n|upkeep\n|turn|21\n|\n|t:|1700169560\n|switch|p1a: Crewmate|Brute Bonnet|26\/100\n|-activate|p1a: Crewmate|ability: Protosynthesis\n|-start|p1a: Crewmate|protosynthesisatk\n|move|p2a: Garganacl|Stealth Rock|p1a: Crewmate\n|-sidestart|p1: SofteLocke|move: Stealth Rock\n|\n|-weather|SunnyDay|[upkeep]\n|-heal|p2a: Garganacl|99\/100|[from] item: Leftovers\n|upkeep\n|turn|22\n|\n|t:|1700169562\n|move|p2a: Garganacl|Protect|p2a: Garganacl\n|-singleturn|p2a: Garganacl|Protect\n|move|p1a: Crewmate|Bullet Seed|p2a: Garganacl\n|-activate|p2a: Garganacl|move: Protect\n|\n|-weather|SunnyDay|[upkeep]\n|-heal|p2a: Garganacl|100\/100|[from] item: Leftovers\n|upkeep\n|turn|23\n|\n|t:|1700169568\n|-end|p1a: Crewmate|Protosynthesis|[silent]\n|switch|p1a: Crocune-Mega|Walking Wake, tera:Water|59\/100\n|-damage|p1a: Crocune-Mega|47\/100|[from] Stealth Rock\n|-activate|p1a: Crocune-Mega|ability: Protosynthesis\n|-start|p1a: Crocune-Mega|protosynthesisspa\n|switch|p2a: Kingambit|Kingambit, F|100\/100\n|-damage|p2a: Kingambit|94\/100|[from] Stealth Rock\n|-activate|p2a: Kingambit|ability: Supreme Overlord\n|-start|p2a: Kingambit|fallen2|[silent]\n|\n|-weather|SunnyDay|[upkeep]\n|-heal|p2a: Kingambit|100\/100|[from] item: Leftovers\n|upkeep\n|turn|24\n|\n|t:|1700169572\n|-end|p1a: Crocune-Mega|Protosynthesis|[silent]\n|switch|p1a: Loial|Great Tusk|100\/100\n|-damage|p1a: Loial|98\/100|[from] Stealth Rock\n|-activate|p1a: Loial|ability: Protosynthesis\n|-start|p1a: Loial|protosynthesisatk\n|move|p2a: Kingambit|Sucker Punch||[still]\n|-fail|p2a: Kingambit\n|\n|-weather|SunnyDay|[upkeep]\n|upkeep\n|turn|25\n|\n|t:|1700169576\n|-end|p2a: Kingambit|fallen2|[silent]\n|switch|p2a: Iron Valiant|Iron Valiant|100\/100\n|-damage|p2a: Iron Valiant|94\/100|[from] Stealth Rock\n|move|p1a: Loial|Head Smash|p2a: Iron Valiant\n|-resisted|p2a: Iron Valiant\n|-damage|p2a: Iron Valiant|54\/100\n|-damage|p1a: Loial|82\/100|[from] Recoil\n|\n|-weather|SunnyDay|[upkeep]\n|upkeep\n|turn|26\n|\n|t:|1700169581\n|-end|p1a: Loial|Protosynthesis|[silent]\n|switch|p1a: Doc Ock|Torkoal, F|100\/100\n|-damage|p1a: Doc Ock|76\/100|[from] Stealth Rock\n|move|p2a: Iron Valiant|Moonblast|p1a: Doc Ock\n|-resisted|p1a: Doc Ock\n|-damage|p1a: Doc Ock|44\/100\n|\n|-weather|SunnyDay|[upkeep]\n|upkeep\n|turn|27\n|\n|t:|1700169593\n|-end|p2a: Iron Valiant|Quark Drive|[silent]\n|switch|p2a: Garganacl|Garganacl, M, tera:Water|100\/100\n|-damage|p2a: Garganacl|88\/100|[from] Stealth Rock\n|move|p1a: Doc Ock|Lava Plume|p2a: Garganacl\n|-resisted|p2a: Garganacl\n|-damage|p2a: Garganacl|73\/100\n|\n|-weather|none\n|-heal|p2a: Garganacl|79\/100|[from] item: Leftovers\n|upkeep\n|turn|28\n|\n|t:|1700169607\n|move|p2a: Garganacl|Salt Cure|p1a: Doc Ock\n|-supereffective|p1a: Doc Ock\n|-damage|p1a: Doc Ock|28\/100\n|-start|p1a: Doc Ock|Salt Cure\n|move|p1a: Doc Ock|Lava Plume|p2a: Garganacl\n|-resisted|p2a: Garganacl\n|-damage|p2a: Garganacl|69\/100\n|\n|-heal|p2a: Garganacl|75\/100|[from] item: Leftovers\n|-damage|p1a: Doc Ock|16\/100|[from] Salt Cure\n|upkeep\n|turn|29\n|\n|t:|1700169612\n|move|p2a: Garganacl|Salt Cure|p1a: Doc Ock\n|-supereffective|p1a: Doc Ock\n|-damage|p1a: Doc Ock|0 fnt\n|faint|p1a: Doc Ock\n|\n|-heal|p2a: Garganacl|81\/100|[from] item: Leftovers\n|upkeep\n|\n|t:|1700169616\n|switch|p1a: Crewmate|Brute Bonnet|26\/100\n|-damage|p1a: Crewmate|13\/100|[from] Stealth Rock\n|turn|30\n|\n|t:|1700169618\n|move|p2a: Garganacl|Protect|p2a: Garganacl\n|-singleturn|p2a: Garganacl|Protect\n|move|p1a: Crewmate|Bullet Seed|p2a: Garganacl\n|-activate|p2a: Garganacl|move: Protect\n|\n|-heal|p2a: Garganacl|87\/100|[from] item: Leftovers\n|upkeep\n|turn|31\n|\n|t:|1700169624\n|switch|p2a: Kingambit|Kingambit, F|100\/100\n|-damage|p2a: Kingambit|94\/100|[from] Stealth Rock\n|-activate|p2a: Kingambit|ability: Supreme Overlord\n|-start|p2a: Kingambit|fallen2|[silent]\n|move|p1a: Crewmate|Bullet Seed|p2a: Kingambit\n|-resisted|p2a: Kingambit\n|-damage|p2a: Kingambit|89\/100\n|-resisted|p2a: Kingambit\n|-damage|p2a: Kingambit|84\/100\n|-resisted|p2a: Kingambit\n|-damage|p2a: Kingambit|78\/100\n|-resisted|p2a: Kingambit\n|-damage|p2a: Kingambit|73\/100\n|-hitcount|p2a: Kingambit|4\n|\n|-heal|p2a: Kingambit|79\/100|[from] item: Leftovers\n|upkeep\n|turn|32\n|\n|t:|1700169628\n|move|p1a: Crewmate|Crunch|p2a: Kingambit\n|-resisted|p2a: Kingambit\n|-damage|p2a: Kingambit|62\/100\n|move|p2a: Kingambit|Iron Head|p1a: Crewmate\n|-damage|p1a: Crewmate|0 fnt\n|faint|p1a: Crewmate\n|-end|p1a: Crewmate|Protosynthesis|[silent]\n|\n|-heal|p2a: Kingambit|68\/100|[from] item: Leftovers\n|upkeep\n|\n|t:|1700169631\n|switch|p1a: Loial|Great Tusk|82\/100\n|-damage|p1a: Loial|79\/100|[from] Stealth Rock\n|turn|33\n|\n|t:|1700169634\n|-end|p2a: Kingambit|fallen2|[silent]\n|switch|p2a: Iron Valiant|Iron Valiant|54\/100\n|-damage|p2a: Iron Valiant|48\/100|[from] Stealth Rock\n|move|p1a: Loial|Headlong Rush|p2a: Iron Valiant\n|-damage|p2a: Iron Valiant|0 fnt\n|-unboost|p1a: Loial|def|1\n|-unboost|p1a: Loial|spd|1\n|faint|p2a: Iron Valiant\n|-end|p2a: Iron Valiant|Quark Drive|[silent]\n|\n|upkeep\n|\n|t:|1700169638\n|switch|p2a: Zapdos|Zapdos|100\/100 slp\n|turn|34\n|\n|t:|1700169647\n|-end|p1a: Loial|Protosynthesis|[silent]\n|switch|p1a: Oppenheimer|Typhlosion-Hisui, M|100\/100\n|-damage|p1a: Oppenheimer|76\/100|[from] Stealth Rock\n|-item|p2a: Zapdos|Heavy-Duty Boots|[from] ability: Frisk|[of] p1a: Oppenheimer|[identify]\n|cant|p2a: Zapdos|slp\n|\n|upkeep\n|turn|35\n|\n|t:|1700169651\n|move|p1a: Oppenheimer|Flamethrower|p2a: Zapdos\n|-damage|p2a: Zapdos|35\/100 slp\n|cant|p2a: Zapdos|slp\n|\n|upkeep\n|turn|36\n|\n|t:|1700169654\n|move|p1a: Oppenheimer|Flamethrower|p2a: Zapdos\n|-damage|p2a: Zapdos|0 fnt\n|faint|p2a: Zapdos\n|\n|upkeep\n|\n|t:|1700169655\n|switch|p2a: Garganacl|Garganacl, M, tera:Water|87\/100\n|-damage|p2a: Garganacl|75\/100|[from] Stealth Rock\n|turn|37\n|\n|t:|1700169666\n|move|p1a: Oppenheimer|Flamethrower|p2a: Garganacl\n|-resisted|p2a: Garganacl\n|-damage|p2a: Garganacl|47\/100\n|move|p2a: Garganacl|Salt Cure|p1a: Oppenheimer\n|-supereffective|p1a: Oppenheimer\n|-damage|p1a: Oppenheimer|32\/100\n|-start|p1a: Oppenheimer|Salt Cure\n|\n|-heal|p2a: Garganacl|53\/100|[from] item: Leftovers\n|-damage|p1a: Oppenheimer|20\/100|[from] Salt Cure\n|upkeep\n|turn|38\n|\n|t:|1700169668\n|move|p1a: Oppenheimer|Flamethrower|p2a: Garganacl\n|-resisted|p2a: Garganacl\n|-damage|p2a: Garganacl|28\/100\n|move|p2a: Garganacl|Recover|p2a: Garganacl\n|-heal|p2a: Garganacl|78\/100\n|\n|-heal|p2a: Garganacl|84\/100|[from] item: Leftovers\n|-damage|p1a: Oppenheimer|7\/100|[from] Salt Cure\n|upkeep\n|turn|39\n|\n|t:|1700169673\n|move|p1a: Oppenheimer|Flamethrower|p2a: Garganacl\n|-resisted|p2a: Garganacl\n|-damage|p2a: Garganacl|59\/100\n|move|p2a: Garganacl|Recover|p2a: Garganacl\n|-heal|p2a: Garganacl|100\/100\n|\n|-damage|p1a: Oppenheimer|0 fnt|[from] Salt Cure\n|faint|p1a: Oppenheimer\n|upkeep\n|\n|t:|1700169675\n|switch|p1a: Crocune-Mega|Walking Wake, tera:Water|47\/100\n|-damage|p1a: Crocune-Mega|35\/100|[from] Stealth Rock\n|turn|40\n|\n|t:|1700169681\n|move|p2a: Garganacl|Protect|p2a: Garganacl\n|-singleturn|p2a: Garganacl|Protect\n|move|p1a: Crocune-Mega|Draco Meteor|p2a: Garganacl\n|-activate|p2a: Garganacl|move: Protect\n|\n|upkeep\n|turn|41\n|\n|t:|1700169684\n|move|p1a: Crocune-Mega|Draco Meteor|p2a: Garganacl\n|-damage|p2a: Garganacl|28\/100\n|-unboost|p1a: Crocune-Mega|spa|2\n|move|p2a: Garganacl|Recover|p2a: Garganacl\n|-heal|p2a: Garganacl|78\/100\n|\n|-heal|p2a: Garganacl|84\/100|[from] item: Leftovers\n|upkeep\n|turn|42\n|\n|t:|1700169688\n|-end|p1a: Crocune-Mega|Protosynthesis|[silent]\n|switch|p1a: Loial|Great Tusk|79\/100\n|-damage|p1a: Loial|76\/100|[from] Stealth Rock\n|move|p2a: Garganacl|Salt Cure|p1a: Loial\n|-resisted|p1a: Loial\n|-damage|p1a: Loial|73\/100\n|-start|p1a: Loial|Salt Cure\n|\n|-heal|p2a: Garganacl|91\/100|[from] item: Leftovers\n|-damage|p1a: Loial|61\/100|[from] Salt Cure\n|upkeep\n|turn|43\n|\n|t:|1700169691\n|-end|p1a: Loial|Protosynthesis|[silent]\n|switch|p1a: Crocune-Mega|Walking Wake, tera:Water|35\/100\n|-damage|p1a: Crocune-Mega|22\/100|[from] Stealth Rock\n|move|p2a: Garganacl|Protect||[still]\n|-fail|p2a: Garganacl\n|\n|-heal|p2a: Garganacl|97\/100|[from] item: Leftovers\n|upkeep\n|turn|44\n|\n|t:|1700169692\n|move|p2a: Garganacl|Protect|p2a: Garganacl\n|-singleturn|p2a: Garganacl|Protect\n|move|p1a: Crocune-Mega|Dragon Pulse|p2a: Garganacl\n|-activate|p2a: Garganacl|move: Protect\n|\n|-heal|p2a: Garganacl|100\/100|[from] item: Leftovers\n|upkeep\n|turn|45\n|\n|t:|1700169695\n|move|p1a: Crocune-Mega|Dragon Pulse|p2a: Garganacl\n|-damage|p2a: Garganacl|53\/100\n|move|p2a: Garganacl|Salt Cure|p1a: Crocune-Mega\n|-damage|p1a: Crocune-Mega|6\/100\n|-start|p1a: Crocune-Mega|Salt Cure\n|\n|-heal|p2a: Garganacl|59\/100|[from] item: Leftovers\n|-damage|p1a: Crocune-Mega|0 fnt|[from] Salt Cure\n|faint|p1a: Crocune-Mega\n|-end|p1a: Crocune-Mega|Protosynthesis|[silent]\n|upkeep\n|\n|t:|1700169697\n|switch|p1a: Loial|Great Tusk|61\/100\n|-damage|p1a: Loial|58\/100|[from] Stealth Rock\n|turn|46\n|\n|t:|1700169704\n|move|p2a: Garganacl|Protect|p2a: Garganacl\n|-singleturn|p2a: Garganacl|Protect\n|move|p1a: Loial|Close Combat|p2a: Garganacl\n|-activate|p2a: Garganacl|move: Protect\n|\n|-heal|p2a: Garganacl|65\/100|[from] item: Leftovers\n|upkeep\n|turn|47\n|\n|t:|1700169708\n|move|p1a: Loial|Close Combat|p2a: Garganacl\n|-damage|p2a: Garganacl|33\/100\n|-unboost|p1a: Loial|def|1\n|-unboost|p1a: Loial|spd|1\n|move|p2a: Garganacl|Recover|p2a: Garganacl\n|-heal|p2a: Garganacl|83\/100\n|\n|-heal|p2a: Garganacl|89\/100|[from] item: Leftovers\n|upkeep\n|turn|48\n|-message|SofteLocke forfeited.\n|\n|win|Rj yoip\n|raw|SofteLocke's rating: 1553 &rarr; <strong>1544<\/strong><br \/>(-9 for losing)\n|raw|Rj yoip's rating: 1759 &rarr; <strong>1768<\/strong><br \/>(+9 for winning)\n|l|\u2606SofteLocke\n","uploadtime":1700169718,"views":8,"p1id":"softelocke","p2id":"rjyoip","formatid":"gen9ou","rating":1544,"private":0,"password":""}