{"id":"gen9ou-1995987771","p1":"Katsu6624","p2":"whatfanta","format":"[Gen 9] OU","log":"|j|\u2606Katsu6624\n|j|\u2606whatfanta\n|t:|1700625788\n|gametype|singles\n|player|p1|Katsu6624|cynthia-gen4|1294\n|player|p2|whatfanta|ingo|1194\n|teamsize|p1|6\n|teamsize|p2|6\n|gen|9\n|tier|[Gen 9] OU\n|rated|\n|rule|Sleep Clause Mod: Limit one foe put to sleep\n|rule|Species Clause: Limit one of each Pok\u00e9mon\n|rule|OHKO Clause: OHKO moves are banned\n|rule|Evasion Items Clause: Evasion items are banned\n|rule|Evasion Moves Clause: Evasion moves are banned\n|rule|Endless Battle Clause: Forcing endless battles is banned\n|rule|HP Percentage Mod: HP is shown in percentages\n|clearpoke\n|poke|p1|Garchomp, M|\n|poke|p1|Ninetales-Alola, F|\n|poke|p1|Alomomola, F|\n|poke|p1|Landorus-Therian, M|\n|poke|p1|Kingambit, M|\n|poke|p1|Cinderace, M|\n|poke|p2|Kingambit, F|\n|poke|p2|Empoleon, F|\n|poke|p2|Walking Wake|\n|poke|p2|Chandelure, F|\n|poke|p2|Arcanine-Hisui, F|\n|poke|p2|Polteageist-Antique|\n|teampreview\n|inactive|Battle timer is ON: inactive players will automatically lose when time's up. (requested by Katsu6624)\n|inactive|whatfanta has 120 seconds left.\n|\n|t:|1700625819\n|start\n|switch|p1a: Landorus|Landorus-Therian, M|100\/100\n|switch|p2a: Polteageist|Polteageist-Antique|100\/100\n|-ability|p1a: Landorus|Intimidate|boost\n|-unboost|p2a: Polteageist|atk|1\n|turn|1\n|\n|t:|1700625837\n|switch|p1a: Kingambit|Kingambit, M|100\/100\n|move|p2a: Polteageist|Shell Smash|p2a: Polteageist\n|-unboost|p2a: Polteageist|def|1\n|-unboost|p2a: Polteageist|spd|1\n|-boost|p2a: Polteageist|atk|2\n|-boost|p2a: Polteageist|spa|2\n|-boost|p2a: Polteageist|spe|2\n|\n|upkeep\n|turn|2\n|\n|t:|1700625848\n|switch|p2a: Empoleon|Empoleon, F|100\/100\n|move|p1a: Kingambit|Sucker Punch||[still]\n|-fail|p1a: Kingambit\n|\n|upkeep\n|turn|3\n|\n|t:|1700625859\n|-end|p1a: Kingambit|fallenundefined|[silent]\n|switch|p1a: Ninetales|Ninetales-Alola, F|100\/100\n|-weather|Snow|[from] ability: Snow Warning|[of] p1a: Ninetales\n|move|p2a: Empoleon|Stealth Rock|p1a: Ninetales\n|-sidestart|p1: Katsu6624|move: Stealth Rock\n|\n|-weather|Snow|[upkeep]\n|upkeep\n|turn|4\n|\n|t:|1700625864\n|move|p1a: Ninetales|Aurora Veil|p1a: Ninetales\n|-sidestart|p1: Katsu6624|move: Aurora Veil\n|move|p2a: Empoleon|Hydro Pump|p1a: Ninetales\n|-damage|p1a: Ninetales|81\/100\n|\n|-weather|Snow|[upkeep]\n|upkeep\n|turn|5\n|\n|t:|1700625868\n|move|p1a: Ninetales|Hypnosis|p2a: Empoleon|[miss]\n|-miss|p1a: Ninetales|p2a: Empoleon\n|move|p2a: Empoleon|Knock Off|p1a: Ninetales\n|-resisted|p1a: Ninetales\n|-damage|p1a: Ninetales|77\/100\n|-enditem|p1a: Ninetales|Light Clay|[from] move: Knock Off|[of] p2a: Empoleon\n|\n|-weather|Snow|[upkeep]\n|upkeep\n|turn|6\n|\n|t:|1700625877\n|switch|p2a: Polteageist|Polteageist-Antique|100\/100\n|move|p1a: Ninetales|Hypnosis|p2a: Polteageist|[miss]\n|-miss|p1a: Ninetales|p2a: Polteageist\n|\n|-weather|Snow|[upkeep]\n|upkeep\n|turn|7\n|\n|t:|1700625892\n|move|p1a: Ninetales|Hypnosis|p2a: Polteageist|[miss]\n|-miss|p1a: Ninetales|p2a: Polteageist\n|move|p2a: Polteageist|Shell Smash|p2a: Polteageist\n|-unboost|p2a: Polteageist|def|1\n|-unboost|p2a: Polteageist|spd|1\n|-boost|p2a: Polteageist|atk|2\n|-boost|p2a: Polteageist|spa|2\n|-boost|p2a: Polteageist|spe|2\n|\n|-weather|none\n|upkeep\n|turn|8\n|\n|t:|1700625899\n|move|p2a: Polteageist|Shadow Ball|p1a: Ninetales\n|-damage|p1a: Ninetales|33\/100\n|move|p1a: Ninetales|Hypnosis|p2a: Polteageist|[miss]\n|-miss|p1a: Ninetales|p2a: Polteageist\n|\n|upkeep\n|turn|9\n|c|\u2606whatfanta|rough\n|c|\u2606whatfanta|blindtales\n|\n|t:|1700625918\n|switch|p1a: Kingambit|Kingambit, M|100\/100\n|-damage|p1a: Kingambit|94\/100|[from] Stealth Rock\n|move|p2a: Polteageist|Shadow Ball|p1a: Kingambit\n|-resisted|p1a: Kingambit\n|-damage|p1a: Kingambit|73\/100\n|\n|upkeep\n|turn|10\n|\n|t:|1700625928\n|move|p2a: Polteageist|Shell Smash|p2a: Polteageist\n|-unboost|p2a: Polteageist|def|1\n|-unboost|p2a: Polteageist|spd|1\n|-boost|p2a: Polteageist|atk|2\n|-boost|p2a: Polteageist|spa|2\n|-boost|p2a: Polteageist|spe|2\n|move|p1a: Kingambit|Swords Dance|p1a: Kingambit\n|-boost|p1a: Kingambit|atk|2\n|\n|upkeep\n|turn|11\n|\n|t:|1700625938\n|move|p2a: Polteageist|Shadow Ball|p1a: Kingambit\n|-resisted|p1a: Kingambit\n|-damage|p1a: Kingambit|44\/100\n|move|p1a: Kingambit|Kowtow Cleave|p2a: Polteageist\n|-supereffective|p2a: Polteageist\n|-enditem|p2a: Polteageist|Focus Sash\n|-damage|p2a: Polteageist|1\/100\n|-ability|p2a: Polteageist|Weak Armor|boost\n|-unboost|p2a: Polteageist|def|1\n|-boost|p2a: Polteageist|spe|2\n|\n|-sideend|p1: Katsu6624|move: Aurora Veil\n|upkeep\n|turn|12\n|\n|t:|1700625948\n|move|p2a: Polteageist|Shell Smash|p2a: Polteageist\n|-unboost|p2a: Polteageist|def|1\n|-unboost|p2a: Polteageist|spd|1\n|-boost|p2a: Polteageist|atk|2\n|-boost|p2a: Polteageist|spa|2\n|-boost|p2a: Polteageist|spe|0\n|move|p1a: Kingambit|Kowtow Cleave|p2a: Polteageist\n|-supereffective|p2a: Polteageist\n|-damage|p2a: Polteageist|0 fnt\n|faint|p2a: Polteageist\n|\n|upkeep\n|\n|t:|1700625961\n|switch|p2a: Kingambit|Kingambit, F|100\/100\n|-activate|p2a: Kingambit|ability: Supreme Overlord\n|-start|p2a: Kingambit|fallen1|[silent]\n|turn|13\n|\n|t:|1700625970\n|-end|p1a: Kingambit|fallenundefined|[silent]\n|switch|p1a: Cinderace|Cinderace, M|100\/100\n|move|p2a: Kingambit|Low Sweep|p1a: Cinderace\n|-damage|p1a: Cinderace|69\/100\n|-unboost|p1a: Cinderace|spe|1\n|\n|upkeep\n|turn|14\n|\n|t:|1700625988\n|-end|p2a: Kingambit|fallen1|[silent]\n|switch|p2a: Chandelure|Chandelure, F|100\/100\n|move|p1a: Cinderace|Court Change|p1a: Cinderace\n|-start|p1a: Cinderace|typechange|Normal|[from] ability: Libero\n|-swapsideconditions\n|-activate|p1a: Cinderace|move: Court Change\n|\n|upkeep\n|turn|15\n|\n|t:|1700626001\n|move|p2a: Chandelure|Flamethrower|p1a: Cinderace\n|-crit|p1a: Cinderace\n|-damage|p1a: Cinderace|0 fnt\n|faint|p1a: Cinderace\n|\n|upkeep\n|\n|t:|1700626007\n|switch|p1a: Garchomp|Garchomp, M|100\/100\n|turn|16\n|\n|t:|1700626023\n|move|p1a: Garchomp|Scale Shot|p2a: Chandelure\n|-damage|p2a: Chandelure|81\/100\n|-damage|p2a: Chandelure|62\/100\n|-damage|p2a: Chandelure|45\/100\n|-damage|p2a: Chandelure|26\/100\n|-damage|p2a: Chandelure|9\/100\n|-hitcount|p2a: Chandelure|5\n|-unboost|p1a: Garchomp|def|1\n|-boost|p1a: Garchomp|spe|1\n|move|p2a: Chandelure|Shadow Ball|p1a: Garchomp\n|-damage|p1a: Garchomp|54\/100\n|\n|upkeep\n|turn|17\n|\n|t:|1700626045\n|move|p1a: Garchomp|Earthquake|p2a: Chandelure\n|-supereffective|p2a: Chandelure\n|-damage|p2a: Chandelure|0 fnt\n|faint|p2a: Chandelure\n|\n|upkeep\n|\n|t:|1700626057\n|switch|p2a: Empoleon|Empoleon, F|100\/100\n|-damage|p2a: Empoleon|94\/100|[from] Stealth Rock\n|turn|18\n|\n|t:|1700626069\n|switch|p1a: Alomomola|Alomomola, F, shiny|100\/100\n|move|p2a: Empoleon|Hydro Pump|p1a: Alomomola\n|-resisted|p1a: Alomomola\n|-damage|p1a: Alomomola|77\/100\n|\n|-heal|p1a: Alomomola|83\/100|[from] item: Leftovers\n|-heal|p2a: Empoleon|100\/100|[from] item: Leftovers\n|upkeep\n|turn|19\n|\n|t:|1700626078\n|move|p1a: Alomomola|Wish|p1a: Alomomola\n|move|p2a: Empoleon|Stealth Rock|p1a: Alomomola\n|-sidestart|p1: Katsu6624|move: Stealth Rock\n|\n|-heal|p1a: Alomomola|89\/100|[from] item: Leftovers\n|upkeep\n|turn|20\n|\n|t:|1700626084\n|move|p1a: Alomomola|Flip Turn|p2a: Empoleon\n|-resisted|p2a: Empoleon\n|-damage|p2a: Empoleon|93\/100\n|\n|t:|1700626086\n|switch|p1a: Ninetales|Ninetales-Alola, F|33\/100|[from] Flip Turn\n|-damage|p1a: Ninetales|8\/100|[from] Stealth Rock\n|-weather|Snow|[from] ability: Snow Warning|[of] p1a: Ninetales\n|move|p2a: Empoleon|Knock Off|p1a: Ninetales\n|-resisted|p1a: Ninetales\n|-damage|p1a: Ninetales|3\/100\n|\n|-weather|Snow|[upkeep]\n|-heal|p1a: Ninetales|79\/100|[from] move: Wish|[wisher] Alomomola\n|-heal|p2a: Empoleon|99\/100|[from] item: Leftovers\n|upkeep\n|turn|21\n|\n|t:|1700626109\n|switch|p2a: Arcanine|Arcanine-Hisui, F|100\/100\n|-damage|p2a: Arcanine|76\/100|[from] Stealth Rock\n|move|p1a: Ninetales|Aurora Veil|p1a: Ninetales\n|-sidestart|p1: Katsu6624|move: Aurora Veil\n|\n|-weather|Snow|[upkeep]\n|upkeep\n|turn|22\n|\n|t:|1700626116\n|switch|p1a: Landorus|Landorus-Therian, M|100\/100\n|-damage|p1a: Landorus|88\/100|[from] Stealth Rock\n|-ability|p1a: Landorus|Intimidate|boost\n|-unboost|p2a: Arcanine|atk|1\n|move|p2a: Arcanine|Head Smash|p1a: Landorus\n|-damage|p1a: Landorus|55\/100\n|-damage|p2a: Arcanine|59\/100|[from] item: Rocky Helmet|[of] p1a: Landorus\n|\n|-weather|Snow|[upkeep]\n|upkeep\n|turn|23\n|\n|t:|1700626128\n|switch|p2a: Empoleon|Empoleon, F|99\/100\n|-damage|p2a: Empoleon|93\/100|[from] Stealth Rock\n|move|p1a: Landorus|Earthquake|p2a: Empoleon\n|-supereffective|p2a: Empoleon\n|-damage|p2a: Empoleon|1\/100\n|\n|-weather|Snow|[upkeep]\n|-heal|p2a: Empoleon|7\/100|[from] item: Leftovers\n|upkeep\n|turn|24\n|\n|t:|1700626136\n|move|p1a: Landorus|Earthquake|p2a: Empoleon\n|-supereffective|p2a: Empoleon\n|-damage|p2a: Empoleon|0 fnt\n|faint|p2a: Empoleon\n|\n|-weather|none\n|upkeep\n|\n|t:|1700626144\n|switch|p2a: Walking Wake|Walking Wake|100\/100\n|-damage|p2a: Walking Wake|88\/100|[from] Stealth Rock\n|-enditem|p2a: Walking Wake|Booster Energy\n|-activate|p2a: Walking Wake|ability: Protosynthesis|[fromitem]\n|-start|p2a: Walking Wake|protosynthesisspe\n|turn|25\n|\n|t:|1700626152\n|move|p2a: Walking Wake|Dragon Dance|p2a: Walking Wake\n|-boost|p2a: Walking Wake|atk|1\n|-boost|p2a: Walking Wake|spe|1\n|move|p1a: Landorus|Earthquake|p2a: Walking Wake\n|-damage|p2a: Walking Wake|40\/100\n|\n|-sideend|p1: Katsu6624|move: Aurora Veil\n|upkeep\n|turn|26\n|\n|t:|1700626159\n|move|p2a: Walking Wake|Liquidation|p1a: Landorus\n|-supereffective|p1a: Landorus\n|-damage|p1a: Landorus|0 fnt\n|-damage|p2a: Walking Wake|24\/100|[from] item: Rocky Helmet|[of] p1a: Landorus\n|faint|p1a: Landorus\n|\n|upkeep\n|\n|t:|1700626162\n|switch|p1a: Kingambit|Kingambit, M|44\/100\n|-damage|p1a: Kingambit|38\/100|[from] Stealth Rock\n|-activate|p1a: Kingambit|ability: Supreme Overlord\n|-start|p1a: Kingambit|fallen2|[silent]\n|turn|27\n|\n|t:|1700626182\n|move|p2a: Walking Wake|Dragon Dance|p2a: Walking Wake\n|-boost|p2a: Walking Wake|atk|1\n|-boost|p2a: Walking Wake|spe|1\n|move|p1a: Kingambit|Kowtow Cleave|p2a: Walking Wake\n|-damage|p2a: Walking Wake|0 fnt\n|faint|p2a: Walking Wake\n|-end|p2a: Walking Wake|Protosynthesis|[silent]\n|\n|upkeep\n|\n|t:|1700626193\n|switch|p2a: Arcanine|Arcanine-Hisui, F|59\/100\n|-damage|p2a: Arcanine|34\/100|[from] Stealth Rock\n|turn|28\n|\n|t:|1700626197\n|-end|p1a: Kingambit|fallen2|[silent]\n|switch|p1a: Alomomola|Alomomola, F, shiny|100\/100\n|-damage|p1a: Alomomola|88\/100|[from] Stealth Rock\n|move|p2a: Arcanine|Flare Blitz|p1a: Alomomola\n|-resisted|p1a: Alomomola\n|-damage|p1a: Alomomola|64\/100\n|\n|-heal|p1a: Alomomola|70\/100|[from] item: Leftovers\n|upkeep\n|turn|29\n|\n|t:|1700626205\n|move|p2a: Arcanine|Flare Blitz|p1a: Alomomola\n|-resisted|p1a: Alomomola\n|-damage|p1a: Alomomola|46\/100\n|move|p1a: Alomomola|Scald|p2a: Arcanine\n|-supereffective|p2a: Arcanine\n|-damage|p2a: Arcanine|0 fnt\n|faint|p2a: Arcanine\n|\n|-heal|p1a: Alomomola|52\/100|[from] item: Leftovers\n|upkeep\n|\n|t:|1700626211\n|switch|p2a: Kingambit|Kingambit, F|100\/100\n|-damage|p2a: Kingambit|94\/100|[from] Stealth Rock\n|-activate|p2a: Kingambit|ability: Supreme Overlord\n|-start|p2a: Kingambit|fallen5|[silent]\n|turn|30\n|\n|t:|1700626230\n|move|p1a: Alomomola|Scald|p2a: Kingambit\n|-damage|p2a: Kingambit|81\/100\n|move|p2a: Kingambit|Swords Dance|p2a: Kingambit\n|-boost|p2a: Kingambit|atk|2\n|\n|-heal|p1a: Alomomola|58\/100|[from] item: Leftovers\n|-heal|p2a: Kingambit|88\/100|[from] item: Leftovers\n|upkeep\n|turn|31\n|\n|t:|1700626239\n|move|p2a: Kingambit|Sucker Punch|p1a: Alomomola\n|-damage|p1a: Alomomola|0 fnt\n|faint|p1a: Alomomola\n|\n|-heal|p2a: Kingambit|94\/100|[from] item: Leftovers\n|upkeep\n|\n|t:|1700626243\n|switch|p1a: Ninetales|Ninetales-Alola, F|79\/100\n|-damage|p1a: Ninetales|54\/100|[from] Stealth Rock\n|-weather|Snow|[from] ability: Snow Warning|[of] p1a: Ninetales\n|turn|32\n|\n|t:|1700626249\n|move|p1a: Ninetales|Encore|p2a: Kingambit\n|-start|p2a: Kingambit|Encore\n|move|p2a: Kingambit|Sucker Punch||[still]\n|-fail|p2a: Kingambit\n|\n|-weather|Snow|[upkeep]\n|-heal|p2a: Kingambit|99\/100|[from] item: Leftovers\n|upkeep\n|turn|33\n|c|\u2606whatfanta|kill\n|\n|t:|1700626256\n|move|p2a: Kingambit|Sucker Punch||[still]\n|-fail|p2a: Kingambit\n|move|p1a: Ninetales|Aurora Veil|p1a: Ninetales\n|-sidestart|p1: Katsu6624|move: Aurora Veil\n|\n|-weather|Snow|[upkeep]\n|-heal|p2a: Kingambit|100\/100|[from] item: Leftovers\n|upkeep\n|turn|34\n|\n|t:|1700626258\n|move|p2a: Kingambit|Sucker Punch||[still]\n|-fail|p2a: Kingambit\n|move|p1a: Ninetales|Hypnosis|p2a: Kingambit\n|-status|p2a: Kingambit|slp|[from] move: Hypnosis\n|\n|-weather|Snow|[upkeep]\n|-end|p2a: Kingambit|Encore\n|upkeep\n|turn|35\n|\n|t:|1700626264\n|switch|p1a: Garchomp|Garchomp, M|54\/100\n|-damage|p1a: Garchomp|48\/100|[from] Stealth Rock\n|cant|p2a: Kingambit|slp\n|\n|-weather|Snow|[upkeep]\n|upkeep\n|turn|36\n|\n|t:|1700626272\n|-terastallize|p2a: Kingambit|Fairy\n|cant|p2a: Kingambit|slp\n|move|p1a: Garchomp|Swords Dance|p1a: Garchomp\n|-boost|p1a: Garchomp|atk|2\n|\n|-weather|none\n|upkeep\n|turn|37\n|\n|t:|1700626281\n|cant|p2a: Kingambit|slp\n|move|p1a: Garchomp|Earthquake|p2a: Kingambit\n|-damage|p2a: Kingambit|25\/100 slp\n|\n|-heal|p2a: Kingambit|31\/100 slp|[from] item: Leftovers\n|-sideend|p1: Katsu6624|move: Aurora Veil\n|upkeep\n|turn|38\n|\n|t:|1700626290\n|-curestatus|p2a: Kingambit|slp|[msg]\n|move|p2a: Kingambit|Sucker Punch|p1a: Garchomp\n|-damage|p1a: Garchomp|0 fnt\n|-damage|p2a: Kingambit|19\/100|[from] ability: Rough Skin|[of] p1a: Garchomp\n|faint|p1a: Garchomp\n|\n|-heal|p2a: Kingambit|25\/100|[from] item: Leftovers\n|upkeep\n|\n|t:|1700626296\n|switch|p1a: Ninetales|Ninetales-Alola, F|54\/100\n|-damage|p1a: Ninetales|29\/100|[from] Stealth Rock\n|-weather|Snow|[from] ability: Snow Warning|[of] p1a: Ninetales\n|turn|39\n|\n|t:|1700626301\n|move|p1a: Ninetales|Encore|p2a: Kingambit\n|-start|p2a: Kingambit|Encore\n|move|p2a: Kingambit|Sucker Punch||[still]\n|-fail|p2a: Kingambit\n|\n|-weather|Snow|[upkeep]\n|-heal|p2a: Kingambit|31\/100|[from] item: Leftovers\n|upkeep\n|turn|40\n|c|\u2606whatfanta|find god\n|inactive|whatfanta has 120 seconds left.\n|\n|t:|1700626338\n|move|p2a: Kingambit|Sucker Punch||[still]\n|-fail|p2a: Kingambit\n|move|p1a: Ninetales|Hypnosis|p2a: Kingambit\n|-status|p2a: Kingambit|slp|[from] move: Hypnosis\n|\n|-weather|Snow|[upkeep]\n|-heal|p2a: Kingambit|37\/100 slp|[from] item: Leftovers\n|upkeep\n|turn|41\n|\n|t:|1700626343\n|cant|p2a: Kingambit|slp\n|move|p1a: Ninetales|Freeze-Dry|p2a: Kingambit\n|-damage|p2a: Kingambit|18\/100 slp\n|\n|-weather|Snow|[upkeep]\n|-heal|p2a: Kingambit|24\/100 slp|[from] item: Leftovers\n|-end|p2a: Kingambit|Encore\n|upkeep\n|turn|42\n|\n|t:|1700626352\n|move|p1a: Ninetales|Freeze-Dry|p2a: Kingambit\n|-damage|p2a: Kingambit|2\/100 slp\n|cant|p2a: Kingambit|slp\n|\n|-weather|Snow|[upkeep]\n|-heal|p2a: Kingambit|9\/100 slp|[from] item: Leftovers\n|upkeep\n|turn|43\n|\n|t:|1700626360\n|-curestatus|p2a: Kingambit|slp|[msg]\n|move|p2a: Kingambit|Sucker Punch|p1a: Ninetales\n|-resisted|p1a: Ninetales\n|-damage|p1a: Ninetales|0 fnt\n|faint|p1a: Ninetales\n|\n|-weather|none\n|-heal|p2a: Kingambit|15\/100|[from] item: Leftovers\n|upkeep\n|\n|t:|1700626363\n|switch|p1a: Kingambit|Kingambit, M|38\/100\n|-damage|p1a: Kingambit|32\/100|[from] Stealth Rock\n|-activate|p1a: Kingambit|ability: Supreme Overlord\n|-start|p1a: Kingambit|fallen5|[silent]\n|turn|44\n|\n|t:|1700626371\n|move|p1a: Kingambit|Kowtow Cleave|p2a: Kingambit\n|-resisted|p2a: Kingambit\n|-damage|p2a: Kingambit|0 fnt\n|faint|p2a: Kingambit\n|-end|p2a: Kingambit|fallen5|[silent]\n|\n|win|Katsu6624\n|raw|Katsu6624's rating: 1294 &rarr; <strong>1312<\/strong><br \/>(+18 for winning)\n|raw|whatfanta's rating: 1194 &rarr; <strong>1176<\/strong><br \/>(-18 for losing)\n|l|\u2606whatfanta\n","uploadtime":1700626384,"views":1,"p1id":"katsu6624","p2id":"whatfanta","formatid":"gen9ou","rating":1176,"private":0,"password":""}