{"id":"gen9ou-1999375891","p1":"VivaHonduras","p2":"Ill Kennedy yall","format":"[Gen 9] OU","log":"|j|\u2606VivaHonduras\n|j|\u2606Ill Kennedy yall\n|t:|1701069585\n|gametype|singles\n|player|p1|VivaHonduras|170|1713\n|player|p2|Ill Kennedy yall|galacticgrunt|1851\n|teamsize|p1|6\n|teamsize|p2|6\n|gen|9\n|tier|[Gen 9] OU\n|rated|\n|rule|Sleep Clause Mod: Limit one foe put to sleep\n|rule|Species Clause: Limit one of each Pok\u00e9mon\n|rule|OHKO Clause: OHKO moves are banned\n|rule|Evasion Items Clause: Evasion items are banned\n|rule|Evasion Moves Clause: Evasion moves are banned\n|rule|Endless Battle Clause: Forcing endless battles is banned\n|rule|HP Percentage Mod: HP is shown in percentages\n|clearpoke\n|poke|p1|Sinistcha-Masterpiece|\n|poke|p1|Gholdengo|\n|poke|p1|Quaquaval, M|\n|poke|p1|Garganacl, F|\n|poke|p1|Garchomp, M|\n|poke|p1|Tornadus-Therian, M|\n|poke|p2|Samurott-Hisui, M|\n|poke|p2|Gholdengo|\n|poke|p2|Ceruledge, F|\n|poke|p2|Rillaboom, F|\n|poke|p2|Zamazenta-*|\n|poke|p2|Great Tusk|\n|teampreview\n|inactive|Battle timer is ON: inactive players will automatically lose when time's up. (requested by VivaHonduras)\n|\n|t:|1701069602\n|start\n|switch|p1a: Tornadus|Tornadus-Therian, M|100\/100\n|switch|p2a: Great Tusk|Great Tusk|100\/100\n|-enditem|p2a: Great Tusk|Booster Energy\n|-activate|p2a: Great Tusk|ability: Protosynthesis|[fromitem]\n|-start|p2a: Great Tusk|protosynthesisspe\n|turn|1\n|\n|t:|1701069607\n|move|p2a: Great Tusk|Ice Spinner|p1a: Tornadus\n|-supereffective|p1a: Tornadus\n|-damage|p1a: Tornadus|42\/100\n|move|p1a: Tornadus|Bleakwind Storm|p2a: Great Tusk\n|-supereffective|p2a: Great Tusk\n|-damage|p2a: Great Tusk|8\/100\n|\n|upkeep\n|turn|2\n|\n|t:|1701069616\n|switch|p1a: Quaquaval|Quaquaval, M|100\/100\n|move|p2a: Great Tusk|Ice Spinner|p1a: Quaquaval\n|-resisted|p1a: Quaquaval\n|-damage|p1a: Quaquaval|86\/100\n|\n|upkeep\n|turn|3\n|j| dasffsds\n|\n|t:|1701069621\n|move|p2a: Great Tusk|High Horsepower|p1a: Quaquaval\n|-damage|p1a: Quaquaval|41\/100\n|move|p1a: Quaquaval|Close Combat|p2a: Great Tusk\n|-damage|p2a: Great Tusk|0 fnt\n|-unboost|p1a: Quaquaval|def|1\n|-unboost|p1a: Quaquaval|spd|1\n|faint|p2a: Great Tusk\n|-end|p2a: Great Tusk|Protosynthesis|[silent]\n|-ability|p1a: Quaquaval|Moxie|boost\n|-boost|p1a: Quaquaval|atk|1\n|\n|upkeep\n|\n|t:|1701069626\n|switch|p2a: Rillaboom|Rillaboom, F|100\/100\n|-fieldstart|move: Grassy Terrain|[from] ability: Grassy Surge|[of] p2a: Rillaboom\n|turn|4\n|\n|t:|1701069641\n|switch|p1a: Gholdengo|Gholdengo|100\/100\n|move|p2a: Rillaboom|Grassy Glide|p1a: Gholdengo\n|-resisted|p1a: Gholdengo\n|-damage|p1a: Gholdengo|72\/100\n|-damage|p2a: Rillaboom|91\/100|[from] item: Life Orb\n|\n|-heal|p1a: Gholdengo|78\/100|[from] Grassy Terrain\n|-heal|p2a: Rillaboom|97\/100|[from] Grassy Terrain\n|upkeep\n|turn|5\n|j| ucica\n|\n|t:|1701069648\n|switch|p2a: Samurott|Samurott-Hisui, M, shiny|100\/100\n|move|p1a: Gholdengo|Make It Rain|p2a: Samurott\n|-resisted|p2a: Samurott\n|-damage|p2a: Samurott|55\/100\n|-unboost|p1a: Gholdengo|spa|1\n|\n|-heal|p1a: Gholdengo|84\/100|[from] Grassy Terrain\n|-heal|p2a: Samurott|61\/100|[from] Grassy Terrain\n|upkeep\n|turn|6\n|\n|t:|1701069653\n|switch|p1a: Garchomp|Garchomp, M|100\/100\n|move|p2a: Samurott|Ceaseless Edge|p1a: Garchomp\n|-damage|p1a: Garchomp|48\/100\n|-damage|p2a: Samurott|49\/100|[from] ability: Rough Skin|[of] p1a: Garchomp\n|-damage|p2a: Samurott|33\/100|[from] item: Rocky Helmet|[of] p1a: Garchomp\n|-sidestart|p1: VivaHonduras|Spikes\n|\n|-heal|p1a: Garchomp|54\/100|[from] Grassy Terrain\n|-heal|p2a: Samurott|39\/100|[from] Grassy Terrain\n|upkeep\n|turn|7\n|\n|t:|1701069661\n|switch|p2a: Zamazenta|Zamazenta|100\/100\n|-ability|p2a: Zamazenta|Dauntless Shield|boost\n|-boost|p2a: Zamazenta|def|1\n|move|p1a: Garchomp|Stealth Rock|p2a: Zamazenta\n|-sidestart|p2: Ill Kennedy yall|move: Stealth Rock\n|\n|-heal|p1a: Garchomp|60\/100|[from] Grassy Terrain\n|upkeep\n|turn|8\n|\n|t:|1701069667\n|move|p2a: Zamazenta|Iron Defense|p2a: Zamazenta\n|-boost|p2a: Zamazenta|def|2\n|move|p1a: Garchomp|Spikes|p2a: Zamazenta\n|-sidestart|p2: Ill Kennedy yall|Spikes\n|\n|-heal|p1a: Garchomp|66\/100|[from] Grassy Terrain\n|-fieldend|move: Grassy Terrain\n|upkeep\n|turn|9\n|\n|t:|1701069671\n|move|p2a: Zamazenta|Body Press|p1a: Garchomp\n|-damage|p1a: Garchomp|0 fnt\n|-damage|p2a: Zamazenta|88\/100|[from] ability: Rough Skin|[of] p1a: Garchomp\n|-damage|p2a: Zamazenta|72\/100|[from] item: Rocky Helmet|[of] p1a: Garchomp\n|faint|p1a: Garchomp\n|\n|-heal|p2a: Zamazenta|78\/100|[from] item: Leftovers\n|upkeep\n|\n|t:|1701069676\n|switch|p1a: Sinistcha|Sinistcha-Masterpiece|100\/100\n|-damage|p1a: Sinistcha|88\/100|[from] Spikes\n|turn|10\n|\n|t:|1701069679\n|move|p2a: Zamazenta|Crunch|p1a: Sinistcha\n|-supereffective|p1a: Sinistcha\n|-damage|p1a: Sinistcha|55\/100\n|-enditem|p1a: Sinistcha|Kee Berry|[eat]\n|-boost|p1a: Sinistcha|def|1|[from] item: Kee Berry\n|move|p1a: Sinistcha|Shadow Ball|p2a: Zamazenta\n|-damage|p2a: Zamazenta|45\/100\n|\n|-heal|p2a: Zamazenta|51\/100|[from] item: Leftovers\n|upkeep\n|turn|11\n|\n|t:|1701069682\n|move|p2a: Zamazenta|Crunch|p1a: Sinistcha\n|-supereffective|p1a: Sinistcha\n|-damage|p1a: Sinistcha|37\/100\n|move|p1a: Sinistcha|Strength Sap|p2a: Zamazenta\n|-unboost|p2a: Zamazenta|atk|1\n|-heal|p1a: Sinistcha|100\/100\n|\n|-heal|p2a: Zamazenta|57\/100|[from] item: Leftovers\n|upkeep\n|turn|12\n|\n|t:|1701069687\n|switch|p2a: Samurott|Samurott-Hisui, M, shiny|39\/100\n|-damage|p2a: Samurott|26\/100|[from] Stealth Rock\n|-damage|p2a: Samurott|14\/100|[from] Spikes\n|move|p1a: Sinistcha|Calm Mind|p1a: Sinistcha\n|-boost|p1a: Sinistcha|spa|1\n|-boost|p1a: Sinistcha|spd|1\n|\n|upkeep\n|turn|13\n|j| SoulDewRegice\n|\n|t:|1701069690\n|move|p2a: Samurott|Ceaseless Edge|p1a: Sinistcha\n|-supereffective|p1a: Sinistcha\n|-damage|p1a: Sinistcha|48\/100\n|-sidestart|p1: VivaHonduras|Spikes\n|move|p1a: Sinistcha|Strength Sap|p2a: Samurott\n|-unboost|p2a: Samurott|atk|1\n|-heal|p1a: Sinistcha|100\/100\n|\n|upkeep\n|turn|14\n|\n|t:|1701069699\n|move|p2a: Samurott|Ceaseless Edge|p1a: Sinistcha\n|-supereffective|p1a: Sinistcha\n|-damage|p1a: Sinistcha|62\/100\n|-sidestart|p1: VivaHonduras|Spikes\n|move|p1a: Sinistcha|Calm Mind|p1a: Sinistcha\n|-boost|p1a: Sinistcha|spa|1\n|-boost|p1a: Sinistcha|spd|1\n|\n|upkeep\n|turn|15\n|\n|t:|1701069703\n|move|p2a: Samurott|Ceaseless Edge|p1a: Sinistcha\n|-supereffective|p1a: Sinistcha\n|-damage|p1a: Sinistcha|28\/100\n|move|p1a: Sinistcha|Strength Sap|p2a: Samurott\n|-unboost|p2a: Samurott|atk|1\n|-heal|p1a: Sinistcha|94\/100\n|\n|upkeep\n|turn|16\n|\n|t:|1701069706\n|move|p2a: Samurott|Ceaseless Edge|p1a: Sinistcha\n|-supereffective|p1a: Sinistcha\n|-damage|p1a: Sinistcha|68\/100\n|move|p1a: Sinistcha|Matcha Gotcha|p2a: Samurott\n|-supereffective|p2a: Samurott\n|-damage|p2a: Samurott|0 fnt\n|-heal|p1a: Sinistcha|75\/100|[from] drain|[of] p2a: Samurott\n|faint|p2a: Samurott\n|\n|upkeep\n|\n|t:|1701069727\n|switch|p2a: Zamazenta|Zamazenta|57\/100\n|-damage|p2a: Zamazenta|51\/100|[from] Stealth Rock\n|-damage|p2a: Zamazenta|39\/100|[from] Spikes\n|turn|17\n|j| Noobula\n|inactive|VivaHonduras has 120 seconds left.\n|\n|t:|1701069761\n|move|p2a: Zamazenta|Crunch|p1a: Sinistcha\n|-supereffective|p1a: Sinistcha\n|-damage|p1a: Sinistcha|55\/100\n|move|p1a: Sinistcha|Strength Sap|p2a: Zamazenta\n|-unboost|p2a: Zamazenta|atk|1\n|-heal|p1a: Sinistcha|100\/100\n|\n|-heal|p2a: Zamazenta|45\/100|[from] item: Leftovers\n|upkeep\n|turn|18\n|\n|t:|1701069764\n|move|p2a: Zamazenta|Crunch|p1a: Sinistcha\n|-supereffective|p1a: Sinistcha\n|-damage|p1a: Sinistcha|87\/100\n|move|p1a: Sinistcha|Calm Mind|p1a: Sinistcha\n|-boost|p1a: Sinistcha|spa|1\n|-boost|p1a: Sinistcha|spd|1\n|\n|-heal|p2a: Zamazenta|51\/100|[from] item: Leftovers\n|upkeep\n|turn|19\n|\n|t:|1701069767\n|move|p2a: Zamazenta|Crunch|p1a: Sinistcha\n|-supereffective|p1a: Sinistcha\n|-damage|p1a: Sinistcha|73\/100\n|move|p1a: Sinistcha|Calm Mind|p1a: Sinistcha\n|-boost|p1a: Sinistcha|spa|1\n|-boost|p1a: Sinistcha|spd|1\n|\n|-heal|p2a: Zamazenta|57\/100|[from] item: Leftovers\n|upkeep\n|turn|20\n|\n|t:|1701069770\n|move|p2a: Zamazenta|Crunch|p1a: Sinistcha\n|-supereffective|p1a: Sinistcha\n|-damage|p1a: Sinistcha|61\/100\n|move|p1a: Sinistcha|Matcha Gotcha|p2a: Zamazenta\n|-damage|p2a: Zamazenta|0 fnt\n|-heal|p1a: Sinistcha|87\/100|[from] drain|[of] p2a: Zamazenta\n|faint|p2a: Zamazenta\n|\n|upkeep\n|j| Bad Players\n|\n|t:|1701069774\n|switch|p2a: Ceruledge|Ceruledge, F|100\/100\n|-damage|p2a: Ceruledge|76\/100|[from] Stealth Rock\n|-damage|p2a: Ceruledge|63\/100|[from] Spikes\n|turn|21\n|\n|t:|1701069780\n|move|p2a: Ceruledge|Bitter Blade|p1a: Sinistcha\n|-supereffective|p1a: Sinistcha\n|-damage|p1a: Sinistcha|67\/100\n|-heal|p2a: Ceruledge|76\/100|[from] drain|[of] p1a: Sinistcha\n|move|p1a: Sinistcha|Shadow Ball|p2a: Ceruledge\n|-supereffective|p2a: Ceruledge\n|-damage|p2a: Ceruledge|0 fnt\n|faint|p2a: Ceruledge\n|\n|upkeep\n|\n|t:|1701069785\n|switch|p2a: Gholdengo|Gholdengo|100\/100\n|-damage|p2a: Gholdengo|94\/100|[from] Stealth Rock\n|-damage|p2a: Gholdengo|82\/100|[from] Spikes\n|turn|22\n|\n|t:|1701069788\n|-terastallize|p1a: Sinistcha|Poison\n|move|p2a: Gholdengo|Shadow Ball|p1a: Sinistcha\n|-damage|p1a: Sinistcha|49\/100\n|move|p1a: Sinistcha|Shadow Ball|p2a: Gholdengo\n|-supereffective|p2a: Gholdengo\n|-damage|p2a: Gholdengo|0 fnt\n|faint|p2a: Gholdengo\n|\n|upkeep\n|-message|Ill Kennedy yall forfeited.\n|\n|win|VivaHonduras\n|raw|VivaHonduras's rating: 1713 &rarr; <strong>1741<\/strong><br \/>(+28 for winning)\n|raw|Ill Kennedy yall's rating: 1851 &rarr; <strong>1823<\/strong><br \/>(-28 for losing)\n|l|\u2606Ill Kennedy yall\n","uploadtime":1701069799,"views":23,"p1id":"vivahonduras","p2id":"illkennedyyall","formatid":"gen9ou","rating":1741,"private":0,"password":""}