{"id":"gen9ou-1996168028","p1":"jmiguel_1307","p2":"Dragonitefight","format":"[Gen 9] OU","log":"|j|\u2606jmiguel_1307\n|j|\u2606Dragonitefight\n|t:|1700654176\n|gametype|singles\n|player|p1|jmiguel_1307|101|1333\n|player|p2|Dragonitefight|2|1225\n|teamsize|p1|6\n|teamsize|p2|6\n|gen|9\n|tier|[Gen 9] OU\n|rated|\n|rule|Sleep Clause Mod: Limit one foe put to sleep\n|rule|Species Clause: Limit one of each Pok\u00e9mon\n|rule|OHKO Clause: OHKO moves are banned\n|rule|Evasion Items Clause: Evasion items are banned\n|rule|Evasion Moves Clause: Evasion moves are banned\n|rule|Endless Battle Clause: Forcing endless battles is banned\n|rule|HP Percentage Mod: HP is shown in percentages\n|clearpoke\n|poke|p1|Alomomola, M|\n|poke|p1|Garganacl, M|\n|poke|p1|Gholdengo|\n|poke|p1|Great Tusk|\n|poke|p1|Zamazenta-*|\n|poke|p1|Masquerain, F|\n|poke|p2|Arcanine-Hisui, F|\n|poke|p2|Yanmega, F|\n|poke|p2|Great Tusk|\n|poke|p2|Goodra-Hisui, M|\n|poke|p2|Leavanny, M|\n|poke|p2|Crawdaunt, F|\n|teampreview\n|\n|t:|1700654207\n|start\n|switch|p1a: Masquerain|Masquerain, F|100\/100\n|switch|p2a: Great Tusk|Great Tusk|100\/100\n|-ability|p1a: Masquerain|Intimidate|boost\n|-unboost|p2a: Great Tusk|atk|1\n|turn|1\n|\n|t:|1700654221\n|move|p1a: Masquerain|Sticky Web|p2a: Great Tusk\n|-sidestart|p2: Dragonitefight|move: Sticky Web\n|move|p2a: Great Tusk|Smack Down|p1a: Masquerain\n|-supereffective|p1a: Masquerain\n|-damage|p1a: Masquerain|40\/100\n|-start|p1a: Masquerain|Smack Down\n|\n|upkeep\n|turn|2\n|inactive|Battle timer is ON: inactive players will automatically lose when time's up. (requested by jmiguel_1307)\n|inactive|Dragonitefight has 120 seconds left.\n|\n|t:|1700654290\n|move|p1a: Masquerain|U-turn|p2a: Great Tusk\n|-resisted|p2a: Great Tusk\n|-damage|p2a: Great Tusk|97\/100\n|-damage|p1a: Masquerain|23\/100|[from] item: Rocky Helmet|[of] p2a: Great Tusk\n|\n|t:|1700654319\n|switch|p1a: Gholdengo|Gholdengo|100\/100|[from] U-turn\n|move|p2a: Great Tusk|Rapid Spin|p1a: Gholdengo\n|-immune|p1a: Gholdengo\n|\n|upkeep\n|turn|3\n|inactive|jmiguel_1307 has 120 seconds left.\n|\n|t:|1700654349\n|-end|p2a: Great Tusk|Protosynthesis|[silent]\n|switch|p2a: Goodra|Goodra-Hisui, M|100\/100\n|-activate|p2a: Goodra|move: Sticky Web\n|-unboost|p2a: Goodra|spe|1\n|move|p1a: Gholdengo|Dazzling Gleam|p2a: Goodra\n|-crit|p2a: Goodra\n|-damage|p2a: Goodra|72\/100\n|\n|upkeep\n|turn|4\n|\n|t:|1700654356\n|switch|p1a: Alomomola|Alomomola, M|100\/100\n|move|p2a: Goodra|Life Dew|p2a: Goodra\n|-heal|p2a: Goodra|97\/100\n|\n|upkeep\n|turn|5\n|inactive|jmiguel_1307 has 120 seconds left.\n|\n|t:|1700654377\n|move|p1a: Alomomola|Wish|p1a: Alomomola\n|move|p2a: Goodra|Acid Armor|p2a: Goodra\n|-boost|p2a: Goodra|def|2\n|\n|upkeep\n|turn|6\n|\n|t:|1700654382\n|move|p1a: Alomomola|Flip Turn|p2a: Goodra\n|-resisted|p2a: Goodra\n|-damage|p2a: Goodra|94\/100\n|-damage|p1a: Alomomola|84\/100|[from] item: Rocky Helmet|[of] p2a: Goodra\n|\n|t:|1700654384\n|switch|p1a: Masquerain|Masquerain, F|23\/100|[from] Flip Turn\n|-ability|p1a: Masquerain|Intimidate|boost\n|-unboost|p2a: Goodra|atk|1\n|move|p2a: Goodra|Acid Armor|p2a: Goodra\n|-boost|p2a: Goodra|def|2\n|\n|-heal|p1a: Masquerain|100\/100|[from] move: Wish|[wisher] Alomomola\n|upkeep\n|turn|7\n|\n|t:|1700654388\n|move|p1a: Masquerain|Stun Spore|p2a: Goodra\n|-ability|p2a: Goodra|Sap Sipper|boost\n|-boost|p2a: Goodra|atk|1\n|move|p2a: Goodra|Acid Spray|p1a: Masquerain\n|-damage|p1a: Masquerain|89\/100\n|-unboost|p1a: Masquerain|spd|2\n|\n|upkeep\n|turn|8\n|inactive|jmiguel_1307 has 120 seconds left.\n|\n|t:|1700654421\n|move|p1a: Masquerain|U-turn|p2a: Goodra\n|-resisted|p2a: Goodra\n|-damage|p2a: Goodra|93\/100\n|-damage|p1a: Masquerain|73\/100|[from] item: Rocky Helmet|[of] p2a: Goodra\n|\n|t:|1700654423\n|switch|p1a: Zamazenta|Zamazenta|100\/100|[from] U-turn\n|-ability|p1a: Zamazenta|Dauntless Shield|boost\n|-boost|p1a: Zamazenta|def|1\n|move|p2a: Goodra|Dragon Tail|p1a: Zamazenta\n|-damage|p1a: Zamazenta|88\/100\n|-damage|p2a: Goodra|76\/100|[from] item: Rocky Helmet|[of] p1a: Zamazenta\n|drag|p1a: Masquerain|Masquerain, F|73\/100\n|-ability|p1a: Masquerain|Intimidate|boost\n|-unboost|p2a: Goodra|atk|1\n|\n|upkeep\n|turn|9\n|\n|t:|1700654434\n|switch|p1a: Zamazenta|Zamazenta|88\/100\n|move|p2a: Goodra|Life Dew|p2a: Goodra\n|-heal|p2a: Goodra|100\/100\n|\n|upkeep\n|turn|10\n|inactive|jmiguel_1307 has 120 seconds left.\n|\n|t:|1700654460\n|move|p1a: Zamazenta|Iron Defense|p1a: Zamazenta\n|-boost|p1a: Zamazenta|def|2\n|move|p2a: Goodra|Dragon Tail|p1a: Zamazenta\n|-damage|p1a: Zamazenta|82\/100\n|-damage|p2a: Goodra|84\/100|[from] item: Rocky Helmet|[of] p1a: Zamazenta\n|drag|p1a: Alomomola|Alomomola, M|100\/100\n|\n|upkeep\n|turn|11\n|inactive|jmiguel_1307 has 120 seconds left.\n|\n|t:|1700654468\n|move|p1a: Alomomola|Wish|p1a: Alomomola\n|move|p2a: Goodra|Acid Spray|p1a: Alomomola\n|-damage|p1a: Alomomola|88\/100\n|-unboost|p1a: Alomomola|spd|2\n|\n|upkeep\n|turn|12\n|\n|t:|1700654477\n|move|p1a: Alomomola|Flip Turn|p2a: Goodra\n|-resisted|p2a: Goodra\n|-damage|p2a: Goodra|82\/100\n|-damage|p1a: Alomomola|71\/100|[from] item: Rocky Helmet|[of] p2a: Goodra\n|\n|t:|1700654482\n|switch|p1a: Zamazenta|Zamazenta|82\/100|[from] Flip Turn\n|move|p2a: Goodra|Dragon Tail|p1a: Zamazenta\n|-damage|p1a: Zamazenta|69\/100\n|-damage|p2a: Goodra|65\/100|[from] item: Rocky Helmet|[of] p1a: Zamazenta\n|drag|p1a: Masquerain|Masquerain, F|73\/100\n|-ability|p1a: Masquerain|Intimidate|boost\n|-unboost|p2a: Goodra|atk|1\n|\n|-heal|p1a: Masquerain|100\/100|[from] move: Wish|[wisher] Alomomola\n|upkeep\n|turn|13\n|\n|t:|1700654491\n|move|p1a: Masquerain|Air Slash|p2a: Goodra|[miss]\n|-miss|p1a: Masquerain|p2a: Goodra\n|move|p2a: Goodra|Life Dew|p2a: Goodra\n|-heal|p2a: Goodra|90\/100\n|\n|upkeep\n|turn|14\n|\n|t:|1700654496\n|move|p1a: Masquerain|Air Slash|p2a: Goodra\n|-resisted|p2a: Goodra\n|-damage|p2a: Goodra|82\/100\n|cant|p2a: Goodra|flinch\n|\n|upkeep\n|turn|15\n|\n|t:|1700654500\n|move|p1a: Masquerain|Air Slash|p2a: Goodra\n|-resisted|p2a: Goodra\n|-damage|p2a: Goodra|73\/100\n|cant|p2a: Goodra|flinch\n|\n|upkeep\n|turn|16\n|\n|t:|1700654504\n|move|p1a: Masquerain|Air Slash|p2a: Goodra\n|-resisted|p2a: Goodra\n|-damage|p2a: Goodra|64\/100\n|move|p2a: Goodra|Life Dew|p2a: Goodra\n|-heal|p2a: Goodra|89\/100\n|\n|upkeep\n|turn|17\n|\n|t:|1700654508\n|switch|p1a: Gholdengo|Gholdengo|100\/100\n|move|p2a: Goodra|Dragon Tail|p1a: Gholdengo\n|-resisted|p1a: Gholdengo\n|-damage|p1a: Gholdengo|95\/100\n|drag|p1a: Garganacl|Garganacl, M|100\/100\n|\n|upkeep\n|turn|18\n|\n|t:|1700654519\n|move|p1a: Garganacl|Salt Cure|p2a: Goodra\n|-resisted|p2a: Goodra\n|-damage|p2a: Goodra|87\/100\n|-start|p2a: Goodra|Salt Cure\n|move|p2a: Goodra|Dragon Tail|p1a: Garganacl\n|-damage|p1a: Garganacl|93\/100\n|drag|p1a: Masquerain|Masquerain, F|100\/100\n|-ability|p1a: Masquerain|Intimidate|boost\n|-unboost|p2a: Goodra|atk|1\n|\n|-damage|p2a: Goodra|63\/100|[from] Salt Cure\n|upkeep\n|turn|19\n|inactive|jmiguel_1307 has 120 seconds left.\n|\n|t:|1700654553\n|move|p1a: Masquerain|Air Slash|p2a: Goodra\n|-resisted|p2a: Goodra\n|-damage|p2a: Goodra|54\/100\n|move|p2a: Goodra|Life Dew|p2a: Goodra\n|-heal|p2a: Goodra|80\/100\n|\n|-damage|p2a: Goodra|55\/100|[from] Salt Cure\n|upkeep\n|turn|20\n|\n|t:|1700654567\n|switch|p2a: Arcanine|Arcanine-Hisui, F|100\/100\n|-activate|p2a: Arcanine|move: Sticky Web\n|-unboost|p2a: Arcanine|spe|1\n|move|p1a: Masquerain|Air Slash|p2a: Arcanine\n|-resisted|p2a: Arcanine\n|-damage|p2a: Arcanine|84\/100\n|\n|upkeep\n|turn|21\n|\n|t:|1700654580\n|switch|p2a: Leavanny|Leavanny, M|100\/100\n|-activate|p2a: Leavanny|move: Sticky Web\n|-unboost|p2a: Leavanny|spe|1\n|move|p1a: Masquerain|Stun Spore|p2a: Leavanny\n|-immune|p2a: Leavanny\n|\n|upkeep\n|turn|22\n|\n|t:|1700654597\n|switch|p2a: Arcanine|Arcanine-Hisui, F|84\/100\n|-activate|p2a: Arcanine|move: Sticky Web\n|-unboost|p2a: Arcanine|spe|1\n|move|p1a: Masquerain|Air Slash|p2a: Arcanine\n|-resisted|p2a: Arcanine\n|-crit|p2a: Arcanine\n|-damage|p2a: Arcanine|59\/100\n|\n|upkeep\n|turn|23\n|\n|t:|1700654601\n|move|p1a: Masquerain|Stun Spore|p2a: Arcanine\n|-status|p2a: Arcanine|par\n|cant|p2a: Arcanine|par\n|\n|upkeep\n|turn|24\n|\n|t:|1700654606\n|move|p1a: Masquerain|U-turn|p2a: Arcanine\n|-resisted|p2a: Arcanine\n|-damage|p2a: Arcanine|50\/100 par\n|c|\u2606Dragonitefight|The fucking luck\n|\n|t:|1700654610\n|switch|p1a: Alomomola|Alomomola, M|100\/100|[from] U-turn\n|move|p2a: Arcanine|Head Smash|p1a: Alomomola\n|-damage|p1a: Alomomola|36\/100\n|\n|upkeep\n|turn|25\n|c|\u2606Dragonitefight|flinches everywhere\n|\n|t:|1700654623\n|move|p1a: Alomomola|Scald|p2a: Arcanine\n|-supereffective|p2a: Arcanine\n|-damage|p2a: Arcanine|0 fnt\n|faint|p2a: Arcanine\n|\n|upkeep\n|\n|t:|1700654627\n|switch|p2a: Yanmega|Yanmega, F|100\/100\n|turn|26\n|\n|t:|1700654631\n|switch|p1a: Garganacl|Garganacl, M|93\/100\n|-terastallize|p2a: Yanmega|Bug\n|move|p2a: Yanmega|Bug Buzz|p1a: Garganacl\n|-damage|p1a: Garganacl|33\/100\n|\n|-heal|p1a: Garganacl|39\/100|[from] item: Leftovers\n|upkeep\n|turn|27\n|n|!Dragonitefight|dragonitefight\n|inactive|jmiguel_1307 has 120 seconds left.\n|\n|t:|1700654671\n|-terastallize|p1a: Garganacl|Ghost\n|move|p2a: Yanmega|Bug Buzz|p1a: Garganacl\n|-resisted|p1a: Garganacl\n|-damage|p1a: Garganacl|0 fnt\n|faint|p1a: Garganacl\n|\n|upkeep\n|\n|t:|1700654681\n|switch|p1a: Gholdengo|Gholdengo|95\/100\n|turn|28\n|\n|t:|1700654685\n|move|p1a: Gholdengo|Make It Rain|p2a: Yanmega\n|-damage|p2a: Yanmega|0 fnt\n|-unboost|p1a: Gholdengo|spa|1\n|faint|p2a: Yanmega\n|\n|upkeep\n|\n|t:|1700654692\n|switch|p2a: Crawdaunt|Crawdaunt, F|100\/100\n|-activate|p2a: Crawdaunt|move: Sticky Web\n|-unboost|p2a: Crawdaunt|spe|1\n|turn|29\n|\n|t:|1700654700\n|switch|p1a: Alomomola|Alomomola, M|70\/100\n|move|p2a: Crawdaunt|Crabhammer|p1a: Alomomola\n|-resisted|p1a: Alomomola\n|-damage|p1a: Alomomola|49\/100\n|\n|upkeep\n|turn|30\n|\n|t:|1700654704\n|move|p1a: Alomomola|Wish|p1a: Alomomola\n|move|p2a: Crawdaunt|Knock Off|p1a: Alomomola\n|-damage|p1a: Alomomola|9\/100\n|-enditem|p1a: Alomomola|Heavy-Duty Boots|[from] move: Knock Off|[of] p2a: Crawdaunt\n|\n|upkeep\n|turn|31\n|\n|t:|1700654720\n|switch|p1a: Zamazenta|Zamazenta|69\/100\n|switch|p2a: Great Tusk|Great Tusk|97\/100\n|-activate|p2a: Great Tusk|move: Sticky Web\n|-unboost|p2a: Great Tusk|spe|1\n|\n|-heal|p1a: Zamazenta|100\/100|[from] move: Wish|[wisher] Alomomola\n|upkeep\n|turn|32\n|\n|t:|1700654728\n|move|p1a: Zamazenta|Iron Defense|p1a: Zamazenta\n|-boost|p1a: Zamazenta|def|2\n|move|p2a: Great Tusk|Smack Down|p1a: Zamazenta\n|-resisted|p1a: Zamazenta\n|-damage|p1a: Zamazenta|97\/100\n|\n|upkeep\n|turn|33\n|\n|t:|1700654732\n|move|p1a: Zamazenta|Iron Defense|p1a: Zamazenta\n|-boost|p1a: Zamazenta|def|2\n|move|p2a: Great Tusk|Mud-Slap|p1a: Zamazenta\n|-damage|p1a: Zamazenta|94\/100\n|-unboost|p1a: Zamazenta|accuracy|1\n|\n|upkeep\n|turn|34\n|\n|t:|1700654735\n|move|p1a: Zamazenta|Iron Defense|p1a: Zamazenta\n|-boost|p1a: Zamazenta|def|2\n|move|p2a: Great Tusk|Mud-Slap|p1a: Zamazenta\n|-damage|p1a: Zamazenta|92\/100\n|-unboost|p1a: Zamazenta|accuracy|1\n|\n|upkeep\n|turn|35\n|\n|t:|1700654737\n|move|p1a: Zamazenta|Trailblaze|p2a: Great Tusk|[miss]\n|-miss|p1a: Zamazenta|p2a: Great Tusk\n|move|p2a: Great Tusk|Mud-Slap|p1a: Zamazenta\n|-damage|p1a: Zamazenta|89\/100\n|-unboost|p1a: Zamazenta|accuracy|1\n|\n|upkeep\n|turn|36\n|\n|t:|1700654741\n|switch|p1a: Alomomola|Alomomola, M|43\/100\n|move|p2a: Great Tusk|Mud-Slap|p1a: Alomomola\n|-damage|p1a: Alomomola|38\/100\n|-unboost|p1a: Alomomola|accuracy|1\n|\n|upkeep\n|turn|37\n|\n|t:|1700654745\n|move|p2a: Great Tusk|Rapid Spin|p1a: Alomomola\n|-damage|p1a: Alomomola|30\/100\n|-boost|p2a: Great Tusk|spe|1\n|-sideend|p2: Dragonitefight|Sticky Web|[from] move: Rapid Spin|[of] p2a: Great Tusk\n|move|p1a: Alomomola|Wish|p1a: Alomomola\n|\n|upkeep\n|turn|38\n|\n|t:|1700654752\n|-end|p2a: Great Tusk|Protosynthesis|[silent]\n|switch|p2a: Leavanny|Leavanny, M|100\/100\n|switch|p1a: Masquerain|Masquerain, F|100\/100\n|-ability|p1a: Masquerain|Intimidate|boost\n|-unboost|p2a: Leavanny|atk|1\n|\n|upkeep\n|turn|39\n|\n|t:|1700654757\n|switch|p2a: Goodra|Goodra-Hisui, M|55\/100\n|move|p1a: Masquerain|Air Slash|p2a: Goodra\n|-resisted|p2a: Goodra\n|-damage|p2a: Goodra|46\/100\n|\n|upkeep\n|turn|40\n|\n|t:|1700654759\n|move|p1a: Masquerain|U-turn|p2a: Goodra\n|-resisted|p2a: Goodra\n|-damage|p2a: Goodra|40\/100\n|-damage|p1a: Masquerain|84\/100|[from] item: Rocky Helmet|[of] p2a: Goodra\n|\n|t:|1700654763\n|switch|p1a: Zamazenta|Zamazenta|89\/100|[from] U-turn\n|move|p2a: Goodra|Life Dew|p2a: Goodra\n|-heal|p2a: Goodra|66\/100\n|\n|upkeep\n|turn|41\n|\n|t:|1700654766\n|move|p1a: Zamazenta|Iron Defense|p1a: Zamazenta\n|-boost|p1a: Zamazenta|def|2\n|move|p2a: Goodra|Dragon Tail|p1a: Zamazenta\n|-damage|p1a: Zamazenta|80\/100\n|-damage|p2a: Goodra|49\/100|[from] item: Rocky Helmet|[of] p1a: Zamazenta\n|drag|p1a: Gholdengo|Gholdengo|95\/100\n|\n|upkeep\n|turn|42\n|\n|t:|1700654773\n|move|p1a: Gholdengo|Trick|p2a: Goodra\n|-activate|p1a: Gholdengo|move: Trick|[of] p2a: Goodra\n|-item|p2a: Goodra|Choice Scarf|[from] move: Trick\n|-item|p1a: Gholdengo|Rocky Helmet|[from] move: Trick\n|move|p2a: Goodra|Life Dew|p2a: Goodra\n|-heal|p2a: Goodra|74\/100\n|\n|upkeep\n|turn|43\n|\n|t:|1700654780\n|switch|p2a: Crawdaunt|Crawdaunt, F|100\/100\n|move|p1a: Gholdengo|Shadow Ball|p2a: Crawdaunt\n|-resisted|p2a: Crawdaunt\n|-damage|p2a: Crawdaunt|64\/100\n|\n|upkeep\n|turn|44\n|\n|t:|1700654791\n|move|p1a: Gholdengo|Dazzling Gleam|p2a: Crawdaunt\n|-supereffective|p2a: Crawdaunt\n|-damage|p2a: Crawdaunt|0 fnt\n|faint|p2a: Crawdaunt\n|\n|upkeep\n|\n|t:|1700654794\n|switch|p2a: Leavanny|Leavanny, M|100\/100\n|turn|45\n|\n|t:|1700654804\n|move|p2a: Leavanny|Leaf Storm|p1a: Gholdengo\n|-resisted|p1a: Gholdengo\n|-damage|p1a: Gholdengo|67\/100\n|-unboost|p2a: Leavanny|spa|2\n|-damage|p2a: Leavanny|91\/100|[from] item: Life Orb\n|move|p1a: Gholdengo|Make It Rain|p2a: Leavanny\n|-damage|p2a: Leavanny|0 fnt\n|-unboost|p1a: Gholdengo|spa|1\n|faint|p2a: Leavanny\n|\n|upkeep\n|\n|t:|1700654815\n|switch|p2a: Great Tusk|Great Tusk|97\/100\n|turn|46\n|\n|t:|1700654819\n|switch|p1a: Alomomola|Alomomola, M|63\/100\n|move|p2a: Great Tusk|Mud-Slap|p1a: Alomomola\n|-crit|p1a: Alomomola\n|-damage|p1a: Alomomola|56\/100\n|-unboost|p1a: Alomomola|accuracy|1\n|\n|upkeep\n|turn|47\n|\n|t:|1700654823\n|move|p2a: Great Tusk|Mud-Slap|p1a: Alomomola\n|-damage|p1a: Alomomola|50\/100\n|-unboost|p1a: Alomomola|accuracy|1\n|move|p1a: Alomomola|Wish|p1a: Alomomola\n|\n|upkeep\n|turn|48\n|\n|t:|1700654832\n|move|p2a: Great Tusk|Rapid Spin|p1a: Alomomola\n|-damage|p1a: Alomomola|42\/100\n|-boost|p2a: Great Tusk|spe|1\n|move|p1a: Alomomola|Flip Turn|p2a: Great Tusk\n|-supereffective|p2a: Great Tusk\n|-damage|p2a: Great Tusk|82\/100\n|-damage|p1a: Alomomola|26\/100|[from] item: Rocky Helmet|[of] p2a: Great Tusk\n|\n|t:|1700654840\n|switch|p1a: Gholdengo|Gholdengo|67\/100|[from] Flip Turn\n|\n|-heal|p1a: Gholdengo|100\/100|[from] move: Wish|[wisher] Alomomola\n|upkeep\n|turn|49\n|\n|t:|1700654843\n|move|p2a: Great Tusk|Mud-Slap|p1a: Gholdengo\n|-supereffective|p1a: Gholdengo\n|-damage|p1a: Gholdengo|91\/100\n|-unboost|p1a: Gholdengo|accuracy|1\n|move|p1a: Gholdengo|Dazzling Gleam|p2a: Great Tusk\n|-supereffective|p2a: Great Tusk\n|-damage|p2a: Great Tusk|5\/100\n|\n|upkeep\n|turn|50\n|\n|t:|1700654847\n|move|p2a: Great Tusk|Mud-Slap|p1a: Gholdengo\n|-supereffective|p1a: Gholdengo\n|-damage|p1a: Gholdengo|81\/100\n|-unboost|p1a: Gholdengo|accuracy|1\n|move|p1a: Gholdengo|Dazzling Gleam|p2a: Great Tusk\n|-supereffective|p2a: Great Tusk\n|-damage|p2a: Great Tusk|0 fnt\n|faint|p2a: Great Tusk\n|-end|p2a: Great Tusk|Protosynthesis|[silent]\n|\n|upkeep\n|\n|t:|1700654850\n|switch|p2a: Goodra|Goodra-Hisui, M|74\/100\n|turn|51\n|-message|Dragonitefight forfeited.\n|\n|win|jmiguel_1307\n|raw|jmiguel_1307's rating: 1309 &rarr; <strong>1322<\/strong><br \/>(+13 for winning)\n|raw|Dragonitefight's rating: 1180 &rarr; <strong>1164<\/strong><br \/>(-16 for losing)\n","uploadtime":1700654638,"views":0,"p1id":"jmiguel1307","p2id":"dragonitefight","formatid":"gen9ou","rating":1164,"private":0,"password":""}