{"id":"gen9ou-1997119883","p1":"RSstar","p2":"Silly Croco","format":"[Gen 9] OU","log":"|j|\u2606RSstar\n|j|\u2606Silly Croco\n|t:|1700766499\n|gametype|singles\n|player|p1|RSstar|drayden|\n|player|p2|Silly Croco|alec-anime|\n|teamsize|p1|6\n|teamsize|p2|6\n|gen|9\n|tier|[Gen 9] OU\n|rule|Sleep Clause Mod: Limit one foe put to sleep\n|rule|Species Clause: Limit one of each Pok\u00e9mon\n|rule|OHKO Clause: OHKO moves are banned\n|rule|Evasion Items Clause: Evasion items are banned\n|rule|Evasion Moves Clause: Evasion moves are banned\n|rule|Endless Battle Clause: Forcing endless battles is banned\n|rule|HP Percentage Mod: HP is shown in percentages\n|clearpoke\n|poke|p1|Scizor, M|\n|poke|p1|Dondozo, F|\n|poke|p1|Ribombee, M|\n|poke|p1|Rillaboom, M|\n|poke|p1|Great Tusk|\n|poke|p1|Rotom-Heat|\n|poke|p2|Zapdos|\n|poke|p2|Heatran, M|\n|poke|p2|Great Tusk|\n|poke|p2|Rillaboom, M|\n|poke|p2|Weavile, M|\n|poke|p2|Manaphy|\n|teampreview\n|c|\u2606Silly Croco|oh boi\n|c|\u2606Silly Croco|the bee\n|\n|t:|1700766527\n|start\n|switch|p1a: Rotom|Rotom-Heat|100\/100\n|switch|p2a: Weavile|Weavile, M|100\/100\n|-ability|p2a: Weavile|Pressure\n|turn|1\n|\n|t:|1700766541\n|switch|p2a: Heatran|Heatran, M|100\/100\n|move|p1a: Rotom|Overheat|p2a: Heatran\n|-start|p2a: Heatran|ability: Flash Fire\n|\n|upkeep\n|turn|2\n|c|\u2606Silly Croco|thanks for the boost\n|c|\u2606RSstar|Fu you\n|\n|t:|1700766580\n|switch|p1a: Ribombee|Ribombee, M|100\/100\n|move|p2a: Heatran|Magma Storm|p1a: Ribombee\n|-supereffective|p1a: Ribombee\n|-enditem|p1a: Ribombee|Focus Sash\n|-damage|p1a: Ribombee|1\/100\n|-activate|p1a: Ribombee|move: Magma Storm|[of] p2a: Heatran\n|\n|-damage|p1a: Ribombee|0 fnt|[from] move: Magma Storm|[partiallytrapped]\n|faint|p1a: Ribombee\n|upkeep\n|c|\u2606RSstar|Bro i thought shield dust-\n|c|\u2606Silly Croco|trapping moves don't count as a secondary effect\n|\n|t:|1700766611\n|switch|p1a: Dondozo|Dondozo, F|100\/100\n|turn|3\n|c|\u2606Silly Croco|they're their own group\n|c|\u2606RSstar|\ud83d\ude2dMy deadass needs to face against more shit\n|\n|t:|1700766634\n|-end|p2a: Heatran|ability: Flash Fire|[silent]\n|switch|p2a: Zapdos|Zapdos|100\/100\n|move|p1a: Dondozo|Curse|p1a: Dondozo\n|-unboost|p1a: Dondozo|spe|1\n|-boost|p1a: Dondozo|atk|1\n|-boost|p1a: Dondozo|def|1\n|\n|upkeep\n|turn|4\n|\n|t:|1700766658\n|-terastallize|p1a: Dondozo|Ground\n|move|p2a: Zapdos|Hurricane|p1a: Dondozo\n|-damage|p1a: Dondozo|74\/100\n|move|p1a: Dondozo|Curse|p1a: Dondozo\n|-unboost|p1a: Dondozo|spe|1\n|-boost|p1a: Dondozo|atk|1\n|-boost|p1a: Dondozo|def|1\n|\n|-heal|p1a: Dondozo|80\/100|[from] item: Leftovers\n|upkeep\n|turn|5\n|c|\u2606Silly Croco|you learn from experience\n|c|\u2606Silly Croco|why ty my manaphy absolutely feasts on u now\n|\n|t:|1700766706\n|switch|p2a: Great Tusk|Great Tusk|100\/100\n|move|p1a: Dondozo|Avalanche|p2a: Great Tusk\n|-supereffective|p2a: Great Tusk\n|-damage|p2a: Great Tusk|68\/100\n|\n|-heal|p1a: Dondozo|86\/100|[from] item: Leftovers\n|upkeep\n|turn|6\n|\n|t:|1700766736\n|move|p2a: Great Tusk|Stealth Rock|p1a: Dondozo\n|-sidestart|p1: RSstar|move: Stealth Rock\n|move|p1a: Dondozo|Avalanche|p2a: Great Tusk\n|-supereffective|p2a: Great Tusk\n|-damage|p2a: Great Tusk|33\/100\n|\n|-heal|p1a: Dondozo|92\/100|[from] item: Leftovers\n|upkeep\n|turn|7\n|\n|t:|1700766748\n|move|p2a: Great Tusk|Headlong Rush|p1a: Dondozo\n|-damage|p1a: Dondozo|76\/100\n|-unboost|p2a: Great Tusk|def|1\n|-unboost|p2a: Great Tusk|spd|1\n|move|p1a: Dondozo|Body Press|p2a: Great Tusk\n|-damage|p2a: Great Tusk|6\/100\n|\n|-heal|p1a: Dondozo|82\/100|[from] item: Leftovers\n|upkeep\n|turn|8\n|\n|t:|1700766769\n|move|p2a: Great Tusk|Headlong Rush|p1a: Dondozo\n|-crit|p1a: Dondozo\n|-damage|p1a: Dondozo|37\/100\n|-unboost|p2a: Great Tusk|def|1\n|-unboost|p2a: Great Tusk|spd|1\n|move|p1a: Dondozo|Avalanche|p2a: Great Tusk\n|-supereffective|p2a: Great Tusk\n|-damage|p2a: Great Tusk|0 fnt\n|faint|p2a: Great Tusk\n|-end|p2a: Great Tusk|Protosynthesis|[silent]\n|\n|-heal|p1a: Dondozo|43\/100|[from] item: Leftovers\n|upkeep\n|c|\u2606RSstar|Bro wtf\n|c|\u2606Silly Croco|oof\n|\n|t:|1700766782\n|switch|p2a: Manaphy|Manaphy|100\/100\n|turn|9\n|\n|t:|1700766789\n|move|p2a: Manaphy|Scald|p1a: Dondozo\n|-supereffective|p1a: Dondozo\n|-damage|p1a: Dondozo|0 fnt\n|faint|p1a: Dondozo\n|\n|upkeep\n|\n|t:|1700766802\n|switch|p1a: Scizor|Scizor, M|100\/100\n|-damage|p1a: Scizor|88\/100|[from] Stealth Rock\n|turn|10\n|c|\u2606Silly Croco|even without the crit mana would've 1 shot with scald\n|c|\u2606Silly Croco|I only really needed the small headlong chit\n|\n|t:|1700766819\n|switch|p2a: Zapdos|Zapdos|100\/100\n|move|p1a: Scizor|Knock Off|p2a: Zapdos\n|-damage|p2a: Zapdos|61\/100\n|-enditem|p2a: Zapdos|Heavy-Duty Boots|[from] move: Knock Off|[of] p1a: Scizor\n|-damage|p1a: Scizor|78\/100|[from] item: Life Orb\n|\n|upkeep\n|turn|11\n|c|\u2606Silly Croco|chip*\n|\n|t:|1700766836\n|switch|p1a: Rotom|Rotom-Heat|100\/100\n|-damage|p1a: Rotom|76\/100|[from] Stealth Rock\n|move|p2a: Zapdos|Heat Wave|p1a: Rotom\n|-resisted|p1a: Rotom\n|-damage|p1a: Rotom|57\/100\n|\n|upkeep\n|turn|12\n|\n|t:|1700766856\n|switch|p2a: Heatran|Heatran, M|100\/100\n|move|p1a: Rotom|Volt Switch|p2a: Heatran\n|-damage|p2a: Heatran|79\/100\n|\n|t:|1700766864\n|switch|p1a: Great Tusk|Great Tusk|100\/100|[from] Volt Switch\n|-damage|p1a: Great Tusk|98\/100|[from] Stealth Rock\n|\n|-heal|p2a: Heatran|85\/100|[from] item: Leftovers\n|upkeep\n|turn|13\n|\n|t:|1700766884\n|switch|p2a: Weavile|Weavile, M|100\/100\n|-ability|p2a: Weavile|Pressure\n|move|p1a: Great Tusk|Rapid Spin|p2a: Weavile\n|-damage|p2a: Weavile|67\/100\n|-boost|p1a: Great Tusk|spe|1\n|-sideend|p1: RSstar|Stealth Rock|[from] move: Rapid Spin|[of] p1a: Great Tusk\n|\n|upkeep\n|turn|14\n|\n|t:|1700766895\n|switch|p2a: Zapdos|Zapdos|61\/100\n|move|p1a: Great Tusk|Ice Spinner|p2a: Zapdos\n|-supereffective|p2a: Zapdos\n|-damage|p2a: Zapdos|8\/100\n|\n|upkeep\n|turn|15\n|\n|t:|1700766918\n|move|p1a: Great Tusk|Rapid Spin|p2a: Zapdos\n|-damage|p2a: Zapdos|0 fnt\n|-boost|p1a: Great Tusk|spe|1\n|faint|p2a: Zapdos\n|\n|upkeep\n|\n|t:|1700766922\n|switch|p2a: Rillaboom|Rillaboom, M|100\/100\n|-fieldstart|move: Grassy Terrain|[from] ability: Grassy Surge|[of] p2a: Rillaboom\n|turn|16\n|\n|t:|1700766938\n|-terastallize|p2a: Rillaboom|Grass\n|move|p2a: Rillaboom|Grassy Glide|p1a: Great Tusk\n|-supereffective|p1a: Great Tusk\n|-damage|p1a: Great Tusk|0 fnt\n|-damage|p2a: Rillaboom|84\/100|[from] item: Rocky Helmet|[of] p1a: Great Tusk\n|faint|p1a: Great Tusk\n|-end|p1a: Great Tusk|Protosynthesis|[silent]\n|\n|-heal|p2a: Rillaboom|90\/100|[from] Grassy Terrain\n|upkeep\n|c|\u2606Silly Croco|bonk\n|\n|t:|1700766949\n|switch|p1a: Scizor|Scizor, M|78\/100\n|turn|17\n|\n|t:|1700766972\n|switch|p2a: Manaphy|Manaphy|100\/100\n|move|p1a: Scizor|Bug Bite|p2a: Manaphy\n|-damage|p2a: Manaphy|38\/100\n|-enditem|p2a: Manaphy|Lum Berry|[from] stealeat|[move] Bug Bite|[of] p1a: Scizor\n|-damage|p1a: Scizor|68\/100|[from] item: Life Orb\n|\n|-heal|p2a: Manaphy|44\/100|[from] Grassy Terrain\n|-heal|p1a: Scizor|74\/100|[from] Grassy Terrain\n|upkeep\n|turn|18\n|\n|t:|1700767001\n|move|p2a: Manaphy|Scald|p1a: Scizor\n|-damage|p1a: Scizor|32\/100\n|move|p1a: Scizor|Close Combat|p2a: Manaphy\n|-damage|p2a: Manaphy|0 fnt\n|-unboost|p1a: Scizor|def|1\n|-unboost|p1a: Scizor|spd|1\n|faint|p2a: Manaphy\n|-damage|p1a: Scizor|23\/100|[from] item: Life Orb\n|\n|-heal|p1a: Scizor|29\/100|[from] Grassy Terrain\n|upkeep\n|\n|t:|1700767009\n|switch|p2a: Rillaboom|Rillaboom, M, tera:Grass|90\/100\n|turn|19\n|\n|t:|1700767017\n|switch|p1a: Rillaboom|Rillaboom, M|100\/100\n|move|p2a: Rillaboom|Grassy Glide|p1a: Rillaboom\n|-resisted|p1a: Rillaboom\n|-damage|p1a: Rillaboom|64\/100\n|\n|-heal|p2a: Rillaboom|96\/100|[from] Grassy Terrain\n|-heal|p1a: Rillaboom|70\/100|[from] Grassy Terrain\n|upkeep\n|turn|20\n|c|\u2606RSstar|Jesus that damage\n|\n|t:|1700767035\n|switch|p2a: Heatran|Heatran, M|85\/100\n|move|p1a: Rillaboom|Drum Beating|p2a: Heatran\n|-resisted|p2a: Heatran\n|-damage|p2a: Heatran|74\/100\n|-unboost|p2a: Heatran|spe|1\n|\n|-heal|p1a: Rillaboom|76\/100|[from] Grassy Terrain\n|-heal|p2a: Heatran|81\/100|[from] Grassy Terrain\n|-heal|p2a: Heatran|87\/100|[from] item: Leftovers\n|-fieldend|move: Grassy Terrain\n|upkeep\n|turn|21\n|\n|t:|1700767048\n|move|p1a: Rillaboom|Stomping Tantrum|p2a: Heatran\n|-supereffective|p2a: Heatran\n|-damage|p2a: Heatran|5\/100\n|move|p2a: Heatran|Magma Storm|p1a: Rillaboom\n|-supereffective|p1a: Rillaboom\n|-damage|p1a: Rillaboom|14\/100\n|-activate|p1a: Rillaboom|move: Magma Storm|[of] p2a: Heatran\n|\n|-heal|p2a: Heatran|11\/100|[from] item: Leftovers\n|-damage|p1a: Rillaboom|2\/100|[from] move: Magma Storm|[partiallytrapped]\n|upkeep\n|turn|22\n|c|\u2606Silly Croco|heatran the goat\n|\n|t:|1700767063\n|move|p2a: Heatran|Protect|p2a: Heatran\n|-singleturn|p2a: Heatran|Protect\n|move|p1a: Rillaboom|Drum Beating|p2a: Heatran\n|-activate|p2a: Heatran|move: Protect\n|\n|-heal|p2a: Heatran|17\/100|[from] item: Leftovers\n|-damage|p1a: Rillaboom|0 fnt|[from] move: Magma Storm|[partiallytrapped]\n|faint|p1a: Rillaboom\n|upkeep\n|\n|t:|1700767073\n|switch|p1a: Rotom|Rotom-Heat|57\/100\n|turn|23\n|\n|t:|1700767101\n|switch|p2a: Rillaboom|Rillaboom, M, tera:Grass|96\/100\n|-fieldstart|move: Grassy Terrain|[from] ability: Grassy Surge|[of] p2a: Rillaboom\n|move|p1a: Rotom|Overheat|p2a: Rillaboom|[miss]\n|-miss|p1a: Rotom|p2a: Rillaboom\n|\n|-heal|p2a: Rillaboom|100\/100|[from] Grassy Terrain\n|upkeep\n|turn|24\n|c|\u2606Silly Croco|zamn\n|c|\u2606RSstar|OFC\n|\n|t:|1700767117\n|switch|p2a: Heatran|Heatran, M|17\/100\n|move|p1a: Rotom|Overheat|p2a: Heatran\n|-start|p2a: Heatran|ability: Flash Fire\n|\n|-heal|p2a: Heatran|24\/100|[from] Grassy Terrain\n|-heal|p2a: Heatran|30\/100|[from] item: Leftovers\n|upkeep\n|turn|25\n|\n|t:|1700767127\n|switch|p1a: Scizor|Scizor, M|29\/100\n|move|p2a: Heatran|Magma Storm|p1a: Scizor\n|-supereffective|p1a: Scizor\n|-damage|p1a: Scizor|0 fnt\n|faint|p1a: Scizor\n|\n|-heal|p2a: Heatran|36\/100|[from] Grassy Terrain\n|-heal|p2a: Heatran|42\/100|[from] item: Leftovers\n|upkeep\n|c|\u2606Silly Croco|that was a very lucky miss\n|c|\u2606RSstar|...\n|\n|t:|1700767147\n|switch|p1a: Rotom|Rotom-Heat|57\/100\n|turn|26\n|\n|t:|1700767163\n|move|p2a: Heatran|Protect|p2a: Heatran\n|-singleturn|p2a: Heatran|Protect\n|move|p1a: Rotom|Trick|p2a: Heatran\n|-activate|p2a: Heatran|move: Protect\n|\n|-heal|p2a: Heatran|48\/100|[from] Grassy Terrain\n|-heal|p2a: Heatran|55\/100|[from] item: Leftovers\n|upkeep\n|turn|27\n|c|\u2606RSstar|Gh\n|c|\u2606RSstar|Gg\n|\n|t:|1700767186\n|-end|p2a: Heatran|ability: Flash Fire|[silent]\n|switch|p2a: Weavile|Weavile, M|67\/100\n|-ability|p2a: Weavile|Pressure\n|move|p1a: Rotom|Trick|p2a: Weavile\n|-activate|p1a: Rotom|move: Trick|[of] p2a: Weavile\n|-item|p2a: Weavile|Choice Scarf|[from] move: Trick\n|-item|p1a: Rotom|Loaded Dice|[from] move: Trick\n|\n|-heal|p2a: Weavile|73\/100|[from] Grassy Terrain\n|-fieldend|move: Grassy Terrain\n|upkeep\n|turn|28\n|c|\u2606Silly Croco|ggs\n|\n|t:|1700767203\n|move|p2a: Weavile|Knock Off|p1a: Rotom\n|-damage|p1a: Rotom|0 fnt\n|-enditem|p1a: Rotom|Loaded Dice|[from] move: Knock Off|[of] p2a: Weavile\n|faint|p1a: Rotom\n|\n|win|Silly Croco\n|l|\u2606RSstar\n","uploadtime":1700767213,"views":18,"p1id":"rsstar","p2id":"sillycroco","formatid":"gen9ou","rating":0,"private":0,"password":""}