{"id":"gen9ou-1994902914","p1":"B B A U M","p2":"FatalOblivion","format":"[Gen 9] OU","log":"|j|\u2606B B A U M\n|j|\u2606FatalOblivion\n|t:|1700503213\n|gametype|singles\n|player|p1|B B A U M|roxanne|1376\n|player|p2|FatalOblivion|marley|1293\n|teamsize|p1|6\n|teamsize|p2|6\n|gen|9\n|tier|[Gen 9] OU\n|rated|\n|rule|Sleep Clause Mod: Limit one foe put to sleep\n|rule|Species Clause: Limit one of each Pok\u00e9mon\n|rule|OHKO Clause: OHKO moves are banned\n|rule|Evasion Items Clause: Evasion items are banned\n|rule|Evasion Moves Clause: Evasion moves are banned\n|rule|Endless Battle Clause: Forcing endless battles is banned\n|rule|HP Percentage Mod: HP is shown in percentages\n|clearpoke\n|poke|p1|Cinderace, F|\n|poke|p1|Umbreon, M|\n|poke|p1|Dragapult, M|\n|poke|p1|Breloom, M|\n|poke|p1|Gengar, F|\n|poke|p1|Azumarill, M|\n|poke|p2|Empoleon, M|\n|poke|p2|Ribombee, F|\n|poke|p2|Politoed, M|\n|poke|p2|Basculegion, M|\n|poke|p2|Indeedee, M|\n|poke|p2|Dragapult, F|\n|teampreview\n|inactive|Battle timer is ON: inactive players will automatically lose when time's up. (requested by FatalOblivion)\n|c|\u2606FatalOblivion|Gl hf\n|inactive|B B A U M has 120 seconds left.\n|\n|t:|1700503249\n|start\n|switch|p1a: Cinderace|Cinderace, F|100\/100\n|switch|p2a: The Jester|Ribombee, F|100\/100\n|turn|1\n|\n|t:|1700503277\n|move|p2a: The Jester|Stun Spore|p1a: Cinderace\n|-status|p1a: Cinderace|par\n|move|p1a: Cinderace|Pyro Ball|p2a: The Jester\n|-supereffective|p2a: The Jester\n|-enditem|p2a: The Jester|Focus Sash\n|-damage|p2a: The Jester|1\/100\n|\n|upkeep\n|turn|2\n|c|\u2606B B A U M|Ty u2\n|\n|t:|1700503294\n|switch|p2a: The Cook|Politoed, M|100\/100\n|-weather|RainDance|[from] ability: Drizzle|[of] p2a: The Cook\n|cant|p1a: Cinderace|par\n|\n|-weather|RainDance|[upkeep]\n|upkeep\n|turn|3\n|\n|t:|1700503311\n|switch|p1a: Azumarill|Azumarill, M|100\/100\n|move|p2a: The Cook|Weather Ball|p1a: Azumarill\n|-resisted|p1a: Azumarill\n|-damage|p1a: Azumarill|66\/100\n|\n|-weather|RainDance|[upkeep]\n|upkeep\n|turn|4\n|\n|t:|1700503322\n|move|p2a: The Cook|Psychic|p1a: Azumarill\n|-damage|p1a: Azumarill|35\/100\n|move|p1a: Azumarill|Play Rough|p2a: The Cook\n|-damage|p2a: The Cook|8\/100\n|\n|-weather|RainDance|[upkeep]\n|upkeep\n|turn|5\n|\n|t:|1700503335\n|switch|p2a: The Executioner|Basculegion, M|100\/100\n|move|p1a: Azumarill|Play Rough|p2a: The Executioner\n|-damage|p2a: The Executioner|0 fnt\n|faint|p2a: The Executioner\n|\n|-weather|RainDance|[upkeep]\n|upkeep\n|\n|t:|1700503343\n|switch|p2a: The Knight|Dragapult, F|100\/100\n|turn|6\n|\n|t:|1700503347\n|move|p2a: The Knight|Shadow Ball|p1a: Azumarill\n|-damage|p1a: Azumarill|0 fnt\n|faint|p1a: Azumarill\n|\n|-weather|RainDance|[upkeep]\n|upkeep\n|c|\u2606FatalOblivion|Oh Choice Band\n|\n|t:|1700503357\n|switch|p1a: Umbreon|Umbreon, M|100\/100\n|turn|7\n|\n|t:|1700503362\n|switch|p2a: The Jester|Ribombee, F|1\/100\n|move|p1a: Umbreon|Thunder Wave|p2a: The Jester\n|-status|p2a: The Jester|par\n|\n|-weather|RainDance|[upkeep]\n|upkeep\n|turn|8\n|\n|t:|1700503367\n|move|p2a: The Jester|Sticky Web|p1a: Umbreon\n|-sidestart|p1: B B A U M|move: Sticky Web\n|move|p1a: Umbreon|Foul Play|p2a: The Jester\n|-resisted|p2a: The Jester\n|-damage|p2a: The Jester|0 fnt\n|faint|p2a: The Jester\n|\n|-weather|RainDance|[upkeep]\n|upkeep\n|\n|t:|1700503373\n|switch|p2a: The EMPEROR|Empoleon, M, shiny|100\/100\n|turn|9\n|\n|t:|1700503378\n|-terastallize|p2a: The EMPEROR|Water\n|move|p2a: The EMPEROR|Weather Ball|p1a: Umbreon\n|-damage|p1a: Umbreon|1\/100\n|move|p1a: Umbreon|Thunder Wave|p2a: The EMPEROR|[miss]\n|-miss|p1a: Umbreon|p2a: The EMPEROR\n|\n|-weather|none\n|upkeep\n|turn|10\n|\n|t:|1700503388\n|move|p2a: The EMPEROR|Weather Ball|p1a: Umbreon\n|-damage|p1a: Umbreon|0 fnt\n|faint|p1a: Umbreon\n|\n|upkeep\n|c|\u2606FatalOblivion|Yay\n|\n|t:|1700503399\n|switch|p1a: Breloom|Breloom, M, shiny|100\/100\n|-activate|p1a: Breloom|move: Sticky Web\n|-unboost|p1a: Breloom|spe|1\n|turn|11\n|\n|t:|1700503405\n|switch|p2a: The Cook|Politoed, M|8\/100\n|-weather|RainDance|[from] ability: Drizzle|[of] p2a: The Cook\n|move|p1a: Breloom|Bullet Seed|p2a: The Cook\n|-supereffective|p2a: The Cook\n|-damage|p2a: The Cook|0 fnt\n|faint|p2a: The Cook\n|-hitcount|p2: The Cook|1\n|\n|-weather|RainDance|[upkeep]\n|upkeep\n|\n|t:|1700503415\n|switch|p2a: The Queen|Indeedee, M|100\/100\n|-fieldstart|move: Psychic Terrain|[from] ability: Psychic Surge|[of] p2a: The Queen\n|turn|12\n|\n|t:|1700503421\n|move|p2a: The Queen|Psychic|p1a: Breloom\n|-supereffective|p1a: Breloom\n|-damage|p1a: Breloom|0 fnt\n|faint|p1a: Breloom\n|\n|-weather|RainDance|[upkeep]\n|upkeep\n|\n|t:|1700503443\n|switch|p1a: Cinderace|Cinderace, F|100\/100 par\n|turn|13\n|\n|t:|1700503453\n|move|p2a: The Queen|Psychic|p1a: Cinderace\n|-damage|p1a: Cinderace|20\/100 par\n|move|p1a: Cinderace|Court Change|p1a: Cinderace\n|-swapsideconditions\n|-activate|p1a: Cinderace|move: Court Change\n|\n|-weather|RainDance|[upkeep]\n|upkeep\n|turn|14\n|\n|t:|1700503461\n|move|p2a: The Queen|Psychic|p1a: Cinderace\n|-damage|p1a: Cinderace|0 fnt\n|faint|p1a: Cinderace\n|\n|-weather|RainDance|[upkeep]\n|upkeep\n|\n|t:|1700503468\n|switch|p1a: Dragapult|Dragapult, M|100\/100\n|turn|15\n|c|\u2606FatalOblivion|Libero be like:\n|\n|t:|1700503472\n|move|p2a: The Queen|Psychic|p1a: Dragapult\n|-damage|p1a: Dragapult|29\/100\n|move|p1a: Dragapult|Shadow Ball|p2a: The Queen\n|-immune|p2a: The Queen\n|\n|-weather|RainDance|[upkeep]\n|upkeep\n|turn|16\n|c|\u2606FatalOblivion|..........\n|\n|t:|1700503484\n|switch|p1a: Gengar|Gengar, F|100\/100\n|move|p2a: The Queen|Psychic|p1a: Gengar\n|-supereffective|p1a: Gengar\n|-enditem|p1a: Gengar|Focus Sash\n|-damage|p1a: Gengar|1\/100\n|\n|-weather|RainDance|[upkeep]\n|-fieldend|move: Psychic Terrain\n|upkeep\n|turn|17\n|c|\u2606FatalOblivion|Ggs, I guess?\n|\n|t:|1700503501\n|move|p2a: The Queen|Psychic|p1a: Gengar\n|-supereffective|p1a: Gengar\n|-damage|p1a: Gengar|0 fnt\n|faint|p1a: Gengar\n|\n|-weather|RainDance|[upkeep]\n|upkeep\n|\n|t:|1700503503\n|switch|p1a: Dragapult|Dragapult, M|29\/100\n|turn|18\n|\n|t:|1700503509\n|move|p2a: The Queen|Psychic|p1a: Dragapult\n|-damage|p1a: Dragapult|0 fnt\n|faint|p1a: Dragapult\n|\n|win|FatalOblivion\n|raw|B B A U M's rating: 1376 &rarr; <strong>1351<\/strong><br \/>(-25 for losing)\n|raw|FatalOblivion's rating: 1293 &rarr; <strong>1324<\/strong><br \/>(+31 for winning)\n","uploadtime":1700503515,"views":12,"p1id":"bbaum","p2id":"fataloblivion","formatid":"gen9ou","rating":1324,"private":0,"password":""}