{"id":"gen9ou-1989919022","p1":"littensalt","p2":"Smelly Von Beli","format":"[Gen 9] OU","log":"|j|\u2606littensalt\n|j|\u2606Smelly Von Beli\n|t:|1699906714\n|gametype|singles\n|player|p1|littensalt|calem|1395\n|player|p2|Smelly Von Beli|brycenman|1308\n|teamsize|p1|6\n|teamsize|p2|6\n|gen|9\n|tier|[Gen 9] OU\n|rated|\n|rule|Sleep Clause Mod: Limit one foe put to sleep\n|rule|Species Clause: Limit one of each Pok\u00e9mon\n|rule|OHKO Clause: OHKO moves are banned\n|rule|Evasion Items Clause: Evasion items are banned\n|rule|Evasion Moves Clause: Evasion moves are banned\n|rule|Endless Battle Clause: Forcing endless battles is banned\n|rule|HP Percentage Mod: HP is shown in percentages\n|clearpoke\n|poke|p1|Thundurus-Therian, M|\n|poke|p1|Weezing-Galar, F|\n|poke|p1|Cinderace, M|\n|poke|p1|Dragapult, F|\n|poke|p1|Greninja-*, M|\n|poke|p1|Zamazenta-*|\n|poke|p2|Kingambit, F|\n|poke|p2|Garganacl, M|\n|poke|p2|Gholdengo|\n|poke|p2|Ribombee, F|\n|poke|p2|Blissey, F|\n|poke|p2|Iron Valiant|\n|teampreview\n|inactive|Battle timer is ON: inactive players will automatically lose when time's up. (requested by Smelly Von Beli)\n|\n|t:|1699906719\n|start\n|switch|p1a: FRANCHISE|Cinderace, M|100\/100\n|switch|p2a: Ribombee|Ribombee, F|100\/100\n|turn|1\n|\n|t:|1699906729\n|move|p2a: Ribombee|Trick|p1a: FRANCHISE\n|-activate|p2a: Ribombee|move: Trick|[of] p1a: FRANCHISE\n|-item|p1a: FRANCHISE|Choice Scarf|[from] move: Trick\n|-item|p2a: Ribombee|Heavy-Duty Boots|[from] move: Trick\n|move|p1a: FRANCHISE|Pyro Ball|p2a: Ribombee\n|-supereffective|p2a: Ribombee\n|-damage|p2a: Ribombee|0 fnt\n|faint|p2a: Ribombee\n|\n|upkeep\n|\n|t:|1699906738\n|switch|p2a: Garganacl|Garganacl, M|100\/100\n|turn|2\n|\n|t:|1699906741\n|switch|p1a: wheezy outta here|Weezing-Galar, F, shiny|100\/100\n|-ability|p1a: wheezy outta here|Neutralizing Gas\n|move|p2a: Garganacl|Curse|p2a: Garganacl\n|-unboost|p2a: Garganacl|spe|1\n|-boost|p2a: Garganacl|atk|1\n|-boost|p2a: Garganacl|def|1\n|\n|upkeep\n|turn|3\n|\n|t:|1699906749\n|move|p1a: wheezy outta here|Haze|p1a: wheezy outta here\n|-clearallboost\n|move|p2a: Garganacl|Curse|p2a: Garganacl\n|-unboost|p2a: Garganacl|spe|1\n|-boost|p2a: Garganacl|atk|1\n|-boost|p2a: Garganacl|def|1\n|\n|upkeep\n|turn|4\n|\n|t:|1699906756\n|move|p1a: wheezy outta here|Will-O-Wisp|p2a: Garganacl\n|-status|p2a: Garganacl|brn\n|move|p2a: Garganacl|Salt Cure|p1a: wheezy outta here\n|-damage|p1a: wheezy outta here|94\/100\n|-start|p1a: wheezy outta here|Salt Cure\n|\n|-damage|p2a: Garganacl|94\/100 brn|[from] brn\n|-damage|p1a: wheezy outta here|82\/100|[from] Salt Cure\n|upkeep\n|turn|5\n|\n|t:|1699906766\n|move|p1a: wheezy outta here|Haze|p1a: wheezy outta here\n|-clearallboost\n|move|p2a: Garganacl|Curse|p2a: Garganacl\n|-unboost|p2a: Garganacl|spe|1\n|-boost|p2a: Garganacl|atk|1\n|-boost|p2a: Garganacl|def|1\n|\n|-heal|p2a: Garganacl|100\/100 brn|[from] item: Leftovers\n|-damage|p2a: Garganacl|94\/100 brn|[from] brn\n|-damage|p1a: wheezy outta here|69\/100|[from] Salt Cure\n|upkeep\n|turn|6\n|\n|t:|1699906778\n|move|p1a: wheezy outta here|Haze|p1a: wheezy outta here\n|-clearallboost\n|move|p2a: Garganacl|Salt Cure|p1a: wheezy outta here\n|-damage|p1a: wheezy outta here|65\/100\n|\n|-heal|p2a: Garganacl|100\/100 brn|[from] item: Leftovers\n|-damage|p2a: Garganacl|94\/100 brn|[from] brn\n|-damage|p1a: wheezy outta here|52\/100|[from] Salt Cure\n|upkeep\n|turn|7\n|\n|t:|1699906788\n|move|p1a: wheezy outta here|Strange Steam|p2a: Garganacl\n|-damage|p2a: Garganacl|76\/100 brn\n|move|p2a: Garganacl|Curse|p2a: Garganacl\n|-unboost|p2a: Garganacl|spe|1\n|-boost|p2a: Garganacl|atk|1\n|-boost|p2a: Garganacl|def|1\n|\n|-heal|p2a: Garganacl|83\/100 brn|[from] item: Leftovers\n|-damage|p2a: Garganacl|76\/100 brn|[from] brn\n|-damage|p1a: wheezy outta here|40\/100|[from] Salt Cure\n|upkeep\n|turn|8\n|\n|t:|1699906800\n|move|p2a: Garganacl|Protect|p2a: Garganacl\n|-singleturn|p2a: Garganacl|Protect\n|move|p1a: wheezy outta here|Haze|p1a: wheezy outta here\n|-clearallboost\n|\n|-heal|p2a: Garganacl|83\/100 brn|[from] item: Leftovers\n|-damage|p2a: Garganacl|76\/100 brn|[from] brn\n|-damage|p1a: wheezy outta here|28\/100|[from] Salt Cure\n|upkeep\n|turn|9\n|\n|t:|1699906810\n|move|p1a: wheezy outta here|Pain Split|p2a: Garganacl\n|-sethp|p2a: Garganacl|50\/100 brn|[from] move: Pain Split|[silent]\n|-sethp|p1a: wheezy outta here|60\/100|[from] move: Pain Split\n|move|p2a: Garganacl|Recover|p2a: Garganacl\n|-heal|p2a: Garganacl|99\/100 brn\n|\n|-heal|p2a: Garganacl|100\/100 brn|[from] item: Leftovers\n|-damage|p2a: Garganacl|94\/100 brn|[from] brn\n|-damage|p1a: wheezy outta here|48\/100|[from] Salt Cure\n|upkeep\n|turn|10\n|\n|t:|1699906820\n|switch|p2a: Gholdengo|Gholdengo|100\/100\n|move|p1a: wheezy outta here|Pain Split|p2a: Gholdengo\n|-sethp|p2a: Gholdengo|75\/100|[from] move: Pain Split|[silent]\n|-sethp|p1a: wheezy outta here|72\/100|[from] move: Pain Split\n|\n|-damage|p1a: wheezy outta here|59\/100|[from] Salt Cure\n|upkeep\n|turn|11\n|\n|t:|1699906829\n|-end|p1a: wheezy outta here|ability: Neutralizing Gas\n|switch|p1a: FRANCHISE|Cinderace, M|100\/100\n|move|p2a: Gholdengo|Trick|p1a: FRANCHISE\n|-activate|p2a: Gholdengo|move: Trick|[of] p1a: FRANCHISE\n|-item|p1a: FRANCHISE|Choice Scarf|[from] move: Trick\n|-item|p2a: Gholdengo|Choice Scarf|[from] move: Trick\n|\n|upkeep\n|turn|12\n|\n|t:|1699906840\n|switch|p2a: Garganacl|Garganacl, M|94\/100 brn\n|move|p1a: FRANCHISE|Pyro Ball|p2a: Garganacl\n|-resisted|p2a: Garganacl\n|-damage|p2a: Garganacl|75\/100 brn\n|\n|-heal|p2a: Garganacl|82\/100 brn|[from] item: Leftovers\n|-damage|p2a: Garganacl|75\/100 brn|[from] brn\n|upkeep\n|turn|13\n|\n|t:|1699906849\n|switch|p1a: wheezy outta here|Weezing-Galar, F, shiny|59\/100\n|-ability|p1a: wheezy outta here|Neutralizing Gas\n|move|p2a: Garganacl|Salt Cure|p1a: wheezy outta here\n|-damage|p1a: wheezy outta here|55\/100\n|-start|p1a: wheezy outta here|Salt Cure\n|\n|-heal|p2a: Garganacl|82\/100 brn|[from] item: Leftovers\n|-damage|p2a: Garganacl|75\/100 brn|[from] brn\n|-damage|p1a: wheezy outta here|43\/100|[from] Salt Cure\n|upkeep\n|turn|14\n|\n|t:|1699906860\n|switch|p2a: Gholdengo|Gholdengo|75\/100\n|move|p1a: wheezy outta here|Pain Split|p2a: Gholdengo\n|-sethp|p2a: Gholdengo|60\/100|[from] move: Pain Split|[silent]\n|-sethp|p1a: wheezy outta here|57\/100|[from] move: Pain Split\n|\n|-damage|p1a: wheezy outta here|45\/100|[from] Salt Cure\n|upkeep\n|turn|15\n|\n|t:|1699906868\n|-end|p1a: wheezy outta here|ability: Neutralizing Gas\n|switch|p1a: FRANCHISE|Cinderace, M|100\/100\n|move|p2a: Gholdengo|Shadow Ball|p1a: FRANCHISE\n|-damage|p1a: FRANCHISE|35\/100\n|\n|upkeep\n|turn|16\n|\n|t:|1699906878\n|switch|p2a: Garganacl|Garganacl, M|75\/100 brn\n|move|p1a: FRANCHISE|Pyro Ball|p2a: Garganacl|[miss]\n|-miss|p1a: FRANCHISE|p2a: Garganacl\n|\n|-heal|p2a: Garganacl|82\/100 brn|[from] item: Leftovers\n|-damage|p2a: Garganacl|75\/100 brn|[from] brn\n|upkeep\n|turn|17\n|\n|t:|1699906887\n|switch|p1a: wheezy outta here|Weezing-Galar, F, shiny|45\/100\n|-ability|p1a: wheezy outta here|Neutralizing Gas\n|move|p2a: Garganacl|Salt Cure|p1a: wheezy outta here\n|-damage|p1a: wheezy outta here|40\/100\n|-start|p1a: wheezy outta here|Salt Cure\n|\n|-heal|p2a: Garganacl|82\/100 brn|[from] item: Leftovers\n|-damage|p2a: Garganacl|75\/100 brn|[from] brn\n|-damage|p1a: wheezy outta here|28\/100|[from] Salt Cure\n|upkeep\n|turn|18\n|\n|t:|1699906900\n|move|p2a: Garganacl|Protect|p2a: Garganacl\n|-singleturn|p2a: Garganacl|Protect\n|move|p1a: wheezy outta here|Pain Split|p2a: Garganacl\n|-activate|p2a: Garganacl|move: Protect\n|\n|-heal|p2a: Garganacl|82\/100 brn|[from] item: Leftovers\n|-damage|p2a: Garganacl|75\/100 brn|[from] brn\n|-damage|p1a: wheezy outta here|16\/100|[from] Salt Cure\n|upkeep\n|turn|19\n|\n|t:|1699906911\n|-terastallize|p2a: Garganacl|Ghost\n|move|p1a: wheezy outta here|Pain Split|p2a: Garganacl\n|-sethp|p2a: Garganacl|44\/100 brn|[from] move: Pain Split|[silent]\n|-sethp|p1a: wheezy outta here|54\/100|[from] move: Pain Split\n|move|p2a: Garganacl|Curse|p1a: wheezy outta here\n|-start|p1a: wheezy outta here|Curse|[of] p2a: Garganacl\n|-damage|p2a: Garganacl|0 fnt\n|faint|p2a: Garganacl\n|\n|-damage|p1a: wheezy outta here|29\/100|[from] Curse\n|-damage|p1a: wheezy outta here|17\/100|[from] Salt Cure\n|upkeep\n|\n|t:|1699906925\n|switch|p2a: Iron Valiant|Iron Valiant|100\/100\n|-enditem|p2a: Iron Valiant|Booster Energy\n|-activate|p2a: Iron Valiant|ability: Quark Drive|[fromitem]\n|-start|p2a: Iron Valiant|quarkdrivespe\n|turn|20\n|\n|t:|1699906930\n|move|p2a: Iron Valiant|Thunderbolt|p1a: wheezy outta here\n|-damage|p1a: wheezy outta here|0 fnt\n|faint|p1a: wheezy outta here\n|-end|p1a: wheezy outta here|ability: Neutralizing Gas\n|\n|upkeep\n|\n|t:|1699906934\n|switch|p1a: FRANCHISE|Cinderace, M|35\/100\n|turn|21\n|\n|t:|1699906941\n|move|p1a: FRANCHISE|Pyro Ball|p2a: Iron Valiant|[miss]\n|-miss|p1a: FRANCHISE|p2a: Iron Valiant\n|move|p2a: Iron Valiant|Moonblast|p1a: FRANCHISE\n|-resisted|p1a: FRANCHISE\n|-damage|p1a: FRANCHISE|3\/100\n|-unboost|p1a: FRANCHISE|spa|1\n|\n|upkeep\n|turn|22\n|\n|t:|1699906948\n|move|p1a: FRANCHISE|Pyro Ball|p2a: Iron Valiant\n|-damage|p2a: Iron Valiant|31\/100\n|move|p2a: Iron Valiant|Thunderbolt|p1a: FRANCHISE\n|-damage|p1a: FRANCHISE|0 fnt\n|faint|p1a: FRANCHISE\n|\n|upkeep\n|\n|t:|1699906957\n|switch|p1a: N95|Greninja, M|100\/100\n|turn|23\n|\n|t:|1699906961\n|move|p1a: N95|Water Shuriken|p2a: Iron Valiant\n|-damage|p2a: Iron Valiant|16\/100\n|-damage|p2a: Iron Valiant|0 fnt\n|faint|p2a: Iron Valiant\n|-end|p2a: Iron Valiant|Quark Drive|[silent]\n|-ability|p1a: N95|Battle Bond|boost\n|-boost|p1a: N95|atk|1\n|-boost|p1a: N95|spa|1\n|-boost|p1a: N95|spe|1\n|-activate|p1a: N95|ability: Battle Bond\n|-hitcount|p2: Iron Valiant|2\n|-damage|p1a: N95|91\/100|[from] item: Life Orb\n|\n|upkeep\n|\n|t:|1699906971\n|switch|p2a: Gholdengo|Gholdengo|60\/100\n|turn|24\n|\n|t:|1699906974\n|move|p1a: N95|Dark Pulse|p2a: Gholdengo\n|-supereffective|p2a: Gholdengo\n|-damage|p2a: Gholdengo|0 fnt\n|faint|p2a: Gholdengo\n|-damage|p1a: N95|81\/100|[from] item: Life Orb\n|\n|upkeep\n|\n|t:|1699906977\n|switch|p2a: Blissey|Blissey, F|100\/100\n|turn|25\n|\n|t:|1699906996\n|move|p1a: N95|Hydro Pump|p2a: Blissey|[miss]\n|-miss|p1a: N95|p2a: Blissey\n|move|p2a: Blissey|Thunder Wave|p1a: N95|[miss]\n|-miss|p2a: Blissey|p1a: N95\n|\n|upkeep\n|turn|26\n|\n|t:|1699907013\n|switch|p1a: 5g|Thundurus-Therian, M, shiny|100\/100\n|move|p2a: Blissey|Thunder Wave|p1a: 5g\n|-immune|p1a: 5g|[from] ability: Volt Absorb\n|\n|upkeep\n|turn|27\n|\n|t:|1699907019\n|move|p1a: 5g|Volt Switch|p2a: Blissey\n|-damage|p2a: Blissey|82\/100\n|\n|t:|1699907022\n|switch|p1a: november|Zamazenta|100\/100|[from] Volt Switch\n|-ability|p1a: november|Dauntless Shield|boost\n|-boost|p1a: november|def|1\n|move|p2a: Blissey|Stealth Rock|p1a: november\n|-sidestart|p1: littensalt|move: Stealth Rock\n|\n|-heal|p2a: Blissey|88\/100|[from] item: Leftovers\n|upkeep\n|turn|28\n|\n|t:|1699907032\n|move|p1a: november|Substitute|p1a: november\n|-start|p1a: november|Substitute\n|-damage|p1a: november|75\/100\n|move|p2a: Blissey|Thunder Wave||[still]\n|-fail|p2a: Blissey\n|\n|-heal|p1a: november|82\/100|[from] item: Leftovers\n|-heal|p2a: Blissey|95\/100|[from] item: Leftovers\n|upkeep\n|turn|29\n|-message|Smelly Von Beli forfeited.\n|\n|win|littensalt\n|raw|littensalt's rating: 1395 &rarr; <strong>1410<\/strong><br \/>(+15 for winning)\n|raw|Smelly Von Beli's rating: 1308 &rarr; <strong>1293<\/strong><br \/>(-15 for losing)\n|l|\u2606Smelly Von Beli\n","uploadtime":1699907043,"views":13,"p1id":"littensalt","p2id":"smellyvonbeli","formatid":"gen9ou","rating":1293,"private":0,"password":""}