{"id":"gen9ou-1993161308","p1":"Daniel 156","p2":"Make Paper","format":"[Gen 9] OU","log":"|j|\u2606Daniel 156\n|j|\u2606Make Paper\n|t:|1700272220\n|gametype|singles\n|player|p1|Daniel 156|169|1107\n|player|p2|Make Paper|piers|1021\n|teamsize|p1|6\n|teamsize|p2|6\n|gen|9\n|tier|[Gen 9] OU\n|rated|\n|rule|Sleep Clause Mod: Limit one foe put to sleep\n|rule|Species Clause: Limit one of each Pok\u00e9mon\n|rule|OHKO Clause: OHKO moves are banned\n|rule|Evasion Items Clause: Evasion items are banned\n|rule|Evasion Moves Clause: Evasion moves are banned\n|rule|Endless Battle Clause: Forcing endless battles is banned\n|rule|HP Percentage Mod: HP is shown in percentages\n|clearpoke\n|poke|p1|Maushold|\n|poke|p1|Rillaboom, M|\n|poke|p1|Great Tusk|\n|poke|p1|Heatran, F|\n|poke|p1|Enamorus, F|\n|poke|p1|Kingambit, M|\n|poke|p2|Arcanine-Hisui, F|\n|poke|p2|Rillaboom, M|\n|poke|p2|Inteleon, M|\n|poke|p2|Pikachu, F|\n|poke|p2|Typhlosion-Hisui, F|\n|poke|p2|Decidueye-Hisui, M|\n|teampreview\n|inactive|Battle timer is ON: inactive players will automatically lose when time's up. (requested by Daniel 156)\n|\n|t:|1700272233\n|start\n|switch|p1a: Rillaboom|Rillaboom, M|100\/100\n|switch|p2a: I can kill ghosts|Decidueye-Hisui, M, shiny|100\/100\n|-fieldstart|move: Grassy Terrain|[from] ability: Grassy Surge|[of] p1a: Rillaboom\n|turn|1\n|c|\u2606Make Paper|meet brad brad the decidgueye\n|\n|t:|1700272249\n|move|p2a: I can kill ghosts|Brave Bird|p1a: Rillaboom\n|-supereffective|p1a: Rillaboom\n|-damage|p1a: Rillaboom|14\/100\n|-damage|p2a: I can kill ghosts|70\/100|[from] Recoil\n|move|p1a: Rillaboom|U-turn|p2a: I can kill ghosts\n|-damage|p2a: I can kill ghosts|19\/100\n|c|\u2606Daniel 156|Cool\n|\n|t:|1700272274\n|switch|p1a: Enamorus|Enamorus, F|100\/100|[from] U-turn\n|\n|-heal|p2a: I can kill ghosts|25\/100|[from] Grassy Terrain\n|upkeep\n|turn|2\n|\n|t:|1700272282\n|switch|p2a: shniper|Inteleon, M|100\/100\n|move|p1a: Enamorus|Moonblast|p2a: shniper\n|-damage|p2a: shniper|8\/100\n|-unboost|p2a: shniper|spa|1\n|\n|-heal|p2a: shniper|14\/100|[from] Grassy Terrain\n|upkeep\n|turn|3\n|\n|t:|1700272297\n|move|p1a: Enamorus|Moonblast|p2a: shniper\n|-damage|p2a: shniper|0 fnt\n|faint|p2a: shniper\n|\n|upkeep\n|\n|t:|1700272303\n|switch|p2a: pika pika|Pikachu, F|100\/100\n|turn|4\n|\n|t:|1700272310\n|switch|p1a: Heatran|Heatran, F|100\/100\n|move|p2a: pika pika|Fake Out|p1a: Heatran\n|-resisted|p1a: Heatran\n|-damage|p1a: Heatran|94\/100\n|\n|-heal|p1a: Heatran|99\/100|[from] Grassy Terrain\n|-heal|p1a: Heatran|100\/100|[from] item: Leftovers\n|upkeep\n|turn|5\n|c|\u2606Make Paper|its pikachu\n|\n|t:|1700272320\n|move|p2a: pika pika|Nuzzle|p1a: Heatran\n|-damage|p1a: Heatran|89\/100\n|-status|p1a: Heatran|par\n|move|p1a: Heatran|Magma Storm|p2a: pika pika|[miss]\n|-miss|p1a: Heatran|p2a: pika pika\n|\n|-heal|p1a: Heatran|95\/100 par|[from] Grassy Terrain\n|-heal|p1a: Heatran|100\/100 par|[from] item: Leftovers\n|-fieldend|move: Grassy Terrain\n|upkeep\n|turn|6\n|c|\u2606Daniel 156|Nice\n|\n|t:|1700272331\n|move|p2a: pika pika|Knock Off|p1a: Heatran\n|-damage|p1a: Heatran|66\/100 par\n|-enditem|p1a: Heatran|Leftovers|[from] move: Knock Off|[of] p2a: pika pika\n|move|p1a: Heatran|Earth Power|p2a: pika pika\n|-supereffective|p2a: pika pika\n|-damage|p2a: pika pika|0 fnt\n|faint|p2a: pika pika\n|\n|upkeep\n|\n|t:|1700272340\n|switch|p2a: percussionist|Rillaboom, M, shiny|100\/100\n|-fieldstart|move: Grassy Terrain|[from] ability: Grassy Surge|[of] p2a: percussionist\n|-enditem|p2a: percussionist|Grassy Seed\n|-boost|p2a: percussionist|def|1|[from] item: Grassy Seed\n|turn|7\n|c|\u2606Daniel 156|What.\n|c|\u2606Daniel 156|Is this?\n|inactive|Daniel 156 has 120 seconds left.\n|\n|t:|1700272381\n|-terastallize|p2a: percussionist|Flying\n|move|p2a: percussionist|Swords Dance|p2a: percussionist\n|-boost|p2a: percussionist|atk|2\n|cant|p1a: Heatran|par\n|\n|-heal|p1a: Heatran|72\/100 par|[from] Grassy Terrain\n|upkeep\n|turn|8\n|\n|t:|1700272393\n|move|p2a: percussionist|Drain Punch|p1a: Heatran\n|-supereffective|p1a: Heatran\n|-damage|p1a: Heatran|0 fnt\n|faint|p1a: Heatran\n|\n|upkeep\n|inactive|Daniel 156 has 90 seconds left.\n|\n|t:|1700272423\n|switch|p1a: Maushold|Maushold|100\/100\n|turn|9\n|inactive|Daniel 156 has 90 seconds left.\n|\n|t:|1700272434\n|-terastallize|p1a: Maushold|Ghost\n|move|p1a: Maushold|Encore|p2a: percussionist\n|-start|p2a: percussionist|Encore\n|move|p2a: percussionist|Drain Punch|p1a: Maushold\n|-immune|p1a: Maushold\n|\n|upkeep\n|turn|10\n|\n|t:|1700272444\n|move|p1a: Maushold|Population Bomb|p2a: percussionist\n|-damage|p2a: percussionist|92\/100\n|-damage|p2a: percussionist|84\/100\n|-damage|p2a: percussionist|75\/100\n|-damage|p2a: percussionist|67\/100\n|-damage|p2a: percussionist|58\/100\n|-crit|p2a: percussionist\n|-damage|p2a: percussionist|41\/100\n|-damage|p2a: percussionist|34\/100\n|-damage|p2a: percussionist|25\/100\n|-damage|p2a: percussionist|16\/100\n|-damage|p2a: percussionist|8\/100\n|-hitcount|p2a: percussionist|10\n|move|p2a: percussionist|Drain Punch|p1a: Maushold\n|-immune|p1a: Maushold\n|\n|upkeep\n|turn|11\n|inactive|Daniel 156 has 90 seconds left.\n|\n|t:|1700272466\n|move|p1a: Maushold|Bite|p2a: percussionist\n|-damage|p2a: percussionist|0 fnt\n|faint|p2a: percussionist\n|\n|-fieldend|move: Grassy Terrain\n|upkeep\n|\n|t:|1700272473\n|switch|p2a: I can kill ghosts|Decidueye-Hisui, M, shiny|25\/100\n|turn|12\n|inactive|Daniel 156 has 90 seconds left.\n|\n|t:|1700272487\n|switch|p1a: devindian|Kingambit, M|100\/100\n|-activate|p1a: devindian|ability: Supreme Overlord\n|-start|p1a: devindian|fallen1|[silent]\n|move|p2a: I can kill ghosts|Knock Off|p1a: devindian\n|-resisted|p1a: devindian\n|-damage|p1a: devindian|89\/100\n|-enditem|p1a: devindian|Leftovers|[from] move: Knock Off|[of] p2a: I can kill ghosts\n|\n|upkeep\n|turn|13\n|\n|t:|1700272504\n|switch|p2a: Skeledirge at home|Typhlosion-Hisui, F|100\/100\n|move|p1a: devindian|Sucker Punch||[still]\n|-fail|p1a: devindian\n|\n|upkeep\n|turn|14\n|c|\u2606Make Paper|its skeledirge\n|\n|t:|1700272522\n|move|p1a: devindian|Sucker Punch|p2a: Skeledirge at home\n|-supereffective|p2a: Skeledirge at home\n|-damage|p2a: Skeledirge at home|0 fnt\n|faint|p2a: Skeledirge at home\n|\n|upkeep\n|\n|t:|1700272528\n|switch|p2a: I\u2019m a dog|Arcanine-Hisui, F, shiny|100\/100\n|turn|15\n|c|\u2606Daniel 156|Nice\n|\n|t:|1700272547\n|move|p2a: I\u2019m a dog|Flare Blitz|p1a: devindian\n|-supereffective|p1a: devindian\n|-damage|p1a: devindian|0 fnt\n|faint|p1a: devindian\n|-end|p1a: devindian|fallen1|[silent]\n|-damage|p2a: I\u2019m a dog|91\/100|[from] item: Life Orb\n|\n|upkeep\n|c|\u2606Make Paper|they\u2019re a dog\n|\n|t:|1700272561\n|switch|p1a: Great Tusk|Great Tusk|100\/100\n|turn|16\n|\n|t:|1700272568\n|move|p2a: I\u2019m a dog|Flare Blitz|p1a: Great Tusk\n|-damage|p1a: Great Tusk|55\/100\n|-damage|p2a: I\u2019m a dog|81\/100|[from] item: Life Orb\n|move|p1a: Great Tusk|Bulk Up|p1a: Great Tusk\n|-boost|p1a: Great Tusk|atk|1\n|-boost|p1a: Great Tusk|def|1\n|\n|-heal|p1a: Great Tusk|62\/100|[from] item: Leftovers\n|upkeep\n|turn|17\n|\n|t:|1700272578\n|move|p2a: I\u2019m a dog|Flare Blitz|p1a: Great Tusk\n|-damage|p1a: Great Tusk|28\/100\n|-damage|p2a: I\u2019m a dog|71\/100|[from] item: Life Orb\n|move|p1a: Great Tusk|Headlong Rush|p2a: I\u2019m a dog\n|-supereffective|p2a: I\u2019m a dog\n|-damage|p2a: I\u2019m a dog|0 fnt\n|-unboost|p1a: Great Tusk|def|1\n|-unboost|p1a: Great Tusk|spd|1\n|faint|p2a: I\u2019m a dog\n|\n|-heal|p1a: Great Tusk|35\/100|[from] item: Leftovers\n|upkeep\n|\n|t:|1700272590\n|switch|p2a: I can kill ghosts|Decidueye-Hisui, M, shiny|25\/100\n|turn|18\n|\n|t:|1700272596\n|move|p2a: I can kill ghosts|Triple Arrows|p1a: Great Tusk\n|-crit|p1a: Great Tusk\n|-damage|p1a: Great Tusk|0 fnt\n|faint|p1a: Great Tusk\n|-end|p1a: Great Tusk|Protosynthesis|[silent]\n|\n|upkeep\n|\n|t:|1700272605\n|switch|p1a: Enamorus|Enamorus, F|100\/100\n|turn|19\n|c|\u2606Make Paper|gg\n|\n|t:|1700272609\n|move|p1a: Enamorus|Moonblast|p2a: I can kill ghosts\n|-supereffective|p2a: I can kill ghosts\n|-damage|p2a: I can kill ghosts|0 fnt\n|faint|p2a: I can kill ghosts\n|\n|win|Daniel 156\n|raw|Daniel 156's rating: 1107 &rarr; <strong>1126<\/strong><br \/>(+19 for winning)\n|raw|Make Paper's rating: 1021 &rarr; <strong>1011<\/strong><br \/>(-10 for losing)\n|c|\u2606Daniel 156|gg\n|c|\u2606Make Paper|pikachu\n|c|\u2606Make Paper|I hate pikachu\n|c|\u2606Daniel 156|Why\n|c|\u2606Make Paper|overrated\n|c|\u2606Daniel 156|I agree\n|c|\u2606Make Paper|ash? Nah we got team rocket\n|c|\u2606Daniel 156|Yess meawoth is the best\n|c|\u2606Make Paper|personally James\n|c|\u2606Make Paper|alright I\u2019m gonna dip\n|c|\u2606Daniel 156|K\n|l|\u2606Make Paper\n|c|\u2606Daniel 156|Enjoy!\n","uploadtime":1700272924,"views":27,"p1id":"daniel156","p2id":"makepaper","formatid":"gen9ou","rating":1011,"private":0,"password":""}