{"id":"gen9ou-1998144642","p1":"KeeganBartends","p2":"KoziolKombat","format":"[Gen 9] OU","log":"|j|\u2606KeeganBartends\n|j|\u2606KoziolKombat\n|t:|1700899915\n|gametype|singles\n|player|p1|KeeganBartends|2|1334\n|player|p2|KoziolKombat|morty-masters2|1424\n|teamsize|p1|6\n|teamsize|p2|6\n|gen|9\n|tier|[Gen 9] OU\n|rated|\n|rule|Sleep Clause Mod: Limit one foe put to sleep\n|rule|Species Clause: Limit one of each Pok\u00e9mon\n|rule|OHKO Clause: OHKO moves are banned\n|rule|Evasion Items Clause: Evasion items are banned\n|rule|Evasion Moves Clause: Evasion moves are banned\n|rule|Endless Battle Clause: Forcing endless battles is banned\n|rule|HP Percentage Mod: HP is shown in percentages\n|clearpoke\n|poke|p1|Weavile, M|\n|poke|p1|Weezing-Galar, F|\n|poke|p1|Alomomola, M|\n|poke|p1|Ting-Lu|\n|poke|p1|Corviknight, F|\n|poke|p1|Dondozo, F|\n|poke|p2|Clefable, M|\n|poke|p2|Goodra-Hisui, M|\n|poke|p2|Great Tusk|\n|poke|p2|Ogerpon-Wellspring, F|\n|poke|p2|Skeledirge, M|\n|poke|p2|Mandibuzz, F|\n|teampreview\n|inactive|Battle timer is ON: inactive players will automatically lose when time's up. (requested by KeeganBartends)\n|inactive|KoziolKombat also wants the timer to be on.\n|\n|t:|1700899929\n|start\n|switch|p1a: Alomomola|Alomomola, M|100\/100\n|switch|p2a: Ogerpon|Ogerpon-Wellspring, F|100\/100\n|turn|1\n|\n|t:|1700899943\n|switch|p1a: Weezing|Weezing-Galar, F|100\/100\n|-ability|p1a: Weezing|Neutralizing Gas\n|move|p2a: Ogerpon|Taunt|p1a: Weezing\n|-start|p1a: Weezing|move: Taunt\n|\n|upkeep\n|turn|2\n|\n|t:|1700899953\n|move|p2a: Ogerpon|U-turn|p1a: Weezing\n|-resisted|p1a: Weezing\n|-damage|p1a: Weezing|96\/100\n|\n|t:|1700899957\n|switch|p2a: Goodra|Goodra-Hisui, M|100\/100|[from] U-turn\n|move|p1a: Weezing|Sludge Bomb|p2a: Goodra\n|-immune|p2a: Goodra\n|\n|upkeep\n|turn|3\n|\n|t:|1700899966\n|-end|p1a: Weezing|ability: Neutralizing Gas\n|switch|p1a: Corviknight|Corviknight, F|100\/100\n|-ability|p1a: Corviknight|Pressure\n|move|p2a: Goodra|Flash Cannon|p1a: Corviknight\n|-resisted|p1a: Corviknight\n|-damage|p1a: Corviknight|81\/100\n|\n|upkeep\n|turn|4\n|\n|t:|1700899987\n|switch|p1a: Dondozo|Dondozo, F|100\/100\n|move|p2a: Goodra|Thunderbolt|p1a: Dondozo\n|-supereffective|p1a: Dondozo\n|-damage|p1a: Dondozo|59\/100\n|\n|upkeep\n|turn|5\n|\n|t:|1700899995\n|switch|p1a: Ting-Lu|Ting-Lu|100\/100\n|-ability|p1a: Ting-Lu|Vessel of Ruin\n|move|p2a: Goodra|Draco Meteor|p1a: Ting-Lu\n|-damage|p1a: Ting-Lu|74\/100\n|-unboost|p2a: Goodra|spa|2\n|\n|-heal|p1a: Ting-Lu|80\/100|[from] item: Leftovers\n|upkeep\n|turn|6\n|\n|t:|1700900007\n|switch|p2a: Mandibuzz|Mandibuzz, F|100\/100\n|move|p1a: Ting-Lu|Stealth Rock|p2a: Mandibuzz\n|-sidestart|p2: KoziolKombat|move: Stealth Rock\n|\n|-heal|p1a: Ting-Lu|87\/100|[from] item: Leftovers\n|upkeep\n|turn|7\n|\n|t:|1700900016\n|switch|p1a: Weezing|Weezing-Galar, F|96\/100\n|-ability|p1a: Weezing|Neutralizing Gas\n|move|p2a: Mandibuzz|Toxic|p1a: Weezing\n|-immune|p1a: Weezing\n|\n|upkeep\n|turn|8\n|\n|t:|1700900031\n|move|p2a: Mandibuzz|Knock Off|p1a: Weezing\n|-resisted|p1a: Weezing\n|-damage|p1a: Weezing|89\/100\n|-enditem|p1a: Weezing|Heavy-Duty Boots|[from] move: Knock Off|[of] p2a: Mandibuzz\n|move|p1a: Weezing|Will-O-Wisp|p2a: Mandibuzz\n|-status|p2a: Mandibuzz|brn\n|\n|-damage|p2a: Mandibuzz|94\/100 brn|[from] brn\n|upkeep\n|turn|9\n|\n|t:|1700900050\n|switch|p2a: Goodra|Goodra-Hisui, M|100\/100\n|-damage|p2a: Goodra|94\/100|[from] Stealth Rock\n|move|p1a: Weezing|Will-O-Wisp|p2a: Goodra\n|-status|p2a: Goodra|brn\n|\n|-damage|p2a: Goodra|88\/100 brn|[from] brn\n|upkeep\n|turn|10\n|\n|t:|1700900063\n|-end|p1a: Weezing|ability: Neutralizing Gas\n|switch|p1a: Ting-Lu|Ting-Lu|87\/100\n|-ability|p1a: Ting-Lu|Vessel of Ruin\n|move|p2a: Goodra|Thunderbolt|p1a: Ting-Lu\n|-immune|p1a: Ting-Lu\n|\n|-heal|p1a: Ting-Lu|93\/100|[from] item: Leftovers\n|-damage|p2a: Goodra|82\/100 brn|[from] brn\n|upkeep\n|turn|11\n|\n|t:|1700900072\n|switch|p2a: Mandibuzz|Mandibuzz, F|94\/100 brn\n|move|p1a: Ting-Lu|Spikes|p2a: Mandibuzz\n|-sidestart|p2: KoziolKombat|Spikes\n|\n|-heal|p1a: Ting-Lu|99\/100|[from] item: Leftovers\n|-damage|p2a: Mandibuzz|88\/100 brn|[from] brn\n|upkeep\n|turn|12\n|\n|t:|1700900083\n|switch|p2a: Great Tusk|Great Tusk|100\/100\n|switch|p1a: Dondozo|Dondozo, F|59\/100\n|\n|upkeep\n|turn|13\n|\n|t:|1700900090\n|move|p2a: Great Tusk|Rapid Spin|p1a: Dondozo\n|-damage|p1a: Dondozo|48\/100\n|-boost|p2a: Great Tusk|spe|1\n|-sideend|p2: KoziolKombat|Spikes|[from] move: Rapid Spin|[of] p2a: Great Tusk\n|-sideend|p2: KoziolKombat|Stealth Rock|[from] move: Rapid Spin|[of] p2a: Great Tusk\n|move|p1a: Dondozo|Avalanche|p2a: Great Tusk\n|-supereffective|p2a: Great Tusk\n|-damage|p2a: Great Tusk|61\/100\n|\n|upkeep\n|turn|14\n|\n|t:|1700900099\n|switch|p1a: Corviknight|Corviknight, F|81\/100\n|-ability|p1a: Corviknight|Pressure\n|move|p2a: Great Tusk|Headlong Rush|p1a: Corviknight\n|-immune|p1a: Corviknight\n|\n|upkeep\n|turn|15\n|\n|t:|1700900106\n|-end|p2a: Great Tusk|Protosynthesis|[silent]\n|switch|p2a: Clefable|Clefable, M|100\/100\n|move|p1a: Corviknight|Iron Defense|p1a: Corviknight\n|-boost|p1a: Corviknight|def|2\n|\n|upkeep\n|turn|16\n|\n|t:|1700900112\n|move|p1a: Corviknight|Roost|p1a: Corviknight\n|-heal|p1a: Corviknight|100\/100\n|-singleturn|p1a: Corviknight|move: Roost\n|move|p2a: Clefable|Stealth Rock|p1a: Corviknight\n|-sidestart|p1: KeeganBartends|move: Stealth Rock\n|\n|upkeep\n|turn|17\n|\n|t:|1700900117\n|move|p1a: Corviknight|Iron Defense|p1a: Corviknight\n|-boost|p1a: Corviknight|def|2\n|move|p2a: Clefable|Moonblast|p1a: Corviknight\n|-resisted|p1a: Corviknight\n|-damage|p1a: Corviknight|83\/100\n|\n|upkeep\n|turn|18\n|\n|t:|1700900122\n|move|p1a: Corviknight|Iron Defense|p1a: Corviknight\n|-boost|p1a: Corviknight|def|2\n|move|p2a: Clefable|Moonblast|p1a: Corviknight\n|-resisted|p1a: Corviknight\n|-damage|p1a: Corviknight|68\/100\n|-unboost|p1a: Corviknight|spa|1\n|\n|upkeep\n|turn|19\n|\n|t:|1700900125\n|move|p1a: Corviknight|Roost|p1a: Corviknight\n|-heal|p1a: Corviknight|100\/100\n|-singleturn|p1a: Corviknight|move: Roost\n|move|p2a: Clefable|Moonblast|p1a: Corviknight\n|-resisted|p1a: Corviknight\n|-damage|p1a: Corviknight|84\/100\n|\n|upkeep\n|turn|20\n|\n|t:|1700900131\n|move|p1a: Corviknight|Defog|p2a: Clefable\n|-unboost|p2a: Clefable|evasion|1\n|-sideend|p1: KeeganBartends|Stealth Rock|[from] move: Defog|[of] p1a: Corviknight\n|move|p2a: Clefable|Moonblast|p1a: Corviknight\n|-resisted|p1a: Corviknight\n|-damage|p1a: Corviknight|67\/100\n|\n|upkeep\n|turn|21\n|\n|t:|1700900140\n|move|p1a: Corviknight|Body Press|p2a: Clefable\n|-resisted|p2a: Clefable\n|-damage|p2a: Clefable|61\/100\n|move|p2a: Clefable|Moonblast|p1a: Corviknight\n|-resisted|p1a: Corviknight\n|-damage|p1a: Corviknight|50\/100\n|\n|-heal|p2a: Clefable|67\/100|[from] item: Leftovers\n|upkeep\n|turn|22\n|\n|t:|1700900147\n|move|p1a: Corviknight|Body Press|p2a: Clefable\n|-resisted|p2a: Clefable\n|-crit|p2a: Clefable\n|-damage|p2a: Clefable|6\/100\n|move|p2a: Clefable|Wish|p2a: Clefable\n|\n|-heal|p2a: Clefable|12\/100|[from] item: Leftovers\n|upkeep\n|turn|23\n|\n|t:|1700900153\n|move|p2a: Clefable|Protect|p2a: Clefable\n|-singleturn|p2a: Clefable|Protect\n|move|p1a: Corviknight|Body Press|p2a: Clefable\n|-activate|p2a: Clefable|move: Protect\n|\n|-heal|p2a: Clefable|62\/100|[from] move: Wish|[wisher] Clefable\n|-heal|p2a: Clefable|68\/100|[from] item: Leftovers\n|upkeep\n|turn|24\n|\n|t:|1700900161\n|move|p1a: Corviknight|Roost|p1a: Corviknight\n|-heal|p1a: Corviknight|100\/100\n|-singleturn|p1a: Corviknight|move: Roost\n|move|p2a: Clefable|Wish|p2a: Clefable\n|\n|-heal|p2a: Clefable|74\/100|[from] item: Leftovers\n|upkeep\n|turn|25\n|\n|t:|1700900167\n|move|p1a: Corviknight|Body Press|p2a: Clefable\n|-resisted|p2a: Clefable\n|-damage|p2a: Clefable|35\/100\n|move|p2a: Clefable|Moonblast|p1a: Corviknight\n|-resisted|p1a: Corviknight\n|-damage|p1a: Corviknight|85\/100\n|\n|-heal|p2a: Clefable|85\/100|[from] move: Wish|[wisher] Clefable\n|-heal|p2a: Clefable|91\/100|[from] item: Leftovers\n|upkeep\n|turn|26\n|\n|t:|1700900182\n|switch|p1a: Weavile|Weavile, M|100\/100\n|-ability|p1a: Weavile|Pressure\n|move|p2a: Clefable|Moonblast|p1a: Weavile\n|-supereffective|p1a: Weavile\n|-damage|p1a: Weavile|32\/100\n|\n|-heal|p1a: Weavile|38\/100|[from] item: Leftovers\n|-heal|p2a: Clefable|97\/100|[from] item: Leftovers\n|upkeep\n|turn|27\n|\n|t:|1700900192\n|move|p1a: Weavile|Protect|p1a: Weavile\n|-singleturn|p1a: Weavile|Protect\n|move|p2a: Clefable|Moonblast|p1a: Weavile\n|-activate|p1a: Weavile|move: Protect\n|\n|-heal|p1a: Weavile|44\/100|[from] item: Leftovers\n|-heal|p2a: Clefable|100\/100|[from] item: Leftovers\n|upkeep\n|turn|28\n|\n|t:|1700900197\n|move|p1a: Weavile|Substitute|p1a: Weavile\n|-start|p1a: Weavile|Substitute\n|-damage|p1a: Weavile|19\/100\n|move|p2a: Clefable|Stealth Rock|p1a: Weavile\n|-sidestart|p1: KeeganBartends|move: Stealth Rock\n|\n|-heal|p1a: Weavile|25\/100|[from] item: Leftovers\n|upkeep\n|turn|29\n|\n|t:|1700900202\n|move|p1a: Weavile|Poison Jab|p2a: Clefable\n|-supereffective|p2a: Clefable\n|-damage|p2a: Clefable|70\/100\n|move|p2a: Clefable|Moonblast|p1a: Weavile\n|-supereffective|p1a: Weavile\n|-end|p1a: Weavile|Substitute\n|\n|-heal|p1a: Weavile|31\/100|[from] item: Leftovers\n|-heal|p2a: Clefable|76\/100|[from] item: Leftovers\n|upkeep\n|turn|30\n|\n|t:|1700900209\n|move|p1a: Weavile|Protect|p1a: Weavile\n|-singleturn|p1a: Weavile|Protect\n|move|p2a: Clefable|Moonblast|p1a: Weavile\n|-activate|p1a: Weavile|move: Protect\n|\n|-heal|p1a: Weavile|38\/100|[from] item: Leftovers\n|-heal|p2a: Clefable|82\/100|[from] item: Leftovers\n|upkeep\n|turn|31\n|\n|t:|1700900213\n|move|p1a: Weavile|Substitute|p1a: Weavile\n|-start|p1a: Weavile|Substitute\n|-damage|p1a: Weavile|13\/100\n|move|p2a: Clefable|Moonblast|p1a: Weavile\n|-supereffective|p1a: Weavile\n|-end|p1a: Weavile|Substitute\n|\n|-heal|p1a: Weavile|19\/100|[from] item: Leftovers\n|-heal|p2a: Clefable|88\/100|[from] item: Leftovers\n|upkeep\n|turn|32\n|\n|t:|1700900221\n|move|p1a: Weavile|Poison Jab|p2a: Clefable\n|-supereffective|p2a: Clefable\n|-damage|p2a: Clefable|56\/100\n|move|p2a: Clefable|Wish|p2a: Clefable\n|\n|-heal|p1a: Weavile|25\/100|[from] item: Leftovers\n|-heal|p2a: Clefable|62\/100|[from] item: Leftovers\n|upkeep\n|turn|33\n|\n|t:|1700900226\n|move|p1a: Weavile|Protect|p1a: Weavile\n|-singleturn|p1a: Weavile|Protect\n|move|p2a: Clefable|Moonblast|p1a: Weavile\n|-activate|p1a: Weavile|move: Protect\n|\n|-heal|p2a: Clefable|100\/100|[from] move: Wish|[wisher] Clefable\n|-heal|p1a: Weavile|31\/100|[from] item: Leftovers\n|upkeep\n|turn|34\n|\n|t:|1700900235\n|switch|p2a: Skeledirge|Skeledirge, M|100\/100\n|move|p1a: Weavile|Knock Off|p2a: Skeledirge\n|-supereffective|p2a: Skeledirge\n|-damage|p2a: Skeledirge|32\/100\n|-enditem|p2a: Skeledirge|Heavy-Duty Boots|[from] move: Knock Off|[of] p1a: Weavile\n|\n|-heal|p1a: Weavile|37\/100|[from] item: Leftovers\n|upkeep\n|turn|35\n|\n|t:|1700900251\n|switch|p2a: Goodra|Goodra-Hisui, M|82\/100 brn\n|move|p1a: Weavile|Substitute|p1a: Weavile\n|-start|p1a: Weavile|Substitute\n|-damage|p1a: Weavile|12\/100\n|\n|-heal|p1a: Weavile|19\/100|[from] item: Leftovers\n|-damage|p2a: Goodra|76\/100 brn|[from] brn\n|upkeep\n|turn|36\n|\n|t:|1700900257\n|move|p1a: Weavile|Protect|p1a: Weavile\n|-singleturn|p1a: Weavile|Protect\n|move|p2a: Goodra|Ice Beam|p1a: Weavile\n|-activate|p1a: Weavile|move: Protect\n|\n|-heal|p1a: Weavile|25\/100|[from] item: Leftovers\n|-damage|p2a: Goodra|70\/100 brn|[from] brn\n|upkeep\n|turn|37\n|\n|t:|1700900262\n|move|p1a: Weavile|Knock Off|p2a: Goodra\n|-damage|p2a: Goodra|33\/100 brn\n|-enditem|p2a: Goodra|Assault Vest|[from] move: Knock Off|[of] p1a: Weavile\n|move|p2a: Goodra|Ice Beam|p1a: Weavile\n|-resisted|p1a: Weavile\n|-activate|p1a: Weavile|move: Substitute|[damage]\n|\n|-heal|p1a: Weavile|31\/100|[from] item: Leftovers\n|-damage|p2a: Goodra|27\/100 brn|[from] brn\n|upkeep\n|turn|38\n|\n|t:|1700900269\n|move|p1a: Weavile|Protect|p1a: Weavile\n|-singleturn|p1a: Weavile|Protect\n|move|p2a: Goodra|Flash Cannon|p1a: Weavile\n|-activate|p1a: Weavile|move: Protect\n|\n|-heal|p1a: Weavile|37\/100|[from] item: Leftovers\n|-damage|p2a: Goodra|21\/100 brn|[from] brn\n|upkeep\n|turn|39\n|\n|t:|1700900274\n|move|p1a: Weavile|Knock Off|p2a: Goodra\n|-damage|p2a: Goodra|0 fnt\n|faint|p2a: Goodra\n|\n|-heal|p1a: Weavile|43\/100|[from] item: Leftovers\n|upkeep\n|\n|t:|1700900288\n|switch|p2a: Mandibuzz|Mandibuzz, F|88\/100 brn\n|turn|40\n|\n|t:|1700900298\n|move|p1a: Weavile|Knock Off|p2a: Mandibuzz\n|-resisted|p2a: Mandibuzz\n|-damage|p2a: Mandibuzz|78\/100 brn\n|-enditem|p2a: Mandibuzz|Heavy-Duty Boots|[from] move: Knock Off|[of] p1a: Weavile\n|move|p2a: Mandibuzz|Foul Play|p1a: Weavile\n|-resisted|p1a: Weavile\n|-end|p1a: Weavile|Substitute\n|\n|-heal|p1a: Weavile|49\/100|[from] item: Leftovers\n|-damage|p2a: Mandibuzz|72\/100 brn|[from] brn\n|upkeep\n|turn|41\n|\n|t:|1700900304\n|move|p1a: Weavile|Substitute|p1a: Weavile\n|-start|p1a: Weavile|Substitute\n|-damage|p1a: Weavile|24\/100\n|move|p2a: Mandibuzz|Toxic||[still]\n|-fail|p2a: Mandibuzz\n|\n|-heal|p1a: Weavile|31\/100|[from] item: Leftovers\n|-damage|p2a: Mandibuzz|66\/100 brn|[from] brn\n|upkeep\n|turn|42\n|\n|t:|1700900309\n|move|p1a: Weavile|Protect|p1a: Weavile\n|-singleturn|p1a: Weavile|Protect\n|move|p2a: Mandibuzz|Knock Off|p1a: Weavile\n|-activate|p1a: Weavile|move: Protect\n|\n|-heal|p1a: Weavile|37\/100|[from] item: Leftovers\n|-damage|p2a: Mandibuzz|59\/100 brn|[from] brn\n|upkeep\n|turn|43\n|\n|t:|1700900314\n|move|p1a: Weavile|Poison Jab|p2a: Mandibuzz\n|-damage|p2a: Mandibuzz|48\/100 brn\n|move|p2a: Mandibuzz|Foul Play|p1a: Weavile\n|-resisted|p1a: Weavile\n|-activate|p1a: Weavile|move: Substitute|[damage]\n|\n|-heal|p1a: Weavile|43\/100|[from] item: Leftovers\n|-damage|p2a: Mandibuzz|42\/100 brn|[from] brn\n|upkeep\n|turn|44\n|\n|t:|1700900319\n|move|p1a: Weavile|Protect|p1a: Weavile\n|-singleturn|p1a: Weavile|Protect\n|move|p2a: Mandibuzz|Foul Play|p1a: Weavile\n|-activate|p1a: Weavile|move: Protect\n|\n|-heal|p1a: Weavile|49\/100|[from] item: Leftovers\n|-damage|p2a: Mandibuzz|36\/100 brn|[from] brn\n|upkeep\n|turn|45\n|\n|t:|1700900326\n|move|p1a: Weavile|Poison Jab|p2a: Mandibuzz\n|-damage|p2a: Mandibuzz|23\/100 brn\n|move|p2a: Mandibuzz|Foul Play|p1a: Weavile\n|-resisted|p1a: Weavile\n|-end|p1a: Weavile|Substitute\n|\n|-heal|p1a: Weavile|55\/100|[from] item: Leftovers\n|-damage|p2a: Mandibuzz|17\/100 brn|[from] brn\n|upkeep\n|turn|46\n|\n|t:|1700900332\n|move|p1a: Weavile|Substitute|p1a: Weavile\n|-start|p1a: Weavile|Substitute\n|-damage|p1a: Weavile|30\/100\n|move|p2a: Mandibuzz|Roost|p2a: Mandibuzz\n|-heal|p2a: Mandibuzz|67\/100 brn\n|-singleturn|p2a: Mandibuzz|move: Roost\n|\n|-heal|p1a: Weavile|36\/100|[from] item: Leftovers\n|-damage|p2a: Mandibuzz|61\/100 brn|[from] brn\n|upkeep\n|turn|47\n|\n|t:|1700900338\n|move|p1a: Weavile|Protect|p1a: Weavile\n|-singleturn|p1a: Weavile|Protect\n|move|p2a: Mandibuzz|Roost|p2a: Mandibuzz\n|-heal|p2a: Mandibuzz|100\/100 brn\n|-singleturn|p2a: Mandibuzz|move: Roost\n|\n|-heal|p1a: Weavile|42\/100|[from] item: Leftovers\n|-damage|p2a: Mandibuzz|94\/100 brn|[from] brn\n|upkeep\n|turn|48\n|\n|t:|1700900342\n|move|p1a: Weavile|Poison Jab|p2a: Mandibuzz\n|-damage|p2a: Mandibuzz|81\/100 brn\n|move|p2a: Mandibuzz|Foul Play|p1a: Weavile\n|-resisted|p1a: Weavile\n|-activate|p1a: Weavile|move: Substitute|[damage]\n|\n|-heal|p1a: Weavile|49\/100|[from] item: Leftovers\n|-damage|p2a: Mandibuzz|75\/100 brn|[from] brn\n|upkeep\n|turn|49\n|\n|t:|1700900346\n|move|p1a: Weavile|Protect|p1a: Weavile\n|-singleturn|p1a: Weavile|Protect\n|move|p2a: Mandibuzz|Foul Play|p1a: Weavile\n|-activate|p1a: Weavile|move: Protect\n|\n|-heal|p1a: Weavile|55\/100|[from] item: Leftovers\n|-damage|p2a: Mandibuzz|69\/100 brn|[from] brn\n|upkeep\n|turn|50\n|\n|t:|1700900354\n|move|p1a: Weavile|Poison Jab|p2a: Mandibuzz\n|-damage|p2a: Mandibuzz|57\/100 brn\n|move|p2a: Mandibuzz|Foul Play|p1a: Weavile\n|-resisted|p1a: Weavile\n|-end|p1a: Weavile|Substitute\n|\n|-heal|p1a: Weavile|61\/100|[from] item: Leftovers\n|-damage|p2a: Mandibuzz|51\/100 brn|[from] brn\n|upkeep\n|turn|51\n|\n|t:|1700900366\n|switch|p1a: Alomomola|Alomomola, M|100\/100\n|-damage|p1a: Alomomola|88\/100|[from] Stealth Rock\n|move|p2a: Mandibuzz|Knock Off|p1a: Alomomola\n|-damage|p1a: Alomomola|81\/100\n|-enditem|p1a: Alomomola|Leftovers|[from] move: Knock Off|[of] p2a: Mandibuzz\n|\n|-damage|p2a: Mandibuzz|44\/100 brn|[from] brn\n|upkeep\n|turn|52\n|\n|t:|1700900378\n|move|p2a: Mandibuzz|Toxic|p1a: Alomomola\n|-status|p1a: Alomomola|tox\n|move|p1a: Alomomola|Wish|p1a: Alomomola\n|\n|-damage|p1a: Alomomola|75\/100 tox|[from] psn\n|-damage|p2a: Mandibuzz|38\/100 brn|[from] brn\n|upkeep\n|turn|53\n|\n|t:|1700900383\n|switch|p1a: Dondozo|Dondozo, F|48\/100\n|-damage|p1a: Dondozo|36\/100|[from] Stealth Rock\n|move|p2a: Mandibuzz|Roost|p2a: Mandibuzz\n|-heal|p2a: Mandibuzz|88\/100 brn\n|-singleturn|p2a: Mandibuzz|move: Roost\n|\n|-heal|p1a: Dondozo|83\/100|[from] move: Wish|[wisher] Alomomola\n|-damage|p2a: Mandibuzz|82\/100 brn|[from] brn\n|upkeep\n|turn|54\n|\n|t:|1700900393\n|move|p2a: Mandibuzz|Toxic|p1a: Dondozo\n|-status|p1a: Dondozo|tox\n|move|p1a: Dondozo|Avalanche|p2a: Mandibuzz\n|-supereffective|p2a: Mandibuzz\n|-damage|p2a: Mandibuzz|66\/100 brn\n|\n|-damage|p1a: Dondozo|77\/100 tox|[from] psn\n|-damage|p2a: Mandibuzz|60\/100 brn|[from] brn\n|upkeep\n|turn|55\n|\n|t:|1700900401\n|move|p2a: Mandibuzz|Knock Off|p1a: Dondozo\n|-damage|p1a: Dondozo|69\/100 tox\n|-enditem|p1a: Dondozo|Covert Cloak|[from] move: Knock Off|[of] p2a: Mandibuzz\n|move|p1a: Dondozo|Curse|p1a: Dondozo\n|-unboost|p1a: Dondozo|spe|1\n|-boost|p1a: Dondozo|atk|1\n|-boost|p1a: Dondozo|def|1\n|\n|-damage|p1a: Dondozo|57\/100 tox|[from] psn\n|-damage|p2a: Mandibuzz|53\/100 brn|[from] brn\n|upkeep\n|turn|56\n|\n|t:|1700900410\n|move|p2a: Mandibuzz|Roost|p2a: Mandibuzz\n|-heal|p2a: Mandibuzz|100\/100 brn\n|-singleturn|p2a: Mandibuzz|move: Roost\n|move|p1a: Dondozo|Curse|p1a: Dondozo\n|-unboost|p1a: Dondozo|spe|1\n|-boost|p1a: Dondozo|atk|1\n|-boost|p1a: Dondozo|def|1\n|\n|-damage|p1a: Dondozo|38\/100 tox|[from] psn\n|-damage|p2a: Mandibuzz|94\/100 brn|[from] brn\n|upkeep\n|turn|57\n|\n|t:|1700900418\n|move|p2a: Mandibuzz|Foul Play|p1a: Dondozo\n|-damage|p1a: Dondozo|34\/100 tox\n|move|p1a: Dondozo|Rest|p1a: Dondozo\n|-status|p1a: Dondozo|slp|[from] move: Rest\n|-heal|p1a: Dondozo|100\/100 slp|[silent]\n|\n|-damage|p2a: Mandibuzz|88\/100 brn|[from] brn\n|upkeep\n|turn|58\n|\n|t:|1700900435\n|switch|p2a: Ogerpon|Ogerpon-Wellspring, F|100\/100\n|switch|p1a: Alomomola|Alomomola, M|100\/100 tox\n|-damage|p1a: Alomomola|88\/100 tox|[from] Stealth Rock\n|\n|-damage|p1a: Alomomola|82\/100 tox|[from] psn\n|upkeep\n|turn|59\n|\n|t:|1700900442\n|switch|p1a: Corviknight|Corviknight, F|85\/100\n|-damage|p1a: Corviknight|73\/100|[from] Stealth Rock\n|-ability|p1a: Corviknight|Pressure\n|move|p2a: Ogerpon|Horn Leech|p1a: Corviknight\n|-resisted|p1a: Corviknight\n|-damage|p1a: Corviknight|65\/100\n|-damage|p2a: Ogerpon|84\/100|[from] item: Rocky Helmet|[of] p1a: Corviknight\n|\n|upkeep\n|turn|60\n|\n|t:|1700900457\n|switch|p2a: Skeledirge|Skeledirge, M|32\/100\n|move|p1a: Corviknight|Defog|p2a: Skeledirge\n|-unboost|p2a: Skeledirge|evasion|1\n|-sideend|p1: KeeganBartends|Stealth Rock|[from] move: Defog|[of] p1a: Corviknight\n|\n|upkeep\n|turn|61\n|\n|t:|1700900463\n|switch|p1a: Ting-Lu|Ting-Lu|99\/100\n|-ability|p1a: Ting-Lu|Vessel of Ruin\n|move|p2a: Skeledirge|Slack Off|p2a: Skeledirge\n|-heal|p2a: Skeledirge|82\/100\n|\n|-heal|p1a: Ting-Lu|100\/100|[from] item: Leftovers\n|upkeep\n|turn|62\n|\n|t:|1700900472\n|move|p2a: Skeledirge|Torch Song|p1a: Ting-Lu\n|-damage|p1a: Ting-Lu|85\/100\n|-boost|p2a: Skeledirge|spa|1\n|move|p1a: Ting-Lu|Stealth Rock|p2a: Skeledirge\n|-sidestart|p2: KoziolKombat|move: Stealth Rock\n|\n|-heal|p1a: Ting-Lu|91\/100|[from] item: Leftovers\n|upkeep\n|turn|63\n|\n|t:|1700900480\n|move|p2a: Skeledirge|Torch Song|p1a: Ting-Lu\n|-damage|p1a: Ting-Lu|65\/100\n|-boost|p2a: Skeledirge|spa|1\n|move|p1a: Ting-Lu|Earthquake|p2a: Skeledirge\n|-supereffective|p2a: Skeledirge\n|-damage|p2a: Skeledirge|15\/100\n|\n|-heal|p1a: Ting-Lu|71\/100|[from] item: Leftovers\n|upkeep\n|turn|64\n|\n|t:|1700900495\n|switch|p1a: Dondozo|Dondozo, F|100\/100 slp\n|move|p2a: Skeledirge|Slack Off|p2a: Skeledirge\n|-heal|p2a: Skeledirge|65\/100\n|\n|upkeep\n|turn|65\n|\n|t:|1700900503\n|move|p2a: Skeledirge|Torch Song|p1a: Dondozo\n|-resisted|p1a: Dondozo\n|-damage|p1a: Dondozo|89\/100 slp\n|-boost|p2a: Skeledirge|spa|1\n|cant|p1a: Dondozo|slp\n|\n|upkeep\n|turn|66\n|\n|t:|1700900512\n|move|p2a: Skeledirge|Shadow Ball|p1a: Dondozo\n|-damage|p1a: Dondozo|62\/100 slp\n|cant|p1a: Dondozo|slp\n|\n|upkeep\n|turn|67\n|\n|t:|1700900518\n|move|p2a: Skeledirge|Shadow Ball|p1a: Dondozo\n|-damage|p1a: Dondozo|38\/100 slp\n|-unboost|p1a: Dondozo|spd|1\n|-curestatus|p1a: Dondozo|slp|[msg]\n|move|p1a: Dondozo|Curse|p1a: Dondozo\n|-unboost|p1a: Dondozo|spe|1\n|-boost|p1a: Dondozo|atk|1\n|-boost|p1a: Dondozo|def|1\n|\n|upkeep\n|turn|68\n|\n|t:|1700900525\n|move|p2a: Skeledirge|Shadow Ball|p1a: Dondozo\n|-damage|p1a: Dondozo|13\/100\n|move|p1a: Dondozo|Rest|p1a: Dondozo\n|-status|p1a: Dondozo|slp|[from] move: Rest\n|-heal|p1a: Dondozo|100\/100 slp|[silent]\n|\n|upkeep\n|turn|69\n|\n|t:|1700900546\n|switch|p1a: Ting-Lu|Ting-Lu|71\/100\n|-ability|p1a: Ting-Lu|Vessel of Ruin\n|move|p2a: Skeledirge|Torch Song|p1a: Ting-Lu\n|-damage|p1a: Ting-Lu|26\/100\n|-boost|p2a: Skeledirge|spa|1\n|\n|-heal|p1a: Ting-Lu|33\/100|[from] item: Leftovers\n|upkeep\n|turn|70\n|\n|t:|1700900555\n|move|p2a: Skeledirge|Torch Song|p1a: Ting-Lu\n|-damage|p1a: Ting-Lu|0 fnt\n|-boost|p2a: Skeledirge|spa|1\n|faint|p1a: Ting-Lu\n|\n|upkeep\n|\n|t:|1700900569\n|switch|p1a: Alomomola|Alomomola, M|100\/100 tox\n|turn|71\n|\n|t:|1700900576\n|move|p2a: Skeledirge|Shadow Ball|p1a: Alomomola\n|-damage|p1a: Alomomola|0 fnt\n|faint|p1a: Alomomola\n|\n|upkeep\n|\n|t:|1700900584\n|switch|p1a: Weavile|Weavile, M|61\/100\n|-ability|p1a: Weavile|Pressure\n|turn|72\n|\n|t:|1700900593\n|move|p1a: Weavile|Protect|p1a: Weavile\n|-singleturn|p1a: Weavile|Protect\n|move|p2a: Skeledirge|Torch Song|p1a: Weavile\n|-activate|p1a: Weavile|move: Protect\n|\n|-heal|p1a: Weavile|67\/100|[from] item: Leftovers\n|upkeep\n|turn|73\n|\n|t:|1700900601\n|switch|p1a: Dondozo|Dondozo, F|100\/100 slp\n|move|p2a: Skeledirge|Torch Song|p1a: Dondozo\n|-resisted|p1a: Dondozo\n|-damage|p1a: Dondozo|87\/100 slp\n|-boost|p2a: Skeledirge|spa|1\n|\n|upkeep\n|turn|74\n|\n|t:|1700900608\n|move|p2a: Skeledirge|Slack Off|p2a: Skeledirge\n|-heal|p2a: Skeledirge|100\/100\n|cant|p1a: Dondozo|slp\n|\n|upkeep\n|turn|75\n|\n|t:|1700900611\n|move|p2a: Skeledirge|Shadow Ball|p1a: Dondozo\n|-damage|p1a: Dondozo|61\/100 slp\n|cant|p1a: Dondozo|slp\n|\n|upkeep\n|turn|76\n|\n|t:|1700900618\n|move|p2a: Skeledirge|Shadow Ball|p1a: Dondozo\n|-damage|p1a: Dondozo|34\/100 slp\n|-curestatus|p1a: Dondozo|slp|[msg]\n|move|p1a: Dondozo|Earthquake|p2a: Skeledirge\n|-supereffective|p2a: Skeledirge\n|-damage|p2a: Skeledirge|61\/100\n|\n|upkeep\n|turn|77\n|\n|t:|1700900625\n|-terastallize|p1a: Dondozo|Dark\n|move|p2a: Skeledirge|Shadow Ball|p1a: Dondozo\n|-resisted|p1a: Dondozo\n|-damage|p1a: Dondozo|21\/100\n|-unboost|p1a: Dondozo|spd|1\n|move|p1a: Dondozo|Rest|p1a: Dondozo\n|-status|p1a: Dondozo|slp|[from] move: Rest\n|-heal|p1a: Dondozo|100\/100 slp|[silent]\n|\n|upkeep\n|turn|78\n|\n|t:|1700900637\n|switch|p1a: Corviknight|Corviknight, F|65\/100\n|-ability|p1a: Corviknight|Pressure\n|move|p2a: Skeledirge|Torch Song|p1a: Corviknight\n|-supereffective|p1a: Corviknight\n|-damage|p1a: Corviknight|0 fnt\n|faint|p1a: Corviknight\n|\n|upkeep\n|\n|t:|1700900640\n|switch|p1a: Weavile|Weavile, M|67\/100\n|-ability|p1a: Weavile|Pressure\n|turn|79\n|\n|t:|1700900646\n|move|p1a: Weavile|Protect|p1a: Weavile\n|-singleturn|p1a: Weavile|Protect\n|move|p2a: Skeledirge|Torch Song|p1a: Weavile\n|-activate|p1a: Weavile|move: Protect\n|\n|-heal|p1a: Weavile|73\/100|[from] item: Leftovers\n|upkeep\n|turn|80\n|\n|t:|1700900649\n|switch|p1a: Dondozo|Dondozo, F, tera:Dark|100\/100 slp\n|move|p2a: Skeledirge|Torch Song|p1a: Dondozo\n|-damage|p1a: Dondozo|74\/100 slp\n|\n|upkeep\n|turn|81\n|\n|t:|1700900654\n|move|p2a: Skeledirge|Slack Off|p2a: Skeledirge\n|-heal|p2a: Skeledirge|100\/100\n|cant|p1a: Dondozo|slp\n|\n|upkeep\n|turn|82\n|\n|t:|1700900661\n|move|p2a: Skeledirge|Shadow Ball|p1a: Dondozo\n|-resisted|p1a: Dondozo\n|-damage|p1a: Dondozo|60\/100 slp\n|cant|p1a: Dondozo|slp\n|\n|upkeep\n|turn|83\n|\n|t:|1700900667\n|move|p2a: Skeledirge|Torch Song|p1a: Dondozo\n|-damage|p1a: Dondozo|35\/100 slp\n|-curestatus|p1a: Dondozo|slp|[msg]\n|move|p1a: Dondozo|Earthquake|p2a: Skeledirge\n|-supereffective|p2a: Skeledirge\n|-damage|p2a: Skeledirge|63\/100\n|\n|upkeep\n|turn|84\n|\n|t:|1700900679\n|move|p2a: Skeledirge|Torch Song|p1a: Dondozo\n|-damage|p1a: Dondozo|11\/100\n|move|p1a: Dondozo|Rest|p1a: Dondozo\n|-status|p1a: Dondozo|slp|[from] move: Rest\n|-heal|p1a: Dondozo|100\/100 slp|[silent]\n|\n|upkeep\n|turn|85\n|\n|t:|1700900688\n|switch|p1a: Weavile|Weavile, M|73\/100\n|-ability|p1a: Weavile|Pressure\n|move|p2a: Skeledirge|Slack Off|p2a: Skeledirge\n|-heal|p2a: Skeledirge|100\/100\n|\n|-heal|p1a: Weavile|79\/100|[from] item: Leftovers\n|upkeep\n|turn|86\n|\n|t:|1700900695\n|move|p1a: Weavile|Substitute|p1a: Weavile\n|-start|p1a: Weavile|Substitute\n|-damage|p1a: Weavile|54\/100\n|move|p2a: Skeledirge|Earth Power|p1a: Weavile\n|-end|p1a: Weavile|Substitute\n|\n|-heal|p1a: Weavile|61\/100|[from] item: Leftovers\n|upkeep\n|turn|87\n|\n|t:|1700900700\n|move|p1a: Weavile|Substitute|p1a: Weavile\n|-start|p1a: Weavile|Substitute\n|-damage|p1a: Weavile|36\/100\n|move|p2a: Skeledirge|Torch Song|p1a: Weavile\n|-supereffective|p1a: Weavile\n|-damage|p1a: Weavile|0 fnt\n|faint|p1a: Weavile\n|\n|upkeep\n|\n|t:|1700900705\n|switch|p1a: Dondozo|Dondozo, F, tera:Dark|100\/100 slp\n|turn|88\n|\n|t:|1700900712\n|move|p2a: Skeledirge|Shadow Ball|p1a: Dondozo\n|-resisted|p1a: Dondozo\n|-damage|p1a: Dondozo|87\/100 slp\n|-unboost|p1a: Dondozo|spd|1\n|cant|p1a: Dondozo|slp\n|\n|upkeep\n|turn|89\n|\n|t:|1700900717\n|move|p2a: Skeledirge|Shadow Ball|p1a: Dondozo\n|-resisted|p1a: Dondozo\n|-damage|p1a: Dondozo|74\/100 slp\n|cant|p1a: Dondozo|slp\n|\n|upkeep\n|turn|90\n|\n|t:|1700900722\n|move|p2a: Skeledirge|Shadow Ball|p1a: Dondozo\n|-resisted|p1a: Dondozo\n|-damage|p1a: Dondozo|61\/100 slp\n|-curestatus|p1a: Dondozo|slp|[msg]\n|move|p1a: Dondozo|Curse|p1a: Dondozo\n|-unboost|p1a: Dondozo|spe|1\n|-boost|p1a: Dondozo|atk|1\n|-boost|p1a: Dondozo|def|1\n|\n|upkeep\n|turn|91\n|\n|t:|1700900732\n|move|p2a: Skeledirge|Shadow Ball|p1a: Dondozo\n|-resisted|p1a: Dondozo\n|-damage|p1a: Dondozo|48\/100\n|-unboost|p1a: Dondozo|spd|1\n|move|p1a: Dondozo|Curse|p1a: Dondozo\n|-unboost|p1a: Dondozo|spe|1\n|-boost|p1a: Dondozo|atk|1\n|-boost|p1a: Dondozo|def|1\n|\n|upkeep\n|turn|92\n|\n|t:|1700900749\n|move|p2a: Skeledirge|Earth Power|p1a: Dondozo\n|-damage|p1a: Dondozo|28\/100\n|move|p1a: Dondozo|Rest|p1a: Dondozo\n|-status|p1a: Dondozo|slp|[from] move: Rest\n|-heal|p1a: Dondozo|100\/100 slp|[silent]\n|\n|upkeep\n|turn|93\n|\n|t:|1700900754\n|switch|p1a: Weezing|Weezing-Galar, F|89\/100\n|-ability|p1a: Weezing|Neutralizing Gas\n|move|p2a: Skeledirge|Shadow Ball|p1a: Weezing\n|-damage|p1a: Weezing|0 fnt\n|faint|p1a: Weezing\n|-end|p1a: Weezing|ability: Neutralizing Gas\n|\n|upkeep\n|\n|t:|1700900756\n|switch|p1a: Dondozo|Dondozo, F, tera:Dark|100\/100 slp\n|turn|94\n|\n|t:|1700900762\n|move|p2a: Skeledirge|Shadow Ball|p1a: Dondozo\n|-resisted|p1a: Dondozo\n|-damage|p1a: Dondozo|87\/100 slp\n|cant|p1a: Dondozo|slp\n|\n|upkeep\n|turn|95\n|\n|t:|1700900767\n|move|p2a: Skeledirge|Shadow Ball|p1a: Dondozo\n|-resisted|p1a: Dondozo\n|-crit|p1a: Dondozo\n|-damage|p1a: Dondozo|69\/100 slp\n|cant|p1a: Dondozo|slp\n|\n|upkeep\n|turn|96\n|\n|t:|1700900772\n|move|p2a: Skeledirge|Shadow Ball|p1a: Dondozo\n|-resisted|p1a: Dondozo\n|-damage|p1a: Dondozo|56\/100 slp\n|-unboost|p1a: Dondozo|spd|1\n|-curestatus|p1a: Dondozo|slp|[msg]\n|move|p1a: Dondozo|Earthquake|p2a: Skeledirge\n|-supereffective|p2a: Skeledirge\n|-damage|p2a: Skeledirge|61\/100\n|\n|upkeep\n|turn|97\n|\n|t:|1700900775\n|move|p2a: Skeledirge|Shadow Ball|p1a: Dondozo\n|-resisted|p1a: Dondozo\n|-damage|p1a: Dondozo|43\/100\n|move|p1a: Dondozo|Earthquake|p2a: Skeledirge\n|-supereffective|p2a: Skeledirge\n|-damage|p2a: Skeledirge|24\/100\n|\n|upkeep\n|turn|98\n|\n|t:|1700900782\n|move|p2a: Skeledirge|Slack Off|p2a: Skeledirge\n|-heal|p2a: Skeledirge|74\/100\n|move|p1a: Dondozo|Rest|p1a: Dondozo\n|-status|p1a: Dondozo|slp|[from] move: Rest\n|-heal|p1a: Dondozo|100\/100 slp|[silent]\n|\n|upkeep\n|turn|99\n|\n|t:|1700900788\n|move|p2a: Skeledirge|Shadow Ball|p1a: Dondozo\n|-resisted|p1a: Dondozo\n|-damage|p1a: Dondozo|87\/100 slp\n|cant|p1a: Dondozo|slp\n|\n|upkeep\n|turn|100\n|\n|t:|1700900793\n|move|p2a: Skeledirge|Shadow Ball|p1a: Dondozo\n|-resisted|p1a: Dondozo\n|-damage|p1a: Dondozo|74\/100 slp\n|-unboost|p1a: Dondozo|spd|1\n|cant|p1a: Dondozo|slp\n|\n|upkeep\n|turn|101\n|\n|t:|1700900797\n|move|p2a: Skeledirge|Shadow Ball|p1a: Dondozo\n|-resisted|p1a: Dondozo\n|-damage|p1a: Dondozo|62\/100 slp\n|-curestatus|p1a: Dondozo|slp|[msg]\n|move|p1a: Dondozo|Curse|p1a: Dondozo\n|-unboost|p1a: Dondozo|spe|1\n|-boost|p1a: Dondozo|atk|1\n|-boost|p1a: Dondozo|def|1\n|\n|upkeep\n|turn|102\n|\n|t:|1700900802\n|move|p2a: Skeledirge|Shadow Ball|p1a: Dondozo\n|-resisted|p1a: Dondozo\n|-damage|p1a: Dondozo|48\/100\n|move|p1a: Dondozo|Curse|p1a: Dondozo\n|-unboost|p1a: Dondozo|spe|1\n|-boost|p1a: Dondozo|atk|1\n|-boost|p1a: Dondozo|def|1\n|\n|upkeep\n|turn|103\n|\n|t:|1700900805\n|move|p2a: Skeledirge|Shadow Ball|p1a: Dondozo\n|-resisted|p1a: Dondozo\n|-damage|p1a: Dondozo|35\/100\n|move|p1a: Dondozo|Curse|p1a: Dondozo\n|-unboost|p1a: Dondozo|spe|1\n|-boost|p1a: Dondozo|atk|1\n|-boost|p1a: Dondozo|def|1\n|\n|upkeep\n|turn|104\n|\n|t:|1700900811\n|move|p2a: Skeledirge|Earth Power|p1a: Dondozo\n|-damage|p1a: Dondozo|15\/100\n|-unboost|p1a: Dondozo|spd|1\n|move|p1a: Dondozo|Rest|p1a: Dondozo\n|-status|p1a: Dondozo|slp|[from] move: Rest\n|-heal|p1a: Dondozo|100\/100 slp|[silent]\n|\n|upkeep\n|turn|105\n|\n|t:|1700900819\n|move|p2a: Skeledirge|Earth Power|p1a: Dondozo\n|-damage|p1a: Dondozo|80\/100 slp\n|-unboost|p1a: Dondozo|spd|1\n|cant|p1a: Dondozo|slp\n|\n|upkeep\n|turn|106\n|\n|t:|1700900822\n|move|p2a: Skeledirge|Earth Power|p1a: Dondozo\n|-damage|p1a: Dondozo|62\/100 slp\n|-unboost|p1a: Dondozo|spd|1\n|cant|p1a: Dondozo|slp\n|\n|upkeep\n|turn|107\n|\n|t:|1700900825\n|move|p2a: Skeledirge|Earth Power|p1a: Dondozo\n|-damage|p1a: Dondozo|41\/100 slp\n|-curestatus|p1a: Dondozo|slp|[msg]\n|move|p1a: Dondozo|Earthquake|p2a: Skeledirge\n|-supereffective|p2a: Skeledirge\n|-damage|p2a: Skeledirge|34\/100\n|\n|upkeep\n|turn|108\n|\n|t:|1700900836\n|move|p2a: Skeledirge|Earth Power|p1a: Dondozo\n|-damage|p1a: Dondozo|23\/100\n|move|p1a: Dondozo|Rest|p1a: Dondozo\n|-status|p1a: Dondozo|slp|[from] move: Rest\n|-heal|p1a: Dondozo|100\/100 slp|[silent]\n|\n|upkeep\n|turn|109\n|\n|t:|1700900840\n|move|p2a: Skeledirge|Slack Off|p2a: Skeledirge\n|-heal|p2a: Skeledirge|84\/100\n|cant|p1a: Dondozo|slp\n|\n|upkeep\n|turn|110\n|\n|t:|1700900844\n|move|p2a: Skeledirge|Shadow Ball|p1a: Dondozo\n|-resisted|p1a: Dondozo\n|-damage|p1a: Dondozo|87\/100 slp\n|cant|p1a: Dondozo|slp\n|\n|upkeep\n|turn|111\n|\n|t:|1700900848\n|move|p2a: Skeledirge|Shadow Ball|p1a: Dondozo\n|-resisted|p1a: Dondozo\n|-damage|p1a: Dondozo|75\/100 slp\n|-curestatus|p1a: Dondozo|slp|[msg]\n|move|p1a: Dondozo|Earthquake|p2a: Skeledirge\n|-supereffective|p2a: Skeledirge\n|-damage|p2a: Skeledirge|47\/100\n|\n|upkeep\n|turn|112\n|\n|t:|1700900854\n|move|p2a: Skeledirge|Slack Off|p2a: Skeledirge\n|-heal|p2a: Skeledirge|97\/100\n|move|p1a: Dondozo|Earthquake|p2a: Skeledirge\n|-supereffective|p2a: Skeledirge\n|-damage|p2a: Skeledirge|59\/100\n|\n|upkeep\n|turn|113\n|\n|t:|1700900860\n|move|p2a: Skeledirge|Earth Power|p1a: Dondozo\n|-damage|p1a: Dondozo|55\/100\n|-unboost|p1a: Dondozo|spd|1\n|move|p1a: Dondozo|Curse|p1a: Dondozo\n|-unboost|p1a: Dondozo|spe|1\n|-boost|p1a: Dondozo|atk|1\n|-boost|p1a: Dondozo|def|1\n|\n|upkeep\n|turn|114\n|\n|t:|1700900866\n|move|p2a: Skeledirge|Earth Power|p1a: Dondozo\n|-damage|p1a: Dondozo|34\/100\n|move|p1a: Dondozo|Earthquake|p2a: Skeledirge\n|-supereffective|p2a: Skeledirge\n|-damage|p2a: Skeledirge|21\/100\n|\n|upkeep\n|turn|115\n|\n|t:|1700900871\n|move|p2a: Skeledirge|Earth Power|p1a: Dondozo\n|-damage|p1a: Dondozo|15\/100\n|move|p1a: Dondozo|Earthquake|p2a: Skeledirge\n|-supereffective|p2a: Skeledirge\n|-damage|p2a: Skeledirge|0 fnt\n|faint|p2a: Skeledirge\n|\n|upkeep\n|\n|t:|1700900886\n|switch|p2a: Great Tusk|Great Tusk|61\/100\n|turn|116\n|\n|t:|1700900888\n|move|p2a: Great Tusk|Close Combat|p1a: Dondozo\n|-supereffective|p1a: Dondozo\n|-damage|p1a: Dondozo|0 fnt\n|-unboost|p2a: Great Tusk|def|1\n|-unboost|p2a: Great Tusk|spd|1\n|faint|p1a: Dondozo\n|\n|win|KoziolKombat\n|raw|KeeganBartends's rating: 1334 &rarr; <strong>1319<\/strong><br \/>(-15 for losing)\n|raw|KoziolKombat's rating: 1424 &rarr; <strong>1439<\/strong><br \/>(+15 for winning)\n|l|\u2606KeeganBartends\n|c|\u2606KoziolKombat|ggs\n","uploadtime":1700900897,"views":3,"p1id":"keeganbartends","p2id":"koziolkombat","formatid":"gen9ou","rating":1319,"private":0,"password":""}