{"id":"gen9ou-1997788401","p1":"hhet","p2":"gagonite","format":"[Gen 9] OU","log":"|j|\u2606hhet\n|j|\u2606gagonite\n|t:|1700852768\n|gametype|singles\n|player|p1|hhet|cynthia-gen4|1154\n|player|p2|gagonite|266|1256\n|teamsize|p1|6\n|teamsize|p2|6\n|gen|9\n|tier|[Gen 9] OU\n|rated|\n|rule|Sleep Clause Mod: Limit one foe put to sleep\n|rule|Species Clause: Limit one of each Pok\u00e9mon\n|rule|OHKO Clause: OHKO moves are banned\n|rule|Evasion Items Clause: Evasion items are banned\n|rule|Evasion Moves Clause: Evasion moves are banned\n|rule|Endless Battle Clause: Forcing endless battles is banned\n|rule|HP Percentage Mod: HP is shown in percentages\n|clearpoke\n|poke|p1|Gholdengo|\n|poke|p1|Ribombee, M|\n|poke|p1|Iron Valiant|\n|poke|p1|Kingambit, M|\n|poke|p1|Iron Moth|\n|poke|p1|Dragonite, F|\n|poke|p2|Torkoal, M|\n|poke|p2|Walking Wake|\n|poke|p2|Slither Wing|\n|poke|p2|Great Tusk|\n|poke|p2|Hatterene, F|\n|poke|p2|Iron Moth|\n|teampreview\n|\n|t:|1700852781\n|start\n|switch|p1a: Gholdengo|Gholdengo|100\/100\n|switch|p2a: Iron Moth|Iron Moth|100\/100\n|-enditem|p2a: Iron Moth|Booster Energy\n|-activate|p2a: Iron Moth|ability: Quark Drive|[fromitem]\n|-start|p2a: Iron Moth|quarkdrivespe\n|turn|1\n|\n|t:|1700852798\n|switch|p1a: Iron Moth|Iron Moth|100\/100\n|-enditem|p1a: Iron Moth|Booster Energy\n|-activate|p1a: Iron Moth|ability: Quark Drive|[fromitem]\n|-start|p1a: Iron Moth|quarkdrivespe\n|move|p2a: Iron Moth|Fiery Dance|p1a: Iron Moth\n|-resisted|p1a: Iron Moth\n|-damage|p1a: Iron Moth|81\/100\n|-boost|p2a: Iron Moth|spa|1\n|\n|upkeep\n|turn|2\n|\n|t:|1700852815\n|-terastallize|p2a: Iron Moth|Ground\n|move|p2a: Iron Moth|Tera Blast|p1a: Iron Moth|[anim] Tera Blast Ground\n|-supereffective|p1a: Iron Moth\n|-damage|p1a: Iron Moth|0 fnt\n|faint|p1a: Iron Moth\n|-end|p1a: Iron Moth|Quark Drive|[silent]\n|\n|upkeep\n|\n|t:|1700852820\n|switch|p1a: Iron Valiant|Iron Valiant|100\/100\n|-enditem|p1a: Iron Valiant|Booster Energy\n|-activate|p1a: Iron Valiant|ability: Quark Drive|[fromitem]\n|-start|p1a: Iron Valiant|quarkdrivespe\n|turn|3\n|\n|t:|1700852831\n|move|p1a: Iron Valiant|Encore|p2a: Iron Moth\n|-start|p2a: Iron Moth|Encore\n|move|p2a: Iron Moth|Tera Blast|p1a: Iron Valiant|[anim] Tera Blast Ground\n|-damage|p1a: Iron Valiant|0 fnt\n|faint|p1a: Iron Valiant\n|-end|p1a: Iron Valiant|Quark Drive|[silent]\n|\n|upkeep\n|\n|t:|1700852835\n|switch|p1a: Dragonite|Dragonite, F|100\/100\n|turn|4\n|\n|t:|1700852849\n|-end|p2a: Iron Moth|Quark Drive|[silent]\n|switch|p2a: Hatterene|Hatterene, F, shiny|100\/100\n|move|p1a: Dragonite|Dragon Dance|p1a: Dragonite\n|-boost|p1a: Dragonite|atk|1\n|-boost|p1a: Dragonite|spe|1\n|\n|upkeep\n|turn|5\n|\n|t:|1700852862\n|move|p1a: Dragonite|Dragon Dance|p1a: Dragonite\n|-boost|p1a: Dragonite|atk|1\n|-boost|p1a: Dragonite|spe|1\n|move|p2a: Hatterene|Nuzzle|p1a: Dragonite\n|-damage|p1a: Dragonite|98\/100\n|-status|p1a: Dragonite|par\n|\n|upkeep\n|turn|6\n|\n|t:|1700852868\n|switch|p2a: Torkoal|Torkoal, M|100\/100\n|-weather|SunnyDay|[from] ability: Drought|[of] p2a: Torkoal\n|move|p1a: Dragonite|Dragon Dance|p1a: Dragonite\n|-boost|p1a: Dragonite|atk|1\n|-boost|p1a: Dragonite|spe|1\n|\n|-weather|SunnyDay|[upkeep]\n|upkeep\n|turn|7\n|\n|t:|1700852879\n|switch|p2a: Hatterene|Hatterene, F, shiny|100\/100\n|move|p1a: Dragonite|Earthquake|p2a: Hatterene\n|-damage|p2a: Hatterene|0 fnt\n|faint|p2a: Hatterene\n|\n|-weather|SunnyDay|[upkeep]\n|upkeep\n|\n|t:|1700852899\n|switch|p2a: Walking Wake|Walking Wake|100\/100\n|-activate|p2a: Walking Wake|ability: Protosynthesis\n|-start|p2a: Walking Wake|protosynthesisspe\n|turn|8\n|l|\u2606gagonite\n|player|p2|\n|inactive|Battle timer is ON: inactive players will automatically lose when time's up. (requested by hhet)\n|j|\u2606gagonite\n|inactive|gagonite reconnected and has 150 seconds left.\n|player|p2|gagonite|266\n|\n|t:|1700852928\n|-terastallize|p1a: Dragonite|Normal\n|cant|p1a: Dragonite|par\n|move|p2a: Walking Wake|Dragon Pulse|p1a: Dragonite\n|-damage|p1a: Dragonite|27\/100 par\n|\n|-weather|SunnyDay|[upkeep]\n|upkeep\n|turn|9\n|\n|t:|1700852938\n|move|p1a: Dragonite|Extreme Speed|p2a: Walking Wake\n|-damage|p2a: Walking Wake|0 fnt\n|faint|p2a: Walking Wake\n|-end|p2a: Walking Wake|Protosynthesis|[silent]\n|\n|-weather|SunnyDay|[upkeep]\n|upkeep\n|\n|t:|1700852946\n|switch|p2a: Slither Wing|Slither Wing|100\/100\n|-activate|p2a: Slither Wing|ability: Protosynthesis\n|-start|p2a: Slither Wing|protosynthesisatk\n|turn|10\n|\n|t:|1700852951\n|move|p1a: Dragonite|Extreme Speed|p2a: Slither Wing\n|-damage|p2a: Slither Wing|0 fnt\n|faint|p2a: Slither Wing\n|-end|p2a: Slither Wing|Protosynthesis|[silent]\n|\n|-weather|SunnyDay|[upkeep]\n|upkeep\n|-message|gagonite forfeited.\n|\n|win|hhet\n|raw|hhet's rating: 1154 &rarr; <strong>1186<\/strong><br \/>(+32 for winning)\n|raw|gagonite's rating: 1256 &rarr; <strong>1224<\/strong><br \/>(-32 for losing)\n|l|\u2606gagonite\n","uploadtime":1700852958,"views":2,"p1id":"hhet","p2id":"gagonite","formatid":"gen9ou","rating":1186,"private":0,"password":""}