{"id":"gen9ou-1993052996","p1":"whateverdante","p2":"Gliscor Maroto","format":"[Gen 9] OU","log":"|j|\u2606whateverdante\n|j|\u2606Gliscor Maroto\n|t:|1700259537\n|gametype|singles\n|player|p1|whateverdante|kieran|\n|player|p2|Gliscor Maroto|266|\n|teamsize|p1|6\n|teamsize|p2|6\n|gen|9\n|tier|[Gen 9] OU\n|rule|Sleep Clause Mod: Limit one foe put to sleep\n|rule|Species Clause: Limit one of each Pok\u00e9mon\n|rule|OHKO Clause: OHKO moves are banned\n|rule|Evasion Items Clause: Evasion items are banned\n|rule|Evasion Moves Clause: Evasion moves are banned\n|rule|Endless Battle Clause: Forcing endless battles is banned\n|rule|HP Percentage Mod: HP is shown in percentages\n|rule|Terastal Clause: You cannot Terastallize\n|clearpoke\n|poke|p1|Rillaboom, F|\n|poke|p1|Garganacl, F|\n|poke|p1|Great Tusk|\n|poke|p1|Heatran, F|\n|poke|p1|Zapdos|\n|poke|p1|Walking Wake|\n|poke|p2|Walking Wake|\n|poke|p2|Pelipper, F|\n|poke|p2|Floatzel, M|\n|poke|p2|Kingambit, M|\n|poke|p2|Pawmot, M|\n|poke|p2|Hatterene, F|\n|teampreview\n|inactive|Battle timer is ON: inactive players will automatically lose when time's up. (requested by whateverdante)\n|c|\u2606Gliscor Maroto|Boa sorte\n|c|\u2606whateverdante|u2\n|\n|t:|1700259560\n|start\n|switch|p1a: Zapdos|Zapdos|100\/100\n|switch|p2a: Pelipper|Pelipper, F|100\/100\n|-weather|RainDance|[from] ability: Drizzle|[of] p2a: Pelipper\n|turn|1\n|j| Fotocoxa\n|\n|t:|1700259573\n|switch|p2a: Hatterene|Hatterene, F|100\/100\n|move|p1a: Zapdos|Volt Switch|p2a: Hatterene\n|-damage|p2a: Hatterene|72\/100\n|-enditem|p2a: Hatterene|Eject Button\n|\n|t:|1700259585\n|switch|p2a: Walking Wake|Walking Wake|100\/100\n|\n|-weather|RainDance|[upkeep]\n|upkeep\n|turn|2\n|\n|t:|1700259613\n|switch|p1a: Heatran|Heatran, F|100\/100\n|move|p2a: Walking Wake|Hydro Pump|p1a: Heatran|[miss]\n|-miss|p2a: Walking Wake|p1a: Heatran\n|\n|-weather|RainDance|[upkeep]\n|upkeep\n|turn|3\n|c| Fotocoxa|goat\n|inactive|whateverdante has 270 seconds left.\n|\n|t:|1700259643\n|move|p2a: Walking Wake|Hydro Steam|p1a: Heatran\n|-supereffective|p1a: Heatran\n|-damage|p1a: Heatran|0 fnt\n|faint|p1a: Heatran\n|-damage|p2a: Walking Wake|91\/100|[from] item: Life Orb\n|\n|-weather|RainDance|[upkeep]\n|upkeep\n|\n|t:|1700259663\n|switch|p1a: Walking Wake|Walking Wake|100\/100\n|turn|4\n|inactive|whateverdante has 240 seconds left.\n|inactive|Gliscor Maroto has 270 seconds left.\n|\n|t:|1700259713\n|move|p1a: Walking Wake|Flip Turn|p2a: Walking Wake\n|-resisted|p2a: Walking Wake\n|-damage|p2a: Walking Wake|84\/100\n|\n|t:|1700259728\n|-end|p1a: Walking Wake|Protosynthesis|[silent]\n|switch|p1a: Garganacl|Garganacl, F|100\/100|[from] Flip Turn\n|move|p2a: Walking Wake|Draco Meteor|p1a: Garganacl\n|-damage|p1a: Garganacl|41\/100\n|-unboost|p2a: Walking Wake|spa|2\n|-damage|p2a: Walking Wake|75\/100|[from] item: Life Orb\n|\n|-weather|RainDance|[upkeep]\n|-heal|p1a: Garganacl|47\/100|[from] item: Leftovers\n|upkeep\n|turn|5\n|\n|t:|1700259740\n|switch|p1a: Rillaboom|Rillaboom, F|100\/100\n|-fieldstart|move: Grassy Terrain|[from] ability: Grassy Surge|[of] p1a: Rillaboom\n|move|p2a: Walking Wake|Hydro Pump|p1a: Rillaboom\n|-resisted|p1a: Rillaboom\n|-damage|p1a: Rillaboom|65\/100\n|-damage|p2a: Walking Wake|65\/100|[from] item: Life Orb\n|\n|-weather|RainDance|[upkeep]\n|-heal|p2a: Walking Wake|71\/100|[from] Grassy Terrain\n|-heal|p1a: Rillaboom|71\/100|[from] Grassy Terrain\n|upkeep\n|turn|6\n|\n|t:|1700259759\n|move|p2a: Walking Wake|Hurricane|p1a: Rillaboom\n|-supereffective|p1a: Rillaboom\n|-damage|p1a: Rillaboom|10\/100\n|-damage|p2a: Walking Wake|61\/100|[from] item: Life Orb\n|move|p1a: Rillaboom|Wood Hammer|p2a: Walking Wake\n|-damage|p2a: Walking Wake|0 fnt\n|faint|p2a: Walking Wake\n|-end|p2a: Walking Wake|Protosynthesis|[silent]\n|-damage|p1a: Rillaboom|0 fnt|[from] Recoil\n|faint|p1a: Rillaboom\n|\n|-weather|RainDance|[upkeep]\n|upkeep\n|inactive|Gliscor Maroto has 270 seconds left.\n|\n|t:|1700259770\n|switch|p2a: Floatzel|Floatzel, M|100\/100\n|switch|p1a: Zapdos|Zapdos|100\/100\n|turn|7\n|inactive|Gliscor Maroto has 270 seconds left.\n|\n|t:|1700259784\n|switch|p1a: Walking Wake|Walking Wake|100\/100\n|move|p2a: Floatzel|Liquidation|p1a: Walking Wake\n|-resisted|p1a: Walking Wake\n|-damage|p1a: Walking Wake|74\/100\n|\n|-weather|RainDance|[upkeep]\n|-heal|p1a: Walking Wake|80\/100|[from] Grassy Terrain\n|upkeep\n|turn|8\n|inactive|Gliscor Maroto has 270 seconds left.\n|\n|t:|1700259801\n|switch|p2a: Hatterene|Hatterene, F|72\/100\n|move|p1a: Walking Wake|Draco Meteor|p2a: Hatterene\n|-immune|p2a: Hatterene\n|\n|-weather|none\n|-heal|p1a: Walking Wake|86\/100|[from] Grassy Terrain\n|-heal|p2a: Hatterene|78\/100|[from] Grassy Terrain\n|upkeep\n|turn|9\n|inactive|Gliscor Maroto has 270 seconds left.\n|inactive|Gliscor Maroto has 240 seconds left.\n|inactive|Gliscor Maroto has 210 seconds left.\n|\n|t:|1700259882\n|move|p1a: Walking Wake|Flip Turn|p2a: Hatterene\n|-damage|p2a: Hatterene|65\/100\n|\n|t:|1700259890\n|-end|p1a: Walking Wake|Protosynthesis|[silent]\n|switch|p1a: Great Tusk|Great Tusk|100\/100|[from] Flip Turn\n|move|p2a: Hatterene|Nuzzle|p1a: Great Tusk\n|-immune|p1a: Great Tusk\n|\n|-heal|p2a: Hatterene|71\/100|[from] Grassy Terrain\n|-fieldend|move: Grassy Terrain\n|upkeep\n|turn|10\n|inactive|Gliscor Maroto has 210 seconds left.\n|c|\u2606whateverdante|EU DEI MISSCLICK\n|c| Fotocoxa|KKKKKKKKKKKKK\n|c|\u2606whateverdante|intankavel o bostil\n|inactive|whateverdante has 210 seconds left.\n|\n|t:|1700259937\n|-end|p1a: Great Tusk|Protosynthesis|[silent]\n|switch|p1a: Garganacl|Garganacl, F|47\/100\n|switch|p2a: Pelipper|Pelipper, F|100\/100\n|-weather|RainDance|[from] ability: Drizzle|[of] p2a: Pelipper\n|\n|-weather|RainDance|[upkeep]\n|-heal|p1a: Garganacl|53\/100|[from] item: Leftovers\n|upkeep\n|turn|11\n|inactive|Gliscor Maroto has 210 seconds left.\n|inactive|whateverdante has 180 seconds left.\n|inactive|Gliscor Maroto has 180 seconds left.\n|\n|t:|1700259984\n|switch|p1a: Walking Wake|Walking Wake|86\/100\n|move|p2a: Pelipper|Surf|p1a: Walking Wake\n|-resisted|p1a: Walking Wake\n|-damage|p1a: Walking Wake|72\/100\n|\n|-weather|RainDance|[upkeep]\n|upkeep\n|turn|12\n|inactive|Gliscor Maroto has 180 seconds left.\n|inactive|whateverdante has 150 seconds left.\n|\n|t:|1700260002\n|move|p1a: Walking Wake|Scald|p2a: Pelipper\n|-resisted|p2a: Pelipper\n|-damage|p2a: Pelipper|55\/100\n|-status|p2a: Pelipper|brn\n|move|p2a: Pelipper|U-turn|p1a: Walking Wake\n|-damage|p1a: Walking Wake|68\/100\n|inactive|Gliscor Maroto has 180 seconds left.\n|\n|t:|1700260027\n|switch|p2a: Floatzel|Floatzel, M|100\/100|[from] U-turn\n|\n|-weather|RainDance|[upkeep]\n|upkeep\n|turn|13\n|\n|t:|1700260039\n|move|p2a: Floatzel|Ice Spinner|p1a: Walking Wake\n|-damage|p1a: Walking Wake|29\/100\n|move|p1a: Walking Wake|Draco Meteor|p2a: Floatzel\n|-damage|p2a: Floatzel|0 fnt\n|-unboost|p1a: Walking Wake|spa|2\n|faint|p2a: Floatzel\n|\n|-weather|RainDance|[upkeep]\n|upkeep\n|\n|t:|1700260063\n|switch|p2a: Pawmot|Pawmot, M|100\/100\n|turn|14\n|\n|t:|1700260080\n|move|p1a: Walking Wake|Flip Turn|p2a: Pawmot\n|-crit|p2a: Pawmot\n|-damage|p2a: Pawmot|49\/100\n|inactive|whateverdante has 150 seconds left.\n|\n|t:|1700260119\n|-end|p1a: Walking Wake|Protosynthesis|[silent]\n|switch|p1a: Great Tusk|Great Tusk|100\/100|[from] Flip Turn\n|move|p2a: Pawmot|Revival Blessing|p2a: Pawmot\n|-enditem|p2a: Pawmot|Leppa Berry|[eat]\n|-activate|p2a: Pawmot|item: Leppa Berry|Revival Blessing|[consumed]\n|\n|t:|1700260126\n|-heal|p2: Walking Wake|50\/100|[from] move: Revival Blessing\n|\n|-weather|RainDance|[upkeep]\n|upkeep\n|turn|15\n|inactive|whateverdante has 120 seconds left.\n|\n|t:|1700260147\n|move|p2a: Pawmot|Revival Blessing|p2a: Pawmot\n|\n|t:|1700260148\n|-heal|p2: Floatzel|50\/100|[from] move: Revival Blessing\n|move|p1a: Great Tusk|Rapid Spin|p2a: Pawmot\n|-damage|p2a: Pawmot|30\/100\n|-boost|p1a: Great Tusk|spe|1\n|\n|-weather|RainDance|[upkeep]\n|upkeep\n|turn|16\n|\n|t:|1700260156\n|move|p1a: Great Tusk|Bulk Up|p1a: Great Tusk\n|-boost|p1a: Great Tusk|atk|1\n|-boost|p1a: Great Tusk|def|1\n|move|p2a: Pawmot|Encore|p1a: Great Tusk\n|-start|p1a: Great Tusk|Encore\n|\n|-weather|RainDance|[upkeep]\n|upkeep\n|turn|17\n|inactive|whateverdante has 120 seconds left.\n|\n|t:|1700260201\n|-end|p1a: Great Tusk|Protosynthesis|[silent]\n|switch|p1a: Zapdos|Zapdos|100\/100\n|switch|p2a: Walking Wake|Walking Wake|50\/100\n|\n|-weather|none\n|upkeep\n|turn|18\n|inactive|whateverdante has 90 seconds left.\n|\n|t:|1700260241\n|-end|p2a: Walking Wake|Protosynthesis|[silent]\n|switch|p2a: Pawmot|Pawmot, M|30\/100\n|move|p1a: Zapdos|Thunder Wave|p2a: Pawmot\n|-heal|p2a: Pawmot|55\/100|[from] ability: Volt Absorb|[of] p1a: Zapdos\n|\n|upkeep\n|turn|19\n|\n|t:|1700260253\n|move|p2a: Pawmot|Encore|p1a: Zapdos\n|-start|p1a: Zapdos|Encore\n|move|p1a: Zapdos|Thunder Wave|p2a: Pawmot\n|-heal|p2a: Pawmot|80\/100|[from] ability: Volt Absorb|[of] p1a: Zapdos\n|\n|upkeep\n|turn|20\n|\n|t:|1700260265\n|switch|p2a: Hatterene|Hatterene, F|71\/100\n|switch|p1a: Great Tusk|Great Tusk|100\/100\n|\n|upkeep\n|turn|21\n|inactive|whateverdante has 60 seconds left.\n|inactive|whateverdante has 30 seconds left.\n|\n|t:|1700260328\n|-end|p1a: Great Tusk|Protosynthesis|[silent]\n|switch|p1a: Zapdos|Zapdos|100\/100\n|move|p2a: Hatterene|Dazzling Gleam|p1a: Zapdos\n|-damage|p1a: Zapdos|65\/100\n|\n|upkeep\n|turn|22\n|inactive|Gliscor Maroto has 210 seconds left.\n|inactive|whateverdante has 30 seconds left.\n|\n|t:|1700260342\n|switch|p2a: Pawmot|Pawmot, M|80\/100\n|move|p1a: Zapdos|Roost|p1a: Zapdos\n|-heal|p1a: Zapdos|100\/100\n|-singleturn|p1a: Zapdos|move: Roost\n|\n|upkeep\n|turn|23\n|\n|t:|1700260348\n|switch|p1a: Great Tusk|Great Tusk|100\/100\n|move|p2a: Pawmot|Encore||[still]\n|-fail|p2a: Pawmot\n|\n|upkeep\n|turn|24\n|\n|t:|1700260358\n|switch|p2a: Pelipper|Pelipper, F|55\/100 brn\n|-weather|RainDance|[from] ability: Drizzle|[of] p2a: Pelipper\n|move|p1a: Great Tusk|Rapid Spin|p2a: Pelipper\n|-damage|p2a: Pelipper|44\/100 brn\n|-boost|p1a: Great Tusk|spe|1\n|\n|-weather|RainDance|[upkeep]\n|-damage|p2a: Pelipper|38\/100 brn|[from] brn\n|upkeep\n|turn|25\n|\n|t:|1700260374\n|-end|p1a: Great Tusk|Protosynthesis|[silent]\n|switch|p1a: Zapdos|Zapdos|100\/100\n|move|p2a: Pelipper|Tailwind|p2a: Pelipper\n|-sidestart|p2: Gliscor Maroto|move: Tailwind\n|\n|-weather|RainDance|[upkeep]\n|-damage|p2a: Pelipper|32\/100 brn|[from] brn\n|upkeep\n|turn|26\n|\n|t:|1700260381\n|move|p2a: Pelipper|Surf|p1a: Zapdos\n|-damage|p1a: Zapdos|58\/100\n|move|p1a: Zapdos|Hurricane|p2a: Pelipper\n|-damage|p2a: Pelipper|0 fnt\n|faint|p2a: Pelipper\n|\n|-weather|RainDance|[upkeep]\n|upkeep\n|\n|t:|1700260385\n|switch|p2a: Walking Wake|Walking Wake|50\/100\n|turn|27\n|\n|t:|1700260410\n|switch|p1a: Garganacl|Garganacl, F|53\/100\n|move|p2a: Walking Wake|Hydro Steam|p1a: Garganacl\n|-supereffective|p1a: Garganacl\n|-damage|p1a: Garganacl|0 fnt\n|faint|p1a: Garganacl\n|-damage|p2a: Walking Wake|41\/100|[from] item: Life Orb\n|\n|-weather|RainDance|[upkeep]\n|upkeep\n|inactive|whateverdante has 30 seconds left.\n|\n|t:|1700260424\n|switch|p1a: Walking Wake|Walking Wake|29\/100\n|turn|28\n|\n|t:|1700260431\n|move|p2a: Walking Wake|Hurricane|p1a: Walking Wake\n|-damage|p1a: Walking Wake|0 fnt\n|faint|p1a: Walking Wake\n|-end|p1a: Walking Wake|Protosynthesis|[silent]\n|-damage|p2a: Walking Wake|31\/100|[from] item: Life Orb\n|\n|-weather|RainDance|[upkeep]\n|-sideend|p2: Gliscor Maroto|move: Tailwind\n|upkeep\n|inactive|whateverdante has 30 seconds left.\n|\n|t:|1700260442\n|switch|p1a: Zapdos|Zapdos|58\/100\n|turn|29\n|c|\u2606whateverdante|gg\n|\n|t:|1700260456\n|move|p2a: Walking Wake|Hydro Steam|p1a: Zapdos\n|-damage|p1a: Zapdos|0 fnt\n|faint|p1a: Zapdos\n|-damage|p2a: Walking Wake|21\/100|[from] item: Life Orb\n|\n|-weather|RainDance|[upkeep]\n|upkeep\n|\n|t:|1700260460\n|switch|p1a: Great Tusk|Great Tusk|100\/100\n|turn|30\n|c|\u2606Gliscor Maroto|gg\n|\n|t:|1700260465\n|move|p2a: Walking Wake|Hydro Steam|p1a: Great Tusk\n|-supereffective|p1a: Great Tusk\n|-damage|p1a: Great Tusk|0 fnt\n|faint|p1a: Great Tusk\n|-end|p1a: Great Tusk|Protosynthesis|[silent]\n|-damage|p2a: Walking Wake|11\/100|[from] item: Life Orb\n|\n|win|Gliscor Maroto\n|l|\u2606whateverdante\n|l| Fotocoxa\n|j| Fotocoxa\n","uploadtime":1700260488,"views":34,"p1id":"whateverdante","p2id":"gliscormaroto","formatid":"gen9ou","rating":0,"private":0,"password":""}