{"id":"gen9ou-1994462037","p1":"Joker040921","p2":"sdfghbgjgsgfd","format":"[Gen 9] OU","log":"|j|\u2606Joker040921\n|j|\u2606sdfghbgjgsgfd\n|t:|1700446663\n|gametype|singles\n|player|p1|Joker040921|169|1098\n|player|p2|sdfghbgjgsgfd|101|1000\n|teamsize|p1|6\n|teamsize|p2|6\n|gen|9\n|tier|[Gen 9] OU\n|rated|\n|rule|Sleep Clause Mod: Limit one foe put to sleep\n|rule|Species Clause: Limit one of each Pok\u00e9mon\n|rule|OHKO Clause: OHKO moves are banned\n|rule|Evasion Items Clause: Evasion items are banned\n|rule|Evasion Moves Clause: Evasion moves are banned\n|rule|Endless Battle Clause: Forcing endless battles is banned\n|rule|HP Percentage Mod: HP is shown in percentages\n|clearpoke\n|poke|p1|Great Tusk|\n|poke|p1|Iron Valiant|\n|poke|p1|Glimmora, M|\n|poke|p1|Gholdengo|\n|poke|p1|Moltres|\n|poke|p1|Sandy Shocks|\n|poke|p2|Garganacl, M|\n|poke|p2|Clodsire, M|\n|poke|p2|Alomomola, M|\n|poke|p2|Corviknight, M|\n|poke|p2|Toxapex, F|\n|poke|p2|Gholdengo|\n|teampreview\n|j| J.Yugan\n|\n|t:|1700446696\n|start\n|switch|p1a: Iron Valiant|Iron Valiant|100\/100\n|switch|p2a: Clodsire|Clodsire, M|100\/100\n|turn|1\n|\n|t:|1700446710\n|move|p1a: Iron Valiant|Trick|p2a: Clodsire\n|-activate|p1a: Iron Valiant|move: Trick|[of] p2a: Clodsire\n|-item|p2a: Clodsire|Choice Scarf|[from] move: Trick\n|-item|p1a: Iron Valiant|Heavy-Duty Boots|[from] move: Trick\n|move|p2a: Clodsire|Stealth Rock|p1a: Iron Valiant\n|-sidestart|p1: Joker040921|move: Stealth Rock\n|\n|upkeep\n|turn|2\n|\n|t:|1700446737\n|-end|p1a: Iron Valiant|Quark Drive|[silent]\n|switch|p1a: Great Tusk|Great Tusk|100\/100\n|-damage|p1a: Great Tusk|98\/100|[from] Stealth Rock\n|switch|p2a: Toxapex|Toxapex, F|100\/100\n|\n|upkeep\n|turn|3\n|\n|t:|1700446749\n|-end|p1a: Great Tusk|Protosynthesis|[silent]\n|switch|p1a: Glimmora|Glimmora, M|100\/100\n|-damage|p1a: Glimmora|88\/100|[from] Stealth Rock\n|move|p2a: Toxapex|Chilling Water|p1a: Glimmora\n|-supereffective|p1a: Glimmora\n|-damage|p1a: Glimmora|59\/100\n|-unboost|p1a: Glimmora|atk|1\n|\n|upkeep\n|turn|4\n|\n|t:|1700446759\n|move|p1a: Glimmora|Stealth Rock|p2a: Toxapex\n|-sidestart|p2: sdfghbgjgsgfd|move: Stealth Rock\n|move|p2a: Toxapex|Toxic|p1a: Glimmora\n|-immune|p1a: Glimmora\n|\n|upkeep\n|turn|5\n|\n|t:|1700446767\n|move|p1a: Glimmora|Mortal Spin|p2a: Toxapex\n|-resisted|p2a: Toxapex\n|-damage|p2a: Toxapex|99\/100\n|-sideend|p1: Joker040921|Stealth Rock|[from] move: Mortal Spin|[of] p1a: Glimmora\n|move|p2a: Toxapex|Chilling Water|p1a: Glimmora\n|-supereffective|p1a: Glimmora\n|-damage|p1a: Glimmora|32\/100\n|-unboost|p1a: Glimmora|atk|1\n|\n|-heal|p2a: Toxapex|100\/100|[from] item: Leftovers\n|upkeep\n|turn|6\n|\n|t:|1700446793\n|switch|p1a: Sandy Shocks|Sandy Shocks|100\/100\n|-enditem|p1a: Sandy Shocks|Booster Energy\n|-activate|p1a: Sandy Shocks|ability: Protosynthesis|[fromitem]\n|-start|p1a: Sandy Shocks|protosynthesisspe\n|move|p2a: Toxapex|Chilling Water|p1a: Sandy Shocks\n|-supereffective|p1a: Sandy Shocks\n|-damage|p1a: Sandy Shocks|76\/100\n|-unboost|p1a: Sandy Shocks|atk|1\n|\n|upkeep\n|turn|7\n|\n|t:|1700446806\n|-terastallize|p2a: Toxapex|Steel\n|move|p1a: Sandy Shocks|Substitute|p1a: Sandy Shocks\n|-start|p1a: Sandy Shocks|Substitute\n|-damage|p1a: Sandy Shocks|52\/100\n|move|p2a: Toxapex|Toxic|p1a: Sandy Shocks|[miss]\n|-miss|p2a: Toxapex|p1a: Sandy Shocks\n|\n|upkeep\n|turn|8\n|\n|t:|1700446813\n|move|p1a: Sandy Shocks|Sunny Day|p1a: Sandy Shocks\n|-weather|SunnyDay\n|move|p2a: Toxapex|Chilling Water|p1a: Sandy Shocks\n|-supereffective|p1a: Sandy Shocks\n|-activate|p1a: Sandy Shocks|move: Substitute|[damage]\n|\n|-weather|SunnyDay|[upkeep]\n|upkeep\n|turn|9\n|\n|t:|1700446822\n|move|p1a: Sandy Shocks|Earth Power|p2a: Toxapex\n|-supereffective|p2a: Toxapex\n|-damage|p2a: Toxapex|29\/100\n|move|p2a: Toxapex|Chilling Water|p1a: Sandy Shocks\n|-supereffective|p1a: Sandy Shocks\n|-end|p1a: Sandy Shocks|Substitute\n|\n|-weather|SunnyDay|[upkeep]\n|-heal|p2a: Toxapex|36\/100|[from] item: Leftovers\n|upkeep\n|turn|10\n|\n|t:|1700446833\n|move|p1a: Sandy Shocks|Substitute|p1a: Sandy Shocks\n|-start|p1a: Sandy Shocks|Substitute\n|-damage|p1a: Sandy Shocks|27\/100\n|move|p2a: Toxapex|Toxic||[still]\n|-fail|p2a: Toxapex\n|\n|-weather|SunnyDay|[upkeep]\n|-heal|p2a: Toxapex|42\/100|[from] item: Leftovers\n|upkeep\n|turn|11\n|\n|t:|1700446849\n|switch|p2a: Corviknight|Corviknight, M|100\/100\n|-damage|p2a: Corviknight|88\/100|[from] Stealth Rock\n|-ability|p2a: Corviknight|Pressure\n|move|p1a: Sandy Shocks|Earth Power|p2a: Corviknight\n|-immune|p2a: Corviknight\n|\n|-weather|SunnyDay|[upkeep]\n|upkeep\n|turn|12\n|inactive|Battle timer is ON: inactive players will automatically lose when time's up. (requested by Joker040921)\n|\n|t:|1700446882\n|move|p1a: Sandy Shocks|Thunderbolt|p2a: Corviknight\n|-supereffective|p2a: Corviknight\n|-damage|p2a: Corviknight|10\/100\n|move|p2a: Corviknight|Body Press|p1a: Sandy Shocks\n|-end|p1a: Sandy Shocks|Substitute\n|\n|-weather|none\n|upkeep\n|turn|13\n|\n|t:|1700446894\n|move|p1a: Sandy Shocks|Thunderbolt|p2a: Corviknight\n|-supereffective|p2a: Corviknight\n|-damage|p2a: Corviknight|0 fnt\n|faint|p2a: Corviknight\n|\n|upkeep\n|\n|t:|1700446905\n|switch|p2a: Gholdengo|Gholdengo|100\/100\n|-damage|p2a: Gholdengo|94\/100|[from] Stealth Rock\n|-item|p2a: Gholdengo|Air Balloon\n|turn|14\n|\n|t:|1700446914\n|move|p1a: Sandy Shocks|Thunderbolt|p2a: Gholdengo\n|-damage|p2a: Gholdengo|43\/100\n|-enditem|p2a: Gholdengo|Air Balloon\n|move|p2a: Gholdengo|Shadow Ball|p1a: Sandy Shocks\n|-damage|p1a: Sandy Shocks|0 fnt\n|faint|p1a: Sandy Shocks\n|-end|p1a: Sandy Shocks|Protosynthesis|[silent]\n|\n|upkeep\n|\n|t:|1700446925\n|switch|p1a: Great Tusk|Great Tusk|98\/100\n|turn|15\n|\n|t:|1700446933\n|move|p2a: Gholdengo|Make It Rain|p1a: Great Tusk\n|-damage|p1a: Great Tusk|41\/100\n|-unboost|p2a: Gholdengo|spa|1\n|move|p1a: Great Tusk|Knock Off|p2a: Gholdengo\n|-supereffective|p2a: Gholdengo\n|-damage|p2a: Gholdengo|0 fnt\n|faint|p2a: Gholdengo\n|\n|upkeep\n|\n|t:|1700446947\n|switch|p2a: Alomomola|Alomomola, M|100\/100\n|turn|16\n|\n|t:|1700446967\n|-end|p1a: Great Tusk|Protosynthesis|[silent]\n|switch|p1a: Iron Valiant|Iron Valiant|100\/100\n|move|p2a: Alomomola|Chilling Water|p1a: Iron Valiant\n|-damage|p1a: Iron Valiant|85\/100\n|-unboost|p1a: Iron Valiant|atk|1\n|\n|upkeep\n|turn|17\n|\n|t:|1700446976\n|move|p2a: Alomomola|Protect|p2a: Alomomola\n|-singleturn|p2a: Alomomola|Protect\n|move|p1a: Iron Valiant|Moonblast|p2a: Alomomola\n|-activate|p2a: Alomomola|move: Protect\n|\n|upkeep\n|turn|18\n|\n|t:|1700446995\n|move|p1a: Iron Valiant|Psychic|p2a: Alomomola\n|-damage|p2a: Alomomola|63\/100\n|move|p2a: Alomomola|Whirlpool|p1a: Iron Valiant\n|-damage|p1a: Iron Valiant|73\/100\n|-activate|p1a: Iron Valiant|move: Whirlpool|[of] p2a: Alomomola\n|\n|-damage|p1a: Iron Valiant|61\/100|[from] move: Whirlpool|[partiallytrapped]\n|upkeep\n|turn|19\n|\n|t:|1700447010\n|move|p1a: Iron Valiant|Moonblast|p2a: Alomomola\n|-damage|p2a: Alomomola|4\/100\n|-unboost|p2a: Alomomola|spa|1\n|move|p2a: Alomomola|Wish|p2a: Alomomola\n|\n|-damage|p1a: Iron Valiant|48\/100|[from] move: Whirlpool|[partiallytrapped]\n|upkeep\n|turn|20\n|\n|t:|1700447019\n|move|p2a: Alomomola|Protect|p2a: Alomomola\n|-singleturn|p2a: Alomomola|Protect\n|move|p1a: Iron Valiant|Moonblast|p2a: Alomomola\n|-activate|p2a: Alomomola|move: Protect\n|\n|-heal|p2a: Alomomola|54\/100|[from] move: Wish|[wisher] Alomomola\n|-damage|p1a: Iron Valiant|36\/100|[from] move: Whirlpool|[partiallytrapped]\n|upkeep\n|turn|21\n|\n|t:|1700447034\n|move|p1a: Iron Valiant|Moonblast|p2a: Alomomola\n|-damage|p2a: Alomomola|0 fnt\n|faint|p2a: Alomomola\n|\n|-end|p1a: Iron Valiant|Whirlpool|[partiallytrapped]|[silent]\n|upkeep\n|\n|t:|1700447041\n|switch|p2a: Garganacl|Garganacl, M|100\/100\n|turn|22\n|\n|t:|1700447061\n|move|p1a: Iron Valiant|Moonblast|p2a: Garganacl\n|-damage|p2a: Garganacl|68\/100\n|move|p2a: Garganacl|Salt Cure|p1a: Iron Valiant\n|-resisted|p1a: Iron Valiant\n|-damage|p1a: Iron Valiant|27\/100\n|-start|p1a: Iron Valiant|Salt Cure\n|\n|-damage|p1a: Iron Valiant|15\/100|[from] Salt Cure\n|upkeep\n|turn|23\n|\n|t:|1700447077\n|move|p1a: Iron Valiant|Moonblast|p2a: Garganacl\n|-damage|p2a: Garganacl|36\/100\n|move|p2a: Garganacl|Recover|p2a: Garganacl\n|-heal|p2a: Garganacl|86\/100\n|\n|-damage|p1a: Iron Valiant|3\/100|[from] Salt Cure\n|upkeep\n|turn|24\n|\n|t:|1700447086\n|move|p1a: Iron Valiant|Moonblast|p2a: Garganacl\n|-damage|p2a: Garganacl|54\/100\n|-unboost|p2a: Garganacl|spa|1\n|move|p2a: Garganacl|Iron Defense|p2a: Garganacl\n|-boost|p2a: Garganacl|def|2\n|\n|-damage|p1a: Iron Valiant|0 fnt|[from] Salt Cure\n|faint|p1a: Iron Valiant\n|-end|p1a: Iron Valiant|Quark Drive|[silent]\n|upkeep\n|\n|t:|1700447095\n|switch|p1a: Gholdengo|Gholdengo|100\/100\n|turn|25\n|\n|t:|1700447103\n|move|p1a: Gholdengo|Make It Rain|p2a: Garganacl\n|-supereffective|p2a: Garganacl\n|-crit|p2a: Garganacl\n|-damage|p2a: Garganacl|0 fnt\n|-unboost|p1a: Gholdengo|spa|1\n|faint|p2a: Garganacl\n|\n|upkeep\n|\n|t:|1700447111\n|switch|p2a: Clodsire|Clodsire, M|100\/100\n|-damage|p2a: Clodsire|94\/100|[from] Stealth Rock\n|turn|26\n|\n|t:|1700447118\n|switch|p1a: Moltres|Moltres|100\/100\n|move|p2a: Clodsire|Stealth Rock|p1a: Moltres\n|-sidestart|p1: Joker040921|move: Stealth Rock\n|\n|upkeep\n|turn|27\n|-message|sdfghbgjgsgfd forfeited.\n|\n|win|Joker040921\n|raw|Joker040921's rating: 1098 &rarr; <strong>1116<\/strong><br \/>(+18 for winning)\n|raw|sdfghbgjgsgfd's rating: 1000 &rarr; <strong>1000<\/strong><br \/>(+0 for losing)\n|l|\u2606sdfghbgjgsgfd\n","uploadtime":1700447131,"views":14,"p1id":"joker040921","p2id":"sdfghbgjgsgfd","formatid":"gen9ou","rating":1000,"private":0,"password":""}