{"id":"gen9ou-1994113650","p1":"Shammoo Shaman","p2":"DooT241","format":"[Gen 9] OU","log":"|j|\u2606Shammoo Shaman\n|j|\u2606DooT241\n|t:|1700408470\n|gametype|singles\n|player|p1|Shammoo Shaman|2|\n|player|p2|DooT241|roxie|\n|teamsize|p1|6\n|teamsize|p2|6\n|gen|9\n|tier|[Gen 9] OU\n|rule|Sleep Clause Mod: Limit one foe put to sleep\n|rule|Species Clause: Limit one of each Pok\u00e9mon\n|rule|OHKO Clause: OHKO moves are banned\n|rule|Evasion Items Clause: Evasion items are banned\n|rule|Evasion Moves Clause: Evasion moves are banned\n|rule|Endless Battle Clause: Forcing endless battles is banned\n|rule|HP Percentage Mod: HP is shown in percentages\n|clearpoke\n|poke|p1|Glimmora, M|\n|poke|p1|Iron Moth|\n|poke|p1|Ogerpon-Cornerstone, F|\n|poke|p1|Samurott-Hisui, F|\n|poke|p1|Sinistcha-Masterpiece|\n|poke|p1|Houndstone, F|\n|poke|p2|Tyranitar, F|\n|poke|p2|Rotom-Wash|\n|poke|p2|Arcanine-Hisui, F|\n|poke|p2|Brambleghast, F|\n|poke|p2|Goodra-Hisui, F|\n|poke|p2|Kilowattrel, M|\n|teampreview\n|\n|t:|1700408487\n|start\n|switch|p1a: Samurott|Samurott-Hisui, F|100\/100\n|switch|p2a: Kilowattrel|Kilowattrel, M|100\/100\n|turn|1\n|\n|t:|1700408495\n|move|p2a: Kilowattrel|Thunderbolt|p1a: Samurott\n|-supereffective|p1a: Samurott\n|-enditem|p1a: Samurott|Focus Sash\n|-damage|p1a: Samurott|1\/100\n|-status|p1a: Samurott|par\n|move|p1a: Samurott|Ceaseless Edge|p2a: Kilowattrel\n|-damage|p2a: Kilowattrel|23\/100\n|-sidestart|p2: DooT241|Spikes\n|\n|upkeep\n|turn|2\n|\n|t:|1700408503\n|move|p1a: Samurott|Aqua Jet|p2a: Kilowattrel\n|-damage|p2a: Kilowattrel|0 fnt\n|faint|p2a: Kilowattrel\n|\n|upkeep\n|c|\u2606Shammoo Shaman|:(\n|\n|t:|1700408510\n|switch|p2a: Brambleghast|Brambleghast, F|100\/100\n|turn|3\n|\n|t:|1700408524\n|cant|p1a: Samurott|par\n|move|p2a: Brambleghast|Poltergeist||[still]\n|-fail|p2a: Brambleghast\n|\n|upkeep\n|turn|4\n|c|\u2606Shammoo Shaman|LOL\n|c|\u2606DooT241|damn\n|\n|t:|1700408541\n|move|p1a: Samurott|Aqua Jet|p2a: Brambleghast\n|-resisted|p2a: Brambleghast\n|-damage|p2a: Brambleghast|88\/100\n|move|p2a: Brambleghast|Rapid Spin|p1a: Samurott\n|-damage|p1a: Samurott|0 fnt\n|-boost|p2a: Brambleghast|spe|1\n|-sideend|p2: DooT241|Spikes|[from] move: Rapid Spin|[of] p2a: Brambleghast\n|faint|p1a: Samurott\n|\n|upkeep\n|\n|t:|1700408549\n|switch|p1a: Glimmora|Glimmora, M|100\/100\n|turn|5\n|\n|t:|1700408564\n|switch|p2a: Rotom|Rotom-Wash|100\/100\n|move|p1a: Glimmora|Earth Power|p2a: Rotom\n|-immune|p2a: Rotom|[from] ability: Levitate\n|\n|upkeep\n|turn|6\n|c|\u2606Shammoo Shaman|Shit\n|\n|t:|1700408582\n|switch|p1a: Houndstone|Houndstone, F|100\/100\n|move|p2a: Rotom|Will-O-Wisp|p1a: Houndstone\n|-status|p1a: Houndstone|brn\n|\n|-damage|p1a: Houndstone|94\/100 brn|[from] brn\n|upkeep\n|turn|7\n|c|\u2606DooT241|yeees\n|\n|t:|1700408595\n|switch|p2a: Arcanine|Arcanine-Hisui, F|100\/100\n|move|p1a: Houndstone|Will-O-Wisp|p2a: Arcanine\n|-immune|p2a: Arcanine\n|\n|-damage|p1a: Houndstone|88\/100 brn|[from] brn\n|upkeep\n|turn|8\n|\n|t:|1700408614\n|switch|p1a: Glimmora|Glimmora, M|100\/100\n|move|p2a: Arcanine|Head Smash|p1a: Glimmora\n|-damage|p1a: Glimmora|19\/100\n|\n|upkeep\n|turn|9\n|c|\u2606Shammoo Shaman|Uh\n|c|\u2606DooT241|bruh\n|c|\u2606Shammoo Shaman|OH FUCK\n|c|\u2606DooT241|you have a\n|c|\u2606Shammoo Shaman|Im using corrosion\n|c|\u2606Shammoo Shaman|FML\n|c|\u2606DooT241|corrosion glimmora\n|c|\u2606DooT241|lol\n|\n|t:|1700408636\n|move|p2a: Arcanine|Head Smash|p1a: Glimmora\n|-damage|p1a: Glimmora|0 fnt\n|faint|p1a: Glimmora\n|\n|upkeep\n|\n|t:|1700408641\n|switch|p1a: Sinistcha|Sinistcha-Masterpiece|100\/100\n|turn|10\n|\n|t:|1700408647\n|switch|p2a: Rotom|Rotom-Wash|100\/100\n|move|p1a: Sinistcha|Matcha Gotcha|p2a: Rotom\n|-supereffective|p2a: Rotom\n|-damage|p2a: Rotom|31\/100\n|\n|upkeep\n|turn|11\n|\n|t:|1700408655\n|switch|p1a: Houndstone|Houndstone, F|88\/100 brn\n|move|p2a: Rotom|Volt Switch|p1a: Houndstone\n|-damage|p1a: Houndstone|63\/100 brn\n|\n|t:|1700408661\n|switch|p2a: Arcanine|Arcanine-Hisui, F|100\/100|[from] Volt Switch\n|\n|-damage|p1a: Houndstone|57\/100 brn|[from] brn\n|upkeep\n|turn|12\n|\n|t:|1700408681\n|move|p2a: Arcanine|Head Smash|p1a: Houndstone\n|-damage|p1a: Houndstone|28\/100 brn\n|-damage|p2a: Arcanine|84\/100|[from] item: Rocky Helmet|[of] p1a: Houndstone\n|move|p1a: Houndstone|Sunny Day|p1a: Houndstone\n|-weather|SunnyDay\n|\n|-weather|SunnyDay|[upkeep]\n|-damage|p1a: Houndstone|22\/100 brn|[from] brn\n|upkeep\n|turn|13\n|\n|t:|1700408690\n|switch|p2a: Tyranitar|Tyranitar, F|100\/100\n|-weather|Sandstorm|[from] ability: Sand Stream|[of] p2a: Tyranitar\n|move|p1a: Houndstone|Shadow Sneak|p2a: Tyranitar\n|-resisted|p2a: Tyranitar\n|-damage|p2a: Tyranitar|98\/100\n|\n|-weather|Sandstorm|[upkeep]\n|-damage|p1a: Houndstone|16\/100 brn|[from] Sandstorm\n|-heal|p2a: Tyranitar|100\/100|[from] item: Leftovers\n|-damage|p1a: Houndstone|10\/100 brn|[from] brn\n|upkeep\n|turn|14\n|\n|t:|1700408701\n|switch|p2a: Arcanine|Arcanine-Hisui, F|84\/100\n|move|p1a: Houndstone|Will-O-Wisp|p2a: Arcanine\n|-immune|p2a: Arcanine\n|\n|-weather|Sandstorm|[upkeep]\n|-damage|p1a: Houndstone|4\/100 brn|[from] Sandstorm\n|-damage|p1a: Houndstone|0 fnt|[from] brn\n|faint|p1a: Houndstone\n|upkeep\n|c|\u2606DooT241|WOOOO\n|\n|t:|1700408721\n|switch|p1a: Ogerpon|Ogerpon-Cornerstone, F|100\/100\n|turn|15\n|\n|t:|1700408735\n|switch|p2a: Goodra|Goodra-Hisui, F|100\/100\n|move|p1a: Ogerpon|Ivy Cudgel|p2a: Goodra|[anim] Ivy Cudgel Rock\n|-resisted|p2a: Goodra\n|-damage|p2a: Goodra|74\/100\n|\n|-weather|Sandstorm|[upkeep]\n|-heal|p2a: Goodra|80\/100|[from] item: Leftovers\n|upkeep\n|turn|16\n|\n|t:|1700408746\n|move|p1a: Ogerpon|Swords Dance|p1a: Ogerpon\n|-boost|p1a: Ogerpon|atk|2\n|move|p2a: Goodra|Heavy Slam|p1a: Ogerpon\n|-supereffective|p1a: Ogerpon\n|-ability|p1a: Ogerpon|Sturdy\n|-damage|p1a: Ogerpon|1\/100\n|\n|-weather|Sandstorm|[upkeep]\n|-heal|p2a: Goodra|86\/100|[from] item: Leftovers\n|upkeep\n|turn|17\n|c|\u2606Shammoo Shaman|Lmfao\n|c|\u2606Shammoo Shaman|That was unexpected\n|\n|t:|1700408761\n|move|p1a: Ogerpon|Stomping Tantrum|p2a: Goodra\n|-supereffective|p2a: Goodra\n|-damage|p2a: Goodra|0 fnt\n|faint|p2a: Goodra\n|\n|-weather|none\n|upkeep\n|\n|t:|1700408772\n|switch|p2a: Rotom|Rotom-Wash|31\/100\n|turn|18\n|\n|t:|1700408778\n|switch|p1a: Sinistcha|Sinistcha-Masterpiece|100\/100\n|move|p2a: Rotom|Volt Switch|p1a: Sinistcha\n|-resisted|p1a: Sinistcha\n|-damage|p1a: Sinistcha|86\/100\n|\n|t:|1700408785\n|switch|p2a: Brambleghast|Brambleghast, F|88\/100|[from] Volt Switch\n|\n|-heal|p1a: Sinistcha|92\/100|[from] item: Leftovers\n|upkeep\n|turn|19\n|\n|t:|1700408813\n|-terastallize|p1a: Sinistcha|Steel\n|move|p2a: Brambleghast|Poltergeist|p1a: Sinistcha\n|-activate|p1a: Sinistcha|move: Poltergeist|Leftovers\n|-crit|p1a: Sinistcha\n|-damage|p1a: Sinistcha|45\/100\n|move|p1a: Sinistcha|Shadow Ball|p2a: Brambleghast\n|-supereffective|p2a: Brambleghast\n|-crit|p2a: Brambleghast\n|-damage|p2a: Brambleghast|0 fnt\n|faint|p2a: Brambleghast\n|\n|-heal|p1a: Sinistcha|51\/100|[from] item: Leftovers\n|upkeep\n|c|\u2606Shammoo Shaman|NOOO\n|c|\u2606DooT241|huge crit\n|c|\u2606Shammoo Shaman|NOOOO\n|\n|t:|1700408828\n|switch|p2a: Arcanine|Arcanine-Hisui, F|84\/100\n|turn|20\n|\n|t:|1700408839\n|-terastallize|p2a: Arcanine|Fire\n|move|p2a: Arcanine|Flare Blitz|p1a: Sinistcha\n|-supereffective|p1a: Sinistcha\n|-damage|p1a: Sinistcha|0 fnt\n|faint|p1a: Sinistcha\n|\n|upkeep\n|c|\u2606Shammoo Shaman|FFS dude\n|\n|t:|1700408850\n|switch|p1a: Iron Moth|Iron Moth|100\/100\n|turn|21\n|\n|t:|1700408857\n|switch|p2a: Tyranitar|Tyranitar, F|100\/100\n|-weather|Sandstorm|[from] ability: Sand Stream|[of] p2a: Tyranitar\n|move|p1a: Iron Moth|Discharge|p2a: Tyranitar\n|-damage|p2a: Tyranitar|88\/100\n|\n|-weather|Sandstorm|[upkeep]\n|-damage|p1a: Iron Moth|95\/100|[from] Sandstorm\n|-heal|p2a: Tyranitar|94\/100|[from] item: Leftovers\n|upkeep\n|turn|22\n|\n|t:|1700408868\n|move|p1a: Iron Moth|Energy Ball|p2a: Tyranitar\n|-supereffective|p2a: Tyranitar\n|-damage|p2a: Tyranitar|66\/100\n|move|p2a: Tyranitar|Earthquake|p1a: Iron Moth\n|-supereffective|p1a: Iron Moth\n|-crit|p1a: Iron Moth\n|-damage|p1a: Iron Moth|0 fnt\n|faint|p1a: Iron Moth\n|-end|p1a: Iron Moth|Quark Drive|[silent]\n|\n|-weather|Sandstorm|[upkeep]\n|-heal|p2a: Tyranitar|72\/100|[from] item: Leftovers\n|upkeep\n|c|\u2606DooT241|gg\n|\n|t:|1700408876\n|switch|p1a: Ogerpon|Ogerpon-Cornerstone, F|1\/100\n|turn|23\n|\n|t:|1700408885\n|move|p1a: Ogerpon|Horn Leech|p2a: Tyranitar\n|-supereffective|p2a: Tyranitar\n|-damage|p2a: Tyranitar|8\/100\n|-heal|p1a: Ogerpon|44\/100|[from] drain|[of] p2a: Tyranitar\n|move|p2a: Tyranitar|Earthquake|p1a: Ogerpon\n|-damage|p1a: Ogerpon|7\/100\n|\n|-weather|Sandstorm|[upkeep]\n|-heal|p2a: Tyranitar|14\/100|[from] item: Leftovers\n|upkeep\n|turn|24\n|c|\u2606DooT241|1 to 1\n|\n|t:|1700408896\n|move|p1a: Ogerpon|Stomping Tantrum|p2a: Tyranitar\n|-supereffective|p2a: Tyranitar\n|-damage|p2a: Tyranitar|0 fnt\n|faint|p2a: Tyranitar\n|\n|-weather|Sandstorm|[upkeep]\n|upkeep\n|\n|t:|1700408901\n|switch|p2a: Arcanine|Arcanine-Hisui, F, tera:Fire|84\/100\n|turn|25\n|c|\u2606Shammoo Shaman|GG\n|\n|t:|1700408905\n|move|p2a: Arcanine|Flare Blitz|p1a: Ogerpon\n|-damage|p1a: Ogerpon|0 fnt\n|faint|p1a: Ogerpon\n|\n|win|DooT241\n|l|\u2606DooT241\n","uploadtime":1700409290,"views":8,"p1id":"shammooshaman","p2id":"doot241","formatid":"gen9ou","rating":0,"private":0,"password":""}