{"id":"gen9ou-1992440825","p1":"gock glocker","p2":"ch1ck3n nu99ets","format":"[Gen 9] OU","log":"|j|\u2606gock glocker\n|j|\u2606ch1ck3n nu99ets\n|t:|1700187909\n|gametype|singles\n|player|p1|gock glocker|acerola-masters|1748\n|player|p2|ch1ck3n nu99ets|265|1814\n|teamsize|p1|6\n|teamsize|p2|6\n|gen|9\n|tier|[Gen 9] OU\n|rated|\n|rule|Sleep Clause Mod: Limit one foe put to sleep\n|rule|Species Clause: Limit one of each Pok\u00e9mon\n|rule|OHKO Clause: OHKO moves are banned\n|rule|Evasion Items Clause: Evasion items are banned\n|rule|Evasion Moves Clause: Evasion moves are banned\n|rule|Endless Battle Clause: Forcing endless battles is banned\n|rule|HP Percentage Mod: HP is shown in percentages\n|clearpoke\n|poke|p1|Landorus-Therian, M|\n|poke|p1|Kingambit, F|\n|poke|p1|Ogerpon-Wellspring, F|\n|poke|p1|Dragapult, M|\n|poke|p1|Zapdos|\n|poke|p1|Mew|\n|poke|p2|Lilligant-Hisui, F|\n|poke|p2|Tyranitar, M|\n|poke|p2|Volcanion|\n|poke|p2|Kleavor, F|\n|poke|p2|Enamorus-Therian, F|\n|poke|p2|Corviknight, M|\n|teampreview\n|inactive|Battle timer is ON: inactive players will automatically lose when time's up. (requested by gock glocker)\n|j| t-modesty\n|c|\u2606gock glocker|yo why kleavor lookin so big\n|inactive|gock glocker has 120 seconds left.\n|c|\u2606gock glocker|bros axes are the same size as volcanion\n|c|\u2606ch1ck3n nu99ets|thats what im saying\n|j| LT_Alt1\n|\n|t:|1700187961\n|start\n|switch|p1a: Mew|Mew|100\/100\n|switch|p2a: Kleavor|Kleavor, F|100\/100\n|turn|1\n|c|\u2606ch1ck3n nu99ets|give him some eternamax form or smth\n|\n|t:|1700187968\n|move|p2a: Kleavor|X-Scissor|p1a: Mew\n|-supereffective|p1a: Mew\n|-enditem|p1a: Mew|Focus Sash\n|-damage|p1a: Mew|1\/100\n|move|p1a: Mew|Stealth Rock|p2a: Kleavor\n|-sidestart|p2: ch1ck3n nu99ets|move: Stealth Rock\n|\n|upkeep\n|turn|2\n|\n|t:|1700187974\n|switch|p1a: Zapdos|Zapdos|100\/100\n|move|p2a: Kleavor|X-Scissor|p1a: Zapdos\n|-resisted|p1a: Zapdos\n|-damage|p1a: Zapdos|59\/100\n|-status|p2a: Kleavor|par|[from] ability: Static|[of] p1a: Zapdos\n|\n|upkeep\n|turn|3\n|\n|t:|1700187980\n|switch|p2a: Tyranitar|Tyranitar, M|100\/100\n|-damage|p2a: Tyranitar|88\/100|[from] Stealth Rock\n|-weather|Sandstorm|[from] ability: Sand Stream|[of] p2a: Tyranitar\n|move|p1a: Zapdos|Roost|p1a: Zapdos\n|-heal|p1a: Zapdos|100\/100\n|-singleturn|p1a: Zapdos|move: Roost\n|\n|-weather|Sandstorm|[upkeep]\n|-damage|p1a: Zapdos|94\/100|[from] Sandstorm\n|upkeep\n|turn|4\n|\n|t:|1700187984\n|move|p1a: Zapdos|Volt Switch|p2a: Tyranitar\n|-damage|p2a: Tyranitar|63\/100\n|\n|t:|1700187986\n|switch|p1a: Mew|Mew|1\/100|[from] Volt Switch\n|move|p2a: Tyranitar|Knock Off|p1a: Mew\n|-supereffective|p1a: Mew\n|-damage|p1a: Mew|0 fnt\n|faint|p1a: Mew\n|\n|-weather|Sandstorm|[upkeep]\n|upkeep\n|\n|t:|1700187993\n|switch|p1a: Ogerpon|Ogerpon-Wellspring, F|100\/100\n|turn|5\n|\n|t:|1700188006\n|switch|p2a: Corviknight|Corviknight, M|100\/100\n|-damage|p2a: Corviknight|88\/100|[from] Stealth Rock\n|-ability|p2a: Corviknight|Pressure\n|move|p1a: Ogerpon|Horn Leech|p2a: Corviknight\n|-resisted|p2a: Corviknight\n|-damage|p2a: Corviknight|81\/100\n|-damage|p1a: Ogerpon|84\/100|[from] item: Rocky Helmet|[of] p2a: Corviknight\n|\n|-weather|Sandstorm|[upkeep]\n|-damage|p1a: Ogerpon|78\/100|[from] Sandstorm\n|upkeep\n|turn|6\n|\n|t:|1700188010\n|switch|p1a: Zapdos|Zapdos|94\/100\n|move|p2a: Corviknight|Defog|p1a: Zapdos\n|-unboost|p1a: Zapdos|evasion|1\n|-sideend|p2: ch1ck3n nu99ets|Stealth Rock|[from] move: Defog|[of] p2a: Corviknight\n|\n|-weather|Sandstorm|[upkeep]\n|-damage|p1a: Zapdos|88\/100|[from] Sandstorm\n|upkeep\n|turn|7\n|\n|t:|1700188016\n|move|p1a: Zapdos|Volt Switch|p2a: Corviknight\n|-supereffective|p2a: Corviknight\n|-damage|p2a: Corviknight|6\/100\n|j| yb is better\n|\n|t:|1700188024\n|switch|p1a: Landorus|Landorus-Therian, M|100\/100|[from] Volt Switch\n|-ability|p1a: Landorus|Intimidate|boost\n|-unboost|p2a: Corviknight|atk|1\n|move|p2a: Corviknight|U-turn|p1a: Landorus\n|-resisted|p1a: Landorus\n|-damage|p1a: Landorus|96\/100\n|\n|t:|1700188031\n|switch|p2a: Kleavor|Kleavor, F|100\/100 par|[from] U-turn\n|\n|-weather|none\n|-heal|p1a: Landorus|100\/100|[from] item: Leftovers\n|upkeep\n|turn|8\n|inactive|gock glocker has 120 seconds left.\n|\n|t:|1700188084\n|move|p1a: Landorus|Earthquake|p2a: Kleavor\n|-damage|p2a: Kleavor|36\/100 par\n|move|p2a: Kleavor|Stone Axe|p1a: Landorus\n|-damage|p1a: Landorus|49\/100\n|-sidestart|p1: gock glocker|move: Stealth Rock\n|\n|-heal|p1a: Landorus|55\/100|[from] item: Leftovers\n|upkeep\n|turn|9\n|\n|t:|1700188094\n|switch|p2a: Corviknight|Corviknight, M|6\/100\n|-ability|p2a: Corviknight|Pressure\n|move|p1a: Landorus|Earthquake|p2a: Corviknight\n|-immune|p2a: Corviknight\n|\n|-heal|p1a: Landorus|61\/100|[from] item: Leftovers\n|upkeep\n|turn|10\n|\n|t:|1700188098\n|move|p1a: Landorus|Substitute|p1a: Landorus\n|-start|p1a: Landorus|Substitute\n|-damage|p1a: Landorus|36\/100\n|move|p2a: Corviknight|Roost|p2a: Corviknight\n|-heal|p2a: Corviknight|56\/100\n|-singleturn|p2a: Corviknight|move: Roost\n|\n|-heal|p1a: Landorus|42\/100|[from] item: Leftovers\n|upkeep\n|turn|11\n|\n|t:|1700188102\n|move|p1a: Landorus|Bulk Up|p1a: Landorus\n|-boost|p1a: Landorus|atk|1\n|-boost|p1a: Landorus|def|1\n|move|p2a: Corviknight|Roost|p2a: Corviknight\n|-heal|p2a: Corviknight|100\/100\n|-singleturn|p2a: Corviknight|move: Roost\n|\n|-heal|p1a: Landorus|48\/100|[from] item: Leftovers\n|upkeep\n|turn|12\n|\n|t:|1700188111\n|move|p1a: Landorus|Bulk Up|p1a: Landorus\n|-boost|p1a: Landorus|atk|1\n|-boost|p1a: Landorus|def|1\n|move|p2a: Corviknight|U-turn|p1a: Landorus\n|-resisted|p1a: Landorus\n|-activate|p1a: Landorus|move: Substitute|[damage]\n|\n|t:|1700188116\n|switch|p2a: Enamorus|Enamorus-Therian, F|100\/100|[from] U-turn\n|\n|-heal|p1a: Landorus|54\/100|[from] item: Leftovers\n|upkeep\n|turn|13\n|c|\u2606gock glocker|that may not have been the best corse of action\n|\n|t:|1700188120\n|switch|p2a: Corviknight|Corviknight, M|100\/100\n|-ability|p2a: Corviknight|Pressure\n|move|p1a: Landorus|Smack Down|p2a: Corviknight\n|-damage|p2a: Corviknight|83\/100\n|-start|p2a: Corviknight|Smack Down\n|\n|-heal|p1a: Landorus|60\/100|[from] item: Leftovers\n|upkeep\n|turn|14\n|\n|t:|1700188131\n|move|p1a: Landorus|Smack Down|p2a: Corviknight\n|-damage|p2a: Corviknight|63\/100\n|move|p2a: Corviknight|U-turn|p1a: Landorus\n|-resisted|p1a: Landorus\n|-activate|p1a: Landorus|move: Substitute|[damage]\n|\n|t:|1700188134\n|switch|p2a: Volcanion|Volcanion|100\/100|[from] U-turn\n|\n|-heal|p1a: Landorus|66\/100|[from] item: Leftovers\n|upkeep\n|turn|15\n|\n|t:|1700188144\n|-terastallize|p2a: Volcanion|Fairy\n|move|p1a: Landorus|Earthquake|p2a: Volcanion\n|-damage|p2a: Volcanion|13\/100\n|move|p2a: Volcanion|Haze|p2a: Volcanion\n|-clearallboost\n|\n|-heal|p1a: Landorus|72\/100|[from] item: Leftovers\n|upkeep\n|turn|16\n|\n|t:|1700188150\n|move|p1a: Landorus|Earthquake|p2a: Volcanion\n|-damage|p2a: Volcanion|0 fnt\n|faint|p2a: Volcanion\n|\n|-heal|p1a: Landorus|78\/100|[from] item: Leftovers\n|upkeep\n|\n|t:|1700188154\n|switch|p2a: Lilligant|Lilligant-Hisui, F|100\/100\n|turn|17\n|\n|t:|1700188160\n|move|p1a: Landorus|Earthquake|p2a: Lilligant\n|-resisted|p2a: Lilligant\n|-damage|p2a: Lilligant|64\/100\n|move|p2a: Lilligant|Victory Dance|p2a: Lilligant\n|-boost|p2a: Lilligant|atk|1\n|-boost|p2a: Lilligant|def|1\n|-boost|p2a: Lilligant|spe|1\n|\n|-heal|p1a: Landorus|84\/100|[from] item: Leftovers\n|upkeep\n|turn|18\n|\n|t:|1700188164\n|move|p2a: Lilligant|Leaf Blade|p1a: Landorus|[miss]\n|-miss|p2a: Lilligant|p1a: Landorus\n|move|p1a: Landorus|Earthquake|p2a: Lilligant\n|-resisted|p2a: Lilligant\n|-damage|p2a: Lilligant|39\/100\n|\n|-heal|p1a: Landorus|90\/100|[from] item: Leftovers\n|upkeep\n|turn|19\n|\n|t:|1700188167\n|move|p2a: Lilligant|Leaf Blade|p1a: Landorus\n|-end|p1a: Landorus|Substitute\n|move|p1a: Landorus|Earthquake|p2a: Lilligant\n|-resisted|p2a: Lilligant\n|-damage|p2a: Lilligant|17\/100\n|\n|-heal|p1a: Landorus|96\/100|[from] item: Leftovers\n|upkeep\n|turn|20\n|\n|t:|1700188171\n|switch|p1a: Zapdos|Zapdos|88\/100\n|move|p2a: Lilligant|Leaf Blade|p1a: Zapdos\n|-resisted|p1a: Zapdos\n|-damage|p1a: Zapdos|23\/100\n|-status|p2a: Lilligant|par|[from] ability: Static|[of] p1a: Zapdos\n|\n|upkeep\n|turn|21\n|\n|t:|1700188176\n|move|p1a: Zapdos|Volt Switch|p2a: Lilligant\n|-resisted|p2a: Lilligant\n|-damage|p2a: Lilligant|0 fnt\n|faint|p2a: Lilligant\n|\n|t:|1700188182\n|switch|p1a: Ogerpon|Ogerpon-Wellspring, F|78\/100|[from] Volt Switch\n|-damage|p1a: Ogerpon|66\/100|[from] Stealth Rock\n|\n|upkeep\n|\n|t:|1700188186\n|switch|p2a: Corviknight|Corviknight, M|63\/100\n|-ability|p2a: Corviknight|Pressure\n|turn|22\n|\n|t:|1700188189\n|switch|p1a: Zapdos|Zapdos|23\/100\n|move|p2a: Corviknight|U-turn|p1a: Zapdos\n|-resisted|p1a: Zapdos\n|-damage|p1a: Zapdos|15\/100\n|\n|t:|1700188193\n|switch|p2a: Tyranitar|Tyranitar, M|63\/100|[from] U-turn\n|-weather|Sandstorm|[from] ability: Sand Stream|[of] p2a: Tyranitar\n|\n|-weather|Sandstorm|[upkeep]\n|-damage|p1a: Zapdos|9\/100|[from] Sandstorm\n|upkeep\n|turn|23\n|\n|t:|1700188198\n|move|p1a: Zapdos|Volt Switch|p2a: Tyranitar\n|-damage|p2a: Tyranitar|40\/100\n|\n|t:|1700188214\n|switch|p1a: Dragapult|Dragapult, M|100\/100|[from] Volt Switch\n|-damage|p1a: Dragapult|88\/100|[from] Stealth Rock\n|move|p2a: Tyranitar|Knock Off|p1a: Dragapult\n|-supereffective|p1a: Dragapult\n|-damage|p1a: Dragapult|0 fnt\n|-enditem|p1a: Dragapult|Choice Specs|[from] move: Knock Off|[of] p2a: Tyranitar\n|faint|p1a: Dragapult\n|\n|-weather|Sandstorm|[upkeep]\n|upkeep\n|\n|t:|1700188222\n|switch|p1a: Ogerpon|Ogerpon-Wellspring, F|66\/100\n|-damage|p1a: Ogerpon|53\/100|[from] Stealth Rock\n|turn|24\n|\n|t:|1700188225\n|switch|p2a: Kleavor|Kleavor, F|36\/100 par\n|move|p1a: Ogerpon|Ivy Cudgel|p2a: Kleavor|[anim] Ivy Cudgel Water\n|-supereffective|p2a: Kleavor\n|-crit|p2a: Kleavor\n|-damage|p2a: Kleavor|0 fnt\n|faint|p2a: Kleavor\n|\n|-weather|Sandstorm|[upkeep]\n|-damage|p1a: Ogerpon|47\/100|[from] Sandstorm\n|upkeep\n|\n|t:|1700188228\n|switch|p2a: Corviknight|Corviknight, M|63\/100\n|-ability|p2a: Corviknight|Pressure\n|turn|25\n|\n|t:|1700188232\n|switch|p1a: Zapdos|Zapdos|9\/100\n|move|p2a: Corviknight|U-turn|p1a: Zapdos\n|-resisted|p1a: Zapdos\n|-damage|p1a: Zapdos|0 fnt\n|faint|p1a: Zapdos\n|\n|t:|1700188237\n|switch|p2a: Enamorus|Enamorus-Therian, F|100\/100|[from] U-turn\n|\n|-weather|Sandstorm|[upkeep]\n|upkeep\n|\n|t:|1700188241\n|switch|p1a: Kingambit|Kingambit, F|100\/100\n|-damage|p1a: Kingambit|94\/100|[from] Stealth Rock\n|-activate|p1a: Kingambit|ability: Supreme Overlord\n|-start|p1a: Kingambit|fallen3|[silent]\n|turn|26\n|\n|t:|1700188261\n|-terastallize|p1a: Kingambit|Fairy\n|move|p1a: Kingambit|Iron Head|p2a: Enamorus\n|-supereffective|p2a: Enamorus\n|-damage|p2a: Enamorus|19\/100\n|move|p2a: Enamorus|Earth Power|p1a: Kingambit\n|-damage|p1a: Kingambit|66\/100\n|\n|-weather|none\n|-heal|p1a: Kingambit|72\/100|[from] item: Leftovers\n|-heal|p2a: Enamorus|25\/100|[from] item: Leftovers\n|upkeep\n|turn|27\n|\n|t:|1700188270\n|switch|p2a: Corviknight|Corviknight, M|63\/100\n|-ability|p2a: Corviknight|Pressure\n|move|p1a: Kingambit|Iron Head|p2a: Corviknight\n|-resisted|p2a: Corviknight\n|-damage|p2a: Corviknight|45\/100\n|-damage|p1a: Kingambit|56\/100|[from] item: Rocky Helmet|[of] p2a: Corviknight\n|\n|-heal|p1a: Kingambit|62\/100|[from] item: Leftovers\n|upkeep\n|turn|28\n|\n|t:|1700188272\n|move|p2a: Corviknight|Roost|p2a: Corviknight\n|-heal|p2a: Corviknight|95\/100\n|-singleturn|p2a: Corviknight|move: Roost\n|move|p1a: Kingambit|Swords Dance|p1a: Kingambit\n|-boost|p1a: Kingambit|atk|2\n|\n|-heal|p1a: Kingambit|68\/100|[from] item: Leftovers\n|upkeep\n|turn|29\n|\n|t:|1700188279\n|move|p2a: Corviknight|Body Press|p1a: Kingambit\n|-resisted|p1a: Kingambit\n|-damage|p1a: Kingambit|58\/100\n|move|p1a: Kingambit|Kowtow Cleave|p2a: Corviknight\n|-damage|p2a: Corviknight|23\/100\n|-damage|p1a: Kingambit|41\/100|[from] item: Rocky Helmet|[of] p2a: Corviknight\n|\n|-heal|p1a: Kingambit|47\/100|[from] item: Leftovers\n|upkeep\n|turn|30\n|\n|t:|1700188287\n|move|p2a: Corviknight|Body Press|p1a: Kingambit\n|-resisted|p1a: Kingambit\n|-damage|p1a: Kingambit|38\/100\n|move|p1a: Kingambit|Swords Dance|p1a: Kingambit\n|-boost|p1a: Kingambit|atk|2\n|\n|-heal|p1a: Kingambit|44\/100|[from] item: Leftovers\n|upkeep\n|turn|31\n|\n|t:|1700188289\n|move|p2a: Corviknight|Body Press|p1a: Kingambit\n|-resisted|p1a: Kingambit\n|-damage|p1a: Kingambit|35\/100\n|move|p1a: Kingambit|Kowtow Cleave|p2a: Corviknight\n|-damage|p2a: Corviknight|0 fnt\n|-damage|p1a: Kingambit|19\/100|[from] item: Rocky Helmet|[of] p2a: Corviknight\n|faint|p2a: Corviknight\n|\n|-heal|p1a: Kingambit|25\/100|[from] item: Leftovers\n|upkeep\n|\n|t:|1700188292\n|switch|p2a: Tyranitar|Tyranitar, M|40\/100\n|-weather|Sandstorm|[from] ability: Sand Stream|[of] p2a: Tyranitar\n|turn|32\n|\n|t:|1700188294\n|move|p1a: Kingambit|Sucker Punch|p2a: Tyranitar\n|-resisted|p2a: Tyranitar\n|-damage|p2a: Tyranitar|0 fnt\n|faint|p2a: Tyranitar\n|\n|-weather|Sandstorm|[upkeep]\n|-damage|p1a: Kingambit|19\/100|[from] Sandstorm\n|-heal|p1a: Kingambit|25\/100|[from] item: Leftovers\n|upkeep\n|c|\u2606ch1ck3n nu99ets|gg\n|c|\u2606gock glocker|gg\n|-message|ch1ck3n nu99ets forfeited.\n|\n|win|gock glocker\n|raw|gock glocker's rating: 1748 &rarr; <strong>1772<\/strong><br \/>(+24 for winning)\n|raw|ch1ck3n nu99ets's rating: 1814 &rarr; <strong>1790<\/strong><br \/>(-24 for losing)\n|l|\u2606ch1ck3n nu99ets\n","uploadtime":1700188302,"views":25,"p1id":"gockglocker","p2id":"ch1ck3nnu99ets","formatid":"gen9ou","rating":1772,"private":0,"password":""}