{"id":"gen9ou-1992917596","p1":"Nier115!","p2":"theory 8234","format":"[Gen 9] OU","log":"|j|\u2606Nier115!\n|j|\u2606theory 8234\n|t:|1700246672\n|gametype|singles\n|player|p1|Nier115!|shadowtriad|1061\n|player|p2|theory 8234|swimmer|1050\n|teamsize|p1|6\n|teamsize|p2|6\n|gen|9\n|tier|[Gen 9] OU\n|rated|\n|rule|Sleep Clause Mod: Limit one foe put to sleep\n|rule|Species Clause: Limit one of each Pok\u00e9mon\n|rule|OHKO Clause: OHKO moves are banned\n|rule|Evasion Items Clause: Evasion items are banned\n|rule|Evasion Moves Clause: Evasion moves are banned\n|rule|Endless Battle Clause: Forcing endless battles is banned\n|rule|HP Percentage Mod: HP is shown in percentages\n|clearpoke\n|poke|p1|Eelektross, F|\n|poke|p1|Heatran, M|\n|poke|p1|Cresselia, F|\n|poke|p1|Kommo-o, M|\n|poke|p1|Ninetales-Alola, F|\n|poke|p1|Toxicroak, F|\n|poke|p2|Iron Moth|\n|poke|p2|Iron Valiant|\n|poke|p2|Ogerpon-Wellspring, F|\n|poke|p2|Hatterene, F|\n|poke|p2|Rillaboom, M|\n|poke|p2|Sneasler, M|\n|teampreview\n|inactive|Battle timer is ON: inactive players will automatically lose when time's up. (requested by theory 8234)\n|\n|t:|1700246688\n|start\n|switch|p1a: Ninetales|Ninetales-Alola, F|100\/100\n|switch|p2a: Iron Moth|Iron Moth|100\/100\n|-weather|Snow|[from] ability: Snow Warning|[of] p1a: Ninetales\n|-enditem|p2a: Iron Moth|Booster Energy\n|-activate|p2a: Iron Moth|ability: Quark Drive|[fromitem]\n|-start|p2a: Iron Moth|quarkdrivespe\n|turn|1\n|\n|t:|1700246713\n|switch|p1a: Heatran|Heatran, M|100\/100\n|move|p2a: Iron Moth|Fiery Dance|p1a: Heatran\n|-start|p1a: Heatran|ability: Flash Fire\n|\n|-weather|Snow|[upkeep]\n|upkeep\n|turn|2\n|\n|t:|1700246726\n|-end|p2a: Iron Moth|Quark Drive|[silent]\n|switch|p2a: Ogerpon|Ogerpon-Wellspring, F|100\/100\n|move|p1a: Heatran|Earth Power|p2a: Ogerpon\n|-resisted|p2a: Ogerpon\n|-damage|p2a: Ogerpon|81\/100\n|\n|-weather|Snow|[upkeep]\n|upkeep\n|turn|3\n|\n|t:|1700246737\n|move|p2a: Ogerpon|Encore|p1a: Heatran\n|-start|p1a: Heatran|Encore\n|move|p1a: Heatran|Earth Power|p2a: Ogerpon\n|-resisted|p2a: Ogerpon\n|-damage|p2a: Ogerpon|61\/100\n|\n|-weather|Snow|[upkeep]\n|upkeep\n|turn|4\n|inactive|Nier115! has 120 seconds left.\n|\n|t:|1700246753\n|-end|p1a: Heatran|ability: Flash Fire|[silent]\n|switch|p1a: Toxicroak|Toxicroak, F|100\/100\n|-item|p1a: Toxicroak|Air Balloon\n|move|p2a: Ogerpon|Swords Dance|p2a: Ogerpon\n|-boost|p2a: Ogerpon|atk|2\n|\n|-weather|Snow|[upkeep]\n|upkeep\n|turn|5\n|inactive|Nier115! has 120 seconds left.\n|\n|t:|1700246781\n|switch|p2a: Iron Moth|Iron Moth|100\/100\n|move|p1a: Toxicroak|Bullet Punch|p2a: Iron Moth\n|-resisted|p2a: Iron Moth\n|-damage|p2a: Iron Moth|93\/100\n|\n|-weather|none\n|upkeep\n|turn|6\n|\n|t:|1700246797\n|switch|p1a: Cresselia|Cresselia, F|100\/100\n|move|p2a: Iron Moth|Psychic|p1a: Cresselia\n|-resisted|p1a: Cresselia\n|-damage|p1a: Cresselia|91\/100\n|\n|-heal|p1a: Cresselia|97\/100|[from] item: Leftovers\n|upkeep\n|turn|7\n|\n|t:|1700246807\n|-end|p2a: Iron Moth|Quark Drive|[silent]\n|switch|p2a: Rillaboom|Rillaboom, M|100\/100\n|-fieldstart|move: Grassy Terrain|[from] ability: Grassy Surge|[of] p2a: Rillaboom\n|move|p1a: Cresselia|Calm Mind|p1a: Cresselia\n|-boost|p1a: Cresselia|spa|1\n|-boost|p1a: Cresselia|spd|1\n|\n|-heal|p1a: Cresselia|100\/100|[from] item: Leftovers\n|upkeep\n|turn|8\n|\n|t:|1700246824\n|move|p2a: Rillaboom|Knock Off|p1a: Cresselia\n|-supereffective|p1a: Cresselia\n|-damage|p1a: Cresselia|48\/100\n|-enditem|p1a: Cresselia|Leftovers|[from] move: Knock Off|[of] p2a: Rillaboom\n|move|p1a: Cresselia|Ice Beam|p2a: Rillaboom\n|-supereffective|p2a: Rillaboom\n|-damage|p2a: Rillaboom|12\/100\n|\n|-heal|p2a: Rillaboom|18\/100|[from] Grassy Terrain\n|upkeep\n|turn|9\n|\n|t:|1700246843\n|switch|p1a: Heatran|Heatran, M|100\/100\n|move|p2a: Rillaboom|U-turn|p1a: Heatran\n|-resisted|p1a: Heatran\n|-damage|p1a: Heatran|95\/100\n|\n|t:|1700246847\n|switch|p2a: Sneasler|Sneasler, M|100\/100|[from] U-turn\n|-enditem|p2a: Sneasler|Grassy Seed\n|-boost|p2a: Sneasler|def|1|[from] item: Grassy Seed\n|\n|-heal|p1a: Heatran|100\/100|[from] Grassy Terrain\n|upkeep\n|turn|10\n|\n|t:|1700246866\n|-terastallize|p1a: Heatran|Fire\n|move|p2a: Sneasler|Close Combat|p1a: Heatran\n|-damage|p1a: Heatran|41\/100\n|-unboost|p2a: Sneasler|def|1\n|-unboost|p2a: Sneasler|spd|1\n|move|p1a: Heatran|Lava Plume|p2a: Sneasler\n|-damage|p2a: Sneasler|0 fnt\n|faint|p2a: Sneasler\n|\n|-heal|p1a: Heatran|47\/100|[from] Grassy Terrain\n|-heal|p1a: Heatran|54\/100|[from] item: Leftovers\n|upkeep\n|\n|t:|1700246874\n|switch|p2a: Ogerpon|Ogerpon-Wellspring, F|61\/100\n|turn|11\n|l|\u2606Nier115!\n|inactive|Nier115! disconnected and has a minute to reconnect!\n|player|p1|\n|j|\u2606Nier115!\n|inactive|Nier115! reconnected and has 90 seconds left.\n|player|p1|Nier115!|shadowtriad\n|\n|t:|1700246911\n|switch|p2a: Iron Valiant|Iron Valiant|100\/100\n|-enditem|p2a: Iron Valiant|Booster Energy\n|-activate|p2a: Iron Valiant|ability: Quark Drive|[fromitem]\n|-start|p2a: Iron Valiant|quarkdrivespe\n|move|p1a: Heatran|Lava Plume|p2a: Iron Valiant\n|-damage|p2a: Iron Valiant|0 fnt\n|faint|p2a: Iron Valiant\n|-end|p2a: Iron Valiant|Quark Drive|[silent]\n|\n|-heal|p1a: Heatran|60\/100|[from] Grassy Terrain\n|-heal|p1a: Heatran|66\/100|[from] item: Leftovers\n|upkeep\n|-message|theory 8234 forfeited.\n|\n|win|Nier115!\n|raw|Nier115!'s rating: 1061 &rarr; <strong>1091<\/strong><br \/>(+30 for winning)\n|raw|theory 8234's rating: 1050 &rarr; <strong>1033<\/strong><br \/>(-17 for losing)\n|l|\u2606theory 8234\n","uploadtime":1700246930,"views":19,"p1id":"nier115","p2id":"theory8234","formatid":"gen9ou","rating":1033,"private":0,"password":""}