{"id":"gen9ou-1992261511","p1":"D Gym Teacher","p2":"Aggron","format":"[Gen 9] OU","log":"|j|\u2606D Gym Teacher\n|j|\u2606Aggron\n|t:|1700168715\n|gametype|singles\n|player|p1|D Gym Teacher|veteran|1905\n|player|p2|Aggron|pokefan-gen4|1923\n|teamsize|p1|6\n|teamsize|p2|6\n|gen|9\n|tier|[Gen 9] OU\n|rated|\n|rule|Sleep Clause Mod: Limit one foe put to sleep\n|rule|Species Clause: Limit one of each Pok\u00e9mon\n|rule|OHKO Clause: OHKO moves are banned\n|rule|Evasion Items Clause: Evasion items are banned\n|rule|Evasion Moves Clause: Evasion moves are banned\n|rule|Endless Battle Clause: Forcing endless battles is banned\n|rule|HP Percentage Mod: HP is shown in percentages\n|clearpoke\n|poke|p1|Great Tusk|\n|poke|p1|Rillaboom, M|\n|poke|p1|Sneasler, F|\n|poke|p1|Samurott-Hisui, M|\n|poke|p1|Heatran, F|\n|poke|p1|Enamorus, F|\n|poke|p2|Sinistcha-Masterpiece|\n|poke|p2|Heatran, M|\n|poke|p2|Rillaboom, F|\n|poke|p2|Sneasler, F|\n|poke|p2|Samurott-Hisui, F|\n|poke|p2|Tyranitar, M|\n|teampreview\n|inactive|Battle timer is ON: inactive players will automatically lose when time's up. (requested by Aggron)\n|\n|t:|1700168734\n|start\n|switch|p1a: Heatran|Heatran, F|100\/100\n|switch|p2a: Sneasler|Sneasler, F, shiny|100\/100\n|turn|1\n|j| m_m_dasMarshall\n|\n|t:|1700168746\n|switch|p1a: Great Tusk|Great Tusk|100\/100\n|move|p2a: Sneasler|U-turn|p1a: Great Tusk\n|-resisted|p1a: Great Tusk\n|-damage|p1a: Great Tusk|92\/100\n|\n|t:|1700168751\n|switch|p2a: Sinistcha|Sinistcha-Masterpiece|100\/100|[from] U-turn\n|\n|-heal|p1a: Great Tusk|99\/100|[from] item: Leftovers\n|upkeep\n|turn|2\n|l| m_m_dasMarshall\n|j| OUVT Zamorakism\n|\n|t:|1700168756\n|-end|p1a: Great Tusk|Protosynthesis|[silent]\n|switch|p1a: Heatran|Heatran, F|100\/100\n|move|p2a: Sinistcha|Matcha Gotcha|p1a: Heatran\n|-resisted|p1a: Heatran\n|-damage|p1a: Heatran|92\/100\n|\n|-heal|p1a: Heatran|98\/100|[from] item: Leftovers\n|upkeep\n|turn|3\n|\n|t:|1700168770\n|switch|p2a: Samurott|Samurott-Hisui, F|100\/100\n|move|p1a: Heatran|Stealth Rock|p2a: Samurott\n|-sidestart|p2: Aggron|move: Stealth Rock\n|\n|-heal|p1a: Heatran|100\/100|[from] item: Leftovers\n|upkeep\n|turn|4\n|j| HaxxIsPain\n|\n|t:|1700168786\n|switch|p1a: Rillaboom|Rillaboom, M|100\/100\n|-fieldstart|move: Grassy Terrain|[from] ability: Grassy Surge|[of] p1a: Rillaboom\n|move|p2a: Samurott|Ceaseless Edge|p1a: Rillaboom\n|-damage|p1a: Rillaboom|54\/100\n|-sidestart|p1: D Gym Teacher|Spikes\n|\n|-heal|p1a: Rillaboom|61\/100|[from] Grassy Terrain\n|upkeep\n|turn|5\n|\n|t:|1700168797\n|switch|p2a: Sneasler|Sneasler, F, shiny|100\/100\n|-damage|p2a: Sneasler|95\/100|[from] Stealth Rock\n|move|p1a: Rillaboom|U-turn|p2a: Sneasler\n|-resisted|p2a: Sneasler\n|-damage|p2a: Sneasler|78\/100\n|\n|t:|1700168804\n|switch|p1a: Great Tusk|Great Tusk|99\/100|[from] U-turn\n|-damage|p1a: Great Tusk|86\/100|[from] Spikes\n|\n|-heal|p2a: Sneasler|84\/100|[from] Grassy Terrain\n|-heal|p1a: Great Tusk|92\/100|[from] Grassy Terrain\n|-heal|p1a: Great Tusk|99\/100|[from] item: Leftovers\n|upkeep\n|turn|6\n|\n|t:|1700168808\n|move|p2a: Sneasler|Fake Out|p1a: Great Tusk\n|-crit|p1a: Great Tusk\n|-damage|p1a: Great Tusk|85\/100\n|cant|p1a: Great Tusk|flinch\n|\n|-heal|p2a: Sneasler|90\/100|[from] Grassy Terrain\n|-heal|p1a: Great Tusk|91\/100|[from] Grassy Terrain\n|-heal|p1a: Great Tusk|97\/100|[from] item: Leftovers\n|upkeep\n|turn|7\n|\n|t:|1700168811\n|move|p2a: Sneasler|U-turn|p1a: Great Tusk\n|-resisted|p1a: Great Tusk\n|-crit|p1a: Great Tusk\n|-damage|p1a: Great Tusk|83\/100\n|-status|p1a: Great Tusk|psn|[from] ability: Poison Touch|[of] p2a: Sneasler\n|\n|t:|1700168812\n|switch|p2a: Sinistcha|Sinistcha-Masterpiece|100\/100|[from] U-turn\n|move|p1a: Great Tusk|Knock Off|p2a: Sinistcha\n|-supereffective|p2a: Sinistcha\n|-damage|p2a: Sinistcha|56\/100\n|-enditem|p2a: Sinistcha|Heavy-Duty Boots|[from] move: Knock Off|[of] p1a: Great Tusk\n|\n|-heal|p1a: Great Tusk|89\/100 psn|[from] Grassy Terrain\n|-heal|p1a: Great Tusk|96\/100 psn|[from] item: Leftovers\n|-heal|p2a: Sinistcha|62\/100|[from] Grassy Terrain\n|-damage|p1a: Great Tusk|83\/100 psn|[from] psn\n|upkeep\n|turn|8\n|\n|t:|1700168822\n|-end|p1a: Great Tusk|Protosynthesis|[silent]\n|switch|p1a: Heatran|Heatran, F|100\/100\n|-damage|p1a: Heatran|88\/100|[from] Spikes\n|move|p2a: Sinistcha|Strength Sap|p1a: Heatran\n|-unboost|p1a: Heatran|atk|1\n|-heal|p2a: Sinistcha|100\/100\n|\n|-heal|p1a: Heatran|94\/100|[from] Grassy Terrain\n|-heal|p1a: Heatran|100\/100|[from] item: Leftovers\n|-fieldend|move: Grassy Terrain\n|upkeep\n|turn|9\n|\n|t:|1700168829\n|switch|p2a: Tyranitar|Tyranitar, M|100\/100\n|-weather|Sandstorm|[from] ability: Sand Stream|[of] p2a: Tyranitar\n|move|p1a: Heatran|Magma Storm|p2a: Tyranitar\n|-resisted|p2a: Tyranitar\n|-damage|p2a: Tyranitar|86\/100\n|-activate|p2a: Tyranitar|move: Magma Storm|[of] p1a: Heatran\n|\n|-weather|Sandstorm|[upkeep]\n|-damage|p2a: Tyranitar|74\/100|[from] move: Magma Storm|[partiallytrapped]\n|upkeep\n|turn|10\n|\n|t:|1700168841\n|switch|p1a: Great Tusk|Great Tusk|83\/100 psn\n|-damage|p1a: Great Tusk|71\/100 psn|[from] Spikes\n|move|p2a: Tyranitar|Knock Off|p1a: Great Tusk\n|-resisted|p1a: Great Tusk\n|-damage|p1a: Great Tusk|52\/100 psn\n|-enditem|p1a: Great Tusk|Leftovers|[from] move: Knock Off|[of] p2a: Tyranitar\n|\n|-weather|Sandstorm|[upkeep]\n|-damage|p1a: Great Tusk|39\/100 psn|[from] psn\n|-end|p2a: Tyranitar|Magma Storm|[partiallytrapped]|[silent]\n|upkeep\n|turn|11\n|\n|t:|1700168851\n|-end|p1a: Great Tusk|Protosynthesis|[silent]\n|switch|p1a: Samurott|Samurott-Hisui, M|100\/100\n|-damage|p1a: Samurott|88\/100|[from] Spikes\n|switch|p2a: Sinistcha|Sinistcha-Masterpiece|100\/100\n|-damage|p2a: Sinistcha|88\/100|[from] Stealth Rock\n|\n|-weather|Sandstorm|[upkeep]\n|-damage|p1a: Samurott|82\/100|[from] Sandstorm\n|-damage|p2a: Sinistcha|82\/100|[from] Sandstorm\n|upkeep\n|turn|12\n|\n|t:|1700168859\n|switch|p2a: Samurott|Samurott-Hisui, F|100\/100\n|move|p1a: Samurott|Ceaseless Edge|p2a: Samurott\n|-resisted|p2a: Samurott\n|-damage|p2a: Samurott|70\/100\n|-sidestart|p2: Aggron|Spikes\n|\n|-weather|Sandstorm|[upkeep]\n|-damage|p2a: Samurott|64\/100|[from] Sandstorm\n|-damage|p1a: Samurott|75\/100|[from] Sandstorm\n|upkeep\n|turn|13\n|\n|t:|1700168877\n|switch|p1a: Enamorus|Enamorus, F|100\/100\n|move|p2a: Samurott|Ceaseless Edge|p1a: Enamorus\n|-resisted|p1a: Enamorus\n|-damage|p1a: Enamorus|65\/100\n|-sidestart|p1: D Gym Teacher|Spikes\n|\n|-weather|none\n|upkeep\n|turn|14\n|\n|t:|1700168891\n|switch|p2a: Heatran|Heatran, M|100\/100\n|-damage|p2a: Heatran|88\/100|[from] Stealth Rock\n|-item|p2a: Heatran|Air Balloon\n|move|p1a: Enamorus|Moonblast|p2a: Heatran\n|-resisted|p2a: Heatran\n|-damage|p2a: Heatran|76\/100\n|-enditem|p2a: Heatran|Air Balloon\n|\n|upkeep\n|turn|15\n|\n|t:|1700168911\n|switch|p1a: Heatran|Heatran, F|100\/100\n|-damage|p1a: Heatran|84\/100|[from] Spikes\n|move|p2a: Heatran|Stealth Rock|p1a: Heatran\n|-sidestart|p1: D Gym Teacher|move: Stealth Rock\n|\n|-heal|p1a: Heatran|90\/100|[from] item: Leftovers\n|upkeep\n|turn|16\n|\n|t:|1700168916\n|move|p2a: Heatran|Earth Power|p1a: Heatran\n|-supereffective|p1a: Heatran\n|-damage|p1a: Heatran|0 fnt\n|faint|p1a: Heatran\n|\n|upkeep\n|\n|t:|1700168925\n|switch|p1a: Samurott|Samurott-Hisui, M|75\/100\n|-damage|p1a: Samurott|59\/100|[from] Spikes\n|-damage|p1a: Samurott|46\/100|[from] Stealth Rock\n|turn|17\n|\n|t:|1700168934\n|switch|p2a: Samurott|Samurott-Hisui, F|64\/100\n|move|p1a: Samurott|Ceaseless Edge|p2a: Samurott\n|-resisted|p2a: Samurott\n|-damage|p2a: Samurott|33\/100\n|-sidestart|p2: Aggron|Spikes\n|\n|upkeep\n|turn|18\n|\n|t:|1700168940\n|move|p2a: Samurott|Sacred Sword|p1a: Samurott\n|-supereffective|p1a: Samurott\n|-damage|p1a: Samurott|0 fnt\n|faint|p1a: Samurott\n|\n|upkeep\n|\n|t:|1700168960\n|switch|p1a: Enamorus|Enamorus, F|65\/100\n|-damage|p1a: Enamorus|40\/100|[from] Stealth Rock\n|turn|19\n|\n|t:|1700168976\n|move|p2a: Samurott|Sucker Punch||[still]\n|-fail|p2a: Samurott\n|move|p1a: Enamorus|Healing Wish|p1a: Enamorus\n|faint|p1a: Enamorus\n|\n|upkeep\n|j| Memento Squad\n|\n|t:|1700168980\n|switch|p1a: Great Tusk|Great Tusk|39\/100 psn\n|-heal|p1a: Great Tusk|100\/100|[from] move: Healing Wish\n|-damage|p1a: Great Tusk|84\/100|[from] Spikes\n|-damage|p1a: Great Tusk|81\/100|[from] Stealth Rock\n|turn|20\n|l| HaxxIsPain\n|\n|t:|1700168998\n|move|p1a: Great Tusk|Knock Off|p2a: Samurott\n|-resisted|p2a: Samurott\n|-damage|p2a: Samurott|12\/100\n|-enditem|p2a: Samurott|Heavy-Duty Boots|[from] move: Knock Off|[of] p1a: Great Tusk\n|move|p2a: Samurott|Ceaseless Edge|p1a: Great Tusk|[miss]\n|-miss|p2a: Samurott|p1a: Great Tusk\n|\n|upkeep\n|turn|21\n|\n|t:|1700169012\n|move|p1a: Great Tusk|Knock Off|p2a: Samurott\n|-resisted|p2a: Samurott\n|-damage|p2a: Samurott|0 fnt\n|faint|p2a: Samurott\n|\n|upkeep\n|\n|t:|1700169020\n|switch|p2a: Sinistcha|Sinistcha-Masterpiece|82\/100\n|-damage|p2a: Sinistcha|70\/100|[from] Stealth Rock\n|-damage|p2a: Sinistcha|53\/100|[from] Spikes\n|turn|22\n|inactive|D Gym Teacher has 120 seconds left.\n|\n|t:|1700169053\n|-end|p1a: Great Tusk|Protosynthesis|[silent]\n|switch|p1a: Rillaboom|Rillaboom, M|61\/100\n|-damage|p1a: Rillaboom|44\/100|[from] Spikes\n|-damage|p1a: Rillaboom|32\/100|[from] Stealth Rock\n|-fieldstart|move: Grassy Terrain|[from] ability: Grassy Surge|[of] p1a: Rillaboom\n|move|p2a: Sinistcha|Strength Sap|p1a: Rillaboom\n|-unboost|p1a: Rillaboom|atk|1\n|-heal|p2a: Sinistcha|100\/100\n|\n|-heal|p1a: Rillaboom|38\/100|[from] Grassy Terrain\n|upkeep\n|turn|23\n|l| OUVT Zamorakism\n|inactive|D Gym Teacher has 120 seconds left.\n|\n|t:|1700169071\n|move|p1a: Rillaboom|Wood Hammer|p2a: Sinistcha\n|-resisted|p2a: Sinistcha\n|-crit|p2a: Sinistcha\n|-damage|p2a: Sinistcha|36\/100\n|-damage|p1a: Rillaboom|17\/100|[from] Recoil\n|move|p2a: Sinistcha|Matcha Gotcha|p1a: Rillaboom\n|-resisted|p1a: Rillaboom\n|-damage|p1a: Rillaboom|0 fnt\n|-heal|p2a: Sinistcha|44\/100|[from] drain|[of] p1a: Rillaboom\n|faint|p1a: Rillaboom\n|\n|-heal|p2a: Sinistcha|50\/100|[from] Grassy Terrain\n|upkeep\n|\n|t:|1700169080\n|switch|p1a: Sneasler|Sneasler, F|100\/100\n|-damage|p1a: Sneasler|84\/100|[from] Spikes\n|-damage|p1a: Sneasler|78\/100|[from] Stealth Rock\n|-enditem|p1a: Sneasler|Grassy Seed\n|-boost|p1a: Sneasler|def|1|[from] item: Grassy Seed\n|turn|24\n|inactive|D Gym Teacher has 120 seconds left.\n|\n|t:|1700169107\n|-terastallize|p2a: Sinistcha|Poison\n|move|p1a: Sneasler|Gunk Shot|p2a: Sinistcha\n|-resisted|p2a: Sinistcha\n|-damage|p2a: Sinistcha|28\/100\n|move|p2a: Sinistcha|Strength Sap|p1a: Sneasler\n|-unboost|p1a: Sneasler|atk|1\n|-heal|p2a: Sinistcha|100\/100\n|\n|-heal|p1a: Sneasler|84\/100|[from] Grassy Terrain\n|upkeep\n|turn|25\n|\n|t:|1700169115\n|move|p1a: Sneasler|Swords Dance|p1a: Sneasler\n|-boost|p1a: Sneasler|atk|2\n|move|p2a: Sinistcha|Matcha Gotcha|p1a: Sneasler\n|-resisted|p1a: Sneasler\n|-damage|p1a: Sneasler|58\/100\n|\n|-heal|p1a: Sneasler|64\/100|[from] Grassy Terrain\n|upkeep\n|turn|26\n|\n|t:|1700169130\n|move|p1a: Sneasler|Shadow Claw|p2a: Sinistcha\n|-damage|p2a: Sinistcha|71\/100\n|move|p2a: Sinistcha|Hex|p1a: Sneasler\n|-damage|p1a: Sneasler|27\/100\n|\n|-heal|p1a: Sneasler|33\/100|[from] Grassy Terrain\n|-heal|p2a: Sinistcha|77\/100|[from] Grassy Terrain\n|-fieldend|move: Grassy Terrain\n|upkeep\n|turn|27\n|\n|t:|1700169135\n|move|p1a: Sneasler|Shadow Claw|p2a: Sinistcha\n|-damage|p2a: Sinistcha|51\/100\n|move|p2a: Sinistcha|Hex|p1a: Sneasler\n|-damage|p1a: Sneasler|0 fnt\n|faint|p1a: Sneasler\n|\n|upkeep\n|\n|t:|1700169139\n|switch|p1a: Great Tusk|Great Tusk|81\/100\n|-damage|p1a: Great Tusk|64\/100|[from] Spikes\n|-damage|p1a: Great Tusk|61\/100|[from] Stealth Rock\n|turn|28\n|\n|t:|1700169143\n|move|p1a: Great Tusk|Headlong Rush|p2a: Sinistcha\n|-supereffective|p2a: Sinistcha\n|-damage|p2a: Sinistcha|0 fnt\n|-unboost|p1a: Great Tusk|def|1\n|-unboost|p1a: Great Tusk|spd|1\n|faint|p2a: Sinistcha\n|\n|upkeep\n|j| OUVT Zamorakism\n|\n|t:|1700169148\n|switch|p2a: Sneasler|Sneasler, F, shiny|90\/100\n|-damage|p2a: Sneasler|84\/100|[from] Stealth Rock\n|-damage|p2a: Sneasler|67\/100|[from] Spikes\n|turn|29\n|\n|t:|1700169152\n|-terastallize|p1a: Great Tusk|Steel\n|move|p2a: Sneasler|Fake Out|p1a: Great Tusk\n|-resisted|p1a: Great Tusk\n|-damage|p1a: Great Tusk|54\/100\n|cant|p1a: Great Tusk|flinch\n|\n|upkeep\n|turn|30\n|c|\u2606D Gym Teacher|Gg\n|-message|D Gym Teacher forfeited.\n|\n|win|Aggron\n|raw|D Gym Teacher's rating: 1905 &rarr; <strong>1886<\/strong><br \/>(-19 for losing)\n|raw|Aggron's rating: 1923 &rarr; <strong>1942<\/strong><br \/>(+19 for winning)\n|c|\u2606Aggron|Gg\n|l|\u2606D Gym Teacher\n","uploadtime":1700169167,"views":38,"p1id":"dgymteacher","p2id":"aggron","formatid":"gen9ou","rating":1886,"private":0,"password":""}