{"id":"gen9ou-1995152268","p1":"mrdcaba11123","p2":"zenkijooj","format":"[Gen 9] OU","log":"|j|\u2606mrdcaba11123\n|j|\u2606zenkijooj\n|t:|1700528408\n|gametype|singles\n|player|p1|mrdcaba11123|170|1390\n|player|p2|zenkijooj|rosa|1484\n|teamsize|p1|6\n|teamsize|p2|6\n|gen|9\n|tier|[Gen 9] OU\n|rated|\n|rule|Sleep Clause Mod: Limit one foe put to sleep\n|rule|Species Clause: Limit one of each Pok\u00e9mon\n|rule|OHKO Clause: OHKO moves are banned\n|rule|Evasion Items Clause: Evasion items are banned\n|rule|Evasion Moves Clause: Evasion moves are banned\n|rule|Endless Battle Clause: Forcing endless battles is banned\n|rule|HP Percentage Mod: HP is shown in percentages\n|clearpoke\n|poke|p1|Kingambit, F|\n|poke|p1|Glimmora, F|\n|poke|p1|Zamazenta-*|\n|poke|p1|Iron Valiant|\n|poke|p1|Iron Moth|\n|poke|p1|Ogerpon-Wellspring, F|\n|poke|p2|Skeledirge, F|\n|poke|p2|Clodsire, M|\n|poke|p2|Meowscarada, M|\n|poke|p2|Iron Hands|\n|poke|p2|Corviknight, M|\n|poke|p2|Zoroark-Hisui, M|\n|teampreview\n|\n|t:|1700528428\n|start\n|switch|p1a: Glimmora|Glimmora, F|100\/100\n|switch|p2a: Skeledirge|Skeledirge, F|100\/100\n|turn|1\n|\n|t:|1700528433\n|move|p1a: Glimmora|Stealth Rock|p2a: Skeledirge\n|-sidestart|p2: zenkijooj|move: Stealth Rock\n|move|p2a: Skeledirge|Earth Power|p1a: Glimmora\n|-supereffective|p1a: Glimmora\n|-enditem|p1a: Glimmora|Focus Sash\n|-damage|p1a: Glimmora|1\/100\n|-unboost|p1a: Glimmora|spd|1\n|\n|upkeep\n|turn|2\n|\n|t:|1700528437\n|move|p1a: Glimmora|Power Gem|p2a: Skeledirge\n|-supereffective|p2a: Skeledirge\n|-damage|p2a: Skeledirge|39\/100\n|move|p2a: Skeledirge|Torch Song|p1a: Glimmora\n|-resisted|p1a: Glimmora\n|-damage|p1a: Glimmora|0 fnt\n|-boost|p2a: Skeledirge|spa|1\n|faint|p1a: Glimmora\n|\n|-heal|p2a: Skeledirge|45\/100|[from] item: Leftovers\n|upkeep\n|j| triguntoprun\n|\n|t:|1700528448\n|switch|p1a: Kingambit|Kingambit, F|100\/100\n|-activate|p1a: Kingambit|ability: Supreme Overlord\n|-start|p1a: Kingambit|fallen1|[silent]\n|turn|3\n|\n|t:|1700528454\n|move|p1a: Kingambit|Kowtow Cleave|p2a: Skeledirge\n|-supereffective|p2a: Skeledirge\n|-damage|p2a: Skeledirge|0 fnt\n|faint|p2a: Skeledirge\n|\n|upkeep\n|\n|t:|1700528461\n|switch|p2a: Corviknight|Corviknight, M|100\/100\n|-damage|p2a: Corviknight|88\/100|[from] Stealth Rock\n|turn|4\n|\n|t:|1700528465\n|move|p1a: Kingambit|Swords Dance|p1a: Kingambit\n|-boost|p1a: Kingambit|atk|2\n|move|p2a: Corviknight|Defog|p1a: Kingambit\n|-unboost|p1a: Kingambit|evasion|1\n|-sideend|p2: zenkijooj|Stealth Rock|[from] move: Defog|[of] p2a: Corviknight\n|\n|upkeep\n|turn|5\n|\n|t:|1700528478\n|move|p1a: Kingambit|Kowtow Cleave|p2a: Corviknight\n|-damage|p2a: Corviknight|0 fnt\n|-damage|p1a: Kingambit|84\/100|[from] item: Rocky Helmet|[of] p2a: Corviknight\n|faint|p2a: Corviknight\n|\n|upkeep\n|\n|t:|1700528482\n|switch|p2a: Iron Hands|Iron Hands|100\/100\n|turn|6\n|inactive|Battle timer is ON: inactive players will automatically lose when time's up. (requested by zenkijooj)\n|\n|t:|1700528494\n|-end|p1a: Kingambit|fallen1|[silent]\n|switch|p1a: Zamazenta|Zamazenta, shiny|100\/100\n|-ability|p1a: Zamazenta|Dauntless Shield|boost\n|-boost|p1a: Zamazenta|def|1\n|move|p2a: Iron Hands|Fake Out|p1a: Zamazenta\n|-damage|p1a: Zamazenta|92\/100\n|\n|-heal|p1a: Zamazenta|98\/100|[from] item: Leftovers\n|upkeep\n|turn|7\n|\n|t:|1700528511\n|-end|p2a: Iron Hands|Quark Drive|[silent]\n|switch|p2a: Clodsire|Clodsire, M|100\/100\n|move|p1a: Zamazenta|Iron Defense|p1a: Zamazenta\n|-boost|p1a: Zamazenta|def|2\n|\n|-heal|p1a: Zamazenta|100\/100|[from] item: Leftovers\n|upkeep\n|turn|8\n|\n|t:|1700528521\n|move|p1a: Zamazenta|Body Press|p2a: Clodsire\n|-resisted|p2a: Clodsire\n|-damage|p2a: Clodsire|88\/100\n|move|p2a: Clodsire|Toxic|p1a: Zamazenta\n|-status|p1a: Zamazenta|tox\n|\n|-heal|p2a: Clodsire|94\/100|[from] item: Leftovers\n|-damage|p1a: Zamazenta|94\/100 tox|[from] psn\n|upkeep\n|turn|9\n|\n|t:|1700528531\n|switch|p1a: Ogerpon|Ogerpon-Wellspring, F|100\/100\n|move|p2a: Clodsire|Earthquake|p1a: Ogerpon\n|-resisted|p1a: Ogerpon\n|-damage|p1a: Ogerpon|84\/100\n|\n|-heal|p2a: Clodsire|100\/100|[from] item: Leftovers\n|upkeep\n|turn|10\n|\n|t:|1700528551\n|switch|p2a: Meowscarada|Meowscarada, M|100\/100\n|move|p1a: Ogerpon|Ivy Cudgel|p2a: Meowscarada|[anim] Ivy Cudgel Water\n|-resisted|p2a: Meowscarada\n|-damage|p2a: Meowscarada|54\/100\n|\n|upkeep\n|turn|11\n|\n|t:|1700528558\n|switch|p1a: Zamazenta|Zamazenta, shiny|94\/100 tox\n|move|p2a: Meowscarada|U-turn|p1a: Zamazenta\n|-start|p2a: Meowscarada|typechange|Bug|[from] ability: Protean\n|-resisted|p1a: Zamazenta\n|-damage|p1a: Zamazenta|73\/100 tox\n|\n|t:|1700528565\n|switch|p2a: Clodsire|Clodsire, M|100\/100|[from] U-turn\n|\n|-heal|p1a: Zamazenta|79\/100 tox|[from] item: Leftovers\n|-damage|p1a: Zamazenta|73\/100 tox|[from] psn\n|upkeep\n|turn|12\n|\n|t:|1700528579\n|switch|p1a: Ogerpon|Ogerpon-Wellspring, F|84\/100\n|move|p2a: Clodsire|Toxic|p1a: Ogerpon\n|-status|p1a: Ogerpon|tox\n|\n|-damage|p1a: Ogerpon|78\/100 tox|[from] psn\n|upkeep\n|turn|13\n|\n|t:|1700528586\n|move|p1a: Ogerpon|Power Whip|p2a: Clodsire\n|-damage|p2a: Clodsire|46\/100\n|move|p2a: Clodsire|Recover|p2a: Clodsire\n|-heal|p2a: Clodsire|96\/100\n|\n|-heal|p2a: Clodsire|100\/100|[from] item: Leftovers\n|-damage|p1a: Ogerpon|66\/100 tox|[from] psn\n|upkeep\n|turn|14\n|\n|t:|1700528593\n|move|p1a: Ogerpon|Ivy Cudgel|p2a: Clodsire|[anim] Ivy Cudgel Water\n|-supereffective|p2a: Clodsire\n|-damage|p2a: Clodsire|15\/100\n|move|p2a: Clodsire|Recover|p2a: Clodsire\n|-heal|p2a: Clodsire|65\/100\n|\n|-heal|p2a: Clodsire|71\/100|[from] item: Leftovers\n|-damage|p1a: Ogerpon|48\/100 tox|[from] psn\n|upkeep\n|turn|15\n|\n|t:|1700528619\n|switch|p2a: Meowscarada|Meowscarada, M|100\/100\n|move|p1a: Ogerpon|Ivy Cudgel|p2a: Meowscarada|[anim] Ivy Cudgel Water\n|-damage|p2a: Meowscarada|0 fnt\n|replace|p2a: Zoroark|Zoroark-Hisui, M\n|-end|p2a: Zoroark|Illusion\n|faint|p2a: Zoroark\n|\n|-damage|p1a: Ogerpon|24\/100 tox|[from] psn\n|upkeep\n|\n|t:|1700528621\n|switch|p2a: Iron Hands|Iron Hands|100\/100\n|turn|16\n|\n|t:|1700528633\n|switch|p1a: Zamazenta|Zamazenta, shiny|73\/100 tox\n|move|p2a: Iron Hands|Fake Out|p1a: Zamazenta\n|-damage|p1a: Zamazenta|59\/100 tox\n|\n|-heal|p1a: Zamazenta|65\/100 tox|[from] item: Leftovers\n|-damage|p1a: Zamazenta|59\/100 tox|[from] psn\n|upkeep\n|turn|17\n|\n|t:|1700528650\n|switch|p1a: Iron Valiant|Iron Valiant|100\/100\n|-enditem|p1a: Iron Valiant|Booster Energy\n|-activate|p1a: Iron Valiant|ability: Quark Drive|[fromitem]\n|-start|p1a: Iron Valiant|quarkdrivespe\n|move|p2a: Iron Hands|Drain Punch|p1a: Iron Valiant\n|-resisted|p1a: Iron Valiant\n|-damage|p1a: Iron Valiant|70\/100\n|\n|upkeep\n|turn|18\n|\n|t:|1700528668\n|-end|p2a: Iron Hands|Quark Drive|[silent]\n|switch|p2a: Clodsire|Clodsire, M|71\/100\n|move|p1a: Iron Valiant|Calm Mind|p1a: Iron Valiant\n|-boost|p1a: Iron Valiant|spa|1\n|-boost|p1a: Iron Valiant|spd|1\n|\n|-heal|p2a: Clodsire|77\/100|[from] item: Leftovers\n|upkeep\n|turn|19\n|\n|t:|1700528673\n|move|p1a: Iron Valiant|Psyshock|p2a: Clodsire\n|-supereffective|p2a: Clodsire\n|-damage|p2a: Clodsire|42\/100\n|move|p2a: Clodsire|Recover|p2a: Clodsire\n|-heal|p2a: Clodsire|92\/100\n|\n|-heal|p2a: Clodsire|98\/100|[from] item: Leftovers\n|upkeep\n|turn|20\n|\n|t:|1700528679\n|move|p1a: Iron Valiant|Hypnosis|p2a: Clodsire|[miss]\n|-miss|p1a: Iron Valiant|p2a: Clodsire\n|move|p2a: Clodsire|Earthquake|p1a: Iron Valiant\n|-damage|p1a: Iron Valiant|35\/100\n|\n|-heal|p2a: Clodsire|100\/100|[from] item: Leftovers\n|upkeep\n|turn|21\n|\n|t:|1700528701\n|switch|p2a: Meowscarada|Meowscarada, M|54\/100\n|move|p1a: Iron Valiant|Hypnosis|p2a: Meowscarada\n|-status|p2a: Meowscarada|slp|[from] move: Hypnosis\n|\n|upkeep\n|turn|22\n|inactive|zenkijooj has 120 seconds left.\n|\n|t:|1700528723\n|switch|p2a: Clodsire|Clodsire, M|100\/100\n|move|p1a: Iron Valiant|Moonblast|p2a: Clodsire\n|-resisted|p2a: Clodsire\n|-damage|p2a: Clodsire|84\/100\n|\n|-heal|p2a: Clodsire|90\/100|[from] item: Leftovers\n|upkeep\n|turn|23\n|\n|t:|1700528741\n|move|p1a: Iron Valiant|Psyshock|p2a: Clodsire\n|-supereffective|p2a: Clodsire\n|-damage|p2a: Clodsire|51\/100\n|move|p2a: Clodsire|Earthquake|p1a: Iron Valiant\n|-damage|p1a: Iron Valiant|0 fnt\n|faint|p1a: Iron Valiant\n|-end|p1a: Iron Valiant|Quark Drive|[silent]\n|\n|-heal|p2a: Clodsire|57\/100|[from] item: Leftovers\n|upkeep\n|\n|t:|1700528744\n|switch|p1a: Ogerpon|Ogerpon-Wellspring, F|24\/100 tox\n|turn|24\n|\n|t:|1700528757\n|switch|p2a: Meowscarada|Meowscarada, M|54\/100 slp\n|move|p1a: Ogerpon|Ivy Cudgel|p2a: Meowscarada|[anim] Ivy Cudgel Water\n|-resisted|p2a: Meowscarada\n|-damage|p2a: Meowscarada|10\/100 slp\n|\n|-damage|p1a: Ogerpon|18\/100 tox|[from] psn\n|upkeep\n|turn|25\n|\n|t:|1700528764\n|cant|p2a: Meowscarada|slp\n|move|p1a: Ogerpon|Ivy Cudgel|p2a: Meowscarada|[anim] Ivy Cudgel Water\n|-resisted|p2a: Meowscarada\n|-damage|p2a: Meowscarada|0 fnt\n|faint|p2a: Meowscarada\n|\n|-damage|p1a: Ogerpon|6\/100 tox|[from] psn\n|upkeep\n|\n|t:|1700528781\n|switch|p2a: Iron Hands|Iron Hands|100\/100\n|turn|26\n|\n|t:|1700528786\n|switch|p1a: Zamazenta|Zamazenta, shiny|59\/100 tox\n|move|p2a: Iron Hands|Drain Punch|p1a: Zamazenta\n|-crit|p1a: Zamazenta\n|-damage|p1a: Zamazenta|0 fnt\n|faint|p1a: Zamazenta\n|\n|upkeep\n|\n|t:|1700528792\n|switch|p1a: Iron Moth|Iron Moth|100\/100\n|-enditem|p1a: Iron Moth|Booster Energy\n|-activate|p1a: Iron Moth|ability: Quark Drive|[fromitem]\n|-start|p1a: Iron Moth|quarkdrivespe\n|turn|27\n|\n|t:|1700528813\n|-end|p2a: Iron Hands|Quark Drive|[silent]\n|switch|p2a: Clodsire|Clodsire, M|57\/100\n|move|p1a: Iron Moth|Fiery Dance|p2a: Clodsire\n|-damage|p2a: Clodsire|30\/100\n|-boost|p1a: Iron Moth|spa|1\n|\n|-heal|p2a: Clodsire|36\/100|[from] item: Leftovers\n|upkeep\n|turn|28\n|\n|t:|1700528826\n|move|p1a: Iron Moth|Fiery Dance|p2a: Clodsire\n|-damage|p2a: Clodsire|5\/100\n|-boost|p1a: Iron Moth|spa|1\n|move|p2a: Clodsire|Recover|p2a: Clodsire\n|-heal|p2a: Clodsire|55\/100\n|\n|-heal|p2a: Clodsire|61\/100|[from] item: Leftovers\n|upkeep\n|turn|29\n|\n|t:|1700528832\n|move|p1a: Iron Moth|Fiery Dance|p2a: Clodsire\n|-damage|p2a: Clodsire|33\/100\n|move|p2a: Clodsire|Recover|p2a: Clodsire\n|-heal|p2a: Clodsire|83\/100\n|\n|-heal|p2a: Clodsire|89\/100|[from] item: Leftovers\n|upkeep\n|turn|30\n|\n|t:|1700528840\n|move|p1a: Iron Moth|Fiery Dance|p2a: Clodsire\n|-damage|p2a: Clodsire|62\/100\n|move|p2a: Clodsire|Earthquake|p1a: Iron Moth\n|-supereffective|p1a: Iron Moth\n|-damage|p1a: Iron Moth|0 fnt\n|faint|p1a: Iron Moth\n|-end|p1a: Iron Moth|Quark Drive|[silent]\n|\n|-heal|p2a: Clodsire|68\/100|[from] item: Leftovers\n|upkeep\n|\n|t:|1700528843\n|switch|p1a: Ogerpon|Ogerpon-Wellspring, F|6\/100 tox\n|turn|31\n|\n|t:|1700528850\n|move|p1a: Ogerpon|Ivy Cudgel|p2a: Clodsire|[anim] Ivy Cudgel Water\n|-supereffective|p2a: Clodsire\n|-crit|p2a: Clodsire\n|-damage|p2a: Clodsire|0 fnt\n|faint|p2a: Clodsire\n|\n|-damage|p1a: Ogerpon|0 fnt|[from] psn\n|faint|p1a: Ogerpon\n|upkeep\n|\n|t:|1700528854\n|switch|p1a: Kingambit|Kingambit, F|84\/100\n|switch|p2a: Iron Hands|Iron Hands|100\/100\n|-activate|p1a: Kingambit|ability: Supreme Overlord\n|-start|p1a: Kingambit|fallen5|[silent]\n|turn|32\n|\n|t:|1700528860\n|-terastallize|p1a: Kingambit|Flying\n|move|p2a: Iron Hands|Fake Out|p1a: Kingambit\n|-damage|p1a: Kingambit|70\/100\n|cant|p1a: Kingambit|flinch\n|\n|upkeep\n|turn|33\n|\n|t:|1700528869\n|move|p1a: Kingambit|Kowtow Cleave|p2a: Iron Hands\n|-resisted|p2a: Iron Hands\n|-damage|p2a: Iron Hands|74\/100\n|move|p2a: Iron Hands|Thunder Punch|p1a: Kingambit\n|-supereffective|p1a: Kingambit\n|-damage|p1a: Kingambit|0 fnt\n|faint|p1a: Kingambit\n|-end|p1a: Kingambit|fallen5|[silent]\n|\n|win|zenkijooj\n|raw|mrdcaba11123's rating: 1390 &rarr; <strong>1375<\/strong><br \/>(-15 for losing)\n|raw|zenkijooj's rating: 1484 &rarr; <strong>1499<\/strong><br \/>(+15 for winning)\n|l|\u2606mrdcaba11123\n|c|\u2606zenkijooj|LMAO\n|l| triguntoprun\n","uploadtime":1700528970,"views":28,"p1id":"mrdcaba11123","p2id":"zenkijooj","formatid":"gen9ou","rating":1375,"private":0,"password":""}