{"id":"gen9ou-1988605172","p1":"shyguyry","p2":"JustATree777","format":"[Gen 9] OU","log":"|j|\u2606shyguyry\n|j|\u2606JustATree777\n|t:|1699741111\n|gametype|singles\n|player|p1|shyguyry|1|\n|player|p2|JustATree777|2|\n|teamsize|p1|6\n|teamsize|p2|6\n|gen|9\n|tier|[Gen 9] OU\n|rule|Sleep Clause Mod: Limit one foe put to sleep\n|rule|Species Clause: Limit one of each Pok\u00e9mon\n|rule|OHKO Clause: OHKO moves are banned\n|rule|Evasion Items Clause: Evasion items are banned\n|rule|Evasion Moves Clause: Evasion moves are banned\n|rule|Endless Battle Clause: Forcing endless battles is banned\n|rule|HP Percentage Mod: HP is shown in percentages\n|clearpoke\n|poke|p1|Great Tusk|\n|poke|p1|Muk-Alola, F|\n|poke|p1|Enamorus, F|\n|poke|p1|Sandy Shocks|\n|poke|p1|Lilligant-Hisui, F|\n|poke|p1|Vaporeon, M|\n|poke|p2|Rillaboom, M|\n|poke|p2|Heatran, M|\n|poke|p2|Enamorus-Therian, F|\n|poke|p2|Mamoswine, M|\n|poke|p2|Thundurus, M|\n|poke|p2|Walking Wake|\n|teampreview\n|j| Ventus230\n|j| clam10000\n|j| xhakurai\n|\n|t:|1699741154\n|start\n|switch|p1a: Sandy Shocks|Sandy Shocks|100\/100\n|switch|p2a: Rillaboom|Rillaboom, M|100\/100\n|-fieldstart|move: Grassy Terrain|[from] ability: Grassy Surge|[of] p2a: Rillaboom\n|turn|1\n|\n|t:|1699741177\n|switch|p2a: Walking Wake|Walking Wake|100\/100\n|-enditem|p2a: Walking Wake|Booster Energy\n|-activate|p2a: Walking Wake|ability: Protosynthesis|[fromitem]\n|-start|p2a: Walking Wake|protosynthesisspe\n|-terastallize|p1a: Sandy Shocks|Ice\n|move|p1a: Sandy Shocks|Tera Blast|p2a: Walking Wake|[anim] Tera Blast Ice\n|-damage|p2a: Walking Wake|55\/100\n|\n|-heal|p2a: Walking Wake|62\/100|[from] Grassy Terrain\n|upkeep\n|turn|2\n|\n|t:|1699741198\n|-end|p1a: Sandy Shocks|Protosynthesis|[silent]\n|switch|p1a: Muk|Muk-Alola, F|100\/100\n|move|p2a: Walking Wake|Flamethrower|p1a: Muk\n|-damage|p1a: Muk|82\/100\n|\n|-heal|p2a: Walking Wake|68\/100|[from] Grassy Terrain\n|-heal|p1a: Muk|88\/100|[from] Grassy Terrain\n|-heal|p1a: Muk|94\/100|[from] item: Black Sludge\n|upkeep\n|turn|3\n|\n|t:|1699741235\n|-end|p2a: Walking Wake|Protosynthesis|[silent]\n|switch|p2a: Heatran|Heatran, M|100\/100\n|move|p1a: Muk|Knock Off|p2a: Heatran\n|-damage|p2a: Heatran|67\/100\n|-enditem|p2a: Heatran|Leftovers|[from] move: Knock Off|[of] p1a: Muk\n|\n|-heal|p2a: Heatran|73\/100|[from] Grassy Terrain\n|-heal|p1a: Muk|100\/100|[from] Grassy Terrain\n|upkeep\n|turn|4\n|\n|t:|1699741256\n|switch|p1a: Pink Porussy|Vaporeon, M, shiny|100\/100\n|move|p2a: Heatran|Earth Power|p1a: Pink Porussy\n|-damage|p1a: Pink Porussy|72\/100\n|\n|-heal|p2a: Heatran|79\/100|[from] Grassy Terrain\n|-heal|p1a: Pink Porussy|79\/100|[from] Grassy Terrain\n|-heal|p1a: Pink Porussy|85\/100|[from] item: Leftovers\n|upkeep\n|turn|5\n|\n|t:|1699741294\n|switch|p2a: Rillaboom|Rillaboom, M|100\/100\n|move|p1a: Pink Porussy|Scald|p2a: Rillaboom\n|-resisted|p2a: Rillaboom\n|-damage|p2a: Rillaboom|85\/100\n|\n|-heal|p2a: Rillaboom|91\/100|[from] Grassy Terrain\n|-heal|p2a: Rillaboom|97\/100|[from] item: Leftovers\n|-heal|p1a: Pink Porussy|91\/100|[from] Grassy Terrain\n|-heal|p1a: Pink Porussy|97\/100|[from] item: Leftovers\n|-fieldend|move: Grassy Terrain\n|upkeep\n|turn|6\n|\n|t:|1699741326\n|switch|p1a: Muk|Muk-Alola, F|100\/100\n|move|p2a: Rillaboom|Knock Off|p1a: Muk\n|-resisted|p1a: Muk\n|-damage|p1a: Muk|81\/100\n|-enditem|p1a: Muk|Black Sludge|[from] move: Knock Off|[of] p2a: Rillaboom\n|\n|-heal|p2a: Rillaboom|100\/100|[from] item: Leftovers\n|upkeep\n|turn|7\n|\n|t:|1699741347\n|move|p2a: Rillaboom|Swords Dance|p2a: Rillaboom\n|-boost|p2a: Rillaboom|atk|2\n|move|p1a: Muk|Drain Punch|p2a: Rillaboom\n|-damage|p2a: Rillaboom|83\/100\n|-heal|p1a: Muk|90\/100|[from] drain|[of] p2a: Rillaboom\n|-status|p2a: Rillaboom|psn|[from] ability: Poison Touch|[of] p1a: Muk\n|\n|-heal|p2a: Rillaboom|90\/100 psn|[from] item: Leftovers\n|-damage|p2a: Rillaboom|77\/100 psn|[from] psn\n|upkeep\n|turn|8\n|\n|t:|1699741365\n|move|p2a: Rillaboom|Knock Off|p1a: Muk\n|-resisted|p1a: Muk\n|-damage|p1a: Muk|63\/100\n|move|p1a: Muk|Poison Jab|p2a: Rillaboom\n|-supereffective|p2a: Rillaboom\n|-damage|p2a: Rillaboom|21\/100 psn\n|\n|-heal|p2a: Rillaboom|27\/100 psn|[from] item: Leftovers\n|-damage|p2a: Rillaboom|15\/100 psn|[from] psn\n|upkeep\n|turn|9\n|\n|t:|1699741382\n|move|p2a: Rillaboom|Drain Punch|p1a: Muk\n|-damage|p1a: Muk|2\/100\n|-heal|p2a: Rillaboom|47\/100 psn|[from] drain|[of] p1a: Muk\n|move|p1a: Muk|Drain Punch|p2a: Rillaboom\n|-damage|p2a: Rillaboom|29\/100 psn\n|-heal|p1a: Muk|11\/100|[from] drain|[of] p2a: Rillaboom\n|\n|-heal|p2a: Rillaboom|35\/100 psn|[from] item: Leftovers\n|-damage|p2a: Rillaboom|22\/100 psn|[from] psn\n|upkeep\n|turn|10\n|\n|t:|1699741395\n|move|p1a: Muk|Protect|p1a: Muk\n|-singleturn|p1a: Muk|Protect\n|move|p2a: Rillaboom|Drain Punch|p1a: Muk\n|-activate|p1a: Muk|move: Protect\n|\n|-heal|p2a: Rillaboom|29\/100 psn|[from] item: Leftovers\n|-damage|p2a: Rillaboom|16\/100 psn|[from] psn\n|upkeep\n|turn|11\n|\n|t:|1699741412\n|move|p2a: Rillaboom|Drain Punch|p1a: Muk\n|-damage|p1a: Muk|0 fnt\n|-heal|p2a: Rillaboom|21\/100 psn|[from] drain|[of] p1a: Muk\n|faint|p1a: Muk\n|\n|-heal|p2a: Rillaboom|28\/100 psn|[from] item: Leftovers\n|-damage|p2a: Rillaboom|15\/100 psn|[from] psn\n|upkeep\n|\n|t:|1699741439\n|switch|p1a: Sandy Shocks|Sandy Shocks, tera:Ice|100\/100\n|turn|12\n|\n|t:|1699741453\n|switch|p2a: Heatran|Heatran, M|79\/100\n|move|p1a: Sandy Shocks|Tera Blast|p2a: Heatran|[anim] Tera Blast Ice\n|-resisted|p2a: Heatran\n|-damage|p2a: Heatran|70\/100\n|\n|upkeep\n|turn|13\n|\n|t:|1699741465\n|-terastallize|p2a: Heatran|Flying\n|move|p1a: Sandy Shocks|Volt Switch|p2a: Heatran\n|-supereffective|p2a: Heatran\n|-damage|p2a: Heatran|0 fnt\n|faint|p2a: Heatran\n|\n|t:|1699741489\n|-end|p1a: Sandy Shocks|Protosynthesis|[silent]\n|switch|p1a: Enamorus|Enamorus, F|100\/100|[from] Volt Switch\n|\n|upkeep\n|\n|t:|1699741500\n|switch|p2a: Rillaboom|Rillaboom, M|15\/100 psn\n|-fieldstart|move: Grassy Terrain|[from] ability: Grassy Surge|[of] p2a: Rillaboom\n|turn|14\n|\n|t:|1699741512\n|move|p1a: Enamorus|Moonblast|p2a: Rillaboom\n|-damage|p2a: Rillaboom|0 fnt\n|faint|p2a: Rillaboom\n|\n|upkeep\n|\n|t:|1699741518\n|switch|p2a: Mamoswine|Mamoswine, M|100\/100\n|turn|15\n|\n|t:|1699741527\n|switch|p1a: Pink Porussy|Vaporeon, M, shiny|97\/100\n|move|p2a: Mamoswine|Trailblaze|p1a: Pink Porussy\n|-supereffective|p1a: Pink Porussy\n|-damage|p1a: Pink Porussy|58\/100\n|-boost|p2a: Mamoswine|spe|1\n|-damage|p2a: Mamoswine|90\/100|[from] item: Life Orb\n|\n|-heal|p2a: Mamoswine|97\/100|[from] Grassy Terrain\n|-heal|p1a: Pink Porussy|64\/100|[from] Grassy Terrain\n|-heal|p1a: Pink Porussy|71\/100|[from] item: Leftovers\n|upkeep\n|turn|16\n|\n|t:|1699741541\n|move|p2a: Mamoswine|Trailblaze|p1a: Pink Porussy\n|-supereffective|p1a: Pink Porussy\n|-damage|p1a: Pink Porussy|24\/100\n|-boost|p2a: Mamoswine|spe|1\n|-damage|p2a: Mamoswine|87\/100|[from] item: Life Orb\n|move|p1a: Pink Porussy|Scald|p2a: Mamoswine\n|-supereffective|p2a: Mamoswine\n|-damage|p2a: Mamoswine|20\/100\n|-status|p2a: Mamoswine|brn\n|\n|-heal|p2a: Mamoswine|26\/100 brn|[from] Grassy Terrain\n|-heal|p1a: Pink Porussy|30\/100|[from] Grassy Terrain\n|-heal|p1a: Pink Porussy|36\/100|[from] item: Leftovers\n|-damage|p2a: Mamoswine|20\/100 brn|[from] brn\n|upkeep\n|turn|17\n|\n|t:|1699741562\n|move|p1a: Pink Porussy|Protect|p1a: Pink Porussy\n|-singleturn|p1a: Pink Porussy|Protect\n|move|p2a: Mamoswine|Trailblaze|p1a: Pink Porussy\n|-activate|p1a: Pink Porussy|move: Protect\n|\n|-heal|p2a: Mamoswine|26\/100 brn|[from] Grassy Terrain\n|-heal|p1a: Pink Porussy|43\/100|[from] Grassy Terrain\n|-heal|p1a: Pink Porussy|49\/100|[from] item: Leftovers\n|-damage|p2a: Mamoswine|20\/100 brn|[from] brn\n|upkeep\n|turn|18\n|\n|t:|1699741576\n|switch|p2a: Thundurus|Thundurus, M|100\/100\n|move|p1a: Pink Porussy|Wish|p1a: Pink Porussy\n|\n|-heal|p1a: Pink Porussy|55\/100|[from] Grassy Terrain\n|-heal|p1a: Pink Porussy|61\/100|[from] item: Leftovers\n|-fieldend|move: Grassy Terrain\n|upkeep\n|turn|19\n|\n|t:|1699741595\n|move|p2a: Thundurus|Nasty Plot|p2a: Thundurus\n|-boost|p2a: Thundurus|spa|2\n|move|p1a: Pink Porussy|Scald|p2a: Thundurus\n|-damage|p2a: Thundurus|61\/100\n|\n|-heal|p1a: Pink Porussy|100\/100|[from] move: Wish|[wisher] Pink Porussy\n|upkeep\n|turn|20\n|\n|t:|1699741612\n|move|p2a: Thundurus|Thunder Wave|p1a: Pink Porussy|[miss]\n|-miss|p2a: Thundurus|p1a: Pink Porussy\n|move|p1a: Pink Porussy|Haze|p1a: Pink Porussy\n|-clearallboost\n|\n|upkeep\n|turn|21\n|\n|t:|1699741619\n|move|p2a: Thundurus|Thunder Wave|p1a: Pink Porussy\n|-status|p1a: Pink Porussy|par\n|move|p1a: Pink Porussy|Scald|p2a: Thundurus\n|-damage|p2a: Thundurus|18\/100\n|\n|upkeep\n|turn|22\n|\n|t:|1699741628\n|switch|p2a: Enamorus|Enamorus-Therian, F, shiny|100\/100\n|move|p1a: Pink Porussy|Scald|p2a: Enamorus\n|-damage|p2a: Enamorus|74\/100\n|\n|-heal|p2a: Enamorus|80\/100|[from] item: Leftovers\n|upkeep\n|turn|23\n|\n|t:|1699741655\n|switch|p1a: Sandy Shocks|Sandy Shocks, tera:Ice|100\/100\n|move|p2a: Enamorus|Substitute|p2a: Enamorus\n|-start|p2a: Enamorus|Substitute\n|-damage|p2a: Enamorus|55\/100\n|\n|-heal|p2a: Enamorus|62\/100|[from] item: Leftovers\n|upkeep\n|turn|24\n|\n|t:|1699741667\n|move|p1a: Sandy Shocks|Thunderbolt|p2a: Enamorus\n|-supereffective|p2a: Enamorus\n|-end|p2a: Enamorus|Substitute\n|move|p2a: Enamorus|Earth Power|p1a: Sandy Shocks\n|-damage|p1a: Sandy Shocks|56\/100\n|\n|-heal|p2a: Enamorus|68\/100|[from] item: Leftovers\n|upkeep\n|turn|25\n|\n|t:|1699741682\n|switch|p2a: Mamoswine|Mamoswine, M|20\/100 brn\n|move|p1a: Sandy Shocks|Tera Blast|p2a: Mamoswine|[anim] Tera Blast Ice\n|-damage|p2a: Mamoswine|0 fnt\n|faint|p2a: Mamoswine\n|\n|upkeep\n|\n|t:|1699741697\n|switch|p2a: Enamorus|Enamorus-Therian, F, shiny|68\/100\n|turn|26\n|\n|t:|1699741714\n|move|p1a: Sandy Shocks|Thunderbolt|p2a: Enamorus\n|-supereffective|p2a: Enamorus\n|-damage|p2a: Enamorus|0 fnt\n|faint|p2a: Enamorus\n|\n|upkeep\n|\n|t:|1699741726\n|switch|p2a: Walking Wake|Walking Wake|68\/100\n|turn|27\n|\n|t:|1699741733\n|move|p2a: Walking Wake|Dragon Pulse|p1a: Sandy Shocks\n|-damage|p1a: Sandy Shocks|5\/100\n|move|p1a: Sandy Shocks|Thunderbolt|p2a: Walking Wake\n|-damage|p2a: Walking Wake|20\/100\n|\n|upkeep\n|turn|28\n|\n|t:|1699741740\n|move|p2a: Walking Wake|Flamethrower|p1a: Sandy Shocks\n|-supereffective|p1a: Sandy Shocks\n|-damage|p1a: Sandy Shocks|0 fnt\n|faint|p1a: Sandy Shocks\n|-end|p1a: Sandy Shocks|Protosynthesis|[silent]\n|\n|upkeep\n|\n|t:|1699741794\n|switch|p1a: Lilligant|Lilligant-Hisui, F|100\/100\n|turn|29\n|\n|t:|1699741797\n|move|p2a: Walking Wake|Flamethrower|p1a: Lilligant\n|-supereffective|p1a: Lilligant\n|-damage|p1a: Lilligant|8\/100\n|move|p1a: Lilligant|Leaf Blade|p2a: Walking Wake\n|-damage|p2a: Walking Wake|0 fnt\n|faint|p2a: Walking Wake\n|-end|p2a: Walking Wake|Protosynthesis|[silent]\n|-damage|p1a: Lilligant|0 fnt|[from] item: Life Orb\n|faint|p1a: Lilligant\n|\n|upkeep\n|\n|t:|1699741813\n|switch|p2a: Thundurus|Thundurus, M|18\/100\n|switch|p1a: Enamorus|Enamorus, F|100\/100\n|turn|30\n|\n|t:|1699741818\n|move|p2a: Thundurus|Thunder Wave|p1a: Enamorus\n|-status|p1a: Enamorus|par\n|move|p1a: Enamorus|Moonblast|p2a: Thundurus\n|-damage|p2a: Thundurus|0 fnt\n|faint|p2a: Thundurus\n|\n|win|shyguyry\n","uploadtime":1699741825,"views":11,"p1id":"shyguyry","p2id":"justatree777","formatid":"gen9ou","rating":0,"private":0,"password":""}