{"id":"gen9ou-1990992570","p1":"Thelaw1307","p2":"Davidlhardin3","format":"[Gen 9] OU","log":"|j|\u2606Thelaw1307\n|j|\u2606Davidlhardin3\n|t:|1700024582\n|gametype|singles\n|player|p1|Thelaw1307|dawn|1167\n|player|p2|Davidlhardin3|170|1061\n|teamsize|p1|6\n|teamsize|p2|6\n|gen|9\n|tier|[Gen 9] OU\n|rated|\n|rule|Sleep Clause Mod: Limit one foe put to sleep\n|rule|Species Clause: Limit one of each Pok\u00e9mon\n|rule|OHKO Clause: OHKO moves are banned\n|rule|Evasion Items Clause: Evasion items are banned\n|rule|Evasion Moves Clause: Evasion moves are banned\n|rule|Endless Battle Clause: Forcing endless battles is banned\n|rule|HP Percentage Mod: HP is shown in percentages\n|clearpoke\n|poke|p1|Mandibuzz, F|\n|poke|p1|Gardevoir, F|\n|poke|p1|Gholdengo|\n|poke|p1|Great Tusk|\n|poke|p1|Quaquaval, M|\n|poke|p1|Ceruledge, M|\n|poke|p2|Slowking-Galar, M|\n|poke|p2|Lokix, M|\n|poke|p2|Tornadus-Therian, M|\n|poke|p2|Alomomola, M|\n|poke|p2|Enamorus, F|\n|poke|p2|Braviary-Hisui, M|\n|teampreview\n|\n|t:|1700024591\n|start\n|switch|p1a: Gardevoir|Gardevoir, F|100\/100\n|switch|p2a: Enamorus|Enamorus, F|100\/100\n|-ability|p1a: Gardevoir|Cute Charm|[from] ability: Trace|[of] p2a: Enamorus\n|turn|1\n|\n|t:|1700024601\n|move|p2a: Enamorus|Sludge Bomb|p1a: Gardevoir\n|-supereffective|p1a: Gardevoir\n|-damage|p1a: Gardevoir|16\/100\n|-status|p1a: Gardevoir|psn\n|move|p1a: Gardevoir|Moonblast|p2a: Enamorus\n|-damage|p2a: Enamorus|0 fnt\n|faint|p2a: Enamorus\n|\n|-damage|p1a: Gardevoir|4\/100 psn|[from] psn\n|upkeep\n|\n|t:|1700024612\n|switch|p2a: Lokix|Lokix, M|100\/100\n|turn|2\n|\n|t:|1700024621\n|switch|p1a: Great Tusk|Great Tusk|100\/100\n|move|p2a: Lokix|U-turn|p1a: Great Tusk\n|-resisted|p1a: Great Tusk\n|-crit|p1a: Great Tusk\n|-damage|p1a: Great Tusk|65\/100\n|-damage|p2a: Lokix|84\/100|[from] item: Rocky Helmet|[of] p1a: Great Tusk\n|\n|t:|1700024628\n|switch|p2a: Tornadus|Tornadus-Therian, M|100\/100|[from] U-turn\n|\n|upkeep\n|turn|3\n|\n|t:|1700024671\n|-end|p1a: Great Tusk|Protosynthesis|[silent]\n|switch|p1a: Gardevoir|Gardevoir, F|4\/100 psn\n|-ability|p1a: Gardevoir|Regenerator|[from] ability: Trace|[of] p2a: Tornadus\n|move|p2a: Tornadus|U-turn|p1a: Gardevoir\n|-damage|p1a: Gardevoir|0 fnt\n|faint|p1a: Gardevoir\n|\n|t:|1700024694\n|switch|p2a: Braviary|Braviary-Hisui, M|100\/100|[from] U-turn\n|\n|upkeep\n|\n|t:|1700024707\n|switch|p1a: Gholdengo|Gholdengo|100\/100\n|turn|4\n|\n|t:|1700024714\n|move|p1a: Gholdengo|Nasty Plot|p1a: Gholdengo\n|-boost|p1a: Gholdengo|spa|2\n|move|p2a: Braviary|Heat Wave|p1a: Gholdengo\n|-supereffective|p1a: Gholdengo\n|-damage|p1a: Gholdengo|0 fnt\n|faint|p1a: Gholdengo\n|\n|upkeep\n|\n|t:|1700024738\n|switch|p1a: Ceruledge|Ceruledge, M|100\/100\n|turn|5\n|\n|t:|1700024750\n|switch|p2a: Alomomola|Alomomola, M|100\/100\n|move|p1a: Ceruledge|Swords Dance|p1a: Ceruledge\n|-boost|p1a: Ceruledge|atk|2\n|\n|upkeep\n|turn|6\n|\n|t:|1700024767\n|move|p1a: Ceruledge|Swords Dance|p1a: Ceruledge\n|-boost|p1a: Ceruledge|atk|2\n|move|p2a: Alomomola|Scald|p1a: Ceruledge\n|-supereffective|p1a: Ceruledge\n|-damage|p1a: Ceruledge|68\/100\n|\n|upkeep\n|turn|7\n|\n|t:|1700024774\n|move|p1a: Ceruledge|Bitter Blade|p2a: Alomomola\n|-resisted|p2a: Alomomola\n|-crit|p2a: Alomomola\n|-damage|p2a: Alomomola|39\/100\n|-heal|p1a: Ceruledge|100\/100|[from] drain|[of] p2a: Alomomola\n|move|p2a: Alomomola|Scald|p1a: Ceruledge\n|-supereffective|p1a: Ceruledge\n|-damage|p1a: Ceruledge|69\/100\n|\n|-heal|p2a: Alomomola|45\/100|[from] item: Leftovers\n|upkeep\n|turn|8\n|\n|t:|1700024786\n|move|p1a: Ceruledge|Bitter Blade|p2a: Alomomola\n|-resisted|p2a: Alomomola\n|-damage|p2a: Alomomola|8\/100\n|-heal|p1a: Ceruledge|100\/100|[from] drain|[of] p2a: Alomomola\n|move|p2a: Alomomola|Scald|p1a: Ceruledge\n|-supereffective|p1a: Ceruledge\n|-damage|p1a: Ceruledge|70\/100\n|\n|-heal|p2a: Alomomola|14\/100|[from] item: Leftovers\n|upkeep\n|turn|9\n|\n|t:|1700024797\n|move|p1a: Ceruledge|Bitter Blade|p2a: Alomomola\n|-resisted|p2a: Alomomola\n|-damage|p2a: Alomomola|0 fnt\n|-heal|p1a: Ceruledge|82\/100|[from] drain|[of] p2a: Alomomola\n|faint|p2a: Alomomola\n|\n|upkeep\n|\n|t:|1700024807\n|switch|p2a: Tornadus|Tornadus-Therian, M|100\/100\n|turn|10\n|\n|t:|1700024815\n|move|p2a: Tornadus|Knock Off|p1a: Ceruledge\n|-supereffective|p1a: Ceruledge\n|-damage|p1a: Ceruledge|21\/100\n|-ability|p1a: Ceruledge|Weak Armor|boost\n|-unboost|p1a: Ceruledge|def|1\n|-boost|p1a: Ceruledge|spe|2\n|-enditem|p1a: Ceruledge|Focus Sash|[from] move: Knock Off|[of] p2a: Tornadus\n|move|p1a: Ceruledge|Bitter Blade|p2a: Tornadus\n|-damage|p2a: Tornadus|0 fnt\n|-heal|p1a: Ceruledge|72\/100|[from] drain|[of] p2a: Tornadus\n|faint|p2a: Tornadus\n|\n|upkeep\n|-message|Davidlhardin3 forfeited.\n|\n|win|Thelaw1307\n|raw|Thelaw1307's rating: 1167 &rarr; <strong>1185<\/strong><br \/>(+18 for winning)\n|raw|Davidlhardin3's rating: 1061 &rarr; <strong>1048<\/strong><br \/>(-13 for losing)\n|l|\u2606Davidlhardin3\n","uploadtime":1700024837,"views":23,"p1id":"thelaw1307","p2id":"davidlhardin3","formatid":"gen9ou","rating":1048,"private":0,"password":""}