{"id":"gen9ou-1995331743","p1":"ReDemonic","p2":"Ciabattabdog","format":"[Gen 9] OU","log":"|j|\u2606ReDemonic\n|j|\u2606Ciabattabdog\n|t:|1700555048\n|gametype|singles\n|player|p1|ReDemonic|tucker-gen3|1412\n|player|p2|Ciabattabdog|ethan|1487\n|teamsize|p1|6\n|teamsize|p2|6\n|gen|9\n|tier|[Gen 9] OU\n|rated|\n|rule|Sleep Clause Mod: Limit one foe put to sleep\n|rule|Species Clause: Limit one of each Pok\u00e9mon\n|rule|OHKO Clause: OHKO moves are banned\n|rule|Evasion Items Clause: Evasion items are banned\n|rule|Evasion Moves Clause: Evasion moves are banned\n|rule|Endless Battle Clause: Forcing endless battles is banned\n|rule|HP Percentage Mod: HP is shown in percentages\n|clearpoke\n|poke|p1|Goodra-Hisui, F|\n|poke|p1|Toxapex, F|\n|poke|p1|Enamorus, F|\n|poke|p1|Heatran, M|\n|poke|p1|Dragonite, M|\n|poke|p1|Zarude|\n|poke|p2|Cinderace, F|\n|poke|p2|Greninja-*, M|\n|poke|p2|Dragapult, M|\n|poke|p2|Garchomp, F|\n|poke|p2|Rotom-Wash|\n|poke|p2|Gholdengo|\n|teampreview\n|\n|t:|1700555059\n|start\n|switch|p1a: Zarude|Zarude|100\/100\n|switch|p2a: Rotom|Rotom-Wash|100\/100\n|turn|1\n|\n|t:|1700555067\n|move|p2a: Rotom|Protect|p2a: Rotom\n|-singleturn|p2a: Rotom|Protect\n|move|p1a: Zarude|Bullet Seed|p2a: Rotom\n|-activate|p2a: Rotom|move: Protect\n|\n|upkeep\n|turn|2\n|\n|t:|1700555079\n|switch|p2a: Cinderace|Cinderace, F, shiny|100\/100\n|move|p1a: Zarude|Trailblaze|p2a: Cinderace\n|-resisted|p2a: Cinderace\n|-damage|p2a: Cinderace|84\/100\n|-boost|p1a: Zarude|spe|1\n|\n|upkeep\n|turn|3\n|\n|t:|1700555085\n|-terastallize|p1a: Zarude|Dark\n|move|p1a: Zarude|Lash Out|p2a: Cinderace\n|-damage|p2a: Cinderace|11\/100\n|move|p2a: Cinderace|U-turn|p1a: Zarude\n|-start|p2a: Cinderace|typechange|Bug|[from] ability: Libero\n|-supereffective|p1a: Zarude\n|-damage|p1a: Zarude|41\/100\n|\n|t:|1700555095\n|switch|p2a: Rotom|Rotom-Wash|100\/100|[from] U-turn\n|\n|upkeep\n|turn|4\n|\n|t:|1700555099\n|move|p1a: Zarude|Bullet Seed|p2a: Rotom\n|-supereffective|p2a: Rotom\n|-damage|p2a: Rotom|75\/100\n|-supereffective|p2a: Rotom\n|-damage|p2a: Rotom|47\/100\n|-supereffective|p2a: Rotom\n|-damage|p2a: Rotom|20\/100\n|-supereffective|p2a: Rotom\n|-damage|p2a: Rotom|0 fnt\n|faint|p2a: Rotom\n|-hitcount|p2: Rotom|4\n|\n|upkeep\n|\n|t:|1700555111\n|switch|p2a: Garchomp|Garchomp, F|100\/100\n|turn|5\n|\n|t:|1700555117\n|switch|p1a: Enamorus|Enamorus, F|100\/100\n|move|p2a: Garchomp|Earthquake|p1a: Enamorus\n|-immune|p1a: Enamorus\n|\n|upkeep\n|turn|6\n|\n|t:|1700555125\n|switch|p2a: Gholdengo|Gholdengo|100\/100\n|-item|p2a: Gholdengo|Air Balloon\n|move|p1a: Enamorus|Earth Power|p2a: Gholdengo\n|-immune|p2a: Gholdengo\n|\n|upkeep\n|turn|7\n|\n|t:|1700555132\n|switch|p1a: Toxapex|Toxapex, F|100\/100\n|move|p2a: Gholdengo|Shadow Ball|p1a: Toxapex\n|-damage|p1a: Toxapex|63\/100\n|-unboost|p1a: Toxapex|spd|1\n|\n|-heal|p1a: Toxapex|68\/100|[from] item: Leftovers\n|upkeep\n|turn|8\n|\n|t:|1700555138\n|move|p2a: Gholdengo|Shadow Ball|p1a: Toxapex\n|-damage|p1a: Toxapex|20\/100\n|-unboost|p1a: Toxapex|spd|1\n|move|p1a: Toxapex|Surf|p2a: Gholdengo\n|-damage|p2a: Gholdengo|77\/100\n|-enditem|p2a: Gholdengo|Air Balloon\n|\n|-heal|p1a: Toxapex|26\/100|[from] item: Leftovers\n|upkeep\n|turn|9\n|\n|t:|1700555146\n|switch|p1a: Goodra|Goodra-Hisui, F|100\/100\n|move|p2a: Gholdengo|Shadow Ball|p1a: Goodra\n|-crit|p1a: Goodra\n|-damage|p1a: Goodra|70\/100\n|\n|upkeep\n|turn|10\n|\n|t:|1700555154\n|switch|p2a: Garchomp|Garchomp, F|100\/100\n|move|p1a: Goodra|Draco Meteor|p2a: Garchomp\n|-supereffective|p2a: Garchomp\n|-damage|p2a: Garchomp|0 fnt\n|-unboost|p1a: Goodra|spa|2\n|faint|p2a: Garchomp\n|\n|upkeep\n|-message|Ciabattabdog forfeited.\n|\n|win|ReDemonic\n|raw|ReDemonic's rating: 1412 &rarr; <strong>1436<\/strong><br \/>(+24 for winning)\n|raw|Ciabattabdog's rating: 1487 &rarr; <strong>1463<\/strong><br \/>(-24 for losing)\n|l|\u2606Ciabattabdog\n","uploadtime":1700555161,"views":3,"p1id":"redemonic","p2id":"ciabattabdog","formatid":"gen9ou","rating":1436,"private":0,"password":""}