{"id":"gen9ou-1997255547","p1":"marcelotrololol","p2":"mikhail95","format":"[Gen 9] OU","log":"|j|\u2606marcelotrololol\n|j|\u2606mikhail95\n|t:|1700781048\n|gametype|singles\n|player|p1|marcelotrololol|lance|1639\n|player|p2|mikhail95|169|1599\n|teamsize|p1|6\n|teamsize|p2|6\n|gen|9\n|tier|[Gen 9] OU\n|rated|\n|rule|Sleep Clause Mod: Limit one foe put to sleep\n|rule|Species Clause: Limit one of each Pok\u00e9mon\n|rule|OHKO Clause: OHKO moves are banned\n|rule|Evasion Items Clause: Evasion items are banned\n|rule|Evasion Moves Clause: Evasion moves are banned\n|rule|Endless Battle Clause: Forcing endless battles is banned\n|rule|HP Percentage Mod: HP is shown in percentages\n|clearpoke\n|poke|p1|Dragonite, F|\n|poke|p1|Samurott-Hisui, M|\n|poke|p1|Ting-Lu|\n|poke|p1|Gholdengo|\n|poke|p1|Walking Wake|\n|poke|p1|Enamorus, F|\n|poke|p2|Landorus-Therian, M|\n|poke|p2|Iron Valiant|\n|poke|p2|Dragonite, M|\n|poke|p2|Dragapult, M|\n|poke|p2|Kingambit, M|\n|poke|p2|Walking Wake|\n|teampreview\n|inactive|Battle timer is ON: inactive players will automatically lose when time's up. (requested by marcelotrololol)\n|\n|t:|1700781059\n|start\n|switch|p1a: Ting-Lu|Ting-Lu|100\/100\n|switch|p2a: Dragapult|Dragapult, M|100\/100\n|-ability|p1a: Ting-Lu|Vessel of Ruin\n|turn|1\n|\n|t:|1700781068\n|move|p2a: Dragapult|Will-O-Wisp|p1a: Ting-Lu\n|-status|p1a: Ting-Lu|brn\n|move|p1a: Ting-Lu|Stealth Rock|p2a: Dragapult\n|-sidestart|p2: mikhail95|move: Stealth Rock\n|\n|-damage|p1a: Ting-Lu|94\/100 brn|[from] brn\n|upkeep\n|turn|2\n|\n|t:|1700781078\n|move|p2a: Dragapult|Substitute|p2a: Dragapult\n|-start|p2a: Dragapult|Substitute\n|-damage|p2a: Dragapult|76\/100\n|move|p1a: Ting-Lu|Whirlwind|p2a: Dragapult\n|drag|p2a: Dragonite|Dragonite, M|100\/100\n|\n|-heal|p1a: Ting-Lu|100\/100 brn|[from] item: Leftovers\n|-damage|p1a: Ting-Lu|94\/100 brn|[from] brn\n|upkeep\n|turn|3\n|\n|t:|1700781086\n|move|p2a: Dragonite|Dragon Dance|p2a: Dragonite\n|-boost|p2a: Dragonite|atk|1\n|-boost|p2a: Dragonite|spe|1\n|move|p1a: Ting-Lu|Whirlwind|p2a: Dragonite\n|drag|p2a: Kingambit|Kingambit, M|100\/100\n|-damage|p2a: Kingambit|94\/100|[from] Stealth Rock\n|\n|-heal|p2a: Kingambit|100\/100|[from] item: Leftovers\n|-heal|p1a: Ting-Lu|100\/100 brn|[from] item: Leftovers\n|-damage|p1a: Ting-Lu|94\/100 brn|[from] brn\n|upkeep\n|turn|4\n|\n|t:|1700781098\n|-end|p2a: Kingambit|fallenundefined|[silent]\n|switch|p2a: Landorus|Landorus-Therian, M|100\/100\n|-damage|p2a: Landorus|88\/100|[from] Stealth Rock\n|-ability|p2a: Landorus|Intimidate|boost\n|-unboost|p1a: Ting-Lu|atk|1\n|move|p1a: Ting-Lu|Earthquake|p2a: Landorus\n|-immune|p2a: Landorus\n|\n|-heal|p1a: Ting-Lu|100\/100 brn|[from] item: Leftovers\n|-damage|p1a: Ting-Lu|94\/100 brn|[from] brn\n|upkeep\n|turn|5\n|\n|t:|1700781108\n|move|p2a: Landorus|Stealth Rock|p1a: Ting-Lu\n|-sidestart|p1: marcelotrololol|move: Stealth Rock\n|move|p1a: Ting-Lu|Whirlwind|p2a: Landorus\n|drag|p2a: Dragonite|Dragonite, M|100\/100\n|\n|-heal|p1a: Ting-Lu|100\/100 brn|[from] item: Leftovers\n|-damage|p1a: Ting-Lu|94\/100 brn|[from] brn\n|upkeep\n|turn|6\n|\n|t:|1700781114\n|move|p2a: Dragonite|Ice Spinner|p1a: Ting-Lu\n|-supereffective|p1a: Ting-Lu\n|-damage|p1a: Ting-Lu|63\/100 brn\n|move|p1a: Ting-Lu|Whirlwind|p2a: Dragonite\n|drag|p2a: Iron Valiant|Iron Valiant|100\/100\n|-damage|p2a: Iron Valiant|94\/100|[from] Stealth Rock\n|-enditem|p2a: Iron Valiant|Booster Energy\n|-activate|p2a: Iron Valiant|ability: Quark Drive|[fromitem]\n|-start|p2a: Iron Valiant|quarkdrivespe\n|\n|-heal|p1a: Ting-Lu|69\/100 brn|[from] item: Leftovers\n|-damage|p1a: Ting-Lu|63\/100 brn|[from] brn\n|upkeep\n|turn|7\n|\n|t:|1700781125\n|move|p2a: Iron Valiant|Close Combat|p1a: Ting-Lu\n|-supereffective|p1a: Ting-Lu\n|-damage|p1a: Ting-Lu|4\/100 brn\n|-unboost|p2a: Iron Valiant|def|1\n|-unboost|p2a: Iron Valiant|spd|1\n|move|p1a: Ting-Lu|Whirlwind|p2a: Iron Valiant\n|-end|p2a: Iron Valiant|Quark Drive|[silent]\n|drag|p2a: Walking Wake|Walking Wake|100\/100\n|-damage|p2a: Walking Wake|88\/100|[from] Stealth Rock\n|-enditem|p2a: Walking Wake|Booster Energy\n|-activate|p2a: Walking Wake|ability: Protosynthesis|[fromitem]\n|-start|p2a: Walking Wake|protosynthesisspa\n|\n|-heal|p1a: Ting-Lu|10\/100 brn|[from] item: Leftovers\n|-damage|p1a: Ting-Lu|4\/100 brn|[from] brn\n|upkeep\n|turn|8\n|\n|t:|1700781140\n|move|p2a: Walking Wake|Flamethrower|p1a: Ting-Lu\n|-damage|p1a: Ting-Lu|0 fnt\n|faint|p1a: Ting-Lu\n|\n|upkeep\n|\n|t:|1700781156\n|switch|p1a: Samurott|Samurott-Hisui, M|100\/100\n|-damage|p1a: Samurott|88\/100|[from] Stealth Rock\n|turn|9\n|\n|t:|1700781161\n|move|p2a: Walking Wake|Agility|p2a: Walking Wake\n|-boost|p2a: Walking Wake|spe|2\n|move|p1a: Samurott|Ceaseless Edge|p2a: Walking Wake\n|-damage|p2a: Walking Wake|40\/100\n|-sidestart|p2: mikhail95|Spikes\n|\n|upkeep\n|turn|10\n|\n|t:|1700781170\n|move|p2a: Walking Wake|Draco Meteor|p1a: Samurott\n|-damage|p1a: Samurott|0 fnt\n|-unboost|p2a: Walking Wake|spa|2\n|faint|p1a: Samurott\n|\n|upkeep\n|\n|t:|1700781176\n|switch|p1a: Dragonite|Dragonite, F|100\/100\n|turn|11\n|\n|t:|1700781181\n|-terastallize|p1a: Dragonite|Normal\n|move|p1a: Dragonite|Extreme Speed|p2a: Walking Wake\n|-damage|p2a: Walking Wake|0 fnt\n|faint|p2a: Walking Wake\n|-end|p2a: Walking Wake|Protosynthesis|[silent]\n|\n|upkeep\n|\n|t:|1700781190\n|switch|p2a: Dragapult|Dragapult, M|76\/100\n|-damage|p2a: Dragapult|63\/100|[from] Stealth Rock\n|-damage|p2a: Dragapult|51\/100|[from] Spikes\n|turn|12\n|\n|t:|1700781199\n|switch|p1a: Enamorus|Enamorus, F|100\/100\n|-damage|p1a: Enamorus|76\/100|[from] Stealth Rock\n|move|p2a: Dragapult|Will-O-Wisp|p1a: Enamorus\n|-status|p1a: Enamorus|brn\n|\n|-heal|p2a: Dragapult|57\/100|[from] item: Leftovers\n|-damage|p1a: Enamorus|69\/100 brn|[from] brn\n|upkeep\n|turn|13\n|\n|t:|1700781208\n|move|p2a: Dragapult|Hex|p1a: Enamorus\n|-damage|p1a: Enamorus|0 fnt\n|faint|p1a: Enamorus\n|\n|-heal|p2a: Dragapult|63\/100|[from] item: Leftovers\n|upkeep\n|\n|t:|1700781214\n|switch|p1a: Gholdengo|Gholdengo|100\/100\n|-damage|p1a: Gholdengo|94\/100|[from] Stealth Rock\n|turn|14\n|\n|t:|1700781225\n|move|p2a: Dragapult|Substitute|p2a: Dragapult\n|-start|p2a: Dragapult|Substitute\n|-damage|p2a: Dragapult|38\/100\n|move|p1a: Gholdengo|Focus Blast|p2a: Dragapult\n|-immune|p2a: Dragapult\n|\n|-heal|p2a: Dragapult|44\/100|[from] item: Leftovers\n|upkeep\n|turn|15\n|-message|marcelotrololol forfeited.\n|\n|win|mikhail95\n|raw|marcelotrololol's rating: 1639 &rarr; <strong>1617<\/strong><br \/>(-22 for losing)\n|raw|mikhail95's rating: 1599 &rarr; <strong>1621<\/strong><br \/>(+22 for winning)\n|l|\u2606marcelotrololol\n|c|\u2606mikhail95|gg\n","uploadtime":1700781235,"views":4,"p1id":"marcelotrololol","p2id":"mikhail95","formatid":"gen9ou","rating":1617,"private":0,"password":""}