{"id":"gen9ou-1996358667","p1":"crazytecktv","p2":"PLAYB0I R0BBIE B","format":"[Gen 9] OU","log":"|j|\u2606crazytecktv\n|j|\u2606PLAYB0I R0BBIE B\n|t:|1700674465\n|gametype|singles\n|player|p1|crazytecktv|bellelba|1290\n|player|p2|PLAYB0I R0BBIE B|eusine|1377\n|teamsize|p1|6\n|teamsize|p2|6\n|gen|9\n|tier|[Gen 9] OU\n|rated|\n|rule|Sleep Clause Mod: Limit one foe put to sleep\n|rule|Species Clause: Limit one of each Pok\u00e9mon\n|rule|OHKO Clause: OHKO moves are banned\n|rule|Evasion Items Clause: Evasion items are banned\n|rule|Evasion Moves Clause: Evasion moves are banned\n|rule|Endless Battle Clause: Forcing endless battles is banned\n|rule|HP Percentage Mod: HP is shown in percentages\n|clearpoke\n|poke|p1|Mew|\n|poke|p1|Heatran, F|\n|poke|p1|Dragonite, F|\n|poke|p1|Great Tusk|\n|poke|p1|Goodra-Hisui, M|\n|poke|p1|Gholdengo|\n|poke|p2|Meowscarada, F|\n|poke|p2|Heatran, F|\n|poke|p2|Thundurus-Therian, M|\n|poke|p2|Dragapult, F|\n|poke|p2|Great Tusk|\n|poke|p2|Azumarill, F|\n|teampreview\n|inactive|Battle timer is ON: inactive players will automatically lose when time's up. (requested by PLAYB0I R0BBIE B)\n|\n|t:|1700674482\n|start\n|switch|p1a: Mew|Mew|100\/100\n|switch|p2a: SICKO MODE|Meowscarada, F|100\/100\n|turn|1\n|\n|t:|1700674487\n|move|p2a: SICKO MODE|U-turn|p1a: Mew\n|-start|p2a: SICKO MODE|typechange|Bug|[from] ability: Protean\n|-supereffective|p1a: Mew\n|-enditem|p1a: Mew|Focus Sash\n|-damage|p1a: Mew|1\/100\n|\n|t:|1700674491\n|switch|p2a: CAN'T SAY|Azumarill, F|100\/100|[from] U-turn\n|move|p1a: Mew|Focus Blast|p2a: CAN'T SAY\n|-resisted|p2a: CAN'T SAY\n|-damage|p2a: CAN'T SAY|88\/100\n|\n|upkeep\n|turn|2\n|\n|t:|1700674497\n|move|p2a: CAN'T SAY|Aqua Jet|p1a: Mew\n|-damage|p1a: Mew|0 fnt\n|faint|p1a: Mew\n|\n|upkeep\n|\n|t:|1700674505\n|switch|p1a: Dragonite|Dragonite, F, shiny|100\/100\n|turn|3\n|\n|t:|1700674509\n|-terastallize|p1a: Dragonite|Normal\n|move|p1a: Dragonite|Extreme Speed|p2a: CAN'T SAY\n|-damage|p2a: CAN'T SAY|37\/100\n|move|p2a: CAN'T SAY|Ice Spinner|p1a: Dragonite\n|-damage|p1a: Dragonite|86\/100\n|\n|-heal|p1a: Dragonite|92\/100|[from] item: Leftovers\n|upkeep\n|turn|4\n|\n|t:|1700674517\n|switch|p2a: NO BYSTANDERS|Dragapult, F|100\/100\n|move|p1a: Dragonite|Extreme Speed|p2a: NO BYSTANDERS\n|-immune|p2a: NO BYSTANDERS\n|\n|-heal|p1a: Dragonite|98\/100|[from] item: Leftovers\n|upkeep\n|turn|5\n|\n|t:|1700674522\n|move|p2a: NO BYSTANDERS|Draco Meteor|p1a: Dragonite\n|-damage|p1a: Dragonite|44\/100\n|-unboost|p2a: NO BYSTANDERS|spa|2\n|move|p1a: Dragonite|Dragon Dance|p1a: Dragonite\n|-boost|p1a: Dragonite|atk|1\n|-boost|p1a: Dragonite|spe|1\n|\n|-heal|p1a: Dragonite|50\/100|[from] item: Leftovers\n|upkeep\n|turn|6\n|\n|t:|1700674532\n|move|p2a: NO BYSTANDERS|Draco Meteor|p1a: Dragonite\n|-damage|p1a: Dragonite|28\/100\n|-unboost|p2a: NO BYSTANDERS|spa|2\n|move|p1a: Dragonite|Earthquake|p2a: NO BYSTANDERS\n|-damage|p2a: NO BYSTANDERS|6\/100\n|\n|-heal|p1a: Dragonite|34\/100|[from] item: Leftovers\n|upkeep\n|turn|7\n|\n|t:|1700674538\n|switch|p2a: CAN'T SAY|Azumarill, F|37\/100\n|move|p1a: Dragonite|Earthquake|p2a: CAN'T SAY\n|-damage|p2a: CAN'T SAY|0 fnt\n|faint|p2a: CAN'T SAY\n|\n|-heal|p1a: Dragonite|40\/100|[from] item: Leftovers\n|upkeep\n|\n|t:|1700674542\n|switch|p2a: NO BYSTANDERS|Dragapult, F|6\/100\n|turn|8\n|\n|t:|1700674552\n|switch|p1a: Goodra|Goodra-Hisui, M, shiny|100\/100\n|move|p2a: NO BYSTANDERS|Draco Meteor|p1a: Goodra\n|-damage|p1a: Goodra|75\/100\n|-unboost|p2a: NO BYSTANDERS|spa|2\n|\n|upkeep\n|turn|9\n|\n|t:|1700674556\n|switch|p2a: YOSEMITE|Great Tusk|100\/100\n|move|p1a: Goodra|Ice Beam|p2a: YOSEMITE\n|-supereffective|p2a: YOSEMITE\n|-damage|p2a: YOSEMITE|2\/100\n|\n|upkeep\n|turn|10\n|\n|t:|1700674565\n|switch|p1a: Great Tusk|Great Tusk|100\/100\n|move|p2a: YOSEMITE|Headlong Rush|p1a: Great Tusk\n|-damage|p1a: Great Tusk|70\/100\n|-unboost|p2a: YOSEMITE|def|1\n|-unboost|p2a: YOSEMITE|spd|1\n|-damage|p2a: YOSEMITE|0 fnt|[from] item: Rocky Helmet|[of] p1a: Great Tusk\n|faint|p2a: YOSEMITE\n|-end|p2a: YOSEMITE|Protosynthesis|[silent]\n|\n|upkeep\n|\n|t:|1700674571\n|switch|p2a: ASTROTHUNDER|Thundurus-Therian, M|100\/100\n|turn|11\n|\n|t:|1700674576\n|-terastallize|p2a: ASTROTHUNDER|Flying\n|move|p2a: ASTROTHUNDER|Tera Blast|p1a: Great Tusk|[anim] Tera Blast Flying\n|-supereffective|p1a: Great Tusk\n|-damage|p1a: Great Tusk|0 fnt\n|faint|p1a: Great Tusk\n|-end|p1a: Great Tusk|Protosynthesis|[silent]\n|\n|upkeep\n|\n|t:|1700674581\n|switch|p1a: Heatran|Heatran, F|100\/100\n|turn|12\n|\n|t:|1700674586\n|switch|p2a: 5% TINT|Heatran, F|100\/100\n|-item|p2a: 5% TINT|Air Balloon\n|move|p1a: Heatran|Power Gem|p2a: 5% TINT\n|-damage|p2a: 5% TINT|74\/100\n|-enditem|p2a: 5% TINT|Air Balloon\n|\n|upkeep\n|turn|13\n|\n|t:|1700674588\n|move|p2a: 5% TINT|Earth Power|p1a: Heatran\n|-supereffective|p1a: Heatran\n|-damage|p1a: Heatran|22\/100\n|move|p1a: Heatran|Earth Power|p2a: 5% TINT\n|-supereffective|p2a: 5% TINT\n|-damage|p2a: 5% TINT|0 fnt\n|faint|p2a: 5% TINT\n|\n|upkeep\n|\n|t:|1700674593\n|switch|p2a: ASTROTHUNDER|Thundurus-Therian, M, tera:Flying|100\/100\n|turn|14\n|\n|t:|1700674595\n|move|p2a: ASTROTHUNDER|Volt Switch|p1a: Heatran\n|-damage|p1a: Heatran|0 fnt\n|faint|p1a: Heatran\n|\n|t:|1700674599\n|switch|p2a: SICKO MODE|Meowscarada, F|100\/100|[from] Volt Switch\n|\n|upkeep\n|\n|t:|1700674604\n|switch|p1a: Goodra|Goodra-Hisui, M, shiny|75\/100\n|turn|15\n|\n|t:|1700674608\n|move|p2a: SICKO MODE|Low Kick|p1a: Goodra\n|-start|p2a: SICKO MODE|typechange|Fighting|[from] ability: Protean\n|-supereffective|p1a: Goodra\n|-damage|p1a: Goodra|0 fnt\n|faint|p1a: Goodra\n|\n|upkeep\n|\n|t:|1700674613\n|switch|p1a: Gholdengo|Gholdengo, shiny|100\/100\n|turn|16\n|\n|t:|1700674621\n|switch|p2a: ASTROTHUNDER|Thundurus-Therian, M, tera:Flying|100\/100\n|move|p1a: Gholdengo|Shadow Ball|p2a: ASTROTHUNDER\n|-damage|p2a: ASTROTHUNDER|45\/100\n|-unboost|p2a: ASTROTHUNDER|spd|1\n|\n|upkeep\n|turn|17\n|\n|t:|1700674625\n|move|p1a: Gholdengo|Shadow Ball|p2a: ASTROTHUNDER\n|-damage|p2a: ASTROTHUNDER|0 fnt\n|faint|p2a: ASTROTHUNDER\n|\n|upkeep\n|\n|t:|1700674630\n|switch|p2a: SICKO MODE|Meowscarada, F|100\/100\n|turn|18\n|\n|t:|1700674634\n|move|p1a: Gholdengo|Shadow Ball|p2a: SICKO MODE\n|-resisted|p2a: SICKO MODE\n|-damage|p2a: SICKO MODE|65\/100\n|-unboost|p2a: SICKO MODE|spd|1\n|move|p2a: SICKO MODE|Knock Off|p1a: Gholdengo\n|-start|p2a: SICKO MODE|typechange|Dark|[from] ability: Protean\n|-supereffective|p1a: Gholdengo\n|-damage|p1a: Gholdengo|0 fnt\n|-enditem|p1a: Gholdengo|Choice Scarf|[from] move: Knock Off|[of] p2a: SICKO MODE\n|faint|p1a: Gholdengo\n|\n|upkeep\n|\n|t:|1700674642\n|switch|p1a: Dragonite|Dragonite, F, shiny, tera:Normal|40\/100\n|turn|19\n|\n|t:|1700674645\n|move|p1a: Dragonite|Extreme Speed|p2a: SICKO MODE\n|-damage|p2a: SICKO MODE|0 fnt\n|faint|p2a: SICKO MODE\n|\n|-heal|p1a: Dragonite|46\/100|[from] item: Leftovers\n|upkeep\n|\n|t:|1700674648\n|switch|p2a: NO BYSTANDERS|Dragapult, F|6\/100\n|turn|20\n|\n|t:|1700674650\n|move|p2a: NO BYSTANDERS|Draco Meteor|p1a: Dragonite\n|-damage|p1a: Dragonite|0 fnt\n|-unboost|p2a: NO BYSTANDERS|spa|2\n|faint|p1a: Dragonite\n|\n|win|PLAYB0I R0BBIE B\n|raw|crazytecktv's rating: 1290 &rarr; <strong>1271<\/strong><br \/>(-19 for losing)\n|raw|PLAYB0I R0BBIE B's rating: 1377 &rarr; <strong>1392<\/strong><br \/>(+15 for winning)\n","uploadtime":1700674654,"views":2,"p1id":"crazytecktv","p2id":"playb0ir0bbieb","formatid":"gen9ou","rating":1271,"private":0,"password":""}