{"id":"gen9ou-1998276624","p1":"Jiriqtong","p2":"Zicofool","format":"[Gen 9] OU","log":"|j|\u2606Jiriqtong\n|j|\u2606Zicofool\n|t:|1700923562\n|gametype|singles\n|player|p1|Jiriqtong|pryce|1546\n|player|p2|Zicofool|may-masters|1651\n|teamsize|p1|6\n|teamsize|p2|6\n|gen|9\n|tier|[Gen 9] OU\n|rated|\n|rule|Sleep Clause Mod: Limit one foe put to sleep\n|rule|Species Clause: Limit one of each Pok\u00e9mon\n|rule|OHKO Clause: OHKO moves are banned\n|rule|Evasion Items Clause: Evasion items are banned\n|rule|Evasion Moves Clause: Evasion moves are banned\n|rule|Endless Battle Clause: Forcing endless battles is banned\n|rule|HP Percentage Mod: HP is shown in percentages\n|clearpoke\n|poke|p1|Amoonguss, M|\n|poke|p1|Dondozo, M|\n|poke|p1|Blissey, F|\n|poke|p1|Clefable, M|\n|poke|p1|Cyclizar, F|\n|poke|p1|Ting-Lu|\n|poke|p2|Ogerpon, F|\n|poke|p2|Maushold-Four|\n|poke|p2|Volcanion|\n|poke|p2|Thundurus-Therian, M|\n|poke|p2|Fezandipiti, M|\n|poke|p2|Scizor, M|\n|teampreview\n|inactive|Battle timer is ON: inactive players will automatically lose when time's up. (requested by Jiriqtong)\n|\n|t:|1700923587\n|start\n|switch|p1a: Blissey|Blissey, F|100\/100\n|switch|p2a: Scizor|Scizor, M|100\/100\n|turn|1\n|j| Michel\n|\n|t:|1700923597\n|switch|p1a: Amoonguss|Amoonguss, M|100\/100\n|move|p2a: Scizor|U-turn|p1a: Amoonguss\n|-damage|p1a: Amoonguss|74\/100\n|-damage|p2a: Scizor|84\/100|[from] item: Rocky Helmet|[of] p1a: Amoonguss\n|\n|t:|1700923601\n|switch|p2a: Volcanion|Volcanion|100\/100|[from] U-turn\n|\n|upkeep\n|turn|2\n|\n|t:|1700923611\n|switch|p2a: Maushold|Maushold-Four|100\/100\n|switch|p1a: Blissey|Blissey, F|100\/100\n|\n|upkeep\n|turn|3\n|\n|t:|1700923621\n|switch|p1a: Dondozo|Dondozo, M|100\/100\n|move|p2a: Maushold|Beat Up|p1a: Dondozo\n|-damage|p1a: Dondozo|98\/100\n|-damage|p1a: Dondozo|95\/100\n|-damage|p1a: Dondozo|92\/100\n|-damage|p1a: Dondozo|89\/100\n|-damage|p1a: Dondozo|86\/100\n|-damage|p1a: Dondozo|83\/100\n|-hitcount|p1a: Dondozo|6\n|\n|upkeep\n|turn|4\n|\n|t:|1700923637\n|switch|p1a: Blissey|Blissey, F|100\/100\n|move|p2a: Maushold|Tidy Up|p2a: Maushold\n|-boost|p2a: Maushold|atk|1\n|-boost|p2a: Maushold|spe|1\n|\n|upkeep\n|turn|5\n|\n|t:|1700923645\n|switch|p1a: Dondozo|Dondozo, M|83\/100\n|move|p2a: Maushold|Beat Up|p1a: Dondozo\n|-damage|p1a: Dondozo|81\/100\n|-damage|p1a: Dondozo|77\/100\n|-damage|p1a: Dondozo|74\/100\n|-damage|p1a: Dondozo|71\/100\n|-damage|p1a: Dondozo|69\/100\n|-damage|p1a: Dondozo|66\/100\n|-hitcount|p1a: Dondozo|6\n|\n|upkeep\n|turn|6\n|\n|t:|1700923653\n|-terastallize|p2a: Maushold|Normal\n|move|p2a: Maushold|Population Bomb|p1a: Dondozo\n|-damage|p1a: Dondozo|58\/100\n|-damage|p2a: Maushold|84\/100|[from] item: Rocky Helmet|[of] p1a: Dondozo\n|-damage|p1a: Dondozo|50\/100\n|-damage|p2a: Maushold|67\/100|[from] item: Rocky Helmet|[of] p1a: Dondozo\n|-damage|p1a: Dondozo|42\/100\n|-damage|p2a: Maushold|51\/100|[from] item: Rocky Helmet|[of] p1a: Dondozo\n|-damage|p1a: Dondozo|35\/100\n|-damage|p2a: Maushold|34\/100|[from] item: Rocky Helmet|[of] p1a: Dondozo\n|-damage|p1a: Dondozo|27\/100\n|-damage|p2a: Maushold|17\/100|[from] item: Rocky Helmet|[of] p1a: Dondozo\n|-damage|p1a: Dondozo|20\/100\n|-damage|p2a: Maushold|1\/100|[from] item: Rocky Helmet|[of] p1a: Dondozo\n|-damage|p1a: Dondozo|12\/100\n|-damage|p2a: Maushold|0 fnt|[from] item: Rocky Helmet|[of] p1a: Dondozo\n|faint|p2a: Maushold\n|-hitcount|p1a: Dondozo|7\n|move|p1a: Dondozo|Curse|p1a: Dondozo\n|-unboost|p1a: Dondozo|spe|1\n|-boost|p1a: Dondozo|atk|1\n|-boost|p1a: Dondozo|def|1\n|\n|upkeep\n|\n|t:|1700923665\n|switch|p2a: Thundurus|Thundurus-Therian, M|100\/100\n|turn|7\n|\n|t:|1700923668\n|switch|p1a: Ting-Lu|Ting-Lu|100\/100\n|-ability|p1a: Ting-Lu|Vessel of Ruin\n|move|p2a: Thundurus|U-turn|p1a: Ting-Lu\n|-supereffective|p1a: Ting-Lu\n|-damage|p1a: Ting-Lu|84\/100\n|\n|t:|1700923671\n|switch|p2a: Ogerpon|Ogerpon, F|100\/100|[from] U-turn\n|\n|-heal|p1a: Ting-Lu|91\/100|[from] item: Leftovers\n|upkeep\n|turn|8\n|\n|t:|1700923681\n|switch|p1a: Amoonguss|Amoonguss, M|100\/100\n|move|p2a: Ogerpon|Knock Off|p1a: Amoonguss\n|-damage|p1a: Amoonguss|66\/100\n|-damage|p2a: Ogerpon|84\/100|[from] item: Rocky Helmet|[of] p1a: Amoonguss\n|-enditem|p1a: Amoonguss|Rocky Helmet|[from] move: Knock Off|[of] p2a: Ogerpon\n|\n|upkeep\n|turn|9\n|\n|t:|1700923691\n|switch|p2a: Volcanion|Volcanion|100\/100\n|move|p1a: Amoonguss|Spore|p2a: Volcanion\n|-status|p2a: Volcanion|slp|[from] move: Spore\n|\n|upkeep\n|turn|10\n|\n|t:|1700923696\n|switch|p2a: Scizor|Scizor, M|84\/100\n|move|p1a: Amoonguss|Foul Play|p2a: Scizor\n|-damage|p2a: Scizor|47\/100\n|\n|-heal|p2a: Scizor|53\/100|[from] item: Leftovers\n|upkeep\n|turn|11\n|l| Michel\n|\n|t:|1700923703\n|move|p2a: Scizor|U-turn|p1a: Amoonguss\n|-damage|p1a: Amoonguss|39\/100\n|\n|t:|1700923706\n|switch|p2a: Thundurus|Thundurus-Therian, M|100\/100|[from] U-turn\n|move|p1a: Amoonguss|Synthesis|p1a: Amoonguss\n|-heal|p1a: Amoonguss|89\/100\n|\n|upkeep\n|turn|12\n|\n|t:|1700923712\n|switch|p1a: Blissey|Blissey, F|100\/100\n|move|p2a: Thundurus|U-turn|p1a: Blissey\n|-damage|p1a: Blissey|85\/100\n|\n|t:|1700923715\n|switch|p2a: Scizor|Scizor, M|53\/100|[from] U-turn\n|\n|-heal|p2a: Scizor|60\/100|[from] item: Leftovers\n|upkeep\n|turn|13\n|\n|t:|1700923719\n|switch|p1a: Amoonguss|Amoonguss, M|100\/100\n|move|p2a: Scizor|Swords Dance|p2a: Scizor\n|-boost|p2a: Scizor|atk|2\n|\n|-heal|p2a: Scizor|66\/100|[from] item: Leftovers\n|upkeep\n|turn|14\n|\n|t:|1700923725\n|move|p2a: Scizor|U-turn|p1a: Amoonguss\n|-damage|p1a: Amoonguss|45\/100\n|\n|t:|1700923727\n|switch|p2a: Fezandipiti|Fezandipiti, M|100\/100|[from] U-turn\n|move|p1a: Amoonguss|Foul Play|p2a: Fezandipiti\n|-resisted|p2a: Fezandipiti\n|-damage|p2a: Fezandipiti|95\/100\n|\n|-heal|p2a: Fezandipiti|100\/100|[from] item: Leftovers\n|upkeep\n|turn|15\n|\n|t:|1700923743\n|switch|p1a: Blissey|Blissey, F|85\/100\n|move|p2a: Fezandipiti|Moonblast|p1a: Blissey\n|-damage|p1a: Blissey|78\/100\n|\n|upkeep\n|turn|16\n|\n|t:|1700923748\n|switch|p2a: Ogerpon|Ogerpon, F|84\/100\n|move|p1a: Blissey|Stealth Rock|p2a: Ogerpon\n|-sidestart|p2: Zicofool|move: Stealth Rock\n|\n|upkeep\n|turn|17\n|\n|t:|1700923753\n|switch|p1a: Clefable|Clefable, M|100\/100\n|move|p2a: Ogerpon|U-turn|p1a: Clefable\n|-resisted|p1a: Clefable\n|-damage|p1a: Clefable|87\/100\n|\n|t:|1700923755\n|switch|p2a: Scizor|Scizor, M|66\/100|[from] U-turn\n|-damage|p2a: Scizor|53\/100|[from] Stealth Rock\n|\n|-heal|p2a: Scizor|59\/100|[from] item: Leftovers\n|-heal|p1a: Clefable|93\/100|[from] item: Leftovers\n|upkeep\n|turn|18\n|\n|t:|1700923762\n|move|p2a: Scizor|Swords Dance|p2a: Scizor\n|-boost|p2a: Scizor|atk|2\n|move|p1a: Clefable|Wish|p1a: Clefable\n|\n|-heal|p2a: Scizor|65\/100|[from] item: Leftovers\n|-heal|p1a: Clefable|99\/100|[from] item: Leftovers\n|upkeep\n|turn|19\n|\n|t:|1700923773\n|switch|p1a: Amoonguss|Amoonguss, M|78\/100\n|move|p2a: Scizor|Bullet Punch|p1a: Amoonguss\n|-damage|p1a: Amoonguss|31\/100\n|\n|-heal|p1a: Amoonguss|77\/100|[from] move: Wish|[wisher] Clefable\n|-heal|p2a: Scizor|71\/100|[from] item: Leftovers\n|upkeep\n|turn|20\n|\n|t:|1700923779\n|move|p2a: Scizor|Bullet Punch|p1a: Amoonguss\n|-damage|p1a: Amoonguss|24\/100\n|move|p1a: Amoonguss|Foul Play|p2a: Scizor\n|-damage|p2a: Scizor|5\/100\n|\n|-heal|p2a: Scizor|11\/100|[from] item: Leftovers\n|upkeep\n|turn|21\n|\n|t:|1700923783\n|switch|p1a: Dondozo|Dondozo, M|12\/100\n|move|p2a: Scizor|Bullet Punch|p1a: Dondozo\n|-resisted|p1a: Dondozo\n|-damage|p1a: Dondozo|4\/100\n|-damage|p2a: Scizor|0 fnt|[from] item: Rocky Helmet|[of] p1a: Dondozo\n|faint|p2a: Scizor\n|\n|upkeep\n|\n|t:|1700923786\n|switch|p2a: Ogerpon|Ogerpon, F|84\/100\n|-damage|p2a: Ogerpon|72\/100|[from] Stealth Rock\n|turn|22\n|\n|t:|1700923799\n|switch|p1a: Amoonguss|Amoonguss, M|58\/100\n|move|p2a: Ogerpon|U-turn|p1a: Amoonguss\n|-damage|p1a: Amoonguss|32\/100\n|\n|t:|1700923802\n|switch|p2a: Thundurus|Thundurus-Therian, M|100\/100|[from] U-turn\n|-damage|p2a: Thundurus|76\/100|[from] Stealth Rock\n|\n|upkeep\n|turn|23\n|\n|t:|1700923813\n|switch|p1a: Ting-Lu|Ting-Lu|91\/100\n|-ability|p1a: Ting-Lu|Vessel of Ruin\n|move|p2a: Thundurus|U-turn|p1a: Ting-Lu\n|-supereffective|p1a: Ting-Lu\n|-damage|p1a: Ting-Lu|75\/100\n|\n|t:|1700923816\n|switch|p2a: Ogerpon|Ogerpon, F|72\/100|[from] U-turn\n|-damage|p2a: Ogerpon|59\/100|[from] Stealth Rock\n|\n|-heal|p1a: Ting-Lu|81\/100|[from] item: Leftovers\n|upkeep\n|turn|24\n|\n|t:|1700923826\n|-terastallize|p1a: Ting-Lu|Poison\n|move|p2a: Ogerpon|U-turn|p1a: Ting-Lu\n|-resisted|p1a: Ting-Lu\n|-damage|p1a: Ting-Lu|72\/100\n|\n|t:|1700923829\n|switch|p2a: Thundurus|Thundurus-Therian, M|76\/100|[from] U-turn\n|-damage|p2a: Thundurus|51\/100|[from] Stealth Rock\n|move|p1a: Ting-Lu|Spikes|p2a: Thundurus\n|-sidestart|p2: Zicofool|Spikes\n|\n|-heal|p1a: Ting-Lu|78\/100|[from] item: Leftovers\n|upkeep\n|turn|25\n|\n|t:|1700923833\n|move|p2a: Thundurus|Thunderbolt|p1a: Ting-Lu\n|-damage|p1a: Ting-Lu|46\/100\n|move|p1a: Ting-Lu|Spikes|p2a: Thundurus\n|-sidestart|p2: Zicofool|Spikes\n|\n|-heal|p1a: Ting-Lu|52\/100|[from] item: Leftovers\n|upkeep\n|turn|26\n|\n|t:|1700923836\n|move|p2a: Thundurus|Thunderbolt|p1a: Ting-Lu\n|-crit|p1a: Ting-Lu\n|-damage|p1a: Ting-Lu|8\/100\n|move|p1a: Ting-Lu|Spikes|p2a: Thundurus\n|-sidestart|p2: Zicofool|Spikes\n|\n|-heal|p1a: Ting-Lu|14\/100|[from] item: Leftovers\n|upkeep\n|turn|27\n|\n|t:|1700923840\n|move|p2a: Thundurus|Thunderbolt|p1a: Ting-Lu\n|-damage|p1a: Ting-Lu|0 fnt\n|faint|p1a: Ting-Lu\n|\n|upkeep\n|\n|t:|1700923844\n|switch|p1a: Clefable|Clefable, M|99\/100\n|turn|28\n|\n|t:|1700923849\n|move|p2a: Thundurus|Thunderbolt|p1a: Clefable\n|-damage|p1a: Clefable|33\/100\n|move|p1a: Clefable|Wish|p1a: Clefable\n|\n|-heal|p1a: Clefable|39\/100|[from] item: Leftovers\n|upkeep\n|turn|29\n|\n|t:|1700923853\n|move|p1a: Clefable|Protect|p1a: Clefable\n|-singleturn|p1a: Clefable|Protect\n|move|p2a: Thundurus|Thunderbolt|p1a: Clefable\n|-activate|p1a: Clefable|move: Protect\n|\n|-heal|p1a: Clefable|89\/100|[from] move: Wish|[wisher] Clefable\n|-heal|p1a: Clefable|95\/100|[from] item: Leftovers\n|upkeep\n|turn|30\n|\n|t:|1700923857\n|switch|p1a: Blissey|Blissey, F|78\/100\n|move|p2a: Thundurus|Thunderbolt|p1a: Blissey\n|-damage|p1a: Blissey|56\/100\n|\n|upkeep\n|turn|31\n|\n|t:|1700923861\n|move|p2a: Thundurus|Thunderbolt|p1a: Blissey\n|-damage|p1a: Blissey|31\/100\n|move|p1a: Blissey|Soft-Boiled|p1a: Blissey\n|-heal|p1a: Blissey|81\/100\n|\n|upkeep\n|turn|32\n|\n|t:|1700923864\n|move|p2a: Thundurus|Thunderbolt|p1a: Blissey\n|-damage|p1a: Blissey|58\/100\n|move|p1a: Blissey|Shadow Ball|p2a: Thundurus\n|-damage|p2a: Thundurus|31\/100\n|\n|upkeep\n|turn|33\n|\n|t:|1700923866\n|move|p2a: Thundurus|Thunderbolt|p1a: Blissey\n|-damage|p1a: Blissey|36\/100\n|-status|p1a: Blissey|par\n|cant|p1a: Blissey|par\n|\n|upkeep\n|turn|34\n|\n|t:|1700923872\n|-curestatus|p1a: Blissey|par|[from] ability: Natural Cure\n|switch|p1a: Cyclizar|Cyclizar, F|100\/100\n|move|p2a: Thundurus|Thunderbolt|p1a: Cyclizar\n|-resisted|p1a: Cyclizar\n|-damage|p1a: Cyclizar|63\/100\n|\n|upkeep\n|turn|35\n|\n|t:|1700923879\n|move|p2a: Thundurus|Thunderbolt|p1a: Cyclizar\n|-resisted|p1a: Cyclizar\n|-damage|p1a: Cyclizar|25\/100\n|move|p1a: Cyclizar|Rapid Spin|p2a: Thundurus\n|-damage|p2a: Thundurus|10\/100\n|-boost|p1a: Cyclizar|spe|1\n|\n|upkeep\n|turn|36\n|\n|t:|1700923885\n|move|p1a: Cyclizar|Rapid Spin|p2a: Thundurus\n|-damage|p2a: Thundurus|0 fnt\n|-boost|p1a: Cyclizar|spe|1\n|faint|p2a: Thundurus\n|\n|upkeep\n|\n|t:|1700923888\n|switch|p2a: Fezandipiti|Fezandipiti, M|100\/100\n|-damage|p2a: Fezandipiti|88\/100|[from] Stealth Rock\n|-damage|p2a: Fezandipiti|63\/100|[from] Spikes\n|turn|37\n|\n|t:|1700923895\n|move|p1a: Cyclizar|Knock Off|p2a: Fezandipiti\n|-resisted|p2a: Fezandipiti\n|-damage|p2a: Fezandipiti|57\/100\n|-enditem|p2a: Fezandipiti|Leftovers|[from] move: Knock Off|[of] p1a: Cyclizar\n|move|p2a: Fezandipiti|Roost|p2a: Fezandipiti\n|-heal|p2a: Fezandipiti|100\/100\n|-singleturn|p2a: Fezandipiti|move: Roost\n|\n|upkeep\n|turn|38\n|\n|t:|1700923902\n|move|p1a: Cyclizar|Rapid Spin|p2a: Fezandipiti\n|-damage|p2a: Fezandipiti|89\/100\n|-boost|p1a: Cyclizar|spe|1\n|move|p2a: Fezandipiti|Calm Mind|p2a: Fezandipiti\n|-boost|p2a: Fezandipiti|spa|1\n|-boost|p2a: Fezandipiti|spd|1\n|\n|upkeep\n|turn|39\n|\n|t:|1700923906\n|move|p1a: Cyclizar|Taunt|p2a: Fezandipiti\n|-start|p2a: Fezandipiti|move: Taunt\n|cant|p2a: Fezandipiti|move: Taunt|Calm Mind\n|\n|upkeep\n|turn|40\n|\n|t:|1700923913\n|move|p1a: Cyclizar|U-turn|p2a: Fezandipiti\n|-resisted|p2a: Fezandipiti\n|-damage|p2a: Fezandipiti|87\/100\n|\n|t:|1700923915\n|switch|p1a: Clefable|Clefable, M|95\/100|[from] U-turn\n|move|p2a: Fezandipiti|Moonblast|p1a: Clefable\n|-damage|p1a: Clefable|60\/100\n|-unboost|p1a: Clefable|spa|1\n|-status|p1a: Clefable|tox|[from] ability: Toxic Chain|[of] p2a: Fezandipiti\n|\n|-heal|p1a: Clefable|66\/100 tox|[from] item: Leftovers\n|upkeep\n|turn|41\n|\n|t:|1700923922\n|move|p2a: Fezandipiti|Moonblast|p1a: Clefable\n|-damage|p1a: Clefable|34\/100 tox\n|move|p1a: Clefable|Moonblast|p2a: Fezandipiti\n|-resisted|p2a: Fezandipiti\n|-damage|p2a: Fezandipiti|81\/100\n|\n|-heal|p1a: Clefable|40\/100 tox|[from] item: Leftovers\n|-end|p2a: Fezandipiti|move: Taunt\n|upkeep\n|turn|42\n|\n|t:|1700923930\n|move|p2a: Fezandipiti|Calm Mind|p2a: Fezandipiti\n|-boost|p2a: Fezandipiti|spa|1\n|-boost|p2a: Fezandipiti|spd|1\n|move|p1a: Clefable|Wish|p1a: Clefable\n|\n|-heal|p1a: Clefable|46\/100 tox|[from] item: Leftovers\n|upkeep\n|turn|43\n|\n|t:|1700923935\n|switch|p1a: Blissey|Blissey, F|36\/100\n|move|p2a: Fezandipiti|Moonblast|p1a: Blissey\n|-damage|p1a: Blissey|21\/100\n|-unboost|p1a: Blissey|spa|1\n|\n|-heal|p1a: Blissey|51\/100|[from] move: Wish|[wisher] Clefable\n|upkeep\n|turn|44\n|\n|t:|1700923941\n|move|p2a: Fezandipiti|Moonblast|p1a: Blissey\n|-damage|p1a: Blissey|36\/100\n|-unboost|p1a: Blissey|spa|1\n|move|p1a: Blissey|Calm Mind|p1a: Blissey\n|-boost|p1a: Blissey|spa|1\n|-boost|p1a: Blissey|spd|1\n|\n|upkeep\n|turn|45\n|\n|t:|1700923944\n|move|p2a: Fezandipiti|Moonblast|p1a: Blissey\n|-damage|p1a: Blissey|26\/100\n|move|p1a: Blissey|Soft-Boiled|p1a: Blissey\n|-heal|p1a: Blissey|76\/100\n|\n|upkeep\n|turn|46\n|\n|t:|1700923947\n|move|p2a: Fezandipiti|Moonblast|p1a: Blissey\n|-damage|p1a: Blissey|67\/100\n|move|p1a: Blissey|Calm Mind|p1a: Blissey\n|-boost|p1a: Blissey|spa|1\n|-boost|p1a: Blissey|spd|1\n|\n|upkeep\n|turn|47\n|\n|t:|1700923951\n|move|p2a: Fezandipiti|Moonblast|p1a: Blissey\n|-damage|p1a: Blissey|59\/100\n|-unboost|p1a: Blissey|spa|1\n|-status|p1a: Blissey|tox|[from] ability: Toxic Chain|[of] p2a: Fezandipiti\n|move|p1a: Blissey|Calm Mind|p1a: Blissey\n|-boost|p1a: Blissey|spa|1\n|-boost|p1a: Blissey|spd|1\n|\n|-damage|p1a: Blissey|53\/100 tox|[from] psn\n|upkeep\n|turn|48\n|\n|t:|1700923956\n|move|p2a: Fezandipiti|Calm Mind|p2a: Fezandipiti\n|-boost|p2a: Fezandipiti|spa|1\n|-boost|p2a: Fezandipiti|spd|1\n|move|p1a: Blissey|Calm Mind|p1a: Blissey\n|-boost|p1a: Blissey|spa|1\n|-boost|p1a: Blissey|spd|1\n|\n|-damage|p1a: Blissey|41\/100 tox|[from] psn\n|upkeep\n|turn|49\n|\n|t:|1700923958\n|move|p2a: Fezandipiti|Calm Mind|p2a: Fezandipiti\n|-boost|p2a: Fezandipiti|spa|1\n|-boost|p2a: Fezandipiti|spd|1\n|move|p1a: Blissey|Soft-Boiled|p1a: Blissey\n|-heal|p1a: Blissey|91\/100 tox\n|\n|-damage|p1a: Blissey|72\/100 tox|[from] psn\n|upkeep\n|turn|50\n|\n|t:|1700923964\n|move|p2a: Fezandipiti|Calm Mind|p2a: Fezandipiti\n|-boost|p2a: Fezandipiti|spa|1\n|-boost|p2a: Fezandipiti|spd|1\n|move|p1a: Blissey|Calm Mind|p1a: Blissey\n|-boost|p1a: Blissey|spa|1\n|-boost|p1a: Blissey|spd|1\n|\n|-damage|p1a: Blissey|47\/100 tox|[from] psn\n|upkeep\n|turn|51\n|\n|t:|1700923966\n|move|p2a: Fezandipiti|Calm Mind|p2a: Fezandipiti\n|-boost|p2a: Fezandipiti|spa|1\n|-boost|p2a: Fezandipiti|spd|1\n|move|p1a: Blissey|Soft-Boiled|p1a: Blissey\n|-heal|p1a: Blissey|97\/100 tox\n|\n|-damage|p1a: Blissey|66\/100 tox|[from] psn\n|upkeep\n|turn|52\n|c|\u2606Jiriqtong|The amount of haz\n|c|\u2606Jiriqtong|That carried you here\n|c|\u2606Jiriqtong|Is unbelievable\n|\n|t:|1700923991\n|-curestatus|p1a: Blissey|tox|[from] ability: Natural Cure\n|switch|p1a: Amoonguss|Amoonguss, M|65\/100\n|move|p2a: Fezandipiti|Moonblast|p1a: Amoonguss\n|-resisted|p1a: Amoonguss\n|-damage|p1a: Amoonguss|19\/100\n|\n|upkeep\n|turn|53\n|c|\u2606Zicofool|I\u2019m on mobile, and skipping turns, when did I crit or something?\n|\n|t:|1700924015\n|switch|p1a: Clefable|Clefable, M|46\/100 tox\n|move|p2a: Fezandipiti|Heat Wave|p1a: Clefable\n|-crit|p1a: Clefable\n|-damage|p1a: Clefable|0 fnt\n|faint|p1a: Clefable\n|\n|upkeep\n|c|\u2606Jiriqtong|Tinglu\n|inactive|Jiriqtong has 120 seconds left.\n|c|\u2606Jiriqtong|And a shitload of spa drops\n|\n|t:|1700924031\n|switch|p1a: Amoonguss|Amoonguss, M|52\/100\n|turn|54\n|inactive|Zicofool has 120 seconds left.\n|c|\u2606Zicofool|I think the crit still was still at a two hit point?\n|\n|t:|1700924076\n|switch|p1a: Dondozo|Dondozo, M|4\/100\n|move|p2a: Fezandipiti|Heat Wave|p1a: Dondozo\n|-resisted|p1a: Dondozo\n|-damage|p1a: Dondozo|0 fnt\n|faint|p1a: Dondozo\n|\n|upkeep\n|\n|t:|1700924080\n|switch|p1a: Cyclizar|Cyclizar, F|58\/100\n|turn|55\n|\n|t:|1700924096\n|move|p1a: Cyclizar|Rapid Spin|p2a: Fezandipiti\n|-damage|p2a: Fezandipiti|70\/100\n|-boost|p1a: Cyclizar|spe|1\n|move|p2a: Fezandipiti|Moonblast|p1a: Cyclizar\n|-supereffective|p1a: Cyclizar\n|-damage|p1a: Cyclizar|0 fnt\n|faint|p1a: Cyclizar\n|\n|upkeep\n|c|\u2606Jiriqtong|It wasn't\n|c|\u2606Jiriqtong|It chunked 45 or so\n|c|\u2606Jiriqtong|It really mattered lol\n|-message|Jiriqtong forfeited.\n|\n|win|Zicofool\n|raw|Jiriqtong's rating: 1546 &rarr; <strong>1532<\/strong><br \/>(-14 for losing)\n|raw|Zicofool's rating: 1651 &rarr; <strong>1665<\/strong><br \/>(+14 for winning)\n|l|\u2606Jiriqtong\n|c|\u2606Zicofool|I was doing 33 and you were at 60?\n","uploadtime":1700924128,"views":1,"p1id":"jiriqtong","p2id":"zicofool","formatid":"gen9ou","rating":1532,"private":0,"password":""}