{"id":"gen9ou-1996323884","p1":"Dysipius","p2":"Sandpherus","format":"[Gen 9] OU","log":"|j|\u2606Dysipius\n|j|\u2606Sandpherus\n|t:|1700671176\n|gametype|singles\n|player|p1|Dysipius|riley|1455\n|player|p2|Sandpherus|266|1375\n|teamsize|p1|6\n|teamsize|p2|6\n|gen|9\n|tier|[Gen 9] OU\n|rated|\n|rule|Sleep Clause Mod: Limit one foe put to sleep\n|rule|Species Clause: Limit one of each Pok\u00e9mon\n|rule|OHKO Clause: OHKO moves are banned\n|rule|Evasion Items Clause: Evasion items are banned\n|rule|Evasion Moves Clause: Evasion moves are banned\n|rule|Endless Battle Clause: Forcing endless battles is banned\n|rule|HP Percentage Mod: HP is shown in percentages\n|clearpoke\n|poke|p1|Great Tusk|\n|poke|p1|Enamorus, F|\n|poke|p1|Walking Wake|\n|poke|p1|Lilligant-Hisui, F|\n|poke|p1|Torkoal, F|\n|poke|p1|Samurott-Hisui, M|\n|poke|p2|Dragapult, F|\n|poke|p2|Kingambit, M|\n|poke|p2|Slowking-Galar, F|\n|poke|p2|Thundurus-Therian, M|\n|poke|p2|Great Tusk|\n|poke|p2|Mandibuzz, F|\n|teampreview\n|inactive|Battle timer is ON: inactive players will automatically lose when time's up. (requested by Dysipius)\n|\n|t:|1700671201\n|start\n|switch|p1a: Enamorus|Enamorus, F|100\/100\n|switch|p2a: Thundurus|Thundurus-Therian, M|100\/100\n|turn|1\n|\n|t:|1700671221\n|-terastallize|p1a: Enamorus|Fairy\n|-terastallize|p2a: Thundurus|Flying\n|move|p1a: Enamorus|Moonblast|p2a: Thundurus\n|-damage|p2a: Thundurus|1\/100\n|move|p2a: Thundurus|Tera Blast|p1a: Enamorus|[anim] Tera Blast Flying\n|-damage|p1a: Enamorus|0 fnt\n|faint|p1a: Enamorus\n|\n|upkeep\n|inactive|Dysipius has 120 seconds left.\n|\n|t:|1700671241\n|switch|p1a: Walking Wake|Walking Wake|100\/100\n|turn|2\n|\n|t:|1700671249\n|switch|p2a: Slowking|Slowking-Galar, F|100\/100\n|move|p1a: Walking Wake|Hydro Steam|p2a: Slowking\n|-damage|p2a: Slowking|62\/100\n|\n|upkeep\n|turn|3\n|\n|t:|1700671252\n|-end|p1a: Walking Wake|Protosynthesis|[silent]\n|switch|p1a: Torkoal|Torkoal, F|100\/100\n|-weather|SunnyDay|[from] ability: Drought|[of] p1a: Torkoal\n|move|p2a: Slowking|Chilly Reception|p2a: Slowking\n|-weather|Snow\n|\n|t:|1700671264\n|switch|p2a: Dragapult|Dragapult, F|100\/100|[from] Chilly Reception\n|\n|-weather|Snow|[upkeep]\n|upkeep\n|turn|4\n|\n|t:|1700671273\n|switch|p1a: Samurott|Samurott-Hisui, M|100\/100\n|move|p2a: Dragapult|Draco Meteor|p1a: Samurott\n|-damage|p1a: Samurott|3\/100\n|-unboost|p2a: Dragapult|spa|2\n|\n|-weather|Snow|[upkeep]\n|upkeep\n|turn|5\n|\n|t:|1700671306\n|switch|p2a: Mandibuzz|Mandibuzz, F|100\/100\n|move|p1a: Samurott|Ceaseless Edge|p2a: Mandibuzz\n|-resisted|p2a: Mandibuzz\n|-damage|p2a: Mandibuzz|89\/100\n|-sidestart|p2: Sandpherus|Spikes\n|\n|-weather|Snow|[upkeep]\n|upkeep\n|turn|6\n|\n|t:|1700671318\n|switch|p1a: Torkoal|Torkoal, F|100\/100\n|-weather|SunnyDay|[from] ability: Drought|[of] p1a: Torkoal\n|move|p2a: Mandibuzz|Defog|p1a: Torkoal\n|-unboost|p1a: Torkoal|evasion|1\n|-sideend|p2: Sandpherus|Spikes|[from] move: Defog|[of] p2a: Mandibuzz\n|\n|-weather|SunnyDay|[upkeep]\n|upkeep\n|turn|7\n|\n|t:|1700671332\n|move|p2a: Mandibuzz|Toxic|p1a: Torkoal\n|-status|p1a: Torkoal|tox\n|move|p1a: Torkoal|Stealth Rock|p2a: Mandibuzz\n|-sidestart|p2: Sandpherus|move: Stealth Rock\n|\n|-weather|SunnyDay|[upkeep]\n|-damage|p1a: Torkoal|94\/100 tox|[from] psn\n|upkeep\n|turn|8\n|\n|t:|1700671341\n|move|p2a: Mandibuzz|Defog|p1a: Torkoal\n|-unboost|p1a: Torkoal|evasion|1\n|-sideend|p2: Sandpherus|Stealth Rock|[from] move: Defog|[of] p2a: Mandibuzz\n|move|p1a: Torkoal|Yawn|p2a: Mandibuzz\n|-start|p2a: Mandibuzz|move: Yawn|[of] p1a: Torkoal\n|\n|-weather|SunnyDay|[upkeep]\n|-damage|p1a: Torkoal|82\/100 tox|[from] psn\n|upkeep\n|turn|9\n|\n|t:|1700671350\n|switch|p2a: Thundurus|Thundurus-Therian, M, tera:Flying|1\/100\n|switch|p1a: Walking Wake|Walking Wake|100\/100\n|-activate|p1a: Walking Wake|ability: Protosynthesis\n|-start|p1a: Walking Wake|protosynthesisspa\n|\n|-weather|SunnyDay|[upkeep]\n|upkeep\n|turn|10\n|\n|t:|1700671361\n|switch|p2a: Kingambit|Kingambit, M|100\/100\n|move|p1a: Walking Wake|Hydro Steam|p2a: Kingambit\n|-damage|p2a: Kingambit|0 fnt\n|faint|p2a: Kingambit\n|-end|p2a: Kingambit|fallenundefined|[silent]\n|\n|-weather|SunnyDay|[upkeep]\n|upkeep\n|\n|t:|1700671363\n|switch|p2a: Slowking|Slowking-Galar, F|96\/100\n|turn|11\n|\n|t:|1700671366\n|move|p1a: Walking Wake|Hydro Steam|p2a: Slowking\n|-damage|p2a: Slowking|23\/100\n|move|p2a: Slowking|Chilly Reception|p2a: Slowking\n|-weather|Snow\n|-end|p1a: Walking Wake|Protosynthesis\n|\n|t:|1700671372\n|switch|p2a: Dragapult|Dragapult, F|100\/100|[from] Chilly Reception\n|\n|-weather|Snow|[upkeep]\n|upkeep\n|turn|12\n|\n|t:|1700671397\n|-end|p1a: Walking Wake|Protosynthesis|[silent]\n|switch|p1a: Samurott|Samurott-Hisui, M|3\/100\n|move|p2a: Dragapult|Shadow Ball|p1a: Samurott\n|-resisted|p1a: Samurott\n|-damage|p1a: Samurott|0 fnt\n|faint|p1a: Samurott\n|\n|-weather|Snow|[upkeep]\n|upkeep\n|\n|t:|1700671403\n|switch|p1a: Lilligant|Lilligant-Hisui, F|100\/100\n|turn|13\n|\n|t:|1700671408\n|switch|p2a: Mandibuzz|Mandibuzz, F|89\/100\n|move|p1a: Lilligant|Victory Dance|p1a: Lilligant\n|-boost|p1a: Lilligant|atk|1\n|-boost|p1a: Lilligant|def|1\n|-boost|p1a: Lilligant|spe|1\n|\n|-weather|Snow|[upkeep]\n|upkeep\n|turn|14\n|\n|t:|1700671412\n|move|p1a: Lilligant|Ice Spinner|p2a: Mandibuzz\n|-supereffective|p2a: Mandibuzz\n|-damage|p2a: Mandibuzz|32\/100\n|-damage|p1a: Lilligant|91\/100|[from] item: Life Orb\n|move|p2a: Mandibuzz|Toxic|p1a: Lilligant\n|-status|p1a: Lilligant|tox\n|\n|-weather|Snow|[upkeep]\n|-damage|p1a: Lilligant|84\/100 tox|[from] psn\n|upkeep\n|turn|15\n|\n|t:|1700671421\n|switch|p2a: Slowking|Slowking-Galar, F|57\/100\n|move|p1a: Lilligant|Ice Spinner|p2a: Slowking\n|-damage|p2a: Slowking|0 fnt\n|faint|p2a: Slowking\n|-damage|p1a: Lilligant|75\/100 tox|[from] item: Life Orb\n|\n|-weather|none\n|-damage|p1a: Lilligant|62\/100 tox|[from] psn\n|upkeep\n|\n|t:|1700671442\n|switch|p2a: Great Tusk|Great Tusk|100\/100\n|turn|16\n|\n|t:|1700671464\n|move|p1a: Lilligant|Close Combat|p2a: Great Tusk\n|-damage|p2a: Great Tusk|22\/100\n|-unboost|p1a: Lilligant|def|1\n|-unboost|p1a: Lilligant|spd|1\n|-damage|p1a: Lilligant|46\/100 tox|[from] item: Rocky Helmet|[of] p2a: Great Tusk\n|-damage|p1a: Lilligant|36\/100 tox|[from] item: Life Orb\n|move|p2a: Great Tusk|Ice Spinner|p1a: Lilligant\n|-supereffective|p1a: Lilligant\n|-damage|p1a: Lilligant|0 fnt\n|faint|p1a: Lilligant\n|\n|upkeep\n|inactive|Dysipius has 120 seconds left.\n|\n|t:|1700671486\n|switch|p1a: Great Tusk|Great Tusk|100\/100\n|turn|17\n|\n|t:|1700671497\n|move|p2a: Great Tusk|Ice Spinner|p1a: Great Tusk\n|-supereffective|p1a: Great Tusk\n|-damage|p1a: Great Tusk|63\/100\n|move|p1a: Great Tusk|Rapid Spin|p2a: Great Tusk\n|-damage|p2a: Great Tusk|10\/100\n|-boost|p1a: Great Tusk|spe|1\n|-damage|p1a: Great Tusk|46\/100|[from] item: Rocky Helmet|[of] p2a: Great Tusk\n|\n|-heal|p1a: Great Tusk|53\/100|[from] item: Leftovers\n|upkeep\n|turn|18\n|\n|t:|1700671507\n|move|p1a: Great Tusk|Knock Off|p2a: Great Tusk\n|-resisted|p2a: Great Tusk\n|-damage|p2a: Great Tusk|0 fnt\n|-damage|p1a: Great Tusk|36\/100|[from] item: Rocky Helmet|[of] p2a: Great Tusk\n|-enditem|p2a: Great Tusk|Rocky Helmet|[from] move: Knock Off|[of] p1a: Great Tusk\n|faint|p2a: Great Tusk\n|-end|p2a: Great Tusk|Protosynthesis|[silent]\n|\n|-heal|p1a: Great Tusk|42\/100|[from] item: Leftovers\n|upkeep\n|\n|t:|1700671513\n|switch|p2a: Mandibuzz|Mandibuzz, F|32\/100\n|turn|19\n|\n|t:|1700671516\n|move|p1a: Great Tusk|Close Combat|p2a: Mandibuzz\n|-damage|p2a: Mandibuzz|0 fnt\n|-unboost|p1a: Great Tusk|def|1\n|-unboost|p1a: Great Tusk|spd|1\n|faint|p2a: Mandibuzz\n|\n|-heal|p1a: Great Tusk|48\/100|[from] item: Leftovers\n|upkeep\n|\n|t:|1700671524\n|switch|p2a: Dragapult|Dragapult, F|100\/100\n|turn|20\n|\n|t:|1700671528\n|move|p1a: Great Tusk|Knock Off|p2a: Dragapult\n|-supereffective|p2a: Dragapult\n|-damage|p2a: Dragapult|1\/100\n|-enditem|p2a: Dragapult|Choice Specs|[from] move: Knock Off|[of] p1a: Great Tusk\n|move|p2a: Dragapult|Surf|p1a: Great Tusk\n|-supereffective|p1a: Great Tusk\n|-damage|p1a: Great Tusk|0 fnt\n|faint|p1a: Great Tusk\n|-end|p1a: Great Tusk|Protosynthesis|[silent]\n|\n|upkeep\n|\n|t:|1700671543\n|switch|p1a: Walking Wake|Walking Wake|100\/100\n|turn|21\n|\n|t:|1700671557\n|-end|p1a: Walking Wake|Protosynthesis|[silent]\n|switch|p1a: Torkoal|Torkoal, F|82\/100 tox\n|-weather|SunnyDay|[from] ability: Drought|[of] p1a: Torkoal\n|move|p2a: Dragapult|Draco Meteor|p1a: Torkoal\n|-damage|p1a: Torkoal|4\/100 tox\n|-unboost|p2a: Dragapult|spa|2\n|\n|-weather|SunnyDay|[upkeep]\n|-damage|p1a: Torkoal|0 fnt|[from] psn\n|faint|p1a: Torkoal\n|upkeep\n|\n|t:|1700671559\n|switch|p1a: Walking Wake|Walking Wake|100\/100\n|-activate|p1a: Walking Wake|ability: Protosynthesis\n|-start|p1a: Walking Wake|protosynthesisspa\n|turn|22\n|\n|t:|1700671563\n|switch|p2a: Thundurus|Thundurus-Therian, M, tera:Flying|1\/100\n|move|p1a: Walking Wake|Hydro Steam|p2a: Thundurus\n|-damage|p2a: Thundurus|0 fnt\n|faint|p2a: Thundurus\n|\n|-weather|SunnyDay|[upkeep]\n|upkeep\n|\n|t:|1700671564\n|switch|p2a: Dragapult|Dragapult, F|1\/100\n|turn|23\n|\n|t:|1700671566\n|move|p2a: Dragapult|Draco Meteor|p1a: Walking Wake\n|-supereffective|p1a: Walking Wake\n|-damage|p1a: Walking Wake|0 fnt\n|-unboost|p2a: Dragapult|spa|2\n|faint|p1a: Walking Wake\n|-end|p1a: Walking Wake|Protosynthesis|[silent]\n|\n|win|Sandpherus\n|raw|Dysipius's rating: 1455 &rarr; <strong>1430<\/strong><br \/>(-25 for losing)\n|raw|Sandpherus's rating: 1375 &rarr; <strong>1400<\/strong><br \/>(+25 for winning)\n|c|\u2606Sandpherus|Gg\n|c|\u2606Dysipius|So many fake sashes\n|c|\u2606Dysipius|Gg\n|c|\u2606Sandpherus|Haah ya\n|l|\u2606Dysipius\n|l|\u2606Sandpherus\n|j|\u2606Dysipius\n|player|p1|Dysipius|riley\n","uploadtime":1700671596,"views":4,"p1id":"dysipius","p2id":"sandpherus","formatid":"gen9ou","rating":1400,"private":0,"password":""}