{"id":"gen9ou-1995544401","p1":"ykLlNiJ9wRDSHHfJ","p2":"Skyslasher","format":"[Gen 9] OU","log":"|j|\u2606ykLlNiJ9wRDSHHfJ\n|j|\u2606Skyslasher\n|t:|1700581524\n|gametype|singles\n|player|p1|ykLlNiJ9wRDSHHfJ|1|1000\n|player|p2|Skyslasher|hilbert-wonderlauncher|1000\n|teamsize|p1|6\n|teamsize|p2|6\n|gen|9\n|tier|[Gen 9] OU\n|rated|\n|rule|Sleep Clause Mod: Limit one foe put to sleep\n|rule|Species Clause: Limit one of each Pok\u00e9mon\n|rule|OHKO Clause: OHKO moves are banned\n|rule|Evasion Items Clause: Evasion items are banned\n|rule|Evasion Moves Clause: Evasion moves are banned\n|rule|Endless Battle Clause: Forcing endless battles is banned\n|rule|HP Percentage Mod: HP is shown in percentages\n|clearpoke\n|poke|p1|Torkoal, M|\n|poke|p1|Great Tusk|\n|poke|p1|Walking Wake|\n|poke|p1|Kingambit, M|\n|poke|p1|Infernape, M|\n|poke|p1|Rillaboom, M|\n|poke|p2|Ribombee, F|\n|poke|p2|Chandelure, F|\n|poke|p2|Magnezone|\n|poke|p2|Samurott-Hisui, F|\n|poke|p2|Mamoswine, F|\n|poke|p2|Breloom, M|\n|teampreview\n|inactive|Battle timer is ON: inactive players will automatically lose when time's up. (requested by ykLlNiJ9wRDSHHfJ)\n|inactive|Skyslasher has 120 seconds left.\n|\n|t:|1700581564\n|start\n|switch|p1a: Torkoal|Torkoal, M|100\/100\n|switch|p2a: Cosmos|Ribombee, F|100\/100\n|-weather|SunnyDay|[from] ability: Drought|[of] p1a: Torkoal\n|turn|1\n|inactive|Skyslasher has 120 seconds left.\n|\n|t:|1700581624\n|move|p2a: Cosmos|Sticky Web|p1a: Torkoal\n|-sidestart|p1: ykLlNiJ9wRDSHHfJ|move: Sticky Web\n|move|p1a: Torkoal|Stealth Rock|p2a: Cosmos\n|-sidestart|p2: Skyslasher|move: Stealth Rock\n|\n|-weather|SunnyDay|[upkeep]\n|upkeep\n|turn|2\n|\n|t:|1700581629\n|switch|p2a: Wambu|Chandelure, F|100\/100\n|-damage|p2a: Wambu|76\/100|[from] Stealth Rock\n|move|p1a: Torkoal|Rapid Spin|p2a: Wambu\n|-immune|p2a: Wambu\n|\n|-weather|SunnyDay|[upkeep]\n|upkeep\n|turn|3\n|\n|t:|1700581639\n|switch|p2a: Charollete|Mamoswine, F|100\/100\n|-damage|p2a: Charollete|88\/100|[from] Stealth Rock\n|move|p1a: Torkoal|Yawn|p2a: Charollete\n|-start|p2a: Charollete|move: Yawn|[of] p1a: Torkoal\n|\n|-weather|SunnyDay|[upkeep]\n|upkeep\n|turn|4\n|\n|t:|1700581642\n|move|p2a: Charollete|Earthquake|p1a: Torkoal\n|-supereffective|p1a: Torkoal\n|-damage|p1a: Torkoal|0 fnt\n|faint|p1a: Torkoal\n|\n|-weather|SunnyDay|[upkeep]\n|-end|p2a: Charollete|move: Yawn|[silent]\n|-status|p2a: Charollete|slp\n|upkeep\n|\n|t:|1700581646\n|switch|p1a: Great Tusk|Great Tusk|100\/100\n|-activate|p1a: Great Tusk|ability: Protosynthesis\n|-start|p1a: Great Tusk|protosynthesisspe\n|turn|5\n|\n|t:|1700581655\n|switch|p2a: Wambu|Chandelure, F|76\/100\n|-damage|p2a: Wambu|51\/100|[from] Stealth Rock\n|move|p1a: Great Tusk|Bulk Up|p1a: Great Tusk\n|-boost|p1a: Great Tusk|atk|1\n|-boost|p1a: Great Tusk|def|1\n|\n|-weather|SunnyDay|[upkeep]\n|upkeep\n|turn|6\n|\n|t:|1700581660\n|move|p1a: Great Tusk|Headlong Rush|p2a: Wambu\n|-supereffective|p2a: Wambu\n|-damage|p2a: Wambu|0 fnt\n|-unboost|p1a: Great Tusk|def|1\n|-unboost|p1a: Great Tusk|spd|1\n|faint|p2a: Wambu\n|\n|-weather|SunnyDay|[upkeep]\n|upkeep\n|\n|t:|1700581670\n|switch|p2a: Ronintoin|Samurott-Hisui, F|100\/100\n|turn|7\n|\n|t:|1700581673\n|move|p1a: Great Tusk|Rapid Spin|p2a: Ronintoin\n|-damage|p2a: Ronintoin|74\/100\n|-boost|p1a: Great Tusk|spe|1\n|-sideend|p1: ykLlNiJ9wRDSHHfJ|Sticky Web|[from] move: Rapid Spin|[of] p1a: Great Tusk\n|move|p2a: Ronintoin|Aqua Cutter|p1a: Great Tusk\n|-supereffective|p1a: Great Tusk\n|-damage|p1a: Great Tusk|70\/100\n|\n|-weather|SunnyDay|[upkeep]\n|upkeep\n|turn|8\n|\n|t:|1700581677\n|move|p1a: Great Tusk|Headlong Rush|p2a: Ronintoin\n|-damage|p2a: Ronintoin|0 fnt\n|-unboost|p1a: Great Tusk|def|1\n|-unboost|p1a: Great Tusk|spd|1\n|faint|p2a: Ronintoin\n|\n|-weather|none\n|-end|p1a: Great Tusk|Protosynthesis\n|upkeep\n|\n|t:|1700581680\n|switch|p2a: Cosmos|Ribombee, F|100\/100\n|-damage|p2a: Cosmos|76\/100|[from] Stealth Rock\n|turn|9\n|\n|t:|1700581683\n|move|p1a: Great Tusk|Ice Spinner|p2a: Cosmos\n|-damage|p2a: Cosmos|4\/100\n|move|p2a: Cosmos|Moonblast|p1a: Great Tusk\n|-supereffective|p1a: Great Tusk\n|-damage|p1a: Great Tusk|0 fnt\n|faint|p1a: Great Tusk\n|-end|p1a: Great Tusk|Protosynthesis|[silent]\n|\n|upkeep\n|\n|t:|1700581692\n|switch|p1a: Rillaboom|Rillaboom, M|100\/100\n|-fieldstart|move: Grassy Terrain|[from] ability: Grassy Surge|[of] p1a: Rillaboom\n|turn|10\n|\n|t:|1700581705\n|move|p1a: Rillaboom|Grassy Glide|p2a: Cosmos\n|-resisted|p2a: Cosmos\n|-damage|p2a: Cosmos|0 fnt\n|faint|p2a: Cosmos\n|\n|upkeep\n|\n|t:|1700581710\n|switch|p2a: Magnus|Magnezone|100\/100\n|-damage|p2a: Magnus|94\/100|[from] Stealth Rock\n|turn|11\n|inactive|Skyslasher has 120 seconds left.\n|inactive|Skyslasher has 90 seconds left.\n|\n|t:|1700581774\n|switch|p1a: Walking Wake|Walking Wake|100\/100\n|move|p2a: Magnus|Flash Cannon|p1a: Walking Wake\n|-resisted|p1a: Walking Wake\n|-damage|p1a: Walking Wake|61\/100\n|\n|-heal|p1a: Walking Wake|67\/100|[from] Grassy Terrain\n|-heal|p2a: Magnus|100\/100|[from] Grassy Terrain\n|upkeep\n|turn|12\n|\n|t:|1700581780\n|switch|p2a: Gex Luthor|Breloom, M|100\/100\n|-damage|p2a: Gex Luthor|94\/100|[from] Stealth Rock\n|move|p1a: Walking Wake|Hydro Steam|p2a: Gex Luthor\n|-resisted|p2a: Gex Luthor\n|-damage|p2a: Gex Luthor|38\/100\n|\n|-heal|p1a: Walking Wake|73\/100|[from] Grassy Terrain\n|-heal|p2a: Gex Luthor|44\/100|[from] Grassy Terrain\n|upkeep\n|turn|13\n|\n|t:|1700581786\n|move|p1a: Walking Wake|Hydro Steam|p2a: Gex Luthor\n|-resisted|p2a: Gex Luthor\n|-damage|p2a: Gex Luthor|0 fnt\n|faint|p2a: Gex Luthor\n|\n|-heal|p1a: Walking Wake|79\/100|[from] Grassy Terrain\n|upkeep\n|\n|t:|1700581790\n|switch|p2a: Charollete|Mamoswine, F|88\/100 slp\n|-damage|p2a: Charollete|76\/100 slp|[from] Stealth Rock\n|turn|14\n|\n|t:|1700581794\n|move|p1a: Walking Wake|Hydro Steam|p2a: Charollete\n|-supereffective|p2a: Charollete\n|-damage|p2a: Charollete|0 fnt\n|faint|p2a: Charollete\n|\n|-heal|p1a: Walking Wake|86\/100|[from] Grassy Terrain\n|-fieldend|move: Grassy Terrain\n|upkeep\n|-message|Skyslasher forfeited.\n|\n|win|ykLlNiJ9wRDSHHfJ\n|raw|ykLlNiJ9wRDSHHfJ's rating: 1000 &rarr; <strong>1040<\/strong><br \/>(+40 for winning)\n|raw|Skyslasher's rating: 1000 &rarr; <strong>1000<\/strong><br \/>(+0 for losing)\n|l|\u2606Skyslasher\n","uploadtime":1700581801,"views":1,"p1id":"ykllnij9wrdshhfj","p2id":"skyslasher","formatid":"gen9ou","rating":1000,"private":0,"password":""}