{"id":"gen9ou-1993881929","p1":"VikrThe","p2":"RedCosmonaut","format":"[Gen 9] OU","log":"|j|\u2606VikrThe\n|j|\u2606RedCosmonaut\n|t:|1700369514\n|gametype|singles\n|player|p1|VikrThe|102|1167\n|player|p2|RedCosmonaut|2|1206\n|teamsize|p1|6\n|teamsize|p2|6\n|gen|9\n|tier|[Gen 9] OU\n|rated|\n|rule|Sleep Clause Mod: Limit one foe put to sleep\n|rule|Species Clause: Limit one of each Pok\u00e9mon\n|rule|OHKO Clause: OHKO moves are banned\n|rule|Evasion Items Clause: Evasion items are banned\n|rule|Evasion Moves Clause: Evasion moves are banned\n|rule|Endless Battle Clause: Forcing endless battles is banned\n|rule|HP Percentage Mod: HP is shown in percentages\n|clearpoke\n|poke|p1|Ribombee, F|\n|poke|p1|Ceruledge, F|\n|poke|p1|Landorus-Therian, M|\n|poke|p1|Great Tusk|\n|poke|p1|Gholdengo|\n|poke|p1|Thundurus-Therian, M|\n|poke|p2|Glimmora, M|\n|poke|p2|Landorus-Therian, M|\n|poke|p2|Weavile, M|\n|poke|p2|Cinderace, M|\n|poke|p2|Ogerpon-Wellspring, F|\n|poke|p2|Walking Wake|\n|teampreview\n|inactive|Battle timer is ON: inactive players will automatically lose when time's up. (requested by RedCosmonaut)\n|\n|t:|1700369525\n|start\n|switch|p1a: Great Tusk|Great Tusk, shiny|100\/100\n|switch|p2a: Landorus|Landorus-Therian, M|100\/100\n|-ability|p2a: Landorus|Intimidate|boost\n|-unboost|p1a: Great Tusk|atk|1\n|turn|1\n|\n|t:|1700369533\n|move|p1a: Great Tusk|Bulk Up|p1a: Great Tusk\n|-boost|p1a: Great Tusk|atk|1\n|-boost|p1a: Great Tusk|def|1\n|move|p2a: Landorus|U-turn|p1a: Great Tusk\n|-resisted|p1a: Great Tusk\n|-damage|p1a: Great Tusk|95\/100\n|\n|t:|1700369551\n|switch|p2a: Ogerpon|Ogerpon-Wellspring, F|100\/100|[from] U-turn\n|\n|upkeep\n|turn|2\n|\n|t:|1700369556\n|-end|p1a: Great Tusk|Protosynthesis|[silent]\n|switch|p1a: Ribombee|Ribombee, F|100\/100\n|move|p2a: Ogerpon|Swords Dance|p2a: Ogerpon\n|-boost|p2a: Ogerpon|atk|2\n|\n|upkeep\n|turn|3\n|\n|t:|1700369573\n|-terastallize|p2a: Ogerpon|Water\n|detailschange|p2a: Ogerpon|Ogerpon-Wellspring-Tera, F, tera:Water\n|-ability|p2a: Ogerpon|Embody Aspect (Wellspring)|boost\n|-boost|p2a: Ogerpon|spd|1\n|move|p1a: Ribombee|Sticky Web|p2a: Ogerpon\n|-sidestart|p2: RedCosmonaut|move: Sticky Web\n|move|p2a: Ogerpon|Ivy Cudgel|p1a: Ribombee|[anim] Ivy Cudgel Water\n|-enditem|p1a: Ribombee|Focus Sash\n|-damage|p1a: Ribombee|1\/100\n|\n|upkeep\n|turn|4\n|\n|t:|1700369584\n|move|p2a: Ogerpon|Spiky Shield|p2a: Ogerpon\n|-singleturn|p2a: Ogerpon|move: Protect\n|move|p1a: Ribombee|Stun Spore|p2a: Ogerpon\n|-activate|p2a: Ogerpon|move: Protect\n|\n|upkeep\n|turn|5\n|\n|t:|1700369596\n|move|p1a: Ribombee|Stun Spore|p2a: Ogerpon|[miss]\n|-miss|p1a: Ribombee|p2a: Ogerpon\n|move|p2a: Ogerpon|Ivy Cudgel|p1a: Ribombee|[anim] Ivy Cudgel Water\n|-damage|p1a: Ribombee|0 fnt\n|faint|p1a: Ribombee\n|\n|upkeep\n|\n|t:|1700369613\n|switch|p1a: Thundurus|Thundurus-Therian, M|100\/100\n|turn|6\n|\n|t:|1700369626\n|move|p2a: Ogerpon|Ivy Cudgel|p1a: Thundurus|[anim] Ivy Cudgel Water\n|-crit|p1a: Thundurus\n|-damage|p1a: Thundurus|0 fnt\n|faint|p1a: Thundurus\n|\n|upkeep\n|\n|t:|1700369631\n|switch|p1a: Ceruledge|Ceruledge, F, shiny|100\/100\n|turn|7\n|\n|t:|1700369635\n|move|p2a: Ogerpon|Ivy Cudgel|p1a: Ceruledge|[anim] Ivy Cudgel Water\n|-supereffective|p1a: Ceruledge\n|-enditem|p1a: Ceruledge|Focus Sash\n|-damage|p1a: Ceruledge|1\/100\n|-ability|p1a: Ceruledge|Weak Armor|boost\n|-unboost|p1a: Ceruledge|def|1\n|-boost|p1a: Ceruledge|spe|2\n|move|p1a: Ceruledge|Close Combat|p2a: Ogerpon\n|-damage|p2a: Ogerpon|51\/100\n|-unboost|p1a: Ceruledge|def|1\n|-unboost|p1a: Ceruledge|spd|1\n|\n|upkeep\n|turn|8\n|\n|t:|1700369645\n|move|p2a: Ogerpon|Spiky Shield|p2a: Ogerpon\n|-singleturn|p2a: Ogerpon|move: Protect\n|move|p1a: Ceruledge|Close Combat|p2a: Ogerpon\n|-activate|p2a: Ogerpon|move: Protect\n|-damage|p1a: Ceruledge|0 fnt|[from] Spiky Shield|[of] p2a: Ogerpon\n|faint|p1a: Ceruledge\n|\n|upkeep\n|\n|t:|1700369650\n|switch|p1a: Landorus|Landorus-Therian, M|100\/100\n|-ability|p1a: Landorus|Intimidate|boost\n|-unboost|p2a: Ogerpon|atk|1\n|turn|9\n|\n|t:|1700369659\n|move|p2a: Ogerpon|Horn Leech|p1a: Landorus\n|-damage|p1a: Landorus|22\/100\n|-heal|p2a: Ogerpon|93\/100|[from] drain|[of] p1a: Landorus\n|move|p1a: Landorus|Earthquake|p2a: Ogerpon\n|-damage|p2a: Ogerpon|0 fnt\n|faint|p2a: Ogerpon\n|-damage|p1a: Landorus|13\/100|[from] item: Life Orb\n|\n|upkeep\n|\n|t:|1700369672\n|switch|p2a: Weavile|Weavile, M|100\/100\n|-activate|p2a: Weavile|move: Sticky Web\n|-unboost|p2a: Weavile|spe|1\n|turn|10\n|\n|t:|1700369676\n|switch|p1a: Gholdengo|Gholdengo|100\/100\n|move|p2a: Weavile|Fake Out|p1a: Gholdengo\n|-immune|p1a: Gholdengo\n|\n|upkeep\n|turn|11\n|\n|t:|1700369691\n|switch|p2a: Glimmora|Glimmora, M|100\/100\n|-activate|p2a: Glimmora|move: Sticky Web\n|-unboost|p2a: Glimmora|spe|1\n|move|p1a: Gholdengo|Make It Rain|p2a: Glimmora\n|-supereffective|p2a: Glimmora\n|-damage|p2a: Glimmora|0 fnt\n|-unboost|p1a: Gholdengo|spa|1\n|faint|p2a: Glimmora\n|\n|upkeep\n|\n|t:|1700369701\n|switch|p2a: Cinderace|Cinderace, M|100\/100\n|turn|12\n|inactive|RedCosmonaut has 120 seconds left.\n|\n|t:|1700369727\n|switch|p1a: Great Tusk|Great Tusk, shiny|95\/100\n|move|p2a: Cinderace|Court Change|p2a: Cinderace\n|-start|p2a: Cinderace|typechange|Normal|[from] ability: Libero\n|-swapsideconditions\n|-activate|p2a: Cinderace|move: Court Change\n|\n|upkeep\n|turn|13\n|\n|t:|1700369735\n|switch|p2a: Landorus|Landorus-Therian, M|100\/100\n|-ability|p2a: Landorus|Intimidate|boost\n|-unboost|p1a: Great Tusk|atk|1\n|move|p1a: Great Tusk|Rapid Spin|p2a: Landorus\n|-damage|p2a: Landorus|91\/100\n|-boost|p1a: Great Tusk|spe|1\n|-sideend|p1: VikrThe|Sticky Web|[from] move: Rapid Spin|[of] p1a: Great Tusk\n|\n|upkeep\n|turn|14\n|\n|t:|1700369749\n|-end|p1a: Great Tusk|Protosynthesis|[silent]\n|switch|p1a: Landorus|Landorus-Therian, M|13\/100\n|-ability|p1a: Landorus|Intimidate|boost\n|-unboost|p2a: Landorus|atk|1\n|move|p2a: Landorus|U-turn|p1a: Landorus\n|-resisted|p1a: Landorus\n|-crit|p1a: Landorus\n|-damage|p1a: Landorus|0 fnt\n|faint|p1a: Landorus\n|\n|t:|1700369758\n|switch|p2a: Weavile|Weavile, M|100\/100|[from] U-turn\n|\n|upkeep\n|\n|t:|1700369762\n|switch|p1a: Gholdengo|Gholdengo|100\/100\n|turn|15\n|\n|t:|1700369769\n|move|p2a: Weavile|Fling|p1a: Gholdengo\n|-supereffective|p1a: Gholdengo\n|-damage|p1a: Gholdengo|0 fnt\n|-enditem|p2a: Weavile|Big Nugget|[from] move: Fling\n|faint|p1a: Gholdengo\n|\n|upkeep\n|\n|t:|1700369774\n|switch|p1a: Great Tusk|Great Tusk, shiny|95\/100\n|turn|16\n|\n|t:|1700369782\n|-terastallize|p1a: Great Tusk|Fighting\n|move|p2a: Weavile|Knock Off|p1a: Great Tusk\n|-resisted|p1a: Great Tusk\n|-damage|p1a: Great Tusk|77\/100\n|-enditem|p1a: Great Tusk|Heavy-Duty Boots|[from] move: Knock Off|[of] p2a: Weavile\n|move|p1a: Great Tusk|Bulk Up|p1a: Great Tusk\n|-boost|p1a: Great Tusk|atk|1\n|-boost|p1a: Great Tusk|def|1\n|\n|upkeep\n|turn|17\n|\n|t:|1700369794\n|switch|p2a: Landorus|Landorus-Therian, M|91\/100\n|-ability|p2a: Landorus|Intimidate|boost\n|-unboost|p1a: Great Tusk|atk|1\n|move|p1a: Great Tusk|Rapid Spin|p2a: Landorus\n|-damage|p2a: Landorus|77\/100\n|-boost|p1a: Great Tusk|spe|1\n|\n|upkeep\n|turn|18\n|\n|t:|1700369805\n|move|p1a: Great Tusk|Bulk Up|p1a: Great Tusk\n|-boost|p1a: Great Tusk|atk|1\n|-boost|p1a: Great Tusk|def|1\n|move|p2a: Landorus|U-turn|p1a: Great Tusk\n|-resisted|p1a: Great Tusk\n|-damage|p1a: Great Tusk|72\/100\n|\n|t:|1700369811\n|switch|p2a: Weavile|Weavile, M|100\/100|[from] U-turn\n|\n|upkeep\n|turn|19\n|\n|t:|1700369816\n|move|p2a: Weavile|Fake Out|p1a: Great Tusk\n|-damage|p1a: Great Tusk|67\/100\n|cant|p1a: Great Tusk|flinch\n|\n|upkeep\n|turn|20\n|\n|t:|1700369820\n|switch|p2a: Landorus|Landorus-Therian, M|77\/100\n|-ability|p2a: Landorus|Intimidate|boost\n|-unboost|p1a: Great Tusk|atk|1\n|move|p1a: Great Tusk|Bulk Up|p1a: Great Tusk\n|-boost|p1a: Great Tusk|atk|1\n|-boost|p1a: Great Tusk|def|1\n|\n|upkeep\n|turn|21\n|\n|t:|1700369831\n|move|p1a: Great Tusk|Close Combat|p2a: Landorus\n|-resisted|p2a: Landorus\n|-damage|p2a: Landorus|26\/100\n|-unboost|p1a: Great Tusk|def|1\n|-unboost|p1a: Great Tusk|spd|1\n|move|p2a: Landorus|U-turn|p1a: Great Tusk\n|-resisted|p1a: Great Tusk\n|-damage|p1a: Great Tusk|63\/100\n|\n|t:|1700369838\n|switch|p2a: Weavile|Weavile, M|100\/100|[from] U-turn\n|\n|upkeep\n|turn|22\n|\n|t:|1700369842\n|move|p2a: Weavile|Fake Out|p1a: Great Tusk\n|-damage|p1a: Great Tusk|58\/100\n|cant|p1a: Great Tusk|flinch\n|\n|upkeep\n|turn|23\n|\n|t:|1700369852\n|switch|p2a: Landorus|Landorus-Therian, M|26\/100\n|-ability|p2a: Landorus|Intimidate|boost\n|-unboost|p1a: Great Tusk|atk|1\n|move|p1a: Great Tusk|Bulk Up|p1a: Great Tusk\n|-boost|p1a: Great Tusk|atk|1\n|-boost|p1a: Great Tusk|def|1\n|\n|upkeep\n|turn|24\n|\n|t:|1700369860\n|move|p1a: Great Tusk|Close Combat|p2a: Landorus\n|-resisted|p2a: Landorus\n|-damage|p2a: Landorus|0 fnt\n|-unboost|p1a: Great Tusk|def|1\n|-unboost|p1a: Great Tusk|spd|1\n|faint|p2a: Landorus\n|\n|upkeep\n|\n|t:|1700369867\n|switch|p2a: Weavile|Weavile, M|100\/100\n|turn|25\n|\n|t:|1700369870\n|move|p2a: Weavile|Fake Out|p1a: Great Tusk\n|-damage|p1a: Great Tusk|53\/100\n|cant|p1a: Great Tusk|flinch\n|\n|upkeep\n|turn|26\n|\n|t:|1700369879\n|move|p2a: Weavile|Ice Shard|p1a: Great Tusk\n|-damage|p1a: Great Tusk|46\/100\n|move|p1a: Great Tusk|Bulk Up|p1a: Great Tusk\n|-boost|p1a: Great Tusk|atk|1\n|-boost|p1a: Great Tusk|def|1\n|\n|upkeep\n|turn|27\n|\n|t:|1700369887\n|move|p2a: Weavile|Ice Shard|p1a: Great Tusk\n|-damage|p1a: Great Tusk|40\/100\n|move|p1a: Great Tusk|Rapid Spin|p2a: Weavile\n|-damage|p2a: Weavile|37\/100\n|-boost|p1a: Great Tusk|spe|1\n|\n|upkeep\n|turn|28\n|\n|t:|1700369892\n|move|p2a: Weavile|Ice Shard|p1a: Great Tusk\n|-damage|p1a: Great Tusk|34\/100\n|move|p1a: Great Tusk|Rapid Spin|p2a: Weavile\n|-damage|p2a: Weavile|0 fnt\n|-boost|p1a: Great Tusk|spe|1\n|faint|p2a: Weavile\n|\n|upkeep\n|\n|t:|1700369902\n|switch|p2a: Walking Wake|Walking Wake|100\/100\n|-enditem|p2a: Walking Wake|Booster Energy\n|-activate|p2a: Walking Wake|ability: Protosynthesis|[fromitem]\n|-start|p2a: Walking Wake|protosynthesisspe\n|turn|29\n|\n|t:|1700369910\n|move|p1a: Great Tusk|Close Combat|p2a: Walking Wake\n|-damage|p2a: Walking Wake|0 fnt\n|-unboost|p1a: Great Tusk|def|1\n|-unboost|p1a: Great Tusk|spd|1\n|faint|p2a: Walking Wake\n|-end|p2a: Walking Wake|Protosynthesis|[silent]\n|\n|upkeep\n|\n|t:|1700369913\n|switch|p2a: Cinderace|Cinderace, M|100\/100\n|turn|30\n|\n|t:|1700369921\n|move|p2a: Cinderace|Sucker Punch|p1a: Great Tusk\n|-start|p2a: Cinderace|typechange|Dark|[from] ability: Libero\n|-resisted|p1a: Great Tusk\n|-damage|p1a: Great Tusk|28\/100\n|move|p1a: Great Tusk|Close Combat|p2a: Cinderace\n|-supereffective|p2a: Cinderace\n|-damage|p2a: Cinderace|0 fnt\n|-unboost|p1a: Great Tusk|def|1\n|-unboost|p1a: Great Tusk|spd|1\n|faint|p2a: Cinderace\n|\n|win|VikrThe\n|raw|VikrThe's rating: 1167 &rarr; <strong>1195<\/strong><br \/>(+28 for winning)\n|raw|RedCosmonaut's rating: 1206 &rarr; <strong>1178<\/strong><br \/>(-28 for losing)\n","uploadtime":1700369932,"views":22,"p1id":"vikrthe","p2id":"redcosmonaut","formatid":"gen9ou","rating":1178,"private":0,"password":""}