{"id":"gen9ou-1996839001","p1":"Not_ryuk","p2":"IamTime13","format":"[Gen 9] OU","log":"|j|\u2606Not_ryuk\n|j|\u2606IamTime13\n|t:|1700733506\n|gametype|singles\n|player|p1|Not_ryuk|volkner|1106\n|player|p2|IamTime13|backersf|1094\n|teamsize|p1|6\n|teamsize|p2|6\n|gen|9\n|tier|[Gen 9] OU\n|rated|\n|rule|Sleep Clause Mod: Limit one foe put to sleep\n|rule|Species Clause: Limit one of each Pok\u00e9mon\n|rule|OHKO Clause: OHKO moves are banned\n|rule|Evasion Items Clause: Evasion items are banned\n|rule|Evasion Moves Clause: Evasion moves are banned\n|rule|Endless Battle Clause: Forcing endless battles is banned\n|rule|HP Percentage Mod: HP is shown in percentages\n|clearpoke\n|poke|p1|Pawmot, F|\n|poke|p1|Dragonite, M|\n|poke|p1|Amoonguss, F|\n|poke|p1|Quagsire, F|\n|poke|p1|Umbreon, M|\n|poke|p1|Iron Valiant|\n|poke|p2|Poliwrath, F|\n|poke|p2|Pelipper, M|\n|poke|p2|Overqwil, F|\n|poke|p2|Rillaboom, F|\n|poke|p2|Iron Treads|\n|poke|p2|Zapdos|\n|teampreview\n|inactive|Battle timer is ON: inactive players will automatically lose when time's up. (requested by Not_ryuk)\n|\n|t:|1700733513\n|start\n|switch|p1a: Excuse me sir.|Quagsire, F, shiny|100\/100\n|switch|p2a: Pelipper|Pelipper, M|100\/100\n|-weather|RainDance|[from] ability: Drizzle|[of] p2a: Pelipper\n|turn|1\n|\n|t:|1700733529\n|switch|p2a: Rillaboom|Rillaboom, F|100\/100\n|-fieldstart|move: Grassy Terrain|[from] ability: Grassy Surge|[of] p2a: Rillaboom\n|move|p1a: Excuse me sir.|Yawn|p2a: Rillaboom\n|-start|p2a: Rillaboom|move: Yawn|[of] p1a: Excuse me sir.\n|\n|-weather|RainDance|[upkeep]\n|upkeep\n|turn|2\n|\n|t:|1700733539\n|-terastallize|p1a: Excuse me sir.|Dragon\n|move|p2a: Rillaboom|Wood Hammer|p1a: Excuse me sir.\n|-resisted|p1a: Excuse me sir.\n|-damage|p1a: Excuse me sir.|55\/100\n|-damage|p2a: Rillaboom|83\/100|[from] Recoil\n|move|p1a: Excuse me sir.|Recover|p1a: Excuse me sir.\n|-heal|p1a: Excuse me sir.|100\/100\n|\n|-weather|RainDance|[upkeep]\n|-heal|p2a: Rillaboom|89\/100|[from] Grassy Terrain\n|-end|p2a: Rillaboom|move: Yawn|[silent]\n|-status|p2a: Rillaboom|slp\n|upkeep\n|turn|3\n|inactive|IamTime13 has 120 seconds left.\n|\n|t:|1700733571\n|switch|p2a: Zapdos|Zapdos|100\/100\n|switch|p1a: Umbreon|Umbreon, M, shiny|100\/100\n|\n|-weather|RainDance|[upkeep]\n|upkeep\n|turn|4\n|inactive|IamTime13 has 120 seconds left.\n|\n|t:|1700733578\n|move|p2a: Zapdos|Weather Ball|p1a: Umbreon\n|-crit|p1a: Umbreon\n|-damage|p1a: Umbreon|39\/100\n|move|p1a: Umbreon|Toxic|p2a: Zapdos\n|-status|p2a: Zapdos|tox\n|\n|-weather|RainDance|[upkeep]\n|-heal|p1a: Umbreon|45\/100|[from] Grassy Terrain\n|-heal|p1a: Umbreon|51\/100|[from] item: Leftovers\n|-damage|p2a: Zapdos|94\/100 tox|[from] psn\n|upkeep\n|turn|5\n|\n|t:|1700733589\n|move|p1a: Umbreon|Protect|p1a: Umbreon\n|-singleturn|p1a: Umbreon|Protect\n|move|p2a: Zapdos|Thunder|p1a: Umbreon\n|-activate|p1a: Umbreon|move: Protect\n|\n|-weather|RainDance|[upkeep]\n|-heal|p1a: Umbreon|57\/100|[from] Grassy Terrain\n|-heal|p1a: Umbreon|63\/100|[from] item: Leftovers\n|-damage|p2a: Zapdos|82\/100 tox|[from] psn\n|-fieldend|move: Grassy Terrain\n|upkeep\n|turn|6\n|\n|t:|1700733601\n|move|p2a: Zapdos|Thunder||[still]\n|-damage|p1a: Umbreon|22\/100\n|-status|p1a: Umbreon|par\n|-activate|p1a: Umbreon|ability: Synchronize\n|-fail|p1a: Umbreon\n|cant|p1a: Umbreon|par\n|\n|-weather|RainDance|[upkeep]\n|-heal|p1a: Umbreon|28\/100 par|[from] item: Leftovers\n|-damage|p2a: Zapdos|63\/100 tox|[from] psn\n|upkeep\n|turn|7\n|\n|t:|1700733609\n|move|p1a: Umbreon|Protect|p1a: Umbreon\n|-singleturn|p1a: Umbreon|Protect\n|move|p2a: Zapdos|Roost|p2a: Zapdos\n|-heal|p2a: Zapdos|100\/100 tox\n|-singleturn|p2a: Zapdos|move: Roost\n|\n|-weather|RainDance|[upkeep]\n|-heal|p1a: Umbreon|34\/100 par|[from] item: Leftovers\n|-damage|p2a: Zapdos|76\/100 tox|[from] psn\n|upkeep\n|turn|8\n|\n|t:|1700733620\n|switch|p2a: Rillaboom|Rillaboom, F|89\/100 slp\n|-fieldstart|move: Grassy Terrain|[from] ability: Grassy Surge|[of] p2a: Rillaboom\n|move|p1a: Umbreon|Wish|p1a: Umbreon\n|\n|-weather|none\n|-heal|p2a: Rillaboom|96\/100 slp|[from] Grassy Terrain\n|-heal|p1a: Umbreon|40\/100 par|[from] Grassy Terrain\n|-heal|p1a: Umbreon|47\/100 par|[from] item: Leftovers\n|upkeep\n|turn|9\n|\n|t:|1700733629\n|cant|p2a: Rillaboom|slp\n|move|p1a: Umbreon|Dark Pulse|p2a: Rillaboom\n|-damage|p2a: Rillaboom|63\/100 slp\n|\n|-heal|p1a: Umbreon|97\/100 par|[from] move: Wish|[wisher] Umbreon\n|-heal|p2a: Rillaboom|69\/100 slp|[from] Grassy Terrain\n|-heal|p1a: Umbreon|100\/100 par|[from] Grassy Terrain\n|upkeep\n|turn|10\n|\n|t:|1700733634\n|switch|p2a: Pelipper|Pelipper, M|100\/100\n|-weather|RainDance|[from] ability: Drizzle|[of] p2a: Pelipper\n|move|p1a: Umbreon|Dark Pulse|p2a: Pelipper\n|-damage|p2a: Pelipper|74\/100\n|\n|-weather|RainDance|[upkeep]\n|upkeep\n|turn|11\n|\n|t:|1700733645\n|switch|p2a: Poliwrath|Poliwrath, F|100\/100\n|move|p1a: Umbreon|Toxic|p2a: Poliwrath\n|-status|p2a: Poliwrath|tox\n|\n|-weather|RainDance|[upkeep]\n|-damage|p2a: Poliwrath|94\/100 tox|[from] psn\n|upkeep\n|turn|12\n|\n|t:|1700733651\n|move|p1a: Umbreon|Protect|p1a: Umbreon\n|-singleturn|p1a: Umbreon|Protect\n|move|p2a: Poliwrath|Belly Drum|p2a: Poliwrath\n|-damage|p2a: Poliwrath|44\/100 tox\n|-setboost|p2a: Poliwrath|atk|6|[from] move: Belly Drum\n|-enditem|p2a: Poliwrath|Sitrus Berry|[eat]\n|-heal|p2a: Poliwrath|69\/100 tox|[from] item: Sitrus Berry\n|\n|-weather|RainDance|[upkeep]\n|-heal|p2a: Poliwrath|75\/100 tox|[from] Grassy Terrain\n|-damage|p2a: Poliwrath|63\/100 tox|[from] psn\n|-fieldend|move: Grassy Terrain\n|upkeep\n|turn|13\n|\n|t:|1700733666\n|switch|p1a: Excuse me sir.|Quagsire, F, shiny, tera:Dragon|100\/100\n|move|p2a: Poliwrath|Drain Punch|p1a: Excuse me sir.\n|-damage|p1a: Excuse me sir.|77\/100\n|-heal|p2a: Poliwrath|78\/100 tox|[from] drain|[of] p1a: Excuse me sir.\n|\n|-weather|RainDance|[upkeep]\n|-heal|p1a: Excuse me sir.|83\/100|[from] item: Leftovers\n|-damage|p2a: Poliwrath|59\/100 tox|[from] psn\n|upkeep\n|turn|14\n|\n|t:|1700733675\n|move|p2a: Poliwrath|Liquidation|p1a: Excuse me sir.\n|-resisted|p1a: Excuse me sir.\n|-damage|p1a: Excuse me sir.|66\/100\n|move|p1a: Excuse me sir.|Recover|p1a: Excuse me sir.\n|-heal|p1a: Excuse me sir.|100\/100\n|\n|-weather|RainDance|[upkeep]\n|-damage|p2a: Poliwrath|34\/100 tox|[from] psn\n|upkeep\n|turn|15\n|n|!IamTime13|iamtime13\n|inactive|IamTime13 has 120 seconds left.\n|\n|t:|1700733710\n|move|p2a: Poliwrath|Drain Punch|p1a: Excuse me sir.\n|-damage|p1a: Excuse me sir.|79\/100\n|-heal|p2a: Poliwrath|47\/100 tox|[from] drain|[of] p1a: Excuse me sir.\n|move|p1a: Excuse me sir.|Earthquake|p2a: Poliwrath\n|-damage|p2a: Poliwrath|14\/100 tox\n|\n|-weather|RainDance|[upkeep]\n|-heal|p1a: Excuse me sir.|85\/100|[from] item: Leftovers\n|-damage|p2a: Poliwrath|0 fnt|[from] psn\n|faint|p2a: Poliwrath\n|upkeep\n|\n|t:|1700733715\n|switch|p2a: Rillaboom|Rillaboom, F|69\/100 slp\n|-fieldstart|move: Grassy Terrain|[from] ability: Grassy Surge|[of] p2a: Rillaboom\n|turn|16\n|\n|t:|1700733727\n|switch|p1a: S U S|Amoonguss, F, shiny|100\/100\n|cant|p2a: Rillaboom|slp\n|\n|-weather|RainDance|[upkeep]\n|-heal|p2a: Rillaboom|75\/100 slp|[from] Grassy Terrain\n|upkeep\n|turn|17\n|\n|t:|1700733737\n|-curestatus|p2a: Rillaboom|slp|[msg]\n|move|p2a: Rillaboom|Knock Off|p1a: S U S\n|-damage|p1a: S U S|49\/100\n|-enditem|p1a: S U S|Assault Vest|[from] move: Knock Off|[of] p2a: Rillaboom\n|move|p1a: S U S|Clear Smog|p2a: Rillaboom\n|-supereffective|p2a: Rillaboom\n|-damage|p2a: Rillaboom|36\/100\n|-clearboost|p2a: Rillaboom\n|\n|-weather|none\n|-heal|p2a: Rillaboom|42\/100|[from] Grassy Terrain\n|-heal|p1a: S U S|55\/100|[from] Grassy Terrain\n|upkeep\n|turn|18\n|\n|t:|1700733749\n|switch|p2a: Pelipper|Pelipper, M|74\/100\n|-weather|RainDance|[from] ability: Drizzle|[of] p2a: Pelipper\n|move|p1a: S U S|Clear Smog|p2a: Pelipper\n|-damage|p2a: Pelipper|59\/100\n|-clearboost|p2a: Pelipper\n|\n|-weather|RainDance|[upkeep]\n|-heal|p1a: S U S|62\/100|[from] Grassy Terrain\n|upkeep\n|turn|19\n|\n|t:|1700733759\n|switch|p1a: Umbreon|Umbreon, M, shiny|100\/100 par\n|move|p2a: Pelipper|Hurricane|p1a: Umbreon\n|-damage|p1a: Umbreon|73\/100 par\n|-start|p1a: Umbreon|confusion\n|\n|-weather|RainDance|[upkeep]\n|-heal|p1a: Umbreon|79\/100 par|[from] Grassy Terrain\n|-heal|p1a: Umbreon|85\/100 par|[from] item: Leftovers\n|upkeep\n|turn|20\n|\n|t:|1700733769\n|switch|p2a: Overqwil|Overqwil, F|100\/100\n|-activate|p1a: Umbreon|confusion\n|-damage|p1a: Umbreon|79\/100 par|[from] confusion\n|\n|-weather|RainDance|[upkeep]\n|-heal|p1a: Umbreon|86\/100 par|[from] Grassy Terrain\n|-heal|p1a: Umbreon|92\/100 par|[from] item: Leftovers\n|-fieldend|move: Grassy Terrain\n|upkeep\n|turn|21\n|\n|t:|1700733779\n|switch|p1a: S U S|Amoonguss, F, shiny|95\/100\n|move|p2a: Overqwil|Swords Dance|p2a: Overqwil\n|-boost|p2a: Overqwil|atk|2\n|\n|-weather|RainDance|[upkeep]\n|upkeep\n|turn|22\n|\n|t:|1700733797\n|-terastallize|p2a: Overqwil|Water\n|move|p2a: Overqwil|Liquidation|p1a: S U S\n|-resisted|p1a: S U S\n|-damage|p1a: S U S|21\/100\n|-unboost|p1a: S U S|def|1\n|-damage|p2a: Overqwil|91\/100|[from] item: Life Orb\n|move|p1a: S U S|Stomping Tantrum|p2a: Overqwil\n|-damage|p2a: Overqwil|74\/100\n|\n|-weather|RainDance|[upkeep]\n|upkeep\n|turn|23\n|\n|t:|1700733809\n|switch|p1a: Excuse me sir.|Quagsire, F, shiny, tera:Dragon|85\/100\n|move|p2a: Overqwil|Liquidation|p1a: Excuse me sir.\n|-resisted|p1a: Excuse me sir.\n|-damage|p1a: Excuse me sir.|59\/100\n|-damage|p2a: Overqwil|64\/100|[from] item: Life Orb\n|\n|-weather|RainDance|[upkeep]\n|-heal|p1a: Excuse me sir.|65\/100|[from] item: Leftovers\n|upkeep\n|turn|24\n|\n|t:|1700733823\n|move|p2a: Overqwil|Gunk Shot|p1a: Excuse me sir.\n|-damage|p1a: Excuse me sir.|11\/100\n|-damage|p2a: Overqwil|55\/100|[from] item: Life Orb\n|move|p1a: Excuse me sir.|Yawn|p2a: Overqwil\n|-start|p2a: Overqwil|move: Yawn|[of] p1a: Excuse me sir.\n|\n|-weather|RainDance|[upkeep]\n|-heal|p1a: Excuse me sir.|18\/100|[from] item: Leftovers\n|upkeep\n|turn|25\n|\n|t:|1700733835\n|switch|p1a: Umbreon|Umbreon, M, shiny|92\/100 par\n|move|p2a: Overqwil|Gunk Shot|p1a: Umbreon\n|-damage|p1a: Umbreon|0 fnt\n|faint|p1a: Umbreon\n|-damage|p2a: Overqwil|45\/100|[from] item: Life Orb\n|\n|-weather|none\n|-end|p2a: Overqwil|move: Yawn|[silent]\n|-status|p2a: Overqwil|slp\n|upkeep\n|\n|t:|1700733841\n|switch|p1a: Excuse me sir.|Quagsire, F, shiny, tera:Dragon|18\/100\n|turn|26\n|\n|t:|1700733846\n|cant|p2a: Overqwil|slp\n|move|p1a: Excuse me sir.|Recover|p1a: Excuse me sir.\n|-heal|p1a: Excuse me sir.|68\/100\n|\n|-heal|p1a: Excuse me sir.|74\/100|[from] item: Leftovers\n|upkeep\n|turn|27\n|\n|t:|1700733851\n|switch|p1a: S U S|Amoonguss, F, shiny|55\/100\n|cant|p2a: Overqwil|slp\n|\n|upkeep\n|turn|28\n|\n|t:|1700733857\n|-curestatus|p2a: Overqwil|slp|[msg]\n|move|p2a: Overqwil|Gunk Shot|p1a: S U S|[miss]\n|-miss|p2a: Overqwil|p1a: S U S\n|move|p1a: S U S|Giga Drain|p2a: Overqwil\n|-supereffective|p2a: Overqwil\n|-damage|p2a: Overqwil|0 fnt\n|-heal|p1a: S U S|71\/100|[from] drain|[of] p2a: Overqwil\n|faint|p2a: Overqwil\n|\n|upkeep\n|\n|t:|1700733862\n|switch|p2a: Pelipper|Pelipper, M|59\/100\n|-weather|RainDance|[from] ability: Drizzle|[of] p2a: Pelipper\n|turn|29\n|\n|t:|1700733872\n|switch|p1a: Excuse me sir.|Quagsire, F, shiny, tera:Dragon|74\/100\n|move|p2a: Pelipper|Roost|p2a: Pelipper\n|-heal|p2a: Pelipper|100\/100\n|-singleturn|p2a: Pelipper|move: Roost\n|\n|-weather|RainDance|[upkeep]\n|-heal|p1a: Excuse me sir.|80\/100|[from] item: Leftovers\n|upkeep\n|turn|30\n|\n|t:|1700733877\n|move|p2a: Pelipper|U-turn|p1a: Excuse me sir.\n|-damage|p1a: Excuse me sir.|73\/100\n|\n|t:|1700733880\n|switch|p2a: Zapdos|Zapdos|76\/100 tox|[from] U-turn\n|move|p1a: Excuse me sir.|Yawn||[still]\n|-fail|p1a: Excuse me sir.\n|\n|-weather|RainDance|[upkeep]\n|-heal|p1a: Excuse me sir.|79\/100|[from] item: Leftovers\n|-damage|p2a: Zapdos|69\/100 tox|[from] psn\n|upkeep\n|turn|31\n|\n|t:|1700733888\n|move|p2a: Zapdos|Thunder|p1a: Excuse me sir.\n|-resisted|p1a: Excuse me sir.\n|-damage|p1a: Excuse me sir.|46\/100\n|move|p1a: Excuse me sir.|Recover|p1a: Excuse me sir.\n|-heal|p1a: Excuse me sir.|96\/100\n|\n|-weather|RainDance|[upkeep]\n|-heal|p1a: Excuse me sir.|100\/100|[from] item: Leftovers\n|-damage|p2a: Zapdos|57\/100 tox|[from] psn\n|upkeep\n|turn|32\n|\n|t:|1700733899\n|move|p2a: Zapdos|Roost|p2a: Zapdos\n|-heal|p2a: Zapdos|100\/100 tox\n|-singleturn|p2a: Zapdos|move: Roost\n|move|p1a: Excuse me sir.|Waterfall|p2a: Zapdos\n|-damage|p2a: Zapdos|60\/100 tox\n|\n|-weather|RainDance|[upkeep]\n|-damage|p2a: Zapdos|41\/100 tox|[from] psn\n|upkeep\n|turn|33\n|\n|t:|1700733908\n|switch|p2a: Rillaboom|Rillaboom, F|42\/100\n|-fieldstart|move: Grassy Terrain|[from] ability: Grassy Surge|[of] p2a: Rillaboom\n|move|p1a: Excuse me sir.|Earthquake|p2a: Rillaboom\n|-resisted|p2a: Rillaboom\n|-damage|p2a: Rillaboom|34\/100\n|\n|-weather|RainDance|[upkeep]\n|-heal|p2a: Rillaboom|40\/100|[from] Grassy Terrain\n|upkeep\n|turn|34\n|\n|t:|1700733922\n|move|p2a: Rillaboom|Knock Off|p1a: Excuse me sir.\n|-damage|p1a: Excuse me sir.|64\/100\n|-enditem|p1a: Excuse me sir.|Leftovers|[from] move: Knock Off|[of] p2a: Rillaboom\n|move|p1a: Excuse me sir.|Yawn|p2a: Rillaboom\n|-start|p2a: Rillaboom|move: Yawn|[of] p1a: Excuse me sir.\n|\n|-weather|RainDance|[upkeep]\n|-heal|p2a: Rillaboom|46\/100|[from] Grassy Terrain\n|-heal|p1a: Excuse me sir.|70\/100|[from] Grassy Terrain\n|upkeep\n|turn|35\n|\n|t:|1700733935\n|switch|p2a: Zapdos|Zapdos|41\/100 tox\n|move|p1a: Excuse me sir.|Waterfall|p2a: Zapdos\n|-damage|p2a: Zapdos|0 fnt\n|faint|p2a: Zapdos\n|\n|-weather|RainDance|[upkeep]\n|-heal|p1a: Excuse me sir.|76\/100|[from] Grassy Terrain\n|upkeep\n|\n|t:|1700733946\n|switch|p2a: Rillaboom|Rillaboom, F|46\/100\n|turn|36\n|\n|t:|1700733950\n|move|p2a: Rillaboom|Wood Hammer|p1a: Excuse me sir.\n|-resisted|p1a: Excuse me sir.\n|-damage|p1a: Excuse me sir.|35\/100\n|-damage|p2a: Rillaboom|31\/100|[from] Recoil\n|move|p1a: Excuse me sir.|Yawn|p2a: Rillaboom\n|-start|p2a: Rillaboom|move: Yawn|[of] p1a: Excuse me sir.\n|\n|-weather|none\n|-heal|p2a: Rillaboom|37\/100|[from] Grassy Terrain\n|-heal|p1a: Excuse me sir.|41\/100|[from] Grassy Terrain\n|upkeep\n|turn|37\n|\n|t:|1700733962\n|move|p2a: Rillaboom|Wood Hammer|p1a: Excuse me sir.\n|-resisted|p1a: Excuse me sir.\n|-damage|p1a: Excuse me sir.|0 fnt\n|faint|p1a: Excuse me sir.\n|-damage|p2a: Rillaboom|21\/100|[from] Recoil\n|\n|-heal|p2a: Rillaboom|27\/100|[from] Grassy Terrain\n|-end|p2a: Rillaboom|move: Yawn|[silent]\n|-status|p2a: Rillaboom|slp\n|-fieldend|move: Grassy Terrain\n|upkeep\n|\n|t:|1700733966\n|switch|p1a: Electivire 2.0|Pawmot, F, shiny|100\/100\n|turn|38\n|\n|t:|1700733970\n|move|p1a: Electivire 2.0|Ice Punch|p2a: Rillaboom\n|-supereffective|p2a: Rillaboom\n|-damage|p2a: Rillaboom|0 fnt\n|faint|p2a: Rillaboom\n|\n|upkeep\n|\n|t:|1700733974\n|switch|p2a: Pelipper|Pelipper, M|100\/100\n|-weather|RainDance|[from] ability: Drizzle|[of] p2a: Pelipper\n|turn|39\n|\n|t:|1700733985\n|move|p1a: Electivire 2.0|Thunder Punch|p2a: Pelipper\n|-supereffective|p2a: Pelipper\n|-damage|p2a: Pelipper|0 fnt\n|faint|p2a: Pelipper\n|\n|-weather|RainDance|[upkeep]\n|upkeep\n|\n|t:|1700733990\n|switch|p2a: Iron Treads|Iron Treads|100\/100\n|turn|40\n|\n|t:|1700733997\n|move|p1a: Electivire 2.0|Close Combat|p2a: Iron Treads\n|-supereffective|p2a: Iron Treads\n|-damage|p2a: Iron Treads|0 fnt\n|-unboost|p1a: Electivire 2.0|def|1\n|-unboost|p1a: Electivire 2.0|spd|1\n|faint|p2a: Iron Treads\n|-end|p2a: Iron Treads|Quark Drive|[silent]\n|\n|win|Not_ryuk\n|raw|Not_ryuk's rating: 1106 &rarr; <strong>1130<\/strong><br \/>(+24 for winning)\n|raw|IamTime13's rating: 1094 &rarr; <strong>1071<\/strong><br \/>(-23 for losing)\n","uploadtime":1700733690,"views":2,"p1id":"notryuk","p2id":"iamtime13","formatid":"gen9ou","rating":1071,"private":0,"password":""}