{"id":"gen9ou-1991145469","p1":"JimRoan","p2":"Penter","format":"[Gen 9] OU","log":"|j|\u2606JimRoan\n|j|\u2606Penter\n|inactive|Battle timer is ON: inactive players will automatically lose when time's up.\n|t:|1700049782\n|gametype|singles\n|player|p1|JimRoan|gentleman-gen4|\n|player|p2|Penter|n|\n|teamsize|p1|6\n|teamsize|p2|6\n|gen|9\n|tier|[Gen 9] OU\n|rated|Tournament battle\n|rule|Sleep Clause Mod: Limit one foe put to sleep\n|rule|Species Clause: Limit one of each Pok\u00e9mon\n|rule|OHKO Clause: OHKO moves are banned\n|rule|Evasion Items Clause: Evasion items are banned\n|rule|Evasion Moves Clause: Evasion moves are banned\n|rule|Endless Battle Clause: Forcing endless battles is banned\n|rule|HP Percentage Mod: HP is shown in percentages\n|clearpoke\n|poke|p1|Rillaboom, M|\n|poke|p1|Cinderace, M|\n|poke|p1|Ogerpon-Cornerstone, F|\n|poke|p1|Kingambit, M|\n|poke|p1|Great Tusk|\n|poke|p1|Iron Valiant|\n|poke|p2|Ting-Lu|\n|poke|p2|Iron Moth|\n|poke|p2|Manaphy|\n|poke|p2|Gholdengo|\n|poke|p2|Kingambit, F|\n|poke|p2|Sinistcha|\n|teampreview\n|j|*Lady Monita \u2746\n|inactive|Penter has 120 seconds left.\n|\n|t:|1700049814\n|start\n|switch|p1a: Ogerpon|Ogerpon-Cornerstone, F|100\/100\n|switch|p2a: Iron Moth|Iron Moth|100\/100\n|turn|1\n|\n|t:|1700049824\n|-terastallize|p1a: Ogerpon|Rock\n|detailschange|p1a: Ogerpon|Ogerpon-Cornerstone-Tera, F, tera:Rock\n|-ability|p1a: Ogerpon|Embody Aspect (Cornerstone)|boost\n|-boost|p1a: Ogerpon|def|1\n|move|p2a: Iron Moth|U-turn|p1a: Ogerpon\n|-damage|p1a: Ogerpon|91\/100\n|\n|t:|1700049831\n|switch|p2a: Gholdengo|Gholdengo|100\/100|[from] U-turn\n|move|p1a: Ogerpon|Ivy Cudgel|p2a: Gholdengo|[anim] Ivy Cudgel Rock\n|-resisted|p2a: Gholdengo\n|-damage|p2a: Gholdengo|58\/100\n|\n|upkeep\n|turn|2\n|\n|t:|1700049842\n|switch|p1a: Great Tusk|Great Tusk, shiny|100\/100\n|move|p2a: Gholdengo|Make It Rain|p1a: Great Tusk\n|-damage|p1a: Great Tusk|22\/100\n|-unboost|p2a: Gholdengo|spa|1\n|\n|-status|p1a: Great Tusk|tox|[from] item: Toxic Orb\n|upkeep\n|turn|3\n|\n|t:|1700049860\n|move|p2a: Gholdengo|Make It Rain|p1a: Great Tusk\n|-damage|p1a: Great Tusk|0 fnt\n|-unboost|p2a: Gholdengo|spa|1\n|faint|p1a: Great Tusk\n|\n|upkeep\n|\n|t:|1700049872\n|switch|p1a: Kingambit|Kingambit, M, shiny|100\/100\n|-item|p1a: Kingambit|Air Balloon\n|turn|4\n|\n|t:|1700049886\n|switch|p2a: Ting-Lu|Ting-Lu|100\/100\n|move|p1a: Kingambit|Swords Dance|p1a: Kingambit\n|-boost|p1a: Kingambit|atk|2\n|\n|-status|p2a: Ting-Lu|tox|[from] item: Toxic Orb\n|upkeep\n|turn|5\n|\n|t:|1700049895\n|move|p1a: Kingambit|Low Kick|p2a: Ting-Lu\n|-supereffective|p2a: Ting-Lu\n|-damage|p2a: Ting-Lu|0 fnt\n|faint|p2a: Ting-Lu\n|\n|upkeep\n|inactive|Penter has 120 seconds left.\n|\n|t:|1700049926\n|switch|p2a: Manaphy|Manaphy|100\/100\n|turn|6\n|\n|t:|1700049933\n|move|p1a: Kingambit|Sucker Punch||[still]\n|-fail|p1a: Kingambit\n|move|p2a: Manaphy|Substitute|p2a: Manaphy\n|-start|p2a: Manaphy|Substitute\n|-damage|p2a: Manaphy|75\/100\n|\n|-status|p2a: Manaphy|tox|[from] item: Toxic Orb\n|upkeep\n|turn|7\n|inactive|Penter has 120 seconds left.\n|\n|t:|1700049958\n|move|p2a: Manaphy|Scald|p1a: Kingambit\n|-damage|p1a: Kingambit|68\/100\n|-status|p1a: Kingambit|brn\n|-enditem|p1a: Kingambit|Air Balloon\n|move|p1a: Kingambit|Iron Head|p2a: Manaphy\n|-resisted|p2a: Manaphy\n|-activate|p2a: Manaphy|move: Substitute|[damage]\n|\n|-heal|p2a: Manaphy|88\/100 tox|[from] ability: Poison Heal\n|-damage|p1a: Kingambit|62\/100 brn|[from] brn\n|upkeep\n|turn|8\n|\n|t:|1700049980\n|move|p2a: Manaphy|Take Heart|p2a: Manaphy\n|-boost|p2a: Manaphy|spa|1\n|-boost|p2a: Manaphy|spd|1\n|-curestatus|p2a: Manaphy|tox|[msg]\n|move|p1a: Kingambit|Swords Dance|p1a: Kingambit\n|-boost|p1a: Kingambit|atk|2\n|\n|-damage|p1a: Kingambit|56\/100 brn|[from] brn\n|-status|p2a: Manaphy|tox|[from] item: Toxic Orb\n|upkeep\n|turn|9\n|\n|t:|1700049985\n|move|p2a: Manaphy|Scald|p1a: Kingambit\n|-damage|p1a: Kingambit|10\/100 brn\n|move|p1a: Kingambit|Iron Head|p2a: Manaphy\n|-resisted|p2a: Manaphy\n|-end|p2a: Manaphy|Substitute\n|\n|-heal|p2a: Manaphy|99\/100 tox|[from] ability: Poison Heal\n|-damage|p1a: Kingambit|3\/100 brn|[from] brn\n|upkeep\n|turn|10\n|\n|t:|1700049991\n|move|p1a: Kingambit|Sucker Punch||[still]\n|-fail|p1a: Kingambit\n|move|p2a: Manaphy|Substitute|p2a: Manaphy\n|-start|p2a: Manaphy|Substitute\n|-damage|p2a: Manaphy|75\/100 tox\n|\n|-heal|p2a: Manaphy|88\/100 tox|[from] ability: Poison Heal\n|-damage|p1a: Kingambit|0 fnt|[from] brn\n|faint|p1a: Kingambit\n|upkeep\n|\n|t:|1700050007\n|switch|p1a: Rillaboom|Rillaboom, M, shiny|100\/100\n|turn|11\n|inactive|JimRoan has 120 seconds left.\n|j|^RUMYMOME\n|l|\u2606JimRoan\n|inactive|JimRoan disconnected and has a minute to reconnect!\n|player|p1|\n|inactive|JimRoan has 30 seconds to reconnect!\n|inactive|JimRoan has 20 seconds to reconnect!\n|inactive|JimRoan has 15 seconds to reconnect!\n|inactive|JimRoan has 10 seconds to reconnect!\n|inactive|JimRoan has 5 seconds to reconnect!\n|-message|JimRoan lost due to inactivity.\n|\n|win|Penter\n|n|\u2606Penter|penter\n|n|*Lady Monita \u2746|ladymonita\n|n| RUMYMOME|rumymome\n","uploadtime":1700050098,"views":7,"p1id":"jimroan","p2id":"penter","formatid":"gen9ou","rating":0,"private":0,"password":""}