{"id":"gen9ou-1994264832","p1":"LegacyShowden","p2":"whatabeautifulname","format":"[Gen 9] OU","log":"|j|\u2606LegacyShowden\n|j|\u2606whatabeautifulname\n|t:|1700424964\n|gametype|singles\n|player|p1|LegacyShowden|rosa|1483\n|player|p2|whatabeautifulname|brock|1488\n|teamsize|p1|6\n|teamsize|p2|6\n|gen|9\n|tier|[Gen 9] OU\n|rated|\n|rule|Sleep Clause Mod: Limit one foe put to sleep\n|rule|Species Clause: Limit one of each Pok\u00e9mon\n|rule|OHKO Clause: OHKO moves are banned\n|rule|Evasion Items Clause: Evasion items are banned\n|rule|Evasion Moves Clause: Evasion moves are banned\n|rule|Endless Battle Clause: Forcing endless battles is banned\n|rule|HP Percentage Mod: HP is shown in percentages\n|clearpoke\n|poke|p1|Great Tusk|\n|poke|p1|Samurott-Hisui, M|\n|poke|p1|Dragapult, M|\n|poke|p1|Gholdengo|\n|poke|p1|Heatran, M|\n|poke|p1|Rillaboom, M|\n|poke|p2|Zamazenta-*|\n|poke|p2|Ceruledge, M|\n|poke|p2|Cresselia, F|\n|poke|p2|Ogerpon-Cornerstone, F|\n|poke|p2|Tatsugiri, F|\n|poke|p2|Sinistcha|\n|teampreview\n|inactive|Battle timer is ON: inactive players will automatically lose when time's up. (requested by LegacyShowden)\n|\n|t:|1700424972\n|start\n|switch|p1a: Dragapult|Dragapult, M, shiny|100\/100\n|switch|p2a: Zamazenta|Zamazenta|100\/100\n|-ability|p2a: Zamazenta|Dauntless Shield|boost\n|-boost|p2a: Zamazenta|def|1\n|turn|1\n|\n|t:|1700424976\n|move|p1a: Dragapult|Draco Meteor|p2a: Zamazenta\n|-damage|p2a: Zamazenta|24\/100\n|-unboost|p1a: Dragapult|spa|2\n|move|p2a: Zamazenta|Crunch|p1a: Dragapult\n|-supereffective|p1a: Dragapult\n|-damage|p1a: Dragapult|34\/100\n|\n|upkeep\n|turn|2\n|\n|t:|1700424989\n|switch|p2a: Sinistcha|Sinistcha|100\/100\n|move|p1a: Dragapult|Draco Meteor|p2a: Sinistcha\n|-damage|p2a: Sinistcha|48\/100\n|-unboost|p1a: Dragapult|spa|2\n|\n|-heal|p2a: Sinistcha|54\/100|[from] item: Leftovers\n|upkeep\n|turn|3\n|\n|t:|1700424994\n|switch|p1a: Heatran|Heatran, M, shiny|100\/100\n|move|p2a: Sinistcha|Strength Sap|p1a: Heatran\n|-unboost|p1a: Heatran|atk|1\n|-heal|p2a: Sinistcha|100\/100\n|\n|upkeep\n|turn|4\n|\n|t:|1700425010\n|-terastallize|p2a: Sinistcha|Poison\n|move|p2a: Sinistcha|Calm Mind|p2a: Sinistcha\n|-boost|p2a: Sinistcha|spa|1\n|-boost|p2a: Sinistcha|spd|1\n|move|p1a: Heatran|Stealth Rock|p2a: Sinistcha\n|-sidestart|p2: whatabeautifulname|move: Stealth Rock\n|\n|upkeep\n|turn|5\n|\n|t:|1700425014\n|move|p2a: Sinistcha|Calm Mind|p2a: Sinistcha\n|-boost|p2a: Sinistcha|spa|1\n|-boost|p2a: Sinistcha|spd|1\n|move|p1a: Heatran|Magma Storm|p2a: Sinistcha\n|-damage|p2a: Sinistcha|87\/100\n|-activate|p2a: Sinistcha|move: Magma Storm|[of] p1a: Heatran\n|\n|-heal|p2a: Sinistcha|93\/100|[from] item: Leftovers\n|-damage|p2a: Sinistcha|80\/100|[from] move: Magma Storm|[partiallytrapped]\n|upkeep\n|turn|6\n|\n|t:|1700425019\n|move|p2a: Sinistcha|Calm Mind|p2a: Sinistcha\n|-boost|p2a: Sinistcha|spa|1\n|-boost|p2a: Sinistcha|spd|1\n|move|p1a: Heatran|Earth Power|p2a: Sinistcha\n|-supereffective|p2a: Sinistcha\n|-damage|p2a: Sinistcha|54\/100\n|-unboost|p2a: Sinistcha|spd|1\n|\n|-heal|p2a: Sinistcha|60\/100|[from] item: Leftovers\n|-damage|p2a: Sinistcha|48\/100|[from] move: Magma Storm|[partiallytrapped]\n|upkeep\n|turn|7\n|\n|t:|1700425029\n|move|p2a: Sinistcha|Matcha Gotcha|p1a: Heatran\n|-resisted|p1a: Heatran\n|-damage|p1a: Heatran|89\/100\n|-heal|p2a: Sinistcha|55\/100|[from] drain|[of] p1a: Heatran\n|move|p1a: Heatran|Earth Power|p2a: Sinistcha\n|-supereffective|p2a: Sinistcha\n|-damage|p2a: Sinistcha|22\/100\n|-unboost|p2a: Sinistcha|spd|1\n|\n|-heal|p2a: Sinistcha|28\/100|[from] item: Leftovers\n|-heal|p1a: Heatran|95\/100|[from] item: Leftovers\n|-damage|p2a: Sinistcha|15\/100|[from] move: Magma Storm|[partiallytrapped]\n|upkeep\n|turn|8\n|\n|t:|1700425040\n|move|p2a: Sinistcha|Strength Sap|p1a: Heatran\n|-unboost|p1a: Heatran|atk|1\n|-heal|p2a: Sinistcha|47\/100\n|move|p1a: Heatran|Earth Power|p2a: Sinistcha\n|-supereffective|p2a: Sinistcha\n|-damage|p2a: Sinistcha|4\/100\n|\n|-heal|p2a: Sinistcha|10\/100|[from] item: Leftovers\n|-heal|p1a: Heatran|100\/100|[from] item: Leftovers\n|-damage|p2a: Sinistcha|0 fnt|[from] move: Magma Storm|[partiallytrapped]\n|faint|p2a: Sinistcha\n|upkeep\n|\n|t:|1700425057\n|switch|p2a: Tatsugiri|Tatsugiri, F|100\/100\n|-damage|p2a: Tatsugiri|88\/100|[from] Stealth Rock\n|turn|9\n|\n|t:|1700425062\n|switch|p1a: Dragapult|Dragapult, M, shiny|34\/100\n|move|p2a: Tatsugiri|Surf|p1a: Dragapult\n|-resisted|p1a: Dragapult\n|-damage|p1a: Dragapult|2\/100\n|\n|upkeep\n|turn|10\n|\n|t:|1700425067\n|move|p2a: Tatsugiri|Surf|p1a: Dragapult\n|-resisted|p1a: Dragapult\n|-damage|p1a: Dragapult|0 fnt\n|faint|p1a: Dragapult\n|\n|upkeep\n|\n|t:|1700425072\n|switch|p1a: Rillaboom|Rillaboom, M|100\/100\n|-fieldstart|move: Grassy Terrain|[from] ability: Grassy Surge|[of] p1a: Rillaboom\n|turn|11\n|\n|t:|1700425080\n|switch|p2a: Cresselia|Cresselia, F|100\/100\n|-damage|p2a: Cresselia|88\/100|[from] Stealth Rock\n|move|p1a: Rillaboom|Wood Hammer|p2a: Cresselia\n|-damage|p2a: Cresselia|10\/100\n|-damage|p1a: Rillaboom|67\/100|[from] Recoil\n|\n|-heal|p1a: Rillaboom|73\/100|[from] Grassy Terrain\n|-heal|p2a: Cresselia|16\/100|[from] item: Leftovers\n|upkeep\n|turn|12\n|\n|t:|1700425085\n|move|p1a: Rillaboom|Wood Hammer|p2a: Cresselia\n|-damage|p2a: Cresselia|0 fnt\n|faint|p2a: Cresselia\n|-damage|p1a: Rillaboom|66\/100|[from] Recoil\n|\n|-heal|p1a: Rillaboom|73\/100|[from] Grassy Terrain\n|upkeep\n|\n|t:|1700425092\n|switch|p2a: Ceruledge|Ceruledge, M|100\/100\n|-damage|p2a: Ceruledge|76\/100|[from] Stealth Rock\n|turn|13\n|\n|t:|1700425095\n|switch|p1a: Heatran|Heatran, M, shiny|100\/100\n|move|p2a: Ceruledge|Bulk Up|p2a: Ceruledge\n|-boost|p2a: Ceruledge|atk|1\n|-boost|p2a: Ceruledge|def|1\n|\n|-heal|p2a: Ceruledge|82\/100|[from] Grassy Terrain\n|upkeep\n|turn|14\n|\n|t:|1700425107\n|move|p2a: Ceruledge|Bulk Up|p2a: Ceruledge\n|-boost|p2a: Ceruledge|atk|1\n|-boost|p2a: Ceruledge|def|1\n|move|p1a: Heatran|Earth Power|p2a: Ceruledge\n|-supereffective|p2a: Ceruledge\n|-damage|p2a: Ceruledge|41\/100\n|-enditem|p2a: Ceruledge|Weakness Policy\n|-boost|p2a: Ceruledge|atk|2|[from] item: Weakness Policy\n|-boost|p2a: Ceruledge|spa|2|[from] item: Weakness Policy\n|\n|-heal|p2a: Ceruledge|47\/100|[from] Grassy Terrain\n|upkeep\n|turn|15\n|\n|t:|1700425116\n|move|p2a: Ceruledge|Close Combat|p1a: Heatran\n|-supereffective|p1a: Heatran\n|-damage|p1a: Heatran|0 fnt\n|-unboost|p2a: Ceruledge|def|1\n|-unboost|p2a: Ceruledge|spd|1\n|faint|p1a: Heatran\n|\n|-heal|p2a: Ceruledge|53\/100|[from] Grassy Terrain\n|-fieldend|move: Grassy Terrain\n|upkeep\n|\n|t:|1700425134\n|switch|p1a: Great Tusk|Great Tusk|100\/100\n|turn|16\n|\n|t:|1700425137\n|move|p1a: Great Tusk|Earthquake|p2a: Ceruledge\n|-supereffective|p2a: Ceruledge\n|-damage|p2a: Ceruledge|0 fnt\n|faint|p2a: Ceruledge\n|\n|upkeep\n|\n|t:|1700425146\n|switch|p2a: Ogerpon|Ogerpon-Cornerstone, F|100\/100\n|-damage|p2a: Ogerpon|88\/100|[from] Stealth Rock\n|turn|17\n|\n|t:|1700425152\n|move|p2a: Ogerpon|Spiky Shield|p2a: Ogerpon\n|-singleturn|p2a: Ogerpon|move: Protect\n|move|p1a: Great Tusk|Rapid Spin|p2a: Ogerpon\n|-activate|p2a: Ogerpon|move: Protect\n|-damage|p1a: Great Tusk|88\/100|[from] Spiky Shield|[of] p2a: Ogerpon\n|\n|upkeep\n|turn|18\n|-message|whatabeautifulname forfeited.\n|\n|win|LegacyShowden\n|raw|LegacyShowden's rating: 1483 &rarr; <strong>1503<\/strong><br \/>(+20 for winning)\n|raw|whatabeautifulname's rating: 1488 &rarr; <strong>1468<\/strong><br \/>(-20 for losing)\n|l|\u2606whatabeautifulname\n","uploadtime":1700425168,"views":14,"p1id":"legacyshowden","p2id":"whatabeautifulname","formatid":"gen9ou","rating":1468,"private":0,"password":""}