{"id":"gen9ou-2000009883","p1":"Rj457","p2":"Fumimico","format":"[Gen 9] OU","log":"|j|\u2606Rj457\n|j|\u2606Fumimico\n|t:|1701140752\n|gametype|singles\n|player|p1|Rj457|102|1561\n|player|p2|Fumimico|lady|1552\n|teamsize|p1|6\n|teamsize|p2|6\n|gen|9\n|tier|[Gen 9] OU\n|rated|\n|rule|Sleep Clause Mod: Limit one foe put to sleep\n|rule|Species Clause: Limit one of each Pok\u00e9mon\n|rule|OHKO Clause: OHKO moves are banned\n|rule|Evasion Items Clause: Evasion items are banned\n|rule|Evasion Moves Clause: Evasion moves are banned\n|rule|Endless Battle Clause: Forcing endless battles is banned\n|rule|HP Percentage Mod: HP is shown in percentages\n|clearpoke\n|poke|p1|Garganacl, M|\n|poke|p1|Alomomola, M|\n|poke|p1|Dragonite, F|\n|poke|p1|Great Tusk|\n|poke|p1|Amoonguss, F|\n|poke|p1|Dragapult, M|\n|poke|p2|Moltres-Galar|\n|poke|p2|Ting-Lu|\n|poke|p2|Heatran, F|\n|poke|p2|Great Tusk|\n|poke|p2|Gholdengo|\n|poke|p2|Rillaboom, M|\n|teampreview\n|inactive|Battle timer is ON: inactive players will automatically lose when time's up. (requested by Fumimico)\n|\n|t:|1701140764\n|start\n|switch|p1a: Garganacl|Garganacl, M|100\/100\n|switch|p2a: Ting-Lu|Ting-Lu|100\/100\n|-ability|p2a: Ting-Lu|Vessel of Ruin\n|turn|1\n|\n|t:|1701140769\n|move|p2a: Ting-Lu|Spikes|p1a: Garganacl\n|-sidestart|p1: Rj457|Spikes\n|move|p1a: Garganacl|Salt Cure|p2a: Ting-Lu\n|-resisted|p2a: Ting-Lu\n|-damage|p2a: Ting-Lu|97\/100\n|-start|p2a: Ting-Lu|Salt Cure\n|\n|-heal|p2a: Ting-Lu|100\/100|[from] item: Leftovers\n|-damage|p2a: Ting-Lu|88\/100|[from] Salt Cure\n|upkeep\n|turn|2\n|\n|t:|1701140775\n|switch|p1a: Great Tusk|Great Tusk|100\/100\n|-damage|p1a: Great Tusk|88\/100|[from] Spikes\n|move|p2a: Ting-Lu|Spikes|p1a: Great Tusk\n|-sidestart|p1: Rj457|Spikes\n|\n|-heal|p2a: Ting-Lu|94\/100|[from] item: Leftovers\n|-damage|p2a: Ting-Lu|82\/100|[from] Salt Cure\n|upkeep\n|turn|3\n|\n|t:|1701140781\n|move|p1a: Great Tusk|Knock Off|p2a: Ting-Lu\n|-resisted|p2a: Ting-Lu\n|-damage|p2a: Ting-Lu|75\/100\n|-enditem|p2a: Ting-Lu|Leftovers|[from] move: Knock Off|[of] p1a: Great Tusk\n|move|p2a: Ting-Lu|Whirlwind|p1a: Great Tusk\n|-end|p1a: Great Tusk|Protosynthesis|[silent]\n|drag|p1a: Dragonite|Dragonite, F|100\/100\n|\n|-damage|p2a: Ting-Lu|63\/100|[from] Salt Cure\n|upkeep\n|turn|4\n|\n|t:|1701140789\n|switch|p1a: Great Tusk|Great Tusk|88\/100\n|-damage|p1a: Great Tusk|72\/100|[from] Spikes\n|switch|p2a: Great Tusk|Great Tusk|100\/100\n|\n|upkeep\n|turn|5\n|\n|t:|1701140795\n|-end|p2a: Great Tusk|Protosynthesis|[silent]\n|switch|p2a: Gholdengo|Gholdengo|100\/100\n|-item|p2a: Gholdengo|Air Balloon\n|move|p1a: Great Tusk|Rapid Spin|p2a: Gholdengo\n|-immune|p2a: Gholdengo\n|\n|upkeep\n|turn|6\n|\n|t:|1701140802\n|move|p1a: Great Tusk|Knock Off|p2a: Gholdengo\n|-supereffective|p2a: Gholdengo\n|-damage|p2a: Gholdengo|34\/100\n|-enditem|p2a: Gholdengo|Air Balloon\n|move|p2a: Gholdengo|Make It Rain|p1a: Great Tusk\n|-damage|p1a: Great Tusk|0 fnt\n|-unboost|p2a: Gholdengo|spa|1\n|faint|p1a: Great Tusk\n|-end|p1a: Great Tusk|Protosynthesis|[silent]\n|\n|upkeep\n|\n|t:|1701140815\n|switch|p1a: Dragapult|Dragapult, M|100\/100\n|-damage|p1a: Dragapult|84\/100|[from] Spikes\n|turn|7\n|\n|t:|1701140820\n|switch|p2a: Ting-Lu|Ting-Lu|63\/100\n|-ability|p2a: Ting-Lu|Vessel of Ruin\n|move|p1a: Dragapult|Shadow Ball|p2a: Ting-Lu\n|-resisted|p2a: Ting-Lu\n|-damage|p2a: Ting-Lu|49\/100\n|-unboost|p2a: Ting-Lu|spd|1\n|\n|upkeep\n|turn|8\n|\n|t:|1701140832\n|switch|p1a: Garganacl|Garganacl, M|100\/100\n|-damage|p1a: Garganacl|84\/100|[from] Spikes\n|move|p2a: Ting-Lu|Spikes|p1a: Garganacl\n|-sidestart|p1: Rj457|Spikes\n|\n|-heal|p1a: Garganacl|90\/100|[from] item: Leftovers\n|upkeep\n|turn|9\n|\n|t:|1701140838\n|move|p2a: Ting-Lu|Earthquake|p1a: Garganacl\n|-supereffective|p1a: Garganacl\n|-damage|p1a: Garganacl|44\/100\n|move|p1a: Garganacl|Salt Cure|p2a: Ting-Lu\n|-resisted|p2a: Ting-Lu\n|-crit|p2a: Ting-Lu\n|-damage|p2a: Ting-Lu|44\/100\n|-start|p2a: Ting-Lu|Salt Cure\n|\n|-heal|p1a: Garganacl|50\/100|[from] item: Leftovers\n|-damage|p2a: Ting-Lu|31\/100|[from] Salt Cure\n|upkeep\n|turn|10\n|\n|t:|1701140842\n|move|p1a: Garganacl|Recover|p1a: Garganacl\n|-heal|p1a: Garganacl|99\/100\n|move|p2a: Ting-Lu|Whirlwind|p1a: Garganacl\n|drag|p1a: Amoonguss|Amoonguss, F|100\/100\n|-damage|p1a: Amoonguss|75\/100|[from] Spikes\n|\n|-damage|p2a: Ting-Lu|19\/100|[from] Salt Cure\n|upkeep\n|turn|11\n|\n|t:|1701140850\n|switch|p1a: Alomomola|Alomomola, M|100\/100\n|move|p2a: Ting-Lu|Whirlwind|p1a: Alomomola\n|drag|p1a: Dragonite|Dragonite, F|100\/100\n|\n|-damage|p2a: Ting-Lu|7\/100|[from] Salt Cure\n|upkeep\n|turn|12\n|\n|t:|1701140858\n|move|p1a: Dragonite|Earthquake|p2a: Ting-Lu\n|-damage|p2a: Ting-Lu|0 fnt\n|faint|p2a: Ting-Lu\n|\n|upkeep\n|\n|t:|1701140863\n|switch|p2a: Great Tusk|Great Tusk|100\/100\n|turn|13\n|\n|t:|1701140869\n|switch|p1a: Alomomola|Alomomola, M|100\/100\n|move|p2a: Great Tusk|Ice Spinner|p1a: Alomomola\n|-resisted|p1a: Alomomola\n|-damage|p1a: Alomomola|94\/100\n|\n|upkeep\n|turn|14\n|\n|t:|1701140874\n|-end|p2a: Great Tusk|Protosynthesis|[silent]\n|switch|p2a: Rillaboom|Rillaboom, M|100\/100\n|-fieldstart|move: Grassy Terrain|[from] ability: Grassy Surge|[of] p2a: Rillaboom\n|move|p1a: Alomomola|Scald|p2a: Rillaboom\n|-resisted|p2a: Rillaboom\n|-damage|p2a: Rillaboom|92\/100\n|-status|p2a: Rillaboom|brn\n|\n|-heal|p2a: Rillaboom|98\/100 brn|[from] Grassy Terrain\n|-heal|p1a: Alomomola|99\/100|[from] Grassy Terrain\n|-damage|p2a: Rillaboom|92\/100 brn|[from] brn\n|upkeep\n|turn|15\n|\n|t:|1701140883\n|switch|p1a: Dragonite|Dragonite, F|100\/100\n|move|p2a: Rillaboom|Knock Off|p1a: Dragonite\n|-damage|p1a: Dragonite|86\/100\n|-enditem|p1a: Dragonite|Heavy-Duty Boots|[from] move: Knock Off|[of] p2a: Rillaboom\n|\n|-heal|p2a: Rillaboom|98\/100 brn|[from] Grassy Terrain\n|-damage|p2a: Rillaboom|92\/100 brn|[from] brn\n|upkeep\n|turn|16\n|\n|t:|1701140893\n|switch|p2a: Great Tusk|Great Tusk|100\/100\n|move|p1a: Dragonite|Dragon Dance|p1a: Dragonite\n|-boost|p1a: Dragonite|atk|1\n|-boost|p1a: Dragonite|spe|1\n|\n|upkeep\n|turn|17\n|\n|t:|1701140900\n|-terastallize|p1a: Dragonite|Normal\n|move|p1a: Dragonite|Extreme Speed|p2a: Great Tusk\n|-damage|p2a: Great Tusk|60\/100\n|move|p2a: Great Tusk|Ice Spinner|p1a: Dragonite\n|-damage|p1a: Dragonite|59\/100\n|-fieldend|move: Grassy Terrain\n|\n|-heal|p2a: Great Tusk|66\/100|[from] item: Leftovers\n|upkeep\n|turn|18\n|\n|t:|1701140906\n|move|p1a: Dragonite|Extreme Speed|p2a: Great Tusk\n|-damage|p2a: Great Tusk|20\/100\n|move|p2a: Great Tusk|Close Combat|p1a: Dragonite\n|-supereffective|p1a: Dragonite\n|-damage|p1a: Dragonite|0 fnt\n|-unboost|p2a: Great Tusk|def|1\n|-unboost|p2a: Great Tusk|spd|1\n|faint|p1a: Dragonite\n|\n|-heal|p2a: Great Tusk|26\/100|[from] item: Leftovers\n|upkeep\n|\n|t:|1701140914\n|switch|p1a: Dragapult|Dragapult, M|84\/100\n|-damage|p1a: Dragapult|59\/100|[from] Spikes\n|turn|19\n|\n|t:|1701140919\n|-end|p2a: Great Tusk|Protosynthesis|[silent]\n|switch|p2a: Heatran|Heatran, F|100\/100\n|move|p1a: Dragapult|Shadow Ball|p2a: Heatran\n|-damage|p2a: Heatran|69\/100\n|\n|-heal|p2a: Heatran|75\/100|[from] item: Leftovers\n|upkeep\n|turn|20\n|\n|t:|1701140926\n|switch|p1a: Alomomola|Alomomola, M|100\/100\n|move|p2a: Heatran|Stealth Rock|p1a: Alomomola\n|-sidestart|p1: Rj457|move: Stealth Rock\n|\n|-heal|p2a: Heatran|81\/100|[from] item: Leftovers\n|upkeep\n|turn|21\n|\n|t:|1701140932\n|move|p2a: Heatran|Taunt|p1a: Alomomola\n|-start|p1a: Alomomola|move: Taunt\n|move|p1a: Alomomola|Flip Turn|p2a: Heatran\n|-supereffective|p2a: Heatran\n|-damage|p2a: Heatran|54\/100\n|\n|t:|1701140936\n|switch|p1a: Garganacl|Garganacl, M|99\/100|[from] Flip Turn\n|-damage|p1a: Garganacl|75\/100|[from] Spikes\n|-damage|p1a: Garganacl|63\/100|[from] Stealth Rock\n|\n|-heal|p2a: Heatran|60\/100|[from] item: Leftovers\n|-heal|p1a: Garganacl|69\/100|[from] item: Leftovers\n|upkeep\n|turn|22\n|\n|t:|1701140944\n|switch|p2a: Rillaboom|Rillaboom, M|92\/100 brn\n|-fieldstart|move: Grassy Terrain|[from] ability: Grassy Surge|[of] p2a: Rillaboom\n|move|p1a: Garganacl|Salt Cure|p2a: Rillaboom\n|-damage|p2a: Rillaboom|78\/100 brn\n|-start|p2a: Rillaboom|Salt Cure\n|\n|-heal|p2a: Rillaboom|84\/100 brn|[from] Grassy Terrain\n|-heal|p1a: Garganacl|75\/100|[from] Grassy Terrain\n|-heal|p1a: Garganacl|81\/100|[from] item: Leftovers\n|-damage|p2a: Rillaboom|78\/100 brn|[from] brn\n|-damage|p2a: Rillaboom|65\/100 brn|[from] Salt Cure\n|upkeep\n|turn|23\n|\n|t:|1701140957\n|switch|p1a: Alomomola|Alomomola, M|100\/100\n|move|p2a: Rillaboom|U-turn|p1a: Alomomola\n|-damage|p1a: Alomomola|88\/100\n|\n|t:|1701140966\n|switch|p2a: Gholdengo|Gholdengo|34\/100|[from] U-turn\n|\n|-heal|p2a: Gholdengo|40\/100|[from] Grassy Terrain\n|-heal|p1a: Alomomola|95\/100|[from] Grassy Terrain\n|upkeep\n|turn|24\n|\n|t:|1701140971\n|move|p2a: Gholdengo|Recover|p2a: Gholdengo\n|-heal|p2a: Gholdengo|90\/100\n|move|p1a: Alomomola|Flip Turn|p2a: Gholdengo\n|-damage|p2a: Gholdengo|75\/100\n|\n|t:|1701140974\n|switch|p1a: Garganacl|Garganacl, M|81\/100|[from] Flip Turn\n|-damage|p1a: Garganacl|56\/100|[from] Spikes\n|-damage|p1a: Garganacl|44\/100|[from] Stealth Rock\n|\n|-heal|p2a: Gholdengo|81\/100|[from] Grassy Terrain\n|-heal|p1a: Garganacl|50\/100|[from] Grassy Terrain\n|-heal|p1a: Garganacl|56\/100|[from] item: Leftovers\n|upkeep\n|turn|25\n|\n|t:|1701140977\n|move|p2a: Gholdengo|Make It Rain|p1a: Garganacl\n|-supereffective|p1a: Garganacl\n|-damage|p1a: Garganacl|0 fnt\n|-unboost|p2a: Gholdengo|spa|1\n|faint|p1a: Garganacl\n|\n|-heal|p2a: Gholdengo|87\/100|[from] Grassy Terrain\n|upkeep\n|\n|t:|1701140979\n|switch|p1a: Dragapult|Dragapult, M|59\/100\n|-damage|p1a: Dragapult|34\/100|[from] Spikes\n|-damage|p1a: Dragapult|22\/100|[from] Stealth Rock\n|turn|26\n|-message|Rj457 forfeited.\n|\n|win|Fumimico\n|raw|Rj457's rating: 1561 &rarr; <strong>1540<\/strong><br \/>(-21 for losing)\n|raw|Fumimico's rating: 1552 &rarr; <strong>1573<\/strong><br \/>(+21 for winning)\n|l|\u2606Rj457\n","uploadtime":1701140987,"views":4,"p1id":"rj457","p2id":"fumimico","formatid":"gen9ou","rating":1540,"private":0,"password":""}