{"id":"gen9ou-1996696493","p1":"Username momento","p2":"TNFOREVER","format":"[Gen 9] OU","log":"|j|\u2606Username momento\n|j|\u2606TNFOREVER\n|t:|1700710972\n|gametype|singles\n|player|p1|Username momento|ninjaboy|1583\n|player|p2|TNFOREVER|shadowtriad|1585\n|teamsize|p1|6\n|teamsize|p2|6\n|gen|9\n|tier|[Gen 9] OU\n|rated|\n|rule|Sleep Clause Mod: Limit one foe put to sleep\n|rule|Species Clause: Limit one of each Pok\u00e9mon\n|rule|OHKO Clause: OHKO moves are banned\n|rule|Evasion Items Clause: Evasion items are banned\n|rule|Evasion Moves Clause: Evasion moves are banned\n|rule|Endless Battle Clause: Forcing endless battles is banned\n|rule|HP Percentage Mod: HP is shown in percentages\n|clearpoke\n|poke|p1|Meowscarada, M|\n|poke|p1|Kingambit, M|\n|poke|p1|Zapdos|\n|poke|p1|Zamazenta-*|\n|poke|p1|Great Tusk|\n|poke|p1|Iron Moth|\n|poke|p2|Maushold|\n|poke|p2|Samurott-Hisui, M|\n|poke|p2|Kingambit, M|\n|poke|p2|Garganacl, F|\n|poke|p2|Amoonguss, M|\n|poke|p2|Weavile, F|\n|teampreview\n|inactive|Battle timer is ON: inactive players will automatically lose when time's up. (requested by TNFOREVER)\n|\n|t:|1700710990\n|start\n|switch|p1a: Meowscarada|Meowscarada, M|100\/100\n|switch|p2a: Weavile|Weavile, F|100\/100\n|-ability|p2a: Weavile|Pressure\n|turn|1\n|\n|t:|1700710996\n|switch|p1a: Zamazenta|Zamazenta|100\/100\n|-ability|p1a: Zamazenta|Dauntless Shield|boost\n|-boost|p1a: Zamazenta|def|1\n|move|p2a: Weavile|Knock Off|p1a: Zamazenta\n|-resisted|p1a: Zamazenta\n|-crit|p1a: Zamazenta\n|-damage|p1a: Zamazenta|73\/100\n|-enditem|p1a: Zamazenta|Leftovers|[from] move: Knock Off|[of] p2a: Weavile\n|\n|upkeep\n|turn|2\n|\n|t:|1700711000\n|switch|p2a: Amoonguss|Amoonguss, M, shiny|100\/100\n|move|p1a: Zamazenta|Body Press|p2a: Amoonguss\n|-resisted|p2a: Amoonguss\n|-damage|p2a: Amoonguss|79\/100\n|-enditem|p2a: Amoonguss|Red Card|[of] p1a: Zamazenta\n|drag|p1a: Great Tusk|Great Tusk|100\/100\n|\n|upkeep\n|turn|3\n|\n|t:|1700711007\n|move|p1a: Great Tusk|Ice Spinner|p2a: Amoonguss\n|-supereffective|p2a: Amoonguss\n|-damage|p2a: Amoonguss|37\/100\n|move|p2a: Amoonguss|Sludge Bomb|p1a: Great Tusk\n|-resisted|p1a: Great Tusk\n|-damage|p1a: Great Tusk|88\/100\n|\n|upkeep\n|turn|4\n|\n|t:|1700711021\n|switch|p2a: Samurott|Samurott-Hisui, M, shiny|100\/100\n|move|p1a: Great Tusk|Earthquake|p2a: Samurott\n|-damage|p2a: Samurott|36\/100\n|\n|upkeep\n|turn|5\n|\n|t:|1700711047\n|move|p2a: Samurott|Aqua Jet|p1a: Great Tusk\n|-supereffective|p1a: Great Tusk\n|-damage|p1a: Great Tusk|49\/100\n|move|p1a: Great Tusk|Earthquake|p2a: Samurott\n|-damage|p2a: Samurott|0 fnt\n|faint|p2a: Samurott\n|\n|upkeep\n|\n|t:|1700711053\n|switch|p2a: Weavile|Weavile, F|100\/100\n|-ability|p2a: Weavile|Pressure\n|turn|6\n|\n|t:|1700711066\n|-end|p1a: Great Tusk|Protosynthesis|[silent]\n|switch|p1a: Iron Moth|Iron Moth|100\/100\n|-enditem|p1a: Iron Moth|Booster Energy\n|-activate|p1a: Iron Moth|ability: Quark Drive|[fromitem]\n|-start|p1a: Iron Moth|quarkdrivespe\n|move|p2a: Weavile|Ice Spinner|p1a: Iron Moth\n|-resisted|p1a: Iron Moth\n|-damage|p1a: Iron Moth|75\/100\n|\n|upkeep\n|turn|7\n|\n|t:|1700711071\n|switch|p2a: Garganacl|Garganacl, F|100\/100\n|move|p1a: Iron Moth|Fiery Dance|p2a: Garganacl\n|-resisted|p2a: Garganacl\n|-damage|p2a: Garganacl|86\/100\n|-boost|p1a: Iron Moth|spa|1\n|\n|-heal|p2a: Garganacl|93\/100|[from] item: Leftovers\n|upkeep\n|turn|8\n|\n|t:|1700711089\n|-terastallize|p1a: Iron Moth|Ground\n|move|p1a: Iron Moth|Tera Blast|p2a: Garganacl|[anim] Tera Blast Ground\n|-supereffective|p2a: Garganacl\n|-damage|p2a: Garganacl|11\/100\n|move|p2a: Garganacl|Salt Cure|p1a: Iron Moth\n|-resisted|p1a: Iron Moth\n|-damage|p1a: Iron Moth|65\/100\n|-start|p1a: Iron Moth|Salt Cure\n|\n|-heal|p2a: Garganacl|17\/100|[from] item: Leftovers\n|-damage|p1a: Iron Moth|52\/100|[from] Salt Cure\n|upkeep\n|turn|9\n|\n|t:|1700711103\n|move|p1a: Iron Moth|Fiery Dance|p2a: Garganacl\n|-resisted|p2a: Garganacl\n|-damage|p2a: Garganacl|0 fnt\n|faint|p2a: Garganacl\n|\n|-damage|p1a: Iron Moth|40\/100|[from] Salt Cure\n|upkeep\n|\n|t:|1700711105\n|switch|p2a: Weavile|Weavile, F|100\/100\n|-ability|p2a: Weavile|Pressure\n|turn|10\n|\n|t:|1700711109\n|-end|p1a: Iron Moth|Quark Drive|[silent]\n|switch|p1a: Zamazenta|Zamazenta|73\/100\n|move|p2a: Weavile|Ice Spinner|p1a: Zamazenta\n|-damage|p1a: Zamazenta|42\/100\n|\n|upkeep\n|turn|11\n|\n|t:|1700711115\n|switch|p1a: Iron Moth|Iron Moth, tera:Ground|40\/100\n|switch|p2a: Amoonguss|Amoonguss, M, shiny|70\/100\n|\n|upkeep\n|turn|12\n|\n|t:|1700711128\n|switch|p2a: Maushold|Maushold|100\/100\n|move|p1a: Iron Moth|Fiery Dance|p2a: Maushold\n|-damage|p2a: Maushold|40\/100\n|\n|upkeep\n|turn|13\n|\n|t:|1700711144\n|-end|p1a: Iron Moth|Quark Drive|[silent]\n|switch|p1a: Zapdos|Zapdos|100\/100\n|move|p2a: Maushold|Population Bomb|p1a: Zapdos\n|-damage|p1a: Zapdos|92\/100\n|-damage|p1a: Zapdos|84\/100\n|-damage|p1a: Zapdos|75\/100\n|-status|p2a: Maushold|par|[from] ability: Static|[of] p1a: Zapdos\n|-damage|p1a: Zapdos|67\/100\n|-damage|p1a: Zapdos|60\/100\n|-damage|p1a: Zapdos|53\/100\n|-damage|p1a: Zapdos|45\/100\n|-damage|p1a: Zapdos|36\/100\n|-damage|p1a: Zapdos|28\/100\n|-damage|p1a: Zapdos|20\/100\n|-hitcount|p1a: Zapdos|10\n|\n|upkeep\n|turn|14\n|\n|t:|1700711152\n|switch|p2a: Kingambit|Kingambit, M|100\/100\n|-activate|p2a: Kingambit|ability: Supreme Overlord\n|-start|p2a: Kingambit|fallen2|[silent]\n|move|p1a: Zapdos|Volt Switch|p2a: Kingambit\n|-damage|p2a: Kingambit|70\/100\n|\n|t:|1700711159\n|switch|p1a: Great Tusk|Great Tusk|49\/100|[from] Volt Switch\n|\n|-heal|p2a: Kingambit|76\/100|[from] item: Leftovers\n|upkeep\n|turn|15\n|\n|t:|1700711163\n|-end|p2a: Kingambit|fallen2|[silent]\n|switch|p2a: Amoonguss|Amoonguss, M, shiny|100\/100\n|move|p1a: Great Tusk|Earthquake|p2a: Amoonguss\n|-damage|p2a: Amoonguss|63\/100\n|\n|upkeep\n|turn|16\n|\n|t:|1700711171\n|move|p1a: Great Tusk|Ice Spinner|p2a: Amoonguss\n|-supereffective|p2a: Amoonguss\n|-damage|p2a: Amoonguss|20\/100\n|move|p2a: Amoonguss|Spore|p1a: Great Tusk\n|-status|p1a: Great Tusk|slp|[from] move: Spore\n|\n|upkeep\n|turn|17\n|\n|t:|1700711178\n|-end|p1a: Great Tusk|Protosynthesis|[silent]\n|switch|p1a: Zapdos|Zapdos|20\/100\n|switch|p2a: Weavile|Weavile, F|100\/100\n|-ability|p2a: Weavile|Pressure\n|\n|upkeep\n|turn|18\n|\n|t:|1700711187\n|switch|p1a: Kingambit|Kingambit, M|100\/100\n|move|p2a: Weavile|Ice Shard|p1a: Kingambit\n|-resisted|p1a: Kingambit\n|-damage|p1a: Kingambit|93\/100\n|\n|-heal|p1a: Kingambit|99\/100|[from] item: Leftovers\n|upkeep\n|turn|19\n|\n|t:|1700711191\n|switch|p2a: Kingambit|Kingambit, M|76\/100\n|-activate|p2a: Kingambit|ability: Supreme Overlord\n|-start|p2a: Kingambit|fallen2|[silent]\n|move|p1a: Kingambit|Iron Head|p2a: Kingambit\n|-resisted|p2a: Kingambit\n|-damage|p2a: Kingambit|57\/100\n|\n|-heal|p2a: Kingambit|63\/100|[from] item: Leftovers\n|-heal|p1a: Kingambit|100\/100|[from] item: Leftovers\n|upkeep\n|turn|20\n|\n|t:|1700711196\n|-end|p1a: Kingambit|fallenundefined|[silent]\n|switch|p1a: Zamazenta|Zamazenta|42\/100\n|move|p2a: Kingambit|Low Kick|p1a: Zamazenta\n|-damage|p1a: Zamazenta|0 fnt\n|faint|p1a: Zamazenta\n|\n|-heal|p2a: Kingambit|69\/100|[from] item: Leftovers\n|upkeep\n|\n|t:|1700711203\n|switch|p1a: Iron Moth|Iron Moth, tera:Ground|40\/100\n|turn|21\n|\n|t:|1700711219\n|-end|p2a: Kingambit|fallen2|[silent]\n|switch|p2a: Maushold|Maushold|40\/100 par\n|move|p1a: Iron Moth|Fiery Dance|p2a: Maushold\n|-damage|p2a: Maushold|0 fnt\n|-boost|p1a: Iron Moth|spa|1\n|faint|p2a: Maushold\n|\n|upkeep\n|\n|t:|1700711221\n|switch|p2a: Weavile|Weavile, F|100\/100\n|-ability|p2a: Weavile|Pressure\n|turn|22\n|\n|t:|1700711230\n|switch|p2a: Kingambit|Kingambit, M|69\/100\n|-activate|p2a: Kingambit|ability: Supreme Overlord\n|-start|p2a: Kingambit|fallen3|[silent]\n|move|p1a: Iron Moth|Fiery Dance|p2a: Kingambit\n|-supereffective|p2a: Kingambit\n|-damage|p2a: Kingambit|0 fnt\n|faint|p2a: Kingambit\n|-end|p2a: Kingambit|fallen3|[silent]\n|\n|upkeep\n|\n|t:|1700711232\n|switch|p2a: Weavile|Weavile, F|100\/100\n|-ability|p2a: Weavile|Pressure\n|turn|23\n|\n|t:|1700711239\n|-end|p1a: Iron Moth|Quark Drive|[silent]\n|switch|p1a: Kingambit|Kingambit, M|100\/100\n|-activate|p1a: Kingambit|ability: Supreme Overlord\n|-start|p1a: Kingambit|fallen1|[silent]\n|move|p2a: Weavile|Knock Off|p1a: Kingambit\n|-resisted|p1a: Kingambit\n|-damage|p1a: Kingambit|83\/100\n|-enditem|p1a: Kingambit|Leftovers|[from] move: Knock Off|[of] p2a: Weavile\n|\n|upkeep\n|turn|24\n|\n|t:|1700711244\n|switch|p2a: Amoonguss|Amoonguss, M, shiny|54\/100\n|move|p1a: Kingambit|Iron Head|p2a: Amoonguss\n|-damage|p2a: Amoonguss|18\/100\n|\n|upkeep\n|turn|25\n|-message|TNFOREVER forfeited.\n|\n|win|Username momento\n|raw|Username momento's rating: 1583 &rarr; <strong>1603<\/strong><br \/>(+20 for winning)\n|raw|TNFOREVER's rating: 1585 &rarr; <strong>1565<\/strong><br \/>(-20 for losing)\n|l|\u2606TNFOREVER\n","uploadtime":1700711251,"views":3,"p1id":"usernamemomento","p2id":"tnforever","formatid":"gen9ou","rating":1565,"private":0,"password":""}