{"id":"gen9ou-1995124503","p1":"Midmol","p2":"diditdone","format":"[Gen 9] OU","log":"|j|\u2606Midmol\n|j|\u2606diditdone\n|t:|1700525268\n|gametype|singles\n|player|p1|Midmol|hilbert|1500\n|player|p2|diditdone|will-gen2|1524\n|teamsize|p1|6\n|teamsize|p2|6\n|gen|9\n|tier|[Gen 9] OU\n|rated|\n|rule|Sleep Clause Mod: Limit one foe put to sleep\n|rule|Species Clause: Limit one of each Pok\u00e9mon\n|rule|OHKO Clause: OHKO moves are banned\n|rule|Evasion Items Clause: Evasion items are banned\n|rule|Evasion Moves Clause: Evasion moves are banned\n|rule|Endless Battle Clause: Forcing endless battles is banned\n|rule|HP Percentage Mod: HP is shown in percentages\n|clearpoke\n|poke|p1|Garchomp, F|\n|poke|p1|Walking Wake|\n|poke|p1|Torkoal, F|\n|poke|p1|Scream Tail|\n|poke|p1|Zapdos|\n|poke|p1|Lilligant-Hisui, F|\n|poke|p2|Glimmora, F|\n|poke|p2|Iron Valiant|\n|poke|p2|Kingambit, F|\n|poke|p2|Iron Moth|\n|poke|p2|Zamazenta-*|\n|poke|p2|Ogerpon-Wellspring, F|\n|teampreview\n|inactive|Battle timer is ON: inactive players will automatically lose when time's up. (requested by Midmol)\n|\n|t:|1700525282\n|start\n|switch|p1a: Zapdos|Zapdos, shiny|100\/100\n|switch|p2a: Glimmora|Glimmora, F|100\/100\n|turn|1\n|\n|t:|1700525294\n|move|p1a: Zapdos|Discharge|p2a: Glimmora\n|-damage|p2a: Glimmora|58\/100\n|move|p2a: Glimmora|Stealth Rock|p1a: Zapdos\n|-sidestart|p1: Midmol|move: Stealth Rock\n|\n|upkeep\n|turn|2\n|\n|t:|1700525299\n|move|p1a: Zapdos|Discharge|p2a: Glimmora\n|-damage|p2a: Glimmora|16\/100\n|-status|p2a: Glimmora|par\n|cant|p2a: Glimmora|par\n|\n|upkeep\n|turn|3\n|\n|t:|1700525311\n|move|p1a: Zapdos|Volt Switch|p2a: Glimmora\n|-damage|p2a: Glimmora|0 fnt\n|faint|p2a: Glimmora\n|\n|t:|1700525314\n|switch|p1a: Torkoal|Torkoal, F|100\/100|[from] Volt Switch\n|-damage|p1a: Torkoal|76\/100|[from] Stealth Rock\n|-weather|SunnyDay|[from] ability: Drought|[of] p1a: Torkoal\n|\n|-weather|SunnyDay|[upkeep]\n|upkeep\n|\n|t:|1700525342\n|switch|p2a: Ogerpon|Ogerpon-Wellspring, F|100\/100\n|turn|4\n|\n|t:|1700525347\n|move|p2a: Ogerpon|Knock Off|p1a: Torkoal\n|-damage|p1a: Torkoal|55\/100\n|-enditem|p1a: Torkoal|Heat Rock|[from] move: Knock Off|[of] p2a: Ogerpon\n|move|p1a: Torkoal|Yawn|p2a: Ogerpon\n|-start|p2a: Ogerpon|move: Yawn|[of] p1a: Torkoal\n|\n|-weather|SunnyDay|[upkeep]\n|upkeep\n|turn|5\n|inactive|diditdone has 120 seconds left.\n|\n|t:|1700525380\n|move|p2a: Ogerpon|Ivy Cudgel|p1a: Torkoal|[anim] Ivy Cudgel Water\n|-supereffective|p1a: Torkoal\n|-crit|p1a: Torkoal\n|-damage|p1a: Torkoal|5\/100\n|move|p1a: Torkoal|Rapid Spin|p2a: Ogerpon\n|-damage|p2a: Ogerpon|88\/100\n|-boost|p1a: Torkoal|spe|1\n|-sideend|p1: Midmol|Stealth Rock|[from] move: Rapid Spin|[of] p1a: Torkoal\n|\n|-weather|SunnyDay|[upkeep]\n|-end|p2a: Ogerpon|move: Yawn|[silent]\n|-status|p2a: Ogerpon|slp\n|upkeep\n|turn|6\n|\n|t:|1700525386\n|cant|p2a: Ogerpon|slp\n|move|p1a: Torkoal|Stealth Rock|p2a: Ogerpon\n|-sidestart|p2: diditdone|move: Stealth Rock\n|\n|-weather|SunnyDay|[upkeep]\n|upkeep\n|turn|7\n|\n|t:|1700525389\n|switch|p1a: Lilligant|Lilligant-Hisui, F|100\/100\n|cant|p2a: Ogerpon|slp\n|\n|-weather|SunnyDay|[upkeep]\n|upkeep\n|turn|8\n|\n|t:|1700525396\n|move|p1a: Lilligant|Victory Dance|p1a: Lilligant\n|-boost|p1a: Lilligant|atk|1\n|-boost|p1a: Lilligant|def|1\n|-boost|p1a: Lilligant|spe|1\n|-curestatus|p2a: Ogerpon|slp|[msg]\n|move|p2a: Ogerpon|Taunt|p1a: Lilligant\n|-start|p1a: Lilligant|move: Taunt\n|\n|-weather|SunnyDay|[upkeep]\n|upkeep\n|turn|9\n|inactive|diditdone has 120 seconds left.\n|\n|t:|1700525427\n|switch|p2a: Zamazenta|Zamazenta, shiny|100\/100\n|-damage|p2a: Zamazenta|94\/100|[from] Stealth Rock\n|-ability|p2a: Zamazenta|Dauntless Shield|boost\n|-boost|p2a: Zamazenta|def|1\n|move|p1a: Lilligant|Solar Blade||[still]\n|-prepare|p1a: Lilligant|Solar Blade\n|-anim|p1a: Lilligant|Solar Blade|p2a: Zamazenta\n|-damage|p2a: Zamazenta|37\/100\n|-damage|p1a: Lilligant|91\/100|[from] item: Life Orb\n|\n|-weather|SunnyDay|[upkeep]\n|-heal|p2a: Zamazenta|43\/100|[from] item: Leftovers\n|upkeep\n|turn|10\n|\n|t:|1700525433\n|move|p1a: Lilligant|Solar Blade||[still]\n|-prepare|p1a: Lilligant|Solar Blade\n|-anim|p1a: Lilligant|Solar Blade|p2a: Zamazenta\n|-damage|p2a: Zamazenta|0 fnt\n|faint|p2a: Zamazenta\n|-damage|p1a: Lilligant|81\/100|[from] item: Life Orb\n|\n|-weather|none\n|upkeep\n|\n|t:|1700525439\n|switch|p2a: Iron Moth|Iron Moth|100\/100\n|-damage|p2a: Iron Moth|76\/100|[from] Stealth Rock\n|-enditem|p2a: Iron Moth|Booster Energy\n|-activate|p2a: Iron Moth|ability: Quark Drive|[fromitem]\n|-start|p2a: Iron Moth|quarkdrivespe\n|turn|11\n|\n|t:|1700525450\n|switch|p1a: Torkoal|Torkoal, F|5\/100\n|-weather|SunnyDay|[from] ability: Drought|[of] p1a: Torkoal\n|move|p2a: Iron Moth|Fiery Dance|p1a: Torkoal\n|-resisted|p1a: Torkoal\n|-damage|p1a: Torkoal|0 fnt\n|-boost|p2a: Iron Moth|spa|1\n|faint|p1a: Torkoal\n|\n|-weather|SunnyDay|[upkeep]\n|upkeep\n|\n|t:|1700525456\n|switch|p1a: Walking Wake|Walking Wake|100\/100\n|-activate|p1a: Walking Wake|ability: Protosynthesis\n|-start|p1a: Walking Wake|protosynthesisspa\n|turn|12\n|\n|t:|1700525467\n|move|p2a: Iron Moth|Dazzling Gleam|p1a: Walking Wake\n|-supereffective|p1a: Walking Wake\n|-damage|p1a: Walking Wake|10\/100\n|move|p1a: Walking Wake|Surf|p2a: Iron Moth\n|-supereffective|p2a: Iron Moth\n|-damage|p2a: Iron Moth|2\/100\n|\n|-weather|SunnyDay|[upkeep]\n|-heal|p1a: Walking Wake|16\/100|[from] item: Leftovers\n|upkeep\n|turn|13\n|\n|t:|1700525491\n|move|p2a: Iron Moth|Fiery Dance|p1a: Walking Wake\n|-resisted|p1a: Walking Wake\n|-damage|p1a: Walking Wake|0 fnt\n|faint|p1a: Walking Wake\n|-end|p1a: Walking Wake|Protosynthesis|[silent]\n|\n|-weather|SunnyDay|[upkeep]\n|upkeep\n|inactive|Midmol has 120 seconds left.\n|\n|t:|1700525510\n|switch|p1a: Zapdos|Zapdos, shiny|100\/100\n|turn|14\n|\n|t:|1700525520\n|move|p2a: Iron Moth|Fiery Dance|p1a: Zapdos\n|-damage|p1a: Zapdos|14\/100\n|move|p1a: Zapdos|Volt Switch|p2a: Iron Moth\n|-damage|p2a: Iron Moth|0 fnt\n|faint|p2a: Iron Moth\n|-end|p2a: Iron Moth|Quark Drive|[silent]\n|\n|t:|1700525523\n|switch|p1a: Garchomp|Garchomp, F|100\/100|[from] Volt Switch\n|\n|-weather|SunnyDay|[upkeep]\n|upkeep\n|\n|t:|1700525541\n|switch|p2a: Iron Valiant|Iron Valiant|100\/100\n|-damage|p2a: Iron Valiant|94\/100|[from] Stealth Rock\n|-enditem|p2a: Iron Valiant|Booster Energy\n|-activate|p2a: Iron Valiant|ability: Quark Drive|[fromitem]\n|-start|p2a: Iron Valiant|quarkdrivespe\n|turn|15\n|\n|t:|1700525545\n|switch|p1a: Scream Tail|Scream Tail|100\/100\n|-activate|p1a: Scream Tail|ability: Protosynthesis\n|-start|p1a: Scream Tail|protosynthesisspe\n|move|p2a: Iron Valiant|Moonblast|p1a: Scream Tail\n|-damage|p1a: Scream Tail|71\/100\n|\n|-weather|none\n|-end|p1a: Scream Tail|Protosynthesis\n|-heal|p1a: Scream Tail|77\/100|[from] item: Leftovers\n|upkeep\n|turn|16\n|\n|t:|1700525553\n|-end|p2a: Iron Valiant|Quark Drive|[silent]\n|switch|p2a: Kingambit|Kingambit, F|100\/100\n|-damage|p2a: Kingambit|94\/100|[from] Stealth Rock\n|-activate|p2a: Kingambit|ability: Supreme Overlord\n|-start|p2a: Kingambit|fallen3|[silent]\n|move|p1a: Scream Tail|Dazzling Gleam|p2a: Kingambit\n|-damage|p2a: Kingambit|75\/100\n|\n|-heal|p1a: Scream Tail|83\/100|[from] item: Leftovers\n|upkeep\n|turn|17\n|\n|t:|1700525559\n|-end|p1a: Scream Tail|Protosynthesis|[silent]\n|switch|p1a: Lilligant|Lilligant-Hisui, F|81\/100\n|move|p2a: Kingambit|Iron Head|p1a: Lilligant\n|-damage|p1a: Lilligant|5\/100\n|\n|upkeep\n|turn|18\n|\n|t:|1700525568\n|-end|p2a: Kingambit|fallen3|[silent]\n|switch|p2a: Iron Valiant|Iron Valiant|94\/100\n|-damage|p2a: Iron Valiant|88\/100|[from] Stealth Rock\n|move|p1a: Lilligant|Close Combat|p2a: Iron Valiant\n|-resisted|p2a: Iron Valiant\n|-crit|p2a: Iron Valiant\n|-damage|p2a: Iron Valiant|11\/100\n|-unboost|p1a: Lilligant|def|1\n|-unboost|p1a: Lilligant|spd|1\n|-damage|p1a: Lilligant|0 fnt|[from] item: Life Orb\n|faint|p1a: Lilligant\n|\n|upkeep\n|\n|t:|1700525576\n|switch|p1a: Scream Tail|Scream Tail|83\/100\n|turn|19\n|inactive|diditdone has 120 seconds left.\n|inactive|diditdone has 90 seconds left.\n|\n|t:|1700525636\n|move|p2a: Iron Valiant|Moonblast|p1a: Scream Tail\n|-damage|p1a: Scream Tail|50\/100\n|move|p1a: Scream Tail|Dazzling Gleam|p2a: Iron Valiant\n|-supereffective|p2a: Iron Valiant\n|-damage|p2a: Iron Valiant|0 fnt\n|faint|p2a: Iron Valiant\n|-end|p2a: Iron Valiant|Quark Drive|[silent]\n|\n|-heal|p1a: Scream Tail|57\/100|[from] item: Leftovers\n|upkeep\n|inactive|diditdone has 90 seconds left.\n|\n|t:|1700525654\n|switch|p2a: Ogerpon|Ogerpon-Wellspring, F|88\/100\n|-damage|p2a: Ogerpon|76\/100|[from] Stealth Rock\n|turn|20\n|\n|t:|1700525661\n|-terastallize|p2a: Ogerpon|Water\n|detailschange|p2a: Ogerpon|Ogerpon-Wellspring-Tera, F, tera:Water\n|-ability|p2a: Ogerpon|Embody Aspect (Wellspring)|boost\n|-boost|p2a: Ogerpon|spd|1\n|move|p2a: Ogerpon|Ivy Cudgel|p1a: Scream Tail|[anim] Ivy Cudgel Water\n|-damage|p1a: Scream Tail|3\/100\n|move|p1a: Scream Tail|Encore|p2a: Ogerpon\n|-start|p2a: Ogerpon|Encore\n|\n|-heal|p1a: Scream Tail|9\/100|[from] item: Leftovers\n|upkeep\n|turn|21\n|\n|t:|1700525668\n|move|p2a: Ogerpon|Ivy Cudgel|p1a: Scream Tail|[anim] Ivy Cudgel Water\n|-damage|p1a: Scream Tail|0 fnt\n|faint|p1a: Scream Tail\n|-end|p1a: Scream Tail|Protosynthesis|[silent]\n|\n|upkeep\n|\n|t:|1700525671\n|switch|p1a: Garchomp|Garchomp, F|100\/100\n|turn|22\n|\n|t:|1700525682\n|move|p2a: Ogerpon|Ivy Cudgel|p1a: Garchomp|[anim] Ivy Cudgel Water\n|-damage|p1a: Garchomp|15\/100\n|move|p1a: Garchomp|Scale Shot|p2a: Ogerpon\n|-damage|p2a: Ogerpon|60\/100\n|-damage|p2a: Ogerpon|42\/100\n|-damage|p2a: Ogerpon|25\/100\n|-damage|p2a: Ogerpon|7\/100\n|-damage|p2a: Ogerpon|0 fnt\n|faint|p2a: Ogerpon\n|-hitcount|p2: Ogerpon|5\n|-unboost|p1a: Garchomp|def|1\n|-boost|p1a: Garchomp|spe|1\n|\n|upkeep\n|\n|t:|1700525685\n|switch|p2a: Kingambit|Kingambit, F|75\/100\n|-damage|p2a: Kingambit|69\/100|[from] Stealth Rock\n|-activate|p2a: Kingambit|ability: Supreme Overlord\n|-start|p2a: Kingambit|fallen5|[silent]\n|turn|23\n|\n|t:|1700525690\n|-terastallize|p1a: Garchomp|Fire\n|move|p2a: Kingambit|Sucker Punch||[still]\n|-fail|p2a: Kingambit\n|move|p1a: Garchomp|Swords Dance|p1a: Garchomp\n|-boost|p1a: Garchomp|atk|2\n|\n|upkeep\n|turn|24\n|\n|t:|1700525694\n|move|p2a: Kingambit|Sucker Punch|p1a: Garchomp\n|-crit|p1a: Garchomp\n|-damage|p1a: Garchomp|0 fnt\n|-damage|p2a: Kingambit|57\/100|[from] ability: Rough Skin|[of] p1a: Garchomp\n|faint|p1a: Garchomp\n|\n|upkeep\n|\n|t:|1700525696\n|switch|p1a: Zapdos|Zapdos, shiny|14\/100\n|turn|25\n|\n|t:|1700525698\n|move|p2a: Kingambit|Sucker Punch||[still]\n|-fail|p2a: Kingambit\n|move|p1a: Zapdos|Roost|p1a: Zapdos\n|-heal|p1a: Zapdos|64\/100\n|-singleturn|p1a: Zapdos|move: Roost\n|\n|upkeep\n|turn|26\n|\n|t:|1700525701\n|move|p1a: Zapdos|Discharge|p2a: Kingambit\n|-crit|p2a: Kingambit\n|-damage|p2a: Kingambit|4\/100\n|move|p2a: Kingambit|Swords Dance|p2a: Kingambit\n|-boost|p2a: Kingambit|atk|2\n|\n|upkeep\n|turn|27\n|\n|t:|1700525706\n|move|p2a: Kingambit|Sucker Punch||[still]\n|-fail|p2a: Kingambit\n|move|p1a: Zapdos|Roost|p1a: Zapdos\n|-heal|p1a: Zapdos|100\/100\n|-singleturn|p1a: Zapdos|move: Roost\n|\n|upkeep\n|turn|28\n|\n|t:|1700525713\n|move|p2a: Kingambit|Sucker Punch|p1a: Zapdos\n|-damage|p1a: Zapdos|0 fnt\n|-status|p2a: Kingambit|par|[from] ability: Static|[of] p1a: Zapdos\n|faint|p1a: Zapdos\n|\n|win|diditdone\n|raw|Midmol's rating: 1500 &rarr; <strong>1481<\/strong><br \/>(-19 for losing)\n|raw|diditdone's rating: 1524 &rarr; <strong>1543<\/strong><br \/>(+19 for winning)\n|c|\u2606Midmol|skill based mon lol\n|c|\u2606diditdone|LOL\n|l|\u2606Midmol\n|c|\u2606diditdone|FR\n|l|\u2606diditdone\n|j|\u2606diditdone\n|player|p2|diditdone|will-gen2\n","uploadtime":1700525739,"views":5,"p1id":"midmol","p2id":"diditdone","formatid":"gen9ou","rating":1481,"private":0,"password":""}