{"id":"gen9ou-1992430007","p1":"yampier","p2":"wyverbal","format":"[Gen 9] OU","log":"|j|\u2606yampier\n|j|\u2606wyverbal\n|t:|1700186621\n|gametype|singles\n|player|p1|yampier|170|1025\n|player|p2|wyverbal|2|1087\n|teamsize|p1|6\n|teamsize|p2|6\n|gen|9\n|tier|[Gen 9] OU\n|rated|\n|rule|Sleep Clause Mod: Limit one foe put to sleep\n|rule|Species Clause: Limit one of each Pok\u00e9mon\n|rule|OHKO Clause: OHKO moves are banned\n|rule|Evasion Items Clause: Evasion items are banned\n|rule|Evasion Moves Clause: Evasion moves are banned\n|rule|Endless Battle Clause: Forcing endless battles is banned\n|rule|HP Percentage Mod: HP is shown in percentages\n|clearpoke\n|poke|p1|Amoonguss, F|\n|poke|p1|Tropius, M|\n|poke|p1|Hoopa-Unbound|\n|poke|p1|Dragapult, F|\n|poke|p1|Cinderace, F|\n|poke|p1|Garchomp, F|\n|poke|p2|Dipplin, M|\n|poke|p2|Enamorus-Therian, F|\n|poke|p2|Glimmora, M|\n|poke|p2|Alomomola, F|\n|poke|p2|Hoopa-Unbound|\n|poke|p2|Kommo-o, M|\n|teampreview\n|inactive|Battle timer is ON: inactive players will automatically lose when time's up. (requested by wyverbal)\n|\n|t:|1700186629\n|start\n|switch|p1a: Garchomp|Garchomp, F|100\/100\n|switch|p2a: Enamorus|Enamorus-Therian, F, shiny|100\/100\n|turn|1\n|\n|t:|1700186641\n|move|p1a: Garchomp|Fire Blast|p2a: Enamorus\n|-damage|p2a: Enamorus|74\/100\n|move|p2a: Enamorus|Agility|p2a: Enamorus\n|-boost|p2a: Enamorus|spe|2\n|\n|upkeep\n|turn|2\n|\n|t:|1700186651\n|move|p2a: Enamorus|Moonblast|p1a: Garchomp\n|-supereffective|p1a: Garchomp\n|-damage|p1a: Garchomp|4\/100\n|-enditem|p1a: Garchomp|Aguav Berry|[eat]\n|-heal|p1a: Garchomp|37\/100|[from] item: Aguav Berry\n|move|p1a: Garchomp|Fire Blast|p2a: Enamorus|[miss]\n|-miss|p1a: Garchomp|p2a: Enamorus\n|\n|upkeep\n|turn|3\n|\n|t:|1700186660\n|move|p2a: Enamorus|Agility|p2a: Enamorus\n|-boost|p2a: Enamorus|spe|2\n|move|p1a: Garchomp|Fire Blast|p2a: Enamorus\n|-damage|p2a: Enamorus|48\/100\n|\n|upkeep\n|turn|4\n|\n|t:|1700186668\n|move|p2a: Enamorus|Moonblast|p1a: Garchomp\n|-supereffective|p1a: Garchomp\n|-damage|p1a: Garchomp|0 fnt\n|faint|p1a: Garchomp\n|\n|upkeep\n|\n|t:|1700186674\n|switch|p1a: Cinderace|Cinderace, F|100\/100\n|turn|5\n|\n|t:|1700186683\n|-terastallize|p2a: Enamorus|Ground\n|move|p2a: Enamorus|Earth Power|p1a: Cinderace\n|-supereffective|p1a: Cinderace\n|-damage|p1a: Cinderace|0 fnt\n|faint|p1a: Cinderace\n|\n|upkeep\n|\n|t:|1700186696\n|switch|p1a: Tropius|Tropius, M|100\/100\n|turn|6\n|\n|t:|1700186705\n|move|p2a: Enamorus|Mystical Fire|p1a: Tropius\n|-supereffective|p1a: Tropius\n|-damage|p1a: Tropius|56\/100\n|-unboost|p1a: Tropius|spa|1\n|move|p1a: Tropius|Leech Seed|p2a: Enamorus\n|-start|p2a: Enamorus|move: Leech Seed\n|\n|-damage|p2a: Enamorus|35\/100|[from] Leech Seed|[of] p1a: Tropius\n|-heal|p1a: Tropius|67\/100|[silent]\n|upkeep\n|turn|7\n|\n|t:|1700186716\n|move|p1a: Tropius|Protect|p1a: Tropius\n|-singleturn|p1a: Tropius|Protect\n|move|p2a: Enamorus|Mystical Fire|p1a: Tropius\n|-activate|p1a: Tropius|move: Protect\n|\n|-damage|p2a: Enamorus|23\/100|[from] Leech Seed|[of] p1a: Tropius\n|-heal|p1a: Tropius|77\/100|[silent]\n|upkeep\n|turn|8\n|\n|t:|1700186724\n|move|p2a: Enamorus|Mystical Fire|p1a: Tropius\n|-supereffective|p1a: Tropius\n|-damage|p1a: Tropius|28\/100\n|-unboost|p1a: Tropius|spa|1\n|move|p1a: Tropius|Leaf Storm|p2a: Enamorus|[miss]\n|-miss|p1a: Tropius|p2a: Enamorus\n|\n|-damage|p2a: Enamorus|10\/100|[from] Leech Seed|[of] p1a: Tropius\n|-heal|p1a: Tropius|39\/100|[silent]\n|upkeep\n|turn|9\n|\n|t:|1700186738\n|switch|p2a: Dipplin|Dipplin, M, shiny|100\/100\n|move|p1a: Tropius|Protect||[still]\n|-fail|p1a: Tropius\n|\n|upkeep\n|turn|10\n|\n|t:|1700186751\n|switch|p1a: Dragapult|Dragapult, F|100\/100\n|move|p2a: Dipplin|Withdraw|p2a: Dipplin\n|-boost|p2a: Dipplin|def|1\n|\n|upkeep\n|turn|11\n|\n|t:|1700186760\n|move|p1a: Dragapult|Fire Blast|p2a: Dipplin|[miss]\n|-miss|p1a: Dragapult|p2a: Dipplin\n|move|p2a: Dipplin|Dragon Breath|p1a: Dragapult\n|-supereffective|p1a: Dragapult\n|-damage|p1a: Dragapult|54\/100\n|\n|upkeep\n|turn|12\n|\n|t:|1700186774\n|move|p1a: Dragapult|Fire Blast|p2a: Dipplin\n|-damage|p2a: Dipplin|81\/100\n|move|p2a: Dipplin|Dragon Breath|p1a: Dragapult\n|-supereffective|p1a: Dragapult\n|-damage|p1a: Dragapult|10\/100\n|-enditem|p1a: Dragapult|Aguav Berry|[eat]\n|-heal|p1a: Dragapult|43\/100|[from] item: Aguav Berry\n|\n|upkeep\n|turn|13\n|\n|t:|1700186784\n|move|p1a: Dragapult|Substitute|p1a: Dragapult\n|-start|p1a: Dragapult|Substitute\n|-damage|p1a: Dragapult|18\/100\n|move|p2a: Dipplin|Dragon Breath|p1a: Dragapult\n|-supereffective|p1a: Dragapult\n|-end|p1a: Dragapult|Substitute\n|\n|upkeep\n|turn|14\n|\n|t:|1700186791\n|move|p1a: Dragapult|Fire Blast|p2a: Dipplin\n|-damage|p2a: Dipplin|61\/100\n|move|p2a: Dipplin|Dragon Breath|p1a: Dragapult\n|-supereffective|p1a: Dragapult\n|-damage|p1a: Dragapult|0 fnt\n|faint|p1a: Dragapult\n|\n|upkeep\n|\n|t:|1700186803\n|switch|p1a: Tropius|Tropius, M|39\/100\n|turn|15\n|\n|t:|1700186808\n|move|p1a: Tropius|Protect|p1a: Tropius\n|-singleturn|p1a: Tropius|Protect\n|move|p2a: Dipplin|Dragon Breath|p1a: Tropius\n|-activate|p1a: Tropius|move: Protect\n|\n|upkeep\n|turn|16\n|\n|t:|1700186816\n|move|p1a: Tropius|Leaf Storm|p2a: Dipplin\n|-resisted|p2a: Dipplin\n|-crit|p2a: Dipplin\n|-damage|p2a: Dipplin|52\/100\n|-unboost|p1a: Tropius|spa|2\n|move|p2a: Dipplin|Dragon Breath|p1a: Tropius\n|-damage|p1a: Tropius|22\/100\n|-enditem|p1a: Tropius|Aguav Berry|[eat]\n|-heal|p1a: Tropius|55\/100|[from] item: Aguav Berry\n|\n|upkeep\n|turn|17\n|\n|t:|1700186828\n|move|p1a: Tropius|Leech Seed|p2a: Dipplin\n|-immune|p2a: Dipplin\n|move|p2a: Dipplin|Dragon Breath|p1a: Tropius\n|-damage|p1a: Tropius|36\/100\n|\n|upkeep\n|turn|18\n|\n|t:|1700186835\n|move|p1a: Tropius|Leaf Storm|p2a: Dipplin\n|-resisted|p2a: Dipplin\n|-damage|p2a: Dipplin|49\/100\n|-unboost|p1a: Tropius|spa|2\n|move|p2a: Dipplin|Recover|p2a: Dipplin\n|-heal|p2a: Dipplin|99\/100\n|\n|upkeep\n|turn|19\n|\n|t:|1700186845\n|switch|p1a: Hoopa|Hoopa-Unbound|100\/100\n|move|p2a: Dipplin|Dragon Breath|p1a: Hoopa\n|-damage|p1a: Hoopa|85\/100\n|\n|upkeep\n|turn|20\n|\n|t:|1700186855\n|move|p1a: Hoopa|Gunk Shot|p2a: Dipplin|[miss]\n|-miss|p1a: Hoopa|p2a: Dipplin\n|move|p2a: Dipplin|Dragon Breath|p1a: Hoopa\n|-damage|p1a: Hoopa|68\/100\n|\n|upkeep\n|turn|21\n|\n|t:|1700186863\n|switch|p2a: Glimmora|Glimmora, M, shiny|100\/100\n|-item|p2a: Glimmora|Air Balloon\n|-terastallize|p1a: Hoopa|Psychic\n|move|p1a: Hoopa|Gunk Shot|p2a: Glimmora|[miss]\n|-miss|p1a: Hoopa|p2a: Glimmora\n|\n|upkeep\n|turn|22\n|\n|t:|1700186875\n|move|p2a: Glimmora|Toxic|p1a: Hoopa\n|-status|p1a: Hoopa|tox\n|move|p1a: Hoopa|Drain Punch|p2a: Glimmora\n|-damage|p2a: Glimmora|68\/100\n|-heal|p1a: Hoopa|85\/100 tox|[from] drain|[of] p2a: Glimmora\n|-enditem|p2a: Glimmora|Air Balloon\n|\n|-damage|p1a: Hoopa|79\/100 tox|[from] psn\n|upkeep\n|turn|23\n|\n|t:|1700186889\n|move|p2a: Glimmora|Spiky Shield|p2a: Glimmora\n|-singleturn|p2a: Glimmora|move: Protect\n|move|p1a: Hoopa|Drain Punch|p2a: Glimmora\n|-activate|p2a: Glimmora|move: Protect\n|-damage|p1a: Hoopa|66\/100 tox|[from] Spiky Shield|[of] p2a: Glimmora\n|\n|-damage|p1a: Hoopa|54\/100 tox|[from] psn\n|upkeep\n|turn|24\n|inactive|yampier has 120 seconds left.\n|inactive|yampier has 90 seconds left.\n|inactive|yampier has 60 seconds left.\n|inactive|yampier has 30 seconds left.\n|inactive|yampier has 20 seconds left.\n|inactive|yampier has 15 seconds left.\n|inactive|yampier has 10 seconds left.\n|inactive|yampier has 5 seconds left.\n|-message|yampier lost due to inactivity.\n|\n|win|wyverbal\n|raw|yampier's rating: 1025 &rarr; <strong>1015<\/strong><br \/>(-10 for losing)\n|raw|wyverbal's rating: 1118 &rarr; <strong>1136<\/strong><br \/>(+18 for winning)\n","uploadtime":1700187046,"views":7,"p1id":"yampier","p2id":"wyverbal","formatid":"gen9ou","rating":1015,"private":0,"password":""}