{"id":"gen9ou-1992855417","p1":"Kalli Ma","p2":"Abner67","format":"[Gen 9] OU","log":"|j|\u2606Kalli Ma\n|j|\u2606Abner67\n|t:|1700241300\n|gametype|singles\n|player|p1|Kalli Ma|medium|1129\n|player|p2|Abner67|169|1151\n|teamsize|p1|6\n|teamsize|p2|6\n|gen|9\n|tier|[Gen 9] OU\n|rated|\n|rule|Sleep Clause Mod: Limit one foe put to sleep\n|rule|Species Clause: Limit one of each Pok\u00e9mon\n|rule|OHKO Clause: OHKO moves are banned\n|rule|Evasion Items Clause: Evasion items are banned\n|rule|Evasion Moves Clause: Evasion moves are banned\n|rule|Endless Battle Clause: Forcing endless battles is banned\n|rule|HP Percentage Mod: HP is shown in percentages\n|clearpoke\n|poke|p1|Vikavolt, F|\n|poke|p1|Skeledirge, M|\n|poke|p1|Garganacl, F|\n|poke|p1|Manaphy|\n|poke|p1|Cinderace, F|\n|poke|p1|Quaquaval, F|\n|poke|p2|Amoonguss, M|\n|poke|p2|Iron Hands|\n|poke|p2|Goodra, M|\n|poke|p2|Maushold|\n|poke|p2|Garchomp, M|\n|poke|p2|Mew|\n|teampreview\n|inactive|Battle timer is ON: inactive players will automatically lose when time's up. (requested by Kalli Ma)\n|\n|t:|1700241314\n|start\n|switch|p1a: Instagramer|Manaphy|100\/100\n|switch|p2a: Garchomp|Garchomp, M|100\/100\n|turn|1\n|\n|t:|1700241321\n|move|p2a: Garchomp|Substitute|p2a: Garchomp\n|-start|p2a: Garchomp|Substitute\n|-damage|p2a: Garchomp|76\/100\n|move|p1a: Instagramer|Acid Armor|p1a: Instagramer\n|-boost|p1a: Instagramer|def|2\n|\n|-heal|p2a: Garchomp|82\/100|[from] item: Leftovers\n|upkeep\n|turn|2\n|\n|t:|1700241328\n|move|p2a: Garchomp|Swords Dance|p2a: Garchomp\n|-boost|p2a: Garchomp|atk|2\n|move|p1a: Instagramer|Tail Glow|p1a: Instagramer\n|-boost|p1a: Instagramer|spa|3\n|\n|-heal|p2a: Garchomp|88\/100|[from] item: Leftovers\n|upkeep\n|turn|3\n|\n|t:|1700241339\n|move|p2a: Garchomp|Swords Dance|p2a: Garchomp\n|-boost|p2a: Garchomp|atk|2\n|move|p1a: Instagramer|Scald|p2a: Garchomp\n|-end|p2a: Garchomp|Substitute\n|\n|-heal|p2a: Garchomp|94\/100|[from] item: Leftovers\n|upkeep\n|turn|4\n|\n|t:|1700241347\n|move|p2a: Garchomp|Dragon Claw|p1a: Instagramer\n|-damage|p1a: Instagramer|36\/100\n|move|p1a: Instagramer|Scald|p2a: Garchomp\n|-damage|p2a: Garchomp|0 fnt\n|faint|p2a: Garchomp\n|\n|upkeep\n|\n|t:|1700241354\n|switch|p2a: Amoonguss|Amoonguss, M|100\/100\n|turn|5\n|\n|t:|1700241361\n|-terastallize|p1a: Instagramer|Ground\n|move|p1a: Instagramer|Tera Blast|p2a: Amoonguss|[anim] Tera Blast Ground\n|-damage|p2a: Amoonguss|32\/100\n|move|p2a: Amoonguss|Giga Drain|p1a: Instagramer\n|-supereffective|p1a: Instagramer\n|-damage|p1a: Instagramer|0 fnt\n|-heal|p2a: Amoonguss|46\/100|[from] drain|[of] p1a: Instagramer\n|faint|p1a: Instagramer\n|\n|upkeep\n|\n|t:|1700241370\n|switch|p1a: Day of the dead|Skeledirge, M, shiny|100\/100\n|turn|6\n|\n|t:|1700241376\n|switch|p2a: Maushold|Maushold|100\/100\n|move|p1a: Day of the dead|Torch Song|p2a: Maushold\n|-damage|p2a: Maushold|59\/100\n|-boost|p1a: Day of the dead|spa|1\n|\n|upkeep\n|turn|7\n|\n|t:|1700241382\n|move|p2a: Maushold|Tidy Up|p2a: Maushold\n|-boost|p2a: Maushold|atk|1\n|-boost|p2a: Maushold|spe|1\n|move|p1a: Day of the dead|Torch Song|p2a: Maushold\n|-damage|p2a: Maushold|0 fnt\n|-boost|p1a: Day of the dead|spa|1\n|faint|p2a: Maushold\n|\n|upkeep\n|\n|t:|1700241389\n|switch|p2a: Iron Hands|Iron Hands|100\/100\n|turn|8\n|\n|t:|1700241392\n|move|p1a: Day of the dead|Shadow Ball|p2a: Iron Hands\n|-damage|p2a: Iron Hands|66\/100\n|-unboost|p2a: Iron Hands|spd|1\n|move|p2a: Iron Hands|Earthquake|p1a: Day of the dead\n|-supereffective|p1a: Day of the dead\n|-damage|p1a: Day of the dead|38\/100\n|\n|upkeep\n|turn|9\n|\n|t:|1700241399\n|move|p1a: Day of the dead|Torch Song|p2a: Iron Hands\n|-damage|p2a: Iron Hands|28\/100\n|-boost|p1a: Day of the dead|spa|1\n|move|p2a: Iron Hands|Earthquake|p1a: Day of the dead\n|-supereffective|p1a: Day of the dead\n|-damage|p1a: Day of the dead|0 fnt\n|faint|p1a: Day of the dead\n|\n|upkeep\n|\n|t:|1700241412\n|switch|p1a: Pliers|Vikavolt, F, shiny|100\/100\n|turn|10\n|\n|t:|1700241417\n|-end|p2a: Iron Hands|Quark Drive|[silent]\n|switch|p2a: Goodra|Goodra, M|100\/100\n|move|p1a: Pliers|Sticky Web|p2a: Goodra\n|-sidestart|p2: Abner67|move: Sticky Web\n|\n|upkeep\n|turn|11\n|\n|t:|1700241422\n|move|p2a: Goodra|Flamethrower|p1a: Pliers\n|-supereffective|p1a: Pliers\n|-damage|p1a: Pliers|42\/100\n|move|p1a: Pliers|Volt Switch|p2a: Goodra\n|-resisted|p2a: Goodra\n|-damage|p2a: Goodra|93\/100\n|\n|t:|1700241429\n|switch|p1a: Gay boy|Quaquaval, F, shiny|100\/100|[from] Volt Switch\n|\n|upkeep\n|turn|12\n|\n|t:|1700241442\n|move|p1a: Gay boy|Ice Spinner|p2a: Goodra\n|-supereffective|p2a: Goodra\n|-damage|p2a: Goodra|33\/100\n|move|p2a: Goodra|Thunderbolt|p1a: Gay boy\n|-supereffective|p1a: Gay boy\n|-damage|p1a: Gay boy|8\/100\n|-status|p1a: Gay boy|par\n|-enditem|p1a: Gay boy|Mago Berry|[eat]\n|-heal|p1a: Gay boy|41\/100 par|[from] item: Mago Berry\n|\n|upkeep\n|turn|13\n|\n|t:|1700241452\n|move|p2a: Goodra|Thunderbolt|p1a: Gay boy\n|-supereffective|p1a: Gay boy\n|-damage|p1a: Gay boy|0 fnt\n|faint|p1a: Gay boy\n|\n|upkeep\n|\n|t:|1700241461\n|switch|p1a: Energizer Bunny|Cinderace, F, shiny|100\/100\n|turn|14\n|\n|t:|1700241465\n|move|p1a: Energizer Bunny|Pyro Ball|p2a: Goodra\n|-resisted|p2a: Goodra\n|-damage|p2a: Goodra|0 fnt\n|faint|p2a: Goodra\n|\n|upkeep\n|\n|t:|1700241468\n|switch|p2a: Mew|Mew|100\/100\n|-activate|p2a: Mew|move: Sticky Web\n|-unboost|p2a: Mew|spe|1\n|turn|15\n|\n|t:|1700241473\n|move|p1a: Energizer Bunny|U-turn|p2a: Mew\n|-start|p1a: Energizer Bunny|typechange|Bug|[from] ability: Libero\n|-supereffective|p2a: Mew\n|-damage|p2a: Mew|41\/100\n|\n|t:|1700241477\n|switch|p1a: Pliers|Vikavolt, F, shiny|42\/100|[from] U-turn\n|move|p2a: Mew|Iron Defense|p2a: Mew\n|-boost|p2a: Mew|def|2\n|\n|-heal|p2a: Mew|47\/100|[from] item: Leftovers\n|upkeep\n|turn|16\n|\n|t:|1700241485\n|move|p2a: Mew|Calm Mind|p2a: Mew\n|-boost|p2a: Mew|spa|1\n|-boost|p2a: Mew|spd|1\n|move|p1a: Pliers|Discharge|p2a: Mew\n|-damage|p2a: Mew|24\/100\n|-status|p2a: Mew|par\n|-activate|p2a: Mew|ability: Synchronize\n|-immune|p1a: Pliers\n|\n|-heal|p2a: Mew|30\/100 par|[from] item: Leftovers\n|upkeep\n|turn|17\n|\n|t:|1700241496\n|-terastallize|p2a: Mew|Fairy\n|move|p1a: Pliers|Volt Switch|p2a: Mew\n|-damage|p2a: Mew|9\/100 par\n|\n|t:|1700241501\n|switch|p1a: Energizer Bunny|Cinderace, F, shiny|100\/100|[from] Volt Switch\n|move|p2a: Mew|Draining Kiss|p1a: Energizer Bunny\n|-resisted|p1a: Energizer Bunny\n|-damage|p1a: Energizer Bunny|77\/100\n|-heal|p2a: Mew|22\/100 par|[from] drain|[of] p1a: Energizer Bunny\n|\n|-heal|p2a: Mew|28\/100 par|[from] item: Leftovers\n|upkeep\n|turn|18\n|\n|t:|1700241510\n|move|p1a: Energizer Bunny|Pyro Ball|p2a: Mew\n|-damage|p2a: Mew|4\/100 par\n|cant|p2a: Mew|par\n|\n|-heal|p2a: Mew|10\/100 par|[from] item: Leftovers\n|upkeep\n|turn|19\n|\n|t:|1700241516\n|move|p1a: Energizer Bunny|Pyro Ball|p2a: Mew|[miss]\n|-miss|p1a: Energizer Bunny|p2a: Mew\n|move|p2a: Mew|Stored Power|p1a: Energizer Bunny\n|-damage|p1a: Energizer Bunny|0 fnt\n|faint|p1a: Energizer Bunny\n|\n|-heal|p2a: Mew|16\/100 par|[from] item: Leftovers\n|upkeep\n|\n|t:|1700241523\n|switch|p1a: Pliers|Vikavolt, F, shiny|42\/100\n|turn|20\n|\n|t:|1700241527\n|move|p1a: Pliers|Volt Switch|p2a: Mew\n|-damage|p2a: Mew|0 fnt\n|faint|p2a: Mew\n|\n|t:|1700241531\n|switch|p1a: Minecraft|Garganacl, F, shiny|100\/100|[from] Volt Switch\n|\n|upkeep\n|\n|t:|1700241533\n|switch|p2a: Amoonguss|Amoonguss, M|79\/100\n|-activate|p2a: Amoonguss|move: Sticky Web\n|-unboost|p2a: Amoonguss|spe|1\n|turn|21\n|\n|t:|1700241539\n|move|p1a: Minecraft|Salt Cure|p2a: Amoonguss\n|-damage|p2a: Amoonguss|69\/100\n|-start|p2a: Amoonguss|Salt Cure\n|move|p2a: Amoonguss|Giga Drain|p1a: Minecraft\n|-supereffective|p1a: Minecraft\n|-damage|p1a: Minecraft|63\/100\n|-heal|p2a: Amoonguss|84\/100|[from] drain|[of] p1a: Minecraft\n|\n|-heal|p1a: Minecraft|69\/100|[from] item: Leftovers\n|-damage|p2a: Amoonguss|71\/100|[from] Salt Cure\n|upkeep\n|turn|22\n|\n|t:|1700241549\n|switch|p1a: Pliers|Vikavolt, F, shiny|42\/100\n|switch|p2a: Iron Hands|Iron Hands|28\/100\n|-activate|p2a: Iron Hands|move: Sticky Web\n|-unboost|p2a: Iron Hands|spe|1\n|\n|upkeep\n|turn|23\n|\n|t:|1700241556\n|move|p1a: Pliers|Energy Ball|p2a: Iron Hands\n|-damage|p2a: Iron Hands|10\/100\n|move|p2a: Iron Hands|Earthquake|p1a: Pliers\n|-immune|p1a: Pliers|[from] ability: Levitate\n|\n|upkeep\n|turn|24\n|\n|t:|1700241562\n|move|p1a: Pliers|Energy Ball|p2a: Iron Hands\n|-damage|p2a: Iron Hands|0 fnt\n|faint|p2a: Iron Hands\n|-end|p2a: Iron Hands|Quark Drive|[silent]\n|\n|upkeep\n|\n|t:|1700241564\n|switch|p2a: Amoonguss|Amoonguss, M|100\/100\n|-activate|p2a: Amoonguss|move: Sticky Web\n|-unboost|p2a: Amoonguss|spe|1\n|turn|25\n|\n|t:|1700241570\n|move|p1a: Pliers|Volt Switch|p2a: Amoonguss\n|-resisted|p2a: Amoonguss\n|-damage|p2a: Amoonguss|87\/100\n|\n|t:|1700241573\n|switch|p1a: Minecraft|Garganacl, F, shiny|69\/100|[from] Volt Switch\n|move|p2a: Amoonguss|Sludge Bomb|p1a: Minecraft\n|-resisted|p1a: Minecraft\n|-damage|p1a: Minecraft|57\/100\n|\n|-heal|p1a: Minecraft|63\/100|[from] item: Leftovers\n|upkeep\n|turn|26\n|\n|t:|1700241581\n|move|p1a: Minecraft|Salt Cure|p2a: Amoonguss\n|-damage|p2a: Amoonguss|76\/100\n|-start|p2a: Amoonguss|Salt Cure\n|move|p2a: Amoonguss|Giga Drain|p1a: Minecraft\n|-supereffective|p1a: Minecraft\n|-damage|p1a: Minecraft|22\/100\n|-heal|p2a: Amoonguss|93\/100|[from] drain|[of] p1a: Minecraft\n|\n|-heal|p1a: Minecraft|28\/100|[from] item: Leftovers\n|-damage|p2a: Amoonguss|80\/100|[from] Salt Cure\n|upkeep\n|turn|27\n|\n|t:|1700241593\n|switch|p1a: Pliers|Vikavolt, F, shiny|42\/100\n|move|p2a: Amoonguss|Sludge Bomb|p1a: Pliers\n|-damage|p1a: Pliers|15\/100\n|\n|-damage|p2a: Amoonguss|68\/100|[from] Salt Cure\n|upkeep\n|turn|28\n|\n|t:|1700241600\n|move|p1a: Pliers|Discharge|p2a: Amoonguss\n|-resisted|p2a: Amoonguss\n|-damage|p2a: Amoonguss|52\/100\n|move|p2a: Amoonguss|Sludge Bomb|p1a: Pliers\n|-damage|p1a: Pliers|0 fnt\n|faint|p1a: Pliers\n|\n|-damage|p2a: Amoonguss|39\/100|[from] Salt Cure\n|upkeep\n|\n|t:|1700241608\n|switch|p1a: Minecraft|Garganacl, F, shiny|28\/100\n|turn|29\n|\n|t:|1700241610\n|move|p1a: Minecraft|Recover|p1a: Minecraft\n|-heal|p1a: Minecraft|78\/100\n|move|p2a: Amoonguss|Giga Drain|p1a: Minecraft\n|-supereffective|p1a: Minecraft\n|-damage|p1a: Minecraft|38\/100\n|-heal|p2a: Amoonguss|55\/100|[from] drain|[of] p1a: Minecraft\n|\n|-heal|p1a: Minecraft|44\/100|[from] item: Leftovers\n|-damage|p2a: Amoonguss|43\/100|[from] Salt Cure\n|upkeep\n|turn|30\n|\n|t:|1700241620\n|move|p1a: Minecraft|Body Press|p2a: Amoonguss\n|-resisted|p2a: Amoonguss\n|-damage|p2a: Amoonguss|31\/100\n|-damage|p1a: Minecraft|27\/100|[from] item: Rocky Helmet|[of] p2a: Amoonguss\n|move|p2a: Amoonguss|Giga Drain|p1a: Minecraft\n|-supereffective|p1a: Minecraft\n|-damage|p1a: Minecraft|0 fnt\n|-heal|p2a: Amoonguss|41\/100|[from] drain|[of] p1a: Minecraft\n|faint|p1a: Minecraft\n|\n|win|Abner67\n|raw|Kalli Ma's rating: 1129 &rarr; <strong>1106<\/strong><br \/>(-23 for losing)\n|raw|Abner67's rating: 1151 &rarr; <strong>1174<\/strong><br \/>(+23 for winning)\n|l|\u2606Kalli Ma\n","uploadtime":1700241627,"views":9,"p1id":"kallima","p2id":"abner67","formatid":"gen9ou","rating":1106,"private":0,"password":""}