{"id":"gen9ou-1998002510","p1":"BigSilverBilver","p2":"Anhkiet","format":"[Gen 9] OU","log":"|j|\u2606BigSilverBilver\n|j|\u2606Anhkiet\n|inactive|Battle timer is ON: inactive players will automatically lose when time's up.\n|t:|1700877606\n|gametype|singles\n|player|p1|BigSilverBilver|crasherwake|\n|player|p2|Anhkiet|101|\n|teamsize|p1|3\n|teamsize|p2|3\n|gen|9\n|tier|[Gen 9] OU\n|rated|Tournament battle\n|rule|Sleep Clause Mod: Limit one foe put to sleep\n|rule|Species Clause: Limit one of each Pok\u00e9mon\n|rule|OHKO Clause: OHKO moves are banned\n|rule|Evasion Items Clause: Evasion items are banned\n|rule|Evasion Moves Clause: Evasion moves are banned\n|rule|Endless Battle Clause: Forcing endless battles is banned\n|rule|HP Percentage Mod: HP is shown in percentages\n|clearpoke\n|poke|p1|Polteageist-Antique|\n|poke|p1|Mudsdale, F|\n|poke|p1|Ribombee, F|\n|poke|p2|Maushold-Four|\n|poke|p2|Lilligant-Hisui, F|\n|poke|p2|Dudunsparce-*, F|\n|teampreview\n|j|*Lady Monita \u2746\n|inactive|BigSilverBilver has 120 seconds left.\n|j| Im dumb srly\n|\n|t:|1700877652\n|start\n|switch|p1a: Polteageist|Polteageist-Antique|100\/100\n|switch|p2a: Maushold|Maushold-Four|100\/100\n|turn|1\n|\n|t:|1700877663\n|move|p2a: Maushold|Bite|p1a: Polteageist\n|-supereffective|p1a: Polteageist\n|-damage|p1a: Polteageist|15\/100\n|move|p1a: Polteageist|Shell Smash|p1a: Polteageist\n|-unboost|p1a: Polteageist|def|1\n|-unboost|p1a: Polteageist|spd|1\n|-boost|p1a: Polteageist|atk|2\n|-boost|p1a: Polteageist|spa|2\n|-boost|p1a: Polteageist|spe|2\n|\n|upkeep\n|turn|2\n|j| zacianboi101\n|\n|t:|1700877674\n|-terastallize|p1a: Polteageist|Fairy\n|-terastallize|p2a: Maushold|Dark\n|move|p1a: Polteageist|Tera Blast|p2a: Maushold|[anim] Tera Blast Fairy\n|-supereffective|p2a: Maushold\n|-damage|p2a: Maushold|0 fnt\n|faint|p2a: Maushold\n|-damage|p1a: Polteageist|5\/100|[from] item: Life Orb\n|\n|upkeep\n|\n|t:|1700877680\n|switch|p2a: Dudunsparce|Dudunsparce-Three-Segment, F|100\/100\n|turn|3\n|c| zacianboi101|lol\n|\n|t:|1700877685\n|move|p1a: Polteageist|Giga Drain|p2a: Dudunsparce\n|-damage|p2a: Dudunsparce|53\/100\n|-heal|p1a: Polteageist|46\/100|[from] drain|[of] p2a: Dudunsparce\n|-damage|p1a: Polteageist|36\/100|[from] item: Life Orb\n|move|p2a: Dudunsparce|Roost|p2a: Dudunsparce\n|-heal|p2a: Dudunsparce|100\/100\n|-singleturn|p2a: Dudunsparce|move: Roost\n|\n|upkeep\n|turn|4\n|\n|t:|1700877691\n|move|p1a: Polteageist|Giga Drain|p2a: Dudunsparce\n|-damage|p2a: Dudunsparce|58\/100\n|-heal|p1a: Polteageist|73\/100|[from] drain|[of] p2a: Dudunsparce\n|-damage|p1a: Polteageist|63\/100|[from] item: Life Orb\n|move|p2a: Dudunsparce|Body Slam|p1a: Polteageist\n|-damage|p1a: Polteageist|0 fnt\n|faint|p1a: Polteageist\n|\n|-heal|p2a: Dudunsparce|65\/100|[from] item: Leftovers\n|upkeep\n|\n|t:|1700877694\n|switch|p1a: Ribombee|Ribombee, F|100\/100\n|turn|5\n|\n|t:|1700877699\n|move|p1a: Ribombee|Quiver Dance|p1a: Ribombee\n|-boost|p1a: Ribombee|spa|1\n|-boost|p1a: Ribombee|spd|1\n|-boost|p1a: Ribombee|spe|1\n|move|p2a: Dudunsparce|Roost|p2a: Dudunsparce\n|-heal|p2a: Dudunsparce|100\/100\n|-singleturn|p2a: Dudunsparce|move: Roost\n|\n|upkeep\n|turn|6\n|\n|t:|1700877706\n|move|p1a: Ribombee|Moonblast|p2a: Dudunsparce\n|-damage|p2a: Dudunsparce|61\/100\n|move|p2a: Dudunsparce|Ancient Power|p1a: Ribombee\n|-supereffective|p1a: Ribombee\n|-damage|p1a: Ribombee|72\/100\n|\n|-heal|p1a: Ribombee|78\/100|[from] item: Leftovers\n|-heal|p2a: Dudunsparce|67\/100|[from] item: Leftovers\n|upkeep\n|turn|7\n|\n|t:|1700877709\n|move|p1a: Ribombee|Moonblast|p2a: Dudunsparce\n|-damage|p2a: Dudunsparce|26\/100\n|move|p2a: Dudunsparce|Body Slam|p1a: Ribombee\n|-damage|p1a: Ribombee|23\/100\n|-status|p1a: Ribombee|par\n|\n|-heal|p1a: Ribombee|29\/100 par|[from] item: Leftovers\n|-heal|p2a: Dudunsparce|32\/100|[from] item: Leftovers\n|upkeep\n|turn|8\n|\n|t:|1700877717\n|move|p1a: Ribombee|Moonblast|p2a: Dudunsparce\n|-damage|p2a: Dudunsparce|0 fnt\n|faint|p2a: Dudunsparce\n|\n|-heal|p1a: Ribombee|35\/100 par|[from] item: Leftovers\n|upkeep\n|\n|t:|1700877719\n|switch|p2a: Lilligant|Lilligant-Hisui, F|100\/100\n|turn|9\n|\n|t:|1700877725\n|move|p2a: Lilligant|Leaf Blade|p1a: Ribombee\n|-resisted|p1a: Ribombee\n|-damage|p1a: Ribombee|0 fnt\n|faint|p1a: Ribombee\n|\n|upkeep\n|\n|t:|1700877728\n|switch|p1a: Mudsdale|Mudsdale, F|100\/100\n|turn|10\n|\n|t:|1700877731\n|move|p2a: Lilligant|Sleep Powder|p1a: Mudsdale|[miss]\n|-miss|p2a: Lilligant|p1a: Mudsdale\n|move|p1a: Mudsdale|Iron Defense|p1a: Mudsdale\n|-boost|p1a: Mudsdale|def|2\n|\n|upkeep\n|turn|11\n|\n|t:|1700877734\n|move|p2a: Lilligant|Sleep Powder|p1a: Mudsdale\n|-status|p1a: Mudsdale|slp|[from] move: Sleep Powder\n|cant|p1a: Mudsdale|slp\n|\n|upkeep\n|turn|12\n|\n|t:|1700877736\n|move|p2a: Lilligant|Victory Dance|p2a: Lilligant\n|-boost|p2a: Lilligant|atk|1\n|-boost|p2a: Lilligant|def|1\n|-boost|p2a: Lilligant|spe|1\n|cant|p1a: Mudsdale|slp\n|\n|upkeep\n|turn|13\n|\n|t:|1700877739\n|move|p2a: Lilligant|Leaf Blade|p1a: Mudsdale\n|-supereffective|p1a: Mudsdale\n|-damage|p1a: Mudsdale|18\/100 slp\n|-ability|p1a: Mudsdale|Stamina|boost\n|-boost|p1a: Mudsdale|def|1\n|-curestatus|p1a: Mudsdale|slp|[msg]\n|move|p1a: Mudsdale|Body Press|p2a: Lilligant\n|-damage|p2a: Lilligant|52\/100\n|\n|-heal|p1a: Mudsdale|25\/100|[from] item: Leftovers\n|upkeep\n|turn|14\n|\n|t:|1700877748\n|move|p2a: Lilligant|Leaf Blade|p1a: Mudsdale\n|-supereffective|p1a: Mudsdale\n|-damage|p1a: Mudsdale|0 fnt\n|faint|p1a: Mudsdale\n|\n|win|Anhkiet\n|n|\u2606BigSilverBilver|bigsilverbilver\n|n|\u2606Anhkiet|anhkiet\n|n|*Lady Monita \u2746|ladymonita\n|n| Im dumb srly|imdumbsrly\n|n| zacianboi101|zacianboi101\n","uploadtime":1700877749,"views":5,"p1id":"bigsilverbilver","p2id":"anhkiet","formatid":"gen9ou","rating":0,"private":0,"password":""}