{"id":"gen9ou-1989652331","p1":"littensalt","p2":"HarryBobber","format":"[Gen 9] OU","log":"|j|\u2606littensalt\n|j|\u2606HarryBobber\n|t:|1699883422\n|gametype|singles\n|player|p1|littensalt|calem|1293\n|player|p2|HarryBobber|169|1301\n|teamsize|p1|6\n|teamsize|p2|6\n|gen|9\n|tier|[Gen 9] OU\n|rated|\n|rule|Sleep Clause Mod: Limit one foe put to sleep\n|rule|Species Clause: Limit one of each Pok\u00e9mon\n|rule|OHKO Clause: OHKO moves are banned\n|rule|Evasion Items Clause: Evasion items are banned\n|rule|Evasion Moves Clause: Evasion moves are banned\n|rule|Endless Battle Clause: Forcing endless battles is banned\n|rule|HP Percentage Mod: HP is shown in percentages\n|clearpoke\n|poke|p1|Thundurus-Therian, M|\n|poke|p1|Weezing-Galar, F|\n|poke|p1|Cinderace, M|\n|poke|p1|Dragapult, F|\n|poke|p1|Greninja-*, M|\n|poke|p1|Zamazenta-*|\n|poke|p2|Ditto|\n|poke|p2|Klefki, M|\n|poke|p2|Dragonite, F|\n|poke|p2|Gholdengo|\n|poke|p2|Landorus-Therian, M|\n|poke|p2|Breloom, F|\n|teampreview\n|inactive|Battle timer is ON: inactive players will automatically lose when time's up. (requested by HarryBobber)\n|\n|t:|1699883438\n|start\n|switch|p1a: KIDS SEE GHOST|Dragapult, F, shiny|100\/100\n|switch|p2a: Klefki|Klefki, M|100\/100\n|turn|1\n|\n|t:|1699883445\n|switch|p1a: Thundurus|Thundurus-Therian, M, shiny|100\/100\n|move|p2a: Klefki|Foul Play|p1a: Thundurus\n|-damage|p1a: Thundurus|72\/100\n|\n|upkeep\n|turn|2\n|\n|t:|1699883451\n|switch|p2a: Landorus|Landorus-Therian, M|100\/100\n|-ability|p2a: Landorus|Intimidate|boost\n|-unboost|p1a: Thundurus|atk|1\n|move|p1a: Thundurus|Volt Switch|p2a: Landorus\n|-immune|p2a: Landorus\n|\n|upkeep\n|turn|3\n|\n|t:|1699883468\n|switch|p1a: wheezy outta here|Weezing-Galar, F, shiny|100\/100\n|-ability|p1a: wheezy outta here|Neutralizing Gas\n|move|p2a: Landorus|U-turn|p1a: wheezy outta here\n|-resisted|p1a: wheezy outta here\n|-damage|p1a: wheezy outta here|96\/100\n|-damage|p2a: Landorus|84\/100|[from] item: Rocky Helmet|[of] p1a: wheezy outta here\n|\n|t:|1699883473\n|switch|p2a: Gholdengo|Gholdengo|100\/100|[from] U-turn\n|-item|p2a: Gholdengo|Air Balloon\n|\n|upkeep\n|turn|4\n|\n|t:|1699883486\n|-end|p1a: wheezy outta here|ability: Neutralizing Gas\n|switch|p1a: FRANCHISE|Cinderace, M|100\/100\n|move|p2a: Gholdengo|Nasty Plot|p2a: Gholdengo\n|-boost|p2a: Gholdengo|spa|2\n|\n|upkeep\n|turn|5\n|\n|t:|1699883492\n|move|p1a: FRANCHISE|Pyro Ball|p2a: Gholdengo\n|-supereffective|p2a: Gholdengo\n|-damage|p2a: Gholdengo|0 fnt\n|-enditem|p2a: Gholdengo|Air Balloon\n|faint|p2a: Gholdengo\n|\n|upkeep\n|\n|t:|1699883496\n|switch|p2a: Landorus|Landorus-Therian, M|84\/100\n|-ability|p2a: Landorus|Intimidate|boost\n|-unboost|p1a: FRANCHISE|atk|1\n|turn|6\n|\n|t:|1699883499\n|move|p1a: FRANCHISE|U-turn|p2a: Landorus\n|-start|p1a: FRANCHISE|typechange|Bug|[from] ability: Libero\n|-resisted|p2a: Landorus\n|-damage|p2a: Landorus|72\/100\n|\n|t:|1699883506\n|switch|p1a: Thundurus|Thundurus-Therian, M, shiny|72\/100|[from] U-turn\n|move|p2a: Landorus|Earthquake|p1a: Thundurus\n|-immune|p1a: Thundurus\n|\n|-heal|p2a: Landorus|78\/100|[from] item: Leftovers\n|upkeep\n|turn|7\n|\n|t:|1699883510\n|move|p2a: Landorus|U-turn|p1a: Thundurus\n|-resisted|p1a: Thundurus\n|-damage|p1a: Thundurus|52\/100\n|\n|t:|1699883517\n|switch|p2a: Ditto|Ditto|100\/100|[from] U-turn\n|-transform|p2a: Ditto|p1a: Thundurus|[from] ability: Imposter\n|move|p1a: Thundurus|Tera Blast|p2a: Ditto\n|-damage|p2a: Ditto|33\/100\n|\n|upkeep\n|turn|8\n|\n|t:|1699883543\n|switch|p1a: FRANCHISE|Cinderace, M|100\/100\n|move|p2a: Ditto|Tera Blast|p1a: FRANCHISE\n|-damage|p1a: FRANCHISE|54\/100\n|\n|upkeep\n|turn|9\n|\n|t:|1699883550\n|switch|p2a: Dragonite|Dragonite, F|100\/100\n|move|p1a: FRANCHISE|Sucker Punch||[still]\n|-fail|p1a: FRANCHISE\n|\n|upkeep\n|turn|10\n|\n|t:|1699883554\n|-terastallize|p2a: Dragonite|Normal\n|move|p2a: Dragonite|Extreme Speed|p1a: FRANCHISE\n|-damage|p1a: FRANCHISE|0 fnt\n|faint|p1a: FRANCHISE\n|\n|upkeep\n|\n|t:|1699883558\n|switch|p1a: wheezy outta here|Weezing-Galar, F, shiny|96\/100\n|-ability|p1a: wheezy outta here|Neutralizing Gas\n|turn|11\n|\n|t:|1699883564\n|switch|p2a: Klefki|Klefki, M|100\/100\n|move|p1a: wheezy outta here|Will-O-Wisp|p2a: Klefki|[miss]\n|-miss|p1a: wheezy outta here|p2a: Klefki\n|\n|upkeep\n|turn|12\n|\n|t:|1699883574\n|-end|p1a: wheezy outta here|ability: Neutralizing Gas\n|switch|p1a: Thundurus|Thundurus-Therian, M, shiny|52\/100\n|move|p2a: Klefki|Spikes|p1a: Thundurus\n|-sidestart|p1: littensalt|Spikes\n|\n|upkeep\n|turn|13\n|\n|t:|1699883581\n|move|p2a: Klefki|Protect|p2a: Klefki\n|-singleturn|p2a: Klefki|Protect\n|move|p1a: Thundurus|Volt Switch|p2a: Klefki\n|-activate|p2a: Klefki|move: Protect\n|\n|upkeep\n|turn|14\n|\n|t:|1699883588\n|switch|p1a: wheezy outta here|Weezing-Galar, F, shiny|96\/100\n|-ability|p1a: wheezy outta here|Neutralizing Gas\n|-damage|p1a: wheezy outta here|84\/100|[from] Spikes\n|switch|p2a: Landorus|Landorus-Therian, M|78\/100\n|\n|-heal|p2a: Landorus|84\/100|[from] item: Leftovers\n|upkeep\n|turn|15\n|\n|t:|1699883597\n|move|p2a: Landorus|Earthquake|p1a: wheezy outta here\n|-supereffective|p1a: wheezy outta here\n|-damage|p1a: wheezy outta here|11\/100\n|move|p1a: wheezy outta here|Will-O-Wisp|p2a: Landorus\n|-status|p2a: Landorus|brn\n|\n|-heal|p2a: Landorus|90\/100 brn|[from] item: Leftovers\n|-damage|p2a: Landorus|84\/100 brn|[from] brn\n|upkeep\n|turn|16\n|\n|t:|1699883600\n|-end|p1a: wheezy outta here|ability: Neutralizing Gas\n|-ability|p2a: Landorus|Intimidate|boost\n|-unboost|p1a: wheezy outta here|atk|1\n|switch|p1a: Thundurus|Thundurus-Therian, M, shiny|52\/100\n|move|p2a: Landorus|Earthquake|p1a: Thundurus\n|-immune|p1a: Thundurus\n|\n|-heal|p2a: Landorus|90\/100 brn|[from] item: Leftovers\n|-damage|p2a: Landorus|84\/100 brn|[from] brn\n|upkeep\n|turn|17\n|\n|t:|1699883607\n|move|p2a: Landorus|Stealth Rock|p1a: Thundurus\n|-sidestart|p1: littensalt|move: Stealth Rock\n|move|p1a: Thundurus|Tera Blast|p2a: Landorus\n|-damage|p2a: Landorus|20\/100 brn\n|\n|-heal|p2a: Landorus|26\/100 brn|[from] item: Leftovers\n|-damage|p2a: Landorus|20\/100 brn|[from] brn\n|upkeep\n|turn|18\n|\n|t:|1699883614\n|move|p2a: Landorus|U-turn|p1a: Thundurus\n|-resisted|p1a: Thundurus\n|-damage|p1a: Thundurus|42\/100\n|\n|t:|1699883623\n|switch|p2a: Ditto|Ditto|33\/100|[from] U-turn\n|-transform|p2a: Ditto|p1a: Thundurus|[from] ability: Imposter\n|move|p1a: Thundurus|Tera Blast|p2a: Ditto\n|-damage|p2a: Ditto|0 fnt\n|faint|p2a: Ditto\n|\n|upkeep\n|\n|t:|1699883626\n|switch|p2a: Dragonite|Dragonite, F, tera:Normal|100\/100\n|turn|19\n|\n|t:|1699883633\n|switch|p1a: wheezy outta here|Weezing-Galar, F, shiny|11\/100\n|-ability|p1a: wheezy outta here|Neutralizing Gas\n|-damage|p1a: wheezy outta here|0 fnt|[from] Spikes\n|faint|p1a: wheezy outta here\n|-end|p1a: wheezy outta here|ability: Neutralizing Gas\n|move|p2a: Dragonite|Extreme Speed|p1: wheezy outta here|[notarget]\n|-fail|p2a: Dragonite\n|\n|upkeep\n|\n|t:|1699883639\n|switch|p1a: Zamazenta|Zamazenta|100\/100\n|-damage|p1a: Zamazenta|88\/100|[from] Spikes\n|-damage|p1a: Zamazenta|82\/100|[from] Stealth Rock\n|-ability|p1a: Zamazenta|Dauntless Shield|boost\n|-boost|p1a: Zamazenta|def|1\n|turn|20\n|\n|t:|1699883647\n|switch|p2a: Breloom|Breloom, F|100\/100\n|move|p1a: Zamazenta|Substitute|p1a: Zamazenta\n|-start|p1a: Zamazenta|Substitute\n|-damage|p1a: Zamazenta|57\/100\n|\n|-heal|p1a: Zamazenta|63\/100|[from] item: Leftovers\n|-status|p2a: Breloom|tox|[from] item: Toxic Orb\n|upkeep\n|turn|21\n|\n|t:|1699883650\n|move|p1a: Zamazenta|Iron Defense|p1a: Zamazenta\n|-boost|p1a: Zamazenta|def|2\n|move|p2a: Breloom|Drain Punch|p1a: Zamazenta\n|-activate|p1a: Zamazenta|move: Substitute|[damage]\n|\n|-heal|p1a: Zamazenta|69\/100|[from] item: Leftovers\n|upkeep\n|turn|22\n|\n|t:|1699883660\n|move|p1a: Zamazenta|Iron Defense|p1a: Zamazenta\n|-boost|p1a: Zamazenta|def|2\n|move|p2a: Breloom|Drain Punch|p1a: Zamazenta\n|-activate|p1a: Zamazenta|move: Substitute|[damage]\n|\n|-heal|p1a: Zamazenta|75\/100|[from] item: Leftovers\n|upkeep\n|turn|23\n|\n|t:|1699883665\n|move|p1a: Zamazenta|Body Press|p2a: Breloom\n|-damage|p2a: Breloom|0 fnt\n|faint|p2a: Breloom\n|\n|-heal|p1a: Zamazenta|82\/100|[from] item: Leftovers\n|upkeep\n|\n|t:|1699883671\n|switch|p2a: Klefki|Klefki, M|100\/100\n|turn|24\n|\n|t:|1699883679\n|move|p1a: Zamazenta|Iron Defense|p1a: Zamazenta\n|-boost|p1a: Zamazenta|def|1\n|move|p2a: Klefki|Foul Play|p1a: Zamazenta\n|-resisted|p1a: Zamazenta\n|-activate|p1a: Zamazenta|move: Substitute|[damage]\n|\n|-heal|p1a: Zamazenta|88\/100|[from] item: Leftovers\n|upkeep\n|turn|25\n|\n|t:|1699883684\n|move|p1a: Zamazenta|Body Press|p2a: Klefki\n|-damage|p2a: Klefki|0 fnt\n|faint|p2a: Klefki\n|\n|-heal|p1a: Zamazenta|94\/100|[from] item: Leftovers\n|upkeep\n|-message|HarryBobber forfeited.\n|\n|win|littensalt\n|raw|littensalt's rating: 1293 &rarr; <strong>1319<\/strong><br \/>(+26 for winning)\n|raw|HarryBobber's rating: 1301 &rarr; <strong>1281<\/strong><br \/>(-20 for losing)\n|l|\u2606HarryBobber\n|l|\u2606littensalt\n|j|\u2606littensalt\n|player|p1|littensalt|calem\n","uploadtime":1699883708,"views":10,"p1id":"littensalt","p2id":"harrybobber","formatid":"gen9ou","rating":1281,"private":0,"password":""}