{"id":"gen9ou-1990115953","p1":"Sh0lopE3","p2":"Lenged Ender","format":"[Gen 9] OU","log":"|j|\u2606Sh0lopE3\n|j|\u2606Lenged Ender\n|t:|1699926246\n|gametype|singles\n|player|p1|Sh0lopE3|aromalady|1559\n|player|p2|Lenged Ender|rosa|1528\n|teamsize|p1|6\n|teamsize|p2|6\n|gen|9\n|tier|[Gen 9] OU\n|rated|\n|rule|Sleep Clause Mod: Limit one foe put to sleep\n|rule|Species Clause: Limit one of each Pok\u00e9mon\n|rule|OHKO Clause: OHKO moves are banned\n|rule|Evasion Items Clause: Evasion items are banned\n|rule|Evasion Moves Clause: Evasion moves are banned\n|rule|Endless Battle Clause: Forcing endless battles is banned\n|rule|HP Percentage Mod: HP is shown in percentages\n|clearpoke\n|poke|p1|Landorus-Therian, M|\n|poke|p1|Iron Moth|\n|poke|p1|Slowking-Galar, M|\n|poke|p1|Ogerpon-Cornerstone, F|\n|poke|p1|Mandibuzz, F|\n|poke|p1|Gholdengo|\n|poke|p2|Ninetales-Alola, M|\n|poke|p2|Hatterene, F|\n|poke|p2|Iron Valiant|\n|poke|p2|Iron Moth|\n|poke|p2|Great Tusk|\n|poke|p2|Kingambit, M|\n|teampreview\n|j| Archyboy\n|j| Mooncougar\n|\n|t:|1699926276\n|start\n|switch|p1a: Ogerpon|Ogerpon-Cornerstone, F|100\/100\n|switch|p2a: Ninetales|Ninetales-Alola, M|100\/100\n|-weather|Snow|[from] ability: Snow Warning|[of] p2a: Ninetales\n|turn|1\n|\n|t:|1699926281\n|move|p1a: Ogerpon|Swords Dance|p1a: Ogerpon\n|-boost|p1a: Ogerpon|atk|2\n|move|p2a: Ninetales|Aurora Veil|p2a: Ninetales\n|-sidestart|p2: Lenged Ender|move: Aurora Veil\n|\n|-weather|Snow|[upkeep]\n|upkeep\n|turn|2\n|\n|t:|1699926294\n|switch|p2a: Hatterene|Hatterene, F|100\/100\n|move|p1a: Ogerpon|Ivy Cudgel|p2a: Hatterene\n|-damage|p2a: Hatterene|47\/100\n|-enditem|p2a: Hatterene|Eject Button\n|\n|t:|1699926300\n|switch|p2a: Great Tusk|Great Tusk|100\/100\n|-enditem|p2a: Great Tusk|Booster Energy\n|-activate|p2a: Great Tusk|ability: Protosynthesis|[fromitem]\n|-start|p2a: Great Tusk|protosynthesisspe\n|\n|-weather|Snow|[upkeep]\n|upkeep\n|turn|3\n|\n|t:|1699926312\n|-terastallize|p2a: Great Tusk|Ice\n|move|p2a: Great Tusk|Bulk Up|p2a: Great Tusk\n|-boost|p2a: Great Tusk|atk|1\n|-boost|p2a: Great Tusk|def|1\n|move|p1a: Ogerpon|Trailblaze|p2a: Great Tusk\n|-damage|p2a: Great Tusk|92\/100\n|-boost|p1a: Ogerpon|spe|1\n|\n|-weather|Snow|[upkeep]\n|upkeep\n|turn|4\n|\n|t:|1699926333\n|-terastallize|p1a: Ogerpon|Rock\n|detailschange|p1a: Ogerpon|Ogerpon-Cornerstone-Tera, F, tera:Rock\n|-ability|p1a: Ogerpon|Embody Aspect (Cornerstone)|boost\n|-boost|p1a: Ogerpon|def|1\n|move|p1a: Ogerpon|Ivy Cudgel|p2a: Great Tusk\n|-supereffective|p2a: Great Tusk\n|-damage|p2a: Great Tusk|44\/100\n|move|p2a: Great Tusk|Bulk Up|p2a: Great Tusk\n|-boost|p2a: Great Tusk|atk|1\n|-boost|p2a: Great Tusk|def|1\n|\n|-weather|Snow|[upkeep]\n|upkeep\n|turn|5\n|\n|t:|1699926342\n|move|p1a: Ogerpon|Trailblaze|p2a: Great Tusk\n|-damage|p2a: Great Tusk|38\/100\n|-boost|p1a: Ogerpon|spe|1\n|move|p2a: Great Tusk|Ice Spinner|p1a: Ogerpon\n|-damage|p1a: Ogerpon|37\/100\n|\n|-weather|none\n|upkeep\n|turn|6\n|c|\u2606Sh0lopE3|this is insane\n|\n|t:|1699926361\n|-end|p2a: Great Tusk|Protosynthesis|[silent]\n|switch|p2a: Hatterene|Hatterene, F|47\/100\n|move|p1a: Ogerpon|Ivy Cudgel|p2a: Hatterene\n|-damage|p2a: Hatterene|0 fnt\n|faint|p2a: Hatterene\n|\n|upkeep\n|\n|t:|1699926363\n|switch|p2a: Kingambit|Kingambit, M|100\/100\n|-activate|p2a: Kingambit|ability: Supreme Overlord\n|-start|p2a: Kingambit|fallen1|[silent]\n|turn|7\n|l| Mooncougar\n|\n|t:|1699926375\n|move|p1a: Ogerpon|Low Kick|p2a: Kingambit\n|-supereffective|p2a: Kingambit\n|-damage|p2a: Kingambit|0 fnt\n|faint|p2a: Kingambit\n|-end|p2a: Kingambit|fallen1|[silent]\n|\n|upkeep\n|\n|t:|1699926384\n|switch|p2a: Ninetales|Ninetales-Alola, M|100\/100\n|-weather|Snow|[from] ability: Snow Warning|[of] p2a: Ninetales\n|turn|8\n|\n|t:|1699926390\n|move|p1a: Ogerpon|Ivy Cudgel|p2a: Ninetales\n|-supereffective|p2a: Ninetales\n|-damage|p2a: Ninetales|0 fnt\n|faint|p2a: Ninetales\n|\n|-weather|Snow|[upkeep]\n|-sideend|p2: Lenged Ender|move: Aurora Veil\n|upkeep\n|-message|Lenged Ender forfeited.\n|\n|win|Sh0lopE3\n|raw|Sh0lopE3's rating: 1559 &rarr; <strong>1577<\/strong><br \/>(+18 for winning)\n|raw|Lenged Ender's rating: 1528 &rarr; <strong>1510<\/strong><br \/>(-18 for losing)\n|l|\u2606Lenged Ender\n","uploadtime":1699926402,"views":15,"p1id":"sh0lope3","p2id":"lengedender","formatid":"gen9ou","rating":1510,"private":0,"password":""}