{"id":"gen9ou-1989260001","p1":"ibo yo um um um","p2":"fbbcxsscxxbbxx","format":"[Gen 9] OU","log":"|j|\u2606ibo yo um um um\n|j|\u2606fbbcxsscxxbbxx\n|t:|1699829063\n|gametype|singles\n|player|p1|ibo yo um um um|265|1076\n|player|p2|fbbcxsscxxbbxx|skierf-gen4dp|1040\n|teamsize|p1|6\n|teamsize|p2|6\n|gen|9\n|tier|[Gen 9] OU\n|rated|\n|rule|Sleep Clause Mod: Limit one foe put to sleep\n|rule|Species Clause: Limit one of each Pok\u00e9mon\n|rule|OHKO Clause: OHKO moves are banned\n|rule|Evasion Items Clause: Evasion items are banned\n|rule|Evasion Moves Clause: Evasion moves are banned\n|rule|Endless Battle Clause: Forcing endless battles is banned\n|rule|HP Percentage Mod: HP is shown in percentages\n|clearpoke\n|poke|p1|Munkidori, M|\n|poke|p1|Sneasler, F|\n|poke|p1|Samurott-Hisui, F|\n|poke|p1|Dragapult, F|\n|poke|p1|Corviknight, M|\n|poke|p1|Ting-Lu|\n|poke|p2|Kingambit, M|\n|poke|p2|Armarouge, M|\n|poke|p2|Gholdengo|\n|poke|p2|Cyclizar, M|\n|poke|p2|Samurott-Hisui, F|\n|poke|p2|Noivern, F|\n|teampreview\n|inactive|Battle timer is ON: inactive players will automatically lose when time's up. (requested by fbbcxsscxxbbxx)\n|\n|t:|1699829091\n|start\n|switch|p1a: Sneasler|Sneasler, F|100\/100\n|switch|p2a: Lost Battalion|Samurott-Hisui, F|100\/100\n|turn|1\n|\n|t:|1699829098\n|switch|p2a: Ghost Division|Gholdengo|100\/100\n|-item|p2a: Ghost Division|Air Balloon\n|move|p1a: Sneasler|Fake Out|p2a: Ghost Division\n|-immune|p2a: Ghost Division\n|\n|upkeep\n|turn|2\n|\n|t:|1699829106\n|move|p1a: Sneasler|U-turn|p2a: Ghost Division\n|-resisted|p2a: Ghost Division\n|-damage|p2a: Ghost Division|95\/100\n|-enditem|p2a: Ghost Division|Air Balloon\n|\n|t:|1699829109\n|switch|p1a: Ting-Lu|Ting-Lu|100\/100|[from] U-turn\n|-ability|p1a: Ting-Lu|Vessel of Ruin\n|move|p2a: Ghost Division|Make It Rain|p1a: Ting-Lu\n|-damage|p1a: Ting-Lu|72\/100\n|-unboost|p2a: Ghost Division|spa|1\n|\n|-heal|p1a: Ting-Lu|78\/100|[from] item: Leftovers\n|upkeep\n|turn|3\n|\n|t:|1699829118\n|switch|p2a: Night Witch|Cyclizar, M|100\/100\n|switch|p1a: Sneasler|Sneasler, F|100\/100\n|\n|upkeep\n|turn|4\n|\n|t:|1699829127\n|move|p2a: Night Witch|U-turn|p1a: Sneasler\n|-resisted|p1a: Sneasler\n|-damage|p1a: Sneasler|94\/100\n|\n|t:|1699829129\n|switch|p2a: Ghost Division|Gholdengo|95\/100|[from] U-turn\n|move|p1a: Sneasler|U-turn|p2a: Ghost Division\n|-resisted|p2a: Ghost Division\n|-crit|p2a: Ghost Division\n|-damage|p2a: Ghost Division|87\/100\n|\n|t:|1699829133\n|switch|p1a: Samurott|Samurott-Hisui, F|100\/100|[from] U-turn\n|\n|upkeep\n|turn|5\n|\n|t:|1699829140\n|switch|p2a: Night Witch|Cyclizar, M|100\/100\n|move|p1a: Samurott|Ceaseless Edge|p2a: Night Witch\n|-damage|p2a: Night Witch|43\/100\n|-sidestart|p2: fbbcxsscxxbbxx|Spikes\n|\n|upkeep\n|turn|6\n|\n|t:|1699829149\n|move|p2a: Night Witch|U-turn|p1a: Samurott\n|-supereffective|p1a: Samurott\n|-damage|p1a: Samurott|58\/100\n|\n|t:|1699829153\n|switch|p2a: The Winged Hassar|Noivern, F|100\/100|[from] U-turn\n|move|p1a: Samurott|Ceaseless Edge|p2a: The Winged Hassar\n|-damage|p2a: The Winged Hassar|43\/100\n|-sidestart|p2: fbbcxsscxxbbxx|Spikes\n|\n|upkeep\n|turn|7\n|\n|t:|1699829162\n|move|p2a: The Winged Hassar|Boomburst|p1a: Samurott\n|-damage|p1a: Samurott|0 fnt\n|faint|p1a: Samurott\n|\n|upkeep\n|\n|t:|1699829167\n|switch|p1a: Dragapult|Dragapult, F|100\/100\n|turn|8\n|\n|t:|1699829180\n|move|p1a: Dragapult|Substitute|p1a: Dragapult\n|-start|p1a: Dragapult|Substitute\n|-damage|p1a: Dragapult|76\/100\n|move|p2a: The Winged Hassar|Boomburst|p1a: Dragapult\n|-immune|p1a: Dragapult\n|\n|-heal|p1a: Dragapult|82\/100|[from] item: Leftovers\n|upkeep\n|turn|9\n|\n|t:|1699829188\n|switch|p2a: Shiroyama|Kingambit, M|100\/100\n|-damage|p2a: Shiroyama|84\/100|[from] Spikes\n|move|p1a: Dragapult|Dragon Darts|p2a: Shiroyama\n|-resisted|p2a: Shiroyama\n|-damage|p2a: Shiroyama|77\/100\n|-anim|p1a: Dragapult|Dragon Darts|p2a: Shiroyama\n|-resisted|p2a: Shiroyama\n|-damage|p2a: Shiroyama|69\/100\n|\n|-heal|p1a: Dragapult|88\/100|[from] item: Leftovers\n|upkeep\n|turn|10\n|\n|t:|1699829191\n|move|p1a: Dragapult|Will-O-Wisp|p2a: Shiroyama\n|-status|p2a: Shiroyama|brn\n|move|p2a: Shiroyama|Kowtow Cleave|p1a: Dragapult\n|-supereffective|p1a: Dragapult\n|-end|p1a: Dragapult|Substitute\n|\n|-heal|p1a: Dragapult|94\/100|[from] item: Leftovers\n|-damage|p2a: Shiroyama|63\/100 brn|[from] brn\n|upkeep\n|turn|11\n|\n|t:|1699829194\n|move|p1a: Dragapult|Substitute|p1a: Dragapult\n|-start|p1a: Dragapult|Substitute\n|-damage|p1a: Dragapult|69\/100\n|move|p2a: Shiroyama|Kowtow Cleave|p1a: Dragapult\n|-supereffective|p1a: Dragapult\n|-end|p1a: Dragapult|Substitute\n|\n|-heal|p1a: Dragapult|75\/100|[from] item: Leftovers\n|-damage|p2a: Shiroyama|57\/100 brn|[from] brn\n|upkeep\n|turn|12\n|\n|t:|1699829206\n|move|p1a: Dragapult|Substitute|p1a: Dragapult\n|-start|p1a: Dragapult|Substitute\n|-damage|p1a: Dragapult|50\/100\n|move|p2a: Shiroyama|Kowtow Cleave|p1a: Dragapult\n|-supereffective|p1a: Dragapult\n|-end|p1a: Dragapult|Substitute\n|\n|-heal|p1a: Dragapult|56\/100|[from] item: Leftovers\n|-damage|p2a: Shiroyama|51\/100 brn|[from] brn\n|upkeep\n|turn|13\n|\n|t:|1699829211\n|move|p1a: Dragapult|Substitute|p1a: Dragapult\n|-start|p1a: Dragapult|Substitute\n|-damage|p1a: Dragapult|31\/100\n|move|p2a: Shiroyama|Kowtow Cleave|p1a: Dragapult\n|-supereffective|p1a: Dragapult\n|-end|p1a: Dragapult|Substitute\n|\n|-heal|p1a: Dragapult|37\/100|[from] item: Leftovers\n|-damage|p2a: Shiroyama|44\/100 brn|[from] brn\n|upkeep\n|turn|14\n|\n|t:|1699829214\n|-terastallize|p1a: Dragapult|Fairy\n|move|p1a: Dragapult|Hex|p2a: Shiroyama\n|-resisted|p2a: Shiroyama\n|-damage|p2a: Shiroyama|17\/100 brn\n|move|p2a: Shiroyama|Kowtow Cleave|p1a: Dragapult\n|-resisted|p1a: Dragapult\n|-damage|p1a: Dragapult|12\/100\n|\n|-heal|p1a: Dragapult|18\/100|[from] item: Leftovers\n|-damage|p2a: Shiroyama|11\/100 brn|[from] brn\n|upkeep\n|turn|15\n|\n|t:|1699829222\n|move|p2a: Shiroyama|Sucker Punch||[still]\n|-fail|p2a: Shiroyama\n|move|p1a: Dragapult|Substitute|p1a: Dragapult\n|-fail|p1a: Dragapult|move: Substitute|[weak]\n|\n|-heal|p1a: Dragapult|24\/100|[from] item: Leftovers\n|-damage|p2a: Shiroyama|5\/100 brn|[from] brn\n|upkeep\n|turn|16\n|\n|t:|1699829227\n|move|p1a: Dragapult|Hex|p2a: Shiroyama\n|-resisted|p2a: Shiroyama\n|-damage|p2a: Shiroyama|0 fnt\n|faint|p2a: Shiroyama\n|-end|p2a: Shiroyama|fallenundefined|[silent]\n|\n|-heal|p1a: Dragapult|30\/100|[from] item: Leftovers\n|upkeep\n|\n|t:|1699829247\n|switch|p2a: Night Witch|Cyclizar, M|76\/100\n|turn|17\n|\n|t:|1699829254\n|-terastallize|p2a: Night Witch|Fairy\n|move|p1a: Dragapult|Dragon Darts|p2a: Night Witch\n|-immune|p2a: Night Witch\n|move|p2a: Night Witch|Rapid Spin|p1a: Dragapult\n|-damage|p1a: Dragapult|5\/100\n|-boost|p2a: Night Witch|spe|1\n|-sideend|p2: fbbcxsscxxbbxx|Spikes|[from] move: Rapid Spin|[of] p2a: Night Witch\n|\n|-heal|p1a: Dragapult|11\/100|[from] item: Leftovers\n|upkeep\n|turn|18\n|\n|t:|1699829265\n|move|p2a: Night Witch|Knock Off|p1a: Dragapult\n|-resisted|p1a: Dragapult\n|-damage|p1a: Dragapult|0 fnt\n|-enditem|p1a: Dragapult|Leftovers|[from] move: Knock Off|[of] p2a: Night Witch\n|faint|p1a: Dragapult\n|\n|upkeep\n|\n|t:|1699829272\n|switch|p1a: Sneasler|Sneasler, F|94\/100\n|turn|19\n|\n|t:|1699829277\n|move|p1a: Sneasler|Fake Out|p2a: Night Witch\n|-damage|p2a: Night Witch|55\/100\n|cant|p2a: Night Witch|flinch\n|\n|upkeep\n|turn|20\n|\n|t:|1699829281\n|move|p2a: Night Witch|U-turn|p1a: Sneasler\n|-resisted|p1a: Sneasler\n|-damage|p1a: Sneasler|88\/100\n|\n|t:|1699829282\n|switch|p2a: Ghost Division|Gholdengo|87\/100|[from] U-turn\n|move|p1a: Sneasler|U-turn|p2a: Ghost Division\n|-resisted|p2a: Ghost Division\n|-damage|p2a: Ghost Division|81\/100\n|\n|t:|1699829287\n|switch|p1a: Ting-Lu|Ting-Lu|78\/100|[from] U-turn\n|-ability|p1a: Ting-Lu|Vessel of Ruin\n|\n|-heal|p1a: Ting-Lu|84\/100|[from] item: Leftovers\n|upkeep\n|turn|21\n|\n|t:|1699829293\n|switch|p2a: Night Witch|Cyclizar, M, tera:Fairy|89\/100\n|move|p1a: Ting-Lu|Earthquake|p2a: Night Witch\n|-damage|p2a: Night Witch|38\/100\n|\n|-heal|p1a: Ting-Lu|90\/100|[from] item: Leftovers\n|upkeep\n|turn|22\n|\n|t:|1699829300\n|move|p2a: Night Witch|U-turn|p1a: Ting-Lu\n|-supereffective|p1a: Ting-Lu\n|-damage|p1a: Ting-Lu|72\/100\n|\n|t:|1699829302\n|switch|p2a: The Winged Hassar|Noivern, F|43\/100|[from] U-turn\n|move|p1a: Ting-Lu|Earthquake|p2a: The Winged Hassar\n|-immune|p2a: The Winged Hassar\n|\n|-heal|p1a: Ting-Lu|79\/100|[from] item: Leftovers\n|upkeep\n|turn|23\n|\n|t:|1699829306\n|move|p2a: The Winged Hassar|U-turn|p1a: Ting-Lu\n|-supereffective|p1a: Ting-Lu\n|-damage|p1a: Ting-Lu|70\/100\n|\n|t:|1699829309\n|switch|p2a: Night Witch|Cyclizar, M, tera:Fairy|71\/100|[from] U-turn\n|move|p1a: Ting-Lu|Stealth Rock|p2a: Night Witch\n|-sidestart|p2: fbbcxsscxxbbxx|move: Stealth Rock\n|\n|-heal|p1a: Ting-Lu|76\/100|[from] item: Leftovers\n|upkeep\n|turn|24\n|\n|t:|1699829312\n|move|p2a: Night Witch|Knock Off|p1a: Ting-Lu\n|-resisted|p1a: Ting-Lu\n|-damage|p1a: Ting-Lu|71\/100\n|-enditem|p1a: Ting-Lu|Leftovers|[from] move: Knock Off|[of] p2a: Night Witch\n|move|p1a: Ting-Lu|Stone Edge|p2a: Night Witch\n|-damage|p2a: Night Witch|35\/100\n|\n|upkeep\n|turn|25\n|\n|t:|1699829329\n|move|p2a: Night Witch|U-turn|p1a: Ting-Lu\n|-supereffective|p1a: Ting-Lu\n|-damage|p1a: Ting-Lu|55\/100\n|\n|t:|1699829333\n|switch|p2a: The Winged Hassar|Noivern, F|43\/100|[from] U-turn\n|-damage|p2a: The Winged Hassar|18\/100|[from] Stealth Rock\n|move|p1a: Ting-Lu|Earthquake|p2a: The Winged Hassar\n|-immune|p2a: The Winged Hassar\n|\n|upkeep\n|turn|26\n|\n|t:|1699829341\n|move|p2a: The Winged Hassar|Draco Meteor|p1a: Ting-Lu|[miss]\n|-miss|p2a: The Winged Hassar|p1a: Ting-Lu\n|move|p1a: Ting-Lu|Stone Edge|p2a: The Winged Hassar\n|-supereffective|p2a: The Winged Hassar\n|-damage|p2a: The Winged Hassar|0 fnt\n|faint|p2a: The Winged Hassar\n|\n|upkeep\n|\n|t:|1699829344\n|switch|p2a: Lost Battalion|Samurott-Hisui, F|100\/100\n|-damage|p2a: Lost Battalion|88\/100|[from] Stealth Rock\n|turn|27\n|\n|t:|1699829349\n|move|p2a: Lost Battalion|Ceaseless Edge|p1a: Ting-Lu\n|-resisted|p1a: Ting-Lu\n|-damage|p1a: Ting-Lu|43\/100\n|-sidestart|p1: ibo yo um um um|Spikes\n|move|p1a: Ting-Lu|Earthquake|p2a: Lost Battalion\n|-damage|p2a: Lost Battalion|44\/100\n|\n|upkeep\n|turn|28\n|\n|t:|1699829355\n|move|p2a: Lost Battalion|Razor Shell|p1a: Ting-Lu\n|-supereffective|p1a: Ting-Lu\n|-damage|p1a: Ting-Lu|0 fnt\n|faint|p1a: Ting-Lu\n|\n|upkeep\n|\n|t:|1699829366\n|switch|p1a: Sneasler|Sneasler, F|88\/100\n|-damage|p1a: Sneasler|75\/100|[from] Spikes\n|turn|29\n|-message|ibo yo um um um forfeited.\n|\n|win|fbbcxsscxxbbxx\n|raw|ibo yo um um um's rating: 1076 &rarr; <strong>1052<\/strong><br \/>(-24 for losing)\n|raw|fbbcxsscxxbbxx's rating: 1040 &rarr; <strong>1078<\/strong><br \/>(+38 for winning)\n|l|\u2606ibo yo um um um\n","uploadtime":1699829393,"views":25,"p1id":"iboyoumumum","p2id":"fbbcxsscxxbbxx","formatid":"gen9ou","rating":1052,"private":0,"password":""}