{"id":"gen9ou-1996915643","p1":"jacothaptrllr","p2":"GelFiltration","format":"[Gen 9] OU","log":"|j|\u2606jacothaptrllr\n|j|\u2606GelFiltration\n|t:|1700744341\n|gametype|singles\n|player|p1|jacothaptrllr|chuck|1205\n|player|p2|GelFiltration|ruinmaniac|1240\n|teamsize|p1|6\n|teamsize|p2|6\n|gen|9\n|tier|[Gen 9] OU\n|rated|\n|rule|Sleep Clause Mod: Limit one foe put to sleep\n|rule|Species Clause: Limit one of each Pok\u00e9mon\n|rule|OHKO Clause: OHKO moves are banned\n|rule|Evasion Items Clause: Evasion items are banned\n|rule|Evasion Moves Clause: Evasion moves are banned\n|rule|Endless Battle Clause: Forcing endless battles is banned\n|rule|HP Percentage Mod: HP is shown in percentages\n|clearpoke\n|poke|p1|Samurott-Hisui, M|\n|poke|p1|Goodra-Hisui, M|\n|poke|p1|Enamorus-Therian, F|\n|poke|p1|Talonflame, M|\n|poke|p1|Kingambit, M|\n|poke|p1|Glimmora, M|\n|poke|p2|Torkoal, F|\n|poke|p2|Great Tusk|\n|poke|p2|Walking Wake|\n|poke|p2|Kingambit, F|\n|poke|p2|Infernape, F|\n|poke|p2|Rillaboom, F|\n|teampreview\n|inactive|Battle timer is ON: inactive players will automatically lose when time's up. (requested by jacothaptrllr)\n|\n|t:|1700744346\n|start\n|switch|p1a: Glimmora|Glimmora, M|100\/100\n|switch|p2a: Torkoal|Torkoal, F|100\/100\n|-weather|SunnyDay|[from] ability: Drought|[of] p2a: Torkoal\n|turn|1\n|\n|t:|1700744360\n|move|p1a: Glimmora|Stealth Rock|p2a: Torkoal\n|-sidestart|p2: GelFiltration|move: Stealth Rock\n|move|p2a: Torkoal|Stealth Rock|p1a: Glimmora\n|-sidestart|p1: jacothaptrllr|move: Stealth Rock\n|\n|-weather|SunnyDay|[upkeep]\n|upkeep\n|turn|2\n|\n|t:|1700744370\n|switch|p2a: Great Tusk|Great Tusk|100\/100\n|-activate|p2a: Great Tusk|ability: Protosynthesis\n|-start|p2a: Great Tusk|protosynthesisspe\n|move|p1a: Glimmora|Mortal Spin|p2a: Great Tusk\n|-resisted|p2a: Great Tusk\n|-damage|p2a: Great Tusk|98\/100\n|-status|p2a: Great Tusk|psn\n|-sideend|p1: jacothaptrllr|Stealth Rock|[from] move: Mortal Spin|[of] p1a: Glimmora\n|\n|-weather|SunnyDay|[upkeep]\n|-damage|p2a: Great Tusk|86\/100 psn|[from] psn\n|upkeep\n|turn|3\n|\n|t:|1700744383\n|move|p1a: Glimmora|Spiky Shield|p1a: Glimmora\n|-singleturn|p1a: Glimmora|move: Protect\n|move|p2a: Great Tusk|Bulk Up|p2a: Great Tusk\n|-boost|p2a: Great Tusk|atk|1\n|-boost|p2a: Great Tusk|def|1\n|\n|-weather|SunnyDay|[upkeep]\n|-damage|p2a: Great Tusk|74\/100 psn|[from] psn\n|upkeep\n|turn|4\n|\n|t:|1700744391\n|move|p2a: Great Tusk|Bulk Up|p2a: Great Tusk\n|-boost|p2a: Great Tusk|atk|1\n|-boost|p2a: Great Tusk|def|1\n|move|p1a: Glimmora|Memento|p2a: Great Tusk\n|-unboost|p2a: Great Tusk|atk|2\n|-unboost|p2a: Great Tusk|spa|2\n|faint|p1a: Glimmora\n|\n|-weather|SunnyDay|[upkeep]\n|-damage|p2a: Great Tusk|61\/100 psn|[from] psn\n|upkeep\n|inactive|jacothaptrllr has 120 seconds left.\n|\n|t:|1700744423\n|switch|p1a: Enamorus|Enamorus-Therian, F|100\/100\n|turn|5\n|\n|t:|1700744434\n|move|p2a: Great Tusk|Rapid Spin|p1a: Enamorus\n|-damage|p1a: Enamorus|88\/100\n|-boost|p2a: Great Tusk|spe|1\n|-sideend|p2: GelFiltration|Stealth Rock|[from] move: Rapid Spin|[of] p2a: Great Tusk\n|move|p1a: Enamorus|Substitute|p1a: Enamorus\n|-start|p1a: Enamorus|Substitute\n|-damage|p1a: Enamorus|63\/100\n|\n|-weather|SunnyDay|[upkeep]\n|-heal|p1a: Enamorus|70\/100|[from] item: Leftovers\n|-damage|p2a: Great Tusk|49\/100 psn|[from] psn\n|upkeep\n|turn|6\n|inactive|GelFiltration has 120 seconds left.\n|\n|t:|1700744464\n|-end|p2a: Great Tusk|Protosynthesis|[silent]\n|switch|p2a: Rillaboom|Rillaboom, F|100\/100\n|-fieldstart|move: Grassy Terrain|[from] ability: Grassy Surge|[of] p2a: Rillaboom\n|move|p1a: Enamorus|Calm Mind|p1a: Enamorus\n|-boost|p1a: Enamorus|spa|1\n|-boost|p1a: Enamorus|spd|1\n|\n|-weather|SunnyDay|[upkeep]\n|-heal|p1a: Enamorus|76\/100|[from] item: Leftovers\n|upkeep\n|turn|7\n|inactive|GelFiltration has 120 seconds left.\n|\n|t:|1700744479\n|move|p2a: Rillaboom|U-turn|p1a: Enamorus\n|-resisted|p1a: Enamorus\n|-activate|p1a: Enamorus|move: Substitute|[damage]\n|inactive|GelFiltration has 120 seconds left.\n|\n|t:|1700744489\n|switch|p2a: Walking Wake|Walking Wake|100\/100|[from] U-turn\n|-activate|p2a: Walking Wake|ability: Protosynthesis\n|-start|p2a: Walking Wake|protosynthesisspe\n|move|p1a: Enamorus|Calm Mind|p1a: Enamorus\n|-boost|p1a: Enamorus|spa|1\n|-boost|p1a: Enamorus|spd|1\n|\n|-weather|SunnyDay|[upkeep]\n|-heal|p1a: Enamorus|82\/100|[from] item: Leftovers\n|upkeep\n|turn|8\n|inactive|GelFiltration has 120 seconds left.\n|\n|t:|1700744500\n|move|p2a: Walking Wake|Hydro Steam|p1a: Enamorus\n|-end|p1a: Enamorus|Substitute\n|move|p1a: Enamorus|Draining Kiss|p2a: Walking Wake\n|-supereffective|p2a: Walking Wake\n|-damage|p2a: Walking Wake|0 fnt\n|-heal|p1a: Enamorus|100\/100|[from] drain|[of] p2a: Walking Wake\n|faint|p2a: Walking Wake\n|-end|p2a: Walking Wake|Protosynthesis|[silent]\n|\n|-weather|none\n|upkeep\n|\n|t:|1700744520\n|switch|p2a: Torkoal|Torkoal, F|100\/100\n|-weather|SunnyDay|[from] ability: Drought|[of] p2a: Torkoal\n|turn|9\n|\n|t:|1700744543\n|switch|p2a: Infernape|Infernape, F|100\/100\n|move|p1a: Enamorus|Earth Power|p2a: Infernape\n|-supereffective|p2a: Infernape\n|-damage|p2a: Infernape|0 fnt\n|faint|p2a: Infernape\n|\n|-weather|SunnyDay|[upkeep]\n|upkeep\n|inactive|GelFiltration has 90 seconds left.\n|inactive|GelFiltration has 60 seconds left.\n|\n|t:|1700744587\n|switch|p2a: Kingambit|Kingambit, F|100\/100\n|-activate|p2a: Kingambit|ability: Supreme Overlord\n|-start|p2a: Kingambit|fallen2|[silent]\n|turn|10\n|\n|t:|1700744597\n|-terastallize|p2a: Kingambit|Fairy\n|move|p2a: Kingambit|Iron Head|p1a: Enamorus\n|-supereffective|p1a: Enamorus\n|-damage|p1a: Enamorus|4\/100\n|cant|p1a: Enamorus|flinch\n|\n|-weather|SunnyDay|[upkeep]\n|-heal|p1a: Enamorus|11\/100|[from] item: Leftovers\n|-fieldend|move: Grassy Terrain\n|upkeep\n|turn|11\n|\n|t:|1700744606\n|switch|p1a: Goodra|Goodra-Hisui, M|100\/100\n|move|p2a: Kingambit|Iron Head|p1a: Goodra\n|-resisted|p1a: Goodra\n|-damage|p1a: Goodra|74\/100\n|-ability|p1a: Goodra|Gooey\n|-unboost|p2a: Kingambit|spe|1\n|\n|-weather|SunnyDay|[upkeep]\n|-heal|p1a: Goodra|80\/100|[from] item: Leftovers\n|upkeep\n|turn|12\n|\n|t:|1700744624\n|-end|p2a: Kingambit|fallen2|[silent]\n|switch|p2a: Great Tusk|Great Tusk|49\/100 psn\n|-activate|p2a: Great Tusk|ability: Protosynthesis\n|-start|p2a: Great Tusk|protosynthesisspe\n|move|p1a: Goodra|Flamethrower|p2a: Great Tusk\n|-damage|p2a: Great Tusk|0 fnt\n|faint|p2a: Great Tusk\n|-end|p2a: Great Tusk|Protosynthesis|[silent]\n|\n|-weather|SunnyDay|[upkeep]\n|-heal|p1a: Goodra|86\/100|[from] item: Leftovers\n|upkeep\n|inactive|GelFiltration has 60 seconds left.\n|\n|t:|1700744636\n|switch|p2a: Rillaboom|Rillaboom, F|100\/100\n|-fieldstart|move: Grassy Terrain|[from] ability: Grassy Surge|[of] p2a: Rillaboom\n|turn|13\n|inactive|GelFiltration has 60 seconds left.\n|\n|t:|1700744648\n|move|p2a: Rillaboom|U-turn|p1a: Goodra\n|-resisted|p1a: Goodra\n|-damage|p1a: Goodra|69\/100\n|-ability|p1a: Goodra|Gooey\n|-unboost|p2a: Rillaboom|spe|1\n|inactive|GelFiltration has 60 seconds left.\n|\n|t:|1700744658\n|switch|p2a: Kingambit|Kingambit, F, tera:Fairy|100\/100|[from] U-turn\n|-activate|p2a: Kingambit|ability: Supreme Overlord\n|-start|p2a: Kingambit|fallen3|[silent]\n|move|p1a: Goodra|Ice Beam|p2a: Kingambit\n|-damage|p2a: Kingambit|68\/100\n|\n|-weather|SunnyDay|[upkeep]\n|-heal|p1a: Goodra|75\/100|[from] Grassy Terrain\n|-heal|p1a: Goodra|81\/100|[from] item: Leftovers\n|-heal|p2a: Kingambit|74\/100|[from] Grassy Terrain\n|-heal|p2a: Kingambit|80\/100|[from] item: Leftovers\n|upkeep\n|turn|14\n|inactive|GelFiltration has 60 seconds left.\n|\n|t:|1700744670\n|move|p1a: Goodra|Flash Cannon|p2a: Kingambit\n|-supereffective|p2a: Kingambit\n|-damage|p2a: Kingambit|1\/100\n|move|p2a: Kingambit|Swords Dance|p2a: Kingambit\n|-boost|p2a: Kingambit|atk|2\n|\n|-weather|SunnyDay|[upkeep]\n|-heal|p1a: Goodra|87\/100|[from] Grassy Terrain\n|-heal|p1a: Goodra|93\/100|[from] item: Leftovers\n|-heal|p2a: Kingambit|7\/100|[from] Grassy Terrain\n|-heal|p2a: Kingambit|13\/100|[from] item: Leftovers\n|upkeep\n|turn|15\n|inactive|GelFiltration has 60 seconds left.\n|\n|t:|1700744681\n|move|p2a: Kingambit|Sucker Punch|p1a: Goodra\n|-damage|p1a: Goodra|0 fnt\n|-ability|p1a: Goodra|Gooey\n|-unboost|p2a: Kingambit|spe|1\n|faint|p1a: Goodra\n|\n|-weather|SunnyDay|[upkeep]\n|-heal|p2a: Kingambit|20\/100|[from] Grassy Terrain\n|-heal|p2a: Kingambit|26\/100|[from] item: Leftovers\n|upkeep\n|\n|t:|1700744688\n|switch|p1a: Talonflame|Talonflame, M|100\/100\n|turn|16\n|\n|t:|1700744694\n|move|p1a: Talonflame|Dual Wingbeat|p2a: Kingambit|[miss]\n|-miss|p1a: Talonflame|p2a: Kingambit\n|move|p2a: Kingambit|Sucker Punch||[still]\n|-fail|p2a: Kingambit\n|\n|-weather|none\n|-heal|p2a: Kingambit|32\/100|[from] Grassy Terrain\n|-heal|p2a: Kingambit|38\/100|[from] item: Leftovers\n|upkeep\n|turn|17\n|inactive|GelFiltration has 60 seconds left.\n|\n|t:|1700744720\n|move|p1a: Talonflame|Dual Wingbeat|p2a: Kingambit\n|-damage|p2a: Kingambit|26\/100\n|-damage|p2a: Kingambit|13\/100\n|-hitcount|p2a: Kingambit|2\n|move|p2a: Kingambit|Sucker Punch||[still]\n|-fail|p2a: Kingambit\n|\n|-heal|p2a: Kingambit|20\/100|[from] Grassy Terrain\n|-heal|p2a: Kingambit|26\/100|[from] item: Leftovers\n|-fieldend|move: Grassy Terrain\n|upkeep\n|turn|18\n|\n|t:|1700744733\n|move|p1a: Talonflame|Dual Wingbeat|p2a: Kingambit\n|-damage|p2a: Kingambit|14\/100\n|-damage|p2a: Kingambit|2\/100\n|-hitcount|p2a: Kingambit|2\n|move|p2a: Kingambit|Kowtow Cleave|p1a: Talonflame\n|-damage|p1a: Talonflame|0 fnt\n|faint|p1a: Talonflame\n|\n|-heal|p2a: Kingambit|8\/100|[from] item: Leftovers\n|upkeep\n|\n|t:|1700744741\n|switch|p1a: Samurott|Samurott-Hisui, M|100\/100\n|turn|19\n|inactive|GelFiltration has 60 seconds left.\n|\n|t:|1700744759\n|-end|p2a: Kingambit|fallen3|[silent]\n|switch|p2a: Rillaboom|Rillaboom, F|100\/100\n|-fieldstart|move: Grassy Terrain|[from] ability: Grassy Surge|[of] p2a: Rillaboom\n|move|p1a: Samurott|Aqua Jet|p2a: Rillaboom\n|-resisted|p2a: Rillaboom\n|-damage|p2a: Rillaboom|89\/100\n|\n|-heal|p2a: Rillaboom|95\/100|[from] Grassy Terrain\n|upkeep\n|turn|20\n|\n|t:|1700744778\n|switch|p1a: Enamorus|Enamorus-Therian, F|11\/100\n|move|p2a: Rillaboom|Wood Hammer|p1a: Enamorus\n|-resisted|p1a: Enamorus\n|-damage|p1a: Enamorus|0 fnt\n|faint|p1a: Enamorus\n|-damage|p2a: Rillaboom|91\/100|[from] Recoil\n|\n|-heal|p2a: Rillaboom|98\/100|[from] Grassy Terrain\n|upkeep\n|\n|t:|1700744785\n|switch|p1a: Kingambit|Kingambit, M|100\/100\n|-activate|p1a: Kingambit|ability: Supreme Overlord\n|-start|p1a: Kingambit|fallen4|[silent]\n|-item|p1a: Kingambit|Air Balloon\n|turn|21\n|\n|t:|1700744800\n|switch|p2a: Torkoal|Torkoal, F|100\/100\n|-weather|SunnyDay|[from] ability: Drought|[of] p2a: Torkoal\n|move|p1a: Kingambit|Swords Dance|p1a: Kingambit\n|-boost|p1a: Kingambit|atk|2\n|\n|-weather|SunnyDay|[upkeep]\n|upkeep\n|turn|22\n|inactive|GelFiltration has 60 seconds left.\n|\n|t:|1700744809\n|move|p1a: Kingambit|Kowtow Cleave|p2a: Torkoal\n|-damage|p2a: Torkoal|11\/100\n|move|p2a: Torkoal|Yawn|p1a: Kingambit\n|-start|p1a: Kingambit|move: Yawn|[of] p2a: Torkoal\n|\n|-weather|SunnyDay|[upkeep]\n|-heal|p2a: Torkoal|17\/100|[from] Grassy Terrain\n|upkeep\n|turn|23\n|inactive|GelFiltration has 60 seconds left.\n|\n|t:|1700744823\n|switch|p2a: Rillaboom|Rillaboom, F|98\/100\n|move|p1a: Kingambit|Kowtow Cleave|p2a: Rillaboom\n|-damage|p2a: Rillaboom|0 fnt\n|faint|p2a: Rillaboom\n|\n|-weather|SunnyDay|[upkeep]\n|-end|p1a: Kingambit|move: Yawn|[silent]\n|-status|p1a: Kingambit|slp\n|-fieldend|move: Grassy Terrain\n|upkeep\n|inactive|GelFiltration has 60 seconds left.\n|\n|t:|1700744833\n|switch|p2a: Torkoal|Torkoal, F|17\/100\n|turn|24\n|inactive|GelFiltration has 60 seconds left.\n|\n|t:|1700744842\n|cant|p1a: Kingambit|slp\n|move|p2a: Torkoal|Flamethrower|p1a: Kingambit\n|-supereffective|p1a: Kingambit\n|-damage|p1a: Kingambit|15\/100 slp\n|-enditem|p1a: Kingambit|Air Balloon\n|\n|-weather|SunnyDay|[upkeep]\n|upkeep\n|turn|25\n|\n|t:|1700744849\n|-curestatus|p1a: Kingambit|slp|[msg]\n|move|p1a: Kingambit|Kowtow Cleave|p2a: Torkoal\n|-damage|p2a: Torkoal|0 fnt\n|faint|p2a: Torkoal\n|\n|-weather|SunnyDay|[upkeep]\n|upkeep\n|\n|t:|1700744858\n|switch|p2a: Kingambit|Kingambit, F, tera:Fairy|8\/100\n|-activate|p2a: Kingambit|ability: Supreme Overlord\n|-start|p2a: Kingambit|fallen5|[silent]\n|turn|26\n|\n|t:|1700744863\n|move|p1a: Kingambit|Sucker Punch|p2a: Kingambit\n|-resisted|p2a: Kingambit\n|-damage|p2a: Kingambit|0 fnt\n|faint|p2a: Kingambit\n|-end|p2a: Kingambit|fallen5|[silent]\n|\n|win|jacothaptrllr\n|raw|jacothaptrllr's rating: 1205 &rarr; <strong>1233<\/strong><br \/>(+28 for winning)\n|raw|GelFiltration's rating: 1240 &rarr; <strong>1212<\/strong><br \/>(-28 for losing)\n|c|\u2606jacothaptrllr|gg\n|l|\u2606GelFiltration\n","uploadtime":1700744898,"views":1,"p1id":"jacothaptrllr","p2id":"gelfiltration","formatid":"gen9ou","rating":1212,"private":0,"password":""}