{"id":"gen9ou-1988286770","p1":"TismWarrior1","p2":"310YM4N74N3R0","format":"[Gen 9] OU","log":"|j|\u2606TismWarrior1\n|j|\u2606310YM4N74N3R0\n|t:|1699701968\n|gametype|singles\n|player|p1|TismWarrior1|medium|1696\n|player|p2|310YM4N74N3R0|pokemonrangerf|1687\n|teamsize|p1|6\n|teamsize|p2|6\n|gen|9\n|tier|[Gen 9] OU\n|rated|\n|rule|Sleep Clause Mod: Limit one foe put to sleep\n|rule|Species Clause: Limit one of each Pok\u00e9mon\n|rule|OHKO Clause: OHKO moves are banned\n|rule|Evasion Items Clause: Evasion items are banned\n|rule|Evasion Moves Clause: Evasion moves are banned\n|rule|Endless Battle Clause: Forcing endless battles is banned\n|rule|HP Percentage Mod: HP is shown in percentages\n|clearpoke\n|poke|p1|Sinistcha|\n|poke|p1|Samurott-Hisui, M|\n|poke|p1|Clefable, F|\n|poke|p1|Heatran, F|\n|poke|p1|Zamazenta-*|\n|poke|p1|Rillaboom, M|\n|poke|p2|Clodsire, M|\n|poke|p2|Thundurus-Therian, M|\n|poke|p2|Breloom, F|\n|poke|p2|Ceruledge, F|\n|poke|p2|Slowking, F|\n|poke|p2|Corviknight, M|\n|teampreview\n|inactive|Battle timer is ON: inactive players will automatically lose when time's up. (requested by TismWarrior1)\n|c|\u2606TismWarrior1|hf\n|\n|t:|1699701994\n|start\n|switch|p1a: Heatran|Heatran, F|100\/100\n|switch|p2a: Thundurus|Thundurus-Therian, M|100\/100\n|turn|1\n|\n|t:|1699701999\n|move|p2a: Thundurus|Volt Switch|p1a: Heatran\n|-damage|p1a: Heatran|73\/100\n|\n|t:|1699702003\n|switch|p2a: Slowking|Slowking, F|100\/100|[from] Volt Switch\n|move|p1a: Heatran|Stealth Rock|p2a: Slowking\n|-sidestart|p2: 310YM4N74N3R0|move: Stealth Rock\n|\n|upkeep\n|turn|2\n|j| Shimeon91\n|\n|t:|1699702013\n|move|p1a: Heatran|Taunt|p2a: Slowking\n|-start|p2a: Slowking|move: Taunt\n|move|p2a: Slowking|Future Sight|p1a: Heatran\n|-start|p2a: Slowking|move: Future Sight\n|\n|upkeep\n|turn|3\n|\n|t:|1699702020\n|switch|p1a: Samurott|Samurott-Hisui, M|100\/100\n|move|p2a: Slowking|Surf|p1a: Samurott\n|-resisted|p1a: Samurott\n|-damage|p1a: Samurott|71\/100\n|\n|upkeep\n|turn|4\n|\n|t:|1699702024\n|-terastallize|p2a: Slowking|Fighting\n|move|p1a: Samurott|Knock Off|p2a: Slowking\n|-resisted|p2a: Slowking\n|-damage|p2a: Slowking|73\/100\n|-enditem|p2a: Slowking|Assault Vest|[from] move: Knock Off|[of] p1a: Samurott\n|move|p2a: Slowking|Focus Blast|p1a: Samurott\n|-supereffective|p1a: Samurott\n|-damage|p1a: Samurott|0 fnt\n|faint|p1a: Samurott\n|\n|-hint|Future Sight did not hit because the target is fainted.\n|-end|p2a: Slowking|move: Taunt\n|upkeep\n|\n|t:|1699702043\n|switch|p1a: Sinistcha|Sinistcha|100\/100\n|turn|5\n|\n|t:|1699702048\n|move|p1a: Sinistcha|Calm Mind|p1a: Sinistcha\n|-boost|p1a: Sinistcha|spa|1\n|-boost|p1a: Sinistcha|spd|1\n|move|p2a: Slowking|Fire Blast|p1a: Sinistcha\n|-supereffective|p1a: Sinistcha\n|-damage|p1a: Sinistcha|70\/100\n|-status|p1a: Sinistcha|brn\n|\n|-damage|p1a: Sinistcha|67\/100 brn|[from] brn\n|upkeep\n|turn|6\n|\n|t:|1699702057\n|move|p1a: Sinistcha|Strength Sap|p2a: Slowking\n|-unboost|p2a: Slowking|atk|1\n|-heal|p1a: Sinistcha|100\/100 brn\n|move|p2a: Slowking|Future Sight|p1a: Sinistcha\n|-start|p2a: Slowking|move: Future Sight\n|\n|-damage|p1a: Sinistcha|98\/100 brn|[from] brn\n|upkeep\n|turn|7\n|\n|t:|1699702063\n|switch|p2a: Clodsire|Clodsire, M|100\/100\n|-damage|p2a: Clodsire|94\/100|[from] Stealth Rock\n|move|p1a: Sinistcha|Calm Mind|p1a: Sinistcha\n|-boost|p1a: Sinistcha|spa|1\n|-boost|p1a: Sinistcha|spd|1\n|\n|-heal|p2a: Clodsire|100\/100|[from] item: Black Sludge\n|-damage|p1a: Sinistcha|95\/100 brn|[from] brn\n|upkeep\n|turn|8\n|\n|t:|1699702074\n|move|p1a: Sinistcha|Calm Mind|p1a: Sinistcha\n|-boost|p1a: Sinistcha|spa|1\n|-boost|p1a: Sinistcha|spd|1\n|move|p2a: Clodsire|Gunk Shot|p1a: Sinistcha\n|-damage|p1a: Sinistcha|69\/100 brn\n|\n|-end|p1a: Sinistcha|move: Future Sight\n|-damage|p1a: Sinistcha|39\/100 brn\n|-damage|p1a: Sinistcha|36\/100 brn|[from] brn\n|upkeep\n|turn|9\n|l| Shimeon91\n|\n|t:|1699702097\n|move|p1a: Sinistcha|Strength Sap|p2a: Clodsire\n|-unboost|p2a: Clodsire|atk|1\n|-heal|p1a: Sinistcha|96\/100 brn\n|move|p2a: Clodsire|Toxic Spikes|p1a: Sinistcha\n|-sidestart|p1: TismWarrior1|move: Toxic Spikes\n|\n|-damage|p1a: Sinistcha|93\/100 brn|[from] brn\n|upkeep\n|turn|10\n|j| Shimeon91\n|\n|t:|1699702104\n|move|p1a: Sinistcha|Shadow Ball|p2a: Clodsire\n|-damage|p2a: Clodsire|80\/100\n|move|p2a: Clodsire|Gunk Shot|p1a: Sinistcha\n|-damage|p1a: Sinistcha|75\/100 brn\n|\n|-heal|p2a: Clodsire|86\/100|[from] item: Black Sludge\n|-damage|p1a: Sinistcha|72\/100 brn|[from] brn\n|upkeep\n|turn|11\n|\n|t:|1699702113\n|move|p1a: Sinistcha|Shadow Ball|p2a: Clodsire\n|-damage|p2a: Clodsire|67\/100\n|move|p2a: Clodsire|Toxic Spikes|p1a: Sinistcha\n|-sidestart|p1: TismWarrior1|move: Toxic Spikes\n|\n|-heal|p2a: Clodsire|74\/100|[from] item: Black Sludge\n|-damage|p1a: Sinistcha|69\/100 brn|[from] brn\n|upkeep\n|turn|12\n|\n|t:|1699702127\n|move|p1a: Sinistcha|Shadow Ball|p2a: Clodsire\n|-damage|p2a: Clodsire|55\/100\n|move|p2a: Clodsire|Gunk Shot|p1a: Sinistcha\n|-damage|p1a: Sinistcha|53\/100 brn\n|\n|-heal|p2a: Clodsire|61\/100|[from] item: Black Sludge\n|-damage|p1a: Sinistcha|50\/100 brn|[from] brn\n|upkeep\n|turn|13\n|l| Shimeon91\n|\n|t:|1699702144\n|move|p1a: Sinistcha|Strength Sap|p2a: Clodsire\n|-unboost|p2a: Clodsire|atk|1\n|-heal|p1a: Sinistcha|89\/100 brn\n|move|p2a: Clodsire|Earthquake|p1a: Sinistcha\n|-resisted|p1a: Sinistcha\n|-damage|p1a: Sinistcha|84\/100 brn\n|\n|-heal|p2a: Clodsire|67\/100|[from] item: Black Sludge\n|-damage|p1a: Sinistcha|81\/100 brn|[from] brn\n|upkeep\n|turn|14\n|j| gold bottle\n|j| Shimeon91\n|\n|t:|1699702152\n|move|p1a: Sinistcha|Shadow Ball|p2a: Clodsire\n|-damage|p2a: Clodsire|48\/100\n|move|p2a: Clodsire|Earthquake|p1a: Sinistcha\n|-resisted|p1a: Sinistcha\n|-damage|p1a: Sinistcha|76\/100 brn\n|\n|-heal|p2a: Clodsire|54\/100|[from] item: Black Sludge\n|-damage|p1a: Sinistcha|73\/100 brn|[from] brn\n|upkeep\n|turn|15\n|\n|t:|1699702160\n|move|p1a: Sinistcha|Shadow Ball|p2a: Clodsire\n|-damage|p2a: Clodsire|36\/100\n|move|p2a: Clodsire|Earthquake|p1a: Sinistcha\n|-resisted|p1a: Sinistcha\n|-damage|p1a: Sinistcha|68\/100 brn\n|\n|-heal|p2a: Clodsire|42\/100|[from] item: Black Sludge\n|-damage|p1a: Sinistcha|65\/100 brn|[from] brn\n|upkeep\n|turn|16\n|\n|t:|1699702172\n|move|p1a: Sinistcha|Giga Drain|p2a: Clodsire\n|-damage|p2a: Clodsire|26\/100\n|-heal|p1a: Sinistcha|76\/100 brn|[from] drain|[of] p2a: Clodsire\n|move|p2a: Clodsire|Gunk Shot|p1a: Sinistcha\n|-damage|p1a: Sinistcha|64\/100 brn\n|\n|-heal|p2a: Clodsire|32\/100|[from] item: Black Sludge\n|-damage|p1a: Sinistcha|61\/100 brn|[from] brn\n|upkeep\n|turn|17\n|\n|t:|1699702185\n|move|p1a: Sinistcha|Shadow Ball|p2a: Clodsire\n|-damage|p2a: Clodsire|14\/100\n|move|p2a: Clodsire|Gunk Shot|p1a: Sinistcha\n|-damage|p1a: Sinistcha|49\/100 brn\n|\n|-heal|p2a: Clodsire|20\/100|[from] item: Black Sludge\n|-damage|p1a: Sinistcha|47\/100 brn|[from] brn\n|upkeep\n|turn|18\n|\n|t:|1699702195\n|move|p1a: Sinistcha|Shadow Ball|p2a: Clodsire\n|-damage|p2a: Clodsire|1\/100\n|-unboost|p2a: Clodsire|spd|1\n|move|p2a: Clodsire|Gunk Shot|p1a: Sinistcha\n|-damage|p1a: Sinistcha|35\/100 brn\n|\n|-heal|p2a: Clodsire|7\/100|[from] item: Black Sludge\n|-damage|p1a: Sinistcha|32\/100 brn|[from] brn\n|upkeep\n|turn|19\n|\n|t:|1699702205\n|move|p1a: Sinistcha|Giga Drain|p2a: Clodsire\n|-damage|p2a: Clodsire|0 fnt\n|-heal|p1a: Sinistcha|37\/100 brn|[from] drain|[of] p2a: Clodsire\n|faint|p2a: Clodsire\n|\n|-damage|p1a: Sinistcha|34\/100 brn|[from] brn\n|upkeep\n|\n|t:|1699702209\n|switch|p2a: Ceruledge|Ceruledge, F|100\/100\n|-damage|p2a: Ceruledge|76\/100|[from] Stealth Rock\n|turn|20\n|\n|t:|1699702216\n|-terastallize|p1a: Sinistcha|Poison\n|move|p2a: Ceruledge|Bitter Blade|p1a: Sinistcha\n|-damage|p1a: Sinistcha|16\/100 brn\n|-heal|p2a: Ceruledge|86\/100|[from] drain|[of] p1a: Sinistcha\n|move|p1a: Sinistcha|Strength Sap|p2a: Ceruledge\n|-unboost|p2a: Ceruledge|atk|1\n|-heal|p1a: Sinistcha|100\/100 brn\n|\n|-damage|p1a: Sinistcha|98\/100 brn|[from] brn\n|upkeep\n|turn|21\n|\n|t:|1699702226\n|move|p2a: Ceruledge|Destiny Bond|p2a: Ceruledge\n|-singlemove|p2a: Ceruledge|Destiny Bond\n|move|p1a: Sinistcha|Calm Mind|p1a: Sinistcha\n|-boost|p1a: Sinistcha|spa|1\n|-boost|p1a: Sinistcha|spd|1\n|\n|-damage|p1a: Sinistcha|95\/100 brn|[from] brn\n|upkeep\n|turn|22\n|l| Shimeon91\n|\n|t:|1699702251\n|switch|p2a: Breloom|Breloom, F|100\/100\n|-damage|p2a: Breloom|94\/100|[from] Stealth Rock\n|move|p1a: Sinistcha|Shadow Ball|p2a: Breloom\n|-damage|p2a: Breloom|0 fnt\n|faint|p2a: Breloom\n|\n|-damage|p1a: Sinistcha|92\/100 brn|[from] brn\n|upkeep\n|inactive|310YM4N74N3R0 has 120 seconds left.\n|\n|t:|1699702262\n|switch|p2a: Ceruledge|Ceruledge, F|86\/100\n|-damage|p2a: Ceruledge|61\/100|[from] Stealth Rock\n|turn|23\n|\n|t:|1699702265\n|move|p2a: Ceruledge|Bitter Blade|p1a: Sinistcha\n|-damage|p1a: Sinistcha|73\/100 brn\n|-heal|p2a: Ceruledge|72\/100|[from] drain|[of] p1a: Sinistcha\n|move|p1a: Sinistcha|Strength Sap|p2a: Ceruledge\n|-unboost|p2a: Ceruledge|atk|1\n|-heal|p1a: Sinistcha|100\/100 brn\n|\n|-damage|p1a: Sinistcha|98\/100 brn|[from] brn\n|upkeep\n|turn|24\n|\n|t:|1699702271\n|move|p2a: Ceruledge|Destiny Bond|p2a: Ceruledge\n|-singlemove|p2a: Ceruledge|Destiny Bond\n|move|p1a: Sinistcha|Calm Mind|p1a: Sinistcha\n|-boost|p1a: Sinistcha|spa|1\n|-boost|p1a: Sinistcha|spd|1\n|\n|-damage|p1a: Sinistcha|95\/100 brn|[from] brn\n|upkeep\n|turn|25\n|\n|t:|1699702288\n|switch|p2a: Corviknight|Corviknight, M, shiny|100\/100\n|-damage|p2a: Corviknight|88\/100|[from] Stealth Rock\n|move|p1a: Sinistcha|Shadow Ball|p2a: Corviknight\n|-damage|p2a: Corviknight|0 fnt\n|faint|p2a: Corviknight\n|\n|-damage|p1a: Sinistcha|92\/100 brn|[from] brn\n|upkeep\n|\n|t:|1699702290\n|switch|p2a: Ceruledge|Ceruledge, F|72\/100\n|-damage|p2a: Ceruledge|48\/100|[from] Stealth Rock\n|turn|26\n|\n|t:|1699702294\n|move|p2a: Ceruledge|Bitter Blade|p1a: Sinistcha\n|-damage|p1a: Sinistcha|76\/100 brn\n|-heal|p2a: Ceruledge|57\/100|[from] drain|[of] p1a: Sinistcha\n|move|p1a: Sinistcha|Calm Mind|p1a: Sinistcha\n|-boost|p1a: Sinistcha|spa|1\n|-boost|p1a: Sinistcha|spd|1\n|\n|-damage|p1a: Sinistcha|73\/100 brn|[from] brn\n|upkeep\n|turn|27\n|\n|t:|1699702297\n|move|p2a: Ceruledge|Bitter Blade|p1a: Sinistcha\n|-damage|p1a: Sinistcha|54\/100 brn\n|-heal|p2a: Ceruledge|68\/100|[from] drain|[of] p1a: Sinistcha\n|move|p1a: Sinistcha|Strength Sap|p2a: Ceruledge\n|-unboost|p2a: Ceruledge|atk|1\n|-heal|p1a: Sinistcha|100\/100 brn\n|\n|-damage|p1a: Sinistcha|98\/100 brn|[from] brn\n|upkeep\n|turn|28\n|\n|t:|1699702306\n|move|p2a: Ceruledge|Swords Dance|p2a: Ceruledge\n|-boost|p2a: Ceruledge|atk|2\n|move|p1a: Sinistcha|Calm Mind|p1a: Sinistcha\n|-boost|p1a: Sinistcha|spa|0\n|-boost|p1a: Sinistcha|spd|0\n|\n|-damage|p1a: Sinistcha|95\/100 brn|[from] brn\n|upkeep\n|turn|29\n|\n|t:|1699702312\n|move|p2a: Ceruledge|Destiny Bond|p2a: Ceruledge\n|-singlemove|p2a: Ceruledge|Destiny Bond\n|move|p1a: Sinistcha|Strength Sap|p2a: Ceruledge\n|-unboost|p2a: Ceruledge|atk|1\n|-heal|p1a: Sinistcha|100\/100 brn\n|\n|-damage|p1a: Sinistcha|98\/100 brn|[from] brn\n|upkeep\n|turn|30\n|\n|t:|1699702316\n|move|p2a: Ceruledge|Swords Dance|p2a: Ceruledge\n|-boost|p2a: Ceruledge|atk|2\n|move|p1a: Sinistcha|Shadow Ball|p2a: Ceruledge\n|-supereffective|p2a: Ceruledge\n|-damage|p2a: Ceruledge|0 fnt\n|faint|p2a: Ceruledge\n|\n|-damage|p1a: Sinistcha|95\/100 brn|[from] brn\n|upkeep\n|inactive|310YM4N74N3R0 has 120 seconds left.\n|c|\u2606310YM4N74N3R0|Great strategy and very well played\n|c|\u2606310YM4N74N3R0|Gg\n|c|\u2606TismWarrior1|thank you, you too\n|c|\u2606TismWarrior1|gg\n|-message|310YM4N74N3R0 forfeited.\n|\n|win|TismWarrior1\n|raw|TismWarrior1's rating: 1696 &rarr; <strong>1715<\/strong><br \/>(+19 for winning)\n|raw|310YM4N74N3R0's rating: 1687 &rarr; <strong>1668<\/strong><br \/>(-19 for losing)\n|l|\u2606310YM4N74N3R0\n","uploadtime":1699702370,"views":31,"p1id":"tismwarrior1","p2id":"310ym4n74n3r0","formatid":"gen9ou","rating":1668,"private":0,"password":""}