{"id":"gen9ou-1992367136","p1":"dingus47","p2":"hater do neymarx","format":"[Gen 9] OU","log":"|j|\u2606dingus47\n|j|\u2606hater do neymarx\n|t:|1700179383\n|gametype|singles\n|player|p1|dingus47|265|1056\n|player|p2|hater do neymarx|blue|1000\n|teamsize|p1|6\n|teamsize|p2|6\n|gen|9\n|tier|[Gen 9] OU\n|rated|\n|rule|Sleep Clause Mod: Limit one foe put to sleep\n|rule|Species Clause: Limit one of each Pok\u00e9mon\n|rule|OHKO Clause: OHKO moves are banned\n|rule|Evasion Items Clause: Evasion items are banned\n|rule|Evasion Moves Clause: Evasion moves are banned\n|rule|Endless Battle Clause: Forcing endless battles is banned\n|rule|HP Percentage Mod: HP is shown in percentages\n|clearpoke\n|poke|p1|Kingambit, M|\n|poke|p1|Toxapex, F|\n|poke|p1|Great Tusk|\n|poke|p1|Rillaboom, M|\n|poke|p1|Cinderace, M|\n|poke|p1|Zapdos|\n|poke|p2|Ogerpon-Wellspring, F|\n|poke|p2|Weezing-Galar, M|\n|poke|p2|Kingambit, M|\n|poke|p2|Great Tusk|\n|poke|p2|Ceruledge, M|\n|poke|p2|Amoonguss, M|\n|teampreview\n|\n|t:|1700179397\n|start\n|switch|p1a: Great Tusk|Great Tusk|100\/100\n|switch|p2a: Great Tusk|Great Tusk|100\/100\n|turn|1\n|inactive|Battle timer is ON: inactive players will automatically lose when time's up. (requested by dingus47)\n|\n|t:|1700179402\n|move|p1a: Great Tusk|Knock Off|p2a: Great Tusk\n|-resisted|p2a: Great Tusk\n|-damage|p2a: Great Tusk|92\/100\n|-enditem|p2a: Great Tusk|Leftovers|[from] move: Knock Off|[of] p1a: Great Tusk\n|move|p2a: Great Tusk|Ice Spinner|p1a: Great Tusk\n|-supereffective|p1a: Great Tusk\n|-damage|p1a: Great Tusk|71\/100\n|\n|upkeep\n|turn|2\n|\n|t:|1700179409\n|-end|p1a: Great Tusk|Protosynthesis|[silent]\n|switch|p1a: Toxapex|Toxapex, F|100\/100\n|move|p2a: Great Tusk|Stealth Rock|p1a: Toxapex\n|-sidestart|p1: dingus47|move: Stealth Rock\n|\n|upkeep\n|turn|3\n|\n|t:|1700179420\n|-end|p2a: Great Tusk|Protosynthesis|[silent]\n|switch|p2a: Ogerpon|Ogerpon-Wellspring, F|100\/100\n|move|p1a: Toxapex|Toxic Spikes|p2a: Ogerpon\n|-sidestart|p2: hater do neymarx|move: Toxic Spikes\n|\n|upkeep\n|turn|4\n|\n|t:|1700179434\n|switch|p2a: Amoonguss|Amoonguss, M|100\/100\n|-sideend|p2: hater do neymarx|move: Toxic Spikes|[of] p2a: Amoonguss\n|move|p1a: Toxapex|Sludge Bomb|p2a: Amoonguss\n|-damage|p2a: Amoonguss|75\/100\n|-enditem|p2a: Amoonguss|Red Card|[of] p1a: Toxapex\n|drag|p1a: Kingambit|Kingambit, M|100\/100\n|-damage|p1a: Kingambit|94\/100|[from] Stealth Rock\n|\n|upkeep\n|turn|5\n|\n|t:|1700179448\n|-end|p1a: Kingambit|fallenundefined|[silent]\n|switch|p1a: Zapdos|Zapdos|100\/100\n|move|p2a: Amoonguss|Sludge Bomb|p1a: Zapdos\n|-damage|p1a: Zapdos|72\/100\n|\n|upkeep\n|turn|6\n|\n|t:|1700179464\n|switch|p2a: Kingambit|Kingambit, M|100\/100\n|move|p1a: Zapdos|Hurricane|p2a: Kingambit\n|-resisted|p2a: Kingambit\n|-damage|p2a: Kingambit|72\/100\n|\n|-heal|p2a: Kingambit|78\/100|[from] item: Leftovers\n|upkeep\n|turn|7\n|\n|t:|1700179477\n|switch|p1a: Great Tusk|Great Tusk|71\/100\n|-end|p2a: Kingambit|fallenundefined|[silent]\n|switch|p2a: Great Tusk|Great Tusk|92\/100\n|\n|upkeep\n|turn|8\n|\n|t:|1700179487\n|-end|p1a: Great Tusk|Protosynthesis|[silent]\n|switch|p1a: Toxapex|Toxapex, F|100\/100\n|-damage|p1a: Toxapex|88\/100|[from] Stealth Rock\n|move|p2a: Great Tusk|Stealth Rock||[still]\n|-fail|p2a: Great Tusk\n|\n|-heal|p1a: Toxapex|94\/100|[from] item: Leftovers\n|upkeep\n|turn|9\n|\n|t:|1700179500\n|-end|p2a: Great Tusk|Protosynthesis|[silent]\n|switch|p2a: Weezing|Weezing-Galar, M|100\/100\n|move|p1a: Toxapex|Surf|p2a: Weezing\n|-damage|p2a: Weezing|50\/100\n|\n|-heal|p1a: Toxapex|100\/100|[from] item: Leftovers\n|upkeep\n|turn|10\n|\n|t:|1700179514\n|switch|p2a: Amoonguss|Amoonguss, M|100\/100\n|move|p1a: Toxapex|Surf|p2a: Amoonguss\n|-resisted|p2a: Amoonguss\n|-damage|p2a: Amoonguss|89\/100\n|\n|upkeep\n|turn|11\n|\n|t:|1700179529\n|switch|p1a: Zapdos|Zapdos|72\/100\n|move|p2a: Amoonguss|Spore|p1a: Zapdos\n|-status|p1a: Zapdos|slp|[from] move: Spore\n|\n|upkeep\n|turn|12\n|\n|t:|1700179544\n|switch|p2a: Weezing|Weezing-Galar, M|50\/100\n|cant|p1a: Zapdos|slp\n|\n|upkeep\n|turn|13\n|\n|t:|1700179553\n|switch|p1a: Toxapex|Toxapex, F|100\/100\n|-damage|p1a: Toxapex|88\/100|[from] Stealth Rock\n|move|p2a: Weezing|Strange Steam|p1a: Toxapex\n|-resisted|p1a: Toxapex\n|-damage|p1a: Toxapex|64\/100\n|\n|-heal|p1a: Toxapex|70\/100|[from] item: Leftovers\n|upkeep\n|turn|14\n|\n|t:|1700179557\n|switch|p2a: Amoonguss|Amoonguss, M|100\/100\n|move|p1a: Toxapex|Surf|p2a: Amoonguss\n|-resisted|p2a: Amoonguss\n|-damage|p2a: Amoonguss|88\/100\n|\n|-heal|p1a: Toxapex|76\/100|[from] item: Leftovers\n|upkeep\n|turn|15\n|\n|t:|1700179563\n|switch|p1a: Zapdos|Zapdos|72\/100 slp\n|switch|p2a: Weezing|Weezing-Galar, M|50\/100\n|\n|upkeep\n|turn|16\n|\n|t:|1700179570\n|cant|p1a: Zapdos|slp\n|move|p2a: Weezing|Shadow Ball|p1a: Zapdos\n|-crit|p1a: Zapdos\n|-damage|p1a: Zapdos|11\/100 slp\n|\n|upkeep\n|turn|17\n|\n|t:|1700179581\n|switch|p1a: Toxapex|Toxapex, F|100\/100\n|-damage|p1a: Toxapex|88\/100|[from] Stealth Rock\n|switch|p2a: Great Tusk|Great Tusk|92\/100\n|\n|-heal|p1a: Toxapex|94\/100|[from] item: Leftovers\n|upkeep\n|turn|18\n|\n|t:|1700179602\n|-end|p2a: Great Tusk|Protosynthesis|[silent]\n|switch|p2a: Ogerpon|Ogerpon-Wellspring, F|100\/100\n|move|p1a: Toxapex|Hex|p2a: Ogerpon\n|-damage|p2a: Ogerpon|84\/100\n|\n|-heal|p1a: Toxapex|100\/100|[from] item: Leftovers\n|upkeep\n|turn|19\n|\n|t:|1700179610\n|move|p2a: Ogerpon|U-turn|p1a: Toxapex\n|-resisted|p1a: Toxapex\n|-damage|p1a: Toxapex|90\/100\n|\n|t:|1700179614\n|switch|p2a: Kingambit|Kingambit, M|78\/100|[from] U-turn\n|move|p1a: Toxapex|Sludge Bomb|p2a: Kingambit\n|-immune|p2a: Kingambit\n|\n|-heal|p2a: Kingambit|84\/100|[from] item: Leftovers\n|-heal|p1a: Toxapex|96\/100|[from] item: Leftovers\n|upkeep\n|turn|20\n|\n|t:|1700179622\n|switch|p1a: Great Tusk|Great Tusk|71\/100\n|move|p2a: Kingambit|Swords Dance|p2a: Kingambit\n|-boost|p2a: Kingambit|atk|2\n|\n|-heal|p2a: Kingambit|91\/100|[from] item: Leftovers\n|upkeep\n|turn|21\n|\n|t:|1700179641\n|-end|p2a: Kingambit|fallenundefined|[silent]\n|switch|p2a: Great Tusk|Great Tusk|92\/100\n|move|p1a: Great Tusk|Close Combat|p2a: Great Tusk\n|-crit|p2a: Great Tusk\n|-damage|p2a: Great Tusk|45\/100\n|-unboost|p1a: Great Tusk|def|1\n|-unboost|p1a: Great Tusk|spd|1\n|\n|upkeep\n|turn|22\n|inactive|hater do neymarx has 120 seconds left.\n|\n|t:|1700179692\n|move|p1a: Great Tusk|Rapid Spin|p2a: Great Tusk\n|-damage|p2a: Great Tusk|36\/100\n|-boost|p1a: Great Tusk|spe|1\n|-sideend|p1: dingus47|Stealth Rock|[from] move: Rapid Spin|[of] p1a: Great Tusk\n|move|p2a: Great Tusk|Earthquake|p1a: Great Tusk\n|-damage|p1a: Great Tusk|31\/100\n|\n|upkeep\n|turn|23\n|inactive|hater do neymarx has 90 seconds left.\n|\n|t:|1700179730\n|-end|p1a: Great Tusk|Protosynthesis|[silent]\n|switch|p1a: Rillaboom|Rillaboom, M|100\/100\n|-fieldstart|move: Grassy Terrain|[from] ability: Grassy Surge|[of] p1a: Rillaboom\n|-enditem|p1a: Rillaboom|Grassy Seed\n|-boost|p1a: Rillaboom|def|1|[from] item: Grassy Seed\n|-end|p2a: Great Tusk|Protosynthesis|[silent]\n|switch|p2a: Ceruledge|Ceruledge, M|100\/100\n|\n|upkeep\n|turn|24\n|inactive|dingus47 has 120 seconds left.\n|\n|t:|1700179746\n|switch|p1a: Toxapex|Toxapex, F|100\/100\n|move|p2a: Ceruledge|Bitter Blade|p1a: Toxapex\n|-resisted|p1a: Toxapex\n|-damage|p1a: Toxapex|83\/100\n|\n|-heal|p1a: Toxapex|89\/100|[from] Grassy Terrain\n|-heal|p1a: Toxapex|95\/100|[from] item: Leftovers\n|upkeep\n|turn|25\n|\n|t:|1700179754\n|switch|p2a: Ogerpon|Ogerpon-Wellspring, F|84\/100\n|move|p1a: Toxapex|Sludge Bomb|p2a: Ogerpon\n|-supereffective|p2a: Ogerpon\n|-damage|p2a: Ogerpon|20\/100\n|-status|p2a: Ogerpon|psn\n|\n|-heal|p2a: Ogerpon|26\/100 psn|[from] Grassy Terrain\n|-heal|p1a: Toxapex|100\/100|[from] Grassy Terrain\n|-damage|p2a: Ogerpon|13\/100 psn|[from] psn\n|upkeep\n|turn|26\n|inactive|hater do neymarx has 90 seconds left.\n|\n|t:|1700179763\n|move|p2a: Ogerpon|Horn Leech|p1a: Toxapex\n|-damage|p1a: Toxapex|52\/100\n|-heal|p2a: Ogerpon|37\/100 psn|[from] drain|[of] p1a: Toxapex\n|move|p1a: Toxapex|Toxic Spikes|p2a: Ogerpon\n|-sidestart|p2: hater do neymarx|move: Toxic Spikes\n|\n|-heal|p2a: Ogerpon|43\/100 psn|[from] Grassy Terrain\n|-heal|p1a: Toxapex|58\/100|[from] Grassy Terrain\n|-heal|p1a: Toxapex|65\/100|[from] item: Leftovers\n|-damage|p2a: Ogerpon|31\/100 psn|[from] psn\n|upkeep\n|turn|27\n|\n|t:|1700179770\n|move|p2a: Ogerpon|Horn Leech|p1a: Toxapex\n|-damage|p1a: Toxapex|17\/100\n|-heal|p2a: Ogerpon|54\/100 psn|[from] drain|[of] p1a: Toxapex\n|move|p1a: Toxapex|Hex|p2a: Ogerpon\n|-damage|p2a: Ogerpon|18\/100 psn\n|\n|-heal|p2a: Ogerpon|24\/100 psn|[from] Grassy Terrain\n|-heal|p1a: Toxapex|24\/100|[from] Grassy Terrain\n|-heal|p1a: Toxapex|30\/100|[from] item: Leftovers\n|-damage|p2a: Ogerpon|12\/100 psn|[from] psn\n|-fieldend|move: Grassy Terrain\n|upkeep\n|turn|28\n|\n|t:|1700179779\n|switch|p1a: Cinderace|Cinderace, M|100\/100\n|move|p2a: Ogerpon|Ivy Cudgel|p1a: Cinderace|[anim] Ivy Cudgel Water\n|-supereffective|p1a: Cinderace\n|-damage|p1a: Cinderace|0 fnt\n|faint|p1a: Cinderace\n|\n|-damage|p2a: Ogerpon|0 fnt|[from] psn\n|faint|p2a: Ogerpon\n|upkeep\n|\n|t:|1700179792\n|switch|p1a: Zapdos|Zapdos|11\/100 slp\n|switch|p2a: Amoonguss|Amoonguss, M|100\/100\n|-sideend|p2: hater do neymarx|move: Toxic Spikes|[of] p2a: Amoonguss\n|turn|29\n|\n|t:|1700179798\n|-curestatus|p1a: Zapdos|slp|[msg]\n|move|p1a: Zapdos|Volt Switch|p2a: Amoonguss\n|-resisted|p2a: Amoonguss\n|-damage|p2a: Amoonguss|84\/100\n|\n|t:|1700179806\n|switch|p1a: Toxapex|Toxapex, F|63\/100|[from] Volt Switch\n|move|p2a: Amoonguss|Foul Play|p1a: Toxapex\n|-damage|p1a: Toxapex|55\/100\n|\n|-heal|p1a: Toxapex|61\/100|[from] item: Leftovers\n|upkeep\n|turn|30\n|\n|t:|1700179820\n|switch|p1a: Rillaboom|Rillaboom, M|100\/100\n|-fieldstart|move: Grassy Terrain|[from] ability: Grassy Surge|[of] p1a: Rillaboom\n|move|p2a: Amoonguss|Spore|p1a: Rillaboom\n|-immune|p1a: Rillaboom\n|\n|-heal|p2a: Amoonguss|90\/100|[from] Grassy Terrain\n|upkeep\n|turn|31\n|inactive|hater do neymarx has 120 seconds left.\n|\n|t:|1700179826\n|move|p1a: Rillaboom|Acrobatics|p2a: Amoonguss\n|-supereffective|p2a: Amoonguss\n|-damage|p2a: Amoonguss|31\/100\n|move|p2a: Amoonguss|Sludge Bomb|p1a: Rillaboom\n|-supereffective|p1a: Rillaboom\n|-damage|p1a: Rillaboom|37\/100\n|-status|p1a: Rillaboom|psn\n|\n|-heal|p1a: Rillaboom|43\/100 psn|[from] Grassy Terrain\n|-heal|p2a: Amoonguss|37\/100|[from] Grassy Terrain\n|-damage|p1a: Rillaboom|30\/100 psn|[from] psn\n|upkeep\n|turn|32\n|\n|t:|1700179834\n|switch|p2a: Kingambit|Kingambit, M|91\/100\n|-activate|p2a: Kingambit|ability: Supreme Overlord\n|-start|p2a: Kingambit|fallen1|[silent]\n|move|p1a: Rillaboom|Acrobatics|p2a: Kingambit\n|-resisted|p2a: Kingambit\n|-damage|p2a: Kingambit|77\/100\n|\n|-heal|p1a: Rillaboom|37\/100 psn|[from] Grassy Terrain\n|-heal|p2a: Kingambit|83\/100|[from] Grassy Terrain\n|-heal|p2a: Kingambit|89\/100|[from] item: Leftovers\n|-damage|p1a: Rillaboom|24\/100 psn|[from] psn\n|upkeep\n|turn|33\n|\n|t:|1700179846\n|-end|p2a: Kingambit|fallen1|[silent]\n|switch|p2a: Ceruledge|Ceruledge, M|100\/100\n|move|p1a: Rillaboom|Wood Hammer|p2a: Ceruledge\n|-resisted|p2a: Ceruledge\n|-damage|p2a: Ceruledge|42\/100\n|-ability|p2a: Ceruledge|Weak Armor|boost\n|-unboost|p2a: Ceruledge|def|1\n|-boost|p2a: Ceruledge|spe|2\n|-damage|p1a: Rillaboom|9\/100 psn|[from] Recoil\n|\n|-heal|p2a: Ceruledge|48\/100|[from] Grassy Terrain\n|-heal|p1a: Rillaboom|15\/100 psn|[from] Grassy Terrain\n|-damage|p1a: Rillaboom|2\/100 psn|[from] psn\n|upkeep\n|turn|34\n|\n|t:|1700179861\n|switch|p1a: Great Tusk|Great Tusk|31\/100\n|move|p2a: Ceruledge|Bitter Blade|p1a: Great Tusk\n|-damage|p1a: Great Tusk|0 fnt\n|-heal|p2a: Ceruledge|69\/100|[from] drain|[of] p1a: Great Tusk\n|faint|p1a: Great Tusk\n|-end|p1a: Great Tusk|Protosynthesis|[silent]\n|\n|-heal|p2a: Ceruledge|75\/100|[from] Grassy Terrain\n|-fieldend|move: Grassy Terrain\n|upkeep\n|\n|t:|1700179868\n|switch|p1a: Kingambit|Kingambit, M|94\/100\n|-activate|p1a: Kingambit|ability: Supreme Overlord\n|-start|p1a: Kingambit|fallen2|[silent]\n|turn|35\n|\n|t:|1700179873\n|switch|p2a: Kingambit|Kingambit, M|89\/100\n|-activate|p2a: Kingambit|ability: Supreme Overlord\n|-start|p2a: Kingambit|fallen1|[silent]\n|move|p1a: Kingambit|Sucker Punch||[still]\n|-fail|p1a: Kingambit\n|\n|-heal|p2a: Kingambit|95\/100|[from] item: Leftovers\n|upkeep\n|turn|36\n|\n|t:|1700179887\n|-end|p1a: Kingambit|fallen2|[silent]\n|switch|p1a: Zapdos|Zapdos|11\/100\n|-end|p2a: Kingambit|fallen1|[silent]\n|switch|p2a: Great Tusk|Great Tusk|36\/100\n|\n|upkeep\n|turn|37\n|\n|t:|1700179904\n|switch|p1a: Toxapex|Toxapex, F|94\/100\n|-end|p2a: Great Tusk|Protosynthesis|[silent]\n|switch|p2a: Kingambit|Kingambit, M|95\/100\n|-activate|p2a: Kingambit|ability: Supreme Overlord\n|-start|p2a: Kingambit|fallen1|[silent]\n|\n|-heal|p2a: Kingambit|100\/100|[from] item: Leftovers\n|-heal|p1a: Toxapex|99\/100|[from] item: Leftovers\n|upkeep\n|turn|38\n|\n|t:|1700179914\n|move|p2a: Kingambit|Kowtow Cleave|p1a: Toxapex\n|-damage|p1a: Toxapex|58\/100\n|move|p1a: Toxapex|Surf|p2a: Kingambit\n|-crit|p2a: Kingambit\n|-damage|p2a: Kingambit|58\/100\n|\n|-heal|p2a: Kingambit|64\/100|[from] item: Leftovers\n|-heal|p1a: Toxapex|64\/100|[from] item: Leftovers\n|upkeep\n|turn|39\n|\n|t:|1700179927\n|-end|p2a: Kingambit|fallen1|[silent]\n|switch|p2a: Amoonguss|Amoonguss, M|71\/100\n|switch|p1a: Zapdos|Zapdos|11\/100\n|\n|upkeep\n|turn|40\n|inactive|hater do neymarx has 120 seconds left.\n|\n|t:|1700179969\n|switch|p2a: Weezing|Weezing-Galar, M|50\/100\n|move|p1a: Zapdos|Roost|p1a: Zapdos\n|-heal|p1a: Zapdos|61\/100\n|-singleturn|p1a: Zapdos|move: Roost\n|\n|upkeep\n|turn|41\n|\n|t:|1700179982\n|move|p1a: Zapdos|Discharge|p2a: Weezing\n|-damage|p2a: Weezing|0 fnt\n|faint|p2a: Weezing\n|\n|upkeep\n|\n|t:|1700179995\n|switch|p2a: Kingambit|Kingambit, M|64\/100\n|-activate|p2a: Kingambit|ability: Supreme Overlord\n|-start|p2a: Kingambit|fallen2|[silent]\n|turn|42\n|\n|t:|1700180002\n|move|p1a: Zapdos|Volt Switch|p2a: Kingambit\n|-damage|p2a: Kingambit|24\/100\n|\n|t:|1700180006\n|switch|p1a: Toxapex|Toxapex, F|97\/100|[from] Volt Switch\n|move|p2a: Kingambit|Swords Dance|p2a: Kingambit\n|-boost|p2a: Kingambit|atk|2\n|\n|-heal|p2a: Kingambit|31\/100|[from] item: Leftovers\n|-heal|p1a: Toxapex|100\/100|[from] item: Leftovers\n|upkeep\n|turn|43\n|\n|t:|1700180022\n|move|p2a: Kingambit|Iron Head|p1a: Toxapex\n|-resisted|p1a: Toxapex\n|-damage|p1a: Toxapex|55\/100\n|cant|p1a: Toxapex|flinch\n|\n|-heal|p2a: Kingambit|37\/100|[from] item: Leftovers\n|-heal|p1a: Toxapex|61\/100|[from] item: Leftovers\n|upkeep\n|turn|44\n|\n|t:|1700180027\n|move|p2a: Kingambit|Kowtow Cleave|p1a: Toxapex\n|-crit|p1a: Toxapex\n|-damage|p1a: Toxapex|0 fnt\n|faint|p1a: Toxapex\n|\n|-heal|p2a: Kingambit|43\/100|[from] item: Leftovers\n|upkeep\n|\n|t:|1700180034\n|switch|p1a: Zapdos|Zapdos|61\/100\n|turn|45\n|\n|t:|1700180038\n|move|p2a: Kingambit|Sucker Punch||[still]\n|-fail|p2a: Kingambit\n|move|p1a: Zapdos|Roost|p1a: Zapdos\n|-heal|p1a: Zapdos|100\/100\n|-singleturn|p1a: Zapdos|move: Roost\n|\n|-heal|p2a: Kingambit|49\/100|[from] item: Leftovers\n|upkeep\n|turn|46\n|\n|t:|1700180046\n|move|p2a: Kingambit|Sucker Punch|p1a: Zapdos\n|-damage|p1a: Zapdos|0 fnt\n|faint|p1a: Zapdos\n|\n|-heal|p2a: Kingambit|56\/100|[from] item: Leftovers\n|upkeep\n|\n|t:|1700180052\n|switch|p1a: Kingambit|Kingambit, M|94\/100\n|-activate|p1a: Kingambit|ability: Supreme Overlord\n|-start|p1a: Kingambit|fallen4|[silent]\n|turn|47\n|\n|t:|1700180056\n|move|p1a: Kingambit|Swords Dance|p1a: Kingambit\n|-boost|p1a: Kingambit|atk|2\n|move|p2a: Kingambit|Iron Head|p1a: Kingambit\n|-resisted|p1a: Kingambit\n|-damage|p1a: Kingambit|50\/100\n|\n|-heal|p2a: Kingambit|62\/100|[from] item: Leftovers\n|upkeep\n|turn|48\n|\n|t:|1700180064\n|-terastallize|p1a: Kingambit|Fairy\n|move|p1a: Kingambit|Sucker Punch|p2a: Kingambit\n|-resisted|p2a: Kingambit\n|-crit|p2a: Kingambit\n|-damage|p2a: Kingambit|0 fnt\n|faint|p2a: Kingambit\n|-end|p2a: Kingambit|fallen2|[silent]\n|\n|upkeep\n|\n|t:|1700180072\n|switch|p2a: Amoonguss|Amoonguss, M|100\/100\n|turn|49\n|\n|t:|1700180082\n|move|p1a: Kingambit|Sucker Punch|p2a: Amoonguss\n|-crit|p2a: Amoonguss\n|-damage|p2a: Amoonguss|0 fnt\n|faint|p2a: Amoonguss\n|\n|upkeep\n|c|\u2606hater do neymarx|Lol\n|c|\u2606dingus47|big unluckers\n|\n|t:|1700180099\n|switch|p2a: Great Tusk|Great Tusk|36\/100\n|turn|50\n|\n|t:|1700180108\n|move|p1a: Kingambit|Sucker Punch|p2a: Great Tusk\n|-resisted|p2a: Great Tusk\n|-damage|p2a: Great Tusk|3\/100\n|move|p2a: Great Tusk|Earthquake|p1a: Kingambit\n|-damage|p1a: Kingambit|20\/100\n|\n|upkeep\n|turn|51\n|\n|t:|1700180121\n|move|p1a: Kingambit|Sucker Punch||[still]\n|-fail|p1a: Kingambit\n|move|p2a: Great Tusk|Stealth Rock|p1a: Kingambit\n|-sidestart|p1: dingus47|move: Stealth Rock\n|\n|upkeep\n|turn|52\n|\n|t:|1700180123\n|move|p1a: Kingambit|Sucker Punch||[still]\n|-fail|p1a: Kingambit\n|move|p2a: Great Tusk|Stealth Rock||[still]\n|-fail|p2a: Great Tusk\n|\n|upkeep\n|turn|53\n|\n|t:|1700180125\n|move|p1a: Kingambit|Sucker Punch|p2a: Great Tusk\n|-resisted|p2a: Great Tusk\n|-damage|p2a: Great Tusk|0 fnt\n|faint|p2a: Great Tusk\n|-end|p2a: Great Tusk|Protosynthesis|[silent]\n|\n|upkeep\n|\n|t:|1700180129\n|switch|p2a: Ceruledge|Ceruledge, M|75\/100\n|turn|54\n|\n|t:|1700180139\n|move|p1a: Kingambit|Sucker Punch||[still]\n|-fail|p1a: Kingambit\n|move|p2a: Ceruledge|Swords Dance|p2a: Ceruledge\n|-boost|p2a: Ceruledge|atk|2\n|\n|upkeep\n|turn|55\n|\n|t:|1700180145\n|move|p2a: Ceruledge|Bitter Blade|p1a: Kingambit\n|-damage|p1a: Kingambit|0 fnt\n|-heal|p2a: Ceruledge|88\/100|[from] drain|[of] p1a: Kingambit\n|faint|p1a: Kingambit\n|-end|p1a: Kingambit|fallen4|[silent]\n|\n|upkeep\n|\n|t:|1700180149\n|switch|p1a: Rillaboom|Rillaboom, M|2\/100 psn\n|-damage|p1a: Rillaboom|0 fnt|[from] Stealth Rock\n|faint|p1a: Rillaboom\n|\n|win|hater do neymarx\n|raw|dingus47's rating: 1056 &rarr; <strong>1035<\/strong><br \/>(-21 for losing)\n|raw|hater do neymarx's rating: 1000 &rarr; <strong>1046<\/strong><br \/>(+46 for winning)\n|c|\u2606dingus47|gg\n|c|\u2606hater do neymarx|Gg!\n|l|\u2606dingus47\n","uploadtime":1700180156,"views":15,"p1id":"dingus47","p2id":"haterdoneymarx","formatid":"gen9ou","rating":1035,"private":0,"password":""}