{"id":"gen9ou-1988680620","p1":"misplaymaker","p2":"joiosa","format":"[Gen 9] OU","log":"|j|\u2606misplaymaker\n|j|\u2606joiosa\n|t:|1699749871\n|gametype|singles\n|player|p1|misplaymaker|acetrainer|1532\n|player|p2|joiosa|steven-masters4|1436\n|teamsize|p1|6\n|teamsize|p2|6\n|gen|9\n|tier|[Gen 9] OU\n|rated|\n|rule|Sleep Clause Mod: Limit one foe put to sleep\n|rule|Species Clause: Limit one of each Pok\u00e9mon\n|rule|OHKO Clause: OHKO moves are banned\n|rule|Evasion Items Clause: Evasion items are banned\n|rule|Evasion Moves Clause: Evasion moves are banned\n|rule|Endless Battle Clause: Forcing endless battles is banned\n|rule|HP Percentage Mod: HP is shown in percentages\n|clearpoke\n|poke|p1|Rillaboom, F|\n|poke|p1|Sneasler, M|\n|poke|p1|Heatran, M|\n|poke|p1|Walking Wake|\n|poke|p1|Kingambit, F|\n|poke|p1|Great Tusk|\n|poke|p2|Gliscor, F|\n|poke|p2|Amoonguss, M|\n|poke|p2|Zapdos|\n|poke|p2|Gholdengo|\n|poke|p2|Walking Wake|\n|poke|p2|Great Tusk|\n|teampreview\n|inactive|Battle timer is ON: inactive players will automatically lose when time's up. (requested by joiosa)\n|inactive|misplaymaker also wants the timer to be on.\n|j| IamBadNoH8Pls\n|\n|t:|1699749879\n|start\n|switch|p1a: Walking Wake|Walking Wake|100\/100\n|switch|p2a: Gliscor|Gliscor, F|100\/100\n|-enditem|p1a: Walking Wake|Booster Energy\n|-activate|p1a: Walking Wake|ability: Protosynthesis|[fromitem]\n|-start|p1a: Walking Wake|protosynthesisspa\n|turn|1\n|\n|t:|1699749898\n|switch|p2a: Walking Wake|Walking Wake|100\/100\n|-enditem|p2a: Walking Wake|Booster Energy\n|-activate|p2a: Walking Wake|ability: Protosynthesis|[fromitem]\n|-start|p2a: Walking Wake|protosynthesisspa\n|move|p1a: Walking Wake|Substitute|p1a: Walking Wake\n|-start|p1a: Walking Wake|Substitute\n|-damage|p1a: Walking Wake|76\/100\n|\n|upkeep\n|turn|2\n|l| IamBadNoH8Pls\n|\n|t:|1699749913\n|-terastallize|p2a: Walking Wake|Fairy\n|move|p1a: Walking Wake|Dragon Pulse|p2a: Walking Wake\n|-immune|p2a: Walking Wake\n|move|p2a: Walking Wake|Agility|p2a: Walking Wake\n|-boost|p2a: Walking Wake|spe|2\n|\n|upkeep\n|turn|3\n|\n|t:|1699749922\n|move|p2a: Walking Wake|Dragon Pulse|p1a: Walking Wake\n|-supereffective|p1a: Walking Wake\n|-end|p1a: Walking Wake|Substitute\n|move|p1a: Walking Wake|Scald|p2a: Walking Wake\n|-damage|p2a: Walking Wake|31\/100\n|\n|upkeep\n|turn|4\n|\n|t:|1699749945\n|-end|p1a: Walking Wake|Protosynthesis|[silent]\n|switch|p1a: Rillaboom|Rillaboom, F|100\/100\n|-fieldstart|move: Grassy Terrain|[from] ability: Grassy Surge|[of] p1a: Rillaboom\n|move|p2a: Walking Wake|Dragon Pulse|p1a: Rillaboom\n|-damage|p1a: Rillaboom|22\/100\n|\n|-heal|p2a: Walking Wake|38\/100|[from] Grassy Terrain\n|-heal|p1a: Rillaboom|28\/100|[from] Grassy Terrain\n|upkeep\n|turn|5\n|\n|t:|1699749959\n|-end|p2a: Walking Wake|Protosynthesis|[silent]\n|switch|p2a: Gliscor|Gliscor, F|100\/100\n|move|p1a: Rillaboom|Grassy Glide|p2a: Gliscor\n|-crit|p2a: Gliscor\n|-damage|p2a: Gliscor|44\/100\n|\n|-heal|p1a: Rillaboom|35\/100|[from] Grassy Terrain\n|-status|p2a: Gliscor|tox|[from] item: Toxic Orb\n|upkeep\n|turn|6\n|\n|t:|1699749971\n|-terastallize|p1a: Rillaboom|Grass\n|move|p2a: Gliscor|Protect|p2a: Gliscor\n|-singleturn|p2a: Gliscor|Protect\n|move|p1a: Rillaboom|Grassy Glide|p2a: Gliscor\n|-activate|p2a: Gliscor|move: Protect\n|\n|-heal|p1a: Rillaboom|41\/100|[from] Grassy Terrain\n|-heal|p2a: Gliscor|57\/100 tox|[from] ability: Poison Heal\n|upkeep\n|turn|7\n|\n|t:|1699749980\n|switch|p2a: Amoonguss|Amoonguss, M|100\/100\n|move|p1a: Rillaboom|Grassy Glide|p2a: Amoonguss\n|-resisted|p2a: Amoonguss\n|-damage|p2a: Amoonguss|86\/100\n|\n|-heal|p1a: Rillaboom|47\/100|[from] Grassy Terrain\n|-heal|p2a: Amoonguss|92\/100|[from] Grassy Terrain\n|-heal|p2a: Amoonguss|98\/100|[from] item: Black Sludge\n|upkeep\n|turn|8\n|\n|t:|1699749993\n|switch|p1a: Walking Wake|Walking Wake|76\/100\n|move|p2a: Amoonguss|Sludge Bomb|p1a: Walking Wake\n|-damage|p1a: Walking Wake|44\/100\n|\n|-heal|p1a: Walking Wake|50\/100|[from] Grassy Terrain\n|-heal|p2a: Amoonguss|100\/100|[from] Grassy Terrain\n|-fieldend|move: Grassy Terrain\n|upkeep\n|turn|9\n|\n|t:|1699750004\n|move|p1a: Walking Wake|Substitute|p1a: Walking Wake\n|-start|p1a: Walking Wake|Substitute\n|-damage|p1a: Walking Wake|25\/100\n|move|p2a: Amoonguss|Sludge Bomb|p1a: Walking Wake\n|-end|p1a: Walking Wake|Substitute\n|\n|upkeep\n|turn|10\n|\n|t:|1699750010\n|-end|p1a: Walking Wake|Protosynthesis|[silent]\n|switch|p1a: Heatran|Heatran, M|100\/100\n|-item|p1a: Heatran|Air Balloon\n|move|p2a: Amoonguss|Sludge Bomb|p1a: Heatran\n|-immune|p1a: Heatran\n|\n|upkeep\n|turn|11\n|inactive|joiosa has 120 seconds left.\n|\n|t:|1699750046\n|switch|p2a: Gliscor|Gliscor, F|57\/100 tox\n|move|p1a: Heatran|Taunt|p2a: Gliscor\n|-start|p2a: Gliscor|move: Taunt\n|\n|-heal|p2a: Gliscor|69\/100 tox|[from] ability: Poison Heal\n|upkeep\n|turn|12\n|\n|t:|1699750055\n|move|p2a: Gliscor|Knock Off|p1a: Heatran\n|-damage|p1a: Heatran|81\/100\n|-enditem|p1a: Heatran|Air Balloon\n|move|p1a: Heatran|Magma Storm|p2a: Gliscor\n|-damage|p2a: Gliscor|20\/100 tox\n|-activate|p2a: Gliscor|move: Magma Storm|[of] p1a: Heatran\n|\n|-heal|p2a: Gliscor|33\/100 tox|[from] ability: Poison Heal\n|-damage|p2a: Gliscor|20\/100 tox|[from] move: Magma Storm|[partiallytrapped]\n|upkeep\n|turn|13\n|\n|t:|1699750076\n|switch|p1a: Rillaboom|Rillaboom, F, tera:Grass|47\/100\n|-fieldstart|move: Grassy Terrain|[from] ability: Grassy Surge|[of] p1a: Rillaboom\n|move|p2a: Gliscor|Earthquake|p1a: Rillaboom\n|-resisted|p1a: Rillaboom\n|-damage|p1a: Rillaboom|39\/100\n|\n|-heal|p1a: Rillaboom|45\/100|[from] Grassy Terrain\n|-heal|p2a: Gliscor|33\/100 tox|[from] ability: Poison Heal\n|-end|p2a: Gliscor|Magma Storm|[partiallytrapped]|[silent]\n|-end|p2a: Gliscor|move: Taunt\n|upkeep\n|turn|14\n|inactive|misplaymaker has 120 seconds left.\n|\n|t:|1699750114\n|switch|p1a: Heatran|Heatran, M|81\/100\n|move|p2a: Gliscor|Protect||[still]\n|-fail|p2a: Gliscor\n|\n|-heal|p1a: Heatran|87\/100|[from] Grassy Terrain\n|-heal|p2a: Gliscor|45\/100 tox|[from] ability: Poison Heal\n|upkeep\n|turn|15\n|\n|t:|1699750123\n|move|p2a: Gliscor|Protect|p2a: Gliscor\n|-singleturn|p2a: Gliscor|Protect\n|move|p1a: Heatran|Magma Storm|p2a: Gliscor\n|-activate|p2a: Gliscor|move: Protect\n|\n|-heal|p1a: Heatran|93\/100|[from] Grassy Terrain\n|-heal|p2a: Gliscor|58\/100 tox|[from] ability: Poison Heal\n|upkeep\n|turn|16\n|\n|t:|1699750131\n|move|p2a: Gliscor|Earthquake|p1a: Heatran\n|-supereffective|p1a: Heatran\n|-damage|p1a: Heatran|34\/100\n|move|p1a: Heatran|Magma Storm|p2a: Gliscor\n|-damage|p2a: Gliscor|2\/100 tox\n|-activate|p2a: Gliscor|move: Magma Storm|[of] p1a: Heatran\n|\n|-heal|p1a: Heatran|40\/100|[from] Grassy Terrain\n|-heal|p2a: Gliscor|15\/100 tox|[from] ability: Poison Heal\n|-damage|p2a: Gliscor|2\/100 tox|[from] move: Magma Storm|[partiallytrapped]\n|upkeep\n|turn|17\n|inactive|misplaymaker has 120 seconds left.\n|\n|t:|1699750163\n|switch|p1a: Walking Wake|Walking Wake|25\/100\n|move|p2a: Gliscor|Earthquake|p1a: Walking Wake\n|-damage|p1a: Walking Wake|7\/100\n|\n|-heal|p1a: Walking Wake|13\/100|[from] Grassy Terrain\n|-heal|p2a: Gliscor|15\/100 tox|[from] ability: Poison Heal\n|-end|p2a: Gliscor|Magma Storm|[partiallytrapped]|[silent]\n|-fieldend|move: Grassy Terrain\n|upkeep\n|turn|18\n|\n|t:|1699750176\n|move|p2a: Gliscor|Protect|p2a: Gliscor\n|-singleturn|p2a: Gliscor|Protect\n|move|p1a: Walking Wake|Dragon Pulse|p2a: Gliscor\n|-activate|p2a: Gliscor|move: Protect\n|\n|-heal|p2a: Gliscor|27\/100 tox|[from] ability: Poison Heal\n|upkeep\n|turn|19\n|\n|t:|1699750200\n|-end|p1a: Walking Wake|Protosynthesis|[silent]\n|switch|p1a: Heatran|Heatran, M|40\/100\n|switch|p2a: Amoonguss|Amoonguss, M|100\/100\n|\n|upkeep\n|turn|20\n|\n|t:|1699750211\n|move|p1a: Heatran|Stealth Rock|p2a: Amoonguss\n|-sidestart|p2: joiosa|move: Stealth Rock\n|move|p2a: Amoonguss|Spore|p1a: Heatran\n|-status|p1a: Heatran|slp|[from] move: Spore\n|\n|upkeep\n|turn|21\n|\n|t:|1699750222\n|switch|p2a: Great Tusk|Great Tusk|100\/100\n|cant|p1a: Heatran|slp\n|\n|upkeep\n|turn|22\n|\n|t:|1699750229\n|switch|p1a: Rillaboom|Rillaboom, F, tera:Grass|45\/100\n|-fieldstart|move: Grassy Terrain|[from] ability: Grassy Surge|[of] p1a: Rillaboom\n|move|p2a: Great Tusk|Rapid Spin|p1a: Rillaboom\n|-damage|p1a: Rillaboom|27\/100\n|-boost|p2a: Great Tusk|spe|1\n|-sideend|p2: joiosa|Stealth Rock|[from] move: Rapid Spin|[of] p2a: Great Tusk\n|\n|-heal|p1a: Rillaboom|33\/100|[from] Grassy Terrain\n|upkeep\n|turn|23\n|\n|t:|1699750240\n|-end|p2a: Great Tusk|Protosynthesis|[silent]\n|switch|p2a: Amoonguss|Amoonguss, M|100\/100\n|move|p1a: Rillaboom|Grassy Glide|p2a: Amoonguss\n|-resisted|p2a: Amoonguss\n|-damage|p2a: Amoonguss|84\/100\n|\n|-heal|p1a: Rillaboom|40\/100|[from] Grassy Terrain\n|-heal|p2a: Amoonguss|91\/100|[from] Grassy Terrain\n|-heal|p2a: Amoonguss|97\/100|[from] item: Black Sludge\n|upkeep\n|turn|24\n|\n|t:|1699750250\n|switch|p1a: Heatran|Heatran, M|40\/100 slp\n|move|p2a: Amoonguss|Sludge Bomb|p1a: Heatran\n|-immune|p1a: Heatran\n|\n|-heal|p1a: Heatran|47\/100 slp|[from] Grassy Terrain\n|-heal|p2a: Amoonguss|100\/100|[from] Grassy Terrain\n|upkeep\n|turn|25\n|\n|t:|1699750258\n|switch|p2a: Gliscor|Gliscor, F|27\/100 tox\n|-curestatus|p1a: Heatran|slp|[msg]\n|move|p1a: Heatran|Magma Storm|p2a: Gliscor\n|-damage|p2a: Gliscor|0 fnt\n|faint|p2a: Gliscor\n|\n|-heal|p1a: Heatran|53\/100|[from] Grassy Terrain\n|upkeep\n|\n|t:|1699750270\n|switch|p2a: Walking Wake|Walking Wake, tera:Fairy|38\/100\n|turn|26\n|inactive|misplaymaker has 120 seconds left.\n|\n|t:|1699750287\n|switch|p1a: Walking Wake|Walking Wake|13\/100\n|move|p2a: Walking Wake|Surf|p1a: Walking Wake\n|-resisted|p1a: Walking Wake\n|-damage|p1a: Walking Wake|0 fnt\n|faint|p1a: Walking Wake\n|-end|p1a: Walking Wake|Protosynthesis|[silent]\n|\n|-heal|p2a: Walking Wake|44\/100|[from] Grassy Terrain\n|-fieldend|move: Grassy Terrain\n|upkeep\n|\n|t:|1699750302\n|switch|p1a: Kingambit|Kingambit, F|100\/100\n|-activate|p1a: Kingambit|ability: Supreme Overlord\n|-start|p1a: Kingambit|fallen1|[silent]\n|turn|27\n|\n|t:|1699750322\n|-end|p2a: Walking Wake|Protosynthesis|[silent]\n|switch|p2a: Great Tusk|Great Tusk|100\/100\n|move|p1a: Kingambit|Iron Head|p2a: Great Tusk\n|-damage|p2a: Great Tusk|69\/100\n|\n|upkeep\n|turn|28\n|\n|t:|1699750336\n|-end|p1a: Kingambit|fallen1|[silent]\n|switch|p1a: Great Tusk|Great Tusk|100\/100\n|-enditem|p1a: Great Tusk|Booster Energy\n|-activate|p1a: Great Tusk|ability: Protosynthesis|[fromitem]\n|-start|p1a: Great Tusk|protosynthesisatk\n|move|p2a: Great Tusk|Rapid Spin|p1a: Great Tusk\n|-damage|p1a: Great Tusk|88\/100\n|-boost|p2a: Great Tusk|spe|1\n|\n|upkeep\n|turn|29\n|inactive|misplaymaker has 120 seconds left.\n|inactive|joiosa has 120 seconds left.\n|\n|t:|1699750382\n|move|p2a: Great Tusk|Close Combat|p1a: Great Tusk\n|-damage|p1a: Great Tusk|43\/100\n|-unboost|p2a: Great Tusk|def|1\n|-unboost|p2a: Great Tusk|spd|1\n|move|p1a: Great Tusk|Rapid Spin|p2a: Great Tusk\n|-damage|p2a: Great Tusk|43\/100\n|-boost|p1a: Great Tusk|spe|1\n|\n|upkeep\n|turn|30\n|inactive|misplaymaker has 120 seconds left.\n|\n|t:|1699750393\n|move|p2a: Great Tusk|Close Combat|p1a: Great Tusk\n|-damage|p1a: Great Tusk|0 fnt\n|-unboost|p2a: Great Tusk|def|1\n|-unboost|p2a: Great Tusk|spd|1\n|faint|p1a: Great Tusk\n|-end|p1a: Great Tusk|Protosynthesis|[silent]\n|\n|upkeep\n|inactive|misplaymaker has 120 seconds left.\n|\n|t:|1699750400\n|switch|p1a: Rillaboom|Rillaboom, F, tera:Grass|40\/100\n|-fieldstart|move: Grassy Terrain|[from] ability: Grassy Surge|[of] p1a: Rillaboom\n|turn|31\n|\n|t:|1699750407\n|-end|p2a: Great Tusk|Protosynthesis|[silent]\n|switch|p2a: Amoonguss|Amoonguss, M|100\/100\n|move|p1a: Rillaboom|U-turn|p2a: Amoonguss\n|-damage|p2a: Amoonguss|68\/100\n|\n|t:|1699750415\n|switch|p1a: Heatran|Heatran, M|53\/100|[from] U-turn\n|\n|-heal|p1a: Heatran|59\/100|[from] Grassy Terrain\n|-heal|p2a: Amoonguss|74\/100|[from] Grassy Terrain\n|-heal|p2a: Amoonguss|80\/100|[from] item: Black Sludge\n|upkeep\n|turn|32\n|\n|t:|1699750424\n|move|p1a: Heatran|Magma Storm|p2a: Amoonguss\n|-supereffective|p2a: Amoonguss\n|-damage|p2a: Amoonguss|3\/100\n|-activate|p2a: Amoonguss|move: Magma Storm|[of] p1a: Heatran\n|move|p2a: Amoonguss|Spore|p1a: Heatran\n|-status|p1a: Heatran|slp|[from] move: Spore\n|\n|-heal|p1a: Heatran|65\/100 slp|[from] Grassy Terrain\n|-heal|p2a: Amoonguss|10\/100|[from] Grassy Terrain\n|-heal|p2a: Amoonguss|16\/100|[from] item: Black Sludge\n|-damage|p2a: Amoonguss|3\/100|[from] move: Magma Storm|[partiallytrapped]\n|upkeep\n|turn|33\n|\n|t:|1699750442\n|cant|p1a: Heatran|slp\n|move|p2a: Amoonguss|Foul Play|p1a: Heatran\n|-damage|p1a: Heatran|53\/100 slp\n|\n|-heal|p1a: Heatran|59\/100 slp|[from] Grassy Terrain\n|-heal|p2a: Amoonguss|10\/100|[from] Grassy Terrain\n|-heal|p2a: Amoonguss|16\/100|[from] item: Black Sludge\n|-damage|p2a: Amoonguss|3\/100|[from] move: Magma Storm|[partiallytrapped]\n|upkeep\n|turn|34\n|inactive|misplaymaker has 120 seconds left.\n|\n|t:|1699750463\n|cant|p1a: Heatran|slp\n|move|p2a: Amoonguss|Foul Play|p1a: Heatran\n|-crit|p1a: Heatran\n|-damage|p1a: Heatran|41\/100 slp\n|-status|p2a: Amoonguss|brn|[from] ability: Flame Body|[of] p1a: Heatran\n|\n|-heal|p1a: Heatran|48\/100 slp|[from] Grassy Terrain\n|-heal|p2a: Amoonguss|10\/100 brn|[from] Grassy Terrain\n|-heal|p2a: Amoonguss|16\/100 brn|[from] item: Black Sludge\n|-damage|p2a: Amoonguss|10\/100 brn|[from] brn\n|-damage|p2a: Amoonguss|0 fnt|[from] move: Magma Storm|[partiallytrapped]\n|faint|p2a: Amoonguss\n|upkeep\n|inactive|joiosa has 120 seconds left.\n|\n|t:|1699750489\n|switch|p2a: Gholdengo|Gholdengo|100\/100\n|turn|35\n|\n|t:|1699750494\n|move|p2a: Gholdengo|Focus Blast|p1a: Heatran\n|-supereffective|p1a: Heatran\n|-damage|p1a: Heatran|0 fnt\n|faint|p1a: Heatran\n|\n|-fieldend|move: Grassy Terrain\n|upkeep\n|\n|t:|1699750503\n|switch|p1a: Kingambit|Kingambit, F|100\/100\n|-activate|p1a: Kingambit|ability: Supreme Overlord\n|-start|p1a: Kingambit|fallen3|[silent]\n|turn|36\n|inactive|joiosa has 120 seconds left.\n|\n|t:|1699750533\n|switch|p2a: Great Tusk|Great Tusk|43\/100\n|move|p1a: Kingambit|Sucker Punch||[still]\n|-fail|p1a: Kingambit\n|\n|upkeep\n|turn|37\n|\n|t:|1699750539\n|-end|p1a: Kingambit|fallen3|[silent]\n|switch|p1a: Rillaboom|Rillaboom, F, tera:Grass|40\/100\n|-fieldstart|move: Grassy Terrain|[from] ability: Grassy Surge|[of] p1a: Rillaboom\n|move|p2a: Great Tusk|Headlong Rush|p1a: Rillaboom\n|-resisted|p1a: Rillaboom\n|-crit|p1a: Rillaboom\n|-damage|p1a: Rillaboom|0 fnt\n|-unboost|p2a: Great Tusk|def|1\n|-unboost|p2a: Great Tusk|spd|1\n|faint|p1a: Rillaboom\n|\n|-heal|p2a: Great Tusk|50\/100|[from] Grassy Terrain\n|upkeep\n|\n|t:|1699750551\n|switch|p1a: Sneasler|Sneasler, M|100\/100\n|-enditem|p1a: Sneasler|Grassy Seed\n|-boost|p1a: Sneasler|def|1|[from] item: Grassy Seed\n|turn|38\n|inactive|joiosa has 120 seconds left.\n|\n|t:|1699750563\n|move|p1a: Sneasler|Swords Dance|p1a: Sneasler\n|-boost|p1a: Sneasler|atk|2\n|move|p2a: Great Tusk|Headlong Rush|p1a: Sneasler\n|-supereffective|p1a: Sneasler\n|-damage|p1a: Sneasler|0 fnt\n|-unboost|p2a: Great Tusk|def|1\n|-unboost|p2a: Great Tusk|spd|1\n|faint|p1a: Sneasler\n|\n|-heal|p2a: Great Tusk|56\/100|[from] Grassy Terrain\n|upkeep\n|\n|t:|1699750568\n|switch|p1a: Kingambit|Kingambit, F|100\/100\n|-activate|p1a: Kingambit|ability: Supreme Overlord\n|-start|p1a: Kingambit|fallen5|[silent]\n|turn|39\n|inactive|joiosa has 120 seconds left.\n|\n|t:|1699750584\n|-end|p2a: Great Tusk|Protosynthesis|[silent]\n|switch|p2a: Walking Wake|Walking Wake, tera:Fairy|44\/100\n|move|p1a: Kingambit|Sucker Punch||[still]\n|-fail|p1a: Kingambit\n|\n|-heal|p2a: Walking Wake|50\/100|[from] Grassy Terrain\n|upkeep\n|turn|40\n|\n|t:|1699750589\n|move|p2a: Walking Wake|Flamethrower|p1a: Kingambit\n|-supereffective|p1a: Kingambit\n|-damage|p1a: Kingambit|19\/100\n|move|p1a: Kingambit|Swords Dance|p1a: Kingambit\n|-boost|p1a: Kingambit|atk|2\n|\n|-heal|p2a: Walking Wake|56\/100|[from] Grassy Terrain\n|-heal|p1a: Kingambit|25\/100|[from] Grassy Terrain\n|-heal|p1a: Kingambit|31\/100|[from] item: Leftovers\n|upkeep\n|turn|41\n|\n|t:|1699750599\n|move|p1a: Kingambit|Sucker Punch|p2a: Walking Wake\n|-resisted|p2a: Walking Wake\n|-damage|p2a: Walking Wake|0 fnt\n|faint|p2a: Walking Wake\n|-end|p2a: Walking Wake|Protosynthesis|[silent]\n|\n|-heal|p1a: Kingambit|37\/100|[from] Grassy Terrain\n|-heal|p1a: Kingambit|43\/100|[from] item: Leftovers\n|-fieldend|move: Grassy Terrain\n|upkeep\n|\n|t:|1699750607\n|switch|p2a: Great Tusk|Great Tusk|56\/100\n|turn|42\n|\n|t:|1699750612\n|move|p1a: Kingambit|Sucker Punch|p2a: Great Tusk\n|-resisted|p2a: Great Tusk\n|-damage|p2a: Great Tusk|12\/100\n|move|p2a: Great Tusk|Close Combat|p1a: Kingambit\n|-supereffective|p1a: Kingambit\n|-damage|p1a: Kingambit|0 fnt\n|-unboost|p2a: Great Tusk|def|1\n|-unboost|p2a: Great Tusk|spd|1\n|faint|p1a: Kingambit\n|-end|p1a: Kingambit|fallen5|[silent]\n|\n|win|joiosa\n|raw|misplaymaker's rating: 1532 &rarr; <strong>1507<\/strong><br \/>(-25 for losing)\n|raw|joiosa's rating: 1436 &rarr; <strong>1461<\/strong><br \/>(+25 for winning)\n|c|\u2606joiosa|gg\n|l|\u2606misplaymaker\n|c|\u2606joiosa|what a battle\n|l|\u2606joiosa\n|j|\u2606joiosa\n|player|p2|joiosa|steven-masters4\n","uploadtime":1699750674,"views":14,"p1id":"misplaymaker","p2id":"joiosa","formatid":"gen9ou","rating":1461,"private":0,"password":""}