{"id":"gen9ou-1992654768","p1":"ShittyDitch69","p2":"schoolplayer753","format":"[Gen 9] OU","log":"|j|\u2606ShittyDitch69\n|j|\u2606schoolplayer753\n|t:|1700221023\n|gametype|singles\n|player|p1|ShittyDitch69|2|1299\n|player|p2|schoolplayer753|265|1335\n|teamsize|p1|6\n|teamsize|p2|6\n|gen|9\n|tier|[Gen 9] OU\n|rated|\n|rule|Sleep Clause Mod: Limit one foe put to sleep\n|rule|Species Clause: Limit one of each Pok\u00e9mon\n|rule|OHKO Clause: OHKO moves are banned\n|rule|Evasion Items Clause: Evasion items are banned\n|rule|Evasion Moves Clause: Evasion moves are banned\n|rule|Endless Battle Clause: Forcing endless battles is banned\n|rule|HP Percentage Mod: HP is shown in percentages\n|clearpoke\n|poke|p1|Dragapult, M|\n|poke|p1|Breloom, M|\n|poke|p1|Ribombee, M|\n|poke|p1|Toxapex, M|\n|poke|p1|Scizor, M|\n|poke|p1|Conkeldurr, M|\n|poke|p2|Iron Moth|\n|poke|p2|Kingambit, F|\n|poke|p2|Zoroark-Hisui, M|\n|poke|p2|Pawmot, M|\n|poke|p2|Landorus-Therian, M|\n|poke|p2|Torkoal, M|\n|teampreview\n|inactive|Battle timer is ON: inactive players will automatically lose when time's up. (requested by ShittyDitch69)\n|\n|t:|1700221061\n|start\n|switch|p1a: Ribombee|Ribombee, M|100\/100\n|switch|p2a: shi idk|Iron Moth|100\/100\n|-enditem|p2a: shi idk|Booster Energy\n|-activate|p2a: shi idk|ability: Quark Drive|[fromitem]\n|-start|p2a: shi idk|quarkdrivespa\n|turn|1\n|\n|t:|1700221067\n|-terastallize|p1a: Ribombee|Ground\n|move|p1a: Ribombee|Tera Blast|p2a: shi idk|[anim] Tera Blast Ground\n|-supereffective|p2a: shi idk\n|-damage|p2a: shi idk|0 fnt\n|faint|p2a: shi idk\n|-end|p2a: shi idk|Quark Drive|[silent]\n|\n|upkeep\n|\n|t:|1700221088\n|switch|p2a: no|Landorus-Therian, M|100\/100\n|-ability|p2a: no|Intimidate|boost\n|-unboost|p1a: Ribombee|atk|1\n|turn|2\n|c|\u2606schoolplayer753|damn u got me there icl\n|\n|t:|1700221107\n|switch|p1a: Conkeldurr|Conkeldurr, M|100\/100\n|move|p2a: no|Earthquake|p1a: Conkeldurr\n|-damage|p1a: Conkeldurr|52\/100\n|\n|-status|p1a: Conkeldurr|brn|[from] item: Flame Orb\n|upkeep\n|turn|3\n|c|\u2606ShittyDitch69|Fr\n|\n|t:|1700221113\n|move|p2a: no|Earthquake|p1a: Conkeldurr\n|-damage|p1a: Conkeldurr|3\/100 brn\n|move|p1a: Conkeldurr|Knock Off|p2a: no\n|-damage|p2a: no|37\/100\n|-enditem|p2a: no|Choice Scarf|[from] move: Knock Off|[of] p1a: Conkeldurr\n|\n|-damage|p1a: Conkeldurr|0 fnt|[from] brn\n|faint|p1a: Conkeldurr\n|upkeep\n|\n|t:|1700221127\n|switch|p1a: Ribombee|Ribombee, M, tera:Ground|100\/100\n|turn|4\n|\n|t:|1700221131\n|move|p1a: Ribombee|Moonblast|p2a: no\n|-damage|p2a: no|0 fnt\n|faint|p2a: no\n|\n|upkeep\n|\n|t:|1700221144\n|switch|p2a: red blastoise|Torkoal, M|100\/100\n|turn|5\n|\n|t:|1700221156\n|switch|p1a: Toxapex|Toxapex, M|100\/100\n|move|p2a: red blastoise|Hyper Voice|p1a: Toxapex\n|-damage|p1a: Toxapex|65\/100\n|-damage|p2a: red blastoise|91\/100|[from] item: Life Orb\n|\n|upkeep\n|turn|6\n|\n|t:|1700221167\n|move|p2a: red blastoise|U-turn|p1a: Toxapex\n|-resisted|p1a: Toxapex\n|-damage|p1a: Toxapex|57\/100\n|-damage|p2a: red blastoise|81\/100|[from] item: Life Orb\n|\n|t:|1700221172\n|switch|p2a: big pikachu|Pawmot, M|100\/100|[from] U-turn\n|move|p1a: Toxapex|Surf|p2a: big pikachu\n|-damage|p2a: big pikachu|47\/100\n|\n|upkeep\n|turn|7\n|\n|t:|1700221177\n|move|p2a: big pikachu|Revival Blessing|p2a: big pikachu\n|-enditem|p2a: big pikachu|Leppa Berry|[eat]\n|-activate|p2a: big pikachu|item: Leppa Berry|Revival Blessing|[consumed]\n|\n|t:|1700221180\n|-heal|p2: shi idk|50\/100|[from] move: Revival Blessing\n|move|p1a: Toxapex|Surf|p2a: big pikachu\n|-damage|p2a: big pikachu|0 fnt\n|faint|p2a: big pikachu\n|\n|upkeep\n|\n|t:|1700221190\n|switch|p2a: swiss knife|Kingambit, F|100\/100\n|-activate|p2a: swiss knife|ability: Supreme Overlord\n|-start|p2a: swiss knife|fallen3|[silent]\n|turn|8\n|\n|t:|1700221199\n|move|p2a: swiss knife|Swords Dance|p2a: swiss knife\n|-boost|p2a: swiss knife|atk|2\n|move|p1a: Toxapex|Surf|p2a: swiss knife\n|-damage|p2a: swiss knife|73\/100\n|\n|-heal|p2a: swiss knife|79\/100|[from] item: Leftovers\n|upkeep\n|turn|9\n|\n|t:|1700221205\n|move|p2a: swiss knife|Kowtow Cleave|p1a: Toxapex\n|-damage|p1a: Toxapex|0 fnt\n|faint|p1a: Toxapex\n|\n|-heal|p2a: swiss knife|85\/100|[from] item: Leftovers\n|upkeep\n|\n|t:|1700221211\n|switch|p1a: Breloom|Breloom, M|100\/100\n|turn|10\n|\n|t:|1700221220\n|-end|p2a: swiss knife|fallen3|[silent]\n|switch|p2a: red blastoise|Torkoal, M|81\/100\n|move|p1a: Breloom|Close Combat|p2a: red blastoise\n|-immune|p2a: red blastoise\n|\n|upkeep\n|turn|11\n|\n|t:|1700221229\n|switch|p1a: Dragapult|Dragapult, M|100\/100\n|move|p2a: red blastoise|Hyper Voice|p1a: Dragapult\n|-immune|p1a: Dragapult\n|\n|upkeep\n|turn|12\n|\n|t:|1700221237\n|switch|p2a: swiss knife|Kingambit, F|85\/100\n|-activate|p2a: swiss knife|ability: Supreme Overlord\n|-start|p2a: swiss knife|fallen3|[silent]\n|move|p1a: Dragapult|Draco Meteor|p2a: swiss knife\n|-resisted|p2a: swiss knife\n|-damage|p2a: swiss knife|48\/100\n|-unboost|p1a: Dragapult|spa|2\n|\n|-heal|p2a: swiss knife|54\/100|[from] item: Leftovers\n|upkeep\n|turn|13\n|\n|t:|1700221245\n|switch|p1a: Scizor|Scizor, M|100\/100\n|-end|p2a: swiss knife|fallen3|[silent]\n|switch|p2a: red blastoise|Torkoal, M|81\/100\n|\n|upkeep\n|turn|14\n|\n|t:|1700221259\n|switch|p2a: red blastoise|Torkoal, M|100\/100\n|-weather|SunnyDay|[from] ability: Drought|[of] p2a: red blastoise\n|switch|p1a: Dragapult|Dragapult, M|100\/100\n|\n|-weather|SunnyDay|[upkeep]\n|upkeep\n|turn|15\n|\n|t:|1700221267\n|move|p1a: Dragapult|Draco Meteor|p2a: red blastoise\n|-damage|p2a: red blastoise|29\/100\n|-unboost|p1a: Dragapult|spa|2\n|move|p2a: red blastoise|Lava Plume|p1a: Dragapult\n|-resisted|p1a: Dragapult\n|-damage|p1a: Dragapult|77\/100\n|\n|-weather|SunnyDay|[upkeep]\n|-heal|p2a: red blastoise|35\/100|[from] item: Leftovers\n|upkeep\n|turn|16\n|\n|t:|1700221278\n|switch|p1a: Ribombee|Ribombee, M, tera:Ground|100\/100\n|switch|p2a: swiss knife|Kingambit, F|54\/100\n|-activate|p2a: swiss knife|ability: Supreme Overlord\n|-start|p2a: swiss knife|fallen3|[silent]\n|\n|-weather|SunnyDay|[upkeep]\n|-heal|p2a: swiss knife|60\/100|[from] item: Leftovers\n|upkeep\n|turn|17\n|\n|t:|1700221298\n|switch|p1a: Scizor|Scizor, M|100\/100\n|move|p2a: swiss knife|Kowtow Cleave|p1a: Scizor\n|-damage|p1a: Scizor|35\/100\n|\n|-weather|SunnyDay|[upkeep]\n|-heal|p1a: Scizor|42\/100|[from] item: Leftovers\n|-heal|p2a: swiss knife|66\/100|[from] item: Leftovers\n|upkeep\n|turn|18\n|\n|t:|1700221305\n|move|p1a: Scizor|Pounce|p2a: swiss knife\n|-damage|p2a: swiss knife|33\/100\n|-unboost|p2a: swiss knife|spe|1\n|move|p2a: swiss knife|Kowtow Cleave|p1a: Scizor\n|-damage|p1a: Scizor|0 fnt\n|faint|p1a: Scizor\n|\n|-weather|none\n|-heal|p2a: swiss knife|40\/100|[from] item: Leftovers\n|upkeep\n|\n|t:|1700221318\n|switch|p1a: Breloom|Breloom, M|100\/100\n|turn|19\n|\n|t:|1700221325\n|move|p1a: Breloom|Bullet Seed|p2a: swiss knife\n|-resisted|p2a: swiss knife\n|-damage|p2a: swiss knife|29\/100\n|-resisted|p2a: swiss knife\n|-damage|p2a: swiss knife|17\/100\n|-resisted|p2a: swiss knife\n|-damage|p2a: swiss knife|5\/100\n|-hitcount|p2a: swiss knife|3\n|move|p2a: swiss knife|Kowtow Cleave|p1a: Breloom\n|-resisted|p1a: Breloom\n|-damage|p1a: Breloom|50\/100\n|\n|-heal|p2a: swiss knife|11\/100|[from] item: Leftovers\n|upkeep\n|turn|20\n|\n|t:|1700221334\n|move|p2a: swiss knife|Sucker Punch|p1a: Breloom\n|-resisted|p1a: Breloom\n|-damage|p1a: Breloom|6\/100\n|move|p1a: Breloom|Bullet Seed|p2a: swiss knife\n|-resisted|p2a: swiss knife\n|-damage|p2a: swiss knife|0 fnt\n|faint|p2a: swiss knife\n|-end|p2a: swiss knife|fallen3|[silent]\n|-hitcount|p2: swiss knife|1\n|\n|upkeep\n|\n|t:|1700221342\n|switch|p2a: shi idk|Iron Moth|81\/100\n|turn|21\n|\n|t:|1700221349\n|move|p2a: shi idk|Bitter Malice|p1a: Breloom\n|-damage|p1a: Breloom|0 fnt\n|faint|p1a: Breloom\n|-damage|p2a: shi idk|71\/100|[from] item: Life Orb\n|\n|upkeep\n|\n|t:|1700221353\n|switch|p1a: Ribombee|Ribombee, M, tera:Ground|100\/100\n|turn|22\n|\n|t:|1700221359\n|switch|p2a: red blastoise|Torkoal, M|35\/100\n|-weather|SunnyDay|[from] ability: Drought|[of] p2a: red blastoise\n|move|p1a: Ribombee|Tera Blast|p2a: red blastoise|[anim] Tera Blast Ground\n|-supereffective|p2a: red blastoise\n|-damage|p2a: red blastoise|0 fnt\n|faint|p2a: red blastoise\n|\n|-weather|SunnyDay|[upkeep]\n|upkeep\n|\n|t:|1700221363\n|switch|p2a: shi idk|Iron Moth|50\/100\n|turn|23\n|\n|t:|1700221370\n|switch|p1a: Dragapult|Dragapult, M|77\/100\n|-terastallize|p2a: shi idk|Water\n|move|p2a: shi idk|Tera Blast|p1a: Dragapult|[anim] Tera Blast Water\n|-resisted|p1a: Dragapult\n|-damage|p1a: Dragapult|61\/100\n|\n|-weather|SunnyDay|[upkeep]\n|upkeep\n|turn|24\n|\n|t:|1700221379\n|move|p1a: Dragapult|Draco Meteor|p2a: shi idk\n|-damage|p2a: shi idk|0 fnt\n|-unboost|p1a: Dragapult|spa|2\n|faint|p2a: shi idk\n|-end|p2a: shi idk|Quark Drive|[silent]\n|\n|-weather|SunnyDay|[upkeep]\n|upkeep\n|\n|t:|1700221382\n|switch|p2a: hi|Zoroark-Hisui, M|71\/100\n|turn|25\n|\n|t:|1700221386\n|move|p1a: Dragapult|Draco Meteor|p2a: hi\n|-damage|p2a: hi|0 fnt\n|-unboost|p1a: Dragapult|spa|2\n|faint|p2a: hi\n|\n|win|ShittyDitch69\n|raw|ShittyDitch69's rating: 1299 &rarr; <strong>1327<\/strong><br \/>(+28 for winning)\n|raw|schoolplayer753's rating: 1335 &rarr; <strong>1313<\/strong><br \/>(-22 for losing)\n|c|\u2606schoolplayer753|gg\n|c|\u2606ShittyDitch69|Gg\n","uploadtime":1700221392,"views":8,"p1id":"shittyditch69","p2id":"schoolplayer753","formatid":"gen9ou","rating":1313,"private":0,"password":""}