{"id":"gen9ou-1990757406","p1":"swagypeggy","p2":"luckypants54","format":"[Gen 9] OU","log":"|j|\u2606swagypeggy\n|j|\u2606luckypants54\n|t:|1699997984\n|gametype|singles\n|player|p1|swagypeggy|blackbelt|1352\n|player|p2|luckypants54|scott|1429\n|teamsize|p1|6\n|teamsize|p2|6\n|gen|9\n|tier|[Gen 9] OU\n|rated|\n|rule|Sleep Clause Mod: Limit one foe put to sleep\n|rule|Species Clause: Limit one of each Pok\u00e9mon\n|rule|OHKO Clause: OHKO moves are banned\n|rule|Evasion Items Clause: Evasion items are banned\n|rule|Evasion Moves Clause: Evasion moves are banned\n|rule|Endless Battle Clause: Forcing endless battles is banned\n|rule|HP Percentage Mod: HP is shown in percentages\n|clearpoke\n|poke|p1|Hoopa-Unbound|\n|poke|p1|Amoonguss, F|\n|poke|p1|Landorus-Therian, M|\n|poke|p1|Dragapult, M|\n|poke|p1|Cinderace, M|\n|poke|p1|Kingambit, F|\n|poke|p2|Skeledirge, M|\n|poke|p2|Slowking-Galar, M|\n|poke|p2|Ting-Lu|\n|poke|p2|Zapdos|\n|poke|p2|Hoopa-Unbound|\n|poke|p2|Dragapult, F|\n|teampreview\n|inactive|Battle timer is ON: inactive players will automatically lose when time's up. (requested by luckypants54)\n|\n|t:|1699997994\n|start\n|switch|p1a: Landorus|Landorus-Therian, M|100\/100\n|switch|p2a: Hoopa|Hoopa-Unbound|100\/100\n|-ability|p1a: Landorus|Intimidate|boost\n|-unboost|p2a: Hoopa|atk|1\n|turn|1\n|\n|t:|1699998013\n|switch|p2a: Zapdos|Zapdos|100\/100\n|move|p1a: Landorus|U-turn|p2a: Zapdos\n|-resisted|p2a: Zapdos\n|-damage|p2a: Zapdos|92\/100\n|-status|p1a: Landorus|par|[from] ability: Static|[of] p2a: Zapdos\n|\n|t:|1699998030\n|switch|p1a: Cinderace|Cinderace, M|100\/100|[from] U-turn\n|\n|upkeep\n|turn|2\n|\n|t:|1699998035\n|move|p1a: Cinderace|Pyro Ball|p2a: Zapdos\n|-damage|p2a: Zapdos|51\/100\n|move|p2a: Zapdos|Thunder Wave|p1a: Cinderace\n|-status|p1a: Cinderace|par\n|\n|upkeep\n|turn|3\n|\n|t:|1699998041\n|move|p2a: Zapdos|Roost|p2a: Zapdos\n|-heal|p2a: Zapdos|100\/100\n|-singleturn|p2a: Zapdos|move: Roost\n|move|p1a: Cinderace|Pyro Ball|p2a: Zapdos\n|-damage|p2a: Zapdos|54\/100\n|\n|upkeep\n|turn|4\n|\n|t:|1699998056\n|move|p2a: Zapdos|Roost|p2a: Zapdos\n|-heal|p2a: Zapdos|100\/100\n|-singleturn|p2a: Zapdos|move: Roost\n|move|p1a: Cinderace|Pyro Ball|p2a: Zapdos\n|-damage|p2a: Zapdos|56\/100\n|\n|upkeep\n|turn|5\n|\n|t:|1699998069\n|move|p2a: Zapdos|Roost|p2a: Zapdos\n|-heal|p2a: Zapdos|100\/100\n|-singleturn|p2a: Zapdos|move: Roost\n|move|p1a: Cinderace|Pyro Ball|p2a: Zapdos|[miss]\n|-miss|p1a: Cinderace|p2a: Zapdos\n|\n|upkeep\n|turn|6\n|\n|t:|1699998082\n|move|p2a: Zapdos|Hurricane|p1a: Cinderace\n|-damage|p1a: Cinderace|33\/100 par\n|move|p1a: Cinderace|Pyro Ball|p2a: Zapdos\n|-damage|p2a: Zapdos|52\/100\n|\n|upkeep\n|turn|7\n|\n|t:|1699998089\n|move|p2a: Zapdos|Roost|p2a: Zapdos\n|-heal|p2a: Zapdos|100\/100\n|-singleturn|p2a: Zapdos|move: Roost\n|cant|p1a: Cinderace|par\n|\n|upkeep\n|turn|8\n|\n|t:|1699998094\n|move|p2a: Zapdos|Volt Switch|p1a: Cinderace\n|-damage|p1a: Cinderace|0 fnt\n|faint|p1a: Cinderace\n|\n|t:|1699998100\n|switch|p2a: Dragapult|Dragapult, F|100\/100|[from] Volt Switch\n|\n|upkeep\n|\n|t:|1699998104\n|switch|p1a: Landorus|Landorus-Therian, M|100\/100 par\n|-ability|p1a: Landorus|Intimidate|boost\n|-fail|p2a: Dragapult|unboost|[from] ability: Clear Body|[of] p2a: Dragapult\n|turn|9\n|\n|t:|1699998111\n|move|p2a: Dragapult|Draco Meteor|p1a: Landorus\n|-damage|p1a: Landorus|0 fnt\n|-unboost|p2a: Dragapult|spa|2\n|faint|p1a: Landorus\n|\n|upkeep\n|\n|t:|1699998117\n|switch|p1a: Dragapult|Dragapult, M|100\/100\n|turn|10\n|\n|t:|1699998121\n|switch|p2a: Slowking|Slowking-Galar, M|100\/100\n|move|p1a: Dragapult|Dragon Darts|p2a: Slowking\n|-damage|p2a: Slowking|80\/100\n|-anim|p1a: Dragapult|Dragon Darts|p2a: Slowking\n|-damage|p2a: Slowking|58\/100\n|\n|upkeep\n|turn|11\n|\n|t:|1699998150\n|switch|p2a: Skeledirge|Skeledirge, M|100\/100\n|move|p1a: Dragapult|Hex|p2a: Skeledirge\n|-supereffective|p2a: Skeledirge\n|-damage|p2a: Skeledirge|53\/100\n|\n|upkeep\n|turn|12\n|inactive|swagypeggy has 120 seconds left.\n|\n|t:|1699998188\n|-terastallize|p2a: Skeledirge|Fairy\n|move|p1a: Dragapult|Hex|p2a: Skeledirge\n|-damage|p2a: Skeledirge|30\/100\n|move|p2a: Skeledirge|Slack Off|p2a: Skeledirge\n|-heal|p2a: Skeledirge|80\/100\n|\n|upkeep\n|turn|13\n|inactive|swagypeggy has 90 seconds left.\n|\n|t:|1699998220\n|move|p1a: Dragapult|U-turn|p2a: Skeledirge\n|-resisted|p2a: Skeledirge\n|-damage|p2a: Skeledirge|73\/100\n|\n|t:|1699998223\n|switch|p1a: Hoopa|Hoopa-Unbound|100\/100|[from] U-turn\n|move|p2a: Skeledirge|Will-O-Wisp|p1a: Hoopa\n|-status|p1a: Hoopa|brn\n|\n|-damage|p1a: Hoopa|95\/100 brn|[from] brn\n|upkeep\n|turn|14\n|inactive|swagypeggy has 90 seconds left.\n|\n|t:|1699998250\n|move|p1a: Hoopa|Psychic|p2a: Skeledirge\n|-damage|p2a: Skeledirge|0 fnt\n|faint|p2a: Skeledirge\n|\n|-damage|p1a: Hoopa|89\/100 brn|[from] brn\n|upkeep\n|\n|t:|1699998254\n|switch|p2a: Ting-Lu|Ting-Lu|100\/100\n|-ability|p2a: Ting-Lu|Vessel of Ruin\n|turn|15\n|\n|t:|1699998268\n|switch|p1a: Amoonguss|Amoonguss, F|100\/100\n|move|p2a: Ting-Lu|Earthquake|p1a: Amoonguss\n|-damage|p1a: Amoonguss|65\/100\n|\n|upkeep\n|turn|16\n|\n|t:|1699998277\n|switch|p2a: Zapdos|Zapdos|100\/100\n|move|p1a: Amoonguss|Spore|p2a: Zapdos\n|-status|p2a: Zapdos|slp|[from] move: Spore\n|\n|upkeep\n|turn|17\n|\n|t:|1699998286\n|switch|p2a: Dragapult|Dragapult, F|100\/100\n|switch|p1a: Hoopa|Hoopa-Unbound|89\/100 brn\n|\n|-damage|p1a: Hoopa|83\/100 brn|[from] brn\n|upkeep\n|turn|18\n|inactive|swagypeggy has 90 seconds left.\n|\n|t:|1699998294\n|switch|p1a: Amoonguss|Amoonguss, F|98\/100\n|move|p2a: Dragapult|U-turn|p1a: Amoonguss\n|-damage|p1a: Amoonguss|81\/100\n|\n|t:|1699998297\n|switch|p2a: Zapdos|Zapdos|100\/100 slp|[from] U-turn\n|\n|upkeep\n|turn|19\n|\n|t:|1699998302\n|cant|p2a: Zapdos|slp\n|move|p1a: Amoonguss|Sludge Bomb|p2a: Zapdos\n|-damage|p2a: Zapdos|72\/100 slp\n|\n|upkeep\n|turn|20\n|\n|t:|1699998312\n|switch|p1a: Dragapult|Dragapult, M|100\/100\n|cant|p2a: Zapdos|slp\n|\n|upkeep\n|turn|21\n|\n|t:|1699998317\n|move|p1a: Dragapult|Dragon Darts|p2a: Zapdos\n|-damage|p2a: Zapdos|55\/100 slp\n|-anim|p1a: Dragapult|Dragon Darts|p2a: Zapdos\n|-damage|p2a: Zapdos|37\/100 slp\n|cant|p2a: Zapdos|slp\n|\n|upkeep\n|turn|22\n|inactive|swagypeggy has 120 seconds left.\n|\n|t:|1699998326\n|move|p1a: Dragapult|Dragon Darts|p2a: Zapdos\n|-damage|p2a: Zapdos|18\/100 slp\n|-anim|p1a: Dragapult|Dragon Darts|p2a: Zapdos\n|-damage|p2a: Zapdos|2\/100 slp\n|-curestatus|p2a: Zapdos|slp|[msg]\n|move|p2a: Zapdos|Thunder Wave|p1a: Dragapult\n|-status|p1a: Dragapult|par\n|\n|upkeep\n|turn|23\n|inactive|swagypeggy has 120 seconds left.\n|\n|t:|1699998341\n|move|p2a: Zapdos|Roost|p2a: Zapdos\n|-heal|p2a: Zapdos|52\/100\n|-singleturn|p2a: Zapdos|move: Roost\n|move|p1a: Dragapult|Will-O-Wisp|p2a: Zapdos\n|-status|p2a: Zapdos|brn\n|\n|-damage|p2a: Zapdos|46\/100 brn|[from] brn\n|upkeep\n|turn|24\n|\n|t:|1699998350\n|switch|p2a: Ting-Lu|Ting-Lu|100\/100\n|-ability|p2a: Ting-Lu|Vessel of Ruin\n|cant|p1a: Dragapult|par\n|\n|upkeep\n|turn|25\n|\n|t:|1699998357\n|move|p1a: Dragapult|U-turn|p2a: Ting-Lu\n|-supereffective|p2a: Ting-Lu\n|-damage|p2a: Ting-Lu|79\/100\n|\n|t:|1699998360\n|switch|p1a: Amoonguss|Amoonguss, F|100\/100|[from] U-turn\n|move|p2a: Ting-Lu|Stealth Rock|p1a: Amoonguss\n|-sidestart|p1: swagypeggy|move: Stealth Rock\n|\n|-heal|p2a: Ting-Lu|85\/100|[from] item: Leftovers\n|upkeep\n|turn|26\n|\n|t:|1699998367\n|switch|p2a: Zapdos|Zapdos|46\/100 brn\n|move|p1a: Amoonguss|Giga Drain|p2a: Zapdos\n|-resisted|p2a: Zapdos\n|-damage|p2a: Zapdos|35\/100 brn\n|\n|-damage|p2a: Zapdos|29\/100 brn|[from] brn\n|upkeep\n|turn|27\n|\n|t:|1699998377\n|move|p2a: Zapdos|Roost|p2a: Zapdos\n|-heal|p2a: Zapdos|79\/100 brn\n|-singleturn|p2a: Zapdos|move: Roost\n|move|p1a: Amoonguss|Sludge Bomb|p2a: Zapdos\n|-damage|p2a: Zapdos|52\/100 brn\n|\n|-damage|p2a: Zapdos|45\/100 brn|[from] brn\n|upkeep\n|turn|28\n|\n|t:|1699998392\n|switch|p1a: Hoopa|Hoopa-Unbound|83\/100 brn\n|-damage|p1a: Hoopa|70\/100 brn|[from] Stealth Rock\n|move|p2a: Zapdos|Roost|p2a: Zapdos\n|-heal|p2a: Zapdos|95\/100 brn\n|-singleturn|p2a: Zapdos|move: Roost\n|\n|-damage|p1a: Hoopa|64\/100 brn|[from] brn\n|-damage|p2a: Zapdos|89\/100 brn|[from] brn\n|upkeep\n|turn|29\n|\n|t:|1699998406\n|move|p1a: Hoopa|Dark Pulse|p2a: Zapdos\n|-damage|p2a: Zapdos|11\/100 brn\n|cant|p2a: Zapdos|flinch\n|\n|-damage|p1a: Hoopa|58\/100 brn|[from] brn\n|-damage|p2a: Zapdos|4\/100 brn|[from] brn\n|upkeep\n|turn|30\n|\n|t:|1699998413\n|switch|p2a: Ting-Lu|Ting-Lu|85\/100\n|-ability|p2a: Ting-Lu|Vessel of Ruin\n|move|p1a: Hoopa|Dark Pulse|p2a: Ting-Lu\n|-resisted|p2a: Ting-Lu\n|-damage|p2a: Ting-Lu|69\/100\n|\n|-heal|p2a: Ting-Lu|75\/100|[from] item: Leftovers\n|-damage|p1a: Hoopa|52\/100 brn|[from] brn\n|upkeep\n|turn|31\n|\n|t:|1699998424\n|switch|p1a: Amoonguss|Amoonguss, F|100\/100\n|move|p2a: Ting-Lu|Whirlwind|p1a: Amoonguss\n|drag|p1a: Dragapult|Dragapult, M|100\/100 par\n|\n|-heal|p2a: Ting-Lu|82\/100|[from] item: Leftovers\n|upkeep\n|turn|32\n|\n|t:|1699998432\n|cant|p1a: Dragapult|par\n|move|p2a: Ting-Lu|Earthquake|p1a: Dragapult\n|-damage|p1a: Dragapult|46\/100 par\n|\n|-heal|p2a: Ting-Lu|88\/100|[from] item: Leftovers\n|upkeep\n|turn|33\n|\n|t:|1699998438\n|switch|p2a: Zapdos|Zapdos|4\/100 brn\n|move|p1a: Dragapult|Will-O-Wisp|p2a: Zapdos\n|-fail|p2a: Zapdos|brn\n|\n|-damage|p2a: Zapdos|0 fnt|[from] brn\n|faint|p2a: Zapdos\n|upkeep\n|\n|t:|1699998442\n|switch|p2a: Dragapult|Dragapult, F|100\/100\n|turn|34\n|\n|t:|1699998451\n|-terastallize|p1a: Dragapult|Fairy\n|move|p2a: Dragapult|Hex|p1a: Dragapult\n|-crit|p1a: Dragapult\n|-damage|p1a: Dragapult|0 fnt\n|faint|p1a: Dragapult\n|\n|upkeep\n|\n|t:|1699998461\n|switch|p1a: Amoonguss|Amoonguss, F|100\/100\n|turn|35\n|\n|t:|1699998483\n|switch|p2a: Slowking|Slowking-Galar, M|91\/100\n|move|p1a: Amoonguss|Spore|p2a: Slowking\n|-status|p2a: Slowking|slp|[from] move: Spore\n|\n|upkeep\n|turn|36\n|\n|t:|1699998507\n|move|p1a: Amoonguss|Foul Play|p2a: Slowking\n|-supereffective|p2a: Slowking\n|-damage|p2a: Slowking|66\/100 slp\n|cant|p2a: Slowking|slp\n|\n|upkeep\n|turn|37\n|\n|t:|1699998514\n|cant|p2a: Slowking|slp\n|move|p1a: Amoonguss|Foul Play|p2a: Slowking\n|-supereffective|p2a: Slowking\n|-damage|p2a: Slowking|43\/100 slp\n|\n|upkeep\n|turn|38\n|\n|t:|1699998520\n|cant|p2a: Slowking|slp\n|move|p1a: Amoonguss|Foul Play|p2a: Slowking\n|-supereffective|p2a: Slowking\n|-crit|p2a: Slowking\n|-damage|p2a: Slowking|9\/100 slp\n|\n|upkeep\n|turn|39\n|\n|t:|1699998528\n|switch|p2a: Ting-Lu|Ting-Lu|88\/100\n|-ability|p2a: Ting-Lu|Vessel of Ruin\n|move|p1a: Amoonguss|Sludge Bomb|p2a: Ting-Lu\n|-resisted|p2a: Ting-Lu\n|-damage|p2a: Ting-Lu|82\/100\n|-status|p2a: Ting-Lu|psn\n|\n|-heal|p2a: Ting-Lu|89\/100 psn|[from] item: Leftovers\n|-damage|p2a: Ting-Lu|76\/100 psn|[from] psn\n|upkeep\n|turn|40\n|\n|t:|1699998540\n|switch|p2a: Slowking|Slowking-Galar, M|42\/100 slp\n|move|p1a: Amoonguss|Giga Drain|p2a: Slowking\n|-resisted|p2a: Slowking\n|-damage|p2a: Slowking|38\/100 slp\n|\n|upkeep\n|turn|41\n|\n|t:|1699998547\n|switch|p2a: Dragapult|Dragapult, F|100\/100\n|move|p1a: Amoonguss|Foul Play|p2a: Dragapult\n|-supereffective|p2a: Dragapult\n|-damage|p2a: Dragapult|37\/100\n|\n|upkeep\n|turn|42\n|\n|t:|1699998556\n|move|p2a: Dragapult|Flamethrower|p1a: Amoonguss\n|-supereffective|p1a: Amoonguss\n|-damage|p1a: Amoonguss|49\/100\n|move|p1a: Amoonguss|Foul Play|p2a: Dragapult\n|-supereffective|p2a: Dragapult\n|-damage|p2a: Dragapult|0 fnt\n|faint|p2a: Dragapult\n|\n|upkeep\n|\n|t:|1699998564\n|switch|p2a: Hoopa|Hoopa-Unbound|100\/100\n|turn|43\n|\n|t:|1699998579\n|switch|p1a: Kingambit|Kingambit, F|100\/100\n|-damage|p1a: Kingambit|94\/100|[from] Stealth Rock\n|-activate|p1a: Kingambit|ability: Supreme Overlord\n|-start|p1a: Kingambit|fallen3|[silent]\n|move|p2a: Hoopa|Focus Blast|p1a: Kingambit\n|-supereffective|p1a: Kingambit\n|-damage|p1a: Kingambit|0 fnt\n|faint|p1a: Kingambit\n|-end|p1a: Kingambit|fallen3|[silent]\n|\n|upkeep\n|\n|t:|1699998589\n|switch|p1a: Hoopa|Hoopa-Unbound|52\/100 brn\n|-damage|p1a: Hoopa|40\/100 brn|[from] Stealth Rock\n|turn|44\n|c|\u2606luckypants54|gg\n|\n|t:|1699998603\n|switch|p2a: Ting-Lu|Ting-Lu|76\/100 psn\n|-ability|p2a: Ting-Lu|Vessel of Ruin\n|move|p1a: Hoopa|Dark Pulse|p2a: Ting-Lu\n|-resisted|p2a: Ting-Lu\n|-damage|p2a: Ting-Lu|60\/100 psn\n|\n|-heal|p2a: Ting-Lu|66\/100 psn|[from] item: Leftovers\n|-damage|p2a: Ting-Lu|53\/100 psn|[from] psn\n|-damage|p1a: Hoopa|34\/100 brn|[from] brn\n|upkeep\n|turn|45\n|\n|t:|1699998615\n|switch|p1a: Amoonguss|Amoonguss, F|82\/100\n|move|p2a: Ting-Lu|Earthquake|p1a: Amoonguss\n|-damage|p1a: Amoonguss|42\/100\n|\n|-heal|p2a: Ting-Lu|60\/100 psn|[from] item: Leftovers\n|-damage|p2a: Ting-Lu|47\/100 psn|[from] psn\n|upkeep\n|turn|46\n|\n|t:|1699998624\n|switch|p2a: Slowking|Slowking-Galar, M|71\/100 slp\n|move|p1a: Amoonguss|Giga Drain|p2a: Slowking\n|-resisted|p2a: Slowking\n|-damage|p2a: Slowking|67\/100 slp\n|-heal|p1a: Amoonguss|44\/100|[from] drain|[of] p2a: Slowking\n|\n|upkeep\n|turn|47\n|\n|t:|1699998632\n|-curestatus|p2a: Slowking|slp|[msg]\n|move|p2a: Slowking|Sludge Bomb|p1a: Amoonguss\n|-damage|p1a: Amoonguss|21\/100\n|move|p1a: Amoonguss|Spore|p2a: Slowking\n|-status|p2a: Slowking|slp|[from] move: Spore\n|\n|upkeep\n|turn|48\n|n|!luckypants54|luckypants54\n|\n|t:|1699998646\n|switch|p1a: Hoopa|Hoopa-Unbound|34\/100 brn\n|-damage|p1a: Hoopa|22\/100 brn|[from] Stealth Rock\n|cant|p2a: Slowking|slp\n|\n|-damage|p1a: Hoopa|16\/100 brn|[from] brn\n|upkeep\n|turn|49\n|inactive|swagypeggy has 120 seconds left.\n|\n|t:|1699998682\n|switch|p2a: Ting-Lu|Ting-Lu|47\/100 psn\n|-ability|p2a: Ting-Lu|Vessel of Ruin\n|move|p1a: Hoopa|Dark Pulse|p2a: Ting-Lu\n|-resisted|p2a: Ting-Lu\n|-damage|p2a: Ting-Lu|31\/100 psn\n|\n|-heal|p2a: Ting-Lu|38\/100 psn|[from] item: Leftovers\n|-damage|p2a: Ting-Lu|25\/100 psn|[from] psn\n|-damage|p1a: Hoopa|10\/100 brn|[from] brn\n|upkeep\n|turn|50\n|inactive|swagypeggy has 120 seconds left.\n|\n|t:|1699998692\n|move|p1a: Hoopa|Dark Pulse|p2a: Ting-Lu\n|-resisted|p2a: Ting-Lu\n|-damage|p2a: Ting-Lu|10\/100 psn\n|move|p2a: Ting-Lu|Whirlwind|p1a: Hoopa\n|drag|p1a: Amoonguss|Amoonguss, F|54\/100\n|\n|-heal|p2a: Ting-Lu|16\/100 psn|[from] item: Leftovers\n|-damage|p2a: Ting-Lu|4\/100 psn|[from] psn\n|upkeep\n|turn|51\n|inactive|swagypeggy has 120 seconds left.\n|\n|t:|1699998706\n|move|p2a: Ting-Lu|Earthquake|p1a: Amoonguss\n|-damage|p1a: Amoonguss|15\/100\n|move|p1a: Amoonguss|Giga Drain|p2a: Ting-Lu\n|-supereffective|p2a: Ting-Lu\n|-damage|p2a: Ting-Lu|0 fnt\n|-heal|p1a: Amoonguss|17\/100|[from] drain|[of] p2a: Ting-Lu\n|faint|p2a: Ting-Lu\n|\n|upkeep\n|\n|t:|1699998713\n|switch|p2a: Hoopa|Hoopa-Unbound|100\/100\n|turn|52\n|inactive|swagypeggy has 120 seconds left.\n|\n|t:|1699998723\n|switch|p1a: Hoopa|Hoopa-Unbound|10\/100 brn\n|-damage|p1a: Hoopa|0 fnt|[from] Stealth Rock\n|faint|p1a: Hoopa\n|move|p2a: Hoopa|Psychic|p1: Hoopa|[notarget]\n|-fail|p2a: Hoopa\n|\n|upkeep\n|inactive|swagypeggy has 120 seconds left.\n|\n|t:|1699998729\n|switch|p1a: Amoonguss|Amoonguss, F|50\/100\n|turn|53\n|\n|t:|1699998736\n|move|p2a: Hoopa|Psychic|p1a: Amoonguss\n|-supereffective|p1a: Amoonguss\n|-damage|p1a: Amoonguss|0 fnt\n|faint|p1a: Amoonguss\n|\n|win|luckypants54\n|raw|swagypeggy's rating: 1352 &rarr; <strong>1336<\/strong><br \/>(-16 for losing)\n|raw|luckypants54's rating: 1429 &rarr; <strong>1445<\/strong><br \/>(+16 for winning)\n","uploadtime":1699998645,"views":7,"p1id":"swagypeggy","p2id":"luckypants54","formatid":"gen9ou","rating":1336,"private":0,"password":""}