{"id":"gen9ou-1990082466","p1":"JoonnhyxX","p2":"be brave today","format":"[Gen 9] OU","log":"|j|\u2606JoonnhyxX\n|j|\u2606be brave today\n|t:|1699922651\n|gametype|singles\n|player|p1|JoonnhyxX|roxie|1045\n|player|p2|be brave today|102|1000\n|teamsize|p1|6\n|teamsize|p2|6\n|gen|9\n|tier|[Gen 9] OU\n|rated|\n|rule|Sleep Clause Mod: Limit one foe put to sleep\n|rule|Species Clause: Limit one of each Pok\u00e9mon\n|rule|OHKO Clause: OHKO moves are banned\n|rule|Evasion Items Clause: Evasion items are banned\n|rule|Evasion Moves Clause: Evasion moves are banned\n|rule|Endless Battle Clause: Forcing endless battles is banned\n|rule|HP Percentage Mod: HP is shown in percentages\n|clearpoke\n|poke|p1|Kommo-o, F|\n|poke|p1|Breloom, F|\n|poke|p1|Corviknight, F|\n|poke|p1|Mamoswine, M|\n|poke|p1|Forretress, M|\n|poke|p1|Cloyster, F|\n|poke|p2|Lycanroc, F|\n|poke|p2|Weezing-Galar, M|\n|poke|p2|Mew|\n|poke|p2|Swanna, F|\n|poke|p2|Drifloon, F|\n|poke|p2|Gogoat, F|\n|teampreview\n|\n|t:|1699922658\n|start\n|switch|p1a: Forretress|Forretress, M, shiny|100\/100\n|switch|p2a: Mew|Mew, shiny|100\/100\n|turn|1\n|\n|t:|1699922665\n|move|p2a: Mew|Iron Defense|p2a: Mew\n|-boost|p2a: Mew|def|2\n|move|p1a: Forretress|Toxic Spikes|p2a: Mew\n|-sidestart|p2: be brave today|move: Toxic Spikes\n|\n|upkeep\n|turn|2\n|\n|t:|1699922670\n|move|p2a: Mew|Iron Defense|p2a: Mew\n|-boost|p2a: Mew|def|2\n|move|p1a: Forretress|Toxic Spikes|p2a: Mew\n|-sidestart|p2: be brave today|move: Toxic Spikes\n|\n|upkeep\n|turn|3\n|\n|t:|1699922676\n|move|p2a: Mew|Iron Defense|p2a: Mew\n|-boost|p2a: Mew|def|2\n|move|p1a: Forretress|Stealth Rock|p2a: Mew\n|-sidestart|p2: be brave today|move: Stealth Rock\n|\n|upkeep\n|turn|4\n|\n|t:|1699922684\n|move|p2a: Mew|Ancient Power|p1a: Forretress\n|-damage|p1a: Forretress|80\/100\n|move|p1a: Forretress|Spikes|p2a: Mew\n|-sidestart|p2: be brave today|Spikes\n|\n|upkeep\n|turn|5\n|\n|t:|1699922690\n|move|p2a: Mew|Ancient Power|p1a: Forretress\n|-damage|p1a: Forretress|59\/100\n|move|p1a: Forretress|Spikes|p2a: Mew\n|-sidestart|p2: be brave today|Spikes\n|\n|upkeep\n|turn|6\n|\n|t:|1699922694\n|move|p2a: Mew|Ancient Power|p1a: Forretress\n|-damage|p1a: Forretress|36\/100\n|move|p1a: Forretress|Spikes|p2a: Mew\n|-sidestart|p2: be brave today|Spikes\n|\n|upkeep\n|turn|7\n|\n|t:|1699922701\n|move|p2a: Mew|Ancient Power|p1a: Forretress\n|-damage|p1a: Forretress|15\/100\n|move|p1a: Forretress|Explosion|p2a: Mew\n|-damage|p2a: Mew|86\/100\n|faint|p1a: Forretress\n|\n|-heal|p2a: Mew|92\/100|[from] item: Leftovers\n|upkeep\n|\n|t:|1699922714\n|switch|p1a: Breloom|Breloom, F, shiny|100\/100\n|turn|8\n|\n|t:|1699922717\n|move|p2a: Mew|Body Press|p1a: Breloom\n|-damage|p1a: Breloom|0 fnt\n|faint|p1a: Breloom\n|\n|-heal|p2a: Mew|98\/100|[from] item: Leftovers\n|upkeep\n|\n|t:|1699922723\n|switch|p1a: Kommo-o|Kommo-o, F, shiny|100\/100\n|turn|9\n|\n|t:|1699922726\n|move|p2a: Mew|Body Press|p1a: Kommo-o\n|-damage|p1a: Kommo-o|7\/100\n|move|p1a: Kommo-o|Dragon Dance|p1a: Kommo-o\n|-boost|p1a: Kommo-o|atk|1\n|-boost|p1a: Kommo-o|spe|1\n|\n|-heal|p2a: Mew|100\/100|[from] item: Leftovers\n|upkeep\n|turn|10\n|\n|t:|1699922737\n|move|p1a: Kommo-o|Drain Punch|p2a: Mew\n|-resisted|p2a: Mew\n|-damage|p2a: Mew|96\/100\n|-heal|p1a: Kommo-o|10\/100|[from] drain|[of] p2a: Mew\n|move|p2a: Mew|Ancient Power|p1a: Kommo-o\n|-resisted|p1a: Kommo-o\n|-crit|p1a: Kommo-o\n|-damage|p1a: Kommo-o|0 fnt\n|faint|p1a: Kommo-o\n|\n|-heal|p2a: Mew|100\/100|[from] item: Leftovers\n|upkeep\n|\n|t:|1699922748\n|switch|p1a: Mamoswine|Mamoswine, M|100\/100\n|turn|11\n|\n|t:|1699922754\n|move|p2a: Mew|Body Press|p1a: Mamoswine\n|-supereffective|p1a: Mamoswine\n|-damage|p1a: Mamoswine|0 fnt\n|faint|p1a: Mamoswine\n|\n|upkeep\n|\n|t:|1699922763\n|switch|p1a: Corviknight|Corviknight, F, shiny|100\/100\n|turn|12\n|\n|t:|1699922770\n|move|p2a: Mew|Ancient Power|p1a: Corviknight\n|-damage|p1a: Corviknight|84\/100\n|move|p1a: Corviknight|Iron Head|p2a: Mew\n|-damage|p2a: Mew|92\/100\n|\n|-heal|p2a: Mew|98\/100|[from] item: Leftovers\n|upkeep\n|turn|13\n|c|\u2606JoonnhyxX|fuckyou\n|c|\u2606JoonnhyxX|you win\n|c|\u2606JoonnhyxX|i quit\n|inactive|Battle timer is ON: inactive players will automatically lose when time's up. (requested by be brave today)\n|c|\u2606JoonnhyxX|trash\n|-message|JoonnhyxX forfeited.\n|\n|win|be brave today\n|raw|JoonnhyxX's rating: 1045 &rarr; <strong>1026<\/strong><br \/>(-19 for losing)\n|raw|be brave today's rating: 1000 &rarr; <strong>1045<\/strong><br \/>(+45 for winning)\n|l|\u2606JoonnhyxX\n","uploadtime":1699922782,"views":8,"p1id":"joonnhyxx","p2id":"bebravetoday","formatid":"gen9ou","rating":1026,"private":0,"password":""}