{"id":"gen9ou-1999945103","p1":"SirPops","p2":"Erick yoo","format":"[Gen 9] OU","log":"|j|\u2606SirPops\n|j|\u2606Erick yoo\n|t:|1701133050\n|gametype|singles\n|player|p1|SirPops|red|1118\n|player|p2|Erick yoo|flint|1000\n|teamsize|p1|6\n|teamsize|p2|6\n|gen|9\n|tier|[Gen 9] OU\n|rated|\n|rule|Sleep Clause Mod: Limit one foe put to sleep\n|rule|Species Clause: Limit one of each Pok\u00e9mon\n|rule|OHKO Clause: OHKO moves are banned\n|rule|Evasion Items Clause: Evasion items are banned\n|rule|Evasion Moves Clause: Evasion moves are banned\n|rule|Endless Battle Clause: Forcing endless battles is banned\n|rule|HP Percentage Mod: HP is shown in percentages\n|clearpoke\n|poke|p1|Golem-Alola, M|\n|poke|p1|Dusknoir, F|\n|poke|p1|Crabominable, F|\n|poke|p1|Staraptor, M|\n|poke|p1|Weezing-Galar, M|\n|poke|p1|Salamence, F|\n|poke|p2|Great Tusk|\n|poke|p2|Dragapult, F|\n|poke|p2|Zapdos|\n|poke|p2|Samurott-Hisui, F|\n|poke|p2|Landorus-Therian, M|\n|poke|p2|Greninja-*, M|\n|teampreview\n|inactive|Battle timer is ON: inactive players will automatically lose when time's up. (requested by Erick yoo)\n|\n|t:|1701133067\n|start\n|switch|p1a: dirtyunderwear|Staraptor, M|100\/100\n|switch|p2a: Zapdos|Zapdos|100\/100\n|-ability|p1a: dirtyunderwear|Intimidate|boost\n|-unboost|p2a: Zapdos|atk|1\n|-ability|p2a: Zapdos|Pressure\n|turn|1\n|\n|t:|1701133079\n|switch|p1a: MEH!|Weezing-Galar, M|100\/100\n|move|p2a: Zapdos|Discharge|p1a: MEH!\n|-damage|p1a: MEH!|57\/100\n|\n|upkeep\n|turn|2\n|\n|t:|1701133090\n|switch|p2a: Great Tusk|Great Tusk|100\/100\n|move|p1a: MEH!|Strange Steam|p2a: Great Tusk\n|-supereffective|p2a: Great Tusk\n|-damage|p2a: Great Tusk|18\/100\n|-start|p2a: Great Tusk|confusion\n|\n|-heal|p2a: Great Tusk|24\/100|[from] item: Leftovers\n|upkeep\n|turn|3\n|\n|t:|1701133101\n|-activate|p2a: Great Tusk|confusion\n|move|p2a: Great Tusk|Close Combat|p1a: MEH!\n|-resisted|p1a: MEH!\n|-damage|p1a: MEH!|45\/100\n|-unboost|p2a: Great Tusk|def|1\n|-unboost|p2a: Great Tusk|spd|1\n|-enditem|p1a: MEH!|Sitrus Berry|[eat]\n|-heal|p1a: MEH!|70\/100|[from] item: Sitrus Berry\n|move|p1a: MEH!|Strange Steam|p2a: Great Tusk\n|-supereffective|p2a: Great Tusk\n|-damage|p2a: Great Tusk|0 fnt\n|faint|p2a: Great Tusk\n|-end|p2a: Great Tusk|Protosynthesis|[silent]\n|\n|upkeep\n|\n|t:|1701133118\n|switch|p2a: Zapdos|Zapdos|100\/100\n|-ability|p2a: Zapdos|Pressure\n|turn|4\n|\n|t:|1701133127\n|move|p2a: Zapdos|Brave Bird|p1a: MEH!\n|-damage|p1a: MEH!|28\/100\n|-damage|p2a: Zapdos|90\/100|[from] Recoil\n|move|p1a: MEH!|Strange Steam|p2a: Zapdos\n|-damage|p2a: Zapdos|48\/100\n|-start|p2a: Zapdos|confusion\n|\n|-heal|p2a: Zapdos|54\/100|[from] item: Leftovers\n|upkeep\n|turn|5\n|\n|t:|1701133137\n|-activate|p2a: Zapdos|confusion\n|move|p2a: Zapdos|Brave Bird|p1a: MEH!\n|-damage|p1a: MEH!|0 fnt\n|faint|p1a: MEH!\n|-damage|p2a: Zapdos|47\/100|[from] Recoil\n|\n|-heal|p2a: Zapdos|53\/100|[from] item: Leftovers\n|upkeep\n|\n|t:|1701133145\n|switch|p1a: mwahaha|Golem-Alola, M|100\/100\n|turn|6\n|\n|t:|1701133151\n|switch|p2a: Samurott|Samurott-Hisui, F|100\/100\n|move|p1a: mwahaha|Rock Slide|p2a: Samurott\n|-damage|p2a: Samurott|56\/100\n|\n|-heal|p2a: Samurott|62\/100|[from] item: Leftovers\n|upkeep\n|turn|7\n|\n|t:|1701133161\n|move|p2a: Samurott|Hydro Pump|p1a: mwahaha\n|-supereffective|p1a: mwahaha\n|-damage|p1a: mwahaha|6\/100\n|move|p1a: mwahaha|Double-Edge|p2a: Samurott\n|-supereffective|p2a: Samurott\n|-damage|p2a: Samurott|0 fnt\n|faint|p2a: Samurott\n|-damage|p1a: mwahaha|0 fnt|[from] Recoil\n|faint|p1a: mwahaha\n|\n|upkeep\n|\n|t:|1701133173\n|switch|p2a: Landorus|Landorus-Therian, M|100\/100\n|switch|p1a: dirtyunderwear|Staraptor, M|100\/100\n|-ability|p1a: dirtyunderwear|Intimidate|boost\n|-unboost|p2a: Landorus|atk|1\n|-ability|p2a: Landorus|Intimidate|boost\n|-unboost|p1a: dirtyunderwear|atk|1\n|turn|8\n|\n|t:|1701133182\n|move|p1a: dirtyunderwear|Brave Bird|p2a: Landorus\n|-damage|p2a: Landorus|57\/100\n|-damage|p1a: dirtyunderwear|85\/100|[from] Recoil\n|move|p2a: Landorus|Hammer Arm|p1a: dirtyunderwear\n|-damage|p1a: dirtyunderwear|52\/100\n|-unboost|p2a: Landorus|spe|1\n|\n|-heal|p2a: Landorus|64\/100|[from] item: Leftovers\n|upkeep\n|turn|9\n|\n|t:|1701133197\n|move|p1a: dirtyunderwear|Brave Bird|p2a: Landorus\n|-damage|p2a: Landorus|20\/100\n|-damage|p1a: dirtyunderwear|37\/100|[from] Recoil\n|move|p2a: Landorus|Fly||[still]\n|-prepare|p2a: Landorus|Fly\n|\n|-heal|p2a: Landorus|27\/100|[from] item: Leftovers\n|upkeep\n|turn|10\n|\n|t:|1701133208\n|move|p1a: dirtyunderwear|Brave Bird|p2a: Landorus|[miss]\n|-miss|p1a: dirtyunderwear|p2a: Landorus\n|move|p2a: Landorus|Fly|p1a: dirtyunderwear|[from]lockedmove\n|-damage|p1a: dirtyunderwear|0 fnt\n|faint|p1a: dirtyunderwear\n|\n|-heal|p2a: Landorus|33\/100|[from] item: Leftovers\n|upkeep\n|\n|t:|1701133226\n|switch|p1a: oogabooga|Dusknoir, F|100\/100\n|-item|p2a: Landorus|Leftovers|[from] ability: Frisk|[of] p1a: oogabooga|[identify]\n|turn|11\n|\n|t:|1701133235\n|switch|p2a: Dragapult|Dragapult, F|100\/100\n|move|p1a: oogabooga|Poltergeist|p2a: Dragapult|[miss]\n|-miss|p1a: oogabooga|p2a: Dragapult\n|\n|upkeep\n|turn|12\n|\n|t:|1701133245\n|move|p1a: oogabooga|Shadow Sneak|p2a: Dragapult\n|-supereffective|p2a: Dragapult\n|-damage|p2a: Dragapult|70\/100\n|move|p2a: Dragapult|Draco Meteor|p1a: oogabooga\n|-damage|p1a: oogabooga|57\/100\n|-unboost|p2a: Dragapult|spa|2\n|\n|-heal|p2a: Dragapult|77\/100|[from] item: Leftovers\n|-heal|p1a: oogabooga|63\/100|[from] item: Leftovers\n|upkeep\n|turn|13\n|\n|t:|1701133257\n|move|p2a: Dragapult|Flamethrower|p1a: oogabooga\n|-damage|p1a: oogabooga|52\/100\n|move|p1a: oogabooga|Poltergeist|p2a: Dragapult|[miss]\n|-miss|p1a: oogabooga|p2a: Dragapult\n|\n|-heal|p2a: Dragapult|83\/100|[from] item: Leftovers\n|-heal|p1a: oogabooga|59\/100|[from] item: Leftovers\n|upkeep\n|turn|14\n|\n|t:|1701133269\n|move|p2a: Dragapult|Hydro Pump|p1a: oogabooga\n|-damage|p1a: oogabooga|47\/100\n|move|p1a: oogabooga|Poltergeist|p2a: Dragapult\n|-activate|p2a: Dragapult|move: Poltergeist|Leftovers\n|-supereffective|p2a: Dragapult\n|-damage|p2a: Dragapult|5\/100\n|\n|-heal|p2a: Dragapult|11\/100|[from] item: Leftovers\n|-heal|p1a: oogabooga|53\/100|[from] item: Leftovers\n|upkeep\n|turn|15\n|\n|t:|1701133284\n|move|p1a: oogabooga|Shadow Sneak|p2a: Dragapult\n|-supereffective|p2a: Dragapult\n|-damage|p2a: Dragapult|0 fnt\n|faint|p2a: Dragapult\n|\n|-heal|p1a: oogabooga|59\/100|[from] item: Leftovers\n|upkeep\n|\n|t:|1701133292\n|switch|p2a: Greninja|Greninja, M|100\/100\n|turn|16\n|\n|t:|1701133305\n|move|p2a: Greninja|Protect|p2a: Greninja\n|-singleturn|p2a: Greninja|Protect\n|move|p1a: oogabooga|Poltergeist|p2a: Greninja\n|-activate|p2a: Greninja|move: Protect\n|\n|-heal|p1a: oogabooga|65\/100|[from] item: Leftovers\n|upkeep\n|turn|17\n|\n|t:|1701133314\n|move|p2a: Greninja|Ice Beam|p1a: oogabooga\n|-damage|p1a: oogabooga|46\/100\n|-status|p1a: oogabooga|frz\n|-curestatus|p1a: oogabooga|frz|[msg]\n|move|p1a: oogabooga|Poltergeist|p2a: Greninja\n|-activate|p2a: Greninja|move: Poltergeist|Leftovers\n|-resisted|p2a: Greninja\n|-damage|p2a: Greninja|79\/100\n|\n|-heal|p2a: Greninja|85\/100|[from] item: Leftovers\n|-heal|p1a: oogabooga|52\/100|[from] item: Leftovers\n|upkeep\n|turn|18\n|\n|t:|1701133329\n|move|p2a: Greninja|Dark Pulse|p1a: oogabooga\n|-supereffective|p1a: oogabooga\n|-damage|p1a: oogabooga|0 fnt\n|faint|p1a: oogabooga\n|-ability|p2a: Greninja|Battle Bond|boost\n|-boost|p2a: Greninja|atk|1\n|-boost|p2a: Greninja|spa|1\n|-boost|p2a: Greninja|spe|1\n|-activate|p2a: Greninja|ability: Battle Bond\n|\n|-heal|p2a: Greninja|91\/100|[from] item: Leftovers\n|upkeep\n|\n|t:|1701133337\n|switch|p1a: hayuck|Crabominable, F|100\/100\n|turn|19\n|\n|t:|1701133347\n|switch|p2a: Landorus|Landorus-Therian, M|33\/100\n|-ability|p2a: Landorus|Intimidate|boost\n|-unboost|p1a: hayuck|atk|1\n|-terastallize|p1a: hayuck|Fairy\n|move|p1a: hayuck|Drain Punch|p2a: Landorus\n|-resisted|p2a: Landorus\n|-damage|p2a: Landorus|17\/100\n|\n|-heal|p2a: Landorus|23\/100|[from] item: Leftovers\n|upkeep\n|turn|20\n|\n|t:|1701133359\n|switch|p1a: schlong2myknees|Salamence, F|100\/100\n|-ability|p1a: schlong2myknees|Intimidate|boost\n|-unboost|p2a: Landorus|atk|1\n|move|p2a: Landorus|Earthquake|p1a: schlong2myknees\n|-immune|p1a: schlong2myknees\n|\n|-heal|p2a: Landorus|29\/100|[from] item: Leftovers\n|upkeep\n|turn|21\n|\n|t:|1701133370\n|move|p1a: schlong2myknees|Hurricane|p2a: Landorus|[miss]\n|-miss|p1a: schlong2myknees|p2a: Landorus\n|move|p2a: Landorus|Fly||[still]\n|-prepare|p2a: Landorus|Fly\n|\n|-heal|p2a: Landorus|35\/100|[from] item: Leftovers\n|upkeep\n|turn|22\n|\n|t:|1701133378\n|move|p1a: schlong2myknees|Hurricane|p2a: Landorus\n|-damage|p2a: Landorus|0 fnt\n|faint|p2a: Landorus\n|\n|upkeep\n|\n|t:|1701133384\n|switch|p2a: Greninja|Greninja, M|91\/100\n|turn|23\n|inactive|SirPops has 120 seconds left.\n|inactive|SirPops has 90 seconds left.\n|\n|t:|1701133459\n|move|p1a: schlong2myknees|Hurricane|p2a: Greninja|[miss]\n|-miss|p1a: schlong2myknees|p2a: Greninja\n|move|p2a: Greninja|Ice Beam|p1a: schlong2myknees\n|-supereffective|p1a: schlong2myknees\n|-damage|p1a: schlong2myknees|0 fnt\n|faint|p1a: schlong2myknees\n|\n|-heal|p2a: Greninja|97\/100|[from] item: Leftovers\n|upkeep\n|\n|t:|1701133462\n|switch|p1a: hayuck|Crabominable, F, tera:Fairy|100\/100\n|turn|24\n|\n|t:|1701133474\n|-terastallize|p2a: Greninja|Water\n|move|p2a: Greninja|Dark Pulse|p1a: hayuck\n|-resisted|p1a: hayuck\n|-damage|p1a: hayuck|86\/100\n|move|p1a: hayuck|Drain Punch|p2a: Greninja\n|-damage|p2a: Greninja|46\/100\n|-heal|p1a: hayuck|100\/100|[from] drain|[of] p2a: Greninja\n|\n|-heal|p2a: Greninja|52\/100|[from] item: Leftovers\n|upkeep\n|turn|25\n|inactive|SirPops has 90 seconds left.\n|inactive|SirPops has 60 seconds left.\n|inactive|SirPops has 30 seconds left.\n|l|\u2606Erick yoo\n|inactive|Erick yoo disconnected and has a minute to reconnect!\n|player|p2|\n|inactive|SirPops has 20 seconds left.\n|inactive|SirPops has 15 seconds left.\n|inactive|SirPops has 10 seconds left.\n|inactive|SirPops has 5 seconds left.\n|-message|SirPops lost due to inactivity.\n|\n|win|Erick yoo\n|raw|SirPops's rating: 1130 &rarr; <strong>1096<\/strong><br \/>(-34 for losing)\n|raw|Erick yoo's rating: 1000 &rarr; <strong>1054<\/strong><br \/>(+54 for winning)\n","uploadtime":1701133596,"views":2,"p1id":"sirpops","p2id":"erickyoo","formatid":"gen9ou","rating":1054,"private":0,"password":""}