{"id":"gen9ou-1996741840","p1":"Aeziolu","p2":"ookillemd-tan","format":"[Gen 9] OU","log":"|j|\u2606Aeziolu\n|j|\u2606ookillemd-tan\n|t:|1700717517\n|gametype|singles\n|player|p1|Aeziolu|wally|1581\n|player|p2|ookillemd-tan|2|1614\n|teamsize|p1|6\n|teamsize|p2|6\n|gen|9\n|tier|[Gen 9] OU\n|rated|\n|rule|Sleep Clause Mod: Limit one foe put to sleep\n|rule|Species Clause: Limit one of each Pok\u00e9mon\n|rule|OHKO Clause: OHKO moves are banned\n|rule|Evasion Items Clause: Evasion items are banned\n|rule|Evasion Moves Clause: Evasion moves are banned\n|rule|Endless Battle Clause: Forcing endless battles is banned\n|rule|HP Percentage Mod: HP is shown in percentages\n|clearpoke\n|poke|p1|Torkoal, F|\n|poke|p1|Walking Wake|\n|poke|p1|Great Tusk|\n|poke|p1|Clefable, M|\n|poke|p1|Lilligant-Hisui, F|\n|poke|p1|Dragonite, F|\n|poke|p2|Iron Valiant|\n|poke|p2|Alomomola, M|\n|poke|p2|Slowking-Galar, M|\n|poke|p2|Rillaboom, F|\n|poke|p2|Cinderace, M|\n|poke|p2|Samurott-Hisui, F|\n|teampreview\n|j| xfty7gjnp\n|\n|t:|1700717529\n|start\n|switch|p1a: Great Tusk|Great Tusk|100\/100\n|switch|p2a: Slowking|Slowking-Galar, M|100\/100\n|turn|1\n|\n|t:|1700717541\n|switch|p2a: Alomomola|Alomomola, M|100\/100\n|move|p1a: Great Tusk|Ice Spinner|p2a: Alomomola\n|-resisted|p2a: Alomomola\n|-damage|p2a: Alomomola|93\/100\n|\n|upkeep\n|turn|2\n|\n|t:|1700717558\n|-end|p1a: Great Tusk|Protosynthesis|[silent]\n|switch|p1a: Walking Wake|Walking Wake|100\/100\n|move|p2a: Alomomola|Flip Turn|p1a: Walking Wake\n|-resisted|p1a: Walking Wake\n|-damage|p1a: Walking Wake|96\/100\n|\n|t:|1700717573\n|switch|p2a: Iron Valiant|Iron Valiant|100\/100|[from] Flip Turn\n|\n|upkeep\n|turn|3\n|\n|t:|1700717579\n|-end|p1a: Walking Wake|Protosynthesis|[silent]\n|switch|p1a: Torkoal|Torkoal, F|100\/100\n|-weather|SunnyDay|[from] ability: Drought|[of] p1a: Torkoal\n|move|p2a: Iron Valiant|Moonblast|p1a: Torkoal\n|-resisted|p1a: Torkoal\n|-damage|p1a: Torkoal|51\/100\n|\n|-weather|SunnyDay|[upkeep]\n|upkeep\n|turn|4\n|\n|t:|1700717604\n|-terastallize|p2a: Iron Valiant|Fairy\n|move|p2a: Iron Valiant|Moonblast|p1a: Torkoal\n|-resisted|p1a: Torkoal\n|-damage|p1a: Torkoal|0 fnt\n|faint|p1a: Torkoal\n|\n|-weather|SunnyDay|[upkeep]\n|upkeep\n|\n|t:|1700717617\n|switch|p1a: Lilligant|Lilligant-Hisui, F|100\/100\n|turn|5\n|inactive|Battle timer is ON: inactive players will automatically lose when time's up. (requested by Aeziolu)\n|inactive|ookillemd-tan has 120 seconds left.\n|inactive|ookillemd-tan has 90 seconds left.\n|\n|t:|1700717765\n|-end|p2a: Iron Valiant|Quark Drive|[silent]\n|switch|p2a: Slowking|Slowking-Galar, M|100\/100\n|move|p1a: Lilligant|Leaf Blade|p2a: Slowking\n|-resisted|p2a: Slowking\n|-damage|p2a: Slowking|78\/100\n|\n|-weather|SunnyDay|[upkeep]\n|upkeep\n|turn|6\n|\n|t:|1700717772\n|-terastallize|p1a: Lilligant|Ghost\n|move|p1a: Lilligant|Victory Dance|p1a: Lilligant\n|-boost|p1a: Lilligant|atk|1\n|-boost|p1a: Lilligant|def|1\n|-boost|p1a: Lilligant|spe|1\n|move|p2a: Slowking|Chilly Reception|p2a: Slowking\n|-weather|Snow\n|\n|t:|1700717791\n|switch|p2a: Cinderace|Cinderace, M|100\/100|[from] Chilly Reception\n|\n|-weather|Snow|[upkeep]\n|upkeep\n|turn|7\n|\n|t:|1700717796\n|move|p2a: Cinderace|Sucker Punch|p1a: Lilligant\n|-start|p2a: Cinderace|typechange|Dark|[from] ability: Libero\n|-supereffective|p1a: Lilligant\n|-damage|p1a: Lilligant|34\/100\n|move|p1a: Lilligant|Close Combat|p2a: Cinderace\n|-supereffective|p2a: Cinderace\n|-damage|p2a: Cinderace|0 fnt\n|-unboost|p1a: Lilligant|def|1\n|-unboost|p1a: Lilligant|spd|1\n|faint|p2a: Cinderace\n|\n|-weather|Snow|[upkeep]\n|-heal|p1a: Lilligant|40\/100|[from] item: Leftovers\n|upkeep\n|\n|t:|1700717809\n|switch|p2a: Rillaboom|Rillaboom, F|100\/100\n|-fieldstart|move: Grassy Terrain|[from] ability: Grassy Surge|[of] p2a: Rillaboom\n|turn|8\n|\n|t:|1700717832\n|move|p2a: Rillaboom|Grassy Glide|p1a: Lilligant\n|-damage|p1a: Lilligant|0 fnt\n|faint|p1a: Lilligant\n|\n|-weather|Snow|[upkeep]\n|upkeep\n|\n|t:|1700717835\n|switch|p1a: Dragonite|Dragonite, F|100\/100\n|turn|9\n|\n|t:|1700717844\n|switch|p2a: Alomomola|Alomomola, M|100\/100\n|move|p1a: Dragonite|Dragon Dance|p1a: Dragonite\n|-boost|p1a: Dragonite|atk|1\n|-boost|p1a: Dragonite|spe|1\n|\n|-weather|Snow|[upkeep]\n|upkeep\n|turn|10\n|\n|t:|1700717855\n|move|p1a: Dragonite|Dragon Dance|p1a: Dragonite\n|-boost|p1a: Dragonite|atk|1\n|-boost|p1a: Dragonite|spe|1\n|move|p2a: Alomomola|Flip Turn|p1a: Dragonite\n|-resisted|p1a: Dragonite\n|-damage|p1a: Dragonite|96\/100\n|\n|t:|1700717860\n|switch|p2a: Samurott|Samurott-Hisui, F|100\/100|[from] Flip Turn\n|\n|-weather|none\n|upkeep\n|turn|11\n|\n|t:|1700717867\n|move|p1a: Dragonite|Roost|p1a: Dragonite\n|-heal|p1a: Dragonite|100\/100\n|-singleturn|p1a: Dragonite|move: Roost\n|move|p2a: Samurott|Avalanche|p1a: Dragonite\n|-supereffective|p1a: Dragonite\n|-damage|p1a: Dragonite|84\/100\n|\n|-heal|p1a: Dragonite|90\/100|[from] Grassy Terrain\n|upkeep\n|turn|12\n|\n|t:|1700717879\n|move|p1a: Dragonite|Roost|p1a: Dragonite\n|-heal|p1a: Dragonite|100\/100\n|-singleturn|p1a: Dragonite|move: Roost\n|move|p2a: Samurott|Avalanche|p1a: Dragonite\n|-supereffective|p1a: Dragonite\n|-damage|p1a: Dragonite|81\/100\n|\n|-heal|p1a: Dragonite|87\/100|[from] Grassy Terrain\n|-fieldend|move: Grassy Terrain\n|upkeep\n|turn|13\n|l| xfty7gjnp\n|\n|t:|1700717886\n|move|p1a: Dragonite|Dragon Dance|p1a: Dragonite\n|-boost|p1a: Dragonite|atk|1\n|-boost|p1a: Dragonite|spe|1\n|move|p2a: Samurott|Avalanche|p1a: Dragonite\n|-supereffective|p1a: Dragonite\n|-damage|p1a: Dragonite|12\/100\n|\n|upkeep\n|turn|14\n|\n|t:|1700717904\n|move|p1a: Dragonite|Roost|p1a: Dragonite\n|-heal|p1a: Dragonite|62\/100\n|-singleturn|p1a: Dragonite|move: Roost\n|move|p2a: Samurott|Avalanche|p1a: Dragonite\n|-supereffective|p1a: Dragonite\n|-damage|p1a: Dragonite|25\/100\n|\n|upkeep\n|turn|15\n|\n|t:|1700717913\n|move|p1a: Dragonite|Roost|p1a: Dragonite\n|-heal|p1a: Dragonite|75\/100\n|-singleturn|p1a: Dragonite|move: Roost\n|move|p2a: Samurott|Avalanche|p1a: Dragonite\n|-supereffective|p1a: Dragonite\n|-damage|p1a: Dragonite|39\/100\n|\n|upkeep\n|turn|16\n|\n|t:|1700717919\n|move|p1a: Dragonite|Roost|p1a: Dragonite\n|-heal|p1a: Dragonite|89\/100\n|-singleturn|p1a: Dragonite|move: Roost\n|move|p2a: Samurott|Avalanche|p1a: Dragonite\n|-supereffective|p1a: Dragonite\n|-damage|p1a: Dragonite|54\/100\n|\n|upkeep\n|turn|17\n|\n|t:|1700717926\n|move|p1a: Dragonite|Roost|p1a: Dragonite\n|-heal|p1a: Dragonite|100\/100\n|-singleturn|p1a: Dragonite|move: Roost\n|move|p2a: Samurott|Avalanche|p1a: Dragonite\n|-supereffective|p1a: Dragonite\n|-crit|p1a: Dragonite\n|-damage|p1a: Dragonite|75\/100\n|\n|upkeep\n|turn|18\n|\n|t:|1700717932\n|move|p1a: Dragonite|Earthquake|p2a: Samurott\n|-damage|p2a: Samurott|0 fnt\n|faint|p2a: Samurott\n|\n|upkeep\n|\n|t:|1700717942\n|switch|p2a: Alomomola|Alomomola, M|100\/100\n|turn|19\n|\n|t:|1700717945\n|move|p1a: Dragonite|Earthquake|p2a: Alomomola\n|-damage|p2a: Alomomola|38\/100\n|move|p2a: Alomomola|Tickle|p1a: Dragonite\n|-unboost|p1a: Dragonite|atk|1\n|-unboost|p1a: Dragonite|def|1\n|\n|upkeep\n|turn|20\n|\n|t:|1700717954\n|move|p1a: Dragonite|Earthquake|p2a: Alomomola\n|-damage|p2a: Alomomola|0 fnt\n|faint|p2a: Alomomola\n|\n|upkeep\n|\n|t:|1700717964\n|switch|p2a: Iron Valiant|Iron Valiant, tera:Fairy|100\/100\n|turn|21\n|\n|t:|1700717966\n|move|p1a: Dragonite|Earthquake|p2a: Iron Valiant\n|-damage|p2a: Iron Valiant|7\/100\n|move|p2a: Iron Valiant|Moonblast|p1a: Dragonite\n|-supereffective|p1a: Dragonite\n|-damage|p1a: Dragonite|0 fnt\n|faint|p1a: Dragonite\n|\n|upkeep\n|\n|t:|1700717986\n|switch|p1a: Clefable|Clefable, M|100\/100\n|turn|22\n|inactive|ookillemd-tan has 120 seconds left.\n|j| shinhow\n|\n|t:|1700718038\n|move|p2a: Iron Valiant|Moonblast|p1a: Clefable\n|-damage|p1a: Clefable|14\/100\n|-unboost|p1a: Clefable|spa|1\n|move|p1a: Clefable|Flamethrower|p2a: Iron Valiant\n|-damage|p2a: Iron Valiant|0 fnt\n|faint|p2a: Iron Valiant\n|-end|p2a: Iron Valiant|Quark Drive|[silent]\n|\n|upkeep\n|inactive|ookillemd-tan has 90 seconds left.\n|\n|t:|1700718069\n|switch|p2a: Rillaboom|Rillaboom, F|100\/100\n|-fieldstart|move: Grassy Terrain|[from] ability: Grassy Surge|[of] p2a: Rillaboom\n|turn|23\n|\n|t:|1700718076\n|move|p2a: Rillaboom|Wood Hammer|p1a: Clefable\n|-damage|p1a: Clefable|0 fnt\n|faint|p1a: Clefable\n|-damage|p2a: Rillaboom|96\/100|[from] Recoil\n|\n|-heal|p2a: Rillaboom|100\/100|[from] Grassy Terrain\n|upkeep\n|\n|t:|1700718081\n|switch|p1a: Walking Wake|Walking Wake|96\/100\n|turn|24\n|inactive|ookillemd-tan has 90 seconds left.\n|\n|t:|1700718096\n|switch|p2a: Slowking|Slowking-Galar, M|100\/100\n|move|p1a: Walking Wake|Flip Turn|p2a: Slowking\n|-damage|p2a: Slowking|83\/100\n|\n|t:|1700718099\n|-end|p1a: Walking Wake|Protosynthesis|[silent]\n|switch|p1a: Great Tusk|Great Tusk|100\/100|[from] Flip Turn\n|\n|-heal|p2a: Slowking|89\/100|[from] Grassy Terrain\n|upkeep\n|turn|25\n|\n|t:|1700718112\n|move|p1a: Great Tusk|Ice Spinner|p2a: Slowking\n|-damage|p2a: Slowking|63\/100\n|-fieldend|move: Grassy Terrain\n|move|p2a: Slowking|Psychic|p1a: Great Tusk\n|-supereffective|p1a: Great Tusk\n|-damage|p1a: Great Tusk|30\/100\n|\n|upkeep\n|turn|26\n|\n|t:|1700718119\n|switch|p2a: Rillaboom|Rillaboom, F|100\/100\n|-fieldstart|move: Grassy Terrain|[from] ability: Grassy Surge|[of] p2a: Rillaboom\n|move|p1a: Great Tusk|Headlong Rush|p2a: Rillaboom\n|-resisted|p2a: Rillaboom\n|-damage|p2a: Rillaboom|74\/100\n|-unboost|p1a: Great Tusk|def|1\n|-unboost|p1a: Great Tusk|spd|1\n|-enditem|p1a: Great Tusk|Eject Pack\n|\n|t:|1700718122\n|-end|p1a: Great Tusk|Protosynthesis|[silent]\n|switch|p1a: Walking Wake|Walking Wake|96\/100\n|\n|-heal|p1a: Walking Wake|100\/100|[from] Grassy Terrain\n|-heal|p2a: Rillaboom|80\/100|[from] Grassy Terrain\n|upkeep\n|turn|27\n|\n|t:|1700718134\n|move|p2a: Rillaboom|Grassy Glide|p1a: Walking Wake\n|-damage|p1a: Walking Wake|40\/100\n|move|p1a: Walking Wake|Flamethrower|p2a: Rillaboom\n|-supereffective|p2a: Rillaboom\n|-damage|p2a: Rillaboom|0 fnt\n|faint|p2a: Rillaboom\n|\n|-heal|p1a: Walking Wake|46\/100|[from] Grassy Terrain\n|upkeep\n|\n|t:|1700718139\n|switch|p2a: Slowking|Slowking-Galar, M|96\/100\n|turn|28\n|inactive|ookillemd-tan has 90 seconds left.\n|l| shinhow\n|inactive|ookillemd-tan has 60 seconds left.\n|\n|t:|1700718201\n|move|p1a: Walking Wake|Flamethrower|p2a: Slowking\n|-damage|p2a: Slowking|71\/100\n|move|p2a: Slowking|Calm Mind|p2a: Slowking\n|-boost|p2a: Slowking|spa|1\n|-boost|p2a: Slowking|spd|1\n|\n|-heal|p1a: Walking Wake|52\/100|[from] Grassy Terrain\n|-heal|p2a: Slowking|77\/100|[from] Grassy Terrain\n|upkeep\n|turn|29\n|\n|t:|1700718206\n|move|p1a: Walking Wake|Flamethrower|p2a: Slowking\n|-damage|p2a: Slowking|58\/100\n|-status|p2a: Slowking|brn\n|move|p2a: Slowking|Psychic|p1a: Walking Wake\n|-damage|p1a: Walking Wake|0 fnt\n|faint|p1a: Walking Wake\n|-end|p1a: Walking Wake|Protosynthesis|[silent]\n|\n|-heal|p2a: Slowking|64\/100 brn|[from] Grassy Terrain\n|-damage|p2a: Slowking|58\/100 brn|[from] brn\n|upkeep\n|\n|t:|1700718210\n|switch|p1a: Great Tusk|Great Tusk|30\/100\n|turn|30\n|\n|t:|1700718214\n|move|p1a: Great Tusk|Headlong Rush|p2a: Slowking\n|-supereffective|p2a: Slowking\n|-damage|p2a: Slowking|0 fnt\n|-unboost|p1a: Great Tusk|def|1\n|-unboost|p1a: Great Tusk|spd|1\n|faint|p2a: Slowking\n|\n|win|Aeziolu\n|raw|Aeziolu's rating: 1581 &rarr; <strong>1603<\/strong><br \/>(+22 for winning)\n|raw|ookillemd-tan's rating: 1614 &rarr; <strong>1592<\/strong><br \/>(-22 for losing)\n|l|\u2606ookillemd-tan\n","uploadtime":1700718221,"views":4,"p1id":"aeziolu","p2id":"ookillemdtan","formatid":"gen9ou","rating":1592,"private":0,"password":""}