{"id":"gen9ou-1995874238","p1":"lirlaia","p2":"blled vs feed","format":"[Gen 9] OU","log":"|j|\u2606lirlaia\n|j|\u2606blled vs feed\n|t:|1700612234\n|gametype|singles\n|player|p1|lirlaia|bellelba|1500\n|player|p2|blled vs feed|misty|1378\n|teamsize|p1|6\n|teamsize|p2|6\n|gen|9\n|tier|[Gen 9] OU\n|rated|\n|rule|Sleep Clause Mod: Limit one foe put to sleep\n|rule|Species Clause: Limit one of each Pok\u00e9mon\n|rule|OHKO Clause: OHKO moves are banned\n|rule|Evasion Items Clause: Evasion items are banned\n|rule|Evasion Moves Clause: Evasion moves are banned\n|rule|Endless Battle Clause: Forcing endless battles is banned\n|rule|HP Percentage Mod: HP is shown in percentages\n|clearpoke\n|poke|p1|Walking Wake|\n|poke|p1|Cinderace, M|\n|poke|p1|Corviknight, F|\n|poke|p1|Clodsire, F|\n|poke|p1|Iron Valiant|\n|poke|p1|Glimmora, M|\n|poke|p2|Talonflame, F|\n|poke|p2|Hatterene, F|\n|poke|p2|Dragapult, F|\n|poke|p2|Great Tusk|\n|poke|p2|Zamazenta-*|\n|poke|p2|Azumarill, M|\n|teampreview\n|inactive|Battle timer is ON: inactive players will automatically lose when time's up. (requested by lirlaia)\n|\n|t:|1700612256\n|start\n|switch|p1a: Walking Wake|Walking Wake|100\/100\n|switch|p2a: Great Tusk|Great Tusk|100\/100\n|turn|1\n|\n|t:|1700612261\n|-end|p2a: Great Tusk|Protosynthesis|[silent]\n|switch|p2a: Azumarill|Azumarill, M|100\/100\n|move|p1a: Walking Wake|Scald|p2a: Azumarill\n|-resisted|p2a: Azumarill\n|-damage|p2a: Azumarill|87\/100\n|\n|upkeep\n|turn|2\n|\n|t:|1700612268\n|move|p1a: Walking Wake|Scald|p2a: Azumarill\n|-resisted|p2a: Azumarill\n|-damage|p2a: Azumarill|75\/100\n|-status|p2a: Azumarill|brn\n|move|p2a: Azumarill|Liquidation|p1a: Walking Wake\n|-resisted|p1a: Walking Wake\n|-damage|p1a: Walking Wake|93\/100\n|\n|-heal|p1a: Walking Wake|99\/100|[from] item: Leftovers\n|-damage|p2a: Azumarill|69\/100 brn|[from] brn\n|upkeep\n|turn|3\n|\n|t:|1700612277\n|move|p1a: Walking Wake|Knock Off|p2a: Azumarill\n|-resisted|p2a: Azumarill\n|-damage|p2a: Azumarill|60\/100 brn\n|-enditem|p2a: Azumarill|Assault Vest|[from] move: Knock Off|[of] p1a: Walking Wake\n|move|p2a: Azumarill|Liquidation|p1a: Walking Wake\n|-resisted|p1a: Walking Wake\n|-damage|p1a: Walking Wake|92\/100\n|-unboost|p1a: Walking Wake|def|1\n|\n|-heal|p1a: Walking Wake|98\/100|[from] item: Leftovers\n|-damage|p2a: Azumarill|54\/100 brn|[from] brn\n|upkeep\n|turn|4\n|\n|t:|1700612288\n|-end|p1a: Walking Wake|Protosynthesis|[silent]\n|switch|p1a: Corviknight|Corviknight, F|100\/100\n|-ability|p1a: Corviknight|Pressure\n|move|p2a: Azumarill|Liquidation|p1a: Corviknight\n|-damage|p1a: Corviknight|85\/100\n|-damage|p2a: Azumarill|38\/100 brn|[from] item: Rocky Helmet|[of] p1a: Corviknight\n|\n|-damage|p2a: Azumarill|31\/100 brn|[from] brn\n|upkeep\n|turn|5\n|\n|t:|1700612298\n|move|p1a: Corviknight|Brave Bird|p2a: Azumarill\n|-damage|p2a: Azumarill|0 fnt\n|faint|p2a: Azumarill\n|-damage|p1a: Corviknight|74\/100|[from] Recoil\n|\n|upkeep\n|\n|t:|1700612301\n|switch|p2a: Talonflame|Talonflame, F|100\/100\n|turn|6\n|\n|t:|1700612310\n|switch|p1a: Glimmora|Glimmora, M|100\/100\n|move|p2a: Talonflame|Will-O-Wisp|p1a: Glimmora\n|-status|p1a: Glimmora|brn\n|\n|-damage|p1a: Glimmora|95\/100 brn|[from] brn\n|upkeep\n|turn|7\n|\n|t:|1700612317\n|switch|p2a: Hatterene|Hatterene, F|100\/100\n|move|p1a: Glimmora|Mortal Spin|p2a: Hatterene\n|-supereffective|p2a: Hatterene\n|-crit|p2a: Hatterene\n|-damage|p2a: Hatterene|94\/100\n|-status|p2a: Hatterene|psn\n|-enditem|p2a: Hatterene|Red Card|[of] p1a: Glimmora\n|drag|p1a: Corviknight|Corviknight, F|74\/100\n|-ability|p1a: Corviknight|Pressure\n|\n|-damage|p2a: Hatterene|81\/100 psn|[from] psn\n|upkeep\n|turn|8\n|\n|t:|1700612329\n|switch|p1a: Glimmora|Glimmora, M|95\/100 brn\n|move|p2a: Hatterene|Nuzzle|p1a: Glimmora\n|-damage|p1a: Glimmora|90\/100 brn\n|\n|-damage|p2a: Hatterene|69\/100 psn|[from] psn\n|-damage|p1a: Glimmora|84\/100 brn|[from] brn\n|upkeep\n|turn|9\n|\n|t:|1700612338\n|move|p1a: Glimmora|Stealth Rock|p2a: Hatterene\n|move|p2a: Hatterene|Stealth Rock|p1a: Glimmora|[from]ability: Magic Bounce\n|-sidestart|p1: lirlaia|move: Stealth Rock\n|move|p2a: Hatterene|Calm Mind|p2a: Hatterene\n|-boost|p2a: Hatterene|spa|1\n|-boost|p2a: Hatterene|spd|1\n|\n|-damage|p2a: Hatterene|57\/100 psn|[from] psn\n|-damage|p1a: Glimmora|78\/100 brn|[from] brn\n|upkeep\n|turn|10\n|\n|t:|1700612346\n|move|p1a: Glimmora|Mortal Spin|p2a: Hatterene\n|-supereffective|p2a: Hatterene\n|-damage|p2a: Hatterene|52\/100 psn\n|-sideend|p1: lirlaia|Stealth Rock|[from] move: Mortal Spin|[of] p1a: Glimmora\n|move|p2a: Hatterene|Stored Power|p1a: Glimmora\n|-supereffective|p1a: Glimmora\n|-damage|p1a: Glimmora|0 fnt\n|faint|p1a: Glimmora\n|\n|-damage|p2a: Hatterene|39\/100 psn|[from] psn\n|upkeep\n|\n|t:|1700612354\n|switch|p1a: Cinderace|Cinderace, M|100\/100\n|turn|11\n|\n|t:|1700612357\n|move|p1a: Cinderace|Pyro Ball|p2a: Hatterene|[miss]\n|-miss|p1a: Cinderace|p2a: Hatterene\n|move|p2a: Hatterene|Nuzzle|p1a: Cinderace\n|-damage|p1a: Cinderace|96\/100\n|-status|p1a: Cinderace|par\n|\n|-damage|p2a: Hatterene|27\/100 psn|[from] psn\n|upkeep\n|turn|12\n|\n|t:|1700612364\n|switch|p2a: Great Tusk|Great Tusk|100\/100\n|cant|p1a: Cinderace|par\n|\n|upkeep\n|turn|13\n|\n|t:|1700612369\n|move|p2a: Great Tusk|Stealth Rock|p1a: Cinderace\n|-sidestart|p1: lirlaia|move: Stealth Rock\n|move|p1a: Cinderace|Will-O-Wisp|p2a: Great Tusk\n|-status|p2a: Great Tusk|brn\n|\n|-damage|p2a: Great Tusk|94\/100 brn|[from] brn\n|upkeep\n|turn|14\n|\n|t:|1700612375\n|move|p2a: Great Tusk|Headlong Rush|p1a: Cinderace\n|-supereffective|p1a: Cinderace\n|-damage|p1a: Cinderace|23\/100 par\n|-unboost|p2a: Great Tusk|def|1\n|-unboost|p2a: Great Tusk|spd|1\n|cant|p1a: Cinderace|par\n|\n|-damage|p2a: Great Tusk|88\/100 brn|[from] brn\n|upkeep\n|turn|15\n|\n|t:|1700612384\n|switch|p1a: Corviknight|Corviknight, F|74\/100\n|-damage|p1a: Corviknight|62\/100|[from] Stealth Rock\n|-ability|p1a: Corviknight|Pressure\n|move|p2a: Great Tusk|Headlong Rush|p1a: Corviknight\n|-immune|p1a: Corviknight\n|\n|-damage|p2a: Great Tusk|82\/100 brn|[from] brn\n|upkeep\n|turn|16\n|\n|t:|1700612393\n|-end|p2a: Great Tusk|Protosynthesis|[silent]\n|switch|p2a: Talonflame|Talonflame, F|100\/100\n|move|p1a: Corviknight|Roost|p1a: Corviknight\n|-heal|p1a: Corviknight|100\/100\n|-singleturn|p1a: Corviknight|move: Roost\n|\n|upkeep\n|turn|17\n|\n|t:|1700612399\n|switch|p1a: Cinderace|Cinderace, M|23\/100 par\n|move|p2a: Talonflame|Will-O-Wisp||[still]\n|-fail|p2a: Talonflame\n|\n|upkeep\n|turn|18\n|\n|t:|1700612404\n|move|p2a: Talonflame|Dual Wingbeat|p1a: Cinderace\n|-damage|p1a: Cinderace|6\/100 par\n|-damage|p1a: Cinderace|0 fnt\n|faint|p1a: Cinderace\n|-hitcount|p1: Cinderace|2\n|\n|upkeep\n|\n|t:|1700612410\n|switch|p1a: Walking Wake|Walking Wake|98\/100\n|-damage|p1a: Walking Wake|86\/100|[from] Stealth Rock\n|turn|19\n|\n|t:|1700612413\n|switch|p2a: Hatterene|Hatterene, F|27\/100 psn\n|move|p1a: Walking Wake|Scald|p2a: Hatterene\n|-damage|p2a: Hatterene|0 fnt\n|faint|p2a: Hatterene\n|\n|-heal|p1a: Walking Wake|92\/100|[from] item: Leftovers\n|upkeep\n|\n|t:|1700612415\n|switch|p2a: Dragapult|Dragapult, F, shiny|100\/100\n|turn|20\n|\n|t:|1700612422\n|-terastallize|p2a: Dragapult|Ghost\n|move|p1a: Walking Wake|Protect|p1a: Walking Wake\n|-singleturn|p1a: Walking Wake|Protect\n|move|p2a: Dragapult|Tera Blast|p1a: Walking Wake|[anim] Tera Blast Ghost\n|-activate|p1a: Walking Wake|move: Protect\n|\n|-heal|p1a: Walking Wake|98\/100|[from] item: Leftovers\n|upkeep\n|turn|21\n|\n|t:|1700612430\n|move|p2a: Dragapult|Tera Blast|p1a: Walking Wake|[anim] Tera Blast Ghost\n|-damage|p1a: Walking Wake|13\/100\n|move|p1a: Walking Wake|Draco Meteor|p2a: Dragapult\n|-damage|p2a: Dragapult|18\/100\n|-unboost|p1a: Walking Wake|spa|2\n|\n|-heal|p1a: Walking Wake|19\/100|[from] item: Leftovers\n|upkeep\n|turn|22\n|\n|t:|1700612439\n|move|p1a: Walking Wake|Protect|p1a: Walking Wake\n|-singleturn|p1a: Walking Wake|Protect\n|move|p2a: Dragapult|Tera Blast|p1a: Walking Wake|[anim] Tera Blast Ghost\n|-activate|p1a: Walking Wake|move: Protect\n|\n|-heal|p1a: Walking Wake|25\/100|[from] item: Leftovers\n|upkeep\n|turn|23\n|c|\u2606blled vs feed|ok\n|\n|t:|1700612445\n|move|p2a: Dragapult|Tera Blast|p1a: Walking Wake|[anim] Tera Blast Ghost\n|-damage|p1a: Walking Wake|0 fnt\n|faint|p1a: Walking Wake\n|-end|p1a: Walking Wake|Protosynthesis|[silent]\n|\n|upkeep\n|\n|t:|1700612450\n|switch|p1a: Iron Valiant|Iron Valiant|100\/100\n|-damage|p1a: Iron Valiant|94\/100|[from] Stealth Rock\n|-enditem|p1a: Iron Valiant|Booster Energy\n|-activate|p1a: Iron Valiant|ability: Quark Drive|[fromitem]\n|-start|p1a: Iron Valiant|quarkdrivespe\n|turn|24\n|c|\u2606blled vs feed|you are so fucking stupid btw\n|\n|t:|1700612456\n|switch|p2a: Talonflame|Talonflame, F|100\/100\n|move|p1a: Iron Valiant|Liquidation|p2a: Talonflame\n|-supereffective|p2a: Talonflame\n|-damage|p2a: Talonflame|17\/100\n|-status|p1a: Iron Valiant|brn|[from] ability: Flame Body|[of] p2a: Talonflame\n|\n|-damage|p1a: Iron Valiant|88\/100 brn|[from] brn\n|upkeep\n|turn|25\n|\n|t:|1700612464\n|move|p1a: Iron Valiant|Liquidation|p2a: Talonflame\n|-supereffective|p2a: Talonflame\n|-damage|p2a: Talonflame|0 fnt\n|faint|p2a: Talonflame\n|\n|-damage|p1a: Iron Valiant|82\/100 brn|[from] brn\n|upkeep\n|\n|t:|1700612467\n|switch|p2a: Zamazenta|Zamazenta, shiny|100\/100\n|-ability|p2a: Zamazenta|Dauntless Shield|boost\n|-boost|p2a: Zamazenta|def|1\n|turn|26\n|\n|t:|1700612473\n|move|p1a: Iron Valiant|Swords Dance|p1a: Iron Valiant\n|-boost|p1a: Iron Valiant|atk|2\n|move|p2a: Zamazenta|Heavy Slam|p1a: Iron Valiant\n|-supereffective|p1a: Iron Valiant\n|-damage|p1a: Iron Valiant|0 fnt\n|faint|p1a: Iron Valiant\n|-end|p1a: Iron Valiant|Quark Drive|[silent]\n|\n|upkeep\n|\n|t:|1700612480\n|switch|p1a: Corviknight|Corviknight, F|100\/100\n|-damage|p1a: Corviknight|88\/100|[from] Stealth Rock\n|-ability|p1a: Corviknight|Pressure\n|turn|27\n|\n|t:|1700612485\n|move|p2a: Zamazenta|Close Combat|p1a: Corviknight\n|-damage|p1a: Corviknight|55\/100\n|-unboost|p2a: Zamazenta|def|1\n|-unboost|p2a: Zamazenta|spd|1\n|-damage|p2a: Zamazenta|84\/100|[from] item: Rocky Helmet|[of] p1a: Corviknight\n|move|p1a: Corviknight|Brave Bird|p2a: Zamazenta\n|-supereffective|p2a: Zamazenta\n|-damage|p2a: Zamazenta|17\/100\n|-damage|p1a: Corviknight|37\/100|[from] Recoil\n|\n|upkeep\n|turn|28\n|\n|t:|1700612495\n|switch|p2a: Dragapult|Dragapult, F, shiny, tera:Ghost|18\/100\n|move|p1a: Corviknight|Roost|p1a: Corviknight\n|-heal|p1a: Corviknight|87\/100\n|-singleturn|p1a: Corviknight|move: Roost\n|\n|upkeep\n|turn|29\n|\n|t:|1700612501\n|switch|p1a: Clodsire|Clodsire, F|100\/100\n|-damage|p1a: Clodsire|94\/100|[from] Stealth Rock\n|move|p2a: Dragapult|Tera Blast|p1a: Clodsire|[anim] Tera Blast Ghost\n|-damage|p1a: Clodsire|1\/100\n|\n|-heal|p1a: Clodsire|7\/100|[from] item: Leftovers\n|upkeep\n|turn|30\n|-message|lirlaia forfeited.\n|\n|win|blled vs feed\n|raw|lirlaia's rating: 1500 &rarr; <strong>1473<\/strong><br \/>(-27 for losing)\n|raw|blled vs feed's rating: 1378 &rarr; <strong>1405<\/strong><br \/>(+27 for winning)\n|l|\u2606lirlaia\n","uploadtime":1700612455,"views":9,"p1id":"lirlaia","p2id":"blledvsfeed","formatid":"gen9ou","rating":1405,"private":0,"password":""}