{"id":"gen9ou-2000643129","p1":"Hohohug","p2":"Philosophy96","format":"[Gen 9] OU","log":"|j|\u2606Hohohug\n|j|\u2606Philosophy96\n|t:|1701213767\n|gametype|singles\n|player|p1|Hohohug|101|1193\n|player|p2|Philosophy96|170|1233\n|teamsize|p1|6\n|teamsize|p2|6\n|gen|9\n|tier|[Gen 9] OU\n|rated|\n|rule|Sleep Clause Mod: Limit one foe put to sleep\n|rule|Species Clause: Limit one of each Pok\u00e9mon\n|rule|OHKO Clause: OHKO moves are banned\n|rule|Evasion Items Clause: Evasion items are banned\n|rule|Evasion Moves Clause: Evasion moves are banned\n|rule|Endless Battle Clause: Forcing endless battles is banned\n|rule|HP Percentage Mod: HP is shown in percentages\n|clearpoke\n|poke|p1|Milotic, F|\n|poke|p1|Umbreon, M|\n|poke|p1|Typhlosion-Hisui, M|\n|poke|p1|Lilligant-Hisui, F|\n|poke|p1|Zapdos|\n|poke|p1|Lycanroc-Dusk, M|\n|poke|p2|Ninetales-Alola, F|\n|poke|p2|Dragonite, F|\n|poke|p2|Gholdengo|\n|poke|p2|Great Tusk|\n|poke|p2|Zapdos|\n|poke|p2|Slowking-Galar, F|\n|teampreview\n|\n|t:|1701213776\n|start\n|switch|p1a: Lycanroc|Lycanroc-Dusk, M|100\/100\n|switch|p2a: Slowking|Slowking-Galar, F|100\/100\n|turn|1\n|inactive|Battle timer is ON: inactive players will automatically lose when time's up. (requested by Philosophy96)\n|\n|t:|1701213784\n|move|p1a: Lycanroc|Stealth Rock|p2a: Slowking\n|-sidestart|p2: Philosophy96|move: Stealth Rock\n|move|p2a: Slowking|Future Sight|p1a: Lycanroc\n|-start|p2a: Slowking|move: Future Sight\n|\n|upkeep\n|turn|2\n|\n|t:|1701213794\n|move|p1a: Lycanroc|Stone Edge|p2a: Slowking\n|-damage|p2a: Slowking|49\/100\n|move|p2a: Slowking|Toxic|p1a: Lycanroc\n|-status|p1a: Lycanroc|tox\n|\n|-heal|p2a: Slowking|55\/100|[from] item: Leftovers\n|-damage|p1a: Lycanroc|94\/100 tox|[from] psn\n|upkeep\n|turn|3\n|\n|t:|1701213811\n|move|p1a: Lycanroc|Stone Edge|p2a: Slowking|[miss]\n|-miss|p1a: Lycanroc|p2a: Slowking\n|move|p2a: Slowking|Chilly Reception|p2a: Slowking\n|-weather|Snow\n|\n|t:|1701213820\n|switch|p2a: Great Tusk|Great Tusk|100\/100|[from] Chilly Reception\n|-damage|p2a: Great Tusk|98\/100|[from] Stealth Rock\n|\n|-weather|Snow|[upkeep]\n|-end|p1a: Lycanroc|move: Future Sight\n|-damage|p1a: Lycanroc|22\/100 tox\n|-damage|p1a: Lycanroc|9\/100 tox|[from] psn\n|upkeep\n|turn|4\n|\n|t:|1701213831\n|move|p1a: Lycanroc|Reversal|p2a: Great Tusk\n|-damage|p2a: Great Tusk|60\/100\n|move|p2a: Great Tusk|Earthquake|p1a: Lycanroc\n|-supereffective|p1a: Lycanroc\n|-crit|p1a: Lycanroc\n|-damage|p1a: Lycanroc|0 fnt\n|faint|p1a: Lycanroc\n|\n|-weather|Snow|[upkeep]\n|upkeep\n|\n|t:|1701213849\n|switch|p1a: Zapdos|Zapdos|100\/100\n|turn|5\n|\n|t:|1701213872\n|-end|p2a: Great Tusk|Protosynthesis|[silent]\n|switch|p2a: Slowking|Slowking-Galar, F|89\/100\n|-damage|p2a: Slowking|76\/100|[from] Stealth Rock\n|move|p1a: Zapdos|Hurricane|p2a: Slowking|[miss]\n|-miss|p1a: Zapdos|p2a: Slowking\n|\n|-weather|Snow|[upkeep]\n|-heal|p2a: Slowking|82\/100|[from] item: Leftovers\n|upkeep\n|turn|6\n|\n|t:|1701213887\n|move|p1a: Zapdos|Volt Switch|p2a: Slowking\n|-damage|p2a: Slowking|64\/100\n|\n|t:|1701213893\n|switch|p1a: Milotic|Milotic, F|100\/100|[from] Volt Switch\n|move|p2a: Slowking|Toxic|p1a: Milotic\n|-status|p1a: Milotic|tox\n|\n|-weather|Snow|[upkeep]\n|-heal|p2a: Slowking|70\/100|[from] item: Leftovers\n|-damage|p1a: Milotic|94\/100 tox|[from] psn\n|upkeep\n|turn|7\n|\n|t:|1701213907\n|move|p1a: Milotic|Scald|p2a: Slowking\n|-damage|p2a: Slowking|54\/100\n|move|p2a: Slowking|Future Sight|p1a: Milotic\n|-start|p2a: Slowking|move: Future Sight\n|\n|-weather|none\n|-heal|p1a: Milotic|100\/100 tox|[from] item: Leftovers\n|-heal|p2a: Slowking|60\/100|[from] item: Leftovers\n|-damage|p1a: Milotic|88\/100 tox|[from] psn\n|upkeep\n|turn|8\n|\n|t:|1701213924\n|move|p1a: Milotic|Scald|p2a: Slowking\n|-damage|p2a: Slowking|43\/100\n|move|p2a: Slowking|Chilly Reception|p2a: Slowking\n|-weather|Snow\n|\n|t:|1701213934\n|switch|p2a: Ninetales|Ninetales-Alola, F|100\/100|[from] Chilly Reception\n|-damage|p2a: Ninetales|76\/100|[from] Stealth Rock\n|\n|-weather|Snow|[upkeep]\n|-heal|p1a: Milotic|94\/100 tox|[from] item: Leftovers\n|-damage|p1a: Milotic|76\/100 tox|[from] psn\n|upkeep\n|turn|9\n|inactive|Hohohug has 120 seconds left.\n|\n|t:|1701213971\n|-terastallize|p1a: Milotic|Steel\n|move|p2a: Ninetales|Aurora Veil|p2a: Ninetales\n|-sidestart|p2: Philosophy96|move: Aurora Veil\n|move|p1a: Milotic|Scald|p2a: Ninetales\n|-damage|p2a: Ninetales|60\/100\n|\n|-weather|Snow|[upkeep]\n|-end|p1a: Milotic|move: Future Sight\n|-resisted|p1a: Milotic\n|-damage|p1a: Milotic|57\/100 tox\n|-heal|p1a: Milotic|63\/100 tox|[from] item: Leftovers\n|-damage|p1a: Milotic|39\/100 tox|[from] psn\n|upkeep\n|turn|10\n|\n|t:|1701213990\n|switch|p2a: Zapdos|Zapdos|100\/100\n|move|p1a: Milotic|Recover|p1a: Milotic\n|-heal|p1a: Milotic|89\/100 tox\n|\n|-weather|Snow|[upkeep]\n|-heal|p1a: Milotic|95\/100 tox|[from] item: Leftovers\n|-damage|p1a: Milotic|65\/100 tox|[from] psn\n|upkeep\n|turn|11\n|l|\u2606Hohohug\n|inactive|Hohohug disconnected and has a minute to reconnect!\n|player|p1|\n|inactive|Hohohug has 30 seconds to reconnect!\n|inactive|Hohohug has 20 seconds to reconnect!\n|inactive|Hohohug has 15 seconds to reconnect!\n|inactive|Hohohug has 10 seconds to reconnect!\n|j|\u2606Hohohug\n|inactive|Hohohug reconnected and has 50 seconds left.\n|player|p1|Hohohug|101\n|l|\u2606Hohohug\n|inactive|Hohohug disconnected and has a minute to reconnect!\n|player|p1|\n|inactive|Hohohug has 30 seconds left.\n|inactive|Hohohug has 20 seconds left.\n|inactive|Hohohug has 15 seconds left.\n|inactive|Hohohug has 10 seconds left.\n|inactive|Hohohug has 5 seconds left.\n|-message|Hohohug lost due to inactivity.\n|\n|win|Philosophy96\n|raw|Hohohug's rating: 1193 &rarr; <strong>1171<\/strong><br \/>(-22 for losing)\n|raw|Philosophy96's rating: 1233 &rarr; <strong>1255<\/strong><br \/>(+22 for winning)\n|l|\u2606Philosophy96\n|j|\u2606Hohohug\n|player|p1|Hohohug|101\n","uploadtime":1701214221,"views":0,"p1id":"hohohug","p2id":"philosophy96","formatid":"gen9ou","rating":1171,"private":0,"password":""}