{"id":"gen9ou-1988470387","p1":"Kaiserdestroyer","p2":"Fredy2297","format":"[Gen 9] OU","log":"|j|\u2606Kaiserdestroyer\n|j|\u2606Fredy2297\n|t:|1699726382\n|gametype|singles\n|player|p1|Kaiserdestroyer|steven|\n|player|p2|Fredy2297|265|\n|teamsize|p1|6\n|teamsize|p2|6\n|gen|9\n|tier|[Gen 9] OU\n|rule|Sleep Clause Mod: Limit one foe put to sleep\n|rule|Species Clause: Limit one of each Pok\u00e9mon\n|rule|OHKO Clause: OHKO moves are banned\n|rule|Evasion Items Clause: Evasion items are banned\n|rule|Evasion Moves Clause: Evasion moves are banned\n|rule|Endless Battle Clause: Forcing endless battles is banned\n|rule|HP Percentage Mod: HP is shown in percentages\n|clearpoke\n|poke|p1|Great Tusk|\n|poke|p1|Garganacl, M|\n|poke|p1|Vaporeon, M|\n|poke|p1|Iron Thorns|\n|poke|p1|Amoonguss, M|\n|poke|p1|Iron Moth|\n|poke|p2|Pincurchin, F|\n|poke|p2|Dragapult, M|\n|poke|p2|Palossand, F|\n|poke|p2|Kilowattrel, F|\n|poke|p2|Overqwil, F|\n|poke|p2|Medicham, F|\n|teampreview\n|\n|t:|1699726433\n|start\n|switch|p1a: Amoonguss|Amoonguss, M|100\/100\n|switch|p2a: Pincurchin|Pincurchin, F|100\/100\n|-fieldstart|move: Electric Terrain|[from] ability: Electric Surge|[of] p2a: Pincurchin\n|turn|1\n|\n|t:|1699726456\n|switch|p1a: Garganacl|Garganacl, M|100\/100\n|switch|p2a: Dragapult|Dragapult, M|100\/100\n|\n|upkeep\n|turn|2\n|\n|t:|1699726465\n|switch|p2a: Palossand|Palossand, F|100\/100\n|move|p1a: Garganacl|Salt Cure|p2a: Palossand\n|-resisted|p2a: Palossand\n|-damage|p2a: Palossand|95\/100\n|-start|p2a: Palossand|Salt Cure\n|\n|-heal|p2a: Palossand|100\/100|[from] item: Leftovers\n|-damage|p2a: Palossand|88\/100|[from] Salt Cure\n|upkeep\n|turn|3\n|\n|t:|1699726484\n|switch|p1a: Amoonguss|Amoonguss, M|100\/100\n|move|p2a: Palossand|Giga Drain|p1a: Amoonguss\n|-resisted|p1a: Amoonguss\n|-damage|p1a: Amoonguss|95\/100\n|-heal|p2a: Palossand|91\/100|[from] drain|[of] p1a: Amoonguss\n|\n|-heal|p2a: Palossand|97\/100|[from] item: Leftovers\n|-heal|p1a: Amoonguss|100\/100|[from] item: Black Sludge\n|-damage|p2a: Palossand|85\/100|[from] Salt Cure\n|upkeep\n|turn|4\n|\n|t:|1699726499\n|switch|p2a: Kilowattrel|Kilowattrel, F|100\/100\n|move|p1a: Amoonguss|Hex|p2a: Kilowattrel\n|-damage|p2a: Kilowattrel|78\/100\n|\n|upkeep\n|turn|5\n|\n|t:|1699726509\n|switch|p1a: Garganacl|Garganacl, M|100\/100\n|-terastallize|p2a: Kilowattrel|Electric\n|move|p2a: Kilowattrel|Air Slash|p1a: Garganacl\n|-resisted|p1a: Garganacl\n|-damage|p1a: Garganacl|89\/100\n|\n|-heal|p1a: Garganacl|96\/100|[from] item: Leftovers\n|upkeep\n|turn|6\n|\n|t:|1699726519\n|move|p2a: Kilowattrel|Volt Switch|p1a: Garganacl\n|-damage|p1a: Garganacl|61\/100\n|\n|t:|1699726523\n|switch|p2a: Medicham|Medicham, F|100\/100|[from] Volt Switch\n|move|p1a: Garganacl|Earthquake|p2a: Medicham\n|-damage|p2a: Medicham|63\/100\n|\n|-heal|p1a: Garganacl|68\/100|[from] item: Leftovers\n|upkeep\n|turn|7\n|\n|t:|1699726537\n|-terastallize|p1a: Garganacl|Water\n|move|p2a: Medicham|Psycho Cut|p1a: Garganacl\n|-damage|p1a: Garganacl|33\/100\n|move|p1a: Garganacl|Salt Cure|p2a: Medicham\n|-resisted|p2a: Medicham\n|-damage|p2a: Medicham|51\/100\n|-start|p2a: Medicham|Salt Cure\n|\n|-heal|p1a: Garganacl|40\/100|[from] item: Leftovers\n|-damage|p2a: Medicham|39\/100|[from] Salt Cure\n|upkeep\n|turn|8\n|\n|t:|1699726552\n|move|p2a: Medicham|Psycho Cut|p1a: Garganacl\n|-damage|p1a: Garganacl|4\/100\n|move|p1a: Garganacl|Recover|p1a: Garganacl\n|-heal|p1a: Garganacl|54\/100\n|\n|-heal|p1a: Garganacl|61\/100|[from] item: Leftovers\n|-damage|p2a: Medicham|27\/100|[from] Salt Cure\n|-fieldend|move: Electric Terrain\n|upkeep\n|turn|9\n|\n|t:|1699726566\n|switch|p2a: Palossand|Palossand, F|85\/100\n|move|p1a: Garganacl|Iron Defense|p1a: Garganacl\n|-boost|p1a: Garganacl|def|2\n|\n|-heal|p1a: Garganacl|67\/100|[from] item: Leftovers\n|-heal|p2a: Palossand|91\/100|[from] item: Leftovers\n|upkeep\n|turn|10\n|\n|t:|1699726575\n|move|p1a: Garganacl|Salt Cure|p2a: Palossand\n|-resisted|p2a: Palossand\n|-damage|p2a: Palossand|86\/100\n|-start|p2a: Palossand|Salt Cure\n|move|p2a: Palossand|Shadow Ball|p1a: Garganacl\n|-damage|p1a: Garganacl|55\/100\n|\n|-heal|p1a: Garganacl|61\/100|[from] item: Leftovers\n|-heal|p2a: Palossand|92\/100|[from] item: Leftovers\n|-damage|p2a: Palossand|80\/100|[from] Salt Cure\n|upkeep\n|turn|11\n|\n|t:|1699726588\n|move|p2a: Palossand|Giga Drain|p1a: Garganacl\n|-supereffective|p1a: Garganacl\n|-damage|p1a: Garganacl|29\/100\n|-heal|p2a: Palossand|97\/100|[from] drain|[of] p1a: Garganacl\n|move|p1a: Garganacl|Recover|p1a: Garganacl\n|-heal|p1a: Garganacl|79\/100\n|\n|-heal|p2a: Palossand|100\/100|[from] item: Leftovers\n|-heal|p1a: Garganacl|85\/100|[from] item: Leftovers\n|-damage|p2a: Palossand|88\/100|[from] Salt Cure\n|upkeep\n|turn|12\n|\n|t:|1699726600\n|switch|p1a: Amoonguss|Amoonguss, M|100\/100\n|move|p2a: Palossand|Giga Drain|p1a: Amoonguss\n|-resisted|p1a: Amoonguss\n|-damage|p1a: Amoonguss|95\/100\n|-heal|p2a: Palossand|91\/100|[from] drain|[of] p1a: Amoonguss\n|\n|-heal|p2a: Palossand|98\/100|[from] item: Leftovers\n|-heal|p1a: Amoonguss|100\/100|[from] item: Black Sludge\n|-damage|p2a: Palossand|85\/100|[from] Salt Cure\n|upkeep\n|turn|13\n|\n|t:|1699726612\n|switch|p2a: Pincurchin|Pincurchin, F|100\/100\n|-fieldstart|move: Electric Terrain|[from] ability: Electric Surge|[of] p2a: Pincurchin\n|move|p1a: Amoonguss|Spore|p2a: Pincurchin\n|-activate|p2a: Pincurchin|move: Electric Terrain\n|\n|upkeep\n|turn|14\n|\n|t:|1699726629\n|switch|p1a: Great Tusk|Great Tusk|100\/100\n|move|p2a: Pincurchin|Curse|p2a: Pincurchin\n|-unboost|p2a: Pincurchin|spe|1\n|-boost|p2a: Pincurchin|atk|1\n|-boost|p2a: Pincurchin|def|1\n|\n|upkeep\n|turn|15\n|\n|t:|1699726637\n|move|p1a: Great Tusk|Stealth Rock|p2a: Pincurchin\n|-sidestart|p2: Fredy2297|move: Stealth Rock\n|move|p2a: Pincurchin|Scald|p1a: Great Tusk\n|-supereffective|p1a: Great Tusk\n|-damage|p1a: Great Tusk|54\/100\n|-status|p1a: Great Tusk|brn\n|\n|-heal|p1a: Great Tusk|61\/100 brn|[from] item: Leftovers\n|-damage|p1a: Great Tusk|54\/100 brn|[from] brn\n|upkeep\n|turn|16\n|\n|t:|1699726651\n|move|p1a: Great Tusk|Knock Off|p2a: Pincurchin\n|-crit|p2a: Pincurchin\n|-damage|p2a: Pincurchin|83\/100\n|-enditem|p2a: Pincurchin|Terrain Extender|[from] move: Knock Off|[of] p1a: Great Tusk\n|move|p2a: Pincurchin|Scald|p1a: Great Tusk\n|-supereffective|p1a: Great Tusk\n|-damage|p1a: Great Tusk|10\/100 brn\n|\n|-heal|p1a: Great Tusk|16\/100 brn|[from] item: Leftovers\n|-damage|p1a: Great Tusk|10\/100 brn|[from] brn\n|upkeep\n|turn|17\n|\n|t:|1699726663\n|move|p1a: Great Tusk|Earthquake|p2a: Pincurchin\n|-supereffective|p2a: Pincurchin\n|-damage|p2a: Pincurchin|57\/100\n|move|p2a: Pincurchin|Curse|p2a: Pincurchin\n|-unboost|p2a: Pincurchin|spe|1\n|-boost|p2a: Pincurchin|atk|1\n|-boost|p2a: Pincurchin|def|1\n|\n|-heal|p1a: Great Tusk|16\/100 brn|[from] item: Leftovers\n|-damage|p1a: Great Tusk|10\/100 brn|[from] brn\n|upkeep\n|turn|18\n|\n|t:|1699726673\n|move|p1a: Great Tusk|Earthquake|p2a: Pincurchin\n|-supereffective|p2a: Pincurchin\n|-damage|p2a: Pincurchin|38\/100\n|move|p2a: Pincurchin|Recover|p2a: Pincurchin\n|-heal|p2a: Pincurchin|88\/100\n|\n|-heal|p1a: Great Tusk|16\/100 brn|[from] item: Leftovers\n|-damage|p1a: Great Tusk|10\/100 brn|[from] brn\n|upkeep\n|turn|19\n|\n|t:|1699726685\n|move|p1a: Great Tusk|Earthquake|p2a: Pincurchin\n|-supereffective|p2a: Pincurchin\n|-damage|p2a: Pincurchin|69\/100\n|move|p2a: Pincurchin|Scald|p1a: Great Tusk\n|-supereffective|p1a: Great Tusk\n|-damage|p1a: Great Tusk|0 fnt\n|faint|p1a: Great Tusk\n|-end|p1a: Great Tusk|Protosynthesis|[silent]\n|\n|upkeep\n|\n|t:|1699726691\n|switch|p1a: Vaporeon|Vaporeon, M|100\/100\n|turn|20\n|\n|t:|1699726696\n|move|p1a: Vaporeon|Haze|p1a: Vaporeon\n|-clearallboost\n|move|p2a: Pincurchin|Discharge|p1a: Vaporeon\n|-supereffective|p1a: Vaporeon\n|-damage|p1a: Vaporeon|47\/100\n|-status|p1a: Vaporeon|par\n|\n|-heal|p1a: Vaporeon|54\/100 par|[from] item: Leftovers\n|-fieldend|move: Electric Terrain\n|upkeep\n|turn|21\n|\n|t:|1699726713\n|switch|p1a: Iron Moth|Iron Moth|100\/100\n|-enditem|p1a: Iron Moth|Booster Energy\n|-activate|p1a: Iron Moth|ability: Quark Drive|[fromitem]\n|-start|p1a: Iron Moth|quarkdrivespe\n|switch|p2a: Kilowattrel|Kilowattrel, F, tera:Electric|78\/100\n|\n|upkeep\n|turn|22\n|\n|t:|1699726721\n|move|p1a: Iron Moth|Sludge Wave|p2a: Kilowattrel\n|-damage|p2a: Kilowattrel|0 fnt\n|faint|p2a: Kilowattrel\n|\n|upkeep\n|\n|t:|1699726727\n|switch|p2a: Overqwil|Overqwil, F|100\/100\n|-damage|p2a: Overqwil|88\/100|[from] Stealth Rock\n|-ability|p2a: Overqwil|Intimidate|boost\n|-unboost|p1a: Iron Moth|atk|1\n|turn|23\n|\n|t:|1699726734\n|move|p1a: Iron Moth|Fiery Dance|p2a: Overqwil\n|-damage|p2a: Overqwil|16\/100\n|-boost|p1a: Iron Moth|spa|1\n|move|p2a: Overqwil|Liquidation|p1a: Iron Moth\n|-supereffective|p1a: Iron Moth\n|-damage|p1a: Iron Moth|19\/100\n|\n|upkeep\n|turn|24\n|\n|t:|1699726744\n|move|p1a: Iron Moth|Fiery Dance|p2a: Overqwil\n|-damage|p2a: Overqwil|0 fnt\n|-boost|p1a: Iron Moth|spa|1\n|faint|p2a: Overqwil\n|\n|upkeep\n|\n|t:|1699726751\n|switch|p2a: Medicham|Medicham, F|27\/100\n|-damage|p2a: Medicham|21\/100|[from] Stealth Rock\n|turn|25\n|\n|t:|1699726756\n|move|p2a: Medicham|Fake Out|p1a: Iron Moth\n|-damage|p1a: Iron Moth|0 fnt\n|faint|p1a: Iron Moth\n|-end|p1a: Iron Moth|Quark Drive|[silent]\n|\n|upkeep\n|\n|t:|1699726767\n|switch|p1a: Garganacl|Garganacl, M, tera:Water|85\/100\n|turn|26\n|\n|t:|1699726774\n|switch|p2a: Palossand|Palossand, F|85\/100\n|-damage|p2a: Palossand|79\/100|[from] Stealth Rock\n|move|p1a: Garganacl|Salt Cure|p2a: Palossand\n|-resisted|p2a: Palossand\n|-damage|p2a: Palossand|73\/100\n|-start|p2a: Palossand|Salt Cure\n|\n|-heal|p2a: Palossand|80\/100|[from] item: Leftovers\n|-heal|p1a: Garganacl|92\/100|[from] item: Leftovers\n|-damage|p2a: Palossand|67\/100|[from] Salt Cure\n|upkeep\n|turn|27\n|\n|t:|1699726792\n|switch|p1a: Amoonguss|Amoonguss, M|100\/100\n|move|p2a: Palossand|Giga Drain|p1a: Amoonguss\n|-resisted|p1a: Amoonguss\n|-damage|p1a: Amoonguss|95\/100\n|-heal|p2a: Palossand|71\/100|[from] drain|[of] p1a: Amoonguss\n|\n|-heal|p2a: Palossand|77\/100|[from] item: Leftovers\n|-heal|p1a: Amoonguss|100\/100|[from] item: Black Sludge\n|-damage|p2a: Palossand|64\/100|[from] Salt Cure\n|upkeep\n|turn|28\n|\n|t:|1699726804\n|switch|p2a: Pincurchin|Pincurchin, F|69\/100\n|-damage|p2a: Pincurchin|57\/100|[from] Stealth Rock\n|-fieldstart|move: Electric Terrain|[from] ability: Electric Surge|[of] p2a: Pincurchin\n|move|p1a: Amoonguss|Giga Drain|p2a: Pincurchin\n|-damage|p2a: Pincurchin|25\/100\n|\n|upkeep\n|turn|29\n|\n|t:|1699726815\n|switch|p2a: Dragapult|Dragapult, M|100\/100\n|move|p1a: Amoonguss|Giga Drain|p2a: Dragapult\n|-resisted|p2a: Dragapult\n|-damage|p2a: Dragapult|85\/100\n|\n|upkeep\n|turn|30\n|\n|t:|1699726823\n|switch|p1a: Garganacl|Garganacl, M, tera:Water|92\/100\n|move|p2a: Dragapult|Dragon Dance|p2a: Dragapult\n|-boost|p2a: Dragapult|atk|1\n|-boost|p2a: Dragapult|spe|1\n|\n|-heal|p1a: Garganacl|98\/100|[from] item: Leftovers\n|upkeep\n|turn|31\n|\n|t:|1699726831\n|move|p2a: Dragapult|Dragon Darts|p1a: Garganacl\n|-damage|p1a: Garganacl|69\/100\n|-anim|p2a: Dragapult|Dragon Darts|p1a: Garganacl\n|-crit|p1a: Garganacl\n|-damage|p1a: Garganacl|31\/100\n|move|p1a: Garganacl|Iron Defense|p1a: Garganacl\n|-boost|p1a: Garganacl|def|2\n|\n|-heal|p1a: Garganacl|37\/100|[from] item: Leftovers\n|upkeep\n|turn|32\n|\n|t:|1699726842\n|move|p2a: Dragapult|Dragon Darts|p1a: Garganacl\n|-damage|p1a: Garganacl|24\/100\n|-anim|p2a: Dragapult|Dragon Darts|p1a: Garganacl\n|-damage|p1a: Garganacl|10\/100\n|move|p1a: Garganacl|Recover|p1a: Garganacl\n|-heal|p1a: Garganacl|60\/100\n|\n|-heal|p1a: Garganacl|66\/100|[from] item: Leftovers\n|-fieldend|move: Electric Terrain\n|upkeep\n|turn|33\n|\n|t:|1699726854\n|switch|p2a: Palossand|Palossand, F|64\/100\n|-damage|p2a: Palossand|58\/100|[from] Stealth Rock\n|move|p1a: Garganacl|Iron Defense|p1a: Garganacl\n|-boost|p1a: Garganacl|def|2\n|\n|-heal|p2a: Palossand|64\/100|[from] item: Leftovers\n|-heal|p1a: Garganacl|73\/100|[from] item: Leftovers\n|upkeep\n|turn|34\n|\n|t:|1699726865\n|move|p2a: Palossand|Shadow Ball|p1a: Garganacl\n|-damage|p1a: Garganacl|60\/100\n|move|p1a: Garganacl|Salt Cure|p2a: Palossand\n|-resisted|p2a: Palossand\n|-damage|p2a: Palossand|59\/100\n|-start|p2a: Palossand|Salt Cure\n|\n|-heal|p1a: Garganacl|66\/100|[from] item: Leftovers\n|-heal|p2a: Palossand|65\/100|[from] item: Leftovers\n|-damage|p2a: Palossand|53\/100|[from] Salt Cure\n|upkeep\n|turn|35\n|\n|t:|1699726878\n|move|p1a: Garganacl|Earthquake|p2a: Palossand\n|-damage|p2a: Palossand|32\/100\n|move|p2a: Palossand|Shore Up|p2a: Palossand\n|-heal|p2a: Palossand|82\/100\n|\n|-heal|p1a: Garganacl|72\/100|[from] item: Leftovers\n|-heal|p2a: Palossand|88\/100|[from] item: Leftovers\n|-damage|p2a: Palossand|76\/100|[from] Salt Cure\n|upkeep\n|turn|36\n|\n|t:|1699726891\n|switch|p1a: Vaporeon|Vaporeon, M|54\/100 par\n|move|p2a: Palossand|Shadow Ball|p1a: Vaporeon\n|-damage|p1a: Vaporeon|26\/100 par\n|-unboost|p1a: Vaporeon|spd|1\n|\n|-heal|p2a: Palossand|82\/100|[from] item: Leftovers\n|-heal|p1a: Vaporeon|32\/100 par|[from] item: Leftovers\n|-damage|p2a: Palossand|70\/100|[from] Salt Cure\n|upkeep\n|turn|37\n|\n|t:|1699726903\n|move|p2a: Palossand|Giga Drain|p1a: Vaporeon\n|-supereffective|p1a: Vaporeon\n|-damage|p1a: Vaporeon|0 fnt\n|-heal|p2a: Palossand|89\/100|[from] drain|[of] p1a: Vaporeon\n|faint|p1a: Vaporeon\n|\n|-heal|p2a: Palossand|95\/100|[from] item: Leftovers\n|-damage|p2a: Palossand|83\/100|[from] Salt Cure\n|upkeep\n|\n|t:|1699726909\n|switch|p1a: Iron Thorns|Iron Thorns|100\/100\n|-enditem|p1a: Iron Thorns|Booster Energy\n|-activate|p1a: Iron Thorns|ability: Quark Drive|[fromitem]\n|-start|p1a: Iron Thorns|quarkdriveatk\n|turn|38\n|\n|t:|1699726919\n|move|p1a: Iron Thorns|Ice Punch|p2a: Palossand\n|-supereffective|p2a: Palossand\n|-damage|p2a: Palossand|25\/100\n|move|p2a: Palossand|Earth Power|p1a: Iron Thorns\n|-supereffective|p1a: Iron Thorns\n|-damage|p1a: Iron Thorns|0 fnt\n|faint|p1a: Iron Thorns\n|-end|p1a: Iron Thorns|Quark Drive|[silent]\n|\n|-heal|p2a: Palossand|32\/100|[from] item: Leftovers\n|-damage|p2a: Palossand|19\/100|[from] Salt Cure\n|upkeep\n|\n|t:|1699726926\n|switch|p1a: Amoonguss|Amoonguss, M|100\/100\n|turn|39\n|\n|t:|1699726933\n|switch|p2a: Pincurchin|Pincurchin, F|25\/100\n|-damage|p2a: Pincurchin|12\/100|[from] Stealth Rock\n|-fieldstart|move: Electric Terrain|[from] ability: Electric Surge|[of] p2a: Pincurchin\n|move|p1a: Amoonguss|Giga Drain|p2a: Pincurchin\n|-damage|p2a: Pincurchin|0 fnt\n|faint|p2a: Pincurchin\n|\n|upkeep\n|\n|t:|1699726944\n|switch|p2a: Medicham|Medicham, F|21\/100\n|-damage|p2a: Medicham|15\/100|[from] Stealth Rock\n|turn|40\n|\n|t:|1699726950\n|move|p2a: Medicham|Fake Out|p1a: Amoonguss\n|-crit|p1a: Amoonguss\n|-damage|p1a: Amoonguss|78\/100\n|cant|p1a: Amoonguss|flinch\n|\n|-heal|p1a: Amoonguss|84\/100|[from] item: Black Sludge\n|upkeep\n|turn|41\n|\n|t:|1699726957\n|move|p2a: Medicham|Psycho Cut|p1a: Amoonguss\n|-supereffective|p1a: Amoonguss\n|-damage|p1a: Amoonguss|12\/100\n|move|p1a: Amoonguss|Giga Drain|p2a: Medicham\n|-damage|p2a: Medicham|0 fnt\n|-heal|p1a: Amoonguss|16\/100|[from] drain|[of] p2a: Medicham\n|faint|p2a: Medicham\n|\n|-heal|p1a: Amoonguss|22\/100|[from] item: Black Sludge\n|upkeep\n|\n|t:|1699726970\n|switch|p2a: Dragapult|Dragapult, M|85\/100\n|turn|42\n|\n|t:|1699726985\n|switch|p1a: Garganacl|Garganacl, M, tera:Water|72\/100\n|move|p2a: Dragapult|Dragon Darts|p1a: Garganacl\n|-damage|p1a: Garganacl|55\/100\n|-anim|p2a: Dragapult|Dragon Darts|p1a: Garganacl\n|-damage|p1a: Garganacl|37\/100\n|\n|-heal|p1a: Garganacl|43\/100|[from] item: Leftovers\n|upkeep\n|turn|43\n|\n|t:|1699726997\n|move|p2a: Dragapult|Dragon Dance|p2a: Dragapult\n|-boost|p2a: Dragapult|atk|1\n|-boost|p2a: Dragapult|spe|1\n|move|p1a: Garganacl|Recover|p1a: Garganacl\n|-heal|p1a: Garganacl|93\/100\n|\n|-heal|p1a: Garganacl|99\/100|[from] item: Leftovers\n|-fieldend|move: Electric Terrain\n|upkeep\n|turn|44\n|\n|t:|1699727006\n|move|p2a: Dragapult|Dragon Darts|p1a: Garganacl\n|-damage|p1a: Garganacl|73\/100\n|-anim|p2a: Dragapult|Dragon Darts|p1a: Garganacl\n|-damage|p1a: Garganacl|47\/100\n|move|p1a: Garganacl|Iron Defense|p1a: Garganacl\n|-boost|p1a: Garganacl|def|2\n|\n|-heal|p1a: Garganacl|53\/100|[from] item: Leftovers\n|upkeep\n|turn|45\n|\n|t:|1699727016\n|move|p2a: Dragapult|Dragon Dance|p2a: Dragapult\n|-boost|p2a: Dragapult|atk|1\n|-boost|p2a: Dragapult|spe|1\n|move|p1a: Garganacl|Iron Defense|p1a: Garganacl\n|-boost|p1a: Garganacl|def|2\n|\n|-heal|p1a: Garganacl|60\/100|[from] item: Leftovers\n|upkeep\n|turn|46\n|\n|t:|1699727027\n|move|p2a: Dragapult|Dragon Darts|p1a: Garganacl\n|-damage|p1a: Garganacl|47\/100\n|-anim|p2a: Dragapult|Dragon Darts|p1a: Garganacl\n|-damage|p1a: Garganacl|34\/100\n|move|p1a: Garganacl|Salt Cure|p2a: Dragapult\n|-damage|p2a: Dragapult|68\/100\n|-start|p2a: Dragapult|Salt Cure\n|\n|-heal|p1a: Garganacl|40\/100|[from] item: Leftovers\n|-damage|p2a: Dragapult|55\/100|[from] Salt Cure\n|upkeep\n|turn|47\n|\n|t:|1699727039\n|switch|p2a: Palossand|Palossand, F|19\/100\n|-damage|p2a: Palossand|13\/100|[from] Stealth Rock\n|move|p1a: Garganacl|Recover|p1a: Garganacl\n|-heal|p1a: Garganacl|90\/100\n|\n|-heal|p2a: Palossand|19\/100|[from] item: Leftovers\n|-heal|p1a: Garganacl|96\/100|[from] item: Leftovers\n|upkeep\n|turn|48\n|\n|t:|1699727049\n|switch|p1a: Amoonguss|Amoonguss, M|56\/100\n|move|p2a: Palossand|Shore Up|p2a: Palossand\n|-heal|p2a: Palossand|69\/100\n|\n|-heal|p2a: Palossand|75\/100|[from] item: Leftovers\n|-heal|p1a: Amoonguss|62\/100|[from] item: Black Sludge\n|upkeep\n|turn|49\n|\n|t:|1699727060\n|move|p2a: Palossand|Shadow Ball|p1a: Amoonguss\n|-damage|p1a: Amoonguss|30\/100\n|move|p1a: Amoonguss|Spore|p2a: Palossand\n|-status|p2a: Palossand|slp|[from] move: Spore\n|\n|-heal|p2a: Palossand|82\/100 slp|[from] item: Leftovers\n|-heal|p1a: Amoonguss|36\/100|[from] item: Black Sludge\n|upkeep\n|turn|50\n|\n|t:|1699727070\n|switch|p2a: Dragapult|Dragapult, M|55\/100\n|move|p1a: Amoonguss|Hex|p2a: Dragapult\n|-supereffective|p2a: Dragapult\n|-damage|p2a: Dragapult|21\/100\n|\n|-heal|p1a: Amoonguss|42\/100|[from] item: Black Sludge\n|upkeep\n|turn|51\n|\n|t:|1699727078\n|move|p2a: Dragapult|Psychic Fangs|p1a: Amoonguss\n|-supereffective|p1a: Amoonguss\n|-damage|p1a: Amoonguss|0 fnt\n|faint|p1a: Amoonguss\n|\n|upkeep\n|\n|t:|1699727081\n|switch|p1a: Garganacl|Garganacl, M, tera:Water|96\/100\n|turn|52\n|\n|t:|1699727089\n|move|p2a: Dragapult|Dragon Darts|p1a: Garganacl\n|-damage|p1a: Garganacl|79\/100\n|-anim|p2a: Dragapult|Dragon Darts|p1a: Garganacl\n|-damage|p1a: Garganacl|62\/100\n|move|p1a: Garganacl|Salt Cure|p2a: Dragapult\n|-damage|p2a: Dragapult|3\/100\n|-start|p2a: Dragapult|Salt Cure\n|\n|-heal|p1a: Garganacl|68\/100|[from] item: Leftovers\n|-damage|p2a: Dragapult|0 fnt|[from] Salt Cure\n|faint|p2a: Dragapult\n|upkeep\n|\n|t:|1699727101\n|switch|p2a: Palossand|Palossand, F|82\/100 slp\n|-damage|p2a: Palossand|75\/100 slp|[from] Stealth Rock\n|turn|53\n|\n|t:|1699727110\n|move|p1a: Garganacl|Salt Cure|p2a: Palossand\n|-resisted|p2a: Palossand\n|-damage|p2a: Palossand|69\/100 slp\n|-start|p2a: Palossand|Salt Cure\n|cant|p2a: Palossand|slp\n|\n|-heal|p2a: Palossand|75\/100 slp|[from] item: Leftovers\n|-heal|p1a: Garganacl|75\/100|[from] item: Leftovers\n|-damage|p2a: Palossand|63\/100 slp|[from] Salt Cure\n|upkeep\n|turn|54\n|\n|t:|1699727122\n|-curestatus|p2a: Palossand|slp|[msg]\n|move|p2a: Palossand|Shore Up|p2a: Palossand\n|-heal|p2a: Palossand|100\/100\n|move|p1a: Garganacl|Earthquake|p2a: Palossand\n|-damage|p2a: Palossand|81\/100\n|\n|-heal|p2a: Palossand|87\/100|[from] item: Leftovers\n|-heal|p1a: Garganacl|81\/100|[from] item: Leftovers\n|-damage|p2a: Palossand|75\/100|[from] Salt Cure\n|upkeep\n|turn|55\n|\n|t:|1699727134\n|move|p2a: Palossand|Giga Drain|p1a: Garganacl\n|-supereffective|p1a: Garganacl\n|-damage|p1a: Garganacl|49\/100\n|-heal|p2a: Palossand|92\/100|[from] drain|[of] p1a: Garganacl\n|move|p1a: Garganacl|Earthquake|p2a: Palossand\n|-damage|p2a: Palossand|74\/100\n|\n|-heal|p2a: Palossand|80\/100|[from] item: Leftovers\n|-heal|p1a: Garganacl|55\/100|[from] item: Leftovers\n|-damage|p2a: Palossand|68\/100|[from] Salt Cure\n|upkeep\n|turn|56\n|\n|t:|1699727146\n|move|p2a: Palossand|Giga Drain|p1a: Garganacl\n|-supereffective|p1a: Garganacl\n|-damage|p1a: Garganacl|22\/100\n|-heal|p2a: Palossand|86\/100|[from] drain|[of] p1a: Garganacl\n|move|p1a: Garganacl|Recover|p1a: Garganacl\n|-heal|p1a: Garganacl|72\/100\n|\n|-heal|p2a: Palossand|92\/100|[from] item: Leftovers\n|-heal|p1a: Garganacl|78\/100|[from] item: Leftovers\n|-damage|p2a: Palossand|80\/100|[from] Salt Cure\n|upkeep\n|turn|57\n|\n|t:|1699727158\n|move|p1a: Garganacl|Recover|p1a: Garganacl\n|-heal|p1a: Garganacl|100\/100\n|move|p2a: Palossand|Shadow Ball|p1a: Garganacl\n|-damage|p1a: Garganacl|87\/100\n|\n|-heal|p1a: Garganacl|93\/100|[from] item: Leftovers\n|-heal|p2a: Palossand|86\/100|[from] item: Leftovers\n|-damage|p2a: Palossand|74\/100|[from] Salt Cure\n|upkeep\n|turn|58\n|\n|t:|1699727169\n|move|p1a: Garganacl|Earthquake|p2a: Palossand\n|-damage|p2a: Palossand|55\/100\n|move|p2a: Palossand|Shadow Ball|p1a: Garganacl\n|-damage|p1a: Garganacl|80\/100\n|\n|-heal|p1a: Garganacl|87\/100|[from] item: Leftovers\n|-heal|p2a: Palossand|61\/100|[from] item: Leftovers\n|-damage|p2a: Palossand|49\/100|[from] Salt Cure\n|upkeep\n|turn|59\n|\n|t:|1699727183\n|move|p2a: Palossand|Shore Up|p2a: Palossand\n|-heal|p2a: Palossand|99\/100\n|move|p1a: Garganacl|Earthquake|p2a: Palossand\n|-damage|p2a: Palossand|80\/100\n|\n|-heal|p1a: Garganacl|93\/100|[from] item: Leftovers\n|-heal|p2a: Palossand|86\/100|[from] item: Leftovers\n|-damage|p2a: Palossand|74\/100|[from] Salt Cure\n|upkeep\n|turn|60\n|\n|t:|1699727199\n|move|p2a: Palossand|Shadow Ball|p1a: Garganacl\n|-damage|p1a: Garganacl|80\/100\n|-unboost|p1a: Garganacl|spd|1\n|move|p1a: Garganacl|Earthquake|p2a: Palossand\n|-crit|p2a: Palossand\n|-damage|p2a: Palossand|43\/100\n|\n|-heal|p1a: Garganacl|86\/100|[from] item: Leftovers\n|-heal|p2a: Palossand|49\/100|[from] item: Leftovers\n|-damage|p2a: Palossand|37\/100|[from] Salt Cure\n|upkeep\n|turn|61\n|\n|t:|1699727212\n|move|p2a: Palossand|Shore Up|p2a: Palossand\n|-heal|p2a: Palossand|87\/100\n|move|p1a: Garganacl|Earthquake|p2a: Palossand\n|-damage|p2a: Palossand|66\/100\n|\n|-heal|p2a: Palossand|72\/100|[from] item: Leftovers\n|-heal|p1a: Garganacl|93\/100|[from] item: Leftovers\n|-damage|p2a: Palossand|60\/100|[from] Salt Cure\n|upkeep\n|turn|62\n|\n|t:|1699727224\n|move|p2a: Palossand|Giga Drain|p1a: Garganacl\n|-supereffective|p1a: Garganacl\n|-crit|p1a: Garganacl\n|-damage|p1a: Garganacl|26\/100\n|-heal|p2a: Palossand|96\/100|[from] drain|[of] p1a: Garganacl\n|move|p1a: Garganacl|Earthquake|p2a: Palossand\n|-damage|p2a: Palossand|76\/100\n|\n|-heal|p2a: Palossand|82\/100|[from] item: Leftovers\n|-heal|p1a: Garganacl|32\/100|[from] item: Leftovers\n|-damage|p2a: Palossand|70\/100|[from] Salt Cure\n|upkeep\n|turn|63\n|c|\u2606Kaiserdestroyer|Gg\n|\n|t:|1699727238\n|move|p2a: Palossand|Giga Drain|p1a: Garganacl\n|-supereffective|p1a: Garganacl\n|-damage|p1a: Garganacl|0 fnt\n|-heal|p2a: Palossand|87\/100|[from] drain|[of] p1a: Garganacl\n|faint|p1a: Garganacl\n|\n|win|Fredy2297\n","uploadtime":1699727241,"views":62,"p1id":"kaiserdestroyer","p2id":"fredy2297","formatid":"gen9ou","rating":0,"private":0,"password":""}