{"id":"gen9ou-1990105568","p1":"garbagemon squad","p2":"Serranity","format":"[Gen 9] OU","log":"|j|\u2606garbagemon squad\n|j|\u2606Serranity\n|t:|1699925105\n|gametype|singles\n|player|p1|garbagemon squad|elesa|1076\n|player|p2|Serranity|169|1065\n|teamsize|p1|6\n|teamsize|p2|6\n|gen|9\n|tier|[Gen 9] OU\n|rated|\n|rule|Sleep Clause Mod: Limit one foe put to sleep\n|rule|Species Clause: Limit one of each Pok\u00e9mon\n|rule|OHKO Clause: OHKO moves are banned\n|rule|Evasion Items Clause: Evasion items are banned\n|rule|Evasion Moves Clause: Evasion moves are banned\n|rule|Endless Battle Clause: Forcing endless battles is banned\n|rule|HP Percentage Mod: HP is shown in percentages\n|clearpoke\n|poke|p1|Zapdos-Galar|\n|poke|p1|Ambipom, F|\n|poke|p1|Breloom, F|\n|poke|p1|Sylveon, F|\n|poke|p1|Dragapult, F|\n|poke|p1|Zamazenta-*|\n|poke|p2|Grimmsnarl, M|\n|poke|p2|Lokix, M|\n|poke|p2|Iron Moth|\n|poke|p2|Gholdengo|\n|poke|p2|Landorus-Therian, M|\n|poke|p2|Pawmot, F|\n|teampreview\n|\n|t:|1699925125\n|start\n|switch|p1a: Zapdos|Zapdos-Galar|100\/100\n|switch|p2a: Grimmsnarl|Grimmsnarl, M|100\/100\n|turn|1\n|\n|t:|1699925130\n|move|p2a: Grimmsnarl|Reflect|p2a: Grimmsnarl\n|-sidestart|p2: Serranity|Reflect\n|move|p1a: Zapdos|Thunderous Kick|p2a: Grimmsnarl\n|-damage|p2a: Grimmsnarl|71\/100\n|-unboost|p2a: Grimmsnarl|def|1\n|\n|upkeep\n|turn|2\n|\n|t:|1699925136\n|move|p2a: Grimmsnarl|Light Screen|p2a: Grimmsnarl\n|-sidestart|p2: Serranity|move: Light Screen\n|move|p1a: Zapdos|Substitute|p1a: Zapdos\n|-start|p1a: Zapdos|Substitute\n|-damage|p1a: Zapdos|76\/100\n|\n|-heal|p1a: Zapdos|82\/100|[from] item: Leftovers\n|upkeep\n|turn|3\n|\n|t:|1699925153\n|switch|p2a: Gholdengo|Gholdengo|100\/100\n|move|p1a: Zapdos|Thunderous Kick|p2a: Gholdengo\n|-immune|p2a: Gholdengo\n|\n|-heal|p1a: Zapdos|88\/100|[from] item: Leftovers\n|upkeep\n|turn|4\n|\n|t:|1699925159\n|move|p2a: Gholdengo|Shadow Ball|p1a: Zapdos\n|-end|p1a: Zapdos|Substitute\n|move|p1a: Zapdos|Brave Bird|p2a: Gholdengo\n|-resisted|p2a: Gholdengo\n|-damage|p2a: Gholdengo|83\/100\n|-damage|p1a: Zapdos|82\/100|[from] Recoil\n|\n|-heal|p1a: Zapdos|89\/100|[from] item: Leftovers\n|upkeep\n|turn|5\n|\n|t:|1699925176\n|switch|p2a: Lokix|Lokix, M|100\/100\n|switch|p1a: Sylveon|Sylveon, F|100\/100\n|\n|upkeep\n|turn|6\n|\n|t:|1699925183\n|-terastallize|p2a: Lokix|Bug\n|move|p2a: Lokix|First Impression|p1a: Sylveon\n|-resisted|p1a: Sylveon\n|-damage|p1a: Sylveon|10\/100\n|move|p1a: Sylveon|Hyper Beam|p2a: Lokix\n|-damage|p2a: Lokix|0 fnt\n|-mustrecharge|p1a: Sylveon\n|faint|p2a: Lokix\n|\n|upkeep\n|\n|t:|1699925193\n|switch|p2a: Landorus|Landorus-Therian, M|100\/100\n|-ability|p2a: Landorus|Intimidate|boost\n|-unboost|p1a: Sylveon|atk|1\n|turn|7\n|\n|t:|1699925198\n|move|p2a: Landorus|Stealth Rock|p1a: Sylveon\n|-sidestart|p1: garbagemon squad|move: Stealth Rock\n|cant|p1a: Sylveon|recharge\n|\n|upkeep\n|turn|8\n|\n|t:|1699925202\n|move|p2a: Landorus|U-turn|p1a: Sylveon\n|-resisted|p1a: Sylveon\n|-damage|p1a: Sylveon|0 fnt\n|faint|p1a: Sylveon\n|\n|t:|1699925205\n|switch|p2a: Iron Moth|Iron Moth|100\/100|[from] U-turn\n|\n|-sideend|p2: Serranity|Reflect\n|upkeep\n|\n|t:|1699925216\n|switch|p1a: Ambipom|Ambipom, F|100\/100\n|-damage|p1a: Ambipom|88\/100|[from] Stealth Rock\n|turn|9\n|\n|t:|1699925220\n|move|p1a: Ambipom|Fake Out|p2a: Iron Moth\n|-damage|p2a: Iron Moth|51\/100\n|cant|p2a: Iron Moth|flinch\n|\n|-sideend|p2: Serranity|move: Light Screen\n|upkeep\n|turn|10\n|\n|t:|1699925227\n|move|p1a: Ambipom|Last Resort|p2a: Iron Moth\n|-damage|p2a: Iron Moth|0 fnt\n|faint|p2a: Iron Moth\n|-end|p2a: Iron Moth|Quark Drive|[silent]\n|\n|upkeep\n|\n|t:|1699925236\n|switch|p2a: Grimmsnarl|Grimmsnarl, M|71\/100\n|turn|11\n|\n|t:|1699925239\n|move|p2a: Grimmsnarl|Reflect|p2a: Grimmsnarl\n|-sidestart|p2: Serranity|Reflect\n|move|p1a: Ambipom|Last Resort|p2a: Grimmsnarl\n|-damage|p2a: Grimmsnarl|29\/100\n|\n|upkeep\n|turn|12\n|\n|t:|1699925244\n|move|p2a: Grimmsnarl|Light Screen|p2a: Grimmsnarl\n|-sidestart|p2: Serranity|move: Light Screen\n|move|p1a: Ambipom|Last Resort|p2a: Grimmsnarl\n|-damage|p2a: Grimmsnarl|0 fnt\n|faint|p2a: Grimmsnarl\n|\n|upkeep\n|\n|t:|1699925247\n|switch|p2a: Pawmot|Pawmot, F|100\/100\n|turn|13\n|\n|t:|1699925250\n|move|p1a: Ambipom|Last Resort|p2a: Pawmot\n|-damage|p2a: Pawmot|44\/100\n|move|p2a: Pawmot|Revival Blessing|p2a: Pawmot\n|-enditem|p2a: Pawmot|Leppa Berry|[eat]\n|-activate|p2a: Pawmot|item: Leppa Berry|Revival Blessing|[consumed]\n|\n|t:|1699925256\n|-heal|p2: Lokix|50\/100|[from] move: Revival Blessing\n|\n|upkeep\n|turn|14\n|\n|t:|1699925260\n|switch|p2a: Landorus|Landorus-Therian, M|100\/100\n|-ability|p2a: Landorus|Intimidate|boost\n|-unboost|p1a: Ambipom|atk|1\n|move|p1a: Ambipom|Last Resort|p2a: Landorus\n|-damage|p2a: Landorus|79\/100\n|-damage|p1a: Ambipom|72\/100|[from] item: Rocky Helmet|[of] p2a: Landorus\n|\n|upkeep\n|turn|15\n|\n|t:|1699925267\n|move|p1a: Ambipom|Last Resort|p2a: Landorus\n|-damage|p2a: Landorus|58\/100\n|-damage|p1a: Ambipom|55\/100|[from] item: Rocky Helmet|[of] p2a: Landorus\n|move|p2a: Landorus|Earthquake|p1a: Ambipom\n|-damage|p1a: Ambipom|0 fnt\n|faint|p1a: Ambipom\n|\n|upkeep\n|\n|t:|1699925283\n|switch|p1a: Zapdos|Zapdos-Galar|89\/100\n|-damage|p1a: Zapdos|76\/100|[from] Stealth Rock\n|turn|16\n|\n|t:|1699925286\n|move|p1a: Zapdos|Substitute|p1a: Zapdos\n|-start|p1a: Zapdos|Substitute\n|-damage|p1a: Zapdos|51\/100\n|move|p2a: Landorus|U-turn|p1a: Zapdos\n|-resisted|p1a: Zapdos\n|-activate|p1a: Zapdos|move: Substitute|[damage]\n|\n|t:|1699925289\n|switch|p2a: Gholdengo|Gholdengo|83\/100|[from] U-turn\n|\n|-heal|p1a: Zapdos|58\/100|[from] item: Leftovers\n|upkeep\n|turn|17\n|\n|t:|1699925296\n|move|p2a: Gholdengo|Shadow Ball|p1a: Zapdos\n|-end|p1a: Zapdos|Substitute\n|move|p1a: Zapdos|Brave Bird|p2a: Gholdengo\n|-resisted|p2a: Gholdengo\n|-damage|p2a: Gholdengo|67\/100\n|-damage|p1a: Zapdos|52\/100|[from] Recoil\n|\n|-heal|p1a: Zapdos|58\/100|[from] item: Leftovers\n|upkeep\n|turn|18\n|\n|t:|1699925310\n|switch|p1a: Breloom|Breloom, F|100\/100\n|-damage|p1a: Breloom|94\/100|[from] Stealth Rock\n|move|p2a: Gholdengo|Shadow Ball|p1a: Breloom\n|-damage|p1a: Breloom|8\/100\n|\n|-sideend|p2: Serranity|Reflect\n|upkeep\n|turn|19\n|\n|t:|1699925317\n|move|p2a: Gholdengo|Shadow Ball|p1a: Breloom\n|-damage|p1a: Breloom|0 fnt\n|faint|p1a: Breloom\n|\n|-sideend|p2: Serranity|move: Light Screen\n|upkeep\n|\n|t:|1699925320\n|switch|p1a: Dragapult|Dragapult, F|100\/100\n|-damage|p1a: Dragapult|88\/100|[from] Stealth Rock\n|turn|20\n|\n|t:|1699925322\n|move|p2a: Gholdengo|Shadow Ball|p1a: Dragapult\n|-supereffective|p1a: Dragapult\n|-damage|p1a: Dragapult|0 fnt\n|faint|p1a: Dragapult\n|\n|upkeep\n|\n|t:|1699925327\n|switch|p1a: Zamazenta|Zamazenta|100\/100\n|-damage|p1a: Zamazenta|94\/100|[from] Stealth Rock\n|-ability|p1a: Zamazenta|Dauntless Shield|boost\n|-boost|p1a: Zamazenta|def|1\n|turn|21\n|-message|garbagemon squad forfeited.\n|\n|win|Serranity\n|raw|garbagemon squad's rating: 1076 &rarr; <strong>1054<\/strong><br \/>(-22 for losing)\n|raw|Serranity's rating: 1065 &rarr; <strong>1096<\/strong><br \/>(+31 for winning)\n|l|\u2606garbagemon squad\n","uploadtime":1699925367,"views":27,"p1id":"garbagemonsquad","p2id":"serranity","formatid":"gen9ou","rating":1054,"private":0,"password":""}