{"id":"gen9ou-2000556255","p1":"royalaegis1234","p2":"Salim6201","format":"[Gen 9] OU","log":"|j|\u2606royalaegis1234\n|j|\u2606Salim6201\n|t:|1701205004\n|gametype|singles\n|player|p1|royalaegis1234|benga|1414\n|player|p2|Salim6201|169|1433\n|teamsize|p1|6\n|teamsize|p2|6\n|gen|9\n|tier|[Gen 9] OU\n|rated|\n|rule|Sleep Clause Mod: Limit one foe put to sleep\n|rule|Species Clause: Limit one of each Pok\u00e9mon\n|rule|OHKO Clause: OHKO moves are banned\n|rule|Evasion Items Clause: Evasion items are banned\n|rule|Evasion Moves Clause: Evasion moves are banned\n|rule|Endless Battle Clause: Forcing endless battles is banned\n|rule|HP Percentage Mod: HP is shown in percentages\n|clearpoke\n|poke|p1|Azumarill, M|\n|poke|p1|Ninetales-Alola, M|\n|poke|p1|Toedscruel, F|\n|poke|p1|Ceruledge, F|\n|poke|p1|Iron Valiant|\n|poke|p1|Conkeldurr, M|\n|poke|p2|Pelipper, F|\n|poke|p2|Amoonguss, M|\n|poke|p2|Kingambit, M|\n|poke|p2|Basculegion, M|\n|poke|p2|Iron Treads|\n|poke|p2|Manaphy|\n|teampreview\n|inactive|Battle timer is ON: inactive players will automatically lose when time's up. (requested by Salim6201)\n|inactive|Salim6201 has 120 seconds left.\n|\n|t:|1701205039\n|start\n|switch|p1a: Iron Valiant|Iron Valiant|100\/100\n|switch|p2a: 6-0|Manaphy|100\/100\n|-enditem|p1a: Iron Valiant|Booster Energy\n|-activate|p1a: Iron Valiant|ability: Quark Drive|[fromitem]\n|-start|p1a: Iron Valiant|quarkdrivespe\n|turn|1\n|\n|t:|1701205054\n|move|p1a: Iron Valiant|Calm Mind|p1a: Iron Valiant\n|-boost|p1a: Iron Valiant|spa|1\n|-boost|p1a: Iron Valiant|spd|1\n|move|p2a: 6-0|Dazzling Gleam|p1a: Iron Valiant\n|-supereffective|p1a: Iron Valiant\n|-damage|p1a: Iron Valiant|41\/100\n|\n|upkeep\n|turn|2\n|\n|t:|1701205064\n|-terastallize|p1a: Iron Valiant|Electric\n|move|p1a: Iron Valiant|Thunderbolt|p2a: 6-0\n|-supereffective|p2a: 6-0\n|-damage|p2a: 6-0|0 fnt\n|faint|p2a: 6-0\n|\n|upkeep\n|\n|t:|1701205075\n|switch|p2a: Le gros|Iron Treads|100\/100\n|turn|3\n|\n|t:|1701205098\n|-end|p1a: Iron Valiant|Quark Drive|[silent]\n|switch|p1a: Toedscruel|Toedscruel, F|100\/100\n|-terastallize|p2a: Le gros|Ghost\n|move|p2a: Le gros|Earthquake|p1a: Toedscruel\n|-resisted|p1a: Toedscruel\n|-damage|p1a: Toedscruel|69\/100\n|\n|-heal|p1a: Toedscruel|75\/100|[from] item: Leftovers\n|upkeep\n|turn|4\n|inactive|Salim6201 has 120 seconds left.\n|\n|t:|1701205136\n|move|p2a: Le gros|Stealth Rock|p1a: Toedscruel\n|-sidestart|p1: royalaegis1234|move: Stealth Rock\n|move|p1a: Toedscruel|Earth Power|p2a: Le gros\n|-damage|p2a: Le gros|63\/100\n|\n|-heal|p2a: Le gros|69\/100|[from] item: Leftovers\n|-heal|p1a: Toedscruel|81\/100|[from] item: Leftovers\n|upkeep\n|turn|5\n|inactive|Salim6201 has 120 seconds left.\n|\n|t:|1701205155\n|-end|p2a: Le gros|Quark Drive|[silent]\n|switch|p2a: La pluie|Pelipper, F|100\/100\n|-weather|RainDance|[from] ability: Drizzle|[of] p2a: La pluie\n|move|p1a: Toedscruel|Spore|p2a: La pluie\n|-status|p2a: La pluie|slp|[from] move: Spore\n|\n|-weather|RainDance|[upkeep]\n|-heal|p1a: Toedscruel|87\/100|[from] item: Leftovers\n|upkeep\n|turn|6\n|\n|t:|1701205168\n|switch|p1a: Ninetales|Ninetales-Alola, M|100\/100\n|-damage|p1a: Ninetales|76\/100|[from] Stealth Rock\n|-weather|Snow|[from] ability: Snow Warning|[of] p1a: Ninetales\n|switch|p2a: Caro la beubeu|Amoonguss, M|100\/100\n|\n|-weather|Snow|[upkeep]\n|upkeep\n|turn|7\n|\n|t:|1701205178\n|switch|p2a: La pluie|Pelipper, F|100\/100 slp\n|-weather|RainDance|[from] ability: Drizzle|[of] p2a: La pluie\n|move|p1a: Ninetales|Aurora Veil||[still]\n|-fail|p1a: Ninetales\n|\n|-weather|RainDance|[upkeep]\n|upkeep\n|turn|8\n|inactive|Salim6201 has 120 seconds left.\n|\n|t:|1701205189\n|switch|p2a: Caro la beubeu|Amoonguss, M|100\/100\n|move|p1a: Ninetales|Freeze-Dry|p2a: Caro la beubeu\n|-supereffective|p2a: Caro la beubeu\n|-damage|p2a: Caro la beubeu|57\/100\n|-enditem|p2a: Caro la beubeu|Eject Button\n|inactive|Salim6201 has 120 seconds left.\n|\n|t:|1701205195\n|switch|p2a: Max la menace|Basculegion, M|100\/100\n|\n|-weather|RainDance|[upkeep]\n|upkeep\n|turn|9\n|\n|t:|1701205209\n|switch|p1a: Toedscruel|Toedscruel, F|87\/100\n|-damage|p1a: Toedscruel|81\/100|[from] Stealth Rock\n|move|p2a: Max la menace|Wave Crash|p1a: Toedscruel\n|-damage|p1a: Toedscruel|0 fnt\n|faint|p1a: Toedscruel\n|-damage|p2a: Max la menace|80\/100|[from] Recoil\n|\n|-weather|RainDance|[upkeep]\n|upkeep\n|\n|t:|1701205219\n|switch|p1a: Ninetales|Ninetales-Alola, M|76\/100\n|-damage|p1a: Ninetales|51\/100|[from] Stealth Rock\n|-weather|Snow|[from] ability: Snow Warning|[of] p1a: Ninetales\n|turn|10\n|inactive|Salim6201 has 120 seconds left.\n|\n|t:|1701205262\n|switch|p2a: Le gros|Iron Treads, tera:Ghost|69\/100\n|move|p1a: Ninetales|Freeze-Dry|p2a: Le gros\n|-damage|p2a: Le gros|35\/100\n|\n|-weather|Snow|[upkeep]\n|-heal|p2a: Le gros|41\/100|[from] item: Leftovers\n|upkeep\n|turn|11\n|\n|t:|1701205286\n|move|p1a: Ninetales|Moonblast|p2a: Le gros\n|-damage|p2a: Le gros|0 fnt\n|faint|p2a: Le gros\n|-end|p2a: Le gros|Quark Drive|[silent]\n|\n|-weather|Snow|[upkeep]\n|upkeep\n|\n|t:|1701205290\n|switch|p2a: La pluie|Pelipper, F|100\/100 slp\n|-weather|RainDance|[from] ability: Drizzle|[of] p2a: La pluie\n|turn|12\n|\n|t:|1701205295\n|switch|p2a: Je te sweep|Kingambit, M|100\/100\n|-activate|p2a: Je te sweep|ability: Supreme Overlord\n|-start|p2a: Je te sweep|fallen2|[silent]\n|move|p1a: Ninetales|Freeze-Dry|p2a: Je te sweep\n|-resisted|p2a: Je te sweep\n|-damage|p2a: Je te sweep|86\/100\n|-status|p2a: Je te sweep|frz\n|\n|-weather|RainDance|[upkeep]\n|-heal|p2a: Je te sweep|92\/100 frz|[from] item: Leftovers\n|upkeep\n|turn|13\n|inactive|Salim6201 has 120 seconds left.\n|\n|t:|1701205306\n|switch|p1a: Conkeldurr|Conkeldurr, M|100\/100\n|-damage|p1a: Conkeldurr|94\/100|[from] Stealth Rock\n|cant|p2a: Je te sweep|frz\n|\n|-weather|RainDance|[upkeep]\n|-heal|p2a: Je te sweep|98\/100 frz|[from] item: Leftovers\n|-status|p1a: Conkeldurr|brn|[from] item: Flame Orb\n|upkeep\n|turn|14\n|inactive|Salim6201 has 120 seconds left.\n|\n|t:|1701205315\n|-end|p2a: Je te sweep|fallen2|[silent]\n|switch|p2a: Caro la beubeu|Amoonguss, M|91\/100\n|move|p1a: Conkeldurr|Knock Off|p2a: Caro la beubeu\n|-damage|p2a: Caro la beubeu|59\/100\n|\n|-weather|RainDance|[upkeep]\n|-damage|p1a: Conkeldurr|88\/100 brn|[from] brn\n|upkeep\n|turn|15\n|\n|t:|1701205340\n|move|p1a: Conkeldurr|Earthquake|p2a: Caro la beubeu\n|-damage|p2a: Caro la beubeu|12\/100\n|move|p2a: Caro la beubeu|Giga Drain|p1a: Conkeldurr\n|-damage|p1a: Conkeldurr|61\/100 brn\n|-heal|p2a: Caro la beubeu|25\/100|[from] drain|[of] p1a: Conkeldurr\n|\n|-weather|RainDance|[upkeep]\n|-damage|p1a: Conkeldurr|55\/100 brn|[from] brn\n|upkeep\n|turn|16\n|\n|t:|1701205350\n|move|p1a: Conkeldurr|Knock Off|p2a: Caro la beubeu\n|-damage|p2a: Caro la beubeu|0 fnt\n|faint|p2a: Caro la beubeu\n|\n|-weather|RainDance|[upkeep]\n|-damage|p1a: Conkeldurr|49\/100 brn|[from] brn\n|upkeep\n|\n|t:|1701205355\n|switch|p2a: Max la menace|Basculegion, M|80\/100\n|turn|17\n|\n|t:|1701205361\n|move|p2a: Max la menace|Flip Turn|p1a: Conkeldurr\n|-damage|p1a: Conkeldurr|0 fnt\n|faint|p1a: Conkeldurr\n|\n|t:|1701205366\n|switch|p2a: Je te sweep|Kingambit, M|98\/100 frz|[from] Flip Turn\n|-activate|p2a: Je te sweep|ability: Supreme Overlord\n|-start|p2a: Je te sweep|fallen3|[silent]\n|\n|-weather|RainDance|[upkeep]\n|-heal|p2a: Je te sweep|100\/100 frz|[from] item: Leftovers\n|upkeep\n|\n|t:|1701205375\n|switch|p1a: Ceruledge|Ceruledge, F|100\/100\n|turn|18\n|inactive|Salim6201 has 120 seconds left.\n|\n|t:|1701205407\n|cant|p2a: Je te sweep|frz\n|move|p1a: Ceruledge|Bitter Blade|p2a: Je te sweep\n|-supereffective|p2a: Je te sweep\n|-damage|p2a: Je te sweep|60\/100 frz\n|-curestatus|p2a: Je te sweep|frz|[msg]\n|\n|-weather|RainDance|[upkeep]\n|-heal|p2a: Je te sweep|66\/100|[from] item: Leftovers\n|upkeep\n|turn|19\n|inactive|royalaegis1234 has 120 seconds left.\n|\n|t:|1701205455\n|move|p1a: Ceruledge|Swords Dance|p1a: Ceruledge\n|-boost|p1a: Ceruledge|atk|2\n|move|p2a: Je te sweep|Kowtow Cleave|p1a: Ceruledge\n|-supereffective|p1a: Ceruledge\n|-damage|p1a: Ceruledge|0 fnt\n|faint|p1a: Ceruledge\n|\n|-weather|none\n|-heal|p2a: Je te sweep|72\/100|[from] item: Leftovers\n|upkeep\n|\n|t:|1701205463\n|switch|p1a: Azumarill|Azumarill, M|100\/100\n|-damage|p1a: Azumarill|88\/100|[from] Stealth Rock\n|turn|20\n|inactive|Salim6201 has 120 seconds left.\n|\n|t:|1701205490\n|move|p2a: Je te sweep|Kowtow Cleave|p1a: Azumarill\n|-resisted|p1a: Azumarill\n|-damage|p1a: Azumarill|58\/100\n|move|p1a: Azumarill|Play Rough|p2a: Je te sweep\n|-damage|p2a: Je te sweep|0 fnt\n|faint|p2a: Je te sweep\n|-end|p2a: Je te sweep|fallen3|[silent]\n|\n|upkeep\n|\n|t:|1701205496\n|switch|p2a: La pluie|Pelipper, F|100\/100 slp\n|-weather|RainDance|[from] ability: Drizzle|[of] p2a: La pluie\n|turn|21\n|c|\u2606royalaegis1234|BOOM\n|\n|t:|1701205501\n|switch|p2a: Max la menace|Basculegion, M|80\/100\n|move|p1a: Azumarill|Play Rough|p2a: Max la menace\n|-damage|p2a: Max la menace|0 fnt\n|faint|p2a: Max la menace\n|\n|-weather|RainDance|[upkeep]\n|upkeep\n|c|\u2606royalaegis1234|BOOM\n|\n|t:|1701205507\n|switch|p2a: La pluie|Pelipper, F|100\/100 slp\n|turn|22\n|c|\u2606royalaegis1234|VINE BOOM\n|\n|t:|1701205514\n|move|p1a: Azumarill|Play Rough|p2a: La pluie|[miss]\n|-miss|p1a: Azumarill|p2a: La pluie\n|cant|p2a: La pluie|slp\n|\n|-weather|RainDance|[upkeep]\n|upkeep\n|turn|23\n|\n|t:|1701205520\n|move|p1a: Azumarill|Play Rough|p2a: La pluie\n|-damage|p2a: La pluie|34\/100 slp\n|-curestatus|p2a: La pluie|slp|[msg]\n|move|p2a: La pluie|Surf|p1a: Azumarill\n|-resisted|p1a: Azumarill\n|-damage|p1a: Azumarill|37\/100\n|\n|-weather|RainDance|[upkeep]\n|upkeep\n|turn|24\n|c|\u2606royalaegis1234|BOOM\n|-message|Salim6201 forfeited.\n|\n|win|royalaegis1234\n|raw|royalaegis1234's rating: 1414 &rarr; <strong>1435<\/strong><br \/>(+21 for winning)\n|raw|Salim6201's rating: 1433 &rarr; <strong>1412<\/strong><br \/>(-21 for losing)\n|l|\u2606Salim6201\n","uploadtime":1701205532,"views":1,"p1id":"royalaegis1234","p2id":"salim6201","formatid":"gen9ou","rating":1412,"private":0,"password":""}