{"id":"gen9ou-1989158185","p1":"Welcometoearth420","p2":"icy tower","format":"[Gen 9] OU","log":"|j|\u2606Welcometoearth420\n|j|\u2606icy tower\n|t:|1699818398\n|gametype|singles\n|player|p1|Welcometoearth420|169|1584\n|player|p2|icy tower|265|1587\n|teamsize|p1|6\n|teamsize|p2|6\n|gen|9\n|tier|[Gen 9] OU\n|rated|\n|rule|Sleep Clause Mod: Limit one foe put to sleep\n|rule|Species Clause: Limit one of each Pok\u00e9mon\n|rule|OHKO Clause: OHKO moves are banned\n|rule|Evasion Items Clause: Evasion items are banned\n|rule|Evasion Moves Clause: Evasion moves are banned\n|rule|Endless Battle Clause: Forcing endless battles is banned\n|rule|HP Percentage Mod: HP is shown in percentages\n|clearpoke\n|poke|p1|Corviknight, F|\n|poke|p1|Dragapult, F|\n|poke|p1|Slowking-Galar, F|\n|poke|p1|Mandibuzz, F|\n|poke|p1|Iron Valiant|\n|poke|p1|Milotic, F|\n|poke|p2|Dragonite, F|\n|poke|p2|Iron Hands|\n|poke|p2|Gholdengo|\n|poke|p2|Weavile, M|\n|poke|p2|Ninetales-Alola, F|\n|poke|p2|Glimmora, F|\n|teampreview\n|inactive|Battle timer is ON: inactive players will automatically lose when time's up. (requested by icy tower)\n|\n|t:|1699818418\n|start\n|switch|p1a: Dragapult|Dragapult, F|100\/100\n|switch|p2a: Glimmora|Glimmora, F|100\/100\n|turn|1\n|\n|t:|1699818425\n|move|p1a: Dragapult|Shadow Ball|p2a: Glimmora\n|-damage|p2a: Glimmora|32\/100\n|move|p2a: Glimmora|Stealth Rock|p1a: Dragapult\n|-sidestart|p1: Welcometoearth420|move: Stealth Rock\n|\n|upkeep\n|turn|2\n|\n|t:|1699818428\n|switch|p2a: Weavile|Weavile, M|100\/100\n|-ability|p2a: Weavile|Pressure\n|move|p1a: Dragapult|Shadow Ball|p2a: Weavile\n|-resisted|p2a: Weavile\n|-damage|p2a: Weavile|67\/100\n|\n|upkeep\n|turn|3\n|\n|t:|1699818435\n|switch|p1a: Corviknight|Corviknight, F|100\/100\n|-damage|p1a: Corviknight|88\/100|[from] Stealth Rock\n|move|p2a: Weavile|Swords Dance|p2a: Weavile\n|-boost|p2a: Weavile|atk|2\n|\n|upkeep\n|turn|4\n|\n|t:|1699818439\n|move|p2a: Weavile|Icicle Spear|p1a: Corviknight\n|-damage|p1a: Corviknight|74\/100\n|-damage|p1a: Corviknight|60\/100\n|-damage|p1a: Corviknight|45\/100\n|-damage|p1a: Corviknight|30\/100\n|-damage|p1a: Corviknight|15\/100\n|-hitcount|p1a: Corviknight|5\n|move|p1a: Corviknight|Body Press|p2a: Weavile\n|-supereffective|p2a: Weavile\n|-damage|p2a: Weavile|0 fnt\n|faint|p2a: Weavile\n|\n|upkeep\n|\n|t:|1699818442\n|switch|p2a: Ninetales|Ninetales-Alola, F|100\/100\n|-weather|Snow|[from] ability: Snow Warning|[of] p2a: Ninetales\n|turn|5\n|\n|t:|1699818452\n|move|p2a: Ninetales|Freeze-Dry|p1a: Corviknight\n|-damage|p1a: Corviknight|0 fnt\n|faint|p1a: Corviknight\n|\n|-weather|Snow|[upkeep]\n|upkeep\n|\n|t:|1699818453\n|switch|p1a: Slowking|Slowking-Galar, F|100\/100\n|-damage|p1a: Slowking|88\/100|[from] Stealth Rock\n|turn|6\n|\n|t:|1699818455\n|move|p2a: Ninetales|Aurora Veil|p2a: Ninetales\n|-sidestart|p2: icy tower|move: Aurora Veil\n|move|p1a: Slowking|Sludge Bomb|p2a: Ninetales\n|-supereffective|p2a: Ninetales\n|-damage|p2a: Ninetales|68\/100\n|\n|-weather|Snow|[upkeep]\n|upkeep\n|turn|7\n|\n|t:|1699818458\n|move|p2a: Ninetales|Encore|p1a: Slowking\n|-start|p1a: Slowking|Encore\n|move|p1a: Slowking|Sludge Bomb|p2a: Ninetales\n|-supereffective|p2a: Ninetales\n|-damage|p2a: Ninetales|37\/100\n|-status|p2a: Ninetales|psn\n|\n|-weather|Snow|[upkeep]\n|-damage|p2a: Ninetales|25\/100 psn|[from] psn\n|upkeep\n|turn|8\n|\n|t:|1699818465\n|switch|p2a: Gholdengo|Gholdengo|100\/100\n|switch|p1a: Milotic|Milotic, F|100\/100\n|\n|-weather|Snow|[upkeep]\n|upkeep\n|turn|9\n|\n|t:|1699818478\n|move|p2a: Gholdengo|Trick|p1a: Milotic\n|-activate|p2a: Gholdengo|move: Trick|[of] p1a: Milotic\n|-item|p1a: Milotic|Choice Scarf|[from] move: Trick\n|-item|p2a: Gholdengo|Heavy-Duty Boots|[from] move: Trick\n|move|p1a: Milotic|Scald|p2a: Gholdengo\n|-damage|p2a: Gholdengo|85\/100\n|\n|-weather|none\n|upkeep\n|turn|10\n|\n|t:|1699818483\n|move|p1a: Milotic|Scald|p2a: Gholdengo\n|-damage|p2a: Gholdengo|68\/100\n|move|p2a: Gholdengo|Shadow Ball|p1a: Milotic\n|-damage|p1a: Milotic|77\/100\n|-unboost|p1a: Milotic|spd|1\n|-ability|p1a: Milotic|Competitive|boost\n|-boost|p1a: Milotic|spa|2\n|\n|upkeep\n|turn|11\n|\n|t:|1699818487\n|move|p1a: Milotic|Scald|p2a: Gholdengo\n|-damage|p2a: Gholdengo|34\/100\n|-status|p2a: Gholdengo|brn\n|move|p2a: Gholdengo|Shadow Ball|p1a: Milotic\n|-damage|p1a: Milotic|45\/100\n|\n|-damage|p2a: Gholdengo|28\/100 brn|[from] brn\n|upkeep\n|turn|12\n|\n|t:|1699818491\n|move|p1a: Milotic|Scald|p2a: Gholdengo\n|-damage|p2a: Gholdengo|0 fnt\n|faint|p2a: Gholdengo\n|\n|upkeep\n|\n|t:|1699818494\n|switch|p2a: Ninetales|Ninetales-Alola, F|25\/100 psn\n|-weather|Snow|[from] ability: Snow Warning|[of] p2a: Ninetales\n|turn|13\n|\n|t:|1699818497\n|switch|p2a: Iron Hands|Iron Hands|100\/100\n|move|p1a: Milotic|Scald|p2a: Iron Hands\n|-damage|p2a: Iron Hands|72\/100\n|\n|-weather|Snow|[upkeep]\n|-sideend|p2: icy tower|move: Aurora Veil\n|upkeep\n|turn|14\n|\n|t:|1699818503\n|move|p1a: Milotic|Scald|p2a: Iron Hands\n|-damage|p2a: Iron Hands|15\/100\n|move|p2a: Iron Hands|Thunder Punch|p1a: Milotic\n|-supereffective|p1a: Milotic\n|-damage|p1a: Milotic|0 fnt\n|faint|p1a: Milotic\n|\n|-weather|Snow|[upkeep]\n|upkeep\n|\n|t:|1699818513\n|switch|p1a: Dragapult|Dragapult, F|100\/100\n|-damage|p1a: Dragapult|88\/100|[from] Stealth Rock\n|turn|15\n|\n|t:|1699818516\n|move|p1a: Dragapult|Shadow Ball|p2a: Iron Hands\n|-damage|p2a: Iron Hands|0 fnt\n|faint|p2a: Iron Hands\n|-end|p2a: Iron Hands|Quark Drive|[silent]\n|\n|-weather|Snow|[upkeep]\n|upkeep\n|\n|t:|1699818521\n|switch|p2a: Dragonite|Dragonite, F|100\/100\n|turn|16\n|\n|t:|1699818526\n|switch|p1a: Mandibuzz|Mandibuzz, F|100\/100\n|switch|p2a: Ninetales|Ninetales-Alola, F|25\/100 psn\n|\n|-weather|Snow|[upkeep]\n|-damage|p2a: Ninetales|13\/100 psn|[from] psn\n|upkeep\n|turn|17\n|\n|t:|1699818531\n|switch|p1a: Slowking|Slowking-Galar, F|100\/100\n|-damage|p1a: Slowking|88\/100|[from] Stealth Rock\n|move|p2a: Ninetales|Aurora Veil|p2a: Ninetales\n|-sidestart|p2: icy tower|move: Aurora Veil\n|\n|-weather|none\n|-damage|p2a: Ninetales|0 fnt|[from] psn\n|faint|p2a: Ninetales\n|upkeep\n|\n|t:|1699818533\n|switch|p2a: Dragonite|Dragonite, F|100\/100\n|turn|18\n|\n|t:|1699818536\n|switch|p1a: Mandibuzz|Mandibuzz, F|100\/100\n|move|p2a: Dragonite|Dragon Dance|p2a: Dragonite\n|-boost|p2a: Dragonite|atk|1\n|-boost|p2a: Dragonite|spe|1\n|\n|upkeep\n|turn|19\n|\n|t:|1699818538\n|move|p2a: Dragonite|Dragon Dance|p2a: Dragonite\n|-boost|p2a: Dragonite|atk|1\n|-boost|p2a: Dragonite|spe|1\n|move|p1a: Mandibuzz|Toxic|p2a: Dragonite\n|-status|p2a: Dragonite|tox\n|\n|-damage|p2a: Dragonite|94\/100 tox|[from] psn\n|upkeep\n|turn|20\n|\n|t:|1699818540\n|move|p2a: Dragonite|Encore|p1a: Mandibuzz\n|-start|p1a: Mandibuzz|Encore\n|move|p1a: Mandibuzz|Toxic|p2a: Dragonite\n|-fail|p2a: Dragonite|tox\n|\n|-heal|p2a: Dragonite|100\/100 tox|[from] item: Leftovers\n|-damage|p2a: Dragonite|88\/100 tox|[from] psn\n|upkeep\n|turn|21\n|\n|t:|1699818550\n|switch|p1a: Slowking|Slowking-Galar, F|100\/100\n|-damage|p1a: Slowking|88\/100|[from] Stealth Rock\n|move|p2a: Dragonite|Dragon Dance|p2a: Dragonite\n|-boost|p2a: Dragonite|atk|1\n|-boost|p2a: Dragonite|spe|1\n|\n|-heal|p2a: Dragonite|94\/100 tox|[from] item: Leftovers\n|-damage|p2a: Dragonite|76\/100 tox|[from] psn\n|upkeep\n|turn|22\n|\n|t:|1699818554\n|move|p2a: Dragonite|Dragon Claw|p1a: Slowking\n|-damage|p1a: Slowking|0 fnt\n|faint|p1a: Slowking\n|\n|-heal|p2a: Dragonite|82\/100 tox|[from] item: Leftovers\n|-damage|p2a: Dragonite|57\/100 tox|[from] psn\n|upkeep\n|\n|t:|1699818558\n|switch|p1a: Mandibuzz|Mandibuzz, F|100\/100\n|turn|23\n|\n|t:|1699818560\n|move|p2a: Dragonite|Dragon Claw|p1a: Mandibuzz\n|-damage|p1a: Mandibuzz|40\/100\n|move|p1a: Mandibuzz|Foul Play|p2a: Dragonite\n|-damage|p2a: Dragonite|6\/100 tox\n|\n|-heal|p2a: Dragonite|13\/100 tox|[from] item: Leftovers\n|-damage|p2a: Dragonite|0 fnt|[from] psn\n|faint|p2a: Dragonite\n|upkeep\n|\n|t:|1699818562\n|switch|p2a: Glimmora|Glimmora, F|32\/100\n|turn|24\n|-message|icy tower forfeited.\n|\n|win|Welcometoearth420\n|raw|Welcometoearth420's rating: 1584 &rarr; <strong>1603<\/strong><br \/>(+19 for winning)\n|raw|icy tower's rating: 1564 &rarr; <strong>1545<\/strong><br \/>(-19 for losing)\n|l|\u2606icy tower\n","uploadtime":1699818566,"views":12,"p1id":"welcometoearth420","p2id":"icytower","formatid":"gen9ou","rating":1545,"private":0,"password":""}