{"id":"gen9ou-1996272464","p1":"Nnnname","p2":"BluexxJay","format":"[Gen 9] OU","log":"|j|\u2606Nnnname\n|j|\u2606BluexxJay\n|t:|1700666249\n|gametype|singles\n|player|p1|Nnnname|maid|1093\n|player|p2|BluexxJay|medium|1072\n|teamsize|p1|6\n|teamsize|p2|6\n|gen|9\n|tier|[Gen 9] OU\n|rated|\n|rule|Sleep Clause Mod: Limit one foe put to sleep\n|rule|Species Clause: Limit one of each Pok\u00e9mon\n|rule|OHKO Clause: OHKO moves are banned\n|rule|Evasion Items Clause: Evasion items are banned\n|rule|Evasion Moves Clause: Evasion moves are banned\n|rule|Endless Battle Clause: Forcing endless battles is banned\n|rule|HP Percentage Mod: HP is shown in percentages\n|clearpoke\n|poke|p1|Breloom, F|\n|poke|p1|Brambleghast, F|\n|poke|p1|Zamazenta-*|\n|poke|p1|Ribombee, M|\n|poke|p1|Hatterene, F|\n|poke|p1|Samurott-Hisui, M|\n|poke|p2|Corviknight, M|\n|poke|p2|Hippowdon, M|\n|poke|p2|Cacturne, M|\n|poke|p2|Gastrodon-East, F|\n|poke|p2|Houndstone, M|\n|poke|p2|Tyranitar, F|\n|teampreview\n|inactive|Battle timer is ON: inactive players will automatically lose when time's up. (requested by BluexxJay)\n|\n|t:|1700666254\n|start\n|switch|p1a: Ribombee|Ribombee, M|100\/100\n|switch|p2a: Corviknight|Corviknight, M, shiny|100\/100\n|turn|1\n|inactive|Nnnname has 120 seconds left.\n|\n|t:|1700666291\n|-terastallize|p1a: Ribombee|Fire\n|move|p1a: Ribombee|Tera Blast|p2a: Corviknight|[anim] Tera Blast Fire\n|-supereffective|p2a: Corviknight\n|-damage|p2a: Corviknight|36\/100\n|move|p2a: Corviknight|U-turn|p1a: Ribombee\n|-resisted|p1a: Ribombee\n|-damage|p1a: Ribombee|86\/100\n|\n|t:|1700666302\n|switch|p2a: Tyranitar|Tyranitar, F, shiny|100\/100|[from] U-turn\n|-weather|Sandstorm|[from] ability: Sand Stream|[of] p2a: Tyranitar\n|\n|-weather|Sandstorm|[upkeep]\n|-damage|p1a: Ribombee|80\/100|[from] Sandstorm\n|upkeep\n|turn|2\n|inactive|Nnnname has 120 seconds left.\n|\n|t:|1700666317\n|move|p1a: Ribombee|Moonblast|p2a: Tyranitar\n|-supereffective|p2a: Tyranitar\n|-damage|p2a: Tyranitar|49\/100\n|move|p2a: Tyranitar|Crunch|p1a: Ribombee\n|-damage|p1a: Ribombee|0 fnt\n|faint|p1a: Ribombee\n|\n|-weather|Sandstorm|[upkeep]\n|upkeep\n|inactive|Nnnname has 120 seconds left.\n|\n|t:|1700666328\n|switch|p1a: Zamazenta|Zamazenta|100\/100\n|-ability|p1a: Zamazenta|Dauntless Shield|boost\n|-boost|p1a: Zamazenta|def|1\n|turn|3\n|inactive|Nnnname has 120 seconds left.\n|\n|t:|1700666337\n|switch|p2a: Houndstone|Houndstone, M, shiny|100\/100\n|move|p1a: Zamazenta|Iron Defense|p1a: Zamazenta\n|-boost|p1a: Zamazenta|def|2\n|\n|-weather|Sandstorm|[upkeep]\n|-damage|p1a: Zamazenta|94\/100|[from] Sandstorm\n|-heal|p1a: Zamazenta|100\/100|[from] item: Leftovers\n|upkeep\n|turn|4\n|inactive|Nnnname has 120 seconds left.\n|\n|t:|1700666368\n|switch|p2a: Hippowdon|Hippowdon, M, shiny|100\/100\n|move|p1a: Zamazenta|Ice Fang|p2a: Hippowdon\n|-supereffective|p2a: Hippowdon\n|-damage|p2a: Hippowdon|77\/100\n|-damage|p1a: Zamazenta|84\/100|[from] item: Rocky Helmet|[of] p2a: Hippowdon\n|\n|-weather|Sandstorm|[upkeep]\n|-damage|p1a: Zamazenta|78\/100|[from] Sandstorm\n|-heal|p1a: Zamazenta|84\/100|[from] item: Leftovers\n|upkeep\n|turn|5\n|inactive|BluexxJay has 120 seconds left.\n|\n|t:|1700666383\n|move|p1a: Zamazenta|Iron Defense|p1a: Zamazenta\n|-boost|p1a: Zamazenta|def|2\n|move|p2a: Hippowdon|Stealth Rock|p1a: Zamazenta\n|-sidestart|p1: Nnnname|move: Stealth Rock\n|\n|-weather|Sandstorm|[upkeep]\n|-damage|p1a: Zamazenta|78\/100|[from] Sandstorm\n|-heal|p1a: Zamazenta|84\/100|[from] item: Leftovers\n|upkeep\n|turn|6\n|\n|t:|1700666392\n|switch|p2a: Houndstone|Houndstone, M, shiny|100\/100\n|move|p1a: Zamazenta|Body Press|p2a: Houndstone\n|-immune|p2a: Houndstone\n|\n|-weather|Sandstorm|[upkeep]\n|-damage|p1a: Zamazenta|78\/100|[from] Sandstorm\n|-heal|p1a: Zamazenta|84\/100|[from] item: Leftovers\n|upkeep\n|turn|7\n|\n|t:|1700666413\n|move|p2a: Houndstone|Play Rough|p1a: Zamazenta\n|-supereffective|p1a: Zamazenta\n|-damage|p1a: Zamazenta|65\/100\n|-damage|p2a: Houndstone|91\/100|[from] item: Life Orb\n|move|p1a: Zamazenta|Ice Fang|p2a: Houndstone\n|-damage|p2a: Houndstone|66\/100\n|-status|p2a: Houndstone|frz\n|\n|-weather|Sandstorm|[upkeep]\n|-damage|p1a: Zamazenta|59\/100|[from] Sandstorm\n|-heal|p1a: Zamazenta|65\/100|[from] item: Leftovers\n|upkeep\n|turn|8\n|inactive|BluexxJay has 120 seconds left.\n|\n|t:|1700666429\n|switch|p2a: Hippowdon|Hippowdon, M, shiny|77\/100\n|move|p1a: Zamazenta|Ice Fang|p2a: Hippowdon\n|-supereffective|p2a: Hippowdon\n|-damage|p2a: Hippowdon|51\/100\n|-damage|p1a: Zamazenta|48\/100|[from] item: Rocky Helmet|[of] p2a: Hippowdon\n|\n|-weather|none\n|-heal|p1a: Zamazenta|54\/100|[from] item: Leftovers\n|upkeep\n|turn|9\n|\n|t:|1700666438\n|move|p1a: Zamazenta|Body Press|p2a: Hippowdon\n|-damage|p2a: Hippowdon|0 fnt\n|-damage|p1a: Zamazenta|38\/100|[from] item: Rocky Helmet|[of] p2a: Hippowdon\n|faint|p2a: Hippowdon\n|\n|-heal|p1a: Zamazenta|44\/100|[from] item: Leftovers\n|upkeep\n|inactive|BluexxJay has 120 seconds left.\n|\n|t:|1700666456\n|switch|p2a: Tyranitar|Tyranitar, F, shiny|49\/100\n|-weather|Sandstorm|[from] ability: Sand Stream|[of] p2a: Tyranitar\n|turn|10\n|inactive|BluexxJay has 120 seconds left.\n|\n|t:|1700666466\n|switch|p2a: Houndstone|Houndstone, M, shiny|66\/100 frz\n|move|p1a: Zamazenta|Body Press|p2a: Houndstone\n|-immune|p2a: Houndstone\n|\n|-weather|Sandstorm|[upkeep]\n|-damage|p1a: Zamazenta|38\/100|[from] Sandstorm\n|-heal|p1a: Zamazenta|44\/100|[from] item: Leftovers\n|upkeep\n|turn|11\n|inactive|BluexxJay has 120 seconds left.\n|\n|t:|1700666475\n|cant|p2a: Houndstone|frz\n|move|p1a: Zamazenta|Ice Fang|p2a: Houndstone\n|-damage|p2a: Houndstone|40\/100 frz\n|\n|-weather|Sandstorm|[upkeep]\n|-damage|p1a: Zamazenta|38\/100|[from] Sandstorm\n|-heal|p1a: Zamazenta|44\/100|[from] item: Leftovers\n|upkeep\n|turn|12\n|inactive|Nnnname has 120 seconds left.\n|inactive|BluexxJay has 120 seconds left.\n|\n|t:|1700666485\n|cant|p2a: Houndstone|frz\n|move|p1a: Zamazenta|Ice Fang|p2a: Houndstone\n|-damage|p2a: Houndstone|14\/100 frz\n|\n|-weather|Sandstorm|[upkeep]\n|-damage|p1a: Zamazenta|38\/100|[from] Sandstorm\n|-heal|p1a: Zamazenta|44\/100|[from] item: Leftovers\n|upkeep\n|turn|13\n|inactive|BluexxJay has 120 seconds left.\n|\n|t:|1700666502\n|switch|p2a: Gastrodon|Gastrodon-East, F, shiny|100\/100\n|move|p1a: Zamazenta|Ice Fang|p2a: Gastrodon\n|-damage|p2a: Gastrodon|75\/100\n|\n|-weather|Sandstorm|[upkeep]\n|-damage|p1a: Zamazenta|38\/100|[from] Sandstorm\n|-heal|p1a: Zamazenta|44\/100|[from] item: Leftovers\n|-heal|p2a: Gastrodon|81\/100|[from] item: Leftovers\n|upkeep\n|turn|14\n|inactive|BluexxJay has 120 seconds left.\n|\n|t:|1700666517\n|move|p1a: Zamazenta|Body Press|p2a: Gastrodon\n|-damage|p2a: Gastrodon|0 fnt\n|faint|p2a: Gastrodon\n|\n|-weather|Sandstorm|[upkeep]\n|-damage|p1a: Zamazenta|38\/100|[from] Sandstorm\n|-heal|p1a: Zamazenta|44\/100|[from] item: Leftovers\n|upkeep\n|\n|t:|1700666525\n|switch|p2a: Corviknight|Corviknight, M, shiny|36\/100\n|turn|15\n|\n|t:|1700666530\n|move|p1a: Zamazenta|Body Press|p2a: Corviknight\n|-damage|p2a: Corviknight|0 fnt\n|faint|p2a: Corviknight\n|\n|-weather|Sandstorm|[upkeep]\n|-damage|p1a: Zamazenta|38\/100|[from] Sandstorm\n|-heal|p1a: Zamazenta|44\/100|[from] item: Leftovers\n|upkeep\n|\n|t:|1700666538\n|switch|p2a: Cacturne|Cacturne, M, shiny|100\/100\n|turn|16\n|\n|t:|1700666543\n|move|p2a: Cacturne|Spiky Shield|p2a: Cacturne\n|-singleturn|p2a: Cacturne|move: Protect\n|move|p1a: Zamazenta|Body Press|p2a: Cacturne\n|-activate|p2a: Cacturne|move: Protect\n|-damage|p1a: Zamazenta|32\/100|[from] Spiky Shield|[of] p2a: Cacturne\n|\n|-weather|Sandstorm|[upkeep]\n|-damage|p1a: Zamazenta|25\/100|[from] Sandstorm\n|-damage|p2a: Cacturne|94\/100|[from] Sandstorm\n|-heal|p1a: Zamazenta|32\/100|[from] item: Leftovers\n|upkeep\n|turn|17\n|\n|t:|1700666553\n|move|p2a: Cacturne|Sucker Punch|p1a: Zamazenta\n|-resisted|p1a: Zamazenta\n|-damage|p1a: Zamazenta|29\/100\n|move|p1a: Zamazenta|Body Press|p2a: Cacturne\n|-supereffective|p2a: Cacturne\n|-damage|p2a: Cacturne|0 fnt\n|faint|p2a: Cacturne\n|\n|-weather|none\n|-heal|p1a: Zamazenta|35\/100|[from] item: Leftovers\n|upkeep\n|-message|BluexxJay forfeited.\n|\n|win|Nnnname\n|raw|Nnnname's rating: 1093 &rarr; <strong>1117<\/strong><br \/>(+24 for winning)\n|raw|BluexxJay's rating: 1072 &rarr; <strong>1052<\/strong><br \/>(-20 for losing)\n|l|\u2606BluexxJay\n|c|\u2606Nnnname|I don't get how this thing is allowed to stay in OU tbh\n","uploadtime":1700666575,"views":5,"p1id":"nnnname","p2id":"bluexxjay","formatid":"gen9ou","rating":1052,"private":0,"password":""}