{"id":"gen9ou-1996628772","p1":"Senhor de Canavial","p2":"Davry","format":"[Gen 9] OU","log":"|j|\u2606Senhor de Canavial\n|j|\u2606Davry\n|t:|1700702536\n|gametype|singles\n|player|p1|Senhor de Canavial|ghetsis-gen5bw|\n|player|p2|Davry|265|\n|teamsize|p1|6\n|teamsize|p2|6\n|gen|9\n|tier|[Gen 9] OU\n|rule|Sleep Clause Mod: Limit one foe put to sleep\n|rule|Species Clause: Limit one of each Pok\u00e9mon\n|rule|OHKO Clause: OHKO moves are banned\n|rule|Evasion Items Clause: Evasion items are banned\n|rule|Evasion Moves Clause: Evasion moves are banned\n|rule|Endless Battle Clause: Forcing endless battles is banned\n|rule|HP Percentage Mod: HP is shown in percentages\n|clearpoke\n|poke|p1|Krookodile, M|\n|poke|p1|Bronzong|\n|poke|p1|Sylveon, F|\n|poke|p1|Cloyster, M|\n|poke|p1|Bisharp, F|\n|poke|p1|Salamence, M|\n|poke|p2|Ursaluna, M|\n|poke|p2|Toxapex, F|\n|poke|p2|Zoroark-Hisui, M|\n|poke|p2|Pawmot, M|\n|poke|p2|Basculegion-F, F|\n|poke|p2|Glimmet, M|\n|teampreview\n|c|\u2606Senhor de Canavial|ai\n|c|\u2606Senhor de Canavial|letra maiuscula faz dif\n|c|\u2606Davry|showdown momento\n|\n|t:|1700702585\n|start\n|switch|p1a: Bronzong|Bronzong|100\/100\n|switch|p2a: camisinha|Glimmet, M, shiny|100\/100\n|turn|1\n|\n|t:|1700702601\n|move|p2a: camisinha|Stealth Rock|p1a: Bronzong\n|-sidestart|p1: Senhor de Canavial|move: Stealth Rock\n|move|p1a: Bronzong|Stealth Rock|p2a: camisinha\n|-sidestart|p2: Davry|move: Stealth Rock\n|\n|upkeep\n|turn|2\n|c|\u2606Senhor de Canavial|papo 10\n|c|\u2606Senhor de Canavial|bom nick\n|\n|t:|1700702614\n|move|p2a: camisinha|Spikes|p1a: Bronzong\n|-sidestart|p1: Senhor de Canavial|Spikes\n|move|p1a: Bronzong|Calm Mind|p1a: Bronzong\n|-boost|p1a: Bronzong|spa|1\n|-boost|p1a: Bronzong|spd|1\n|\n|upkeep\n|turn|3\n|\n|t:|1700702624\n|switch|p2a: frederico|Ursaluna, M|100\/100\n|-damage|p2a: frederico|88\/100|[from] Stealth Rock\n|move|p1a: Bronzong|Psychic|p2a: frederico\n|-damage|p2a: frederico|4\/100\n|replace|p2a: chamas|Zoroark-Hisui, M, shiny\n|-end|p2a: chamas|Illusion\n|\n|upkeep\n|turn|4\n|\n|t:|1700702703\n|move|p2a: chamas|Shadow Ball|p1a: Bronzong\n|-supereffective|p1a: Bronzong\n|-damage|p1a: Bronzong|26\/100\n|move|p1a: Bronzong|Psychic|p2a: chamas\n|-crit|p2a: chamas\n|-damage|p2a: chamas|0 fnt\n|faint|p2a: chamas\n|\n|-heal|p1a: Bronzong|32\/100|[from] item: Leftovers\n|upkeep\n|\n|t:|1700702715\n|switch|p2a: basculho|Basculegion-F, F, shiny|100\/100\n|-damage|p2a: basculho|88\/100|[from] Stealth Rock\n|turn|5\n|\n|t:|1700702731\n|switch|p1a: Bisharp|Bisharp, F|100\/100\n|-damage|p1a: Bisharp|95\/100|[from] Stealth Rock\n|-damage|p1a: Bisharp|82\/100|[from] Spikes\n|move|p2a: basculho|Shadow Ball|p1a: Bisharp\n|-resisted|p1a: Bisharp\n|-damage|p1a: Bisharp|61\/100\n|\n|upkeep\n|turn|6\n|\n|t:|1700702751\n|switch|p2a: camisinha|Glimmet, M, shiny|100\/100\n|-damage|p2a: camisinha|88\/100|[from] Stealth Rock\n|move|p1a: Bisharp|Swords Dance|p1a: Bisharp\n|-boost|p1a: Bisharp|atk|2\n|\n|upkeep\n|turn|7\n|\n|t:|1700702767\n|move|p1a: Bisharp|Iron Head|p2a: camisinha\n|-supereffective|p2a: camisinha\n|-damage|p2a: camisinha|0 fnt\n|-activate|p2a: camisinha|ability: Toxic Debris\n|-sidestart|p1: Senhor de Canavial|move: Toxic Spikes\n|faint|p2a: camisinha\n|\n|upkeep\n|\n|t:|1700702778\n|switch|p2a: samu|Pawmot, M, shiny|100\/100\n|-damage|p2a: samu|94\/100|[from] Stealth Rock\n|turn|8\n|\n|t:|1700702827\n|move|p1a: Bisharp|Sucker Punch|p2a: samu\n|-resisted|p2a: samu\n|-damage|p2a: samu|49\/100\n|move|p2a: samu|Close Combat|p1a: Bisharp\n|-supereffective|p1a: Bisharp\n|-damage|p1a: Bisharp|0 fnt\n|-unboost|p2a: samu|def|1\n|-unboost|p2a: samu|spd|1\n|faint|p1a: Bisharp\n|\n|upkeep\n|\n|t:|1700702835\n|switch|p1a: Krookodile|Krookodile, M|100\/100\n|-damage|p1a: Krookodile|94\/100|[from] Stealth Rock\n|-damage|p1a: Krookodile|82\/100|[from] Spikes\n|-status|p1a: Krookodile|psn\n|turn|9\n|\n|t:|1700702841\n|move|p2a: samu|Close Combat|p1a: Krookodile\n|-supereffective|p1a: Krookodile\n|-damage|p1a: Krookodile|0 fnt\n|-unboost|p2a: samu|def|1\n|-unboost|p2a: samu|spd|1\n|faint|p1a: Krookodile\n|\n|upkeep\n|\n|t:|1700702851\n|switch|p1a: N DA TERAAAA|Salamence, M|100\/100\n|-ability|p1a: N DA TERAAAA|Intimidate|boost\n|-unboost|p2a: samu|atk|1\n|turn|10\n|\n|t:|1700702860\n|switch|p2a: tro\u00e7o|Toxapex, F|100\/100\n|-damage|p2a: tro\u00e7o|88\/100|[from] Stealth Rock\n|move|p1a: N DA TERAAAA|Dragon Dance|p1a: N DA TERAAAA\n|-boost|p1a: N DA TERAAAA|atk|1\n|-boost|p1a: N DA TERAAAA|spe|1\n|\n|-heal|p2a: tro\u00e7o|94\/100|[from] item: Leftovers\n|upkeep\n|turn|11\n|\n|t:|1700702884\n|move|p1a: N DA TERAAAA|Dragon Dance|p1a: N DA TERAAAA\n|-boost|p1a: N DA TERAAAA|atk|1\n|-boost|p1a: N DA TERAAAA|spe|1\n|move|p2a: tro\u00e7o|Toxic|p1a: N DA TERAAAA\n|-status|p1a: N DA TERAAAA|tox\n|\n|-heal|p2a: tro\u00e7o|100\/100|[from] item: Leftovers\n|-damage|p1a: N DA TERAAAA|94\/100 tox|[from] psn\n|upkeep\n|turn|12\n|\n|t:|1700702894\n|move|p1a: N DA TERAAAA|Dragon Dance|p1a: N DA TERAAAA\n|-boost|p1a: N DA TERAAAA|atk|1\n|-boost|p1a: N DA TERAAAA|spe|1\n|move|p2a: tro\u00e7o|Haze|p2a: tro\u00e7o\n|-clearallboost\n|\n|-damage|p1a: N DA TERAAAA|82\/100 tox|[from] psn\n|upkeep\n|turn|13\n|\n|t:|1700702908\n|switch|p1a: Bronzong|Bronzong|32\/100\n|-damage|p1a: Bronzong|26\/100|[from] Stealth Rock\n|move|p2a: tro\u00e7o|Surf|p1a: Bronzong\n|-damage|p1a: Bronzong|10\/100\n|\n|-heal|p1a: Bronzong|16\/100|[from] item: Leftovers\n|upkeep\n|turn|14\n|\n|t:|1700702917\n|move|p2a: tro\u00e7o|Surf|p1a: Bronzong\n|-damage|p1a: Bronzong|0 fnt\n|faint|p1a: Bronzong\n|\n|upkeep\n|\n|t:|1700702923\n|switch|p1a: Cloyster|Cloyster, M|100\/100\n|turn|15\n|\n|t:|1700702931\n|move|p1a: Cloyster|Shell Smash|p1a: Cloyster\n|-unboost|p1a: Cloyster|def|1\n|-unboost|p1a: Cloyster|spd|1\n|-boost|p1a: Cloyster|atk|2\n|-boost|p1a: Cloyster|spa|2\n|-boost|p1a: Cloyster|spe|2\n|move|p2a: tro\u00e7o|Toxic|p1a: Cloyster\n|-status|p1a: Cloyster|tox\n|\n|-damage|p1a: Cloyster|94\/100 tox|[from] psn\n|upkeep\n|turn|16\n|\n|t:|1700702939\n|move|p1a: Cloyster|Rock Blast|p2a: tro\u00e7o\n|-damage|p2a: tro\u00e7o|91\/100\n|-damage|p2a: tro\u00e7o|81\/100\n|-damage|p2a: tro\u00e7o|72\/100\n|-crit|p2a: tro\u00e7o\n|-damage|p2a: tro\u00e7o|57\/100\n|-damage|p2a: tro\u00e7o|47\/100\n|-hitcount|p2a: tro\u00e7o|5\n|move|p2a: tro\u00e7o|Haze|p2a: tro\u00e7o\n|-clearallboost\n|\n|-heal|p2a: tro\u00e7o|53\/100|[from] item: Leftovers\n|-damage|p1a: Cloyster|82\/100 tox|[from] psn\n|upkeep\n|turn|17\n|\n|t:|1700702955\n|move|p1a: Cloyster|Rock Blast|p2a: tro\u00e7o\n|-damage|p2a: tro\u00e7o|48\/100\n|-damage|p2a: tro\u00e7o|43\/100\n|-damage|p2a: tro\u00e7o|38\/100\n|-damage|p2a: tro\u00e7o|33\/100\n|-damage|p2a: tro\u00e7o|28\/100\n|-hitcount|p2a: tro\u00e7o|5\n|move|p2a: tro\u00e7o|Recover|p2a: tro\u00e7o\n|-heal|p2a: tro\u00e7o|78\/100\n|\n|-heal|p2a: tro\u00e7o|85\/100|[from] item: Leftovers\n|-damage|p1a: Cloyster|63\/100 tox|[from] psn\n|upkeep\n|turn|18\n|\n|t:|1700702975\n|move|p1a: Cloyster|Shell Smash|p1a: Cloyster\n|-unboost|p1a: Cloyster|def|1\n|-unboost|p1a: Cloyster|spd|1\n|-boost|p1a: Cloyster|atk|2\n|-boost|p1a: Cloyster|spa|2\n|-boost|p1a: Cloyster|spe|2\n|move|p2a: tro\u00e7o|Surf|p1a: Cloyster\n|-resisted|p1a: Cloyster\n|-damage|p1a: Cloyster|28\/100 tox\n|\n|-heal|p2a: tro\u00e7o|91\/100|[from] item: Leftovers\n|-damage|p1a: Cloyster|3\/100 tox|[from] psn\n|upkeep\n|turn|19\n|\n|t:|1700702990\n|move|p1a: Cloyster|Rock Blast|p2a: tro\u00e7o\n|-damage|p2a: tro\u00e7o|82\/100\n|-damage|p2a: tro\u00e7o|73\/100\n|-damage|p2a: tro\u00e7o|63\/100\n|-damage|p2a: tro\u00e7o|53\/100\n|-damage|p2a: tro\u00e7o|44\/100\n|-hitcount|p2a: tro\u00e7o|5\n|move|p2a: tro\u00e7o|Recover|p2a: tro\u00e7o\n|-heal|p2a: tro\u00e7o|94\/100\n|\n|-heal|p2a: tro\u00e7o|99\/100|[from] item: Leftovers\n|-damage|p1a: Cloyster|0 fnt|[from] psn\n|faint|p1a: Cloyster\n|upkeep\n|\n|t:|1700703001\n|switch|p1a: Sylveon|Sylveon, F|100\/100\n|-damage|p1a: Sylveon|88\/100|[from] Stealth Rock\n|-damage|p1a: Sylveon|76\/100|[from] Spikes\n|-status|p1a: Sylveon|psn\n|turn|20\n|\n|t:|1700703010\n|move|p1a: Sylveon|Wish|p1a: Sylveon\n|move|p2a: tro\u00e7o|Surf|p1a: Sylveon\n|-damage|p1a: Sylveon|62\/100 psn\n|\n|-heal|p1a: Sylveon|69\/100 psn|[from] item: Leftovers\n|-heal|p2a: tro\u00e7o|100\/100|[from] item: Leftovers\n|-damage|p1a: Sylveon|56\/100 psn|[from] psn\n|upkeep\n|turn|21\n|\n|t:|1700703023\n|move|p1a: Sylveon|Psychic|p2a: tro\u00e7o\n|-supereffective|p2a: tro\u00e7o\n|-damage|p2a: tro\u00e7o|46\/100\n|move|p2a: tro\u00e7o|Surf|p1a: Sylveon\n|-damage|p1a: Sylveon|43\/100 psn\n|\n|-heal|p1a: Sylveon|93\/100 psn|[from] move: Wish|[wisher] Sylveon\n|-heal|p1a: Sylveon|99\/100 psn|[from] item: Leftovers\n|-heal|p2a: tro\u00e7o|52\/100|[from] item: Leftovers\n|-damage|p1a: Sylveon|87\/100 psn|[from] psn\n|upkeep\n|turn|22\n|\n|t:|1700703032\n|move|p1a: Sylveon|Psychic|p2a: tro\u00e7o\n|-supereffective|p2a: tro\u00e7o\n|-damage|p2a: tro\u00e7o|0 fnt\n|faint|p2a: tro\u00e7o\n|\n|-heal|p1a: Sylveon|93\/100 psn|[from] item: Leftovers\n|-damage|p1a: Sylveon|80\/100 psn|[from] psn\n|upkeep\n|\n|t:|1700703040\n|switch|p2a: frederico|Ursaluna, M|100\/100\n|-damage|p2a: frederico|94\/100|[from] Stealth Rock\n|turn|23\n|\n|t:|1700703064\n|move|p1a: Sylveon|Hyper Voice|p2a: frederico\n|-damage|p2a: frederico|43\/100\n|move|p2a: frederico|Trailblaze|p1a: Sylveon\n|-damage|p1a: Sylveon|57\/100 psn\n|-boost|p2a: frederico|spe|1\n|\n|-heal|p1a: Sylveon|63\/100 psn|[from] item: Leftovers\n|-damage|p1a: Sylveon|50\/100 psn|[from] psn\n|-status|p2a: frederico|brn|[from] item: Flame Orb\n|upkeep\n|turn|24\n|\n|t:|1700703100\n|move|p2a: frederico|Facade|p1a: Sylveon\n|-damage|p1a: Sylveon|0 fnt\n|faint|p1a: Sylveon\n|\n|-damage|p2a: frederico|37\/100 brn|[from] brn\n|upkeep\n|\n|t:|1700703103\n|switch|p1a: N DA TERAAAA|Salamence, M|82\/100 tox\n|-ability|p1a: N DA TERAAAA|Intimidate|boost\n|-unboost|p2a: frederico|atk|1\n|turn|25\n|\n|t:|1700703158\n|move|p1a: N DA TERAAAA|Outrage|p2a: frederico\n|-damage|p2a: frederico|0 fnt\n|faint|p2a: frederico\n|\n|-damage|p1a: N DA TERAAAA|76\/100 tox|[from] psn\n|upkeep\n|\n|t:|1700703167\n|switch|p2a: basculho|Basculegion-F, F, shiny|88\/100\n|-damage|p2a: basculho|76\/100|[from] Stealth Rock\n|turn|26\n|\n|t:|1700703171\n|move|p2a: basculho|Ice Beam|p1a: N DA TERAAAA\n|-supereffective|p1a: N DA TERAAAA\n|-damage|p1a: N DA TERAAAA|0 fnt\n|faint|p1a: N DA TERAAAA\n|\n|win|Davry\n|c|\u2606Davry|gg\n|c|\u2606Senhor de Canavial|gg\n","uploadtime":1700703187,"views":6,"p1id":"senhordecanavial","p2id":"davry","formatid":"gen9ou","rating":0,"private":0,"password":""}