{"id":"gen9ou-1988501665","p1":"hduebeuebwh","p2":"KOTONOHOUSE","format":"[Gen 9] OU","log":"|j|\u2606hduebeuebwh\n|j|\u2606KOTONOHOUSE\n|t:|1699729742\n|gametype|singles\n|player|p1|hduebeuebwh|1|1243\n|player|p2|KOTONOHOUSE|unknown|1149\n|teamsize|p1|6\n|teamsize|p2|6\n|gen|9\n|tier|[Gen 9] OU\n|rated|\n|rule|Sleep Clause Mod: Limit one foe put to sleep\n|rule|Species Clause: Limit one of each Pok\u00e9mon\n|rule|OHKO Clause: OHKO moves are banned\n|rule|Evasion Items Clause: Evasion items are banned\n|rule|Evasion Moves Clause: Evasion moves are banned\n|rule|Endless Battle Clause: Forcing endless battles is banned\n|rule|HP Percentage Mod: HP is shown in percentages\n|clearpoke\n|poke|p1|Ceruledge, M|\n|poke|p1|Zapdos|\n|poke|p1|Hatterene, F|\n|poke|p1|Manaphy|\n|poke|p1|Gliscor, M|\n|poke|p1|Ribombee, M|\n|poke|p2|Kingambit, F|\n|poke|p2|Heatran, F|\n|poke|p2|Garchomp, M|\n|poke|p2|Scizor, F|\n|poke|p2|Samurott-Hisui, M|\n|poke|p2|Cresselia, F|\n|teampreview\n|\n|t:|1699729748\n|start\n|switch|p1a: Ribombee|Ribombee, M|100\/100\n|switch|p2a: Heatran|Heatran, F|100\/100\n|turn|1\n|\n|t:|1699729755\n|move|p1a: Ribombee|Sticky Web|p2a: Heatran\n|-sidestart|p2: KOTONOHOUSE|move: Sticky Web\n|move|p2a: Heatran|Magma Storm|p1a: Ribombee\n|-supereffective|p1a: Ribombee\n|-enditem|p1a: Ribombee|Focus Sash\n|-damage|p1a: Ribombee|1\/100\n|-activate|p1a: Ribombee|move: Magma Storm|[of] p2a: Heatran\n|\n|-damage|p1a: Ribombee|0 fnt|[from] move: Magma Storm|[partiallytrapped]\n|faint|p1a: Ribombee\n|upkeep\n|\n|t:|1699729772\n|switch|p1a: Ceruledge|Ceruledge, M|100\/100\n|turn|2\n|\n|t:|1699729783\n|move|p1a: Ceruledge|Close Combat|p2a: Heatran\n|-supereffective|p2a: Heatran\n|-damage|p2a: Heatran|37\/100\n|-unboost|p1a: Ceruledge|def|1\n|-unboost|p1a: Ceruledge|spd|1\n|move|p2a: Heatran|Stealth Rock|p1a: Ceruledge\n|-sidestart|p1: hduebeuebwh|move: Stealth Rock\n|\n|-heal|p2a: Heatran|44\/100|[from] item: Leftovers\n|upkeep\n|turn|3\n|\n|t:|1699729794\n|move|p2a: Heatran|Protect|p2a: Heatran\n|-singleturn|p2a: Heatran|Protect\n|move|p1a: Ceruledge|Close Combat|p2a: Heatran\n|-activate|p2a: Heatran|move: Protect\n|\n|-heal|p2a: Heatran|50\/100|[from] item: Leftovers\n|upkeep\n|turn|4\n|\n|t:|1699729813\n|move|p1a: Ceruledge|Close Combat|p2a: Heatran\n|-supereffective|p2a: Heatran\n|-damage|p2a: Heatran|0 fnt\n|-unboost|p1a: Ceruledge|def|1\n|-unboost|p1a: Ceruledge|spd|1\n|faint|p2a: Heatran\n|\n|upkeep\n|\n|t:|1699729817\n|switch|p2a: Samurott|Samurott-Hisui, M|100\/100\n|-activate|p2a: Samurott|move: Sticky Web\n|-unboost|p2a: Samurott|spe|1\n|turn|5\n|inactive|Battle timer is ON: inactive players will automatically lose when time's up. (requested by KOTONOHOUSE)\n|\n|t:|1699729833\n|move|p1a: Ceruledge|Swords Dance|p1a: Ceruledge\n|-boost|p1a: Ceruledge|atk|2\n|move|p2a: Samurott|Ceaseless Edge|p1a: Ceruledge\n|-supereffective|p1a: Ceruledge\n|-enditem|p1a: Ceruledge|Focus Sash\n|-damage|p1a: Ceruledge|1\/100\n|-ability|p1a: Ceruledge|Weak Armor|boost\n|-unboost|p1a: Ceruledge|def|1\n|-boost|p1a: Ceruledge|spe|2\n|-sidestart|p1: hduebeuebwh|Spikes\n|\n|upkeep\n|turn|6\n|\n|t:|1699729844\n|move|p2a: Samurott|Aqua Jet|p1a: Ceruledge\n|-supereffective|p1a: Ceruledge\n|-damage|p1a: Ceruledge|0 fnt\n|faint|p1a: Ceruledge\n|\n|upkeep\n|\n|t:|1699729855\n|switch|p1a: Hatterene|Hatterene, F|100\/100\n|-damage|p1a: Hatterene|88\/100|[from] Stealth Rock\n|-damage|p1a: Hatterene|76\/100|[from] Spikes\n|turn|7\n|\n|t:|1699729863\n|move|p2a: Samurott|Knock Off|p1a: Hatterene\n|-damage|p1a: Hatterene|26\/100\n|-enditem|p1a: Hatterene|Leftovers|[from] move: Knock Off|[of] p2a: Samurott\n|move|p1a: Hatterene|Draining Kiss|p2a: Samurott\n|-supereffective|p2a: Samurott\n|-damage|p2a: Samurott|3\/100\n|-heal|p1a: Hatterene|99\/100|[from] drain|[of] p2a: Samurott\n|\n|upkeep\n|turn|8\n|\n|t:|1699729875\n|move|p2a: Samurott|Ceaseless Edge|p1a: Hatterene\n|-damage|p1a: Hatterene|45\/100\n|-sidestart|p1: hduebeuebwh|Spikes\n|move|p1a: Hatterene|Draining Kiss|p2a: Samurott\n|-supereffective|p2a: Samurott\n|-damage|p2a: Samurott|0 fnt\n|-heal|p1a: Hatterene|48\/100|[from] drain|[of] p2a: Samurott\n|faint|p2a: Samurott\n|\n|upkeep\n|\n|t:|1699729890\n|switch|p2a: Scizor|Scizor, F|100\/100\n|-activate|p2a: Scizor|move: Sticky Web\n|-unboost|p2a: Scizor|spe|1\n|turn|9\n|\n|t:|1699729895\n|switch|p1a: Zapdos|Zapdos|100\/100\n|move|p2a: Scizor|Bullet Punch|p1a: Zapdos\n|-resisted|p1a: Zapdos\n|-damage|p1a: Zapdos|83\/100\n|-status|p2a: Scizor|par|[from] ability: Static|[of] p1a: Zapdos\n|\n|upkeep\n|turn|10\n|\n|t:|1699729906\n|move|p2a: Scizor|Bullet Punch|p1a: Zapdos\n|-resisted|p1a: Zapdos\n|-damage|p1a: Zapdos|66\/100\n|move|p1a: Zapdos|Heat Wave|p2a: Scizor\n|-supereffective|p2a: Scizor\n|-damage|p2a: Scizor|0 fnt\n|faint|p2a: Scizor\n|\n|upkeep\n|\n|t:|1699729919\n|switch|p2a: Cresselia|Cresselia, F|100\/100\n|turn|11\n|\n|t:|1699729926\n|switch|p1a: Gliscor|Gliscor, M|100\/100\n|-damage|p1a: Gliscor|88\/100|[from] Stealth Rock\n|move|p2a: Cresselia|Calm Mind|p2a: Cresselia\n|-boost|p2a: Cresselia|spa|1\n|-boost|p2a: Cresselia|spd|1\n|\n|-status|p1a: Gliscor|tox|[from] item: Toxic Orb\n|upkeep\n|turn|12\n|\n|t:|1699729937\n|move|p1a: Gliscor|Knock Off|p2a: Cresselia\n|-supereffective|p2a: Cresselia\n|-damage|p2a: Cresselia|75\/100\n|-enditem|p2a: Cresselia|Leftovers|[from] move: Knock Off|[of] p1a: Gliscor\n|move|p2a: Cresselia|Calm Mind|p2a: Cresselia\n|-boost|p2a: Cresselia|spa|1\n|-boost|p2a: Cresselia|spd|1\n|\n|-heal|p1a: Gliscor|100\/100 tox|[from] ability: Poison Heal\n|upkeep\n|turn|13\n|\n|t:|1699729951\n|move|p1a: Gliscor|Knock Off|p2a: Cresselia\n|-supereffective|p2a: Cresselia\n|-crit|p2a: Cresselia\n|-damage|p2a: Cresselia|53\/100\n|move|p2a: Cresselia|Calm Mind|p2a: Cresselia\n|-boost|p2a: Cresselia|spa|1\n|-boost|p2a: Cresselia|spd|1\n|\n|upkeep\n|turn|14\n|\n|t:|1699729964\n|move|p1a: Gliscor|Swords Dance|p1a: Gliscor\n|-boost|p1a: Gliscor|atk|2\n|move|p2a: Cresselia|Stored Power|p1a: Gliscor\n|-damage|p1a: Gliscor|0 fnt\n|faint|p1a: Gliscor\n|\n|upkeep\n|\n|t:|1699729975\n|switch|p1a: Hatterene|Hatterene, F|48\/100\n|-damage|p1a: Hatterene|35\/100|[from] Stealth Rock\n|-damage|p1a: Hatterene|19\/100|[from] Spikes\n|turn|15\n|inactive|KOTONOHOUSE has 120 seconds left.\n|\n|t:|1699730022\n|move|p2a: Cresselia|Moonlight|p2a: Cresselia\n|-heal|p2a: Cresselia|100\/100\n|move|p1a: Hatterene|Draining Kiss|p2a: Cresselia\n|-damage|p2a: Cresselia|93\/100\n|-heal|p1a: Hatterene|27\/100|[from] drain|[of] p2a: Cresselia\n|\n|upkeep\n|turn|16\n|\n|t:|1699730032\n|move|p2a: Cresselia|Stored Power|p1a: Hatterene\n|-resisted|p1a: Hatterene\n|-damage|p1a: Hatterene|0 fnt\n|faint|p1a: Hatterene\n|\n|upkeep\n|\n|t:|1699730041\n|switch|p1a: Zapdos|Zapdos|66\/100\n|turn|17\n|\n|t:|1699730051\n|move|p1a: Zapdos|Roost|p1a: Zapdos\n|-heal|p1a: Zapdos|100\/100\n|-singleturn|p1a: Zapdos|move: Roost\n|move|p2a: Cresselia|Stored Power|p1a: Zapdos\n|-damage|p1a: Zapdos|16\/100\n|\n|upkeep\n|turn|18\n|inactive|KOTONOHOUSE has 120 seconds left.\n|\n|t:|1699730067\n|move|p1a: Zapdos|Discharge|p2a: Cresselia\n|-damage|p2a: Cresselia|84\/100\n|-status|p2a: Cresselia|par\n|cant|p2a: Cresselia|par\n|\n|upkeep\n|turn|19\n|\n|t:|1699730077\n|move|p1a: Zapdos|Hurricane|p2a: Cresselia\n|-crit|p2a: Cresselia\n|-damage|p2a: Cresselia|40\/100 par\n|-start|p2a: Cresselia|confusion\n|-activate|p2a: Cresselia|confusion\n|-damage|p2a: Cresselia|37\/100 par|[from] confusion\n|\n|upkeep\n|turn|20\n|\n|t:|1699730088\n|move|p1a: Zapdos|Hurricane|p2a: Cresselia\n|-damage|p2a: Cresselia|25\/100 par\n|-activate|p2a: Cresselia|confusion\n|-damage|p2a: Cresselia|22\/100 par|[from] confusion\n|\n|upkeep\n|turn|21\n|\n|t:|1699730098\n|move|p1a: Zapdos|Hurricane|p2a: Cresselia\n|-damage|p2a: Cresselia|10\/100 par\n|-end|p2a: Cresselia|confusion\n|cant|p2a: Cresselia|par\n|\n|upkeep\n|turn|22\n|\n|t:|1699730106\n|move|p1a: Zapdos|Discharge|p2a: Cresselia\n|-damage|p2a: Cresselia|0 fnt\n|faint|p2a: Cresselia\n|\n|upkeep\n|\n|t:|1699730119\n|switch|p2a: Garchomp|Garchomp, M|100\/100\n|-activate|p2a: Garchomp|move: Sticky Web\n|-unboost|p2a: Garchomp|spe|1\n|turn|23\n|\n|t:|1699730139\n|move|p1a: Zapdos|Hurricane|p2a: Garchomp\n|-damage|p2a: Garchomp|60\/100\n|move|p2a: Garchomp|Dragon Tail|p1a: Zapdos\n|-damage|p1a: Zapdos|0 fnt\n|-status|p2a: Garchomp|par|[from] ability: Static|[of] p1a: Zapdos\n|faint|p1a: Zapdos\n|\n|upkeep\n|\n|t:|1699730148\n|switch|p1a: Manaphy|Manaphy|100\/100\n|-damage|p1a: Manaphy|88\/100|[from] Stealth Rock\n|-damage|p1a: Manaphy|72\/100|[from] Spikes\n|turn|24\n|\n|t:|1699730157\n|move|p1a: Manaphy|Ice Beam|p2a: Garchomp\n|-supereffective|p2a: Garchomp\n|-damage|p2a: Garchomp|0 fnt\n|faint|p2a: Garchomp\n|\n|-heal|p1a: Manaphy|78\/100|[from] item: Leftovers\n|upkeep\n|\n|t:|1699730167\n|switch|p2a: Kingambit|Kingambit, F|100\/100\n|-activate|p2a: Kingambit|move: Sticky Web\n|-unboost|p2a: Kingambit|spe|1\n|-activate|p2a: Kingambit|ability: Supreme Overlord\n|-start|p2a: Kingambit|fallen5|[silent]\n|turn|25\n|\n|t:|1699730179\n|move|p1a: Manaphy|Tail Glow|p1a: Manaphy\n|-boost|p1a: Manaphy|spa|3\n|move|p2a: Kingambit|Swords Dance|p2a: Kingambit\n|-boost|p2a: Kingambit|atk|2\n|\n|-heal|p1a: Manaphy|84\/100|[from] item: Leftovers\n|upkeep\n|turn|26\n|\n|t:|1699730192\n|move|p2a: Kingambit|Sucker Punch|p1a: Manaphy\n|-damage|p1a: Manaphy|0 fnt\n|faint|p1a: Manaphy\n|\n|win|KOTONOHOUSE\n|raw|hduebeuebwh's rating: 1243 &rarr; <strong>1211<\/strong><br \/>(-32 for losing)\n|raw|KOTONOHOUSE's rating: 1149 &rarr; <strong>1181<\/strong><br \/>(+32 for winning)\n","uploadtime":1699730199,"views":15,"p1id":"hduebeuebwh","p2id":"kotonohouse","formatid":"gen9ou","rating":1181,"private":0,"password":""}