{"id":"gen9ou-1992366274","p1":"dackit","p2":"soapeggs","format":"[Gen 9] OU","log":"|j|\u2606dackit\n|j|\u2606soapeggs\n|t:|1700179285\n|gametype|singles\n|player|p1|dackit|101|1349\n|player|p2|soapeggs|1|1274\n|teamsize|p1|6\n|teamsize|p2|6\n|gen|9\n|tier|[Gen 9] OU\n|rated|\n|rule|Sleep Clause Mod: Limit one foe put to sleep\n|rule|Species Clause: Limit one of each Pok\u00e9mon\n|rule|OHKO Clause: OHKO moves are banned\n|rule|Evasion Items Clause: Evasion items are banned\n|rule|Evasion Moves Clause: Evasion moves are banned\n|rule|Endless Battle Clause: Forcing endless battles is banned\n|rule|HP Percentage Mod: HP is shown in percentages\n|clearpoke\n|poke|p1|Ribombee, F|\n|poke|p1|Gholdengo|\n|poke|p1|Ceruledge, F|\n|poke|p1|Great Tusk|\n|poke|p1|Kingambit, F|\n|poke|p1|Ogerpon-Wellspring, F|\n|poke|p2|Samurott-Hisui, F|\n|poke|p2|Kleavor, F|\n|poke|p2|Gholdengo|\n|poke|p2|Pawmot, F|\n|poke|p2|Greninja-*, M|\n|poke|p2|Kingambit, F|\n|teampreview\n|\n|t:|1700179292\n|start\n|switch|p1a: Ribombee|Ribombee, F|100\/100\n|switch|p2a: Kleavor|Kleavor, F|100\/100\n|turn|1\n|\n|t:|1700179299\n|move|p2a: Kleavor|Dual Wingbeat|p1a: Ribombee\n|-supereffective|p1a: Ribombee\n|-damage|p1a: Ribombee|39\/100\n|-supereffective|p1a: Ribombee\n|-damage|p1a: Ribombee|0 fnt\n|faint|p1a: Ribombee\n|-hitcount|p1: Ribombee|2\n|\n|upkeep\n|\n|t:|1700179304\n|switch|p1a: Ceruledge|Ceruledge, F|100\/100\n|turn|2\n|\n|t:|1700179309\n|move|p2a: Kleavor|Dual Wingbeat|p1a: Ceruledge|[miss]\n|-miss|p2a: Kleavor|p1a: Ceruledge\n|move|p1a: Ceruledge|Swords Dance|p1a: Ceruledge\n|-boost|p1a: Ceruledge|atk|2\n|\n|upkeep\n|turn|3\n|\n|t:|1700179319\n|move|p2a: Kleavor|Dual Wingbeat|p1a: Ceruledge\n|-damage|p1a: Ceruledge|79\/100\n|-ability|p1a: Ceruledge|Weak Armor|boost\n|-unboost|p1a: Ceruledge|def|1\n|-boost|p1a: Ceruledge|spe|2\n|-damage|p1a: Ceruledge|47\/100\n|-ability|p1a: Ceruledge|Weak Armor|boost\n|-unboost|p1a: Ceruledge|def|1\n|-boost|p1a: Ceruledge|spe|2\n|-hitcount|p1a: Ceruledge|2\n|move|p1a: Ceruledge|Swords Dance|p1a: Ceruledge\n|-boost|p1a: Ceruledge|atk|2\n|\n|upkeep\n|turn|4\n|\n|t:|1700179328\n|move|p1a: Ceruledge|Bitter Blade|p2a: Kleavor\n|-damage|p2a: Kleavor|0 fnt\n|-heal|p1a: Ceruledge|95\/100|[from] drain|[of] p2a: Kleavor\n|faint|p2a: Kleavor\n|\n|upkeep\n|\n|t:|1700179336\n|switch|p2a: Samurott|Samurott-Hisui, F|100\/100\n|turn|5\n|\n|t:|1700179339\n|move|p1a: Ceruledge|Close Combat|p2a: Samurott\n|-supereffective|p2a: Samurott\n|-enditem|p2a: Samurott|Focus Sash\n|-damage|p2a: Samurott|1\/100\n|-unboost|p1a: Ceruledge|def|1\n|-unboost|p1a: Ceruledge|spd|1\n|move|p2a: Samurott|Ceaseless Edge|p1a: Ceruledge\n|-supereffective|p1a: Ceruledge\n|-damage|p1a: Ceruledge|0 fnt\n|-sidestart|p1: dackit|Spikes\n|faint|p1a: Ceruledge\n|\n|upkeep\n|\n|t:|1700179345\n|switch|p1a: Ogerpon|Ogerpon-Wellspring, F|100\/100\n|-damage|p1a: Ogerpon|88\/100|[from] Spikes\n|turn|6\n|\n|t:|1700179351\n|move|p2a: Samurott|Sucker Punch|p1a: Ogerpon\n|-damage|p1a: Ogerpon|52\/100\n|move|p1a: Ogerpon|Horn Leech|p2a: Samurott\n|-supereffective|p2a: Samurott\n|-damage|p2a: Samurott|0 fnt\n|-heal|p1a: Ogerpon|52\/100|[from] drain|[of] p2a: Samurott\n|faint|p2a: Samurott\n|\n|upkeep\n|\n|t:|1700179366\n|switch|p2a: Greninja|Greninja, M|100\/100\n|turn|7\n|\n|t:|1700179379\n|switch|p2a: Pawmot|Pawmot, F|100\/100\n|switch|p1a: Kingambit|Kingambit, F|100\/100\n|-damage|p1a: Kingambit|88\/100|[from] Spikes\n|-activate|p1a: Kingambit|ability: Supreme Overlord\n|-start|p1a: Kingambit|fallen2|[silent]\n|\n|-heal|p1a: Kingambit|94\/100|[from] item: Leftovers\n|upkeep\n|turn|8\n|\n|t:|1700179383\n|-end|p1a: Kingambit|fallen2|[silent]\n|switch|p1a: Great Tusk|Great Tusk|100\/100\n|-damage|p1a: Great Tusk|88\/100|[from] Spikes\n|-enditem|p1a: Great Tusk|Booster Energy\n|-activate|p1a: Great Tusk|ability: Protosynthesis|[fromitem]\n|-start|p1a: Great Tusk|protosynthesisspe\n|move|p2a: Pawmot|Revival Blessing|p2a: Pawmot\n|-enditem|p2a: Pawmot|Leppa Berry|[eat]\n|-activate|p2a: Pawmot|item: Leppa Berry|Revival Blessing|[consumed]\n|\n|t:|1700179390\n|-heal|p2: Samurott|50\/100|[from] move: Revival Blessing\n|\n|upkeep\n|turn|9\n|\n|t:|1700179397\n|switch|p2a: Samurott|Samurott-Hisui, F|50\/100\n|move|p1a: Great Tusk|Bulk Up|p1a: Great Tusk\n|-boost|p1a: Great Tusk|atk|1\n|-boost|p1a: Great Tusk|def|1\n|\n|upkeep\n|turn|10\n|\n|t:|1700179403\n|-terastallize|p2a: Samurott|Ghost\n|move|p1a: Great Tusk|Close Combat|p2a: Samurott\n|-immune|p2a: Samurott\n|move|p2a: Samurott|Hydro Pump|p1a: Great Tusk\n|-supereffective|p1a: Great Tusk\n|-damage|p1a: Great Tusk|0 fnt\n|faint|p1a: Great Tusk\n|-end|p1a: Great Tusk|Protosynthesis|[silent]\n|\n|upkeep\n|-message|dackit forfeited.\n|\n|win|soapeggs\n|raw|dackit's rating: 1373 &rarr; <strong>1347<\/strong><br \/>(-26 for losing)\n|raw|soapeggs's rating: 1274 &rarr; <strong>1306<\/strong><br \/>(+32 for winning)\n|l|\u2606dackit\n|l|\u2606soapeggs\n|j|\u2606soapeggs\n|player|p2|soapeggs|1\n","uploadtime":1700179430,"views":17,"p1id":"dackit","p2id":"soapeggs","formatid":"gen9ou","rating":1306,"private":0,"password":""}