{"id":"gen9ou-1992714507","p1":"shakdaddy8","p2":"liaoya","format":"[Gen 9] OU","log":"|j|\u2606shakdaddy8\n|j|\u2606liaoya\n|t:|1700228334\n|gametype|singles\n|player|p1|shakdaddy8|101|1485\n|player|p2|liaoya|petrel|1597\n|teamsize|p1|6\n|teamsize|p2|6\n|gen|9\n|tier|[Gen 9] OU\n|rated|\n|rule|Sleep Clause Mod: Limit one foe put to sleep\n|rule|Species Clause: Limit one of each Pok\u00e9mon\n|rule|OHKO Clause: OHKO moves are banned\n|rule|Evasion Items Clause: Evasion items are banned\n|rule|Evasion Moves Clause: Evasion moves are banned\n|rule|Endless Battle Clause: Forcing endless battles is banned\n|rule|HP Percentage Mod: HP is shown in percentages\n|clearpoke\n|poke|p1|Dragonite, M|\n|poke|p1|Great Tusk|\n|poke|p1|Iron Moth|\n|poke|p1|Torkoal, M|\n|poke|p1|Ting-Lu|\n|poke|p1|Walking Wake|\n|poke|p2|Drifblim, F|\n|poke|p2|Garganacl, F|\n|poke|p2|Umbreon, F|\n|poke|p2|Rotom-Wash|\n|poke|p2|Glimmora, M|\n|poke|p2|Espeon, F|\n|teampreview\n|inactive|Battle timer is ON: inactive players will automatically lose when time's up. (requested by shakdaddy8)\n|\n|t:|1700228358\n|start\n|switch|p1a: Torkoal|Torkoal, M|100\/100\n|switch|p2a: Rotom|Rotom-Wash|100\/100\n|-weather|SunnyDay|[from] ability: Drought|[of] p1a: Torkoal\n|turn|1\n|\n|t:|1700228372\n|move|p2a: Rotom|Volt Switch|p1a: Torkoal\n|-crit|p1a: Torkoal\n|-damage|p1a: Torkoal|42\/100\n|\n|t:|1700228375\n|switch|p2a: Espeon|Espeon, F|100\/100|[from] Volt Switch\n|move|p1a: Torkoal|Solar Beam||[still]\n|-prepare|p1a: Torkoal|Solar Beam\n|-anim|p1a: Torkoal|Solar Beam|p2a: Espeon\n|-damage|p2a: Espeon|66\/100\n|\n|-weather|SunnyDay|[upkeep]\n|upkeep\n|turn|2\n|\n|t:|1700228389\n|switch|p1a: Ting-Lu|Ting-Lu|100\/100\n|-ability|p1a: Ting-Lu|Vessel of Ruin\n|move|p2a: Espeon|Trick|p1a: Ting-Lu\n|-activate|p2a: Espeon|move: Trick|[of] p1a: Ting-Lu\n|-item|p1a: Ting-Lu|Choice Scarf|[from] move: Trick\n|-item|p2a: Espeon|Leftovers|[from] move: Trick\n|\n|-weather|SunnyDay|[upkeep]\n|-heal|p2a: Espeon|72\/100|[from] item: Leftovers\n|upkeep\n|turn|3\n|\n|t:|1700228403\n|switch|p1a: Walking Wake|Walking Wake|100\/100\n|-activate|p1a: Walking Wake|ability: Protosynthesis\n|-start|p1a: Walking Wake|protosynthesisspe\n|move|p2a: Espeon|Detect||[still]\n|-fail|p2a: Espeon\n|\n|-weather|SunnyDay|[upkeep]\n|-heal|p2a: Espeon|78\/100|[from] item: Leftovers\n|upkeep\n|turn|4\n|\n|t:|1700228407\n|move|p1a: Walking Wake|Hydro Steam|p2a: Espeon\n|-damage|p2a: Espeon|0 fnt\n|faint|p2a: Espeon\n|\n|-weather|SunnyDay|[upkeep]\n|upkeep\n|\n|t:|1700228413\n|switch|p2a: Umbreon|Umbreon, F, shiny|100\/100\n|turn|5\n|\n|t:|1700228431\n|-end|p1a: Walking Wake|Protosynthesis|[silent]\n|switch|p1a: Great Tusk|Great Tusk|100\/100\n|-activate|p1a: Great Tusk|ability: Protosynthesis\n|-start|p1a: Great Tusk|protosynthesisspe\n|move|p2a: Umbreon|Wish|p2a: Umbreon\n|\n|-weather|SunnyDay|[upkeep]\n|upkeep\n|turn|6\n|\n|t:|1700228443\n|switch|p2a: Rotom|Rotom-Wash|100\/100\n|move|p1a: Great Tusk|Ice Spinner|p2a: Rotom\n|-resisted|p2a: Rotom\n|-damage|p2a: Rotom|88\/100\n|\n|-weather|SunnyDay|[upkeep]\n|-heal|p2a: Rotom|100\/100|[from] move: Wish|[wisher] Umbreon\n|upkeep\n|turn|7\n|\n|t:|1700228452\n|-end|p1a: Great Tusk|Protosynthesis|[silent]\n|switch|p1a: Ting-Lu|Ting-Lu|100\/100\n|-ability|p1a: Ting-Lu|Vessel of Ruin\n|move|p2a: Rotom|Trick|p1a: Ting-Lu\n|-activate|p2a: Rotom|move: Trick|[of] p1a: Ting-Lu\n|-item|p1a: Ting-Lu|Choice Scarf|[from] move: Trick\n|-item|p2a: Rotom|Choice Scarf|[from] move: Trick\n|\n|-weather|SunnyDay|[upkeep]\n|upkeep\n|turn|8\n|\n|t:|1700228458\n|switch|p2a: Glimmora|Glimmora, M|100\/100\n|move|p1a: Ting-Lu|Stealth Rock|p2a: Glimmora\n|-sidestart|p2: liaoya|move: Stealth Rock\n|\n|-weather|none\n|upkeep\n|turn|9\n|\n|t:|1700228463\n|switch|p1a: Torkoal|Torkoal, M|42\/100\n|-weather|SunnyDay|[from] ability: Drought|[of] p1a: Torkoal\n|move|p2a: Glimmora|Mortal Spin|p1a: Torkoal\n|-damage|p1a: Torkoal|38\/100\n|-status|p1a: Torkoal|psn\n|-sideend|p2: liaoya|Stealth Rock|[from] move: Mortal Spin|[of] p2a: Glimmora\n|\n|-weather|SunnyDay|[upkeep]\n|-damage|p1a: Torkoal|25\/100 psn|[from] psn\n|upkeep\n|turn|10\n|\n|t:|1700228469\n|switch|p1a: Walking Wake|Walking Wake|100\/100\n|-activate|p1a: Walking Wake|ability: Protosynthesis\n|-start|p1a: Walking Wake|protosynthesisspe\n|move|p2a: Glimmora|Stealth Rock|p1a: Walking Wake\n|-sidestart|p1: shakdaddy8|move: Stealth Rock\n|\n|-weather|SunnyDay|[upkeep]\n|upkeep\n|turn|11\n|\n|t:|1700228475\n|move|p1a: Walking Wake|Draco Meteor|p2a: Glimmora|[miss]\n|-miss|p1a: Walking Wake|p2a: Glimmora\n|move|p2a: Glimmora|Mortal Spin|p1a: Walking Wake\n|-damage|p1a: Walking Wake|93\/100\n|-status|p1a: Walking Wake|psn\n|\n|-weather|SunnyDay|[upkeep]\n|-damage|p1a: Walking Wake|81\/100 psn|[from] psn\n|upkeep\n|turn|12\n|\n|t:|1700228480\n|switch|p2a: Umbreon|Umbreon, F, shiny|100\/100\n|move|p1a: Walking Wake|Draco Meteor|p2a: Umbreon\n|-damage|p2a: Umbreon|43\/100\n|-unboost|p1a: Walking Wake|spa|2\n|\n|-weather|SunnyDay|[upkeep]\n|-heal|p2a: Umbreon|49\/100|[from] item: Leftovers\n|-damage|p1a: Walking Wake|69\/100 psn|[from] psn\n|upkeep\n|turn|13\n|\n|t:|1700228494\n|-end|p1a: Walking Wake|Protosynthesis|[silent]\n|switch|p1a: Great Tusk|Great Tusk|100\/100\n|-damage|p1a: Great Tusk|98\/100|[from] Stealth Rock\n|-activate|p1a: Great Tusk|ability: Protosynthesis\n|-start|p1a: Great Tusk|protosynthesisspe\n|move|p2a: Umbreon|Wish|p2a: Umbreon\n|\n|-weather|SunnyDay|[upkeep]\n|-heal|p1a: Great Tusk|100\/100|[from] item: Leftovers\n|-heal|p2a: Umbreon|55\/100|[from] item: Leftovers\n|upkeep\n|turn|14\n|\n|t:|1700228508\n|-end|p1a: Great Tusk|Protosynthesis|[silent]\n|switch|p1a: Iron Moth|Iron Moth|100\/100\n|-damage|p1a: Iron Moth|76\/100|[from] Stealth Rock\n|-enditem|p1a: Iron Moth|Booster Energy\n|-activate|p1a: Iron Moth|ability: Quark Drive|[fromitem]\n|-start|p1a: Iron Moth|quarkdrivespa\n|move|p2a: Umbreon|Protect||[still]\n|-fail|p2a: Umbreon\n|\n|-weather|SunnyDay|[upkeep]\n|-heal|p2a: Umbreon|100\/100|[from] move: Wish|[wisher] Umbreon\n|upkeep\n|turn|15\n|\n|t:|1700228514\n|move|p1a: Iron Moth|Fiery Dance|p2a: Umbreon\n|-damage|p2a: Umbreon|49\/100\n|-boost|p1a: Iron Moth|spa|1\n|move|p2a: Umbreon|Foul Play|p1a: Iron Moth\n|-damage|p1a: Iron Moth|43\/100\n|\n|-weather|SunnyDay|[upkeep]\n|-heal|p2a: Umbreon|55\/100|[from] item: Leftovers\n|upkeep\n|turn|16\n|\n|t:|1700228521\n|move|p2a: Umbreon|Protect|p2a: Umbreon\n|-singleturn|p2a: Umbreon|Protect\n|move|p1a: Iron Moth|Fiery Dance|p2a: Umbreon\n|-activate|p2a: Umbreon|move: Protect\n|\n|-weather|none\n|-heal|p2a: Umbreon|61\/100|[from] item: Leftovers\n|upkeep\n|turn|17\n|\n|t:|1700228526\n|move|p1a: Iron Moth|Fiery Dance|p2a: Umbreon\n|-damage|p2a: Umbreon|7\/100\n|-boost|p1a: Iron Moth|spa|1\n|move|p2a: Umbreon|Yawn|p1a: Iron Moth\n|-start|p1a: Iron Moth|move: Yawn|[of] p2a: Umbreon\n|\n|-heal|p2a: Umbreon|13\/100|[from] item: Leftovers\n|upkeep\n|turn|18\n|\n|t:|1700228531\n|move|p1a: Iron Moth|Fiery Dance|p2a: Umbreon\n|-damage|p2a: Umbreon|0 fnt\n|faint|p2a: Umbreon\n|\n|-end|p1a: Iron Moth|move: Yawn|[silent]\n|-status|p1a: Iron Moth|slp\n|upkeep\n|\n|t:|1700228533\n|switch|p2a: Rotom|Rotom-Wash|100\/100\n|turn|19\n|\n|t:|1700228550\n|-end|p1a: Iron Moth|Quark Drive|[silent]\n|switch|p1a: Ting-Lu|Ting-Lu|100\/100\n|-damage|p1a: Ting-Lu|94\/100|[from] Stealth Rock\n|-ability|p1a: Ting-Lu|Vessel of Ruin\n|move|p2a: Rotom|Hydro Pump|p1a: Ting-Lu\n|-supereffective|p1a: Ting-Lu\n|-damage|p1a: Ting-Lu|51\/100\n|\n|upkeep\n|turn|20\n|\n|t:|1700228558\n|move|p2a: Rotom|Hydro Pump|p1a: Ting-Lu|[miss]\n|-miss|p2a: Rotom|p1a: Ting-Lu\n|move|p1a: Ting-Lu|Stealth Rock|p2a: Rotom\n|-sidestart|p2: liaoya|move: Stealth Rock\n|\n|upkeep\n|turn|21\n|\n|t:|1700228569\n|switch|p1a: Dragonite|Dragonite, M|100\/100\n|move|p2a: Rotom|Hydro Pump|p1a: Dragonite\n|-resisted|p1a: Dragonite\n|-damage|p1a: Dragonite|87\/100\n|\n|upkeep\n|turn|22\n|\n|t:|1700228572\n|switch|p2a: Drifblim|Drifblim, F|100\/100\n|-damage|p2a: Drifblim|76\/100|[from] Stealth Rock\n|move|p1a: Dragonite|Dragon Dance|p1a: Dragonite\n|-boost|p1a: Dragonite|atk|1\n|-boost|p1a: Dragonite|spe|1\n|\n|upkeep\n|turn|23\n|\n|t:|1700228575\n|move|p2a: Drifblim|Trick|p1a: Dragonite\n|-activate|p2a: Drifblim|move: Trick|[of] p1a: Dragonite\n|-item|p1a: Dragonite|Choice Scarf|[from] move: Trick\n|-item|p2a: Drifblim|Heavy-Duty Boots|[from] move: Trick\n|move|p1a: Dragonite|Ice Spinner|p2a: Drifblim\n|-supereffective|p2a: Drifblim\n|-damage|p2a: Drifblim|0 fnt\n|-damage|p1a: Dragonite|63\/100|[from] ability: Aftermath|[of] p2a: Drifblim\n|faint|p2a: Drifblim\n|\n|upkeep\n|\n|t:|1700228587\n|switch|p2a: Glimmora|Glimmora, M|100\/100\n|-damage|p2a: Glimmora|88\/100|[from] Stealth Rock\n|turn|24\n|\n|t:|1700228594\n|switch|p1a: Torkoal|Torkoal, M|25\/100 psn\n|-damage|p1a: Torkoal|0 fnt|[from] Stealth Rock\n|faint|p1a: Torkoal\n|move|p2a: Glimmora|Mortal Spin|p1: Torkoal|[notarget]\n|-fail|p2a: Glimmora\n|\n|upkeep\n|\n|t:|1700228610\n|switch|p1a: Walking Wake|Walking Wake|69\/100 psn\n|-damage|p1a: Walking Wake|57\/100 psn|[from] Stealth Rock\n|turn|25\n|\n|t:|1700228615\n|switch|p2a: Rotom|Rotom-Wash|100\/100\n|-damage|p2a: Rotom|88\/100|[from] Stealth Rock\n|move|p1a: Walking Wake|Hydro Steam|p2a: Rotom\n|-resisted|p2a: Rotom\n|-damage|p2a: Rotom|54\/100\n|\n|-damage|p1a: Walking Wake|44\/100 psn|[from] psn\n|upkeep\n|turn|26\n|\n|t:|1700228622\n|move|p1a: Walking Wake|Hydro Steam|p2a: Rotom\n|-resisted|p2a: Rotom\n|-damage|p2a: Rotom|22\/100\n|move|p2a: Rotom|Trick|p1a: Walking Wake\n|-activate|p2a: Rotom|move: Trick|[of] p1a: Walking Wake\n|-item|p1a: Walking Wake|Choice Scarf|[from] move: Trick\n|-item|p2a: Rotom|Choice Specs|[from] move: Trick\n|\n|-damage|p1a: Walking Wake|32\/100 psn|[from] psn\n|upkeep\n|turn|27\n|\n|t:|1700228631\n|-terastallize|p1a: Walking Wake|Water\n|move|p1a: Walking Wake|Hydro Steam|p2a: Rotom\n|-resisted|p2a: Rotom\n|-damage|p2a: Rotom|0 fnt\n|faint|p2a: Rotom\n|\n|-damage|p1a: Walking Wake|20\/100 psn|[from] psn\n|upkeep\n|\n|t:|1700228638\n|switch|p2a: Garganacl|Garganacl, F, shiny|100\/100\n|-damage|p2a: Garganacl|88\/100|[from] Stealth Rock\n|turn|28\n|\n|t:|1700228641\n|-terastallize|p2a: Garganacl|Ghost\n|move|p1a: Walking Wake|Hydro Steam|p2a: Garganacl\n|-damage|p2a: Garganacl|54\/100\n|move|p2a: Garganacl|Recover|p2a: Garganacl\n|-heal|p2a: Garganacl|100\/100\n|\n|-damage|p1a: Walking Wake|8\/100 psn|[from] psn\n|upkeep\n|turn|29\n|\n|t:|1700228645\n|move|p1a: Walking Wake|Hydro Steam|p2a: Garganacl\n|-damage|p2a: Garganacl|65\/100\n|move|p2a: Garganacl|Iron Defense|p2a: Garganacl\n|-boost|p2a: Garganacl|def|2\n|\n|-heal|p2a: Garganacl|72\/100|[from] item: Leftovers\n|-damage|p1a: Walking Wake|0 fnt|[from] psn\n|faint|p1a: Walking Wake\n|-end|p1a: Walking Wake|Protosynthesis|[silent]\n|upkeep\n|\n|t:|1700228663\n|switch|p1a: Iron Moth|Iron Moth|43\/100 slp\n|-damage|p1a: Iron Moth|18\/100 slp|[from] Stealth Rock\n|turn|30\n|\n|t:|1700228669\n|cant|p1a: Iron Moth|slp\n|move|p2a: Garganacl|Salt Cure|p1a: Iron Moth\n|-supereffective|p1a: Iron Moth\n|-damage|p1a: Iron Moth|0 fnt\n|faint|p1a: Iron Moth\n|-end|p1a: Iron Moth|Quark Drive|[silent]\n|\n|-heal|p2a: Garganacl|78\/100|[from] item: Leftovers\n|upkeep\n|\n|t:|1700228678\n|switch|p1a: Dragonite|Dragonite, M|63\/100\n|-damage|p1a: Dragonite|38\/100|[from] Stealth Rock\n|turn|31\n|\n|t:|1700228683\n|move|p1a: Dragonite|Extreme Speed|p2a: Garganacl\n|-immune|p2a: Garganacl\n|move|p2a: Garganacl|Salt Cure|p1a: Dragonite\n|-supereffective|p1a: Dragonite\n|-damage|p1a: Dragonite|5\/100\n|-start|p1a: Dragonite|Salt Cure\n|\n|-heal|p2a: Garganacl|84\/100|[from] item: Leftovers\n|-damage|p1a: Dragonite|0 fnt|[from] Salt Cure\n|faint|p1a: Dragonite\n|upkeep\n|\n|t:|1700228686\n|switch|p1a: Great Tusk|Great Tusk|100\/100\n|-damage|p1a: Great Tusk|98\/100|[from] Stealth Rock\n|turn|32\n|\n|t:|1700228689\n|move|p1a: Great Tusk|Earthquake|p2a: Garganacl\n|-damage|p2a: Garganacl|69\/100\n|move|p2a: Garganacl|Iron Defense|p2a: Garganacl\n|-boost|p2a: Garganacl|def|2\n|\n|-heal|p1a: Great Tusk|100\/100|[from] item: Leftovers\n|-heal|p2a: Garganacl|75\/100|[from] item: Leftovers\n|upkeep\n|turn|33\n|c|\u2606shakdaddy8|bro\n|-message|shakdaddy8 forfeited.\n|\n|win|liaoya\n|raw|shakdaddy8's rating: 1485 &rarr; <strong>1471<\/strong><br \/>(-14 for losing)\n|raw|liaoya's rating: 1597 &rarr; <strong>1611<\/strong><br \/>(+14 for winning)\n|l|\u2606shakdaddy8\n","uploadtime":1700228700,"views":11,"p1id":"shakdaddy8","p2id":"liaoya","formatid":"gen9ou","rating":1471,"private":0,"password":""}