{"id":"gen9ou-1994125108","p1":"Samiaou","p2":"TeravoltKB","format":"[Gen 9] OU","log":"|j|\u2606Samiaou\n|j|\u2606TeravoltKB\n|t:|1700409845\n|gametype|singles\n|player|p1|Samiaou|volo|1500\n|player|p2|TeravoltKB|101|1408\n|teamsize|p1|6\n|teamsize|p2|6\n|gen|9\n|tier|[Gen 9] OU\n|rated|\n|rule|Sleep Clause Mod: Limit one foe put to sleep\n|rule|Species Clause: Limit one of each Pok\u00e9mon\n|rule|OHKO Clause: OHKO moves are banned\n|rule|Evasion Items Clause: Evasion items are banned\n|rule|Evasion Moves Clause: Evasion moves are banned\n|rule|Endless Battle Clause: Forcing endless battles is banned\n|rule|HP Percentage Mod: HP is shown in percentages\n|clearpoke\n|poke|p1|Kingambit, M|\n|poke|p1|Great Tusk|\n|poke|p1|Dragapult, M|\n|poke|p1|Ogerpon-Wellspring, F|\n|poke|p1|Blissey, F|\n|poke|p1|Zapdos|\n|poke|p2|Gengar, M|\n|poke|p2|Glaceon, F|\n|poke|p2|Samurott-Hisui, M|\n|poke|p2|Armarouge, M|\n|poke|p2|Chesnaught, M|\n|poke|p2|Corviknight, M|\n|teampreview\n|\n|t:|1700409856\n|start\n|switch|p1a: Scalpereur|Zapdos|100\/100\n|switch|p2a: Samurott|Samurott-Hisui, M|100\/100\n|turn|1\n|\n|t:|1700409860\n|switch|p2a: Lilly|Glaceon, F|100\/100\n|move|p1a: Scalpereur|Volt Switch|p2a: Lilly\n|-damage|p2a: Lilly|79\/100\n|\n|t:|1700409867\n|switch|p1a: Electhor|Kingambit, M|100\/100|[from] Volt Switch\n|\n|upkeep\n|turn|2\n|\n|t:|1700409870\n|switch|p2a: Samurott|Samurott-Hisui, M|100\/100\n|move|p1a: Electhor|Swords Dance|p1a: Electhor\n|-boost|p1a: Electhor|atk|2\n|\n|upkeep\n|turn|3\n|\n|t:|1700409878\n|move|p2a: Samurott|Sacred Sword|p1a: Electhor\n|-supereffective|p1a: Electhor\n|-damage|p1a: Electhor|0 fnt\n|faint|p1a: Electhor\n|-end|p1a: Electhor|fallenundefined|[silent]\n|\n|upkeep\n|\n|t:|1700409883\n|switch|p1a: Scalpereur|Zapdos|100\/100\n|turn|4\n|\n|t:|1700409887\n|move|p2a: Samurott|Ceaseless Edge|p1a: Scalpereur\n|-damage|p1a: Scalpereur|61\/100\n|-sidestart|p1: Samiaou|Spikes\n|move|p1a: Scalpereur|Volt Switch|p2a: Samurott\n|-supereffective|p2a: Samurott\n|-damage|p2a: Samurott|20\/100\n|\n|t:|1700409891\n|switch|p1a: Lanssorien|Ogerpon-Wellspring, F|100\/100|[from] Volt Switch\n|-damage|p1a: Lanssorien|88\/100|[from] Spikes\n|\n|upkeep\n|turn|5\n|\n|t:|1700409895\n|move|p2a: Samurott|Sucker Punch|p1a: Lanssorien\n|-damage|p1a: Lanssorien|33\/100\n|move|p1a: Lanssorien|Power Whip|p2a: Samurott\n|-supereffective|p2a: Samurott\n|-damage|p2a: Samurott|0 fnt\n|faint|p2a: Samurott\n|\n|upkeep\n|\n|t:|1700409901\n|switch|p2a: Gengar|Gengar, M|100\/100\n|turn|6\n|\n|t:|1700409905\n|move|p1a: Lanssorien|Ivy Cudgel|p2a: Gengar|[anim] Ivy Cudgel Water\n|-crit|p2a: Gengar\n|-damage|p2a: Gengar|0 fnt\n|faint|p2a: Gengar\n|\n|upkeep\n|\n|t:|1700409910\n|switch|p2a: Chesnaught|Chesnaught, M|100\/100\n|turn|7\n|\n|t:|1700409914\n|move|p1a: Lanssorien|Ivy Cudgel|p2a: Chesnaught|[anim] Ivy Cudgel Water\n|-resisted|p2a: Chesnaught\n|-damage|p2a: Chesnaught|83\/100\n|move|p2a: Chesnaught|Drain Punch|p1a: Lanssorien\n|-damage|p1a: Lanssorien|0 fnt\n|-heal|p2a: Chesnaught|96\/100|[from] drain|[of] p1a: Lanssorien\n|faint|p1a: Lanssorien\n|\n|-heal|p2a: Chesnaught|100\/100|[from] item: Leftovers\n|upkeep\n|\n|t:|1700409921\n|switch|p1a: Scalpereur|Zapdos|61\/100\n|turn|8\n|\n|t:|1700409924\n|move|p2a: Chesnaught|Spiky Shield|p2a: Chesnaught\n|-singleturn|p2a: Chesnaught|move: Protect\n|move|p1a: Scalpereur|Hurricane|p2a: Chesnaught\n|-activate|p2a: Chesnaught|move: Protect\n|\n|upkeep\n|turn|9\n|\n|t:|1700409928\n|switch|p2a: Lilly|Glaceon, F|79\/100\n|move|p1a: Scalpereur|Heat Wave|p2a: Lilly\n|-supereffective|p2a: Lilly\n|-damage|p2a: Lilly|39\/100\n|\n|upkeep\n|turn|10\n|\n|t:|1700409934\n|-terastallize|p2a: Lilly|Water\n|move|p1a: Scalpereur|Heat Wave|p2a: Lilly|[miss]\n|-miss|p1a: Scalpereur|p2a: Lilly\n|move|p2a: Lilly|Ice Beam|p1a: Scalpereur\n|-supereffective|p1a: Scalpereur\n|-damage|p1a: Scalpereur|0 fnt\n|faint|p1a: Scalpereur\n|\n|upkeep\n|\n|t:|1700409939\n|switch|p1a: Ogerpon du Puits|Dragapult, M|100\/100\n|-damage|p1a: Ogerpon du Puits|88\/100|[from] Spikes\n|turn|11\n|\n|t:|1700409945\n|switch|p2a: Corviknight|Corviknight, M|100\/100\n|-ability|p2a: Corviknight|Pressure\n|move|p1a: Ogerpon du Puits|Flamethrower|p2a: Corviknight\n|-supereffective|p2a: Corviknight\n|-damage|p2a: Corviknight|22\/100\n|-status|p2a: Corviknight|brn\n|\n|-damage|p2a: Corviknight|16\/100 brn|[from] brn\n|upkeep\n|turn|12\n|\n|t:|1700409951\n|switch|p2a: Armarouge|Armarouge, M|100\/100\n|move|p1a: Ogerpon du Puits|Flamethrower|p2a: Armarouge\n|-start|p2a: Armarouge|ability: Flash Fire\n|\n|upkeep\n|turn|13\n|\n|t:|1700409955\n|switch|p1a: Fort-Ivoire|Blissey, F|100\/100\n|move|p2a: Armarouge|Armor Cannon|p1a: Fort-Ivoire\n|-damage|p1a: Fort-Ivoire|50\/100\n|-unboost|p2a: Armarouge|def|1\n|-unboost|p2a: Armarouge|spd|1\n|\n|upkeep\n|turn|14\n|\n|t:|1700409962\n|move|p2a: Armarouge|Armor Cannon|p1a: Fort-Ivoire\n|-damage|p1a: Fort-Ivoire|0 fnt\n|-unboost|p2a: Armarouge|def|1\n|-unboost|p2a: Armarouge|spd|1\n|faint|p1a: Fort-Ivoire\n|\n|upkeep\n|\n|t:|1700409967\n|switch|p1a: Ogerpon du Puits|Dragapult, M|88\/100\n|-damage|p1a: Ogerpon du Puits|76\/100|[from] Spikes\n|turn|15\n|\n|t:|1700409972\n|-end|p2a: Armarouge|ability: Flash Fire|[silent]\n|switch|p2a: Corviknight|Corviknight, M|16\/100 brn\n|-ability|p2a: Corviknight|Pressure\n|move|p1a: Ogerpon du Puits|U-turn|p2a: Corviknight\n|-resisted|p2a: Corviknight\n|-damage|p2a: Corviknight|13\/100 brn\n|-damage|p1a: Ogerpon du Puits|59\/100|[from] item: Rocky Helmet|[of] p2a: Corviknight\n|\n|t:|1700409975\n|switch|p1a: Leuphorie|Great Tusk|100\/100|[from] U-turn\n|-damage|p1a: Leuphorie|88\/100|[from] Spikes\n|\n|-heal|p1a: Leuphorie|94\/100|[from] item: Leftovers\n|-damage|p2a: Corviknight|7\/100 brn|[from] brn\n|upkeep\n|turn|16\n|\n|t:|1700409979\n|move|p1a: Leuphorie|Bulk Up|p1a: Leuphorie\n|-boost|p1a: Leuphorie|atk|1\n|-boost|p1a: Leuphorie|def|1\n|move|p2a: Corviknight|Roost|p2a: Corviknight\n|-heal|p2a: Corviknight|57\/100 brn\n|-singleturn|p2a: Corviknight|move: Roost\n|\n|-heal|p1a: Leuphorie|100\/100|[from] item: Leftovers\n|-damage|p2a: Corviknight|51\/100 brn|[from] brn\n|upkeep\n|turn|17\n|\n|t:|1700409985\n|move|p1a: Leuphorie|Bulk Up|p1a: Leuphorie\n|-boost|p1a: Leuphorie|atk|1\n|-boost|p1a: Leuphorie|def|1\n|move|p2a: Corviknight|Brave Bird|p1a: Leuphorie\n|-supereffective|p1a: Leuphorie\n|-damage|p1a: Leuphorie|89\/100\n|-damage|p2a: Corviknight|47\/100 brn|[from] Recoil\n|\n|-heal|p1a: Leuphorie|95\/100|[from] item: Leftovers\n|-damage|p2a: Corviknight|40\/100 brn|[from] brn\n|upkeep\n|turn|18\n|\n|t:|1700409989\n|switch|p2a: Armarouge|Armarouge, M|100\/100\n|move|p1a: Leuphorie|Bulk Up|p1a: Leuphorie\n|-boost|p1a: Leuphorie|atk|1\n|-boost|p1a: Leuphorie|def|1\n|\n|-heal|p1a: Leuphorie|100\/100|[from] item: Leftovers\n|upkeep\n|turn|19\n|\n|t:|1700409993\n|move|p1a: Leuphorie|Earthquake|p2a: Armarouge\n|-supereffective|p2a: Armarouge\n|-damage|p2a: Armarouge|0 fnt\n|faint|p2a: Armarouge\n|\n|upkeep\n|\n|t:|1700409995\n|switch|p2a: Chesnaught|Chesnaught, M|100\/100\n|turn|20\n|\n|t:|1700409999\n|move|p1a: Leuphorie|Knock Off|p2a: Chesnaught\n|-resisted|p2a: Chesnaught\n|-damage|p2a: Chesnaught|79\/100\n|-enditem|p2a: Chesnaught|Leftovers|[from] move: Knock Off|[of] p1a: Leuphorie\n|move|p2a: Chesnaught|Leech Seed|p1a: Leuphorie\n|-start|p1a: Leuphorie|move: Leech Seed\n|\n|-damage|p1a: Leuphorie|88\/100|[from] Leech Seed|[of] p2a: Chesnaught\n|-heal|p2a: Chesnaught|94\/100|[silent]\n|upkeep\n|turn|21\n|\n|t:|1700410005\n|move|p2a: Chesnaught|Spiky Shield|p2a: Chesnaught\n|-singleturn|p2a: Chesnaught|move: Protect\n|move|p1a: Leuphorie|Bulk Up|p1a: Leuphorie\n|-boost|p1a: Leuphorie|atk|1\n|-boost|p1a: Leuphorie|def|1\n|\n|-heal|p1a: Leuphorie|94\/100|[from] item: Leftovers\n|-damage|p1a: Leuphorie|82\/100|[from] Leech Seed|[of] p2a: Chesnaught\n|-heal|p2a: Chesnaught|100\/100|[silent]\n|upkeep\n|turn|22\n|\n|t:|1700410008\n|move|p1a: Leuphorie|Earthquake|p2a: Chesnaught\n|-resisted|p2a: Chesnaught\n|-damage|p2a: Chesnaught|64\/100\n|move|p2a: Chesnaught|Seed Bomb|p1a: Leuphorie\n|-supereffective|p1a: Leuphorie\n|-damage|p1a: Leuphorie|69\/100\n|\n|-heal|p1a: Leuphorie|76\/100|[from] item: Leftovers\n|-damage|p1a: Leuphorie|63\/100|[from] Leech Seed|[of] p2a: Chesnaught\n|-heal|p2a: Chesnaught|78\/100|[silent]\n|upkeep\n|turn|23\n|\n|t:|1700410013\n|move|p1a: Leuphorie|Bulk Up|p1a: Leuphorie\n|-boost|p1a: Leuphorie|atk|1\n|-boost|p1a: Leuphorie|def|1\n|move|p2a: Chesnaught|Drain Punch|p1a: Leuphorie\n|-damage|p1a: Leuphorie|58\/100\n|-heal|p2a: Chesnaught|81\/100|[from] drain|[of] p1a: Leuphorie\n|\n|-heal|p1a: Leuphorie|65\/100|[from] item: Leftovers\n|-damage|p1a: Leuphorie|52\/100|[from] Leech Seed|[of] p2a: Chesnaught\n|-heal|p2a: Chesnaught|95\/100|[silent]\n|upkeep\n|turn|24\n|\n|t:|1700410016\n|move|p2a: Chesnaught|Spiky Shield|p2a: Chesnaught\n|-singleturn|p2a: Chesnaught|move: Protect\n|move|p1a: Leuphorie|Earthquake|p2a: Chesnaught\n|-activate|p2a: Chesnaught|move: Protect\n|\n|-heal|p1a: Leuphorie|58\/100|[from] item: Leftovers\n|-damage|p1a: Leuphorie|46\/100|[from] Leech Seed|[of] p2a: Chesnaught\n|-heal|p2a: Chesnaught|100\/100|[silent]\n|upkeep\n|turn|25\n|\n|t:|1700410019\n|move|p1a: Leuphorie|Rapid Spin|p2a: Chesnaught\n|-damage|p2a: Chesnaught|74\/100\n|-boost|p1a: Leuphorie|spe|1\n|-end|p1a: Leuphorie|Leech Seed|[from] move: Rapid Spin|[of] p1a: Leuphorie\n|-sideend|p1: Samiaou|Spikes|[from] move: Rapid Spin|[of] p1a: Leuphorie\n|move|p2a: Chesnaught|Seed Bomb|p1a: Leuphorie\n|-supereffective|p1a: Leuphorie\n|-damage|p1a: Leuphorie|36\/100\n|\n|-heal|p1a: Leuphorie|42\/100|[from] item: Leftovers\n|upkeep\n|turn|26\n|\n|t:|1700410023\n|move|p1a: Leuphorie|Rapid Spin|p2a: Chesnaught\n|-damage|p2a: Chesnaught|43\/100\n|-boost|p1a: Leuphorie|spe|1\n|move|p2a: Chesnaught|Leech Seed|p1a: Leuphorie\n|-start|p1a: Leuphorie|move: Leech Seed\n|\n|-heal|p1a: Leuphorie|48\/100|[from] item: Leftovers\n|-damage|p1a: Leuphorie|36\/100|[from] Leech Seed|[of] p2a: Chesnaught\n|-heal|p2a: Chesnaught|57\/100|[silent]\n|upkeep\n|turn|27\n|\n|t:|1700410027\n|move|p2a: Chesnaught|Spiky Shield|p2a: Chesnaught\n|-singleturn|p2a: Chesnaught|move: Protect\n|move|p1a: Leuphorie|Bulk Up|p1a: Leuphorie\n|-boost|p1a: Leuphorie|atk|1\n|-boost|p1a: Leuphorie|def|1\n|\n|-heal|p1a: Leuphorie|42\/100|[from] item: Leftovers\n|-damage|p1a: Leuphorie|30\/100|[from] Leech Seed|[of] p2a: Chesnaught\n|-heal|p2a: Chesnaught|72\/100|[silent]\n|upkeep\n|turn|28\n|\n|t:|1700410034\n|move|p1a: Leuphorie|Rapid Spin|p2a: Chesnaught\n|-damage|p2a: Chesnaught|36\/100\n|-boost|p1a: Leuphorie|spe|1\n|-end|p1a: Leuphorie|Leech Seed|[from] move: Rapid Spin|[of] p1a: Leuphorie\n|move|p2a: Chesnaught|Leech Seed|p1a: Leuphorie\n|-start|p1a: Leuphorie|move: Leech Seed\n|\n|-heal|p1a: Leuphorie|36\/100|[from] item: Leftovers\n|-damage|p1a: Leuphorie|23\/100|[from] Leech Seed|[of] p2a: Chesnaught\n|-heal|p2a: Chesnaught|50\/100|[silent]\n|upkeep\n|turn|29\n|\n|t:|1700410040\n|move|p2a: Chesnaught|Spiky Shield|p2a: Chesnaught\n|-singleturn|p2a: Chesnaught|move: Protect\n|move|p1a: Leuphorie|Earthquake|p2a: Chesnaught\n|-activate|p2a: Chesnaught|move: Protect\n|\n|-heal|p1a: Leuphorie|30\/100|[from] item: Leftovers\n|-damage|p1a: Leuphorie|17\/100|[from] Leech Seed|[of] p2a: Chesnaught\n|-heal|p2a: Chesnaught|64\/100|[silent]\n|upkeep\n|turn|30\n|\n|t:|1700410045\n|move|p1a: Leuphorie|Earthquake|p2a: Chesnaught\n|-resisted|p2a: Chesnaught\n|-damage|p2a: Chesnaught|18\/100\n|move|p2a: Chesnaught|Leech Seed||[still]\n|-fail|p2a: Chesnaught\n|\n|-heal|p1a: Leuphorie|23\/100|[from] item: Leftovers\n|-damage|p1a: Leuphorie|11\/100|[from] Leech Seed|[of] p2a: Chesnaught\n|-heal|p2a: Chesnaught|32\/100|[silent]\n|upkeep\n|turn|31\n|\n|t:|1700410050\n|move|p2a: Chesnaught|Spiky Shield|p2a: Chesnaught\n|-singleturn|p2a: Chesnaught|move: Protect\n|move|p1a: Leuphorie|Earthquake|p2a: Chesnaught\n|-activate|p2a: Chesnaught|move: Protect\n|\n|-heal|p1a: Leuphorie|17\/100|[from] item: Leftovers\n|-damage|p1a: Leuphorie|5\/100|[from] Leech Seed|[of] p2a: Chesnaught\n|-heal|p2a: Chesnaught|47\/100|[silent]\n|upkeep\n|turn|32\n|\n|t:|1700410057\n|move|p1a: Leuphorie|Knock Off|p2a: Chesnaught\n|-resisted|p2a: Chesnaught\n|-damage|p2a: Chesnaught|26\/100\n|move|p2a: Chesnaught|Drain Punch|p1a: Leuphorie\n|-crit|p1a: Leuphorie\n|-damage|p1a: Leuphorie|0 fnt\n|-heal|p2a: Chesnaught|29\/100|[from] drain|[of] p1a: Leuphorie\n|faint|p1a: Leuphorie\n|-end|p1a: Leuphorie|Protosynthesis|[silent]\n|\n|upkeep\n|\n|t:|1700410060\n|switch|p1a: Ogerpon du Puits|Dragapult, M|59\/100\n|turn|33\n|\n|t:|1700410071\n|move|p2a: Chesnaught|Spiky Shield|p2a: Chesnaught\n|-singleturn|p2a: Chesnaught|move: Protect\n|move|p1a: Ogerpon du Puits|Flamethrower|p2a: Chesnaught\n|-activate|p2a: Chesnaught|move: Protect\n|\n|upkeep\n|turn|34\n|\n|t:|1700410081\n|move|p1a: Ogerpon du Puits|Flamethrower|p2a: Chesnaught\n|-supereffective|p2a: Chesnaught\n|-damage|p2a: Chesnaught|0 fnt\n|faint|p2a: Chesnaught\n|\n|upkeep\n|\n|t:|1700410083\n|switch|p2a: Lilly|Glaceon, F, tera:Water|39\/100\n|turn|35\n|\n|t:|1700410086\n|-terastallize|p1a: Ogerpon du Puits|Ghost\n|move|p1a: Ogerpon du Puits|Flamethrower|p2a: Lilly\n|-resisted|p2a: Lilly\n|-damage|p2a: Lilly|24\/100\n|-status|p2a: Lilly|brn\n|move|p2a: Lilly|Ice Beam|p1a: Ogerpon du Puits\n|-damage|p1a: Ogerpon du Puits|0 fnt\n|faint|p1a: Ogerpon du Puits\n|\n|win|TeravoltKB\n|raw|Samiaou's rating: 1500 &rarr; <strong>1475<\/strong><br \/>(-25 for losing)\n|raw|TeravoltKB's rating: 1408 &rarr; <strong>1433<\/strong><br \/>(+25 for winning)\n|c|\u2606Samiaou|fr\n|c|\u2606TeravoltKB|Ggs\n|c|\u2606Samiaou|gg\n|l|\u2606Samiaou\n","uploadtime":1700410105,"views":32,"p1id":"samiaou","p2id":"teravoltkb","formatid":"gen9ou","rating":1433,"private":0,"password":""}