{"id":"gen9ou-1992854146","p1":"servia_hero","p2":"kiodobr","format":"[Gen 9] OU","log":"|j|\u2606servia_hero\n|j|\u2606kiodobr\n|t:|1700241187\n|gametype|singles\n|player|p1|servia_hero|will|\n|player|p2|kiodobr|preschoolerf|\n|teamsize|p1|6\n|teamsize|p2|6\n|gen|9\n|tier|[Gen 9] OU\n|rule|Sleep Clause Mod: Limit one foe put to sleep\n|rule|Species Clause: Limit one of each Pok\u00e9mon\n|rule|OHKO Clause: OHKO moves are banned\n|rule|Evasion Items Clause: Evasion items are banned\n|rule|Evasion Moves Clause: Evasion moves are banned\n|rule|Endless Battle Clause: Forcing endless battles is banned\n|rule|HP Percentage Mod: HP is shown in percentages\n|rule|Terastal Clause: You cannot Terastallize\n|clearpoke\n|poke|p1|Zoroark-Hisui, F|\n|poke|p1|Corviknight, M|\n|poke|p1|Ogerpon-Wellspring, F|\n|poke|p1|Gliscor, M|\n|poke|p1|Lokix, M|\n|poke|p1|Sneasler, M|\n|poke|p2|Cinderace, M|\n|poke|p2|Alomomola, F|\n|poke|p2|Samurott-Hisui, M|\n|poke|p2|Enamorus, F|\n|poke|p2|Gholdengo|\n|poke|p2|Sneasler, M|\n|teampreview\n|\n|t:|1700241253\n|start\n|switch|p1a: Rodrigo Hilbert|Sneasler, M, shiny|100\/100\n|switch|p2a: Cinderace|Cinderace, M|100\/100\n|turn|1\n|\n|t:|1700241262\n|move|p2a: Cinderace|U-turn|p1a: Rodrigo Hilbert\n|-start|p2a: Cinderace|typechange|Bug|[from] ability: Libero\n|-resisted|p1a: Rodrigo Hilbert\n|-damage|p1a: Rodrigo Hilbert|67\/100\n|replace|p1a: Joinha|Zoroark-Hisui, F, shiny\n|-end|p1a: Joinha|Illusion\n|\n|t:|1700241270\n|switch|p2a: Alomomola|Alomomola, F|100\/100|[from] U-turn\n|move|p1a: Joinha|U-turn|p2a: Alomomola\n|-damage|p2a: Alomomola|89\/100\n|\n|t:|1700241302\n|switch|p1a: Djabo \u00e9 isso?|Ogerpon-Wellspring, F|100\/100|[from] U-turn\n|\n|upkeep\n|turn|2\n|\n|t:|1700241332\n|move|p1a: Djabo \u00e9 isso?|Horn Leech|p2a: Alomomola\n|-supereffective|p2a: Alomomola\n|-damage|p2a: Alomomola|45\/100\n|move|p2a: Alomomola|Chilling Water|p1a: Djabo \u00e9 isso?\n|-immune|p1a: Djabo \u00e9 isso?|[from] ability: Water Absorb\n|\n|upkeep\n|turn|3\n|\n|t:|1700241366\n|switch|p2a: Gholdengo|Gholdengo|100\/100\n|move|p1a: Djabo \u00e9 isso?|Horn Leech|p2a: Gholdengo\n|-resisted|p2a: Gholdengo\n|-damage|p2a: Gholdengo|76\/100\n|\n|upkeep\n|turn|4\n|\n|t:|1700241388\n|move|p1a: Djabo \u00e9 isso?|Ivy Cudgel|p2a: Gholdengo|[anim] Ivy Cudgel Water\n|-damage|p2a: Gholdengo|5\/100\n|move|p2a: Gholdengo|Make It Rain|p1a: Djabo \u00e9 isso?\n|-resisted|p1a: Djabo \u00e9 isso?\n|-damage|p1a: Djabo \u00e9 isso?|60\/100\n|-unboost|p2a: Gholdengo|spa|1\n|\n|upkeep\n|turn|5\n|\n|t:|1700241398\n|move|p1a: Djabo \u00e9 isso?|Horn Leech|p2a: Gholdengo\n|-resisted|p2a: Gholdengo\n|-damage|p2a: Gholdengo|0 fnt\n|-heal|p1a: Djabo \u00e9 isso?|63\/100|[from] drain|[of] p2a: Gholdengo\n|faint|p2a: Gholdengo\n|\n|upkeep\n|\n|t:|1700241410\n|switch|p2a: Cinderace|Cinderace, M|100\/100\n|turn|6\n|\n|t:|1700241413\n|move|p2a: Cinderace|Pyro Ball|p1a: Djabo \u00e9 isso?\n|-damage|p1a: Djabo \u00e9 isso?|0 fnt\n|faint|p1a: Djabo \u00e9 isso?\n|\n|upkeep\n|\n|t:|1700241438\n|switch|p1a: Rodrigo Hilbert|Sneasler, M, shiny|100\/100\n|turn|7\n|\n|t:|1700241476\n|move|p1a: Rodrigo Hilbert|Dire Claw|p2a: Cinderace\n|-damage|p2a: Cinderace|35\/100\n|-status|p2a: Cinderace|psn|[from] ability: Poison Touch|[of] p1a: Rodrigo Hilbert\n|move|p2a: Cinderace|U-turn|p1a: Rodrigo Hilbert\n|-start|p2a: Cinderace|typechange|Bug|[from] ability: Libero\n|-resisted|p1a: Rodrigo Hilbert\n|-damage|p1a: Rodrigo Hilbert|87\/100\n|\n|t:|1700241505\n|switch|p2a: Sneasler|Sneasler, M|100\/100|[from] U-turn\n|\n|upkeep\n|turn|8\n|\n|t:|1700241553\n|switch|p1a: Batmanga|Lokix, M, shiny|67\/100\n|move|p2a: Sneasler|Fake Out|p1a: Batmanga\n|-immune|p1a: Batmanga\n|\n|upkeep\n|turn|9\n|\n|t:|1700241585\n|move|p2a: Sneasler|Dire Claw|p1a: Batmanga\n|-resisted|p1a: Batmanga\n|-damage|p1a: Batmanga|24\/100\n|replace|p1a: Joinha|Zoroark-Hisui, F, shiny\n|-end|p1a: Joinha|Illusion\n|move|p1a: Joinha|U-turn|p2a: Sneasler\n|-resisted|p2a: Sneasler\n|-damage|p2a: Sneasler|91\/100\n|\n|t:|1700241610\n|switch|p1a: Wooper de Galar|Gliscor, M, shiny|100\/100|[from] U-turn\n|\n|-status|p1a: Wooper de Galar|tox|[from] item: Toxic Orb\n|upkeep\n|turn|10\n|\n|t:|1700241625\n|switch|p2a: Samurott|Samurott-Hisui, M|100\/100\n|move|p1a: Wooper de Galar|Earthquake|p2a: Samurott\n|-crit|p2a: Samurott\n|-damage|p2a: Samurott|33\/100\n|\n|upkeep\n|turn|11\n|\n|t:|1700241649\n|switch|p2a: Enamorus|Enamorus, F|100\/100\n|move|p1a: Wooper de Galar|Protect||[still]\n|-fail|p1a: Wooper de Galar\n|\n|upkeep\n|turn|12\n|\n|t:|1700241701\n|move|p2a: Enamorus|Moonblast|p1a: Wooper de Galar\n|-crit|p1a: Wooper de Galar\n|-damage|p1a: Wooper de Galar|9\/100 tox\n|move|p1a: Wooper de Galar|Stealth Rock|p2a: Enamorus\n|-sidestart|p2: kiodobr|move: Stealth Rock\n|\n|-heal|p1a: Wooper de Galar|21\/100 tox|[from] ability: Poison Heal\n|upkeep\n|turn|13\n|\n|t:|1700241708\n|move|p1a: Wooper de Galar|Protect|p1a: Wooper de Galar\n|-singleturn|p1a: Wooper de Galar|Protect\n|move|p2a: Enamorus|Moonblast|p1a: Wooper de Galar\n|-activate|p1a: Wooper de Galar|move: Protect\n|\n|-heal|p1a: Wooper de Galar|34\/100 tox|[from] ability: Poison Heal\n|upkeep\n|turn|14\n|\n|t:|1700241764\n|switch|p1a: Rodrigo Hilbert|Sneasler, M, shiny|87\/100\n|move|p2a: Enamorus|Moonblast|p1a: Rodrigo Hilbert\n|-damage|p1a: Rodrigo Hilbert|0 fnt\n|faint|p1a: Rodrigo Hilbert\n|\n|upkeep\n|j| Fotocoxa\n|\n|t:|1700241796\n|switch|p1a: Batmanga|Lokix, M, shiny|24\/100\n|turn|15\n|\n|t:|1700241816\n|move|p1a: Batmanga|U-turn|p2a: Enamorus\n|-resisted|p2a: Enamorus\n|-damage|p2a: Enamorus|93\/100\n|\n|t:|1700241821\n|switch|p1a: Batmanga|Lokix, M, shiny|100\/100|[from] U-turn\n|move|p2a: Enamorus|Moonblast|p1a: Batmanga\n|-supereffective|p1a: Batmanga\n|-damage|p1a: Batmanga|0 fnt\n|faint|p1a: Batmanga\n|\n|upkeep\n|\n|t:|1700241837\n|switch|p1a: Saco de Cimento|Corviknight, M|100\/100\n|-ability|p1a: Saco de Cimento|Pressure\n|turn|16\n|\n|t:|1700241852\n|switch|p2a: Samurott|Samurott-Hisui, M|33\/100\n|-damage|p2a: Samurott|20\/100|[from] Stealth Rock\n|move|p1a: Saco de Cimento|Body Press|p2a: Samurott\n|-supereffective|p2a: Samurott\n|-damage|p2a: Samurott|0 fnt\n|faint|p2a: Samurott\n|\n|upkeep\n|\n|t:|1700241855\n|switch|p2a: Enamorus|Enamorus, F|93\/100\n|-damage|p2a: Enamorus|68\/100|[from] Stealth Rock\n|turn|17\n|\n|t:|1700241881\n|move|p2a: Enamorus|Mystical Fire|p1a: Saco de Cimento\n|-supereffective|p1a: Saco de Cimento\n|-damage|p1a: Saco de Cimento|16\/100\n|-unboost|p1a: Saco de Cimento|spa|1\n|move|p1a: Saco de Cimento|Body Press|p2a: Enamorus\n|-resisted|p2a: Enamorus\n|-crit|p2a: Enamorus\n|-damage|p2a: Enamorus|54\/100\n|\n|upkeep\n|turn|18\n|\n|t:|1700241894\n|move|p2a: Enamorus|Mystical Fire|p1a: Saco de Cimento\n|-supereffective|p1a: Saco de Cimento\n|-damage|p1a: Saco de Cimento|0 fnt\n|faint|p1a: Saco de Cimento\n|\n|upkeep\n|\n|t:|1700241903\n|switch|p1a: Wooper de Galar|Gliscor, M, shiny|24\/100\n|turn|19\n|\n|t:|1700241925\n|switch|p2a: Alomomola|Alomomola, F|79\/100\n|move|p1a: Wooper de Galar|Shadow Ball|p2a: Alomomola\n|-damage|p2a: Alomomola|43\/100\n|\n|upkeep\n|turn|20\n|\n|t:|1700241936\n|move|p1a: Wooper de Galar|Grass Knot|p2a: Alomomola\n|-supereffective|p2a: Alomomola\n|-damage|p2a: Alomomola|6\/100\n|move|p2a: Alomomola|Whirlpool|p1a: Wooper de Galar\n|-damage|p1a: Wooper de Galar|13\/100\n|-activate|p1a: Wooper de Galar|move: Whirlpool|[of] p2a: Alomomola\n|replace|p1a: Joinha|Zoroark-Hisui, F, shiny\n|-end|p1a: Joinha|Illusion\n|\n|-damage|p1a: Joinha|0 fnt|[from] move: Whirlpool|[partiallytrapped]\n|faint|p1a: Joinha\n|upkeep\n|\n|t:|1700241945\n|switch|p1a: Wooper de Galar|Gliscor, M, shiny|34\/100 tox\n|turn|21\n|\n|t:|1700241955\n|move|p1a: Wooper de Galar|U-turn|p2a: Alomomola\n|-damage|p2a: Alomomola|0 fnt\n|faint|p2a: Alomomola\n|\n|-heal|p1a: Wooper de Galar|46\/100 tox|[from] ability: Poison Heal\n|upkeep\n|\n|t:|1700241959\n|switch|p2a: Enamorus|Enamorus, F|54\/100\n|-damage|p2a: Enamorus|29\/100|[from] Stealth Rock\n|turn|22\n|\n|t:|1700241965\n|move|p1a: Wooper de Galar|Protect|p1a: Wooper de Galar\n|-singleturn|p1a: Wooper de Galar|Protect\n|move|p2a: Enamorus|Moonblast|p1a: Wooper de Galar\n|-activate|p1a: Wooper de Galar|move: Protect\n|\n|-heal|p1a: Wooper de Galar|58\/100 tox|[from] ability: Poison Heal\n|upkeep\n|turn|23\n|\n|t:|1700242011\n|move|p2a: Enamorus|Moonblast|p1a: Wooper de Galar\n|-damage|p1a: Wooper de Galar|0 fnt\n|faint|p1a: Wooper de Galar\n|\n|win|kiodobr\n|l| Fotocoxa\n","uploadtime":1700242018,"views":21,"p1id":"serviahero","p2id":"kiodobr","formatid":"gen9ou","rating":0,"private":0,"password":""}