{"id":"gen9ou-1994421169","p1":"DerekGrish","p2":"ajpjlm","format":"[Gen 9] OU","log":"|j|\u2606DerekGrish\n|j|\u2606ajpjlm\n|t:|1700442034\n|gametype|singles\n|player|p1|DerekGrish|hoopster|\n|player|p2|ajpjlm|brycenman|\n|teamsize|p1|6\n|teamsize|p2|6\n|gen|9\n|tier|[Gen 9] OU\n|rule|Sleep Clause Mod: Limit one foe put to sleep\n|rule|Species Clause: Limit one of each Pok\u00e9mon\n|rule|OHKO Clause: OHKO moves are banned\n|rule|Evasion Items Clause: Evasion items are banned\n|rule|Evasion Moves Clause: Evasion moves are banned\n|rule|Endless Battle Clause: Forcing endless battles is banned\n|rule|HP Percentage Mod: HP is shown in percentages\n|clearpoke\n|poke|p1|Weavile, F|\n|poke|p1|Electrode-Hisui|\n|poke|p1|Gholdengo|\n|poke|p1|Tornadus-Therian, M|\n|poke|p1|Delphox, M|\n|poke|p1|Hoopa|\n|poke|p2|Lycanroc-Dusk, F|\n|poke|p2|Manaphy|\n|poke|p2|Heatran, F|\n|poke|p2|Decidueye-Hisui, F|\n|poke|p2|Florges-White, F|\n|poke|p2|Houndstone, M|\n|teampreview\n|j| Derpyderk\n|j| KingDuns\n|j| guner9542\n|j| BossShuckle\n|inactive|Battle timer is ON: inactive players will automatically lose when time's up. (requested by DerekGrish)\n|\n|t:|1700442174\n|start\n|switch|p1a: dumb bird|Tornadus-Therian, M|100\/100\n|switch|p2a: Heatran|Heatran, F|100\/100\n|turn|1\n|\n|t:|1700442185\n|move|p1a: dumb bird|Metronome|p1a: dumb bird\n|move|p1a: dumb bird|Fake Tears|p2a: Heatran|[from]move: Metronome\n|-unboost|p2a: Heatran|spd|2\n|move|p2a: Heatran|Stealth Rock|p1a: dumb bird\n|-sidestart|p1: DerekGrish|move: Stealth Rock\n|\n|upkeep\n|turn|2\n|\n|t:|1700442208\n|switch|p2a: Houndstone|Houndstone, M|100\/100\n|move|p1a: dumb bird|Metronome|p1a: dumb bird\n|move|p1a: dumb bird|Dark Void|p2a: Houndstone|[from]move: Metronome\n|-fail|p1a: dumb bird|move: Dark Void\n|-hint|Only a Pokemon whose form is Darkrai can use this move.\n|\n|upkeep\n|turn|3\n|\n|t:|1700442218\n|move|p1a: dumb bird|Metronome|p1a: dumb bird\n|move|p1a: dumb bird|Psychic|p2a: Houndstone|[from]move: Metronome\n|-damage|p2a: Houndstone|76\/100\n|move|p2a: Houndstone|Will-O-Wisp|p1a: dumb bird\n|-status|p1a: dumb bird|brn\n|\n|-damage|p1a: dumb bird|94\/100 brn|[from] brn\n|upkeep\n|turn|4\n|\n|t:|1700442225\n|move|p1a: dumb bird|Metronome|p1a: dumb bird\n|move|p1a: dumb bird|Mean Look||[from]move: Metronome|[still]\n|-fail|p1a: dumb bird\n|move|p2a: Houndstone|Hex|p1a: dumb bird\n|-damage|p1a: dumb bird|59\/100 brn\n|-damage|p2a: Houndstone|66\/100|[from] item: Life Orb\n|\n|-heal|p1a: dumb bird|65\/100 brn|[from] item: Leftovers\n|-damage|p1a: dumb bird|59\/100 brn|[from] brn\n|upkeep\n|turn|5\n|\n|t:|1700442234\n|move|p1a: dumb bird|Metronome|p1a: dumb bird\n|move|p1a: dumb bird|Blood Moon|p2a: Houndstone|[from]move: Metronome\n|-immune|p2a: Houndstone\n|move|p2a: Houndstone|Hex|p1a: dumb bird\n|-damage|p1a: dumb bird|20\/100 brn\n|-damage|p2a: Houndstone|56\/100|[from] item: Life Orb\n|\n|-heal|p1a: dumb bird|26\/100 brn|[from] item: Leftovers\n|-damage|p1a: dumb bird|20\/100 brn|[from] brn\n|upkeep\n|turn|6\n|\n|t:|1700442244\n|move|p1a: dumb bird|Rest|p1a: dumb bird\n|-status|p1a: dumb bird|slp|[from] move: Rest\n|-heal|p1a: dumb bird|100\/100 slp|[silent]\n|move|p2a: Houndstone|Hex|p1a: dumb bird\n|-damage|p1a: dumb bird|61\/100 slp\n|-damage|p2a: Houndstone|47\/100|[from] item: Life Orb\n|\n|-heal|p1a: dumb bird|67\/100 slp|[from] item: Leftovers\n|upkeep\n|turn|7\n|\n|t:|1700442269\n|cant|p1a: dumb bird|slp\n|move|p2a: Houndstone|Hex|p1a: dumb bird\n|-damage|p1a: dumb bird|30\/100 slp\n|-damage|p2a: Houndstone|37\/100|[from] item: Life Orb\n|\n|-heal|p1a: dumb bird|36\/100 slp|[from] item: Leftovers\n|upkeep\n|turn|8\n|\n|t:|1700442289\n|switch|p1a: Electrode|Electrode-Hisui|100\/100\n|-damage|p1a: Electrode|88\/100|[from] Stealth Rock\n|move|p2a: Houndstone|Hex|p1a: Electrode\n|-damage|p1a: Electrode|54\/100\n|-damage|p2a: Houndstone|27\/100|[from] item: Life Orb\n|\n|upkeep\n|turn|9\n|\n|t:|1700442303\n|switch|p2a: Heatran|Heatran, F|100\/100\n|move|p1a: Electrode|Grassy Terrain|p1a: Electrode\n|-fieldstart|move: Grassy Terrain\n|\n|-heal|p1a: Electrode|60\/100|[from] Grassy Terrain\n|upkeep\n|turn|10\n|inactive|DerekGrish has 270 seconds left.\n|\n|t:|1700442337\n|switch|p1a: vegas magician|Delphox, M|100\/100\n|-damage|p1a: vegas magician|75\/100|[from] Stealth Rock\n|move|p2a: Heatran|Will-O-Wisp|p1a: vegas magician\n|-immune|p1a: vegas magician\n|\n|-heal|p1a: vegas magician|82\/100|[from] Grassy Terrain\n|upkeep\n|turn|11\n|c|\u2606DerekGrish|its fine\n|inactive|DerekGrish has 270 seconds left.\n|\n|t:|1700442348\n|switch|p2a: Decidueye|Decidueye-Hisui, F|100\/100\n|move|p1a: vegas magician|Metronome|p1a: vegas magician\n|move|p1a: vegas magician|Pluck|p2a: Decidueye|[from]move: Metronome\n|-supereffective|p2a: Decidueye\n|-damage|p2a: Decidueye|60\/100\n|\n|-heal|p1a: vegas magician|88\/100|[from] Grassy Terrain\n|-heal|p2a: Decidueye|67\/100|[from] Grassy Terrain\n|upkeep\n|turn|12\n|\n|t:|1700442362\n|move|p1a: vegas magician|Hypnosis|p2a: Decidueye\n|-status|p2a: Decidueye|slp|[from] move: Hypnosis\n|cant|p2a: Decidueye|slp\n|\n|-heal|p1a: vegas magician|94\/100|[from] Grassy Terrain\n|-heal|p2a: Decidueye|73\/100 slp|[from] Grassy Terrain\n|upkeep\n|turn|13\n|\n|t:|1700442374\n|move|p1a: vegas magician|Metronome|p1a: vegas magician\n|move|p1a: vegas magician|Cut|p2a: Decidueye|[from]move: Metronome\n|-damage|p2a: Decidueye|64\/100 slp\n|cant|p2a: Decidueye|slp\n|\n|-heal|p1a: vegas magician|99\/100|[from] Grassy Terrain\n|-heal|p2a: Decidueye|70\/100 slp|[from] Grassy Terrain\n|-fieldend|move: Grassy Terrain\n|upkeep\n|turn|14\n|\n|t:|1700442379\n|move|p1a: vegas magician|Metronome|p1a: vegas magician\n|move|p1a: vegas magician|Magical Leaf|p2a: Decidueye|[from]move: Metronome\n|-resisted|p2a: Decidueye\n|-damage|p2a: Decidueye|63\/100 slp\n|cant|p2a: Decidueye|slp\n|\n|upkeep\n|turn|15\n|\n|t:|1700442387\n|move|p1a: vegas magician|Metronome|p1a: vegas magician\n|move|p1a: vegas magician|Tail Whip|p2a: Decidueye|[from]move: Metronome\n|-unboost|p2a: Decidueye|def|1\n|-curestatus|p2a: Decidueye|slp|[msg]\n|move|p2a: Decidueye|Synthesis|p2a: Decidueye\n|-heal|p2a: Decidueye|100\/100\n|\n|upkeep\n|turn|16\n|\n|t:|1700442392\n|move|p1a: vegas magician|Hypnosis|p2a: Decidueye\n|-status|p2a: Decidueye|slp|[from] move: Hypnosis\n|cant|p2a: Decidueye|slp\n|\n|upkeep\n|turn|17\n|\n|t:|1700442396\n|move|p1a: vegas magician|Metronome|p1a: vegas magician\n|move|p1a: vegas magician|Ice Punch|p2a: Decidueye|[from]move: Metronome\n|-supereffective|p2a: Decidueye\n|-damage|p2a: Decidueye|62\/100 slp\n|cant|p2a: Decidueye|slp\n|\n|upkeep\n|turn|18\n|\n|t:|1700442403\n|switch|p2a: Manaphy|Manaphy|100\/100\n|move|p1a: vegas magician|Copycat|p1a: vegas magician\n|move|p1a: vegas magician|Ice Punch|p2a: Manaphy|[from]move: Copycat\n|-resisted|p2a: Manaphy\n|-damage|p2a: Manaphy|96\/100\n|\n|-heal|p2a: Manaphy|100\/100|[from] item: Leftovers\n|upkeep\n|turn|19\n|\n|t:|1700442411\n|switch|p1a: Electrode|Electrode-Hisui|60\/100\n|-damage|p1a: Electrode|48\/100|[from] Stealth Rock\n|-enditem|p1a: Electrode|Sitrus Berry|[eat]\n|-heal|p1a: Electrode|73\/100|[from] item: Sitrus Berry\n|move|p2a: Manaphy|Whirlpool|p1a: Electrode\n|-resisted|p1a: Electrode\n|-damage|p1a: Electrode|66\/100\n|-activate|p1a: Electrode|move: Whirlpool|[of] p2a: Manaphy\n|\n|-damage|p1a: Electrode|53\/100|[from] move: Whirlpool|[partiallytrapped]\n|upkeep\n|turn|20\n|\n|t:|1700442419\n|move|p1a: Electrode|Recycle|p1a: Electrode\n|-item|p1a: Electrode|Sitrus Berry|[from] move: Recycle\n|move|p2a: Manaphy|Aqua Ring|p2a: Manaphy\n|-start|p2a: Manaphy|Aqua Ring\n|\n|-damage|p1a: Electrode|41\/100|[from] move: Whirlpool|[partiallytrapped]\n|upkeep\n|-enditem|p1a: Electrode|Sitrus Berry|[eat]\n|-heal|p1a: Electrode|66\/100|[from] item: Sitrus Berry\n|turn|21\n|\n|t:|1700442431\n|move|p2a: Manaphy|Protect|p2a: Manaphy\n|-singleturn|p2a: Manaphy|Protect\n|move|p1a: Electrode|Leech Seed|p2a: Manaphy\n|-activate|p2a: Manaphy|move: Protect\n|\n|-damage|p1a: Electrode|54\/100|[from] move: Whirlpool|[partiallytrapped]\n|upkeep\n|turn|22\n|\n|t:|1700442438\n|switch|p2a: Decidueye|Decidueye-Hisui, F|62\/100 slp\n|move|p1a: Electrode|Leech Seed|p2a: Decidueye\n|-immune|p2a: Decidueye\n|\n|-end|p1a: Electrode|Whirlpool|[partiallytrapped]|[silent]\n|upkeep\n|turn|23\n|\n|t:|1700442444\n|switch|p1a: vegas magician|Delphox, M|99\/100\n|-damage|p1a: vegas magician|75\/100|[from] Stealth Rock\n|cant|p2a: Decidueye|slp\n|\n|upkeep\n|turn|24\n|\n|t:|1700442451\n|move|p1a: vegas magician|Metronome|p1a: vegas magician\n|move|p1a: vegas magician|Absorb|p2a: Decidueye|[from]move: Metronome\n|-resisted|p2a: Decidueye\n|-damage|p2a: Decidueye|60\/100 slp\n|-heal|p1a: vegas magician|77\/100|[from] drain|[of] p2a: Decidueye\n|-curestatus|p2a: Decidueye|slp|[msg]\n|move|p2a: Decidueye|Synthesis|p2a: Decidueye\n|-heal|p2a: Decidueye|100\/100\n|\n|upkeep\n|turn|25\n|\n|t:|1700442461\n|move|p1a: vegas magician|Hypnosis|p2a: Decidueye\n|-status|p2a: Decidueye|slp|[from] move: Hypnosis\n|cant|p2a: Decidueye|slp\n|\n|upkeep\n|turn|26\n|\n|t:|1700442463\n|move|p1a: vegas magician|Metronome|p1a: vegas magician\n|move|p1a: vegas magician|Ice Hammer|p2a: Decidueye|[from]move: Metronome\n|-supereffective|p2a: Decidueye\n|-damage|p2a: Decidueye|68\/100 slp\n|-unboost|p1a: vegas magician|spe|1\n|-curestatus|p2a: Decidueye|slp|[msg]\n|move|p2a: Decidueye|Air Cutter|p1a: vegas magician\n|-crit|p1a: vegas magician\n|-damage|p1a: vegas magician|55\/100\n|\n|upkeep\n|turn|27\n|\n|t:|1700442471\n|move|p1a: vegas magician|Copycat|p1a: vegas magician\n|move|p1a: vegas magician|Air Cutter|p2a: Decidueye|[from]move: Copycat\n|-supereffective|p2a: Decidueye\n|-damage|p2a: Decidueye|15\/100\n|move|p2a: Decidueye|Feather Dance|p1a: vegas magician\n|-unboost|p1a: vegas magician|atk|2\n|\n|upkeep\n|turn|28\n|\n|t:|1700442481\n|switch|p2a: Heatran|Heatran, F|100\/100\n|move|p1a: vegas magician|Metronome|p1a: vegas magician\n|move|p1a: vegas magician|Hurricane|p2a: Heatran|[from]move: Metronome\n|-resisted|p2a: Heatran\n|-damage|p2a: Heatran|84\/100\n|\n|-heal|p2a: Heatran|91\/100|[from] item: Leftovers\n|upkeep\n|turn|29\n|\n|t:|1700442494\n|move|p2a: Heatran|Fire Spin|p1a: vegas magician\n|-resisted|p1a: vegas magician\n|-damage|p1a: vegas magician|47\/100\n|-activate|p1a: vegas magician|move: Fire Spin|[of] p2a: Heatran\n|move|p1a: vegas magician|Hypnosis|p2a: Heatran\n|-status|p2a: Heatran|slp|[from] move: Hypnosis\n|\n|-heal|p2a: Heatran|97\/100 slp|[from] item: Leftovers\n|-damage|p1a: vegas magician|34\/100|[from] move: Fire Spin|[partiallytrapped]\n|upkeep\n|turn|30\n|\n|t:|1700442509\n|cant|p2a: Heatran|slp\n|move|p1a: vegas magician|Rest|p1a: vegas magician\n|-status|p1a: vegas magician|slp|[from] move: Rest\n|-heal|p1a: vegas magician|100\/100 slp|[silent]\n|-enditem|p1a: vegas magician|Chesto Berry|[eat]\n|-curestatus|p1a: vegas magician|slp|[msg]\n|\n|-heal|p2a: Heatran|100\/100 slp|[from] item: Leftovers\n|-damage|p1a: vegas magician|88\/100|[from] move: Fire Spin|[partiallytrapped]\n|upkeep\n|turn|31\n|\n|t:|1700442516\n|cant|p2a: Heatran|slp\n|move|p1a: vegas magician|Metronome|p1a: vegas magician\n|move|p1a: vegas magician|Worry Seed|p2a: Heatran|[from]move: Metronome\n|-endability|p2a: Heatran|Flash Fire|[from] move: Worry Seed\n|-ability|p2a: Heatran|Insomnia|[from] move: Worry Seed\n|-curestatus|p2a: Heatran|slp|[msg]\n|\n|-damage|p1a: vegas magician|76\/100|[from] move: Fire Spin|[partiallytrapped]\n|upkeep\n|turn|32\n|c|\u2606ajpjlm|it's over\n|\n|t:|1700442530\n|move|p2a: Heatran|Fire Spin|p1a: vegas magician\n|-resisted|p1a: vegas magician\n|-damage|p1a: vegas magician|68\/100\n|move|p1a: vegas magician|Hypnosis|p2a: Heatran|[miss]\n|-miss|p1a: vegas magician|p2a: Heatran\n|\n|-damage|p1a: vegas magician|55\/100|[from] move: Fire Spin|[partiallytrapped]\n|upkeep\n|turn|33\n|\n|t:|1700442538\n|move|p2a: Heatran|Fire Spin|p1a: vegas magician\n|-resisted|p1a: vegas magician\n|-damage|p1a: vegas magician|46\/100\n|move|p1a: vegas magician|Metronome|p1a: vegas magician\n|move|p1a: vegas magician|Morning Sun|p1a: vegas magician|[from]move: Metronome\n|-heal|p1a: vegas magician|96\/100\n|\n|-end|p1a: vegas magician|Fire Spin|[partiallytrapped]\n|upkeep\n|turn|34\n|\n|t:|1700442552\n|switch|p2a: Lycanroc|Lycanroc-Dusk, F|100\/100\n|switch|p1a: dumb bird|Tornadus-Therian, M|69\/100 slp\n|-damage|p1a: dumb bird|44\/100 slp|[from] Stealth Rock\n|\n|-heal|p1a: dumb bird|50\/100 slp|[from] item: Leftovers\n|upkeep\n|turn|35\n|\n|t:|1700442559\n|move|p2a: Lycanroc|Hyper Voice|p1a: dumb bird\n|-damage|p1a: dumb bird|32\/100 slp\n|cant|p1a: dumb bird|slp\n|\n|-heal|p1a: dumb bird|38\/100 slp|[from] item: Leftovers\n|upkeep\n|turn|36\n|\n|t:|1700442565\n|move|p2a: Lycanroc|Hyper Voice|p1a: dumb bird\n|-damage|p1a: dumb bird|18\/100 slp\n|-curestatus|p1a: dumb bird|slp|[msg]\n|move|p1a: dumb bird|Rest|p1a: dumb bird\n|-status|p1a: dumb bird|slp|[from] move: Rest\n|-heal|p1a: dumb bird|100\/100 slp|[silent]\n|\n|upkeep\n|turn|37\n|\n|t:|1700442575\n|switch|p2a: Houndstone|Houndstone, M|27\/100\n|switch|p1a: Weavile|Weavile, F|100\/100\n|-damage|p1a: Weavile|76\/100|[from] Stealth Rock\n|-ability|p1a: Weavile|Pressure\n|\n|upkeep\n|turn|38\n|\n|t:|1700442584\n|switch|p2a: Florges|Florges-White, F, shiny|100\/100\n|move|p1a: Weavile|Dark Pulse|p2a: Florges\n|-resisted|p2a: Florges\n|-damage|p2a: Florges|94\/100\n|\n|upkeep\n|turn|39\n|\n|t:|1700442592\n|switch|p1a: taxes|Gholdengo|100\/100\n|-damage|p1a: taxes|94\/100|[from] Stealth Rock\n|-terastallize|p2a: Florges|Bug\n|move|p2a: Florges|Tera Blast|p1a: taxes|[anim] Tera Blast Bug\n|-resisted|p1a: taxes\n|-damage|p1a: taxes|84\/100\n|\n|upkeep\n|turn|40\n|\n|t:|1700442616\n|switch|p2a: Heatran|Heatran, F|100\/100\n|move|p1a: taxes|Fling|p2a: Heatran\n|-damage|p2a: Heatran|74\/100\n|-enditem|p1a: taxes|Big Nugget|[from] move: Fling\n|\n|-heal|p2a: Heatran|80\/100|[from] item: Leftovers\n|upkeep\n|turn|41\n|\n|t:|1700442628\n|switch|p2a: Manaphy|Manaphy|100\/100\n|move|p1a: taxes|Thief|p2a: Manaphy\n|-damage|p2a: Manaphy|89\/100\n|-enditem|p2a: Manaphy|Leftovers|[silent]|[from] move: Thief|[of] p1a: taxes\n|-item|p1a: taxes|Leftovers|[from] move: Thief|[of] p2a: Manaphy\n|\n|-heal|p1a: taxes|90\/100|[from] item: Leftovers\n|upkeep\n|turn|42\n|\n|t:|1700442644\n|move|p2a: Manaphy|Whirlpool|p1a: taxes\n|-damage|p1a: taxes|77\/100\n|-activate|p1a: taxes|move: Whirlpool|[of] p2a: Manaphy\n|move|p1a: taxes|Fling|p2a: Manaphy\n|-damage|p2a: Manaphy|86\/100\n|-enditem|p1a: taxes|Leftovers|[from] move: Fling\n|\n|-damage|p1a: taxes|65\/100|[from] move: Whirlpool|[partiallytrapped]\n|upkeep\n|turn|43\n|\n|t:|1700442650\n|move|p2a: Manaphy|Aqua Ring|p2a: Manaphy\n|-start|p2a: Manaphy|Aqua Ring\n|move|p1a: taxes|Thief|p2a: Manaphy\n|-damage|p2a: Manaphy|75\/100\n|\n|-heal|p2a: Manaphy|81\/100|[from] Aqua Ring\n|-damage|p1a: taxes|52\/100|[from] move: Whirlpool|[partiallytrapped]\n|upkeep\n|turn|44\n|\n|t:|1700442660\n|move|p2a: Manaphy|Whirlpool|p1a: taxes\n|-damage|p1a: taxes|40\/100\n|move|p1a: taxes|Thief|p2a: Manaphy\n|-damage|p2a: Manaphy|70\/100\n|\n|-heal|p2a: Manaphy|76\/100|[from] Aqua Ring\n|-damage|p1a: taxes|28\/100|[from] move: Whirlpool|[partiallytrapped]\n|upkeep\n|turn|45\n|\n|t:|1700442672\n|move|p2a: Manaphy|Whirlpool|p1a: taxes|[miss]\n|-miss|p2a: Manaphy|p1a: taxes\n|move|p1a: taxes|Fling||[still]\n|-fail|p1a: taxes\n|\n|-heal|p2a: Manaphy|82\/100|[from] Aqua Ring\n|-damage|p1a: taxes|15\/100|[from] move: Whirlpool|[partiallytrapped]\n|upkeep\n|turn|46\n|\n|t:|1700442677\n|move|p2a: Manaphy|Whirlpool|p1a: taxes\n|-damage|p1a: taxes|3\/100\n|move|p1a: taxes|Thief|p2a: Manaphy\n|-damage|p2a: Manaphy|71\/100\n|\n|-heal|p2a: Manaphy|77\/100|[from] Aqua Ring\n|-damage|p1a: taxes|0 fnt|[from] move: Whirlpool|[partiallytrapped]\n|faint|p1a: taxes\n|upkeep\n|\n|t:|1700442681\n|switch|p1a: Electrode|Electrode-Hisui|54\/100\n|-damage|p1a: Electrode|41\/100|[from] Stealth Rock\n|turn|47\n|\n|t:|1700442690\n|switch|p2a: Decidueye|Decidueye-Hisui, F|15\/100\n|move|p1a: Electrode|Grassy Terrain|p1a: Electrode\n|-fieldstart|move: Grassy Terrain\n|\n|-heal|p1a: Electrode|47\/100|[from] Grassy Terrain\n|-heal|p2a: Decidueye|21\/100|[from] Grassy Terrain\n|upkeep\n|turn|48\n|\n|t:|1700442695\n|move|p1a: Electrode|Grassy Glide|p2a: Decidueye\n|-resisted|p2a: Decidueye\n|-damage|p2a: Decidueye|14\/100\n|move|p2a: Decidueye|Synthesis|p2a: Decidueye\n|-heal|p2a: Decidueye|64\/100\n|\n|-heal|p1a: Electrode|54\/100|[from] Grassy Terrain\n|-heal|p2a: Decidueye|70\/100|[from] Grassy Terrain\n|upkeep\n|turn|49\n|\n|t:|1700442700\n|switch|p1a: dumb bird|Tornadus-Therian, M|100\/100 slp\n|-damage|p1a: dumb bird|76\/100 slp|[from] Stealth Rock\n|move|p2a: Decidueye|Air Cutter|p1a: dumb bird\n|-damage|p1a: dumb bird|65\/100 slp\n|\n|-heal|p1a: dumb bird|71\/100 slp|[from] item: Leftovers\n|-heal|p2a: Decidueye|76\/100|[from] Grassy Terrain\n|upkeep\n|turn|50\n|\n|t:|1700442707\n|cant|p1a: dumb bird|slp\n|move|p2a: Decidueye|Air Cutter|p1a: dumb bird\n|-crit|p1a: dumb bird\n|-damage|p1a: dumb bird|57\/100 slp\n|\n|-heal|p1a: dumb bird|63\/100 slp|[from] item: Leftovers\n|-heal|p2a: Decidueye|82\/100|[from] Grassy Terrain\n|upkeep\n|turn|51\n|\n|t:|1700442713\n|switch|p2a: Manaphy|Manaphy|77\/100\n|cant|p1a: dumb bird|slp\n|\n|-heal|p1a: dumb bird|69\/100 slp|[from] item: Leftovers\n|-heal|p2a: Manaphy|83\/100|[from] Grassy Terrain\n|-fieldend|move: Grassy Terrain\n|upkeep\n|turn|52\n|\n|t:|1700442717\n|-curestatus|p1a: dumb bird|slp|[msg]\n|move|p1a: dumb bird|Metronome|p1a: dumb bird\n|move|p1a: dumb bird|Dragon Pulse|p2a: Manaphy|[from]move: Metronome\n|-damage|p2a: Manaphy|71\/100\n|move|p2a: Manaphy|Whirlpool|p1a: dumb bird\n|-damage|p1a: dumb bird|60\/100\n|-activate|p1a: dumb bird|move: Whirlpool|[of] p2a: Manaphy\n|\n|-heal|p1a: dumb bird|66\/100|[from] item: Leftovers\n|-damage|p1a: dumb bird|53\/100|[from] move: Whirlpool|[partiallytrapped]\n|upkeep\n|turn|53\n|\n|t:|1700442724\n|move|p1a: dumb bird|Metronome|p1a: dumb bird\n|move|p1a: dumb bird|Fury Attack|p2a: Manaphy|[from]move: Metronome\n|-damage|p2a: Manaphy|68\/100\n|-damage|p2a: Manaphy|65\/100\n|-damage|p2a: Manaphy|61\/100\n|-hitcount|p2a: Manaphy|3\n|move|p2a: Manaphy|Aqua Ring|p2a: Manaphy\n|-start|p2a: Manaphy|Aqua Ring\n|\n|-heal|p1a: dumb bird|59\/100|[from] item: Leftovers\n|-heal|p2a: Manaphy|68\/100|[from] Aqua Ring\n|-damage|p1a: dumb bird|47\/100|[from] move: Whirlpool|[partiallytrapped]\n|upkeep\n|turn|54\n|\n|t:|1700442739\n|move|p1a: dumb bird|Metronome|p1a: dumb bird\n|move|p1a: dumb bird|Hammer Arm|p2a: Manaphy|[from]move: Metronome|[miss]\n|-miss|p1a: dumb bird|p2a: Manaphy\n|move|p2a: Manaphy|Whirlpool|p1a: dumb bird\n|-damage|p1a: dumb bird|38\/100\n|\n|-heal|p1a: dumb bird|44\/100|[from] item: Leftovers\n|-heal|p2a: Manaphy|74\/100|[from] Aqua Ring\n|-damage|p1a: dumb bird|31\/100|[from] move: Whirlpool|[partiallytrapped]\n|upkeep\n|turn|55\n|\n|t:|1700442751\n|switch|p2a: Houndstone|Houndstone, M|27\/100\n|move|p1a: dumb bird|Metronome|p1a: dumb bird\n|move|p1a: dumb bird|Charge|p1a: dumb bird|[from]move: Metronome\n|-boost|p1a: dumb bird|spd|1\n|-start|p1a: dumb bird|Charge\n|\n|-heal|p1a: dumb bird|38\/100|[from] item: Leftovers\n|-end|p1a: dumb bird|Whirlpool|[partiallytrapped]|[silent]\n|upkeep\n|turn|56\n|\n|t:|1700442763\n|move|p1a: dumb bird|Metronome|p1a: dumb bird\n|move|p1a: dumb bird|Psybeam|p2a: Houndstone|[from]move: Metronome\n|-damage|p2a: Houndstone|9\/100\n|move|p2a: Houndstone|Hex|p1a: dumb bird\n|-damage|p1a: dumb bird|25\/100\n|-damage|p2a: Houndstone|0 fnt|[from] item: Life Orb\n|faint|p2a: Houndstone\n|\n|-heal|p1a: dumb bird|31\/100|[from] item: Leftovers\n|upkeep\n|\n|t:|1700442770\n|switch|p2a: Florges|Florges-White, F, shiny, tera:Bug|94\/100\n|turn|57\n|\n|t:|1700442779\n|move|p1a: dumb bird|Rest|p1a: dumb bird\n|-status|p1a: dumb bird|slp|[from] move: Rest\n|-heal|p1a: dumb bird|100\/100 slp|[silent]\n|move|p2a: Florges|Giga Impact|p1a: dumb bird|[miss]\n|-miss|p2a: Florges|p1a: dumb bird\n|\n|upkeep\n|turn|58\n|\n|t:|1700442787\n|cant|p1a: dumb bird|slp\n|move|p2a: Florges|Giga Impact|p1a: dumb bird\n|-damage|p1a: dumb bird|39\/100 slp\n|-mustrecharge|p2a: Florges\n|\n|-heal|p1a: dumb bird|45\/100 slp|[from] item: Leftovers\n|upkeep\n|turn|59\n|\n|t:|1700442796\n|cant|p1a: dumb bird|slp\n|cant|p2a: Florges|recharge\n|\n|-heal|p1a: dumb bird|51\/100 slp|[from] item: Leftovers\n|upkeep\n|turn|60\n|\n|t:|1700442800\n|switch|p1a: lose button|Hoopa|100\/100\n|-damage|p1a: lose button|88\/100|[from] Stealth Rock\n|move|p2a: Florges|Giga Impact|p1a: lose button\n|-immune|p1a: lose button\n|\n|-heal|p1a: lose button|94\/100|[from] item: Leftovers\n|upkeep\n|turn|61\n|c|\u2606ajpjlm|bro i really want to do it\n|inactive|ajpjlm has 270 seconds left.\n|\n|t:|1700442834\n|switch|p2a: Decidueye|Decidueye-Hisui, F|82\/100\n|move|p1a: lose button|Phantom Force||[still]\n|-prepare|p1a: lose button|Phantom Force\n|\n|-heal|p1a: lose button|99\/100|[from] item: Leftovers\n|upkeep\n|turn|62\n|\n|t:|1700442843\n|move|p1a: lose button|Phantom Force|p2a: Decidueye|[from]lockedmove\n|-damage|p2a: Decidueye|45\/100\n|move|p2a: Decidueye|Grassy Terrain|p2a: Decidueye\n|-fieldstart|move: Grassy Terrain\n|\n|-heal|p1a: lose button|100\/100|[from] Grassy Terrain\n|-heal|p2a: Decidueye|51\/100|[from] Grassy Terrain\n|upkeep\n|turn|63\n|\n|t:|1700442866\n|move|p1a: lose button|Drain Punch|p2a: Decidueye\n|-damage|p2a: Decidueye|32\/100\n|move|p2a: Decidueye|Synthesis|p2a: Decidueye\n|-heal|p2a: Decidueye|82\/100\n|\n|-heal|p2a: Decidueye|88\/100|[from] Grassy Terrain\n|upkeep\n|turn|64\n|\n|t:|1700442875\n|switch|p1a: dumb bird|Tornadus-Therian, M|84\/100 slp\n|-damage|p1a: dumb bird|59\/100 slp|[from] Stealth Rock\n|move|p2a: Decidueye|Air Cutter|p1a: dumb bird\n|-damage|p1a: dumb bird|49\/100 slp\n|\n|-heal|p1a: dumb bird|55\/100 slp|[from] item: Leftovers\n|-heal|p2a: Decidueye|94\/100|[from] Grassy Terrain\n|upkeep\n|turn|65\n|\n|t:|1700442882\n|switch|p2a: Florges|Florges-White, F, shiny, tera:Bug|94\/100\n|-curestatus|p1a: dumb bird|slp|[msg]\n|move|p1a: dumb bird|Metronome|p1a: dumb bird\n|move|p1a: dumb bird|Last Resort||[from]move: Metronome|[still]\n|-fail|p1a: dumb bird\n|\n|-heal|p1a: dumb bird|61\/100|[from] item: Leftovers\n|-heal|p2a: Florges|100\/100|[from] Grassy Terrain\n|upkeep\n|turn|66\n|\n|t:|1700442886\n|move|p1a: dumb bird|Metronome|p1a: dumb bird\n|move|p1a: dumb bird|Fissure|p2a: Florges|[from]move: Metronome\n|-damage|p2a: Florges|0 fnt\n|faint|p2a: Florges\n|-ohko\n|\n|-heal|p1a: dumb bird|67\/100|[from] item: Leftovers\n|-fieldend|move: Grassy Terrain\n|upkeep\n|c|\u2606ajpjlm|YOOOOOO\n|\n|t:|1700442896\n|switch|p2a: Lycanroc|Lycanroc-Dusk, F|100\/100\n|turn|67\n|\n|t:|1700442911\n|move|p2a: Lycanroc|Snarl|p1a: dumb bird\n|-damage|p1a: dumb bird|55\/100\n|-unboost|p1a: dumb bird|spa|1\n|move|p1a: dumb bird|Metronome|p1a: dumb bird\n|move|p1a: dumb bird|Last Respects|p2a: Lycanroc|[from]move: Metronome\n|-damage|p2a: Lycanroc|63\/100\n|\n|-heal|p1a: dumb bird|61\/100|[from] item: Leftovers\n|upkeep\n|turn|68\n|\n|t:|1700442921\n|switch|p2a: Decidueye|Decidueye-Hisui, F|94\/100\n|move|p1a: dumb bird|Metronome|p1a: dumb bird\n|move|p1a: dumb bird|Soft-Boiled|p1a: dumb bird|[from]move: Metronome\n|-heal|p1a: dumb bird|100\/100\n|\n|upkeep\n|turn|69\n|\n|t:|1700442927\n|move|p1a: dumb bird|Metronome|p1a: dumb bird\n|move|p1a: dumb bird|Icy Wind|p2a: Decidueye|[from]move: Metronome\n|-supereffective|p2a: Decidueye\n|-damage|p2a: Decidueye|82\/100\n|-unboost|p2a: Decidueye|spe|1\n|move|p2a: Decidueye|Grassy Terrain|p2a: Decidueye\n|-fieldstart|move: Grassy Terrain\n|\n|-heal|p2a: Decidueye|88\/100|[from] Grassy Terrain\n|upkeep\n|turn|70\n|\n|t:|1700442933\n|move|p1a: dumb bird|Metronome|p1a: dumb bird\n|move|p1a: dumb bird|Perish Song|p1a: dumb bird|[from]move: Metronome\n|-start|p1a: dumb bird|perish3|[silent]\n|-start|p2a: Decidueye|perish3|[silent]\n|-fieldactivate|move: Perish Song\n|move|p2a: Decidueye|Feather Dance|p1a: dumb bird\n|-unboost|p1a: dumb bird|atk|2\n|\n|-heal|p2a: Decidueye|94\/100|[from] Grassy Terrain\n|-start|p1a: dumb bird|perish3\n|-start|p2a: Decidueye|perish3\n|upkeep\n|turn|71\n|\n|t:|1700442944\n|switch|p1a: vegas magician|Delphox, M|96\/100\n|-damage|p1a: vegas magician|71\/100|[from] Stealth Rock\n|move|p2a: Decidueye|Air Cutter|p1a: vegas magician\n|-damage|p1a: vegas magician|55\/100\n|\n|-heal|p1a: vegas magician|61\/100|[from] Grassy Terrain\n|-heal|p2a: Decidueye|100\/100|[from] Grassy Terrain\n|-start|p2a: Decidueye|perish2\n|upkeep\n|turn|72\n|\n|t:|1700442956\n|switch|p2a: Heatran|Heatran, F|80\/100\n|move|p1a: vegas magician|Metronome|p1a: vegas magician\n|move|p1a: vegas magician|Bulk Up|p1a: vegas magician|[from]move: Metronome\n|-boost|p1a: vegas magician|atk|1\n|-boost|p1a: vegas magician|def|1\n|\n|-heal|p1a: vegas magician|68\/100|[from] Grassy Terrain\n|-heal|p2a: Heatran|86\/100|[from] Grassy Terrain\n|-heal|p2a: Heatran|92\/100|[from] item: Leftovers\n|upkeep\n|turn|73\n|\n|t:|1700442972\n|move|p1a: vegas magician|Metronome|p1a: vegas magician\n|move|p1a: vegas magician|Flip Turn|p2a: Heatran|[from]move: Metronome\n|-supereffective|p2a: Heatran\n|-damage|p2a: Heatran|68\/100\n|-item|p1a: vegas magician|Leftovers|[from] ability: Magician|[of] p2a: Heatran\n|\n|t:|1700442978\n|switch|p1a: Weavile|Weavile, F|76\/100|[from] Flip Turn\n|-damage|p1a: Weavile|51\/100|[from] Stealth Rock\n|-ability|p1a: Weavile|Pressure\n|move|p2a: Heatran|Fire Spin|p1a: Weavile\n|-supereffective|p1a: Weavile\n|-damage|p1a: Weavile|8\/100\n|-activate|p1a: Weavile|move: Fire Spin|[of] p2a: Heatran\n|\n|-heal|p1a: Weavile|14\/100|[from] Grassy Terrain\n|-heal|p2a: Heatran|74\/100|[from] Grassy Terrain\n|-damage|p1a: Weavile|2\/100|[from] move: Fire Spin|[partiallytrapped]\n|-fieldend|move: Grassy Terrain\n|upkeep\n|turn|74\n|\n|t:|1700442986\n|move|p2a: Heatran|Protect|p2a: Heatran\n|-singleturn|p2a: Heatran|Protect\n|move|p1a: Weavile|Surf|p2a: Heatran\n|-activate|p2a: Heatran|move: Protect\n|\n|-damage|p1a: Weavile|0 fnt|[from] move: Fire Spin|[partiallytrapped]\n|faint|p1a: Weavile\n|upkeep\n|\n|t:|1700442991\n|switch|p1a: lose button|Hoopa|100\/100\n|-damage|p1a: lose button|88\/100|[from] Stealth Rock\n|turn|75\n|\n|t:|1700442996\n|switch|p2a: Decidueye|Decidueye-Hisui, F|100\/100\n|move|p1a: lose button|Drain Punch|p2a: Decidueye\n|-damage|p2a: Decidueye|79\/100\n|-heal|p1a: lose button|99\/100|[from] drain|[of] p2a: Decidueye\n|\n|-heal|p1a: lose button|100\/100|[from] item: Leftovers\n|upkeep\n|turn|76\n|\n|t:|1700443000\n|switch|p1a: vegas magician|Delphox, M|68\/100\n|-damage|p1a: vegas magician|43\/100|[from] Stealth Rock\n|move|p2a: Decidueye|Feather Dance|p1a: vegas magician\n|-unboost|p1a: vegas magician|atk|2\n|\n|-heal|p1a: vegas magician|49\/100|[from] item: Leftovers\n|upkeep\n|turn|77\n|\n|t:|1700443006\n|move|p1a: vegas magician|Metronome|p1a: vegas magician\n|move|p1a: vegas magician|Shift Gear|p1a: vegas magician|[from]move: Metronome\n|-boost|p1a: vegas magician|spe|2\n|-boost|p1a: vegas magician|atk|1\n|move|p2a: Decidueye|Grassy Terrain|p2a: Decidueye\n|-fieldstart|move: Grassy Terrain\n|\n|-heal|p1a: vegas magician|55\/100|[from] Grassy Terrain\n|-heal|p1a: vegas magician|61\/100|[from] item: Leftovers\n|-heal|p2a: Decidueye|85\/100|[from] Grassy Terrain\n|upkeep\n|turn|78\n|\n|t:|1700443014\n|move|p1a: vegas magician|Metronome|p1a: vegas magician\n|move|p1a: vegas magician|Hydro Cannon|p2a: Decidueye|[from]move: Metronome\n|-resisted|p2a: Decidueye\n|-damage|p2a: Decidueye|67\/100\n|-mustrecharge|p1a: vegas magician\n|move|p2a: Decidueye|Air Cutter|p1a: vegas magician\n|-damage|p1a: vegas magician|44\/100\n|\n|-heal|p1a: vegas magician|50\/100|[from] Grassy Terrain\n|-heal|p1a: vegas magician|57\/100|[from] item: Leftovers\n|-heal|p2a: Decidueye|73\/100|[from] Grassy Terrain\n|upkeep\n|turn|79\n|\n|t:|1700443020\n|cant|p1a: vegas magician|recharge\n|move|p2a: Decidueye|Air Cutter|p1a: vegas magician\n|-damage|p1a: vegas magician|41\/100\n|\n|-heal|p1a: vegas magician|47\/100|[from] Grassy Terrain\n|-heal|p1a: vegas magician|53\/100|[from] item: Leftovers\n|-heal|p2a: Decidueye|79\/100|[from] Grassy Terrain\n|upkeep\n|turn|80\n|\n|t:|1700443024\n|move|p1a: vegas magician|Hypnosis|p2a: Decidueye|[miss]\n|-miss|p1a: vegas magician|p2a: Decidueye\n|move|p2a: Decidueye|Air Cutter|p1a: vegas magician\n|-damage|p1a: vegas magician|39\/100\n|\n|-heal|p1a: vegas magician|45\/100|[from] Grassy Terrain\n|-heal|p1a: vegas magician|51\/100|[from] item: Leftovers\n|-heal|p2a: Decidueye|85\/100|[from] Grassy Terrain\n|upkeep\n|turn|81\n|\n|t:|1700443027\n|move|p1a: vegas magician|Hypnosis|p2a: Decidueye\n|-status|p2a: Decidueye|slp|[from] move: Hypnosis\n|cant|p2a: Decidueye|slp\n|\n|-heal|p1a: vegas magician|57\/100|[from] Grassy Terrain\n|-heal|p1a: vegas magician|64\/100|[from] item: Leftovers\n|-heal|p2a: Decidueye|91\/100 slp|[from] Grassy Terrain\n|-fieldend|move: Grassy Terrain\n|upkeep\n|turn|82\n|\n|t:|1700443030\n|move|p1a: vegas magician|Metronome|p1a: vegas magician\n|move|p1a: vegas magician|Stored Power|p2a: Decidueye|[from]move: Metronome\n|-supereffective|p2a: Decidueye\n|-damage|p2a: Decidueye|47\/100 slp\n|cant|p2a: Decidueye|slp\n|\n|-heal|p1a: vegas magician|70\/100|[from] item: Leftovers\n|upkeep\n|turn|83\n|\n|t:|1700443035\n|switch|p2a: Heatran|Heatran, F|74\/100\n|move|p1a: vegas magician|Copycat|p1a: vegas magician\n|move|p1a: vegas magician|Stored Power|p2a: Heatran|[from]move: Copycat\n|-resisted|p2a: Heatran\n|-damage|p2a: Heatran|60\/100\n|\n|-heal|p1a: vegas magician|76\/100|[from] item: Leftovers\n|upkeep\n|turn|84\n|\n|t:|1700443041\n|move|p1a: vegas magician|Metronome|p1a: vegas magician\n|move|p1a: vegas magician|Take Down|p2a: Heatran|[from]move: Metronome\n|-resisted|p2a: Heatran\n|-damage|p2a: Heatran|56\/100\n|-damage|p1a: vegas magician|74\/100|[from] Recoil\n|move|p2a: Heatran|Fire Spin|p1a: vegas magician\n|-resisted|p1a: vegas magician\n|-damage|p1a: vegas magician|66\/100\n|-activate|p1a: vegas magician|move: Fire Spin|[of] p2a: Heatran\n|\n|-heal|p1a: vegas magician|72\/100|[from] item: Leftovers\n|-damage|p1a: vegas magician|60\/100|[from] move: Fire Spin|[partiallytrapped]\n|upkeep\n|turn|85\n|\n|t:|1700443058\n|move|p1a: vegas magician|Copycat|p1a: vegas magician\n|move|p1a: vegas magician|Fire Spin|p2a: Heatran|[from]move: Copycat\n|-start|p2a: Heatran|ability: Flash Fire\n|move|p2a: Heatran|Will-O-Wisp|p1a: vegas magician\n|-immune|p1a: vegas magician\n|\n|-heal|p1a: vegas magician|66\/100|[from] item: Leftovers\n|-damage|p1a: vegas magician|54\/100|[from] move: Fire Spin|[partiallytrapped]\n|upkeep\n|turn|86\n|\n|t:|1700443064\n|move|p1a: vegas magician|Rest|p1a: vegas magician\n|-status|p1a: vegas magician|slp|[from] move: Rest\n|-heal|p1a: vegas magician|100\/100 slp|[silent]\n|move|p2a: Heatran|Fire Spin|p1a: vegas magician\n|-resisted|p1a: vegas magician\n|-damage|p1a: vegas magician|88\/100 slp\n|\n|-heal|p1a: vegas magician|94\/100 slp|[from] item: Leftovers\n|-damage|p1a: vegas magician|82\/100 slp|[from] move: Fire Spin|[partiallytrapped]\n|upkeep\n|turn|87\n|\n|t:|1700443068\n|-end|p2a: Heatran|ability: Flash Fire|[silent]\n|switch|p2a: Manaphy|Manaphy|74\/100\n|cant|p1a: vegas magician|slp\n|\n|-heal|p1a: vegas magician|88\/100 slp|[from] item: Leftovers\n|-end|p1a: vegas magician|Fire Spin|[partiallytrapped]|[silent]\n|upkeep\n|turn|88\n|\n|t:|1700443074\n|switch|p1a: Electrode|Electrode-Hisui|54\/100\n|-damage|p1a: Electrode|41\/100|[from] Stealth Rock\n|move|p2a: Manaphy|Whirlpool|p1a: Electrode\n|-resisted|p1a: Electrode\n|-damage|p1a: Electrode|33\/100\n|-activate|p1a: Electrode|move: Whirlpool|[of] p2a: Manaphy\n|\n|-damage|p1a: Electrode|21\/100|[from] move: Whirlpool|[partiallytrapped]\n|upkeep\n|turn|89\n|\n|t:|1700443083\n|move|p2a: Manaphy|Protect|p2a: Manaphy\n|-singleturn|p2a: Manaphy|Protect\n|move|p1a: Electrode|Grassy Terrain|p1a: Electrode\n|-fieldstart|move: Grassy Terrain\n|\n|-heal|p1a: Electrode|27\/100|[from] Grassy Terrain\n|-heal|p2a: Manaphy|80\/100|[from] Grassy Terrain\n|-damage|p1a: Electrode|14\/100|[from] move: Whirlpool|[partiallytrapped]\n|upkeep\n|turn|90\n|\n|t:|1700443089\n|switch|p2a: Decidueye|Decidueye-Hisui, F|47\/100 slp\n|move|p1a: Electrode|Leech Seed|p2a: Decidueye\n|-immune|p2a: Decidueye\n|\n|-heal|p1a: Electrode|21\/100|[from] Grassy Terrain\n|-heal|p2a: Decidueye|53\/100 slp|[from] Grassy Terrain\n|-end|p1a: Electrode|Whirlpool|[partiallytrapped]|[silent]\n|upkeep\n|turn|91\n|\n|t:|1700443106\n|move|p1a: Electrode|Grassy Glide|p2a: Decidueye\n|-resisted|p2a: Decidueye\n|-damage|p2a: Decidueye|46\/100 slp\n|cant|p2a: Decidueye|slp\n|\n|-heal|p1a: Electrode|27\/100|[from] Grassy Terrain\n|-heal|p2a: Decidueye|52\/100 slp|[from] Grassy Terrain\n|upkeep\n|turn|92\n|\n|t:|1700443114\n|switch|p1a: lose button|Hoopa|100\/100\n|-damage|p1a: lose button|88\/100|[from] Stealth Rock\n|-curestatus|p2a: Decidueye|slp|[msg]\n|move|p2a: Decidueye|Synthesis|p2a: Decidueye\n|-heal|p2a: Decidueye|100\/100\n|\n|-heal|p1a: lose button|94\/100|[from] Grassy Terrain\n|-heal|p1a: lose button|99\/100|[from] item: Leftovers\n|upkeep\n|turn|93\n|\n|t:|1700443121\n|move|p1a: lose button|Guard Split|p2a: Decidueye\n|-activate|p1a: lose button|move: Guard Split|[of] p2a: Decidueye\n|move|p2a: Decidueye|Air Cutter|p1a: lose button\n|-damage|p1a: lose button|90\/100\n|\n|-heal|p1a: lose button|96\/100|[from] Grassy Terrain\n|-heal|p1a: lose button|100\/100|[from] item: Leftovers\n|-fieldend|move: Grassy Terrain\n|upkeep\n|turn|94\n|\n|t:|1700443130\n|switch|p2a: Manaphy|Manaphy|80\/100\n|move|p1a: lose button|Phantom Force||[still]\n|-prepare|p1a: lose button|Phantom Force\n|\n|upkeep\n|turn|95\n|\n|t:|1700443134\n|move|p2a: Manaphy|Aqua Ring|p2a: Manaphy\n|-start|p2a: Manaphy|Aqua Ring\n|move|p1a: lose button|Phantom Force|p2a: Manaphy|[from]lockedmove\n|-damage|p2a: Manaphy|54\/100\n|\n|-heal|p2a: Manaphy|60\/100|[from] Aqua Ring\n|upkeep\n|turn|96\n|\n|t:|1700443139\n|move|p2a: Manaphy|Whirlpool|p1a: lose button\n|-damage|p1a: lose button|91\/100\n|-activate|p1a: lose button|move: Whirlpool|[of] p2a: Manaphy\n|move|p1a: lose button|Drain Punch|p2a: Manaphy\n|-damage|p2a: Manaphy|44\/100\n|-heal|p1a: lose button|100\/100|[from] drain|[of] p2a: Manaphy\n|\n|-heal|p2a: Manaphy|50\/100|[from] Aqua Ring\n|-damage|p1a: lose button|88\/100|[from] move: Whirlpool|[partiallytrapped]\n|upkeep\n|turn|97\n|\n|t:|1700443145\n|move|p2a: Manaphy|Protect|p2a: Manaphy\n|-singleturn|p2a: Manaphy|Protect\n|move|p1a: lose button|Drain Punch|p2a: Manaphy\n|-activate|p2a: Manaphy|move: Protect\n|\n|-heal|p1a: lose button|94\/100|[from] item: Leftovers\n|-heal|p2a: Manaphy|56\/100|[from] Aqua Ring\n|-damage|p1a: lose button|82\/100|[from] move: Whirlpool|[partiallytrapped]\n|upkeep\n|turn|98\n|\n|t:|1700443148\n|move|p2a: Manaphy|Protect|p2a: Manaphy\n|-singleturn|p2a: Manaphy|Protect\n|move|p1a: lose button|Drain Punch|p2a: Manaphy\n|-activate|p2a: Manaphy|move: Protect\n|\n|-heal|p1a: lose button|88\/100|[from] item: Leftovers\n|-heal|p2a: Manaphy|62\/100|[from] Aqua Ring\n|-damage|p1a: lose button|75\/100|[from] move: Whirlpool|[partiallytrapped]\n|upkeep\n|turn|99\n|\n|t:|1700443156\n|move|p2a: Manaphy|Whirlpool|p1a: lose button|[miss]\n|-miss|p2a: Manaphy|p1a: lose button\n|move|p1a: lose button|Drain Punch|p2a: Manaphy\n|-damage|p2a: Manaphy|47\/100\n|-heal|p1a: lose button|84\/100|[from] drain|[of] p2a: Manaphy\n|\n|-heal|p1a: lose button|90\/100|[from] item: Leftovers\n|-heal|p2a: Manaphy|53\/100|[from] Aqua Ring\n|-damage|p1a: lose button|78\/100|[from] move: Whirlpool|[partiallytrapped]\n|upkeep\n|turn|100\n|\n|t:|1700443160\n|move|p2a: Manaphy|Protect|p2a: Manaphy\n|-singleturn|p2a: Manaphy|Protect\n|move|p1a: lose button|Phantom Force||[still]\n|-prepare|p1a: lose button|Phantom Force\n|\n|-heal|p1a: lose button|84\/100|[from] item: Leftovers\n|-heal|p2a: Manaphy|59\/100|[from] Aqua Ring\n|-damage|p1a: lose button|72\/100|[from] move: Whirlpool|[partiallytrapped]\n|upkeep\n|turn|101\n|\n|t:|1700443162\n|move|p2a: Manaphy|Protect||[still]\n|-fail|p2a: Manaphy\n|move|p1a: lose button|Phantom Force|p2a: Manaphy|[from]lockedmove\n|-damage|p2a: Manaphy|32\/100\n|\n|-heal|p1a: lose button|78\/100|[from] item: Leftovers\n|-heal|p2a: Manaphy|38\/100|[from] Aqua Ring\n|-end|p1a: lose button|Whirlpool|[partiallytrapped]\n|upkeep\n|turn|102\n|\n|t:|1700443170\n|move|p2a: Manaphy|Whirlpool|p1a: lose button\n|-damage|p1a: lose button|69\/100\n|-activate|p1a: lose button|move: Whirlpool|[of] p2a: Manaphy\n|move|p1a: lose button|Drain Punch|p2a: Manaphy\n|-damage|p2a: Manaphy|22\/100\n|-heal|p1a: lose button|78\/100|[from] drain|[of] p2a: Manaphy\n|\n|-heal|p1a: lose button|84\/100|[from] item: Leftovers\n|-heal|p2a: Manaphy|28\/100|[from] Aqua Ring\n|-damage|p1a: lose button|72\/100|[from] move: Whirlpool|[partiallytrapped]\n|upkeep\n|turn|103\n|\n|t:|1700443176\n|move|p2a: Manaphy|Protect|p2a: Manaphy\n|-singleturn|p2a: Manaphy|Protect\n|move|p1a: lose button|Phantom Force||[still]\n|-prepare|p1a: lose button|Phantom Force\n|\n|-heal|p1a: lose button|78\/100|[from] item: Leftovers\n|-heal|p2a: Manaphy|34\/100|[from] Aqua Ring\n|-damage|p1a: lose button|65\/100|[from] move: Whirlpool|[partiallytrapped]\n|upkeep\n|turn|104\n|\n|t:|1700443178\n|move|p2a: Manaphy|Protect||[still]\n|-fail|p2a: Manaphy\n|move|p1a: lose button|Phantom Force|p2a: Manaphy|[from]lockedmove\n|-damage|p2a: Manaphy|7\/100\n|\n|-heal|p1a: lose button|71\/100|[from] item: Leftovers\n|-heal|p2a: Manaphy|13\/100|[from] Aqua Ring\n|-damage|p1a: lose button|59\/100|[from] move: Whirlpool|[partiallytrapped]\n|upkeep\n|turn|105\n|\n|t:|1700443183\n|move|p2a: Manaphy|Protect|p2a: Manaphy\n|-singleturn|p2a: Manaphy|Protect\n|move|p1a: lose button|Drain Punch|p2a: Manaphy\n|-activate|p2a: Manaphy|move: Protect\n|\n|-heal|p1a: lose button|65\/100|[from] item: Leftovers\n|-heal|p2a: Manaphy|20\/100|[from] Aqua Ring\n|-damage|p1a: lose button|53\/100|[from] move: Whirlpool|[partiallytrapped]\n|upkeep\n|turn|106\n|\n|t:|1700443186\n|move|p2a: Manaphy|Protect||[still]\n|-fail|p2a: Manaphy\n|move|p1a: lose button|Drain Punch|p2a: Manaphy\n|-damage|p2a: Manaphy|3\/100\n|-heal|p1a: lose button|62\/100|[from] drain|[of] p2a: Manaphy\n|\n|-heal|p1a: lose button|68\/100|[from] item: Leftovers\n|-heal|p2a: Manaphy|9\/100|[from] Aqua Ring\n|-end|p1a: lose button|Whirlpool|[partiallytrapped]\n|upkeep\n|turn|107\n|\n|t:|1700443190\n|move|p2a: Manaphy|Protect|p2a: Manaphy\n|-singleturn|p2a: Manaphy|Protect\n|move|p1a: lose button|Phantom Force||[still]\n|-prepare|p1a: lose button|Phantom Force\n|\n|-heal|p1a: lose button|74\/100|[from] item: Leftovers\n|-heal|p2a: Manaphy|15\/100|[from] Aqua Ring\n|upkeep\n|turn|108\n|\n|t:|1700443194\n|move|p2a: Manaphy|Protect|p2a: Manaphy\n|-singleturn|p2a: Manaphy|Protect\n|move|p1a: lose button|Phantom Force|p2a: Manaphy|[from]lockedmove\n|-activate|p2a: Manaphy|move: Phantom Force|[broken]\n|-damage|p2a: Manaphy|0 fnt\n|faint|p2a: Manaphy\n|\n|-heal|p1a: lose button|80\/100|[from] item: Leftovers\n|upkeep\n|\n|t:|1700443204\n|switch|p2a: Lycanroc|Lycanroc-Dusk, F|63\/100\n|turn|109\n|\n|t:|1700443208\n|move|p2a: Lycanroc|Snarl|p1a: lose button\n|-supereffective|p1a: lose button\n|-damage|p1a: lose button|29\/100\n|-unboost|p1a: lose button|spa|1\n|move|p1a: lose button|Drain Punch|p2a: Lycanroc\n|-supereffective|p2a: Lycanroc\n|-damage|p2a: Lycanroc|4\/100\n|-heal|p1a: lose button|52\/100|[from] drain|[of] p2a: Lycanroc\n|\n|-heal|p1a: lose button|58\/100|[from] item: Leftovers\n|upkeep\n|turn|110\n|\n|t:|1700443212\n|move|p2a: Lycanroc|Snarl|p1a: lose button\n|-supereffective|p1a: lose button\n|-damage|p1a: lose button|13\/100\n|-unboost|p1a: lose button|spa|1\n|move|p1a: lose button|Drain Punch|p2a: Lycanroc\n|-supereffective|p2a: Lycanroc\n|-damage|p2a: Lycanroc|0 fnt\n|-heal|p1a: lose button|15\/100|[from] drain|[of] p2a: Lycanroc\n|faint|p2a: Lycanroc\n|\n|-heal|p1a: lose button|21\/100|[from] item: Leftovers\n|upkeep\n|\n|t:|1700443224\n|switch|p2a: Decidueye|Decidueye-Hisui, F|100\/100\n|turn|111\n|\n|t:|1700443234\n|switch|p1a: vegas magician|Delphox, M|88\/100 slp\n|-damage|p1a: vegas magician|63\/100 slp|[from] Stealth Rock\n|move|p2a: Decidueye|Air Cutter|p1a: vegas magician\n|-crit|p1a: vegas magician\n|-damage|p1a: vegas magician|39\/100 slp\n|\n|-heal|p1a: vegas magician|45\/100 slp|[from] item: Leftovers\n|upkeep\n|turn|112\n|\n|t:|1700443240\n|cant|p1a: vegas magician|slp\n|move|p2a: Decidueye|Air Cutter|p1a: vegas magician\n|-damage|p1a: vegas magician|30\/100 slp\n|\n|-heal|p1a: vegas magician|36\/100 slp|[from] item: Leftovers\n|upkeep\n|turn|113\n|\n|t:|1700443244\n|-curestatus|p1a: vegas magician|slp|[msg]\n|move|p1a: vegas magician|Copycat|p1a: vegas magician\n|move|p1a: vegas magician|Air Cutter|p2a: Decidueye|[from]move: Copycat\n|-supereffective|p2a: Decidueye\n|-damage|p2a: Decidueye|42\/100\n|move|p2a: Decidueye|Air Cutter|p1a: vegas magician\n|-damage|p1a: vegas magician|21\/100\n|\n|-heal|p1a: vegas magician|27\/100|[from] item: Leftovers\n|upkeep\n|turn|114\n|\n|t:|1700443250\n|switch|p2a: Heatran|Heatran, F|56\/100\n|move|p1a: vegas magician|Copycat|p1a: vegas magician\n|move|p1a: vegas magician|Air Cutter|p2a: Heatran|[from]move: Copycat\n|-resisted|p2a: Heatran\n|-damage|p2a: Heatran|48\/100\n|\n|-heal|p1a: vegas magician|33\/100|[from] item: Leftovers\n|upkeep\n|turn|115\n|\n|t:|1700443257\n|switch|p1a: Electrode|Electrode-Hisui|27\/100\n|-damage|p1a: Electrode|14\/100|[from] Stealth Rock\n|move|p2a: Heatran|Fire Spin|p1a: Electrode\n|-supereffective|p1a: Electrode\n|-damage|p1a: Electrode|0 fnt\n|faint|p1a: Electrode\n|\n|upkeep\n|\n|t:|1700443261\n|switch|p1a: lose button|Hoopa|21\/100\n|-damage|p1a: lose button|8\/100|[from] Stealth Rock\n|turn|116\n|\n|t:|1700443265\n|switch|p2a: Decidueye|Decidueye-Hisui, F|42\/100\n|move|p1a: lose button|Drain Punch|p2a: Decidueye\n|-damage|p2a: Decidueye|22\/100\n|-heal|p1a: lose button|18\/100|[from] drain|[of] p2a: Decidueye\n|\n|-heal|p1a: lose button|24\/100|[from] item: Leftovers\n|upkeep\n|turn|117\n|\n|t:|1700443271\n|switch|p1a: vegas magician|Delphox, M|33\/100\n|-damage|p1a: vegas magician|8\/100|[from] Stealth Rock\n|move|p2a: Decidueye|Synthesis|p2a: Decidueye\n|-heal|p2a: Decidueye|72\/100\n|\n|-heal|p1a: vegas magician|14\/100|[from] item: Leftovers\n|upkeep\n|turn|118\n|\n|t:|1700443279\n|move|p1a: vegas magician|Rest|p1a: vegas magician\n|-status|p1a: vegas magician|slp|[from] move: Rest\n|-heal|p1a: vegas magician|100\/100 slp|[silent]\n|move|p2a: Decidueye|Air Cutter|p1a: vegas magician|[miss]\n|-miss|p2a: Decidueye|p1a: vegas magician\n|\n|upkeep\n|turn|119\n|\n|t:|1700443282\n|switch|p2a: Heatran|Heatran, F|48\/100\n|cant|p1a: vegas magician|slp\n|\n|upkeep\n|turn|120\n|\n|t:|1700443286\n|cant|p1a: vegas magician|slp\n|move|p2a: Heatran|Fire Spin|p1a: vegas magician\n|-resisted|p1a: vegas magician\n|-damage|p1a: vegas magician|92\/100 slp\n|-activate|p1a: vegas magician|move: Fire Spin|[of] p2a: Heatran\n|\n|-heal|p1a: vegas magician|98\/100 slp|[from] item: Leftovers\n|-damage|p1a: vegas magician|86\/100 slp|[from] move: Fire Spin|[partiallytrapped]\n|upkeep\n|turn|121\n|\n|t:|1700443292\n|-curestatus|p1a: vegas magician|slp|[msg]\n|move|p1a: vegas magician|Hypnosis|p2a: Heatran|[miss]\n|-miss|p1a: vegas magician|p2a: Heatran\n|move|p2a: Heatran|Stealth Rock||[still]\n|-fail|p2a: Heatran\n|\n|-heal|p1a: vegas magician|92\/100|[from] item: Leftovers\n|-damage|p1a: vegas magician|80\/100|[from] move: Fire Spin|[partiallytrapped]\n|upkeep\n|turn|122\n|\n|t:|1700443296\n|move|p1a: vegas magician|Hypnosis|p2a: Heatran\n|-status|p2a: Heatran|slp|[from] move: Hypnosis\n|cant|p2a: Heatran|slp\n|\n|-heal|p1a: vegas magician|86\/100|[from] item: Leftovers\n|-damage|p1a: vegas magician|74\/100|[from] move: Fire Spin|[partiallytrapped]\n|upkeep\n|turn|123\n|\n|t:|1700443302\n|move|p1a: vegas magician|Hypnosis|p2a: Heatran\n|-fail|p2a: Heatran|slp\n|cant|p2a: Heatran|slp\n|\n|-heal|p1a: vegas magician|80\/100|[from] item: Leftovers\n|-damage|p1a: vegas magician|68\/100|[from] move: Fire Spin|[partiallytrapped]\n|upkeep\n|turn|124\n|\n|t:|1700443310\n|move|p1a: vegas magician|Hypnosis|p2a: Heatran|[miss]\n|-miss|p1a: vegas magician|p2a: Heatran\n|-curestatus|p2a: Heatran|slp|[msg]\n|move|p2a: Heatran|Fire Spin|p1a: vegas magician\n|-resisted|p1a: vegas magician\n|-damage|p1a: vegas magician|58\/100\n|\n|-heal|p1a: vegas magician|65\/100|[from] item: Leftovers\n|-end|p1a: vegas magician|Fire Spin|[partiallytrapped]\n|upkeep\n|turn|125\n|\n|t:|1700443316\n|move|p1a: vegas magician|Hypnosis|p2a: Heatran|[miss]\n|-miss|p1a: vegas magician|p2a: Heatran\n|move|p2a: Heatran|Stealth Rock||[still]\n|-fail|p2a: Heatran\n|\n|-heal|p1a: vegas magician|71\/100|[from] item: Leftovers\n|upkeep\n|turn|126\n|\n|t:|1700443318\n|move|p1a: vegas magician|Hypnosis|p2a: Heatran|[miss]\n|-miss|p1a: vegas magician|p2a: Heatran\n|move|p2a: Heatran|Stealth Rock||[still]\n|-fail|p2a: Heatran\n|\n|-heal|p1a: vegas magician|77\/100|[from] item: Leftovers\n|upkeep\n|turn|127\n|\n|t:|1700443322\n|move|p1a: vegas magician|Hypnosis|p2a: Heatran\n|-status|p2a: Heatran|slp|[from] move: Hypnosis\n|cant|p2a: Heatran|slp\n|\n|-heal|p1a: vegas magician|83\/100|[from] item: Leftovers\n|upkeep\n|turn|128\n|\n|t:|1700443326\n|switch|p1a: lose button|Hoopa|24\/100\n|-damage|p1a: lose button|12\/100|[from] Stealth Rock\n|cant|p2a: Heatran|slp\n|\n|-heal|p1a: lose button|18\/100|[from] item: Leftovers\n|upkeep\n|turn|129\n|\n|t:|1700443331\n|switch|p2a: Decidueye|Decidueye-Hisui, F|72\/100\n|move|p1a: lose button|Drain Punch|p2a: Decidueye\n|-damage|p2a: Decidueye|51\/100\n|-heal|p1a: lose button|29\/100|[from] drain|[of] p2a: Decidueye\n|\n|-heal|p1a: lose button|35\/100|[from] item: Leftovers\n|upkeep\n|turn|130\n|\n|t:|1700443340\n|switch|p1a: vegas magician|Delphox, M|83\/100\n|-damage|p1a: vegas magician|58\/100|[from] Stealth Rock\n|move|p2a: Decidueye|Grassy Terrain|p2a: Decidueye\n|-fieldstart|move: Grassy Terrain\n|\n|-heal|p1a: vegas magician|64\/100|[from] Grassy Terrain\n|-heal|p1a: vegas magician|70\/100|[from] item: Leftovers\n|-heal|p2a: Decidueye|57\/100|[from] Grassy Terrain\n|upkeep\n|turn|131\n|\n|t:|1700443353\n|switch|p1a: dumb bird|Tornadus-Therian, M|100\/100\n|-damage|p1a: dumb bird|76\/100|[from] Stealth Rock\n|move|p2a: Decidueye|Feather Dance|p1a: dumb bird\n|-unboost|p1a: dumb bird|atk|2\n|\n|-heal|p1a: dumb bird|82\/100|[from] item: Leftovers\n|-heal|p2a: Decidueye|63\/100|[from] Grassy Terrain\n|upkeep\n|turn|132\n|\n|t:|1700443371\n|switch|p1a: vegas magician|Delphox, M|70\/100\n|-damage|p1a: vegas magician|45\/100|[from] Stealth Rock\n|switch|p2a: Heatran|Heatran, F|48\/100 slp\n|\n|-heal|p1a: vegas magician|52\/100|[from] Grassy Terrain\n|-heal|p1a: vegas magician|58\/100|[from] item: Leftovers\n|-heal|p2a: Heatran|54\/100 slp|[from] Grassy Terrain\n|upkeep\n|turn|133\n|\n|t:|1700443374\n|switch|p1a: lose button|Hoopa|35\/100\n|-damage|p1a: lose button|23\/100|[from] Stealth Rock\n|cant|p2a: Heatran|slp\n|\n|-heal|p2a: Heatran|60\/100 slp|[from] Grassy Terrain\n|-heal|p1a: lose button|29\/100|[from] Grassy Terrain\n|-heal|p1a: lose button|35\/100|[from] item: Leftovers\n|upkeep\n|turn|134\n|\n|t:|1700443382\n|-curestatus|p2a: Heatran|slp|[msg]\n|move|p2a: Heatran|Protect|p2a: Heatran\n|-singleturn|p2a: Heatran|Protect\n|move|p1a: lose button|Drain Punch|p2a: Heatran\n|-activate|p2a: Heatran|move: Protect\n|\n|-heal|p2a: Heatran|66\/100|[from] Grassy Terrain\n|-heal|p1a: lose button|41\/100|[from] Grassy Terrain\n|-heal|p1a: lose button|47\/100|[from] item: Leftovers\n|-fieldend|move: Grassy Terrain\n|upkeep\n|turn|135\n|\n|t:|1700443389\n|switch|p2a: Decidueye|Decidueye-Hisui, F|63\/100\n|move|p1a: lose button|Drain Punch|p2a: Decidueye\n|-damage|p2a: Decidueye|43\/100\n|-heal|p1a: lose button|57\/100|[from] drain|[of] p2a: Decidueye\n|\n|-heal|p1a: lose button|63\/100|[from] item: Leftovers\n|upkeep\n|turn|136\n|\n|t:|1700443391\n|move|p1a: lose button|Phantom Force||[still]\n|-prepare|p1a: lose button|Phantom Force\n|move|p2a: Decidueye|Synthesis|p2a: Decidueye\n|-heal|p2a: Decidueye|93\/100\n|\n|-heal|p1a: lose button|69\/100|[from] item: Leftovers\n|upkeep\n|turn|137\n|\n|t:|1700443394\n|move|p1a: lose button|Phantom Force|p2a: Decidueye|[from]lockedmove\n|-damage|p2a: Decidueye|54\/100\n|move|p2a: Decidueye|Air Cutter|p1a: lose button\n|-damage|p1a: lose button|60\/100\n|\n|-heal|p1a: lose button|66\/100|[from] item: Leftovers\n|upkeep\n|turn|138\n|\n|t:|1700443400\n|switch|p1a: vegas magician|Delphox, M|58\/100\n|-damage|p1a: vegas magician|33\/100|[from] Stealth Rock\n|move|p2a: Decidueye|Grassy Terrain|p2a: Decidueye\n|-fieldstart|move: Grassy Terrain\n|\n|-heal|p1a: vegas magician|39\/100|[from] Grassy Terrain\n|-heal|p1a: vegas magician|45\/100|[from] item: Leftovers\n|-heal|p2a: Decidueye|60\/100|[from] Grassy Terrain\n|upkeep\n|turn|139\n|\n|t:|1700443403\n|switch|p2a: Heatran|Heatran, F|66\/100\n|move|p1a: vegas magician|Hypnosis|p2a: Heatran\n|-status|p2a: Heatran|slp|[from] move: Hypnosis\n|\n|-heal|p1a: vegas magician|51\/100|[from] Grassy Terrain\n|-heal|p1a: vegas magician|57\/100|[from] item: Leftovers\n|-heal|p2a: Heatran|73\/100 slp|[from] Grassy Terrain\n|upkeep\n|turn|140\n|\n|t:|1700443413\n|switch|p1a: lose button|Hoopa|66\/100\n|-damage|p1a: lose button|54\/100|[from] Stealth Rock\n|cant|p2a: Heatran|slp\n|\n|-heal|p2a: Heatran|79\/100 slp|[from] Grassy Terrain\n|-heal|p1a: lose button|60\/100|[from] Grassy Terrain\n|-heal|p1a: lose button|66\/100|[from] item: Leftovers\n|upkeep\n|turn|141\n|\n|t:|1700443419\n|switch|p2a: Decidueye|Decidueye-Hisui, F|60\/100\n|switch|p1a: vegas magician|Delphox, M|57\/100\n|-damage|p1a: vegas magician|32\/100|[from] Stealth Rock\n|\n|-heal|p1a: vegas magician|39\/100|[from] Grassy Terrain\n|-heal|p1a: vegas magician|45\/100|[from] item: Leftovers\n|-heal|p2a: Decidueye|66\/100|[from] Grassy Terrain\n|upkeep\n|turn|142\n|\n|t:|1700443424\n|move|p1a: vegas magician|Copycat|p1a: vegas magician\n|move|p1a: vegas magician|Hypnosis|p2a: Decidueye|[from]move: Copycat\n|-message|Sleep Clause Mod activated.\n|-hint|Sleep Clause Mod prevents players from putting more than one of their opponent's Pok\u00e9mon to sleep at a time\n|move|p2a: Decidueye|Grassy Terrain||[still]\n|-fail|p2a: Decidueye\n|\n|-heal|p1a: vegas magician|51\/100|[from] Grassy Terrain\n|-heal|p1a: vegas magician|57\/100|[from] item: Leftovers\n|-heal|p2a: Decidueye|72\/100|[from] Grassy Terrain\n|-fieldend|move: Grassy Terrain\n|upkeep\n|turn|143\n|\n|t:|1700443428\n|move|p1a: vegas magician|Copycat|p1a: vegas magician\n|move|p1a: vegas magician|Grassy Terrain|p1a: vegas magician|[from]move: Copycat\n|-fieldstart|move: Grassy Terrain\n|move|p2a: Decidueye|Grassy Terrain||[still]\n|-fail|p2a: Decidueye\n|\n|-heal|p1a: vegas magician|63\/100|[from] Grassy Terrain\n|-heal|p1a: vegas magician|69\/100|[from] item: Leftovers\n|-heal|p2a: Decidueye|78\/100|[from] Grassy Terrain\n|upkeep\n|turn|144\n|\n|t:|1700443433\n|switch|p2a: Heatran|Heatran, F|79\/100 slp\n|move|p1a: vegas magician|Copycat|p1a: vegas magician\n|move|p1a: vegas magician|Grassy Terrain||[from]move: Copycat|[still]\n|-fail|p1a: vegas magician\n|\n|-heal|p1a: vegas magician|75\/100|[from] Grassy Terrain\n|-heal|p1a: vegas magician|82\/100|[from] item: Leftovers\n|-heal|p2a: Heatran|85\/100 slp|[from] Grassy Terrain\n|upkeep\n|turn|145\n|\n|t:|1700443436\n|switch|p1a: lose button|Hoopa|66\/100\n|-damage|p1a: lose button|54\/100|[from] Stealth Rock\n|cant|p2a: Heatran|slp\n|\n|-heal|p2a: Heatran|91\/100 slp|[from] Grassy Terrain\n|-heal|p1a: lose button|60\/100|[from] Grassy Terrain\n|-heal|p1a: lose button|66\/100|[from] item: Leftovers\n|upkeep\n|turn|146\n|\n|t:|1700443441\n|switch|p1a: vegas magician|Delphox, M|82\/100\n|-damage|p1a: vegas magician|57\/100|[from] Stealth Rock\n|-curestatus|p2a: Heatran|slp|[msg]\n|move|p2a: Heatran|Protect||[still]\n|-fail|p2a: Heatran\n|\n|-heal|p1a: vegas magician|63\/100|[from] Grassy Terrain\n|-heal|p1a: vegas magician|69\/100|[from] item: Leftovers\n|-heal|p2a: Heatran|97\/100|[from] Grassy Terrain\n|upkeep\n|turn|147\n|\n|t:|1700443446\n|move|p1a: vegas magician|Hypnosis|p2a: Heatran|[miss]\n|-miss|p1a: vegas magician|p2a: Heatran\n|move|p2a: Heatran|Fire Spin|p1a: vegas magician\n|-resisted|p1a: vegas magician\n|-damage|p1a: vegas magician|60\/100\n|-activate|p1a: vegas magician|move: Fire Spin|[of] p2a: Heatran\n|\n|-heal|p1a: vegas magician|67\/100|[from] Grassy Terrain\n|-heal|p1a: vegas magician|73\/100|[from] item: Leftovers\n|-heal|p2a: Heatran|100\/100|[from] Grassy Terrain\n|-damage|p1a: vegas magician|60\/100|[from] move: Fire Spin|[partiallytrapped]\n|-fieldend|move: Grassy Terrain\n|upkeep\n|turn|148\n|\n|t:|1700443452\n|move|p1a: vegas magician|Hypnosis|p2a: Heatran\n|-status|p2a: Heatran|slp|[from] move: Hypnosis\n|cant|p2a: Heatran|slp\n|\n|-heal|p1a: vegas magician|67\/100|[from] item: Leftovers\n|-damage|p1a: vegas magician|54\/100|[from] move: Fire Spin|[partiallytrapped]\n|upkeep\n|turn|149\n|\n|t:|1700443455\n|move|p1a: vegas magician|Hypnosis|p2a: Heatran|[miss]\n|-miss|p1a: vegas magician|p2a: Heatran\n|cant|p2a: Heatran|slp\n|\n|-heal|p1a: vegas magician|60\/100|[from] item: Leftovers\n|-damage|p1a: vegas magician|48\/100|[from] move: Fire Spin|[partiallytrapped]\n|upkeep\n|turn|150\n|\n|t:|1700443457\n|move|p1a: vegas magician|Hypnosis|p2a: Heatran\n|-fail|p2a: Heatran|slp\n|cant|p2a: Heatran|slp\n|\n|-heal|p1a: vegas magician|54\/100|[from] item: Leftovers\n|-damage|p1a: vegas magician|42\/100|[from] move: Fire Spin|[partiallytrapped]\n|upkeep\n|turn|151\n|\n|t:|1700443462\n|move|p1a: vegas magician|Rest|p1a: vegas magician\n|-status|p1a: vegas magician|slp|[from] move: Rest\n|-heal|p1a: vegas magician|100\/100 slp|[silent]\n|-curestatus|p2a: Heatran|slp|[msg]\n|move|p2a: Heatran|Will-O-Wisp|p1a: vegas magician|[miss]\n|-miss|p2a: Heatran|p1a: vegas magician\n|\n|-damage|p1a: vegas magician|88\/100 slp|[from] move: Fire Spin|[partiallytrapped]\n|upkeep\n|turn|152\n|\n|t:|1700443472\n|cant|p1a: vegas magician|slp\n|move|p2a: Heatran|Stealth Rock||[still]\n|-fail|p2a: Heatran\n|\n|-heal|p1a: vegas magician|94\/100 slp|[from] item: Leftovers\n|-end|p1a: vegas magician|Fire Spin|[partiallytrapped]\n|upkeep\n|turn|153\n|\n|t:|1700443481\n|cant|p1a: vegas magician|slp\n|move|p2a: Heatran|Fire Spin|p1a: vegas magician\n|-resisted|p1a: vegas magician\n|-damage|p1a: vegas magician|86\/100 slp\n|-activate|p1a: vegas magician|move: Fire Spin|[of] p2a: Heatran\n|\n|-heal|p1a: vegas magician|92\/100 slp|[from] item: Leftovers\n|-damage|p1a: vegas magician|80\/100 slp|[from] move: Fire Spin|[partiallytrapped]\n|upkeep\n|turn|154\n|\n|t:|1700443491\n|-curestatus|p1a: vegas magician|slp|[msg]\n|move|p1a: vegas magician|Hypnosis|p2a: Heatran\n|-status|p2a: Heatran|slp|[from] move: Hypnosis\n|cant|p2a: Heatran|slp\n|\n|-heal|p1a: vegas magician|86\/100|[from] item: Leftovers\n|-damage|p1a: vegas magician|73\/100|[from] move: Fire Spin|[partiallytrapped]\n|upkeep\n|turn|155\n|\n|t:|1700443500\n|move|p1a: vegas magician|Rest|p1a: vegas magician\n|-status|p1a: vegas magician|slp|[from] move: Rest\n|-heal|p1a: vegas magician|100\/100 slp|[silent]\n|cant|p2a: Heatran|slp\n|\n|-damage|p1a: vegas magician|88\/100 slp|[from] move: Fire Spin|[partiallytrapped]\n|upkeep\n|turn|156\n|\n|t:|1700443513\n|cant|p1a: vegas magician|slp\n|-curestatus|p2a: Heatran|slp|[msg]\n|move|p2a: Heatran|Fire Spin|p1a: vegas magician|[miss]\n|-miss|p2a: Heatran|p1a: vegas magician\n|\n|-heal|p1a: vegas magician|94\/100 slp|[from] item: Leftovers\n|-damage|p1a: vegas magician|82\/100 slp|[from] move: Fire Spin|[partiallytrapped]\n|upkeep\n|turn|157\n|c|\u2606ajpjlm|bro kept stealing my apples\n|\n|t:|1700443524\n|cant|p1a: vegas magician|slp\n|move|p2a: Heatran|Fire Spin|p1a: vegas magician\n|-resisted|p1a: vegas magician\n|-crit|p1a: vegas magician\n|-damage|p1a: vegas magician|68\/100 slp\n|\n|-heal|p1a: vegas magician|74\/100 slp|[from] item: Leftovers\n|-damage|p1a: vegas magician|61\/100 slp|[from] move: Fire Spin|[partiallytrapped]\n|upkeep\n|turn|158\n|\n|t:|1700443532\n|-curestatus|p1a: vegas magician|slp|[msg]\n|move|p1a: vegas magician|Rest|p1a: vegas magician\n|-status|p1a: vegas magician|slp|[from] move: Rest\n|-heal|p1a: vegas magician|100\/100 slp|[silent]\n|move|p2a: Heatran|Stealth Rock||[still]\n|-fail|p2a: Heatran\n|\n|-end|p1a: vegas magician|Fire Spin|[partiallytrapped]\n|upkeep\n|turn|159\n|\n|t:|1700443536\n|switch|p2a: Decidueye|Decidueye-Hisui, F|78\/100\n|cant|p1a: vegas magician|slp\n|\n|upkeep\n|turn|160\n|\n|t:|1700443544\n|cant|p1a: vegas magician|slp\n|move|p2a: Decidueye|Air Cutter|p1a: vegas magician\n|-damage|p1a: vegas magician|84\/100 slp\n|\n|-heal|p1a: vegas magician|91\/100 slp|[from] item: Leftovers\n|upkeep\n|turn|161\n|\n|t:|1700443549\n|switch|p2a: Heatran|Heatran, F|100\/100\n|-curestatus|p1a: vegas magician|slp|[msg]\n|move|p1a: vegas magician|Copycat|p1a: vegas magician\n|move|p1a: vegas magician|Air Cutter|p2a: Heatran|[from]move: Copycat\n|-resisted|p2a: Heatran\n|-damage|p2a: Heatran|92\/100\n|\n|-heal|p1a: vegas magician|97\/100|[from] item: Leftovers\n|upkeep\n|turn|162\n|\n|t:|1700443555\n|move|p1a: vegas magician|Copycat|p1a: vegas magician\n|move|p1a: vegas magician|Air Cutter|p2a: Heatran|[from]move: Copycat\n|-resisted|p2a: Heatran\n|-damage|p2a: Heatran|83\/100\n|move|p2a: Heatran|Fire Spin|p1a: vegas magician\n|-resisted|p1a: vegas magician\n|-damage|p1a: vegas magician|89\/100\n|-activate|p1a: vegas magician|move: Fire Spin|[of] p2a: Heatran\n|\n|-heal|p1a: vegas magician|95\/100|[from] item: Leftovers\n|-damage|p1a: vegas magician|82\/100|[from] move: Fire Spin|[partiallytrapped]\n|upkeep\n|turn|163\n|\n|t:|1700443561\n|move|p1a: vegas magician|Copycat|p1a: vegas magician\n|move|p1a: vegas magician|Fire Spin|p2a: Heatran|[from]move: Copycat\n|-start|p2a: Heatran|ability: Flash Fire\n|move|p2a: Heatran|Stealth Rock||[still]\n|-fail|p2a: Heatran\n|\n|-heal|p1a: vegas magician|89\/100|[from] item: Leftovers\n|-damage|p1a: vegas magician|76\/100|[from] move: Fire Spin|[partiallytrapped]\n|upkeep\n|turn|164\n|\n|t:|1700443570\n|move|p2a: Heatran|Protect|p2a: Heatran\n|-singleturn|p2a: Heatran|Protect\n|move|p1a: vegas magician|Hypnosis|p2a: Heatran\n|-activate|p2a: Heatran|move: Protect\n|\n|-heal|p1a: vegas magician|82\/100|[from] item: Leftovers\n|-damage|p1a: vegas magician|70\/100|[from] move: Fire Spin|[partiallytrapped]\n|upkeep\n|turn|165\n|\n|t:|1700443575\n|move|p1a: vegas magician|Hypnosis|p2a: Heatran\n|-status|p2a: Heatran|slp|[from] move: Hypnosis\n|cant|p2a: Heatran|slp\n|\n|-heal|p1a: vegas magician|76\/100|[from] item: Leftovers\n|-damage|p1a: vegas magician|64\/100|[from] move: Fire Spin|[partiallytrapped]\n|upkeep\n|turn|166\n|\n|t:|1700443583\n|move|p1a: vegas magician|Copycat|p1a: vegas magician\n|move|p1a: vegas magician|Hypnosis|p2a: Heatran|[from]move: Copycat\n|-fail|p2a: Heatran|slp\n|cant|p2a: Heatran|slp\n|\n|-heal|p1a: vegas magician|70\/100|[from] item: Leftovers\n|-damage|p1a: vegas magician|58\/100|[from] move: Fire Spin|[partiallytrapped]\n|upkeep\n|turn|167\n|\n|t:|1700443586\n|move|p1a: vegas magician|Copycat|p1a: vegas magician\n|move|p1a: vegas magician|Hypnosis|p2a: Heatran|[from]move: Copycat|[miss]\n|-miss|p1a: vegas magician|p2a: Heatran\n|cant|p2a: Heatran|slp\n|\n|-heal|p1a: vegas magician|64\/100|[from] item: Leftovers\n|-end|p1a: vegas magician|Fire Spin|[partiallytrapped]\n|upkeep\n|turn|168\n|\n|t:|1700443588\n|switch|p1a: lose button|Hoopa|66\/100\n|-damage|p1a: lose button|53\/100|[from] Stealth Rock\n|-curestatus|p2a: Heatran|slp|[msg]\n|move|p2a: Heatran|Will-O-Wisp|p1a: lose button\n|-status|p1a: lose button|brn\n|\n|-heal|p1a: lose button|59\/100 brn|[from] item: Leftovers\n|-damage|p1a: lose button|53\/100 brn|[from] brn\n|upkeep\n|turn|169\n|\n|t:|1700443596\n|move|p2a: Heatran|Fire Spin|p1a: lose button|[miss]\n|-miss|p2a: Heatran|p1a: lose button\n|move|p1a: lose button|Drain Punch|p2a: Heatran\n|-supereffective|p2a: Heatran\n|-damage|p2a: Heatran|66\/100\n|-heal|p1a: lose button|62\/100 brn|[from] drain|[of] p2a: Heatran\n|\n|-heal|p1a: lose button|68\/100 brn|[from] item: Leftovers\n|-damage|p1a: lose button|62\/100 brn|[from] brn\n|upkeep\n|turn|170\n|\n|t:|1700443599\n|move|p2a: Heatran|Fire Spin|p1a: lose button\n|-damage|p1a: lose button|46\/100 brn\n|-activate|p1a: lose button|move: Fire Spin|[of] p2a: Heatran\n|move|p1a: lose button|Phantom Force||[still]\n|-prepare|p1a: lose button|Phantom Force\n|\n|-heal|p1a: lose button|52\/100 brn|[from] item: Leftovers\n|-damage|p1a: lose button|46\/100 brn|[from] brn\n|-damage|p1a: lose button|33\/100 brn|[from] move: Fire Spin|[partiallytrapped]\n|upkeep\n|turn|171\n|\n|t:|1700443604\n|move|p2a: Heatran|Protect|p2a: Heatran\n|-singleturn|p2a: Heatran|Protect\n|move|p1a: lose button|Phantom Force|p2a: Heatran|[from]lockedmove\n|-activate|p2a: Heatran|move: Phantom Force|[broken]\n|-damage|p2a: Heatran|53\/100\n|\n|-heal|p1a: lose button|39\/100 brn|[from] item: Leftovers\n|-damage|p1a: lose button|33\/100 brn|[from] brn\n|-damage|p1a: lose button|21\/100 brn|[from] move: Fire Spin|[partiallytrapped]\n|upkeep\n|turn|172\n|c|\u2606ajpjlm|flash fire coming through\n|\n|t:|1700443618\n|move|p2a: Heatran|Fire Spin|p1a: lose button\n|-damage|p1a: lose button|4\/100 brn\n|move|p1a: lose button|Phantom Force||[still]\n|-prepare|p1a: lose button|Phantom Force\n|\n|-heal|p1a: lose button|10\/100 brn|[from] item: Leftovers\n|-damage|p1a: lose button|4\/100 brn|[from] brn\n|-damage|p1a: lose button|0 fnt|[from] move: Fire Spin|[partiallytrapped]\n|faint|p1a: lose button\n|upkeep\n|\n|t:|1700443621\n|switch|p1a: vegas magician|Delphox, M|64\/100\n|-damage|p1a: vegas magician|39\/100|[from] Stealth Rock\n|turn|173\n|\n|t:|1700443626\n|move|p1a: vegas magician|Hypnosis|p2a: Heatran\n|-status|p2a: Heatran|slp|[from] move: Hypnosis\n|cant|p2a: Heatran|slp\n|\n|-heal|p1a: vegas magician|45\/100|[from] item: Leftovers\n|upkeep\n|turn|174\n|\n|t:|1700443630\n|move|p1a: vegas magician|Rest|p1a: vegas magician\n|-status|p1a: vegas magician|slp|[from] move: Rest\n|-heal|p1a: vegas magician|100\/100 slp|[silent]\n|cant|p2a: Heatran|slp\n|\n|upkeep\n|turn|175\n|\n|t:|1700443633\n|-end|p2a: Heatran|ability: Flash Fire|[silent]\n|switch|p2a: Decidueye|Decidueye-Hisui, F|78\/100\n|cant|p1a: vegas magician|slp\n|\n|upkeep\n|turn|176\n|\n|t:|1700443637\n|cant|p1a: vegas magician|slp\n|move|p2a: Decidueye|Grassy Terrain|p2a: Decidueye\n|-fieldstart|move: Grassy Terrain\n|\n|-heal|p2a: Decidueye|84\/100|[from] Grassy Terrain\n|upkeep\n|turn|177\n|\n|t:|1700443644\n|switch|p2a: Heatran|Heatran, F|53\/100 slp\n|-curestatus|p1a: vegas magician|slp|[msg]\n|move|p1a: vegas magician|Copycat|p1a: vegas magician\n|move|p1a: vegas magician|Grassy Terrain||[from]move: Copycat|[still]\n|-fail|p1a: vegas magician\n|\n|-heal|p2a: Heatran|59\/100 slp|[from] Grassy Terrain\n|upkeep\n|turn|178\n|\n|t:|1700443654\n|move|p1a: vegas magician|Hypnosis|p2a: Heatran|[miss]\n|-miss|p1a: vegas magician|p2a: Heatran\n|-curestatus|p2a: Heatran|slp|[msg]\n|move|p2a: Heatran|Fire Spin|p1a: vegas magician\n|-resisted|p1a: vegas magician\n|-damage|p1a: vegas magician|92\/100\n|-activate|p1a: vegas magician|move: Fire Spin|[of] p2a: Heatran\n|\n|-heal|p1a: vegas magician|98\/100|[from] Grassy Terrain\n|-heal|p1a: vegas magician|100\/100|[from] item: Leftovers\n|-heal|p2a: Heatran|65\/100|[from] Grassy Terrain\n|-damage|p1a: vegas magician|88\/100|[from] move: Fire Spin|[partiallytrapped]\n|upkeep\n|turn|179\n|\n|t:|1700443661\n|move|p2a: Heatran|Protect|p2a: Heatran\n|-singleturn|p2a: Heatran|Protect\n|move|p1a: vegas magician|Hypnosis|p2a: Heatran\n|-activate|p2a: Heatran|move: Protect\n|\n|-heal|p1a: vegas magician|94\/100|[from] Grassy Terrain\n|-heal|p1a: vegas magician|100\/100|[from] item: Leftovers\n|-heal|p2a: Heatran|71\/100|[from] Grassy Terrain\n|-damage|p1a: vegas magician|88\/100|[from] move: Fire Spin|[partiallytrapped]\n|upkeep\n|turn|180\n|\n|t:|1700443681\n|move|p2a: Heatran|Protect||[still]\n|-fail|p2a: Heatran\n|move|p1a: vegas magician|Hypnosis|p2a: Heatran\n|-status|p2a: Heatran|slp|[from] move: Hypnosis\n|\n|-heal|p1a: vegas magician|94\/100|[from] Grassy Terrain\n|-heal|p1a: vegas magician|100\/100|[from] item: Leftovers\n|-heal|p2a: Heatran|77\/100 slp|[from] Grassy Terrain\n|-damage|p1a: vegas magician|88\/100|[from] move: Fire Spin|[partiallytrapped]\n|-fieldend|move: Grassy Terrain\n|upkeep\n|turn|181\n|\n|t:|1700443697\n|cant|p2a: Heatran|slp\n|move|p1a: vegas magician|Hypnosis|p2a: Heatran\n|-fail|p2a: Heatran|slp\n|\n|-heal|p1a: vegas magician|94\/100|[from] item: Leftovers\n|-damage|p1a: vegas magician|82\/100|[from] move: Fire Spin|[partiallytrapped]\n|upkeep\n|turn|182\n|\n|t:|1700443704\n|cant|p2a: Heatran|slp\n|move|p1a: vegas magician|Copycat|p1a: vegas magician\n|move|p1a: vegas magician|Hypnosis|p2a: Heatran|[from]move: Copycat|[miss]\n|-miss|p1a: vegas magician|p2a: Heatran\n|\n|-heal|p1a: vegas magician|88\/100|[from] item: Leftovers\n|-damage|p1a: vegas magician|76\/100|[from] move: Fire Spin|[partiallytrapped]\n|upkeep\n|turn|183\n|\n|t:|1700443708\n|cant|p2a: Heatran|slp\n|move|p1a: vegas magician|Copycat|p1a: vegas magician\n|move|p1a: vegas magician|Hypnosis|p2a: Heatran|[from]move: Copycat\n|-fail|p2a: Heatran|slp\n|\n|-heal|p1a: vegas magician|82\/100|[from] item: Leftovers\n|-end|p1a: vegas magician|Fire Spin|[partiallytrapped]\n|upkeep\n|turn|184\n|\n|t:|1700443724\n|-curestatus|p2a: Heatran|slp|[msg]\n|move|p2a: Heatran|Protect|p2a: Heatran\n|-singleturn|p2a: Heatran|Protect\n|move|p1a: vegas magician|Copycat||[still]\n|-fail|p1a: vegas magician\n|\n|-heal|p1a: vegas magician|88\/100|[from] item: Leftovers\n|upkeep\n|turn|185\n|\n|t:|1700443732\n|move|p1a: vegas magician|Hypnosis|p2a: Heatran\n|-status|p2a: Heatran|slp|[from] move: Hypnosis\n|cant|p2a: Heatran|slp\n|\n|-heal|p1a: vegas magician|94\/100|[from] item: Leftovers\n|upkeep\n|turn|186\n|\n|t:|1700443737\n|move|p1a: vegas magician|Copycat|p1a: vegas magician\n|move|p1a: vegas magician|Hypnosis|p2a: Heatran|[from]move: Copycat\n|-fail|p2a: Heatran|slp\n|cant|p2a: Heatran|slp\n|\n|-heal|p1a: vegas magician|100\/100|[from] item: Leftovers\n|upkeep\n|turn|187\n|\n|t:|1700443740\n|move|p1a: vegas magician|Rest|p1a: vegas magician\n|-fail|p1a: vegas magician|heal\n|cant|p2a: Heatran|slp\n|\n|upkeep\n|turn|188\n|\n|t:|1700443748\n|move|p1a: vegas magician|Copycat|p1a: vegas magician\n|move|p1a: vegas magician|Rest|p1a: vegas magician|[from]move: Copycat\n|-fail|p1a: vegas magician|heal\n|-curestatus|p2a: Heatran|slp|[msg]\n|move|p2a: Heatran|Fire Spin|p1a: vegas magician|[miss]\n|-miss|p2a: Heatran|p1a: vegas magician\n|\n|upkeep\n|turn|189\n|\n|t:|1700443753\n|move|p1a: vegas magician|Hypnosis|p2a: Heatran\n|-status|p2a: Heatran|slp|[from] move: Hypnosis\n|cant|p2a: Heatran|slp\n|\n|upkeep\n|turn|190\n|\n|t:|1700443758\n|move|p1a: vegas magician|Hypnosis|p2a: Heatran\n|-fail|p2a: Heatran|slp\n|-curestatus|p2a: Heatran|slp|[msg]\n|move|p2a: Heatran|Fire Spin|p1a: vegas magician\n|-resisted|p1a: vegas magician\n|-damage|p1a: vegas magician|92\/100\n|-activate|p1a: vegas magician|move: Fire Spin|[of] p2a: Heatran\n|\n|-heal|p1a: vegas magician|98\/100|[from] item: Leftovers\n|-damage|p1a: vegas magician|86\/100|[from] move: Fire Spin|[partiallytrapped]\n|upkeep\n|turn|191\n|\n|t:|1700443768\n|move|p1a: vegas magician|Copycat|p1a: vegas magician\n|move|p1a: vegas magician|Fire Spin|p2a: Heatran|[from]move: Copycat\n|-start|p2a: Heatran|ability: Flash Fire\n|move|p2a: Heatran|Will-O-Wisp|p1a: vegas magician\n|-immune|p1a: vegas magician\n|\n|-heal|p1a: vegas magician|92\/100|[from] item: Leftovers\n|-damage|p1a: vegas magician|80\/100|[from] move: Fire Spin|[partiallytrapped]\n|upkeep\n|turn|192\n|\n|t:|1700443774\n|move|p1a: vegas magician|Copycat|p1a: vegas magician\n|move|p1a: vegas magician|Will-O-Wisp|p2a: Heatran|[from]move: Copycat\n|-immune|p2a: Heatran|[from] ability: Flash Fire\n|move|p2a: Heatran|Will-O-Wisp|p1a: vegas magician\n|-immune|p1a: vegas magician\n|\n|-heal|p1a: vegas magician|86\/100|[from] item: Leftovers\n|-damage|p1a: vegas magician|74\/100|[from] move: Fire Spin|[partiallytrapped]\n|upkeep\n|turn|193\n|\n|t:|1700443780\n|move|p1a: vegas magician|Copycat|p1a: vegas magician\n|move|p1a: vegas magician|Will-O-Wisp|p2a: Heatran|[from]move: Copycat\n|-immune|p2a: Heatran|[from] ability: Flash Fire\n|move|p2a: Heatran|Will-O-Wisp|p1a: vegas magician\n|-immune|p1a: vegas magician\n|\n|-heal|p1a: vegas magician|80\/100|[from] item: Leftovers\n|-damage|p1a: vegas magician|68\/100|[from] move: Fire Spin|[partiallytrapped]\n|upkeep\n|turn|194\n|\n|t:|1700443786\n|move|p1a: vegas magician|Copycat|p1a: vegas magician\n|move|p1a: vegas magician|Will-O-Wisp|p2a: Heatran|[from]move: Copycat\n|-immune|p2a: Heatran|[from] ability: Flash Fire\n|move|p2a: Heatran|Will-O-Wisp|p1a: vegas magician\n|-immune|p1a: vegas magician\n|\n|-heal|p1a: vegas magician|74\/100|[from] item: Leftovers\n|-end|p1a: vegas magician|Fire Spin|[partiallytrapped]\n|upkeep\n|turn|195\n|\n|t:|1700443792\n|move|p1a: vegas magician|Copycat|p1a: vegas magician\n|move|p1a: vegas magician|Will-O-Wisp|p2a: Heatran|[from]move: Copycat\n|-immune|p2a: Heatran|[from] ability: Flash Fire\n|move|p2a: Heatran|Will-O-Wisp|p1a: vegas magician\n|-immune|p1a: vegas magician\n|\n|-heal|p1a: vegas magician|80\/100|[from] item: Leftovers\n|upkeep\n|turn|196\n|\n|t:|1700443805\n|move|p1a: vegas magician|Copycat|p1a: vegas magician\n|move|p1a: vegas magician|Will-O-Wisp|p2a: Heatran|[from]move: Copycat\n|-immune|p2a: Heatran|[from] ability: Flash Fire\n|move|p2a: Heatran|Will-O-Wisp|p1a: vegas magician\n|-immune|p1a: vegas magician\n|\n|-heal|p1a: vegas magician|86\/100|[from] item: Leftovers\n|upkeep\n|turn|197\n|\n|t:|1700443810\n|move|p2a: Heatran|Protect|p2a: Heatran\n|-singleturn|p2a: Heatran|Protect\n|move|p1a: vegas magician|Copycat||[still]\n|-fail|p1a: vegas magician\n|\n|-heal|p1a: vegas magician|92\/100|[from] item: Leftovers\n|upkeep\n|turn|198\n|\n|t:|1700443813\n|-end|p2a: Heatran|ability: Flash Fire|[silent]\n|switch|p2a: Decidueye|Decidueye-Hisui, F|84\/100\n|move|p1a: vegas magician|Copycat||[still]\n|-fail|p1a: vegas magician\n|\n|-heal|p1a: vegas magician|98\/100|[from] item: Leftovers\n|upkeep\n|turn|199\n|\n|t:|1700443815\n|move|p1a: vegas magician|Copycat||[still]\n|-fail|p1a: vegas magician\n|move|p2a: Decidueye|Grassy Terrain|p2a: Decidueye\n|-fieldstart|move: Grassy Terrain\n|\n|-heal|p1a: vegas magician|100\/100|[from] Grassy Terrain\n|-heal|p2a: Decidueye|90\/100|[from] Grassy Terrain\n|upkeep\n|turn|200\n|\n|t:|1700443822\n|move|p1a: vegas magician|Copycat|p1a: vegas magician\n|move|p1a: vegas magician|Grassy Terrain||[from]move: Copycat|[still]\n|-fail|p1a: vegas magician\n|move|p2a: Decidueye|Feather Dance|p1a: vegas magician\n|-unboost|p1a: vegas magician|atk|2\n|\n|-heal|p2a: Decidueye|96\/100|[from] Grassy Terrain\n|upkeep\n|turn|201\n|\n|t:|1700443824\n|move|p1a: vegas magician|Copycat|p1a: vegas magician\n|move|p1a: vegas magician|Feather Dance|p2a: Decidueye|[from]move: Copycat\n|-unboost|p2a: Decidueye|atk|2\n|move|p2a: Decidueye|Feather Dance|p1a: vegas magician\n|-unboost|p1a: vegas magician|atk|2\n|\n|-heal|p2a: Decidueye|100\/100|[from] Grassy Terrain\n|upkeep\n|turn|202\n|\n|t:|1700443827\n|move|p1a: vegas magician|Copycat|p1a: vegas magician\n|move|p1a: vegas magician|Feather Dance|p2a: Decidueye|[from]move: Copycat\n|-unboost|p2a: Decidueye|atk|2\n|move|p2a: Decidueye|Feather Dance|p1a: vegas magician\n|-unboost|p1a: vegas magician|atk|2\n|\n|upkeep\n|turn|203\n|\n|t:|1700443831\n|switch|p2a: Heatran|Heatran, F|77\/100\n|move|p1a: vegas magician|Hypnosis|p2a: Heatran\n|-status|p2a: Heatran|slp|[from] move: Hypnosis\n|\n|-heal|p2a: Heatran|84\/100 slp|[from] Grassy Terrain\n|-fieldend|move: Grassy Terrain\n|upkeep\n|turn|204\n|\n|t:|1700443833\n|move|p1a: vegas magician|Hypnosis|p2a: Heatran\n|-fail|p2a: Heatran|slp\n|cant|p2a: Heatran|slp\n|\n|upkeep\n|turn|205\n|\n|t:|1700443836\n|-activate|p1a: vegas magician|move: Struggle\n|move|p1a: vegas magician|Struggle|p2a: Heatran\n|-damage|p2a: Heatran|82\/100 slp\n|-damage|p1a: vegas magician|75\/100|[from] recoil\n|cant|p2a: Heatran|slp\n|\n|-heal|p1a: vegas magician|82\/100|[from] item: Leftovers\n|upkeep\n|turn|206\n|\n|t:|1700443840\n|-activate|p1a: vegas magician|move: Struggle\n|move|p1a: vegas magician|Struggle|p2a: Heatran\n|-damage|p2a: Heatran|80\/100 slp\n|-damage|p1a: vegas magician|57\/100|[from] recoil\n|cant|p2a: Heatran|slp\n|\n|-heal|p1a: vegas magician|63\/100|[from] item: Leftovers\n|upkeep\n|turn|207\n|\n|t:|1700443844\n|-curestatus|p2a: Heatran|slp|[msg]\n|move|p2a: Heatran|Protect|p2a: Heatran\n|-singleturn|p2a: Heatran|Protect\n|-activate|p1a: vegas magician|move: Struggle\n|move|p1a: vegas magician|Struggle|p2a: Heatran\n|-activate|p2a: Heatran|move: Protect\n|\n|-heal|p1a: vegas magician|69\/100|[from] item: Leftovers\n|upkeep\n|turn|208\n|\n|t:|1700443849\n|-activate|p1a: vegas magician|move: Struggle\n|move|p1a: vegas magician|Struggle|p2a: Heatran\n|-damage|p2a: Heatran|78\/100\n|-damage|p1a: vegas magician|44\/100|[from] recoil\n|move|p2a: Heatran|Will-O-Wisp|p1a: vegas magician\n|-immune|p1a: vegas magician\n|\n|-heal|p1a: vegas magician|50\/100|[from] item: Leftovers\n|upkeep\n|turn|209\n|\n|t:|1700443856\n|-activate|p1a: vegas magician|move: Struggle\n|move|p1a: vegas magician|Struggle|p2a: Heatran\n|-damage|p2a: Heatran|77\/100\n|-damage|p1a: vegas magician|25\/100|[from] recoil\n|move|p2a: Heatran|Fire Spin|p1a: vegas magician|[miss]\n|-miss|p2a: Heatran|p1a: vegas magician\n|\n|-heal|p1a: vegas magician|31\/100|[from] item: Leftovers\n|upkeep\n|turn|210\n|\n|t:|1700443861\n|-activate|p1a: vegas magician|move: Struggle\n|move|p1a: vegas magician|Struggle|p2a: Heatran\n|-damage|p2a: Heatran|75\/100\n|-damage|p1a: vegas magician|6\/100|[from] recoil\n|move|p2a: Heatran|Will-O-Wisp|p1a: vegas magician\n|-immune|p1a: vegas magician\n|\n|-heal|p1a: vegas magician|12\/100|[from] item: Leftovers\n|upkeep\n|turn|211\n|\n|t:|1700443865\n|-activate|p1a: vegas magician|move: Struggle\n|move|p1a: vegas magician|Struggle|p2a: Heatran\n|-damage|p2a: Heatran|73\/100\n|-damage|p1a: vegas magician|0 fnt|[from] recoil\n|faint|p1a: vegas magician\n|move|p2a: Heatran|Will-O-Wisp|p1: vegas magician|[notarget]\n|-fail|p2a: Heatran\n|\n|upkeep\n|\n|t:|1700443870\n|switch|p1a: dumb bird|Tornadus-Therian, M|100\/100\n|-damage|p1a: dumb bird|76\/100|[from] Stealth Rock\n|turn|212\n|\n|t:|1700443882\n|move|p1a: dumb bird|Rest|p1a: dumb bird\n|-status|p1a: dumb bird|slp|[from] move: Rest\n|-heal|p1a: dumb bird|100\/100 slp|[silent]\n|move|p2a: Heatran|Fire Spin|p1a: dumb bird\n|-damage|p1a: dumb bird|89\/100 slp\n|-activate|p1a: dumb bird|move: Fire Spin|[of] p2a: Heatran\n|\n|-heal|p1a: dumb bird|95\/100 slp|[from] item: Leftovers\n|-damage|p1a: dumb bird|82\/100 slp|[from] move: Fire Spin|[partiallytrapped]\n|upkeep\n|turn|213\n|\n|t:|1700443897\n|move|p2a: Heatran|Stealth Rock||[still]\n|-fail|p2a: Heatran\n|cant|p1a: dumb bird|slp\n|move|p1a: dumb bird|Sleep Talk|p1a: dumb bird\n|move|p1a: dumb bird|Rest||[from]move: Sleep Talk|[still]\n|-fail|p1a: dumb bird\n|\n|-heal|p1a: dumb bird|88\/100 slp|[from] item: Leftovers\n|-damage|p1a: dumb bird|76\/100 slp|[from] move: Fire Spin|[partiallytrapped]\n|upkeep\n|turn|214\n|\n|t:|1700443901\n|move|p2a: Heatran|Will-O-Wisp||[still]\n|-fail|p2a: Heatran\n|cant|p1a: dumb bird|slp\n|move|p1a: dumb bird|Sleep Talk|p1a: dumb bird\n|move|p1a: dumb bird|Rest||[from]move: Sleep Talk|[still]\n|-fail|p1a: dumb bird\n|\n|-heal|p1a: dumb bird|82\/100 slp|[from] item: Leftovers\n|-damage|p1a: dumb bird|70\/100 slp|[from] move: Fire Spin|[partiallytrapped]\n|upkeep\n|turn|215\n|\n|t:|1700443903\n|move|p2a: Heatran|Will-O-Wisp||[still]\n|-fail|p2a: Heatran\n|-curestatus|p1a: dumb bird|slp|[msg]\n|move|p1a: dumb bird|Sleep Talk||[still]\n|-fail|p1a: dumb bird\n|\n|-heal|p1a: dumb bird|76\/100|[from] item: Leftovers\n|-damage|p1a: dumb bird|63\/100|[from] move: Fire Spin|[partiallytrapped]\n|upkeep\n|turn|216\n|\n|t:|1700443905\n|move|p2a: Heatran|Will-O-Wisp|p1a: dumb bird|[miss]\n|-miss|p2a: Heatran|p1a: dumb bird\n|move|p1a: dumb bird|Sleep Talk||[still]\n|-fail|p1a: dumb bird\n|\n|-heal|p1a: dumb bird|69\/100|[from] item: Leftovers\n|-end|p1a: dumb bird|Fire Spin|[partiallytrapped]\n|upkeep\n|turn|217\n|\n|t:|1700443908\n|move|p1a: dumb bird|Sleep Talk||[still]\n|-fail|p1a: dumb bird\n|move|p2a: Heatran|Fire Spin|p1a: dumb bird\n|-damage|p1a: dumb bird|58\/100\n|-activate|p1a: dumb bird|move: Fire Spin|[of] p2a: Heatran\n|\n|-heal|p1a: dumb bird|64\/100|[from] item: Leftovers\n|-damage|p1a: dumb bird|52\/100|[from] move: Fire Spin|[partiallytrapped]\n|upkeep\n|turn|218\n|\n|t:|1700443912\n|move|p2a: Heatran|Will-O-Wisp|p1a: dumb bird\n|-status|p1a: dumb bird|brn\n|move|p1a: dumb bird|Sleep Talk||[still]\n|-fail|p1a: dumb bird\n|\n|-heal|p1a: dumb bird|58\/100 brn|[from] item: Leftovers\n|-damage|p1a: dumb bird|52\/100 brn|[from] brn\n|-damage|p1a: dumb bird|39\/100 brn|[from] move: Fire Spin|[partiallytrapped]\n|upkeep\n|turn|219\n|\n|t:|1700443915\n|move|p2a: Heatran|Will-O-Wisp|p1a: dumb bird\n|-fail|p1a: dumb bird|brn\n|move|p1a: dumb bird|Rest|p1a: dumb bird\n|-status|p1a: dumb bird|slp|[from] move: Rest\n|-heal|p1a: dumb bird|100\/100 slp|[silent]\n|\n|-damage|p1a: dumb bird|88\/100 slp|[from] move: Fire Spin|[partiallytrapped]\n|upkeep\n|turn|220\n|\n|t:|1700443918\n|switch|p2a: Decidueye|Decidueye-Hisui, F|100\/100\n|cant|p1a: dumb bird|slp\n|move|p1a: dumb bird|Sleep Talk|p1a: dumb bird\n|move|p1a: dumb bird|Rest||[from]move: Sleep Talk|[still]\n|-fail|p1a: dumb bird\n|\n|-heal|p1a: dumb bird|94\/100 slp|[from] item: Leftovers\n|-end|p1a: dumb bird|Fire Spin|[partiallytrapped]|[silent]\n|upkeep\n|turn|221\n|\n|t:|1700443920\n|cant|p1a: dumb bird|slp\n|move|p1a: dumb bird|Sleep Talk|p1a: dumb bird\n|move|p1a: dumb bird|Rest||[from]move: Sleep Talk|[still]\n|-fail|p1a: dumb bird\n|move|p2a: Decidueye|Air Cutter|p1a: dumb bird\n|-damage|p1a: dumb bird|84\/100 slp\n|\n|-heal|p1a: dumb bird|91\/100 slp|[from] item: Leftovers\n|upkeep\n|turn|222\n|\n|t:|1700443926\n|-curestatus|p1a: dumb bird|slp|[msg]\n|move|p1a: dumb bird|Sleep Talk||[still]\n|-fail|p1a: dumb bird\n|move|p2a: Decidueye|Air Cutter|p1a: dumb bird\n|-crit|p1a: dumb bird\n|-damage|p1a: dumb bird|75\/100\n|\n|-heal|p1a: dumb bird|81\/100|[from] item: Leftovers\n|upkeep\n|turn|223\n|\n|t:|1700443929\n|move|p1a: dumb bird|Sleep Talk||[still]\n|-fail|p1a: dumb bird\n|move|p2a: Decidueye|Air Cutter|p1a: dumb bird|[miss]\n|-miss|p2a: Decidueye|p1a: dumb bird\n|\n|-heal|p1a: dumb bird|87\/100|[from] item: Leftovers\n|upkeep\n|turn|224\n|\n|t:|1700443932\n|-terastallize|p1a: dumb bird|Flying\n|move|p1a: dumb bird|Sleep Talk||[still]\n|-fail|p1a: dumb bird\n|move|p2a: Decidueye|Air Cutter|p1a: dumb bird\n|-damage|p1a: dumb bird|76\/100\n|\n|-heal|p1a: dumb bird|83\/100|[from] item: Leftovers\n|upkeep\n|turn|225\n|\n|t:|1700443938\n|move|p1a: dumb bird|Sleep Talk||[still]\n|-fail|p1a: dumb bird\n|move|p2a: Decidueye|Air Cutter|p1a: dumb bird\n|-damage|p1a: dumb bird|73\/100\n|\n|-heal|p1a: dumb bird|79\/100|[from] item: Leftovers\n|upkeep\n|turn|226\n|\n|t:|1700443947\n|move|p1a: dumb bird|Sleep Talk||[still]\n|-fail|p1a: dumb bird\n|move|p2a: Decidueye|Air Cutter|p1a: dumb bird\n|-crit|p1a: dumb bird\n|-damage|p1a: dumb bird|64\/100\n|\n|-heal|p1a: dumb bird|70\/100|[from] item: Leftovers\n|upkeep\n|turn|227\n|\n|t:|1700443952\n|move|p1a: dumb bird|Sleep Talk||[still]\n|-fail|p1a: dumb bird\n|move|p2a: Decidueye|Air Cutter|p1a: dumb bird|[miss]\n|-miss|p2a: Decidueye|p1a: dumb bird\n|\n|-heal|p1a: dumb bird|76\/100|[from] item: Leftovers\n|upkeep\n|turn|228\n|\n|t:|1700443962\n|move|p1a: dumb bird|Sleep Talk||[still]\n|-fail|p1a: dumb bird\n|move|p2a: Decidueye|Air Cutter|p1a: dumb bird\n|-crit|p1a: dumb bird\n|-damage|p1a: dumb bird|62\/100\n|\n|-heal|p1a: dumb bird|68\/100|[from] item: Leftovers\n|upkeep\n|turn|229\n|\n|t:|1700443967\n|move|p1a: dumb bird|Sleep Talk||[still]\n|-fail|p1a: dumb bird\n|move|p2a: Decidueye|Air Cutter|p1a: dumb bird\n|-crit|p1a: dumb bird\n|-damage|p1a: dumb bird|53\/100\n|\n|-heal|p1a: dumb bird|59\/100|[from] item: Leftovers\n|upkeep\n|turn|230\n|\n|t:|1700443973\n|move|p1a: dumb bird|Rest|p1a: dumb bird\n|-status|p1a: dumb bird|slp|[from] move: Rest\n|-heal|p1a: dumb bird|100\/100 slp|[silent]\n|move|p2a: Decidueye|Air Cutter|p1a: dumb bird\n|-crit|p1a: dumb bird\n|-damage|p1a: dumb bird|86\/100 slp\n|\n|-heal|p1a: dumb bird|92\/100 slp|[from] item: Leftovers\n|upkeep\n|turn|231\n|\n|t:|1700443979\n|cant|p1a: dumb bird|slp\n|move|p2a: Decidueye|Air Cutter|p1a: dumb bird\n|-crit|p1a: dumb bird\n|-damage|p1a: dumb bird|76\/100 slp\n|\n|-heal|p1a: dumb bird|82\/100 slp|[from] item: Leftovers\n|upkeep\n|turn|232\n|\n|t:|1700443983\n|cant|p1a: dumb bird|slp\n|move|p2a: Decidueye|Air Cutter|p1a: dumb bird\n|-damage|p1a: dumb bird|73\/100 slp\n|\n|-heal|p1a: dumb bird|79\/100 slp|[from] item: Leftovers\n|upkeep\n|turn|233\n|\n|t:|1700443986\n|-curestatus|p1a: dumb bird|slp|[msg]\n|move|p1a: dumb bird|Rest|p1a: dumb bird\n|-status|p1a: dumb bird|slp|[from] move: Rest\n|-heal|p1a: dumb bird|100\/100 slp|[silent]\n|move|p2a: Decidueye|Air Cutter|p1a: dumb bird\n|-crit|p1a: dumb bird\n|-damage|p1a: dumb bird|86\/100 slp\n|\n|-heal|p1a: dumb bird|92\/100 slp|[from] item: Leftovers\n|upkeep\n|turn|234\n|\n|t:|1700443993\n|cant|p1a: dumb bird|slp\n|move|p2a: Decidueye|Air Cutter|p1a: dumb bird\n|-crit|p1a: dumb bird\n|-damage|p1a: dumb bird|78\/100 slp\n|\n|-heal|p1a: dumb bird|84\/100 slp|[from] item: Leftovers\n|upkeep\n|turn|235\n|\n|t:|1700443997\n|cant|p1a: dumb bird|slp\n|move|p2a: Decidueye|Air Cutter|p1a: dumb bird\n|-damage|p1a: dumb bird|74\/100 slp\n|\n|-heal|p1a: dumb bird|80\/100 slp|[from] item: Leftovers\n|upkeep\n|turn|236\n|\n|t:|1700443999\n|-curestatus|p1a: dumb bird|slp|[msg]\n|move|p1a: dumb bird|Rest|p1a: dumb bird\n|-status|p1a: dumb bird|slp|[from] move: Rest\n|-heal|p1a: dumb bird|100\/100 slp|[silent]\n|move|p2a: Decidueye|Air Cutter|p1a: dumb bird\n|-crit|p1a: dumb bird\n|-damage|p1a: dumb bird|87\/100 slp\n|\n|-heal|p1a: dumb bird|93\/100 slp|[from] item: Leftovers\n|upkeep\n|turn|237\n|\n|t:|1700444002\n|cant|p1a: dumb bird|slp\n|move|p2a: Decidueye|Air Cutter|p1a: dumb bird\n|-damage|p1a: dumb bird|83\/100 slp\n|\n|-heal|p1a: dumb bird|89\/100 slp|[from] item: Leftovers\n|upkeep\n|turn|238\n|\n|t:|1700444005\n|cant|p1a: dumb bird|slp\n|move|p2a: Decidueye|Air Cutter|p1a: dumb bird\n|-damage|p1a: dumb bird|80\/100 slp\n|\n|-heal|p1a: dumb bird|86\/100 slp|[from] item: Leftovers\n|upkeep\n|turn|239\n|\n|t:|1700444006\n|-curestatus|p1a: dumb bird|slp|[msg]\n|-activate|p1a: dumb bird|move: Struggle\n|move|p1a: dumb bird|Struggle|p2a: Decidueye\n|-damage|p2a: Decidueye|88\/100\n|-damage|p1a: dumb bird|61\/100|[from] recoil\n|move|p2a: Decidueye|Air Cutter|p1a: dumb bird\n|-damage|p1a: dumb bird|50\/100\n|\n|-heal|p1a: dumb bird|56\/100|[from] item: Leftovers\n|upkeep\n|turn|240\n|\n|t:|1700444008\n|-activate|p1a: dumb bird|move: Struggle\n|move|p1a: dumb bird|Struggle|p2a: Decidueye\n|-damage|p2a: Decidueye|75\/100\n|-damage|p1a: dumb bird|31\/100|[from] recoil\n|move|p2a: Decidueye|Air Cutter|p1a: dumb bird\n|-damage|p1a: dumb bird|20\/100\n|\n|-heal|p1a: dumb bird|26\/100|[from] item: Leftovers\n|upkeep\n|turn|241\n|\n|t:|1700444010\n|-activate|p1a: dumb bird|move: Struggle\n|move|p1a: dumb bird|Struggle|p2a: Decidueye\n|-damage|p2a: Decidueye|63\/100\n|-damage|p1a: dumb bird|1\/100|[from] recoil\n|move|p2a: Decidueye|Air Cutter|p1a: dumb bird\n|-damage|p1a: dumb bird|0 fnt\n|faint|p1a: dumb bird\n|\n|win|ajpjlm\n","uploadtime":1700444015,"views":10,"p1id":"derekgrish","p2id":"ajpjlm","formatid":"gen9ou","rating":0,"private":0,"password":""}