{"id":"gen9ou-1988540298","p1":"PitchouneLeFou","p2":"OkJuice100","format":"[Gen 9] OU","log":"|j|\u2606PitchouneLeFou\n|j|\u2606OkJuice100\n|t:|1699733927\n|gametype|singles\n|player|p1|PitchouneLeFou|lucas|1146\n|player|p2|OkJuice100|266|1241\n|teamsize|p1|6\n|teamsize|p2|6\n|gen|9\n|tier|[Gen 9] OU\n|rated|\n|rule|Sleep Clause Mod: Limit one foe put to sleep\n|rule|Species Clause: Limit one of each Pok\u00e9mon\n|rule|OHKO Clause: OHKO moves are banned\n|rule|Evasion Items Clause: Evasion items are banned\n|rule|Evasion Moves Clause: Evasion moves are banned\n|rule|Endless Battle Clause: Forcing endless battles is banned\n|rule|HP Percentage Mod: HP is shown in percentages\n|clearpoke\n|poke|p1|Infernape, M|\n|poke|p1|Scizor, M|\n|poke|p1|Slowbro, M|\n|poke|p1|Sylveon, F|\n|poke|p1|Gliscor, F|\n|poke|p1|Mandibuzz, F|\n|poke|p2|Cinderace, M|\n|poke|p2|Greninja-*, M|\n|poke|p2|Slowking-Galar, M|\n|poke|p2|Pelipper, M|\n|poke|p2|Barraskewda, M|\n|poke|p2|Rillaboom, F|\n|teampreview\n|\n|t:|1699733938\n|start\n|switch|p1a: Bella|Sylveon, F, shiny|100\/100\n|switch|p2a: Greninja|Greninja, M|100\/100\n|turn|1\n|\n|t:|1699733950\n|switch|p2a: Slowking|Slowking-Galar, M|100\/100\n|switch|p1a: BabyBoy|Scizor, M|100\/100\n|\n|upkeep\n|turn|2\n|\n|t:|1699733962\n|switch|p2a: Pelipper|Pelipper, M|100\/100\n|-weather|RainDance|[from] ability: Drizzle|[of] p2a: Pelipper\n|move|p1a: BabyBoy|U-turn|p2a: Pelipper\n|-resisted|p2a: Pelipper\n|-damage|p2a: Pelipper|77\/100\n|\n|t:|1699733971\n|switch|p1a: Bella|Sylveon, F, shiny|100\/100|[from] U-turn\n|\n|-weather|RainDance|[upkeep]\n|upkeep\n|turn|3\n|\n|t:|1699733977\n|move|p1a: Bella|Hyper Voice|p2a: Pelipper\n|-damage|p2a: Pelipper|15\/100\n|move|p2a: Pelipper|U-turn|p1a: Bella\n|-resisted|p1a: Bella\n|-crit|p1a: Bella\n|-damage|p1a: Bella|91\/100\n|\n|t:|1699733980\n|switch|p2a: Slowking|Slowking-Galar, M|100\/100|[from] U-turn\n|\n|-weather|RainDance|[upkeep]\n|-heal|p1a: Bella|97\/100|[from] item: Leftovers\n|upkeep\n|turn|4\n|\n|t:|1699733993\n|move|p1a: Bella|Light Screen|p1a: Bella\n|-sidestart|p1: PitchouneLeFou|move: Light Screen\n|move|p2a: Slowking|Focus Blast|p1a: Bella\n|-resisted|p1a: Bella\n|-damage|p1a: Bella|92\/100\n|\n|-weather|RainDance|[upkeep]\n|-heal|p1a: Bella|98\/100|[from] item: Leftovers\n|upkeep\n|turn|5\n|\n|t:|1699734017\n|switch|p1a: BabyBoy|Scizor, M|100\/100\n|move|p2a: Slowking|Sludge Bomb|p1a: BabyBoy\n|-immune|p1a: BabyBoy\n|\n|-weather|RainDance|[upkeep]\n|upkeep\n|turn|6\n|\n|t:|1699734024\n|switch|p2a: Cinderace|Cinderace, M|100\/100\n|move|p1a: BabyBoy|U-turn|p2a: Cinderace\n|-resisted|p2a: Cinderace\n|-damage|p2a: Cinderace|56\/100\n|\n|t:|1699734037\n|switch|p1a: Mama|Gliscor, F, shiny|100\/100|[from] U-turn\n|\n|-weather|RainDance|[upkeep]\n|-status|p1a: Mama|tox|[from] item: Toxic Orb\n|upkeep\n|turn|7\n|\n|t:|1699734044\n|move|p2a: Cinderace|U-turn|p1a: Mama\n|-start|p2a: Cinderace|typechange|Bug|[from] ability: Libero\n|-resisted|p1a: Mama\n|-damage|p1a: Mama|93\/100 tox\n|\n|t:|1699734049\n|switch|p2a: Barraskewda|Barraskewda, M|100\/100|[from] U-turn\n|move|p1a: Mama|Toxic|p2a: Barraskewda\n|-status|p2a: Barraskewda|tox\n|\n|-weather|RainDance|[upkeep]\n|-damage|p2a: Barraskewda|94\/100 tox|[from] psn\n|-heal|p1a: Mama|100\/100 tox|[from] ability: Poison Heal\n|upkeep\n|turn|8\n|\n|t:|1699734060\n|switch|p1a: The Boss|Slowbro, M, shiny|100\/100\n|move|p2a: Barraskewda|Flip Turn|p1a: The Boss\n|-resisted|p1a: The Boss\n|-damage|p1a: The Boss|78\/100\n|-damage|p2a: Barraskewda|78\/100 tox|[from] item: Rocky Helmet|[of] p1a: The Boss\n|\n|t:|1699734066\n|switch|p2a: Cinderace|Cinderace, M|56\/100|[from] Flip Turn\n|\n|-weather|RainDance|[upkeep]\n|-sideend|p1: PitchouneLeFou|move: Light Screen\n|upkeep\n|turn|9\n|\n|t:|1699734078\n|move|p2a: Cinderace|Electro Ball|p1a: The Boss\n|-start|p2a: Cinderace|typechange|Electric|[from] ability: Libero\n|-supereffective|p1a: The Boss\n|-damage|p1a: The Boss|0 fnt\n|faint|p1a: The Boss\n|\n|-weather|none\n|upkeep\n|\n|t:|1699734087\n|switch|p1a: Mama|Gliscor, F, shiny|100\/100 tox\n|turn|10\n|\n|t:|1699734097\n|switch|p2a: Pelipper|Pelipper, M|15\/100\n|-weather|RainDance|[from] ability: Drizzle|[of] p2a: Pelipper\n|move|p1a: Mama|Earthquake|p2a: Pelipper\n|-immune|p2a: Pelipper\n|\n|-weather|RainDance|[upkeep]\n|upkeep\n|turn|11\n|\n|t:|1699734108\n|switch|p1a: Bella|Sylveon, F, shiny|98\/100\n|switch|p2a: Barraskewda|Barraskewda, M|78\/100 tox\n|\n|-weather|RainDance|[upkeep]\n|-heal|p1a: Bella|100\/100|[from] item: Leftovers\n|-damage|p2a: Barraskewda|72\/100 tox|[from] psn\n|upkeep\n|turn|12\n|\n|t:|1699734117\n|move|p2a: Barraskewda|Flip Turn|p1a: Bella\n|-damage|p1a: Bella|13\/100\n|\n|t:|1699734120\n|switch|p2a: Rillaboom|Rillaboom, F|100\/100|[from] Flip Turn\n|-fieldstart|move: Grassy Terrain|[from] ability: Grassy Surge|[of] p2a: Rillaboom\n|move|p1a: Bella|Hyper Voice|p2a: Rillaboom\n|-damage|p2a: Rillaboom|55\/100\n|\n|-weather|RainDance|[upkeep]\n|-heal|p2a: Rillaboom|61\/100|[from] Grassy Terrain\n|-heal|p2a: Rillaboom|67\/100|[from] item: Leftovers\n|-heal|p1a: Bella|19\/100|[from] Grassy Terrain\n|-heal|p1a: Bella|25\/100|[from] item: Leftovers\n|upkeep\n|turn|13\n|inactive|Battle timer is ON: inactive players will automatically lose when time's up. (requested by OkJuice100)\n|\n|t:|1699734134\n|switch|p1a: Mama 2|Mandibuzz, F|100\/100\n|move|p2a: Rillaboom|Grassy Glide|p1a: Mama 2\n|-resisted|p1a: Mama 2\n|-damage|p1a: Mama 2|90\/100\n|\n|-weather|RainDance|[upkeep]\n|-heal|p2a: Rillaboom|73\/100|[from] Grassy Terrain\n|-heal|p2a: Rillaboom|79\/100|[from] item: Leftovers\n|upkeep\n|turn|14\n|\n|t:|1699734145\n|move|p2a: Rillaboom|Protect|p2a: Rillaboom\n|-singleturn|p2a: Rillaboom|Protect\n|move|p1a: Mama 2|Foul Play|p2a: Rillaboom\n|-activate|p2a: Rillaboom|move: Protect\n|\n|-weather|RainDance|[upkeep]\n|-heal|p2a: Rillaboom|85\/100|[from] Grassy Terrain\n|-heal|p2a: Rillaboom|91\/100|[from] item: Leftovers\n|upkeep\n|turn|15\n|\n|t:|1699734155\n|switch|p2a: Greninja|Greninja, M|100\/100\n|move|p1a: Mama 2|Foul Play|p2a: Greninja\n|-resisted|p2a: Greninja\n|-damage|p2a: Greninja|78\/100\n|\n|-weather|RainDance|[upkeep]\n|-heal|p2a: Greninja|84\/100|[from] Grassy Terrain\n|upkeep\n|turn|16\n|\n|t:|1699734167\n|move|p2a: Greninja|Switcheroo|p1a: Mama 2\n|-start|p2a: Greninja|typechange|Dark|[from] ability: Protean\n|-activate|p2a: Greninja|move: Trick|[of] p1a: Mama 2\n|-item|p1a: Mama 2|Choice Scarf|[from] move: Switcheroo\n|-item|p2a: Greninja|Heavy-Duty Boots|[from] move: Switcheroo\n|move|p1a: Mama 2|Foul Play|p2a: Greninja\n|-resisted|p2a: Greninja\n|-damage|p2a: Greninja|66\/100\n|\n|-weather|RainDance|[upkeep]\n|-heal|p2a: Greninja|72\/100|[from] Grassy Terrain\n|-fieldend|move: Grassy Terrain\n|upkeep\n|turn|17\n|\n|t:|1699734179\n|move|p2a: Greninja|Spikes|p1a: Mama 2\n|-sidestart|p1: PitchouneLeFou|Spikes\n|move|p1a: Mama 2|Foul Play|p2a: Greninja\n|-resisted|p2a: Greninja\n|-damage|p2a: Greninja|52\/100\n|\n|-weather|none\n|upkeep\n|turn|18\n|\n|t:|1699734186\n|move|p2a: Greninja|Spikes|p1a: Mama 2\n|-sidestart|p1: PitchouneLeFou|Spikes\n|move|p1a: Mama 2|Foul Play|p2a: Greninja\n|-resisted|p2a: Greninja\n|-damage|p2a: Greninja|30\/100\n|\n|upkeep\n|turn|19\n|\n|t:|1699734194\n|switch|p1a: Mama|Gliscor, F, shiny|100\/100 tox\n|move|p2a: Greninja|Spikes|p1a: Mama\n|-sidestart|p1: PitchouneLeFou|Spikes\n|\n|upkeep\n|turn|20\n|\n|t:|1699734201\n|move|p2a: Greninja|Ice Beam|p1a: Mama\n|-supereffective|p1a: Mama\n|-damage|p1a: Mama|0 fnt\n|faint|p1a: Mama\n|\n|upkeep\n|\n|t:|1699734211\n|switch|p1a: Mama 2|Mandibuzz, F|90\/100\n|turn|21\n|\n|t:|1699734218\n|move|p2a: Greninja|Ice Beam|p1a: Mama 2\n|-supereffective|p1a: Mama 2\n|-damage|p1a: Mama 2|43\/100\n|move|p1a: Mama 2|Defog|p2a: Greninja\n|-unboost|p2a: Greninja|evasion|1\n|-sideend|p1: PitchouneLeFou|Spikes|[from] move: Defog|[of] p1a: Mama 2\n|\n|upkeep\n|turn|22\n|\n|t:|1699734226\n|switch|p1a: Gokouille|Infernape, M|100\/100\n|move|p2a: Greninja|Spikes|p1a: Gokouille\n|-sidestart|p1: PitchouneLeFou|Spikes\n|\n|upkeep\n|turn|23\n|\n|t:|1699734237\n|switch|p2a: Pelipper|Pelipper, M|15\/100\n|-weather|RainDance|[from] ability: Drizzle|[of] p2a: Pelipper\n|move|p1a: Gokouille|Vacuum Wave|p2a: Pelipper\n|-resisted|p2a: Pelipper\n|-damage|p2a: Pelipper|0 fnt\n|faint|p2a: Pelipper\n|-damage|p1a: Gokouille|91\/100|[from] item: Life Orb\n|\n|-weather|RainDance|[upkeep]\n|upkeep\n|\n|t:|1699734244\n|switch|p2a: Slowking|Slowking-Galar, M|100\/100\n|turn|24\n|\n|t:|1699734264\n|switch|p1a: Bella|Sylveon, F, shiny|25\/100\n|-damage|p1a: Bella|13\/100|[from] Spikes\n|move|p2a: Slowking|Future Sight|p1a: Bella\n|-start|p2a: Slowking|move: Future Sight\n|\n|-weather|RainDance|[upkeep]\n|-heal|p1a: Bella|19\/100|[from] item: Leftovers\n|upkeep\n|turn|25\n|\n|t:|1699734276\n|move|p1a: Bella|Psyshock|p2a: Slowking\n|-damage|p2a: Slowking|77\/100\n|move|p2a: Slowking|Sludge Bomb|p1a: Bella\n|-supereffective|p1a: Bella\n|-damage|p1a: Bella|0 fnt\n|faint|p1a: Bella\n|\n|-weather|RainDance|[upkeep]\n|upkeep\n|\n|t:|1699734287\n|switch|p1a: BabyBoy|Scizor, M|100\/100\n|-damage|p1a: BabyBoy|88\/100|[from] Spikes\n|turn|26\n|\n|t:|1699734298\n|switch|p2a: Cinderace|Cinderace, M|56\/100\n|-terastallize|p1a: BabyBoy|Steel\n|move|p1a: BabyBoy|Bullet Punch|p2a: Cinderace\n|-resisted|p2a: Cinderace\n|-damage|p2a: Cinderace|7\/100\n|\n|-weather|RainDance|[upkeep]\n|-end|p1a: BabyBoy|move: Future Sight\n|-resisted|p1a: BabyBoy\n|-damage|p1a: BabyBoy|52\/100\n|upkeep\n|turn|27\n|\n|t:|1699734309\n|move|p1a: BabyBoy|Bullet Punch|p2a: Cinderace\n|-resisted|p2a: Cinderace\n|-damage|p2a: Cinderace|0 fnt\n|faint|p2a: Cinderace\n|\n|-weather|RainDance|[upkeep]\n|upkeep\n|\n|t:|1699734312\n|switch|p2a: Slowking|Slowking-Galar, M|100\/100\n|turn|28\n|\n|t:|1699734320\n|switch|p1a: Mama 2|Mandibuzz, F|43\/100\n|move|p2a: Slowking|Focus Blast|p1a: Mama 2|[miss]\n|-miss|p2a: Slowking|p1a: Mama 2\n|\n|-weather|RainDance|[upkeep]\n|upkeep\n|turn|29\n|\n|t:|1699734328\n|move|p1a: Mama 2|Roost|p1a: Mama 2\n|-heal|p1a: Mama 2|93\/100\n|-singleturn|p1a: Mama 2|move: Roost\n|move|p2a: Slowking|Focus Blast|p1a: Mama 2\n|-supereffective|p1a: Mama 2\n|-damage|p1a: Mama 2|21\/100\n|\n|-weather|RainDance|[upkeep]\n|upkeep\n|turn|30\n|\n|t:|1699734344\n|switch|p1a: Gokouille|Infernape, M|91\/100\n|-damage|p1a: Gokouille|78\/100|[from] Spikes\n|move|p2a: Slowking|Focus Blast|p1a: Gokouille\n|-damage|p1a: Gokouille|11\/100\n|\n|-weather|none\n|upkeep\n|turn|31\n|\n|t:|1699734355\n|move|p1a: Gokouille|Flamethrower|p2a: Slowking\n|-damage|p2a: Slowking|61\/100\n|-damage|p1a: Gokouille|1\/100|[from] item: Life Orb\n|move|p2a: Slowking|Sludge Bomb|p1a: Gokouille\n|-damage|p1a: Gokouille|0 fnt\n|faint|p1a: Gokouille\n|\n|upkeep\n|\n|t:|1699734367\n|switch|p1a: Mama 2|Mandibuzz, F|21\/100\n|turn|32\n|\n|t:|1699734373\n|move|p1a: Mama 2|Defog|p2a: Slowking\n|-unboost|p2a: Slowking|evasion|1\n|-sideend|p1: PitchouneLeFou|Spikes|[from] move: Defog|[of] p1a: Mama 2\n|move|p2a: Slowking|Focus Blast|p1a: Mama 2\n|-damage|p1a: Mama 2|0 fnt\n|faint|p1a: Mama 2\n|\n|upkeep\n|\n|t:|1699734381\n|switch|p1a: BabyBoy|Scizor, M, tera:Steel|52\/100\n|turn|33\n|\n|t:|1699734388\n|move|p1a: BabyBoy|Bullet Punch|p2a: Slowking\n|-damage|p2a: Slowking|0 fnt\n|faint|p2a: Slowking\n|\n|upkeep\n|\n|t:|1699734392\n|switch|p2a: Rillaboom|Rillaboom, F|91\/100\n|-fieldstart|move: Grassy Terrain|[from] ability: Grassy Surge|[of] p2a: Rillaboom\n|turn|34\n|\n|t:|1699734397\n|-terastallize|p2a: Rillaboom|Fire\n|move|p1a: BabyBoy|Bullet Punch|p2a: Rillaboom\n|-resisted|p2a: Rillaboom\n|-damage|p2a: Rillaboom|63\/100\n|move|p2a: Rillaboom|Drain Punch|p1a: BabyBoy\n|-supereffective|p1a: BabyBoy\n|-damage|p1a: BabyBoy|3\/100\n|-heal|p2a: Rillaboom|83\/100|[from] drain|[of] p1a: BabyBoy\n|\n|-heal|p2a: Rillaboom|89\/100|[from] Grassy Terrain\n|-heal|p2a: Rillaboom|95\/100|[from] item: Leftovers\n|-heal|p1a: BabyBoy|9\/100|[from] Grassy Terrain\n|upkeep\n|turn|35\n|\n|t:|1699734412\n|move|p1a: BabyBoy|Bullet Punch|p2a: Rillaboom\n|-resisted|p2a: Rillaboom\n|-damage|p2a: Rillaboom|66\/100\n|move|p2a: Rillaboom|Drain Punch|p1a: BabyBoy\n|-supereffective|p1a: BabyBoy\n|-damage|p1a: BabyBoy|0 fnt\n|-heal|p2a: Rillaboom|70\/100|[from] drain|[of] p1a: BabyBoy\n|faint|p1a: BabyBoy\n|\n|win|OkJuice100\n|raw|PitchouneLeFou's rating: 1146 &rarr; <strong>1128<\/strong><br \/>(-18 for losing)\n|raw|OkJuice100's rating: 1241 &rarr; <strong>1259<\/strong><br \/>(+18 for winning)\n","uploadtime":1699734418,"views":46,"p1id":"pitchounelefou","p2id":"okjuice100","formatid":"gen9ou","rating":1128,"private":0,"password":""}