{"id":"gen9ou-1997759689","p1":"soy bebe","p2":"MustardFeb","format":"[Gen 9] OU","log":"|j|\u2606soy bebe\n|j|\u2606MustardFeb\n|t:|1700849689\n|gametype|singles\n|player|p1|soy bebe|winona-gen3|1510\n|player|p2|MustardFeb|1|1416\n|teamsize|p1|6\n|teamsize|p2|6\n|gen|9\n|tier|[Gen 9] OU\n|rated|\n|rule|Sleep Clause Mod: Limit one foe put to sleep\n|rule|Species Clause: Limit one of each Pok\u00e9mon\n|rule|OHKO Clause: OHKO moves are banned\n|rule|Evasion Items Clause: Evasion items are banned\n|rule|Evasion Moves Clause: Evasion moves are banned\n|rule|Endless Battle Clause: Forcing endless battles is banned\n|rule|HP Percentage Mod: HP is shown in percentages\n|clearpoke\n|poke|p1|Politoed, M|\n|poke|p1|Zapdos|\n|poke|p1|Iron Treads|\n|poke|p1|Basculegion-F, F|\n|poke|p1|Quaquaval, M|\n|poke|p1|Meowscarada, F|\n|poke|p2|Dragapult, F|\n|poke|p2|Ceruledge, F|\n|poke|p2|Landorus-Therian, M|\n|poke|p2|Ogerpon-Wellspring, F|\n|poke|p2|Cinderace, F|\n|poke|p2|Iron Valiant|\n|teampreview\n|\n|t:|1700849709\n|start\n|switch|p1a: PoliSwirl~|Politoed, M, shiny|100\/100\n|switch|p2a: Landorus|Landorus-Therian, M|100\/100\n|-ability|p2a: Landorus|Intimidate|boost\n|-unboost|p1a: PoliSwirl~|atk|1\n|-weather|RainDance|[from] ability: Drizzle|[of] p1a: PoliSwirl~\n|turn|1\n|\n|t:|1700849718\n|switch|p1a: Tempo|Zapdos, shiny|100\/100\n|move|p2a: Landorus|Earthquake|p1a: Tempo\n|-immune|p1a: Tempo\n|\n|-weather|RainDance|[upkeep]\n|upkeep\n|turn|2\n|\n|t:|1700849724\n|switch|p2a: Dragapult|Dragapult, F|100\/100\n|move|p1a: Tempo|Weather Ball|p2a: Dragapult\n|-resisted|p2a: Dragapult\n|-damage|p2a: Dragapult|74\/100\n|\n|-weather|RainDance|[upkeep]\n|upkeep\n|turn|3\n|\n|t:|1700849729\n|switch|p1a: Treadtianna|Iron Treads, shiny|100\/100\n|-enditem|p1a: Treadtianna|Booster Energy\n|-activate|p1a: Treadtianna|ability: Quark Drive|[fromitem]\n|-start|p1a: Treadtianna|quarkdrivespe\n|move|p2a: Dragapult|Draco Meteor|p1a: Treadtianna\n|-resisted|p1a: Treadtianna\n|-damage|p1a: Treadtianna|36\/100\n|-unboost|p2a: Dragapult|spa|2\n|\n|-weather|RainDance|[upkeep]\n|upkeep\n|turn|4\n|\n|t:|1700849738\n|move|p1a: Treadtianna|Stealth Rock|p2a: Dragapult\n|-sidestart|p2: MustardFeb|move: Stealth Rock\n|move|p2a: Dragapult|Draco Meteor|p1a: Treadtianna\n|-resisted|p1a: Treadtianna\n|-damage|p1a: Treadtianna|8\/100\n|-unboost|p2a: Dragapult|spa|2\n|\n|-weather|RainDance|[upkeep]\n|upkeep\n|turn|5\n|\n|t:|1700849742\n|move|p1a: Treadtianna|Earthquake|p2a: Dragapult\n|-damage|p2a: Dragapult|10\/100\n|move|p2a: Dragapult|Draco Meteor|p1a: Treadtianna\n|-resisted|p1a: Treadtianna\n|-damage|p1a: Treadtianna|0 fnt\n|-unboost|p2a: Dragapult|spa|2\n|faint|p1a: Treadtianna\n|-end|p1a: Treadtianna|Quark Drive|[silent]\n|\n|-weather|RainDance|[upkeep]\n|upkeep\n|\n|t:|1700849747\n|switch|p1a: Quavo|Quaquaval, M, shiny|100\/100\n|turn|6\n|\n|t:|1700849750\n|move|p2a: Dragapult|Draco Meteor|p1a: Quavo\n|-damage|p1a: Quavo|71\/100\n|move|p1a: Quavo|Aqua Step|p2a: Dragapult\n|-resisted|p2a: Dragapult\n|-damage|p2a: Dragapult|0 fnt\n|-boost|p1a: Quavo|spe|1\n|faint|p2a: Dragapult\n|-ability|p1a: Quavo|Moxie|boost\n|-boost|p1a: Quavo|atk|1\n|\n|-weather|RainDance|[upkeep]\n|upkeep\n|\n|t:|1700849755\n|switch|p2a: Cinderace|Cinderace, F|100\/100\n|turn|7\n|\n|t:|1700849758\n|move|p1a: Quavo|Aqua Jet|p2a: Cinderace\n|-supereffective|p2a: Cinderace\n|-damage|p2a: Cinderace|0 fnt\n|faint|p2a: Cinderace\n|-ability|p1a: Quavo|Moxie|boost\n|-boost|p1a: Quavo|atk|1\n|\n|-weather|RainDance|[upkeep]\n|upkeep\n|-message|MustardFeb forfeited.\n|\n|win|soy bebe\n|raw|soy bebe's rating: 1510 &rarr; <strong>1525<\/strong><br \/>(+15 for winning)\n|raw|MustardFeb's rating: 1416 &rarr; <strong>1401<\/strong><br \/>(-15 for losing)\n|l|\u2606MustardFeb\n","uploadtime":1700849778,"views":1,"p1id":"soybebe","p2id":"mustardfeb","formatid":"gen9ou","rating":1401,"private":0,"password":""}