{"id":"gen9ou-1988650226","p1":"eltodo13","p2":"JustAShroomGod","format":"[Gen 9] OU","log":"|j|\u2606eltodo13\n|j|\u2606JustAShroomGod\n|t:|1699746245\n|gametype|singles\n|player|p1|eltodo13|1|1293\n|player|p2|JustAShroomGod|101|1250\n|teamsize|p1|6\n|teamsize|p2|6\n|gen|9\n|tier|[Gen 9] OU\n|rated|\n|rule|Sleep Clause Mod: Limit one foe put to sleep\n|rule|Species Clause: Limit one of each Pok\u00e9mon\n|rule|OHKO Clause: OHKO moves are banned\n|rule|Evasion Items Clause: Evasion items are banned\n|rule|Evasion Moves Clause: Evasion moves are banned\n|rule|Endless Battle Clause: Forcing endless battles is banned\n|rule|HP Percentage Mod: HP is shown in percentages\n|clearpoke\n|poke|p1|Inteleon, F|\n|poke|p1|Azumarill, M|\n|poke|p1|Thundurus-Therian, M|\n|poke|p1|Pelipper, M|\n|poke|p1|Barraskewda, F|\n|poke|p1|Dondozo, F|\n|poke|p2|Crawdaunt, M|\n|poke|p2|Alomomola, M|\n|poke|p2|Gholdengo|\n|poke|p2|Gliscor, M|\n|poke|p2|Clefable, M|\n|poke|p2|Dragapult, M|\n|teampreview\n|c|\u2606JustAShroomGod|oh it's you\n|c|\u2606JustAShroomGod|bastard\n|inactive|Battle timer is ON: inactive players will automatically lose when time's up. (requested by JustAShroomGod)\n|\n|t:|1699746286\n|start\n|switch|p1a: Pelipper|Pelipper, M|100\/100\n|switch|p2a: Clefable|Clefable, M|100\/100\n|-weather|RainDance|[from] ability: Drizzle|[of] p1a: Pelipper\n|turn|1\n|\n|t:|1699746305\n|move|p2a: Clefable|Protect|p2a: Clefable\n|-singleturn|p2a: Clefable|Protect\n|move|p1a: Pelipper|U-turn|p2a: Clefable\n|-activate|p2a: Clefable|move: Protect\n|\n|-weather|RainDance|[upkeep]\n|upkeep\n|turn|2\n|\n|t:|1699746330\n|move|p1a: Pelipper|U-turn|p2a: Clefable\n|-resisted|p2a: Clefable\n|-damage|p2a: Clefable|96\/100\n|\n|t:|1699746333\n|switch|p1a: Inteleon|Inteleon, F|100\/100|[from] U-turn\n|move|p2a: Clefable|Moonblast|p1a: Inteleon\n|-damage|p1a: Inteleon|28\/100\n|\n|-weather|RainDance|[upkeep]\n|upkeep\n|turn|3\n|\n|t:|1699746338\n|move|p2a: Clefable|Protect|p2a: Clefable\n|-singleturn|p2a: Clefable|Protect\n|move|p1a: Inteleon|Snipe Shot|p2a: Clefable\n|-activate|p2a: Clefable|move: Protect\n|\n|-weather|RainDance|[upkeep]\n|upkeep\n|turn|4\n|\n|t:|1699746365\n|move|p1a: Inteleon|Snipe Shot|p2a: Clefable\n|-crit|p2a: Clefable\n|-damage|p2a: Clefable|2\/100\n|move|p2a: Clefable|Moonblast|p1a: Inteleon\n|-damage|p1a: Inteleon|0 fnt\n|faint|p1a: Inteleon\n|\n|-weather|RainDance|[upkeep]\n|upkeep\n|\n|t:|1699746370\n|switch|p1a: Barraskewda|Barraskewda, F|100\/100\n|turn|5\n|\n|t:|1699746373\n|move|p2a: Clefable|Protect|p2a: Clefable\n|-singleturn|p2a: Clefable|Protect\n|move|p1a: Barraskewda|Liquidation|p2a: Clefable\n|-activate|p2a: Clefable|move: Protect\n|\n|-weather|RainDance|[upkeep]\n|upkeep\n|turn|6\n|\n|t:|1699746377\n|switch|p2a: Alomomola|Alomomola, M|100\/100\n|move|p1a: Barraskewda|Liquidation|p2a: Alomomola\n|-resisted|p2a: Alomomola\n|-damage|p2a: Alomomola|76\/100\n|-damage|p1a: Barraskewda|91\/100|[from] item: Life Orb\n|\n|-weather|RainDance|[upkeep]\n|upkeep\n|turn|7\n|\n|t:|1699746388\n|move|p1a: Barraskewda|Liquidation|p2a: Alomomola\n|-resisted|p2a: Alomomola\n|-damage|p2a: Alomomola|50\/100\n|-damage|p1a: Barraskewda|81\/100|[from] item: Life Orb\n|move|p2a: Alomomola|Flip Turn|p1a: Barraskewda\n|-resisted|p1a: Barraskewda\n|-crit|p1a: Barraskewda\n|-damage|p1a: Barraskewda|50\/100\n|\n|t:|1699746403\n|switch|p2a: Clefable|Clefable, M|2\/100|[from] Flip Turn\n|\n|-weather|RainDance|[upkeep]\n|upkeep\n|turn|8\n|\n|t:|1699746407\n|move|p2a: Clefable|Protect|p2a: Clefable\n|-singleturn|p2a: Clefable|Protect\n|move|p1a: Barraskewda|Liquidation|p2a: Clefable\n|-activate|p2a: Clefable|move: Protect\n|\n|-weather|none\n|upkeep\n|turn|9\n|\n|t:|1699746411\n|switch|p2a: Alomomola|Alomomola, M|83\/100\n|move|p1a: Barraskewda|Liquidation|p2a: Alomomola\n|-resisted|p2a: Alomomola\n|-damage|p2a: Alomomola|68\/100\n|-damage|p1a: Barraskewda|40\/100|[from] item: Life Orb\n|\n|upkeep\n|turn|10\n|\n|t:|1699746420\n|switch|p1a: Pelipper|Pelipper, M|100\/100\n|-weather|RainDance|[from] ability: Drizzle|[of] p1a: Pelipper\n|move|p2a: Alomomola|Wish|p2a: Alomomola\n|\n|-weather|RainDance|[upkeep]\n|upkeep\n|turn|11\n|inactive|eltodo13 has 120 seconds left.\n|\n|t:|1699746452\n|-terastallize|p1a: Pelipper|Electric\n|move|p1a: Pelipper|Tera Blast|p2a: Alomomola|[anim] Tera Blast Electric\n|-supereffective|p2a: Alomomola\n|-damage|p2a: Alomomola|0 fnt\n|faint|p2a: Alomomola\n|\n|-weather|RainDance|[upkeep]\n|upkeep\n|\n|t:|1699746459\n|switch|p2a: Clefable|Clefable, M|2\/100\n|turn|12\n|c|\u2606JustAShroomGod|fuck\n|c|\u2606JustAShroomGod|ing\n|c|\u2606JustAShroomGod|tera blast electric pelipper\n|c|\u2606JustAShroomGod|I hate you so much\n|\n|t:|1699746469\n|move|p1a: Pelipper|Surf|p2a: Clefable\n|-damage|p2a: Clefable|0 fnt\n|faint|p2a: Clefable\n|\n|-weather|RainDance|[upkeep]\n|upkeep\n|\n|t:|1699746472\n|switch|p2a: Dragapult|Dragapult, M|100\/100\n|turn|13\n|\n|t:|1699746475\n|move|p2a: Dragapult|Will-O-Wisp|p1a: Pelipper\n|-status|p1a: Pelipper|brn\n|move|p1a: Pelipper|Hurricane|p2a: Dragapult\n|-damage|p2a: Dragapult|28\/100\n|-start|p2a: Dragapult|confusion\n|\n|-weather|RainDance|[upkeep]\n|-damage|p1a: Pelipper|94\/100 brn|[from] brn\n|upkeep\n|turn|14\n|\n|t:|1699746477\n|-activate|p2a: Dragapult|confusion\n|move|p2a: Dragapult|Hex|p1a: Pelipper\n|-damage|p1a: Pelipper|0 fnt\n|faint|p1a: Pelipper\n|-damage|p2a: Dragapult|18\/100|[from] item: Life Orb\n|\n|-weather|RainDance|[upkeep]\n|upkeep\n|\n|t:|1699746481\n|switch|p1a: Azumarill|Azumarill, M|100\/100\n|turn|15\n|\n|t:|1699746491\n|switch|p2a: Crawdaunt|Crawdaunt, M|100\/100\n|move|p1a: Azumarill|Aqua Jet|p2a: Crawdaunt\n|-resisted|p2a: Crawdaunt\n|-damage|p2a: Crawdaunt|74\/100\n|\n|-weather|RainDance|[upkeep]\n|upkeep\n|turn|16\n|\n|t:|1699746497\n|move|p2a: Crawdaunt|Knock Off|p1a: Azumarill\n|-resisted|p1a: Azumarill\n|-damage|p1a: Azumarill|46\/100\n|-enditem|p1a: Azumarill|Sitrus Berry|[from] move: Knock Off|[of] p2a: Crawdaunt\n|move|p1a: Azumarill|Play Rough|p2a: Crawdaunt\n|-supereffective|p2a: Crawdaunt\n|-damage|p2a: Crawdaunt|0 fnt\n|faint|p2a: Crawdaunt\n|\n|-weather|RainDance|[upkeep]\n|upkeep\n|\n|t:|1699746502\n|switch|p2a: Gholdengo|Gholdengo|100\/100\n|-item|p2a: Gholdengo|Air Balloon\n|turn|17\n|\n|t:|1699746521\n|move|p1a: Azumarill|Aqua Jet|p2a: Gholdengo\n|-damage|p2a: Gholdengo|54\/100\n|-enditem|p2a: Gholdengo|Air Balloon\n|move|p2a: Gholdengo|Make It Rain|p1a: Azumarill\n|-damage|p1a: Azumarill|0 fnt\n|-unboost|p2a: Gholdengo|spa|1\n|faint|p1a: Azumarill\n|\n|-weather|none\n|upkeep\n|c|\u2606JustAShroomGod|I miss ferrothorn\n|c|\u2606JustAShroomGod|I could deal with your fucking shit\n|inactive|eltodo13 has 120 seconds left.\n|-message|JustAShroomGod forfeited.\n|\n|win|eltodo13\n|raw|eltodo13's rating: 1293 &rarr; <strong>1315<\/strong><br \/>(+22 for winning)\n|raw|JustAShroomGod's rating: 1250 &rarr; <strong>1228<\/strong><br \/>(-22 for losing)\n","uploadtime":1699746533,"views":11,"p1id":"eltodo13","p2id":"justashroomgod","formatid":"gen9ou","rating":1228,"private":0,"password":""}