{"id":"gen9ou-1991752667","p1":"Wako.qwerty","p2":"Prav33n","format":"[Gen 9] OU","log":"|j|\u2606Wako.qwerty\n|j|\u2606Prav33n\n|t:|1700111250\n|gametype|singles\n|player|p1|Wako.qwerty|2|1377\n|player|p2|Prav33n|swimmer-gen4|1380\n|teamsize|p1|6\n|teamsize|p2|6\n|gen|9\n|tier|[Gen 9] OU\n|rated|\n|rule|Sleep Clause Mod: Limit one foe put to sleep\n|rule|Species Clause: Limit one of each Pok\u00e9mon\n|rule|OHKO Clause: OHKO moves are banned\n|rule|Evasion Items Clause: Evasion items are banned\n|rule|Evasion Moves Clause: Evasion moves are banned\n|rule|Endless Battle Clause: Forcing endless battles is banned\n|rule|HP Percentage Mod: HP is shown in percentages\n|clearpoke\n|poke|p1|Dragapult, M|\n|poke|p1|Rillaboom, M|\n|poke|p1|Corviknight, F|\n|poke|p1|Landorus-Therian, M|\n|poke|p1|Ogerpon-Wellspring, F|\n|poke|p1|Blissey, F|\n|poke|p2|Iron Moth|\n|poke|p2|Gholdengo|\n|poke|p2|Kommo-o, F|\n|poke|p2|Great Tusk|\n|poke|p2|Rillaboom, F|\n|poke|p2|Ogerpon-Cornerstone, F|\n|teampreview\n|inactive|Battle timer is ON: inactive players will automatically lose when time's up. (requested by Wako.qwerty)\n|\n|t:|1700111268\n|start\n|switch|p1a: Blissey|Blissey, F|100\/100\n|switch|p2a: Ogerpon|Ogerpon-Cornerstone, F|100\/100\n|turn|1\n|\n|t:|1700111276\n|switch|p1a: Landorus|Landorus-Therian, M|100\/100\n|-ability|p1a: Landorus|Intimidate|boost\n|-unboost|p2a: Ogerpon|atk|1\n|move|p2a: Ogerpon|Taunt|p1a: Landorus\n|-start|p1a: Landorus|move: Taunt\n|\n|upkeep\n|turn|2\n|\n|t:|1700111283\n|move|p1a: Landorus|Earthquake|p2a: Ogerpon\n|-damage|p2a: Ogerpon|20\/100\n|move|p2a: Ogerpon|Spikes|p1a: Landorus\n|-sidestart|p1: Wako.qwerty|Spikes\n|\n|upkeep\n|turn|3\n|\n|t:|1700111292\n|switch|p2a: Gholdengo|Gholdengo|100\/100\n|-item|p2a: Gholdengo|Air Balloon\n|move|p1a: Landorus|Earthquake|p2a: Gholdengo\n|-immune|p2a: Gholdengo\n|\n|-end|p1a: Landorus|move: Taunt\n|upkeep\n|turn|4\n|\n|t:|1700111298\n|switch|p1a: Blissey|Blissey, F|100\/100\n|switch|p2a: Ogerpon|Ogerpon-Cornerstone, F|20\/100\n|\n|upkeep\n|turn|5\n|\n|t:|1700111305\n|move|p2a: Ogerpon|Horn Leech|p1a: Blissey\n|-damage|p1a: Blissey|55\/100\n|-heal|p2a: Ogerpon|69\/100|[from] drain|[of] p1a: Blissey\n|move|p1a: Blissey|Seismic Toss|p2a: Ogerpon\n|-damage|p2a: Ogerpon|36\/100\n|\n|upkeep\n|turn|6\n|\n|t:|1700111312\n|switch|p1a: Rillaboom|Rillaboom, M|100\/100\n|-damage|p1a: Rillaboom|88\/100|[from] Spikes\n|-fieldstart|move: Grassy Terrain|[from] ability: Grassy Surge|[of] p1a: Rillaboom\n|move|p2a: Ogerpon|Spikes|p1a: Rillaboom\n|-sidestart|p1: Wako.qwerty|Spikes\n|\n|-heal|p2a: Ogerpon|42\/100|[from] Grassy Terrain\n|-heal|p1a: Rillaboom|94\/100|[from] Grassy Terrain\n|upkeep\n|turn|7\n|\n|t:|1700111320\n|switch|p2a: Great Tusk|Great Tusk|100\/100\n|move|p1a: Rillaboom|Knock Off|p2a: Great Tusk\n|-resisted|p2a: Great Tusk\n|-damage|p2a: Great Tusk|81\/100\n|-enditem|p2a: Great Tusk|Eject Pack|[from] move: Knock Off|[of] p1a: Rillaboom\n|\n|-heal|p2a: Great Tusk|87\/100|[from] Grassy Terrain\n|-heal|p1a: Rillaboom|100\/100|[from] Grassy Terrain\n|upkeep\n|turn|8\n|\n|t:|1700111329\n|-end|p2a: Great Tusk|Protosynthesis|[silent]\n|switch|p2a: Rillaboom|Rillaboom, F|100\/100\n|switch|p1a: Corviknight|Corviknight, F|100\/100\n|-ability|p1a: Corviknight|Pressure\n|\n|upkeep\n|turn|9\n|\n|t:|1700111336\n|move|p2a: Rillaboom|U-turn|p1a: Corviknight\n|-resisted|p1a: Corviknight\n|-damage|p1a: Corviknight|95\/100\n|-damage|p2a: Rillaboom|84\/100|[from] item: Rocky Helmet|[of] p1a: Corviknight\n|\n|t:|1700111339\n|switch|p2a: Gholdengo|Gholdengo|100\/100|[from] U-turn\n|-item|p2a: Gholdengo|Air Balloon\n|move|p1a: Corviknight|U-turn|p2a: Gholdengo\n|-resisted|p2a: Gholdengo\n|-damage|p2a: Gholdengo|97\/100\n|-enditem|p2a: Gholdengo|Air Balloon\n|\n|t:|1700111346\n|switch|p1a: Landorus|Landorus-Therian, M|100\/100|[from] U-turn\n|-ability|p1a: Landorus|Intimidate|boost\n|-unboost|p2a: Gholdengo|atk|1\n|\n|-heal|p2a: Gholdengo|100\/100|[from] Grassy Terrain\n|upkeep\n|turn|10\n|\n|t:|1700111353\n|switch|p2a: Great Tusk|Great Tusk|87\/100\n|move|p1a: Landorus|Earthquake|p2a: Great Tusk\n|-damage|p2a: Great Tusk|66\/100\n|\n|-heal|p2a: Great Tusk|72\/100|[from] Grassy Terrain\n|-fieldend|move: Grassy Terrain\n|upkeep\n|turn|11\n|\n|t:|1700111371\n|switch|p1a: Corviknight|Corviknight, F|95\/100\n|-ability|p1a: Corviknight|Pressure\n|move|p2a: Great Tusk|Ice Spinner|p1a: Corviknight\n|-damage|p1a: Corviknight|79\/100\n|-damage|p2a: Great Tusk|56\/100|[from] item: Rocky Helmet|[of] p1a: Corviknight\n|\n|upkeep\n|turn|12\n|\n|t:|1700111382\n|-end|p2a: Great Tusk|Protosynthesis|[silent]\n|switch|p2a: Kommo-o|Kommo-o, F|100\/100\n|move|p1a: Corviknight|Defog|p2a: Kommo-o\n|-unboost|p2a: Kommo-o|evasion|1\n|-sideend|p1: Wako.qwerty|Spikes|[from] move: Defog|[of] p1a: Corviknight\n|\n|upkeep\n|turn|13\n|\n|t:|1700111390\n|move|p2a: Kommo-o|Clangorous Soul|p2a: Kommo-o\n|-boost|p2a: Kommo-o|atk|1\n|-boost|p2a: Kommo-o|def|1\n|-boost|p2a: Kommo-o|spa|1\n|-boost|p2a: Kommo-o|spd|1\n|-boost|p2a: Kommo-o|spe|1\n|-damage|p2a: Kommo-o|68\/100\n|-enditem|p2a: Kommo-o|Throat Spray\n|-boost|p2a: Kommo-o|spa|1|[from] item: Throat Spray\n|move|p1a: Corviknight|U-turn|p2a: Kommo-o\n|-resisted|p2a: Kommo-o\n|-damage|p2a: Kommo-o|63\/100\n|\n|t:|1700111410\n|switch|p1a: Landorus|Landorus-Therian, M|100\/100|[from] U-turn\n|-ability|p1a: Landorus|Intimidate|boost\n|-unboost|p2a: Kommo-o|atk|1\n|\n|upkeep\n|turn|14\n|\n|t:|1700111419\n|move|p1a: Landorus|Earthquake|p2a: Kommo-o\n|-damage|p2a: Kommo-o|24\/100\n|move|p2a: Kommo-o|Clanging Scales|p1a: Landorus\n|-damage|p1a: Landorus|0 fnt\n|faint|p1a: Landorus\n|-unboost|p2a: Kommo-o|def|1\n|\n|upkeep\n|\n|t:|1700111430\n|switch|p1a: Dragapult|Dragapult, M|100\/100\n|turn|15\n|\n|t:|1700111434\n|move|p2a: Kommo-o|Clanging Scales|p1a: Dragapult\n|-supereffective|p1a: Dragapult\n|-damage|p1a: Dragapult|0 fnt\n|faint|p1a: Dragapult\n|-unboost|p2a: Kommo-o|def|1\n|\n|upkeep\n|\n|t:|1700111440\n|switch|p1a: Corviknight|Corviknight, F|79\/100\n|-ability|p1a: Corviknight|Pressure\n|turn|16\n|\n|t:|1700111449\n|-terastallize|p2a: Kommo-o|Fire\n|move|p2a: Kommo-o|Flamethrower|p1a: Corviknight\n|-supereffective|p1a: Corviknight\n|-damage|p1a: Corviknight|0 fnt\n|faint|p1a: Corviknight\n|\n|upkeep\n|-message|Wako.qwerty forfeited.\n|\n|win|Prav33n\n|raw|Wako.qwerty's rating: 1377 &rarr; <strong>1357<\/strong><br \/>(-20 for losing)\n|raw|Prav33n's rating: 1380 &rarr; <strong>1400<\/strong><br \/>(+20 for winning)\n|l|\u2606Wako.qwerty\n","uploadtime":1700111460,"views":8,"p1id":"wakoqwerty","p2id":"prav33n","formatid":"gen9ou","rating":1357,"private":0,"password":""}