{"id":"gen9ou-1994469150","p1":"No Policy","p2":"u675674","format":"[Gen 9] OU","log":"|j|\u2606No Policy\n|j|\u2606u675674\n|t:|1700447509\n|gametype|singles\n|player|p1|No Policy|101|1084\n|player|p2|u675674|saturn|1000\n|teamsize|p1|6\n|teamsize|p2|6\n|gen|9\n|tier|[Gen 9] OU\n|rated|\n|rule|Sleep Clause Mod: Limit one foe put to sleep\n|rule|Species Clause: Limit one of each Pok\u00e9mon\n|rule|OHKO Clause: OHKO moves are banned\n|rule|Evasion Items Clause: Evasion items are banned\n|rule|Evasion Moves Clause: Evasion moves are banned\n|rule|Endless Battle Clause: Forcing endless battles is banned\n|rule|HP Percentage Mod: HP is shown in percentages\n|clearpoke\n|poke|p1|Manaphy|\n|poke|p1|Sneasler, M|\n|poke|p1|Ninetales-Alola, F|\n|poke|p1|Orthworm, M|\n|poke|p1|Dusclops, M|\n|poke|p1|Great Tusk|\n|poke|p2|Kleavor, M|\n|poke|p2|Arcanine-Hisui, M|\n|poke|p2|Dragalge, M|\n|poke|p2|Walking Wake|\n|poke|p2|Golem-Alola, M|\n|poke|p2|Dragonite, M|\n|teampreview\n|inactive|Battle timer is ON: inactive players will automatically lose when time's up. (requested by No Policy)\n|\n|t:|1700447538\n|start\n|switch|p1a: Sneasler|Sneasler, M|100\/100\n|switch|p2a: Walking Wake|Walking Wake|100\/100\n|-item|p1a: Sneasler|Air Balloon\n|-enditem|p2a: Walking Wake|Booster Energy\n|-activate|p2a: Walking Wake|ability: Protosynthesis|[fromitem]\n|-start|p2a: Walking Wake|protosynthesisspa\n|turn|1\n|\n|t:|1700447556\n|move|p1a: Sneasler|Fake Out|p2a: Walking Wake\n|-damage|p2a: Walking Wake|86\/100\n|-status|p2a: Walking Wake|psn|[from] ability: Poison Touch|[of] p1a: Sneasler\n|cant|p2a: Walking Wake|flinch\n|\n|-damage|p2a: Walking Wake|74\/100 psn|[from] psn\n|upkeep\n|turn|2\n|\n|t:|1700447565\n|move|p1a: Sneasler|U-turn|p2a: Walking Wake\n|-damage|p2a: Walking Wake|46\/100 psn\n|\n|t:|1700447568\n|switch|p1a: Ninetales|Ninetales-Alola, F|100\/100|[from] U-turn\n|-weather|Snow|[from] ability: Snow Warning|[of] p1a: Ninetales\n|move|p2a: Walking Wake|Draco Meteor|p1a: Ninetales\n|-immune|p1a: Ninetales\n|\n|-weather|Snow|[upkeep]\n|-damage|p2a: Walking Wake|33\/100 psn|[from] psn\n|upkeep\n|turn|3\n|\n|t:|1700447580\n|move|p1a: Ninetales|Encore|p2a: Walking Wake\n|-start|p2a: Walking Wake|Encore\n|move|p2a: Walking Wake|Draco Meteor|p1a: Ninetales\n|-immune|p1a: Ninetales\n|\n|-weather|Snow|[upkeep]\n|-damage|p2a: Walking Wake|21\/100 psn|[from] psn\n|upkeep\n|turn|4\n|\n|t:|1700447589\n|move|p2a: Walking Wake|Draco Meteor|p1a: Ninetales\n|-immune|p1a: Ninetales\n|move|p1a: Ninetales|Aurora Veil|p1a: Ninetales\n|-sidestart|p1: No Policy|move: Aurora Veil\n|\n|-weather|Snow|[upkeep]\n|-damage|p2a: Walking Wake|9\/100 psn|[from] psn\n|upkeep\n|turn|5\n|\n|t:|1700447599\n|move|p2a: Walking Wake|Draco Meteor|p1a: Ninetales\n|-immune|p1a: Ninetales\n|move|p1a: Ninetales|Moonblast|p2a: Walking Wake\n|-supereffective|p2a: Walking Wake\n|-damage|p2a: Walking Wake|0 fnt\n|faint|p2a: Walking Wake\n|-end|p2a: Walking Wake|Protosynthesis|[silent]\n|\n|-weather|Snow|[upkeep]\n|upkeep\n|\n|t:|1700447616\n|switch|p2a: Kleavor|Kleavor, M|100\/100\n|turn|6\n|\n|t:|1700447634\n|switch|p1a: Orthworm|Orthworm, M|100\/100\n|-terastallize|p2a: Kleavor|Dark\n|move|p2a: Kleavor|Swords Dance|p2a: Kleavor\n|-boost|p2a: Kleavor|atk|2\n|\n|-weather|none\n|upkeep\n|turn|7\n|\n|t:|1700447645\n|move|p2a: Kleavor|Stone Axe|p1a: Orthworm\n|-resisted|p1a: Orthworm\n|-damage|p1a: Orthworm|84\/100\n|-sidestart|p1: No Policy|move: Stealth Rock\n|move|p1a: Orthworm|Coil|p1a: Orthworm\n|-boost|p1a: Orthworm|atk|1\n|-boost|p1a: Orthworm|def|1\n|-boost|p1a: Orthworm|accuracy|1\n|\n|-heal|p1a: Orthworm|90\/100|[from] item: Leftovers\n|upkeep\n|turn|8\n|\n|t:|1700447658\n|move|p2a: Kleavor|Night Slash|p1a: Orthworm\n|-damage|p1a: Orthworm|68\/100\n|move|p1a: Orthworm|Coil|p1a: Orthworm\n|-boost|p1a: Orthworm|atk|1\n|-boost|p1a: Orthworm|def|1\n|-boost|p1a: Orthworm|accuracy|1\n|\n|-heal|p1a: Orthworm|74\/100|[from] item: Leftovers\n|upkeep\n|turn|9\n|\n|t:|1700447668\n|move|p2a: Kleavor|Dual Wingbeat|p1a: Orthworm|[miss]\n|-miss|p2a: Kleavor|p1a: Orthworm\n|move|p1a: Orthworm|Body Press|p2a: Kleavor\n|-supereffective|p2a: Kleavor\n|-enditem|p2a: Kleavor|Focus Sash\n|-damage|p2a: Kleavor|1\/100\n|\n|-heal|p1a: Orthworm|80\/100|[from] item: Leftovers\n|upkeep\n|turn|10\n|\n|t:|1700447679\n|move|p2a: Kleavor|Stone Axe|p1a: Orthworm\n|-resisted|p1a: Orthworm\n|-damage|p1a: Orthworm|73\/100\n|move|p1a: Orthworm|Coil|p1a: Orthworm\n|-boost|p1a: Orthworm|atk|1\n|-boost|p1a: Orthworm|def|1\n|-boost|p1a: Orthworm|accuracy|1\n|\n|-heal|p1a: Orthworm|79\/100|[from] item: Leftovers\n|upkeep\n|turn|11\n|\n|t:|1700447690\n|move|p2a: Kleavor|Stone Axe|p1a: Orthworm\n|-resisted|p1a: Orthworm\n|-damage|p1a: Orthworm|72\/100\n|move|p1a: Orthworm|Stealth Rock|p2a: Kleavor\n|-sidestart|p2: u675674|move: Stealth Rock\n|\n|-heal|p1a: Orthworm|78\/100|[from] item: Leftovers\n|-sideend|p1: No Policy|move: Aurora Veil\n|upkeep\n|turn|12\n|\n|t:|1700447698\n|move|p2a: Kleavor|Stone Axe|p1a: Orthworm\n|-resisted|p1a: Orthworm\n|-damage|p1a: Orthworm|66\/100\n|move|p1a: Orthworm|Coil|p1a: Orthworm\n|-boost|p1a: Orthworm|atk|1\n|-boost|p1a: Orthworm|def|1\n|-boost|p1a: Orthworm|accuracy|1\n|\n|-heal|p1a: Orthworm|72\/100|[from] item: Leftovers\n|upkeep\n|turn|13\n|\n|t:|1700447708\n|move|p2a: Kleavor|Stone Axe|p1a: Orthworm\n|-resisted|p1a: Orthworm\n|-damage|p1a: Orthworm|62\/100\n|move|p1a: Orthworm|Coil|p1a: Orthworm\n|-boost|p1a: Orthworm|atk|1\n|-boost|p1a: Orthworm|def|1\n|-boost|p1a: Orthworm|accuracy|1\n|\n|-heal|p1a: Orthworm|68\/100|[from] item: Leftovers\n|upkeep\n|turn|14\n|\n|t:|1700447718\n|move|p2a: Kleavor|Night Slash|p1a: Orthworm\n|-damage|p1a: Orthworm|50\/100\n|move|p1a: Orthworm|Coil|p1a: Orthworm\n|-boost|p1a: Orthworm|atk|1\n|-boost|p1a: Orthworm|def|1\n|-boost|p1a: Orthworm|accuracy|1\n|\n|-heal|p1a: Orthworm|56\/100|[from] item: Leftovers\n|upkeep\n|turn|15\n|\n|t:|1700447728\n|move|p2a: Kleavor|Night Slash|p1a: Orthworm\n|-damage|p1a: Orthworm|39\/100\n|move|p1a: Orthworm|Body Press|p2a: Kleavor\n|-supereffective|p2a: Kleavor\n|-damage|p2a: Kleavor|0 fnt\n|faint|p2a: Kleavor\n|\n|-heal|p1a: Orthworm|45\/100|[from] item: Leftovers\n|upkeep\n|\n|t:|1700447742\n|switch|p2a: Arcanine|Arcanine-Hisui, M|100\/100\n|-damage|p2a: Arcanine|75\/100|[from] Stealth Rock\n|turn|16\n|\n|t:|1700447747\n|move|p2a: Arcanine|Close Combat|p1a: Orthworm\n|-supereffective|p1a: Orthworm\n|-damage|p1a: Orthworm|32\/100\n|-unboost|p2a: Arcanine|def|1\n|-unboost|p2a: Arcanine|spd|1\n|move|p1a: Orthworm|Body Press|p2a: Arcanine\n|-supereffective|p2a: Arcanine\n|-damage|p2a: Arcanine|0 fnt\n|faint|p2a: Arcanine\n|\n|-heal|p1a: Orthworm|38\/100|[from] item: Leftovers\n|upkeep\n|\n|t:|1700447764\n|switch|p2a: Dragalge|Dragalge, M|100\/100\n|-damage|p2a: Dragalge|88\/100|[from] Stealth Rock\n|turn|17\n|\n|t:|1700447771\n|move|p1a: Orthworm|Body Press|p2a: Dragalge\n|-resisted|p2a: Dragalge\n|-damage|p2a: Dragalge|13\/100\n|move|p2a: Dragalge|Scald|p1a: Orthworm\n|-damage|p1a: Orthworm|0 fnt\n|faint|p1a: Orthworm\n|-damage|p2a: Dragalge|3\/100|[from] item: Life Orb\n|\n|upkeep\n|\n|t:|1700447784\n|switch|p1a: Sneasler|Sneasler, M|100\/100\n|-damage|p1a: Sneasler|95\/100|[from] Stealth Rock\n|-item|p1a: Sneasler|Air Balloon\n|turn|18\n|\n|t:|1700447790\n|move|p1a: Sneasler|Toxic Spikes|p2a: Dragalge\n|-sidestart|p2: u675674|move: Toxic Spikes\n|move|p2a: Dragalge|Draco Meteor|p1a: Sneasler\n|-damage|p1a: Sneasler|0 fnt\n|-unboost|p2a: Dragalge|spa|2\n|-enditem|p1a: Sneasler|Air Balloon\n|faint|p1a: Sneasler\n|-damage|p2a: Dragalge|0 fnt|[from] item: Life Orb\n|faint|p2a: Dragalge\n|\n|upkeep\n|\n|t:|1700447806\n|switch|p1a: Ninetales|Ninetales-Alola, F|100\/100\n|switch|p2a: Dragonite|Dragonite, M, shiny|100\/100\n|-damage|p1a: Ninetales|76\/100|[from] Stealth Rock\n|-weather|Snow|[from] ability: Snow Warning|[of] p1a: Ninetales\n|-damage|p2a: Dragonite|75\/100|[from] Stealth Rock\n|turn|19\n|\n|t:|1700447816\n|move|p1a: Ninetales|Moonblast|p2a: Dragonite\n|-supereffective|p2a: Dragonite\n|-damage|p2a: Dragonite|1\/100\n|-enditem|p2a: Dragonite|Weakness Policy\n|-boost|p2a: Dragonite|atk|2|[from] item: Weakness Policy\n|-boost|p2a: Dragonite|spa|2|[from] item: Weakness Policy\n|move|p2a: Dragonite|Light Screen|p2a: Dragonite\n|-sidestart|p2: u675674|move: Light Screen\n|\n|-weather|Snow|[upkeep]\n|upkeep\n|turn|20\n|\n|t:|1700447827\n|-terastallize|p1a: Ninetales|Ghost\n|move|p1a: Ninetales|Moonblast|p2a: Dragonite\n|-supereffective|p2a: Dragonite\n|-damage|p2a: Dragonite|0 fnt\n|faint|p2a: Dragonite\n|\n|-weather|Snow|[upkeep]\n|upkeep\n|\n|t:|1700447836\n|switch|p2a: Golem|Golem-Alola, M|100\/100\n|-damage|p2a: Golem|88\/100|[from] Stealth Rock\n|-status|p2a: Golem|psn\n|turn|21\n|\n|t:|1700447843\n|move|p1a: Ninetales|Hex|p2a: Golem\n|-damage|p2a: Golem|55\/100 psn\n|move|p2a: Golem|Iron Head|p1a: Ninetales\n|-damage|p1a: Ninetales|33\/100\n|\n|-weather|Snow|[upkeep]\n|-heal|p2a: Golem|61\/100 psn|[from] item: Leftovers\n|-damage|p2a: Golem|49\/100 psn|[from] psn\n|upkeep\n|turn|22\n|\n|t:|1700447853\n|move|p1a: Ninetales|Hex|p2a: Golem\n|-damage|p2a: Golem|18\/100 psn\n|move|p2a: Golem|Body Slam|p1a: Ninetales\n|-damage|p1a: Ninetales|0 fnt\n|faint|p1a: Ninetales\n|\n|-weather|Snow|[upkeep]\n|-heal|p2a: Golem|24\/100 psn|[from] item: Leftovers\n|-damage|p2a: Golem|11\/100 psn|[from] psn\n|upkeep\n|\n|t:|1700447858\n|switch|p1a: Manaphy|Manaphy|100\/100\n|-damage|p1a: Manaphy|88\/100|[from] Stealth Rock\n|turn|23\n|\n|t:|1700447868\n|move|p1a: Manaphy|Scald|p2a: Golem\n|-supereffective|p2a: Golem\n|-damage|p2a: Golem|0 fnt\n|faint|p2a: Golem\n|\n|win|No Policy\n|raw|No Policy's rating: 1084 &rarr; <strong>1105<\/strong><br \/>(+21 for winning)\n|raw|u675674's rating: 1000 &rarr; <strong>1000<\/strong><br \/>(+0 for losing)\n","uploadtime":1700447872,"views":11,"p1id":"nopolicy","p2id":"u675674","formatid":"gen9ou","rating":1000,"private":0,"password":""}