{"id":"gen9ou-1995337539","p1":"THE_DOOOD","p2":"Mor0se","format":"[Gen 9] OU","log":"|j|\u2606THE_DOOOD\n|j|\u2606Mor0se\n|t:|1700556019\n|gametype|singles\n|player|p1|THE_DOOOD|gardenia|1114\n|player|p2|Mor0se|fantina|1049\n|teamsize|p1|6\n|teamsize|p2|5\n|gen|9\n|tier|[Gen 9] OU\n|rated|\n|rule|Sleep Clause Mod: Limit one foe put to sleep\n|rule|Species Clause: Limit one of each Pok\u00e9mon\n|rule|OHKO Clause: OHKO moves are banned\n|rule|Evasion Items Clause: Evasion items are banned\n|rule|Evasion Moves Clause: Evasion moves are banned\n|rule|Endless Battle Clause: Forcing endless battles is banned\n|rule|HP Percentage Mod: HP is shown in percentages\n|clearpoke\n|poke|p1|Delphox, M|\n|poke|p1|Dipplin, F|\n|poke|p1|Yanmega, F|\n|poke|p1|Orthworm, F|\n|poke|p1|Hariyama, M|\n|poke|p1|Stonjourner, F|\n|poke|p2|Dudunsparce-*, M|\n|poke|p2|Talonflame, M|\n|poke|p2|Hippowdon, M|\n|poke|p2|Arboliva, M|\n|poke|p2|Brute Bonnet|\n|teampreview\n|\n|t:|1700556038\n|start\n|switch|p1a: Orthworm|Orthworm, F|100\/100\n|switch|p2a: Dudunsparce|Dudunsparce, M|100\/100\n|turn|1\n|\n|t:|1700556043\n|move|p1a: Orthworm|Wrap|p2a: Dudunsparce\n|-damage|p2a: Dudunsparce|98\/100\n|-activate|p2a: Dudunsparce|move: Wrap|[of] p1a: Orthworm\n|move|p2a: Dudunsparce|Coil|p2a: Dudunsparce\n|-boost|p2a: Dudunsparce|atk|1\n|-boost|p2a: Dudunsparce|def|1\n|-boost|p2a: Dudunsparce|accuracy|1\n|\n|-damage|p2a: Dudunsparce|81\/100|[from] move: Wrap|[partiallytrapped]\n|upkeep\n|turn|2\n|\n|t:|1700556052\n|move|p1a: Orthworm|Body Press|p2a: Dudunsparce\n|-supereffective|p2a: Dudunsparce\n|-damage|p2a: Dudunsparce|38\/100\n|move|p2a: Dudunsparce|Coil|p2a: Dudunsparce\n|-boost|p2a: Dudunsparce|atk|1\n|-boost|p2a: Dudunsparce|def|1\n|-boost|p2a: Dudunsparce|accuracy|1\n|\n|-damage|p2a: Dudunsparce|21\/100|[from] move: Wrap|[partiallytrapped]\n|upkeep\n|turn|3\n|\n|t:|1700556059\n|move|p1a: Orthworm|Body Press|p2a: Dudunsparce\n|-supereffective|p2a: Dudunsparce\n|-damage|p2a: Dudunsparce|0 fnt\n|faint|p2a: Dudunsparce\n|\n|upkeep\n|\n|t:|1700556066\n|switch|p2a: Talonflame|Talonflame, M, shiny|100\/100\n|turn|4\n|\n|t:|1700556071\n|-terastallize|p1a: Orthworm|Electric\n|move|p2a: Talonflame|Flare Blitz|p1a: Orthworm\n|-damage|p1a: Orthworm|81\/100\n|-damage|p2a: Talonflame|94\/100|[from] Recoil\n|move|p1a: Orthworm|Wrap|p2a: Talonflame\n|-damage|p2a: Talonflame|91\/100\n|-activate|p2a: Talonflame|move: Wrap|[of] p1a: Orthworm\n|-status|p1a: Orthworm|brn|[from] ability: Flame Body|[of] p2a: Talonflame\n|\n|-damage|p1a: Orthworm|75\/100 brn|[from] brn\n|-damage|p2a: Talonflame|74\/100|[from] move: Wrap|[partiallytrapped]\n|upkeep\n|turn|5\n|\n|t:|1700556088\n|-terastallize|p2a: Talonflame|Fire\n|move|p2a: Talonflame|Flare Blitz|p1a: Orthworm\n|-damage|p1a: Orthworm|47\/100 brn\n|-damage|p2a: Talonflame|65\/100|[from] Recoil\n|move|p1a: Orthworm|Body Press|p2a: Talonflame\n|-damage|p2a: Talonflame|46\/100\n|\n|-damage|p1a: Orthworm|41\/100 brn|[from] brn\n|-damage|p2a: Talonflame|30\/100|[from] move: Wrap|[partiallytrapped]\n|upkeep\n|turn|6\n|\n|t:|1700556099\n|move|p2a: Talonflame|Flare Blitz|p1a: Orthworm\n|-damage|p1a: Orthworm|13\/100 brn\n|-damage|p2a: Talonflame|21\/100|[from] Recoil\n|move|p1a: Orthworm|Rest|p1a: Orthworm\n|-status|p1a: Orthworm|slp|[from] move: Rest\n|-heal|p1a: Orthworm|100\/100 slp|[silent]\n|\n|-damage|p2a: Talonflame|4\/100|[from] move: Wrap|[partiallytrapped]\n|upkeep\n|turn|7\n|\n|t:|1700556108\n|move|p2a: Talonflame|Flare Blitz|p1a: Orthworm\n|-damage|p1a: Orthworm|74\/100 slp\n|-damage|p2a: Talonflame|0 fnt|[from] Recoil\n|faint|p2a: Talonflame\n|cant|p1a: Orthworm|slp\n|move|p1a: Orthworm|Sleep Talk|p1a: Orthworm\n|move|p1a: Orthworm|Wrap|p2: Talonflame|[from]move: Sleep Talk|[notarget]\n|-fail|p1a: Orthworm\n|\n|upkeep\n|\n|t:|1700556117\n|switch|p2a: Hippowdon|Hippowdon, M, shiny|100\/100\n|-weather|Sandstorm|[from] ability: Sand Stream|[of] p2a: Hippowdon\n|turn|8\n|\n|t:|1700556125\n|cant|p1a: Orthworm|slp\n|move|p1a: Orthworm|Sleep Talk|p1a: Orthworm\n|move|p1a: Orthworm|Rest||[from]move: Sleep Talk|[still]\n|-fail|p1a: Orthworm\n|move|p2a: Hippowdon|High Horsepower|p1a: Orthworm\n|-heal|p1a: Orthworm|99\/100 slp|[from] ability: Earth Eater|[of] p2a: Hippowdon\n|\n|-weather|Sandstorm|[upkeep]\n|-damage|p1a: Orthworm|93\/100 slp|[from] Sandstorm\n|upkeep\n|turn|9\n|\n|t:|1700556139\n|-curestatus|p1a: Orthworm|slp|[msg]\n|move|p1a: Orthworm|Wrap|p2a: Hippowdon\n|-damage|p2a: Hippowdon|98\/100\n|-activate|p2a: Hippowdon|move: Wrap|[of] p1a: Orthworm\n|move|p2a: Hippowdon|Ice Fang|p1a: Orthworm\n|-damage|p1a: Orthworm|80\/100\n|\n|-weather|Sandstorm|[upkeep]\n|-damage|p1a: Orthworm|74\/100|[from] Sandstorm\n|-damage|p2a: Hippowdon|81\/100|[from] move: Wrap|[partiallytrapped]\n|upkeep\n|turn|10\n|\n|t:|1700556176\n|move|p1a: Orthworm|Body Press|p2a: Hippowdon\n|-damage|p2a: Hippowdon|56\/100\n|move|p2a: Hippowdon|Ice Fang|p1a: Orthworm\n|-damage|p1a: Orthworm|62\/100\n|\n|-weather|Sandstorm|[upkeep]\n|-damage|p1a: Orthworm|56\/100|[from] Sandstorm\n|-damage|p2a: Hippowdon|40\/100|[from] move: Wrap|[partiallytrapped]\n|upkeep\n|turn|11\n|\n|t:|1700556205\n|move|p1a: Orthworm|Body Press|p2a: Hippowdon\n|-damage|p2a: Hippowdon|16\/100\n|-enditem|p2a: Hippowdon|Aguav Berry|[eat]\n|-heal|p2a: Hippowdon|49\/100|[from] item: Aguav Berry\n|move|p2a: Hippowdon|Ice Fang|p1a: Orthworm\n|-damage|p1a: Orthworm|43\/100\n|\n|-weather|Sandstorm|[upkeep]\n|-damage|p1a: Orthworm|37\/100|[from] Sandstorm\n|-damage|p2a: Hippowdon|32\/100|[from] move: Wrap|[partiallytrapped]\n|upkeep\n|turn|12\n|\n|t:|1700556218\n|move|p1a: Orthworm|Rest|p1a: Orthworm\n|-status|p1a: Orthworm|slp|[from] move: Rest\n|-heal|p1a: Orthworm|100\/100 slp|[silent]\n|move|p2a: Hippowdon|Ice Fang|p1a: Orthworm\n|-damage|p1a: Orthworm|89\/100 slp\n|\n|-weather|none\n|-damage|p2a: Hippowdon|16\/100|[from] move: Wrap|[partiallytrapped]\n|upkeep\n|turn|13\n|\n|t:|1700556227\n|cant|p1a: Orthworm|slp\n|move|p1a: Orthworm|Sleep Talk|p1a: Orthworm\n|move|p1a: Orthworm|Wrap|p2a: Hippowdon|[from]move: Sleep Talk\n|-damage|p2a: Hippowdon|14\/100\n|move|p2a: Hippowdon|Ice Fang|p1a: Orthworm\n|-damage|p1a: Orthworm|78\/100 slp\n|\n|-damage|p2a: Hippowdon|0 fnt|[from] move: Wrap|[partiallytrapped]\n|faint|p2a: Hippowdon\n|upkeep\n|\n|t:|1700556238\n|switch|p2a: Brute Bonnet|Brute Bonnet|100\/100\n|-enditem|p2a: Brute Bonnet|Booster Energy\n|-activate|p2a: Brute Bonnet|ability: Protosynthesis|[fromitem]\n|-start|p2a: Brute Bonnet|protosynthesisatk\n|turn|14\n|\n|t:|1700556245\n|move|p2a: Brute Bonnet|Sucker Punch||[still]\n|-fail|p2a: Brute Bonnet\n|cant|p1a: Orthworm|slp\n|move|p1a: Orthworm|Sleep Talk|p1a: Orthworm\n|move|p1a: Orthworm|Wrap|p2a: Brute Bonnet|[from]move: Sleep Talk\n|-damage|p2a: Brute Bonnet|98\/100\n|-activate|p2a: Brute Bonnet|move: Wrap|[of] p1a: Orthworm\n|\n|-damage|p2a: Brute Bonnet|81\/100|[from] move: Wrap|[partiallytrapped]\n|upkeep\n|turn|15\n|\n|t:|1700556258\n|-curestatus|p1a: Orthworm|slp|[msg]\n|move|p1a: Orthworm|Body Press|p2a: Brute Bonnet\n|-supereffective|p2a: Brute Bonnet\n|-damage|p2a: Brute Bonnet|25\/100\n|move|p2a: Brute Bonnet|Seed Bomb|p1a: Orthworm\n|-damage|p1a: Orthworm|46\/100\n|\n|-damage|p2a: Brute Bonnet|8\/100|[from] move: Wrap|[partiallytrapped]\n|upkeep\n|turn|16\n|\n|t:|1700556285\n|move|p1a: Orthworm|Rest|p1a: Orthworm\n|-status|p1a: Orthworm|slp|[from] move: Rest\n|-heal|p1a: Orthworm|100\/100 slp|[silent]\n|move|p2a: Brute Bonnet|Seed Bomb|p1a: Orthworm\n|-damage|p1a: Orthworm|67\/100 slp\n|\n|-damage|p2a: Brute Bonnet|0 fnt|[from] move: Wrap|[partiallytrapped]\n|faint|p2a: Brute Bonnet\n|-end|p2a: Brute Bonnet|Protosynthesis|[silent]\n|upkeep\n|\n|t:|1700556293\n|switch|p2a: Arboliva|Arboliva, M|100\/100\n|turn|17\n|c|\u2606Mor0se|stop\n|\n|t:|1700556305\n|cant|p1a: Orthworm|slp\n|move|p1a: Orthworm|Sleep Talk|p1a: Orthworm\n|move|p1a: Orthworm|Wrap|p2a: Arboliva|[from]move: Sleep Talk\n|-damage|p2a: Arboliva|97\/100\n|-activate|p2a: Arboliva|move: Wrap|[of] p1a: Orthworm\n|move|p2a: Arboliva|Leech Seed|p1a: Orthworm\n|-start|p1a: Orthworm|move: Leech Seed\n|\n|-damage|p1a: Orthworm|55\/100 slp|[from] Leech Seed|[of] p2a: Arboliva\n|-heal|p2a: Arboliva|100\/100|[silent]\n|-damage|p2a: Arboliva|84\/100|[from] move: Wrap|[partiallytrapped]\n|upkeep\n|turn|18\n|\n|t:|1700556319\n|cant|p1a: Orthworm|slp\n|move|p1a: Orthworm|Sleep Talk|p1a: Orthworm\n|move|p1a: Orthworm|Rest||[from]move: Sleep Talk|[still]\n|-fail|p1a: Orthworm\n|move|p2a: Arboliva|Giga Drain|p1a: Orthworm\n|-damage|p1a: Orthworm|7\/100 slp\n|-heal|p2a: Arboliva|100\/100|[from] drain|[of] p1a: Orthworm\n|\n|-damage|p1a: Orthworm|0 fnt|[from] Leech Seed|[of] p2a: Arboliva\n|faint|p1a: Orthworm\n|-end|p2a: Arboliva|Wrap|[partiallytrapped]|[silent]\n|upkeep\n|\n|t:|1700556327\n|switch|p1a: Delphox|Delphox, M|100\/100\n|turn|19\n|c|\u2606Mor0se|my turn bich\n|\n|t:|1700556339\n|move|p1a: Delphox|Fire Blast|p2a: Arboliva\n|-supereffective|p2a: Arboliva\n|-damage|p2a: Arboliva|27\/100\n|-enditem|p2a: Arboliva|Sitrus Berry|[eat]\n|-heal|p2a: Arboliva|52\/100|[from] item: Sitrus Berry\n|move|p2a: Arboliva|Leech Seed|p1a: Delphox\n|-start|p1a: Delphox|move: Leech Seed\n|\n|-damage|p1a: Delphox|88\/100|[from] Leech Seed|[of] p2a: Arboliva\n|-heal|p2a: Arboliva|62\/100|[silent]\n|-item|p2a: Arboliva|Sitrus Berry|[from] ability: Harvest\n|upkeep\n|turn|20\n|\n|t:|1700556351\n|move|p2a: Arboliva|Protect|p2a: Arboliva\n|-singleturn|p2a: Arboliva|Protect\n|move|p1a: Delphox|Fire Blast|p2a: Arboliva\n|-activate|p2a: Arboliva|move: Protect\n|\n|-heal|p1a: Delphox|94\/100|[from] item: Leftovers\n|-damage|p1a: Delphox|82\/100|[from] Leech Seed|[of] p2a: Arboliva\n|-heal|p2a: Arboliva|72\/100|[silent]\n|upkeep\n|turn|21\n|c|\u2606THE_DOOOD|Lol\n|\n|t:|1700556368\n|move|p1a: Delphox|Fire Blast|p2a: Arboliva|[miss]\n|-miss|p1a: Delphox|p2a: Arboliva\n|move|p2a: Arboliva|Giga Drain|p1a: Delphox\n|-resisted|p1a: Delphox\n|-damage|p1a: Delphox|64\/100\n|-heal|p2a: Arboliva|79\/100|[from] drain|[of] p1a: Delphox\n|\n|-heal|p1a: Delphox|71\/100|[from] item: Leftovers\n|-damage|p1a: Delphox|58\/100|[from] Leech Seed|[of] p2a: Arboliva\n|-heal|p2a: Arboliva|89\/100|[silent]\n|upkeep\n|turn|22\n|\n|t:|1700556379\n|move|p1a: Delphox|Calm Mind|p1a: Delphox\n|-boost|p1a: Delphox|spa|1\n|-boost|p1a: Delphox|spd|1\n|move|p2a: Arboliva|Giga Drain|p1a: Delphox\n|-resisted|p1a: Delphox\n|-damage|p1a: Delphox|46\/100\n|-heal|p2a: Arboliva|94\/100|[from] drain|[of] p1a: Delphox\n|\n|-heal|p1a: Delphox|52\/100|[from] item: Leftovers\n|-damage|p1a: Delphox|40\/100|[from] Leech Seed|[of] p2a: Arboliva\n|-heal|p2a: Arboliva|100\/100|[silent]\n|upkeep\n|turn|23\n|\n|t:|1700556389\n|move|p2a: Arboliva|Protect|p2a: Arboliva\n|-singleturn|p2a: Arboliva|Protect\n|move|p1a: Delphox|Fire Blast|p2a: Arboliva\n|-activate|p2a: Arboliva|move: Protect\n|\n|-heal|p1a: Delphox|46\/100|[from] item: Leftovers\n|-damage|p1a: Delphox|33\/100|[from] Leech Seed|[of] p2a: Arboliva\n|upkeep\n|turn|24\n|\n|t:|1700556398\n|move|p1a: Delphox|Fire Blast|p2a: Arboliva\n|-supereffective|p2a: Arboliva\n|-damage|p2a: Arboliva|0 fnt\n|faint|p2a: Arboliva\n|\n|win|THE_DOOOD\n|raw|THE_DOOOD's rating: 1114 &rarr; <strong>1134<\/strong><br \/>(+20 for winning)\n|raw|Mor0se's rating: 1049 &rarr; <strong>1035<\/strong><br \/>(-14 for losing)\n|c|\u2606THE_DOOOD|gg\n|c|\u2606Mor0se|:(\n|l|\u2606Mor0se\n|c|\u2606THE_DOOOD|worm be wrappin\n","uploadtime":1700556423,"views":9,"p1id":"thedoood","p2id":"mor0se","formatid":"gen9ou","rating":1035,"private":0,"password":""}