{"id":"gen9ou-1993308461","p1":"SHROODLER","p2":"fregene97","format":"[Gen 9] OU","log":"|j|\u2606SHROODLER\n|j|\u2606fregene97\n|t:|1700295103\n|gametype|singles\n|player|p1|SHROODLER|theroyal|1125\n|player|p2|fregene97|harlequin|1145\n|teamsize|p1|6\n|teamsize|p2|6\n|gen|9\n|tier|[Gen 9] OU\n|rated|\n|rule|Sleep Clause Mod: Limit one foe put to sleep\n|rule|Species Clause: Limit one of each Pok\u00e9mon\n|rule|OHKO Clause: OHKO moves are banned\n|rule|Evasion Items Clause: Evasion items are banned\n|rule|Evasion Moves Clause: Evasion moves are banned\n|rule|Endless Battle Clause: Forcing endless battles is banned\n|rule|HP Percentage Mod: HP is shown in percentages\n|clearpoke\n|poke|p1|Farigiraf, M|\n|poke|p1|Thwackey, F|\n|poke|p1|Shroodle, F|\n|poke|p1|Dugtrio-Alola, F|\n|poke|p1|Vivillon-Pokeball, M|\n|poke|p1|Haunter, M|\n|poke|p2|Garganacl, F|\n|poke|p2|Great Tusk|\n|poke|p2|Gholdengo|\n|poke|p2|Iron Valiant|\n|poke|p2|Dragonite, F|\n|poke|p2|Zapdos|\n|teampreview\n|inactive|Battle timer is ON: inactive players will automatically lose when time's up. (requested by SHROODLER)\n|\n|t:|1700295108\n|start\n|switch|p1a: Dugtrio|Dugtrio-Alola, F|100\/100\n|switch|p2a: Garganacl|Garganacl, F|100\/100\n|turn|1\n|\n|t:|1700295120\n|move|p1a: Dugtrio|Stealth Rock|p2a: Garganacl\n|-sidestart|p2: fregene97|move: Stealth Rock\n|move|p2a: Garganacl|Curse|p2a: Garganacl\n|-unboost|p2a: Garganacl|spe|1\n|-boost|p2a: Garganacl|atk|1\n|-boost|p2a: Garganacl|def|1\n|\n|upkeep\n|turn|2\n|\n|t:|1700295124\n|move|p1a: Dugtrio|Earthquake|p2a: Garganacl\n|-supereffective|p2a: Garganacl\n|-damage|p2a: Garganacl|72\/100\n|move|p2a: Garganacl|Curse|p2a: Garganacl\n|-unboost|p2a: Garganacl|spe|1\n|-boost|p2a: Garganacl|atk|1\n|-boost|p2a: Garganacl|def|1\n|\n|-heal|p2a: Garganacl|78\/100|[from] item: Leftovers\n|upkeep\n|turn|3\n|\n|t:|1700295128\n|move|p1a: Dugtrio|Memento|p2a: Garganacl\n|-unboost|p2a: Garganacl|atk|2\n|-unboost|p2a: Garganacl|spa|2\n|faint|p1a: Dugtrio\n|move|p2a: Garganacl|Curse|p2a: Garganacl\n|-unboost|p2a: Garganacl|spe|1\n|-boost|p2a: Garganacl|atk|1\n|-boost|p2a: Garganacl|def|1\n|\n|-heal|p2a: Garganacl|84\/100|[from] item: Leftovers\n|upkeep\n|\n|t:|1700295130\n|switch|p1a: Thwackey|Thwackey, F|100\/100\n|-fieldstart|move: Grassy Terrain|[from] ability: Grassy Surge|[of] p1a: Thwackey\n|turn|4\n|\n|t:|1700295138\n|move|p1a: Thwackey|U-turn|p2a: Garganacl\n|-damage|p2a: Garganacl|80\/100\n|\n|t:|1700295140\n|switch|p1a: SHROODLE NATION|Shroodle, F|100\/100|[from] U-turn\n|-enditem|p1a: SHROODLE NATION|Grassy Seed\n|-boost|p1a: SHROODLE NATION|def|1|[from] item: Grassy Seed\n|move|p2a: Garganacl|Recover|p2a: Garganacl\n|-heal|p2a: Garganacl|100\/100\n|\n|upkeep\n|turn|5\n|\n|t:|1700295145\n|move|p1a: SHROODLE NATION|Encore|p2a: Garganacl\n|-start|p2a: Garganacl|Encore\n|move|p2a: Garganacl|Recover||[still]\n|-fail|p2a: Garganacl|heal\n|\n|upkeep\n|turn|6\n|\n|t:|1700295152\n|move|p1a: SHROODLE NATION|Swords Dance|p1a: SHROODLE NATION\n|-boost|p1a: SHROODLE NATION|atk|2\n|move|p2a: Garganacl|Recover||[still]\n|-fail|p2a: Garganacl|heal\n|\n|upkeep\n|turn|7\n|\n|t:|1700295155\n|move|p1a: SHROODLE NATION|Swords Dance|p1a: SHROODLE NATION\n|-boost|p1a: SHROODLE NATION|atk|2\n|move|p2a: Garganacl|Recover||[still]\n|-fail|p2a: Garganacl|heal\n|\n|-end|p2a: Garganacl|Encore\n|upkeep\n|turn|8\n|\n|t:|1700295159\n|move|p1a: SHROODLE NATION|Encore|p2a: Garganacl\n|-start|p2a: Garganacl|Encore\n|move|p2a: Garganacl|Recover||[still]\n|-fail|p2a: Garganacl|heal\n|\n|-fieldend|move: Grassy Terrain\n|upkeep\n|turn|9\n|\n|t:|1700295163\n|move|p1a: SHROODLE NATION|Swords Dance|p1a: SHROODLE NATION\n|-boost|p1a: SHROODLE NATION|atk|2\n|move|p2a: Garganacl|Recover||[still]\n|-fail|p2a: Garganacl|heal\n|\n|upkeep\n|turn|10\n|\n|t:|1700295170\n|move|p1a: SHROODLE NATION|Gunk Shot|p2a: Garganacl\n|-resisted|p2a: Garganacl\n|-damage|p2a: Garganacl|82\/100\n|move|p2a: Garganacl|Recover|p2a: Garganacl\n|-heal|p2a: Garganacl|100\/100\n|\n|-end|p2a: Garganacl|Encore\n|upkeep\n|turn|11\n|\n|t:|1700295173\n|move|p1a: SHROODLE NATION|Encore|p2a: Garganacl\n|-start|p2a: Garganacl|Encore\n|move|p2a: Garganacl|Recover||[still]\n|-fail|p2a: Garganacl|heal\n|\n|-end|p2a: Garganacl|Encore\n|upkeep\n|turn|12\n|\n|t:|1700295180\n|move|p1a: SHROODLE NATION|Gunk Shot|p2a: Garganacl\n|-resisted|p2a: Garganacl\n|-damage|p2a: Garganacl|82\/100\n|move|p2a: Garganacl|Earthquake|p1a: SHROODLE NATION\n|-supereffective|p1a: SHROODLE NATION\n|-damage|p1a: SHROODLE NATION|0 fnt\n|faint|p1a: SHROODLE NATION\n|\n|-heal|p2a: Garganacl|88\/100|[from] item: Leftovers\n|upkeep\n|\n|t:|1700295185\n|switch|p1a: Haunter|Haunter, M|100\/100\n|turn|13\n|\n|t:|1700295188\n|move|p1a: Haunter|Trick|p2a: Garganacl\n|-activate|p1a: Haunter|move: Trick|[of] p2a: Garganacl\n|-item|p2a: Garganacl|Choice Scarf|[from] move: Trick\n|-item|p1a: Haunter|Leftovers|[from] move: Trick\n|move|p2a: Garganacl|Curse|p2a: Garganacl\n|-unboost|p2a: Garganacl|spe|1\n|-boost|p2a: Garganacl|atk|1\n|-boost|p2a: Garganacl|def|1\n|\n|upkeep\n|turn|14\n|\n|t:|1700295200\n|switch|p1a: Thwackey|Thwackey, F|100\/100\n|-fieldstart|move: Grassy Terrain|[from] ability: Grassy Surge|[of] p1a: Thwackey\n|switch|p2a: Dragonite|Dragonite, F|100\/100\n|\n|upkeep\n|turn|15\n|\n|t:|1700295206\n|-terastallize|p2a: Dragonite|Normal\n|move|p1a: Thwackey|U-turn|p2a: Dragonite\n|-damage|p2a: Dragonite|90\/100\n|\n|t:|1700295213\n|switch|p1a: Farigiraf|Farigiraf, M|100\/100|[from] U-turn\n|-enditem|p1a: Farigiraf|Grassy Seed\n|-boost|p1a: Farigiraf|def|1|[from] item: Grassy Seed\n|move|p2a: Dragonite|Dragon Dance|p2a: Dragonite\n|-boost|p2a: Dragonite|atk|1\n|-boost|p2a: Dragonite|spe|1\n|\n|-heal|p2a: Dragonite|96\/100|[from] Grassy Terrain\n|upkeep\n|turn|16\n|\n|t:|1700295218\n|move|p2a: Dragonite|Earthquake|p1a: Farigiraf\n|-damage|p1a: Farigiraf|86\/100\n|move|p1a: Farigiraf|Calm Mind|p1a: Farigiraf\n|-boost|p1a: Farigiraf|spa|1\n|-boost|p1a: Farigiraf|spd|1\n|\n|-heal|p2a: Dragonite|100\/100|[from] Grassy Terrain\n|-heal|p1a: Farigiraf|92\/100|[from] Grassy Terrain\n|upkeep\n|turn|17\n|\n|t:|1700295225\n|move|p2a: Dragonite|Dragon Dance|p2a: Dragonite\n|-boost|p2a: Dragonite|atk|1\n|-boost|p2a: Dragonite|spe|1\n|move|p1a: Farigiraf|Calm Mind|p1a: Farigiraf\n|-boost|p1a: Farigiraf|spa|1\n|-boost|p1a: Farigiraf|spd|1\n|\n|-heal|p1a: Farigiraf|98\/100|[from] Grassy Terrain\n|upkeep\n|turn|18\n|\n|t:|1700295230\n|move|p2a: Dragonite|Ice Spinner|p1a: Farigiraf\n|-damage|p1a: Farigiraf|66\/100\n|-fieldend|move: Grassy Terrain\n|move|p1a: Farigiraf|Calm Mind|p1a: Farigiraf\n|-boost|p1a: Farigiraf|spa|1\n|-boost|p1a: Farigiraf|spd|1\n|\n|upkeep\n|turn|19\n|\n|t:|1700295233\n|move|p2a: Dragonite|Ice Spinner|p1a: Farigiraf\n|-damage|p1a: Farigiraf|39\/100\n|move|p1a: Farigiraf|Stored Power|p2a: Dragonite\n|-damage|p2a: Dragonite|28\/100\n|\n|upkeep\n|turn|20\n|\n|t:|1700295237\n|move|p2a: Dragonite|Ice Spinner|p1a: Farigiraf\n|-damage|p1a: Farigiraf|9\/100\n|move|p1a: Farigiraf|Stored Power|p2a: Dragonite\n|-damage|p2a: Dragonite|0 fnt\n|faint|p2a: Dragonite\n|\n|upkeep\n|\n|t:|1700295242\n|switch|p2a: Zapdos|Zapdos|100\/100\n|turn|21\n|\n|t:|1700295246\n|move|p2a: Zapdos|Discharge|p1a: Farigiraf\n|-damage|p1a: Farigiraf|0 fnt\n|faint|p1a: Farigiraf\n|\n|upkeep\n|\n|t:|1700295248\n|switch|p1a: Thwackey|Thwackey, F|100\/100\n|-fieldstart|move: Grassy Terrain|[from] ability: Grassy Surge|[of] p1a: Thwackey\n|turn|22\n|\n|t:|1700295250\n|move|p1a: Thwackey|U-turn|p2a: Zapdos\n|-resisted|p2a: Zapdos\n|-damage|p2a: Zapdos|92\/100\n|-status|p1a: Thwackey|par|[from] ability: Static|[of] p2a: Zapdos\n|\n|t:|1700295252\n|switch|p1a: Haunter|Haunter, M|100\/100|[from] U-turn\n|move|p2a: Zapdos|Heat Wave|p1a: Haunter|[miss]\n|-miss|p2a: Zapdos|p1a: Haunter\n|\n|upkeep\n|turn|23\n|\n|t:|1700295258\n|move|p1a: Haunter|Shadow Ball|p2a: Zapdos\n|-crit|p2a: Zapdos\n|-damage|p2a: Zapdos|54\/100\n|move|p2a: Zapdos|Hurricane|p1a: Haunter\n|-crit|p1a: Haunter\n|-damage|p1a: Haunter|0 fnt\n|faint|p1a: Haunter\n|\n|upkeep\n|\n|t:|1700295267\n|switch|p1a: Vivillon|Vivillon-Pokeball, M|100\/100\n|turn|24\n|\n|t:|1700295270\n|-terastallize|p1a: Vivillon|Ground\n|move|p1a: Vivillon|Quiver Dance|p1a: Vivillon\n|-boost|p1a: Vivillon|spa|1\n|-boost|p1a: Vivillon|spd|1\n|-boost|p1a: Vivillon|spe|1\n|move|p2a: Zapdos|Heat Wave|p1a: Vivillon\n|-damage|p1a: Vivillon|65\/100\n|-status|p1a: Vivillon|brn\n|\n|-heal|p1a: Vivillon|71\/100 brn|[from] Grassy Terrain\n|-damage|p1a: Vivillon|65\/100 brn|[from] brn\n|upkeep\n|turn|25\n|\n|t:|1700295279\n|move|p1a: Vivillon|Sleep Powder|p2a: Zapdos\n|-status|p2a: Zapdos|slp|[from] move: Sleep Powder\n|cant|p2a: Zapdos|slp\n|\n|-heal|p1a: Vivillon|71\/100 brn|[from] Grassy Terrain\n|-damage|p1a: Vivillon|65\/100 brn|[from] brn\n|upkeep\n|turn|26\n|\n|t:|1700295283\n|move|p1a: Vivillon|Quiver Dance|p1a: Vivillon\n|-boost|p1a: Vivillon|spa|1\n|-boost|p1a: Vivillon|spd|1\n|-boost|p1a: Vivillon|spe|1\n|cant|p2a: Zapdos|slp\n|\n|-heal|p1a: Vivillon|71\/100 brn|[from] Grassy Terrain\n|-damage|p1a: Vivillon|65\/100 brn|[from] brn\n|-fieldend|move: Grassy Terrain\n|upkeep\n|turn|27\n|\n|t:|1700295293\n|move|p1a: Vivillon|Hurricane|p2a: Zapdos\n|-resisted|p2a: Zapdos\n|-damage|p2a: Zapdos|20\/100 slp\n|cant|p2a: Zapdos|slp\n|\n|-damage|p1a: Vivillon|59\/100 brn|[from] brn\n|upkeep\n|turn|28\n|\n|t:|1700295297\n|move|p1a: Vivillon|Hurricane|p2a: Zapdos\n|-resisted|p2a: Zapdos\n|-damage|p2a: Zapdos|0 fnt\n|faint|p2a: Zapdos\n|\n|-damage|p1a: Vivillon|53\/100 brn|[from] brn\n|upkeep\n|\n|t:|1700295301\n|switch|p2a: Great Tusk|Great Tusk|100\/100\n|turn|29\n|\n|t:|1700295303\n|move|p1a: Vivillon|Hurricane|p2a: Great Tusk\n|-supereffective|p2a: Great Tusk\n|-damage|p2a: Great Tusk|0 fnt\n|faint|p2a: Great Tusk\n|-end|p2a: Great Tusk|Protosynthesis|[silent]\n|\n|-damage|p1a: Vivillon|47\/100 brn|[from] brn\n|upkeep\n|\n|t:|1700295308\n|switch|p2a: Gholdengo|Gholdengo|100\/100\n|-damage|p2a: Gholdengo|94\/100|[from] Stealth Rock\n|-item|p2a: Gholdengo|Air Balloon\n|turn|30\n|\n|t:|1700295321\n|move|p1a: Vivillon|Hurricane|p2a: Gholdengo\n|-resisted|p2a: Gholdengo\n|-crit|p2a: Gholdengo\n|-damage|p2a: Gholdengo|19\/100\n|-start|p2a: Gholdengo|confusion\n|-enditem|p2a: Gholdengo|Air Balloon\n|-activate|p2a: Gholdengo|confusion\n|-damage|p2a: Gholdengo|16\/100|[from] confusion\n|\n|-damage|p1a: Vivillon|41\/100 brn|[from] brn\n|upkeep\n|turn|31\n|\n|t:|1700295330\n|move|p1a: Vivillon|Tera Blast|p2a: Gholdengo|[anim] Tera Blast Ground\n|-supereffective|p2a: Gholdengo\n|-damage|p2a: Gholdengo|0 fnt\n|faint|p2a: Gholdengo\n|\n|-damage|p1a: Vivillon|35\/100 brn|[from] brn\n|upkeep\n|\n|t:|1700295334\n|switch|p2a: Garganacl|Garganacl, F|88\/100\n|-damage|p2a: Garganacl|76\/100|[from] Stealth Rock\n|turn|32\n|\n|t:|1700295339\n|move|p1a: Vivillon|Tera Blast|p2a: Garganacl|[anim] Tera Blast Ground\n|-supereffective|p2a: Garganacl\n|-damage|p2a: Garganacl|0 fnt\n|faint|p2a: Garganacl\n|\n|-damage|p1a: Vivillon|29\/100 brn|[from] brn\n|upkeep\n|\n|t:|1700295343\n|switch|p2a: Iron Valiant|Iron Valiant|100\/100\n|turn|33\n|\n|t:|1700295357\n|move|p1a: Vivillon|Hurricane|p2a: Iron Valiant\n|-supereffective|p2a: Iron Valiant\n|-damage|p2a: Iron Valiant|0 fnt\n|faint|p2a: Iron Valiant\n|-end|p2a: Iron Valiant|Quark Drive|[silent]\n|\n|win|SHROODLER\n|raw|SHROODLER's rating: 1125 &rarr; <strong>1151<\/strong><br \/>(+26 for winning)\n|raw|fregene97's rating: 1145 &rarr; <strong>1119<\/strong><br \/>(-26 for losing)\n|c|\u2606SHROODLER|gg\n","uploadtime":1700295363,"views":13,"p1id":"shroodler","p2id":"fregene97","formatid":"gen9ou","rating":1119,"private":0,"password":""}