{"id":"gen9ou-1990854458","p1":"Wo-Chielupa Deluxe","p2":"OUZD SUCKER PUNCH","format":"[Gen 9] OU","log":"|j|\u2606Wo-Chielupa Deluxe\n|j|\u2606OUZD SUCKER PUNCH\n|t:|1700007899\n|gametype|singles\n|player|p1|Wo-Chielupa Deluxe|ingo|1440\n|player|p2|OUZD SUCKER PUNCH|swimmerf-gen4|1488\n|teamsize|p1|6\n|teamsize|p2|6\n|gen|9\n|tier|[Gen 9] OU\n|rated|\n|rule|Sleep Clause Mod: Limit one foe put to sleep\n|rule|Species Clause: Limit one of each Pok\u00e9mon\n|rule|OHKO Clause: OHKO moves are banned\n|rule|Evasion Items Clause: Evasion items are banned\n|rule|Evasion Moves Clause: Evasion moves are banned\n|rule|Endless Battle Clause: Forcing endless battles is banned\n|rule|HP Percentage Mod: HP is shown in percentages\n|clearpoke\n|poke|p1|Torkoal, M|\n|poke|p1|Walking Wake|\n|poke|p1|Sneasler, F|\n|poke|p1|Rillaboom, F|\n|poke|p1|Great Tusk|\n|poke|p1|Zapdos|\n|poke|p2|Samurott-Hisui, F|\n|poke|p2|Gholdengo|\n|poke|p2|Ogerpon-Wellspring, F|\n|poke|p2|Cinderace, M|\n|poke|p2|Dragapult, M|\n|poke|p2|Great Tusk|\n|teampreview\n|inactive|Battle timer is ON: inactive players will automatically lose when time's up. (requested by OUZD SUCKER PUNCH)\n|\n|t:|1700007908\n|start\n|switch|p1a: Zapdos|Zapdos|100\/100\n|switch|p2a: Dragapult|Dragapult, M|100\/100\n|turn|1\n|\n|t:|1700007914\n|move|p2a: Dragapult|Draco Meteor|p1a: Zapdos\n|-damage|p1a: Zapdos|15\/100\n|-unboost|p2a: Dragapult|spa|2\n|move|p1a: Zapdos|U-turn|p2a: Dragapult\n|-resisted|p2a: Dragapult\n|-damage|p2a: Dragapult|92\/100\n|\n|t:|1700007920\n|switch|p1a: Rillaboom|Rillaboom, F|100\/100|[from] U-turn\n|-fieldstart|move: Grassy Terrain|[from] ability: Grassy Surge|[of] p1a: Rillaboom\n|\n|-heal|p2a: Dragapult|98\/100|[from] Grassy Terrain\n|upkeep\n|turn|2\n|\n|t:|1700007932\n|switch|p2a: Cinderace|Cinderace, M|100\/100\n|move|p1a: Rillaboom|Knock Off|p2a: Cinderace\n|-damage|p2a: Cinderace|16\/100\n|-enditem|p2a: Cinderace|Heavy-Duty Boots|[from] move: Knock Off|[of] p1a: Rillaboom\n|\n|-heal|p2a: Cinderace|22\/100|[from] Grassy Terrain\n|upkeep\n|turn|3\n|\n|t:|1700007939\n|switch|p1a: Zapdos|Zapdos|15\/100\n|move|p2a: Cinderace|Pyro Ball|p1a: Zapdos\n|-damage|p1a: Zapdos|0 fnt\n|faint|p1a: Zapdos\n|\n|-heal|p2a: Cinderace|28\/100|[from] Grassy Terrain\n|upkeep\n|\n|t:|1700007945\n|switch|p1a: Sneasler|Sneasler, F|100\/100\n|-enditem|p1a: Sneasler|Grassy Seed\n|-boost|p1a: Sneasler|def|1|[from] item: Grassy Seed\n|turn|4\n|\n|t:|1700007949\n|move|p1a: Sneasler|Shadow Claw|p2a: Cinderace\n|-damage|p2a: Cinderace|0 fnt\n|faint|p2a: Cinderace\n|\n|upkeep\n|\n|t:|1700007955\n|switch|p2a: Gholdengo|Gholdengo|100\/100\n|turn|5\n|\n|t:|1700007960\n|move|p1a: Sneasler|Shadow Claw|p2a: Gholdengo\n|-supereffective|p2a: Gholdengo\n|-damage|p2a: Gholdengo|63\/100\n|move|p2a: Gholdengo|Make It Rain|p1a: Sneasler\n|-damage|p1a: Sneasler|44\/100\n|-unboost|p2a: Gholdengo|spa|1\n|\n|-heal|p1a: Sneasler|50\/100|[from] Grassy Terrain\n|-heal|p2a: Gholdengo|70\/100|[from] Grassy Terrain\n|-heal|p2a: Gholdengo|76\/100|[from] item: Leftovers\n|-fieldend|move: Grassy Terrain\n|upkeep\n|turn|6\n|\n|t:|1700007968\n|move|p1a: Sneasler|Swords Dance|p1a: Sneasler\n|-boost|p1a: Sneasler|atk|2\n|move|p2a: Gholdengo|Nasty Plot|p2a: Gholdengo\n|-boost|p2a: Gholdengo|spa|2\n|\n|-heal|p2a: Gholdengo|82\/100|[from] item: Leftovers\n|upkeep\n|turn|7\n|\n|t:|1700007977\n|-terastallize|p1a: Sneasler|Ghost\n|move|p1a: Sneasler|Shadow Claw|p2a: Gholdengo\n|-supereffective|p2a: Gholdengo\n|-damage|p2a: Gholdengo|0 fnt\n|faint|p2a: Gholdengo\n|\n|upkeep\n|\n|t:|1700007988\n|switch|p2a: Great Tusk|Great Tusk|100\/100\n|turn|8\n|\n|t:|1700007992\n|move|p1a: Sneasler|Close Combat|p2a: Great Tusk\n|-damage|p2a: Great Tusk|33\/100\n|-unboost|p1a: Sneasler|def|1\n|-unboost|p1a: Sneasler|spd|1\n|move|p2a: Great Tusk|Knock Off|p1a: Sneasler\n|-supereffective|p1a: Sneasler\n|-damage|p1a: Sneasler|0 fnt\n|faint|p1a: Sneasler\n|\n|-heal|p2a: Great Tusk|40\/100|[from] item: Leftovers\n|upkeep\n|\n|t:|1700008001\n|switch|p1a: Rillaboom|Rillaboom, F|100\/100\n|-fieldstart|move: Grassy Terrain|[from] ability: Grassy Surge|[of] p1a: Rillaboom\n|turn|9\n|\n|t:|1700008015\n|-end|p2a: Great Tusk|Protosynthesis|[silent]\n|switch|p2a: Dragapult|Dragapult, M|98\/100\n|move|p1a: Rillaboom|Grassy Glide|p2a: Dragapult\n|-resisted|p2a: Dragapult\n|-damage|p2a: Dragapult|56\/100\n|\n|-heal|p2a: Dragapult|62\/100|[from] Grassy Terrain\n|upkeep\n|turn|10\n|\n|t:|1700008022\n|switch|p1a: Great Tusk|Great Tusk|100\/100\n|move|p2a: Dragapult|Draco Meteor|p1a: Great Tusk\n|-damage|p1a: Great Tusk|0 fnt\n|-unboost|p2a: Dragapult|spa|2\n|faint|p1a: Great Tusk\n|-end|p1a: Great Tusk|Protosynthesis|[silent]\n|\n|-heal|p2a: Dragapult|68\/100|[from] Grassy Terrain\n|upkeep\n|\n|t:|1700008038\n|switch|p1a: Torkoal|Torkoal, M|100\/100\n|-weather|SunnyDay|[from] ability: Drought|[of] p1a: Torkoal\n|turn|11\n|\n|t:|1700008043\n|switch|p2a: Ogerpon|Ogerpon-Wellspring, F|100\/100\n|move|p1a: Torkoal|Stealth Rock|p2a: Ogerpon\n|-sidestart|p2: OUZD SUCKER PUNCH|move: Stealth Rock\n|\n|-weather|SunnyDay|[upkeep]\n|upkeep\n|turn|12\n|\n|t:|1700008049\n|move|p2a: Ogerpon|Encore|p1a: Torkoal\n|-start|p1a: Torkoal|Encore\n|move|p1a: Torkoal|Stealth Rock||[still]\n|-fail|p1a: Torkoal\n|\n|-weather|SunnyDay|[upkeep]\n|upkeep\n|turn|13\n|\n|t:|1700008055\n|switch|p1a: Rillaboom|Rillaboom, F|100\/100\n|move|p2a: Ogerpon|Swords Dance|p2a: Ogerpon\n|-boost|p2a: Ogerpon|atk|2\n|\n|-weather|SunnyDay|[upkeep]\n|-fieldend|move: Grassy Terrain\n|upkeep\n|turn|14\n|\n|t:|1700008060\n|switch|p2a: Great Tusk|Great Tusk|40\/100\n|-damage|p2a: Great Tusk|37\/100|[from] Stealth Rock\n|-activate|p2a: Great Tusk|ability: Protosynthesis\n|-start|p2a: Great Tusk|protosynthesisdef\n|move|p1a: Rillaboom|Wood Hammer|p2a: Great Tusk\n|-supereffective|p2a: Great Tusk\n|-damage|p2a: Great Tusk|0 fnt\n|faint|p2a: Great Tusk\n|-end|p2a: Great Tusk|Protosynthesis|[silent]\n|-damage|p1a: Rillaboom|85\/100|[from] Recoil\n|\n|-weather|SunnyDay|[upkeep]\n|upkeep\n|\n|t:|1700008069\n|switch|p2a: Dragapult|Dragapult, M|68\/100\n|-damage|p2a: Dragapult|56\/100|[from] Stealth Rock\n|turn|15\n|\n|t:|1700008072\n|switch|p1a: Torkoal|Torkoal, M|100\/100\n|move|p2a: Dragapult|Draco Meteor|p1a: Torkoal\n|-damage|p1a: Torkoal|0 fnt\n|-unboost|p2a: Dragapult|spa|2\n|faint|p1a: Torkoal\n|\n|-weather|SunnyDay|[upkeep]\n|upkeep\n|\n|t:|1700008074\n|switch|p1a: Walking Wake|Walking Wake|100\/100\n|-activate|p1a: Walking Wake|ability: Protosynthesis\n|-start|p1a: Walking Wake|protosynthesisspe\n|turn|16\n|\n|t:|1700008078\n|switch|p2a: Samurott|Samurott-Hisui, F|100\/100\n|-damage|p2a: Samurott|88\/100|[from] Stealth Rock\n|move|p1a: Walking Wake|Dragon Pulse|p2a: Samurott\n|-damage|p2a: Samurott|22\/100\n|\n|-weather|SunnyDay|[upkeep]\n|upkeep\n|turn|17\n|\n|t:|1700008086\n|move|p2a: Samurott|Aqua Jet|p1a: Walking Wake\n|-resisted|p1a: Walking Wake\n|-damage|p1a: Walking Wake|98\/100\n|move|p1a: Walking Wake|Dragon Pulse|p2a: Samurott\n|-damage|p2a: Samurott|0 fnt\n|faint|p2a: Samurott\n|\n|-weather|SunnyDay|[upkeep]\n|upkeep\n|\n|t:|1700008089\n|switch|p2a: Ogerpon|Ogerpon-Wellspring, F|100\/100\n|-damage|p2a: Ogerpon|88\/100|[from] Stealth Rock\n|turn|18\n|\n|t:|1700008095\n|-end|p1a: Walking Wake|Protosynthesis|[silent]\n|switch|p1a: Rillaboom|Rillaboom, F|85\/100\n|-fieldstart|move: Grassy Terrain|[from] ability: Grassy Surge|[of] p1a: Rillaboom\n|-terastallize|p2a: Ogerpon|Water\n|detailschange|p2a: Ogerpon|Ogerpon-Wellspring-Tera, F, tera:Water\n|-ability|p2a: Ogerpon|Embody Aspect (Wellspring)|boost\n|-boost|p2a: Ogerpon|spd|1\n|move|p2a: Ogerpon|Power Whip|p1a: Rillaboom\n|-resisted|p1a: Rillaboom\n|-damage|p1a: Rillaboom|35\/100\n|\n|-weather|none\n|-heal|p2a: Ogerpon|94\/100|[from] Grassy Terrain\n|-heal|p1a: Rillaboom|41\/100|[from] Grassy Terrain\n|upkeep\n|turn|19\n|\n|t:|1700008106\n|switch|p2a: Dragapult|Dragapult, M|56\/100\n|-damage|p2a: Dragapult|44\/100|[from] Stealth Rock\n|move|p1a: Rillaboom|Grassy Glide|p2a: Dragapult\n|-resisted|p2a: Dragapult\n|-damage|p2a: Dragapult|6\/100\n|\n|-heal|p2a: Dragapult|12\/100|[from] Grassy Terrain\n|-heal|p1a: Rillaboom|47\/100|[from] Grassy Terrain\n|upkeep\n|turn|20\n|\n|t:|1700008116\n|move|p1a: Rillaboom|Grassy Glide|p2a: Dragapult\n|-resisted|p2a: Dragapult\n|-damage|p2a: Dragapult|0 fnt\n|faint|p2a: Dragapult\n|\n|-heal|p1a: Rillaboom|54\/100|[from] Grassy Terrain\n|upkeep\n|\n|t:|1700008118\n|switch|p2a: Ogerpon|Ogerpon-Wellspring-Tera, F, tera:Water|94\/100\n|-damage|p2a: Ogerpon|82\/100|[from] Stealth Rock\n|-ability|p2a: Ogerpon|Embody Aspect (Wellspring)|boost\n|-boost|p2a: Ogerpon|spd|1\n|turn|21\n|\n|t:|1700008121\n|move|p1a: Rillaboom|Grassy Glide|p2a: Ogerpon\n|-supereffective|p2a: Ogerpon\n|-damage|p2a: Ogerpon|0 fnt\n|faint|p2a: Ogerpon\n|\n|win|Wo-Chielupa Deluxe\n|raw|Wo-Chielupa Deluxe's rating: 1440 &rarr; <strong>1463<\/strong><br \/>(+23 for winning)\n|raw|OUZD SUCKER PUNCH's rating: 1488 &rarr; <strong>1465<\/strong><br \/>(-23 for losing)\n|l|\u2606OUZD SUCKER PUNCH\n","uploadtime":1700008166,"views":14,"p1id":"wochielupadeluxe","p2id":"ouzdsuckerpunch","formatid":"gen9ou","rating":1463,"private":0,"password":""}