{"id":"gen9ou-1995826728","p1":"Fs97","p2":"QuackBarz","format":"[Gen 9] OU","log":"|j|\u2606Fs97\n|j|\u2606QuackBarz\n|t:|1700607007\n|gametype|singles\n|player|p1|Fs97|102|1224\n|player|p2|QuackBarz|170|1155\n|teamsize|p1|6\n|teamsize|p2|6\n|gen|9\n|tier|[Gen 9] OU\n|rated|\n|rule|Sleep Clause Mod: Limit one foe put to sleep\n|rule|Species Clause: Limit one of each Pok\u00e9mon\n|rule|OHKO Clause: OHKO moves are banned\n|rule|Evasion Items Clause: Evasion items are banned\n|rule|Evasion Moves Clause: Evasion moves are banned\n|rule|Endless Battle Clause: Forcing endless battles is banned\n|rule|HP Percentage Mod: HP is shown in percentages\n|clearpoke\n|poke|p1|Ceruledge, F|\n|poke|p1|Hatterene, F|\n|poke|p1|Glimmora, M|\n|poke|p1|Dragapult, F|\n|poke|p1|Greninja-*, M|\n|poke|p1|Great Tusk|\n|poke|p2|Gastrodon, M|\n|poke|p2|Landorus-Therian, M|\n|poke|p2|Mandibuzz, F|\n|poke|p2|Gengar, M|\n|poke|p2|Zapdos|\n|poke|p2|Weavile, F|\n|teampreview\n|inactive|Battle timer is ON: inactive players will automatically lose when time's up. (requested by Fs97)\n|\n|t:|1700607019\n|start\n|switch|p1a: Glimmora|Glimmora, M|100\/100\n|switch|p2a: Weavile|Weavile, F|100\/100\n|turn|1\n|\n|t:|1700607025\n|move|p2a: Weavile|Icicle Crash|p1a: Glimmora\n|-damage|p1a: Glimmora|39\/100\n|-activate|p1a: Glimmora|ability: Toxic Debris\n|-sidestart|p2: QuackBarz|move: Toxic Spikes\n|move|p1a: Glimmora|Power Gem|p2a: Weavile\n|-supereffective|p2a: Weavile\n|-damage|p2a: Weavile|0 fnt\n|faint|p2a: Weavile\n|\n|upkeep\n|\n|t:|1700607029\n|switch|p2a: Gengar|Gengar, M|100\/100\n|-sideend|p2: QuackBarz|move: Toxic Spikes|[of] p2a: Gengar\n|turn|2\n|\n|t:|1700607035\n|switch|p1a: Greninja|Greninja, M|100\/100\n|move|p2a: Gengar|Shadow Ball|p1a: Greninja\n|-resisted|p1a: Greninja\n|-damage|p1a: Greninja|70\/100\n|\n|upkeep\n|turn|3\n|\n|t:|1700607041\n|switch|p2a: Gastrodon|Gastrodon, M|100\/100\n|move|p1a: Greninja|Dark Pulse|p2a: Gastrodon\n|-damage|p2a: Gastrodon|55\/100\n|-damage|p1a: Greninja|60\/100|[from] item: Life Orb\n|\n|-heal|p2a: Gastrodon|61\/100|[from] item: Leftovers\n|upkeep\n|turn|4\n|\n|t:|1700607046\n|switch|p1a: Hatterene|Hatterene, F|100\/100\n|move|p2a: Gastrodon|Recover|p2a: Gastrodon\n|-heal|p2a: Gastrodon|100\/100\n|\n|upkeep\n|turn|5\n|\n|t:|1700607051\n|switch|p2a: Gengar|Gengar, M|100\/100\n|move|p1a: Hatterene|Trick|p2a: Gengar\n|-activate|p1a: Hatterene|move: Trick|[of] p2a: Gengar\n|-item|p2a: Gengar|Choice Specs|[from] move: Trick\n|-item|p1a: Hatterene|Choice Scarf|[from] move: Trick\n|\n|upkeep\n|turn|6\n|\n|t:|1700607070\n|move|p2a: Gengar|Shadow Ball|p1a: Hatterene\n|-supereffective|p1a: Hatterene\n|-damage|p1a: Hatterene|0 fnt\n|faint|p1a: Hatterene\n|\n|upkeep\n|\n|t:|1700607073\n|switch|p1a: Dragapult|Dragapult, F|100\/100\n|turn|7\n|\n|t:|1700607077\n|switch|p2a: Mandibuzz|Mandibuzz, F|100\/100\n|move|p1a: Dragapult|Shadow Ball|p2a: Mandibuzz\n|-resisted|p2a: Mandibuzz\n|-damage|p2a: Mandibuzz|80\/100\n|\n|-heal|p2a: Mandibuzz|86\/100|[from] item: Leftovers\n|upkeep\n|turn|8\n|\n|t:|1700607104\n|switch|p1a: Glimmora|Glimmora, M|39\/100\n|switch|p2a: Gengar|Gengar, M|100\/100\n|\n|upkeep\n|turn|9\n|\n|t:|1700607111\n|move|p2a: Gengar|Shadow Ball|p1a: Glimmora\n|-damage|p1a: Glimmora|0 fnt\n|faint|p1a: Glimmora\n|\n|upkeep\n|\n|t:|1700607115\n|switch|p1a: Ceruledge|Ceruledge, F|100\/100\n|turn|10\n|\n|t:|1700607121\n|move|p2a: Gengar|Shadow Ball|p1a: Ceruledge\n|-supereffective|p1a: Ceruledge\n|-crit|p1a: Ceruledge\n|-enditem|p1a: Ceruledge|Focus Sash\n|-damage|p1a: Ceruledge|1\/100\n|move|p1a: Ceruledge|Poltergeist|p2a: Gengar\n|-activate|p2a: Gengar|move: Poltergeist|Choice Specs\n|-supereffective|p2a: Gengar\n|-damage|p2a: Gengar|0 fnt\n|faint|p2a: Gengar\n|\n|upkeep\n|\n|t:|1700607136\n|switch|p2a: Landorus|Landorus-Therian, M|100\/100\n|-ability|p2a: Landorus|Intimidate|boost\n|-unboost|p1a: Ceruledge|atk|1\n|turn|11\n|\n|t:|1700607142\n|move|p2a: Landorus|U-turn|p1a: Ceruledge\n|-resisted|p1a: Ceruledge\n|-damage|p1a: Ceruledge|0 fnt\n|faint|p1a: Ceruledge\n|\n|t:|1700607148\n|switch|p2a: Gastrodon|Gastrodon, M|100\/100|[from] U-turn\n|\n|upkeep\n|\n|t:|1700607156\n|switch|p1a: Dragapult|Dragapult, F|100\/100\n|turn|12\n|\n|t:|1700607162\n|move|p1a: Dragapult|Draco Meteor|p2a: Gastrodon\n|-damage|p2a: Gastrodon|19\/100\n|-unboost|p1a: Dragapult|spa|2\n|move|p2a: Gastrodon|Recover|p2a: Gastrodon\n|-heal|p2a: Gastrodon|69\/100\n|\n|-heal|p2a: Gastrodon|75\/100|[from] item: Leftovers\n|upkeep\n|turn|13\n|\n|t:|1700607167\n|switch|p1a: Greninja|Greninja, M|60\/100\n|move|p2a: Gastrodon|Earth Power|p1a: Greninja\n|-damage|p1a: Greninja|0 fnt\n|faint|p1a: Greninja\n|\n|-heal|p2a: Gastrodon|82\/100|[from] item: Leftovers\n|upkeep\n|-message|Fs97 forfeited.\n|\n|win|QuackBarz\n|raw|Fs97's rating: 1224 &rarr; <strong>1194<\/strong><br \/>(-30 for losing)\n|raw|QuackBarz's rating: 1155 &rarr; <strong>1185<\/strong><br \/>(+30 for winning)\n|l|\u2606Fs97\n","uploadtime":1700607177,"views":7,"p1id":"fs97","p2id":"quackbarz","formatid":"gen9ou","rating":1185,"private":0,"password":""}