{"id":"gen9ou-1994226210","p1":"RespiraProfundo","p2":"ChillLanturnYT","format":"[Gen 9] OU","log":"|j|\u2606RespiraProfundo\n|j|\u2606ChillLanturnYT\n|t:|1700420945\n|gametype|singles\n|player|p1|RespiraProfundo|marshal|1119\n|player|p2|ChillLanturnYT|palmer|1126\n|teamsize|p1|6\n|teamsize|p2|6\n|gen|9\n|tier|[Gen 9] OU\n|rated|\n|rule|Sleep Clause Mod: Limit one foe put to sleep\n|rule|Species Clause: Limit one of each Pok\u00e9mon\n|rule|OHKO Clause: OHKO moves are banned\n|rule|Evasion Items Clause: Evasion items are banned\n|rule|Evasion Moves Clause: Evasion moves are banned\n|rule|Endless Battle Clause: Forcing endless battles is banned\n|rule|HP Percentage Mod: HP is shown in percentages\n|clearpoke\n|poke|p1|Pelipper, F|\n|poke|p1|Overqwil, M|\n|poke|p1|Zapdos|\n|poke|p1|Basculegion-F, F|\n|poke|p1|Goodra, M|\n|poke|p1|Alomomola, M|\n|poke|p2|Toxapex, F|\n|poke|p2|Glimmora, F|\n|poke|p2|Sneasler, F|\n|poke|p2|Clodsire, M|\n|poke|p2|Muk-Alola, F|\n|poke|p2|Haunter, M|\n|teampreview\n|\n|t:|1700420953\n|start\n|switch|p1a: Pelipper|Pelipper, F|100\/100\n|switch|p2a: Muk|Muk-Alola, F|100\/100\n|-weather|RainDance|[from] ability: Drizzle|[of] p1a: Pelipper\n|turn|1\n|\n|t:|1700420961\n|switch|p1a: Zapdos|Zapdos|100\/100\n|move|p2a: Muk|Knock Off|p1a: Zapdos\n|-damage|p1a: Zapdos|50\/100\n|-enditem|p1a: Zapdos|Life Orb|[from] move: Knock Off|[of] p2a: Muk\n|\n|-weather|RainDance|[upkeep]\n|upkeep\n|turn|2\n|\n|t:|1700420967\n|move|p1a: Zapdos|Thunder|p2a: Muk\n|-damage|p2a: Muk|73\/100\n|move|p2a: Muk|Poison Jab|p1a: Zapdos\n|-damage|p1a: Zapdos|6\/100\n|-status|p1a: Zapdos|psn|[from] ability: Poison Touch|[of] p2a: Muk\n|\n|-weather|RainDance|[upkeep]\n|-damage|p1a: Zapdos|0 fnt|[from] psn\n|faint|p1a: Zapdos\n|upkeep\n|\n|t:|1700420979\n|switch|p1a: Alomomola|Alomomola, M|100\/100\n|turn|3\n|\n|t:|1700420984\n|move|p1a: Alomomola|Scald|p2a: Muk\n|-damage|p2a: Muk|62\/100\n|-status|p2a: Muk|brn\n|move|p2a: Muk|Thunder Punch|p1a: Alomomola\n|-supereffective|p1a: Alomomola\n|-damage|p1a: Alomomola|88\/100\n|-damage|p2a: Muk|46\/100 brn|[from] item: Rocky Helmet|[of] p1a: Alomomola\n|\n|-weather|RainDance|[upkeep]\n|-damage|p2a: Muk|40\/100 brn|[from] brn\n|upkeep\n|turn|4\n|\n|t:|1700420992\n|switch|p2a: Clodsire|Clodsire, M|100\/100\n|move|p1a: Alomomola|Soak|p2a: Clodsire\n|-immune|p2a: Clodsire|[from] ability: Water Absorb\n|\n|-weather|RainDance|[upkeep]\n|upkeep\n|turn|5\n|\n|t:|1700421001\n|switch|p1a: Overqwil|Overqwil, M|100\/100\n|move|p2a: Clodsire|Toxic Spikes|p1a: Overqwil\n|-sidestart|p1: RespiraProfundo|move: Toxic Spikes\n|\n|-weather|RainDance|[upkeep]\n|upkeep\n|turn|6\n|\n|t:|1700421007\n|move|p1a: Overqwil|Crunch|p2a: Clodsire\n|-damage|p2a: Clodsire|35\/100\n|-damage|p1a: Overqwil|91\/100|[from] item: Life Orb\n|move|p2a: Clodsire|Earthquake|p1a: Overqwil\n|-supereffective|p1a: Overqwil\n|-damage|p1a: Overqwil|22\/100\n|\n|-weather|RainDance|[upkeep]\n|-heal|p2a: Clodsire|42\/100|[from] item: Leftovers\n|upkeep\n|turn|7\n|\n|t:|1700421016\n|switch|p2a: Sneasler|Sneasler, F|100\/100\n|move|p1a: Overqwil|Crunch|p2a: Sneasler\n|-resisted|p2a: Sneasler\n|-damage|p2a: Sneasler|55\/100\n|-damage|p1a: Overqwil|12\/100|[from] item: Life Orb\n|\n|-weather|RainDance|[upkeep]\n|upkeep\n|turn|8\n|\n|t:|1700421022\n|switch|p1a: Alomomola|Alomomola, M|88\/100\n|-status|p1a: Alomomola|psn\n|move|p2a: Sneasler|U-turn|p1a: Alomomola\n|-damage|p1a: Alomomola|76\/100 psn\n|-damage|p2a: Sneasler|39\/100|[from] item: Rocky Helmet|[of] p1a: Alomomola\n|\n|t:|1700421026\n|switch|p2a: Toxapex|Toxapex, F|100\/100|[from] U-turn\n|\n|-weather|none\n|-damage|p1a: Alomomola|63\/100 psn|[from] psn\n|upkeep\n|turn|9\n|\n|t:|1700421030\n|move|p1a: Alomomola|Soak|p2a: Toxapex\n|-start|p2a: Toxapex|typechange|Water\n|move|p2a: Toxapex|Poison Jab|p1a: Alomomola\n|-crit|p1a: Alomomola\n|-damage|p1a: Alomomola|48\/100 psn\n|-damage|p2a: Toxapex|84\/100|[from] item: Rocky Helmet|[of] p1a: Alomomola\n|\n|-heal|p2a: Toxapex|90\/100|[from] item: Leftovers\n|-damage|p1a: Alomomola|36\/100 psn|[from] psn\n|upkeep\n|turn|10\n|\n|t:|1700421041\n|switch|p2a: Clodsire|Clodsire, M|42\/100\n|move|p1a: Alomomola|Rest|p1a: Alomomola\n|-status|p1a: Alomomola|slp|[from] move: Rest\n|-heal|p1a: Alomomola|100\/100 slp|[silent]\n|\n|-heal|p2a: Clodsire|48\/100|[from] item: Leftovers\n|upkeep\n|turn|11\n|\n|t:|1700421048\n|switch|p1a: Pelipper|Pelipper, F|100\/100\n|-weather|RainDance|[from] ability: Drizzle|[of] p1a: Pelipper\n|move|p2a: Clodsire|Poison Jab|p1a: Pelipper\n|-damage|p1a: Pelipper|79\/100\n|\n|-weather|RainDance|[upkeep]\n|-heal|p2a: Clodsire|54\/100|[from] item: Leftovers\n|upkeep\n|turn|12\n|\n|t:|1700421053\n|move|p1a: Pelipper|Hurricane|p2a: Clodsire\n|-damage|p2a: Clodsire|27\/100\n|move|p2a: Clodsire|Recover|p2a: Clodsire\n|-heal|p2a: Clodsire|77\/100\n|\n|-weather|RainDance|[upkeep]\n|-heal|p2a: Clodsire|83\/100|[from] item: Leftovers\n|upkeep\n|turn|13\n|\n|t:|1700421059\n|-terastallize|p1a: Pelipper|Ground\n|move|p1a: Pelipper|Tera Blast|p2a: Clodsire|[anim] Tera Blast Ground\n|-supereffective|p2a: Clodsire\n|-damage|p2a: Clodsire|46\/100\n|move|p2a: Clodsire|Poison Jab|p1a: Pelipper\n|-resisted|p1a: Pelipper\n|-damage|p1a: Pelipper|68\/100\n|\n|-weather|RainDance|[upkeep]\n|-heal|p2a: Clodsire|52\/100|[from] item: Leftovers\n|upkeep\n|turn|14\n|\n|t:|1700421065\n|move|p1a: Pelipper|Tera Blast|p2a: Clodsire|[anim] Tera Blast Ground\n|-supereffective|p2a: Clodsire\n|-damage|p2a: Clodsire|16\/100\n|move|p2a: Clodsire|Recover|p2a: Clodsire\n|-heal|p2a: Clodsire|66\/100\n|\n|-weather|RainDance|[upkeep]\n|-heal|p2a: Clodsire|72\/100|[from] item: Leftovers\n|upkeep\n|turn|15\n|\n|t:|1700421070\n|switch|p2a: Haunter|Haunter, M|100\/100\n|move|p1a: Pelipper|Tera Blast|p2a: Haunter|[anim] Tera Blast Ground\n|-immune|p2a: Haunter|[from] ability: Levitate\n|\n|-weather|RainDance|[upkeep]\n|upkeep\n|turn|16\n|\n|t:|1700421075\n|switch|p1a: Goodra|Goodra, M|100\/100\n|-status|p1a: Goodra|psn\n|move|p2a: Haunter|Shadow Ball|p1a: Goodra\n|-damage|p1a: Goodra|62\/100 psn\n|\n|-weather|RainDance|[upkeep]\n|-activate|p1a: Goodra|ability: Hydration\n|-curestatus|p1a: Goodra|psn|[msg]\n|-heal|p1a: Goodra|68\/100|[from] item: Leftovers\n|upkeep\n|turn|17\n|\n|t:|1700421083\n|switch|p2a: Sneasler|Sneasler, F|39\/100\n|move|p1a: Goodra|Thunder|p2a: Sneasler\n|-damage|p2a: Sneasler|0 fnt\n|faint|p2a: Sneasler\n|\n|-weather|RainDance|[upkeep]\n|-heal|p1a: Goodra|74\/100|[from] item: Leftovers\n|upkeep\n|\n|t:|1700421085\n|switch|p2a: Clodsire|Clodsire, M|72\/100\n|turn|18\n|\n|t:|1700421093\n|switch|p1a: Alomomola|Alomomola, M|100\/100 slp\n|move|p2a: Clodsire|Poison Jab|p1a: Alomomola\n|-damage|p1a: Alomomola|88\/100 slp\n|-damage|p2a: Clodsire|55\/100|[from] item: Rocky Helmet|[of] p1a: Alomomola\n|\n|-weather|none\n|-heal|p2a: Clodsire|61\/100|[from] item: Leftovers\n|upkeep\n|turn|19\n|\n|t:|1700421100\n|switch|p1a: Pelipper|Pelipper, F, tera:Ground|68\/100\n|-status|p1a: Pelipper|psn\n|-weather|RainDance|[from] ability: Drizzle|[of] p1a: Pelipper\n|move|p2a: Clodsire|Recover|p2a: Clodsire\n|-heal|p2a: Clodsire|100\/100\n|\n|-weather|RainDance|[upkeep]\n|-damage|p1a: Pelipper|56\/100 psn|[from] psn\n|upkeep\n|turn|20\n|\n|t:|1700421106\n|switch|p1a: Alomomola|Alomomola, M|88\/100 slp\n|switch|p2a: Haunter|Haunter, M|100\/100\n|\n|-weather|RainDance|[upkeep]\n|-activate|p1a: Alomomola|ability: Hydration\n|-curestatus|p1a: Alomomola|slp|[msg]\n|upkeep\n|turn|21\n|\n|t:|1700421112\n|move|p2a: Haunter|Sludge Bomb|p1a: Alomomola\n|-damage|p1a: Alomomola|13\/100\n|-status|p1a: Alomomola|psn\n|move|p1a: Alomomola|Scald|p2a: Haunter\n|-damage|p2a: Haunter|52\/100\n|\n|-weather|RainDance|[upkeep]\n|-activate|p1a: Alomomola|ability: Hydration\n|-curestatus|p1a: Alomomola|psn|[msg]\n|upkeep\n|turn|22\n|\n|t:|1700421120\n|switch|p1a: Goodra|Goodra, M|74\/100\n|-status|p1a: Goodra|psn\n|move|p2a: Haunter|Sludge Bomb|p1a: Goodra\n|-damage|p1a: Goodra|32\/100 psn\n|\n|-weather|RainDance|[upkeep]\n|-activate|p1a: Goodra|ability: Hydration\n|-curestatus|p1a: Goodra|psn|[msg]\n|-heal|p1a: Goodra|38\/100|[from] item: Leftovers\n|upkeep\n|turn|23\n|\n|t:|1700421127\n|move|p2a: Haunter|Sludge Bomb|p1a: Goodra\n|-damage|p1a: Goodra|1\/100\n|move|p1a: Goodra|Rest|p1a: Goodra\n|-status|p1a: Goodra|slp|[from] move: Rest\n|-heal|p1a: Goodra|100\/100 slp|[silent]\n|\n|-weather|RainDance|[upkeep]\n|-activate|p1a: Goodra|ability: Hydration\n|-curestatus|p1a: Goodra|slp|[msg]\n|upkeep\n|turn|24\n|\n|t:|1700421133\n|switch|p2a: Clodsire|Clodsire, M|100\/100\n|move|p1a: Goodra|Thunder|p2a: Clodsire\n|-immune|p2a: Clodsire\n|\n|-weather|RainDance|[upkeep]\n|upkeep\n|turn|25\n|inactive|Battle timer is ON: inactive players will automatically lose when time's up. (requested by ChillLanturnYT)\n|inactive|RespiraProfundo has 120 seconds left.\n|\n|t:|1700421238\n|switch|p1a: Alomomola|Alomomola, M|13\/100\n|-status|p1a: Alomomola|psn\n|move|p2a: Clodsire|Earthquake|p1a: Alomomola\n|-damage|p1a: Alomomola|0 fnt\n|faint|p1a: Alomomola\n|\n|-weather|RainDance|[upkeep]\n|upkeep\n|\n|t:|1700421241\n|switch|p1a: Basculegion|Basculegion-F, F|100\/100\n|-status|p1a: Basculegion|psn\n|turn|26\n|\n|t:|1700421251\n|switch|p2a: Muk|Muk-Alola, F|40\/100 brn\n|move|p1a: Basculegion|Ice Beam|p2a: Muk\n|-damage|p2a: Muk|22\/100 brn\n|-damage|p1a: Basculegion|91\/100 psn|[from] item: Life Orb\n|\n|-weather|none\n|-damage|p1a: Basculegion|78\/100 psn|[from] psn\n|-damage|p2a: Muk|16\/100 brn|[from] brn\n|upkeep\n|turn|27\n|\n|t:|1700421258\n|move|p1a: Basculegion|Surf|p2a: Muk\n|-damage|p2a: Muk|0 fnt\n|faint|p2a: Muk\n|-damage|p1a: Basculegion|68\/100 psn|[from] item: Life Orb\n|\n|-damage|p1a: Basculegion|56\/100 psn|[from] psn\n|upkeep\n|\n|t:|1700421276\n|switch|p2a: Haunter|Haunter, M|52\/100\n|turn|28\n|\n|t:|1700421281\n|move|p2a: Haunter|Shadow Ball|p1a: Basculegion\n|-supereffective|p1a: Basculegion\n|-damage|p1a: Basculegion|0 fnt\n|faint|p1a: Basculegion\n|\n|upkeep\n|\n|t:|1700421284\n|switch|p1a: Pelipper|Pelipper, F, tera:Ground|56\/100 psn\n|-weather|RainDance|[from] ability: Drizzle|[of] p1a: Pelipper\n|turn|29\n|\n|t:|1700421289\n|move|p2a: Haunter|Shadow Ball|p1a: Pelipper\n|-damage|p1a: Pelipper|0 fnt\n|faint|p1a: Pelipper\n|\n|-weather|RainDance|[upkeep]\n|upkeep\n|-message|RespiraProfundo forfeited.\n|\n|win|ChillLanturnYT\n|raw|RespiraProfundo's rating: 1119 &rarr; <strong>1095<\/strong><br \/>(-24 for losing)\n|raw|ChillLanturnYT's rating: 1126 &rarr; <strong>1150<\/strong><br \/>(+24 for winning)\n|l|\u2606RespiraProfundo\n","uploadtime":1700421304,"views":11,"p1id":"respiraprofundo","p2id":"chilllanturnyt","formatid":"gen9ou","rating":1095,"private":0,"password":""}