{"id":"gen9ou-1988575247","p1":"OkJuice100","p2":"Fel stinger","format":"[Gen 9] OU","log":"|j|\u2606OkJuice100\n|j|\u2606Fel stinger\n|t:|1699737812\n|gametype|singles\n|player|p1|OkJuice100|266|1310\n|player|p2|Fel stinger|leon|1349\n|teamsize|p1|6\n|teamsize|p2|6\n|gen|9\n|tier|[Gen 9] OU\n|rated|\n|rule|Sleep Clause Mod: Limit one foe put to sleep\n|rule|Species Clause: Limit one of each Pok\u00e9mon\n|rule|OHKO Clause: OHKO moves are banned\n|rule|Evasion Items Clause: Evasion items are banned\n|rule|Evasion Moves Clause: Evasion moves are banned\n|rule|Endless Battle Clause: Forcing endless battles is banned\n|rule|HP Percentage Mod: HP is shown in percentages\n|clearpoke\n|poke|p1|Cinderace, F|\n|poke|p1|Greninja-*, M|\n|poke|p1|Slowking-Galar, M|\n|poke|p1|Pelipper, M|\n|poke|p1|Barraskewda, M|\n|poke|p1|Rillaboom, F|\n|poke|p2|Regidrago|\n|poke|p2|Iron Leaves|\n|poke|p2|Pincurchin, M|\n|poke|p2|Gliscor, F|\n|poke|p2|Corviknight, M|\n|poke|p2|Iron Valiant|\n|teampreview\n|inactive|Battle timer is ON: inactive players will automatically lose when time's up. (requested by Fel stinger)\n|j| venomania\n|\n|t:|1699737823\n|start\n|switch|p1a: Barraskewda|Barraskewda, M|100\/100\n|switch|p2a: Pincurchin|Pincurchin, M|100\/100\n|-fieldstart|move: Electric Terrain|[from] ability: Electric Surge|[of] p2a: Pincurchin\n|turn|1\n|\n|t:|1699737829\n|move|p1a: Barraskewda|Flip Turn|p2a: Pincurchin\n|-damage|p2a: Pincurchin|58\/100\n|-enditem|p2a: Pincurchin|Eject Button\n|\n|t:|1699737835\n|switch|p2a: Iron Leaves|Iron Leaves|100\/100\n|-activate|p2a: Iron Leaves|ability: Quark Drive\n|-start|p2a: Iron Leaves|quarkdrivespe\n|\n|upkeep\n|turn|2\n|\n|t:|1699737849\n|switch|p1a: Pelipper|Pelipper, M|100\/100\n|-weather|RainDance|[from] ability: Drizzle|[of] p1a: Pelipper\n|move|p2a: Iron Leaves|Psyblade|p1a: Pelipper\n|-damage|p1a: Pelipper|52\/100\n|\n|-weather|RainDance|[upkeep]\n|upkeep\n|turn|3\n|\n|t:|1699737857\n|move|p2a: Iron Leaves|Psyblade|p1a: Pelipper\n|-damage|p1a: Pelipper|9\/100\n|move|p1a: Pelipper|Hurricane|p2a: Iron Leaves\n|-supereffective|p2a: Iron Leaves\n|-damage|p2a: Iron Leaves|36\/100\n|-start|p2a: Iron Leaves|confusion\n|\n|-weather|RainDance|[upkeep]\n|upkeep\n|turn|4\n|\n|t:|1699737865\n|switch|p1a: Slowking|Slowking-Galar, M|100\/100\n|-activate|p2a: Iron Leaves|confusion\n|move|p2a: Iron Leaves|Psyblade|p1a: Slowking\n|-damage|p1a: Slowking|45\/100\n|\n|-weather|RainDance|[upkeep]\n|upkeep\n|turn|5\n|\n|t:|1699737872\n|switch|p1a: Rillaboom|Rillaboom, F|100\/100\n|-fieldstart|move: Grassy Terrain|[from] ability: Grassy Surge|[of] p1a: Rillaboom\n|-end|p2a: Iron Leaves|Quark Drive\n|-enditem|p2a: Iron Leaves|Booster Energy\n|-activate|p2a: Iron Leaves|ability: Quark Drive|[fromitem]\n|-start|p2a: Iron Leaves|quarkdrivespe\n|-activate|p2a: Iron Leaves|confusion\n|move|p2a: Iron Leaves|Leaf Blade|p1a: Rillaboom\n|-resisted|p1a: Rillaboom\n|-crit|p1a: Rillaboom\n|-damage|p1a: Rillaboom|70\/100\n|\n|-weather|RainDance|[upkeep]\n|-heal|p2a: Iron Leaves|42\/100|[from] Grassy Terrain\n|-heal|p1a: Rillaboom|76\/100|[from] Grassy Terrain\n|-heal|p1a: Rillaboom|82\/100|[from] item: Leftovers\n|upkeep\n|turn|6\n|\n|t:|1699737880\n|-activate|p2a: Iron Leaves|confusion\n|-damage|p2a: Iron Leaves|27\/100|[from] confusion\n|move|p1a: Rillaboom|U-turn|p2a: Iron Leaves\n|-supereffective|p2a: Iron Leaves\n|-damage|p2a: Iron Leaves|0 fnt\n|faint|p2a: Iron Leaves\n|-end|p2a: Iron Leaves|Quark Drive|[silent]\n|\n|t:|1699737886\n|switch|p1a: Barraskewda|Barraskewda, M|100\/100|[from] U-turn\n|\n|-weather|RainDance|[upkeep]\n|upkeep\n|\n|t:|1699737893\n|switch|p2a: Corviknight|Corviknight, M|100\/100\n|-ability|p2a: Corviknight|Pressure\n|turn|7\n|\n|t:|1699737896\n|move|p1a: Barraskewda|Flip Turn|p2a: Corviknight\n|-damage|p2a: Corviknight|60\/100\n|-damage|p1a: Barraskewda|84\/100|[from] item: Rocky Helmet|[of] p2a: Corviknight\n|\n|t:|1699737904\n|switch|p1a: Cinderace|Cinderace, F|100\/100|[from] Flip Turn\n|move|p2a: Corviknight|U-turn|p1a: Cinderace\n|-resisted|p1a: Cinderace\n|-damage|p1a: Cinderace|90\/100\n|\n|t:|1699737908\n|switch|p2a: Gliscor|Gliscor, F|100\/100|[from] U-turn\n|\n|-weather|RainDance|[upkeep]\n|-heal|p1a: Cinderace|96\/100|[from] Grassy Terrain\n|-status|p2a: Gliscor|tox|[from] item: Toxic Orb\n|upkeep\n|turn|8\n|\n|t:|1699737914\n|move|p1a: Cinderace|Weather Ball|p2a: Gliscor\n|-start|p1a: Cinderace|typechange|Water|[from] ability: Libero\n|-supereffective|p2a: Gliscor\n|-damage|p2a: Gliscor|0 fnt\n|faint|p2a: Gliscor\n|\n|-weather|RainDance|[upkeep]\n|-heal|p1a: Cinderace|100\/100|[from] Grassy Terrain\n|upkeep\n|\n|t:|1699737918\n|switch|p2a: Pincurchin|Pincurchin, M|58\/100\n|-fieldstart|move: Electric Terrain|[from] ability: Electric Surge|[of] p2a: Pincurchin\n|turn|9\n|\n|t:|1699737921\n|move|p1a: Cinderace|Weather Ball|p2a: Pincurchin\n|-damage|p2a: Pincurchin|0 fnt\n|faint|p2a: Pincurchin\n|\n|-weather|none\n|upkeep\n|\n|t:|1699737926\n|switch|p2a: Regidrago|Regidrago|100\/100\n|turn|10\n|\n|t:|1699737930\n|switch|p1a: Pelipper|Pelipper, M|9\/100\n|-weather|RainDance|[from] ability: Drizzle|[of] p1a: Pelipper\n|move|p2a: Regidrago|Dragon Dance|p2a: Regidrago\n|-boost|p2a: Regidrago|atk|1\n|-boost|p2a: Regidrago|spe|1\n|\n|-weather|RainDance|[upkeep]\n|upkeep\n|turn|11\n|\n|t:|1699737936\n|move|p2a: Regidrago|Dragon Dance|p2a: Regidrago\n|-boost|p2a: Regidrago|atk|1\n|-boost|p2a: Regidrago|spe|1\n|move|p1a: Pelipper|U-turn|p2a: Regidrago\n|-damage|p2a: Regidrago|90\/100\n|\n|t:|1699737944\n|switch|p1a: Barraskewda|Barraskewda, M|84\/100|[from] U-turn\n|\n|-weather|RainDance|[upkeep]\n|upkeep\n|turn|12\n|\n|t:|1699737949\n|-terastallize|p2a: Regidrago|Steel\n|move|p1a: Barraskewda|Flip Turn|p2a: Regidrago\n|-damage|p2a: Regidrago|3\/100\n|\n|t:|1699737959\n|switch|p1a: Pelipper|Pelipper, M|9\/100|[from] Flip Turn\n|move|p2a: Regidrago|Scale Shot|p1a: Pelipper\n|-damage|p1a: Pelipper|0 fnt\n|faint|p1a: Pelipper\n|-hitcount|p1: Pelipper|1\n|-unboost|p2a: Regidrago|def|1\n|-boost|p2a: Regidrago|spe|1\n|\n|-weather|RainDance|[upkeep]\n|upkeep\n|\n|t:|1699737962\n|switch|p1a: Barraskewda|Barraskewda, M|84\/100\n|turn|13\n|\n|t:|1699737965\n|move|p1a: Barraskewda|Liquidation|p2a: Regidrago\n|-damage|p2a: Regidrago|0 fnt\n|faint|p2a: Regidrago\n|\n|-weather|RainDance|[upkeep]\n|-fieldend|move: Electric Terrain\n|upkeep\n|\n|t:|1699737969\n|switch|p2a: Corviknight|Corviknight, M|60\/100\n|-ability|p2a: Corviknight|Pressure\n|turn|14\n|\n|t:|1699737972\n|move|p1a: Barraskewda|Liquidation|p2a: Corviknight\n|-damage|p2a: Corviknight|0 fnt\n|-damage|p1a: Barraskewda|68\/100|[from] item: Rocky Helmet|[of] p2a: Corviknight\n|faint|p2a: Corviknight\n|\n|-weather|RainDance|[upkeep]\n|upkeep\n|\n|t:|1699737976\n|switch|p2a: Iron Valiant|Iron Valiant|100\/100\n|-enditem|p2a: Iron Valiant|Booster Energy\n|-activate|p2a: Iron Valiant|ability: Quark Drive|[fromitem]\n|-start|p2a: Iron Valiant|quarkdrivespe\n|turn|15\n|\n|t:|1699737978\n|move|p1a: Barraskewda|Liquidation|p2a: Iron Valiant\n|-damage|p2a: Iron Valiant|0 fnt\n|faint|p2a: Iron Valiant\n|-end|p2a: Iron Valiant|Quark Drive|[silent]\n|\n|win|OkJuice100\n|raw|OkJuice100's rating: 1310 &rarr; <strong>1332<\/strong><br \/>(+22 for winning)\n|raw|Fel stinger's rating: 1349 &rarr; <strong>1327<\/strong><br \/>(-22 for losing)\n|l|\u2606Fel stinger\n|c|\u2606OkJuice100|gg\n","uploadtime":1699737989,"views":47,"p1id":"okjuice100","p2id":"felstinger","formatid":"gen9ou","rating":1327,"private":0,"password":""}