{"id":"gen9ou-1988600656","p1":"Smooss2Smooss","p2":"Akro Agency","format":"[Gen 9] OU","log":"|j|\u2606Smooss2Smooss\n|j|\u2606Akro Agency\n|t:|1699740611\n|gametype|singles\n|player|p1|Smooss2Smooss|ethan|1388\n|player|p2|Akro Agency|caitlin|1346\n|teamsize|p1|6\n|teamsize|p2|6\n|gen|9\n|tier|[Gen 9] OU\n|rated|\n|rule|Sleep Clause Mod: Limit one foe put to sleep\n|rule|Species Clause: Limit one of each Pok\u00e9mon\n|rule|OHKO Clause: OHKO moves are banned\n|rule|Evasion Items Clause: Evasion items are banned\n|rule|Evasion Moves Clause: Evasion moves are banned\n|rule|Endless Battle Clause: Forcing endless battles is banned\n|rule|HP Percentage Mod: HP is shown in percentages\n|clearpoke\n|poke|p1|Iron Treads|\n|poke|p1|Dragapult, M|\n|poke|p1|Samurott-Hisui, M|\n|poke|p1|Iron Moth|\n|poke|p1|Rillaboom, M|\n|poke|p1|Sneasler, M|\n|poke|p2|Torkoal, F|\n|poke|p2|Gholdengo|\n|poke|p2|Sandy Shocks|\n|poke|p2|Walking Wake|\n|poke|p2|Gliscor, M|\n|poke|p2|Leavanny, F|\n|teampreview\n|inactive|Battle timer is ON: inactive players will automatically lose when time's up. (requested by Smooss2Smooss)\n|\n|t:|1699740626\n|start\n|switch|p1a: Iron Treads|Iron Treads|100\/100\n|switch|p2a: Napalm Turtle|Torkoal, F|100\/100\n|-weather|SunnyDay|[from] ability: Drought|[of] p2a: Napalm Turtle\n|-enditem|p1a: Iron Treads|Booster Energy\n|-activate|p1a: Iron Treads|ability: Quark Drive|[fromitem]\n|-start|p1a: Iron Treads|quarkdrivespe\n|turn|1\n|\n|t:|1699740640\n|move|p1a: Iron Treads|Stealth Rock|p2a: Napalm Turtle\n|-sidestart|p2: Akro Agency|move: Stealth Rock\n|move|p2a: Napalm Turtle|Lava Plume|p1a: Iron Treads\n|-supereffective|p1a: Iron Treads\n|-damage|p1a: Iron Treads|3\/100\n|\n|-weather|SunnyDay|[upkeep]\n|upkeep\n|turn|2\n|\n|t:|1699740661\n|move|p1a: Iron Treads|Knock Off|p2a: Napalm Turtle\n|-damage|p2a: Napalm Turtle|82\/100\n|-enditem|p2a: Napalm Turtle|Heat Rock|[from] move: Knock Off|[of] p1a: Iron Treads\n|move|p2a: Napalm Turtle|Rapid Spin|p1a: Iron Treads\n|-resisted|p1a: Iron Treads\n|-damage|p1a: Iron Treads|0 fnt\n|-boost|p2a: Napalm Turtle|spe|1\n|-sideend|p2: Akro Agency|Stealth Rock|[from] move: Rapid Spin|[of] p2a: Napalm Turtle\n|faint|p1a: Iron Treads\n|-end|p1a: Iron Treads|Quark Drive|[silent]\n|\n|-weather|SunnyDay|[upkeep]\n|upkeep\n|\n|t:|1699740668\n|switch|p1a: Samurott|Samurott-Hisui, M|100\/100\n|turn|3\n|\n|t:|1699740682\n|move|p1a: Samurott|Ceaseless Edge|p2a: Napalm Turtle\n|-damage|p2a: Napalm Turtle|52\/100\n|-sidestart|p2: Akro Agency|Spikes\n|move|p2a: Napalm Turtle|Body Press|p1a: Samurott\n|-supereffective|p1a: Samurott\n|-damage|p1a: Samurott|21\/100\n|\n|-weather|SunnyDay|[upkeep]\n|upkeep\n|turn|4\n|\n|t:|1699740705\n|switch|p1a: Dragapult|Dragapult, M|100\/100\n|switch|p2a: M249 SAW|Sandy Shocks|100\/100\n|-damage|p2a: M249 SAW|88\/100|[from] Spikes\n|-activate|p2a: M249 SAW|ability: Protosynthesis\n|-start|p2a: M249 SAW|protosynthesisspa\n|\n|-weather|SunnyDay|[upkeep]\n|upkeep\n|turn|5\n|inactive|Akro Agency has 120 seconds left.\n|\n|t:|1699740729\n|-terastallize|p2a: M249 SAW|Ice\n|move|p1a: Dragapult|U-turn|p2a: M249 SAW\n|-damage|p2a: M249 SAW|69\/100\n|\n|t:|1699740741\n|switch|p1a: Rillaboom|Rillaboom, M|100\/100|[from] U-turn\n|-fieldstart|move: Grassy Terrain|[from] ability: Grassy Surge|[of] p1a: Rillaboom\n|move|p2a: M249 SAW|Tera Blast|p1a: Rillaboom|[anim] Tera Blast Ice\n|-supereffective|p1a: Rillaboom\n|-damage|p1a: Rillaboom|0 fnt\n|faint|p1a: Rillaboom\n|-damage|p2a: M249 SAW|59\/100|[from] item: Life Orb\n|\n|-weather|SunnyDay|[upkeep]\n|-heal|p2a: M249 SAW|65\/100|[from] Grassy Terrain\n|upkeep\n|\n|t:|1699740749\n|switch|p1a: Samurott|Samurott-Hisui, M|21\/100\n|turn|6\n|\n|t:|1699740760\n|move|p1a: Samurott|Sacred Sword|p2a: M249 SAW\n|-supereffective|p2a: M249 SAW\n|-damage|p2a: M249 SAW|0 fnt\n|faint|p2a: M249 SAW\n|-end|p2a: M249 SAW|Protosynthesis|[silent]\n|\n|-weather|SunnyDay|[upkeep]\n|-heal|p1a: Samurott|28\/100|[from] Grassy Terrain\n|upkeep\n|inactive|Akro Agency has 120 seconds left.\n|\n|t:|1699740779\n|switch|p2a: Lockheed Martin|Gholdengo|100\/100\n|-damage|p2a: Lockheed Martin|88\/100|[from] Spikes\n|turn|7\n|\n|t:|1699740796\n|switch|p1a: Iron Moth|Iron Moth|100\/100\n|-enditem|p1a: Iron Moth|Booster Energy\n|-activate|p1a: Iron Moth|ability: Quark Drive|[fromitem]\n|-start|p1a: Iron Moth|quarkdrivespe\n|move|p2a: Lockheed Martin|Nasty Plot|p2a: Lockheed Martin\n|-boost|p2a: Lockheed Martin|spa|2\n|\n|-weather|SunnyDay|[upkeep]\n|-heal|p2a: Lockheed Martin|94\/100|[from] Grassy Terrain\n|-heal|p2a: Lockheed Martin|99\/100|[from] item: Leftovers\n|upkeep\n|turn|8\n|inactive|Akro Agency has 120 seconds left.\n|\n|t:|1699740819\n|switch|p2a: Howitzer|Walking Wake|100\/100\n|-damage|p2a: Howitzer|88\/100|[from] Spikes\n|-activate|p2a: Howitzer|ability: Protosynthesis\n|-start|p2a: Howitzer|protosynthesisspe\n|move|p1a: Iron Moth|Fiery Dance|p2a: Howitzer\n|-resisted|p2a: Howitzer\n|-damage|p2a: Howitzer|71\/100\n|\n|-weather|none\n|-end|p2a: Howitzer|Protosynthesis\n|-heal|p2a: Howitzer|78\/100|[from] Grassy Terrain\n|upkeep\n|turn|9\n|inactive|Akro Agency has 120 seconds left.\n|\n|t:|1699740837\n|move|p1a: Iron Moth|Dazzling Gleam|p2a: Howitzer\n|-supereffective|p2a: Howitzer\n|-damage|p2a: Howitzer|20\/100\n|move|p2a: Howitzer|Mud Shot|p1a: Iron Moth\n|-supereffective|p1a: Iron Moth\n|-damage|p1a: Iron Moth|0 fnt\n|faint|p1a: Iron Moth\n|-end|p1a: Iron Moth|Quark Drive|[silent]\n|\n|-heal|p2a: Howitzer|26\/100|[from] Grassy Terrain\n|-fieldend|move: Grassy Terrain\n|upkeep\n|inactive|Smooss2Smooss has 120 seconds left.\n|\n|t:|1699740852\n|switch|p1a: Samurott|Samurott-Hisui, M|28\/100\n|turn|10\n|inactive|Akro Agency has 120 seconds left.\n|inactive|Smooss2Smooss has 120 seconds left.\n|\n|t:|1699740874\n|-end|p2a: Howitzer|Protosynthesis|[silent]\n|switch|p2a: Napalm Turtle|Torkoal, F|52\/100\n|-damage|p2a: Napalm Turtle|40\/100|[from] Spikes\n|-weather|SunnyDay|[from] ability: Drought|[of] p2a: Napalm Turtle\n|move|p1a: Samurott|Ceaseless Edge|p2a: Napalm Turtle\n|-damage|p2a: Napalm Turtle|11\/100\n|-sidestart|p2: Akro Agency|Spikes\n|\n|-weather|SunnyDay|[upkeep]\n|upkeep\n|turn|11\n|\n|t:|1699740889\n|move|p1a: Samurott|Ceaseless Edge|p2a: Napalm Turtle\n|-damage|p2a: Napalm Turtle|0 fnt\n|-sidestart|p2: Akro Agency|Spikes\n|faint|p2a: Napalm Turtle\n|\n|-weather|SunnyDay|[upkeep]\n|upkeep\n|\n|t:|1699740903\n|switch|p2a: Howitzer|Walking Wake|26\/100\n|-damage|p2a: Howitzer|1\/100|[from] Spikes\n|-activate|p2a: Howitzer|ability: Protosynthesis\n|-start|p2a: Howitzer|protosynthesisspe\n|turn|12\n|\n|t:|1699740917\n|move|p2a: Howitzer|Hydro Steam|p1a: Samurott\n|-resisted|p1a: Samurott\n|-damage|p1a: Samurott|0 fnt\n|faint|p1a: Samurott\n|\n|-weather|SunnyDay|[upkeep]\n|upkeep\n|\n|t:|1699740929\n|switch|p1a: Dragapult|Dragapult, M|100\/100\n|turn|13\n|\n|t:|1699740937\n|move|p2a: Howitzer|Hydro Steam|p1a: Dragapult\n|-resisted|p1a: Dragapult\n|-damage|p1a: Dragapult|39\/100\n|move|p1a: Dragapult|U-turn|p2a: Howitzer\n|-damage|p2a: Howitzer|0 fnt\n|faint|p2a: Howitzer\n|-end|p2a: Howitzer|Protosynthesis|[silent]\n|\n|t:|1699740943\n|switch|p1a: Sneasler|Sneasler, M|100\/100|[from] U-turn\n|\n|-weather|SunnyDay|[upkeep]\n|upkeep\n|\n|t:|1699740951\n|switch|p2a: I AM THE TREES|Leavanny, F|100\/100\n|-damage|p2a: I AM THE TREES|76\/100|[from] Spikes\n|turn|14\n|\n|t:|1699740961\n|move|p2a: I AM THE TREES|Switcheroo|p1a: Sneasler\n|-activate|p2a: I AM THE TREES|move: Trick|[of] p1a: Sneasler\n|-item|p1a: Sneasler|Choice Band|[from] move: Switcheroo\n|-item|p2a: I AM THE TREES|White Herb|[from] move: Switcheroo\n|move|p1a: Sneasler|Close Combat|p2a: I AM THE TREES\n|-resisted|p2a: I AM THE TREES\n|-damage|p2a: I AM THE TREES|0 fnt\n|-unboost|p1a: Sneasler|def|1\n|-unboost|p1a: Sneasler|spd|1\n|faint|p2a: I AM THE TREES\n|\n|-weather|none\n|upkeep\n|\n|t:|1699740975\n|switch|p2a: Lockheed Martin|Gholdengo|99\/100\n|-damage|p2a: Lockheed Martin|75\/100|[from] Spikes\n|turn|15\n|\n|t:|1699740992\n|move|p1a: Sneasler|Close Combat|p2a: Lockheed Martin\n|-immune|p2a: Lockheed Martin\n|move|p2a: Lockheed Martin|Shadow Ball|p1a: Sneasler\n|-damage|p1a: Sneasler|21\/100\n|\n|-heal|p2a: Lockheed Martin|81\/100|[from] item: Leftovers\n|upkeep\n|turn|16\n|\n|t:|1699741002\n|switch|p1a: Dragapult|Dragapult, M|39\/100\n|move|p2a: Lockheed Martin|Shadow Ball|p1a: Dragapult\n|-supereffective|p1a: Dragapult\n|-damage|p1a: Dragapult|0 fnt\n|faint|p1a: Dragapult\n|\n|-heal|p2a: Lockheed Martin|88\/100|[from] item: Leftovers\n|upkeep\n|\n|t:|1699741008\n|switch|p1a: Sneasler|Sneasler, M|21\/100\n|turn|17\n|c|\u2606Smooss2Smooss|gg\n|inactive|Akro Agency has 120 seconds left.\n|\n|t:|1699741015\n|switch|p2a: Stealth Bomber|Gliscor, M|100\/100\n|-terastallize|p1a: Sneasler|Flying\n|move|p1a: Sneasler|Acrobatics|p2a: Stealth Bomber\n|-damage|p2a: Stealth Bomber|66\/100\n|\n|-status|p2a: Stealth Bomber|tox|[from] item: Toxic Orb\n|upkeep\n|turn|18\n|inactive|Akro Agency has 120 seconds left.\n|\n|t:|1699741027\n|move|p1a: Sneasler|Acrobatics|p2a: Stealth Bomber\n|-damage|p2a: Stealth Bomber|32\/100 tox\n|move|p2a: Stealth Bomber|Toxic|p1a: Sneasler\n|-status|p1a: Sneasler|tox\n|\n|-damage|p1a: Sneasler|15\/100 tox|[from] psn\n|-heal|p2a: Stealth Bomber|44\/100 tox|[from] ability: Poison Heal\n|upkeep\n|turn|19\n|inactive|Akro Agency has 120 seconds left.\n|\n|t:|1699741038\n|move|p2a: Stealth Bomber|Protect|p2a: Stealth Bomber\n|-singleturn|p2a: Stealth Bomber|Protect\n|move|p1a: Sneasler|Acrobatics|p2a: Stealth Bomber\n|-activate|p2a: Stealth Bomber|move: Protect\n|\n|-damage|p1a: Sneasler|3\/100 tox|[from] psn\n|-heal|p2a: Stealth Bomber|56\/100 tox|[from] ability: Poison Heal\n|upkeep\n|turn|20\n|inactive|Akro Agency has 120 seconds left.\n|\n|t:|1699741050\n|move|p1a: Sneasler|Acrobatics|p2a: Stealth Bomber\n|-damage|p2a: Stealth Bomber|25\/100 tox\n|move|p2a: Stealth Bomber|Spikes|p1a: Sneasler\n|-sidestart|p1: Smooss2Smooss|Spikes\n|\n|-damage|p1a: Sneasler|0 fnt|[from] psn\n|faint|p1a: Sneasler\n|\n|win|Akro Agency\n|upkeep\n|raw|Smooss2Smooss's rating: 1388 &rarr; <strong>1366<\/strong><br \/>(-22 for losing)\n|raw|Akro Agency's rating: 1346 &rarr; <strong>1368<\/strong><br \/>(+22 for winning)\n|l|\u2606Smooss2Smooss\n","uploadtime":1699741070,"views":15,"p1id":"smooss2smooss","p2id":"akroagency","formatid":"gen9ou","rating":1366,"private":0,"password":""}