{"id":"gen9ou-1997766877","p1":"asceofspades","p2":"Phillip Blevin","format":"[Gen 9] OU","log":"|j|\u2606asceofspades\n|j|\u2606Phillip Blevin\n|t:|1700850438\n|gametype|singles\n|player|p1|asceofspades|170|1535\n|player|p2|Phillip Blevin|2|1444\n|teamsize|p1|6\n|teamsize|p2|6\n|gen|9\n|tier|[Gen 9] OU\n|rated|\n|rule|Sleep Clause Mod: Limit one foe put to sleep\n|rule|Species Clause: Limit one of each Pok\u00e9mon\n|rule|OHKO Clause: OHKO moves are banned\n|rule|Evasion Items Clause: Evasion items are banned\n|rule|Evasion Moves Clause: Evasion moves are banned\n|rule|Endless Battle Clause: Forcing endless battles is banned\n|rule|HP Percentage Mod: HP is shown in percentages\n|clearpoke\n|poke|p1|Heatran, F|\n|poke|p1|Ogerpon-Wellspring, F|\n|poke|p1|Landorus-Therian, M|\n|poke|p1|Manaphy|\n|poke|p1|Dragapult, M|\n|poke|p1|Great Tusk|\n|poke|p2|Dragapult, F|\n|poke|p2|Heatran, F|\n|poke|p2|Great Tusk|\n|poke|p2|Landorus-Therian, M|\n|poke|p2|Ogerpon-Wellspring, F|\n|poke|p2|Gholdengo|\n|teampreview\n|inactive|Battle timer is ON: inactive players will automatically lose when time's up. (requested by Phillip Blevin)\n|\n|t:|1700850466\n|start\n|switch|p1a: Ogerpon|Ogerpon-Wellspring, F|100\/100\n|switch|p2a: Landorus|Landorus-Therian, M|100\/100\n|-ability|p2a: Landorus|Intimidate|boost\n|-unboost|p1a: Ogerpon|atk|1\n|turn|1\n|\n|t:|1700850479\n|move|p2a: Landorus|U-turn|p1a: Ogerpon\n|-supereffective|p1a: Ogerpon\n|-damage|p1a: Ogerpon|30\/100\n|\n|t:|1700850482\n|switch|p2a: Ogerpon|Ogerpon-Wellspring, F|100\/100|[from] U-turn\n|move|p1a: Ogerpon|Ivy Cudgel|p2a: Ogerpon|[anim] Ivy Cudgel Water\n|-immune|p2a: Ogerpon|[from] ability: Water Absorb\n|\n|upkeep\n|turn|2\n|\n|t:|1700850502\n|switch|p1a: Dragapult|Dragapult, M|100\/100\n|move|p2a: Ogerpon|Horn Leech|p1a: Dragapult\n|-resisted|p1a: Dragapult\n|-damage|p1a: Dragapult|69\/100\n|\n|-heal|p1a: Dragapult|75\/100|[from] item: Leftovers\n|upkeep\n|turn|3\n|\n|t:|1700850517\n|switch|p2a: Landorus|Landorus-Therian, M|100\/100\n|-ability|p2a: Landorus|Intimidate|boost\n|-unboost|p1a: Dragapult|atk|1\n|move|p1a: Dragapult|Thunder Wave|p2a: Landorus\n|-immune|p2a: Landorus\n|\n|-heal|p1a: Dragapult|81\/100|[from] item: Leftovers\n|upkeep\n|turn|4\n|\n|t:|1700850531\n|switch|p1a: Landorus|Landorus-Therian, M|100\/100\n|-ability|p1a: Landorus|Intimidate|boost\n|-unboost|p2a: Landorus|atk|1\n|move|p2a: Landorus|U-turn|p1a: Landorus\n|-resisted|p1a: Landorus\n|-damage|p1a: Landorus|94\/100\n|-damage|p2a: Landorus|84\/100|[from] item: Rocky Helmet|[of] p1a: Landorus\n|\n|t:|1700850539\n|switch|p2a: Great Tusk|Great Tusk|100\/100|[from] U-turn\n|\n|upkeep\n|turn|5\n|\n|t:|1700850548\n|switch|p1a: Heatran|Heatran, F|100\/100\n|move|p2a: Great Tusk|Ice Spinner|p1a: Heatran\n|-resisted|p1a: Heatran\n|-damage|p1a: Heatran|96\/100\n|\n|-heal|p1a: Heatran|100\/100|[from] item: Leftovers\n|upkeep\n|turn|6\n|\n|t:|1700850577\n|switch|p1a: Landorus|Landorus-Therian, M|94\/100\n|-ability|p1a: Landorus|Intimidate|boost\n|-unboost|p2a: Great Tusk|atk|1\n|move|p2a: Great Tusk|Stealth Rock|p1a: Landorus\n|-sidestart|p1: asceofspades|move: Stealth Rock\n|\n|upkeep\n|turn|7\n|\n|t:|1700850587\n|move|p2a: Great Tusk|Ice Spinner|p1a: Landorus\n|-supereffective|p1a: Landorus\n|-damage|p1a: Landorus|49\/100\n|-damage|p2a: Great Tusk|84\/100|[from] item: Rocky Helmet|[of] p1a: Landorus\n|move|p1a: Landorus|Grass Knot|p2a: Great Tusk\n|-supereffective|p2a: Great Tusk\n|-damage|p2a: Great Tusk|12\/100\n|\n|upkeep\n|turn|8\n|\n|t:|1700850598\n|-end|p2a: Great Tusk|Protosynthesis|[silent]\n|switch|p2a: Landorus|Landorus-Therian, M|84\/100\n|-ability|p2a: Landorus|Intimidate|boost\n|-unboost|p1a: Landorus|atk|1\n|move|p1a: Landorus|Stealth Rock|p2a: Landorus\n|-sidestart|p2: Phillip Blevin|move: Stealth Rock\n|\n|upkeep\n|turn|9\n|inactive|Phillip Blevin has 120 seconds left.\n|\n|t:|1700850636\n|move|p2a: Landorus|U-turn|p1a: Landorus\n|-resisted|p1a: Landorus\n|-damage|p1a: Landorus|40\/100\n|-damage|p2a: Landorus|67\/100|[from] item: Rocky Helmet|[of] p1a: Landorus\n|\n|t:|1700850639\n|switch|p2a: Ogerpon|Ogerpon-Wellspring, F|100\/100|[from] U-turn\n|-damage|p2a: Ogerpon|88\/100|[from] Stealth Rock\n|move|p1a: Landorus|U-turn|p2a: Ogerpon\n|-supereffective|p2a: Ogerpon\n|-damage|p2a: Ogerpon|52\/100\n|inactive|asceofspades has 120 seconds left.\n|\n|t:|1700850654\n|switch|p1a: Dragapult|Dragapult, M|81\/100|[from] U-turn\n|-damage|p1a: Dragapult|69\/100|[from] Stealth Rock\n|\n|-heal|p1a: Dragapult|75\/100|[from] item: Leftovers\n|upkeep\n|turn|10\n|inactive|asceofspades has 120 seconds left.\n|\n|t:|1700850678\n|move|p1a: Dragapult|Substitute|p1a: Dragapult\n|-start|p1a: Dragapult|Substitute\n|-damage|p1a: Dragapult|50\/100\n|move|p2a: Ogerpon|Ivy Cudgel|p1a: Dragapult|[anim] Ivy Cudgel Water\n|-resisted|p1a: Dragapult\n|-end|p1a: Dragapult|Substitute\n|\n|-heal|p1a: Dragapult|56\/100|[from] item: Leftovers\n|upkeep\n|turn|11\n|\n|t:|1700850685\n|switch|p2a: Landorus|Landorus-Therian, M|67\/100\n|-damage|p2a: Landorus|55\/100|[from] Stealth Rock\n|-ability|p2a: Landorus|Intimidate|boost\n|-unboost|p1a: Dragapult|atk|1\n|move|p1a: Dragapult|Dragon Darts|p2a: Landorus\n|-crit|p2a: Landorus\n|-damage|p2a: Landorus|14\/100\n|-anim|p1a: Dragapult|Dragon Darts|p2a: Landorus\n|-damage|p2a: Landorus|0 fnt\n|faint|p2a: Landorus\n|\n|-heal|p1a: Dragapult|62\/100|[from] item: Leftovers\n|upkeep\n|\n|t:|1700850696\n|switch|p2a: Dragapult|Dragapult, F|100\/100\n|-damage|p2a: Dragapult|88\/100|[from] Stealth Rock\n|turn|12\n|\n|t:|1700850706\n|switch|p1a: Heatran|Heatran, F|100\/100\n|-damage|p1a: Heatran|88\/100|[from] Stealth Rock\n|move|p2a: Dragapult|Dragon Darts|p1a: Heatran\n|-resisted|p1a: Heatran\n|-crit|p1a: Heatran\n|-damage|p1a: Heatran|71\/100\n|-anim|p2a: Dragapult|Dragon Darts|p1a: Heatran\n|-resisted|p1a: Heatran\n|-damage|p1a: Heatran|60\/100\n|\n|-heal|p2a: Dragapult|94\/100|[from] item: Leftovers\n|-heal|p1a: Heatran|66\/100|[from] item: Leftovers\n|upkeep\n|turn|13\n|inactive|asceofspades has 120 seconds left.\n|\n|t:|1700850723\n|move|p2a: Dragapult|Substitute|p2a: Dragapult\n|-start|p2a: Dragapult|Substitute\n|-damage|p2a: Dragapult|69\/100\n|move|p1a: Heatran|Earth Power|p2a: Dragapult\n|-end|p2a: Dragapult|Substitute\n|\n|-heal|p2a: Dragapult|75\/100|[from] item: Leftovers\n|-heal|p1a: Heatran|72\/100|[from] item: Leftovers\n|upkeep\n|turn|14\n|\n|t:|1700850735\n|switch|p2a: Ogerpon|Ogerpon-Wellspring, F|52\/100\n|-damage|p2a: Ogerpon|39\/100|[from] Stealth Rock\n|move|p1a: Heatran|Earth Power|p2a: Ogerpon\n|-resisted|p2a: Ogerpon\n|-damage|p2a: Ogerpon|25\/100\n|\n|-heal|p1a: Heatran|78\/100|[from] item: Leftovers\n|upkeep\n|turn|15\n|\n|t:|1700850748\n|switch|p1a: Ogerpon|Ogerpon-Wellspring, F|30\/100\n|-damage|p1a: Ogerpon|18\/100|[from] Stealth Rock\n|move|p2a: Ogerpon|Ivy Cudgel|p1a: Ogerpon|[anim] Ivy Cudgel Water\n|-heal|p1a: Ogerpon|43\/100|[from] ability: Water Absorb|[of] p2a: Ogerpon\n|\n|upkeep\n|turn|16\n|\n|t:|1700850777\n|move|p2a: Ogerpon|Horn Leech|p1a: Ogerpon\n|-damage|p1a: Ogerpon|0 fnt\n|-heal|p2a: Ogerpon|47\/100|[from] drain|[of] p1a: Ogerpon\n|faint|p1a: Ogerpon\n|\n|upkeep\n|\n|t:|1700850787\n|switch|p1a: Dragapult|Dragapult, M|62\/100\n|-damage|p1a: Dragapult|50\/100|[from] Stealth Rock\n|turn|17\n|inactive|Phillip Blevin has 120 seconds left.\n|\n|t:|1700850813\n|move|p1a: Dragapult|Dragon Darts|p2a: Ogerpon\n|-damage|p2a: Ogerpon|19\/100\n|-anim|p1a: Dragapult|Dragon Darts|p2a: Ogerpon\n|-damage|p2a: Ogerpon|0 fnt\n|faint|p2a: Ogerpon\n|\n|-heal|p1a: Dragapult|56\/100|[from] item: Leftovers\n|upkeep\n|\n|t:|1700850816\n|switch|p2a: Dragapult|Dragapult, F|75\/100\n|-damage|p2a: Dragapult|63\/100|[from] Stealth Rock\n|turn|18\n|\n|t:|1700850840\n|switch|p1a: Landorus|Landorus-Therian, M|40\/100\n|-damage|p1a: Landorus|28\/100|[from] Stealth Rock\n|-ability|p1a: Landorus|Intimidate|boost\n|-unboost|p2a: Dragapult|atk|1\n|move|p2a: Dragapult|Substitute|p2a: Dragapult\n|-start|p2a: Dragapult|Substitute\n|-damage|p2a: Dragapult|38\/100\n|\n|-heal|p2a: Dragapult|44\/100|[from] item: Leftovers\n|upkeep\n|turn|19\n|\n|t:|1700850852\n|move|p2a: Dragapult|Dragon Dance|p2a: Dragapult\n|-boost|p2a: Dragapult|atk|1\n|-boost|p2a: Dragapult|spe|1\n|move|p1a: Landorus|Earthquake|p2a: Dragapult\n|-end|p2a: Dragapult|Substitute\n|\n|-heal|p2a: Dragapult|50\/100|[from] item: Leftovers\n|upkeep\n|turn|20\n|inactive|asceofspades has 120 seconds left.\n|\n|t:|1700850869\n|move|p2a: Dragapult|Dragon Darts|p1a: Landorus\n|-damage|p1a: Landorus|10\/100\n|-anim|p2a: Dragapult|Dragon Darts|p1a: Landorus\n|-damage|p1a: Landorus|0 fnt\n|faint|p1a: Landorus\n|\n|-heal|p2a: Dragapult|56\/100|[from] item: Leftovers\n|upkeep\n|inactive|asceofspades has 120 seconds left.\n|\n|t:|1700850895\n|switch|p1a: Great Tusk|Great Tusk|100\/100\n|-damage|p1a: Great Tusk|98\/100|[from] Stealth Rock\n|turn|21\n|inactive|asceofspades has 90 seconds left.\n|\n|t:|1700850919\n|move|p2a: Dragapult|Phantom Force||[still]\n|-prepare|p2a: Dragapult|Phantom Force\n|move|p1a: Great Tusk|Ice Spinner|p2a: Dragapult|[miss]\n|-miss|p1a: Great Tusk|p2a: Dragapult\n|\n|-heal|p2a: Dragapult|62\/100|[from] item: Leftovers\n|-heal|p1a: Great Tusk|100\/100|[from] item: Leftovers\n|upkeep\n|turn|22\n|\n|t:|1700850927\n|-end|p1a: Great Tusk|Protosynthesis|[silent]\n|switch|p1a: Heatran|Heatran, F|78\/100\n|-damage|p1a: Heatran|66\/100|[from] Stealth Rock\n|move|p2a: Dragapult|Phantom Force|p1a: Heatran|[from]lockedmove\n|-damage|p1a: Heatran|23\/100\n|-status|p2a: Dragapult|brn|[from] ability: Flame Body|[of] p1a: Heatran\n|\n|-heal|p2a: Dragapult|68\/100 brn|[from] item: Leftovers\n|-heal|p1a: Heatran|29\/100|[from] item: Leftovers\n|-damage|p2a: Dragapult|62\/100 brn|[from] brn\n|upkeep\n|turn|23\n|\n|t:|1700850938\n|move|p2a: Dragapult|Substitute|p2a: Dragapult\n|-start|p2a: Dragapult|Substitute\n|-damage|p2a: Dragapult|37\/100 brn\n|move|p1a: Heatran|Earth Power|p2a: Dragapult\n|-end|p2a: Dragapult|Substitute\n|\n|-heal|p2a: Dragapult|43\/100 brn|[from] item: Leftovers\n|-heal|p1a: Heatran|35\/100|[from] item: Leftovers\n|-damage|p2a: Dragapult|37\/100 brn|[from] brn\n|upkeep\n|turn|24\n|\n|t:|1700850946\n|move|p2a: Dragapult|Dragon Dance|p2a: Dragapult\n|-boost|p2a: Dragapult|atk|1\n|-boost|p2a: Dragapult|spe|1\n|move|p1a: Heatran|Earth Power|p2a: Dragapult\n|-damage|p2a: Dragapult|4\/100 brn\n|\n|-heal|p2a: Dragapult|10\/100 brn|[from] item: Leftovers\n|-heal|p1a: Heatran|42\/100|[from] item: Leftovers\n|-damage|p2a: Dragapult|4\/100 brn|[from] brn\n|upkeep\n|turn|25\n|\n|t:|1700850962\n|move|p2a: Dragapult|Dragon Darts|p1a: Heatran\n|-resisted|p1a: Heatran\n|-damage|p1a: Heatran|34\/100\n|-anim|p2a: Dragapult|Dragon Darts|p1a: Heatran\n|-resisted|p1a: Heatran\n|-damage|p1a: Heatran|25\/100\n|move|p1a: Heatran|Earth Power|p2a: Dragapult\n|-damage|p2a: Dragapult|0 fnt\n|faint|p2a: Dragapult\n|\n|-heal|p1a: Heatran|32\/100|[from] item: Leftovers\n|upkeep\n|\n|t:|1700850969\n|switch|p2a: Great Tusk|Great Tusk|12\/100\n|turn|26\n|\n|t:|1700850986\n|move|p2a: Great Tusk|Headlong Rush|p1a: Heatran\n|-supereffective|p1a: Heatran\n|-damage|p1a: Heatran|0 fnt\n|-unboost|p2a: Great Tusk|def|1\n|-unboost|p2a: Great Tusk|spd|1\n|-status|p2a: Great Tusk|brn|[from] ability: Flame Body|[of] p1a: Heatran\n|faint|p1a: Heatran\n|\n|-damage|p2a: Great Tusk|6\/100 brn|[from] brn\n|upkeep\n|inactive|asceofspades has 90 seconds left.\n|\n|t:|1700851014\n|switch|p1a: Great Tusk|Great Tusk|100\/100\n|-damage|p1a: Great Tusk|98\/100|[from] Stealth Rock\n|turn|27\n|\n|t:|1700851021\n|move|p1a: Great Tusk|Ice Spinner|p2a: Great Tusk\n|-supereffective|p2a: Great Tusk\n|-crit|p2a: Great Tusk\n|-damage|p2a: Great Tusk|0 fnt\n|faint|p2a: Great Tusk\n|-end|p2a: Great Tusk|Protosynthesis|[silent]\n|\n|-heal|p1a: Great Tusk|100\/100|[from] item: Leftovers\n|upkeep\n|\n|t:|1700851032\n|switch|p2a: Heatran|Heatran, F|100\/100\n|-damage|p2a: Heatran|88\/100|[from] Stealth Rock\n|turn|28\n|inactive|asceofspades has 90 seconds left.\n|\n|t:|1700851055\n|-terastallize|p2a: Heatran|Grass\n|move|p1a: Great Tusk|Headlong Rush|p2a: Heatran\n|-resisted|p2a: Heatran\n|-damage|p2a: Heatran|67\/100\n|-unboost|p1a: Great Tusk|def|1\n|-unboost|p1a: Great Tusk|spd|1\n|move|p2a: Heatran|Will-O-Wisp|p1a: Great Tusk\n|-status|p1a: Great Tusk|brn\n|\n|-heal|p2a: Heatran|73\/100|[from] item: Leftovers\n|-damage|p1a: Great Tusk|94\/100 brn|[from] brn\n|upkeep\n|turn|29\n|\n|t:|1700851066\n|move|p1a: Great Tusk|Ice Spinner|p2a: Heatran\n|-supereffective|p2a: Heatran\n|-damage|p2a: Heatran|54\/100\n|move|p2a: Heatran|Magma Storm|p1a: Great Tusk\n|-damage|p1a: Great Tusk|16\/100 brn\n|-activate|p1a: Great Tusk|move: Magma Storm|[of] p2a: Heatran\n|\n|-heal|p1a: Great Tusk|22\/100 brn|[from] item: Leftovers\n|-heal|p2a: Heatran|60\/100|[from] item: Leftovers\n|-damage|p1a: Great Tusk|16\/100 brn|[from] brn\n|-damage|p1a: Great Tusk|4\/100 brn|[from] move: Magma Storm|[partiallytrapped]\n|upkeep\n|turn|30\n|\n|t:|1700851081\n|move|p1a: Great Tusk|Ice Spinner|p2a: Heatran\n|-supereffective|p2a: Heatran\n|-damage|p2a: Heatran|39\/100\n|move|p2a: Heatran|Earth Power|p1a: Great Tusk\n|-crit|p1a: Great Tusk\n|-damage|p1a: Great Tusk|0 fnt\n|faint|p1a: Great Tusk\n|-end|p1a: Great Tusk|Protosynthesis|[silent]\n|\n|-heal|p2a: Heatran|45\/100|[from] item: Leftovers\n|upkeep\n|inactive|asceofspades has 60 seconds left.\n|\n|t:|1700851123\n|switch|p1a: Dragapult|Dragapult, M|56\/100\n|-damage|p1a: Dragapult|43\/100|[from] Stealth Rock\n|turn|31\n|\n|t:|1700851137\n|move|p1a: Dragapult|Dragon Darts|p2a: Heatran\n|-damage|p2a: Heatran|26\/100\n|-anim|p1a: Dragapult|Dragon Darts|p2a: Heatran\n|-damage|p2a: Heatran|9\/100\n|move|p2a: Heatran|Earth Power|p1a: Dragapult\n|-damage|p1a: Dragapult|6\/100\n|-unboost|p1a: Dragapult|spd|1\n|\n|-heal|p1a: Dragapult|12\/100|[from] item: Leftovers\n|-heal|p2a: Heatran|16\/100|[from] item: Leftovers\n|upkeep\n|turn|32\n|\n|t:|1700851151\n|move|p1a: Dragapult|Hex|p2a: Heatran\n|-damage|p2a: Heatran|0 fnt\n|faint|p2a: Heatran\n|\n|-heal|p1a: Dragapult|18\/100|[from] item: Leftovers\n|upkeep\n|\n|t:|1700851154\n|switch|p2a: Gholdengo|Gholdengo|100\/100\n|-damage|p2a: Gholdengo|94\/100|[from] Stealth Rock\n|turn|33\n|\n|t:|1700851162\n|move|p1a: Dragapult|Hex|p2a: Gholdengo\n|-supereffective|p2a: Gholdengo\n|-damage|p2a: Gholdengo|45\/100\n|move|p2a: Gholdengo|Shadow Ball|p1a: Dragapult\n|-supereffective|p1a: Dragapult\n|-damage|p1a: Dragapult|0 fnt\n|faint|p1a: Dragapult\n|\n|upkeep\n|\n|t:|1700851168\n|switch|p1a: Manaphy|Manaphy|100\/100\n|-damage|p1a: Manaphy|88\/100|[from] Stealth Rock\n|turn|34\n|inactive|asceofspades has 60 seconds left.\n|\n|t:|1700851174\n|move|p1a: Manaphy|Scald|p2a: Gholdengo\n|-damage|p2a: Gholdengo|20\/100\n|move|p2a: Gholdengo|Nasty Plot|p2a: Gholdengo\n|-boost|p2a: Gholdengo|spa|2\n|\n|-heal|p1a: Manaphy|94\/100|[from] item: Leftovers\n|upkeep\n|turn|35\n|\n|t:|1700851179\n|move|p1a: Manaphy|Scald|p2a: Gholdengo\n|-damage|p2a: Gholdengo|0 fnt\n|faint|p2a: Gholdengo\n|\n|win|asceofspades\n|raw|asceofspades's rating: 1535 &rarr; <strong>1550<\/strong><br \/>(+15 for winning)\n|raw|Phillip Blevin's rating: 1444 &rarr; <strong>1429<\/strong><br \/>(-15 for losing)\n|l|\u2606Phillip Blevin\n","uploadtime":1700851189,"views":6,"p1id":"asceofspades","p2id":"phillipblevin","formatid":"gen9ou","rating":1429,"private":0,"password":""}