{"id":"gen9ou-1993809923","p1":"bumblebum","p2":"BoWs1rJr","format":"[Gen 9] OU","log":"|j|\u2606bumblebum\n|j|\u2606BoWs1rJr\n|t:|1700360021\n|gametype|singles\n|player|p1|bumblebum|wallace|\n|player|p2|BoWs1rJr|guzma|\n|teamsize|p1|6\n|teamsize|p2|6\n|gen|9\n|tier|[Gen 9] OU\n|rule|Sleep Clause Mod: Limit one foe put to sleep\n|rule|Species Clause: Limit one of each Pok\u00e9mon\n|rule|OHKO Clause: OHKO moves are banned\n|rule|Evasion Items Clause: Evasion items are banned\n|rule|Evasion Moves Clause: Evasion moves are banned\n|rule|Endless Battle Clause: Forcing endless battles is banned\n|rule|HP Percentage Mod: HP is shown in percentages\n|clearpoke\n|poke|p1|Great Tusk|\n|poke|p1|Ursaluna, F|\n|poke|p1|Tinkaton, F|\n|poke|p1|Jolteon, F|\n|poke|p1|Charizard, M|\n|poke|p1|Drakloak, M|\n|poke|p2|Raichu-Alola, M|\n|poke|p2|Salamence, F|\n|poke|p2|Donphan, M|\n|poke|p2|Iron Valiant|\n|poke|p2|Pincurchin, F|\n|poke|p2|Mismagius, F|\n|teampreview\n|inactive|Battle timer is ON: inactive players will automatically lose when time's up. (requested by bumblebum)\n|inactive|BoWs1rJr also wants the timer to be on.\n|c|\u2606BoWs1rJr|glhf\n|c|\u2606bumblebum|u2 gang\n|inactive|BoWs1rJr has 270 seconds left.\n|j| Mr. Kessler\n|j| RamPamPam888\n|\n|t:|1700360070\n|start\n|switch|p1a: Jameis Winston|Tinkaton, F|100\/100\n|switch|p2a: Missy spelliot|Mismagius, F|100\/100\n|-ability|p1a: Jameis Winston|Mold Breaker\n|turn|1\n|j| GrunkleConn\n|c| Mr. Kessler|Connie bout to see what it\u2019s like facing a Valiant in draft\n|c| Mr. Kessler|love to seenit\n|c|\u2606bumblebum|i hate it\n|c| Mr. Kessler|*see it\n|c|\u2606bumblebum|smile\n|inactive|bumblebum has 270 seconds left.\n|c|\u2606BoWs1rJr|I love pokemon with like 20 smogon site movesets\n|\n|t:|1700360108\n|move|p2a: Missy spelliot|Taunt|p1a: Jameis Winston\n|-start|p1a: Jameis Winston|move: Taunt\n|cant|p1a: Jameis Winston|move: Taunt|Stealth Rock\n|\n|upkeep\n|turn|2\n|inactive|bumblebum has 270 seconds left.\n|c|\u2606bumblebum|Oh sure\n|c|\u2606bumblebum|I will kill you now\n|\n|t:|1700360119\n|move|p2a: Missy spelliot|Will-O-Wisp|p1a: Jameis Winston\n|-status|p1a: Jameis Winston|brn\n|move|p1a: Jameis Winston|Gigaton Hammer|p2a: Missy spelliot\n|-damage|p2a: Missy spelliot|55\/100\n|\n|-damage|p1a: Jameis Winston|94\/100 brn|[from] brn\n|upkeep\n|turn|3\n|inactive|bumblebum has 270 seconds left.\n|c| Mr. Kessler|pain\n|c| Mr. Kessler|tinkafraud\n|c|\u2606bumblebum|nah\n|inactive|BoWs1rJr has 270 seconds left.\n|\n|t:|1700360152\n|switch|p2a: rawr >:3|Salamence, F|100\/100\n|-ability|p2a: rawr >:3|Intimidate|boost\n|-unboost|p1a: Jameis Winston|atk|1\n|switch|p1a: Kirk Cousins|Ursaluna, F|100\/100\n|\n|-status|p1a: Kirk Cousins|brn|[from] item: Flame Orb\n|upkeep\n|turn|4\n|inactive|bumblebum has 270 seconds left.\n|c|\u2606bumblebum|Kirk Cousins Enters\n|c| Mr. Kessler|FREDDY\n|\n|t:|1700360172\n|switch|p2a: Missy spelliot|Mismagius, F|55\/100\n|move|p1a: Kirk Cousins|Swords Dance|p1a: Kirk Cousins\n|-boost|p1a: Kirk Cousins|atk|2\n|\n|-damage|p1a: Kirk Cousins|94\/100 brn|[from] brn\n|upkeep\n|turn|5\n|c| GrunkleConn|harharhar\n|c| RamPamPam888|Holy shit\n|c|\u2606BoWs1rJr|oh dear\n|\n|t:|1700360184\n|move|p2a: Missy spelliot|Grass Knot|p1a: Kirk Cousins\n|-supereffective|p1a: Kirk Cousins\n|-damage|p1a: Kirk Cousins|41\/100 brn\n|move|p1a: Kirk Cousins|Play Rough|p2a: Missy spelliot\n|-damage|p2a: Missy spelliot|0 fnt\n|faint|p2a: Missy spelliot\n|\n|-damage|p1a: Kirk Cousins|35\/100 brn|[from] brn\n|upkeep\n|c|\u2606bumblebum|Har Har Har Har Har\n|c|\u2606bumblebum|Har Har Har Har Har\n|inactive|BoWs1rJr has 270 seconds left.\n|c|\u2606bumblebum|Kirko Benz\n|\n|t:|1700360206\n|switch|p2a: Silver sonic|Iron Valiant, shiny|100\/100\n|turn|6\n|\n|t:|1700360212\n|switch|p1a: David Carr|Drakloak, M|100\/100\n|move|p2a: Silver sonic|Close Combat|p1a: David Carr\n|-immune|p1a: David Carr\n|\n|upkeep\n|turn|7\n|inactive|BoWs1rJr has 270 seconds left.\n|inactive|bumblebum has 270 seconds left.\n|c| Mr. Kessler|Not booster energy\u2026 impossible\u2026\n|c|\u2606BoWs1rJr|I have the little guy dont need it\n|c| GrunkleConn|pinchurchin spidops\n|\n|t:|1700360252\n|move|p2a: Silver sonic|Moonblast|p1a: David Carr\n|-supereffective|p1a: David Carr\n|-damage|p1a: David Carr|0 fnt\n|faint|p1a: David Carr\n|-damage|p2a: Silver sonic|91\/100|[from] item: Life Orb\n|\n|upkeep\n|c| GrunkleConn|damn\n|c|\u2606bumblebum|mmmm so full from Blast\n|\n|t:|1700360264\n|switch|p1a: Joe Namath|Charizard, M|100\/100\n|turn|8\n|c|\u2606BoWs1rJr|that new animation is lame btw\n|c| GrunkleConn|they got moon png's\n|inactive|bumblebum has 240 seconds left.\n|inactive|BoWs1rJr has 240 seconds left.\n|inactive|BoWs1rJr has 210 seconds left.\n|inactive|bumblebum has 210 seconds left.\n|\n|t:|1700360329\n|-end|p2a: Silver sonic|Quark Drive|[silent]\n|switch|p2a: URCH & DESTROY|Pincurchin, F|100\/100\n|-fieldstart|move: Electric Terrain|[from] ability: Electric Surge|[of] p2a: URCH & DESTROY\n|move|p1a: Joe Namath|Air Slash|p2a: URCH & DESTROY\n|-resisted|p2a: URCH & DESTROY\n|-damage|p2a: URCH & DESTROY|78\/100\n|\n|upkeep\n|turn|9\n|inactive|bumblebum has 210 seconds left.\n|inactive|BoWs1rJr has 180 seconds left.\n|\n|t:|1700360360\n|switch|p1a: Jameis Winston|Tinkaton, F|94\/100 brn\n|-ability|p1a: Jameis Winston|Mold Breaker\n|switch|p2a: Big wheel|Donphan, M, shiny|100\/100\n|\n|-damage|p1a: Jameis Winston|88\/100 brn|[from] brn\n|upkeep\n|turn|10\n|inactive|bumblebum has 210 seconds left.\n|\n|t:|1700360387\n|move|p1a: Jameis Winston|Stealth Rock|p2a: Big wheel\n|-sidestart|p2: BoWs1rJr|move: Stealth Rock\n|move|p2a: Big wheel|Stealth Rock|p1a: Jameis Winston\n|-sidestart|p1: bumblebum|move: Stealth Rock\n|\n|-damage|p1a: Jameis Winston|82\/100 brn|[from] brn\n|upkeep\n|turn|11\n|\n|t:|1700360394\n|move|p1a: Jameis Winston|Gigaton Hammer|p2a: Big wheel\n|-damage|p2a: Big wheel|81\/100\n|move|p2a: Big wheel|Rapid Spin|p1a: Jameis Winston\n|-resisted|p1a: Jameis Winston\n|-damage|p1a: Jameis Winston|72\/100 brn\n|-boost|p2a: Big wheel|spe|1\n|-sideend|p2: BoWs1rJr|Stealth Rock|[from] move: Rapid Spin|[of] p2a: Big wheel\n|-enditem|p1a: Jameis Winston|Red Card|[of] p2a: Big wheel\n|drag|p2a: Silver sonic|Iron Valiant, shiny|91\/100\n|-activate|p2a: Silver sonic|ability: Quark Drive\n|-start|p2a: Silver sonic|quarkdrivespe\n|\n|-damage|p1a: Jameis Winston|66\/100 brn|[from] brn\n|upkeep\n|turn|12\n|c|\u2606BoWs1rJr|uh\n|c|\u2606BoWs1rJr|thanks?\n|inactive|BoWs1rJr has 180 seconds left.\n|c| Mr. Kessler|you gotta destroy bows now\n|c| GrunkleConn|umm is that good tho\n|c|\u2606BoWs1rJr|I think\n|c|\u2606BoWs1rJr|idk\n|\n|t:|1700360440\n|-end|p2a: Silver sonic|Quark Drive|[silent]\n|switch|p2a: rawr >:3|Salamence, F|100\/100\n|-ability|p2a: rawr >:3|Intimidate|boost\n|-unboost|p1a: Jameis Winston|atk|1\n|move|p1a: Jameis Winston|Thunder Wave|p2a: rawr >:3|[miss]\n|-miss|p1a: Jameis Winston|p2a: rawr >:3\n|\n|-damage|p1a: Jameis Winston|60\/100 brn|[from] brn\n|upkeep\n|turn|13\n|c|\u2606bumblebum|Find out\n|c|\u2606BoWs1rJr|damn\n|c| GrunkleConn|ouch\n|c|\u2606bumblebum|that silver rng\n|c|\u2606bumblebum|hitting me back\n|\n|t:|1700360462\n|move|p2a: rawr >:3|Dragon Dance|p2a: rawr >:3\n|-boost|p2a: rawr >:3|atk|1\n|-boost|p2a: rawr >:3|spe|1\n|move|p1a: Jameis Winston|Thunder Wave|p2a: rawr >:3\n|-status|p2a: rawr >:3|par\n|-enditem|p2a: rawr >:3|Lum Berry|[eat]\n|-curestatus|p2a: rawr >:3|par|[msg]\n|\n|-damage|p1a: Jameis Winston|54\/100 brn|[from] brn\n|upkeep\n|turn|14\n|c|\u2606BoWs1rJr|>:3\n|\n|t:|1700360475\n|move|p2a: rawr >:3|Earthquake|p1a: Jameis Winston\n|-supereffective|p1a: Jameis Winston\n|-damage|p1a: Jameis Winston|0 fnt\n|faint|p1a: Jameis Winston\n|\n|upkeep\n|c|\u2606bumblebum|me when twave miss\n|c|\u2606bumblebum|>:3\n|\n|t:|1700360489\n|switch|p1a: Colin Kaepernick|Jolteon, F|100\/100\n|-damage|p1a: Colin Kaepernick|88\/100|[from] Stealth Rock\n|turn|15\n|inactive|bumblebum has 180 seconds left.\n|\n|t:|1700360515\n|-terastallize|p1a: Colin Kaepernick|Fairy\n|move|p2a: rawr >:3|Earthquake|p1a: Colin Kaepernick\n|-damage|p1a: Colin Kaepernick|0 fnt\n|faint|p1a: Colin Kaepernick\n|\n|-fieldend|move: Electric Terrain\n|upkeep\n|c|\u2606bumblebum|this mfer so weak\n|c|\u2606bumblebum|so frail\n|c| Mr. Kessler|it might be joever\n|c|\u2606BoWs1rJr|it's like 60\/55 defense\n|c|\u2606BoWs1rJr|bro is made of wet cardboard\n|c|\u2606bumblebum|yeah\n|inactive|bumblebum has 150 seconds left.\n|\n|t:|1700360549\n|switch|p1a: Joe Namath|Charizard, M|100\/100\n|-damage|p1a: Joe Namath|51\/100|[from] Stealth Rock\n|turn|16\n|inactive|BoWs1rJr has 180 seconds left.\n|c| GrunkleConn|huh?\n|c|\u2606bumblebum|speed tie\n|c|\u2606bumblebum|who wins\n|c|\u2606bumblebum|we will find out\n|\n|t:|1700360570\n|move|p1a: Joe Namath|Will-O-Wisp|p2a: rawr >:3\n|-status|p2a: rawr >:3|brn\n|move|p2a: rawr >:3|Dual Wingbeat|p1a: Joe Namath\n|-damage|p1a: Joe Namath|21\/100\n|-damage|p1a: Joe Namath|0 fnt\n|faint|p1a: Joe Namath\n|-hitcount|p1: Joe Namath|2\n|\n|-damage|p2a: rawr >:3|94\/100 brn|[from] brn\n|upkeep\n|c|\u2606bumblebum|i win\n|c|\u2606bumblebum|im the winner\n|c|\u2606BoWs1rJr|oh damn\n|inactive|bumblebum has 150 seconds left.\n|\n|t:|1700360589\n|switch|p1a: Tom Brady|Great Tusk|100\/100\n|-damage|p1a: Tom Brady|98\/100|[from] Stealth Rock\n|turn|17\n|c|\u2606BoWs1rJr|scarf wisp is very based btw\n|inactive|bumblebum has 150 seconds left.\n|inactive|BoWs1rJr has 180 seconds left.\n|\n|t:|1700360601\n|move|p2a: rawr >:3|Dual Wingbeat|p1a: Tom Brady\n|-supereffective|p1a: Tom Brady\n|-damage|p1a: Tom Brady|74\/100\n|-supereffective|p1a: Tom Brady\n|-damage|p1a: Tom Brady|50\/100\n|-hitcount|p1a: Tom Brady|2\n|move|p1a: Tom Brady|Ice Spinner|p2a: rawr >:3\n|-supereffective|p2a: rawr >:3\n|-damage|p2a: rawr >:3|0 fnt\n|faint|p2a: rawr >:3\n|\n|-heal|p1a: Tom Brady|57\/100|[from] item: Leftovers\n|upkeep\n|inactive|BoWs1rJr has 180 seconds left.\n|\n|t:|1700360609\n|switch|p2a: Silver sonic|Iron Valiant, shiny|91\/100\n|turn|18\n|c|\u2606BoWs1rJr|gg\n|c|\u2606bumblebum|gg\n|inactive|bumblebum has 150 seconds left.\n|\n|t:|1700360619\n|move|p2a: Silver sonic|Moonblast|p1a: Tom Brady\n|-supereffective|p1a: Tom Brady\n|-damage|p1a: Tom Brady|0 fnt\n|faint|p1a: Tom Brady\n|-end|p1a: Tom Brady|Protosynthesis|[silent]\n|-damage|p2a: Silver sonic|81\/100|[from] item: Life Orb\n|\n|upkeep\n|\n|t:|1700360621\n|switch|p1a: Kirk Cousins|Ursaluna, F|35\/100 brn\n|-damage|p1a: Kirk Cousins|29\/100 brn|[from] Stealth Rock\n|turn|19\n|c|\u2606BoWs1rJr|I cant believe you did'nt get to see my wincon, tera bug raichu\n|\n|t:|1700360634\n|move|p2a: Silver sonic|Close Combat|p1a: Kirk Cousins\n|-supereffective|p1a: Kirk Cousins\n|-damage|p1a: Kirk Cousins|0 fnt\n|-unboost|p2a: Silver sonic|def|1\n|-unboost|p2a: Silver sonic|spd|1\n|faint|p1a: Kirk Cousins\n|-damage|p2a: Silver sonic|71\/100|[from] item: Life Orb\n|\n|win|BoWs1rJr\n|c| GrunkleConn|lol\n|c|\u2606bumblebum|in what fucking world\n|c|\u2606bumblebum|was that a wincon\n|c|\u2606bumblebum|LMAOOOO\n|c|\u2606BoWs1rJr|resists eq\n|c|\u2606BoWs1rJr|this is the future trust me\n|c|\u2606bumblebum|Oh\n|c|\u2606bumblebum|yeah true\n|c|\u2606bumblebum|your team\n|c| GrunkleConn|and fighting\n|c|\u2606bumblebum|5 eq weaknesses\n|c|\u2606bumblebum|1 4x\n|c|\u2606bumblebum|didnt really prep much, sorry i didnt put up much of a fight lmao\n|l| Mr. Kessler\n|c|\u2606bumblebum|gg\n|c|\u2606BoWs1rJr|all good\n|c|\u2606BoWs1rJr|gg\n","uploadtime":1700360659,"views":42,"p1id":"bumblebum","p2id":"bows1rjr","formatid":"gen9ou","rating":0,"private":0,"password":""}