{"id":"gen9ou-1998026358","p1":"cryaboutitE","p2":"Great Olm","format":"[Gen 9] OU","log":"|j|\u2606cryaboutitE\n|j|\u2606Great Olm\n|t:|1700880630\n|gametype|singles\n|player|p1|cryaboutitE|steven|1201\n|player|p2|Great Olm|lucas|1208\n|teamsize|p1|6\n|teamsize|p2|6\n|gen|9\n|tier|[Gen 9] OU\n|rated|\n|rule|Sleep Clause Mod: Limit one foe put to sleep\n|rule|Species Clause: Limit one of each Pok\u00e9mon\n|rule|OHKO Clause: OHKO moves are banned\n|rule|Evasion Items Clause: Evasion items are banned\n|rule|Evasion Moves Clause: Evasion moves are banned\n|rule|Endless Battle Clause: Forcing endless battles is banned\n|rule|HP Percentage Mod: HP is shown in percentages\n|clearpoke\n|poke|p1|Bisharp, M|\n|poke|p1|Kingambit, M|\n|poke|p1|Mismagius, M|\n|poke|p1|Ninetales-Alola, F|\n|poke|p1|Rotom-Wash|\n|poke|p1|Amoonguss, F|\n|poke|p2|Maushold-Four|\n|poke|p2|Great Tusk|\n|poke|p2|Kingambit, M|\n|poke|p2|Zapdos|\n|poke|p2|Slowking-Galar, M|\n|poke|p2|Walking Wake|\n|teampreview\n|inactive|Battle timer is ON: inactive players will automatically lose when time's up. (requested by Great Olm)\n|\n|t:|1700880656\n|start\n|switch|p1a: Rotom|Rotom-Wash|100\/100\n|switch|p2a: Maushold|Maushold-Four|100\/100\n|turn|1\n|\n|t:|1700880674\n|switch|p2a: Slowking|Slowking-Galar, M|100\/100\n|move|p1a: Rotom|Trick|p2a: Slowking\n|-activate|p1a: Rotom|move: Trick|[of] p2a: Slowking\n|-item|p2a: Slowking|Choice Scarf|[from] move: Trick\n|-item|p1a: Rotom|Heavy-Duty Boots|[from] move: Trick\n|\n|upkeep\n|turn|2\n|\n|t:|1700880685\n|move|p1a: Rotom|Volt Switch|p2a: Slowking\n|-damage|p2a: Slowking|83\/100\n|\n|t:|1700880690\n|switch|p1a: Bisharp|Bisharp, M|100\/100|[from] Volt Switch\n|move|p2a: Slowking|Chilly Reception|p2a: Slowking\n|-weather|Snow\n|\n|t:|1700880695\n|switch|p2a: Great Tusk|Great Tusk|100\/100|[from] Chilly Reception\n|\n|-weather|Snow|[upkeep]\n|upkeep\n|turn|3\n|\n|t:|1700880706\n|switch|p1a: Ninetales|Ninetales-Alola, F|100\/100\n|move|p2a: Great Tusk|Stealth Rock|p1a: Ninetales\n|-sidestart|p1: cryaboutitE|move: Stealth Rock\n|\n|-weather|Snow|[upkeep]\n|upkeep\n|turn|4\n|\n|t:|1700880712\n|-end|p2a: Great Tusk|Protosynthesis|[silent]\n|switch|p2a: Slowking|Slowking-Galar, M|100\/100\n|move|p1a: Ninetales|Aurora Veil|p1a: Ninetales\n|-sidestart|p1: cryaboutitE|move: Aurora Veil\n|\n|-weather|Snow|[upkeep]\n|upkeep\n|turn|5\n|\n|t:|1700880722\n|switch|p1a: Kingambit|Kingambit, M|100\/100\n|-damage|p1a: Kingambit|94\/100|[from] Stealth Rock\n|move|p2a: Slowking|Future Sight|p1a: Kingambit\n|-start|p2a: Slowking|move: Future Sight\n|\n|-weather|Snow|[upkeep]\n|-heal|p1a: Kingambit|100\/100|[from] item: Leftovers\n|upkeep\n|turn|6\n|\n|t:|1700880729\n|switch|p2a: Great Tusk|Great Tusk|100\/100\n|move|p1a: Kingambit|Kowtow Cleave|p2a: Great Tusk\n|-resisted|p2a: Great Tusk\n|-damage|p2a: Great Tusk|90\/100\n|-damage|p1a: Kingambit|84\/100|[from] item: Rocky Helmet|[of] p2a: Great Tusk\n|\n|-weather|none\n|-heal|p1a: Kingambit|90\/100|[from] item: Leftovers\n|upkeep\n|turn|7\n|\n|t:|1700880736\n|-terastallize|p1a: Kingambit|Fairy\n|move|p2a: Great Tusk|Earthquake|p1a: Kingambit\n|-damage|p1a: Kingambit|75\/100\n|move|p1a: Kingambit|Tera Blast|p2a: Great Tusk|[anim] Tera Blast Fairy\n|-supereffective|p2a: Great Tusk\n|-damage|p2a: Great Tusk|48\/100\n|\n|-end|p1a: Kingambit|move: Future Sight\n|-damage|p1a: Kingambit|54\/100\n|-heal|p1a: Kingambit|60\/100|[from] item: Leftovers\n|upkeep\n|turn|8\n|\n|t:|1700880748\n|-end|p2a: Great Tusk|Protosynthesis|[silent]\n|switch|p2a: Slowking|Slowking-Galar, M|100\/100\n|move|p1a: Kingambit|Tera Blast|p2a: Slowking|[anim] Tera Blast Fairy\n|-resisted|p2a: Slowking\n|-crit|p2a: Slowking\n|-damage|p2a: Slowking|61\/100\n|\n|-heal|p1a: Kingambit|66\/100|[from] item: Leftovers\n|upkeep\n|turn|9\n|\n|t:|1700880756\n|-terastallize|p2a: Slowking|Water\n|move|p1a: Kingambit|Kowtow Cleave|p2a: Slowking\n|-damage|p2a: Slowking|9\/100\n|move|p2a: Slowking|Sludge Bomb|p1a: Kingambit\n|-supereffective|p1a: Kingambit\n|-damage|p1a: Kingambit|36\/100\n|-status|p1a: Kingambit|psn\n|\n|-heal|p1a: Kingambit|42\/100 psn|[from] item: Leftovers\n|-damage|p1a: Kingambit|29\/100 psn|[from] psn\n|upkeep\n|turn|10\n|\n|t:|1700880764\n|switch|p2a: Great Tusk|Great Tusk|48\/100\n|move|p1a: Kingambit|Tera Blast|p2a: Great Tusk|[anim] Tera Blast Fairy\n|-supereffective|p2a: Great Tusk\n|-damage|p2a: Great Tusk|5\/100\n|\n|-heal|p1a: Kingambit|36\/100 psn|[from] item: Leftovers\n|-damage|p1a: Kingambit|23\/100 psn|[from] psn\n|upkeep\n|turn|11\n|\n|t:|1700880780\n|move|p2a: Great Tusk|Earthquake|p1a: Kingambit\n|-damage|p1a: Kingambit|7\/100 psn\n|move|p1a: Kingambit|Tera Blast|p2a: Great Tusk|[anim] Tera Blast Fairy\n|-supereffective|p2a: Great Tusk\n|-damage|p2a: Great Tusk|0 fnt\n|faint|p2a: Great Tusk\n|-end|p2a: Great Tusk|Protosynthesis|[silent]\n|\n|-heal|p1a: Kingambit|13\/100 psn|[from] item: Leftovers\n|-damage|p1a: Kingambit|1\/100 psn|[from] psn\n|-sideend|p1: cryaboutitE|move: Aurora Veil\n|upkeep\n|\n|t:|1700880790\n|switch|p2a: Kingambit|Kingambit, M|100\/100\n|-activate|p2a: Kingambit|ability: Supreme Overlord\n|-start|p2a: Kingambit|fallen1|[silent]\n|turn|12\n|\n|t:|1700880796\n|move|p1a: Kingambit|Sucker Punch||[still]\n|-fail|p1a: Kingambit\n|move|p2a: Kingambit|Swords Dance|p2a: Kingambit\n|-boost|p2a: Kingambit|atk|2\n|\n|-heal|p1a: Kingambit|7\/100 psn|[from] item: Leftovers\n|-damage|p1a: Kingambit|0 fnt|[from] psn\n|faint|p1a: Kingambit\n|-end|p1a: Kingambit|fallenundefined|[silent]\n|upkeep\n|\n|t:|1700880802\n|switch|p1a: Bisharp|Bisharp, M|100\/100\n|-damage|p1a: Bisharp|95\/100|[from] Stealth Rock\n|turn|13\n|\n|t:|1700880805\n|move|p2a: Kingambit|Kowtow Cleave|p1a: Bisharp\n|-resisted|p1a: Bisharp\n|-damage|p1a: Bisharp|31\/100\n|move|p1a: Bisharp|Low Kick|p2a: Kingambit\n|-supereffective|p2a: Kingambit\n|-damage|p2a: Kingambit|0 fnt\n|faint|p2a: Kingambit\n|-end|p2a: Kingambit|fallen1|[silent]\n|\n|-heal|p1a: Bisharp|37\/100|[from] item: Leftovers\n|upkeep\n|\n|t:|1700880812\n|switch|p2a: Zapdos|Zapdos|100\/100\n|turn|14\n|\n|t:|1700880820\n|switch|p1a: Rotom|Rotom-Wash|100\/100\n|move|p2a: Zapdos|Volt Switch|p1a: Rotom\n|-damage|p1a: Rotom|49\/100\n|\n|t:|1700880836\n|switch|p2a: Maushold|Maushold-Four|100\/100|[from] Volt Switch\n|\n|upkeep\n|turn|15\n|\n|t:|1700880841\n|move|p2a: Maushold|Population Bomb|p1a: Rotom\n|-crit|p1a: Rotom\n|-damage|p1a: Rotom|28\/100\n|-damage|p1a: Rotom|12\/100\n|-damage|p1a: Rotom|0 fnt\n|faint|p1a: Rotom\n|-hitcount|p1: Rotom|3\n|\n|upkeep\n|\n|t:|1700880848\n|switch|p1a: Mismagius|Mismagius, M|100\/100\n|-damage|p1a: Mismagius|88\/100|[from] Stealth Rock\n|turn|16\n|\n|t:|1700880854\n|move|p2a: Maushold|Bite|p1a: Mismagius\n|-supereffective|p1a: Mismagius\n|-crit|p1a: Mismagius\n|-damage|p1a: Mismagius|0 fnt\n|faint|p1a: Mismagius\n|\n|upkeep\n|\n|t:|1700880857\n|switch|p1a: Bisharp|Bisharp, M|37\/100\n|-damage|p1a: Bisharp|31\/100|[from] Stealth Rock\n|turn|17\n|\n|t:|1700880860\n|move|p1a: Bisharp|Sucker Punch|p2a: Maushold\n|-damage|p2a: Maushold|40\/100\n|move|p2a: Maushold|Population Bomb|p1a: Bisharp\n|-resisted|p1a: Bisharp\n|-damage|p1a: Bisharp|24\/100\n|-resisted|p1a: Bisharp\n|-damage|p1a: Bisharp|19\/100\n|-resisted|p1a: Bisharp\n|-damage|p1a: Bisharp|13\/100\n|-resisted|p1a: Bisharp\n|-damage|p1a: Bisharp|7\/100\n|-resisted|p1a: Bisharp\n|-damage|p1a: Bisharp|2\/100\n|-resisted|p1a: Bisharp\n|-damage|p1a: Bisharp|0 fnt\n|faint|p1a: Bisharp\n|-hitcount|p1: Bisharp|6\n|\n|upkeep\n|\n|t:|1700880865\n|switch|p1a: Ninetales|Ninetales-Alola, F|100\/100\n|-damage|p1a: Ninetales|76\/100|[from] Stealth Rock\n|-weather|Snow|[from] ability: Snow Warning|[of] p1a: Ninetales\n|turn|18\n|\n|t:|1700880879\n|move|p2a: Maushold|Population Bomb|p1a: Ninetales\n|-damage|p1a: Ninetales|64\/100\n|-damage|p1a: Ninetales|52\/100\n|-damage|p1a: Ninetales|41\/100\n|-damage|p1a: Ninetales|29\/100\n|-damage|p1a: Ninetales|18\/100\n|-damage|p1a: Ninetales|7\/100\n|-damage|p1a: Ninetales|0 fnt\n|faint|p1a: Ninetales\n|-hitcount|p1: Ninetales|7\n|\n|-weather|Snow|[upkeep]\n|upkeep\n|\n|t:|1700880887\n|switch|p1a: Amoonguss|Amoonguss, F|100\/100\n|-damage|p1a: Amoonguss|88\/100|[from] Stealth Rock\n|turn|19\n|\n|t:|1700880891\n|move|p2a: Maushold|Population Bomb|p1a: Amoonguss\n|-damage|p1a: Amoonguss|80\/100\n|-damage|p1a: Amoonguss|72\/100\n|-damage|p1a: Amoonguss|64\/100\n|-crit|p1a: Amoonguss\n|-damage|p1a: Amoonguss|51\/100\n|-damage|p1a: Amoonguss|43\/100\n|-damage|p1a: Amoonguss|34\/100\n|-damage|p1a: Amoonguss|25\/100\n|-damage|p1a: Amoonguss|17\/100\n|-damage|p1a: Amoonguss|9\/100\n|-damage|p1a: Amoonguss|0 fnt\n|faint|p1a: Amoonguss\n|-hitcount|p1: Amoonguss|10\n|\n|win|Great Olm\n|raw|cryaboutitE's rating: 1201 &rarr; <strong>1177<\/strong><br \/>(-24 for losing)\n|raw|Great Olm's rating: 1208 &rarr; <strong>1232<\/strong><br \/>(+24 for winning)\n|l|\u2606cryaboutitE\n","uploadtime":1700880906,"views":1,"p1id":"cryaboutite","p2id":"greatolm","formatid":"gen9ou","rating":1177,"private":0,"password":""}