{"id":"gen9ou-1994240750","p1":"madara and acii","p2":"Lily & MDB2","format":"[Gen 9] OU","log":"|j|\u2606madara and acii\n|j|\u2606Lily & MDB2\n|t:|1700422456\n|gametype|singles\n|player|p1|madara and acii|hilbert|\n|player|p2|Lily & MDB2|unknownf|\n|teamsize|p1|6\n|teamsize|p2|6\n|gen|9\n|tier|[Gen 9] OU\n|rule|Sleep Clause Mod: Limit one foe put to sleep\n|rule|Species Clause: Limit one of each Pok\u00e9mon\n|rule|OHKO Clause: OHKO moves are banned\n|rule|Evasion Items Clause: Evasion items are banned\n|rule|Evasion Moves Clause: Evasion moves are banned\n|rule|Endless Battle Clause: Forcing endless battles is banned\n|rule|HP Percentage Mod: HP is shown in percentages\n|clearpoke\n|poke|p1|Hatterene, F|\n|poke|p1|Sneasler, F|\n|poke|p1|Heatran, M|\n|poke|p1|Zamazenta-*|\n|poke|p1|Rillaboom, F|\n|poke|p1|Ursaluna, F|\n|poke|p2|Great Tusk|\n|poke|p2|Heatran, M|\n|poke|p2|Rillaboom, M|\n|poke|p2|Sneasler, M|\n|poke|p2|Kingambit, F|\n|poke|p2|Dragapult, M|\n|teampreview\n|inactive|Battle timer is ON: inactive players will automatically lose when time's up. (requested by madara and acii)\n|inactive|madara and acii has 270 seconds left.\n|inactive|Lily & MDB2 has 270 seconds left.\n|c|\u2606Lily & MDB2|hf\n|c|\u2606madara and acii|gl hf\n|inactive|madara and acii has 240 seconds left.\n|inactive|Lily & MDB2 has 240 seconds left.\n|j| schwipper\n|j| LanaFox\n|inactive|madara and acii has 210 seconds left.\n|\n|t:|1700422564\n|start\n|switch|p1a: Rillaboom|Rillaboom, F, shiny|100\/100\n|switch|p2a: Heatran|Heatran, M|100\/100\n|-item|p2a: Heatran|Air Balloon\n|-fieldstart|move: Grassy Terrain|[from] ability: Grassy Surge|[of] p1a: Rillaboom\n|turn|1\n|inactive|Lily & MDB2 has 270 seconds left.\n|\n|t:|1700422590\n|switch|p1a: Heatran|Heatran, M, shiny|100\/100\n|-item|p1a: Heatran|Air Balloon\n|move|p2a: Heatran|Magma Storm|p1a: Heatran\n|-damage|p1a: Heatran|58\/100\n|-activate|p1a: Heatran|move: Magma Storm|[of] p2a: Heatran\n|-enditem|p1a: Heatran|Air Balloon\n|\n|-heal|p1a: Heatran|65\/100|[from] Grassy Terrain\n|-damage|p1a: Heatran|52\/100|[from] move: Magma Storm|[partiallytrapped]\n|upkeep\n|turn|2\n|inactive|Lily & MDB2 has 270 seconds left.\n|\n|t:|1700422608\n|move|p2a: Heatran|Stealth Rock|p1a: Heatran\n|-sidestart|p1: madara and acii|move: Stealth Rock\n|move|p1a: Heatran|Stealth Rock|p2a: Heatran\n|-sidestart|p2: Lily & MDB2|move: Stealth Rock\n|\n|-heal|p1a: Heatran|58\/100|[from] Grassy Terrain\n|-damage|p1a: Heatran|46\/100|[from] move: Magma Storm|[partiallytrapped]\n|upkeep\n|turn|3\n|\n|t:|1700422612\n|move|p2a: Heatran|Earth Power|p1a: Heatran\n|-supereffective|p1a: Heatran\n|-damage|p1a: Heatran|0 fnt\n|faint|p1a: Heatran\n|\n|upkeep\n|inactive|madara and acii has 270 seconds left.\n|inactive|madara and acii has 240 seconds left.\n|\n|t:|1700422674\n|switch|p1a: Hatterene|Hatterene, F, shiny|100\/100\n|-damage|p1a: Hatterene|88\/100|[from] Stealth Rock\n|turn|4\n|inactive|Lily & MDB2 has 270 seconds left.\n|\n|t:|1700422715\n|move|p2a: Heatran|Magma Storm|p1a: Hatterene\n|-damage|p1a: Hatterene|34\/100\n|-activate|p1a: Hatterene|move: Magma Storm|[of] p2a: Heatran\n|move|p1a: Hatterene|Trick Room|p1a: Hatterene\n|-fieldstart|move: Trick Room|[of] p1a: Hatterene\n|\n|-heal|p1a: Hatterene|40\/100|[from] Grassy Terrain\n|-damage|p1a: Hatterene|28\/100|[from] move: Magma Storm|[partiallytrapped]\n|upkeep\n|turn|5\n|inactive|Lily & MDB2 has 240 seconds left.\n|l| schwipper\n|inactive|Lily & MDB2 has 210 seconds left.\n|\n|t:|1700422767\n|move|p1a: Hatterene|Misty Explosion|p2a: Heatran\n|-resisted|p2a: Heatran\n|-damage|p2a: Heatran|87\/100\n|-enditem|p2a: Heatran|Air Balloon\n|faint|p1a: Hatterene\n|move|p2a: Heatran|Earth Power|p1: Hatterene|[notarget]\n|-fail|p2a: Heatran\n|\n|-heal|p2a: Heatran|94\/100|[from] Grassy Terrain\n|upkeep\n|\n|t:|1700422773\n|switch|p1a: Ursaluna|Ursaluna, F, shiny|100\/100\n|-damage|p1a: Ursaluna|94\/100|[from] Stealth Rock\n|turn|6\n|inactive|Lily & MDB2 has 210 seconds left.\n|inactive|Lily & MDB2 has 180 seconds left.\n|\n|t:|1700422818\n|switch|p2a: Rillaboom|Rillaboom, M|100\/100\n|-damage|p2a: Rillaboom|88\/100|[from] Stealth Rock\n|move|p1a: Ursaluna|Swords Dance|p1a: Ursaluna\n|-boost|p1a: Ursaluna|atk|2\n|\n|-heal|p1a: Ursaluna|100\/100|[from] Grassy Terrain\n|-heal|p2a: Rillaboom|94\/100|[from] Grassy Terrain\n|-status|p1a: Ursaluna|brn|[from] item: Flame Orb\n|upkeep\n|turn|7\n|inactive|Lily & MDB2 has 180 seconds left.\n|inactive|madara and acii has 210 seconds left.\n|inactive|madara and acii has 180 seconds left.\n|\n|t:|1700422889\n|switch|p2a: Dragapult|Dragapult, M|100\/100\n|-damage|p2a: Dragapult|88\/100|[from] Stealth Rock\n|-terastallize|p1a: Ursaluna|Poison\n|move|p1a: Ursaluna|Ice Punch|p2a: Dragapult\n|-supereffective|p2a: Dragapult\n|-damage|p2a: Dragapult|0 fnt\n|faint|p2a: Dragapult\n|\n|-damage|p1a: Ursaluna|94\/100 brn|[from] brn\n|upkeep\n|inactive|Lily & MDB2 has 150 seconds left.\n|inactive|Lily & MDB2 has 120 seconds left.\n|\n|t:|1700422942\n|switch|p2a: Heatran|Heatran, M|94\/100\n|-damage|p2a: Heatran|81\/100|[from] Stealth Rock\n|turn|8\n|inactive|madara and acii has 180 seconds left.\n|\n|t:|1700422950\n|move|p1a: Ursaluna|Headlong Rush|p2a: Heatran\n|-supereffective|p2a: Heatran\n|-damage|p2a: Heatran|0 fnt\n|-unboost|p1a: Ursaluna|def|1\n|-unboost|p1a: Ursaluna|spd|1\n|faint|p2a: Heatran\n|\n|-heal|p1a: Ursaluna|100\/100 brn|[from] Grassy Terrain\n|-damage|p1a: Ursaluna|94\/100 brn|[from] brn\n|-fieldend|move: Trick Room\n|-fieldend|move: Grassy Terrain\n|upkeep\n|inactive|Lily & MDB2 has 120 seconds left.\n|\n|t:|1700422979\n|switch|p2a: Great Tusk|Great Tusk|100\/100\n|-damage|p2a: Great Tusk|98\/100|[from] Stealth Rock\n|-enditem|p2a: Great Tusk|Booster Energy\n|-activate|p2a: Great Tusk|ability: Protosynthesis|[fromitem]\n|-start|p2a: Great Tusk|protosynthesisspe\n|turn|9\n|inactive|madara and acii has 180 seconds left.\n|\n|t:|1700423015\n|switch|p1a: Rillaboom|Rillaboom, F, shiny|100\/100\n|-damage|p1a: Rillaboom|88\/100|[from] Stealth Rock\n|-fieldstart|move: Grassy Terrain|[from] ability: Grassy Surge|[of] p1a: Rillaboom\n|move|p2a: Great Tusk|Headlong Rush|p1a: Rillaboom\n|-resisted|p1a: Rillaboom\n|-damage|p1a: Rillaboom|63\/100\n|-unboost|p2a: Great Tusk|def|1\n|-unboost|p2a: Great Tusk|spd|1\n|\n|-heal|p2a: Great Tusk|100\/100|[from] Grassy Terrain\n|-heal|p1a: Rillaboom|69\/100|[from] Grassy Terrain\n|upkeep\n|turn|10\n|inactive|Lily & MDB2 has 120 seconds left.\n|inactive|madara and acii has 150 seconds left.\n|inactive|Lily & MDB2 has 90 seconds left.\n|inactive|madara and acii has 120 seconds left.\n|\n|t:|1700423078\n|move|p2a: Great Tusk|Ice Spinner|p1a: Rillaboom\n|-supereffective|p1a: Rillaboom\n|-crit|p1a: Rillaboom\n|-damage|p1a: Rillaboom|8\/100\n|-fieldend|move: Grassy Terrain\n|move|p1a: Rillaboom|U-turn|p2a: Great Tusk\n|-resisted|p2a: Great Tusk\n|-damage|p2a: Great Tusk|90\/100\n|\n|t:|1700423083\n|switch|p1a: Zamazenta|Zamazenta, shiny|100\/100|[from] U-turn\n|-damage|p1a: Zamazenta|94\/100|[from] Stealth Rock\n|-ability|p1a: Zamazenta|Dauntless Shield|boost\n|-boost|p1a: Zamazenta|def|1\n|\n|-heal|p1a: Zamazenta|100\/100|[from] item: Leftovers\n|upkeep\n|turn|11\n|inactive|Lily & MDB2 has 90 seconds left.\n|\n|t:|1700423103\n|move|p2a: Great Tusk|Bulk Up|p2a: Great Tusk\n|-boost|p2a: Great Tusk|atk|1\n|-boost|p2a: Great Tusk|def|1\n|move|p1a: Zamazenta|Iron Defense|p1a: Zamazenta\n|-boost|p1a: Zamazenta|def|2\n|\n|upkeep\n|turn|12\n|\n|t:|1700423107\n|move|p2a: Great Tusk|Bulk Up|p2a: Great Tusk\n|-boost|p2a: Great Tusk|atk|1\n|-boost|p2a: Great Tusk|def|1\n|move|p1a: Zamazenta|Iron Defense|p1a: Zamazenta\n|-boost|p1a: Zamazenta|def|2\n|\n|upkeep\n|turn|13\n|inactive|madara and acii has 120 seconds left.\n|\n|t:|1700423134\n|move|p2a: Great Tusk|Bulk Up|p2a: Great Tusk\n|-boost|p2a: Great Tusk|atk|1\n|-boost|p2a: Great Tusk|def|1\n|move|p1a: Zamazenta|Body Press|p2a: Great Tusk\n|-crit|p2a: Great Tusk\n|-damage|p2a: Great Tusk|0 fnt\n|faint|p2a: Great Tusk\n|-end|p2a: Great Tusk|Protosynthesis|[silent]\n|\n|upkeep\n|inactive|Lily & MDB2 has 90 seconds left.\n|inactive|Lily & MDB2 has 60 seconds left.\n|\n|t:|1700423191\n|switch|p2a: Rillaboom|Rillaboom, M|94\/100\n|-damage|p2a: Rillaboom|82\/100|[from] Stealth Rock\n|-fieldstart|move: Grassy Terrain|[from] ability: Grassy Surge|[of] p2a: Rillaboom\n|turn|14\n|\n|t:|1700423203\n|move|p2a: Rillaboom|Grassy Glide|p1a: Zamazenta\n|-damage|p1a: Zamazenta|91\/100\n|move|p1a: Zamazenta|Substitute|p1a: Zamazenta\n|-start|p1a: Zamazenta|Substitute\n|-damage|p1a: Zamazenta|66\/100\n|\n|-heal|p1a: Zamazenta|72\/100|[from] Grassy Terrain\n|-heal|p1a: Zamazenta|78\/100|[from] item: Leftovers\n|-heal|p2a: Rillaboom|88\/100|[from] Grassy Terrain\n|upkeep\n|turn|15\n|\n|t:|1700423209\n|move|p2a: Rillaboom|Grassy Glide|p1a: Zamazenta\n|-activate|p1a: Zamazenta|move: Substitute|[damage]\n|move|p1a: Zamazenta|Body Press|p2a: Rillaboom\n|-damage|p2a: Rillaboom|0 fnt\n|faint|p2a: Rillaboom\n|\n|-heal|p1a: Zamazenta|84\/100|[from] Grassy Terrain\n|-heal|p1a: Zamazenta|91\/100|[from] item: Leftovers\n|upkeep\n|\n|t:|1700423212\n|switch|p2a: Sneasler|Sneasler, M|100\/100\n|-damage|p2a: Sneasler|95\/100|[from] Stealth Rock\n|-enditem|p2a: Sneasler|Grassy Seed\n|-boost|p2a: Sneasler|def|1|[from] item: Grassy Seed\n|turn|16\n|inactive|madara and acii has 150 seconds left.\n|\n|t:|1700423218\n|-terastallize|p2a: Sneasler|Ghost\n|move|p2a: Sneasler|Swords Dance|p2a: Sneasler\n|-boost|p2a: Sneasler|atk|2\n|move|p1a: Zamazenta|Body Press|p2a: Sneasler\n|-immune|p2a: Sneasler\n|\n|-heal|p2a: Sneasler|100\/100|[from] Grassy Terrain\n|-heal|p1a: Zamazenta|97\/100|[from] Grassy Terrain\n|-heal|p1a: Zamazenta|100\/100|[from] item: Leftovers\n|upkeep\n|turn|17\n|\n|t:|1700423220\n|move|p2a: Sneasler|Dire Claw|p1a: Zamazenta\n|-end|p1a: Zamazenta|Substitute\n|move|p1a: Zamazenta|Crunch|p2a: Sneasler\n|-supereffective|p2a: Sneasler\n|-damage|p2a: Sneasler|40\/100\n|-unboost|p2a: Sneasler|def|1\n|\n|-heal|p2a: Sneasler|46\/100|[from] Grassy Terrain\n|upkeep\n|turn|18\n|\n|t:|1700423223\n|move|p2a: Sneasler|Dire Claw|p1a: Zamazenta\n|-damage|p1a: Zamazenta|79\/100\n|-status|p1a: Zamazenta|par\n|move|p1a: Zamazenta|Crunch|p2a: Sneasler\n|-supereffective|p2a: Sneasler\n|-damage|p2a: Sneasler|0 fnt\n|faint|p2a: Sneasler\n|\n|-heal|p1a: Zamazenta|85\/100 par|[from] Grassy Terrain\n|-heal|p1a: Zamazenta|92\/100 par|[from] item: Leftovers\n|upkeep\n|\n|t:|1700423225\n|switch|p2a: Kingambit|Kingambit, F|100\/100\n|-damage|p2a: Kingambit|94\/100|[from] Stealth Rock\n|-activate|p2a: Kingambit|ability: Supreme Overlord\n|-start|p2a: Kingambit|fallen5|[silent]\n|turn|19\n|\n|t:|1700423228\n|move|p2a: Kingambit|Swords Dance|p2a: Kingambit\n|-boost|p2a: Kingambit|atk|2\n|move|p1a: Zamazenta|Body Press|p2a: Kingambit\n|-supereffective|p2a: Kingambit\n|-damage|p2a: Kingambit|0 fnt\n|faint|p2a: Kingambit\n|-end|p2a: Kingambit|fallen5|[silent]\n|\n|win|madara and acii\n|c|\u2606madara and acii|sorry\n|c|\u2606Lily & MDB2|gg\n|c|\u2606madara and acii|gg\n|l| LanaFox\n|j|+Hiro'\n|j| LanaFox\n|l| LanaFox\n|l|+Hiro'\n","uploadtime":1700423241,"views":36,"p1id":"madaraandacii","p2id":"lilymdb2","formatid":"gen9ou","rating":0,"private":0,"password":""}