{"id":"gen9ou-1994073989","p1":"SirBoogerBrain","p2":"ser nao vivo","format":"[Gen 9] OU","log":"|j|\u2606SirBoogerBrain\n|j|\u2606ser nao vivo\n|t:|1700403443\n|gametype|singles\n|player|p1|SirBoogerBrain|burglar-gen2|1191\n|player|p2|ser nao vivo|burglar|1134\n|teamsize|p1|6\n|teamsize|p2|6\n|gen|9\n|tier|[Gen 9] OU\n|rated|\n|rule|Sleep Clause Mod: Limit one foe put to sleep\n|rule|Species Clause: Limit one of each Pok\u00e9mon\n|rule|OHKO Clause: OHKO moves are banned\n|rule|Evasion Items Clause: Evasion items are banned\n|rule|Evasion Moves Clause: Evasion moves are banned\n|rule|Endless Battle Clause: Forcing endless battles is banned\n|rule|HP Percentage Mod: HP is shown in percentages\n|clearpoke\n|poke|p1|Iron Valiant|\n|poke|p1|Kingambit, M|\n|poke|p1|Great Tusk|\n|poke|p1|Garchomp, F|\n|poke|p1|Moltres|\n|poke|p1|Amoonguss, M|\n|poke|p2|Glimmora, M|\n|poke|p2|Mienshao, F|\n|poke|p2|Thundurus-Therian, M|\n|poke|p2|Pelipper, M|\n|poke|p2|Barraskewda, M|\n|poke|p2|Ogerpon-Wellspring, F|\n|teampreview\n|inactive|Battle timer is ON: inactive players will automatically lose when time's up. (requested by SirBoogerBrain)\n|inactive|ser nao vivo also wants the timer to be on.\n|inactive|SirBoogerBrain has 120 seconds left.\n|\n|t:|1700403491\n|start\n|switch|p1a: Bloom Warden|Amoonguss, M|100\/100\n|switch|p2a: Pelipper|Pelipper, M, shiny|100\/100\n|-weather|RainDance|[from] ability: Drizzle|[of] p2a: Pelipper\n|turn|1\n|\n|t:|1700403501\n|move|p2a: Pelipper|Hurricane|p1a: Bloom Warden\n|-supereffective|p1a: Bloom Warden\n|-damage|p1a: Bloom Warden|38\/100\n|move|p1a: Bloom Warden|Spore|p2a: Pelipper\n|-status|p2a: Pelipper|slp|[from] move: Spore\n|\n|-weather|RainDance|[upkeep]\n|upkeep\n|turn|2\n|\n|t:|1700403525\n|switch|p1a: Star Lance|Iron Valiant|100\/100\n|cant|p2a: Pelipper|slp\n|\n|-weather|RainDance|[upkeep]\n|upkeep\n|turn|3\n|inactive|SirBoogerBrain has 120 seconds left.\n|\n|t:|1700403548\n|switch|p2a: Thundurus|Thundurus-Therian, M, shiny|100\/100\n|move|p1a: Star Lance|Knock Off|p2a: Thundurus\n|-damage|p2a: Thundurus|54\/100\n|-enditem|p2a: Thundurus|Heavy-Duty Boots|[from] move: Knock Off|[of] p1a: Star Lance\n|\n|-weather|RainDance|[upkeep]\n|upkeep\n|turn|4\n|inactive|SirBoogerBrain has 120 seconds left.\n|\n|t:|1700403558\n|-end|p1a: Star Lance|Quark Drive|[silent]\n|switch|p1a: Bloom Warden|Amoonguss, M|71\/100\n|move|p2a: Thundurus|Wildbolt Storm|p1a: Bloom Warden\n|-resisted|p1a: Bloom Warden\n|-damage|p1a: Bloom Warden|48\/100\n|\n|-weather|RainDance|[upkeep]\n|upkeep\n|turn|5\n|inactive|SirBoogerBrain has 120 seconds left.\n|\n|t:|1700403594\n|switch|p1a: Abyssal Fin|Garchomp, F|100\/100\n|move|p2a: Thundurus|Volt Switch|p1a: Abyssal Fin\n|-immune|p1a: Abyssal Fin\n|\n|-weather|RainDance|[upkeep]\n|upkeep\n|turn|6\n|inactive|SirBoogerBrain has 90 seconds left.\n|\n|t:|1700403612\n|move|p2a: Thundurus|Weather Ball|p1a: Abyssal Fin\n|-damage|p1a: Abyssal Fin|54\/100\n|move|p1a: Abyssal Fin|Stealth Rock|p2a: Thundurus\n|-sidestart|p2: ser nao vivo|move: Stealth Rock\n|\n|-weather|RainDance|[upkeep]\n|-heal|p1a: Abyssal Fin|60\/100|[from] item: Leftovers\n|upkeep\n|turn|7\n|\n|t:|1700403621\n|switch|p1a: Bloom Warden|Amoonguss, M|81\/100\n|move|p2a: Thundurus|Weather Ball|p1a: Bloom Warden\n|-resisted|p1a: Bloom Warden\n|-damage|p1a: Bloom Warden|57\/100\n|\n|-weather|RainDance|[upkeep]\n|upkeep\n|turn|8\n|\n|t:|1700403632\n|move|p2a: Thundurus|Volt Switch|p1a: Bloom Warden\n|-resisted|p1a: Bloom Warden\n|-damage|p1a: Bloom Warden|39\/100\n|\n|t:|1700403634\n|switch|p2a: Ogerpon|Ogerpon-Wellspring, F|100\/100|[from] Volt Switch\n|-damage|p2a: Ogerpon|88\/100|[from] Stealth Rock\n|move|p1a: Bloom Warden|Sludge Bomb|p2a: Ogerpon\n|-supereffective|p2a: Ogerpon\n|-damage|p2a: Ogerpon|28\/100\n|\n|-weather|none\n|upkeep\n|turn|9\n|inactive|SirBoogerBrain has 90 seconds left.\n|\n|t:|1700403664\n|move|p2a: Ogerpon|Ivy Cudgel|p1a: Bloom Warden|[anim] Ivy Cudgel Water\n|-resisted|p1a: Bloom Warden\n|-damage|p1a: Bloom Warden|15\/100\n|move|p1a: Bloom Warden|Giga Drain|p2a: Ogerpon\n|-damage|p2a: Ogerpon|2\/100\n|-heal|p1a: Bloom Warden|24\/100|[from] drain|[of] p2a: Ogerpon\n|\n|upkeep\n|turn|10\n|inactive|SirBoogerBrain has 90 seconds left.\n|\n|t:|1700403676\n|switch|p1a: Abyssal Fin|Garchomp, F|60\/100\n|move|p2a: Ogerpon|Spikes|p1a: Abyssal Fin\n|-sidestart|p1: SirBoogerBrain|Spikes\n|\n|-heal|p1a: Abyssal Fin|66\/100|[from] item: Leftovers\n|upkeep\n|turn|11\n|\n|t:|1700403682\n|switch|p1a: Bloom Warden|Amoonguss, M|57\/100\n|-damage|p1a: Bloom Warden|45\/100|[from] Spikes\n|move|p2a: Ogerpon|Ivy Cudgel|p1a: Bloom Warden|[anim] Ivy Cudgel Water\n|-resisted|p1a: Bloom Warden\n|-damage|p1a: Bloom Warden|20\/100\n|\n|upkeep\n|turn|12\n|\n|t:|1700403695\n|switch|p1a: Abyssal Fin|Garchomp, F|66\/100\n|-damage|p1a: Abyssal Fin|54\/100|[from] Spikes\n|move|p2a: Ogerpon|Spikes|p1a: Abyssal Fin\n|-sidestart|p1: SirBoogerBrain|Spikes\n|\n|-heal|p1a: Abyssal Fin|60\/100|[from] item: Leftovers\n|upkeep\n|turn|13\n|\n|t:|1700403713\n|move|p2a: Ogerpon|Spikes|p1a: Abyssal Fin\n|-sidestart|p1: SirBoogerBrain|Spikes\n|move|p1a: Abyssal Fin|Stone Edge|p2a: Ogerpon\n|-damage|p2a: Ogerpon|0 fnt\n|faint|p2a: Ogerpon\n|\n|-heal|p1a: Abyssal Fin|66\/100|[from] item: Leftovers\n|upkeep\n|\n|t:|1700403726\n|switch|p2a: Pelipper|Pelipper, M, shiny|100\/100 slp\n|-damage|p2a: Pelipper|76\/100 slp|[from] Stealth Rock\n|-weather|RainDance|[from] ability: Drizzle|[of] p2a: Pelipper\n|turn|14\n|inactive|SirBoogerBrain has 90 seconds left.\n|\n|t:|1700403750\n|move|p1a: Abyssal Fin|Stone Edge|p2a: Pelipper\n|-supereffective|p2a: Pelipper\n|-damage|p2a: Pelipper|22\/100 slp\n|cant|p2a: Pelipper|slp\n|\n|-weather|RainDance|[upkeep]\n|-heal|p1a: Abyssal Fin|73\/100|[from] item: Leftovers\n|upkeep\n|turn|15\n|\n|t:|1700403759\n|move|p1a: Abyssal Fin|Stone Edge|p2a: Pelipper\n|-supereffective|p2a: Pelipper\n|-damage|p2a: Pelipper|0 fnt\n|faint|p2a: Pelipper\n|\n|-weather|RainDance|[upkeep]\n|-heal|p1a: Abyssal Fin|79\/100|[from] item: Leftovers\n|upkeep\n|\n|t:|1700403768\n|switch|p2a: Barraskewda|Barraskewda, M, shiny|100\/100\n|-damage|p2a: Barraskewda|88\/100|[from] Stealth Rock\n|turn|16\n|inactive|SirBoogerBrain has 90 seconds left.\n|\n|t:|1700403799\n|-terastallize|p1a: Abyssal Fin|Water\n|move|p2a: Barraskewda|Liquidation|p1a: Abyssal Fin\n|-resisted|p1a: Abyssal Fin\n|-damage|p1a: Abyssal Fin|42\/100\n|-damage|p2a: Barraskewda|76\/100|[from] ability: Rough Skin|[of] p1a: Abyssal Fin\n|-damage|p2a: Barraskewda|66\/100|[from] item: Life Orb\n|move|p1a: Abyssal Fin|Earthquake|p2a: Barraskewda\n|-damage|p2a: Barraskewda|0 fnt\n|faint|p2a: Barraskewda\n|\n|-weather|RainDance|[upkeep]\n|-heal|p1a: Abyssal Fin|48\/100|[from] item: Leftovers\n|upkeep\n|inactive|ser nao vivo has 120 seconds left.\n|\n|t:|1700403829\n|switch|p2a: Thundurus|Thundurus-Therian, M, shiny|54\/100\n|-damage|p2a: Thundurus|29\/100|[from] Stealth Rock\n|turn|17\n|inactive|SirBoogerBrain has 90 seconds left.\n|\n|t:|1700403849\n|move|p2a: Thundurus|Volt Switch|p1a: Abyssal Fin\n|-supereffective|p1a: Abyssal Fin\n|-damage|p1a: Abyssal Fin|0 fnt\n|faint|p1a: Abyssal Fin\n|\n|t:|1700403855\n|switch|p2a: Glimmora|Glimmora, M, shiny|100\/100|[from] Volt Switch\n|-damage|p2a: Glimmora|88\/100|[from] Stealth Rock\n|\n|-weather|RainDance|[upkeep]\n|upkeep\n|\n|t:|1700403875\n|switch|p1a: Onyx Razor|Kingambit, M|100\/100\n|-damage|p1a: Onyx Razor|76\/100|[from] Spikes\n|-activate|p1a: Onyx Razor|ability: Supreme Overlord\n|-start|p1a: Onyx Razor|fallen1|[silent]\n|turn|18\n|\n|t:|1700403887\n|switch|p2a: Mienshao|Mienshao, F, shiny|100\/100\n|-damage|p2a: Mienshao|95\/100|[from] Stealth Rock\n|move|p1a: Onyx Razor|Iron Head|p2a: Mienshao\n|-damage|p2a: Mienshao|0 fnt\n|faint|p2a: Mienshao\n|\n|-weather|RainDance|[upkeep]\n|upkeep\n|-message|ser nao vivo forfeited.\n|\n|win|SirBoogerBrain\n|raw|SirBoogerBrain's rating: 1191 &rarr; <strong>1212<\/strong><br \/>(+21 for winning)\n|raw|ser nao vivo's rating: 1134 &rarr; <strong>1113<\/strong><br \/>(-21 for losing)\n|l|\u2606ser nao vivo\n|c|\u2606SirBoogerBrain|gg\n","uploadtime":1700403899,"views":6,"p1id":"sirboogerbrain","p2id":"sernaovivo","formatid":"gen9ou","rating":1113,"private":0,"password":""}