{"id":"gen9ou-1989755344","p1":"Waterimage","p2":"AubreyOmori1","format":"[Gen 9] OU","log":"|j|\u2606Waterimage\n|j|\u2606AubreyOmori1\n|t:|1699892997\n|gametype|singles\n|player|p1|Waterimage|hiker-gen4|1092\n|player|p2|AubreyOmori1|roxie|1108\n|teamsize|p1|6\n|teamsize|p2|6\n|gen|9\n|tier|[Gen 9] OU\n|rated|\n|rule|Sleep Clause Mod: Limit one foe put to sleep\n|rule|Species Clause: Limit one of each Pok\u00e9mon\n|rule|OHKO Clause: OHKO moves are banned\n|rule|Evasion Items Clause: Evasion items are banned\n|rule|Evasion Moves Clause: Evasion moves are banned\n|rule|Endless Battle Clause: Forcing endless battles is banned\n|rule|HP Percentage Mod: HP is shown in percentages\n|clearpoke\n|poke|p1|Dragapult, F|\n|poke|p1|Great Tusk|\n|poke|p1|Iron Valiant|\n|poke|p1|Slowking-Galar, M|\n|poke|p1|Heatran, M|\n|poke|p1|Dondozo, F|\n|poke|p2|Landorus-Therian, M|\n|poke|p2|Gholdengo|\n|poke|p2|Alomomola, F|\n|poke|p2|Hatterene, F|\n|poke|p2|Kingambit, M|\n|poke|p2|Great Tusk|\n|teampreview\n|\n|t:|1699893009\n|start\n|switch|p1a: Slowking|Slowking-Galar, M|100\/100\n|switch|p2a: Wario|Landorus-Therian, M, shiny|100\/100\n|-ability|p2a: Wario|Intimidate|boost\n|-unboost|p1a: Slowking|atk|1\n|turn|1\n|\n|t:|1699893017\n|move|p2a: Wario|Earthquake|p1a: Slowking\n|-supereffective|p1a: Slowking\n|-damage|p1a: Slowking|0 fnt\n|faint|p1a: Slowking\n|\n|upkeep\n|\n|t:|1699893023\n|switch|p1a: Dondozo|Dondozo, F|100\/100\n|turn|2\n|\n|t:|1699893030\n|switch|p2a: Mari|Hatterene, F, shiny|100\/100\n|move|p1a: Dondozo|Curse|p1a: Dondozo\n|-unboost|p1a: Dondozo|spe|1\n|-boost|p1a: Dondozo|atk|1\n|-boost|p1a: Dondozo|def|1\n|\n|upkeep\n|turn|3\n|\n|t:|1699893036\n|move|p2a: Mari|Psyshock|p1a: Dondozo\n|-damage|p1a: Dondozo|90\/100\n|move|p1a: Dondozo|Curse|p1a: Dondozo\n|-unboost|p1a: Dondozo|spe|1\n|-boost|p1a: Dondozo|atk|1\n|-boost|p1a: Dondozo|def|1\n|\n|upkeep\n|turn|4\n|\n|t:|1699893040\n|move|p2a: Mari|Nuzzle|p1a: Dondozo\n|-supereffective|p1a: Dondozo\n|-damage|p1a: Dondozo|88\/100\n|-status|p1a: Dondozo|par\n|move|p1a: Dondozo|Curse|p1a: Dondozo\n|-unboost|p1a: Dondozo|spe|1\n|-boost|p1a: Dondozo|atk|1\n|-boost|p1a: Dondozo|def|1\n|\n|upkeep\n|turn|5\n|\n|t:|1699893046\n|move|p2a: Mari|Calm Mind|p2a: Mari\n|-boost|p2a: Mari|spa|1\n|-boost|p2a: Mari|spd|1\n|move|p1a: Dondozo|Curse|p1a: Dondozo\n|-unboost|p1a: Dondozo|spe|1\n|-boost|p1a: Dondozo|atk|1\n|-boost|p1a: Dondozo|def|1\n|\n|upkeep\n|turn|6\n|\n|t:|1699893049\n|move|p2a: Mari|Calm Mind|p2a: Mari\n|-boost|p2a: Mari|spa|1\n|-boost|p2a: Mari|spd|1\n|cant|p1a: Dondozo|par\n|\n|upkeep\n|turn|7\n|\n|t:|1699893053\n|move|p2a: Mari|Psyshock|p1a: Dondozo\n|-damage|p1a: Dondozo|83\/100 par\n|move|p1a: Dondozo|Curse|p1a: Dondozo\n|-unboost|p1a: Dondozo|spe|1\n|-boost|p1a: Dondozo|atk|1\n|-boost|p1a: Dondozo|def|1\n|\n|upkeep\n|turn|8\n|\n|t:|1699893058\n|move|p2a: Mari|Calm Mind|p2a: Mari\n|-boost|p2a: Mari|spa|1\n|-boost|p2a: Mari|spd|1\n|move|p1a: Dondozo|Curse|p1a: Dondozo\n|-unboost|p1a: Dondozo|spe|1\n|-boost|p1a: Dondozo|atk|1\n|-boost|p1a: Dondozo|def|1\n|\n|upkeep\n|turn|9\n|\n|t:|1699893063\n|move|p2a: Mari|Psyshock|p1a: Dondozo\n|-damage|p1a: Dondozo|78\/100 par\n|move|p1a: Dondozo|Liquidation|p2a: Mari\n|-damage|p2a: Mari|0 fnt\n|faint|p2a: Mari\n|\n|upkeep\n|\n|t:|1699893090\n|switch|p2a: Wario|Landorus-Therian, M, shiny|100\/100\n|-ability|p2a: Wario|Intimidate|boost\n|-unboost|p1a: Dondozo|atk|1\n|turn|10\n|\n|t:|1699893093\n|move|p2a: Wario|Grass Knot|p1a: Dondozo\n|-supereffective|p1a: Dondozo\n|-damage|p1a: Dondozo|26\/100 par\n|cant|p1a: Dondozo|par\n|\n|upkeep\n|turn|11\n|\n|t:|1699893104\n|move|p2a: Wario|Grass Knot|p1a: Dondozo\n|-supereffective|p1a: Dondozo\n|-damage|p1a: Dondozo|0 fnt\n|faint|p1a: Dondozo\n|\n|upkeep\n|\n|t:|1699893109\n|switch|p1a: Heatran|Heatran, M|100\/100\n|turn|12\n|\n|t:|1699893115\n|switch|p2a: Amelia|Alomomola, F, shiny|100\/100\n|-terastallize|p1a: Heatran|Grass\n|move|p1a: Heatran|Magma Storm|p2a: Amelia\n|-resisted|p2a: Amelia\n|-crit|p2a: Amelia\n|-damage|p2a: Amelia|57\/100\n|-activate|p2a: Amelia|move: Magma Storm|[of] p1a: Heatran\n|\n|-damage|p2a: Amelia|45\/100|[from] move: Magma Storm|[partiallytrapped]\n|upkeep\n|turn|13\n|\n|t:|1699893123\n|move|p1a: Heatran|Taunt|p2a: Amelia\n|-start|p2a: Amelia|move: Taunt\n|move|p2a: Amelia|Flip Turn|p1a: Heatran\n|-resisted|p1a: Heatran\n|-damage|p1a: Heatran|93\/100\n|\n|t:|1699893137\n|switch|p2a: Wario|Landorus-Therian, M, shiny|100\/100|[from] Flip Turn\n|-ability|p2a: Wario|Intimidate|boost\n|-unboost|p1a: Heatran|atk|1\n|\n|-heal|p1a: Heatran|99\/100|[from] item: Leftovers\n|upkeep\n|turn|14\n|\n|t:|1699893144\n|move|p2a: Wario|Stone Edge|p1a: Heatran\n|-damage|p1a: Heatran|43\/100\n|move|p1a: Heatran|Stealth Rock|p2a: Wario\n|-sidestart|p2: AubreyOmori1|move: Stealth Rock\n|\n|-heal|p1a: Heatran|49\/100|[from] item: Leftovers\n|upkeep\n|turn|15\n|\n|t:|1699893149\n|move|p2a: Wario|Stone Edge|p1a: Heatran\n|-crit|p1a: Heatran\n|-damage|p1a: Heatran|0 fnt\n|faint|p1a: Heatran\n|\n|upkeep\n|\n|t:|1699893156\n|switch|p1a: Dragapult|Dragapult, F|100\/100\n|turn|16\n|\n|t:|1699893162\n|move|p1a: Dragapult|Shadow Ball|p2a: Wario\n|-damage|p2a: Wario|26\/100\n|move|p2a: Wario|Stone Edge|p1a: Dragapult\n|-damage|p1a: Dragapult|28\/100\n|\n|upkeep\n|turn|17\n|\n|t:|1699893171\n|switch|p2a: Kinger|Kingambit, M, shiny|100\/100\n|-damage|p2a: Kinger|94\/100|[from] Stealth Rock\n|-activate|p2a: Kinger|ability: Supreme Overlord\n|-start|p2a: Kinger|fallen1|[silent]\n|move|p1a: Dragapult|Shadow Ball|p2a: Kinger\n|-resisted|p2a: Kinger\n|-damage|p2a: Kinger|69\/100\n|\n|-heal|p2a: Kinger|75\/100|[from] item: Leftovers\n|upkeep\n|turn|18\n|\n|t:|1699893181\n|switch|p1a: Iron Valiant|Iron Valiant|100\/100\n|-enditem|p1a: Iron Valiant|Booster Energy\n|-activate|p1a: Iron Valiant|ability: Quark Drive|[fromitem]\n|-start|p1a: Iron Valiant|quarkdrivespe\n|move|p2a: Kinger|Swords Dance|p2a: Kinger\n|-boost|p2a: Kinger|atk|2\n|\n|-heal|p2a: Kinger|81\/100|[from] item: Leftovers\n|upkeep\n|turn|19\n|\n|t:|1699893185\n|-terastallize|p2a: Kinger|Fairy\n|move|p1a: Iron Valiant|Encore|p2a: Kinger\n|-start|p2a: Kinger|Encore\n|move|p2a: Kinger|Swords Dance|p2a: Kinger\n|-boost|p2a: Kinger|atk|2\n|\n|-heal|p2a: Kinger|87\/100|[from] item: Leftovers\n|upkeep\n|turn|20\n|\n|t:|1699893189\n|move|p1a: Iron Valiant|Swords Dance|p1a: Iron Valiant\n|-boost|p1a: Iron Valiant|atk|2\n|move|p2a: Kinger|Swords Dance|p2a: Kinger\n|-boost|p2a: Kinger|atk|2\n|\n|-heal|p2a: Kinger|94\/100|[from] item: Leftovers\n|upkeep\n|turn|21\n|\n|t:|1699893194\n|move|p1a: Iron Valiant|Knock Off|p2a: Kinger\n|-resisted|p2a: Kinger\n|-damage|p2a: Kinger|67\/100\n|-enditem|p2a: Kinger|Leftovers|[from] move: Knock Off|[of] p1a: Iron Valiant\n|move|p2a: Kinger|Swords Dance|p2a: Kinger\n|-boost|p2a: Kinger|atk|0\n|\n|-end|p2a: Kinger|Encore\n|upkeep\n|turn|22\n|\n|t:|1699893198\n|move|p2a: Kinger|Sucker Punch||[still]\n|-fail|p2a: Kinger\n|move|p1a: Iron Valiant|Encore|p2a: Kinger\n|-start|p2a: Kinger|Encore\n|\n|upkeep\n|turn|23\n|\n|t:|1699893204\n|move|p2a: Kinger|Sucker Punch|p1a: Iron Valiant\n|-resisted|p1a: Iron Valiant\n|-damage|p1a: Iron Valiant|43\/100\n|move|p1a: Iron Valiant|Close Combat|p2a: Kinger\n|-resisted|p2a: Kinger\n|-damage|p2a: Kinger|22\/100\n|-unboost|p1a: Iron Valiant|def|1\n|-unboost|p1a: Iron Valiant|spd|1\n|\n|upkeep\n|turn|24\n|\n|t:|1699893210\n|-end|p1a: Iron Valiant|Quark Drive|[silent]\n|switch|p1a: Great Tusk|Great Tusk|100\/100\n|move|p2a: Kinger|Sucker Punch||[still]\n|-fail|p2a: Kinger\n|\n|upkeep\n|turn|25\n|\n|t:|1699893215\n|move|p2a: Kinger|Sucker Punch|p1a: Great Tusk\n|-resisted|p1a: Great Tusk\n|-damage|p1a: Great Tusk|53\/100\n|move|p1a: Great Tusk|Iron Head|p2a: Kinger\n|-supereffective|p2a: Kinger\n|-damage|p2a: Kinger|0 fnt\n|faint|p2a: Kinger\n|-end|p2a: Kinger|fallen1|[silent]\n|\n|upkeep\n|\n|t:|1699893223\n|switch|p2a: Eraser|Great Tusk, shiny|100\/100\n|turn|26\n|\n|t:|1699893230\n|move|p2a: Eraser|Rapid Spin|p1a: Great Tusk\n|-damage|p1a: Great Tusk|44\/100\n|-boost|p2a: Eraser|spe|1\n|-sideend|p2: AubreyOmori1|Stealth Rock|[from] move: Rapid Spin|[of] p2a: Eraser\n|move|p1a: Great Tusk|Knock Off|p2a: Eraser\n|-resisted|p2a: Eraser\n|-damage|p2a: Eraser|93\/100\n|-enditem|p2a: Eraser|Heavy-Duty Boots|[from] move: Knock Off|[of] p1a: Great Tusk\n|\n|upkeep\n|turn|27\n|\n|t:|1699893237\n|move|p2a: Eraser|Earthquake|p1a: Great Tusk\n|-damage|p1a: Great Tusk|21\/100\n|move|p1a: Great Tusk|Iron Head|p2a: Eraser\n|-damage|p2a: Eraser|80\/100\n|\n|upkeep\n|turn|28\n|\n|t:|1699893241\n|move|p2a: Eraser|Rapid Spin|p1a: Great Tusk\n|-damage|p1a: Great Tusk|14\/100\n|-boost|p2a: Eraser|spe|1\n|move|p1a: Great Tusk|Earthquake|p2a: Eraser\n|-damage|p2a: Eraser|59\/100\n|\n|upkeep\n|turn|29\n|\n|t:|1699893247\n|move|p2a: Eraser|Earthquake|p1a: Great Tusk\n|-damage|p1a: Great Tusk|0 fnt\n|faint|p1a: Great Tusk\n|-end|p1a: Great Tusk|Protosynthesis|[silent]\n|\n|upkeep\n|-message|Waterimage forfeited.\n|\n|win|AubreyOmori1\n|raw|Waterimage's rating: 1092 &rarr; <strong>1069<\/strong><br \/>(-23 for losing)\n|raw|AubreyOmori1's rating: 1108 &rarr; <strong>1132<\/strong><br \/>(+24 for winning)\n|l|\u2606Waterimage\n","uploadtime":1699893251,"views":8,"p1id":"waterimage","p2id":"aubreyomori1","formatid":"gen9ou","rating":1069,"private":0,"password":""}