{"id":"gen9ou-1988502585","p1":"buttrees","p2":"punkmag","format":"[Gen 9] OU","log":"|j|\u2606buttrees\n|j|\u2606punkmag\n|t:|1699729838\n|gametype|singles\n|player|p1|buttrees|hiker-gen4|1101\n|player|p2|punkmag|waitress-gen4|1159\n|teamsize|p1|6\n|teamsize|p2|6\n|gen|9\n|tier|[Gen 9] OU\n|rated|\n|rule|Sleep Clause Mod: Limit one foe put to sleep\n|rule|Species Clause: Limit one of each Pok\u00e9mon\n|rule|OHKO Clause: OHKO moves are banned\n|rule|Evasion Items Clause: Evasion items are banned\n|rule|Evasion Moves Clause: Evasion moves are banned\n|rule|Endless Battle Clause: Forcing endless battles is banned\n|rule|HP Percentage Mod: HP is shown in percentages\n|clearpoke\n|poke|p1|Kleavor, F|\n|poke|p1|Garchomp, F|\n|poke|p1|Heatran, M|\n|poke|p1|Okidogi, M|\n|poke|p1|Mandibuzz, F|\n|poke|p1|Glimmora, F|\n|poke|p2|Hoopa-Unbound|\n|poke|p2|Dragapult, F|\n|poke|p2|Maushold|\n|poke|p2|Gliscor, F|\n|poke|p2|Fezandipiti, M|\n|poke|p2|Grafaiai, F|\n|teampreview\n|inactive|Battle timer is ON: inactive players will automatically lose when time's up. (requested by punkmag)\n|\n|t:|1699729844\n|start\n|switch|p1a: Kleavor|Kleavor, F|100\/100\n|switch|p2a: Gliscor|Gliscor, F|100\/100\n|turn|1\n|\n|t:|1699729852\n|move|p1a: Kleavor|Stone Axe|p2a: Gliscor\n|-damage|p2a: Gliscor|70\/100\n|-sidestart|p2: punkmag|move: Stealth Rock\n|move|p2a: Gliscor|Earthquake|p1a: Kleavor\n|-crit|p1a: Kleavor\n|-damage|p1a: Kleavor|43\/100\n|\n|-status|p2a: Gliscor|tox|[from] item: Toxic Orb\n|upkeep\n|turn|2\n|\n|t:|1699729862\n|switch|p1a: Mandibuzz|Mandibuzz, F|100\/100\n|move|p2a: Gliscor|Stealth Rock|p1a: Mandibuzz\n|-sidestart|p1: buttrees|move: Stealth Rock\n|\n|-heal|p2a: Gliscor|82\/100 tox|[from] ability: Poison Heal\n|upkeep\n|turn|3\n|\n|t:|1699729880\n|move|p2a: Gliscor|Toxic|p1a: Mandibuzz\n|-status|p1a: Mandibuzz|tox\n|move|p1a: Mandibuzz|U-turn|p2a: Gliscor\n|-resisted|p2a: Gliscor\n|-damage|p2a: Gliscor|78\/100 tox\n|\n|t:|1699729895\n|switch|p1a: Okidogi|Okidogi, M|100\/100|[from] U-turn\n|-damage|p1a: Okidogi|94\/100|[from] Stealth Rock\n|\n|-heal|p2a: Gliscor|90\/100 tox|[from] ability: Poison Heal\n|upkeep\n|turn|4\n|\n|t:|1699729907\n|switch|p2a: Grafaiai|Grafaiai, F|100\/100\n|-damage|p2a: Grafaiai|88\/100|[from] Stealth Rock\n|move|p1a: Okidogi|Ice Punch|p2a: Grafaiai\n|-damage|p2a: Grafaiai|51\/100\n|\n|-heal|p2a: Grafaiai|58\/100|[from] item: Leftovers\n|upkeep\n|turn|5\n|\n|t:|1699729923\n|move|p2a: Grafaiai|Knock Off|p1a: Okidogi\n|-resisted|p1a: Okidogi\n|-damage|p1a: Okidogi|85\/100\n|-enditem|p1a: Okidogi|Mental Herb|[from] move: Knock Off|[of] p2a: Grafaiai\n|move|p1a: Okidogi|Knock Off|p2a: Grafaiai\n|-crit|p2a: Grafaiai\n|-damage|p2a: Grafaiai|0 fnt\n|-enditem|p2a: Grafaiai|Leftovers|[from] move: Knock Off|[of] p1a: Okidogi\n|faint|p2a: Grafaiai\n|\n|upkeep\n|\n|t:|1699729940\n|switch|p2a: Dragapult|Dragapult, F|100\/100\n|-damage|p2a: Dragapult|88\/100|[from] Stealth Rock\n|turn|6\n|\n|t:|1699729951\n|-terastallize|p2a: Dragapult|Dragon\n|move|p2a: Dragapult|Draco Meteor|p1a: Okidogi\n|-damage|p1a: Okidogi|0 fnt\n|-unboost|p2a: Dragapult|spa|2\n|faint|p1a: Okidogi\n|\n|upkeep\n|inactive|buttrees has 120 seconds left.\n|\n|t:|1699729966\n|switch|p1a: Kleavor|Kleavor, F|43\/100\n|-damage|p1a: Kleavor|18\/100|[from] Stealth Rock\n|turn|7\n|inactive|buttrees has 120 seconds left.\n|\n|t:|1699729978\n|switch|p2a: Gliscor|Gliscor, F|90\/100 tox\n|-damage|p2a: Gliscor|78\/100 tox|[from] Stealth Rock\n|move|p1a: Kleavor|U-turn|p2a: Gliscor\n|-resisted|p2a: Gliscor\n|-damage|p2a: Gliscor|56\/100 tox\n|inactive|buttrees has 120 seconds left.\n|\n|t:|1699729984\n|switch|p1a: Mandibuzz|Mandibuzz, F|100\/100 tox|[from] U-turn\n|\n|-heal|p2a: Gliscor|68\/100 tox|[from] ability: Poison Heal\n|-damage|p1a: Mandibuzz|94\/100 tox|[from] psn\n|upkeep\n|turn|8\n|inactive|buttrees has 120 seconds left.\n|\n|t:|1699729999\n|move|p2a: Gliscor|Toxic|p1a: Mandibuzz\n|-fail|p1a: Mandibuzz|tox\n|move|p1a: Mandibuzz|U-turn|p2a: Gliscor\n|-resisted|p2a: Gliscor\n|-damage|p2a: Gliscor|63\/100 tox\n|inactive|buttrees has 120 seconds left.\n|-message|buttrees forfeited.\n|\n|win|punkmag\n|raw|buttrees's rating: 1101 &rarr; <strong>1080<\/strong><br \/>(-21 for losing)\n|raw|punkmag's rating: 1159 &rarr; <strong>1180<\/strong><br \/>(+21 for winning)\n|l|\u2606buttrees\n","uploadtime":1699730011,"views":12,"p1id":"buttrees","p2id":"punkmag","formatid":"gen9ou","rating":1080,"private":0,"password":""}