{"id":"gen9ou-1996661567","p1":"Dervon","p2":"Sprocket0835","format":"[Gen 9] OU","log":"|j|\u2606Dervon\n|j|\u2606Sprocket0835\n|t:|1700706560\n|gametype|singles\n|player|p1|Dervon|170|1322\n|player|p2|Sprocket0835|hilbert|1360\n|teamsize|p1|6\n|teamsize|p2|6\n|gen|9\n|tier|[Gen 9] OU\n|rated|\n|rule|Sleep Clause Mod: Limit one foe put to sleep\n|rule|Species Clause: Limit one of each Pok\u00e9mon\n|rule|OHKO Clause: OHKO moves are banned\n|rule|Evasion Items Clause: Evasion items are banned\n|rule|Evasion Moves Clause: Evasion moves are banned\n|rule|Endless Battle Clause: Forcing endless battles is banned\n|rule|HP Percentage Mod: HP is shown in percentages\n|clearpoke\n|poke|p1|Iron Valiant|\n|poke|p1|Heatran, F|\n|poke|p1|Walking Wake|\n|poke|p1|Rotom-Wash|\n|poke|p1|Slowking-Galar, F|\n|poke|p1|Mandibuzz, F|\n|poke|p2|Cinderace, F|\n|poke|p2|Samurott-Hisui, M|\n|poke|p2|Zapdos|\n|poke|p2|Great Tusk|\n|poke|p2|Slowking-Galar, F|\n|poke|p2|Kommo-o, M|\n|teampreview\n|\n|t:|1700706577\n|start\n|switch|p1a: Rotom|Rotom-Wash|100\/100\n|switch|p2a: Samurott|Samurott-Hisui, M|100\/100\n|turn|1\n|\n|t:|1700706587\n|switch|p2a: Zapdos|Zapdos|100\/100\n|move|p1a: Rotom|Volt Switch|p2a: Zapdos\n|-damage|p2a: Zapdos|63\/100\n|\n|t:|1700706595\n|switch|p1a: Slowking|Slowking-Galar, F|100\/100|[from] Volt Switch\n|\n|upkeep\n|turn|2\n|\n|t:|1700706599\n|move|p2a: Zapdos|U-turn|p1a: Slowking\n|-damage|p1a: Slowking|88\/100\n|\n|t:|1700706603\n|switch|p2a: Samurott|Samurott-Hisui, M|100\/100|[from] U-turn\n|move|p1a: Slowking|Ice Beam|p2a: Samurott\n|-resisted|p2a: Samurott\n|-damage|p2a: Samurott|85\/100\n|\n|upkeep\n|turn|3\n|\n|t:|1700706609\n|switch|p1a: Mandibuzz|Mandibuzz, F|100\/100\n|move|p2a: Samurott|Ceaseless Edge|p1a: Mandibuzz|[miss]\n|-miss|p2a: Samurott|p1a: Mandibuzz\n|\n|upkeep\n|turn|4\n|\n|t:|1700706620\n|switch|p2a: Zapdos|Zapdos|63\/100\n|move|p1a: Mandibuzz|U-turn|p2a: Zapdos\n|-resisted|p2a: Zapdos\n|-damage|p2a: Zapdos|56\/100\n|\n|t:|1700706640\n|switch|p1a: Walking Wake|Walking Wake|100\/100|[from] U-turn\n|\n|upkeep\n|turn|5\n|\n|t:|1700706654\n|switch|p2a: Slowking|Slowking-Galar, F|100\/100\n|move|p1a: Walking Wake|Knock Off|p2a: Slowking\n|-supereffective|p2a: Slowking\n|-damage|p2a: Slowking|63\/100\n|-enditem|p2a: Slowking|Heavy-Duty Boots|[from] move: Knock Off|[of] p1a: Walking Wake\n|\n|upkeep\n|turn|6\n|\n|t:|1700706668\n|-end|p1a: Walking Wake|Protosynthesis|[silent]\n|switch|p1a: Heatran|Heatran, F|100\/100\n|move|p2a: Slowking|Thunder Wave|p1a: Heatran\n|-status|p1a: Heatran|par\n|\n|upkeep\n|turn|7\n|\n|t:|1700706674\n|cant|p1a: Heatran|par\n|move|p2a: Slowking|Chilly Reception|p2a: Slowking\n|-weather|Snow\n|\n|t:|1700706682\n|switch|p2a: Samurott|Samurott-Hisui, M|85\/100|[from] Chilly Reception\n|\n|-weather|Snow|[upkeep]\n|upkeep\n|turn|8\n|\n|t:|1700706689\n|switch|p1a: Mandibuzz|Mandibuzz, F|100\/100\n|move|p2a: Samurott|Knock Off|p1a: Mandibuzz\n|-resisted|p1a: Mandibuzz\n|-damage|p1a: Mandibuzz|89\/100\n|-enditem|p1a: Mandibuzz|Heavy-Duty Boots|[from] move: Knock Off|[of] p2a: Samurott\n|\n|-weather|Snow|[upkeep]\n|upkeep\n|turn|9\n|\n|t:|1700706696\n|switch|p2a: Zapdos|Zapdos|56\/100\n|move|p1a: Mandibuzz|U-turn|p2a: Zapdos\n|-resisted|p2a: Zapdos\n|-damage|p2a: Zapdos|49\/100\n|\n|t:|1700706716\n|switch|p1a: Walking Wake|Walking Wake|100\/100|[from] U-turn\n|\n|-weather|Snow|[upkeep]\n|upkeep\n|turn|10\n|\n|t:|1700706760\n|move|p1a: Walking Wake|Scald|p2a: Zapdos\n|-damage|p2a: Zapdos|0 fnt\n|faint|p2a: Zapdos\n|\n|-weather|Snow|[upkeep]\n|upkeep\n|\n|t:|1700706773\n|switch|p2a: Slowking|Slowking-Galar, F|97\/100\n|turn|11\n|\n|t:|1700706794\n|-end|p1a: Walking Wake|Protosynthesis|[silent]\n|switch|p1a: Rotom|Rotom-Wash|100\/100\n|move|p2a: Slowking|Chilly Reception|p2a: Slowking\n|\n|t:|1700706815\n|switch|p2a: Kommo-o|Kommo-o, M|100\/100|[from] Chilly Reception\n|\n|-weather|none\n|upkeep\n|turn|12\n|\n|t:|1700706825\n|switch|p2a: Samurott|Samurott-Hisui, M|85\/100\n|move|p1a: Rotom|Trick|p2a: Samurott\n|-activate|p1a: Rotom|move: Trick|[of] p2a: Samurott\n|-item|p2a: Samurott|Choice Scarf|[from] move: Trick\n|-item|p1a: Rotom|Choice Scarf|[from] move: Trick\n|\n|upkeep\n|turn|13\n|\n|t:|1700706834\n|move|p1a: Rotom|Will-O-Wisp|p2a: Samurott\n|-status|p2a: Samurott|brn\n|move|p2a: Samurott|Knock Off|p1a: Rotom\n|-damage|p1a: Rotom|71\/100\n|-enditem|p1a: Rotom|Choice Scarf|[from] move: Knock Off|[of] p2a: Samurott\n|\n|-damage|p2a: Samurott|78\/100 brn|[from] brn\n|upkeep\n|turn|14\n|\n|t:|1700706844\n|switch|p2a: Kommo-o|Kommo-o, M|100\/100\n|move|p1a: Rotom|Volt Switch|p2a: Kommo-o\n|-resisted|p2a: Kommo-o\n|-damage|p2a: Kommo-o|82\/100\n|\n|t:|1700706852\n|switch|p1a: Walking Wake|Walking Wake|100\/100|[from] Volt Switch\n|\n|upkeep\n|turn|15\n|\n|t:|1700706866\n|-terastallize|p2a: Kommo-o|Normal\n|move|p1a: Walking Wake|Draco Meteor|p2a: Kommo-o\n|-damage|p2a: Kommo-o|0 fnt\n|-unboost|p1a: Walking Wake|spa|2\n|faint|p2a: Kommo-o\n|\n|upkeep\n|c|\u2606Sprocket0835|burh\n|c|\u2606Dervon|Walking wake be like\n|\n|t:|1700706928\n|switch|p2a: Great Tusk|Great Tusk|100\/100\n|-enditem|p2a: Great Tusk|Booster Energy\n|-activate|p2a: Great Tusk|ability: Protosynthesis|[fromitem]\n|-start|p2a: Great Tusk|protosynthesisspe\n|turn|16\n|\n|t:|1700706934\n|-end|p1a: Walking Wake|Protosynthesis|[silent]\n|switch|p1a: Mandibuzz|Mandibuzz, F|89\/100\n|move|p2a: Great Tusk|Bulk Up|p2a: Great Tusk\n|-boost|p2a: Great Tusk|atk|1\n|-boost|p2a: Great Tusk|def|1\n|\n|upkeep\n|turn|17\n|c|\u2606Sprocket0835|new sets  I guess\n|\n|t:|1700706946\n|move|p2a: Great Tusk|Ice Spinner|p1a: Mandibuzz\n|-supereffective|p1a: Mandibuzz\n|-damage|p1a: Mandibuzz|51\/100\n|move|p1a: Mandibuzz|Foul Play|p2a: Great Tusk\n|-resisted|p2a: Great Tusk\n|-damage|p2a: Great Tusk|87\/100\n|\n|upkeep\n|turn|18\n|\n|t:|1700706953\n|move|p2a: Great Tusk|Rapid Spin|p1a: Mandibuzz\n|-damage|p1a: Mandibuzz|38\/100\n|-boost|p2a: Great Tusk|spe|1\n|move|p1a: Mandibuzz|Roost|p1a: Mandibuzz\n|-heal|p1a: Mandibuzz|88\/100\n|-singleturn|p1a: Mandibuzz|move: Roost\n|\n|upkeep\n|turn|19\n|\n|t:|1700706963\n|move|p2a: Great Tusk|Ice Spinner|p1a: Mandibuzz\n|-supereffective|p1a: Mandibuzz\n|-damage|p1a: Mandibuzz|46\/100\n|move|p1a: Mandibuzz|U-turn|p2a: Great Tusk\n|-resisted|p2a: Great Tusk\n|-damage|p2a: Great Tusk|85\/100\n|\n|t:|1700706980\n|switch|p1a: Rotom|Rotom-Wash|71\/100|[from] U-turn\n|\n|upkeep\n|turn|20\n|\n|t:|1700706991\n|-end|p2a: Great Tusk|Protosynthesis|[silent]\n|switch|p2a: Cinderace|Cinderace, F|100\/100\n|move|p1a: Rotom|Hydro Pump|p2a: Cinderace\n|-supereffective|p2a: Cinderace\n|-damage|p2a: Cinderace|0 fnt\n|faint|p2a: Cinderace\n|\n|upkeep\n|c|\u2606Sprocket0835|evil\n|-message|Sprocket0835 forfeited.\n|\n|win|Dervon\n|raw|Dervon's rating: 1322 &rarr; <strong>1344<\/strong><br \/>(+22 for winning)\n|raw|Sprocket0835's rating: 1360 &rarr; <strong>1338<\/strong><br \/>(-22 for losing)\n|c|\u2606Dervon|gg\n","uploadtime":1700707016,"views":12,"p1id":"dervon","p2id":"sprocket0835","formatid":"gen9ou","rating":1338,"private":0,"password":""}