{"id":"gen9ou-1993905095","p1":"SpiralsOfChaos","p2":"zshmoneyy","format":"[Gen 9] OU","log":"|j|\u2606SpiralsOfChaos\n|j|\u2606zshmoneyy\n|t:|1700373064\n|gametype|singles\n|player|p1|SpiralsOfChaos|nate|1294\n|player|p2|zshmoneyy|flannery|1415\n|teamsize|p1|6\n|teamsize|p2|6\n|gen|9\n|tier|[Gen 9] OU\n|rated|\n|rule|Sleep Clause Mod: Limit one foe put to sleep\n|rule|Species Clause: Limit one of each Pok\u00e9mon\n|rule|OHKO Clause: OHKO moves are banned\n|rule|Evasion Items Clause: Evasion items are banned\n|rule|Evasion Moves Clause: Evasion moves are banned\n|rule|Endless Battle Clause: Forcing endless battles is banned\n|rule|HP Percentage Mod: HP is shown in percentages\n|clearpoke\n|poke|p1|Clefable, M|\n|poke|p1|Toxapex, M|\n|poke|p1|Zamazenta-*|\n|poke|p1|Gholdengo|\n|poke|p1|Landorus-Therian, M|\n|poke|p1|Rillaboom, F|\n|poke|p2|Kingambit, F|\n|poke|p2|Ceruledge, F|\n|poke|p2|Cinderace, F|\n|poke|p2|Slowking-Galar, M|\n|poke|p2|Dondozo, F|\n|poke|p2|Corviknight, F|\n|teampreview\n|\n|t:|1700373089\n|start\n|switch|p1a: Landorus|Landorus-Therian, M|100\/100\n|switch|p2a: MuGiWaRa!!!|Slowking-Galar, M|100\/100\n|-ability|p1a: Landorus|Intimidate|boost\n|-unboost|p2a: MuGiWaRa!!!|atk|1\n|turn|1\n|\n|t:|1700373119\n|move|p1a: Landorus|Earthquake|p2a: MuGiWaRa!!!\n|-supereffective|p2a: MuGiWaRa!!!\n|-damage|p2a: MuGiWaRa!!!|33\/100\n|move|p2a: MuGiWaRa!!!|Ice Beam|p1a: Landorus\n|-supereffective|p1a: Landorus\n|-damage|p1a: Landorus|5\/100\n|\n|-heal|p2a: MuGiWaRa!!!|40\/100|[from] item: Leftovers\n|upkeep\n|turn|2\n|\n|t:|1700373127\n|switch|p2a: MiHawK|Corviknight, F|100\/100\n|move|p1a: Landorus|Stealth Rock|p2a: MiHawK\n|-sidestart|p2: zshmoneyy|move: Stealth Rock\n|\n|upkeep\n|turn|3\n|\n|t:|1700373157\n|move|p1a: Landorus|U-turn|p2a: MiHawK\n|-resisted|p2a: MiHawK\n|-damage|p2a: MiHawK|96\/100\n|-damage|p1a: Landorus|0 fnt|[from] item: Rocky Helmet|[of] p2a: MiHawK\n|faint|p1a: Landorus\n|move|p2a: MiHawK|Brave Bird|p1: Landorus|[notarget]\n|-fail|p2a: MiHawK\n|\n|upkeep\n|\n|t:|1700373186\n|switch|p1a: Clefable|Clefable, M|100\/100\n|turn|4\n|\n|t:|1700373221\n|move|p2a: MiHawK|Brave Bird|p1a: Clefable\n|-damage|p1a: Clefable|70\/100\n|-damage|p2a: MiHawK|86\/100|[from] Recoil\n|move|p1a: Clefable|Calm Mind|p1a: Clefable\n|-boost|p1a: Clefable|spa|1\n|-boost|p1a: Clefable|spd|1\n|\n|-heal|p1a: Clefable|76\/100|[from] item: Leftovers\n|upkeep\n|turn|5\n|\n|t:|1700373245\n|switch|p2a: Fire Fist Sabo\ud83d\udd25|Cinderace, F|100\/100\n|move|p1a: Clefable|Calm Mind|p1a: Clefable\n|-boost|p1a: Clefable|spa|1\n|-boost|p1a: Clefable|spd|1\n|\n|-heal|p1a: Clefable|82\/100|[from] item: Leftovers\n|upkeep\n|turn|6\n|\n|t:|1700373257\n|move|p2a: Fire Fist Sabo\ud83d\udd25|Court Change|p2a: Fire Fist Sabo\ud83d\udd25\n|-start|p2a: Fire Fist Sabo\ud83d\udd25|typechange|Normal|[from] ability: Libero\n|-swapsideconditions\n|-activate|p2a: Fire Fist Sabo\ud83d\udd25|move: Court Change\n|move|p1a: Clefable|Moonblast|p2a: Fire Fist Sabo\ud83d\udd25\n|-damage|p2a: Fire Fist Sabo\ud83d\udd25|15\/100\n|\n|-heal|p1a: Clefable|88\/100|[from] item: Leftovers\n|upkeep\n|turn|7\n|\n|t:|1700373287\n|move|p2a: Fire Fist Sabo\ud83d\udd25|Pyro Ball|p1a: Clefable\n|-damage|p1a: Clefable|58\/100\n|move|p1a: Clefable|Moonblast|p2a: Fire Fist Sabo\ud83d\udd25\n|-damage|p2a: Fire Fist Sabo\ud83d\udd25|0 fnt\n|faint|p2a: Fire Fist Sabo\ud83d\udd25\n|\n|-heal|p1a: Clefable|64\/100|[from] item: Leftovers\n|upkeep\n|\n|t:|1700373297\n|switch|p2a: MuGiWaRa!!!|Slowking-Galar, M|73\/100\n|turn|8\n|\n|t:|1700373308\n|move|p1a: Clefable|Moonlight|p1a: Clefable\n|-heal|p1a: Clefable|100\/100\n|move|p2a: MuGiWaRa!!!|Psyshock|p1a: Clefable\n|-damage|p1a: Clefable|80\/100\n|\n|-heal|p1a: Clefable|86\/100|[from] item: Leftovers\n|-heal|p2a: MuGiWaRa!!!|79\/100|[from] item: Leftovers\n|upkeep\n|turn|9\n|\n|t:|1700373321\n|move|p1a: Clefable|Calm Mind|p1a: Clefable\n|-boost|p1a: Clefable|spa|1\n|-boost|p1a: Clefable|spd|1\n|move|p2a: MuGiWaRa!!!|Psyshock|p1a: Clefable\n|-damage|p1a: Clefable|63\/100\n|\n|-heal|p1a: Clefable|70\/100|[from] item: Leftovers\n|-heal|p2a: MuGiWaRa!!!|85\/100|[from] item: Leftovers\n|upkeep\n|turn|10\n|\n|t:|1700373335\n|switch|p2a: MiHawK|Corviknight, F|86\/100\n|move|p1a: Clefable|Flamethrower|p2a: MiHawK\n|-supereffective|p2a: MiHawK\n|-crit|p2a: MiHawK\n|-damage|p2a: MiHawK|0 fnt\n|faint|p2a: MiHawK\n|\n|-heal|p1a: Clefable|76\/100|[from] item: Leftovers\n|upkeep\n|\n|t:|1700373348\n|switch|p2a: Zoro|Ceruledge, F|100\/100\n|turn|11\n|\n|t:|1700373358\n|move|p2a: Zoro|Swords Dance|p2a: Zoro\n|-boost|p2a: Zoro|atk|2\n|move|p1a: Clefable|Moonblast|p2a: Zoro\n|-resisted|p2a: Zoro\n|-damage|p2a: Zoro|52\/100\n|\n|-heal|p1a: Clefable|82\/100|[from] item: Leftovers\n|upkeep\n|turn|12\n|\n|t:|1700373367\n|move|p2a: Zoro|Bitter Blade|p1a: Clefable\n|-damage|p1a: Clefable|44\/100\n|-heal|p2a: Zoro|78\/100|[from] drain|[of] p1a: Clefable\n|move|p1a: Clefable|Calm Mind|p1a: Clefable\n|-boost|p1a: Clefable|spa|1\n|-boost|p1a: Clefable|spd|1\n|\n|-heal|p1a: Clefable|50\/100|[from] item: Leftovers\n|upkeep\n|turn|13\n|\n|t:|1700373381\n|move|p2a: Zoro|Bitter Blade|p1a: Clefable\n|-damage|p1a: Clefable|12\/100\n|-heal|p2a: Zoro|100\/100|[from] drain|[of] p1a: Clefable\n|move|p1a: Clefable|Moonlight|p1a: Clefable\n|-heal|p1a: Clefable|62\/100\n|\n|-heal|p1a: Clefable|69\/100|[from] item: Leftovers\n|upkeep\n|turn|14\n|\n|t:|1700373392\n|move|p2a: Zoro|Poltergeist|p1a: Clefable\n|-activate|p1a: Clefable|move: Poltergeist|Leftovers\n|-crit|p1a: Clefable\n|-damage|p1a: Clefable|4\/100\n|move|p1a: Clefable|Moonblast|p2a: Zoro\n|-resisted|p2a: Zoro\n|-damage|p2a: Zoro|41\/100\n|\n|-heal|p1a: Clefable|10\/100|[from] item: Leftovers\n|upkeep\n|turn|15\n|\n|t:|1700373407\n|move|p2a: Zoro|Bitter Blade|p1a: Clefable\n|-damage|p1a: Clefable|0 fnt\n|-heal|p2a: Zoro|48\/100|[from] drain|[of] p1a: Clefable\n|faint|p1a: Clefable\n|\n|upkeep\n|\n|t:|1700373424\n|switch|p1a: Toxapex|Toxapex, M|100\/100\n|-damage|p1a: Toxapex|88\/100|[from] Stealth Rock\n|turn|16\n|\n|t:|1700373445\n|move|p2a: Zoro|Poltergeist|p1a: Toxapex\n|-activate|p1a: Toxapex|move: Poltergeist|Assault Vest\n|-damage|p1a: Toxapex|8\/100\n|move|p1a: Toxapex|Hydro Pump|p2a: Zoro\n|-supereffective|p2a: Zoro\n|-damage|p2a: Zoro|0 fnt\n|faint|p2a: Zoro\n|\n|upkeep\n|\n|t:|1700373460\n|switch|p2a: MuGiWaRa!!!|Slowking-Galar, M|100\/100\n|turn|17\n|\n|t:|1700373467\n|switch|p1a: Gholdengo|Gholdengo|100\/100\n|move|p2a: MuGiWaRa!!!|Future Sight|p1a: Gholdengo\n|-start|p2a: MuGiWaRa!!!|move: Future Sight\n|\n|upkeep\n|turn|18\n|\n|t:|1700373477\n|move|p1a: Gholdengo|Nasty Plot|p1a: Gholdengo\n|-boost|p1a: Gholdengo|spa|2\n|move|p2a: MuGiWaRa!!!|Chilly Reception|p2a: MuGiWaRa!!!\n|-weather|Snow\n|\n|t:|1700373484\n|switch|p2a: ShankZ(YONKO BRUH)|Kingambit, F|100\/100|[from] Chilly Reception\n|-activate|p2a: ShankZ(YONKO BRUH)|ability: Supreme Overlord\n|-start|p2a: ShankZ(YONKO BRUH)|fallen3|[silent]\n|\n|-weather|Snow|[upkeep]\n|upkeep\n|turn|19\n|\n|t:|1700373499\n|-terastallize|p1a: Gholdengo|Steel\n|move|p1a: Gholdengo|Nasty Plot|p1a: Gholdengo\n|-boost|p1a: Gholdengo|spa|2\n|move|p2a: ShankZ(YONKO BRUH)|Kowtow Cleave|p1a: Gholdengo\n|-damage|p1a: Gholdengo|27\/100\n|\n|-weather|Snow|[upkeep]\n|-end|p1a: Gholdengo|move: Future Sight\n|-resisted|p1a: Gholdengo\n|-damage|p1a: Gholdengo|0 fnt\n|faint|p1a: Gholdengo\n|upkeep\n|\n|t:|1700373515\n|switch|p1a: Rillaboom|Rillaboom, F|100\/100\n|-damage|p1a: Rillaboom|88\/100|[from] Stealth Rock\n|-fieldstart|move: Grassy Terrain|[from] ability: Grassy Surge|[of] p1a: Rillaboom\n|turn|20\n|\n|t:|1700373544\n|-terastallize|p2a: ShankZ(YONKO BRUH)|Flying\n|move|p1a: Rillaboom|Drain Punch|p2a: ShankZ(YONKO BRUH)\n|-resisted|p2a: ShankZ(YONKO BRUH)\n|-damage|p2a: ShankZ(YONKO BRUH)|91\/100\n|-heal|p1a: Rillaboom|93\/100|[from] drain|[of] p2a: ShankZ(YONKO BRUH)\n|move|p2a: ShankZ(YONKO BRUH)|Tera Blast|p1a: Rillaboom|[anim] Tera Blast Flying\n|-supereffective|p1a: Rillaboom\n|-crit|p1a: Rillaboom\n|-damage|p1a: Rillaboom|0 fnt\n|faint|p1a: Rillaboom\n|\n|-weather|Snow|[upkeep]\n|upkeep\n|\n|t:|1700373571\n|switch|p1a: Zamazenta|Zamazenta|100\/100\n|-damage|p1a: Zamazenta|94\/100|[from] Stealth Rock\n|-ability|p1a: Zamazenta|Dauntless Shield|boost\n|-boost|p1a: Zamazenta|def|1\n|turn|21\n|\n|t:|1700373579\n|move|p1a: Zamazenta|Stone Edge|p2a: ShankZ(YONKO BRUH)\n|-supereffective|p2a: ShankZ(YONKO BRUH)\n|-damage|p2a: ShankZ(YONKO BRUH)|17\/100\n|move|p2a: ShankZ(YONKO BRUH)|Tera Blast|p1a: Zamazenta|[anim] Tera Blast Flying\n|-supereffective|p1a: Zamazenta\n|-damage|p1a: Zamazenta|17\/100\n|\n|-weather|Snow|[upkeep]\n|-heal|p1a: Zamazenta|23\/100|[from] Grassy Terrain\n|upkeep\n|turn|22\n|\n|t:|1700373593\n|move|p2a: ShankZ(YONKO BRUH)|Sucker Punch|p1a: Zamazenta\n|-resisted|p1a: Zamazenta\n|-damage|p1a: Zamazenta|8\/100\n|move|p1a: Zamazenta|Stone Edge|p2a: ShankZ(YONKO BRUH)\n|-supereffective|p2a: ShankZ(YONKO BRUH)\n|-damage|p2a: ShankZ(YONKO BRUH)|0 fnt\n|faint|p2a: ShankZ(YONKO BRUH)\n|-end|p2a: ShankZ(YONKO BRUH)|fallen3|[silent]\n|\n|-weather|none\n|-heal|p1a: Zamazenta|14\/100|[from] Grassy Terrain\n|upkeep\n|\n|t:|1700373608\n|switch|p2a: MuGiWaRa!!!|Slowking-Galar, M|100\/100\n|turn|23\n|\n|t:|1700373633\n|move|p1a: Zamazenta|Stone Edge|p2a: MuGiWaRa!!!|[miss]\n|-miss|p1a: Zamazenta|p2a: MuGiWaRa!!!\n|move|p2a: MuGiWaRa!!!|Psyshock|p1a: Zamazenta\n|-supereffective|p1a: Zamazenta\n|-crit|p1a: Zamazenta\n|-damage|p1a: Zamazenta|0 fnt\n|faint|p1a: Zamazenta\n|\n|upkeep\n|\n|t:|1700373639\n|switch|p1a: Toxapex|Toxapex, M|41\/100\n|-damage|p1a: Toxapex|28\/100|[from] Stealth Rock\n|turn|24\n|\n|t:|1700373644\n|move|p1a: Toxapex|Acid Spray|p2a: MuGiWaRa!!!\n|-resisted|p2a: MuGiWaRa!!!\n|-damage|p2a: MuGiWaRa!!!|95\/100\n|-unboost|p2a: MuGiWaRa!!!|spd|2\n|move|p2a: MuGiWaRa!!!|Psyshock|p1a: Toxapex\n|-supereffective|p1a: Toxapex\n|-damage|p1a: Toxapex|0 fnt\n|faint|p1a: Toxapex\n|\n|win|zshmoneyy\n|raw|SpiralsOfChaos's rating: 1294 &rarr; <strong>1277<\/strong><br \/>(-17 for losing)\n|raw|zshmoneyy's rating: 1415 &rarr; <strong>1428<\/strong><br \/>(+13 for winning)\n|l|\u2606SpiralsOfChaos\n","uploadtime":1700373671,"views":9,"p1id":"spiralsofchaos","p2id":"zshmoneyy","formatid":"gen9ou","rating":1277,"private":0,"password":""}