{"id":"gen9ou-1994978823","p1":"dagger4275","p2":"CarrotStix","format":"[Gen 9] OU","log":"|j|\u2606dagger4275\n|j|\u2606CarrotStix\n|t:|1700509969\n|gametype|singles\n|player|p1|dagger4275|fisherman-gen4|1116\n|player|p2|CarrotStix|beauty|1162\n|teamsize|p1|6\n|teamsize|p2|6\n|gen|9\n|tier|[Gen 9] OU\n|rated|\n|rule|Sleep Clause Mod: Limit one foe put to sleep\n|rule|Species Clause: Limit one of each Pok\u00e9mon\n|rule|OHKO Clause: OHKO moves are banned\n|rule|Evasion Items Clause: Evasion items are banned\n|rule|Evasion Moves Clause: Evasion moves are banned\n|rule|Endless Battle Clause: Forcing endless battles is banned\n|rule|HP Percentage Mod: HP is shown in percentages\n|clearpoke\n|poke|p1|Noivern, F|\n|poke|p1|Infernape, F|\n|poke|p1|Empoleon, M|\n|poke|p1|Primeape, M|\n|poke|p1|Clodsire, F|\n|poke|p1|Brambleghast, F|\n|poke|p2|Dragonite, M|\n|poke|p2|Blissey, F|\n|poke|p2|Dragapult, F|\n|poke|p2|Empoleon, M|\n|poke|p2|Iron Valiant|\n|poke|p2|Slowking-Galar, F|\n|teampreview\n|inactive|Battle timer is ON: inactive players will automatically lose when time's up. (requested by dagger4275)\n|inactive|CarrotStix has 120 seconds left.\n|\n|t:|1700510006\n|start\n|switch|p1a: Noivern|Noivern, F|100\/100\n|switch|p2a: Empoleon|Empoleon, M|100\/100\n|turn|1\n|\n|t:|1700510016\n|switch|p1a: Empoleon|Empoleon, M|100\/100\n|move|p2a: Empoleon|Stealth Rock|p1a: Empoleon\n|-sidestart|p1: dagger4275|move: Stealth Rock\n|\n|upkeep\n|turn|2\n|\n|t:|1700510031\n|move|p1a: Empoleon|Grass Knot|p2a: Empoleon\n|-damage|p2a: Empoleon|76\/100\n|move|p2a: Empoleon|Hydro Pump|p1a: Empoleon\n|-resisted|p1a: Empoleon\n|-damage|p1a: Empoleon|76\/100\n|\n|-heal|p2a: Empoleon|83\/100|[from] item: Leftovers\n|-heal|p1a: Empoleon|82\/100|[from] item: Leftovers\n|upkeep\n|turn|3\n|\n|t:|1700510047\n|switch|p2a: Blissey|Blissey, F|100\/100\n|move|p1a: Empoleon|Grass Knot|p2a: Blissey\n|-damage|p2a: Blissey|92\/100\n|-damage|p1a: Empoleon|66\/100|[from] item: Rocky Helmet|[of] p2a: Blissey\n|\n|-heal|p1a: Empoleon|72\/100|[from] item: Leftovers\n|upkeep\n|turn|4\n|\n|t:|1700510061\n|switch|p1a: Brambleghast|Brambleghast, F|100\/100\n|-damage|p1a: Brambleghast|88\/100|[from] Stealth Rock\n|move|p2a: Blissey|Seismic Toss|p1a: Brambleghast\n|-immune|p1a: Brambleghast\n|\n|upkeep\n|turn|5\n|\n|t:|1700510080\n|switch|p2a: Empoleon|Empoleon, M|83\/100\n|move|p1a: Brambleghast|Rapid Spin|p2a: Empoleon\n|-resisted|p2a: Empoleon\n|-damage|p2a: Empoleon|72\/100\n|-boost|p1a: Brambleghast|spe|1\n|-sideend|p1: dagger4275|Stealth Rock|[from] move: Rapid Spin|[of] p1a: Brambleghast\n|\n|-heal|p2a: Empoleon|78\/100|[from] item: Leftovers\n|upkeep\n|turn|6\n|\n|t:|1700510087\n|move|p1a: Brambleghast|Power Whip|p2a: Empoleon\n|-crit|p2a: Empoleon\n|-damage|p2a: Empoleon|0 fnt\n|faint|p2a: Empoleon\n|\n|upkeep\n|\n|t:|1700510099\n|switch|p2a: Iron Valiant|Iron Valiant|100\/100\n|turn|7\n|\n|t:|1700510106\n|move|p2a: Iron Valiant|Shadow Sneak|p1a: Brambleghast\n|-supereffective|p1a: Brambleghast\n|-damage|p1a: Brambleghast|41\/100\n|move|p1a: Brambleghast|Poltergeist|p2a: Iron Valiant\n|-activate|p2a: Iron Valiant|move: Poltergeist|Choice Scarf\n|-crit|p2a: Iron Valiant\n|-damage|p2a: Iron Valiant|0 fnt\n|faint|p2a: Iron Valiant\n|-end|p2a: Iron Valiant|Quark Drive|[silent]\n|\n|upkeep\n|\n|t:|1700510120\n|switch|p2a: Slowking|Slowking-Galar, F|100\/100\n|turn|8\n|\n|t:|1700510127\n|move|p1a: Brambleghast|Poltergeist|p2a: Slowking\n|-activate|p2a: Slowking|move: Poltergeist|Toxic Orb\n|-supereffective|p2a: Slowking\n|-damage|p2a: Slowking|0 fnt\n|faint|p2a: Slowking\n|\n|upkeep\n|-message|CarrotStix forfeited.\n|\n|win|dagger4275\n|raw|dagger4275's rating: 1116 &rarr; <strong>1144<\/strong><br \/>(+28 for winning)\n|raw|CarrotStix's rating: 1162 &rarr; <strong>1134<\/strong><br \/>(-28 for losing)\n|l|\u2606CarrotStix\n","uploadtime":1700510144,"views":5,"p1id":"dagger4275","p2id":"carrotstix","formatid":"gen9ou","rating":1134,"private":0,"password":""}