{"id":"gen9ou-1988868404","p1":"da ting go skrrrat","p2":"tacodog 123412","format":"[Gen 9] OU","log":"|j|\u2606da ting go skrrrat\n|j|\u2606tacodog 123412\n|t:|1699777367\n|gametype|singles\n|player|p1|da ting go skrrrat|169|1527\n|player|p2|tacodog 123412|kieran-festival|1461\n|teamsize|p1|6\n|teamsize|p2|6\n|gen|9\n|tier|[Gen 9] OU\n|rated|\n|rule|Sleep Clause Mod: Limit one foe put to sleep\n|rule|Species Clause: Limit one of each Pok\u00e9mon\n|rule|OHKO Clause: OHKO moves are banned\n|rule|Evasion Items Clause: Evasion items are banned\n|rule|Evasion Moves Clause: Evasion moves are banned\n|rule|Endless Battle Clause: Forcing endless battles is banned\n|rule|HP Percentage Mod: HP is shown in percentages\n|clearpoke\n|poke|p1|Vivillon-Pokeball, F|\n|poke|p1|Cinderace, M|\n|poke|p1|Great Tusk|\n|poke|p1|Fezandipiti, M|\n|poke|p1|Rillaboom, M|\n|poke|p1|Slowking-Galar, F|\n|poke|p2|Weavile, F|\n|poke|p2|Amoonguss, M|\n|poke|p2|Garganacl, M|\n|poke|p2|Maushold|\n|poke|p2|Kingambit, F|\n|poke|p2|Samurott-Hisui, M|\n|teampreview\n|inactive|Battle timer is ON: inactive players will automatically lose when time's up. (requested by da ting go skrrrat)\n|\n|t:|1699777390\n|start\n|switch|p1a: Cinderace|Cinderace, M|100\/100\n|switch|p2a: Garganacl|Garganacl, M|100\/100\n|turn|1\n|\n|t:|1699777396\n|-terastallize|p2a: Garganacl|Fairy\n|move|p1a: Cinderace|U-turn|p2a: Garganacl\n|-resisted|p2a: Garganacl\n|-damage|p2a: Garganacl|94\/100\n|\n|t:|1699777402\n|switch|p1a: Slowking|Slowking-Galar, F|100\/100|[from] U-turn\n|move|p2a: Garganacl|Iron Defense|p2a: Garganacl\n|-boost|p2a: Garganacl|def|2\n|\n|-heal|p2a: Garganacl|100\/100|[from] item: Leftovers\n|upkeep\n|turn|2\n|\n|t:|1699777406\n|move|p2a: Garganacl|Salt Cure|p1a: Slowking\n|-damage|p1a: Slowking|89\/100\n|-start|p1a: Slowking|Salt Cure\n|move|p1a: Slowking|Future Sight|p2a: Garganacl\n|-start|p1a: Slowking|move: Future Sight\n|\n|-damage|p1a: Slowking|77\/100|[from] Salt Cure\n|upkeep\n|turn|3\n|\n|t:|1699777409\n|move|p2a: Garganacl|Iron Defense|p2a: Garganacl\n|-boost|p2a: Garganacl|def|2\n|move|p1a: Slowking|Chilly Reception|p1a: Slowking\n|-weather|Snow\n|\n|t:|1699777421\n|switch|p1a: Vivillon|Vivillon-Pokeball, F|100\/100|[from] Chilly Reception\n|\n|-weather|Snow|[upkeep]\n|upkeep\n|turn|4\n|\n|t:|1699777428\n|move|p1a: Vivillon|Substitute|p1a: Vivillon\n|-start|p1a: Vivillon|Substitute\n|-damage|p1a: Vivillon|76\/100\n|move|p2a: Garganacl|Salt Cure|p1a: Vivillon\n|-supereffective|p1a: Vivillon\n|-end|p1a: Vivillon|Substitute\n|\n|-weather|Snow|[upkeep]\n|-end|p2a: Garganacl|move: Future Sight\n|-damage|p2a: Garganacl|73\/100\n|-heal|p1a: Vivillon|82\/100|[from] item: Leftovers\n|-heal|p2a: Garganacl|79\/100|[from] item: Leftovers\n|upkeep\n|turn|5\n|\n|t:|1699777437\n|switch|p1a: Slowking|Slowking-Galar, F|100\/100\n|move|p2a: Garganacl|Salt Cure|p1a: Slowking\n|-damage|p1a: Slowking|90\/100\n|-start|p1a: Slowking|Salt Cure\n|\n|-weather|Snow|[upkeep]\n|-heal|p2a: Garganacl|85\/100|[from] item: Leftovers\n|-damage|p1a: Slowking|77\/100|[from] Salt Cure\n|upkeep\n|turn|6\n|\n|t:|1699777442\n|move|p2a: Garganacl|Iron Defense|p2a: Garganacl\n|-boost|p2a: Garganacl|def|2\n|move|p1a: Slowking|Future Sight|p2a: Garganacl\n|-start|p1a: Slowking|move: Future Sight\n|\n|-weather|Snow|[upkeep]\n|-heal|p2a: Garganacl|92\/100|[from] item: Leftovers\n|-damage|p1a: Slowking|65\/100|[from] Salt Cure\n|upkeep\n|turn|7\n|\n|t:|1699777445\n|move|p2a: Garganacl|Body Press|p1a: Slowking\n|-resisted|p1a: Slowking\n|-damage|p1a: Slowking|47\/100\n|move|p1a: Slowking|Ice Beam|p2a: Garganacl\n|-damage|p2a: Garganacl|76\/100\n|\n|-weather|none\n|-heal|p2a: Garganacl|82\/100|[from] item: Leftovers\n|-damage|p1a: Slowking|34\/100|[from] Salt Cure\n|upkeep\n|turn|8\n|\n|t:|1699777450\n|switch|p1a: Great Tusk|Great Tusk|100\/100\n|move|p2a: Garganacl|Body Press|p1a: Great Tusk\n|-damage|p1a: Great Tusk|60\/100\n|\n|-end|p2a: Garganacl|move: Future Sight\n|-damage|p2a: Garganacl|53\/100\n|-heal|p1a: Great Tusk|66\/100|[from] item: Leftovers\n|-heal|p2a: Garganacl|59\/100|[from] item: Leftovers\n|upkeep\n|turn|9\n|\n|t:|1699777455\n|move|p1a: Great Tusk|Knock Off|p2a: Garganacl\n|-resisted|p2a: Garganacl\n|-damage|p2a: Garganacl|57\/100\n|-enditem|p2a: Garganacl|Leftovers|[from] move: Knock Off|[of] p1a: Great Tusk\n|move|p2a: Garganacl|Salt Cure|p1a: Great Tusk\n|-resisted|p1a: Great Tusk\n|-damage|p1a: Great Tusk|65\/100\n|-start|p1a: Great Tusk|Salt Cure\n|\n|-heal|p1a: Great Tusk|71\/100|[from] item: Leftovers\n|-damage|p1a: Great Tusk|59\/100|[from] Salt Cure\n|upkeep\n|turn|10\n|\n|t:|1699777458\n|-end|p1a: Great Tusk|Protosynthesis|[silent]\n|switch|p1a: Slowking|Slowking-Galar, F|68\/100\n|move|p2a: Garganacl|Recover|p2a: Garganacl\n|-heal|p2a: Garganacl|100\/100\n|\n|upkeep\n|turn|11\n|\n|t:|1699777462\n|move|p2a: Garganacl|Salt Cure|p1a: Slowking\n|-damage|p1a: Slowking|56\/100\n|-start|p1a: Slowking|Salt Cure\n|move|p1a: Slowking|Chilly Reception|p1a: Slowking\n|-weather|Snow\n|\n|t:|1699777467\n|switch|p1a: Fezandipiti|Fezandipiti, M|100\/100|[from] Chilly Reception\n|\n|-weather|Snow|[upkeep]\n|upkeep\n|turn|12\n|\n|t:|1699777469\n|move|p1a: Fezandipiti|U-turn|p2a: Garganacl\n|-resisted|p2a: Garganacl\n|-damage|p2a: Garganacl|99\/100\n|\n|t:|1699777471\n|switch|p1a: Slowking|Slowking-Galar, F|89\/100|[from] U-turn\n|move|p2a: Garganacl|Salt Cure|p1a: Slowking\n|-damage|p1a: Slowking|79\/100\n|-start|p1a: Slowking|Salt Cure\n|\n|-weather|Snow|[upkeep]\n|-damage|p1a: Slowking|67\/100|[from] Salt Cure\n|upkeep\n|turn|13\n|\n|t:|1699777475\n|move|p2a: Garganacl|Body Press|p1a: Slowking\n|-resisted|p1a: Slowking\n|-damage|p1a: Slowking|49\/100\n|move|p1a: Slowking|Future Sight|p2a: Garganacl\n|-start|p1a: Slowking|move: Future Sight\n|\n|-weather|Snow|[upkeep]\n|-damage|p1a: Slowking|37\/100|[from] Salt Cure\n|upkeep\n|turn|14\n|\n|t:|1699777477\n|move|p2a: Garganacl|Body Press|p1a: Slowking\n|-resisted|p1a: Slowking\n|-damage|p1a: Slowking|18\/100\n|move|p1a: Slowking|Chilly Reception|p1a: Slowking\n|\n|t:|1699777483\n|switch|p1a: Fezandipiti|Fezandipiti, M|100\/100|[from] Chilly Reception\n|\n|-weather|Snow|[upkeep]\n|upkeep\n|turn|15\n|\n|t:|1699777486\n|move|p1a: Fezandipiti|U-turn|p2a: Garganacl\n|-resisted|p2a: Garganacl\n|-damage|p2a: Garganacl|98\/100\n|\n|t:|1699777490\n|switch|p1a: Slowking|Slowking-Galar, F|52\/100|[from] U-turn\n|move|p2a: Garganacl|Body Press|p1a: Slowking\n|-resisted|p1a: Slowking\n|-damage|p1a: Slowking|35\/100\n|\n|-weather|none\n|-end|p2a: Garganacl|move: Future Sight\n|-damage|p2a: Garganacl|67\/100\n|upkeep\n|turn|16\n|\n|t:|1699777496\n|move|p2a: Garganacl|Body Press|p1a: Slowking\n|-resisted|p1a: Slowking\n|-damage|p1a: Slowking|16\/100\n|move|p1a: Slowking|Future Sight|p2a: Garganacl\n|-start|p1a: Slowking|move: Future Sight\n|\n|upkeep\n|turn|17\n|\n|t:|1699777498\n|switch|p1a: Fezandipiti|Fezandipiti, M|100\/100\n|move|p2a: Garganacl|Body Press|p1a: Fezandipiti\n|-resisted|p1a: Fezandipiti\n|-damage|p1a: Fezandipiti|75\/100\n|\n|-heal|p1a: Fezandipiti|81\/100|[from] item: Leftovers\n|upkeep\n|turn|18\n|\n|t:|1699777501\n|move|p1a: Fezandipiti|U-turn|p2a: Garganacl\n|-resisted|p2a: Garganacl\n|-damage|p2a: Garganacl|66\/100\n|\n|t:|1699777505\n|switch|p1a: Slowking|Slowking-Galar, F|49\/100|[from] U-turn\n|move|p2a: Garganacl|Salt Cure|p1a: Slowking\n|-damage|p1a: Slowking|38\/100\n|-start|p1a: Slowking|Salt Cure\n|\n|-end|p2a: Garganacl|move: Future Sight\n|-damage|p2a: Garganacl|37\/100\n|-damage|p1a: Slowking|26\/100|[from] Salt Cure\n|upkeep\n|turn|19\n|\n|t:|1699777507\n|switch|p1a: Fezandipiti|Fezandipiti, M|81\/100\n|move|p2a: Garganacl|Body Press|p1a: Fezandipiti\n|-resisted|p1a: Fezandipiti\n|-damage|p1a: Fezandipiti|56\/100\n|\n|-heal|p1a: Fezandipiti|62\/100|[from] item: Leftovers\n|upkeep\n|turn|20\n|\n|t:|1699777509\n|move|p1a: Fezandipiti|Roost|p1a: Fezandipiti\n|-heal|p1a: Fezandipiti|100\/100\n|-singleturn|p1a: Fezandipiti|move: Roost\n|move|p2a: Garganacl|Recover|p2a: Garganacl\n|-heal|p2a: Garganacl|87\/100\n|\n|upkeep\n|turn|21\n|\n|t:|1699777511\n|move|p1a: Fezandipiti|U-turn|p2a: Garganacl\n|-resisted|p2a: Garganacl\n|-damage|p2a: Garganacl|85\/100\n|\n|t:|1699777513\n|switch|p1a: Slowking|Slowking-Galar, F|59\/100|[from] U-turn\n|move|p2a: Garganacl|Body Press|p1a: Slowking\n|-resisted|p1a: Slowking\n|-damage|p1a: Slowking|40\/100\n|\n|upkeep\n|turn|22\n|\n|t:|1699777516\n|move|p2a: Garganacl|Body Press|p1a: Slowking\n|-resisted|p1a: Slowking\n|-damage|p1a: Slowking|20\/100\n|move|p1a: Slowking|Chilly Reception|p1a: Slowking\n|-weather|Snow\n|\n|t:|1699777518\n|switch|p1a: Fezandipiti|Fezandipiti, M|100\/100|[from] Chilly Reception\n|\n|-weather|Snow|[upkeep]\n|upkeep\n|turn|23\n|\n|t:|1699777520\n|move|p1a: Fezandipiti|U-turn|p2a: Garganacl\n|-resisted|p2a: Garganacl\n|-damage|p2a: Garganacl|84\/100\n|\n|t:|1699777521\n|switch|p1a: Slowking|Slowking-Galar, F|53\/100|[from] U-turn\n|move|p2a: Garganacl|Body Press|p1a: Slowking\n|-resisted|p1a: Slowking\n|-damage|p1a: Slowking|34\/100\n|\n|-weather|Snow|[upkeep]\n|upkeep\n|turn|24\n|\n|t:|1699777525\n|switch|p1a: Fezandipiti|Fezandipiti, M|100\/100\n|move|p2a: Garganacl|Body Press|p1a: Fezandipiti\n|-resisted|p1a: Fezandipiti\n|-damage|p1a: Fezandipiti|77\/100\n|\n|-weather|Snow|[upkeep]\n|-heal|p1a: Fezandipiti|83\/100|[from] item: Leftovers\n|upkeep\n|turn|25\n|\n|t:|1699777526\n|move|p1a: Fezandipiti|U-turn|p2a: Garganacl\n|-resisted|p2a: Garganacl\n|-damage|p2a: Garganacl|83\/100\n|\n|t:|1699777528\n|switch|p1a: Slowking|Slowking-Galar, F|68\/100|[from] U-turn\n|move|p2a: Garganacl|Salt Cure|p1a: Slowking\n|-damage|p1a: Slowking|56\/100\n|-start|p1a: Slowking|Salt Cure\n|\n|-weather|Snow|[upkeep]\n|-damage|p1a: Slowking|43\/100|[from] Salt Cure\n|upkeep\n|turn|26\n|\n|t:|1699777531\n|move|p2a: Garganacl|Salt Cure|p1a: Slowking\n|-damage|p1a: Slowking|33\/100\n|move|p1a: Slowking|Chilly Reception|p1a: Slowking\n|\n|t:|1699777533\n|switch|p1a: Fezandipiti|Fezandipiti, M|83\/100|[from] Chilly Reception\n|\n|-weather|none\n|-heal|p1a: Fezandipiti|89\/100|[from] item: Leftovers\n|upkeep\n|turn|27\n|\n|t:|1699777539\n|move|p1a: Fezandipiti|Dual Wingbeat|p2a: Garganacl|[miss]\n|-miss|p1a: Fezandipiti|p2a: Garganacl\n|move|p2a: Garganacl|Salt Cure|p1a: Fezandipiti\n|-damage|p1a: Fezandipiti|74\/100\n|-start|p1a: Fezandipiti|Salt Cure\n|\n|-heal|p1a: Fezandipiti|80\/100|[from] item: Leftovers\n|-damage|p1a: Fezandipiti|68\/100|[from] Salt Cure\n|upkeep\n|turn|28\n|\n|t:|1699777544\n|move|p1a: Fezandipiti|Roost|p1a: Fezandipiti\n|-heal|p1a: Fezandipiti|100\/100\n|-singleturn|p1a: Fezandipiti|move: Roost\n|move|p2a: Garganacl|Salt Cure|p1a: Fezandipiti\n|-damage|p1a: Fezandipiti|85\/100\n|\n|-heal|p1a: Fezandipiti|91\/100|[from] item: Leftovers\n|-damage|p1a: Fezandipiti|79\/100|[from] Salt Cure\n|upkeep\n|turn|29\n|\n|t:|1699777548\n|move|p1a: Fezandipiti|U-turn|p2a: Garganacl\n|-resisted|p2a: Garganacl\n|-damage|p2a: Garganacl|82\/100\n|\n|t:|1699777549\n|switch|p1a: Slowking|Slowking-Galar, F|66\/100|[from] U-turn\n|move|p2a: Garganacl|Salt Cure|p1a: Slowking\n|-damage|p1a: Slowking|56\/100\n|-start|p1a: Slowking|Salt Cure\n|\n|-damage|p1a: Slowking|43\/100|[from] Salt Cure\n|upkeep\n|turn|30\n|\n|t:|1699777551\n|switch|p1a: Fezandipiti|Fezandipiti, M|79\/100\n|move|p2a: Garganacl|Body Press|p1a: Fezandipiti\n|-resisted|p1a: Fezandipiti\n|-damage|p1a: Fezandipiti|53\/100\n|\n|-heal|p1a: Fezandipiti|59\/100|[from] item: Leftovers\n|upkeep\n|turn|31\n|\n|t:|1699777555\n|move|p1a: Fezandipiti|Roost|p1a: Fezandipiti\n|-heal|p1a: Fezandipiti|100\/100\n|-singleturn|p1a: Fezandipiti|move: Roost\n|move|p2a: Garganacl|Salt Cure|p1a: Fezandipiti\n|-damage|p1a: Fezandipiti|87\/100\n|-start|p1a: Fezandipiti|Salt Cure\n|\n|-heal|p1a: Fezandipiti|93\/100|[from] item: Leftovers\n|-damage|p1a: Fezandipiti|80\/100|[from] Salt Cure\n|upkeep\n|turn|32\n|\n|t:|1699777558\n|switch|p1a: Slowking|Slowking-Galar, F|77\/100\n|move|p2a: Garganacl|Salt Cure|p1a: Slowking\n|-damage|p1a: Slowking|66\/100\n|-start|p1a: Slowking|Salt Cure\n|\n|-damage|p1a: Slowking|54\/100|[from] Salt Cure\n|upkeep\n|turn|33\n|\n|t:|1699777562\n|switch|p2a: Weavile|Weavile, F|100\/100\n|-ability|p2a: Weavile|Pressure\n|move|p1a: Slowking|Future Sight|p2a: Weavile\n|-start|p1a: Slowking|move: Future Sight\n|\n|-damage|p1a: Slowking|41\/100|[from] Salt Cure\n|upkeep\n|turn|34\n|\n|t:|1699777567\n|switch|p1a: Cinderace|Cinderace, M|100\/100\n|move|p2a: Weavile|Swords Dance|p2a: Weavile\n|-boost|p2a: Weavile|atk|2\n|\n|upkeep\n|turn|35\n|\n|t:|1699777572\n|move|p2a: Weavile|Knock Off|p1a: Cinderace\n|-damage|p1a: Cinderace|0 fnt\n|-enditem|p1a: Cinderace|Heavy-Duty Boots|[from] move: Knock Off|[of] p2a: Weavile\n|faint|p1a: Cinderace\n|\n|-end|p2a: Weavile|move: Future Sight\n|-immune|p2a: Weavile\n|upkeep\n|\n|t:|1699777577\n|switch|p1a: Fezandipiti|Fezandipiti, M|80\/100\n|turn|36\n|\n|t:|1699777583\n|move|p2a: Weavile|Swords Dance|p2a: Weavile\n|-boost|p2a: Weavile|atk|2\n|move|p1a: Fezandipiti|U-turn|p2a: Weavile\n|-supereffective|p2a: Weavile\n|-damage|p2a: Weavile|50\/100\n|\n|t:|1699777587\n|switch|p1a: Rillaboom|Rillaboom, M|100\/100|[from] U-turn\n|-fieldstart|move: Grassy Terrain|[from] ability: Grassy Surge|[of] p1a: Rillaboom\n|\n|-heal|p2a: Weavile|56\/100|[from] Grassy Terrain\n|upkeep\n|turn|37\n|\n|t:|1699777589\n|move|p2a: Weavile|Ice Shard|p1a: Rillaboom\n|-supereffective|p1a: Rillaboom\n|-crit|p1a: Rillaboom\n|-damage|p1a: Rillaboom|0 fnt\n|faint|p1a: Rillaboom\n|\n|-heal|p2a: Weavile|62\/100|[from] Grassy Terrain\n|upkeep\n|c|\u2606da ting go skrrrat|so fucking bad rofl\n|-message|da ting go skrrrat forfeited.\n|\n|win|tacodog 123412\n|raw|da ting go skrrrat's rating: 1527 &rarr; <strong>1503<\/strong><br \/>(-24 for losing)\n|raw|tacodog 123412's rating: 1461 &rarr; <strong>1485<\/strong><br \/>(+24 for winning)\n|l|\u2606da ting go skrrrat\n|c|\u2606tacodog 123412|TEA\n|c|\u2606tacodog 123412|you are\n|c|\u2606tacodog 123412|LMAOOO\n","uploadtime":1699777603,"views":16,"p1id":"datinggoskrrrat","p2id":"tacodog123412","formatid":"gen9ou","rating":1485,"private":0,"password":""}