{"id":"gen9ou-1993243309","p1":"50.cal Bonk!","p2":"OutbaKk","format":"[Gen 9] OU","log":"|j|\u260650.cal Bonk!\n|j|\u2606OutbaKk\n|t:|1700283177\n|gametype|singles\n|player|p1|50.cal Bonk!|hilbert-wonderlauncher|\n|player|p2|OutbaKk|101|\n|teamsize|p1|6\n|teamsize|p2|6\n|gen|9\n|tier|[Gen 9] OU\n|rule|Sleep Clause Mod: Limit one foe put to sleep\n|rule|Species Clause: Limit one of each Pok\u00e9mon\n|rule|OHKO Clause: OHKO moves are banned\n|rule|Evasion Items Clause: Evasion items are banned\n|rule|Evasion Moves Clause: Evasion moves are banned\n|rule|Endless Battle Clause: Forcing endless battles is banned\n|rule|HP Percentage Mod: HP is shown in percentages\n|clearpoke\n|poke|p1|Samurott-Hisui, M|\n|poke|p1|Gholdengo|\n|poke|p1|Kingambit, M|\n|poke|p1|Cinderace, M|\n|poke|p1|Gligar, M|\n|poke|p1|Hatterene, F|\n|poke|p2|Ribombee, M|\n|poke|p2|Iron Moth|\n|poke|p2|Walking Wake|\n|poke|p2|Great Tusk|\n|poke|p2|Ogerpon-Wellspring, F|\n|poke|p2|Gholdengo|\n|teampreview\n|inactive|Battle timer is ON: inactive players will automatically lose when time's up. (requested by OutbaKk)\n|\n|t:|1700283190\n|start\n|switch|p1a: Gligar|Gligar, M, shiny|100\/100\n|switch|p2a: Gholdengo|Gholdengo|100\/100\n|-item|p2a: Gholdengo|Air Balloon\n|turn|1\n|\n|t:|1700283198\n|move|p2a: Gholdengo|Nasty Plot|p2a: Gholdengo\n|-boost|p2a: Gholdengo|spa|2\n|move|p1a: Gligar|Stealth Rock|p2a: Gholdengo\n|-sidestart|p2: OutbaKk|move: Stealth Rock\n|\n|upkeep\n|turn|2\n|\n|t:|1700283204\n|move|p2a: Gholdengo|Nasty Plot|p2a: Gholdengo\n|-boost|p2a: Gholdengo|spa|2\n|move|p1a: Gligar|Toxic Spikes|p2a: Gholdengo\n|-sidestart|p2: OutbaKk|move: Toxic Spikes\n|\n|upkeep\n|turn|3\n|\n|t:|1700283207\n|move|p2a: Gholdengo|Nasty Plot|p2a: Gholdengo\n|-boost|p2a: Gholdengo|spa|2\n|move|p1a: Gligar|Toxic Spikes|p2a: Gholdengo\n|-sidestart|p2: OutbaKk|move: Toxic Spikes\n|\n|upkeep\n|turn|4\n|\n|t:|1700283235\n|switch|p1a: Samurott|Samurott-Hisui, M, shiny|100\/100\n|move|p2a: Gholdengo|Shadow Ball|p1a: Samurott\n|-resisted|p1a: Samurott\n|-enditem|p1a: Samurott|Focus Sash\n|-damage|p1a: Samurott|1\/100\n|\n|upkeep\n|turn|5\n|\n|t:|1700283242\n|-terastallize|p2a: Gholdengo|Fighting\n|move|p1a: Samurott|Ceaseless Edge|p2a: Gholdengo\n|-resisted|p2a: Gholdengo\n|-damage|p2a: Gholdengo|74\/100\n|-enditem|p2a: Gholdengo|Air Balloon\n|-sidestart|p2: OutbaKk|Spikes\n|move|p2a: Gholdengo|Shadow Ball|p1a: Samurott\n|-resisted|p1a: Samurott\n|-damage|p1a: Samurott|0 fnt\n|faint|p1a: Samurott\n|\n|upkeep\n|\n|t:|1700283253\n|switch|p1a: Cinderace|Cinderace, M, shiny|100\/100\n|turn|6\n|\n|t:|1700283257\n|move|p1a: Cinderace|Pyro Ball|p2a: Gholdengo\n|-damage|p2a: Gholdengo|12\/100\n|move|p2a: Gholdengo|Make It Rain|p1a: Cinderace\n|-resisted|p1a: Cinderace\n|-damage|p1a: Cinderace|0 fnt\n|-unboost|p2a: Gholdengo|spa|1\n|faint|p1a: Cinderace\n|\n|upkeep\n|\n|t:|1700283264\n|switch|p1a: Kingambit|Kingambit, M, shiny|100\/100\n|-activate|p1a: Kingambit|ability: Supreme Overlord\n|-start|p1a: Kingambit|fallen2|[silent]\n|turn|7\n|\n|t:|1700283276\n|move|p2a: Gholdengo|Focus Blast|p1a: Kingambit\n|-supereffective|p1a: Kingambit\n|-damage|p1a: Kingambit|0 fnt\n|faint|p1a: Kingambit\n|-end|p1a: Kingambit|fallen2|[silent]\n|\n|upkeep\n|\n|t:|1700283285\n|switch|p1a: Gligar|Gligar, M, shiny|100\/100\n|turn|8\n|\n|t:|1700283291\n|move|p2a: Gholdengo|Shadow Ball|p1a: Gligar\n|-damage|p1a: Gligar|0 fnt\n|faint|p1a: Gligar\n|\n|upkeep\n|-message|50.cal Bonk! forfeited.\n|\n|win|OutbaKk\n|l|\u260650.cal Bonk!\n","uploadtime":1700283299,"views":11,"p1id":"50calbonk","p2id":"outbakk","formatid":"gen9ou","rating":0,"private":0,"password":""}