{"id":"gen9ou-1989526052","p1":"xhooorxhi","p2":"aquaflame18","format":"[Gen 9] OU","log":"|j|\u2606xhooorxhi\n|j|\u2606aquaflame18\n|t:|1699865780\n|gametype|singles\n|player|p1|xhooorxhi|pokemonbreeder-gen4|1361\n|player|p2|aquaflame18|erika|1392\n|teamsize|p1|6\n|teamsize|p2|6\n|gen|9\n|tier|[Gen 9] OU\n|rated|\n|rule|Sleep Clause Mod: Limit one foe put to sleep\n|rule|Species Clause: Limit one of each Pok\u00e9mon\n|rule|OHKO Clause: OHKO moves are banned\n|rule|Evasion Items Clause: Evasion items are banned\n|rule|Evasion Moves Clause: Evasion moves are banned\n|rule|Endless Battle Clause: Forcing endless battles is banned\n|rule|HP Percentage Mod: HP is shown in percentages\n|clearpoke\n|poke|p1|Iron Valiant|\n|poke|p1|Corviknight, M|\n|poke|p1|Goodra, M|\n|poke|p1|Kingambit, M|\n|poke|p1|Toedscruel, M|\n|poke|p1|Scizor, F|\n|poke|p2|Cinderace, M|\n|poke|p2|Iron Moth|\n|poke|p2|Arcanine-Hisui, F|\n|poke|p2|Walking Wake|\n|poke|p2|Zapdos|\n|poke|p2|Ogerpon-Cornerstone, F|\n|teampreview\n|inactive|Battle timer is ON: inactive players will automatically lose when time's up. (requested by xhooorxhi)\n|c|\u2606xhooorxhi|hey\n|c|\u2606aquaflame18|yoo\n|\n|t:|1699865797\n|start\n|switch|p1a: Toedscruel|Toedscruel, M, shiny|100\/100\n|switch|p2a: Cinderace|Cinderace, M|100\/100\n|turn|1\n|\n|t:|1699865802\n|switch|p1a: Corviknight|Corviknight, M|100\/100\n|move|p2a: Cinderace|U-turn|p1a: Corviknight\n|-start|p2a: Cinderace|typechange|Bug|[from] ability: Libero\n|-resisted|p1a: Corviknight\n|-damage|p1a: Corviknight|95\/100\n|-damage|p2a: Cinderace|84\/100|[from] item: Rocky Helmet|[of] p1a: Corviknight\n|\n|t:|1699865808\n|switch|p2a: Walking Wake|Walking Wake|100\/100|[from] U-turn\n|-enditem|p2a: Walking Wake|Booster Energy\n|-activate|p2a: Walking Wake|ability: Protosynthesis|[fromitem]\n|-start|p2a: Walking Wake|protosynthesisspa\n|\n|upkeep\n|turn|2\n|\n|t:|1699865812\n|switch|p1a: Toedscruel|Toedscruel, M, shiny|100\/100\n|move|p2a: Walking Wake|Sunny Day|p2a: Walking Wake\n|-weather|SunnyDay\n|\n|-weather|SunnyDay|[upkeep]\n|upkeep\n|turn|3\n|\n|t:|1699865817\n|move|p2a: Walking Wake|Hydro Steam|p1a: Toedscruel\n|-damage|p1a: Toedscruel|52\/100\n|move|p1a: Toedscruel|Spore|p2a: Walking Wake\n|-status|p2a: Walking Wake|slp|[from] move: Spore\n|\n|-weather|SunnyDay|[upkeep]\n|upkeep\n|turn|4\n|\n|t:|1699865826\n|switch|p1a: Goodra|Goodra, M|100\/100\n|cant|p2a: Walking Wake|slp\n|\n|-weather|SunnyDay|[upkeep]\n|upkeep\n|turn|5\n|\n|t:|1699865831\n|-terastallize|p2a: Walking Wake|Fairy\n|cant|p2a: Walking Wake|slp\n|move|p1a: Goodra|Dragon Tail|p2a: Walking Wake\n|-immune|p2a: Walking Wake\n|\n|-weather|SunnyDay|[upkeep]\n|upkeep\n|turn|6\n|\n|t:|1699865834\n|-curestatus|p2a: Walking Wake|slp|[msg]\n|move|p2a: Walking Wake|Tera Blast|p1a: Goodra|[anim] Tera Blast Fairy\n|-supereffective|p1a: Goodra\n|-crit|p1a: Goodra\n|-damage|p1a: Goodra|39\/100\n|move|p1a: Goodra|Sludge Bomb|p2a: Walking Wake\n|-supereffective|p2a: Walking Wake\n|-damage|p2a: Walking Wake|30\/100\n|\n|-weather|none\n|upkeep\n|turn|7\n|\n|t:|1699865843\n|switch|p1a: Scizor|Scizor, F, shiny|100\/100\n|move|p2a: Walking Wake|Tera Blast|p1a: Scizor|[anim] Tera Blast Fairy\n|-resisted|p1a: Scizor\n|-damage|p1a: Scizor|68\/100\n|\n|upkeep\n|turn|8\n|\n|t:|1699865849\n|-end|p2a: Walking Wake|Protosynthesis|[silent]\n|switch|p2a: Iron Moth|Iron Moth|100\/100\n|-enditem|p2a: Iron Moth|Booster Energy\n|-activate|p2a: Iron Moth|ability: Quark Drive|[fromitem]\n|-start|p2a: Iron Moth|quarkdrivespa\n|move|p1a: Scizor|Bullet Punch|p2a: Iron Moth\n|-resisted|p2a: Iron Moth\n|-damage|p2a: Iron Moth|70\/100\n|\n|upkeep\n|turn|9\n|\n|t:|1699865855\n|switch|p1a: Goodra|Goodra, M|39\/100\n|move|p2a: Iron Moth|Agility|p2a: Iron Moth\n|-boost|p2a: Iron Moth|spe|2\n|\n|upkeep\n|turn|10\n|\n|t:|1699865861\n|move|p2a: Iron Moth|Sludge Wave|p1a: Goodra\n|-damage|p1a: Goodra|8\/100\n|move|p1a: Goodra|Scald|p2a: Iron Moth\n|-supereffective|p2a: Iron Moth\n|-damage|p2a: Iron Moth|8\/100\n|\n|upkeep\n|turn|11\n|\n|t:|1699865867\n|move|p2a: Iron Moth|Sludge Wave|p1a: Goodra\n|-damage|p1a: Goodra|0 fnt\n|faint|p1a: Goodra\n|\n|upkeep\n|\n|t:|1699865868\n|switch|p1a: Scizor|Scizor, F, shiny|68\/100\n|turn|12\n|\n|t:|1699865871\n|move|p1a: Scizor|Bullet Punch|p2a: Iron Moth\n|-resisted|p2a: Iron Moth\n|-damage|p2a: Iron Moth|0 fnt\n|faint|p2a: Iron Moth\n|-end|p2a: Iron Moth|Quark Drive|[silent]\n|\n|upkeep\n|\n|t:|1699865874\n|switch|p2a: Cinderace|Cinderace, M|84\/100\n|turn|13\n|\n|t:|1699865880\n|-terastallize|p1a: Scizor|Water\n|move|p2a: Cinderace|Pyro Ball|p1a: Scizor|[miss]\n|-miss|p2a: Cinderace|p1a: Scizor\n|move|p1a: Scizor|Tera Blast|p2a: Cinderace|[anim] Tera Blast Water\n|-supereffective|p2a: Cinderace\n|-damage|p2a: Cinderace|0 fnt\n|faint|p2a: Cinderace\n|\n|upkeep\n|\n|t:|1699865884\n|switch|p2a: Zapdos|Zapdos|100\/100\n|turn|14\n|\n|t:|1699865892\n|switch|p1a: Toedscruel|Toedscruel, M, shiny|52\/100\n|move|p2a: Zapdos|Volt Switch|p1a: Toedscruel\n|-immune|p1a: Toedscruel\n|\n|upkeep\n|turn|15\n|\n|t:|1699865898\n|move|p2a: Zapdos|Hurricane|p1a: Toedscruel\n|-supereffective|p1a: Toedscruel\n|-damage|p1a: Toedscruel|0 fnt\n|faint|p1a: Toedscruel\n|\n|upkeep\n|\n|t:|1699865905\n|switch|p1a: Kingambit|Kingambit, M, shiny|100\/100\n|-activate|p1a: Kingambit|ability: Supreme Overlord\n|-start|p1a: Kingambit|fallen2|[silent]\n|-item|p1a: Kingambit|Air Balloon\n|turn|16\n|\n|t:|1699865911\n|move|p2a: Zapdos|Thunder Wave|p1a: Kingambit\n|-status|p1a: Kingambit|par\n|move|p1a: Kingambit|Swords Dance|p1a: Kingambit\n|-boost|p1a: Kingambit|atk|2\n|\n|upkeep\n|turn|17\n|\n|t:|1699865916\n|move|p2a: Zapdos|Heat Wave|p1a: Kingambit\n|-supereffective|p1a: Kingambit\n|-damage|p1a: Kingambit|38\/100 par\n|-enditem|p1a: Kingambit|Air Balloon\n|move|p1a: Kingambit|Kowtow Cleave|p2a: Zapdos\n|-damage|p2a: Zapdos|0 fnt\n|faint|p2a: Zapdos\n|\n|upkeep\n|\n|t:|1699865925\n|switch|p2a: Arcanine|Arcanine-Hisui, F|100\/100\n|turn|18\n|\n|t:|1699865929\n|move|p2a: Arcanine|Extreme Speed|p1a: Kingambit\n|-resisted|p1a: Kingambit\n|-damage|p1a: Kingambit|24\/100 par\n|cant|p1a: Kingambit|par\n|\n|upkeep\n|turn|19\n|\n|t:|1699865936\n|move|p2a: Arcanine|Extreme Speed|p1a: Kingambit\n|-resisted|p1a: Kingambit\n|-damage|p1a: Kingambit|10\/100 par\n|cant|p1a: Kingambit|par\n|\n|upkeep\n|turn|20\n|\n|t:|1699865941\n|-end|p1a: Kingambit|fallen2|[silent]\n|switch|p1a: Corviknight|Corviknight, M|95\/100\n|move|p2a: Arcanine|Extreme Speed|p1a: Corviknight\n|-resisted|p1a: Corviknight\n|-damage|p1a: Corviknight|83\/100\n|-damage|p2a: Arcanine|84\/100|[from] item: Rocky Helmet|[of] p1a: Corviknight\n|\n|upkeep\n|turn|21\n|\n|t:|1699865964\n|switch|p2a: Walking Wake|Walking Wake, tera:Fairy|30\/100\n|move|p1a: Corviknight|Bulk Up|p1a: Corviknight\n|-boost|p1a: Corviknight|atk|1\n|-boost|p1a: Corviknight|def|1\n|\n|upkeep\n|turn|22\n|\n|t:|1699865972\n|move|p2a: Walking Wake|Sunny Day|p2a: Walking Wake\n|-weather|SunnyDay\n|-activate|p2a: Walking Wake|ability: Protosynthesis\n|-start|p2a: Walking Wake|protosynthesisspa\n|move|p1a: Corviknight|Brave Bird|p2a: Walking Wake\n|-damage|p2a: Walking Wake|0 fnt\n|faint|p2a: Walking Wake\n|-end|p2a: Walking Wake|Protosynthesis|[silent]\n|-damage|p1a: Corviknight|75\/100|[from] Recoil\n|\n|-weather|SunnyDay|[upkeep]\n|upkeep\n|\n|t:|1699865983\n|switch|p2a: Arcanine|Arcanine-Hisui, F|84\/100\n|turn|23\n|\n|t:|1699865986\n|switch|p1a: Kingambit|Kingambit, M, shiny|10\/100 par\n|-activate|p1a: Kingambit|ability: Supreme Overlord\n|-start|p1a: Kingambit|fallen2|[silent]\n|move|p2a: Arcanine|Flare Blitz|p1a: Kingambit\n|-supereffective|p1a: Kingambit\n|-damage|p1a: Kingambit|0 fnt\n|faint|p1a: Kingambit\n|-end|p1a: Kingambit|fallen2|[silent]\n|\n|-weather|SunnyDay|[upkeep]\n|upkeep\n|\n|t:|1699865992\n|switch|p1a: Scizor|Scizor, F, shiny, tera:Water|68\/100\n|turn|24\n|\n|t:|1699865994\n|move|p2a: Arcanine|Flare Blitz|p1a: Scizor\n|-resisted|p1a: Scizor\n|-damage|p1a: Scizor|1\/100\n|move|p1a: Scizor|Tera Blast|p2a: Arcanine|[anim] Tera Blast Water\n|-supereffective|p2a: Arcanine\n|-damage|p2a: Arcanine|0 fnt\n|faint|p2a: Arcanine\n|\n|-weather|SunnyDay|[upkeep]\n|upkeep\n|\n|t:|1699865998\n|switch|p2a: Ogerpon|Ogerpon-Cornerstone, F|100\/100\n|turn|25\n|\n|t:|1699865999\n|move|p1a: Scizor|Bullet Punch|p2a: Ogerpon\n|-supereffective|p2a: Ogerpon\n|-damage|p2a: Ogerpon|8\/100\n|move|p2a: Ogerpon|Trailblaze|p1a: Scizor\n|-supereffective|p1a: Scizor\n|-damage|p1a: Scizor|0 fnt\n|-boost|p2a: Ogerpon|spe|1\n|faint|p1a: Scizor\n|\n|-weather|SunnyDay|[upkeep]\n|upkeep\n|\n|t:|1699866002\n|switch|p1a: Iron Valiant|Iron Valiant, shiny|100\/100\n|-enditem|p1a: Iron Valiant|Booster Energy\n|-activate|p1a: Iron Valiant|ability: Quark Drive|[fromitem]\n|-start|p1a: Iron Valiant|quarkdrivespe\n|turn|26\n|\n|t:|1699866006\n|move|p1a: Iron Valiant|Spirit Break|p2a: Ogerpon\n|-damage|p2a: Ogerpon|0 fnt\n|faint|p2a: Ogerpon\n|\n|win|xhooorxhi\n|raw|xhooorxhi's rating: 1361 &rarr; <strong>1383<\/strong><br \/>(+22 for winning)\n|raw|aquaflame18's rating: 1392 &rarr; <strong>1370<\/strong><br \/>(-22 for losing)\n|c|\u2606xhooorxhi|gg\n|c|\u2606aquaflame18|gg\n|l|\u2606aquaflame18\n","uploadtime":1699866188,"views":8,"p1id":"xhooorxhi","p2id":"aquaflame18","formatid":"gen9ou","rating":1370,"private":0,"password":""}