{"id":"gen9ou-1988682150","p1":"Bigger Yeagle","p2":"Peratest","format":"[Gen 9] OU","log":"|j|\u2606Bigger Yeagle\n|j|\u203dPeratest\n|t:|1699750054\n|gametype|singles\n|player|p1|Bigger Yeagle|170|1499\n|player|p2|Peratest|linebacker|1516\n|teamsize|p1|6\n|teamsize|p2|6\n|gen|9\n|tier|[Gen 9] OU\n|rated|\n|rule|Sleep Clause Mod: Limit one foe put to sleep\n|rule|Species Clause: Limit one of each Pok\u00e9mon\n|rule|OHKO Clause: OHKO moves are banned\n|rule|Evasion Items Clause: Evasion items are banned\n|rule|Evasion Moves Clause: Evasion moves are banned\n|rule|Endless Battle Clause: Forcing endless battles is banned\n|rule|HP Percentage Mod: HP is shown in percentages\n|clearpoke\n|poke|p1|Great Tusk|\n|poke|p1|Hatterene, F|\n|poke|p1|Dondozo, M|\n|poke|p1|Mandibuzz, F|\n|poke|p1|Heatran, M|\n|poke|p1|Dragapult, M|\n|poke|p2|Hatterene, F|\n|poke|p2|Dragonite, M|\n|poke|p2|Iron Valiant|\n|poke|p2|Ursaluna, M|\n|poke|p2|Corviknight, M|\n|poke|p2|Empoleon, M|\n|teampreview\n|\n|t:|1699750073\n|start\n|switch|p1a: Dragapult|Dragapult, M|100\/100\n|switch|p2a: Ursaluna|Ursaluna, M, shiny|100\/100\n|turn|1\n|\n|t:|1699750095\n|move|p1a: Dragapult|Surf|p2a: Ursaluna\n|-supereffective|p2a: Ursaluna\n|-crit|p2a: Ursaluna\n|-damage|p2a: Ursaluna|27\/100\n|move|p2a: Ursaluna|Ice Punch|p1a: Dragapult\n|-supereffective|p1a: Dragapult\n|-damage|p1a: Dragapult|18\/100\n|\n|upkeep\n|turn|2\n|\n|t:|1699750103\n|switch|p2a: Empoleon|Empoleon, M, shiny|100\/100\n|move|p1a: Dragapult|Surf|p2a: Empoleon\n|-resisted|p2a: Empoleon\n|-damage|p2a: Empoleon|87\/100\n|\n|-heal|p2a: Empoleon|93\/100|[from] item: Leftovers\n|upkeep\n|turn|3\n|\n|t:|1699750112\n|switch|p1a: Mandibuzz|Mandibuzz, F|100\/100\n|switch|p2a: Ursaluna|Ursaluna, M, shiny|27\/100\n|\n|upkeep\n|turn|4\n|\n|t:|1699750120\n|switch|p2a: Corviknight|Corviknight, M, shiny|100\/100\n|-ability|p2a: Corviknight|Pressure\n|move|p1a: Mandibuzz|Foul Play|p2a: Corviknight\n|-damage|p2a: Corviknight|84\/100\n|-damage|p1a: Mandibuzz|84\/100|[from] item: Rocky Helmet|[of] p2a: Corviknight\n|\n|upkeep\n|turn|5\n|\n|t:|1699750130\n|move|p1a: Mandibuzz|U-turn|p2a: Corviknight\n|-resisted|p2a: Corviknight\n|-crit|p2a: Corviknight\n|-damage|p2a: Corviknight|81\/100\n|-damage|p1a: Mandibuzz|67\/100|[from] item: Rocky Helmet|[of] p2a: Corviknight\n|\n|t:|1699750134\n|switch|p1a: Heatran|Heatran, M|100\/100|[from] U-turn\n|move|p2a: Corviknight|Body Press|p1a: Heatran\n|-supereffective|p1a: Heatran\n|-damage|p1a: Heatran|54\/100\n|-status|p2a: Corviknight|brn|[from] ability: Flame Body|[of] p1a: Heatran\n|\n|-heal|p1a: Heatran|60\/100|[from] item: Leftovers\n|-damage|p2a: Corviknight|75\/100 brn|[from] brn\n|upkeep\n|turn|6\n|\n|t:|1699750146\n|switch|p2a: Empoleon|Empoleon, M, shiny|93\/100\n|move|p1a: Heatran|Protect||[still]\n|-fail|p1a: Heatran\n|\n|-heal|p1a: Heatran|66\/100|[from] item: Leftovers\n|-heal|p2a: Empoleon|99\/100|[from] item: Leftovers\n|upkeep\n|turn|7\n|\n|t:|1699750155\n|move|p1a: Heatran|Protect|p1a: Heatran\n|-singleturn|p1a: Heatran|Protect\n|move|p2a: Empoleon|Surf|p1a: Heatran\n|-activate|p1a: Heatran|move: Protect\n|\n|-heal|p1a: Heatran|73\/100|[from] item: Leftovers\n|-heal|p2a: Empoleon|100\/100|[from] item: Leftovers\n|upkeep\n|turn|8\n|\n|t:|1699750165\n|switch|p1a: Hatterene|Hatterene, F|100\/100\n|move|p2a: Empoleon|Surf|p1a: Hatterene\n|-damage|p1a: Hatterene|65\/100\n|\n|-heal|p1a: Hatterene|71\/100|[from] item: Leftovers\n|upkeep\n|turn|9\n|\n|t:|1699750175\n|move|p2a: Empoleon|Surf|p1a: Hatterene\n|-damage|p1a: Hatterene|33\/100\n|move|p1a: Hatterene|Calm Mind|p1a: Hatterene\n|-boost|p1a: Hatterene|spa|1\n|-boost|p1a: Hatterene|spd|1\n|\n|-heal|p1a: Hatterene|39\/100|[from] item: Leftovers\n|upkeep\n|turn|10\n|\n|t:|1699750184\n|move|p2a: Empoleon|Surf|p1a: Hatterene\n|-damage|p1a: Hatterene|14\/100\n|move|p1a: Hatterene|Nuzzle|p2a: Empoleon\n|-supereffective|p2a: Empoleon\n|-damage|p2a: Empoleon|93\/100\n|-status|p2a: Empoleon|par\n|\n|-heal|p1a: Hatterene|20\/100|[from] item: Leftovers\n|-heal|p2a: Empoleon|99\/100 par|[from] item: Leftovers\n|upkeep\n|turn|11\n|\n|t:|1699750195\n|move|p1a: Hatterene|Draining Kiss|p2a: Empoleon\n|-resisted|p2a: Empoleon\n|-damage|p2a: Empoleon|88\/100 par\n|-heal|p1a: Hatterene|30\/100|[from] drain|[of] p2a: Empoleon\n|cant|p2a: Empoleon|par\n|\n|-heal|p1a: Hatterene|36\/100|[from] item: Leftovers\n|-heal|p2a: Empoleon|94\/100 par|[from] item: Leftovers\n|upkeep\n|turn|12\n|\n|t:|1699750206\n|switch|p2a: Corviknight|Corviknight, M, shiny|75\/100 brn\n|-ability|p2a: Corviknight|Pressure\n|move|p1a: Hatterene|Draining Kiss|p2a: Corviknight\n|-resisted|p2a: Corviknight\n|-damage|p2a: Corviknight|59\/100 brn\n|-heal|p1a: Hatterene|51\/100|[from] drain|[of] p2a: Corviknight\n|-damage|p1a: Hatterene|35\/100|[from] item: Rocky Helmet|[of] p2a: Corviknight\n|\n|-heal|p1a: Hatterene|41\/100|[from] item: Leftovers\n|-damage|p2a: Corviknight|53\/100 brn|[from] brn\n|upkeep\n|turn|13\n|\n|t:|1699750227\n|move|p2a: Corviknight|Brave Bird|p1a: Hatterene\n|-damage|p1a: Hatterene|27\/100\n|-damage|p2a: Corviknight|49\/100 brn|[from] Recoil\n|move|p1a: Hatterene|Psyshock|p2a: Corviknight\n|-resisted|p2a: Corviknight\n|-damage|p2a: Corviknight|34\/100 brn\n|\n|-heal|p1a: Hatterene|33\/100|[from] item: Leftovers\n|-damage|p2a: Corviknight|28\/100 brn|[from] brn\n|upkeep\n|turn|14\n|\n|t:|1699750238\n|move|p2a: Corviknight|Brave Bird|p1a: Hatterene\n|-damage|p1a: Hatterene|17\/100\n|-damage|p2a: Corviknight|24\/100 brn|[from] Recoil\n|move|p1a: Hatterene|Psyshock|p2a: Corviknight\n|-resisted|p2a: Corviknight\n|-damage|p2a: Corviknight|7\/100 brn\n|\n|-heal|p1a: Hatterene|23\/100|[from] item: Leftovers\n|-damage|p2a: Corviknight|1\/100 brn|[from] brn\n|upkeep\n|turn|15\n|\n|t:|1699750253\n|move|p2a: Corviknight|Brave Bird|p1a: Hatterene\n|-damage|p1a: Hatterene|7\/100\n|-damage|p2a: Corviknight|0 fnt|[from] Recoil\n|faint|p2a: Corviknight\n|move|p1a: Hatterene|Calm Mind|p1a: Hatterene\n|-boost|p1a: Hatterene|spa|1\n|-boost|p1a: Hatterene|spd|1\n|\n|-heal|p1a: Hatterene|13\/100|[from] item: Leftovers\n|upkeep\n|\n|t:|1699750267\n|switch|p2a: Ursaluna|Ursaluna, M, shiny|27\/100\n|turn|16\n|\n|t:|1699750272\n|move|p2a: Ursaluna|Body Slam|p1a: Hatterene\n|-damage|p1a: Hatterene|0 fnt\n|faint|p1a: Hatterene\n|\n|upkeep\n|\n|t:|1699750277\n|switch|p1a: Dragapult|Dragapult, M|18\/100\n|turn|17\n|\n|t:|1699750291\n|move|p1a: Dragapult|Flamethrower|p2a: Ursaluna\n|-damage|p2a: Ursaluna|3\/100\n|move|p2a: Ursaluna|Body Slam|p1a: Dragapult\n|-immune|p1a: Dragapult\n|\n|upkeep\n|turn|18\n|\n|t:|1699750299\n|move|p1a: Dragapult|Flamethrower|p2a: Ursaluna\n|-damage|p2a: Ursaluna|0 fnt\n|faint|p2a: Ursaluna\n|\n|upkeep\n|\n|t:|1699750308\n|switch|p2a: Iron Valiant|Iron Valiant, shiny|100\/100\n|-enditem|p2a: Iron Valiant|Booster Energy\n|-activate|p2a: Iron Valiant|ability: Quark Drive|[fromitem]\n|-start|p2a: Iron Valiant|quarkdrivespe\n|turn|19\n|\n|t:|1699750315\n|switch|p1a: Heatran|Heatran, M|73\/100\n|move|p2a: Iron Valiant|Calm Mind|p2a: Iron Valiant\n|-boost|p2a: Iron Valiant|spa|1\n|-boost|p2a: Iron Valiant|spd|1\n|\n|-heal|p1a: Heatran|79\/100|[from] item: Leftovers\n|upkeep\n|turn|20\n|\n|t:|1699750325\n|move|p2a: Iron Valiant|Calm Mind|p2a: Iron Valiant\n|-boost|p2a: Iron Valiant|spa|1\n|-boost|p2a: Iron Valiant|spd|1\n|move|p1a: Heatran|Magma Storm|p2a: Iron Valiant\n|-damage|p2a: Iron Valiant|60\/100\n|-activate|p2a: Iron Valiant|move: Magma Storm|[of] p1a: Heatran\n|\n|-heal|p1a: Heatran|85\/100|[from] item: Leftovers\n|-damage|p2a: Iron Valiant|47\/100|[from] move: Magma Storm|[partiallytrapped]\n|upkeep\n|turn|21\n|\n|t:|1699750335\n|move|p2a: Iron Valiant|Aura Sphere|p1a: Heatran\n|-supereffective|p1a: Heatran\n|-damage|p1a: Heatran|0 fnt\n|faint|p1a: Heatran\n|\n|-end|p2a: Iron Valiant|Magma Storm|[partiallytrapped]|[silent]\n|upkeep\n|\n|t:|1699750341\n|switch|p1a: Dondozo|Dondozo, M|100\/100\n|turn|22\n|\n|t:|1699750350\n|-terastallize|p2a: Iron Valiant|Electric\n|move|p2a: Iron Valiant|Thunderbolt|p1a: Dondozo\n|-supereffective|p1a: Dondozo\n|-crit|p1a: Dondozo\n|-damage|p1a: Dondozo|9\/100\n|move|p1a: Dondozo|Liquidation|p2a: Iron Valiant\n|-damage|p2a: Iron Valiant|11\/100\n|-unboost|p2a: Iron Valiant|def|1\n|\n|-heal|p1a: Dondozo|15\/100|[from] item: Leftovers\n|upkeep\n|turn|23\n|-message|Bigger Yeagle forfeited.\n|\n|win|Peratest\n|raw|Bigger Yeagle's rating: 1499 &rarr; <strong>1480<\/strong><br \/>(-19 for losing)\n|raw|Peratest's rating: 1516 &rarr; <strong>1535<\/strong><br \/>(+19 for winning)\n|l|\u2606Bigger Yeagle\n","uploadtime":1699750369,"views":18,"p1id":"biggeryeagle","p2id":"peratest","formatid":"gen9ou","rating":1480,"private":0,"password":""}