{"id":"gen9ou-1991623017","p1":"Dragunoxx","p2":"Rusl2","format":"[Gen 9] OU","log":"|j|\u2606Dragunoxx\n|j|\u2606Rusl2\n|t:|1700095358\n|gametype|singles\n|player|p1|Dragunoxx|florian-bb|1304\n|player|p2|Rusl2|102|1408\n|teamsize|p1|6\n|teamsize|p2|6\n|gen|9\n|tier|[Gen 9] OU\n|rated|\n|rule|Sleep Clause Mod: Limit one foe put to sleep\n|rule|Species Clause: Limit one of each Pok\u00e9mon\n|rule|OHKO Clause: OHKO moves are banned\n|rule|Evasion Items Clause: Evasion items are banned\n|rule|Evasion Moves Clause: Evasion moves are banned\n|rule|Endless Battle Clause: Forcing endless battles is banned\n|rule|HP Percentage Mod: HP is shown in percentages\n|clearpoke\n|poke|p1|Haxorus, M|\n|poke|p1|Quaquaval, M|\n|poke|p1|Heatran, M|\n|poke|p1|Espeon, F|\n|poke|p1|Zapdos|\n|poke|p1|Toxapex, M|\n|poke|p2|Torkoal, M|\n|poke|p2|Ninetales, M|\n|poke|p2|Walking Wake|\n|poke|p2|Hatterene, F|\n|poke|p2|Slither Wing|\n|poke|p2|Kommo-o, M|\n|teampreview\n|\n|t:|1700095386\n|start\n|switch|p1a: Haxorus|Haxorus, M|100\/100\n|switch|p2a: Torkoal|Torkoal, M|100\/100\n|-ability|p1a: Haxorus|Mold Breaker\n|-weather|SunnyDay|[from] ability: Drought|[of] p2a: Torkoal\n|turn|1\n|\n|t:|1700095395\n|move|p1a: Haxorus|Swords Dance|p1a: Haxorus\n|-boost|p1a: Haxorus|atk|2\n|move|p2a: Torkoal|Lava Plume|p1a: Haxorus\n|-resisted|p1a: Haxorus\n|-damage|p1a: Haxorus|72\/100\n|-status|p1a: Haxorus|brn\n|\n|-weather|SunnyDay|[upkeep]\n|-damage|p1a: Haxorus|66\/100 brn|[from] brn\n|upkeep\n|turn|2\n|\n|t:|1700095401\n|switch|p2a: Slither Wing|Slither Wing|100\/100\n|-activate|p2a: Slither Wing|ability: Protosynthesis\n|-start|p2a: Slither Wing|protosynthesisatk\n|move|p1a: Haxorus|Earthquake|p2a: Slither Wing\n|-resisted|p2a: Slither Wing\n|-crit|p2a: Slither Wing\n|-damage|p2a: Slither Wing|52\/100\n|-damage|p1a: Haxorus|56\/100 brn|[from] item: Life Orb\n|\n|-weather|SunnyDay|[upkeep]\n|-damage|p1a: Haxorus|50\/100 brn|[from] brn\n|upkeep\n|turn|3\n|\n|t:|1700095410\n|move|p2a: Slither Wing|First Impression|p1a: Haxorus\n|-damage|p1a: Haxorus|0 fnt\n|faint|p1a: Haxorus\n|\n|-weather|SunnyDay|[upkeep]\n|upkeep\n|\n|t:|1700095421\n|switch|p1a: Quaquaval|Quaquaval, M|100\/100\n|turn|4\n|\n|t:|1700095425\n|move|p1a: Quaquaval|Aqua Step|p2a: Slither Wing\n|-damage|p2a: Slither Wing|16\/100\n|-boost|p1a: Quaquaval|spe|1\n|move|p2a: Slither Wing|Wild Charge|p1a: Quaquaval\n|-supereffective|p1a: Quaquaval\n|-damage|p1a: Quaquaval|0 fnt\n|faint|p1a: Quaquaval\n|-damage|p2a: Slither Wing|0 fnt|[from] Recoil\n|faint|p2a: Slither Wing\n|-end|p2a: Slither Wing|Protosynthesis|[silent]\n|\n|-weather|SunnyDay|[upkeep]\n|upkeep\n|\n|t:|1700095436\n|switch|p1a: Espeon|Espeon, F|100\/100\n|switch|p2a: Walking Wake|Walking Wake|100\/100\n|-activate|p2a: Walking Wake|ability: Protosynthesis\n|-start|p2a: Walking Wake|protosynthesisspe\n|turn|5\n|\n|t:|1700095444\n|switch|p1a: Toxapex|Toxapex, M|100\/100\n|-terastallize|p2a: Walking Wake|Water\n|move|p2a: Walking Wake|Hydro Steam|p1a: Toxapex\n|-resisted|p1a: Toxapex\n|-damage|p1a: Toxapex|61\/100\n|\n|-weather|none\n|-end|p2a: Walking Wake|Protosynthesis\n|-heal|p1a: Toxapex|67\/100|[from] item: Black Sludge\n|upkeep\n|turn|6\n|\n|t:|1700095454\n|-end|p2a: Walking Wake|Protosynthesis|[silent]\n|switch|p2a: Hatterene|Hatterene, F|100\/100\n|move|p1a: Toxapex|Recover|p1a: Toxapex\n|-heal|p1a: Toxapex|100\/100\n|\n|upkeep\n|turn|7\n|\n|t:|1700095461\n|switch|p1a: Heatran|Heatran, M|100\/100\n|move|p2a: Hatterene|Nuzzle|p1a: Heatran\n|-damage|p1a: Heatran|96\/100\n|-status|p1a: Heatran|par\n|\n|upkeep\n|turn|8\n|\n|t:|1700095468\n|move|p1a: Heatran|Earth Power|p2a: Hatterene\n|-damage|p2a: Hatterene|70\/100\n|move|p2a: Hatterene|Calm Mind|p2a: Hatterene\n|-boost|p2a: Hatterene|spa|1\n|-boost|p2a: Hatterene|spd|1\n|\n|-heal|p2a: Hatterene|76\/100|[from] item: Leftovers\n|upkeep\n|turn|9\n|\n|t:|1700095474\n|move|p1a: Heatran|Flash Cannon|p2a: Hatterene\n|-supereffective|p2a: Hatterene\n|-damage|p2a: Hatterene|25\/100\n|move|p2a: Hatterene|Calm Mind|p2a: Hatterene\n|-boost|p2a: Hatterene|spa|1\n|-boost|p2a: Hatterene|spd|1\n|\n|-heal|p2a: Hatterene|31\/100|[from] item: Leftovers\n|upkeep\n|turn|10\n|\n|t:|1700095480\n|move|p1a: Heatran|Flash Cannon|p2a: Hatterene\n|-supereffective|p2a: Hatterene\n|-damage|p2a: Hatterene|0 fnt\n|faint|p2a: Hatterene\n|\n|upkeep\n|\n|t:|1700095485\n|switch|p2a: Kommo-o|Kommo-o, M|100\/100\n|turn|11\n|\n|t:|1700095502\n|switch|p1a: Zapdos|Zapdos|100\/100\n|move|p2a: Kommo-o|Clangorous Soul|p2a: Kommo-o\n|-boost|p2a: Kommo-o|atk|1\n|-boost|p2a: Kommo-o|def|1\n|-boost|p2a: Kommo-o|spa|1\n|-boost|p2a: Kommo-o|spd|1\n|-boost|p2a: Kommo-o|spe|1\n|-damage|p2a: Kommo-o|68\/100\n|-enditem|p2a: Kommo-o|Throat Spray\n|-boost|p2a: Kommo-o|spa|1|[from] item: Throat Spray\n|\n|upkeep\n|turn|12\n|\n|t:|1700095506\n|move|p2a: Kommo-o|Boomburst|p1a: Zapdos\n|-damage|p1a: Zapdos|26\/100\n|move|p1a: Zapdos|Tailwind|p1a: Zapdos\n|-sidestart|p1: Dragunoxx|move: Tailwind\n|\n|upkeep\n|turn|13\n|\n|t:|1700095511\n|move|p1a: Zapdos|Thunderbolt|p2a: Kommo-o\n|-resisted|p2a: Kommo-o\n|-damage|p2a: Kommo-o|52\/100\n|move|p2a: Kommo-o|Boomburst|p1a: Zapdos\n|-damage|p1a: Zapdos|0 fnt\n|faint|p1a: Zapdos\n|\n|upkeep\n|\n|t:|1700095516\n|switch|p1a: Espeon|Espeon, F|100\/100\n|turn|14\n|\n|t:|1700095533\n|switch|p2a: Torkoal|Torkoal, M|100\/100\n|-weather|SunnyDay|[from] ability: Drought|[of] p2a: Torkoal\n|move|p1a: Espeon|Dazzling Gleam|p2a: Torkoal\n|-resisted|p2a: Torkoal\n|-damage|p2a: Torkoal|74\/100\n|\n|-weather|SunnyDay|[upkeep]\n|upkeep\n|turn|15\n|\n|t:|1700095539\n|switch|p1a: Heatran|Heatran, M|96\/100 par\n|move|p2a: Torkoal|Lava Plume|p1a: Heatran\n|-start|p1a: Heatran|ability: Flash Fire\n|\n|-weather|SunnyDay|[upkeep]\n|-sideend|p1: Dragunoxx|move: Tailwind\n|upkeep\n|turn|16\n|\n|t:|1700095547\n|move|p1a: Heatran|Earth Power|p2a: Torkoal\n|-supereffective|p2a: Torkoal\n|-damage|p2a: Torkoal|0 fnt\n|faint|p2a: Torkoal\n|\n|-weather|SunnyDay|[upkeep]\n|upkeep\n|\n|t:|1700095556\n|switch|p2a: Kommo-o|Kommo-o, M|52\/100\n|turn|17\n|\n|t:|1700095566\n|switch|p2a: Walking Wake|Walking Wake, tera:Water|100\/100\n|-activate|p2a: Walking Wake|ability: Protosynthesis\n|-start|p2a: Walking Wake|protosynthesisspe\n|move|p1a: Heatran|Flash Cannon|p2a: Walking Wake\n|-resisted|p2a: Walking Wake\n|-damage|p2a: Walking Wake|75\/100\n|-unboost|p2a: Walking Wake|spd|1\n|\n|-weather|SunnyDay|[upkeep]\n|upkeep\n|turn|18\n|\n|t:|1700095576\n|-terastallize|p1a: Heatran|Grass\n|move|p2a: Walking Wake|Flip Turn|p1a: Heatran\n|-resisted|p1a: Heatran\n|-damage|p1a: Heatran|91\/100 par\n|\n|t:|1700095583\n|-end|p2a: Walking Wake|Protosynthesis|[silent]\n|switch|p2a: Kommo-o|Kommo-o, M|52\/100|[from] Flip Turn\n|cant|p1a: Heatran|par\n|\n|-weather|none\n|upkeep\n|turn|19\n|\n|t:|1700095589\n|move|p2a: Kommo-o|Clangorous Soul|p2a: Kommo-o\n|-boost|p2a: Kommo-o|atk|1\n|-boost|p2a: Kommo-o|def|1\n|-boost|p2a: Kommo-o|spa|1\n|-boost|p2a: Kommo-o|spd|1\n|-boost|p2a: Kommo-o|spe|1\n|-damage|p2a: Kommo-o|19\/100\n|move|p1a: Heatran|Flash Cannon|p2a: Kommo-o\n|-damage|p2a: Kommo-o|0 fnt\n|faint|p2a: Kommo-o\n|\n|upkeep\n|\n|t:|1700095592\n|switch|p2a: Ninetales|Ninetales, M|100\/100\n|-weather|SunnyDay|[from] ability: Drought|[of] p2a: Ninetales\n|turn|20\n|\n|t:|1700095602\n|switch|p2a: Walking Wake|Walking Wake, tera:Water|75\/100\n|-activate|p2a: Walking Wake|ability: Protosynthesis\n|-start|p2a: Walking Wake|protosynthesisspe\n|move|p1a: Heatran|Earth Power|p2a: Walking Wake\n|-damage|p2a: Walking Wake|36\/100\n|\n|-weather|SunnyDay|[upkeep]\n|upkeep\n|turn|21\n|\n|t:|1700095611\n|move|p2a: Walking Wake|Dragon Pulse|p1a: Heatran\n|-damage|p1a: Heatran|51\/100 par\n|move|p1a: Heatran|Tera Blast|p2a: Walking Wake|[anim] Tera Blast Grass\n|-supereffective|p2a: Walking Wake\n|-damage|p2a: Walking Wake|0 fnt\n|faint|p2a: Walking Wake\n|-end|p2a: Walking Wake|Protosynthesis|[silent]\n|\n|-weather|SunnyDay|[upkeep]\n|upkeep\n|-message|Rusl2 forfeited.\n|\n|win|Dragunoxx\n|raw|Dragunoxx's rating: 1304 &rarr; <strong>1330<\/strong><br \/>(+26 for winning)\n|raw|Rusl2's rating: 1408 &rarr; <strong>1382<\/strong><br \/>(-26 for losing)\n|l|\u2606Rusl2\n","uploadtime":1700095623,"views":7,"p1id":"dragunoxx","p2id":"rusl2","formatid":"gen9ou","rating":1330,"private":0,"password":""}