{"id":"gen9ou-1988532809","p1":"Lwkr","p2":"dragonmaster441","format":"[Gen 9] OU","log":"|j|\u2606Lwkr\n|j|\u2606dragonmaster441\n|t:|1699733113\n|gametype|singles\n|player|p1|Lwkr|lucas|1117\n|player|p2|dragonmaster441|bianca|1162\n|teamsize|p1|6\n|teamsize|p2|6\n|gen|9\n|tier|[Gen 9] OU\n|rated|\n|rule|Sleep Clause Mod: Limit one foe put to sleep\n|rule|Species Clause: Limit one of each Pok\u00e9mon\n|rule|OHKO Clause: OHKO moves are banned\n|rule|Evasion Items Clause: Evasion items are banned\n|rule|Evasion Moves Clause: Evasion moves are banned\n|rule|Endless Battle Clause: Forcing endless battles is banned\n|rule|HP Percentage Mod: HP is shown in percentages\n|clearpoke\n|poke|p1|Samurott-Hisui, F|\n|poke|p1|Cinderace, M|\n|poke|p1|Torterra, F|\n|poke|p1|Greninja-*, M|\n|poke|p1|Charizard, F|\n|poke|p1|Rillaboom, M|\n|poke|p2|Gholdengo|\n|poke|p2|Ogerpon-Cornerstone, F|\n|poke|p2|Walking Wake|\n|poke|p2|Garchomp, F|\n|poke|p2|Magnezone|\n|poke|p2|Iron Valiant|\n|teampreview\n|inactive|Battle timer is ON: inactive players will automatically lose when time's up. (requested by dragonmaster441)\n|c|\u2606dragonmaster441|hf\n|\n|t:|1699733123\n|start\n|switch|p1a: Samurott|Samurott-Hisui, F|100\/100\n|switch|p2a: Walking Wake|Walking Wake|100\/100\n|turn|1\n|c|\u2606Lwkr|u2\n|\n|t:|1699733128\n|move|p2a: Walking Wake|Dragon Pulse|p1a: Samurott\n|-damage|p1a: Samurott|55\/100\n|move|p1a: Samurott|Ceaseless Edge|p2a: Walking Wake\n|-damage|p2a: Walking Wake|55\/100\n|-sidestart|p2: dragonmaster441|Spikes\n|\n|upkeep\n|turn|2\n|\n|t:|1699733135\n|move|p2a: Walking Wake|Dragon Pulse|p1a: Samurott\n|-damage|p1a: Samurott|10\/100\n|move|p1a: Samurott|Knock Off|p2a: Walking Wake\n|-damage|p2a: Walking Wake|10\/100\n|-enditem|p2a: Walking Wake|Choice Scarf|[from] move: Knock Off|[of] p1a: Samurott\n|\n|upkeep\n|turn|3\n|\n|t:|1699733142\n|move|p2a: Walking Wake|Dragon Pulse|p1a: Samurott\n|-damage|p1a: Samurott|0 fnt\n|faint|p1a: Samurott\n|\n|upkeep\n|\n|t:|1699733146\n|switch|p1a: Torterra|Torterra, F|100\/100\n|turn|4\n|\n|t:|1699733149\n|move|p2a: Walking Wake|Draco Meteor|p1a: Torterra\n|-damage|p1a: Torterra|24\/100\n|-unboost|p2a: Walking Wake|spa|2\n|move|p1a: Torterra|Shell Smash|p1a: Torterra\n|-unboost|p1a: Torterra|def|1\n|-unboost|p1a: Torterra|spd|1\n|-boost|p1a: Torterra|atk|2\n|-boost|p1a: Torterra|spa|2\n|-boost|p1a: Torterra|spe|2\n|\n|upkeep\n|turn|5\n|\n|t:|1699733158\n|move|p1a: Torterra|Bullet Seed|p2a: Walking Wake\n|-damage|p2a: Walking Wake|0 fnt\n|faint|p2a: Walking Wake\n|-end|p2a: Walking Wake|Protosynthesis|[silent]\n|-hitcount|p2: Walking Wake|1\n|\n|upkeep\n|\n|t:|1699733166\n|switch|p2a: Iron Valiant|Iron Valiant|100\/100\n|-damage|p2a: Iron Valiant|88\/100|[from] Spikes\n|turn|6\n|\n|t:|1699733173\n|move|p2a: Iron Valiant|Moonblast|p1a: Torterra\n|-damage|p1a: Torterra|0 fnt\n|faint|p1a: Torterra\n|\n|upkeep\n|\n|t:|1699733178\n|switch|p1a: Cinderace|Cinderace, M|100\/100\n|turn|7\n|\n|t:|1699733181\n|-end|p2a: Iron Valiant|Quark Drive|[silent]\n|switch|p2a: Garchomp|Garchomp, F|100\/100\n|-damage|p2a: Garchomp|88\/100|[from] Spikes\n|move|p1a: Cinderace|Pyro Ball|p2a: Garchomp\n|-resisted|p2a: Garchomp\n|-damage|p2a: Garchomp|59\/100\n|\n|upkeep\n|turn|8\n|\n|t:|1699733192\n|switch|p1a: Greninja|Greninja, M|100\/100\n|move|p2a: Garchomp|Substitute|p2a: Garchomp\n|-start|p2a: Garchomp|Substitute\n|-damage|p2a: Garchomp|34\/100\n|\n|upkeep\n|turn|9\n|\n|t:|1699733196\n|move|p1a: Greninja|Ice Beam|p2a: Garchomp\n|-supereffective|p2a: Garchomp\n|-end|p2a: Garchomp|Substitute\n|move|p2a: Garchomp|Scale Shot|p1a: Greninja\n|-damage|p1a: Greninja|79\/100\n|-damage|p1a: Greninja|57\/100\n|-damage|p1a: Greninja|36\/100\n|-damage|p1a: Greninja|15\/100\n|-hitcount|p1a: Greninja|4\n|-unboost|p2a: Garchomp|def|1\n|-boost|p2a: Garchomp|spe|1\n|\n|upkeep\n|turn|10\n|\n|t:|1699733209\n|move|p2a: Garchomp|Earthquake|p1a: Greninja\n|-damage|p1a: Greninja|0 fnt\n|faint|p1a: Greninja\n|\n|upkeep\n|\n|t:|1699733212\n|switch|p1a: Charizard|Charizard, F|100\/100\n|turn|11\n|\n|t:|1699733217\n|move|p2a: Garchomp|Substitute|p2a: Garchomp\n|-start|p2a: Garchomp|Substitute\n|-damage|p2a: Garchomp|9\/100\n|move|p1a: Charizard|Dragon Pulse|p2a: Garchomp\n|-supereffective|p2a: Garchomp\n|-end|p2a: Garchomp|Substitute\n|\n|upkeep\n|turn|12\n|\n|t:|1699733221\n|move|p2a: Garchomp|Scale Shot|p1a: Charizard\n|-damage|p1a: Charizard|82\/100\n|-damage|p1a: Charizard|64\/100\n|-damage|p1a: Charizard|47\/100\n|-crit|p1a: Charizard\n|-damage|p1a: Charizard|21\/100\n|-hitcount|p1a: Charizard|4\n|-unboost|p2a: Garchomp|def|1\n|-boost|p2a: Garchomp|spe|1\n|move|p1a: Charizard|Dragon Pulse|p2a: Garchomp\n|-supereffective|p2a: Garchomp\n|-damage|p2a: Garchomp|0 fnt\n|faint|p2a: Garchomp\n|\n|upkeep\n|\n|t:|1699733236\n|switch|p2a: Ogerpon|Ogerpon-Cornerstone, F|100\/100\n|-damage|p2a: Ogerpon|88\/100|[from] Spikes\n|turn|13\n|\n|t:|1699733245\n|move|p2a: Ogerpon|Ivy Cudgel|p1a: Charizard\n|-supereffective|p1a: Charizard\n|-damage|p1a: Charizard|0 fnt\n|faint|p1a: Charizard\n|\n|upkeep\n|\n|t:|1699733249\n|switch|p1a: Rillaboom|Rillaboom, M|100\/100\n|-fieldstart|move: Grassy Terrain|[from] ability: Grassy Surge|[of] p1a: Rillaboom\n|turn|14\n|\n|t:|1699733255\n|move|p2a: Ogerpon|Knock Off|p1a: Rillaboom\n|-damage|p1a: Rillaboom|66\/100\n|-enditem|p1a: Rillaboom|Terrain Extender|[from] move: Knock Off|[of] p2a: Ogerpon\n|move|p1a: Rillaboom|Drum Beating|p2a: Ogerpon\n|-damage|p2a: Ogerpon|13\/100\n|-unboost|p2a: Ogerpon|spe|1\n|\n|-heal|p2a: Ogerpon|19\/100|[from] Grassy Terrain\n|-heal|p1a: Rillaboom|72\/100|[from] Grassy Terrain\n|upkeep\n|turn|15\n|inactive|Lwkr has 120 seconds left.\n|\n|t:|1699733289\n|switch|p2a: Magnezone|Magnezone|100\/100\n|-damage|p2a: Magnezone|88\/100|[from] Spikes\n|move|p1a: Rillaboom|Knock Off|p2a: Magnezone\n|-damage|p2a: Magnezone|54\/100\n|-enditem|p2a: Magnezone|Choice Specs|[from] move: Knock Off|[of] p1a: Rillaboom\n|\n|-heal|p1a: Rillaboom|78\/100|[from] Grassy Terrain\n|-heal|p2a: Magnezone|60\/100|[from] Grassy Terrain\n|upkeep\n|turn|16\n|\n|t:|1699733296\n|move|p1a: Rillaboom|Drain Punch|p2a: Magnezone\n|-supereffective|p2a: Magnezone\n|-damage|p2a: Magnezone|9\/100\n|-heal|p1a: Rillaboom|100\/100|[from] drain|[of] p2a: Magnezone\n|move|p2a: Magnezone|Flash Cannon|p1a: Rillaboom\n|-damage|p1a: Rillaboom|46\/100\n|\n|-heal|p1a: Rillaboom|52\/100|[from] Grassy Terrain\n|-heal|p2a: Magnezone|15\/100|[from] Grassy Terrain\n|upkeep\n|turn|17\n|\n|t:|1699733302\n|move|p1a: Rillaboom|Drain Punch|p2a: Magnezone\n|-supereffective|p2a: Magnezone\n|-damage|p2a: Magnezone|0 fnt\n|-heal|p1a: Rillaboom|59\/100|[from] drain|[of] p2a: Magnezone\n|faint|p2a: Magnezone\n|\n|-heal|p1a: Rillaboom|65\/100|[from] Grassy Terrain\n|upkeep\n|\n|t:|1699733308\n|switch|p2a: Gholdengo|Gholdengo|100\/100\n|-damage|p2a: Gholdengo|88\/100|[from] Spikes\n|turn|18\n|\n|t:|1699733315\n|move|p2a: Gholdengo|Shadow Ball|p1a: Rillaboom\n|-damage|p1a: Rillaboom|19\/100\n|move|p1a: Rillaboom|Knock Off|p2a: Gholdengo\n|-supereffective|p2a: Gholdengo\n|-damage|p2a: Gholdengo|8\/100\n|-enditem|p2a: Gholdengo|Salac Berry|[from] move: Knock Off|[of] p1a: Rillaboom\n|\n|-heal|p2a: Gholdengo|14\/100|[from] Grassy Terrain\n|-heal|p1a: Rillaboom|25\/100|[from] Grassy Terrain\n|upkeep\n|turn|19\n|\n|t:|1699733325\n|move|p2a: Gholdengo|Shadow Ball|p1a: Rillaboom\n|-damage|p1a: Rillaboom|0 fnt\n|faint|p1a: Rillaboom\n|\n|-heal|p2a: Gholdengo|20\/100|[from] Grassy Terrain\n|upkeep\n|\n|t:|1699733328\n|switch|p1a: Cinderace|Cinderace, M|100\/100\n|turn|20\n|\n|t:|1699733333\n|move|p1a: Cinderace|Pyro Ball|p2a: Gholdengo\n|-supereffective|p2a: Gholdengo\n|-damage|p2a: Gholdengo|0 fnt\n|faint|p2a: Gholdengo\n|\n|upkeep\n|\n|t:|1699733335\n|switch|p2a: Ogerpon|Ogerpon-Cornerstone, F|19\/100\n|-damage|p2a: Ogerpon|7\/100|[from] Spikes\n|turn|21\n|\n|t:|1699733341\n|move|p1a: Cinderace|Sucker Punch|p2a: Ogerpon\n|-start|p1a: Cinderace|typechange|Dark|[from] ability: Libero\n|-crit|p2a: Ogerpon\n|-damage|p2a: Ogerpon|0 fnt\n|faint|p2a: Ogerpon\n|\n|-fieldend|move: Grassy Terrain\n|upkeep\n|\n|t:|1699733343\n|switch|p2a: Iron Valiant|Iron Valiant|88\/100\n|-damage|p2a: Iron Valiant|76\/100|[from] Spikes\n|turn|22\n|\n|t:|1699733348\n|move|p2a: Iron Valiant|Close Combat|p1a: Cinderace\n|-supereffective|p1a: Cinderace\n|-damage|p1a: Cinderace|0 fnt\n|-unboost|p2a: Iron Valiant|def|1\n|-unboost|p2a: Iron Valiant|spd|1\n|faint|p1a: Cinderace\n|\n|win|dragonmaster441\n|raw|Lwkr's rating: 1117 &rarr; <strong>1095<\/strong><br \/>(-22 for losing)\n|raw|dragonmaster441's rating: 1162 &rarr; <strong>1184<\/strong><br \/>(+22 for winning)\n|c|\u2606dragonmaster441|gg\n","uploadtime":1699733354,"views":12,"p1id":"lwkr","p2id":"dragonmaster441","formatid":"gen9ou","rating":1095,"private":0,"password":""}