{"id":"gen9ou-1991484644","p1":"chudly","p2":"VanIsBadAtName","format":"[Gen 9] OU","log":"|j|\u2606chudly\n|j|\u203dVanIsBadAtName\n|t:|1700081199\n|gametype|singles\n|player|p1|chudly|alder|1083\n|player|p2|VanIsBadAtName|eusine|1125\n|teamsize|p1|6\n|teamsize|p2|6\n|gen|9\n|tier|[Gen 9] OU\n|rated|\n|rule|Sleep Clause Mod: Limit one foe put to sleep\n|rule|Species Clause: Limit one of each Pok\u00e9mon\n|rule|OHKO Clause: OHKO moves are banned\n|rule|Evasion Items Clause: Evasion items are banned\n|rule|Evasion Moves Clause: Evasion moves are banned\n|rule|Endless Battle Clause: Forcing endless battles is banned\n|rule|HP Percentage Mod: HP is shown in percentages\n|clearpoke\n|poke|p1|Scizor, M|\n|poke|p1|Landorus-Therian, M|\n|poke|p1|Greninja-*, M|\n|poke|p1|Enamorus-Therian, F|\n|poke|p1|Zapdos|\n|poke|p1|Rillaboom, M|\n|poke|p2|Meowscarada, F|\n|poke|p2|Kingambit, F|\n|poke|p2|Skeledirge, M|\n|poke|p2|Ninetales-Alola, M|\n|poke|p2|Great Tusk|\n|poke|p2|Samurott-Hisui, M|\n|teampreview\n|inactive|Battle timer is ON: inactive players will automatically lose when time's up. (requested by VanIsBadAtName)\n|\n|t:|1700081205\n|start\n|switch|p1a: Landorus|Landorus-Therian, M|100\/100\n|switch|p2a: Ninetales|Ninetales-Alola, M|100\/100\n|-weather|Snow|[from] ability: Snow Warning|[of] p2a: Ninetales\n|-ability|p1a: Landorus|Intimidate|boost\n|-unboost|p2a: Ninetales|atk|1\n|turn|1\n|\n|t:|1700081213\n|move|p2a: Ninetales|Aurora Veil|p2a: Ninetales\n|-sidestart|p2: VanIsBadAtName|move: Aurora Veil\n|move|p1a: Landorus|Stealth Rock|p2a: Ninetales\n|-sidestart|p2: VanIsBadAtName|move: Stealth Rock\n|\n|-weather|Snow|[upkeep]\n|upkeep\n|turn|2\n|\n|t:|1700081226\n|switch|p1a: Scizor|Scizor, M|100\/100\n|move|p2a: Ninetales|Freeze-Dry|p1a: Scizor\n|-resisted|p1a: Scizor\n|-damage|p1a: Scizor|89\/100\n|\n|-weather|Snow|[upkeep]\n|upkeep\n|turn|3\n|\n|t:|1700081245\n|switch|p2a: Great Tusk|Great Tusk|100\/100\n|move|p1a: Scizor|Trailblaze|p2a: Great Tusk\n|-supereffective|p2a: Great Tusk\n|-damage|p2a: Great Tusk|72\/100\n|-boost|p1a: Scizor|spe|1\n|-damage|p1a: Scizor|79\/100|[from] item: Life Orb\n|\n|-weather|Snow|[upkeep]\n|upkeep\n|turn|4\n|\n|t:|1700081255\n|switch|p1a: Zapdos|Zapdos|100\/100\n|move|p2a: Great Tusk|Rapid Spin|p1a: Zapdos\n|-damage|p1a: Zapdos|81\/100\n|-boost|p2a: Great Tusk|spe|1\n|-sideend|p2: VanIsBadAtName|Stealth Rock|[from] move: Rapid Spin|[of] p2a: Great Tusk\n|\n|-weather|Snow|[upkeep]\n|upkeep\n|turn|5\n|\n|t:|1700081264\n|move|p2a: Great Tusk|Knock Off|p1a: Zapdos\n|-damage|p1a: Zapdos|38\/100\n|-enditem|p1a: Zapdos|Heavy-Duty Boots|[from] move: Knock Off|[of] p2a: Great Tusk\n|move|p1a: Zapdos|Hurricane|p2a: Great Tusk\n|-supereffective|p2a: Great Tusk\n|-damage|p2a: Great Tusk|0 fnt\n|faint|p2a: Great Tusk\n|-end|p2a: Great Tusk|Protosynthesis|[silent]\n|\n|-weather|none\n|upkeep\n|\n|t:|1700081273\n|switch|p2a: Ninetales|Ninetales-Alola, M|100\/100\n|-weather|Snow|[from] ability: Snow Warning|[of] p2a: Ninetales\n|turn|6\n|\n|t:|1700081287\n|switch|p1a: Scizor|Scizor, M|79\/100\n|move|p2a: Ninetales|Freeze-Dry|p1a: Scizor\n|-resisted|p1a: Scizor\n|-damage|p1a: Scizor|66\/100\n|\n|-weather|Snow|[upkeep]\n|upkeep\n|turn|7\n|\n|t:|1700081295\n|-terastallize|p2a: Ninetales|Water\n|move|p1a: Scizor|Bullet Punch|p2a: Ninetales\n|-resisted|p2a: Ninetales\n|-damage|p2a: Ninetales|87\/100\n|-damage|p1a: Scizor|56\/100|[from] item: Life Orb\n|move|p2a: Ninetales|Moonblast|p1a: Scizor\n|-resisted|p1a: Scizor\n|-damage|p1a: Scizor|39\/100\n|-unboost|p1a: Scizor|spa|1\n|\n|-weather|Snow|[upkeep]\n|upkeep\n|turn|8\n|\n|t:|1700081317\n|move|p2a: Ninetales|Freeze-Dry|p1a: Scizor\n|-resisted|p1a: Scizor\n|-damage|p1a: Scizor|26\/100\n|move|p1a: Scizor|Trailblaze|p2a: Ninetales\n|-supereffective|p2a: Ninetales\n|-damage|p2a: Ninetales|38\/100\n|-boost|p1a: Scizor|spe|1\n|-damage|p1a: Scizor|17\/100|[from] item: Life Orb\n|\n|-weather|Snow|[upkeep]\n|-sideend|p2: VanIsBadAtName|move: Aurora Veil\n|upkeep\n|turn|9\n|\n|t:|1700081326\n|move|p2a: Ninetales|Aurora Veil|p2a: Ninetales\n|-sidestart|p2: VanIsBadAtName|move: Aurora Veil\n|move|p1a: Scizor|Trailblaze|p2a: Ninetales\n|-supereffective|p2a: Ninetales\n|-damage|p2a: Ninetales|0 fnt\n|-boost|p1a: Scizor|spe|1\n|faint|p2a: Ninetales\n|-damage|p1a: Scizor|7\/100|[from] item: Life Orb\n|\n|-weather|Snow|[upkeep]\n|upkeep\n|\n|t:|1700081335\n|switch|p2a: Skeledirge|Skeledirge, M|100\/100\n|turn|10\n|\n|t:|1700081338\n|move|p1a: Scizor|Knock Off|p2a: Skeledirge\n|-supereffective|p2a: Skeledirge\n|-damage|p2a: Skeledirge|62\/100\n|-enditem|p2a: Skeledirge|Life Orb|[from] move: Knock Off|[of] p1a: Scizor\n|-damage|p1a: Scizor|0 fnt|[from] item: Life Orb\n|faint|p1a: Scizor\n|move|p2a: Skeledirge|Will-O-Wisp|p1: Scizor|[notarget]\n|-fail|p2a: Skeledirge\n|\n|-weather|none\n|upkeep\n|\n|t:|1700081346\n|switch|p1a: Greninja|Greninja, M|100\/100\n|turn|11\n|\n|t:|1700081351\n|switch|p2a: Meowscarada|Meowscarada, F|100\/100\n|move|p1a: Greninja|Hydro Pump|p2a: Meowscarada|[miss]\n|-miss|p1a: Greninja|p2a: Meowscarada\n|\n|upkeep\n|turn|12\n|\n|t:|1700081365\n|switch|p1a: Landorus|Landorus-Therian, M|100\/100\n|-ability|p1a: Landorus|Intimidate|boost\n|-unboost|p2a: Meowscarada|atk|1\n|move|p2a: Meowscarada|U-turn|p1a: Landorus\n|-start|p2a: Meowscarada|typechange|Bug|[from] ability: Protean\n|-resisted|p1a: Landorus\n|-damage|p1a: Landorus|80\/100\n|\n|t:|1700081373\n|switch|p2a: Samurott|Samurott-Hisui, M|100\/100|[from] U-turn\n|\n|-heal|p1a: Landorus|87\/100|[from] item: Leftovers\n|upkeep\n|turn|13\n|\n|t:|1700081382\n|move|p2a: Samurott|Ceaseless Edge|p1a: Landorus\n|-damage|p1a: Landorus|33\/100\n|-sidestart|p1: chudly|Spikes\n|move|p1a: Landorus|Stealth Rock|p2a: Samurott\n|-sidestart|p2: VanIsBadAtName|move: Stealth Rock\n|\n|-heal|p1a: Landorus|39\/100|[from] item: Leftovers\n|upkeep\n|turn|14\n|\n|t:|1700081405\n|switch|p1a: Enamorus|Enamorus-Therian, F|100\/100\n|move|p2a: Samurott|Ceaseless Edge|p1a: Enamorus\n|-resisted|p1a: Enamorus\n|-damage|p1a: Enamorus|80\/100\n|-sidestart|p1: chudly|Spikes\n|\n|-heal|p1a: Enamorus|86\/100|[from] item: Leftovers\n|upkeep\n|turn|15\n|\n|t:|1700081418\n|switch|p2a: Meowscarada|Meowscarada, F|100\/100\n|-damage|p2a: Meowscarada|88\/100|[from] Stealth Rock\n|move|p1a: Enamorus|Draining Kiss|p2a: Meowscarada\n|-supereffective|p2a: Meowscarada\n|-damage|p2a: Meowscarada|40\/100\n|-heal|p1a: Enamorus|100\/100|[from] drain|[of] p2a: Meowscarada\n|\n|upkeep\n|turn|16\n|\n|t:|1700081427\n|move|p2a: Meowscarada|Flower Trick|p1a: Enamorus\n|-start|p2a: Meowscarada|typechange|Grass|[from] ability: Protean\n|-resisted|p1a: Enamorus\n|-crit|p1a: Enamorus\n|-damage|p1a: Enamorus|67\/100\n|move|p1a: Enamorus|Draining Kiss|p2a: Meowscarada\n|-damage|p2a: Meowscarada|18\/100\n|-heal|p1a: Enamorus|81\/100|[from] drain|[of] p2a: Meowscarada\n|\n|-heal|p1a: Enamorus|87\/100|[from] item: Leftovers\n|-sideend|p2: VanIsBadAtName|move: Aurora Veil\n|upkeep\n|turn|17\n|\n|t:|1700081440\n|switch|p2a: Skeledirge|Skeledirge, M|62\/100\n|-damage|p2a: Skeledirge|37\/100|[from] Stealth Rock\n|move|p1a: Enamorus|Draining Kiss|p2a: Skeledirge\n|-resisted|p2a: Skeledirge\n|-crit|p2a: Skeledirge\n|-damage|p2a: Skeledirge|19\/100\n|-heal|p1a: Enamorus|100\/100|[from] drain|[of] p2a: Skeledirge\n|\n|upkeep\n|turn|18\n|\n|t:|1700081449\n|move|p2a: Skeledirge|Slack Off|p2a: Skeledirge\n|-heal|p2a: Skeledirge|70\/100\n|move|p1a: Enamorus|Psychic|p2a: Skeledirge\n|-damage|p2a: Skeledirge|39\/100\n|\n|upkeep\n|turn|19\n|\n|t:|1700081463\n|switch|p1a: Rillaboom|Rillaboom, M|100\/100\n|-damage|p1a: Rillaboom|84\/100|[from] Spikes\n|-fieldstart|move: Grassy Terrain|[from] ability: Grassy Surge|[of] p1a: Rillaboom\n|move|p2a: Skeledirge|Slack Off|p2a: Skeledirge\n|-heal|p2a: Skeledirge|89\/100\n|\n|-heal|p1a: Rillaboom|90\/100|[from] Grassy Terrain\n|-heal|p2a: Skeledirge|95\/100|[from] Grassy Terrain\n|upkeep\n|turn|20\n|\n|t:|1700081492\n|move|p1a: Rillaboom|Knock Off|p2a: Skeledirge\n|-supereffective|p2a: Skeledirge\n|-damage|p2a: Skeledirge|52\/100\n|-damage|p1a: Rillaboom|80\/100|[from] item: Life Orb\n|move|p2a: Skeledirge|Will-O-Wisp|p1a: Rillaboom\n|-status|p1a: Rillaboom|brn\n|\n|-heal|p1a: Rillaboom|86\/100 brn|[from] Grassy Terrain\n|-heal|p2a: Skeledirge|58\/100|[from] Grassy Terrain\n|-damage|p1a: Rillaboom|80\/100 brn|[from] brn\n|upkeep\n|turn|21\n|\n|t:|1700081503\n|switch|p1a: Greninja|Greninja, M|100\/100\n|-damage|p1a: Greninja|84\/100|[from] Spikes\n|move|p2a: Skeledirge|Torch Song|p1a: Greninja\n|-resisted|p1a: Greninja\n|-damage|p1a: Greninja|62\/100\n|-boost|p2a: Skeledirge|spa|1\n|\n|-heal|p1a: Greninja|68\/100|[from] Grassy Terrain\n|-heal|p2a: Skeledirge|64\/100|[from] Grassy Terrain\n|upkeep\n|turn|22\n|\n|t:|1700081516\n|switch|p2a: Meowscarada|Meowscarada, F|18\/100\n|-damage|p2a: Meowscarada|5\/100|[from] Stealth Rock\n|move|p1a: Greninja|Dark Pulse|p2a: Meowscarada\n|-resisted|p2a: Meowscarada\n|-damage|p2a: Meowscarada|0 fnt\n|faint|p2a: Meowscarada\n|-ability|p1a: Greninja|Battle Bond|boost\n|-boost|p1a: Greninja|atk|1\n|-boost|p1a: Greninja|spa|1\n|-boost|p1a: Greninja|spe|1\n|-activate|p1a: Greninja|ability: Battle Bond\n|\n|-heal|p1a: Greninja|74\/100|[from] Grassy Terrain\n|upkeep\n|\n|t:|1700081527\n|switch|p2a: Samurott|Samurott-Hisui, M|100\/100\n|-damage|p2a: Samurott|88\/100|[from] Stealth Rock\n|turn|23\n|\n|t:|1700081541\n|switch|p1a: Landorus|Landorus-Therian, M|39\/100\n|-ability|p1a: Landorus|Intimidate|boost\n|-unboost|p2a: Samurott|atk|1\n|move|p2a: Samurott|Ceaseless Edge|p1a: Landorus\n|-damage|p1a: Landorus|2\/100\n|-sidestart|p1: chudly|Spikes\n|\n|-heal|p2a: Samurott|94\/100|[from] Grassy Terrain\n|-heal|p1a: Landorus|8\/100|[from] item: Leftovers\n|-fieldend|move: Grassy Terrain\n|upkeep\n|turn|24\n|\n|t:|1700081550\n|move|p2a: Samurott|Aqua Jet|p1a: Landorus\n|-supereffective|p1a: Landorus\n|-damage|p1a: Landorus|0 fnt\n|faint|p1a: Landorus\n|\n|upkeep\n|\n|t:|1700081553\n|switch|p1a: Zapdos|Zapdos|38\/100\n|turn|25\n|\n|t:|1700081557\n|move|p1a: Zapdos|Volt Switch|p2a: Samurott\n|-supereffective|p2a: Samurott\n|-damage|p2a: Samurott|0 fnt\n|faint|p2a: Samurott\n|\n|t:|1700081565\n|switch|p1a: Greninja|Greninja, M|74\/100|[from] Volt Switch\n|-damage|p1a: Greninja|49\/100|[from] Spikes\n|\n|upkeep\n|\n|t:|1700081574\n|switch|p2a: Kingambit|Kingambit, F, shiny|100\/100\n|-damage|p2a: Kingambit|94\/100|[from] Stealth Rock\n|-activate|p2a: Kingambit|ability: Supreme Overlord\n|-start|p2a: Kingambit|fallen4|[silent]\n|turn|26\n|\n|t:|1700081585\n|switch|p1a: Rillaboom|Rillaboom, M|80\/100 brn\n|-damage|p1a: Rillaboom|55\/100 brn|[from] Spikes\n|-fieldstart|move: Grassy Terrain|[from] ability: Grassy Surge|[of] p1a: Rillaboom\n|move|p2a: Kingambit|Brick Break|p1a: Rillaboom\n|-damage|p1a: Rillaboom|12\/100 brn\n|\n|-heal|p2a: Kingambit|100\/100|[from] Grassy Terrain\n|-heal|p1a: Rillaboom|18\/100 brn|[from] Grassy Terrain\n|-damage|p1a: Rillaboom|12\/100 brn|[from] brn\n|upkeep\n|turn|27\n|\n|t:|1700081596\n|-end|p2a: Kingambit|fallen4|[silent]\n|switch|p2a: Skeledirge|Skeledirge, M|64\/100\n|-damage|p2a: Skeledirge|39\/100|[from] Stealth Rock\n|move|p1a: Rillaboom|Grassy Glide|p2a: Skeledirge\n|-resisted|p2a: Skeledirge\n|-damage|p2a: Skeledirge|29\/100\n|-damage|p1a: Rillaboom|2\/100 brn|[from] item: Life Orb\n|\n|-heal|p1a: Rillaboom|8\/100 brn|[from] Grassy Terrain\n|-heal|p2a: Skeledirge|36\/100|[from] Grassy Terrain\n|-damage|p1a: Rillaboom|2\/100 brn|[from] brn\n|upkeep\n|turn|28\n|inactive|chudly has 120 seconds left.\n|\n|t:|1700081633\n|move|p1a: Rillaboom|Knock Off|p2a: Skeledirge\n|-supereffective|p2a: Skeledirge\n|-damage|p2a: Skeledirge|11\/100\n|-damage|p1a: Rillaboom|0 fnt|[from] item: Life Orb\n|faint|p1a: Rillaboom\n|move|p2a: Skeledirge|Slack Off|p2a: Skeledirge\n|-heal|p2a: Skeledirge|62\/100\n|\n|-heal|p2a: Skeledirge|68\/100|[from] Grassy Terrain\n|upkeep\n|\n|t:|1700081637\n|switch|p1a: Greninja|Greninja, M|49\/100\n|-damage|p1a: Greninja|24\/100|[from] Spikes\n|turn|29\n|inactive|VanIsBadAtName has 120 seconds left.\n|\n|t:|1700081669\n|switch|p2a: Kingambit|Kingambit, F, shiny|100\/100\n|-damage|p2a: Kingambit|94\/100|[from] Stealth Rock\n|-activate|p2a: Kingambit|ability: Supreme Overlord\n|-start|p2a: Kingambit|fallen4|[silent]\n|move|p1a: Greninja|Hydro Pump|p2a: Kingambit|[miss]\n|-miss|p1a: Greninja|p2a: Kingambit\n|\n|-heal|p1a: Greninja|30\/100|[from] Grassy Terrain\n|-heal|p2a: Kingambit|100\/100|[from] Grassy Terrain\n|upkeep\n|turn|30\n|c|\u2606chudly|love it\n|inactive|VanIsBadAtName has 120 seconds left.\n|\n|t:|1700081679\n|move|p1a: Greninja|Hydro Pump|p2a: Kingambit\n|-damage|p2a: Kingambit|35\/100\n|move|p2a: Kingambit|Brick Break|p1a: Greninja\n|-supereffective|p1a: Greninja\n|-damage|p1a: Greninja|0 fnt\n|faint|p1a: Greninja\n|\n|-heal|p2a: Kingambit|41\/100|[from] Grassy Terrain\n|-fieldend|move: Grassy Terrain\n|upkeep\n|\n|t:|1700081686\n|switch|p1a: Enamorus|Enamorus-Therian, F|100\/100\n|turn|31\n|\n|t:|1700081693\n|-end|p2a: Kingambit|fallen4|[silent]\n|switch|p2a: Skeledirge|Skeledirge, M|68\/100\n|-damage|p2a: Skeledirge|43\/100|[from] Stealth Rock\n|-terastallize|p1a: Enamorus|Steel\n|move|p1a: Enamorus|Draining Kiss|p2a: Skeledirge\n|-resisted|p2a: Skeledirge\n|-damage|p2a: Skeledirge|32\/100\n|\n|upkeep\n|turn|32\n|\n|t:|1700081701\n|switch|p1a: Zapdos|Zapdos|38\/100\n|move|p2a: Skeledirge|Slack Off|p2a: Skeledirge\n|-heal|p2a: Skeledirge|82\/100\n|\n|upkeep\n|turn|33\n|c|\u2606chudly|ur a fucking loser\n|l|\u2606chudly\n|inactive|chudly disconnected and has a minute to reconnect!\n|player|p1|\n|inactive|VanIsBadAtName has 120 seconds left.\n|inactive|VanIsBadAtName has 90 seconds left.\n|\n|t:|1700081763\n|move|p1a: Zapdos|Hurricane|p2a: Skeledirge|[miss]\n|-miss|p1a: Zapdos|p2a: Skeledirge\n|move|p2a: Skeledirge|Torch Song|p1a: Zapdos\n|-damage|p1a: Zapdos|1\/100\n|-boost|p2a: Skeledirge|spa|1\n|\n|upkeep\n|turn|34\n|inactive|VanIsBadAtName has 90 seconds left.\n|inactive|chudly has 30 seconds to reconnect!\n|inactive|chudly has 20 seconds to reconnect!\n|inactive|chudly has 15 seconds to reconnect!\n|inactive|chudly has 10 seconds to reconnect!\n|inactive|chudly has 5 seconds to reconnect!\n|-message|chudly lost due to inactivity.\n|\n|win|VanIsBadAtName\n|raw|chudly's rating: 1083 &rarr; <strong>1063<\/strong><br \/>(-20 for losing)\n|raw|VanIsBadAtName's rating: 1125 &rarr; <strong>1147<\/strong><br \/>(+22 for winning)\n","uploadtime":1700081825,"views":14,"p1id":"chudly","p2id":"vanisbadatname","formatid":"gen9ou","rating":1063,"private":0,"password":""}