{"id":"gen9ou-1991155647","p1":"spiripallo","p2":"EkCantDrawLol","format":"[Gen 9] OU","log":"|j|\u2606spiripallo\n|j|\u2606EkCantDrawLol\n|t:|1700051196\n|gametype|singles\n|player|p1|spiripallo|101|1147\n|player|p2|EkCantDrawLol|skierf|1107\n|teamsize|p1|6\n|teamsize|p2|6\n|gen|9\n|tier|[Gen 9] OU\n|rated|\n|rule|Sleep Clause Mod: Limit one foe put to sleep\n|rule|Species Clause: Limit one of each Pok\u00e9mon\n|rule|OHKO Clause: OHKO moves are banned\n|rule|Evasion Items Clause: Evasion items are banned\n|rule|Evasion Moves Clause: Evasion moves are banned\n|rule|Endless Battle Clause: Forcing endless battles is banned\n|rule|HP Percentage Mod: HP is shown in percentages\n|clearpoke\n|poke|p1|Toxapex, M|\n|poke|p1|Clefable, M|\n|poke|p1|Dragonite, M|\n|poke|p1|Jirachi|\n|poke|p1|Thundurus-Therian, M|\n|poke|p1|Dragapult, M|\n|poke|p2|Zamazenta-*|\n|poke|p2|Greninja-*, M|\n|poke|p2|Great Tusk|\n|poke|p2|Dragonite, F|\n|poke|p2|Iron Moth|\n|poke|p2|Gholdengo|\n|teampreview\n|inactive|Battle timer is ON: inactive players will automatically lose when time's up. (requested by spiripallo)\n|\n|t:|1700051225\n|start\n|switch|p1a: Dragonite|Dragonite, M|100\/100\n|switch|p2a: Great Tusk|Great Tusk, shiny|100\/100\n|turn|1\n|inactive|spiripallo has 120 seconds left.\n|\n|t:|1700051256\n|move|p1a: Dragonite|Dragon Dance|p1a: Dragonite\n|-boost|p1a: Dragonite|atk|1\n|-boost|p1a: Dragonite|spe|1\n|move|p2a: Great Tusk|Rapid Spin|p1a: Dragonite\n|-damage|p1a: Dragonite|91\/100\n|-boost|p2a: Great Tusk|spe|1\n|\n|-heal|p1a: Dragonite|97\/100|[from] item: Leftovers\n|upkeep\n|turn|2\n|\n|t:|1700051266\n|-terastallize|p1a: Dragonite|Poison\n|move|p1a: Dragonite|Dragon Dance|p1a: Dragonite\n|-boost|p1a: Dragonite|atk|1\n|-boost|p1a: Dragonite|spe|1\n|move|p2a: Great Tusk|Ice Spinner|p1a: Dragonite\n|-damage|p1a: Dragonite|68\/100\n|\n|-heal|p1a: Dragonite|74\/100|[from] item: Leftovers\n|upkeep\n|turn|3\n|\n|t:|1700051274\n|move|p1a: Dragonite|Earthquake|p2a: Great Tusk\n|-damage|p2a: Great Tusk|62\/100\n|move|p2a: Great Tusk|Earthquake|p1a: Dragonite\n|-supereffective|p1a: Dragonite\n|-damage|p1a: Dragonite|0 fnt\n|faint|p1a: Dragonite\n|\n|upkeep\n|\n|t:|1700051288\n|switch|p1a: Toxapex|Toxapex, M|100\/100\n|turn|4\n|\n|t:|1700051294\n|move|p2a: Great Tusk|Earthquake|p1a: Toxapex\n|-supereffective|p1a: Toxapex\n|-damage|p1a: Toxapex|37\/100\n|move|p1a: Toxapex|Surf|p2a: Great Tusk\n|-supereffective|p2a: Great Tusk\n|-damage|p2a: Great Tusk|32\/100\n|\n|-heal|p1a: Toxapex|43\/100|[from] item: Leftovers\n|upkeep\n|turn|5\n|\n|t:|1700051301\n|switch|p1a: Thundurus|Thundurus-Therian, M|100\/100\n|move|p2a: Great Tusk|Ice Spinner|p1a: Thundurus\n|-supereffective|p1a: Thundurus\n|-damage|p1a: Thundurus|9\/100\n|\n|upkeep\n|turn|6\n|\n|t:|1700051308\n|switch|p1a: Jirachi|Jirachi|100\/100\n|move|p2a: Great Tusk|Rapid Spin|p1a: Jirachi\n|-resisted|p1a: Jirachi\n|-damage|p1a: Jirachi|95\/100\n|-boost|p2a: Great Tusk|spe|1\n|\n|-heal|p1a: Jirachi|100\/100|[from] item: Leftovers\n|upkeep\n|turn|7\n|\n|t:|1700051317\n|move|p2a: Great Tusk|Earthquake|p1a: Jirachi\n|-supereffective|p1a: Jirachi\n|-damage|p1a: Jirachi|27\/100\n|move|p1a: Jirachi|Body Slam|p2a: Great Tusk\n|-damage|p2a: Great Tusk|20\/100\n|\n|-heal|p1a: Jirachi|33\/100|[from] item: Leftovers\n|upkeep\n|turn|8\n|\n|t:|1700051325\n|switch|p1a: Thundurus|Thundurus-Therian, M|9\/100\n|move|p2a: Great Tusk|Earthquake|p1a: Thundurus\n|-immune|p1a: Thundurus\n|\n|upkeep\n|turn|9\n|\n|t:|1700051332\n|switch|p1a: Toxapex|Toxapex, M|76\/100\n|move|p2a: Great Tusk|Rapid Spin|p1a: Toxapex\n|-damage|p1a: Toxapex|64\/100\n|-boost|p2a: Great Tusk|spe|1\n|\n|-heal|p1a: Toxapex|70\/100|[from] item: Leftovers\n|upkeep\n|turn|10\n|\n|t:|1700051340\n|move|p1a: Toxapex|Baneful Bunker|p1a: Toxapex\n|-singleturn|p1a: Toxapex|move: Protect\n|move|p2a: Great Tusk|Earthquake|p1a: Toxapex\n|-activate|p1a: Toxapex|move: Protect\n|\n|-heal|p1a: Toxapex|76\/100|[from] item: Leftovers\n|upkeep\n|turn|11\n|\n|t:|1700051346\n|switch|p1a: Thundurus|Thundurus-Therian, M|9\/100\n|move|p2a: Great Tusk|Earthquake|p1a: Thundurus\n|-immune|p1a: Thundurus\n|\n|upkeep\n|turn|12\n|\n|t:|1700051352\n|switch|p1a: Toxapex|Toxapex, M|100\/100\n|move|p2a: Great Tusk|Rapid Spin|p1a: Toxapex\n|-damage|p1a: Toxapex|88\/100\n|-boost|p2a: Great Tusk|spe|1\n|\n|-heal|p1a: Toxapex|95\/100|[from] item: Leftovers\n|upkeep\n|turn|13\n|\n|t:|1700051360\n|move|p2a: Great Tusk|Earthquake|p1a: Toxapex\n|-supereffective|p1a: Toxapex\n|-damage|p1a: Toxapex|25\/100\n|move|p1a: Toxapex|Surf|p2a: Great Tusk\n|-supereffective|p2a: Great Tusk\n|-damage|p2a: Great Tusk|0 fnt\n|faint|p2a: Great Tusk\n|-end|p2a: Great Tusk|Protosynthesis|[silent]\n|\n|-heal|p1a: Toxapex|32\/100|[from] item: Leftovers\n|upkeep\n|\n|t:|1700051370\n|switch|p2a: Dragonite|Dragonite, F, shiny|100\/100\n|turn|14\n|\n|t:|1700051378\n|move|p2a: Dragonite|Extreme Speed|p1a: Toxapex\n|-damage|p1a: Toxapex|3\/100\n|move|p1a: Toxapex|Toxic|p2a: Dragonite\n|-status|p2a: Dragonite|tox\n|\n|-heal|p1a: Toxapex|10\/100|[from] item: Leftovers\n|-damage|p2a: Dragonite|94\/100 tox|[from] psn\n|upkeep\n|turn|15\n|\n|t:|1700051389\n|switch|p2a: Iron Moth|Iron Moth, shiny|100\/100\n|move|p1a: Toxapex|Baneful Bunker||[still]\n|-fail|p1a: Toxapex\n|\n|-heal|p1a: Toxapex|16\/100|[from] item: Leftovers\n|upkeep\n|turn|16\n|\n|t:|1700051395\n|switch|p1a: Clefable|Clefable, M|100\/100\n|move|p2a: Iron Moth|Energy Ball|p1a: Clefable\n|-damage|p1a: Clefable|70\/100\n|-unboost|p1a: Clefable|spd|1\n|\n|-status|p1a: Clefable|brn|[from] item: Flame Orb\n|upkeep\n|turn|17\n|\n|t:|1700051404\n|switch|p1a: Toxapex|Toxapex, M|49\/100\n|move|p2a: Iron Moth|Energy Ball|p1a: Toxapex\n|-damage|p1a: Toxapex|21\/100\n|\n|-heal|p1a: Toxapex|27\/100|[from] item: Leftovers\n|upkeep\n|turn|18\n|\n|t:|1700051411\n|switch|p1a: Dragapult|Dragapult, M|100\/100\n|move|p2a: Iron Moth|Energy Ball|p1a: Dragapult\n|-resisted|p1a: Dragapult\n|-damage|p1a: Dragapult|81\/100\n|\n|-heal|p1a: Dragapult|87\/100|[from] item: Leftovers\n|upkeep\n|turn|19\n|\n|t:|1700051418\n|-end|p2a: Iron Moth|Quark Drive|[silent]\n|switch|p2a: Greninja|Greninja, M|100\/100\n|move|p1a: Dragapult|Hex|p2a: Greninja\n|-resisted|p2a: Greninja\n|-damage|p2a: Greninja|76\/100\n|\n|-heal|p1a: Dragapult|93\/100|[from] item: Leftovers\n|upkeep\n|turn|20\n|\n|t:|1700051427\n|switch|p1a: Thundurus|Thundurus-Therian, M|9\/100\n|move|p2a: Greninja|Dark Pulse|p1a: Thundurus\n|-start|p2a: Greninja|typechange|Dark|[from] ability: Protean\n|-damage|p1a: Thundurus|0 fnt\n|faint|p1a: Thundurus\n|\n|upkeep\n|\n|t:|1700051434\n|switch|p1a: Toxapex|Toxapex, M|60\/100\n|turn|21\n|\n|t:|1700051439\n|move|p1a: Toxapex|Baneful Bunker|p1a: Toxapex\n|-singleturn|p1a: Toxapex|move: Protect\n|move|p2a: Greninja|Spikes|p1a: Toxapex\n|-sidestart|p1: spiripallo|Spikes\n|\n|-heal|p1a: Toxapex|66\/100|[from] item: Leftovers\n|upkeep\n|turn|22\n|\n|t:|1700051445\n|move|p2a: Greninja|Dark Pulse|p1a: Toxapex\n|-damage|p1a: Toxapex|37\/100\n|cant|p1a: Toxapex|flinch\n|\n|-heal|p1a: Toxapex|43\/100|[from] item: Leftovers\n|upkeep\n|turn|23\n|\n|t:|1700051451\n|move|p2a: Greninja|Spikes|p1a: Toxapex\n|-sidestart|p1: spiripallo|Spikes\n|move|p1a: Toxapex|Toxic|p2a: Greninja\n|-status|p2a: Greninja|tox\n|\n|-heal|p1a: Toxapex|49\/100|[from] item: Leftovers\n|-damage|p2a: Greninja|70\/100 tox|[from] psn\n|upkeep\n|turn|24\n|\n|t:|1700051458\n|switch|p1a: Clefable|Clefable, M|70\/100 brn\n|move|p2a: Greninja|Spikes|p1a: Clefable\n|-sidestart|p1: spiripallo|Spikes\n|\n|-damage|p2a: Greninja|58\/100 tox|[from] psn\n|upkeep\n|turn|25\n|\n|t:|1700051464\n|move|p2a: Greninja|U-turn|p1a: Clefable\n|-resisted|p1a: Clefable\n|-damage|p1a: Clefable|62\/100 brn\n|\n|t:|1700051475\n|switch|p2a: Iron Moth|Iron Moth, shiny|100\/100|[from] U-turn\n|move|p1a: Clefable|Dazzling Gleam|p2a: Iron Moth\n|-resisted|p2a: Iron Moth\n|-damage|p2a: Iron Moth|91\/100\n|\n|upkeep\n|turn|26\n|\n|t:|1700051484\n|switch|p1a: Toxapex|Toxapex, M|82\/100\n|-damage|p1a: Toxapex|57\/100|[from] Spikes\n|move|p2a: Iron Moth|Sludge Wave|p1a: Toxapex\n|-resisted|p1a: Toxapex\n|-damage|p1a: Toxapex|34\/100\n|\n|-heal|p1a: Toxapex|40\/100|[from] item: Leftovers\n|upkeep\n|turn|27\n|\n|t:|1700051493\n|move|p2a: Iron Moth|Sludge Wave|p1a: Toxapex\n|-resisted|p1a: Toxapex\n|-damage|p1a: Toxapex|17\/100\n|move|p1a: Toxapex|Surf|p2a: Iron Moth\n|-supereffective|p2a: Iron Moth\n|-damage|p2a: Iron Moth|52\/100\n|\n|-heal|p1a: Toxapex|23\/100|[from] item: Leftovers\n|upkeep\n|turn|28\n|\n|t:|1700051500\n|switch|p1a: Dragapult|Dragapult, M|93\/100\n|-damage|p1a: Dragapult|68\/100|[from] Spikes\n|move|p2a: Iron Moth|Sludge Wave|p1a: Dragapult\n|-resisted|p1a: Dragapult\n|-damage|p1a: Dragapult|40\/100\n|\n|-heal|p1a: Dragapult|46\/100|[from] item: Leftovers\n|upkeep\n|turn|29\n|\n|t:|1700051510\n|move|p2a: Iron Moth|Sludge Wave|p1a: Dragapult\n|-resisted|p1a: Dragapult\n|-damage|p1a: Dragapult|15\/100\n|move|p1a: Dragapult|Draco Meteor|p2a: Iron Moth\n|-damage|p2a: Iron Moth|0 fnt\n|-unboost|p1a: Dragapult|spa|2\n|faint|p2a: Iron Moth\n|-end|p2a: Iron Moth|Quark Drive|[silent]\n|\n|-heal|p1a: Dragapult|22\/100|[from] item: Leftovers\n|upkeep\n|\n|t:|1700051517\n|switch|p2a: Zamazenta|Zamazenta, shiny|100\/100\n|-ability|p2a: Zamazenta|Dauntless Shield|boost\n|-boost|p2a: Zamazenta|def|1\n|turn|30\n|\n|t:|1700051522\n|move|p2a: Zamazenta|Trailblaze|p1a: Dragapult\n|-resisted|p1a: Dragapult\n|-damage|p1a: Dragapult|12\/100\n|-boost|p2a: Zamazenta|spe|1\n|move|p1a: Dragapult|Will-O-Wisp|p2a: Zamazenta\n|-status|p2a: Zamazenta|brn\n|\n|-heal|p1a: Dragapult|18\/100|[from] item: Leftovers\n|-damage|p2a: Zamazenta|94\/100 brn|[from] brn\n|upkeep\n|turn|31\n|\n|t:|1700051533\n|move|p2a: Zamazenta|Trailblaze|p1a: Dragapult\n|-resisted|p1a: Dragapult\n|-damage|p1a: Dragapult|13\/100\n|-boost|p2a: Zamazenta|spe|1\n|move|p1a: Dragapult|Hex|p2a: Zamazenta\n|-damage|p2a: Zamazenta|75\/100 brn\n|\n|-heal|p1a: Dragapult|19\/100|[from] item: Leftovers\n|-damage|p2a: Zamazenta|69\/100 brn|[from] brn\n|upkeep\n|turn|32\n|\n|t:|1700051545\n|move|p2a: Zamazenta|Psychic Fangs|p1a: Dragapult\n|-damage|p1a: Dragapult|4\/100\n|move|p1a: Dragapult|Hex|p2a: Zamazenta\n|-damage|p2a: Zamazenta|49\/100 brn\n|\n|-heal|p1a: Dragapult|10\/100|[from] item: Leftovers\n|-damage|p2a: Zamazenta|43\/100 brn|[from] brn\n|upkeep\n|turn|33\n|\n|t:|1700051554\n|move|p2a: Zamazenta|Play Rough|p1a: Dragapult\n|-supereffective|p1a: Dragapult\n|-damage|p1a: Dragapult|0 fnt\n|faint|p1a: Dragapult\n|\n|-damage|p2a: Zamazenta|36\/100 brn|[from] brn\n|upkeep\n|\n|t:|1700051560\n|switch|p1a: Clefable|Clefable, M|62\/100 brn\n|turn|34\n|\n|t:|1700051567\n|move|p2a: Zamazenta|Play Rough|p1a: Clefable\n|-damage|p1a: Clefable|46\/100 brn\n|move|p1a: Clefable|Dazzling Gleam|p2a: Zamazenta\n|-supereffective|p2a: Zamazenta\n|-damage|p2a: Zamazenta|0 fnt\n|faint|p2a: Zamazenta\n|\n|upkeep\n|\n|t:|1700051572\n|switch|p2a: Gholdengo|Gholdengo|100\/100\n|turn|35\n|\n|t:|1700051577\n|move|p2a: Gholdengo|Hex|p1a: Clefable\n|-damage|p1a: Clefable|0 fnt\n|faint|p1a: Clefable\n|\n|upkeep\n|\n|t:|1700051582\n|switch|p1a: Toxapex|Toxapex, M|56\/100\n|-damage|p1a: Toxapex|31\/100|[from] Spikes\n|turn|36\n|\n|t:|1700051588\n|move|p2a: Gholdengo|Thunder Wave|p1a: Toxapex|[miss]\n|-miss|p2a: Gholdengo|p1a: Toxapex\n|move|p1a: Toxapex|Surf|p2a: Gholdengo\n|-damage|p2a: Gholdengo|82\/100\n|\n|-heal|p2a: Gholdengo|88\/100|[from] item: Leftovers\n|-heal|p1a: Toxapex|37\/100|[from] item: Leftovers\n|upkeep\n|turn|37\n|-message|spiripallo forfeited.\n|\n|win|EkCantDrawLol\n|raw|spiripallo's rating: 1147 &rarr; <strong>1119<\/strong><br \/>(-28 for losing)\n|raw|EkCantDrawLol's rating: 1107 &rarr; <strong>1135<\/strong><br \/>(+28 for winning)\n|l|\u2606spiripallo\n","uploadtime":1700051880,"views":7,"p1id":"spiripallo","p2id":"ekcantdrawlol","formatid":"gen9ou","rating":1119,"private":0,"password":""}