{"id":"gen9ou-1989016209","p1":"vivitheblackmage","p2":"MilanJG","format":"[Gen 9] OU","log":"|j|\u2606vivitheblackmage\n|j|\u2606MilanJG\n|t:|1699802546\n|gametype|singles\n|player|p1|vivitheblackmage|101|1178\n|player|p2|MilanJG|chuck|1184\n|teamsize|p1|6\n|teamsize|p2|6\n|gen|9\n|tier|[Gen 9] OU\n|rated|\n|rule|Sleep Clause Mod: Limit one foe put to sleep\n|rule|Species Clause: Limit one of each Pok\u00e9mon\n|rule|OHKO Clause: OHKO moves are banned\n|rule|Evasion Items Clause: Evasion items are banned\n|rule|Evasion Moves Clause: Evasion moves are banned\n|rule|Endless Battle Clause: Forcing endless battles is banned\n|rule|HP Percentage Mod: HP is shown in percentages\n|clearpoke\n|poke|p1|Ceruledge, M|\n|poke|p1|Rillaboom, M|\n|poke|p1|Ogerpon-Cornerstone, F|\n|poke|p1|Sneasler, F|\n|poke|p1|Iron Treads|\n|poke|p1|Electrode-Hisui|\n|poke|p2|Samurott-Hisui, M|\n|poke|p2|Dragonite, F|\n|poke|p2|Iron Valiant|\n|poke|p2|Manaphy|\n|poke|p2|Amoonguss, M|\n|poke|p2|Cinderace, F|\n|teampreview\n|inactive|Battle timer is ON: inactive players will automatically lose when time's up. (requested by vivitheblackmage)\n|\n|t:|1699802551\n|start\n|switch|p1a: Rillaboom|Rillaboom, M|100\/100\n|switch|p2a: Cinderace|Cinderace, F|100\/100\n|-fieldstart|move: Grassy Terrain|[from] ability: Grassy Surge|[of] p1a: Rillaboom\n|turn|1\n|\n|t:|1699802562\n|switch|p1a: Ceruledge|Ceruledge, M|100\/100\n|move|p2a: Cinderace|U-turn|p1a: Ceruledge\n|-start|p2a: Cinderace|typechange|Bug|[from] ability: Libero\n|-resisted|p1a: Ceruledge\n|-damage|p1a: Ceruledge|91\/100\n|\n|t:|1699802569\n|switch|p2a: Samurott|Samurott-Hisui, M|100\/100|[from] U-turn\n|\n|-heal|p1a: Ceruledge|98\/100|[from] Grassy Terrain\n|upkeep\n|turn|2\n|\n|t:|1699802587\n|switch|p1a: Aloha Snackbar|Electrode-Hisui, shiny|100\/100\n|move|p2a: Samurott|Ceaseless Edge|p1a: Aloha Snackbar\n|-damage|p1a: Aloha Snackbar|58\/100\n|-sidestart|p1: vivitheblackmage|Spikes\n|\n|-heal|p1a: Aloha Snackbar|64\/100|[from] Grassy Terrain\n|upkeep\n|turn|3\n|\n|t:|1699802595\n|switch|p2a: Amoonguss|Amoonguss, M|100\/100\n|move|p1a: Aloha Snackbar|Volt Switch|p2a: Amoonguss\n|-resisted|p2a: Amoonguss\n|-damage|p2a: Amoonguss|85\/100\n|\n|t:|1699802607\n|switch|p1a: Iron Treads|Iron Treads|100\/100|[from] Volt Switch\n|-damage|p1a: Iron Treads|88\/100|[from] Spikes\n|\n|-heal|p1a: Iron Treads|94\/100|[from] Grassy Terrain\n|-heal|p1a: Iron Treads|100\/100|[from] item: Leftovers\n|-heal|p2a: Amoonguss|91\/100|[from] Grassy Terrain\n|-heal|p2a: Amoonguss|97\/100|[from] item: Leftovers\n|upkeep\n|turn|4\n|\n|t:|1699802617\n|move|p1a: Iron Treads|Rapid Spin|p2a: Amoonguss\n|-damage|p2a: Amoonguss|87\/100\n|-boost|p1a: Iron Treads|spe|1\n|-sideend|p1: vivitheblackmage|Spikes|[from] move: Rapid Spin|[of] p1a: Iron Treads\n|move|p2a: Amoonguss|Spore|p1a: Iron Treads\n|-status|p1a: Iron Treads|slp|[from] move: Spore\n|\n|-heal|p2a: Amoonguss|93\/100|[from] Grassy Terrain\n|-heal|p2a: Amoonguss|99\/100|[from] item: Leftovers\n|upkeep\n|turn|5\n|\n|t:|1699802642\n|-end|p1a: Iron Treads|Quark Drive|[silent]\n|switch|p1a: Ogerpon|Ogerpon-Cornerstone, F|100\/100\n|switch|p2a: Cinderace|Cinderace, F|100\/100\n|\n|upkeep\n|turn|6\n|\n|t:|1699802653\n|switch|p1a: Ceruledge|Ceruledge, M|98\/100\n|move|p2a: Cinderace|High Jump Kick|p1a: Ceruledge\n|-start|p2a: Cinderace|typechange|Fighting|[from] ability: Libero\n|-immune|p1a: Ceruledge\n|-damage|p2a: Cinderace|51\/100|[from] highjumpkick\n|\n|-heal|p2a: Cinderace|57\/100|[from] Grassy Terrain\n|-heal|p1a: Ceruledge|100\/100|[from] Grassy Terrain\n|upkeep\n|turn|7\n|\n|t:|1699802664\n|move|p2a: Cinderace|U-turn|p1a: Ceruledge\n|-resisted|p1a: Ceruledge\n|-damage|p1a: Ceruledge|93\/100\n|\n|t:|1699802667\n|switch|p2a: Samurott|Samurott-Hisui, M|100\/100|[from] U-turn\n|move|p1a: Ceruledge|Taunt|p2a: Samurott\n|-start|p2a: Samurott|move: Taunt\n|\n|-heal|p1a: Ceruledge|99\/100|[from] Grassy Terrain\n|upkeep\n|turn|8\n|\n|t:|1699802678\n|switch|p1a: Aloha Snackbar|Electrode-Hisui, shiny|64\/100\n|move|p2a: Samurott|Ceaseless Edge|p1a: Aloha Snackbar\n|-damage|p1a: Aloha Snackbar|21\/100\n|-sidestart|p1: vivitheblackmage|Spikes\n|\n|-heal|p1a: Aloha Snackbar|27\/100|[from] Grassy Terrain\n|-fieldend|move: Grassy Terrain\n|upkeep\n|turn|9\n|\n|t:|1699802687\n|switch|p2a: Amoonguss|Amoonguss, M|100\/100\n|-terastallize|p1a: Aloha Snackbar|Ice\n|move|p1a: Aloha Snackbar|Tera Blast|p2a: Amoonguss|[anim] Tera Blast Ice\n|-supereffective|p2a: Amoonguss\n|-damage|p2a: Amoonguss|25\/100\n|\n|-heal|p2a: Amoonguss|32\/100|[from] item: Leftovers\n|upkeep\n|turn|10\n|\n|t:|1699802703\n|move|p1a: Aloha Snackbar|Tera Blast|p2a: Amoonguss|[anim] Tera Blast Ice\n|-supereffective|p2a: Amoonguss\n|-damage|p2a: Amoonguss|0 fnt\n|faint|p2a: Amoonguss\n|\n|upkeep\n|\n|t:|1699802711\n|switch|p2a: Dragonite|Dragonite, F|100\/100\n|turn|11\n|\n|t:|1699802734\n|switch|p1a: Rillaboom|Rillaboom, M|100\/100\n|-damage|p1a: Rillaboom|88\/100|[from] Spikes\n|-fieldstart|move: Grassy Terrain|[from] ability: Grassy Surge|[of] p1a: Rillaboom\n|move|p2a: Dragonite|Extreme Speed|p1a: Rillaboom\n|-damage|p1a: Rillaboom|55\/100\n|\n|-heal|p1a: Rillaboom|61\/100|[from] Grassy Terrain\n|upkeep\n|turn|12\n|inactive|vivitheblackmage has 120 seconds left.\n|\n|t:|1699802754\n|move|p1a: Rillaboom|U-turn|p2a: Dragonite\n|-resisted|p2a: Dragonite\n|-damage|p2a: Dragonite|95\/100\n|inactive|vivitheblackmage has 120 seconds left.\n|\n|t:|1699802765\n|switch|p1a: Ogerpon|Ogerpon-Cornerstone, F|100\/100|[from] U-turn\n|-damage|p1a: Ogerpon|88\/100|[from] Spikes\n|move|p2a: Dragonite|Dragon Dance|p2a: Dragonite\n|-boost|p2a: Dragonite|atk|1\n|-boost|p2a: Dragonite|spe|1\n|\n|-heal|p1a: Ogerpon|94\/100|[from] Grassy Terrain\n|upkeep\n|turn|13\n|inactive|vivitheblackmage has 120 seconds left.\n|\n|t:|1699802775\n|move|p1a: Ogerpon|Ivy Cudgel|p2a: Dragonite\n|-supereffective|p2a: Dragonite\n|-damage|p2a: Dragonite|0 fnt\n|faint|p2a: Dragonite\n|\n|-heal|p1a: Ogerpon|99\/100|[from] Grassy Terrain\n|upkeep\n|\n|t:|1699802780\n|switch|p2a: Cinderace|Cinderace, F|57\/100\n|turn|14\n|\n|t:|1699802786\n|switch|p1a: Ceruledge|Ceruledge, M|99\/100\n|move|p2a: Cinderace|U-turn|p1a: Ceruledge\n|-start|p2a: Cinderace|typechange|Bug|[from] ability: Libero\n|-resisted|p1a: Ceruledge\n|-damage|p1a: Ceruledge|90\/100\n|\n|t:|1699802792\n|switch|p2a: Samurott|Samurott-Hisui, M|100\/100|[from] U-turn\n|\n|-heal|p1a: Ceruledge|97\/100|[from] Grassy Terrain\n|upkeep\n|turn|15\n|\n|t:|1699802811\n|switch|p1a: Rillaboom|Rillaboom, M|61\/100\n|-damage|p1a: Rillaboom|49\/100|[from] Spikes\n|move|p2a: Samurott|Ceaseless Edge|p1a: Rillaboom\n|-damage|p1a: Rillaboom|22\/100\n|-sidestart|p1: vivitheblackmage|Spikes\n|\n|-heal|p1a: Rillaboom|28\/100|[from] Grassy Terrain\n|upkeep\n|turn|16\n|\n|t:|1699802824\n|switch|p2a: Cinderace|Cinderace, F|57\/100\n|move|p1a: Rillaboom|Grassy Glide|p2a: Cinderace\n|-resisted|p2a: Cinderace\n|-damage|p2a: Cinderace|33\/100\n|\n|-heal|p2a: Cinderace|39\/100|[from] Grassy Terrain\n|-heal|p1a: Rillaboom|34\/100|[from] Grassy Terrain\n|upkeep\n|turn|17\n|\n|t:|1699802833\n|switch|p1a: Ceruledge|Ceruledge, M|97\/100\n|move|p2a: Cinderace|U-turn|p1a: Ceruledge\n|-start|p2a: Cinderace|typechange|Bug|[from] ability: Libero\n|-resisted|p1a: Ceruledge\n|-damage|p1a: Ceruledge|86\/100\n|\n|t:|1699802839\n|switch|p2a: Samurott|Samurott-Hisui, M|100\/100|[from] U-turn\n|\n|-heal|p1a: Ceruledge|93\/100|[from] Grassy Terrain\n|upkeep\n|turn|18\n|inactive|vivitheblackmage has 120 seconds left.\n|\n|t:|1699802887\n|switch|p1a: Iron Treads|Iron Treads|100\/100 slp\n|-damage|p1a: Iron Treads|84\/100 slp|[from] Spikes\n|move|p2a: Samurott|Knock Off|p1a: Iron Treads\n|-damage|p1a: Iron Treads|56\/100 slp\n|-enditem|p1a: Iron Treads|Leftovers|[from] move: Knock Off|[of] p2a: Samurott\n|\n|-heal|p1a: Iron Treads|62\/100 slp|[from] Grassy Terrain\n|-fieldend|move: Grassy Terrain\n|upkeep\n|turn|19\n|\n|t:|1699802911\n|switch|p2a: Manaphy|Manaphy|100\/100\n|cant|p1a: Iron Treads|slp\n|\n|upkeep\n|turn|20\n|\n|t:|1699802923\n|-end|p1a: Iron Treads|Quark Drive|[silent]\n|switch|p1a: Aloha Snackbar|Electrode-Hisui, shiny, tera:Ice|27\/100\n|-damage|p1a: Aloha Snackbar|10\/100|[from] Spikes\n|move|p2a: Manaphy|Scald|p1a: Aloha Snackbar\n|-damage|p1a: Aloha Snackbar|0 fnt\n|faint|p1a: Aloha Snackbar\n|\n|upkeep\n|\n|t:|1699802928\n|switch|p1a: Rillaboom|Rillaboom, M|34\/100\n|-damage|p1a: Rillaboom|18\/100|[from] Spikes\n|-fieldstart|move: Grassy Terrain|[from] ability: Grassy Surge|[of] p1a: Rillaboom\n|turn|21\n|\n|t:|1699802934\n|switch|p2a: Cinderace|Cinderace, F|39\/100\n|move|p1a: Rillaboom|Grassy Glide|p2a: Cinderace\n|-resisted|p2a: Cinderace\n|-damage|p2a: Cinderace|15\/100\n|\n|-heal|p2a: Cinderace|21\/100|[from] Grassy Terrain\n|-heal|p1a: Rillaboom|24\/100|[from] Grassy Terrain\n|upkeep\n|turn|22\n|\n|t:|1699802943\n|move|p1a: Rillaboom|Grassy Glide|p2a: Cinderace\n|-resisted|p2a: Cinderace\n|-damage|p2a: Cinderace|0 fnt\n|faint|p2a: Cinderace\n|\n|-heal|p1a: Rillaboom|30\/100|[from] Grassy Terrain\n|upkeep\n|\n|t:|1699802949\n|switch|p2a: Iron Valiant|Iron Valiant|100\/100\n|turn|23\n|inactive|vivitheblackmage has 120 seconds left.\n|\n|t:|1699802963\n|switch|p1a: Ceruledge|Ceruledge, M|93\/100\n|move|p2a: Iron Valiant|Spirit Break|p1a: Ceruledge\n|-resisted|p1a: Ceruledge\n|-damage|p1a: Ceruledge|56\/100\n|-unboost|p1a: Ceruledge|spa|1\n|\n|-heal|p1a: Ceruledge|62\/100|[from] Grassy Terrain\n|upkeep\n|turn|24\n|inactive|vivitheblackmage has 120 seconds left.\n|\n|t:|1699802972\n|move|p2a: Iron Valiant|Spirit Break|p1a: Ceruledge\n|-resisted|p1a: Ceruledge\n|-damage|p1a: Ceruledge|28\/100\n|-unboost|p1a: Ceruledge|spa|1\n|move|p1a: Ceruledge|Bitter Blade|p2a: Iron Valiant\n|-damage|p2a: Iron Valiant|49\/100\n|-heal|p1a: Ceruledge|49\/100|[from] drain|[of] p2a: Iron Valiant\n|\n|-heal|p2a: Iron Valiant|56\/100|[from] Grassy Terrain\n|-heal|p1a: Ceruledge|55\/100|[from] Grassy Terrain\n|upkeep\n|turn|25\n|inactive|vivitheblackmage has 120 seconds left.\n|\n|t:|1699802984\n|-end|p2a: Iron Valiant|Quark Drive|[silent]\n|switch|p2a: Samurott|Samurott-Hisui, M|100\/100\n|move|p1a: Ceruledge|Bitter Blade|p2a: Samurott\n|-resisted|p2a: Samurott\n|-damage|p2a: Samurott|82\/100\n|-heal|p1a: Ceruledge|65\/100|[from] drain|[of] p2a: Samurott\n|\n|-heal|p1a: Ceruledge|71\/100|[from] Grassy Terrain\n|-heal|p2a: Samurott|88\/100|[from] Grassy Terrain\n|-heal|p2a: Samurott|95\/100|[from] item: Leftovers\n|upkeep\n|turn|26\n|\n|t:|1699802995\n|switch|p1a: Iron Treads|Iron Treads|62\/100 slp\n|-damage|p1a: Iron Treads|45\/100 slp|[from] Spikes\n|move|p2a: Samurott|Ceaseless Edge|p1a: Iron Treads\n|-damage|p1a: Iron Treads|24\/100 slp\n|-sidestart|p1: vivitheblackmage|Spikes\n|\n|-heal|p1a: Iron Treads|30\/100 slp|[from] Grassy Terrain\n|-heal|p2a: Samurott|100\/100|[from] Grassy Terrain\n|upkeep\n|turn|27\n|\n|t:|1699803005\n|cant|p1a: Iron Treads|slp\n|move|p2a: Samurott|Knock Off|p1a: Iron Treads\n|-damage|p1a: Iron Treads|11\/100 slp\n|\n|-heal|p1a: Iron Treads|17\/100 slp|[from] Grassy Terrain\n|upkeep\n|turn|28\n|\n|t:|1699803011\n|-curestatus|p1a: Iron Treads|slp|[msg]\n|move|p1a: Iron Treads|Rapid Spin|p2a: Samurott\n|-crit|p2a: Samurott\n|-damage|p2a: Samurott|83\/100\n|-boost|p1a: Iron Treads|spe|1\n|-sideend|p1: vivitheblackmage|Spikes|[from] move: Rapid Spin|[of] p1a: Iron Treads\n|move|p2a: Samurott|Ceaseless Edge|p1a: Iron Treads|[miss]\n|-miss|p2a: Samurott|p1a: Iron Treads\n|\n|-heal|p1a: Iron Treads|24\/100|[from] Grassy Terrain\n|-heal|p2a: Samurott|89\/100|[from] Grassy Terrain\n|-heal|p2a: Samurott|95\/100|[from] item: Leftovers\n|-fieldend|move: Grassy Terrain\n|upkeep\n|turn|29\n|\n|t:|1699803031\n|move|p1a: Iron Treads|Knock Off|p2a: Samurott\n|-resisted|p2a: Samurott\n|-damage|p2a: Samurott|83\/100\n|-enditem|p2a: Samurott|Leftovers|[from] move: Knock Off|[of] p1a: Iron Treads\n|move|p2a: Samurott|Ceaseless Edge|p1a: Iron Treads\n|-damage|p1a: Iron Treads|5\/100\n|-sidestart|p1: vivitheblackmage|Spikes\n|\n|upkeep\n|turn|30\n|\n|t:|1699803038\n|move|p1a: Iron Treads|Rapid Spin|p2a: Samurott\n|-damage|p2a: Samurott|72\/100\n|-boost|p1a: Iron Treads|spe|1\n|-sideend|p1: vivitheblackmage|Spikes|[from] move: Rapid Spin|[of] p1a: Iron Treads\n|move|p2a: Samurott|Ceaseless Edge|p1a: Iron Treads|[miss]\n|-miss|p2a: Samurott|p1a: Iron Treads\n|\n|upkeep\n|turn|31\n|-message|MilanJG forfeited.\n|\n|win|vivitheblackmage\n|raw|vivitheblackmage's rating: 1178 &rarr; <strong>1203<\/strong><br \/>(+25 for winning)\n|raw|MilanJG's rating: 1184 &rarr; <strong>1159<\/strong><br \/>(-25 for losing)\n|l|\u2606MilanJG\n","uploadtime":1699803047,"views":9,"p1id":"vivitheblackmage","p2id":"milanjg","formatid":"gen9ou","rating":1159,"private":0,"password":""}