{"id":"gen9ou-1992532252","p1":"Xeno504","p2":"Charmalane","format":"[Gen 9] OU","log":"|j|\u2606Xeno504\n|j|\u2606Charmalane\n|t:|1700200750\n|gametype|singles\n|player|p1|Xeno504|skyla|1454\n|player|p2|Charmalane|brawly|1553\n|teamsize|p1|6\n|teamsize|p2|6\n|gen|9\n|tier|[Gen 9] OU\n|rated|\n|rule|Sleep Clause Mod: Limit one foe put to sleep\n|rule|Species Clause: Limit one of each Pok\u00e9mon\n|rule|OHKO Clause: OHKO moves are banned\n|rule|Evasion Items Clause: Evasion items are banned\n|rule|Evasion Moves Clause: Evasion moves are banned\n|rule|Endless Battle Clause: Forcing endless battles is banned\n|rule|HP Percentage Mod: HP is shown in percentages\n|clearpoke\n|poke|p1|Skeledirge, F|\n|poke|p1|Alomomola, F|\n|poke|p1|Ting-Lu|\n|poke|p1|Zapdos|\n|poke|p1|Hoopa-Unbound|\n|poke|p1|Dragapult, F|\n|poke|p2|Dragapult, M|\n|poke|p2|Dragonite, M|\n|poke|p2|Ursaluna, M|\n|poke|p2|Alomomola, F|\n|poke|p2|Slowking-Galar, M|\n|poke|p2|Great Tusk|\n|teampreview\n|\n|t:|1700200789\n|start\n|switch|p1a: Hoopa|Hoopa-Unbound|100\/100\n|switch|p2a: Diplo|Dragapult, M|100\/100\n|turn|1\n|\n|t:|1700200806\n|move|p2a: Diplo|U-turn|p1a: Hoopa\n|-supereffective|p1a: Hoopa\n|-damage|p1a: Hoopa|28\/100\n|\n|t:|1700200828\n|switch|p2a: Jade|Dragonite, M, shiny|100\/100|[from] U-turn\n|move|p1a: Hoopa|Nasty Plot|p1a: Hoopa\n|-boost|p1a: Hoopa|spa|2\n|\n|upkeep\n|turn|2\n|\n|t:|1700200846\n|switch|p1a: Skeledirge|Skeledirge, F|100\/100\n|move|p2a: Jade|Extreme Speed|p1a: Skeledirge\n|-immune|p1a: Skeledirge\n|\n|upkeep\n|turn|3\n|\n|t:|1700200859\n|switch|p2a: Banjo|Ursaluna, M|100\/100\n|move|p1a: Skeledirge|Torch Song|p2a: Banjo\n|-damage|p2a: Banjo|72\/100\n|-boost|p1a: Skeledirge|spa|1\n|\n|-status|p2a: Banjo|brn|[from] item: Flame Orb\n|upkeep\n|turn|4\n|\n|t:|1700200881\n|switch|p1a: Zapdos|Zapdos|100\/100\n|move|p2a: Banjo|Headlong Rush|p1a: Zapdos\n|-immune|p1a: Zapdos\n|\n|-damage|p2a: Banjo|66\/100 brn|[from] brn\n|upkeep\n|turn|5\n|\n|t:|1700200903\n|switch|p1a: Dragapult|Dragapult, F|100\/100\n|switch|p2a: Nautilus|Slowking-Galar, M|100\/100\n|\n|upkeep\n|turn|6\n|\n|t:|1700200910\n|move|p1a: Dragapult|U-turn|p2a: Nautilus\n|-damage|p2a: Nautilus|82\/100\n|\n|t:|1700200913\n|switch|p1a: Alomomola|Alomomola, F|100\/100|[from] U-turn\n|move|p2a: Nautilus|Ice Beam|p1a: Alomomola\n|-resisted|p1a: Alomomola\n|-damage|p1a: Alomomola|89\/100\n|\n|upkeep\n|turn|7\n|\n|t:|1700200956\n|move|p1a: Alomomola|Wish|p1a: Alomomola\n|move|p2a: Nautilus|Future Sight|p1a: Alomomola\n|-start|p2a: Nautilus|move: Future Sight\n|\n|upkeep\n|turn|8\n|\n|t:|1700200986\n|switch|p2a: Ponyo|Alomomola, F|100\/100\n|move|p1a: Alomomola|Flip Turn|p2a: Ponyo\n|-resisted|p2a: Ponyo\n|-damage|p2a: Ponyo|96\/100\n|-damage|p1a: Alomomola|72\/100|[from] item: Rocky Helmet|[of] p2a: Ponyo\n|\n|t:|1700200997\n|switch|p1a: Hoopa|Hoopa-Unbound|28\/100|[from] Flip Turn\n|\n|-heal|p1a: Hoopa|93\/100|[from] move: Wish|[wisher] Alomomola\n|upkeep\n|turn|9\n|\n|t:|1700201027\n|switch|p2a: Jade|Dragonite, M, shiny|100\/100\n|move|p1a: Hoopa|Psychic|p2a: Jade\n|-damage|p2a: Jade|75\/100\n|\n|-end|p1a: Hoopa|move: Future Sight\n|-immune|p1a: Hoopa\n|upkeep\n|turn|10\n|\n|t:|1700201039\n|switch|p1a: Zapdos|Zapdos|100\/100\n|move|p2a: Jade|Roost|p2a: Jade\n|-heal|p2a: Jade|100\/100\n|-singleturn|p2a: Jade|move: Roost\n|\n|upkeep\n|turn|11\n|\n|t:|1700201049\n|switch|p2a: Nautilus|Slowking-Galar, M|100\/100\n|move|p1a: Zapdos|Volt Switch|p2a: Nautilus\n|-damage|p2a: Nautilus|88\/100\n|\n|t:|1700201066\n|switch|p1a: Hoopa|Hoopa-Unbound|93\/100|[from] Volt Switch\n|\n|upkeep\n|turn|12\n|\n|t:|1700201078\n|switch|p2a: Jade|Dragonite, M, shiny|100\/100\n|move|p1a: Hoopa|Knock Off|p2a: Jade\n|-damage|p2a: Jade|76\/100\n|-enditem|p2a: Jade|Heavy-Duty Boots|[from] move: Knock Off|[of] p1a: Hoopa\n|\n|upkeep\n|turn|13\n|\n|t:|1700201088\n|switch|p1a: Ting-Lu|Ting-Lu|100\/100\n|-ability|p1a: Ting-Lu|Vessel of Ruin\n|move|p2a: Jade|Dragon Dance|p2a: Jade\n|-boost|p2a: Jade|atk|1\n|-boost|p2a: Jade|spe|1\n|\n|upkeep\n|turn|14\n|\n|t:|1700201097\n|move|p2a: Jade|Earthquake|p1a: Ting-Lu\n|-damage|p1a: Ting-Lu|68\/100\n|move|p1a: Ting-Lu|Whirlwind|p2a: Jade\n|drag|p2a: Nautilus|Slowking-Galar, M|100\/100\n|\n|upkeep\n|turn|15\n|\n|t:|1700201122\n|switch|p2a: Tembo|Great Tusk|100\/100\n|move|p1a: Ting-Lu|Stealth Rock|p2a: Tembo\n|-sidestart|p2: Charmalane|move: Stealth Rock\n|\n|upkeep\n|turn|16\n|\n|t:|1700201126\n|switch|p1a: Zapdos|Zapdos|100\/100\n|move|p2a: Tembo|Rapid Spin|p1a: Zapdos\n|-damage|p1a: Zapdos|89\/100\n|-boost|p2a: Tembo|spe|1\n|-sideend|p2: Charmalane|Stealth Rock|[from] move: Rapid Spin|[of] p2a: Tembo\n|\n|upkeep\n|turn|17\n|\n|t:|1700201155\n|-end|p2a: Tembo|Protosynthesis|[silent]\n|switch|p2a: Nautilus|Slowking-Galar, M|100\/100\n|switch|p1a: Ting-Lu|Ting-Lu|68\/100\n|-ability|p1a: Ting-Lu|Vessel of Ruin\n|\n|upkeep\n|turn|18\n|\n|t:|1700201161\n|switch|p2a: Tembo|Great Tusk|100\/100\n|move|p1a: Ting-Lu|Stealth Rock|p2a: Tembo\n|-sidestart|p2: Charmalane|move: Stealth Rock\n|\n|upkeep\n|turn|19\n|\n|t:|1700201165\n|switch|p1a: Zapdos|Zapdos|89\/100\n|move|p2a: Tembo|Stealth Rock|p1a: Zapdos\n|-sidestart|p1: Xeno504|move: Stealth Rock\n|\n|upkeep\n|turn|20\n|\n|t:|1700201169\n|-end|p2a: Tembo|Protosynthesis|[silent]\n|switch|p2a: Nautilus|Slowking-Galar, M|100\/100\n|-damage|p2a: Nautilus|88\/100|[from] Stealth Rock\n|move|p1a: Zapdos|Hurricane|p2a: Nautilus\n|-damage|p2a: Nautilus|68\/100\n|-start|p2a: Nautilus|confusion\n|\n|upkeep\n|turn|21\n|\n|t:|1700201176\n|move|p1a: Zapdos|Thunder Wave|p2a: Nautilus\n|-status|p2a: Nautilus|par\n|-activate|p2a: Nautilus|confusion\n|cant|p2a: Nautilus|par\n|\n|upkeep\n|turn|22\n|\n|t:|1700201184\n|move|p1a: Zapdos|Volt Switch|p2a: Nautilus\n|-damage|p2a: Nautilus|54\/100 par\n|\n|t:|1700201193\n|switch|p1a: Hoopa|Hoopa-Unbound|93\/100|[from] Volt Switch\n|-activate|p2a: Nautilus|confusion\n|move|p2a: Nautilus|Sludge Bomb|p1a: Hoopa\n|-damage|p1a: Hoopa|66\/100\n|-status|p1a: Hoopa|psn\n|\n|-damage|p1a: Hoopa|54\/100 psn|[from] psn\n|upkeep\n|turn|23\n|\n|t:|1700201229\n|switch|p2a: Jade|Dragonite, M, shiny|76\/100\n|-damage|p2a: Jade|51\/100|[from] Stealth Rock\n|move|p1a: Hoopa|Psychic|p2a: Jade\n|-damage|p2a: Jade|3\/100\n|\n|-damage|p1a: Hoopa|41\/100 psn|[from] psn\n|upkeep\n|turn|24\n|\n|t:|1700201240\n|switch|p1a: Skeledirge|Skeledirge, F|100\/100\n|move|p2a: Jade|Roost|p2a: Jade\n|-heal|p2a: Jade|53\/100\n|-singleturn|p2a: Jade|move: Roost\n|\n|upkeep\n|turn|25\n|\n|t:|1700201251\n|switch|p2a: Ponyo|Alomomola, F|100\/100\n|-damage|p2a: Ponyo|88\/100|[from] Stealth Rock\n|move|p1a: Skeledirge|Will-O-Wisp|p2a: Ponyo\n|-status|p2a: Ponyo|brn\n|\n|-damage|p2a: Ponyo|82\/100 brn|[from] brn\n|upkeep\n|turn|26\n|\n|t:|1700201261\n|switch|p1a: Alomomola|Alomomola, F|100\/100\n|move|p2a: Ponyo|Wish|p2a: Ponyo\n|\n|-damage|p2a: Ponyo|76\/100 brn|[from] brn\n|upkeep\n|turn|27\n|\n|t:|1700201263\n|move|p1a: Alomomola|Wish|p1a: Alomomola\n|move|p2a: Ponyo|Flip Turn|p1a: Alomomola\n|-resisted|p1a: Alomomola\n|-damage|p1a: Alomomola|98\/100\n|\n|t:|1700201269\n|switch|p2a: Banjo|Ursaluna, M|66\/100 brn|[from] Flip Turn\n|-damage|p2a: Banjo|60\/100 brn|[from] Stealth Rock\n|\n|-heal|p2a: Banjo|100\/100 brn|[from] move: Wish|[wisher] Ponyo\n|-damage|p2a: Banjo|94\/100 brn|[from] brn\n|upkeep\n|turn|28\n|\n|t:|1700201284\n|move|p2a: Banjo|Facade|p1a: Alomomola\n|-damage|p1a: Alomomola|25\/100\n|move|p1a: Alomomola|Flip Turn|p2a: Banjo\n|-supereffective|p2a: Banjo\n|-damage|p2a: Banjo|71\/100 brn\n|\n|t:|1700201288\n|switch|p1a: Hoopa|Hoopa-Unbound|41\/100 psn|[from] Flip Turn\n|\n|-heal|p1a: Hoopa|100\/100 psn|[from] move: Wish|[wisher] Alomomola\n|-damage|p1a: Hoopa|88\/100 psn|[from] psn\n|-damage|p2a: Banjo|65\/100 brn|[from] brn\n|upkeep\n|turn|29\n|\n|t:|1700201303\n|move|p1a: Hoopa|Focus Blast|p2a: Banjo\n|-supereffective|p2a: Banjo\n|-damage|p2a: Banjo|0 fnt\n|faint|p2a: Banjo\n|\n|-damage|p1a: Hoopa|76\/100 psn|[from] psn\n|upkeep\n|\n|t:|1700201319\n|switch|p2a: Diplo|Dragapult, M|100\/100\n|-damage|p2a: Diplo|88\/100|[from] Stealth Rock\n|turn|30\n|\n|t:|1700201338\n|switch|p1a: Zapdos|Zapdos|89\/100\n|move|p2a: Diplo|Draco Meteor|p1a: Zapdos|[miss]\n|-miss|p2a: Diplo|p1a: Zapdos\n|\n|upkeep\n|turn|31\n|\n|t:|1700201351\n|move|p2a: Diplo|Draco Meteor|p1a: Zapdos\n|-damage|p1a: Zapdos|5\/100\n|-unboost|p2a: Diplo|spa|2\n|move|p1a: Zapdos|Thunder Wave|p2a: Diplo\n|-status|p2a: Diplo|par\n|\n|upkeep\n|turn|32\n|\n|t:|1700201368\n|move|p1a: Zapdos|Roost|p1a: Zapdos\n|-heal|p1a: Zapdos|55\/100\n|-singleturn|p1a: Zapdos|move: Roost\n|cant|p2a: Diplo|par\n|\n|upkeep\n|turn|33\n|-message|Charmalane forfeited.\n|\n|win|Xeno504\n|raw|Xeno504's rating: 1454 &rarr; <strong>1480<\/strong><br \/>(+26 for winning)\n|raw|Charmalane's rating: 1553 &rarr; <strong>1527<\/strong><br \/>(-26 for losing)\n","uploadtime":1700201378,"views":6,"p1id":"xeno504","p2id":"charmalane","formatid":"gen9ou","rating":1480,"private":0,"password":""}