{"id":"gen9ou-1996604865","p1":"mm juice","p2":"Juroni","format":"[Gen 9] OU","log":"|j|\u2606mm juice\n|j|\u2606Juroni\n|t:|1700699646\n|gametype|singles\n|player|p1|mm juice|rancher|\n|player|p2|Juroni|marley|\n|teamsize|p1|6\n|teamsize|p2|6\n|gen|9\n|tier|[Gen 9] OU\n|rule|Sleep Clause Mod: Limit one foe put to sleep\n|rule|Species Clause: Limit one of each Pok\u00e9mon\n|rule|OHKO Clause: OHKO moves are banned\n|rule|Evasion Items Clause: Evasion items are banned\n|rule|Evasion Moves Clause: Evasion moves are banned\n|rule|Endless Battle Clause: Forcing endless battles is banned\n|rule|HP Percentage Mod: HP is shown in percentages\n|clearpoke\n|poke|p1|Iron Valiant|\n|poke|p1|Arcanine, M|\n|poke|p1|Iron Treads|\n|poke|p1|Noivern, M|\n|poke|p1|Ribombee, M|\n|poke|p1|Lokix, F|\n|poke|p2|Umbreon, F|\n|poke|p2|Alomomola, F|\n|poke|p2|Ursaluna, F|\n|poke|p2|Corviknight, M|\n|poke|p2|Sinistcha|\n|poke|p2|Ogerpon-Cornerstone, F|\n|teampreview\n|\n|t:|1700699676\n|start\n|switch|p1a: Ribombee|Ribombee, M|100\/100\n|switch|p2a: Caliban|Corviknight, M|100\/100\n|-ability|p2a: Caliban|Pressure\n|turn|1\n|\n|t:|1700699703\n|move|p1a: Ribombee|Stun Spore|p2a: Caliban\n|-status|p2a: Caliban|par\n|cant|p2a: Caliban|par\n|\n|upkeep\n|turn|2\n|c|\u2606Juroni|The Uber bug scares me\n|\n|t:|1700699716\n|switch|p1a: Arcanine|Arcanine, M|100\/100\n|-ability|p1a: Arcanine|Intimidate|boost\n|-unboost|p2a: Caliban|atk|1\n|cant|p2a: Caliban|par\n|\n|upkeep\n|turn|3\n|c|\u2606Juroni|No fucking way\n|\n|t:|1700699732\n|switch|p2a: Ophelia|Alomomola, F|100\/100\n|move|p1a: Arcanine|Flare Blitz|p2a: Ophelia\n|-resisted|p2a: Ophelia\n|-damage|p2a: Ophelia|86\/100\n|-damage|p1a: Arcanine|93\/100|[from] Recoil\n|\n|-heal|p2a: Ophelia|92\/100|[from] item: Leftovers\n|upkeep\n|turn|4\n|\n|t:|1700699743\n|move|p2a: Ophelia|Scald|p1a: Arcanine\n|-supereffective|p1a: Arcanine\n|-damage|p1a: Arcanine|68\/100\n|move|p1a: Arcanine|Roar|p2a: Ophelia\n|drag|p2a: Umbriel|Umbreon, F|100\/100\n|\n|upkeep\n|turn|5\n|\n|t:|1700699753\n|move|p1a: Arcanine|Will-O-Wisp|p2a: Umbriel\n|-status|p2a: Umbriel|brn\n|move|p2a: Umbriel|Toxic|p1a: Arcanine\n|-status|p1a: Arcanine|tox\n|\n|-damage|p1a: Arcanine|62\/100 tox|[from] psn\n|-damage|p2a: Umbriel|94\/100 brn|[from] brn\n|upkeep\n|turn|6\n|\n|t:|1700699765\n|switch|p1a: Ribombee|Ribombee, M|100\/100\n|move|p2a: Umbriel|Foul Play|p1a: Ribombee\n|-resisted|p1a: Ribombee\n|-damage|p1a: Ribombee|91\/100\n|\n|-heal|p2a: Umbriel|100\/100 brn|[from] item: Leftovers\n|-damage|p2a: Umbriel|94\/100 brn|[from] brn\n|upkeep\n|turn|7\n|\n|t:|1700699778\n|switch|p2a: Caliban|Corviknight, M|100\/100 par\n|-ability|p2a: Caliban|Pressure\n|move|p1a: Ribombee|Stun Spore|p2a: Caliban|[miss]\n|-miss|p1a: Ribombee|p2a: Caliban\n|\n|upkeep\n|turn|8\n|\n|t:|1700699788\n|switch|p1a: Iron Treads|Iron Treads|100\/100\n|move|p2a: Caliban|Taunt|p1a: Iron Treads\n|-start|p1a: Iron Treads|move: Taunt\n|\n|upkeep\n|turn|9\n|\n|t:|1700699807\n|switch|p2a: Ophelia|Alomomola, F|100\/100\n|move|p1a: Iron Treads|Knock Off|p2a: Ophelia\n|-damage|p2a: Ophelia|87\/100\n|-enditem|p2a: Ophelia|Leftovers|[from] move: Knock Off|[of] p1a: Iron Treads\n|\n|upkeep\n|turn|10\n|\n|t:|1700699828\n|move|p1a: Iron Treads|Volt Switch|p2a: Ophelia\n|-supereffective|p2a: Ophelia\n|-damage|p2a: Ophelia|64\/100\n|\n|t:|1700699834\n|-end|p1a: Iron Treads|Quark Drive|[silent]\n|switch|p1a: Noivern|Noivern, M|100\/100|[from] Volt Switch\n|move|p2a: Ophelia|Scald|p1a: Noivern\n|-resisted|p1a: Noivern\n|-damage|p1a: Noivern|93\/100\n|\n|upkeep\n|turn|11\n|\n|t:|1700699846\n|switch|p2a: Umbriel|Umbreon, F|94\/100 brn\n|move|p1a: Noivern|Draco Meteor|p2a: Umbriel\n|-damage|p2a: Umbriel|50\/100 brn\n|-unboost|p1a: Noivern|spa|2\n|\n|-heal|p2a: Umbriel|57\/100 brn|[from] item: Leftovers\n|-damage|p2a: Umbriel|50\/100 brn|[from] brn\n|upkeep\n|turn|12\n|\n|t:|1700699857\n|switch|p1a: Iron Treads|Iron Treads|100\/100\n|move|p2a: Umbriel|Moonlight|p2a: Umbriel\n|-heal|p2a: Umbriel|100\/100 brn\n|\n|-damage|p2a: Umbriel|94\/100 brn|[from] brn\n|upkeep\n|turn|13\n|\n|t:|1700699884\n|switch|p2a: Caliban|Corviknight, M|100\/100 par\n|-ability|p2a: Caliban|Pressure\n|move|p1a: Iron Treads|Knock Off|p2a: Caliban\n|-damage|p2a: Caliban|84\/100 par\n|-damage|p1a: Iron Treads|84\/100|[from] item: Rocky Helmet|[of] p2a: Caliban\n|-enditem|p2a: Caliban|Rocky Helmet|[from] move: Knock Off|[of] p1a: Iron Treads\n|\n|-heal|p1a: Iron Treads|90\/100|[from] item: Leftovers\n|upkeep\n|turn|14\n|\n|t:|1700699902\n|move|p1a: Iron Treads|Volt Switch|p2a: Caliban\n|-supereffective|p2a: Caliban\n|-damage|p2a: Caliban|61\/100 par\n|\n|t:|1700699912\n|-end|p1a: Iron Treads|Quark Drive|[silent]\n|switch|p1a: Arcanine|Arcanine, M|62\/100 tox|[from] Volt Switch\n|-ability|p1a: Arcanine|Intimidate|boost\n|-unboost|p2a: Caliban|atk|1\n|move|p2a: Caliban|Brave Bird|p1a: Arcanine\n|-damage|p1a: Arcanine|31\/100 tox\n|-damage|p2a: Caliban|53\/100 par|[from] Recoil\n|\n|-damage|p1a: Arcanine|24\/100 tox|[from] psn\n|upkeep\n|turn|15\n|\n|t:|1700699924\n|switch|p2a: Ophelia|Alomomola, F|97\/100\n|move|p1a: Arcanine|Roar|p2a: Ophelia\n|drag|p2a: Cordelia|Ursaluna, F|100\/100\n|\n|-damage|p1a: Arcanine|12\/100 tox|[from] psn\n|-status|p2a: Cordelia|brn|[from] item: Flame Orb\n|upkeep\n|turn|16\n|\n|t:|1700699936\n|switch|p2a: Ophelia|Alomomola, F|100\/100\n|move|p1a: Arcanine|Extreme Speed|p2a: Ophelia\n|-damage|p2a: Ophelia|87\/100\n|\n|-damage|p1a: Arcanine|0 fnt|[from] psn\n|faint|p1a: Arcanine\n|upkeep\n|\n|t:|1700699954\n|switch|p1a: Noivern|Noivern, M|93\/100\n|turn|17\n|\n|t:|1700699964\n|move|p1a: Noivern|Flamethrower|p2a: Ophelia\n|-resisted|p2a: Ophelia\n|-damage|p2a: Ophelia|66\/100\n|move|p2a: Ophelia|Wish|p2a: Ophelia\n|\n|upkeep\n|turn|18\n|\n|t:|1700699979\n|switch|p1a: Lokix|Lokix, F|100\/100\n|switch|p2a: Umbriel|Umbreon, F|94\/100 brn\n|\n|-heal|p2a: Umbriel|100\/100 brn|[from] move: Wish|[wisher] Ophelia\n|-damage|p2a: Umbriel|94\/100 brn|[from] brn\n|upkeep\n|turn|19\n|c|\u2606Juroni|How\n|\n|t:|1700700004\n|-terastallize|p2a: Umbriel|Poison\n|move|p1a: Lokix|First Impression|p2a: Umbriel\n|-resisted|p2a: Umbriel\n|-damage|p2a: Umbriel|55\/100 brn\n|-damage|p1a: Lokix|91\/100|[from] item: Life Orb\n|move|p2a: Umbriel|Toxic|p1a: Lokix\n|-status|p1a: Lokix|tox\n|\n|-heal|p2a: Umbriel|61\/100 brn|[from] item: Leftovers\n|-damage|p1a: Lokix|85\/100 tox|[from] psn\n|-damage|p2a: Umbriel|55\/100 brn|[from] brn\n|upkeep\n|turn|20\n|\n|t:|1700700018\n|move|p1a: Lokix|U-turn|p2a: Umbriel\n|-resisted|p2a: Umbriel\n|-damage|p2a: Umbriel|26\/100 brn\n|-damage|p1a: Lokix|75\/100 tox|[from] item: Life Orb\n|\n|t:|1700700024\n|switch|p1a: Iron Treads|Iron Treads|90\/100|[from] U-turn\n|move|p2a: Umbriel|Moonlight|p2a: Umbriel\n|-heal|p2a: Umbriel|76\/100 brn\n|\n|-heal|p1a: Iron Treads|96\/100|[from] item: Leftovers\n|-heal|p2a: Umbriel|82\/100 brn|[from] item: Leftovers\n|-damage|p2a: Umbriel|76\/100 brn|[from] brn\n|upkeep\n|turn|21\n|\n|t:|1700700040\n|switch|p2a: Cordelia|Ursaluna, F|100\/100 brn\n|move|p1a: Iron Treads|Knock Off|p2a: Cordelia\n|-damage|p2a: Cordelia|80\/100 brn\n|-enditem|p2a: Cordelia|Flame Orb|[from] move: Knock Off|[of] p1a: Iron Treads\n|\n|-heal|p1a: Iron Treads|100\/100|[from] item: Leftovers\n|-damage|p2a: Cordelia|74\/100 brn|[from] brn\n|upkeep\n|turn|22\n|\n|t:|1700700072\n|-end|p1a: Iron Treads|Quark Drive|[silent]\n|switch|p1a: Ribombee|Ribombee, M|91\/100\n|move|p2a: Cordelia|Drain Punch|p1a: Ribombee\n|-resisted|p1a: Ribombee\n|-damage|p1a: Ribombee|68\/100\n|-heal|p2a: Cordelia|81\/100 brn|[from] drain|[of] p1a: Ribombee\n|\n|-damage|p2a: Cordelia|75\/100 brn|[from] brn\n|upkeep\n|turn|23\n|\n|t:|1700700085\n|move|p1a: Ribombee|Moonblast|p2a: Cordelia\n|-damage|p2a: Cordelia|36\/100 brn\n|move|p2a: Cordelia|Facade|p1a: Ribombee\n|-damage|p1a: Ribombee|0 fnt\n|faint|p1a: Ribombee\n|\n|-damage|p2a: Cordelia|30\/100 brn|[from] brn\n|upkeep\n|\n|t:|1700700092\n|switch|p1a: Lokix|Lokix, F|75\/100 tox\n|turn|24\n|\n|t:|1700700101\n|switch|p2a: Ophelia|Alomomola, F|99\/100\n|move|p1a: Lokix|Leech Life|p2a: Ophelia\n|-crit|p2a: Ophelia\n|-damage|p2a: Ophelia|64\/100\n|-heal|p1a: Lokix|100\/100 tox|[from] drain|[of] p2a: Ophelia\n|-damage|p1a: Lokix|91\/100 tox|[from] item: Life Orb\n|\n|-damage|p1a: Lokix|85\/100 tox|[from] psn\n|upkeep\n|turn|25\n|\n|t:|1700700116\n|switch|p1a: Noivern|Noivern, M|93\/100\n|move|p2a: Ophelia|Wish|p2a: Ophelia\n|\n|upkeep\n|turn|26\n|\n|t:|1700700125\n|switch|p2a: Umbriel|Umbreon, F, tera:Poison|76\/100 brn\n|move|p1a: Noivern|Boomburst|p2a: Umbriel\n|-damage|p2a: Umbriel|42\/100 brn\n|\n|-heal|p2a: Umbriel|100\/100 brn|[from] move: Wish|[wisher] Ophelia\n|-damage|p2a: Umbriel|94\/100 brn|[from] brn\n|upkeep\n|turn|27\n|\n|t:|1700700136\n|move|p1a: Noivern|Boomburst|p2a: Umbriel\n|-damage|p2a: Umbriel|62\/100 brn\n|move|p2a: Umbriel|Toxic|p1a: Noivern\n|-status|p1a: Noivern|tox\n|\n|-heal|p2a: Umbriel|68\/100 brn|[from] item: Leftovers\n|-damage|p1a: Noivern|87\/100 tox|[from] psn\n|-damage|p2a: Umbriel|62\/100 brn|[from] brn\n|upkeep\n|turn|28\n|\n|t:|1700700148\n|switch|p1a: Lokix|Lokix, F|85\/100 tox\n|move|p2a: Umbriel|Moonlight|p2a: Umbriel\n|-heal|p2a: Umbriel|100\/100 brn\n|\n|-damage|p1a: Lokix|79\/100 tox|[from] psn\n|-damage|p2a: Umbriel|94\/100 brn|[from] brn\n|upkeep\n|turn|29\n|\n|t:|1700700163\n|move|p1a: Lokix|Leech Life|p2a: Umbriel\n|-resisted|p2a: Umbriel\n|-damage|p2a: Umbriel|57\/100 brn\n|-heal|p1a: Lokix|100\/100 tox|[from] drain|[of] p2a: Umbriel\n|-damage|p1a: Lokix|91\/100 tox|[from] item: Life Orb\n|move|p2a: Umbriel|Foul Play|p1a: Lokix\n|-resisted|p1a: Lokix\n|-damage|p1a: Lokix|74\/100 tox\n|\n|-heal|p2a: Umbriel|63\/100 brn|[from] item: Leftovers\n|-damage|p1a: Lokix|62\/100 tox|[from] psn\n|-damage|p2a: Umbriel|57\/100 brn|[from] brn\n|upkeep\n|turn|30\n|\n|t:|1700700178\n|move|p1a: Lokix|Leech Life|p2a: Umbriel\n|-resisted|p2a: Umbriel\n|-damage|p2a: Umbriel|21\/100 brn\n|-heal|p1a: Lokix|87\/100 tox|[from] drain|[of] p2a: Umbriel\n|-damage|p1a: Lokix|77\/100 tox|[from] item: Life Orb\n|move|p2a: Umbriel|Moonlight|p2a: Umbriel\n|-heal|p2a: Umbriel|71\/100 brn\n|\n|-heal|p2a: Umbriel|77\/100 brn|[from] item: Leftovers\n|-damage|p1a: Lokix|59\/100 tox|[from] psn\n|-damage|p2a: Umbriel|71\/100 brn|[from] brn\n|upkeep\n|turn|31\n|\n|t:|1700700194\n|switch|p2a: Ophelia|Alomomola, F|97\/100\n|move|p1a: Lokix|U-turn|p2a: Ophelia\n|-damage|p2a: Ophelia|74\/100\n|-damage|p1a: Lokix|49\/100 tox|[from] item: Life Orb\n|\n|t:|1700700200\n|switch|p1a: Noivern|Noivern, M|87\/100 tox|[from] U-turn\n|\n|-damage|p1a: Noivern|81\/100 tox|[from] psn\n|upkeep\n|turn|32\n|\n|t:|1700700216\n|move|p1a: Noivern|Draco Meteor|p2a: Ophelia\n|-damage|p2a: Ophelia|0 fnt\n|-unboost|p1a: Noivern|spa|2\n|faint|p2a: Ophelia\n|\n|-damage|p1a: Noivern|69\/100 tox|[from] psn\n|upkeep\n|\n|t:|1700700233\n|switch|p2a: Mab|Sinistcha|100\/100\n|turn|33\n|\n|t:|1700700243\n|switch|p1a: Iron Treads|Iron Treads|100\/100\n|move|p2a: Mab|Calm Mind|p2a: Mab\n|-boost|p2a: Mab|spa|1\n|-boost|p2a: Mab|spd|1\n|\n|upkeep\n|turn|34\n|\n|t:|1700700251\n|move|p1a: Iron Treads|Knock Off|p2a: Mab\n|-supereffective|p2a: Mab\n|-damage|p2a: Mab|45\/100\n|-enditem|p2a: Mab|Leftovers|[from] move: Knock Off|[of] p1a: Iron Treads\n|move|p2a: Mab|Scald|p1a: Iron Treads\n|-supereffective|p1a: Iron Treads\n|-damage|p1a: Iron Treads|0 fnt\n|faint|p1a: Iron Treads\n|-end|p1a: Iron Treads|Quark Drive|[silent]\n|\n|upkeep\n|\n|t:|1700700258\n|switch|p1a: Lokix|Lokix, F|49\/100 tox\n|turn|35\n|\n|t:|1700700263\n|move|p2a: Mab|Protect|p2a: Mab\n|-singleturn|p2a: Mab|Protect\n|move|p1a: Lokix|First Impression|p2a: Mab\n|-activate|p2a: Mab|move: Protect\n|\n|-damage|p1a: Lokix|43\/100 tox|[from] psn\n|upkeep\n|turn|36\n|\n|t:|1700700277\n|switch|p2a: Titania|Ogerpon-Cornerstone, F|100\/100\n|move|p1a: Lokix|Leech Life|p2a: Titania\n|-supereffective|p2a: Titania\n|-ability|p2a: Titania|Sturdy\n|-damage|p2a: Titania|1\/100\n|-heal|p1a: Lokix|96\/100 tox|[from] drain|[of] p2a: Titania\n|-damage|p1a: Lokix|86\/100 tox|[from] item: Life Orb\n|\n|-damage|p1a: Lokix|74\/100 tox|[from] psn\n|upkeep\n|turn|37\n|c|\u2606Juroni|Oh my\n|c|\u2606Juroni|I forgot how weak grass is\n|\n|t:|1700700308\n|move|p1a: Lokix|Sucker Punch|p2a: Titania\n|-damage|p2a: Titania|0 fnt\n|faint|p2a: Titania\n|-damage|p1a: Lokix|64\/100 tox|[from] item: Life Orb\n|\n|-damage|p1a: Lokix|46\/100 tox|[from] psn\n|upkeep\n|\n|t:|1700700325\n|switch|p2a: Caliban|Corviknight, M|53\/100 par\n|-ability|p2a: Caliban|Pressure\n|turn|38\n|\n|t:|1700700331\n|move|p1a: Lokix|U-turn|p2a: Caliban\n|-resisted|p2a: Caliban\n|-damage|p2a: Caliban|41\/100 par\n|-damage|p1a: Lokix|37\/100 tox|[from] item: Life Orb\n|\n|t:|1700700335\n|switch|p1a: Noivern|Noivern, M|69\/100 tox|[from] U-turn\n|move|p2a: Caliban|Brave Bird|p1a: Noivern\n|-damage|p1a: Noivern|23\/100 tox\n|-damage|p2a: Caliban|29\/100 par|[from] Recoil\n|\n|-damage|p1a: Noivern|17\/100 tox|[from] psn\n|upkeep\n|turn|39\n|\n|t:|1700700349\n|switch|p2a: Umbriel|Umbreon, F, tera:Poison|71\/100 brn\n|move|p1a: Noivern|Draco Meteor|p2a: Umbriel\n|-damage|p2a: Umbriel|29\/100 brn\n|-unboost|p1a: Noivern|spa|2\n|\n|-heal|p2a: Umbriel|35\/100 brn|[from] item: Leftovers\n|-damage|p1a: Noivern|5\/100 tox|[from] psn\n|-damage|p2a: Umbriel|29\/100 brn|[from] brn\n|upkeep\n|turn|40\n|\n|t:|1700700365\n|move|p1a: Noivern|Draco Meteor|p2a: Umbriel\n|-damage|p2a: Umbriel|5\/100 brn\n|-unboost|p1a: Noivern|spa|2\n|move|p2a: Umbriel|Moonlight|p2a: Umbriel\n|-heal|p2a: Umbriel|55\/100 brn\n|\n|-heal|p2a: Umbriel|62\/100 brn|[from] item: Leftovers\n|-damage|p1a: Noivern|0 fnt|[from] psn\n|faint|p1a: Noivern\n|-damage|p2a: Umbriel|55\/100 brn|[from] brn\n|upkeep\n|\n|t:|1700700371\n|switch|p1a: Lokix|Lokix, F|37\/100 tox\n|turn|41\n|\n|t:|1700700386\n|switch|p2a: Caliban|Corviknight, M|29\/100 par\n|-ability|p2a: Caliban|Pressure\n|move|p1a: Lokix|First Impression|p2a: Caliban\n|-resisted|p2a: Caliban\n|-damage|p2a: Caliban|14\/100 par\n|-damage|p1a: Lokix|27\/100 tox|[from] item: Life Orb\n|\n|-damage|p1a: Lokix|21\/100 tox|[from] psn\n|upkeep\n|turn|42\n|\n|t:|1700700398\n|move|p1a: Lokix|Sucker Punch||[still]\n|-fail|p1a: Lokix\n|move|p2a: Caliban|Roost|p2a: Caliban\n|-heal|p2a: Caliban|64\/100 par\n|-singleturn|p2a: Caliban|move: Roost\n|\n|-damage|p1a: Lokix|9\/100 tox|[from] psn\n|upkeep\n|turn|43\n|\n|t:|1700700408\n|move|p1a: Lokix|Leech Life|p2a: Caliban\n|-resisted|p2a: Caliban\n|-damage|p2a: Caliban|50\/100 par\n|-heal|p1a: Lokix|19\/100 tox|[from] drain|[of] p2a: Caliban\n|-damage|p1a: Lokix|9\/100 tox|[from] item: Life Orb\n|cant|p2a: Caliban|par\n|\n|-damage|p1a: Lokix|0 fnt|[from] psn\n|faint|p1a: Lokix\n|upkeep\n|\n|t:|1700700413\n|switch|p1a: Iron Valiant|Iron Valiant|100\/100\n|-enditem|p1a: Iron Valiant|Booster Energy\n|-activate|p1a: Iron Valiant|ability: Quark Drive|[fromitem]\n|-start|p1a: Iron Valiant|quarkdrivespe\n|turn|44\n|\n|t:|1700700427\n|move|p1a: Iron Valiant|Thunderbolt|p2a: Caliban\n|-supereffective|p2a: Caliban\n|-damage|p2a: Caliban|0 fnt\n|faint|p2a: Caliban\n|\n|upkeep\n|\n|t:|1700700433\n|switch|p2a: Umbriel|Umbreon, F, tera:Poison|55\/100 brn\n|turn|45\n|\n|t:|1700700439\n|move|p1a: Iron Valiant|Psyshock|p2a: Umbriel\n|-supereffective|p2a: Umbriel\n|-damage|p2a: Umbriel|17\/100 brn\n|move|p2a: Umbriel|Moonlight|p2a: Umbriel\n|-heal|p2a: Umbriel|67\/100 brn\n|\n|-heal|p2a: Umbriel|74\/100 brn|[from] item: Leftovers\n|-damage|p2a: Umbriel|67\/100 brn|[from] brn\n|upkeep\n|turn|46\n|\n|t:|1700700450\n|move|p1a: Iron Valiant|Psyshock|p2a: Umbriel\n|-supereffective|p2a: Umbriel\n|-damage|p2a: Umbriel|27\/100 brn\n|move|p2a: Umbriel|Toxic|p1a: Iron Valiant\n|-status|p1a: Iron Valiant|tox\n|\n|-heal|p2a: Umbriel|33\/100 brn|[from] item: Leftovers\n|-damage|p1a: Iron Valiant|94\/100 tox|[from] psn\n|-damage|p2a: Umbriel|27\/100 brn|[from] brn\n|upkeep\n|turn|47\n|\n|t:|1700700461\n|move|p1a: Iron Valiant|Psyshock|p2a: Umbriel\n|-supereffective|p2a: Umbriel\n|-damage|p2a: Umbriel|0 fnt\n|faint|p2a: Umbriel\n|\n|-damage|p1a: Iron Valiant|82\/100 tox|[from] psn\n|upkeep\n|\n|t:|1700700471\n|switch|p2a: Mab|Sinistcha|45\/100\n|turn|48\n|\n|t:|1700700494\n|move|p2a: Mab|Protect|p2a: Mab\n|-singleturn|p2a: Mab|Protect\n|move|p1a: Iron Valiant|Moonblast|p2a: Mab\n|-activate|p2a: Mab|move: Protect\n|\n|-damage|p1a: Iron Valiant|63\/100 tox|[from] psn\n|upkeep\n|turn|49\n|\n|t:|1700700504\n|switch|p2a: Cordelia|Ursaluna, F|30\/100 brn\n|move|p1a: Iron Valiant|Moonblast|p2a: Cordelia\n|-damage|p2a: Cordelia|0 fnt\n|faint|p2a: Cordelia\n|\n|-damage|p1a: Iron Valiant|38\/100 tox|[from] psn\n|upkeep\n|\n|t:|1700700514\n|switch|p2a: Mab|Sinistcha|45\/100\n|turn|50\n|\n|t:|1700700518\n|-terastallize|p1a: Iron Valiant|Fairy\n|move|p2a: Mab|Protect|p2a: Mab\n|-singleturn|p2a: Mab|Protect\n|move|p1a: Iron Valiant|Moonblast|p2a: Mab\n|-activate|p2a: Mab|move: Protect\n|\n|-damage|p1a: Iron Valiant|7\/100 tox|[from] psn\n|upkeep\n|turn|51\n|\n|t:|1700700528\n|move|p2a: Mab|Protect||[still]\n|-fail|p2a: Mab\n|move|p1a: Iron Valiant|Moonblast|p2a: Mab\n|-damage|p2a: Mab|0 fnt\n|faint|p2a: Mab\n|\n|win|mm juice\n|c|\u2606mm juice|gg\n|c|\u2606Juroni|Sooo so close\n","uploadtime":1700700537,"views":10,"p1id":"mmjuice","p2id":"juroni","formatid":"gen9ou","rating":0,"private":0,"password":""}