{"id":"gen9ou-1999715858","p1":"averyryryryry","p2":"xxholderoftehhaxxx","format":"[Gen 9] OU","log":"|j|\u2606averyryryryry\n|j|\u2606xxholderoftehhaxxx\n|t:|1701110360\n|gametype|singles\n|player|p1|averyryryryry|kieran|1129\n|player|p2|xxholderoftehhaxxx|harlequin|1200\n|teamsize|p1|6\n|teamsize|p2|6\n|gen|9\n|tier|[Gen 9] OU\n|rated|\n|rule|Sleep Clause Mod: Limit one foe put to sleep\n|rule|Species Clause: Limit one of each Pok\u00e9mon\n|rule|OHKO Clause: OHKO moves are banned\n|rule|Evasion Items Clause: Evasion items are banned\n|rule|Evasion Moves Clause: Evasion moves are banned\n|rule|Endless Battle Clause: Forcing endless battles is banned\n|rule|HP Percentage Mod: HP is shown in percentages\n|clearpoke\n|poke|p1|Ribombee, F|\n|poke|p1|Great Tusk|\n|poke|p1|Landorus-Therian, M|\n|poke|p1|Gholdengo|\n|poke|p1|Ogerpon-Wellspring, F|\n|poke|p1|Kingambit, M|\n|poke|p2|Electrode-Hisui|\n|poke|p2|Dragapult, M|\n|poke|p2|Talonflame, F|\n|poke|p2|Noivern, M|\n|poke|p2|Iron Moth|\n|poke|p2|Greninja-*, M|\n|teampreview\n|inactive|Battle timer is ON: inactive players will automatically lose when time's up. (requested by averyryryryry)\n|\n|t:|1701110369\n|start\n|switch|p1a: Ribombee|Ribombee, F, shiny|100\/100\n|switch|p2a: Electrode|Electrode-Hisui|100\/100\n|turn|1\n|\n|t:|1701110372\n|move|p2a: Electrode|Volt Switch|p1a: Ribombee\n|-damage|p1a: Ribombee|29\/100\n|\n|t:|1701110375\n|switch|p2a: Greninja|Greninja, M|100\/100|[from] Volt Switch\n|move|p1a: Ribombee|Moonblast|p2a: Greninja\n|-supereffective|p2a: Greninja\n|-damage|p2a: Greninja|0 fnt\n|faint|p2a: Greninja\n|\n|upkeep\n|\n|t:|1701110385\n|switch|p2a: Talonflame|Talonflame, F|100\/100\n|turn|2\n|\n|t:|1701110389\n|move|p2a: Talonflame|Swords Dance|p2a: Talonflame\n|-boost|p2a: Talonflame|atk|2\n|move|p1a: Ribombee|Sticky Web|p2a: Talonflame\n|-sidestart|p2: xxholderoftehhaxxx|move: Sticky Web\n|\n|upkeep\n|turn|3\n|\n|t:|1701110394\n|move|p2a: Talonflame|Acrobatics|p1a: Ribombee\n|-supereffective|p1a: Ribombee\n|-damage|p1a: Ribombee|0 fnt\n|faint|p1a: Ribombee\n|\n|upkeep\n|\n|t:|1701110398\n|switch|p1a: Landorus|Landorus-Therian, M, shiny|100\/100\n|-ability|p1a: Landorus|Intimidate|boost\n|-unboost|p2a: Talonflame|atk|1\n|turn|4\n|\n|t:|1701110401\n|-terastallize|p2a: Talonflame|Flying\n|move|p2a: Talonflame|Acrobatics|p1a: Landorus\n|-damage|p1a: Landorus|0 fnt\n|faint|p1a: Landorus\n|\n|upkeep\n|\n|t:|1701110406\n|switch|p1a: Great Tusk|Great Tusk|100\/100\n|turn|5\n|\n|t:|1701110408\n|move|p2a: Talonflame|Acrobatics|p1a: Great Tusk\n|-supereffective|p1a: Great Tusk\n|-damage|p1a: Great Tusk|0 fnt\n|faint|p1a: Great Tusk\n|-end|p1a: Great Tusk|Protosynthesis|[silent]\n|\n|upkeep\n|\n|t:|1701110415\n|switch|p1a: Kingambit|Kingambit, M|100\/100\n|-activate|p1a: Kingambit|ability: Supreme Overlord\n|-start|p1a: Kingambit|fallen3|[silent]\n|turn|6\n|\n|t:|1701110419\n|move|p1a: Kingambit|Sucker Punch|p2a: Talonflame\n|-crit|p2a: Talonflame\n|-damage|p2a: Talonflame|0 fnt\n|faint|p2a: Talonflame\n|\n|upkeep\n|\n|t:|1701110424\n|switch|p2a: Iron Moth|Iron Moth|100\/100\n|-activate|p2a: Iron Moth|move: Sticky Web\n|-unboost|p2a: Iron Moth|spe|1\n|-enditem|p2a: Iron Moth|Booster Energy\n|-activate|p2a: Iron Moth|ability: Quark Drive|[fromitem]\n|-start|p2a: Iron Moth|quarkdrivespa\n|turn|7\n|\n|t:|1701110433\n|-end|p1a: Kingambit|fallen3|[silent]\n|switch|p1a: Ogerpon|Ogerpon-Wellspring, F|100\/100\n|move|p2a: Iron Moth|Fiery Dance|p1a: Ogerpon\n|-damage|p1a: Ogerpon|42\/100\n|-boost|p2a: Iron Moth|spa|1\n|\n|upkeep\n|turn|8\n|\n|t:|1701110442\n|-terastallize|p1a: Ogerpon|Water\n|detailschange|p1a: Ogerpon|Ogerpon-Wellspring-Tera, F, tera:Water\n|-ability|p1a: Ogerpon|Embody Aspect (Wellspring)|boost\n|-boost|p1a: Ogerpon|spd|1\n|move|p1a: Ogerpon|Ivy Cudgel|p2a: Iron Moth|[anim] Ivy Cudgel Water\n|-supereffective|p2a: Iron Moth\n|-damage|p2a: Iron Moth|0 fnt\n|faint|p2a: Iron Moth\n|-end|p2a: Iron Moth|Quark Drive|[silent]\n|\n|upkeep\n|\n|t:|1701110447\n|switch|p2a: Noivern|Noivern, M|100\/100\n|turn|9\n|\n|t:|1701110451\n|move|p2a: Noivern|Heat Wave|p1a: Ogerpon|[miss]\n|-miss|p2a: Noivern|p1a: Ogerpon\n|move|p1a: Ogerpon|Play Rough|p2a: Noivern\n|-supereffective|p2a: Noivern\n|-damage|p2a: Noivern|7\/100\n|\n|upkeep\n|turn|10\n|\n|t:|1701110457\n|move|p2a: Noivern|Heat Wave|p1a: Ogerpon\n|-resisted|p1a: Ogerpon\n|-damage|p1a: Ogerpon|27\/100\n|move|p1a: Ogerpon|Play Rough|p2a: Noivern\n|-supereffective|p2a: Noivern\n|-damage|p2a: Noivern|0 fnt\n|faint|p2a: Noivern\n|\n|upkeep\n|\n|t:|1701110468\n|switch|p2a: Dragapult|Dragapult, M|100\/100\n|-activate|p2a: Dragapult|move: Sticky Web\n|-unboost|p2a: Dragapult|spe|1\n|turn|11\n|\n|t:|1701110473\n|move|p1a: Ogerpon|Knock Off|p2a: Dragapult\n|-supereffective|p2a: Dragapult\n|-damage|p2a: Dragapult|0 fnt\n|-enditem|p2a: Dragapult|Choice Band|[from] move: Knock Off|[of] p1a: Ogerpon\n|faint|p2a: Dragapult\n|\n|upkeep\n|\n|t:|1701110476\n|switch|p2a: Electrode|Electrode-Hisui|100\/100\n|-activate|p2a: Electrode|move: Sticky Web\n|-unboost|p2a: Electrode|spe|1\n|turn|12\n|\n|t:|1701110482\n|move|p1a: Ogerpon|Play Rough|p2a: Electrode\n|-damage|p2a: Electrode|33\/100\n|move|p2a: Electrode|Thunder|p1a: Ogerpon\n|-supereffective|p1a: Ogerpon\n|-damage|p1a: Ogerpon|0 fnt\n|faint|p1a: Ogerpon\n|\n|upkeep\n|\n|t:|1701110487\n|switch|p1a: Gholdengo|Gholdengo|100\/100\n|turn|13\n|\n|t:|1701110489\n|move|p1a: Gholdengo|Shadow Ball|p2a: Electrode\n|-damage|p2a: Electrode|0 fnt\n|faint|p2a: Electrode\n|\n|win|averyryryryry\n|raw|averyryryryry's rating: 1129 &rarr; <strong>1159<\/strong><br \/>(+30 for winning)\n|raw|xxholderoftehhaxxx's rating: 1200 &rarr; <strong>1170<\/strong><br \/>(-30 for losing)\n|l|\u2606xxholderoftehhaxxx\n","uploadtime":1701110494,"views":13,"p1id":"averyryryryry","p2id":"xxholderoftehhaxxx","formatid":"gen9ou","rating":1159,"private":0,"password":""}