{"id":"gen9ou-1988517302","p1":"thesausagebiscuit","p2":"Bshjsxnd","format":"[Gen 9] OU","log":"|j|\u2606thesausagebiscuit\n|j|\u203dBshjsxnd\n|t:|1699731411\n|gametype|singles\n|player|p1|thesausagebiscuit|chuck|1041\n|player|p2|Bshjsxnd|benga|1045\n|teamsize|p1|6\n|teamsize|p2|6\n|gen|9\n|tier|[Gen 9] OU\n|rated|\n|rule|Sleep Clause Mod: Limit one foe put to sleep\n|rule|Species Clause: Limit one of each Pok\u00e9mon\n|rule|OHKO Clause: OHKO moves are banned\n|rule|Evasion Items Clause: Evasion items are banned\n|rule|Evasion Moves Clause: Evasion moves are banned\n|rule|Endless Battle Clause: Forcing endless battles is banned\n|rule|HP Percentage Mod: HP is shown in percentages\n|clearpoke\n|poke|p1|Clodsire, F|\n|poke|p1|Dondozo, M|\n|poke|p1|Alomomola, M|\n|poke|p1|Talonflame, F|\n|poke|p1|Toxapex, F|\n|poke|p1|Blissey, F|\n|poke|p2|Kingambit, M|\n|poke|p2|Iron Moth|\n|poke|p2|Greninja-*, M|\n|poke|p2|Toxapex, F|\n|poke|p2|Toxtricity-Low-Key, M|\n|poke|p2|Iron Valiant|\n|teampreview\n|\n|t:|1699731423\n|start\n|switch|p1a: Frank Morris|Clodsire, F|100\/100\n|switch|p2a: Greninja|Greninja, M|100\/100\n|turn|1\n|\n|t:|1699731445\n|move|p2a: Greninja|Hydro Pump|p1a: Frank Morris\n|-supereffective|p1a: Frank Morris\n|-damage|p1a: Frank Morris|33\/100\n|-damage|p2a: Greninja|91\/100|[from] item: Life Orb\n|move|p1a: Frank Morris|Toxic|p2a: Greninja\n|-status|p2a: Greninja|tox\n|\n|-heal|p1a: Frank Morris|39\/100|[from] item: Leftovers\n|-damage|p2a: Greninja|85\/100 tox|[from] psn\n|upkeep\n|turn|2\n|\n|t:|1699731456\n|move|p1a: Frank Morris|Protect|p1a: Frank Morris\n|-singleturn|p1a: Frank Morris|Protect\n|move|p2a: Greninja|Water Shuriken|p1a: Frank Morris\n|-activate|p1a: Frank Morris|move: Protect\n|\n|-heal|p1a: Frank Morris|45\/100|[from] item: Leftovers\n|-damage|p2a: Greninja|73\/100 tox|[from] psn\n|upkeep\n|turn|3\n|\n|t:|1699731471\n|switch|p1a: Edwin Swope|Blissey, F|100\/100\n|move|p2a: Greninja|Hydro Pump|p1a: Edwin Swope|[miss]\n|-miss|p2a: Greninja|p1a: Edwin Swope\n|\n|-damage|p2a: Greninja|55\/100 tox|[from] psn\n|upkeep\n|turn|4\n|\n|t:|1699731481\n|move|p2a: Greninja|Dark Pulse|p1a: Edwin Swope\n|-damage|p1a: Edwin Swope|87\/100\n|-damage|p2a: Greninja|45\/100 tox|[from] item: Life Orb\n|move|p1a: Edwin Swope|Stealth Rock|p2a: Greninja\n|-sidestart|p2: Bshjsxnd|move: Stealth Rock\n|\n|-heal|p1a: Edwin Swope|93\/100|[from] item: Leftovers\n|-damage|p2a: Greninja|21\/100 tox|[from] psn\n|upkeep\n|turn|5\n|\n|t:|1699731495\n|move|p2a: Greninja|Water Shuriken|p1a: Edwin Swope\n|-damage|p1a: Edwin Swope|90\/100\n|-damage|p1a: Edwin Swope|88\/100\n|-hitcount|p1a: Edwin Swope|2\n|-damage|p2a: Greninja|11\/100 tox|[from] item: Life Orb\n|move|p1a: Edwin Swope|Seismic Toss|p2a: Greninja\n|-damage|p2a: Greninja|0 fnt\n|faint|p2a: Greninja\n|\n|-heal|p1a: Edwin Swope|94\/100|[from] item: Leftovers\n|upkeep\n|\n|t:|1699731520\n|switch|p2a: Kingambit|Kingambit, M, shiny|100\/100\n|-damage|p2a: Kingambit|94\/100|[from] Stealth Rock\n|-activate|p2a: Kingambit|ability: Supreme Overlord\n|-start|p2a: Kingambit|fallen1|[silent]\n|turn|6\n|\n|t:|1699731536\n|switch|p1a: Theodore Cole|Dondozo, M|100\/100\n|move|p2a: Kingambit|Low Kick|p1a: Theodore Cole\n|-damage|p1a: Theodore Cole|72\/100\n|-damage|p2a: Kingambit|84\/100|[from] item: Life Orb\n|\n|upkeep\n|turn|7\n|\n|t:|1699731551\n|-end|p2a: Kingambit|fallen1|[silent]\n|switch|p2a: Iron Valiant|Iron Valiant|100\/100\n|-damage|p2a: Iron Valiant|94\/100|[from] Stealth Rock\n|-enditem|p2a: Iron Valiant|Booster Energy\n|-activate|p2a: Iron Valiant|ability: Quark Drive|[fromitem]\n|-start|p2a: Iron Valiant|quarkdrivespe\n|move|p1a: Theodore Cole|Body Press|p2a: Iron Valiant\n|-resisted|p2a: Iron Valiant\n|-damage|p2a: Iron Valiant|77\/100\n|\n|upkeep\n|turn|8\n|\n|t:|1699731562\n|move|p2a: Iron Valiant|Thunderbolt|p1a: Theodore Cole\n|-supereffective|p1a: Theodore Cole\n|-damage|p1a: Theodore Cole|19\/100\n|-status|p1a: Theodore Cole|par\n|move|p1a: Theodore Cole|Liquidation|p2a: Iron Valiant\n|-damage|p2a: Iron Valiant|35\/100\n|\n|upkeep\n|turn|9\n|\n|t:|1699731574\n|switch|p1a: Edwin Swope|Blissey, F|94\/100\n|move|p2a: Iron Valiant|Thunderbolt|p1a: Edwin Swope\n|-damage|p1a: Edwin Swope|85\/100\n|\n|-heal|p1a: Edwin Swope|91\/100|[from] item: Leftovers\n|upkeep\n|turn|10\n|\n|t:|1699731584\n|move|p2a: Iron Valiant|Shadow Ball|p1a: Edwin Swope\n|-immune|p1a: Edwin Swope\n|move|p1a: Edwin Swope|Shadow Ball|p2a: Iron Valiant\n|-damage|p2a: Iron Valiant|9\/100\n|\n|-heal|p1a: Edwin Swope|97\/100|[from] item: Leftovers\n|upkeep\n|turn|11\n|\n|t:|1699731595\n|move|p2a: Iron Valiant|Destiny Bond|p2a: Iron Valiant\n|-singlemove|p2a: Iron Valiant|Destiny Bond\n|move|p1a: Edwin Swope|Seismic Toss|p2a: Iron Valiant\n|-damage|p2a: Iron Valiant|0 fnt\n|faint|p2a: Iron Valiant\n|-activate|p2a: Iron Valiant|move: Destiny Bond\n|-end|p2a: Iron Valiant|Quark Drive|[silent]\n|faint|p1a: Edwin Swope\n|\n|upkeep\n|\n|t:|1699731608\n|switch|p2a: Toxtricity|Toxtricity-Low-Key, M|100\/100\n|switch|p1a: Sam Shockley|Talonflame, F|100\/100\n|-damage|p2a: Toxtricity|88\/100|[from] Stealth Rock\n|turn|12\n|\n|t:|1699731617\n|switch|p1a: Frank Morris|Clodsire, F|45\/100\n|-terastallize|p2a: Toxtricity|Normal\n|move|p2a: Toxtricity|Boomburst|p1a: Frank Morris\n|-damage|p1a: Frank Morris|2\/100\n|\n|-heal|p1a: Frank Morris|9\/100|[from] item: Leftovers\n|upkeep\n|turn|13\n|\n|t:|1699731626\n|move|p1a: Frank Morris|Protect|p1a: Frank Morris\n|-singleturn|p1a: Frank Morris|Protect\n|move|p2a: Toxtricity|Boomburst|p1a: Frank Morris\n|-activate|p1a: Frank Morris|move: Protect\n|\n|-heal|p1a: Frank Morris|15\/100|[from] item: Leftovers\n|upkeep\n|turn|14\n|inactive|Battle timer is ON: inactive players will automatically lose when time's up. (requested by Bshjsxnd)\n|\n|t:|1699731654\n|switch|p1a: Pectoral|Toxapex, F|100\/100\n|move|p2a: Toxtricity|Boomburst|p1a: Pectoral\n|-damage|p1a: Pectoral|32\/100\n|\n|-heal|p1a: Pectoral|38\/100|[from] item: Leftovers\n|upkeep\n|turn|15\n|\n|t:|1699731665\n|switch|p1a: Floyd Hamilton|Alomomola, M|100\/100\n|move|p2a: Toxtricity|Boomburst|p1a: Floyd Hamilton\n|-damage|p1a: Floyd Hamilton|6\/100\n|\n|-heal|p1a: Floyd Hamilton|12\/100|[from] item: Leftovers\n|upkeep\n|turn|16\n|\n|t:|1699731673\n|switch|p1a: Theodore Cole|Dondozo, M|19\/100 par\n|move|p2a: Toxtricity|Boomburst|p1a: Theodore Cole\n|-damage|p1a: Theodore Cole|0 fnt\n|faint|p1a: Theodore Cole\n|\n|upkeep\n|\n|t:|1699731680\n|switch|p1a: Sam Shockley|Talonflame, F|100\/100\n|turn|17\n|\n|t:|1699731686\n|move|p2a: Toxtricity|Boomburst|p1a: Sam Shockley\n|-damage|p1a: Sam Shockley|0 fnt\n|faint|p1a: Sam Shockley\n|\n|upkeep\n|\n|t:|1699731692\n|switch|p1a: Frank Morris|Clodsire, F|15\/100\n|turn|18\n|\n|t:|1699731695\n|move|p2a: Toxtricity|Boomburst|p1a: Frank Morris\n|-damage|p1a: Frank Morris|0 fnt\n|faint|p1a: Frank Morris\n|\n|upkeep\n|\n|t:|1699731700\n|switch|p1a: Pectoral|Toxapex, F|72\/100\n|turn|19\n|\n|t:|1699731703\n|move|p2a: Toxtricity|Boomburst|p1a: Pectoral\n|-damage|p1a: Pectoral|4\/100\n|move|p1a: Pectoral|Recover|p1a: Pectoral\n|-heal|p1a: Pectoral|54\/100\n|\n|-heal|p1a: Pectoral|61\/100|[from] item: Leftovers\n|upkeep\n|turn|20\n|\n|t:|1699731716\n|move|p2a: Toxtricity|Boomburst|p1a: Pectoral\n|-damage|p1a: Pectoral|0 fnt\n|faint|p1a: Pectoral\n|\n|upkeep\n|\n|t:|1699731721\n|switch|p1a: Floyd Hamilton|Alomomola, M|45\/100\n|turn|21\n|\n|t:|1699731724\n|move|p1a: Floyd Hamilton|Protect|p1a: Floyd Hamilton\n|-singleturn|p1a: Floyd Hamilton|Protect\n|move|p2a: Toxtricity|Boomburst|p1a: Floyd Hamilton\n|-activate|p1a: Floyd Hamilton|move: Protect\n|\n|-heal|p1a: Floyd Hamilton|51\/100|[from] item: Leftovers\n|upkeep\n|turn|22\n|\n|t:|1699731731\n|move|p1a: Floyd Hamilton|Protect||[still]\n|-fail|p1a: Floyd Hamilton\n|move|p2a: Toxtricity|Boomburst|p1a: Floyd Hamilton\n|-damage|p1a: Floyd Hamilton|0 fnt\n|faint|p1a: Floyd Hamilton\n|\n|win|Bshjsxnd\n|raw|thesausagebiscuit's rating: 1041 &rarr; <strong>1025<\/strong><br \/>(-16 for losing)\n|raw|Bshjsxnd's rating: 1045 &rarr; <strong>1078<\/strong><br \/>(+33 for winning)\n","uploadtime":1699731740,"views":17,"p1id":"thesausagebiscuit","p2id":"bshjsxnd","formatid":"gen9ou","rating":1025,"private":0,"password":""}