{"id":"gen9ou-1996435743","p1":"N-Zoroark stan","p2":"Aggron","format":"[Gen 9] OU","log":"|j|\u2606N-Zoroark stan\n|j|\u2606Aggron\n|t:|1700681787\n|gametype|singles\n|player|p1|N-Zoroark stan|riley|1765\n|player|p2|Aggron|pokefan-gen4|1776\n|teamsize|p1|6\n|teamsize|p2|6\n|gen|9\n|tier|[Gen 9] OU\n|rated|\n|rule|Sleep Clause Mod: Limit one foe put to sleep\n|rule|Species Clause: Limit one of each Pok\u00e9mon\n|rule|OHKO Clause: OHKO moves are banned\n|rule|Evasion Items Clause: Evasion items are banned\n|rule|Evasion Moves Clause: Evasion moves are banned\n|rule|Endless Battle Clause: Forcing endless battles is banned\n|rule|HP Percentage Mod: HP is shown in percentages\n|clearpoke\n|poke|p1|Alomomola, M|\n|poke|p1|Slowking-Galar, F|\n|poke|p1|Zoroark-Hisui, F|\n|poke|p1|Corviknight, M|\n|poke|p1|Ting-Lu|\n|poke|p1|Dragonite, F|\n|poke|p2|Sinistcha-Masterpiece|\n|poke|p2|Heatran, M|\n|poke|p2|Rillaboom, F|\n|poke|p2|Samurott-Hisui, F|\n|poke|p2|Tyranitar, M|\n|poke|p2|Pawmot, F|\n|teampreview\n|inactive|Battle timer is ON: inactive players will automatically lose when time's up. (requested by Aggron)\n|inactive|N-Zoroark stan also wants the timer to be on.\n|c|\u2606N-Zoroark stan|glhf\n|\n|t:|1700681815\n|start\n|switch|p1a: Alomomola|Alomomola, M|100\/100\n|switch|p2a: Heatran|Heatran, M|100\/100\n|-item|p2a: Heatran|Air Balloon\n|turn|1\n|\n|t:|1700681824\n|move|p2a: Heatran|Stealth Rock|p1a: Alomomola\n|-sidestart|p1: N-Zoroark stan|move: Stealth Rock\n|move|p1a: Alomomola|Flip Turn|p2a: Heatran\n|-supereffective|p2a: Heatran\n|-damage|p2a: Heatran|65\/100\n|-enditem|p2a: Heatran|Air Balloon\n|\n|t:|1700681826\n|switch|p1a: Ting-Lu|Ting-Lu|100\/100|[from] Flip Turn\n|-damage|p1a: Ting-Lu|94\/100|[from] Stealth Rock\n|-ability|p1a: Ting-Lu|Vessel of Ruin\n|\n|-heal|p1a: Ting-Lu|100\/100|[from] item: Leftovers\n|upkeep\n|turn|2\n|j| FatherSuperior7\n|\n|t:|1700681840\n|switch|p2a: Rillaboom|Rillaboom, F, shiny|100\/100\n|-fieldstart|move: Grassy Terrain|[from] ability: Grassy Surge|[of] p2a: Rillaboom\n|move|p1a: Ting-Lu|Ruination|p2a: Rillaboom\n|-damage|p2a: Rillaboom|50\/100\n|\n|-heal|p2a: Rillaboom|57\/100|[from] Grassy Terrain\n|upkeep\n|turn|3\n|\n|t:|1700681848\n|switch|p1a: Corviknight|Corviknight, M|100\/100\n|-damage|p1a: Corviknight|88\/100|[from] Stealth Rock\n|-ability|p1a: Corviknight|Pressure\n|move|p2a: Rillaboom|U-turn|p1a: Corviknight\n|-resisted|p1a: Corviknight\n|-damage|p1a: Corviknight|82\/100\n|-damage|p2a: Rillaboom|40\/100|[from] item: Rocky Helmet|[of] p1a: Corviknight\n|\n|t:|1700681851\n|switch|p2a: Heatran|Heatran, M|65\/100|[from] U-turn\n|\n|-heal|p2a: Heatran|71\/100|[from] Grassy Terrain\n|upkeep\n|turn|4\n|\n|t:|1700681854\n|switch|p1a: Ting-Lu|Ting-Lu|100\/100\n|-damage|p1a: Ting-Lu|94\/100|[from] Stealth Rock\n|-ability|p1a: Ting-Lu|Vessel of Ruin\n|move|p2a: Heatran|Magma Storm|p1a: Ting-Lu\n|-damage|p1a: Ting-Lu|71\/100\n|-activate|p1a: Ting-Lu|move: Magma Storm|[of] p2a: Heatran\n|\n|-heal|p2a: Heatran|77\/100|[from] Grassy Terrain\n|-heal|p1a: Ting-Lu|77\/100|[from] Grassy Terrain\n|-heal|p1a: Ting-Lu|83\/100|[from] item: Leftovers\n|-damage|p1a: Ting-Lu|71\/100|[from] move: Magma Storm|[partiallytrapped]\n|upkeep\n|turn|5\n|\n|t:|1700681870\n|-terastallize|p2a: Heatran|Grass\n|move|p2a: Heatran|Taunt|p1a: Ting-Lu\n|-start|p1a: Ting-Lu|move: Taunt\n|move|p1a: Ting-Lu|Earthquake|p2a: Heatran\n|-resisted|p2a: Heatran\n|-damage|p2a: Heatran|68\/100\n|\n|-heal|p2a: Heatran|74\/100|[from] Grassy Terrain\n|-heal|p1a: Ting-Lu|77\/100|[from] Grassy Terrain\n|-heal|p1a: Ting-Lu|83\/100|[from] item: Leftovers\n|-damage|p1a: Ting-Lu|71\/100|[from] move: Magma Storm|[partiallytrapped]\n|upkeep\n|turn|6\n|j| dfghhhg\n|\n|t:|1700681878\n|move|p2a: Heatran|Earth Power|p1a: Ting-Lu\n|-damage|p1a: Ting-Lu|57\/100\n|move|p1a: Ting-Lu|Ruination|p2a: Heatran\n|-damage|p2a: Heatran|37\/100\n|\n|-heal|p2a: Heatran|44\/100|[from] Grassy Terrain\n|-heal|p1a: Ting-Lu|64\/100|[from] Grassy Terrain\n|-heal|p1a: Ting-Lu|70\/100|[from] item: Leftovers\n|-damage|p1a: Ting-Lu|57\/100|[from] move: Magma Storm|[partiallytrapped]\n|-fieldend|move: Grassy Terrain\n|upkeep\n|turn|7\n|\n|t:|1700681884\n|move|p2a: Heatran|Earth Power|p1a: Ting-Lu\n|-damage|p1a: Ting-Lu|44\/100\n|-unboost|p1a: Ting-Lu|spd|1\n|move|p1a: Ting-Lu|Ruination|p2a: Heatran\n|-damage|p2a: Heatran|22\/100\n|\n|-heal|p1a: Ting-Lu|51\/100|[from] item: Leftovers\n|-damage|p1a: Ting-Lu|38\/100|[from] move: Magma Storm|[partiallytrapped]\n|-end|p1a: Ting-Lu|move: Taunt\n|upkeep\n|turn|8\n|\n|t:|1700681898\n|move|p2a: Heatran|Earth Power|p1a: Ting-Lu\n|-damage|p1a: Ting-Lu|20\/100\n|move|p1a: Ting-Lu|Earthquake|p2a: Heatran\n|-resisted|p2a: Heatran\n|-damage|p2a: Heatran|4\/100\n|\n|-heal|p1a: Ting-Lu|26\/100|[from] item: Leftovers\n|-damage|p1a: Ting-Lu|14\/100|[from] move: Magma Storm|[partiallytrapped]\n|upkeep\n|turn|9\n|\n|t:|1700681905\n|move|p2a: Heatran|Earth Power|p1a: Ting-Lu\n|-damage|p1a: Ting-Lu|0 fnt\n|faint|p1a: Ting-Lu\n|\n|upkeep\n|\n|t:|1700681914\n|switch|p1a: Alomomola|Alomomola, M|100\/100\n|-damage|p1a: Alomomola|88\/100|[from] Stealth Rock\n|turn|10\n|\n|t:|1700681925\n|move|p2a: Heatran|Earth Power|p1a: Alomomola\n|-damage|p1a: Alomomola|49\/100\n|-enditem|p1a: Alomomola|Red Card|[of] p2a: Heatran\n|drag|p2a: Tyranitar|Tyranitar, M|100\/100\n|-weather|Sandstorm|[from] ability: Sand Stream|[of] p2a: Tyranitar\n|move|p1a: Alomomola|Flip Turn|p2a: Tyranitar\n|-supereffective|p2a: Tyranitar\n|-damage|p2a: Tyranitar|73\/100\n|j| Ivaannn\n|\n|t:|1700681935\n|switch|p1a: Corviknight|Corviknight, M|82\/100|[from] Flip Turn\n|-damage|p1a: Corviknight|70\/100|[from] Stealth Rock\n|-ability|p1a: Corviknight|Pressure\n|\n|-weather|Sandstorm|[upkeep]\n|upkeep\n|turn|11\n|\n|t:|1700681944\n|switch|p2a: Sinistcha|Sinistcha-Masterpiece|100\/100\n|move|p1a: Corviknight|Body Press|p2a: Sinistcha\n|-immune|p2a: Sinistcha\n|\n|-weather|Sandstorm|[upkeep]\n|-damage|p2a: Sinistcha|94\/100|[from] Sandstorm\n|upkeep\n|turn|12\n|\n|t:|1700681954\n|move|p2a: Sinistcha|Calm Mind|p2a: Sinistcha\n|-boost|p2a: Sinistcha|spa|1\n|-boost|p2a: Sinistcha|spd|1\n|move|p1a: Corviknight|Defog|p2a: Sinistcha\n|-unboost|p2a: Sinistcha|evasion|1\n|-sideend|p1: N-Zoroark stan|Stealth Rock|[from] move: Defog|[of] p1a: Corviknight\n|\n|-weather|Sandstorm|[upkeep]\n|-damage|p2a: Sinistcha|88\/100|[from] Sandstorm\n|upkeep\n|turn|13\n|\n|t:|1700681959\n|move|p2a: Sinistcha|Matcha Gotcha|p1a: Corviknight\n|-resisted|p1a: Corviknight\n|-damage|p1a: Corviknight|57\/100\n|-heal|p2a: Sinistcha|96\/100|[from] drain|[of] p1a: Corviknight\n|move|p1a: Corviknight|U-turn|p2a: Sinistcha\n|-damage|p2a: Sinistcha|85\/100\n|\n|t:|1700681962\n|switch|p1a: Alomomola|Alomomola, M|100\/100|[from] U-turn\n|\n|-weather|Sandstorm|[upkeep]\n|-damage|p1a: Alomomola|95\/100|[from] Sandstorm\n|-damage|p2a: Sinistcha|79\/100|[from] Sandstorm\n|upkeep\n|turn|14\n|\n|t:|1700681969\n|switch|p2a: Tyranitar|Tyranitar, M|73\/100\n|move|p1a: Alomomola|Shadow Ball|p2a: Tyranitar\n|-resisted|p2a: Tyranitar\n|-damage|p2a: Tyranitar|63\/100\n|\n|-weather|none\n|upkeep\n|turn|15\n|\n|t:|1700681976\n|switch|p2a: Pawmot|Pawmot, F|100\/100\n|move|p1a: Alomomola|Focus Blast|p2a: Pawmot|[miss]\n|-miss|p1a: Alomomola|p2a: Pawmot\n|\n|upkeep\n|turn|16\n|\n|t:|1700681982\n|move|p2a: Pawmot|Double Shock|p1a: Alomomola\n|-damage|p1a: Alomomola|0 fnt\n|-start|p2a: Pawmot|typechange|???\/Fighting|[from] move: Double Shock\n|replace|p1a: Zoroark|Zoroark-Hisui, F, shiny\n|-end|p1a: Zoroark|Illusion\n|faint|p1a: Zoroark\n|\n|upkeep\n|\n|t:|1700681990\n|switch|p1a: Dragonite|Dragonite, F|100\/100\n|turn|17\n|j| apoiguespm\n|\n|t:|1700682006\n|switch|p2a: Sinistcha|Sinistcha-Masterpiece|79\/100\n|move|p1a: Dragonite|Outrage|p2a: Sinistcha\n|-damage|p2a: Sinistcha|3\/100\n|\n|upkeep\n|turn|18\n|\n|t:|1700682015\n|switch|p2a: Heatran|Heatran, M, tera:Grass|4\/100\n|move|p1a: Dragonite|Outrage|p2a: Heatran|[from]lockedmove\n|-damage|p2a: Heatran|0 fnt\n|faint|p2a: Heatran\n|-start|p1a: Dragonite|confusion|[fatigue]\n|\n|upkeep\n|\n|t:|1700682027\n|switch|p2a: Pawmot|Pawmot, F|100\/100\n|turn|19\n|\n|t:|1700682030\n|move|p2a: Pawmot|Volt Switch|p1a: Dragonite\n|-damage|p1a: Dragonite|92\/100\n|j| jd dndjdn\n|\n|t:|1700682036\n|switch|p2a: Rillaboom|Rillaboom, F, shiny|40\/100|[from] Volt Switch\n|-fieldstart|move: Grassy Terrain|[from] ability: Grassy Surge|[of] p2a: Rillaboom\n|-activate|p1a: Dragonite|confusion\n|-damage|p1a: Dragonite|74\/100|[from] confusion\n|\n|-heal|p2a: Rillaboom|46\/100|[from] Grassy Terrain\n|upkeep\n|turn|20\n|\n|t:|1700682044\n|switch|p1a: Corviknight|Corviknight, M|57\/100\n|-ability|p1a: Corviknight|Pressure\n|move|p2a: Rillaboom|Grassy Glide|p1a: Corviknight\n|-resisted|p1a: Corviknight\n|-crit|p1a: Corviknight\n|-damage|p1a: Corviknight|44\/100\n|-damage|p2a: Rillaboom|30\/100|[from] item: Rocky Helmet|[of] p1a: Corviknight\n|\n|-heal|p2a: Rillaboom|36\/100|[from] Grassy Terrain\n|upkeep\n|turn|21\n|\n|t:|1700682056\n|switch|p2a: Sinistcha|Sinistcha-Masterpiece|3\/100\n|move|p1a: Corviknight|Roost|p1a: Corviknight\n|-heal|p1a: Corviknight|94\/100\n|-singleturn|p1a: Corviknight|move: Roost\n|\n|-heal|p2a: Sinistcha|9\/100|[from] Grassy Terrain\n|-heal|p1a: Corviknight|99\/100|[from] Grassy Terrain\n|upkeep\n|turn|22\n|\n|t:|1700682059\n|move|p2a: Sinistcha|Strength Sap|p1a: Corviknight\n|-unboost|p1a: Corviknight|atk|1\n|-heal|p2a: Sinistcha|70\/100\n|move|p1a: Corviknight|U-turn|p2a: Sinistcha\n|-damage|p2a: Sinistcha|64\/100\n|l| Ivaannn\n|\n|t:|1700682062\n|switch|p1a: Dragonite|Dragonite, F|74\/100|[from] U-turn\n|\n|-heal|p2a: Sinistcha|70\/100|[from] Grassy Terrain\n|upkeep\n|turn|23\n|\n|t:|1700682076\n|switch|p2a: Rillaboom|Rillaboom, F, shiny|36\/100\n|move|p1a: Dragonite|Outrage|p2a: Rillaboom\n|-damage|p2a: Rillaboom|0 fnt\n|faint|p2a: Rillaboom\n|\n|-fieldend|move: Grassy Terrain\n|upkeep\n|\n|t:|1700682084\n|switch|p2a: Pawmot|Pawmot, F|100\/100\n|turn|24\n|\n|t:|1700682087\n|move|p2a: Pawmot|Double Shock|p1a: Dragonite\n|-damage|p1a: Dragonite|9\/100\n|-start|p2a: Pawmot|typechange|???\/Fighting|[from] move: Double Shock\n|move|p1a: Dragonite|Outrage|p2a: Pawmot|[from]lockedmove\n|-damage|p2a: Pawmot|0 fnt\n|faint|p2a: Pawmot\n|-start|p1a: Dragonite|confusion|[fatigue]\n|\n|upkeep\n|\n|t:|1700682091\n|switch|p2a: Samurott|Samurott-Hisui, F|100\/100\n|turn|25\n|\n|t:|1700682093\n|switch|p1a: Corviknight|Corviknight, M|99\/100\n|-ability|p1a: Corviknight|Pressure\n|move|p2a: Samurott|Ceaseless Edge|p1a: Corviknight\n|-damage|p1a: Corviknight|74\/100\n|-damage|p2a: Samurott|84\/100|[from] item: Rocky Helmet|[of] p1a: Corviknight\n|-sidestart|p1: N-Zoroark stan|Spikes\n|\n|upkeep\n|turn|26\n|\n|t:|1700682101\n|switch|p2a: Sinistcha|Sinistcha-Masterpiece|70\/100\n|move|p1a: Corviknight|Defog|p2a: Sinistcha\n|-unboost|p2a: Sinistcha|evasion|1\n|-sideend|p1: N-Zoroark stan|Spikes|[from] move: Defog|[of] p1a: Corviknight\n|\n|upkeep\n|turn|27\n|\n|t:|1700682112\n|switch|p1a: Slowking|Slowking-Galar, F|100\/100\n|move|p2a: Sinistcha|Strength Sap|p1a: Slowking\n|-unboost|p1a: Slowking|atk|1\n|-heal|p2a: Sinistcha|100\/100\n|\n|upkeep\n|turn|28\n|\n|t:|1700682117\n|switch|p2a: Tyranitar|Tyranitar, M|63\/100\n|-weather|Sandstorm|[from] ability: Sand Stream|[of] p2a: Tyranitar\n|move|p1a: Slowking|Sludge Bomb|p2a: Tyranitar\n|-resisted|p2a: Tyranitar\n|-damage|p2a: Tyranitar|54\/100\n|\n|-weather|Sandstorm|[upkeep]\n|-damage|p1a: Slowking|94\/100|[from] Sandstorm\n|-heal|p1a: Slowking|100\/100|[from] item: Leftovers\n|upkeep\n|turn|29\n|j| tapu moxo\n|inactive|Aggron has 120 seconds left.\n|\n|t:|1700682151\n|switch|p1a: Alomomola|Alomomola, M|83\/100\n|move|p2a: Tyranitar|Knock Off|p1a: Alomomola\n|-damage|p1a: Alomomola|65\/100\n|\n|-weather|Sandstorm|[upkeep]\n|-damage|p1a: Alomomola|59\/100|[from] Sandstorm\n|upkeep\n|turn|30\n|inactive|Aggron has 120 seconds left.\n|\n|t:|1700682162\n|switch|p2a: Sinistcha|Sinistcha-Masterpiece|100\/100\n|move|p1a: Alomomola|Flip Turn|p2a: Sinistcha\n|-resisted|p2a: Sinistcha\n|-damage|p2a: Sinistcha|95\/100\n|\n|t:|1700682165\n|switch|p1a: Slowking|Slowking-Galar, F|100\/100|[from] Flip Turn\n|\n|-weather|Sandstorm|[upkeep]\n|-damage|p2a: Sinistcha|89\/100|[from] Sandstorm\n|-damage|p1a: Slowking|94\/100|[from] Sandstorm\n|-heal|p1a: Slowking|100\/100|[from] item: Leftovers\n|upkeep\n|turn|31\n|\n|t:|1700682176\n|switch|p2a: Tyranitar|Tyranitar, M|54\/100\n|move|p1a: Slowking|Sludge Bomb|p2a: Tyranitar\n|-resisted|p2a: Tyranitar\n|-damage|p2a: Tyranitar|45\/100\n|\n|-weather|Sandstorm|[upkeep]\n|-damage|p1a: Slowking|94\/100|[from] Sandstorm\n|-heal|p1a: Slowking|100\/100|[from] item: Leftovers\n|upkeep\n|turn|32\n|\n|t:|1700682181\n|switch|p2a: Sinistcha|Sinistcha-Masterpiece|89\/100\n|switch|p1a: Alomomola|Alomomola, M|92\/100\n|\n|-weather|none\n|upkeep\n|turn|33\n|\n|t:|1700682184\n|switch|p1a: Slowking|Slowking-Galar, F|100\/100\n|move|p2a: Sinistcha|Calm Mind|p2a: Sinistcha\n|-boost|p2a: Sinistcha|spa|1\n|-boost|p2a: Sinistcha|spd|1\n|\n|upkeep\n|turn|34\n|\n|t:|1700682186\n|move|p2a: Sinistcha|Shadow Ball|p1a: Slowking\n|-supereffective|p1a: Slowking\n|-damage|p1a: Slowking|25\/100\n|move|p1a: Slowking|Sludge Bomb|p2a: Sinistcha\n|-damage|p2a: Sinistcha|65\/100\n|\n|-heal|p1a: Slowking|31\/100|[from] item: Leftovers\n|upkeep\n|turn|35\n|\n|t:|1700682200\n|move|p2a: Sinistcha|Shadow Ball|p1a: Slowking\n|-supereffective|p1a: Slowking\n|-damage|p1a: Slowking|0 fnt\n|faint|p1a: Slowking\n|\n|upkeep\n|\n|t:|1700682201\n|switch|p1a: Dragonite|Dragonite, F|9\/100\n|turn|36\n|\n|t:|1700682205\n|switch|p2a: Tyranitar|Tyranitar, M|45\/100\n|-weather|Sandstorm|[from] ability: Sand Stream|[of] p2a: Tyranitar\n|move|p1a: Dragonite|Outrage|p2a: Tyranitar\n|-damage|p2a: Tyranitar|0 fnt\n|faint|p2a: Tyranitar\n|\n|-weather|Sandstorm|[upkeep]\n|-damage|p1a: Dragonite|3\/100|[from] Sandstorm\n|upkeep\n|\n|t:|1700682207\n|switch|p2a: Samurott|Samurott-Hisui, F|84\/100\n|turn|37\n|\n|t:|1700682214\n|move|p2a: Samurott|Sucker Punch|p1a: Dragonite\n|-damage|p1a: Dragonite|0 fnt\n|faint|p1a: Dragonite\n|\n|-weather|Sandstorm|[upkeep]\n|-damage|p2a: Samurott|78\/100|[from] Sandstorm\n|upkeep\n|\n|t:|1700682222\n|switch|p1a: Alomomola|Alomomola, M|100\/100\n|turn|38\n|\n|t:|1700682231\n|switch|p2a: Sinistcha|Sinistcha-Masterpiece|65\/100\n|move|p1a: Alomomola|Scald|p2a: Sinistcha\n|-resisted|p2a: Sinistcha\n|-damage|p2a: Sinistcha|58\/100\n|\n|-weather|Sandstorm|[upkeep]\n|-damage|p2a: Sinistcha|52\/100|[from] Sandstorm\n|-damage|p1a: Alomomola|94\/100|[from] Sandstorm\n|upkeep\n|turn|39\n|\n|t:|1700682238\n|-terastallize|p1a: Alomomola|Flying\n|move|p2a: Sinistcha|Matcha Gotcha|p1a: Alomomola\n|-resisted|p1a: Alomomola\n|-damage|p1a: Alomomola|75\/100\n|-heal|p2a: Sinistcha|67\/100|[from] drain|[of] p1a: Alomomola\n|move|p1a: Alomomola|Acrobatics|p2a: Sinistcha\n|-supereffective|p2a: Sinistcha\n|-damage|p2a: Sinistcha|23\/100\n|\n|-weather|Sandstorm|[upkeep]\n|-damage|p2a: Sinistcha|17\/100|[from] Sandstorm\n|-damage|p1a: Alomomola|68\/100|[from] Sandstorm\n|upkeep\n|turn|40\n|\n|t:|1700682246\n|move|p2a: Sinistcha|Strength Sap|p1a: Alomomola\n|-unboost|p1a: Alomomola|atk|1\n|-heal|p2a: Sinistcha|71\/100\n|move|p1a: Alomomola|Acrobatics|p2a: Sinistcha\n|-supereffective|p2a: Sinistcha\n|-damage|p2a: Sinistcha|45\/100\n|\n|-weather|none\n|upkeep\n|turn|41\n|\n|t:|1700682254\n|switch|p2a: Samurott|Samurott-Hisui, F|78\/100\n|move|p1a: Alomomola|Scald|p2a: Samurott\n|-resisted|p2a: Samurott\n|-damage|p2a: Samurott|68\/100\n|\n|upkeep\n|turn|42\n|\n|t:|1700682263\n|move|p2a: Samurott|Ceaseless Edge|p1a: Alomomola\n|-damage|p1a: Alomomola|45\/100\n|-sidestart|p1: N-Zoroark stan|Spikes\n|move|p1a: Alomomola|Flip Turn|p2a: Samurott\n|-resisted|p2a: Samurott\n|-damage|p2a: Samurott|61\/100\n|\n|t:|1700682264\n|switch|p1a: Corviknight|Corviknight, M|74\/100|[from] Flip Turn\n|-ability|p1a: Corviknight|Pressure\n|\n|upkeep\n|turn|43\n|\n|t:|1700682271\n|switch|p2a: Sinistcha|Sinistcha-Masterpiece|45\/100\n|move|p1a: Corviknight|Roost|p1a: Corviknight\n|-heal|p1a: Corviknight|100\/100\n|-singleturn|p1a: Corviknight|move: Roost\n|\n|upkeep\n|turn|44\n|\n|t:|1700682273\n|move|p2a: Sinistcha|Strength Sap|p1a: Corviknight\n|-unboost|p1a: Corviknight|atk|1\n|-heal|p2a: Sinistcha|100\/100\n|move|p1a: Corviknight|U-turn|p2a: Sinistcha\n|-damage|p2a: Sinistcha|93\/100\n|\n|t:|1700682275\n|switch|p1a: Alomomola|Alomomola, M, tera:Flying|79\/100|[from] U-turn\n|\n|upkeep\n|turn|45\n|\n|t:|1700682279\n|move|p2a: Sinistcha|Matcha Gotcha|p1a: Alomomola|[miss]\n|-miss|p2a: Sinistcha|p1a: Alomomola\n|move|p1a: Alomomola|Scald|p2a: Sinistcha\n|-resisted|p2a: Sinistcha\n|-damage|p2a: Sinistcha|86\/100\n|\n|upkeep\n|turn|46\n|\n|t:|1700682286\n|move|p2a: Sinistcha|Matcha Gotcha|p1a: Alomomola\n|-resisted|p1a: Alomomola\n|-damage|p1a: Alomomola|58\/100\n|-heal|p2a: Sinistcha|100\/100|[from] drain|[of] p1a: Alomomola\n|move|p1a: Alomomola|Acrobatics|p2a: Sinistcha\n|-supereffective|p2a: Sinistcha\n|-damage|p2a: Sinistcha|61\/100\n|\n|upkeep\n|turn|47\n|\n|t:|1700682293\n|switch|p1a: Corviknight|Corviknight, M|100\/100\n|-ability|p1a: Corviknight|Pressure\n|move|p2a: Sinistcha|Shadow Ball|p1a: Corviknight\n|-damage|p1a: Corviknight|68\/100\n|\n|upkeep\n|turn|48\n|\n|t:|1700682297\n|move|p2a: Sinistcha|Calm Mind|p2a: Sinistcha\n|-boost|p2a: Sinistcha|spa|1\n|-boost|p2a: Sinistcha|spd|1\n|move|p1a: Corviknight|Roost|p1a: Corviknight\n|-heal|p1a: Corviknight|100\/100\n|-singleturn|p1a: Corviknight|move: Roost\n|\n|upkeep\n|turn|49\n|\n|t:|1700682299\n|move|p2a: Sinistcha|Calm Mind|p2a: Sinistcha\n|-boost|p2a: Sinistcha|spa|1\n|-boost|p2a: Sinistcha|spd|1\n|move|p1a: Corviknight|U-turn|p2a: Sinistcha\n|-damage|p2a: Sinistcha|50\/100\n|\n|t:|1700682301\n|switch|p1a: Alomomola|Alomomola, M, tera:Flying|91\/100|[from] U-turn\n|\n|upkeep\n|turn|50\n|\n|t:|1700682303\n|move|p2a: Sinistcha|Strength Sap|p1a: Alomomola\n|-unboost|p1a: Alomomola|atk|1\n|-heal|p2a: Sinistcha|100\/100\n|move|p1a: Alomomola|Acrobatics|p2a: Sinistcha\n|-supereffective|p2a: Sinistcha\n|-damage|p2a: Sinistcha|73\/100\n|\n|upkeep\n|turn|51\n|\n|t:|1700682306\n|move|p2a: Sinistcha|Shadow Ball|p1a: Alomomola\n|-damage|p1a: Alomomola|9\/100\n|move|p1a: Alomomola|Scald|p2a: Sinistcha\n|-resisted|p2a: Sinistcha\n|-crit|p2a: Sinistcha\n|-damage|p2a: Sinistcha|62\/100\n|\n|upkeep\n|turn|52\n|\n|t:|1700682309\n|switch|p1a: Corviknight|Corviknight, M|100\/100\n|-ability|p1a: Corviknight|Pressure\n|move|p2a: Sinistcha|Shadow Ball|p1a: Corviknight\n|-damage|p1a: Corviknight|36\/100\n|\n|upkeep\n|turn|53\n|l| apoiguespm\n|c|\u2606N-Zoroark stan|ggwp\n|-message|N-Zoroark stan forfeited.\n|\n|win|Aggron\n|raw|N-Zoroark stan's rating: 1765 &rarr; <strong>1746<\/strong><br \/>(-19 for losing)\n|raw|Aggron's rating: 1776 &rarr; <strong>1795<\/strong><br \/>(+19 for winning)\n|l|\u2606N-Zoroark stan\n|c|\u2606Aggron|Gg you too\n","uploadtime":1700682326,"views":0,"p1id":"nzoroarkstan","p2id":"aggron","formatid":"gen9ou","rating":1746,"private":0,"password":""}