{"id":"gen9ou-2000197999","p1":"liaoya","p2":"trap x loop","format":"[Gen 9] OU","log":"|j|\u2606liaoya\n|j|\u2606trap x loop\n|t:|1701170846\n|gametype|singles\n|player|p1|liaoya|petrel|1587\n|player|p2|trap x loop|kieran|1547\n|teamsize|p1|6\n|teamsize|p2|6\n|gen|9\n|tier|[Gen 9] OU\n|rated|\n|rule|Sleep Clause Mod: Limit one foe put to sleep\n|rule|Species Clause: Limit one of each Pok\u00e9mon\n|rule|OHKO Clause: OHKO moves are banned\n|rule|Evasion Items Clause: Evasion items are banned\n|rule|Evasion Moves Clause: Evasion moves are banned\n|rule|Endless Battle Clause: Forcing endless battles is banned\n|rule|HP Percentage Mod: HP is shown in percentages\n|clearpoke\n|poke|p1|Drifblim, M|\n|poke|p1|Garganacl, M|\n|poke|p1|Umbreon, M|\n|poke|p1|Rotom-Wash|\n|poke|p1|Glimmora, F|\n|poke|p1|Espeon, M|\n|poke|p2|Heatran, F|\n|poke|p2|Tornadus-Therian, M|\n|poke|p2|Ogerpon-Cornerstone, F|\n|poke|p2|Great Tusk|\n|poke|p2|Hatterene, F|\n|poke|p2|Toxapex, F|\n|teampreview\n|inactive|Battle timer is ON: inactive players will automatically lose when time's up. (requested by trap x loop)\n|\n|t:|1701170875\n|start\n|switch|p1a: Rotom|Rotom-Wash|100\/100\n|switch|p2a: Gold|Tornadus-Therian, M|100\/100\n|turn|1\n|\n|t:|1701170884\n|move|p2a: Gold|Knock Off|p1a: Rotom\n|-damage|p1a: Rotom|78\/100\n|-enditem|p1a: Rotom|Choice Scarf|[from] move: Knock Off|[of] p2a: Gold\n|move|p1a: Rotom|Trick|p2a: Gold\n|-activate|p1a: Rotom|move: Trick|[of] p2a: Gold\n|-enditem|p2a: Gold|Assault Vest|[silent]|[from] move: Trick\n|-item|p1a: Rotom|Assault Vest|[from] move: Trick\n|\n|upkeep\n|turn|2\n|\n|t:|1701170892\n|move|p2a: Gold|U-turn|p1a: Rotom\n|-damage|p1a: Rotom|61\/100\n|\n|t:|1701170894\n|switch|p2a: Trish|Hatterene, F|100\/100|[from] U-turn\n|move|p1a: Rotom|Hydro Pump|p2a: Trish\n|-damage|p2a: Trish|47\/100\n|\n|-heal|p2a: Trish|53\/100|[from] item: Leftovers\n|upkeep\n|turn|3\n|\n|t:|1701170900\n|switch|p2a: Gold|Tornadus-Therian, M|100\/100\n|move|p1a: Rotom|Volt Switch|p2a: Gold\n|-supereffective|p2a: Gold\n|-damage|p2a: Gold|45\/100\n|\n|t:|1701170905\n|switch|p1a: Glimmora|Glimmora, F|100\/100|[from] Volt Switch\n|\n|upkeep\n|turn|4\n|\n|t:|1701170910\n|move|p2a: Gold|U-turn|p1a: Glimmora\n|-resisted|p1a: Glimmora\n|-damage|p1a: Glimmora|95\/100\n|-activate|p1a: Glimmora|ability: Toxic Debris\n|-sidestart|p2: trap x loop|move: Toxic Spikes\n|\n|t:|1701170912\n|switch|p2a: Trisha|Toxapex, F|100\/100|[from] U-turn\n|-sideend|p2: trap x loop|move: Toxic Spikes|[of] p2a: Trisha\n|move|p1a: Glimmora|Stealth Rock|p2a: Trisha\n|-sidestart|p2: trap x loop|move: Stealth Rock\n|\n|upkeep\n|turn|5\n|\n|t:|1701170916\n|switch|p1a: Espeon|Espeon, M|100\/100\n|move|p2a: Trisha|Surf|p1a: Espeon\n|-damage|p1a: Espeon|82\/100\n|\n|upkeep\n|turn|6\n|\n|t:|1701170943\n|switch|p2a: He Ran|Heatran, F|100\/100\n|-damage|p2a: He Ran|88\/100|[from] Stealth Rock\n|move|p1a: Espeon|Trick|p2a: He Ran\n|-activate|p1a: Espeon|move: Trick|[of] p2a: He Ran\n|-item|p2a: He Ran|Choice Scarf|[from] move: Trick\n|-item|p1a: Espeon|Leftovers|[from] move: Trick\n|\n|-heal|p1a: Espeon|88\/100|[from] item: Leftovers\n|upkeep\n|turn|7\n|\n|t:|1701170953\n|move|p1a: Espeon|Detect|p1a: Espeon\n|-singleturn|p1a: Espeon|Protect\n|move|p2a: He Ran|Magma Storm|p1a: Espeon\n|-activate|p1a: Espeon|move: Protect\n|\n|-heal|p1a: Espeon|94\/100|[from] item: Leftovers\n|upkeep\n|turn|8\n|\n|t:|1701170958\n|switch|p1a: Rotom|Rotom-Wash|61\/100\n|move|p2a: He Ran|Magma Storm|p1a: Rotom\n|-resisted|p1a: Rotom\n|-damage|p1a: Rotom|46\/100\n|-activate|p1a: Rotom|move: Magma Storm|[of] p2a: He Ran\n|\n|-damage|p1a: Rotom|33\/100|[from] move: Magma Storm|[partiallytrapped]\n|upkeep\n|turn|9\n|\n|t:|1701170967\n|switch|p2a: Trisha|Toxapex, F|100\/100\n|-damage|p2a: Trisha|88\/100|[from] Stealth Rock\n|move|p1a: Rotom|Hydro Pump|p2a: Trisha\n|-resisted|p2a: Trisha\n|-damage|p2a: Trisha|72\/100\n|\n|-heal|p2a: Trisha|78\/100|[from] item: Leftovers\n|-end|p1a: Rotom|Magma Storm|[partiallytrapped]|[silent]\n|upkeep\n|turn|10\n|\n|t:|1701170972\n|move|p1a: Rotom|Volt Switch|p2a: Trisha\n|-supereffective|p2a: Trisha\n|-damage|p2a: Trisha|39\/100\n|\n|t:|1701170976\n|switch|p1a: Espeon|Espeon, M|94\/100|[from] Volt Switch\n|move|p2a: Trisha|Toxic Spikes|p1a: Espeon\n|move|p1a: Espeon|Toxic Spikes|p2a: Trisha|[from]ability: Magic Bounce\n|-sidestart|p2: trap x loop|move: Toxic Spikes\n|\n|-heal|p1a: Espeon|99\/100|[from] item: Leftovers\n|-heal|p2a: Trisha|45\/100|[from] item: Leftovers\n|upkeep\n|turn|11\n|\n|t:|1701170985\n|switch|p2a: Gold|Tornadus-Therian, M|78\/100\n|-damage|p2a: Gold|54\/100|[from] Stealth Rock\n|move|p1a: Espeon|Psyshock|p2a: Gold\n|-damage|p2a: Gold|16\/100\n|\n|-heal|p1a: Espeon|100\/100|[from] item: Leftovers\n|upkeep\n|turn|12\n|\n|t:|1701170999\n|move|p2a: Gold|U-turn|p1a: Espeon\n|-supereffective|p1a: Espeon\n|-damage|p1a: Espeon|67\/100\n|\n|t:|1701171001\n|switch|p2a: Trisha|Toxapex, F|78\/100|[from] U-turn\n|-damage|p2a: Trisha|66\/100|[from] Stealth Rock\n|-sideend|p2: trap x loop|move: Toxic Spikes|[of] p2a: Trisha\n|move|p1a: Espeon|Psyshock|p2a: Trisha\n|-supereffective|p2a: Trisha\n|-damage|p2a: Trisha|14\/100\n|\n|-heal|p1a: Espeon|73\/100|[from] item: Leftovers\n|-heal|p2a: Trisha|20\/100|[from] item: Leftovers\n|upkeep\n|turn|13\n|\n|t:|1701171011\n|switch|p2a: He Ran|Heatran, F|88\/100\n|-damage|p2a: He Ran|76\/100|[from] Stealth Rock\n|move|p1a: Espeon|Psyshock|p2a: He Ran\n|-resisted|p2a: He Ran\n|-damage|p2a: He Ran|60\/100\n|\n|-heal|p1a: Espeon|79\/100|[from] item: Leftovers\n|upkeep\n|turn|14\n|\n|t:|1701171019\n|switch|p1a: Garganacl|Garganacl, M, shiny|100\/100\n|move|p2a: He Ran|Magma Storm|p1a: Garganacl|[miss]\n|-miss|p2a: He Ran|p1a: Garganacl\n|\n|upkeep\n|turn|15\n|\n|t:|1701171031\n|switch|p2a: Ben|Great Tusk, shiny|100\/100\n|-damage|p2a: Ben|97\/100|[from] Stealth Rock\n|move|p1a: Garganacl|Salt Cure|p2a: Ben\n|-resisted|p2a: Ben\n|-damage|p2a: Ben|96\/100\n|-start|p2a: Ben|Salt Cure\n|\n|-heal|p2a: Ben|100\/100|[from] item: Leftovers\n|-damage|p2a: Ben|88\/100|[from] Salt Cure\n|upkeep\n|turn|16\n|\n|t:|1701171038\n|-terastallize|p1a: Garganacl|Ghost\n|move|p2a: Ben|Rapid Spin|p1a: Garganacl\n|-immune|p1a: Garganacl\n|move|p1a: Garganacl|Iron Defense|p1a: Garganacl\n|-boost|p1a: Garganacl|def|2\n|\n|-heal|p2a: Ben|94\/100|[from] item: Leftovers\n|-damage|p2a: Ben|82\/100|[from] Salt Cure\n|upkeep\n|turn|17\n|\n|t:|1701171042\n|-end|p2a: Ben|Protosynthesis|[silent]\n|switch|p2a: Trisha|Toxapex, F|53\/100\n|-damage|p2a: Trisha|41\/100|[from] Stealth Rock\n|move|p1a: Garganacl|Salt Cure|p2a: Trisha\n|-damage|p2a: Trisha|31\/100\n|-start|p2a: Trisha|Salt Cure\n|\n|-heal|p2a: Trisha|37\/100|[from] item: Leftovers\n|-damage|p2a: Trisha|12\/100|[from] Salt Cure\n|upkeep\n|turn|18\n|\n|t:|1701171050\n|switch|p1a: Glimmora|Glimmora, F|95\/100\n|move|p2a: Trisha|Recover|p2a: Trisha\n|-heal|p2a: Trisha|62\/100\n|\n|-heal|p2a: Trisha|68\/100|[from] item: Leftovers\n|-damage|p2a: Trisha|43\/100|[from] Salt Cure\n|upkeep\n|turn|19\n|\n|t:|1701171057\n|move|p1a: Glimmora|Spikes|p2a: Trisha\n|-sidestart|p2: trap x loop|Spikes\n|move|p2a: Trisha|Haze|p2a: Trisha\n|-clearallboost\n|\n|-heal|p2a: Trisha|49\/100|[from] item: Leftovers\n|-damage|p2a: Trisha|25\/100|[from] Salt Cure\n|upkeep\n|turn|20\n|\n|t:|1701171070\n|switch|p2a: Trish|Hatterene, F|53\/100\n|-damage|p2a: Trish|40\/100|[from] Stealth Rock\n|-damage|p2a: Trish|28\/100|[from] Spikes\n|move|p1a: Glimmora|Mortal Spin|p2a: Trish\n|-supereffective|p2a: Trish\n|-damage|p2a: Trish|19\/100\n|-status|p2a: Trish|psn\n|\n|-heal|p2a: Trish|25\/100 psn|[from] item: Leftovers\n|-damage|p2a: Trish|12\/100 psn|[from] psn\n|upkeep\n|turn|21\n|\n|t:|1701171079\n|switch|p1a: Garganacl|Garganacl, M, shiny, tera:Ghost|100\/100\n|move|p2a: Trish|Psyshock|p1a: Garganacl\n|-damage|p1a: Garganacl|75\/100\n|\n|-heal|p1a: Garganacl|81\/100|[from] item: Leftovers\n|-heal|p2a: Trish|18\/100 psn|[from] item: Leftovers\n|-damage|p2a: Trish|6\/100 psn|[from] psn\n|upkeep\n|turn|22\n|\n|t:|1701171085\n|move|p1a: Garganacl|Iron Defense|p1a: Garganacl\n|-boost|p1a: Garganacl|def|2\n|move|p2a: Trish|Draining Kiss|p1a: Garganacl\n|-damage|p1a: Garganacl|66\/100\n|-heal|p2a: Trish|20\/100 psn|[from] drain|[of] p1a: Garganacl\n|\n|-heal|p1a: Garganacl|72\/100|[from] item: Leftovers\n|-heal|p2a: Trish|26\/100 psn|[from] item: Leftovers\n|-damage|p2a: Trish|14\/100 psn|[from] psn\n|upkeep\n|turn|23\n|\n|t:|1701171092\n|move|p1a: Garganacl|Salt Cure|p2a: Trish\n|-damage|p2a: Trish|2\/100 psn\n|-start|p2a: Trish|Salt Cure\n|move|p2a: Trish|Draining Kiss|p1a: Garganacl\n|-damage|p1a: Garganacl|56\/100\n|-heal|p2a: Trish|17\/100 psn|[from] drain|[of] p1a: Garganacl\n|\n|-heal|p1a: Garganacl|62\/100|[from] item: Leftovers\n|-heal|p2a: Trish|23\/100 psn|[from] item: Leftovers\n|-damage|p2a: Trish|11\/100 psn|[from] psn\n|-damage|p2a: Trish|0 fnt|[from] Salt Cure\n|faint|p2a: Trish\n|upkeep\n|\n|t:|1701171096\n|switch|p2a: Trisha|Toxapex, F|58\/100\n|-damage|p2a: Trisha|46\/100|[from] Stealth Rock\n|-damage|p2a: Trisha|34\/100|[from] Spikes\n|turn|24\n|\n|t:|1701171107\n|move|p2a: Trisha|Recover|p2a: Trisha\n|-heal|p2a: Trisha|84\/100\n|move|p1a: Garganacl|Salt Cure|p2a: Trisha\n|-damage|p2a: Trisha|73\/100\n|-start|p2a: Trisha|Salt Cure\n|\n|-heal|p2a: Trisha|79\/100|[from] item: Leftovers\n|-heal|p1a: Garganacl|68\/100|[from] item: Leftovers\n|-damage|p2a: Trisha|55\/100|[from] Salt Cure\n|upkeep\n|turn|25\n|\n|t:|1701171114\n|move|p1a: Garganacl|Salt Cure|p2a: Trisha\n|-crit|p2a: Trisha\n|-damage|p2a: Trisha|38\/100\n|move|p2a: Trisha|Recover|p2a: Trisha\n|-heal|p2a: Trisha|88\/100\n|\n|-heal|p1a: Garganacl|74\/100|[from] item: Leftovers\n|-heal|p2a: Trisha|94\/100|[from] item: Leftovers\n|-damage|p2a: Trisha|69\/100|[from] Salt Cure\n|upkeep\n|turn|26\n|\n|t:|1701171119\n|move|p2a: Trisha|Haze|p2a: Trisha\n|-clearallboost\n|move|p1a: Garganacl|Salt Cure|p2a: Trisha\n|-damage|p2a: Trisha|58\/100\n|\n|-heal|p1a: Garganacl|80\/100|[from] item: Leftovers\n|-heal|p2a: Trisha|64\/100|[from] item: Leftovers\n|-damage|p2a: Trisha|39\/100|[from] Salt Cure\n|upkeep\n|turn|27\n|\n|t:|1701171126\n|switch|p2a: Ben|Great Tusk, shiny|82\/100\n|-damage|p2a: Ben|79\/100|[from] Stealth Rock\n|-damage|p2a: Ben|66\/100|[from] Spikes\n|move|p1a: Garganacl|Iron Defense|p1a: Garganacl\n|-boost|p1a: Garganacl|def|2\n|\n|-heal|p2a: Ben|73\/100|[from] item: Leftovers\n|-heal|p1a: Garganacl|87\/100|[from] item: Leftovers\n|upkeep\n|turn|28\n|\n|t:|1701171134\n|-end|p2a: Ben|Protosynthesis|[silent]\n|switch|p2a: Trisha|Toxapex, F|72\/100\n|-damage|p2a: Trisha|60\/100|[from] Stealth Rock\n|-damage|p2a: Trisha|48\/100|[from] Spikes\n|move|p1a: Garganacl|Salt Cure|p2a: Trisha\n|-damage|p2a: Trisha|37\/100\n|-start|p2a: Trisha|Salt Cure\n|\n|-heal|p2a: Trisha|43\/100|[from] item: Leftovers\n|-heal|p1a: Garganacl|93\/100|[from] item: Leftovers\n|-damage|p2a: Trisha|18\/100|[from] Salt Cure\n|upkeep\n|turn|29\n|\n|t:|1701171138\n|move|p1a: Garganacl|Iron Defense|p1a: Garganacl\n|-boost|p1a: Garganacl|def|2\n|move|p2a: Trisha|Recover|p2a: Trisha\n|-heal|p2a: Trisha|68\/100\n|\n|-heal|p2a: Trisha|74\/100|[from] item: Leftovers\n|-heal|p1a: Garganacl|99\/100|[from] item: Leftovers\n|-damage|p2a: Trisha|50\/100|[from] Salt Cure\n|upkeep\n|turn|30\n|\n|t:|1701171140\n|move|p2a: Trisha|Haze|p2a: Trisha\n|-clearallboost\n|move|p1a: Garganacl|Salt Cure|p2a: Trisha\n|-damage|p2a: Trisha|39\/100\n|\n|-heal|p2a: Trisha|45\/100|[from] item: Leftovers\n|-heal|p1a: Garganacl|100\/100|[from] item: Leftovers\n|-damage|p2a: Trisha|20\/100|[from] Salt Cure\n|upkeep\n|turn|31\n|\n|t:|1701171144\n|switch|p2a: He Ran|Heatran, F|60\/100\n|-damage|p2a: He Ran|48\/100|[from] Stealth Rock\n|-damage|p2a: He Ran|35\/100|[from] Spikes\n|move|p1a: Garganacl|Iron Defense|p1a: Garganacl\n|-boost|p1a: Garganacl|def|2\n|\n|upkeep\n|turn|32\n|\n|t:|1701171146\n|move|p2a: He Ran|Magma Storm|p1a: Garganacl\n|-damage|p1a: Garganacl|73\/100\n|-activate|p1a: Garganacl|move: Magma Storm|[of] p2a: He Ran\n|move|p1a: Garganacl|Salt Cure|p2a: He Ran\n|-damage|p2a: He Ran|24\/100\n|-start|p2a: He Ran|Salt Cure\n|\n|-heal|p1a: Garganacl|79\/100|[from] item: Leftovers\n|-damage|p2a: He Ran|0 fnt|[from] Salt Cure\n|faint|p2a: He Ran\n|-end|p1a: Garganacl|Magma Storm|[partiallytrapped]|[silent]\n|upkeep\n|\n|t:|1701171150\n|switch|p2a: Joeverpon|Ogerpon-Cornerstone, F|100\/100\n|-damage|p2a: Joeverpon|88\/100|[from] Stealth Rock\n|-damage|p2a: Joeverpon|76\/100|[from] Spikes\n|turn|33\n|c|\u2606liaoya|gg\n|\n|t:|1701171158\n|move|p2a: Joeverpon|Swords Dance|p2a: Joeverpon\n|-boost|p2a: Joeverpon|atk|2\n|move|p1a: Garganacl|Body Press|p2a: Joeverpon\n|-supereffective|p2a: Joeverpon\n|-damage|p2a: Joeverpon|0 fnt\n|faint|p2a: Joeverpon\n|\n|-heal|p1a: Garganacl|85\/100|[from] item: Leftovers\n|upkeep\n|-message|trap x loop forfeited.\n|\n|win|liaoya\n|raw|liaoya's rating: 1587 &rarr; <strong>1605<\/strong><br \/>(+18 for winning)\n|raw|trap x loop's rating: 1547 &rarr; <strong>1529<\/strong><br \/>(-18 for losing)\n","uploadtime":1701171164,"views":2,"p1id":"liaoya","p2id":"trapxloop","formatid":"gen9ou","rating":1529,"private":0,"password":""}