{"id":"gen9ou-1998007364","p1":"Plplk","p2":"07Pineapple07","format":"[Gen 9] OU","log":"|j|\u2606Plplk\n|j|\u260607Pineapple07\n|inactive|Battle timer is ON: inactive players will automatically lose when time's up.\n|t:|1700878221\n|gametype|singles\n|player|p1|Plplk|alec-anime|\n|player|p2|07Pineapple07|nate|\n|teamsize|p1|6\n|teamsize|p2|6\n|gen|9\n|tier|[Gen 9] OU\n|rated|Tournament battle\n|rule|Sleep Clause Mod: Limit one foe put to sleep\n|rule|Species Clause: Limit one of each Pok\u00e9mon\n|rule|OHKO Clause: OHKO moves are banned\n|rule|Evasion Items Clause: Evasion items are banned\n|rule|Evasion Moves Clause: Evasion moves are banned\n|rule|Endless Battle Clause: Forcing endless battles is banned\n|rule|HP Percentage Mod: HP is shown in percentages\n|clearpoke\n|poke|p1|Ogerpon, F|\n|poke|p1|Iron Moth|\n|poke|p1|Gholdengo|\n|poke|p1|Great Tusk|\n|poke|p1|Ninetales-Alola, M|\n|poke|p1|Greninja-*, M|\n|poke|p2|Braviary-Hisui, M|\n|poke|p2|Ceruledge, M|\n|poke|p2|Kingambit, M|\n|poke|p2|Ninetales-Alola, M|\n|poke|p2|Toxapex, F|\n|poke|p2|Walking Wake|\n|teampreview\n|\n|t:|1700878229\n|start\n|switch|p1a: Greninja|Greninja, M|100\/100\n|switch|p2a: Ninetales|Ninetales-Alola, M|100\/100\n|-weather|Snow|[from] ability: Snow Warning|[of] p2a: Ninetales\n|turn|1\n|j| kakosaru\n|\n|t:|1700878252\n|move|p1a: Greninja|Surf|p2a: Ninetales\n|-crit|p2a: Ninetales\n|-damage|p2a: Ninetales|38\/100\n|move|p2a: Ninetales|Aurora Veil|p2a: Ninetales\n|-sidestart|p2: 07Pineapple07|move: Aurora Veil\n|\n|-weather|Snow|[upkeep]\n|upkeep\n|turn|2\n|\n|t:|1700878259\n|move|p1a: Greninja|Surf|p2a: Ninetales\n|-damage|p2a: Ninetales|19\/100\n|move|p2a: Ninetales|Freeze-Dry|p1a: Greninja\n|-supereffective|p1a: Greninja\n|-damage|p1a: Greninja|39\/100\n|\n|-weather|Snow|[upkeep]\n|upkeep\n|turn|3\n|\n|t:|1700878283\n|switch|p2a: Toxapex|Toxapex, F|100\/100\n|move|p1a: Greninja|Surf|p2a: Toxapex\n|-resisted|p2a: Toxapex\n|-damage|p2a: Toxapex|93\/100\n|\n|-weather|Snow|[upkeep]\n|-heal|p2a: Toxapex|99\/100|[from] item: Leftovers\n|upkeep\n|turn|4\n|\n|t:|1700878288\n|switch|p1a: Gholdengo|Gholdengo|100\/100\n|move|p2a: Toxapex|Toxic|p1a: Gholdengo\n|-immune|p1a: Gholdengo|[from] ability: Good as Gold\n|\n|-weather|Snow|[upkeep]\n|-heal|p2a: Toxapex|100\/100|[from] item: Leftovers\n|upkeep\n|turn|5\n|\n|t:|1700878294\n|switch|p2a: Ceruledge|Ceruledge, M|100\/100\n|move|p1a: Gholdengo|Trick|p2a: Ceruledge\n|-activate|p1a: Gholdengo|move: Trick|[of] p2a: Ceruledge\n|-item|p2a: Ceruledge|Choice Scarf|[from] move: Trick\n|-item|p1a: Gholdengo|Heavy-Duty Boots|[from] move: Trick\n|\n|-weather|none\n|upkeep\n|turn|6\n|\n|t:|1700878309\n|switch|p1a: Great Tusk|Great Tusk, shiny|100\/100\n|-terastallize|p2a: Ceruledge|Bug\n|move|p2a: Ceruledge|Bitter Blade|p1a: Great Tusk\n|-damage|p1a: Great Tusk|75\/100\n|\n|upkeep\n|turn|7\n|\n|t:|1700878318\n|switch|p2a: Braviary|Braviary-Hisui, M, shiny|100\/100\n|move|p1a: Great Tusk|Rapid Spin|p2a: Braviary\n|-damage|p2a: Braviary|93\/100\n|-boost|p1a: Great Tusk|spe|1\n|\n|upkeep\n|turn|8\n|\n|t:|1700878326\n|-end|p1a: Great Tusk|Protosynthesis|[silent]\n|switch|p1a: Gholdengo|Gholdengo|100\/100\n|move|p2a: Braviary|Hurricane|p1a: Gholdengo|[miss]\n|-miss|p2a: Braviary|p1a: Gholdengo\n|\n|-sideend|p2: 07Pineapple07|move: Aurora Veil\n|upkeep\n|turn|9\n|\n|t:|1700878341\n|move|p1a: Gholdengo|Shadow Ball|p2a: Braviary\n|-supereffective|p2a: Braviary\n|-damage|p2a: Braviary|0 fnt\n|faint|p2a: Braviary\n|\n|upkeep\n|\n|t:|1700878347\n|switch|p2a: Ninetales|Ninetales-Alola, M|19\/100\n|-weather|Snow|[from] ability: Snow Warning|[of] p2a: Ninetales\n|turn|10\n|\n|t:|1700878353\n|move|p2a: Ninetales|Aurora Veil|p2a: Ninetales\n|-sidestart|p2: 07Pineapple07|move: Aurora Veil\n|move|p1a: Gholdengo|Shadow Ball|p2a: Ninetales\n|-damage|p2a: Ninetales|0 fnt\n|faint|p2a: Ninetales\n|\n|-weather|Snow|[upkeep]\n|upkeep\n|\n|t:|1700878358\n|switch|p2a: Kingambit|Kingambit, M|100\/100\n|-activate|p2a: Kingambit|ability: Supreme Overlord\n|-start|p2a: Kingambit|fallen2|[silent]\n|turn|11\n|\n|t:|1700878367\n|switch|p1a: Great Tusk|Great Tusk, shiny|75\/100\n|move|p2a: Kingambit|Kowtow Cleave|p1a: Great Tusk\n|-resisted|p1a: Great Tusk\n|-damage|p1a: Great Tusk|55\/100\n|\n|-weather|Snow|[upkeep]\n|upkeep\n|turn|12\n|\n|t:|1700878378\n|-end|p2a: Kingambit|fallen2|[silent]\n|switch|p2a: Ceruledge|Ceruledge, M, tera:Bug|100\/100\n|move|p1a: Great Tusk|Knock Off|p2a: Ceruledge\n|-damage|p2a: Ceruledge|85\/100\n|-enditem|p2a: Ceruledge|Choice Scarf|[from] move: Knock Off|[of] p1a: Great Tusk\n|\n|-weather|Snow|[upkeep]\n|upkeep\n|turn|13\n|\n|t:|1700878388\n|-end|p1a: Great Tusk|Protosynthesis|[silent]\n|switch|p1a: Greninja|Greninja, M|39\/100\n|move|p2a: Ceruledge|Bulk Up|p2a: Ceruledge\n|-boost|p2a: Ceruledge|atk|1\n|-boost|p2a: Ceruledge|def|1\n|\n|-weather|Snow|[upkeep]\n|upkeep\n|turn|14\n|\n|t:|1700878394\n|move|p1a: Greninja|Dark Pulse|p2a: Ceruledge\n|-damage|p2a: Ceruledge|73\/100\n|cant|p2a: Ceruledge|flinch\n|\n|-weather|none\n|upkeep\n|turn|15\n|\n|t:|1700878405\n|move|p1a: Greninja|Surf|p2a: Ceruledge\n|-damage|p2a: Ceruledge|59\/100\n|move|p2a: Ceruledge|Bulk Up|p2a: Ceruledge\n|-boost|p2a: Ceruledge|atk|1\n|-boost|p2a: Ceruledge|def|1\n|\n|upkeep\n|turn|16\n|\n|t:|1700878411\n|move|p1a: Greninja|Surf|p2a: Ceruledge\n|-damage|p2a: Ceruledge|44\/100\n|move|p2a: Ceruledge|Bulk Up|p2a: Ceruledge\n|-boost|p2a: Ceruledge|atk|1\n|-boost|p2a: Ceruledge|def|1\n|\n|upkeep\n|turn|17\n|\n|t:|1700878413\n|move|p1a: Greninja|Water Shuriken|p2a: Ceruledge\n|-damage|p2a: Ceruledge|42\/100\n|-damage|p2a: Ceruledge|39\/100\n|-hitcount|p2a: Ceruledge|2\n|move|p2a: Ceruledge|Bitter Blade|p1a: Greninja\n|-resisted|p1a: Greninja\n|-damage|p1a: Greninja|0 fnt\n|-heal|p2a: Ceruledge|55\/100|[from] drain|[of] p1a: Greninja\n|faint|p1a: Greninja\n|\n|-sideend|p2: 07Pineapple07|move: Aurora Veil\n|upkeep\n|j| 5EternalNoob5\n|\n|t:|1700878429\n|switch|p1a: Iron Moth|Iron Moth|100\/100\n|-enditem|p1a: Iron Moth|Booster Energy\n|-activate|p1a: Iron Moth|ability: Quark Drive|[fromitem]\n|-start|p1a: Iron Moth|quarkdrivespe\n|turn|18\n|\n|t:|1700878439\n|move|p2a: Ceruledge|Shadow Sneak|p1a: Iron Moth\n|-damage|p1a: Iron Moth|38\/100\n|move|p1a: Iron Moth|Sludge Wave|p2a: Ceruledge\n|-damage|p2a: Ceruledge|21\/100\n|\n|upkeep\n|turn|19\n|\n|t:|1700878445\n|-end|p1a: Iron Moth|Quark Drive|[silent]\n|switch|p1a: Ninetales|Ninetales-Alola, M|100\/100\n|-weather|Snow|[from] ability: Snow Warning|[of] p1a: Ninetales\n|move|p2a: Ceruledge|Shadow Sneak|p1a: Ninetales\n|-damage|p1a: Ninetales|76\/100\n|-damage|p2a: Ceruledge|4\/100|[from] item: Rocky Helmet|[of] p1a: Ninetales\n|\n|-weather|Snow|[upkeep]\n|upkeep\n|turn|20\n|\n|t:|1700878458\n|switch|p1a: Iron Moth|Iron Moth|38\/100\n|move|p2a: Ceruledge|Bitter Blade|p1a: Iron Moth\n|-resisted|p1a: Iron Moth\n|-damage|p1a: Iron Moth|0 fnt\n|-heal|p2a: Ceruledge|22\/100|[from] drain|[of] p1a: Iron Moth\n|faint|p1a: Iron Moth\n|-end|p1a: Iron Moth|Quark Drive|[silent]\n|\n|-weather|Snow|[upkeep]\n|upkeep\n|\n|t:|1700878464\n|switch|p1a: Ninetales|Ninetales-Alola, M|76\/100\n|turn|21\n|\n|t:|1700878468\n|-terastallize|p1a: Ninetales|Water\n|move|p1a: Ninetales|Moonblast|p2a: Ceruledge\n|-crit|p2a: Ceruledge\n|-damage|p2a: Ceruledge|0 fnt\n|faint|p2a: Ceruledge\n|\n|-weather|Snow|[upkeep]\n|upkeep\n|l| 5EternalNoob5\n|j| lplpk\n|\n|t:|1700878476\n|switch|p2a: Toxapex|Toxapex, F|100\/100\n|turn|22\n|\n|t:|1700878483\n|switch|p1a: Gholdengo|Gholdengo|100\/100\n|switch|p2a: Walking Wake|Walking Wake|100\/100\n|\n|-weather|Snow|[upkeep]\n|upkeep\n|turn|23\n|\n|t:|1700878491\n|move|p2a: Walking Wake|Flamethrower|p1a: Gholdengo\n|-supereffective|p1a: Gholdengo\n|-damage|p1a: Gholdengo|0 fnt\n|faint|p1a: Gholdengo\n|\n|-weather|none\n|upkeep\n|\n|t:|1700878496\n|switch|p1a: Great Tusk|Great Tusk, shiny|55\/100\n|turn|24\n|\n|t:|1700878505\n|-end|p2a: Walking Wake|Protosynthesis|[silent]\n|switch|p2a: Kingambit|Kingambit, M|100\/100\n|-activate|p2a: Kingambit|ability: Supreme Overlord\n|-start|p2a: Kingambit|fallen3|[silent]\n|move|p1a: Great Tusk|Earthquake|p2a: Kingambit\n|-supereffective|p2a: Kingambit\n|-damage|p2a: Kingambit|32\/100\n|\n|upkeep\n|turn|25\n|\n|t:|1700878515\n|-end|p2a: Kingambit|fallen3|[silent]\n|switch|p2a: Walking Wake|Walking Wake|100\/100\n|move|p1a: Great Tusk|Earthquake|p2a: Walking Wake\n|-damage|p2a: Walking Wake|51\/100\n|\n|upkeep\n|turn|26\n|\n|t:|1700878524\n|move|p2a: Walking Wake|Hydro Steam|p1a: Great Tusk\n|-supereffective|p1a: Great Tusk\n|-damage|p1a: Great Tusk|0 fnt\n|faint|p1a: Great Tusk\n|-end|p1a: Great Tusk|Protosynthesis|[silent]\n|\n|upkeep\n|\n|t:|1700878527\n|switch|p1a: Ninetales|Ninetales-Alola, M, tera:Water|76\/100\n|-weather|Snow|[from] ability: Snow Warning|[of] p1a: Ninetales\n|turn|27\n|\n|t:|1700878533\n|move|p2a: Walking Wake|Hydro Steam|p1a: Ninetales\n|-resisted|p1a: Ninetales\n|-damage|p1a: Ninetales|46\/100\n|move|p1a: Ninetales|Moonblast|p2a: Walking Wake\n|-supereffective|p2a: Walking Wake\n|-damage|p2a: Walking Wake|0 fnt\n|faint|p2a: Walking Wake\n|-end|p2a: Walking Wake|Protosynthesis|[silent]\n|\n|-weather|Snow|[upkeep]\n|upkeep\n|\n|t:|1700878537\n|switch|p2a: Kingambit|Kingambit, M|32\/100\n|-activate|p2a: Kingambit|ability: Supreme Overlord\n|-start|p2a: Kingambit|fallen4|[silent]\n|turn|28\n|\n|t:|1700878541\n|move|p2a: Kingambit|Sucker Punch||[still]\n|-fail|p2a: Kingambit\n|move|p1a: Ninetales|Aurora Veil|p1a: Ninetales\n|-sidestart|p1: Plplk|move: Aurora Veil\n|\n|-weather|Snow|[upkeep]\n|upkeep\n|turn|29\n|\n|t:|1700878547\n|move|p2a: Kingambit|Sucker Punch||[still]\n|-fail|p2a: Kingambit\n|move|p1a: Ninetales|Encore|p2a: Kingambit\n|-start|p2a: Kingambit|Encore\n|\n|-weather|Snow|[upkeep]\n|upkeep\n|turn|30\n|\n|t:|1700878552\n|switch|p1a: Ogerpon|Ogerpon, F|100\/100\n|move|p2a: Kingambit|Sucker Punch||[still]\n|-fail|p2a: Kingambit\n|\n|-weather|Snow|[upkeep]\n|upkeep\n|turn|31\n|\n|t:|1700878557\n|-end|p2a: Kingambit|fallen4|[silent]\n|switch|p2a: Toxapex|Toxapex, F|100\/100\n|move|p1a: Ogerpon|Swords Dance|p1a: Ogerpon\n|-boost|p1a: Ogerpon|atk|2\n|\n|-weather|none\n|upkeep\n|turn|32\n|\n|t:|1700878561\n|move|p1a: Ogerpon|Ivy Cudgel|p2a: Toxapex\n|-damage|p2a: Toxapex|39\/100\n|move|p2a: Toxapex|Toxic|p1a: Ogerpon\n|-status|p1a: Ogerpon|tox\n|\n|-heal|p2a: Toxapex|45\/100|[from] item: Leftovers\n|-damage|p1a: Ogerpon|95\/100 tox|[from] psn\n|-sideend|p1: Plplk|move: Aurora Veil\n|upkeep\n|turn|33\n|\n|t:|1700878569\n|switch|p2a: Kingambit|Kingambit, M|32\/100\n|-activate|p2a: Kingambit|ability: Supreme Overlord\n|-start|p2a: Kingambit|fallen4|[silent]\n|move|p1a: Ogerpon|Ivy Cudgel|p2a: Kingambit\n|-resisted|p2a: Kingambit\n|-crit|p2a: Kingambit\n|-damage|p2a: Kingambit|0 fnt\n|faint|p2a: Kingambit\n|-end|p2a: Kingambit|fallen4|[silent]\n|\n|-damage|p1a: Ogerpon|83\/100 tox|[from] psn\n|upkeep\n|\n|t:|1700878576\n|switch|p2a: Toxapex|Toxapex, F|78\/100\n|turn|34\n|\n|t:|1700878579\n|move|p1a: Ogerpon|Ivy Cudgel|p2a: Toxapex\n|-damage|p2a: Toxapex|9\/100\n|move|p2a: Toxapex|Haze|p2a: Toxapex\n|-clearallboost\n|\n|-heal|p2a: Toxapex|16\/100|[from] item: Leftovers\n|-damage|p1a: Ogerpon|65\/100 tox|[from] psn\n|upkeep\n|turn|35\n|\n|t:|1700878585\n|move|p1a: Ogerpon|Ivy Cudgel|p2a: Toxapex\n|-damage|p2a: Toxapex|0 fnt\n|faint|p2a: Toxapex\n|\n|win|Plplk\n|n|\u2606Plplk|plplk\n|n|\u260607Pineapple07|07pineapple07\n|n| kakosaru|kakosaru\n|n| lplpk|lplpk\n","uploadtime":1700878586,"views":1,"p1id":"plplk","p2id":"07pineapple07","formatid":"gen9ou","rating":0,"private":0,"password":""}