{"id":"gen9ou-1991010850","p1":"MountCoroscept","p2":"tekken_is_life","format":"[Gen 9] OU","log":"|j|\u2606MountCoroscept\n|j|\u2606tekken_is_life\n|t:|1700027538\n|gametype|singles\n|player|p1|MountCoroscept|rocketgrunt|1682\n|player|p2|tekken_is_life|riley|1665\n|teamsize|p1|6\n|teamsize|p2|6\n|gen|9\n|tier|[Gen 9] OU\n|rated|\n|rule|Sleep Clause Mod: Limit one foe put to sleep\n|rule|Species Clause: Limit one of each Pok\u00e9mon\n|rule|OHKO Clause: OHKO moves are banned\n|rule|Evasion Items Clause: Evasion items are banned\n|rule|Evasion Moves Clause: Evasion moves are banned\n|rule|Endless Battle Clause: Forcing endless battles is banned\n|rule|HP Percentage Mod: HP is shown in percentages\n|clearpoke\n|poke|p1|Hydreigon, M|\n|poke|p1|Cinderace, M|\n|poke|p1|Enamorus, F|\n|poke|p1|Landorus-Therian, M|\n|poke|p1|Empoleon, F|\n|poke|p1|Conkeldurr, M|\n|poke|p2|Mamoswine, M|\n|poke|p2|Enamorus, F|\n|poke|p2|Ribombee, F|\n|poke|p2|Gholdengo|\n|poke|p2|Great Tusk|\n|poke|p2|Hydreigon, F|\n|teampreview\n|inactive|Battle timer is ON: inactive players will automatically lose when time's up. (requested by MountCoroscept)\n|\n|t:|1700027569\n|start\n|switch|p1a: Empoleon|Empoleon, F|100\/100\n|switch|p2a: Ribombee|Ribombee, F|100\/100\n|turn|1\n|\n|t:|1700027583\n|move|p2a: Ribombee|Sticky Web|p1a: Empoleon\n|-sidestart|p1: MountCoroscept|move: Sticky Web\n|move|p1a: Empoleon|Flip Turn|p2a: Ribombee\n|-damage|p2a: Ribombee|66\/100\n|\n|t:|1700027587\n|switch|p1a: Enamorus|Enamorus, F|100\/100|[from] Flip Turn\n|\n|upkeep\n|turn|2\n|\n|t:|1700027591\n|-terastallize|p1a: Enamorus|Fairy\n|move|p1a: Enamorus|Moonblast|p2a: Ribombee\n|-damage|p2a: Ribombee|0 fnt\n|faint|p2a: Ribombee\n|\n|upkeep\n|\n|t:|1700027605\n|switch|p2a: Gholdengo|Gholdengo|100\/100\n|-item|p2a: Gholdengo|Air Balloon\n|turn|3\n|\n|t:|1700027614\n|switch|p1a: Empoleon|Empoleon, F|100\/100\n|-activate|p1a: Empoleon|move: Sticky Web\n|-unboost|p1a: Empoleon|spe|1\n|-ability|p1a: Empoleon|Competitive|boost\n|-boost|p1a: Empoleon|spa|2\n|switch|p2a: Great Tusk|Great Tusk|100\/100\n|-enditem|p2a: Great Tusk|Booster Energy\n|-activate|p2a: Great Tusk|ability: Protosynthesis|[fromitem]\n|-start|p2a: Great Tusk|protosynthesisatk\n|\n|upkeep\n|turn|4\n|\n|t:|1700027619\n|switch|p1a: Landorus|Landorus-Therian, M|100\/100\n|-ability|p1a: Landorus|Intimidate|boost\n|-unboost|p2a: Great Tusk|atk|1\n|move|p2a: Great Tusk|Rapid Spin|p1a: Landorus\n|-damage|p1a: Landorus|88\/100\n|-boost|p2a: Great Tusk|spe|1\n|\n|-heal|p1a: Landorus|94\/100|[from] item: Leftovers\n|upkeep\n|turn|5\n|\n|t:|1700027624\n|move|p2a: Great Tusk|Bulk Up|p2a: Great Tusk\n|-boost|p2a: Great Tusk|atk|1\n|-boost|p2a: Great Tusk|def|1\n|move|p1a: Landorus|Swords Dance|p1a: Landorus\n|-boost|p1a: Landorus|atk|2\n|\n|-heal|p1a: Landorus|100\/100|[from] item: Leftovers\n|upkeep\n|turn|6\n|\n|t:|1700027629\n|switch|p1a: Enamorus|Enamorus, F, tera:Fairy|100\/100\n|-activate|p1a: Enamorus|move: Sticky Web\n|-boost|p1a: Enamorus|spe|1\n|move|p2a: Great Tusk|Bulk Up|p2a: Great Tusk\n|-boost|p2a: Great Tusk|atk|1\n|-boost|p2a: Great Tusk|def|1\n|\n|upkeep\n|turn|7\n|\n|t:|1700027643\n|-terastallize|p2a: Great Tusk|Fire\n|move|p1a: Enamorus|Moonblast|p2a: Great Tusk\n|-resisted|p2a: Great Tusk\n|-damage|p2a: Great Tusk|59\/100\n|-unboost|p2a: Great Tusk|spa|1\n|move|p2a: Great Tusk|Rapid Spin|p1a: Enamorus\n|-damage|p1a: Enamorus|57\/100\n|-boost|p2a: Great Tusk|spe|1\n|\n|upkeep\n|turn|8\n|\n|t:|1700027670\n|move|p1a: Enamorus|Moonblast|p2a: Great Tusk\n|-resisted|p2a: Great Tusk\n|-damage|p2a: Great Tusk|18\/100\n|move|p2a: Great Tusk|Earthquake|p1a: Enamorus\n|-damage|p1a: Enamorus|0 fnt\n|faint|p1a: Enamorus\n|\n|upkeep\n|\n|t:|1700027675\n|switch|p1a: Landorus|Landorus-Therian, M|100\/100\n|-ability|p1a: Landorus|Intimidate|boost\n|-unboost|p2a: Great Tusk|atk|1\n|turn|9\n|\n|t:|1700027678\n|move|p2a: Great Tusk|Ice Spinner|p1a: Landorus\n|-supereffective|p1a: Landorus\n|-damage|p1a: Landorus|0 fnt\n|faint|p1a: Landorus\n|\n|upkeep\n|\n|t:|1700027681\n|switch|p1a: Conkeldurr|Conkeldurr, M|100\/100\n|-activate|p1a: Conkeldurr|move: Sticky Web\n|-unboost|p1a: Conkeldurr|spe|1\n|turn|10\n|j| TheQueerTherapist\n|\n|t:|1700027683\n|move|p2a: Great Tusk|Earthquake|p1a: Conkeldurr\n|-damage|p1a: Conkeldurr|37\/100\n|move|p1a: Conkeldurr|Close Combat|p2a: Great Tusk\n|-damage|p2a: Great Tusk|0 fnt\n|-unboost|p1a: Conkeldurr|def|1\n|-unboost|p1a: Conkeldurr|spd|1\n|faint|p2a: Great Tusk\n|-end|p2a: Great Tusk|Protosynthesis|[silent]\n|\n|-status|p1a: Conkeldurr|brn|[from] item: Flame Orb\n|upkeep\n|\n|t:|1700027698\n|switch|p2a: Gholdengo|Gholdengo|100\/100\n|-item|p2a: Gholdengo|Air Balloon\n|turn|11\n|\n|t:|1700027708\n|switch|p1a: Cinderace|Cinderace, M|100\/100\n|-activate|p1a: Cinderace|move: Sticky Web\n|-unboost|p1a: Cinderace|spe|1\n|move|p2a: Gholdengo|Shadow Ball|p1a: Cinderace\n|-damage|p1a: Cinderace|47\/100\n|\n|upkeep\n|turn|12\n|\n|t:|1700027715\n|move|p1a: Cinderace|Pyro Ball|p2a: Gholdengo\n|-supereffective|p2a: Gholdengo\n|-damage|p2a: Gholdengo|0 fnt\n|-enditem|p2a: Gholdengo|Air Balloon\n|faint|p2a: Gholdengo\n|\n|upkeep\n|\n|t:|1700027722\n|switch|p2a: Mamoswine|Mamoswine, M|100\/100\n|turn|13\n|\n|t:|1700027726\n|move|p2a: Mamoswine|Earthquake|p1a: Cinderace\n|-supereffective|p1a: Cinderace\n|-damage|p1a: Cinderace|0 fnt\n|faint|p1a: Cinderace\n|-damage|p2a: Mamoswine|91\/100|[from] item: Life Orb\n|\n|upkeep\n|\n|t:|1700027731\n|switch|p1a: Conkeldurr|Conkeldurr, M|37\/100 brn\n|-activate|p1a: Conkeldurr|move: Sticky Web\n|-unboost|p1a: Conkeldurr|spe|1\n|turn|14\n|\n|t:|1700027735\n|switch|p2a: Enamorus|Enamorus, F|100\/100\n|move|p1a: Conkeldurr|Mach Punch|p2a: Enamorus\n|-resisted|p2a: Enamorus\n|-damage|p2a: Enamorus|87\/100\n|\n|-damage|p1a: Conkeldurr|31\/100 brn|[from] brn\n|upkeep\n|turn|15\n|\n|t:|1700027744\n|switch|p1a: Hydreigon|Hydreigon, M|100\/100\n|move|p2a: Enamorus|Earth Power|p1a: Hydreigon\n|-immune|p1a: Hydreigon|[from] ability: Levitate\n|\n|upkeep\n|turn|16\n|\n|t:|1700027749\n|switch|p2a: Hydreigon|Hydreigon, F|100\/100\n|move|p1a: Hydreigon|Flash Cannon|p2a: Hydreigon\n|-damage|p2a: Hydreigon|72\/100\n|\n|-heal|p2a: Hydreigon|78\/100|[from] item: Leftovers\n|upkeep\n|turn|17\n|\n|t:|1700027756\n|switch|p2a: Enamorus|Enamorus, F|87\/100\n|move|p1a: Hydreigon|Substitute|p1a: Hydreigon\n|-start|p1a: Hydreigon|Substitute\n|-damage|p1a: Hydreigon|76\/100\n|\n|-heal|p1a: Hydreigon|82\/100|[from] item: Leftovers\n|upkeep\n|turn|18\n|\n|t:|1700027763\n|switch|p2a: Hydreigon|Hydreigon, F|78\/100\n|move|p1a: Hydreigon|Flash Cannon|p2a: Hydreigon\n|-damage|p2a: Hydreigon|51\/100\n|\n|-heal|p1a: Hydreigon|88\/100|[from] item: Leftovers\n|-heal|p2a: Hydreigon|57\/100|[from] item: Leftovers\n|upkeep\n|turn|19\n|\n|t:|1700027768\n|move|p1a: Hydreigon|Flash Cannon|p2a: Hydreigon\n|-damage|p2a: Hydreigon|27\/100\n|move|p2a: Hydreigon|Flash Cannon|p1a: Hydreigon\n|-crit|p1a: Hydreigon\n|-end|p1a: Hydreigon|Substitute\n|\n|-heal|p1a: Hydreigon|94\/100|[from] item: Leftovers\n|-heal|p2a: Hydreigon|33\/100|[from] item: Leftovers\n|upkeep\n|turn|20\n|\n|t:|1700027776\n|move|p1a: Hydreigon|Flash Cannon|p2a: Hydreigon\n|-damage|p2a: Hydreigon|5\/100\n|move|p2a: Hydreigon|Flash Cannon|p1a: Hydreigon\n|-damage|p1a: Hydreigon|64\/100\n|\n|-heal|p1a: Hydreigon|70\/100|[from] item: Leftovers\n|-heal|p2a: Hydreigon|11\/100|[from] item: Leftovers\n|upkeep\n|turn|21\n|\n|t:|1700027781\n|move|p1a: Hydreigon|Flash Cannon|p2a: Hydreigon\n|-damage|p2a: Hydreigon|0 fnt\n|faint|p2a: Hydreigon\n|\n|-heal|p1a: Hydreigon|76\/100|[from] item: Leftovers\n|upkeep\n|\n|t:|1700027783\n|switch|p2a: Enamorus|Enamorus, F|87\/100\n|turn|22\n|\n|t:|1700027790\n|switch|p2a: Mamoswine|Mamoswine, M|91\/100\n|move|p1a: Hydreigon|Flash Cannon|p2a: Mamoswine\n|-supereffective|p2a: Mamoswine\n|-crit|p2a: Mamoswine\n|-damage|p2a: Mamoswine|0 fnt\n|faint|p2a: Mamoswine\n|\n|-heal|p1a: Hydreigon|82\/100|[from] item: Leftovers\n|upkeep\n|-message|tekken_is_life forfeited.\n|\n|win|MountCoroscept\n|raw|MountCoroscept's rating: 1682 &rarr; <strong>1701<\/strong><br \/>(+19 for winning)\n|raw|tekken_is_life's rating: 1665 &rarr; <strong>1646<\/strong><br \/>(-19 for losing)\n|l|\u2606tekken_is_life\n|c|\u2606MountCoroscept|fucking stop\n","uploadtime":1700027797,"views":30,"p1id":"mountcoroscept","p2id":"tekkenislife","formatid":"gen9ou","rating":1646,"private":0,"password":""}