{"id":"gen9ou-1993686745","p1":"kilo_hattie","p2":"CyberH3","format":"[Gen 9] OU","log":"|j|\u2606kilo_hattie\n|j|\u2606CyberH3\n|t:|1700345552\n|gametype|singles\n|player|p1|kilo_hattie|larry|1385\n|player|p2|CyberH3|mars|1437\n|teamsize|p1|6\n|teamsize|p2|6\n|gen|9\n|tier|[Gen 9] OU\n|rated|\n|rule|Sleep Clause Mod: Limit one foe put to sleep\n|rule|Species Clause: Limit one of each Pok\u00e9mon\n|rule|OHKO Clause: OHKO moves are banned\n|rule|Evasion Items Clause: Evasion items are banned\n|rule|Evasion Moves Clause: Evasion moves are banned\n|rule|Endless Battle Clause: Forcing endless battles is banned\n|rule|HP Percentage Mod: HP is shown in percentages\n|clearpoke\n|poke|p1|Rillaboom, F|\n|poke|p1|Sneasler, M|\n|poke|p1|Manaphy|\n|poke|p1|Weezing-Galar, F|\n|poke|p1|Ribombee, M|\n|poke|p1|Gholdengo|\n|poke|p2|Goodra-Hisui, M|\n|poke|p2|Scizor, F|\n|poke|p2|Mimikyu, F|\n|poke|p2|Iron Valiant|\n|poke|p2|Talonflame, F|\n|poke|p2|Lokix, M|\n|teampreview\n|inactive|Battle timer is ON: inactive players will automatically lose when time's up. (requested by kilo_hattie)\n|\n|t:|1700345557\n|start\n|switch|p1a: Ribombee|Ribombee, M, shiny|100\/100\n|switch|p2a: The XO|Talonflame, F|100\/100\n|turn|1\n|\n|t:|1700345561\n|move|p2a: The XO|Taunt|p1a: Ribombee\n|-start|p1a: Ribombee|move: Taunt\n|cant|p1a: Ribombee|move: Taunt|Stun Spore\n|\n|upkeep\n|turn|2\n|\n|t:|1700345568\n|switch|p1a: Weezing|Weezing-Galar, F, shiny|100\/100\n|-ability|p1a: Weezing|Neutralizing Gas\n|-item|p1a: Weezing|Air Balloon\n|move|p2a: The XO|Flare Blitz|p1a: Weezing\n|-damage|p1a: Weezing|64\/100\n|-enditem|p1a: Weezing|Air Balloon\n|-damage|p2a: The XO|87\/100|[from] Recoil\n|\n|-heal|p2a: The XO|93\/100|[from] item: Leftovers\n|upkeep\n|turn|3\n|\n|t:|1700345577\n|-end|p1a: Weezing|ability: Neutralizing Gas\n|switch|p1a: Manaphy|Manaphy, shiny|100\/100\n|move|p2a: The XO|Brave Bird|p1a: Manaphy\n|-damage|p1a: Manaphy|52\/100\n|-damage|p2a: The XO|74\/100|[from] Recoil\n|\n|-heal|p2a: The XO|80\/100|[from] item: Leftovers\n|-heal|p1a: Manaphy|58\/100|[from] item: Leftovers\n|upkeep\n|turn|4\n|\n|t:|1700345583\n|move|p2a: The XO|Taunt|p1a: Manaphy\n|-start|p1a: Manaphy|move: Taunt\n|move|p1a: Manaphy|Scald|p2a: The XO\n|-supereffective|p2a: The XO\n|-damage|p2a: The XO|0 fnt\n|faint|p2a: The XO\n|\n|-heal|p1a: Manaphy|64\/100|[from] item: Leftovers\n|upkeep\n|\n|t:|1700345595\n|switch|p2a: R-TRUS|Iron Valiant|100\/100\n|-enditem|p2a: R-TRUS|Booster Energy\n|-activate|p2a: R-TRUS|ability: Quark Drive|[fromitem]\n|-start|p2a: R-TRUS|quarkdrivespe\n|turn|5\n|\n|t:|1700345607\n|switch|p1a: Weezing|Weezing-Galar, F, shiny|64\/100\n|-ability|p1a: Weezing|Neutralizing Gas\n|move|p2a: R-TRUS|Thunderbolt|p1a: Weezing\n|-damage|p1a: Weezing|22\/100\n|\n|upkeep\n|turn|6\n|\n|t:|1700345610\n|move|p2a: R-TRUS|Thunderbolt|p1a: Weezing\n|-damage|p1a: Weezing|0 fnt\n|faint|p1a: Weezing\n|-end|p1a: Weezing|ability: Neutralizing Gas\n|\n|upkeep\n|\n|t:|1700345614\n|switch|p1a: Ribombee|Ribombee, M, shiny|100\/100\n|turn|7\n|\n|t:|1700345619\n|move|p2a: R-TRUS|Thunderbolt|p1a: Ribombee\n|-damage|p1a: Ribombee|62\/100\n|move|p1a: Ribombee|Stun Spore|p2a: R-TRUS\n|-status|p2a: R-TRUS|par\n|\n|upkeep\n|turn|8\n|\n|t:|1700345625\n|move|p1a: Ribombee|Sticky Web|p2a: R-TRUS\n|-sidestart|p2: CyberH3|move: Sticky Web\n|move|p2a: R-TRUS|Moonblast|p1a: Ribombee\n|-damage|p1a: Ribombee|0 fnt\n|faint|p1a: Ribombee\n|\n|upkeep\n|\n|t:|1700345630\n|switch|p1a: Rillaboom|Rillaboom, F, shiny|100\/100\n|-fieldstart|move: Grassy Terrain|[from] ability: Grassy Surge|[of] p1a: Rillaboom\n|turn|9\n|\n|t:|1700345634\n|-end|p2a: R-TRUS|Quark Drive|[silent]\n|switch|p2a: Snailtare|Goodra-Hisui, M|100\/100\n|-activate|p2a: Snailtare|move: Sticky Web\n|-unboost|p2a: Snailtare|spe|1\n|move|p1a: Rillaboom|Grassy Glide|p2a: Snailtare\n|-ability|p2a: Snailtare|Sap Sipper|boost\n|-boost|p2a: Snailtare|atk|1\n|\n|upkeep\n|turn|10\n|\n|t:|1700345639\n|move|p1a: Rillaboom|Drain Punch|p2a: Snailtare\n|-supereffective|p2a: Snailtare\n|-damage|p2a: Snailtare|49\/100\n|move|p2a: Snailtare|Flamethrower|p1a: Rillaboom\n|-supereffective|p1a: Rillaboom\n|-damage|p1a: Rillaboom|32\/100\n|\n|-heal|p1a: Rillaboom|38\/100|[from] Grassy Terrain\n|-heal|p2a: Snailtare|55\/100|[from] Grassy Terrain\n|-heal|p2a: Snailtare|61\/100|[from] item: Leftovers\n|upkeep\n|turn|11\n|\n|t:|1700345642\n|move|p2a: Snailtare|Protect|p2a: Snailtare\n|-singleturn|p2a: Snailtare|Protect\n|move|p1a: Rillaboom|Drain Punch|p2a: Snailtare\n|-activate|p2a: Snailtare|move: Protect\n|\n|-heal|p1a: Rillaboom|44\/100|[from] Grassy Terrain\n|-heal|p2a: Snailtare|67\/100|[from] Grassy Terrain\n|-heal|p2a: Snailtare|73\/100|[from] item: Leftovers\n|upkeep\n|turn|12\n|\n|t:|1700345645\n|move|p1a: Rillaboom|Drain Punch|p2a: Snailtare\n|-supereffective|p2a: Snailtare\n|-damage|p2a: Snailtare|20\/100\n|-heal|p1a: Rillaboom|68\/100|[from] drain|[of] p2a: Snailtare\n|move|p2a: Snailtare|Flamethrower|p1a: Rillaboom\n|-supereffective|p1a: Rillaboom\n|-damage|p1a: Rillaboom|0 fnt\n|faint|p1a: Rillaboom\n|\n|-heal|p2a: Snailtare|26\/100|[from] Grassy Terrain\n|-heal|p2a: Snailtare|32\/100|[from] item: Leftovers\n|upkeep\n|\n|t:|1700345648\n|switch|p1a: Sneasler|Sneasler, M, shiny|100\/100\n|-enditem|p1a: Sneasler|Grassy Seed\n|-boost|p1a: Sneasler|def|1|[from] item: Grassy Seed\n|turn|13\n|\n|t:|1700345652\n|move|p1a: Sneasler|Swords Dance|p1a: Sneasler\n|-boost|p1a: Sneasler|atk|2\n|move|p2a: Snailtare|Draco Meteor|p1a: Sneasler\n|-damage|p1a: Sneasler|12\/100\n|-unboost|p2a: Snailtare|spa|2\n|\n|-heal|p1a: Sneasler|18\/100|[from] Grassy Terrain\n|-heal|p2a: Snailtare|38\/100|[from] Grassy Terrain\n|-heal|p2a: Snailtare|44\/100|[from] item: Leftovers\n|upkeep\n|turn|14\n|\n|t:|1700345657\n|move|p2a: Snailtare|Protect|p2a: Snailtare\n|-singleturn|p2a: Snailtare|Protect\n|move|p1a: Sneasler|Close Combat|p2a: Snailtare\n|-activate|p2a: Snailtare|move: Protect\n|\n|-heal|p1a: Sneasler|24\/100|[from] Grassy Terrain\n|-heal|p2a: Snailtare|50\/100|[from] Grassy Terrain\n|-heal|p2a: Snailtare|57\/100|[from] item: Leftovers\n|upkeep\n|turn|15\n|\n|t:|1700345663\n|move|p1a: Sneasler|Close Combat|p2a: Snailtare\n|-supereffective|p2a: Snailtare\n|-damage|p2a: Snailtare|0 fnt\n|-unboost|p1a: Sneasler|def|1\n|-unboost|p1a: Sneasler|spd|1\n|faint|p2a: Snailtare\n|\n|-heal|p1a: Sneasler|30\/100|[from] Grassy Terrain\n|upkeep\n|\n|t:|1700345667\n|switch|p2a: Eat With Scissors|Scizor, F|100\/100\n|-activate|p2a: Eat With Scissors|move: Sticky Web\n|-unboost|p2a: Eat With Scissors|spe|1\n|turn|16\n|\n|t:|1700345673\n|switch|p1a: Gholdengo|Gholdengo, shiny|100\/100\n|-item|p1a: Gholdengo|Air Balloon\n|move|p2a: Eat With Scissors|Bullet Punch|p1a: Gholdengo\n|-resisted|p1a: Gholdengo\n|-damage|p1a: Gholdengo|77\/100\n|-enditem|p1a: Gholdengo|Air Balloon\n|-damage|p2a: Eat With Scissors|91\/100|[from] item: Life Orb\n|\n|-heal|p1a: Gholdengo|83\/100|[from] Grassy Terrain\n|-heal|p2a: Eat With Scissors|97\/100|[from] Grassy Terrain\n|-fieldend|move: Grassy Terrain\n|upkeep\n|turn|17\n|\n|t:|1700345679\n|move|p1a: Gholdengo|Shadow Ball|p2a: Eat With Scissors\n|-damage|p2a: Eat With Scissors|43\/100\n|move|p2a: Eat With Scissors|Knock Off|p1a: Gholdengo\n|-supereffective|p1a: Gholdengo\n|-damage|p1a: Gholdengo|17\/100\n|-damage|p2a: Eat With Scissors|33\/100|[from] item: Life Orb\n|\n|upkeep\n|turn|18\n|\n|t:|1700345685\n|switch|p1a: Manaphy|Manaphy, shiny|64\/100\n|move|p2a: Eat With Scissors|Bullet Punch|p1a: Manaphy\n|-resisted|p1a: Manaphy\n|-damage|p1a: Manaphy|42\/100\n|-damage|p2a: Eat With Scissors|24\/100|[from] item: Life Orb\n|\n|-heal|p1a: Manaphy|48\/100|[from] item: Leftovers\n|upkeep\n|turn|19\n|\n|t:|1700345691\n|move|p1a: Manaphy|Acid Armor|p1a: Manaphy\n|-boost|p1a: Manaphy|def|2\n|move|p2a: Eat With Scissors|Knock Off|p1a: Manaphy\n|-damage|p1a: Manaphy|22\/100\n|-enditem|p1a: Manaphy|Leftovers|[from] move: Knock Off|[of] p2a: Eat With Scissors\n|-damage|p2a: Eat With Scissors|14\/100|[from] item: Life Orb\n|\n|upkeep\n|turn|20\n|\n|t:|1700345698\n|move|p2a: Eat With Scissors|Bullet Punch|p1a: Manaphy\n|-resisted|p1a: Manaphy\n|-damage|p1a: Manaphy|12\/100\n|-damage|p2a: Eat With Scissors|4\/100|[from] item: Life Orb\n|move|p1a: Manaphy|Scald|p2a: Eat With Scissors\n|-damage|p2a: Eat With Scissors|0 fnt\n|faint|p2a: Eat With Scissors\n|\n|upkeep\n|\n|t:|1700345704\n|switch|p2a: Morf LeRosh|Lokix, M|100\/100\n|-activate|p2a: Morf LeRosh|move: Sticky Web\n|-unboost|p2a: Morf LeRosh|spe|1\n|turn|21\n|\n|t:|1700345707\n|switch|p1a: Gholdengo|Gholdengo, shiny|17\/100\n|move|p2a: Morf LeRosh|First Impression|p1a: Gholdengo\n|-resisted|p1a: Gholdengo\n|-damage|p1a: Gholdengo|0 fnt\n|faint|p1a: Gholdengo\n|-damage|p2a: Morf LeRosh|91\/100|[from] item: Life Orb\n|\n|upkeep\n|\n|t:|1700345710\n|switch|p1a: Sneasler|Sneasler, M, shiny|30\/100\n|turn|22\n|\n|t:|1700345715\n|move|p1a: Sneasler|Gunk Shot|p2a: Morf LeRosh|[miss]\n|-miss|p1a: Sneasler|p2a: Morf LeRosh\n|move|p2a: Morf LeRosh|U-turn|p1a: Sneasler\n|-resisted|p1a: Sneasler\n|-damage|p1a: Sneasler|0 fnt\n|faint|p1a: Sneasler\n|-damage|p2a: Morf LeRosh|81\/100|[from] item: Life Orb\n|\n|t:|1700345718\n|switch|p2a: OHAYOLLIE|Mimikyu, F|100\/100|[from] U-turn\n|-activate|p2a: OHAYOLLIE|move: Sticky Web\n|-unboost|p2a: OHAYOLLIE|spe|1\n|\n|upkeep\n|\n|t:|1700345720\n|switch|p1a: Manaphy|Manaphy, shiny|12\/100\n|turn|23\n|\n|t:|1700345724\n|-terastallize|p2a: OHAYOLLIE|Ghost\n|move|p2a: OHAYOLLIE|Shadow Sneak|p1a: Manaphy\n|-damage|p1a: Manaphy|0 fnt\n|faint|p1a: Manaphy\n|-damage|p2a: OHAYOLLIE|91\/100|[from] item: Life Orb\n|\n|win|CyberH3\n|raw|kilo_hattie's rating: 1385 &rarr; <strong>1368<\/strong><br \/>(-17 for losing)\n|raw|CyberH3's rating: 1437 &rarr; <strong>1454<\/strong><br \/>(+17 for winning)\n|l|\u2606kilo_hattie\n","uploadtime":1700345737,"views":9,"p1id":"kilohattie","p2id":"cyberh3","formatid":"gen9ou","rating":1368,"private":0,"password":""}