{"id":"gen9ou-1996380097","p1":"xernn","p2":"uniandes5","format":"[Gen 9] OU","log":"|j|\u2606xernn\n|j|\u2606uniandes5\n|t:|1700676506\n|gametype|singles\n|player|p1|xernn|iris-gen5bw2|1345\n|player|p2|uniandes5|170|1399\n|teamsize|p1|6\n|teamsize|p2|6\n|gen|9\n|tier|[Gen 9] OU\n|rated|\n|rule|Sleep Clause Mod: Limit one foe put to sleep\n|rule|Species Clause: Limit one of each Pok\u00e9mon\n|rule|OHKO Clause: OHKO moves are banned\n|rule|Evasion Items Clause: Evasion items are banned\n|rule|Evasion Moves Clause: Evasion moves are banned\n|rule|Endless Battle Clause: Forcing endless battles is banned\n|rule|HP Percentage Mod: HP is shown in percentages\n|clearpoke\n|poke|p1|Cloyster, F|\n|poke|p1|Polteageist-Antique|\n|poke|p1|Drednaw, M|\n|poke|p1|Cinderace, M|\n|poke|p1|Indeedee, M|\n|poke|p1|Hatterene, F|\n|poke|p2|Grimmsnarl, M|\n|poke|p2|Hoopa-Unbound|\n|poke|p2|Rillaboom, M|\n|poke|p2|Haxorus, M|\n|poke|p2|Iron Valiant|\n|poke|p2|Gholdengo|\n|teampreview\n|inactive|Battle timer is ON: inactive players will automatically lose when time's up. (requested by xernn)\n|inactive|uniandes5 has 120 seconds left.\n|\n|t:|1700676541\n|start\n|switch|p1a: Cinderace|Cinderace, M|100\/100\n|switch|p2a: Hoopa|Hoopa-Unbound|100\/100\n|turn|1\n|\n|t:|1700676546\n|switch|p2a: Grimmsnarl|Grimmsnarl, M|100\/100\n|move|p1a: Cinderace|U-turn|p2a: Grimmsnarl\n|-start|p1a: Cinderace|typechange|Bug|[from] ability: Libero\n|-damage|p2a: Grimmsnarl|59\/100\n|\n|t:|1700676553\n|switch|p1a: Hatterene|Hatterene, F|100\/100|[from] U-turn\n|\n|upkeep\n|turn|2\n|\n|t:|1700676569\n|move|p2a: Grimmsnarl|Light Screen|p2a: Grimmsnarl\n|-sidestart|p2: uniandes5|move: Light Screen\n|move|p1a: Hatterene|Draining Kiss|p2a: Grimmsnarl\n|-supereffective|p2a: Grimmsnarl\n|-damage|p2a: Grimmsnarl|40\/100\n|\n|upkeep\n|turn|3\n|\n|t:|1700676578\n|move|p2a: Grimmsnarl|Reflect|p2a: Grimmsnarl\n|-sidestart|p2: uniandes5|Reflect\n|move|p1a: Hatterene|Nuzzle|p2a: Grimmsnarl\n|-damage|p2a: Grimmsnarl|38\/100\n|-status|p2a: Grimmsnarl|par\n|\n|upkeep\n|turn|4\n|\n|t:|1700676584\n|switch|p2a: Hoopa|Hoopa-Unbound|100\/100\n|move|p1a: Hatterene|Draining Kiss|p2a: Hoopa\n|-supereffective|p2a: Hoopa\n|-damage|p2a: Hoopa|88\/100\n|\n|upkeep\n|turn|5\n|\n|t:|1700676589\n|move|p2a: Hoopa|Gunk Shot|p1a: Hatterene\n|-supereffective|p1a: Hatterene\n|-damage|p1a: Hatterene|18\/100\n|-enditem|p1a: Hatterene|Eject Button\n|\n|t:|1700676592\n|switch|p1a: Indeedee|Indeedee, M|100\/100\n|-fieldstart|move: Psychic Terrain|[from] ability: Psychic Surge|[of] p1a: Indeedee\n|\n|upkeep\n|turn|6\n|\n|t:|1700676601\n|switch|p1a: Cinderace|Cinderace, M|100\/100\n|move|p2a: Hoopa|Knock Off|p1a: Cinderace\n|-damage|p1a: Cinderace|10\/100\n|-enditem|p1a: Cinderace|Heavy-Duty Boots|[from] move: Knock Off|[of] p2a: Hoopa\n|\n|upkeep\n|turn|7\n|\n|t:|1700676607\n|move|p1a: Cinderace|U-turn|p2a: Hoopa\n|-start|p1a: Cinderace|typechange|Bug|[from] ability: Libero\n|-supereffective|p2a: Hoopa\n|-damage|p2a: Hoopa|0 fnt\n|faint|p2a: Hoopa\n|\n|t:|1700676620\n|switch|p1a: Cloyster|Cloyster, F|100\/100|[from] U-turn\n|\n|upkeep\n|\n|t:|1700676632\n|switch|p2a: Kuzko|Gholdengo, shiny|100\/100\n|turn|8\n|\n|t:|1700676640\n|move|p1a: Cloyster|Shell Smash|p1a: Cloyster\n|-unboost|p1a: Cloyster|def|1\n|-unboost|p1a: Cloyster|spd|1\n|-boost|p1a: Cloyster|atk|2\n|-boost|p1a: Cloyster|spa|2\n|-boost|p1a: Cloyster|spe|2\n|move|p2a: Kuzko|Shadow Ball|p1a: Cloyster\n|-damage|p1a: Cloyster|0 fnt\n|faint|p1a: Cloyster\n|\n|upkeep\n|\n|t:|1700676644\n|switch|p1a: Polteageist|Polteageist-Antique|100\/100\n|turn|9\n|\n|t:|1700676648\n|move|p1a: Polteageist|Shell Smash|p1a: Polteageist\n|-unboost|p1a: Polteageist|def|1\n|-unboost|p1a: Polteageist|spd|1\n|-boost|p1a: Polteageist|atk|2\n|-boost|p1a: Polteageist|spa|2\n|-boost|p1a: Polteageist|spe|2\n|move|p2a: Kuzko|Make It Rain|p1a: Polteageist\n|-damage|p1a: Polteageist|7\/100\n|-unboost|p2a: Kuzko|spa|1\n|\n|-sideend|p2: uniandes5|move: Light Screen\n|upkeep\n|turn|10\n|\n|t:|1700676651\n|move|p1a: Polteageist|Shadow Ball|p2a: Kuzko\n|-supereffective|p2a: Kuzko\n|-damage|p2a: Kuzko|0 fnt\n|faint|p2a: Kuzko\n|\n|-sideend|p2: uniandes5|Reflect\n|upkeep\n|\n|t:|1700676654\n|switch|p2a: Rillaboom|Rillaboom, M|100\/100\n|-fieldstart|move: Grassy Terrain|[from] ability: Grassy Surge|[of] p2a: Rillaboom\n|turn|11\n|\n|t:|1700676663\n|move|p2a: Rillaboom|Grassy Glide|p1a: Polteageist\n|-damage|p1a: Polteageist|0 fnt\n|faint|p1a: Polteageist\n|-damage|p2a: Rillaboom|91\/100|[from] item: Life Orb\n|\n|-heal|p2a: Rillaboom|97\/100|[from] Grassy Terrain\n|upkeep\n|\n|t:|1700676665\n|switch|p1a: Indeedee|Indeedee, M|100\/100\n|-fieldstart|move: Psychic Terrain|[from] ability: Psychic Surge|[of] p1a: Indeedee\n|turn|12\n|\n|t:|1700676671\n|switch|p2a: Grimmsnarl|Grimmsnarl, M|38\/100 par\n|move|p1a: Indeedee|Hyper Voice|p2a: Grimmsnarl\n|-crit|p2a: Grimmsnarl\n|-damage|p2a: Grimmsnarl|0 fnt\n|faint|p2a: Grimmsnarl\n|\n|upkeep\n|\n|t:|1700676679\n|switch|p2a: Rillaboom|Rillaboom, M|97\/100\n|-fieldstart|move: Grassy Terrain|[from] ability: Grassy Surge|[of] p2a: Rillaboom\n|turn|13\n|\n|t:|1700676686\n|switch|p1a: Hatterene|Hatterene, F|18\/100\n|move|p2a: Rillaboom|Grassy Glide|p1a: Hatterene\n|-damage|p1a: Hatterene|0 fnt\n|faint|p1a: Hatterene\n|-damage|p2a: Rillaboom|87\/100|[from] item: Life Orb\n|\n|-heal|p2a: Rillaboom|93\/100|[from] Grassy Terrain\n|upkeep\n|\n|t:|1700676689\n|switch|p1a: Indeedee|Indeedee, M|100\/100\n|-fieldstart|move: Psychic Terrain|[from] ability: Psychic Surge|[of] p1a: Indeedee\n|turn|14\n|\n|t:|1700676693\n|switch|p2a: Haxorus|Haxorus, M|100\/100\n|-ability|p2a: Haxorus|Mold Breaker\n|move|p1a: Indeedee|Psyshock|p2a: Haxorus\n|-damage|p2a: Haxorus|39\/100\n|\n|upkeep\n|turn|15\n|\n|t:|1700676707\n|-terastallize|p1a: Indeedee|Fairy\n|move|p2a: Haxorus|Dragon Claw|p1a: Indeedee\n|-immune|p1a: Indeedee\n|move|p1a: Indeedee|Psyshock|p2a: Haxorus\n|-damage|p2a: Haxorus|0 fnt\n|faint|p2a: Haxorus\n|\n|upkeep\n|\n|t:|1700676715\n|switch|p2a: Iron Valiant|Iron Valiant|100\/100\n|-enditem|p2a: Iron Valiant|Booster Energy\n|-activate|p2a: Iron Valiant|ability: Quark Drive|[fromitem]\n|-start|p2a: Iron Valiant|quarkdrivespa\n|turn|16\n|\n|t:|1700676722\n|move|p2a: Iron Valiant|Moonblast|p1a: Indeedee\n|-damage|p1a: Indeedee|3\/100\n|move|p1a: Indeedee|Dazzling Gleam|p2a: Iron Valiant\n|-supereffective|p2a: Iron Valiant\n|-damage|p2a: Iron Valiant|0 fnt\n|faint|p2a: Iron Valiant\n|-end|p2a: Iron Valiant|Quark Drive|[silent]\n|\n|upkeep\n|\n|t:|1700676730\n|switch|p2a: Rillaboom|Rillaboom, M|93\/100\n|-fieldstart|move: Grassy Terrain|[from] ability: Grassy Surge|[of] p2a: Rillaboom\n|turn|17\n|\n|t:|1700676732\n|switch|p1a: Cinderace|Cinderace, M|10\/100\n|move|p2a: Rillaboom|Grassy Glide|p1a: Cinderace\n|-resisted|p1a: Cinderace\n|-damage|p1a: Cinderace|0 fnt\n|faint|p1a: Cinderace\n|-damage|p2a: Rillaboom|83\/100|[from] item: Life Orb\n|\n|-heal|p2a: Rillaboom|89\/100|[from] Grassy Terrain\n|upkeep\n|\n|t:|1700676734\n|switch|p1a: Indeedee|Indeedee, M, tera:Fairy|3\/100\n|-fieldstart|move: Psychic Terrain|[from] ability: Psychic Surge|[of] p1a: Indeedee\n|turn|18\n|-message|uniandes5 forfeited.\n|\n|win|xernn\n|raw|xernn's rating: 1345 &rarr; <strong>1368<\/strong><br \/>(+23 for winning)\n|raw|uniandes5's rating: 1399 &rarr; <strong>1376<\/strong><br \/>(-23 for losing)\n|l|\u2606uniandes5\n","uploadtime":1700676749,"views":2,"p1id":"xernn","p2id":"uniandes5","formatid":"gen9ou","rating":1368,"private":0,"password":""}