{"id":"gen9ou-1995631682","p1":"Citrus_Showdown","p2":"moi_snooze","format":"[Gen 9] OU","log":"|j|\u2606Citrus_Showdown\n|j|\u2606moi_snooze\n|t:|1700589153\n|gametype|singles\n|player|p1|Citrus_Showdown|hiker-gen4|1401\n|player|p2|moi_snooze|266|1372\n|teamsize|p1|6\n|teamsize|p2|6\n|gen|9\n|tier|[Gen 9] OU\n|rated|\n|rule|Sleep Clause Mod: Limit one foe put to sleep\n|rule|Species Clause: Limit one of each Pok\u00e9mon\n|rule|OHKO Clause: OHKO moves are banned\n|rule|Evasion Items Clause: Evasion items are banned\n|rule|Evasion Moves Clause: Evasion moves are banned\n|rule|Endless Battle Clause: Forcing endless battles is banned\n|rule|HP Percentage Mod: HP is shown in percentages\n|clearpoke\n|poke|p1|Slowking-Galar, F|\n|poke|p1|Garganacl, M|\n|poke|p1|Maushold-Four|\n|poke|p1|Walking Wake|\n|poke|p1|Great Tusk|\n|poke|p1|Corviknight, F|\n|poke|p2|Breloom, M|\n|poke|p2|Corviknight, F|\n|poke|p2|Garchomp, M|\n|poke|p2|Gholdengo|\n|poke|p2|Clefable, F|\n|poke|p2|Greninja-*, M|\n|teampreview\n|c|\u2606Citrus_Showdown|glhf\n|c|\u2606moi_snooze|glhf\n|\n|t:|1700589178\n|start\n|switch|p1a: Neverwhore|Corviknight, F|100\/100\n|switch|p2a: Garchomp|Garchomp, M|100\/100\n|-ability|p1a: Neverwhore|Pressure\n|turn|1\n|\n|t:|1700589190\n|move|p2a: Garchomp|Stealth Rock|p1a: Neverwhore\n|-sidestart|p1: Citrus_Showdown|move: Stealth Rock\n|move|p1a: Neverwhore|U-turn|p2a: Garchomp\n|-damage|p2a: Garchomp|88\/100\n|-damage|p1a: Neverwhore|88\/100|[from] ability: Rough Skin|[of] p2a: Garchomp\n|-damage|p1a: Neverwhore|71\/100|[from] item: Rocky Helmet|[of] p2a: Garchomp\n|\n|t:|1700589201\n|switch|p1a: Stalking Drake|Walking Wake|100\/100|[from] U-turn\n|-damage|p1a: Stalking Drake|88\/100|[from] Stealth Rock\n|\n|upkeep\n|turn|2\n|\n|t:|1700589207\n|switch|p2a: Clefable|Clefable, F|100\/100\n|move|p1a: Stalking Drake|Surf|p2a: Clefable\n|-damage|p2a: Clefable|51\/100\n|\n|-heal|p2a: Clefable|57\/100|[from] item: Leftovers\n|upkeep\n|turn|3\n|\n|t:|1700589214\n|-end|p1a: Stalking Drake|Protosynthesis|[silent]\n|switch|p1a: CroaKing|Slowking-Galar, F|100\/100\n|move|p2a: Clefable|Protect||[still]\n|-fail|p2a: Clefable\n|\n|-heal|p2a: Clefable|63\/100|[from] item: Leftovers\n|upkeep\n|turn|4\n|\n|t:|1700589231\n|switch|p2a: Garchomp|Garchomp, M|88\/100\n|move|p1a: CroaKing|Chilly Reception|p1a: CroaKing\n|-weather|Snow\n|\n|t:|1700589240\n|switch|p1a: Stalking Drake|Walking Wake|88\/100|[from] Chilly Reception\n|-damage|p1a: Stalking Drake|76\/100|[from] Stealth Rock\n|\n|-weather|Snow|[upkeep]\n|upkeep\n|turn|5\n|\n|t:|1700589246\n|move|p1a: Stalking Drake|Dragon Pulse|p2a: Garchomp\n|-supereffective|p2a: Garchomp\n|-damage|p2a: Garchomp|0 fnt\n|faint|p2a: Garchomp\n|\n|-weather|Snow|[upkeep]\n|upkeep\n|\n|t:|1700589248\n|switch|p2a: Greninja|Greninja, M|100\/100\n|turn|6\n|\n|t:|1700589267\n|move|p2a: Greninja|Dark Pulse|p1a: Stalking Drake\n|-damage|p1a: Stalking Drake|20\/100\n|-damage|p2a: Greninja|91\/100|[from] item: Life Orb\n|move|p1a: Stalking Drake|Dragon Pulse|p2a: Greninja\n|-damage|p2a: Greninja|0 fnt\n|faint|p2a: Greninja\n|\n|-weather|Snow|[upkeep]\n|upkeep\n|\n|t:|1700589275\n|switch|p2a: Breloom|Breloom, M|100\/100\n|turn|7\n|\n|t:|1700589291\n|-end|p1a: Stalking Drake|Protosynthesis|[silent]\n|switch|p1a: Neverwhore|Corviknight, F|71\/100\n|-damage|p1a: Neverwhore|59\/100|[from] Stealth Rock\n|-ability|p1a: Neverwhore|Pressure\n|move|p2a: Breloom|Mach Punch|p1a: Neverwhore\n|-damage|p1a: Neverwhore|40\/100\n|\n|-weather|Snow|[upkeep]\n|-heal|p1a: Neverwhore|46\/100|[from] item: Leftovers\n|upkeep\n|turn|8\n|\n|t:|1700589297\n|move|p2a: Breloom|Spore|p1a: Neverwhore\n|-status|p1a: Neverwhore|slp|[from] move: Spore\n|cant|p1a: Neverwhore|slp\n|\n|-weather|none\n|-heal|p1a: Neverwhore|52\/100 slp|[from] item: Leftovers\n|upkeep\n|turn|9\n|\n|t:|1700589304\n|switch|p1a: CroaKing|Slowking-Galar, F|100\/100\n|move|p2a: Breloom|Mach Punch|p1a: CroaKing\n|-resisted|p1a: CroaKing\n|-damage|p1a: CroaKing|92\/100\n|\n|upkeep\n|turn|10\n|\n|t:|1700589312\n|move|p2a: Breloom|Bulldoze|p1a: CroaKing\n|-supereffective|p1a: CroaKing\n|-damage|p1a: CroaKing|30\/100\n|-unboost|p1a: CroaKing|spe|1\n|move|p1a: CroaKing|Shadow Ball|p2a: Breloom\n|-damage|p2a: Breloom|60\/100\n|\n|upkeep\n|turn|11\n|c|\u2606Citrus_Showdown|omg\n|\n|t:|1700589322\n|switch|p2a: Gholdengo|Gholdengo|100\/100\n|-item|p2a: Gholdengo|Air Balloon\n|switch|p1a: Neverwhore|Corviknight, F|52\/100 slp\n|-damage|p1a: Neverwhore|40\/100 slp|[from] Stealth Rock\n|-ability|p1a: Neverwhore|Pressure\n|\n|-heal|p1a: Neverwhore|46\/100 slp|[from] item: Leftovers\n|upkeep\n|turn|12\n|\n|t:|1700589331\n|switch|p1a: Dawn of Phan|Great Tusk|100\/100\n|-damage|p1a: Dawn of Phan|98\/100|[from] Stealth Rock\n|move|p2a: Gholdengo|Shadow Ball|p1a: Dawn of Phan\n|-damage|p1a: Dawn of Phan|44\/100\n|\n|upkeep\n|turn|13\n|\n|t:|1700589349\n|move|p2a: Gholdengo|Shadow Ball|p1a: Dawn of Phan\n|-damage|p1a: Dawn of Phan|0 fnt\n|faint|p1a: Dawn of Phan\n|-end|p1a: Dawn of Phan|Protosynthesis|[silent]\n|\n|upkeep\n|\n|t:|1700589367\n|switch|p1a: Stalking Drake|Walking Wake|20\/100\n|-damage|p1a: Stalking Drake|8\/100|[from] Stealth Rock\n|turn|14\n|\n|t:|1700589375\n|move|p1a: Stalking Drake|Flamethrower|p2a: Gholdengo\n|-supereffective|p2a: Gholdengo\n|-damage|p2a: Gholdengo|0 fnt\n|-enditem|p2a: Gholdengo|Air Balloon\n|faint|p2a: Gholdengo\n|\n|upkeep\n|\n|t:|1700589378\n|switch|p2a: Breloom|Breloom, M|60\/100\n|turn|15\n|\n|t:|1700589407\n|move|p2a: Breloom|Mach Punch|p1a: Stalking Drake\n|-damage|p1a: Stalking Drake|0 fnt\n|faint|p1a: Stalking Drake\n|-end|p1a: Stalking Drake|Protosynthesis|[silent]\n|\n|upkeep\n|\n|t:|1700589428\n|switch|p1a: Salter White|Garganacl, M|100\/100\n|-damage|p1a: Salter White|88\/100|[from] Stealth Rock\n|turn|16\n|\n|t:|1700589435\n|-terastallize|p1a: Salter White|Fairy\n|move|p2a: Breloom|Bullet Seed|p1a: Salter White\n|-damage|p1a: Salter White|74\/100\n|-damage|p1a: Salter White|58\/100\n|-hitcount|p1a: Salter White|2\n|move|p1a: Salter White|Iron Defense|p1a: Salter White\n|-boost|p1a: Salter White|def|2\n|\n|-heal|p1a: Salter White|64\/100|[from] item: Leftovers\n|upkeep\n|turn|17\n|\n|t:|1700589443\n|switch|p2a: Clefable|Clefable, F|63\/100\n|move|p1a: Salter White|Recover|p1a: Salter White\n|-heal|p1a: Salter White|100\/100\n|\n|-heal|p2a: Clefable|69\/100|[from] item: Leftovers\n|upkeep\n|turn|18\n|\n|t:|1700589453\n|move|p2a: Clefable|Thunder Wave|p1a: Salter White\n|-immune|p1a: Salter White|[from] ability: Purifying Salt\n|move|p1a: Salter White|Salt Cure|p2a: Clefable\n|-crit|p2a: Clefable\n|-damage|p2a: Clefable|47\/100\n|-start|p2a: Clefable|Salt Cure\n|\n|-heal|p2a: Clefable|53\/100|[from] item: Leftovers\n|-damage|p2a: Clefable|40\/100|[from] Salt Cure\n|upkeep\n|turn|19\n|\n|t:|1700589457\n|move|p2a: Clefable|Wish|p2a: Clefable\n|move|p1a: Salter White|Iron Defense|p1a: Salter White\n|-boost|p1a: Salter White|def|2\n|\n|-heal|p2a: Clefable|46\/100|[from] item: Leftovers\n|-damage|p2a: Clefable|34\/100|[from] Salt Cure\n|upkeep\n|turn|20\n|\n|t:|1700589460\n|move|p2a: Clefable|Moonblast|p1a: Salter White\n|-damage|p1a: Salter White|79\/100\n|-unboost|p1a: Salter White|spa|1\n|move|p1a: Salter White|Iron Defense|p1a: Salter White\n|-boost|p1a: Salter White|def|2\n|\n|-heal|p2a: Clefable|84\/100|[from] move: Wish|[wisher] Clefable\n|-heal|p2a: Clefable|90\/100|[from] item: Leftovers\n|-heal|p1a: Salter White|86\/100|[from] item: Leftovers\n|-damage|p2a: Clefable|78\/100|[from] Salt Cure\n|upkeep\n|turn|21\n|\n|t:|1700589466\n|move|p2a: Clefable|Wish|p2a: Clefable\n|move|p1a: Salter White|Body Press|p2a: Clefable\n|-resisted|p2a: Clefable\n|-damage|p2a: Clefable|64\/100\n|\n|-heal|p2a: Clefable|70\/100|[from] item: Leftovers\n|-heal|p1a: Salter White|92\/100|[from] item: Leftovers\n|-damage|p2a: Clefable|57\/100|[from] Salt Cure\n|upkeep\n|turn|22\n|\n|t:|1700589475\n|move|p2a: Clefable|Moonblast|p1a: Salter White\n|-crit|p1a: Salter White\n|-damage|p1a: Salter White|59\/100\n|move|p1a: Salter White|Salt Cure|p2a: Clefable\n|-damage|p2a: Clefable|43\/100\n|\n|-heal|p2a: Clefable|93\/100|[from] move: Wish|[wisher] Clefable\n|-heal|p2a: Clefable|99\/100|[from] item: Leftovers\n|-heal|p1a: Salter White|65\/100|[from] item: Leftovers\n|-damage|p2a: Clefable|87\/100|[from] Salt Cure\n|upkeep\n|turn|23\n|inactive|Battle timer is ON: inactive players will automatically lose when time's up. (requested by moi_snooze)\n|\n|t:|1700589481\n|move|p2a: Clefable|Wish|p2a: Clefable\n|move|p1a: Salter White|Recover|p1a: Salter White\n|-heal|p1a: Salter White|100\/100\n|\n|-heal|p2a: Clefable|93\/100|[from] item: Leftovers\n|-damage|p2a: Clefable|80\/100|[from] Salt Cure\n|upkeep\n|turn|24\n|\n|t:|1700589485\n|move|p2a: Clefable|Moonblast|p1a: Salter White\n|-damage|p1a: Salter White|80\/100\n|-unboost|p1a: Salter White|spa|1\n|move|p1a: Salter White|Iron Defense|p1a: Salter White\n|-boost|p1a: Salter White|def|0\n|\n|-heal|p2a: Clefable|100\/100|[from] move: Wish|[wisher] Clefable\n|-heal|p1a: Salter White|86\/100|[from] item: Leftovers\n|-damage|p2a: Clefable|88\/100|[from] Salt Cure\n|upkeep\n|turn|25\n|c|\u2606Citrus_Showdown|how long do you think these 2 mons will stay in vs eachother\n|\n|t:|1700589507\n|move|p2a: Clefable|Moonblast|p1a: Salter White\n|-damage|p1a: Salter White|67\/100\n|move|p1a: Salter White|Iron Defense|p1a: Salter White\n|-boost|p1a: Salter White|def|0\n|\n|-heal|p2a: Clefable|94\/100|[from] item: Leftovers\n|-heal|p1a: Salter White|73\/100|[from] item: Leftovers\n|-damage|p2a: Clefable|82\/100|[from] Salt Cure\n|upkeep\n|turn|26\n|\n|t:|1700589516\n|move|p2a: Clefable|Wish|p2a: Clefable\n|move|p1a: Salter White|Body Press|p2a: Clefable\n|-resisted|p2a: Clefable\n|-damage|p2a: Clefable|69\/100\n|\n|-heal|p2a: Clefable|75\/100|[from] item: Leftovers\n|-heal|p1a: Salter White|79\/100|[from] item: Leftovers\n|-damage|p2a: Clefable|62\/100|[from] Salt Cure\n|upkeep\n|turn|27\n|c|\u2606moi_snooze|like 3 hours\n|\n|t:|1700589526\n|move|p2a: Clefable|Moonblast|p1a: Salter White\n|-damage|p1a: Salter White|60\/100\n|move|p1a: Salter White|Iron Defense|p1a: Salter White\n|-boost|p1a: Salter White|def|0\n|\n|-heal|p2a: Clefable|100\/100|[from] move: Wish|[wisher] Clefable\n|-heal|p1a: Salter White|66\/100|[from] item: Leftovers\n|-damage|p2a: Clefable|88\/100|[from] Salt Cure\n|upkeep\n|turn|28\n|\n|t:|1700589534\n|move|p2a: Clefable|Moonblast|p1a: Salter White\n|-damage|p1a: Salter White|47\/100\n|move|p1a: Salter White|Iron Defense|p1a: Salter White\n|-boost|p1a: Salter White|def|0\n|\n|-heal|p2a: Clefable|94\/100|[from] item: Leftovers\n|-heal|p1a: Salter White|53\/100|[from] item: Leftovers\n|-damage|p2a: Clefable|82\/100|[from] Salt Cure\n|upkeep\n|turn|29\n|\n|t:|1700589543\n|move|p2a: Clefable|Moonblast|p1a: Salter White\n|-damage|p1a: Salter White|32\/100\n|move|p1a: Salter White|Recover|p1a: Salter White\n|-heal|p1a: Salter White|82\/100\n|\n|-heal|p2a: Clefable|88\/100|[from] item: Leftovers\n|-heal|p1a: Salter White|88\/100|[from] item: Leftovers\n|-damage|p2a: Clefable|75\/100|[from] Salt Cure\n|upkeep\n|turn|30\n|\n|t:|1700589554\n|move|p2a: Clefable|Wish|p2a: Clefable\n|move|p1a: Salter White|Body Press|p2a: Clefable\n|-resisted|p2a: Clefable\n|-damage|p2a: Clefable|61\/100\n|\n|-heal|p2a: Clefable|68\/100|[from] item: Leftovers\n|-heal|p1a: Salter White|94\/100|[from] item: Leftovers\n|-damage|p2a: Clefable|55\/100|[from] Salt Cure\n|upkeep\n|turn|31\n|\n|t:|1700589572\n|move|p2a: Clefable|Moonblast|p1a: Salter White\n|-damage|p1a: Salter White|74\/100\n|move|p1a: Salter White|Iron Defense|p1a: Salter White\n|-boost|p1a: Salter White|def|0\n|\n|-heal|p2a: Clefable|100\/100|[from] move: Wish|[wisher] Clefable\n|-heal|p1a: Salter White|80\/100|[from] item: Leftovers\n|-damage|p2a: Clefable|88\/100|[from] Salt Cure\n|upkeep\n|turn|32\n|\n|t:|1700589586\n|move|p2a: Clefable|Moonblast|p1a: Salter White\n|-damage|p1a: Salter White|60\/100\n|move|p1a: Salter White|Body Press|p2a: Clefable\n|-resisted|p2a: Clefable\n|-damage|p2a: Clefable|75\/100\n|\n|-heal|p2a: Clefable|81\/100|[from] item: Leftovers\n|-heal|p1a: Salter White|66\/100|[from] item: Leftovers\n|-damage|p2a: Clefable|69\/100|[from] Salt Cure\n|upkeep\n|turn|33\n|\n|t:|1700589590\n|move|p2a: Clefable|Moonblast|p1a: Salter White\n|-damage|p1a: Salter White|46\/100\n|move|p1a: Salter White|Iron Defense|p1a: Salter White\n|-boost|p1a: Salter White|def|0\n|\n|-heal|p2a: Clefable|75\/100|[from] item: Leftovers\n|-heal|p1a: Salter White|52\/100|[from] item: Leftovers\n|-damage|p2a: Clefable|63\/100|[from] Salt Cure\n|upkeep\n|turn|34\n|\n|t:|1700589600\n|move|p2a: Clefable|Wish|p2a: Clefable\n|move|p1a: Salter White|Iron Defense|p1a: Salter White\n|-boost|p1a: Salter White|def|0\n|\n|-heal|p2a: Clefable|69\/100|[from] item: Leftovers\n|-heal|p1a: Salter White|58\/100|[from] item: Leftovers\n|-damage|p2a: Clefable|56\/100|[from] Salt Cure\n|upkeep\n|turn|35\n|\n|t:|1700589605\n|move|p2a: Clefable|Moonblast|p1a: Salter White\n|-damage|p1a: Salter White|37\/100\n|-unboost|p1a: Salter White|spa|1\n|move|p1a: Salter White|Recover|p1a: Salter White\n|-heal|p1a: Salter White|87\/100\n|\n|-heal|p2a: Clefable|100\/100|[from] move: Wish|[wisher] Clefable\n|-heal|p1a: Salter White|93\/100|[from] item: Leftovers\n|-damage|p2a: Clefable|88\/100|[from] Salt Cure\n|upkeep\n|turn|36\n|\n|t:|1700589608\n|move|p2a: Clefable|Moonblast|p1a: Salter White\n|-damage|p1a: Salter White|73\/100\n|move|p1a: Salter White|Body Press|p2a: Clefable\n|-resisted|p2a: Clefable\n|-damage|p2a: Clefable|76\/100\n|\n|-heal|p2a: Clefable|82\/100|[from] item: Leftovers\n|-heal|p1a: Salter White|79\/100|[from] item: Leftovers\n|-damage|p2a: Clefable|69\/100|[from] Salt Cure\n|upkeep\n|turn|37\n|\n|t:|1700589618\n|move|p2a: Clefable|Wish|p2a: Clefable\n|move|p1a: Salter White|Salt Cure|p2a: Clefable\n|-damage|p2a: Clefable|55\/100\n|\n|-heal|p2a: Clefable|61\/100|[from] item: Leftovers\n|-heal|p1a: Salter White|85\/100|[from] item: Leftovers\n|-damage|p2a: Clefable|48\/100|[from] Salt Cure\n|upkeep\n|turn|38\n|\n|t:|1700589626\n|move|p2a: Clefable|Moonblast|p1a: Salter White\n|-damage|p1a: Salter White|64\/100\n|move|p1a: Salter White|Iron Defense|p1a: Salter White\n|-boost|p1a: Salter White|def|0\n|\n|-heal|p2a: Clefable|98\/100|[from] move: Wish|[wisher] Clefable\n|-heal|p2a: Clefable|100\/100|[from] item: Leftovers\n|-heal|p1a: Salter White|70\/100|[from] item: Leftovers\n|-damage|p2a: Clefable|88\/100|[from] Salt Cure\n|upkeep\n|turn|39\n|inactive|Citrus_Showdown has 120 seconds left.\n|inactive|Citrus_Showdown has 90 seconds left.\n|\n|t:|1700589695\n|move|p2a: Clefable|Moonblast|p1a: Salter White\n|-damage|p1a: Salter White|50\/100\n|-unboost|p1a: Salter White|spa|1\n|move|p1a: Salter White|Iron Defense|p1a: Salter White\n|-boost|p1a: Salter White|def|0\n|\n|-heal|p2a: Clefable|94\/100|[from] item: Leftovers\n|-heal|p1a: Salter White|56\/100|[from] item: Leftovers\n|-damage|p2a: Clefable|82\/100|[from] Salt Cure\n|upkeep\n|turn|40\n|\n|t:|1700589702\n|move|p2a: Clefable|Moonblast|p1a: Salter White\n|-damage|p1a: Salter White|35\/100\n|move|p1a: Salter White|Salt Cure|p2a: Clefable\n|-damage|p2a: Clefable|66\/100\n|\n|-heal|p2a: Clefable|72\/100|[from] item: Leftovers\n|-heal|p1a: Salter White|41\/100|[from] item: Leftovers\n|-damage|p2a: Clefable|59\/100|[from] Salt Cure\n|upkeep\n|turn|41\n|\n|t:|1700589710\n|move|p2a: Clefable|Moonblast|p1a: Salter White\n|-crit|p1a: Salter White\n|-damage|p1a: Salter White|9\/100\n|move|p1a: Salter White|Recover|p1a: Salter White\n|-heal|p1a: Salter White|59\/100\n|\n|-heal|p2a: Clefable|65\/100|[from] item: Leftovers\n|-heal|p1a: Salter White|65\/100|[from] item: Leftovers\n|-damage|p2a: Clefable|53\/100|[from] Salt Cure\n|upkeep\n|turn|42\n|\n|t:|1700589722\n|move|p2a: Clefable|Wish|p2a: Clefable\n|move|p1a: Salter White|Salt Cure|p2a: Clefable\n|-damage|p2a: Clefable|38\/100\n|\n|-heal|p2a: Clefable|44\/100|[from] item: Leftovers\n|-heal|p1a: Salter White|71\/100|[from] item: Leftovers\n|-damage|p2a: Clefable|32\/100|[from] Salt Cure\n|upkeep\n|turn|43\n|\n|t:|1700589730\n|move|p2a: Clefable|Moonblast|p1a: Salter White\n|-damage|p1a: Salter White|50\/100\n|move|p1a: Salter White|Salt Cure|p2a: Clefable\n|-damage|p2a: Clefable|18\/100\n|\n|-heal|p2a: Clefable|68\/100|[from] move: Wish|[wisher] Clefable\n|-heal|p2a: Clefable|74\/100|[from] item: Leftovers\n|-heal|p1a: Salter White|57\/100|[from] item: Leftovers\n|-damage|p2a: Clefable|61\/100|[from] Salt Cure\n|upkeep\n|turn|44\n|\n|t:|1700589735\n|move|p2a: Clefable|Wish|p2a: Clefable\n|move|p1a: Salter White|Body Press|p2a: Clefable\n|-resisted|p2a: Clefable\n|-damage|p2a: Clefable|49\/100\n|\n|-heal|p2a: Clefable|55\/100|[from] item: Leftovers\n|-heal|p1a: Salter White|63\/100|[from] item: Leftovers\n|-damage|p2a: Clefable|43\/100|[from] Salt Cure\n|upkeep\n|turn|45\n|\n|t:|1700589743\n|move|p2a: Clefable|Moonblast|p1a: Salter White\n|-damage|p1a: Salter White|43\/100\n|move|p1a: Salter White|Iron Defense|p1a: Salter White\n|-boost|p1a: Salter White|def|0\n|\n|-heal|p2a: Clefable|93\/100|[from] move: Wish|[wisher] Clefable\n|-heal|p2a: Clefable|99\/100|[from] item: Leftovers\n|-heal|p1a: Salter White|49\/100|[from] item: Leftovers\n|-damage|p2a: Clefable|86\/100|[from] Salt Cure\n|upkeep\n|turn|46\n|\n|t:|1700589752\n|move|p2a: Clefable|Wish|p2a: Clefable\n|move|p1a: Salter White|Salt Cure|p2a: Clefable\n|-damage|p2a: Clefable|70\/100\n|\n|-heal|p2a: Clefable|76\/100|[from] item: Leftovers\n|-heal|p1a: Salter White|55\/100|[from] item: Leftovers\n|-damage|p2a: Clefable|64\/100|[from] Salt Cure\n|upkeep\n|turn|47\n|\n|t:|1700589757\n|move|p2a: Clefable|Moonblast|p1a: Salter White\n|-damage|p1a: Salter White|33\/100\n|-unboost|p1a: Salter White|spa|1\n|move|p1a: Salter White|Salt Cure|p2a: Clefable\n|-damage|p2a: Clefable|47\/100\n|\n|-heal|p2a: Clefable|97\/100|[from] move: Wish|[wisher] Clefable\n|-heal|p2a: Clefable|100\/100|[from] item: Leftovers\n|-heal|p1a: Salter White|40\/100|[from] item: Leftovers\n|-damage|p2a: Clefable|88\/100|[from] Salt Cure\n|upkeep\n|turn|48\n|\n|t:|1700589764\n|move|p2a: Clefable|Moonblast|p1a: Salter White\n|-damage|p1a: Salter White|18\/100\n|move|p1a: Salter White|Recover|p1a: Salter White\n|-heal|p1a: Salter White|68\/100\n|\n|-heal|p2a: Clefable|94\/100|[from] item: Leftovers\n|-heal|p1a: Salter White|74\/100|[from] item: Leftovers\n|-damage|p2a: Clefable|82\/100|[from] Salt Cure\n|upkeep\n|turn|49\n|\n|t:|1700589782\n|move|p2a: Clefable|Moonblast|p1a: Salter White\n|-damage|p1a: Salter White|54\/100\n|-unboost|p1a: Salter White|spa|1\n|move|p1a: Salter White|Body Press|p2a: Clefable\n|-resisted|p2a: Clefable\n|-crit|p2a: Clefable\n|-damage|p2a: Clefable|63\/100\n|\n|-heal|p2a: Clefable|69\/100|[from] item: Leftovers\n|-heal|p1a: Salter White|60\/100|[from] item: Leftovers\n|-damage|p2a: Clefable|56\/100|[from] Salt Cure\n|upkeep\n|turn|50\n|\n|t:|1700589788\n|move|p2a: Clefable|Moonblast|p1a: Salter White\n|-damage|p1a: Salter White|39\/100\n|move|p1a: Salter White|Salt Cure|p2a: Clefable\n|-damage|p2a: Clefable|40\/100\n|\n|-heal|p2a: Clefable|46\/100|[from] item: Leftovers\n|-heal|p1a: Salter White|45\/100|[from] item: Leftovers\n|-damage|p2a: Clefable|34\/100|[from] Salt Cure\n|upkeep\n|turn|51\n|\n|t:|1700589793\n|move|p2a: Clefable|Wish|p2a: Clefable\n|move|p1a: Salter White|Recover|p1a: Salter White\n|-heal|p1a: Salter White|95\/100\n|\n|-heal|p2a: Clefable|40\/100|[from] item: Leftovers\n|-heal|p1a: Salter White|100\/100|[from] item: Leftovers\n|-damage|p2a: Clefable|28\/100|[from] Salt Cure\n|upkeep\n|turn|52\n|\n|t:|1700589799\n|move|p2a: Clefable|Protect|p2a: Clefable\n|-singleturn|p2a: Clefable|Protect\n|move|p1a: Salter White|Salt Cure|p2a: Clefable\n|-activate|p2a: Clefable|move: Protect\n|\n|-heal|p2a: Clefable|78\/100|[from] move: Wish|[wisher] Clefable\n|-heal|p2a: Clefable|84\/100|[from] item: Leftovers\n|-damage|p2a: Clefable|71\/100|[from] Salt Cure\n|upkeep\n|turn|53\n|\n|t:|1700589804\n|move|p2a: Clefable|Wish|p2a: Clefable\n|move|p1a: Salter White|Salt Cure|p2a: Clefable\n|-damage|p2a: Clefable|57\/100\n|\n|-heal|p2a: Clefable|63\/100|[from] item: Leftovers\n|-damage|p2a: Clefable|50\/100|[from] Salt Cure\n|upkeep\n|turn|54\n|\n|t:|1700589808\n|move|p2a: Clefable|Protect|p2a: Clefable\n|-singleturn|p2a: Clefable|Protect\n|move|p1a: Salter White|Salt Cure|p2a: Clefable\n|-activate|p2a: Clefable|move: Protect\n|\n|-heal|p2a: Clefable|100\/100|[from] move: Wish|[wisher] Clefable\n|-damage|p2a: Clefable|88\/100|[from] Salt Cure\n|upkeep\n|turn|55\n|\n|t:|1700589812\n|move|p2a: Clefable|Moonblast|p1a: Salter White\n|-damage|p1a: Salter White|80\/100\n|move|p1a: Salter White|Salt Cure|p2a: Clefable\n|-damage|p2a: Clefable|72\/100\n|\n|-heal|p2a: Clefable|78\/100|[from] item: Leftovers\n|-heal|p1a: Salter White|86\/100|[from] item: Leftovers\n|-damage|p2a: Clefable|65\/100|[from] Salt Cure\n|upkeep\n|turn|56\n|\n|t:|1700589818\n|move|p2a: Clefable|Moonblast|p1a: Salter White\n|-damage|p1a: Salter White|64\/100\n|move|p1a: Salter White|Iron Defense|p1a: Salter White\n|-boost|p1a: Salter White|def|0\n|\n|-heal|p2a: Clefable|72\/100|[from] item: Leftovers\n|-heal|p1a: Salter White|70\/100|[from] item: Leftovers\n|-damage|p2a: Clefable|59\/100|[from] Salt Cure\n|upkeep\n|turn|57\n|\n|t:|1700589834\n|move|p2a: Clefable|Wish|p2a: Clefable\n|move|p1a: Salter White|Salt Cure|p2a: Clefable\n|-damage|p2a: Clefable|44\/100\n|\n|-heal|p2a: Clefable|50\/100|[from] item: Leftovers\n|-heal|p1a: Salter White|76\/100|[from] item: Leftovers\n|-damage|p2a: Clefable|38\/100|[from] Salt Cure\n|upkeep\n|turn|58\n|\n|t:|1700589837\n|move|p2a: Clefable|Protect|p2a: Clefable\n|-singleturn|p2a: Clefable|Protect\n|move|p1a: Salter White|Iron Defense|p1a: Salter White\n|-boost|p1a: Salter White|def|0\n|\n|-heal|p2a: Clefable|88\/100|[from] move: Wish|[wisher] Clefable\n|-heal|p2a: Clefable|94\/100|[from] item: Leftovers\n|-heal|p1a: Salter White|83\/100|[from] item: Leftovers\n|-damage|p2a: Clefable|81\/100|[from] Salt Cure\n|upkeep\n|turn|59\n|\n|t:|1700589846\n|move|p2a: Clefable|Wish|p2a: Clefable\n|move|p1a: Salter White|Body Press|p2a: Clefable\n|-resisted|p2a: Clefable\n|-damage|p2a: Clefable|68\/100\n|\n|-heal|p2a: Clefable|74\/100|[from] item: Leftovers\n|-heal|p1a: Salter White|89\/100|[from] item: Leftovers\n|-damage|p2a: Clefable|61\/100|[from] Salt Cure\n|upkeep\n|turn|60\n|\n|t:|1700589850\n|switch|p2a: Corviknight|Corviknight, F|100\/100\n|-ability|p2a: Corviknight|Pressure\n|move|p1a: Salter White|Iron Defense|p1a: Salter White\n|-boost|p1a: Salter White|def|0\n|\n|-heal|p1a: Salter White|95\/100|[from] item: Leftovers\n|upkeep\n|turn|61\n|c|\u2606Citrus_Showdown|bird\n|\n|t:|1700589858\n|move|p2a: Corviknight|Brave Bird|p1a: Salter White\n|-damage|p1a: Salter White|88\/100\n|-damage|p2a: Corviknight|98\/100|[from] Recoil\n|move|p1a: Salter White|Body Press|p2a: Corviknight\n|-damage|p2a: Corviknight|40\/100\n|-damage|p1a: Salter White|72\/100|[from] item: Rocky Helmet|[of] p2a: Corviknight\n|\n|-heal|p1a: Salter White|78\/100|[from] item: Leftovers\n|upkeep\n|turn|62\n|\n|t:|1700589861\n|move|p2a: Corviknight|Brave Bird|p1a: Salter White\n|-damage|p1a: Salter White|71\/100\n|-damage|p2a: Corviknight|38\/100|[from] Recoil\n|move|p1a: Salter White|Body Press|p2a: Corviknight\n|-damage|p2a: Corviknight|0 fnt\n|-damage|p1a: Salter White|54\/100|[from] item: Rocky Helmet|[of] p2a: Corviknight\n|faint|p2a: Corviknight\n|\n|-heal|p1a: Salter White|61\/100|[from] item: Leftovers\n|upkeep\n|\n|t:|1700589865\n|switch|p2a: Breloom|Breloom, M|60\/100\n|turn|63\n|c|\u2606moi_snooze|yeah bird\n|\n|t:|1700589873\n|-terastallize|p2a: Breloom|Grass\n|move|p2a: Breloom|Bullet Seed|p1a: Salter White\n|-damage|p1a: Salter White|56\/100\n|-damage|p1a: Salter White|51\/100\n|-hitcount|p1a: Salter White|2\n|move|p1a: Salter White|Body Press|p2a: Breloom\n|-damage|p2a: Breloom|0 fnt\n|faint|p2a: Breloom\n|\n|-heal|p1a: Salter White|57\/100|[from] item: Leftovers\n|upkeep\n|\n|t:|1700589878\n|switch|p2a: Clefable|Clefable, F|61\/100\n|turn|64\n|\n|t:|1700589882\n|move|p2a: Clefable|Thunder Wave|p1a: Salter White\n|-immune|p1a: Salter White|[from] ability: Purifying Salt\n|move|p1a: Salter White|Salt Cure|p2a: Clefable\n|-damage|p2a: Clefable|46\/100\n|-start|p2a: Clefable|Salt Cure\n|\n|-heal|p2a: Clefable|52\/100|[from] item: Leftovers\n|-heal|p1a: Salter White|63\/100|[from] item: Leftovers\n|-damage|p2a: Clefable|40\/100|[from] Salt Cure\n|upkeep\n|turn|65\n|\n|t:|1700589888\n|move|p2a: Clefable|Thunder Wave|p1a: Salter White\n|-immune|p1a: Salter White|[from] ability: Purifying Salt\n|move|p1a: Salter White|Salt Cure|p2a: Clefable\n|-damage|p2a: Clefable|23\/100\n|\n|-heal|p2a: Clefable|29\/100|[from] item: Leftovers\n|-heal|p1a: Salter White|69\/100|[from] item: Leftovers\n|-damage|p2a: Clefable|16\/100|[from] Salt Cure\n|upkeep\n|turn|66\n|\n|t:|1700589890\n|move|p2a: Clefable|Thunder Wave|p1a: Salter White\n|-immune|p1a: Salter White|[from] ability: Purifying Salt\n|move|p1a: Salter White|Salt Cure|p2a: Clefable\n|-damage|p2a: Clefable|1\/100\n|\n|-heal|p2a: Clefable|7\/100|[from] item: Leftovers\n|-heal|p1a: Salter White|75\/100|[from] item: Leftovers\n|-damage|p2a: Clefable|0 fnt|[from] Salt Cure\n|faint|p2a: Clefable\n|\n|win|Citrus_Showdown\n|upkeep\n|raw|Citrus_Showdown's rating: 1401 &rarr; <strong>1419<\/strong><br \/>(+18 for winning)\n|raw|moi_snooze's rating: 1372 &rarr; <strong>1354<\/strong><br \/>(-18 for losing)\n|c|\u2606Citrus_Showdown|gg\n","uploadtime":1700589900,"views":2,"p1id":"citrusshowdown","p2id":"moisnooze","formatid":"gen9ou","rating":1354,"private":0,"password":""}