{"id":"gen9ou-1993997284","p1":"Brewen ( Brewen )","p2":"Vicenpro_64","format":"[Gen 9] OU","log":"|j|\u2606Brewen ( Brewen )\n|j|\u2606Vicenpro_64\n|t:|1700390606\n|gametype|singles\n|player|p1|Brewen ( Brewen )|101|1075\n|player|p2|Vicenpro_64|gentleman-gen4|1023\n|teamsize|p1|6\n|teamsize|p2|6\n|gen|9\n|tier|[Gen 9] OU\n|rated|\n|rule|Sleep Clause Mod: Limit one foe put to sleep\n|rule|Species Clause: Limit one of each Pok\u00e9mon\n|rule|OHKO Clause: OHKO moves are banned\n|rule|Evasion Items Clause: Evasion items are banned\n|rule|Evasion Moves Clause: Evasion moves are banned\n|rule|Endless Battle Clause: Forcing endless battles is banned\n|rule|HP Percentage Mod: HP is shown in percentages\n|clearpoke\n|poke|p1|Ribombee, F|\n|poke|p1|Infernape, M|\n|poke|p1|Gligar, F|\n|poke|p1|Slowking-Galar, F|\n|poke|p1|Sinistcha-Masterpiece|\n|poke|p1|Cyclizar, M|\n|poke|p2|Kingambit, M|\n|poke|p2|Glimmora, F|\n|poke|p2|Gholdengo|\n|poke|p2|Iron Valiant|\n|poke|p2|Great Tusk|\n|poke|p2|Dragonite, F|\n|teampreview\n|inactive|Battle timer is ON: inactive players will automatically lose when time's up. (requested by Brewen ( Brewen ))\n|\n|t:|1700390617\n|start\n|switch|p1a: Ribombee|Ribombee, F|100\/100\n|switch|p2a: Glimmora|Glimmora, F|100\/100\n|turn|1\n|\n|t:|1700390625\n|move|p1a: Ribombee|Sticky Web|p2a: Glimmora\n|-sidestart|p2: Vicenpro_64|move: Sticky Web\n|move|p2a: Glimmora|Mortal Spin|p1a: Ribombee\n|-supereffective|p1a: Ribombee\n|-damage|p1a: Ribombee|78\/100\n|-sideend|p2: Vicenpro_64|Sticky Web|[from] move: Mortal Spin|[of] p2a: Glimmora\n|\n|upkeep\n|turn|2\n|\n|t:|1700390632\n|move|p1a: Ribombee|Sticky Web|p2a: Glimmora\n|-sidestart|p2: Vicenpro_64|move: Sticky Web\n|move|p2a: Glimmora|Stealth Rock|p1a: Ribombee\n|-sidestart|p1: Brewen ( Brewen )|move: Stealth Rock\n|\n|upkeep\n|turn|3\n|\n|t:|1700390637\n|move|p1a: Ribombee|Struggle Bug|p2a: Glimmora\n|-resisted|p2a: Glimmora\n|-damage|p2a: Glimmora|89\/100\n|-unboost|p2a: Glimmora|spa|1\n|move|p2a: Glimmora|Spikes|p1a: Ribombee\n|-sidestart|p1: Brewen ( Brewen )|Spikes\n|\n|upkeep\n|turn|4\n|\n|t:|1700390646\n|move|p1a: Ribombee|Struggle Bug|p2a: Glimmora\n|-resisted|p2a: Glimmora\n|-damage|p2a: Glimmora|76\/100\n|-unboost|p2a: Glimmora|spa|1\n|move|p2a: Glimmora|Spikes|p1a: Ribombee\n|-sidestart|p1: Brewen ( Brewen )|Spikes\n|\n|upkeep\n|turn|5\n|\n|t:|1700390654\n|switch|p1a: Cyclizar|Cyclizar, M|100\/100\n|move|p2a: Glimmora|Spikes|p1a: Cyclizar\n|-sidestart|p1: Brewen ( Brewen )|Spikes\n|\n|upkeep\n|turn|6\n|\n|t:|1700390660\n|move|p1a: Cyclizar|Draco Meteor|p2a: Glimmora\n|-damage|p2a: Glimmora|17\/100\n|-unboost|p1a: Cyclizar|spa|2\n|move|p2a: Glimmora|Mortal Spin|p1a: Cyclizar\n|-damage|p1a: Cyclizar|91\/100\n|-status|p1a: Cyclizar|psn\n|-sideend|p2: Vicenpro_64|Sticky Web|[from] move: Mortal Spin|[of] p2a: Glimmora\n|\n|-damage|p1a: Cyclizar|79\/100 psn|[from] psn\n|upkeep\n|turn|7\n|\n|t:|1700390676\n|switch|p2a: Gholdengo|Gholdengo|100\/100\n|-item|p2a: Gholdengo|Air Balloon\n|move|p1a: Cyclizar|Draco Meteor|p2a: Gholdengo\n|-resisted|p2a: Gholdengo\n|-damage|p2a: Gholdengo|84\/100\n|-unboost|p1a: Cyclizar|spa|2\n|-enditem|p2a: Gholdengo|Air Balloon\n|\n|-damage|p1a: Cyclizar|66\/100 psn|[from] psn\n|upkeep\n|turn|8\n|\n|t:|1700390690\n|switch|p1a: Infernape|Infernape, M|100\/100\n|move|p2a: Gholdengo|Nasty Plot|p2a: Gholdengo\n|-boost|p2a: Gholdengo|spa|2\n|\n|upkeep\n|turn|9\n|\n|t:|1700390698\n|move|p1a: Infernape|Fire Punch|p2a: Gholdengo\n|-supereffective|p2a: Gholdengo\n|-damage|p2a: Gholdengo|2\/100\n|move|p2a: Gholdengo|Shadow Ball|p1a: Infernape\n|-damage|p1a: Infernape|0 fnt\n|faint|p1a: Infernape\n|\n|upkeep\n|\n|t:|1700390709\n|switch|p1a: Cyclizar|Cyclizar, M|99\/100 psn\n|turn|10\n|\n|t:|1700390725\n|switch|p2a: Dragonite|Dragonite, F|100\/100\n|move|p1a: Cyclizar|Draco Meteor|p2a: Dragonite\n|-supereffective|p2a: Dragonite\n|-damage|p2a: Dragonite|42\/100\n|-unboost|p1a: Cyclizar|spa|2\n|\n|-heal|p2a: Dragonite|48\/100|[from] item: Leftovers\n|-damage|p1a: Cyclizar|87\/100 psn|[from] psn\n|upkeep\n|turn|11\n|\n|t:|1700390738\n|-terastallize|p2a: Dragonite|Normal\n|move|p2a: Dragonite|Extreme Speed|p1a: Cyclizar\n|-damage|p1a: Cyclizar|16\/100 psn\n|move|p1a: Cyclizar|Rapid Spin|p2a: Dragonite\n|-damage|p2a: Dragonite|33\/100\n|-boost|p1a: Cyclizar|spe|1\n|-sideend|p1: Brewen ( Brewen )|Spikes|[from] move: Rapid Spin|[of] p1a: Cyclizar\n|-sideend|p1: Brewen ( Brewen )|Stealth Rock|[from] move: Rapid Spin|[of] p1a: Cyclizar\n|\n|-heal|p2a: Dragonite|39\/100|[from] item: Leftovers\n|-damage|p1a: Cyclizar|4\/100 psn|[from] psn\n|upkeep\n|turn|12\n|\n|t:|1700390752\n|switch|p1a: Sinistcha|Sinistcha-Masterpiece|100\/100\n|move|p2a: Dragonite|Dragon Dance|p2a: Dragonite\n|-boost|p2a: Dragonite|atk|1\n|-boost|p2a: Dragonite|spe|1\n|\n|-heal|p2a: Dragonite|45\/100|[from] item: Leftovers\n|upkeep\n|turn|13\n|\n|t:|1700390763\n|move|p2a: Dragonite|Draco Meteor|p1a: Sinistcha\n|-damage|p1a: Sinistcha|35\/100\n|-unboost|p2a: Dragonite|spa|2\n|move|p1a: Sinistcha|Strength Sap|p2a: Dragonite\n|-unboost|p2a: Dragonite|atk|1\n|-heal|p1a: Sinistcha|100\/100\n|\n|-heal|p2a: Dragonite|51\/100|[from] item: Leftovers\n|upkeep\n|turn|14\n|\n|t:|1700390777\n|move|p2a: Dragonite|Ice Spinner|p1a: Sinistcha\n|-supereffective|p1a: Sinistcha\n|-damage|p1a: Sinistcha|39\/100\n|move|p1a: Sinistcha|Calm Mind|p1a: Sinistcha\n|-boost|p1a: Sinistcha|spa|1\n|-boost|p1a: Sinistcha|spd|1\n|\n|-heal|p2a: Dragonite|57\/100|[from] item: Leftovers\n|upkeep\n|turn|15\n|\n|t:|1700390791\n|-terastallize|p1a: Sinistcha|Ghost\n|move|p2a: Dragonite|Ice Spinner|p1a: Sinistcha\n|-damage|p1a: Sinistcha|11\/100\n|move|p1a: Sinistcha|Strength Sap|p2a: Dragonite\n|-unboost|p2a: Dragonite|atk|1\n|-heal|p1a: Sinistcha|100\/100\n|\n|-heal|p2a: Dragonite|64\/100|[from] item: Leftovers\n|upkeep\n|turn|16\n|\n|t:|1700390805\n|move|p2a: Dragonite|Ice Spinner|p1a: Sinistcha\n|-damage|p1a: Sinistcha|80\/100\n|move|p1a: Sinistcha|Strength Sap|p2a: Dragonite\n|-unboost|p2a: Dragonite|atk|1\n|-heal|p1a: Sinistcha|100\/100\n|\n|-heal|p2a: Dragonite|70\/100|[from] item: Leftovers\n|upkeep\n|turn|17\n|\n|t:|1700390816\n|switch|p2a: Iron Valiant|Iron Valiant|100\/100\n|move|p1a: Sinistcha|Calm Mind|p1a: Sinistcha\n|-boost|p1a: Sinistcha|spa|1\n|-boost|p1a: Sinistcha|spd|1\n|\n|upkeep\n|turn|18\n|\n|t:|1700390826\n|move|p2a: Iron Valiant|Shadow Ball|p1a: Sinistcha\n|-supereffective|p1a: Sinistcha\n|-damage|p1a: Sinistcha|65\/100\n|move|p1a: Sinistcha|Matcha Gotcha|p2a: Iron Valiant\n|-damage|p2a: Iron Valiant|0 fnt\n|-heal|p1a: Sinistcha|100\/100|[from] drain|[of] p2a: Iron Valiant\n|faint|p2a: Iron Valiant\n|-end|p2a: Iron Valiant|Quark Drive|[silent]\n|\n|upkeep\n|\n|t:|1700390830\n|switch|p2a: Gholdengo|Gholdengo|2\/100\n|turn|19\n|\n|t:|1700390840\n|move|p1a: Sinistcha|Matcha Gotcha|p2a: Gholdengo\n|-resisted|p2a: Gholdengo\n|-damage|p2a: Gholdengo|0 fnt\n|faint|p2a: Gholdengo\n|\n|upkeep\n|\n|t:|1700390848\n|switch|p2a: Dragonite|Dragonite, F, tera:Normal|70\/100\n|turn|20\n|\n|t:|1700390852\n|move|p1a: Sinistcha|Matcha Gotcha|p2a: Dragonite\n|-damage|p2a: Dragonite|0 fnt\n|faint|p2a: Dragonite\n|\n|upkeep\n|\n|t:|1700390857\n|switch|p2a: Kingambit|Kingambit, M|100\/100\n|-activate|p2a: Kingambit|ability: Supreme Overlord\n|-start|p2a: Kingambit|fallen3|[silent]\n|turn|21\n|\n|t:|1700390863\n|move|p1a: Sinistcha|Strength Sap|p2a: Kingambit\n|-unboost|p2a: Kingambit|atk|1\n|move|p2a: Kingambit|Kowtow Cleave|p1a: Sinistcha\n|-supereffective|p1a: Sinistcha\n|-damage|p1a: Sinistcha|11\/100\n|\n|upkeep\n|turn|22\n|\n|t:|1700390870\n|move|p1a: Sinistcha|Strength Sap|p2a: Kingambit\n|-unboost|p2a: Kingambit|atk|1\n|-heal|p1a: Sinistcha|94\/100\n|move|p2a: Kingambit|Kowtow Cleave|p1a: Sinistcha\n|-supereffective|p1a: Sinistcha\n|-damage|p1a: Sinistcha|34\/100\n|\n|upkeep\n|turn|23\n|\n|t:|1700390880\n|move|p1a: Sinistcha|Strength Sap|p2a: Kingambit\n|-unboost|p2a: Kingambit|atk|1\n|-heal|p1a: Sinistcha|96\/100\n|move|p2a: Kingambit|Kowtow Cleave|p1a: Sinistcha\n|-supereffective|p1a: Sinistcha\n|-damage|p1a: Sinistcha|43\/100\n|\n|upkeep\n|turn|24\n|\n|t:|1700390892\n|-end|p2a: Kingambit|fallen3|[silent]\n|switch|p2a: Glimmora|Glimmora, F|17\/100\n|move|p1a: Sinistcha|Strength Sap|p2a: Glimmora\n|-unboost|p2a: Glimmora|atk|1\n|-heal|p1a: Sinistcha|89\/100\n|\n|upkeep\n|turn|25\n|\n|t:|1700390900\n|move|p2a: Glimmora|Mortal Spin|p1a: Sinistcha\n|-resisted|p1a: Sinistcha\n|-damage|p1a: Sinistcha|87\/100\n|-status|p1a: Sinistcha|psn\n|move|p1a: Sinistcha|Matcha Gotcha|p2a: Glimmora\n|-damage|p2a: Glimmora|0 fnt\n|-heal|p1a: Sinistcha|98\/100 psn|[from] drain|[of] p2a: Glimmora\n|faint|p2a: Glimmora\n|\n|-damage|p1a: Sinistcha|85\/100 psn|[from] psn\n|upkeep\n|\n|t:|1700390905\n|switch|p2a: Kingambit|Kingambit, M|100\/100\n|-activate|p2a: Kingambit|ability: Supreme Overlord\n|-start|p2a: Kingambit|fallen4|[silent]\n|turn|26\n|\n|t:|1700390917\n|move|p1a: Sinistcha|Matcha Gotcha|p2a: Kingambit\n|-resisted|p2a: Kingambit\n|-damage|p2a: Kingambit|66\/100\n|-heal|p1a: Sinistcha|100\/100 psn|[from] drain|[of] p2a: Kingambit\n|-status|p2a: Kingambit|brn\n|move|p2a: Kingambit|Kowtow Cleave|p1a: Sinistcha\n|-supereffective|p1a: Sinistcha\n|-damage|p1a: Sinistcha|34\/100 psn\n|\n|-heal|p2a: Kingambit|73\/100 brn|[from] item: Leftovers\n|-damage|p1a: Sinistcha|22\/100 psn|[from] psn\n|-damage|p2a: Kingambit|66\/100 brn|[from] brn\n|upkeep\n|turn|27\n|\n|t:|1700390931\n|move|p1a: Sinistcha|Strength Sap|p2a: Kingambit\n|-unboost|p2a: Kingambit|atk|1\n|-heal|p1a: Sinistcha|100\/100 psn\n|move|p2a: Kingambit|Kowtow Cleave|p1a: Sinistcha\n|-supereffective|p1a: Sinistcha\n|-damage|p1a: Sinistcha|51\/100 psn\n|\n|-heal|p2a: Kingambit|73\/100 brn|[from] item: Leftovers\n|-damage|p1a: Sinistcha|39\/100 psn|[from] psn\n|-damage|p2a: Kingambit|66\/100 brn|[from] brn\n|upkeep\n|turn|28\n|\n|t:|1700390947\n|-end|p2a: Kingambit|fallen4|[silent]\n|switch|p2a: Great Tusk|Great Tusk|100\/100\n|move|p1a: Sinistcha|Strength Sap|p2a: Great Tusk\n|-unboost|p2a: Great Tusk|atk|1\n|-heal|p1a: Sinistcha|100\/100 psn\n|\n|-damage|p1a: Sinistcha|88\/100 psn|[from] psn\n|upkeep\n|turn|29\n|\n|t:|1700390957\n|move|p1a: Sinistcha|Matcha Gotcha|p2a: Great Tusk\n|-supereffective|p2a: Great Tusk\n|-damage|p2a: Great Tusk|0 fnt\n|-heal|p1a: Sinistcha|100\/100 psn|[from] drain|[of] p2a: Great Tusk\n|faint|p2a: Great Tusk\n|-end|p2a: Great Tusk|Protosynthesis|[silent]\n|\n|-damage|p1a: Sinistcha|88\/100 psn|[from] psn\n|upkeep\n|\n|t:|1700390961\n|switch|p2a: Kingambit|Kingambit, M|66\/100 brn\n|-activate|p2a: Kingambit|ability: Supreme Overlord\n|-start|p2a: Kingambit|fallen5|[silent]\n|turn|30\n|\n|t:|1700390970\n|move|p1a: Sinistcha|Strength Sap|p2a: Kingambit\n|-unboost|p2a: Kingambit|atk|1\n|-heal|p1a: Sinistcha|100\/100 psn\n|move|p2a: Kingambit|Kowtow Cleave|p1a: Sinistcha\n|-supereffective|p1a: Sinistcha\n|-damage|p1a: Sinistcha|51\/100 psn\n|\n|-heal|p2a: Kingambit|73\/100 brn|[from] item: Leftovers\n|-damage|p1a: Sinistcha|39\/100 psn|[from] psn\n|-damage|p2a: Kingambit|66\/100 brn|[from] brn\n|upkeep\n|turn|31\n|-message|Vicenpro_64 forfeited.\n|\n|win|Brewen ( Brewen )\n|raw|Brewen ( Brewen )'s rating: 1075 &rarr; <strong>1099<\/strong><br \/>(+24 for winning)\n|raw|Vicenpro_64's rating: 1023 &rarr; <strong>1012<\/strong><br \/>(-11 for losing)\n|l|\u2606Vicenpro_64\n","uploadtime":1700390986,"views":16,"p1id":"brewenbrewen","p2id":"vicenpro64","formatid":"gen9ou","rating":1012,"private":0,"password":""}