{"id":"gen9ou-1995930089","p1":"Black sheeps","p2":"mau0032","format":"[Gen 9] OU","log":"|j|\u2606Black sheeps\n|j|\u2606mau0032\n|t:|1700618644\n|gametype|singles\n|player|p1|Black sheeps|roxie|\n|player|p2|mau0032|red|\n|teamsize|p1|6\n|teamsize|p2|6\n|gen|9\n|tier|[Gen 9] OU\n|rule|Sleep Clause Mod: Limit one foe put to sleep\n|rule|Species Clause: Limit one of each Pok\u00e9mon\n|rule|OHKO Clause: OHKO moves are banned\n|rule|Evasion Items Clause: Evasion items are banned\n|rule|Evasion Moves Clause: Evasion moves are banned\n|rule|Endless Battle Clause: Forcing endless battles is banned\n|rule|HP Percentage Mod: HP is shown in percentages\n|clearpoke\n|poke|p1|Heatran, F|\n|poke|p1|Florges, F|\n|poke|p1|Sableye, M|\n|poke|p1|Hydreigon, M|\n|poke|p1|Tornadus-Therian, M|\n|poke|p1|Electrode-Hisui|\n|poke|p2|Samurott-Hisui, M|\n|poke|p2|Enamorus-Therian, F|\n|poke|p2|Toedscruel, M|\n|poke|p2|Ditto|\n|poke|p2|Dudunsparce-*, F|\n|poke|p2|Slowking-Galar, M|\n|teampreview\n|c|\u2606Black sheeps|Pues suerte XD\n|\n|t:|1700618686\n|start\n|switch|p1a: Hydreigon|Hydreigon, M|100\/100\n|switch|p2a: Toedscruel|Toedscruel, M|100\/100\n|turn|1\n|\n|t:|1700618693\n|move|p1a: Hydreigon|Surf|p2a: Toedscruel\n|-damage|p2a: Toedscruel|75\/100\n|move|p2a: Toedscruel|Toxic|p1a: Hydreigon\n|-status|p1a: Hydreigon|tox\n|\n|-damage|p1a: Hydreigon|94\/100 tox|[from] psn\n|upkeep\n|turn|2\n|c|\u2606Black sheeps|F\n|c|\u2606mau0032|porque surf xd\n|\n|t:|1700618714\n|switch|p1a: Tornadus|Tornadus-Therian, M|100\/100\n|move|p2a: Toedscruel|Leech Seed|p1a: Tornadus\n|-start|p1a: Tornadus|move: Leech Seed\n|\n|-damage|p1a: Tornadus|88\/100|[from] Leech Seed|[of] p2a: Toedscruel\n|-heal|p2a: Toedscruel|88\/100|[silent]\n|upkeep\n|turn|3\n|\n|t:|1700618729\n|switch|p2a: Slowking|Slowking-Galar, M|100\/100\n|move|p1a: Tornadus|U-turn|p2a: Slowking\n|-damage|p2a: Slowking|85\/100\n|\n|t:|1700618744\n|switch|p1a: Hydreigon|Hydreigon, M|94\/100 tox|[from] U-turn\n|\n|-damage|p1a: Hydreigon|88\/100 tox|[from] psn\n|upkeep\n|turn|4\n|\n|t:|1700618757\n|switch|p2a: Enamorus|Enamorus-Therian, F|100\/100\n|move|p1a: Hydreigon|U-turn|p2a: Enamorus\n|-resisted|p2a: Enamorus\n|-damage|p2a: Enamorus|97\/100\n|\n|t:|1700618771\n|switch|p1a: Electrode|Electrode-Hisui|100\/100|[from] U-turn\n|\n|upkeep\n|turn|5\n|c|\u2606mau0032|no entendi ese hydregon es specs o que es xd\n|\n|t:|1700618791\n|switch|p2a: Toedscruel|Toedscruel, M|88\/100\n|-terastallize|p1a: Electrode|Fire\n|move|p1a: Electrode|Tera Blast|p2a: Toedscruel|[anim] Tera Blast Fire\n|-supereffective|p2a: Toedscruel\n|-damage|p2a: Toedscruel|22\/100\n|\n|upkeep\n|turn|6\n|\n|t:|1700618813\n|switch|p2a: Slowking|Slowking-Galar, M|100\/100\n|move|p1a: Electrode|Tera Blast|p2a: Slowking|[anim] Tera Blast Fire\n|-damage|p2a: Slowking|77\/100\n|\n|upkeep\n|turn|7\n|c|\u2606Black sheeps|Ni yo s\u00e9\n|c|\u2606Black sheeps|Le mov\u00ed XD\n|\n|t:|1700618826\n|switch|p1a: Hydreigon|Hydreigon, M|88\/100 tox\n|move|p2a: Slowking|Surf|p1a: Hydreigon\n|-resisted|p1a: Hydreigon\n|-damage|p1a: Hydreigon|72\/100 tox\n|\n|-damage|p1a: Hydreigon|65\/100 tox|[from] psn\n|upkeep\n|turn|8\n|\n|t:|1700618851\n|move|p1a: Hydreigon|Dark Pulse|p2a: Slowking\n|-supereffective|p2a: Slowking\n|-damage|p2a: Slowking|36\/100\n|move|p2a: Slowking|Sludge Bomb|p1a: Hydreigon\n|-damage|p1a: Hydreigon|12\/100 tox\n|\n|-damage|p1a: Hydreigon|0 fnt|[from] psn\n|faint|p1a: Hydreigon\n|upkeep\n|\n|t:|1700618865\n|switch|p1a: Tornadus|Tornadus-Therian, M|100\/100\n|turn|9\n|\n|t:|1700618879\n|switch|p2a: Enamorus|Enamorus-Therian, F|97\/100\n|move|p1a: Tornadus|Knock Off|p2a: Enamorus\n|-resisted|p2a: Enamorus\n|-damage|p2a: Enamorus|87\/100\n|-enditem|p2a: Enamorus|Heavy-Duty Boots|[from] move: Knock Off|[of] p1a: Tornadus\n|\n|upkeep\n|turn|10\n|\n|t:|1700618890\n|move|p1a: Tornadus|U-turn|p2a: Enamorus\n|-resisted|p2a: Enamorus\n|-damage|p2a: Enamorus|84\/100\n|\n|t:|1700618894\n|switch|p1a: Florges|Florges, F|100\/100|[from] U-turn\n|move|p2a: Enamorus|Calm Mind|p2a: Enamorus\n|-boost|p2a: Enamorus|spa|1\n|-boost|p2a: Enamorus|spd|1\n|\n|upkeep\n|turn|11\n|\n|t:|1700618907\n|move|p1a: Florges|Moonblast|p2a: Enamorus\n|-damage|p2a: Enamorus|52\/100\n|-damage|p1a: Florges|90\/100|[from] item: Life Orb\n|move|p2a: Enamorus|Earth Power|p1a: Florges\n|-damage|p1a: Florges|57\/100\n|\n|upkeep\n|turn|12\n|\n|t:|1700618918\n|move|p1a: Florges|Moonblast|p2a: Enamorus\n|-damage|p2a: Enamorus|20\/100\n|-damage|p1a: Florges|47\/100|[from] item: Life Orb\n|move|p2a: Enamorus|Earth Power|p1a: Florges\n|-damage|p1a: Florges|15\/100\n|\n|upkeep\n|turn|13\n|\n|t:|1700618926\n|move|p1a: Florges|Moonblast|p2a: Enamorus\n|-damage|p2a: Enamorus|0 fnt\n|faint|p2a: Enamorus\n|-damage|p1a: Florges|5\/100|[from] item: Life Orb\n|\n|upkeep\n|\n|t:|1700618928\n|switch|p2a: Samurott|Samurott-Hisui, M|100\/100\n|turn|14\n|\n|t:|1700618939\n|-terastallize|p2a: Samurott|Water\n|move|p2a: Samurott|Swords Dance|p2a: Samurott\n|-boost|p2a: Samurott|atk|2\n|move|p1a: Florges|Moonblast|p2a: Samurott\n|-crit|p2a: Samurott\n|-damage|p2a: Samurott|3\/100\n|-damage|p1a: Florges|0 fnt|[from] item: Life Orb\n|faint|p1a: Florges\n|\n|upkeep\n|c|\u2606mau0032|madres dd\n|c|\u2606mau0032|que fue eso xd\n|c|\u2606Black sheeps|O yea\n|c|\u2606Black sheeps|JAJAJA\n|c|\u2606Black sheeps|Ya me tocaba XD\n|c|\u2606mau0032|estaba enojado xd\n|c|\u2606Black sheeps|JAJAJAJA\n|c|\u2606Black sheeps|Se enojo de tanta hax\n|c|\u2606Black sheeps|Por no tener protagonismo\n|c|\u2606Black sheeps|Se la rif\u00f3\n|\n|t:|1700618992\n|switch|p1a: Sableye|Sableye, M|100\/100\n|turn|15\n|\n|t:|1700619123\n|move|p1a: Sableye|Will-O-Wisp|p2a: Samurott\n|-status|p2a: Samurott|brn\n|move|p2a: Samurott|Aqua Cutter|p1a: Sableye\n|-damage|p1a: Sableye|0 fnt\n|faint|p1a: Sableye\n|\n|-damage|p2a: Samurott|0 fnt|[from] brn\n|faint|p2a: Samurott\n|upkeep\n|c|\u2606Black sheeps|Bueno\n|c|\u2606Black sheeps|Cumpli\u00f3 su meta XD\n|\n|t:|1700619150\n|switch|p2a: Toedscruel|Toedscruel, M|22\/100\n|switch|p1a: Electrode|Electrode-Hisui, tera:Fire|100\/100\n|turn|16\n|\n|t:|1700619166\n|switch|p2a: Slowking|Slowking-Galar, M|69\/100\n|move|p1a: Electrode|Tera Blast|p2a: Slowking|[anim] Tera Blast Fire\n|-damage|p2a: Slowking|46\/100\n|\n|upkeep\n|turn|17\n|\n|t:|1700619174\n|switch|p1a: Tornadus|Tornadus-Therian, M|100\/100\n|switch|p2a: Ditto|Ditto|100\/100\n|-transform|p2a: Ditto|p1a: Tornadus|[from] ability: Imposter\n|\n|upkeep\n|turn|18\n|\n|t:|1700619190\n|switch|p2a: Dudunsparce|Dudunsparce, F|100\/100\n|move|p1a: Tornadus|Bleakwind Storm|p2a: Dudunsparce\n|-damage|p2a: Dudunsparce|48\/100\n|\n|-heal|p2a: Dudunsparce|54\/100|[from] item: Leftovers\n|upkeep\n|turn|19\n|\n|t:|1700619199\n|move|p1a: Tornadus|Bleakwind Storm|p2a: Dudunsparce|[miss]\n|-miss|p1a: Tornadus|p2a: Dudunsparce\n|move|p2a: Dudunsparce|Glare|p1a: Tornadus\n|-status|p1a: Tornadus|par\n|\n|-heal|p2a: Dudunsparce|60\/100|[from] item: Leftovers\n|upkeep\n|turn|20\n|\n|t:|1700619225\n|move|p2a: Dudunsparce|Headbutt|p1a: Tornadus\n|-damage|p1a: Tornadus|60\/100 par\n|-damage|p2a: Dudunsparce|43\/100|[from] item: Rocky Helmet|[of] p1a: Tornadus\n|cant|p1a: Tornadus|flinch\n|\n|-heal|p2a: Dudunsparce|49\/100|[from] item: Leftovers\n|upkeep\n|turn|21\n|\n|t:|1700619234\n|move|p2a: Dudunsparce|Headbutt|p1a: Tornadus\n|-damage|p1a: Tornadus|23\/100 par\n|-damage|p2a: Dudunsparce|33\/100|[from] item: Rocky Helmet|[of] p1a: Tornadus\n|cant|p1a: Tornadus|flinch\n|\n|-heal|p2a: Dudunsparce|39\/100|[from] item: Leftovers\n|upkeep\n|turn|22\n|\n|t:|1700619242\n|switch|p1a: Heatran|Heatran, F|100\/100\n|move|p2a: Dudunsparce|Headbutt|p1a: Heatran\n|-resisted|p1a: Heatran\n|-damage|p1a: Heatran|93\/100\n|\n|-heal|p2a: Dudunsparce|45\/100|[from] item: Leftovers\n|-heal|p1a: Heatran|99\/100|[from] item: Leftovers\n|upkeep\n|turn|23\n|\n|t:|1700619257\n|switch|p2a: Slowking|Slowking-Galar, M|79\/100\n|switch|p1a: Tornadus|Tornadus-Therian, M|56\/100 par\n|\n|upkeep\n|turn|24\n|\n|t:|1700619287\n|switch|p2a: Toedscruel|Toedscruel, M|22\/100\n|move|p1a: Tornadus|Knock Off|p2a: Toedscruel\n|-damage|p2a: Toedscruel|0 fnt\n|-enditem|p2a: Toedscruel|Focus Sash|[from] move: Knock Off|[of] p1a: Tornadus\n|faint|p2a: Toedscruel\n|\n|upkeep\n|\n|t:|1700619290\n|switch|p2a: Dudunsparce|Dudunsparce, F|45\/100\n|turn|25\n|\n|t:|1700619297\n|move|p2a: Dudunsparce|Roost|p2a: Dudunsparce\n|-heal|p2a: Dudunsparce|95\/100\n|-singleturn|p2a: Dudunsparce|move: Roost\n|move|p1a: Tornadus|Bleakwind Storm|p2a: Dudunsparce|[miss]\n|-miss|p1a: Tornadus|p2a: Dudunsparce\n|\n|-heal|p2a: Dudunsparce|100\/100|[from] item: Leftovers\n|upkeep\n|turn|26\n|\n|t:|1700619306\n|move|p2a: Dudunsparce|Headbutt|p1a: Tornadus\n|-damage|p1a: Tornadus|18\/100 par\n|-damage|p2a: Dudunsparce|84\/100|[from] item: Rocky Helmet|[of] p1a: Tornadus\n|cant|p1a: Tornadus|par\n|\n|-heal|p2a: Dudunsparce|90\/100|[from] item: Leftovers\n|upkeep\n|turn|27\n|\n|t:|1700619318\n|switch|p1a: Heatran|Heatran, F|99\/100\n|move|p2a: Dudunsparce|Glare|p1a: Heatran\n|-status|p1a: Heatran|par\n|\n|-heal|p2a: Dudunsparce|96\/100|[from] item: Leftovers\n|-heal|p1a: Heatran|100\/100 par|[from] item: Leftovers\n|upkeep\n|turn|28\n|\n|t:|1700619330\n|switch|p2a: Slowking|Slowking-Galar, M|100\/100\n|switch|p1a: Tornadus|Tornadus-Therian, M|51\/100 par\n|\n|upkeep\n|turn|29\n|\n|t:|1700619350\n|switch|p2a: Dudunsparce|Dudunsparce, F|96\/100\n|cant|p1a: Tornadus|par\n|\n|-heal|p2a: Dudunsparce|100\/100|[from] item: Leftovers\n|upkeep\n|turn|30\n|\n|t:|1700619357\n|move|p2a: Dudunsparce|Headbutt|p1a: Tornadus\n|-damage|p1a: Tornadus|14\/100 par\n|-damage|p2a: Dudunsparce|84\/100|[from] item: Rocky Helmet|[of] p1a: Tornadus\n|cant|p1a: Tornadus|flinch\n|\n|-heal|p2a: Dudunsparce|90\/100|[from] item: Leftovers\n|upkeep\n|turn|31\n|\n|t:|1700619369\n|switch|p1a: Heatran|Heatran, F|100\/100 par\n|move|p2a: Dudunsparce|Headbutt|p1a: Heatran\n|-resisted|p1a: Heatran\n|-damage|p1a: Heatran|93\/100 par\n|\n|-heal|p2a: Dudunsparce|96\/100|[from] item: Leftovers\n|-heal|p1a: Heatran|99\/100 par|[from] item: Leftovers\n|upkeep\n|turn|32\n|\n|t:|1700619381\n|switch|p2a: Ditto|Ditto|100\/100\n|-transform|p2a: Ditto|p1a: Heatran|[from] ability: Imposter\n|move|p1a: Heatran|Magma Storm|p2a: Ditto\n|-start|p2a: Ditto|ability: Flash Fire\n|\n|-heal|p1a: Heatran|100\/100 par|[from] item: Leftovers\n|upkeep\n|turn|33\n|\n|t:|1700619401\n|move|p2a: Ditto|Magma Storm|p1a: Heatran\n|-start|p1a: Heatran|ability: Flash Fire\n|move|p1a: Heatran|Flash Cannon|p2a: Ditto\n|-resisted|p2a: Ditto\n|-damage|p2a: Ditto|91\/100\n|\n|upkeep\n|turn|34\n|\n|t:|1700619411\n|-end|p2a: Ditto|ability: Flash Fire|[silent]\n|switch|p2a: Slowking|Slowking-Galar, M|100\/100\n|-end|p1a: Heatran|ability: Flash Fire|[silent]\n|switch|p1a: Electrode|Electrode-Hisui, tera:Fire|100\/100\n|\n|upkeep\n|turn|35\n|c|\u2606Black sheeps|No deb\u00ed perder a sableye\n|\n|t:|1700619520\n|move|p1a: Electrode|Volt Switch|p2a: Slowking\n|-damage|p2a: Slowking|79\/100\n|\n|t:|1700619524\n|switch|p1a: Tornadus|Tornadus-Therian, M|47\/100 par|[from] Volt Switch\n|move|p2a: Slowking|Surf|p1a: Tornadus\n|-damage|p1a: Tornadus|12\/100 par\n|\n|upkeep\n|turn|36\n|\n|t:|1700619533\n|move|p1a: Tornadus|Knock Off|p2a: Slowking\n|-supereffective|p2a: Slowking\n|-damage|p2a: Slowking|31\/100\n|-enditem|p2a: Slowking|Assault Vest|[from] move: Knock Off|[of] p1a: Tornadus\n|move|p2a: Slowking|Surf|p1a: Tornadus\n|-damage|p1a: Tornadus|0 fnt\n|faint|p1a: Tornadus\n|\n|upkeep\n|\n|t:|1700619541\n|switch|p1a: Electrode|Electrode-Hisui, tera:Fire|100\/100\n|turn|37\n|\n|t:|1700619562\n|switch|p2a: Ditto|Ditto|91\/100\n|-transform|p2a: Ditto|p1a: Electrode|[from] ability: Imposter\n|move|p1a: Electrode|Thunderbolt|p2a: Ditto\n|-resisted|p2a: Ditto\n|-damage|p2a: Ditto|74\/100\n|\n|upkeep\n|turn|38\n|\n|t:|1700619571\n|switch|p1a: Heatran|Heatran, F|100\/100 par\n|move|p2a: Ditto|Thunderbolt|p1a: Heatran\n|-damage|p1a: Heatran|74\/100 par\n|\n|-heal|p1a: Heatran|80\/100 par|[from] item: Leftovers\n|upkeep\n|turn|39\n|\n|t:|1700619581\n|switch|p2a: Dudunsparce|Dudunsparce, F|96\/100\n|move|p1a: Heatran|Magma Storm|p2a: Dudunsparce|[miss]\n|-miss|p1a: Heatran|p2a: Dudunsparce\n|\n|-heal|p2a: Dudunsparce|100\/100|[from] item: Leftovers\n|-heal|p1a: Heatran|86\/100 par|[from] item: Leftovers\n|upkeep\n|turn|40\n|\n|t:|1700619590\n|switch|p2a: Ditto|Ditto|74\/100\n|-transform|p2a: Ditto|p1a: Heatran|[from] ability: Imposter\n|move|p1a: Heatran|Magma Storm|p2a: Ditto\n|-start|p2a: Ditto|ability: Flash Fire\n|\n|-heal|p1a: Heatran|92\/100 par|[from] item: Leftovers\n|upkeep\n|turn|41\n|\n|t:|1700619603\n|-end|p2a: Ditto|ability: Flash Fire|[silent]\n|switch|p2a: Slowking|Slowking-Galar, M|64\/100\n|move|p1a: Heatran|Flash Cannon|p2a: Slowking\n|-damage|p2a: Slowking|38\/100\n|-unboost|p2a: Slowking|spd|1\n|\n|-heal|p1a: Heatran|99\/100 par|[from] item: Leftovers\n|upkeep\n|turn|42\n|\n|t:|1700619616\n|switch|p2a: Ditto|Ditto|74\/100\n|-transform|p2a: Ditto|p1a: Heatran|[from] ability: Imposter\n|move|p1a: Heatran|Flash Cannon|p2a: Ditto\n|-resisted|p2a: Ditto\n|-damage|p2a: Ditto|64\/100\n|-unboost|p2a: Ditto|spd|1\n|\n|-heal|p1a: Heatran|100\/100 par|[from] item: Leftovers\n|upkeep\n|turn|43\n|\n|t:|1700619629\n|move|p2a: Ditto|Protect|p2a: Ditto\n|-singleturn|p2a: Ditto|Protect\n|cant|p1a: Heatran|par\n|\n|upkeep\n|turn|44\n|\n|t:|1700619643\n|switch|p2a: Dudunsparce|Dudunsparce, F|100\/100\n|cant|p1a: Heatran|par\n|\n|upkeep\n|turn|45\n|\n|t:|1700619649\n|move|p2a: Dudunsparce|Headbutt|p1a: Heatran\n|-resisted|p1a: Heatran\n|-damage|p1a: Heatran|93\/100 par\n|move|p1a: Heatran|Flash Cannon|p2a: Dudunsparce\n|-damage|p2a: Dudunsparce|63\/100\n|\n|-heal|p2a: Dudunsparce|69\/100|[from] item: Leftovers\n|-heal|p1a: Heatran|99\/100 par|[from] item: Leftovers\n|upkeep\n|turn|46\n|\n|t:|1700619659\n|move|p2a: Dudunsparce|Headbutt|p1a: Heatran\n|-resisted|p1a: Heatran\n|-damage|p1a: Heatran|91\/100 par\n|move|p1a: Heatran|Magma Storm|p2a: Dudunsparce\n|-damage|p2a: Dudunsparce|22\/100\n|-activate|p2a: Dudunsparce|move: Magma Storm|[of] p1a: Heatran\n|\n|-heal|p2a: Dudunsparce|29\/100|[from] item: Leftovers\n|-heal|p1a: Heatran|97\/100 par|[from] item: Leftovers\n|-damage|p2a: Dudunsparce|16\/100|[from] move: Magma Storm|[partiallytrapped]\n|upkeep\n|turn|47\n|\n|t:|1700619672\n|move|p2a: Dudunsparce|Headbutt|p1a: Heatran\n|-resisted|p1a: Heatran\n|-damage|p1a: Heatran|90\/100 par\n|move|p1a: Heatran|Flash Cannon|p2a: Dudunsparce\n|-damage|p2a: Dudunsparce|0 fnt\n|faint|p2a: Dudunsparce\n|\n|-heal|p1a: Heatran|96\/100 par|[from] item: Leftovers\n|upkeep\n|\n|t:|1700619679\n|switch|p2a: Slowking|Slowking-Galar, M|72\/100\n|turn|48\n|\n|t:|1700619691\n|move|p2a: Slowking|Surf|p1a: Heatran\n|-supereffective|p1a: Heatran\n|-damage|p1a: Heatran|46\/100 par\n|cant|p1a: Heatran|par\n|\n|-heal|p1a: Heatran|52\/100 par|[from] item: Leftovers\n|upkeep\n|turn|49\n|\n|t:|1700619700\n|switch|p1a: Electrode|Electrode-Hisui, tera:Fire|100\/100\n|move|p2a: Slowking|Surf|p1a: Electrode\n|-supereffective|p1a: Electrode\n|-damage|p1a: Electrode|5\/100\n|\n|upkeep\n|turn|50\n|\n|t:|1700619707\n|switch|p2a: Ditto|Ditto|64\/100\n|-transform|p2a: Ditto|p1a: Electrode|[from] ability: Imposter\n|move|p1a: Electrode|Chloroblast|p2a: Ditto\n|-resisted|p2a: Ditto\n|-damage|p2a: Ditto|11\/100\n|-damage|p1a: Electrode|0 fnt|[from] Recoil\n|faint|p1a: Electrode\n|\n|upkeep\n|\n|t:|1700619717\n|switch|p1a: Heatran|Heatran, F|52\/100 par\n|turn|51\n|c|\u2606Black sheeps|Ahora dependo completamente de mi suerte XD\n|c|\u2606Black sheeps|Vali\u00f3\n|c|\u2606Black sheeps|JAJAJA\n|c|\u2606Black sheeps|GG\n|c|\u2606Black sheeps|La jugaste bien XD\n|\n|t:|1700619797\n|move|p2a: Ditto|Thunderbolt|p1a: Heatran\n|-damage|p1a: Heatran|25\/100 par\n|move|p1a: Heatran|Flash Cannon|p2a: Ditto\n|-resisted|p2a: Ditto\n|-damage|p2a: Ditto|0 fnt\n|faint|p2a: Ditto\n|\n|-heal|p1a: Heatran|32\/100 par|[from] item: Leftovers\n|upkeep\n|\n|t:|1700619802\n|switch|p2a: Slowking|Slowking-Galar, M|100\/100\n|turn|52\n|\n|t:|1700619809\n|move|p1a: Heatran|Protect|p1a: Heatran\n|-singleturn|p1a: Heatran|Protect\n|move|p2a: Slowking|Surf|p1a: Heatran\n|-activate|p1a: Heatran|move: Protect\n|\n|-heal|p1a: Heatran|38\/100 par|[from] item: Leftovers\n|upkeep\n|turn|53\n|\n|t:|1700619818\n|move|p2a: Slowking|Surf|p1a: Heatran\n|-supereffective|p1a: Heatran\n|-damage|p1a: Heatran|0 fnt\n|faint|p1a: Heatran\n|\n|win|mau0032\n|c|\u2606mau0032|ufff\n|c|\u2606Black sheeps|Buenas la verdad\n","uploadtime":1700619832,"views":21,"p1id":"blacksheeps","p2id":"mau0032","formatid":"gen9ou","rating":0,"private":0,"password":""}