{"id":"gen9ou-1993531849","p1":"vilosa","p2":"GUANGDONG TlGERS","format":"[Gen 9] OU","log":"|j|\u2606vilosa\n|j|\u2606GUANGDONG TlGERS\n|t:|1700328725\n|gametype|singles\n|player|p1|vilosa|akari|1594\n|player|p2|GUANGDONG TlGERS|worker|1630\n|teamsize|p1|6\n|teamsize|p2|6\n|gen|9\n|tier|[Gen 9] OU\n|rated|\n|rule|Sleep Clause Mod: Limit one foe put to sleep\n|rule|Species Clause: Limit one of each Pok\u00e9mon\n|rule|OHKO Clause: OHKO moves are banned\n|rule|Evasion Items Clause: Evasion items are banned\n|rule|Evasion Moves Clause: Evasion moves are banned\n|rule|Endless Battle Clause: Forcing endless battles is banned\n|rule|HP Percentage Mod: HP is shown in percentages\n|clearpoke\n|poke|p1|Scizor, F|\n|poke|p1|Rotom-Wash|\n|poke|p1|Dragapult, F|\n|poke|p1|Samurott-Hisui, F|\n|poke|p1|Great Tusk|\n|poke|p1|Moltres|\n|poke|p2|Torterra, F|\n|poke|p2|Ninetales-Alola, M|\n|poke|p2|Iron Valiant|\n|poke|p2|Dragonite, F|\n|poke|p2|Kingambit, F|\n|poke|p2|Maushold|\n|teampreview\n|inactive|Battle timer is ON: inactive players will automatically lose when time's up. (requested by vilosa)\n|\n|t:|1700328736\n|start\n|switch|p1a: Scizor|Scizor, F|100\/100\n|switch|p2a: Ninetales|Ninetales-Alola, M|100\/100\n|-weather|Snow|[from] ability: Snow Warning|[of] p2a: Ninetales\n|turn|1\n|\n|t:|1700328740\n|switch|p2a: Kingambit|Kingambit, F|100\/100\n|move|p1a: Scizor|Bullet Punch|p2a: Kingambit\n|-resisted|p2a: Kingambit\n|-damage|p2a: Kingambit|88\/100\n|\n|-weather|Snow|[upkeep]\n|-heal|p2a: Kingambit|95\/100|[from] item: Leftovers\n|upkeep\n|turn|2\n|\n|t:|1700328744\n|-end|p2a: Kingambit|fallenundefined|[silent]\n|switch|p2a: Dragonite|Dragonite, F|100\/100\n|move|p1a: Scizor|Close Combat|p2a: Dragonite\n|-resisted|p2a: Dragonite\n|-damage|p2a: Dragonite|87\/100\n|-unboost|p1a: Scizor|def|1\n|-unboost|p1a: Scizor|spd|1\n|\n|-weather|Snow|[upkeep]\n|upkeep\n|turn|3\n|\n|t:|1700328750\n|switch|p1a: Rotom|Rotom-Wash|100\/100\n|move|p2a: Dragonite|Fire Punch|p1a: Rotom\n|-resisted|p1a: Rotom\n|-damage|p1a: Rotom|85\/100\n|\n|-weather|Snow|[upkeep]\n|-heal|p1a: Rotom|92\/100|[from] item: Leftovers\n|upkeep\n|turn|4\n|\n|t:|1700328755\n|switch|p2a: Ninetales|Ninetales-Alola, M|100\/100\n|move|p1a: Rotom|Volt Switch|p2a: Ninetales\n|-damage|p2a: Ninetales|74\/100\n|\n|t:|1700328756\n|switch|p1a: Scizor|Scizor, F|100\/100|[from] Volt Switch\n|\n|-weather|Snow|[upkeep]\n|upkeep\n|turn|5\n|\n|t:|1700328762\n|switch|p2a: Dragonite|Dragonite, F|87\/100\n|move|p1a: Scizor|U-turn|p2a: Dragonite\n|-resisted|p2a: Dragonite\n|-damage|p2a: Dragonite|63\/100\n|\n|t:|1700328764\n|switch|p1a: Rotom|Rotom-Wash|92\/100|[from] U-turn\n|\n|-weather|none\n|-heal|p1a: Rotom|98\/100|[from] item: Leftovers\n|upkeep\n|turn|6\n|\n|t:|1700328769\n|move|p2a: Dragonite|Extreme Speed|p1a: Rotom\n|-damage|p1a: Rotom|63\/100\n|move|p1a: Rotom|Hydro Pump|p2a: Dragonite\n|-resisted|p2a: Dragonite\n|-damage|p2a: Dragonite|41\/100\n|\n|-heal|p1a: Rotom|69\/100|[from] item: Leftovers\n|upkeep\n|turn|7\n|\n|t:|1700328774\n|move|p1a: Rotom|Protect|p1a: Rotom\n|-singleturn|p1a: Rotom|Protect\n|move|p2a: Dragonite|Extreme Speed|p1a: Rotom\n|-activate|p1a: Rotom|move: Protect\n|\n|-heal|p1a: Rotom|75\/100|[from] item: Leftovers\n|upkeep\n|turn|8\n|\n|t:|1700328776\n|switch|p1a: Moltres|Moltres|100\/100\n|move|p2a: Dragonite|Extreme Speed|p1a: Moltres\n|-damage|p1a: Moltres|79\/100\n|-status|p2a: Dragonite|brn|[from] ability: Flame Body|[of] p1a: Moltres\n|\n|-damage|p2a: Dragonite|35\/100 brn|[from] brn\n|upkeep\n|turn|9\n|\n|t:|1700328784\n|move|p2a: Dragonite|Extreme Speed|p1a: Moltres\n|-damage|p1a: Moltres|69\/100\n|move|p1a: Moltres|Flamethrower|p2a: Dragonite\n|-resisted|p2a: Dragonite\n|-damage|p2a: Dragonite|14\/100 brn\n|\n|-damage|p2a: Dragonite|8\/100 brn|[from] brn\n|upkeep\n|turn|10\n|\n|t:|1700328787\n|move|p2a: Dragonite|Extreme Speed|p1a: Moltres\n|-damage|p1a: Moltres|57\/100\n|move|p1a: Moltres|Roost|p1a: Moltres\n|-heal|p1a: Moltres|100\/100\n|-singleturn|p1a: Moltres|move: Roost\n|\n|-damage|p2a: Dragonite|2\/100 brn|[from] brn\n|upkeep\n|turn|11\n|\n|t:|1700328793\n|move|p2a: Dragonite|Extreme Speed|p1a: Moltres\n|-damage|p1a: Moltres|89\/100\n|move|p1a: Moltres|U-turn|p2a: Dragonite\n|-resisted|p2a: Dragonite\n|-damage|p2a: Dragonite|0 fnt\n|faint|p2a: Dragonite\n|\n|t:|1700328796\n|switch|p1a: Scizor|Scizor, F|100\/100|[from] U-turn\n|\n|upkeep\n|inactive|GUANGDONG TlGERS has 120 seconds left.\n|inactive|GUANGDONG TlGERS has 90 seconds left.\n|\n|t:|1700328858\n|switch|p2a: Maushold|Maushold|100\/100\n|turn|12\n|\n|t:|1700328865\n|switch|p1a: Moltres|Moltres|89\/100\n|move|p2a: Maushold|Population Bomb|p1a: Moltres\n|-damage|p1a: Moltres|81\/100\n|-status|p2a: Maushold|brn|[from] ability: Flame Body|[of] p1a: Moltres\n|-damage|p1a: Moltres|77\/100\n|-damage|p1a: Moltres|73\/100\n|-damage|p1a: Moltres|69\/100\n|-damage|p1a: Moltres|65\/100\n|-damage|p1a: Moltres|61\/100\n|-damage|p1a: Moltres|58\/100\n|-damage|p1a: Moltres|54\/100\n|-damage|p1a: Moltres|49\/100\n|-damage|p1a: Moltres|46\/100\n|-hitcount|p1a: Moltres|10\n|\n|-damage|p2a: Maushold|94\/100 brn|[from] brn\n|upkeep\n|turn|13\n|\n|t:|1700328873\n|move|p2a: Maushold|Population Bomb|p1a: Moltres\n|-damage|p1a: Moltres|42\/100\n|-damage|p1a: Moltres|38\/100\n|-damage|p1a: Moltres|34\/100\n|-crit|p1a: Moltres\n|-damage|p1a: Moltres|28\/100\n|-damage|p1a: Moltres|24\/100\n|-damage|p1a: Moltres|20\/100\n|-damage|p1a: Moltres|16\/100\n|-damage|p1a: Moltres|11\/100\n|-damage|p1a: Moltres|8\/100\n|-damage|p1a: Moltres|4\/100\n|-hitcount|p1a: Moltres|10\n|move|p1a: Moltres|Roost|p1a: Moltres\n|-heal|p1a: Moltres|54\/100\n|-singleturn|p1a: Moltres|move: Roost\n|\n|-damage|p2a: Maushold|88\/100 brn|[from] brn\n|upkeep\n|turn|14\n|\n|t:|1700328878\n|move|p2a: Maushold|Tidy Up|p2a: Maushold\n|-boost|p2a: Maushold|atk|1\n|-boost|p2a: Maushold|spe|1\n|move|p1a: Moltres|Roost|p1a: Moltres\n|-heal|p1a: Moltres|100\/100\n|-singleturn|p1a: Moltres|move: Roost\n|\n|-damage|p2a: Maushold|82\/100 brn|[from] brn\n|upkeep\n|turn|15\n|\n|t:|1700328882\n|move|p2a: Maushold|Population Bomb|p1a: Moltres\n|-damage|p1a: Moltres|94\/100\n|-damage|p1a: Moltres|88\/100\n|-damage|p1a: Moltres|82\/100\n|-damage|p1a: Moltres|76\/100\n|-damage|p1a: Moltres|70\/100\n|-damage|p1a: Moltres|65\/100\n|-damage|p1a: Moltres|59\/100\n|-damage|p1a: Moltres|52\/100\n|-damage|p1a: Moltres|46\/100\n|-damage|p1a: Moltres|41\/100\n|-hitcount|p1a: Moltres|10\n|move|p1a: Moltres|Flamethrower|p2a: Maushold\n|-damage|p2a: Maushold|24\/100 brn\n|\n|-damage|p2a: Maushold|17\/100 brn|[from] brn\n|upkeep\n|turn|16\n|\n|t:|1700328889\n|move|p2a: Maushold|Population Bomb|p1a: Moltres\n|-damage|p1a: Moltres|35\/100\n|-damage|p1a: Moltres|29\/100\n|-damage|p1a: Moltres|23\/100\n|-damage|p1a: Moltres|17\/100\n|-damage|p1a: Moltres|11\/100\n|-damage|p1a: Moltres|6\/100\n|-damage|p1a: Moltres|0 fnt\n|faint|p1a: Moltres\n|-hitcount|p1: Moltres|7\n|\n|-damage|p2a: Maushold|11\/100 brn|[from] brn\n|upkeep\n|\n|t:|1700328894\n|switch|p1a: Scizor|Scizor, F|100\/100\n|turn|17\n|\n|t:|1700328895\n|move|p1a: Scizor|Bullet Punch|p2a: Maushold\n|-damage|p2a: Maushold|0 fnt\n|faint|p2a: Maushold\n|\n|upkeep\n|\n|t:|1700328901\n|switch|p2a: Ninetales|Ninetales-Alola, M|74\/100\n|-weather|Snow|[from] ability: Snow Warning|[of] p2a: Ninetales\n|turn|18\n|\n|t:|1700328904\n|-terastallize|p2a: Ninetales|Steel\n|move|p1a: Scizor|Bullet Punch|p2a: Ninetales\n|-resisted|p2a: Ninetales\n|-damage|p2a: Ninetales|55\/100\n|move|p2a: Ninetales|Aurora Veil|p2a: Ninetales\n|-sidestart|p2: GUANGDONG TlGERS|move: Aurora Veil\n|\n|-weather|Snow|[upkeep]\n|upkeep\n|turn|19\n|\n|t:|1700328914\n|switch|p2a: Kingambit|Kingambit, F|95\/100\n|-activate|p2a: Kingambit|ability: Supreme Overlord\n|-start|p2a: Kingambit|fallen2|[silent]\n|move|p1a: Scizor|Knock Off|p2a: Kingambit\n|-resisted|p2a: Kingambit\n|-damage|p2a: Kingambit|88\/100\n|-enditem|p2a: Kingambit|Leftovers|[from] move: Knock Off|[of] p1a: Scizor\n|\n|-weather|Snow|[upkeep]\n|upkeep\n|turn|20\n|\n|t:|1700328920\n|move|p2a: Kingambit|Sucker Punch|p1a: Scizor\n|-damage|p1a: Scizor|53\/100\n|move|p1a: Scizor|Close Combat|p2a: Kingambit\n|-supereffective|p2a: Kingambit\n|-damage|p2a: Kingambit|26\/100\n|-unboost|p1a: Scizor|def|1\n|-unboost|p1a: Scizor|spd|1\n|\n|-weather|Snow|[upkeep]\n|upkeep\n|turn|21\n|\n|t:|1700328926\n|move|p1a: Scizor|Bullet Punch|p2a: Kingambit\n|-resisted|p2a: Kingambit\n|-damage|p2a: Kingambit|20\/100\n|move|p2a: Kingambit|Sucker Punch||[still]\n|-fail|p2a: Kingambit\n|\n|-weather|Snow|[upkeep]\n|upkeep\n|turn|22\n|\n|t:|1700328933\n|switch|p1a: Great Tusk|Great Tusk|100\/100\n|move|p2a: Kingambit|Kowtow Cleave|p1a: Great Tusk\n|-resisted|p1a: Great Tusk\n|-damage|p1a: Great Tusk|80\/100\n|\n|-weather|none\n|upkeep\n|turn|23\n|\n|t:|1700328940\n|-end|p2a: Kingambit|fallen2|[silent]\n|switch|p2a: Iron Valiant|Iron Valiant|100\/100\n|-enditem|p2a: Iron Valiant|Booster Energy\n|-activate|p2a: Iron Valiant|ability: Quark Drive|[fromitem]\n|-start|p2a: Iron Valiant|quarkdrivespe\n|move|p1a: Great Tusk|Stealth Rock|p2a: Iron Valiant\n|-sidestart|p2: GUANGDONG TlGERS|move: Stealth Rock\n|\n|upkeep\n|turn|24\n|\n|t:|1700328957\n|-terastallize|p1a: Great Tusk|Poison\n|move|p2a: Iron Valiant|Moonblast|p1a: Great Tusk\n|-resisted|p1a: Great Tusk\n|-damage|p1a: Great Tusk|48\/100\n|move|p1a: Great Tusk|Rapid Spin|p2a: Iron Valiant\n|-damage|p2a: Iron Valiant|90\/100\n|-boost|p1a: Great Tusk|spe|1\n|\n|upkeep\n|turn|25\n|\n|t:|1700328970\n|move|p2a: Iron Valiant|Psyshock|p1a: Great Tusk\n|-supereffective|p1a: Great Tusk\n|-damage|p1a: Great Tusk|17\/100\n|move|p1a: Great Tusk|Headlong Rush|p2a: Iron Valiant\n|-damage|p2a: Iron Valiant|54\/100\n|-unboost|p1a: Great Tusk|def|1\n|-unboost|p1a: Great Tusk|spd|1\n|\n|-sideend|p2: GUANGDONG TlGERS|move: Aurora Veil\n|upkeep\n|turn|26\n|\n|t:|1700328973\n|move|p2a: Iron Valiant|Psyshock|p1a: Great Tusk\n|-supereffective|p1a: Great Tusk\n|-damage|p1a: Great Tusk|0 fnt\n|faint|p1a: Great Tusk\n|-end|p1a: Great Tusk|Protosynthesis|[silent]\n|\n|upkeep\n|\n|t:|1700328978\n|switch|p1a: Scizor|Scizor, F|53\/100\n|turn|27\n|\n|t:|1700328982\n|-end|p2a: Iron Valiant|Quark Drive|[silent]\n|switch|p2a: Ninetales|Ninetales-Alola, M, tera:Steel|55\/100\n|-damage|p2a: Ninetales|49\/100|[from] Stealth Rock\n|-weather|Snow|[from] ability: Snow Warning|[of] p2a: Ninetales\n|move|p1a: Scizor|Bullet Punch|p2a: Ninetales\n|-resisted|p2a: Ninetales\n|-damage|p2a: Ninetales|28\/100\n|\n|-weather|Snow|[upkeep]\n|upkeep\n|turn|28\n|\n|t:|1700328988\n|switch|p1a: Dragapult|Dragapult, F|100\/100\n|move|p2a: Ninetales|Aurora Veil|p2a: Ninetales\n|-sidestart|p2: GUANGDONG TlGERS|move: Aurora Veil\n|\n|-weather|Snow|[upkeep]\n|upkeep\n|turn|29\n|\n|t:|1700328991\n|move|p1a: Dragapult|Shadow Ball|p2a: Ninetales\n|-damage|p2a: Ninetales|0 fnt\n|faint|p2a: Ninetales\n|\n|-weather|Snow|[upkeep]\n|upkeep\n|\n|t:|1700328993\n|switch|p2a: Torterra|Torterra, F|100\/100\n|-damage|p2a: Torterra|94\/100|[from] Stealth Rock\n|turn|30\n|\n|t:|1700328997\n|move|p1a: Dragapult|Shadow Ball|p2a: Torterra\n|-damage|p2a: Torterra|36\/100\n|-unboost|p2a: Torterra|spd|1\n|move|p2a: Torterra|Shell Smash|p2a: Torterra\n|-unboost|p2a: Torterra|def|1\n|-unboost|p2a: Torterra|spd|1\n|-boost|p2a: Torterra|atk|2\n|-boost|p2a: Torterra|spa|2\n|-boost|p2a: Torterra|spe|2\n|\n|-weather|Snow|[upkeep]\n|upkeep\n|turn|31\n|\n|t:|1700329000\n|move|p2a: Torterra|Bullet Seed|p1a: Dragapult\n|-resisted|p1a: Dragapult\n|-damage|p1a: Dragapult|83\/100\n|-resisted|p1a: Dragapult\n|-damage|p1a: Dragapult|66\/100\n|-resisted|p1a: Dragapult\n|-damage|p1a: Dragapult|49\/100\n|-resisted|p1a: Dragapult\n|-damage|p1a: Dragapult|30\/100\n|-resisted|p1a: Dragapult\n|-damage|p1a: Dragapult|14\/100\n|-hitcount|p1a: Dragapult|5\n|move|p1a: Dragapult|Shadow Ball|p2a: Torterra\n|-damage|p2a: Torterra|0 fnt\n|faint|p2a: Torterra\n|\n|-weather|none\n|upkeep\n|c|\u2606GUANGDONG TlGERS|misclick fuck\n|-message|GUANGDONG TlGERS forfeited.\n|\n|win|vilosa\n|raw|vilosa's rating: 1594 &rarr; <strong>1616<\/strong><br \/>(+22 for winning)\n|raw|GUANGDONG TlGERS's rating: 1630 &rarr; <strong>1608<\/strong><br \/>(-22 for losing)\n","uploadtime":1700329006,"views":28,"p1id":"vilosa","p2id":"guangdongtlgers","formatid":"gen9ou","rating":1608,"private":0,"password":""}