{"id":"gen9ou-1995797430","p1":"bosstyrenm","p2":"ratatta17","format":"[Gen 9] OU","log":"|j|\u2606bosstyrenm\n|j|\u2606ratatta17\n|t:|1700604115\n|gametype|singles\n|player|p1|bosstyrenm|lance|1444\n|player|p2|ratatta17|1|1568\n|teamsize|p1|6\n|teamsize|p2|6\n|gen|9\n|tier|[Gen 9] OU\n|rated|\n|rule|Sleep Clause Mod: Limit one foe put to sleep\n|rule|Species Clause: Limit one of each Pok\u00e9mon\n|rule|OHKO Clause: OHKO moves are banned\n|rule|Evasion Items Clause: Evasion items are banned\n|rule|Evasion Moves Clause: Evasion moves are banned\n|rule|Endless Battle Clause: Forcing endless battles is banned\n|rule|HP Percentage Mod: HP is shown in percentages\n|clearpoke\n|poke|p1|Maushold|\n|poke|p1|Rillaboom, M|\n|poke|p1|Great Tusk|\n|poke|p1|Heatran, F|\n|poke|p1|Enamorus, F|\n|poke|p1|Kingambit, F|\n|poke|p2|Azumarill, M|\n|poke|p2|Staraptor, M|\n|poke|p2|Toedscruel, M|\n|poke|p2|Skeledirge, F|\n|poke|p2|Ninetales-Alola, M|\n|poke|p2|Iron Valiant|\n|teampreview\n|inactive|Battle timer is ON: inactive players will automatically lose when time's up. (requested by bosstyrenm)\n|inactive|ratatta17 has 120 seconds left.\n|\n|t:|1700604210\n|start\n|switch|p1a: Maushold|Maushold|100\/100\n|switch|p2a: Staraptor|Staraptor, M|100\/100\n|-ability|p2a: Staraptor|Intimidate|boost\n|-unboost|p1a: Maushold|atk|1\n|turn|1\n|\n|t:|1700604228\n|switch|p2a: Skeledirge|Skeledirge, F|100\/100\n|switch|p1a: Heatran|Heatran, F|100\/100\n|\n|upkeep\n|turn|2\n|\n|t:|1700604234\n|switch|p2a: Staraptor|Staraptor, M|100\/100\n|-ability|p2a: Staraptor|Intimidate|boost\n|-unboost|p1a: Heatran|atk|1\n|move|p1a: Heatran|Taunt|p2a: Staraptor\n|-start|p2a: Staraptor|move: Taunt\n|\n|upkeep\n|turn|3\n|\n|t:|1700604238\n|move|p2a: Staraptor|Final Gambit|p1a: Heatran\n|-damage|p1a: Heatran|4\/100\n|faint|p2a: Staraptor\n|move|p1a: Heatran|Magma Storm|p2: Staraptor|[notarget]\n|-fail|p1a: Heatran\n|\n|-heal|p1a: Heatran|10\/100|[from] item: Leftovers\n|upkeep\n|\n|t:|1700604241\n|switch|p2a: Iron Valiant|Iron Valiant|100\/100\n|turn|4\n|\n|t:|1700604250\n|move|p2a: Iron Valiant|Thunderbolt|p1a: Heatran\n|-damage|p1a: Heatran|0 fnt\n|faint|p1a: Heatran\n|-damage|p2a: Iron Valiant|91\/100|[from] item: Life Orb\n|\n|upkeep\n|\n|t:|1700604262\n|switch|p1a: Enamorus|Enamorus, F|100\/100\n|turn|5\n|\n|t:|1700604266\n|move|p1a: Enamorus|Moonblast|p2a: Iron Valiant\n|-supereffective|p2a: Iron Valiant\n|-damage|p2a: Iron Valiant|0 fnt\n|faint|p2a: Iron Valiant\n|-end|p2a: Iron Valiant|Quark Drive|[silent]\n|\n|upkeep\n|\n|t:|1700604272\n|switch|p2a: Skeledirge|Skeledirge, F|100\/100\n|turn|6\n|\n|t:|1700604292\n|switch|p1a: Rillaboom|Rillaboom, M|100\/100\n|-fieldstart|move: Grassy Terrain|[from] ability: Grassy Surge|[of] p1a: Rillaboom\n|move|p2a: Skeledirge|Will-O-Wisp|p1a: Rillaboom\n|-status|p1a: Rillaboom|brn\n|\n|-damage|p1a: Rillaboom|94\/100 brn|[from] brn\n|upkeep\n|turn|7\n|\n|t:|1700604301\n|switch|p2a: Toedscruel|Toedscruel, M|100\/100\n|move|p1a: Rillaboom|Knock Off|p2a: Toedscruel\n|-damage|p2a: Toedscruel|77\/100\n|-enditem|p2a: Toedscruel|Leftovers|[from] move: Knock Off|[of] p1a: Rillaboom\n|\n|-heal|p1a: Rillaboom|100\/100 brn|[from] Grassy Terrain\n|-heal|p2a: Toedscruel|83\/100|[from] Grassy Terrain\n|-damage|p1a: Rillaboom|94\/100 brn|[from] brn\n|upkeep\n|turn|8\n|\n|t:|1700604306\n|move|p1a: Rillaboom|Knock Off|p2a: Toedscruel\n|-damage|p2a: Toedscruel|67\/100\n|move|p2a: Toedscruel|Knock Off|p1a: Rillaboom\n|-damage|p1a: Rillaboom|75\/100 brn\n|-enditem|p1a: Rillaboom|Choice Band|[from] move: Knock Off|[of] p2a: Toedscruel\n|\n|-heal|p1a: Rillaboom|81\/100 brn|[from] Grassy Terrain\n|-heal|p2a: Toedscruel|73\/100|[from] Grassy Terrain\n|-damage|p1a: Rillaboom|75\/100 brn|[from] brn\n|upkeep\n|turn|9\n|\n|t:|1700604310\n|move|p1a: Rillaboom|Wood Hammer|p2a: Toedscruel\n|-damage|p2a: Toedscruel|32\/100\n|-damage|p1a: Rillaboom|60\/100 brn|[from] Recoil\n|move|p2a: Toedscruel|Rapid Spin|p1a: Rillaboom\n|-crit|p1a: Rillaboom\n|-damage|p1a: Rillaboom|45\/100 brn\n|-boost|p2a: Toedscruel|spe|1\n|\n|-heal|p2a: Toedscruel|38\/100|[from] Grassy Terrain\n|-heal|p1a: Rillaboom|51\/100 brn|[from] Grassy Terrain\n|-damage|p1a: Rillaboom|45\/100 brn|[from] brn\n|upkeep\n|turn|10\n|\n|t:|1700604314\n|switch|p2a: Skeledirge|Skeledirge, F|100\/100\n|move|p1a: Rillaboom|Wood Hammer|p2a: Skeledirge\n|-resisted|p2a: Skeledirge\n|-damage|p2a: Skeledirge|83\/100\n|-damage|p1a: Rillaboom|38\/100 brn|[from] Recoil\n|\n|-heal|p1a: Rillaboom|44\/100 brn|[from] Grassy Terrain\n|-heal|p2a: Skeledirge|89\/100|[from] Grassy Terrain\n|-heal|p2a: Skeledirge|95\/100|[from] item: Leftovers\n|-damage|p1a: Rillaboom|38\/100 brn|[from] brn\n|-fieldend|move: Grassy Terrain\n|upkeep\n|turn|11\n|\n|t:|1700604322\n|switch|p2a: Toedscruel|Toedscruel, M|38\/100\n|move|p1a: Rillaboom|Knock Off|p2a: Toedscruel\n|-damage|p2a: Toedscruel|28\/100\n|\n|-damage|p1a: Rillaboom|32\/100 brn|[from] brn\n|upkeep\n|turn|12\n|\n|t:|1700604329\n|move|p1a: Rillaboom|U-turn|p2a: Toedscruel\n|-supereffective|p2a: Toedscruel\n|-damage|p2a: Toedscruel|3\/100\n|\n|t:|1700604332\n|switch|p1a: devindian|Kingambit, F|100\/100|[from] U-turn\n|-activate|p1a: devindian|ability: Supreme Overlord\n|-start|p1a: devindian|fallen1|[silent]\n|move|p2a: Toedscruel|Rapid Spin|p1a: devindian\n|-resisted|p1a: devindian\n|-damage|p1a: devindian|97\/100\n|-boost|p2a: Toedscruel|spe|1\n|\n|-heal|p1a: devindian|100\/100|[from] item: Leftovers\n|upkeep\n|turn|13\n|\n|t:|1700604339\n|-end|p1a: devindian|fallen1|[silent]\n|switch|p1a: Rillaboom|Rillaboom, M|32\/100 brn\n|-fieldstart|move: Grassy Terrain|[from] ability: Grassy Surge|[of] p1a: Rillaboom\n|move|p2a: Toedscruel|Spore|p1a: Rillaboom\n|-immune|p1a: Rillaboom\n|\n|-heal|p2a: Toedscruel|9\/100|[from] Grassy Terrain\n|-heal|p1a: Rillaboom|38\/100 brn|[from] Grassy Terrain\n|-damage|p1a: Rillaboom|32\/100 brn|[from] brn\n|upkeep\n|turn|14\n|\n|t:|1700604344\n|move|p2a: Toedscruel|Rapid Spin|p1a: Rillaboom\n|-damage|p1a: Rillaboom|22\/100 brn\n|-boost|p2a: Toedscruel|spe|1\n|move|p1a: Rillaboom|U-turn|p2a: Toedscruel\n|-supereffective|p2a: Toedscruel\n|-damage|p2a: Toedscruel|0 fnt\n|faint|p2a: Toedscruel\n|\n|t:|1700604357\n|switch|p1a: Enamorus|Enamorus, F|100\/100|[from] U-turn\n|\n|upkeep\n|\n|t:|1700604361\n|switch|p2a: Ninetales|Ninetales-Alola, M|100\/100\n|-weather|Snow|[from] ability: Snow Warning|[of] p2a: Ninetales\n|turn|15\n|\n|t:|1700604370\n|move|p1a: Enamorus|Moonblast|p2a: Ninetales\n|-damage|p2a: Ninetales|66\/100\n|move|p2a: Ninetales|Aurora Veil|p2a: Ninetales\n|-sidestart|p2: ratatta17|move: Aurora Veil\n|\n|-weather|Snow|[upkeep]\n|-heal|p2a: Ninetales|72\/100|[from] Grassy Terrain\n|upkeep\n|turn|16\n|\n|t:|1700604374\n|switch|p2a: Skeledirge|Skeledirge, F|95\/100\n|move|p1a: Enamorus|Moonblast|p2a: Skeledirge\n|-resisted|p2a: Skeledirge\n|-damage|p2a: Skeledirge|86\/100\n|-unboost|p2a: Skeledirge|spa|1\n|\n|-weather|Snow|[upkeep]\n|-heal|p2a: Skeledirge|92\/100|[from] Grassy Terrain\n|-heal|p2a: Skeledirge|98\/100|[from] item: Leftovers\n|upkeep\n|turn|17\n|\n|t:|1700604378\n|switch|p1a: Rillaboom|Rillaboom, M|22\/100 brn\n|move|p2a: Skeledirge|Torch Song|p1a: Rillaboom\n|-supereffective|p1a: Rillaboom\n|-damage|p1a: Rillaboom|0 fnt\n|-boost|p2a: Skeledirge|spa|1\n|faint|p1a: Rillaboom\n|\n|-weather|Snow|[upkeep]\n|-heal|p2a: Skeledirge|100\/100|[from] Grassy Terrain\n|-fieldend|move: Grassy Terrain\n|upkeep\n|\n|t:|1700604399\n|switch|p1a: devindian|Kingambit, F|100\/100\n|-activate|p1a: devindian|ability: Supreme Overlord\n|-start|p1a: devindian|fallen2|[silent]\n|turn|18\n|\n|t:|1700604404\n|move|p2a: Skeledirge|Will-O-Wisp|p1a: devindian\n|-status|p1a: devindian|brn\n|move|p1a: devindian|Swords Dance|p1a: devindian\n|-boost|p1a: devindian|atk|2\n|\n|-weather|Snow|[upkeep]\n|-damage|p1a: devindian|94\/100 brn|[from] brn\n|upkeep\n|turn|19\n|\n|t:|1700604409\n|move|p2a: Skeledirge|Torch Song|p1a: devindian\n|-supereffective|p1a: devindian\n|-damage|p1a: devindian|31\/100 brn\n|-boost|p2a: Skeledirge|spa|1\n|move|p1a: devindian|Swords Dance|p1a: devindian\n|-boost|p1a: devindian|atk|2\n|\n|-weather|none\n|-heal|p1a: devindian|37\/100 brn|[from] item: Leftovers\n|-damage|p1a: devindian|31\/100 brn|[from] brn\n|upkeep\n|turn|20\n|\n|t:|1700604414\n|move|p1a: devindian|Sucker Punch|p2a: Skeledirge\n|-supereffective|p2a: Skeledirge\n|-damage|p2a: Skeledirge|81\/100\n|move|p2a: Skeledirge|Torch Song|p1a: devindian\n|-supereffective|p1a: devindian\n|-damage|p1a: devindian|0 fnt\n|-boost|p2a: Skeledirge|spa|1\n|faint|p1a: devindian\n|-end|p1a: devindian|fallen2|[silent]\n|\n|-heal|p2a: Skeledirge|87\/100|[from] item: Leftovers\n|upkeep\n|\n|t:|1700604421\n|switch|p1a: Enamorus|Enamorus, F|100\/100\n|turn|21\n|\n|t:|1700604441\n|switch|p2a: Azumarill|Azumarill, M|100\/100\n|move|p1a: Enamorus|Earth Power|p2a: Azumarill\n|-damage|p2a: Azumarill|85\/100\n|\n|upkeep\n|turn|22\n|\n|t:|1700604447\n|switch|p1a: Maushold|Maushold|100\/100\n|move|p2a: Azumarill|Belly Drum|p2a: Azumarill\n|-damage|p2a: Azumarill|35\/100\n|-setboost|p2a: Azumarill|atk|6|[from] move: Belly Drum\n|-enditem|p2a: Azumarill|Sitrus Berry|[eat]\n|-heal|p2a: Azumarill|60\/100|[from] item: Sitrus Berry\n|\n|-sideend|p2: ratatta17|move: Aurora Veil\n|upkeep\n|turn|23\n|\n|t:|1700604466\n|move|p2a: Azumarill|Aqua Jet|p1a: Maushold\n|-damage|p1a: Maushold|0 fnt\n|faint|p1a: Maushold\n|\n|upkeep\n|\n|t:|1700604473\n|switch|p1a: Great Tusk|Great Tusk|100\/100\n|-enditem|p1a: Great Tusk|Booster Energy\n|-activate|p1a: Great Tusk|ability: Protosynthesis|[fromitem]\n|-start|p1a: Great Tusk|protosynthesisspe\n|turn|24\n|\n|t:|1700604497\n|-terastallize|p1a: Great Tusk|Ice\n|move|p2a: Azumarill|Aqua Jet|p1a: Great Tusk\n|-damage|p1a: Great Tusk|38\/100\n|move|p1a: Great Tusk|Bulk Up|p1a: Great Tusk\n|-boost|p1a: Great Tusk|atk|1\n|-boost|p1a: Great Tusk|def|1\n|\n|upkeep\n|turn|25\n|\n|t:|1700604503\n|move|p2a: Azumarill|Aqua Jet|p1a: Great Tusk\n|-damage|p1a: Great Tusk|0 fnt\n|faint|p1a: Great Tusk\n|-end|p1a: Great Tusk|Protosynthesis|[silent]\n|\n|upkeep\n|-message|bosstyrenm forfeited.\n|\n|win|ratatta17\n|raw|bosstyrenm's rating: 1444 &rarr; <strong>1431<\/strong><br \/>(-13 for losing)\n|raw|ratatta17's rating: 1568 &rarr; <strong>1581<\/strong><br \/>(+13 for winning)\n|l|\u2606bosstyrenm\n","uploadtime":1700604510,"views":7,"p1id":"bosstyrenm","p2id":"ratatta17","formatid":"gen9ou","rating":1431,"private":0,"password":""}