{"id":"gen9ou-1998036004","p1":"ShaaiPro","p2":"zafry","format":"[Gen 9] OU","log":"|j|\u2606ShaaiPro\n|j|\u2606zafry\n|t:|1700881886\n|gametype|singles\n|player|p1|ShaaiPro|266|1010\n|player|p2|zafry|102|1000\n|teamsize|p1|6\n|teamsize|p2|6\n|gen|9\n|tier|[Gen 9] OU\n|rated|\n|rule|Sleep Clause Mod: Limit one foe put to sleep\n|rule|Species Clause: Limit one of each Pok\u00e9mon\n|rule|OHKO Clause: OHKO moves are banned\n|rule|Evasion Items Clause: Evasion items are banned\n|rule|Evasion Moves Clause: Evasion moves are banned\n|rule|Endless Battle Clause: Forcing endless battles is banned\n|rule|HP Percentage Mod: HP is shown in percentages\n|clearpoke\n|poke|p1|Landorus-Therian, M|\n|poke|p1|Dragapult, F|\n|poke|p1|Heatran, M|\n|poke|p1|Greninja-*, M|\n|poke|p1|Zapdos|\n|poke|p1|Meowscarada, M|\n|poke|p2|Gholdengo|\n|poke|p2|Ceruledge, F|\n|poke|p2|Glimmora, M|\n|poke|p2|Wooper-Paldea, M|\n|poke|p2|Iron Moth|\n|poke|p2|Kricketune, F|\n|teampreview\n|inactive|Battle timer is ON: inactive players will automatically lose when time's up. (requested by ShaaiPro)\n|\n|t:|1700881897\n|start\n|switch|p1a: Heatran|Heatran, M|100\/100\n|switch|p2a: Kricketune|Kricketune, F|100\/100\n|turn|1\n|\n|t:|1700881908\n|move|p2a: Kricketune|Trailblaze|p1a: Heatran\n|-resisted|p1a: Heatran\n|-damage|p1a: Heatran|98\/100\n|-boost|p2a: Kricketune|spe|1\n|move|p1a: Heatran|Flamethrower|p2a: Kricketune\n|-supereffective|p2a: Kricketune\n|-damage|p2a: Kricketune|0 fnt\n|faint|p2a: Kricketune\n|\n|upkeep\n|\n|t:|1700881921\n|switch|p2a: Wooper|Wooper-Paldea, M|100\/100\n|turn|2\n|\n|t:|1700881933\n|switch|p1a: Zapdos|Zapdos|100\/100\n|-ability|p1a: Zapdos|Pressure\n|move|p2a: Wooper|Chilling Water|p1a: Zapdos\n|-damage|p1a: Zapdos|95\/100\n|-unboost|p1a: Zapdos|atk|1\n|\n|upkeep\n|turn|3\n|\n|t:|1700881953\n|-terastallize|p2a: Wooper|Psychic\n|move|p1a: Zapdos|Hurricane|p2a: Wooper\n|-enditem|p2a: Wooper|Focus Sash\n|-damage|p2a: Wooper|1\/100\n|-start|p2a: Wooper|confusion\n|-activate|p2a: Wooper|confusion\n|-damage|p2a: Wooper|0 fnt|[from] confusion\n|faint|p2a: Wooper\n|\n|upkeep\n|inactive|zafry has 120 seconds left.\n|\n|t:|1700881977\n|switch|p2a: Glimmora|Glimmora, M|100\/100\n|turn|4\n|\n|t:|1700881986\n|move|p1a: Zapdos|Thunder Wave|p2a: Glimmora\n|-status|p2a: Glimmora|par\n|move|p2a: Glimmora|Earth Power|p1a: Zapdos\n|-immune|p1a: Zapdos\n|\n|upkeep\n|turn|5\n|\n|t:|1700881996\n|switch|p1a: Landorus|Landorus-Therian, M, shiny|100\/100\n|-ability|p1a: Landorus|Intimidate|boost\n|-unboost|p2a: Glimmora|atk|1\n|cant|p2a: Glimmora|par\n|\n|upkeep\n|turn|6\n|\n|t:|1700882004\n|move|p1a: Landorus|Earthquake|p2a: Glimmora\n|-supereffective|p2a: Glimmora\n|-enditem|p2a: Glimmora|Focus Sash\n|-damage|p2a: Glimmora|1\/100 par\n|-activate|p2a: Glimmora|ability: Toxic Debris\n|-sidestart|p1: ShaaiPro|move: Toxic Spikes\n|move|p2a: Glimmora|Explosion|p1a: Landorus\n|-damage|p1a: Landorus|72\/100\n|faint|p2a: Glimmora\n|\n|upkeep\n|\n|t:|1700882015\n|switch|p2a: Gholdengo|Gholdengo|100\/100\n|turn|7\n|\n|t:|1700882021\n|move|p1a: Landorus|Earthquake|p2a: Gholdengo\n|-supereffective|p2a: Gholdengo\n|-damage|p2a: Gholdengo|0 fnt\n|faint|p2a: Gholdengo\n|\n|upkeep\n|\n|t:|1700882035\n|switch|p2a: Iron Moth|Iron Moth|100\/100\n|turn|8\n|\n|t:|1700882042\n|move|p2a: Iron Moth|Acrobatics|p1a: Landorus\n|-damage|p1a: Landorus|61\/100\n|move|p1a: Landorus|Earthquake|p2a: Iron Moth\n|-supereffective|p2a: Iron Moth\n|-enditem|p2a: Iron Moth|Focus Sash\n|-damage|p2a: Iron Moth|1\/100\n|\n|upkeep\n|turn|9\n|\n|t:|1700882058\n|move|p2a: Iron Moth|Lunge|p1a: Landorus\n|-resisted|p1a: Landorus\n|-damage|p1a: Landorus|53\/100\n|-unboost|p1a: Landorus|atk|1\n|move|p1a: Landorus|Earthquake|p2a: Iron Moth\n|-supereffective|p2a: Iron Moth\n|-damage|p2a: Iron Moth|0 fnt\n|faint|p2a: Iron Moth\n|-end|p2a: Iron Moth|Quark Drive|[silent]\n|\n|upkeep\n|\n|t:|1700882067\n|switch|p2a: Ceruledge|Ceruledge, F|100\/100\n|turn|10\n|\n|t:|1700882074\n|move|p1a: Landorus|Earthquake|p2a: Ceruledge\n|-supereffective|p2a: Ceruledge\n|-damage|p2a: Ceruledge|0 fnt\n|faint|p2a: Ceruledge\n|\n|win|ShaaiPro\n|raw|ShaaiPro's rating: 1010 &rarr; <strong>1047<\/strong><br \/>(+37 for winning)\n|raw|zafry's rating: 1000 &rarr; <strong>1000<\/strong><br \/>(+0 for losing)\n|l|\u2606zafry\n","uploadtime":1700882096,"views":1,"p1id":"shaaipro","p2id":"zafry","formatid":"gen9ou","rating":1000,"private":0,"password":""}