{"id":"gen9ou-1989587544","p1":"ARIbro31","p2":"veasters","format":"[Gen 9] OU","log":"|j|\u2606ARIbro31\n|j|\u2606veasters\n|t:|1699875407\n|gametype|singles\n|player|p1|ARIbro31|palmer|1084\n|player|p2|veasters|psychic-gen4|1000\n|teamsize|p1|6\n|teamsize|p2|6\n|gen|9\n|tier|[Gen 9] OU\n|rated|\n|rule|Sleep Clause Mod: Limit one foe put to sleep\n|rule|Species Clause: Limit one of each Pok\u00e9mon\n|rule|OHKO Clause: OHKO moves are banned\n|rule|Evasion Items Clause: Evasion items are banned\n|rule|Evasion Moves Clause: Evasion moves are banned\n|rule|Endless Battle Clause: Forcing endless battles is banned\n|rule|HP Percentage Mod: HP is shown in percentages\n|clearpoke\n|poke|p1|Tinkaton, F|\n|poke|p1|Samurott-Hisui, M|\n|poke|p1|Garchomp, M|\n|poke|p1|Toxapex, M|\n|poke|p1|Rotom-Wash|\n|poke|p1|Great Tusk|\n|poke|p2|Rillaboom, M|\n|poke|p2|Shiftry, M|\n|poke|p2|Torkoal, M|\n|poke|p2|Sneasler, M|\n|poke|p2|Iron Moth|\n|poke|p2|Kingambit, M|\n|teampreview\n|\n|t:|1699875418\n|start\n|switch|p1a: Great Tusk|Great Tusk, shiny|100\/100\n|switch|p2a: Torkoal|Torkoal, M|100\/100\n|-weather|SunnyDay|[from] ability: Drought|[of] p2a: Torkoal\n|-activate|p1a: Great Tusk|ability: Protosynthesis\n|-start|p1a: Great Tusk|protosynthesisspe\n|turn|1\n|\n|t:|1699875426\n|move|p1a: Great Tusk|Headlong Rush|p2a: Torkoal\n|-supereffective|p2a: Torkoal\n|-damage|p2a: Torkoal|0 fnt\n|-unboost|p1a: Great Tusk|def|1\n|-unboost|p1a: Great Tusk|spd|1\n|faint|p2a: Torkoal\n|\n|-weather|SunnyDay|[upkeep]\n|upkeep\n|\n|t:|1699875432\n|switch|p2a: Sneasler|Sneasler, M|100\/100\n|-item|p2a: Sneasler|Air Balloon\n|turn|2\n|\n|t:|1699875440\n|move|p1a: Great Tusk|Headlong Rush|p2a: Sneasler\n|-immune|p2a: Sneasler\n|move|p2a: Sneasler|Swords Dance|p2a: Sneasler\n|-boost|p2a: Sneasler|atk|2\n|\n|-weather|SunnyDay|[upkeep]\n|upkeep\n|turn|3\n|\n|t:|1699875459\n|-end|p1a: Great Tusk|Protosynthesis|[silent]\n|switch|p1a: Toxapex|Toxapex, M|100\/100\n|move|p2a: Sneasler|Swords Dance|p2a: Sneasler\n|-boost|p2a: Sneasler|atk|2\n|\n|-weather|SunnyDay|[upkeep]\n|upkeep\n|turn|4\n|\n|t:|1699875472\n|move|p2a: Sneasler|Swords Dance|p2a: Sneasler\n|-boost|p2a: Sneasler|atk|2\n|move|p1a: Toxapex|Haze|p1a: Toxapex\n|-clearallboost\n|\n|-weather|SunnyDay|[upkeep]\n|upkeep\n|turn|5\n|\n|t:|1699875481\n|move|p2a: Sneasler|Dire Claw|p1a: Toxapex\n|-resisted|p1a: Toxapex\n|-damage|p1a: Toxapex|82\/100\n|move|p1a: Toxapex|Liquidation|p2a: Sneasler\n|-damage|p2a: Sneasler|84\/100\n|-enditem|p2a: Sneasler|Air Balloon\n|\n|-weather|none\n|-heal|p1a: Toxapex|88\/100|[from] item: Leftovers\n|upkeep\n|turn|6\n|\n|t:|1699875491\n|switch|p1a: Great Tusk|Great Tusk, shiny|100\/100\n|move|p2a: Sneasler|Swords Dance|p2a: Sneasler\n|-boost|p2a: Sneasler|atk|2\n|\n|upkeep\n|turn|7\n|\n|t:|1699875495\n|-terastallize|p2a: Sneasler|Water\n|move|p2a: Sneasler|Tera Blast|p1a: Great Tusk|[anim] Tera Blast Water\n|-supereffective|p1a: Great Tusk\n|-damage|p1a: Great Tusk|0 fnt\n|faint|p1a: Great Tusk\n|-end|p1a: Great Tusk|Protosynthesis|[silent]\n|\n|upkeep\n|\n|t:|1699875503\n|switch|p1a: Toxapex|Toxapex, M|88\/100\n|turn|8\n|\n|t:|1699875511\n|switch|p2a: Rillaboom|Rillaboom, M|100\/100\n|-fieldstart|move: Grassy Terrain|[from] ability: Grassy Surge|[of] p2a: Rillaboom\n|move|p1a: Toxapex|Haze|p1a: Toxapex\n|-clearallboost\n|\n|-heal|p1a: Toxapex|95\/100|[from] Grassy Terrain\n|-heal|p1a: Toxapex|100\/100|[from] item: Leftovers\n|upkeep\n|turn|9\n|\n|t:|1699875521\n|switch|p1a: Garchomp|Garchomp, M|100\/100\n|move|p2a: Rillaboom|Drum Beating|p1a: Garchomp\n|-damage|p1a: Garchomp|40\/100\n|-unboost|p1a: Garchomp|spe|1\n|\n|-heal|p1a: Garchomp|46\/100|[from] Grassy Terrain\n|upkeep\n|turn|10\n|\n|t:|1699875532\n|switch|p1a: Toxapex|Toxapex, M|100\/100\n|move|p2a: Rillaboom|Drum Beating|p1a: Toxapex\n|-damage|p1a: Toxapex|44\/100\n|-unboost|p1a: Toxapex|spe|1\n|\n|-heal|p1a: Toxapex|51\/100|[from] Grassy Terrain\n|-heal|p1a: Toxapex|57\/100|[from] item: Leftovers\n|upkeep\n|turn|11\n|\n|t:|1699875538\n|move|p2a: Rillaboom|Drum Beating|p1a: Toxapex\n|-damage|p1a: Toxapex|7\/100\n|-unboost|p1a: Toxapex|spe|1\n|move|p1a: Toxapex|Toxic|p2a: Rillaboom\n|-status|p2a: Rillaboom|tox\n|\n|-heal|p1a: Toxapex|13\/100|[from] Grassy Terrain\n|-heal|p1a: Toxapex|20\/100|[from] item: Leftovers\n|-damage|p2a: Rillaboom|94\/100 tox|[from] psn\n|upkeep\n|turn|12\n|\n|t:|1699875548\n|move|p2a: Rillaboom|Grassy Glide|p1a: Toxapex\n|-damage|p1a: Toxapex|0 fnt\n|faint|p1a: Toxapex\n|\n|-heal|p2a: Rillaboom|100\/100 tox|[from] Grassy Terrain\n|-damage|p2a: Rillaboom|88\/100 tox|[from] psn\n|-fieldend|move: Grassy Terrain\n|upkeep\n|\n|t:|1699875553\n|switch|p1a: Rotom|Rotom-Wash|100\/100\n|turn|13\n|\n|t:|1699875557\n|switch|p2a: Shiftry|Shiftry, M|100\/100\n|-terastallize|p1a: Rotom|Grass\n|move|p1a: Rotom|Will-O-Wisp|p2a: Shiftry\n|-status|p2a: Shiftry|brn\n|\n|-damage|p2a: Shiftry|94\/100 brn|[from] brn\n|upkeep\n|turn|14\n|\n|t:|1699875565\n|move|p1a: Rotom|Shadow Ball|p2a: Shiftry\n|-resisted|p2a: Shiftry\n|-damage|p2a: Shiftry|75\/100 brn\n|move|p2a: Shiftry|Knock Off|p1a: Rotom\n|-damage|p1a: Rotom|72\/100\n|-enditem|p1a: Rotom|Salac Berry|[from] move: Knock Off|[of] p2a: Shiftry\n|\n|-damage|p2a: Shiftry|68\/100 brn|[from] brn\n|upkeep\n|turn|15\n|\n|t:|1699875573\n|move|p2a: Shiftry|Sucker Punch|p1a: Rotom\n|-damage|p1a: Rotom|52\/100\n|move|p1a: Rotom|Thunderbolt|p2a: Shiftry\n|-resisted|p2a: Shiftry\n|-damage|p2a: Shiftry|39\/100 brn\n|\n|-damage|p2a: Shiftry|33\/100 brn|[from] brn\n|upkeep\n|turn|16\n|\n|t:|1699875582\n|switch|p1a: Tinkaton|Tinkaton, F, shiny|100\/100\n|-ability|p1a: Tinkaton|Mold Breaker\n|move|p2a: Shiftry|Sucker Punch||[still]\n|-fail|p2a: Shiftry\n|\n|-damage|p2a: Shiftry|26\/100 brn|[from] brn\n|upkeep\n|turn|17\n|\n|t:|1699875587\n|move|p1a: Tinkaton|Play Rough|p2a: Shiftry\n|-supereffective|p2a: Shiftry\n|-damage|p2a: Shiftry|0 fnt\n|faint|p2a: Shiftry\n|\n|upkeep\n|\n|t:|1699875594\n|switch|p2a: Iron Moth|Iron Moth|100\/100\n|-enditem|p2a: Iron Moth|Booster Energy\n|-activate|p2a: Iron Moth|ability: Quark Drive|[fromitem]\n|-start|p2a: Iron Moth|quarkdrivespa\n|turn|18\n|\n|t:|1699875615\n|move|p2a: Iron Moth|Substitute|p2a: Iron Moth\n|-start|p2a: Iron Moth|Substitute\n|-damage|p2a: Iron Moth|76\/100\n|move|p1a: Tinkaton|Play Rough|p2a: Iron Moth\n|-resisted|p2a: Iron Moth\n|-crit|p2a: Iron Moth\n|-activate|p2a: Iron Moth|move: Substitute|[damage]\n|\n|upkeep\n|turn|19\n|\n|t:|1699875622\n|move|p2a: Iron Moth|Fiery Dance|p1a: Tinkaton\n|-supereffective|p1a: Tinkaton\n|-damage|p1a: Tinkaton|0 fnt\n|-boost|p2a: Iron Moth|spa|1\n|faint|p1a: Tinkaton\n|\n|upkeep\n|\n|t:|1699875627\n|switch|p1a: Samurott|Samurott-Hisui, M|100\/100\n|turn|20\n|\n|t:|1699875630\n|move|p2a: Iron Moth|Discharge|p1a: Samurott\n|-supereffective|p1a: Samurott\n|-damage|p1a: Samurott|0 fnt\n|faint|p1a: Samurott\n|\n|upkeep\n|\n|t:|1699875634\n|switch|p1a: Rotom|Rotom-Wash, tera:Grass|52\/100\n|turn|21\n|\n|t:|1699875651\n|move|p2a: Iron Moth|Fiery Dance|p1a: Rotom\n|-supereffective|p1a: Rotom\n|-damage|p1a: Rotom|0 fnt\n|faint|p1a: Rotom\n|\n|upkeep\n|\n|t:|1699875659\n|switch|p1a: Garchomp|Garchomp, M|46\/100\n|turn|22\n|\n|t:|1699875664\n|move|p2a: Iron Moth|Bug Buzz|p1a: Garchomp\n|-damage|p1a: Garchomp|0 fnt\n|faint|p1a: Garchomp\n|\n|win|veasters\n|raw|ARIbro31's rating: 1084 &rarr; <strong>1056<\/strong><br \/>(-28 for losing)\n|raw|veasters's rating: 1000 &rarr; <strong>1049<\/strong><br \/>(+49 for winning)\n","uploadtime":1699875685,"views":8,"p1id":"aribro31","p2id":"veasters","formatid":"gen9ou","rating":1049,"private":0,"password":""}