{"id":"gen9ou-1990583180","p1":"Rainbow Draggicorn","p2":"ASNUFSANGU","format":"[Gen 9] OU","log":"|j|\u2606Rainbow Draggicorn\n|j|\u2606ASNUFSANGU\n|t:|1699983334\n|gametype|singles\n|player|p1|Rainbow Draggicorn|lucas-gen4pt|\n|player|p2|ASNUFSANGU|backpacker|\n|teamsize|p1|6\n|teamsize|p2|6\n|gen|9\n|tier|[Gen 9] OU\n|rule|Sleep Clause Mod: Limit one foe put to sleep\n|rule|Species Clause: Limit one of each Pok\u00e9mon\n|rule|OHKO Clause: OHKO moves are banned\n|rule|Evasion Items Clause: Evasion items are banned\n|rule|Evasion Moves Clause: Evasion moves are banned\n|rule|Endless Battle Clause: Forcing endless battles is banned\n|rule|HP Percentage Mod: HP is shown in percentages\n|clearpoke\n|poke|p1|Ribombee, F|\n|poke|p1|Breloom, M|\n|poke|p1|Iron Moth|\n|poke|p1|Quaquaval, M|\n|poke|p1|Clefable, M|\n|poke|p1|Garchomp, M|\n|poke|p2|Landorus-Therian, M|\n|poke|p2|Hoopa-Unbound|\n|poke|p2|Ambipom, F|\n|poke|p2|Kingambit, F|\n|poke|p2|Dragonite, F|\n|poke|p2|Iron Hands|\n|teampreview\n|\n|t:|1699983348\n|start\n|switch|p1a: Ribombee|Ribombee, F, shiny|100\/100\n|switch|p2a: Discount Machamp|Ambipom, F|100\/100\n|turn|1\n|\n|t:|1699983353\n|move|p1a: Ribombee|Sticky Web|p2a: Discount Machamp\n|-sidestart|p2: ASNUFSANGU|move: Sticky Web\n|move|p2a: Discount Machamp|Double Hit|p1a: Ribombee\n|-damage|p1a: Ribombee|32\/100\n|-damage|p1a: Ribombee|0 fnt\n|faint|p1a: Ribombee\n|-hitcount|p1: Ribombee|2\n|\n|upkeep\n|\n|t:|1699983361\n|switch|p1a: Breloom|Breloom, M, shiny|100\/100\n|turn|2\n|\n|t:|1699983386\n|switch|p2a: Lion King|Landorus-Therian, M|100\/100\n|-ability|p2a: Lion King|Intimidate|boost\n|-unboost|p1a: Breloom|atk|1\n|move|p1a: Breloom|Spore|p2a: Lion King\n|-status|p2a: Lion King|slp|[from] move: Spore\n|\n|upkeep\n|turn|3\n|\n|t:|1699983400\n|move|p1a: Breloom|Swords Dance|p1a: Breloom\n|-boost|p1a: Breloom|atk|2\n|cant|p2a: Lion King|slp\n|\n|upkeep\n|turn|4\n|\n|t:|1699983405\n|switch|p2a: Puff|Dragonite, F|100\/100\n|move|p1a: Breloom|Bullet Seed|p2a: Puff\n|-resisted|p2a: Puff\n|-damage|p2a: Puff|97\/100\n|-resisted|p2a: Puff\n|-crit|p2a: Puff\n|-damage|p2a: Puff|87\/100\n|-resisted|p2a: Puff\n|-damage|p2a: Puff|80\/100\n|-resisted|p2a: Puff\n|-damage|p2a: Puff|72\/100\n|-resisted|p2a: Puff\n|-damage|p2a: Puff|65\/100\n|-hitcount|p2a: Puff|5\n|\n|upkeep\n|turn|5\n|\n|t:|1699983416\n|move|p1a: Breloom|Spore|p2a: Puff\n|-message|Sleep Clause Mod activated.\n|-hint|Sleep Clause Mod prevents players from putting more than one of their opponent's Pok\u00e9mon to sleep at a time\n|move|p2a: Puff|Dragon Dance|p2a: Puff\n|-boost|p2a: Puff|atk|1\n|-boost|p2a: Puff|spe|1\n|\n|upkeep\n|turn|6\n|\n|t:|1699983422\n|move|p2a: Puff|Extreme Speed|p1a: Breloom\n|-damage|p1a: Breloom|30\/100\n|move|p1a: Breloom|Bullet Seed|p2a: Puff\n|-resisted|p2a: Puff\n|-crit|p2a: Puff\n|-damage|p2a: Puff|55\/100\n|-resisted|p2a: Puff\n|-damage|p2a: Puff|48\/100\n|-resisted|p2a: Puff\n|-damage|p2a: Puff|41\/100\n|-resisted|p2a: Puff\n|-damage|p2a: Puff|34\/100\n|-resisted|p2a: Puff\n|-damage|p2a: Puff|27\/100\n|-hitcount|p2a: Puff|5\n|\n|upkeep\n|turn|7\n|\n|t:|1699983436\n|move|p2a: Puff|Extreme Speed|p1a: Breloom\n|-damage|p1a: Breloom|0 fnt\n|faint|p1a: Breloom\n|\n|upkeep\n|\n|t:|1699983442\n|switch|p1a: Clefable|Clefable, M, shiny|100\/100\n|turn|8\n|\n|t:|1699983477\n|move|p2a: Puff|Roost|p2a: Puff\n|-heal|p2a: Puff|77\/100\n|-singleturn|p2a: Puff|move: Roost\n|move|p1a: Clefable|Moonblast|p2a: Puff\n|-supereffective|p2a: Puff\n|-damage|p2a: Puff|0 fnt\n|faint|p2a: Puff\n|\n|upkeep\n|\n|t:|1699983480\n|switch|p2a: Event Horizon|Hoopa-Unbound|100\/100\n|-activate|p2a: Event Horizon|move: Sticky Web\n|-unboost|p2a: Event Horizon|spe|1\n|turn|9\n|\n|t:|1699983488\n|move|p1a: Clefable|Calm Mind|p1a: Clefable\n|-boost|p1a: Clefable|spa|1\n|-boost|p1a: Clefable|spd|1\n|move|p2a: Event Horizon|Psychic|p1a: Clefable\n|-damage|p1a: Clefable|66\/100\n|-unboost|p1a: Clefable|spd|1\n|\n|upkeep\n|turn|10\n|\n|t:|1699983494\n|move|p1a: Clefable|Moonlight|p1a: Clefable\n|-heal|p1a: Clefable|100\/100\n|move|p2a: Event Horizon|Gunk Shot|p1a: Clefable\n|-supereffective|p1a: Clefable\n|-damage|p1a: Clefable|0 fnt\n|faint|p1a: Clefable\n|\n|upkeep\n|\n|t:|1699983502\n|switch|p1a: Garchomp|Garchomp, M, shiny|100\/100\n|turn|11\n|\n|t:|1699983514\n|switch|p2a: Lion King|Landorus-Therian, M|100\/100 slp\n|-ability|p2a: Lion King|Intimidate|boost\n|-unboost|p1a: Garchomp|atk|1\n|move|p1a: Garchomp|Swords Dance|p1a: Garchomp\n|-boost|p1a: Garchomp|atk|2\n|\n|upkeep\n|turn|12\n|j| Sub-ZeroPlaysGames\n|\n|t:|1699983520\n|move|p1a: Garchomp|Swords Dance|p1a: Garchomp\n|-boost|p1a: Garchomp|atk|2\n|cant|p2a: Lion King|slp\n|\n|upkeep\n|turn|13\n|\n|t:|1699983525\n|-terastallize|p1a: Garchomp|Dragon\n|move|p1a: Garchomp|Scale Shot|p2a: Lion King\n|-damage|p2a: Lion King|71\/100 slp\n|-damage|p2a: Lion King|42\/100 slp\n|-damage|p2a: Lion King|10\/100 slp\n|-damage|p2a: Lion King|0 fnt\n|faint|p2a: Lion King\n|-hitcount|p2: Lion King|4\n|-unboost|p1a: Garchomp|def|1\n|-boost|p1a: Garchomp|spe|1\n|\n|upkeep\n|j| PokeEnjoyer-52\n|l| Sub-ZeroPlaysGames\n|\n|t:|1699983541\n|switch|p2a: Discount Machamp|Ambipom, F|100\/100\n|-activate|p2a: Discount Machamp|move: Sticky Web\n|-unboost|p2a: Discount Machamp|spe|1\n|turn|14\n|\n|t:|1699983545\n|move|p2a: Discount Machamp|Fake Out|p1a: Garchomp\n|-damage|p1a: Garchomp|37\/100\n|-damage|p2a: Discount Machamp|88\/100|[from] ability: Rough Skin|[of] p1a: Garchomp\n|cant|p1a: Garchomp|flinch\n|\n|upkeep\n|turn|15\n|j| Lacksatives\n|\n|t:|1699983551\n|switch|p2a: Ulysess|Kingambit, F|100\/100\n|-activate|p2a: Ulysess|move: Sticky Web\n|-unboost|p2a: Ulysess|spe|1\n|-activate|p2a: Ulysess|ability: Supreme Overlord\n|-start|p2a: Ulysess|fallen2|[silent]\n|move|p1a: Garchomp|Earthquake|p2a: Ulysess\n|-supereffective|p2a: Ulysess\n|-damage|p2a: Ulysess|0 fnt\n|faint|p2a: Ulysess\n|-end|p2a: Ulysess|fallen2|[silent]\n|\n|upkeep\n|\n|t:|1699983554\n|switch|p2a: Discount Machamp|Ambipom, F|88\/100\n|-activate|p2a: Discount Machamp|move: Sticky Web\n|-unboost|p2a: Discount Machamp|spe|1\n|turn|16\n|j| uytyhgf\n|\n|t:|1699983563\n|move|p2a: Discount Machamp|Fake Out|p1a: Garchomp\n|-damage|p1a: Garchomp|0 fnt\n|-damage|p2a: Discount Machamp|76\/100|[from] ability: Rough Skin|[of] p1a: Garchomp\n|faint|p1a: Garchomp\n|\n|upkeep\n|\n|t:|1699983568\n|switch|p1a: Quaquaval|Quaquaval, M, shiny|100\/100\n|turn|17\n|\n|t:|1699983578\n|switch|p1a: Iron Moth|Iron Moth, shiny|100\/100\n|switch|p2a: Joy Buzzer|Iron Hands|100\/100\n|-activate|p2a: Joy Buzzer|move: Sticky Web\n|-unboost|p2a: Joy Buzzer|spe|1\n|\n|upkeep\n|turn|18\n|\n|t:|1699983584\n|move|p1a: Iron Moth|Fiery Dance|p2a: Joy Buzzer\n|-crit|p2a: Joy Buzzer\n|-damage|p2a: Joy Buzzer|43\/100\n|move|p2a: Joy Buzzer|Earthquake|p1a: Iron Moth\n|-supereffective|p1a: Iron Moth\n|-damage|p1a: Iron Moth|0 fnt\n|faint|p1a: Iron Moth\n|-end|p1a: Iron Moth|Quark Drive|[silent]\n|\n|upkeep\n|\n|t:|1699983591\n|switch|p1a: Quaquaval|Quaquaval, M, shiny|100\/100\n|turn|19\n|\n|t:|1699983598\n|move|p1a: Quaquaval|Close Combat|p2a: Joy Buzzer\n|-damage|p2a: Joy Buzzer|9\/100\n|-unboost|p1a: Quaquaval|def|1\n|-unboost|p1a: Quaquaval|spd|1\n|move|p2a: Joy Buzzer|Thunder Punch|p1a: Quaquaval\n|-supereffective|p1a: Quaquaval\n|-damage|p1a: Quaquaval|0 fnt\n|faint|p1a: Quaquaval\n|\n|win|ASNUFSANGU\n|c|\u2606ASNUFSANGU|gg\n|c|\u2606Rainbow Draggicorn|gg\n|l| Lacksatives\n|l|\u2606Rainbow Draggicorn\n","uploadtime":1699983612,"views":8,"p1id":"rainbowdraggicorn","p2id":"asnufsangu","formatid":"gen9ou","rating":0,"private":0,"password":""}