{"id":"gen9ou-1992521117","p1":"Redribbonrenegade","p2":"KingCamels","format":"[Gen 9] OU","log":"|j|\u2606Redribbonrenegade\n|j|\u2606KingCamels\n|t:|1700198846\n|gametype|singles\n|player|p1|Redribbonrenegade|marshal|1487\n|player|p2|KingCamels|1|1423\n|teamsize|p1|6\n|teamsize|p2|6\n|gen|9\n|tier|[Gen 9] OU\n|rated|\n|rule|Sleep Clause Mod: Limit one foe put to sleep\n|rule|Species Clause: Limit one of each Pok\u00e9mon\n|rule|OHKO Clause: OHKO moves are banned\n|rule|Evasion Items Clause: Evasion items are banned\n|rule|Evasion Moves Clause: Evasion moves are banned\n|rule|Endless Battle Clause: Forcing endless battles is banned\n|rule|HP Percentage Mod: HP is shown in percentages\n|clearpoke\n|poke|p1|Ursaluna, M|\n|poke|p1|Volcanion|\n|poke|p1|Garganacl, M|\n|poke|p1|Sinistcha-Masterpiece|\n|poke|p1|Cresselia, F|\n|poke|p1|Weezing-Galar, M|\n|poke|p2|Rillaboom, M|\n|poke|p2|Sneasler, F|\n|poke|p2|Gholdengo|\n|poke|p2|Samurott-Hisui, F|\n|poke|p2|Dragapult, M|\n|poke|p2|Great Tusk|\n|teampreview\n|inactive|Battle timer is ON: inactive players will automatically lose when time's up. (requested by KingCamels)\n|\n|t:|1700198886\n|start\n|switch|p1a: Chi-Chi \ud83c\udf75|Sinistcha-Masterpiece, shiny|100\/100\n|switch|p2a: Dragapult|Dragapult, M|100\/100\n|turn|1\n|\n|t:|1700198897\n|switch|p1a: Kim Joe Un \u26f0\ufe0f|Ursaluna, M, shiny|100\/100\n|move|p2a: Dragapult|Thunder Wave|p1a: Kim Joe Un \u26f0\ufe0f\n|-immune|p1a: Kim Joe Un \u26f0\ufe0f\n|\n|upkeep\n|turn|2\n|\n|t:|1700198907\n|move|p2a: Dragapult|U-turn|p1a: Kim Joe Un \u26f0\ufe0f\n|-damage|p1a: Kim Joe Un \u26f0\ufe0f|87\/100\n|\n|t:|1700198910\n|switch|p2a: Rillaboom|Rillaboom, M|100\/100|[from] U-turn\n|-fieldstart|move: Grassy Terrain|[from] ability: Grassy Surge|[of] p2a: Rillaboom\n|move|p1a: Kim Joe Un \u26f0\ufe0f|Avalanche|p2a: Rillaboom\n|-supereffective|p2a: Rillaboom\n|-damage|p2a: Rillaboom|55\/100\n|\n|-heal|p2a: Rillaboom|62\/100|[from] Grassy Terrain\n|-heal|p1a: Kim Joe Un \u26f0\ufe0f|94\/100|[from] Grassy Terrain\n|upkeep\n|turn|3\n|\n|t:|1700198924\n|switch|p1a: Chi-Chi \ud83c\udf75|Sinistcha-Masterpiece, shiny|100\/100\n|move|p2a: Rillaboom|U-turn|p1a: Chi-Chi \ud83c\udf75\n|-damage|p1a: Chi-Chi \ud83c\udf75|71\/100\n|\n|t:|1700198932\n|switch|p2a: Dragapult|Dragapult, M|100\/100|[from] U-turn\n|\n|-heal|p1a: Chi-Chi \ud83c\udf75|77\/100|[from] Grassy Terrain\n|upkeep\n|turn|4\n|\n|t:|1700198940\n|switch|p1a: Kim Joe Un \u26f0\ufe0f|Ursaluna, M, shiny|94\/100\n|move|p2a: Dragapult|Draco Meteor|p1a: Kim Joe Un \u26f0\ufe0f\n|-damage|p1a: Kim Joe Un \u26f0\ufe0f|66\/100\n|-unboost|p2a: Dragapult|spa|2\n|\n|-heal|p1a: Kim Joe Un \u26f0\ufe0f|73\/100|[from] Grassy Terrain\n|upkeep\n|turn|5\n|\n|t:|1700198967\n|move|p2a: Dragapult|U-turn|p1a: Kim Joe Un \u26f0\ufe0f\n|-damage|p1a: Kim Joe Un \u26f0\ufe0f|58\/100\n|\n|t:|1700198971\n|switch|p2a: Samurott|Samurott-Hisui, F|100\/100|[from] U-turn\n|move|p1a: Kim Joe Un \u26f0\ufe0f|Close Combat|p2a: Samurott\n|-supereffective|p2a: Samurott\n|-damage|p2a: Samurott|0 fnt\n|-unboost|p1a: Kim Joe Un \u26f0\ufe0f|def|1\n|-unboost|p1a: Kim Joe Un \u26f0\ufe0f|spd|1\n|faint|p2a: Samurott\n|\n|-heal|p1a: Kim Joe Un \u26f0\ufe0f|64\/100|[from] Grassy Terrain\n|upkeep\n|\n|t:|1700198991\n|switch|p2a: Sneasler|Sneasler, F|100\/100\n|-enditem|p2a: Sneasler|Grassy Seed\n|-boost|p2a: Sneasler|def|1|[from] item: Grassy Seed\n|turn|6\n|\n|t:|1700199004\n|switch|p1a: Chi-Chi \ud83c\udf75|Sinistcha-Masterpiece, shiny|77\/100\n|-terastallize|p2a: Sneasler|Flying\n|move|p2a: Sneasler|Swords Dance|p2a: Sneasler\n|-boost|p2a: Sneasler|atk|2\n|\n|-heal|p1a: Chi-Chi \ud83c\udf75|83\/100|[from] Grassy Terrain\n|-fieldend|move: Grassy Terrain\n|upkeep\n|turn|7\n|\n|t:|1700199012\n|-terastallize|p1a: Chi-Chi \ud83c\udf75|Poison\n|move|p2a: Sneasler|Acrobatics|p1a: Chi-Chi \ud83c\udf75\n|-damage|p1a: Chi-Chi \ud83c\udf75|0 fnt\n|faint|p1a: Chi-Chi \ud83c\udf75\n|\n|upkeep\n|\n|t:|1700199018\n|switch|p1a: Gibson \ud83d\udd74\ufe0f|Weezing-Galar, M|100\/100\n|turn|8\n|\n|t:|1700199028\n|move|p2a: Sneasler|Acrobatics|p1a: Gibson \ud83d\udd74\ufe0f\n|-damage|p1a: Gibson \ud83d\udd74\ufe0f|3\/100\n|move|p1a: Gibson \ud83d\udd74\ufe0f|Clear Smog|p2a: Sneasler\n|-damage|p2a: Sneasler|79\/100\n|-clearboost|p2a: Sneasler\n|\n|-heal|p1a: Gibson \ud83d\udd74\ufe0f|9\/100|[from] item: Leftovers\n|upkeep\n|turn|9\n|\n|t:|1700199036\n|move|p2a: Sneasler|Dire Claw|p1a: Gibson \ud83d\udd74\ufe0f\n|-damage|p1a: Gibson \ud83d\udd74\ufe0f|0 fnt\n|faint|p1a: Gibson \ud83d\udd74\ufe0f\n|\n|upkeep\n|j| thraxxedout\n|\n|t:|1700199053\n|switch|p1a: Wojbomb \ud83d\udce0|Garganacl, M|100\/100\n|turn|10\n|\n|t:|1700199075\n|move|p2a: Sneasler|Dire Claw|p1a: Wojbomb \ud83d\udce0\n|-resisted|p1a: Wojbomb \ud83d\udce0\n|-damage|p1a: Wojbomb \ud83d\udce0|88\/100\n|move|p1a: Wojbomb \ud83d\udce0|Curse|p1a: Wojbomb \ud83d\udce0\n|-unboost|p1a: Wojbomb \ud83d\udce0|spe|1\n|-boost|p1a: Wojbomb \ud83d\udce0|atk|1\n|-boost|p1a: Wojbomb \ud83d\udce0|def|1\n|\n|upkeep\n|turn|11\n|\n|t:|1700199085\n|switch|p2a: Gholdengo|Gholdengo|100\/100\n|move|p1a: Wojbomb \ud83d\udce0|Salt Cure|p2a: Gholdengo\n|-resisted|p2a: Gholdengo\n|-damage|p2a: Gholdengo|90\/100\n|-start|p2a: Gholdengo|Salt Cure\n|\n|-heal|p2a: Gholdengo|97\/100|[from] item: Leftovers\n|-damage|p2a: Gholdengo|72\/100|[from] Salt Cure\n|upkeep\n|turn|12\n|\n|t:|1700199098\n|switch|p1a: Forge \ud83d\ude82|Volcanion|100\/100\n|move|p2a: Gholdengo|Make It Rain|p1a: Forge \ud83d\ude82\n|-resisted|p1a: Forge \ud83d\ude82\n|-damage|p1a: Forge \ud83d\ude82|91\/100\n|-unboost|p2a: Gholdengo|spa|1\n|\n|-heal|p2a: Gholdengo|78\/100|[from] item: Leftovers\n|-damage|p2a: Gholdengo|53\/100|[from] Salt Cure\n|upkeep\n|turn|13\n|\n|t:|1700199113\n|switch|p2a: Dragapult|Dragapult, M|100\/100\n|move|p1a: Forge \ud83d\ude82|Flamethrower|p2a: Dragapult\n|-resisted|p2a: Dragapult\n|-damage|p2a: Dragapult|70\/100\n|\n|upkeep\n|turn|14\n|\n|t:|1700199130\n|switch|p1a: Wojbomb \ud83d\udce0|Garganacl, M|88\/100\n|move|p2a: Dragapult|Draco Meteor|p1a: Wojbomb \ud83d\udce0|[miss]\n|-miss|p2a: Dragapult|p1a: Wojbomb \ud83d\udce0\n|\n|upkeep\n|turn|15\n|\n|t:|1700199139\n|move|p2a: Dragapult|Draco Meteor|p1a: Wojbomb \ud83d\udce0\n|-damage|p1a: Wojbomb \ud83d\udce0|46\/100\n|-unboost|p2a: Dragapult|spa|2\n|move|p1a: Wojbomb \ud83d\udce0|Recover|p1a: Wojbomb \ud83d\udce0\n|-heal|p1a: Wojbomb \ud83d\udce0|96\/100\n|\n|upkeep\n|turn|16\n|\n|t:|1700199146\n|move|p2a: Dragapult|U-turn|p1a: Wojbomb \ud83d\udce0\n|-damage|p1a: Wojbomb \ud83d\udce0|85\/100\n|\n|t:|1700199150\n|switch|p2a: Rillaboom|Rillaboom, M|62\/100|[from] U-turn\n|-fieldstart|move: Grassy Terrain|[from] ability: Grassy Surge|[of] p2a: Rillaboom\n|move|p1a: Wojbomb \ud83d\udce0|Curse|p1a: Wojbomb \ud83d\udce0\n|-unboost|p1a: Wojbomb \ud83d\udce0|spe|1\n|-boost|p1a: Wojbomb \ud83d\udce0|atk|1\n|-boost|p1a: Wojbomb \ud83d\udce0|def|1\n|\n|-heal|p2a: Rillaboom|68\/100|[from] Grassy Terrain\n|-heal|p1a: Wojbomb \ud83d\udce0|91\/100|[from] Grassy Terrain\n|upkeep\n|turn|17\n|inactive|Redribbonrenegade has 120 seconds left.\n|\n|t:|1700199193\n|move|p2a: Rillaboom|Knock Off|p1a: Wojbomb \ud83d\udce0\n|-damage|p1a: Wojbomb \ud83d\udce0|70\/100\n|-enditem|p1a: Wojbomb \ud83d\udce0|Covert Cloak|[from] move: Knock Off|[of] p2a: Rillaboom\n|move|p1a: Wojbomb \ud83d\udce0|Recover|p1a: Wojbomb \ud83d\udce0\n|-heal|p1a: Wojbomb \ud83d\udce0|100\/100\n|\n|-heal|p2a: Rillaboom|74\/100|[from] Grassy Terrain\n|upkeep\n|turn|18\n|\n|t:|1700199217\n|switch|p2a: Great Tusk|Great Tusk|100\/100\n|-enditem|p2a: Great Tusk|Booster Energy\n|-activate|p2a: Great Tusk|ability: Protosynthesis|[fromitem]\n|-start|p2a: Great Tusk|protosynthesisatk\n|move|p1a: Wojbomb \ud83d\udce0|Salt Cure|p2a: Great Tusk\n|-resisted|p2a: Great Tusk\n|-damage|p2a: Great Tusk|97\/100\n|-start|p2a: Great Tusk|Salt Cure\n|\n|-heal|p2a: Great Tusk|100\/100|[from] Grassy Terrain\n|-damage|p2a: Great Tusk|88\/100|[from] Salt Cure\n|upkeep\n|turn|19\n|\n|t:|1700199230\n|move|p2a: Great Tusk|Headlong Rush|p1a: Wojbomb \ud83d\udce0\n|-supereffective|p1a: Wojbomb \ud83d\udce0\n|-damage|p1a: Wojbomb \ud83d\udce0|35\/100\n|-unboost|p2a: Great Tusk|def|1\n|-unboost|p2a: Great Tusk|spd|1\n|move|p1a: Wojbomb \ud83d\udce0|Curse|p1a: Wojbomb \ud83d\udce0\n|-unboost|p1a: Wojbomb \ud83d\udce0|spe|1\n|-boost|p1a: Wojbomb \ud83d\udce0|atk|1\n|-boost|p1a: Wojbomb \ud83d\udce0|def|1\n|\n|-heal|p2a: Great Tusk|94\/100|[from] Grassy Terrain\n|-heal|p1a: Wojbomb \ud83d\udce0|41\/100|[from] Grassy Terrain\n|-damage|p2a: Great Tusk|82\/100|[from] Salt Cure\n|upkeep\n|turn|20\n|inactive|KingCamels has 120 seconds left.\n|\n|t:|1700199253\n|-end|p2a: Great Tusk|Protosynthesis|[silent]\n|switch|p2a: Gholdengo|Gholdengo|53\/100\n|move|p1a: Wojbomb \ud83d\udce0|Recover|p1a: Wojbomb \ud83d\udce0\n|-heal|p1a: Wojbomb \ud83d\udce0|91\/100\n|\n|-heal|p2a: Gholdengo|59\/100|[from] Grassy Terrain\n|-heal|p2a: Gholdengo|65\/100|[from] item: Leftovers\n|-heal|p1a: Wojbomb \ud83d\udce0|98\/100|[from] Grassy Terrain\n|-fieldend|move: Grassy Terrain\n|upkeep\n|turn|21\n|\n|t:|1700199262\n|switch|p1a: Forge \ud83d\ude82|Volcanion|91\/100\n|move|p2a: Gholdengo|Shadow Ball|p1a: Forge \ud83d\ude82\n|-damage|p1a: Forge \ud83d\ude82|62\/100\n|\n|-heal|p2a: Gholdengo|71\/100|[from] item: Leftovers\n|upkeep\n|turn|22\n|\n|t:|1700199270\n|switch|p2a: Dragapult|Dragapult, M|70\/100\n|move|p1a: Forge \ud83d\ude82|Earth Power|p2a: Dragapult\n|-damage|p2a: Dragapult|33\/100\n|\n|upkeep\n|turn|23\n|\n|t:|1700199278\n|switch|p1a: Wojbomb \ud83d\udce0|Garganacl, M|98\/100\n|move|p2a: Dragapult|Draco Meteor|p1a: Wojbomb \ud83d\udce0\n|-damage|p1a: Wojbomb \ud83d\udce0|56\/100\n|-unboost|p2a: Dragapult|spa|2\n|\n|upkeep\n|turn|24\n|\n|t:|1700199286\n|move|p2a: Dragapult|U-turn|p1a: Wojbomb \ud83d\udce0\n|-damage|p1a: Wojbomb \ud83d\udce0|46\/100\n|\n|t:|1700199299\n|switch|p2a: Rillaboom|Rillaboom, M|74\/100|[from] U-turn\n|-fieldstart|move: Grassy Terrain|[from] ability: Grassy Surge|[of] p2a: Rillaboom\n|move|p1a: Wojbomb \ud83d\udce0|Salt Cure|p2a: Rillaboom\n|-damage|p2a: Rillaboom|61\/100\n|-start|p2a: Rillaboom|Salt Cure\n|\n|-heal|p2a: Rillaboom|67\/100|[from] Grassy Terrain\n|-heal|p1a: Wojbomb \ud83d\udce0|52\/100|[from] Grassy Terrain\n|-damage|p2a: Rillaboom|54\/100|[from] Salt Cure\n|upkeep\n|turn|25\n|\n|t:|1700199309\n|switch|p1a: Rennala \ud83c\udf19|Cresselia, F|100\/100\n|move|p2a: Rillaboom|Grassy Glide|p1a: Rennala \ud83c\udf19\n|-damage|p1a: Rennala \ud83c\udf19|69\/100\n|-enditem|p1a: Rennala \ud83c\udf19|Red Card|[of] p2a: Rillaboom\n|drag|p2a: Sneasler|Sneasler, F, tera:Flying|79\/100\n|\n|upkeep\n|turn|26\n|\n|t:|1700199324\n|move|p2a: Sneasler|Swords Dance|p2a: Sneasler\n|-boost|p2a: Sneasler|atk|2\n|move|p1a: Rennala \ud83c\udf19|Trick Room|p1a: Rennala \ud83c\udf19\n|-fieldstart|move: Trick Room|[of] p1a: Rennala \ud83c\udf19\n|\n|upkeep\n|turn|27\n|\n|t:|1700199338\n|move|p1a: Rennala \ud83c\udf19|Lunar Dance|p1a: Rennala \ud83c\udf19\n|faint|p1a: Rennala \ud83c\udf19\n|move|p2a: Sneasler|Acrobatics|p1: Rennala \ud83c\udf19|[notarget]\n|-fail|p2a: Sneasler\n|\n|upkeep\n|c|\u2606KingCamels|!dt lunar dance\n|raw|<ul class=\"utilichart\"><li class=\"result\"><span class=\"col movenamecol\"><a href=\"https:\/\/dex.pokemonshowdown.com\/moves\/lunardance\">Lunar Dance<\/a><\/span> <span class=\"col typecol\"><img src=\"\/\/play.pokemonshowdown.com\/sprites\/types\/Psychic.png\" alt=\"Psychic\" width=\"32\" height=\"14\"><img src=\"\/\/play.pokemonshowdown.com\/sprites\/categories\/Status.png\" alt=\"Status\" width=\"32\" height=\"14\"><\/span> <span class=\"col widelabelcol\"><em>Accuracy<\/em><br>\u2014<\/span> <span class=\"col pplabelcol\"><em>PP<\/em><br>16<\/span> <span class=\"col movedesccol\">User faints. Next hurt Pkmn is cured, max HP\/PP.<\/span> <\/li><li style=\"clear:both\"><\/li><\/ul>\n|raw|<font size=\"1\"><font color=\"#686868\">Priority:<\/font> 0&nbsp;|&ThickSpace;<font color=\"#686868\">Gen:<\/font> 4&nbsp;|&ThickSpace;&#10003; Dance move&nbsp;|&ThickSpace;<font color=\"#686868\">Z-Effect:<\/font> None&nbsp;|&ThickSpace;<font color=\"#686868\">Target:<\/font> User<\/font>\n\n|inactive|Redribbonrenegade has 120 seconds left.\n|\n|t:|1700199376\n|switch|p1a: Forge \ud83d\ude82|Volcanion|62\/100\n|-heal|p1a: Forge \ud83d\ude82|100\/100|[from] move: Lunar Dance\n|turn|28\n|inactive|Redribbonrenegade has 120 seconds left.\n|\n|t:|1700199386\n|move|p1a: Forge \ud83d\ude82|Steam Eruption|p2a: Sneasler\n|-damage|p2a: Sneasler|0 fnt\n|faint|p2a: Sneasler\n|\n|-fieldend|move: Grassy Terrain\n|upkeep\n|\n|t:|1700199393\n|switch|p2a: Rillaboom|Rillaboom, M|54\/100\n|-fieldstart|move: Grassy Terrain|[from] ability: Grassy Surge|[of] p2a: Rillaboom\n|turn|29\n|\n|t:|1700199399\n|move|p1a: Forge \ud83d\ude82|Flamethrower|p2a: Rillaboom\n|-supereffective|p2a: Rillaboom\n|-damage|p2a: Rillaboom|0 fnt\n|faint|p2a: Rillaboom\n|\n|upkeep\n|\n|t:|1700199410\n|switch|p2a: Great Tusk|Great Tusk|82\/100\n|turn|30\n|\n|t:|1700199416\n|move|p1a: Forge \ud83d\ude82|Steam Eruption|p2a: Great Tusk\n|-supereffective|p2a: Great Tusk\n|-damage|p2a: Great Tusk|0 fnt\n|faint|p2a: Great Tusk\n|-end|p2a: Great Tusk|Protosynthesis|[silent]\n|\n|-fieldend|move: Trick Room\n|upkeep\n|-message|KingCamels forfeited.\n|\n|win|Redribbonrenegade\n|raw|Redribbonrenegade's rating: 1487 &rarr; <strong>1503<\/strong><br \/>(+16 for winning)\n|raw|KingCamels's rating: 1423 &rarr; <strong>1407<\/strong><br \/>(-16 for losing)\n|l|\u2606KingCamels\n|l| thraxxedout\n","uploadtime":1700199492,"views":7,"p1id":"redribbonrenegade","p2id":"kingcamels","formatid":"gen9ou","rating":1407,"private":0,"password":""}