{"id":"gen9ou-1988511291","p1":"OkJuice100","p2":"punkmag","format":"[Gen 9] OU","log":"|j|\u2606OkJuice100\n|j|\u2606punkmag\n|t:|1699730757\n|gametype|singles\n|player|p1|OkJuice100|266|1254\n|player|p2|punkmag|waitress-gen4|1161\n|teamsize|p1|6\n|teamsize|p2|6\n|gen|9\n|tier|[Gen 9] OU\n|rated|\n|rule|Sleep Clause Mod: Limit one foe put to sleep\n|rule|Species Clause: Limit one of each Pok\u00e9mon\n|rule|OHKO Clause: OHKO moves are banned\n|rule|Evasion Items Clause: Evasion items are banned\n|rule|Evasion Moves Clause: Evasion moves are banned\n|rule|Endless Battle Clause: Forcing endless battles is banned\n|rule|HP Percentage Mod: HP is shown in percentages\n|clearpoke\n|poke|p1|Cinderace, F|\n|poke|p1|Greninja-*, M|\n|poke|p1|Slowking-Galar, M|\n|poke|p1|Pelipper, M|\n|poke|p1|Barraskewda, F|\n|poke|p1|Rillaboom, F|\n|poke|p2|Hoopa-Unbound|\n|poke|p2|Dragapult, M|\n|poke|p2|Maushold|\n|poke|p2|Gliscor, M|\n|poke|p2|Fezandipiti, M|\n|poke|p2|Grafaiai, M|\n|teampreview\n|inactive|Battle timer is ON: inactive players will automatically lose when time's up. (requested by punkmag)\n|\n|t:|1699730763\n|start\n|switch|p1a: Greninja|Greninja, M|100\/100\n|switch|p2a: Grafaiai|Grafaiai, M|100\/100\n|turn|1\n|\n|t:|1699730776\n|move|p1a: Greninja|Surf|p2a: Grafaiai\n|-start|p1a: Greninja|typechange|Water|[from] ability: Protean\n|-damage|p2a: Grafaiai|52\/100\n|move|p2a: Grafaiai|Knock Off|p1a: Greninja\n|-damage|p1a: Greninja|68\/100\n|-enditem|p1a: Greninja|Choice Scarf|[from] move: Knock Off|[of] p2a: Grafaiai\n|\n|-heal|p2a: Grafaiai|58\/100|[from] item: Leftovers\n|upkeep\n|turn|2\n|\n|t:|1699730790\n|move|p2a: Grafaiai|Encore|p1a: Greninja\n|-start|p1a: Greninja|Encore\n|move|p1a: Greninja|Surf|p2a: Grafaiai\n|-damage|p2a: Grafaiai|1\/100\n|\n|-heal|p2a: Grafaiai|7\/100|[from] item: Leftovers\n|upkeep\n|turn|3\n|\n|t:|1699730797\n|move|p2a: Grafaiai|Parting Shot|p1a: Greninja\n|-unboost|p1a: Greninja|atk|1\n|-unboost|p1a: Greninja|spa|1\n|\n|t:|1699730807\n|switch|p2a: Dragapult|Dragapult, M|100\/100|[from] Parting Shot\n|move|p1a: Greninja|Surf|p2a: Dragapult\n|-resisted|p2a: Dragapult\n|-damage|p2a: Dragapult|83\/100\n|\n|upkeep\n|turn|4\n|\n|t:|1699730821\n|switch|p1a: Rillaboom|Rillaboom, F|100\/100\n|-fieldstart|move: Grassy Terrain|[from] ability: Grassy Surge|[of] p1a: Rillaboom\n|move|p2a: Dragapult|Shadow Ball|p1a: Rillaboom\n|-damage|p1a: Rillaboom|49\/100\n|-unboost|p1a: Rillaboom|spd|1\n|\n|-heal|p2a: Dragapult|89\/100|[from] Grassy Terrain\n|-heal|p1a: Rillaboom|55\/100|[from] Grassy Terrain\n|-heal|p1a: Rillaboom|61\/100|[from] item: Leftovers\n|upkeep\n|turn|5\n|\n|t:|1699730832\n|move|p1a: Rillaboom|Protect|p1a: Rillaboom\n|-singleturn|p1a: Rillaboom|Protect\n|move|p2a: Dragapult|Shadow Ball|p1a: Rillaboom\n|-activate|p1a: Rillaboom|move: Protect\n|\n|-heal|p2a: Dragapult|95\/100|[from] Grassy Terrain\n|-heal|p1a: Rillaboom|67\/100|[from] Grassy Terrain\n|-heal|p1a: Rillaboom|73\/100|[from] item: Leftovers\n|upkeep\n|turn|6\n|\n|t:|1699730848\n|switch|p1a: Pelipper|Pelipper, M|100\/100\n|-weather|RainDance|[from] ability: Drizzle|[of] p1a: Pelipper\n|move|p2a: Dragapult|Shadow Ball|p1a: Pelipper\n|-damage|p1a: Pelipper|25\/100\n|\n|-weather|RainDance|[upkeep]\n|-heal|p2a: Dragapult|100\/100|[from] Grassy Terrain\n|upkeep\n|turn|7\n|\n|t:|1699730866\n|switch|p1a: Rillaboom|Rillaboom, F|73\/100\n|move|p2a: Dragapult|Shadow Ball|p1a: Rillaboom\n|-damage|p1a: Rillaboom|24\/100\n|\n|-weather|RainDance|[upkeep]\n|-heal|p1a: Rillaboom|30\/100|[from] Grassy Terrain\n|-heal|p1a: Rillaboom|36\/100|[from] item: Leftovers\n|upkeep\n|turn|8\n|\n|t:|1699730879\n|move|p1a: Rillaboom|Protect|p1a: Rillaboom\n|-singleturn|p1a: Rillaboom|Protect\n|move|p2a: Dragapult|Shadow Ball|p1a: Rillaboom\n|-activate|p1a: Rillaboom|move: Protect\n|\n|-weather|RainDance|[upkeep]\n|-heal|p1a: Rillaboom|42\/100|[from] Grassy Terrain\n|-heal|p1a: Rillaboom|48\/100|[from] item: Leftovers\n|-fieldend|move: Grassy Terrain\n|upkeep\n|turn|9\n|\n|t:|1699730889\n|move|p1a: Rillaboom|Protect||[still]\n|-fail|p1a: Rillaboom\n|move|p2a: Dragapult|Shadow Ball|p1a: Rillaboom\n|-damage|p1a: Rillaboom|0 fnt\n|faint|p1a: Rillaboom\n|\n|-weather|RainDance|[upkeep]\n|upkeep\n|\n|t:|1699730892\n|switch|p1a: Barraskewda|Barraskewda, F|100\/100\n|turn|10\n|\n|t:|1699730909\n|switch|p2a: Fezandipiti|Fezandipiti, M|100\/100\n|-item|p2a: Fezandipiti|Air Balloon\n|-terastallize|p1a: Barraskewda|Fairy\n|move|p1a: Barraskewda|Tera Blast|p2a: Fezandipiti|[anim] Tera Blast Fairy\n|-resisted|p2a: Fezandipiti\n|-damage|p2a: Fezandipiti|70\/100\n|-enditem|p2a: Fezandipiti|Air Balloon\n|\n|-weather|RainDance|[upkeep]\n|upkeep\n|turn|11\n|\n|t:|1699730919\n|switch|p1a: Slowking|Slowking-Galar, M|100\/100\n|move|p2a: Fezandipiti|Tailwind|p2a: Fezandipiti\n|-sidestart|p2: punkmag|move: Tailwind\n|\n|-weather|RainDance|[upkeep]\n|upkeep\n|turn|12\n|\n|t:|1699730927\n|move|p2a: Fezandipiti|Taunt|p1a: Slowking\n|-start|p1a: Slowking|move: Taunt\n|move|p1a: Slowking|Future Sight|p2a: Fezandipiti\n|-start|p1a: Slowking|move: Future Sight\n|\n|-weather|RainDance|[upkeep]\n|upkeep\n|turn|13\n|\n|t:|1699730937\n|move|p2a: Fezandipiti|Play Rough|p1a: Slowking|[miss]\n|-miss|p2a: Fezandipiti|p1a: Slowking\n|move|p1a: Slowking|Ice Beam|p2a: Fezandipiti\n|-damage|p2a: Fezandipiti|48\/100\n|-status|p2a: Fezandipiti|frz\n|\n|-weather|none\n|upkeep\n|turn|14\n|\n|t:|1699730948\n|cant|p2a: Fezandipiti|frz\n|move|p1a: Slowking|Ice Beam|p2a: Fezandipiti\n|-damage|p2a: Fezandipiti|27\/100 frz\n|\n|-end|p2a: Fezandipiti|move: Future Sight\n|-supereffective|p2a: Fezandipiti\n|-damage|p2a: Fezandipiti|0 fnt\n|faint|p2a: Fezandipiti\n|-end|p1a: Slowking|move: Taunt\n|-sideend|p2: punkmag|move: Tailwind\n|upkeep\n|\n|t:|1699730968\n|switch|p2a: Hoopa|Hoopa-Unbound|100\/100\n|turn|15\n|\n|t:|1699730977\n|switch|p1a: Cinderace|Cinderace, F|100\/100\n|move|p2a: Hoopa|Hyperspace Fury|p1a: Cinderace\n|-damage|p1a: Cinderace|26\/100\n|-unboost|p2a: Hoopa|def|1\n|\n|upkeep\n|turn|16\n|\n|t:|1699730986\n|move|p2a: Hoopa|Hyperspace Fury|p1a: Cinderace\n|-damage|p1a: Cinderace|0 fnt\n|-unboost|p2a: Hoopa|def|1\n|faint|p1a: Cinderace\n|\n|upkeep\n|\n|t:|1699730992\n|switch|p1a: Greninja|Greninja, M|68\/100\n|turn|17\n|\n|t:|1699731004\n|move|p2a: Hoopa|Hyperspace Fury|p1a: Greninja\n|-resisted|p1a: Greninja\n|-damage|p1a: Greninja|21\/100\n|-unboost|p2a: Hoopa|def|1\n|move|p1a: Greninja|Spikes|p2a: Hoopa\n|-start|p1a: Greninja|typechange|Ground|[from] ability: Protean\n|-sidestart|p2: punkmag|Spikes\n|\n|upkeep\n|turn|18\n|\n|t:|1699731012\n|move|p2a: Hoopa|Hyperspace Fury|p1a: Greninja\n|-damage|p1a: Greninja|0 fnt\n|-unboost|p2a: Hoopa|def|1\n|faint|p1a: Greninja\n|\n|upkeep\n|\n|t:|1699731015\n|switch|p1a: Pelipper|Pelipper, M|25\/100\n|-weather|RainDance|[from] ability: Drizzle|[of] p1a: Pelipper\n|turn|19\n|\n|t:|1699731027\n|switch|p2a: Grafaiai|Grafaiai, M|7\/100\n|-damage|p2a: Grafaiai|0 fnt|[from] Spikes\n|faint|p2a: Grafaiai\n|switch|p1a: Barraskewda|Barraskewda, F, tera:Fairy|100\/100\n|\n|-weather|RainDance|[upkeep]\n|upkeep\n|\n|t:|1699731038\n|switch|p2a: Gliscor|Gliscor, M|100\/100\n|turn|20\n|\n|t:|1699731046\n|-terastallize|p2a: Gliscor|Water\n|move|p1a: Barraskewda|Flip Turn|p2a: Gliscor\n|-resisted|p2a: Gliscor\n|-damage|p2a: Gliscor|71\/100\n|\n|t:|1699731052\n|switch|p1a: Slowking|Slowking-Galar, M|100\/100|[from] Flip Turn\n|move|p2a: Gliscor|Toxic|p1a: Slowking\n|-immune|p1a: Slowking\n|\n|-weather|RainDance|[upkeep]\n|-status|p2a: Gliscor|tox|[from] item: Toxic Orb\n|upkeep\n|turn|21\n|\n|t:|1699731063\n|move|p2a: Gliscor|Earthquake|p1a: Slowking\n|-supereffective|p1a: Slowking\n|-damage|p1a: Slowking|21\/100\n|move|p1a: Slowking|Future Sight|p2a: Gliscor\n|-start|p1a: Slowking|move: Future Sight\n|\n|-weather|RainDance|[upkeep]\n|-heal|p2a: Gliscor|84\/100 tox|[from] ability: Poison Heal\n|upkeep\n|turn|22\n|\n|t:|1699731074\n|switch|p2a: Hoopa|Hoopa-Unbound|100\/100\n|-damage|p2a: Hoopa|88\/100|[from] Spikes\n|move|p1a: Slowking|Sludge Bomb|p2a: Hoopa\n|-damage|p2a: Hoopa|48\/100\n|\n|-weather|RainDance|[upkeep]\n|upkeep\n|turn|23\n|\n|t:|1699731084\n|move|p2a: Hoopa|Psychic|p1a: Slowking\n|-damage|p1a: Slowking|0 fnt\n|faint|p1a: Slowking\n|\n|-weather|RainDance|[upkeep]\n|-end|p2a: Hoopa|move: Future Sight\n|-immune|p2a: Hoopa\n|upkeep\n|\n|t:|1699731088\n|switch|p1a: Barraskewda|Barraskewda, F, tera:Fairy|100\/100\n|turn|24\n|\n|t:|1699731095\n|move|p1a: Barraskewda|Tera Blast|p2a: Hoopa|[anim] Tera Blast Fairy\n|-supereffective|p2a: Hoopa\n|-crit|p2a: Hoopa\n|-damage|p2a: Hoopa|0 fnt\n|faint|p2a: Hoopa\n|\n|-weather|RainDance|[upkeep]\n|upkeep\n|\n|t:|1699731105\n|switch|p2a: Gliscor|Gliscor, M, tera:Water|84\/100 tox\n|-damage|p2a: Gliscor|71\/100 tox|[from] Spikes\n|turn|25\n|\n|t:|1699731116\n|move|p1a: Barraskewda|Tera Blast|p2a: Gliscor|[anim] Tera Blast Fairy\n|-damage|p2a: Gliscor|22\/100 tox\n|move|p2a: Gliscor|Facade|p1a: Barraskewda\n|-damage|p1a: Barraskewda|38\/100\n|\n|-weather|RainDance|[upkeep]\n|-heal|p2a: Gliscor|34\/100 tox|[from] ability: Poison Heal\n|upkeep\n|turn|26\n|\n|t:|1699731128\n|move|p1a: Barraskewda|Tera Blast|p2a: Gliscor|[anim] Tera Blast Fairy\n|-damage|p2a: Gliscor|0 fnt\n|faint|p2a: Gliscor\n|\n|-weather|none\n|upkeep\n|inactive|punkmag has 120 seconds left.\n|\n|t:|1699731168\n|switch|p2a: Dragapult|Dragapult, M|100\/100\n|-damage|p2a: Dragapult|88\/100|[from] Spikes\n|turn|27\n|\n|t:|1699731173\n|switch|p1a: Pelipper|Pelipper, M|25\/100\n|-weather|RainDance|[from] ability: Drizzle|[of] p1a: Pelipper\n|move|p2a: Dragapult|Shadow Ball|p1a: Pelipper\n|-damage|p1a: Pelipper|0 fnt\n|faint|p1a: Pelipper\n|\n|-weather|RainDance|[upkeep]\n|upkeep\n|\n|t:|1699731183\n|switch|p1a: Barraskewda|Barraskewda, F, tera:Fairy|38\/100\n|turn|28\n|\n|t:|1699731191\n|move|p1a: Barraskewda|Tera Blast|p2a: Dragapult|[anim] Tera Blast Fairy\n|-supereffective|p2a: Dragapult\n|-damage|p2a: Dragapult|0 fnt\n|faint|p2a: Dragapult\n|\n|-weather|RainDance|[upkeep]\n|upkeep\n|\n|t:|1699731195\n|switch|p2a: Maushold|Maushold|100\/100\n|-damage|p2a: Maushold|88\/100|[from] Spikes\n|turn|29\n|\n|t:|1699731199\n|move|p1a: Barraskewda|Tera Blast|p2a: Maushold|[anim] Tera Blast Fairy\n|-damage|p2a: Maushold|0 fnt\n|faint|p2a: Maushold\n|\n|win|OkJuice100\n|raw|OkJuice100's rating: 1254 &rarr; <strong>1272<\/strong><br \/>(+18 for winning)\n|raw|punkmag's rating: 1161 &rarr; <strong>1143<\/strong><br \/>(-18 for losing)\n|c|\u2606OkJuice100|gg\n|l|\u2606punkmag\n","uploadtime":1699731206,"views":30,"p1id":"okjuice100","p2id":"punkmag","formatid":"gen9ou","rating":1143,"private":0,"password":""}