{"id":"gen9ou-1992260618","p1":"oscar2222","p2":"hatakeguy","format":"[Gen 9] OU","log":"|j|\u2606oscar2222\n|j|\u2606hatakeguy\n|t:|1700168636\n|gametype|singles\n|player|p1|oscar2222|1|\n|player|p2|hatakeguy|170|\n|teamsize|p1|6\n|teamsize|p2|6\n|gen|9\n|tier|[Gen 9] OU\n|rule|Sleep Clause Mod: Limit one foe put to sleep\n|rule|Species Clause: Limit one of each Pok\u00e9mon\n|rule|OHKO Clause: OHKO moves are banned\n|rule|Evasion Items Clause: Evasion items are banned\n|rule|Evasion Moves Clause: Evasion moves are banned\n|rule|Endless Battle Clause: Forcing endless battles is banned\n|rule|HP Percentage Mod: HP is shown in percentages\n|clearpoke\n|poke|p1|Manaphy|\n|poke|p1|Kommo-o, F|\n|poke|p1|Corviknight, M|\n|poke|p1|Ceruledge, M|\n|poke|p1|Hatterene, F|\n|poke|p1|Ting-Lu|\n|poke|p2|Torkoal, F|\n|poke|p2|Azumarill, M|\n|poke|p2|Garchomp, M|\n|poke|p2|Ursaluna, F|\n|poke|p2|Hatterene, F|\n|poke|p2|Uxie|\n|teampreview\n|\n|t:|1700168667\n|start\n|switch|p1a: Ting-Lu|Ting-Lu|100\/100\n|switch|p2a: Azumarill|Azumarill, M|100\/100\n|-ability|p1a: Ting-Lu|Vessel of Ruin\n|turn|1\n|\n|t:|1700168696\n|move|p2a: Azumarill|Belly Drum|p2a: Azumarill\n|-damage|p2a: Azumarill|50\/100\n|-setboost|p2a: Azumarill|atk|6|[from] move: Belly Drum\n|-enditem|p2a: Azumarill|Sitrus Berry|[eat]\n|-heal|p2a: Azumarill|75\/100|[from] item: Sitrus Berry\n|move|p1a: Ting-Lu|Whirlwind|p2a: Azumarill\n|drag|p2a: Ursaluna|Ursaluna, F|100\/100\n|\n|-status|p2a: Ursaluna|brn|[from] item: Flame Orb\n|upkeep\n|turn|2\n|\n|t:|1700168748\n|move|p2a: Ursaluna|Facade|p1a: Ting-Lu\n|-damage|p1a: Ting-Lu|36\/100\n|move|p1a: Ting-Lu|Spikes|p2a: Ursaluna\n|-sidestart|p2: hatakeguy|Spikes\n|\n|-heal|p1a: Ting-Lu|42\/100|[from] item: Leftovers\n|-damage|p2a: Ursaluna|94\/100 brn|[from] brn\n|upkeep\n|turn|3\n|\n|t:|1700168760\n|move|p2a: Ursaluna|Brick Break|p1a: Ting-Lu\n|-supereffective|p1a: Ting-Lu\n|-damage|p1a: Ting-Lu|0 fnt\n|faint|p1a: Ting-Lu\n|\n|-damage|p2a: Ursaluna|88\/100 brn|[from] brn\n|upkeep\n|\n|t:|1700168776\n|switch|p1a: Manaphy|Manaphy|100\/100\n|turn|4\n|\n|t:|1700168796\n|-terastallize|p1a: Manaphy|Fairy\n|move|p1a: Manaphy|Tail Glow|p1a: Manaphy\n|-boost|p1a: Manaphy|spa|3\n|move|p2a: Ursaluna|Facade|p1a: Manaphy\n|-damage|p1a: Manaphy|0 fnt\n|faint|p1a: Manaphy\n|\n|-damage|p2a: Ursaluna|82\/100 brn|[from] brn\n|upkeep\n|\n|t:|1700168817\n|switch|p1a: Corviknight|Corviknight, M|100\/100\n|turn|5\n|\n|t:|1700168848\n|switch|p2a: Hatterene|Hatterene, F|100\/100\n|-damage|p2a: Hatterene|88\/100|[from] Spikes\n|move|p1a: Corviknight|Body Press|p2a: Hatterene\n|-resisted|p2a: Hatterene\n|-damage|p2a: Hatterene|81\/100\n|\n|upkeep\n|turn|6\n|\n|t:|1700168878\n|move|p1a: Corviknight|U-turn|p2a: Hatterene\n|-damage|p2a: Hatterene|64\/100\n|\n|t:|1700168883\n|switch|p1a: Hatterene|Hatterene, F|100\/100|[from] U-turn\n|move|p2a: Hatterene|Nuzzle|p1a: Hatterene\n|-crit|p1a: Hatterene\n|-damage|p1a: Hatterene|93\/100\n|-status|p1a: Hatterene|par\n|\n|-heal|p1a: Hatterene|99\/100 par|[from] item: Leftovers\n|upkeep\n|turn|7\n|\n|t:|1700168907\n|move|p2a: Hatterene|Psyshock|p1a: Hatterene\n|-resisted|p1a: Hatterene\n|-crit|p1a: Hatterene\n|-damage|p1a: Hatterene|67\/100 par\n|cant|p1a: Hatterene|par\n|\n|-heal|p1a: Hatterene|73\/100 par|[from] item: Leftovers\n|upkeep\n|turn|8\n|\n|t:|1700168916\n|move|p2a: Hatterene|Psyshock|p1a: Hatterene\n|-resisted|p1a: Hatterene\n|-damage|p1a: Hatterene|52\/100 par\n|cant|p1a: Hatterene|par\n|\n|-heal|p1a: Hatterene|58\/100 par|[from] item: Leftovers\n|upkeep\n|turn|9\n|\n|t:|1700168924\n|move|p2a: Hatterene|Psyshock|p1a: Hatterene\n|-resisted|p1a: Hatterene\n|-damage|p1a: Hatterene|39\/100 par\n|cant|p1a: Hatterene|par\n|\n|-heal|p1a: Hatterene|45\/100 par|[from] item: Leftovers\n|upkeep\n|turn|10\n|\n|t:|1700168937\n|move|p2a: Hatterene|Psyshock|p1a: Hatterene\n|-resisted|p1a: Hatterene\n|-damage|p1a: Hatterene|26\/100 par\n|move|p1a: Hatterene|Draining Kiss|p2a: Hatterene\n|-damage|p2a: Hatterene|48\/100\n|-heal|p1a: Hatterene|38\/100 par|[from] drain|[of] p2a: Hatterene\n|\n|-heal|p1a: Hatterene|44\/100 par|[from] item: Leftovers\n|upkeep\n|turn|11\n|\n|t:|1700168951\n|move|p2a: Hatterene|Psyshock|p1a: Hatterene\n|-resisted|p1a: Hatterene\n|-damage|p1a: Hatterene|23\/100 par\n|move|p1a: Hatterene|Draining Kiss|p2a: Hatterene\n|-damage|p2a: Hatterene|29\/100\n|-heal|p1a: Hatterene|37\/100 par|[from] drain|[of] p2a: Hatterene\n|\n|-heal|p1a: Hatterene|43\/100 par|[from] item: Leftovers\n|upkeep\n|turn|12\n|\n|t:|1700168976\n|move|p2a: Hatterene|Draining Kiss|p1a: Hatterene\n|-damage|p1a: Hatterene|26\/100 par\n|-heal|p2a: Hatterene|42\/100|[from] drain|[of] p1a: Hatterene\n|move|p1a: Hatterene|Draining Kiss|p2a: Hatterene\n|-damage|p2a: Hatterene|23\/100\n|-heal|p1a: Hatterene|40\/100 par|[from] drain|[of] p2a: Hatterene\n|\n|-heal|p1a: Hatterene|46\/100 par|[from] item: Leftovers\n|upkeep\n|turn|13\n|\n|t:|1700168989\n|move|p2a: Hatterene|Psyshock|p1a: Hatterene\n|-resisted|p1a: Hatterene\n|-damage|p1a: Hatterene|27\/100 par\n|move|p1a: Hatterene|Draining Kiss|p2a: Hatterene\n|-damage|p2a: Hatterene|7\/100\n|-heal|p1a: Hatterene|39\/100 par|[from] drain|[of] p2a: Hatterene\n|\n|-heal|p1a: Hatterene|45\/100 par|[from] item: Leftovers\n|upkeep\n|turn|14\n|\n|t:|1700169014\n|switch|p2a: Garchomp|Garchomp, M|100\/100\n|-damage|p2a: Garchomp|88\/100|[from] Spikes\n|move|p1a: Hatterene|Draining Kiss|p2a: Garchomp\n|-supereffective|p2a: Garchomp\n|-crit|p2a: Garchomp\n|-damage|p2a: Garchomp|18\/100\n|-heal|p1a: Hatterene|100\/100 par|[from] drain|[of] p2a: Garchomp\n|-damage|p1a: Hatterene|88\/100 par|[from] ability: Rough Skin|[of] p2a: Garchomp\n|\n|-heal|p1a: Hatterene|94\/100 par|[from] item: Leftovers\n|upkeep\n|turn|15\n|\n|t:|1700169031\n|move|p2a: Garchomp|Earthquake|p1a: Hatterene\n|-damage|p1a: Hatterene|16\/100 par\n|-damage|p2a: Garchomp|8\/100|[from] item: Life Orb\n|cant|p1a: Hatterene|par\n|\n|-heal|p1a: Hatterene|22\/100 par|[from] item: Leftovers\n|upkeep\n|turn|16\n|\n|t:|1700169048\n|switch|p1a: Corviknight|Corviknight, M|100\/100\n|move|p2a: Garchomp|Earthquake|p1a: Corviknight\n|-immune|p1a: Corviknight\n|\n|upkeep\n|turn|17\n|\n|t:|1700169062\n|switch|p2a: Uxie|Uxie|100\/100\n|move|p1a: Corviknight|U-turn|p2a: Uxie\n|-supereffective|p2a: Uxie\n|-damage|p2a: Uxie|84\/100\n|\n|t:|1700169079\n|switch|p1a: Kommo-o|Kommo-o, F|100\/100|[from] U-turn\n|\n|upkeep\n|turn|18\n|\n|t:|1700169100\n|move|p1a: Kommo-o|Clangorous Soul|p1a: Kommo-o\n|-boost|p1a: Kommo-o|atk|1\n|-boost|p1a: Kommo-o|def|1\n|-boost|p1a: Kommo-o|spa|1\n|-boost|p1a: Kommo-o|spd|1\n|-boost|p1a: Kommo-o|spe|1\n|-damage|p1a: Kommo-o|68\/100\n|-enditem|p1a: Kommo-o|Throat Spray\n|-boost|p1a: Kommo-o|spa|1|[from] item: Throat Spray\n|move|p2a: Uxie|Trick Room|p2a: Uxie\n|-fieldstart|move: Trick Room|[of] p2a: Uxie\n|\n|upkeep\n|turn|19\n|\n|t:|1700169131\n|move|p2a: Uxie|Encore|p1a: Kommo-o\n|-start|p1a: Kommo-o|Encore\n|move|p1a: Kommo-o|Clangorous Soul|p1a: Kommo-o\n|-boost|p1a: Kommo-o|atk|1\n|-boost|p1a: Kommo-o|def|1\n|-boost|p1a: Kommo-o|spa|1\n|-boost|p1a: Kommo-o|spd|1\n|-boost|p1a: Kommo-o|spe|1\n|-damage|p1a: Kommo-o|35\/100\n|\n|upkeep\n|turn|20\n|\n|t:|1700169143\n|switch|p2a: Torkoal|Torkoal, F|100\/100\n|-damage|p2a: Torkoal|88\/100|[from] Spikes\n|-weather|SunnyDay|[from] ability: Drought|[of] p2a: Torkoal\n|move|p1a: Kommo-o|Clangorous Soul|p1a: Kommo-o\n|-boost|p1a: Kommo-o|atk|1\n|-boost|p1a: Kommo-o|def|1\n|-boost|p1a: Kommo-o|spa|1\n|-boost|p1a: Kommo-o|spd|1\n|-boost|p1a: Kommo-o|spe|1\n|-damage|p1a: Kommo-o|2\/100\n|\n|-weather|SunnyDay|[upkeep]\n|upkeep\n|turn|21\n|\n|t:|1700169179\n|move|p2a: Torkoal|Flamethrower|p1a: Kommo-o\n|-resisted|p1a: Kommo-o\n|-damage|p1a: Kommo-o|0 fnt\n|faint|p1a: Kommo-o\n|\n|-weather|SunnyDay|[upkeep]\n|upkeep\n|\n|t:|1700169185\n|switch|p1a: Hatterene|Hatterene, F|22\/100 par\n|turn|22\n|\n|t:|1700169196\n|cant|p1a: Hatterene|par\n|move|p2a: Torkoal|Flamethrower|p1a: Hatterene\n|-damage|p1a: Hatterene|0 fnt\n|faint|p1a: Hatterene\n|\n|-weather|SunnyDay|[upkeep]\n|-fieldend|move: Trick Room\n|upkeep\n|\n|t:|1700169204\n|switch|p1a: Ceruledge|Ceruledge, M|100\/100\n|turn|23\n|\n|t:|1700169214\n|move|p1a: Ceruledge|Swords Dance|p1a: Ceruledge\n|-boost|p1a: Ceruledge|atk|2\n|move|p2a: Torkoal|Flamethrower|p1a: Ceruledge\n|-resisted|p1a: Ceruledge\n|-damage|p1a: Ceruledge|49\/100\n|\n|-weather|SunnyDay|[upkeep]\n|upkeep\n|turn|24\n|\n|t:|1700169224\n|move|p1a: Ceruledge|Close Combat|p2a: Torkoal\n|-damage|p2a: Torkoal|29\/100\n|-unboost|p1a: Ceruledge|def|1\n|-unboost|p1a: Ceruledge|spd|1\n|move|p2a: Torkoal|Flamethrower|p1a: Ceruledge\n|-resisted|p1a: Ceruledge\n|-damage|p1a: Ceruledge|0 fnt\n|faint|p1a: Ceruledge\n|\n|-weather|none\n|upkeep\n|\n|t:|1700169233\n|switch|p1a: Corviknight|Corviknight, M|100\/100\n|turn|25\n|\n|t:|1700169241\n|move|p1a: Corviknight|Body Press|p2a: Torkoal\n|-damage|p2a: Torkoal|10\/100\n|move|p2a: Torkoal|Flamethrower|p1a: Corviknight\n|-supereffective|p1a: Corviknight\n|-damage|p1a: Corviknight|0 fnt\n|faint|p1a: Corviknight\n|\n|win|hatakeguy\n|l|\u2606hatakeguy\n|l|\u2606oscar2222\n|j|\u2606oscar2222\n|player|p1|oscar2222|1\n","uploadtime":1700169276,"views":9,"p1id":"oscar2222","p2id":"hatakeguy","formatid":"gen9ou","rating":0,"private":0,"password":""}