{"id":"gen9ou-1988324119","p1":"HicHac","p2":"RSDPM","format":"[Gen 9] OU","log":"|j|\u2606HicHac\n|j|\u2606RSDPM\n|t:|1699708613\n|gametype|singles\n|player|p1|HicHac|169|1352\n|player|p2|RSDPM|riley|1356\n|teamsize|p1|6\n|teamsize|p2|6\n|gen|9\n|tier|[Gen 9] OU\n|rated|\n|rule|Sleep Clause Mod: Limit one foe put to sleep\n|rule|Species Clause: Limit one of each Pok\u00e9mon\n|rule|OHKO Clause: OHKO moves are banned\n|rule|Evasion Items Clause: Evasion items are banned\n|rule|Evasion Moves Clause: Evasion moves are banned\n|rule|Endless Battle Clause: Forcing endless battles is banned\n|rule|HP Percentage Mod: HP is shown in percentages\n|clearpoke\n|poke|p1|Arcanine-Hisui, F|\n|poke|p1|Torkoal, F|\n|poke|p1|Walking Wake|\n|poke|p1|Great Tusk|\n|poke|p1|Sandy Shocks|\n|poke|p1|Lilligant-Hisui, F|\n|poke|p2|Wyrdeer, F|\n|poke|p2|Kleavor, F|\n|poke|p2|Ursaluna, M|\n|poke|p2|Basculegion-F, F|\n|poke|p2|Sneasler, F|\n|poke|p2|Overqwil, F|\n|teampreview\n|inactive|Battle timer is ON: inactive players will automatically lose when time's up. (requested by HicHac)\n|inactive|RSDPM also wants the timer to be on.\n|\n|t:|1699708633\n|start\n|switch|p1a: Torkoal|Torkoal, F|100\/100\n|switch|p2a: Wyrdeer|Wyrdeer, F|100\/100\n|-weather|SunnyDay|[from] ability: Drought|[of] p1a: Torkoal\n|turn|1\n|\n|t:|1699708648\n|move|p2a: Wyrdeer|Calm Mind|p2a: Wyrdeer\n|-boost|p2a: Wyrdeer|spa|1\n|-boost|p2a: Wyrdeer|spd|1\n|move|p1a: Torkoal|Yawn|p2a: Wyrdeer\n|-start|p2a: Wyrdeer|move: Yawn|[of] p1a: Torkoal\n|\n|-weather|SunnyDay|[upkeep]\n|upkeep\n|turn|2\n|\n|t:|1699708654\n|switch|p1a: Arcanine|Arcanine-Hisui, F|100\/100\n|move|p2a: Wyrdeer|Calm Mind|p2a: Wyrdeer\n|-boost|p2a: Wyrdeer|spa|1\n|-boost|p2a: Wyrdeer|spd|1\n|\n|-weather|SunnyDay|[upkeep]\n|-end|p2a: Wyrdeer|move: Yawn|[silent]\n|-status|p2a: Wyrdeer|slp\n|upkeep\n|turn|3\n|\n|t:|1699708663\n|move|p1a: Arcanine|Flare Blitz|p2a: Wyrdeer\n|-damage|p2a: Wyrdeer|0 fnt\n|faint|p2a: Wyrdeer\n|\n|-weather|SunnyDay|[upkeep]\n|upkeep\n|\n|t:|1699708672\n|switch|p2a: Kleavor|Kleavor, F|100\/100\n|turn|4\n|\n|t:|1699708677\n|move|p2a: Kleavor|Stone Axe|p1a: Arcanine\n|-supereffective|p1a: Arcanine\n|-damage|p1a: Arcanine|0 fnt\n|-sidestart|p1: HicHac|move: Stealth Rock\n|faint|p1a: Arcanine\n|\n|-weather|SunnyDay|[upkeep]\n|upkeep\n|\n|t:|1699708683\n|switch|p1a: Walking Wake|Walking Wake|100\/100\n|-damage|p1a: Walking Wake|88\/100|[from] Stealth Rock\n|-activate|p1a: Walking Wake|ability: Protosynthesis\n|-start|p1a: Walking Wake|protosynthesisspe\n|turn|5\n|\n|t:|1699708697\n|-terastallize|p2a: Kleavor|Grass\n|move|p1a: Walking Wake|Hydro Steam|p2a: Kleavor\n|-resisted|p2a: Kleavor\n|-damage|p2a: Kleavor|27\/100\n|move|p2a: Kleavor|Stone Axe|p1a: Walking Wake\n|-damage|p1a: Walking Wake|30\/100\n|\n|-weather|SunnyDay|[upkeep]\n|upkeep\n|turn|6\n|\n|t:|1699708708\n|switch|p2a: Overqwil|Overqwil, F|100\/100\n|-ability|p2a: Overqwil|Intimidate|boost\n|-unboost|p1a: Walking Wake|atk|1\n|move|p1a: Walking Wake|Hydro Steam|p2a: Overqwil\n|-damage|p2a: Overqwil|0 fnt\n|faint|p2a: Overqwil\n|\n|-weather|SunnyDay|[upkeep]\n|upkeep\n|\n|t:|1699708726\n|switch|p2a: Kleavor|Kleavor, F, tera:Grass|27\/100\n|turn|7\n|\n|t:|1699708729\n|switch|p2a: Basculegion|Basculegion-F, F|100\/100\n|move|p1a: Walking Wake|Hydro Steam|p2a: Basculegion\n|-resisted|p2a: Basculegion\n|-damage|p2a: Basculegion|46\/100\n|\n|-weather|SunnyDay|[upkeep]\n|upkeep\n|turn|8\n|\n|t:|1699708738\n|move|p2a: Basculegion|Aqua Jet|p1a: Walking Wake\n|-resisted|p1a: Walking Wake\n|-damage|p1a: Walking Wake|27\/100\n|-damage|p2a: Basculegion|36\/100|[from] item: Life Orb\n|move|p1a: Walking Wake|Hydro Steam|p2a: Basculegion\n|-resisted|p2a: Basculegion\n|-damage|p2a: Basculegion|0 fnt\n|faint|p2a: Basculegion\n|\n|-weather|none\n|-end|p1a: Walking Wake|Protosynthesis\n|upkeep\n|\n|t:|1699708743\n|switch|p2a: Kleavor|Kleavor, F, tera:Grass|27\/100\n|turn|9\n|\n|t:|1699708747\n|-end|p1a: Walking Wake|Protosynthesis|[silent]\n|switch|p1a: Torkoal|Torkoal, F|100\/100\n|-damage|p1a: Torkoal|76\/100|[from] Stealth Rock\n|-weather|SunnyDay|[from] ability: Drought|[of] p1a: Torkoal\n|move|p2a: Kleavor|Stone Axe|p1a: Torkoal\n|-supereffective|p1a: Torkoal\n|-damage|p1a: Torkoal|20\/100\n|\n|-weather|SunnyDay|[upkeep]\n|upkeep\n|turn|10\n|\n|t:|1699708758\n|switch|p2a: Ursaluna|Ursaluna, M|100\/100\n|switch|p1a: Great Tusk|Great Tusk|100\/100\n|-activate|p1a: Great Tusk|ability: Protosynthesis\n|-start|p1a: Great Tusk|protosynthesisatk\n|\n|-weather|SunnyDay|[upkeep]\n|-status|p2a: Ursaluna|brn|[from] item: Flame Orb\n|upkeep\n|turn|11\n|\n|t:|1699708778\n|move|p1a: Great Tusk|Close Combat|p2a: Ursaluna\n|-supereffective|p2a: Ursaluna\n|-damage|p2a: Ursaluna|0 fnt\n|-unboost|p1a: Great Tusk|def|1\n|-unboost|p1a: Great Tusk|spd|1\n|faint|p2a: Ursaluna\n|\n|-weather|SunnyDay|[upkeep]\n|upkeep\n|\n|t:|1699708786\n|switch|p2a: Sneasler|Sneasler, F|100\/100\n|turn|12\n|\n|t:|1699708792\n|move|p2a: Sneasler|Bulk Up|p2a: Sneasler\n|-boost|p2a: Sneasler|atk|1\n|-boost|p2a: Sneasler|def|1\n|move|p1a: Great Tusk|Headlong Rush|p2a: Sneasler\n|-supereffective|p2a: Sneasler\n|-damage|p2a: Sneasler|0 fnt\n|-unboost|p1a: Great Tusk|def|1\n|-unboost|p1a: Great Tusk|spd|1\n|faint|p2a: Sneasler\n|\n|-weather|SunnyDay|[upkeep]\n|upkeep\n|\n|t:|1699708795\n|switch|p2a: Kleavor|Kleavor, F, tera:Grass|27\/100\n|turn|13\n|\n|t:|1699708800\n|move|p2a: Kleavor|Tera Blast|p1a: Great Tusk|[anim] Tera Blast Grass\n|-supereffective|p1a: Great Tusk\n|-damage|p1a: Great Tusk|0 fnt\n|faint|p1a: Great Tusk\n|-end|p1a: Great Tusk|Protosynthesis|[silent]\n|\n|-weather|SunnyDay|[upkeep]\n|upkeep\n|c|\u2606HicHac|Great team\n|\n|t:|1699708811\n|switch|p1a: Walking Wake|Walking Wake|27\/100\n|-damage|p1a: Walking Wake|15\/100|[from] Stealth Rock\n|-activate|p1a: Walking Wake|ability: Protosynthesis\n|-start|p1a: Walking Wake|protosynthesisspe\n|turn|14\n|c|\u2606RSDPM|Thanks\ud83d\udc4d\n|-message|RSDPM forfeited.\n|\n|win|HicHac\n|raw|HicHac's rating: 1352 &rarr; <strong>1372<\/strong><br \/>(+20 for winning)\n|raw|RSDPM's rating: 1356 &rarr; <strong>1336<\/strong><br \/>(-20 for losing)\n","uploadtime":1699708840,"views":15,"p1id":"hichac","p2id":"rsdpm","formatid":"gen9ou","rating":1336,"private":0,"password":""}