{"id":"gen9ou-1988563872","p1":"Girls Poop","p2":"Kidday","format":"[Gen 9] OU","log":"|j|\u2606Girls Poop\n|j|\u2606Kidday\n|t:|1699736559\n|gametype|singles\n|player|p1|Girls Poop|cowgirl|1006\n|player|p2|Kidday|1|1061\n|teamsize|p1|6\n|teamsize|p2|6\n|gen|9\n|tier|[Gen 9] OU\n|rated|\n|rule|Sleep Clause Mod: Limit one foe put to sleep\n|rule|Species Clause: Limit one of each Pok\u00e9mon\n|rule|OHKO Clause: OHKO moves are banned\n|rule|Evasion Items Clause: Evasion items are banned\n|rule|Evasion Moves Clause: Evasion moves are banned\n|rule|Endless Battle Clause: Forcing endless battles is banned\n|rule|HP Percentage Mod: HP is shown in percentages\n|clearpoke\n|poke|p1|Poliwrath, F|\n|poke|p1|Gliscor, F|\n|poke|p1|Ambipom, F|\n|poke|p1|Gastrodon, F|\n|poke|p1|Pelipper, F|\n|poke|p1|Clodsire, F|\n|poke|p2|Kingambit, M|\n|poke|p2|Morpeko, M|\n|poke|p2|Grimmsnarl, M|\n|poke|p2|Persian-Alola, M|\n|poke|p2|Spiritomb, M|\n|poke|p2|Bisharp, M|\n|teampreview\n|\n|t:|1699736575\n|start\n|switch|p1a: Croagun|Ambipom, F, shiny|100\/100\n|switch|p2a: Grimmsnarl|Grimmsnarl, M, shiny|100\/100\n|turn|1\n|\n|t:|1699736584\n|move|p1a: Croagun|Fake Out|p2a: Grimmsnarl\n|-damage|p2a: Grimmsnarl|73\/100\n|-damage|p1a: Croagun|91\/100|[from] item: Life Orb\n|cant|p2a: Grimmsnarl|flinch\n|\n|upkeep\n|turn|2\n|\n|t:|1699736592\n|move|p2a: Grimmsnarl|Reflect|p2a: Grimmsnarl\n|-sidestart|p2: Kidday|Reflect\n|move|p1a: Croagun|Thunder Wave|p2a: Grimmsnarl\n|-status|p2a: Grimmsnarl|par\n|\n|upkeep\n|turn|3\n|\n|t:|1699736604\n|cant|p2a: Grimmsnarl|par\n|move|p1a: Croagun|U-turn|p2a: Grimmsnarl\n|-damage|p2a: Grimmsnarl|60\/100 par\n|-damage|p1a: Croagun|81\/100|[from] item: Life Orb\n|\n|t:|1699736625\n|switch|p1a: Heatra|Pelipper, F, shiny|100\/100|[from] U-turn\n|-weather|RainDance|[from] ability: Drizzle|[of] p1a: Heatra\n|\n|-weather|RainDance|[upkeep]\n|upkeep\n|turn|4\n|\n|t:|1699736636\n|move|p2a: Grimmsnarl|Light Screen|p2a: Grimmsnarl\n|-sidestart|p2: Kidday|move: Light Screen\n|move|p1a: Heatra|Surf|p2a: Grimmsnarl\n|-damage|p2a: Grimmsnarl|36\/100 par\n|\n|-weather|RainDance|[upkeep]\n|upkeep\n|turn|5\n|\n|t:|1699736644\n|cant|p2a: Grimmsnarl|par\n|move|p1a: Heatra|Surf|p2a: Grimmsnarl\n|-damage|p2a: Grimmsnarl|15\/100 par\n|\n|-weather|RainDance|[upkeep]\n|upkeep\n|turn|6\n|\n|t:|1699736657\n|cant|p2a: Grimmsnarl|par\n|move|p1a: Heatra|Hurricane|p2a: Grimmsnarl\n|-damage|p2a: Grimmsnarl|0 fnt\n|faint|p2a: Grimmsnarl\n|\n|-weather|RainDance|[upkeep]\n|upkeep\n|\n|t:|1699736715\n|switch|p2a: Morpeko|Morpeko, M|100\/100\n|turn|7\n|\n|t:|1699736724\n|switch|p1a: Cresseli|Clodsire, F, shiny|100\/100\n|move|p2a: Morpeko|Fake Out|p1a: Cresseli\n|-damage|p1a: Cresseli|81\/100\n|-damage|p2a: Morpeko|91\/100|[from] item: Life Orb\n|\n|-weather|RainDance|[upkeep]\n|-heal|p1a: Cresseli|88\/100|[from] item: Leftovers\n|-formechange|p2a: Morpeko|Morpeko-Hangry||[from] ability: Hunger Switch\n|upkeep\n|turn|8\n|\n|t:|1699736729\n|move|p2a: Morpeko|Aura Wheel|p1a: Cresseli\n|-damage|p1a: Cresseli|9\/100\n|-boost|p2a: Morpeko|spe|1\n|-damage|p2a: Morpeko|81\/100|[from] item: Life Orb\n|move|p1a: Cresseli|Earthquake|p2a: Morpeko\n|-supereffective|p2a: Morpeko\n|-damage|p2a: Morpeko|28\/100\n|\n|-weather|RainDance|[upkeep]\n|-heal|p1a: Cresseli|15\/100|[from] item: Leftovers\n|-formechange|p2a: Morpeko|Morpeko||[from] ability: Hunger Switch\n|upkeep\n|turn|9\n|\n|t:|1699736759\n|move|p2a: Morpeko|Seed Bomb|p1a: Cresseli\n|-damage|p1a: Cresseli|0 fnt\n|faint|p1a: Cresseli\n|-damage|p2a: Morpeko|18\/100|[from] item: Life Orb\n|\n|-weather|RainDance|[upkeep]\n|-sideend|p2: Kidday|Reflect\n|-formechange|p2a: Morpeko|Morpeko-Hangry||[from] ability: Hunger Switch\n|upkeep\n|\n|t:|1699736763\n|switch|p1a: Rockruf|Gliscor, F, shiny|100\/100\n|turn|10\n|\n|t:|1699736772\n|move|p2a: Morpeko|Aura Wheel|p1a: Rockruf\n|-damage|p1a: Rockruf|58\/100\n|-boost|p2a: Morpeko|spe|1\n|-damage|p2a: Morpeko|8\/100|[from] item: Life Orb\n|move|p1a: Rockruf|Earthquake|p2a: Morpeko\n|-supereffective|p2a: Morpeko\n|-damage|p2a: Morpeko|0 fnt\n|faint|p2a: Morpeko\n|\n|-weather|none\n|-status|p1a: Rockruf|tox|[from] item: Toxic Orb\n|upkeep\n|\n|t:|1699736824\n|switch|p2a: Spiritomb|Spiritomb, M|100\/100\n|turn|11\n|\n|t:|1699736847\n|move|p1a: Rockruf|Earthquake|p2a: Spiritomb\n|-damage|p2a: Spiritomb|66\/100\n|move|p2a: Spiritomb|Poltergeist|p1a: Rockruf\n|-activate|p1a: Rockruf|move: Poltergeist|Toxic Orb\n|-damage|p1a: Rockruf|11\/100 tox\n|\n|-heal|p1a: Rockruf|24\/100 tox|[from] ability: Poison Heal\n|-sideend|p2: Kidday|move: Light Screen\n|upkeep\n|turn|12\n|l|\u2606Kidday\n|player|p2|\n|j|\u2606Kidday\n|player|p2|Kidday|1\n|\n|t:|1699736865\n|move|p1a: Rockruf|Earthquake|p2a: Spiritomb\n|-crit|p2a: Spiritomb\n|-damage|p2a: Spiritomb|17\/100\n|move|p2a: Spiritomb|Poltergeist|p1a: Rockruf|[miss]\n|-miss|p2a: Spiritomb|p1a: Rockruf\n|\n|-heal|p1a: Rockruf|36\/100 tox|[from] ability: Poison Heal\n|upkeep\n|turn|13\n|\n|t:|1699736877\n|move|p1a: Rockruf|Earthquake|p2a: Spiritomb\n|-damage|p2a: Spiritomb|0 fnt\n|faint|p2a: Spiritomb\n|\n|-heal|p1a: Rockruf|49\/100 tox|[from] ability: Poison Heal\n|upkeep\n|c|\u2606Kidday|Paralyzed fucked me this game\n|\n|t:|1699736906\n|switch|p2a: Persian|Persian-Alola, M, shiny|100\/100\n|turn|14\n|\n|t:|1699736918\n|move|p2a: Persian|Fake Out|p1a: Rockruf\n|-damage|p1a: Rockruf|43\/100 tox\n|cant|p1a: Rockruf|flinch\n|\n|-heal|p1a: Rockruf|55\/100 tox|[from] ability: Poison Heal\n|upkeep\n|turn|15\n|\n|t:|1699736922\n|move|p2a: Persian|Foul Play|p1a: Rockruf\n|-damage|p1a: Rockruf|37\/100 tox\n|move|p1a: Rockruf|Toxic|p2a: Persian\n|-status|p2a: Persian|tox\n|\n|-damage|p2a: Persian|95\/100 tox|[from] psn\n|-heal|p1a: Rockruf|50\/100 tox|[from] ability: Poison Heal\n|upkeep\n|turn|16\n|l|\u2606Kidday\n|player|p2|\n|j|\u2606Kidday\n|player|p2|Kidday|1\n|\n|t:|1699736975\n|move|p2a: Persian|Switcheroo|p1a: Rockruf\n|-activate|p2a: Persian|move: Trick|[of] p1a: Rockruf\n|-item|p1a: Rockruf|Eject Button|[from] move: Switcheroo\n|-item|p2a: Persian|Toxic Orb|[from] move: Switcheroo\n|move|p1a: Rockruf|Earthquake|p2a: Persian\n|-damage|p2a: Persian|61\/100 tox\n|\n|-damage|p2a: Persian|50\/100 tox|[from] psn\n|-heal|p1a: Rockruf|62\/100 tox|[from] ability: Poison Heal\n|upkeep\n|turn|17\n|\n|t:|1699736983\n|move|p2a: Persian|U-turn|p1a: Rockruf\n|-resisted|p1a: Rockruf\n|-damage|p1a: Rockruf|58\/100 tox\n|-enditem|p1a: Rockruf|Eject Button\n|\n|t:|1699736990\n|switch|p1a: Croagun|Ambipom, F, shiny|81\/100\n|\n|-damage|p2a: Persian|32\/100 tox|[from] psn\n|upkeep\n|turn|18\n|\n|t:|1699736999\n|move|p1a: Croagun|Fake Out|p2a: Persian\n|-damage|p2a: Persian|3\/100 tox\n|-damage|p1a: Croagun|71\/100|[from] item: Life Orb\n|cant|p2a: Persian|flinch\n|\n|-damage|p2a: Persian|0 fnt|[from] psn\n|faint|p2a: Persian\n|upkeep\n|\n|t:|1699737008\n|switch|p2a: DisBiSharp \u267f\ufe0f|Bisharp, M, shiny|100\/100\n|turn|19\n|\n|t:|1699737020\n|move|p1a: Croagun|Low Kick|p2a: DisBiSharp \u267f\ufe0f\n|-supereffective|p2a: DisBiSharp \u267f\ufe0f\n|-damage|p2a: DisBiSharp \u267f\ufe0f|0 fnt\n|faint|p2a: DisBiSharp \u267f\ufe0f\n|-damage|p1a: Croagun|61\/100|[from] item: Life Orb\n|\n|upkeep\n|\n|t:|1699737026\n|switch|p2a: KingBishh|Kingambit, M, shiny|100\/100\n|-activate|p2a: KingBishh|ability: Supreme Overlord\n|-start|p2a: KingBishh|fallen5|[silent]\n|turn|20\n|\n|t:|1699737044\n|-terastallize|p2a: KingBishh|Dark\n|move|p1a: Croagun|Low Kick|p2a: KingBishh\n|-supereffective|p2a: KingBishh\n|-damage|p2a: KingBishh|43\/100\n|-enditem|p2a: KingBishh|Weakness Policy\n|-boost|p2a: KingBishh|atk|2|[from] item: Weakness Policy\n|-boost|p2a: KingBishh|spa|2|[from] item: Weakness Policy\n|-damage|p1a: Croagun|51\/100|[from] item: Life Orb\n|move|p2a: KingBishh|Brick Break|p1a: Croagun\n|-supereffective|p1a: Croagun\n|-damage|p1a: Croagun|0 fnt\n|faint|p1a: Croagun\n|\n|upkeep\n|\n|t:|1699737057\n|switch|p1a: Espeo|Gastrodon, F, shiny|100\/100\n|turn|21\n|\n|t:|1699737063\n|move|p2a: KingBishh|Kowtow Cleave|p1a: Espeo\n|-damage|p1a: Espeo|0 fnt\n|faint|p1a: Espeo\n|\n|upkeep\n|\n|t:|1699737070\n|switch|p1a: Heatra|Pelipper, F, shiny|100\/100\n|-weather|RainDance|[from] ability: Drizzle|[of] p1a: Heatra\n|turn|22\n|\n|t:|1699737076\n|move|p2a: KingBishh|Sucker Punch|p1a: Heatra\n|-damage|p1a: Heatra|0 fnt\n|faint|p1a: Heatra\n|\n|-weather|RainDance|[upkeep]\n|upkeep\n|\n|t:|1699737079\n|switch|p1a: Clodsir|Poliwrath, F, shiny|100\/100\n|turn|23\n|\n|t:|1699737094\n|move|p2a: KingBishh|Sucker Punch|p1a: Clodsir\n|-resisted|p1a: Clodsir\n|-damage|p1a: Clodsir|42\/100\n|move|p1a: Clodsir|Circle Throw|p2a: KingBishh|[miss]\n|-miss|p1a: Clodsir|p2a: KingBishh\n|\n|-weather|RainDance|[upkeep]\n|-heal|p1a: Clodsir|49\/100|[from] item: Leftovers\n|upkeep\n|turn|24\n|\n|t:|1699737101\n|move|p2a: KingBishh|Sucker Punch|p1a: Clodsir\n|-resisted|p1a: Clodsir\n|-damage|p1a: Clodsir|0 fnt\n|faint|p1a: Clodsir\n|\n|-weather|RainDance|[upkeep]\n|upkeep\n|\n|t:|1699737103\n|switch|p1a: Rockruf|Gliscor, F, shiny|58\/100 tox\n|turn|25\n|\n|t:|1699737108\n|move|p2a: KingBishh|Sucker Punch|p1a: Rockruf\n|-damage|p1a: Rockruf|0 fnt\n|faint|p1a: Rockruf\n|\n|win|Kidday\n|raw|Girls Poop's rating: 1006 &rarr; <strong>1000<\/strong><br \/>(-6 for losing)\n|raw|Kidday's rating: 1061 &rarr; <strong>1087<\/strong><br \/>(+26 for winning)\n|c|\u2606Girls Poop|Gg\n","uploadtime":1699737117,"views":11,"p1id":"girlspoop","p2id":"kidday","formatid":"gen9ou","rating":1000,"private":0,"password":""}