{"id":"gen9ou-1990152984","p1":"JonBarbecue69","p2":"ilyyughjui","format":"[Gen 9] OU","log":"|j|\u2606JonBarbecue69\n|j|\u2606ilyyughjui\n|t:|1699930378\n|gametype|singles\n|player|p1|JonBarbecue69|will|1064\n|player|p2|ilyyughjui|ethan|1000\n|teamsize|p1|6\n|teamsize|p2|6\n|gen|9\n|tier|[Gen 9] OU\n|rated|\n|rule|Sleep Clause Mod: Limit one foe put to sleep\n|rule|Species Clause: Limit one of each Pok\u00e9mon\n|rule|OHKO Clause: OHKO moves are banned\n|rule|Evasion Items Clause: Evasion items are banned\n|rule|Evasion Moves Clause: Evasion moves are banned\n|rule|Endless Battle Clause: Forcing endless battles is banned\n|rule|HP Percentage Mod: HP is shown in percentages\n|clearpoke\n|poke|p1|Torkoal, F|\n|poke|p1|Gholdengo|\n|poke|p1|Quaquaval, F|\n|poke|p1|Arbok, F|\n|poke|p1|Clefable, F|\n|poke|p1|Charizard, F|\n|poke|p2|Dragapult, F|\n|poke|p2|Iron Valiant|\n|poke|p2|Blissey, F|\n|poke|p2|Politoed, F|\n|poke|p2|Rillaboom, M|\n|poke|p2|Gengar, M|\n|teampreview\n|\n|t:|1699930382\n|start\n|switch|p1a: Torkoal|Torkoal, F|100\/100\n|switch|p2a: Iron Valiant|Iron Valiant|100\/100\n|-weather|SunnyDay|[from] ability: Drought|[of] p1a: Torkoal\n|turn|1\n|\n|t:|1699930389\n|move|p2a: Iron Valiant|Swords Dance|p2a: Iron Valiant\n|-boost|p2a: Iron Valiant|atk|2\n|move|p1a: Torkoal|Stealth Rock|p2a: Iron Valiant\n|-sidestart|p2: ilyyughjui|move: Stealth Rock\n|\n|-weather|SunnyDay|[upkeep]\n|upkeep\n|turn|2\n|\n|t:|1699930394\n|move|p2a: Iron Valiant|Close Combat|p1a: Torkoal\n|-damage|p1a: Torkoal|36\/100\n|-unboost|p2a: Iron Valiant|def|1\n|-unboost|p2a: Iron Valiant|spd|1\n|move|p1a: Torkoal|Yawn|p2a: Iron Valiant\n|-start|p2a: Iron Valiant|move: Yawn|[of] p1a: Torkoal\n|\n|-weather|SunnyDay|[upkeep]\n|upkeep\n|turn|3\n|\n|t:|1699930407\n|switch|p1a: Clefable|Clefable, F|100\/100\n|move|p2a: Iron Valiant|Close Combat|p1a: Clefable\n|-resisted|p1a: Clefable\n|-damage|p1a: Clefable|55\/100\n|-unboost|p2a: Iron Valiant|def|1\n|-unboost|p2a: Iron Valiant|spd|1\n|-damage|p2a: Iron Valiant|84\/100|[from] item: Rocky Helmet|[of] p1a: Clefable\n|\n|-weather|SunnyDay|[upkeep]\n|-end|p2a: Iron Valiant|move: Yawn|[silent]\n|-status|p2a: Iron Valiant|slp\n|upkeep\n|turn|4\n|\n|t:|1699930426\n|cant|p2a: Iron Valiant|slp\n|move|p1a: Clefable|Thunder Wave||[still]\n|-fail|p1a: Clefable\n|\n|-weather|SunnyDay|[upkeep]\n|upkeep\n|turn|5\n|\n|t:|1699930440\n|-end|p2a: Iron Valiant|Quark Drive|[silent]\n|switch|p2a: Rillaboom|Rillaboom, M|100\/100\n|-damage|p2a: Rillaboom|88\/100|[from] Stealth Rock\n|move|p1a: Clefable|Moonlight|p1a: Clefable\n|-heal|p1a: Clefable|100\/100\n|\n|-weather|SunnyDay|[upkeep]\n|upkeep\n|turn|6\n|\n|t:|1699930451\n|move|p2a: Rillaboom|Drum Beating|p1a: Clefable\n|-damage|p1a: Clefable|67\/100\n|-unboost|p1a: Clefable|spe|1\n|move|p1a: Clefable|Thunder Wave|p2a: Rillaboom\n|-status|p2a: Rillaboom|par\n|\n|-weather|SunnyDay|[upkeep]\n|upkeep\n|turn|7\n|\n|t:|1699930466\n|switch|p1a: Torkoal|Torkoal, F|36\/100\n|move|p2a: Rillaboom|U-turn|p1a: Torkoal\n|-resisted|p1a: Torkoal\n|-damage|p1a: Torkoal|29\/100\n|\n|t:|1699930471\n|switch|p2a: Politoed|Politoed, F|100\/100|[from] U-turn\n|-damage|p2a: Politoed|88\/100|[from] Stealth Rock\n|\n|-weather|SunnyDay|[upkeep]\n|-heal|p2a: Politoed|94\/100|[from] item: Leftovers\n|upkeep\n|turn|8\n|\n|t:|1699930480\n|switch|p1a: Super Snek|Arbok, F|100\/100\n|-ability|p1a: Super Snek|Intimidate|boost\n|-unboost|p2a: Politoed|atk|1\n|move|p2a: Politoed|Earthquake|p1a: Super Snek\n|-supereffective|p1a: Super Snek\n|-damage|p1a: Super Snek|57\/100\n|\n|-weather|none\n|-heal|p2a: Politoed|99\/100|[from] item: Leftovers\n|upkeep\n|turn|9\n|\n|t:|1699930496\n|move|p1a: Super Snek|Coil|p1a: Super Snek\n|-boost|p1a: Super Snek|atk|1\n|-boost|p1a: Super Snek|def|1\n|-boost|p1a: Super Snek|accuracy|1\n|move|p2a: Politoed|Rest|p2a: Politoed\n|-status|p2a: Politoed|slp|[from] move: Rest\n|-heal|p2a: Politoed|100\/100 slp|[silent]\n|\n|upkeep\n|turn|10\n|\n|t:|1699930505\n|cant|p2a: Politoed|slp\n|move|p1a: Super Snek|Coil|p1a: Super Snek\n|-boost|p1a: Super Snek|atk|1\n|-boost|p1a: Super Snek|def|1\n|-boost|p1a: Super Snek|accuracy|1\n|\n|upkeep\n|turn|11\n|\n|t:|1699930514\n|move|p1a: Super Snek|Coil|p1a: Super Snek\n|-boost|p1a: Super Snek|atk|1\n|-boost|p1a: Super Snek|def|1\n|-boost|p1a: Super Snek|accuracy|1\n|cant|p2a: Politoed|slp\n|\n|upkeep\n|turn|12\n|\n|t:|1699930519\n|move|p1a: Super Snek|Coil|p1a: Super Snek\n|-boost|p1a: Super Snek|atk|1\n|-boost|p1a: Super Snek|def|1\n|-boost|p1a: Super Snek|accuracy|1\n|-curestatus|p2a: Politoed|slp|[msg]\n|move|p2a: Politoed|Earthquake|p1a: Super Snek\n|-supereffective|p1a: Super Snek\n|-damage|p1a: Super Snek|42\/100\n|\n|upkeep\n|turn|13\n|\n|t:|1699930527\n|-terastallize|p1a: Super Snek|Dragon\n|move|p1a: Super Snek|Scale Shot|p2a: Politoed\n|-damage|p2a: Politoed|63\/100\n|-damage|p2a: Politoed|30\/100\n|-damage|p2a: Politoed|0 fnt\n|faint|p2a: Politoed\n|-hitcount|p2: Politoed|3\n|-unboost|p1a: Super Snek|def|1\n|-boost|p1a: Super Snek|spe|1\n|\n|upkeep\n|\n|t:|1699930537\n|switch|p2a: Gengar|Gengar, M|100\/100\n|-damage|p2a: Gengar|88\/100|[from] Stealth Rock\n|turn|14\n|\n|t:|1699930541\n|move|p1a: Super Snek|Scale Shot|p2a: Gengar\n|-damage|p2a: Gengar|27\/100\n|-damage|p2a: Gengar|0 fnt\n|faint|p2a: Gengar\n|-hitcount|p2: Gengar|2\n|-unboost|p1a: Super Snek|def|1\n|-boost|p1a: Super Snek|spe|1\n|\n|upkeep\n|\n|t:|1699930546\n|switch|p2a: Dragapult|Dragapult, F|100\/100\n|-damage|p2a: Dragapult|88\/100|[from] Stealth Rock\n|turn|15\n|\n|t:|1699930550\n|move|p1a: Super Snek|Scale Shot|p2a: Dragapult\n|-supereffective|p2a: Dragapult\n|-crit|p2a: Dragapult\n|-damage|p2a: Dragapult|0 fnt\n|faint|p2a: Dragapult\n|-hitcount|p2: Dragapult|1\n|-unboost|p1a: Super Snek|def|1\n|-boost|p1a: Super Snek|spe|1\n|\n|upkeep\n|\n|t:|1699930555\n|switch|p2a: Blissey|Blissey, F|100\/100\n|turn|16\n|\n|t:|1699930558\n|move|p1a: Super Snek|Scale Shot|p2a: Blissey\n|-damage|p2a: Blissey|73\/100\n|-damage|p2a: Blissey|48\/100\n|-damage|p2a: Blissey|20\/100\n|-damage|p2a: Blissey|0 fnt\n|faint|p2a: Blissey\n|-hitcount|p2: Blissey|4\n|-unboost|p1a: Super Snek|def|1\n|-boost|p1a: Super Snek|spe|1\n|\n|upkeep\n|\n|t:|1699930570\n|switch|p2a: Rillaboom|Rillaboom, M|88\/100 par\n|-damage|p2a: Rillaboom|76\/100 par|[from] Stealth Rock\n|turn|17\n|\n|t:|1699930573\n|-terastallize|p2a: Rillaboom|Grass\n|move|p1a: Super Snek|Scale Shot|p2a: Rillaboom\n|-damage|p2a: Rillaboom|44\/100 par\n|-damage|p2a: Rillaboom|8\/100 par\n|-damage|p2a: Rillaboom|0 fnt\n|faint|p2a: Rillaboom\n|-hitcount|p2: Rillaboom|3\n|-unboost|p1a: Super Snek|def|1\n|-boost|p1a: Super Snek|spe|1\n|\n|upkeep\n|\n|t:|1699930579\n|switch|p2a: Iron Valiant|Iron Valiant|84\/100 slp\n|-damage|p2a: Iron Valiant|78\/100 slp|[from] Stealth Rock\n|turn|18\n|\n|t:|1699930586\n|move|p1a: Super Snek|Earthquake|p2a: Iron Valiant\n|-damage|p2a: Iron Valiant|0 fnt\n|faint|p2a: Iron Valiant\n|-end|p2a: Iron Valiant|Quark Drive|[silent]\n|\n|win|JonBarbecue69\n|raw|JonBarbecue69's rating: 1064 &rarr; <strong>1089<\/strong><br \/>(+25 for winning)\n|raw|ilyyughjui's rating: 1000 &rarr; <strong>1000<\/strong><br \/>(+0 for losing)\n|l|\u2606ilyyughjui\n","uploadtime":1699930626,"views":29,"p1id":"jonbarbecue69","p2id":"ilyyughjui","formatid":"gen9ou","rating":1000,"private":0,"password":""}