{"id":"gen9ou-1990853443","p1":"DoubleWarp","p2":"NikGk","format":"[Gen 9] OU","log":"|j|\u2606DoubleWarp\n|j|\u2606NikGk\n|t:|1700007787\n|gametype|singles\n|player|p1|DoubleWarp|265|1484\n|player|p2|NikGk|1|1393\n|teamsize|p1|6\n|teamsize|p2|6\n|gen|9\n|tier|[Gen 9] OU\n|rated|\n|rule|Sleep Clause Mod: Limit one foe put to sleep\n|rule|Species Clause: Limit one of each Pok\u00e9mon\n|rule|OHKO Clause: OHKO moves are banned\n|rule|Evasion Items Clause: Evasion items are banned\n|rule|Evasion Moves Clause: Evasion moves are banned\n|rule|Endless Battle Clause: Forcing endless battles is banned\n|rule|HP Percentage Mod: HP is shown in percentages\n|clearpoke\n|poke|p1|Torkoal, F|\n|poke|p1|Walking Wake|\n|poke|p1|Kingambit, M|\n|poke|p1|Dragapult, M|\n|poke|p1|Corviknight, F|\n|poke|p1|Clodsire, F|\n|poke|p2|Zarude|\n|poke|p2|Rillaboom, M|\n|poke|p2|Gastrodon, F|\n|poke|p2|Heatran, M|\n|poke|p2|Mandibuzz, F|\n|poke|p2|Iron Valiant|\n|teampreview\n|\n|t:|1700007802\n|start\n|switch|p1a: Corviknight|Corviknight, F|100\/100\n|switch|p2a: Heatran|Heatran, M|100\/100\n|-ability|p1a: Corviknight|Pressure\n|turn|1\n|\n|t:|1700007840\n|switch|p1a: Dragapult|Dragapult, M|100\/100\n|move|p2a: Heatran|Stealth Rock|p1a: Dragapult\n|-sidestart|p1: DoubleWarp|move: Stealth Rock\n|\n|upkeep\n|turn|2\n|\n|t:|1700007845\n|move|p1a: Dragapult|Substitute|p1a: Dragapult\n|-start|p1a: Dragapult|Substitute\n|-damage|p1a: Dragapult|76\/100\n|move|p2a: Heatran|Magma Storm|p1a: Dragapult|[miss]\n|-miss|p2a: Heatran|p1a: Dragapult\n|\n|-heal|p1a: Dragapult|82\/100|[from] item: Leftovers\n|upkeep\n|turn|3\n|\n|t:|1700007854\n|move|p1a: Dragapult|Dragon Dance|p1a: Dragapult\n|-boost|p1a: Dragapult|atk|1\n|-boost|p1a: Dragapult|spe|1\n|move|p2a: Heatran|Magma Storm|p1a: Dragapult\n|-resisted|p1a: Dragapult\n|-end|p1a: Dragapult|Substitute\n|\n|-heal|p1a: Dragapult|88\/100|[from] item: Leftovers\n|upkeep\n|turn|4\n|\n|t:|1700007867\n|switch|p2a: Mandibuzz|Mandibuzz, F|100\/100\n|move|p1a: Dragapult|Phantom Force||[still]\n|-prepare|p1a: Dragapult|Phantom Force\n|\n|-heal|p1a: Dragapult|94\/100|[from] item: Leftovers\n|upkeep\n|turn|5\n|\n|t:|1700007872\n|move|p1a: Dragapult|Phantom Force|p2a: Mandibuzz|[from]lockedmove\n|-resisted|p2a: Mandibuzz\n|-damage|p2a: Mandibuzz|81\/100\n|move|p2a: Mandibuzz|Foul Play|p1a: Dragapult\n|-supereffective|p1a: Dragapult\n|-damage|p1a: Dragapult|0 fnt\n|faint|p1a: Dragapult\n|\n|upkeep\n|\n|t:|1700007881\n|switch|p1a: Torkoal|Torkoal, F|100\/100\n|-damage|p1a: Torkoal|76\/100|[from] Stealth Rock\n|-weather|SunnyDay|[from] ability: Drought|[of] p1a: Torkoal\n|turn|6\n|\n|t:|1700007886\n|move|p2a: Mandibuzz|Toxic|p1a: Torkoal\n|-status|p1a: Torkoal|tox\n|move|p1a: Torkoal|Rapid Spin|p2a: Mandibuzz\n|-crit|p2a: Mandibuzz\n|-damage|p2a: Mandibuzz|72\/100\n|-boost|p1a: Torkoal|spe|1\n|-sideend|p1: DoubleWarp|Stealth Rock|[from] move: Rapid Spin|[of] p1a: Torkoal\n|\n|-weather|SunnyDay|[upkeep]\n|-damage|p1a: Torkoal|70\/100 tox|[from] psn\n|upkeep\n|turn|7\n|\n|t:|1700007898\n|switch|p2a: Heatran|Heatran, M|100\/100\n|move|p1a: Torkoal|Stealth Rock|p2a: Heatran\n|-sidestart|p2: NikGk|move: Stealth Rock\n|\n|-weather|SunnyDay|[upkeep]\n|-damage|p1a: Torkoal|57\/100 tox|[from] psn\n|upkeep\n|turn|8\n|\n|t:|1700007904\n|switch|p1a: Walking Wake|Walking Wake|100\/100\n|-activate|p1a: Walking Wake|ability: Protosynthesis\n|-start|p1a: Walking Wake|protosynthesisspa\n|move|p2a: Heatran|Stealth Rock|p1a: Walking Wake\n|-sidestart|p1: DoubleWarp|move: Stealth Rock\n|\n|-weather|SunnyDay|[upkeep]\n|upkeep\n|turn|9\n|\n|t:|1700007914\n|move|p2a: Heatran|Protect|p2a: Heatran\n|-singleturn|p2a: Heatran|Protect\n|move|p1a: Walking Wake|Hydro Steam|p2a: Heatran\n|-activate|p2a: Heatran|move: Protect\n|\n|-weather|SunnyDay|[upkeep]\n|upkeep\n|turn|10\n|\n|t:|1700007929\n|-end|p1a: Walking Wake|Protosynthesis|[silent]\n|switch|p1a: Corviknight|Corviknight, F|100\/100\n|-damage|p1a: Corviknight|88\/100|[from] Stealth Rock\n|-ability|p1a: Corviknight|Pressure\n|switch|p2a: Gastrodon|Gastrodon, F|100\/100\n|-damage|p2a: Gastrodon|94\/100|[from] Stealth Rock\n|\n|-weather|SunnyDay|[upkeep]\n|-heal|p2a: Gastrodon|100\/100|[from] item: Leftovers\n|upkeep\n|turn|11\n|\n|t:|1700007944\n|move|p1a: Corviknight|U-turn|p2a: Gastrodon\n|-damage|p2a: Gastrodon|86\/100\n|\n|t:|1700007949\n|switch|p1a: Clodsire|Clodsire, F|100\/100|[from] U-turn\n|-damage|p1a: Clodsire|94\/100|[from] Stealth Rock\n|move|p2a: Gastrodon|Spikes|p1a: Clodsire\n|-sidestart|p1: DoubleWarp|Spikes\n|\n|-weather|SunnyDay|[upkeep]\n|-heal|p2a: Gastrodon|92\/100|[from] item: Leftovers\n|-heal|p1a: Clodsire|100\/100|[from] item: Leftovers\n|upkeep\n|turn|12\n|\n|t:|1700007967\n|move|p2a: Gastrodon|Earth Power|p1a: Clodsire\n|-supereffective|p1a: Clodsire\n|-damage|p1a: Clodsire|72\/100\n|move|p1a: Clodsire|Toxic|p2a: Gastrodon\n|-status|p2a: Gastrodon|tox\n|\n|-weather|SunnyDay|[upkeep]\n|-heal|p2a: Gastrodon|99\/100 tox|[from] item: Leftovers\n|-heal|p1a: Clodsire|78\/100|[from] item: Leftovers\n|-damage|p2a: Gastrodon|92\/100 tox|[from] psn\n|upkeep\n|turn|13\n|\n|t:|1700007979\n|switch|p2a: Rillaboom|Rillaboom, M|100\/100\n|-damage|p2a: Rillaboom|88\/100|[from] Stealth Rock\n|-fieldstart|move: Grassy Terrain|[from] ability: Grassy Surge|[of] p2a: Rillaboom\n|-enditem|p2a: Rillaboom|Grassy Seed\n|-boost|p2a: Rillaboom|def|1|[from] item: Grassy Seed\n|move|p1a: Clodsire|Earthquake|p2a: Rillaboom\n|-resisted|p2a: Rillaboom\n|-damage|p2a: Rillaboom|83\/100\n|\n|-weather|none\n|-heal|p2a: Rillaboom|89\/100|[from] Grassy Terrain\n|-heal|p1a: Clodsire|85\/100|[from] Grassy Terrain\n|-heal|p1a: Clodsire|91\/100|[from] item: Leftovers\n|upkeep\n|turn|14\n|\n|t:|1700007993\n|switch|p1a: Corviknight|Corviknight, F|88\/100\n|-damage|p1a: Corviknight|76\/100|[from] Stealth Rock\n|-ability|p1a: Corviknight|Pressure\n|move|p2a: Rillaboom|Grassy Glide|p1a: Corviknight\n|-resisted|p1a: Corviknight\n|-damage|p1a: Corviknight|71\/100\n|-damage|p2a: Rillaboom|72\/100|[from] item: Rocky Helmet|[of] p1a: Corviknight\n|\n|-heal|p2a: Rillaboom|79\/100|[from] Grassy Terrain\n|upkeep\n|turn|15\n|\n|t:|1700008005\n|switch|p2a: Heatran|Heatran, M|100\/100\n|-damage|p2a: Heatran|88\/100|[from] Stealth Rock\n|move|p1a: Corviknight|Defog|p2a: Heatran\n|-unboost|p2a: Heatran|evasion|1\n|-sideend|p2: NikGk|Stealth Rock|[from] move: Defog|[of] p1a: Corviknight\n|-sideend|p1: DoubleWarp|Spikes|[from] move: Defog|[of] p1a: Corviknight\n|-sideend|p1: DoubleWarp|Stealth Rock|[from] move: Defog|[of] p1a: Corviknight\n|-fieldend|move: Grassy Terrain\n|\n|-heal|p2a: Heatran|94\/100|[from] item: Leftovers\n|upkeep\n|turn|16\n|\n|t:|1700008020\n|switch|p1a: Clodsire|Clodsire, F|91\/100\n|move|p2a: Heatran|Magma Storm|p1a: Clodsire|[miss]\n|-miss|p2a: Heatran|p1a: Clodsire\n|\n|-heal|p2a: Heatran|100\/100|[from] item: Leftovers\n|-heal|p1a: Clodsire|97\/100|[from] item: Leftovers\n|upkeep\n|turn|17\n|\n|t:|1700008037\n|switch|p2a: Rillaboom|Rillaboom, M|79\/100\n|-fieldstart|move: Grassy Terrain|[from] ability: Grassy Surge|[of] p2a: Rillaboom\n|move|p1a: Clodsire|Spikes|p2a: Rillaboom\n|-sidestart|p2: NikGk|Spikes\n|\n|-heal|p2a: Rillaboom|85\/100|[from] Grassy Terrain\n|-heal|p1a: Clodsire|100\/100|[from] Grassy Terrain\n|upkeep\n|turn|18\n|\n|t:|1700008050\n|switch|p2a: Heatran|Heatran, M|100\/100\n|-damage|p2a: Heatran|88\/100|[from] Spikes\n|switch|p1a: Corviknight|Corviknight, F|71\/100\n|-ability|p1a: Corviknight|Pressure\n|\n|-heal|p2a: Heatran|94\/100|[from] Grassy Terrain\n|-heal|p2a: Heatran|100\/100|[from] item: Leftovers\n|upkeep\n|turn|19\n|\n|t:|1700008060\n|switch|p1a: Clodsire|Clodsire, F|100\/100\n|move|p2a: Heatran|Magma Storm|p1a: Clodsire|[miss]\n|-miss|p2a: Heatran|p1a: Clodsire\n|\n|upkeep\n|turn|20\n|\n|t:|1700008074\n|switch|p2a: Zarude|Zarude|100\/100\n|-damage|p2a: Zarude|88\/100|[from] Spikes\n|move|p1a: Clodsire|Earthquake|p2a: Zarude\n|-resisted|p2a: Zarude\n|-damage|p2a: Zarude|81\/100\n|\n|-heal|p2a: Zarude|87\/100|[from] Grassy Terrain\n|upkeep\n|turn|21\n|\n|t:|1700008084\n|switch|p2a: Heatran|Heatran, M|100\/100\n|-damage|p2a: Heatran|88\/100|[from] Spikes\n|switch|p1a: Corviknight|Corviknight, F|71\/100\n|-ability|p1a: Corviknight|Pressure\n|\n|-heal|p2a: Heatran|94\/100|[from] Grassy Terrain\n|-heal|p2a: Heatran|100\/100|[from] item: Leftovers\n|-fieldend|move: Grassy Terrain\n|upkeep\n|turn|22\n|\n|t:|1700008095\n|switch|p1a: Clodsire|Clodsire, F|100\/100\n|move|p2a: Heatran|Stealth Rock|p1a: Clodsire\n|-sidestart|p1: DoubleWarp|move: Stealth Rock\n|\n|upkeep\n|turn|23\n|\n|t:|1700008103\n|move|p2a: Heatran|Protect|p2a: Heatran\n|-singleturn|p2a: Heatran|Protect\n|move|p1a: Clodsire|Spikes|p2a: Heatran\n|-sidestart|p2: NikGk|Spikes\n|\n|upkeep\n|turn|24\n|\n|t:|1700008113\n|switch|p2a: Rillaboom|Rillaboom, M|85\/100\n|-damage|p2a: Rillaboom|68\/100|[from] Spikes\n|-fieldstart|move: Grassy Terrain|[from] ability: Grassy Surge|[of] p2a: Rillaboom\n|move|p1a: Clodsire|Spikes|p2a: Rillaboom\n|-sidestart|p2: NikGk|Spikes\n|\n|-heal|p2a: Rillaboom|74\/100|[from] Grassy Terrain\n|upkeep\n|turn|25\n|\n|t:|1700008122\n|switch|p1a: Corviknight|Corviknight, F|71\/100\n|-damage|p1a: Corviknight|59\/100|[from] Stealth Rock\n|-ability|p1a: Corviknight|Pressure\n|move|p2a: Rillaboom|Swords Dance|p2a: Rillaboom\n|-boost|p2a: Rillaboom|atk|2\n|\n|-heal|p2a: Rillaboom|81\/100|[from] Grassy Terrain\n|upkeep\n|turn|26\n|\n|t:|1700008132\n|switch|p2a: Mandibuzz|Mandibuzz, F|72\/100\n|move|p1a: Corviknight|Roost|p1a: Corviknight\n|-heal|p1a: Corviknight|100\/100\n|-singleturn|p1a: Corviknight|move: Roost\n|\n|upkeep\n|turn|27\n|\n|t:|1700008140\n|move|p2a: Mandibuzz|Defog|p1a: Corviknight\n|-unboost|p1a: Corviknight|evasion|1\n|-sideend|p1: DoubleWarp|Stealth Rock|[from] move: Defog|[of] p2a: Mandibuzz\n|-sideend|p2: NikGk|Spikes|[from] move: Defog|[of] p2a: Mandibuzz\n|-fieldend|move: Grassy Terrain\n|move|p1a: Corviknight|Brave Bird|p2a: Mandibuzz\n|-damage|p2a: Mandibuzz|52\/100\n|-damage|p1a: Corviknight|93\/100|[from] Recoil\n|\n|upkeep\n|turn|28\n|\n|t:|1700008149\n|move|p2a: Mandibuzz|Roost|p2a: Mandibuzz\n|-heal|p2a: Mandibuzz|100\/100\n|-singleturn|p2a: Mandibuzz|move: Roost\n|move|p1a: Corviknight|U-turn|p2a: Mandibuzz\n|-supereffective|p2a: Mandibuzz\n|-damage|p2a: Mandibuzz|83\/100\n|\n|t:|1700008152\n|switch|p1a: Torkoal|Torkoal, F|57\/100 tox|[from] U-turn\n|-weather|SunnyDay|[from] ability: Drought|[of] p1a: Torkoal\n|\n|-weather|SunnyDay|[upkeep]\n|-damage|p1a: Torkoal|51\/100 tox|[from] psn\n|upkeep\n|turn|29\n|\n|t:|1700008162\n|switch|p2a: Heatran|Heatran, M|100\/100\n|move|p1a: Torkoal|Stealth Rock|p2a: Heatran\n|-sidestart|p2: NikGk|move: Stealth Rock\n|\n|-weather|SunnyDay|[upkeep]\n|-damage|p1a: Torkoal|39\/100 tox|[from] psn\n|upkeep\n|turn|30\n|\n|t:|1700008168\n|move|p2a: Heatran|Stealth Rock|p1a: Torkoal\n|-sidestart|p1: DoubleWarp|move: Stealth Rock\n|move|p1a: Torkoal|Yawn|p2a: Heatran\n|-start|p2a: Heatran|move: Yawn|[of] p1a: Torkoal\n|\n|-weather|SunnyDay|[upkeep]\n|-damage|p1a: Torkoal|21\/100 tox|[from] psn\n|upkeep\n|turn|31\n|\n|t:|1700008176\n|move|p2a: Heatran|Protect|p2a: Heatran\n|-singleturn|p2a: Heatran|Protect\n|move|p1a: Torkoal|Rapid Spin|p2a: Heatran\n|-activate|p2a: Heatran|move: Protect\n|\n|-weather|SunnyDay|[upkeep]\n|-damage|p1a: Torkoal|0 fnt|[from] psn\n|faint|p1a: Torkoal\n|-end|p2a: Heatran|move: Yawn|[silent]\n|-status|p2a: Heatran|slp\n|upkeep\n|\n|t:|1700008182\n|switch|p1a: Walking Wake|Walking Wake|100\/100\n|-damage|p1a: Walking Wake|88\/100|[from] Stealth Rock\n|-activate|p1a: Walking Wake|ability: Protosynthesis\n|-start|p1a: Walking Wake|protosynthesisspa\n|turn|32\n|\n|t:|1700008190\n|cant|p2a: Heatran|slp\n|move|p1a: Walking Wake|Dragon Pulse|p2a: Heatran\n|-resisted|p2a: Heatran\n|-damage|p2a: Heatran|69\/100 slp\n|\n|-weather|SunnyDay|[upkeep]\n|-heal|p2a: Heatran|75\/100 slp|[from] item: Leftovers\n|upkeep\n|turn|33\n|\n|t:|1700008197\n|-curestatus|p2a: Heatran|slp|[msg]\n|move|p2a: Heatran|Protect|p2a: Heatran\n|-singleturn|p2a: Heatran|Protect\n|move|p1a: Walking Wake|Dragon Pulse|p2a: Heatran\n|-activate|p2a: Heatran|move: Protect\n|\n|-weather|SunnyDay|[upkeep]\n|-heal|p2a: Heatran|82\/100|[from] item: Leftovers\n|upkeep\n|turn|34\n|\n|t:|1700008212\n|-end|p1a: Walking Wake|Protosynthesis|[silent]\n|switch|p1a: Clodsire|Clodsire, F|100\/100\n|-damage|p1a: Clodsire|94\/100|[from] Stealth Rock\n|move|p2a: Heatran|Power Gem|p1a: Clodsire\n|-resisted|p1a: Clodsire\n|-damage|p1a: Clodsire|88\/100\n|\n|-weather|SunnyDay|[upkeep]\n|-heal|p2a: Heatran|88\/100|[from] item: Leftovers\n|-heal|p1a: Clodsire|94\/100|[from] item: Leftovers\n|upkeep\n|turn|35\n|\n|t:|1700008226\n|switch|p2a: Mandibuzz|Mandibuzz, F|83\/100\n|move|p1a: Clodsire|Earthquake|p2a: Mandibuzz\n|-immune|p2a: Mandibuzz\n|\n|-weather|none\n|-heal|p1a: Clodsire|99\/100|[from] item: Leftovers\n|upkeep\n|turn|36\n|\n|t:|1700008234\n|-terastallize|p2a: Mandibuzz|Poison\n|move|p2a: Mandibuzz|Foul Play|p1a: Clodsire\n|-damage|p1a: Clodsire|71\/100\n|move|p1a: Clodsire|Toxic|p2a: Mandibuzz\n|-immune|p2a: Mandibuzz\n|\n|-heal|p1a: Clodsire|77\/100|[from] item: Leftovers\n|upkeep\n|turn|37\n|\n|t:|1700008242\n|move|p2a: Mandibuzz|Foul Play|p1a: Clodsire\n|-damage|p1a: Clodsire|46\/100\n|move|p1a: Clodsire|Earthquake|p2a: Mandibuzz\n|-supereffective|p2a: Mandibuzz\n|-damage|p2a: Mandibuzz|51\/100\n|\n|-heal|p1a: Clodsire|52\/100|[from] item: Leftovers\n|upkeep\n|turn|38\n|\n|t:|1700008254\n|move|p2a: Mandibuzz|Roost|p2a: Mandibuzz\n|-heal|p2a: Mandibuzz|100\/100\n|move|p1a: Clodsire|Recover|p1a: Clodsire\n|-heal|p1a: Clodsire|100\/100\n|\n|upkeep\n|turn|39\n|\n|t:|1700008262\n|switch|p1a: Corviknight|Corviknight, F|93\/100\n|-damage|p1a: Corviknight|81\/100|[from] Stealth Rock\n|-ability|p1a: Corviknight|Pressure\n|move|p2a: Mandibuzz|Foul Play|p1a: Corviknight\n|-damage|p1a: Corviknight|63\/100\n|-damage|p2a: Mandibuzz|84\/100|[from] item: Rocky Helmet|[of] p1a: Corviknight\n|\n|upkeep\n|turn|40\n|\n|t:|1700008273\n|switch|p2a: Heatran|Heatran, M|88\/100\n|-damage|p2a: Heatran|75\/100|[from] Stealth Rock\n|move|p1a: Corviknight|Roost|p1a: Corviknight\n|-heal|p1a: Corviknight|100\/100\n|-singleturn|p1a: Corviknight|move: Roost\n|\n|-heal|p2a: Heatran|82\/100|[from] item: Leftovers\n|upkeep\n|turn|41\n|\n|t:|1700008287\n|switch|p1a: Clodsire|Clodsire, F|100\/100\n|-damage|p1a: Clodsire|94\/100|[from] Stealth Rock\n|move|p2a: Heatran|Magma Storm|p1a: Clodsire\n|-damage|p1a: Clodsire|73\/100\n|-activate|p1a: Clodsire|move: Magma Storm|[of] p2a: Heatran\n|\n|-heal|p2a: Heatran|88\/100|[from] item: Leftovers\n|-heal|p1a: Clodsire|79\/100|[from] item: Leftovers\n|-damage|p1a: Clodsire|66\/100|[from] move: Magma Storm|[partiallytrapped]\n|upkeep\n|turn|42\n|\n|t:|1700008299\n|switch|p2a: Zarude|Zarude|87\/100\n|-damage|p2a: Zarude|75\/100|[from] Stealth Rock\n|move|p1a: Clodsire|Earthquake|p2a: Zarude\n|-resisted|p2a: Zarude\n|-damage|p2a: Zarude|62\/100\n|\n|-heal|p1a: Clodsire|73\/100|[from] item: Leftovers\n|-end|p1a: Clodsire|Magma Storm|[partiallytrapped]|[silent]\n|upkeep\n|turn|43\n|\n|t:|1700008314\n|switch|p1a: Corviknight|Corviknight, F|100\/100\n|-damage|p1a: Corviknight|88\/100|[from] Stealth Rock\n|-ability|p1a: Corviknight|Pressure\n|move|p2a: Zarude|Knock Off|p1a: Corviknight\n|-damage|p1a: Corviknight|57\/100\n|-damage|p2a: Zarude|46\/100|[from] item: Rocky Helmet|[of] p1a: Corviknight\n|-enditem|p1a: Corviknight|Rocky Helmet|[from] move: Knock Off|[of] p2a: Zarude\n|\n|upkeep\n|turn|44\n|\n|t:|1700008332\n|move|p2a: Zarude|U-turn|p1a: Corviknight\n|-resisted|p1a: Corviknight\n|-damage|p1a: Corviknight|53\/100\n|\n|t:|1700008336\n|switch|p2a: Heatran|Heatran, M|88\/100|[from] U-turn\n|-damage|p2a: Heatran|75\/100|[from] Stealth Rock\n|move|p1a: Corviknight|Roost|p1a: Corviknight\n|-heal|p1a: Corviknight|100\/100\n|-singleturn|p1a: Corviknight|move: Roost\n|\n|-heal|p2a: Heatran|82\/100|[from] item: Leftovers\n|upkeep\n|turn|45\n|\n|t:|1700008364\n|switch|p2a: Mandibuzz|Mandibuzz, F, tera:Poison|84\/100\n|switch|p1a: Clodsire|Clodsire, F|73\/100\n|-damage|p1a: Clodsire|66\/100|[from] Stealth Rock\n|\n|-heal|p1a: Clodsire|73\/100|[from] item: Leftovers\n|upkeep\n|turn|46\n|\n|t:|1700008372\n|move|p2a: Mandibuzz|Foul Play|p1a: Clodsire\n|-damage|p1a: Clodsire|41\/100\n|move|p1a: Clodsire|Recover|p1a: Clodsire\n|-heal|p1a: Clodsire|91\/100\n|\n|-heal|p1a: Clodsire|98\/100|[from] item: Leftovers\n|upkeep\n|turn|47\n|\n|t:|1700008378\n|switch|p1a: Corviknight|Corviknight, F|100\/100\n|-damage|p1a: Corviknight|88\/100|[from] Stealth Rock\n|-ability|p1a: Corviknight|Pressure\n|move|p2a: Mandibuzz|Foul Play|p1a: Corviknight\n|-damage|p1a: Corviknight|71\/100\n|\n|upkeep\n|turn|48\n|\n|t:|1700008388\n|switch|p2a: Heatran|Heatran, M|82\/100\n|-damage|p2a: Heatran|69\/100|[from] Stealth Rock\n|move|p1a: Corviknight|Brave Bird|p2a: Heatran\n|-resisted|p2a: Heatran\n|-damage|p2a: Heatran|57\/100\n|-damage|p1a: Corviknight|67\/100|[from] Recoil\n|\n|-heal|p2a: Heatran|63\/100|[from] item: Leftovers\n|upkeep\n|turn|49\n|\n|t:|1700008408\n|switch|p2a: Gastrodon|Gastrodon, F|92\/100 tox\n|-damage|p2a: Gastrodon|86\/100 tox|[from] Stealth Rock\n|switch|p1a: Clodsire|Clodsire, F|98\/100\n|-damage|p1a: Clodsire|91\/100|[from] Stealth Rock\n|\n|-heal|p2a: Gastrodon|92\/100 tox|[from] item: Leftovers\n|-heal|p1a: Clodsire|98\/100|[from] item: Leftovers\n|-damage|p2a: Gastrodon|86\/100 tox|[from] psn\n|upkeep\n|turn|50\n|\n|t:|1700008419\n|move|p2a: Gastrodon|Spikes|p1a: Clodsire\n|-sidestart|p1: DoubleWarp|Spikes\n|move|p1a: Clodsire|Spikes|p2a: Gastrodon\n|-sidestart|p2: NikGk|Spikes\n|\n|-heal|p2a: Gastrodon|92\/100 tox|[from] item: Leftovers\n|-heal|p1a: Clodsire|100\/100|[from] item: Leftovers\n|-damage|p2a: Gastrodon|80\/100 tox|[from] psn\n|upkeep\n|turn|51\n|\n|t:|1700008427\n|move|p2a: Gastrodon|Spikes|p1a: Clodsire\n|-sidestart|p1: DoubleWarp|Spikes\n|move|p1a: Clodsire|Spikes|p2a: Gastrodon\n|-sidestart|p2: NikGk|Spikes\n|\n|-heal|p2a: Gastrodon|86\/100 tox|[from] item: Leftovers\n|-damage|p2a: Gastrodon|68\/100 tox|[from] psn\n|upkeep\n|turn|52\n|\n|t:|1700008433\n|move|p2a: Gastrodon|Spikes|p1a: Clodsire\n|-sidestart|p1: DoubleWarp|Spikes\n|move|p1a: Clodsire|Spikes|p2a: Gastrodon\n|-sidestart|p2: NikGk|Spikes\n|\n|-heal|p2a: Gastrodon|74\/100 tox|[from] item: Leftovers\n|-damage|p2a: Gastrodon|49\/100 tox|[from] psn\n|upkeep\n|turn|53\n|\n|t:|1700008440\n|move|p2a: Gastrodon|Recover|p2a: Gastrodon\n|-heal|p2a: Gastrodon|99\/100 tox\n|move|p1a: Clodsire|Earthquake|p2a: Gastrodon\n|-damage|p2a: Gastrodon|72\/100 tox\n|\n|-heal|p2a: Gastrodon|78\/100 tox|[from] item: Leftovers\n|-damage|p2a: Gastrodon|47\/100 tox|[from] psn\n|upkeep\n|turn|54\n|\n|t:|1700008448\n|move|p2a: Gastrodon|Recover|p2a: Gastrodon\n|-heal|p2a: Gastrodon|97\/100 tox\n|move|p1a: Clodsire|Earthquake|p2a: Gastrodon\n|-damage|p2a: Gastrodon|66\/100 tox\n|\n|-heal|p2a: Gastrodon|73\/100 tox|[from] item: Leftovers\n|-damage|p2a: Gastrodon|35\/100 tox|[from] psn\n|upkeep\n|turn|55\n|\n|t:|1700008456\n|move|p2a: Gastrodon|Recover|p2a: Gastrodon\n|-heal|p2a: Gastrodon|85\/100 tox\n|move|p1a: Clodsire|Earthquake|p2a: Gastrodon\n|-damage|p2a: Gastrodon|55\/100 tox\n|\n|-heal|p2a: Gastrodon|61\/100 tox|[from] item: Leftovers\n|-damage|p2a: Gastrodon|17\/100 tox|[from] psn\n|upkeep\n|turn|56\n|\n|t:|1700008463\n|move|p2a: Gastrodon|Recover|p2a: Gastrodon\n|-heal|p2a: Gastrodon|67\/100 tox\n|move|p1a: Clodsire|Earthquake|p2a: Gastrodon\n|-damage|p2a: Gastrodon|37\/100 tox\n|\n|-heal|p2a: Gastrodon|43\/100 tox|[from] item: Leftovers\n|-damage|p2a: Gastrodon|0 fnt|[from] psn\n|faint|p2a: Gastrodon\n|upkeep\n|\n|t:|1700008475\n|switch|p2a: Mandibuzz|Mandibuzz, F, tera:Poison|84\/100\n|turn|57\n|\n|t:|1700008493\n|switch|p1a: Corviknight|Corviknight, F|67\/100\n|-damage|p1a: Corviknight|55\/100|[from] Stealth Rock\n|-ability|p1a: Corviknight|Pressure\n|move|p2a: Mandibuzz|Defog|p1a: Corviknight\n|-unboost|p1a: Corviknight|evasion|1\n|-sideend|p1: DoubleWarp|Spikes|[from] move: Defog|[of] p2a: Mandibuzz\n|-sideend|p1: DoubleWarp|Stealth Rock|[from] move: Defog|[of] p2a: Mandibuzz\n|-sideend|p2: NikGk|Spikes|[from] move: Defog|[of] p2a: Mandibuzz\n|-sideend|p2: NikGk|Stealth Rock|[from] move: Defog|[of] p2a: Mandibuzz\n|\n|upkeep\n|turn|58\n|\n|t:|1700008502\n|switch|p2a: Heatran|Heatran, M|63\/100\n|move|p1a: Corviknight|Roost|p1a: Corviknight\n|-heal|p1a: Corviknight|100\/100\n|-singleturn|p1a: Corviknight|move: Roost\n|\n|-heal|p2a: Heatran|69\/100|[from] item: Leftovers\n|upkeep\n|turn|59\n|\n|t:|1700008510\n|switch|p1a: Clodsire|Clodsire, F|100\/100\n|move|p2a: Heatran|Stealth Rock|p1a: Clodsire\n|-sidestart|p1: DoubleWarp|move: Stealth Rock\n|\n|-heal|p2a: Heatran|75\/100|[from] item: Leftovers\n|upkeep\n|turn|60\n|\n|t:|1700008520\n|switch|p2a: Mandibuzz|Mandibuzz, F, tera:Poison|84\/100\n|move|p1a: Clodsire|Spikes|p2a: Mandibuzz\n|-sidestart|p2: NikGk|Spikes\n|\n|upkeep\n|turn|61\n|\n|t:|1700008529\n|switch|p2a: Rillaboom|Rillaboom, M|81\/100\n|-damage|p2a: Rillaboom|68\/100|[from] Spikes\n|-fieldstart|move: Grassy Terrain|[from] ability: Grassy Surge|[of] p2a: Rillaboom\n|switch|p1a: Corviknight|Corviknight, F|100\/100\n|-damage|p1a: Corviknight|88\/100|[from] Stealth Rock\n|-ability|p1a: Corviknight|Pressure\n|\n|-heal|p2a: Rillaboom|74\/100|[from] Grassy Terrain\n|upkeep\n|turn|62\n|\n|t:|1700008542\n|switch|p2a: Heatran|Heatran, M|75\/100\n|-damage|p2a: Heatran|63\/100|[from] Spikes\n|move|p1a: Corviknight|U-turn|p2a: Heatran\n|-resisted|p2a: Heatran\n|-damage|p2a: Heatran|60\/100\n|\n|t:|1700008548\n|switch|p1a: Walking Wake|Walking Wake|88\/100|[from] U-turn\n|-damage|p1a: Walking Wake|76\/100|[from] Stealth Rock\n|\n|-heal|p1a: Walking Wake|82\/100|[from] Grassy Terrain\n|-heal|p2a: Heatran|67\/100|[from] Grassy Terrain\n|-heal|p2a: Heatran|73\/100|[from] item: Leftovers\n|upkeep\n|turn|63\n|\n|t:|1700008557\n|move|p2a: Heatran|Protect|p2a: Heatran\n|-singleturn|p2a: Heatran|Protect\n|move|p1a: Walking Wake|Hydro Steam|p2a: Heatran\n|-activate|p2a: Heatran|move: Protect\n|\n|-heal|p1a: Walking Wake|88\/100|[from] Grassy Terrain\n|-heal|p2a: Heatran|79\/100|[from] Grassy Terrain\n|-heal|p2a: Heatran|85\/100|[from] item: Leftovers\n|upkeep\n|turn|64\n|\n|t:|1700008571\n|switch|p2a: Rillaboom|Rillaboom, M|74\/100\n|-damage|p2a: Rillaboom|62\/100|[from] Spikes\n|move|p1a: Walking Wake|Hydro Steam|p2a: Rillaboom\n|-resisted|p2a: Rillaboom\n|-damage|p2a: Rillaboom|25\/100\n|\n|-heal|p1a: Walking Wake|94\/100|[from] Grassy Terrain\n|-heal|p2a: Rillaboom|31\/100|[from] Grassy Terrain\n|upkeep\n|turn|65\n|\n|t:|1700008581\n|-end|p1a: Walking Wake|Protosynthesis|[silent]\n|switch|p1a: Corviknight|Corviknight, F|88\/100\n|-damage|p1a: Corviknight|76\/100|[from] Stealth Rock\n|-ability|p1a: Corviknight|Pressure\n|move|p2a: Rillaboom|Grassy Glide|p1a: Corviknight\n|-resisted|p1a: Corviknight\n|-damage|p1a: Corviknight|70\/100\n|\n|-heal|p2a: Rillaboom|37\/100|[from] Grassy Terrain\n|-fieldend|move: Grassy Terrain\n|upkeep\n|turn|66\n|\n|t:|1700008594\n|switch|p2a: Heatran|Heatran, M|85\/100\n|-damage|p2a: Heatran|73\/100|[from] Spikes\n|move|p1a: Corviknight|U-turn|p2a: Heatran\n|-resisted|p2a: Heatran\n|-damage|p2a: Heatran|70\/100\n|\n|t:|1700008600\n|switch|p1a: Walking Wake|Walking Wake|94\/100|[from] U-turn\n|-damage|p1a: Walking Wake|82\/100|[from] Stealth Rock\n|\n|-heal|p2a: Heatran|76\/100|[from] item: Leftovers\n|upkeep\n|turn|67\n|\n|t:|1700008612\n|move|p1a: Walking Wake|Hydro Steam|p2a: Heatran\n|-supereffective|p2a: Heatran\n|-damage|p2a: Heatran|0 fnt\n|faint|p2a: Heatran\n|\n|upkeep\n|\n|t:|1700008616\n|switch|p2a: Iron Valiant|Iron Valiant|100\/100\n|-damage|p2a: Iron Valiant|88\/100|[from] Spikes\n|turn|68\n|\n|t:|1700008627\n|-terastallize|p1a: Walking Wake|Water\n|move|p2a: Iron Valiant|Moonblast|p1a: Walking Wake\n|-damage|p1a: Walking Wake|0 fnt\n|faint|p1a: Walking Wake\n|-end|p1a: Walking Wake|Protosynthesis|[silent]\n|\n|upkeep\n|\n|t:|1700008632\n|switch|p1a: Corviknight|Corviknight, F|70\/100\n|-damage|p1a: Corviknight|58\/100|[from] Stealth Rock\n|-ability|p1a: Corviknight|Pressure\n|turn|69\n|\n|t:|1700008639\n|-end|p2a: Iron Valiant|Quark Drive|[silent]\n|switch|p2a: Mandibuzz|Mandibuzz, F, tera:Poison|84\/100\n|move|p1a: Corviknight|Roost|p1a: Corviknight\n|-heal|p1a: Corviknight|100\/100\n|-singleturn|p1a: Corviknight|move: Roost\n|\n|upkeep\n|turn|70\n|\n|t:|1700008666\n|move|p2a: Mandibuzz|Defog|p1a: Corviknight\n|-unboost|p1a: Corviknight|evasion|1\n|-sideend|p1: DoubleWarp|Stealth Rock|[from] move: Defog|[of] p2a: Mandibuzz\n|-sideend|p2: NikGk|Spikes|[from] move: Defog|[of] p2a: Mandibuzz\n|move|p1a: Corviknight|Defog|p2a: Mandibuzz\n|-unboost|p2a: Mandibuzz|evasion|1\n|\n|upkeep\n|turn|71\n|\n|t:|1700008675\n|switch|p2a: Rillaboom|Rillaboom, M|37\/100\n|-fieldstart|move: Grassy Terrain|[from] ability: Grassy Surge|[of] p2a: Rillaboom\n|move|p1a: Corviknight|Brave Bird|p2a: Rillaboom\n|-supereffective|p2a: Rillaboom\n|-damage|p2a: Rillaboom|0 fnt\n|faint|p2a: Rillaboom\n|-damage|p1a: Corviknight|90\/100|[from] Recoil\n|\n|upkeep\n|\n|t:|1700008685\n|switch|p2a: Iron Valiant|Iron Valiant|88\/100\n|turn|72\n|\n|t:|1700008689\n|move|p2a: Iron Valiant|Thunderbolt|p1a: Corviknight\n|-supereffective|p1a: Corviknight\n|-damage|p1a: Corviknight|0 fnt\n|faint|p1a: Corviknight\n|\n|-heal|p2a: Iron Valiant|94\/100|[from] Grassy Terrain\n|upkeep\n|\n|t:|1700008695\n|switch|p1a: Clodsire|Clodsire, F|100\/100\n|turn|73\n|\n|t:|1700008705\n|-end|p2a: Iron Valiant|Quark Drive|[silent]\n|switch|p2a: Zarude|Zarude|46\/100\n|move|p1a: Clodsire|Spikes|p2a: Zarude\n|-sidestart|p2: NikGk|Spikes\n|\n|-heal|p2a: Zarude|51\/100|[from] Grassy Terrain\n|upkeep\n|turn|74\n|\n|t:|1700008712\n|move|p2a: Zarude|Power Whip|p1a: Clodsire\n|-damage|p1a: Clodsire|0 fnt\n|faint|p1a: Clodsire\n|\n|-heal|p2a: Zarude|57\/100|[from] Grassy Terrain\n|upkeep\n|\n|t:|1700008716\n|switch|p1a: Kingambit|Kingambit, M|100\/100\n|-activate|p1a: Kingambit|ability: Supreme Overlord\n|-start|p1a: Kingambit|fallen5|[silent]\n|turn|75\n|\n|t:|1700008723\n|switch|p2a: Mandibuzz|Mandibuzz, F, tera:Poison|84\/100\n|move|p1a: Kingambit|Low Kick|p2a: Mandibuzz\n|-resisted|p2a: Mandibuzz\n|-damage|p2a: Mandibuzz|74\/100\n|\n|-heal|p2a: Mandibuzz|80\/100|[from] Grassy Terrain\n|-fieldend|move: Grassy Terrain\n|upkeep\n|turn|76\n|\n|t:|1700008731\n|move|p1a: Kingambit|Swords Dance|p1a: Kingambit\n|-boost|p1a: Kingambit|atk|2\n|move|p2a: Mandibuzz|Foul Play|p1a: Kingambit\n|-resisted|p1a: Kingambit\n|-damage|p1a: Kingambit|53\/100\n|\n|upkeep\n|turn|77\n|\n|t:|1700008737\n|move|p1a: Kingambit|Kowtow Cleave|p2a: Mandibuzz\n|-damage|p2a: Mandibuzz|0 fnt\n|faint|p2a: Mandibuzz\n|\n|upkeep\n|\n|t:|1700008743\n|switch|p2a: Iron Valiant|Iron Valiant|94\/100\n|-damage|p2a: Iron Valiant|82\/100|[from] Spikes\n|turn|78\n|\n|t:|1700008750\n|move|p1a: Kingambit|Sucker Punch|p2a: Iron Valiant\n|-resisted|p2a: Iron Valiant\n|-damage|p2a: Iron Valiant|34\/100\n|move|p2a: Iron Valiant|Moonblast|p1a: Kingambit\n|-damage|p1a: Kingambit|0 fnt\n|faint|p1a: Kingambit\n|-end|p1a: Kingambit|fallen5|[silent]\n|\n|win|NikGk\n|raw|DoubleWarp's rating: 1484 &rarr; <strong>1459<\/strong><br \/>(-25 for losing)\n|raw|NikGk's rating: 1393 &rarr; <strong>1418<\/strong><br \/>(+25 for winning)\n|c|\u2606NikGk|gg\n|c|\u2606DoubleWarp|gg\n|l|\u2606DoubleWarp\n","uploadtime":1700008871,"views":19,"p1id":"doublewarp","p2id":"nikgk","formatid":"gen9ou","rating":1418,"private":0,"password":""}