{"id":"gen9ou-1997758765","p1":"PixalBorg","p2":"Imanjoneser","format":"[Gen 9] OU","log":"|j|\u2606PixalBorg\n|j|\u2606Imanjoneser\n|t:|1700849588\n|gametype|singles\n|player|p1|PixalBorg|101|1019\n|player|p2|Imanjoneser|bugcatcher-gen4dp|1127\n|teamsize|p1|6\n|teamsize|p2|6\n|gen|9\n|tier|[Gen 9] OU\n|rated|\n|rule|Sleep Clause Mod: Limit one foe put to sleep\n|rule|Species Clause: Limit one of each Pok\u00e9mon\n|rule|OHKO Clause: OHKO moves are banned\n|rule|Evasion Items Clause: Evasion items are banned\n|rule|Evasion Moves Clause: Evasion moves are banned\n|rule|Endless Battle Clause: Forcing endless battles is banned\n|rule|HP Percentage Mod: HP is shown in percentages\n|clearpoke\n|poke|p1|Cinderace, M|\n|poke|p1|Garchomp, M|\n|poke|p1|Kingambit, M|\n|poke|p1|Greninja-*, M|\n|poke|p1|Corviknight, M|\n|poke|p1|Rillaboom, F|\n|poke|p2|Noivern, M|\n|poke|p2|Cinderace, F|\n|poke|p2|Maushold-Four|\n|poke|p2|Chesnaught, M|\n|poke|p2|Grafaiai, F|\n|poke|p2|Eelektross, M|\n|teampreview\n|inactive|Battle timer is ON: inactive players will automatically lose when time's up. (requested by PixalBorg)\n|\n|t:|1700849594\n|start\n|switch|p1a: Greninja|Greninja, M|100\/100\n|switch|p2a: Grafaiai|Grafaiai, F, shiny|100\/100\n|turn|1\n|\n|t:|1700849602\n|move|p1a: Greninja|Toxic Spikes|p2a: Grafaiai\n|-sidestart|p2: Imanjoneser|move: Toxic Spikes\n|move|p2a: Grafaiai|Super Fang|p1a: Greninja\n|-damage|p1a: Greninja|51\/100\n|-damage|p2a: Grafaiai|84\/100|[from] item: Rocky Helmet|[of] p1a: Greninja\n|\n|upkeep\n|turn|2\n|\n|t:|1700849613\n|switch|p2a: Eelektross|Eelektross, M, shiny|100\/100\n|move|p1a: Greninja|Spikes|p2a: Eelektross\n|-sidestart|p2: Imanjoneser|Spikes\n|\n|upkeep\n|turn|3\n|\n|t:|1700849625\n|move|p1a: Greninja|Spikes|p2a: Eelektross\n|-sidestart|p2: Imanjoneser|Spikes\n|move|p2a: Eelektross|Thunder Punch|p1a: Greninja\n|-supereffective|p1a: Greninja\n|-damage|p1a: Greninja|0 fnt\n|-damage|p2a: Eelektross|84\/100|[from] item: Rocky Helmet|[of] p1a: Greninja\n|faint|p1a: Greninja\n|\n|-heal|p2a: Eelektross|90\/100|[from] item: Leftovers\n|upkeep\n|\n|t:|1700849633\n|switch|p1a: Cinderace|Cinderace, M, shiny|100\/100\n|turn|4\n|\n|t:|1700849637\n|switch|p2a: Grafaiai|Grafaiai, F, shiny|84\/100\n|-sideend|p2: Imanjoneser|move: Toxic Spikes|[of] p2a: Grafaiai\n|-damage|p2a: Grafaiai|68\/100|[from] Spikes\n|move|p1a: Cinderace|Pyro Ball|p2a: Grafaiai|[miss]\n|-miss|p1a: Cinderace|p2a: Grafaiai\n|\n|upkeep\n|turn|5\n|\n|t:|1700849648\n|move|p2a: Grafaiai|Scary Face|p1a: Cinderace\n|-unboost|p1a: Cinderace|spe|2\n|move|p1a: Cinderace|Pyro Ball|p2a: Grafaiai\n|-damage|p2a: Grafaiai|0 fnt\n|faint|p2a: Grafaiai\n|\n|upkeep\n|\n|t:|1700849659\n|switch|p2a: Eelektross|Eelektross, M, shiny|90\/100\n|turn|6\n|\n|t:|1700849663\n|move|p1a: Cinderace|Pyro Ball|p2a: Eelektross\n|-damage|p2a: Eelektross|0 fnt\n|faint|p2a: Eelektross\n|\n|upkeep\n|\n|t:|1700849679\n|switch|p2a: Noivern|Noivern, M, shiny|100\/100\n|turn|7\n|\n|t:|1700849685\n|move|p2a: Noivern|Super Fang|p1a: Cinderace\n|-damage|p1a: Cinderace|51\/100\n|move|p1a: Cinderace|Pyro Ball|p2a: Noivern\n|-resisted|p2a: Noivern\n|-damage|p2a: Noivern|47\/100\n|\n|upkeep\n|turn|8\n|\n|t:|1700849697\n|-terastallize|p1a: Cinderace|Water\n|move|p2a: Noivern|Air Slash|p1a: Cinderace\n|-damage|p1a: Cinderace|7\/100\n|cant|p1a: Cinderace|flinch\n|\n|upkeep\n|turn|9\n|\n|t:|1700849710\n|switch|p1a: Corviknight|Corviknight, M, shiny|100\/100\n|move|p2a: Noivern|Air Slash|p1a: Corviknight\n|-resisted|p1a: Corviknight\n|-damage|p1a: Corviknight|86\/100\n|\n|-heal|p1a: Corviknight|92\/100|[from] item: Leftovers\n|upkeep\n|turn|10\n|\n|t:|1700849720\n|move|p2a: Noivern|Flamethrower|p1a: Corviknight\n|-supereffective|p1a: Corviknight\n|-damage|p1a: Corviknight|43\/100\n|move|p1a: Corviknight|Iron Head|p2a: Noivern\n|-damage|p2a: Noivern|5\/100\n|\n|-heal|p1a: Corviknight|49\/100|[from] item: Leftovers\n|upkeep\n|turn|11\n|\n|t:|1700849732\n|move|p2a: Noivern|Flamethrower|p1a: Corviknight\n|-supereffective|p1a: Corviknight\n|-damage|p1a: Corviknight|0 fnt\n|faint|p1a: Corviknight\n|\n|upkeep\n|\n|t:|1700849738\n|switch|p1a: Garchomp|Garchomp, M|100\/100\n|turn|12\n|\n|t:|1700849744\n|move|p2a: Noivern|Super Fang|p1a: Garchomp\n|-damage|p1a: Garchomp|51\/100\n|-damage|p2a: Noivern|0 fnt|[from] ability: Rough Skin|[of] p1a: Garchomp\n|faint|p2a: Noivern\n|move|p1a: Garchomp|Dragon Claw|p2: Noivern|[notarget]\n|-fail|p1a: Garchomp\n|\n|upkeep\n|\n|t:|1700849765\n|switch|p2a: Chesnaught|Chesnaught, M, shiny|100\/100\n|-damage|p2a: Chesnaught|84\/100|[from] Spikes\n|turn|13\n|\n|t:|1700849778\n|move|p1a: Garchomp|Dragon Claw|p2a: Chesnaught\n|-damage|p2a: Chesnaught|53\/100\n|-damage|p1a: Garchomp|34\/100|[from] item: Rocky Helmet|[of] p2a: Chesnaught\n|move|p2a: Chesnaught|Leech Seed|p1a: Garchomp\n|-start|p1a: Garchomp|move: Leech Seed\n|\n|-damage|p1a: Garchomp|22\/100|[from] Leech Seed|[of] p2a: Chesnaught\n|-heal|p2a: Chesnaught|65\/100|[silent]\n|upkeep\n|turn|14\n|\n|t:|1700849787\n|move|p2a: Chesnaught|Spiky Shield|p2a: Chesnaught\n|-singleturn|p2a: Chesnaught|move: Protect\n|move|p1a: Garchomp|Dragon Tail|p2a: Chesnaught\n|-activate|p2a: Chesnaught|move: Protect\n|-damage|p1a: Garchomp|9\/100|[from] Spiky Shield|[of] p2a: Chesnaught\n|\n|-damage|p1a: Garchomp|0 fnt|[from] Leech Seed|[of] p2a: Chesnaught\n|-heal|p2a: Chesnaught|73\/100|[silent]\n|faint|p1a: Garchomp\n|upkeep\n|\n|t:|1700849795\n|switch|p1a: Cinderace|Cinderace, M, shiny, tera:Water|7\/100\n|turn|15\n|\n|t:|1700849807\n|switch|p2a: Maushold|Maushold-Four, shiny|100\/100\n|-damage|p2a: Maushold|84\/100|[from] Spikes\n|move|p1a: Cinderace|Pyro Ball|p2a: Maushold\n|-damage|p2a: Maushold|0 fnt\n|faint|p2a: Maushold\n|\n|upkeep\n|\n|t:|1700849816\n|switch|p2a: Cinderace|Cinderace, F, shiny|100\/100\n|-damage|p2a: Cinderace|84\/100|[from] Spikes\n|turn|16\n|\n|t:|1700849823\n|move|p1a: Cinderace|Pyro Ball|p2a: Cinderace\n|-resisted|p2a: Cinderace\n|-damage|p2a: Cinderace|26\/100\n|move|p2a: Cinderace|Pyro Ball|p1a: Cinderace\n|-resisted|p1a: Cinderace\n|-damage|p1a: Cinderace|0 fnt\n|faint|p1a: Cinderace\n|\n|upkeep\n|\n|t:|1700849835\n|switch|p1a: Rillaboom|Rillaboom, F|100\/100\n|turn|17\n|\n|t:|1700849839\n|move|p2a: Cinderace|Pyro Ball|p1a: Rillaboom\n|-supereffective|p1a: Rillaboom\n|-damage|p1a: Rillaboom|0 fnt\n|faint|p1a: Rillaboom\n|\n|upkeep\n|\n|t:|1700849842\n|switch|p1a: Kingambit|Kingambit, M|100\/100\n|-activate|p1a: Kingambit|ability: Supreme Overlord\n|-start|p1a: Kingambit|fallen5|[silent]\n|turn|18\n|c|\u2606Imanjoneser|NICE!\n|c|\u2606Imanjoneser|Well done Cinderace\n|c|\u2606Imanjoneser|Got us the W!\n|c|\u2606PixalBorg|shut up\n|c|\u2606Imanjoneser|Excuse me?\n|inactive|Imanjoneser has 120 seconds left.\n|c|\u2606PixalBorg|shut up and play the game 5 year old\n|c|\u2606Imanjoneser|I wanted to channel my inner ash so you shut up\n|c|\u2606PixalBorg|LMAO\n|c|\u2606Imanjoneser|X\n|c|\u2606Imanjoneser|XD\n|c|\u2606PixalBorg|BLUD IS LEGIT LIKE 5\n|inactive|Imanjoneser has 90 seconds left.\n|c|\u2606Imanjoneser|Yeaaaaah I'm not though\n|c|\u2606PixalBorg|how old r u then\n|c|\u2606PixalBorg|4?\n|c|\u2606Imanjoneser|Probably older than you :)\n|inactive|Imanjoneser has 60 seconds left.\n|c|\u2606PixalBorg|im litterally a senior in high school\n|c|\u2606Imanjoneser|Yep I'm older than you buddy\n|c|\u2606PixalBorg|nah\n|c|\u2606Imanjoneser|Age wins in this case age and experience\n|inactive|Imanjoneser has 30 seconds left.\n|c|\u2606Imanjoneser|NOW HOLD THIS L lml\n|c|\u2606PixalBorg|nobody over 5 says inner ash\n|inactive|Imanjoneser has 20 seconds left.\n|\n|t:|1700849973\n|move|p2a: Cinderace|Pyro Ball|p1a: Kingambit\n|-supereffective|p1a: Kingambit\n|-damage|p1a: Kingambit|11\/100\n|move|p1a: Kingambit|Kowtow Cleave|p2a: Cinderace\n|-damage|p2a: Cinderace|0 fnt\n|faint|p2a: Cinderace\n|\n|upkeep\n|inactive|Imanjoneser has 25 seconds left this turn.\n|inactive|Imanjoneser has 20 seconds left.\n|\n|t:|1700849979\n|switch|p2a: Chesnaught|Chesnaught, M, shiny|73\/100\n|-damage|p2a: Chesnaught|57\/100|[from] Spikes\n|turn|19\n|inactive|Imanjoneser has 30 seconds left this turn.\n|c|\u2606PixalBorg|L\n|\n|t:|1700849986\n|move|p2a: Chesnaught|Drain Punch|p1a: Kingambit\n|-supereffective|p1a: Kingambit\n|-damage|p1a: Kingambit|0 fnt\n|-heal|p2a: Chesnaught|62\/100|[from] drain|[of] p1a: Kingambit\n|faint|p1a: Kingambit\n|-end|p1a: Kingambit|fallen5|[silent]\n|\n|win|Imanjoneser\n|inactive|Imanjoneser has 30 seconds left this turn.\n|raw|PixalBorg's rating: 1019 &rarr; <strong>1010<\/strong><br \/>(-9 for losing)\n|raw|Imanjoneser's rating: 1127 &rarr; <strong>1144<\/strong><br \/>(+17 for winning)\n|l|\u2606PixalBorg\n|c|\u2606Imanjoneser|Hold it\n","uploadtime":1700849996,"views":4,"p1id":"pixalborg","p2id":"imanjoneser","formatid":"gen9ou","rating":1010,"private":0,"password":""}