{"id":"gen9ou-1988317411","p1":"jzhuc1841","p2":"A KlNG\u2655","format":"[Gen 9] OU","log":"|j|\u2606jzhuc1841\n|j|\u2606A KlNG\u2655\n|t:|1699707476\n|gametype|singles\n|player|p1|jzhuc1841|hilbert-wonderlauncher|1537\n|player|p2|A KlNG\u2655|rocketexecutive-gen2|1422\n|teamsize|p1|6\n|teamsize|p2|6\n|gen|9\n|tier|[Gen 9] OU\n|rated|\n|rule|Sleep Clause Mod: Limit one foe put to sleep\n|rule|Species Clause: Limit one of each Pok\u00e9mon\n|rule|OHKO Clause: OHKO moves are banned\n|rule|Evasion Items Clause: Evasion items are banned\n|rule|Evasion Moves Clause: Evasion moves are banned\n|rule|Endless Battle Clause: Forcing endless battles is banned\n|rule|HP Percentage Mod: HP is shown in percentages\n|clearpoke\n|poke|p1|Ogerpon-Wellspring, F|\n|poke|p1|Kingambit, M|\n|poke|p1|Iron Moth|\n|poke|p1|Iron Valiant|\n|poke|p1|Zamazenta-*|\n|poke|p1|Glimmora, M|\n|poke|p2|Glimmora, M|\n|poke|p2|Kingambit, M|\n|poke|p2|Dragapult, M|\n|poke|p2|Grimmsnarl, M|\n|poke|p2|Tornadus-Therian, M|\n|poke|p2|Sneasler, M|\n|teampreview\n|j| ogkbee\n|\n|t:|1699707486\n|start\n|switch|p1a: Glimmora|Glimmora, M|100\/100\n|switch|p2a: ST|Glimmora, M|100\/100\n|-item|p1a: Glimmora|Air Balloon\n|turn|1\n|\n|t:|1699707498\n|move|p2a: ST|Stealth Rock|p1a: Glimmora\n|-sidestart|p1: jzhuc1841|move: Stealth Rock\n|move|p1a: Glimmora|Earth Power|p2a: ST\n|-supereffective|p2a: ST\n|-enditem|p2a: ST|Focus Sash\n|-damage|p2a: ST|1\/100\n|\n|upkeep\n|turn|2\n|\n|t:|1699707502\n|move|p1a: Glimmora|Mortal Spin|p2a: ST\n|-resisted|p2a: ST\n|-damage|p2a: ST|0 fnt\n|-activate|p2a: ST|ability: Toxic Debris\n|-sidestart|p1: jzhuc1841|move: Toxic Spikes\n|-sideend|p1: jzhuc1841|Toxic Spikes|[from] move: Mortal Spin|[of] p1a: Glimmora\n|-sideend|p1: jzhuc1841|Stealth Rock|[from] move: Mortal Spin|[of] p1a: Glimmora\n|faint|p2a: ST\n|\n|upkeep\n|\n|t:|1699707505\n|switch|p2a: Sneasler|Sneasler, M|100\/100\n|turn|3\n|\n|t:|1699707511\n|move|p2a: Sneasler|Taunt|p1a: Glimmora\n|-start|p1a: Glimmora|move: Taunt\n|move|p1a: Glimmora|Earth Power|p2a: Sneasler\n|-supereffective|p2a: Sneasler\n|-damage|p2a: Sneasler|14\/100\n|\n|upkeep\n|turn|4\n|\n|t:|1699707521\n|move|p2a: Sneasler|Dire Claw|p1a: Glimmora\n|-resisted|p1a: Glimmora\n|-damage|p1a: Glimmora|89\/100\n|-status|p1a: Glimmora|slp\n|-activate|p1a: Glimmora|ability: Toxic Debris\n|-sidestart|p2: A KlNG\u2655|move: Toxic Spikes\n|-enditem|p1a: Glimmora|Air Balloon\n|cant|p1a: Glimmora|slp\n|\n|upkeep\n|turn|5\n|\n|t:|1699707536\n|switch|p2a: Tornadus|Tornadus-Therian, M|100\/100\n|-curestatus|p1a: Glimmora|slp|[msg]\n|move|p1a: Glimmora|Sludge Wave|p2a: Tornadus\n|-damage|p2a: Tornadus|42\/100\n|-status|p2a: Tornadus|psn\n|\n|-damage|p2a: Tornadus|30\/100 psn|[from] psn\n|-end|p1a: Glimmora|move: Taunt\n|upkeep\n|turn|6\n|\n|t:|1699707548\n|move|p2a: Tornadus|Focus Blast|p1a: Glimmora\n|-crit|p1a: Glimmora\n|-damage|p1a: Glimmora|16\/100\n|-damage|p2a: Tornadus|20\/100 psn|[from] item: Life Orb\n|move|p1a: Glimmora|Stealth Rock|p2a: Tornadus\n|-sidestart|p2: A KlNG\u2655|move: Stealth Rock\n|\n|-damage|p2a: Tornadus|8\/100 psn|[from] psn\n|upkeep\n|turn|7\n|\n|t:|1699707559\n|switch|p2a: Sneasler|Sneasler, M|14\/100\n|-sideend|p2: A KlNG\u2655|move: Toxic Spikes|[of] p2a: Sneasler\n|-damage|p2a: Sneasler|8\/100|[from] Stealth Rock\n|move|p1a: Glimmora|Sludge Wave|p2a: Sneasler\n|-resisted|p2a: Sneasler\n|-damage|p2a: Sneasler|0 fnt\n|faint|p2a: Sneasler\n|\n|upkeep\n|\n|t:|1699707566\n|switch|p2a: Dragapult|Dragapult, M|100\/100\n|-damage|p2a: Dragapult|88\/100|[from] Stealth Rock\n|turn|8\n|\n|t:|1699707572\n|move|p2a: Dragapult|Dragon Darts|p1a: Glimmora\n|-damage|p1a: Glimmora|0 fnt\n|-activate|p1a: Glimmora|ability: Toxic Debris\n|-sidestart|p2: A KlNG\u2655|move: Toxic Spikes\n|faint|p1a: Glimmora\n|-damage|p2a: Dragapult|78\/100|[from] item: Life Orb\n|\n|upkeep\n|\n|t:|1699707576\n|switch|p1a: Iron Valiant|Iron Valiant|100\/100\n|-enditem|p1a: Iron Valiant|Booster Energy\n|-activate|p1a: Iron Valiant|ability: Quark Drive|[fromitem]\n|-start|p1a: Iron Valiant|quarkdrivespe\n|turn|9\n|\n|t:|1699707579\n|move|p1a: Iron Valiant|Moonblast|p2a: Dragapult\n|-supereffective|p2a: Dragapult\n|-damage|p2a: Dragapult|0 fnt\n|faint|p2a: Dragapult\n|\n|upkeep\n|\n|t:|1699707583\n|switch|p2a: Grimmsnarl|Grimmsnarl, M|100\/100\n|-damage|p2a: Grimmsnarl|88\/100|[from] Stealth Rock\n|-status|p2a: Grimmsnarl|psn\n|turn|10\n|\n|t:|1699707589\n|move|p2a: Grimmsnarl|Light Screen|p2a: Grimmsnarl\n|-sidestart|p2: A KlNG\u2655|move: Light Screen\n|move|p1a: Iron Valiant|Moonblast|p2a: Grimmsnarl\n|-supereffective|p2a: Grimmsnarl\n|-damage|p2a: Grimmsnarl|52\/100 psn\n|-unboost|p2a: Grimmsnarl|spa|1\n|\n|-damage|p2a: Grimmsnarl|40\/100 psn|[from] psn\n|upkeep\n|turn|11\n|\n|t:|1699707595\n|move|p2a: Grimmsnarl|Reflect|p2a: Grimmsnarl\n|-sidestart|p2: A KlNG\u2655|Reflect\n|move|p1a: Iron Valiant|Calm Mind|p1a: Iron Valiant\n|-boost|p1a: Iron Valiant|spa|1\n|-boost|p1a: Iron Valiant|spd|1\n|\n|-damage|p2a: Grimmsnarl|27\/100 psn|[from] psn\n|upkeep\n|turn|12\n|\n|t:|1699707600\n|move|p1a: Iron Valiant|Moonblast|p2a: Grimmsnarl\n|-supereffective|p2a: Grimmsnarl\n|-damage|p2a: Grimmsnarl|0 fnt\n|faint|p2a: Grimmsnarl\n|\n|upkeep\n|\n|t:|1699707605\n|switch|p2a: Tornadus|Tornadus-Therian, M|41\/100 psn\n|-damage|p2a: Tornadus|16\/100 psn|[from] Stealth Rock\n|turn|13\n|\n|t:|1699707610\n|move|p1a: Iron Valiant|Thunderbolt|p2a: Tornadus\n|-supereffective|p2a: Tornadus\n|-damage|p2a: Tornadus|0 fnt\n|faint|p2a: Tornadus\n|\n|upkeep\n|\n|t:|1699707613\n|switch|p2a: Blues|Kingambit, M|100\/100\n|-damage|p2a: Blues|94\/100|[from] Stealth Rock\n|-activate|p2a: Blues|ability: Supreme Overlord\n|-start|p2a: Blues|fallen5|[silent]\n|turn|14\n|\n|t:|1699707617\n|move|p1a: Iron Valiant|Moonblast|p2a: Blues\n|-damage|p2a: Blues|60\/100\n|-unboost|p2a: Blues|spa|1\n|move|p2a: Blues|Iron Head|p1a: Iron Valiant\n|-supereffective|p1a: Iron Valiant\n|-damage|p1a: Iron Valiant|0 fnt\n|faint|p1a: Iron Valiant\n|-end|p1a: Iron Valiant|Quark Drive|[silent]\n|\n|upkeep\n|\n|t:|1699707628\n|switch|p1a: Iron Moth|Iron Moth|100\/100\n|-enditem|p1a: Iron Moth|Booster Energy\n|-activate|p1a: Iron Moth|ability: Quark Drive|[fromitem]\n|-start|p1a: Iron Moth|quarkdrivespe\n|turn|15\n|\n|t:|1699707633\n|move|p1a: Iron Moth|Substitute|p1a: Iron Moth\n|-start|p1a: Iron Moth|Substitute\n|-damage|p1a: Iron Moth|76\/100\n|move|p2a: Blues|Iron Head|p1a: Iron Moth\n|-resisted|p1a: Iron Moth\n|-end|p1a: Iron Moth|Substitute\n|\n|upkeep\n|turn|16\n|\n|t:|1699707641\n|move|p1a: Iron Moth|Substitute|p1a: Iron Moth\n|-start|p1a: Iron Moth|Substitute\n|-damage|p1a: Iron Moth|51\/100\n|move|p2a: Blues|Iron Head|p1a: Iron Moth\n|-resisted|p1a: Iron Moth\n|-end|p1a: Iron Moth|Substitute\n|\n|upkeep\n|turn|17\n|\n|t:|1699707649\n|move|p1a: Iron Moth|Substitute|p1a: Iron Moth\n|-start|p1a: Iron Moth|Substitute\n|-damage|p1a: Iron Moth|26\/100\n|move|p2a: Blues|Iron Head|p1a: Iron Moth\n|-resisted|p1a: Iron Moth\n|-end|p1a: Iron Moth|Substitute\n|\n|-sideend|p2: A KlNG\u2655|move: Light Screen\n|upkeep\n|turn|18\n|\n|t:|1699707654\n|move|p2a: Blues|Sucker Punch|p1a: Iron Moth\n|-damage|p1a: Iron Moth|0 fnt\n|faint|p1a: Iron Moth\n|-end|p1a: Iron Moth|Quark Drive|[silent]\n|\n|-sideend|p2: A KlNG\u2655|Reflect\n|upkeep\n|\n|t:|1699707659\n|switch|p1a: Zamazenta|Zamazenta|100\/100\n|-ability|p1a: Zamazenta|Dauntless Shield|boost\n|-boost|p1a: Zamazenta|def|1\n|turn|19\n|\n|t:|1699707663\n|-terastallize|p2a: Blues|Bug\n|move|p1a: Zamazenta|Body Press|p2a: Blues\n|-resisted|p2a: Blues\n|-damage|p2a: Blues|37\/100\n|move|p2a: Blues|Swords Dance|p2a: Blues\n|-boost|p2a: Blues|atk|2\n|\n|upkeep\n|turn|20\n|\n|t:|1699707679\n|move|p1a: Zamazenta|Iron Defense|p1a: Zamazenta\n|-boost|p1a: Zamazenta|def|2\n|move|p2a: Blues|Iron Head|p1a: Zamazenta\n|-damage|p1a: Zamazenta|67\/100\n|\n|-heal|p1a: Zamazenta|73\/100|[from] item: Leftovers\n|upkeep\n|turn|21\n|\n|t:|1699707694\n|move|p1a: Zamazenta|Iron Defense|p1a: Zamazenta\n|-boost|p1a: Zamazenta|def|2\n|move|p2a: Blues|Iron Head|p1a: Zamazenta\n|-damage|p1a: Zamazenta|44\/100\n|\n|-heal|p1a: Zamazenta|51\/100|[from] item: Leftovers\n|upkeep\n|turn|22\n|\n|t:|1699707702\n|move|p1a: Zamazenta|Body Press|p2a: Blues\n|-resisted|p2a: Blues\n|-damage|p2a: Blues|0 fnt\n|faint|p2a: Blues\n|-end|p2a: Blues|fallen5|[silent]\n|\n|win|jzhuc1841\n|raw|jzhuc1841's rating: 1537 &rarr; <strong>1551<\/strong><br \/>(+14 for winning)\n|raw|A KlNG\u2655's rating: 1422 &rarr; <strong>1408<\/strong><br \/>(-14 for losing)\n|l|\u2606A KlNG\u2655\n","uploadtime":1699707712,"views":17,"p1id":"jzhuc1841","p2id":"aklng","formatid":"gen9ou","rating":1408,"private":0,"password":""}