{"id":"gen9ou-1988630707","p1":"Kuky pop","p2":"luiscbc","format":"[Gen 9] OU","log":"|j|\u2606Kuky pop\n|j|\u2606luiscbc\n|t:|1699743993\n|gametype|singles\n|player|p1|Kuky pop|grimsley|1224\n|player|p2|luiscbc|101|1174\n|teamsize|p1|6\n|teamsize|p2|6\n|gen|9\n|tier|[Gen 9] OU\n|rated|\n|rule|Sleep Clause Mod: Limit one foe put to sleep\n|rule|Species Clause: Limit one of each Pok\u00e9mon\n|rule|OHKO Clause: OHKO moves are banned\n|rule|Evasion Items Clause: Evasion items are banned\n|rule|Evasion Moves Clause: Evasion moves are banned\n|rule|Endless Battle Clause: Forcing endless battles is banned\n|rule|HP Percentage Mod: HP is shown in percentages\n|clearpoke\n|poke|p1|Ribombee, M|\n|poke|p1|Iron Moth|\n|poke|p1|Gliscor, M|\n|poke|p1|Quaquaval, M|\n|poke|p1|Ogerpon-Cornerstone, F|\n|poke|p1|Great Tusk|\n|poke|p2|Okidogi, M|\n|poke|p2|Ceruledge, M|\n|poke|p2|Umbreon, M|\n|poke|p2|Munkidori, M|\n|poke|p2|Torkoal, F|\n|poke|p2|Typhlosion-Hisui, M|\n|teampreview\n|\n|t:|1699744004\n|start\n|switch|p1a: Pinky|Ribombee, M, shiny|100\/100\n|switch|p2a: Torkoal|Torkoal, F|100\/100\n|-weather|SunnyDay|[from] ability: Drought|[of] p2a: Torkoal\n|turn|1\n|\n|t:|1699744019\n|move|p1a: Pinky|Sticky Web|p2a: Torkoal\n|-sidestart|p2: luiscbc|move: Sticky Web\n|move|p2a: Torkoal|Stealth Rock|p1a: Pinky\n|-sidestart|p1: Kuky pop|move: Stealth Rock\n|\n|-weather|SunnyDay|[upkeep]\n|upkeep\n|turn|2\n|\n|t:|1699744026\n|move|p1a: Pinky|Psychic|p2a: Torkoal\n|-damage|p2a: Torkoal|68\/100\n|move|p2a: Torkoal|Eruption|p1a: Pinky\n|-supereffective|p1a: Pinky\n|-enditem|p1a: Pinky|Focus Sash\n|-damage|p1a: Pinky|1\/100\n|\n|-weather|SunnyDay|[upkeep]\n|upkeep\n|turn|3\n|\n|t:|1699744040\n|move|p1a: Pinky|Psychic|p2a: Torkoal\n|-damage|p2a: Torkoal|35\/100\n|move|p2a: Torkoal|Rapid Spin|p1a: Pinky\n|-damage|p1a: Pinky|0 fnt\n|-boost|p2a: Torkoal|spe|1\n|-sideend|p2: luiscbc|Sticky Web|[from] move: Rapid Spin|[of] p2a: Torkoal\n|faint|p1a: Pinky\n|\n|-weather|SunnyDay|[upkeep]\n|upkeep\n|\n|t:|1699744050\n|switch|p1a: Scorpio|Gliscor, M, shiny|100\/100\n|-damage|p1a: Scorpio|88\/100|[from] Stealth Rock\n|turn|4\n|inactive|Battle timer is ON: inactive players will automatically lose when time's up. (requested by Kuky pop)\n|\n|t:|1699744061\n|move|p1a: Scorpio|Stealth Rock|p2a: Torkoal\n|-sidestart|p2: luiscbc|move: Stealth Rock\n|move|p2a: Torkoal|Will-O-Wisp|p1a: Scorpio\n|-status|p1a: Scorpio|brn\n|\n|-weather|SunnyDay|[upkeep]\n|-damage|p1a: Scorpio|82\/100 brn|[from] brn\n|upkeep\n|turn|5\n|\n|t:|1699744070\n|move|p1a: Scorpio|Earthquake|p2a: Torkoal\n|-supereffective|p2a: Torkoal\n|-damage|p2a: Torkoal|16\/100\n|move|p2a: Torkoal|Rapid Spin|p1a: Scorpio\n|-damage|p1a: Scorpio|73\/100 brn\n|-boost|p2a: Torkoal|spe|1\n|-sideend|p2: luiscbc|Stealth Rock|[from] move: Rapid Spin|[of] p2a: Torkoal\n|\n|-weather|SunnyDay|[upkeep]\n|-damage|p1a: Scorpio|66\/100 brn|[from] brn\n|upkeep\n|turn|6\n|\n|t:|1699744085\n|switch|p2a: Umbreon|Umbreon, M|100\/100\n|move|p1a: Scorpio|Knock Off|p2a: Umbreon\n|-resisted|p2a: Umbreon\n|-damage|p2a: Umbreon|96\/100\n|-enditem|p2a: Umbreon|Leftovers|[from] move: Knock Off|[of] p1a: Scorpio\n|\n|-weather|SunnyDay|[upkeep]\n|-damage|p1a: Scorpio|60\/100 brn|[from] brn\n|upkeep\n|turn|7\n|\n|t:|1699744101\n|move|p1a: Scorpio|U-turn|p2a: Umbreon\n|-supereffective|p2a: Umbreon\n|-damage|p2a: Umbreon|83\/100\n|\n|t:|1699744109\n|switch|p1a: Mammo|Great Tusk|100\/100|[from] U-turn\n|-damage|p1a: Mammo|98\/100|[from] Stealth Rock\n|-activate|p1a: Mammo|ability: Protosynthesis\n|-start|p1a: Mammo|protosynthesisatk\n|move|p2a: Umbreon|Wish|p2a: Umbreon\n|\n|-weather|SunnyDay|[upkeep]\n|upkeep\n|turn|8\n|\n|t:|1699744123\n|switch|p2a: Typhlosion|Typhlosion-Hisui, M|100\/100\n|-item|p1a: Mammo|Assault Vest|[from] ability: Frisk|[of] p2a: Typhlosion|[identify]\n|move|p1a: Mammo|Rapid Spin|p2a: Typhlosion\n|-immune|p2a: Typhlosion\n|\n|-weather|none\n|-end|p1a: Mammo|Protosynthesis\n|upkeep\n|turn|9\n|\n|t:|1699744138\n|switch|p2a: Torkoal|Torkoal, F|16\/100\n|-weather|SunnyDay|[from] ability: Drought|[of] p2a: Torkoal\n|-activate|p1a: Mammo|ability: Protosynthesis\n|-start|p1a: Mammo|protosynthesisatk\n|move|p1a: Mammo|Headlong Rush|p2a: Torkoal\n|-supereffective|p2a: Torkoal\n|-damage|p2a: Torkoal|0 fnt\n|-unboost|p1a: Mammo|def|1\n|-unboost|p1a: Mammo|spd|1\n|faint|p2a: Torkoal\n|\n|-weather|SunnyDay|[upkeep]\n|upkeep\n|\n|t:|1699744152\n|switch|p2a: Typhlosion|Typhlosion-Hisui, M|100\/100\n|-item|p1a: Mammo|Assault Vest|[from] ability: Frisk|[of] p2a: Typhlosion|[identify]\n|turn|10\n|\n|t:|1699744168\n|move|p2a: Typhlosion|Solar Beam||[still]\n|-prepare|p2a: Typhlosion|Solar Beam\n|-anim|p2a: Typhlosion|Solar Beam|p1a: Mammo\n|-supereffective|p1a: Mammo\n|-damage|p1a: Mammo|0 fnt\n|faint|p1a: Mammo\n|-end|p1a: Mammo|Protosynthesis|[silent]\n|\n|-weather|SunnyDay|[upkeep]\n|upkeep\n|\n|t:|1699744181\n|switch|p1a: Pebbles|Ogerpon-Cornerstone, F|100\/100\n|-damage|p1a: Pebbles|88\/100|[from] Stealth Rock\n|turn|11\n|\n|t:|1699744188\n|switch|p2a: Umbreon|Umbreon, M|83\/100\n|-terastallize|p1a: Pebbles|Rock\n|detailschange|p1a: Pebbles|Ogerpon-Cornerstone-Tera, F, tera:Rock\n|-ability|p1a: Pebbles|Embody Aspect (Cornerstone)|boost\n|-boost|p1a: Pebbles|def|1\n|move|p1a: Pebbles|Ivy Cudgel|p2a: Umbreon\n|-damage|p2a: Umbreon|14\/100\n|\n|-weather|SunnyDay|[upkeep]\n|upkeep\n|turn|12\n|\n|t:|1699744203\n|move|p1a: Pebbles|Horn Leech|p2a: Umbreon\n|-damage|p2a: Umbreon|0 fnt\n|-heal|p1a: Pebbles|98\/100|[from] drain|[of] p2a: Umbreon\n|faint|p2a: Umbreon\n|\n|-weather|SunnyDay|[upkeep]\n|upkeep\n|\n|t:|1699744212\n|switch|p2a: Ceruledge|Ceruledge, M|100\/100\n|turn|13\n|\n|t:|1699744221\n|move|p1a: Pebbles|Ivy Cudgel|p2a: Ceruledge\n|-supereffective|p2a: Ceruledge\n|-enditem|p2a: Ceruledge|Focus Sash\n|-damage|p2a: Ceruledge|1\/100\n|-ability|p2a: Ceruledge|Weak Armor|boost\n|-unboost|p2a: Ceruledge|def|1\n|-boost|p2a: Ceruledge|spe|2\n|move|p2a: Ceruledge|Swords Dance|p2a: Ceruledge\n|-boost|p2a: Ceruledge|atk|2\n|\n|-weather|SunnyDay|[upkeep]\n|upkeep\n|turn|14\n|\n|t:|1699744237\n|move|p2a: Ceruledge|Solar Blade||[still]\n|-prepare|p2a: Ceruledge|Solar Blade\n|-anim|p2a: Ceruledge|Solar Blade|p1a: Pebbles\n|-supereffective|p1a: Pebbles\n|-damage|p1a: Pebbles|0 fnt\n|faint|p1a: Pebbles\n|\n|-weather|SunnyDay|[upkeep]\n|upkeep\n|\n|t:|1699744252\n|switch|p1a: Solar|Iron Moth|100\/100\n|-damage|p1a: Solar|76\/100|[from] Stealth Rock\n|-enditem|p1a: Solar|Booster Energy\n|-activate|p1a: Solar|ability: Quark Drive|[fromitem]\n|-start|p1a: Solar|quarkdrivespa\n|turn|15\n|\n|t:|1699744268\n|move|p2a: Ceruledge|Bitter Blade|p1a: Solar\n|-resisted|p1a: Solar\n|-damage|p1a: Solar|0 fnt\n|-heal|p2a: Ceruledge|40\/100|[from] drain|[of] p1a: Solar\n|faint|p1a: Solar\n|-end|p1a: Solar|Quark Drive|[silent]\n|\n|-weather|SunnyDay|[upkeep]\n|upkeep\n|\n|t:|1699744274\n|switch|p1a: Scorpio|Gliscor, M, shiny|60\/100 brn\n|-damage|p1a: Scorpio|48\/100 brn|[from] Stealth Rock\n|turn|16\n|\n|t:|1699744280\n|move|p2a: Ceruledge|Bitter Blade|p1a: Scorpio\n|-damage|p1a: Scorpio|0 fnt\n|-heal|p2a: Ceruledge|63\/100|[from] drain|[of] p1a: Scorpio\n|faint|p1a: Scorpio\n|\n|-weather|none\n|upkeep\n|\n|t:|1699744283\n|switch|p1a: Carnival|Quaquaval, M|100\/100\n|-damage|p1a: Carnival|94\/100|[from] Stealth Rock\n|turn|17\n|\n|t:|1699744298\n|-terastallize|p2a: Ceruledge|Grass\n|move|p2a: Ceruledge|Bitter Blade|p1a: Carnival\n|-resisted|p1a: Carnival\n|-damage|p1a: Carnival|30\/100\n|-heal|p2a: Ceruledge|98\/100|[from] drain|[of] p1a: Carnival\n|move|p1a: Carnival|Aqua Step|p2a: Ceruledge\n|-resisted|p2a: Ceruledge\n|-damage|p2a: Ceruledge|31\/100\n|-boost|p1a: Carnival|spe|1\n|-ability|p2a: Ceruledge|Weak Armor|boost\n|-unboost|p2a: Ceruledge|def|1\n|-boost|p2a: Ceruledge|spe|2\n|\n|upkeep\n|turn|18\n|\n|t:|1699744313\n|move|p2a: Ceruledge|Bitter Blade|p1a: Carnival\n|-resisted|p1a: Carnival\n|-damage|p1a: Carnival|0 fnt\n|-heal|p2a: Ceruledge|47\/100|[from] drain|[of] p1a: Carnival\n|faint|p1a: Carnival\n|\n|win|luiscbc\n|raw|Kuky pop's rating: 1224 &rarr; <strong>1195<\/strong><br \/>(-29 for losing)\n|raw|luiscbc's rating: 1174 &rarr; <strong>1203<\/strong><br \/>(+29 for winning)\n|l|\u2606Kuky pop\n","uploadtime":1699744323,"views":10,"p1id":"kukypop","p2id":"luiscbc","formatid":"gen9ou","rating":1195,"private":0,"password":""}