{"id":"gen9ou-1989471378","p1":"Combat Stance","p2":"friedfreak","format":"[Gen 9] OU","log":"|j|\u2606Combat Stance\n|j|\u2606friedfreak\n|t:|1699855832\n|gametype|singles\n|player|p1|Combat Stance|blackbelt-gen2|1677\n|player|p2|friedfreak|clown|1756\n|teamsize|p1|6\n|teamsize|p2|6\n|gen|9\n|tier|[Gen 9] OU\n|rated|\n|rule|Sleep Clause Mod: Limit one foe put to sleep\n|rule|Species Clause: Limit one of each Pok\u00e9mon\n|rule|OHKO Clause: OHKO moves are banned\n|rule|Evasion Items Clause: Evasion items are banned\n|rule|Evasion Moves Clause: Evasion moves are banned\n|rule|Endless Battle Clause: Forcing endless battles is banned\n|rule|HP Percentage Mod: HP is shown in percentages\n|clearpoke\n|poke|p1|Kingambit, M|\n|poke|p1|Ogerpon-Wellspring, F|\n|poke|p1|Sneasler, M|\n|poke|p1|Landorus-Therian, M|\n|poke|p1|Hoopa-Unbound|\n|poke|p1|Clefable, F|\n|poke|p2|Empoleon, M|\n|poke|p2|Ogerpon-Cornerstone, F|\n|poke|p2|Dragapult, M|\n|poke|p2|Great Tusk|\n|poke|p2|Cinderace, F|\n|poke|p2|Dragonite, F|\n|teampreview\n|j| Domin0999\n|\n|t:|1699855854\n|start\n|switch|p1a: Sneasler|Sneasler, M, shiny|100\/100\n|switch|p2a: Great Tusk|Great Tusk|100\/100\n|turn|1\n|\n|t:|1699855865\n|move|p1a: Sneasler|U-turn|p2a: Great Tusk\n|-resisted|p2a: Great Tusk\n|-damage|p2a: Great Tusk|93\/100\n|-damage|p1a: Sneasler|84\/100|[from] item: Rocky Helmet|[of] p2a: Great Tusk\n|\n|t:|1699855867\n|switch|p1a: Clefable|Clefable, F, shiny|100\/100|[from] U-turn\n|move|p2a: Great Tusk|Knock Off|p1a: Clefable\n|-resisted|p1a: Clefable\n|-damage|p1a: Clefable|89\/100\n|-damage|p2a: Great Tusk|76\/100|[from] item: Rocky Helmet|[of] p1a: Clefable\n|-enditem|p1a: Clefable|Rocky Helmet|[from] move: Knock Off|[of] p2a: Great Tusk\n|\n|upkeep\n|turn|2\n|\n|t:|1699855875\n|-end|p2a: Great Tusk|Protosynthesis|[silent]\n|switch|p2a: Empoleon|Empoleon, M|100\/100\n|move|p1a: Clefable|Moonblast|p2a: Empoleon\n|-resisted|p2a: Empoleon\n|-damage|p2a: Empoleon|90\/100\n|-unboost|p2a: Empoleon|spa|1\n|\n|-heal|p2a: Empoleon|96\/100|[from] item: Leftovers\n|upkeep\n|turn|3\n|l| Domin0999\n|\n|t:|1699855879\n|move|p2a: Empoleon|Stealth Rock|p1a: Clefable\n|-sidestart|p1: Combat Stance|move: Stealth Rock\n|move|p1a: Clefable|Knock Off|p2a: Empoleon\n|-damage|p2a: Empoleon|81\/100\n|-enditem|p2a: Empoleon|Leftovers|[from] move: Knock Off|[of] p1a: Clefable\n|\n|upkeep\n|turn|4\n|\n|t:|1699855887\n|move|p2a: Empoleon|Surf|p1a: Clefable\n|-crit|p1a: Clefable\n|-damage|p1a: Clefable|44\/100\n|move|p1a: Clefable|Stealth Rock|p2a: Empoleon\n|-sidestart|p2: friedfreak|move: Stealth Rock\n|\n|upkeep\n|turn|5\n|\n|t:|1699855894\n|switch|p2a: Cinderace|Cinderace, F|100\/100\n|move|p1a: Clefable|Moonlight|p1a: Clefable\n|-heal|p1a: Clefable|94\/100\n|\n|upkeep\n|turn|6\n|\n|t:|1699855897\n|move|p2a: Cinderace|U-turn|p1a: Clefable\n|-resisted|p1a: Clefable\n|-damage|p1a: Clefable|88\/100\n|\n|t:|1699855899\n|switch|p2a: Empoleon|Empoleon, M|81\/100|[from] U-turn\n|-damage|p2a: Empoleon|75\/100|[from] Stealth Rock\n|move|p1a: Clefable|Knock Off|p2a: Empoleon\n|-damage|p2a: Empoleon|64\/100\n|\n|upkeep\n|turn|7\n|\n|t:|1699855904\n|move|p2a: Empoleon|Roost|p2a: Empoleon\n|-heal|p2a: Empoleon|100\/100\n|-singleturn|p2a: Empoleon|move: Roost\n|move|p1a: Clefable|Moonblast|p2a: Empoleon\n|-resisted|p2a: Empoleon\n|-damage|p2a: Empoleon|91\/100\n|\n|upkeep\n|turn|8\n|\n|t:|1699855908\n|switch|p1a: Ogerpon|Ogerpon-Wellspring, F|100\/100\n|-damage|p1a: Ogerpon|88\/100|[from] Stealth Rock\n|move|p2a: Empoleon|Surf|p1a: Ogerpon\n|-heal|p1a: Ogerpon|100\/100|[from] ability: Water Absorb|[of] p2a: Empoleon\n|\n|upkeep\n|turn|9\n|\n|t:|1699855913\n|switch|p2a: Dragonite|Dragonite, F|100\/100\n|move|p1a: Ogerpon|Swords Dance|p1a: Ogerpon\n|-boost|p1a: Ogerpon|atk|2\n|\n|upkeep\n|turn|10\n|\n|t:|1699855919\n|move|p1a: Ogerpon|Play Rough|p2a: Dragonite\n|-supereffective|p2a: Dragonite\n|-damage|p2a: Dragonite|25\/100\n|move|p2a: Dragonite|Dragon Dance|p2a: Dragonite\n|-boost|p2a: Dragonite|atk|1\n|-boost|p2a: Dragonite|spe|1\n|\n|upkeep\n|turn|11\n|\n|t:|1699855927\n|move|p2a: Dragonite|Extreme Speed|p1a: Ogerpon\n|-damage|p1a: Ogerpon|44\/100\n|move|p1a: Ogerpon|Ivy Cudgel|p2a: Dragonite\n|-resisted|p2a: Dragonite\n|-damage|p2a: Dragonite|0 fnt\n|faint|p2a: Dragonite\n|\n|upkeep\n|\n|t:|1699855933\n|switch|p2a: Cinderace|Cinderace, F|100\/100\n|turn|12\n|\n|t:|1699855941\n|-terastallize|p1a: Ogerpon|Water\n|detailschange|p1a: Ogerpon|Ogerpon-Wellspring-Tera, F, tera:Water\n|-ability|p1a: Ogerpon|Embody Aspect (Wellspring)|boost\n|-boost|p1a: Ogerpon|spd|1\n|move|p2a: Cinderace|U-turn|p1a: Ogerpon\n|-damage|p1a: Ogerpon|18\/100\n|\n|t:|1699855957\n|switch|p2a: Empoleon|Empoleon, M|91\/100|[from] U-turn\n|-damage|p2a: Empoleon|84\/100|[from] Stealth Rock\n|move|p1a: Ogerpon|Trailblaze|p2a: Empoleon\n|-damage|p2a: Empoleon|21\/100\n|-boost|p1a: Ogerpon|spe|1\n|\n|upkeep\n|turn|13\n|\n|t:|1699855965\n|move|p1a: Ogerpon|Trailblaze|p2a: Empoleon\n|-damage|p2a: Empoleon|0 fnt\n|-boost|p1a: Ogerpon|spe|1\n|faint|p2a: Empoleon\n|\n|upkeep\n|\n|t:|1699855974\n|switch|p2a: Great Tusk|Great Tusk|76\/100\n|-damage|p2a: Great Tusk|73\/100|[from] Stealth Rock\n|turn|14\n|\n|t:|1699855977\n|-terastallize|p2a: Great Tusk|Steel\n|move|p1a: Ogerpon|Ivy Cudgel|p2a: Great Tusk\n|-damage|p2a: Great Tusk|0 fnt\n|faint|p2a: Great Tusk\n|-end|p2a: Great Tusk|Protosynthesis|[silent]\n|\n|upkeep\n|-message|friedfreak forfeited.\n|\n|win|Combat Stance\n|raw|Combat Stance's rating: 1677 &rarr; <strong>1701<\/strong><br \/>(+24 for winning)\n|raw|friedfreak's rating: 1756 &rarr; <strong>1732<\/strong><br \/>(-24 for losing)\n|l|\u2606friedfreak\n|l|\u2606Combat Stance\n","uploadtime":1699855990,"views":10,"p1id":"combatstance","p2id":"friedfreak","formatid":"gen9ou","rating":1701,"private":0,"password":""}