{"id":"gen9ou-1998292102","p1":"Affection7114","p2":"xxxlaniusxxx","format":"[Gen 9] OU","log":"|j|\u2606Affection7114\n|j|\u2606xxxlaniusxxx\n|t:|1700925585\n|gametype|singles\n|player|p1|Affection7114|steven|1301\n|player|p2|xxxlaniusxxx|cynthia-gen4|1226\n|teamsize|p1|6\n|teamsize|p2|6\n|gen|9\n|tier|[Gen 9] OU\n|rated|\n|rule|Sleep Clause Mod: Limit one foe put to sleep\n|rule|Species Clause: Limit one of each Pok\u00e9mon\n|rule|OHKO Clause: OHKO moves are banned\n|rule|Evasion Items Clause: Evasion items are banned\n|rule|Evasion Moves Clause: Evasion moves are banned\n|rule|Endless Battle Clause: Forcing endless battles is banned\n|rule|HP Percentage Mod: HP is shown in percentages\n|clearpoke\n|poke|p1|Dragapult, M|\n|poke|p1|Dondozo, M|\n|poke|p1|Ogerpon-Wellspring, F|\n|poke|p1|Rillaboom, M|\n|poke|p1|Great Tusk|\n|poke|p1|Kingambit, M|\n|poke|p2|Hatterene, F|\n|poke|p2|Slowking-Galar, F|\n|poke|p2|Drifblim, M|\n|poke|p2|Klefki, F|\n|poke|p2|Crabominable, F|\n|poke|p2|Arboliva, F|\n|teampreview\n|inactive|Battle timer is ON: inactive players will automatically lose when time's up. (requested by Affection7114)\n|\n|t:|1700925596\n|start\n|switch|p1a: Dragapult|Dragapult, M, shiny|100\/100\n|switch|p2a: Slowking|Slowking-Galar, F|100\/100\n|turn|1\n|\n|t:|1700925602\n|move|p1a: Dragapult|U-turn|p2a: Slowking\n|-damage|p2a: Slowking|73\/100\n|\n|t:|1700925608\n|switch|p1a: Kingambit|Kingambit, M, shiny|100\/100|[from] U-turn\n|move|p2a: Slowking|Trick Room|p2a: Slowking\n|-fieldstart|move: Trick Room|[of] p2a: Slowking\n|\n|-heal|p2a: Slowking|79\/100|[from] item: Black Sludge\n|upkeep\n|turn|2\n|\n|t:|1700925617\n|move|p2a: Slowking|Chilly Reception|p2a: Slowking\n|-weather|Snow\n|\n|t:|1700925628\n|switch|p2a: Crabominable|Crabominable, F|100\/100|[from] Chilly Reception\n|move|p1a: Kingambit|Swords Dance|p1a: Kingambit\n|-boost|p1a: Kingambit|atk|2\n|\n|-weather|Snow|[upkeep]\n|upkeep\n|turn|3\n|\n|t:|1700925642\n|-terastallize|p1a: Kingambit|Fairy\n|move|p2a: Crabominable|Drain Punch|p1a: Kingambit\n|-resisted|p1a: Kingambit\n|-damage|p1a: Kingambit|78\/100\n|-damage|p2a: Crabominable|91\/100|[from] item: Life Orb\n|move|p1a: Kingambit|Swords Dance|p1a: Kingambit\n|-boost|p1a: Kingambit|atk|2\n|\n|-weather|Snow|[upkeep]\n|upkeep\n|turn|4\n|\n|t:|1700925658\n|move|p2a: Crabominable|Ice Hammer|p1a: Kingambit\n|-damage|p1a: Kingambit|9\/100\n|-unboost|p2a: Crabominable|spe|1\n|-damage|p2a: Crabominable|81\/100|[from] item: Life Orb\n|move|p1a: Kingambit|Kowtow Cleave|p2a: Crabominable\n|-resisted|p2a: Crabominable\n|-damage|p2a: Crabominable|14\/100\n|\n|-weather|Snow|[upkeep]\n|upkeep\n|turn|5\n|\n|t:|1700925676\n|move|p1a: Kingambit|Sucker Punch|p2a: Crabominable\n|-resisted|p2a: Crabominable\n|-damage|p2a: Crabominable|0 fnt\n|faint|p2a: Crabominable\n|\n|-weather|Snow|[upkeep]\n|-fieldend|move: Trick Room\n|upkeep\n|\n|t:|1700925683\n|switch|p2a: Slowking|Slowking-Galar, F|100\/100\n|turn|6\n|\n|t:|1700925690\n|move|p1a: Kingambit|Iron Head|p2a: Slowking\n|-damage|p2a: Slowking|0 fnt\n|faint|p2a: Slowking\n|\n|-weather|none\n|upkeep\n|\n|t:|1700925697\n|switch|p2a: Drifblim|Drifblim, M|100\/100\n|turn|7\n|\n|t:|1700925703\n|-terastallize|p2a: Drifblim|Steel\n|move|p1a: Kingambit|Sucker Punch|p2a: Drifblim\n|-damage|p2a: Drifblim|0 fnt\n|faint|p2a: Drifblim\n|\n|upkeep\n|-message|xxxlaniusxxx forfeited.\n|\n|win|Affection7114\n|raw|Affection7114's rating: 1301 &rarr; <strong>1317<\/strong><br \/>(+16 for winning)\n|raw|xxxlaniusxxx's rating: 1226 &rarr; <strong>1206<\/strong><br \/>(-20 for losing)\n|l|\u2606xxxlaniusxxx\n","uploadtime":1700925718,"views":11,"p1id":"affection7114","p2id":"xxxlaniusxxx","formatid":"gen9ou","rating":1206,"private":0,"password":""}