{"id":"gen9ou-1991680873","p1":"SS_Wobblewok","p2":"APOS5TEST","format":"[Gen 9] OU","log":"|j|\u2606SS_Wobblewok\n|j|\u2606APOS5TEST\n|t:|1700101968\n|gametype|singles\n|player|p1|SS_Wobblewok|parasollady|1153\n|player|p2|APOS5TEST|dawn|1119\n|teamsize|p1|6\n|teamsize|p2|6\n|gen|9\n|tier|[Gen 9] OU\n|rated|\n|rule|Sleep Clause Mod: Limit one foe put to sleep\n|rule|Species Clause: Limit one of each Pok\u00e9mon\n|rule|OHKO Clause: OHKO moves are banned\n|rule|Evasion Items Clause: Evasion items are banned\n|rule|Evasion Moves Clause: Evasion moves are banned\n|rule|Endless Battle Clause: Forcing endless battles is banned\n|rule|HP Percentage Mod: HP is shown in percentages\n|clearpoke\n|poke|p1|Iron Moth|\n|poke|p1|Rillaboom, M|\n|poke|p1|Zamazenta-*|\n|poke|p1|Manaphy|\n|poke|p1|Heatran, F|\n|poke|p1|Great Tusk|\n|poke|p2|Greninja-*, M|\n|poke|p2|Torterra, F|\n|poke|p2|Gengar, M|\n|poke|p2|Iron Valiant|\n|poke|p2|Great Tusk|\n|poke|p2|Blissey, F|\n|teampreview\n|inactive|Battle timer is ON: inactive players will automatically lose when time's up. (requested by APOS5TEST)\n|\n|t:|1700102003\n|start\n|switch|p1a: Heatran|Heatran, F|100\/100\n|switch|p2a: Gengar|Gengar, M|100\/100\n|-item|p1a: Heatran|Air Balloon\n|turn|1\n|\n|t:|1700102011\n|move|p2a: Gengar|Shadow Ball|p1a: Heatran\n|-damage|p1a: Heatran|64\/100\n|-enditem|p1a: Heatran|Air Balloon\n|move|p1a: Heatran|Magma Storm|p2a: Gengar\n|-damage|p2a: Gengar|13\/100\n|-activate|p2a: Gengar|move: Magma Storm|[of] p1a: Heatran\n|\n|-damage|p2a: Gengar|1\/100|[from] move: Magma Storm|[partiallytrapped]\n|-status|p2a: Gengar|brn|[from] item: Flame Orb\n|upkeep\n|turn|2\n|\n|t:|1700102022\n|move|p2a: Gengar|Destiny Bond|p2a: Gengar\n|-singlemove|p2a: Gengar|Destiny Bond\n|move|p1a: Heatran|Stealth Rock|p2a: Gengar\n|-sidestart|p2: APOS5TEST|move: Stealth Rock\n|\n|-damage|p2a: Gengar|0 fnt|[from] brn\n|faint|p2a: Gengar\n|upkeep\n|\n|t:|1700102033\n|switch|p2a: Great Tusk|Great Tusk|100\/100\n|-damage|p2a: Great Tusk|98\/100|[from] Stealth Rock\n|-enditem|p2a: Great Tusk|Booster Energy\n|-activate|p2a: Great Tusk|ability: Protosynthesis|[fromitem]\n|-start|p2a: Great Tusk|protosynthesisatk\n|turn|3\n|c|\u2606SS_Wobblewok|lol\n|\n|t:|1700102046\n|switch|p1a: Iron Moth|Iron Moth|100\/100\n|-item|p1a: Iron Moth|Air Balloon\n|move|p2a: Great Tusk|Rapid Spin|p1a: Iron Moth\n|-damage|p1a: Iron Moth|55\/100\n|-boost|p2a: Great Tusk|spe|1\n|-enditem|p1a: Iron Moth|Air Balloon\n|-sideend|p2: APOS5TEST|Stealth Rock|[from] move: Rapid Spin|[of] p2a: Great Tusk\n|\n|upkeep\n|turn|4\n|\n|t:|1700102066\n|-end|p1a: Iron Moth|Quark Drive|[silent]\n|switch|p1a: Heatran|Heatran, F|64\/100\n|move|p2a: Great Tusk|Earthquake|p1a: Heatran\n|-supereffective|p1a: Heatran\n|-damage|p1a: Heatran|0 fnt\n|faint|p1a: Heatran\n|\n|upkeep\n|inactive|SS_Wobblewok has 120 seconds left.\n|inactive|SS_Wobblewok has 90 seconds left.\n|\n|t:|1700102116\n|switch|p1a: Rillaboom|Rillaboom, M|100\/100\n|-fieldstart|move: Grassy Terrain|[from] ability: Grassy Surge|[of] p1a: Rillaboom\n|turn|5\n|\n|t:|1700102138\n|move|p1a: Rillaboom|Grassy Glide|p2a: Great Tusk\n|-supereffective|p2a: Great Tusk\n|-damage|p2a: Great Tusk|21\/100\n|move|p2a: Great Tusk|Ice Spinner|p1a: Rillaboom\n|-supereffective|p1a: Rillaboom\n|-damage|p1a: Rillaboom|13\/100\n|-fieldend|move: Grassy Terrain\n|\n|upkeep\n|turn|6\n|\n|t:|1700102145\n|move|p2a: Great Tusk|Ice Spinner|p1a: Rillaboom\n|-supereffective|p1a: Rillaboom\n|-damage|p1a: Rillaboom|0 fnt\n|faint|p1a: Rillaboom\n|\n|upkeep\n|\n|t:|1700102156\n|switch|p1a: Manaphy|Manaphy|100\/100\n|turn|7\n|\n|t:|1700102168\n|move|p2a: Great Tusk|Earthquake|p1a: Manaphy\n|-damage|p1a: Manaphy|20\/100\n|move|p1a: Manaphy|Ice Beam|p2a: Great Tusk\n|-supereffective|p2a: Great Tusk\n|-damage|p2a: Great Tusk|0 fnt\n|faint|p2a: Great Tusk\n|-end|p2a: Great Tusk|Protosynthesis|[silent]\n|\n|-heal|p1a: Manaphy|26\/100|[from] item: Leftovers\n|upkeep\n|\n|t:|1700102177\n|switch|p2a: Torterra|Torterra, F|100\/100\n|turn|8\n|inactive|SS_Wobblewok has 120 seconds left.\n|\n|t:|1700102197\n|move|p1a: Manaphy|Ice Beam|p2a: Torterra\n|-supereffective|p2a: Torterra\n|-damage|p2a: Torterra|0 fnt\n|faint|p2a: Torterra\n|\n|-heal|p1a: Manaphy|32\/100|[from] item: Leftovers\n|upkeep\n|\n|t:|1700102203\n|switch|p2a: Greninja|Greninja, M|100\/100\n|turn|9\n|\n|t:|1700102213\n|move|p2a: Greninja|Tera Blast|p1a: Manaphy\n|-damage|p1a: Manaphy|0 fnt\n|faint|p1a: Manaphy\n|-ability|p2a: Greninja|Battle Bond|boost\n|-boost|p2a: Greninja|atk|1\n|-boost|p2a: Greninja|spa|1\n|-boost|p2a: Greninja|spe|1\n|-activate|p2a: Greninja|ability: Battle Bond\n|-damage|p2a: Greninja|91\/100|[from] item: Life Orb\n|\n|upkeep\n|\n|t:|1700102216\n|switch|p1a: Zamazenta|Zamazenta|100\/100\n|-ability|p1a: Zamazenta|Dauntless Shield|boost\n|-boost|p1a: Zamazenta|def|1\n|turn|10\n|inactive|SS_Wobblewok has 120 seconds left.\n|j| grass knot zygarde\n|inactive|APOS5TEST has 120 seconds left.\n|\n|t:|1700102260\n|-terastallize|p2a: Greninja|Grass\n|move|p2a: Greninja|Tera Blast|p1a: Zamazenta|[anim] Tera Blast Grass\n|-damage|p1a: Zamazenta|36\/100\n|-damage|p2a: Greninja|81\/100|[from] item: Life Orb\n|move|p1a: Zamazenta|Body Press|p2a: Greninja\n|-damage|p2a: Greninja|5\/100\n|\n|-heal|p1a: Zamazenta|43\/100|[from] item: Leftovers\n|upkeep\n|turn|11\n|inactive|SS_Wobblewok has 120 seconds left.\n|\n|t:|1700102277\n|move|p2a: Greninja|Tera Blast|p1a: Zamazenta|[anim] Tera Blast Grass\n|-damage|p1a: Zamazenta|0 fnt\n|faint|p1a: Zamazenta\n|-damage|p2a: Greninja|0 fnt|[from] item: Life Orb\n|faint|p2a: Greninja\n|\n|upkeep\n|inactive|APOS5TEST has 120 seconds left.\n|\n|t:|1700102287\n|switch|p1a: Iron Moth|Iron Moth|55\/100\n|switch|p2a: Iron Valiant|Iron Valiant|100\/100\n|-enditem|p2a: Iron Valiant|Booster Energy\n|-activate|p2a: Iron Valiant|ability: Quark Drive|[fromitem]\n|-start|p2a: Iron Valiant|quarkdrivespe\n|turn|12\n|j| iliveinohiorizz\n|inactive|SS_Wobblewok has 120 seconds left.\n|\n|t:|1700102297\n|move|p2a: Iron Valiant|Shadow Ball|p1a: Iron Moth\n|-crit|p1a: Iron Moth\n|-damage|p1a: Iron Moth|17\/100\n|move|p1a: Iron Moth|Dazzling Gleam|p2a: Iron Valiant\n|-supereffective|p2a: Iron Valiant\n|-crit|p2a: Iron Valiant\n|-damage|p2a: Iron Valiant|0 fnt\n|faint|p2a: Iron Valiant\n|-end|p2a: Iron Valiant|Quark Drive|[silent]\n|\n|upkeep\n|\n|t:|1700102305\n|switch|p2a: Blissey|Blissey, F|100\/100\n|turn|13\n|c| iliveinohiorizz|my friend here grass knot zygarde loooves checking out guys\n|c|\u2606SS_Wobblewok|crit trade !!!\n|\n|t:|1700102319\n|move|p1a: Iron Moth|Fire Blast|p2a: Blissey\n|-damage|p2a: Blissey|80\/100\n|move|p2a: Blissey|Calm Mind|p2a: Blissey\n|-boost|p2a: Blissey|spa|1\n|-boost|p2a: Blissey|spd|1\n|\n|-heal|p2a: Blissey|86\/100|[from] item: Leftovers\n|upkeep\n|turn|14\n|\n|t:|1700102327\n|move|p1a: Iron Moth|Fire Blast|p2a: Blissey\n|-damage|p2a: Blissey|70\/100\n|move|p2a: Blissey|Calm Mind|p2a: Blissey\n|-boost|p2a: Blissey|spa|1\n|-boost|p2a: Blissey|spd|1\n|\n|-heal|p2a: Blissey|77\/100|[from] item: Leftovers\n|upkeep\n|turn|15\n|c| iliveinohiorizz|it's over for u cuh\n|c| grass knot zygarde|and is over and is over and is over\n|\n|t:|1700102338\n|move|p1a: Iron Moth|Fire Blast|p2a: Blissey\n|-damage|p2a: Blissey|65\/100\n|move|p2a: Blissey|Calm Mind|p2a: Blissey\n|-boost|p2a: Blissey|spa|1\n|-boost|p2a: Blissey|spd|1\n|\n|-heal|p2a: Blissey|71\/100|[from] item: Leftovers\n|upkeep\n|turn|16\n|c| grass knot zygarde|what great tusk set are u tommy\n|\n|t:|1700102345\n|move|p1a: Iron Moth|Fire Blast|p2a: Blissey\n|-damage|p2a: Blissey|61\/100\n|move|p2a: Blissey|Calm Mind|p2a: Blissey\n|-boost|p2a: Blissey|spa|1\n|-boost|p2a: Blissey|spd|1\n|\n|-heal|p2a: Blissey|67\/100|[from] item: Leftovers\n|upkeep\n|turn|17\n|c| iliveinohiorizz|i mean for tommy\n|c|\u2606SS_Wobblewok|special great tusk\n|c|\u2606SS_Wobblewok|D;\n|\n|t:|1700102355\n|move|p1a: Iron Moth|Fire Blast|p2a: Blissey\n|-damage|p2a: Blissey|60\/100\n|move|p2a: Blissey|Calm Mind|p2a: Blissey\n|-boost|p2a: Blissey|spa|1\n|-boost|p2a: Blissey|spd|1\n|\n|-heal|p2a: Blissey|66\/100|[from] item: Leftovers\n|upkeep\n|turn|18\n|c| iliveinohiorizz|he's knock off high horse power rapid spin and ice spinner\n|c| grass knot zygarde|its warida\n|c| iliveinohiorizz|in short\n|c| iliveinohiorizz|it's over.\n|\n|t:|1700102363\n|move|p1a: Iron Moth|Fire Blast|p2a: Blissey\n|-damage|p2a: Blissey|60\/100\n|move|p2a: Blissey|Calm Mind|p2a: Blissey\n|-boost|p2a: Blissey|spa|1\n|-boost|p2a: Blissey|spd|1\n|\n|-heal|p2a: Blissey|66\/100|[from] item: Leftovers\n|upkeep\n|turn|19\n|\n|t:|1700102373\n|move|p1a: Iron Moth|Fire Blast|p2a: Blissey\n|-damage|p2a: Blissey|60\/100\n|move|p2a: Blissey|Tera Blast|p1a: Iron Moth\n|-damage|p1a: Iron Moth|0 fnt\n|faint|p1a: Iron Moth\n|-end|p1a: Iron Moth|Quark Drive|[silent]\n|\n|-heal|p2a: Blissey|67\/100|[from] item: Leftovers\n|upkeep\n|\n|t:|1700102377\n|switch|p1a: Great Tusk|Great Tusk|100\/100\n|turn|20\n|c| iliveinohiorizz|GOOBER!\n|c| grass knot zygarde|what\n|\n|t:|1700102383\n|move|p1a: Great Tusk|Close Combat|p2a: Blissey\n|-supereffective|p2a: Blissey\n|-damage|p2a: Blissey|0 fnt\n|-unboost|p1a: Great Tusk|def|1\n|-unboost|p1a: Great Tusk|spd|1\n|faint|p2a: Blissey\n|\n|win|SS_Wobblewok\n|raw|SS_Wobblewok's rating: 1153 &rarr; <strong>1176<\/strong><br \/>(+23 for winning)\n|raw|APOS5TEST's rating: 1119 &rarr; <strong>1096<\/strong><br \/>(-23 for losing)\n|c| grass knot zygarde|HELLO?\n|l|\u2606APOS5TEST\n|c| iliveinohiorizz|i mean he is using ohio mons\n|c|\u2606SS_Wobblewok|that was an unreal match\n|c| iliveinohiorizz|so\n|c|\u2606SS_Wobblewok|imma send the replay\n","uploadtime":1700102399,"views":14,"p1id":"sswobblewok","p2id":"apos5test","formatid":"gen9ou","rating":1096,"private":0,"password":""}