{"id":"gen9ou-1990842224","p1":"EkCantDrawLol","p2":"DIMU179","format":"[Gen 9] OU","log":"|j|\u2606EkCantDrawLol\n|j|\u2606DIMU179\n|inactive|Battle timer is ON: inactive players will automatically lose when time's up.\n|t:|1700006544\n|gametype|singles\n|player|p1|EkCantDrawLol|skierf|\n|player|p2|DIMU179|benga|\n|teamsize|p1|3\n|teamsize|p2|3\n|gen|9\n|tier|[Gen 9] OU\n|rated|Tournament battle\n|rule|Sleep Clause Mod: Limit one foe put to sleep\n|rule|Species Clause: Limit one of each Pok\u00e9mon\n|rule|OHKO Clause: OHKO moves are banned\n|rule|Evasion Items Clause: Evasion items are banned\n|rule|Evasion Moves Clause: Evasion moves are banned\n|rule|Endless Battle Clause: Forcing endless battles is banned\n|rule|HP Percentage Mod: HP is shown in percentages\n|clearpoke\n|poke|p1|Gholdengo|\n|poke|p1|Garchomp, F|\n|poke|p1|Tyranitar, F|\n|poke|p2|Muk-Alola, F|\n|poke|p2|Garganacl, F|\n|poke|p2|Toxapex, M|\n|teampreview\n|j|*Lady Monita \u2746\n|inactive|DIMU179 also wants the timer to be on.\n|j| E4Everyone\n|\n|t:|1700006556\n|start\n|switch|p1a: Gholdengo|Gholdengo, shiny|100\/100\n|switch|p2a: Muk|Muk-Alola, F|100\/100\n|turn|1\n|\n|t:|1700006559\n|move|p1a: Gholdengo|Thunder Wave|p2a: Muk|[miss]\n|-miss|p1a: Gholdengo|p2a: Muk\n|move|p2a: Muk|Knock Off|p1a: Gholdengo\n|-supereffective|p1a: Gholdengo\n|-damage|p1a: Gholdengo|14\/100\n|-enditem|p1a: Gholdengo|Leftovers|[from] move: Knock Off|[of] p2a: Muk\n|\n|upkeep\n|turn|2\n|j| tert_14\n|\n|t:|1700006565\n|move|p2a: Muk|Shadow Sneak|p1a: Gholdengo\n|-supereffective|p1a: Gholdengo\n|-damage|p1a: Gholdengo|0 fnt\n|faint|p1a: Gholdengo\n|\n|upkeep\n|\n|t:|1700006567\n|switch|p1a: Garchomp|Garchomp, F, shiny|100\/100\n|turn|3\n|\n|t:|1700006571\n|-terastallize|p1a: Garchomp|Steel\n|-terastallize|p2a: Muk|Flying\n|move|p1a: Garchomp|Swords Dance|p1a: Garchomp\n|-boost|p1a: Garchomp|atk|2\n|move|p2a: Muk|Ice Punch|p1a: Garchomp\n|-resisted|p1a: Garchomp\n|-damage|p1a: Garchomp|88\/100\n|-damage|p2a: Muk|88\/100|[from] ability: Rough Skin|[of] p1a: Garchomp\n|-damage|p2a: Muk|72\/100|[from] item: Rocky Helmet|[of] p1a: Garchomp\n|\n|upkeep\n|turn|4\n|l| tert_14\n|\n|t:|1700006577\n|move|p1a: Garchomp|Dragon Claw|p2a: Muk\n|-damage|p2a: Muk|0 fnt\n|faint|p2a: Muk\n|\n|upkeep\n|\n|t:|1700006581\n|switch|p2a: Toxapex|Toxapex, M|100\/100\n|turn|5\n|c|\u2606DIMU179|gg\n|\n|t:|1700006587\n|move|p2a: Toxapex|Baneful Bunker|p2a: Toxapex\n|-singleturn|p2a: Toxapex|move: Protect\n|move|p1a: Garchomp|Swords Dance|p1a: Garchomp\n|-boost|p1a: Garchomp|atk|2\n|\n|upkeep\n|turn|6\n|\n|t:|1700006590\n|move|p1a: Garchomp|Earthquake|p2a: Toxapex\n|-supereffective|p2a: Toxapex\n|-damage|p2a: Toxapex|0 fnt\n|faint|p2a: Toxapex\n|\n|upkeep\n|\n|t:|1700006592\n|switch|p2a: Garganacl|Garganacl, F|100\/100\n|turn|7\n|c|\u2606EkCantDrawLol|Gg\n|\n|t:|1700006596\n|move|p1a: Garchomp|Earthquake|p2a: Garganacl\n|-supereffective|p2a: Garganacl\n|-damage|p2a: Garganacl|0 fnt\n|faint|p2a: Garganacl\n|\n|win|EkCantDrawLol\n|n|\u2606EkCantDrawLol|ekcantdrawlol\n|n|\u2606DIMU179|dimu179\n|n|*Lady Monita \u2746|ladymonita\n|n| E4Everyone|e4everyone\n|l|*Lady Monita \u2746\n","uploadtime":1700006601,"views":14,"p1id":"ekcantdrawlol","p2id":"dimu179","formatid":"gen9ou","rating":0,"private":0,"password":""}