{"id":"gen9ou-1989254954","p1":"Squi101","p2":"Battlebot998","format":"[Gen 9] OU","log":"|j|\u2606Squi101\n|j|\u2606Battlebot998\n|t:|1699828527\n|gametype|singles\n|player|p1|Squi101|169|1274\n|player|p2|Battlebot998|kabu|1340\n|teamsize|p1|6\n|teamsize|p2|6\n|gen|9\n|tier|[Gen 9] OU\n|rated|\n|rule|Sleep Clause Mod: Limit one foe put to sleep\n|rule|Species Clause: Limit one of each Pok\u00e9mon\n|rule|OHKO Clause: OHKO moves are banned\n|rule|Evasion Items Clause: Evasion items are banned\n|rule|Evasion Moves Clause: Evasion moves are banned\n|rule|Endless Battle Clause: Forcing endless battles is banned\n|rule|HP Percentage Mod: HP is shown in percentages\n|clearpoke\n|poke|p1|Greninja-*, M|\n|poke|p1|Abomasnow, M|\n|poke|p1|Hoopa-Unbound|\n|poke|p1|Sinistcha|\n|poke|p1|Tinkaton, F|\n|poke|p1|Iron Treads|\n|poke|p2|Landorus-Therian, M|\n|poke|p2|Eelektross, M|\n|poke|p2|Dondozo, M|\n|poke|p2|Meowscarada, F|\n|poke|p2|Slowking-Galar, M|\n|poke|p2|Cinderace, M|\n|teampreview\n|\n|t:|1699828552\n|start\n|switch|p1a: Greninja|Greninja, M, shiny|100\/100\n|switch|p2a: Cinderace|Cinderace, M|100\/100\n|turn|1\n|\n|t:|1699828558\n|switch|p2a: Meowscarada|Meowscarada, F, shiny|100\/100\n|move|p1a: Greninja|U-turn|p2a: Meowscarada\n|-start|p1a: Greninja|typechange|Bug|[from] ability: Protean\n|-supereffective|p2a: Meowscarada\n|-damage|p2a: Meowscarada|0 fnt\n|faint|p2a: Meowscarada\n|\n|t:|1699828578\n|switch|p1a: Hoopa|Hoopa-Unbound|100\/100|[from] U-turn\n|\n|upkeep\n|\n|t:|1699828587\n|switch|p2a: Cinderace|Cinderace, M|100\/100\n|turn|2\n|\n|t:|1699828594\n|move|p2a: Cinderace|U-turn|p1a: Hoopa\n|-start|p2a: Cinderace|typechange|Bug|[from] ability: Libero\n|-supereffective|p1a: Hoopa\n|-damage|p1a: Hoopa|0 fnt\n|faint|p1a: Hoopa\n|\n|t:|1699828603\n|switch|p2a: Landorus|Landorus-Therian, M|100\/100|[from] U-turn\n|\n|upkeep\n|\n|t:|1699828607\n|switch|p1a: Greninja|Greninja, M, shiny|100\/100\n|turn|3\n|\n|t:|1699828612\n|move|p1a: Greninja|U-turn|p2a: Landorus\n|-start|p1a: Greninja|typechange|Bug|[from] ability: Protean\n|-resisted|p2a: Landorus\n|-damage|p2a: Landorus|89\/100\n|-damage|p1a: Greninja|84\/100|[from] item: Rocky Helmet|[of] p2a: Landorus\n|\n|t:|1699828618\n|switch|p1a: Abomasnow|Abomasnow, M|100\/100|[from] U-turn\n|-weather|Snow|[from] ability: Snow Warning|[of] p1a: Abomasnow\n|move|p2a: Landorus|U-turn|p1a: Abomasnow\n|-supereffective|p1a: Abomasnow\n|-damage|p1a: Abomasnow|60\/100\n|\n|t:|1699828623\n|switch|p2a: Cinderace|Cinderace, M|100\/100|[from] U-turn\n|\n|-weather|Snow|[upkeep]\n|upkeep\n|turn|4\n|\n|t:|1699828630\n|-terastallize|p1a: Abomasnow|Water\n|move|p2a: Cinderace|Pyro Ball|p1a: Abomasnow\n|-resisted|p1a: Abomasnow\n|-damage|p1a: Abomasnow|28\/100\n|move|p1a: Abomasnow|Aurora Veil|p1a: Abomasnow\n|-sidestart|p1: Squi101|move: Aurora Veil\n|\n|-weather|Snow|[upkeep]\n|upkeep\n|turn|5\n|\n|t:|1699828638\n|move|p2a: Cinderace|U-turn|p1a: Abomasnow\n|-start|p2a: Cinderace|typechange|Bug|[from] ability: Libero\n|-damage|p1a: Abomasnow|10\/100\n|\n|t:|1699828641\n|switch|p2a: Eelektross|Eelektross, M|100\/100|[from] U-turn\n|move|p1a: Abomasnow|Earth Power|p2a: Eelektross\n|-immune|p2a: Eelektross|[from] ability: Levitate\n|\n|-weather|Snow|[upkeep]\n|upkeep\n|turn|6\n|\n|t:|1699828648\n|move|p1a: Abomasnow|Blizzard|p2a: Eelektross\n|-damage|p2a: Eelektross|61\/100\n|move|p2a: Eelektross|Knock Off|p1a: Abomasnow\n|-damage|p1a: Abomasnow|0 fnt\n|-enditem|p1a: Abomasnow|Light Clay|[from] move: Knock Off|[of] p2a: Eelektross\n|faint|p1a: Abomasnow\n|\n|-weather|Snow|[upkeep]\n|upkeep\n|\n|t:|1699828668\n|switch|p1a: Greninja|Greninja, M, shiny|84\/100\n|turn|7\n|\n|t:|1699828672\n|-terastallize|p2a: Eelektross|Fighting\n|move|p1a: Greninja|Dark Pulse|p2a: Eelektross\n|-start|p1a: Greninja|typechange|Dark|[from] ability: Protean\n|-resisted|p2a: Eelektross\n|-damage|p2a: Eelektross|41\/100\n|move|p2a: Eelektross|Drain Punch|p1a: Greninja\n|-supereffective|p1a: Greninja\n|-damage|p1a: Greninja|19\/100\n|-heal|p2a: Eelektross|65\/100|[from] drain|[of] p1a: Greninja\n|\n|-weather|none\n|upkeep\n|turn|8\n|\n|t:|1699828684\n|switch|p1a: Sinistcha|Sinistcha|100\/100\n|move|p2a: Eelektross|U-turn|p1a: Sinistcha\n|-damage|p1a: Sinistcha|92\/100\n|\n|t:|1699828688\n|switch|p2a: Landorus|Landorus-Therian, M|89\/100|[from] U-turn\n|-ability|p2a: Landorus|Intimidate|boost\n|-unboost|p1a: Sinistcha|atk|1\n|\n|-heal|p1a: Sinistcha|98\/100|[from] item: Leftovers\n|upkeep\n|turn|9\n|\n|t:|1699828695\n|move|p2a: Landorus|Taunt|p1a: Sinistcha\n|-start|p1a: Sinistcha|move: Taunt\n|cant|p1a: Sinistcha|move: Taunt|Strength Sap\n|\n|-heal|p1a: Sinistcha|100\/100|[from] item: Leftovers\n|upkeep\n|turn|10\n|\n|t:|1699828708\n|switch|p1a: Tinkaton|Tinkaton, F|100\/100\n|-ability|p1a: Tinkaton|Mold Breaker\n|-item|p1a: Tinkaton|Air Balloon\n|move|p2a: Landorus|Stealth Rock|p1a: Tinkaton\n|-sidestart|p1: Squi101|move: Stealth Rock\n|\n|upkeep\n|turn|11\n|\n|t:|1699828720\n|move|p2a: Landorus|U-turn|p1a: Tinkaton\n|-resisted|p1a: Tinkaton\n|-damage|p1a: Tinkaton|97\/100\n|-enditem|p1a: Tinkaton|Air Balloon\n|\n|t:|1699828723\n|switch|p2a: Cinderace|Cinderace, M|100\/100|[from] U-turn\n|move|p1a: Tinkaton|Stealth Rock|p2a: Cinderace\n|-sidestart|p2: Battlebot998|move: Stealth Rock\n|\n|-sideend|p1: Squi101|move: Aurora Veil\n|upkeep\n|turn|12\n|\n|t:|1699828733\n|move|p2a: Cinderace|Pyro Ball|p1a: Tinkaton\n|-supereffective|p1a: Tinkaton\n|-damage|p1a: Tinkaton|0 fnt\n|faint|p1a: Tinkaton\n|\n|upkeep\n|\n|t:|1699828738\n|switch|p1a: Iron Treads|Iron Treads|100\/100\n|-damage|p1a: Iron Treads|98\/100|[from] Stealth Rock\n|-enditem|p1a: Iron Treads|Booster Energy\n|-activate|p1a: Iron Treads|ability: Quark Drive|[fromitem]\n|-start|p1a: Iron Treads|quarkdrivespe\n|turn|13\n|\n|t:|1699828747\n|move|p1a: Iron Treads|Rapid Spin|p2a: Cinderace\n|-damage|p2a: Cinderace|77\/100\n|-boost|p1a: Iron Treads|spe|1\n|-sideend|p1: Squi101|Stealth Rock|[from] move: Rapid Spin|[of] p1a: Iron Treads\n|move|p2a: Cinderace|Pyro Ball|p1a: Iron Treads|[miss]\n|-miss|p2a: Cinderace|p1a: Iron Treads\n|\n|upkeep\n|turn|14\n|\n|t:|1699828754\n|switch|p2a: Dondozo|Dondozo, M|100\/100\n|-damage|p2a: Dondozo|88\/100|[from] Stealth Rock\n|move|p1a: Iron Treads|Earthquake|p2a: Dondozo\n|-damage|p2a: Dondozo|59\/100\n|\n|-heal|p2a: Dondozo|65\/100|[from] item: Leftovers\n|upkeep\n|turn|15\n|\n|t:|1699828764\n|move|p1a: Iron Treads|Knock Off|p2a: Dondozo\n|-damage|p2a: Dondozo|48\/100\n|-enditem|p2a: Dondozo|Leftovers|[from] move: Knock Off|[of] p1a: Iron Treads\n|move|p2a: Dondozo|Wave Crash|p1a: Iron Treads\n|-supereffective|p1a: Iron Treads\n|-crit|p1a: Iron Treads\n|-damage|p1a: Iron Treads|0 fnt\n|faint|p1a: Iron Treads\n|-end|p1a: Iron Treads|Quark Drive|[silent]\n|-damage|p2a: Dondozo|27\/100|[from] Recoil\n|\n|upkeep\n|\n|t:|1699828775\n|switch|p1a: Greninja|Greninja, M, shiny|19\/100\n|turn|16\n|\n|t:|1699828783\n|move|p1a: Greninja|Dark Pulse|p2a: Dondozo\n|-start|p1a: Greninja|typechange|Dark|[from] ability: Protean\n|-crit|p2a: Dondozo\n|-damage|p2a: Dondozo|0 fnt\n|faint|p2a: Dondozo\n|\n|upkeep\n|\n|t:|1699828787\n|switch|p2a: Slowking|Slowking-Galar, M, shiny|100\/100\n|-damage|p2a: Slowking|88\/100|[from] Stealth Rock\n|turn|17\n|\n|t:|1699828792\n|move|p1a: Greninja|Dark Pulse|p2a: Slowking\n|-supereffective|p2a: Slowking\n|-damage|p2a: Slowking|18\/100\n|move|p2a: Slowking|Ice Beam|p1a: Greninja\n|-damage|p1a: Greninja|0 fnt\n|faint|p1a: Greninja\n|\n|-heal|p2a: Slowking|24\/100|[from] item: Leftovers\n|upkeep\n|\n|t:|1699828801\n|switch|p1a: Sinistcha|Sinistcha|100\/100\n|turn|18\n|\n|t:|1699828804\n|switch|p2a: Cinderace|Cinderace, M|77\/100\n|move|p1a: Sinistcha|Calm Mind|p1a: Sinistcha\n|-boost|p1a: Sinistcha|spa|1\n|-boost|p1a: Sinistcha|spd|1\n|\n|upkeep\n|turn|19\n|\n|t:|1699828810\n|move|p2a: Cinderace|Pyro Ball|p1a: Sinistcha\n|-supereffective|p1a: Sinistcha\n|-crit|p1a: Sinistcha\n|-damage|p1a: Sinistcha|34\/100\n|move|p1a: Sinistcha|Strength Sap|p2a: Cinderace\n|-unboost|p2a: Cinderace|atk|1\n|-heal|p1a: Sinistcha|100\/100\n|\n|upkeep\n|turn|20\n|\n|t:|1699828822\n|move|p2a: Cinderace|U-turn|p1a: Sinistcha\n|-start|p2a: Cinderace|typechange|Bug|[from] ability: Libero\n|-damage|p1a: Sinistcha|85\/100\n|\n|t:|1699828825\n|switch|p2a: Eelektross|Eelektross, M, tera:Fighting|65\/100|[from] U-turn\n|-damage|p2a: Eelektross|59\/100|[from] Stealth Rock\n|move|p1a: Sinistcha|Strength Sap|p2a: Eelektross\n|-unboost|p2a: Eelektross|atk|1\n|-heal|p1a: Sinistcha|100\/100\n|\n|upkeep\n|turn|21\n|\n|t:|1699828836\n|move|p1a: Sinistcha|Matcha Gotcha|p2a: Eelektross\n|-damage|p2a: Eelektross|26\/100\n|-status|p2a: Eelektross|brn\n|move|p2a: Eelektross|Knock Off|p1a: Sinistcha\n|-supereffective|p1a: Sinistcha\n|-damage|p1a: Sinistcha|85\/100\n|-enditem|p1a: Sinistcha|Leftovers|[from] move: Knock Off|[of] p2a: Eelektross\n|\n|-damage|p2a: Eelektross|20\/100 brn|[from] brn\n|upkeep\n|turn|22\n|\n|t:|1699828851\n|move|p1a: Sinistcha|Calm Mind|p1a: Sinistcha\n|-boost|p1a: Sinistcha|spa|1\n|-boost|p1a: Sinistcha|spd|1\n|move|p2a: Eelektross|U-turn|p1a: Sinistcha\n|-damage|p1a: Sinistcha|79\/100\n|\n|t:|1699828855\n|switch|p2a: Cinderace|Cinderace, M|77\/100|[from] U-turn\n|\n|upkeep\n|turn|23\n|\n|t:|1699828862\n|move|p2a: Cinderace|Pyro Ball|p1a: Sinistcha\n|-supereffective|p1a: Sinistcha\n|-damage|p1a: Sinistcha|38\/100\n|move|p1a: Sinistcha|Strength Sap|p2a: Cinderace\n|-unboost|p2a: Cinderace|atk|1\n|-heal|p1a: Sinistcha|100\/100\n|\n|upkeep\n|turn|24\n|c|\u2606Battlebot998|Whateever Im not doing this shit\n|-message|Battlebot998 forfeited.\n|\n|win|Squi101\n|raw|Squi101's rating: 1274 &rarr; <strong>1304<\/strong><br \/>(+30 for winning)\n|raw|Battlebot998's rating: 1340 &rarr; <strong>1316<\/strong><br \/>(-24 for losing)\n|l|\u2606Battlebot998\n|j| GuardianSolo\n|j| okaiokaiokai\n|j| ZERO2007\n|l| okaiokaiokai\n|l|\u2606Squi101\n|l| ZERO2007\n|j|\u2606Squi101\n|player|p1|Squi101|169\n","uploadtime":1699828881,"views":10,"p1id":"squi101","p2id":"battlebot998","formatid":"gen9ou","rating":1304,"private":0,"password":""}