{"id":"gen9ou-1991998901","p1":"mummyNSFW","p2":"SkyStriker8534","format":"[Gen 9] OU","log":"|j|\u2606mummyNSFW\n|j|\u203dSkyStriker8534\n|t:|1700146435\n|gametype|singles\n|player|p1|mummyNSFW|cynthia-masters3|1248\n|player|p2|SkyStriker8534|parasollady|1337\n|teamsize|p1|6\n|teamsize|p2|6\n|gen|9\n|tier|[Gen 9] OU\n|rated|\n|rule|Sleep Clause Mod: Limit one foe put to sleep\n|rule|Species Clause: Limit one of each Pok\u00e9mon\n|rule|OHKO Clause: OHKO moves are banned\n|rule|Evasion Items Clause: Evasion items are banned\n|rule|Evasion Moves Clause: Evasion moves are banned\n|rule|Endless Battle Clause: Forcing endless battles is banned\n|rule|HP Percentage Mod: HP is shown in percentages\n|clearpoke\n|poke|p1|Landorus-Therian, M|\n|poke|p1|Rillaboom, M|\n|poke|p1|Iron Moth|\n|poke|p1|Staraptor, M|\n|poke|p1|Hydreigon, F|\n|poke|p1|Rotom-Wash|\n|poke|p2|Clefable, F|\n|poke|p2|Glimmora, M|\n|poke|p2|Dragapult, M|\n|poke|p2|Corviknight, F|\n|poke|p2|Dragonite, F|\n|poke|p2|Iron Hands|\n|teampreview\n|\n|t:|1700146475\n|start\n|switch|p1a: wiped u|Hydreigon, F|100\/100\n|switch|p2a: Glimmora|Glimmora, M|100\/100\n|turn|1\n|\n|t:|1700146484\n|switch|p2a: Clefable|Clefable, F, shiny|100\/100\n|move|p1a: wiped u|Surf|p2a: Clefable\n|-damage|p2a: Clefable|71\/100\n|\n|-heal|p2a: Clefable|77\/100|[from] item: Leftovers\n|upkeep\n|turn|2\n|inactive|Battle timer is ON: inactive players will automatically lose when time's up. (requested by SkyStriker8534)\n|\n|t:|1700146497\n|switch|p1a: jack-o-lantern|Rotom-Wash|100\/100\n|switch|p2a: Iron Hands|Iron Hands|100\/100\n|\n|upkeep\n|turn|3\n|\n|t:|1700146511\n|move|p1a: jack-o-lantern|Will-O-Wisp|p2a: Iron Hands\n|-status|p2a: Iron Hands|brn\n|move|p2a: Iron Hands|Drain Punch|p1a: jack-o-lantern\n|-damage|p1a: jack-o-lantern|76\/100\n|\n|-heal|p1a: jack-o-lantern|82\/100|[from] item: Leftovers\n|-damage|p2a: Iron Hands|94\/100 brn|[from] brn\n|upkeep\n|turn|4\n|\n|t:|1700146523\n|move|p1a: jack-o-lantern|Hydro Pump|p2a: Iron Hands|[miss]\n|-miss|p1a: jack-o-lantern|p2a: Iron Hands\n|move|p2a: Iron Hands|Ice Punch|p1a: jack-o-lantern\n|-resisted|p1a: jack-o-lantern\n|-damage|p1a: jack-o-lantern|74\/100\n|\n|-heal|p1a: jack-o-lantern|80\/100|[from] item: Leftovers\n|-damage|p2a: Iron Hands|88\/100 brn|[from] brn\n|upkeep\n|turn|5\n|\n|t:|1700146535\n|move|p1a: jack-o-lantern|Hydro Pump|p2a: Iron Hands\n|-damage|p2a: Iron Hands|63\/100 brn\n|move|p2a: Iron Hands|Drain Punch|p1a: jack-o-lantern\n|-damage|p1a: jack-o-lantern|56\/100\n|-heal|p2a: Iron Hands|71\/100 brn|[from] drain|[of] p1a: jack-o-lantern\n|\n|-heal|p1a: jack-o-lantern|62\/100|[from] item: Leftovers\n|-damage|p2a: Iron Hands|64\/100 brn|[from] brn\n|upkeep\n|turn|6\n|\n|t:|1700146548\n|move|p1a: jack-o-lantern|Hydro Pump|p2a: Iron Hands|[miss]\n|-miss|p1a: jack-o-lantern|p2a: Iron Hands\n|move|p2a: Iron Hands|Drain Punch|p1a: jack-o-lantern\n|-damage|p1a: jack-o-lantern|38\/100\n|-heal|p2a: Iron Hands|72\/100 brn|[from] drain|[of] p1a: jack-o-lantern\n|\n|-heal|p1a: jack-o-lantern|44\/100|[from] item: Leftovers\n|-damage|p2a: Iron Hands|66\/100 brn|[from] brn\n|upkeep\n|turn|7\n|\n|t:|1700146568\n|move|p1a: jack-o-lantern|Hydro Pump|p2a: Iron Hands\n|-damage|p2a: Iron Hands|40\/100 brn\n|move|p2a: Iron Hands|Drain Punch|p1a: jack-o-lantern\n|-damage|p1a: jack-o-lantern|21\/100\n|-heal|p2a: Iron Hands|47\/100 brn|[from] drain|[of] p1a: jack-o-lantern\n|\n|-heal|p1a: jack-o-lantern|27\/100|[from] item: Leftovers\n|-damage|p2a: Iron Hands|41\/100 brn|[from] brn\n|upkeep\n|turn|8\n|\n|t:|1700146578\n|move|p1a: jack-o-lantern|Hydro Pump|p2a: Iron Hands\n|-damage|p2a: Iron Hands|15\/100 brn\n|move|p2a: Iron Hands|Drain Punch|p1a: jack-o-lantern\n|-crit|p1a: jack-o-lantern\n|-damage|p1a: jack-o-lantern|0 fnt\n|-heal|p2a: Iron Hands|23\/100 brn|[from] drain|[of] p1a: jack-o-lantern\n|faint|p1a: jack-o-lantern\n|\n|-damage|p2a: Iron Hands|17\/100 brn|[from] brn\n|upkeep\n|inactive|mummyNSFW has 120 seconds left.\n|\n|t:|1700146608\n|switch|p1a: wiped u|Hydreigon, F|100\/100\n|turn|9\n|inactive|SkyStriker8534 has 120 seconds left.\n|\n|t:|1700146639\n|-terastallize|p1a: wiped u|Water\n|move|p1a: wiped u|Surf|p2a: Iron Hands\n|-damage|p2a: Iron Hands|0 fnt\n|faint|p2a: Iron Hands\n|-end|p2a: Iron Hands|Quark Drive|[silent]\n|\n|upkeep\n|inactive|SkyStriker8534 has 120 seconds left.\n|\n|t:|1700146659\n|switch|p2a: Dragonite|Dragonite, F|100\/100\n|turn|10\n|\n|t:|1700146665\n|switch|p1a: UUbl(boy love)|Staraptor, M, shiny|100\/100\n|move|p2a: Dragonite|Outrage|p1a: UUbl(boy love)\n|-damage|p1a: UUbl(boy love)|0 fnt\n|faint|p1a: UUbl(boy love)\n|\n|upkeep\n|\n|t:|1700146681\n|switch|p1a: its not lanover|Landorus-Therian, M|100\/100\n|-ability|p1a: its not lanover|Intimidate|boost\n|-unboost|p2a: Dragonite|atk|1\n|turn|11\n|\n|t:|1700146686\n|move|p1a: its not lanover|U-turn|p2a: Dragonite\n|-resisted|p2a: Dragonite\n|-damage|p2a: Dragonite|94\/100\n|\n|t:|1700146690\n|switch|p1a: monke|Rillaboom, M, shiny|100\/100|[from] U-turn\n|-fieldstart|move: Grassy Terrain|[from] ability: Grassy Surge|[of] p1a: monke\n|move|p2a: Dragonite|Outrage|p1a: monke|[from]lockedmove\n|-damage|p1a: monke|29\/100\n|\n|-heal|p1a: monke|35\/100|[from] Grassy Terrain\n|upkeep\n|turn|12\n|\n|t:|1700146700\n|move|p2a: Dragonite|Outrage|p1a: monke|[from]lockedmove\n|-damage|p1a: monke|0 fnt\n|faint|p1a: monke\n|-start|p2a: Dragonite|confusion|[fatigue]\n|\n|upkeep\n|\n|t:|1700146706\n|switch|p1a: wiped u|Hydreigon, F, tera:Water|100\/100\n|turn|13\n|\n|t:|1700146710\n|switch|p2a: Clefable|Clefable, F, shiny|77\/100\n|move|p1a: wiped u|Flash Cannon|p2a: Clefable\n|-supereffective|p2a: Clefable\n|-damage|p2a: Clefable|20\/100\n|\n|-heal|p2a: Clefable|26\/100|[from] Grassy Terrain\n|-heal|p2a: Clefable|32\/100|[from] item: Leftovers\n|upkeep\n|turn|14\n|\n|t:|1700146719\n|move|p2a: Clefable|Protect|p2a: Clefable\n|-singleturn|p2a: Clefable|Protect\n|move|p1a: wiped u|Flash Cannon|p2a: Clefable\n|-activate|p2a: Clefable|move: Protect\n|\n|-heal|p2a: Clefable|38\/100|[from] Grassy Terrain\n|-heal|p2a: Clefable|44\/100|[from] item: Leftovers\n|upkeep\n|turn|15\n|\n|t:|1700146727\n|switch|p2a: Corviknight|Corviknight, F, shiny|100\/100\n|move|p1a: wiped u|Flash Cannon|p2a: Corviknight\n|-resisted|p2a: Corviknight\n|-damage|p2a: Corviknight|79\/100\n|\n|-heal|p2a: Corviknight|86\/100|[from] item: Leftovers\n|-fieldend|move: Grassy Terrain\n|upkeep\n|turn|16\n|\n|t:|1700146735\n|switch|p1a: discount rona|Iron Moth|100\/100\n|-enditem|p1a: discount rona|Booster Energy\n|-activate|p1a: discount rona|ability: Quark Drive|[fromitem]\n|-start|p1a: discount rona|quarkdrivespe\n|move|p2a: Corviknight|Brave Bird|p1a: discount rona\n|-damage|p1a: discount rona|36\/100\n|-damage|p2a: Corviknight|70\/100|[from] Recoil\n|\n|-heal|p2a: Corviknight|76\/100|[from] item: Leftovers\n|upkeep\n|turn|17\n|\n|t:|1700146748\n|move|p1a: discount rona|Fiery Dance|p2a: Corviknight\n|-supereffective|p2a: Corviknight\n|-damage|p2a: Corviknight|1\/100\n|-boost|p1a: discount rona|spa|1\n|move|p2a: Corviknight|Brave Bird|p1a: discount rona\n|-damage|p1a: discount rona|0 fnt\n|faint|p1a: discount rona\n|-end|p1a: discount rona|Quark Drive|[silent]\n|-damage|p2a: Corviknight|0 fnt|[from] Recoil\n|faint|p2a: Corviknight\n|\n|upkeep\n|\n|t:|1700146761\n|switch|p1a: wiped u|Hydreigon, F, tera:Water|100\/100\n|switch|p2a: Dragonite|Dragonite, F|94\/100\n|turn|18\n|\n|t:|1700146778\n|move|p1a: wiped u|Dragon Pulse|p2a: Dragonite\n|-supereffective|p2a: Dragonite\n|-damage|p2a: Dragonite|0 fnt\n|faint|p2a: Dragonite\n|\n|upkeep\n|\n|t:|1700146785\n|switch|p2a: Clefable|Clefable, F, shiny|44\/100\n|turn|19\n|\n|t:|1700146788\n|switch|p1a: its not lanover|Landorus-Therian, M|100\/100\n|-ability|p1a: its not lanover|Intimidate|boost\n|-unboost|p2a: Clefable|atk|1\n|move|p2a: Clefable|Wish|p2a: Clefable\n|\n|-heal|p2a: Clefable|50\/100|[from] item: Leftovers\n|upkeep\n|turn|20\n|\n|t:|1700146800\n|move|p1a: its not lanover|Earthquake|p2a: Clefable\n|-damage|p2a: Clefable|0 fnt\n|faint|p2a: Clefable\n|\n|upkeep\n|\n|t:|1700146804\n|switch|p2a: Dragapult|Dragapult, M, shiny|100\/100\n|turn|21\n|\n|t:|1700146808\n|-terastallize|p2a: Dragapult|Ghost\n|move|p1a: its not lanover|Earthquake|p2a: Dragapult\n|-damage|p2a: Dragapult|28\/100\n|move|p2a: Dragapult|Shadow Ball|p1a: its not lanover\n|-damage|p1a: its not lanover|8\/100\n|\n|upkeep\n|turn|22\n|\n|t:|1700146827\n|switch|p2a: Glimmora|Glimmora, M|100\/100\n|move|p1a: its not lanover|Earthquake|p2a: Glimmora\n|-supereffective|p2a: Glimmora\n|-enditem|p2a: Glimmora|Focus Sash\n|-damage|p2a: Glimmora|1\/100\n|-activate|p2a: Glimmora|ability: Toxic Debris\n|-sidestart|p1: mummyNSFW|move: Toxic Spikes\n|\n|upkeep\n|turn|23\n|-message|SkyStriker8534 forfeited.\n|\n|win|mummyNSFW\n|raw|mummyNSFW's rating: 1248 &rarr; <strong>1279<\/strong><br \/>(+31 for winning)\n|raw|SkyStriker8534's rating: 1337 &rarr; <strong>1312<\/strong><br \/>(-25 for losing)\n|l|\u203dSkyStriker8534\n","uploadtime":1700146850,"views":9,"p1id":"mummynsfw","p2id":"skystriker8534","formatid":"gen9ou","rating":1279,"private":0,"password":""}