{"id":"gen9ou-1993551298","p1":"KakunaBR","p2":"HazeCloud","format":"[Gen 9] OU","log":"|j|\u2606KakunaBR\n|j|\u2606HazeCloud\n|t:|1700330825\n|gametype|singles\n|player|p1|KakunaBR|veteran|1573\n|player|p2|HazeCloud|blue-gen2|1554\n|teamsize|p1|6\n|teamsize|p2|6\n|gen|9\n|tier|[Gen 9] OU\n|rated|\n|rule|Sleep Clause Mod: Limit one foe put to sleep\n|rule|Species Clause: Limit one of each Pok\u00e9mon\n|rule|OHKO Clause: OHKO moves are banned\n|rule|Evasion Items Clause: Evasion items are banned\n|rule|Evasion Moves Clause: Evasion moves are banned\n|rule|Endless Battle Clause: Forcing endless battles is banned\n|rule|HP Percentage Mod: HP is shown in percentages\n|clearpoke\n|poke|p1|Gengar, M|\n|poke|p1|Dragonite, F|\n|poke|p1|Cinderace, M|\n|poke|p1|Greninja-*, M|\n|poke|p1|Zapdos|\n|poke|p1|Hawlucha, F|\n|poke|p2|Great Tusk|\n|poke|p2|Ogerpon-Wellspring, F|\n|poke|p2|Yanmega, M|\n|poke|p2|Rillaboom, M|\n|poke|p2|Sneasler, M|\n|poke|p2|Goodra-Hisui, M|\n|teampreview\n|inactive|Battle timer is ON: inactive players will automatically lose when time's up. (requested by KakunaBR)\n|\n|t:|1700330852\n|start\n|switch|p1a: Zapdos|Zapdos|100\/100\n|switch|p2a: Lujan Psy-Ops|Ogerpon-Wellspring, F|100\/100\n|turn|1\n|\n|t:|1700330860\n|switch|p2a: Le'Goobdra|Goodra-Hisui, M|100\/100\n|move|p1a: Zapdos|Hurricane|p2a: Le'Goobdra|[miss]\n|-miss|p1a: Zapdos|p2a: Le'Goobdra\n|\n|upkeep\n|turn|2\n|\n|t:|1700330872\n|move|p1a: Zapdos|Volt Switch|p2a: Le'Goobdra\n|-resisted|p2a: Le'Goobdra\n|-damage|p2a: Le'Goobdra|92\/100\n|\n|t:|1700330875\n|switch|p1a: Cinderace|Cinderace, M|100\/100|[from] Volt Switch\n|move|p2a: Le'Goobdra|Draco Meteor|p1a: Cinderace\n|-damage|p1a: Cinderace|7\/100\n|-unboost|p2a: Le'Goobdra|spa|2\n|\n|upkeep\n|turn|3\n|\n|t:|1700330896\n|switch|p2a: Tusken Raider|Great Tusk|100\/100\n|-enditem|p2a: Tusken Raider|Booster Energy\n|-activate|p2a: Tusken Raider|ability: Protosynthesis|[fromitem]\n|-start|p2a: Tusken Raider|protosynthesisatk\n|move|p1a: Cinderace|High Jump Kick|p2a: Tusken Raider|[miss]\n|-start|p1a: Cinderace|typechange|Fighting|[from] ability: Libero\n|-miss|p1a: Cinderace|p2a: Tusken Raider\n|-damage|p1a: Cinderace|0 fnt|[from] highjumpkick\n|faint|p1a: Cinderace\n|\n|upkeep\n|\n|t:|1700330902\n|switch|p1a: Zapdos|Zapdos|100\/100\n|turn|4\n|\n|t:|1700330922\n|-terastallize|p2a: Tusken Raider|Steel\n|move|p1a: Zapdos|Volt Switch|p2a: Tusken Raider\n|-damage|p2a: Tusken Raider|50\/100\n|\n|t:|1700330927\n|switch|p1a: Greninja|Greninja, M|100\/100|[from] Volt Switch\n|move|p2a: Tusken Raider|Rapid Spin|p1a: Greninja\n|-damage|p1a: Greninja|63\/100\n|-boost|p2a: Tusken Raider|spe|1\n|\n|upkeep\n|turn|5\n|\n|t:|1700330936\n|move|p2a: Tusken Raider|Close Combat|p1a: Greninja\n|-supereffective|p1a: Greninja\n|-damage|p1a: Greninja|0 fnt\n|-unboost|p2a: Tusken Raider|def|1\n|-unboost|p2a: Tusken Raider|spd|1\n|faint|p1a: Greninja\n|\n|upkeep\n|\n|t:|1700330942\n|switch|p1a: Gengar|Gengar, M|100\/100\n|turn|6\n|\n|t:|1700330947\n|move|p1a: Gengar|Shadow Ball|p2a: Tusken Raider\n|-damage|p2a: Tusken Raider|0 fnt\n|faint|p2a: Tusken Raider\n|-end|p2a: Tusken Raider|Protosynthesis|[silent]\n|\n|upkeep\n|\n|t:|1700330953\n|switch|p2a: Le'Goobdra|Goodra-Hisui, M|92\/100\n|turn|7\n|\n|t:|1700330962\n|move|p1a: Gengar|Shadow Ball|p2a: Le'Goobdra\n|-damage|p2a: Le'Goobdra|71\/100\n|move|p2a: Le'Goobdra|Flash Cannon|p1a: Gengar\n|-damage|p1a: Gengar|29\/100\n|\n|upkeep\n|turn|8\n|\n|t:|1700330970\n|move|p1a: Gengar|Shadow Ball|p2a: Le'Goobdra\n|-damage|p2a: Le'Goobdra|52\/100\n|move|p2a: Le'Goobdra|Fire Blast|p1a: Gengar\n|-damage|p1a: Gengar|0 fnt\n|faint|p1a: Gengar\n|\n|upkeep\n|\n|t:|1700330974\n|switch|p1a: Hawlucha|Hawlucha, F|100\/100\n|turn|9\n|\n|t:|1700330985\n|-terastallize|p1a: Hawlucha|Steel\n|move|p1a: Hawlucha|Swords Dance|p1a: Hawlucha\n|-boost|p1a: Hawlucha|atk|2\n|move|p2a: Le'Goobdra|Draco Meteor|p1a: Hawlucha|[miss]\n|-miss|p2a: Le'Goobdra|p1a: Hawlucha\n|\n|upkeep\n|turn|10\n|\n|t:|1700330994\n|move|p1a: Hawlucha|Close Combat|p2a: Le'Goobdra\n|-supereffective|p2a: Le'Goobdra\n|-crit|p2a: Le'Goobdra\n|-damage|p2a: Le'Goobdra|0 fnt\n|-unboost|p1a: Hawlucha|def|1\n|-unboost|p1a: Hawlucha|spd|1\n|faint|p2a: Le'Goobdra\n|\n|upkeep\n|\n|t:|1700331002\n|switch|p2a: MONKE|Rillaboom, M|100\/100\n|-fieldstart|move: Grassy Terrain|[from] ability: Grassy Surge|[of] p2a: MONKE\n|turn|11\n|\n|t:|1700331018\n|move|p2a: MONKE|Grassy Glide|p1a: Hawlucha\n|-resisted|p1a: Hawlucha\n|-damage|p1a: Hawlucha|39\/100\n|move|p1a: Hawlucha|Sky Attack||[still]\n|-prepare|p1a: Hawlucha|Sky Attack\n|-enditem|p1a: Hawlucha|Power Herb\n|-anim|p1a: Hawlucha|Sky Attack|p2a: MONKE\n|-supereffective|p2a: MONKE\n|-damage|p2a: MONKE|0 fnt\n|faint|p2a: MONKE\n|\n|-heal|p1a: Hawlucha|45\/100|[from] Grassy Terrain\n|upkeep\n|\n|t:|1700331028\n|switch|p2a: Weasler|Sneasler, M, shiny|100\/100\n|-enditem|p2a: Weasler|Grassy Seed\n|-boost|p2a: Weasler|def|1|[from] item: Grassy Seed\n|turn|12\n|\n|t:|1700331042\n|move|p2a: Weasler|Shadow Claw|p1a: Hawlucha\n|-damage|p1a: Hawlucha|0 fnt\n|faint|p1a: Hawlucha\n|\n|upkeep\n|\n|t:|1700331044\n|switch|p1a: Zapdos|Zapdos|100\/100\n|turn|13\n|\n|t:|1700331054\n|move|p2a: Weasler|Dire Claw|p1a: Zapdos\n|-damage|p1a: Zapdos|41\/100\n|-status|p2a: Weasler|par|[from] ability: Static|[of] p1a: Zapdos\n|move|p1a: Zapdos|Hurricane|p2a: Weasler|[miss]\n|-miss|p1a: Zapdos|p2a: Weasler\n|\n|upkeep\n|turn|14\n|\n|t:|1700331063\n|move|p2a: Weasler|Dire Claw|p1a: Zapdos\n|-damage|p1a: Zapdos|0 fnt\n|faint|p1a: Zapdos\n|\n|upkeep\n|\n|t:|1700331066\n|switch|p1a: Dragonite|Dragonite, F|100\/100\n|turn|15\n|\n|t:|1700331072\n|cant|p2a: Weasler|par\n|move|p1a: Dragonite|Dragon Dance|p1a: Dragonite\n|-boost|p1a: Dragonite|atk|1\n|-boost|p1a: Dragonite|spe|1\n|\n|-fieldend|move: Grassy Terrain\n|upkeep\n|turn|16\n|\n|t:|1700331077\n|move|p1a: Dragonite|Dragon Dance|p1a: Dragonite\n|-boost|p1a: Dragonite|atk|1\n|-boost|p1a: Dragonite|spe|1\n|move|p2a: Weasler|Dire Claw|p1a: Dragonite\n|-damage|p1a: Dragonite|76\/100\n|\n|upkeep\n|turn|17\n|\n|t:|1700331085\n|move|p1a: Dragonite|Extreme Speed|p2a: Weasler\n|-damage|p2a: Weasler|26\/100 par\n|cant|p2a: Weasler|par\n|\n|upkeep\n|turn|18\n|\n|t:|1700331091\n|move|p1a: Dragonite|Extreme Speed|p2a: Weasler\n|-damage|p2a: Weasler|0 fnt\n|faint|p2a: Weasler\n|\n|upkeep\n|\n|t:|1700331099\n|switch|p2a: Mega Yanma|Yanmega, M, shiny|100\/100\n|turn|19\n|\n|t:|1700331104\n|move|p2a: Mega Yanma|Protect|p2a: Mega Yanma\n|-singleturn|p2a: Mega Yanma|Protect\n|move|p1a: Dragonite|Roost|p1a: Dragonite\n|-heal|p1a: Dragonite|100\/100\n|-singleturn|p1a: Dragonite|move: Roost\n|\n|-ability|p2a: Mega Yanma|Speed Boost|boost\n|-boost|p2a: Mega Yanma|spe|1\n|upkeep\n|turn|20\n|\n|t:|1700331111\n|move|p1a: Dragonite|Ice Punch|p2a: Mega Yanma\n|-supereffective|p2a: Mega Yanma\n|-damage|p2a: Mega Yanma|0 fnt\n|faint|p2a: Mega Yanma\n|\n|upkeep\n|-message|HazeCloud forfeited.\n|\n|win|KakunaBR\n|raw|KakunaBR's rating: 1573 &rarr; <strong>1592<\/strong><br \/>(+19 for winning)\n|raw|HazeCloud's rating: 1554 &rarr; <strong>1535<\/strong><br \/>(-19 for losing)\n|l|\u2606HazeCloud\n","uploadtime":1700331364,"views":10,"p1id":"kakunabr","p2id":"hazecloud","formatid":"gen9ou","rating":1535,"private":0,"password":""}