{"id":"gen9ou-1993441691","p1":"SonettoVertin","p2":"Karz03","format":"[Gen 9] OU","log":"|j|\u2606SonettoVertin\n|j|\u2606Karz03\n|t:|1700318364\n|gametype|singles\n|player|p1|SonettoVertin|darach-caitlin|\n|player|p2|Karz03|nanu|\n|teamsize|p1|6\n|teamsize|p2|6\n|gen|9\n|tier|[Gen 9] OU\n|rule|Sleep Clause Mod: Limit one foe put to sleep\n|rule|Species Clause: Limit one of each Pok\u00e9mon\n|rule|OHKO Clause: OHKO moves are banned\n|rule|Evasion Items Clause: Evasion items are banned\n|rule|Evasion Moves Clause: Evasion moves are banned\n|rule|Endless Battle Clause: Forcing endless battles is banned\n|rule|HP Percentage Mod: HP is shown in percentages\n|clearpoke\n|poke|p1|Glimmora, M|\n|poke|p1|Gholdengo|\n|poke|p1|Iron Hands|\n|poke|p1|Ambipom, M|\n|poke|p1|Hoopa|\n|poke|p1|Trevenant, M|\n|poke|p2|Alomomola, F|\n|poke|p2|Pelipper, M|\n|poke|p2|Primeape, F|\n|poke|p2|Lumineon, F|\n|poke|p2|Glalie, F|\n|poke|p2|Electrode|\n|teampreview\n|j| BIued\n|inactive|Battle timer is ON: inactive players will automatically lose when time's up. (requested by SonettoVertin)\n|\n|t:|1700318387\n|start\n|switch|p1a: Glimmora|Glimmora, M|100\/100\n|switch|p2a: Pelipper|Pelipper, M|100\/100\n|-weather|RainDance|[from] ability: Drizzle|[of] p2a: Pelipper\n|turn|1\n|j| Nakafuyu Yuki\n|j| Ultramanball1\n|j| Yankiken\n|\n|t:|1700318408\n|switch|p2a: Primeape|Primeape, F|100\/100\n|move|p1a: Glimmora|Toxic Spikes|p2a: Primeape\n|-sidestart|p2: Karz03|move: Toxic Spikes\n|\n|-weather|RainDance|[upkeep]\n|upkeep\n|turn|2\n|c| Ultramanball1|Ok hay \u0111\u1ea5y lmao\n|\n|t:|1700318416\n|move|p2a: Primeape|Rage Fist|p1a: Glimmora\n|-damage|p1a: Glimmora|88\/100\n|-activate|p1a: Glimmora|ability: Toxic Debris\n|-sidestart|p2: Karz03|move: Toxic Spikes\n|move|p1a: Glimmora|Stealth Rock|p2a: Primeape\n|-sidestart|p2: Karz03|move: Stealth Rock\n|\n|-weather|RainDance|[upkeep]\n|-heal|p1a: Glimmora|94\/100|[from] item: Leftovers\n|upkeep\n|turn|3\n|j| JustAjynx xoxo\n|c| JustAjynx xoxo|WOOOO\n|c| JustAjynx xoxo|SUY\n|j| PivotsMan\n|c| Yankiken|?\n|c| Yankiken|?\n|c| JustAjynx xoxo|*DUY\n|c| Ultramanball1|Team kia y\u1ebfu hazard\n|inactive|Karz03 has 270 seconds left.\n|\n|t:|1700318443\n|move|p2a: Primeape|Bulk Up|p2a: Primeape\n|-boost|p2a: Primeape|atk|1\n|-boost|p2a: Primeape|def|1\n|move|p1a: Glimmora|Spikes|p2a: Primeape\n|-sidestart|p2: Karz03|Spikes\n|\n|-weather|RainDance|[upkeep]\n|-heal|p1a: Glimmora|99\/100|[from] item: Leftovers\n|upkeep\n|turn|4\n|c| JustAjynx xoxo|DAZZLING GLEAM\n|c| Ultramanball1|M\u00e1\n|inactive|Karz03 has 270 seconds left.\n|\n|t:|1700318457\n|move|p2a: Primeape|Drain Punch|p1a: Glimmora\n|-damage|p1a: Glimmora|63\/100\n|move|p1a: Glimmora|Spikes|p2a: Primeape\n|-sidestart|p2: Karz03|Spikes\n|\n|-weather|RainDance|[upkeep]\n|-heal|p1a: Glimmora|69\/100|[from] item: Leftovers\n|upkeep\n|turn|5\n|c| Ultramanball1|\u00f4ng ko \u0111\u00e1nh kh\u1ec9 lu\u00f4n \u00e0\n|\n|t:|1700318462\n|move|p2a: Primeape|Drain Punch|p1a: Glimmora\n|-damage|p1a: Glimmora|25\/100\n|move|p1a: Glimmora|Spikes|p2a: Primeape\n|-sidestart|p2: Karz03|Spikes\n|\n|-weather|none\n|-heal|p1a: Glimmora|31\/100|[from] item: Leftovers\n|upkeep\n|turn|6\n|c| Ultramanball1|its nh\u1ea5t toxic \u0111i ch\u1ee9\n|c| Yankiken|?\n|c| Nakafuyu Yuki|let him cooking\n|\n|t:|1700318483\n|switch|p1a: Trevenant|Trevenant, M|100\/100\n|move|p2a: Primeape|Drain Punch|p1a: Trevenant\n|-immune|p1a: Trevenant\n|\n|upkeep\n|turn|7\n|\n|t:|1700318491\n|move|p2a: Primeape|Rage Fist|p1a: Trevenant\n|-supereffective|p1a: Trevenant\n|-crit|p1a: Trevenant\n|-damage|p1a: Trevenant|60\/100\n|move|p1a: Trevenant|Leech Seed|p2a: Primeape\n|-start|p2a: Primeape|move: Leech Seed\n|\n|-damage|p2a: Primeape|88\/100|[from] Leech Seed|[of] p1a: Trevenant\n|-heal|p1a: Trevenant|71\/100|[silent]\n|upkeep\n|turn|8\n|c| Ultramanball1|Ok i trust him\n|c| Ultramanball1|th\u1ea5y h\u01a1i l\u1ea1 th\u00f4i\n|c| Yankiken|?\n|\n|t:|1700318505\n|move|p2a: Primeape|Rage Fist|p1a: Trevenant\n|-supereffective|p1a: Trevenant\n|-crit|p1a: Trevenant\n|-damage|p1a: Trevenant|31\/100\n|-enditem|p1a: Trevenant|Sitrus Berry|[eat]\n|-heal|p1a: Trevenant|56\/100|[from] item: Sitrus Berry\n|move|p1a: Trevenant|Substitute|p1a: Trevenant\n|-start|p1a: Trevenant|Substitute\n|-damage|p1a: Trevenant|31\/100\n|\n|-damage|p2a: Primeape|76\/100|[from] Leech Seed|[of] p1a: Trevenant\n|-heal|p1a: Trevenant|42\/100|[silent]\n|-item|p1a: Trevenant|Sitrus Berry|[from] ability: Harvest\n|upkeep\n|-enditem|p1a: Trevenant|Sitrus Berry|[eat]\n|-heal|p1a: Trevenant|67\/100|[from] item: Sitrus Berry\n|turn|9\n|c| Yankiken|Best of luck\n|c| JustAjynx xoxo|2 crits lmao\n|c| Yankiken|Long \u01a1i\n|c|\u2606Karz03|ye\n|c| Yankiken|m \u0111c tr\u1ea3 nhi\u00eau ti\u1ec1n \u0111\u1ec3 b\u00e1n \u0111\u1ed9 v\u1eady\n|inactive|Karz03 has 270 seconds left.\n|c| BIued|2\n|c| Yankiken|B\u00e1o t su\u1ed1t\n|c| Nakafuyu Yuki|3\n|c|\u2606Karz03|c\u00f3 \u0111\u01b0\u1ee3c \u0111\u1ed3ng n\u00e0o \u0111\u00e2u\n|c|\u2606SonettoVertin|2 tri\u1ec7u\n|\n|t:|1700318555\n|move|p1a: Trevenant|Protect|p1a: Trevenant\n|-singleturn|p1a: Trevenant|Protect\n|move|p2a: Primeape|Rage Fist|p1a: Trevenant\n|-activate|p1a: Trevenant|move: Protect\n|\n|-damage|p2a: Primeape|64\/100|[from] Leech Seed|[of] p1a: Trevenant\n|-heal|p1a: Trevenant|78\/100|[silent]\n|-item|p1a: Trevenant|Sitrus Berry|[from] ability: Harvest\n|upkeep\n|turn|10\n|c|\u2606SonettoVertin|b\u00e1n l\u1ed9 qu\u00e1 long \u01a1i, b\u1eefa sau ko mua n\u1eefa\n|c| BIued|C\u00e1i tr\u00f2 ch\u01a1i\n|c| Ultramanball1|Subs stal\n|inactive|Karz03 has 240 seconds left.\n|c| Ultramanball1|ngon vcl\n|c|\u2606Karz03|\u0111 c\u00f3 defog\n|\n|t:|1700318580\n|switch|p2a: Pelipper|Pelipper, M|100\/100\n|-damage|p2a: Pelipper|76\/100|[from] Stealth Rock\n|-weather|RainDance|[from] ability: Drizzle|[of] p2a: Pelipper\n|move|p1a: Trevenant|Night Shade|p2a: Pelipper\n|-damage|p2a: Pelipper|37\/100\n|\n|-weather|RainDance|[upkeep]\n|upkeep\n|turn|11\n|c| JustAjynx xoxo|dude got no taunt\n|c| Ultramanball1|\u0110\u00fang r\u1ed3i\n|inactive|Karz03 has 240 seconds left.\n|\n|t:|1700318588\n|move|p2a: Pelipper|U-turn|p1a: Trevenant\n|-activate|p1a: Trevenant|move: Substitute|[damage]\n|inactive|Karz03 has 240 seconds left.\n|c| BIued|?\n|c| Yankiken|?\n|c| PivotsMan|?\n|c| Nakafuyu Yuki|?\n|c| Ultramanball1|Ko c\u00f3 hurricane lu\u00f4n\n|c| Ultramanball1|\u0111cm\n|c| JustAjynx xoxo|?????\n|l| Ultramanball1\n|c| BIued|Question marks\n|c|\u2606Karz03|sao \u0111 break ta\n|c| BIued|?\n|inactive|Karz03 has 210 seconds left.\n|c| Yankiken|C\u00f3 dmg \u0111\u00e2u\n|\n|t:|1700318624\n|switch|p2a: Alomomola|Alomomola, F|100\/100|[from] U-turn\n|move|p1a: Trevenant|Night Shade|p2a: Alomomola\n|-damage|p2a: Alomomola|82\/100\n|\n|-weather|RainDance|[upkeep]\n|upkeep\n|turn|12\n|c| Yankiken|?\n|c| Yankiken|?\n|inactive|Karz03 has 210 seconds left.\n|c| BIued|Question marks\n|\n|t:|1700318641\n|move|p1a: Trevenant|Leech Seed|p2a: Alomomola\n|-start|p2a: Alomomola|move: Leech Seed\n|move|p2a: Alomomola|Wish|p2a: Alomomola\n|\n|-weather|RainDance|[upkeep]\n|-damage|p2a: Alomomola|69\/100|[from] Leech Seed|[of] p1a: Trevenant\n|-heal|p1a: Trevenant|95\/100|[silent]\n|upkeep\n|turn|13\n|inactive|Karz03 has 210 seconds left.\n|j| Ultramanball1\n|c|\u2606Karz03|team n\u00e0y t\u00f9 qu\u00e1\n|inactive|Karz03 has 180 seconds left.\n|\n|t:|1700318677\n|move|p1a: Trevenant|Night Shade|p2a: Alomomola\n|-damage|p2a: Alomomola|51\/100\n|move|p2a: Alomomola|Scald|p1a: Trevenant\n|-resisted|p1a: Trevenant\n|-activate|p1a: Trevenant|move: Substitute|[damage]\n|\n|-weather|RainDance|[upkeep]\n|-heal|p2a: Alomomola|100\/100|[from] move: Wish|[wisher] Alomomola\n|-damage|p2a: Alomomola|88\/100|[from] Leech Seed|[of] p1a: Trevenant\n|-heal|p1a: Trevenant|100\/100|[silent]\n|upkeep\n|turn|14\n|c| JustAjynx xoxo|ai cho thg duy nau ghe v\n|c| Yankiken|Ai l\u00ean copy l\u1eddi h\u00e1t glory MU h\u1ed9 t\n|inactive|Karz03 has 180 seconds left.\n|c| Ultramanball1|Duy t\u1ef1 n\u1ea5u\n|\n|t:|1700318693\n|move|p1a: Trevenant|Night Shade|p2a: Alomomola\n|-damage|p2a: Alomomola|69\/100\n|move|p2a: Alomomola|Wish|p2a: Alomomola\n|\n|-weather|none\n|-damage|p2a: Alomomola|57\/100|[from] Leech Seed|[of] p1a: Trevenant\n|upkeep\n|turn|15\n|c| Ultramanball1|tui g\u1ee3i \u00fd th\u00f4i\n|inactive|Karz03 has 180 seconds left.\n|c| Ultramanball1|\u1ed5ng s\u1eeda l\u00e0 ch\u1ee7 y\u1ebfu\n|\n|t:|1700318705\n|move|p1a: Trevenant|Protect|p1a: Trevenant\n|-singleturn|p1a: Trevenant|Protect\n|move|p2a: Alomomola|Scald|p1a: Trevenant\n|-activate|p1a: Trevenant|move: Protect\n|\n|-heal|p2a: Alomomola|100\/100|[from] move: Wish|[wisher] Alomomola\n|-damage|p2a: Alomomola|88\/100|[from] Leech Seed|[of] p1a: Trevenant\n|upkeep\n|turn|16\n|c| Ultramanball1|Set ok\n|\n|t:|1700318715\n|move|p1a: Trevenant|Night Shade|p2a: Alomomola\n|-damage|p2a: Alomomola|69\/100\n|move|p2a: Alomomola|Scald|p1a: Trevenant\n|-resisted|p1a: Trevenant\n|-activate|p1a: Trevenant|move: Substitute|[damage]\n|\n|-damage|p2a: Alomomola|57\/100|[from] Leech Seed|[of] p1a: Trevenant\n|upkeep\n|turn|17\n|c| BIued|He changes the world\n|c| Yankiken|Long \u01a1i\n|c| Ultramanball1|It\u2019s blued-over\n|c| Yankiken|B\u1ea5m forfiet \u0111c r\n|inactive|Karz03 has 180 seconds left.\n|c|\u2606Karz03|su\u1ef5t\n|j| SpaceSpeakers\n|c|\u2606Karz03|im n\u00e0o c\u00f4 b\u00e9\n|c| Yankiken|Mai \u0111i \u0111\u00e1nh gi\u1ea3i\n|c| Yankiken|wwtf\n|c| JustAjynx xoxo|Glory, glory, Man United\n|c| Yankiken|Nh\u00e2n\n|\n|t:|1700318761\n|move|p1a: Trevenant|Night Shade|p2a: Alomomola\n|-damage|p2a: Alomomola|38\/100\n|move|p2a: Alomomola|Wish|p2a: Alomomola\n|\n|-damage|p2a: Alomomola|26\/100|[from] Leech Seed|[of] p1a: Trevenant\n|upkeep\n|turn|18\n|c| SpaceSpeakers|whats this for\n|\n|t:|1700318768\n|switch|p2a: Glalie|Glalie, F|100\/100\n|move|p1a: Trevenant|Night Shade|p2a: Glalie\n|-damage|p2a: Glalie|67\/100\n|\n|-heal|p2a: Glalie|100\/100|[from] move: Wish|[wisher] Alomomola\n|upkeep\n|turn|19\n|c| BIued|It\u2019s Karz-03ver for you\n|c| BIued|Nh\u00e2n!!!!\n|c| Ultramanball1|Set moi moi vl\n|c| BIued|Nh\u00e2n Cameo\n|inactive|Karz03 has 150 seconds left.\n|\n|t:|1700318789\n|move|p2a: Glalie|Freeze-Dry|p1a: Trevenant\n|-supereffective|p1a: Trevenant\n|-end|p1a: Trevenant|Substitute\n|move|p1a: Trevenant|Leech Seed|p2a: Glalie\n|-start|p2a: Glalie|move: Leech Seed\n|\n|-damage|p2a: Glalie|88\/100|[from] Leech Seed|[of] p1a: Trevenant\n|upkeep\n|turn|20\n|c| Ultramanball1|nh\u00e2n k\u00eca\n|c| Ultramanball1|HELLO\n|\n|t:|1700318795\n|move|p2a: Glalie|Freeze-Dry|p1a: Trevenant\n|-supereffective|p1a: Trevenant\n|-damage|p1a: Trevenant|41\/100\n|-enditem|p1a: Trevenant|Sitrus Berry|[eat]\n|-heal|p1a: Trevenant|66\/100|[from] item: Sitrus Berry\n|move|p1a: Trevenant|Substitute|p1a: Trevenant\n|-start|p1a: Trevenant|Substitute\n|-damage|p1a: Trevenant|41\/100\n|\n|-damage|p2a: Glalie|76\/100|[from] Leech Seed|[of] p1a: Trevenant\n|-heal|p1a: Trevenant|51\/100|[silent]\n|-item|p1a: Trevenant|Sitrus Berry|[from] ability: Harvest\n|upkeep\n|turn|21\n|l| Ultramanball1\n|\n|t:|1700318805\n|switch|p2a: Alomomola|Alomomola, F|59\/100\n|move|p1a: Trevenant|Night Shade|p2a: Alomomola\n|-damage|p2a: Alomomola|41\/100\n|\n|upkeep\n|turn|22\n|c| SpaceSpeakers|tour jz\n|c| Yankiken|Draft\n|\n|t:|1700318824\n|move|p1a: Trevenant|Night Shade|p2a: Alomomola\n|-damage|p2a: Alomomola|22\/100\n|move|p2a: Alomomola|Wish|p2a: Alomomola\n|\n|upkeep\n|turn|23\n|\n|t:|1700318828\n|move|p2a: Alomomola|Protect|p2a: Alomomola\n|-singleturn|p2a: Alomomola|Protect\n|move|p1a: Trevenant|Leech Seed|p2a: Alomomola\n|-activate|p2a: Alomomola|move: Protect\n|\n|-heal|p2a: Alomomola|72\/100|[from] move: Wish|[wisher] Alomomola\n|upkeep\n|turn|24\n|\n|t:|1700318830\n|move|p1a: Trevenant|Leech Seed|p2a: Alomomola\n|-start|p2a: Alomomola|move: Leech Seed\n|move|p2a: Alomomola|Wish|p2a: Alomomola\n|\n|-damage|p2a: Alomomola|59\/100|[from] Leech Seed|[of] p1a: Trevenant\n|-heal|p1a: Trevenant|69\/100|[silent]\n|upkeep\n|turn|25\n|c| SpaceSpeakers|server nao z\n|\n|t:|1700318834\n|switch|p2a: Glalie|Glalie, F|76\/100\n|move|p1a: Trevenant|Night Shade|p2a: Glalie\n|-damage|p2a: Glalie|43\/100\n|\n|-heal|p2a: Glalie|100\/100|[from] move: Wish|[wisher] Alomomola\n|upkeep\n|turn|26\n|l| Yankiken\n|c| SpaceSpeakers|vn het dk\n|\n|t:|1700318840\n|move|p2a: Glalie|Freeze-Dry|p1a: Trevenant\n|-supereffective|p1a: Trevenant\n|-end|p1a: Trevenant|Substitute\n|move|p1a: Trevenant|Leech Seed|p2a: Glalie\n|-start|p2a: Glalie|move: Leech Seed\n|\n|-damage|p2a: Glalie|88\/100|[from] Leech Seed|[of] p1a: Trevenant\n|-heal|p1a: Trevenant|79\/100|[silent]\n|upkeep\n|turn|27\n|j| Ultramanball1\n|c| BIued|PP race for real\n|\n|t:|1700318847\n|move|p2a: Glalie|Freeze-Dry|p1a: Trevenant\n|-supereffective|p1a: Trevenant\n|-damage|p1a: Trevenant|23\/100\n|-enditem|p1a: Trevenant|Sitrus Berry|[eat]\n|-heal|p1a: Trevenant|48\/100|[from] item: Sitrus Berry\n|move|p1a: Trevenant|Night Shade|p2a: Glalie\n|-damage|p2a: Glalie|55\/100\n|\n|-damage|p2a: Glalie|43\/100|[from] Leech Seed|[of] p1a: Trevenant\n|-heal|p1a: Trevenant|58\/100|[silent]\n|upkeep\n|turn|28\n|j| Yankiken\n|inactive|Karz03 has 210 seconds left.\n|c| BIued|1 pakistan\n|c| BIued|all VN\n|c| SpaceSpeakers|ooo\n|\n|t:|1700318862\n|move|p1a: Trevenant|Protect|p1a: Trevenant\n|-singleturn|p1a: Trevenant|Protect\n|move|p2a: Glalie|Spikes|p1a: Trevenant\n|-sidestart|p1: SonettoVertin|Spikes\n|\n|-damage|p2a: Glalie|30\/100|[from] Leech Seed|[of] p1a: Trevenant\n|-heal|p1a: Trevenant|68\/100|[silent]\n|upkeep\n|turn|29\n|c| Ultramanball1|Gholdengo \u0111\u00ea\n|c| JustAjynx xoxo|ghol\n|\n|t:|1700318878\n|switch|p2a: Alomomola|Alomomola, F|93\/100\n|move|p1a: Trevenant|Night Shade|p2a: Alomomola\n|-damage|p2a: Alomomola|74\/100\n|\n|-item|p1a: Trevenant|Sitrus Berry|[from] ability: Harvest\n|upkeep\n|turn|30\n|\n|t:|1700318884\n|move|p1a: Trevenant|Leech Seed|p2a: Alomomola\n|-start|p2a: Alomomola|move: Leech Seed\n|move|p2a: Alomomola|Wish|p2a: Alomomola\n|\n|-damage|p2a: Alomomola|62\/100|[from] Leech Seed|[of] p1a: Trevenant\n|-heal|p1a: Trevenant|86\/100|[silent]\n|upkeep\n|turn|31\n|inactive|Karz03 has 210 seconds left.\n|c| SpaceSpeakers|pakistan who\n|l| Ultramanball1\n|\n|t:|1700318899\n|move|p1a: Trevenant|Night Shade|p2a: Alomomola\n|-damage|p2a: Alomomola|43\/100\n|move|p2a: Alomomola|Whirlpool|p1a: Trevenant\n|-resisted|p1a: Trevenant\n|-damage|p1a: Trevenant|83\/100\n|-activate|p1a: Trevenant|move: Whirlpool|[of] p2a: Alomomola\n|\n|-heal|p2a: Alomomola|93\/100|[from] move: Wish|[wisher] Alomomola\n|-damage|p2a: Alomomola|81\/100|[from] Leech Seed|[of] p1a: Trevenant\n|-heal|p1a: Trevenant|100\/100|[silent]\n|-damage|p1a: Trevenant|88\/100|[from] move: Whirlpool|[partiallytrapped]\n|upkeep\n|turn|32\n|inactive|Karz03 has 210 seconds left.\n|c| JustAjynx xoxo|lol\n|\n|t:|1700318915\n|move|p1a: Trevenant|Night Shade|p2a: Alomomola\n|-damage|p2a: Alomomola|62\/100\n|move|p2a: Alomomola|Wish|p2a: Alomomola\n|\n|-damage|p2a: Alomomola|50\/100|[from] Leech Seed|[of] p1a: Trevenant\n|-heal|p1a: Trevenant|100\/100|[silent]\n|-damage|p1a: Trevenant|88\/100|[from] move: Whirlpool|[partiallytrapped]\n|upkeep\n|turn|33\n|c| Yankiken|Your mom\n|j| Ultramanball1\n|c| BIued|Scuffed battle\n|c| Yankiken|Gi\u1ea3i n\u00e0y\n|inactive|Karz03 has 180 seconds left.\n|c| Yankiken|C\u00f2n c\u00f3 \u0111\u1ee9a t\u1ec7 h\u01a1n Quang\n|l| Ultramanball1\n|c| Yankiken|:\/\n|c| BIued|It\u2019s Blue-over\n|c| SpaceSpeakers|,\n|\n|t:|1700318956\n|switch|p2a: Pelipper|Pelipper, M|37\/100\n|-damage|p2a: Pelipper|12\/100|[from] Stealth Rock\n|-weather|RainDance|[from] ability: Drizzle|[of] p2a: Pelipper\n|move|p1a: Trevenant|Night Shade|p2a: Pelipper\n|-damage|p2a: Pelipper|0 fnt\n|faint|p2a: Pelipper\n|\n|-weather|RainDance|[upkeep]\n|-end|p1a: Trevenant|Whirlpool|[partiallytrapped]|[silent]\n|upkeep\n|c| Yankiken|1\n|\n|t:|1700318971\n|switch|p2a: Lumineon|Lumineon, F|100\/100\n|-status|p2a: Lumineon|tox\n|-damage|p2a: Lumineon|88\/100 tox|[from] Stealth Rock\n|-damage|p2a: Lumineon|64\/100 tox|[from] Spikes\n|turn|34\n|\n|t:|1700318979\n|move|p2a: Lumineon|Ice Beam|p1a: Trevenant\n|-supereffective|p1a: Trevenant\n|-damage|p1a: Trevenant|19\/100\n|-enditem|p1a: Trevenant|Sitrus Berry|[eat]\n|-heal|p1a: Trevenant|44\/100|[from] item: Sitrus Berry\n|move|p1a: Trevenant|Leech Seed|p2a: Lumineon|[miss]\n|-miss|p1a: Trevenant|p2a: Lumineon\n|\n|-weather|RainDance|[upkeep]\n|-damage|p2a: Lumineon|57\/100 tox|[from] psn\n|upkeep\n|turn|35\n|c| Yankiken|2\n|\n|t:|1700318987\n|move|p1a: Trevenant|Protect|p1a: Trevenant\n|-singleturn|p1a: Trevenant|Protect\n|move|p2a: Lumineon|Ice Beam|p1a: Trevenant\n|-activate|p1a: Trevenant|move: Protect\n|\n|-weather|RainDance|[upkeep]\n|-damage|p2a: Lumineon|45\/100 tox|[from] psn\n|-item|p1a: Trevenant|Sitrus Berry|[from] ability: Harvest\n|upkeep\n|-enditem|p1a: Trevenant|Sitrus Berry|[eat]\n|-heal|p1a: Trevenant|68\/100|[from] item: Sitrus Berry\n|turn|36\n|c| BIued|Nh\u00ecn team c\u1ee7a Long bi\u1ebft no hope r\u1ed3i\n|c| BIued|\u00f2io\n|c| Yankiken|Mamamia\n|j| Ultramanball1\n|c|\u2606Karz03|let me go\n|c| SpaceSpeakers|Longbui a\n|l| Ultramanball1\n|\n|t:|1700319005\n|move|p2a: Lumineon|Ice Beam|p1a: Trevenant\n|-supereffective|p1a: Trevenant\n|-damage|p1a: Trevenant|0 fnt\n|faint|p1a: Trevenant\n|\n|-weather|RainDance|[upkeep]\n|-damage|p2a: Lumineon|27\/100 tox|[from] psn\n|upkeep\n|c| Yankiken|Bi\u1ebft Long ko ch\u01a1i \u0111c\n|\n|t:|1700319015\n|switch|p1a: Ambipom|Ambipom, M|100\/100\n|-damage|p1a: Ambipom|88\/100|[from] Spikes\n|turn|37\n|c| Yankiken|Nh\u01b0ng \u0111\u00e1nh sao th\u1ec3 hi\u1ec7n c\u1ed1 g\u1eafng\n|\n|t:|1700319022\n|move|p1a: Ambipom|Fake Out|p2a: Lumineon\n|-damage|p2a: Lumineon|0 fnt\n|faint|p2a: Lumineon\n|\n|-weather|none\n|upkeep\n|j| SameAstolfo\n|c| Yankiken|Ch\u1ee9 ko ph\u1ea3i nh\u01b0 th\u1ebf n\u00e0y\n|c| Yankiken|L\u00e0 t\n|\n|t:|1700319036\n|switch|p2a: Alomomola|Alomomola, F|83\/100\n|turn|38\n|\n|t:|1700319040\n|move|p1a: Ambipom|Knock Off|p2a: Alomomola\n|-damage|p2a: Alomomola|68\/100\n|-enditem|p2a: Alomomola|Heavy-Duty Boots|[from] move: Knock Off|[of] p1a: Ambipom\n|move|p2a: Alomomola|Wish|p2a: Alomomola\n|\n|upkeep\n|turn|39\n|c| BIued|Reedeming Arc when\n|j| Ultramanball1\n|\n|t:|1700319046\n|move|p1a: Ambipom|Double Hit|p2a: Alomomola\n|-damage|p2a: Alomomola|52\/100\n|-damage|p2a: Alomomola|36\/100\n|-hitcount|p2a: Alomomola|2\n|move|p2a: Alomomola|Whirlpool|p1a: Ambipom\n|-damage|p1a: Ambipom|77\/100\n|-activate|p1a: Ambipom|move: Whirlpool|[of] p2a: Alomomola\n|\n|-heal|p2a: Alomomola|86\/100|[from] move: Wish|[wisher] Alomomola\n|-damage|p1a: Ambipom|65\/100|[from] move: Whirlpool|[partiallytrapped]\n|upkeep\n|turn|40\n|c| SameAstolfo|Sao r, sao r\n|\n|t:|1700319053\n|move|p1a: Ambipom|Double Hit|p2a: Alomomola\n|-damage|p2a: Alomomola|72\/100\n|-damage|p2a: Alomomola|57\/100\n|-hitcount|p2a: Alomomola|2\n|move|p2a: Alomomola|Scald|p1a: Ambipom\n|-damage|p1a: Ambipom|44\/100\n|\n|-damage|p1a: Ambipom|32\/100|[from] move: Whirlpool|[partiallytrapped]\n|upkeep\n|turn|41\n|c| Yankiken|C\u1ea7m kh\u1ec9 heo win m\u1eb9 tr\u1eadn n\u00e0y r\n|c| JustAjynx xoxo|bro is strugling\n|c| BIued|reedeming arc when\n|\n|t:|1700319057\n|move|p1a: Ambipom|U-turn|p2a: Alomomola\n|-damage|p2a: Alomomola|46\/100\n|c| Ultramanball1|U-turn \u0111\u00ea\n|\n|t:|1700319065\n|switch|p1a: Iron Hands|Iron Hands|100\/100|[from] U-turn\n|-damage|p1a: Iron Hands|88\/100|[from] Spikes\n|move|p2a: Alomomola|Wish|p2a: Alomomola\n|\n|-heal|p1a: Iron Hands|94\/100|[from] item: Leftovers\n|upkeep\n|turn|42\n|c| Ultramanball1|Kh\u1ec9 heo ko c\u00f3 taunt\n|c| Ultramanball1|lmao\n|inactive|Karz03 has 240 seconds left.\n|c| SpaceSpeakers|rooting for Sonetto\n|c|\u2606Karz03|ko co taunt thi chiu\n|c| Yankiken|Ko c\u00f3 taunt v\u1eabn \u0103n\n|\n|t:|1700319082\n|move|p1a: Iron Hands|Protect|p1a: Iron Hands\n|-singleturn|p1a: Iron Hands|Protect\n|move|p2a: Alomomola|Protect||[still]\n|-fail|p2a: Alomomola\n|\n|-heal|p2a: Alomomola|96\/100|[from] move: Wish|[wisher] Alomomola\n|-heal|p1a: Iron Hands|99\/100|[from] item: Leftovers\n|upkeep\n|turn|43\n|c| Yankiken|Long dell th\u00e8m bulk up\n|c| Yankiken|Sao c\u00f3 dmg \u0111\u00e1nh \u0111c?\n|c| Ultramanball1|C\u00f3 b\u00ed m\u1eadt\n|inactive|Karz03 has 210 seconds left.\n|l| Ultramanball1\n|\n|t:|1700319126\n|switch|p2a: Glalie|Glalie, F|30\/100\n|move|p1a: Iron Hands|Substitute|p1a: Iron Hands\n|-start|p1a: Iron Hands|Substitute\n|-damage|p1a: Iron Hands|75\/100\n|\n|-heal|p1a: Iron Hands|82\/100|[from] item: Leftovers\n|upkeep\n|turn|44\n|c| SameAstolfo|Wao\n|c| JustAjynx xoxo|lol\n|c| SameAstolfo|Team siu b\u1eaby\n|c| Nakafuyu Yuki|let gooooooooooo\n|c| Yankiken|Tra t\u1ea5n t vc\n|inactive|Karz03 has 180 seconds left.\n|\n|t:|1700319157\n|move|p2a: Glalie|Foul Play|p1a: Iron Hands\n|-resisted|p1a: Iron Hands\n|-activate|p1a: Iron Hands|move: Substitute|[damage]\n|move|p1a: Iron Hands|Body Press|p2a: Glalie\n|-supereffective|p2a: Glalie\n|-damage|p2a: Glalie|0 fnt\n|faint|p2a: Glalie\n|\n|-heal|p1a: Iron Hands|88\/100|[from] item: Leftovers\n|upkeep\n|inactive|Karz03 has 180 seconds left.\n|j| Ultramanball1\n|\n|t:|1700319165\n|switch|p2a: Electrode|Electrode|100\/100\n|-status|p2a: Electrode|tox\n|-damage|p2a: Electrode|88\/100 tox|[from] Stealth Rock\n|-damage|p2a: Electrode|63\/100 tox|[from] Spikes\n|turn|45\n|c| Yankiken|C\u1ed1 nh\u1ecbn th\u00f4i\n|\n|t:|1700319170\n|move|p1a: Iron Hands|Protect|p1a: Iron Hands\n|-singleturn|p1a: Iron Hands|Protect\n|move|p2a: Electrode|Volt Switch|p1a: Iron Hands\n|-activate|p1a: Iron Hands|move: Protect\n|\n|-heal|p1a: Iron Hands|94\/100|[from] item: Leftovers\n|-damage|p2a: Electrode|57\/100 tox|[from] psn\n|upkeep\n|turn|46\n|c| Yankiken|mai \u0111i \u0111\u00e1nh offline r\n|c|\u2606Karz03|dude what I can possibly do\n|c| Ultramanball1|YESSSSS\n|c|\u2606Karz03|with this team\n|\n|t:|1700319185\n|move|p2a: Electrode|Volt Switch|p1a: Iron Hands\n|-resisted|p1a: Iron Hands\n|-activate|p1a: Iron Hands|move: Substitute|[damage]\n|c| Ultramanball1|U don\u2019t have taunt\n|c| Ultramanball1|u weak\n|c| SpaceSpeakers|\/\/forfeit\n|\n|t:|1700319189\n|switch|p2a: Alomomola|Alomomola, F|100\/100|[from] Volt Switch\n|-status|p2a: Alomomola|tox\n|-damage|p2a: Alomomola|88\/100 tox|[from] Stealth Rock\n|-damage|p2a: Alomomola|63\/100 tox|[from] Spikes\n|move|p1a: Iron Hands|Whirlwind|p2a: Alomomola\n|drag|p2a: Electrode|Electrode|57\/100 tox\n|-damage|p2a: Electrode|45\/100 tox|[from] Stealth Rock\n|-damage|p2a: Electrode|20\/100 tox|[from] Spikes\n|\n|-heal|p1a: Iron Hands|99\/100|[from] item: Leftovers\n|-damage|p2a: Electrode|14\/100 tox|[from] psn\n|upkeep\n|turn|47\n|c| Yankiken|Forfiet pls\n|c| Nakafuyu Yuki|LET\n|c| Ultramanball1|Th\u1ea5y ch\u01b0a\n|c| Nakafuyu Yuki|HIM\n|c| JustAjynx xoxo|lol\n|c| Ultramanball1|ko taunt\n|c| Nakafuyu Yuki|COOOOOOOOOOOOOOOOK\n|l| SpaceSpeakers\n|c| Yankiken|\u00c0 ko\n|c| Ultramanball1|irron hand \u0111\u00e1nh r\u1eafm ph\u00e1t\n|c| Yankiken|Ch\u1ebft h\u1ebft \u0111i\n|inactive|Karz03 has 180 seconds left.\n|c| Ultramanball1|\ud83d\udc33\n|\n|t:|1700319219\n|move|p2a: Electrode|Explosion|p1a: Iron Hands\n|-end|p1a: Iron Hands|Substitute\n|faint|p2a: Electrode\n|move|p1a: Iron Hands|Body Press|p2: Electrode|[notarget]\n|-fail|p1a: Iron Hands\n|\n|-heal|p1a: Iron Hands|100\/100|[from] item: Leftovers\n|upkeep\n|c| Yankiken|Kh\u1ec9 sweep\n|inactive|Karz03 has 180 seconds left.\n|\n|t:|1700319224\n|switch|p2a: Primeape|Primeape, F|64\/100\n|-status|p2a: Primeape|tox\n|-damage|p2a: Primeape|58\/100 tox|[from] Stealth Rock\n|-damage|p2a: Primeape|33\/100 tox|[from] Spikes\n|turn|48\n|c| Ultramanball1|L\u1ed7i t\u1ea1i ko c\u00f3 taunt\n|c| Ultramanball1|weak\n|\n|t:|1700319231\n|move|p2a: Primeape|Rest|p2a: Primeape\n|-status|p2a: Primeape|slp|[from] move: Rest\n|-heal|p2a: Primeape|100\/100 slp|[silent]\n|move|p1a: Iron Hands|Substitute|p1a: Iron Hands\n|-start|p1a: Iron Hands|Substitute\n|-damage|p1a: Iron Hands|76\/100\n|\n|-heal|p1a: Iron Hands|82\/100|[from] item: Leftovers\n|upkeep\n|turn|49\n|c| JustAjynx xoxo|hmmm\n|c| Yankiken|Dell c\u1ea7n taunt\n|inactive|Karz03 has 180 seconds left.\n|\n|t:|1700319247\n|cant|p2a: Primeape|slp\n|move|p1a: Iron Hands|Body Press|p2a: Primeape\n|-damage|p2a: Primeape|56\/100 slp\n|\n|-heal|p1a: Iron Hands|88\/100|[from] item: Leftovers\n|upkeep\n|turn|50\n|c| Yankiken|quan tr\u1ecdng l\u00e0 ng ch\u01a1i c\u00f3 n\u00e3o\n|\n|t:|1700319255\n|cant|p2a: Primeape|slp\n|move|p1a: Iron Hands|Body Press|p2a: Primeape\n|-damage|p2a: Primeape|12\/100 slp\n|\n|-heal|p1a: Iron Hands|94\/100|[from] item: Leftovers\n|upkeep\n|turn|51\n|inactive|Karz03 has 180 seconds left.\n|c| BIued|F1 SKT mu\u00f4n n\u0103m\n|c| Ultramanball1|Double protect win\n|c| Ultramanball1|ko c\u1ea7n n\u00e3o\n|c| Ultramanball1|\ud83d\udc27\n|\n|t:|1700319290\n|-curestatus|p2a: Primeape|slp|[msg]\n|move|p2a: Primeape|Rest|p2a: Primeape\n|-status|p2a: Primeape|slp|[from] move: Rest\n|-heal|p2a: Primeape|100\/100 slp|[silent]\n|move|p1a: Iron Hands|Body Press|p2a: Primeape\n|-damage|p2a: Primeape|61\/100 slp\n|\n|-heal|p1a: Iron Hands|99\/100|[from] item: Leftovers\n|upkeep\n|turn|52\n|\n|t:|1700319302\n|cant|p2a: Primeape|slp\n|move|p1a: Iron Hands|Body Press|p2a: Primeape\n|-damage|p2a: Primeape|18\/100 slp\n|\n|-heal|p1a: Iron Hands|100\/100|[from] item: Leftovers\n|upkeep\n|turn|53\n|\n|t:|1700319308\n|cant|p2a: Primeape|slp\n|move|p1a: Iron Hands|Body Press|p2a: Primeape\n|-damage|p2a: Primeape|0 fnt\n|faint|p2a: Primeape\n|\n|upkeep\n|c| Yankiken|D\u1eb9p\n|c| Nakafuyu Yuki|ch\u00fac b\u00e9 ng\u1ee7 ngon~\n|\n|t:|1700319315\n|switch|p2a: Alomomola|Alomomola, F|97\/100 tox\n|-damage|p2a: Alomomola|84\/100 tox|[from] Stealth Rock\n|-damage|p2a: Alomomola|59\/100 tox|[from] Spikes\n|turn|54\n|inactive|Karz03 has 180 seconds left.\n|c| PivotsMan|vcl\n|c| Ultramanball1|GG Body Press\n|c| PivotsMan|team t\u00e2n nh\u1ea5t cmnr\n|\n|t:|1700319330\n|move|p2a: Alomomola|Protect|p2a: Alomomola\n|-singleturn|p2a: Alomomola|Protect\n|move|p1a: Iron Hands|Body Press|p2a: Alomomola\n|-activate|p2a: Alomomola|move: Protect\n|\n|-damage|p2a: Alomomola|53\/100 tox|[from] psn\n|upkeep\n|turn|55\n|c| PivotsMan|tr\u1eadn trc xem nh\u1ea7m l\u1ecbch\n|c| PivotsMan|qu\u00ean \u0111\u00e1nh\n|c| PivotsMan|shit\n|c|\u2606Karz03|win b\u1eb1ng ni\u1ec1m tin\n|c| JustAjynx xoxo|gg\n|c| JustAjynx xoxo|DUYYYYY\n|\n|t:|1700319349\n|move|p1a: Iron Hands|Body Press|p2a: Alomomola\n|-damage|p2a: Alomomola|33\/100 tox\n|move|p2a: Alomomola|Wish|p2a: Alomomola\n|\n|-damage|p2a: Alomomola|20\/100 tox|[from] psn\n|upkeep\n|turn|56\n|c| Ultramanball1|Ko taunt ko \u0103n whirlwind \u0111c\n|\n|t:|1700319359\n|move|p2a: Alomomola|Protect|p2a: Alomomola\n|-singleturn|p2a: Alomomola|Protect\n|move|p1a: Iron Hands|Body Press|p2a: Alomomola\n|-activate|p2a: Alomomola|move: Protect\n|\n|-heal|p2a: Alomomola|70\/100 tox|[from] move: Wish|[wisher] Alomomola\n|-damage|p2a: Alomomola|52\/100 tox|[from] psn\n|upkeep\n|turn|57\n|c| Ultramanball1|ez ez ez\n|c|\u2606Karz03|gg\n|c| BIued|Star Wars:A New Hope part 2\n|c| SameAstolfo|Khoan\n|\n|t:|1700319368\n|move|p1a: Iron Hands|Body Press|p2a: Alomomola\n|-damage|p2a: Alomomola|30\/100 tox\n|move|p2a: Alomomola|Wish|p2a: Alomomola\n|\n|-damage|p2a: Alomomola|5\/100 tox|[from] psn\n|upkeep\n|turn|58\n|\n|t:|1700319373\n|move|p2a: Alomomola|Protect|p2a: Alomomola\n|-singleturn|p2a: Alomomola|Protect\n|move|p1a: Iron Hands|Body Press|p2a: Alomomola\n|-activate|p2a: Alomomola|move: Protect\n|\n|-heal|p2a: Alomomola|55\/100 tox|[from] move: Wish|[wisher] Alomomola\n|-damage|p2a: Alomomola|24\/100 tox|[from] psn\n|upkeep\n|turn|59\n|c| JustAjynx xoxo|gg gays\n|c| Yankiken|Kh\u1ecfi c\u1ea1o \u0111\u1ea7u\n|inactive|Karz03 has 180 seconds left.\n|l| Ultramanball1\n|\n|t:|1700319397\n|-terastallize|p1a: Iron Hands|Water\n|move|p2a: Alomomola|Protect|p2a: Alomomola\n|-singleturn|p2a: Alomomola|Protect\n|move|p1a: Iron Hands|Whirlwind||[still]\n|-fail|p1a: Iron Hands\n|\n|-damage|p2a: Alomomola|0 fnt|[from] psn\n|faint|p2a: Alomomola\n|\n|win|SonettoVertin\n|upkeep\n|l| PivotsMan\n|c|\u2606SonettoVertin|gg\n|l| BIued\n","uploadtime":1700319407,"views":45,"p1id":"sonettovertin","p2id":"karz03","formatid":"gen9ou","rating":0,"private":0,"password":""}