{"id":"gen9ou-1995033877","p1":"SirSpanklez","p2":"vartholomeus","format":"[Gen 9] OU","log":"|j|\u2606SirSpanklez\n|j|\u2606vartholomeus\n|t:|1700515476\n|gametype|singles\n|player|p1|SirSpanklez|pokemonrangerf|1294\n|player|p2|vartholomeus|brock|1354\n|teamsize|p1|6\n|teamsize|p2|6\n|gen|9\n|tier|[Gen 9] OU\n|rated|\n|rule|Sleep Clause Mod: Limit one foe put to sleep\n|rule|Species Clause: Limit one of each Pok\u00e9mon\n|rule|OHKO Clause: OHKO moves are banned\n|rule|Evasion Items Clause: Evasion items are banned\n|rule|Evasion Moves Clause: Evasion moves are banned\n|rule|Endless Battle Clause: Forcing endless battles is banned\n|rule|HP Percentage Mod: HP is shown in percentages\n|clearpoke\n|poke|p1|Garganacl, M|\n|poke|p1|Zapdos|\n|poke|p1|Sandy Shocks|\n|poke|p1|Ogerpon-Cornerstone, F|\n|poke|p1|Tyranitar, M|\n|poke|p1|Corviknight, M|\n|poke|p2|Manaphy|\n|poke|p2|Maushold|\n|poke|p2|Moltres|\n|poke|p2|Ninetales-Alola, F|\n|poke|p2|Okidogi, M|\n|poke|p2|Rillaboom, M|\n|teampreview\n|inactive|Battle timer is ON: inactive players will automatically lose when time's up. (requested by vartholomeus)\n|\n|t:|1700515492\n|start\n|switch|p1a: Big Guy|Tyranitar, M, shiny|100\/100\n|switch|p2a: Doki|Okidogi, M|100\/100\n|-weather|Sandstorm|[from] ability: Sand Stream|[of] p1a: Big Guy\n|turn|1\n|\n|t:|1700515503\n|move|p2a: Doki|Close Combat|p1a: Big Guy\n|-supereffective|p1a: Big Guy\n|-damage|p1a: Big Guy|0 fnt\n|-unboost|p2a: Doki|def|1\n|-unboost|p2a: Doki|spd|1\n|faint|p1a: Big Guy\n|\n|-weather|Sandstorm|[upkeep]\n|-damage|p2a: Doki|95\/100|[from] Sandstorm\n|upkeep\n|\n|t:|1700515512\n|switch|p1a: Mr. Miss|Zapdos, shiny|100\/100\n|-ability|p1a: Mr. Miss|Pressure\n|turn|2\n|\n|t:|1700515520\n|switch|p2a: Hise|Ninetales-Alola, F|100\/100\n|-weather|Snow|[from] ability: Snow Warning|[of] p2a: Hise\n|move|p1a: Mr. Miss|Thunderbolt|p2a: Hise\n|-damage|p2a: Hise|51\/100\n|\n|-weather|Snow|[upkeep]\n|upkeep\n|turn|3\n|\n|t:|1700515528\n|move|p2a: Hise|Aurora Veil|p2a: Hise\n|-sidestart|p2: vartholomeus|move: Aurora Veil\n|move|p1a: Mr. Miss|Hurricane|p2a: Hise\n|-damage|p2a: Hise|19\/100\n|\n|-weather|Snow|[upkeep]\n|upkeep\n|turn|4\n|\n|t:|1700515537\n|switch|p1a: The Holy Monument|Garganacl, M, shiny|100\/100\n|move|p2a: Hise|Blizzard|p1a: The Holy Monument\n|-damage|p1a: The Holy Monument|80\/100\n|\n|-weather|Snow|[upkeep]\n|-heal|p1a: The Holy Monument|86\/100|[from] item: Leftovers\n|upkeep\n|turn|5\n|\n|t:|1700515548\n|switch|p2a: Doki|Okidogi, M|95\/100\n|move|p1a: The Holy Monument|Iron Defense|p1a: The Holy Monument\n|-boost|p1a: The Holy Monument|def|2\n|\n|-weather|Snow|[upkeep]\n|-heal|p1a: The Holy Monument|93\/100|[from] item: Leftovers\n|upkeep\n|turn|6\n|\n|t:|1700515556\n|move|p2a: Doki|Close Combat|p1a: The Holy Monument\n|-supereffective|p1a: The Holy Monument\n|-damage|p1a: The Holy Monument|53\/100\n|-unboost|p2a: Doki|def|1\n|-unboost|p2a: Doki|spd|1\n|move|p1a: The Holy Monument|Salt Cure|p2a: Doki\n|-resisted|p2a: Doki\n|-damage|p2a: Doki|89\/100\n|-start|p2a: Doki|Salt Cure\n|\n|-weather|none\n|-heal|p1a: The Holy Monument|60\/100|[from] item: Leftovers\n|-damage|p2a: Doki|77\/100|[from] Salt Cure\n|upkeep\n|turn|7\n|\n|t:|1700515568\n|move|p2a: Doki|Close Combat|p1a: The Holy Monument\n|-supereffective|p1a: The Holy Monument\n|-damage|p1a: The Holy Monument|19\/100\n|-unboost|p2a: Doki|def|1\n|-unboost|p2a: Doki|spd|1\n|move|p1a: The Holy Monument|Recover|p1a: The Holy Monument\n|-heal|p1a: The Holy Monument|69\/100\n|\n|-heal|p1a: The Holy Monument|75\/100|[from] item: Leftovers\n|-damage|p2a: Doki|65\/100|[from] Salt Cure\n|upkeep\n|turn|8\n|\n|t:|1700515581\n|switch|p2a: Konga|Rillaboom, M|100\/100\n|-fieldstart|move: Grassy Terrain|[from] ability: Grassy Surge|[of] p2a: Konga\n|move|p1a: The Holy Monument|Iron Defense|p1a: The Holy Monument\n|-boost|p1a: The Holy Monument|def|2\n|\n|-heal|p1a: The Holy Monument|81\/100|[from] Grassy Terrain\n|-heal|p1a: The Holy Monument|88\/100|[from] item: Leftovers\n|upkeep\n|turn|9\n|\n|t:|1700515591\n|move|p2a: Konga|Knock Off|p1a: The Holy Monument\n|-damage|p1a: The Holy Monument|80\/100\n|-enditem|p1a: The Holy Monument|Leftovers|[from] move: Knock Off|[of] p2a: Konga\n|move|p1a: The Holy Monument|Salt Cure|p2a: Konga\n|-damage|p2a: Konga|94\/100\n|-start|p2a: Konga|Salt Cure\n|\n|-heal|p2a: Konga|100\/100|[from] Grassy Terrain\n|-heal|p1a: The Holy Monument|86\/100|[from] Grassy Terrain\n|-damage|p2a: Konga|88\/100|[from] Salt Cure\n|upkeep\n|turn|10\n|\n|t:|1700515604\n|switch|p2a: Gouta|Manaphy|100\/100\n|move|p1a: The Holy Monument|Iron Defense|p1a: The Holy Monument\n|-boost|p1a: The Holy Monument|def|2\n|\n|-heal|p1a: The Holy Monument|92\/100|[from] Grassy Terrain\n|-sideend|p2: vartholomeus|move: Aurora Veil\n|upkeep\n|turn|11\n|\n|t:|1700515611\n|move|p2a: Gouta|Acid Armor|p2a: Gouta\n|-boost|p2a: Gouta|def|2\n|move|p1a: The Holy Monument|Salt Cure|p2a: Gouta\n|-damage|p2a: Gouta|96\/100\n|-start|p2a: Gouta|Salt Cure\n|\n|-heal|p2a: Gouta|100\/100|[from] Grassy Terrain\n|-heal|p1a: The Holy Monument|98\/100|[from] Grassy Terrain\n|-damage|p2a: Gouta|75\/100|[from] Salt Cure\n|upkeep\n|turn|12\n|\n|t:|1700515620\n|move|p2a: Gouta|Acid Armor|p2a: Gouta\n|-boost|p2a: Gouta|def|2\n|move|p1a: The Holy Monument|Body Press|p2a: Gouta\n|-damage|p2a: Gouta|55\/100\n|\n|-heal|p2a: Gouta|61\/100|[from] Grassy Terrain\n|-heal|p2a: Gouta|67\/100|[from] item: Leftovers\n|-heal|p1a: The Holy Monument|100\/100|[from] Grassy Terrain\n|-damage|p2a: Gouta|42\/100|[from] Salt Cure\n|upkeep\n|turn|13\n|\n|t:|1700515631\n|-terastallize|p2a: Gouta|Poison\n|move|p2a: Gouta|Scald|p1a: The Holy Monument\n|-supereffective|p1a: The Holy Monument\n|-damage|p1a: The Holy Monument|64\/100\n|move|p1a: The Holy Monument|Body Press|p2a: Gouta\n|-resisted|p2a: Gouta\n|-damage|p2a: Gouta|32\/100\n|\n|-heal|p2a: Gouta|38\/100|[from] Grassy Terrain\n|-heal|p2a: Gouta|44\/100|[from] item: Leftovers\n|-heal|p1a: The Holy Monument|71\/100|[from] Grassy Terrain\n|-damage|p2a: Gouta|32\/100|[from] Salt Cure\n|upkeep\n|turn|14\n|\n|t:|1700515646\n|move|p2a: Gouta|Take Heart|p2a: Gouta\n|-boost|p2a: Gouta|spa|1\n|-boost|p2a: Gouta|spd|1\n|move|p1a: The Holy Monument|Body Press|p2a: Gouta\n|-resisted|p2a: Gouta\n|-damage|p2a: Gouta|21\/100\n|\n|-heal|p2a: Gouta|27\/100|[from] Grassy Terrain\n|-heal|p2a: Gouta|34\/100|[from] item: Leftovers\n|-heal|p1a: The Holy Monument|77\/100|[from] Grassy Terrain\n|-damage|p2a: Gouta|21\/100|[from] Salt Cure\n|upkeep\n|turn|15\n|\n|t:|1700515660\n|-terastallize|p1a: The Holy Monument|Ghost\n|move|p2a: Gouta|Scald|p1a: The Holy Monument\n|-damage|p1a: The Holy Monument|49\/100\n|move|p1a: The Holy Monument|Body Press|p2a: Gouta\n|-resisted|p2a: Gouta\n|-damage|p2a: Gouta|11\/100\n|\n|-heal|p2a: Gouta|17\/100|[from] Grassy Terrain\n|-heal|p2a: Gouta|23\/100|[from] item: Leftovers\n|-heal|p1a: The Holy Monument|55\/100|[from] Grassy Terrain\n|-damage|p2a: Gouta|11\/100|[from] Salt Cure\n|-fieldend|move: Grassy Terrain\n|upkeep\n|turn|16\n|\n|t:|1700515676\n|move|p2a: Gouta|Stored Power|p1a: The Holy Monument\n|-damage|p1a: The Holy Monument|21\/100\n|move|p1a: The Holy Monument|Recover|p1a: The Holy Monument\n|-heal|p1a: The Holy Monument|71\/100\n|\n|-heal|p2a: Gouta|17\/100|[from] item: Leftovers\n|-damage|p2a: Gouta|4\/100|[from] Salt Cure\n|upkeep\n|turn|17\n|\n|t:|1700515686\n|move|p2a: Gouta|Stored Power|p1a: The Holy Monument\n|-damage|p1a: The Holy Monument|39\/100\n|move|p1a: The Holy Monument|Recover|p1a: The Holy Monument\n|-heal|p1a: The Holy Monument|89\/100\n|\n|-heal|p2a: Gouta|11\/100|[from] item: Leftovers\n|-damage|p2a: Gouta|0 fnt|[from] Salt Cure\n|faint|p2a: Gouta\n|upkeep\n|\n|t:|1700515695\n|switch|p2a: Doki|Okidogi, M|65\/100\n|turn|18\n|\n|t:|1700515703\n|move|p2a: Doki|Knock Off|p1a: The Holy Monument\n|-supereffective|p1a: The Holy Monument\n|-damage|p1a: The Holy Monument|81\/100\n|move|p1a: The Holy Monument|Salt Cure|p2a: Doki\n|-resisted|p2a: Doki\n|-damage|p2a: Doki|58\/100\n|-start|p2a: Doki|Salt Cure\n|\n|-damage|p2a: Doki|46\/100|[from] Salt Cure\n|upkeep\n|turn|19\n|\n|t:|1700515711\n|switch|p2a: Moltres|Moltres|100\/100\n|move|p1a: The Holy Monument|Body Press|p2a: Moltres\n|-resisted|p2a: Moltres\n|-damage|p2a: Moltres|53\/100\n|\n|upkeep\n|turn|20\n|\n|t:|1700515720\n|move|p2a: Moltres|Hurricane|p1a: The Holy Monument\n|-crit|p1a: The Holy Monument\n|-damage|p1a: The Holy Monument|39\/100\n|move|p1a: The Holy Monument|Salt Cure|p2a: Moltres\n|-supereffective|p2a: Moltres\n|-damage|p2a: Moltres|0 fnt\n|faint|p2a: Moltres\n|\n|upkeep\n|\n|t:|1700515729\n|switch|p2a: Hise|Ninetales-Alola, F|19\/100\n|-weather|Snow|[from] ability: Snow Warning|[of] p2a: Hise\n|turn|21\n|\n|t:|1700515734\n|move|p2a: Hise|Blizzard|p1a: The Holy Monument\n|-damage|p1a: The Holy Monument|18\/100\n|move|p1a: The Holy Monument|Recover|p1a: The Holy Monument\n|-heal|p1a: The Holy Monument|68\/100\n|\n|-weather|Snow|[upkeep]\n|upkeep\n|turn|22\n|-message|vartholomeus forfeited.\n|\n|win|SirSpanklez\n|raw|SirSpanklez's rating: 1294 &rarr; <strong>1323<\/strong><br \/>(+29 for winning)\n|raw|vartholomeus's rating: 1354 &rarr; <strong>1331<\/strong><br \/>(-23 for losing)\n|l|\u2606vartholomeus\n","uploadtime":1700515749,"views":9,"p1id":"sirspanklez","p2id":"vartholomeus","formatid":"gen9ou","rating":1323,"private":0,"password":""}