{"id":"gen9ou-1995758381","p1":"Juun_Aaki","p2":"Aki_Jun","format":"[Gen 9] OU","log":"|j|\u2606Juun_Aaki\n|j|\u2606Aki_Jun\n|t:|1700600402\n|gametype|singles\n|player|p1|Juun_Aaki|101|\n|player|p2|Aki_Jun|265|\n|teamsize|p1|6\n|teamsize|p2|6\n|gen|9\n|tier|[Gen 9] OU\n|rule|Sleep Clause Mod: Limit one foe put to sleep\n|rule|Species Clause: Limit one of each Pok\u00e9mon\n|rule|OHKO Clause: OHKO moves are banned\n|rule|Evasion Items Clause: Evasion items are banned\n|rule|Evasion Moves Clause: Evasion moves are banned\n|rule|Endless Battle Clause: Forcing endless battles is banned\n|rule|HP Percentage Mod: HP is shown in percentages\n|clearpoke\n|poke|p1|Alomomola, F|\n|poke|p1|Slowking-Galar, F|\n|poke|p1|Kingambit, F|\n|poke|p1|Great Tusk|\n|poke|p1|Cinderace, F|\n|poke|p1|Thundurus-Therian, M|\n|poke|p2|Alomomola, F|\n|poke|p2|Slowking-Galar, F|\n|poke|p2|Kingambit, F|\n|poke|p2|Great Tusk|\n|poke|p2|Cinderace, F|\n|poke|p2|Thundurus-Therian, M|\n|teampreview\n|j| PorygonTheBot\n|c| PorygonTheBot|glhf :)\n|j| Dancing Roach\n|\n|t:|1700600443\n|start\n|switch|p1a: Alomomola|Alomomola, F|100\/100\n|switch|p2a: Thundurus|Thundurus-Therian, M|100\/100\n|turn|1\n|c| Dancing Roach|:(\n|\n|t:|1700600450\n|-terastallize|p2a: Thundurus|Flying\n|move|p2a: Thundurus|Tera Blast|p1a: Alomomola|[anim] Tera Blast Flying\n|-damage|p1a: Alomomola|25\/100\n|-enditem|p1a: Alomomola|Red Card|[of] p2a: Thundurus\n|drag|p2a: Alomomola|Alomomola, F|100\/100\n|move|p1a: Alomomola|Acrobatics|p2a: Alomomola\n|-damage|p2a: Alomomola|89\/100\n|-enditem|p2a: Alomomola|Red Card|[of] p1a: Alomomola\n|drag|p1a: Kingambit|Kingambit, F|100\/100\n|\n|upkeep\n|turn|2\n|l| Dancing Roach\n|\n|t:|1700600458\n|move|p1a: Kingambit|Swords Dance|p1a: Kingambit\n|-boost|p1a: Kingambit|atk|2\n|move|p2a: Alomomola|Acrobatics|p1a: Kingambit\n|-resisted|p1a: Kingambit\n|-damage|p1a: Kingambit|93\/100\n|\n|-heal|p1a: Kingambit|99\/100|[from] item: Leftovers\n|upkeep\n|turn|3\n|\n|t:|1700600461\n|move|p1a: Kingambit|Swords Dance|p1a: Kingambit\n|-boost|p1a: Kingambit|atk|2\n|move|p2a: Alomomola|Acrobatics|p1a: Kingambit\n|-resisted|p1a: Kingambit\n|-damage|p1a: Kingambit|93\/100\n|\n|-heal|p1a: Kingambit|99\/100|[from] item: Leftovers\n|upkeep\n|turn|4\n|\n|t:|1700600465\n|move|p1a: Kingambit|Kowtow Cleave|p2a: Alomomola\n|-damage|p2a: Alomomola|0 fnt\n|faint|p2a: Alomomola\n|\n|-heal|p1a: Kingambit|100\/100|[from] item: Leftovers\n|upkeep\n|\n|t:|1700600468\n|switch|p2a: Slowking|Slowking-Galar, F|100\/100\n|turn|5\n|\n|t:|1700600476\n|move|p1a: Kingambit|Kowtow Cleave|p2a: Slowking\n|-supereffective|p2a: Slowking\n|-damage|p2a: Slowking|0 fnt\n|faint|p2a: Slowking\n|\n|upkeep\n|\n|t:|1700600479\n|switch|p2a: Kingambit|Kingambit, F|100\/100\n|-activate|p2a: Kingambit|ability: Supreme Overlord\n|-start|p2a: Kingambit|fallen2|[silent]\n|turn|6\n|\n|t:|1700600483\n|move|p2a: Kingambit|Swords Dance|p2a: Kingambit\n|-boost|p2a: Kingambit|atk|2\n|move|p1a: Kingambit|Iron Head|p2a: Kingambit\n|-resisted|p2a: Kingambit\n|-damage|p2a: Kingambit|49\/100\n|\n|-heal|p2a: Kingambit|55\/100|[from] item: Leftovers\n|upkeep\n|turn|7\n|\n|t:|1700600486\n|move|p2a: Kingambit|Swords Dance|p2a: Kingambit\n|-boost|p2a: Kingambit|atk|2\n|move|p1a: Kingambit|Iron Head|p2a: Kingambit\n|-resisted|p2a: Kingambit\n|-damage|p2a: Kingambit|5\/100\n|\n|-heal|p2a: Kingambit|11\/100|[from] item: Leftovers\n|upkeep\n|turn|8\n|\n|t:|1700600490\n|move|p2a: Kingambit|Swords Dance|p2a: Kingambit\n|-boost|p2a: Kingambit|atk|2\n|move|p1a: Kingambit|Iron Head|p2a: Kingambit\n|-resisted|p2a: Kingambit\n|-damage|p2a: Kingambit|0 fnt\n|faint|p2a: Kingambit\n|-end|p2a: Kingambit|fallen2|[silent]\n|\n|upkeep\n|\n|t:|1700600493\n|switch|p2a: Great Tusk|Great Tusk|100\/100\n|turn|9\n|\n|t:|1700600497\n|move|p2a: Great Tusk|Rapid Spin|p1a: Kingambit\n|-resisted|p1a: Kingambit\n|-damage|p1a: Kingambit|94\/100\n|-boost|p2a: Great Tusk|spe|1\n|move|p1a: Kingambit|Iron Head|p2a: Great Tusk\n|-damage|p2a: Great Tusk|0 fnt\n|-damage|p1a: Kingambit|77\/100|[from] item: Rocky Helmet|[of] p2a: Great Tusk\n|faint|p2a: Great Tusk\n|-end|p2a: Great Tusk|Protosynthesis|[silent]\n|\n|-heal|p1a: Kingambit|84\/100|[from] item: Leftovers\n|upkeep\n|\n|t:|1700600500\n|switch|p2a: Cinderace|Cinderace, F|100\/100\n|turn|10\n|\n|t:|1700600503\n|move|p2a: Cinderace|Court Change||[still]\n|-start|p2a: Cinderace|typechange|Normal|[from] ability: Libero\n|-swapsideconditions\n|-fail|p2a: Cinderace\n|move|p1a: Kingambit|Iron Head|p2a: Cinderace\n|-damage|p2a: Cinderace|0 fnt\n|faint|p2a: Cinderace\n|\n|-heal|p1a: Kingambit|90\/100|[from] item: Leftovers\n|upkeep\n|\n|t:|1700600506\n|switch|p2a: Thundurus|Thundurus-Therian, M, tera:Flying|100\/100\n|turn|11\n|\n|t:|1700600509\n|move|p2a: Thundurus|Knock Off|p1a: Kingambit\n|-resisted|p1a: Kingambit\n|-damage|p1a: Kingambit|82\/100\n|-enditem|p1a: Kingambit|Leftovers|[from] move: Knock Off|[of] p2a: Thundurus\n|move|p1a: Kingambit|Kowtow Cleave|p2a: Thundurus\n|-damage|p2a: Thundurus|0 fnt\n|faint|p2a: Thundurus\n|\n|win|Juun_Aaki\n","uploadtime":1700600512,"views":10,"p1id":"juunaaki","p2id":"akijun","formatid":"gen9ou","rating":0,"private":0,"password":null}