{"id":"gen9ou-1988647962","p1":"beach house stan","p2":"tranmin001","format":"[Gen 9] OU","log":"|j|\u2606beach house stan\n|j|\u2606tranmin001\n|t:|1699745985\n|gametype|singles\n|player|p1|beach house stan|iris-gen5bw2|1521\n|player|p2|tranmin001|102|1631\n|teamsize|p1|6\n|teamsize|p2|6\n|gen|9\n|tier|[Gen 9] OU\n|rated|\n|rule|Sleep Clause Mod: Limit one foe put to sleep\n|rule|Species Clause: Limit one of each Pok\u00e9mon\n|rule|OHKO Clause: OHKO moves are banned\n|rule|Evasion Items Clause: Evasion items are banned\n|rule|Evasion Moves Clause: Evasion moves are banned\n|rule|Endless Battle Clause: Forcing endless battles is banned\n|rule|HP Percentage Mod: HP is shown in percentages\n|clearpoke\n|poke|p1|Samurott-Hisui, F|\n|poke|p1|Ceruledge, F|\n|poke|p1|Thundurus-Therian, M|\n|poke|p1|Great Tusk|\n|poke|p1|Gholdengo|\n|poke|p1|Amoonguss, F|\n|poke|p2|Great Tusk|\n|poke|p2|Hatterene, F|\n|poke|p2|Dondozo, M|\n|poke|p2|Mandibuzz, F|\n|poke|p2|Heatran, F|\n|poke|p2|Dragapult, M|\n|teampreview\n|inactive|Battle timer is ON: inactive players will automatically lose when time's up. (requested by tranmin001)\n|\n|t:|1699746023\n|start\n|switch|p1a: Thundurus|Thundurus-Therian, M, shiny|100\/100\n|switch|p2a: Hatterene|Hatterene, F, shiny|100\/100\n|turn|1\n|inactive|beach house stan has 120 seconds left.\n|\n|t:|1699746054\n|move|p1a: Thundurus|Knock Off|p2a: Hatterene\n|-damage|p2a: Hatterene|84\/100\n|-enditem|p2a: Hatterene|Leftovers|[from] move: Knock Off|[of] p1a: Thundurus\n|move|p2a: Hatterene|Psyshock|p1a: Thundurus\n|-damage|p1a: Thundurus|42\/100\n|\n|upkeep\n|turn|2\n|\n|t:|1699746061\n|move|p1a: Thundurus|Volt Switch|p2a: Hatterene\n|-damage|p2a: Hatterene|42\/100\n|\n|t:|1699746065\n|switch|p1a: Samurott|Samurott-Hisui, F|100\/100|[from] Volt Switch\n|move|p2a: Hatterene|Draining Kiss|p1a: Samurott\n|-supereffective|p1a: Samurott\n|-damage|p1a: Samurott|33\/100\n|-heal|p2a: Hatterene|93\/100|[from] drain|[of] p1a: Samurott\n|\n|upkeep\n|turn|3\n|\n|t:|1699746072\n|move|p1a: Samurott|Flip Turn|p2a: Hatterene\n|-damage|p2a: Hatterene|68\/100\n|\n|t:|1699746081\n|switch|p1a: Gholdengo|Gholdengo, shiny|100\/100|[from] Flip Turn\n|move|p2a: Hatterene|Nuzzle|p1a: Gholdengo\n|-damage|p1a: Gholdengo|98\/100\n|-status|p1a: Gholdengo|par\n|\n|-heal|p1a: Gholdengo|100\/100 par|[from] item: Leftovers\n|upkeep\n|turn|4\n|\n|t:|1699746087\n|switch|p2a: Heatran|Heatran, F, shiny|100\/100\n|move|p1a: Gholdengo|Shadow Ball|p2a: Heatran\n|-damage|p2a: Heatran|77\/100\n|\n|-heal|p2a: Heatran|83\/100|[from] item: Leftovers\n|upkeep\n|turn|5\n|\n|t:|1699746097\n|move|p2a: Heatran|Magma Storm|p1a: Gholdengo\n|-supereffective|p1a: Gholdengo\n|-damage|p1a: Gholdengo|12\/100 par\n|-activate|p1a: Gholdengo|move: Magma Storm|[of] p2a: Heatran\n|cant|p1a: Gholdengo|par\n|\n|-heal|p2a: Heatran|90\/100|[from] item: Leftovers\n|-heal|p1a: Gholdengo|19\/100 par|[from] item: Leftovers\n|-damage|p1a: Gholdengo|6\/100 par|[from] move: Magma Storm|[partiallytrapped]\n|upkeep\n|turn|6\n|\n|t:|1699746104\n|move|p2a: Heatran|Earth Power|p1a: Gholdengo\n|-supereffective|p1a: Gholdengo\n|-damage|p1a: Gholdengo|0 fnt\n|faint|p1a: Gholdengo\n|\n|-heal|p2a: Heatran|96\/100|[from] item: Leftovers\n|upkeep\n|inactive|beach house stan has 120 seconds left.\n|\n|t:|1699746135\n|switch|p1a: Great Tusk|Great Tusk|100\/100\n|turn|7\n|\n|t:|1699746144\n|switch|p2a: Mandibuzz|Mandibuzz, F, shiny|100\/100\n|move|p1a: Great Tusk|Stealth Rock|p2a: Mandibuzz\n|-sidestart|p2: tranmin001|move: Stealth Rock\n|\n|upkeep\n|turn|8\n|\n|t:|1699746150\n|move|p1a: Great Tusk|Rapid Spin|p2a: Mandibuzz\n|-damage|p2a: Mandibuzz|92\/100\n|-boost|p1a: Great Tusk|spe|1\n|move|p2a: Mandibuzz|U-turn|p1a: Great Tusk\n|-resisted|p1a: Great Tusk\n|-damage|p1a: Great Tusk|97\/100\n|\n|t:|1699746153\n|switch|p2a: Hatterene|Hatterene, F, shiny|68\/100|[from] U-turn\n|-damage|p2a: Hatterene|56\/100|[from] Stealth Rock\n|\n|-heal|p1a: Great Tusk|100\/100|[from] item: Leftovers\n|upkeep\n|turn|9\n|\n|t:|1699746168\n|-terastallize|p1a: Great Tusk|Poison\n|move|p1a: Great Tusk|Earthquake|p2a: Hatterene\n|-damage|p2a: Hatterene|19\/100\n|move|p2a: Hatterene|Draining Kiss|p1a: Great Tusk\n|-resisted|p1a: Great Tusk\n|-damage|p1a: Great Tusk|85\/100\n|-heal|p2a: Hatterene|35\/100|[from] drain|[of] p1a: Great Tusk\n|\n|-heal|p1a: Great Tusk|91\/100|[from] item: Leftovers\n|upkeep\n|turn|10\n|\n|t:|1699746177\n|-terastallize|p2a: Hatterene|Flying\n|move|p1a: Great Tusk|Earthquake|p2a: Hatterene\n|-immune|p2a: Hatterene\n|move|p2a: Hatterene|Psyshock|p1a: Great Tusk\n|-supereffective|p1a: Great Tusk\n|-damage|p1a: Great Tusk|53\/100\n|\n|-heal|p1a: Great Tusk|60\/100|[from] item: Leftovers\n|upkeep\n|turn|11\n|\n|t:|1699746186\n|move|p1a: Great Tusk|Ice Spinner|p2a: Hatterene\n|-supereffective|p2a: Hatterene\n|-damage|p2a: Hatterene|0 fnt\n|faint|p2a: Hatterene\n|\n|-heal|p1a: Great Tusk|66\/100|[from] item: Leftovers\n|upkeep\n|\n|t:|1699746193\n|switch|p2a: Great Tusk|Great Tusk|100\/100\n|-damage|p2a: Great Tusk|98\/100|[from] Stealth Rock\n|turn|12\n|\n|t:|1699746202\n|move|p1a: Great Tusk|Ice Spinner|p2a: Great Tusk\n|-supereffective|p2a: Great Tusk\n|-damage|p2a: Great Tusk|62\/100\n|move|p2a: Great Tusk|Knock Off|p1a: Great Tusk\n|-damage|p1a: Great Tusk|39\/100\n|-enditem|p1a: Great Tusk|Leftovers|[from] move: Knock Off|[of] p2a: Great Tusk\n|\n|upkeep\n|turn|13\n|\n|t:|1699746217\n|-end|p2a: Great Tusk|Protosynthesis|[silent]\n|switch|p2a: Dondozo|Dondozo, M, shiny|100\/100\n|-damage|p2a: Dondozo|88\/100|[from] Stealth Rock\n|move|p1a: Great Tusk|Ice Spinner|p2a: Dondozo\n|-resisted|p2a: Dondozo\n|-damage|p2a: Dondozo|81\/100\n|\n|-heal|p2a: Dondozo|87\/100|[from] item: Leftovers\n|upkeep\n|turn|14\n|\n|t:|1699746227\n|-end|p1a: Great Tusk|Protosynthesis|[silent]\n|switch|p1a: Samurott|Samurott-Hisui, F|33\/100\n|move|p2a: Dondozo|Liquidation|p1a: Samurott\n|-resisted|p1a: Samurott\n|-damage|p1a: Samurott|13\/100\n|\n|-heal|p2a: Dondozo|93\/100|[from] item: Leftovers\n|upkeep\n|turn|15\n|\n|t:|1699746233\n|switch|p1a: Amoonguss|Amoonguss, F, shiny|100\/100\n|switch|p2a: Mandibuzz|Mandibuzz, F, shiny|92\/100\n|\n|upkeep\n|turn|16\n|\n|t:|1699746244\n|switch|p1a: Thundurus|Thundurus-Therian, M, shiny|42\/100\n|move|p2a: Mandibuzz|U-turn|p1a: Thundurus\n|-resisted|p1a: Thundurus\n|-damage|p1a: Thundurus|34\/100\n|\n|t:|1699746246\n|switch|p2a: Dragapult|Dragapult, M, shiny|100\/100|[from] U-turn\n|-damage|p2a: Dragapult|88\/100|[from] Stealth Rock\n|\n|upkeep\n|turn|17\n|\n|t:|1699746256\n|switch|p1a: Amoonguss|Amoonguss, F, shiny|100\/100\n|move|p2a: Dragapult|Shadow Ball|p1a: Amoonguss\n|-damage|p1a: Amoonguss|62\/100\n|-enditem|p1a: Amoonguss|Red Card|[of] p2a: Dragapult\n|drag|p2a: Mandibuzz|Mandibuzz, F, shiny|92\/100\n|\n|upkeep\n|turn|18\n|\n|t:|1699746262\n|move|p2a: Mandibuzz|U-turn|p1a: Amoonguss\n|-damage|p1a: Amoonguss|52\/100\n|\n|t:|1699746264\n|switch|p2a: Dondozo|Dondozo, M, shiny|93\/100|[from] U-turn\n|-damage|p2a: Dondozo|81\/100|[from] Stealth Rock\n|move|p1a: Amoonguss|Spore|p2a: Dondozo\n|-status|p2a: Dondozo|slp|[from] move: Spore\n|\n|-heal|p2a: Dondozo|87\/100 slp|[from] item: Leftovers\n|upkeep\n|turn|19\n|\n|t:|1699746272\n|switch|p2a: Dragapult|Dragapult, M, shiny|88\/100\n|-damage|p2a: Dragapult|76\/100|[from] Stealth Rock\n|move|p1a: Amoonguss|Giga Drain|p2a: Dragapult\n|-resisted|p2a: Dragapult\n|-damage|p2a: Dragapult|60\/100\n|-heal|p1a: Amoonguss|58\/100|[from] drain|[of] p2a: Dragapult\n|\n|upkeep\n|turn|20\n|\n|t:|1699746284\n|move|p2a: Dragapult|Shadow Ball|p1a: Amoonguss\n|-damage|p1a: Amoonguss|20\/100\n|move|p1a: Amoonguss|Foul Play|p2a: Dragapult\n|-supereffective|p2a: Dragapult\n|-damage|p2a: Dragapult|4\/100\n|\n|upkeep\n|turn|21\n|\n|t:|1699746290\n|switch|p1a: Samurott|Samurott-Hisui, F|13\/100\n|move|p2a: Dragapult|Shadow Ball|p1a: Samurott\n|-resisted|p1a: Samurott\n|-damage|p1a: Samurott|0 fnt\n|faint|p1a: Samurott\n|\n|upkeep\n|\n|t:|1699746305\n|switch|p1a: Ceruledge|Ceruledge, F|100\/100\n|turn|22\n|\n|t:|1699746307\n|switch|p2a: Mandibuzz|Mandibuzz, F, shiny|92\/100\n|move|p1a: Ceruledge|Shadow Sneak|p2a: Mandibuzz\n|-resisted|p2a: Mandibuzz\n|-damage|p2a: Mandibuzz|85\/100\n|\n|upkeep\n|turn|23\n|\n|t:|1699746313\n|switch|p1a: Great Tusk|Great Tusk, tera:Poison|39\/100\n|move|p2a: Mandibuzz|Foul Play|p1a: Great Tusk\n|-damage|p1a: Great Tusk|18\/100\n|\n|upkeep\n|turn|24\n|\n|t:|1699746319\n|move|p1a: Great Tusk|Ice Spinner|p2a: Mandibuzz\n|-supereffective|p2a: Mandibuzz\n|-damage|p2a: Mandibuzz|60\/100\n|move|p2a: Mandibuzz|Defog|p1a: Great Tusk\n|-unboost|p1a: Great Tusk|evasion|1\n|-sideend|p2: tranmin001|Stealth Rock|[from] move: Defog|[of] p2a: Mandibuzz\n|\n|upkeep\n|turn|25\n|\n|t:|1699746325\n|move|p1a: Great Tusk|Stealth Rock|p2a: Mandibuzz\n|-sidestart|p2: tranmin001|move: Stealth Rock\n|move|p2a: Mandibuzz|Roost|p2a: Mandibuzz\n|-heal|p2a: Mandibuzz|100\/100\n|-singleturn|p2a: Mandibuzz|move: Roost\n|\n|upkeep\n|turn|26\n|\n|t:|1699746330\n|-end|p1a: Great Tusk|Protosynthesis|[silent]\n|switch|p1a: Thundurus|Thundurus-Therian, M, shiny|34\/100\n|move|p2a: Mandibuzz|Defog|p1a: Thundurus\n|-unboost|p1a: Thundurus|evasion|1\n|-sideend|p2: tranmin001|Stealth Rock|[from] move: Defog|[of] p2a: Mandibuzz\n|\n|upkeep\n|turn|27\n|\n|t:|1699746341\n|switch|p2a: Great Tusk|Great Tusk|62\/100\n|move|p1a: Thundurus|Volt Switch|p2a: Great Tusk\n|-immune|p2a: Great Tusk\n|\n|upkeep\n|turn|28\n|\n|t:|1699746348\n|-end|p2a: Great Tusk|Protosynthesis|[silent]\n|switch|p2a: Heatran|Heatran, F, shiny|96\/100\n|move|p1a: Thundurus|Grass Knot|p2a: Heatran\n|-resisted|p2a: Heatran\n|-damage|p2a: Heatran|89\/100\n|\n|-heal|p2a: Heatran|95\/100|[from] item: Leftovers\n|upkeep\n|turn|29\n|\n|t:|1699746360\n|move|p1a: Thundurus|Knock Off|p2a: Heatran\n|-crit|p2a: Heatran\n|-damage|p2a: Heatran|67\/100\n|-status|p1a: Thundurus|brn|[from] ability: Flame Body|[of] p2a: Heatran\n|-enditem|p2a: Heatran|Leftovers|[from] move: Knock Off|[of] p1a: Thundurus\n|move|p2a: Heatran|Magma Storm|p1a: Thundurus\n|-damage|p1a: Thundurus|0 fnt\n|faint|p1a: Thundurus\n|\n|upkeep\n|\n|t:|1699746372\n|switch|p1a: Great Tusk|Great Tusk, tera:Poison|18\/100\n|turn|30\n|\n|t:|1699746379\n|move|p1a: Great Tusk|Ice Spinner|p2a: Heatran\n|-resisted|p2a: Heatran\n|-damage|p2a: Heatran|62\/100\n|move|p2a: Heatran|Earth Power|p1a: Great Tusk\n|-supereffective|p1a: Great Tusk\n|-damage|p1a: Great Tusk|0 fnt\n|faint|p1a: Great Tusk\n|-end|p1a: Great Tusk|Protosynthesis|[silent]\n|\n|upkeep\n|\n|t:|1699746383\n|switch|p1a: Amoonguss|Amoonguss, F, shiny|53\/100\n|turn|31\n|-message|beach house stan forfeited.\n|\n|win|tranmin001\n|raw|beach house stan's rating: 1521 &rarr; <strong>1507<\/strong><br \/>(-14 for losing)\n|raw|tranmin001's rating: 1631 &rarr; <strong>1645<\/strong><br \/>(+14 for winning)\n|l|\u2606beach house stan\n","uploadtime":1699746393,"views":10,"p1id":"beachhousestan","p2id":"tranmin001","formatid":"gen9ou","rating":1507,"private":0,"password":""}