{"id":"gen9ou-1990351938","p1":"Randomssp","p2":"bananamana453895","format":"[Gen 9] OU","log":"|j|\u2606Randomssp\n|j|\u2606bananamana453895\n|inactive|Battle timer is ON: inactive players will automatically lose when time's up.\n|t:|1699960874\n|gametype|singles\n|player|p1|Randomssp|ghetsis-gen5bw|\n|player|p2|bananamana453895|266|\n|teamsize|p1|3\n|teamsize|p2|3\n|gen|9\n|tier|[Gen 9] OU\n|rated|Tournament battle\n|rule|Sleep Clause Mod: Limit one foe put to sleep\n|rule|Species Clause: Limit one of each Pok\u00e9mon\n|rule|OHKO Clause: OHKO moves are banned\n|rule|Evasion Items Clause: Evasion items are banned\n|rule|Evasion Moves Clause: Evasion moves are banned\n|rule|Endless Battle Clause: Forcing endless battles is banned\n|rule|HP Percentage Mod: HP is shown in percentages\n|clearpoke\n|poke|p1|Trevenant, F|\n|poke|p1|Cinderace, F|\n|poke|p1|Jumpluff, M|\n|poke|p2|Gastrodon, M|\n|poke|p2|Vespiquen, F|\n|poke|p2|Persian-Alola, M|\n|teampreview\n|j|*Lady Monita \u2746\n|\n|t:|1699960904\n|start\n|switch|p1a: Trevenant|Trevenant, F|100\/100\n|switch|p2a: Vespiquen|Vespiquen, F|100\/100\n|-ability|p2a: Vespiquen|Pressure\n|turn|1\n|\n|t:|1699960910\n|move|p1a: Trevenant|Substitute|p1a: Trevenant\n|-start|p1a: Trevenant|Substitute\n|-damage|p1a: Trevenant|75\/100\n|move|p2a: Vespiquen|Toxic Spikes|p1a: Trevenant\n|-sidestart|p1: Randomssp|move: Toxic Spikes\n|\n|upkeep\n|turn|2\n|\n|t:|1699960915\n|move|p1a: Trevenant|Leech Seed|p2a: Vespiquen\n|-start|p2a: Vespiquen|move: Leech Seed\n|move|p2a: Vespiquen|Bug Buzz|p1a: Trevenant\n|-damage|p1a: Trevenant|57\/100\n|\n|-damage|p2a: Vespiquen|88\/100|[from] Leech Seed|[of] p1a: Trevenant\n|-heal|p1a: Trevenant|68\/100|[silent]\n|upkeep\n|turn|3\n|\n|t:|1699960926\n|move|p1a: Trevenant|Protect|p1a: Trevenant\n|-singleturn|p1a: Trevenant|Protect\n|move|p2a: Vespiquen|Bug Buzz|p1a: Trevenant\n|-activate|p1a: Trevenant|move: Protect\n|\n|-damage|p2a: Vespiquen|76\/100|[from] Leech Seed|[of] p1a: Trevenant\n|-heal|p1a: Trevenant|80\/100|[silent]\n|upkeep\n|turn|4\n|inactive|Randomssp has 120 seconds left.\n|\n|t:|1699960960\n|move|p1a: Trevenant|Poltergeist|p2a: Vespiquen|[miss]\n|-miss|p1a: Trevenant|p2a: Vespiquen\n|move|p2a: Vespiquen|Bug Buzz|p1a: Trevenant\n|-damage|p1a: Trevenant|58\/100\n|\n|-damage|p2a: Vespiquen|64\/100|[from] Leech Seed|[of] p1a: Trevenant\n|-heal|p1a: Trevenant|70\/100|[silent]\n|upkeep\n|turn|5\n|\n|t:|1699960973\n|move|p1a: Trevenant|Poltergeist|p2a: Vespiquen\n|-activate|p2a: Vespiquen|move: Poltergeist|Custap Berry\n|-damage|p2a: Vespiquen|34\/100\n|move|p2a: Vespiquen|Spikes|p1a: Trevenant\n|-sidestart|p1: Randomssp|Spikes\n|\n|-damage|p2a: Vespiquen|21\/100|[from] Leech Seed|[of] p1a: Trevenant\n|-heal|p1a: Trevenant|81\/100|[silent]\n|upkeep\n|turn|6\n|-enditem|p2a: Vespiquen|Custap Berry|[eat]\n|-activate|p2a: Vespiquen|item: Custap Berry|[consumed]\n|\n|t:|1699960982\n|move|p2a: Vespiquen|Destiny Bond|p2a: Vespiquen\n|-singlemove|p2a: Vespiquen|Destiny Bond\n|move|p1a: Trevenant|Poltergeist||[still]\n|-fail|p1a: Trevenant\n|\n|-damage|p2a: Vespiquen|9\/100|[from] Leech Seed|[of] p1a: Trevenant\n|-heal|p1a: Trevenant|92\/100|[silent]\n|upkeep\n|turn|7\n|\n|t:|1699960991\n|move|p1a: Trevenant|Protect|p1a: Trevenant\n|-singleturn|p1a: Trevenant|Protect\n|move|p2a: Vespiquen|Spikes|p1a: Trevenant\n|-sidestart|p1: Randomssp|Spikes\n|\n|-damage|p2a: Vespiquen|0 fnt|[from] Leech Seed|[of] p1a: Trevenant\n|-heal|p1a: Trevenant|99\/100|[silent]\n|faint|p2a: Vespiquen\n|upkeep\n|\n|t:|1699961000\n|switch|p2a: Persian|Persian-Alola, M|100\/100\n|turn|8\n|\n|t:|1699961009\n|move|p2a: Persian|Dark Pulse|p1a: Trevenant\n|-supereffective|p1a: Trevenant\n|-end|p1a: Trevenant|Substitute\n|-damage|p2a: Persian|91\/100|[from] item: Life Orb\n|move|p1a: Trevenant|Leech Seed|p2a: Persian\n|-start|p2a: Persian|move: Leech Seed\n|\n|-damage|p2a: Persian|78\/100|[from] Leech Seed|[of] p1a: Trevenant\n|-heal|p1a: Trevenant|100\/100|[silent]\n|upkeep\n|turn|9\n|\n|t:|1699961017\n|move|p1a: Trevenant|Protect|p1a: Trevenant\n|-singleturn|p1a: Trevenant|Protect\n|move|p2a: Persian|Nasty Plot|p2a: Persian\n|-boost|p2a: Persian|spa|2\n|\n|-damage|p2a: Persian|66\/100|[from] Leech Seed|[of] p1a: Trevenant\n|upkeep\n|turn|10\n|\n|t:|1699961025\n|-terastallize|p1a: Trevenant|Steel\n|move|p2a: Persian|Dark Pulse|p1a: Trevenant\n|-damage|p1a: Trevenant|44\/100\n|-enditem|p1a: Trevenant|Sitrus Berry|[eat]\n|-heal|p1a: Trevenant|69\/100|[from] item: Sitrus Berry\n|-damage|p2a: Persian|56\/100|[from] item: Life Orb\n|move|p1a: Trevenant|Substitute|p1a: Trevenant\n|-start|p1a: Trevenant|Substitute\n|-damage|p1a: Trevenant|44\/100\n|\n|-damage|p2a: Persian|44\/100|[from] Leech Seed|[of] p1a: Trevenant\n|-heal|p1a: Trevenant|52\/100|[silent]\n|-item|p1a: Trevenant|Sitrus Berry|[from] ability: Harvest\n|upkeep\n|turn|11\n|\n|t:|1699961037\n|move|p1a: Trevenant|Protect|p1a: Trevenant\n|-singleturn|p1a: Trevenant|Protect\n|move|p2a: Persian|Nasty Plot|p2a: Persian\n|-boost|p2a: Persian|spa|2\n|\n|-damage|p2a: Persian|32\/100|[from] Leech Seed|[of] p1a: Trevenant\n|-heal|p1a: Trevenant|61\/100|[silent]\n|upkeep\n|turn|12\n|\n|t:|1699961046\n|move|p2a: Persian|Dark Pulse|p1a: Trevenant\n|-end|p1a: Trevenant|Substitute\n|-damage|p2a: Persian|22\/100|[from] item: Life Orb\n|move|p1a: Trevenant|Poltergeist|p2a: Persian\n|-activate|p2a: Persian|move: Poltergeist|Life Orb\n|-resisted|p2a: Persian\n|-damage|p2a: Persian|3\/100\n|\n|-damage|p2a: Persian|0 fnt|[from] Leech Seed|[of] p1a: Trevenant\n|-heal|p1a: Trevenant|63\/100|[silent]\n|faint|p2a: Persian\n|upkeep\n|\n|t:|1699961050\n|switch|p2a: Gastrodon|Gastrodon, M|100\/100\n|turn|13\n|c|\u2606bananamana453895|gg\n|\n|t:|1699961072\n|move|p1a: Trevenant|Protect|p1a: Trevenant\n|-singleturn|p1a: Trevenant|Protect\n|move|p2a: Gastrodon|Curse|p2a: Gastrodon\n|-unboost|p2a: Gastrodon|spe|1\n|-boost|p2a: Gastrodon|atk|1\n|-boost|p2a: Gastrodon|def|1\n|\n|upkeep\n|turn|14\n|\n|t:|1699961076\n|move|p1a: Trevenant|Leech Seed|p2a: Gastrodon\n|-start|p2a: Gastrodon|move: Leech Seed\n|move|p2a: Gastrodon|Curse|p2a: Gastrodon\n|-unboost|p2a: Gastrodon|spe|1\n|-boost|p2a: Gastrodon|atk|1\n|-boost|p2a: Gastrodon|def|1\n|\n|-damage|p2a: Gastrodon|88\/100|[from] Leech Seed|[of] p1a: Trevenant\n|-heal|p1a: Trevenant|78\/100|[silent]\n|upkeep\n|turn|15\n|\n|t:|1699961081\n|move|p1a: Trevenant|Substitute|p1a: Trevenant\n|-start|p1a: Trevenant|Substitute\n|-damage|p1a: Trevenant|53\/100\n|move|p2a: Gastrodon|Curse|p2a: Gastrodon\n|-unboost|p2a: Gastrodon|spe|1\n|-boost|p2a: Gastrodon|atk|1\n|-boost|p2a: Gastrodon|def|1\n|\n|-heal|p2a: Gastrodon|94\/100|[from] item: Leftovers\n|-damage|p2a: Gastrodon|82\/100|[from] Leech Seed|[of] p1a: Trevenant\n|-heal|p1a: Trevenant|67\/100|[silent]\n|upkeep\n|turn|16\n|\n|t:|1699961086\n|move|p1a: Trevenant|Poltergeist|p2a: Gastrodon|[miss]\n|-miss|p1a: Trevenant|p2a: Gastrodon\n|move|p2a: Gastrodon|Curse|p2a: Gastrodon\n|-unboost|p2a: Gastrodon|spe|1\n|-boost|p2a: Gastrodon|atk|1\n|-boost|p2a: Gastrodon|def|1\n|\n|-heal|p2a: Gastrodon|88\/100|[from] item: Leftovers\n|-damage|p2a: Gastrodon|75\/100|[from] Leech Seed|[of] p1a: Trevenant\n|-heal|p1a: Trevenant|81\/100|[silent]\n|upkeep\n|turn|17\n|\n|t:|1699961095\n|move|p1a: Trevenant|Protect|p1a: Trevenant\n|-singleturn|p1a: Trevenant|Protect\n|move|p2a: Gastrodon|Curse|p2a: Gastrodon\n|-unboost|p2a: Gastrodon|spe|1\n|-boost|p2a: Gastrodon|atk|1\n|-boost|p2a: Gastrodon|def|1\n|\n|-heal|p2a: Gastrodon|81\/100|[from] item: Leftovers\n|-damage|p2a: Gastrodon|69\/100|[from] Leech Seed|[of] p1a: Trevenant\n|-heal|p1a: Trevenant|95\/100|[silent]\n|upkeep\n|turn|18\n|\n|t:|1699961105\n|move|p1a: Trevenant|Leech Seed||[still]\n|-fail|p1a: Trevenant\n|move|p2a: Gastrodon|Earthquake|p1a: Trevenant\n|-supereffective|p1a: Trevenant\n|-end|p1a: Trevenant|Substitute\n|\n|-heal|p2a: Gastrodon|75\/100|[from] item: Leftovers\n|-damage|p2a: Gastrodon|63\/100|[from] Leech Seed|[of] p1a: Trevenant\n|-heal|p1a: Trevenant|100\/100|[silent]\n|upkeep\n|turn|19\n|\n|t:|1699961114\n|move|p1a: Trevenant|Protect|p1a: Trevenant\n|-singleturn|p1a: Trevenant|Protect\n|move|p2a: Gastrodon|Curse|p2a: Gastrodon\n|-unboost|p2a: Gastrodon|spe|1\n|-boost|p2a: Gastrodon|atk|1\n|-boost|p2a: Gastrodon|def|1\n|\n|-heal|p2a: Gastrodon|69\/100|[from] item: Leftovers\n|-damage|p2a: Gastrodon|56\/100|[from] Leech Seed|[of] p1a: Trevenant\n|upkeep\n|turn|20\n|\n|t:|1699961121\n|move|p1a: Trevenant|Substitute|p1a: Trevenant\n|-start|p1a: Trevenant|Substitute\n|-damage|p1a: Trevenant|75\/100\n|move|p2a: Gastrodon|Earthquake|p1a: Trevenant\n|-supereffective|p1a: Trevenant\n|-crit|p1a: Trevenant\n|-end|p1a: Trevenant|Substitute\n|\n|-heal|p2a: Gastrodon|62\/100|[from] item: Leftovers\n|-damage|p2a: Gastrodon|50\/100|[from] Leech Seed|[of] p1a: Trevenant\n|-heal|p1a: Trevenant|90\/100|[silent]\n|upkeep\n|turn|21\n|\n|t:|1699961131\n|move|p1a: Trevenant|Protect|p1a: Trevenant\n|-singleturn|p1a: Trevenant|Protect\n|move|p2a: Gastrodon|Recover|p2a: Gastrodon\n|-heal|p2a: Gastrodon|99\/100\n|\n|-heal|p2a: Gastrodon|100\/100|[from] item: Leftovers\n|-damage|p2a: Gastrodon|88\/100|[from] Leech Seed|[of] p1a: Trevenant\n|-heal|p1a: Trevenant|100\/100|[silent]\n|upkeep\n|turn|22\n|\n|t:|1699961140\n|move|p1a: Trevenant|Substitute|p1a: Trevenant\n|-start|p1a: Trevenant|Substitute\n|-damage|p1a: Trevenant|75\/100\n|move|p2a: Gastrodon|Earthquake|p1a: Trevenant\n|-supereffective|p1a: Trevenant\n|-end|p1a: Trevenant|Substitute\n|\n|-heal|p2a: Gastrodon|94\/100|[from] item: Leftovers\n|-damage|p2a: Gastrodon|82\/100|[from] Leech Seed|[of] p1a: Trevenant\n|-heal|p1a: Trevenant|90\/100|[silent]\n|upkeep\n|turn|23\n|\n|t:|1699961148\n|move|p1a: Trevenant|Protect|p1a: Trevenant\n|-singleturn|p1a: Trevenant|Protect\n|move|p2a: Gastrodon|Earthquake|p1a: Trevenant\n|-activate|p1a: Trevenant|move: Protect\n|\n|-heal|p2a: Gastrodon|88\/100|[from] item: Leftovers\n|-damage|p2a: Gastrodon|75\/100|[from] Leech Seed|[of] p1a: Trevenant\n|-heal|p1a: Trevenant|100\/100|[silent]\n|upkeep\n|turn|24\n|\n|t:|1699961152\n|switch|p1a: Jumpluff|Jumpluff, M|100\/100\n|move|p2a: Gastrodon|Earthquake|p1a: Jumpluff\n|-immune|p1a: Jumpluff\n|\n|-heal|p2a: Gastrodon|81\/100|[from] item: Leftovers\n|-damage|p2a: Gastrodon|69\/100|[from] Leech Seed|[of] p1a: Jumpluff\n|upkeep\n|turn|25\n|\n|t:|1699961158\n|-terastallize|p2a: Gastrodon|Poison\n|move|p1a: Jumpluff|Substitute|p1a: Jumpluff\n|-start|p1a: Jumpluff|Substitute\n|-damage|p1a: Jumpluff|76\/100\n|move|p2a: Gastrodon|Waterfall|p1a: Jumpluff\n|-resisted|p1a: Jumpluff\n|-end|p1a: Jumpluff|Substitute\n|\n|-heal|p2a: Gastrodon|75\/100|[from] item: Leftovers\n|-damage|p2a: Gastrodon|63\/100|[from] Leech Seed|[of] p1a: Jumpluff\n|-heal|p1a: Jumpluff|91\/100|[silent]\n|upkeep\n|turn|26\n|\n|t:|1699961171\n|move|p1a: Jumpluff|Substitute|p1a: Jumpluff\n|-start|p1a: Jumpluff|Substitute\n|-damage|p1a: Jumpluff|66\/100\n|move|p2a: Gastrodon|Waterfall|p1a: Jumpluff\n|-resisted|p1a: Jumpluff\n|-end|p1a: Jumpluff|Substitute\n|\n|-heal|p2a: Gastrodon|69\/100|[from] item: Leftovers\n|-damage|p2a: Gastrodon|56\/100|[from] Leech Seed|[of] p1a: Jumpluff\n|-heal|p1a: Jumpluff|81\/100|[silent]\n|upkeep\n|turn|27\n|\n|t:|1699961178\n|move|p1a: Jumpluff|Substitute|p1a: Jumpluff\n|-start|p1a: Jumpluff|Substitute\n|-damage|p1a: Jumpluff|56\/100\n|move|p2a: Gastrodon|Waterfall|p1a: Jumpluff\n|-resisted|p1a: Jumpluff\n|-end|p1a: Jumpluff|Substitute\n|\n|-heal|p2a: Gastrodon|62\/100|[from] item: Leftovers\n|-damage|p2a: Gastrodon|50\/100|[from] Leech Seed|[of] p1a: Jumpluff\n|-heal|p1a: Jumpluff|71\/100|[silent]\n|upkeep\n|turn|28\n|\n|t:|1699961183\n|move|p1a: Jumpluff|Substitute|p1a: Jumpluff\n|-start|p1a: Jumpluff|Substitute\n|-damage|p1a: Jumpluff|46\/100\n|move|p2a: Gastrodon|Waterfall|p1a: Jumpluff\n|-resisted|p1a: Jumpluff\n|-end|p1a: Jumpluff|Substitute\n|\n|-heal|p2a: Gastrodon|56\/100|[from] item: Leftovers\n|-damage|p2a: Gastrodon|44\/100|[from] Leech Seed|[of] p1a: Jumpluff\n|-heal|p1a: Jumpluff|61\/100|[silent]\n|upkeep\n|turn|29\n|\n|t:|1699961191\n|move|p1a: Jumpluff|Substitute|p1a: Jumpluff\n|-start|p1a: Jumpluff|Substitute\n|-damage|p1a: Jumpluff|36\/100\n|move|p2a: Gastrodon|Waterfall|p1a: Jumpluff\n|-resisted|p1a: Jumpluff\n|-end|p1a: Jumpluff|Substitute\n|\n|-heal|p2a: Gastrodon|50\/100|[from] item: Leftovers\n|-damage|p2a: Gastrodon|37\/100|[from] Leech Seed|[of] p1a: Jumpluff\n|-heal|p1a: Jumpluff|51\/100|[silent]\n|upkeep\n|turn|30\n|\n|t:|1699961199\n|move|p1a: Jumpluff|Substitute|p1a: Jumpluff\n|-start|p1a: Jumpluff|Substitute\n|-damage|p1a: Jumpluff|26\/100\n|move|p2a: Gastrodon|Recover|p2a: Gastrodon\n|-heal|p2a: Gastrodon|87\/100\n|\n|-heal|p2a: Gastrodon|93\/100|[from] item: Leftovers\n|-damage|p2a: Gastrodon|81\/100|[from] Leech Seed|[of] p1a: Jumpluff\n|-heal|p1a: Jumpluff|41\/100|[silent]\n|upkeep\n|turn|31\n|\n|t:|1699961205\n|move|p1a: Jumpluff|Strength Sap|p2a: Gastrodon\n|-unboost|p2a: Gastrodon|atk|1\n|-heal|p1a: Jumpluff|100\/100\n|move|p2a: Gastrodon|Waterfall|p1a: Jumpluff\n|-resisted|p1a: Jumpluff\n|-end|p1a: Jumpluff|Substitute\n|\n|-heal|p2a: Gastrodon|87\/100|[from] item: Leftovers\n|-damage|p2a: Gastrodon|75\/100|[from] Leech Seed|[of] p1a: Jumpluff\n|upkeep\n|turn|32\n|inactive|bananamana453895 has 120 seconds left.\n|inactive|bananamana453895 has 90 seconds left.\n|\n|t:|1699961290\n|move|p1a: Jumpluff|Substitute|p1a: Jumpluff\n|-start|p1a: Jumpluff|Substitute\n|-damage|p1a: Jumpluff|76\/100\n|move|p2a: Gastrodon|Waterfall|p1a: Jumpluff\n|-resisted|p1a: Jumpluff\n|-end|p1a: Jumpluff|Substitute\n|\n|-heal|p2a: Gastrodon|81\/100|[from] item: Leftovers\n|-damage|p2a: Gastrodon|68\/100|[from] Leech Seed|[of] p1a: Jumpluff\n|-heal|p1a: Jumpluff|91\/100|[silent]\n|upkeep\n|turn|33\n|\n|t:|1699961303\n|move|p1a: Jumpluff|Substitute|p1a: Jumpluff\n|-start|p1a: Jumpluff|Substitute\n|-damage|p1a: Jumpluff|66\/100\n|move|p2a: Gastrodon|Waterfall|p1a: Jumpluff\n|-resisted|p1a: Jumpluff\n|-end|p1a: Jumpluff|Substitute\n|\n|-heal|p2a: Gastrodon|74\/100|[from] item: Leftovers\n|-damage|p2a: Gastrodon|62\/100|[from] Leech Seed|[of] p1a: Jumpluff\n|-heal|p1a: Jumpluff|81\/100|[silent]\n|upkeep\n|turn|34\n|\n|t:|1699961308\n|move|p1a: Jumpluff|Substitute|p1a: Jumpluff\n|-start|p1a: Jumpluff|Substitute\n|-damage|p1a: Jumpluff|56\/100\n|move|p2a: Gastrodon|Waterfall|p1a: Jumpluff\n|-resisted|p1a: Jumpluff\n|-end|p1a: Jumpluff|Substitute\n|\n|-heal|p2a: Gastrodon|68\/100|[from] item: Leftovers\n|-damage|p2a: Gastrodon|56\/100|[from] Leech Seed|[of] p1a: Jumpluff\n|-heal|p1a: Jumpluff|71\/100|[silent]\n|upkeep\n|turn|35\n|\n|t:|1699961312\n|move|p1a: Jumpluff|Substitute|p1a: Jumpluff\n|-start|p1a: Jumpluff|Substitute\n|-damage|p1a: Jumpluff|46\/100\n|move|p2a: Gastrodon|Waterfall|p1a: Jumpluff\n|-resisted|p1a: Jumpluff\n|-end|p1a: Jumpluff|Substitute\n|\n|-heal|p2a: Gastrodon|62\/100|[from] item: Leftovers\n|-damage|p2a: Gastrodon|49\/100|[from] Leech Seed|[of] p1a: Jumpluff\n|-heal|p1a: Jumpluff|61\/100|[silent]\n|upkeep\n|turn|36\n|\n|t:|1699961315\n|move|p1a: Jumpluff|Substitute|p1a: Jumpluff\n|-start|p1a: Jumpluff|Substitute\n|-damage|p1a: Jumpluff|36\/100\n|move|p2a: Gastrodon|Waterfall|p1a: Jumpluff\n|-resisted|p1a: Jumpluff\n|-end|p1a: Jumpluff|Substitute\n|\n|-heal|p2a: Gastrodon|55\/100|[from] item: Leftovers\n|-damage|p2a: Gastrodon|43\/100|[from] Leech Seed|[of] p1a: Jumpluff\n|-heal|p1a: Jumpluff|51\/100|[silent]\n|upkeep\n|turn|37\n|\n|t:|1699961318\n|move|p1a: Jumpluff|Substitute|p1a: Jumpluff\n|-start|p1a: Jumpluff|Substitute\n|-damage|p1a: Jumpluff|26\/100\n|move|p2a: Gastrodon|Waterfall|p1a: Jumpluff\n|-resisted|p1a: Jumpluff\n|-end|p1a: Jumpluff|Substitute\n|\n|-heal|p2a: Gastrodon|49\/100|[from] item: Leftovers\n|-damage|p2a: Gastrodon|37\/100|[from] Leech Seed|[of] p1a: Jumpluff\n|-heal|p1a: Jumpluff|41\/100|[silent]\n|upkeep\n|turn|38\n|\n|t:|1699961322\n|move|p1a: Jumpluff|Substitute|p1a: Jumpluff\n|-start|p1a: Jumpluff|Substitute\n|-damage|p1a: Jumpluff|16\/100\n|move|p2a: Gastrodon|Waterfall|p1a: Jumpluff\n|-resisted|p1a: Jumpluff\n|-end|p1a: Jumpluff|Substitute\n|\n|-heal|p2a: Gastrodon|43\/100|[from] item: Leftovers\n|-damage|p2a: Gastrodon|30\/100|[from] Leech Seed|[of] p1a: Jumpluff\n|-heal|p1a: Jumpluff|31\/100|[silent]\n|upkeep\n|turn|39\n|\n|t:|1699961327\n|move|p1a: Jumpluff|Substitute|p1a: Jumpluff\n|-start|p1a: Jumpluff|Substitute\n|-damage|p1a: Jumpluff|6\/100\n|move|p2a: Gastrodon|Recover|p2a: Gastrodon\n|-heal|p2a: Gastrodon|80\/100\n|\n|-heal|p2a: Gastrodon|86\/100|[from] item: Leftovers\n|-damage|p2a: Gastrodon|74\/100|[from] Leech Seed|[of] p1a: Jumpluff\n|-heal|p1a: Jumpluff|21\/100|[silent]\n|upkeep\n|turn|40\n|\n|t:|1699961331\n|move|p1a: Jumpluff|Strength Sap|p2a: Gastrodon\n|-unboost|p2a: Gastrodon|atk|1\n|-heal|p1a: Jumpluff|100\/100\n|move|p2a: Gastrodon|Waterfall|p1a: Jumpluff\n|-resisted|p1a: Jumpluff\n|-end|p1a: Jumpluff|Substitute\n|\n|-heal|p2a: Gastrodon|80\/100|[from] item: Leftovers\n|-damage|p2a: Gastrodon|68\/100|[from] Leech Seed|[of] p1a: Jumpluff\n|upkeep\n|turn|41\n|\n|t:|1699961339\n|move|p1a: Jumpluff|Substitute|p1a: Jumpluff\n|-start|p1a: Jumpluff|Substitute\n|-damage|p1a: Jumpluff|76\/100\n|move|p2a: Gastrodon|Waterfall|p1a: Jumpluff\n|-resisted|p1a: Jumpluff\n|-end|p1a: Jumpluff|Substitute\n|\n|-heal|p2a: Gastrodon|74\/100|[from] item: Leftovers\n|-damage|p2a: Gastrodon|61\/100|[from] Leech Seed|[of] p1a: Jumpluff\n|-heal|p1a: Jumpluff|91\/100|[silent]\n|upkeep\n|turn|42\n|\n|t:|1699961346\n|move|p1a: Jumpluff|Substitute|p1a: Jumpluff\n|-start|p1a: Jumpluff|Substitute\n|-damage|p1a: Jumpluff|66\/100\n|move|p2a: Gastrodon|Waterfall|p1a: Jumpluff\n|-resisted|p1a: Jumpluff\n|-end|p1a: Jumpluff|Substitute\n|\n|-heal|p2a: Gastrodon|67\/100|[from] item: Leftovers\n|-damage|p2a: Gastrodon|55\/100|[from] Leech Seed|[of] p1a: Jumpluff\n|-heal|p1a: Jumpluff|81\/100|[silent]\n|upkeep\n|turn|43\n|\n|t:|1699961351\n|move|p1a: Jumpluff|Strength Sap|p2a: Gastrodon\n|-unboost|p2a: Gastrodon|atk|1\n|-heal|p1a: Jumpluff|100\/100\n|move|p2a: Gastrodon|Waterfall|p1a: Jumpluff\n|-resisted|p1a: Jumpluff\n|-damage|p1a: Jumpluff|61\/100\n|\n|-heal|p2a: Gastrodon|61\/100|[from] item: Leftovers\n|-damage|p2a: Gastrodon|49\/100|[from] Leech Seed|[of] p1a: Jumpluff\n|-heal|p1a: Jumpluff|76\/100|[silent]\n|upkeep\n|turn|44\n|\n|t:|1699961357\n|move|p1a: Jumpluff|Strength Sap|p2a: Gastrodon\n|-unboost|p2a: Gastrodon|atk|1\n|-heal|p1a: Jumpluff|100\/100\n|move|p2a: Gastrodon|Waterfall|p1a: Jumpluff\n|-resisted|p1a: Jumpluff\n|-damage|p1a: Jumpluff|72\/100\n|\n|-heal|p2a: Gastrodon|55\/100|[from] item: Leftovers\n|-damage|p2a: Gastrodon|42\/100|[from] Leech Seed|[of] p1a: Jumpluff\n|-heal|p1a: Jumpluff|87\/100|[silent]\n|upkeep\n|turn|45\n|\n|t:|1699961360\n|move|p1a: Jumpluff|Strength Sap|p2a: Gastrodon\n|-unboost|p2a: Gastrodon|atk|1\n|-heal|p1a: Jumpluff|100\/100\n|move|p2a: Gastrodon|Waterfall|p1a: Jumpluff\n|-resisted|p1a: Jumpluff\n|-damage|p1a: Jumpluff|78\/100\n|\n|-heal|p2a: Gastrodon|48\/100|[from] item: Leftovers\n|-damage|p2a: Gastrodon|36\/100|[from] Leech Seed|[of] p1a: Jumpluff\n|-heal|p1a: Jumpluff|93\/100|[silent]\n|upkeep\n|turn|46\n|\n|t:|1699961363\n|move|p1a: Jumpluff|Strength Sap|p2a: Gastrodon\n|-unboost|p2a: Gastrodon|atk|1\n|-heal|p1a: Jumpluff|100\/100\n|move|p2a: Gastrodon|Recover|p2a: Gastrodon\n|-heal|p2a: Gastrodon|86\/100\n|\n|-heal|p2a: Gastrodon|92\/100|[from] item: Leftovers\n|-damage|p2a: Gastrodon|80\/100|[from] Leech Seed|[of] p1a: Jumpluff\n|upkeep\n|turn|47\n|\n|t:|1699961366\n|move|p1a: Jumpluff|Strength Sap|p2a: Gastrodon\n|-unboost|p2a: Gastrodon|atk|1\n|move|p2a: Gastrodon|Curse|p2a: Gastrodon\n|-boost|p2a: Gastrodon|atk|1\n|\n|-heal|p2a: Gastrodon|86\/100|[from] item: Leftovers\n|-damage|p2a: Gastrodon|73\/100|[from] Leech Seed|[of] p1a: Jumpluff\n|upkeep\n|turn|48\n|\n|t:|1699961368\n|move|p1a: Jumpluff|Acrobatics|p2a: Gastrodon\n|-damage|p2a: Gastrodon|67\/100\n|move|p2a: Gastrodon|Curse|p2a: Gastrodon\n|-boost|p2a: Gastrodon|atk|1\n|\n|-heal|p2a: Gastrodon|73\/100|[from] item: Leftovers\n|-damage|p2a: Gastrodon|60\/100|[from] Leech Seed|[of] p1a: Jumpluff\n|upkeep\n|turn|49\n|\n|t:|1699961373\n|move|p1a: Jumpluff|Acrobatics|p2a: Gastrodon\n|-damage|p2a: Gastrodon|53\/100\n|move|p2a: Gastrodon|Curse|p2a: Gastrodon\n|-boost|p2a: Gastrodon|atk|1\n|\n|-heal|p2a: Gastrodon|59\/100|[from] item: Leftovers\n|-damage|p2a: Gastrodon|47\/100|[from] Leech Seed|[of] p1a: Jumpluff\n|upkeep\n|turn|50\n|\n|t:|1699961375\n|move|p1a: Jumpluff|Acrobatics|p2a: Gastrodon\n|-damage|p2a: Gastrodon|40\/100\n|move|p2a: Gastrodon|Curse|p2a: Gastrodon\n|-boost|p2a: Gastrodon|atk|1\n|\n|-heal|p2a: Gastrodon|47\/100|[from] item: Leftovers\n|-damage|p2a: Gastrodon|34\/100|[from] Leech Seed|[of] p1a: Jumpluff\n|upkeep\n|turn|51\n|\n|t:|1699961377\n|move|p1a: Jumpluff|Acrobatics|p2a: Gastrodon\n|-damage|p2a: Gastrodon|27\/100\n|move|p2a: Gastrodon|Recover|p2a: Gastrodon\n|-heal|p2a: Gastrodon|77\/100\n|\n|-heal|p2a: Gastrodon|83\/100|[from] item: Leftovers\n|-damage|p2a: Gastrodon|70\/100|[from] Leech Seed|[of] p1a: Jumpluff\n|upkeep\n|turn|52\n|\n|t:|1699961381\n|move|p1a: Jumpluff|Acrobatics|p2a: Gastrodon\n|-damage|p2a: Gastrodon|64\/100\n|move|p2a: Gastrodon|Curse|p2a: Gastrodon\n|-boost|p2a: Gastrodon|atk|1\n|\n|-heal|p2a: Gastrodon|70\/100|[from] item: Leftovers\n|-damage|p2a: Gastrodon|58\/100|[from] Leech Seed|[of] p1a: Jumpluff\n|upkeep\n|turn|53\n|\n|t:|1699961384\n|move|p1a: Jumpluff|Strength Sap|p2a: Gastrodon\n|-unboost|p2a: Gastrodon|atk|1\n|move|p2a: Gastrodon|Curse|p2a: Gastrodon\n|-boost|p2a: Gastrodon|atk|1\n|\n|-heal|p2a: Gastrodon|64\/100|[from] item: Leftovers\n|-damage|p2a: Gastrodon|51\/100|[from] Leech Seed|[of] p1a: Jumpluff\n|upkeep\n|turn|54\n|\n|t:|1699961387\n|move|p1a: Jumpluff|Acrobatics|p2a: Gastrodon\n|-damage|p2a: Gastrodon|45\/100\n|move|p2a: Gastrodon|Curse|p2a: Gastrodon\n|-boost|p2a: Gastrodon|atk|1\n|\n|-heal|p2a: Gastrodon|51\/100|[from] item: Leftovers\n|-damage|p2a: Gastrodon|38\/100|[from] Leech Seed|[of] p1a: Jumpluff\n|upkeep\n|turn|55\n|\n|t:|1699961389\n|move|p1a: Jumpluff|Acrobatics|p2a: Gastrodon\n|-damage|p2a: Gastrodon|32\/100\n|move|p2a: Gastrodon|Waterfall|p1a: Jumpluff\n|-resisted|p1a: Jumpluff\n|-damage|p1a: Jumpluff|43\/100\n|\n|-heal|p2a: Gastrodon|38\/100|[from] item: Leftovers\n|-damage|p2a: Gastrodon|25\/100|[from] Leech Seed|[of] p1a: Jumpluff\n|-heal|p1a: Jumpluff|58\/100|[silent]\n|upkeep\n|turn|56\n|\n|t:|1699961392\n|move|p1a: Jumpluff|Strength Sap|p2a: Gastrodon\n|-unboost|p2a: Gastrodon|atk|1\n|-heal|p1a: Jumpluff|100\/100\n|move|p2a: Gastrodon|Recover|p2a: Gastrodon\n|-heal|p2a: Gastrodon|75\/100\n|\n|-heal|p2a: Gastrodon|81\/100|[from] item: Leftovers\n|-damage|p2a: Gastrodon|69\/100|[from] Leech Seed|[of] p1a: Jumpluff\n|upkeep\n|turn|57\n|\n|t:|1699961395\n|move|p1a: Jumpluff|Acrobatics|p2a: Gastrodon\n|-damage|p2a: Gastrodon|62\/100\n|move|p2a: Gastrodon|Waterfall|p1a: Jumpluff\n|-resisted|p1a: Jumpluff\n|-damage|p1a: Jumpluff|56\/100\n|\n|-heal|p2a: Gastrodon|69\/100|[from] item: Leftovers\n|-damage|p2a: Gastrodon|56\/100|[from] Leech Seed|[of] p1a: Jumpluff\n|-heal|p1a: Jumpluff|71\/100|[silent]\n|upkeep\n|turn|58\n|\n|t:|1699961397\n|move|p1a: Jumpluff|Strength Sap|p2a: Gastrodon\n|-unboost|p2a: Gastrodon|atk|1\n|-heal|p1a: Jumpluff|100\/100\n|move|p2a: Gastrodon|Curse|p2a: Gastrodon\n|-boost|p2a: Gastrodon|atk|1\n|\n|-heal|p2a: Gastrodon|62\/100|[from] item: Leftovers\n|-damage|p2a: Gastrodon|50\/100|[from] Leech Seed|[of] p1a: Jumpluff\n|upkeep\n|turn|59\n|\n|t:|1699961399\n|move|p1a: Jumpluff|Acrobatics|p2a: Gastrodon\n|-crit|p2a: Gastrodon\n|-damage|p2a: Gastrodon|13\/100\n|move|p2a: Gastrodon|Curse|p2a: Gastrodon\n|-boost|p2a: Gastrodon|atk|1\n|\n|-heal|p2a: Gastrodon|19\/100|[from] item: Leftovers\n|-damage|p2a: Gastrodon|7\/100|[from] Leech Seed|[of] p1a: Jumpluff\n|upkeep\n|turn|60\n|\n|t:|1699961402\n|move|p1a: Jumpluff|Acrobatics|p2a: Gastrodon\n|-damage|p2a: Gastrodon|0 fnt\n|faint|p2a: Gastrodon\n|\n|win|Randomssp\n|n|\u2606Randomssp|randomssp\n|n|\u2606bananamana453895|bananamana453895\n|n|*Lady Monita \u2746|ladymonita\n|l|*Lady Monita \u2746\n|c|\u2606bananamana453895|gg\n|c|\u2606Randomssp|gg\n","uploadtime":1699961472,"views":6,"p1id":"randomssp","p2id":"bananamana453895","formatid":"gen9ou","rating":0,"private":0,"password":""}