{"id":"gen9ou-1992258160","p1":"theblackprofrowan","p2":"sausage8318","format":"[Gen 9] OU","log":"|j|\u2606theblackprofrowan\n|j|\u2606sausage8318\n|t:|1700168412\n|gametype|singles\n|player|p1|theblackprofrowan|rowan|1119\n|player|p2|sausage8318|2|1063\n|teamsize|p1|6\n|teamsize|p2|6\n|gen|9\n|tier|[Gen 9] OU\n|rated|\n|rule|Sleep Clause Mod: Limit one foe put to sleep\n|rule|Species Clause: Limit one of each Pok\u00e9mon\n|rule|OHKO Clause: OHKO moves are banned\n|rule|Evasion Items Clause: Evasion items are banned\n|rule|Evasion Moves Clause: Evasion moves are banned\n|rule|Endless Battle Clause: Forcing endless battles is banned\n|rule|HP Percentage Mod: HP is shown in percentages\n|clearpoke\n|poke|p1|Hydreigon, F|\n|poke|p1|Kingambit, F|\n|poke|p1|Iron Valiant|\n|poke|p1|Wyrdeer, F|\n|poke|p1|Glimmora, M|\n|poke|p1|Moltres|\n|poke|p2|Greninja-*, F|\n|poke|p2|Landorus-Therian, M|\n|poke|p2|Toxapex, M|\n|poke|p2|Iron Leaves|\n|poke|p2|Garganacl, F|\n|poke|p2|Heatran, F|\n|teampreview\n|inactive|Battle timer is ON: inactive players will automatically lose when time's up. (requested by sausage8318)\n|j| usednamelmao\n|c| usednamelmao|bloinkus\n|\n|t:|1700168435\n|start\n|switch|p1a: Glimmora|Glimmora, M|100\/100\n|switch|p2a: Garganacl|Garganacl, F|100\/100\n|turn|1\n|l| usednamelmao\n|\n|t:|1700168445\n|move|p1a: Glimmora|Stealth Rock|p2a: Garganacl\n|-sidestart|p2: sausage8318|move: Stealth Rock\n|move|p2a: Garganacl|Stealth Rock|p1a: Glimmora\n|-sidestart|p1: theblackprofrowan|move: Stealth Rock\n|\n|upkeep\n|turn|2\n|\n|t:|1700168453\n|move|p1a: Glimmora|Spiky Shield|p1a: Glimmora\n|-singleturn|p1a: Glimmora|move: Protect\n|move|p2a: Garganacl|Salt Cure|p1a: Glimmora\n|-activate|p1a: Glimmora|move: Protect\n|\n|upkeep\n|turn|3\n|\n|t:|1700168459\n|move|p1a: Glimmora|Energy Ball|p2a: Garganacl\n|-supereffective|p2a: Garganacl\n|-damage|p2a: Garganacl|59\/100\n|move|p2a: Garganacl|Salt Cure|p1a: Glimmora\n|-damage|p1a: Glimmora|86\/100\n|-start|p1a: Glimmora|Salt Cure\n|\n|-heal|p2a: Garganacl|66\/100|[from] item: Leftovers\n|-damage|p1a: Glimmora|73\/100|[from] Salt Cure\n|upkeep\n|turn|4\n|\n|t:|1700168470\n|move|p1a: Glimmora|Toxic|p2a: Garganacl\n|-immune|p2a: Garganacl|[from] ability: Purifying Salt\n|move|p2a: Garganacl|Recover|p2a: Garganacl\n|-heal|p2a: Garganacl|100\/100\n|\n|-damage|p1a: Glimmora|61\/100|[from] Salt Cure\n|upkeep\n|turn|5\n|\n|t:|1700168477\n|switch|p1a: Kingambit|Kingambit, F|100\/100\n|-damage|p1a: Kingambit|94\/100|[from] Stealth Rock\n|move|p2a: Garganacl|Protect||[still]\n|-fail|p2a: Garganacl\n|\n|upkeep\n|turn|6\n|\n|t:|1700168486\n|move|p1a: Kingambit|Swords Dance|p1a: Kingambit\n|-boost|p1a: Kingambit|atk|2\n|move|p2a: Garganacl|Salt Cure|p1a: Kingambit\n|-resisted|p1a: Kingambit\n|-damage|p1a: Kingambit|89\/100\n|-start|p1a: Kingambit|Salt Cure\n|\n|-damage|p1a: Kingambit|64\/100|[from] Salt Cure\n|upkeep\n|turn|7\n|\n|t:|1700168494\n|move|p2a: Garganacl|Protect|p2a: Garganacl\n|-singleturn|p2a: Garganacl|Protect\n|move|p1a: Kingambit|Low Kick|p2a: Garganacl\n|-activate|p2a: Garganacl|move: Protect\n|\n|-damage|p1a: Kingambit|39\/100|[from] Salt Cure\n|upkeep\n|turn|8\n|\n|t:|1700168510\n|move|p1a: Kingambit|Kowtow Cleave|p2a: Garganacl\n|-damage|p2a: Garganacl|34\/100\n|move|p2a: Garganacl|Salt Cure|p1a: Kingambit\n|-resisted|p1a: Kingambit\n|-damage|p1a: Kingambit|33\/100\n|\n|-heal|p2a: Garganacl|41\/100|[from] item: Leftovers\n|-damage|p1a: Kingambit|8\/100|[from] Salt Cure\n|upkeep\n|turn|9\n|\n|t:|1700168534\n|move|p1a: Kingambit|Low Kick|p2a: Garganacl\n|-supereffective|p2a: Garganacl\n|-damage|p2a: Garganacl|0 fnt\n|faint|p2a: Garganacl\n|\n|-damage|p1a: Kingambit|0 fnt|[from] Salt Cure\n|faint|p1a: Kingambit\n|-end|p1a: Kingambit|fallenundefined|[silent]\n|upkeep\n|\n|t:|1700168549\n|switch|p1a: Glimmora|Glimmora, M|61\/100\n|switch|p2a: Landorus|Landorus-Therian, M|100\/100\n|-damage|p2a: Landorus|88\/100|[from] Stealth Rock\n|-ability|p2a: Landorus|Intimidate|boost\n|-unboost|p1a: Glimmora|atk|1\n|-damage|p1a: Glimmora|48\/100|[from] Stealth Rock\n|turn|10\n|\n|t:|1700168564\n|move|p2a: Landorus|Stone Edge|p1a: Glimmora\n|-damage|p1a: Glimmora|13\/100\n|move|p1a: Glimmora|Toxic|p2a: Landorus\n|-status|p2a: Landorus|tox\n|\n|-damage|p2a: Landorus|82\/100 tox|[from] psn\n|upkeep\n|turn|11\n|\n|t:|1700168571\n|move|p2a: Landorus|Stone Edge|p1a: Glimmora\n|-damage|p1a: Glimmora|0 fnt\n|faint|p1a: Glimmora\n|\n|-damage|p2a: Landorus|70\/100 tox|[from] psn\n|upkeep\n|\n|t:|1700168585\n|switch|p1a: Iron Valiant|Iron Valiant|100\/100\n|-damage|p1a: Iron Valiant|94\/100|[from] Stealth Rock\n|-enditem|p1a: Iron Valiant|Booster Energy\n|-activate|p1a: Iron Valiant|ability: Quark Drive|[fromitem]\n|-start|p1a: Iron Valiant|quarkdrivespe\n|turn|12\n|\n|t:|1700168593\n|move|p1a: Iron Valiant|Swords Dance|p1a: Iron Valiant\n|-boost|p1a: Iron Valiant|atk|2\n|move|p2a: Landorus|Fly||[still]\n|-prepare|p2a: Landorus|Fly\n|\n|-damage|p2a: Landorus|53\/100 tox|[from] psn\n|upkeep\n|turn|13\n|\n|t:|1700168603\n|-terastallize|p1a: Iron Valiant|Steel\n|move|p1a: Iron Valiant|Swords Dance|p1a: Iron Valiant\n|-boost|p1a: Iron Valiant|atk|2\n|move|p2a: Landorus|Fly|p1a: Iron Valiant|[from]lockedmove\n|-resisted|p1a: Iron Valiant\n|-damage|p1a: Iron Valiant|63\/100\n|\n|-damage|p2a: Landorus|29\/100 tox|[from] psn\n|upkeep\n|turn|14\n|\n|t:|1700168614\n|move|p1a: Iron Valiant|Encore|p2a: Landorus\n|-start|p2a: Landorus|Encore\n|move|p2a: Landorus|Fly||[still]\n|-prepare|p2a: Landorus|Fly\n|\n|-damage|p2a: Landorus|0 fnt|[from] psn\n|faint|p2a: Landorus\n|upkeep\n|\n|t:|1700168625\n|switch|p2a: Heatran|Heatran, F|100\/100\n|-damage|p2a: Heatran|88\/100|[from] Stealth Rock\n|turn|15\n|\n|t:|1700168633\n|move|p1a: Iron Valiant|Knock Off|p2a: Heatran\n|-damage|p2a: Heatran|0 fnt\n|-enditem|p2a: Heatran|Choice Scarf|[from] move: Knock Off|[of] p1a: Iron Valiant\n|faint|p2a: Heatran\n|\n|upkeep\n|\n|t:|1700168638\n|switch|p2a: Toxapex|Toxapex, M|100\/100\n|-damage|p2a: Toxapex|88\/100|[from] Stealth Rock\n|turn|16\n|\n|t:|1700168643\n|move|p1a: Iron Valiant|Knock Off|p2a: Toxapex\n|-damage|p2a: Toxapex|16\/100\n|-enditem|p2a: Toxapex|Black Sludge|[from] move: Knock Off|[of] p1a: Iron Valiant\n|move|p2a: Toxapex|Infestation|p1a: Iron Valiant\n|-resisted|p1a: Iron Valiant\n|-damage|p1a: Iron Valiant|61\/100\n|-activate|p1a: Iron Valiant|move: Infestation|[of] p2a: Toxapex\n|\n|-damage|p1a: Iron Valiant|48\/100|[from] move: Infestation|[partiallytrapped]\n|upkeep\n|turn|17\n|\n|t:|1700168655\n|move|p2a: Toxapex|Baneful Bunker|p2a: Toxapex\n|-singleturn|p2a: Toxapex|move: Protect\n|move|p1a: Iron Valiant|Swords Dance|p1a: Iron Valiant\n|-boost|p1a: Iron Valiant|atk|2\n|\n|-damage|p1a: Iron Valiant|36\/100|[from] move: Infestation|[partiallytrapped]\n|upkeep\n|turn|18\n|\n|t:|1700168662\n|move|p1a: Iron Valiant|Knock Off|p2a: Toxapex\n|-damage|p2a: Toxapex|0 fnt\n|faint|p2a: Toxapex\n|\n|-end|p1a: Iron Valiant|Infestation|[partiallytrapped]|[silent]\n|upkeep\n|\n|t:|1700168672\n|switch|p2a: Iron Leaves|Iron Leaves|100\/100\n|-damage|p2a: Iron Leaves|88\/100|[from] Stealth Rock\n|-enditem|p2a: Iron Leaves|Booster Energy\n|-activate|p2a: Iron Leaves|ability: Quark Drive|[fromitem]\n|-start|p2a: Iron Leaves|quarkdrivespe\n|turn|19\n|\n|t:|1700168681\n|move|p1a: Iron Valiant|Knock Off|p2a: Iron Leaves\n|-supereffective|p2a: Iron Leaves\n|-damage|p2a: Iron Leaves|0 fnt\n|faint|p2a: Iron Leaves\n|-end|p2a: Iron Leaves|Quark Drive|[silent]\n|\n|upkeep\n|-message|sausage8318 forfeited.\n|\n|win|theblackprofrowan\n|raw|theblackprofrowan's rating: 1119 &rarr; <strong>1140<\/strong><br \/>(+21 for winning)\n|raw|sausage8318's rating: 1063 &rarr; <strong>1047<\/strong><br \/>(-16 for losing)\n|l|\u2606sausage8318\n","uploadtime":1700168692,"views":6,"p1id":"theblackprofrowan","p2id":"sausage8318","formatid":"gen9ou","rating":1047,"private":0,"password":""}