{"id":"gen9ou-1994917054","p1":"fazbeared","p2":"Vizsla_falconer","format":"[Gen 9] OU","log":"|j|\u2606fazbeared\n|j|\u2606Vizsla_falconer\n|t:|1700504480\n|gametype|singles\n|player|p1|fazbeared|lass-gen4dp|1442\n|player|p2|Vizsla_falconer|266|1426\n|teamsize|p1|6\n|teamsize|p2|6\n|gen|9\n|tier|[Gen 9] OU\n|rated|\n|rule|Sleep Clause Mod: Limit one foe put to sleep\n|rule|Species Clause: Limit one of each Pok\u00e9mon\n|rule|OHKO Clause: OHKO moves are banned\n|rule|Evasion Items Clause: Evasion items are banned\n|rule|Evasion Moves Clause: Evasion moves are banned\n|rule|Endless Battle Clause: Forcing endless battles is banned\n|rule|HP Percentage Mod: HP is shown in percentages\n|clearpoke\n|poke|p1|Weezing-Galar, M|\n|poke|p1|Rotom-Wash|\n|poke|p1|Dragapult, F|\n|poke|p1|Heatran, M|\n|poke|p1|Meowscarada, F|\n|poke|p1|Garchomp, F|\n|poke|p2|Torkoal, M|\n|poke|p2|Walking Wake|\n|poke|p2|Scovillain, M|\n|poke|p2|Landorus-Therian, M|\n|poke|p2|Mimikyu, M|\n|poke|p2|Gholdengo|\n|teampreview\n|\n|t:|1700504498\n|start\n|switch|p1a: Heatran|Heatran, M, shiny|100\/100\n|switch|p2a: Landorus|Landorus-Therian, M|100\/100\n|-ability|p2a: Landorus|Intimidate|boost\n|-unboost|p1a: Heatran|atk|1\n|turn|1\n|\n|t:|1700504511\n|switch|p1a: Rotom|Rotom-Wash|100\/100\n|move|p2a: Landorus|Taunt|p1a: Rotom\n|-start|p1a: Rotom|move: Taunt\n|\n|upkeep\n|turn|2\n|\n|t:|1700504535\n|move|p2a: Landorus|U-turn|p1a: Rotom\n|-damage|p1a: Rotom|75\/100\n|\n|t:|1700504543\n|switch|p2a: Walking Wake|Walking Wake|100\/100|[from] U-turn\n|move|p1a: Rotom|Hydro Pump|p2a: Walking Wake\n|-resisted|p2a: Walking Wake\n|-damage|p2a: Walking Wake|89\/100\n|\n|-heal|p1a: Rotom|81\/100|[from] item: Leftovers\n|upkeep\n|turn|3\n|\n|t:|1700504558\n|-end|p2a: Walking Wake|Protosynthesis|[silent]\n|switch|p2a: Torkoal|Torkoal, M|100\/100\n|-weather|SunnyDay|[from] ability: Drought|[of] p2a: Torkoal\n|switch|p1a: Weezing|Weezing-Galar, M|100\/100\n|-ability|p1a: Weezing|Neutralizing Gas\n|\n|-weather|SunnyDay|[upkeep]\n|upkeep\n|turn|4\n|\n|t:|1700504573\n|-end|p1a: Weezing|ability: Neutralizing Gas\n|switch|p1a: Heatran|Heatran, M, shiny|100\/100\n|move|p2a: Torkoal|Yawn|p1a: Heatran\n|-start|p1a: Heatran|move: Yawn|[of] p2a: Torkoal\n|\n|-weather|SunnyDay|[upkeep]\n|upkeep\n|turn|5\n|\n|t:|1700504583\n|switch|p2a: Landorus|Landorus-Therian, M|100\/100\n|-ability|p2a: Landorus|Intimidate|boost\n|-unboost|p1a: Heatran|atk|1\n|move|p1a: Heatran|Stealth Rock|p2a: Landorus\n|-sidestart|p2: Vizsla_falconer|move: Stealth Rock\n|\n|-weather|SunnyDay|[upkeep]\n|-end|p1a: Heatran|move: Yawn|[silent]\n|-status|p1a: Heatran|slp\n|upkeep\n|turn|6\n|\n|t:|1700504595\n|move|p2a: Landorus|U-turn|p1a: Heatran\n|-resisted|p1a: Heatran\n|-damage|p1a: Heatran|95\/100 slp\n|\n|t:|1700504599\n|switch|p2a: Walking Wake|Walking Wake|89\/100|[from] U-turn\n|-damage|p2a: Walking Wake|77\/100|[from] Stealth Rock\n|-activate|p2a: Walking Wake|ability: Protosynthesis\n|-start|p2a: Walking Wake|protosynthesisspa\n|cant|p1a: Heatran|slp\n|\n|-weather|SunnyDay|[upkeep]\n|-heal|p1a: Heatran|100\/100 slp|[from] item: Leftovers\n|upkeep\n|turn|7\n|\n|t:|1700504613\n|switch|p1a: Rotom|Rotom-Wash|81\/100\n|move|p2a: Walking Wake|Agility|p2a: Walking Wake\n|-boost|p2a: Walking Wake|spe|2\n|\n|-weather|SunnyDay|[upkeep]\n|-heal|p1a: Rotom|87\/100|[from] item: Leftovers\n|upkeep\n|turn|8\n|\n|t:|1700504629\n|move|p2a: Walking Wake|Dragon Pulse|p1a: Rotom\n|-damage|p1a: Rotom|25\/100\n|-damage|p2a: Walking Wake|67\/100|[from] item: Life Orb\n|move|p1a: Rotom|Thunder Wave|p2a: Walking Wake\n|-status|p2a: Walking Wake|par\n|\n|-weather|SunnyDay|[upkeep]\n|-heal|p1a: Rotom|32\/100|[from] item: Leftovers\n|upkeep\n|turn|9\n|\n|t:|1700504644\n|cant|p2a: Walking Wake|par\n|move|p1a: Rotom|Volt Switch|p2a: Walking Wake\n|-damage|p2a: Walking Wake|36\/100 par\n|\n|t:|1700504656\n|switch|p1a: Meowscarada|Meowscarada, F, shiny|100\/100|[from] Volt Switch\n|\n|-weather|SunnyDay|[upkeep]\n|upkeep\n|turn|10\n|\n|t:|1700504662\n|move|p1a: Meowscarada|Knock Off|p2a: Walking Wake\n|-damage|p2a: Walking Wake|0 fnt\n|-enditem|p2a: Walking Wake|Life Orb|[from] move: Knock Off|[of] p1a: Meowscarada\n|faint|p2a: Walking Wake\n|-end|p2a: Walking Wake|Protosynthesis|[silent]\n|\n|-weather|none\n|upkeep\n|\n|t:|1700504671\n|switch|p2a: Torkoal|Torkoal, M|100\/100\n|-damage|p2a: Torkoal|76\/100|[from] Stealth Rock\n|-weather|SunnyDay|[from] ability: Drought|[of] p2a: Torkoal\n|turn|11\n|\n|t:|1700504684\n|move|p1a: Meowscarada|U-turn|p2a: Torkoal\n|-resisted|p2a: Torkoal\n|-crit|p2a: Torkoal\n|-damage|p2a: Torkoal|67\/100\n|\n|t:|1700504691\n|switch|p1a: Rotom|Rotom-Wash|32\/100|[from] U-turn\n|move|p2a: Torkoal|Rapid Spin|p1a: Rotom\n|-damage|p1a: Rotom|23\/100\n|-boost|p2a: Torkoal|spe|1\n|-sideend|p2: Vizsla_falconer|Stealth Rock|[from] move: Rapid Spin|[of] p2a: Torkoal\n|\n|-weather|SunnyDay|[upkeep]\n|-heal|p1a: Rotom|29\/100|[from] item: Leftovers\n|upkeep\n|turn|12\n|\n|t:|1700504709\n|switch|p2a: Landorus|Landorus-Therian, M|100\/100\n|-ability|p2a: Landorus|Intimidate|boost\n|-unboost|p1a: Rotom|atk|1\n|move|p1a: Rotom|Volt Switch|p2a: Landorus\n|-immune|p2a: Landorus\n|\n|-weather|SunnyDay|[upkeep]\n|-heal|p1a: Rotom|35\/100|[from] item: Leftovers\n|upkeep\n|turn|13\n|\n|t:|1700504726\n|move|p2a: Landorus|U-turn|p1a: Rotom\n|-damage|p1a: Rotom|13\/100\n|\n|t:|1700504729\n|switch|p2a: Scovillain|Scovillain, M|100\/100|[from] U-turn\n|move|p1a: Rotom|Thunder Wave|p2a: Scovillain\n|-status|p2a: Scovillain|par\n|\n|-weather|SunnyDay|[upkeep]\n|-heal|p1a: Rotom|20\/100|[from] item: Leftovers\n|upkeep\n|turn|14\n|\n|t:|1700504744\n|move|p1a: Rotom|Protect|p1a: Rotom\n|-singleturn|p1a: Rotom|Protect\n|move|p2a: Scovillain|Giga Drain|p1a: Rotom\n|-activate|p1a: Rotom|move: Protect\n|\n|-weather|SunnyDay|[upkeep]\n|-heal|p1a: Rotom|26\/100|[from] item: Leftovers\n|upkeep\n|turn|15\n|c|\u2606Vizsla_falconer|This rotom wrecked me. Gg\n|\n|t:|1700504776\n|move|p2a: Scovillain|Giga Drain|p1a: Rotom\n|-supereffective|p1a: Rotom\n|-damage|p1a: Rotom|0 fnt\n|faint|p1a: Rotom\n|-damage|p2a: Scovillain|91\/100 par|[from] item: Life Orb\n|\n|-weather|SunnyDay|[upkeep]\n|upkeep\n|\n|t:|1700504795\n|switch|p1a: Dragapult|Dragapult, F|100\/100\n|turn|16\n|\n|t:|1700504810\n|move|p1a: Dragapult|Hex|p2a: Scovillain\n|-damage|p2a: Scovillain|0 fnt\n|faint|p2a: Scovillain\n|\n|-weather|SunnyDay|[upkeep]\n|upkeep\n|\n|t:|1700504823\n|switch|p2a: Mimikyu|Mimikyu, M|100\/100\n|turn|17\n|\n|t:|1700504838\n|switch|p1a: Weezing|Weezing-Galar, M|100\/100\n|-ability|p1a: Weezing|Neutralizing Gas\n|move|p2a: Mimikyu|Swords Dance|p2a: Mimikyu\n|-boost|p2a: Mimikyu|atk|2\n|\n|-weather|SunnyDay|[upkeep]\n|upkeep\n|turn|18\n|\n|t:|1700504851\n|switch|p2a: Gholdengo|Gholdengo|100\/100\n|move|p1a: Weezing|Will-O-Wisp|p2a: Gholdengo|[miss]\n|-miss|p1a: Weezing|p2a: Gholdengo\n|\n|-weather|none\n|upkeep\n|turn|19\n|\n|t:|1700504862\n|-end|p1a: Weezing|ability: Neutralizing Gas\n|switch|p1a: Heatran|Heatran, M, shiny|100\/100 slp\n|move|p2a: Gholdengo|Substitute|p2a: Gholdengo\n|-start|p2a: Gholdengo|Substitute\n|-damage|p2a: Gholdengo|76\/100\n|\n|-heal|p2a: Gholdengo|82\/100|[from] item: Leftovers\n|upkeep\n|turn|20\n|\n|t:|1700504877\n|move|p2a: Gholdengo|Nasty Plot|p2a: Gholdengo\n|-boost|p2a: Gholdengo|spa|2\n|cant|p1a: Heatran|slp\n|\n|-heal|p2a: Gholdengo|88\/100|[from] item: Leftovers\n|upkeep\n|turn|21\n|\n|t:|1700504892\n|move|p2a: Gholdengo|Shadow Ball|p1a: Heatran\n|-damage|p1a: Heatran|13\/100 slp\n|-curestatus|p1a: Heatran|slp|[msg]\n|move|p1a: Heatran|Earth Power|p2a: Gholdengo\n|-supereffective|p2a: Gholdengo\n|-end|p2a: Gholdengo|Substitute\n|\n|-heal|p2a: Gholdengo|94\/100|[from] item: Leftovers\n|-heal|p1a: Heatran|19\/100|[from] item: Leftovers\n|upkeep\n|turn|22\n|\n|t:|1700504906\n|-terastallize|p2a: Gholdengo|Flying\n|move|p2a: Gholdengo|Substitute|p2a: Gholdengo\n|-start|p2a: Gholdengo|Substitute\n|-damage|p2a: Gholdengo|69\/100\n|move|p1a: Heatran|Magma Storm|p2a: Gholdengo|[miss]\n|-miss|p1a: Heatran|p2a: Gholdengo\n|\n|-heal|p2a: Gholdengo|75\/100|[from] item: Leftovers\n|-heal|p1a: Heatran|25\/100|[from] item: Leftovers\n|upkeep\n|turn|23\n|\n|t:|1700504919\n|move|p2a: Gholdengo|Shadow Ball|p1a: Heatran\n|-damage|p1a: Heatran|0 fnt\n|faint|p1a: Heatran\n|\n|-heal|p2a: Gholdengo|81\/100|[from] item: Leftovers\n|upkeep\n|\n|t:|1700504923\n|switch|p1a: Dragapult|Dragapult, F|100\/100\n|turn|24\n|\n|t:|1700504931\n|move|p1a: Dragapult|Draco Meteor|p2a: Gholdengo\n|-damage|p2a: Gholdengo|0 fnt\n|-unboost|p1a: Dragapult|spa|2\n|faint|p2a: Gholdengo\n|\n|upkeep\n|\n|t:|1700504937\n|switch|p2a: Mimikyu|Mimikyu, M|100\/100\n|turn|25\n|\n|t:|1700504973\n|switch|p1a: Weezing|Weezing-Galar, M|100\/100\n|-ability|p1a: Weezing|Neutralizing Gas\n|switch|p2a: Landorus|Landorus-Therian, M|100\/100\n|\n|upkeep\n|turn|26\n|\n|t:|1700504983\n|-end|p1a: Weezing|ability: Neutralizing Gas\n|-ability|p2a: Landorus|Intimidate|boost\n|-unboost|p1a: Weezing|atk|1\n|switch|p1a: Meowscarada|Meowscarada, F, shiny|100\/100\n|move|p2a: Landorus|Taunt|p1a: Meowscarada\n|-start|p1a: Meowscarada|move: Taunt\n|\n|upkeep\n|turn|27\n|\n|t:|1700504993\n|move|p1a: Meowscarada|Flower Trick|p2a: Landorus\n|-crit|p2a: Landorus\n|-damage|p2a: Landorus|50\/100\n|move|p2a: Landorus|U-turn|p1a: Meowscarada\n|-supereffective|p1a: Meowscarada\n|-damage|p1a: Meowscarada|0 fnt\n|faint|p1a: Meowscarada\n|\n|t:|1700505004\n|switch|p2a: Torkoal|Torkoal, M|67\/100|[from] U-turn\n|-weather|SunnyDay|[from] ability: Drought|[of] p2a: Torkoal\n|\n|-weather|SunnyDay|[upkeep]\n|upkeep\n|\n|t:|1700505017\n|switch|p1a: Garchomp|Garchomp, F|100\/100\n|turn|28\n|\n|t:|1700505025\n|move|p1a: Garchomp|Earthquake|p2a: Torkoal\n|-supereffective|p2a: Torkoal\n|-damage|p2a: Torkoal|4\/100\n|move|p2a: Torkoal|Yawn|p1a: Garchomp\n|-start|p1a: Garchomp|move: Yawn|[of] p2a: Torkoal\n|\n|-weather|SunnyDay|[upkeep]\n|upkeep\n|turn|29\n|\n|t:|1700505035\n|move|p1a: Garchomp|Scale Shot|p2a: Torkoal\n|-crit|p2a: Torkoal\n|-damage|p2a: Torkoal|0 fnt\n|faint|p2a: Torkoal\n|-hitcount|p2: Torkoal|1\n|-unboost|p1a: Garchomp|def|1\n|-boost|p1a: Garchomp|spe|1\n|\n|-weather|SunnyDay|[upkeep]\n|-end|p1a: Garchomp|move: Yawn|[silent]\n|-status|p1a: Garchomp|slp\n|upkeep\n|\n|t:|1700505053\n|switch|p2a: Mimikyu|Mimikyu, M|100\/100\n|turn|30\n|inactive|Battle timer is ON: inactive players will automatically lose when time's up. (requested by Vizsla_falconer)\n|\n|t:|1700505082\n|switch|p1a: Weezing|Weezing-Galar, M|100\/100\n|-ability|p1a: Weezing|Neutralizing Gas\n|move|p2a: Mimikyu|Swords Dance|p2a: Mimikyu\n|-boost|p2a: Mimikyu|atk|2\n|\n|-weather|SunnyDay|[upkeep]\n|upkeep\n|turn|31\n|\n|t:|1700505103\n|switch|p2a: Landorus|Landorus-Therian, M|50\/100\n|move|p1a: Weezing|Will-O-Wisp|p2a: Landorus|[miss]\n|-miss|p1a: Weezing|p2a: Landorus\n|\n|-weather|SunnyDay|[upkeep]\n|upkeep\n|turn|32\n|\n|t:|1700505117\n|-end|p1a: Weezing|ability: Neutralizing Gas\n|-ability|p2a: Landorus|Intimidate|boost\n|-unboost|p1a: Weezing|atk|1\n|switch|p1a: Garchomp|Garchomp, F|100\/100 slp\n|move|p2a: Landorus|Earthquake|p1a: Garchomp\n|-damage|p1a: Garchomp|57\/100 slp\n|\n|-weather|SunnyDay|[upkeep]\n|upkeep\n|turn|33\n|\n|t:|1700505128\n|cant|p1a: Garchomp|slp\n|move|p2a: Landorus|U-turn|p1a: Garchomp\n|-damage|p1a: Garchomp|36\/100 slp\n|-damage|p2a: Landorus|38\/100|[from] ability: Rough Skin|[of] p1a: Garchomp\n|\n|t:|1700505134\n|switch|p2a: Mimikyu|Mimikyu, M|100\/100|[from] U-turn\n|\n|-weather|SunnyDay|[upkeep]\n|upkeep\n|turn|34\n|\n|t:|1700505143\n|switch|p1a: Weezing|Weezing-Galar, M|100\/100\n|-ability|p1a: Weezing|Neutralizing Gas\n|move|p2a: Mimikyu|Shadow Sneak|p1a: Weezing\n|-damage|p1a: Weezing|86\/100\n|-damage|p2a: Mimikyu|84\/100|[from] item: Rocky Helmet|[of] p1a: Weezing\n|-damage|p2a: Mimikyu|74\/100|[from] item: Life Orb\n|\n|-weather|none\n|upkeep\n|turn|35\n|\n|t:|1700505154\n|switch|p2a: Landorus|Landorus-Therian, M|38\/100\n|move|p1a: Weezing|Will-O-Wisp|p2a: Landorus\n|-status|p2a: Landorus|brn\n|\n|-damage|p2a: Landorus|32\/100 brn|[from] brn\n|upkeep\n|turn|36\n|\n|t:|1700505164\n|-end|p1a: Weezing|ability: Neutralizing Gas\n|-ability|p2a: Landorus|Intimidate|boost\n|-unboost|p1a: Weezing|atk|1\n|switch|p1a: Garchomp|Garchomp, F|36\/100 slp\n|move|p2a: Landorus|Earthquake|p1a: Garchomp\n|-damage|p1a: Garchomp|13\/100 slp\n|\n|-damage|p2a: Landorus|26\/100 brn|[from] brn\n|upkeep\n|turn|37\n|\n|t:|1700505175\n|cant|p1a: Garchomp|slp\n|move|p2a: Landorus|U-turn|p1a: Garchomp\n|-damage|p1a: Garchomp|2\/100 slp\n|-damage|p2a: Landorus|14\/100 brn|[from] ability: Rough Skin|[of] p1a: Garchomp\n|\n|t:|1700505181\n|switch|p2a: Mimikyu|Mimikyu, M|74\/100|[from] U-turn\n|\n|upkeep\n|turn|38\n|\n|t:|1700505190\n|switch|p1a: Weezing|Weezing-Galar, M|86\/100\n|-ability|p1a: Weezing|Neutralizing Gas\n|move|p2a: Mimikyu|Swords Dance|p2a: Mimikyu\n|-boost|p2a: Mimikyu|atk|2\n|\n|upkeep\n|turn|39\n|\n|t:|1700505204\n|move|p2a: Mimikyu|Swords Dance|p2a: Mimikyu\n|-boost|p2a: Mimikyu|atk|2\n|move|p1a: Weezing|Strange Steam|p2a: Mimikyu\n|-activate|p2a: Mimikyu|ability: Disguise\n|-damage|p2a: Mimikyu|74\/100\n|detailschange|p2a: Mimikyu|Mimikyu-Busted, M\n|-damage|p2a: Mimikyu|62\/100|[from] pokemon: Mimikyu-Busted\n|\n|upkeep\n|turn|40\n|\n|t:|1700505217\n|move|p2a: Mimikyu|Drain Punch|p1a: Weezing\n|-resisted|p1a: Weezing\n|-damage|p1a: Weezing|72\/100\n|-heal|p2a: Mimikyu|72\/100|[from] drain|[of] p1a: Weezing\n|-damage|p2a: Mimikyu|55\/100|[from] item: Rocky Helmet|[of] p1a: Weezing\n|-damage|p2a: Mimikyu|46\/100|[from] item: Life Orb\n|move|p1a: Weezing|Will-O-Wisp|p2a: Mimikyu\n|-status|p2a: Mimikyu|brn\n|\n|-damage|p2a: Mimikyu|40\/100 brn|[from] brn\n|upkeep\n|turn|41\n|\n|t:|1700505231\n|move|p2a: Mimikyu|Shadow Sneak|p1a: Weezing\n|-damage|p1a: Weezing|50\/100\n|-damage|p2a: Mimikyu|23\/100 brn|[from] item: Rocky Helmet|[of] p1a: Weezing\n|-damage|p2a: Mimikyu|13\/100 brn|[from] item: Life Orb\n|move|p1a: Weezing|Strange Steam|p2a: Mimikyu\n|-damage|p2a: Mimikyu|0 fnt\n|faint|p2a: Mimikyu\n|\n|upkeep\n|-message|Vizsla_falconer forfeited.\n|\n|win|fazbeared\n|raw|fazbeared's rating: 1442 &rarr; <strong>1461<\/strong><br \/>(+19 for winning)\n|raw|Vizsla_falconer's rating: 1426 &rarr; <strong>1407<\/strong><br \/>(-19 for losing)\n|l|\u2606Vizsla_falconer\n|l|\u2606fazbeared\n|j|\u2606fazbeared\n|player|p1|fazbeared|lass-gen4dp\n","uploadtime":1700505253,"views":6,"p1id":"fazbeared","p2id":"vizslafalconer","formatid":"gen9ou","rating":1407,"private":0,"password":""}