{"id":"gen9ou-1993068466","p1":"RabbidChinchilla","p2":"CyberH3","format":"[Gen 9] OU","log":"|j|\u2606RabbidChinchilla\n|j|\u2606CyberH3\n|t:|1700261182\n|gametype|singles\n|player|p1|RabbidChinchilla|blue|1323\n|player|p2|CyberH3|mars|1404\n|teamsize|p1|6\n|teamsize|p2|6\n|gen|9\n|tier|[Gen 9] OU\n|rated|\n|rule|Sleep Clause Mod: Limit one foe put to sleep\n|rule|Species Clause: Limit one of each Pok\u00e9mon\n|rule|OHKO Clause: OHKO moves are banned\n|rule|Evasion Items Clause: Evasion items are banned\n|rule|Evasion Moves Clause: Evasion moves are banned\n|rule|Endless Battle Clause: Forcing endless battles is banned\n|rule|HP Percentage Mod: HP is shown in percentages\n|clearpoke\n|poke|p1|Skeledirge, M|\n|poke|p1|Altaria, F|\n|poke|p1|Tinkaton, F|\n|poke|p1|Gyarados, F|\n|poke|p1|Jolteon, M|\n|poke|p1|Klefki, M|\n|poke|p2|Goodra-Hisui, M|\n|poke|p2|Scizor, F|\n|poke|p2|Mimikyu, F|\n|poke|p2|Iron Valiant|\n|poke|p2|Talonflame, F|\n|poke|p2|Lokix, M|\n|teampreview\n|\n|t:|1700261195\n|start\n|switch|p1a: Jolteon|Jolteon, M|100\/100\n|switch|p2a: The XO|Talonflame, F|100\/100\n|turn|1\n|\n|t:|1700261200\n|switch|p2a: Snailtare|Goodra-Hisui, M|100\/100\n|move|p1a: Jolteon|Detect||[still]\n|-fail|p1a: Jolteon\n|\n|-status|p1a: Jolteon|brn|[from] item: Flame Orb\n|upkeep\n|turn|2\n|\n|t:|1700261215\n|move|p1a: Jolteon|Volt Switch|p2a: Snailtare\n|-resisted|p2a: Snailtare\n|-damage|p2a: Snailtare|90\/100\n|\n|t:|1700261217\n|switch|p1a: Tinkaton|Tinkaton, F|100\/100|[from] Volt Switch\n|-ability|p1a: Tinkaton|Mold Breaker\n|move|p2a: Snailtare|Draco Meteor|p1a: Tinkaton\n|-immune|p1a: Tinkaton\n|\n|-heal|p2a: Snailtare|96\/100|[from] item: Leftovers\n|upkeep\n|turn|3\n|\n|t:|1700261219\n|move|p1a: Tinkaton|Knock Off|p2a: Snailtare\n|-damage|p2a: Snailtare|74\/100\n|-enditem|p2a: Snailtare|Leftovers|[from] move: Knock Off|[of] p1a: Tinkaton\n|move|p2a: Snailtare|Flamethrower|p1a: Tinkaton\n|-supereffective|p1a: Tinkaton\n|-damage|p1a: Tinkaton|34\/100\n|\n|-heal|p1a: Tinkaton|40\/100|[from] item: Leftovers\n|upkeep\n|turn|4\n|\n|t:|1700261239\n|switch|p1a: Klefki|Klefki, M|100\/100\n|move|p2a: Snailtare|Flamethrower|p1a: Klefki\n|-supereffective|p1a: Klefki\n|-crit|p1a: Klefki\n|-damage|p1a: Klefki|0 fnt\n|faint|p1a: Klefki\n|\n|upkeep\n|\n|t:|1700261242\n|switch|p1a: Skeledirge|Skeledirge, M|100\/100\n|turn|5\n|\n|t:|1700261244\n|move|p1a: Skeledirge|Substitute|p1a: Skeledirge\n|-start|p1a: Skeledirge|Substitute\n|-damage|p1a: Skeledirge|76\/100\n|move|p2a: Snailtare|Draco Meteor|p1a: Skeledirge\n|-end|p1a: Skeledirge|Substitute\n|-unboost|p2a: Snailtare|spa|2\n|\n|-heal|p1a: Skeledirge|82\/100|[from] item: Leftovers\n|upkeep\n|turn|6\n|\n|t:|1700261254\n|switch|p2a: Morf LeRosh|Lokix, M|100\/100\n|move|p1a: Skeledirge|Substitute|p1a: Skeledirge\n|-start|p1a: Skeledirge|Substitute\n|-damage|p1a: Skeledirge|57\/100\n|\n|-heal|p1a: Skeledirge|63\/100|[from] item: Leftovers\n|upkeep\n|turn|7\n|\n|t:|1700261257\n|move|p2a: Morf LeRosh|Knock Off|p1a: Skeledirge\n|-supereffective|p1a: Skeledirge\n|-end|p1a: Skeledirge|Substitute\n|-damage|p2a: Morf LeRosh|91\/100|[from] item: Life Orb\n|move|p1a: Skeledirge|Torch Song|p2a: Morf LeRosh\n|-supereffective|p2a: Morf LeRosh\n|-damage|p2a: Morf LeRosh|0 fnt\n|-boost|p1a: Skeledirge|spa|1\n|faint|p2a: Morf LeRosh\n|\n|-heal|p1a: Skeledirge|69\/100|[from] item: Leftovers\n|upkeep\n|\n|t:|1700261261\n|switch|p2a: The XO|Talonflame, F|100\/100\n|turn|8\n|\n|t:|1700261273\n|move|p2a: The XO|Taunt|p1a: Skeledirge\n|-start|p1a: Skeledirge|move: Taunt\n|move|p1a: Skeledirge|Shadow Ball|p2a: The XO\n|-damage|p2a: The XO|31\/100\n|\n|-heal|p2a: The XO|37\/100|[from] item: Leftovers\n|-heal|p1a: Skeledirge|75\/100|[from] item: Leftovers\n|upkeep\n|turn|9\n|\n|t:|1700261278\n|move|p2a: The XO|Brave Bird|p1a: Skeledirge\n|-damage|p1a: Skeledirge|40\/100\n|-damage|p2a: The XO|21\/100|[from] Recoil\n|move|p1a: Skeledirge|Shadow Ball|p2a: The XO\n|-damage|p2a: The XO|0 fnt\n|faint|p2a: The XO\n|\n|-heal|p1a: Skeledirge|46\/100|[from] item: Leftovers\n|upkeep\n|\n|t:|1700261286\n|switch|p2a: Snailtare|Goodra-Hisui, M|74\/100\n|turn|10\n|\n|t:|1700261304\n|move|p1a: Skeledirge|Torch Song|p2a: Snailtare\n|-damage|p2a: Snailtare|44\/100\n|-boost|p1a: Skeledirge|spa|1\n|move|p2a: Snailtare|Flamethrower|p1a: Skeledirge\n|-resisted|p1a: Skeledirge\n|-damage|p1a: Skeledirge|29\/100\n|\n|-heal|p1a: Skeledirge|35\/100|[from] item: Leftovers\n|-end|p1a: Skeledirge|move: Taunt\n|upkeep\n|turn|11\n|\n|t:|1700261313\n|move|p1a: Skeledirge|Torch Song|p2a: Snailtare\n|-damage|p2a: Snailtare|4\/100\n|-boost|p1a: Skeledirge|spa|1\n|move|p2a: Snailtare|Flamethrower|p1a: Skeledirge\n|-resisted|p1a: Skeledirge\n|-damage|p1a: Skeledirge|20\/100\n|\n|-heal|p1a: Skeledirge|26\/100|[from] item: Leftovers\n|upkeep\n|turn|12\n|\n|t:|1700261320\n|move|p1a: Skeledirge|Shadow Ball|p2a: Snailtare\n|-damage|p2a: Snailtare|0 fnt\n|faint|p2a: Snailtare\n|\n|-heal|p1a: Skeledirge|32\/100|[from] item: Leftovers\n|upkeep\n|\n|t:|1700261322\n|switch|p2a: OHAYOLLIE|Mimikyu, F|100\/100\n|turn|13\n|\n|t:|1700261330\n|switch|p1a: Tinkaton|Tinkaton, F|40\/100\n|-ability|p1a: Tinkaton|Mold Breaker\n|-terastallize|p2a: OHAYOLLIE|Ghost\n|move|p2a: OHAYOLLIE|Shadow Sneak|p1a: Tinkaton\n|-damage|p1a: Tinkaton|3\/100\n|-damage|p2a: OHAYOLLIE|91\/100|[from] item: Life Orb\n|\n|-heal|p1a: Tinkaton|9\/100|[from] item: Leftovers\n|upkeep\n|turn|14\n|\n|t:|1700261333\n|move|p2a: OHAYOLLIE|Shadow Sneak|p1a: Tinkaton\n|-damage|p1a: Tinkaton|0 fnt\n|faint|p1a: Tinkaton\n|-damage|p2a: OHAYOLLIE|81\/100|[from] item: Life Orb\n|\n|upkeep\n|\n|t:|1700261335\n|switch|p1a: Jolteon|Jolteon, M|100\/100 brn\n|turn|15\n|\n|t:|1700261339\n|move|p1a: Jolteon|Volt Switch|p2a: OHAYOLLIE\n|-activate|p2a: OHAYOLLIE|ability: Disguise\n|-damage|p2a: OHAYOLLIE|81\/100\n|detailschange|p2a: OHAYOLLIE|Mimikyu-Busted, F, tera:Ghost\n|-damage|p2a: OHAYOLLIE|68\/100|[from] pokemon: Mimikyu-Busted\n|\n|t:|1700261342\n|switch|p1a: Altaria|Altaria, F|100\/100|[from] Volt Switch\n|move|p2a: OHAYOLLIE|Swords Dance|p2a: OHAYOLLIE\n|-boost|p2a: OHAYOLLIE|atk|2\n|\n|upkeep\n|turn|16\n|\n|t:|1700261345\n|move|p2a: OHAYOLLIE|Play Rough|p1a: Altaria\n|-supereffective|p1a: Altaria\n|-damage|p1a: Altaria|0 fnt\n|faint|p1a: Altaria\n|-damage|p2a: OHAYOLLIE|58\/100|[from] item: Life Orb\n|\n|upkeep\n|\n|t:|1700261348\n|switch|p1a: Jolteon|Jolteon, M|100\/100 brn\n|turn|17\n|\n|t:|1700261350\n|move|p2a: OHAYOLLIE|Shadow Sneak|p1a: Jolteon\n|-damage|p1a: Jolteon|0 fnt\n|faint|p1a: Jolteon\n|-damage|p2a: OHAYOLLIE|48\/100|[from] item: Life Orb\n|\n|upkeep\n|\n|t:|1700261357\n|switch|p1a: Skeledirge|Skeledirge, M|32\/100\n|turn|18\n|\n|t:|1700261359\n|-terastallize|p1a: Skeledirge|Fairy\n|move|p2a: OHAYOLLIE|Shadow Sneak|p1a: Skeledirge\n|-damage|p1a: Skeledirge|8\/100\n|-damage|p2a: OHAYOLLIE|38\/100|[from] item: Life Orb\n|move|p1a: Skeledirge|Torch Song|p2a: OHAYOLLIE\n|-damage|p2a: OHAYOLLIE|0 fnt\n|-boost|p1a: Skeledirge|spa|1\n|faint|p2a: OHAYOLLIE\n|\n|-heal|p1a: Skeledirge|14\/100|[from] item: Leftovers\n|upkeep\n|\n|t:|1700261365\n|switch|p2a: Eat With Scissors|Scizor, F|100\/100\n|turn|19\n|\n|t:|1700261367\n|move|p2a: Eat With Scissors|Bullet Punch|p1a: Skeledirge\n|-supereffective|p1a: Skeledirge\n|-damage|p1a: Skeledirge|0 fnt\n|faint|p1a: Skeledirge\n|-damage|p2a: Eat With Scissors|91\/100|[from] item: Life Orb\n|\n|upkeep\n|\n|t:|1700261369\n|switch|p1a: Gyarados|Gyarados, F|100\/100\n|turn|20\n|\n|t:|1700261370\n|move|p1a: Gyarados|Dragon Dance|p1a: Gyarados\n|-boost|p1a: Gyarados|atk|1\n|-boost|p1a: Gyarados|spe|1\n|move|p2a: Eat With Scissors|Knock Off|p1a: Gyarados\n|-damage|p1a: Gyarados|33\/100\n|-enditem|p1a: Gyarados|Leftovers|[from] move: Knock Off|[of] p2a: Eat With Scissors\n|-damage|p2a: Eat With Scissors|81\/100|[from] item: Life Orb\n|\n|upkeep\n|turn|21\n|\n|t:|1700261376\n|move|p2a: Eat With Scissors|Bullet Punch|p1a: Gyarados\n|-resisted|p1a: Gyarados\n|-damage|p1a: Gyarados|3\/100\n|-damage|p2a: Eat With Scissors|71\/100|[from] item: Life Orb\n|move|p1a: Gyarados|Dragon Dance|p1a: Gyarados\n|-boost|p1a: Gyarados|atk|1\n|-boost|p1a: Gyarados|spe|1\n|\n|upkeep\n|turn|22\n|\n|t:|1700261379\n|move|p2a: Eat With Scissors|Bullet Punch|p1a: Gyarados\n|-resisted|p1a: Gyarados\n|-damage|p1a: Gyarados|0 fnt\n|faint|p1a: Gyarados\n|-damage|p2a: Eat With Scissors|61\/100|[from] item: Life Orb\n|\n|win|CyberH3\n|raw|RabbidChinchilla's rating: 1341 &rarr; <strong>1325<\/strong><br \/>(-16 for losing)\n|raw|CyberH3's rating: 1404 &rarr; <strong>1420<\/strong><br \/>(+16 for winning)\n|l|\u2606RabbidChinchilla\n|c|\u2606CyberH3|gg\n","uploadtime":1700261386,"views":11,"p1id":"rabbidchinchilla","p2id":"cyberh3","formatid":"gen9ou","rating":1325,"private":0,"password":""}