{"id":"gen9ou-1991226594","p1":"khote","p2":"Jamel1","format":"[Gen 9] OU","log":"|j|\u2606khote\n|j|\u2606Jamel1\n|t:|1700059078\n|gametype|singles\n|player|p1|khote|burglar|1669\n|player|p2|Jamel1|cyrus|1764\n|teamsize|p1|6\n|teamsize|p2|6\n|gen|9\n|tier|[Gen 9] OU\n|rated|\n|rule|Sleep Clause Mod: Limit one foe put to sleep\n|rule|Species Clause: Limit one of each Pok\u00e9mon\n|rule|OHKO Clause: OHKO moves are banned\n|rule|Evasion Items Clause: Evasion items are banned\n|rule|Evasion Moves Clause: Evasion moves are banned\n|rule|Endless Battle Clause: Forcing endless battles is banned\n|rule|HP Percentage Mod: HP is shown in percentages\n|clearpoke\n|poke|p1|Great Tusk|\n|poke|p1|Ogerpon-Wellspring, F|\n|poke|p1|Iron Moth|\n|poke|p1|Dragonite, M|\n|poke|p1|Slowking-Galar, F|\n|poke|p1|Zamazenta-*|\n|poke|p2|Jirachi|\n|poke|p2|Kommo-o, M|\n|poke|p2|Gyarados, M|\n|poke|p2|Armarouge, F|\n|poke|p2|Azumarill, F|\n|poke|p2|Ninetales-Alola, M|\n|teampreview\n|\n|t:|1700059087\n|start\n|switch|p1a: Iron Moth|Iron Moth|100\/100\n|switch|p2a: Ninetales|Ninetales-Alola, M|100\/100\n|-weather|Snow|[from] ability: Snow Warning|[of] p2a: Ninetales\n|-enditem|p1a: Iron Moth|Booster Energy\n|-activate|p1a: Iron Moth|ability: Quark Drive|[fromitem]\n|-start|p1a: Iron Moth|quarkdrivespe\n|turn|1\n|inactive|Battle timer is ON: inactive players will automatically lose when time's up. (requested by khote)\n|\n|t:|1700059090\n|switch|p2a: Jirachi|Jirachi|100\/100\n|move|p1a: Iron Moth|Fiery Dance|p2a: Jirachi\n|-supereffective|p2a: Jirachi\n|-damage|p2a: Jirachi|20\/100\n|-boost|p1a: Iron Moth|spa|1\n|-enditem|p2a: Jirachi|Weakness Policy\n|-boost|p2a: Jirachi|atk|2|[from] item: Weakness Policy\n|-boost|p2a: Jirachi|spa|2|[from] item: Weakness Policy\n|\n|-weather|Snow|[upkeep]\n|upkeep\n|turn|2\n|j| 666gege\n|\n|t:|1700059099\n|switch|p2a: Gyarados|Gyarados, M, shiny|100\/100\n|move|p1a: Iron Moth|Fiery Dance|p2a: Gyarados\n|-resisted|p2a: Gyarados\n|-damage|p2a: Gyarados|71\/100\n|\n|-weather|Snow|[upkeep]\n|-heal|p2a: Gyarados|77\/100|[from] item: Leftovers\n|upkeep\n|turn|3\n|\n|t:|1700059103\n|move|p1a: Iron Moth|Sludge Wave|p2a: Gyarados\n|-damage|p2a: Gyarados|0 fnt\n|faint|p2a: Gyarados\n|\n|-weather|Snow|[upkeep]\n|upkeep\n|\n|t:|1700059106\n|switch|p2a: Kommo-o|Kommo-o, M|100\/100\n|turn|4\n|j| all hips no lies\n|\n|t:|1700059111\n|-terastallize|p2a: Kommo-o|Ground\n|move|p1a: Iron Moth|Dazzling Gleam|p2a: Kommo-o\n|-damage|p2a: Kommo-o|56\/100\n|move|p2a: Kommo-o|Earthquake|p1a: Iron Moth\n|-supereffective|p1a: Iron Moth\n|-damage|p1a: Iron Moth|0 fnt\n|faint|p1a: Iron Moth\n|-end|p1a: Iron Moth|Quark Drive|[silent]\n|\n|-weather|Snow|[upkeep]\n|upkeep\n|\n|t:|1700059121\n|switch|p1a: Ogerpon|Ogerpon-Wellspring, F|100\/100\n|turn|5\n|\n|t:|1700059124\n|switch|p2a: Jirachi|Jirachi|20\/100\n|move|p1a: Ogerpon|Ivy Cudgel|p2a: Jirachi|[anim] Ivy Cudgel Water\n|-damage|p2a: Jirachi|0 fnt\n|faint|p2a: Jirachi\n|\n|-weather|none\n|upkeep\n|\n|t:|1700059126\n|switch|p2a: Ninetales|Ninetales-Alola, M|100\/100\n|-weather|Snow|[from] ability: Snow Warning|[of] p2a: Ninetales\n|turn|6\n|\n|t:|1700059133\n|switch|p1a: Slowking|Slowking-Galar, F|100\/100\n|move|p2a: Ninetales|Aurora Veil|p2a: Ninetales\n|-sidestart|p2: Jamel1|move: Aurora Veil\n|\n|-weather|Snow|[upkeep]\n|upkeep\n|turn|7\n|\n|t:|1700059141\n|move|p2a: Ninetales|Hypnosis|p1a: Slowking\n|-status|p1a: Slowking|slp|[from] move: Hypnosis\n|cant|p1a: Slowking|slp\n|\n|-weather|Snow|[upkeep]\n|upkeep\n|turn|8\n|\n|t:|1700059150\n|switch|p2a: Kommo-o|Kommo-o, M, tera:Ground|56\/100\n|switch|p1a: Zamazenta|Zamazenta|100\/100\n|-ability|p1a: Zamazenta|Dauntless Shield|boost\n|-boost|p1a: Zamazenta|def|1\n|\n|-weather|Snow|[upkeep]\n|upkeep\n|turn|9\n|\n|t:|1700059157\n|move|p1a: Zamazenta|Iron Defense|p1a: Zamazenta\n|-boost|p1a: Zamazenta|def|2\n|move|p2a: Kommo-o|Clangorous Soul|p2a: Kommo-o\n|-boost|p2a: Kommo-o|atk|1\n|-boost|p2a: Kommo-o|def|1\n|-boost|p2a: Kommo-o|spa|1\n|-boost|p2a: Kommo-o|spd|1\n|-boost|p2a: Kommo-o|spe|1\n|-damage|p2a: Kommo-o|23\/100\n|-enditem|p2a: Kommo-o|Lansat Berry|[eat]\n|-start|p2a: Kommo-o|move: Focus Energy\n|\n|-weather|Snow|[upkeep]\n|upkeep\n|turn|10\n|\n|t:|1700059161\n|move|p2a: Kommo-o|Drain Punch|p1a: Zamazenta\n|-damage|p1a: Zamazenta|84\/100\n|-heal|p2a: Kommo-o|33\/100|[from] drain|[of] p1a: Zamazenta\n|move|p1a: Zamazenta|Body Press|p2a: Kommo-o\n|-damage|p2a: Kommo-o|1\/100\n|\n|-weather|none\n|-heal|p1a: Zamazenta|91\/100|[from] item: Leftovers\n|upkeep\n|turn|11\n|\n|t:|1700059168\n|move|p2a: Kommo-o|Drain Punch|p1a: Zamazenta\n|-damage|p1a: Zamazenta|75\/100\n|-heal|p2a: Kommo-o|10\/100|[from] drain|[of] p1a: Zamazenta\n|move|p1a: Zamazenta|Body Press|p2a: Kommo-o\n|-damage|p2a: Kommo-o|0 fnt\n|faint|p2a: Kommo-o\n|\n|-heal|p1a: Zamazenta|82\/100|[from] item: Leftovers\n|upkeep\n|\n|t:|1700059171\n|switch|p2a: Armarouge|Armarouge, F|100\/100\n|turn|12\n|\n|t:|1700059176\n|move|p1a: Zamazenta|Crunch|p2a: Armarouge\n|-supereffective|p2a: Armarouge\n|-damage|p2a: Armarouge|86\/100\n|-ability|p2a: Armarouge|Weak Armor|boost\n|-unboost|p2a: Armarouge|def|1\n|-boost|p2a: Armarouge|spe|2\n|-enditem|p2a: Armarouge|Weakness Policy\n|-boost|p2a: Armarouge|atk|2|[from] item: Weakness Policy\n|-boost|p2a: Armarouge|spa|2|[from] item: Weakness Policy\n|move|p2a: Armarouge|Iron Defense|p2a: Armarouge\n|-boost|p2a: Armarouge|def|2\n|\n|-heal|p1a: Zamazenta|88\/100|[from] item: Leftovers\n|upkeep\n|turn|13\n|\n|t:|1700059184\n|move|p1a: Zamazenta|Crunch|p2a: Armarouge\n|-supereffective|p2a: Armarouge\n|-damage|p2a: Armarouge|77\/100\n|-ability|p2a: Armarouge|Weak Armor|boost\n|-unboost|p2a: Armarouge|def|1\n|-boost|p2a: Armarouge|spe|2\n|move|p2a: Armarouge|Iron Defense|p2a: Armarouge\n|-boost|p2a: Armarouge|def|2\n|\n|-heal|p1a: Zamazenta|94\/100|[from] item: Leftovers\n|-sideend|p2: Jamel1|move: Aurora Veil\n|upkeep\n|turn|14\n|\n|t:|1700059191\n|move|p2a: Armarouge|Stored Power|p1a: Zamazenta\n|-supereffective|p1a: Zamazenta\n|-damage|p1a: Zamazenta|0 fnt\n|faint|p1a: Zamazenta\n|\n|upkeep\n|\n|t:|1700059205\n|switch|p1a: Great Tusk|Great Tusk|100\/100\n|turn|15\n|\n|t:|1700059212\n|move|p2a: Armarouge|Stored Power|p1a: Great Tusk\n|-supereffective|p1a: Great Tusk\n|-enditem|p1a: Great Tusk|Focus Sash\n|-damage|p1a: Great Tusk|1\/100\n|move|p1a: Great Tusk|Headlong Rush|p2a: Armarouge\n|-supereffective|p2a: Armarouge\n|-damage|p2a: Armarouge|34\/100\n|-unboost|p1a: Great Tusk|def|1\n|-unboost|p1a: Great Tusk|spd|1\n|-ability|p2a: Armarouge|Weak Armor|boost\n|-unboost|p2a: Armarouge|def|1\n|-boost|p2a: Armarouge|spe|2\n|\n|upkeep\n|turn|16\n|\n|t:|1700059220\n|move|p2a: Armarouge|Stored Power|p1a: Great Tusk\n|-supereffective|p1a: Great Tusk\n|-damage|p1a: Great Tusk|0 fnt\n|faint|p1a: Great Tusk\n|-end|p1a: Great Tusk|Protosynthesis|[silent]\n|\n|upkeep\n|\n|t:|1700059226\n|switch|p1a: Dragonite|Dragonite, M|100\/100\n|turn|17\n|\n|t:|1700059234\n|-terastallize|p1a: Dragonite|Normal\n|move|p1a: Dragonite|Extreme Speed|p2a: Armarouge\n|-damage|p2a: Armarouge|14\/100\n|-ability|p2a: Armarouge|Weak Armor|boost\n|-unboost|p2a: Armarouge|def|1\n|move|p2a: Armarouge|Stored Power|p1a: Dragonite\n|-damage|p1a: Dragonite|16\/100\n|\n|upkeep\n|turn|18\n|\n|t:|1700059242\n|move|p1a: Dragonite|Extreme Speed|p2a: Armarouge\n|-damage|p2a: Armarouge|0 fnt\n|faint|p2a: Armarouge\n|\n|upkeep\n|\n|t:|1700059245\n|switch|p2a: Ninetales|Ninetales-Alola, M|100\/100\n|-weather|Snow|[from] ability: Snow Warning|[of] p2a: Ninetales\n|turn|19\n|\n|t:|1700059252\n|switch|p1a: Ogerpon|Ogerpon-Wellspring, F|100\/100\n|move|p2a: Ninetales|Aurora Veil|p2a: Ninetales\n|-sidestart|p2: Jamel1|move: Aurora Veil\n|\n|-weather|Snow|[upkeep]\n|upkeep\n|turn|20\n|\n|t:|1700059256\n|switch|p2a: Azumarill|Azumarill, F|100\/100\n|move|p1a: Ogerpon|Encore||[still]\n|-fail|p1a: Ogerpon\n|\n|-weather|Snow|[upkeep]\n|upkeep\n|turn|21\n|\n|t:|1700059265\n|switch|p2a: Ninetales|Ninetales-Alola, M|100\/100\n|move|p1a: Ogerpon|Horn Leech|p2a: Ninetales\n|-damage|p2a: Ninetales|78\/100\n|\n|-weather|Snow|[upkeep]\n|upkeep\n|turn|22\n|\n|t:|1700059270\n|switch|p1a: Dragonite|Dragonite, M, tera:Normal|16\/100\n|move|p2a: Ninetales|Freeze-Dry|p1a: Dragonite\n|-damage|p1a: Dragonite|0 fnt\n|faint|p1a: Dragonite\n|\n|-weather|Snow|[upkeep]\n|upkeep\n|\n|t:|1700059275\n|switch|p1a: Slowking|Slowking-Galar, F|100\/100 slp\n|turn|23\n|j| femurdeeznuts\n|\n|t:|1700059290\n|switch|p2a: Azumarill|Azumarill, F|100\/100\n|cant|p1a: Slowking|slp\n|\n|-weather|none\n|upkeep\n|turn|24\n|\n|t:|1700059294\n|move|p2a: Azumarill|Belly Drum|p2a: Azumarill\n|-damage|p2a: Azumarill|50\/100\n|-setboost|p2a: Azumarill|atk|6|[from] move: Belly Drum\n|-enditem|p2a: Azumarill|Sitrus Berry|[eat]\n|-heal|p2a: Azumarill|75\/100|[from] item: Sitrus Berry\n|-curestatus|p1a: Slowking|slp|[msg]\n|move|p1a: Slowking|Sludge Bomb|p2a: Azumarill\n|-supereffective|p2a: Azumarill\n|-damage|p2a: Azumarill|40\/100\n|\n|upkeep\n|turn|25\n|l| femurdeeznuts\n|\n|t:|1700059306\n|move|p2a: Azumarill|Play Rough|p1a: Slowking\n|-resisted|p1a: Slowking\n|-damage|p1a: Slowking|0 fnt\n|faint|p1a: Slowking\n|\n|upkeep\n|\n|t:|1700059309\n|switch|p1a: Ogerpon|Ogerpon-Wellspring, F|100\/100\n|turn|26\n|\n|t:|1700059313\n|move|p1a: Ogerpon|Horn Leech|p2a: Azumarill\n|-supereffective|p2a: Azumarill\n|-damage|p2a: Azumarill|0 fnt\n|faint|p2a: Azumarill\n|\n|-sideend|p2: Jamel1|move: Aurora Veil\n|upkeep\n|\n|t:|1700059316\n|switch|p2a: Ninetales|Ninetales-Alola, M|78\/100\n|-weather|Snow|[from] ability: Snow Warning|[of] p2a: Ninetales\n|turn|27\n|\n|t:|1700059321\n|move|p1a: Ogerpon|Ivy Cudgel|p2a: Ninetales|[anim] Ivy Cudgel Water\n|-damage|p2a: Ninetales|16\/100\n|move|p2a: Ninetales|Freeze-Dry|p1a: Ogerpon\n|-supereffective|p1a: Ogerpon\n|-damage|p1a: Ogerpon|0 fnt\n|faint|p1a: Ogerpon\n|\n|win|Jamel1\n|raw|khote's rating: 1669 &rarr; <strong>1654<\/strong><br \/>(-15 for losing)\n|raw|Jamel1's rating: 1764 &rarr; <strong>1779<\/strong><br \/>(+15 for winning)\n","uploadtime":1700059330,"views":19,"p1id":"khote","p2id":"jamel1","formatid":"gen9ou","rating":1654,"private":0,"password":""}