{"id":"gen9ou-1994589239","p1":"lord denominator","p2":"Manjack","format":"[Gen 9] OU","log":"|j|\u203dlord denominator\n|j|\u2606Manjack\n|t:|1700465203\n|gametype|singles\n|player|p1|lord denominator|iris-gen5bw2|1587\n|player|p2|Manjack|preschooler|1651\n|teamsize|p1|6\n|teamsize|p2|6\n|gen|9\n|tier|[Gen 9] OU\n|rated|\n|rule|Sleep Clause Mod: Limit one foe put to sleep\n|rule|Species Clause: Limit one of each Pok\u00e9mon\n|rule|OHKO Clause: OHKO moves are banned\n|rule|Evasion Items Clause: Evasion items are banned\n|rule|Evasion Moves Clause: Evasion moves are banned\n|rule|Endless Battle Clause: Forcing endless battles is banned\n|rule|HP Percentage Mod: HP is shown in percentages\n|clearpoke\n|poke|p1|Glimmora, M|\n|poke|p1|Kingambit, M|\n|poke|p1|Iron Moth|\n|poke|p1|Ogerpon-Wellspring, F|\n|poke|p1|Enamorus, F|\n|poke|p1|Zamazenta-*|\n|poke|p2|Ogerpon, F|\n|poke|p2|Corviknight, F|\n|poke|p2|Dachsbun, F|\n|poke|p2|Landorus-Therian, M|\n|poke|p2|Rotom-Wash|\n|poke|p2|Clodsire, F|\n|teampreview\n|c|\u2606Manjack|Glhf\n|inactive|Battle timer is ON: inactive players will automatically lose when time's up. (requested by lord denominator)\n|\n|t:|1700465211\n|start\n|switch|p1a: Glimmora|Glimmora, M|100\/100\n|switch|p2a: Clodsire|Clodsire, F|100\/100\n|turn|1\n|j| ucica\n|\n|t:|1700465227\n|move|p1a: Glimmora|Stealth Rock|p2a: Clodsire\n|-sidestart|p2: Manjack|move: Stealth Rock\n|move|p2a: Clodsire|Earthquake|p1a: Glimmora\n|-supereffective|p1a: Glimmora\n|-enditem|p1a: Glimmora|Focus Sash\n|-damage|p1a: Glimmora|1\/100\n|-activate|p1a: Glimmora|ability: Toxic Debris\n|-sidestart|p2: Manjack|move: Toxic Spikes\n|\n|upkeep\n|turn|2\n|\n|t:|1700465231\n|move|p1a: Glimmora|Earth Power|p2a: Clodsire\n|-supereffective|p2a: Clodsire\n|-damage|p2a: Clodsire|68\/100\n|move|p2a: Clodsire|Earthquake|p1a: Glimmora\n|-supereffective|p1a: Glimmora\n|-damage|p1a: Glimmora|0 fnt\n|-activate|p1a: Glimmora|ability: Toxic Debris\n|-sidestart|p2: Manjack|move: Toxic Spikes\n|faint|p1a: Glimmora\n|\n|-heal|p2a: Clodsire|74\/100|[from] item: Leftovers\n|upkeep\n|\n|t:|1700465238\n|switch|p1a: Ogerpon|Ogerpon-Wellspring, F|100\/100\n|turn|3\n|\n|t:|1700465241\n|switch|p2a: Corviknight|Corviknight, F|100\/100\n|-damage|p2a: Corviknight|88\/100|[from] Stealth Rock\n|-ability|p2a: Corviknight|Pressure\n|move|p1a: Ogerpon|Substitute|p1a: Ogerpon\n|-start|p1a: Ogerpon|Substitute\n|-damage|p1a: Ogerpon|76\/100\n|\n|-heal|p2a: Corviknight|94\/100|[from] item: Leftovers\n|upkeep\n|turn|4\n|\n|t:|1700465251\n|move|p1a: Ogerpon|Swords Dance|p1a: Ogerpon\n|-boost|p1a: Ogerpon|atk|2\n|move|p2a: Corviknight|Defog|p1a: Ogerpon\n|-sideend|p2: Manjack|Toxic Spikes|[from] move: Defog|[of] p2a: Corviknight\n|-sideend|p2: Manjack|Stealth Rock|[from] move: Defog|[of] p2a: Corviknight\n|\n|-heal|p2a: Corviknight|99\/100|[from] item: Leftovers\n|upkeep\n|turn|5\n|\n|t:|1700465261\n|move|p1a: Ogerpon|Ivy Cudgel|p2a: Corviknight|[anim] Ivy Cudgel Water\n|-damage|p2a: Corviknight|27\/100\n|move|p2a: Corviknight|U-turn|p1a: Ogerpon\n|-supereffective|p1a: Ogerpon\n|-end|p1a: Ogerpon|Substitute\n|\n|t:|1700465267\n|switch|p2a: Ogerpon|Ogerpon, F|100\/100|[from] U-turn\n|\n|upkeep\n|turn|6\n|\n|t:|1700465272\n|switch|p1a: Iron Moth|Iron Moth|100\/100\n|-enditem|p1a: Iron Moth|Booster Energy\n|-activate|p1a: Iron Moth|ability: Quark Drive|[fromitem]\n|-start|p1a: Iron Moth|quarkdrivespe\n|move|p2a: Ogerpon|Swords Dance|p2a: Ogerpon\n|-boost|p2a: Ogerpon|atk|2\n|\n|upkeep\n|turn|7\n|\n|t:|1700465281\n|move|p1a: Iron Moth|Sludge Wave|p2a: Ogerpon\n|-supereffective|p2a: Ogerpon\n|-damage|p2a: Ogerpon|5\/100\n|move|p2a: Ogerpon|Rock Tomb|p1a: Iron Moth\n|-supereffective|p1a: Iron Moth\n|-damage|p1a: Iron Moth|0 fnt\n|faint|p1a: Iron Moth\n|-end|p1a: Iron Moth|Quark Drive|[silent]\n|\n|-heal|p2a: Ogerpon|11\/100|[from] item: Leftovers\n|upkeep\n|\n|t:|1700465287\n|switch|p1a: Kingambit|Kingambit, M|100\/100\n|-activate|p1a: Kingambit|ability: Supreme Overlord\n|-start|p1a: Kingambit|fallen2|[silent]\n|turn|8\n|\n|t:|1700465293\n|switch|p2a: Rotom|Rotom-Wash|100\/100\n|move|p1a: Kingambit|Sucker Punch||[still]\n|-fail|p1a: Kingambit\n|\n|upkeep\n|turn|9\n|j| ttyyuui55erreqq122\n|\n|t:|1700465306\n|-end|p1a: Kingambit|fallen2|[silent]\n|switch|p1a: Enamorus|Enamorus, F|100\/100\n|move|p2a: Rotom|Will-O-Wisp|p1a: Enamorus\n|-status|p1a: Enamorus|brn\n|\n|-damage|p1a: Enamorus|94\/100 brn|[from] brn\n|upkeep\n|turn|10\n|\n|t:|1700465312\n|switch|p2a: Corviknight|Corviknight, F|27\/100\n|-ability|p2a: Corviknight|Pressure\n|move|p1a: Enamorus|Moonblast|p2a: Corviknight\n|-resisted|p2a: Corviknight\n|-damage|p2a: Corviknight|0 fnt\n|faint|p2a: Corviknight\n|\n|-heal|p1a: Enamorus|100\/100 brn|[from] item: Leftovers\n|-damage|p1a: Enamorus|94\/100 brn|[from] brn\n|upkeep\n|\n|t:|1700465323\n|switch|p2a: Clodsire|Clodsire, F|74\/100\n|turn|11\n|\n|t:|1700465326\n|move|p1a: Enamorus|Substitute|p1a: Enamorus\n|-start|p1a: Enamorus|Substitute\n|-damage|p1a: Enamorus|69\/100 brn\n|move|p2a: Clodsire|Recover|p2a: Clodsire\n|-heal|p2a: Clodsire|100\/100\n|\n|-heal|p1a: Enamorus|76\/100 brn|[from] item: Leftovers\n|-damage|p1a: Enamorus|69\/100 brn|[from] brn\n|upkeep\n|turn|12\n|\n|t:|1700465330\n|switch|p2a: Dachsbun|Dachsbun, F|100\/100\n|move|p1a: Enamorus|Calm Mind|p1a: Enamorus\n|-boost|p1a: Enamorus|spa|1\n|-boost|p1a: Enamorus|spd|1\n|\n|-heal|p1a: Enamorus|76\/100 brn|[from] item: Leftovers\n|-damage|p1a: Enamorus|69\/100 brn|[from] brn\n|upkeep\n|turn|13\n|\n|t:|1700465336\n|move|p1a: Enamorus|Moonblast|p2a: Dachsbun\n|-damage|p2a: Dachsbun|35\/100\n|-unboost|p2a: Dachsbun|spa|1\n|move|p2a: Dachsbun|Copycat|p2a: Dachsbun\n|move|p2a: Dachsbun|Moonblast|p1a: Enamorus|[from]move: Copycat\n|-activate|p1a: Enamorus|move: Substitute|[damage]\n|\n|-heal|p1a: Enamorus|76\/100 brn|[from] item: Leftovers\n|-heal|p2a: Dachsbun|41\/100|[from] item: Leftovers\n|-damage|p1a: Enamorus|69\/100 brn|[from] brn\n|upkeep\n|turn|14\n|\n|t:|1700465342\n|move|p2a: Dachsbun|Protect|p2a: Dachsbun\n|-singleturn|p2a: Dachsbun|Protect\n|move|p1a: Enamorus|Moonblast|p2a: Dachsbun\n|-activate|p2a: Dachsbun|move: Protect\n|\n|-heal|p1a: Enamorus|76\/100 brn|[from] item: Leftovers\n|-heal|p2a: Dachsbun|47\/100|[from] item: Leftovers\n|-damage|p1a: Enamorus|69\/100 brn|[from] brn\n|upkeep\n|turn|15\n|\n|t:|1700465345\n|switch|p2a: Clodsire|Clodsire, F|100\/100\n|move|p1a: Enamorus|Moonblast|p2a: Clodsire\n|-resisted|p2a: Clodsire\n|-damage|p2a: Clodsire|86\/100\n|\n|-heal|p1a: Enamorus|76\/100 brn|[from] item: Leftovers\n|-heal|p2a: Clodsire|92\/100|[from] item: Leftovers\n|-damage|p1a: Enamorus|69\/100 brn|[from] brn\n|upkeep\n|turn|16\n|\n|t:|1700465347\n|move|p1a: Enamorus|Earth Power|p2a: Clodsire\n|-supereffective|p2a: Clodsire\n|-damage|p2a: Clodsire|58\/100\n|move|p2a: Clodsire|Iron Head|p1a: Enamorus\n|-supereffective|p1a: Enamorus\n|-end|p1a: Enamorus|Substitute\n|\n|-heal|p1a: Enamorus|76\/100 brn|[from] item: Leftovers\n|-heal|p2a: Clodsire|64\/100|[from] item: Leftovers\n|-damage|p1a: Enamorus|69\/100 brn|[from] brn\n|upkeep\n|turn|17\n|\n|t:|1700465353\n|move|p1a: Enamorus|Calm Mind|p1a: Enamorus\n|-boost|p1a: Enamorus|spa|1\n|-boost|p1a: Enamorus|spd|1\n|move|p2a: Clodsire|Recover|p2a: Clodsire\n|-heal|p2a: Clodsire|100\/100\n|\n|-heal|p1a: Enamorus|76\/100 brn|[from] item: Leftovers\n|-damage|p1a: Enamorus|69\/100 brn|[from] brn\n|upkeep\n|turn|18\n|\n|t:|1700465356\n|move|p1a: Enamorus|Earth Power|p2a: Clodsire\n|-supereffective|p2a: Clodsire\n|-damage|p2a: Clodsire|63\/100\n|move|p2a: Clodsire|Iron Head|p1a: Enamorus\n|-supereffective|p1a: Enamorus\n|-damage|p1a: Enamorus|24\/100 brn\n|\n|-heal|p1a: Enamorus|31\/100 brn|[from] item: Leftovers\n|-heal|p2a: Clodsire|69\/100|[from] item: Leftovers\n|-damage|p1a: Enamorus|24\/100 brn|[from] brn\n|upkeep\n|turn|19\n|\n|t:|1700465359\n|move|p1a: Enamorus|Earth Power|p2a: Clodsire\n|-supereffective|p2a: Clodsire\n|-damage|p2a: Clodsire|32\/100\n|-unboost|p2a: Clodsire|spd|1\n|move|p2a: Clodsire|Recover|p2a: Clodsire\n|-heal|p2a: Clodsire|82\/100\n|\n|-heal|p1a: Enamorus|31\/100 brn|[from] item: Leftovers\n|-heal|p2a: Clodsire|88\/100|[from] item: Leftovers\n|-damage|p1a: Enamorus|24\/100 brn|[from] brn\n|upkeep\n|turn|20\n|\n|t:|1700465363\n|move|p1a: Enamorus|Earth Power|p2a: Clodsire\n|-supereffective|p2a: Clodsire\n|-damage|p2a: Clodsire|41\/100\n|move|p2a: Clodsire|Iron Head|p1a: Enamorus\n|-supereffective|p1a: Enamorus\n|-damage|p1a: Enamorus|0 fnt\n|faint|p1a: Enamorus\n|\n|-heal|p2a: Clodsire|47\/100|[from] item: Leftovers\n|upkeep\n|\n|t:|1700465369\n|switch|p1a: Ogerpon|Ogerpon-Wellspring, F|76\/100\n|turn|21\n|\n|t:|1700465373\n|switch|p2a: Landorus|Landorus-Therian, M|100\/100\n|-ability|p2a: Landorus|Intimidate|boost\n|-unboost|p1a: Ogerpon|atk|1\n|move|p1a: Ogerpon|Ivy Cudgel|p2a: Landorus|[anim] Ivy Cudgel Water\n|-supereffective|p2a: Landorus\n|-damage|p2a: Landorus|24\/100\n|\n|-heal|p2a: Landorus|30\/100|[from] item: Leftovers\n|upkeep\n|turn|22\n|\n|t:|1700465379\n|move|p1a: Ogerpon|Ivy Cudgel|p2a: Landorus|[anim] Ivy Cudgel Water\n|-supereffective|p2a: Landorus\n|-damage|p2a: Landorus|0 fnt\n|faint|p2a: Landorus\n|\n|upkeep\n|j| Ctannn\n|\n|t:|1700465389\n|switch|p2a: Ogerpon|Ogerpon, F|11\/100\n|turn|23\n|\n|t:|1700465395\n|-terastallize|p2a: Ogerpon|Grass\n|detailschange|p2a: Ogerpon|Ogerpon-Teal-Tera, F, tera:Grass\n|-ability|p2a: Ogerpon|Embody Aspect (Teal)|boost\n|-boost|p2a: Ogerpon|spe|1\n|move|p2a: Ogerpon|Horn Leech|p1a: Ogerpon\n|-crit|p1a: Ogerpon\n|-damage|p1a: Ogerpon|0 fnt\n|-heal|p2a: Ogerpon|42\/100|[from] drain|[of] p1a: Ogerpon\n|faint|p1a: Ogerpon\n|\n|-heal|p2a: Ogerpon|48\/100|[from] item: Leftovers\n|upkeep\n|\n|t:|1700465411\n|switch|p1a: Kingambit|Kingambit, M|100\/100\n|-activate|p1a: Kingambit|ability: Supreme Overlord\n|-start|p1a: Kingambit|fallen4|[silent]\n|turn|24\n|\n|t:|1700465418\n|move|p2a: Ogerpon|Swords Dance|p2a: Ogerpon\n|-boost|p2a: Ogerpon|atk|2\n|move|p1a: Kingambit|Kowtow Cleave|p2a: Ogerpon\n|-damage|p2a: Ogerpon|0 fnt\n|faint|p2a: Ogerpon\n|\n|upkeep\n|\n|t:|1700465430\n|switch|p2a: Rotom|Rotom-Wash|100\/100\n|turn|25\n|\n|t:|1700465443\n|-end|p1a: Kingambit|fallen4|[silent]\n|switch|p1a: Zamazenta|Zamazenta|100\/100\n|-ability|p1a: Zamazenta|Dauntless Shield|boost\n|-boost|p1a: Zamazenta|def|1\n|move|p2a: Rotom|Will-O-Wisp|p1a: Zamazenta\n|-status|p1a: Zamazenta|brn\n|\n|-damage|p1a: Zamazenta|94\/100 brn|[from] brn\n|upkeep\n|turn|26\n|\n|t:|1700465447\n|move|p1a: Zamazenta|Stone Edge|p2a: Rotom\n|-damage|p2a: Rotom|88\/100\n|move|p2a: Rotom|Volt Switch|p1a: Zamazenta\n|-damage|p1a: Zamazenta|73\/100 brn\n|\n|t:|1700465448\n|switch|p2a: Clodsire|Clodsire, F|47\/100|[from] Volt Switch\n|\n|-heal|p1a: Zamazenta|79\/100 brn|[from] item: Leftovers\n|-heal|p2a: Clodsire|53\/100|[from] item: Leftovers\n|-damage|p1a: Zamazenta|73\/100 brn|[from] brn\n|upkeep\n|turn|27\n|\n|t:|1700465453\n|switch|p1a: Kingambit|Kingambit, M|100\/100\n|-activate|p1a: Kingambit|ability: Supreme Overlord\n|-start|p1a: Kingambit|fallen4|[silent]\n|move|p2a: Clodsire|Recover|p2a: Clodsire\n|-heal|p2a: Clodsire|100\/100\n|\n|upkeep\n|turn|28\n|\n|t:|1700465461\n|-terastallize|p1a: Kingambit|Flying\n|move|p1a: Kingambit|Swords Dance|p1a: Kingambit\n|-boost|p1a: Kingambit|atk|2\n|move|p2a: Clodsire|Earthquake|p1a: Kingambit\n|-immune|p1a: Kingambit\n|\n|upkeep\n|turn|29\n|\n|t:|1700465470\n|move|p1a: Kingambit|Iron Head|p2a: Clodsire\n|-damage|p2a: Clodsire|31\/100\n|move|p2a: Clodsire|Toxic|p1a: Kingambit\n|-status|p1a: Kingambit|tox\n|-enditem|p1a: Kingambit|Lum Berry|[eat]\n|-curestatus|p1a: Kingambit|tox|[msg]\n|\n|-heal|p2a: Clodsire|37\/100|[from] item: Leftovers\n|upkeep\n|turn|30\n|l| Ctannn\n|\n|t:|1700465482\n|move|p1a: Kingambit|Kowtow Cleave|p2a: Clodsire\n|-damage|p2a: Clodsire|0 fnt\n|faint|p2a: Clodsire\n|\n|upkeep\n|\n|t:|1700465498\n|switch|p2a: Dachsbun|Dachsbun, F|47\/100\n|turn|31\n|\n|t:|1700465502\n|move|p2a: Dachsbun|Wish|p2a: Dachsbun\n|move|p1a: Kingambit|Iron Head|p2a: Dachsbun\n|-supereffective|p2a: Dachsbun\n|-damage|p2a: Dachsbun|0 fnt\n|faint|p2a: Dachsbun\n|\n|upkeep\n|\n|t:|1700465504\n|switch|p2a: Rotom|Rotom-Wash|88\/100\n|turn|32\n|\n|t:|1700465506\n|move|p2a: Rotom|Will-O-Wisp|p1a: Kingambit\n|-status|p1a: Kingambit|brn\n|move|p1a: Kingambit|Kowtow Cleave|p2a: Rotom\n|-damage|p2a: Rotom|33\/100\n|\n|-heal|p2a: Rotom|86\/100|[from] move: Wish|[wisher] Dachsbun\n|-heal|p2a: Rotom|92\/100|[from] item: Leftovers\n|-damage|p1a: Kingambit|94\/100 brn|[from] brn\n|upkeep\n|turn|33\n|\n|t:|1700465512\n|move|p2a: Rotom|Volt Switch|p1a: Kingambit\n|-supereffective|p1a: Kingambit\n|-damage|p1a: Kingambit|36\/100 brn\n|move|p1a: Kingambit|Kowtow Cleave|p2a: Rotom\n|-damage|p2a: Rotom|42\/100\n|\n|-heal|p2a: Rotom|49\/100|[from] item: Leftovers\n|-damage|p1a: Kingambit|30\/100 brn|[from] brn\n|upkeep\n|turn|34\n|c|\u2606Manjack|Thanks bun dog\n|\n|t:|1700465521\n|move|p2a: Rotom|Protect|p2a: Rotom\n|-singleturn|p2a: Rotom|Protect\n|move|p1a: Kingambit|Sucker Punch||[still]\n|-fail|p1a: Kingambit\n|\n|-heal|p2a: Rotom|55\/100|[from] item: Leftovers\n|-damage|p1a: Kingambit|24\/100 brn|[from] brn\n|upkeep\n|turn|35\n|\n|t:|1700465524\n|move|p1a: Kingambit|Sucker Punch|p2a: Rotom\n|-damage|p2a: Rotom|11\/100\n|move|p2a: Rotom|Volt Switch|p1a: Kingambit\n|-supereffective|p1a: Kingambit\n|-damage|p1a: Kingambit|0 fnt\n|faint|p1a: Kingambit\n|-end|p1a: Kingambit|fallen4|[silent]\n|\n|-heal|p2a: Rotom|17\/100|[from] item: Leftovers\n|upkeep\n|\n|t:|1700465527\n|switch|p1a: Zamazenta|Zamazenta|73\/100 brn\n|turn|36\n|\n|t:|1700465530\n|move|p2a: Rotom|Protect|p2a: Rotom\n|-singleturn|p2a: Rotom|Protect\n|move|p1a: Zamazenta|Iron Defense|p1a: Zamazenta\n|-boost|p1a: Zamazenta|def|2\n|\n|-heal|p1a: Zamazenta|79\/100 brn|[from] item: Leftovers\n|-heal|p2a: Rotom|24\/100|[from] item: Leftovers\n|-damage|p1a: Zamazenta|73\/100 brn|[from] brn\n|upkeep\n|turn|37\n|\n|t:|1700465532\n|move|p1a: Zamazenta|Body Press|p2a: Rotom\n|-damage|p2a: Rotom|0 fnt\n|faint|p2a: Rotom\n|\n|win|lord denominator\n|raw|lord denominator's rating: 1587 &rarr; <strong>1611<\/strong><br \/>(+24 for winning)\n|raw|Manjack's rating: 1651 &rarr; <strong>1627<\/strong><br \/>(-24 for losing)\n|c|\u2606Manjack|Gg\n|l|\u203dlord denominator\n|l|\u2606Manjack\n|l| ucica\n","uploadtime":1700465662,"views":11,"p1id":"lorddenominator","p2id":"manjack","formatid":"gen9ou","rating":1611,"private":0,"password":""}