{"id":"gen9ou-2000635209","p1":"tony493931","p2":"balheat227","format":"[Gen 9] OU","log":"|j|\u2606tony493931\n|j|\u2606balheat227\n|t:|1701212889\n|gametype|singles\n|player|p1|tony493931|265|1356\n|player|p2|balheat227|101|1289\n|teamsize|p1|6\n|teamsize|p2|6\n|gen|9\n|tier|[Gen 9] OU\n|rated|\n|rule|Sleep Clause Mod: Limit one foe put to sleep\n|rule|Species Clause: Limit one of each Pok\u00e9mon\n|rule|OHKO Clause: OHKO moves are banned\n|rule|Evasion Items Clause: Evasion items are banned\n|rule|Evasion Moves Clause: Evasion moves are banned\n|rule|Endless Battle Clause: Forcing endless battles is banned\n|rule|HP Percentage Mod: HP is shown in percentages\n|clearpoke\n|poke|p1|Glimmora, M|\n|poke|p1|Zamazenta-*|\n|poke|p1|Kingambit, F|\n|poke|p1|Cinderace, F|\n|poke|p1|Gholdengo|\n|poke|p1|Landorus-Therian, M|\n|poke|p2|Infernape, M|\n|poke|p2|Goodra-Hisui, M|\n|poke|p2|Yanmega, M|\n|poke|p2|Ogerpon-Wellspring, F|\n|poke|p2|Great Tusk|\n|poke|p2|Iron Hands|\n|teampreview\n|inactive|Battle timer is ON: inactive players will automatically lose when time's up. (requested by balheat227)\n|inactive|tony493931 also wants the timer to be on.\n|\n|t:|1701212903\n|start\n|switch|p1a: Glimmora|Glimmora, M|100\/100\n|switch|p2a: Ogerpon|Ogerpon-Wellspring, F|100\/100\n|turn|1\n|\n|t:|1701212905\n|move|p2a: Ogerpon|Ivy Cudgel|p1a: Glimmora|[anim] Ivy Cudgel Water\n|-supereffective|p1a: Glimmora\n|-enditem|p1a: Glimmora|Focus Sash\n|-damage|p1a: Glimmora|1\/100\n|-activate|p1a: Glimmora|ability: Toxic Debris\n|-sidestart|p2: balheat227|move: Toxic Spikes\n|move|p1a: Glimmora|Stealth Rock|p2a: Ogerpon\n|-sidestart|p2: balheat227|move: Stealth Rock\n|\n|upkeep\n|turn|2\n|\n|t:|1701212916\n|switch|p1a: Zamazenta|Zamazenta|100\/100\n|-ability|p1a: Zamazenta|Dauntless Shield|boost\n|-boost|p1a: Zamazenta|def|1\n|move|p2a: Ogerpon|Ivy Cudgel|p1a: Zamazenta|[anim] Ivy Cudgel Water\n|-damage|p1a: Zamazenta|64\/100\n|\n|upkeep\n|turn|3\n|\n|t:|1701212924\n|move|p2a: Ogerpon|Ivy Cudgel|p1a: Zamazenta|[anim] Ivy Cudgel Water\n|-damage|p1a: Zamazenta|28\/100\n|move|p1a: Zamazenta|Roar|p2a: Ogerpon\n|drag|p2a: Great Tusk|Great Tusk|100\/100\n|-status|p2a: Great Tusk|psn\n|-damage|p2a: Great Tusk|97\/100 psn|[from] Stealth Rock\n|-enditem|p2a: Great Tusk|Booster Energy\n|-activate|p2a: Great Tusk|ability: Protosynthesis|[fromitem]\n|-start|p2a: Great Tusk|protosynthesisspe\n|\n|-damage|p2a: Great Tusk|85\/100 psn|[from] psn\n|upkeep\n|turn|4\n|\n|t:|1701212933\n|switch|p1a: Gholdengo|Gholdengo|100\/100\n|move|p2a: Great Tusk|Rapid Spin|p1a: Gholdengo\n|-immune|p1a: Gholdengo\n|\n|-damage|p2a: Great Tusk|73\/100 psn|[from] psn\n|upkeep\n|turn|5\n|\n|t:|1701212938\n|-terastallize|p1a: Gholdengo|Flying\n|move|p2a: Great Tusk|Headlong Rush|p1a: Gholdengo\n|-immune|p1a: Gholdengo\n|move|p1a: Gholdengo|Trick|p2a: Great Tusk\n|-activate|p1a: Gholdengo|move: Trick|[of] p2a: Great Tusk\n|-item|p2a: Great Tusk|Choice Scarf|[from] move: Trick\n|-enditem|p1a: Gholdengo|Choice Scarf|[silent]|[from] move: Trick\n|\n|-damage|p2a: Great Tusk|60\/100 psn|[from] psn\n|upkeep\n|turn|6\n|\n|t:|1701212942\n|move|p2a: Great Tusk|Rapid Spin|p1a: Gholdengo\n|-damage|p1a: Gholdengo|85\/100\n|-boost|p2a: Great Tusk|spe|1\n|-sideend|p2: balheat227|Toxic Spikes|[from] move: Rapid Spin|[of] p2a: Great Tusk\n|-sideend|p2: balheat227|Stealth Rock|[from] move: Rapid Spin|[of] p2a: Great Tusk\n|move|p1a: Gholdengo|Hex|p2a: Great Tusk\n|-damage|p2a: Great Tusk|0 fnt\n|faint|p2a: Great Tusk\n|-end|p2a: Great Tusk|Protosynthesis|[silent]\n|\n|upkeep\n|\n|t:|1701212946\n|switch|p2a: Iron Hands|Iron Hands|100\/100\n|turn|7\n|\n|t:|1701212950\n|switch|p1a: Landorus|Landorus-Therian, M|100\/100\n|-ability|p1a: Landorus|Intimidate|boost\n|-unboost|p2a: Iron Hands|atk|1\n|move|p2a: Iron Hands|Ice Punch|p1a: Landorus\n|-supereffective|p1a: Landorus\n|-crit|p1a: Landorus\n|-damage|p1a: Landorus|0 fnt\n|faint|p1a: Landorus\n|\n|upkeep\n|\n|t:|1701212958\n|switch|p1a: Glimmora|Glimmora, M|1\/100\n|turn|8\n|\n|t:|1701212967\n|move|p1a: Glimmora|Stealth Rock|p2a: Iron Hands\n|-sidestart|p2: balheat227|move: Stealth Rock\n|move|p2a: Iron Hands|Ice Punch|p1a: Glimmora\n|-damage|p1a: Glimmora|0 fnt\n|-activate|p1a: Glimmora|ability: Toxic Debris\n|-sidestart|p2: balheat227|move: Toxic Spikes\n|faint|p1a: Glimmora\n|\n|upkeep\n|\n|t:|1701212979\n|switch|p1a: Cinderace|Cinderace, F|100\/100\n|turn|9\n|\n|t:|1701212986\n|-end|p2a: Iron Hands|Quark Drive|[silent]\n|switch|p2a: GOAT|Infernape, M|100\/100\n|-damage|p2a: GOAT|88\/100|[from] Stealth Rock\n|-status|p2a: GOAT|psn\n|move|p1a: Cinderace|U-turn|p2a: GOAT\n|-start|p1a: Cinderace|typechange|Bug|[from] ability: Libero\n|-resisted|p2a: GOAT\n|-damage|p2a: GOAT|75\/100 psn\n|\n|t:|1701212995\n|switch|p1a: Zamazenta|Zamazenta|28\/100|[from] U-turn\n|\n|-damage|p2a: GOAT|63\/100 psn|[from] psn\n|upkeep\n|turn|10\n|\n|t:|1701212998\n|move|p1a: Zamazenta|Body Press|p2a: GOAT\n|-damage|p2a: GOAT|14\/100 psn\n|move|p2a: GOAT|Flamethrower|p1a: Zamazenta\n|-damage|p1a: Zamazenta|0 fnt\n|faint|p1a: Zamazenta\n|\n|-damage|p2a: GOAT|2\/100 psn|[from] psn\n|upkeep\n|\n|t:|1701213004\n|switch|p1a: Cinderace|Cinderace, F|100\/100\n|turn|11\n|\n|t:|1701213012\n|move|p2a: GOAT|Vacuum Wave|p1a: Cinderace\n|-damage|p1a: Cinderace|70\/100\n|move|p1a: Cinderace|U-turn|p2a: GOAT\n|-start|p1a: Cinderace|typechange|Bug|[from] ability: Libero\n|-resisted|p2a: GOAT\n|-damage|p2a: GOAT|0 fnt\n|faint|p2a: GOAT\n|\n|t:|1701213017\n|switch|p1a: Gholdengo|Gholdengo, tera:Flying|85\/100|[from] U-turn\n|\n|upkeep\n|\n|t:|1701213036\n|switch|p2a: Iron Hands|Iron Hands|100\/100\n|-damage|p2a: Iron Hands|94\/100|[from] Stealth Rock\n|-status|p2a: Iron Hands|psn\n|turn|12\n|\n|t:|1701213040\n|move|p1a: Gholdengo|Hex|p2a: Iron Hands\n|-damage|p2a: Iron Hands|37\/100 psn\n|move|p2a: Iron Hands|Volt Switch|p1a: Gholdengo\n|-supereffective|p1a: Gholdengo\n|-damage|p1a: Gholdengo|54\/100\n|\n|t:|1701213048\n|-end|p2a: Iron Hands|Quark Drive|[silent]\n|switch|p2a: Ogerpon|Ogerpon-Wellspring, F|100\/100|[from] Volt Switch\n|-damage|p2a: Ogerpon|88\/100|[from] Stealth Rock\n|-status|p2a: Ogerpon|psn\n|\n|-damage|p2a: Ogerpon|76\/100 psn|[from] psn\n|upkeep\n|turn|13\n|\n|t:|1701213052\n|-terastallize|p2a: Ogerpon|Water\n|detailschange|p2a: Ogerpon|Ogerpon-Wellspring-Tera, F, tera:Water\n|-ability|p2a: Ogerpon|Embody Aspect (Wellspring)|boost\n|-boost|p2a: Ogerpon|spd|1\n|move|p2a: Ogerpon|Ivy Cudgel|p1a: Gholdengo|[anim] Ivy Cudgel Water\n|-damage|p1a: Gholdengo|0 fnt\n|faint|p1a: Gholdengo\n|\n|-damage|p2a: Ogerpon|64\/100 psn|[from] psn\n|upkeep\n|\n|t:|1701213056\n|switch|p1a: Cinderace|Cinderace, F|70\/100\n|turn|14\n|\n|t:|1701213073\n|move|p2a: Ogerpon|Spiky Shield|p2a: Ogerpon\n|-singleturn|p2a: Ogerpon|move: Protect\n|move|p1a: Cinderace|U-turn|p2a: Ogerpon\n|-start|p1a: Cinderace|typechange|Bug|[from] ability: Libero\n|-activate|p2a: Ogerpon|move: Protect\n|-damage|p1a: Cinderace|57\/100|[from] Spiky Shield|[of] p2a: Ogerpon\n|\n|-damage|p2a: Ogerpon|51\/100 psn|[from] psn\n|upkeep\n|turn|15\n|\n|t:|1701213077\n|move|p1a: Cinderace|U-turn|p2a: Ogerpon\n|-damage|p2a: Ogerpon|8\/100 psn\n|\n|t:|1701213079\n|switch|p1a: Kingambit|Kingambit, F|100\/100|[from] U-turn\n|-activate|p1a: Kingambit|ability: Supreme Overlord\n|-start|p1a: Kingambit|fallen4|[silent]\n|move|p2a: Ogerpon|Ivy Cudgel|p1a: Kingambit|[anim] Ivy Cudgel Water\n|-damage|p1a: Kingambit|47\/100\n|\n|-damage|p2a: Ogerpon|0 fnt|[from] psn\n|faint|p2a: Ogerpon\n|upkeep\n|\n|t:|1701213084\n|switch|p2a: GOODGE|Goodra-Hisui, M|100\/100\n|-damage|p2a: GOODGE|94\/100|[from] Stealth Rock\n|turn|16\n|\n|t:|1701213087\n|move|p2a: GOODGE|Flamethrower|p1a: Kingambit\n|-supereffective|p1a: Kingambit\n|-damage|p1a: Kingambit|7\/100\n|move|p1a: Kingambit|Low Kick|p2a: GOODGE\n|-supereffective|p2a: GOODGE\n|-damage|p2a: GOODGE|0 fnt\n|-ability|p2a: GOODGE|Gooey\n|-unboost|p1a: Kingambit|spe|1\n|faint|p2a: GOODGE\n|\n|upkeep\n|\n|t:|1701213095\n|switch|p2a: Iron Hands|Iron Hands|37\/100 psn\n|-damage|p2a: Iron Hands|31\/100 psn|[from] Stealth Rock\n|turn|17\n|\n|t:|1701213098\n|move|p2a: Iron Hands|Drain Punch|p1a: Kingambit\n|-supereffective|p1a: Kingambit\n|-damage|p1a: Kingambit|0 fnt\n|-heal|p2a: Iron Hands|33\/100 psn|[from] drain|[of] p1a: Kingambit\n|faint|p1a: Kingambit\n|-end|p1a: Kingambit|fallen4|[silent]\n|\n|-damage|p2a: Iron Hands|21\/100 psn|[from] psn\n|upkeep\n|\n|t:|1701213103\n|switch|p1a: Cinderace|Cinderace, F|57\/100\n|turn|18\n|\n|t:|1701213105\n|move|p1a: Cinderace|Pyro Ball|p2a: Iron Hands\n|-damage|p2a: Iron Hands|0 fnt\n|faint|p2a: Iron Hands\n|-end|p2a: Iron Hands|Quark Drive|[silent]\n|\n|upkeep\n|\n|t:|1701213106\n|switch|p2a: Yanmega|Yanmega, M|100\/100\n|-damage|p2a: Yanmega|50\/100|[from] Stealth Rock\n|turn|19\n|\n|t:|1701213110\n|move|p2a: Yanmega|Protect|p2a: Yanmega\n|-singleturn|p2a: Yanmega|Protect\n|move|p1a: Cinderace|Pyro Ball|p2a: Yanmega\n|-activate|p2a: Yanmega|move: Protect\n|\n|-ability|p2a: Yanmega|Speed Boost|boost\n|-boost|p2a: Yanmega|spe|1\n|upkeep\n|turn|20\n|\n|t:|1701213114\n|move|p1a: Cinderace|Pyro Ball|p2a: Yanmega\n|-supereffective|p2a: Yanmega\n|-damage|p2a: Yanmega|0 fnt\n|faint|p2a: Yanmega\n|\n|win|tony493931\n|raw|tony493931's rating: 1356 &rarr; <strong>1372<\/strong><br \/>(+16 for winning)\n|raw|balheat227's rating: 1289 &rarr; <strong>1269<\/strong><br \/>(-20 for losing)\n|c|\u2606tony493931|Gg\n","uploadtime":1701213134,"views":0,"p1id":"tony493931","p2id":"balheat227","formatid":"gen9ou","rating":1269,"private":0,"password":""}