{"id":"gen9ou-1992010362","p1":"GrassyStandard","p2":"DaviDXrt","format":"[Gen 9] OU","log":"|j|\u2606GrassyStandard\n|j|\u2606DaviDXrt\n|t:|1700147473\n|gametype|singles\n|player|p1|GrassyStandard|koga|1040\n|player|p2|DaviDXrt|hilbert-wonderlauncher|1000\n|teamsize|p1|6\n|teamsize|p2|6\n|gen|9\n|tier|[Gen 9] OU\n|rated|\n|rule|Sleep Clause Mod: Limit one foe put to sleep\n|rule|Species Clause: Limit one of each Pok\u00e9mon\n|rule|OHKO Clause: OHKO moves are banned\n|rule|Evasion Items Clause: Evasion items are banned\n|rule|Evasion Moves Clause: Evasion moves are banned\n|rule|Endless Battle Clause: Forcing endless battles is banned\n|rule|HP Percentage Mod: HP is shown in percentages\n|clearpoke\n|poke|p1|Ogerpon-Wellspring, F|\n|poke|p1|Rillaboom, F|\n|poke|p1|Sneasler, M|\n|poke|p1|Zamazenta-*|\n|poke|p1|Hatterene, F|\n|poke|p1|Heatran, F|\n|poke|p2|Enamorus, F|\n|poke|p2|Ceruledge, M|\n|poke|p2|Great Tusk|\n|poke|p2|Greninja-*, M|\n|poke|p2|Kingambit, F|\n|poke|p2|Walking Wake|\n|teampreview\n|inactive|Battle timer is ON: inactive players will automatically lose when time's up. (requested by DaviDXrt)\n|inactive|GrassyStandard has 120 seconds left.\n|\n|t:|1700147506\n|start\n|switch|p1a: Monke|Rillaboom, F|100\/100\n|switch|p2a: Great Tusk|Great Tusk, shiny|100\/100\n|-fieldstart|move: Grassy Terrain|[from] ability: Grassy Surge|[of] p1a: Monke\n|turn|1\n|inactive|DaviDXrt has 120 seconds left.\n|\n|t:|1700147543\n|switch|p1a: Fidora|Hatterene, F|100\/100\n|-enditem|p1a: Fidora|Grassy Seed\n|-boost|p1a: Fidora|def|1|[from] item: Grassy Seed\n|move|p2a: Great Tusk|Ice Spinner|p1a: Fidora\n|-damage|p1a: Fidora|85\/100\n|-fieldend|move: Grassy Terrain\n|\n|upkeep\n|turn|2\n|inactive|DaviDXrt has 120 seconds left.\n|\n|t:|1700147551\n|move|p2a: Great Tusk|Sunny Day|p2a: Great Tusk\n|-weather|SunnyDay\n|-activate|p2a: Great Tusk|ability: Protosynthesis\n|-start|p2a: Great Tusk|protosynthesisatk\n|move|p1a: Fidora|Calm Mind|p1a: Fidora\n|-boost|p1a: Fidora|spa|1\n|-boost|p1a: Fidora|spd|1\n|\n|-weather|SunnyDay|[upkeep]\n|upkeep\n|turn|3\n|\n|t:|1700147559\n|move|p2a: Great Tusk|Knock Off|p1a: Fidora\n|-damage|p1a: Fidora|69\/100\n|move|p1a: Fidora|Draining Kiss|p2a: Great Tusk\n|-supereffective|p2a: Great Tusk\n|-damage|p2a: Great Tusk|3\/100\n|-heal|p1a: Fidora|100\/100|[from] drain|[of] p2a: Great Tusk\n|\n|-weather|SunnyDay|[upkeep]\n|-heal|p2a: Great Tusk|10\/100|[from] item: Leftovers\n|upkeep\n|turn|4\n|\n|t:|1700147569\n|move|p2a: Great Tusk|Earthquake|p1a: Fidora\n|-damage|p1a: Fidora|64\/100\n|move|p1a: Fidora|Draining Kiss|p2a: Great Tusk\n|-supereffective|p2a: Great Tusk\n|-damage|p2a: Great Tusk|0 fnt\n|-heal|p1a: Fidora|73\/100|[from] drain|[of] p2a: Great Tusk\n|faint|p2a: Great Tusk\n|-end|p2a: Great Tusk|Protosynthesis|[silent]\n|\n|-weather|SunnyDay|[upkeep]\n|upkeep\n|\n|t:|1700147574\n|switch|p2a: Walking Wake|Walking Wake|100\/100\n|-activate|p2a: Walking Wake|ability: Protosynthesis\n|-start|p2a: Walking Wake|protosynthesisspa\n|turn|5\n|\n|t:|1700147580\n|-terastallize|p1a: Fidora|Water\n|move|p2a: Walking Wake|Hydro Steam|p1a: Fidora\n|-resisted|p1a: Fidora\n|-damage|p1a: Fidora|30\/100\n|move|p1a: Fidora|Draining Kiss|p2a: Walking Wake\n|-supereffective|p2a: Walking Wake\n|-damage|p2a: Walking Wake|28\/100\n|-heal|p1a: Fidora|89\/100|[from] drain|[of] p2a: Walking Wake\n|\n|-weather|SunnyDay|[upkeep]\n|upkeep\n|turn|6\n|\n|t:|1700147587\n|move|p2a: Walking Wake|Hydro Steam|p1a: Fidora\n|-resisted|p1a: Fidora\n|-damage|p1a: Fidora|48\/100\n|move|p1a: Fidora|Draining Kiss|p2a: Walking Wake\n|-supereffective|p2a: Walking Wake\n|-damage|p2a: Walking Wake|0 fnt\n|-heal|p1a: Fidora|69\/100|[from] drain|[of] p2a: Walking Wake\n|faint|p2a: Walking Wake\n|-end|p2a: Walking Wake|Protosynthesis|[silent]\n|\n|-weather|none\n|upkeep\n|\n|t:|1700147598\n|switch|p2a: Greninja|Greninja, M|100\/100\n|turn|7\n|\n|t:|1700147602\n|move|p2a: Greninja|Grass Knot|p1a: Fidora\n|-supereffective|p1a: Fidora\n|-damage|p1a: Fidora|58\/100\n|-damage|p2a: Greninja|91\/100|[from] item: Life Orb\n|move|p1a: Fidora|Draining Kiss|p2a: Greninja\n|-supereffective|p2a: Greninja\n|-crit|p2a: Greninja\n|-damage|p2a: Greninja|0 fnt\n|-heal|p1a: Fidora|100\/100|[from] drain|[of] p2a: Greninja\n|faint|p2a: Greninja\n|\n|upkeep\n|\n|t:|1700147608\n|switch|p2a: Enamorus|Enamorus, F, shiny|100\/100\n|turn|8\n|\n|t:|1700147616\n|move|p2a: Enamorus|Calm Mind|p2a: Enamorus\n|-boost|p2a: Enamorus|spa|1\n|-boost|p2a: Enamorus|spd|1\n|move|p1a: Fidora|Nuzzle|p2a: Enamorus\n|-supereffective|p2a: Enamorus\n|-damage|p2a: Enamorus|87\/100\n|-status|p2a: Enamorus|par\n|\n|upkeep\n|turn|9\n|\n|t:|1700147621\n|move|p2a: Enamorus|Calm Mind|p2a: Enamorus\n|-boost|p2a: Enamorus|spa|1\n|-boost|p2a: Enamorus|spd|1\n|move|p1a: Fidora|Calm Mind|p1a: Fidora\n|-boost|p1a: Fidora|spa|1\n|-boost|p1a: Fidora|spd|1\n|\n|upkeep\n|turn|10\n|\n|t:|1700147624\n|move|p2a: Enamorus|Calm Mind|p2a: Enamorus\n|-boost|p2a: Enamorus|spa|1\n|-boost|p2a: Enamorus|spd|1\n|move|p1a: Fidora|Calm Mind|p1a: Fidora\n|-boost|p1a: Fidora|spa|1\n|-boost|p1a: Fidora|spd|1\n|\n|upkeep\n|turn|11\n|\n|t:|1700147627\n|cant|p2a: Enamorus|par\n|move|p1a: Fidora|Psyshock|p2a: Enamorus\n|-damage|p2a: Enamorus|0 fnt\n|faint|p2a: Enamorus\n|\n|upkeep\n|\n|t:|1700147632\n|switch|p2a: Kingambit|Kingambit, F, shiny|100\/100\n|turn|12\n|\n|t:|1700147638\n|move|p2a: Kingambit|Poison Jab|p1a: Fidora\n|-damage|p1a: Fidora|85\/100\n|-status|p1a: Fidora|psn\n|move|p1a: Fidora|Draining Kiss|p2a: Kingambit\n|-damage|p2a: Kingambit|67\/100\n|-heal|p1a: Fidora|100\/100 psn|[from] drain|[of] p2a: Kingambit\n|\n|-damage|p1a: Fidora|88\/100 psn|[from] psn\n|upkeep\n|turn|13\n|\n|t:|1700147643\n|move|p2a: Kingambit|Zen Headbutt|p1a: Fidora\n|-damage|p1a: Fidora|73\/100 psn\n|move|p1a: Fidora|Draining Kiss|p2a: Kingambit\n|-damage|p2a: Kingambit|32\/100\n|-heal|p1a: Fidora|100\/100 psn|[from] drain|[of] p2a: Kingambit\n|\n|-damage|p1a: Fidora|88\/100 psn|[from] psn\n|upkeep\n|turn|14\n|\n|t:|1700147649\n|move|p2a: Kingambit|Zen Headbutt|p1a: Fidora\n|-damage|p1a: Fidora|73\/100 psn\n|move|p1a: Fidora|Draining Kiss|p2a: Kingambit\n|-damage|p2a: Kingambit|1\/100\n|-heal|p1a: Fidora|97\/100 psn|[from] drain|[of] p2a: Kingambit\n|\n|-damage|p1a: Fidora|85\/100 psn|[from] psn\n|upkeep\n|turn|15\n|\n|t:|1700147655\n|move|p2a: Kingambit|Zen Headbutt|p1a: Fidora\n|-damage|p1a: Fidora|71\/100 psn\n|move|p1a: Fidora|Draining Kiss|p2a: Kingambit\n|-damage|p2a: Kingambit|0 fnt\n|-heal|p1a: Fidora|72\/100 psn|[from] drain|[of] p2a: Kingambit\n|faint|p2a: Kingambit\n|\n|-damage|p1a: Fidora|60\/100 psn|[from] psn\n|upkeep\n|\n|t:|1700147659\n|switch|p2a: Ceruledge|Ceruledge, M, shiny|100\/100\n|turn|16\n|\n|t:|1700147663\n|move|p2a: Ceruledge|Shadow Claw|p1a: Fidora\n|-crit|p1a: Fidora\n|-damage|p1a: Fidora|0 fnt\n|faint|p1a: Fidora\n|\n|upkeep\n|\n|t:|1700147670\n|switch|p1a: ShineBright|Heatran, F|100\/100\n|-item|p1a: ShineBright|Air Balloon\n|turn|17\n|\n|t:|1700147673\n|move|p2a: Ceruledge|Shadow Claw|p1a: ShineBright\n|-damage|p1a: ShineBright|58\/100\n|-enditem|p1a: ShineBright|Air Balloon\n|move|p1a: ShineBright|Earth Power|p2a: Ceruledge\n|-supereffective|p2a: Ceruledge\n|-damage|p2a: Ceruledge|37\/100\n|\n|upkeep\n|turn|18\n|\n|t:|1700147679\n|move|p2a: Ceruledge|Shadow Claw|p1a: ShineBright\n|-damage|p1a: ShineBright|17\/100\n|move|p1a: ShineBright|Earth Power|p2a: Ceruledge\n|-supereffective|p2a: Ceruledge\n|-damage|p2a: Ceruledge|0 fnt\n|faint|p2a: Ceruledge\n|\n|win|GrassyStandard\n|raw|GrassyStandard's rating: 1040 &rarr; <strong>1070<\/strong><br \/>(+30 for winning)\n|raw|DaviDXrt's rating: 1000 &rarr; <strong>1000<\/strong><br \/>(+0 for losing)\n|l|\u2606DaviDXrt\n","uploadtime":1700147689,"views":30,"p1id":"grassystandard","p2id":"davidxrt","formatid":"gen9ou","rating":1000,"private":0,"password":""}