{"id":"gen9ou-1998138972","p1":"jzhuc1841","p2":"Wyverpom","format":"[Gen 9] OU","log":"|j|\u2606jzhuc1841\n|j|\u2606Wyverpom\n|t:|1700898714\n|gametype|singles\n|player|p1|jzhuc1841|hilbert-wonderlauncher|1574\n|player|p2|Wyverpom|1|1457\n|teamsize|p1|6\n|teamsize|p2|6\n|gen|9\n|tier|[Gen 9] OU\n|rated|\n|rule|Sleep Clause Mod: Limit one foe put to sleep\n|rule|Species Clause: Limit one of each Pok\u00e9mon\n|rule|OHKO Clause: OHKO moves are banned\n|rule|Evasion Items Clause: Evasion items are banned\n|rule|Evasion Moves Clause: Evasion moves are banned\n|rule|Endless Battle Clause: Forcing endless battles is banned\n|rule|HP Percentage Mod: HP is shown in percentages\n|clearpoke\n|poke|p1|Ogerpon-Wellspring, F|\n|poke|p1|Kingambit, M|\n|poke|p1|Iron Moth|\n|poke|p1|Iron Valiant|\n|poke|p1|Zamazenta-*|\n|poke|p1|Glimmora, F|\n|poke|p2|Pelipper, F|\n|poke|p2|Floatzel, F|\n|poke|p2|Rillaboom, F|\n|poke|p2|Zapdos|\n|poke|p2|Ogerpon-Wellspring, F|\n|poke|p2|Gholdengo|\n|teampreview\n|\n|t:|1700898720\n|start\n|switch|p1a: Iron Valiant|Iron Valiant|100\/100\n|switch|p2a: Pelipper|Pelipper, F|100\/100\n|-weather|RainDance|[from] ability: Drizzle|[of] p2a: Pelipper\n|-enditem|p1a: Iron Valiant|Booster Energy\n|-activate|p1a: Iron Valiant|ability: Quark Drive|[fromitem]\n|-start|p1a: Iron Valiant|quarkdrivespe\n|turn|1\n|\n|t:|1700898732\n|switch|p2a: Rillaboom|Rillaboom, F|100\/100\n|-fieldstart|move: Grassy Terrain|[from] ability: Grassy Surge|[of] p2a: Rillaboom\n|move|p1a: Iron Valiant|Thunderbolt|p2a: Rillaboom\n|-resisted|p2a: Rillaboom\n|-damage|p2a: Rillaboom|85\/100\n|\n|-weather|RainDance|[upkeep]\n|-heal|p2a: Rillaboom|91\/100|[from] Grassy Terrain\n|upkeep\n|turn|2\n|\n|t:|1700898742\n|-end|p1a: Iron Valiant|Quark Drive|[silent]\n|switch|p1a: Glimmora|Glimmora, F|100\/100\n|-item|p1a: Glimmora|Air Balloon\n|move|p2a: Rillaboom|Drum Beating|p1a: Glimmora\n|-damage|p1a: Glimmora|28\/100\n|-unboost|p1a: Glimmora|spe|1\n|-activate|p1a: Glimmora|ability: Toxic Debris\n|-sidestart|p2: Wyverpom|move: Toxic Spikes\n|-enditem|p1a: Glimmora|Air Balloon\n|\n|-weather|RainDance|[upkeep]\n|-heal|p2a: Rillaboom|97\/100|[from] Grassy Terrain\n|-heal|p1a: Glimmora|34\/100|[from] Grassy Terrain\n|upkeep\n|turn|3\n|\n|t:|1700898754\n|move|p2a: Rillaboom|Knock Off|p1a: Glimmora\n|-damage|p1a: Glimmora|4\/100\n|-activate|p1a: Glimmora|ability: Toxic Debris\n|-sidestart|p2: Wyverpom|move: Toxic Spikes\n|move|p1a: Glimmora|Sludge Wave|p2a: Rillaboom\n|-supereffective|p2a: Rillaboom\n|-damage|p2a: Rillaboom|0 fnt\n|faint|p2a: Rillaboom\n|\n|-weather|RainDance|[upkeep]\n|-heal|p1a: Glimmora|10\/100|[from] Grassy Terrain\n|upkeep\n|\n|t:|1700898766\n|switch|p2a: Pelipper|Pelipper, F|100\/100\n|turn|4\n|\n|t:|1700898774\n|switch|p2a: Gholdengo|Gholdengo|100\/100\n|move|p1a: Glimmora|Sludge Wave|p2a: Gholdengo\n|-immune|p2a: Gholdengo\n|\n|-weather|RainDance|[upkeep]\n|-heal|p1a: Glimmora|16\/100|[from] Grassy Terrain\n|upkeep\n|turn|5\n|\n|t:|1700898798\n|move|p2a: Gholdengo|Shadow Ball|p1a: Glimmora\n|-damage|p1a: Glimmora|0 fnt\n|faint|p1a: Glimmora\n|\n|-weather|none\n|upkeep\n|\n|t:|1700898801\n|switch|p1a: Iron Moth|Iron Moth|100\/100\n|-enditem|p1a: Iron Moth|Booster Energy\n|-activate|p1a: Iron Moth|ability: Quark Drive|[fromitem]\n|-start|p1a: Iron Moth|quarkdrivespe\n|turn|6\n|\n|t:|1700898812\n|switch|p2a: Pelipper|Pelipper, F|100\/100\n|-weather|RainDance|[from] ability: Drizzle|[of] p2a: Pelipper\n|move|p1a: Iron Moth|Fiery Dance|p2a: Pelipper\n|-resisted|p2a: Pelipper\n|-damage|p2a: Pelipper|87\/100\n|\n|-weather|RainDance|[upkeep]\n|upkeep\n|turn|7\n|\n|t:|1700898823\n|move|p1a: Iron Moth|Sludge Wave|p2a: Pelipper\n|-damage|p2a: Pelipper|23\/100\n|move|p2a: Pelipper|Hurricane|p1a: Iron Moth\n|-damage|p1a: Iron Moth|60\/100\n|-start|p1a: Iron Moth|confusion\n|\n|-weather|RainDance|[upkeep]\n|-heal|p1a: Iron Moth|66\/100|[from] Grassy Terrain\n|upkeep\n|turn|8\n|l|\u2606Wyverpom\n|player|p2|\n|j|\u2606Wyverpom\n|player|p2|Wyverpom|1\n|\n|t:|1700898840\n|switch|p2a: Gholdengo|Gholdengo|100\/100\n|-activate|p1a: Iron Moth|confusion\n|move|p1a: Iron Moth|Sludge Wave|p2a: Gholdengo\n|-immune|p2a: Gholdengo\n|\n|-weather|RainDance|[upkeep]\n|-heal|p1a: Iron Moth|72\/100|[from] Grassy Terrain\n|-fieldend|move: Grassy Terrain\n|upkeep\n|turn|9\n|\n|t:|1700898851\n|-activate|p1a: Iron Moth|confusion\n|move|p1a: Iron Moth|Fiery Dance|p2a: Gholdengo\n|-supereffective|p2a: Gholdengo\n|-damage|p2a: Gholdengo|53\/100\n|-boost|p1a: Iron Moth|spa|1\n|move|p2a: Gholdengo|Nasty Plot|p2a: Gholdengo\n|-boost|p2a: Gholdengo|spa|2\n|\n|-weather|RainDance|[upkeep]\n|upkeep\n|turn|10\n|\n|t:|1700898861\n|-activate|p1a: Iron Moth|confusion\n|move|p1a: Iron Moth|Fiery Dance|p2a: Gholdengo\n|-supereffective|p2a: Gholdengo\n|-damage|p2a: Gholdengo|0 fnt\n|faint|p2a: Gholdengo\n|\n|-weather|none\n|upkeep\n|\n|t:|1700898865\n|switch|p2a: Pelipper|Pelipper, F|23\/100\n|-weather|RainDance|[from] ability: Drizzle|[of] p2a: Pelipper\n|turn|11\n|\n|t:|1700898870\n|switch|p2a: Zapdos|Zapdos|100\/100\n|-activate|p1a: Iron Moth|confusion\n|-damage|p1a: Iron Moth|64\/100|[from] confusion\n|\n|-weather|RainDance|[upkeep]\n|upkeep\n|turn|12\n|\n|t:|1700898878\n|-end|p1a: Iron Moth|confusion\n|move|p1a: Iron Moth|Sludge Wave|p2a: Zapdos\n|-damage|p2a: Zapdos|27\/100\n|move|p2a: Zapdos|Thunder|p1a: Iron Moth\n|-damage|p1a: Iron Moth|1\/100\n|-status|p1a: Iron Moth|par\n|\n|-weather|RainDance|[upkeep]\n|upkeep\n|turn|13\n|\n|t:|1700898887\n|move|p1a: Iron Moth|Sludge Wave|p2a: Zapdos\n|-damage|p2a: Zapdos|0 fnt\n|faint|p2a: Zapdos\n|\n|-weather|RainDance|[upkeep]\n|upkeep\n|\n|t:|1700898894\n|switch|p2a: Ogerpon|Ogerpon-Wellspring, F|100\/100\n|-status|p2a: Ogerpon|tox\n|turn|14\n|\n|t:|1700898905\n|move|p2a: Ogerpon|Horn Leech|p1a: Iron Moth\n|-resisted|p1a: Iron Moth\n|-damage|p1a: Iron Moth|0 fnt\n|faint|p1a: Iron Moth\n|-end|p1a: Iron Moth|Quark Drive|[silent]\n|\n|-weather|RainDance|[upkeep]\n|-damage|p2a: Ogerpon|95\/100 tox|[from] psn\n|upkeep\n|\n|t:|1700898916\n|switch|p1a: Iron Valiant|Iron Valiant|100\/100\n|turn|15\n|\n|t:|1700898924\n|move|p1a: Iron Valiant|Moonblast|p2a: Ogerpon\n|-damage|p2a: Ogerpon|43\/100 tox\n|move|p2a: Ogerpon|Ivy Cudgel|p1a: Iron Valiant|[anim] Ivy Cudgel Water\n|-damage|p1a: Iron Valiant|0 fnt\n|faint|p1a: Iron Valiant\n|-end|p1a: Iron Valiant|Quark Drive|[silent]\n|\n|-weather|none\n|-damage|p2a: Ogerpon|31\/100 tox|[from] psn\n|upkeep\n|\n|t:|1700898932\n|switch|p1a: Zamazenta|Zamazenta|100\/100\n|-ability|p1a: Zamazenta|Dauntless Shield|boost\n|-boost|p1a: Zamazenta|def|1\n|turn|16\n|\n|t:|1700898946\n|move|p1a: Zamazenta|Body Press|p2a: Ogerpon\n|-damage|p2a: Ogerpon|0 fnt\n|faint|p2a: Ogerpon\n|\n|upkeep\n|\n|t:|1700898950\n|switch|p2a: Pelipper|Pelipper, F|23\/100\n|-weather|RainDance|[from] ability: Drizzle|[of] p2a: Pelipper\n|turn|17\n|\n|t:|1700898955\n|move|p1a: Zamazenta|Body Press|p2a: Pelipper\n|-resisted|p2a: Pelipper\n|-damage|p2a: Pelipper|0 fnt\n|faint|p2a: Pelipper\n|\n|-weather|RainDance|[upkeep]\n|upkeep\n|\n|t:|1700898957\n|switch|p2a: Floatzel|Floatzel, F|100\/100\n|-status|p2a: Floatzel|tox\n|turn|18\n|\n|t:|1700898975\n|-terastallize|p2a: Floatzel|Water\n|move|p2a: Floatzel|Aqua Jet|p1a: Zamazenta\n|-damage|p1a: Zamazenta|72\/100\n|move|p1a: Zamazenta|Body Press|p2a: Floatzel\n|-damage|p2a: Floatzel|0 fnt\n|faint|p2a: Floatzel\n|\n|win|jzhuc1841\n|raw|jzhuc1841's rating: 1574 &rarr; <strong>1588<\/strong><br \/>(+14 for winning)\n|raw|Wyverpom's rating: 1457 &rarr; <strong>1443<\/strong><br \/>(-14 for losing)\n|l|\u2606Wyverpom\n","uploadtime":1700898988,"views":1,"p1id":"jzhuc1841","p2id":"wyverpom","formatid":"gen9ou","rating":1443,"private":0,"password":""}