{"id":"gen9ou-1999931145","p1":"tenouttaten123","p2":"rushx","format":"[Gen 9] OU","log":"|j|\u2606tenouttaten123\n|j|\u2606rushx\n|t:|1701131452\n|gametype|singles\n|player|p1|tenouttaten123|2|1582\n|player|p2|rushx|saturn|1621\n|teamsize|p1|6\n|teamsize|p2|6\n|gen|9\n|tier|[Gen 9] OU\n|rated|\n|rule|Sleep Clause Mod: Limit one foe put to sleep\n|rule|Species Clause: Limit one of each Pok\u00e9mon\n|rule|OHKO Clause: OHKO moves are banned\n|rule|Evasion Items Clause: Evasion items are banned\n|rule|Evasion Moves Clause: Evasion moves are banned\n|rule|Endless Battle Clause: Forcing endless battles is banned\n|rule|HP Percentage Mod: HP is shown in percentages\n|clearpoke\n|poke|p1|Dragonite, M|\n|poke|p1|Landorus-Therian, M|\n|poke|p1|Slowking-Galar, F|\n|poke|p1|Walking Wake|\n|poke|p1|Tinkaton, F|\n|poke|p1|Tyranitar, F|\n|poke|p2|Samurott-Hisui, M|\n|poke|p2|Dragonite, F|\n|poke|p2|Iron Valiant|\n|poke|p2|Sandy Shocks|\n|poke|p2|Walking Wake|\n|poke|p2|Gholdengo|\n|teampreview\n|\n|t:|1701131473\n|start\n|switch|p1a: Landorus|Landorus-Therian, M|100\/100\n|switch|p2a: Samurott|Samurott-Hisui, M|100\/100\n|-ability|p1a: Landorus|Intimidate|boost\n|-unboost|p2a: Samurott|atk|1\n|turn|1\n|\n|t:|1701131494\n|move|p1a: Landorus|U-turn|p2a: Samurott\n|-supereffective|p2a: Samurott\n|-damage|p2a: Samurott|38\/100\n|\n|t:|1701131500\n|switch|p1a: Tinkaton|Tinkaton, F|100\/100|[from] U-turn\n|-ability|p1a: Tinkaton|Mold Breaker\n|move|p2a: Samurott|Ceaseless Edge|p1a: Tinkaton\n|-resisted|p1a: Tinkaton\n|-damage|p1a: Tinkaton|84\/100\n|-sidestart|p1: tenouttaten123|Spikes\n|\n|upkeep\n|turn|2\n|\n|t:|1701131518\n|switch|p2a: Sandy Shocks|Sandy Shocks|100\/100\n|-enditem|p2a: Sandy Shocks|Booster Energy\n|-activate|p2a: Sandy Shocks|ability: Protosynthesis|[fromitem]\n|-start|p2a: Sandy Shocks|protosynthesisspe\n|move|p1a: Tinkaton|Play Rough|p2a: Sandy Shocks\n|-damage|p2a: Sandy Shocks|72\/100\n|\n|upkeep\n|turn|3\n|\n|t:|1701131525\n|switch|p1a: Landorus|Landorus-Therian, M|100\/100\n|-ability|p1a: Landorus|Intimidate|boost\n|-unboost|p2a: Sandy Shocks|atk|1\n|move|p2a: Sandy Shocks|Stealth Rock|p1a: Landorus\n|-sidestart|p1: tenouttaten123|move: Stealth Rock\n|\n|upkeep\n|turn|4\n|\n|t:|1701131558\n|switch|p1a: Tyranitar|Tyranitar, F|100\/100\n|-damage|p1a: Tyranitar|88\/100|[from] Spikes\n|-damage|p1a: Tyranitar|76\/100|[from] Stealth Rock\n|-weather|Sandstorm|[from] ability: Sand Stream|[of] p1a: Tyranitar\n|-terastallize|p2a: Sandy Shocks|Ice\n|move|p2a: Sandy Shocks|Tera Blast|p1a: Tyranitar|[anim] Tera Blast Ice\n|-crit|p1a: Tyranitar\n|-damage|p1a: Tyranitar|35\/100\n|\n|-weather|Sandstorm|[upkeep]\n|-damage|p2a: Sandy Shocks|66\/100|[from] Sandstorm\n|upkeep\n|turn|5\n|\n|t:|1701131574\n|move|p2a: Sandy Shocks|Tera Blast|p1a: Tyranitar|[anim] Tera Blast Ice\n|-damage|p1a: Tyranitar|9\/100\n|move|p1a: Tyranitar|Stone Edge|p2a: Sandy Shocks\n|-supereffective|p2a: Sandy Shocks\n|-damage|p2a: Sandy Shocks|0 fnt\n|faint|p2a: Sandy Shocks\n|-end|p2a: Sandy Shocks|Protosynthesis|[silent]\n|\n|-weather|Sandstorm|[upkeep]\n|upkeep\n|\n|t:|1701131578\n|switch|p2a: Samurott|Samurott-Hisui, M|38\/100\n|turn|6\n|\n|t:|1701131583\n|move|p2a: Samurott|Ceaseless Edge|p1a: Tyranitar\n|-resisted|p1a: Tyranitar\n|-damage|p1a: Tyranitar|0 fnt\n|-sidestart|p1: tenouttaten123|Spikes\n|faint|p1a: Tyranitar\n|\n|-weather|Sandstorm|[upkeep]\n|-damage|p2a: Samurott|31\/100|[from] Sandstorm\n|upkeep\n|\n|t:|1701131588\n|switch|p1a: Tinkaton|Tinkaton, F|84\/100\n|-ability|p1a: Tinkaton|Mold Breaker\n|turn|7\n|\n|t:|1701131592\n|move|p1a: Tinkaton|Play Rough|p2a: Samurott\n|-supereffective|p2a: Samurott\n|-damage|p2a: Samurott|0 fnt\n|faint|p2a: Samurott\n|\n|-weather|Sandstorm|[upkeep]\n|upkeep\n|\n|t:|1701131601\n|switch|p2a: Gholdengo|Gholdengo|100\/100\n|-item|p2a: Gholdengo|Air Balloon\n|turn|8\n|\n|t:|1701131605\n|move|p1a: Tinkaton|Thunder Wave|p2a: Gholdengo\n|-status|p2a: Gholdengo|par\n|cant|p2a: Gholdengo|par\n|\n|-weather|none\n|upkeep\n|turn|9\n|\n|t:|1701131607\n|move|p1a: Tinkaton|Stealth Rock|p2a: Gholdengo\n|-sidestart|p2: rushx|move: Stealth Rock\n|move|p2a: Gholdengo|Shadow Ball|p1a: Tinkaton\n|-damage|p1a: Tinkaton|44\/100\n|\n|upkeep\n|turn|10\n|\n|t:|1701131613\n|move|p1a: Tinkaton|Play Rough|p2a: Gholdengo\n|-resisted|p2a: Gholdengo\n|-damage|p2a: Gholdengo|86\/100 par\n|-enditem|p2a: Gholdengo|Air Balloon\n|move|p2a: Gholdengo|Shadow Ball|p1a: Tinkaton\n|-damage|p1a: Tinkaton|9\/100\n|\n|upkeep\n|turn|11\n|\n|t:|1701131617\n|move|p1a: Tinkaton|Encore|p2a: Gholdengo\n|-start|p2a: Gholdengo|Encore\n|move|p2a: Gholdengo|Shadow Ball|p1a: Tinkaton\n|-damage|p1a: Tinkaton|0 fnt\n|faint|p1a: Tinkaton\n|\n|upkeep\n|\n|t:|1701131620\n|switch|p1a: Dragonite|Dragonite, M|100\/100\n|turn|12\n|\n|t:|1701131625\n|switch|p2a: Dragonite|Dragonite, F|100\/100\n|-terastallize|p1a: Dragonite|Normal\n|move|p1a: Dragonite|Dragon Dance|p1a: Dragonite\n|-boost|p1a: Dragonite|atk|1\n|-boost|p1a: Dragonite|spe|1\n|\n|upkeep\n|turn|13\n|\n|t:|1701131629\n|move|p1a: Dragonite|Ice Spinner|p2a: Dragonite\n|-supereffective|p2a: Dragonite\n|-damage|p2a: Dragonite|0 fnt\n|faint|p2a: Dragonite\n|\n|upkeep\n|\n|t:|1701131632\n|switch|p2a: Iron Valiant|Iron Valiant|100\/100\n|-damage|p2a: Iron Valiant|94\/100|[from] Stealth Rock\n|-enditem|p2a: Iron Valiant|Booster Energy\n|-activate|p2a: Iron Valiant|ability: Quark Drive|[fromitem]\n|-start|p2a: Iron Valiant|quarkdrivespe\n|turn|14\n|\n|t:|1701131634\n|move|p1a: Dragonite|Extreme Speed|p2a: Iron Valiant\n|-damage|p2a: Iron Valiant|0 fnt\n|faint|p2a: Iron Valiant\n|-end|p2a: Iron Valiant|Quark Drive|[silent]\n|\n|upkeep\n|-message|rushx forfeited.\n|\n|win|tenouttaten123\n|raw|tenouttaten123's rating: 1582 &rarr; <strong>1604<\/strong><br \/>(+22 for winning)\n|raw|rushx's rating: 1621 &rarr; <strong>1599<\/strong><br \/>(-22 for losing)\n|l|\u2606rushx\n","uploadtime":1701131757,"views":2,"p1id":"tenouttaten123","p2id":"rushx","formatid":"gen9ou","rating":1599,"private":0,"password":""}