{"id":"gen9ou-1988531114","p1":"divideogiochi","p2":"Sl3kii","format":"[Gen 9] OU","log":"|j|\u2606divideogiochi\n|j|\u2606Sl3kii\n|t:|1699732926\n|gametype|singles\n|player|p1|divideogiochi|1|1195\n|player|p2|Sl3kii|alec-anime|1122\n|teamsize|p1|6\n|teamsize|p2|6\n|gen|9\n|tier|[Gen 9] OU\n|rated|\n|rule|Sleep Clause Mod: Limit one foe put to sleep\n|rule|Species Clause: Limit one of each Pok\u00e9mon\n|rule|OHKO Clause: OHKO moves are banned\n|rule|Evasion Items Clause: Evasion items are banned\n|rule|Evasion Moves Clause: Evasion moves are banned\n|rule|Endless Battle Clause: Forcing endless battles is banned\n|rule|HP Percentage Mod: HP is shown in percentages\n|clearpoke\n|poke|p1|Gliscor, M|\n|poke|p1|Ting-Lu|\n|poke|p1|Dragapult, F|\n|poke|p1|Dragonite, F|\n|poke|p1|Cinderace, F|\n|poke|p1|Gholdengo|\n|poke|p2|Sandslash-Alola, M|\n|poke|p2|Ninetales-Alola, F|\n|poke|p2|Mamoswine, M|\n|poke|p2|Ogerpon-Wellspring, F|\n|poke|p2|Kilowattrel, F|\n|poke|p2|Pelipper, F|\n|teampreview\n|inactive|Battle timer is ON: inactive players will automatically lose when time's up. (requested by divideogiochi)\n|\n|t:|1699732934\n|start\n|switch|p1a: Cinderace|Cinderace, F|100\/100\n|switch|p2a: Ninetales|Ninetales-Alola, F, shiny|100\/100\n|-weather|Snow|[from] ability: Snow Warning|[of] p2a: Ninetales\n|turn|1\n|\n|t:|1699732944\n|switch|p2a: Pelipper|Pelipper, F|100\/100\n|-weather|RainDance|[from] ability: Drizzle|[of] p2a: Pelipper\n|-terastallize|p1a: Cinderace|Fire\n|move|p1a: Cinderace|Pyro Ball|p2a: Pelipper\n|-resisted|p2a: Pelipper\n|-damage|p2a: Pelipper|75\/100\n|\n|-weather|RainDance|[upkeep]\n|upkeep\n|turn|2\n|\n|t:|1699732956\n|move|p1a: Cinderace|U-turn|p2a: Pelipper\n|-resisted|p2a: Pelipper\n|-damage|p2a: Pelipper|59\/100\n|\n|t:|1699732963\n|switch|p1a: Gliscor|Gliscor, M|100\/100|[from] U-turn\n|move|p2a: Pelipper|Weather Ball|p1a: Gliscor\n|-supereffective|p1a: Gliscor\n|-damage|p1a: Gliscor|0 fnt\n|faint|p1a: Gliscor\n|\n|-weather|RainDance|[upkeep]\n|upkeep\n|\n|t:|1699732967\n|switch|p1a: Dragonite|Dragonite, F|100\/100\n|turn|3\n|\n|t:|1699732971\n|move|p1a: Dragonite|Hurricane|p2a: Pelipper\n|-damage|p2a: Pelipper|0 fnt\n|faint|p2a: Pelipper\n|\n|-weather|RainDance|[upkeep]\n|upkeep\n|\n|t:|1699732982\n|switch|p2a: Ogerpon|Ogerpon-Wellspring, F|100\/100\n|turn|4\n|\n|t:|1699732988\n|-terastallize|p2a: Ogerpon|Water\n|detailschange|p2a: Ogerpon|Ogerpon-Wellspring-Tera, F, tera:Water\n|-ability|p2a: Ogerpon|Embody Aspect (Wellspring)|boost\n|-boost|p2a: Ogerpon|spd|1\n|move|p2a: Ogerpon|Swords Dance|p2a: Ogerpon\n|-boost|p2a: Ogerpon|atk|2\n|move|p1a: Dragonite|Hurricane|p2a: Ogerpon\n|-damage|p2a: Ogerpon|66\/100\n|-start|p2a: Ogerpon|confusion\n|\n|-weather|RainDance|[upkeep]\n|upkeep\n|turn|5\n|\n|t:|1699732998\n|-activate|p2a: Ogerpon|confusion\n|-damage|p2a: Ogerpon|29\/100|[from] confusion\n|move|p1a: Dragonite|Hurricane|p2a: Ogerpon\n|-damage|p2a: Ogerpon|0 fnt\n|faint|p2a: Ogerpon\n|\n|-weather|RainDance|[upkeep]\n|upkeep\n|\n|t:|1699733004\n|switch|p2a: Ninetales|Ninetales-Alola, F, shiny|100\/100\n|-weather|Snow|[from] ability: Snow Warning|[of] p2a: Ninetales\n|turn|6\n|\n|t:|1699733007\n|move|p2a: Ninetales|Blizzard|p1a: Dragonite\n|-supereffective|p1a: Dragonite\n|-damage|p1a: Dragonite|18\/100\n|-enditem|p1a: Dragonite|Weakness Policy\n|-boost|p1a: Dragonite|atk|2|[from] item: Weakness Policy\n|-boost|p1a: Dragonite|spa|2|[from] item: Weakness Policy\n|move|p1a: Dragonite|Fire Blast|p2a: Ninetales\n|-supereffective|p2a: Ninetales\n|-damage|p2a: Ninetales|0 fnt\n|faint|p2a: Ninetales\n|\n|-weather|Snow|[upkeep]\n|upkeep\n|\n|t:|1699733020\n|switch|p2a: Kilowattrel|Kilowattrel, F|100\/100\n|turn|7\n|\n|t:|1699733024\n|switch|p1a: Ting-Lu|Ting-Lu|100\/100\n|-ability|p1a: Ting-Lu|Vessel of Ruin\n|move|p2a: Kilowattrel|Weather Ball|p1a: Ting-Lu\n|-supereffective|p1a: Ting-Lu\n|-damage|p1a: Ting-Lu|80\/100\n|\n|-weather|Snow|[upkeep]\n|upkeep\n|turn|8\n|\n|t:|1699733032\n|move|p2a: Kilowattrel|Tailwind|p2a: Kilowattrel\n|-sidestart|p2: Sl3kii|move: Tailwind\n|-start|p2a: Kilowattrel|Charge|Tailwind|[from] ability: Wind Power\n|move|p1a: Ting-Lu|Rock Tomb|p2a: Kilowattrel\n|-supereffective|p2a: Kilowattrel\n|-damage|p2a: Kilowattrel|44\/100\n|-unboost|p2a: Kilowattrel|spe|1\n|\n|-weather|Snow|[upkeep]\n|-heal|p2a: Kilowattrel|50\/100|[from] item: Leftovers\n|upkeep\n|turn|9\n|\n|t:|1699733038\n|move|p2a: Kilowattrel|Weather Ball|p1a: Ting-Lu\n|-supereffective|p1a: Ting-Lu\n|-damage|p1a: Ting-Lu|61\/100\n|move|p1a: Ting-Lu|Rock Tomb|p2a: Kilowattrel\n|-supereffective|p2a: Kilowattrel\n|-damage|p2a: Kilowattrel|0 fnt\n|faint|p2a: Kilowattrel\n|\n|-weather|Snow|[upkeep]\n|upkeep\n|\n|t:|1699733046\n|switch|p2a: Mamoswine|Mamoswine, M|100\/100\n|turn|10\n|\n|t:|1699733053\n|move|p2a: Mamoswine|Icicle Crash|p1a: Ting-Lu\n|-supereffective|p1a: Ting-Lu\n|-damage|p1a: Ting-Lu|11\/100\n|move|p1a: Ting-Lu|Body Press|p2a: Mamoswine\n|-supereffective|p2a: Mamoswine\n|-damage|p2a: Mamoswine|68\/100\n|\n|-weather|Snow|[upkeep]\n|upkeep\n|turn|11\n|\n|t:|1699733057\n|move|p2a: Mamoswine|Icicle Crash|p1a: Ting-Lu\n|-supereffective|p1a: Ting-Lu\n|-damage|p1a: Ting-Lu|0 fnt\n|faint|p1a: Ting-Lu\n|\n|-weather|Snow|[upkeep]\n|-sideend|p2: Sl3kii|move: Tailwind\n|upkeep\n|\n|t:|1699733064\n|switch|p1a: Cinderace|Cinderace, F, tera:Fire|100\/100\n|turn|12\n|\n|t:|1699733067\n|move|p1a: Cinderace|Pyro Ball|p2a: Mamoswine|[miss]\n|-miss|p1a: Cinderace|p2a: Mamoswine\n|move|p2a: Mamoswine|Earthquake|p1a: Cinderace\n|-supereffective|p1a: Cinderace\n|-damage|p1a: Cinderace|0 fnt\n|faint|p1a: Cinderace\n|\n|-weather|Snow|[upkeep]\n|upkeep\n|\n|t:|1699733072\n|switch|p1a: Gholdengo|Gholdengo|100\/100\n|turn|13\n|\n|t:|1699733075\n|move|p1a: Gholdengo|Focus Blast|p2a: Mamoswine\n|-supereffective|p2a: Mamoswine\n|-damage|p2a: Mamoswine|0 fnt\n|faint|p2a: Mamoswine\n|\n|-weather|none\n|upkeep\n|\n|t:|1699733078\n|switch|p2a: Sandslash|Sandslash-Alola, M, shiny|100\/100\n|turn|14\n|c|\u2606Sl3kii|gg\n|\n|t:|1699733086\n|move|p1a: Gholdengo|Focus Blast|p2a: Sandslash|[miss]\n|-miss|p1a: Gholdengo|p2a: Sandslash\n|move|p2a: Sandslash|Icicle Crash|p1a: Gholdengo\n|-resisted|p1a: Gholdengo\n|-damage|p1a: Gholdengo|72\/100\n|-damage|p2a: Sandslash|91\/100|[from] item: Life Orb\n|\n|upkeep\n|turn|15\n|\n|t:|1699733090\n|move|p1a: Gholdengo|Focus Blast|p2a: Sandslash|[miss]\n|-miss|p1a: Gholdengo|p2a: Sandslash\n|move|p2a: Sandslash|Iron Head|p1a: Gholdengo\n|-resisted|p1a: Gholdengo\n|-damage|p1a: Gholdengo|43\/100\n|-damage|p2a: Sandslash|81\/100|[from] item: Life Orb\n|\n|upkeep\n|turn|16\n|c|\u2606divideogiochi|Gg\n|\n|t:|1699733096\n|move|p1a: Gholdengo|Focus Blast|p2a: Sandslash|[miss]\n|-miss|p1a: Gholdengo|p2a: Sandslash\n|move|p2a: Sandslash|Icicle Crash|p1a: Gholdengo\n|-resisted|p1a: Gholdengo\n|-damage|p1a: Gholdengo|16\/100\n|-damage|p2a: Sandslash|71\/100|[from] item: Life Orb\n|\n|upkeep\n|turn|17\n|c|\u2606Sl3kii|wha\n|c|\u2606Sl3kii|WHA\n|c|\u2606Sl3kii|theres no way\n|\n|t:|1699733109\n|move|p1a: Gholdengo|Focus Blast|p2a: Sandslash|[miss]\n|-miss|p1a: Gholdengo|p2a: Sandslash\n|move|p2a: Sandslash|Icicle Crash|p1a: Gholdengo\n|-resisted|p1a: Gholdengo\n|-damage|p1a: Gholdengo|0 fnt\n|faint|p1a: Gholdengo\n|-damage|p2a: Sandslash|61\/100|[from] item: Life Orb\n|\n|upkeep\n|c|\u2606Sl3kii|BRO\n|c|\u2606divideogiochi|Poke gods might not let me win\n|\n|t:|1699733120\n|switch|p1a: Dragonite|Dragonite, F|18\/100\n|turn|18\n|c|\u2606Sl3kii|WHAT THE FUCK IS THIS LMFAO\n|\n|t:|1699733128\n|move|p1a: Dragonite|Fire Blast|p2a: Sandslash\n|-supereffective|p2a: Sandslash\n|-damage|p2a: Sandslash|0 fnt\n|faint|p2a: Sandslash\n|\n|win|divideogiochi\n|raw|divideogiochi's rating: 1195 &rarr; <strong>1215<\/strong><br \/>(+20 for winning)\n|raw|Sl3kii's rating: 1122 &rarr; <strong>1102<\/strong><br \/>(-20 for losing)\n","uploadtime":1699733127,"views":11,"p1id":"divideogiochi","p2id":"sl3kii","formatid":"gen9ou","rating":1102,"private":0,"password":""}