{"id":"gen9ou-1990859112","p1":"moope","p2":"soccersniper","format":"[Gen 9] OU","log":"|j|\u2606moope\n|j|\u2606soccersniper\n|t:|1700008422\n|gametype|singles\n|player|p1|moope|102|1593\n|player|p2|soccersniper|266|1578\n|teamsize|p1|6\n|teamsize|p2|6\n|gen|9\n|tier|[Gen 9] OU\n|rated|\n|rule|Sleep Clause Mod: Limit one foe put to sleep\n|rule|Species Clause: Limit one of each Pok\u00e9mon\n|rule|OHKO Clause: OHKO moves are banned\n|rule|Evasion Items Clause: Evasion items are banned\n|rule|Evasion Moves Clause: Evasion moves are banned\n|rule|Endless Battle Clause: Forcing endless battles is banned\n|rule|HP Percentage Mod: HP is shown in percentages\n|clearpoke\n|poke|p1|Polteageist|\n|poke|p1|Sneasler, F|\n|poke|p1|Indeedee-F, F|\n|poke|p1|Maushold|\n|poke|p1|Hatterene, F|\n|poke|p1|Armarouge, F|\n|poke|p2|Garganacl, F|\n|poke|p2|Rillaboom, F|\n|poke|p2|Sneasler, F|\n|poke|p2|Iron Valiant|\n|poke|p2|Thundurus, M|\n|poke|p2|Great Tusk|\n|teampreview\n|\n|t:|1700008454\n|start\n|switch|p1a: Maushold|Maushold|100\/100\n|switch|p2a: Rillaboom|Rillaboom, F|100\/100\n|-fieldstart|move: Grassy Terrain|[from] ability: Grassy Surge|[of] p2a: Rillaboom\n|turn|1\n|\n|t:|1700008469\n|switch|p2a: Great Tusk|Great Tusk|100\/100\n|move|p1a: Maushold|Population Bomb|p2a: Great Tusk\n|-damage|p2a: Great Tusk|95\/100\n|-damage|p1a: Maushold|84\/100|[from] item: Rocky Helmet|[of] p2a: Great Tusk\n|-damage|p2a: Great Tusk|90\/100\n|-damage|p1a: Maushold|67\/100|[from] item: Rocky Helmet|[of] p2a: Great Tusk\n|-damage|p2a: Great Tusk|85\/100\n|-damage|p1a: Maushold|51\/100|[from] item: Rocky Helmet|[of] p2a: Great Tusk\n|-damage|p2a: Great Tusk|79\/100\n|-damage|p1a: Maushold|34\/100|[from] item: Rocky Helmet|[of] p2a: Great Tusk\n|-damage|p2a: Great Tusk|74\/100\n|-damage|p1a: Maushold|17\/100|[from] item: Rocky Helmet|[of] p2a: Great Tusk\n|-damage|p2a: Great Tusk|68\/100\n|-damage|p1a: Maushold|1\/100|[from] item: Rocky Helmet|[of] p2a: Great Tusk\n|-damage|p2a: Great Tusk|63\/100\n|-damage|p1a: Maushold|0 fnt|[from] item: Rocky Helmet|[of] p2a: Great Tusk\n|faint|p1a: Maushold\n|-hitcount|p2a: Great Tusk|7\n|\n|-heal|p2a: Great Tusk|69\/100|[from] Grassy Terrain\n|upkeep\n|\n|t:|1700008474\n|switch|p1a: Hatterene|Hatterene, F|100\/100\n|turn|2\n|\n|t:|1700008481\n|-end|p2a: Great Tusk|Protosynthesis|[silent]\n|switch|p2a: Rillaboom|Rillaboom, F|100\/100\n|move|p1a: Hatterene|Draining Kiss|p2a: Rillaboom\n|-damage|p2a: Rillaboom|60\/100\n|\n|-heal|p2a: Rillaboom|66\/100|[from] Grassy Terrain\n|upkeep\n|turn|3\n|\n|t:|1700008487\n|move|p2a: Rillaboom|Wood Hammer|p1a: Hatterene\n|-damage|p1a: Hatterene|0 fnt\n|faint|p1a: Hatterene\n|-damage|p2a: Rillaboom|42\/100|[from] Recoil\n|\n|-heal|p2a: Rillaboom|48\/100|[from] Grassy Terrain\n|upkeep\n|\n|t:|1700008505\n|switch|p1a: Armarouge|Armarouge, F|100\/100\n|turn|4\n|\n|t:|1700008512\n|switch|p2a: Garganacl|Garganacl, F|100\/100\n|move|p1a: Armarouge|Armor Cannon|p2a: Garganacl\n|-resisted|p2a: Garganacl\n|-damage|p2a: Garganacl|80\/100\n|-unboost|p1a: Armarouge|def|1\n|-unboost|p1a: Armarouge|spd|1\n|\n|-heal|p2a: Garganacl|86\/100|[from] Grassy Terrain\n|-heal|p2a: Garganacl|92\/100|[from] item: Leftovers\n|upkeep\n|turn|5\n|\n|t:|1700008529\n|switch|p1a: Indeedee|Indeedee-F, F|100\/100\n|-fieldstart|move: Psychic Terrain|[from] ability: Psychic Surge|[of] p1a: Indeedee\n|move|p2a: Garganacl|Salt Cure|p1a: Indeedee\n|-damage|p1a: Indeedee|81\/100\n|-start|p1a: Indeedee|Salt Cure\n|\n|-heal|p2a: Garganacl|99\/100|[from] item: Leftovers\n|-damage|p1a: Indeedee|69\/100|[from] Salt Cure\n|upkeep\n|turn|6\n|\n|t:|1700008536\n|switch|p2a: Rillaboom|Rillaboom, F|48\/100\n|-fieldstart|move: Grassy Terrain|[from] ability: Grassy Surge|[of] p2a: Rillaboom\n|move|p1a: Indeedee|Reflect|p1a: Indeedee\n|-sidestart|p1: moope|Reflect\n|\n|-heal|p1a: Indeedee|75\/100|[from] Grassy Terrain\n|-heal|p2a: Rillaboom|54\/100|[from] Grassy Terrain\n|-damage|p1a: Indeedee|62\/100|[from] Salt Cure\n|upkeep\n|turn|7\n|\n|t:|1700008552\n|switch|p1a: Sneasler|Sneasler, F|100\/100\n|move|p2a: Rillaboom|U-turn|p1a: Sneasler\n|-resisted|p1a: Sneasler\n|-damage|p1a: Sneasler|93\/100\n|\n|t:|1700008557\n|switch|p2a: Great Tusk|Great Tusk|69\/100|[from] U-turn\n|\n|-heal|p1a: Sneasler|99\/100|[from] Grassy Terrain\n|-heal|p2a: Great Tusk|75\/100|[from] Grassy Terrain\n|upkeep\n|turn|8\n|\n|t:|1700008572\n|-terastallize|p1a: Sneasler|Flying\n|move|p1a: Sneasler|Acrobatics|p2a: Great Tusk\n|-supereffective|p2a: Great Tusk\n|-damage|p2a: Great Tusk|41\/100\n|-damage|p1a: Sneasler|82\/100|[from] item: Rocky Helmet|[of] p2a: Great Tusk\n|move|p2a: Great Tusk|Stealth Rock|p1a: Sneasler\n|-sidestart|p1: moope|move: Stealth Rock\n|\n|-heal|p2a: Great Tusk|47\/100|[from] Grassy Terrain\n|upkeep\n|turn|9\n|\n|t:|1700008593\n|move|p1a: Sneasler|Acrobatics|p2a: Great Tusk\n|-supereffective|p2a: Great Tusk\n|-damage|p2a: Great Tusk|14\/100\n|-damage|p1a: Sneasler|66\/100|[from] item: Rocky Helmet|[of] p2a: Great Tusk\n|move|p2a: Great Tusk|Rapid Spin|p1a: Sneasler\n|-damage|p1a: Sneasler|54\/100\n|-boost|p2a: Great Tusk|spe|1\n|\n|-heal|p2a: Great Tusk|20\/100|[from] Grassy Terrain\n|upkeep\n|turn|10\n|\n|t:|1700008618\n|-end|p2a: Great Tusk|Protosynthesis|[silent]\n|switch|p2a: Garganacl|Garganacl, F|99\/100\n|move|p1a: Sneasler|Acrobatics|p2a: Garganacl\n|-resisted|p2a: Garganacl\n|-damage|p2a: Garganacl|87\/100\n|\n|-heal|p2a: Garganacl|93\/100|[from] Grassy Terrain\n|-heal|p2a: Garganacl|99\/100|[from] item: Leftovers\n|-sideend|p1: moope|Reflect\n|-fieldend|move: Grassy Terrain\n|upkeep\n|turn|11\n|\n|t:|1700008631\n|switch|p1a: Indeedee|Indeedee-F, F|62\/100\n|-damage|p1a: Indeedee|50\/100|[from] Stealth Rock\n|-fieldstart|move: Psychic Terrain|[from] ability: Psychic Surge|[of] p1a: Indeedee\n|switch|p2a: Great Tusk|Great Tusk|20\/100\n|\n|upkeep\n|turn|12\n|\n|t:|1700008642\n|move|p1a: Indeedee|Psychic|p2a: Great Tusk\n|-supereffective|p2a: Great Tusk\n|-damage|p2a: Great Tusk|0 fnt\n|faint|p2a: Great Tusk\n|-end|p2a: Great Tusk|Protosynthesis|[silent]\n|\n|upkeep\n|\n|t:|1700008654\n|switch|p2a: Rillaboom|Rillaboom, F|54\/100\n|-fieldstart|move: Grassy Terrain|[from] ability: Grassy Surge|[of] p2a: Rillaboom\n|turn|13\n|\n|t:|1700008667\n|switch|p1a: Sneasler|Sneasler, F, tera:Flying|54\/100\n|-damage|p1a: Sneasler|29\/100|[from] Stealth Rock\n|move|p2a: Rillaboom|Grassy Glide|p1a: Sneasler\n|-resisted|p1a: Sneasler\n|-damage|p1a: Sneasler|0 fnt\n|faint|p1a: Sneasler\n|\n|-heal|p2a: Rillaboom|60\/100|[from] Grassy Terrain\n|upkeep\n|\n|t:|1700008669\n|switch|p1a: Indeedee|Indeedee-F, F|50\/100\n|-damage|p1a: Indeedee|37\/100|[from] Stealth Rock\n|-fieldstart|move: Psychic Terrain|[from] ability: Psychic Surge|[of] p1a: Indeedee\n|turn|14\n|\n|t:|1700008679\n|switch|p2a: Garganacl|Garganacl, F|99\/100\n|move|p1a: Indeedee|Reflect|p1a: Indeedee\n|-sidestart|p1: moope|Reflect\n|\n|-heal|p2a: Garganacl|100\/100|[from] item: Leftovers\n|upkeep\n|turn|15\n|\n|t:|1700008686\n|move|p1a: Indeedee|Healing Wish|p1a: Indeedee\n|faint|p1a: Indeedee\n|move|p2a: Garganacl|Salt Cure|p1: Indeedee|[notarget]\n|-fail|p2a: Garganacl\n|\n|upkeep\n|\n|t:|1700008691\n|switch|p1a: Polteageist|Polteageist|100\/100\n|-damage|p1a: Polteageist|88\/100|[from] Stealth Rock\n|turn|16\n|\n|t:|1700008697\n|move|p1a: Polteageist|Shell Smash|p1a: Polteageist\n|-unboost|p1a: Polteageist|def|1\n|-unboost|p1a: Polteageist|spd|1\n|-boost|p1a: Polteageist|atk|2\n|-boost|p1a: Polteageist|spa|2\n|-boost|p1a: Polteageist|spe|2\n|move|p2a: Garganacl|Salt Cure|p1a: Polteageist\n|-damage|p1a: Polteageist|70\/100\n|-start|p1a: Polteageist|Salt Cure\n|-ability|p1a: Polteageist|Weak Armor|boost\n|-unboost|p1a: Polteageist|def|1\n|-boost|p1a: Polteageist|spe|2\n|\n|-damage|p1a: Polteageist|58\/100|[from] Salt Cure\n|upkeep\n|turn|17\n|\n|t:|1700008711\n|move|p1a: Polteageist|Stored Power|p2a: Garganacl\n|-damage|p2a: Garganacl|0 fnt\n|faint|p2a: Garganacl\n|\n|-damage|p1a: Polteageist|45\/100|[from] Salt Cure\n|upkeep\n|\n|t:|1700008733\n|switch|p2a: Iron Valiant|Iron Valiant|100\/100\n|-enditem|p2a: Iron Valiant|Booster Energy\n|-activate|p2a: Iron Valiant|ability: Quark Drive|[fromitem]\n|-start|p2a: Iron Valiant|quarkdrivespe\n|turn|18\n|\n|t:|1700008739\n|move|p1a: Polteageist|Shadow Ball|p2a: Iron Valiant\n|-damage|p2a: Iron Valiant|0 fnt\n|faint|p2a: Iron Valiant\n|-end|p2a: Iron Valiant|Quark Drive|[silent]\n|\n|-damage|p1a: Polteageist|33\/100|[from] Salt Cure\n|-sideend|p1: moope|Reflect\n|upkeep\n|\n|t:|1700008748\n|switch|p2a: Rillaboom|Rillaboom, F|60\/100\n|-fieldstart|move: Grassy Terrain|[from] ability: Grassy Surge|[of] p2a: Rillaboom\n|turn|19\n|\n|t:|1700008753\n|move|p2a: Rillaboom|Grassy Glide|p1a: Polteageist\n|-damage|p1a: Polteageist|0 fnt\n|faint|p1a: Polteageist\n|\n|-heal|p2a: Rillaboom|66\/100|[from] Grassy Terrain\n|upkeep\n|\n|t:|1700008755\n|switch|p1a: Armarouge|Armarouge, F|100\/100\n|-damage|p1a: Armarouge|76\/100|[from] Stealth Rock\n|turn|20\n|\n|t:|1700008760\n|switch|p2a: Sneasler|Sneasler, F|100\/100\n|-enditem|p2a: Sneasler|Grassy Seed\n|-boost|p2a: Sneasler|def|1|[from] item: Grassy Seed\n|move|p1a: Armarouge|Armor Cannon|p2a: Sneasler\n|-damage|p2a: Sneasler|15\/100\n|-unboost|p1a: Armarouge|def|1\n|-unboost|p1a: Armarouge|spd|1\n|\n|-heal|p2a: Sneasler|21\/100|[from] Grassy Terrain\n|-heal|p1a: Armarouge|82\/100|[from] Grassy Terrain\n|upkeep\n|turn|21\n|\n|t:|1700008774\n|move|p1a: Armarouge|Endure|p1a: Armarouge\n|-singleturn|p1a: Armarouge|move: Endure\n|move|p2a: Sneasler|Swords Dance|p2a: Sneasler\n|-boost|p2a: Sneasler|atk|2\n|\n|-heal|p2a: Sneasler|27\/100|[from] Grassy Terrain\n|-heal|p1a: Armarouge|88\/100|[from] Grassy Terrain\n|upkeep\n|turn|22\n|\n|t:|1700008779\n|move|p1a: Armarouge|Endure||[still]\n|-fail|p1a: Armarouge\n|move|p2a: Sneasler|Swords Dance|p2a: Sneasler\n|-boost|p2a: Sneasler|atk|2\n|\n|-heal|p2a: Sneasler|33\/100|[from] Grassy Terrain\n|-heal|p1a: Armarouge|94\/100|[from] Grassy Terrain\n|upkeep\n|turn|23\n|\n|t:|1700008784\n|move|p1a: Armarouge|Endure|p1a: Armarouge\n|-singleturn|p1a: Armarouge|move: Endure\n|move|p2a: Sneasler|Swords Dance|p2a: Sneasler\n|-boost|p2a: Sneasler|atk|2\n|\n|-heal|p2a: Sneasler|39\/100|[from] Grassy Terrain\n|-heal|p1a: Armarouge|99\/100|[from] Grassy Terrain\n|-fieldend|move: Grassy Terrain\n|upkeep\n|turn|24\n|\n|t:|1700008789\n|move|p1a: Armarouge|Endure||[still]\n|-fail|p1a: Armarouge\n|move|p2a: Sneasler|Swords Dance|p2a: Sneasler\n|-boost|p2a: Sneasler|atk|0\n|\n|upkeep\n|turn|25\n|\n|t:|1700008791\n|move|p2a: Sneasler|Swords Dance|p2a: Sneasler\n|-boost|p2a: Sneasler|atk|0\n|move|p1a: Armarouge|Expanding Force|p2a: Sneasler\n|-supereffective|p2a: Sneasler\n|-damage|p2a: Sneasler|0 fnt\n|faint|p2a: Sneasler\n|\n|upkeep\n|\n|t:|1700008797\n|switch|p2a: Thundurus|Thundurus, M|100\/100\n|turn|26\n|\n|t:|1700008807\n|move|p2a: Thundurus|Dark Pulse|p1a: Armarouge\n|-supereffective|p1a: Armarouge\n|-damage|p1a: Armarouge|0 fnt\n|faint|p1a: Armarouge\n|-damage|p2a: Thundurus|91\/100|[from] item: Life Orb\n|\n|win|soccersniper\n|raw|moope's rating: 1593 &rarr; <strong>1572<\/strong><br \/>(-21 for losing)\n|raw|soccersniper's rating: 1578 &rarr; <strong>1599<\/strong><br \/>(+21 for winning)\n|c|\u2606soccersniper|gg\n","uploadtime":1700008821,"views":15,"p1id":"moope","p2id":"soccersniper","formatid":"gen9ou","rating":1572,"private":0,"password":""}