{"id":"gen9ou-1994505158","p1":"catlover25","p2":"Citrusfunk","format":"[Gen 9] OU","log":"|j|\u2606catlover25\n|j|\u2606Citrusfunk\n|t:|1700451882\n|gametype|singles\n|player|p1|catlover25|1|1044\n|player|p2|Citrusfunk|alec-anime|1121\n|teamsize|p1|6\n|teamsize|p2|6\n|gen|9\n|tier|[Gen 9] OU\n|rated|\n|rule|Sleep Clause Mod: Limit one foe put to sleep\n|rule|Species Clause: Limit one of each Pok\u00e9mon\n|rule|OHKO Clause: OHKO moves are banned\n|rule|Evasion Items Clause: Evasion items are banned\n|rule|Evasion Moves Clause: Evasion moves are banned\n|rule|Endless Battle Clause: Forcing endless battles is banned\n|rule|HP Percentage Mod: HP is shown in percentages\n|clearpoke\n|poke|p1|Garganacl, M|\n|poke|p1|Lucario, M|\n|poke|p1|Corviknight, M|\n|poke|p1|Garchomp, F|\n|poke|p1|Gholdengo|\n|poke|p1|Ogerpon-Cornerstone, F|\n|poke|p2|Torterra, M|\n|poke|p2|Infernape, M|\n|poke|p2|Empoleon, M|\n|poke|p2|Staraptor, F|\n|poke|p2|Luxray, M|\n|poke|p2|Gardevoir, F|\n|teampreview\n|inactive|Battle timer is ON: inactive players will automatically lose when time's up. (requested by catlover25)\n|\n|t:|1700451890\n|start\n|switch|p1a: Garganacl|Garganacl, M, shiny|100\/100\n|switch|p2a: Goku|Infernape, M|100\/100\n|turn|1\n|\n|t:|1700451897\n|move|p2a: Goku|Nasty Plot|p2a: Goku\n|-boost|p2a: Goku|spa|2\n|move|p1a: Garganacl|Sandstorm|p1a: Garganacl\n|-weather|Sandstorm\n|\n|-weather|Sandstorm|[upkeep]\n|-damage|p2a: Goku|94\/100|[from] Sandstorm\n|upkeep\n|turn|2\n|\n|t:|1700451908\n|move|p2a: Goku|Vacuum Wave|p1a: Garganacl\n|-supereffective|p1a: Garganacl\n|-damage|p1a: Garganacl|50\/100\n|move|p1a: Garganacl|Salt Cure|p2a: Goku\n|-damage|p2a: Goku|75\/100\n|-start|p2a: Goku|Salt Cure\n|\n|-weather|Sandstorm|[upkeep]\n|-damage|p2a: Goku|68\/100|[from] Sandstorm\n|-damage|p2a: Goku|56\/100|[from] Salt Cure\n|upkeep\n|turn|3\n|\n|t:|1700451925\n|move|p1a: Garganacl|Protect|p1a: Garganacl\n|-singleturn|p1a: Garganacl|Protect\n|move|p2a: Goku|Flamethrower|p1a: Garganacl\n|-activate|p1a: Garganacl|move: Protect\n|\n|-weather|Sandstorm|[upkeep]\n|-damage|p2a: Goku|50\/100|[from] Sandstorm\n|-damage|p2a: Goku|38\/100|[from] Salt Cure\n|upkeep\n|turn|4\n|\n|t:|1700451939\n|switch|p1a: Garchomp|Garchomp, F|100\/100\n|move|p2a: Goku|Vacuum Wave|p1a: Garchomp\n|-damage|p1a: Garchomp|61\/100\n|\n|-weather|Sandstorm|[upkeep]\n|-damage|p2a: Goku|32\/100|[from] Sandstorm\n|-damage|p2a: Goku|19\/100|[from] Salt Cure\n|upkeep\n|turn|5\n|\n|t:|1700451956\n|move|p2a: Goku|Flamethrower|p1a: Garchomp\n|-resisted|p1a: Garchomp\n|-damage|p1a: Garchomp|0 fnt\n|faint|p1a: Garchomp\n|\n|-weather|Sandstorm|[upkeep]\n|-damage|p2a: Goku|13\/100|[from] Sandstorm\n|-damage|p2a: Goku|1\/100|[from] Salt Cure\n|upkeep\n|\n|t:|1700451968\n|switch|p1a: Garganacl|Garganacl, M, shiny|50\/100\n|turn|6\n|\n|t:|1700451979\n|switch|p2a: Tommy|Torterra, M|100\/100\n|move|p1a: Garganacl|Protect||[still]\n|-fail|p1a: Garganacl\n|\n|-weather|Sandstorm|[upkeep]\n|upkeep\n|turn|7\n|\n|t:|1700451985\n|move|p2a: Tommy|Shell Smash|p2a: Tommy\n|-unboost|p2a: Tommy|def|1\n|-unboost|p2a: Tommy|spd|1\n|-boost|p2a: Tommy|atk|2\n|-boost|p2a: Tommy|spa|2\n|-boost|p2a: Tommy|spe|2\n|-enditem|p2a: Tommy|White Herb\n|-clearnegativeboost|p2a: Tommy|[silent]\n|move|p1a: Garganacl|Salt Cure|p2a: Tommy\n|-resisted|p2a: Tommy\n|-damage|p2a: Tommy|94\/100\n|-start|p2a: Tommy|Salt Cure\n|\n|-weather|Sandstorm|[upkeep]\n|-damage|p2a: Tommy|81\/100|[from] Salt Cure\n|upkeep\n|turn|8\n|\n|t:|1700452003\n|move|p1a: Garganacl|Protect|p1a: Garganacl\n|-singleturn|p1a: Garganacl|Protect\n|move|p2a: Tommy|Seed Bomb|p1a: Garganacl\n|-activate|p1a: Garganacl|move: Protect\n|\n|-weather|none\n|-damage|p2a: Tommy|69\/100|[from] Salt Cure\n|upkeep\n|turn|9\n|\n|t:|1700452015\n|move|p2a: Tommy|Seed Bomb|p1a: Garganacl\n|-supereffective|p1a: Garganacl\n|-damage|p1a: Garganacl|0 fnt\n|faint|p1a: Garganacl\n|\n|-damage|p2a: Tommy|56\/100|[from] Salt Cure\n|upkeep\n|\n|t:|1700452022\n|switch|p1a: Corviknight|Corviknight, M, shiny|100\/100\n|turn|10\n|\n|t:|1700452032\n|move|p2a: Tommy|Iron Head|p1a: Corviknight\n|-resisted|p1a: Corviknight\n|-damage|p1a: Corviknight|78\/100\n|move|p1a: Corviknight|Bulk Up|p1a: Corviknight\n|-boost|p1a: Corviknight|atk|1\n|-boost|p1a: Corviknight|def|1\n|\n|-heal|p1a: Corviknight|84\/100|[from] item: Leftovers\n|-damage|p2a: Tommy|44\/100|[from] Salt Cure\n|upkeep\n|turn|11\n|\n|t:|1700452047\n|move|p2a: Tommy|Seed Bomb|p1a: Corviknight\n|-resisted|p1a: Corviknight\n|-damage|p1a: Corviknight|73\/100\n|move|p1a: Corviknight|Brave Bird|p2a: Tommy\n|-supereffective|p2a: Tommy\n|-damage|p2a: Tommy|0 fnt\n|faint|p2a: Tommy\n|-damage|p1a: Corviknight|61\/100|[from] Recoil\n|\n|-heal|p1a: Corviknight|67\/100|[from] item: Leftovers\n|upkeep\n|\n|t:|1700452050\n|switch|p2a: Goku|Infernape, M|1\/100\n|turn|12\n|\n|t:|1700452061\n|move|p2a: Goku|Flamethrower|p1a: Corviknight\n|-supereffective|p1a: Corviknight\n|-damage|p1a: Corviknight|0 fnt\n|faint|p1a: Corviknight\n|\n|upkeep\n|inactive|catlover25 has 120 seconds left.\n|\n|t:|1700452087\n|switch|p1a: Lucario|Lucario, M|100\/100\n|turn|13\n|c|\u2606Citrusfunk|I just saw your username I love it btw\n|c|\u2606Citrusfunk|youre so real for that\n|\n|t:|1700452105\n|move|p2a: Goku|Vacuum Wave|p1a: Lucario\n|-supereffective|p1a: Lucario\n|-damage|p1a: Lucario|34\/100\n|move|p1a: Lucario|Meteor Mash|p2a: Goku\n|-resisted|p2a: Goku\n|-damage|p2a: Goku|0 fnt\n|faint|p2a: Goku\n|\n|upkeep\n|\n|t:|1700452114\n|switch|p2a: Binx|Luxray, M|100\/100\n|turn|14\n|\n|t:|1700452129\n|switch|p1a: Ogerpon|Ogerpon-Cornerstone, F|100\/100\n|move|p2a: Binx|Trailblaze|p1a: Ogerpon\n|-damage|p1a: Ogerpon|77\/100\n|-boost|p2a: Binx|spe|1\n|\n|-status|p2a: Binx|brn|[from] item: Flame Orb\n|upkeep\n|turn|15\n|\n|t:|1700452141\n|move|p2a: Binx|Facade|p1a: Ogerpon\n|-resisted|p1a: Ogerpon\n|-damage|p1a: Ogerpon|30\/100\n|move|p1a: Ogerpon|Sandstorm|p1a: Ogerpon\n|-weather|Sandstorm\n|\n|-weather|Sandstorm|[upkeep]\n|-damage|p2a: Binx|95\/100 brn|[from] Sandstorm\n|-damage|p2a: Binx|89\/100 brn|[from] brn\n|upkeep\n|turn|16\n|\n|t:|1700452154\n|switch|p1a: Gholdengo|Gholdengo|100\/100\n|move|p2a: Binx|Trailblaze|p1a: Gholdengo\n|-resisted|p1a: Gholdengo\n|-damage|p1a: Gholdengo|86\/100\n|-boost|p2a: Binx|spe|1\n|\n|-weather|Sandstorm|[upkeep]\n|-damage|p2a: Binx|83\/100 brn|[from] Sandstorm\n|-damage|p2a: Binx|77\/100 brn|[from] brn\n|upkeep\n|turn|17\n|\n|t:|1700452170\n|move|p2a: Binx|Wild Charge|p1a: Gholdengo\n|-crit|p1a: Gholdengo\n|-damage|p1a: Gholdengo|0 fnt\n|faint|p1a: Gholdengo\n|-damage|p2a: Binx|54\/100 brn|[from] Recoil\n|\n|-weather|Sandstorm|[upkeep]\n|-damage|p2a: Binx|48\/100 brn|[from] Sandstorm\n|-damage|p2a: Binx|42\/100 brn|[from] brn\n|upkeep\n|c|\u2606Citrusfunk|You like dis cat btw?\n|inactive|catlover25 has 120 seconds left.\n|\n|t:|1700452180\n|switch|p1a: Ogerpon|Ogerpon-Cornerstone, F|30\/100\n|turn|18\n|\n|t:|1700452189\n|move|p2a: Binx|Facade|p1a: Ogerpon\n|-resisted|p1a: Ogerpon\n|-damage|p1a: Ogerpon|0 fnt\n|faint|p1a: Ogerpon\n|\n|-weather|Sandstorm|[upkeep]\n|-damage|p2a: Binx|36\/100 brn|[from] Sandstorm\n|-damage|p2a: Binx|30\/100 brn|[from] brn\n|upkeep\n|\n|t:|1700452196\n|switch|p1a: Lucario|Lucario, M|34\/100\n|turn|19\n|inactive|catlover25 has 120 seconds left.\n|\n|t:|1700452213\n|-terastallize|p2a: Binx|Normal\n|move|p2a: Binx|Facade|p1a: Lucario\n|-resisted|p1a: Lucario\n|-damage|p1a: Lucario|0 fnt\n|faint|p1a: Lucario\n|\n|win|Citrusfunk\n|raw|catlover25's rating: 1044 &rarr; <strong>1031<\/strong><br \/>(-13 for losing)\n|raw|Citrusfunk's rating: 1121 &rarr; <strong>1141<\/strong><br \/>(+20 for winning)\n|c|\u2606Citrusfunk|Gg\n|l|\u2606catlover25\n","uploadtime":1700452224,"views":46,"p1id":"catlover25","p2id":"citrusfunk","formatid":"gen9ou","rating":1031,"private":0,"password":""}