{"id":"gen9ou-1989730183","p1":"HEAVY-DUTY B0OTY","p2":"FrostArcanine19","format":"[Gen 9] OU","log":"|j|\u2606HEAVY-DUTY B0OTY\n|j|\u2606FrostArcanine19\n|inactive|Battle timer is ON: inactive players will automatically lose when time's up.\n|t:|1699890812\n|gametype|singles\n|player|p1|HEAVY-DUTY B0OTY|swimmerf-gen6|\n|player|p2|FrostArcanine19|bellelba|\n|teamsize|p1|3\n|teamsize|p2|3\n|gen|9\n|tier|[Gen 9] OU\n|rated|Tournament battle\n|rule|Sleep Clause Mod: Limit one foe put to sleep\n|rule|Species Clause: Limit one of each Pok\u00e9mon\n|rule|OHKO Clause: OHKO moves are banned\n|rule|Evasion Items Clause: Evasion items are banned\n|rule|Evasion Moves Clause: Evasion moves are banned\n|rule|Endless Battle Clause: Forcing endless battles is banned\n|rule|HP Percentage Mod: HP is shown in percentages\n|clearpoke\n|poke|p1|Cloyster, M|\n|poke|p1|Clefable, F|\n|poke|p1|Thwackey, F|\n|poke|p2|Tinkaton, F|\n|poke|p2|Deerling-Winter, M|\n|poke|p2|Dragalge, F|\n|teampreview\n|j|*Lady Monita \u2746\n|j| Yeet259\n|c|\u2606FrostArcanine19|glhf\n|j| TJ799\n|j| chaitu\n|c|\u2606HEAVY-DUTY B0OTY|hf!\n|j| Ember The Unknown\n|c|\u2606FrostArcanine19|seeing you in finals again lol\n|inactive|HEAVY-DUTY B0OTY has 120 seconds left.\n|c|\u2606HEAVY-DUTY B0OTY|This will be tough\n|j| SweetNSourSpinda\n|l| SweetNSourSpinda\n|\n|t:|1699890864\n|start\n|switch|p1a: Cloyster|Cloyster, M|100\/100\n|switch|p2a: Tinkaton|Tinkaton, F|100\/100\n|-ability|p2a: Tinkaton|Mold Breaker\n|turn|1\n|c|\u2606FrostArcanine19|hopefully your clefable doesnt get trick choice scarfed...\n|c|\u2606FrostArcanine19|lol\n|\n|t:|1699890874\n|-terastallize|p1a: Cloyster|Electric\n|move|p2a: Tinkaton|Fake Out|p1a: Cloyster\n|-damage|p1a: Cloyster|92\/100\n|cant|p1a: Cloyster|flinch\n|\n|upkeep\n|turn|2\n|c|\u2606HEAVY-DUTY B0OTY|xD\n|j| chadguy\n|c|\u2606HEAVY-DUTY B0OTY|I was running the same set\n|inactive|FrostArcanine19 has 120 seconds left.\n|\n|t:|1699890904\n|switch|p2a: Dragalge|Dragalge, F, shiny|100\/100\n|move|p1a: Cloyster|Shell Smash|p1a: Cloyster\n|-unboost|p1a: Cloyster|def|1\n|-unboost|p1a: Cloyster|spd|1\n|-boost|p1a: Cloyster|atk|2\n|-boost|p1a: Cloyster|spa|2\n|-boost|p1a: Cloyster|spe|2\n|\n|upkeep\n|turn|3\n|c|\u2606HEAVY-DUTY B0OTY|So had to\n|c|\u2606FrostArcanine19|haha\n|inactive|FrostArcanine19 has 120 seconds left.\n|\n|t:|1699890925\n|-terastallize|p2a: Dragalge|Water\n|move|p1a: Cloyster|Icicle Spear|p2a: Dragalge\n|-resisted|p2a: Dragalge\n|-damage|p2a: Dragalge|89\/100\n|-resisted|p2a: Dragalge\n|-damage|p2a: Dragalge|77\/100\n|-resisted|p2a: Dragalge\n|-damage|p2a: Dragalge|67\/100\n|-resisted|p2a: Dragalge\n|-damage|p2a: Dragalge|56\/100\n|-resisted|p2a: Dragalge\n|-damage|p2a: Dragalge|44\/100\n|-hitcount|p2a: Dragalge|5\n|move|p2a: Dragalge|Scald|p1a: Cloyster\n|-damage|p1a: Cloyster|0 fnt\n|faint|p1a: Cloyster\n|\n|upkeep\n|\n|t:|1699890929\n|switch|p1a: Thwackey|Thwackey, F|100\/100\n|-fieldstart|move: Grassy Terrain|[from] ability: Grassy Surge|[of] p1a: Thwackey\n|turn|4\n|\n|t:|1699890935\n|move|p1a: Thwackey|Grassy Glide|p2a: Dragalge\n|-supereffective|p2a: Dragalge\n|-damage|p2a: Dragalge|0 fnt\n|faint|p2a: Dragalge\n|\n|upkeep\n|\n|t:|1699890943\n|switch|p2a: Deerling|Deerling-Winter, M, shiny|100\/100\n|turn|5\n|\n|t:|1699890946\n|move|p2a: Deerling|Headbutt|p1a: Thwackey\n|-damage|p1a: Thwackey|76\/100\n|move|p1a: Thwackey|Swords Dance|p1a: Thwackey\n|-boost|p1a: Thwackey|atk|2\n|\n|-heal|p1a: Thwackey|82\/100|[from] Grassy Terrain\n|upkeep\n|turn|6\n|\n|t:|1699890948\n|move|p2a: Deerling|Headbutt|p1a: Thwackey\n|-damage|p1a: Thwackey|59\/100\n|cant|p1a: Thwackey|flinch\n|\n|-heal|p1a: Thwackey|65\/100|[from] Grassy Terrain\n|upkeep\n|turn|7\n|\n|t:|1699890950\n|move|p2a: Deerling|Headbutt|p1a: Thwackey\n|-damage|p1a: Thwackey|42\/100\n|cant|p1a: Thwackey|flinch\n|\n|-heal|p1a: Thwackey|48\/100|[from] Grassy Terrain\n|upkeep\n|turn|8\n|\n|t:|1699890954\n|move|p2a: Deerling|Headbutt|p1a: Thwackey\n|-damage|p1a: Thwackey|25\/100\n|move|p1a: Thwackey|Drain Punch|p2a: Deerling\n|-supereffective|p2a: Deerling\n|-damage|p2a: Deerling|0 fnt\n|-heal|p1a: Thwackey|72\/100|[from] drain|[of] p2a: Deerling\n|faint|p2a: Deerling\n|\n|-heal|p1a: Thwackey|78\/100|[from] Grassy Terrain\n|-fieldend|move: Grassy Terrain\n|upkeep\n|\n|t:|1699890957\n|switch|p2a: Tinkaton|Tinkaton, F|100\/100\n|-ability|p2a: Tinkaton|Mold Breaker\n|turn|9\n|\n|t:|1699890960\n|move|p2a: Tinkaton|Fake Out|p1a: Thwackey\n|-damage|p1a: Thwackey|68\/100\n|cant|p1a: Thwackey|flinch\n|\n|upkeep\n|turn|10\n|c|\u2606FrostArcanine19|dang lol\n|\n|t:|1699890967\n|move|p2a: Tinkaton|Gigaton Hammer|p1a: Thwackey\n|-damage|p1a: Thwackey|11\/100\n|move|p1a: Thwackey|Drain Punch|p2a: Tinkaton\n|-damage|p2a: Tinkaton|41\/100\n|-heal|p1a: Thwackey|44\/100|[from] drain|[of] p2a: Tinkaton\n|\n|upkeep\n|turn|11\n|c|\u2606FrostArcanine19|oof gg\n|c| Yeet259|serene grace is actual annoying\n|c|\u2606HEAVY-DUTY B0OTY|thwacked\n|c|\u2606FrostArcanine19|i love serence grace\n|c|\u2606HEAVY-DUTY B0OTY|ikr\n|\n|t:|1699890990\n|move|p2a: Tinkaton|Thunder Wave|p1a: Thwackey\n|-status|p1a: Thwackey|par\n|move|p1a: Thwackey|Drain Punch|p2a: Tinkaton\n|-damage|p2a: Tinkaton|0 fnt\n|-heal|p1a: Thwackey|67\/100 par|[from] drain|[of] p2a: Tinkaton\n|faint|p2a: Tinkaton\n|\n|win|HEAVY-DUTY B0OTY\n|n|\u2606HEAVY-DUTY B0OTY|heavydutyb0oty\n|n|\u2606FrostArcanine19|frostarcanine19\n|n|*Lady Monita \u2746|ladymonita\n|n| Yeet259|yeet259\n|n| TJ799|tj799\n|n| chaitu|chaitu\n|n| Ember The Unknown|embertheunknown\n|n| chadguy|chadguy\n","uploadtime":1699890991,"views":11,"p1id":"heavydutyb0oty","p2id":"frostarcanine19","formatid":"gen9ou","rating":0,"private":0,"password":""}