{"id":"gen9ou-1999818290","p1":"PKNrandom","p2":"TY SM MY GUY","format":"[Gen 9] OU","log":"|j|\u2606PKNrandom\n|j|\u2606TY SM MY GUY\n|t:|1701119559\n|gametype|singles\n|player|p1|PKNrandom|palmer|1121\n|player|p2|TY SM MY GUY|hoopster|1189\n|teamsize|p1|6\n|teamsize|p2|6\n|gen|9\n|tier|[Gen 9] OU\n|rated|\n|rule|Sleep Clause Mod: Limit one foe put to sleep\n|rule|Species Clause: Limit one of each Pok\u00e9mon\n|rule|OHKO Clause: OHKO moves are banned\n|rule|Evasion Items Clause: Evasion items are banned\n|rule|Evasion Moves Clause: Evasion moves are banned\n|rule|Endless Battle Clause: Forcing endless battles is banned\n|rule|HP Percentage Mod: HP is shown in percentages\n|clearpoke\n|poke|p1|Glimmora, M|\n|poke|p1|Gholdengo|\n|poke|p1|Ogerpon-Wellspring, F|\n|poke|p1|Kingambit, F|\n|poke|p1|Iron Moth|\n|poke|p1|Enamorus, F|\n|poke|p2|Glimmora, F|\n|poke|p2|Great Tusk|\n|poke|p2|Hatterene, F|\n|poke|p2|Greninja-*, M|\n|poke|p2|Brambleghast, M|\n|poke|p2|Zoroark-Hisui, M|\n|teampreview\n|inactive|Battle timer is ON: inactive players will automatically lose when time's up. (requested by TY SM MY GUY)\n|inactive|PKNrandom has 120 seconds left.\n|\n|t:|1701119598\n|start\n|switch|p1a: Glimmora|Glimmora, M|100\/100\n|switch|p2a: Hatterene|Hatterene, F, shiny|100\/100\n|turn|1\n|\n|t:|1701119608\n|move|p2a: Hatterene|Trick|p1a: Glimmora\n|-activate|p2a: Hatterene|move: Trick|[of] p1a: Glimmora\n|-item|p1a: Glimmora|Choice Scarf|[from] move: Trick\n|-item|p2a: Hatterene|Focus Sash|[from] move: Trick\n|move|p1a: Glimmora|Mortal Spin|p2a: Hatterene\n|-resisted|p2a: Hatterene\n|-damage|p2a: Hatterene|94\/100\n|-status|p2a: Hatterene|psn\n|replace|p2a: Zoroark|Zoroark-Hisui, M, shiny\n|-end|p2a: Zoroark|Illusion\n|\n|-damage|p2a: Zoroark|82\/100 psn|[from] psn\n|upkeep\n|turn|2\n|\n|t:|1701119620\n|switch|p1a: Gholdengo|Gholdengo|100\/100\n|-item|p1a: Gholdengo|Air Balloon\n|move|p2a: Zoroark|Bitter Malice|p1a: Gholdengo\n|-supereffective|p1a: Gholdengo\n|-damage|p1a: Gholdengo|0 fnt\n|-enditem|p1a: Gholdengo|Air Balloon\n|faint|p1a: Gholdengo\n|\n|-damage|p2a: Zoroark|70\/100 psn|[from] psn\n|upkeep\n|c|\u2606TY SM MY GUY|Why in earth\n|c|\u2606TY SM MY GUY|would you make that switch\n|c|\u2606TY SM MY GUY|of all switches\n|\n|t:|1701119635\n|switch|p1a: Enamorus|Enamorus, F|100\/100\n|turn|3\n|\n|t:|1701119640\n|move|p1a: Enamorus|Moonblast|p2a: Zoroark\n|-damage|p2a: Zoroark|0 fnt\n|faint|p2a: Zoroark\n|\n|upkeep\n|\n|t:|1701119648\n|switch|p2a: Glimmora|Glimmora, F, shiny|100\/100\n|-item|p2a: Glimmora|Air Balloon\n|turn|4\n|\n|t:|1701119655\n|switch|p1a: Glimmora|Glimmora, M|100\/100\n|move|p2a: Glimmora|Power Gem|p1a: Glimmora\n|-damage|p1a: Glimmora|58\/100\n|\n|upkeep\n|turn|5\n|\n|t:|1701119665\n|move|p1a: Glimmora|Stealth Rock|p2a: Glimmora\n|-sidestart|p2: TY SM MY GUY|move: Stealth Rock\n|move|p2a: Glimmora|Earth Power|p1a: Glimmora\n|-supereffective|p1a: Glimmora\n|-damage|p1a: Glimmora|0 fnt\n|faint|p1a: Glimmora\n|\n|upkeep\n|\n|t:|1701119672\n|switch|p1a: Ogerpon|Ogerpon-Wellspring, F|100\/100\n|turn|6\n|\n|t:|1701119678\n|switch|p2a: Hatterene|Hatterene, F, shiny|100\/100\n|-damage|p2a: Hatterene|88\/100|[from] Stealth Rock\n|move|p1a: Ogerpon|Ivy Cudgel|p2a: Hatterene|[anim] Ivy Cudgel Water\n|-damage|p2a: Hatterene|27\/100\n|-enditem|p2a: Hatterene|Eject Button\n|\n|t:|1701119683\n|switch|p2a: Brambleghast|Brambleghast, M, shiny|100\/100\n|-damage|p2a: Brambleghast|88\/100|[from] Stealth Rock\n|\n|upkeep\n|turn|7\n|\n|t:|1701119691\n|move|p1a: Ogerpon|Swords Dance|p1a: Ogerpon\n|-boost|p1a: Ogerpon|atk|2\n|move|p2a: Brambleghast|Rapid Spin|p1a: Ogerpon\n|-damage|p1a: Ogerpon|76\/100\n|-boost|p2a: Brambleghast|spe|1\n|-sideend|p2: TY SM MY GUY|Stealth Rock|[from] move: Rapid Spin|[of] p2a: Brambleghast\n|\n|upkeep\n|turn|8\n|\n|t:|1701119700\n|-terastallize|p1a: Ogerpon|Water\n|detailschange|p1a: Ogerpon|Ogerpon-Wellspring-Tera, F, tera:Water\n|-ability|p1a: Ogerpon|Embody Aspect (Wellspring)|boost\n|-boost|p1a: Ogerpon|spd|1\n|move|p2a: Brambleghast|Shadow Sneak|p1a: Ogerpon\n|-damage|p1a: Ogerpon|48\/100\n|move|p1a: Ogerpon|Swords Dance|p1a: Ogerpon\n|-boost|p1a: Ogerpon|atk|2\n|\n|upkeep\n|turn|9\n|\n|t:|1701119709\n|move|p2a: Brambleghast|Shadow Sneak|p1a: Ogerpon\n|-damage|p1a: Ogerpon|19\/100\n|move|p1a: Ogerpon|Ivy Cudgel|p2a: Brambleghast|[anim] Ivy Cudgel Water\n|-resisted|p2a: Brambleghast\n|-damage|p2a: Brambleghast|0 fnt\n|faint|p2a: Brambleghast\n|\n|upkeep\n|\n|t:|1701119713\n|switch|p2a: Greninja|Greninja, M|100\/100\n|turn|10\n|\n|t:|1701119720\n|move|p2a: Greninja|Dark Pulse|p1a: Ogerpon\n|-damage|p1a: Ogerpon|0 fnt\n|faint|p1a: Ogerpon\n|-ability|p2a: Greninja|Battle Bond|boost\n|-boost|p2a: Greninja|atk|1\n|-boost|p2a: Greninja|spa|1\n|-boost|p2a: Greninja|spe|1\n|-activate|p2a: Greninja|ability: Battle Bond\n|-damage|p2a: Greninja|91\/100|[from] item: Life Orb\n|\n|upkeep\n|\n|t:|1701119722\n|switch|p1a: Enamorus|Enamorus, F|100\/100\n|turn|11\n|\n|t:|1701119729\n|-terastallize|p2a: Greninja|Ice\n|move|p2a: Greninja|Ice Beam|p1a: Enamorus\n|-supereffective|p1a: Enamorus\n|-crit|p1a: Enamorus\n|-damage|p1a: Enamorus|0 fnt\n|faint|p1a: Enamorus\n|-damage|p2a: Greninja|81\/100|[from] item: Life Orb\n|\n|upkeep\n|\n|t:|1701119733\n|switch|p1a: Iron Moth|Iron Moth|100\/100\n|-enditem|p1a: Iron Moth|Booster Energy\n|-activate|p1a: Iron Moth|ability: Quark Drive|[fromitem]\n|-start|p1a: Iron Moth|quarkdrivespe\n|turn|12\n|\n|t:|1701119736\n|move|p2a: Greninja|Extrasensory|p1a: Iron Moth\n|-supereffective|p1a: Iron Moth\n|-damage|p1a: Iron Moth|11\/100\n|-damage|p2a: Greninja|71\/100|[from] item: Life Orb\n|move|p1a: Iron Moth|Substitute|p1a: Iron Moth\n|-fail|p1a: Iron Moth|move: Substitute|[weak]\n|\n|upkeep\n|turn|13\n|\n|t:|1701119739\n|move|p2a: Greninja|Water Shuriken|p1a: Iron Moth\n|-supereffective|p1a: Iron Moth\n|-damage|p1a: Iron Moth|0 fnt\n|faint|p1a: Iron Moth\n|-end|p1a: Iron Moth|Quark Drive|[silent]\n|-hitcount|p1: Iron Moth|1\n|-damage|p2a: Greninja|61\/100|[from] item: Life Orb\n|\n|upkeep\n|\n|t:|1701119740\n|switch|p1a: Kingambit|Kingambit, F|100\/100\n|-activate|p1a: Kingambit|ability: Supreme Overlord\n|-start|p1a: Kingambit|fallen5|[silent]\n|turn|14\n|c|\u2606TY SM MY GUY|Wow\n|c|\u2606TY SM MY GUY|ur nuts\n|\n|t:|1701119747\n|move|p2a: Greninja|Water Shuriken|p1a: Kingambit\n|-damage|p1a: Kingambit|87\/100\n|-crit|p1a: Kingambit\n|-damage|p1a: Kingambit|68\/100\n|-damage|p1a: Kingambit|55\/100\n|-damage|p1a: Kingambit|40\/100\n|-hitcount|p1a: Kingambit|4\n|-damage|p2a: Greninja|51\/100|[from] item: Life Orb\n|move|p1a: Kingambit|Swords Dance|p1a: Kingambit\n|-boost|p1a: Kingambit|atk|2\n|\n|upkeep\n|turn|15\n|\n|t:|1701119752\n|move|p2a: Greninja|Water Shuriken|p1a: Kingambit\n|-damage|p1a: Kingambit|26\/100\n|-damage|p1a: Kingambit|14\/100\n|-hitcount|p1a: Kingambit|2\n|-damage|p2a: Greninja|42\/100|[from] item: Life Orb\n|move|p1a: Kingambit|Sucker Punch||[still]\n|-fail|p1a: Kingambit\n|\n|upkeep\n|turn|16\n|-message|PKNrandom forfeited.\n|\n|win|TY SM MY GUY\n|raw|PKNrandom's rating: 1121 &rarr; <strong>1101<\/strong><br \/>(-20 for losing)\n|raw|TY SM MY GUY's rating: 1189 &rarr; <strong>1209<\/strong><br \/>(+20 for winning)\n|l|\u2606PKNrandom\n|c|\u2606TY SM MY GUY|Bruh\n","uploadtime":1701119763,"views":3,"p1id":"pknrandom","p2id":"tysmmyguy","formatid":"gen9ou","rating":1101,"private":0,"password":""}