{"id":"gen9ou-1997114007","p1":"ShinyScarfy","p2":"Johm4","format":"[Gen 9] OU","log":"|j|\u2606ShinyScarfy\n|j|\u2606Johm4\n|t:|1700765897\n|gametype|singles\n|player|p1|ShinyScarfy|alec-anime|1348\n|player|p2|Johm4|fisherman-gen4|1445\n|teamsize|p1|6\n|teamsize|p2|6\n|gen|9\n|tier|[Gen 9] OU\n|rated|\n|rule|Sleep Clause Mod: Limit one foe put to sleep\n|rule|Species Clause: Limit one of each Pok\u00e9mon\n|rule|OHKO Clause: OHKO moves are banned\n|rule|Evasion Items Clause: Evasion items are banned\n|rule|Evasion Moves Clause: Evasion moves are banned\n|rule|Endless Battle Clause: Forcing endless battles is banned\n|rule|HP Percentage Mod: HP is shown in percentages\n|clearpoke\n|poke|p1|Zoroark-Hisui, M|\n|poke|p1|Arcanine-Hisui, F|\n|poke|p1|Mamoswine, F|\n|poke|p1|Torterra, M|\n|poke|p1|Garchomp, M|\n|poke|p1|Manaphy|\n|poke|p2|Garganacl, F|\n|poke|p2|Gholdengo|\n|poke|p2|Iron Valiant|\n|poke|p2|Dragonite, M|\n|poke|p2|Zapdos|\n|poke|p2|Great Tusk|\n|teampreview\n|inactive|Battle timer is ON: inactive players will automatically lose when time's up. (requested by ShinyScarfy)\n|inactive|Johm4 has 120 seconds left.\n|\n|t:|1700765932\n|start\n|switch|p1a: Manaphy|Manaphy|100\/100\n|switch|p2a: Great Tusk|Great Tusk|100\/100\n|turn|1\n|\n|t:|1700765949\n|move|p1a: Manaphy|Ice Beam|p2a: Great Tusk\n|-supereffective|p2a: Great Tusk\n|-damage|p2a: Great Tusk|11\/100\n|move|p2a: Great Tusk|Knock Off|p1a: Manaphy\n|-damage|p1a: Manaphy|68\/100\n|-enditem|p1a: Manaphy|Expert Belt|[from] move: Knock Off|[of] p2a: Great Tusk\n|\n|upkeep\n|turn|2\n|inactive|Johm4 has 120 seconds left.\n|\n|t:|1700765980\n|-end|p2a: Great Tusk|Protosynthesis|[silent]\n|switch|p2a: Iron Valiant|Iron Valiant|100\/100\n|move|p1a: Manaphy|Surf|p2a: Iron Valiant\n|-damage|p2a: Iron Valiant|18\/100\n|\n|upkeep\n|turn|3\n|inactive|Johm4 has 120 seconds left.\n|\n|t:|1700765990\n|-terastallize|p1a: Manaphy|Fire\n|move|p2a: Iron Valiant|Thunderbolt|p1a: Manaphy\n|-damage|p1a: Manaphy|40\/100\n|move|p1a: Manaphy|Surf|p2a: Iron Valiant\n|-damage|p2a: Iron Valiant|0 fnt\n|faint|p2a: Iron Valiant\n|-end|p2a: Iron Valiant|Quark Drive|[silent]\n|\n|upkeep\n|inactive|Johm4 has 120 seconds left.\n|\n|t:|1700766021\n|switch|p2a: Garganacl|Garganacl, F|100\/100\n|turn|4\n|\n|t:|1700766029\n|-terastallize|p2a: Garganacl|Water\n|move|p1a: Manaphy|Surf|p2a: Garganacl\n|-resisted|p2a: Garganacl\n|-damage|p2a: Garganacl|85\/100\n|move|p2a: Garganacl|Earthquake|p1a: Manaphy\n|-supereffective|p1a: Manaphy\n|-damage|p1a: Manaphy|0 fnt\n|faint|p1a: Manaphy\n|\n|-heal|p2a: Garganacl|91\/100|[from] item: Leftovers\n|upkeep\n|\n|t:|1700766032\n|switch|p1a: Torterra|Torterra, M, shiny|100\/100\n|turn|5\n|\n|t:|1700766044\n|move|p1a: Torterra|Shell Smash|p1a: Torterra\n|-unboost|p1a: Torterra|def|1\n|-unboost|p1a: Torterra|spd|1\n|-boost|p1a: Torterra|atk|2\n|-boost|p1a: Torterra|spa|2\n|-boost|p1a: Torterra|spe|2\n|-enditem|p1a: Torterra|White Herb\n|-clearnegativeboost|p1a: Torterra|[silent]\n|move|p2a: Garganacl|Curse|p2a: Garganacl\n|-unboost|p2a: Garganacl|spe|1\n|-boost|p2a: Garganacl|atk|1\n|-boost|p2a: Garganacl|def|1\n|\n|-heal|p2a: Garganacl|98\/100|[from] item: Leftovers\n|upkeep\n|turn|6\n|\n|t:|1700766058\n|move|p1a: Torterra|Shell Smash|p1a: Torterra\n|-unboost|p1a: Torterra|def|1\n|-unboost|p1a: Torterra|spd|1\n|-boost|p1a: Torterra|atk|2\n|-boost|p1a: Torterra|spa|2\n|-boost|p1a: Torterra|spe|2\n|move|p2a: Garganacl|Salt Cure|p1a: Torterra\n|-resisted|p1a: Torterra\n|-damage|p1a: Torterra|86\/100\n|-start|p1a: Torterra|Salt Cure\n|\n|-heal|p2a: Garganacl|100\/100|[from] item: Leftovers\n|-damage|p1a: Torterra|74\/100|[from] Salt Cure\n|upkeep\n|turn|7\n|\n|t:|1700766082\n|move|p1a: Torterra|Wood Hammer|p2a: Garganacl\n|-supereffective|p2a: Garganacl\n|-damage|p2a: Garganacl|0 fnt\n|faint|p2a: Garganacl\n|-damage|p1a: Torterra|34\/100|[from] Recoil\n|\n|-damage|p1a: Torterra|21\/100|[from] Salt Cure\n|upkeep\n|\n|t:|1700766090\n|switch|p2a: Dragonite|Dragonite, M|100\/100\n|turn|8\n|\n|t:|1700766093\n|move|p2a: Dragonite|Extreme Speed|p1a: Torterra\n|-damage|p1a: Torterra|0 fnt\n|faint|p1a: Torterra\n|\n|upkeep\n|\n|t:|1700766102\n|switch|p1a: Arcanine|Arcanine-Hisui, F|100\/100\n|turn|9\n|\n|t:|1700766117\n|move|p1a: Arcanine|Nasty Plot|p1a: Arcanine\n|-boost|p1a: Arcanine|spa|2\n|move|p2a: Dragonite|Dragon Dance|p2a: Dragonite\n|-boost|p2a: Dragonite|atk|1\n|-boost|p2a: Dragonite|spe|1\n|\n|upkeep\n|turn|10\n|\n|t:|1700766127\n|move|p2a: Dragonite|Earthquake|p1a: Arcanine\n|-enditem|p1a: Arcanine|Focus Sash\n|-damage|p1a: Arcanine|1\/100\n|replace|p1a: Zoroark|Zoroark-Hisui, M\n|-end|p1a: Zoroark|Illusion\n|move|p1a: Zoroark|Hyper Voice|p2a: Dragonite\n|-damage|p2a: Dragonite|52\/100\n|\n|upkeep\n|turn|11\n|\n|t:|1700766141\n|move|p2a: Dragonite|Earthquake|p1a: Zoroark\n|-damage|p1a: Zoroark|0 fnt\n|faint|p1a: Zoroark\n|\n|upkeep\n|\n|t:|1700766153\n|switch|p1a: Garchomp|Garchomp, M|100\/100\n|turn|12\n|\n|t:|1700766161\n|move|p2a: Dragonite|Ice Spinner|p1a: Garchomp\n|-supereffective|p1a: Garchomp\n|-damage|p1a: Garchomp|0 fnt\n|-damage|p2a: Dragonite|40\/100|[from] ability: Rough Skin|[of] p1a: Garchomp\n|-damage|p2a: Dragonite|23\/100|[from] item: Rocky Helmet|[of] p1a: Garchomp\n|faint|p1a: Garchomp\n|\n|upkeep\n|\n|t:|1700766166\n|switch|p1a: Mamoswine|Mamoswine, F|100\/100\n|turn|13\n|\n|t:|1700766176\n|move|p1a: Mamoswine|Ice Shard|p2a: Dragonite\n|-supereffective|p2a: Dragonite\n|-crit|p2a: Dragonite\n|-damage|p2a: Dragonite|0 fnt\n|faint|p2a: Dragonite\n|\n|upkeep\n|inactive|Johm4 has 120 seconds left.\n|\n|t:|1700766189\n|switch|p2a: Gholdengo|Gholdengo|100\/100\n|-item|p2a: Gholdengo|Air Balloon\n|turn|14\n|\n|t:|1700766194\n|move|p1a: Mamoswine|Ice Shard|p2a: Gholdengo\n|-resisted|p2a: Gholdengo\n|-damage|p2a: Gholdengo|92\/100\n|-enditem|p2a: Gholdengo|Air Balloon\n|move|p2a: Gholdengo|Make It Rain|p1a: Mamoswine\n|-supereffective|p1a: Mamoswine\n|-damage|p1a: Mamoswine|1\/100\n|-unboost|p2a: Gholdengo|spa|1\n|\n|upkeep\n|turn|15\n|inactive|Johm4 has 120 seconds left.\n|inactive|Johm4 has 90 seconds left.\n|inactive|Johm4 has 60 seconds left.\n|\n|t:|1700766288\n|move|p1a: Mamoswine|Ice Shard|p2a: Gholdengo\n|-resisted|p2a: Gholdengo\n|-damage|p2a: Gholdengo|84\/100\n|move|p2a: Gholdengo|Shadow Ball|p1a: Mamoswine\n|-damage|p1a: Mamoswine|0 fnt\n|faint|p1a: Mamoswine\n|\n|upkeep\n|\n|t:|1700766293\n|switch|p1a: Arcanine|Arcanine-Hisui, F|100\/100\n|turn|16\n|inactive|Johm4 has 60 seconds left.\n|\n|t:|1700766300\n|move|p1a: Arcanine|Flare Blitz|p2a: Gholdengo\n|-supereffective|p2a: Gholdengo\n|-damage|p2a: Gholdengo|0 fnt\n|faint|p2a: Gholdengo\n|\n|upkeep\n|inactive|Johm4 has 60 seconds left.\n|\n|t:|1700766313\n|switch|p2a: Zapdos|Zapdos|100\/100\n|turn|17\n|inactive|Johm4 has 60 seconds left.\n|\n|t:|1700766323\n|move|p1a: Arcanine|Flare Blitz|p2a: Zapdos\n|-damage|p2a: Zapdos|15\/100\n|move|p2a: Zapdos|Discharge|p1a: Arcanine\n|-damage|p1a: Arcanine|56\/100\n|\n|upkeep\n|turn|18\n|inactive|Johm4 has 60 seconds left.\n|\n|t:|1700766330\n|move|p1a: Arcanine|Flare Blitz|p2a: Zapdos\n|-damage|p2a: Zapdos|0 fnt\n|faint|p2a: Zapdos\n|\n|upkeep\n|inactive|Johm4 has 60 seconds left.\n|c|\u2606Johm4|no para...\n|\n|t:|1700766349\n|switch|p2a: Great Tusk|Great Tusk|11\/100\n|turn|19\n|\n|t:|1700766353\n|move|p1a: Arcanine|Flare Blitz|p2a: Great Tusk\n|-damage|p2a: Great Tusk|0 fnt\n|faint|p2a: Great Tusk\n|-end|p2a: Great Tusk|Protosynthesis|[silent]\n|\n|win|ShinyScarfy\n|raw|ShinyScarfy's rating: 1348 &rarr; <strong>1373<\/strong><br \/>(+25 for winning)\n|raw|Johm4's rating: 1445 &rarr; <strong>1420<\/strong><br \/>(-25 for losing)\n|c|\u2606ShinyScarfy|Gg\n|c|\u2606Johm4|gg\n","uploadtime":1700766366,"views":4,"p1id":"shinyscarfy","p2id":"johm4","formatid":"gen9ou","rating":1373,"private":0,"password":""}