{"id":"gen9ou-1989356876","p1":"Bartre-God-Dio-NL","p2":"Vredge","format":"[Gen 9] OU","log":"|j|\u2606Bartre-God-Dio-NL\n|j|\u2606Vredge\n|t:|1699840214\n|gametype|singles\n|player|p1|Bartre-God-Dio-NL|leaf-masters|1422\n|player|p2|Vredge|hilbert-wonderlauncher|1562\n|teamsize|p1|6\n|teamsize|p2|6\n|gen|9\n|tier|[Gen 9] OU\n|rated|\n|rule|Sleep Clause Mod: Limit one foe put to sleep\n|rule|Species Clause: Limit one of each Pok\u00e9mon\n|rule|OHKO Clause: OHKO moves are banned\n|rule|Evasion Items Clause: Evasion items are banned\n|rule|Evasion Moves Clause: Evasion moves are banned\n|rule|Endless Battle Clause: Forcing endless battles is banned\n|rule|HP Percentage Mod: HP is shown in percentages\n|clearpoke\n|poke|p1|Gholdengo|\n|poke|p1|Garganacl, M|\n|poke|p1|Cinderace, M|\n|poke|p1|Manaphy|\n|poke|p1|Iron Moth|\n|poke|p1|Dragonite, F|\n|poke|p2|Dragapult, M|\n|poke|p2|Greninja-*, M|\n|poke|p2|Iron Treads|\n|poke|p2|Iron Valiant|\n|poke|p2|Samurott-Hisui, M|\n|poke|p2|Iron Moth|\n|teampreview\n|inactive|Battle timer is ON: inactive players will automatically lose when time's up. (requested by Vredge)\n|inactive|Bartre-God-Dio-NL also wants the timer to be on.\n|\n|t:|1699840221\n|start\n|switch|p1a: Manaphy|Manaphy|100\/100\n|switch|p2a: hk|Dragapult, M|100\/100\n|turn|1\n|\n|t:|1699840223\n|move|p2a: hk|Substitute|p2a: hk\n|-start|p2a: hk|Substitute\n|-damage|p2a: hk|76\/100\n|move|p1a: Manaphy|Ice Beam|p2a: hk\n|-supereffective|p2a: hk\n|-end|p2a: hk|Substitute\n|\n|-heal|p2a: hk|82\/100|[from] item: Leftovers\n|upkeep\n|turn|2\n|\n|t:|1699840232\n|switch|p2a: m4|Greninja, M|100\/100\n|move|p1a: Manaphy|Ice Beam|p2a: m4\n|-resisted|p2a: m4\n|-damage|p2a: m4|77\/100\n|\n|upkeep\n|turn|3\n|\n|t:|1699840234\n|move|p2a: m4|Dark Pulse|p1a: Manaphy\n|-damage|p1a: Manaphy|62\/100\n|-damage|p2a: m4|68\/100|[from] item: Life Orb\n|cant|p1a: Manaphy|flinch\n|\n|-heal|p1a: Manaphy|68\/100|[from] item: Leftovers\n|upkeep\n|turn|4\n|\n|t:|1699840240\n|move|p2a: m4|Dark Pulse|p1a: Manaphy\n|-damage|p1a: Manaphy|29\/100\n|-damage|p2a: m4|58\/100|[from] item: Life Orb\n|move|p1a: Manaphy|Energy Ball|p2a: m4\n|-supereffective|p2a: m4\n|-damage|p2a: m4|0 fnt\n|faint|p2a: m4\n|\n|-heal|p1a: Manaphy|35\/100|[from] item: Leftovers\n|upkeep\n|\n|t:|1699840249\n|switch|p2a: hk|Dragapult, M|82\/100\n|turn|5\n|\n|t:|1699840252\n|switch|p1a: Gholdengo|Gholdengo|100\/100\n|move|p2a: hk|Dragon Darts|p1a: Gholdengo\n|-resisted|p1a: Gholdengo\n|-damage|p1a: Gholdengo|86\/100\n|-anim|p2a: hk|Dragon Darts|p1a: Gholdengo\n|-resisted|p1a: Gholdengo\n|-damage|p1a: Gholdengo|74\/100\n|\n|-heal|p2a: hk|88\/100|[from] item: Leftovers\n|-heal|p1a: Gholdengo|80\/100|[from] item: Leftovers\n|upkeep\n|turn|6\n|\n|t:|1699840257\n|switch|p1a: Garganacl|Garganacl, M, shiny|100\/100\n|move|p2a: hk|Substitute|p2a: hk\n|-start|p2a: hk|Substitute\n|-damage|p2a: hk|63\/100\n|\n|-heal|p2a: hk|69\/100|[from] item: Leftovers\n|upkeep\n|turn|7\n|\n|t:|1699840262\n|switch|p1a: Manaphy|Manaphy|35\/100\n|move|p2a: hk|Dragon Dance|p2a: hk\n|-boost|p2a: hk|atk|1\n|-boost|p2a: hk|spe|1\n|\n|-heal|p2a: hk|75\/100|[from] item: Leftovers\n|-heal|p1a: Manaphy|42\/100|[from] item: Leftovers\n|upkeep\n|turn|8\n|\n|t:|1699840264\n|move|p2a: hk|Dragon Darts|p1a: Manaphy\n|-damage|p1a: Manaphy|5\/100\n|-anim|p2a: hk|Dragon Darts|p1a: Manaphy\n|-damage|p1a: Manaphy|0 fnt\n|faint|p1a: Manaphy\n|\n|-heal|p2a: hk|81\/100|[from] item: Leftovers\n|upkeep\n|\n|t:|1699840270\n|switch|p1a: Iron Moth|Iron Moth|100\/100\n|-enditem|p1a: Iron Moth|Booster Energy\n|-activate|p1a: Iron Moth|ability: Quark Drive|[fromitem]\n|-start|p1a: Iron Moth|quarkdrivespe\n|turn|9\n|\n|t:|1699840278\n|move|p2a: hk|Phantom Force||[still]\n|-prepare|p2a: hk|Phantom Force\n|move|p1a: Iron Moth|Dazzling Gleam|p2a: hk|[miss]\n|-miss|p1a: Iron Moth|p2a: hk\n|\n|-heal|p2a: hk|87\/100|[from] item: Leftovers\n|upkeep\n|turn|10\n|\n|t:|1699840284\n|move|p2a: hk|Phantom Force|p1a: Iron Moth|[from]lockedmove\n|-damage|p1a: Iron Moth|0 fnt\n|faint|p1a: Iron Moth\n|-end|p1a: Iron Moth|Quark Drive|[silent]\n|\n|-heal|p2a: hk|93\/100|[from] item: Leftovers\n|upkeep\n|\n|t:|1699840286\n|switch|p1a: Garganacl|Garganacl, M, shiny|100\/100\n|turn|11\n|\n|t:|1699840288\n|move|p2a: hk|Dragon Darts|p1a: Garganacl\n|-damage|p1a: Garganacl|76\/100\n|-anim|p2a: hk|Dragon Darts|p1a: Garganacl\n|-damage|p1a: Garganacl|53\/100\n|move|p1a: Garganacl|Iron Defense|p1a: Garganacl\n|-boost|p1a: Garganacl|def|2\n|\n|-heal|p2a: hk|99\/100|[from] item: Leftovers\n|-heal|p1a: Garganacl|60\/100|[from] item: Leftovers\n|upkeep\n|turn|12\n|\n|t:|1699840297\n|switch|p2a: flintlock|Iron Treads|100\/100\n|move|p1a: Garganacl|Recover|p1a: Garganacl\n|-heal|p1a: Garganacl|100\/100\n|\n|upkeep\n|turn|13\n|\n|t:|1699840299\n|move|p2a: flintlock|Steel Beam|p1a: Garganacl\n|-supereffective|p1a: Garganacl\n|-damage|p1a: Garganacl|48\/100\n|-damage|p2a: flintlock|50\/100|[from] steelbeam\n|move|p1a: Garganacl|Iron Defense|p1a: Garganacl\n|-boost|p1a: Garganacl|def|2\n|\n|-heal|p1a: Garganacl|54\/100|[from] item: Leftovers\n|upkeep\n|turn|14\n|\n|t:|1699840306\n|-terastallize|p1a: Garganacl|Flying\n|move|p2a: flintlock|Stealth Rock|p1a: Garganacl\n|-sidestart|p1: Bartre-God-Dio-NL|move: Stealth Rock\n|move|p1a: Garganacl|Recover|p1a: Garganacl\n|-heal|p1a: Garganacl|100\/100\n|\n|upkeep\n|turn|15\n|\n|t:|1699840312\n|move|p2a: flintlock|Steel Beam|p1a: Garganacl\n|-damage|p1a: Garganacl|76\/100\n|-damage|p2a: flintlock|0 fnt|[from] steelbeam\n|faint|p2a: flintlock\n|-end|p2a: flintlock|Quark Drive|[silent]\n|move|p1a: Garganacl|Body Press|p2: flintlock|[notarget]\n|-fail|p1a: Garganacl\n|\n|-heal|p1a: Garganacl|82\/100|[from] item: Leftovers\n|upkeep\n|\n|t:|1699840317\n|switch|p2a: mp412|Iron Moth|100\/100\n|-enditem|p2a: mp412|Booster Energy\n|-activate|p2a: mp412|ability: Quark Drive|[fromitem]\n|-start|p2a: mp412|quarkdrivespe\n|turn|16\n|\n|t:|1699840319\n|move|p2a: mp412|Fiery Dance|p1a: Garganacl\n|-damage|p1a: Garganacl|49\/100\n|-boost|p2a: mp412|spa|1\n|move|p1a: Garganacl|Salt Cure|p2a: mp412\n|-supereffective|p2a: mp412\n|-damage|p2a: mp412|60\/100\n|-start|p2a: mp412|Salt Cure\n|\n|-heal|p1a: Garganacl|55\/100|[from] item: Leftovers\n|-damage|p2a: mp412|48\/100|[from] Salt Cure\n|upkeep\n|turn|17\n|\n|t:|1699840326\n|move|p2a: mp412|Fiery Dance|p1a: Garganacl\n|-damage|p1a: Garganacl|6\/100\n|-boost|p2a: mp412|spa|1\n|move|p1a: Garganacl|Recover|p1a: Garganacl\n|-heal|p1a: Garganacl|56\/100\n|\n|-heal|p1a: Garganacl|62\/100|[from] item: Leftovers\n|-damage|p2a: mp412|35\/100|[from] Salt Cure\n|upkeep\n|turn|18\n|\n|t:|1699840333\n|switch|p1a: Dragonite|Dragonite, F|100\/100\n|-damage|p1a: Dragonite|76\/100|[from] Stealth Rock\n|move|p2a: mp412|Fiery Dance|p1a: Dragonite\n|-resisted|p1a: Dragonite\n|-damage|p1a: Dragonite|30\/100\n|-boost|p2a: mp412|spa|1\n|\n|-damage|p2a: mp412|23\/100|[from] Salt Cure\n|upkeep\n|turn|19\n|\n|t:|1699840349\n|move|p2a: mp412|Fiery Dance|p1a: Dragonite\n|-resisted|p1a: Dragonite\n|-damage|p1a: Dragonite|0 fnt\n|-boost|p2a: mp412|spa|1\n|faint|p1a: Dragonite\n|\n|-damage|p2a: mp412|11\/100|[from] Salt Cure\n|upkeep\n|\n|t:|1699840355\n|switch|p1a: Cinderace|Cinderace, M|100\/100\n|turn|20\n|\n|t:|1699840358\n|move|p2a: mp412|Psychic|p1a: Cinderace\n|-damage|p1a: Cinderace|0 fnt\n|faint|p1a: Cinderace\n|\n|-damage|p2a: mp412|0 fnt|[from] Salt Cure\n|faint|p2a: mp412\n|-end|p2a: mp412|Quark Drive|[silent]\n|upkeep\n|\n|t:|1699840364\n|switch|p1a: Gholdengo|Gholdengo|80\/100\n|switch|p2a: fal|Samurott-Hisui, M|100\/100\n|-damage|p1a: Gholdengo|74\/100|[from] Stealth Rock\n|turn|21\n|\n|t:|1699840367\n|move|p2a: fal|Substitute|p2a: fal\n|-start|p2a: fal|Substitute\n|-damage|p2a: fal|76\/100\n|move|p1a: Gholdengo|Recover|p1a: Gholdengo\n|-heal|p1a: Gholdengo|100\/100\n|\n|-heal|p2a: fal|82\/100|[from] item: Leftovers\n|upkeep\n|turn|22\n|c|\u2606Bartre-God-Dio-NL|bruh can you stop subbing jesus fucken christ\n|-message|Bartre-God-Dio-NL forfeited.\n|\n|win|Vredge\n|raw|Bartre-God-Dio-NL's rating: 1422 &rarr; <strong>1410<\/strong><br \/>(-12 for losing)\n|raw|Vredge's rating: 1562 &rarr; <strong>1574<\/strong><br \/>(+12 for winning)\n","uploadtime":1699840380,"views":6,"p1id":"bartregoddionl","p2id":"vredge","formatid":"gen9ou","rating":1410,"private":0,"password":""}