{"id":"gen9ou-1988673327","p1":"wk1045","p2":"vivitheblackmage","format":"[Gen 9] OU","log":"|j|\u2606wk1045\n|j|\u2606vivitheblackmage\n|t:|1699748978\n|gametype|singles\n|player|p1|wk1045|169|1308\n|player|p2|vivitheblackmage|265|1221\n|teamsize|p1|6\n|teamsize|p2|6\n|gen|9\n|tier|[Gen 9] OU\n|rated|\n|rule|Sleep Clause Mod: Limit one foe put to sleep\n|rule|Species Clause: Limit one of each Pok\u00e9mon\n|rule|OHKO Clause: OHKO moves are banned\n|rule|Evasion Items Clause: Evasion items are banned\n|rule|Evasion Moves Clause: Evasion moves are banned\n|rule|Endless Battle Clause: Forcing endless battles is banned\n|rule|HP Percentage Mod: HP is shown in percentages\n|clearpoke\n|poke|p1|Ribombee, F|\n|poke|p1|Gholdengo|\n|poke|p1|Iron Valiant|\n|poke|p1|Ogerpon-Wellspring, F|\n|poke|p1|Kingambit, M|\n|poke|p1|Iron Moth|\n|poke|p2|Ceruledge, F|\n|poke|p2|Rillaboom, M|\n|poke|p2|Ogerpon-Cornerstone, F|\n|poke|p2|Sneasler, F|\n|poke|p2|Iron Treads|\n|poke|p2|Electrode-Hisui|\n|teampreview\n|l|\u2606vivitheblackmage\n|player|p2|\n|j|\u2606vivitheblackmage\n|player|p2|vivitheblackmage|265\n|\n|t:|1699748997\n|start\n|switch|p1a: Ribombee|Ribombee, F|100\/100\n|switch|p2a: Rillaboom|Rillaboom, M|100\/100\n|-fieldstart|move: Grassy Terrain|[from] ability: Grassy Surge|[of] p2a: Rillaboom\n|turn|1\n|inactive|Battle timer is ON: inactive players will automatically lose when time's up. (requested by vivitheblackmage)\n|\n|t:|1699749022\n|move|p1a: Ribombee|Sticky Web|p2a: Rillaboom\n|-sidestart|p2: vivitheblackmage|move: Sticky Web\n|move|p2a: Rillaboom|Taunt|p1a: Ribombee\n|-start|p1a: Ribombee|move: Taunt\n|\n|upkeep\n|turn|2\n|\n|t:|1699749030\n|move|p1a: Ribombee|Moonblast|p2a: Rillaboom\n|-damage|p2a: Rillaboom|45\/100\n|move|p2a: Rillaboom|U-turn|p1a: Ribombee\n|-resisted|p1a: Ribombee\n|-damage|p1a: Ribombee|77\/100\n|\n|t:|1699749039\n|switch|p2a: Ceruledge|Ceruledge, F|100\/100|[from] U-turn\n|\n|-heal|p1a: Ribombee|83\/100|[from] Grassy Terrain\n|upkeep\n|turn|3\n|\n|t:|1699749050\n|switch|p1a: Iron Moth|Iron Moth|100\/100\n|-enditem|p1a: Iron Moth|Booster Energy\n|-activate|p1a: Iron Moth|ability: Quark Drive|[fromitem]\n|-start|p1a: Iron Moth|quarkdrivespe\n|move|p2a: Ceruledge|Bulk Up|p2a: Ceruledge\n|-boost|p2a: Ceruledge|atk|1\n|-boost|p2a: Ceruledge|def|1\n|\n|upkeep\n|turn|4\n|\n|t:|1699749071\n|move|p1a: Iron Moth|Substitute|p1a: Iron Moth\n|-start|p1a: Iron Moth|Substitute\n|-damage|p1a: Iron Moth|76\/100\n|move|p2a: Ceruledge|Taunt|p1a: Iron Moth\n|-start|p1a: Iron Moth|move: Taunt\n|\n|-heal|p1a: Iron Moth|82\/100|[from] Grassy Terrain\n|upkeep\n|turn|5\n|\n|t:|1699749082\n|move|p2a: Ceruledge|Shadow Sneak|p1a: Iron Moth\n|-end|p1a: Iron Moth|Substitute\n|move|p1a: Iron Moth|Sludge Wave|p2a: Ceruledge\n|-resisted|p2a: Ceruledge\n|-damage|p2a: Ceruledge|85\/100\n|\n|-heal|p1a: Iron Moth|88\/100|[from] Grassy Terrain\n|-heal|p2a: Ceruledge|91\/100|[from] Grassy Terrain\n|upkeep\n|turn|6\n|inactive|wk1045 has 120 seconds left.\n|\n|t:|1699749122\n|move|p1a: Iron Moth|Sludge Wave|p2a: Ceruledge\n|-resisted|p2a: Ceruledge\n|-damage|p2a: Ceruledge|73\/100\n|move|p2a: Ceruledge|Bulk Up|p2a: Ceruledge\n|-boost|p2a: Ceruledge|atk|1\n|-boost|p2a: Ceruledge|def|1\n|\n|-heal|p1a: Iron Moth|94\/100|[from] Grassy Terrain\n|-heal|p2a: Ceruledge|79\/100|[from] Grassy Terrain\n|upkeep\n|turn|7\n|\n|t:|1699749132\n|-end|p1a: Iron Moth|Quark Drive|[silent]\n|switch|p1a: Iron Valiant|Iron Valiant|100\/100\n|-enditem|p1a: Iron Valiant|Booster Energy\n|-activate|p1a: Iron Valiant|ability: Quark Drive|[fromitem]\n|-start|p1a: Iron Valiant|quarkdrivespe\n|move|p2a: Ceruledge|Shadow Sneak|p1a: Iron Valiant\n|-damage|p1a: Iron Valiant|60\/100\n|\n|-heal|p1a: Iron Valiant|66\/100|[from] Grassy Terrain\n|-heal|p2a: Ceruledge|86\/100|[from] Grassy Terrain\n|upkeep\n|turn|8\n|\n|t:|1699749147\n|move|p1a: Iron Valiant|Encore|p2a: Ceruledge\n|-start|p2a: Ceruledge|Encore\n|move|p2a: Ceruledge|Shadow Sneak|p1a: Iron Valiant\n|-damage|p1a: Iron Valiant|26\/100\n|\n|-heal|p1a: Iron Valiant|33\/100|[from] Grassy Terrain\n|-heal|p2a: Ceruledge|92\/100|[from] Grassy Terrain\n|-fieldend|move: Grassy Terrain\n|upkeep\n|turn|9\n|inactive|wk1045 has 120 seconds left.\n|\n|t:|1699749177\n|-end|p1a: Iron Valiant|Quark Drive|[silent]\n|switch|p1a: Kingambit|Kingambit, M|100\/100\n|move|p2a: Ceruledge|Shadow Sneak|p1a: Kingambit\n|-resisted|p1a: Kingambit\n|-damage|p1a: Kingambit|87\/100\n|\n|-heal|p1a: Kingambit|93\/100|[from] item: Leftovers\n|upkeep\n|turn|10\n|\n|t:|1699749194\n|move|p2a: Ceruledge|Shadow Sneak|p1a: Kingambit\n|-resisted|p1a: Kingambit\n|-damage|p1a: Kingambit|79\/100\n|move|p1a: Kingambit|Sucker Punch||[still]\n|-fail|p1a: Kingambit\n|\n|-heal|p1a: Kingambit|85\/100|[from] item: Leftovers\n|-end|p2a: Ceruledge|Encore\n|upkeep\n|turn|11\n|inactive|wk1045 has 90 seconds left.\n|\n|t:|1699749223\n|-end|p1a: Kingambit|fallenundefined|[silent]\n|switch|p1a: Iron Moth|Iron Moth|94\/100\n|move|p2a: Ceruledge|Bitter Blade|p1a: Iron Moth\n|-resisted|p1a: Iron Moth\n|-damage|p1a: Iron Moth|41\/100\n|-heal|p2a: Ceruledge|100\/100|[from] drain|[of] p1a: Iron Moth\n|\n|upkeep\n|turn|12\n|inactive|wk1045 has 90 seconds left.\n|\n|t:|1699749235\n|move|p2a: Ceruledge|Shadow Sneak|p1a: Iron Moth\n|-damage|p1a: Iron Moth|0 fnt\n|faint|p1a: Iron Moth\n|-end|p1a: Iron Moth|Quark Drive|[silent]\n|\n|upkeep\n|inactive|wk1045 has 90 seconds left.\n|\n|t:|1699749240\n|switch|p1a: Ogerpon|Ogerpon-Wellspring, F|100\/100\n|turn|13\n|inactive|wk1045 has 90 seconds left.\n|\n|t:|1699749259\n|move|p1a: Ogerpon|Ivy Cudgel|p2a: Ceruledge\n|-supereffective|p2a: Ceruledge\n|-damage|p2a: Ceruledge|26\/100\n|move|p2a: Ceruledge|Bitter Blade|p1a: Ogerpon\n|-damage|p1a: Ogerpon|5\/100\n|-heal|p2a: Ceruledge|67\/100|[from] drain|[of] p1a: Ogerpon\n|\n|upkeep\n|turn|14\n|inactive|wk1045 has 90 seconds left.\n|\n|t:|1699749276\n|switch|p1a: Ribombee|Ribombee, F|83\/100\n|move|p2a: Ceruledge|Shadow Sneak|p1a: Ribombee\n|-damage|p1a: Ribombee|16\/100\n|\n|upkeep\n|turn|15\n|inactive|wk1045 has 90 seconds left.\n|\n|t:|1699749285\n|move|p2a: Ceruledge|Shadow Sneak|p1a: Ribombee\n|-damage|p1a: Ribombee|0 fnt\n|faint|p1a: Ribombee\n|\n|upkeep\n|inactive|wk1045 has 90 seconds left.\n|\n|t:|1699749298\n|switch|p1a: Iron Valiant|Iron Valiant|33\/100\n|turn|16\n|inactive|wk1045 has 90 seconds left.\n|\n|t:|1699749305\n|move|p2a: Ceruledge|Shadow Sneak|p1a: Iron Valiant\n|-damage|p1a: Iron Valiant|0 fnt\n|faint|p1a: Iron Valiant\n|-end|p1a: Iron Valiant|Quark Drive|[silent]\n|\n|upkeep\n|inactive|wk1045 has 90 seconds left.\n|\n|t:|1699749311\n|switch|p1a: Gholdengo|Gholdengo|100\/100\n|-item|p1a: Gholdengo|Air Balloon\n|turn|17\n|inactive|wk1045 has 90 seconds left.\n|\n|t:|1699749330\n|-terastallize|p1a: Gholdengo|Fairy\n|move|p1a: Gholdengo|Shadow Ball|p2a: Ceruledge\n|-supereffective|p2a: Ceruledge\n|-damage|p2a: Ceruledge|6\/100\n|move|p2a: Ceruledge|Bitter Blade|p1a: Gholdengo\n|-damage|p1a: Gholdengo|22\/100\n|-heal|p2a: Ceruledge|40\/100|[from] drain|[of] p1a: Gholdengo\n|-enditem|p1a: Gholdengo|Air Balloon\n|\n|upkeep\n|turn|18\n|\n|t:|1699749339\n|move|p2a: Ceruledge|Shadow Sneak|p1a: Gholdengo\n|-damage|p1a: Gholdengo|0 fnt\n|faint|p1a: Gholdengo\n|\n|upkeep\n|\n|t:|1699749344\n|switch|p1a: Kingambit|Kingambit, M|85\/100\n|-activate|p1a: Kingambit|ability: Supreme Overlord\n|-start|p1a: Kingambit|fallen4|[silent]\n|turn|19\n|\n|t:|1699749356\n|-terastallize|p2a: Ceruledge|Bug\n|move|p2a: Ceruledge|Bitter Blade|p1a: Kingambit\n|-supereffective|p1a: Kingambit\n|-damage|p1a: Kingambit|0 fnt\n|-heal|p2a: Ceruledge|81\/100|[from] drain|[of] p1a: Kingambit\n|faint|p1a: Kingambit\n|-end|p1a: Kingambit|fallen4|[silent]\n|\n|upkeep\n|-message|wk1045 forfeited.\n|\n|win|vivitheblackmage\n|raw|wk1045's rating: 1308 &rarr; <strong>1283<\/strong><br \/>(-25 for losing)\n|raw|vivitheblackmage's rating: 1221 &rarr; <strong>1252<\/strong><br \/>(+31 for winning)\n|l|\u2606wk1045\n","uploadtime":1699749377,"views":9,"p1id":"wk1045","p2id":"vivitheblackmage","formatid":"gen9ou","rating":1252,"private":0,"password":""}