{"id":"gen9ou-1991198131","p1":"PeterGriffinOnline","p2":"UnexpectdSets","format":"[Gen 9] OU","log":"|j|\u2606PeterGriffinOnline\n|j|\u2606UnexpectdSets\n|t:|1700056216\n|gametype|singles\n|player|p1|PeterGriffinOnline|boarder|1215\n|player|p2|UnexpectdSets|ninjaboy|1194\n|teamsize|p1|6\n|teamsize|p2|6\n|gen|9\n|tier|[Gen 9] OU\n|rated|\n|rule|Sleep Clause Mod: Limit one foe put to sleep\n|rule|Species Clause: Limit one of each Pok\u00e9mon\n|rule|OHKO Clause: OHKO moves are banned\n|rule|Evasion Items Clause: Evasion items are banned\n|rule|Evasion Moves Clause: Evasion moves are banned\n|rule|Endless Battle Clause: Forcing endless battles is banned\n|rule|HP Percentage Mod: HP is shown in percentages\n|clearpoke\n|poke|p1|Rillaboom, M|\n|poke|p1|Greninja-*, M|\n|poke|p1|Sneasler, M|\n|poke|p1|Slowking-Galar, M|\n|poke|p1|Heatran, M|\n|poke|p1|Great Tusk|\n|poke|p2|Overqwil, M|\n|poke|p2|Weezing-Galar, F|\n|poke|p2|Inteleon, M|\n|poke|p2|Rotom-Heat|\n|poke|p2|Tinkaton, F|\n|poke|p2|Ceruledge, M|\n|teampreview\n|\n|t:|1700056234\n|start\n|switch|p1a: Rillaboom|Rillaboom, M|100\/100\n|switch|p2a: Toxic Spiker|Overqwil, M|100\/100\n|-fieldstart|move: Grassy Terrain|[from] ability: Grassy Surge|[of] p1a: Rillaboom\n|-ability|p2a: Toxic Spiker|Intimidate|boost\n|-unboost|p1a: Rillaboom|atk|1\n|turn|1\n|\n|t:|1700056243\n|switch|p1a: Slowking|Slowking-Galar, M|100\/100\n|move|p2a: Toxic Spiker|Barb Barrage|p1a: Slowking\n|-resisted|p1a: Slowking\n|-damage|p1a: Slowking|87\/100\n|\n|-heal|p1a: Slowking|93\/100|[from] Grassy Terrain\n|upkeep\n|turn|2\n|\n|t:|1700056251\n|move|p2a: Toxic Spiker|Lash Out|p1a: Slowking\n|-supereffective|p1a: Slowking\n|-damage|p1a: Slowking|21\/100\n|move|p1a: Slowking|Future Sight|p2a: Toxic Spiker\n|-start|p1a: Slowking|move: Future Sight\n|\n|-heal|p1a: Slowking|27\/100|[from] Grassy Terrain\n|upkeep\n|turn|3\n|\n|t:|1700056258\n|switch|p1a: Sneasler|Sneasler, M, shiny|100\/100\n|-enditem|p1a: Sneasler|Grassy Seed\n|-boost|p1a: Sneasler|def|1|[from] item: Grassy Seed\n|move|p2a: Toxic Spiker|Lash Out|p1a: Sneasler\n|-resisted|p1a: Sneasler\n|-damage|p1a: Sneasler|83\/100\n|\n|-heal|p1a: Sneasler|89\/100|[from] Grassy Terrain\n|upkeep\n|turn|4\n|\n|t:|1700056291\n|switch|p2a: Elite Weedsmoke|Weezing-Galar, F|100\/100\n|move|p1a: Sneasler|Swords Dance|p1a: Sneasler\n|-boost|p1a: Sneasler|atk|2\n|\n|-end|p2a: Elite Weedsmoke|move: Future Sight\n|-supereffective|p2a: Elite Weedsmoke\n|-damage|p2a: Elite Weedsmoke|3\/100\n|-heal|p1a: Sneasler|95\/100|[from] Grassy Terrain\n|-heal|p2a: Elite Weedsmoke|9\/100|[from] item: Leftovers\n|upkeep\n|turn|5\n|\n|t:|1700056301\n|move|p1a: Sneasler|Shadow Claw|p2a: Elite Weedsmoke\n|-damage|p2a: Elite Weedsmoke|0 fnt\n|faint|p2a: Elite Weedsmoke\n|\n|-heal|p1a: Sneasler|100\/100|[from] Grassy Terrain\n|-fieldend|move: Grassy Terrain\n|upkeep\n|inactive|Battle timer is ON: inactive players will automatically lose when time's up. (requested by UnexpectdSets)\n|c|\u2606PeterGriffinOnline|why u turn on the timer?\n|\n|t:|1700056335\n|switch|p2a: Toxic Spiker|Overqwil, M|100\/100\n|-ability|p2a: Toxic Spiker|Intimidate|boost\n|-unboost|p1a: Sneasler|atk|1\n|turn|6\n|c|\u2606PeterGriffinOnline|i am waiting on you\n|\n|t:|1700056350\n|move|p1a: Sneasler|Swords Dance|p1a: Sneasler\n|-boost|p1a: Sneasler|atk|2\n|move|p2a: Toxic Spiker|Barb Barrage|p1a: Sneasler\n|-resisted|p1a: Sneasler\n|-damage|p1a: Sneasler|86\/100\n|\n|upkeep\n|turn|7\n|-message|UnexpectdSets forfeited.\n|\n|win|PeterGriffinOnline\n|raw|PeterGriffinOnline's rating: 1215 &rarr; <strong>1238<\/strong><br \/>(+23 for winning)\n|raw|UnexpectdSets's rating: 1194 &rarr; <strong>1171<\/strong><br \/>(-23 for losing)\n|l|\u2606UnexpectdSets\n","uploadtime":1700056359,"views":5,"p1id":"petergriffinonline","p2id":"unexpectdsets","formatid":"gen9ou","rating":1171,"private":0,"password":""}