{"id":"gen9ou-1994344261","p1":"grass knot zygarde","p2":"ss_wobblewok","format":"[Gen 9] OU","log":"|j|\u2606grass knot zygarde\n|j|\u2606ss_wobblewok\n|t:|1700433318\n|gametype|singles\n|player|p1|grass knot zygarde|harlequin|\n|player|p2|ss_wobblewok|parasollady|\n|teamsize|p1|6\n|teamsize|p2|6\n|gen|9\n|tier|[Gen 9] OU\n|rule|Sleep Clause Mod: Limit one foe put to sleep\n|rule|Species Clause: Limit one of each Pok\u00e9mon\n|rule|OHKO Clause: OHKO moves are banned\n|rule|Evasion Items Clause: Evasion items are banned\n|rule|Evasion Moves Clause: Evasion moves are banned\n|rule|Endless Battle Clause: Forcing endless battles is banned\n|rule|HP Percentage Mod: HP is shown in percentages\n|clearpoke\n|poke|p1|Kingambit, M|\n|poke|p1|Ninetales-Alola, M|\n|poke|p1|Great Tusk|\n|poke|p1|Walking Wake|\n|poke|p1|Iron Moth|\n|poke|p1|Iron Valiant|\n|poke|p2|Iron Moth|\n|poke|p2|Rillaboom, F|\n|poke|p2|Zamazenta-*|\n|poke|p2|Manaphy|\n|poke|p2|Heatran, M|\n|poke|p2|Great Tusk|\n|teampreview\n|inactive|Battle timer is ON: inactive players will automatically lose when time's up. (requested by grass knot zygarde)\n|inactive|grass knot zygarde has 270 seconds left.\n|\n|t:|1700433366\n|start\n|switch|p1a: 5 Minutes Alone|Great Tusk|100\/100\n|switch|p2a: Heatran|Heatran, M|100\/100\n|-item|p2a: Heatran|Air Balloon\n|-enditem|p1a: 5 Minutes Alone|Booster Energy\n|-activate|p1a: 5 Minutes Alone|ability: Protosynthesis|[fromitem]\n|-start|p1a: 5 Minutes Alone|protosynthesisspe\n|turn|1\n|\n|t:|1700433376\n|move|p1a: 5 Minutes Alone|Close Combat|p2a: Heatran\n|-supereffective|p2a: Heatran\n|-damage|p2a: Heatran|5\/100\n|-unboost|p1a: 5 Minutes Alone|def|1\n|-unboost|p1a: 5 Minutes Alone|spd|1\n|-enditem|p2a: Heatran|Air Balloon\n|move|p2a: Heatran|Magma Storm|p1a: 5 Minutes Alone\n|-damage|p1a: 5 Minutes Alone|0 fnt\n|faint|p1a: 5 Minutes Alone\n|-end|p1a: 5 Minutes Alone|Protosynthesis|[silent]\n|\n|upkeep\n|\n|t:|1700433381\n|switch|p1a: Transparency|Ninetales-Alola, M|100\/100\n|-weather|Snow|[from] ability: Snow Warning|[of] p1a: Transparency\n|turn|2\n|\n|t:|1700433389\n|move|p1a: Transparency|Aurora Veil|p1a: Transparency\n|-sidestart|p1: grass knot zygarde|move: Aurora Veil\n|move|p2a: Heatran|Magma Storm|p1a: Transparency|[miss]\n|-miss|p2a: Heatran|p1a: Transparency\n|\n|-weather|Snow|[upkeep]\n|upkeep\n|turn|3\n|\n|t:|1700433395\n|move|p1a: Transparency|Moonblast|p2a: Heatran\n|-resisted|p2a: Heatran\n|-damage|p2a: Heatran|0 fnt\n|faint|p2a: Heatran\n|\n|-weather|Snow|[upkeep]\n|upkeep\n|\n|t:|1700433403\n|switch|p2a: Manaphy|Manaphy|100\/100\n|turn|4\n|\n|t:|1700433413\n|move|p1a: Transparency|Freeze-Dry|p2a: Manaphy\n|-supereffective|p2a: Manaphy\n|-damage|p2a: Manaphy|58\/100\n|move|p2a: Manaphy|Take Heart|p2a: Manaphy\n|-boost|p2a: Manaphy|spa|1\n|-boost|p2a: Manaphy|spd|1\n|\n|-weather|Snow|[upkeep]\n|-heal|p2a: Manaphy|64\/100|[from] item: Leftovers\n|upkeep\n|turn|5\n|\n|t:|1700433420\n|-terastallize|p2a: Manaphy|Poison\n|move|p1a: Transparency|Encore|p2a: Manaphy\n|-start|p2a: Manaphy|Encore\n|move|p2a: Manaphy|Take Heart|p2a: Manaphy\n|-boost|p2a: Manaphy|spa|1\n|-boost|p2a: Manaphy|spd|1\n|\n|-weather|Snow|[upkeep]\n|-heal|p2a: Manaphy|71\/100|[from] item: Leftovers\n|upkeep\n|turn|6\n|j| iliveinohiorizz\n|\n|t:|1700433430\n|switch|p1a: Dysphoria|Kingambit, M|100\/100\n|-activate|p1a: Dysphoria|ability: Supreme Overlord\n|-start|p1a: Dysphoria|fallen1|[silent]\n|move|p2a: Manaphy|Take Heart|p2a: Manaphy\n|-boost|p2a: Manaphy|spa|1\n|-boost|p2a: Manaphy|spd|1\n|\n|-weather|none\n|-heal|p2a: Manaphy|77\/100|[from] item: Leftovers\n|upkeep\n|turn|7\n|c| iliveinohiorizz|i FUCKING. love gayatts hm!\n|\n|t:|1700433438\n|-terastallize|p1a: Dysphoria|Dark\n|move|p2a: Manaphy|Take Heart|p2a: Manaphy\n|-boost|p2a: Manaphy|spa|1\n|-boost|p2a: Manaphy|spd|1\n|move|p1a: Dysphoria|Kowtow Cleave|p2a: Manaphy\n|-damage|p2a: Manaphy|0 fnt\n|faint|p2a: Manaphy\n|\n|upkeep\n|\n|t:|1700433448\n|switch|p2a: Rillaboom|Rillaboom, F|100\/100\n|-fieldstart|move: Grassy Terrain|[from] ability: Grassy Surge|[of] p2a: Rillaboom\n|turn|8\n|\n|t:|1700433461\n|-end|p1a: Dysphoria|fallen1|[silent]\n|switch|p1a: OG BEEPER|Iron Moth|100\/100\n|-enditem|p1a: OG BEEPER|Booster Energy\n|-activate|p1a: OG BEEPER|ability: Quark Drive|[fromitem]\n|-start|p1a: OG BEEPER|quarkdrivespe\n|move|p2a: Rillaboom|Grassy Glide|p1a: OG BEEPER\n|-resisted|p1a: OG BEEPER\n|-damage|p1a: OG BEEPER|91\/100\n|\n|-heal|p1a: OG BEEPER|97\/100|[from] Grassy Terrain\n|upkeep\n|turn|9\n|\n|t:|1700433475\n|switch|p2a: Great Tusk|Great Tusk|100\/100\n|move|p1a: OG BEEPER|Substitute|p1a: OG BEEPER\n|-start|p1a: OG BEEPER|Substitute\n|-damage|p1a: OG BEEPER|72\/100\n|\n|-heal|p1a: OG BEEPER|78\/100|[from] Grassy Terrain\n|-sideend|p1: grass knot zygarde|move: Aurora Veil\n|upkeep\n|turn|10\n|c|\u2606grass knot zygarde|telephone calls\n|\n|t:|1700433485\n|move|p1a: OG BEEPER|Fiery Dance|p2a: Great Tusk\n|-damage|p2a: Great Tusk|35\/100\n|move|p2a: Great Tusk|Headlong Rush|p1a: OG BEEPER\n|-supereffective|p1a: OG BEEPER\n|-end|p1a: OG BEEPER|Substitute\n|-unboost|p2a: Great Tusk|def|1\n|-unboost|p2a: Great Tusk|spd|1\n|\n|-heal|p1a: OG BEEPER|84\/100|[from] Grassy Terrain\n|-heal|p2a: Great Tusk|41\/100|[from] Grassy Terrain\n|-heal|p2a: Great Tusk|47\/100|[from] item: Leftovers\n|upkeep\n|turn|11\n|c| iliveinohiorizz|this ISN'T even\n|c| iliveinohiorizz|the og beeper\n|\n|t:|1700433490\n|move|p1a: OG BEEPER|Fiery Dance|p2a: Great Tusk\n|-damage|p2a: Great Tusk|0 fnt\n|faint|p2a: Great Tusk\n|-end|p2a: Great Tusk|Protosynthesis|[silent]\n|\n|-heal|p1a: OG BEEPER|90\/100|[from] Grassy Terrain\n|upkeep\n|c| iliveinohiorizz|but whatever\n|\n|t:|1700433495\n|switch|p2a: Zamazenta|Zamazenta|100\/100\n|-ability|p2a: Zamazenta|Dauntless Shield|boost\n|-boost|p2a: Zamazenta|def|1\n|turn|12\n|\n|t:|1700433503\n|move|p1a: OG BEEPER|Fiery Dance|p2a: Zamazenta\n|-crit|p2a: Zamazenta\n|-damage|p2a: Zamazenta|48\/100\n|-boost|p1a: OG BEEPER|spa|1\n|move|p2a: Zamazenta|Crunch|p1a: OG BEEPER\n|-damage|p1a: OG BEEPER|53\/100\n|-unboost|p1a: OG BEEPER|def|1\n|\n|-heal|p1a: OG BEEPER|59\/100|[from] Grassy Terrain\n|-heal|p2a: Zamazenta|54\/100|[from] Grassy Terrain\n|-heal|p2a: Zamazenta|60\/100|[from] item: Leftovers\n|-fieldend|move: Grassy Terrain\n|upkeep\n|turn|13\n|\n|t:|1700433512\n|move|p1a: OG BEEPER|Dazzling Gleam|p2a: Zamazenta\n|-supereffective|p2a: Zamazenta\n|-damage|p2a: Zamazenta|0 fnt\n|faint|p2a: Zamazenta\n|\n|upkeep\n|\n|t:|1700433517\n|switch|p2a: Rillaboom|Rillaboom, F|100\/100\n|-fieldstart|move: Grassy Terrain|[from] ability: Grassy Surge|[of] p2a: Rillaboom\n|turn|14\n|\n|t:|1700433522\n|move|p2a: Rillaboom|Grassy Glide|p1a: OG BEEPER\n|-resisted|p1a: OG BEEPER\n|-damage|p1a: OG BEEPER|27\/100\n|move|p1a: OG BEEPER|Fiery Dance|p2a: Rillaboom\n|-supereffective|p2a: Rillaboom\n|-damage|p2a: Rillaboom|0 fnt\n|-boost|p1a: OG BEEPER|spa|1\n|faint|p2a: Rillaboom\n|\n|-heal|p1a: OG BEEPER|33\/100|[from] Grassy Terrain\n|upkeep\n|\n|t:|1700433526\n|switch|p2a: Iron Moth|Iron Moth|100\/100\n|-item|p2a: Iron Moth|Air Balloon\n|turn|15\n|\n|t:|1700433530\n|move|p1a: OG BEEPER|Sludge Wave|p2a: Iron Moth\n|-resisted|p2a: Iron Moth\n|-damage|p2a: Iron Moth|46\/100\n|-enditem|p2a: Iron Moth|Air Balloon\n|move|p2a: Iron Moth|Discharge|p1a: OG BEEPER\n|-damage|p1a: OG BEEPER|0 fnt\n|faint|p1a: OG BEEPER\n|-end|p1a: OG BEEPER|Quark Drive|[silent]\n|\n|-heal|p2a: Iron Moth|52\/100|[from] Grassy Terrain\n|upkeep\n|\n|t:|1700433543\n|switch|p1a: Purified|Walking Wake|100\/100\n|-enditem|p1a: Purified|Booster Energy\n|-activate|p1a: Purified|ability: Protosynthesis|[fromitem]\n|-start|p1a: Purified|protosynthesisspa\n|turn|16\n|\n|t:|1700433550\n|move|p2a: Iron Moth|Dazzling Gleam|p1a: Purified\n|-supereffective|p1a: Purified\n|-damage|p1a: Purified|31\/100\n|move|p1a: Purified|Dragon Pulse|p2a: Iron Moth\n|-damage|p2a: Iron Moth|0 fnt\n|faint|p2a: Iron Moth\n|-end|p2a: Iron Moth|Quark Drive|[silent]\n|\n|win|grass knot zygarde\n|c|\u2606grass knot zygarde|veryyy cool\n|l|\u2606ss_wobblewok\n|l| iliveinohiorizz\n","uploadtime":1700433562,"views":7,"p1id":"grassknotzygarde","p2id":"sswobblewok","formatid":"gen9ou","rating":0,"private":0,"password":""}