{"id":"gen9ou-2000046780","p1":"RggV","p2":"Quamnckkk","format":"[Gen 9] OU","log":"|j|\u2606RggV\n|j|\u2606Quamnckkk\n|t:|1701145686\n|gametype|singles\n|player|p1|RggV|#wcop2023latinamerica|1739\n|player|p2|Quamnckkk|yellow|1809\n|teamsize|p1|6\n|teamsize|p2|6\n|gen|9\n|tier|[Gen 9] OU\n|rated|\n|rule|Sleep Clause Mod: Limit one foe put to sleep\n|rule|Species Clause: Limit one of each Pok\u00e9mon\n|rule|OHKO Clause: OHKO moves are banned\n|rule|Evasion Items Clause: Evasion items are banned\n|rule|Evasion Moves Clause: Evasion moves are banned\n|rule|Endless Battle Clause: Forcing endless battles is banned\n|rule|HP Percentage Mod: HP is shown in percentages\n|clearpoke\n|poke|p1|Infernape, M|\n|poke|p1|Ribombee, F|\n|poke|p1|Gholdengo|\n|poke|p1|Manaphy|\n|poke|p1|Landorus-Therian, M|\n|poke|p1|Kommo-o, F|\n|poke|p2|Empoleon, M|\n|poke|p2|Clodsire, F|\n|poke|p2|Clefable, F|\n|poke|p2|Mandibuzz, F|\n|poke|p2|Skeledirge, M|\n|poke|p2|Greninja-*, F|\n|teampreview\n|inactive|Battle timer is ON: inactive players will automatically lose when time's up. (requested by Quamnckkk)\n|inactive|RggV also wants the timer to be on.\n|\n|t:|1701145701\n|start\n|switch|p1a: Ribombee|Ribombee, F|100\/100\n|switch|p2a: Empoleon|Empoleon, M|100\/100\n|turn|1\n|j| xxCOALLAxx\n|\n|t:|1701145706\n|move|p1a: Ribombee|Sticky Web|p2a: Empoleon\n|-sidestart|p2: Quamnckkk|move: Sticky Web\n|move|p2a: Empoleon|Stealth Rock|p1a: Ribombee\n|-sidestart|p1: RggV|move: Stealth Rock\n|\n|upkeep\n|turn|2\n|\n|t:|1701145708\n|move|p1a: Ribombee|Stun Spore|p2a: Empoleon|[miss]\n|-miss|p1a: Ribombee|p2a: Empoleon\n|move|p2a: Empoleon|Surf|p1a: Ribombee\n|-damage|p1a: Ribombee|38\/100\n|\n|upkeep\n|turn|3\n|\n|t:|1701145710\n|move|p1a: Ribombee|Stun Spore|p2a: Empoleon\n|-status|p2a: Empoleon|par\n|move|p2a: Empoleon|Surf|p1a: Ribombee\n|-damage|p1a: Ribombee|0 fnt\n|faint|p1a: Ribombee\n|\n|upkeep\n|j| Sneaslin hex\n|\n|t:|1701145717\n|switch|p1a: Landorus|Landorus-Therian, M|100\/100\n|-damage|p1a: Landorus|88\/100|[from] Stealth Rock\n|-ability|p1a: Landorus|Intimidate|boost\n|-unboost|p2a: Empoleon|atk|1\n|-ability|p2a: Empoleon|Competitive|boost\n|-boost|p2a: Empoleon|spa|2\n|turn|4\n|\n|t:|1701145725\n|switch|p2a: Clefable|Clefable, F|100\/100\n|-activate|p2a: Clefable|move: Sticky Web\n|-unboost|p2a: Clefable|spe|1\n|move|p1a: Landorus|Substitute|p1a: Landorus\n|-start|p1a: Landorus|Substitute\n|-damage|p1a: Landorus|64\/100\n|\n|-heal|p1a: Landorus|69\/100|[from] item: Leftovers\n|upkeep\n|turn|5\n|c| xxCOALLAxx|Lets go boys!!\n|\n|t:|1701145730\n|move|p1a: Landorus|Bulk Up|p1a: Landorus\n|-boost|p1a: Landorus|atk|1\n|-boost|p1a: Landorus|def|1\n|move|p2a: Clefable|Moonblast|p1a: Landorus\n|-end|p1a: Landorus|Substitute\n|\n|-heal|p1a: Landorus|75\/100|[from] item: Leftovers\n|upkeep\n|turn|6\n|\n|t:|1701145736\n|switch|p2a: Mandibuzz|Mandibuzz, F|100\/100\n|move|p1a: Landorus|Earthquake|p2a: Mandibuzz\n|-immune|p2a: Mandibuzz\n|\n|-heal|p1a: Landorus|81\/100|[from] item: Leftovers\n|upkeep\n|turn|7\n|\n|t:|1701145739\n|move|p1a: Landorus|Smack Down|p2a: Mandibuzz\n|-supereffective|p2a: Mandibuzz\n|-damage|p2a: Mandibuzz|69\/100\n|-start|p2a: Mandibuzz|Smack Down\n|move|p2a: Mandibuzz|Iron Defense|p2a: Mandibuzz\n|-boost|p2a: Mandibuzz|def|2\n|\n|-heal|p1a: Landorus|87\/100|[from] item: Leftovers\n|upkeep\n|turn|8\n|\n|t:|1701145743\n|switch|p1a: McFries|Gholdengo|100\/100\n|-damage|p1a: McFries|94\/100|[from] Stealth Rock\n|-item|p1a: McFries|Air Balloon\n|move|p2a: Mandibuzz|Roost|p2a: Mandibuzz\n|-heal|p2a: Mandibuzz|100\/100\n|-singleturn|p2a: Mandibuzz|move: Roost\n|\n|upkeep\n|turn|9\n|\n|t:|1701145752\n|switch|p2a: Greninja|Greninja, F|100\/100\n|move|p1a: McFries|Nasty Plot|p1a: McFries\n|-boost|p1a: McFries|spa|2\n|\n|upkeep\n|turn|10\n|\n|t:|1701145759\n|switch|p1a: Manaphy|Manaphy|100\/100\n|-damage|p1a: Manaphy|88\/100|[from] Stealth Rock\n|move|p2a: Greninja|U-turn|p1a: Manaphy\n|-start|p2a: Greninja|typechange|Bug|[from] ability: Protean\n|-damage|p1a: Manaphy|65\/100\n|\n|t:|1701145774\n|switch|p2a: Clefable|Clefable, F|100\/100|[from] U-turn\n|-activate|p2a: Clefable|move: Sticky Web\n|-unboost|p2a: Clefable|spe|1\n|\n|-heal|p1a: Manaphy|71\/100|[from] item: Leftovers\n|upkeep\n|turn|11\n|\n|t:|1701145784\n|move|p1a: Manaphy|Tail Glow|p1a: Manaphy\n|-boost|p1a: Manaphy|spa|3\n|move|p2a: Clefable|Knock Off|p1a: Manaphy\n|-damage|p1a: Manaphy|57\/100\n|-enditem|p1a: Manaphy|Leftovers|[from] move: Knock Off|[of] p2a: Clefable\n|\n|upkeep\n|turn|12\n|\n|t:|1701145799\n|switch|p2a: Empoleon|Empoleon, M|100\/100 par\n|move|p1a: Manaphy|Tail Glow|p1a: Manaphy\n|-boost|p1a: Manaphy|spa|3\n|\n|upkeep\n|turn|13\n|\n|t:|1701145804\n|move|p1a: Manaphy|Energy Ball|p2a: Empoleon\n|-damage|p2a: Empoleon|38\/100 par\n|move|p2a: Empoleon|Surf|p1a: Manaphy\n|-resisted|p1a: Manaphy\n|-damage|p1a: Manaphy|41\/100\n|\n|upkeep\n|turn|14\n|\n|t:|1701145807\n|move|p1a: Manaphy|Energy Ball|p2a: Empoleon\n|-damage|p2a: Empoleon|0 fnt\n|faint|p2a: Empoleon\n|\n|upkeep\n|\n|t:|1701145810\n|switch|p2a: Greninja|Greninja, F|100\/100\n|turn|15\n|\n|t:|1701145829\n|move|p2a: Greninja|U-turn|p1a: Manaphy\n|-start|p2a: Greninja|typechange|Bug|[from] ability: Protean\n|-damage|p1a: Manaphy|19\/100\n|\n|t:|1701145833\n|switch|p2a: Clefable|Clefable, F|100\/100|[from] U-turn\n|-activate|p2a: Clefable|move: Sticky Web\n|-unboost|p2a: Clefable|spe|1\n|move|p1a: Manaphy|Surf|p2a: Clefable\n|-damage|p2a: Clefable|0 fnt\n|faint|p2a: Clefable\n|\n|upkeep\n|\n|t:|1701145835\n|switch|p2a: Greninja|Greninja, F|100\/100\n|turn|16\n|\n|t:|1701145844\n|move|p2a: Greninja|Dark Pulse|p1a: Manaphy\n|-start|p2a: Greninja|typechange|Dark|[from] ability: Protean\n|-damage|p1a: Manaphy|0 fnt\n|faint|p1a: Manaphy\n|\n|upkeep\n|\n|t:|1701145862\n|switch|p1a: Kommo-o|Kommo-o, F|100\/100\n|-damage|p1a: Kommo-o|94\/100|[from] Stealth Rock\n|turn|17\n|\n|t:|1701145867\n|move|p2a: Greninja|U-turn|p1a: Kommo-o\n|-resisted|p1a: Kommo-o\n|-damage|p1a: Kommo-o|87\/100\n|\n|t:|1701145873\n|switch|p2a: Skeledirge|Skeledirge, M|100\/100|[from] U-turn\n|move|p1a: Kommo-o|Clangorous Soul|p1a: Kommo-o\n|-boost|p1a: Kommo-o|atk|1\n|-boost|p1a: Kommo-o|def|1\n|-boost|p1a: Kommo-o|spa|1\n|-boost|p1a: Kommo-o|spd|1\n|-boost|p1a: Kommo-o|spe|1\n|-damage|p1a: Kommo-o|54\/100\n|-enditem|p1a: Kommo-o|Throat Spray\n|-boost|p1a: Kommo-o|spa|1|[from] item: Throat Spray\n|\n|upkeep\n|turn|18\n|\n|t:|1701145877\n|move|p1a: Kommo-o|Clanging Scales|p2a: Skeledirge\n|-damage|p2a: Skeledirge|68\/100\n|-unboost|p1a: Kommo-o|def|1\n|move|p2a: Skeledirge|Hex|p1a: Kommo-o\n|-damage|p1a: Kommo-o|27\/100\n|\n|upkeep\n|turn|19\n|\n|t:|1701145883\n|move|p1a: Kommo-o|Clanging Scales|p2a: Skeledirge\n|-crit|p2a: Skeledirge\n|-damage|p2a: Skeledirge|15\/100\n|-unboost|p1a: Kommo-o|def|1\n|move|p2a: Skeledirge|Slack Off|p2a: Skeledirge\n|-heal|p2a: Skeledirge|65\/100\n|\n|upkeep\n|turn|20\n|\n|t:|1701145886\n|move|p1a: Kommo-o|Clanging Scales|p2a: Skeledirge\n|-damage|p2a: Skeledirge|30\/100\n|-unboost|p1a: Kommo-o|def|1\n|move|p2a: Skeledirge|Slack Off|p2a: Skeledirge\n|-heal|p2a: Skeledirge|80\/100\n|\n|upkeep\n|turn|21\n|\n|t:|1701145889\n|switch|p1a: Landorus|Landorus-Therian, M|87\/100\n|-damage|p1a: Landorus|75\/100|[from] Stealth Rock\n|-ability|p1a: Landorus|Intimidate|boost\n|-unboost|p2a: Skeledirge|atk|1\n|move|p2a: Skeledirge|Hex|p1a: Landorus\n|-damage|p1a: Landorus|43\/100\n|\n|-heal|p1a: Landorus|49\/100|[from] item: Leftovers\n|upkeep\n|turn|22\n|l| Sneaslin hex\n|\n|t:|1701145893\n|switch|p2a: Mandibuzz|Mandibuzz, F|100\/100\n|move|p1a: Landorus|Smack Down|p2a: Mandibuzz\n|-supereffective|p2a: Mandibuzz\n|-damage|p2a: Mandibuzz|80\/100\n|-start|p2a: Mandibuzz|Smack Down\n|\n|-heal|p1a: Landorus|55\/100|[from] item: Leftovers\n|upkeep\n|turn|23\n|\n|t:|1701145898\n|move|p1a: Landorus|Earthquake|p2a: Mandibuzz\n|-damage|p2a: Mandibuzz|50\/100\n|move|p2a: Mandibuzz|Knock Off|p1a: Landorus\n|-damage|p1a: Landorus|29\/100\n|-enditem|p1a: Landorus|Leftovers|[from] move: Knock Off|[of] p2a: Mandibuzz\n|\n|upkeep\n|turn|24\n|j| The Green Moon\n|\n|t:|1701145903\n|move|p1a: Landorus|Bulk Up|p1a: Landorus\n|-boost|p1a: Landorus|atk|1\n|-boost|p1a: Landorus|def|1\n|move|p2a: Mandibuzz|Roost|p2a: Mandibuzz\n|-heal|p2a: Mandibuzz|99\/100\n|-singleturn|p2a: Mandibuzz|move: Roost\n|\n|upkeep\n|turn|25\n|\n|t:|1701145911\n|move|p1a: Landorus|Earthquake|p2a: Mandibuzz\n|-damage|p2a: Mandibuzz|49\/100\n|move|p2a: Mandibuzz|Iron Defense|p2a: Mandibuzz\n|-boost|p2a: Mandibuzz|def|2\n|\n|upkeep\n|turn|26\n|\n|t:|1701145915\n|move|p1a: Landorus|Earthquake|p2a: Mandibuzz\n|-damage|p2a: Mandibuzz|23\/100\n|move|p2a: Mandibuzz|Roost|p2a: Mandibuzz\n|-heal|p2a: Mandibuzz|74\/100\n|-singleturn|p2a: Mandibuzz|move: Roost\n|\n|upkeep\n|turn|27\n|\n|t:|1701145919\n|switch|p1a: Kommo-o|Kommo-o, F|27\/100\n|-damage|p1a: Kommo-o|21\/100|[from] Stealth Rock\n|move|p2a: Mandibuzz|Foul Play|p1a: Kommo-o\n|-resisted|p1a: Kommo-o\n|-damage|p1a: Kommo-o|8\/100\n|\n|upkeep\n|turn|28\n|j| No Bithes?????\n|\n|t:|1701145945\n|switch|p2a: Skeledirge|Skeledirge, M|80\/100\n|move|p1a: Kommo-o|Clanging Scales|p2a: Skeledirge\n|-damage|p2a: Skeledirge|46\/100\n|-unboost|p1a: Kommo-o|def|1\n|\n|upkeep\n|turn|29\n|\n|t:|1701145949\n|move|p1a: Kommo-o|Clanging Scales|p2a: Skeledirge\n|-damage|p2a: Skeledirge|12\/100\n|-unboost|p1a: Kommo-o|def|1\n|move|p2a: Skeledirge|Slack Off|p2a: Skeledirge\n|-heal|p2a: Skeledirge|62\/100\n|\n|upkeep\n|turn|30\n|\n|t:|1701145951\n|move|p1a: Kommo-o|Clanging Scales|p2a: Skeledirge\n|-damage|p2a: Skeledirge|25\/100\n|-unboost|p1a: Kommo-o|def|1\n|move|p2a: Skeledirge|Slack Off|p2a: Skeledirge\n|-heal|p2a: Skeledirge|75\/100\n|\n|upkeep\n|turn|31\n|\n|t:|1701145953\n|move|p1a: Kommo-o|Clanging Scales|p2a: Skeledirge\n|-damage|p2a: Skeledirge|41\/100\n|-unboost|p1a: Kommo-o|def|1\n|move|p2a: Skeledirge|Slack Off|p2a: Skeledirge\n|-heal|p2a: Skeledirge|91\/100\n|\n|upkeep\n|turn|32\n|\n|t:|1701145956\n|move|p1a: Kommo-o|Clanging Scales|p2a: Skeledirge\n|-damage|p2a: Skeledirge|59\/100\n|-unboost|p1a: Kommo-o|def|1\n|move|p2a: Skeledirge|Hex|p1a: Kommo-o\n|-damage|p1a: Kommo-o|0 fnt\n|faint|p1a: Kommo-o\n|\n|upkeep\n|\n|t:|1701145960\n|switch|p1a: McFries|Gholdengo|94\/100\n|-damage|p1a: McFries|88\/100|[from] Stealth Rock\n|-item|p1a: McFries|Air Balloon\n|turn|33\n|\n|t:|1701145965\n|move|p1a: McFries|Shadow Ball|p2a: Skeledirge\n|-supereffective|p2a: Skeledirge\n|-damage|p2a: Skeledirge|2\/100\n|move|p2a: Skeledirge|Hex|p1a: McFries\n|-supereffective|p1a: McFries\n|-damage|p1a: McFries|35\/100\n|-enditem|p1a: McFries|Air Balloon\n|\n|upkeep\n|turn|34\n|\n|t:|1701145970\n|move|p1a: McFries|Shadow Ball|p2a: Skeledirge\n|-supereffective|p2a: Skeledirge\n|-damage|p2a: Skeledirge|0 fnt\n|faint|p2a: Skeledirge\n|\n|upkeep\n|\n|t:|1701145972\n|switch|p2a: Greninja|Greninja, F|100\/100\n|turn|35\n|\n|t:|1701145980\n|switch|p1a: Landorus|Landorus-Therian, M|29\/100\n|-damage|p1a: Landorus|17\/100|[from] Stealth Rock\n|-ability|p1a: Landorus|Intimidate|boost\n|-unboost|p2a: Greninja|atk|1\n|move|p2a: Greninja|U-turn|p1a: Landorus\n|-start|p2a: Greninja|typechange|Bug|[from] ability: Protean\n|-resisted|p1a: Landorus\n|-crit|p1a: Landorus\n|-damage|p1a: Landorus|0 fnt\n|faint|p1a: Landorus\n|\n|t:|1701145987\n|switch|p2a: Mandibuzz|Mandibuzz, F|74\/100|[from] U-turn\n|\n|upkeep\n|\n|t:|1701145989\n|switch|p1a: McFries|Gholdengo|35\/100\n|-damage|p1a: McFries|29\/100|[from] Stealth Rock\n|turn|36\n|\n|t:|1701145994\n|move|p1a: McFries|Recover|p1a: McFries\n|-heal|p1a: McFries|79\/100\n|move|p2a: Mandibuzz|Foul Play|p1a: McFries\n|-supereffective|p1a: McFries\n|-damage|p1a: McFries|41\/100\n|\n|upkeep\n|turn|37\n|\n|t:|1701145999\n|switch|p2a: Clodsire|Clodsire, F|100\/100\n|move|p1a: McFries|Make It Rain|p2a: Clodsire\n|-damage|p2a: Clodsire|67\/100\n|-unboost|p1a: McFries|spa|1\n|\n|upkeep\n|turn|38\n|\n|t:|1701146011\n|-terastallize|p1a: McFries|Dark\n|move|p1a: McFries|Recover|p1a: McFries\n|-heal|p1a: McFries|91\/100\n|move|p2a: Clodsire|Recover|p2a: Clodsire\n|-heal|p2a: Clodsire|100\/100\n|\n|upkeep\n|turn|39\n|\n|t:|1701146016\n|move|p1a: McFries|Nasty Plot|p1a: McFries\n|-boost|p1a: McFries|spa|2\n|move|p2a: Clodsire|Spikes|p1a: McFries\n|-sidestart|p1: RggV|Spikes\n|\n|upkeep\n|turn|40\n|\n|t:|1701146021\n|move|p1a: McFries|Nasty Plot|p1a: McFries\n|-boost|p1a: McFries|spa|2\n|move|p2a: Clodsire|Earthquake|p1a: McFries\n|-damage|p1a: McFries|60\/100\n|\n|upkeep\n|turn|41\n|\n|t:|1701146024\n|move|p1a: McFries|Recover|p1a: McFries\n|-heal|p1a: McFries|100\/100\n|move|p2a: Clodsire|Earthquake|p1a: McFries\n|-crit|p1a: McFries\n|-damage|p1a: McFries|56\/100\n|\n|upkeep\n|turn|42\n|\n|t:|1701146026\n|move|p1a: McFries|Make It Rain|p2a: Clodsire\n|-crit|p2a: Clodsire\n|-damage|p2a: Clodsire|49\/100\n|-unboost|p1a: McFries|spa|1\n|move|p2a: Clodsire|Earthquake|p1a: McFries\n|-damage|p1a: McFries|25\/100\n|\n|upkeep\n|turn|43\n|\n|t:|1701146031\n|switch|p2a: Greninja|Greninja, F|100\/100\n|move|p1a: McFries|Recover|p1a: McFries\n|-heal|p1a: McFries|75\/100\n|\n|upkeep\n|turn|44\n|\n|t:|1701146041\n|move|p2a: Greninja|U-turn|p1a: McFries\n|-start|p2a: Greninja|typechange|Bug|[from] ability: Protean\n|-supereffective|p1a: McFries\n|-damage|p1a: McFries|17\/100\n|\n|t:|1701146049\n|switch|p2a: Clodsire|Clodsire, F|49\/100|[from] U-turn\n|move|p1a: McFries|Make It Rain|p2a: Clodsire\n|-damage|p2a: Clodsire|15\/100\n|-unboost|p1a: McFries|spa|1\n|\n|upkeep\n|turn|45\n|\n|t:|1701146058\n|switch|p2a: Greninja|Greninja, F|100\/100\n|move|p1a: McFries|Make It Rain|p2a: Greninja\n|-resisted|p2a: Greninja\n|-crit|p2a: Greninja\n|-damage|p2a: Greninja|0 fnt\n|-unboost|p1a: McFries|spa|1\n|faint|p2a: Greninja\n|\n|upkeep\n|\n|t:|1701146063\n|switch|p2a: Mandibuzz|Mandibuzz, F|74\/100\n|turn|46\n|c| The Green Moon|It's Joever\n|c|\u2606Quamnckkk|rip\n|c|\u2606RggV|mb\n|c|\u2606Quamnckkk|its alright\n|-message|Quamnckkk forfeited.\n|\n|win|RggV\n|raw|RggV's rating: 1739 &rarr; <strong>1763<\/strong><br \/>(+24 for winning)\n|raw|Quamnckkk's rating: 1809 &rarr; <strong>1785<\/strong><br \/>(-24 for losing)\n|l|\u2606Quamnckkk\n|l|\u2606RggV\n|l| The Green Moon\n","uploadtime":1701146114,"views":20,"p1id":"rggv","p2id":"quamnckkk","formatid":"gen9ou","rating":1763,"private":0,"password":""}