{"id":"gen9ou-1988948022","p1":"Zarross","p2":"Crystal55","format":"[Gen 9] OU","log":"|j|\u2606Zarross\n|j|\u2606Crystal55\n|t:|1699792906\n|gametype|singles\n|player|p1|Zarross|saturn|1497\n|player|p2|Crystal55|cynthia|1634\n|teamsize|p1|6\n|teamsize|p2|6\n|gen|9\n|tier|[Gen 9] OU\n|rated|\n|rule|Sleep Clause Mod: Limit one foe put to sleep\n|rule|Species Clause: Limit one of each Pok\u00e9mon\n|rule|OHKO Clause: OHKO moves are banned\n|rule|Evasion Items Clause: Evasion items are banned\n|rule|Evasion Moves Clause: Evasion moves are banned\n|rule|Endless Battle Clause: Forcing endless battles is banned\n|rule|HP Percentage Mod: HP is shown in percentages\n|clearpoke\n|poke|p1|Clefable, M|\n|poke|p1|Dondozo, M|\n|poke|p1|Toxapex, M|\n|poke|p1|Blissey, F|\n|poke|p1|Tornadus-Therian, M|\n|poke|p1|Gastrodon-East, M|\n|poke|p2|Cinderace, F|\n|poke|p2|Lokix, F|\n|poke|p2|Gholdengo|\n|poke|p2|Heatran, F|\n|poke|p2|Haxorus, F|\n|poke|p2|Rotom-Wash|\n|teampreview\n|inactive|Battle timer is ON: inactive players will automatically lose when time's up. (requested by Zarross)\n|\n|t:|1699792921\n|start\n|switch|p1a: Gastrodon|Gastrodon-East, M|100\/100\n|switch|p2a: Rotom|Rotom-Wash|100\/100\n|turn|1\n|\n|t:|1699792927\n|move|p2a: Rotom|Will-O-Wisp|p1a: Gastrodon\n|-status|p1a: Gastrodon|brn\n|move|p1a: Gastrodon|Spikes|p2a: Rotom\n|-sidestart|p2: Crystal55|Spikes\n|\n|-damage|p1a: Gastrodon|94\/100 brn|[from] brn\n|upkeep\n|turn|2\n|\n|t:|1699792941\n|switch|p2a: Heatran|Heatran, F|100\/100\n|-item|p2a: Heatran|Air Balloon\n|move|p1a: Gastrodon|Yawn|p2a: Heatran\n|-start|p2a: Heatran|move: Yawn|[of] p1a: Gastrodon\n|\n|-damage|p1a: Gastrodon|88\/100 brn|[from] brn\n|upkeep\n|turn|3\n|\n|t:|1699792957\n|switch|p2a: Lokix|Lokix, F, shiny|100\/100\n|-damage|p2a: Lokix|88\/100|[from] Spikes\n|switch|p1a: Blissey|Blissey, F|100\/100\n|\n|upkeep\n|turn|4\n|\n|t:|1699792964\n|move|p1a: Blissey|Protect|p1a: Blissey\n|-singleturn|p1a: Blissey|Protect\n|move|p2a: Lokix|U-turn|p1a: Blissey\n|-activate|p1a: Blissey|move: Protect\n|\n|upkeep\n|turn|5\n|\n|t:|1699792969\n|switch|p1a: Gastrodon|Gastrodon-East, M|88\/100 brn\n|move|p2a: Lokix|U-turn|p1a: Gastrodon\n|-damage|p1a: Gastrodon|65\/100 brn\n|c|\u2606Zarross|oh\n|\n|t:|1699792978\n|switch|p2a: Heatran|Heatran, F|100\/100|[from] U-turn\n|-item|p2a: Heatran|Air Balloon\n|\n|-damage|p1a: Gastrodon|59\/100 brn|[from] brn\n|upkeep\n|turn|6\n|\n|t:|1699792995\n|-terastallize|p2a: Heatran|Grass\n|move|p2a: Heatran|Tera Blast|p1a: Gastrodon|[anim] Tera Blast Grass\n|-supereffective|p1a: Gastrodon\n|-damage|p1a: Gastrodon|0 fnt\n|faint|p1a: Gastrodon\n|\n|upkeep\n|c|\u2606Zarross|oh\n|\n|t:|1699793004\n|switch|p1a: Tornadus|Tornadus-Therian, M|100\/100\n|turn|7\n|\n|t:|1699793011\n|switch|p2a: Rotom|Rotom-Wash|100\/100\n|move|p1a: Tornadus|U-turn|p2a: Rotom\n|-damage|p2a: Rotom|89\/100\n|\n|t:|1699793017\n|switch|p1a: Clefable|Clefable, M|100\/100|[from] U-turn\n|\n|-heal|p2a: Rotom|96\/100|[from] item: Leftovers\n|upkeep\n|turn|8\n|\n|t:|1699793027\n|move|p2a: Rotom|Volt Switch|p1a: Clefable\n|-damage|p1a: Clefable|78\/100\n|\n|t:|1699793031\n|switch|p2a: Gholdengo|Gholdengo|100\/100|[from] Volt Switch\n|-damage|p2a: Gholdengo|88\/100|[from] Spikes\n|move|p1a: Clefable|Moonblast|p2a: Gholdengo\n|-resisted|p2a: Gholdengo\n|-damage|p2a: Gholdengo|71\/100\n|\n|-heal|p1a: Clefable|84\/100|[from] item: Leftovers\n|upkeep\n|turn|9\n|\n|t:|1699793045\n|move|p1a: Clefable|Protect|p1a: Clefable\n|-singleturn|p1a: Clefable|Protect\n|move|p2a: Gholdengo|Shadow Ball|p1a: Clefable\n|-activate|p1a: Clefable|move: Protect\n|\n|-heal|p1a: Clefable|90\/100|[from] item: Leftovers\n|upkeep\n|turn|10\n|\n|t:|1699793051\n|switch|p1a: Blissey|Blissey, F|100\/100\n|move|p2a: Gholdengo|Shadow Ball|p1a: Blissey\n|-immune|p1a: Blissey\n|\n|upkeep\n|turn|11\n|\n|t:|1699793058\n|switch|p2a: Heatran|Heatran, F, tera:Grass|100\/100\n|-item|p2a: Heatran|Air Balloon\n|move|p1a: Blissey|Seismic Toss|p2a: Heatran\n|-damage|p2a: Heatran|72\/100\n|-enditem|p2a: Heatran|Air Balloon\n|\n|upkeep\n|turn|12\n|\n|t:|1699793072\n|move|p2a: Heatran|Taunt|p1a: Blissey\n|-start|p1a: Blissey|move: Taunt\n|cant|p1a: Blissey|move: Taunt|Calm Mind\n|\n|upkeep\n|turn|13\n|\n|t:|1699793076\n|move|p2a: Heatran|Magma Storm|p1a: Blissey\n|-damage|p1a: Blissey|84\/100\n|-activate|p1a: Blissey|move: Magma Storm|[of] p2a: Heatran\n|move|p1a: Blissey|Seismic Toss|p2a: Heatran\n|-damage|p2a: Heatran|43\/100\n|\n|-damage|p1a: Blissey|72\/100|[from] move: Magma Storm|[partiallytrapped]\n|upkeep\n|turn|14\n|\n|t:|1699793086\n|move|p2a: Heatran|Tera Blast|p1a: Blissey|[anim] Tera Blast Grass\n|-damage|p1a: Blissey|58\/100\n|move|p1a: Blissey|Seismic Toss|p2a: Heatran\n|-damage|p2a: Heatran|14\/100\n|\n|-damage|p1a: Blissey|45\/100|[from] move: Magma Storm|[partiallytrapped]\n|-end|p1a: Blissey|move: Taunt\n|upkeep\n|turn|15\n|\n|t:|1699793096\n|move|p1a: Blissey|Protect|p1a: Blissey\n|-singleturn|p1a: Blissey|Protect\n|move|p2a: Heatran|Taunt|p1a: Blissey\n|-activate|p1a: Blissey|move: Protect\n|\n|-damage|p1a: Blissey|33\/100|[from] move: Magma Storm|[partiallytrapped]\n|upkeep\n|turn|16\n|\n|t:|1699793103\n|move|p2a: Heatran|Taunt|p1a: Blissey\n|-start|p1a: Blissey|move: Taunt\n|move|p1a: Blissey|Seismic Toss|p2a: Heatran\n|-damage|p2a: Heatran|0 fnt\n|faint|p2a: Heatran\n|\n|-end|p1a: Blissey|Magma Storm|[partiallytrapped]|[silent]\n|upkeep\n|\n|t:|1699793110\n|switch|p2a: Gholdengo|Gholdengo|71\/100\n|-damage|p2a: Gholdengo|59\/100|[from] Spikes\n|turn|17\n|\n|t:|1699793127\n|switch|p1a: Tornadus|Tornadus-Therian, M|100\/100\n|move|p2a: Gholdengo|Trick|p1a: Tornadus\n|-activate|p2a: Gholdengo|move: Trick|[of] p1a: Tornadus\n|-item|p1a: Tornadus|Choice Scarf|[from] move: Trick\n|-item|p2a: Gholdengo|Heavy-Duty Boots|[from] move: Trick\n|\n|upkeep\n|turn|18\n|\n|t:|1699793136\n|switch|p2a: Rotom|Rotom-Wash|96\/100\n|move|p1a: Tornadus|Heat Wave|p2a: Rotom\n|-resisted|p2a: Rotom\n|-damage|p2a: Rotom|79\/100\n|\n|-heal|p2a: Rotom|86\/100|[from] item: Leftovers\n|upkeep\n|turn|19\n|\n|t:|1699793148\n|switch|p1a: Toxapex|Toxapex, M|100\/100\n|move|p2a: Rotom|Will-O-Wisp|p1a: Toxapex|[miss]\n|-miss|p2a: Rotom|p1a: Toxapex\n|\n|-heal|p2a: Rotom|92\/100|[from] item: Leftovers\n|upkeep\n|turn|20\n|\n|t:|1699793155\n|move|p2a: Rotom|Will-O-Wisp|p1a: Toxapex\n|-status|p1a: Toxapex|brn\n|move|p1a: Toxapex|Toxic|p2a: Rotom\n|-status|p2a: Rotom|tox\n|\n|-heal|p2a: Rotom|98\/100 tox|[from] item: Leftovers\n|-damage|p2a: Rotom|92\/100 tox|[from] psn\n|-damage|p1a: Toxapex|94\/100 brn|[from] brn\n|upkeep\n|turn|21\n|\n|t:|1699793164\n|move|p2a: Rotom|Volt Switch|p1a: Toxapex\n|-supereffective|p1a: Toxapex\n|-damage|p1a: Toxapex|62\/100 brn\n|\n|t:|1699793168\n|switch|p2a: Gholdengo|Gholdengo|59\/100|[from] Volt Switch\n|move|p1a: Toxapex|Infestation|p2a: Gholdengo\n|-resisted|p2a: Gholdengo\n|-crit|p2a: Gholdengo\n|-damage|p2a: Gholdengo|58\/100\n|-activate|p2a: Gholdengo|move: Infestation|[of] p1a: Toxapex\n|\n|-damage|p1a: Toxapex|56\/100 brn|[from] brn\n|-damage|p2a: Gholdengo|45\/100|[from] move: Infestation|[partiallytrapped]\n|upkeep\n|turn|22\n|\n|t:|1699793180\n|switch|p1a: Blissey|Blissey, F|33\/100\n|move|p2a: Gholdengo|Nasty Plot|p2a: Gholdengo\n|-boost|p2a: Gholdengo|spa|2\n|\n|-end|p2a: Gholdengo|Infestation|[partiallytrapped]|[silent]\n|upkeep\n|turn|23\n|\n|t:|1699793186\n|move|p2a: Gholdengo|Make It Rain|p1a: Blissey\n|-damage|p1a: Blissey|0 fnt\n|-unboost|p2a: Gholdengo|spa|1\n|faint|p1a: Blissey\n|\n|upkeep\n|\n|t:|1699793190\n|switch|p1a: Tornadus|Tornadus-Therian, M|100\/100\n|turn|24\n|\n|t:|1699793195\n|switch|p2a: Rotom|Rotom-Wash|92\/100 tox\n|move|p1a: Tornadus|Knock Off|p2a: Rotom\n|-damage|p2a: Rotom|77\/100 tox\n|-enditem|p2a: Rotom|Leftovers|[from] move: Knock Off|[of] p1a: Tornadus\n|\n|-damage|p2a: Rotom|71\/100 tox|[from] psn\n|upkeep\n|turn|25\n|\n|t:|1699793203\n|switch|p1a: Clefable|Clefable, M|90\/100\n|move|p2a: Rotom|Volt Switch|p1a: Clefable\n|-damage|p1a: Clefable|68\/100\n|\n|t:|1699793216\n|switch|p2a: Gholdengo|Gholdengo|45\/100|[from] Volt Switch\n|\n|-heal|p1a: Clefable|74\/100|[from] item: Leftovers\n|upkeep\n|turn|26\n|\n|t:|1699793233\n|switch|p1a: Tornadus|Tornadus-Therian, M|100\/100\n|move|p2a: Gholdengo|Shadow Ball|p1a: Tornadus\n|-damage|p1a: Tornadus|47\/100\n|\n|upkeep\n|turn|27\n|\n|t:|1699793244\n|switch|p2a: Rotom|Rotom-Wash|71\/100 tox\n|move|p1a: Tornadus|U-turn|p2a: Rotom\n|-damage|p2a: Rotom|60\/100 tox\n|\n|t:|1699793250\n|switch|p1a: Clefable|Clefable, M|74\/100|[from] U-turn\n|\n|-heal|p1a: Clefable|80\/100|[from] item: Leftovers\n|-damage|p2a: Rotom|53\/100 tox|[from] psn\n|upkeep\n|turn|28\n|\n|t:|1699793257\n|move|p2a: Rotom|Will-O-Wisp|p1a: Clefable\n|-status|p1a: Clefable|brn\n|move|p1a: Clefable|Wish|p1a: Clefable\n|\n|-heal|p1a: Clefable|86\/100 brn|[from] item: Leftovers\n|-damage|p2a: Rotom|41\/100 tox|[from] psn\n|upkeep\n|turn|29\n|\n|t:|1699793264\n|move|p2a: Rotom|Volt Switch|p1a: Clefable\n|-damage|p1a: Clefable|62\/100 brn\n|\n|t:|1699793271\n|switch|p2a: Gholdengo|Gholdengo|45\/100|[from] Volt Switch\n|move|p1a: Clefable|Stealth Rock|p2a: Gholdengo\n|-sidestart|p2: Crystal55|move: Stealth Rock\n|\n|-heal|p1a: Clefable|100\/100 brn|[from] move: Wish|[wisher] Clefable\n|upkeep\n|turn|30\n|\n|t:|1699793284\n|switch|p1a: Toxapex|Toxapex, M|89\/100 brn\n|move|p2a: Gholdengo|Shadow Ball|p1a: Toxapex\n|-damage|p1a: Toxapex|62\/100 brn\n|\n|-damage|p1a: Toxapex|56\/100 brn|[from] brn\n|upkeep\n|turn|31\n|\n|t:|1699793292\n|move|p2a: Gholdengo|Nasty Plot|p2a: Gholdengo\n|-boost|p2a: Gholdengo|spa|2\n|move|p1a: Toxapex|Infestation|p2a: Gholdengo\n|-resisted|p2a: Gholdengo\n|-crit|p2a: Gholdengo\n|-damage|p2a: Gholdengo|44\/100\n|-activate|p2a: Gholdengo|move: Infestation|[of] p1a: Toxapex\n|\n|-damage|p1a: Toxapex|50\/100 brn|[from] brn\n|-damage|p2a: Gholdengo|32\/100|[from] move: Infestation|[partiallytrapped]\n|upkeep\n|turn|32\n|\n|t:|1699793305\n|move|p2a: Gholdengo|Nasty Plot|p2a: Gholdengo\n|-boost|p2a: Gholdengo|spa|2\n|move|p1a: Toxapex|Recover|p1a: Toxapex\n|-heal|p1a: Toxapex|99\/100 brn\n|\n|-damage|p1a: Toxapex|94\/100 brn|[from] brn\n|-damage|p2a: Gholdengo|19\/100|[from] move: Infestation|[partiallytrapped]\n|upkeep\n|turn|33\n|\n|t:|1699793312\n|move|p2a: Gholdengo|Shadow Ball|p1a: Toxapex\n|-damage|p1a: Toxapex|9\/100 brn\n|move|p1a: Toxapex|Haze|p1a: Toxapex\n|-clearallboost\n|\n|-damage|p1a: Toxapex|2\/100 brn|[from] brn\n|-damage|p2a: Gholdengo|7\/100|[from] move: Infestation|[partiallytrapped]\n|upkeep\n|turn|34\n|\n|t:|1699793330\n|move|p2a: Gholdengo|Shadow Ball|p1a: Toxapex\n|-damage|p1a: Toxapex|0 fnt\n|faint|p1a: Toxapex\n|\n|-end|p2a: Gholdengo|Infestation|[partiallytrapped]|[silent]\n|upkeep\n|\n|t:|1699793332\n|switch|p1a: Tornadus|Tornadus-Therian, M|80\/100\n|turn|35\n|\n|t:|1699793346\n|switch|p2a: Rotom|Rotom-Wash|41\/100 tox\n|-damage|p2a: Rotom|28\/100 tox|[from] Stealth Rock\n|move|p1a: Tornadus|Heat Wave|p2a: Rotom\n|-resisted|p2a: Rotom\n|-damage|p2a: Rotom|14\/100 tox\n|\n|-damage|p2a: Rotom|8\/100 tox|[from] psn\n|upkeep\n|turn|36\n|\n|t:|1699793354\n|move|p1a: Tornadus|Heat Wave|p2a: Rotom\n|-resisted|p2a: Rotom\n|-damage|p2a: Rotom|0 fnt\n|faint|p2a: Rotom\n|\n|upkeep\n|\n|t:|1699793361\n|switch|p2a: Haxorus|Haxorus, F, shiny|100\/100\n|-damage|p2a: Haxorus|88\/100|[from] Spikes\n|-damage|p2a: Haxorus|76\/100|[from] Stealth Rock\n|-ability|p2a: Haxorus|Mold Breaker\n|turn|37\n|\n|t:|1699793370\n|switch|p1a: Clefable|Clefable, M|100\/100 brn\n|move|p2a: Haxorus|Swords Dance|p2a: Haxorus\n|-boost|p2a: Haxorus|atk|2\n|\n|upkeep\n|turn|38\n|\n|t:|1699793376\n|move|p2a: Haxorus|Iron Head|p1a: Clefable\n|-supereffective|p1a: Clefable\n|-damage|p1a: Clefable|14\/100 brn\n|move|p1a: Clefable|Moonblast|p2a: Haxorus\n|-supereffective|p2a: Haxorus\n|-damage|p2a: Haxorus|0 fnt\n|faint|p2a: Haxorus\n|\n|-heal|p1a: Clefable|20\/100 brn|[from] item: Leftovers\n|upkeep\n|\n|t:|1699793395\n|switch|p2a: Lokix|Lokix, F, shiny|88\/100\n|-damage|p2a: Lokix|76\/100|[from] Spikes\n|-damage|p2a: Lokix|51\/100|[from] Stealth Rock\n|turn|39\n|c|\u2606Zarross|you have a very original team\n|\n|t:|1699793405\n|move|p1a: Clefable|Protect|p1a: Clefable\n|-singleturn|p1a: Clefable|Protect\n|move|p2a: Lokix|First Impression|p1a: Clefable\n|-activate|p1a: Clefable|move: Protect\n|\n|-heal|p1a: Clefable|26\/100 brn|[from] item: Leftovers\n|upkeep\n|turn|40\n|c|\u2606Crystal55|lol\n|\n|t:|1699793416\n|switch|p1a: Tornadus|Tornadus-Therian, M|100\/100\n|move|p2a: Lokix|U-turn|p1a: Tornadus\n|-resisted|p1a: Tornadus\n|-damage|p1a: Tornadus|53\/100\n|\n|t:|1699793422\n|switch|p2a: Cinderace|Cinderace, F|100\/100|[from] U-turn\n|\n|upkeep\n|turn|41\n|c|\u2606Crystal55|your literally using stall\n|c|\u2606Crystal55|stall is meta\n|c|\u2606Crystal55|at the moment\n|c|\u2606Zarross|that doesn't make your team less original\n|\n|t:|1699793448\n|move|p1a: Tornadus|U-turn|p2a: Cinderace\n|-resisted|p2a: Cinderace\n|-damage|p2a: Cinderace|91\/100\n|inactive|Zarross has 120 seconds left.\n|\n|t:|1699793464\n|switch|p1a: Dondozo|Dondozo, M|100\/100|[from] U-turn\n|move|p2a: Cinderace|Court Change|p2a: Cinderace\n|-start|p2a: Cinderace|typechange|Normal|[from] ability: Libero\n|-swapsideconditions\n|-activate|p2a: Cinderace|move: Court Change\n|\n|upkeep\n|turn|42\n|c|\u2606Crystal55|yours is more mainstream than mine lol\n|inactive|Zarross has 120 seconds left.\n|\n|t:|1699793477\n|switch|p2a: Lokix|Lokix, F, shiny|51\/100\n|move|p1a: Dondozo|Body Press|p2a: Lokix\n|-damage|p2a: Lokix|12\/100\n|\n|upkeep\n|turn|43\n|c|\u2606Zarross|sadly yes\n|inactive|Zarross has 120 seconds left.\n|\n|t:|1699793503\n|move|p2a: Lokix|Axe Kick|p1a: Dondozo\n|-damage|p1a: Dondozo|82\/100\n|-start|p1a: Dondozo|confusion\n|-activate|p1a: Dondozo|confusion\n|move|p1a: Dondozo|Liquidation|p2a: Lokix\n|-damage|p2a: Lokix|0 fnt\n|faint|p2a: Lokix\n|\n|upkeep\n|\n|t:|1699793511\n|switch|p2a: Gholdengo|Gholdengo|7\/100\n|turn|44\n|\n|t:|1699793519\n|switch|p1a: Clefable|Clefable, M|26\/100 brn\n|move|p2a: Gholdengo|Shadow Ball|p1a: Clefable\n|-damage|p1a: Clefable|0 fnt\n|faint|p1a: Clefable\n|\n|upkeep\n|\n|t:|1699793524\n|switch|p1a: Tornadus|Tornadus-Therian, M|86\/100\n|-damage|p1a: Tornadus|61\/100|[from] Stealth Rock\n|turn|45\n|\n|t:|1699793530\n|switch|p2a: Cinderace|Cinderace, F|91\/100\n|move|p1a: Tornadus|Knock Off|p2a: Cinderace\n|-damage|p2a: Cinderace|63\/100\n|-enditem|p2a: Cinderace|Heavy-Duty Boots|[from] move: Knock Off|[of] p1a: Tornadus\n|\n|upkeep\n|turn|46\n|\n|t:|1699793540\n|switch|p1a: Dondozo|Dondozo, M|82\/100\n|switch|p2a: Gholdengo|Gholdengo|7\/100\n|\n|upkeep\n|turn|47\n|\n|t:|1699793547\n|move|p2a: Gholdengo|Shadow Ball|p1a: Dondozo\n|-damage|p1a: Dondozo|42\/100\n|move|p1a: Dondozo|Liquidation|p2a: Gholdengo\n|-damage|p2a: Gholdengo|0 fnt\n|faint|p2a: Gholdengo\n|\n|upkeep\n|\n|t:|1699793554\n|switch|p2a: Cinderace|Cinderace, F|63\/100\n|turn|48\n|\n|t:|1699793559\n|move|p2a: Cinderace|High Jump Kick|p1a: Dondozo\n|-start|p2a: Cinderace|typechange|Fighting|[from] ability: Libero\n|-damage|p1a: Dondozo|15\/100\n|move|p1a: Dondozo|Rest|p1a: Dondozo\n|-status|p1a: Dondozo|slp|[from] move: Rest\n|-heal|p1a: Dondozo|100\/100 slp|[silent]\n|\n|upkeep\n|turn|49\n|\n|t:|1699793567\n|move|p2a: Cinderace|High Jump Kick|p1a: Dondozo\n|-crit|p1a: Dondozo\n|-damage|p1a: Dondozo|61\/100 slp\n|cant|p1a: Dondozo|slp\n|move|p1a: Dondozo|Sleep Talk|p1a: Dondozo\n|move|p1a: Dondozo|Rest||[from]move: Sleep Talk|[still]\n|-fail|p1a: Dondozo\n|\n|upkeep\n|turn|50\n|\n|t:|1699793574\n|move|p2a: Cinderace|High Jump Kick|p1a: Dondozo\n|-damage|p1a: Dondozo|32\/100 slp\n|cant|p1a: Dondozo|slp\n|move|p1a: Dondozo|Sleep Talk|p1a: Dondozo\n|move|p1a: Dondozo|Liquidation|p2a: Cinderace|[from]move: Sleep Talk\n|-damage|p2a: Cinderace|19\/100\n|-unboost|p2a: Cinderace|def|1\n|\n|upkeep\n|turn|51\n|\n|t:|1699793583\n|move|p2a: Cinderace|High Jump Kick|p1a: Dondozo\n|-damage|p1a: Dondozo|4\/100 slp\n|-curestatus|p1a: Dondozo|slp|[msg]\n|move|p1a: Dondozo|Rest|p1a: Dondozo\n|-status|p1a: Dondozo|slp|[from] move: Rest\n|-heal|p1a: Dondozo|100\/100 slp|[silent]\n|\n|upkeep\n|turn|52\n|-message|Crystal55 forfeited.\n|\n|win|Zarross\n|raw|Zarross's rating: 1497 &rarr; <strong>1525<\/strong><br \/>(+28 for winning)\n|raw|Crystal55's rating: 1634 &rarr; <strong>1606<\/strong><br \/>(-28 for losing)\n|l|\u2606Crystal55\n|c|\u2606Zarross|have a nice day\n","uploadtime":1699793605,"views":23,"p1id":"zarross","p2id":"crystal55","formatid":"gen9ou","rating":1525,"private":0,"password":""}