{"id":"gen9ou-1990752738","p1":"JboneLovesFemboys","p2":"iamold","format":"[Gen 9] OU","log":"|j|\u2606JboneLovesFemboys\n|j|\u2606iamold\n|t:|1699997554\n|gametype|singles\n|player|p1|JboneLovesFemboys|blackbelt-gen4dp|1294\n|player|p2|iamold|pilot|1393\n|teamsize|p1|6\n|teamsize|p2|6\n|gen|9\n|tier|[Gen 9] OU\n|rated|\n|rule|Sleep Clause Mod: Limit one foe put to sleep\n|rule|Species Clause: Limit one of each Pok\u00e9mon\n|rule|OHKO Clause: OHKO moves are banned\n|rule|Evasion Items Clause: Evasion items are banned\n|rule|Evasion Moves Clause: Evasion moves are banned\n|rule|Endless Battle Clause: Forcing endless battles is banned\n|rule|HP Percentage Mod: HP is shown in percentages\n|clearpoke\n|poke|p1|Ursaluna, F|\n|poke|p1|Ogerpon-Cornerstone, F|\n|poke|p1|Iron Moth|\n|poke|p1|Rillaboom, F|\n|poke|p1|Maushold|\n|poke|p1|Sandy Shocks|\n|poke|p2|Corviknight, F|\n|poke|p2|Great Tusk|\n|poke|p2|Enamorus, F|\n|poke|p2|Ogerpon-Wellspring, F|\n|poke|p2|Ceruledge, M|\n|poke|p2|Rillaboom, F|\n|teampreview\n|inactive|Battle timer is ON: inactive players will automatically lose when time's up. (requested by iamold)\n|\n|t:|1699997572\n|start\n|switch|p1a: Sandy Shocks|Sandy Shocks|100\/100\n|switch|p2a: Rillaboom|Rillaboom, F|100\/100\n|-fieldstart|move: Grassy Terrain|[from] ability: Grassy Surge|[of] p2a: Rillaboom\n|-enditem|p1a: Sandy Shocks|Booster Energy\n|-activate|p1a: Sandy Shocks|ability: Protosynthesis|[fromitem]\n|-start|p1a: Sandy Shocks|protosynthesisspe\n|turn|1\n|\n|t:|1699997586\n|-end|p1a: Sandy Shocks|Protosynthesis|[silent]\n|switch|p1a: Iron Moth|Iron Moth|100\/100\n|-enditem|p1a: Iron Moth|Booster Energy\n|-activate|p1a: Iron Moth|ability: Quark Drive|[fromitem]\n|-start|p1a: Iron Moth|quarkdrivespe\n|move|p2a: Rillaboom|U-turn|p1a: Iron Moth\n|-resisted|p1a: Iron Moth\n|-damage|p1a: Iron Moth|88\/100\n|\n|t:|1699997598\n|switch|p2a: Ceruledge|Ceruledge, M|100\/100|[from] U-turn\n|\n|-heal|p1a: Iron Moth|94\/100|[from] Grassy Terrain\n|upkeep\n|turn|2\n|\n|t:|1699997622\n|-end|p1a: Iron Moth|Quark Drive|[silent]\n|switch|p1a: Sandy Shocks|Sandy Shocks|100\/100\n|move|p2a: Ceruledge|Swords Dance|p2a: Ceruledge\n|-boost|p2a: Ceruledge|atk|2\n|\n|upkeep\n|turn|3\n|\n|t:|1699997627\n|move|p1a: Sandy Shocks|Earth Power|p2a: Ceruledge\n|-supereffective|p2a: Ceruledge\n|-enditem|p2a: Ceruledge|Focus Sash\n|-damage|p2a: Ceruledge|1\/100\n|move|p2a: Ceruledge|Bitter Blade|p1a: Sandy Shocks\n|-damage|p1a: Sandy Shocks|0 fnt\n|-heal|p2a: Ceruledge|57\/100|[from] drain|[of] p1a: Sandy Shocks\n|faint|p1a: Sandy Shocks\n|-end|p1a: Sandy Shocks|Protosynthesis|[silent]\n|\n|-heal|p2a: Ceruledge|63\/100|[from] Grassy Terrain\n|upkeep\n|\n|t:|1699997633\n|switch|p1a: Ogerpon|Ogerpon-Cornerstone, F|100\/100\n|turn|4\n|\n|t:|1699997636\n|move|p1a: Ogerpon|Ivy Cudgel|p2a: Ceruledge|[anim] Ivy Cudgel Rock\n|-supereffective|p2a: Ceruledge\n|-damage|p2a: Ceruledge|0 fnt\n|faint|p2a: Ceruledge\n|\n|upkeep\n|\n|t:|1699997639\n|switch|p2a: Corviknight|Corviknight, F|100\/100\n|turn|5\n|\n|t:|1699997646\n|switch|p1a: Iron Moth|Iron Moth|94\/100\n|move|p2a: Corviknight|Agility|p2a: Corviknight\n|-boost|p2a: Corviknight|spe|2\n|\n|-heal|p1a: Iron Moth|99\/100|[from] Grassy Terrain\n|-fieldend|move: Grassy Terrain\n|upkeep\n|turn|6\n|\n|t:|1699997650\n|-terastallize|p2a: Corviknight|Dark\n|move|p2a: Corviknight|Bulk Up|p2a: Corviknight\n|-boost|p2a: Corviknight|atk|1\n|-boost|p2a: Corviknight|def|1\n|move|p1a: Iron Moth|Fiery Dance|p2a: Corviknight\n|-damage|p2a: Corviknight|62\/100\n|-boost|p1a: Iron Moth|spa|1\n|\n|upkeep\n|turn|7\n|\n|t:|1699997657\n|move|p2a: Corviknight|Power Trip|p1a: Iron Moth\n|-damage|p1a: Iron Moth|18\/100\n|move|p1a: Iron Moth|Fiery Dance|p2a: Corviknight\n|-damage|p2a: Corviknight|4\/100\n|-boost|p1a: Iron Moth|spa|1\n|\n|upkeep\n|turn|8\n|\n|t:|1699997663\n|move|p2a: Corviknight|Power Trip|p1a: Iron Moth\n|-damage|p1a: Iron Moth|0 fnt\n|faint|p1a: Iron Moth\n|-end|p1a: Iron Moth|Quark Drive|[silent]\n|\n|upkeep\n|\n|t:|1699997666\n|switch|p1a: Rillaboom|Rillaboom, F|100\/100\n|-fieldstart|move: Grassy Terrain|[from] ability: Grassy Surge|[of] p1a: Rillaboom\n|turn|9\n|\n|t:|1699997669\n|move|p1a: Rillaboom|Grassy Glide|p2a: Corviknight\n|-damage|p2a: Corviknight|0 fnt\n|faint|p2a: Corviknight\n|\n|upkeep\n|\n|t:|1699997671\n|switch|p2a: Rillaboom|Rillaboom, F|100\/100\n|turn|10\n|\n|t:|1699997675\n|move|p1a: Rillaboom|Grassy Glide|p2a: Rillaboom\n|-resisted|p2a: Rillaboom\n|-damage|p2a: Rillaboom|70\/100\n|move|p2a: Rillaboom|U-turn|p1a: Rillaboom\n|-supereffective|p1a: Rillaboom\n|-damage|p1a: Rillaboom|17\/100\n|\n|t:|1699997679\n|switch|p2a: Enamorus|Enamorus, F|100\/100|[from] U-turn\n|\n|-heal|p1a: Rillaboom|24\/100|[from] Grassy Terrain\n|upkeep\n|turn|11\n|\n|t:|1699997684\n|switch|p1a: Maushold|Maushold|100\/100\n|move|p2a: Enamorus|Moonblast|p1a: Maushold\n|-damage|p1a: Maushold|0 fnt\n|faint|p1a: Maushold\n|\n|upkeep\n|\n|t:|1699997687\n|switch|p1a: Ogerpon|Ogerpon-Cornerstone, F|100\/100\n|turn|12\n|\n|t:|1699997689\n|move|p1a: Ogerpon|Ivy Cudgel|p2a: Enamorus|[anim] Ivy Cudgel Rock\n|-supereffective|p2a: Enamorus\n|-damage|p2a: Enamorus|0 fnt\n|faint|p2a: Enamorus\n|\n|upkeep\n|\n|t:|1699997693\n|switch|p2a: Rillaboom|Rillaboom, F|70\/100\n|turn|13\n|\n|t:|1699997703\n|switch|p1a: Rillaboom|Rillaboom, F|24\/100\n|move|p2a: Rillaboom|Grassy Glide|p1a: Rillaboom\n|-resisted|p1a: Rillaboom\n|-damage|p1a: Rillaboom|0 fnt\n|faint|p1a: Rillaboom\n|\n|-heal|p2a: Rillaboom|76\/100|[from] Grassy Terrain\n|-fieldend|move: Grassy Terrain\n|upkeep\n|\n|t:|1699997706\n|switch|p1a: Ursaluna|Ursaluna, F|100\/100\n|turn|14\n|\n|t:|1699997711\n|move|p2a: Rillaboom|Grassy Glide|p1a: Ursaluna\n|-supereffective|p1a: Ursaluna\n|-damage|p1a: Ursaluna|36\/100\n|move|p1a: Ursaluna|Swords Dance|p1a: Ursaluna\n|-boost|p1a: Ursaluna|atk|2\n|\n|-status|p1a: Ursaluna|brn|[from] item: Flame Orb\n|upkeep\n|turn|15\n|\n|t:|1699997715\n|-terastallize|p1a: Ursaluna|Ghost\n|move|p2a: Rillaboom|Grassy Glide|p1a: Ursaluna\n|-damage|p1a: Ursaluna|0 fnt\n|faint|p1a: Ursaluna\n|\n|upkeep\n|-message|JboneLovesFemboys forfeited.\n|\n|win|iamold\n|raw|JboneLovesFemboys's rating: 1294 &rarr; <strong>1276<\/strong><br \/>(-18 for losing)\n|raw|iamold's rating: 1393 &rarr; <strong>1407<\/strong><br \/>(+14 for winning)\n|l|\u2606JboneLovesFemboys\n","uploadtime":1699997727,"views":17,"p1id":"jbonelovesfemboys","p2id":"iamold","formatid":"gen9ou","rating":1276,"private":0,"password":""}