{"id":"gen9ou-1992741999","p1":"Bohbohboh","p2":"Nakafuyu Yuki","format":"[Gen 9] OU","log":"|j|\u2606Bohbohboh\n|j|\u2606Nakafuyu Yuki\n|t:|1700231198\n|gametype|singles\n|player|p1|Bohbohboh|preschooler|\n|player|p2|Nakafuyu Yuki|picnicker|\n|teamsize|p1|6\n|teamsize|p2|6\n|gen|9\n|tier|[Gen 9] OU\n|rule|Sleep Clause Mod: Limit one foe put to sleep\n|rule|Species Clause: Limit one of each Pok\u00e9mon\n|rule|OHKO Clause: OHKO moves are banned\n|rule|Evasion Items Clause: Evasion items are banned\n|rule|Evasion Moves Clause: Evasion moves are banned\n|rule|Endless Battle Clause: Forcing endless battles is banned\n|rule|HP Percentage Mod: HP is shown in percentages\n|clearpoke\n|poke|p1|Lycanroc, M|\n|poke|p1|Infernape, M|\n|poke|p1|Corviknight, M|\n|poke|p1|Naclstack, M|\n|poke|p1|Scizor, F|\n|poke|p1|Rillaboom, F|\n|poke|p2|Samurott-Hisui, F|\n|poke|p2|Oricorio, F|\n|poke|p2|Dipplin, F|\n|poke|p2|Slowbro, F|\n|poke|p2|Mismagius, F|\n|poke|p2|Spidops, F|\n|teampreview\n|inactive|Battle timer is ON: inactive players will automatically lose when time's up. (requested by Nakafuyu Yuki)\n|\n|t:|1700231218\n|start\n|switch|p1a: Corviknight|Corviknight, M|100\/100\n|switch|p2a: Spidops|Spidops, F|100\/100\n|-ability|p1a: Corviknight|Pressure\n|turn|1\n|\n|t:|1700231245\n|switch|p1a: Naclstack|Naclstack, M|100\/100\n|move|p2a: Spidops|Sticky Web|p1a: Naclstack\n|-sidestart|p1: Bohbohboh|move: Sticky Web\n|\n|upkeep\n|turn|2\n|\n|t:|1700231250\n|move|p1a: Naclstack|Stealth Rock|p2a: Spidops\n|-sidestart|p2: Nakafuyu Yuki|move: Stealth Rock\n|move|p2a: Spidops|Circle Throw|p1a: Naclstack\n|-supereffective|p1a: Naclstack\n|-damage|p1a: Naclstack|85\/100\n|drag|p1a: Infernape|Infernape, M|100\/100\n|-activate|p1a: Infernape|move: Sticky Web\n|-unboost|p1a: Infernape|spe|1\n|\n|upkeep\n|turn|3\n|\n|t:|1700231264\n|move|p1a: Infernape|Flare Blitz|p2a: Spidops\n|-supereffective|p2a: Spidops\n|-crit|p2a: Spidops\n|-enditem|p2a: Spidops|Focus Sash\n|-damage|p2a: Spidops|1\/100\n|-damage|p1a: Infernape|64\/100|[from] Recoil\n|move|p2a: Spidops|Spikes|p1a: Infernape\n|-sidestart|p1: Bohbohboh|Spikes\n|\n|upkeep\n|turn|4\n|\n|t:|1700231273\n|switch|p1a: Scizor|Scizor, F|100\/100\n|-activate|p1a: Scizor|move: Sticky Web\n|-unboost|p1a: Scizor|spe|1\n|-damage|p1a: Scizor|88\/100|[from] Spikes\n|move|p2a: Spidops|Spikes|p1a: Scizor\n|-sidestart|p1: Bohbohboh|Spikes\n|\n|upkeep\n|turn|5\n|\n|t:|1700231276\n|move|p1a: Scizor|Bullet Punch|p2a: Spidops\n|-damage|p2a: Spidops|0 fnt\n|faint|p2a: Spidops\n|\n|upkeep\n|\n|t:|1700231289\n|switch|p2a: Oricorio|Oricorio, F|100\/100\n|turn|6\n|\n|t:|1700231301\n|move|p2a: Oricorio|Revelation Dance|p1a: Scizor\n|-supereffective|p1a: Scizor\n|-damage|p1a: Scizor|0 fnt\n|faint|p1a: Scizor\n|\n|upkeep\n|\n|t:|1700231309\n|switch|p1a: Lycanroc|Lycanroc, M|100\/100\n|-activate|p1a: Lycanroc|move: Sticky Web\n|-unboost|p1a: Lycanroc|spe|1\n|-damage|p1a: Lycanroc|84\/100|[from] Spikes\n|turn|7\n|\n|t:|1700231315\n|switch|p2a: Dipplin|Dipplin, F|100\/100\n|-damage|p2a: Dipplin|88\/100|[from] Stealth Rock\n|move|p1a: Lycanroc|Accelerock|p2a: Dipplin\n|-damage|p2a: Dipplin|57\/100\n|\n|upkeep\n|turn|8\n|\n|t:|1700231326\n|switch|p1a: Rillaboom|Rillaboom, F|100\/100\n|-activate|p1a: Rillaboom|move: Sticky Web\n|-unboost|p1a: Rillaboom|spe|1\n|-damage|p1a: Rillaboom|84\/100|[from] Spikes\n|-fieldstart|move: Grassy Terrain|[from] ability: Grassy Surge|[of] p1a: Rillaboom\n|move|p2a: Dipplin|Energy Ball|p1a: Rillaboom\n|-resisted|p1a: Rillaboom\n|-damage|p1a: Rillaboom|40\/100\n|-damage|p2a: Dipplin|47\/100|[from] item: Life Orb\n|\n|-heal|p1a: Rillaboom|47\/100|[from] Grassy Terrain\n|-heal|p2a: Dipplin|53\/100|[from] Grassy Terrain\n|upkeep\n|turn|9\n|\n|t:|1700231334\n|move|p1a: Rillaboom|U-turn|p2a: Dipplin\n|-supereffective|p2a: Dipplin\n|-damage|p2a: Dipplin|0 fnt\n|faint|p2a: Dipplin\n|\n|t:|1700231352\n|switch|p1a: Naclstack|Naclstack, M|85\/100|[from] U-turn\n|-activate|p1a: Naclstack|move: Sticky Web\n|-unboost|p1a: Naclstack|spe|1\n|-damage|p1a: Naclstack|68\/100|[from] Spikes\n|\n|-heal|p1a: Naclstack|75\/100|[from] Grassy Terrain\n|upkeep\n|\n|t:|1700231372\n|switch|p2a: Mismagius|Mismagius, F|100\/100\n|-damage|p2a: Mismagius|88\/100|[from] Stealth Rock\n|turn|10\n|\n|t:|1700231380\n|move|p2a: Mismagius|Substitute|p2a: Mismagius\n|-start|p2a: Mismagius|Substitute\n|-damage|p2a: Mismagius|63\/100\n|move|p1a: Naclstack|Salt Cure|p2a: Mismagius\n|-activate|p2a: Mismagius|move: Substitute|[damage]\n|\n|-heal|p2a: Mismagius|69\/100|[from] item: Leftovers\n|-heal|p1a: Naclstack|81\/100|[from] Grassy Terrain\n|upkeep\n|turn|11\n|\n|t:|1700231385\n|move|p2a: Mismagius|Nasty Plot|p2a: Mismagius\n|-boost|p2a: Mismagius|spa|2\n|move|p1a: Naclstack|Salt Cure|p2a: Mismagius\n|-crit|p2a: Mismagius\n|-end|p2a: Mismagius|Substitute\n|\n|-heal|p2a: Mismagius|76\/100|[from] item: Leftovers\n|-heal|p1a: Naclstack|87\/100|[from] Grassy Terrain\n|upkeep\n|turn|12\n|\n|t:|1700231392\n|move|p2a: Mismagius|Substitute|p2a: Mismagius\n|-start|p2a: Mismagius|Substitute\n|-damage|p2a: Mismagius|51\/100\n|move|p1a: Naclstack|Salt Cure|p2a: Mismagius\n|-activate|p2a: Mismagius|move: Substitute|[damage]\n|\n|-heal|p2a: Mismagius|57\/100|[from] item: Leftovers\n|-heal|p1a: Naclstack|93\/100|[from] Grassy Terrain\n|-fieldend|move: Grassy Terrain\n|upkeep\n|turn|13\n|\n|t:|1700231399\n|move|p2a: Mismagius|Nasty Plot|p2a: Mismagius\n|-boost|p2a: Mismagius|spa|2\n|move|p1a: Naclstack|Salt Cure|p2a: Mismagius\n|-end|p2a: Mismagius|Substitute\n|\n|-heal|p2a: Mismagius|63\/100|[from] item: Leftovers\n|upkeep\n|turn|14\n|\n|t:|1700231404\n|move|p2a: Mismagius|Substitute|p2a: Mismagius\n|-start|p2a: Mismagius|Substitute\n|-damage|p2a: Mismagius|38\/100\n|move|p1a: Naclstack|Salt Cure|p2a: Mismagius\n|-activate|p2a: Mismagius|move: Substitute|[damage]\n|\n|-heal|p2a: Mismagius|44\/100|[from] item: Leftovers\n|upkeep\n|turn|15\n|\n|t:|1700231412\n|-terastallize|p2a: Mismagius|Fairy\n|move|p2a: Mismagius|Draining Kiss|p1a: Naclstack\n|-damage|p1a: Naclstack|14\/100\n|-heal|p2a: Mismagius|100\/100|[from] drain|[of] p1a: Naclstack\n|move|p1a: Naclstack|Salt Cure|p2a: Mismagius\n|-end|p2a: Mismagius|Substitute\n|\n|upkeep\n|turn|16\n|\n|t:|1700231418\n|move|p2a: Mismagius|Substitute|p2a: Mismagius\n|-start|p2a: Mismagius|Substitute\n|-damage|p2a: Mismagius|76\/100\n|move|p1a: Naclstack|Salt Cure|p2a: Mismagius\n|-activate|p2a: Mismagius|move: Substitute|[damage]\n|\n|-heal|p2a: Mismagius|82\/100|[from] item: Leftovers\n|upkeep\n|turn|17\n|\n|t:|1700231420\n|move|p2a: Mismagius|Nasty Plot|p2a: Mismagius\n|-boost|p2a: Mismagius|spa|2\n|move|p1a: Naclstack|Salt Cure|p2a: Mismagius\n|-end|p2a: Mismagius|Substitute\n|\n|-heal|p2a: Mismagius|88\/100|[from] item: Leftovers\n|upkeep\n|turn|18\n|\n|t:|1700231432\n|switch|p1a: Rillaboom|Rillaboom, F|47\/100\n|-activate|p1a: Rillaboom|move: Sticky Web\n|-unboost|p1a: Rillaboom|spe|1\n|-damage|p1a: Rillaboom|30\/100|[from] Spikes\n|-fieldstart|move: Grassy Terrain|[from] ability: Grassy Surge|[of] p1a: Rillaboom\n|move|p2a: Mismagius|Substitute|p2a: Mismagius\n|-start|p2a: Mismagius|Substitute\n|-damage|p2a: Mismagius|63\/100\n|\n|-heal|p2a: Mismagius|69\/100|[from] item: Leftovers\n|-heal|p1a: Rillaboom|36\/100|[from] Grassy Terrain\n|upkeep\n|turn|19\n|\n|t:|1700231436\n|move|p1a: Rillaboom|Grassy Glide|p2a: Mismagius\n|-end|p2a: Mismagius|Substitute\n|move|p2a: Mismagius|Draining Kiss|p1a: Rillaboom\n|-damage|p1a: Rillaboom|0 fnt\n|-heal|p2a: Mismagius|100\/100|[from] drain|[of] p1a: Rillaboom\n|faint|p1a: Rillaboom\n|\n|upkeep\n|\n|t:|1700231447\n|switch|p1a: Lycanroc|Lycanroc, M|84\/100\n|-activate|p1a: Lycanroc|move: Sticky Web\n|-unboost|p1a: Lycanroc|spe|1\n|-damage|p1a: Lycanroc|68\/100|[from] Spikes\n|turn|20\n|\n|t:|1700231451\n|move|p1a: Lycanroc|Accelerock|p2a: Mismagius\n|-damage|p2a: Mismagius|45\/100\n|move|p2a: Mismagius|Draining Kiss|p1a: Lycanroc\n|-damage|p1a: Lycanroc|0 fnt\n|-heal|p2a: Mismagius|100\/100|[from] drain|[of] p1a: Lycanroc\n|faint|p1a: Lycanroc\n|\n|upkeep\n|\n|t:|1700231457\n|switch|p1a: Corviknight|Corviknight, M|100\/100\n|-ability|p1a: Corviknight|Pressure\n|turn|21\n|\n|t:|1700231464\n|move|p2a: Mismagius|Shadow Ball|p1a: Corviknight\n|-crit|p1a: Corviknight\n|-damage|p1a: Corviknight|0 fnt\n|faint|p1a: Corviknight\n|\n|upkeep\n|\n|t:|1700231468\n|switch|p1a: Infernape|Infernape, M|64\/100\n|-activate|p1a: Infernape|move: Sticky Web\n|-unboost|p1a: Infernape|spe|1\n|-damage|p1a: Infernape|48\/100|[from] Spikes\n|turn|22\n|\n|t:|1700231476\n|-terastallize|p1a: Infernape|Fire\n|move|p1a: Infernape|Flare Blitz|p2a: Mismagius\n|-damage|p2a: Mismagius|0 fnt\n|faint|p2a: Mismagius\n|-damage|p1a: Infernape|19\/100|[from] Recoil\n|\n|-heal|p1a: Infernape|25\/100|[from] Grassy Terrain\n|-fieldend|move: Grassy Terrain\n|upkeep\n|\n|t:|1700231482\n|switch|p2a: Slowbro|Slowbro, F|100\/100\n|turn|23\n|c|\u2606Bohbohboh|nooo\n|c|\u2606Bohbohboh|t n\u00ean cho ra s\u1edbm h\u01a1n\n|\n|t:|1700231491\n|switch|p1a: Naclstack|Naclstack, M|14\/100\n|-activate|p1a: Naclstack|move: Sticky Web\n|-unboost|p1a: Naclstack|spe|1\n|-damage|p1a: Naclstack|0 fnt|[from] Spikes\n|faint|p1a: Naclstack\n|move|p2a: Slowbro|Scald|p1: Naclstack|[notarget]\n|-fail|p2a: Slowbro\n|\n|upkeep\n|\n|t:|1700231493\n|switch|p1a: Infernape|Infernape, M, tera:Fire|25\/100\n|-activate|p1a: Infernape|move: Sticky Web\n|-unboost|p1a: Infernape|spe|1\n|-damage|p1a: Infernape|8\/100|[from] Spikes\n|turn|24\n|\n|t:|1700231494\n|move|p1a: Infernape|Thunder Punch|p2a: Slowbro\n|-supereffective|p2a: Slowbro\n|-damage|p2a: Slowbro|71\/100\n|move|p2a: Slowbro|Scald|p1a: Infernape\n|-supereffective|p1a: Infernape\n|-damage|p1a: Infernape|0 fnt\n|faint|p1a: Infernape\n|\n|win|Nakafuyu Yuki\n|c|\u2606Nakafuyu Yuki|gg bro\n","uploadtime":1700231507,"views":39,"p1id":"bohbohboh","p2id":"nakafuyuyuki","formatid":"gen9ou","rating":0,"private":0,"password":""}