{"id":"gen9ou-1990689343","p1":"YOSHlNlAN","p2":"veryexpensivecar","format":"[Gen 9] OU","log":"|j|\u2606YOSHlNlAN\n|j|\u2606veryexpensivecar\n|t:|1699991975\n|gametype|singles\n|player|p1|YOSHlNlAN|colress|1474\n|player|p2|veryexpensivecar|265|1405\n|teamsize|p1|6\n|teamsize|p2|6\n|gen|9\n|tier|[Gen 9] OU\n|rated|\n|rule|Sleep Clause Mod: Limit one foe put to sleep\n|rule|Species Clause: Limit one of each Pok\u00e9mon\n|rule|OHKO Clause: OHKO moves are banned\n|rule|Evasion Items Clause: Evasion items are banned\n|rule|Evasion Moves Clause: Evasion moves are banned\n|rule|Endless Battle Clause: Forcing endless battles is banned\n|rule|HP Percentage Mod: HP is shown in percentages\n|clearpoke\n|poke|p1|Corviknight, M|\n|poke|p1|Iron Valiant|\n|poke|p1|Meowscarada, F|\n|poke|p1|Mew|\n|poke|p1|Heatran, M|\n|poke|p1|Walking Wake|\n|poke|p2|Dragapult, F|\n|poke|p2|Iron Valiant|\n|poke|p2|Weavile, M|\n|poke|p2|Cinderace, M|\n|poke|p2|Great Tusk|\n|poke|p2|Gholdengo|\n|teampreview\n|inactive|Battle timer is ON: inactive players will automatically lose when time's up. (requested by YOSHlNlAN)\n|\n|t:|1699991997\n|start\n|switch|p1a: Mew|Mew, shiny|100\/100\n|switch|p2a: Weavile|Weavile, M|100\/100\n|-ability|p2a: Weavile|Pressure\n|turn|1\n|\n|t:|1699992005\n|move|p2a: Weavile|Beat Up|p1a: Mew\n|-supereffective|p1a: Mew\n|-damage|p1a: Mew|78\/100\n|-supereffective|p1a: Mew\n|-damage|p1a: Mew|52\/100\n|-supereffective|p1a: Mew\n|-damage|p1a: Mew|33\/100\n|-supereffective|p1a: Mew\n|-damage|p1a: Mew|13\/100\n|-supereffective|p1a: Mew\n|-crit|p1a: Mew\n|-damage|p1a: Mew|0 fnt\n|faint|p1a: Mew\n|-hitcount|p1: Mew|5\n|\n|upkeep\n|\n|t:|1699992009\n|switch|p1a: Meowscarada|Meowscarada, F|100\/100\n|turn|2\n|\n|t:|1699992018\n|switch|p1a: Corviknight|Corviknight, M, shiny|100\/100\n|-ability|p1a: Corviknight|Pressure\n|move|p2a: Weavile|Beat Up|p1a: Corviknight\n|-damage|p1a: Corviknight|92\/100\n|-damage|p1a: Corviknight|84\/100\n|-damage|p1a: Corviknight|77\/100\n|-damage|p1a: Corviknight|70\/100\n|-damage|p1a: Corviknight|62\/100\n|-damage|p1a: Corviknight|56\/100\n|-hitcount|p1a: Corviknight|6\n|\n|upkeep\n|turn|3\n|\n|t:|1699992024\n|-terastallize|p2a: Weavile|Dark\n|move|p2a: Weavile|Beat Up|p1a: Corviknight\n|-damage|p1a: Corviknight|46\/100\n|-crit|p1a: Corviknight\n|-damage|p1a: Corviknight|29\/100\n|-damage|p1a: Corviknight|19\/100\n|-damage|p1a: Corviknight|10\/100\n|-damage|p1a: Corviknight|0 fnt\n|faint|p1a: Corviknight\n|-hitcount|p1: Corviknight|5\n|\n|upkeep\n|\n|t:|1699992027\n|switch|p1a: Iron Valiant|Iron Valiant, shiny|100\/100\n|-enditem|p1a: Iron Valiant|Booster Energy\n|-activate|p1a: Iron Valiant|ability: Quark Drive|[fromitem]\n|-start|p1a: Iron Valiant|quarkdrivespe\n|turn|4\n|\n|t:|1699992037\n|switch|p2a: Gholdengo|Gholdengo|100\/100\n|move|p1a: Iron Valiant|Swords Dance|p1a: Iron Valiant\n|-boost|p1a: Iron Valiant|atk|2\n|\n|upkeep\n|turn|5\n|\n|t:|1699992043\n|switch|p2a: Iron Valiant|Iron Valiant, shiny|100\/100\n|-enditem|p2a: Iron Valiant|Booster Energy\n|-activate|p2a: Iron Valiant|ability: Quark Drive|[fromitem]\n|-start|p2a: Iron Valiant|quarkdrivespe\n|move|p1a: Iron Valiant|Knock Off|p2a: Iron Valiant\n|-resisted|p2a: Iron Valiant\n|-damage|p2a: Iron Valiant|87\/100\n|\n|upkeep\n|turn|6\n|\n|t:|1699992048\n|move|p2a: Iron Valiant|Moonblast|p1a: Iron Valiant\n|-supereffective|p1a: Iron Valiant\n|-damage|p1a: Iron Valiant|0 fnt\n|faint|p1a: Iron Valiant\n|-end|p1a: Iron Valiant|Quark Drive|[silent]\n|\n|upkeep\n|-message|YOSHlNlAN forfeited.\n|\n|win|veryexpensivecar\n|raw|YOSHlNlAN's rating: 1474 &rarr; <strong>1450<\/strong><br \/>(-24 for losing)\n|raw|veryexpensivecar's rating: 1405 &rarr; <strong>1429<\/strong><br \/>(+24 for winning)\n|l|\u2606YOSHlNlAN\n","uploadtime":1699992057,"views":6,"p1id":"yoshlnlan","p2id":"veryexpensivecar","formatid":"gen9ou","rating":1429,"private":0,"password":""}