{"id":"gen9ou-1995497325","p1":"Smoore996","p2":"dagger4275","format":"[Gen 9] OU","log":"|j|\u203dSmoore996\n|j|\u2606dagger4275\n|t:|1700577188\n|gametype|singles\n|player|p1|Smoore996|volo|1088\n|player|p2|dagger4275|fisherman-gen4|1008\n|teamsize|p1|6\n|teamsize|p2|6\n|gen|9\n|tier|[Gen 9] OU\n|rated|\n|rule|Sleep Clause Mod: Limit one foe put to sleep\n|rule|Species Clause: Limit one of each Pok\u00e9mon\n|rule|OHKO Clause: OHKO moves are banned\n|rule|Evasion Items Clause: Evasion items are banned\n|rule|Evasion Moves Clause: Evasion moves are banned\n|rule|Endless Battle Clause: Forcing endless battles is banned\n|rule|HP Percentage Mod: HP is shown in percentages\n|clearpoke\n|poke|p1|Decidueye-Hisui, M|\n|poke|p1|Rillaboom, M|\n|poke|p1|Jumpluff, M|\n|poke|p1|Ogerpon-Wellspring, F|\n|poke|p1|Tyranitar, M|\n|poke|p1|Iron Treads|\n|poke|p2|Noivern, F|\n|poke|p2|Infernape, F|\n|poke|p2|Empoleon, M|\n|poke|p2|Yanmega, F|\n|poke|p2|Clodsire, F|\n|poke|p2|Brambleghast, F|\n|teampreview\n|inactive|Battle timer is ON: inactive players will automatically lose when time's up. (requested by dagger4275)\n|\n|t:|1700577198\n|start\n|switch|p1a: Decidueye|Decidueye-Hisui, M, shiny|100\/100\n|switch|p2a: Empoleon|Empoleon, M|100\/100\n|turn|1\n|\n|t:|1700577211\n|switch|p2a: Noivern|Noivern, F|100\/100\n|move|p1a: Decidueye|Triple Arrows|p2a: Noivern\n|-resisted|p2a: Noivern\n|-damage|p2a: Noivern|67\/100\n|-unboost|p2a: Noivern|def|1\n|\n|upkeep\n|turn|2\n|\n|t:|1700577224\n|switch|p1a: Tyranitar|Tyranitar, M, shiny|100\/100\n|-weather|Sandstorm|[from] ability: Sand Stream|[of] p1a: Tyranitar\n|move|p2a: Noivern|Hurricane|p1a: Tyranitar\n|-resisted|p1a: Tyranitar\n|-damage|p1a: Tyranitar|77\/100\n|-start|p1a: Tyranitar|confusion\n|-damage|p2a: Noivern|57\/100|[from] item: Life Orb\n|\n|-weather|Sandstorm|[upkeep]\n|-damage|p2a: Noivern|51\/100|[from] Sandstorm\n|-heal|p1a: Tyranitar|83\/100|[from] item: Leftovers\n|upkeep\n|turn|3\n|\n|t:|1700577238\n|switch|p2a: Empoleon|Empoleon, M|100\/100\n|-activate|p1a: Tyranitar|confusion\n|move|p1a: Tyranitar|Dragon Dance|p1a: Tyranitar\n|-boost|p1a: Tyranitar|atk|1\n|-boost|p1a: Tyranitar|spe|1\n|\n|-weather|Sandstorm|[upkeep]\n|-heal|p1a: Tyranitar|89\/100|[from] item: Leftovers\n|upkeep\n|turn|4\n|\n|t:|1700577250\n|-activate|p1a: Tyranitar|confusion\n|move|p1a: Tyranitar|Crunch|p2a: Empoleon\n|-damage|p2a: Empoleon|28\/100\n|move|p2a: Empoleon|Flash Cannon|p1a: Tyranitar\n|-supereffective|p1a: Tyranitar\n|-damage|p1a: Tyranitar|34\/100\n|\n|-weather|Sandstorm|[upkeep]\n|-heal|p1a: Tyranitar|40\/100|[from] item: Leftovers\n|-heal|p2a: Empoleon|35\/100|[from] item: Leftovers\n|upkeep\n|turn|5\n|\n|t:|1700577265\n|-activate|p1a: Tyranitar|confusion\n|move|p1a: Tyranitar|Dragon Dance|p1a: Tyranitar\n|-boost|p1a: Tyranitar|atk|1\n|-boost|p1a: Tyranitar|spe|1\n|move|p2a: Empoleon|Flash Cannon|p1a: Tyranitar\n|-supereffective|p1a: Tyranitar\n|-damage|p1a: Tyranitar|0 fnt\n|faint|p1a: Tyranitar\n|\n|-weather|Sandstorm|[upkeep]\n|-heal|p2a: Empoleon|41\/100|[from] item: Leftovers\n|upkeep\n|\n|t:|1700577280\n|switch|p1a: Decidueye|Decidueye-Hisui, M, shiny|100\/100\n|turn|6\n|\n|t:|1700577288\n|switch|p2a: Yanmega|Yanmega, F|100\/100\n|move|p1a: Decidueye|Triple Arrows|p2a: Yanmega\n|-resisted|p2a: Yanmega\n|-damage|p2a: Yanmega|86\/100\n|\n|-weather|none\n|upkeep\n|turn|7\n|\n|t:|1700577302\n|switch|p1a: Iron Treads|Iron Treads|100\/100\n|move|p2a: Yanmega|Psychic|p1a: Iron Treads\n|-resisted|p1a: Iron Treads\n|-crit|p1a: Iron Treads\n|-damage|p1a: Iron Treads|23\/100\n|-damage|p2a: Yanmega|76\/100|[from] item: Life Orb\n|\n|upkeep\n|turn|8\n|\n|t:|1700577323\n|move|p1a: Iron Treads|Ice Spinner|p2a: Yanmega\n|-supereffective|p2a: Yanmega\n|-damage|p2a: Yanmega|0 fnt\n|faint|p2a: Yanmega\n|-damage|p1a: Iron Treads|13\/100|[from] item: Life Orb\n|\n|upkeep\n|\n|t:|1700577328\n|switch|p2a: Infernape|Infernape, F|100\/100\n|turn|9\n|\n|t:|1700577333\n|move|p2a: Infernape|U-turn|p1a: Iron Treads\n|-resisted|p1a: Iron Treads\n|-damage|p1a: Iron Treads|0 fnt\n|faint|p1a: Iron Treads\n|-end|p1a: Iron Treads|Quark Drive|[silent]\n|-damage|p2a: Infernape|91\/100|[from] item: Life Orb\n|\n|t:|1700577345\n|switch|p2a: Noivern|Noivern, F|51\/100|[from] U-turn\n|\n|upkeep\n|\n|t:|1700577374\n|switch|p1a: Jumpluff|Jumpluff, M, shiny|100\/100\n|turn|10\n|\n|t:|1700577377\n|move|p2a: Noivern|Hurricane|p1a: Jumpluff\n|-supereffective|p1a: Jumpluff\n|-damage|p1a: Jumpluff|0 fnt\n|faint|p1a: Jumpluff\n|-damage|p2a: Noivern|41\/100|[from] item: Life Orb\n|\n|upkeep\n|\n|t:|1700577389\n|switch|p1a: Ogerpon|Ogerpon-Wellspring, F|100\/100\n|turn|11\n|\n|t:|1700577396\n|-terastallize|p1a: Ogerpon|Water\n|detailschange|p1a: Ogerpon|Ogerpon-Wellspring-Tera, F, tera:Water\n|-ability|p1a: Ogerpon|Embody Aspect (Wellspring)|boost\n|-boost|p1a: Ogerpon|spd|1\n|move|p2a: Noivern|Draco Meteor|p1a: Ogerpon\n|-damage|p1a: Ogerpon|42\/100\n|-unboost|p2a: Noivern|spa|2\n|-damage|p2a: Noivern|31\/100|[from] item: Life Orb\n|move|p1a: Ogerpon|Ivy Cudgel|p2a: Noivern|[anim] Ivy Cudgel Water\n|-resisted|p2a: Noivern\n|-damage|p2a: Noivern|0 fnt\n|faint|p2a: Noivern\n|\n|upkeep\n|\n|t:|1700577410\n|switch|p2a: Brambleghast|Brambleghast, F|100\/100\n|turn|12\n|\n|t:|1700577418\n|switch|p1a: Rillaboom|Rillaboom, M, shiny|100\/100\n|-fieldstart|move: Grassy Terrain|[from] ability: Grassy Surge|[of] p1a: Rillaboom\n|move|p2a: Brambleghast|Shadow Sneak|p1a: Rillaboom\n|-damage|p1a: Rillaboom|76\/100\n|\n|-heal|p1a: Rillaboom|82\/100|[from] Grassy Terrain\n|upkeep\n|turn|13\n|\n|t:|1700577428\n|switch|p2a: Empoleon|Empoleon, M|41\/100\n|move|p1a: Rillaboom|Bulk Up|p1a: Rillaboom\n|-boost|p1a: Rillaboom|atk|1\n|-boost|p1a: Rillaboom|def|1\n|\n|-heal|p1a: Rillaboom|88\/100|[from] Grassy Terrain\n|-heal|p2a: Empoleon|47\/100|[from] Grassy Terrain\n|-heal|p2a: Empoleon|53\/100|[from] item: Leftovers\n|upkeep\n|turn|14\n|\n|t:|1700577440\n|move|p1a: Rillaboom|Drain Punch|p2a: Empoleon\n|-supereffective|p2a: Empoleon\n|-damage|p2a: Empoleon|0 fnt\n|-heal|p1a: Rillaboom|100\/100|[from] drain|[of] p2a: Empoleon\n|faint|p2a: Empoleon\n|\n|upkeep\n|\n|t:|1700577444\n|switch|p2a: Infernape|Infernape, F|91\/100\n|turn|15\n|\n|t:|1700577448\n|-terastallize|p2a: Infernape|Fire\n|move|p1a: Rillaboom|Grassy Glide|p2a: Infernape\n|-resisted|p2a: Infernape\n|-damage|p2a: Infernape|47\/100\n|move|p2a: Infernape|Raging Fury|p1a: Rillaboom\n|-supereffective|p1a: Rillaboom\n|-damage|p1a: Rillaboom|0 fnt\n|faint|p1a: Rillaboom\n|-damage|p2a: Infernape|37\/100|[from] item: Life Orb\n|\n|-heal|p2a: Infernape|44\/100|[from] Grassy Terrain\n|upkeep\n|\n|t:|1700577462\n|switch|p1a: Ogerpon|Ogerpon-Wellspring-Tera, F, tera:Water|42\/100\n|-ability|p1a: Ogerpon|Embody Aspect (Wellspring)|boost\n|-boost|p1a: Ogerpon|spd|1\n|turn|16\n|\n|t:|1700577467\n|move|p1a: Ogerpon|Spiky Shield|p1a: Ogerpon\n|-singleturn|p1a: Ogerpon|move: Protect\n|move|p2a: Infernape|Raging Fury|p1a: Ogerpon|[from]lockedmove\n|-activate|p1a: Ogerpon|move: Protect\n|-start|p2a: Infernape|confusion|[fatigue]\n|\n|-heal|p2a: Infernape|50\/100|[from] Grassy Terrain\n|-heal|p1a: Ogerpon|48\/100|[from] Grassy Terrain\n|upkeep\n|turn|17\n|\n|t:|1700577479\n|switch|p2a: Clodsire|Clodsire, F, shiny|100\/100\n|move|p1a: Ogerpon|Ivy Cudgel|p2a: Clodsire|[anim] Ivy Cudgel Water\n|-supereffective|p2a: Clodsire\n|-damage|p2a: Clodsire|0 fnt\n|faint|p2a: Clodsire\n|\n|-heal|p1a: Ogerpon|54\/100|[from] Grassy Terrain\n|upkeep\n|\n|t:|1700577484\n|switch|p2a: Brambleghast|Brambleghast, F|100\/100\n|turn|18\n|\n|t:|1700577492\n|switch|p1a: Decidueye|Decidueye-Hisui, M, shiny|100\/100\n|move|p2a: Brambleghast|Power Whip|p1a: Decidueye\n|-resisted|p1a: Decidueye\n|-damage|p1a: Decidueye|49\/100\n|-enditem|p1a: Decidueye|Sitrus Berry|[eat]\n|-heal|p1a: Decidueye|74\/100|[from] item: Sitrus Berry\n|\n|-heal|p1a: Decidueye|80\/100|[from] Grassy Terrain\n|upkeep\n|turn|19\n|\n|t:|1700577504\n|move|p2a: Brambleghast|Power Whip|p1a: Decidueye\n|-resisted|p1a: Decidueye\n|-damage|p1a: Decidueye|31\/100\n|move|p1a: Decidueye|Bulk Up|p1a: Decidueye\n|-boost|p1a: Decidueye|atk|1\n|-boost|p1a: Decidueye|def|1\n|\n|-heal|p1a: Decidueye|37\/100|[from] Grassy Terrain\n|-fieldend|move: Grassy Terrain\n|upkeep\n|turn|20\n|\n|t:|1700577515\n|move|p1a: Decidueye|Sucker Punch|p2a: Brambleghast\n|-supereffective|p2a: Brambleghast\n|-damage|p2a: Brambleghast|0 fnt\n|faint|p2a: Brambleghast\n|\n|upkeep\n|\n|t:|1700577519\n|switch|p2a: Infernape|Infernape, F, tera:Fire|50\/100\n|turn|21\n|\n|t:|1700577523\n|move|p1a: Decidueye|Sucker Punch|p2a: Infernape\n|-damage|p2a: Infernape|0 fnt\n|faint|p2a: Infernape\n|\n|win|Smoore996\n|raw|Smoore996's rating: 1088 &rarr; <strong>1109<\/strong><br \/>(+21 for winning)\n|raw|dagger4275's rating: 1008 &rarr; <strong>1000<\/strong><br \/>(-8 for losing)\n|l|\u2606dagger4275\n","uploadtime":1700577539,"views":2,"p1id":"smoore996","p2id":"dagger4275","formatid":"gen9ou","rating":1000,"private":0,"password":""}