{"id":"gen9ou-1990352931","p1":"Cafecombolim","p2":"lohgfc","format":"[Gen 9] OU","log":"|j|\u2606Cafecombolim\n|j|\u2606lohgfc\n|t:|1699961014\n|gametype|singles\n|player|p1|Cafecombolim|baker|1186\n|player|p2|lohgfc|266|1217\n|teamsize|p1|6\n|teamsize|p2|6\n|gen|9\n|tier|[Gen 9] OU\n|rated|\n|rule|Sleep Clause Mod: Limit one foe put to sleep\n|rule|Species Clause: Limit one of each Pok\u00e9mon\n|rule|OHKO Clause: OHKO moves are banned\n|rule|Evasion Items Clause: Evasion items are banned\n|rule|Evasion Moves Clause: Evasion moves are banned\n|rule|Endless Battle Clause: Forcing endless battles is banned\n|rule|HP Percentage Mod: HP is shown in percentages\n|clearpoke\n|poke|p1|Samurott-Hisui, F|\n|poke|p1|Great Tusk|\n|poke|p1|Dragonite, F|\n|poke|p1|Amoonguss, F|\n|poke|p1|Kingambit, F|\n|poke|p1|Iron Valiant|\n|poke|p2|Pelipper, F|\n|poke|p2|Rillaboom, M|\n|poke|p2|Goodra, F|\n|poke|p2|Drednaw, M|\n|poke|p2|Zapdos|\n|poke|p2|Iron Treads|\n|teampreview\n|\n|t:|1699961046\n|start\n|switch|p1a: Samurott|Samurott-Hisui, F|100\/100\n|switch|p2a: Rillaboom|Rillaboom, M|100\/100\n|-fieldstart|move: Grassy Terrain|[from] ability: Grassy Surge|[of] p2a: Rillaboom\n|turn|1\n|\n|t:|1699961056\n|switch|p1a: Amoonguss|Amoonguss, F|100\/100\n|move|p2a: Rillaboom|Grassy Glide|p1a: Amoonguss\n|-resisted|p1a: Amoonguss\n|-damage|p1a: Amoonguss|91\/100\n|-damage|p2a: Rillaboom|84\/100|[from] item: Rocky Helmet|[of] p1a: Amoonguss\n|\n|-heal|p2a: Rillaboom|90\/100|[from] Grassy Terrain\n|-heal|p1a: Amoonguss|97\/100|[from] Grassy Terrain\n|upkeep\n|turn|2\n|\n|t:|1699961070\n|switch|p2a: Pelipper|Pelipper, F|100\/100\n|-weather|RainDance|[from] ability: Drizzle|[of] p2a: Pelipper\n|move|p1a: Amoonguss|Foul Play|p2a: Pelipper\n|-crit|p2a: Pelipper\n|-damage|p2a: Pelipper|86\/100\n|\n|-weather|RainDance|[upkeep]\n|-heal|p1a: Amoonguss|100\/100|[from] Grassy Terrain\n|upkeep\n|turn|3\n|\n|t:|1699961083\n|move|p2a: Pelipper|Hurricane|p1a: Amoonguss\n|-supereffective|p1a: Amoonguss\n|-crit|p1a: Amoonguss\n|-damage|p1a: Amoonguss|0 fnt\n|faint|p1a: Amoonguss\n|\n|-weather|RainDance|[upkeep]\n|upkeep\n|\n|t:|1699961093\n|switch|p1a: Dragonite|Dragonite, F|100\/100\n|turn|4\n|\n|t:|1699961102\n|move|p1a: Dragonite|Dragon Dance|p1a: Dragonite\n|-boost|p1a: Dragonite|atk|1\n|-boost|p1a: Dragonite|spe|1\n|move|p2a: Pelipper|U-turn|p1a: Dragonite\n|-resisted|p1a: Dragonite\n|-damage|p1a: Dragonite|98\/100\n|\n|t:|1699961111\n|switch|p2a: Drednaw|Drednaw, M|100\/100|[from] U-turn\n|\n|-weather|RainDance|[upkeep]\n|upkeep\n|turn|5\n|\n|t:|1699961122\n|move|p2a: Drednaw|Ice Spinner|p1a: Dragonite\n|-supereffective|p1a: Dragonite\n|-damage|p1a: Dragonite|0 fnt\n|-fieldend|move: Grassy Terrain\n|faint|p1a: Dragonite\n|-damage|p2a: Drednaw|91\/100|[from] item: Life Orb\n|\n|-weather|RainDance|[upkeep]\n|upkeep\n|\n|t:|1699961128\n|switch|p1a: Samurott|Samurott-Hisui, F|100\/100\n|turn|6\n|\n|t:|1699961134\n|switch|p2a: Rillaboom|Rillaboom, M|90\/100\n|-fieldstart|move: Grassy Terrain|[from] ability: Grassy Surge|[of] p2a: Rillaboom\n|move|p1a: Samurott|Ceaseless Edge|p2a: Rillaboom\n|-damage|p2a: Rillaboom|50\/100\n|-sidestart|p2: lohgfc|Spikes\n|\n|-weather|RainDance|[upkeep]\n|-heal|p2a: Rillaboom|56\/100|[from] Grassy Terrain\n|upkeep\n|turn|7\n|\n|t:|1699961149\n|switch|p1a: Kingambit|Kingambit, F|100\/100\n|-activate|p1a: Kingambit|ability: Supreme Overlord\n|-start|p1a: Kingambit|fallen2|[silent]\n|move|p2a: Rillaboom|U-turn|p1a: Kingambit\n|-damage|p1a: Kingambit|83\/100\n|\n|t:|1699961159\n|switch|p2a: Iron Treads|Iron Treads|100\/100|[from] U-turn\n|-damage|p2a: Iron Treads|88\/100|[from] Spikes\n|-enditem|p2a: Iron Treads|Booster Energy\n|-activate|p2a: Iron Treads|ability: Quark Drive|[fromitem]\n|-start|p2a: Iron Treads|quarkdrivespe\n|\n|-weather|RainDance|[upkeep]\n|-heal|p2a: Iron Treads|94\/100|[from] Grassy Terrain\n|-heal|p1a: Kingambit|89\/100|[from] Grassy Terrain\n|-heal|p1a: Kingambit|95\/100|[from] item: Leftovers\n|upkeep\n|turn|8\n|\n|t:|1699961174\n|-end|p1a: Kingambit|fallen2|[silent]\n|switch|p1a: Iron Valiant|Iron Valiant|100\/100\n|-enditem|p1a: Iron Valiant|Booster Energy\n|-activate|p1a: Iron Valiant|ability: Quark Drive|[fromitem]\n|-start|p1a: Iron Valiant|quarkdrivespe\n|move|p2a: Iron Treads|Rapid Spin|p1a: Iron Valiant\n|-damage|p1a: Iron Valiant|78\/100\n|-boost|p2a: Iron Treads|spe|1\n|-sideend|p2: lohgfc|Spikes|[from] move: Rapid Spin|[of] p2a: Iron Treads\n|\n|-weather|RainDance|[upkeep]\n|-heal|p2a: Iron Treads|100\/100|[from] Grassy Terrain\n|-heal|p1a: Iron Valiant|85\/100|[from] Grassy Terrain\n|upkeep\n|turn|9\n|\n|t:|1699961185\n|move|p2a: Iron Treads|Earthquake|p1a: Iron Valiant\n|-damage|p1a: Iron Valiant|52\/100\n|move|p1a: Iron Valiant|Close Combat|p2a: Iron Treads\n|-supereffective|p2a: Iron Treads\n|-damage|p2a: Iron Treads|5\/100\n|-unboost|p1a: Iron Valiant|def|1\n|-unboost|p1a: Iron Valiant|spd|1\n|\n|-weather|none\n|-heal|p2a: Iron Treads|12\/100|[from] Grassy Terrain\n|-heal|p1a: Iron Valiant|58\/100|[from] Grassy Terrain\n|upkeep\n|turn|10\n|\n|t:|1699961196\n|move|p2a: Iron Treads|Iron Head|p1a: Iron Valiant\n|-supereffective|p1a: Iron Valiant\n|-damage|p1a: Iron Valiant|0 fnt\n|faint|p1a: Iron Valiant\n|-end|p1a: Iron Valiant|Quark Drive|[silent]\n|\n|-heal|p2a: Iron Treads|18\/100|[from] Grassy Terrain\n|-fieldend|move: Grassy Terrain\n|upkeep\n|\n|t:|1699961206\n|switch|p1a: Kingambit|Kingambit, F|95\/100\n|-activate|p1a: Kingambit|ability: Supreme Overlord\n|-start|p1a: Kingambit|fallen3|[silent]\n|turn|11\n|\n|t:|1699961234\n|-terastallize|p1a: Kingambit|Flying\n|move|p2a: Iron Treads|Earthquake|p1a: Kingambit\n|-immune|p1a: Kingambit\n|move|p1a: Kingambit|Swords Dance|p1a: Kingambit\n|-boost|p1a: Kingambit|atk|2\n|\n|-heal|p1a: Kingambit|100\/100|[from] item: Leftovers\n|upkeep\n|turn|12\n|\n|t:|1699961244\n|move|p2a: Iron Treads|Iron Head|p1a: Kingambit\n|-damage|p1a: Kingambit|74\/100\n|cant|p1a: Kingambit|flinch\n|\n|-heal|p1a: Kingambit|80\/100|[from] item: Leftovers\n|upkeep\n|turn|13\n|\n|t:|1699961252\n|move|p1a: Kingambit|Sucker Punch||[still]\n|-fail|p1a: Kingambit\n|move|p2a: Iron Treads|Stealth Rock|p1a: Kingambit\n|-sidestart|p1: Cafecombolim|move: Stealth Rock\n|\n|-heal|p1a: Kingambit|87\/100|[from] item: Leftovers\n|upkeep\n|turn|14\n|\n|t:|1699961257\n|move|p1a: Kingambit|Sucker Punch|p2a: Iron Treads\n|-damage|p2a: Iron Treads|0 fnt\n|faint|p2a: Iron Treads\n|-end|p2a: Iron Treads|Quark Drive|[silent]\n|\n|-heal|p1a: Kingambit|93\/100|[from] item: Leftovers\n|upkeep\n|\n|t:|1699961263\n|switch|p2a: Pelipper|Pelipper, F|86\/100\n|-weather|RainDance|[from] ability: Drizzle|[of] p2a: Pelipper\n|turn|15\n|\n|t:|1699961280\n|move|p1a: Kingambit|Sucker Punch|p2a: Pelipper\n|-damage|p2a: Pelipper|5\/100\n|move|p2a: Pelipper|Hurricane|p1a: Kingambit\n|-damage|p1a: Kingambit|54\/100\n|\n|-weather|RainDance|[upkeep]\n|-heal|p1a: Kingambit|60\/100|[from] item: Leftovers\n|upkeep\n|turn|16\n|\n|t:|1699961289\n|move|p1a: Kingambit|Sucker Punch||[still]\n|-fail|p1a: Kingambit\n|move|p2a: Pelipper|Roost|p2a: Pelipper\n|-heal|p2a: Pelipper|55\/100\n|-singleturn|p2a: Pelipper|move: Roost\n|\n|-weather|RainDance|[upkeep]\n|-heal|p1a: Kingambit|66\/100|[from] item: Leftovers\n|upkeep\n|turn|17\n|\n|t:|1699961297\n|move|p2a: Pelipper|Roost|p2a: Pelipper\n|-heal|p2a: Pelipper|100\/100\n|-singleturn|p2a: Pelipper|move: Roost\n|move|p1a: Kingambit|Kowtow Cleave|p2a: Pelipper\n|-damage|p2a: Pelipper|0 fnt\n|faint|p2a: Pelipper\n|\n|-weather|RainDance|[upkeep]\n|-heal|p1a: Kingambit|73\/100|[from] item: Leftovers\n|upkeep\n|\n|t:|1699961306\n|switch|p2a: Zapdos|Zapdos|100\/100\n|turn|18\n|\n|t:|1699961311\n|-terastallize|p2a: Zapdos|Electric\n|move|p1a: Kingambit|Sucker Punch|p2a: Zapdos\n|-damage|p2a: Zapdos|0 fnt\n|faint|p2a: Zapdos\n|\n|-weather|RainDance|[upkeep]\n|-heal|p1a: Kingambit|79\/100|[from] item: Leftovers\n|upkeep\n|\n|t:|1699961320\n|switch|p2a: Goodra|Goodra, F|100\/100\n|turn|19\n|\n|t:|1699961325\n|move|p1a: Kingambit|Kowtow Cleave|p2a: Goodra\n|-damage|p2a: Goodra|0 fnt\n|faint|p2a: Goodra\n|\n|-weather|RainDance|[upkeep]\n|-heal|p1a: Kingambit|85\/100|[from] item: Leftovers\n|upkeep\n|c|\u2606lohgfc|you can 100 percent see my  screen\n|c|\u2606lohgfc|enjoy your report\n|c|\u2606lohgfc|sit tight\n|c|\u2606Cafecombolim|What?\n|c|\u2606Cafecombolim|What screen?\n|c|\u2606lohgfc|base 80 speed\n|c|\u2606Cafecombolim|I can't see your screen\n|c|\u2606lohgfc|i outspeed in every scenreao\n|c|\u2606Cafecombolim|Dis you go for dragon tail\n|c|\u2606Cafecombolim|?\n|c|\u2606lohgfc|you have 0 reason to go for sucker punch unless you saw me click dragon tail which no one uses ever\n|c|\u2606lohgfc|you can see my screen and you'll be reported for it\n|c|\u2606Cafecombolim|Honestly i just clicked the button\n|c|\u2606Cafecombolim|I can't bro\n|c|\u2606lohgfc|your modifying game files\n|c|\u2606lohgfc|but ok\n|c|\u2606Cafecombolim|This game uses game files?\n|c|\u2606lohgfc|whatever helps you feel better\n|c|\u2606lohgfc|enhoy losing your account\n|c|\u2606lohgfc|have a good one\n|-message|lohgfc forfeited.\n|\n|win|Cafecombolim\n|raw|Cafecombolim's rating: 1186 &rarr; <strong>1213<\/strong><br \/>(+27 for winning)\n|raw|lohgfc's rating: 1217 &rarr; <strong>1190<\/strong><br \/>(-27 for losing)\n|l|\u2606lohgfc\n|c|\u2606Cafecombolim|You'te the ine who seems to be needing to feel better\n","uploadtime":1699961468,"views":13,"p1id":"cafecombolim","p2id":"lohgfc","formatid":"gen9ou","rating":1190,"private":0,"password":""}