{"id":"gen9ou-1997388970","p1":"Poison Ivy Thorns","p2":"ratatta17","format":"[Gen 9] OU","log":"|j|\u2606Poison Ivy Thorns\n|j|\u2606ratatta17\n|t:|1700797765\n|gametype|singles\n|player|p1|Poison Ivy Thorns|mela|1413\n|player|p2|ratatta17|1|1520\n|teamsize|p1|6\n|teamsize|p2|6\n|gen|9\n|tier|[Gen 9] OU\n|rated|\n|rule|Sleep Clause Mod: Limit one foe put to sleep\n|rule|Species Clause: Limit one of each Pok\u00e9mon\n|rule|OHKO Clause: OHKO moves are banned\n|rule|Evasion Items Clause: Evasion items are banned\n|rule|Evasion Moves Clause: Evasion moves are banned\n|rule|Endless Battle Clause: Forcing endless battles is banned\n|rule|HP Percentage Mod: HP is shown in percentages\n|clearpoke\n|poke|p1|Heatran, F|\n|poke|p1|Tornadus-Therian, M|\n|poke|p1|Ogerpon-Cornerstone, F|\n|poke|p1|Great Tusk|\n|poke|p1|Hatterene, F|\n|poke|p1|Toxapex, F|\n|poke|p2|Azumarill, M|\n|poke|p2|Staraptor, F|\n|poke|p2|Toedscruel, M|\n|poke|p2|Skeledirge, M|\n|poke|p2|Ninetales-Alola, F|\n|poke|p2|Iron Valiant|\n|teampreview\n|inactive|Battle timer is ON: inactive players will automatically lose when time's up. (requested by Poison Ivy Thorns)\n|\n|t:|1700797789\n|start\n|switch|p1a: Gold|Tornadus-Therian, M|100\/100\n|switch|p2a: Staraptor|Staraptor, F|100\/100\n|-ability|p2a: Staraptor|Intimidate|boost\n|-unboost|p1a: Gold|atk|1\n|turn|1\n|\n|t:|1700797800\n|switch|p1a: He Ran|Heatran, F|100\/100\n|move|p2a: Staraptor|U-turn|p1a: He Ran\n|-resisted|p1a: He Ran\n|-damage|p1a: He Ran|97\/100\n|\n|t:|1700797811\n|switch|p2a: Iron Valiant|Iron Valiant|100\/100|[from] U-turn\n|\n|-heal|p1a: He Ran|100\/100|[from] item: Leftovers\n|upkeep\n|turn|2\n|\n|t:|1700797815\n|move|p1a: He Ran|Protect|p1a: He Ran\n|-singleturn|p1a: He Ran|Protect\n|move|p2a: Iron Valiant|Aura Sphere|p1a: He Ran\n|-activate|p1a: He Ran|move: Protect\n|\n|upkeep\n|turn|3\n|\n|t:|1700797822\n|switch|p1a: Trish|Hatterene, F|100\/100\n|move|p2a: Iron Valiant|Thunderbolt|p1a: Trish\n|-damage|p1a: Trish|58\/100\n|-damage|p2a: Iron Valiant|91\/100|[from] item: Life Orb\n|\n|-heal|p1a: Trish|64\/100|[from] item: Leftovers\n|upkeep\n|turn|4\n|\n|t:|1700797827\n|-end|p2a: Iron Valiant|Quark Drive|[silent]\n|switch|p2a: Toedscruel|Toedscruel, M|100\/100\n|move|p1a: Trish|Draining Kiss|p2a: Toedscruel\n|-damage|p2a: Toedscruel|87\/100\n|-heal|p1a: Trish|75\/100|[from] drain|[of] p2a: Toedscruel\n|\n|-heal|p2a: Toedscruel|93\/100|[from] item: Leftovers\n|-heal|p1a: Trish|81\/100|[from] item: Leftovers\n|upkeep\n|turn|5\n|\n|t:|1700797834\n|switch|p1a: Gold|Tornadus-Therian, M|100\/100\n|move|p2a: Toedscruel|Knock Off|p1a: Gold\n|-damage|p1a: Gold|82\/100\n|-enditem|p1a: Gold|Assault Vest|[from] move: Knock Off|[of] p2a: Toedscruel\n|\n|-heal|p2a: Toedscruel|99\/100|[from] item: Leftovers\n|upkeep\n|turn|6\n|\n|t:|1700797840\n|move|p1a: Gold|Bleakwind Storm|p2a: Toedscruel\n|-supereffective|p2a: Toedscruel\n|-damage|p2a: Toedscruel|58\/100\n|move|p2a: Toedscruel|Spore|p1a: Gold\n|-status|p1a: Gold|slp|[from] move: Spore\n|\n|-heal|p2a: Toedscruel|64\/100|[from] item: Leftovers\n|upkeep\n|turn|7\n|\n|t:|1700797843\n|cant|p1a: Gold|slp\n|move|p2a: Toedscruel|Leech Seed|p1a: Gold\n|-start|p1a: Gold|move: Leech Seed\n|\n|-heal|p2a: Toedscruel|70\/100|[from] item: Leftovers\n|-damage|p1a: Gold|70\/100 slp|[from] Leech Seed|[of] p2a: Toedscruel\n|-heal|p2a: Toedscruel|82\/100|[silent]\n|upkeep\n|turn|8\n|\n|t:|1700797851\n|switch|p1a: Joeverpon|Ogerpon-Cornerstone, F|100\/100\n|move|p2a: Toedscruel|Rapid Spin|p1a: Joeverpon\n|-resisted|p1a: Joeverpon\n|-damage|p1a: Joeverpon|95\/100\n|-boost|p2a: Toedscruel|spe|1\n|\n|-heal|p2a: Toedscruel|88\/100|[from] item: Leftovers\n|upkeep\n|turn|9\n|\n|t:|1700797868\n|move|p2a: Toedscruel|Knock Off|p1a: Joeverpon\n|-damage|p1a: Joeverpon|79\/100\n|move|p1a: Joeverpon|Swords Dance|p1a: Joeverpon\n|-boost|p1a: Joeverpon|atk|2\n|\n|-heal|p2a: Toedscruel|94\/100|[from] item: Leftovers\n|upkeep\n|turn|10\n|\n|t:|1700797875\n|move|p2a: Toedscruel|Rapid Spin|p1a: Joeverpon\n|-resisted|p1a: Joeverpon\n|-damage|p1a: Joeverpon|73\/100\n|-boost|p2a: Toedscruel|spe|1\n|move|p1a: Joeverpon|Trailblaze|p2a: Toedscruel\n|-damage|p2a: Toedscruel|10\/100\n|-boost|p1a: Joeverpon|spe|1\n|\n|-heal|p2a: Toedscruel|16\/100|[from] item: Leftovers\n|upkeep\n|turn|11\n|\n|t:|1700797891\n|move|p1a: Joeverpon|Horn Leech|p2a: Toedscruel\n|-damage|p2a: Toedscruel|0 fnt\n|-heal|p1a: Joeverpon|83\/100|[from] drain|[of] p2a: Toedscruel\n|faint|p2a: Toedscruel\n|\n|upkeep\n|\n|t:|1700797908\n|switch|p2a: Skeledirge|Skeledirge, M|100\/100\n|turn|12\n|\n|t:|1700797912\n|switch|p1a: He Ran|Heatran, F|100\/100\n|-terastallize|p2a: Skeledirge|Dragon\n|move|p2a: Skeledirge|Will-O-Wisp|p1a: He Ran\n|-immune|p1a: He Ran\n|\n|upkeep\n|turn|13\n|\n|t:|1700797918\n|switch|p2a: Staraptor|Staraptor, F|100\/100\n|-ability|p2a: Staraptor|Intimidate|boost\n|-unboost|p1a: He Ran|atk|1\n|move|p1a: He Ran|Taunt|p2a: Staraptor\n|-start|p2a: Staraptor|move: Taunt\n|\n|upkeep\n|turn|14\n|\n|t:|1700797921\n|move|p1a: He Ran|Protect|p1a: He Ran\n|-singleturn|p1a: He Ran|Protect\n|move|p2a: Staraptor|Final Gambit|p1a: He Ran\n|-activate|p1a: He Ran|move: Protect\n|\n|upkeep\n|turn|15\n|\n|t:|1700797940\n|switch|p2a: Skeledirge|Skeledirge, M, tera:Dragon|100\/100\n|switch|p1a: Ben|Great Tusk, shiny|100\/100\n|\n|upkeep\n|turn|16\n|\n|t:|1700797945\n|move|p1a: Ben|Stealth Rock|p2a: Skeledirge\n|-sidestart|p2: ratatta17|move: Stealth Rock\n|move|p2a: Skeledirge|Hex|p1a: Ben\n|-damage|p1a: Ben|69\/100\n|\n|-heal|p1a: Ben|75\/100|[from] item: Leftovers\n|upkeep\n|turn|17\n|\n|t:|1700797951\n|-end|p1a: Ben|Protosynthesis|[silent]\n|switch|p1a: He Ran|Heatran, F|100\/100\n|move|p2a: Skeledirge|Will-O-Wisp|p1a: He Ran\n|-immune|p1a: He Ran\n|\n|upkeep\n|turn|18\n|\n|t:|1700797956\n|move|p1a: He Ran|Magma Storm|p2a: Skeledirge\n|-resisted|p2a: Skeledirge\n|-damage|p2a: Skeledirge|86\/100\n|-activate|p2a: Skeledirge|move: Magma Storm|[of] p1a: He Ran\n|move|p2a: Skeledirge|Hex|p1a: He Ran\n|-crit|p1a: He Ran\n|-damage|p1a: He Ran|75\/100\n|\n|-heal|p1a: He Ran|82\/100|[from] item: Leftovers\n|-heal|p2a: Skeledirge|92\/100|[from] item: Leftovers\n|-damage|p2a: Skeledirge|80\/100|[from] move: Magma Storm|[partiallytrapped]\n|upkeep\n|turn|19\n|\n|t:|1700797961\n|move|p1a: He Ran|Taunt|p2a: Skeledirge\n|-start|p2a: Skeledirge|move: Taunt\n|move|p2a: Skeledirge|Hex|p1a: He Ran\n|-damage|p1a: He Ran|66\/100\n|\n|-heal|p1a: He Ran|72\/100|[from] item: Leftovers\n|-heal|p2a: Skeledirge|86\/100|[from] item: Leftovers\n|-damage|p2a: Skeledirge|73\/100|[from] move: Magma Storm|[partiallytrapped]\n|upkeep\n|turn|20\n|\n|t:|1700797963\n|move|p1a: He Ran|Earth Power|p2a: Skeledirge\n|-damage|p2a: Skeledirge|56\/100\n|move|p2a: Skeledirge|Hex|p1a: He Ran\n|-damage|p1a: He Ran|56\/100\n|\n|-heal|p1a: He Ran|62\/100|[from] item: Leftovers\n|-heal|p2a: Skeledirge|62\/100|[from] item: Leftovers\n|-damage|p2a: Skeledirge|49\/100|[from] move: Magma Storm|[partiallytrapped]\n|upkeep\n|turn|21\n|\n|t:|1700797969\n|move|p1a: He Ran|Protect|p1a: He Ran\n|-singleturn|p1a: He Ran|Protect\n|move|p2a: Skeledirge|Hex|p1a: He Ran\n|-activate|p1a: He Ran|move: Protect\n|\n|-heal|p1a: He Ran|68\/100|[from] item: Leftovers\n|-heal|p2a: Skeledirge|55\/100|[from] item: Leftovers\n|-damage|p2a: Skeledirge|43\/100|[from] move: Magma Storm|[partiallytrapped]\n|-end|p2a: Skeledirge|move: Taunt\n|upkeep\n|turn|22\n|\n|t:|1700797973\n|move|p1a: He Ran|Taunt|p2a: Skeledirge\n|-start|p2a: Skeledirge|move: Taunt\n|move|p2a: Skeledirge|Hex|p1a: He Ran\n|-damage|p1a: He Ran|53\/100\n|\n|-heal|p1a: He Ran|59\/100|[from] item: Leftovers\n|-heal|p2a: Skeledirge|49\/100|[from] item: Leftovers\n|-end|p2a: Skeledirge|Magma Storm|[partiallytrapped]\n|upkeep\n|turn|23\n|c|\u2606ratatta17|you are missing chansey\n|\n|t:|1700797984\n|move|p1a: He Ran|Magma Storm|p2a: Skeledirge\n|-resisted|p2a: Skeledirge\n|-damage|p2a: Skeledirge|33\/100\n|-activate|p2a: Skeledirge|move: Magma Storm|[of] p1a: He Ran\n|move|p2a: Skeledirge|Hex|p1a: He Ran\n|-damage|p1a: He Ran|42\/100\n|\n|-heal|p1a: He Ran|49\/100|[from] item: Leftovers\n|-heal|p2a: Skeledirge|39\/100|[from] item: Leftovers\n|-damage|p2a: Skeledirge|27\/100|[from] move: Magma Storm|[partiallytrapped]\n|upkeep\n|turn|24\n|\n|t:|1700797992\n|move|p1a: He Ran|Protect|p1a: He Ran\n|-singleturn|p1a: He Ran|Protect\n|move|p2a: Skeledirge|Hex|p1a: He Ran\n|-activate|p1a: He Ran|move: Protect\n|\n|-heal|p1a: He Ran|55\/100|[from] item: Leftovers\n|-heal|p2a: Skeledirge|33\/100|[from] item: Leftovers\n|-damage|p2a: Skeledirge|21\/100|[from] move: Magma Storm|[partiallytrapped]\n|-end|p2a: Skeledirge|move: Taunt\n|upkeep\n|turn|25\n|c|\u2606Poison Ivy Thorns|hm?\n|\n|t:|1700798001\n|move|p1a: He Ran|Taunt|p2a: Skeledirge\n|-start|p2a: Skeledirge|move: Taunt\n|move|p2a: Skeledirge|Hex|p1a: He Ran\n|-damage|p1a: He Ran|40\/100\n|\n|-heal|p1a: He Ran|46\/100|[from] item: Leftovers\n|-heal|p2a: Skeledirge|27\/100|[from] item: Leftovers\n|-damage|p2a: Skeledirge|14\/100|[from] move: Magma Storm|[partiallytrapped]\n|upkeep\n|turn|26\n|\n|t:|1700798004\n|move|p1a: He Ran|Earth Power|p2a: Skeledirge\n|-damage|p2a: Skeledirge|0 fnt\n|faint|p2a: Skeledirge\n|\n|-heal|p1a: He Ran|53\/100|[from] item: Leftovers\n|upkeep\n|\n|t:|1700798024\n|switch|p2a: Staraptor|Staraptor, F|100\/100\n|-damage|p2a: Staraptor|76\/100|[from] Stealth Rock\n|-ability|p2a: Staraptor|Intimidate|boost\n|-unboost|p1a: He Ran|atk|1\n|turn|27\n|\n|t:|1700798028\n|move|p1a: He Ran|Protect|p1a: He Ran\n|-singleturn|p1a: He Ran|Protect\n|move|p2a: Staraptor|Final Gambit|p1a: He Ran\n|-activate|p1a: He Ran|move: Protect\n|\n|-heal|p1a: He Ran|59\/100|[from] item: Leftovers\n|upkeep\n|turn|28\n|\n|t:|1700798032\n|switch|p1a: Ben|Great Tusk, shiny|75\/100\n|move|p2a: Staraptor|Final Gambit|p1a: Ben\n|-damage|p1a: Ben|10\/100\n|faint|p2a: Staraptor\n|\n|-heal|p1a: Ben|16\/100|[from] item: Leftovers\n|upkeep\n|\n|t:|1700798037\n|switch|p2a: Iron Valiant|Iron Valiant|91\/100\n|-damage|p2a: Iron Valiant|85\/100|[from] Stealth Rock\n|turn|29\n|\n|t:|1700798042\n|move|p2a: Iron Valiant|Moonblast|p1a: Ben\n|-supereffective|p1a: Ben\n|-damage|p1a: Ben|0 fnt\n|faint|p1a: Ben\n|-end|p1a: Ben|Protosynthesis|[silent]\n|-damage|p2a: Iron Valiant|75\/100|[from] item: Life Orb\n|\n|upkeep\n|\n|t:|1700798047\n|switch|p1a: Trisha|Toxapex, F|100\/100\n|turn|30\n|\n|t:|1700798057\n|move|p2a: Iron Valiant|Thunderbolt|p1a: Trisha\n|-supereffective|p1a: Trisha\n|-damage|p1a: Trisha|49\/100\n|-damage|p2a: Iron Valiant|65\/100|[from] item: Life Orb\n|move|p1a: Trisha|Toxic Spikes|p2a: Iron Valiant\n|-sidestart|p2: ratatta17|move: Toxic Spikes\n|\n|-heal|p1a: Trisha|55\/100|[from] item: Leftovers\n|upkeep\n|turn|31\n|\n|t:|1700798066\n|switch|p1a: Gold|Tornadus-Therian, M|100\/100 slp\n|move|p2a: Iron Valiant|Knock Off|p1a: Gold\n|-damage|p1a: Gold|73\/100 slp\n|-damage|p2a: Iron Valiant|56\/100|[from] item: Life Orb\n|\n|upkeep\n|turn|32\n|\n|t:|1700798072\n|move|p2a: Iron Valiant|Moonblast|p1a: Gold\n|-damage|p1a: Gold|16\/100 slp\n|-damage|p2a: Iron Valiant|46\/100|[from] item: Life Orb\n|-curestatus|p1a: Gold|slp|[msg]\n|move|p1a: Gold|Bleakwind Storm|p2a: Iron Valiant\n|-supereffective|p2a: Iron Valiant\n|-damage|p2a: Iron Valiant|0 fnt\n|faint|p2a: Iron Valiant\n|-end|p2a: Iron Valiant|Quark Drive|[silent]\n|\n|upkeep\n|\n|t:|1700798077\n|switch|p2a: Ninetales|Ninetales-Alola, F|100\/100\n|-damage|p2a: Ninetales|76\/100|[from] Stealth Rock\n|-status|p2a: Ninetales|psn\n|-weather|Snow|[from] ability: Snow Warning|[of] p2a: Ninetales\n|turn|33\n|\n|t:|1700798080\n|move|p1a: Gold|Heat Wave|p2a: Ninetales\n|-supereffective|p2a: Ninetales\n|-damage|p2a: Ninetales|26\/100 psn\n|move|p2a: Ninetales|Aurora Veil|p2a: Ninetales\n|-sidestart|p2: ratatta17|move: Aurora Veil\n|\n|-weather|Snow|[upkeep]\n|-damage|p2a: Ninetales|14\/100 psn|[from] psn\n|upkeep\n|turn|34\n|\n|t:|1700798084\n|move|p2a: Ninetales|Ice Shard|p1a: Gold\n|-supereffective|p1a: Gold\n|-damage|p1a: Gold|0 fnt\n|faint|p1a: Gold\n|\n|-weather|Snow|[upkeep]\n|-damage|p2a: Ninetales|1\/100 psn|[from] psn\n|upkeep\n|\n|t:|1700798088\n|switch|p1a: Joeverpon|Ogerpon-Cornerstone, F|83\/100\n|turn|35\n|\n|t:|1700798090\n|move|p1a: Joeverpon|Horn Leech|p2a: Ninetales\n|-damage|p2a: Ninetales|0 fnt\n|-heal|p1a: Joeverpon|83\/100|[from] drain|[of] p2a: Ninetales\n|faint|p2a: Ninetales\n|\n|-weather|Snow|[upkeep]\n|upkeep\n|\n|t:|1700798093\n|switch|p2a: Azumarill|Azumarill, M|100\/100\n|-damage|p2a: Azumarill|88\/100|[from] Stealth Rock\n|-status|p2a: Azumarill|psn\n|turn|36\n|\n|t:|1700798098\n|move|p1a: Joeverpon|Horn Leech|p2a: Azumarill\n|-supereffective|p2a: Azumarill\n|-damage|p2a: Azumarill|47\/100 psn\n|-heal|p1a: Joeverpon|100\/100|[from] drain|[of] p2a: Azumarill\n|-enditem|p2a: Azumarill|Sitrus Berry|[eat]\n|-heal|p2a: Azumarill|72\/100 psn|[from] item: Sitrus Berry\n|move|p2a: Azumarill|Play Rough|p1a: Joeverpon\n|-damage|p1a: Joeverpon|20\/100\n|-unboost|p1a: Joeverpon|atk|1\n|\n|-weather|Snow|[upkeep]\n|-damage|p2a: Azumarill|59\/100 psn|[from] psn\n|upkeep\n|turn|37\n|\n|t:|1700798103\n|move|p2a: Azumarill|Aqua Jet|p1a: Joeverpon\n|-damage|p1a: Joeverpon|0 fnt\n|faint|p1a: Joeverpon\n|\n|-weather|none\n|-damage|p2a: Azumarill|47\/100 psn|[from] psn\n|upkeep\n|\n|t:|1700798109\n|switch|p1a: He Ran|Heatran, F|59\/100\n|turn|38\n|\n|t:|1700798113\n|move|p1a: He Ran|Protect|p1a: He Ran\n|-singleturn|p1a: He Ran|Protect\n|move|p2a: Azumarill|Bulldoze|p1a: He Ran\n|-activate|p1a: He Ran|move: Protect\n|\n|-heal|p1a: He Ran|65\/100|[from] item: Leftovers\n|-damage|p2a: Azumarill|34\/100 psn|[from] psn\n|upkeep\n|turn|39\n|\n|t:|1700798121\n|-terastallize|p1a: He Ran|Grass\n|move|p1a: He Ran|Earth Power|p2a: Azumarill\n|-damage|p2a: Azumarill|21\/100 psn\n|move|p2a: Azumarill|Bulldoze|p1a: He Ran\n|-resisted|p1a: He Ran\n|-damage|p1a: He Ran|54\/100\n|-unboost|p1a: He Ran|spe|1\n|\n|-heal|p1a: He Ran|61\/100|[from] item: Leftovers\n|-damage|p2a: Azumarill|8\/100 psn|[from] psn\n|upkeep\n|turn|40\n|\n|t:|1700798125\n|move|p2a: Azumarill|Play Rough|p1a: He Ran\n|-damage|p1a: He Ran|14\/100\n|move|p1a: He Ran|Earth Power|p2a: Azumarill\n|-damage|p2a: Azumarill|0 fnt\n|faint|p2a: Azumarill\n|\n|win|Poison Ivy Thorns\n|raw|Poison Ivy Thorns's rating: 1413 &rarr; <strong>1439<\/strong><br \/>(+26 for winning)\n|raw|ratatta17's rating: 1520 &rarr; <strong>1494<\/strong><br \/>(-26 for losing)\n|l|\u2606ratatta17\n","uploadtime":1700798131,"views":19,"p1id":"poisonivythorns","p2id":"ratatta17","formatid":"gen9ou","rating":1439,"private":0,"password":""}