{"id":"gen9ou-1994256941","p1":"zzHayp","p2":"AmoSerPobre","format":"[Gen 9] OU","log":"|j|\u2606zzHayp\n|j|\u2606AmoSerPobre\n|inactive|Battle timer is ON: inactive players will automatically lose when time's up.\n|t:|1700424155\n|gametype|singles\n|player|p1|zzHayp|pokemonbreeder|\n|player|p2|AmoSerPobre|avery|\n|teamsize|p1|6\n|teamsize|p2|6\n|gen|9\n|tier|[Gen 9] OU\n|rated|Tournament battle\n|rule|Sleep Clause Mod: Limit one foe put to sleep\n|rule|Species Clause: Limit one of each Pok\u00e9mon\n|rule|OHKO Clause: OHKO moves are banned\n|rule|Evasion Items Clause: Evasion items are banned\n|rule|Evasion Moves Clause: Evasion moves are banned\n|rule|Endless Battle Clause: Forcing endless battles is banned\n|rule|HP Percentage Mod: HP is shown in percentages\n|clearpoke\n|poke|p1|Infernape, M|\n|poke|p1|Torkoal, M|\n|poke|p1|Scream Tail|\n|poke|p1|Walking Wake|\n|poke|p1|Garganacl, F|\n|poke|p1|Great Tusk|\n|poke|p2|Slowking-Galar, M|\n|poke|p2|Samurott-Hisui, M|\n|poke|p2|Enamorus, F|\n|poke|p2|Sneasler, M|\n|poke|p2|Gholdengo|\n|poke|p2|Iron Valiant|\n|teampreview\n|inactive|zzHayp has 120 seconds left.\n|\n|t:|1700424193\n|start\n|switch|p1a: Big Smoke|Torkoal, M|100\/100\n|switch|p2a: Enamorus|Enamorus, F, shiny|100\/100\n|-weather|SunnyDay|[from] ability: Drought|[of] p1a: Big Smoke\n|turn|1\n|\n|t:|1700424223\n|switch|p2a: Slowking|Slowking-Galar, M, shiny|100\/100\n|move|p1a: Big Smoke|Yawn|p2a: Slowking\n|-start|p2a: Slowking|move: Yawn|[of] p1a: Big Smoke\n|\n|-weather|SunnyDay|[upkeep]\n|upkeep\n|turn|2\n|inactive|zzHayp has 120 seconds left.\n|inactive|AmoSerPobre has 120 seconds left.\n|\n|t:|1700424258\n|switch|p1a: Owari da \ud83d\ude14|Garganacl, F|100\/100\n|move|p2a: Slowking|Chilly Reception|p2a: Slowking\n|-weather|Snow\n|inactive|AmoSerPobre has 90 seconds left.\n|\n|t:|1700424299\n|switch|p2a: Iron Valiant|Iron Valiant|100\/100|[from] Chilly Reception\n|-enditem|p2a: Iron Valiant|Booster Energy\n|-activate|p2a: Iron Valiant|ability: Quark Drive|[fromitem]\n|-start|p2a: Iron Valiant|quarkdrivespe\n|\n|-weather|Snow|[upkeep]\n|upkeep\n|turn|3\n|\n|t:|1700424328\n|move|p2a: Iron Valiant|Psyshock|p1a: Owari da \ud83d\ude14\n|-damage|p1a: Owari da \ud83d\ude14|84\/100\n|move|p1a: Owari da \ud83d\ude14|Salt Cure|p2a: Iron Valiant\n|-resisted|p2a: Iron Valiant\n|-damage|p2a: Iron Valiant|92\/100\n|-start|p2a: Iron Valiant|Salt Cure\n|\n|-weather|Snow|[upkeep]\n|-heal|p1a: Owari da \ud83d\ude14|90\/100|[from] item: Leftovers\n|-damage|p2a: Iron Valiant|79\/100|[from] Salt Cure\n|upkeep\n|turn|4\n|inactive|zzHayp has 90 seconds left.\n|\n|t:|1700424344\n|-terastallize|p1a: Owari da \ud83d\ude14|Water\n|move|p2a: Iron Valiant|Close Combat|p1a: Owari da \ud83d\ude14\n|-damage|p1a: Owari da \ud83d\ude14|59\/100\n|-unboost|p2a: Iron Valiant|def|1\n|-unboost|p2a: Iron Valiant|spd|1\n|move|p1a: Owari da \ud83d\ude14|Earthquake|p2a: Iron Valiant\n|-damage|p2a: Iron Valiant|35\/100\n|\n|-weather|Snow|[upkeep]\n|-heal|p1a: Owari da \ud83d\ude14|65\/100|[from] item: Leftovers\n|-damage|p2a: Iron Valiant|22\/100|[from] Salt Cure\n|upkeep\n|turn|5\n|inactive|zzHayp has 90 seconds left.\n|\n|t:|1700424357\n|move|p2a: Iron Valiant|Thunderbolt|p1a: Owari da \ud83d\ude14\n|-supereffective|p1a: Owari da \ud83d\ude14\n|-damage|p1a: Owari da \ud83d\ude14|24\/100\n|move|p1a: Owari da \ud83d\ude14|Recover|p1a: Owari da \ud83d\ude14\n|-heal|p1a: Owari da \ud83d\ude14|74\/100\n|\n|-weather|Snow|[upkeep]\n|-heal|p1a: Owari da \ud83d\ude14|80\/100|[from] item: Leftovers\n|-damage|p2a: Iron Valiant|10\/100|[from] Salt Cure\n|upkeep\n|turn|6\n|\n|t:|1700424366\n|move|p2a: Iron Valiant|Thunderbolt|p1a: Owari da \ud83d\ude14\n|-supereffective|p1a: Owari da \ud83d\ude14\n|-damage|p1a: Owari da \ud83d\ude14|34\/100\n|move|p1a: Owari da \ud83d\ude14|Recover|p1a: Owari da \ud83d\ude14\n|-heal|p1a: Owari da \ud83d\ude14|84\/100\n|\n|-weather|none\n|-heal|p1a: Owari da \ud83d\ude14|90\/100|[from] item: Leftovers\n|-damage|p2a: Iron Valiant|0 fnt|[from] Salt Cure\n|faint|p2a: Iron Valiant\n|-end|p2a: Iron Valiant|Quark Drive|[silent]\n|upkeep\n|\n|t:|1700424376\n|switch|p2a: Slowking|Slowking-Galar, M, shiny|100\/100\n|turn|7\n|\n|t:|1700424390\n|move|p1a: Owari da \ud83d\ude14|Salt Cure|p2a: Slowking\n|-damage|p2a: Slowking|87\/100\n|-start|p2a: Slowking|Salt Cure\n|move|p2a: Slowking|Future Sight|p1a: Owari da \ud83d\ude14\n|-start|p2a: Slowking|move: Future Sight\n|\n|-heal|p1a: Owari da \ud83d\ude14|96\/100|[from] item: Leftovers\n|-heal|p2a: Slowking|93\/100|[from] item: Leftovers\n|-damage|p2a: Slowking|81\/100|[from] Salt Cure\n|upkeep\n|turn|8\n|inactive|AmoSerPobre has 120 seconds left.\n|inactive|AmoSerPobre has 90 seconds left.\n|inactive|zzHayp has 90 seconds left.\n|\n|t:|1700424449\n|move|p1a: Owari da \ud83d\ude14|Salt Cure|p2a: Slowking\n|-damage|p2a: Slowking|65\/100\n|move|p2a: Slowking|Sludge Bomb|p1a: Owari da \ud83d\ude14\n|-damage|p1a: Owari da \ud83d\ude14|72\/100\n|\n|-heal|p1a: Owari da \ud83d\ude14|78\/100|[from] item: Leftovers\n|-heal|p2a: Slowking|71\/100|[from] item: Leftovers\n|-damage|p2a: Slowking|59\/100|[from] Salt Cure\n|upkeep\n|turn|9\n|inactive|zzHayp has 90 seconds left.\n|\n|t:|1700424462\n|move|p1a: Owari da \ud83d\ude14|Recover|p1a: Owari da \ud83d\ude14\n|-heal|p1a: Owari da \ud83d\ude14|100\/100\n|move|p2a: Slowking|Sludge Bomb|p1a: Owari da \ud83d\ude14\n|-damage|p1a: Owari da \ud83d\ude14|75\/100\n|\n|-end|p1a: Owari da \ud83d\ude14|move: Future Sight\n|-damage|p1a: Owari da \ud83d\ude14|42\/100\n|-heal|p1a: Owari da \ud83d\ude14|48\/100|[from] item: Leftovers\n|-heal|p2a: Slowking|65\/100|[from] item: Leftovers\n|-damage|p2a: Slowking|53\/100|[from] Salt Cure\n|upkeep\n|turn|10\n|inactive|zzHayp has 90 seconds left.\n|\n|t:|1700424474\n|move|p1a: Owari da \ud83d\ude14|Recover|p1a: Owari da \ud83d\ude14\n|-heal|p1a: Owari da \ud83d\ude14|98\/100\n|move|p2a: Slowking|Chilly Reception|p2a: Slowking\n|-weather|Snow\n|inactive|AmoSerPobre has 90 seconds left.\n|\n|t:|1700424497\n|switch|p2a: Sneasler|Sneasler, M|100\/100|[from] Chilly Reception\n|-item|p2a: Sneasler|Air Balloon\n|\n|-weather|Snow|[upkeep]\n|-heal|p1a: Owari da \ud83d\ude14|100\/100|[from] item: Leftovers\n|upkeep\n|turn|11\n|inactive|zzHayp has 90 seconds left.\n|\n|t:|1700424507\n|move|p2a: Sneasler|Swords Dance|p2a: Sneasler\n|-boost|p2a: Sneasler|atk|2\n|move|p1a: Owari da \ud83d\ude14|Salt Cure|p2a: Sneasler\n|-resisted|p2a: Sneasler\n|-damage|p2a: Sneasler|88\/100\n|-start|p2a: Sneasler|Salt Cure\n|-enditem|p2a: Sneasler|Air Balloon\n|\n|-weather|Snow|[upkeep]\n|-damage|p2a: Sneasler|76\/100|[from] Salt Cure\n|upkeep\n|turn|12\n|c|\u2606AmoSerPobre|COLOCARAM SPRITE PRO BICHO\n|inactive|zzHayp has 90 seconds left.\n|inactive|AmoSerPobre has 90 seconds left.\n|j| playergamerxl\n|\n|t:|1700424527\n|-terastallize|p2a: Sneasler|Flying\n|move|p2a: Sneasler|Acrobatics|p1a: Owari da \ud83d\ude14\n|-damage|p1a: Owari da \ud83d\ude14|18\/100\n|move|p1a: Owari da \ud83d\ude14|Earthquake|p2a: Sneasler\n|-immune|p2a: Sneasler\n|\n|-weather|Snow|[upkeep]\n|-heal|p1a: Owari da \ud83d\ude14|24\/100|[from] item: Leftovers\n|-damage|p2a: Sneasler|63\/100|[from] Salt Cure\n|upkeep\n|turn|13\n|inactive|zzHayp has 90 seconds left.\n|inactive|AmoSerPobre has 90 seconds left.\n|\n|t:|1700424539\n|move|p2a: Sneasler|Acrobatics|p1a: Owari da \ud83d\ude14\n|-damage|p1a: Owari da \ud83d\ude14|0 fnt\n|faint|p1a: Owari da \ud83d\ude14\n|\n|-weather|Snow|[upkeep]\n|-damage|p2a: Sneasler|51\/100|[from] Salt Cure\n|upkeep\n|l| playergamerxl\n|inactive|zzHayp has 60 seconds left.\n|\n|t:|1700424571\n|switch|p1a: Magago \ud83d\udc35|Infernape, M|100\/100\n|turn|14\n|inactive|zzHayp has 60 seconds left.\n|\n|t:|1700424587\n|switch|p1a: Big Smoke|Torkoal, M|100\/100\n|-weather|SunnyDay|[from] ability: Drought|[of] p1a: Big Smoke\n|move|p2a: Sneasler|Acrobatics|p1a: Big Smoke\n|-damage|p1a: Big Smoke|10\/100\n|\n|-weather|SunnyDay|[upkeep]\n|-damage|p2a: Sneasler|39\/100|[from] Salt Cure\n|upkeep\n|turn|15\n|inactive|zzHayp has 60 seconds left.\n|c|\u2606zzHayp|Owari da\n|\n|t:|1700424619\n|move|p2a: Sneasler|Acrobatics|p1a: Big Smoke\n|-damage|p1a: Big Smoke|0 fnt\n|faint|p1a: Big Smoke\n|\n|-weather|SunnyDay|[upkeep]\n|-damage|p2a: Sneasler|26\/100|[from] Salt Cure\n|upkeep\n|inactive|zzHayp has 30 seconds left.\n|inactive|zzHayp has 20 seconds left.\n|\n|t:|1700424641\n|switch|p1a: Magago \ud83d\udc35|Infernape, M|100\/100\n|turn|16\n|inactive|zzHayp has 30 seconds left this turn.\n|inactive|zzHayp has 20 seconds left.\n|inactive|AmoSerPobre has 120 seconds left.\n|\n|t:|1700424653\n|move|p1a: Magago \ud83d\udc35|Vacuum Wave|p2a: Sneasler\n|-resisted|p2a: Sneasler\n|-damage|p2a: Sneasler|7\/100\n|move|p2a: Sneasler|Acrobatics|p1a: Magago \ud83d\udc35\n|-supereffective|p1a: Magago \ud83d\udc35\n|-damage|p1a: Magago \ud83d\udc35|0 fnt\n|faint|p1a: Magago \ud83d\udc35\n|\n|-weather|SunnyDay|[upkeep]\n|-damage|p2a: Sneasler|0 fnt|[from] Salt Cure\n|faint|p2a: Sneasler\n|upkeep\n|inactive|zzHayp has 30 seconds left this turn.\n|inactive|zzHayp has 20 seconds left.\n|inactive|AmoSerPobre has 120 seconds left.\n|j| playergamerxl\n|\n|t:|1700424674\n|switch|p1a: Jotalh\u00e3o Shaepado|Great Tusk|100\/100\n|switch|p2a: Samurott|Samurott-Hisui, M, shiny|100\/100\n|-activate|p1a: Jotalh\u00e3o Shaepado|ability: Protosynthesis\n|-start|p1a: Jotalh\u00e3o Shaepado|protosynthesisatk\n|turn|17\n|inactive|zzHayp has 30 seconds left this turn.\n|c|\u2606AmoSerPobre|EU N\u00c3O TANKEI\n|inactive|zzHayp has 20 seconds left.\n|\n|t:|1700424685\n|move|p1a: Jotalh\u00e3o Shaepado|Close Combat|p2a: Samurott\n|-supereffective|p2a: Samurott\n|-enditem|p2a: Samurott|Focus Sash\n|-damage|p2a: Samurott|1\/100\n|-unboost|p1a: Jotalh\u00e3o Shaepado|def|1\n|-unboost|p1a: Jotalh\u00e3o Shaepado|spd|1\n|move|p2a: Samurott|Razor Shell|p1a: Jotalh\u00e3o Shaepado\n|-supereffective|p1a: Jotalh\u00e3o Shaepado\n|-damage|p1a: Jotalh\u00e3o Shaepado|50\/100\n|-unboost|p1a: Jotalh\u00e3o Shaepado|def|1\n|\n|-weather|SunnyDay|[upkeep]\n|upkeep\n|turn|18\n|inactive|zzHayp has 30 seconds left this turn.\n|c|\u2606AmoSerPobre|TU VIU A ROOM DE OU\n|c|\u2606AmoSerPobre|SNEASLER FOI BANIDO\n|inactive|zzHayp has 20 seconds left.\n|inactive|AmoSerPobre has 120 seconds left.\n|inactive|zzHayp has 15 seconds left.\n|\n|t:|1700424701\n|move|p1a: Jotalh\u00e3o Shaepado|Rapid Spin|p2a: Samurott\n|-damage|p2a: Samurott|0 fnt\n|-boost|p1a: Jotalh\u00e3o Shaepado|spe|1\n|faint|p2a: Samurott\n|\n|-weather|SunnyDay|[upkeep]\n|upkeep\n|inactive|zzHayp has 20 seconds left this turn.\n|inactive|AmoSerPobre has 120 seconds left.\n|\n|t:|1700424709\n|switch|p2a: Enamorus|Enamorus, F, shiny|100\/100\n|turn|19\n|inactive|zzHayp has 30 seconds left this turn.\n|\n|t:|1700424713\n|move|p1a: Jotalh\u00e3o Shaepado|Ice Spinner|p2a: Enamorus\n|-supereffective|p2a: Enamorus\n|-damage|p2a: Enamorus|0 fnt\n|faint|p2a: Enamorus\n|\n|-weather|SunnyDay|[upkeep]\n|upkeep\n|\n|t:|1700424715\n|switch|p2a: Gholdengo|Gholdengo|100\/100\n|turn|20\n|\n|t:|1700424723\n|switch|p2a: Slowking|Slowking-Galar, M, shiny|86\/100\n|move|p1a: Jotalh\u00e3o Shaepado|Headlong Rush|p2a: Slowking\n|-supereffective|p2a: Slowking\n|-damage|p2a: Slowking|0 fnt\n|-unboost|p1a: Jotalh\u00e3o Shaepado|def|1\n|-unboost|p1a: Jotalh\u00e3o Shaepado|spd|1\n|faint|p2a: Slowking\n|\n|-weather|SunnyDay|[upkeep]\n|upkeep\n|\n|t:|1700424725\n|switch|p2a: Gholdengo|Gholdengo|100\/100\n|turn|21\n|c|\u2606zzHayp|KKKKKKKKKKKKKKKKKKK\n|c| playergamerxl|gg\n|c|\u2606zzHayp|NEM FUDENDO QUE EU VOU GANHAR\n|c|\u2606zzHayp|CARALHO\n|\n|t:|1700424742\n|move|p1a: Jotalh\u00e3o Shaepado|Headlong Rush|p2a: Gholdengo\n|-supereffective|p2a: Gholdengo\n|-damage|p2a: Gholdengo|0 fnt\n|-unboost|p1a: Jotalh\u00e3o Shaepado|def|1\n|-unboost|p1a: Jotalh\u00e3o Shaepado|spd|1\n|faint|p2a: Gholdengo\n|\n|win|zzHayp\n|n|\u2606zzHayp|zzhayp\n|n|\u2606AmoSerPobre|amoserpobre\n|n| playergamerxl|playergamerxl\n|c|\u2606zzHayp|gg manin\n|c|\u2606AmoSerPobre|Gg\n","uploadtime":1700424752,"views":21,"p1id":"zzhayp","p2id":"amoserpobre","formatid":"gen9ou","rating":0,"private":0,"password":""}