{"id":"gen9ou-1989708658","p1":"har0tt2","p2":"EpicGamer069420","format":"[Gen 9] OU","log":"|j|\u2606har0tt2\n|j|\u2606EpicGamer069420\n|t:|1699888892\n|gametype|singles\n|player|p1|har0tt2|ghetsis-gen5bw|1549\n|player|p2|EpicGamer069420|lucas|1616\n|teamsize|p1|6\n|teamsize|p2|6\n|gen|9\n|tier|[Gen 9] OU\n|rated|\n|rule|Sleep Clause Mod: Limit one foe put to sleep\n|rule|Species Clause: Limit one of each Pok\u00e9mon\n|rule|OHKO Clause: OHKO moves are banned\n|rule|Evasion Items Clause: Evasion items are banned\n|rule|Evasion Moves Clause: Evasion moves are banned\n|rule|Endless Battle Clause: Forcing endless battles is banned\n|rule|HP Percentage Mod: HP is shown in percentages\n|clearpoke\n|poke|p1|Pelipper, M|\n|poke|p1|Volcanion|\n|poke|p1|Barraskewda, M|\n|poke|p1|Zapdos|\n|poke|p1|Corviknight, F|\n|poke|p1|Tornadus-Therian, M|\n|poke|p2|Walking Wake|\n|poke|p2|Torkoal, F|\n|poke|p2|Brute Bonnet|\n|poke|p2|Great Tusk|\n|poke|p2|Iron Moth|\n|poke|p2|Dragapult, F|\n|teampreview\n|inactive|Battle timer is ON: inactive players will automatically lose when time's up. (requested by har0tt2)\n|inactive|EpicGamer069420 also wants the timer to be on.\n|c|\u2606har0tt2|good game\n|c|\u2606har0tt2|ty for the win\n|\n|t:|1699888913\n|start\n|switch|p1a: my besto friendo|Tornadus-Therian, M|100\/100\n|switch|p2a: Dragapult|Dragapult, F|100\/100\n|turn|1\n|\n|t:|1699888915\n|move|p2a: Dragapult|Thunder Wave|p1a: my besto friendo\n|-status|p1a: my besto friendo|par\n|cant|p1a: my besto friendo|par\n|\n|upkeep\n|turn|2\n|\n|t:|1699888918\n|move|p2a: Dragapult|Hex|p1a: my besto friendo\n|-damage|p1a: my besto friendo|74\/100 par\n|move|p1a: my besto friendo|Knock Off|p2a: Dragapult\n|-supereffective|p2a: Dragapult\n|-damage|p2a: Dragapult|46\/100\n|-enditem|p2a: Dragapult|Heavy-Duty Boots|[from] move: Knock Off|[of] p1a: my besto friendo\n|\n|upkeep\n|turn|3\n|\n|t:|1699888921\n|move|p2a: Dragapult|Hex|p1a: my besto friendo\n|-damage|p1a: my besto friendo|46\/100 par\n|cant|p1a: my besto friendo|par\n|\n|upkeep\n|turn|4\n|\n|t:|1699888926\n|move|p2a: Dragapult|Hex|p1a: my besto friendo\n|-damage|p1a: my besto friendo|18\/100 par\n|move|p1a: my besto friendo|U-turn|p2a: Dragapult\n|-resisted|p2a: Dragapult\n|-damage|p2a: Dragapult|36\/100\n|\n|t:|1699888929\n|switch|p1a: taser|Zapdos|100\/100|[from] U-turn\n|\n|upkeep\n|turn|5\n|\n|t:|1699888936\n|move|p1a: taser|Volt Switch|p2a: Dragapult\n|-resisted|p2a: Dragapult\n|-damage|p2a: Dragapult|11\/100\n|\n|t:|1699888938\n|switch|p1a: my besto friendo|Tornadus-Therian, M|51\/100 par|[from] Volt Switch\n|move|p2a: Dragapult|Will-O-Wisp||[still]\n|-fail|p2a: Dragapult\n|\n|upkeep\n|turn|6\n|\n|t:|1699888942\n|move|p2a: Dragapult|Hex|p1a: my besto friendo\n|-damage|p1a: my besto friendo|25\/100 par\n|cant|p1a: my besto friendo|par\n|\n|upkeep\n|turn|7\n|\n|t:|1699888948\n|switch|p1a: taser|Zapdos|100\/100\n|move|p2a: Dragapult|Will-O-Wisp|p1a: taser\n|-status|p1a: taser|brn\n|\n|-damage|p1a: taser|94\/100 brn|[from] brn\n|upkeep\n|turn|8\n|\n|t:|1699888953\n|switch|p2a: Brute Bonnet|Brute Bonnet|100\/100\n|move|p1a: taser|Volt Switch|p2a: Brute Bonnet\n|-resisted|p2a: Brute Bonnet\n|-damage|p2a: Brute Bonnet|83\/100\n|\n|t:|1699888957\n|switch|p1a: UBLAHAHGJAAH|Volcanion|100\/100|[from] Volt Switch\n|\n|upkeep\n|turn|9\n|\n|t:|1699888964\n|-end|p2a: Brute Bonnet|Protosynthesis|[silent]\n|switch|p2a: Walking Wake|Walking Wake|100\/100\n|move|p1a: UBLAHAHGJAAH|Flamethrower|p2a: Walking Wake\n|-resisted|p2a: Walking Wake\n|-damage|p2a: Walking Wake|78\/100\n|\n|upkeep\n|turn|10\n|\n|t:|1699888970\n|switch|p1a: rodrigo de paul|Corviknight, F|100\/100\n|-ability|p1a: rodrigo de paul|Pressure\n|move|p2a: Walking Wake|Draco Meteor|p1a: rodrigo de paul\n|-resisted|p1a: rodrigo de paul\n|-damage|p1a: rodrigo de paul|52\/100\n|-unboost|p2a: Walking Wake|spa|2\n|\n|upkeep\n|turn|11\n|\n|t:|1699888978\n|-end|p2a: Walking Wake|Protosynthesis|[silent]\n|switch|p2a: Iron Moth|Iron Moth|100\/100\n|-enditem|p2a: Iron Moth|Booster Energy\n|-activate|p2a: Iron Moth|ability: Quark Drive|[fromitem]\n|-start|p2a: Iron Moth|quarkdrivespe\n|move|p1a: rodrigo de paul|U-turn|p2a: Iron Moth\n|-resisted|p2a: Iron Moth\n|-damage|p2a: Iron Moth|96\/100\n|\n|t:|1699888984\n|switch|p1a: bi-curious|Pelipper, M, shiny|100\/100|[from] U-turn\n|-weather|RainDance|[from] ability: Drizzle|[of] p1a: bi-curious\n|\n|-weather|RainDance|[upkeep]\n|upkeep\n|turn|12\n|\n|t:|1699888990\n|move|p2a: Iron Moth|Sludge Wave|p1a: bi-curious\n|-damage|p1a: bi-curious|23\/100\n|move|p1a: bi-curious|U-turn|p2a: Iron Moth\n|-resisted|p2a: Iron Moth\n|-damage|p2a: Iron Moth|93\/100\n|\n|t:|1699888993\n|switch|p1a: dont mute me mods|Barraskewda, M, shiny|100\/100|[from] U-turn\n|\n|-weather|RainDance|[upkeep]\n|upkeep\n|turn|13\n|\n|t:|1699888997\n|-end|p2a: Iron Moth|Quark Drive|[silent]\n|switch|p2a: Torkoal|Torkoal, F|100\/100\n|-weather|SunnyDay|[from] ability: Drought|[of] p2a: Torkoal\n|move|p1a: dont mute me mods|Flip Turn|p2a: Torkoal\n|-supereffective|p2a: Torkoal\n|-crit|p2a: Torkoal\n|-damage|p2a: Torkoal|60\/100\n|\n|t:|1699889004\n|switch|p1a: bi-curious|Pelipper, M, shiny|23\/100|[from] Flip Turn\n|-weather|RainDance|[from] ability: Drizzle|[of] p1a: bi-curious\n|\n|-weather|RainDance|[upkeep]\n|upkeep\n|turn|14\n|\n|t:|1699889023\n|switch|p2a: Iron Moth|Iron Moth|93\/100\n|move|p1a: bi-curious|Roost|p1a: bi-curious\n|-heal|p1a: bi-curious|73\/100\n|-singleturn|p1a: bi-curious|move: Roost\n|\n|-weather|RainDance|[upkeep]\n|upkeep\n|turn|15\n|\n|t:|1699889032\n|switch|p1a: rodrigo de paul|Corviknight, F|52\/100\n|-ability|p1a: rodrigo de paul|Pressure\n|move|p2a: Iron Moth|Sludge Wave|p1a: rodrigo de paul\n|-immune|p1a: rodrigo de paul\n|\n|-weather|RainDance|[upkeep]\n|upkeep\n|turn|16\n|\n|t:|1699889036\n|move|p2a: Iron Moth|Fiery Dance|p1a: rodrigo de paul\n|-supereffective|p1a: rodrigo de paul\n|-damage|p1a: rodrigo de paul|16\/100\n|-boost|p2a: Iron Moth|spa|1\n|move|p1a: rodrigo de paul|U-turn|p2a: Iron Moth\n|-resisted|p2a: Iron Moth\n|-damage|p2a: Iron Moth|88\/100\n|\n|t:|1699889039\n|switch|p1a: dont mute me mods|Barraskewda, M, shiny|100\/100|[from] U-turn\n|\n|-weather|RainDance|[upkeep]\n|upkeep\n|turn|17\n|\n|t:|1699889050\n|-end|p2a: Iron Moth|Quark Drive|[silent]\n|switch|p2a: Brute Bonnet|Brute Bonnet|83\/100\n|move|p1a: dont mute me mods|Flip Turn|p2a: Brute Bonnet\n|-resisted|p2a: Brute Bonnet\n|-damage|p2a: Brute Bonnet|53\/100\n|\n|t:|1699889055\n|switch|p1a: taser|Zapdos|94\/100 brn|[from] Flip Turn\n|\n|-weather|RainDance|[upkeep]\n|-damage|p1a: taser|88\/100 brn|[from] brn\n|upkeep\n|turn|18\n|\n|t:|1699889063\n|-end|p2a: Brute Bonnet|Protosynthesis|[silent]\n|switch|p2a: Great Tusk|Great Tusk|100\/100\n|move|p1a: taser|Hurricane|p2a: Great Tusk\n|-supereffective|p2a: Great Tusk\n|-damage|p2a: Great Tusk|0 fnt\n|faint|p2a: Great Tusk\n|-end|p2a: Great Tusk|Protosynthesis|[silent]\n|\n|-weather|RainDance|[upkeep]\n|-damage|p1a: taser|82\/100 brn|[from] brn\n|upkeep\n|\n|t:|1699889065\n|switch|p2a: Torkoal|Torkoal, F|60\/100\n|-weather|SunnyDay|[from] ability: Drought|[of] p2a: Torkoal\n|turn|19\n|\n|t:|1699889070\n|switch|p1a: rodrigo de paul|Corviknight, F|16\/100\n|-ability|p1a: rodrigo de paul|Pressure\n|move|p2a: Torkoal|Stealth Rock|p1a: rodrigo de paul\n|-sidestart|p1: har0tt2|move: Stealth Rock\n|\n|-weather|SunnyDay|[upkeep]\n|upkeep\n|turn|20\n|\n|t:|1699889074\n|move|p1a: rodrigo de paul|Roost|p1a: rodrigo de paul\n|-heal|p1a: rodrigo de paul|66\/100\n|-singleturn|p1a: rodrigo de paul|move: Roost\n|move|p2a: Torkoal|Lava Plume|p1a: rodrigo de paul\n|-supereffective|p1a: rodrigo de paul\n|-damage|p1a: rodrigo de paul|0 fnt\n|faint|p1a: rodrigo de paul\n|\n|-weather|SunnyDay|[upkeep]\n|upkeep\n|\n|t:|1699889079\n|switch|p1a: UBLAHAHGJAAH|Volcanion|100\/100\n|-damage|p1a: UBLAHAHGJAAH|76\/100|[from] Stealth Rock\n|turn|21\n|\n|t:|1699889090\n|switch|p2a: Walking Wake|Walking Wake|78\/100\n|-activate|p2a: Walking Wake|ability: Protosynthesis\n|-start|p2a: Walking Wake|protosynthesisspe\n|move|p1a: UBLAHAHGJAAH|Earth Power|p2a: Walking Wake\n|-damage|p2a: Walking Wake|13\/100\n|\n|-weather|SunnyDay|[upkeep]\n|upkeep\n|turn|22\n|\n|t:|1699889102\n|switch|p1a: my besto friendo|Tornadus-Therian, M|58\/100 par\n|-damage|p1a: my besto friendo|33\/100 par|[from] Stealth Rock\n|move|p2a: Walking Wake|Draco Meteor|p1a: my besto friendo\n|-damage|p1a: my besto friendo|0 fnt\n|-unboost|p2a: Walking Wake|spa|2\n|faint|p1a: my besto friendo\n|\n|-weather|SunnyDay|[upkeep]\n|upkeep\n|\n|t:|1699889110\n|switch|p1a: UBLAHAHGJAAH|Volcanion|76\/100\n|-damage|p1a: UBLAHAHGJAAH|51\/100|[from] Stealth Rock\n|turn|23\n|\n|t:|1699889112\n|move|p2a: Walking Wake|Draco Meteor|p1a: UBLAHAHGJAAH\n|-damage|p1a: UBLAHAHGJAAH|0 fnt\n|-unboost|p2a: Walking Wake|spa|2\n|faint|p1a: UBLAHAHGJAAH\n|\n|-weather|SunnyDay|[upkeep]\n|upkeep\n|\n|t:|1699889121\n|switch|p1a: taser|Zapdos|82\/100 brn\n|-damage|p1a: taser|57\/100 brn|[from] Stealth Rock\n|turn|24\n|\n|t:|1699889129\n|-end|p2a: Walking Wake|Protosynthesis|[silent]\n|switch|p2a: Iron Moth|Iron Moth|88\/100\n|move|p1a: taser|Volt Switch|p2a: Iron Moth\n|-damage|p2a: Iron Moth|45\/100\n|\n|t:|1699889134\n|switch|p1a: bi-curious|Pelipper, M, shiny|73\/100|[from] Volt Switch\n|-damage|p1a: bi-curious|49\/100|[from] Stealth Rock\n|-weather|RainDance|[from] ability: Drizzle|[of] p1a: bi-curious\n|\n|-weather|RainDance|[upkeep]\n|upkeep\n|turn|25\n|\n|t:|1699889140\n|-terastallize|p1a: bi-curious|Ground\n|move|p2a: Iron Moth|Sludge Wave|p1a: bi-curious\n|-resisted|p1a: bi-curious\n|-damage|p1a: bi-curious|10\/100\n|move|p1a: bi-curious|U-turn|p2a: Iron Moth\n|-resisted|p2a: Iron Moth\n|-damage|p2a: Iron Moth|42\/100\n|\n|t:|1699889144\n|switch|p1a: dont mute me mods|Barraskewda, M, shiny|100\/100|[from] U-turn\n|-damage|p1a: dont mute me mods|88\/100|[from] Stealth Rock\n|\n|-weather|RainDance|[upkeep]\n|upkeep\n|turn|26\n|\n|t:|1699889150\n|move|p1a: dont mute me mods|Flip Turn|p2a: Iron Moth\n|-supereffective|p2a: Iron Moth\n|-damage|p2a: Iron Moth|0 fnt\n|faint|p2a: Iron Moth\n|-end|p2a: Iron Moth|Quark Drive|[silent]\n|\n|t:|1699889153\n|switch|p1a: taser|Zapdos|57\/100 brn|[from] Flip Turn\n|-damage|p1a: taser|32\/100 brn|[from] Stealth Rock\n|\n|-weather|RainDance|[upkeep]\n|-damage|p1a: taser|26\/100 brn|[from] brn\n|upkeep\n|\n|t:|1699889160\n|switch|p2a: Torkoal|Torkoal, F|60\/100\n|-weather|SunnyDay|[from] ability: Drought|[of] p2a: Torkoal\n|turn|27\n|\n|t:|1699889166\n|switch|p2a: Brute Bonnet|Brute Bonnet|53\/100\n|-activate|p2a: Brute Bonnet|ability: Protosynthesis\n|-start|p2a: Brute Bonnet|protosynthesisatk\n|move|p1a: taser|Volt Switch|p2a: Brute Bonnet\n|-resisted|p2a: Brute Bonnet\n|-damage|p2a: Brute Bonnet|36\/100\n|\n|t:|1699889168\n|switch|p1a: dont mute me mods|Barraskewda, M, shiny|88\/100|[from] Volt Switch\n|-damage|p1a: dont mute me mods|75\/100|[from] Stealth Rock\n|\n|-weather|SunnyDay|[upkeep]\n|upkeep\n|turn|28\n|\n|t:|1699889175\n|switch|p1a: bi-curious|Pelipper, M, shiny, tera:Ground|10\/100\n|-damage|p1a: bi-curious|4\/100|[from] Stealth Rock\n|-weather|RainDance|[from] ability: Drizzle|[of] p1a: bi-curious\n|-end|p2a: Brute Bonnet|Protosynthesis\n|move|p2a: Brute Bonnet|Bullet Seed|p1a: bi-curious\n|-supereffective|p1a: bi-curious\n|-damage|p1a: bi-curious|0 fnt\n|faint|p1a: bi-curious\n|-hitcount|p1: bi-curious|1\n|\n|-weather|RainDance|[upkeep]\n|upkeep\n|\n|t:|1699889178\n|switch|p1a: dont mute me mods|Barraskewda, M, shiny|75\/100\n|-damage|p1a: dont mute me mods|63\/100|[from] Stealth Rock\n|turn|29\n|\n|t:|1699889183\n|-end|p2a: Brute Bonnet|Protosynthesis|[silent]\n|switch|p2a: Torkoal|Torkoal, F|60\/100\n|-weather|SunnyDay|[from] ability: Drought|[of] p2a: Torkoal\n|move|p1a: dont mute me mods|Liquidation|p2a: Torkoal\n|-supereffective|p2a: Torkoal\n|-damage|p2a: Torkoal|23\/100\n|\n|-weather|SunnyDay|[upkeep]\n|upkeep\n|turn|30\n|\n|t:|1699889189\n|move|p1a: dont mute me mods|Liquidation|p2a: Torkoal\n|-supereffective|p2a: Torkoal\n|-damage|p2a: Torkoal|0 fnt\n|faint|p2a: Torkoal\n|\n|-weather|SunnyDay|[upkeep]\n|upkeep\n|\n|t:|1699889196\n|switch|p2a: Brute Bonnet|Brute Bonnet|36\/100\n|-activate|p2a: Brute Bonnet|ability: Protosynthesis\n|-start|p2a: Brute Bonnet|protosynthesisatk\n|turn|31\n|\n|t:|1699889198\n|move|p1a: dont mute me mods|Liquidation|p2a: Brute Bonnet\n|-resisted|p2a: Brute Bonnet\n|-damage|p2a: Brute Bonnet|21\/100\n|move|p2a: Brute Bonnet|Bullet Seed|p1a: dont mute me mods\n|-supereffective|p1a: dont mute me mods\n|-damage|p1a: dont mute me mods|0 fnt\n|faint|p1a: dont mute me mods\n|-hitcount|p1: dont mute me mods|1\n|\n|-weather|SunnyDay|[upkeep]\n|upkeep\n|\n|t:|1699889201\n|switch|p1a: taser|Zapdos|26\/100 brn\n|-damage|p1a: taser|1\/100 brn|[from] Stealth Rock\n|turn|32\n|-message|har0tt2 forfeited.\n|\n|win|EpicGamer069420\n|raw|har0tt2's rating: 1549 &rarr; <strong>1533<\/strong><br \/>(-16 for losing)\n|raw|EpicGamer069420's rating: 1616 &rarr; <strong>1632<\/strong><br \/>(+16 for winning)\n|l|\u2606har0tt2\n|l|\u2606EpicGamer069420\n|j|\u2606EpicGamer069420\n|player|p2|EpicGamer069420|lucas\n|n|\u2606EpicGamer069420|epicgamer069420\n","uploadtime":1699889334,"views":9,"p1id":"har0tt2","p2id":"epicgamer069420","formatid":"gen9ou","rating":1533,"private":0,"password":""}