{"id":"gen9ou-1991602792","p1":"Airi Pearl","p2":"COALLA123456789","format":"[Gen 9] OU","log":"|j|\u2606Airi Pearl\n|j|\u2606COALLA123456789\n|t:|1700093076\n|gametype|singles\n|player|p1|Airi Pearl|#wcop2023latinamerica2|\n|player|p2|COALLA123456789|benga|\n|teamsize|p1|6\n|teamsize|p2|6\n|gen|9\n|tier|[Gen 9] OU\n|rule|Sleep Clause Mod: Limit one foe put to sleep\n|rule|Species Clause: Limit one of each Pok\u00e9mon\n|rule|OHKO Clause: OHKO moves are banned\n|rule|Evasion Items Clause: Evasion items are banned\n|rule|Evasion Moves Clause: Evasion moves are banned\n|rule|Endless Battle Clause: Forcing endless battles is banned\n|rule|HP Percentage Mod: HP is shown in percentages\n|clearpoke\n|poke|p1|Cinderace, M|\n|poke|p1|Landorus-Therian, M|\n|poke|p1|Kingambit, F|\n|poke|p1|Slowking-Galar, M|\n|poke|p1|Samurott-Hisui, F|\n|poke|p1|Dragapult, F|\n|poke|p2|Rillaboom, F|\n|poke|p2|Sneasler, F|\n|poke|p2|Skeledirge, F|\n|poke|p2|Ting-Lu|\n|poke|p2|Iron Valiant|\n|poke|p2|Dragonite, F|\n|teampreview\n|inactive|Battle timer is ON: inactive players will automatically lose when time's up. (requested by COALLA123456789)\n|c|\u2606COALLA123456789|Hf homie\n|c|\u2606COALLA123456789|mb taking so long\n|inactive|Airi Pearl has 270 seconds left.\n|inactive|COALLA123456789 has 270 seconds left.\n|c|\u2606Airi Pearl|u2\n|inactive|COALLA123456789 has 240 seconds left.\n|\n|t:|1700093160\n|start\n|switch|p1a: Landorus|Landorus-Therian, M|100\/100\n|switch|p2a: Ting-Lu|Ting-Lu|100\/100\n|-ability|p1a: Landorus|Intimidate|boost\n|-unboost|p2a: Ting-Lu|atk|1\n|-ability|p2a: Ting-Lu|Vessel of Ruin\n|turn|1\n|\n|t:|1700093170\n|move|p1a: Landorus|U-turn|p2a: Ting-Lu\n|-supereffective|p2a: Ting-Lu\n|-damage|p2a: Ting-Lu|53\/100\n|-enditem|p2a: Ting-Lu|Red Card|[of] p1a: Landorus\n|drag|p1a: Dragapult|Dragapult, F, shiny|100\/100\n|move|p2a: Ting-Lu|Ruination|p1a: Dragapult\n|-damage|p1a: Dragapult|51\/100\n|\n|upkeep\n|turn|2\n|\n|t:|1700093190\n|move|p1a: Dragapult|U-turn|p2a: Ting-Lu\n|-supereffective|p2a: Ting-Lu\n|-damage|p2a: Ting-Lu|34\/100\n|\n|t:|1700093197\n|switch|p1a: Samurott|Samurott-Hisui, F|100\/100|[from] U-turn\n|move|p2a: Ting-Lu|Ruination|p1a: Samurott\n|-damage|p1a: Samurott|51\/100\n|\n|upkeep\n|turn|3\n|\n|t:|1700093206\n|switch|p2a: Rillaboom|Rillaboom, F|100\/100\n|-fieldstart|move: Grassy Terrain|[from] ability: Grassy Surge|[of] p2a: Rillaboom\n|move|p1a: Samurott|Aqua Cutter|p2a: Rillaboom\n|-resisted|p2a: Rillaboom\n|-damage|p2a: Rillaboom|79\/100\n|\n|-heal|p1a: Samurott|57\/100|[from] Grassy Terrain\n|-heal|p2a: Rillaboom|85\/100|[from] Grassy Terrain\n|upkeep\n|turn|4\n|\n|t:|1700093218\n|switch|p1a: Slowking|Slowking-Galar, M, shiny|100\/100\n|move|p2a: Rillaboom|U-turn|p1a: Slowking\n|-damage|p1a: Slowking|72\/100\n|\n|t:|1700093237\n|switch|p2a: Ting-Lu|Ting-Lu|34\/100|[from] U-turn\n|-ability|p2a: Ting-Lu|Vessel of Ruin\n|\n|-heal|p2a: Ting-Lu|40\/100|[from] Grassy Terrain\n|-heal|p1a: Slowking|78\/100|[from] Grassy Terrain\n|upkeep\n|turn|5\n|\n|t:|1700093243\n|move|p2a: Ting-Lu|Stomping Tantrum|p1a: Slowking\n|-supereffective|p1a: Slowking\n|-damage|p1a: Slowking|35\/100\n|move|p1a: Slowking|Chilly Reception|p1a: Slowking\n|-weather|Snow\n|\n|t:|1700093248\n|switch|p1a: Landorus|Landorus-Therian, M|100\/100|[from] Chilly Reception\n|-ability|p1a: Landorus|Intimidate|boost\n|-unboost|p2a: Ting-Lu|atk|1\n|\n|-weather|Snow|[upkeep]\n|-heal|p2a: Ting-Lu|46\/100|[from] Grassy Terrain\n|upkeep\n|turn|6\n|\n|t:|1700093263\n|move|p1a: Landorus|U-turn|p2a: Ting-Lu\n|-supereffective|p2a: Ting-Lu\n|-damage|p2a: Ting-Lu|3\/100\n|\n|t:|1700093267\n|switch|p1a: Samurott|Samurott-Hisui, F|57\/100|[from] U-turn\n|move|p2a: Ting-Lu|Ruination|p1a: Samurott\n|-damage|p1a: Samurott|29\/100\n|\n|-weather|Snow|[upkeep]\n|-heal|p1a: Samurott|35\/100|[from] Grassy Terrain\n|-heal|p2a: Ting-Lu|9\/100|[from] Grassy Terrain\n|upkeep\n|turn|7\n|\n|t:|1700093277\n|switch|p2a: Rillaboom|Rillaboom, F|85\/100\n|move|p1a: Samurott|Knock Off|p2a: Rillaboom\n|-damage|p2a: Rillaboom|44\/100\n|-enditem|p2a: Rillaboom|Choice Band|[from] move: Knock Off|[of] p1a: Samurott\n|\n|-weather|Snow|[upkeep]\n|-heal|p1a: Samurott|41\/100|[from] Grassy Terrain\n|-heal|p2a: Rillaboom|50\/100|[from] Grassy Terrain\n|-fieldend|move: Grassy Terrain\n|upkeep\n|turn|8\n|\n|t:|1700093291\n|switch|p2a: Ting-Lu|Ting-Lu|9\/100\n|-ability|p2a: Ting-Lu|Vessel of Ruin\n|move|p1a: Samurott|Ceaseless Edge|p2a: Ting-Lu\n|-resisted|p2a: Ting-Lu\n|-damage|p2a: Ting-Lu|0 fnt\n|-sidestart|p2: COALLA123456789|Spikes\n|faint|p2a: Ting-Lu\n|\n|-weather|Snow|[upkeep]\n|upkeep\n|\n|t:|1700093308\n|switch|p2a: Iron Valiant|Iron Valiant|100\/100\n|-damage|p2a: Iron Valiant|88\/100|[from] Spikes\n|-enditem|p2a: Iron Valiant|Booster Energy\n|-activate|p2a: Iron Valiant|ability: Quark Drive|[fromitem]\n|-start|p2a: Iron Valiant|quarkdrivespe\n|turn|9\n|\n|t:|1700093317\n|switch|p1a: Cinderace|Cinderace, M, shiny|100\/100\n|move|p2a: Iron Valiant|Calm Mind|p2a: Iron Valiant\n|-boost|p2a: Iron Valiant|spa|1\n|-boost|p2a: Iron Valiant|spd|1\n|\n|-weather|none\n|upkeep\n|turn|10\n|\n|t:|1700093326\n|move|p2a: Iron Valiant|Shadow Ball|p1a: Cinderace\n|-damage|p1a: Cinderace|56\/100\n|-unboost|p1a: Cinderace|spd|1\n|move|p1a: Cinderace|Pyro Ball|p2a: Iron Valiant|[miss]\n|-miss|p1a: Cinderace|p2a: Iron Valiant\n|\n|upkeep\n|turn|11\n|j| Coach Jones 6fifth\n|\n|t:|1700093335\n|switch|p1a: Kingambit|Kingambit, F, shiny|100\/100\n|move|p2a: Iron Valiant|Shadow Ball|p1a: Kingambit\n|-resisted|p1a: Kingambit\n|-damage|p1a: Kingambit|82\/100\n|-unboost|p1a: Kingambit|spd|1\n|\n|-heal|p1a: Kingambit|88\/100|[from] item: Leftovers\n|upkeep\n|turn|12\n|l| Coach Jones 6fifth\n|\n|t:|1700093342\n|-end|p1a: Kingambit|fallenundefined|[silent]\n|switch|p1a: Slowking|Slowking-Galar, M, shiny|69\/100\n|move|p2a: Iron Valiant|Moonblast|p1a: Slowking\n|-resisted|p1a: Slowking\n|-damage|p1a: Slowking|42\/100\n|\n|upkeep\n|turn|13\n|\n|t:|1700093366\n|switch|p1a: Kingambit|Kingambit, F, shiny|88\/100\n|-terastallize|p2a: Iron Valiant|Steel\n|move|p2a: Iron Valiant|Calm Mind|p2a: Iron Valiant\n|-boost|p2a: Iron Valiant|spa|1\n|-boost|p2a: Iron Valiant|spd|1\n|\n|-heal|p1a: Kingambit|94\/100|[from] item: Leftovers\n|upkeep\n|turn|14\n|j| Coach Jones 6fifth\n|n| Coach Jones 6fifth|coachjones6fifth\n|\n|t:|1700093379\n|move|p2a: Iron Valiant|Moonblast|p1a: Kingambit\n|-damage|p1a: Kingambit|0 fnt\n|faint|p1a: Kingambit\n|-end|p1a: Kingambit|fallenundefined|[silent]\n|\n|upkeep\n|\n|t:|1700093386\n|switch|p1a: Slowking|Slowking-Galar, M, shiny|76\/100\n|turn|15\n|\n|t:|1700093405\n|-terastallize|p1a: Slowking|Grass\n|move|p2a: Iron Valiant|Shadow Ball|p1a: Slowking\n|-damage|p1a: Slowking|34\/100\n|move|p1a: Slowking|Thunder Wave|p2a: Iron Valiant\n|-status|p2a: Iron Valiant|par\n|\n|upkeep\n|turn|16\n|\n|t:|1700093428\n|switch|p1a: Samurott|Samurott-Hisui, F|41\/100\n|move|p2a: Iron Valiant|Shadow Ball|p1a: Samurott\n|-resisted|p1a: Samurott\n|-damage|p1a: Samurott|15\/100\n|\n|upkeep\n|turn|17\n|\n|t:|1700093437\n|move|p1a: Samurott|Aqua Cutter|p2a: Iron Valiant\n|-damage|p2a: Iron Valiant|26\/100 par\n|move|p2a: Iron Valiant|Shadow Ball|p1a: Samurott\n|-resisted|p1a: Samurott\n|-damage|p1a: Samurott|0 fnt\n|faint|p1a: Samurott\n|\n|upkeep\n|\n|t:|1700093442\n|switch|p1a: Dragapult|Dragapult, F, shiny|51\/100\n|turn|18\n|l| Coach Jones 6fifth\n|inactive|COALLA123456789 has 270 seconds left.\n|inactive|COALLA123456789 has 240 seconds left.\n|\n|t:|1700093509\n|move|p1a: Dragapult|Flamethrower|p2a: Iron Valiant\n|-supereffective|p2a: Iron Valiant\n|-damage|p2a: Iron Valiant|0 fnt\n|faint|p2a: Iron Valiant\n|-end|p2a: Iron Valiant|Quark Drive|[silent]\n|\n|upkeep\n|j| Coach Jones 6fifth\n|n| Coach Jones 6fifth|coachjones6fifth\n|inactive|COALLA123456789 has 210 seconds left.\n|inactive|COALLA123456789 has 180 seconds left.\n|\n|t:|1700093569\n|switch|p2a: Dragonite|Dragonite, F|100\/100\n|turn|19\n|\n|t:|1700093575\n|switch|p1a: Landorus|Landorus-Therian, M|100\/100\n|-ability|p1a: Landorus|Intimidate|boost\n|-unboost|p2a: Dragonite|atk|1\n|move|p2a: Dragonite|Ice Spinner|p1a: Landorus\n|-supereffective|p1a: Landorus\n|-damage|p1a: Landorus|0 fnt\n|faint|p1a: Landorus\n|\n|upkeep\n|\n|t:|1700093581\n|switch|p1a: Cinderace|Cinderace, M, shiny|56\/100\n|turn|20\n|\n|t:|1700093594\n|switch|p2a: Skeledirge|Skeledirge, F|100\/100\n|move|p1a: Cinderace|U-turn|p2a: Skeledirge\n|-resisted|p2a: Skeledirge\n|-damage|p2a: Skeledirge|98\/100\n|\n|t:|1700093598\n|switch|p1a: Dragapult|Dragapult, F, shiny|51\/100|[from] U-turn\n|\n|upkeep\n|turn|21\n|\n|t:|1700093606\n|move|p1a: Dragapult|Shadow Ball|p2a: Skeledirge\n|-supereffective|p2a: Skeledirge\n|-damage|p2a: Skeledirge|0 fnt\n|faint|p2a: Skeledirge\n|\n|upkeep\n|\n|t:|1700093628\n|switch|p2a: Rillaboom|Rillaboom, F|50\/100\n|-damage|p2a: Rillaboom|37\/100|[from] Spikes\n|-fieldstart|move: Grassy Terrain|[from] ability: Grassy Surge|[of] p2a: Rillaboom\n|turn|22\n|\n|t:|1700093636\n|switch|p1a: Cinderace|Cinderace, M, shiny|56\/100\n|move|p2a: Rillaboom|Knock Off|p1a: Cinderace\n|-damage|p1a: Cinderace|12\/100\n|-enditem|p1a: Cinderace|Heavy-Duty Boots|[from] move: Knock Off|[of] p2a: Rillaboom\n|\n|-heal|p1a: Cinderace|19\/100|[from] Grassy Terrain\n|-heal|p2a: Rillaboom|44\/100|[from] Grassy Terrain\n|upkeep\n|turn|23\n|\n|t:|1700093652\n|switch|p1a: Slowking|Slowking-Galar, M, shiny, tera:Grass|67\/100\n|move|p2a: Rillaboom|Knock Off|p1a: Slowking\n|-crit|p1a: Slowking\n|-damage|p1a: Slowking|28\/100\n|-enditem|p1a: Slowking|Heavy-Duty Boots|[from] move: Knock Off|[of] p2a: Rillaboom\n|\n|-heal|p2a: Rillaboom|50\/100|[from] Grassy Terrain\n|-heal|p1a: Slowking|34\/100|[from] Grassy Terrain\n|upkeep\n|turn|24\n|\n|t:|1700093658\n|move|p2a: Rillaboom|U-turn|p1a: Slowking\n|-supereffective|p1a: Slowking\n|-damage|p1a: Slowking|0 fnt\n|faint|p1a: Slowking\n|inactive|COALLA123456789 has 180 seconds left.\n|l| Coach Jones 6fifth\n|\n|t:|1700093693\n|switch|p2a: Sneasler|Sneasler, F|100\/100|[from] U-turn\n|-damage|p2a: Sneasler|88\/100|[from] Spikes\n|-enditem|p2a: Sneasler|Grassy Seed\n|-boost|p2a: Sneasler|def|1|[from] item: Grassy Seed\n|\n|-heal|p2a: Sneasler|94\/100|[from] Grassy Terrain\n|upkeep\n|\n|t:|1700093697\n|switch|p1a: Dragapult|Dragapult, F, shiny|51\/100\n|turn|25\n|inactive|COALLA123456789 has 180 seconds left.\n|\n|t:|1700093710\n|move|p2a: Sneasler|Lash Out|p1a: Dragapult\n|-supereffective|p1a: Dragapult\n|-damage|p1a: Dragapult|0 fnt\n|faint|p1a: Dragapult\n|\n|-heal|p2a: Sneasler|99\/100|[from] Grassy Terrain\n|upkeep\n|\n|t:|1700093712\n|switch|p1a: Cinderace|Cinderace, M, shiny|19\/100\n|turn|26\n|inactive|COALLA123456789 has 180 seconds left.\n|c|\u2606COALLA123456789|gg Siri sorry for the bad hax on the pyro ball early game\n|\n|t:|1700093739\n|move|p2a: Sneasler|Dire Claw|p1a: Cinderace\n|-damage|p1a: Cinderace|0 fnt\n|faint|p1a: Cinderace\n|\n|win|COALLA123456789\n|c|\u2606Airi Pearl|happens ig\n|c|\u2606Airi Pearl|gg\n|l|\u2606Airi Pearl\n","uploadtime":1700093799,"views":53,"p1id":"airipearl","p2id":"coalla123456789","formatid":"gen9ou","rating":0,"private":0,"password":""}