{"id":"gen9ou-1996272888","p1":"karl_marx777","p2":"novelas674","format":"[Gen 9] OU","log":"|j|\u2606karl_marx777\n|j|\u2606novelas674\n|t:|1700666290\n|gametype|singles\n|player|p1|karl_marx777|266|1042\n|player|p2|novelas674|102|1046\n|teamsize|p1|6\n|teamsize|p2|6\n|gen|9\n|tier|[Gen 9] OU\n|rated|\n|rule|Sleep Clause Mod: Limit one foe put to sleep\n|rule|Species Clause: Limit one of each Pok\u00e9mon\n|rule|OHKO Clause: OHKO moves are banned\n|rule|Evasion Items Clause: Evasion items are banned\n|rule|Evasion Moves Clause: Evasion moves are banned\n|rule|Endless Battle Clause: Forcing endless battles is banned\n|rule|HP Percentage Mod: HP is shown in percentages\n|clearpoke\n|poke|p1|Torkoal, M|\n|poke|p1|Hatterene, F|\n|poke|p1|Brute Bonnet|\n|poke|p1|Ceruledge, M|\n|poke|p1|Great Tusk|\n|poke|p1|Dragapult, M|\n|poke|p2|Tropius, M|\n|poke|p2|Iron Hands|\n|poke|p2|Meloetta|\n|poke|p2|Houndoom, M|\n|poke|p2|Barraskewda, M|\n|poke|p2|Iron Jugulis|\n|teampreview\n|\n|t:|1700666304\n|start\n|switch|p1a: alex|Torkoal, M|100\/100\n|switch|p2a: Meloetta|Meloetta|100\/100\n|-weather|SunnyDay|[from] ability: Drought|[of] p1a: alex\n|turn|1\n|\n|t:|1700666315\n|move|p2a: Meloetta|Psychic|p1a: alex\n|-damage|p1a: alex|44\/100\n|move|p1a: alex|Stealth Rock|p2a: Meloetta\n|-sidestart|p2: novelas674|move: Stealth Rock\n|\n|-weather|SunnyDay|[upkeep]\n|upkeep\n|turn|2\n|\n|t:|1700666330\n|switch|p1a: sus|Brute Bonnet, shiny|100\/100\n|-activate|p1a: sus|ability: Protosynthesis\n|-start|p1a: sus|protosynthesisatk\n|move|p2a: Meloetta|U-turn|p1a: sus\n|-supereffective|p1a: sus\n|-damage|p1a: sus|64\/100\n|\n|t:|1700666348\n|switch|p2a: Houndoom|Houndoom, M|100\/100|[from] U-turn\n|\n|-weather|SunnyDay|[upkeep]\n|upkeep\n|turn|3\n|\n|t:|1700666372\n|-end|p1a: sus|Protosynthesis|[silent]\n|switch|p1a: maria|Hatterene, F, shiny|100\/100\n|move|p2a: Houndoom|Flamethrower|p1a: maria\n|-damage|p1a: maria|41\/100\n|\n|-weather|SunnyDay|[upkeep]\n|upkeep\n|turn|4\n|\n|t:|1700666379\n|move|p2a: Houndoom|Flamethrower|p1a: maria\n|-damage|p1a: maria|0 fnt\n|faint|p1a: maria\n|\n|-weather|SunnyDay|[upkeep]\n|upkeep\n|\n|t:|1700666385\n|switch|p1a: Dragapult|Dragapult, M|100\/100\n|turn|5\n|\n|t:|1700666398\n|move|p1a: Dragapult|Dragon Dance|p1a: Dragapult\n|-boost|p1a: Dragapult|atk|1\n|-boost|p1a: Dragapult|spe|1\n|move|p2a: Houndoom|Dark Pulse|p1a: Dragapult\n|-supereffective|p1a: Dragapult\n|-damage|p1a: Dragapult|13\/100\n|\n|-weather|SunnyDay|[upkeep]\n|upkeep\n|turn|6\n|\n|t:|1700666406\n|move|p2a: Houndoom|Sucker Punch|p1a: Dragapult\n|-supereffective|p1a: Dragapult\n|-crit|p1a: Dragapult\n|-damage|p1a: Dragapult|0 fnt\n|faint|p1a: Dragapult\n|\n|-weather|SunnyDay|[upkeep]\n|upkeep\n|-message|karl_marx777 forfeited.\n|\n|win|novelas674\n|raw|karl_marx777's rating: 1042 &rarr; <strong>1026<\/strong><br \/>(-16 for losing)\n|raw|novelas674's rating: 1046 &rarr; <strong>1079<\/strong><br \/>(+33 for winning)\n|l|\u2606karl_marx777\n","uploadtime":1700666414,"views":0,"p1id":"karlmarx777","p2id":"novelas674","formatid":"gen9ou","rating":1026,"private":0,"password":""}