{"id":"gen9ou-1995681020","p1":"XxHighSoulxX","p2":"caimanvert","format":"[Gen 9] OU","log":"|j|\u2606XxHighSoulxX\n|j|\u2606caimanvert\n|t:|1700593445\n|gametype|singles\n|player|p1|XxHighSoulxX|shadowtriad|1134\n|player|p2|caimanvert|biker-gen4|1030\n|teamsize|p1|6\n|teamsize|p2|6\n|gen|9\n|tier|[Gen 9] OU\n|rated|\n|rule|Sleep Clause Mod: Limit one foe put to sleep\n|rule|Species Clause: Limit one of each Pok\u00e9mon\n|rule|OHKO Clause: OHKO moves are banned\n|rule|Evasion Items Clause: Evasion items are banned\n|rule|Evasion Moves Clause: Evasion moves are banned\n|rule|Endless Battle Clause: Forcing endless battles is banned\n|rule|HP Percentage Mod: HP is shown in percentages\n|clearpoke\n|poke|p1|Ursaluna, F|\n|poke|p1|Slowking-Galar, M|\n|poke|p1|Scizor, M|\n|poke|p1|Quaquaval, F|\n|poke|p1|Vikavolt, F|\n|poke|p1|Dunsparce, M|\n|poke|p2|Kingambit, M|\n|poke|p2|Ogerpon-Wellspring, F|\n|poke|p2|Clefable, F|\n|poke|p2|Great Tusk|\n|poke|p2|Slowking-Galar, F|\n|poke|p2|Enamorus, F|\n|teampreview\n|inactive|Battle timer is ON: inactive players will automatically lose when time's up. (requested by XxHighSoulxX)\n|\n|t:|1700593460\n|start\n|switch|p1a: Vikavolt|Vikavolt, F, shiny|100\/100\n|switch|p2a: Clefable|Clefable, F|100\/100\n|turn|1\n|\n|t:|1700593479\n|switch|p2a: Great Tusk|Great Tusk|100\/100\n|move|p1a: Vikavolt|Sticky Web|p2a: Great Tusk\n|-sidestart|p2: caimanvert|move: Sticky Web\n|\n|upkeep\n|turn|2\n|\n|t:|1700593492\n|move|p2a: Great Tusk|Stealth Rock|p1a: Vikavolt\n|-sidestart|p1: XxHighSoulxX|move: Stealth Rock\n|move|p1a: Vikavolt|Flash Cannon|p2a: Great Tusk\n|-damage|p2a: Great Tusk|63\/100\n|\n|-heal|p2a: Great Tusk|69\/100|[from] item: Leftovers\n|upkeep\n|turn|3\n|\n|t:|1700593501\n|move|p2a: Great Tusk|Knock Off|p1a: Vikavolt\n|-damage|p1a: Vikavolt|73\/100\n|-enditem|p1a: Vikavolt|Red Card|[from] move: Knock Off|[of] p2a: Great Tusk\n|move|p1a: Vikavolt|Flash Cannon|p2a: Great Tusk\n|-damage|p2a: Great Tusk|32\/100\n|\n|-heal|p2a: Great Tusk|38\/100|[from] item: Leftovers\n|upkeep\n|turn|4\n|\n|t:|1700593513\n|-end|p2a: Great Tusk|Protosynthesis|[silent]\n|switch|p2a: Clefable|Clefable, F|100\/100\n|-activate|p2a: Clefable|move: Sticky Web\n|-unboost|p2a: Clefable|spe|1\n|move|p1a: Vikavolt|Flash Cannon|p2a: Clefable\n|-supereffective|p2a: Clefable\n|-damage|p2a: Clefable|49\/100\n|\n|-heal|p2a: Clefable|55\/100|[from] item: Leftovers\n|upkeep\n|turn|5\n|\n|t:|1700593526\n|move|p2a: Clefable|Protect|p2a: Clefable\n|-singleturn|p2a: Clefable|Protect\n|move|p1a: Vikavolt|Thunder Wave|p2a: Clefable\n|-activate|p2a: Clefable|move: Protect\n|\n|-heal|p2a: Clefable|61\/100|[from] item: Leftovers\n|upkeep\n|turn|6\n|\n|t:|1700593541\n|switch|p2a: Great Tusk|Great Tusk|38\/100\n|-activate|p2a: Great Tusk|move: Sticky Web\n|-unboost|p2a: Great Tusk|spe|1\n|move|p1a: Vikavolt|Volt Switch|p2a: Great Tusk\n|-immune|p2a: Great Tusk\n|\n|-heal|p2a: Great Tusk|44\/100|[from] item: Leftovers\n|upkeep\n|turn|7\n|\n|t:|1700593555\n|-end|p2a: Great Tusk|Protosynthesis|[silent]\n|switch|p2a: Clefable|Clefable, F|61\/100\n|-activate|p2a: Clefable|move: Sticky Web\n|-unboost|p2a: Clefable|spe|1\n|move|p1a: Vikavolt|Flash Cannon|p2a: Clefable\n|-supereffective|p2a: Clefable\n|-damage|p2a: Clefable|6\/100\n|\n|-heal|p2a: Clefable|12\/100|[from] item: Leftovers\n|upkeep\n|turn|8\n|\n|t:|1700593567\n|move|p2a: Clefable|Protect|p2a: Clefable\n|-singleturn|p2a: Clefable|Protect\n|move|p1a: Vikavolt|Flash Cannon|p2a: Clefable\n|-activate|p2a: Clefable|move: Protect\n|\n|-heal|p2a: Clefable|18\/100|[from] item: Leftovers\n|upkeep\n|turn|9\n|\n|t:|1700593581\n|switch|p2a: Kingambit|Kingambit, M|100\/100\n|-activate|p2a: Kingambit|move: Sticky Web\n|-unboost|p2a: Kingambit|spe|1\n|move|p1a: Vikavolt|Flash Cannon|p2a: Kingambit\n|-resisted|p2a: Kingambit\n|-damage|p2a: Kingambit|85\/100\n|\n|-heal|p2a: Kingambit|91\/100|[from] item: Leftovers\n|upkeep\n|turn|10\n|\n|t:|1700593591\n|move|p1a: Vikavolt|Volt Switch|p2a: Kingambit\n|-damage|p2a: Kingambit|50\/100\n|\n|t:|1700593600\n|switch|p1a: Ursaluna|Ursaluna, F, shiny|100\/100|[from] Volt Switch\n|-damage|p1a: Ursaluna|94\/100|[from] Stealth Rock\n|move|p2a: Kingambit|Swords Dance|p2a: Kingambit\n|-boost|p2a: Kingambit|atk|2\n|\n|-heal|p1a: Ursaluna|100\/100|[from] item: Leftovers\n|-heal|p2a: Kingambit|56\/100|[from] item: Leftovers\n|upkeep\n|turn|11\n|\n|t:|1700593616\n|move|p2a: Kingambit|Sucker Punch|p1a: Ursaluna\n|-damage|p1a: Ursaluna|42\/100\n|move|p1a: Ursaluna|Drain Punch|p2a: Kingambit\n|-supereffective|p2a: Kingambit\n|-damage|p2a: Kingambit|0 fnt\n|-heal|p1a: Ursaluna|65\/100|[from] drain|[of] p2a: Kingambit\n|faint|p2a: Kingambit\n|-end|p2a: Kingambit|fallenundefined|[silent]\n|\n|-heal|p1a: Ursaluna|71\/100|[from] item: Leftovers\n|upkeep\n|\n|t:|1700593628\n|switch|p2a: Clefable|Clefable, F|18\/100\n|-activate|p2a: Clefable|move: Sticky Web\n|-unboost|p2a: Clefable|spe|1\n|turn|12\n|\n|t:|1700593636\n|-terastallize|p1a: Ursaluna|Grass\n|move|p2a: Clefable|Protect|p2a: Clefable\n|-singleturn|p2a: Clefable|Protect\n|move|p1a: Ursaluna|Trailblaze|p2a: Clefable\n|-activate|p2a: Clefable|move: Protect\n|\n|-heal|p1a: Ursaluna|77\/100|[from] item: Leftovers\n|-heal|p2a: Clefable|24\/100|[from] item: Leftovers\n|upkeep\n|turn|13\n|\n|t:|1700593646\n|move|p1a: Ursaluna|Trailblaze|p2a: Clefable\n|-damage|p2a: Clefable|0 fnt\n|-boost|p1a: Ursaluna|spe|1\n|faint|p2a: Clefable\n|\n|-heal|p1a: Ursaluna|83\/100|[from] item: Leftovers\n|upkeep\n|\n|t:|1700593656\n|switch|p2a: balemasque|Ogerpon-Wellspring, F|100\/100\n|-activate|p2a: balemasque|move: Sticky Web\n|-unboost|p2a: balemasque|spe|1\n|turn|14\n|\n|t:|1700593668\n|move|p1a: Ursaluna|Trailblaze|p2a: balemasque\n|-damage|p2a: balemasque|58\/100\n|-boost|p1a: Ursaluna|spe|1\n|move|p2a: balemasque|Spikes|p1a: Ursaluna\n|-sidestart|p1: XxHighSoulxX|Spikes\n|\n|-heal|p1a: Ursaluna|89\/100|[from] item: Leftovers\n|upkeep\n|turn|15\n|\n|t:|1700593678\n|move|p1a: Ursaluna|Bulk Up|p1a: Ursaluna\n|-boost|p1a: Ursaluna|atk|1\n|-boost|p1a: Ursaluna|def|1\n|move|p2a: balemasque|Ivy Cudgel|p1a: Ursaluna|[anim] Ivy Cudgel Water\n|-resisted|p1a: Ursaluna\n|-damage|p1a: Ursaluna|76\/100\n|\n|-heal|p1a: Ursaluna|82\/100|[from] item: Leftovers\n|upkeep\n|turn|16\n|\n|t:|1700593689\n|move|p1a: Ursaluna|Bulk Up|p1a: Ursaluna\n|-boost|p1a: Ursaluna|atk|1\n|-boost|p1a: Ursaluna|def|1\n|move|p2a: balemasque|Knock Off|p1a: Ursaluna\n|-damage|p1a: Ursaluna|67\/100\n|-enditem|p1a: Ursaluna|Leftovers|[from] move: Knock Off|[of] p2a: balemasque\n|\n|upkeep\n|turn|17\n|\n|t:|1700593703\n|switch|p2a: Slowking|Slowking-Galar, F|100\/100\n|-activate|p2a: Slowking|move: Sticky Web\n|-unboost|p2a: Slowking|spe|1\n|move|p1a: Ursaluna|Trailblaze|p2a: Slowking\n|-resisted|p2a: Slowking\n|-damage|p2a: Slowking|69\/100\n|-boost|p1a: Ursaluna|spe|1\n|\n|upkeep\n|turn|18\n|\n|t:|1700593714\n|move|p1a: Ursaluna|Ice Punch|p2a: Slowking\n|-damage|p2a: Slowking|15\/100\n|move|p2a: Slowking|Flamethrower|p1a: Ursaluna\n|-supereffective|p1a: Ursaluna\n|-damage|p1a: Ursaluna|27\/100\n|\n|upkeep\n|turn|19\n|\n|t:|1700593721\n|move|p1a: Ursaluna|Drain Punch|p2a: Slowking\n|-resisted|p2a: Slowking\n|-damage|p2a: Slowking|3\/100\n|-heal|p1a: Ursaluna|32\/100|[from] drain|[of] p2a: Slowking\n|move|p2a: Slowking|Flamethrower|p1a: Ursaluna\n|-supereffective|p1a: Ursaluna\n|-damage|p1a: Ursaluna|0 fnt\n|faint|p1a: Ursaluna\n|\n|upkeep\n|\n|t:|1700593727\n|switch|p1a: Scizor|Scizor, M, shiny|100\/100\n|turn|20\n|\n|t:|1700593734\n|move|p1a: Scizor|Defog|p2a: Slowking\n|-unboost|p2a: Slowking|evasion|1\n|-sideend|p2: caimanvert|Sticky Web|[from] move: Defog|[of] p1a: Scizor\n|-sideend|p1: XxHighSoulxX|Spikes|[from] move: Defog|[of] p1a: Scizor\n|-sideend|p1: XxHighSoulxX|Stealth Rock|[from] move: Defog|[of] p1a: Scizor\n|move|p2a: Slowking|Flamethrower|p1a: Scizor\n|-supereffective|p1a: Scizor\n|-damage|p1a: Scizor|0 fnt\n|faint|p1a: Scizor\n|\n|upkeep\n|\n|t:|1700593739\n|switch|p1a: Vikavolt|Vikavolt, F, shiny|73\/100\n|turn|21\n|\n|t:|1700593743\n|move|p1a: Vikavolt|Sticky Web|p2a: Slowking\n|-sidestart|p2: caimanvert|move: Sticky Web\n|move|p2a: Slowking|Flamethrower|p1a: Vikavolt\n|-supereffective|p1a: Vikavolt\n|-damage|p1a: Vikavolt|26\/100\n|-status|p1a: Vikavolt|brn\n|\n|-damage|p1a: Vikavolt|20\/100 brn|[from] brn\n|upkeep\n|turn|22\n|\n|t:|1700593752\n|move|p1a: Vikavolt|Flash Cannon|p2a: Slowking\n|-damage|p2a: Slowking|0 fnt\n|faint|p2a: Slowking\n|\n|-damage|p1a: Vikavolt|14\/100 brn|[from] brn\n|upkeep\n|\n|t:|1700593759\n|switch|p2a: balemasque|Ogerpon-Wellspring, F|58\/100\n|-activate|p2a: balemasque|move: Sticky Web\n|-unboost|p2a: balemasque|spe|1\n|turn|23\n|\n|t:|1700593766\n|move|p2a: balemasque|Knock Off|p1a: Vikavolt\n|-damage|p1a: Vikavolt|0 fnt\n|faint|p1a: Vikavolt\n|\n|upkeep\n|\n|t:|1700593775\n|switch|p1a: Dunsparce|Dunsparce, M, shiny|100\/100\n|turn|24\n|\n|t:|1700593783\n|move|p2a: balemasque|Knock Off|p1a: Dunsparce\n|-damage|p1a: Dunsparce|70\/100\n|-enditem|p1a: Dunsparce|Eviolite|[from] move: Knock Off|[of] p2a: balemasque\n|move|p1a: Dunsparce|Ancient Power|p2a: balemasque\n|-damage|p2a: balemasque|44\/100\n|\n|upkeep\n|turn|25\n|\n|t:|1700593792\n|move|p2a: balemasque|Ivy Cudgel|p1a: Dunsparce|[anim] Ivy Cudgel Water\n|-damage|p1a: Dunsparce|2\/100\n|move|p1a: Dunsparce|Ancient Power|p2a: balemasque\n|-damage|p2a: balemasque|30\/100\n|\n|upkeep\n|turn|26\n|\n|t:|1700593802\n|move|p2a: balemasque|Ivy Cudgel|p1a: Dunsparce|[anim] Ivy Cudgel Water\n|-damage|p1a: Dunsparce|0 fnt\n|faint|p1a: Dunsparce\n|\n|upkeep\n|\n|t:|1700593804\n|switch|p1a: Quaquaval|Quaquaval, F, shiny|100\/100\n|turn|27\n|\n|t:|1700593813\n|move|p1a: Quaquaval|Knock Off|p2a: balemasque\n|-damage|p2a: balemasque|6\/100\n|move|p2a: balemasque|Power Whip|p1a: Quaquaval\n|-supereffective|p1a: Quaquaval\n|-damage|p1a: Quaquaval|0 fnt\n|faint|p1a: Quaquaval\n|\n|upkeep\n|\n|t:|1700593821\n|switch|p1a: Slowking|Slowking-Galar, M, shiny|100\/100\n|turn|28\n|-message|XxHighSoulxX forfeited.\n|\n|win|caimanvert\n|raw|XxHighSoulxX's rating: 1134 &rarr; <strong>1102<\/strong><br \/>(-32 for losing)\n|raw|caimanvert's rating: 1030 &rarr; <strong>1076<\/strong><br \/>(+46 for winning)\n|l|\u2606XxHighSoulxX\n","uploadtime":1700593836,"views":1,"p1id":"xxhighsoulxx","p2id":"caimanvert","formatid":"gen9ou","rating":1076,"private":0,"password":""}