{"id":"gen9ou-1991552822","p1":"kgoski tavares","p2":"CyberH3","format":"[Gen 9] OU","log":"|j|\u2606kgoski tavares\n|j|\u2606CyberH3\n|t:|1700087671\n|gametype|singles\n|player|p1|kgoski tavares|hoopster|1099\n|player|p2|CyberH3|mars|1194\n|teamsize|p1|6\n|teamsize|p2|6\n|gen|9\n|tier|[Gen 9] OU\n|rated|\n|rule|Sleep Clause Mod: Limit one foe put to sleep\n|rule|Species Clause: Limit one of each Pok\u00e9mon\n|rule|OHKO Clause: OHKO moves are banned\n|rule|Evasion Items Clause: Evasion items are banned\n|rule|Evasion Moves Clause: Evasion moves are banned\n|rule|Endless Battle Clause: Forcing endless battles is banned\n|rule|HP Percentage Mod: HP is shown in percentages\n|clearpoke\n|poke|p1|Ninetales-Alola, F|\n|poke|p1|Frosmoth, F|\n|poke|p1|Slowking-Galar, M|\n|poke|p1|Cetitan, F|\n|poke|p1|Toedscruel, F|\n|poke|p1|Breloom, M|\n|poke|p2|Goodra-Hisui, F|\n|poke|p2|Scizor, F|\n|poke|p2|Mimikyu, M|\n|poke|p2|Iron Valiant|\n|poke|p2|Talonflame, M|\n|poke|p2|Lokix, F|\n|teampreview\n|inactive|Battle timer is ON: inactive players will automatically lose when time's up. (requested by kgoski tavares)\n|\n|t:|1700087688\n|start\n|switch|p1a: Ninetales|Ninetales-Alola, F|100\/100\n|switch|p2a: The XO|Talonflame, M|100\/100\n|-weather|Snow|[from] ability: Snow Warning|[of] p1a: Ninetales\n|turn|1\n|\n|t:|1700087697\n|switch|p1a: Slowking|Slowking-Galar, M|100\/100\n|move|p2a: The XO|Taunt|p1a: Slowking\n|-start|p1a: Slowking|move: Taunt\n|\n|-weather|Snow|[upkeep]\n|upkeep\n|turn|2\n|\n|t:|1700087703\n|switch|p2a: Eat With Scissors|Scizor, F|100\/100\n|move|p1a: Slowking|Sludge Bomb|p2a: Eat With Scissors\n|-immune|p2a: Eat With Scissors\n|\n|-weather|Snow|[upkeep]\n|upkeep\n|turn|3\n|\n|t:|1700087711\n|switch|p1a: Toedscruel|Toedscruel, F|100\/100\n|move|p2a: Eat With Scissors|Knock Off|p1a: Toedscruel\n|-damage|p1a: Toedscruel|39\/100\n|-enditem|p1a: Toedscruel|Heavy-Duty Boots|[from] move: Knock Off|[of] p2a: Eat With Scissors\n|-damage|p2a: Eat With Scissors|91\/100|[from] item: Life Orb\n|\n|-weather|Snow|[upkeep]\n|upkeep\n|turn|4\n|\n|t:|1700087719\n|move|p2a: Eat With Scissors|Bullet Punch|p1a: Toedscruel\n|-damage|p1a: Toedscruel|0 fnt\n|faint|p1a: Toedscruel\n|-damage|p2a: Eat With Scissors|81\/100|[from] item: Life Orb\n|\n|-weather|Snow|[upkeep]\n|upkeep\n|\n|t:|1700087724\n|switch|p1a: Breloom|Breloom, M|100\/100\n|turn|5\n|\n|t:|1700087737\n|switch|p2a: The XO|Talonflame, M|100\/100\n|move|p1a: Breloom|Spore|p2a: The XO\n|-status|p2a: The XO|slp|[from] move: Spore\n|\n|-weather|none\n|-status|p1a: Breloom|tox|[from] item: Toxic Orb\n|upkeep\n|turn|6\n|\n|t:|1700087743\n|switch|p1a: Ninetales|Ninetales-Alola, F|100\/100\n|-weather|Snow|[from] ability: Snow Warning|[of] p1a: Ninetales\n|cant|p2a: The XO|slp\n|\n|-weather|Snow|[upkeep]\n|upkeep\n|turn|7\n|\n|t:|1700087748\n|-curestatus|p2a: The XO|slp|[msg]\n|move|p2a: The XO|Taunt|p1a: Ninetales\n|-start|p1a: Ninetales|move: Taunt\n|cant|p1a: Ninetales|move: Taunt|Aurora Veil\n|\n|-weather|Snow|[upkeep]\n|upkeep\n|turn|8\n|\n|t:|1700087754\n|switch|p1a: Slowking|Slowking-Galar, M|100\/100\n|move|p2a: The XO|Flare Blitz|p1a: Slowking\n|-damage|p1a: Slowking|54\/100\n|-damage|p2a: The XO|80\/100|[from] Recoil\n|\n|-weather|Snow|[upkeep]\n|-heal|p2a: The XO|86\/100|[from] item: Leftovers\n|upkeep\n|turn|9\n|\n|t:|1700087760\n|switch|p1a: Ninetales|Ninetales-Alola, F|100\/100\n|move|p2a: The XO|Flare Blitz|p1a: Ninetales\n|-supereffective|p1a: Ninetales\n|-damage|p1a: Ninetales|24\/100\n|-damage|p2a: The XO|57\/100|[from] Recoil\n|\n|-weather|Snow|[upkeep]\n|-heal|p2a: The XO|63\/100|[from] item: Leftovers\n|upkeep\n|turn|10\n|-message|kgoski tavares forfeited.\n|\n|win|CyberH3\n|raw|kgoski tavares's rating: 1099 &rarr; <strong>1081<\/strong><br \/>(-18 for losing)\n|raw|CyberH3's rating: 1194 &rarr; <strong>1212<\/strong><br \/>(+18 for winning)\n|l|\u2606kgoski tavares\n","uploadtime":1700087771,"views":18,"p1id":"kgoskitavares","p2id":"cyberh3","formatid":"gen9ou","rating":1081,"private":0,"password":""}