{"id":"gen9ou-1989485742","p1":"zshmoneyy","p2":"biker boss","format":"[Gen 9] OU","log":"|j|\u2606zshmoneyy\n|j|\u2606biker boss\n|t:|1699858518\n|gametype|singles\n|player|p1|zshmoneyy|masamune-conquest|1214\n|player|p2|biker boss|hooligans|1176\n|teamsize|p1|6\n|teamsize|p2|6\n|gen|9\n|tier|[Gen 9] OU\n|rated|\n|rule|Sleep Clause Mod: Limit one foe put to sleep\n|rule|Species Clause: Limit one of each Pok\u00e9mon\n|rule|OHKO Clause: OHKO moves are banned\n|rule|Evasion Items Clause: Evasion items are banned\n|rule|Evasion Moves Clause: Evasion moves are banned\n|rule|Endless Battle Clause: Forcing endless battles is banned\n|rule|HP Percentage Mod: HP is shown in percentages\n|clearpoke\n|poke|p1|Great Tusk|\n|poke|p1|Gholdengo|\n|poke|p1|Kingambit, F|\n|poke|p1|Sylveon, M|\n|poke|p1|Dragonite, F|\n|poke|p1|Ceruledge, F|\n|poke|p2|Vikavolt, F|\n|poke|p2|Enamorus, F|\n|poke|p2|Great Tusk|\n|poke|p2|Gholdengo|\n|poke|p2|Kommo-o, F|\n|poke|p2|Iron Moth|\n|teampreview\n|\n|t:|1699858567\n|start\n|switch|p1a: Ceruledge|Ceruledge, F|100\/100\n|switch|p2a: Vicodi\u00f1o|Vikavolt, F|100\/100\n|turn|1\n|\n|t:|1699858595\n|move|p1a: Ceruledge|Bitter Blade|p2a: Vicodi\u00f1o\n|-supereffective|p2a: Vicodi\u00f1o\n|-damage|p2a: Vicodi\u00f1o|13\/100\n|move|p2a: Vicodi\u00f1o|Sticky Web|p1a: Ceruledge\n|-sidestart|p1: zshmoneyy|move: Sticky Web\n|\n|upkeep\n|turn|2\n|\n|t:|1699858617\n|switch|p2a: Dentist G-Ram|Great Tusk|100\/100\n|-enditem|p2a: Dentist G-Ram|Booster Energy\n|-activate|p2a: Dentist G-Ram|ability: Protosynthesis|[fromitem]\n|-start|p2a: Dentist G-Ram|protosynthesisatk\n|move|p1a: Ceruledge|Bulk Up|p1a: Ceruledge\n|-boost|p1a: Ceruledge|atk|1\n|-boost|p1a: Ceruledge|def|1\n|\n|upkeep\n|turn|3\n|\n|t:|1699858647\n|-terastallize|p1a: Ceruledge|Bug\n|move|p2a: Dentist G-Ram|Ice Spinner|p1a: Ceruledge\n|-damage|p1a: Ceruledge|68\/100\n|move|p1a: Ceruledge|Bulk Up|p1a: Ceruledge\n|-boost|p1a: Ceruledge|atk|1\n|-boost|p1a: Ceruledge|def|1\n|\n|upkeep\n|turn|4\n|\n|t:|1699858663\n|move|p2a: Dentist G-Ram|Stealth Rock|p1a: Ceruledge\n|-sidestart|p1: zshmoneyy|move: Stealth Rock\n|move|p1a: Ceruledge|Bitter Blade|p2a: Dentist G-Ram\n|-damage|p2a: Dentist G-Ram|39\/100\n|-heal|p1a: Ceruledge|100\/100|[from] drain|[of] p2a: Dentist G-Ram\n|\n|upkeep\n|turn|5\n|\n|t:|1699858670\n|move|p2a: Dentist G-Ram|Ice Spinner|p1a: Ceruledge\n|-damage|p1a: Ceruledge|77\/100\n|move|p1a: Ceruledge|Bulk Up|p1a: Ceruledge\n|-boost|p1a: Ceruledge|atk|1\n|-boost|p1a: Ceruledge|def|1\n|\n|upkeep\n|turn|6\n|\n|t:|1699858684\n|move|p2a: Dentist G-Ram|Ice Spinner|p1a: Ceruledge\n|-damage|p1a: Ceruledge|58\/100\n|move|p1a: Ceruledge|Bitter Blade|p2a: Dentist G-Ram\n|-damage|p2a: Dentist G-Ram|0 fnt\n|-heal|p1a: Ceruledge|82\/100|[from] drain|[of] p2a: Dentist G-Ram\n|faint|p2a: Dentist G-Ram\n|-end|p2a: Dentist G-Ram|Protosynthesis|[silent]\n|\n|upkeep\n|\n|t:|1699858698\n|switch|p2a: Both Baby|Iron Moth|100\/100\n|-enditem|p2a: Both Baby|Booster Energy\n|-activate|p2a: Both Baby|ability: Quark Drive|[fromitem]\n|-start|p2a: Both Baby|quarkdrivespe\n|turn|7\n|\n|t:|1699858710\n|move|p2a: Both Baby|Fiery Dance|p1a: Ceruledge\n|-start|p1a: Ceruledge|ability: Flash Fire\n|move|p1a: Ceruledge|Bitter Blade|p2a: Both Baby\n|-resisted|p2a: Both Baby\n|-damage|p2a: Both Baby|0 fnt\n|-heal|p1a: Ceruledge|100\/100|[from] drain|[of] p2a: Both Baby\n|faint|p2a: Both Baby\n|-end|p2a: Both Baby|Quark Drive|[silent]\n|\n|upkeep\n|\n|t:|1699858720\n|switch|p2a: Pink Flyday|Enamorus, F, shiny|100\/100\n|turn|8\n|\n|t:|1699858724\n|move|p2a: Pink Flyday|Moonblast|p1a: Ceruledge\n|-damage|p1a: Ceruledge|18\/100\n|-damage|p2a: Pink Flyday|91\/100|[from] item: Life Orb\n|move|p1a: Ceruledge|Bitter Blade|p2a: Pink Flyday\n|-damage|p2a: Pink Flyday|0 fnt\n|-heal|p1a: Ceruledge|63\/100|[from] drain|[of] p2a: Pink Flyday\n|faint|p2a: Pink Flyday\n|\n|upkeep\n|-message|biker boss forfeited.\n|\n|win|zshmoneyy\n|raw|zshmoneyy's rating: 1214 &rarr; <strong>1236<\/strong><br \/>(+22 for winning)\n|raw|biker boss's rating: 1176 &rarr; <strong>1154<\/strong><br \/>(-22 for losing)\n|l|\u2606biker boss\n","uploadtime":1699858737,"views":9,"p1id":"zshmoneyy","p2id":"bikerboss","formatid":"gen9ou","rating":1154,"private":0,"password":""}