{"id":"gen9ou-1993727297","p1":"Luigi20000","p2":"kuhihuihihhuhi","format":"[Gen 9] OU","log":"|j|\u2606Luigi20000\n|j|\u2606kuhihuihihhuhi\n|inactive|Battle timer is ON: inactive players will automatically lose when time's up.\n|t:|1700350111\n|gametype|singles\n|player|p1|Luigi20000|lucas-gen4pt|\n|player|p2|kuhihuihihhuhi|bugcatcher-gen4dp|\n|teamsize|p1|6\n|teamsize|p2|6\n|gen|9\n|tier|[Gen 9] OU\n|rated|Tournament battle\n|rule|Sleep Clause Mod: Limit one foe put to sleep\n|rule|Species Clause: Limit one of each Pok\u00e9mon\n|rule|OHKO Clause: OHKO moves are banned\n|rule|Evasion Items Clause: Evasion items are banned\n|rule|Evasion Moves Clause: Evasion moves are banned\n|rule|Endless Battle Clause: Forcing endless battles is banned\n|rule|HP Percentage Mod: HP is shown in percentages\n|clearpoke\n|poke|p1|Iron Moth|\n|poke|p1|Garganacl, M|\n|poke|p1|Gholdengo|\n|poke|p1|Jirachi|\n|poke|p1|Quaquaval, M|\n|poke|p1|Ogerpon, F|\n|poke|p2|Hawlucha, F|\n|poke|p2|Great Tusk|\n|poke|p2|Rillaboom, F|\n|poke|p2|Heatran, F|\n|poke|p2|Dragapult, F|\n|poke|p2|Toxapex, F|\n|teampreview\n|j| So Dynamic\n|j| srtyjj\n|c|\u2606Luigi20000|Glhf\n|c|\u2606kuhihuihihhuhi|hf\n|\n|t:|1700350131\n|start\n|switch|p1a: Garganacl|Garganacl, M|100\/100\n|switch|p2a: Horton Ho 229|Dragapult, F|100\/100\n|turn|1\n|\n|t:|1700350136\n|move|p2a: Horton Ho 229|U-turn|p1a: Garganacl\n|-damage|p1a: Garganacl|89\/100\n|\n|t:|1700350138\n|switch|p2a: Sichelschnittplan|Toxapex, F|100\/100|[from] U-turn\n|move|p1a: Garganacl|Stealth Rock|p2a: Sichelschnittplan\n|-sidestart|p2: kuhihuihihhuhi|move: Stealth Rock\n|\n|-heal|p1a: Garganacl|95\/100|[from] item: Leftovers\n|upkeep\n|turn|2\n|\n|t:|1700350144\n|move|p2a: Sichelschnittplan|Surf|p1a: Garganacl\n|-supereffective|p1a: Garganacl\n|-damage|p1a: Garganacl|61\/100\n|move|p1a: Garganacl|Salt Cure|p2a: Sichelschnittplan\n|-damage|p2a: Sichelschnittplan|85\/100\n|-start|p2a: Sichelschnittplan|Salt Cure\n|-enditem|p2a: Sichelschnittplan|Eject Button\n|\n|t:|1700350149\n|switch|p2a: Schwerer Gustav|Great Tusk|100\/100\n|-damage|p2a: Schwerer Gustav|98\/100|[from] Stealth Rock\n|\n|-heal|p1a: Garganacl|67\/100|[from] item: Leftovers\n|upkeep\n|turn|3\n|\n|t:|1700350159\n|switch|p1a: Gholdengo|Gholdengo|100\/100\n|-item|p1a: Gholdengo|Air Balloon\n|move|p2a: Schwerer Gustav|Knock Off|p1a: Gholdengo\n|-supereffective|p1a: Gholdengo\n|-damage|p1a: Gholdengo|0 fnt\n|-enditem|p1a: Gholdengo|Air Balloon\n|faint|p1a: Gholdengo\n|\n|upkeep\n|\n|t:|1700350169\n|switch|p1a: Ogerpon|Ogerpon, F|100\/100\n|turn|4\n|\n|t:|1700350174\n|-end|p2a: Schwerer Gustav|Protosynthesis|[silent]\n|switch|p2a: Op. Weser\u00fcbung|Hawlucha, F|100\/100\n|-damage|p2a: Op. Weser\u00fcbung|88\/100|[from] Stealth Rock\n|-ability|p2a: Op. Weser\u00fcbung|Mold Breaker\n|move|p1a: Ogerpon|Ivy Cudgel|p2a: Op. Weser\u00fcbung\n|-resisted|p2a: Op. Weser\u00fcbung\n|-damage|p2a: Op. Weser\u00fcbung|59\/100\n|\n|upkeep\n|turn|5\n|\n|t:|1700350195\n|switch|p1a: Garganacl|Garganacl, M|67\/100\n|move|p2a: Op. Weser\u00fcbung|Defog|p1a: Garganacl\n|-unboost|p1a: Garganacl|evasion|1\n|-sideend|p2: kuhihuihihhuhi|Stealth Rock|[from] move: Defog|[of] p2a: Op. Weser\u00fcbung\n|\n|-heal|p1a: Garganacl|74\/100|[from] item: Leftovers\n|upkeep\n|turn|6\n|\n|t:|1700350205\n|move|p2a: Op. Weser\u00fcbung|Roost|p2a: Op. Weser\u00fcbung\n|-heal|p2a: Op. Weser\u00fcbung|100\/100\n|-singleturn|p2a: Op. Weser\u00fcbung|move: Roost\n|move|p1a: Garganacl|Salt Cure|p2a: Op. Weser\u00fcbung\n|-resisted|p2a: Op. Weser\u00fcbung\n|-damage|p2a: Op. Weser\u00fcbung|90\/100\n|-start|p2a: Op. Weser\u00fcbung|Salt Cure\n|\n|-heal|p1a: Garganacl|80\/100|[from] item: Leftovers\n|-damage|p2a: Op. Weser\u00fcbung|78\/100|[from] Salt Cure\n|upkeep\n|turn|7\n|\n|t:|1700350219\n|switch|p2a: Schwerer Gustav|Great Tusk|98\/100\n|move|p1a: Garganacl|Stealth Rock|p2a: Schwerer Gustav\n|-sidestart|p2: kuhihuihihhuhi|move: Stealth Rock\n|\n|-heal|p1a: Garganacl|86\/100|[from] item: Leftovers\n|upkeep\n|turn|8\n|\n|t:|1700350226\n|move|p2a: Schwerer Gustav|Close Combat|p1a: Garganacl\n|-supereffective|p1a: Garganacl\n|-damage|p1a: Garganacl|0 fnt\n|-unboost|p2a: Schwerer Gustav|def|1\n|-unboost|p2a: Schwerer Gustav|spd|1\n|faint|p1a: Garganacl\n|\n|upkeep\n|\n|t:|1700350232\n|switch|p1a: Iron Moth|Iron Moth|100\/100\n|-enditem|p1a: Iron Moth|Booster Energy\n|-activate|p1a: Iron Moth|ability: Quark Drive|[fromitem]\n|-start|p1a: Iron Moth|quarkdrivespa\n|turn|9\n|\n|t:|1700350246\n|-end|p2a: Schwerer Gustav|Protosynthesis|[silent]\n|switch|p2a: Heiz Guderitran|Heatran, F|100\/100\n|-damage|p2a: Heiz Guderitran|88\/100|[from] Stealth Rock\n|move|p1a: Iron Moth|Energy Ball|p2a: Heiz Guderitran\n|-resisted|p2a: Heiz Guderitran\n|-damage|p2a: Heiz Guderitran|81\/100\n|\n|-heal|p2a: Heiz Guderitran|88\/100|[from] item: Leftovers\n|upkeep\n|turn|10\n|j| yyysneasel\n|\n|t:|1700350261\n|-end|p1a: Iron Moth|Quark Drive|[silent]\n|switch|p1a: Quaquaval|Quaquaval, M|100\/100\n|move|p2a: Heiz Guderitran|Stealth Rock|p1a: Quaquaval\n|-sidestart|p1: Luigi20000|move: Stealth Rock\n|\n|-heal|p2a: Heiz Guderitran|94\/100|[from] item: Leftovers\n|upkeep\n|turn|11\n|\n|t:|1700350282\n|switch|p2a: Erwin Trommel|Rillaboom, F|100\/100\n|-damage|p2a: Erwin Trommel|88\/100|[from] Stealth Rock\n|-fieldstart|move: Grassy Terrain|[from] ability: Grassy Surge|[of] p2a: Erwin Trommel\n|move|p1a: Quaquaval|Aqua Step|p2a: Erwin Trommel\n|-resisted|p2a: Erwin Trommel\n|-damage|p2a: Erwin Trommel|71\/100\n|-boost|p1a: Quaquaval|spe|1\n|\n|-heal|p2a: Erwin Trommel|77\/100|[from] Grassy Terrain\n|upkeep\n|turn|12\n|inactive|Luigi20000 has 120 seconds left.\n|inactive|kuhihuihihhuhi has 120 seconds left.\n|\n|t:|1700350315\n|-terastallize|p1a: Quaquaval|Flying\n|move|p1a: Quaquaval|Acrobatics|p2a: Erwin Trommel\n|-supereffective|p2a: Erwin Trommel\n|-damage|p2a: Erwin Trommel|20\/100\n|move|p2a: Erwin Trommel|U-turn|p1a: Quaquaval\n|-resisted|p1a: Quaquaval\n|-damage|p1a: Quaquaval|76\/100\n|\n|t:|1700350322\n|switch|p2a: Sichelschnittplan|Toxapex, F|100\/100|[from] U-turn\n|-damage|p2a: Sichelschnittplan|88\/100|[from] Stealth Rock\n|\n|-heal|p2a: Sichelschnittplan|94\/100|[from] Grassy Terrain\n|upkeep\n|turn|13\n|inactive|kuhihuihihhuhi has 120 seconds left.\n|\n|t:|1700350333\n|switch|p1a: Jirachi|Jirachi|100\/100\n|-damage|p1a: Jirachi|94\/100|[from] Stealth Rock\n|move|p2a: Sichelschnittplan|Sludge Bomb|p1a: Jirachi\n|-immune|p1a: Jirachi\n|\n|-heal|p1a: Jirachi|100\/100|[from] Grassy Terrain\n|-heal|p2a: Sichelschnittplan|100\/100|[from] Grassy Terrain\n|upkeep\n|turn|14\n|inactive|kuhihuihihhuhi has 120 seconds left.\n|\n|t:|1700350343\n|switch|p2a: Heiz Guderitran|Heatran, F|94\/100\n|-damage|p2a: Heiz Guderitran|81\/100|[from] Stealth Rock\n|move|p1a: Jirachi|Calm Mind|p1a: Jirachi\n|-boost|p1a: Jirachi|spa|1\n|-boost|p1a: Jirachi|spd|1\n|\n|-heal|p2a: Heiz Guderitran|88\/100|[from] Grassy Terrain\n|-heal|p2a: Heiz Guderitran|94\/100|[from] item: Leftovers\n|upkeep\n|turn|15\n|\n|t:|1700350352\n|switch|p2a: Op. Weser\u00fcbung|Hawlucha, F|78\/100\n|-damage|p2a: Op. Weser\u00fcbung|66\/100|[from] Stealth Rock\n|-ability|p2a: Op. Weser\u00fcbung|Mold Breaker\n|move|p1a: Jirachi|Aura Sphere|p2a: Op. Weser\u00fcbung\n|-resisted|p2a: Op. Weser\u00fcbung\n|-damage|p2a: Op. Weser\u00fcbung|44\/100\n|\n|-fieldend|move: Grassy Terrain\n|upkeep\n|turn|16\n|l| So Dynamic\n|\n|t:|1700350365\n|move|p2a: Op. Weser\u00fcbung|Encore|p1a: Jirachi\n|-start|p1a: Jirachi|Encore\n|move|p1a: Jirachi|Aura Sphere|p2a: Op. Weser\u00fcbung\n|-resisted|p2a: Op. Weser\u00fcbung\n|-damage|p2a: Op. Weser\u00fcbung|19\/100\n|\n|upkeep\n|turn|17\n|\n|t:|1700350374\n|switch|p1a: Iron Moth|Iron Moth|100\/100\n|-damage|p1a: Iron Moth|76\/100|[from] Stealth Rock\n|move|p2a: Op. Weser\u00fcbung|Roost|p2a: Op. Weser\u00fcbung\n|-heal|p2a: Op. Weser\u00fcbung|69\/100\n|-singleturn|p2a: Op. Weser\u00fcbung|move: Roost\n|\n|upkeep\n|turn|18\n|j| Van Pyro\n|\n|t:|1700350389\n|switch|p2a: Heiz Guderitran|Heatran, F|94\/100\n|-damage|p2a: Heiz Guderitran|81\/100|[from] Stealth Rock\n|move|p1a: Iron Moth|Fiery Dance|p2a: Heiz Guderitran\n|-start|p2a: Heiz Guderitran|ability: Flash Fire\n|\n|-heal|p2a: Heiz Guderitran|88\/100|[from] item: Leftovers\n|upkeep\n|turn|19\n|\n|t:|1700350399\n|move|p1a: Iron Moth|Bug Buzz|p2a: Heiz Guderitran\n|-resisted|p2a: Heiz Guderitran\n|-damage|p2a: Heiz Guderitran|83\/100\n|move|p2a: Heiz Guderitran|Magma Storm|p1a: Iron Moth\n|-resisted|p1a: Iron Moth\n|-damage|p1a: Iron Moth|44\/100\n|-activate|p1a: Iron Moth|move: Magma Storm|[of] p2a: Heiz Guderitran\n|\n|-heal|p2a: Heiz Guderitran|89\/100|[from] item: Leftovers\n|-damage|p1a: Iron Moth|32\/100|[from] move: Magma Storm|[partiallytrapped]\n|upkeep\n|turn|20\n|\n|t:|1700350408\n|move|p1a: Iron Moth|Bug Buzz|p2a: Heiz Guderitran\n|-resisted|p2a: Heiz Guderitran\n|-damage|p2a: Heiz Guderitran|84\/100\n|move|p2a: Heiz Guderitran|Magma Storm|p1a: Iron Moth\n|-resisted|p1a: Iron Moth\n|-damage|p1a: Iron Moth|0 fnt\n|faint|p1a: Iron Moth\n|-end|p1a: Iron Moth|Quark Drive|[silent]\n|\n|-heal|p2a: Heiz Guderitran|90\/100|[from] item: Leftovers\n|upkeep\n|\n|t:|1700350416\n|switch|p1a: Quaquaval|Quaquaval, M, tera:Flying|76\/100\n|-damage|p1a: Quaquaval|51\/100|[from] Stealth Rock\n|turn|21\n|\n|t:|1700350425\n|-terastallize|p2a: Heiz Guderitran|Bug\n|move|p1a: Quaquaval|Aqua Step|p2a: Heiz Guderitran\n|-damage|p2a: Heiz Guderitran|57\/100\n|-boost|p1a: Quaquaval|spe|1\n|move|p2a: Heiz Guderitran|Will-O-Wisp|p1a: Quaquaval\n|-status|p1a: Quaquaval|brn\n|\n|-heal|p2a: Heiz Guderitran|64\/100|[from] item: Leftovers\n|-damage|p1a: Quaquaval|45\/100 brn|[from] brn\n|upkeep\n|turn|22\n|inactive|kuhihuihihhuhi has 120 seconds left.\n|\n|t:|1700350456\n|-end|p2a: Heiz Guderitran|ability: Flash Fire|[silent]\n|switch|p2a: Sichelschnittplan|Toxapex, F|100\/100\n|-damage|p2a: Sichelschnittplan|88\/100|[from] Stealth Rock\n|move|p1a: Quaquaval|Rapid Spin|p2a: Sichelschnittplan\n|-damage|p2a: Sichelschnittplan|81\/100\n|-boost|p1a: Quaquaval|spe|1\n|-sideend|p1: Luigi20000|Stealth Rock|[from] move: Rapid Spin|[of] p1a: Quaquaval\n|\n|-damage|p1a: Quaquaval|39\/100 brn|[from] brn\n|upkeep\n|turn|23\n|\n|t:|1700350464\n|move|p1a: Quaquaval|Acrobatics|p2a: Sichelschnittplan\n|-damage|p2a: Sichelschnittplan|72\/100\n|move|p2a: Sichelschnittplan|Surf|p1a: Quaquaval\n|-damage|p1a: Quaquaval|12\/100 brn\n|-enditem|p1a: Quaquaval|Aguav Berry|[eat]\n|-heal|p1a: Quaquaval|46\/100 brn|[from] item: Aguav Berry\n|\n|-damage|p1a: Quaquaval|39\/100 brn|[from] brn\n|upkeep\n|turn|24\n|l| Van Pyro\n|\n|t:|1700350478\n|move|p1a: Quaquaval|Acrobatics|p2a: Sichelschnittplan\n|-damage|p2a: Sichelschnittplan|53\/100\n|move|p2a: Sichelschnittplan|Surf|p1a: Quaquaval\n|-damage|p1a: Quaquaval|12\/100 brn\n|\n|-damage|p1a: Quaquaval|6\/100 brn|[from] brn\n|upkeep\n|turn|25\n|inactive|kuhihuihihhuhi has 120 seconds left.\n|\n|t:|1700350502\n|switch|p2a: Horton Ho 229|Dragapult, F|100\/100\n|-damage|p2a: Horton Ho 229|88\/100|[from] Stealth Rock\n|move|p1a: Quaquaval|Acrobatics|p2a: Horton Ho 229\n|-damage|p2a: Horton Ho 229|51\/100\n|\n|-damage|p1a: Quaquaval|0 fnt|[from] brn\n|faint|p1a: Quaquaval\n|upkeep\n|\n|t:|1700350515\n|switch|p1a: Jirachi|Jirachi|100\/100\n|turn|26\n|\n|t:|1700350519\n|move|p2a: Horton Ho 229|Shadow Ball|p1a: Jirachi\n|-supereffective|p1a: Jirachi\n|-damage|p1a: Jirachi|0 fnt\n|faint|p1a: Jirachi\n|\n|upkeep\n|\n|t:|1700350523\n|switch|p1a: Ogerpon|Ogerpon, F|100\/100\n|turn|27\n|\n|t:|1700350527\n|move|p2a: Horton Ho 229|Shadow Ball|p1a: Ogerpon\n|-damage|p1a: Ogerpon|36\/100\n|move|p1a: Ogerpon|Knock Off|p2a: Horton Ho 229\n|-supereffective|p2a: Horton Ho 229\n|-damage|p2a: Horton Ho 229|0 fnt\n|-enditem|p2a: Horton Ho 229|Choice Specs|[from] move: Knock Off|[of] p1a: Ogerpon\n|faint|p2a: Horton Ho 229\n|\n|-heal|p1a: Ogerpon|42\/100|[from] item: Leftovers\n|upkeep\n|\n|t:|1700350534\n|switch|p2a: Sichelschnittplan|Toxapex, F|87\/100\n|-damage|p2a: Sichelschnittplan|74\/100|[from] Stealth Rock\n|turn|28\n|\n|t:|1700350541\n|move|p1a: Ogerpon|Ivy Cudgel|p2a: Sichelschnittplan\n|-damage|p2a: Sichelschnittplan|35\/100\n|move|p2a: Sichelschnittplan|Sludge Bomb|p1a: Ogerpon\n|-supereffective|p1a: Ogerpon\n|-damage|p1a: Ogerpon|2\/100\n|-status|p1a: Ogerpon|psn\n|\n|-heal|p1a: Ogerpon|8\/100 psn|[from] item: Leftovers\n|-damage|p1a: Ogerpon|0 fnt|[from] psn\n|faint|p1a: Ogerpon\n|\n|win|kuhihuihihhuhi\n|upkeep\n|n|\u2606Luigi20000|luigi20000\n|n|\u2606kuhihuihihhuhi|kuhihuihihhuhi\n|n| srtyjj|srtyjj\n|n| yyysneasel|yyysneasel\n|l|\u2606Luigi20000\n","uploadtime":1700350549,"views":11,"p1id":"luigi20000","p2id":"kuhihuihihhuhi","formatid":"gen9ou","rating":0,"private":0,"password":""}