{"id":"gen9ou-1999970896","p1":"oijwef","p2":"SexyKarpKing","format":"[Gen 9] OU","log":"|j|\u2606oijwef\n|j|\u2606SexyKarpKing\n|t:|1701136058\n|gametype|singles\n|player|p1|oijwef|169|1428\n|player|p2|SexyKarpKing|rood|1332\n|teamsize|p1|6\n|teamsize|p2|6\n|gen|9\n|tier|[Gen 9] OU\n|rated|\n|rule|Sleep Clause Mod: Limit one foe put to sleep\n|rule|Species Clause: Limit one of each Pok\u00e9mon\n|rule|OHKO Clause: OHKO moves are banned\n|rule|Evasion Items Clause: Evasion items are banned\n|rule|Evasion Moves Clause: Evasion moves are banned\n|rule|Endless Battle Clause: Forcing endless battles is banned\n|rule|HP Percentage Mod: HP is shown in percentages\n|clearpoke\n|poke|p1|Maushold|\n|poke|p1|Rillaboom, M|\n|poke|p1|Great Tusk|\n|poke|p1|Heatran, M|\n|poke|p1|Enamorus, F|\n|poke|p1|Kingambit, M|\n|poke|p2|Slowbro-Galar, F|\n|poke|p2|Hariyama, F|\n|poke|p2|Grimmsnarl, M|\n|poke|p2|Maushold|\n|poke|p2|Alomomola, F|\n|poke|p2|Zapdos|\n|teampreview\n|inactive|Battle timer is ON: inactive players will automatically lose when time's up. (requested by oijwef)\n|\n|t:|1701136084\n|start\n|switch|p1a: Rillaboom|Rillaboom, M|100\/100\n|switch|p2a: Zapdos|Zapdos|100\/100\n|-fieldstart|move: Grassy Terrain|[from] ability: Grassy Surge|[of] p1a: Rillaboom\n|turn|1\n|\n|t:|1701136095\n|switch|p1a: Heatran|Heatran, M|100\/100\n|move|p2a: Zapdos|Hurricane|p1a: Heatran|[miss]\n|-miss|p2a: Zapdos|p1a: Heatran\n|\n|upkeep\n|turn|2\n|\n|t:|1701136105\n|switch|p2a: Alomomola|Alomomola, F|100\/100\n|move|p1a: Heatran|Stealth Rock|p2a: Alomomola\n|-sidestart|p2: SexyKarpKing|move: Stealth Rock\n|\n|upkeep\n|turn|3\n|\n|t:|1701136114\n|move|p1a: Heatran|Taunt|p2a: Alomomola\n|-start|p2a: Alomomola|move: Taunt\n|move|p2a: Alomomola|Flip Turn|p1a: Heatran\n|-supereffective|p1a: Heatran\n|-damage|p1a: Heatran|73\/100\n|\n|t:|1701136119\n|switch|p2a: Hariyama|Hariyama, F|100\/100|[from] Flip Turn\n|-damage|p2a: Hariyama|94\/100|[from] Stealth Rock\n|\n|-heal|p1a: Heatran|79\/100|[from] Grassy Terrain\n|-heal|p1a: Heatran|85\/100|[from] item: Leftovers\n|-heal|p2a: Hariyama|100\/100|[from] Grassy Terrain\n|-status|p2a: Hariyama|brn|[from] item: Flame Orb\n|upkeep\n|turn|4\n|\n|t:|1701136126\n|switch|p1a: Enamorus|Enamorus, F|100\/100\n|move|p2a: Hariyama|Belly Drum|p2a: Hariyama\n|-damage|p2a: Hariyama|51\/100 brn\n|-setboost|p2a: Hariyama|atk|6|[from] move: Belly Drum\n|\n|-heal|p2a: Hariyama|57\/100 brn|[from] Grassy Terrain\n|-damage|p2a: Hariyama|51\/100 brn|[from] brn\n|upkeep\n|turn|5\n|\n|t:|1701136136\n|move|p2a: Hariyama|Bullet Punch|p1a: Enamorus\n|-supereffective|p1a: Enamorus\n|-damage|p1a: Enamorus|0 fnt\n|faint|p1a: Enamorus\n|\n|-heal|p2a: Hariyama|57\/100 brn|[from] Grassy Terrain\n|-damage|p2a: Hariyama|51\/100 brn|[from] brn\n|-fieldend|move: Grassy Terrain\n|upkeep\n|\n|t:|1701136142\n|switch|p1a: Rillaboom|Rillaboom, M|100\/100\n|-fieldstart|move: Grassy Terrain|[from] ability: Grassy Surge|[of] p1a: Rillaboom\n|turn|6\n|\n|t:|1701136157\n|-terastallize|p2a: Hariyama|Steel\n|move|p1a: Rillaboom|Grassy Glide|p2a: Hariyama\n|-resisted|p2a: Hariyama\n|-damage|p2a: Hariyama|21\/100 brn\n|move|p2a: Hariyama|Bullet Punch|p1a: Rillaboom\n|-damage|p1a: Rillaboom|0 fnt\n|faint|p1a: Rillaboom\n|\n|-heal|p2a: Hariyama|27\/100 brn|[from] Grassy Terrain\n|-damage|p2a: Hariyama|21\/100 brn|[from] brn\n|upkeep\n|\n|t:|1701136166\n|switch|p1a: Heatran|Heatran, M|85\/100\n|turn|7\n|\n|t:|1701136169\n|move|p2a: Hariyama|Bullet Punch|p1a: Heatran\n|-resisted|p1a: Heatran\n|-damage|p1a: Heatran|59\/100\n|move|p1a: Heatran|Magma Storm|p2a: Hariyama\n|-supereffective|p2a: Hariyama\n|-damage|p2a: Hariyama|0 fnt\n|faint|p2a: Hariyama\n|\n|-heal|p1a: Heatran|65\/100|[from] Grassy Terrain\n|-heal|p1a: Heatran|71\/100|[from] item: Leftovers\n|upkeep\n|\n|t:|1701136176\n|switch|p2a: Alomomola|Alomomola, F|100\/100\n|turn|8\n|\n|t:|1701136185\n|move|p1a: Heatran|Earth Power|p2a: Alomomola\n|-damage|p2a: Alomomola|68\/100\n|move|p2a: Alomomola|Flip Turn|p1a: Heatran\n|-supereffective|p1a: Heatran\n|-damage|p1a: Heatran|44\/100\n|\n|t:|1701136203\n|switch|p2a: Grimmsnarl|Grimmsnarl, M|100\/100|[from] Flip Turn\n|-damage|p2a: Grimmsnarl|88\/100|[from] Stealth Rock\n|\n|-heal|p1a: Heatran|50\/100|[from] Grassy Terrain\n|-heal|p1a: Heatran|56\/100|[from] item: Leftovers\n|-heal|p2a: Grimmsnarl|94\/100|[from] Grassy Terrain\n|upkeep\n|turn|9\n|\n|t:|1701136209\n|move|p2a: Grimmsnarl|Parting Shot|p1a: Heatran\n|-unboost|p1a: Heatran|atk|1\n|-unboost|p1a: Heatran|spa|1\n|\n|t:|1701136212\n|switch|p2a: Alomomola|Alomomola, F|100\/100|[from] Parting Shot\n|move|p1a: Heatran|Magma Storm|p2a: Alomomola\n|-resisted|p2a: Alomomola\n|-damage|p2a: Alomomola|83\/100\n|-activate|p2a: Alomomola|move: Magma Storm|[of] p1a: Heatran\n|\n|-heal|p1a: Heatran|62\/100|[from] Grassy Terrain\n|-heal|p1a: Heatran|68\/100|[from] item: Leftovers\n|-heal|p2a: Alomomola|89\/100|[from] Grassy Terrain\n|-damage|p2a: Alomomola|76\/100|[from] move: Magma Storm|[partiallytrapped]\n|upkeep\n|turn|10\n|\n|t:|1701136220\n|move|p1a: Heatran|Earth Power|p2a: Alomomola\n|-damage|p2a: Alomomola|57\/100\n|move|p2a: Alomomola|Flip Turn|p1a: Heatran\n|-supereffective|p1a: Heatran\n|-damage|p1a: Heatran|43\/100\n|\n|t:|1701136229\n|switch|p2a: Zapdos|Zapdos|100\/100|[from] Flip Turn\n|-damage|p2a: Zapdos|76\/100|[from] Stealth Rock\n|\n|-heal|p1a: Heatran|49\/100|[from] Grassy Terrain\n|-heal|p1a: Heatran|55\/100|[from] item: Leftovers\n|-fieldend|move: Grassy Terrain\n|upkeep\n|turn|11\n|\n|t:|1701136239\n|switch|p1a: Great Tusk|Great Tusk|100\/100\n|move|p2a: Zapdos|Thunderbolt|p1a: Great Tusk\n|-immune|p1a: Great Tusk\n|\n|upkeep\n|turn|12\n|\n|t:|1701136247\n|switch|p2a: Alomomola|Alomomola, F|90\/100\n|-end|p1a: Great Tusk|Protosynthesis|[silent]\n|switch|p1a: Heatran|Heatran, M|55\/100\n|\n|-heal|p1a: Heatran|62\/100|[from] item: Leftovers\n|upkeep\n|turn|13\n|\n|t:|1701136254\n|move|p1a: Heatran|Earth Power|p2a: Alomomola\n|-damage|p2a: Alomomola|59\/100\n|move|p2a: Alomomola|Wish|p2a: Alomomola\n|\n|-heal|p1a: Heatran|68\/100|[from] item: Leftovers\n|upkeep\n|turn|14\n|\n|t:|1701136264\n|switch|p1a: Maushold|Maushold|100\/100\n|move|p2a: Alomomola|Scald|p1a: Maushold\n|-damage|p1a: Maushold|78\/100\n|-status|p1a: Maushold|brn\n|\n|-heal|p2a: Alomomola|100\/100|[from] move: Wish|[wisher] Alomomola\n|-damage|p1a: Maushold|72\/100 brn|[from] brn\n|upkeep\n|turn|15\n|-message|oijwef forfeited.\n|\n|win|SexyKarpKing\n|raw|oijwef's rating: 1428 &rarr; <strong>1403<\/strong><br \/>(-25 for losing)\n|raw|SexyKarpKing's rating: 1332 &rarr; <strong>1357<\/strong><br \/>(+25 for winning)\n|l|\u2606oijwef\n|l|\u2606SexyKarpKing\n|j|\u2606SexyKarpKing\n|player|p2|SexyKarpKing|rood\n","uploadtime":1701136292,"views":4,"p1id":"oijwef","p2id":"sexykarpking","formatid":"gen9ou","rating":1357,"private":0,"password":""}