{"id":"gen9ou-1995285185","p1":"Trip2DaMoon","p2":"KoffingOnLoud","format":"[Gen 9] OU","log":"|j|\u2606Trip2DaMoon\n|j|\u2606KoffingOnLoud\n|t:|1700546848\n|gametype|singles\n|player|p1|Trip2DaMoon|pokemaniac|1047\n|player|p2|KoffingOnLoud|koga|1013\n|teamsize|p1|6\n|teamsize|p2|6\n|gen|9\n|tier|[Gen 9] OU\n|rated|\n|rule|Sleep Clause Mod: Limit one foe put to sleep\n|rule|Species Clause: Limit one of each Pok\u00e9mon\n|rule|OHKO Clause: OHKO moves are banned\n|rule|Evasion Items Clause: Evasion items are banned\n|rule|Evasion Moves Clause: Evasion moves are banned\n|rule|Endless Battle Clause: Forcing endless battles is banned\n|rule|HP Percentage Mod: HP is shown in percentages\n|clearpoke\n|poke|p1|Clodsire, F|\n|poke|p1|Ceruledge, M|\n|poke|p1|Dragapult, F|\n|poke|p1|Ogerpon-Wellspring, F|\n|poke|p1|Frosmoth, F|\n|poke|p1|Bellibolt, F|\n|poke|p2|Volbeat, M|\n|poke|p2|Illumise, F|\n|poke|p2|Grimmsnarl, M|\n|poke|p2|Grafaiai, F|\n|poke|p2|Sableye, M|\n|poke|p2|Clefable, F|\n|teampreview\n|\n|t:|1700546853\n|start\n|switch|p1a: Clodsire|Clodsire, F|100\/100\n|switch|p2a: Volbeat|Volbeat, M, shiny|100\/100\n|-item|p1a: Clodsire|Air Balloon\n|turn|1\n|\n|t:|1700546863\n|move|p2a: Volbeat|Tail Glow|p2a: Volbeat\n|-boost|p2a: Volbeat|spa|3\n|move|p1a: Clodsire|Gunk Shot|p2a: Volbeat|[miss]\n|-miss|p1a: Clodsire|p2a: Volbeat\n|\n|upkeep\n|turn|2\n|\n|t:|1700546873\n|-terastallize|p2a: Volbeat|Steel\n|move|p2a: Volbeat|Metronome|p2a: Volbeat\n|move|p2a: Volbeat|Simple Beam|p1a: Clodsire|[from]move: Metronome\n|-endability|p1a: Clodsire|Water Absorb|[from] move: Simple Beam\n|-ability|p1a: Clodsire|Simple|[from] move: Simple Beam\n|move|p1a: Clodsire|Gunk Shot|p2a: Volbeat\n|-immune|p2a: Volbeat\n|\n|upkeep\n|turn|3\n|\n|t:|1700546889\n|move|p2a: Volbeat|Metronome|p2a: Volbeat\n|move|p2a: Volbeat|Draco Meteor|p1a: Clodsire|[from]move: Metronome\n|-damage|p1a: Clodsire|71\/100\n|-unboost|p2a: Volbeat|spa|2\n|-enditem|p1a: Clodsire|Air Balloon\n|move|p1a: Clodsire|Earthquake|p2a: Volbeat\n|-supereffective|p2a: Volbeat\n|-damage|p2a: Volbeat|20\/100\n|\n|upkeep\n|turn|4\n|\n|t:|1700546900\n|move|p2a: Volbeat|Metronome|p2a: Volbeat\n|move|p2a: Volbeat|Sticky Web|p1a: Clodsire|[from]move: Metronome\n|-sidestart|p1: Trip2DaMoon|move: Sticky Web\n|move|p1a: Clodsire|Earthquake|p2a: Volbeat\n|-supereffective|p2a: Volbeat\n|-damage|p2a: Volbeat|0 fnt\n|faint|p2a: Volbeat\n|\n|upkeep\n|\n|t:|1700546906\n|switch|p2a: Illumise|Illumise, F, shiny|100\/100\n|turn|5\n|\n|t:|1700546914\n|move|p2a: Illumise|Encore|p1a: Clodsire\n|-start|p1a: Clodsire|Encore\n|move|p1a: Clodsire|Earthquake|p2a: Illumise\n|-resisted|p2a: Illumise\n|-damage|p2a: Illumise|83\/100\n|\n|upkeep\n|turn|6\n|\n|t:|1700546920\n|move|p2a: Illumise|Substitute|p2a: Illumise\n|-start|p2a: Illumise|Substitute\n|-damage|p2a: Illumise|58\/100\n|move|p1a: Clodsire|Earthquake|p2a: Illumise\n|-resisted|p2a: Illumise\n|-activate|p2a: Illumise|move: Substitute|[damage]\n|\n|upkeep\n|turn|7\n|\n|t:|1700546929\n|move|p2a: Illumise|Metronome|p2a: Illumise\n|move|p2a: Illumise|Frost Breath|p1a: Clodsire|[from]move: Metronome\n|-supereffective|p1a: Clodsire\n|-crit|p1a: Clodsire\n|-damage|p1a: Clodsire|46\/100\n|move|p1a: Clodsire|Earthquake|p2a: Illumise\n|-resisted|p2a: Illumise\n|-end|p2a: Illumise|Substitute\n|\n|-end|p1a: Clodsire|Encore\n|upkeep\n|turn|8\n|\n|t:|1700546940\n|move|p2a: Illumise|Roost|p2a: Illumise\n|-heal|p2a: Illumise|100\/100\n|-singleturn|p2a: Illumise|move: Roost\n|move|p1a: Clodsire|Gunk Shot|p2a: Illumise|[miss]\n|-miss|p1a: Clodsire|p2a: Illumise\n|\n|upkeep\n|turn|9\n|\n|t:|1700546947\n|move|p2a: Illumise|Metronome|p2a: Illumise\n|move|p2a: Illumise|Fling|p1a: Clodsire|[from]move: Metronome\n|-damage|p1a: Clodsire|37\/100\n|-enditem|p2a: Illumise|Heavy-Duty Boots|[from] move: Fling\n|move|p1a: Clodsire|Gunk Shot|p2a: Illumise\n|-damage|p2a: Illumise|53\/100\n|-status|p2a: Illumise|psn\n|\n|-damage|p2a: Illumise|40\/100 psn|[from] psn\n|upkeep\n|turn|10\n|\n|t:|1700546958\n|move|p2a: Illumise|Metronome|p2a: Illumise\n|move|p2a: Illumise|Quick Attack|p1a: Clodsire|[from]move: Metronome\n|-damage|p1a: Clodsire|33\/100\n|move|p1a: Clodsire|Gunk Shot|p2a: Illumise\n|-damage|p2a: Illumise|0 fnt\n|faint|p2a: Illumise\n|\n|upkeep\n|\n|t:|1700546967\n|switch|p2a: Sableye|Sableye, M, shiny|100\/100\n|turn|11\n|\n|t:|1700546974\n|move|p2a: Sableye|Reflect|p2a: Sableye\n|-sidestart|p2: KoffingOnLoud|Reflect\n|move|p1a: Clodsire|Earthquake|p2a: Sableye\n|-damage|p2a: Sableye|76\/100\n|\n|upkeep\n|turn|12\n|\n|t:|1700546982\n|move|p2a: Sableye|Metronome|p2a: Sableye\n|move|p2a: Sableye|Glaive Rush|p1a: Clodsire|[from]move: Metronome\n|-damage|p1a: Clodsire|11\/100\n|-singlemove|p2a: Sableye|Glaive Rush|[silent]\n|move|p1a: Clodsire|Toxic Spikes|p2a: Sableye\n|-sidestart|p2: KoffingOnLoud|move: Toxic Spikes\n|\n|upkeep\n|turn|13\n|\n|t:|1700546991\n|move|p2a: Sableye|Metronome|p2a: Sableye\n|move|p2a: Sableye|Scratch|p1a: Clodsire|[from]move: Metronome\n|-damage|p1a: Clodsire|3\/100\n|move|p1a: Clodsire|Liquidation|p2a: Sableye\n|-damage|p2a: Sableye|62\/100\n|\n|upkeep\n|turn|14\n|\n|t:|1700546999\n|move|p2a: Sableye|Metronome|p2a: Sableye\n|move|p2a: Sableye|Iron Defense|p2a: Sableye|[from]move: Metronome\n|-boost|p2a: Sableye|def|2\n|move|p1a: Clodsire|Toxic Spikes|p2a: Sableye\n|-sidestart|p2: KoffingOnLoud|move: Toxic Spikes\n|\n|upkeep\n|turn|15\n|\n|t:|1700547009\n|move|p2a: Sableye|Metronome|p2a: Sableye\n|move|p2a: Sableye|Vine Whip|p1a: Clodsire|[from]move: Metronome\n|-damage|p1a: Clodsire|0 fnt\n|faint|p1a: Clodsire\n|\n|-sideend|p2: KoffingOnLoud|Reflect\n|upkeep\n|\n|t:|1700547021\n|switch|p1a: Ceruledge|Ceruledge, M|100\/100\n|-activate|p1a: Ceruledge|move: Sticky Web\n|-unboost|p1a: Ceruledge|spe|1\n|turn|16\n|\n|t:|1700547029\n|move|p1a: Ceruledge|Shadow Sneak|p2a: Sableye\n|-damage|p2a: Sableye|48\/100\n|move|p2a: Sableye|Reflect|p2a: Sableye\n|-sidestart|p2: KoffingOnLoud|Reflect\n|\n|upkeep\n|turn|17\n|\n|t:|1700547040\n|move|p2a: Sableye|Recover|p2a: Sableye\n|-heal|p2a: Sableye|98\/100\n|move|p1a: Ceruledge|Bitter Blade|p2a: Sableye\n|-damage|p2a: Sableye|82\/100\n|\n|upkeep\n|turn|18\n|\n|t:|1700547047\n|move|p2a: Sableye|Metronome|p2a: Sableye\n|move|p2a: Sableye|Crush Claw|p1a: Ceruledge|[from]move: Metronome\n|-immune|p1a: Ceruledge\n|move|p1a: Ceruledge|Bulk Up|p1a: Ceruledge\n|-boost|p1a: Ceruledge|atk|1\n|-boost|p1a: Ceruledge|def|1\n|\n|upkeep\n|turn|19\n|\n|t:|1700547056\n|move|p2a: Sableye|Metronome|p2a: Sableye\n|move|p2a: Sableye|Infestation|p1a: Ceruledge|[from]move: Metronome\n|-resisted|p1a: Ceruledge\n|-damage|p1a: Ceruledge|99\/100\n|-activate|p1a: Ceruledge|move: Infestation|[of] p2a: Sableye\n|move|p1a: Ceruledge|Bulk Up|p1a: Ceruledge\n|-boost|p1a: Ceruledge|atk|1\n|-boost|p1a: Ceruledge|def|1\n|\n|-damage|p1a: Ceruledge|87\/100|[from] move: Infestation|[partiallytrapped]\n|upkeep\n|turn|20\n|\n|t:|1700547068\n|move|p2a: Sableye|Metronome|p2a: Sableye\n|move|p2a: Sableye|Round|p1a: Ceruledge|[from]move: Metronome\n|-immune|p1a: Ceruledge\n|move|p1a: Ceruledge|Bitter Blade|p2a: Sableye\n|-damage|p2a: Sableye|51\/100\n|-heal|p1a: Ceruledge|100\/100|[from] drain|[of] p2a: Sableye\n|\n|-damage|p1a: Ceruledge|88\/100|[from] move: Infestation|[partiallytrapped]\n|-sideend|p2: KoffingOnLoud|Reflect\n|upkeep\n|turn|21\n|\n|t:|1700547079\n|move|p2a: Sableye|Reflect|p2a: Sableye\n|-sidestart|p2: KoffingOnLoud|Reflect\n|move|p1a: Ceruledge|Bitter Blade|p2a: Sableye\n|-damage|p2a: Sableye|22\/100\n|-heal|p1a: Ceruledge|99\/100|[from] drain|[of] p2a: Sableye\n|\n|-damage|p1a: Ceruledge|88\/100|[from] move: Infestation|[partiallytrapped]\n|upkeep\n|turn|22\n|\n|t:|1700547088\n|move|p2a: Sableye|Recover|p2a: Sableye\n|-heal|p2a: Sableye|72\/100\n|move|p1a: Ceruledge|Bitter Blade|p2a: Sableye\n|-damage|p2a: Sableye|41\/100\n|-heal|p1a: Ceruledge|100\/100|[from] drain|[of] p2a: Sableye\n|\n|-damage|p1a: Ceruledge|88\/100|[from] move: Infestation|[partiallytrapped]\n|upkeep\n|turn|23\n|\n|t:|1700547098\n|move|p2a: Sableye|Metronome|p2a: Sableye\n|move|p2a: Sableye|Corrosive Gas|p1a: Ceruledge|[from]move: Metronome\n|-enditem|p1a: Ceruledge|Focus Sash|[from] move: Corrosive Gas|[of] p2a: Sableye\n|move|p1a: Ceruledge|Bitter Blade|p2a: Sableye\n|-damage|p2a: Sableye|10\/100\n|-heal|p1a: Ceruledge|100\/100|[from] drain|[of] p2a: Sableye\n|\n|-damage|p1a: Ceruledge|88\/100|[from] move: Infestation|[partiallytrapped]\n|upkeep\n|turn|24\n|\n|t:|1700547108\n|move|p2a: Sableye|Metronome|p2a: Sableye\n|move|p2a: Sableye|Amnesia|p2a: Sableye|[from]move: Metronome\n|-boost|p2a: Sableye|spd|2\n|move|p1a: Ceruledge|Bitter Blade|p2a: Sableye\n|-damage|p2a: Sableye|0 fnt\n|-heal|p1a: Ceruledge|92\/100|[from] drain|[of] p2a: Sableye\n|faint|p2a: Sableye\n|\n|-end|p1a: Ceruledge|Infestation|[partiallytrapped]\n|upkeep\n|\n|t:|1700547115\n|switch|p2a: Grafaiai|Grafaiai, F|100\/100\n|-sideend|p2: KoffingOnLoud|move: Toxic Spikes|[of] p2a: Grafaiai\n|turn|25\n|\n|t:|1700547126\n|move|p2a: Grafaiai|Toxic|p1a: Ceruledge\n|-status|p1a: Ceruledge|tox\n|move|p1a: Ceruledge|Bulk Up|p1a: Ceruledge\n|-boost|p1a: Ceruledge|atk|1\n|-boost|p1a: Ceruledge|def|1\n|\n|-damage|p1a: Ceruledge|86\/100 tox|[from] psn\n|-sideend|p2: KoffingOnLoud|Reflect\n|upkeep\n|turn|26\n|\n|t:|1700547137\n|move|p2a: Grafaiai|Encore|p1a: Ceruledge\n|-start|p1a: Ceruledge|Encore\n|move|p1a: Ceruledge|Bulk Up|p1a: Ceruledge\n|-boost|p1a: Ceruledge|atk|1\n|-boost|p1a: Ceruledge|def|1\n|\n|-damage|p1a: Ceruledge|73\/100 tox|[from] psn\n|upkeep\n|turn|27\n|\n|t:|1700547146\n|move|p2a: Grafaiai|Metronome|p2a: Grafaiai\n|move|p2a: Grafaiai|Wonder Room|p2a: Grafaiai|[from]move: Metronome\n|-fieldstart|move: Wonder Room|[of] p2a: Grafaiai\n|move|p1a: Ceruledge|Bulk Up|p1a: Ceruledge\n|-boost|p1a: Ceruledge|atk|1\n|-boost|p1a: Ceruledge|def|1\n|\n|-damage|p1a: Ceruledge|55\/100 tox|[from] psn\n|upkeep\n|turn|28\n|\n|t:|1700547162\n|move|p2a: Grafaiai|Metronome|p2a: Grafaiai\n|move|p2a: Grafaiai|Shock Wave|p1a: Ceruledge|[from]move: Metronome\n|-damage|p1a: Ceruledge|38\/100 tox\n|move|p1a: Ceruledge|Bulk Up|p1a: Ceruledge\n|-boost|p1a: Ceruledge|atk|1\n|-boost|p1a: Ceruledge|def|1\n|\n|-damage|p1a: Ceruledge|14\/100 tox|[from] psn\n|-end|p1a: Ceruledge|Encore\n|upkeep\n|turn|29\n|\n|t:|1700547173\n|move|p2a: Grafaiai|Encore|p1a: Ceruledge\n|-start|p1a: Ceruledge|Encore\n|move|p1a: Ceruledge|Bulk Up|p1a: Ceruledge\n|-boost|p1a: Ceruledge|atk|0\n|-boost|p1a: Ceruledge|def|0\n|\n|-damage|p1a: Ceruledge|0 fnt|[from] psn\n|faint|p1a: Ceruledge\n|upkeep\n|\n|t:|1700547186\n|switch|p1a: Ogerpon|Ogerpon-Wellspring, F|100\/100\n|-activate|p1a: Ogerpon|move: Sticky Web\n|-unboost|p1a: Ogerpon|spe|1\n|turn|30\n|\n|t:|1700547194\n|-terastallize|p1a: Ogerpon|Water\n|detailschange|p1a: Ogerpon|Ogerpon-Wellspring-Tera, F, tera:Water\n|-ability|p1a: Ogerpon|Embody Aspect (Wellspring)|boost\n|-boost|p1a: Ogerpon|spd|1\n|move|p2a: Grafaiai|Toxic|p1a: Ogerpon\n|-status|p1a: Ogerpon|tox\n|move|p1a: Ogerpon|Swords Dance|p1a: Ogerpon\n|-boost|p1a: Ogerpon|atk|2\n|\n|-damage|p1a: Ogerpon|95\/100 tox|[from] psn\n|upkeep\n|turn|31\n|\n|t:|1700547206\n|move|p2a: Grafaiai|Encore|p1a: Ogerpon\n|-start|p1a: Ogerpon|Encore\n|move|p1a: Ogerpon|Swords Dance|p1a: Ogerpon\n|-boost|p1a: Ogerpon|atk|2\n|\n|-damage|p1a: Ogerpon|83\/100 tox|[from] psn\n|-fieldend|move: Wonder Room\n|upkeep\n|turn|32\n|\n|t:|1700547214\n|move|p2a: Grafaiai|Metronome|p2a: Grafaiai\n|move|p2a: Grafaiai|Fire Blast|p1a: Ogerpon|[from]move: Metronome\n|-resisted|p1a: Ogerpon\n|-damage|p1a: Ogerpon|74\/100 tox\n|move|p1a: Ogerpon|Swords Dance|p1a: Ogerpon\n|-boost|p1a: Ogerpon|atk|2\n|\n|-damage|p1a: Ogerpon|56\/100 tox|[from] psn\n|upkeep\n|turn|33\n|\n|t:|1700547224\n|move|p2a: Grafaiai|Metronome|p2a: Grafaiai\n|move|p2a: Grafaiai|Low Sweep|p1a: Ogerpon|[from]move: Metronome\n|-damage|p1a: Ogerpon|38\/100 tox\n|-unboost|p1a: Ogerpon|spe|1\n|move|p1a: Ogerpon|Swords Dance|p1a: Ogerpon\n|-boost|p1a: Ogerpon|atk|0\n|\n|-damage|p1a: Ogerpon|14\/100 tox|[from] psn\n|-end|p1a: Ogerpon|Encore\n|upkeep\n|turn|34\n|\n|t:|1700547238\n|move|p2a: Grafaiai|Encore|p1a: Ogerpon\n|-start|p1a: Ogerpon|Encore\n|move|p1a: Ogerpon|Swords Dance|p1a: Ogerpon\n|-boost|p1a: Ogerpon|atk|0\n|\n|-damage|p1a: Ogerpon|0 fnt|[from] psn\n|faint|p1a: Ogerpon\n|upkeep\n|\n|t:|1700547246\n|switch|p1a: Frosmoth|Frosmoth, F|100\/100\n|-activate|p1a: Frosmoth|move: Sticky Web\n|-unboost|p1a: Frosmoth|spe|1\n|turn|35\n|\n|t:|1700547252\n|move|p2a: Grafaiai|Toxic|p1a: Frosmoth\n|-status|p1a: Frosmoth|tox\n|move|p1a: Frosmoth|Hurricane|p2a: Grafaiai\n|-damage|p2a: Grafaiai|49\/100\n|-start|p2a: Grafaiai|confusion\n|\n|-damage|p1a: Frosmoth|94\/100 tox|[from] psn\n|upkeep\n|turn|36\n|\n|t:|1700547262\n|-activate|p2a: Grafaiai|confusion\n|move|p2a: Grafaiai|Metronome|p2a: Grafaiai\n|move|p2a: Grafaiai|Reversal|p1a: Frosmoth|[from]move: Metronome\n|-damage|p1a: Frosmoth|78\/100 tox\n|move|p1a: Frosmoth|Hurricane|p2a: Grafaiai\n|-damage|p2a: Grafaiai|2\/100\n|\n|-damage|p1a: Frosmoth|66\/100 tox|[from] psn\n|upkeep\n|turn|37\n|\n|t:|1700547273\n|-activate|p2a: Grafaiai|confusion\n|-damage|p2a: Grafaiai|0 fnt|[from] confusion\n|faint|p2a: Grafaiai\n|move|p1a: Frosmoth|Ice Beam|p2: Grafaiai|[notarget]\n|-fail|p1a: Frosmoth\n|\n|-damage|p1a: Frosmoth|48\/100 tox|[from] psn\n|upkeep\n|\n|t:|1700547279\n|switch|p2a: Grimmsnarl|Grimmsnarl, M|100\/100\n|turn|38\n|\n|t:|1700547286\n|move|p2a: Grimmsnarl|Metronome|p2a: Grimmsnarl\n|move|p2a: Grimmsnarl|Attack Order|p1a: Frosmoth|[from]move: Metronome\n|-damage|p1a: Frosmoth|7\/100 tox\n|move|p1a: Frosmoth|Ice Beam|p2a: Grimmsnarl\n|-damage|p2a: Grimmsnarl|55\/100\n|\n|-damage|p1a: Frosmoth|0 fnt|[from] psn\n|faint|p1a: Frosmoth\n|upkeep\n|\n|t:|1700547297\n|switch|p1a: Dragapult|Dragapult, F|100\/100\n|-activate|p1a: Dragapult|move: Sticky Web\n|-unboost|p1a: Dragapult|spe|1\n|turn|39\n|\n|t:|1700547312\n|move|p2a: Grimmsnarl|Reflect|p2a: Grimmsnarl\n|-sidestart|p2: KoffingOnLoud|Reflect\n|move|p1a: Dragapult|Dragon Claw|p2a: Grimmsnarl\n|-immune|p2a: Grimmsnarl\n|\n|upkeep\n|turn|40\n|\n|t:|1700547323\n|switch|p1a: Bellibolt|Bellibolt, F|100\/100\n|-activate|p1a: Bellibolt|move: Sticky Web\n|-unboost|p1a: Bellibolt|spe|1\n|move|p2a: Grimmsnarl|Metronome|p2a: Grimmsnarl\n|move|p2a: Grimmsnarl|Heal Bell||[from]move: Metronome|[still]\n|-activate|p2a: Grimmsnarl|move: Heal Bell\n|-fail|p2a: Grimmsnarl\n|\n|upkeep\n|turn|41\n|\n|t:|1700547335\n|move|p2a: Grimmsnarl|Metronome|p2a: Grimmsnarl\n|move|p2a: Grimmsnarl|Giga Drain|p1a: Bellibolt|[from]move: Metronome\n|-damage|p1a: Bellibolt|85\/100\n|-heal|p2a: Grimmsnarl|64\/100|[from] drain|[of] p1a: Bellibolt\n|move|p1a: Bellibolt|Thunder Wave|p2a: Grimmsnarl\n|-status|p2a: Grimmsnarl|par\n|\n|upkeep\n|turn|42\n|\n|t:|1700547346\n|move|p2a: Grimmsnarl|Metronome|p2a: Grimmsnarl\n|move|p2a: Grimmsnarl|Wildbolt Storm|p1a: Bellibolt|[from]move: Metronome\n|-resisted|p1a: Bellibolt\n|-damage|p1a: Bellibolt|75\/100\n|move|p1a: Bellibolt|Thunder|p2a: Grimmsnarl\n|-damage|p2a: Grimmsnarl|14\/100 par\n|\n|upkeep\n|turn|43\n|\n|t:|1700547360\n|move|p2a: Grimmsnarl|Metronome|p2a: Grimmsnarl\n|move|p2a: Grimmsnarl|Shore Up|p2a: Grimmsnarl|[from]move: Metronome\n|-heal|p2a: Grimmsnarl|64\/100 par\n|move|p1a: Bellibolt|Thunder|p2a: Grimmsnarl|[miss]\n|-miss|p1a: Bellibolt|p2a: Grimmsnarl\n|\n|-sideend|p2: KoffingOnLoud|Reflect\n|upkeep\n|turn|44\n|\n|t:|1700547369\n|move|p2a: Grimmsnarl|Metronome|p2a: Grimmsnarl\n|move|p2a: Grimmsnarl|Electroweb|p1a: Bellibolt|[from]move: Metronome\n|-resisted|p1a: Bellibolt\n|-damage|p1a: Bellibolt|70\/100\n|-unboost|p1a: Bellibolt|spe|1\n|move|p1a: Bellibolt|Thunder|p2a: Grimmsnarl\n|-damage|p2a: Grimmsnarl|17\/100 par\n|\n|upkeep\n|turn|45\n|\n|t:|1700547380\n|move|p2a: Grimmsnarl|Metronome|p2a: Grimmsnarl\n|move|p2a: Grimmsnarl|Simple Beam|p1a: Bellibolt|[from]move: Metronome\n|-endability|p1a: Bellibolt|Static|[from] move: Simple Beam\n|-ability|p1a: Bellibolt|Simple|[from] move: Simple Beam\n|move|p1a: Bellibolt|Thunder|p2a: Grimmsnarl|[miss]\n|-miss|p1a: Bellibolt|p2a: Grimmsnarl\n|\n|upkeep\n|turn|46\n|\n|t:|1700547390\n|move|p2a: Grimmsnarl|Metronome|p2a: Grimmsnarl\n|move|p2a: Grimmsnarl|Lunge|p1a: Bellibolt|[from]move: Metronome\n|-damage|p1a: Bellibolt|49\/100\n|-unboost|p1a: Bellibolt|atk|2\n|-damage|p2a: Grimmsnarl|1\/100 par|[from] item: Rocky Helmet|[of] p1a: Bellibolt\n|move|p1a: Bellibolt|Thunder|p2a: Grimmsnarl\n|-damage|p2a: Grimmsnarl|0 fnt\n|faint|p2a: Grimmsnarl\n|\n|upkeep\n|\n|t:|1700547398\n|switch|p2a: Clefable|Clefable, F, shiny|100\/100\n|turn|47\n|\n|t:|1700547405\n|move|p2a: Clefable|Cosmic Power|p2a: Clefable\n|-boost|p2a: Clefable|def|1\n|-boost|p2a: Clefable|spd|1\n|move|p1a: Bellibolt|Confuse Ray|p2a: Clefable\n|-start|p2a: Clefable|confusion\n|\n|upkeep\n|turn|48\n|\n|t:|1700547413\n|-activate|p2a: Clefable|confusion\n|-damage|p2a: Clefable|96\/100|[from] confusion\n|move|p1a: Bellibolt|Thunder Wave|p2a: Clefable\n|-status|p2a: Clefable|par\n|\n|upkeep\n|turn|49\n|\n|t:|1700547422\n|move|p1a: Bellibolt|Thunder|p2a: Clefable\n|-damage|p2a: Clefable|70\/100 par\n|-activate|p2a: Clefable|confusion\n|move|p2a: Clefable|Cosmic Power|p2a: Clefable\n|-boost|p2a: Clefable|def|1\n|-boost|p2a: Clefable|spd|1\n|\n|upkeep\n|turn|50\n|\n|t:|1700547430\n|move|p1a: Bellibolt|Thunder|p2a: Clefable\n|-damage|p2a: Clefable|49\/100 par\n|-end|p2a: Clefable|confusion\n|move|p2a: Clefable|Wish|p2a: Clefable\n|\n|upkeep\n|turn|51\n|\n|t:|1700547436\n|move|p1a: Bellibolt|Confuse Ray|p2a: Clefable\n|-start|p2a: Clefable|confusion\n|-activate|p2a: Clefable|confusion\n|move|p2a: Clefable|Cosmic Power|p2a: Clefable\n|-boost|p2a: Clefable|def|1\n|-boost|p2a: Clefable|spd|1\n|\n|-heal|p2a: Clefable|99\/100 par|[from] move: Wish|[wisher] Clefable\n|upkeep\n|turn|52\n|\n|t:|1700547447\n|move|p1a: Bellibolt|Thunder|p2a: Clefable\n|-damage|p2a: Clefable|83\/100 par\n|-activate|p2a: Clefable|confusion\n|move|p2a: Clefable|Cosmic Power|p2a: Clefable\n|-boost|p2a: Clefable|def|1\n|-boost|p2a: Clefable|spd|1\n|\n|upkeep\n|turn|53\n|\n|t:|1700547456\n|move|p1a: Bellibolt|Thunder|p2a: Clefable\n|-damage|p2a: Clefable|69\/100 par\n|-end|p2a: Clefable|confusion\n|cant|p2a: Clefable|par\n|\n|upkeep\n|turn|54\n|\n|t:|1700547463\n|move|p1a: Bellibolt|Thunder|p2a: Clefable|[miss]\n|-miss|p1a: Bellibolt|p2a: Clefable\n|cant|p2a: Clefable|par\n|\n|upkeep\n|turn|55\n|\n|t:|1700547469\n|move|p1a: Bellibolt|Thunder|p2a: Clefable\n|-damage|p2a: Clefable|56\/100 par\n|move|p2a: Clefable|Wish|p2a: Clefable\n|\n|upkeep\n|turn|56\n|\n|t:|1700547475\n|move|p1a: Bellibolt|Thunder|p2a: Clefable|[miss]\n|-miss|p1a: Bellibolt|p2a: Clefable\n|cant|p2a: Clefable|par\n|\n|-heal|p2a: Clefable|100\/100 par|[from] move: Wish|[wisher] Clefable\n|upkeep\n|turn|57\n|\n|t:|1700547483\n|move|p1a: Bellibolt|Confuse Ray|p2a: Clefable\n|-start|p2a: Clefable|confusion\n|-activate|p2a: Clefable|confusion\n|-damage|p2a: Clefable|98\/100 par|[from] confusion\n|\n|upkeep\n|turn|58\n|\n|t:|1700547490\n|move|p1a: Bellibolt|Thunder|p2a: Clefable\n|-damage|p2a: Clefable|84\/100 par\n|-end|p2a: Clefable|confusion\n|move|p2a: Clefable|Metronome|p2a: Clefable\n|move|p2a: Clefable|Fissure|p1a: Bellibolt|[from]move: Metronome\n|-damage|p1a: Bellibolt|0 fnt\n|faint|p1a: Bellibolt\n|-ohko\n|\n|upkeep\n|\n|t:|1700547500\n|switch|p1a: Dragapult|Dragapult, F|100\/100\n|-activate|p1a: Dragapult|move: Sticky Web\n|-unboost|p1a: Dragapult|spe|1\n|turn|59\n|\n|t:|1700547509\n|move|p1a: Dragapult|Psychic Fangs|p2a: Clefable\n|-damage|p2a: Clefable|74\/100 par\n|move|p2a: Clefable|Metronome|p2a: Clefable\n|move|p2a: Clefable|Fire Pledge|p1a: Dragapult|[from]move: Metronome\n|-resisted|p1a: Dragapult\n|-damage|p1a: Dragapult|89\/100\n|\n|upkeep\n|turn|60\n|\n|t:|1700547518\n|move|p1a: Dragapult|Phantom Force||[still]\n|-prepare|p1a: Dragapult|Phantom Force\n|move|p2a: Clefable|Wish|p2a: Clefable\n|\n|upkeep\n|turn|61\n|\n|t:|1700547522\n|move|p1a: Dragapult|Phantom Force|p2a: Clefable|[from]lockedmove\n|-damage|p2a: Clefable|59\/100 par\n|move|p2a: Clefable|Metronome|p2a: Clefable\n|move|p2a: Clefable|Aqua Cutter|p1a: Dragapult|[from]move: Metronome\n|-resisted|p1a: Dragapult\n|-damage|p1a: Dragapult|80\/100\n|\n|-heal|p2a: Clefable|100\/100 par|[from] move: Wish|[wisher] Clefable\n|upkeep\n|turn|62\n|\n|t:|1700547533\n|move|p1a: Dragapult|Dragon Dance|p1a: Dragapult\n|-boost|p1a: Dragapult|atk|1\n|-boost|p1a: Dragapult|spe|1\n|move|p2a: Clefable|Metronome|p2a: Clefable\n|move|p2a: Clefable|Feather Dance|p1a: Dragapult|[from]move: Metronome\n|-unboost|p1a: Dragapult|atk|2\n|\n|upkeep\n|turn|63\n|\n|t:|1700547542\n|move|p1a: Dragapult|Dragon Dance|p1a: Dragapult\n|-boost|p1a: Dragapult|atk|1\n|-boost|p1a: Dragapult|spe|1\n|move|p2a: Clefable|Metronome|p2a: Clefable\n|move|p2a: Clefable|Fire Punch|p1a: Dragapult|[from]move: Metronome\n|-resisted|p1a: Dragapult\n|-crit|p1a: Dragapult\n|-damage|p1a: Dragapult|66\/100\n|\n|upkeep\n|turn|64\n|\n|t:|1700547552\n|move|p1a: Dragapult|Dragon Claw|p2a: Clefable\n|-immune|p2a: Clefable\n|cant|p2a: Clefable|par\n|\n|upkeep\n|turn|65\n|\n|t:|1700547561\n|move|p1a: Dragapult|Dragon Claw|p2a: Clefable\n|-immune|p2a: Clefable\n|move|p2a: Clefable|Metronome|p2a: Clefable\n|move|p2a: Clefable|Night Daze|p1a: Dragapult|[from]move: Metronome\n|-supereffective|p1a: Dragapult\n|-damage|p1a: Dragapult|13\/100\n|\n|upkeep\n|turn|66\n|\n|t:|1700547571\n|move|p1a: Dragapult|Phantom Force||[still]\n|-prepare|p1a: Dragapult|Phantom Force\n|move|p2a: Clefable|Metronome|p2a: Clefable\n|move|p2a: Clefable|Ice Spinner|p1a: Dragapult|[from]move: Metronome|[miss]\n|-miss|p2a: Clefable|p1a: Dragapult\n|\n|upkeep\n|turn|67\n|\n|t:|1700547579\n|move|p1a: Dragapult|Phantom Force|p2a: Clefable|[from]lockedmove\n|-damage|p2a: Clefable|84\/100 par\n|move|p2a: Clefable|Metronome|p2a: Clefable\n|move|p2a: Clefable|Frost Breath|p1a: Dragapult|[from]move: Metronome\n|-supereffective|p1a: Dragapult\n|-crit|p1a: Dragapult\n|-damage|p1a: Dragapult|0 fnt\n|faint|p1a: Dragapult\n|\n|win|KoffingOnLoud\n|raw|Trip2DaMoon's rating: 1047 &rarr; <strong>1028<\/strong><br \/>(-19 for losing)\n|raw|KoffingOnLoud's rating: 1013 &rarr; <strong>1055<\/strong><br \/>(+42 for winning)\n|l|\u2606Trip2DaMoon\n","uploadtime":1700547592,"views":2,"p1id":"trip2damoon","p2id":"koffingonloud","formatid":"gen9ou","rating":1028,"private":0,"password":""}