{"id":"gen9ou-1989532155","p1":"Dr. Sparce7","p2":"Blurred_Ace","format":"[Gen 9] OU","log":"|j|\u2606Dr. Sparce7\n|j|\u2606Blurred_Ace\n|t:|1699866815\n|gametype|singles\n|player|p1|Dr. Sparce7|proton|1412\n|player|p2|Blurred_Ace|gambler|1468\n|teamsize|p1|6\n|teamsize|p2|6\n|gen|9\n|tier|[Gen 9] OU\n|rated|\n|rule|Sleep Clause Mod: Limit one foe put to sleep\n|rule|Species Clause: Limit one of each Pok\u00e9mon\n|rule|OHKO Clause: OHKO moves are banned\n|rule|Evasion Items Clause: Evasion items are banned\n|rule|Evasion Moves Clause: Evasion moves are banned\n|rule|Endless Battle Clause: Forcing endless battles is banned\n|rule|HP Percentage Mod: HP is shown in percentages\n|clearpoke\n|poke|p1|Skeledirge, M|\n|poke|p1|Alomomola, F|\n|poke|p1|Ting-Lu|\n|poke|p1|Zapdos|\n|poke|p1|Hoopa-Unbound|\n|poke|p1|Dragapult, F|\n|poke|p2|Pelipper, M|\n|poke|p2|Crawdaunt, M|\n|poke|p2|Dragapult, M|\n|poke|p2|Zapdos|\n|poke|p2|Greninja-*, M|\n|poke|p2|Great Tusk|\n|teampreview\n|\n|t:|1699866826\n|start\n|switch|p1a: Zapdos|Zapdos|100\/100\n|switch|p2a: Dragapult|Dragapult, M|100\/100\n|turn|1\n|\n|t:|1699866832\n|move|p2a: Dragapult|Will-O-Wisp|p1a: Zapdos\n|-status|p1a: Zapdos|brn\n|move|p1a: Zapdos|Volt Switch|p2a: Dragapult\n|-resisted|p2a: Dragapult\n|-damage|p2a: Dragapult|80\/100\n|\n|t:|1699866840\n|switch|p1a: Ting-Lu|Ting-Lu|100\/100|[from] Volt Switch\n|-ability|p1a: Ting-Lu|Vessel of Ruin\n|\n|upkeep\n|turn|2\n|\n|t:|1699866844\n|move|p2a: Dragapult|U-turn|p1a: Ting-Lu\n|-supereffective|p1a: Ting-Lu\n|-damage|p1a: Ting-Lu|79\/100\n|\n|t:|1699866850\n|switch|p2a: Great Tusk|Great Tusk|100\/100|[from] U-turn\n|move|p1a: Ting-Lu|Stealth Rock|p2a: Great Tusk\n|-sidestart|p2: Blurred_Ace|move: Stealth Rock\n|\n|upkeep\n|turn|3\n|\n|t:|1699866856\n|switch|p1a: Zapdos|Zapdos|100\/100 brn\n|move|p2a: Great Tusk|Stealth Rock|p1a: Zapdos\n|-sidestart|p1: Dr. Sparce7|move: Stealth Rock\n|\n|-damage|p1a: Zapdos|94\/100 brn|[from] brn\n|upkeep\n|turn|4\n|\n|t:|1699866864\n|-end|p2a: Great Tusk|Protosynthesis|[silent]\n|switch|p2a: Zapdos|Zapdos|100\/100\n|move|p1a: Zapdos|Hurricane|p2a: Zapdos|[miss]\n|-miss|p1a: Zapdos|p2a: Zapdos\n|\n|-damage|p1a: Zapdos|88\/100 brn|[from] brn\n|upkeep\n|turn|5\n|\n|t:|1699866870\n|move|p1a: Zapdos|Volt Switch|p2a: Zapdos\n|-damage|p2a: Zapdos|72\/100\n|\n|t:|1699866873\n|switch|p1a: Ting-Lu|Ting-Lu|79\/100|[from] Volt Switch\n|-ability|p1a: Ting-Lu|Vessel of Ruin\n|move|p2a: Zapdos|Volt Switch|p1a: Ting-Lu\n|-immune|p1a: Ting-Lu\n|\n|upkeep\n|turn|6\n|\n|t:|1699866883\n|move|p2a: Zapdos|Hurricane|p1a: Ting-Lu|[miss]\n|-miss|p2a: Zapdos|p1a: Ting-Lu\n|move|p1a: Ting-Lu|Ruination|p2a: Zapdos\n|-damage|p2a: Zapdos|36\/100\n|\n|upkeep\n|turn|7\n|\n|t:|1699866887\n|move|p2a: Zapdos|Roost|p2a: Zapdos\n|-heal|p2a: Zapdos|86\/100\n|-singleturn|p2a: Zapdos|move: Roost\n|move|p1a: Ting-Lu|Whirlwind|p2a: Zapdos\n|drag|p2a: Greninja|Greninja, M|100\/100\n|-damage|p2a: Greninja|88\/100|[from] Stealth Rock\n|\n|upkeep\n|turn|8\n|\n|t:|1699866896\n|switch|p1a: Alomomola|Alomomola, F|100\/100\n|move|p2a: Greninja|Ice Beam|p1a: Alomomola\n|-resisted|p1a: Alomomola\n|-damage|p1a: Alomomola|86\/100\n|-damage|p2a: Greninja|78\/100|[from] item: Life Orb\n|\n|upkeep\n|turn|9\n|\n|t:|1699866901\n|move|p2a: Greninja|Dark Pulse|p1a: Alomomola\n|-damage|p1a: Alomomola|43\/100\n|-damage|p2a: Greninja|69\/100|[from] item: Life Orb\n|move|p1a: Alomomola|Flip Turn|p2a: Greninja\n|-resisted|p2a: Greninja\n|-damage|p2a: Greninja|55\/100\n|\n|t:|1699866910\n|switch|p1a: Dragapult|Dragapult, F|100\/100|[from] Flip Turn\n|-damage|p1a: Dragapult|88\/100|[from] Stealth Rock\n|\n|upkeep\n|turn|10\n|\n|t:|1699866915\n|switch|p2a: Zapdos|Zapdos|86\/100\n|move|p1a: Dragapult|Draco Meteor|p2a: Zapdos\n|-damage|p2a: Zapdos|0 fnt\n|-unboost|p1a: Dragapult|spa|2\n|faint|p2a: Zapdos\n|\n|upkeep\n|\n|t:|1699866923\n|switch|p2a: Crawdaunt|Crawdaunt, M|100\/100\n|-damage|p2a: Crawdaunt|88\/100|[from] Stealth Rock\n|turn|11\n|\n|t:|1699866931\n|switch|p1a: Alomomola|Alomomola, F|76\/100\n|move|p2a: Crawdaunt|Knock Off|p1a: Alomomola\n|-damage|p1a: Alomomola|22\/100\n|-enditem|p1a: Alomomola|Heavy-Duty Boots|[from] move: Knock Off|[of] p2a: Crawdaunt\n|-damage|p2a: Crawdaunt|78\/100|[from] item: Life Orb\n|\n|upkeep\n|turn|12\n|\n|t:|1699866942\n|move|p2a: Crawdaunt|Swords Dance|p2a: Crawdaunt\n|-boost|p2a: Crawdaunt|atk|2\n|move|p1a: Alomomola|Wish|p1a: Alomomola\n|\n|upkeep\n|turn|13\n|\n|t:|1699866947\n|move|p2a: Crawdaunt|Knock Off|p1a: Alomomola\n|-damage|p1a: Alomomola|0 fnt\n|faint|p1a: Alomomola\n|-damage|p2a: Crawdaunt|69\/100|[from] item: Life Orb\n|\n|upkeep\n|\n|t:|1699866950\n|switch|p1a: Skeledirge|Skeledirge, M|100\/100\n|turn|14\n|\n|t:|1699866953\n|-terastallize|p1a: Skeledirge|Fairy\n|move|p2a: Crawdaunt|Knock Off|p1a: Skeledirge\n|-resisted|p1a: Skeledirge\n|-damage|p1a: Skeledirge|70\/100\n|-enditem|p1a: Skeledirge|Heavy-Duty Boots|[from] move: Knock Off|[of] p2a: Crawdaunt\n|-damage|p2a: Crawdaunt|59\/100|[from] item: Life Orb\n|move|p1a: Skeledirge|Will-O-Wisp|p2a: Crawdaunt\n|-status|p2a: Crawdaunt|brn\n|\n|-damage|p2a: Crawdaunt|53\/100 brn|[from] brn\n|upkeep\n|turn|15\n|\n|t:|1699866967\n|move|p2a: Crawdaunt|Crabhammer|p1a: Skeledirge\n|-crit|p1a: Skeledirge\n|-damage|p1a: Skeledirge|20\/100\n|-damage|p2a: Crawdaunt|43\/100 brn|[from] item: Life Orb\n|move|p1a: Skeledirge|Torch Song|p2a: Crawdaunt\n|-resisted|p2a: Crawdaunt\n|-damage|p2a: Crawdaunt|11\/100 brn\n|-boost|p1a: Skeledirge|spa|1\n|\n|-damage|p2a: Crawdaunt|5\/100 brn|[from] brn\n|upkeep\n|turn|16\n|\n|t:|1699866975\n|switch|p1a: Dragapult|Dragapult, F|88\/100\n|-damage|p1a: Dragapult|76\/100|[from] Stealth Rock\n|move|p2a: Crawdaunt|Crabhammer|p1a: Dragapult\n|-resisted|p1a: Dragapult\n|-damage|p1a: Dragapult|13\/100\n|-damage|p2a: Crawdaunt|0 fnt|[from] item: Life Orb\n|faint|p2a: Crawdaunt\n|\n|upkeep\n|\n|t:|1699866989\n|switch|p2a: Greninja|Greninja, M|55\/100\n|-damage|p2a: Greninja|43\/100|[from] Stealth Rock\n|turn|17\n|\n|t:|1699866995\n|switch|p1a: Hoopa|Hoopa-Unbound|100\/100\n|move|p2a: Greninja|Water Shuriken|p1a: Hoopa\n|-damage|p1a: Hoopa|94\/100\n|-damage|p1a: Hoopa|87\/100\n|-hitcount|p1a: Hoopa|2\n|-damage|p2a: Greninja|33\/100|[from] item: Life Orb\n|\n|upkeep\n|turn|18\n|\n|t:|1699867002\n|move|p2a: Greninja|U-turn|p1a: Hoopa\n|-supereffective|p1a: Hoopa\n|-damage|p1a: Hoopa|7\/100\n|-damage|p2a: Greninja|23\/100|[from] item: Life Orb\n|\n|t:|1699867006\n|switch|p2a: Pelipper|Pelipper, M|100\/100|[from] U-turn\n|-damage|p2a: Pelipper|76\/100|[from] Stealth Rock\n|-weather|RainDance|[from] ability: Drizzle|[of] p2a: Pelipper\n|move|p1a: Hoopa|Knock Off|p2a: Pelipper\n|-crit|p2a: Pelipper\n|-damage|p2a: Pelipper|23\/100\n|-enditem|p2a: Pelipper|Damp Rock|[from] move: Knock Off|[of] p1a: Hoopa\n|\n|-weather|RainDance|[upkeep]\n|upkeep\n|turn|19\n|\n|t:|1699867010\n|move|p1a: Hoopa|Psychic|p2a: Pelipper\n|-damage|p2a: Pelipper|0 fnt\n|faint|p2a: Pelipper\n|\n|-weather|RainDance|[upkeep]\n|upkeep\n|\n|t:|1699867016\n|switch|p2a: Great Tusk|Great Tusk|100\/100\n|turn|20\n|\n|t:|1699867018\n|switch|p1a: Zapdos|Zapdos|88\/100 brn\n|move|p2a: Great Tusk|Ice Spinner|p1a: Zapdos\n|-supereffective|p1a: Zapdos\n|-damage|p1a: Zapdos|41\/100 brn\n|\n|-weather|RainDance|[upkeep]\n|-damage|p1a: Zapdos|35\/100 brn|[from] brn\n|upkeep\n|turn|21\n|\n|t:|1699867029\n|move|p1a: Zapdos|Roost|p1a: Zapdos\n|-heal|p1a: Zapdos|85\/100 brn\n|-singleturn|p1a: Zapdos|move: Roost\n|move|p2a: Great Tusk|Ice Spinner|p1a: Zapdos\n|-damage|p1a: Zapdos|59\/100 brn\n|-status|p2a: Great Tusk|par|[from] ability: Static|[of] p1a: Zapdos\n|\n|-weather|RainDance|[upkeep]\n|-damage|p1a: Zapdos|53\/100 brn|[from] brn\n|upkeep\n|turn|22\n|\n|t:|1699867037\n|move|p1a: Zapdos|Hurricane|p2a: Great Tusk\n|-supereffective|p2a: Great Tusk\n|-damage|p2a: Great Tusk|0 fnt\n|faint|p2a: Great Tusk\n|-end|p2a: Great Tusk|Protosynthesis|[silent]\n|\n|-weather|RainDance|[upkeep]\n|-damage|p1a: Zapdos|46\/100 brn|[from] brn\n|upkeep\n|\n|t:|1699867042\n|switch|p2a: Dragapult|Dragapult, M|80\/100\n|turn|23\n|\n|t:|1699867046\n|switch|p1a: Ting-Lu|Ting-Lu|79\/100\n|-ability|p1a: Ting-Lu|Vessel of Ruin\n|-terastallize|p2a: Dragapult|Ghost\n|move|p2a: Dragapult|Hex|p1a: Ting-Lu\n|-resisted|p1a: Ting-Lu\n|-damage|p1a: Ting-Lu|71\/100\n|\n|-weather|RainDance|[upkeep]\n|upkeep\n|turn|24\n|\n|t:|1699867054\n|move|p2a: Dragapult|Will-O-Wisp|p1a: Ting-Lu\n|-status|p1a: Ting-Lu|brn\n|move|p1a: Ting-Lu|Earthquake|p2a: Dragapult\n|-damage|p2a: Dragapult|53\/100\n|\n|-weather|RainDance|[upkeep]\n|-damage|p1a: Ting-Lu|65\/100 brn|[from] brn\n|upkeep\n|turn|25\n|\n|t:|1699867060\n|move|p2a: Dragapult|Draco Meteor|p1a: Ting-Lu\n|-damage|p1a: Ting-Lu|41\/100 brn\n|-unboost|p2a: Dragapult|spa|2\n|move|p1a: Ting-Lu|Earthquake|p2a: Dragapult\n|-crit|p2a: Dragapult\n|-damage|p2a: Dragapult|12\/100\n|\n|-weather|none\n|-damage|p1a: Ting-Lu|35\/100 brn|[from] brn\n|upkeep\n|turn|26\n|\n|t:|1699867066\n|move|p2a: Dragapult|U-turn|p1a: Ting-Lu\n|-supereffective|p1a: Ting-Lu\n|-damage|p1a: Ting-Lu|15\/100 brn\n|\n|t:|1699867068\n|switch|p2a: Greninja|Greninja, M|23\/100|[from] U-turn\n|-damage|p2a: Greninja|11\/100|[from] Stealth Rock\n|move|p1a: Ting-Lu|Earthquake|p2a: Greninja\n|-damage|p2a: Greninja|0 fnt\n|faint|p2a: Greninja\n|\n|-damage|p1a: Ting-Lu|8\/100 brn|[from] brn\n|upkeep\n|\n|t:|1699867069\n|switch|p2a: Dragapult|Dragapult, M, tera:Ghost|12\/100\n|turn|27\n|\n|t:|1699867072\n|move|p2a: Dragapult|Hex|p1a: Ting-Lu\n|-resisted|p1a: Ting-Lu\n|-damage|p1a: Ting-Lu|0 fnt\n|faint|p1a: Ting-Lu\n|\n|upkeep\n|\n|t:|1699867078\n|switch|p1a: Dragapult|Dragapult, F|13\/100\n|-damage|p1a: Dragapult|1\/100|[from] Stealth Rock\n|turn|28\n|\n|t:|1699867081\n|move|p2a: Dragapult|Hex|p1a: Dragapult\n|-supereffective|p1a: Dragapult\n|-damage|p1a: Dragapult|0 fnt\n|faint|p1a: Dragapult\n|\n|upkeep\n|\n|t:|1699867084\n|switch|p1a: Skeledirge|Skeledirge, M, tera:Fairy|20\/100\n|-damage|p1a: Skeledirge|8\/100|[from] Stealth Rock\n|turn|29\n|\n|t:|1699867086\n|move|p2a: Dragapult|Hex|p1a: Skeledirge\n|-damage|p1a: Skeledirge|0 fnt\n|faint|p1a: Skeledirge\n|\n|upkeep\n|\n|t:|1699867087\n|switch|p1a: Zapdos|Zapdos|46\/100 brn\n|turn|30\n|\n|t:|1699867089\n|move|p2a: Dragapult|Hex|p1a: Zapdos\n|-damage|p1a: Zapdos|0 fnt\n|faint|p1a: Zapdos\n|\n|upkeep\n|\n|t:|1699867091\n|switch|p1a: Hoopa|Hoopa-Unbound|7\/100\n|turn|31\n|\n|t:|1699867094\n|move|p2a: Dragapult|U-turn|p1a: Hoopa\n|-supereffective|p1a: Hoopa\n|-damage|p1a: Hoopa|0 fnt\n|faint|p1a: Hoopa\n|\n|win|Blurred_Ace\n|raw|Dr. Sparce7's rating: 1412 &rarr; <strong>1395<\/strong><br \/>(-17 for losing)\n|raw|Blurred_Ace's rating: 1468 &rarr; <strong>1485<\/strong><br \/>(+17 for winning)\n|l|\u2606Dr. Sparce7\n","uploadtime":1699867103,"views":14,"p1id":"drsparce7","p2id":"blurredace","formatid":"gen9ou","rating":1395,"private":0,"password":""}