{"id":"gen9ou-1994028336","p1":"starwarsdaduk","p2":"taoe","format":"[Gen 9] OU","log":"|j|\u2606starwarsdaduk\n|j|\u2606taoe\n|t:|1700396276\n|gametype|singles\n|player|p1|starwarsdaduk|red|1053\n|player|p2|taoe|pokemonrangerf-gen4|1143\n|teamsize|p1|6\n|teamsize|p2|6\n|gen|9\n|tier|[Gen 9] OU\n|rated|\n|rule|Sleep Clause Mod: Limit one foe put to sleep\n|rule|Species Clause: Limit one of each Pok\u00e9mon\n|rule|OHKO Clause: OHKO moves are banned\n|rule|Evasion Items Clause: Evasion items are banned\n|rule|Evasion Moves Clause: Evasion moves are banned\n|rule|Endless Battle Clause: Forcing endless battles is banned\n|rule|HP Percentage Mod: HP is shown in percentages\n|clearpoke\n|poke|p1|Ceruledge, F|\n|poke|p1|Greninja-*, M|\n|poke|p1|Pawmot, F|\n|poke|p1|Dragapult, F|\n|poke|p1|Mimikyu, M|\n|poke|p1|Torterra, F|\n|poke|p2|Maushold|\n|poke|p2|Weavile, M|\n|poke|p2|Sneasler, F|\n|poke|p2|Jirachi|\n|poke|p2|Kleavor, M|\n|poke|p2|Ninetales-Alola, M|\n|teampreview\n|\n|t:|1700396280\n|start\n|switch|p1a: Ceruledge|Ceruledge, F|100\/100\n|switch|p2a: Ninetales|Ninetales-Alola, M, shiny|100\/100\n|-weather|Snow|[from] ability: Snow Warning|[of] p2a: Ninetales\n|turn|1\n|\n|t:|1700396289\n|move|p2a: Ninetales|Aurora Veil|p2a: Ninetales\n|-sidestart|p2: taoe|move: Aurora Veil\n|move|p1a: Ceruledge|Swords Dance|p1a: Ceruledge\n|-boost|p1a: Ceruledge|atk|2\n|\n|-weather|Snow|[upkeep]\n|upkeep\n|turn|2\n|\n|t:|1700396298\n|move|p2a: Ninetales|Moonblast|p1a: Ceruledge\n|-resisted|p1a: Ceruledge\n|-damage|p1a: Ceruledge|83\/100\n|-unboost|p1a: Ceruledge|spa|1\n|move|p1a: Ceruledge|Bitter Blade|p2a: Ninetales\n|-supereffective|p2a: Ninetales\n|-damage|p2a: Ninetales|0 fnt\n|-heal|p1a: Ceruledge|100\/100|[from] drain|[of] p2a: Ninetales\n|faint|p2a: Ninetales\n|\n|-weather|Snow|[upkeep]\n|upkeep\n|\n|t:|1700396305\n|switch|p2a: Weavile|Weavile, M|100\/100\n|-ability|p2a: Weavile|Pressure\n|turn|3\n|\n|t:|1700396318\n|move|p1a: Ceruledge|Protect|p1a: Ceruledge\n|-singleturn|p1a: Ceruledge|Protect\n|move|p2a: Weavile|Knock Off|p1a: Ceruledge\n|-activate|p1a: Ceruledge|move: Protect\n|\n|-weather|Snow|[upkeep]\n|upkeep\n|turn|4\n|\n|t:|1700396326\n|move|p2a: Weavile|Knock Off|p1a: Ceruledge\n|-supereffective|p1a: Ceruledge\n|-damage|p1a: Ceruledge|0 fnt\n|-enditem|p1a: Ceruledge|Leftovers|[from] move: Knock Off|[of] p2a: Weavile\n|faint|p1a: Ceruledge\n|\n|-weather|Snow|[upkeep]\n|upkeep\n|\n|t:|1700396337\n|switch|p1a: Torterra|Torterra, F|100\/100\n|turn|5\n|\n|t:|1700396340\n|move|p2a: Weavile|Ice Shard|p1a: Torterra\n|-supereffective|p1a: Torterra\n|-damage|p1a: Torterra|37\/100\n|move|p1a: Torterra|Earthquake|p2a: Weavile\n|-damage|p2a: Weavile|78\/100\n|\n|-weather|none\n|upkeep\n|turn|6\n|\n|t:|1700396350\n|move|p2a: Weavile|Ice Shard|p1a: Torterra\n|-supereffective|p1a: Torterra\n|-damage|p1a: Torterra|0 fnt\n|faint|p1a: Torterra\n|\n|upkeep\n|\n|t:|1700396356\n|switch|p1a: Greninja|Greninja, M|100\/100\n|turn|7\n|\n|t:|1700396366\n|move|p2a: Weavile|Knock Off|p1a: Greninja\n|-resisted|p1a: Greninja\n|-damage|p1a: Greninja|57\/100\n|-enditem|p1a: Greninja|Aguav Berry|[from] move: Knock Off|[of] p2a: Weavile\n|move|p1a: Greninja|Ice Beam|p2a: Weavile\n|-start|p1a: Greninja|typechange|Ice|[from] ability: Protean\n|-resisted|p2a: Weavile\n|-damage|p2a: Weavile|68\/100\n|\n|upkeep\n|turn|8\n|\n|t:|1700396379\n|move|p2a: Weavile|Knock Off|p1a: Greninja\n|-damage|p1a: Greninja|8\/100\n|move|p1a: Greninja|Dark Pulse|p2a: Weavile\n|-resisted|p2a: Weavile\n|-damage|p2a: Weavile|63\/100\n|\n|-sideend|p2: taoe|move: Aurora Veil\n|upkeep\n|turn|9\n|\n|t:|1700396388\n|move|p2a: Weavile|Ice Shard|p1a: Greninja\n|-resisted|p1a: Greninja\n|-damage|p1a: Greninja|0 fnt\n|faint|p1a: Greninja\n|\n|upkeep\n|\n|t:|1700396393\n|switch|p1a: Pawmot|Pawmot, F|100\/100\n|turn|10\n|\n|t:|1700396400\n|move|p2a: Weavile|Knock Off|p1a: Pawmot\n|-resisted|p1a: Pawmot\n|-damage|p1a: Pawmot|66\/100\n|-enditem|p1a: Pawmot|Leftovers|[from] move: Knock Off|[of] p2a: Weavile\n|move|p1a: Pawmot|Fire Punch|p2a: Weavile\n|-supereffective|p2a: Weavile\n|-damage|p2a: Weavile|0 fnt\n|faint|p2a: Weavile\n|\n|upkeep\n|\n|t:|1700396410\n|switch|p2a: Sneasler|Sneasler, F|100\/100\n|turn|11\n|\n|t:|1700396413\n|move|p2a: Sneasler|Close Combat|p1a: Pawmot\n|-damage|p1a: Pawmot|0 fnt\n|-unboost|p2a: Sneasler|def|1\n|-unboost|p2a: Sneasler|spd|1\n|-enditem|p2a: Sneasler|White Herb\n|-clearnegativeboost|p2a: Sneasler|[silent]\n|faint|p1a: Pawmot\n|\n|upkeep\n|\n|t:|1700396424\n|switch|p1a: Dragapult|Dragapult, F|100\/100\n|turn|12\n|\n|t:|1700396430\n|-terastallize|p2a: Sneasler|Flying\n|move|p2a: Sneasler|Acrobatics|p1a: Dragapult\n|-damage|p1a: Dragapult|5\/100\n|move|p1a: Dragapult|Dragon Darts|p2a: Sneasler\n|-damage|p2a: Sneasler|37\/100\n|-anim|p1a: Dragapult|Dragon Darts|p2a: Sneasler\n|-damage|p2a: Sneasler|0 fnt\n|faint|p2a: Sneasler\n|-damage|p1a: Dragapult|0 fnt|[from] item: Life Orb\n|faint|p1a: Dragapult\n|\n|upkeep\n|\n|t:|1700396443\n|switch|p1a: Mimikyu|Mimikyu, M|100\/100\n|switch|p2a: Jirachi|Jirachi|100\/100\n|turn|13\n|\n|t:|1700396457\n|move|p1a: Mimikyu|Swords Dance|p1a: Mimikyu\n|-boost|p1a: Mimikyu|atk|2\n|move|p2a: Jirachi|Doom Desire|p1a: Mimikyu\n|-start|p2a: Jirachi|Doom Desire\n|\n|upkeep\n|turn|14\n|\n|t:|1700396472\n|move|p1a: Mimikyu|Shadow Claw|p2a: Jirachi\n|-supereffective|p2a: Jirachi\n|-crit|p2a: Jirachi\n|-damage|p2a: Jirachi|2\/100\n|move|p2a: Jirachi|Psychic|p1a: Mimikyu\n|-activate|p1a: Mimikyu|ability: Disguise\n|-damage|p1a: Mimikyu|100\/100\n|detailschange|p1a: Mimikyu|Mimikyu-Busted, M\n|-damage|p1a: Mimikyu|88\/100|[from] pokemon: Mimikyu-Busted\n|\n|-heal|p1a: Mimikyu|94\/100|[from] item: Leftovers\n|-heal|p2a: Jirachi|9\/100|[from] item: Leftovers\n|upkeep\n|turn|15\n|\n|t:|1700396487\n|switch|p2a: Maushold|Maushold|100\/100\n|move|p1a: Mimikyu|Shadow Claw|p2a: Maushold\n|-immune|p2a: Maushold\n|\n|-end|p1a: Mimikyu|move: Doom Desire\n|-supereffective|p1a: Mimikyu\n|-damage|p1a: Mimikyu|0 fnt\n|faint|p1a: Mimikyu\n|\n|win|taoe\n|upkeep\n|raw|starwarsdaduk's rating: 1053 &rarr; <strong>1040<\/strong><br \/>(-13 for losing)\n|raw|taoe's rating: 1143 &rarr; <strong>1162<\/strong><br \/>(+19 for winning)\n","uploadtime":1700396499,"views":6,"p1id":"starwarsdaduk","p2id":"taoe","formatid":"gen9ou","rating":1040,"private":0,"password":""}