{"id":"gen9ou-1994868300","p1":"SnoozSeal","p2":"imnotgrate","format":"[Gen 9] OU","log":"|j|\u2606SnoozSeal\n|j|\u2606imnotgrate\n|t:|1700500138\n|gametype|singles\n|player|p1|SnoozSeal|larry|1253\n|player|p2|imnotgrate|bertha|1230\n|teamsize|p1|6\n|teamsize|p2|6\n|gen|9\n|tier|[Gen 9] OU\n|rated|\n|rule|Sleep Clause Mod: Limit one foe put to sleep\n|rule|Species Clause: Limit one of each Pok\u00e9mon\n|rule|OHKO Clause: OHKO moves are banned\n|rule|Evasion Items Clause: Evasion items are banned\n|rule|Evasion Moves Clause: Evasion moves are banned\n|rule|Endless Battle Clause: Forcing endless battles is banned\n|rule|HP Percentage Mod: HP is shown in percentages\n|clearpoke\n|poke|p1|Ting-Lu|\n|poke|p1|Great Tusk|\n|poke|p1|Ribombee, M|\n|poke|p1|Gholdengo|\n|poke|p1|Dragapult, F|\n|poke|p1|Ceruledge, M|\n|poke|p2|Ceruledge, M|\n|poke|p2|Dragapult, F|\n|poke|p2|Ribombee, F|\n|poke|p2|Drifblim, M|\n|poke|p2|Cloyster, M|\n|poke|p2|Volcanion|\n|teampreview\n|inactive|Battle timer is ON: inactive players will automatically lose when time's up. (requested by imnotgrate)\n|inactive|SnoozSeal also wants the timer to be on.\n|j| rocrazen\n|\n|t:|1700500154\n|start\n|switch|p1a: what even is this|Ribombee, M|100\/100\n|switch|p2a: Ribombee|Ribombee, F|100\/100\n|turn|1\n|\n|t:|1700500156\n|move|p1a: what even is this|Sticky Web|p2a: Ribombee\n|-sidestart|p2: imnotgrate|move: Sticky Web\n|move|p2a: Ribombee|Stun Spore|p1a: what even is this\n|-status|p1a: what even is this|par\n|\n|upkeep\n|turn|2\n|\n|t:|1700500161\n|move|p2a: Ribombee|Sticky Web|p1a: what even is this\n|-sidestart|p1: SnoozSeal|move: Sticky Web\n|move|p1a: what even is this|Tailwind|p1a: what even is this\n|-sidestart|p1: SnoozSeal|move: Tailwind\n|\n|upkeep\n|turn|3\n|\n|t:|1700500164\n|switch|p1a: ghoul vessel|Ting-Lu|100\/100\n|-activate|p1a: ghoul vessel|move: Sticky Web\n|-unboost|p1a: ghoul vessel|spe|1\n|-ability|p1a: ghoul vessel|Vessel of Ruin\n|move|p2a: Ribombee|Reflect|p2a: Ribombee\n|-sidestart|p2: imnotgrate|Reflect\n|\n|upkeep\n|turn|4\n|\n|t:|1700500172\n|move|p2a: Ribombee|Sticky Web||[still]\n|-fail|p2a: Ribombee\n|move|p1a: ghoul vessel|Spikes|p2a: Ribombee\n|-sidestart|p2: imnotgrate|Spikes\n|\n|upkeep\n|turn|5\n|\n|t:|1700500176\n|switch|p2a: Drifblim|Drifblim, M|100\/100\n|move|p1a: ghoul vessel|Spikes|p2a: Drifblim\n|-sidestart|p2: imnotgrate|Spikes\n|\n|-sideend|p1: SnoozSeal|move: Tailwind\n|upkeep\n|turn|6\n|\n|t:|1700500182\n|switch|p1a: ghoul goblin|Gholdengo|100\/100\n|-item|p1a: ghoul goblin|Air Balloon\n|move|p2a: Drifblim|Defog|p1a: ghoul goblin\n|-immune|p1a: ghoul goblin|[from] ability: Good as Gold\n|\n|upkeep\n|turn|7\n|\n|t:|1700500196\n|-terastallize|p1a: ghoul goblin|Ghost\n|move|p1a: ghoul goblin|Shadow Ball|p2a: Drifblim\n|-supereffective|p2a: Drifblim\n|-damage|p2a: Drifblim|19\/100\n|-unboost|p2a: Drifblim|spd|1\n|move|p2a: Drifblim|Psychic|p1a: ghoul goblin\n|-damage|p1a: ghoul goblin|79\/100\n|-enditem|p1a: ghoul goblin|Air Balloon\n|\n|-sideend|p2: imnotgrate|Reflect\n|upkeep\n|turn|8\n|l| rocrazen\n|\n|t:|1700500202\n|move|p1a: ghoul goblin|Shadow Ball|p2a: Drifblim\n|-supereffective|p2a: Drifblim\n|-damage|p2a: Drifblim|0 fnt\n|faint|p2a: Drifblim\n|\n|upkeep\n|\n|t:|1700500205\n|switch|p2a: Volcanion|Volcanion|100\/100\n|-activate|p2a: Volcanion|move: Sticky Web\n|-unboost|p2a: Volcanion|spe|1\n|-damage|p2a: Volcanion|84\/100|[from] Spikes\n|turn|9\n|\n|t:|1700500210\n|move|p1a: ghoul goblin|Shadow Ball|p2a: Volcanion\n|-damage|p2a: Volcanion|42\/100\n|move|p2a: Volcanion|Flamethrower|p1a: ghoul goblin\n|-damage|p1a: ghoul goblin|15\/100\n|\n|upkeep\n|turn|10\n|\n|t:|1700500216\n|move|p1a: ghoul goblin|Shadow Ball|p2a: Volcanion\n|-damage|p2a: Volcanion|2\/100\n|move|p2a: Volcanion|Steam Eruption|p1a: ghoul goblin\n|-damage|p1a: ghoul goblin|0 fnt\n|faint|p1a: ghoul goblin\n|\n|upkeep\n|\n|t:|1700500227\n|switch|p1a: yeetus ghoul|Dragapult, F|100\/100\n|-activate|p1a: yeetus ghoul|move: Sticky Web\n|-fail|p1a: yeetus ghoul|unboost|[from] ability: Clear Body|[of] p1a: yeetus ghoul\n|turn|11\n|\n|t:|1700500230\n|move|p1a: yeetus ghoul|Shadow Ball|p2a: Volcanion\n|-damage|p2a: Volcanion|0 fnt\n|faint|p2a: Volcanion\n|\n|upkeep\n|\n|t:|1700500232\n|switch|p2a: Ribombee|Ribombee, F|100\/100\n|-activate|p2a: Ribombee|move: Sticky Web\n|-unboost|p2a: Ribombee|spe|1\n|-damage|p2a: Ribombee|84\/100|[from] Spikes\n|turn|12\n|\n|t:|1700500236\n|move|p1a: yeetus ghoul|Shadow Ball|p2a: Ribombee\n|-crit|p2a: Ribombee\n|-damage|p2a: Ribombee|0 fnt\n|faint|p2a: Ribombee\n|\n|upkeep\n|c|\u2606imnotgrate|ok\n|\n|t:|1700500244\n|switch|p2a: Dragapult|Dragapult, F|100\/100\n|-activate|p2a: Dragapult|move: Sticky Web\n|-fail|p2a: Dragapult|unboost|[from] ability: Clear Body|[of] p2a: Dragapult\n|-damage|p2a: Dragapult|84\/100|[from] Spikes\n|turn|13\n|\n|t:|1700500247\n|-terastallize|p2a: Dragapult|Normal\n|move|p2a: Dragapult|Dragon Dance|p2a: Dragapult\n|-boost|p2a: Dragapult|atk|1\n|-boost|p2a: Dragapult|spe|1\n|move|p1a: yeetus ghoul|Shadow Ball|p2a: Dragapult\n|-immune|p2a: Dragapult\n|\n|-heal|p2a: Dragapult|90\/100|[from] item: Leftovers\n|upkeep\n|turn|14\n|\n|t:|1700500251\n|switch|p1a: not a ghoul|Great Tusk|100\/100\n|-activate|p1a: not a ghoul|move: Sticky Web\n|-unboost|p1a: not a ghoul|spe|1\n|move|p2a: Dragapult|Dragon Dance|p2a: Dragapult\n|-boost|p2a: Dragapult|atk|1\n|-boost|p2a: Dragapult|spe|1\n|\n|-heal|p2a: Dragapult|96\/100|[from] item: Leftovers\n|upkeep\n|turn|15\n|\n|t:|1700500256\n|move|p2a: Dragapult|Phantom Force||[still]\n|-prepare|p2a: Dragapult|Phantom Force\n|move|p1a: not a ghoul|Knock Off|p2a: Dragapult|[miss]\n|-miss|p1a: not a ghoul|p2a: Dragapult\n|\n|-heal|p2a: Dragapult|100\/100|[from] item: Leftovers\n|upkeep\n|turn|16\n|\n|t:|1700500261\n|move|p2a: Dragapult|Phantom Force|p1a: not a ghoul|[from]lockedmove\n|-damage|p1a: not a ghoul|59\/100\n|move|p1a: not a ghoul|Knock Off|p2a: Dragapult\n|-crit|p2a: Dragapult\n|-damage|p2a: Dragapult|42\/100\n|-enditem|p2a: Dragapult|Leftovers|[from] move: Knock Off|[of] p1a: not a ghoul\n|\n|-heal|p1a: not a ghoul|65\/100|[from] item: Leftovers\n|upkeep\n|turn|17\n|\n|t:|1700500270\n|move|p2a: Dragapult|Dragon Darts|p1a: not a ghoul\n|-damage|p1a: not a ghoul|42\/100\n|-anim|p2a: Dragapult|Dragon Darts|p1a: not a ghoul\n|-damage|p1a: not a ghoul|19\/100\n|move|p1a: not a ghoul|Stealth Rock|p2a: Dragapult\n|-sidestart|p2: imnotgrate|move: Stealth Rock\n|\n|-heal|p1a: not a ghoul|25\/100|[from] item: Leftovers\n|upkeep\n|turn|18\n|c|\u2606imnotgrate|crit crit crit crit crit\n|\n|t:|1700500276\n|move|p2a: Dragapult|Dragon Darts|p1a: not a ghoul\n|-damage|p1a: not a ghoul|1\/100\n|-anim|p2a: Dragapult|Dragon Darts|p1a: not a ghoul\n|-damage|p1a: not a ghoul|0 fnt\n|faint|p1a: not a ghoul\n|-end|p1a: not a ghoul|Protosynthesis|[silent]\n|\n|upkeep\n|\n|t:|1700500281\n|switch|p1a: best ghoul|Ceruledge, M|100\/100\n|-activate|p1a: best ghoul|move: Sticky Web\n|-unboost|p1a: best ghoul|spe|1\n|turn|19\n|\n|t:|1700500286\n|move|p2a: Dragapult|Sucker Punch|p1a: best ghoul\n|-supereffective|p1a: best ghoul\n|-enditem|p1a: best ghoul|Focus Sash\n|-damage|p1a: best ghoul|1\/100\n|-ability|p1a: best ghoul|Weak Armor|boost\n|-unboost|p1a: best ghoul|def|1\n|-boost|p1a: best ghoul|spe|2\n|move|p1a: best ghoul|Bitter Blade|p2a: Dragapult\n|-damage|p2a: Dragapult|0 fnt\n|-heal|p1a: best ghoul|24\/100|[from] drain|[of] p2a: Dragapult\n|faint|p2a: Dragapult\n|\n|upkeep\n|\n|t:|1700500291\n|switch|p2a: Cloyster|Cloyster, M|100\/100\n|-activate|p2a: Cloyster|move: Sticky Web\n|-unboost|p2a: Cloyster|spe|1\n|-damage|p2a: Cloyster|84\/100|[from] Spikes\n|-damage|p2a: Cloyster|59\/100|[from] Stealth Rock\n|turn|20\n|\n|t:|1700500297\n|move|p1a: best ghoul|Bitter Blade|p2a: Cloyster\n|-crit|p2a: Cloyster\n|-damage|p2a: Cloyster|0 fnt\n|-heal|p1a: best ghoul|48\/100|[from] drain|[of] p2a: Cloyster\n|faint|p2a: Cloyster\n|\n|upkeep\n|\n|t:|1700500299\n|switch|p2a: Ceruledge|Ceruledge, M|100\/100\n|-activate|p2a: Ceruledge|move: Sticky Web\n|-unboost|p2a: Ceruledge|spe|1\n|-damage|p2a: Ceruledge|84\/100|[from] Spikes\n|-damage|p2a: Ceruledge|59\/100|[from] Stealth Rock\n|turn|21\n|c|\u2606imnotgrate|crit crit crit crit\n|\n|t:|1700500310\n|move|p1a: best ghoul|Shadow Sneak|p2a: Ceruledge\n|-supereffective|p2a: Ceruledge\n|-damage|p2a: Ceruledge|4\/100\n|-ability|p2a: Ceruledge|Weak Armor|boost\n|-unboost|p2a: Ceruledge|def|1\n|-boost|p2a: Ceruledge|spe|2\n|move|p2a: Ceruledge|Shadow Sneak|p1a: best ghoul\n|-supereffective|p1a: best ghoul\n|-damage|p1a: best ghoul|0 fnt\n|faint|p1a: best ghoul\n|\n|upkeep\n|\n|t:|1700500315\n|switch|p1a: ghoul vessel|Ting-Lu|100\/100\n|-activate|p1a: ghoul vessel|move: Sticky Web\n|-unboost|p1a: ghoul vessel|spe|1\n|-ability|p1a: ghoul vessel|Vessel of Ruin\n|turn|22\n|\n|t:|1700500318\n|move|p2a: Ceruledge|Bitter Blade|p1a: ghoul vessel\n|-damage|p1a: ghoul vessel|74\/100\n|-heal|p2a: Ceruledge|27\/100|[from] drain|[of] p1a: ghoul vessel\n|move|p1a: ghoul vessel|Earthquake|p2a: Ceruledge\n|-supereffective|p2a: Ceruledge\n|-crit|p2a: Ceruledge\n|-damage|p2a: Ceruledge|0 fnt\n|faint|p2a: Ceruledge\n|\n|win|SnoozSeal\n|raw|SnoozSeal's rating: 1253 &rarr; <strong>1276<\/strong><br \/>(+23 for winning)\n|raw|imnotgrate's rating: 1230 &rarr; <strong>1207<\/strong><br \/>(-23 for losing)\n|l|\u2606imnotgrate\n","uploadtime":1700500329,"views":6,"p1id":"snoozseal","p2id":"imnotgrate","formatid":"gen9ou","rating":1207,"private":0,"password":""}