{"id":"gen9ou-1988495197","p1":"JuanTz","p2":"athebeing","format":"[Gen 9] OU","log":"|j|\u2606JuanTz\n|j|\u2606athebeing\n|inactive|Battle timer is ON: inactive players will automatically lose when time's up.\n|t:|1699729056\n|gametype|singles\n|player|p1|JuanTz|alec-anime|\n|player|p2|athebeing|grimsley|\n|teamsize|p1|3\n|teamsize|p2|3\n|gen|9\n|tier|[Gen 9] OU\n|rated|Tournament battle\n|rule|Sleep Clause Mod: Limit one foe put to sleep\n|rule|Species Clause: Limit one of each Pok\u00e9mon\n|rule|OHKO Clause: OHKO moves are banned\n|rule|Evasion Items Clause: Evasion items are banned\n|rule|Evasion Moves Clause: Evasion moves are banned\n|rule|Endless Battle Clause: Forcing endless battles is banned\n|rule|HP Percentage Mod: HP is shown in percentages\n|clearpoke\n|poke|p1|Wyrdeer, M|\n|poke|p1|Armarouge, M|\n|poke|p1|Sinistcha|\n|poke|p2|Quagsire, M|\n|poke|p2|Meowscarada, M|\n|poke|p2|Quaquaval, F|\n|teampreview\n|j|*Lady Monita \u263d\n|inactive|JuanTz also wants the timer to be on.\n|\n|t:|1699729063\n|start\n|switch|p1a: Wyrdeer|Wyrdeer, M|100\/100\n|switch|p2a: Quaquaval|Quaquaval, F|100\/100\n|-ability|p1a: Wyrdeer|Intimidate|boost\n|-unboost|p2a: Quaquaval|atk|1\n|turn|1\n|\n|t:|1699729070\n|-terastallize|p2a: Quaquaval|Water\n|move|p2a: Quaquaval|Aqua Step|p1a: Wyrdeer\n|-damage|p1a: Wyrdeer|59\/100\n|-boost|p2a: Quaquaval|spe|1\n|move|p1a: Wyrdeer|Psyshield Bash|p2a: Quaquaval\n|-damage|p2a: Quaquaval|54\/100\n|-boost|p1a: Wyrdeer|def|1\n|\n|-heal|p1a: Wyrdeer|65\/100|[from] item: Leftovers\n|upkeep\n|turn|2\n|\n|t:|1699729079\n|move|p2a: Quaquaval|Knock Off|p1a: Wyrdeer\n|-supereffective|p1a: Wyrdeer\n|-damage|p1a: Wyrdeer|34\/100\n|-enditem|p1a: Wyrdeer|Leftovers|[from] move: Knock Off|[of] p2a: Quaquaval\n|move|p1a: Wyrdeer|Wild Charge|p2a: Quaquaval\n|-supereffective|p2a: Quaquaval\n|-damage|p2a: Quaquaval|0 fnt\n|faint|p2a: Quaquaval\n|-damage|p1a: Wyrdeer|24\/100|[from] Recoil\n|\n|upkeep\n|\n|t:|1699729088\n|switch|p2a: Meowscarada|Meowscarada, M|100\/100\n|turn|3\n|\n|t:|1699729094\n|move|p2a: Meowscarada|Flower Trick|p1a: Wyrdeer\n|-crit|p1a: Wyrdeer\n|-damage|p1a: Wyrdeer|0 fnt\n|faint|p1a: Wyrdeer\n|\n|upkeep\n|\n|t:|1699729096\n|switch|p1a: Armarouge|Armarouge, M|100\/100\n|turn|4\n|\n|t:|1699729106\n|move|p1a: Armarouge|Armor Cannon|p2a: Meowscarada\n|-supereffective|p2a: Meowscarada\n|-enditem|p2a: Meowscarada|Focus Sash\n|-damage|p2a: Meowscarada|1\/100\n|-unboost|p1a: Armarouge|def|1\n|-unboost|p1a: Armarouge|spd|1\n|move|p2a: Meowscarada|Knock Off|p1a: Armarouge\n|-supereffective|p1a: Armarouge\n|-damage|p1a: Armarouge|0 fnt\n|-enditem|p1a: Armarouge|Choice Scarf|[from] move: Knock Off|[of] p2a: Meowscarada\n|faint|p1a: Armarouge\n|\n|upkeep\n|\n|t:|1699729110\n|switch|p1a: Sinistcha|Sinistcha|100\/100\n|turn|5\n|\n|t:|1699729116\n|-terastallize|p1a: Sinistcha|Poison\n|move|p2a: Meowscarada|Knock Off|p1a: Sinistcha\n|-crit|p1a: Sinistcha\n|-damage|p1a: Sinistcha|49\/100\n|-enditem|p1a: Sinistcha|Leftovers|[from] move: Knock Off|[of] p2a: Meowscarada\n|move|p1a: Sinistcha|Shadow Ball|p2a: Meowscarada\n|-resisted|p2a: Meowscarada\n|-damage|p2a: Meowscarada|0 fnt\n|faint|p2a: Meowscarada\n|\n|upkeep\n|\n|t:|1699729120\n|switch|p2a: Quagsire|Quagsire, M|100\/100\n|turn|6\n|\n|t:|1699729128\n|move|p1a: Sinistcha|Matcha Gotcha|p2a: Quagsire\n|-supereffective|p2a: Quagsire\n|-damage|p2a: Quagsire|0 fnt\n|-heal|p1a: Sinistcha|100\/100|[from] drain|[of] p2a: Quagsire\n|faint|p2a: Quagsire\n|\n|win|JuanTz\n|n|\u2606JuanTz|juantz\n|n|\u2606athebeing|athebeing\n|n|*Lady Monita \u263d|ladymonita\n","uploadtime":1699729130,"views":13,"p1id":"juantz","p2id":"athebeing","formatid":"gen9ou","rating":0,"private":0,"password":""}