{"id":"gen9ou-2000252687","p1":"looooaicici","p2":"Perry the Pear","format":"[Gen 9] OU","log":"|j|\u2606looooaicici\n|j|\u2606Perry the Pear\n|t:|1701177825\n|gametype|singles\n|player|p1|looooaicici|dragontamer|1221\n|player|p2|Perry the Pear|arezu|1256\n|teamsize|p1|6\n|teamsize|p2|6\n|gen|9\n|tier|[Gen 9] OU\n|rated|\n|rule|Sleep Clause Mod: Limit one foe put to sleep\n|rule|Species Clause: Limit one of each Pok\u00e9mon\n|rule|OHKO Clause: OHKO moves are banned\n|rule|Evasion Items Clause: Evasion items are banned\n|rule|Evasion Moves Clause: Evasion moves are banned\n|rule|Endless Battle Clause: Forcing endless battles is banned\n|rule|HP Percentage Mod: HP is shown in percentages\n|clearpoke\n|poke|p1|Iron Jugulis|\n|poke|p1|Ogerpon-Wellspring, F|\n|poke|p1|Tinkaton, F|\n|poke|p1|Iron Moth|\n|poke|p1|Great Tusk|\n|poke|p1|Dragapult, M|\n|poke|p2|Iron Valiant|\n|poke|p2|Gholdengo|\n|poke|p2|Zoroark-Hisui, F|\n|poke|p2|Zapdos|\n|poke|p2|Samurott-Hisui, F|\n|poke|p2|Goodra, M|\n|teampreview\n|\n|t:|1701177848\n|start\n|switch|p1a: Ogerpon|Ogerpon-Wellspring, F|100\/100\n|switch|p2a: Samurotten|Samurott-Hisui, F|100\/100\n|turn|1\n|\n|t:|1701177858\n|move|p2a: Samurotten|U-turn|p1a: Ogerpon\n|-supereffective|p1a: Ogerpon\n|-damage|p1a: Ogerpon|65\/100\n|\n|t:|1701177863\n|switch|p2a: Pumpkin|Goodra, M, shiny|100\/100|[from] U-turn\n|move|p1a: Ogerpon|Horn Leech|p2a: Pumpkin\n|-resisted|p2a: Pumpkin\n|-damage|p2a: Pumpkin|81\/100\n|-heal|p1a: Ogerpon|77\/100|[from] drain|[of] p2a: Pumpkin\n|-ability|p2a: Pumpkin|Gooey\n|-unboost|p1a: Ogerpon|spe|1\n|\n|-heal|p2a: Pumpkin|88\/100|[from] item: Leftovers\n|upkeep\n|turn|2\n|\n|t:|1701177878\n|move|p1a: Ogerpon|Spikes|p2a: Pumpkin\n|-sidestart|p2: Perry the Pear|Spikes\n|move|p2a: Pumpkin|Toxic|p1a: Ogerpon\n|-status|p1a: Ogerpon|tox\n|\n|-heal|p2a: Pumpkin|94\/100|[from] item: Leftovers\n|-damage|p1a: Ogerpon|71\/100 tox|[from] psn\n|upkeep\n|turn|3\n|\n|t:|1701177927\n|switch|p2a: Zapdevious|Zapdos|100\/100\n|move|p1a: Ogerpon|Horn Leech|p2a: Zapdevious\n|-resisted|p2a: Zapdevious\n|-damage|p2a: Zapdevious|80\/100\n|-heal|p1a: Ogerpon|84\/100 tox|[from] drain|[of] p2a: Zapdevious\n|\n|-damage|p1a: Ogerpon|72\/100 tox|[from] psn\n|upkeep\n|turn|4\n|\n|t:|1701177935\n|move|p2a: Zapdevious|Hurricane|p1a: Ogerpon|[miss]\n|-miss|p2a: Zapdevious|p1a: Ogerpon\n|move|p1a: Ogerpon|Ivy Cudgel|p2a: Zapdevious|[anim] Ivy Cudgel Water\n|-damage|p2a: Zapdevious|28\/100\n|\n|-damage|p1a: Ogerpon|54\/100 tox|[from] psn\n|upkeep\n|turn|5\n|\n|t:|1701177940\n|move|p2a: Zapdevious|Hurricane|p1a: Ogerpon\n|-supereffective|p1a: Ogerpon\n|-damage|p1a: Ogerpon|0 fnt\n|faint|p1a: Ogerpon\n|\n|upkeep\n|\n|t:|1701177945\n|switch|p1a: Iron Moth|Iron Moth|100\/100\n|-enditem|p1a: Iron Moth|Booster Energy\n|-activate|p1a: Iron Moth|ability: Quark Drive|[fromitem]\n|-start|p1a: Iron Moth|quarkdrivespe\n|turn|6\n|\n|t:|1701177954\n|switch|p2a: Pumpkin|Goodra, M, shiny|94\/100\n|-damage|p2a: Pumpkin|81\/100|[from] Spikes\n|move|p1a: Iron Moth|Fiery Dance|p2a: Pumpkin\n|-resisted|p2a: Pumpkin\n|-damage|p2a: Pumpkin|69\/100\n|\n|-heal|p2a: Pumpkin|75\/100|[from] item: Leftovers\n|upkeep\n|turn|7\n|\n|t:|1701177963\n|move|p1a: Iron Moth|Sludge Wave|p2a: Pumpkin\n|-damage|p2a: Pumpkin|46\/100\n|move|p2a: Pumpkin|Earthquake|p1a: Iron Moth\n|-supereffective|p1a: Iron Moth\n|-damage|p1a: Iron Moth|0 fnt\n|faint|p1a: Iron Moth\n|-end|p1a: Iron Moth|Quark Drive|[silent]\n|\n|-heal|p2a: Pumpkin|52\/100|[from] item: Leftovers\n|upkeep\n|\n|t:|1701177991\n|switch|p1a: Great Tusk|Great Tusk|100\/100\n|-enditem|p1a: Great Tusk|Booster Energy\n|-activate|p1a: Great Tusk|ability: Protosynthesis|[fromitem]\n|-start|p1a: Great Tusk|protosynthesisspe\n|turn|8\n|\n|t:|1701177997\n|move|p1a: Great Tusk|Ice Spinner|p2a: Pumpkin\n|-supereffective|p2a: Pumpkin\n|-damage|p2a: Pumpkin|13\/100\n|-ability|p2a: Pumpkin|Gooey\n|-unboost|p1a: Great Tusk|spe|1\n|move|p2a: Pumpkin|Scald|p1a: Great Tusk\n|-supereffective|p1a: Great Tusk\n|-damage|p1a: Great Tusk|46\/100\n|-status|p1a: Great Tusk|brn\n|\n|-heal|p2a: Pumpkin|19\/100|[from] item: Leftovers\n|-damage|p1a: Great Tusk|40\/100 brn|[from] brn\n|upkeep\n|turn|9\n|\n|t:|1701178016\n|move|p1a: Great Tusk|Ice Spinner|p2a: Pumpkin\n|-supereffective|p2a: Pumpkin\n|-damage|p2a: Pumpkin|1\/100\n|-ability|p2a: Pumpkin|Gooey\n|-unboost|p1a: Great Tusk|spe|1\n|move|p2a: Pumpkin|Scald|p1a: Great Tusk\n|-supereffective|p1a: Great Tusk\n|-damage|p1a: Great Tusk|0 fnt\n|faint|p1a: Great Tusk\n|-end|p1a: Great Tusk|Protosynthesis|[silent]\n|\n|-heal|p2a: Pumpkin|8\/100|[from] item: Leftovers\n|upkeep\n|\n|t:|1701178029\n|switch|p1a: Dragapult|Dragapult, M|100\/100\n|turn|10\n|\n|t:|1701178032\n|move|p1a: Dragapult|Shadow Ball|p2a: Pumpkin\n|-damage|p2a: Pumpkin|0 fnt\n|faint|p2a: Pumpkin\n|\n|upkeep\n|\n|t:|1701178041\n|switch|p2a: Samurotten|Samurott-Hisui, F|100\/100\n|-damage|p2a: Samurotten|88\/100|[from] Spikes\n|turn|11\n|\n|t:|1701178052\n|move|p2a: Samurotten|U-turn|p1a: Dragapult\n|-resisted|p1a: Dragapult\n|-damage|p1a: Dragapult|91\/100\n|\n|t:|1701178058\n|switch|p2a: Zapdevious|Zapdos|28\/100|[from] U-turn\n|move|p1a: Dragapult|Shadow Ball|p2a: Zapdevious\n|-damage|p2a: Zapdevious|0 fnt\n|faint|p2a: Zapdevious\n|\n|upkeep\n|\n|t:|1701178074\n|switch|p2a: Iron Villain|Iron Valiant, shiny|100\/100\n|-damage|p2a: Iron Villain|88\/100|[from] Spikes\n|-enditem|p2a: Iron Villain|Booster Energy\n|-activate|p2a: Iron Villain|ability: Quark Drive|[fromitem]\n|-start|p2a: Iron Villain|quarkdrivespe\n|turn|12\n|\n|t:|1701178081\n|-terastallize|p2a: Iron Villain|Fairy\n|-terastallize|p1a: Dragapult|Ghost\n|move|p2a: Iron Villain|Moonblast|p1a: Dragapult\n|-damage|p1a: Dragapult|17\/100\n|move|p1a: Dragapult|Shadow Ball|p2a: Iron Villain\n|-damage|p2a: Iron Villain|0 fnt\n|faint|p2a: Iron Villain\n|-end|p2a: Iron Villain|Quark Drive|[silent]\n|\n|upkeep\n|\n|t:|1701178090\n|switch|p2a: Samurotten|Samurott-Hisui, F|100\/100\n|-damage|p2a: Samurotten|88\/100|[from] Spikes\n|turn|13\n|\n|t:|1701178099\n|switch|p1a: TWINKATON|Tinkaton, F|100\/100\n|-item|p1a: TWINKATON|Air Balloon\n|move|p2a: Samurotten|Aqua Jet|p1a: TWINKATON\n|-damage|p1a: TWINKATON|71\/100\n|-enditem|p1a: TWINKATON|Air Balloon\n|-enditem|p2a: Samurotten|Choice Band|[silent]|[from] ability: Pickpocket|[of] p2a: Samurotten\n|-item|p1a: TWINKATON|Choice Band|[from] ability: Pickpocket|[of] p2a: Samurotten\n|\n|upkeep\n|turn|14\n|\n|t:|1701178106\n|switch|p2a: Gholdemon|Gholdengo|100\/100\n|-damage|p2a: Gholdemon|88\/100|[from] Spikes\n|move|p1a: TWINKATON|Play Rough|p2a: Gholdemon\n|-resisted|p2a: Gholdemon\n|-damage|p2a: Gholdemon|70\/100\n|\n|upkeep\n|turn|15\n|\n|t:|1701178122\n|switch|p1a: Iron Jugulis|Iron Jugulis|100\/100\n|-enditem|p1a: Iron Jugulis|Booster Energy\n|-activate|p1a: Iron Jugulis|ability: Quark Drive|[fromitem]\n|-start|p1a: Iron Jugulis|quarkdrivespe\n|move|p2a: Gholdemon|Thunderbolt|p1a: Iron Jugulis\n|-supereffective|p1a: Iron Jugulis\n|-damage|p1a: Iron Jugulis|17\/100\n|\n|upkeep\n|turn|16\n|\n|t:|1701178131\n|move|p1a: Iron Jugulis|Knock Off|p2a: Gholdemon\n|-supereffective|p2a: Gholdemon\n|-damage|p2a: Gholdemon|9\/100\n|-enditem|p2a: Gholdemon|Assault Vest|[from] move: Knock Off|[of] p1a: Iron Jugulis\n|move|p2a: Gholdemon|Power Gem|p1a: Iron Jugulis\n|-supereffective|p1a: Iron Jugulis\n|-damage|p1a: Iron Jugulis|0 fnt\n|faint|p1a: Iron Jugulis\n|-end|p1a: Iron Jugulis|Quark Drive|[silent]\n|\n|upkeep\n|\n|t:|1701178137\n|switch|p1a: Dragapult|Dragapult, M, tera:Ghost|17\/100\n|turn|17\n|\n|t:|1701178145\n|move|p1a: Dragapult|Thunderbolt|p2a: Gholdemon\n|-damage|p2a: Gholdemon|0 fnt\n|faint|p2a: Gholdemon\n|\n|upkeep\n|\n|t:|1701178150\n|switch|p2a: Samurotten|Samurott-Hisui, F|88\/100\n|-damage|p2a: Samurotten|76\/100|[from] Spikes\n|turn|18\n|\n|t:|1701178163\n|move|p2a: Samurotten|Flamethrower|p1a: Dragapult\n|-damage|p1a: Dragapult|0 fnt\n|faint|p1a: Dragapult\n|\n|upkeep\n|\n|t:|1701178165\n|switch|p1a: TWINKATON|Tinkaton, F|71\/100\n|turn|19\n|\n|t:|1701178168\n|move|p2a: Samurotten|Flamethrower|p1a: TWINKATON\n|-supereffective|p1a: TWINKATON\n|-damage|p1a: TWINKATON|17\/100\n|move|p1a: TWINKATON|Play Rough|p2a: Samurotten\n|-damage|p2a: Samurotten|0 fnt\n|replace|p2a: Wispy|Zoroark-Hisui, F, shiny\n|-end|p2a: Wispy|Illusion\n|faint|p2a: Wispy\n|\n|upkeep\n|\n|t:|1701178173\n|switch|p2a: Samurotten|Samurott-Hisui, F|88\/100\n|-damage|p2a: Samurotten|76\/100|[from] Spikes\n|turn|20\n|\n|t:|1701178180\n|move|p1a: TWINKATON|Play Rough|p2a: Samurotten\n|-supereffective|p2a: Samurotten\n|-damage|p2a: Samurotten|0 fnt\n|faint|p2a: Samurotten\n|\n|win|looooaicici\n|raw|looooaicici's rating: 1234 &rarr; <strong>1261<\/strong><br \/>(+27 for winning)\n|raw|Perry the Pear's rating: 1256 &rarr; <strong>1229<\/strong><br \/>(-27 for losing)\n","uploadtime":1701178183,"views":2,"p1id":"looooaicici","p2id":"perrythepear","formatid":"gen9ou","rating":1229,"private":0,"password":""}