{"id":"gen9ou-1994864213","p1":"Wonkie374","p2":"hnikp","format":"[Gen 9] OU","log":"|j|\u203dWonkie374\n|j|\u2606hnikp\n|t:|1700499765\n|gametype|singles\n|player|p1|Wonkie374|101|1035\n|player|p2|hnikp|170|1045\n|teamsize|p1|6\n|teamsize|p2|6\n|gen|9\n|tier|[Gen 9] OU\n|rated|\n|rule|Sleep Clause Mod: Limit one foe put to sleep\n|rule|Species Clause: Limit one of each Pok\u00e9mon\n|rule|OHKO Clause: OHKO moves are banned\n|rule|Evasion Items Clause: Evasion items are banned\n|rule|Evasion Moves Clause: Evasion moves are banned\n|rule|Endless Battle Clause: Forcing endless battles is banned\n|rule|HP Percentage Mod: HP is shown in percentages\n|clearpoke\n|poke|p1|Barraskewda, M|\n|poke|p1|Breloom, F|\n|poke|p1|Ambipom, M|\n|poke|p1|Heracross, M|\n|poke|p1|Gengar, F|\n|poke|p1|Dragapult, F|\n|poke|p2|Talonflame, M|\n|poke|p2|Alomomola, F|\n|poke|p2|Clodsire, F|\n|poke|p2|Dondozo, F|\n|poke|p2|Toxapex, F|\n|poke|p2|Blissey, F|\n|teampreview\n|inactive|Battle timer is ON: inactive players will automatically lose when time's up. (requested by hnikp)\n|\n|t:|1700499777\n|start\n|switch|p1a: Ambipom|Ambipom, M|100\/100\n|switch|p2a: Toxapex|Toxapex, F|100\/100\n|turn|1\n|\n|t:|1700499784\n|move|p1a: Ambipom|Fake Out|p2a: Toxapex\n|-enditem|p1a: Ambipom|Normal Gem|[from] gem\n|-damage|p2a: Toxapex|79\/100\n|cant|p2a: Toxapex|flinch\n|\n|upkeep\n|turn|2\n|\n|t:|1700499795\n|move|p1a: Ambipom|Covet|p2a: Toxapex\n|-damage|p2a: Toxapex|53\/100\n|-item|p1a: Ambipom|Heavy-Duty Boots|[from] move: Covet|[of] p2a: Toxapex\n|move|p2a: Toxapex|Toxic|p1a: Ambipom\n|-status|p1a: Ambipom|tox\n|\n|-damage|p1a: Ambipom|94\/100 tox|[from] psn\n|upkeep\n|turn|3\n|inactive|hnikp has 120 seconds left.\n|\n|t:|1700499834\n|move|p1a: Ambipom|U-turn|p2a: Toxapex\n|-resisted|p2a: Toxapex\n|-damage|p2a: Toxapex|47\/100\n|\n|t:|1700499841\n|switch|p1a: Gengar|Gengar, F|100\/100|[from] U-turn\n|move|p2a: Toxapex|Recover|p2a: Toxapex\n|-heal|p2a: Toxapex|97\/100\n|\n|upkeep\n|turn|4\n|\n|t:|1700499850\n|switch|p2a: Blissey|Blissey, F, shiny|100\/100\n|move|p1a: Gengar|Shadow Ball|p2a: Blissey\n|-immune|p2a: Blissey\n|\n|upkeep\n|turn|5\n|\n|t:|1700499854\n|move|p1a: Gengar|Focus Blast|p2a: Blissey|[miss]\n|-miss|p1a: Gengar|p2a: Blissey\n|move|p2a: Blissey|Stealth Rock|p1a: Gengar\n|-sidestart|p1: Wonkie374|move: Stealth Rock\n|\n|upkeep\n|turn|6\n|\n|t:|1700499857\n|move|p1a: Gengar|Focus Blast|p2a: Blissey|[miss]\n|-miss|p1a: Gengar|p2a: Blissey\n|move|p2a: Blissey|Shadow Ball|p1a: Gengar\n|-supereffective|p1a: Gengar\n|-damage|p1a: Gengar|55\/100\n|\n|-heal|p1a: Gengar|62\/100|[from] item: Black Sludge\n|upkeep\n|turn|7\n|\n|t:|1700499860\n|move|p1a: Gengar|Focus Blast|p2a: Blissey\n|-supereffective|p2a: Blissey\n|-damage|p2a: Blissey|78\/100\n|move|p2a: Blissey|Shadow Ball|p1a: Gengar\n|-supereffective|p1a: Gengar\n|-damage|p1a: Gengar|14\/100\n|\n|-heal|p1a: Gengar|20\/100|[from] item: Black Sludge\n|upkeep\n|turn|8\n|\n|t:|1700499868\n|move|p1a: Gengar|Sludge Bomb|p2a: Blissey\n|-damage|p2a: Blissey|65\/100\n|move|p2a: Blissey|Seismic Toss|p1a: Gengar\n|-immune|p1a: Gengar\n|\n|-heal|p1a: Gengar|26\/100|[from] item: Black Sludge\n|upkeep\n|turn|9\n|\n|t:|1700499873\n|move|p1a: Gengar|Sludge Bomb|p2a: Blissey\n|-damage|p2a: Blissey|52\/100\n|-status|p2a: Blissey|psn\n|move|p2a: Blissey|Shadow Ball|p1a: Gengar\n|-supereffective|p1a: Gengar\n|-damage|p1a: Gengar|0 fnt\n|faint|p1a: Gengar\n|\n|-damage|p2a: Blissey|39\/100 psn|[from] psn\n|upkeep\n|\n|t:|1700499881\n|switch|p1a: Breloom|Breloom, F|100\/100\n|-damage|p1a: Breloom|94\/100|[from] Stealth Rock\n|turn|10\n|\n|t:|1700499884\n|-curestatus|p2a: Blissey|psn|[from] ability: Natural Cure\n|switch|p2a: Talonflame|Talonflame, M|100\/100\n|move|p1a: Breloom|Bullet Seed|p2a: Talonflame\n|-resisted|p2a: Talonflame\n|-damage|p2a: Talonflame|95\/100\n|-resisted|p2a: Talonflame\n|-damage|p2a: Talonflame|90\/100\n|-resisted|p2a: Talonflame\n|-damage|p2a: Talonflame|85\/100\n|-resisted|p2a: Talonflame\n|-damage|p2a: Talonflame|80\/100\n|-resisted|p2a: Talonflame\n|-damage|p2a: Talonflame|76\/100\n|-hitcount|p2a: Talonflame|5\n|\n|upkeep\n|turn|11\n|\n|t:|1700499899\n|switch|p1a: Barraskewda|Barraskewda, M|100\/100\n|-damage|p1a: Barraskewda|88\/100|[from] Stealth Rock\n|move|p2a: Talonflame|Flamethrower|p1a: Barraskewda\n|-resisted|p1a: Barraskewda\n|-damage|p1a: Barraskewda|60\/100\n|\n|upkeep\n|turn|12\n|\n|t:|1700499905\n|switch|p2a: Toxapex|Toxapex, F|100\/100\n|move|p1a: Barraskewda|Liquidation|p2a: Toxapex\n|-resisted|p2a: Toxapex\n|-damage|p2a: Toxapex|87\/100\n|-unboost|p2a: Toxapex|def|1\n|\n|upkeep\n|turn|13\n|\n|t:|1700499913\n|switch|p2a: Alomomola|Alomomola, F|100\/100\n|move|p1a: Barraskewda|Close Combat|p2a: Alomomola\n|-damage|p2a: Alomomola|76\/100\n|-unboost|p1a: Barraskewda|def|1\n|-unboost|p1a: Barraskewda|spd|1\n|\n|upkeep\n|turn|14\n|\n|t:|1700499920\n|move|p1a: Barraskewda|Poison Jab|p2a: Alomomola\n|-damage|p2a: Alomomola|59\/100\n|-status|p2a: Alomomola|psn\n|move|p2a: Alomomola|Flip Turn|p1a: Barraskewda\n|-resisted|p1a: Barraskewda\n|-damage|p1a: Barraskewda|36\/100\n|\n|t:|1700499924\n|switch|p2a: Toxapex|Toxapex, F|100\/100|[from] Flip Turn\n|\n|upkeep\n|turn|15\n|\n|t:|1700499929\n|move|p1a: Barraskewda|Psychic Fangs|p2a: Toxapex\n|-supereffective|p2a: Toxapex\n|-damage|p2a: Toxapex|62\/100\n|move|p2a: Toxapex|Infestation|p1a: Barraskewda\n|-damage|p1a: Barraskewda|26\/100\n|-activate|p1a: Barraskewda|move: Infestation|[of] p2a: Toxapex\n|\n|-damage|p1a: Barraskewda|13\/100|[from] move: Infestation|[partiallytrapped]\n|upkeep\n|turn|16\n|\n|t:|1700499935\n|move|p1a: Barraskewda|Psychic Fangs|p2a: Toxapex\n|-supereffective|p2a: Toxapex\n|-damage|p2a: Toxapex|24\/100\n|move|p2a: Toxapex|Recover|p2a: Toxapex\n|-heal|p2a: Toxapex|74\/100\n|\n|-damage|p1a: Barraskewda|1\/100|[from] move: Infestation|[partiallytrapped]\n|upkeep\n|turn|17\n|\n|t:|1700499941\n|switch|p2a: Alomomola|Alomomola, F|92\/100 psn\n|move|p1a: Barraskewda|Psychic Fangs|p2a: Alomomola\n|-damage|p2a: Alomomola|75\/100 psn\n|\n|-damage|p2a: Alomomola|63\/100 psn|[from] psn\n|-end|p1a: Barraskewda|Infestation|[partiallytrapped]|[silent]\n|upkeep\n|turn|18\n|\n|t:|1700499952\n|move|p1a: Barraskewda|Poison Jab|p2a: Alomomola\n|-damage|p2a: Alomomola|48\/100 psn\n|move|p2a: Alomomola|Flip Turn|p1a: Barraskewda\n|-resisted|p1a: Barraskewda\n|-damage|p1a: Barraskewda|0 fnt\n|faint|p1a: Barraskewda\n|\n|t:|1700499954\n|switch|p2a: Toxapex|Toxapex, F|100\/100|[from] Flip Turn\n|\n|upkeep\n|\n|t:|1700499970\n|switch|p1a: Breloom|Breloom, F|94\/100\n|-damage|p1a: Breloom|88\/100|[from] Stealth Rock\n|turn|19\n|\n|t:|1700499977\n|switch|p2a: Talonflame|Talonflame, M|76\/100\n|move|p1a: Breloom|Spore|p2a: Talonflame\n|-status|p2a: Talonflame|slp|[from] move: Spore\n|\n|upkeep\n|turn|20\n|\n|t:|1700499988\n|switch|p2a: Dondozo|Dondozo, F|100\/100\n|move|p1a: Breloom|Bullet Seed|p2a: Dondozo\n|-supereffective|p2a: Dondozo\n|-damage|p2a: Dondozo|84\/100\n|-supereffective|p2a: Dondozo\n|-damage|p2a: Dondozo|67\/100\n|-supereffective|p2a: Dondozo\n|-damage|p2a: Dondozo|48\/100\n|-supereffective|p2a: Dondozo\n|-damage|p2a: Dondozo|31\/100\n|-hitcount|p2a: Dondozo|4\n|\n|upkeep\n|turn|21\n|\n|t:|1700500000\n|switch|p2a: Toxapex|Toxapex, F|100\/100\n|move|p1a: Breloom|Spore|p2a: Toxapex\n|-message|Sleep Clause Mod activated.\n|-hint|Sleep Clause Mod prevents players from putting more than one of their opponent's Pok\u00e9mon to sleep at a time\n|\n|upkeep\n|turn|22\n|\n|t:|1700500007\n|move|p1a: Breloom|Bullet Seed|p2a: Toxapex\n|-damage|p2a: Toxapex|89\/100\n|-damage|p2a: Toxapex|76\/100\n|-damage|p2a: Toxapex|65\/100\n|-damage|p2a: Toxapex|52\/100\n|-hitcount|p2a: Toxapex|4\n|move|p2a: Toxapex|Toxic|p1a: Breloom\n|-status|p1a: Breloom|tox\n|\n|-damage|p1a: Breloom|82\/100 tox|[from] psn\n|upkeep\n|turn|23\n|\n|t:|1700500016\n|switch|p2a: Talonflame|Talonflame, M|76\/100 slp\n|move|p1a: Breloom|Bullet Seed|p2a: Talonflame\n|-resisted|p2a: Talonflame\n|-damage|p2a: Talonflame|71\/100 slp\n|-resisted|p2a: Talonflame\n|-damage|p2a: Talonflame|67\/100 slp\n|-resisted|p2a: Talonflame\n|-damage|p2a: Talonflame|62\/100 slp\n|-resisted|p2a: Talonflame\n|-damage|p2a: Talonflame|57\/100 slp\n|-resisted|p2a: Talonflame\n|-damage|p2a: Talonflame|53\/100 slp\n|-hitcount|p2a: Talonflame|5\n|\n|-damage|p1a: Breloom|70\/100 tox|[from] psn\n|upkeep\n|turn|24\n|\n|t:|1700500027\n|switch|p2a: Toxapex|Toxapex, F|86\/100\n|move|p1a: Breloom|Poison Jab|p2a: Toxapex\n|-resisted|p2a: Toxapex\n|-damage|p2a: Toxapex|78\/100\n|\n|-damage|p1a: Breloom|52\/100 tox|[from] psn\n|upkeep\n|turn|25\n|\n|t:|1700500032\n|move|p1a: Breloom|Drain Punch|p2a: Toxapex\n|-resisted|p2a: Toxapex\n|-damage|p2a: Toxapex|65\/100\n|-heal|p1a: Breloom|59\/100 tox|[from] drain|[of] p2a: Toxapex\n|move|p2a: Toxapex|Recover|p2a: Toxapex\n|-heal|p2a: Toxapex|100\/100\n|\n|-damage|p1a: Breloom|34\/100 tox|[from] psn\n|upkeep\n|turn|26\n|\n|t:|1700500040\n|move|p1a: Breloom|Bullet Seed|p2a: Toxapex\n|-damage|p2a: Toxapex|88\/100\n|-damage|p2a: Toxapex|77\/100\n|-damage|p2a: Toxapex|65\/100\n|-damage|p2a: Toxapex|53\/100\n|-hitcount|p2a: Toxapex|4\n|move|p2a: Toxapex|Infestation|p1a: Breloom\n|-damage|p1a: Breloom|29\/100 tox\n|-activate|p1a: Breloom|move: Infestation|[of] p2a: Toxapex\n|\n|-damage|p1a: Breloom|0 fnt|[from] psn\n|faint|p1a: Breloom\n|upkeep\n|\n|t:|1700500047\n|switch|p1a: Ambipom|Ambipom, M|94\/100 tox\n|turn|27\n|\n|t:|1700500053\n|move|p1a: Ambipom|Fake Out|p2a: Toxapex\n|-damage|p2a: Toxapex|36\/100\n|cant|p2a: Toxapex|flinch\n|\n|-damage|p1a: Ambipom|88\/100 tox|[from] psn\n|upkeep\n|turn|28\n|\n|t:|1700500061\n|switch|p2a: Alomomola|Alomomola, F|81\/100 psn\n|move|p1a: Ambipom|Acrobatics|p2a: Alomomola\n|-damage|p2a: Alomomola|68\/100 psn\n|\n|-damage|p1a: Ambipom|76\/100 tox|[from] psn\n|-damage|p2a: Alomomola|56\/100 psn|[from] psn\n|upkeep\n|turn|29\n|\n|t:|1700500069\n|switch|p2a: Toxapex|Toxapex, F|69\/100\n|move|p1a: Ambipom|Covet|p2a: Toxapex\n|-damage|p2a: Toxapex|46\/100\n|\n|-damage|p1a: Ambipom|57\/100 tox|[from] psn\n|upkeep\n|turn|30\n|\n|t:|1700500078\n|switch|p2a: Alomomola|Alomomola, F|89\/100 psn\n|move|p1a: Ambipom|Covet|p2a: Alomomola\n|-damage|p2a: Alomomola|68\/100 psn\n|\n|-damage|p1a: Ambipom|33\/100 tox|[from] psn\n|-damage|p2a: Alomomola|55\/100 psn|[from] psn\n|upkeep\n|turn|31\n|\n|t:|1700500087\n|switch|p2a: Toxapex|Toxapex, F|79\/100\n|move|p1a: Ambipom|Acrobatics|p2a: Toxapex\n|-damage|p2a: Toxapex|66\/100\n|\n|-damage|p1a: Ambipom|2\/100 tox|[from] psn\n|upkeep\n|turn|32\n|\n|t:|1700500093\n|move|p1a: Ambipom|Covet|p2a: Toxapex\n|-crit|p2a: Toxapex\n|-damage|p2a: Toxapex|29\/100\n|move|p2a: Toxapex|Recover|p2a: Toxapex\n|-heal|p2a: Toxapex|79\/100\n|\n|-damage|p1a: Ambipom|0 fnt|[from] psn\n|faint|p1a: Ambipom\n|upkeep\n|\n|t:|1700500104\n|switch|p1a: Heracross|Heracross, M|100\/100\n|-damage|p1a: Heracross|88\/100|[from] Stealth Rock\n|turn|33\n|\n|t:|1700500107\n|-terastallize|p1a: Heracross|Fairy\n|move|p1a: Heracross|Bulk Up|p1a: Heracross\n|-boost|p1a: Heracross|atk|1\n|-boost|p1a: Heracross|def|1\n|move|p2a: Toxapex|Toxic|p1a: Heracross\n|-status|p1a: Heracross|tox\n|\n|-damage|p1a: Heracross|82\/100 tox|[from] psn\n|upkeep\n|turn|34\n|\n|t:|1700500116\n|switch|p2a: Talonflame|Talonflame, M|53\/100 slp\n|move|p1a: Heracross|Facade|p2a: Talonflame\n|-damage|p2a: Talonflame|0 fnt\n|faint|p2a: Talonflame\n|\n|-damage|p1a: Heracross|70\/100 tox|[from] psn\n|upkeep\n|\n|t:|1700500121\n|switch|p2a: Dondozo|Dondozo, F|31\/100\n|turn|35\n|\n|t:|1700500125\n|move|p1a: Heracross|Facade|p2a: Dondozo\n|-crit|p2a: Dondozo\n|-damage|p2a: Dondozo|0 fnt\n|faint|p2a: Dondozo\n|\n|-damage|p1a: Heracross|52\/100 tox|[from] psn\n|upkeep\n|\n|t:|1700500128\n|switch|p2a: Alomomola|Alomomola, F|89\/100 psn\n|turn|36\n|\n|t:|1700500134\n|move|p2a: Alomomola|Protect|p2a: Alomomola\n|-singleturn|p2a: Alomomola|Protect\n|move|p1a: Heracross|Facade|p2a: Alomomola\n|-activate|p2a: Alomomola|move: Protect\n|\n|-damage|p1a: Heracross|28\/100 tox|[from] psn\n|-damage|p2a: Alomomola|76\/100 psn|[from] psn\n|upkeep\n|turn|37\n|\n|t:|1700500141\n|move|p1a: Heracross|Facade|p2a: Alomomola\n|-damage|p2a: Alomomola|19\/100 psn\n|move|p2a: Alomomola|Wish|p2a: Alomomola\n|\n|-damage|p1a: Heracross|0 fnt|[from] psn\n|faint|p1a: Heracross\n|-damage|p2a: Alomomola|7\/100 psn|[from] psn\n|upkeep\n|\n|t:|1700500148\n|switch|p1a: Dragapult|Dragapult, F|100\/100\n|-damage|p1a: Dragapult|88\/100|[from] Stealth Rock\n|turn|38\n|\n|t:|1700500151\n|switch|p2a: Blissey|Blissey, F, shiny|39\/100\n|move|p1a: Dragapult|Dragon Darts|p2a: Blissey\n|-damage|p2a: Blissey|0 fnt\n|faint|p2a: Blissey\n|\n|upkeep\n|\n|t:|1700500155\n|switch|p2a: Toxapex|Toxapex, F|100\/100\n|turn|39\n|\n|t:|1700500157\n|move|p1a: Dragapult|Dragon Darts|p2a: Toxapex\n|-damage|p2a: Toxapex|82\/100\n|-anim|p1a: Dragapult|Dragon Darts|p2a: Toxapex\n|-damage|p2a: Toxapex|64\/100\n|move|p2a: Toxapex|Toxic|p1a: Dragapult\n|-status|p1a: Dragapult|tox\n|\n|-damage|p1a: Dragapult|82\/100 tox|[from] psn\n|upkeep\n|turn|40\n|\n|t:|1700500161\n|switch|p2a: Clodsire|Clodsire, F|100\/100\n|move|p1a: Dragapult|Dragon Darts|p2a: Clodsire\n|-damage|p2a: Clodsire|68\/100\n|-anim|p1a: Dragapult|Dragon Darts|p2a: Clodsire\n|-damage|p2a: Clodsire|37\/100\n|\n|-damage|p1a: Dragapult|70\/100 tox|[from] psn\n|upkeep\n|turn|41\n|\n|t:|1700500168\n|move|p1a: Dragapult|Dragon Darts|p2a: Clodsire\n|-damage|p2a: Clodsire|3\/100\n|-anim|p1a: Dragapult|Dragon Darts|p2a: Clodsire\n|-damage|p2a: Clodsire|0 fnt\n|faint|p2a: Clodsire\n|\n|-damage|p1a: Dragapult|52\/100 tox|[from] psn\n|upkeep\n|\n|t:|1700500170\n|switch|p2a: Alomomola|Alomomola, F|40\/100 psn\n|turn|42\n|\n|t:|1700500175\n|move|p2a: Alomomola|Protect|p2a: Alomomola\n|-singleturn|p2a: Alomomola|Protect\n|move|p1a: Dragapult|Dragon Tail|p2a: Alomomola\n|-activate|p2a: Alomomola|move: Protect\n|\n|-damage|p1a: Dragapult|28\/100 tox|[from] psn\n|-damage|p2a: Alomomola|28\/100 psn|[from] psn\n|upkeep\n|turn|43\n|\n|t:|1700500177\n|switch|p2a: Toxapex|Toxapex, F|97\/100\n|move|p1a: Dragapult|Dragon Tail|p2a: Toxapex\n|-damage|p2a: Toxapex|73\/100\n|drag|p2a: Alomomola|Alomomola, F|61\/100 psn\n|\n|-damage|p1a: Dragapult|0 fnt|[from] psn\n|faint|p1a: Dragapult\n|\n|win|hnikp\n|upkeep\n|raw|Wonkie374's rating: 1035 &rarr; <strong>1020<\/strong><br \/>(-15 for losing)\n|raw|hnikp's rating: 1045 &rarr; <strong>1077<\/strong><br \/>(+32 for winning)\n","uploadtime":1700500182,"views":5,"p1id":"wonkie374","p2id":"hnikp","formatid":"gen9ou","rating":1020,"private":0,"password":""}