{"id":"gen9ou-1989155517","p1":"Lil Uiz Vert","p2":"Flufferide","format":"[Gen 9] OU","log":"|j|\u2606Lil Uiz Vert\n|j|\u2606Flufferide\n|t:|1699818122\n|gametype|singles\n|player|p1|Lil Uiz Vert|shadowtriad|1231\n|player|p2|Flufferide|veteranf|1320\n|teamsize|p1|6\n|teamsize|p2|6\n|gen|9\n|tier|[Gen 9] OU\n|rated|\n|rule|Sleep Clause Mod: Limit one foe put to sleep\n|rule|Species Clause: Limit one of each Pok\u00e9mon\n|rule|OHKO Clause: OHKO moves are banned\n|rule|Evasion Items Clause: Evasion items are banned\n|rule|Evasion Moves Clause: Evasion moves are banned\n|rule|Endless Battle Clause: Forcing endless battles is banned\n|rule|HP Percentage Mod: HP is shown in percentages\n|clearpoke\n|poke|p1|Garganacl, F|\n|poke|p1|Great Tusk|\n|poke|p1|Infernape, M|\n|poke|p1|Iron Valiant|\n|poke|p1|Walking Wake|\n|poke|p1|Greninja-*, F|\n|poke|p2|Ninetales-Alola, F|\n|poke|p2|Ogerpon-Wellspring, F|\n|poke|p2|Kingambit, F|\n|poke|p2|Torterra, M|\n|poke|p2|Dragonite, M|\n|poke|p2|Great Tusk|\n|teampreview\n|\n|t:|1699818142\n|start\n|switch|p1a: Garganacl|Garganacl, F|100\/100\n|switch|p2a: Ninetales|Ninetales-Alola, F|100\/100\n|-weather|Snow|[from] ability: Snow Warning|[of] p2a: Ninetales\n|turn|1\n|\n|t:|1699818186\n|move|p2a: Ninetales|Aurora Veil|p2a: Ninetales\n|-sidestart|p2: Flufferide|move: Aurora Veil\n|move|p1a: Garganacl|Salt Cure|p2a: Ninetales\n|-supereffective|p2a: Ninetales\n|-damage|p2a: Ninetales|86\/100\n|-start|p2a: Ninetales|Salt Cure\n|\n|-weather|Snow|[upkeep]\n|-damage|p2a: Ninetales|73\/100|[from] Salt Cure\n|upkeep\n|turn|2\n|\n|t:|1699818200\n|switch|p2a: Great Tusk|Great Tusk|100\/100\n|move|p1a: Garganacl|Salt Cure|p2a: Great Tusk\n|-resisted|p2a: Great Tusk\n|-damage|p2a: Great Tusk|99\/100\n|-start|p2a: Great Tusk|Salt Cure\n|\n|-weather|Snow|[upkeep]\n|-damage|p2a: Great Tusk|87\/100|[from] Salt Cure\n|upkeep\n|turn|3\n|\n|t:|1699818210\n|switch|p1a: Great Tusk|Great Tusk|100\/100\n|move|p2a: Great Tusk|Close Combat|p1a: Great Tusk\n|-damage|p1a: Great Tusk|48\/100\n|-unboost|p2a: Great Tusk|def|1\n|-unboost|p2a: Great Tusk|spd|1\n|\n|-weather|Snow|[upkeep]\n|-damage|p2a: Great Tusk|75\/100|[from] Salt Cure\n|upkeep\n|turn|4\n|\n|t:|1699818230\n|move|p1a: Great Tusk|Knock Off|p2a: Great Tusk\n|-resisted|p2a: Great Tusk\n|-damage|p2a: Great Tusk|66\/100\n|-enditem|p2a: Great Tusk|Assault Vest|[from] move: Knock Off|[of] p1a: Great Tusk\n|move|p2a: Great Tusk|Close Combat|p1a: Great Tusk\n|-damage|p1a: Great Tusk|1\/100\n|-unboost|p2a: Great Tusk|def|1\n|-unboost|p2a: Great Tusk|spd|1\n|\n|-weather|Snow|[upkeep]\n|-damage|p2a: Great Tusk|54\/100|[from] Salt Cure\n|upkeep\n|turn|5\n|\n|t:|1699818241\n|move|p1a: Great Tusk|Close Combat|p2a: Great Tusk\n|-damage|p2a: Great Tusk|12\/100\n|-unboost|p1a: Great Tusk|def|1\n|-unboost|p1a: Great Tusk|spd|1\n|move|p2a: Great Tusk|Rapid Spin|p1a: Great Tusk\n|-damage|p1a: Great Tusk|0 fnt\n|-boost|p2a: Great Tusk|spe|1\n|faint|p1a: Great Tusk\n|-end|p1a: Great Tusk|Protosynthesis|[silent]\n|\n|-weather|none\n|-damage|p2a: Great Tusk|0 fnt|[from] Salt Cure\n|faint|p2a: Great Tusk\n|-end|p2a: Great Tusk|Protosynthesis|[silent]\n|upkeep\n|\n|t:|1699818261\n|switch|p1a: Greninja|Greninja, F|100\/100\n|switch|p2a: Torterra|Torterra, M|100\/100\n|turn|6\n|\n|t:|1699818269\n|-terastallize|p2a: Torterra|Rock\n|move|p1a: Greninja|Ice Beam|p2a: Torterra\n|-start|p1a: Greninja|typechange|Ice|[from] ability: Protean\n|-damage|p2a: Torterra|77\/100\n|move|p2a: Torterra|Shell Smash|p2a: Torterra\n|-unboost|p2a: Torterra|def|1\n|-unboost|p2a: Torterra|spd|1\n|-boost|p2a: Torterra|atk|2\n|-boost|p2a: Torterra|spa|2\n|-boost|p2a: Torterra|spe|2\n|\n|upkeep\n|turn|7\n|inactive|Battle timer is ON: inactive players will automatically lose when time's up. (requested by Flufferide)\n|\n|t:|1699818297\n|switch|p1a: Infernape|Infernape, M, shiny|100\/100\n|move|p2a: Torterra|Bullet Seed|p1a: Infernape\n|-resisted|p1a: Infernape\n|-damage|p1a: Infernape|81\/100\n|-resisted|p1a: Infernape\n|-damage|p1a: Infernape|60\/100\n|-resisted|p1a: Infernape\n|-damage|p1a: Infernape|40\/100\n|-resisted|p1a: Infernape\n|-damage|p1a: Infernape|20\/100\n|-hitcount|p1a: Infernape|4\n|\n|upkeep\n|turn|8\n|\n|t:|1699818313\n|move|p2a: Torterra|Rock Blast|p1a: Infernape\n|-damage|p1a: Infernape|0 fnt\n|faint|p1a: Infernape\n|-hitcount|p1: Infernape|1\n|\n|-sideend|p2: Flufferide|move: Aurora Veil\n|upkeep\n|\n|t:|1699818318\n|switch|p1a: Greninja|Greninja, F|100\/100\n|turn|9\n|\n|t:|1699818323\n|move|p1a: Greninja|Water Shuriken|p2a: Torterra\n|-start|p1a: Greninja|typechange|Water|[from] ability: Protean\n|-supereffective|p2a: Torterra\n|-damage|p2a: Torterra|49\/100\n|-supereffective|p2a: Torterra\n|-damage|p2a: Torterra|18\/100\n|-supereffective|p2a: Torterra\n|-damage|p2a: Torterra|0 fnt\n|faint|p2a: Torterra\n|-hitcount|p2: Torterra|3\n|\n|upkeep\n|\n|t:|1699818333\n|switch|p2a: Dragonite|Dragonite, M|100\/100\n|turn|10\n|\n|t:|1699818344\n|move|p1a: Greninja|U-turn|p2a: Dragonite\n|-resisted|p2a: Dragonite\n|-damage|p2a: Dragonite|97\/100\n|\n|t:|1699818347\n|switch|p1a: Garganacl|Garganacl, F|100\/100|[from] U-turn\n|move|p2a: Dragonite|Dragon Dance|p2a: Dragonite\n|-boost|p2a: Dragonite|atk|1\n|-boost|p2a: Dragonite|spe|1\n|\n|upkeep\n|turn|11\n|\n|t:|1699818355\n|move|p2a: Dragonite|Earthquake|p1a: Garganacl\n|-supereffective|p1a: Garganacl\n|-damage|p1a: Garganacl|41\/100\n|move|p1a: Garganacl|Salt Cure|p2a: Dragonite\n|-supereffective|p2a: Dragonite\n|-damage|p2a: Dragonite|63\/100\n|-start|p2a: Dragonite|Salt Cure\n|\n|-damage|p2a: Dragonite|51\/100|[from] Salt Cure\n|upkeep\n|turn|12\n|\n|t:|1699818365\n|move|p2a: Dragonite|Dragon Dance|p2a: Dragonite\n|-boost|p2a: Dragonite|atk|1\n|-boost|p2a: Dragonite|spe|1\n|move|p1a: Garganacl|Recover|p1a: Garganacl\n|-heal|p1a: Garganacl|91\/100\n|\n|-damage|p2a: Dragonite|38\/100|[from] Salt Cure\n|upkeep\n|turn|13\n|\n|t:|1699818375\n|move|p2a: Dragonite|Earthquake|p1a: Garganacl\n|-supereffective|p1a: Garganacl\n|-damage|p1a: Garganacl|11\/100\n|move|p1a: Garganacl|Salt Cure|p2a: Dragonite\n|-supereffective|p2a: Dragonite\n|-damage|p2a: Dragonite|5\/100\n|\n|-damage|p2a: Dragonite|0 fnt|[from] Salt Cure\n|faint|p2a: Dragonite\n|upkeep\n|\n|t:|1699818381\n|switch|p2a: Ogerpon|Ogerpon-Wellspring, F|100\/100\n|turn|14\n|\n|t:|1699818386\n|move|p2a: Ogerpon|Ivy Cudgel|p1a: Garganacl\n|-supereffective|p1a: Garganacl\n|-damage|p1a: Garganacl|0 fnt\n|faint|p1a: Garganacl\n|\n|upkeep\n|\n|t:|1699818396\n|switch|p1a: Iron Valiant|Iron Valiant, shiny|100\/100\n|turn|15\n|\n|t:|1699818406\n|move|p1a: Iron Valiant|Spirit Break|p2a: Ogerpon\n|-damage|p2a: Ogerpon|33\/100\n|-unboost|p2a: Ogerpon|spa|1\n|-damage|p1a: Iron Valiant|91\/100|[from] item: Life Orb\n|move|p2a: Ogerpon|Play Rough|p1a: Iron Valiant\n|-supereffective|p1a: Iron Valiant\n|-damage|p1a: Iron Valiant|4\/100\n|\n|upkeep\n|turn|16\n|\n|t:|1699818415\n|switch|p2a: Kingambit|Kingambit, F|100\/100\n|-activate|p2a: Kingambit|ability: Supreme Overlord\n|-start|p2a: Kingambit|fallen3|[silent]\n|move|p1a: Iron Valiant|Drain Punch|p2a: Kingambit\n|-supereffective|p2a: Kingambit\n|-damage|p2a: Kingambit|0 fnt\n|-heal|p1a: Iron Valiant|74\/100|[from] drain|[of] p2a: Kingambit\n|faint|p2a: Kingambit\n|-end|p2a: Kingambit|fallen3|[silent]\n|-damage|p1a: Iron Valiant|64\/100|[from] item: Life Orb\n|\n|upkeep\n|\n|t:|1699818426\n|switch|p2a: Ninetales|Ninetales-Alola, F|73\/100\n|-weather|Snow|[from] ability: Snow Warning|[of] p2a: Ninetales\n|turn|17\n|\n|t:|1699818435\n|move|p1a: Iron Valiant|Drain Punch|p2a: Ninetales\n|-damage|p2a: Ninetales|22\/100\n|-heal|p1a: Iron Valiant|89\/100|[from] drain|[of] p2a: Ninetales\n|-damage|p1a: Iron Valiant|80\/100|[from] item: Life Orb\n|move|p2a: Ninetales|Aurora Veil|p2a: Ninetales\n|-sidestart|p2: Flufferide|move: Aurora Veil\n|\n|-weather|Snow|[upkeep]\n|upkeep\n|turn|18\n|\n|t:|1699818446\n|move|p1a: Iron Valiant|Drain Punch|p2a: Ninetales\n|-damage|p2a: Ninetales|0 fnt\n|-heal|p1a: Iron Valiant|90\/100|[from] drain|[of] p2a: Ninetales\n|faint|p2a: Ninetales\n|-damage|p1a: Iron Valiant|81\/100|[from] item: Life Orb\n|\n|-weather|Snow|[upkeep]\n|upkeep\n|\n|t:|1699818448\n|switch|p2a: Ogerpon|Ogerpon-Wellspring, F|33\/100\n|turn|19\n|inactive|Lil Uiz Vert has 120 seconds left.\n|\n|t:|1699818495\n|move|p1a: Iron Valiant|Drain Punch|p2a: Ogerpon\n|-damage|p2a: Ogerpon|1\/100\n|-heal|p1a: Iron Valiant|98\/100|[from] drain|[of] p2a: Ogerpon\n|-damage|p1a: Iron Valiant|88\/100|[from] item: Life Orb\n|move|p2a: Ogerpon|Play Rough|p1a: Iron Valiant\n|-supereffective|p1a: Iron Valiant\n|-crit|p1a: Iron Valiant\n|-damage|p1a: Iron Valiant|0 fnt\n|faint|p1a: Iron Valiant\n|-end|p1a: Iron Valiant|Quark Drive|[silent]\n|\n|-weather|Snow|[upkeep]\n|upkeep\n|\n|t:|1699818506\n|switch|p1a: Greninja|Greninja, F|100\/100\n|turn|20\n|\n|t:|1699818510\n|move|p1a: Greninja|Water Shuriken|p2a: Ogerpon\n|-start|p1a: Greninja|typechange|Water|[from] ability: Protean\n|-heal|p2a: Ogerpon|26\/100|[from] ability: Water Absorb|[of] p1a: Greninja\n|move|p2a: Ogerpon|Power Whip|p1a: Greninja\n|-supereffective|p1a: Greninja\n|-damage|p1a: Greninja|0 fnt\n|faint|p1a: Greninja\n|\n|-weather|Snow|[upkeep]\n|upkeep\n|\n|t:|1699818520\n|switch|p1a: Walking Wake|Walking Wake|100\/100\n|turn|21\n|\n|t:|1699818528\n|-terastallize|p1a: Walking Wake|Dragon\n|move|p2a: Ogerpon|Play Rough|p1a: Walking Wake\n|-supereffective|p1a: Walking Wake\n|-crit|p1a: Walking Wake\n|-damage|p1a: Walking Wake|0 fnt\n|faint|p1a: Walking Wake\n|-end|p1a: Walking Wake|Protosynthesis|[silent]\n|\n|win|Flufferide\n|raw|Lil Uiz Vert's rating: 1231 &rarr; <strong>1212<\/strong><br \/>(-19 for losing)\n|raw|Flufferide's rating: 1320 &rarr; <strong>1335<\/strong><br \/>(+15 for winning)\n|c|\u2606Flufferide|gg\n|l|\u2606Lil Uiz Vert\n","uploadtime":1699818546,"views":13,"p1id":"liluizvert","p2id":"flufferide","formatid":"gen9ou","rating":1212,"private":0,"password":""}