{"id":"gen9ou-1998383179","p1":"Aggron","p2":"Sappkira","format":"[Gen 9] OU","log":"|j|\u2606Aggron\n|j|\u2606Sappkira\n|t:|1700936165\n|gametype|singles\n|player|p1|Aggron|pokefan-gen4|1878\n|player|p2|Sappkira|102|1746\n|teamsize|p1|6\n|teamsize|p2|6\n|gen|9\n|tier|[Gen 9] OU\n|rated|\n|rule|Sleep Clause Mod: Limit one foe put to sleep\n|rule|Species Clause: Limit one of each Pok\u00e9mon\n|rule|OHKO Clause: OHKO moves are banned\n|rule|Evasion Items Clause: Evasion items are banned\n|rule|Evasion Moves Clause: Evasion moves are banned\n|rule|Endless Battle Clause: Forcing endless battles is banned\n|rule|HP Percentage Mod: HP is shown in percentages\n|clearpoke\n|poke|p1|Sinistcha-Masterpiece|\n|poke|p1|Heatran, M|\n|poke|p1|Rillaboom, F|\n|poke|p1|Samurott-Hisui, F|\n|poke|p1|Tyranitar, M|\n|poke|p1|Ogerpon-Cornerstone, F|\n|poke|p2|Slowking-Galar, M|\n|poke|p2|Great Tusk|\n|poke|p2|Zapdos|\n|poke|p2|Gholdengo|\n|poke|p2|Zamazenta-*|\n|poke|p2|Iron Valiant|\n|teampreview\n|inactive|Battle timer is ON: inactive players will automatically lose when time's up. (requested by Aggron)\n|j| BobbyTheFool\n|l| BobbyTheFool\n|\n|t:|1700936184\n|start\n|switch|p1a: Tyranitar|Tyranitar, M|100\/100\n|switch|p2a: Zapdos|Zapdos|100\/100\n|-weather|Sandstorm|[from] ability: Sand Stream|[of] p1a: Tyranitar\n|turn|1\n|\n|t:|1700936187\n|move|p2a: Zapdos|Volt Switch|p1a: Tyranitar\n|-damage|p1a: Tyranitar|84\/100\n|\n|t:|1700936189\n|switch|p2a: Great Tusk|Great Tusk|100\/100|[from] Volt Switch\n|move|p1a: Tyranitar|Ice Beam|p2a: Great Tusk\n|-supereffective|p2a: Great Tusk\n|-damage|p2a: Great Tusk|42\/100\n|\n|-weather|Sandstorm|[upkeep]\n|-heal|p2a: Great Tusk|48\/100|[from] item: Leftovers\n|-heal|p1a: Tyranitar|90\/100|[from] item: Leftovers\n|upkeep\n|turn|2\n|\n|t:|1700936205\n|switch|p1a: Sinistcha|Sinistcha-Masterpiece|100\/100\n|move|p2a: Great Tusk|Stealth Rock|p1a: Sinistcha\n|-sidestart|p1: Aggron|move: Stealth Rock\n|\n|-weather|Sandstorm|[upkeep]\n|-damage|p1a: Sinistcha|94\/100|[from] Sandstorm\n|-heal|p2a: Great Tusk|55\/100|[from] item: Leftovers\n|upkeep\n|turn|3\n|\n|t:|1700936217\n|-end|p2a: Great Tusk|Protosynthesis|[silent]\n|switch|p2a: Zapdos|Zapdos|100\/100\n|move|p1a: Sinistcha|Shadow Ball|p2a: Zapdos\n|-damage|p2a: Zapdos|67\/100\n|\n|-weather|Sandstorm|[upkeep]\n|-damage|p2a: Zapdos|61\/100|[from] Sandstorm\n|-damage|p1a: Sinistcha|88\/100|[from] Sandstorm\n|upkeep\n|turn|4\n|j| Arkhenys\n|j| JoeyIreland11\n|\n|t:|1700936239\n|switch|p1a: Tyranitar|Tyranitar, M|90\/100\n|-damage|p1a: Tyranitar|78\/100|[from] Stealth Rock\n|move|p2a: Zapdos|Volt Switch|p1a: Tyranitar\n|-damage|p1a: Tyranitar|61\/100\n|inactive|Sappkira has 120 seconds left.\n|\n|t:|1700936255\n|switch|p2a: Zamazenta|Zamazenta|100\/100|[from] Volt Switch\n|-ability|p2a: Zamazenta|Dauntless Shield|boost\n|-boost|p2a: Zamazenta|def|1\n|\n|-weather|Sandstorm|[upkeep]\n|-damage|p2a: Zamazenta|94\/100|[from] Sandstorm\n|-heal|p1a: Tyranitar|67\/100|[from] item: Leftovers\n|upkeep\n|turn|5\n|\n|t:|1700936258\n|switch|p1a: Sinistcha|Sinistcha-Masterpiece|88\/100\n|move|p2a: Zamazenta|Close Combat|p1a: Sinistcha\n|-immune|p1a: Sinistcha\n|\n|-weather|none\n|upkeep\n|turn|6\n|\n|t:|1700936264\n|move|p2a: Zamazenta|Crunch|p1a: Sinistcha\n|-supereffective|p1a: Sinistcha\n|-damage|p1a: Sinistcha|38\/100\n|-damage|p2a: Zamazenta|84\/100|[from] item: Life Orb\n|move|p1a: Sinistcha|Shadow Ball|p2a: Zamazenta\n|-damage|p2a: Zamazenta|56\/100\n|\n|upkeep\n|turn|7\n|\n|t:|1700936284\n|-terastallize|p1a: Sinistcha|Poison\n|move|p2a: Zamazenta|Crunch|p1a: Sinistcha\n|-damage|p1a: Sinistcha|16\/100\n|-damage|p2a: Zamazenta|46\/100|[from] item: Life Orb\n|move|p1a: Sinistcha|Strength Sap|p2a: Zamazenta\n|-unboost|p2a: Zamazenta|atk|1\n|-heal|p1a: Sinistcha|100\/100\n|\n|upkeep\n|turn|8\n|l|\u2606Sappkira\n|inactive|Sappkira disconnected and has a minute to reconnect!\n|player|p2|\n|j|\u2606Sappkira\n|inactive|Sappkira reconnected and has 105 seconds left.\n|player|p2|Sappkira|102\n|c|\u2606Aggron|It be like that\n|j| dfghhhg\n|inactive|Sappkira has 90 seconds left.\n|\n|t:|1700936347\n|switch|p2a: Zapdos|Zapdos|61\/100\n|move|p1a: Sinistcha|Calm Mind|p1a: Sinistcha\n|-boost|p1a: Sinistcha|spa|1\n|-boost|p1a: Sinistcha|spd|1\n|\n|upkeep\n|turn|9\n|inactive|Sappkira has 90 seconds left.\n|\n|t:|1700936359\n|move|p2a: Zapdos|Thunder Wave|p1a: Sinistcha\n|-status|p1a: Sinistcha|par\n|move|p1a: Sinistcha|Shadow Ball|p2a: Zapdos\n|-damage|p2a: Zapdos|18\/100\n|-unboost|p2a: Zapdos|spd|1\n|\n|upkeep\n|turn|10\n|\n|t:|1700936366\n|move|p2a: Zapdos|Volt Switch|p1a: Sinistcha\n|-damage|p1a: Sinistcha|77\/100 par\n|inactive|Sappkira has 90 seconds left.\n|\n|t:|1700936377\n|switch|p2a: Slowking|Slowking-Galar, M|100\/100|[from] Volt Switch\n|move|p1a: Sinistcha|Matcha Gotcha|p2a: Slowking\n|-resisted|p2a: Slowking\n|-damage|p2a: Slowking|86\/100\n|-heal|p1a: Sinistcha|85\/100 par|[from] drain|[of] p2a: Slowking\n|\n|upkeep\n|turn|11\n|\n|t:|1700936387\n|cant|p1a: Sinistcha|par\n|move|p2a: Slowking|Future Sight|p1a: Sinistcha\n|-start|p2a: Slowking|move: Future Sight\n|\n|upkeep\n|turn|12\n|\n|t:|1700936396\n|cant|p1a: Sinistcha|par\n|move|p2a: Slowking|Chilly Reception|p2a: Slowking\n|-weather|Snow\n|inactive|Sappkira has 90 seconds left.\n|j| Bad Dragoon\n|\n|t:|1700936436\n|switch|p2a: Iron Valiant|Iron Valiant|100\/100|[from] Chilly Reception\n|-enditem|p2a: Iron Valiant|Booster Energy\n|-activate|p2a: Iron Valiant|ability: Quark Drive|[fromitem]\n|-start|p2a: Iron Valiant|quarkdrivespe\n|\n|-weather|Snow|[upkeep]\n|upkeep\n|turn|13\n|inactive|Sappkira has 60 seconds left.\n|\n|t:|1700936465\n|switch|p1a: Heatran|Heatran, M|100\/100\n|-damage|p1a: Heatran|88\/100|[from] Stealth Rock\n|-item|p1a: Heatran|Air Balloon\n|move|p2a: Iron Valiant|Close Combat|p1a: Heatran\n|-supereffective|p1a: Heatran\n|-damage|p1a: Heatran|0 fnt\n|-unboost|p2a: Iron Valiant|def|1\n|-unboost|p2a: Iron Valiant|spd|1\n|-status|p2a: Iron Valiant|brn|[from] ability: Flame Body|[of] p1a: Heatran\n|-enditem|p1a: Heatran|Air Balloon\n|faint|p1a: Heatran\n|\n|-weather|Snow|[upkeep]\n|-hint|Future Sight did not hit because the target is fainted.\n|-damage|p2a: Iron Valiant|94\/100 brn|[from] brn\n|upkeep\n|\n|t:|1700936471\n|switch|p1a: Rillaboom|Rillaboom, F, shiny|100\/100\n|-damage|p1a: Rillaboom|88\/100|[from] Stealth Rock\n|-fieldstart|move: Grassy Terrain|[from] ability: Grassy Surge|[of] p1a: Rillaboom\n|turn|14\n|inactive|Sappkira has 60 seconds left.\n|\n|t:|1700936486\n|-end|p2a: Iron Valiant|Quark Drive|[silent]\n|switch|p2a: Zapdos|Zapdos|18\/100\n|move|p1a: Rillaboom|Grassy Glide|p2a: Zapdos\n|-resisted|p2a: Zapdos\n|-damage|p2a: Zapdos|0 fnt\n|-status|p1a: Rillaboom|par|[from] ability: Static|[of] p2a: Zapdos\n|faint|p2a: Zapdos\n|\n|-weather|Snow|[upkeep]\n|-heal|p1a: Rillaboom|94\/100 par|[from] Grassy Terrain\n|upkeep\n|\n|t:|1700936493\n|switch|p2a: Slowking|Slowking-Galar, M|100\/100\n|turn|15\n|\n|t:|1700936504\n|switch|p1a: Samurott|Samurott-Hisui, F|100\/100\n|move|p2a: Slowking|Future Sight|p1a: Samurott\n|-start|p2a: Slowking|move: Future Sight\n|\n|-weather|Snow|[upkeep]\n|upkeep\n|turn|16\n|\n|t:|1700936509\n|move|p1a: Samurott|Ceaseless Edge|p2a: Slowking\n|-supereffective|p2a: Slowking\n|-enditem|p2a: Slowking|Colbur Berry|[eat]\n|-enditem|p2a: Slowking|Colbur Berry|[weaken]\n|-damage|p2a: Slowking|57\/100\n|-sidestart|p2: Sappkira|Spikes\n|move|p2a: Slowking|Chilly Reception|p2a: Slowking\n|\n|t:|1700936518\n|switch|p2a: Zamazenta|Zamazenta|46\/100|[from] Chilly Reception\n|-damage|p2a: Zamazenta|34\/100|[from] Spikes\n|\n|-weather|none\n|-heal|p2a: Zamazenta|40\/100|[from] Grassy Terrain\n|upkeep\n|turn|17\n|j| WeatherRevolution\n|\n|t:|1700936538\n|switch|p1a: Rillaboom|Rillaboom, F, shiny|94\/100 par\n|-damage|p1a: Rillaboom|82\/100 par|[from] Stealth Rock\n|move|p2a: Zamazenta|Close Combat|p1a: Rillaboom\n|-damage|p1a: Rillaboom|10\/100 par\n|-unboost|p2a: Zamazenta|def|1\n|-unboost|p2a: Zamazenta|spd|1\n|-damage|p2a: Zamazenta|30\/100|[from] item: Life Orb\n|\n|-end|p1a: Rillaboom|move: Future Sight\n|-damage|p1a: Rillaboom|0 fnt\n|faint|p1a: Rillaboom\n|-heal|p2a: Zamazenta|36\/100|[from] Grassy Terrain\n|upkeep\n|\n|t:|1700936541\n|switch|p1a: Sinistcha|Sinistcha-Masterpiece, tera:Poison|85\/100 par\n|turn|18\n|inactive|Sappkira has 90 seconds left.\n|\n|t:|1700936558\n|switch|p2a: Great Tusk|Great Tusk|55\/100\n|-damage|p2a: Great Tusk|42\/100|[from] Spikes\n|move|p1a: Sinistcha|Shadow Ball|p2a: Great Tusk\n|-damage|p2a: Great Tusk|0 fnt\n|faint|p2a: Great Tusk\n|-end|p2a: Great Tusk|Protosynthesis|[silent]\n|\n|-heal|p1a: Sinistcha|92\/100 par|[from] Grassy Terrain\n|-fieldend|move: Grassy Terrain\n|upkeep\n|\n|t:|1700936569\n|switch|p2a: Slowking|Slowking-Galar, M|90\/100\n|-damage|p2a: Slowking|78\/100|[from] Spikes\n|turn|19\n|j| Dbejgkdng\n|\n|t:|1700936576\n|switch|p1a: Samurott|Samurott-Hisui, F|100\/100\n|move|p2a: Slowking|Future Sight|p1a: Samurott\n|-start|p2a: Slowking|move: Future Sight\n|\n|upkeep\n|turn|20\n|j| CDW1025\n|\n|t:|1700936579\n|move|p1a: Samurott|Ceaseless Edge|p2a: Slowking\n|-supereffective|p2a: Slowking\n|-damage|p2a: Slowking|0 fnt\n|-sidestart|p2: Sappkira|Spikes\n|faint|p2a: Slowking\n|\n|upkeep\n|\n|t:|1700936588\n|switch|p2a: Zamazenta|Zamazenta|36\/100\n|-damage|p2a: Zamazenta|20\/100|[from] Spikes\n|turn|21\n|\n|t:|1700936593\n|switch|p1a: Tyranitar|Tyranitar, M|67\/100\n|-damage|p1a: Tyranitar|55\/100|[from] Stealth Rock\n|-weather|Sandstorm|[from] ability: Sand Stream|[of] p1a: Tyranitar\n|move|p2a: Zamazenta|Close Combat|p1a: Tyranitar\n|-supereffective|p1a: Tyranitar\n|-damage|p1a: Tyranitar|0 fnt\n|-unboost|p2a: Zamazenta|def|1\n|-unboost|p2a: Zamazenta|spd|1\n|faint|p1a: Tyranitar\n|-damage|p2a: Zamazenta|10\/100|[from] item: Life Orb\n|\n|-weather|Sandstorm|[upkeep]\n|-damage|p2a: Zamazenta|4\/100|[from] Sandstorm\n|-hint|Future Sight did not hit because the target is fainted.\n|upkeep\n|j| Nature_K\n|\n|t:|1700936608\n|switch|p1a: Samurott|Samurott-Hisui, F|100\/100\n|turn|22\n|\n|t:|1700936612\n|move|p1a: Samurott|Sucker Punch|p2a: Zamazenta\n|-resisted|p2a: Zamazenta\n|-damage|p2a: Zamazenta|0 fnt\n|faint|p2a: Zamazenta\n|\n|-weather|Sandstorm|[upkeep]\n|-damage|p1a: Samurott|94\/100|[from] Sandstorm\n|upkeep\n|\n|t:|1700936617\n|switch|p2a: Iron Valiant|Iron Valiant|94\/100 brn\n|-damage|p2a: Iron Valiant|78\/100 brn|[from] Spikes\n|turn|23\n|\n|t:|1700936622\n|switch|p1a: Sinistcha|Sinistcha-Masterpiece, tera:Poison|92\/100 par\n|move|p2a: Iron Valiant|Moonblast|p1a: Sinistcha\n|-resisted|p1a: Sinistcha\n|-damage|p1a: Sinistcha|67\/100 par\n|\n|-weather|Sandstorm|[upkeep]\n|-damage|p2a: Iron Valiant|71\/100 brn|[from] Sandstorm\n|-damage|p1a: Sinistcha|61\/100 par|[from] Sandstorm\n|-damage|p2a: Iron Valiant|65\/100 brn|[from] brn\n|upkeep\n|turn|24\n|\n|t:|1700936645\n|move|p2a: Iron Valiant|Knock Off|p1a: Sinistcha\n|-damage|p1a: Sinistcha|51\/100 par\n|-enditem|p1a: Sinistcha|Heavy-Duty Boots|[from] move: Knock Off|[of] p2a: Iron Valiant\n|move|p1a: Sinistcha|Shadow Ball|p2a: Iron Valiant\n|-damage|p2a: Iron Valiant|5\/100 brn\n|\n|-weather|Sandstorm|[upkeep]\n|-damage|p2a: Iron Valiant|0 fnt|[from] Sandstorm\n|-damage|p1a: Sinistcha|45\/100 par|[from] Sandstorm\n|faint|p2a: Iron Valiant\n|-end|p2a: Iron Valiant|Quark Drive|[silent]\n|upkeep\n|\n|t:|1700936651\n|switch|p2a: Gholdengo|Gholdengo|100\/100\n|-damage|p2a: Gholdengo|84\/100|[from] Spikes\n|turn|25\n|l| Nature_K\n|\n|t:|1700936662\n|-terastallize|p2a: Gholdengo|Dark\n|move|p2a: Gholdengo|Trick|p1a: Sinistcha\n|-activate|p2a: Gholdengo|move: Trick|[of] p1a: Sinistcha\n|-item|p1a: Sinistcha|Choice Scarf|[from] move: Trick\n|-enditem|p2a: Gholdengo|Choice Scarf|[silent]|[from] move: Trick\n|move|p1a: Sinistcha|Shadow Ball|p2a: Gholdengo\n|-resisted|p2a: Gholdengo\n|-crit|p2a: Gholdengo\n|-damage|p2a: Gholdengo|56\/100\n|\n|-weather|none\n|upkeep\n|turn|26\n|\n|t:|1700936671\n|move|p2a: Gholdengo|Nasty Plot|p2a: Gholdengo\n|-boost|p2a: Gholdengo|spa|2\n|move|p1a: Sinistcha|Shadow Ball|p2a: Gholdengo\n|-resisted|p2a: Gholdengo\n|-damage|p2a: Gholdengo|36\/100\n|\n|upkeep\n|turn|27\n|\n|t:|1700936679\n|move|p2a: Gholdengo|Shadow Ball|p1a: Sinistcha\n|-damage|p1a: Sinistcha|0 fnt\n|faint|p1a: Sinistcha\n|\n|upkeep\n|\n|t:|1700936682\n|switch|p1a: Samurott|Samurott-Hisui, F|94\/100\n|turn|28\n|\n|t:|1700936685\n|move|p1a: Samurott|Sacred Sword|p2a: Gholdengo\n|-supereffective|p2a: Gholdengo\n|-damage|p2a: Gholdengo|0 fnt\n|faint|p2a: Gholdengo\n|\n|win|Aggron\n|raw|Aggron's rating: 1878 &rarr; <strong>1891<\/strong><br \/>(+13 for winning)\n|raw|Sappkira's rating: 1746 &rarr; <strong>1733<\/strong><br \/>(-13 for losing)\n|l| JoeyIreland11\n|l|\u2606Sappkira\n","uploadtime":1700936693,"views":2,"p1id":"aggron","p2id":"sappkira","formatid":"gen9ou","rating":1733,"private":0,"password":""}