{"id":"gen9ou-1995191957","p1":"Kyu20","p2":"Milky Alvin","format":"[Gen 9] OU","log":"|j|\u2606Kyu20\n|j|\u2606Milky Alvin\n|t:|1700532906\n|gametype|singles\n|player|p1|Kyu20|cynthia|1028\n|player|p2|Milky Alvin|265|1017\n|teamsize|p1|6\n|teamsize|p2|6\n|gen|9\n|tier|[Gen 9] OU\n|rated|\n|rule|Sleep Clause Mod: Limit one foe put to sleep\n|rule|Species Clause: Limit one of each Pok\u00e9mon\n|rule|OHKO Clause: OHKO moves are banned\n|rule|Evasion Items Clause: Evasion items are banned\n|rule|Evasion Moves Clause: Evasion moves are banned\n|rule|Endless Battle Clause: Forcing endless battles is banned\n|rule|HP Percentage Mod: HP is shown in percentages\n|clearpoke\n|poke|p1|Ceruledge, M|\n|poke|p1|Hippowdon, F|\n|poke|p1|Corviknight, F|\n|poke|p1|Dusclops, M|\n|poke|p1|Clefable, M|\n|poke|p1|Dragapult, F|\n|poke|p2|Arbok, M|\n|poke|p2|Ariados, F|\n|poke|p2|Noctowl, M|\n|poke|p2|Dusknoir, M|\n|poke|p2|Coalossal, F|\n|poke|p2|Eelektross, M|\n|teampreview\n|\n|t:|1700532912\n|start\n|switch|p1a: Hippowdon|Hippowdon, F|100\/100\n|switch|p2a: Ariados|Ariados, F, shiny|100\/100\n|-weather|Sandstorm|[from] ability: Sand Stream|[of] p1a: Hippowdon\n|turn|1\n|\n|t:|1700532917\n|move|p1a: Hippowdon|Stealth Rock|p2a: Ariados\n|-sidestart|p2: Milky Alvin|move: Stealth Rock\n|move|p2a: Ariados|Sticky Web|p1a: Hippowdon\n|-sidestart|p1: Kyu20|move: Sticky Web\n|\n|-weather|Sandstorm|[upkeep]\n|-damage|p2a: Ariados|94\/100|[from] Sandstorm\n|upkeep\n|turn|2\n|\n|t:|1700532924\n|switch|p1a: Corviknight|Corviknight, F, shiny|100\/100\n|-ability|p1a: Corviknight|Pressure\n|move|p2a: Ariados|Megahorn|p1a: Corviknight\n|-resisted|p1a: Corviknight\n|-damage|p1a: Corviknight|93\/100\n|\n|-weather|Sandstorm|[upkeep]\n|-damage|p2a: Ariados|88\/100|[from] Sandstorm\n|upkeep\n|turn|3\n|\n|t:|1700532936\n|switch|p2a: Coalossal|Coalossal, F, shiny|100\/100\n|-damage|p2a: Coalossal|75\/100|[from] Stealth Rock\n|move|p1a: Corviknight|Brave Bird|p2a: Coalossal\n|-resisted|p2a: Coalossal\n|-damage|p2a: Coalossal|61\/100\n|-damage|p1a: Corviknight|88\/100|[from] Recoil\n|-damage|p1a: Corviknight|79\/100|[from] item: Life Orb\n|\n|-weather|Sandstorm|[upkeep]\n|upkeep\n|turn|4\n|\n|t:|1700532948\n|switch|p1a: Hippowdon|Hippowdon, F|100\/100\n|-activate|p1a: Hippowdon|move: Sticky Web\n|-unboost|p1a: Hippowdon|spe|1\n|move|p2a: Coalossal|Flare Blitz|p1a: Hippowdon\n|-damage|p1a: Hippowdon|71\/100\n|-damage|p2a: Coalossal|50\/100|[from] Recoil\n|\n|-weather|Sandstorm|[upkeep]\n|-heal|p1a: Hippowdon|77\/100|[from] item: Leftovers\n|upkeep\n|turn|5\n|\n|t:|1700532962\n|switch|p2a: Ariados|Ariados, F, shiny|88\/100\n|-damage|p2a: Ariados|63\/100|[from] Stealth Rock\n|move|p1a: Hippowdon|Slack Off|p1a: Hippowdon\n|-heal|p1a: Hippowdon|100\/100\n|\n|-weather|none\n|upkeep\n|turn|6\n|\n|t:|1700532975\n|switch|p1a: Corviknight|Corviknight, F, shiny|79\/100\n|-ability|p1a: Corviknight|Pressure\n|move|p2a: Ariados|Sucker Punch||[still]\n|-fail|p2a: Ariados\n|\n|upkeep\n|turn|7\n|\n|t:|1700532986\n|switch|p2a: Coalossal|Coalossal, F, shiny|50\/100\n|-damage|p2a: Coalossal|25\/100|[from] Stealth Rock\n|move|p1a: Corviknight|Iron Head|p2a: Coalossal\n|-damage|p2a: Coalossal|5\/100\n|-damage|p1a: Corviknight|69\/100|[from] item: Life Orb\n|\n|upkeep\n|turn|8\n|\n|t:|1700533003\n|switch|p1a: Hippowdon|Hippowdon, F|100\/100\n|-activate|p1a: Hippowdon|move: Sticky Web\n|-unboost|p1a: Hippowdon|spe|1\n|-weather|Sandstorm|[from] ability: Sand Stream|[of] p1a: Hippowdon\n|move|p2a: Coalossal|Flare Blitz|p1a: Hippowdon\n|-damage|p1a: Hippowdon|72\/100\n|-damage|p2a: Coalossal|0 fnt|[from] Recoil\n|faint|p2a: Coalossal\n|\n|-weather|Sandstorm|[upkeep]\n|-heal|p1a: Hippowdon|79\/100|[from] item: Leftovers\n|upkeep\n|\n|t:|1700533015\n|switch|p2a: Ariados|Ariados, F, shiny|63\/100\n|-damage|p2a: Ariados|39\/100|[from] Stealth Rock\n|turn|9\n|\n|t:|1700533022\n|move|p2a: Ariados|Megahorn|p1a: Hippowdon\n|-damage|p1a: Hippowdon|43\/100\n|move|p1a: Hippowdon|Earthquake|p2a: Ariados\n|-damage|p2a: Ariados|0 fnt\n|faint|p2a: Ariados\n|\n|-weather|Sandstorm|[upkeep]\n|-heal|p1a: Hippowdon|50\/100|[from] item: Leftovers\n|upkeep\n|\n|t:|1700533027\n|switch|p2a: Noctowl|Noctowl, M, shiny|100\/100\n|-damage|p2a: Noctowl|75\/100|[from] Stealth Rock\n|turn|10\n|\n|t:|1700533036\n|move|p1a: Hippowdon|Protect|p1a: Hippowdon\n|-singleturn|p1a: Hippowdon|Protect\n|move|p2a: Noctowl|Shadow Ball|p1a: Hippowdon\n|-activate|p1a: Hippowdon|move: Protect\n|\n|-weather|Sandstorm|[upkeep]\n|-damage|p2a: Noctowl|69\/100|[from] Sandstorm\n|-heal|p2a: Noctowl|75\/100|[from] item: Leftovers\n|-heal|p1a: Hippowdon|56\/100|[from] item: Leftovers\n|upkeep\n|turn|11\n|\n|t:|1700533047\n|move|p2a: Noctowl|Hypnosis|p1a: Hippowdon\n|-status|p1a: Hippowdon|slp|[from] move: Hypnosis\n|cant|p1a: Hippowdon|slp\n|\n|-weather|Sandstorm|[upkeep]\n|-damage|p2a: Noctowl|69\/100|[from] Sandstorm\n|-heal|p2a: Noctowl|75\/100|[from] item: Leftovers\n|-heal|p1a: Hippowdon|62\/100 slp|[from] item: Leftovers\n|upkeep\n|turn|12\n|\n|t:|1700533057\n|switch|p1a: Corviknight|Corviknight, F, shiny|69\/100\n|-ability|p1a: Corviknight|Pressure\n|move|p2a: Noctowl|Shadow Ball|p1a: Corviknight\n|-damage|p1a: Corviknight|52\/100\n|\n|-weather|none\n|-heal|p2a: Noctowl|82\/100|[from] item: Leftovers\n|upkeep\n|turn|13\n|\n|t:|1700533071\n|move|p2a: Noctowl|Shadow Ball|p1a: Corviknight\n|-damage|p1a: Corviknight|35\/100\n|move|p1a: Corviknight|Defog|p2a: Noctowl\n|-unboost|p2a: Noctowl|evasion|1\n|-sideend|p2: Milky Alvin|Stealth Rock|[from] move: Defog|[of] p1a: Corviknight\n|-sideend|p1: Kyu20|Sticky Web|[from] move: Defog|[of] p1a: Corviknight\n|\n|-heal|p2a: Noctowl|88\/100|[from] item: Leftovers\n|upkeep\n|turn|14\n|\n|t:|1700533081\n|move|p2a: Noctowl|Shadow Ball|p1a: Corviknight\n|-damage|p1a: Corviknight|20\/100\n|move|p1a: Corviknight|Roost|p1a: Corviknight\n|-heal|p1a: Corviknight|70\/100\n|-singleturn|p1a: Corviknight|move: Roost\n|\n|-heal|p2a: Noctowl|94\/100|[from] item: Leftovers\n|upkeep\n|turn|15\n|\n|t:|1700533092\n|move|p2a: Noctowl|Hypnosis|p1a: Corviknight|[miss]\n|-miss|p2a: Noctowl|p1a: Corviknight\n|move|p1a: Corviknight|Roost|p1a: Corviknight\n|-heal|p1a: Corviknight|100\/100\n|-singleturn|p1a: Corviknight|move: Roost\n|\n|-heal|p2a: Noctowl|99\/100|[from] item: Leftovers\n|upkeep\n|turn|16\n|\n|t:|1700533102\n|switch|p1a: Clefable|Clefable, M|100\/100\n|move|p2a: Noctowl|Hypnosis|p1a: Clefable\n|-message|Sleep Clause Mod activated.\n|-hint|Sleep Clause Mod prevents players from putting more than one of their opponent's Pok\u00e9mon to sleep at a time\n|\n|-heal|p2a: Noctowl|100\/100|[from] item: Leftovers\n|upkeep\n|turn|17\n|\n|t:|1700533113\n|switch|p2a: Arbok|Arbok, M, shiny|100\/100\n|-ability|p2a: Arbok|Intimidate|boost\n|-unboost|p1a: Clefable|atk|1\n|move|p1a: Clefable|Calm Mind|p1a: Clefable\n|-boost|p1a: Clefable|spa|1\n|-boost|p1a: Clefable|spd|1\n|\n|upkeep\n|turn|18\n|\n|t:|1700533127\n|switch|p1a: Hippowdon|Hippowdon, F|62\/100 slp\n|-weather|Sandstorm|[from] ability: Sand Stream|[of] p1a: Hippowdon\n|move|p2a: Arbok|Coil|p2a: Arbok\n|-boost|p2a: Arbok|atk|1\n|-boost|p2a: Arbok|def|1\n|-boost|p2a: Arbok|accuracy|1\n|\n|-weather|Sandstorm|[upkeep]\n|-damage|p2a: Arbok|94\/100|[from] Sandstorm\n|-heal|p1a: Hippowdon|68\/100 slp|[from] item: Leftovers\n|upkeep\n|turn|19\n|\n|t:|1700533138\n|move|p2a: Arbok|Coil|p2a: Arbok\n|-boost|p2a: Arbok|atk|1\n|-boost|p2a: Arbok|def|1\n|-boost|p2a: Arbok|accuracy|1\n|cant|p1a: Hippowdon|slp\n|\n|-weather|Sandstorm|[upkeep]\n|-damage|p2a: Arbok|88\/100|[from] Sandstorm\n|-heal|p1a: Hippowdon|74\/100 slp|[from] item: Leftovers\n|upkeep\n|turn|20\n|\n|t:|1700533144\n|move|p2a: Arbok|Coil|p2a: Arbok\n|-boost|p2a: Arbok|atk|1\n|-boost|p2a: Arbok|def|1\n|-boost|p2a: Arbok|accuracy|1\n|-curestatus|p1a: Hippowdon|slp|[msg]\n|move|p1a: Hippowdon|Stealth Rock|p2a: Arbok\n|-sidestart|p2: Milky Alvin|move: Stealth Rock\n|\n|-weather|Sandstorm|[upkeep]\n|-damage|p2a: Arbok|82\/100|[from] Sandstorm\n|-heal|p1a: Hippowdon|80\/100|[from] item: Leftovers\n|upkeep\n|turn|21\n|\n|t:|1700533155\n|move|p2a: Arbok|Scale Shot|p1a: Hippowdon\n|-damage|p1a: Hippowdon|68\/100\n|-damage|p1a: Hippowdon|56\/100\n|-damage|p1a: Hippowdon|43\/100\n|-damage|p1a: Hippowdon|31\/100\n|-damage|p1a: Hippowdon|18\/100\n|-hitcount|p1a: Hippowdon|5\n|-unboost|p2a: Arbok|def|1\n|-boost|p2a: Arbok|spe|1\n|move|p1a: Hippowdon|Earthquake|p2a: Arbok\n|-supereffective|p2a: Arbok\n|-damage|p2a: Arbok|18\/100\n|\n|-weather|Sandstorm|[upkeep]\n|-damage|p2a: Arbok|12\/100|[from] Sandstorm\n|-heal|p1a: Hippowdon|24\/100|[from] item: Leftovers\n|upkeep\n|turn|22\n|\n|t:|1700533172\n|move|p1a: Hippowdon|Protect|p1a: Hippowdon\n|-singleturn|p1a: Hippowdon|Protect\n|move|p2a: Arbok|Scale Shot|p1a: Hippowdon\n|-activate|p1a: Hippowdon|move: Protect\n|\n|-weather|none\n|-heal|p1a: Hippowdon|30\/100|[from] item: Leftovers\n|upkeep\n|turn|23\n|\n|t:|1700533184\n|move|p2a: Arbok|Scale Shot|p1a: Hippowdon\n|-damage|p1a: Hippowdon|17\/100\n|-damage|p1a: Hippowdon|4\/100\n|-damage|p1a: Hippowdon|0 fnt\n|faint|p1a: Hippowdon\n|-hitcount|p1: Hippowdon|3\n|-unboost|p2a: Arbok|def|1\n|-boost|p2a: Arbok|spe|1\n|\n|upkeep\n|\n|t:|1700533193\n|switch|p1a: Dusclops|Dusclops, M, shiny|100\/100\n|-ability|p1a: Dusclops|Pressure\n|turn|24\n|\n|t:|1700533199\n|move|p2a: Arbok|Crunch|p1a: Dusclops\n|-supereffective|p1a: Dusclops\n|-damage|p1a: Dusclops|35\/100\n|move|p1a: Dusclops|Hex|p2a: Arbok\n|-damage|p2a: Arbok|0 fnt\n|faint|p2a: Arbok\n|\n|upkeep\n|\n|t:|1700533206\n|switch|p2a: Noctowl|Noctowl, M, shiny|100\/100\n|-damage|p2a: Noctowl|75\/100|[from] Stealth Rock\n|turn|25\n|\n|t:|1700533218\n|switch|p1a: Ceruledge|Ceruledge, M|100\/100\n|move|p2a: Noctowl|Shadow Ball|p1a: Ceruledge\n|-supereffective|p1a: Ceruledge\n|-damage|p1a: Ceruledge|61\/100\n|\n|-heal|p2a: Noctowl|82\/100|[from] item: Leftovers\n|upkeep\n|turn|26\n|\n|t:|1700533234\n|move|p1a: Ceruledge|Bitter Blade|p2a: Noctowl\n|-damage|p2a: Noctowl|15\/100\n|-heal|p1a: Ceruledge|100\/100|[from] drain|[of] p2a: Noctowl\n|move|p2a: Noctowl|Hypnosis|p1a: Ceruledge\n|-status|p1a: Ceruledge|slp|[from] move: Hypnosis\n|\n|-heal|p2a: Noctowl|21\/100|[from] item: Leftovers\n|upkeep\n|turn|27\n|\n|t:|1700533246\n|switch|p1a: Clefable|Clefable, M|100\/100\n|move|p2a: Noctowl|Shadow Ball|p1a: Clefable\n|-damage|p1a: Clefable|86\/100\n|\n|-heal|p2a: Noctowl|27\/100|[from] item: Leftovers\n|-heal|p1a: Clefable|92\/100|[from] item: Leftovers\n|upkeep\n|turn|28\n|\n|t:|1700533257\n|switch|p2a: Dusknoir|Dusknoir, M, shiny|100\/100\n|-damage|p2a: Dusknoir|88\/100|[from] Stealth Rock\n|-item|p1a: Clefable|Leftovers|[from] ability: Frisk|[of] p2a: Dusknoir|[identify]\n|move|p1a: Clefable|Ice Beam|p2a: Dusknoir\n|-damage|p2a: Dusknoir|64\/100\n|\n|-heal|p1a: Clefable|98\/100|[from] item: Leftovers\n|upkeep\n|turn|29\n|\n|t:|1700533267\n|move|p1a: Clefable|Calm Mind|p1a: Clefable\n|-boost|p1a: Clefable|spa|1\n|-boost|p1a: Clefable|spd|1\n|move|p2a: Dusknoir|Poltergeist|p1a: Clefable\n|-activate|p1a: Clefable|move: Poltergeist|Leftovers\n|-damage|p1a: Clefable|34\/100\n|\n|-heal|p1a: Clefable|40\/100|[from] item: Leftovers\n|upkeep\n|turn|30\n|\n|t:|1700533280\n|move|p1a: Clefable|Ice Beam|p2a: Dusknoir\n|-damage|p2a: Dusknoir|27\/100\n|-status|p2a: Dusknoir|frz\n|cant|p2a: Dusknoir|frz\n|\n|-heal|p1a: Clefable|46\/100|[from] item: Leftovers\n|upkeep\n|turn|31\n|\n|t:|1700533291\n|switch|p2a: Noctowl|Noctowl, M, shiny|27\/100\n|-damage|p2a: Noctowl|2\/100|[from] Stealth Rock\n|move|p1a: Clefable|Moonblast|p2a: Noctowl\n|-damage|p2a: Noctowl|0 fnt\n|faint|p2a: Noctowl\n|\n|-heal|p1a: Clefable|52\/100|[from] item: Leftovers\n|upkeep\n|\n|t:|1700533297\n|switch|p2a: Eelektross|Eelektross, M, shiny|100\/100\n|-damage|p2a: Eelektross|88\/100|[from] Stealth Rock\n|turn|32\n|\n|t:|1700533307\n|-terastallize|p1a: Clefable|Fairy\n|move|p1a: Clefable|Moonblast|p2a: Eelektross\n|-damage|p2a: Eelektross|0 fnt\n|faint|p2a: Eelektross\n|\n|-heal|p1a: Clefable|58\/100|[from] item: Leftovers\n|upkeep\n|\n|t:|1700533314\n|switch|p2a: Dusknoir|Dusknoir, M, shiny|27\/100 frz\n|-damage|p2a: Dusknoir|15\/100 frz|[from] Stealth Rock\n|-item|p1a: Clefable|Leftovers|[from] ability: Frisk|[of] p2a: Dusknoir|[identify]\n|turn|33\n|\n|t:|1700533321\n|move|p1a: Clefable|Moonblast|p2a: Dusknoir\n|-damage|p2a: Dusknoir|0 fnt\n|faint|p2a: Dusknoir\n|\n|win|Kyu20\n|raw|Kyu20's rating: 1028 &rarr; <strong>1063<\/strong><br \/>(+35 for winning)\n|raw|Milky Alvin's rating: 1017 &rarr; <strong>1005<\/strong><br \/>(-12 for losing)\n|l|\u2606Milky Alvin\n","uploadtime":1700533327,"views":6,"p1id":"kyu20","p2id":"milkyalvin","formatid":"gen9ou","rating":1005,"private":0,"password":""}