{"id":"gen9ou-1989445221","p1":"bunnelby to NU","p2":"Lyn0730","format":"[Gen 9] OU","log":"|j|\u2606bunnelby to NU\n|j|\u2606Lyn0730\n|t:|1699851518\n|gametype|singles\n|player|p1|bunnelby to NU|169|1201\n|player|p2|Lyn0730|teamrocket|1228\n|teamsize|p1|6\n|teamsize|p2|6\n|gen|9\n|tier|[Gen 9] OU\n|rated|\n|rule|Sleep Clause Mod: Limit one foe put to sleep\n|rule|Species Clause: Limit one of each Pok\u00e9mon\n|rule|OHKO Clause: OHKO moves are banned\n|rule|Evasion Items Clause: Evasion items are banned\n|rule|Evasion Moves Clause: Evasion moves are banned\n|rule|Endless Battle Clause: Forcing endless battles is banned\n|rule|HP Percentage Mod: HP is shown in percentages\n|clearpoke\n|poke|p1|Breloom, F|\n|poke|p1|Blissey, F|\n|poke|p1|Iron Valiant|\n|poke|p1|Ogerpon-Cornerstone, F|\n|poke|p1|Great Tusk|\n|poke|p1|Alomomola, F|\n|poke|p2|Persian, M|\n|poke|p2|Yanmega, M|\n|poke|p2|Toxapex, F|\n|poke|p2|Mimikyu, F|\n|poke|p2|Amoonguss, M|\n|poke|p2|Weezing-Galar, F|\n|teampreview\n|inactive|Battle timer is ON: inactive players will automatically lose when time's up. (requested by Lyn0730)\n|\n|t:|1699851526\n|start\n|switch|p1a: Alomomola|Alomomola, F|100\/100\n|switch|p2a: Toxapex|Toxapex, F|100\/100\n|turn|1\n|\n|t:|1699851534\n|move|p2a: Toxapex|Baneful Bunker|p2a: Toxapex\n|-singleturn|p2a: Toxapex|move: Protect\n|move|p1a: Alomomola|Wish|p1a: Alomomola\n|\n|upkeep\n|turn|2\n|\n|t:|1699851539\n|move|p1a: Alomomola|Flip Turn|p2a: Toxapex\n|-resisted|p2a: Toxapex\n|-damage|p2a: Toxapex|96\/100\n|-damage|p1a: Alomomola|84\/100|[from] item: Rocky Helmet|[of] p2a: Toxapex\n|\n|t:|1699851552\n|switch|p1a: Great Tusk|Great Tusk|100\/100|[from] Flip Turn\n|move|p2a: Toxapex|Toxic Spikes|p1a: Great Tusk\n|-sidestart|p1: bunnelby to NU|move: Toxic Spikes\n|\n|upkeep\n|turn|3\n|\n|t:|1699851564\n|move|p2a: Toxapex|Baneful Bunker|p2a: Toxapex\n|-singleturn|p2a: Toxapex|move: Protect\n|move|p1a: Great Tusk|Headlong Rush|p2a: Toxapex\n|-activate|p2a: Toxapex|move: Protect\n|-status|p1a: Great Tusk|psn\n|\n|-damage|p1a: Great Tusk|88\/100 psn|[from] psn\n|upkeep\n|turn|4\n|\n|t:|1699851571\n|switch|p2a: Weezing|Weezing-Galar, F, shiny|100\/100\n|move|p1a: Great Tusk|Rapid Spin|p2a: Weezing\n|-damage|p2a: Weezing|86\/100\n|-boost|p1a: Great Tusk|spe|1\n|-sideend|p1: bunnelby to NU|Toxic Spikes|[from] move: Rapid Spin|[of] p1a: Great Tusk\n|\n|-heal|p2a: Weezing|92\/100|[from] item: Black Sludge\n|-damage|p1a: Great Tusk|76\/100 psn|[from] psn\n|upkeep\n|turn|5\n|\n|t:|1699851584\n|-end|p1a: Great Tusk|Protosynthesis|[silent]\n|switch|p1a: Blissey|Blissey, F|100\/100\n|move|p2a: Weezing|Will-O-Wisp|p1a: Blissey\n|-status|p1a: Blissey|brn\n|\n|-heal|p2a: Weezing|98\/100|[from] item: Black Sludge\n|-damage|p1a: Blissey|94\/100 brn|[from] brn\n|upkeep\n|turn|6\n|\n|t:|1699851588\n|switch|p2a: Toxapex|Toxapex, F|100\/100\n|move|p1a: Blissey|Heal Bell|p1a: Blissey\n|-activate|p1a: Blissey|move: Heal Bell\n|-curestatus|p1a: Blissey|brn|[msg]\n|-curestatus|p1: Great Tusk|psn|[msg]\n|\n|upkeep\n|turn|7\n|\n|t:|1699851597\n|switch|p1a: Breloom|Breloom, F|100\/100\n|move|p2a: Toxapex|Toxic Spikes|p1a: Breloom\n|-sidestart|p1: bunnelby to NU|move: Toxic Spikes\n|\n|upkeep\n|turn|8\n|\n|t:|1699851601\n|switch|p2a: Amoonguss|Amoonguss, M|100\/100\n|move|p1a: Breloom|Bullet Seed|p2a: Amoonguss\n|-resisted|p2a: Amoonguss\n|-damage|p2a: Amoonguss|94\/100\n|-resisted|p2a: Amoonguss\n|-damage|p2a: Amoonguss|88\/100\n|-resisted|p2a: Amoonguss\n|-damage|p2a: Amoonguss|82\/100\n|-resisted|p2a: Amoonguss\n|-damage|p2a: Amoonguss|77\/100\n|-resisted|p2a: Amoonguss\n|-damage|p2a: Amoonguss|70\/100\n|-hitcount|p2a: Amoonguss|5\n|\n|upkeep\n|turn|9\n|\n|t:|1699851610\n|move|p1a: Breloom|Bullet Seed|p2a: Amoonguss\n|-resisted|p2a: Amoonguss\n|-damage|p2a: Amoonguss|64\/100\n|-resisted|p2a: Amoonguss\n|-damage|p2a: Amoonguss|58\/100\n|-resisted|p2a: Amoonguss\n|-damage|p2a: Amoonguss|52\/100\n|-resisted|p2a: Amoonguss\n|-damage|p2a: Amoonguss|47\/100\n|-hitcount|p2a: Amoonguss|4\n|move|p2a: Amoonguss|Spore|p1a: Breloom\n|-immune|p1a: Breloom\n|\n|upkeep\n|turn|10\n|\n|t:|1699851620\n|switch|p2a: Toxapex|Toxapex, F|100\/100\n|move|p1a: Breloom|Bullet Seed|p2a: Toxapex\n|-damage|p2a: Toxapex|78\/100\n|-damage|p2a: Toxapex|58\/100\n|-hitcount|p2a: Toxapex|2\n|\n|upkeep\n|turn|11\n|\n|t:|1699851626\n|move|p2a: Toxapex|Baneful Bunker|p2a: Toxapex\n|-singleturn|p2a: Toxapex|move: Protect\n|move|p1a: Breloom|Bullet Seed|p2a: Toxapex\n|-activate|p2a: Toxapex|move: Protect\n|\n|upkeep\n|turn|12\n|\n|t:|1699851634\n|switch|p2a: Yanmega|Yanmega, M|100\/100\n|move|p1a: Breloom|Bullet Seed|p2a: Yanmega\n|-resisted|p2a: Yanmega\n|-damage|p2a: Yanmega|91\/100\n|-resisted|p2a: Yanmega\n|-damage|p2a: Yanmega|81\/100\n|-resisted|p2a: Yanmega\n|-damage|p2a: Yanmega|71\/100\n|-hitcount|p2a: Yanmega|3\n|\n|upkeep\n|turn|13\n|\n|t:|1699851646\n|switch|p1a: Blissey|Blissey, F|94\/100\n|-terastallize|p2a: Yanmega|Flying\n|move|p2a: Yanmega|Air Slash|p1a: Blissey\n|-damage|p1a: Blissey|70\/100\n|\n|upkeep\n|turn|14\n|\n|t:|1699851656\n|switch|p2a: Persian|Persian, M|100\/100\n|move|p1a: Blissey|Gravity|p1a: Blissey\n|-fieldstart|move: Gravity\n|\n|upkeep\n|turn|15\n|\n|t:|1699851664\n|switch|p1a: Great Tusk|Great Tusk|76\/100\n|move|p2a: Persian|Switcheroo|p1a: Great Tusk\n|-activate|p2a: Persian|move: Trick|[of] p1a: Great Tusk\n|-item|p1a: Great Tusk|Choice Scarf|[from] move: Switcheroo\n|-item|p2a: Persian|Heavy-Duty Boots|[from] move: Switcheroo\n|\n|upkeep\n|turn|16\n|\n|t:|1699851684\n|move|p1a: Great Tusk|Headlong Rush|p2a: Persian\n|-damage|p2a: Persian|0 fnt\n|-unboost|p1a: Great Tusk|def|1\n|-unboost|p1a: Great Tusk|spd|1\n|faint|p2a: Persian\n|\n|upkeep\n|\n|t:|1699851690\n|switch|p2a: Yanmega|Yanmega, M, tera:Flying|71\/100\n|turn|17\n|c|\u2606bunnelby to NU|thx for the scarf\n|\n|t:|1699851694\n|move|p1a: Great Tusk|Headlong Rush|p2a: Yanmega\n|-damage|p2a: Yanmega|0 fnt\n|-unboost|p1a: Great Tusk|def|1\n|-unboost|p1a: Great Tusk|spd|1\n|faint|p2a: Yanmega\n|\n|upkeep\n|\n|t:|1699851700\n|switch|p2a: Weezing|Weezing-Galar, F, shiny|98\/100\n|turn|18\n|\n|t:|1699851703\n|move|p1a: Great Tusk|Headlong Rush|p2a: Weezing\n|-supereffective|p2a: Weezing\n|-damage|p2a: Weezing|0 fnt\n|-unboost|p1a: Great Tusk|def|1\n|-unboost|p1a: Great Tusk|spd|1\n|faint|p2a: Weezing\n|\n|-fieldend|move: Gravity\n|upkeep\n|-message|Lyn0730 forfeited.\n|\n|win|bunnelby to NU\n|raw|bunnelby to NU's rating: 1201 &rarr; <strong>1228<\/strong><br \/>(+27 for winning)\n|raw|Lyn0730's rating: 1228 &rarr; <strong>1201<\/strong><br \/>(-27 for losing)\n|l|\u2606Lyn0730\n","uploadtime":1699851713,"views":44,"p1id":"bunnelbytonu","p2id":"lyn0730","formatid":"gen9ou","rating":1201,"private":0,"password":""}