{"id":"gen9ou-1994185904","p1":"Friede275","p2":"Slurpuff Only Fans","format":"[Gen 9] OU","log":"|j|\u2606Friede275\n|j|\u2606Slurpuff Only Fans\n|t:|1700416618\n|gametype|singles\n|player|p1|Friede275|drayden|1054\n|player|p2|Slurpuff Only Fans|parasollady|1100\n|teamsize|p1|6\n|teamsize|p2|6\n|gen|9\n|tier|[Gen 9] OU\n|rated|\n|rule|Sleep Clause Mod: Limit one foe put to sleep\n|rule|Species Clause: Limit one of each Pok\u00e9mon\n|rule|OHKO Clause: OHKO moves are banned\n|rule|Evasion Items Clause: Evasion items are banned\n|rule|Evasion Moves Clause: Evasion moves are banned\n|rule|Endless Battle Clause: Forcing endless battles is banned\n|rule|HP Percentage Mod: HP is shown in percentages\n|clearpoke\n|poke|p1|Dipplin, F|\n|poke|p1|Heatran, F|\n|poke|p1|Dondozo, M|\n|poke|p1|Landorus-Therian, M|\n|poke|p1|Iron Valiant|\n|poke|p1|Corviknight, M|\n|poke|p2|Sableye, M|\n|poke|p2|Garchomp, M|\n|poke|p2|Hawlucha, M|\n|poke|p2|Greninja-*, M|\n|poke|p2|Coalossal, F|\n|poke|p2|Ribombee, F|\n|teampreview\n|\n|t:|1700416628\n|start\n|switch|p1a: Heatran|Heatran, F|100\/100\n|switch|p2a: Ribbit|Greninja, M|100\/100\n|turn|1\n|inactive|Battle timer is ON: inactive players will automatically lose when time's up. (requested by Slurpuff Only Fans)\n|\n|t:|1700416640\n|-terastallize|p1a: Heatran|Grass\n|move|p2a: Ribbit|Surf|p1a: Heatran\n|-resisted|p1a: Heatran\n|-damage|p1a: Heatran|85\/100\n|move|p1a: Heatran|Magma Storm|p2a: Ribbit\n|-resisted|p2a: Ribbit\n|-damage|p2a: Ribbit|52\/100\n|-activate|p2a: Ribbit|move: Magma Storm|[of] p1a: Heatran\n|\n|-heal|p1a: Heatran|91\/100|[from] item: Leftovers\n|-damage|p2a: Ribbit|39\/100|[from] move: Magma Storm|[partiallytrapped]\n|upkeep\n|turn|2\n|\n|t:|1700416656\n|move|p2a: Ribbit|Ice Beam|p1a: Heatran\n|-supereffective|p1a: Heatran\n|-damage|p1a: Heatran|50\/100\n|move|p1a: Heatran|Earth Power|p2a: Ribbit\n|-damage|p2a: Ribbit|0 fnt\n|faint|p2a: Ribbit\n|\n|-heal|p1a: Heatran|57\/100|[from] item: Leftovers\n|upkeep\n|\n|t:|1700416667\n|switch|p2a: Bee go brrr|Ribombee, F|100\/100\n|turn|3\n|\n|t:|1700416683\n|switch|p1a: Corviknight|Corviknight, M|100\/100\n|move|p2a: Bee go brrr|Sticky Web|p1a: Corviknight\n|-sidestart|p1: Friede275|move: Sticky Web\n|\n|upkeep\n|turn|4\n|\n|t:|1700416693\n|move|p2a: Bee go brrr|Stun Spore|p1a: Corviknight|[miss]\n|-miss|p2a: Bee go brrr|p1a: Corviknight\n|move|p1a: Corviknight|Brave Bird|p2a: Bee go brrr\n|-supereffective|p2a: Bee go brrr\n|-enditem|p2a: Bee go brrr|Focus Sash\n|-damage|p2a: Bee go brrr|1\/100\n|-damage|p1a: Corviknight|79\/100|[from] Recoil\n|\n|upkeep\n|turn|5\n|\n|t:|1700416707\n|move|p2a: Bee go brrr|U-turn|p1a: Corviknight\n|-resisted|p1a: Corviknight\n|-damage|p1a: Corviknight|77\/100\n|\n|t:|1700416710\n|switch|p2a: Wet Me|Coalossal, F|100\/100|[from] U-turn\n|move|p1a: Corviknight|Brave Bird|p2a: Wet Me\n|-resisted|p2a: Wet Me\n|-damage|p2a: Wet Me|88\/100\n|-damage|p1a: Corviknight|73\/100|[from] Recoil\n|\n|upkeep\n|turn|6\n|\n|t:|1700416726\n|switch|p1a: Heatran|Heatran, F, tera:Grass|57\/100\n|-activate|p1a: Heatran|move: Sticky Web\n|-unboost|p1a: Heatran|spe|1\n|move|p2a: Wet Me|Stealth Rock|p1a: Heatran\n|-sidestart|p1: Friede275|move: Stealth Rock\n|\n|-heal|p1a: Heatran|63\/100|[from] item: Leftovers\n|upkeep\n|turn|7\n|\n|t:|1700416738\n|move|p1a: Heatran|Earth Power|p2a: Wet Me\n|-supereffective|p2a: Wet Me\n|-damage|p2a: Wet Me|0 fnt\n|faint|p2a: Wet Me\n|\n|-heal|p1a: Heatran|69\/100|[from] item: Leftovers\n|upkeep\n|\n|t:|1700416742\n|switch|p2a: Nacho Libre|Hawlucha, M|100\/100\n|turn|8\n|\n|t:|1700416755\n|switch|p1a: Corviknight|Corviknight, M|73\/100\n|move|p2a: Nacho Libre|Swords Dance|p2a: Nacho Libre\n|-boost|p2a: Nacho Libre|atk|2\n|\n|upkeep\n|turn|9\n|\n|t:|1700416764\n|move|p2a: Nacho Libre|Close Combat|p1a: Corviknight\n|-damage|p1a: Corviknight|5\/100\n|-unboost|p2a: Nacho Libre|def|1\n|-unboost|p2a: Nacho Libre|spd|1\n|move|p1a: Corviknight|Defog|p2a: Nacho Libre\n|-unboost|p2a: Nacho Libre|evasion|1\n|-sideend|p1: Friede275|Stealth Rock|[from] move: Defog|[of] p1a: Corviknight\n|-sideend|p1: Friede275|Sticky Web|[from] move: Defog|[of] p1a: Corviknight\n|\n|upkeep\n|turn|10\n|\n|t:|1700416782\n|switch|p1a: Dondozo|Dondozo, M|100\/100\n|move|p2a: Nacho Libre|Close Combat|p1a: Dondozo\n|-damage|p1a: Dondozo|78\/100\n|-unboost|p2a: Nacho Libre|def|1\n|-unboost|p2a: Nacho Libre|spd|1\n|\n|upkeep\n|turn|11\n|\n|t:|1700416798\n|move|p2a: Nacho Libre|Swords Dance|p2a: Nacho Libre\n|-boost|p2a: Nacho Libre|atk|2\n|move|p1a: Dondozo|Liquidation|p2a: Nacho Libre\n|-damage|p2a: Nacho Libre|60\/100\n|-unboost|p2a: Nacho Libre|def|1\n|\n|upkeep\n|turn|12\n|\n|t:|1700416808\n|move|p2a: Nacho Libre|Endure|p2a: Nacho Libre\n|-singleturn|p2a: Nacho Libre|move: Endure\n|move|p1a: Dondozo|Liquidation|p2a: Nacho Libre\n|-damage|p2a: Nacho Libre|22\/100\n|-enditem|p2a: Nacho Libre|Liechi Berry|[eat]\n|-boost|p2a: Nacho Libre|atk|1|[from] item: Liechi Berry\n|\n|upkeep\n|turn|13\n|\n|t:|1700416819\n|move|p2a: Nacho Libre|Close Combat|p1a: Dondozo\n|-damage|p1a: Dondozo|55\/100\n|-unboost|p2a: Nacho Libre|def|1\n|-unboost|p2a: Nacho Libre|spd|1\n|move|p1a: Dondozo|Liquidation|p2a: Nacho Libre\n|-damage|p2a: Nacho Libre|0 fnt\n|faint|p2a: Nacho Libre\n|\n|upkeep\n|-message|Slurpuff Only Fans forfeited.\n|\n|win|Friede275\n|raw|Friede275's rating: 1054 &rarr; <strong>1088<\/strong><br \/>(+34 for winning)\n|raw|Slurpuff Only Fans's rating: 1072 &rarr; <strong>1050<\/strong><br \/>(-22 for losing)\n|l|\u2606Slurpuff Only Fans\n","uploadtime":1700416837,"views":8,"p1id":"friede275","p2id":"slurpuffonlyfans","formatid":"gen9ou","rating":1050,"private":0,"password":""}