{"id":"gen9ou-1988479071","p1":"TempestadRamiro","p2":"100kBuckss","format":"[Gen 9] OU","log":"|j|\u2606TempestadRamiro\n|j|\u2606100kBuckss\n|t:|1699727331\n|gametype|singles\n|player|p1|TempestadRamiro|barry|1116\n|player|p2|100kBuckss|wally-masters|1118\n|teamsize|p1|6\n|teamsize|p2|6\n|gen|9\n|tier|[Gen 9] OU\n|rated|\n|rule|Sleep Clause Mod: Limit one foe put to sleep\n|rule|Species Clause: Limit one of each Pok\u00e9mon\n|rule|OHKO Clause: OHKO moves are banned\n|rule|Evasion Items Clause: Evasion items are banned\n|rule|Evasion Moves Clause: Evasion moves are banned\n|rule|Endless Battle Clause: Forcing endless battles is banned\n|rule|HP Percentage Mod: HP is shown in percentages\n|clearpoke\n|poke|p1|Mismagius, F|\n|poke|p1|Armarouge, F|\n|poke|p1|Dondozo, M|\n|poke|p1|Scizor, M|\n|poke|p1|Gliscor, M|\n|poke|p1|Tsareena, F|\n|poke|p2|Garganacl, F|\n|poke|p2|Dragonite, M|\n|poke|p2|Great Tusk|\n|poke|p2|Zapdos|\n|poke|p2|Ogerpon-Wellspring, F|\n|poke|p2|Slowking-Galar, F|\n|teampreview\n|\n|t:|1699727350\n|start\n|switch|p1a: Echidna|Mismagius, F|100\/100\n|switch|p2a: Great Tusk|Great Tusk|100\/100\n|turn|1\n|\n|t:|1699727363\n|move|p1a: Echidna|Trick|p2a: Great Tusk\n|-activate|p1a: Echidna|move: Trick|[of] p2a: Great Tusk\n|-item|p2a: Great Tusk|Choice Scarf|[from] move: Trick\n|-item|p1a: Echidna|Leftovers|[from] move: Trick\n|move|p2a: Great Tusk|Stealth Rock|p1a: Echidna\n|-sidestart|p1: TempestadRamiro|move: Stealth Rock\n|\n|upkeep\n|turn|2\n|\n|t:|1699727376\n|switch|p1a: Kii|Tsareena, F|100\/100\n|move|p2a: Great Tusk|Stealth Rock||[still]\n|-fail|p2a: Great Tusk\n|\n|upkeep\n|turn|3\n|\n|t:|1699727388\n|-end|p2a: Great Tusk|Protosynthesis|[silent]\n|switch|p2a: Zapdos|Zapdos|100\/100\n|move|p1a: Kii|Rapid Spin|p2a: Zapdos\n|-damage|p2a: Zapdos|86\/100\n|-boost|p1a: Kii|spe|1\n|-sideend|p1: TempestadRamiro|Stealth Rock|[from] move: Rapid Spin|[of] p1a: Kii\n|\n|upkeep\n|turn|4\n|\n|t:|1699727404\n|switch|p1a: Batman|Gliscor, M|100\/100\n|move|p2a: Zapdos|U-turn|p1a: Batman\n|-resisted|p1a: Batman\n|-damage|p1a: Batman|94\/100\n|\n|t:|1699727412\n|switch|p2a: Ogerpon|Ogerpon-Wellspring, F|100\/100|[from] U-turn\n|\n|-status|p1a: Batman|tox|[from] item: Toxic Orb\n|upkeep\n|turn|5\n|\n|t:|1699727431\n|switch|p1a: Dieguito|Dondozo, M|100\/100\n|move|p2a: Ogerpon|Ivy Cudgel|p1a: Dieguito\n|-resisted|p1a: Dieguito\n|-damage|p1a: Dieguito|86\/100\n|\n|-heal|p1a: Dieguito|92\/100|[from] item: Leftovers\n|upkeep\n|turn|6\n|\n|t:|1699727443\n|move|p2a: Ogerpon|Power Whip|p1a: Dieguito\n|-supereffective|p1a: Dieguito\n|-damage|p1a: Dieguito|26\/100\n|move|p1a: Dieguito|Curse|p1a: Dieguito\n|-unboost|p1a: Dieguito|spe|1\n|-boost|p1a: Dieguito|atk|1\n|-boost|p1a: Dieguito|def|1\n|\n|-heal|p1a: Dieguito|32\/100|[from] item: Leftovers\n|upkeep\n|turn|7\n|\n|t:|1699727456\n|move|p2a: Ogerpon|Power Whip|p1a: Dieguito|[miss]\n|-miss|p2a: Ogerpon|p1a: Dieguito\n|move|p1a: Dieguito|Earthquake|p2a: Ogerpon\n|-resisted|p2a: Ogerpon\n|-damage|p2a: Ogerpon|79\/100\n|\n|-heal|p1a: Dieguito|38\/100|[from] item: Leftovers\n|upkeep\n|turn|8\n|\n|t:|1699727466\n|move|p2a: Ogerpon|Power Whip|p1a: Dieguito\n|-supereffective|p1a: Dieguito\n|-damage|p1a: Dieguito|0 fnt\n|faint|p1a: Dieguito\n|\n|upkeep\n|\n|t:|1699727478\n|switch|p1a: Kamen Rider|Scizor, M|100\/100\n|turn|9\n|\n|t:|1699727488\n|move|p2a: Ogerpon|Knock Off|p1a: Kamen Rider\n|-damage|p1a: Kamen Rider|63\/100\n|-enditem|p1a: Kamen Rider|Life Orb|[from] move: Knock Off|[of] p2a: Ogerpon\n|move|p1a: Kamen Rider|Swords Dance|p1a: Kamen Rider\n|-boost|p1a: Kamen Rider|atk|2\n|\n|upkeep\n|turn|10\n|\n|t:|1699727498\n|move|p2a: Ogerpon|Ivy Cudgel|p1a: Kamen Rider\n|-damage|p1a: Kamen Rider|4\/100\n|move|p1a: Kamen Rider|Trailblaze|p2a: Ogerpon\n|-damage|p2a: Ogerpon|0 fnt\n|-boost|p1a: Kamen Rider|spe|1\n|faint|p2a: Ogerpon\n|\n|upkeep\n|\n|t:|1699727512\n|switch|p2a: Dragonite|Dragonite, M|100\/100\n|turn|11\n|\n|t:|1699727517\n|move|p2a: Dragonite|Extreme Speed|p1a: Kamen Rider\n|-resisted|p1a: Kamen Rider\n|-damage|p1a: Kamen Rider|0 fnt\n|faint|p1a: Kamen Rider\n|\n|upkeep\n|\n|t:|1699727520\n|switch|p1a: Echidna|Mismagius, F|100\/100\n|turn|12\n|\n|t:|1699727533\n|switch|p2a: Great Tusk|Great Tusk|100\/100\n|move|p1a: Echidna|Shadow Ball|p2a: Great Tusk\n|-damage|p2a: Great Tusk|68\/100\n|\n|upkeep\n|turn|13\n|\n|t:|1699727541\n|switch|p1a: Batman|Gliscor, M|94\/100 tox\n|move|p2a: Great Tusk|Knock Off|p1a: Batman\n|-damage|p1a: Batman|65\/100 tox\n|-enditem|p1a: Batman|Toxic Orb|[from] move: Knock Off|[of] p2a: Great Tusk\n|\n|-heal|p1a: Batman|77\/100 tox|[from] ability: Poison Heal\n|upkeep\n|turn|14\n|\n|t:|1699727558\n|-end|p2a: Great Tusk|Protosynthesis|[silent]\n|switch|p2a: Dragonite|Dragonite, M|100\/100\n|move|p1a: Batman|Swords Dance|p1a: Batman\n|-boost|p1a: Batman|atk|2\n|\n|-heal|p1a: Batman|90\/100 tox|[from] ability: Poison Heal\n|upkeep\n|turn|15\n|\n|t:|1699727566\n|move|p1a: Batman|Facade|p2a: Dragonite\n|-damage|p2a: Dragonite|59\/100\n|move|p2a: Dragonite|Ice Punch|p1a: Batman\n|-supereffective|p1a: Batman\n|-damage|p1a: Batman|0 fnt\n|faint|p1a: Batman\n|\n|upkeep\n|\n|t:|1699727573\n|switch|p1a: Echidna|Mismagius, F|100\/100\n|turn|16\n|\n|t:|1699727578\n|-terastallize|p1a: Echidna|Fairy\n|-terastallize|p2a: Dragonite|Normal\n|move|p1a: Echidna|Tera Blast|p2a: Dragonite|[anim] Tera Blast Fairy\n|-damage|p2a: Dragonite|21\/100\n|move|p2a: Dragonite|Ice Punch|p1a: Echidna\n|-damage|p1a: Echidna|17\/100\n|\n|-heal|p1a: Echidna|23\/100|[from] item: Leftovers\n|upkeep\n|turn|17\n|\n|t:|1699727595\n|switch|p2a: Slowking|Slowking-Galar, F, shiny|100\/100\n|move|p1a: Echidna|Tera Blast|p2a: Slowking|[anim] Tera Blast Fairy\n|-resisted|p2a: Slowking\n|-damage|p2a: Slowking|86\/100\n|\n|-heal|p1a: Echidna|30\/100|[from] item: Leftovers\n|upkeep\n|turn|18\n|\n|t:|1699727608\n|move|p1a: Echidna|Shadow Ball|p2a: Slowking\n|-supereffective|p2a: Slowking\n|-damage|p2a: Slowking|24\/100\n|move|p2a: Slowking|Future Sight|p1a: Echidna\n|-start|p2a: Slowking|move: Future Sight\n|\n|-heal|p1a: Echidna|36\/100|[from] item: Leftovers\n|upkeep\n|turn|19\n|\n|t:|1699727624\n|switch|p2a: Dragonite|Dragonite, M, tera:Normal|21\/100\n|move|p1a: Echidna|Tera Blast|p2a: Dragonite|[anim] Tera Blast Fairy\n|-damage|p2a: Dragonite|0 fnt\n|faint|p2a: Dragonite\n|\n|-heal|p1a: Echidna|42\/100|[from] item: Leftovers\n|upkeep\n|\n|t:|1699727636\n|switch|p2a: Great Tusk|Great Tusk|68\/100\n|turn|20\n|\n|t:|1699727639\n|move|p1a: Echidna|Shadow Ball|p2a: Great Tusk\n|-damage|p2a: Great Tusk|35\/100\n|move|p2a: Great Tusk|Knock Off|p1a: Echidna\n|-resisted|p1a: Echidna\n|-damage|p1a: Echidna|12\/100\n|-enditem|p1a: Echidna|Leftovers|[from] move: Knock Off|[of] p2a: Great Tusk\n|\n|-end|p1a: Echidna|move: Future Sight\n|-damage|p1a: Echidna|0 fnt\n|faint|p1a: Echidna\n|upkeep\n|\n|t:|1699727646\n|switch|p1a: Kii|Tsareena, F|100\/100\n|turn|21\n|\n|t:|1699727675\n|-end|p2a: Great Tusk|Protosynthesis|[silent]\n|switch|p2a: Slowking|Slowking-Galar, F, shiny|57\/100\n|move|p1a: Kii|Rapid Spin|p2a: Slowking\n|-damage|p2a: Slowking|43\/100\n|-boost|p1a: Kii|spe|1\n|\n|upkeep\n|turn|22\n|\n|t:|1699727685\n|move|p1a: Kii|Knock Off|p2a: Slowking\n|-supereffective|p2a: Slowking\n|-crit|p2a: Slowking\n|-damage|p2a: Slowking|0 fnt\n|-enditem|p2a: Slowking|Heavy-Duty Boots|[from] move: Knock Off|[of] p1a: Kii\n|faint|p2a: Slowking\n|\n|upkeep\n|\n|t:|1699727691\n|switch|p2a: Zapdos|Zapdos|86\/100\n|turn|23\n|\n|t:|1699727704\n|move|p1a: Kii|Knock Off|p2a: Zapdos\n|-damage|p2a: Zapdos|58\/100\n|-enditem|p2a: Zapdos|Heavy-Duty Boots|[from] move: Knock Off|[of] p1a: Kii\n|move|p2a: Zapdos|U-turn|p1a: Kii\n|-supereffective|p1a: Kii\n|-damage|p1a: Kii|73\/100\n|\n|t:|1699727729\n|switch|p2a: Great Tusk|Great Tusk|35\/100|[from] U-turn\n|\n|upkeep\n|turn|24\n|\n|t:|1699727755\n|move|p2a: Great Tusk|Knock Off|p1a: Kii\n|-damage|p1a: Kii|45\/100\n|-enditem|p1a: Kii|Heavy-Duty Boots|[from] move: Knock Off|[of] p2a: Great Tusk\n|move|p1a: Kii|Power Whip|p2a: Great Tusk\n|-supereffective|p2a: Great Tusk\n|-damage|p2a: Great Tusk|0 fnt\n|faint|p2a: Great Tusk\n|-end|p2a: Great Tusk|Protosynthesis|[silent]\n|\n|upkeep\n|\n|t:|1699727767\n|switch|p2a: Zapdos|Zapdos|58\/100\n|turn|25\n|\n|t:|1699727772\n|move|p1a: Kii|Knock Off|p2a: Zapdos\n|-damage|p2a: Zapdos|41\/100\n|move|p2a: Zapdos|Hurricane|p1a: Kii\n|-supereffective|p1a: Kii\n|-damage|p1a: Kii|0 fnt\n|faint|p1a: Kii\n|\n|upkeep\n|\n|t:|1699727775\n|switch|p1a: Samus|Armarouge, F|100\/100\n|turn|26\n|\n|t:|1699727787\n|move|p2a: Zapdos|Roost|p2a: Zapdos\n|-heal|p2a: Zapdos|91\/100\n|-singleturn|p2a: Zapdos|move: Roost\n|move|p1a: Samus|Armor Cannon|p2a: Zapdos\n|-damage|p2a: Zapdos|25\/100\n|-unboost|p1a: Samus|def|1\n|-unboost|p1a: Samus|spd|1\n|\n|upkeep\n|turn|27\n|\n|t:|1699727803\n|move|p2a: Zapdos|Hurricane|p1a: Samus\n|-damage|p1a: Samus|23\/100\n|move|p1a: Samus|Armor Cannon|p2a: Zapdos\n|-damage|p2a: Zapdos|0 fnt\n|-unboost|p1a: Samus|def|1\n|-unboost|p1a: Samus|spd|1\n|faint|p2a: Zapdos\n|\n|upkeep\n|\n|t:|1699727812\n|switch|p2a: Garganacl|Garganacl, F|100\/100\n|turn|28\n|\n|t:|1699727822\n|move|p1a: Samus|Endure|p1a: Samus\n|-singleturn|p1a: Samus|move: Endure\n|move|p2a: Garganacl|Salt Cure|p1a: Samus\n|-supereffective|p1a: Samus\n|-activate|p1a: Samus|move: Endure\n|-damage|p1a: Samus|1\/100\n|-start|p1a: Samus|Salt Cure\n|-ability|p1a: Samus|Weak Armor|boost\n|-unboost|p1a: Samus|def|1\n|-boost|p1a: Samus|spe|2\n|-enditem|p1a: Samus|Weakness Policy\n|-boost|p1a: Samus|atk|2|[from] item: Weakness Policy\n|-boost|p1a: Samus|spa|2|[from] item: Weakness Policy\n|\n|-damage|p1a: Samus|0 fnt|[from] Salt Cure\n|faint|p1a: Samus\n|\n|win|100kBuckss\n|upkeep\n|raw|TempestadRamiro's rating: 1143 &rarr; <strong>1116<\/strong><br \/>(-27 for losing)\n|raw|100kBuckss's rating: 1118 &rarr; <strong>1145<\/strong><br \/>(+27 for winning)\n|l|\u2606TempestadRamiro\n|c|\u2606100kBuckss|gg\n","uploadtime":1699727840,"views":14,"p1id":"tempestadramiro","p2id":"100kbuckss","formatid":"gen9ou","rating":1116,"private":0,"password":""}