{"id":"gen9ou-1992422483","p1":"somerowo","p2":"lvzyy1","format":"[Gen 9] OU","log":"|j|\u2606somerowo\n|j|\u2606lvzyy1\n|t:|1700185728\n|gametype|singles\n|player|p1|somerowo|265|\n|player|p2|lvzyy1|2|\n|teamsize|p1|6\n|teamsize|p2|6\n|gen|9\n|tier|[Gen 9] OU\n|rule|Sleep Clause Mod: Limit one foe put to sleep\n|rule|Species Clause: Limit one of each Pok\u00e9mon\n|rule|OHKO Clause: OHKO moves are banned\n|rule|Evasion Items Clause: Evasion items are banned\n|rule|Evasion Moves Clause: Evasion moves are banned\n|rule|Endless Battle Clause: Forcing endless battles is banned\n|rule|HP Percentage Mod: HP is shown in percentages\n|clearpoke\n|poke|p1|Ceruledge, M|\n|poke|p1|Zamazenta-*|\n|poke|p1|Gholdengo|\n|poke|p1|Samurott-Hisui, M|\n|poke|p1|Greninja-*, M|\n|poke|p1|Zapdos|\n|poke|p2|Greninja-*, F|\n|poke|p2|Pelipper, M|\n|poke|p2|Kingambit, M|\n|poke|p2|Zapdos|\n|poke|p2|Ting-Lu|\n|poke|p2|Basculegion, M|\n|teampreview\n|c|\u2606lvzyy1|uturn into basc vs greninja or no?\n|\n|t:|1700185800\n|start\n|switch|p1a: Samurott|Samurott-Hisui, M|100\/100\n|switch|p2a: Ting-Lu|Ting-Lu|100\/100\n|-ability|p2a: Ting-Lu|Vessel of Ruin\n|turn|1\n|\n|t:|1700185810\n|move|p1a: Samurott|Aqua Cutter|p2a: Ting-Lu\n|-supereffective|p2a: Ting-Lu\n|-damage|p2a: Ting-Lu|25\/100\n|-enditem|p2a: Ting-Lu|Red Card|[of] p1a: Samurott\n|drag|p1a: Greninja|Greninja, M|100\/100\n|move|p2a: Ting-Lu|Stealth Rock|p1a: Greninja\n|-sidestart|p1: somerowo|move: Stealth Rock\n|\n|upkeep\n|turn|2\n|\n|t:|1700185820\n|move|p1a: Greninja|Water Shuriken|p2a: Ting-Lu\n|-supereffective|p2a: Ting-Lu\n|-damage|p2a: Ting-Lu|20\/100\n|-supereffective|p2a: Ting-Lu\n|-damage|p2a: Ting-Lu|13\/100\n|-supereffective|p2a: Ting-Lu\n|-damage|p2a: Ting-Lu|8\/100\n|-supereffective|p2a: Ting-Lu\n|-damage|p2a: Ting-Lu|0 fnt\n|faint|p2a: Ting-Lu\n|-ability|p1a: Greninja|Battle Bond|boost\n|-boost|p1a: Greninja|atk|1\n|-boost|p1a: Greninja|spa|1\n|-boost|p1a: Greninja|spe|1\n|-activate|p1a: Greninja|ability: Battle Bond\n|-hitcount|p2: Ting-Lu|4\n|\n|upkeep\n|\n|t:|1700185833\n|switch|p2a: Pelipper|Pelipper, M|100\/100\n|-weather|RainDance|[from] ability: Drizzle|[of] p2a: Pelipper\n|turn|3\n|\n|t:|1700185846\n|move|p1a: Greninja|Ice Beam|p2a: Pelipper\n|-damage|p2a: Pelipper|43\/100\n|move|p2a: Pelipper|U-turn|p1a: Greninja\n|-supereffective|p1a: Greninja\n|-damage|p1a: Greninja|70\/100\n|\n|t:|1700185851\n|switch|p2a: Basculegion|Basculegion, M|100\/100|[from] U-turn\n|\n|-weather|RainDance|[upkeep]\n|upkeep\n|turn|4\n|c|\u2606lvzyy1|what do u want me to use here?\n|\n|t:|1700185874\n|move|p1a: Greninja|Dark Pulse|p2a: Basculegion\n|-supereffective|p2a: Basculegion\n|-damage|p2a: Basculegion|0 fnt\n|faint|p2a: Basculegion\n|\n|-weather|RainDance|[upkeep]\n|upkeep\n|\n|t:|1700185889\n|switch|p2a: Zapdos|Zapdos|100\/100\n|turn|5\n|\n|t:|1700185895\n|move|p1a: Greninja|Ice Beam|p2a: Zapdos\n|-supereffective|p2a: Zapdos\n|-damage|p2a: Zapdos|26\/100\n|move|p2a: Zapdos|Thunder Wave|p1a: Greninja|[miss]\n|-miss|p2a: Zapdos|p1a: Greninja\n|\n|-weather|RainDance|[upkeep]\n|upkeep\n|turn|6\n|\n|t:|1700185931\n|move|p1a: Greninja|Ice Beam|p2a: Zapdos\n|-supereffective|p2a: Zapdos\n|-damage|p2a: Zapdos|0 fnt\n|faint|p2a: Zapdos\n|\n|-weather|RainDance|[upkeep]\n|upkeep\n|\n|t:|1700185937\n|switch|p2a: Kingambit|Kingambit, M|100\/100\n|-activate|p2a: Kingambit|ability: Supreme Overlord\n|-start|p2a: Kingambit|fallen3|[silent]\n|turn|7\n|\n|t:|1700185953\n|-terastallize|p2a: Kingambit|Fairy\n|move|p1a: Greninja|Water Shuriken|p2a: Kingambit\n|-damage|p2a: Kingambit|84\/100\n|-damage|p2a: Kingambit|69\/100\n|-damage|p2a: Kingambit|56\/100\n|-damage|p2a: Kingambit|40\/100\n|-hitcount|p2a: Kingambit|4\n|move|p2a: Kingambit|Tera Blast|p1a: Greninja|[anim] Tera Blast Fairy\n|-supereffective|p1a: Greninja\n|-damage|p1a: Greninja|0 fnt\n|faint|p1a: Greninja\n|\n|-weather|RainDance|[upkeep]\n|-heal|p2a: Kingambit|47\/100|[from] item: Leftovers\n|upkeep\n|\n|t:|1700185971\n|switch|p1a: Gholdengo|Gholdengo|100\/100\n|-damage|p1a: Gholdengo|94\/100|[from] Stealth Rock\n|-item|p1a: Gholdengo|Air Balloon\n|turn|8\n|\n|t:|1700185986\n|-terastallize|p1a: Gholdengo|Flying\n|move|p2a: Kingambit|Sucker Punch|p1a: Gholdengo\n|-damage|p1a: Gholdengo|48\/100\n|-enditem|p1a: Gholdengo|Air Balloon\n|move|p1a: Gholdengo|Make It Rain|p2a: Kingambit\n|-supereffective|p2a: Kingambit\n|-damage|p2a: Kingambit|0 fnt\n|-unboost|p1a: Gholdengo|spa|1\n|faint|p2a: Kingambit\n|-end|p2a: Kingambit|fallen3|[silent]\n|\n|-weather|RainDance|[upkeep]\n|upkeep\n|\n|t:|1700186000\n|switch|p2a: Greninja|Greninja, F|100\/100\n|turn|9\n|\n|t:|1700186010\n|move|p2a: Greninja|Dark Pulse|p1a: Gholdengo\n|-start|p2a: Greninja|typechange|Dark|[from] ability: Protean\n|-damage|p1a: Gholdengo|0 fnt\n|faint|p1a: Gholdengo\n|\n|-weather|RainDance|[upkeep]\n|upkeep\n|\n|t:|1700186015\n|switch|p1a: Zapdos|Zapdos|100\/100\n|turn|10\n|\n|t:|1700186018\n|move|p2a: Greninja|Dark Pulse|p1a: Zapdos\n|-damage|p1a: Zapdos|47\/100\n|move|p1a: Zapdos|Thunder|p2a: Greninja\n|-damage|p2a: Greninja|0 fnt\n|faint|p2a: Greninja\n|\n|-weather|none\n|upkeep\n|\n|t:|1700186027\n|switch|p2a: Pelipper|Pelipper, M|43\/100\n|-weather|RainDance|[from] ability: Drizzle|[of] p2a: Pelipper\n|turn|11\n|\n|t:|1700186033\n|move|p1a: Zapdos|Thunder|p2a: Pelipper\n|-supereffective|p2a: Pelipper\n|-damage|p2a: Pelipper|0 fnt\n|faint|p2a: Pelipper\n|\n|win|somerowo\n|l|\u2606somerowo\n","uploadtime":1700186047,"views":7,"p1id":"somerowo","p2id":"lvzyy1","formatid":"gen9ou","rating":0,"private":0,"password":""}