{"id":"gen9ou-1989320845","p1":"estronsio","p2":"Lolnicco","format":"[Gen 9] OU","log":"|j|\u2606estronsio\n|j|\u2606Lolnicco\n|t:|1699836054\n|gametype|singles\n|player|p1|estronsio|pilot|1331\n|player|p2|Lolnicco|169|1371\n|teamsize|p1|6\n|teamsize|p2|6\n|gen|9\n|tier|[Gen 9] OU\n|rated|\n|rule|Sleep Clause Mod: Limit one foe put to sleep\n|rule|Species Clause: Limit one of each Pok\u00e9mon\n|rule|OHKO Clause: OHKO moves are banned\n|rule|Evasion Items Clause: Evasion items are banned\n|rule|Evasion Moves Clause: Evasion moves are banned\n|rule|Endless Battle Clause: Forcing endless battles is banned\n|rule|HP Percentage Mod: HP is shown in percentages\n|clearpoke\n|poke|p1|Ogerpon-Cornerstone, F|\n|poke|p1|Hippowdon, M|\n|poke|p1|Empoleon, F|\n|poke|p1|Kommo-o, M|\n|poke|p1|Glimmora, M|\n|poke|p1|Landorus-Therian, M|\n|poke|p2|Tyranitar, M|\n|poke|p2|Ogerpon-Wellspring, F|\n|poke|p2|Great Tusk|\n|poke|p2|Mandibuzz, F|\n|poke|p2|Dragapult, F|\n|poke|p2|Gholdengo|\n|teampreview\n|inactive|Battle timer is ON: inactive players will automatically lose when time's up. (requested by Lolnicco)\n|inactive|estronsio has 120 seconds left.\n|\n|t:|1699836091\n|start\n|switch|p1a: Kommo-o|Kommo-o, M|100\/100\n|switch|p2a: Tyranitar|Tyranitar, M|100\/100\n|-weather|Sandstorm|[from] ability: Sand Stream|[of] p2a: Tyranitar\n|turn|1\n|inactive|Lolnicco has 120 seconds left.\n|\n|t:|1699836124\n|switch|p2a: Gholdengo|Gholdengo|100\/100\n|move|p1a: Kommo-o|Focus Blast|p2a: Gholdengo\n|-immune|p2a: Gholdengo\n|\n|-weather|Sandstorm|[upkeep]\n|upkeep\n|turn|2\n|\n|t:|1699836130\n|move|p2a: Gholdengo|Make It Rain|p1a: Kommo-o\n|-damage|p1a: Kommo-o|68\/100\n|-unboost|p2a: Gholdengo|spa|1\n|move|p1a: Kommo-o|Dragon Tail|p2a: Gholdengo\n|-resisted|p2a: Gholdengo\n|-damage|p2a: Gholdengo|90\/100\n|drag|p2a: Tyranitar|Tyranitar, M|100\/100\n|\n|-weather|Sandstorm|[upkeep]\n|upkeep\n|turn|3\n|\n|t:|1699836147\n|switch|p1a: Landorus|Landorus-Therian, M|100\/100\n|-ability|p1a: Landorus|Intimidate|boost\n|-unboost|p2a: Tyranitar|atk|1\n|move|p2a: Tyranitar|Stealth Rock|p1a: Landorus\n|-sidestart|p1: estronsio|move: Stealth Rock\n|\n|-weather|Sandstorm|[upkeep]\n|upkeep\n|turn|4\n|\n|t:|1699836155\n|move|p1a: Landorus|Rock Slide|p2a: Tyranitar\n|-damage|p2a: Tyranitar|78\/100\n|move|p2a: Tyranitar|Ice Beam|p1a: Landorus\n|-supereffective|p1a: Landorus\n|-damage|p1a: Landorus|0 fnt\n|faint|p1a: Landorus\n|\n|-weather|Sandstorm|[upkeep]\n|-heal|p2a: Tyranitar|85\/100|[from] item: Leftovers\n|upkeep\n|\n|t:|1699836162\n|switch|p1a: Ogerpon|Ogerpon-Cornerstone, F|100\/100\n|-damage|p1a: Ogerpon|88\/100|[from] Stealth Rock\n|turn|5\n|\n|t:|1699836170\n|switch|p2a: Gholdengo|Gholdengo|90\/100\n|move|p1a: Ogerpon|Horn Leech|p2a: Gholdengo\n|-resisted|p2a: Gholdengo\n|-damage|p2a: Gholdengo|70\/100\n|-heal|p1a: Ogerpon|100\/100|[from] drain|[of] p2a: Gholdengo\n|\n|-weather|none\n|upkeep\n|turn|6\n|\n|t:|1699836184\n|-terastallize|p2a: Gholdengo|Dark\n|move|p1a: Ogerpon|Ivy Cudgel|p2a: Gholdengo\n|-crit|p2a: Gholdengo\n|-damage|p2a: Gholdengo|0 fnt\n|faint|p2a: Gholdengo\n|\n|upkeep\n|\n|t:|1699836193\n|switch|p2a: Dragapult|Dragapult, F|100\/100\n|turn|7\n|\n|t:|1699836205\n|move|p2a: Dragapult|Draco Meteor|p1a: Ogerpon\n|-damage|p1a: Ogerpon|4\/100\n|-unboost|p2a: Dragapult|spa|2\n|move|p1a: Ogerpon|Ivy Cudgel|p2a: Dragapult\n|-damage|p2a: Dragapult|22\/100\n|\n|upkeep\n|turn|8\n|\n|t:|1699836213\n|switch|p1a: Empoleon|Empoleon, F|100\/100\n|-damage|p1a: Empoleon|94\/100|[from] Stealth Rock\n|move|p2a: Dragapult|Draco Meteor|p1a: Empoleon\n|-resisted|p1a: Empoleon\n|-damage|p1a: Empoleon|81\/100\n|-unboost|p2a: Dragapult|spa|2\n|\n|-heal|p1a: Empoleon|87\/100|[from] item: Leftovers\n|upkeep\n|turn|9\n|\n|t:|1699836224\n|switch|p2a: Ogerpon|Ogerpon-Wellspring, F|100\/100\n|switch|p1a: Glimmora|Glimmora, M|100\/100\n|-damage|p1a: Glimmora|88\/100|[from] Stealth Rock\n|\n|upkeep\n|turn|10\n|\n|t:|1699836227\n|move|p2a: Ogerpon|Ivy Cudgel|p1a: Glimmora\n|-supereffective|p1a: Glimmora\n|-damage|p1a: Glimmora|0 fnt\n|-activate|p1a: Glimmora|ability: Toxic Debris\n|-sidestart|p2: Lolnicco|move: Toxic Spikes\n|faint|p1a: Glimmora\n|\n|upkeep\n|\n|t:|1699836233\n|switch|p1a: Kommo-o|Kommo-o, M|68\/100\n|-damage|p1a: Kommo-o|62\/100|[from] Stealth Rock\n|turn|11\n|\n|t:|1699836240\n|move|p2a: Ogerpon|U-turn|p1a: Kommo-o\n|-resisted|p1a: Kommo-o\n|-damage|p1a: Kommo-o|52\/100\n|\n|t:|1699836259\n|switch|p2a: Mandibuzz|Mandibuzz, F|100\/100|[from] U-turn\n|move|p1a: Kommo-o|Dragon Tail|p2a: Mandibuzz\n|-damage|p2a: Mandibuzz|87\/100\n|drag|p2a: Ogerpon|Ogerpon-Wellspring, F|100\/100\n|-status|p2a: Ogerpon|psn\n|\n|-damage|p2a: Ogerpon|88\/100 psn|[from] psn\n|upkeep\n|turn|12\n|\n|t:|1699836273\n|move|p2a: Ogerpon|Ivy Cudgel|p1a: Kommo-o\n|-resisted|p1a: Kommo-o\n|-damage|p1a: Kommo-o|28\/100\n|move|p1a: Kommo-o|Dragon Tail|p2a: Ogerpon\n|-damage|p2a: Ogerpon|57\/100 psn\n|drag|p2a: Great Tusk|Great Tusk|100\/100\n|-status|p2a: Great Tusk|psn\n|\n|-damage|p2a: Great Tusk|88\/100 psn|[from] psn\n|upkeep\n|turn|13\n|\n|t:|1699836280\n|move|p2a: Great Tusk|Body Press|p1a: Kommo-o\n|-damage|p1a: Kommo-o|0 fnt\n|faint|p1a: Kommo-o\n|\n|-heal|p2a: Great Tusk|94\/100 psn|[from] item: Leftovers\n|-damage|p2a: Great Tusk|82\/100 psn|[from] psn\n|upkeep\n|\n|t:|1699836283\n|switch|p1a: Hippowdon|Hippowdon, M|100\/100\n|-damage|p1a: Hippowdon|94\/100|[from] Stealth Rock\n|-weather|Sandstorm|[from] ability: Sand Stream|[of] p1a: Hippowdon\n|turn|14\n|\n|t:|1699836285\n|move|p2a: Great Tusk|Rapid Spin|p1a: Hippowdon\n|-damage|p1a: Hippowdon|86\/100\n|-boost|p2a: Great Tusk|spe|1\n|-damage|p2a: Great Tusk|65\/100 psn|[from] item: Rocky Helmet|[of] p1a: Hippowdon\n|-sideend|p2: Lolnicco|Toxic Spikes|[from] move: Rapid Spin|[of] p2a: Great Tusk\n|move|p1a: Hippowdon|Body Press|p2a: Great Tusk\n|-damage|p2a: Great Tusk|53\/100 psn\n|\n|-weather|Sandstorm|[upkeep]\n|-heal|p2a: Great Tusk|59\/100 psn|[from] item: Leftovers\n|-damage|p2a: Great Tusk|46\/100 psn|[from] psn\n|upkeep\n|turn|15\n|\n|t:|1699836294\n|-end|p2a: Great Tusk|Protosynthesis|[silent]\n|switch|p2a: Dragapult|Dragapult, F|22\/100\n|move|p1a: Hippowdon|Stealth Rock|p2a: Dragapult\n|-sidestart|p2: Lolnicco|move: Stealth Rock\n|\n|-weather|Sandstorm|[upkeep]\n|-damage|p2a: Dragapult|16\/100|[from] Sandstorm\n|upkeep\n|turn|16\n|\n|t:|1699836304\n|switch|p1a: Ogerpon|Ogerpon-Cornerstone, F|4\/100\n|-damage|p1a: Ogerpon|0 fnt|[from] Stealth Rock\n|faint|p1a: Ogerpon\n|move|p2a: Dragapult|Draco Meteor|p1: Ogerpon|[notarget]\n|-fail|p2a: Dragapult\n|\n|-weather|Sandstorm|[upkeep]\n|-damage|p2a: Dragapult|10\/100|[from] Sandstorm\n|upkeep\n|\n|t:|1699836310\n|switch|p1a: Empoleon|Empoleon, F|87\/100\n|-damage|p1a: Empoleon|81\/100|[from] Stealth Rock\n|turn|17\n|\n|t:|1699836318\n|switch|p2a: Ogerpon|Ogerpon-Wellspring, F|57\/100 psn\n|-damage|p2a: Ogerpon|45\/100 psn|[from] Stealth Rock\n|move|p1a: Empoleon|Flash Cannon|p2a: Ogerpon\n|-resisted|p2a: Ogerpon\n|-damage|p2a: Ogerpon|28\/100 psn\n|\n|-weather|Sandstorm|[upkeep]\n|-damage|p2a: Ogerpon|22\/100 psn|[from] Sandstorm\n|-heal|p1a: Empoleon|87\/100|[from] item: Leftovers\n|-damage|p2a: Ogerpon|9\/100 psn|[from] psn\n|upkeep\n|turn|18\n|\n|t:|1699836321\n|move|p2a: Ogerpon|Wood Hammer|p1a: Empoleon\n|-damage|p1a: Empoleon|14\/100\n|-damage|p2a: Ogerpon|0 fnt|[from] Recoil\n|faint|p2a: Ogerpon\n|move|p1a: Empoleon|Roost|p1a: Empoleon\n|-heal|p1a: Empoleon|64\/100\n|-singleturn|p1a: Empoleon|move: Roost\n|\n|-weather|none\n|-heal|p1a: Empoleon|70\/100|[from] item: Leftovers\n|upkeep\n|\n|t:|1699836326\n|switch|p2a: Great Tusk|Great Tusk|46\/100 psn\n|-damage|p2a: Great Tusk|43\/100 psn|[from] Stealth Rock\n|turn|19\n|\n|t:|1699836333\n|switch|p1a: Hippowdon|Hippowdon, M|86\/100\n|-damage|p1a: Hippowdon|80\/100|[from] Stealth Rock\n|-weather|Sandstorm|[from] ability: Sand Stream|[of] p1a: Hippowdon\n|move|p2a: Great Tusk|Body Press|p1a: Hippowdon\n|-damage|p1a: Hippowdon|57\/100\n|-damage|p2a: Great Tusk|27\/100 psn|[from] item: Rocky Helmet|[of] p1a: Hippowdon\n|\n|-weather|Sandstorm|[upkeep]\n|-heal|p2a: Great Tusk|33\/100 psn|[from] item: Leftovers\n|-damage|p2a: Great Tusk|21\/100 psn|[from] psn\n|upkeep\n|turn|20\n|\n|t:|1699836346\n|move|p2a: Great Tusk|Rapid Spin|p1a: Hippowdon\n|-damage|p1a: Hippowdon|49\/100\n|-boost|p2a: Great Tusk|spe|1\n|-damage|p2a: Great Tusk|4\/100 psn|[from] item: Rocky Helmet|[of] p1a: Hippowdon\n|-sideend|p2: Lolnicco|Stealth Rock|[from] move: Rapid Spin|[of] p2a: Great Tusk\n|move|p1a: Hippowdon|Yawn||[still]\n|-fail|p1a: Hippowdon\n|\n|-weather|Sandstorm|[upkeep]\n|-heal|p2a: Great Tusk|10\/100 psn|[from] item: Leftovers\n|-damage|p2a: Great Tusk|0 fnt|[from] psn\n|faint|p2a: Great Tusk\n|-end|p2a: Great Tusk|Protosynthesis|[silent]\n|upkeep\n|\n|t:|1699836355\n|switch|p2a: Mandibuzz|Mandibuzz, F|87\/100\n|turn|21\n|\n|t:|1699836362\n|move|p2a: Mandibuzz|Foul Play|p1a: Hippowdon\n|-damage|p1a: Hippowdon|34\/100\n|-damage|p2a: Mandibuzz|70\/100|[from] item: Rocky Helmet|[of] p1a: Hippowdon\n|move|p1a: Hippowdon|Slack Off|p1a: Hippowdon\n|-heal|p1a: Hippowdon|84\/100\n|\n|-weather|Sandstorm|[upkeep]\n|upkeep\n|turn|22\n|\n|t:|1699836368\n|move|p2a: Mandibuzz|Toxic|p1a: Hippowdon|[miss]\n|-miss|p2a: Mandibuzz|p1a: Hippowdon\n|move|p1a: Hippowdon|Stealth Rock|p2a: Mandibuzz\n|-sidestart|p2: Lolnicco|move: Stealth Rock\n|\n|-weather|Sandstorm|[upkeep]\n|upkeep\n|turn|23\n|\n|t:|1699836371\n|switch|p1a: Empoleon|Empoleon, F|70\/100\n|-damage|p1a: Empoleon|64\/100|[from] Stealth Rock\n|move|p2a: Mandibuzz|U-turn|p1a: Empoleon\n|-resisted|p1a: Empoleon\n|-damage|p1a: Empoleon|58\/100\n|\n|t:|1699836374\n|switch|p2a: Tyranitar|Tyranitar, M|85\/100|[from] U-turn\n|-damage|p2a: Tyranitar|72\/100|[from] Stealth Rock\n|\n|-weather|none\n|-heal|p1a: Empoleon|64\/100|[from] item: Leftovers\n|-heal|p2a: Tyranitar|78\/100|[from] item: Leftovers\n|upkeep\n|turn|24\n|-message|Lolnicco forfeited.\n|\n|win|estronsio\n|raw|estronsio's rating: 1331 &rarr; <strong>1353<\/strong><br \/>(+22 for winning)\n|raw|Lolnicco's rating: 1371 &rarr; <strong>1349<\/strong><br \/>(-22 for losing)\n|l|\u2606Lolnicco\n","uploadtime":1699836386,"views":26,"p1id":"estronsio","p2id":"lolnicco","formatid":"gen9ou","rating":1349,"private":0,"password":""}