{"id":"gen9ou-1997157962","p1":"bojacksonisapimp","p2":"Shanubiki","format":"[Gen 9] OU","log":"|j|\u2606bojacksonisapimp\n|j|\u2606Shanubiki\n|t:|1700770402\n|gametype|singles\n|player|p1|bojacksonisapimp|swimmerf|1439\n|player|p2|Shanubiki|aaron|1533\n|teamsize|p1|6\n|teamsize|p2|6\n|gen|9\n|tier|[Gen 9] OU\n|rated|\n|rule|Sleep Clause Mod: Limit one foe put to sleep\n|rule|Species Clause: Limit one of each Pok\u00e9mon\n|rule|OHKO Clause: OHKO moves are banned\n|rule|Evasion Items Clause: Evasion items are banned\n|rule|Evasion Moves Clause: Evasion moves are banned\n|rule|Endless Battle Clause: Forcing endless battles is banned\n|rule|HP Percentage Mod: HP is shown in percentages\n|clearpoke\n|poke|p1|Skeledirge, F|\n|poke|p1|Samurott-Hisui, F|\n|poke|p1|Chesnaught, F|\n|poke|p1|Clodsire, F|\n|poke|p1|Great Tusk|\n|poke|p1|Thundurus-Therian, M|\n|poke|p2|Glimmora, F|\n|poke|p2|Cinderace, F|\n|poke|p2|Ogerpon-Wellspring, F|\n|poke|p2|Gholdengo|\n|poke|p2|Kingambit, F|\n|poke|p2|Iron Valiant|\n|teampreview\n|\n|t:|1700770421\n|start\n|switch|p1a: Thundurus|Thundurus-Therian, M|100\/100\n|switch|p2a: Flashpk|Cinderace, F|100\/100\n|turn|1\n|inactive|Battle timer is ON: inactive players will automatically lose when time's up. (requested by Shanubiki)\n|\n|t:|1700770429\n|switch|p1a: Chesnaught|Chesnaught, F|100\/100\n|move|p2a: Flashpk|Pyro Ball|p1a: Chesnaught\n|-immune|p1a: Chesnaught|[from] ability: Bulletproof\n|\n|upkeep\n|turn|2\n|\n|t:|1700770435\n|move|p2a: Flashpk|Will-O-Wisp|p1a: Chesnaught\n|-status|p1a: Chesnaught|brn\n|move|p1a: Chesnaught|Knock Off|p2a: Flashpk\n|-damage|p2a: Flashpk|86\/100\n|-enditem|p2a: Flashpk|Heavy-Duty Boots|[from] move: Knock Off|[of] p1a: Chesnaught\n|\n|-damage|p1a: Chesnaught|94\/100 brn|[from] brn\n|upkeep\n|turn|3\n|\n|t:|1700770447\n|move|p2a: Flashpk|U-turn|p1a: Chesnaught\n|-damage|p1a: Chesnaught|84\/100 brn\n|\n|t:|1700770450\n|switch|p2a: Krakpak|Glimmora, F|100\/100|[from] U-turn\n|move|p1a: Chesnaught|Iron Defense|p1a: Chesnaught\n|-boost|p1a: Chesnaught|def|2\n|\n|-heal|p1a: Chesnaught|90\/100 brn|[from] item: Leftovers\n|-damage|p1a: Chesnaught|84\/100 brn|[from] brn\n|upkeep\n|turn|4\n|\n|t:|1700770464\n|switch|p1a: Samurott|Samurott-Hisui, F, shiny|100\/100\n|move|p2a: Krakpak|Stealth Rock|p1a: Samurott\n|-sidestart|p1: bojacksonisapimp|move: Stealth Rock\n|\n|upkeep\n|turn|5\n|\n|t:|1700770469\n|move|p2a: Krakpak|Energy Ball|p1a: Samurott\n|-supereffective|p1a: Samurott\n|-damage|p1a: Samurott|53\/100\n|move|p1a: Samurott|Ceaseless Edge|p2a: Krakpak\n|-damage|p2a: Krakpak|38\/100\n|-activate|p2a: Krakpak|ability: Toxic Debris\n|-sidestart|p1: bojacksonisapimp|move: Toxic Spikes\n|-sidestart|p2: Shanubiki|Spikes\n|\n|upkeep\n|turn|6\n|\n|t:|1700770479\n|move|p1a: Samurott|Sucker Punch|p2a: Krakpak\n|-damage|p2a: Krakpak|0 fnt\n|-activate|p2a: Krakpak|ability: Toxic Debris\n|-sidestart|p1: bojacksonisapimp|move: Toxic Spikes\n|faint|p2a: Krakpak\n|\n|upkeep\n|\n|t:|1700770483\n|switch|p2a: Nigoulou|Ogerpon-Wellspring, F|100\/100\n|-damage|p2a: Nigoulou|88\/100|[from] Spikes\n|turn|7\n|\n|t:|1700770491\n|switch|p1a: Clodsire|Clodsire, F, shiny|100\/100\n|-sideend|p1: bojacksonisapimp|move: Toxic Spikes|[of] p1a: Clodsire\n|move|p2a: Nigoulou|Horn Leech|p1a: Clodsire\n|-damage|p1a: Clodsire|52\/100\n|-heal|p2a: Nigoulou|100\/100|[from] drain|[of] p1a: Clodsire\n|\n|upkeep\n|turn|8\n|\n|t:|1700770510\n|switch|p1a: Chesnaught|Chesnaught, F|84\/100 brn\n|-damage|p1a: Chesnaught|78\/100 brn|[from] Stealth Rock\n|move|p2a: Nigoulou|Ivy Cudgel|p1a: Chesnaught|[anim] Ivy Cudgel Water\n|-resisted|p1a: Chesnaught\n|-damage|p1a: Chesnaught|60\/100 brn\n|\n|-heal|p1a: Chesnaught|66\/100 brn|[from] item: Leftovers\n|-damage|p1a: Chesnaught|60\/100 brn|[from] brn\n|upkeep\n|turn|9\n|\n|t:|1700770525\n|move|p2a: Nigoulou|Ivy Cudgel|p1a: Chesnaught|[anim] Ivy Cudgel Water\n|-resisted|p1a: Chesnaught\n|-damage|p1a: Chesnaught|44\/100 brn\n|move|p1a: Chesnaught|Iron Defense|p1a: Chesnaught\n|-boost|p1a: Chesnaught|def|2\n|\n|-heal|p1a: Chesnaught|50\/100 brn|[from] item: Leftovers\n|-damage|p1a: Chesnaught|44\/100 brn|[from] brn\n|upkeep\n|turn|10\n|\n|t:|1700770535\n|move|p2a: Nigoulou|Encore|p1a: Chesnaught\n|-start|p1a: Chesnaught|Encore\n|move|p1a: Chesnaught|Iron Defense|p1a: Chesnaught\n|-boost|p1a: Chesnaught|def|2\n|\n|-heal|p1a: Chesnaught|50\/100 brn|[from] item: Leftovers\n|-damage|p1a: Chesnaught|44\/100 brn|[from] brn\n|upkeep\n|turn|11\n|c|\u2606bojacksonisapimp|I forget encore every single time\n|inactive|bojacksonisapimp has 120 seconds left.\n|\n|t:|1700770574\n|switch|p1a: Clodsire|Clodsire, F, shiny|52\/100\n|move|p2a: Nigoulou|U-turn|p1a: Clodsire\n|-resisted|p1a: Clodsire\n|-damage|p1a: Clodsire|36\/100\n|\n|t:|1700770578\n|switch|p2a: Rapluplo|Gholdengo|100\/100|[from] U-turn\n|-item|p2a: Rapluplo|Air Balloon\n|\n|upkeep\n|turn|12\n|\n|t:|1700770584\n|switch|p1a: Samurott|Samurott-Hisui, F, shiny|53\/100\n|-damage|p1a: Samurott|40\/100|[from] Stealth Rock\n|move|p2a: Rapluplo|Make It Rain|p1a: Samurott\n|-resisted|p1a: Samurott\n|-damage|p1a: Samurott|16\/100\n|-unboost|p2a: Rapluplo|spa|1\n|\n|upkeep\n|turn|13\n|\n|t:|1700770595\n|switch|p2a: Flashpk|Cinderace, F|86\/100\n|-damage|p2a: Flashpk|74\/100|[from] Spikes\n|move|p1a: Samurott|Ceaseless Edge|p2a: Flashpk\n|-damage|p2a: Flashpk|15\/100\n|-sidestart|p2: Shanubiki|Spikes\n|\n|upkeep\n|turn|14\n|\n|t:|1700770604\n|move|p2a: Flashpk|Court Change|p2a: Flashpk\n|-swapsideconditions\n|-activate|p2a: Flashpk|move: Court Change\n|move|p1a: Samurott|Ceaseless Edge|p2a: Flashpk\n|-damage|p2a: Flashpk|0 fnt\n|-sidestart|p2: Shanubiki|Spikes\n|faint|p2a: Flashpk\n|\n|upkeep\n|\n|t:|1700770612\n|switch|p2a: Lutulola|Kingambit, F|100\/100\n|-damage|p2a: Lutulola|94\/100|[from] Stealth Rock\n|-damage|p2a: Lutulola|82\/100|[from] Spikes\n|-activate|p2a: Lutulola|ability: Supreme Overlord\n|-start|p2a: Lutulola|fallen2|[silent]\n|turn|15\n|\n|t:|1700770619\n|move|p1a: Samurott|Razor Shell|p2a: Lutulola\n|-damage|p2a: Lutulola|41\/100\n|move|p2a: Lutulola|Swords Dance|p2a: Lutulola\n|-boost|p2a: Lutulola|atk|2\n|\n|-heal|p2a: Lutulola|47\/100|[from] item: Leftovers\n|upkeep\n|turn|16\n|\n|t:|1700770628\n|move|p1a: Samurott|Razor Shell|p2a: Lutulola\n|-damage|p2a: Lutulola|6\/100\n|-unboost|p2a: Lutulola|def|1\n|move|p2a: Lutulola|Kowtow Cleave|p1a: Samurott\n|-resisted|p1a: Samurott\n|-damage|p1a: Samurott|0 fnt\n|faint|p1a: Samurott\n|\n|-heal|p2a: Lutulola|12\/100|[from] item: Leftovers\n|upkeep\n|\n|t:|1700770642\n|switch|p1a: Great Tusk|Great Tusk, shiny|100\/100\n|-damage|p1a: Great Tusk|84\/100|[from] Spikes\n|-enditem|p1a: Great Tusk|Booster Energy\n|-activate|p1a: Great Tusk|ability: Protosynthesis|[fromitem]\n|-start|p1a: Great Tusk|protosynthesisatk\n|turn|17\n|\n|t:|1700770649\n|move|p1a: Great Tusk|Rapid Spin|p2a: Lutulola\n|-resisted|p2a: Lutulola\n|-damage|p2a: Lutulola|0 fnt\n|-boost|p1a: Great Tusk|spe|1\n|-sideend|p1: bojacksonisapimp|Spikes|[from] move: Rapid Spin|[of] p1a: Great Tusk\n|faint|p2a: Lutulola\n|-end|p2a: Lutulola|fallen2|[silent]\n|\n|upkeep\n|\n|t:|1700770652\n|switch|p2a: Rapluplo|Gholdengo|100\/100\n|-damage|p2a: Rapluplo|94\/100|[from] Stealth Rock\n|-item|p2a: Rapluplo|Air Balloon\n|turn|18\n|\n|t:|1700770660\n|move|p1a: Great Tusk|Knock Off|p2a: Rapluplo\n|-supereffective|p2a: Rapluplo\n|-damage|p2a: Rapluplo|0 fnt\n|-enditem|p2a: Rapluplo|Air Balloon\n|faint|p2a: Rapluplo\n|\n|upkeep\n|-message|Shanubiki forfeited.\n|\n|win|bojacksonisapimp\n|raw|bojacksonisapimp's rating: 1439 &rarr; <strong>1464<\/strong><br \/>(+25 for winning)\n|raw|Shanubiki's rating: 1533 &rarr; <strong>1508<\/strong><br \/>(-25 for losing)\n|l|\u2606Shanubiki\n","uploadtime":1700770670,"views":16,"p1id":"bojacksonisapimp","p2id":"shanubiki","formatid":"gen9ou","rating":1464,"private":0,"password":""}