{"id":"gen9ou-1993732966","p1":"Ninjabsol","p2":"shiroferu","format":"[Gen 9] OU","log":"|j|\u2606Ninjabsol\n|j|\u2606shiroferu\n|t:|1700350769\n|gametype|singles\n|player|p1|Ninjabsol|1|1322\n|player|p2|shiroferu|marshal|1287\n|teamsize|p1|6\n|teamsize|p2|6\n|gen|9\n|tier|[Gen 9] OU\n|rated|\n|rule|Sleep Clause Mod: Limit one foe put to sleep\n|rule|Species Clause: Limit one of each Pok\u00e9mon\n|rule|OHKO Clause: OHKO moves are banned\n|rule|Evasion Items Clause: Evasion items are banned\n|rule|Evasion Moves Clause: Evasion moves are banned\n|rule|Endless Battle Clause: Forcing endless battles is banned\n|rule|HP Percentage Mod: HP is shown in percentages\n|clearpoke\n|poke|p1|Hatterene, F|\n|poke|p1|Ditto|\n|poke|p1|Snorlax, F|\n|poke|p1|Mandibuzz, F|\n|poke|p1|Ninetales-Alola, F|\n|poke|p1|Sandy Shocks|\n|poke|p2|Meowscarada, F|\n|poke|p2|Heatran, M|\n|poke|p2|Dragapult, F|\n|poke|p2|Toedscruel, M|\n|poke|p2|Dondozo, M|\n|poke|p2|Blissey, F|\n|teampreview\n|inactive|Battle timer is ON: inactive players will automatically lose when time's up. (requested by shiroferu)\n|\n|t:|1700350773\n|start\n|switch|p1a: Sandy Shocks|Sandy Shocks, shiny|100\/100\n|switch|p2a: Caldeado|Heatran, M|100\/100\n|-enditem|p1a: Sandy Shocks|Booster Energy\n|-activate|p1a: Sandy Shocks|ability: Protosynthesis|[fromitem]\n|-start|p1a: Sandy Shocks|protosynthesisspe\n|turn|1\n|\n|t:|1700350776\n|-end|p1a: Sandy Shocks|Protosynthesis|[silent]\n|switch|p1a: Snorlax|Snorlax, F|100\/100\n|-terastallize|p2a: Caldeado|Grass\n|move|p2a: Caldeado|Magma Storm|p1a: Snorlax|[miss]\n|-miss|p2a: Caldeado|p1a: Snorlax\n|\n|upkeep\n|turn|2\n|\n|t:|1700350782\n|move|p2a: Caldeado|Magma Storm|p1a: Snorlax\n|-damage|p1a: Snorlax|83\/100\n|-activate|p1a: Snorlax|move: Magma Storm|[of] p2a: Caldeado\n|move|p1a: Snorlax|Ice Punch|p2a: Caldeado\n|-supereffective|p2a: Caldeado\n|-damage|p2a: Caldeado|66\/100\n|\n|-heal|p2a: Caldeado|73\/100|[from] item: Leftovers\n|-damage|p1a: Snorlax|71\/100|[from] move: Magma Storm|[partiallytrapped]\n|upkeep\n|turn|3\n|\n|t:|1700350789\n|move|p2a: Caldeado|Taunt|p1a: Snorlax\n|-start|p1a: Snorlax|move: Taunt\n|move|p1a: Snorlax|Ice Punch|p2a: Caldeado\n|-supereffective|p2a: Caldeado\n|-damage|p2a: Caldeado|41\/100\n|\n|-heal|p2a: Caldeado|47\/100|[from] item: Leftovers\n|-damage|p1a: Snorlax|59\/100|[from] move: Magma Storm|[partiallytrapped]\n|upkeep\n|turn|4\n|\n|t:|1700350792\n|move|p2a: Caldeado|Protect|p2a: Caldeado\n|-singleturn|p2a: Caldeado|Protect\n|move|p1a: Snorlax|Ice Punch|p2a: Caldeado\n|-activate|p2a: Caldeado|move: Protect\n|\n|-heal|p2a: Caldeado|53\/100|[from] item: Leftovers\n|-damage|p1a: Snorlax|46\/100|[from] move: Magma Storm|[partiallytrapped]\n|upkeep\n|turn|5\n|\n|t:|1700350802\n|switch|p2a: Gragas|Dondozo, M, shiny|100\/100\n|move|p1a: Snorlax|Ice Punch|p2a: Gragas\n|-resisted|p2a: Gragas\n|-damage|p2a: Gragas|95\/100\n|\n|-end|p1a: Snorlax|Magma Storm|[partiallytrapped]|[silent]\n|-end|p1a: Snorlax|move: Taunt\n|upkeep\n|turn|6\n|\n|t:|1700350810\n|switch|p1a: Mandibuzz|Mandibuzz, F|100\/100\n|move|p2a: Gragas|Wave Crash|p1a: Mandibuzz\n|-damage|p1a: Mandibuzz|76\/100\n|-damage|p2a: Gragas|88\/100|[from] Recoil\n|\n|-heal|p1a: Mandibuzz|82\/100|[from] item: Leftovers\n|upkeep\n|turn|7\n|\n|t:|1700350813\n|switch|p2a: Caldeado|Heatran, M, tera:Grass|53\/100\n|move|p1a: Mandibuzz|Toxic|p2a: Caldeado\n|-status|p2a: Caldeado|tox\n|\n|-heal|p1a: Mandibuzz|88\/100|[from] item: Leftovers\n|-heal|p2a: Caldeado|60\/100 tox|[from] item: Leftovers\n|-damage|p2a: Caldeado|53\/100 tox|[from] psn\n|upkeep\n|turn|8\n|\n|t:|1700350816\n|move|p1a: Mandibuzz|Foul Play|p2a: Caldeado\n|-damage|p2a: Caldeado|39\/100 tox\n|move|p2a: Caldeado|Magma Storm|p1a: Mandibuzz\n|-damage|p1a: Mandibuzz|53\/100\n|-activate|p1a: Mandibuzz|move: Magma Storm|[of] p2a: Caldeado\n|\n|-heal|p1a: Mandibuzz|59\/100|[from] item: Leftovers\n|-heal|p2a: Caldeado|46\/100 tox|[from] item: Leftovers\n|-damage|p2a: Caldeado|33\/100 tox|[from] psn\n|-damage|p1a: Mandibuzz|47\/100|[from] move: Magma Storm|[partiallytrapped]\n|upkeep\n|turn|9\n|\n|t:|1700350822\n|move|p1a: Mandibuzz|Roost|p1a: Mandibuzz\n|-heal|p1a: Mandibuzz|97\/100\n|-singleturn|p1a: Mandibuzz|move: Roost\n|move|p2a: Caldeado|Taunt|p1a: Mandibuzz\n|-start|p1a: Mandibuzz|move: Taunt\n|\n|-heal|p1a: Mandibuzz|100\/100|[from] item: Leftovers\n|-heal|p2a: Caldeado|39\/100 tox|[from] item: Leftovers\n|-damage|p2a: Caldeado|21\/100 tox|[from] psn\n|-damage|p1a: Mandibuzz|88\/100|[from] move: Magma Storm|[partiallytrapped]\n|upkeep\n|turn|10\n|\n|t:|1700350825\n|move|p1a: Mandibuzz|Foul Play|p2a: Caldeado\n|-damage|p2a: Caldeado|7\/100 tox\n|move|p2a: Caldeado|Magma Storm|p1a: Mandibuzz\n|-damage|p1a: Mandibuzz|55\/100\n|\n|-heal|p1a: Mandibuzz|61\/100|[from] item: Leftovers\n|-heal|p2a: Caldeado|13\/100 tox|[from] item: Leftovers\n|-damage|p2a: Caldeado|0 fnt|[from] psn\n|faint|p2a: Caldeado\n|-end|p1a: Mandibuzz|Magma Storm|[partiallytrapped]|[silent]\n|upkeep\n|\n|t:|1700350829\n|switch|p2a: Lilith|Meowscarada, F, shiny|100\/100\n|turn|11\n|\n|t:|1700350832\n|move|p2a: Lilith|Trick|p1a: Mandibuzz\n|-start|p2a: Lilith|typechange|Psychic|[from] ability: Protean\n|-activate|p2a: Lilith|move: Trick|[of] p1a: Mandibuzz\n|-item|p1a: Mandibuzz|Choice Scarf|[from] move: Trick\n|-item|p2a: Lilith|Leftovers|[from] move: Trick\n|move|p1a: Mandibuzz|Foul Play|p2a: Lilith\n|-supereffective|p2a: Lilith\n|-damage|p2a: Lilith|0 fnt\n|faint|p2a: Lilith\n|\n|upkeep\n|\n|t:|1700350842\n|switch|p2a: AntesEraCool|Toedscruel, M, shiny|100\/100\n|turn|12\n|\n|t:|1700350855\n|switch|p1a: Snorlax|Snorlax, F|46\/100\n|move|p2a: AntesEraCool|Spore|p1a: Snorlax\n|-status|p1a: Snorlax|slp|[from] move: Spore\n|\n|upkeep\n|turn|13\n|\n|t:|1700350859\n|cant|p1a: Snorlax|slp\n|move|p2a: AntesEraCool|Leech Seed|p1a: Snorlax\n|-start|p1a: Snorlax|move: Leech Seed\n|\n|-damage|p1a: Snorlax|34\/100 slp|[from] Leech Seed|[of] p2a: AntesEraCool\n|upkeep\n|turn|14\n|\n|t:|1700350866\n|switch|p2a: Gragas|Dondozo, M, shiny|88\/100\n|cant|p1a: Snorlax|slp\n|\n|-damage|p1a: Snorlax|21\/100 slp|[from] Leech Seed|[of] p2a: Gragas\n|-heal|p2a: Gragas|100\/100|[silent]\n|upkeep\n|turn|15\n|\n|t:|1700350874\n|move|p2a: Gragas|Wave Crash|p1a: Snorlax\n|-crit|p1a: Snorlax\n|-damage|p1a: Snorlax|0 fnt\n|faint|p1a: Snorlax\n|-damage|p2a: Gragas|93\/100|[from] Recoil\n|\n|upkeep\n|\n|t:|1700350876\n|switch|p1a: Sandy Shocks|Sandy Shocks, shiny|100\/100\n|turn|16\n|\n|t:|1700350880\n|switch|p2a: AntesEraCool|Toedscruel, M, shiny|100\/100\n|move|p1a: Sandy Shocks|Thunderbolt|p2a: AntesEraCool\n|-immune|p2a: AntesEraCool\n|\n|upkeep\n|turn|17\n|\n|t:|1700350882\n|-terastallize|p1a: Sandy Shocks|Ice\n|move|p1a: Sandy Shocks|Tera Blast|p2a: AntesEraCool|[anim] Tera Blast Ice\n|-supereffective|p2a: AntesEraCool\n|-damage|p2a: AntesEraCool|5\/100\n|move|p2a: AntesEraCool|Spore|p1a: Sandy Shocks\n|-status|p1a: Sandy Shocks|slp|[from] move: Spore\n|\n|-heal|p2a: AntesEraCool|11\/100|[from] item: Leftovers\n|upkeep\n|turn|18\n|\n|t:|1700350889\n|switch|p2a: Jacque|Blissey, F, shiny|100\/100\n|cant|p1a: Sandy Shocks|slp\n|\n|upkeep\n|turn|19\n|\n|t:|1700350892\n|cant|p1a: Sandy Shocks|slp\n|move|p2a: Jacque|Stealth Rock|p1a: Sandy Shocks\n|-sidestart|p1: Ninjabsol|move: Stealth Rock\n|\n|upkeep\n|turn|20\n|\n|t:|1700350895\n|-curestatus|p1a: Sandy Shocks|slp|[msg]\n|move|p1a: Sandy Shocks|Body Press|p2a: Jacque\n|-supereffective|p2a: Jacque\n|-damage|p2a: Jacque|24\/100\n|move|p2a: Jacque|Seismic Toss|p1a: Sandy Shocks\n|-damage|p1a: Sandy Shocks|68\/100\n|\n|-heal|p2a: Jacque|30\/100|[from] item: Leftovers\n|upkeep\n|turn|21\n|\n|t:|1700350900\n|move|p1a: Sandy Shocks|Tera Blast|p2a: Jacque|[anim] Tera Blast Ice\n|-damage|p2a: Jacque|19\/100\n|move|p2a: Jacque|Thunder Wave|p1a: Sandy Shocks\n|-status|p1a: Sandy Shocks|par\n|\n|-heal|p2a: Jacque|26\/100|[from] item: Leftovers\n|upkeep\n|turn|22\n|\n|t:|1700350903\n|move|p1a: Sandy Shocks|Body Press|p2a: Jacque\n|-supereffective|p2a: Jacque\n|-damage|p2a: Jacque|0 fnt\n|faint|p2a: Jacque\n|\n|upkeep\n|\n|t:|1700350905\n|switch|p2a: Mary Juana|Dragapult, F, shiny|100\/100\n|turn|23\n|\n|t:|1700350909\n|move|p2a: Mary Juana|Flamethrower|p1a: Sandy Shocks\n|-supereffective|p1a: Sandy Shocks\n|-damage|p1a: Sandy Shocks|0 fnt\n|faint|p1a: Sandy Shocks\n|-end|p1a: Sandy Shocks|Protosynthesis|[silent]\n|\n|upkeep\n|\n|t:|1700350912\n|switch|p1a: Mandibuzz|Mandibuzz, F|61\/100\n|-damage|p1a: Mandibuzz|36\/100|[from] Stealth Rock\n|turn|24\n|\n|t:|1700350915\n|switch|p2a: Gragas|Dondozo, M, shiny|93\/100\n|move|p1a: Mandibuzz|Defog|p2a: Gragas\n|-unboost|p2a: Gragas|evasion|1\n|-sideend|p1: Ninjabsol|Stealth Rock|[from] move: Defog|[of] p1a: Mandibuzz\n|\n|upkeep\n|turn|25\n|\n|t:|1700350920\n|switch|p1a: Hatterene|Hatterene, F|100\/100\n|-item|p1a: Hatterene|Air Balloon\n|switch|p2a: AntesEraCool|Toedscruel, M, shiny|11\/100\n|\n|-heal|p2a: AntesEraCool|17\/100|[from] item: Leftovers\n|upkeep\n|turn|26\n|\n|t:|1700350924\n|switch|p1a: Ditto|Ditto|100\/100\n|-transform|p1a: Ditto|p2a: AntesEraCool|[from] ability: Imposter\n|move|p2a: AntesEraCool|Spore|p1a: Ditto\n|-immune|p1a: Ditto\n|\n|-heal|p2a: AntesEraCool|23\/100|[from] item: Leftovers\n|upkeep\n|turn|27\n|\n|t:|1700350930\n|switch|p2a: Mary Juana|Dragapult, F, shiny|100\/100\n|move|p1a: Ditto|Earth Power|p2a: Mary Juana\n|-damage|p2a: Mary Juana|67\/100\n|\n|upkeep\n|turn|28\n|\n|t:|1700350937\n|move|p2a: Mary Juana|Shadow Ball|p1a: Ditto\n|-damage|p1a: Ditto|56\/100\n|move|p1a: Ditto|Earth Power|p2a: Mary Juana\n|-damage|p2a: Mary Juana|32\/100\n|\n|upkeep\n|turn|29\n|\n|t:|1700350939\n|move|p2a: Mary Juana|Shadow Ball|p1a: Ditto\n|-damage|p1a: Ditto|14\/100\n|move|p1a: Ditto|Earth Power|p2a: Mary Juana\n|-damage|p2a: Mary Juana|0 fnt\n|faint|p2a: Mary Juana\n|\n|upkeep\n|\n|t:|1700350944\n|switch|p2a: Gragas|Dondozo, M, shiny|93\/100\n|turn|30\n|\n|t:|1700350948\n|move|p1a: Ditto|Earth Power|p2a: Gragas\n|-damage|p2a: Gragas|67\/100\n|move|p2a: Gragas|Curse|p2a: Gragas\n|-unboost|p2a: Gragas|spe|1\n|-boost|p2a: Gragas|atk|1\n|-boost|p2a: Gragas|def|1\n|\n|upkeep\n|turn|31\n|\n|t:|1700350953\n|move|p1a: Ditto|Earth Power|p2a: Gragas\n|-damage|p2a: Gragas|41\/100\n|move|p2a: Gragas|Wave Crash|p1a: Ditto\n|-damage|p1a: Ditto|0 fnt\n|faint|p1a: Ditto\n|-damage|p2a: Gragas|39\/100|[from] Recoil\n|\n|upkeep\n|\n|t:|1700350956\n|switch|p1a: Ninetales|Ninetales-Alola, F, shiny|100\/100\n|-weather|Snow|[from] ability: Snow Warning|[of] p1a: Ninetales\n|turn|32\n|\n|t:|1700350958\n|move|p1a: Ninetales|Freeze-Dry|p2a: Gragas\n|-supereffective|p2a: Gragas\n|-damage|p2a: Gragas|0 fnt\n|faint|p2a: Gragas\n|\n|-weather|Snow|[upkeep]\n|upkeep\n|-message|shiroferu forfeited.\n|\n|win|Ninjabsol\n|raw|Ninjabsol's rating: 1322 &rarr; <strong>1340<\/strong><br \/>(+18 for winning)\n|raw|shiroferu's rating: 1287 &rarr; <strong>1265<\/strong><br \/>(-22 for losing)\n|l|\u2606shiroferu\n","uploadtime":1700350967,"views":11,"p1id":"ninjabsol","p2id":"shiroferu","formatid":"gen9ou","rating":1265,"private":0,"password":""}