{"id":"gen9ou-1996125506","p1":"Viney13","p2":"jeste=better","format":"[Gen 9] OU","log":"|j|\u2606Viney13\n|j|\u2606jeste=better\n|t:|1700648027\n|gametype|singles\n|player|p1|Viney13|hiker-gen4|1183\n|player|p2|jeste=better|dawn-gen4pt|1137\n|teamsize|p1|6\n|teamsize|p2|6\n|gen|9\n|tier|[Gen 9] OU\n|rated|\n|rule|Sleep Clause Mod: Limit one foe put to sleep\n|rule|Species Clause: Limit one of each Pok\u00e9mon\n|rule|OHKO Clause: OHKO moves are banned\n|rule|Evasion Items Clause: Evasion items are banned\n|rule|Evasion Moves Clause: Evasion moves are banned\n|rule|Endless Battle Clause: Forcing endless battles is banned\n|rule|HP Percentage Mod: HP is shown in percentages\n|clearpoke\n|poke|p1|Ribombee, M|\n|poke|p1|Empoleon, M|\n|poke|p1|Gengar, M|\n|poke|p1|Ting-Lu|\n|poke|p1|Blissey, F|\n|poke|p1|Zapdos|\n|poke|p2|Samurott-Hisui, F|\n|poke|p2|Dragonite, F|\n|poke|p2|Gholdengo|\n|poke|p2|Great Tusk|\n|poke|p2|Glimmora, M|\n|poke|p2|Cinderace, F|\n|teampreview\n|inactive|Battle timer is ON: inactive players will automatically lose when time's up. (requested by Viney13)\n|\n|t:|1700648038\n|start\n|switch|p1a: Ribombee|Ribombee, M, shiny|100\/100\n|switch|p2a: Glimmora|Glimmora, M|100\/100\n|turn|1\n|\n|t:|1700648046\n|move|p1a: Ribombee|Stun Spore|p2a: Glimmora|[miss]\n|-miss|p1a: Ribombee|p2a: Glimmora\n|move|p2a: Glimmora|Stealth Rock|p1a: Ribombee\n|-sidestart|p1: Viney13|move: Stealth Rock\n|\n|upkeep\n|turn|2\n|\n|t:|1700648054\n|move|p1a: Ribombee|Stun Spore|p2a: Glimmora\n|-status|p2a: Glimmora|par\n|cant|p2a: Glimmora|par\n|\n|upkeep\n|turn|3\n|\n|t:|1700648060\n|move|p1a: Ribombee|Sticky Web|p2a: Glimmora\n|-sidestart|p2: jeste=better|move: Sticky Web\n|cant|p2a: Glimmora|par\n|\n|upkeep\n|turn|4\n|c|\u2606jeste=better|bro\n|c|\u2606jeste=better|pls\n|\n|t:|1700648074\n|switch|p1a: Empoleon|Empoleon, M, shiny|100\/100\n|-damage|p1a: Empoleon|94\/100|[from] Stealth Rock\n|move|p2a: Glimmora|Mortal Spin|p1a: Empoleon\n|-immune|p1a: Empoleon\n|\n|-heal|p1a: Empoleon|100\/100|[from] item: Leftovers\n|upkeep\n|turn|5\n|c|\u2606jeste=better|game\n|c|\u2606jeste=better|throwing\n|\n|t:|1700648095\n|move|p2a: Glimmora|Energy Ball|p1a: Empoleon\n|-crit|p1a: Empoleon\n|-damage|p1a: Empoleon|58\/100\n|-unboost|p1a: Empoleon|spd|1\n|-ability|p1a: Empoleon|Competitive|boost\n|-boost|p1a: Empoleon|spa|2\n|move|p1a: Empoleon|Flash Cannon|p2a: Glimmora\n|-supereffective|p2a: Glimmora\n|-enditem|p2a: Glimmora|Focus Sash\n|-damage|p2a: Glimmora|1\/100 par\n|\n|-heal|p1a: Empoleon|64\/100|[from] item: Leftovers\n|upkeep\n|turn|6\n|\n|t:|1700648123\n|move|p2a: Glimmora|Energy Ball|p1a: Empoleon\n|-damage|p1a: Empoleon|18\/100\n|move|p1a: Empoleon|Ice Beam|p2a: Glimmora\n|-damage|p2a: Glimmora|0 fnt\n|faint|p2a: Glimmora\n|\n|-heal|p1a: Empoleon|24\/100|[from] item: Leftovers\n|upkeep\n|\n|t:|1700648134\n|switch|p2a: Gholdengo|Gholdengo|100\/100\n|-activate|p2a: Gholdengo|move: Sticky Web\n|-unboost|p2a: Gholdengo|spe|1\n|turn|7\n|\n|t:|1700648141\n|move|p2a: Gholdengo|Thunderbolt|p1a: Empoleon\n|-supereffective|p1a: Empoleon\n|-damage|p1a: Empoleon|0 fnt\n|faint|p1a: Empoleon\n|\n|upkeep\n|inactive|Viney13 has 120 seconds left.\n|\n|t:|1700648161\n|switch|p1a: Blissey|Blissey, F, shiny|100\/100\n|-damage|p1a: Blissey|88\/100|[from] Stealth Rock\n|turn|8\n|\n|t:|1700648167\n|switch|p2a: Great Tusk|Great Tusk|100\/100\n|-activate|p2a: Great Tusk|move: Sticky Web\n|-unboost|p2a: Great Tusk|spe|1\n|-enditem|p2a: Great Tusk|Booster Energy\n|-activate|p2a: Great Tusk|ability: Protosynthesis|[fromitem]\n|-start|p2a: Great Tusk|protosynthesisatk\n|move|p1a: Blissey|Stealth Rock|p2a: Great Tusk\n|-sidestart|p2: jeste=better|move: Stealth Rock\n|\n|-heal|p1a: Blissey|94\/100|[from] item: Leftovers\n|upkeep\n|turn|9\n|\n|t:|1700648180\n|move|p1a: Blissey|Protect|p1a: Blissey\n|-singleturn|p1a: Blissey|Protect\n|move|p2a: Great Tusk|Headlong Rush|p1a: Blissey\n|-activate|p1a: Blissey|move: Protect\n|\n|-heal|p1a: Blissey|99\/100|[from] item: Leftovers\n|upkeep\n|turn|10\n|\n|t:|1700648197\n|switch|p1a: Ribombee|Ribombee, M, shiny|100\/100\n|-damage|p1a: Ribombee|76\/100|[from] Stealth Rock\n|move|p2a: Great Tusk|Rapid Spin|p1a: Ribombee\n|-damage|p1a: Ribombee|32\/100\n|-boost|p2a: Great Tusk|spe|1\n|-sideend|p2: jeste=better|Stealth Rock|[from] move: Rapid Spin|[of] p2a: Great Tusk\n|-sideend|p2: jeste=better|Sticky Web|[from] move: Rapid Spin|[of] p2a: Great Tusk\n|\n|upkeep\n|turn|11\n|\n|t:|1700648207\n|-terastallize|p2a: Great Tusk|Ground\n|move|p1a: Ribombee|Moonblast|p2a: Great Tusk\n|-damage|p2a: Great Tusk|32\/100\n|move|p2a: Great Tusk|Rapid Spin|p1a: Ribombee\n|-damage|p1a: Ribombee|0 fnt\n|-boost|p2a: Great Tusk|spe|1\n|faint|p1a: Ribombee\n|\n|upkeep\n|\n|t:|1700648221\n|switch|p1a: Ting-Lu|Ting-Lu|100\/100\n|-damage|p1a: Ting-Lu|94\/100|[from] Stealth Rock\n|-ability|p1a: Ting-Lu|Vessel of Ruin\n|turn|12\n|\n|t:|1700648233\n|-terastallize|p1a: Ting-Lu|Poison\n|move|p2a: Great Tusk|Close Combat|p1a: Ting-Lu\n|-resisted|p1a: Ting-Lu\n|-damage|p1a: Ting-Lu|72\/100\n|-unboost|p2a: Great Tusk|def|1\n|-unboost|p2a: Great Tusk|spd|1\n|move|p1a: Ting-Lu|Earthquake|p2a: Great Tusk\n|-damage|p2a: Great Tusk|0 fnt\n|faint|p2a: Great Tusk\n|-end|p2a: Great Tusk|Protosynthesis|[silent]\n|\n|upkeep\n|\n|t:|1700648241\n|switch|p2a: Samurott|Samurott-Hisui, F|100\/100\n|turn|13\n|\n|t:|1700648249\n|move|p2a: Samurott|Ceaseless Edge|p1a: Ting-Lu\n|-damage|p1a: Ting-Lu|48\/100\n|-sidestart|p1: Viney13|Spikes\n|move|p1a: Ting-Lu|Body Press|p2a: Samurott\n|-supereffective|p2a: Samurott\n|-damage|p2a: Samurott|41\/100\n|\n|upkeep\n|turn|14\n|\n|t:|1700648263\n|move|p2a: Samurott|Aqua Cutter|p1a: Ting-Lu\n|-damage|p1a: Ting-Lu|23\/100\n|move|p1a: Ting-Lu|Body Press|p2a: Samurott\n|-supereffective|p2a: Samurott\n|-damage|p2a: Samurott|0 fnt\n|faint|p2a: Samurott\n|\n|upkeep\n|\n|t:|1700648268\n|switch|p2a: Dragonite|Dragonite, F|100\/100\n|turn|15\n|\n|t:|1700648279\n|move|p2a: Dragonite|Dragon Dance|p2a: Dragonite\n|-boost|p2a: Dragonite|atk|1\n|-boost|p2a: Dragonite|spe|1\n|move|p1a: Ting-Lu|Throat Chop|p2a: Dragonite\n|-damage|p2a: Dragonite|79\/100\n|-start|p2a: Dragonite|Throat Chop|[silent]\n|\n|upkeep\n|turn|16\n|\n|t:|1700648286\n|move|p2a: Dragonite|Earthquake|p1a: Ting-Lu\n|-supereffective|p1a: Ting-Lu\n|-damage|p1a: Ting-Lu|0 fnt\n|faint|p1a: Ting-Lu\n|\n|-end|p2a: Dragonite|Throat Chop|[silent]\n|upkeep\n|\n|t:|1700648292\n|switch|p1a: Zapdos|Zapdos, shiny|100\/100\n|-damage|p1a: Zapdos|76\/100|[from] Stealth Rock\n|turn|17\n|\n|t:|1700648299\n|move|p2a: Dragonite|Extreme Speed|p1a: Zapdos\n|-damage|p1a: Zapdos|24\/100\n|-status|p2a: Dragonite|par|[from] ability: Static|[of] p1a: Zapdos\n|move|p1a: Zapdos|Hurricane|p2a: Dragonite\n|-damage|p2a: Dragonite|31\/100 par\n|\n|upkeep\n|turn|18\n|\n|t:|1700648308\n|switch|p1a: Gengar|Gengar, M|100\/100\n|move|p2a: Dragonite|Extreme Speed|p1a: Gengar\n|-immune|p1a: Gengar\n|\n|upkeep\n|turn|19\n|\n|t:|1700648321\n|move|p1a: Gengar|Shadow Ball|p2a: Dragonite\n|-damage|p2a: Dragonite|0 fnt\n|faint|p2a: Dragonite\n|\n|upkeep\n|\n|t:|1700648324\n|switch|p2a: Gholdengo|Gholdengo|100\/100\n|turn|20\n|\n|t:|1700648331\n|switch|p2a: Cinderace|Cinderace, F|100\/100\n|move|p1a: Gengar|Shadow Ball|p2a: Cinderace\n|-damage|p2a: Cinderace|38\/100\n|\n|upkeep\n|turn|21\n|\n|t:|1700648344\n|switch|p1a: Blissey|Blissey, F, shiny|99\/100\n|-damage|p1a: Blissey|88\/100|[from] Stealth Rock\n|-damage|p1a: Blissey|75\/100|[from] Spikes\n|move|p2a: Cinderace|U-turn|p1a: Blissey\n|-start|p2a: Cinderace|typechange|Bug|[from] ability: Libero\n|-damage|p1a: Blissey|30\/100\n|\n|t:|1700648347\n|switch|p2a: Gholdengo|Gholdengo|100\/100|[from] U-turn\n|\n|-heal|p1a: Blissey|36\/100|[from] item: Leftovers\n|upkeep\n|turn|22\n|\n|t:|1700648359\n|move|p2a: Gholdengo|Trick|p1a: Blissey\n|-activate|p2a: Gholdengo|move: Trick|[of] p1a: Blissey\n|-item|p1a: Blissey|Choice Scarf|[from] move: Trick\n|-item|p2a: Gholdengo|Leftovers|[from] move: Trick\n|move|p1a: Blissey|Stealth Rock|p2a: Gholdengo\n|-sidestart|p2: jeste=better|move: Stealth Rock\n|\n|upkeep\n|turn|23\n|\n|t:|1700648370\n|switch|p1a: Zapdos|Zapdos, shiny|24\/100\n|-damage|p1a: Zapdos|0 fnt|[from] Stealth Rock\n|faint|p1a: Zapdos\n|move|p2a: Gholdengo|Shadow Ball|p1: Zapdos|[notarget]\n|-fail|p2a: Gholdengo\n|\n|upkeep\n|\n|t:|1700648377\n|switch|p1a: Gengar|Gengar, M|100\/100\n|turn|24\n|\n|t:|1700648381\n|move|p1a: Gengar|Shadow Ball|p2a: Gholdengo\n|-supereffective|p2a: Gholdengo\n|-damage|p2a: Gholdengo|0 fnt\n|faint|p2a: Gholdengo\n|\n|upkeep\n|\n|t:|1700648385\n|switch|p2a: Cinderace|Cinderace, F|38\/100\n|-damage|p2a: Cinderace|13\/100|[from] Stealth Rock\n|turn|25\n|\n|t:|1700648395\n|move|p2a: Cinderace|Sucker Punch|p1a: Gengar\n|-start|p2a: Cinderace|typechange|Dark|[from] ability: Libero\n|-supereffective|p1a: Gengar\n|-damage|p1a: Gengar|0 fnt\n|-start|p2a: Cinderace|Disable|Sucker Punch|[from] ability: Cursed Body|[of] p1a: Gengar\n|faint|p1a: Gengar\n|\n|upkeep\n|\n|t:|1700648403\n|switch|p1a: Blissey|Blissey, F, shiny|36\/100\n|-damage|p1a: Blissey|24\/100|[from] Stealth Rock\n|-damage|p1a: Blissey|11\/100|[from] Spikes\n|turn|26\n|c|\u2606jeste=better|uh\n|\n|t:|1700648413\n|move|p1a: Blissey|Protect|p1a: Blissey\n|-singleturn|p1a: Blissey|Protect\n|-activate|p2a: Cinderace|move: Struggle\n|move|p2a: Cinderace|Struggle|p1a: Blissey\n|-activate|p1a: Blissey|move: Protect\n|\n|upkeep\n|turn|27\n|\n|t:|1700648421\n|move|p1a: Blissey|Protect||[still]\n|-fail|p1a: Blissey\n|-activate|p2a: Cinderace|move: Struggle\n|move|p2a: Cinderace|Struggle|p1a: Blissey\n|-damage|p1a: Blissey|0 fnt\n|faint|p1a: Blissey\n|-damage|p2a: Cinderace|0 fnt|[from] recoil\n|faint|p2a: Cinderace\n|\n|win|jeste=better\n|raw|Viney13's rating: 1183 &rarr; <strong>1155<\/strong><br \/>(-28 for losing)\n|raw|jeste=better's rating: 1137 &rarr; <strong>1165<\/strong><br \/>(+28 for winning)\n","uploadtime":1700648442,"views":9,"p1id":"viney13","p2id":"jestebetter","formatid":"gen9ou","rating":1155,"private":0,"password":""}