{"id":"gen9ou-1992312447","p1":"andres9gg6","p2":"ELopez03","format":"[Gen 9] OU","log":"|j|\u2606andres9gg6\n|j|\u2606ELopez03\n|t:|1700173569\n|gametype|singles\n|player|p1|andres9gg6|harlequin|1319\n|player|p2|ELopez03|266|1229\n|teamsize|p1|6\n|teamsize|p2|6\n|gen|9\n|tier|[Gen 9] OU\n|rated|\n|rule|Sleep Clause Mod: Limit one foe put to sleep\n|rule|Species Clause: Limit one of each Pok\u00e9mon\n|rule|OHKO Clause: OHKO moves are banned\n|rule|Evasion Items Clause: Evasion items are banned\n|rule|Evasion Moves Clause: Evasion moves are banned\n|rule|Endless Battle Clause: Forcing endless battles is banned\n|rule|HP Percentage Mod: HP is shown in percentages\n|clearpoke\n|poke|p1|Cinderace, M|\n|poke|p1|Zapdos|\n|poke|p1|Ogerpon-Wellspring, F|\n|poke|p1|Rillaboom, M|\n|poke|p1|Sneasler, F|\n|poke|p1|Slowking-Galar, F|\n|poke|p2|Landorus-Therian, M|\n|poke|p2|Gholdengo|\n|poke|p2|Heatran, M|\n|poke|p2|Corviknight, M|\n|poke|p2|Greninja-*, M|\n|poke|p2|Breloom, F|\n|teampreview\n|\n|t:|1700173577\n|start\n|switch|p1a: Rillaboom|Rillaboom, M|100\/100\n|switch|p2a: Breloom|Breloom, F, shiny|100\/100\n|-fieldstart|move: Grassy Terrain|[from] ability: Grassy Surge|[of] p1a: Rillaboom\n|turn|1\n|\n|t:|1700173585\n|move|p1a: Rillaboom|U-turn|p2a: Breloom\n|-damage|p2a: Breloom|57\/100\n|\n|t:|1700173590\n|switch|p1a: Zapdos|Zapdos|100\/100|[from] U-turn\n|move|p2a: Breloom|Rock Tomb|p1a: Zapdos\n|-supereffective|p1a: Zapdos\n|-damage|p1a: Zapdos|44\/100\n|-unboost|p1a: Zapdos|spe|1\n|\n|-heal|p2a: Breloom|63\/100|[from] Grassy Terrain\n|-heal|p1a: Zapdos|50\/100|[from] item: Leftovers\n|upkeep\n|turn|2\n|\n|t:|1700173604\n|move|p2a: Breloom|Rock Tomb|p1a: Zapdos\n|-supereffective|p1a: Zapdos\n|-crit|p1a: Zapdos\n|-damage|p1a: Zapdos|0 fnt\n|faint|p1a: Zapdos\n|\n|-heal|p2a: Breloom|69\/100|[from] Grassy Terrain\n|upkeep\n|\n|t:|1700173607\n|switch|p1a: Sneasler|Sneasler, F|100\/100\n|-enditem|p1a: Sneasler|Grassy Seed\n|-boost|p1a: Sneasler|def|1|[from] item: Grassy Seed\n|turn|3\n|\n|t:|1700173613\n|switch|p2a: Corviknight|Corviknight, M, shiny|100\/100\n|-ability|p2a: Corviknight|Pressure\n|move|p1a: Sneasler|Swords Dance|p1a: Sneasler\n|-boost|p1a: Sneasler|atk|2\n|\n|upkeep\n|turn|4\n|\n|t:|1700173623\n|move|p1a: Sneasler|Close Combat|p2a: Corviknight\n|-damage|p2a: Corviknight|22\/100\n|-unboost|p1a: Sneasler|def|1\n|-unboost|p1a: Sneasler|spd|1\n|-damage|p1a: Sneasler|84\/100|[from] item: Rocky Helmet|[of] p2a: Corviknight\n|move|p2a: Corviknight|Brave Bird|p1a: Sneasler\n|-supereffective|p1a: Sneasler\n|-damage|p1a: Sneasler|0 fnt\n|faint|p1a: Sneasler\n|-damage|p2a: Corviknight|0 fnt|[from] Recoil\n|faint|p2a: Corviknight\n|\n|upkeep\n|\n|t:|1700173639\n|switch|p1a: Cinderace|Cinderace, M|100\/100\n|switch|p2a: Breloom|Breloom, F, shiny|69\/100\n|turn|5\n|\n|t:|1700173643\n|switch|p2a: Heatran|Heatran, M, shiny|100\/100\n|move|p1a: Cinderace|Pyro Ball|p2a: Heatran\n|-start|p2a: Heatran|ability: Flash Fire\n|\n|-fieldend|move: Grassy Terrain\n|upkeep\n|turn|6\n|\n|t:|1700173647\n|move|p1a: Cinderace|High Jump Kick|p2a: Heatran\n|-start|p1a: Cinderace|typechange|Fighting|[from] ability: Libero\n|-supereffective|p2a: Heatran\n|-damage|p2a: Heatran|4\/100\n|move|p2a: Heatran|Earth Power|p1a: Cinderace\n|-crit|p1a: Cinderace\n|-damage|p1a: Cinderace|41\/100\n|\n|-heal|p2a: Heatran|10\/100|[from] item: Leftovers\n|upkeep\n|turn|7\n|\n|t:|1700173655\n|move|p2a: Heatran|Protect|p2a: Heatran\n|-singleturn|p2a: Heatran|Protect\n|move|p1a: Cinderace|High Jump Kick|p2a: Heatran\n|-activate|p2a: Heatran|move: Protect\n|-damage|p1a: Cinderace|0 fnt|[from] highjumpkick\n|faint|p1a: Cinderace\n|\n|-heal|p2a: Heatran|17\/100|[from] item: Leftovers\n|upkeep\n|\n|t:|1700173660\n|switch|p1a: Ogerpon|Ogerpon-Wellspring, F|100\/100\n|turn|8\n|\n|t:|1700173674\n|-terastallize|p1a: Ogerpon|Water\n|detailschange|p1a: Ogerpon|Ogerpon-Wellspring-Tera, F, tera:Water\n|-ability|p1a: Ogerpon|Embody Aspect (Wellspring)|boost\n|-boost|p1a: Ogerpon|spd|1\n|move|p1a: Ogerpon|Ivy Cudgel|p2a: Heatran|[anim] Ivy Cudgel Water\n|-supereffective|p2a: Heatran\n|-damage|p2a: Heatran|0 fnt\n|faint|p2a: Heatran\n|\n|upkeep\n|\n|t:|1700173676\n|switch|p2a: Breloom|Breloom, F, shiny|69\/100\n|turn|9\n|\n|t:|1700173681\n|move|p2a: Breloom|Spore|p1a: Ogerpon\n|-status|p1a: Ogerpon|slp|[from] move: Spore\n|cant|p1a: Ogerpon|slp\n|\n|upkeep\n|turn|10\n|\n|t:|1700173684\n|move|p2a: Breloom|Bullet Seed|p1a: Ogerpon\n|-supereffective|p1a: Ogerpon\n|-damage|p1a: Ogerpon|51\/100 slp\n|-supereffective|p1a: Ogerpon\n|-damage|p1a: Ogerpon|8\/100 slp\n|-supereffective|p1a: Ogerpon\n|-damage|p1a: Ogerpon|0 fnt\n|faint|p1a: Ogerpon\n|-hitcount|p1: Ogerpon|3\n|\n|upkeep\n|-message|andres9gg6 forfeited.\n|\n|win|ELopez03\n|raw|andres9gg6's rating: 1319 &rarr; <strong>1294<\/strong><br \/>(-25 for losing)\n|raw|ELopez03's rating: 1229 &rarr; <strong>1260<\/strong><br \/>(+31 for winning)\n|l|\u2606andres9gg6\n|c|\u2606ELopez03|gg\n","uploadtime":1700173815,"views":31,"p1id":"andres9gg6","p2id":"elopez03","formatid":"gen9ou","rating":1260,"private":0,"password":""}