{"id":"gen9ou-1990204912","p1":"Jolteon743","p2":"khang aka 6789","format":"[Gen 9] OU","log":"|j|\u2606Jolteon743\n|j|\u2606khang aka 6789\n|t:|1699937072\n|gametype|singles\n|player|p1|Jolteon743|dawn-gen4pt|1053\n|player|p2|khang aka 6789|265|1000\n|teamsize|p1|6\n|teamsize|p2|6\n|gen|9\n|tier|[Gen 9] OU\n|rated|\n|rule|Sleep Clause Mod: Limit one foe put to sleep\n|rule|Species Clause: Limit one of each Pok\u00e9mon\n|rule|OHKO Clause: OHKO moves are banned\n|rule|Evasion Items Clause: Evasion items are banned\n|rule|Evasion Moves Clause: Evasion moves are banned\n|rule|Endless Battle Clause: Forcing endless battles is banned\n|rule|HP Percentage Mod: HP is shown in percentages\n|clearpoke\n|poke|p1|Hatterene, F|\n|poke|p1|Ursaluna, M|\n|poke|p1|Dragapult, M|\n|poke|p1|Blissey, F|\n|poke|p1|Alomomola, F|\n|poke|p1|Kingambit, M|\n|poke|p2|Walking Wake|\n|poke|p2|Maushold-Four|\n|poke|p2|Dragonite, M|\n|poke|p2|Weezing-Galar, M|\n|poke|p2|Great Tusk|\n|poke|p2|Muk-Alola, M|\n|teampreview\n|inactive|Battle timer is ON: inactive players will automatically lose when time's up. (requested by Jolteon743)\n|\n|t:|1699937097\n|start\n|switch|p1a: la la la laa|Alomomola, F|100\/100\n|switch|p2a: Great Tusk|Great Tusk|100\/100\n|turn|1\n|\n|t:|1699937108\n|move|p2a: Great Tusk|Stealth Rock|p1a: la la la laa\n|-sidestart|p1: Jolteon743|move: Stealth Rock\n|move|p1a: la la la laa|Flip Turn|p2a: Great Tusk\n|-supereffective|p2a: Great Tusk\n|-damage|p2a: Great Tusk|85\/100\n|-damage|p1a: la la la laa|84\/100|[from] item: Rocky Helmet|[of] p2a: Great Tusk\n|\n|t:|1699937123\n|switch|p1a: chris chan|Ursaluna, M|100\/100|[from] Flip Turn\n|-damage|p1a: chris chan|94\/100|[from] Stealth Rock\n|\n|-status|p1a: chris chan|brn|[from] item: Flame Orb\n|upkeep\n|turn|2\n|\n|t:|1699937134\n|-end|p2a: Great Tusk|Protosynthesis|[silent]\n|switch|p2a: Weezing|Weezing-Galar, M|100\/100\n|move|p1a: chris chan|Trailblaze|p2a: Weezing\n|-resisted|p2a: Weezing\n|-damage|p2a: Weezing|85\/100\n|-boost|p1a: chris chan|spe|1\n|\n|-damage|p1a: chris chan|88\/100 brn|[from] brn\n|upkeep\n|turn|3\n|\n|t:|1699937156\n|-terastallize|p2a: Weezing|Fire\n|move|p1a: chris chan|Facade|p2a: Weezing\n|-damage|p2a: Weezing|0 fnt\n|faint|p2a: Weezing\n|\n|-damage|p1a: chris chan|82\/100 brn|[from] brn\n|upkeep\n|\n|t:|1699937163\n|switch|p2a: Dragonite|Dragonite, M|100\/100\n|turn|4\n|\n|t:|1699937174\n|move|p1a: chris chan|Trailblaze|p2a: Dragonite\n|-resisted|p2a: Dragonite\n|-damage|p2a: Dragonite|97\/100\n|-boost|p1a: chris chan|spe|1\n|move|p2a: Dragonite|Outrage|p1a: chris chan\n|-damage|p1a: chris chan|0 fnt\n|faint|p1a: chris chan\n|\n|upkeep\n|\n|t:|1699937185\n|switch|p1a: matrix|Dragapult, M|100\/100\n|-damage|p1a: matrix|88\/100|[from] Stealth Rock\n|turn|5\n|\n|t:|1699937190\n|-terastallize|p1a: matrix|Fairy\n|move|p1a: matrix|Draco Meteor|p2a: Dragonite\n|-supereffective|p2a: Dragonite\n|-damage|p2a: Dragonite|0 fnt\n|-unboost|p1a: matrix|spa|2\n|faint|p2a: Dragonite\n|\n|upkeep\n|\n|t:|1699937195\n|switch|p2a: Muk|Muk-Alola, M|100\/100\n|turn|6\n|\n|t:|1699937207\n|switch|p1a: daysi|Hatterene, F|100\/100\n|-damage|p1a: daysi|88\/100|[from] Stealth Rock\n|switch|p2a: Maushold|Maushold-Four|100\/100\n|\n|upkeep\n|turn|7\n|\n|t:|1699937219\n|move|p2a: Maushold|Bite|p1a: daysi\n|-crit|p1a: daysi\n|-damage|p1a: daysi|53\/100\n|-enditem|p1a: daysi|Eject Button\n|\n|t:|1699937228\n|switch|p1a: disbeliev|Kingambit, M|100\/100\n|-damage|p1a: disbeliev|94\/100|[from] Stealth Rock\n|-activate|p1a: disbeliev|ability: Supreme Overlord\n|-start|p1a: disbeliev|fallen1|[silent]\n|\n|-heal|p1a: disbeliev|100\/100|[from] item: Leftovers\n|upkeep\n|turn|8\n|\n|t:|1699937237\n|move|p1a: disbeliev|Sucker Punch||[still]\n|-fail|p1a: disbeliev\n|move|p2a: Maushold|Encore|p1a: disbeliev\n|-start|p1a: disbeliev|Encore\n|\n|upkeep\n|turn|9\n|\n|t:|1699937243\n|switch|p2a: Great Tusk|Great Tusk|85\/100\n|move|p1a: disbeliev|Sucker Punch||[still]\n|-fail|p1a: disbeliev\n|\n|upkeep\n|turn|10\n|\n|t:|1699937254\n|-end|p2a: Great Tusk|Protosynthesis|[silent]\n|switch|p2a: Muk|Muk-Alola, M|100\/100\n|-end|p1a: disbeliev|fallen1|[silent]\n|switch|p1a: la la la laa|Alomomola, F|100\/100\n|-damage|p1a: la la la laa|88\/100|[from] Stealth Rock\n|\n|-heal|p1a: la la la laa|94\/100|[from] item: Leftovers\n|upkeep\n|turn|11\n|\n|t:|1699937260\n|move|p2a: Muk|Knock Off|p1a: la la la laa\n|-damage|p1a: la la la laa|74\/100\n|-enditem|p1a: la la la laa|Leftovers|[from] move: Knock Off|[of] p2a: Muk\n|move|p1a: la la la laa|Wish|p1a: la la la laa\n|\n|upkeep\n|turn|12\n|\n|t:|1699937265\n|switch|p2a: Maushold|Maushold-Four|100\/100\n|move|p1a: la la la laa|Flip Turn|p2a: Maushold\n|-crit|p2a: Maushold\n|-damage|p2a: Maushold|63\/100\n|\n|t:|1699937269\n|switch|p1a: daysi|Hatterene, F|53\/100|[from] Flip Turn\n|-damage|p1a: daysi|41\/100|[from] Stealth Rock\n|\n|-heal|p1a: daysi|100\/100|[from] move: Wish|[wisher] la la la laa\n|upkeep\n|turn|13\n|\n|t:|1699937276\n|switch|p2a: Muk|Muk-Alola, M|100\/100\n|move|p1a: daysi|Nuzzle|p2a: Muk\n|-damage|p2a: Muk|96\/100\n|-status|p2a: Muk|par\n|\n|-heal|p2a: Muk|100\/100 par|[from] item: Black Sludge\n|upkeep\n|turn|14\n|\n|t:|1699937284\n|switch|p1a: la la la laa|Alomomola, F|100\/100\n|-damage|p1a: la la la laa|88\/100|[from] Stealth Rock\n|move|p2a: Muk|Knock Off|p1a: la la la laa\n|-damage|p1a: la la la laa|76\/100\n|-status|p1a: la la la laa|psn|[from] ability: Poison Touch|[of] p2a: Muk\n|\n|-damage|p1a: la la la laa|63\/100 psn|[from] psn\n|upkeep\n|turn|15\n|\n|t:|1699937293\n|move|p2a: Muk|Protect|p2a: Muk\n|-singleturn|p2a: Muk|Protect\n|move|p1a: la la la laa|Light Screen|p1a: la la la laa\n|-sidestart|p1: Jolteon743|move: Light Screen\n|\n|-damage|p1a: la la la laa|51\/100 psn|[from] psn\n|upkeep\n|turn|16\n|\n|t:|1699937301\n|switch|p2a: Maushold|Maushold-Four|63\/100\n|move|p1a: la la la laa|Wish|p1a: la la la laa\n|\n|-damage|p1a: la la la laa|39\/100 psn|[from] psn\n|upkeep\n|turn|17\n|\n|t:|1699937309\n|switch|p2a: Muk|Muk-Alola, M|100\/100 par\n|move|p1a: la la la laa|Flip Turn|p2a: Muk\n|-damage|p2a: Muk|85\/100 par\n|\n|t:|1699937327\n|switch|p1a: disbeliev|Kingambit, M|100\/100|[from] Flip Turn\n|-damage|p1a: disbeliev|94\/100|[from] Stealth Rock\n|-activate|p1a: disbeliev|ability: Supreme Overlord\n|-start|p1a: disbeliev|fallen1|[silent]\n|\n|-heal|p1a: disbeliev|100\/100|[from] move: Wish|[wisher] la la la laa\n|-heal|p2a: Muk|91\/100 par|[from] item: Black Sludge\n|upkeep\n|turn|18\n|\n|t:|1699937338\n|move|p1a: disbeliev|Iron Head|p2a: Muk\n|-damage|p2a: Muk|38\/100 par\n|cant|p2a: Muk|par\n|\n|-heal|p2a: Muk|44\/100 par|[from] item: Black Sludge\n|upkeep\n|turn|19\n|\n|t:|1699937342\n|move|p2a: Muk|Protect|p2a: Muk\n|-singleturn|p2a: Muk|Protect\n|move|p1a: disbeliev|Iron Head|p2a: Muk\n|-activate|p2a: Muk|move: Protect\n|\n|-heal|p2a: Muk|50\/100 par|[from] item: Black Sludge\n|-sideend|p1: Jolteon743|move: Light Screen\n|upkeep\n|turn|20\n|\n|t:|1699937348\n|switch|p2a: Walking Wake|Walking Wake|100\/100\n|move|p1a: disbeliev|Iron Head|p2a: Walking Wake\n|-resisted|p2a: Walking Wake\n|-damage|p2a: Walking Wake|74\/100\n|\n|upkeep\n|turn|21\n|\n|t:|1699937362\n|-end|p1a: disbeliev|fallen1|[silent]\n|switch|p1a: daysi|Hatterene, F|100\/100\n|-damage|p1a: daysi|88\/100|[from] Stealth Rock\n|move|p2a: Walking Wake|Flip Turn|p1a: daysi\n|-damage|p1a: daysi|73\/100\n|\n|t:|1699937378\n|-end|p2a: Walking Wake|Protosynthesis|[silent]\n|switch|p2a: Muk|Muk-Alola, M|50\/100 par|[from] Flip Turn\n|\n|-heal|p2a: Muk|56\/100 par|[from] item: Black Sludge\n|upkeep\n|turn|22\n|\n|t:|1699937389\n|switch|p1a: golla|Blissey, F|100\/100\n|move|p2a: Muk|Drain Punch|p1a: golla\n|-supereffective|p1a: golla\n|-damage|p1a: golla|66\/100\n|-heal|p2a: Muk|84\/100 par|[from] drain|[of] p1a: golla\n|\n|-heal|p2a: Muk|90\/100 par|[from] item: Black Sludge\n|upkeep\n|turn|23\n|\n|t:|1699937399\n|move|p1a: golla|Stealth Rock|p2a: Muk\n|-sidestart|p2: khang aka 6789|move: Stealth Rock\n|cant|p2a: Muk|par\n|\n|-heal|p2a: Muk|96\/100 par|[from] item: Black Sludge\n|upkeep\n|turn|24\n|\n|t:|1699937403\n|move|p1a: golla|Seismic Toss|p2a: Muk\n|-damage|p2a: Muk|71\/100 par\n|move|p2a: Muk|Knock Off|p1a: golla\n|-damage|p1a: golla|29\/100\n|-status|p1a: golla|psn|[from] ability: Poison Touch|[of] p2a: Muk\n|-enditem|p1a: golla|Heavy-Duty Boots|[from] move: Knock Off|[of] p2a: Muk\n|\n|-heal|p2a: Muk|77\/100 par|[from] item: Black Sludge\n|-damage|p1a: golla|17\/100 psn|[from] psn\n|upkeep\n|turn|25\n|\n|t:|1699937413\n|-curestatus|p1a: golla|psn|[from] ability: Natural Cure\n|switch|p1a: la la la laa|Alomomola, F|72\/100 psn\n|-damage|p1a: la la la laa|59\/100 psn|[from] Stealth Rock\n|move|p2a: Muk|Drain Punch|p1a: la la la laa\n|-damage|p1a: la la la laa|50\/100 psn\n|-heal|p2a: Muk|84\/100 par|[from] drain|[of] p1a: la la la laa\n|\n|-heal|p2a: Muk|90\/100 par|[from] item: Black Sludge\n|-damage|p1a: la la la laa|37\/100 psn|[from] psn\n|upkeep\n|turn|26\n|\n|t:|1699937419\n|switch|p2a: Great Tusk|Great Tusk|85\/100\n|-damage|p2a: Great Tusk|82\/100|[from] Stealth Rock\n|move|p1a: la la la laa|Wish|p1a: la la la laa\n|\n|-damage|p1a: la la la laa|25\/100 psn|[from] psn\n|upkeep\n|turn|27\n|\n|t:|1699937427\n|move|p1a: la la la laa|Protect|p1a: la la la laa\n|-singleturn|p1a: la la la laa|Protect\n|move|p2a: Great Tusk|Earthquake|p1a: la la la laa\n|-activate|p1a: la la la laa|move: Protect\n|\n|-heal|p1a: la la la laa|75\/100 psn|[from] move: Wish|[wisher] la la la laa\n|-damage|p1a: la la la laa|62\/100 psn|[from] psn\n|upkeep\n|turn|28\n|\n|t:|1699937434\n|move|p2a: Great Tusk|Earthquake|p1a: la la la laa\n|-crit|p1a: la la la laa\n|-damage|p1a: la la la laa|30\/100 psn\n|move|p1a: la la la laa|Flip Turn|p2a: Great Tusk\n|-supereffective|p2a: Great Tusk\n|-damage|p2a: Great Tusk|67\/100\n|-damage|p1a: la la la laa|13\/100 psn|[from] item: Rocky Helmet|[of] p2a: Great Tusk\n|\n|t:|1699937448\n|switch|p1a: matrix|Dragapult, M, tera:Fairy|88\/100|[from] Flip Turn\n|-damage|p1a: matrix|76\/100|[from] Stealth Rock\n|\n|upkeep\n|turn|29\n|\n|t:|1699937464\n|move|p1a: matrix|Shadow Ball|p2a: Great Tusk\n|-damage|p2a: Great Tusk|1\/100\n|move|p2a: Great Tusk|Earthquake|p1a: matrix\n|-damage|p1a: matrix|14\/100\n|\n|upkeep\n|turn|30\n|\n|t:|1699937472\n|move|p1a: matrix|Shadow Ball|p2a: Great Tusk\n|-damage|p2a: Great Tusk|0 fnt\n|faint|p2a: Great Tusk\n|-end|p2a: Great Tusk|Protosynthesis|[silent]\n|\n|upkeep\n|\n|t:|1699937474\n|switch|p2a: Walking Wake|Walking Wake|74\/100\n|-damage|p2a: Walking Wake|62\/100|[from] Stealth Rock\n|turn|31\n|\n|t:|1699937478\n|switch|p1a: golla|Blissey, F|17\/100\n|-damage|p1a: golla|4\/100|[from] Stealth Rock\n|move|p2a: Walking Wake|Flip Turn|p1a: golla\n|-damage|p1a: golla|0 fnt\n|faint|p1a: golla\n|\n|t:|1699937482\n|-end|p2a: Walking Wake|Protosynthesis|[silent]\n|switch|p2a: Muk|Muk-Alola, M|90\/100 par|[from] Flip Turn\n|-damage|p2a: Muk|78\/100 par|[from] Stealth Rock\n|\n|-heal|p2a: Muk|84\/100 par|[from] item: Black Sludge\n|upkeep\n|\n|t:|1699937490\n|switch|p1a: matrix|Dragapult, M, tera:Fairy|14\/100\n|-damage|p1a: matrix|2\/100|[from] Stealth Rock\n|turn|32\n|\n|t:|1699937503\n|move|p2a: Muk|Protect|p2a: Muk\n|-singleturn|p2a: Muk|Protect\n|move|p1a: matrix|Draco Meteor|p2a: Muk\n|-activate|p2a: Muk|move: Protect\n|\n|-heal|p2a: Muk|90\/100 par|[from] item: Black Sludge\n|upkeep\n|turn|33\n|\n|t:|1699937511\n|move|p1a: matrix|Draco Meteor|p2a: Muk\n|-damage|p2a: Muk|41\/100 par\n|-unboost|p1a: matrix|spa|2\n|move|p2a: Muk|Knock Off|p1a: matrix\n|-resisted|p1a: matrix\n|-damage|p1a: matrix|0 fnt\n|-enditem|p1a: matrix|Choice Specs|[from] move: Knock Off|[of] p2a: Muk\n|faint|p1a: matrix\n|\n|-heal|p2a: Muk|47\/100 par|[from] item: Black Sludge\n|upkeep\n|\n|t:|1699937526\n|switch|p1a: la la la laa|Alomomola, F|46\/100 psn\n|-damage|p1a: la la la laa|34\/100 psn|[from] Stealth Rock\n|turn|34\n|\n|t:|1699937547\n|move|p1a: la la la laa|Wish|p1a: la la la laa\n|move|p2a: Muk|Poison Jab|p1a: la la la laa\n|-damage|p1a: la la la laa|19\/100 psn\n|\n|-heal|p2a: Muk|53\/100 par|[from] item: Black Sludge\n|-damage|p1a: la la la laa|6\/100 psn|[from] psn\n|upkeep\n|turn|35\n|inactive|khang aka 6789 has 120 seconds left.\n|\n|t:|1699937587\n|switch|p2a: Walking Wake|Walking Wake|62\/100\n|-damage|p2a: Walking Wake|49\/100|[from] Stealth Rock\n|move|p1a: la la la laa|Protect||[still]\n|-fail|p1a: la la la laa\n|\n|-heal|p1a: la la la laa|56\/100 psn|[from] move: Wish|[wisher] la la la laa\n|-damage|p1a: la la la laa|44\/100 psn|[from] psn\n|upkeep\n|turn|36\n|\n|t:|1699937595\n|move|p2a: Walking Wake|Draco Meteor|p1a: la la la laa|[miss]\n|-miss|p2a: Walking Wake|p1a: la la la laa\n|move|p1a: la la la laa|Light Screen|p1a: la la la laa\n|-sidestart|p1: Jolteon743|move: Light Screen\n|\n|-damage|p1a: la la la laa|32\/100 psn|[from] psn\n|upkeep\n|turn|37\n|\n|t:|1699937602\n|switch|p1a: disbeliev|Kingambit, M|100\/100\n|-damage|p1a: disbeliev|94\/100|[from] Stealth Rock\n|-activate|p1a: disbeliev|ability: Supreme Overlord\n|-start|p1a: disbeliev|fallen3|[silent]\n|move|p2a: Walking Wake|Draco Meteor|p1a: disbeliev|[miss]\n|-miss|p2a: Walking Wake|p1a: disbeliev\n|\n|-heal|p1a: disbeliev|100\/100|[from] item: Leftovers\n|upkeep\n|turn|38\n|\n|t:|1699937610\n|-end|p2a: Walking Wake|Protosynthesis|[silent]\n|switch|p2a: Maushold|Maushold-Four|63\/100\n|-damage|p2a: Maushold|51\/100|[from] Stealth Rock\n|move|p1a: disbeliev|Swords Dance|p1a: disbeliev\n|-boost|p1a: disbeliev|atk|2\n|\n|upkeep\n|turn|39\n|\n|t:|1699937617\n|move|p2a: Maushold|Encore|p1a: disbeliev\n|-start|p1a: disbeliev|Encore\n|move|p1a: disbeliev|Swords Dance|p1a: disbeliev\n|-boost|p1a: disbeliev|atk|2\n|\n|upkeep\n|turn|40\n|\n|t:|1699937623\n|switch|p2a: Muk|Muk-Alola, M|53\/100 par\n|-damage|p2a: Muk|41\/100 par|[from] Stealth Rock\n|-end|p1a: disbeliev|fallen3|[silent]\n|switch|p1a: daysi|Hatterene, F|73\/100\n|-damage|p1a: daysi|60\/100|[from] Stealth Rock\n|\n|-heal|p2a: Muk|47\/100 par|[from] item: Black Sludge\n|-sideend|p1: Jolteon743|move: Light Screen\n|upkeep\n|turn|41\n|\n|t:|1699937629\n|switch|p1a: disbeliev|Kingambit, M|100\/100\n|-damage|p1a: disbeliev|94\/100|[from] Stealth Rock\n|-activate|p1a: disbeliev|ability: Supreme Overlord\n|-start|p1a: disbeliev|fallen3|[silent]\n|cant|p2a: Muk|par\n|\n|-heal|p1a: disbeliev|100\/100|[from] item: Leftovers\n|-heal|p2a: Muk|53\/100 par|[from] item: Black Sludge\n|upkeep\n|turn|42\n|\n|t:|1699937642\n|move|p1a: disbeliev|Sucker Punch|p2a: Muk\n|-resisted|p2a: Muk\n|-damage|p2a: Muk|26\/100 par\n|move|p2a: Muk|Drain Punch|p1a: disbeliev\n|-supereffective|p1a: disbeliev\n|-damage|p1a: disbeliev|44\/100\n|-heal|p2a: Muk|51\/100 par|[from] drain|[of] p1a: disbeliev\n|\n|-heal|p1a: disbeliev|50\/100|[from] item: Leftovers\n|-heal|p2a: Muk|57\/100 par|[from] item: Black Sludge\n|upkeep\n|turn|43\n|\n|t:|1699937651\n|-end|p1a: disbeliev|fallen3|[silent]\n|switch|p1a: la la la laa|Alomomola, F|65\/100 psn\n|-damage|p1a: la la la laa|53\/100 psn|[from] Stealth Rock\n|move|p2a: Muk|Drain Punch|p1a: la la la laa\n|-damage|p1a: la la la laa|43\/100 psn\n|-heal|p2a: Muk|64\/100 par|[from] drain|[of] p1a: la la la laa\n|\n|-heal|p2a: Muk|70\/100 par|[from] item: Black Sludge\n|-damage|p1a: la la la laa|31\/100 psn|[from] psn\n|upkeep\n|turn|44\n|\n|t:|1699937656\n|switch|p2a: Maushold|Maushold-Four|51\/100\n|-damage|p2a: Maushold|38\/100|[from] Stealth Rock\n|move|p1a: la la la laa|Wish|p1a: la la la laa\n|\n|-damage|p1a: la la la laa|18\/100 psn|[from] psn\n|upkeep\n|turn|45\n|\n|t:|1699937662\n|switch|p2a: Muk|Muk-Alola, M|70\/100 par\n|-damage|p2a: Muk|57\/100 par|[from] Stealth Rock\n|move|p1a: la la la laa|Protect||[still]\n|-fail|p1a: la la la laa\n|\n|-heal|p1a: la la la laa|68\/100 psn|[from] move: Wish|[wisher] la la la laa\n|-heal|p2a: Muk|63\/100 par|[from] item: Black Sludge\n|-damage|p1a: la la la laa|56\/100 psn|[from] psn\n|upkeep\n|turn|46\n|\n|t:|1699937666\n|move|p1a: la la la laa|Wish|p1a: la la la laa\n|cant|p2a: Muk|par\n|\n|-heal|p2a: Muk|70\/100 par|[from] item: Black Sludge\n|-damage|p1a: la la la laa|44\/100 psn|[from] psn\n|upkeep\n|turn|47\n|\n|t:|1699937669\n|move|p1a: la la la laa|Protect|p1a: la la la laa\n|-singleturn|p1a: la la la laa|Protect\n|cant|p2a: Muk|par\n|\n|-heal|p1a: la la la laa|94\/100 psn|[from] move: Wish|[wisher] la la la laa\n|-heal|p2a: Muk|76\/100 par|[from] item: Black Sludge\n|-damage|p1a: la la la laa|81\/100 psn|[from] psn\n|upkeep\n|turn|48\n|\n|t:|1699937674\n|move|p1a: la la la laa|Wish|p1a: la la la laa\n|move|p2a: Muk|Drain Punch|p1a: la la la laa\n|-damage|p1a: la la la laa|72\/100 psn\n|-heal|p2a: Muk|82\/100 par|[from] drain|[of] p1a: la la la laa\n|\n|-heal|p2a: Muk|88\/100 par|[from] item: Black Sludge\n|-damage|p1a: la la la laa|59\/100 psn|[from] psn\n|upkeep\n|turn|49\n|\n|t:|1699937679\n|move|p1a: la la la laa|Protect|p1a: la la la laa\n|-singleturn|p1a: la la la laa|Protect\n|cant|p2a: Muk|par\n|\n|-heal|p1a: la la la laa|100\/100 psn|[from] move: Wish|[wisher] la la la laa\n|-heal|p2a: Muk|94\/100 par|[from] item: Black Sludge\n|-damage|p1a: la la la laa|88\/100 psn|[from] psn\n|upkeep\n|turn|50\n|\n|t:|1699937685\n|move|p1a: la la la laa|Wish|p1a: la la la laa\n|move|p2a: Muk|Drain Punch|p1a: la la la laa\n|-damage|p1a: la la la laa|78\/100 psn\n|-heal|p2a: Muk|100\/100 par|[from] drain|[of] p1a: la la la laa\n|\n|-damage|p1a: la la la laa|66\/100 psn|[from] psn\n|upkeep\n|turn|51\n|\n|t:|1699937694\n|move|p1a: la la la laa|Flip Turn|p2a: Muk\n|-damage|p2a: Muk|84\/100 par\n|\n|t:|1699937700\n|switch|p1a: daysi|Hatterene, F|60\/100|[from] Flip Turn\n|-damage|p1a: daysi|48\/100|[from] Stealth Rock\n|cant|p2a: Muk|par\n|\n|-heal|p1a: daysi|100\/100|[from] move: Wish|[wisher] la la la laa\n|-heal|p2a: Muk|90\/100 par|[from] item: Black Sludge\n|upkeep\n|turn|52\n|\n|t:|1699937710\n|move|p1a: daysi|Dazzling Gleam|p2a: Muk\n|-damage|p2a: Muk|68\/100 par\n|cant|p2a: Muk|par\n|\n|-heal|p2a: Muk|74\/100 par|[from] item: Black Sludge\n|upkeep\n|turn|53\n|\n|t:|1699937716\n|move|p1a: daysi|Dazzling Gleam|p2a: Muk\n|-damage|p2a: Muk|54\/100 par\n|move|p2a: Muk|Poison Jab|p1a: daysi\n|-supereffective|p1a: daysi\n|-damage|p1a: daysi|39\/100\n|\n|-heal|p2a: Muk|60\/100 par|[from] item: Black Sludge\n|upkeep\n|turn|54\n|\n|t:|1699937725\n|switch|p1a: disbeliev|Kingambit, M|50\/100\n|-damage|p1a: disbeliev|44\/100|[from] Stealth Rock\n|-activate|p1a: disbeliev|ability: Supreme Overlord\n|-start|p1a: disbeliev|fallen3|[silent]\n|cant|p2a: Muk|par\n|\n|-heal|p1a: disbeliev|50\/100|[from] item: Leftovers\n|-heal|p2a: Muk|66\/100 par|[from] item: Black Sludge\n|upkeep\n|turn|55\n|\n|t:|1699937732\n|move|p1a: disbeliev|Iron Head|p2a: Muk\n|-damage|p2a: Muk|3\/100 par\n|cant|p2a: Muk|flinch\n|\n|-heal|p1a: disbeliev|57\/100|[from] item: Leftovers\n|-heal|p2a: Muk|9\/100 par|[from] item: Black Sludge\n|upkeep\n|turn|56\n|\n|t:|1699937744\n|-end|p1a: disbeliev|fallen3|[silent]\n|switch|p1a: la la la laa|Alomomola, F|99\/100 psn\n|-damage|p1a: la la la laa|87\/100 psn|[from] Stealth Rock\n|switch|p2a: Maushold|Maushold-Four|38\/100\n|-damage|p2a: Maushold|26\/100|[from] Stealth Rock\n|\n|-damage|p1a: la la la laa|74\/100 psn|[from] psn\n|upkeep\n|turn|57\n|\n|t:|1699937753\n|move|p2a: Maushold|Tidy Up|p2a: Maushold\n|-sideend|p2: khang aka 6789|Stealth Rock\n|-sideend|p1: Jolteon743|Stealth Rock\n|-activate|p2a: Maushold|move: Tidy Up\n|-boost|p2a: Maushold|atk|1\n|-boost|p2a: Maushold|spe|1\n|move|p1a: la la la laa|Wish|p1a: la la la laa\n|\n|-damage|p1a: la la la laa|62\/100 psn|[from] psn\n|upkeep\n|turn|58\n|\n|t:|1699937764\n|move|p2a: Maushold|Tidy Up|p2a: Maushold\n|-boost|p2a: Maushold|atk|1\n|-boost|p2a: Maushold|spe|1\n|move|p1a: la la la laa|Flip Turn|p2a: Maushold\n|-damage|p2a: Maushold|2\/100\n|\n|t:|1699937770\n|switch|p1a: disbeliev|Kingambit, M|57\/100|[from] Flip Turn\n|-activate|p1a: disbeliev|ability: Supreme Overlord\n|-start|p1a: disbeliev|fallen3|[silent]\n|\n|-heal|p1a: disbeliev|100\/100|[from] move: Wish|[wisher] la la la laa\n|upkeep\n|turn|59\n|\n|t:|1699937775\n|move|p1a: disbeliev|Sucker Punch||[still]\n|-fail|p1a: disbeliev\n|move|p2a: Maushold|Encore|p1a: disbeliev\n|-start|p1a: disbeliev|Encore\n|\n|upkeep\n|turn|60\n|\n|t:|1699937780\n|switch|p2a: Walking Wake|Walking Wake|49\/100\n|move|p1a: disbeliev|Sucker Punch||[still]\n|-fail|p1a: disbeliev\n|\n|upkeep\n|turn|61\n|\n|t:|1699937784\n|-end|p1a: disbeliev|fallen3|[silent]\n|switch|p1a: daysi|Hatterene, F|39\/100\n|move|p2a: Walking Wake|Flamethrower|p1a: daysi\n|-damage|p1a: daysi|9\/100\n|\n|upkeep\n|turn|62\n|\n|t:|1699937790\n|move|p2a: Walking Wake|Flamethrower|p1a: daysi\n|-damage|p1a: daysi|0 fnt\n|faint|p1a: daysi\n|\n|upkeep\n|\n|t:|1699937794\n|switch|p1a: la la la laa|Alomomola, F|95\/100 psn\n|turn|63\n|\n|t:|1699937798\n|-end|p2a: Walking Wake|Protosynthesis|[silent]\n|switch|p2a: Muk|Muk-Alola, M|9\/100 par\n|move|p1a: la la la laa|Light Screen|p1a: la la la laa\n|-sidestart|p1: Jolteon743|move: Light Screen\n|\n|-heal|p2a: Muk|15\/100 par|[from] item: Black Sludge\n|-damage|p1a: la la la laa|83\/100 psn|[from] psn\n|upkeep\n|turn|64\n|\n|t:|1699937806\n|move|p2a: Muk|Protect|p2a: Muk\n|-singleturn|p2a: Muk|Protect\n|move|p1a: la la la laa|Flip Turn|p2a: Muk\n|-activate|p2a: Muk|move: Protect\n|\n|-heal|p2a: Muk|21\/100 par|[from] item: Black Sludge\n|-damage|p1a: la la la laa|71\/100 psn|[from] psn\n|upkeep\n|turn|65\n|\n|t:|1699937813\n|move|p1a: la la la laa|Wish|p1a: la la la laa\n|cant|p2a: Muk|par\n|\n|-heal|p2a: Muk|27\/100 par|[from] item: Black Sludge\n|-damage|p1a: la la la laa|58\/100 psn|[from] psn\n|upkeep\n|turn|66\n|\n|t:|1699937816\n|move|p1a: la la la laa|Flip Turn|p2a: Muk\n|-damage|p2a: Muk|11\/100 par\n|\n|t:|1699937819\n|switch|p1a: disbeliev|Kingambit, M|100\/100|[from] Flip Turn\n|-activate|p1a: disbeliev|ability: Supreme Overlord\n|-start|p1a: disbeliev|fallen4|[silent]\n|move|p2a: Muk|Drain Punch|p1a: disbeliev\n|-supereffective|p1a: disbeliev\n|-damage|p1a: disbeliev|44\/100\n|-heal|p2a: Muk|36\/100 par|[from] drain|[of] p1a: disbeliev\n|\n|-heal|p1a: disbeliev|100\/100|[from] move: Wish|[wisher] la la la laa\n|-heal|p2a: Muk|42\/100 par|[from] item: Black Sludge\n|upkeep\n|turn|67\n|\n|t:|1699937830\n|move|p2a: Muk|Protect|p2a: Muk\n|-singleturn|p2a: Muk|Protect\n|move|p1a: disbeliev|Iron Head|p2a: Muk\n|-activate|p2a: Muk|move: Protect\n|\n|-heal|p2a: Muk|48\/100 par|[from] item: Black Sludge\n|-sideend|p1: Jolteon743|move: Light Screen\n|upkeep\n|turn|68\n|\n|t:|1699937834\n|move|p1a: disbeliev|Iron Head|p2a: Muk\n|-damage|p2a: Muk|0 fnt\n|faint|p2a: Muk\n|\n|upkeep\n|\n|t:|1699937847\n|switch|p2a: Walking Wake|Walking Wake|49\/100\n|turn|69\n|\n|t:|1699937863\n|-end|p1a: disbeliev|fallen4|[silent]\n|switch|p1a: la la la laa|Alomomola, F|92\/100 psn\n|move|p2a: Walking Wake|Draco Meteor|p1a: la la la laa\n|-damage|p1a: la la la laa|10\/100 psn\n|-unboost|p2a: Walking Wake|spa|2\n|\n|-damage|p1a: la la la laa|0 fnt|[from] psn\n|faint|p1a: la la la laa\n|upkeep\n|\n|t:|1699937868\n|switch|p1a: disbeliev|Kingambit, M|100\/100\n|-activate|p1a: disbeliev|ability: Supreme Overlord\n|-start|p1a: disbeliev|fallen5|[silent]\n|turn|70\n|\n|t:|1699937880\n|-end|p2a: Walking Wake|Protosynthesis|[silent]\n|switch|p2a: Maushold|Maushold-Four|2\/100\n|move|p1a: disbeliev|Iron Head|p2a: Maushold\n|-damage|p2a: Maushold|0 fnt\n|faint|p2a: Maushold\n|\n|upkeep\n|\n|t:|1699937889\n|switch|p2a: Walking Wake|Walking Wake|49\/100\n|turn|71\n|\n|t:|1699937893\n|move|p2a: Walking Wake|Flamethrower|p1a: disbeliev\n|-supereffective|p1a: disbeliev\n|-damage|p1a: disbeliev|34\/100\n|move|p1a: disbeliev|Kowtow Cleave|p2a: Walking Wake\n|-damage|p2a: Walking Wake|0 fnt\n|faint|p2a: Walking Wake\n|-end|p2a: Walking Wake|Protosynthesis|[silent]\n|\n|win|Jolteon743\n|raw|Jolteon743's rating: 1053 &rarr; <strong>1080<\/strong><br \/>(+27 for winning)\n|raw|khang aka 6789's rating: 1000 &rarr; <strong>1000<\/strong><br \/>(+0 for losing)\n","uploadtime":1699937900,"views":18,"p1id":"jolteon743","p2id":"khangaka6789","formatid":"gen9ou","rating":1000,"private":0,"password":""}