{"id":"gen9ou-1989404623","p1":"S3PP1","p2":"BeardoftheRed","format":"[Gen 9] OU","log":"|j|\u2606S3PP1\n|j|\u2606BeardoftheRed\n|t:|1699845950\n|gametype|singles\n|player|p1|S3PP1|chuck|\n|player|p2|BeardoftheRed|101|\n|teamsize|p1|6\n|teamsize|p2|6\n|gen|9\n|tier|[Gen 9] OU\n|rule|Sleep Clause Mod: Limit one foe put to sleep\n|rule|Species Clause: Limit one of each Pok\u00e9mon\n|rule|OHKO Clause: OHKO moves are banned\n|rule|Evasion Items Clause: Evasion items are banned\n|rule|Evasion Moves Clause: Evasion moves are banned\n|rule|Endless Battle Clause: Forcing endless battles is banned\n|rule|HP Percentage Mod: HP is shown in percentages\n|clearpoke\n|poke|p1|Kommo-o, M|\n|poke|p1|Garganacl, F|\n|poke|p1|Mamoswine, M|\n|poke|p1|Regidrago|\n|poke|p1|Medicham, M|\n|poke|p1|Rotom-Mow|\n|poke|p2|Ninetales-Alola, M|\n|poke|p2|Gastrodon, F|\n|poke|p2|Glimmora, F|\n|poke|p2|Gardevoir, F|\n|poke|p2|Jirachi|\n|poke|p2|Iron Moth|\n|teampreview\n|inactive|Battle timer is ON: inactive players will automatically lose when time's up. (requested by S3PP1)\n|inactive|BeardoftheRed also wants the timer to be on.\n|j| CRIPPYwitdaGRIPPY\n|\n|t:|1699845970\n|start\n|switch|p1a: Scitzo|Rotom-Mow|100\/100\n|switch|p2a: Gastrodon|Gastrodon, F|100\/100\n|turn|1\n|\n|t:|1699845990\n|move|p1a: Scitzo|Leaf Storm|p2a: Gastrodon\n|-supereffective|p2a: Gastrodon\n|-damage|p2a: Gastrodon|0 fnt\n|-unboost|p1a: Scitzo|spa|2\n|faint|p2a: Gastrodon\n|\n|upkeep\n|\n|t:|1699845998\n|switch|p2a: Iron Moth|Iron Moth|100\/100\n|-enditem|p2a: Iron Moth|Booster Energy\n|-activate|p2a: Iron Moth|ability: Quark Drive|[fromitem]\n|-start|p2a: Iron Moth|quarkdrivespa\n|turn|2\n|\n|t:|1699846008\n|move|p2a: Iron Moth|Fiery Dance|p1a: Scitzo\n|-supereffective|p1a: Scitzo\n|-damage|p1a: Scitzo|0 fnt\n|faint|p1a: Scitzo\n|\n|upkeep\n|\n|t:|1699846016\n|switch|p1a: 1manBAND|Kommo-o, M|100\/100\n|turn|3\n|\n|t:|1699846021\n|-terastallize|p2a: Iron Moth|Fire\n|move|p2a: Iron Moth|Fiery Dance|p1a: 1manBAND\n|-resisted|p1a: 1manBAND\n|-damage|p1a: 1manBAND|53\/100\n|move|p1a: 1manBAND|Clangorous Soul|p1a: 1manBAND\n|-boost|p1a: 1manBAND|atk|1\n|-boost|p1a: 1manBAND|def|1\n|-boost|p1a: 1manBAND|spa|1\n|-boost|p1a: 1manBAND|spd|1\n|-boost|p1a: 1manBAND|spe|1\n|-damage|p1a: 1manBAND|20\/100\n|-enditem|p1a: 1manBAND|Throat Spray\n|-boost|p1a: 1manBAND|spa|1|[from] item: Throat Spray\n|\n|upkeep\n|turn|4\n|\n|t:|1699846033\n|move|p1a: 1manBAND|Scale Shot|p2a: Iron Moth\n|-damage|p2a: Iron Moth|71\/100\n|-damage|p2a: Iron Moth|39\/100\n|-damage|p2a: Iron Moth|8\/100\n|-damage|p2a: Iron Moth|0 fnt\n|faint|p2a: Iron Moth\n|-end|p2a: Iron Moth|Quark Drive|[silent]\n|-hitcount|p2: Iron Moth|4\n|-unboost|p1a: 1manBAND|def|1\n|-boost|p1a: 1manBAND|spe|1\n|\n|upkeep\n|\n|t:|1699846043\n|switch|p2a: Glimmora|Glimmora, F|100\/100\n|turn|5\n|\n|t:|1699846049\n|move|p1a: 1manBAND|Scale Shot|p2a: Glimmora|[miss]\n|-miss|p1a: 1manBAND|p2a: Glimmora\n|move|p2a: Glimmora|Mortal Spin|p1a: 1manBAND\n|-damage|p1a: 1manBAND|14\/100\n|-status|p1a: 1manBAND|psn\n|\n|-damage|p1a: 1manBAND|2\/100 psn|[from] psn\n|upkeep\n|turn|6\n|\n|t:|1699846060\n|switch|p2a: Jirachi|Jirachi|100\/100\n|move|p1a: 1manBAND|Drain Punch|p2a: Jirachi\n|-damage|p2a: Jirachi|49\/100\n|-heal|p1a: 1manBAND|32\/100 psn|[from] drain|[of] p2a: Jirachi\n|\n|-damage|p1a: 1manBAND|19\/100 psn|[from] psn\n|upkeep\n|turn|7\n|\n|t:|1699846071\n|move|p1a: 1manBAND|Drain Punch|p2a: Jirachi\n|-damage|p2a: Jirachi|0 fnt\n|-heal|p1a: 1manBAND|48\/100 psn|[from] drain|[of] p2a: Jirachi\n|faint|p2a: Jirachi\n|\n|-damage|p1a: 1manBAND|36\/100 psn|[from] psn\n|upkeep\n|\n|t:|1699846082\n|switch|p2a: Ninetales|Ninetales-Alola, M|100\/100\n|-weather|Snow|[from] ability: Snow Warning|[of] p2a: Ninetales\n|turn|8\n|\n|t:|1699846087\n|move|p1a: 1manBAND|Drain Punch|p2a: Ninetales\n|-damage|p2a: Ninetales|52\/100\n|-heal|p1a: 1manBAND|60\/100 psn|[from] drain|[of] p2a: Ninetales\n|move|p2a: Ninetales|Aurora Veil|p2a: Ninetales\n|-sidestart|p2: BeardoftheRed|move: Aurora Veil\n|\n|-weather|Snow|[upkeep]\n|-damage|p1a: 1manBAND|48\/100 psn|[from] psn\n|upkeep\n|turn|9\n|\n|t:|1699846098\n|move|p1a: 1manBAND|Drain Punch|p2a: Ninetales\n|-crit|p2a: Ninetales\n|-damage|p2a: Ninetales|0 fnt\n|-heal|p1a: 1manBAND|73\/100 psn|[from] drain|[of] p2a: Ninetales\n|faint|p2a: Ninetales\n|\n|-weather|Snow|[upkeep]\n|-damage|p1a: 1manBAND|61\/100 psn|[from] psn\n|upkeep\n|\n|t:|1699846106\n|switch|p2a: Gardevoir|Gardevoir, F|100\/100\n|-ability|p2a: Gardevoir|Bulletproof|[from] ability: Trace|[of] p1a: 1manBAND\n|turn|10\n|\n|t:|1699846114\n|move|p1a: 1manBAND|Drain Punch|p2a: Gardevoir\n|-resisted|p2a: Gardevoir\n|-damage|p2a: Gardevoir|89\/100\n|-heal|p1a: 1manBAND|66\/100 psn|[from] drain|[of] p2a: Gardevoir\n|move|p2a: Gardevoir|Moonblast|p1a: 1manBAND\n|-supereffective|p1a: 1manBAND\n|-damage|p1a: 1manBAND|0 fnt\n|faint|p1a: 1manBAND\n|\n|-weather|Snow|[upkeep]\n|upkeep\n|\n|t:|1699846129\n|switch|p1a: MC Salt Golem|Garganacl, F|100\/100\n|turn|11\n|\n|t:|1699846133\n|move|p2a: Gardevoir|Moonblast|p1a: MC Salt Golem\n|-damage|p1a: MC Salt Golem|59\/100\n|-unboost|p1a: MC Salt Golem|spa|1\n|move|p1a: MC Salt Golem|Recover|p1a: MC Salt Golem\n|-heal|p1a: MC Salt Golem|100\/100\n|\n|-weather|Snow|[upkeep]\n|upkeep\n|turn|12\n|\n|t:|1699846141\n|move|p2a: Gardevoir|Moonblast|p1a: MC Salt Golem\n|-damage|p1a: MC Salt Golem|59\/100\n|-unboost|p1a: MC Salt Golem|spa|1\n|move|p1a: MC Salt Golem|Recover|p1a: MC Salt Golem\n|-heal|p1a: MC Salt Golem|100\/100\n|\n|-weather|none\n|upkeep\n|turn|13\n|\n|t:|1699846155\n|move|p2a: Gardevoir|Moonblast|p1a: MC Salt Golem\n|-damage|p1a: MC Salt Golem|60\/100\n|move|p1a: MC Salt Golem|Stone Edge|p2a: Gardevoir|[miss]\n|-miss|p1a: MC Salt Golem|p2a: Gardevoir\n|\n|-heal|p1a: MC Salt Golem|66\/100|[from] item: Leftovers\n|upkeep\n|turn|14\n|\n|t:|1699846162\n|move|p2a: Gardevoir|Moonblast|p1a: MC Salt Golem\n|-damage|p1a: MC Salt Golem|18\/100\n|move|p1a: MC Salt Golem|Recover|p1a: MC Salt Golem\n|-heal|p1a: MC Salt Golem|68\/100\n|\n|-heal|p1a: MC Salt Golem|75\/100|[from] item: Leftovers\n|upkeep\n|turn|15\n|\n|t:|1699846169\n|move|p2a: Gardevoir|Moonblast|p1a: MC Salt Golem\n|-damage|p1a: MC Salt Golem|29\/100\n|move|p1a: MC Salt Golem|Recover|p1a: MC Salt Golem\n|-heal|p1a: MC Salt Golem|79\/100\n|\n|-heal|p1a: MC Salt Golem|85\/100|[from] item: Leftovers\n|-sideend|p2: BeardoftheRed|move: Aurora Veil\n|upkeep\n|turn|16\n|\n|t:|1699846176\n|move|p2a: Gardevoir|Moonblast|p1a: MC Salt Golem\n|-damage|p1a: MC Salt Golem|43\/100\n|-unboost|p1a: MC Salt Golem|spa|1\n|move|p1a: MC Salt Golem|Recover|p1a: MC Salt Golem\n|-heal|p1a: MC Salt Golem|93\/100\n|\n|-heal|p1a: MC Salt Golem|99\/100|[from] item: Leftovers\n|upkeep\n|turn|17\n|\n|t:|1699846184\n|move|p2a: Gardevoir|Moonblast|p1a: MC Salt Golem\n|-damage|p1a: MC Salt Golem|58\/100\n|-unboost|p1a: MC Salt Golem|spa|1\n|move|p1a: MC Salt Golem|Stone Edge|p2a: Gardevoir|[miss]\n|-miss|p1a: MC Salt Golem|p2a: Gardevoir\n|\n|-heal|p1a: MC Salt Golem|65\/100|[from] item: Leftovers\n|upkeep\n|turn|18\n|\n|t:|1699846189\n|switch|p2a: Glimmora|Glimmora, F|100\/100\n|move|p1a: MC Salt Golem|Recover|p1a: MC Salt Golem\n|-heal|p1a: MC Salt Golem|100\/100\n|\n|upkeep\n|turn|19\n|\n|t:|1699846198\n|move|p2a: Glimmora|Spiky Shield|p2a: Glimmora\n|-singleturn|p2a: Glimmora|move: Protect\n|move|p1a: MC Salt Golem|Stealth Rock|p2a: Glimmora\n|-sidestart|p2: BeardoftheRed|move: Stealth Rock\n|\n|upkeep\n|turn|20\n|\n|t:|1699846204\n|move|p2a: Glimmora|Mortal Spin|p1a: MC Salt Golem\n|-resisted|p1a: MC Salt Golem\n|-damage|p1a: MC Salt Golem|99\/100\n|-sideend|p2: BeardoftheRed|Stealth Rock|[from] move: Mortal Spin|[of] p2a: Glimmora\n|move|p1a: MC Salt Golem|Stone Edge|p2a: Glimmora\n|-damage|p2a: Glimmora|69\/100\n|-activate|p2a: Glimmora|ability: Toxic Debris\n|-sidestart|p1: S3PP1|move: Toxic Spikes\n|\n|-heal|p1a: MC Salt Golem|100\/100|[from] item: Leftovers\n|upkeep\n|turn|21\n|\n|t:|1699846213\n|move|p2a: Glimmora|Earth Power|p1a: MC Salt Golem\n|-supereffective|p1a: MC Salt Golem\n|-damage|p1a: MC Salt Golem|49\/100\n|-unboost|p1a: MC Salt Golem|spd|1\n|move|p1a: MC Salt Golem|Stone Edge|p2a: Glimmora\n|-damage|p2a: Glimmora|37\/100\n|-activate|p2a: Glimmora|ability: Toxic Debris\n|-sidestart|p1: S3PP1|move: Toxic Spikes\n|\n|-heal|p1a: MC Salt Golem|55\/100|[from] item: Leftovers\n|upkeep\n|turn|22\n|\n|t:|1699846226\n|move|p2a: Glimmora|Earth Power|p1a: MC Salt Golem\n|-supereffective|p1a: MC Salt Golem\n|-damage|p1a: MC Salt Golem|0 fnt\n|faint|p1a: MC Salt Golem\n|\n|upkeep\n|\n|t:|1699846229\n|switch|p1a: Manny|Mamoswine, M|100\/100\n|-status|p1a: Manny|tox\n|turn|23\n|\n|t:|1699846240\n|move|p1a: Manny|Earthquake|p2a: Glimmora\n|-supereffective|p2a: Glimmora\n|-damage|p2a: Glimmora|0 fnt\n|faint|p2a: Glimmora\n|\n|-damage|p1a: Manny|94\/100 tox|[from] psn\n|upkeep\n|\n|t:|1699846244\n|switch|p2a: Gardevoir|Gardevoir, F|89\/100\n|-ability|p2a: Gardevoir|Thick Fat|[from] ability: Trace|[of] p1a: Manny\n|turn|24\n|\n|t:|1699846251\n|move|p2a: Gardevoir|Moonblast|p1a: Manny\n|-damage|p1a: Manny|25\/100 tox\n|move|p1a: Manny|Knock Off|p2a: Gardevoir\n|-damage|p2a: Gardevoir|34\/100\n|-enditem|p2a: Gardevoir|Choice Scarf|[from] move: Knock Off|[of] p1a: Manny\n|\n|-damage|p1a: Manny|13\/100 tox|[from] psn\n|upkeep\n|turn|25\n|\n|t:|1699846259\n|move|p1a: Manny|Icicle Spear|p2a: Gardevoir\n|-damage|p2a: Gardevoir|23\/100\n|-damage|p2a: Gardevoir|12\/100\n|-damage|p2a: Gardevoir|0 fnt\n|faint|p2a: Gardevoir\n|-hitcount|p2: Gardevoir|3\n|\n|win|S3PP1\n","uploadtime":1699846268,"views":31,"p1id":"s3pp1","p2id":"beardofthered","formatid":"gen9ou","rating":0,"private":0,"password":""}