{"id":"gen9ou-1997254455","p1":"PixelPenguin2","p2":"Zulneily","format":"[Gen 9] OU","log":"|j|\u2606PixelPenguin2\n|j|\u2606Zulneily\n|t:|1700780921\n|gametype|singles\n|player|p1|PixelPenguin2|guitarist|1482\n|player|p2|Zulneily|hilda-wonderlauncher|1386\n|teamsize|p1|6\n|teamsize|p2|6\n|gen|9\n|tier|[Gen 9] OU\n|rated|\n|rule|Sleep Clause Mod: Limit one foe put to sleep\n|rule|Species Clause: Limit one of each Pok\u00e9mon\n|rule|OHKO Clause: OHKO moves are banned\n|rule|Evasion Items Clause: Evasion items are banned\n|rule|Evasion Moves Clause: Evasion moves are banned\n|rule|Endless Battle Clause: Forcing endless battles is banned\n|rule|HP Percentage Mod: HP is shown in percentages\n|clearpoke\n|poke|p1|Pelipper, M|\n|poke|p1|Greninja-*, M|\n|poke|p1|Basculegion, M|\n|poke|p1|Iron Treads|\n|poke|p1|Kingambit, M|\n|poke|p1|Tornadus-Therian, M|\n|poke|p2|Great Tusk|\n|poke|p2|Dragapult, F|\n|poke|p2|Ogerpon, F|\n|poke|p2|Iron Moth|\n|poke|p2|Toxapex, F|\n|poke|p2|Enamorus, F|\n|teampreview\n|inactive|Battle timer is ON: inactive players will automatically lose when time's up. (requested by PixelPenguin2)\n|inactive|PixelPenguin2 has 120 seconds left.\n|inactive|Zulneily has 120 seconds left.\n|\n|t:|1700780966\n|start\n|switch|p1a: Tornadus|Tornadus-Therian, M|100\/100\n|switch|p2a: Toxapex|Toxapex, F|100\/100\n|turn|1\n|\n|t:|1700780972\n|move|p1a: Tornadus|Knock Off|p2a: Toxapex\n|-damage|p2a: Toxapex|83\/100\n|-enditem|p2a: Toxapex|Black Sludge|[from] move: Knock Off|[of] p1a: Tornadus\n|move|p2a: Toxapex|Toxic|p1a: Tornadus\n|-status|p1a: Tornadus|tox\n|\n|-damage|p1a: Tornadus|94\/100 tox|[from] psn\n|upkeep\n|turn|2\n|\n|t:|1700780982\n|move|p1a: Tornadus|U-turn|p2a: Toxapex\n|-resisted|p2a: Toxapex\n|-damage|p2a: Toxapex|76\/100\n|\n|t:|1700780986\n|switch|p1a: Pelipper|Pelipper, M|100\/100|[from] U-turn\n|-weather|RainDance|[from] ability: Drizzle|[of] p1a: Pelipper\n|move|p2a: Toxapex|Liquidation|p1a: Pelipper\n|-resisted|p1a: Pelipper\n|-damage|p1a: Pelipper|90\/100\n|\n|-weather|RainDance|[upkeep]\n|upkeep\n|turn|3\n|\n|t:|1700780992\n|move|p1a: Pelipper|U-turn|p2a: Toxapex\n|-resisted|p2a: Toxapex\n|-damage|p2a: Toxapex|73\/100\n|\n|t:|1700780994\n|switch|p1a: Tornadus|Tornadus-Therian, M|100\/100 tox|[from] U-turn\n|move|p2a: Toxapex|Toxic|p1a: Tornadus\n|-fail|p1a: Tornadus|tox\n|\n|-weather|RainDance|[upkeep]\n|-damage|p1a: Tornadus|94\/100 tox|[from] psn\n|upkeep\n|turn|4\n|\n|t:|1700781000\n|move|p2a: Toxapex|Baneful Bunker|p2a: Toxapex\n|-singleturn|p2a: Toxapex|move: Protect\n|move|p1a: Tornadus|Hurricane|p2a: Toxapex\n|-activate|p2a: Toxapex|move: Protect\n|\n|-weather|RainDance|[upkeep]\n|-damage|p1a: Tornadus|82\/100 tox|[from] psn\n|upkeep\n|turn|5\n|\n|t:|1700781006\n|move|p1a: Tornadus|Hurricane|p2a: Toxapex\n|-damage|p2a: Toxapex|44\/100\n|move|p2a: Toxapex|Recover|p2a: Toxapex\n|-heal|p2a: Toxapex|94\/100\n|\n|-weather|RainDance|[upkeep]\n|-damage|p1a: Tornadus|64\/100 tox|[from] psn\n|upkeep\n|turn|6\n|\n|t:|1700781020\n|move|p1a: Tornadus|Hurricane|p2a: Toxapex\n|-damage|p2a: Toxapex|67\/100\n|move|p2a: Toxapex|Liquidation|p1a: Tornadus\n|-damage|p1a: Tornadus|25\/100 tox\n|-enditem|p1a: Tornadus|Eject Button\n|\n|t:|1700781027\n|switch|p1a: Iron Treads|Iron Treads|100\/100\n|-enditem|p1a: Iron Treads|Booster Energy\n|-activate|p1a: Iron Treads|ability: Quark Drive|[fromitem]\n|-start|p1a: Iron Treads|quarkdrivespe\n|\n|-weather|RainDance|[upkeep]\n|upkeep\n|turn|7\n|\n|t:|1700781033\n|move|p2a: Toxapex|Baneful Bunker|p2a: Toxapex\n|-singleturn|p2a: Toxapex|move: Protect\n|move|p1a: Iron Treads|Stealth Rock|p2a: Toxapex\n|-sidestart|p2: Zulneily|move: Stealth Rock\n|\n|-weather|RainDance|[upkeep]\n|upkeep\n|turn|8\n|\n|t:|1700781040\n|switch|p2a: Great Tusk|Great Tusk|100\/100\n|-damage|p2a: Great Tusk|98\/100|[from] Stealth Rock\n|move|p1a: Iron Treads|Iron Head|p2a: Great Tusk\n|-damage|p2a: Great Tusk|81\/100\n|\n|-weather|RainDance|[upkeep]\n|-heal|p2a: Great Tusk|87\/100|[from] item: Leftovers\n|upkeep\n|turn|9\n|\n|t:|1700781050\n|-end|p1a: Iron Treads|Quark Drive|[silent]\n|switch|p1a: Basculegion|Basculegion, M|100\/100\n|move|p2a: Great Tusk|Knock Off|p1a: Basculegion\n|-supereffective|p1a: Basculegion\n|-damage|p1a: Basculegion|28\/100\n|-enditem|p1a: Basculegion|Choice Band|[from] move: Knock Off|[of] p2a: Great Tusk\n|\n|-weather|none\n|-heal|p2a: Great Tusk|93\/100|[from] item: Leftovers\n|upkeep\n|turn|10\n|\n|t:|1700781064\n|move|p1a: Basculegion|Flip Turn|p2a: Great Tusk\n|-supereffective|p2a: Great Tusk\n|-damage|p2a: Great Tusk|66\/100\n|\n|t:|1700781069\n|switch|p1a: Pelipper|Pelipper, M|90\/100|[from] Flip Turn\n|-weather|RainDance|[from] ability: Drizzle|[of] p1a: Pelipper\n|move|p2a: Great Tusk|Knock Off|p1a: Pelipper\n|-damage|p1a: Pelipper|70\/100\n|-enditem|p1a: Pelipper|Damp Rock|[from] move: Knock Off|[of] p2a: Great Tusk\n|\n|-weather|RainDance|[upkeep]\n|-heal|p2a: Great Tusk|72\/100|[from] item: Leftovers\n|upkeep\n|turn|11\n|\n|t:|1700781081\n|-end|p2a: Great Tusk|Protosynthesis|[silent]\n|switch|p2a: Toxapex|Toxapex, F|100\/100\n|-damage|p2a: Toxapex|88\/100|[from] Stealth Rock\n|move|p1a: Pelipper|Surf|p2a: Toxapex\n|-resisted|p2a: Toxapex\n|-damage|p2a: Toxapex|73\/100\n|\n|-weather|RainDance|[upkeep]\n|upkeep\n|turn|12\n|\n|t:|1700781089\n|move|p2a: Toxapex|Baneful Bunker|p2a: Toxapex\n|-singleturn|p2a: Toxapex|move: Protect\n|move|p1a: Pelipper|U-turn|p2a: Toxapex\n|-activate|p2a: Toxapex|move: Protect\n|-status|p1a: Pelipper|psn\n|\n|-weather|RainDance|[upkeep]\n|-damage|p1a: Pelipper|57\/100 psn|[from] psn\n|upkeep\n|turn|13\n|\n|t:|1700781104\n|move|p1a: Pelipper|Roost|p1a: Pelipper\n|-heal|p1a: Pelipper|100\/100 psn\n|-singleturn|p1a: Pelipper|move: Roost\n|move|p2a: Toxapex|Recover|p2a: Toxapex\n|-heal|p2a: Toxapex|100\/100\n|\n|-weather|RainDance|[upkeep]\n|-damage|p1a: Pelipper|88\/100 psn|[from] psn\n|upkeep\n|turn|14\n|\n|t:|1700781110\n|switch|p1a: Tornadus|Tornadus-Therian, M|59\/100 tox\n|move|p2a: Toxapex|Liquidation|p1a: Tornadus\n|-damage|p1a: Tornadus|20\/100 tox\n|\n|-weather|RainDance|[upkeep]\n|-damage|p1a: Tornadus|14\/100 tox|[from] psn\n|upkeep\n|turn|15\n|\n|t:|1700781120\n|switch|p1a: Iron Treads|Iron Treads|100\/100\n|move|p2a: Toxapex|Baneful Bunker||[still]\n|-fail|p2a: Toxapex\n|\n|-weather|RainDance|[upkeep]\n|upkeep\n|turn|16\n|\n|t:|1700781130\n|-end|p1a: Iron Treads|Quark Drive|[silent]\n|switch|p1a: Basculegion|Basculegion, M|28\/100\n|switch|p2a: Great Tusk|Great Tusk|72\/100\n|-damage|p2a: Great Tusk|69\/100|[from] Stealth Rock\n|\n|-weather|RainDance|[upkeep]\n|-heal|p2a: Great Tusk|75\/100|[from] item: Leftovers\n|upkeep\n|turn|17\n|\n|t:|1700781140\n|-end|p2a: Great Tusk|Protosynthesis|[silent]\n|switch|p2a: Toxapex|Toxapex, F|100\/100\n|-damage|p2a: Toxapex|88\/100|[from] Stealth Rock\n|move|p1a: Basculegion|Wave Crash|p2a: Toxapex\n|-resisted|p2a: Toxapex\n|-damage|p2a: Toxapex|58\/100\n|-damage|p1a: Basculegion|20\/100|[from] Recoil\n|\n|-weather|none\n|upkeep\n|turn|18\n|\n|t:|1700781155\n|switch|p1a: Pelipper|Pelipper, M|88\/100 psn\n|-weather|RainDance|[from] ability: Drizzle|[of] p1a: Pelipper\n|move|p2a: Toxapex|Liquidation|p1a: Pelipper\n|-resisted|p1a: Pelipper\n|-damage|p1a: Pelipper|76\/100 psn\n|-unboost|p1a: Pelipper|def|1\n|\n|-weather|RainDance|[upkeep]\n|-damage|p1a: Pelipper|63\/100 psn|[from] psn\n|upkeep\n|turn|19\n|\n|t:|1700781167\n|switch|p1a: Tornadus|Tornadus-Therian, M|47\/100 tox\n|move|p2a: Toxapex|Recover|p2a: Toxapex\n|-heal|p2a: Toxapex|100\/100\n|\n|-weather|RainDance|[upkeep]\n|-damage|p1a: Tornadus|41\/100 tox|[from] psn\n|upkeep\n|turn|20\n|\n|t:|1700781178\n|switch|p1a: Basculegion|Basculegion, M|20\/100\n|switch|p2a: Great Tusk|Great Tusk|75\/100\n|-damage|p2a: Great Tusk|72\/100|[from] Stealth Rock\n|\n|-weather|RainDance|[upkeep]\n|-heal|p2a: Great Tusk|78\/100|[from] item: Leftovers\n|upkeep\n|turn|21\n|\n|t:|1700781190\n|-end|p2a: Great Tusk|Protosynthesis|[silent]\n|switch|p2a: Toxapex|Toxapex, F|100\/100\n|-damage|p2a: Toxapex|88\/100|[from] Stealth Rock\n|move|p1a: Basculegion|Psychic Fangs|p2a: Toxapex\n|-supereffective|p2a: Toxapex\n|-damage|p2a: Toxapex|45\/100\n|\n|-weather|RainDance|[upkeep]\n|upkeep\n|turn|22\n|\n|t:|1700781199\n|move|p2a: Toxapex|Baneful Bunker|p2a: Toxapex\n|-singleturn|p2a: Toxapex|move: Protect\n|move|p1a: Basculegion|Psychic Fangs|p2a: Toxapex\n|-activate|p2a: Toxapex|move: Protect\n|-status|p1a: Basculegion|psn\n|\n|-weather|none\n|-damage|p1a: Basculegion|7\/100 psn|[from] psn\n|upkeep\n|turn|23\n|\n|t:|1700781211\n|move|p1a: Basculegion|Flip Turn|p2a: Toxapex\n|-resisted|p2a: Toxapex\n|-damage|p2a: Toxapex|34\/100\n|\n|t:|1700781213\n|switch|p1a: Tornadus|Tornadus-Therian, M|74\/100 tox|[from] Flip Turn\n|move|p2a: Toxapex|Recover|p2a: Toxapex\n|-heal|p2a: Toxapex|84\/100\n|\n|-damage|p1a: Tornadus|68\/100 tox|[from] psn\n|upkeep\n|turn|24\n|\n|t:|1700781219\n|switch|p1a: Pelipper|Pelipper, M|63\/100 psn\n|-weather|RainDance|[from] ability: Drizzle|[of] p1a: Pelipper\n|move|p2a: Toxapex|Liquidation|p1a: Pelipper\n|-resisted|p1a: Pelipper\n|-damage|p1a: Pelipper|53\/100 psn\n|\n|-weather|RainDance|[upkeep]\n|-damage|p1a: Pelipper|40\/100 psn|[from] psn\n|upkeep\n|turn|25\n|\n|t:|1700781238\n|switch|p2a: Dragapult|Dragapult, F|100\/100\n|-damage|p2a: Dragapult|88\/100|[from] Stealth Rock\n|move|p1a: Pelipper|Roost|p1a: Pelipper\n|-heal|p1a: Pelipper|91\/100 psn\n|-singleturn|p1a: Pelipper|move: Roost\n|\n|-weather|RainDance|[upkeep]\n|-heal|p2a: Dragapult|94\/100|[from] item: Leftovers\n|-damage|p1a: Pelipper|78\/100 psn|[from] psn\n|upkeep\n|turn|26\n|inactive|PixelPenguin2 has 120 seconds left.\n|\n|t:|1700781268\n|switch|p1a: Tornadus|Tornadus-Therian, M|100\/100 tox\n|move|p2a: Dragapult|Substitute|p2a: Dragapult\n|-start|p2a: Dragapult|Substitute\n|-damage|p2a: Dragapult|69\/100\n|\n|-weather|RainDance|[upkeep]\n|-heal|p2a: Dragapult|75\/100|[from] item: Leftovers\n|-damage|p1a: Tornadus|94\/100 tox|[from] psn\n|upkeep\n|turn|27\n|\n|t:|1700781273\n|move|p2a: Dragapult|Hex|p1a: Tornadus\n|-damage|p1a: Tornadus|34\/100 tox\n|move|p1a: Tornadus|Hurricane|p2a: Dragapult\n|-end|p2a: Dragapult|Substitute\n|\n|-weather|RainDance|[upkeep]\n|-heal|p2a: Dragapult|81\/100|[from] item: Leftovers\n|-damage|p1a: Tornadus|22\/100 tox|[from] psn\n|upkeep\n|turn|28\n|\n|t:|1700781283\n|move|p2a: Dragapult|Substitute|p2a: Dragapult\n|-start|p2a: Dragapult|Substitute\n|-damage|p2a: Dragapult|56\/100\n|move|p1a: Tornadus|Hurricane|p2a: Dragapult\n|-end|p2a: Dragapult|Substitute\n|\n|-weather|none\n|-heal|p2a: Dragapult|62\/100|[from] item: Leftovers\n|-damage|p1a: Tornadus|4\/100 tox|[from] psn\n|upkeep\n|turn|29\n|\n|t:|1700781290\n|switch|p1a: Kingambit|Kingambit, M|100\/100\n|move|p2a: Dragapult|Hex|p1a: Kingambit\n|-resisted|p1a: Kingambit\n|-damage|p1a: Kingambit|85\/100\n|\n|-heal|p2a: Dragapult|68\/100|[from] item: Leftovers\n|upkeep\n|turn|30\n|\n|t:|1700781295\n|move|p2a: Dragapult|Substitute|p2a: Dragapult\n|-start|p2a: Dragapult|Substitute\n|-damage|p2a: Dragapult|43\/100\n|move|p1a: Kingambit|Kowtow Cleave|p2a: Dragapult\n|-supereffective|p2a: Dragapult\n|-end|p2a: Dragapult|Substitute\n|\n|-heal|p2a: Dragapult|49\/100|[from] item: Leftovers\n|upkeep\n|turn|31\n|\n|t:|1700781309\n|switch|p2a: Great Tusk|Great Tusk|78\/100\n|-damage|p2a: Great Tusk|75\/100|[from] Stealth Rock\n|-end|p1a: Kingambit|fallenundefined|[silent]\n|switch|p1a: Tornadus|Tornadus-Therian, M|37\/100 tox\n|\n|-heal|p2a: Great Tusk|82\/100|[from] item: Leftovers\n|-damage|p1a: Tornadus|31\/100 tox|[from] psn\n|upkeep\n|turn|32\n|inactive|PixelPenguin2 has 120 seconds left.\n|inactive|PixelPenguin2 has 90 seconds left.\n|\n|t:|1700781386\n|-end|p2a: Great Tusk|Protosynthesis|[silent]\n|switch|p2a: Toxapex|Toxapex, F|100\/100\n|-damage|p2a: Toxapex|88\/100|[from] Stealth Rock\n|move|p1a: Tornadus|Hurricane|p2a: Toxapex|[miss]\n|-miss|p1a: Tornadus|p2a: Toxapex\n|\n|-damage|p1a: Tornadus|19\/100 tox|[from] psn\n|upkeep\n|turn|33\n|\n|t:|1700781403\n|switch|p1a: Pelipper|Pelipper, M|78\/100 psn\n|-weather|RainDance|[from] ability: Drizzle|[of] p1a: Pelipper\n|switch|p2a: Great Tusk|Great Tusk|82\/100\n|-damage|p2a: Great Tusk|79\/100|[from] Stealth Rock\n|\n|-weather|RainDance|[upkeep]\n|-heal|p2a: Great Tusk|85\/100|[from] item: Leftovers\n|-damage|p1a: Pelipper|66\/100 psn|[from] psn\n|upkeep\n|turn|34\n|inactive|PixelPenguin2 has 90 seconds left.\n|inactive|Zulneily has 120 seconds left.\n|\n|t:|1700781427\n|move|p2a: Great Tusk|Rapid Spin|p1a: Pelipper\n|-damage|p1a: Pelipper|55\/100 psn\n|-boost|p2a: Great Tusk|spe|1\n|-sideend|p2: Zulneily|Stealth Rock|[from] move: Rapid Spin|[of] p2a: Great Tusk\n|move|p1a: Pelipper|U-turn|p2a: Great Tusk\n|-resisted|p2a: Great Tusk\n|-damage|p2a: Great Tusk|83\/100\n|inactive|PixelPenguin2 has 90 seconds left.\n|\n|t:|1700781434\n|switch|p1a: Greninja|Greninja, M|100\/100|[from] U-turn\n|\n|-weather|RainDance|[upkeep]\n|-heal|p2a: Great Tusk|89\/100|[from] item: Leftovers\n|upkeep\n|turn|35\n|inactive|Zulneily has 120 seconds left.\n|\n|t:|1700781463\n|-end|p2a: Great Tusk|Protosynthesis|[silent]\n|switch|p2a: Toxapex|Toxapex, F|100\/100\n|move|p1a: Greninja|Water Shuriken|p2a: Toxapex\n|-resisted|p2a: Toxapex\n|-damage|p2a: Toxapex|97\/100\n|-resisted|p2a: Toxapex\n|-damage|p2a: Toxapex|93\/100\n|-resisted|p2a: Toxapex\n|-damage|p2a: Toxapex|89\/100\n|-resisted|p2a: Toxapex\n|-damage|p2a: Toxapex|85\/100\n|-resisted|p2a: Toxapex\n|-damage|p2a: Toxapex|81\/100\n|-hitcount|p2a: Toxapex|5\n|\n|-weather|RainDance|[upkeep]\n|upkeep\n|turn|36\n|\n|t:|1700781480\n|switch|p1a: Kingambit|Kingambit, M|85\/100\n|move|p2a: Toxapex|Toxic|p1a: Kingambit\n|-immune|p1a: Kingambit\n|\n|-weather|RainDance|[upkeep]\n|upkeep\n|turn|37\n|\n|t:|1700781489\n|switch|p2a: Great Tusk|Great Tusk|89\/100\n|move|p1a: Kingambit|Iron Head|p2a: Great Tusk\n|-damage|p2a: Great Tusk|67\/100\n|\n|-weather|none\n|-heal|p2a: Great Tusk|73\/100|[from] item: Leftovers\n|upkeep\n|turn|38\n|\n|t:|1700781499\n|-end|p1a: Kingambit|fallenundefined|[silent]\n|switch|p1a: Basculegion|Basculegion, M|7\/100 psn\n|move|p2a: Great Tusk|Stealth Rock|p1a: Basculegion\n|-sidestart|p1: PixelPenguin2|move: Stealth Rock\n|\n|-heal|p2a: Great Tusk|80\/100|[from] item: Leftovers\n|-damage|p1a: Basculegion|0 fnt|[from] psn\n|faint|p1a: Basculegion\n|upkeep\n|\n|t:|1700781506\n|switch|p1a: Tornadus|Tornadus-Therian, M|53\/100 tox\n|-damage|p1a: Tornadus|28\/100 tox|[from] Stealth Rock\n|turn|39\n|inactive|Zulneily has 120 seconds left.\n|\n|t:|1700781517\n|move|p1a: Tornadus|Hurricane|p2a: Great Tusk\n|-supereffective|p2a: Great Tusk\n|-damage|p2a: Great Tusk|0 fnt\n|faint|p2a: Great Tusk\n|-end|p2a: Great Tusk|Protosynthesis|[silent]\n|\n|-damage|p1a: Tornadus|21\/100 tox|[from] psn\n|upkeep\n|inactive|Zulneily has 120 seconds left.\n|\n|t:|1700781532\n|switch|p2a: Iron Moth|Iron Moth|100\/100\n|-enditem|p2a: Iron Moth|Booster Energy\n|-activate|p2a: Iron Moth|ability: Quark Drive|[fromitem]\n|-start|p2a: Iron Moth|quarkdrivespe\n|turn|40\n|inactive|Zulneily has 120 seconds left.\n|inactive|PixelPenguin2 has 120 seconds left.\n|\n|t:|1700781551\n|switch|p1a: Pelipper|Pelipper, M|55\/100 psn\n|-damage|p1a: Pelipper|30\/100 psn|[from] Stealth Rock\n|-weather|RainDance|[from] ability: Drizzle|[of] p1a: Pelipper\n|move|p2a: Iron Moth|Psychic|p1a: Pelipper\n|-damage|p1a: Pelipper|0 fnt\n|faint|p1a: Pelipper\n|\n|-weather|RainDance|[upkeep]\n|upkeep\n|\n|t:|1700781554\n|switch|p1a: Greninja|Greninja, M|100\/100\n|-damage|p1a: Greninja|88\/100|[from] Stealth Rock\n|turn|41\n|\n|t:|1700781565\n|-end|p2a: Iron Moth|Quark Drive|[silent]\n|switch|p2a: Toxapex|Toxapex, F|100\/100\n|move|p1a: Greninja|Water Shuriken|p2a: Toxapex\n|-resisted|p2a: Toxapex\n|-damage|p2a: Toxapex|97\/100\n|-resisted|p2a: Toxapex\n|-damage|p2a: Toxapex|93\/100\n|-resisted|p2a: Toxapex\n|-damage|p2a: Toxapex|89\/100\n|-resisted|p2a: Toxapex\n|-damage|p2a: Toxapex|85\/100\n|-resisted|p2a: Toxapex\n|-crit|p2a: Toxapex\n|-damage|p2a: Toxapex|78\/100\n|-hitcount|p2a: Toxapex|5\n|\n|-weather|RainDance|[upkeep]\n|upkeep\n|turn|42\n|\n|t:|1700781587\n|switch|p1a: Kingambit|Kingambit, M|85\/100\n|-damage|p1a: Kingambit|79\/100|[from] Stealth Rock\n|-activate|p1a: Kingambit|ability: Supreme Overlord\n|-start|p1a: Kingambit|fallen2|[silent]\n|move|p2a: Toxapex|Liquidation|p1a: Kingambit\n|-damage|p1a: Kingambit|51\/100\n|\n|-weather|RainDance|[upkeep]\n|upkeep\n|turn|43\n|inactive|Zulneily has 120 seconds left.\n|\n|t:|1700781606\n|switch|p2a: Iron Moth|Iron Moth|100\/100\n|move|p1a: Kingambit|Kowtow Cleave|p2a: Iron Moth\n|-crit|p2a: Iron Moth\n|-damage|p2a: Iron Moth|0 fnt\n|faint|p2a: Iron Moth\n|-end|p2a: Iron Moth|Quark Drive|[silent]\n|\n|-weather|RainDance|[upkeep]\n|upkeep\n|inactive|Zulneily has 120 seconds left.\n|\n|t:|1700781617\n|switch|p2a: Dragapult|Dragapult, F|49\/100\n|turn|44\n|\n|t:|1700781622\n|move|p2a: Dragapult|Will-O-Wisp|p1a: Kingambit\n|-status|p1a: Kingambit|brn\n|move|p1a: Kingambit|Kowtow Cleave|p2a: Dragapult\n|-supereffective|p2a: Dragapult\n|-damage|p2a: Dragapult|0 fnt\n|faint|p2a: Dragapult\n|\n|-weather|none\n|-damage|p1a: Kingambit|45\/100 brn|[from] brn\n|upkeep\n|inactive|Zulneily has 120 seconds left.\n|\n|t:|1700781634\n|switch|p2a: Enamorus|Enamorus, F|100\/100\n|turn|45\n|\n|t:|1700781643\n|-end|p1a: Kingambit|fallen2|[silent]\n|switch|p1a: Iron Treads|Iron Treads|100\/100\n|-damage|p1a: Iron Treads|97\/100|[from] Stealth Rock\n|move|p2a: Enamorus|Superpower|p1a: Iron Treads\n|-supereffective|p1a: Iron Treads\n|-damage|p1a: Iron Treads|38\/100\n|-boost|p2a: Enamorus|atk|1\n|-boost|p2a: Enamorus|def|1\n|\n|upkeep\n|turn|46\n|\n|t:|1700781657\n|move|p2a: Enamorus|Superpower|p1a: Iron Treads\n|-supereffective|p1a: Iron Treads\n|-damage|p1a: Iron Treads|0 fnt\n|-boost|p2a: Enamorus|atk|1\n|-boost|p2a: Enamorus|def|1\n|faint|p1a: Iron Treads\n|-end|p1a: Iron Treads|Quark Drive|[silent]\n|\n|upkeep\n|\n|t:|1700781664\n|switch|p1a: Tornadus|Tornadus-Therian, M|55\/100 tox\n|-damage|p1a: Tornadus|30\/100 tox|[from] Stealth Rock\n|turn|47\n|\n|t:|1700781669\n|move|p2a: Enamorus|Superpower|p1a: Tornadus\n|-resisted|p1a: Tornadus\n|-damage|p1a: Tornadus|0 fnt\n|-boost|p2a: Enamorus|atk|1\n|-boost|p2a: Enamorus|def|1\n|faint|p1a: Tornadus\n|\n|upkeep\n|\n|t:|1700781675\n|switch|p1a: Greninja|Greninja, M|88\/100\n|-damage|p1a: Greninja|76\/100|[from] Stealth Rock\n|turn|48\n|\n|t:|1700781679\n|-terastallize|p1a: Greninja|Water\n|move|p1a: Greninja|Water Shuriken|p2a: Enamorus\n|-damage|p2a: Enamorus|87\/100\n|-damage|p2a: Enamorus|74\/100\n|-damage|p2a: Enamorus|60\/100\n|-damage|p2a: Enamorus|47\/100\n|-hitcount|p2a: Enamorus|4\n|move|p2a: Enamorus|Superpower|p1a: Greninja\n|-crit|p1a: Greninja\n|-damage|p1a: Greninja|0 fnt\n|-boost|p2a: Enamorus|atk|1\n|-boost|p2a: Enamorus|def|1\n|faint|p1a: Greninja\n|\n|upkeep\n|\n|t:|1700781685\n|switch|p1a: Kingambit|Kingambit, M|45\/100 brn\n|-damage|p1a: Kingambit|39\/100 brn|[from] Stealth Rock\n|-activate|p1a: Kingambit|ability: Supreme Overlord\n|-start|p1a: Kingambit|fallen5|[silent]\n|turn|49\n|\n|t:|1700781694\n|move|p1a: Kingambit|Sucker Punch|p2a: Enamorus\n|-resisted|p2a: Enamorus\n|-damage|p2a: Enamorus|37\/100\n|move|p2a: Enamorus|Superpower|p1a: Kingambit\n|-supereffective|p1a: Kingambit\n|-damage|p1a: Kingambit|0 fnt\n|-boost|p2a: Enamorus|atk|1\n|-boost|p2a: Enamorus|def|1\n|faint|p1a: Kingambit\n|-end|p1a: Kingambit|fallen5|[silent]\n|\n|win|Zulneily\n|raw|PixelPenguin2's rating: 1482 &rarr; <strong>1457<\/strong><br \/>(-25 for losing)\n|raw|Zulneily's rating: 1386 &rarr; <strong>1411<\/strong><br \/>(+25 for winning)\n|l|\u2606PixelPenguin2\n","uploadtime":1700782284,"views":4,"p1id":"pixelpenguin2","p2id":"zulneily","formatid":"gen9ou","rating":1411,"private":0,"password":""}