{"id":"gen9ou-1989059390","p1":"OUVT TOSHI","p2":"jw0311","format":"[Gen 9] OU","log":"|j|\u2606OUVT TOSHI\n|j|\u2606jw0311\n|t:|1699807677\n|gametype|singles\n|player|p1|OUVT TOSHI|palmer|1735\n|player|p2|jw0311|ghetsis-gen5bw|1718\n|teamsize|p1|6\n|teamsize|p2|6\n|gen|9\n|tier|[Gen 9] OU\n|rated|\n|rule|Sleep Clause Mod: Limit one foe put to sleep\n|rule|Species Clause: Limit one of each Pok\u00e9mon\n|rule|OHKO Clause: OHKO moves are banned\n|rule|Evasion Items Clause: Evasion items are banned\n|rule|Evasion Moves Clause: Evasion moves are banned\n|rule|Endless Battle Clause: Forcing endless battles is banned\n|rule|HP Percentage Mod: HP is shown in percentages\n|clearpoke\n|poke|p1|Ogerpon-Wellspring, F|\n|poke|p1|Zamazenta-*|\n|poke|p1|Ting-Lu|\n|poke|p1|Iron Moth|\n|poke|p1|Zapdos|\n|poke|p1|Ursaluna, F|\n|poke|p2|Samurott-Hisui, F|\n|poke|p2|Great Tusk|\n|poke|p2|Dragapult, F|\n|poke|p2|Toxapex, M|\n|poke|p2|Dondozo, F|\n|poke|p2|Kingambit, M|\n|teampreview\n|inactive|Battle timer is ON: inactive players will automatically lose when time's up. (requested by jw0311)\n|\n|t:|1699807701\n|start\n|switch|p1a: Ogerpon|Ogerpon-Wellspring, F|100\/100\n|switch|p2a: Dragapult|Dragapult, F|100\/100\n|turn|1\n|\n|t:|1699807707\n|switch|p1a: Ursaluna|Ursaluna, F|100\/100\n|-terastallize|p2a: Dragapult|Dragon\n|move|p2a: Dragapult|Dragon Darts|p1a: Ursaluna\n|-damage|p1a: Ursaluna|56\/100\n|-anim|p2a: Dragapult|Dragon Darts|p1a: Ursaluna\n|-damage|p1a: Ursaluna|11\/100\n|\n|-status|p1a: Ursaluna|brn|[from] item: Flame Orb\n|upkeep\n|turn|2\n|\n|t:|1699807718\n|switch|p1a: Ting-Lu|Ting-Lu|100\/100\n|-ability|p1a: Ting-Lu|Vessel of Ruin\n|move|p2a: Dragapult|Dragon Darts|p1a: Ting-Lu\n|-damage|p1a: Ting-Lu|71\/100\n|-anim|p2a: Dragapult|Dragon Darts|p1a: Ting-Lu\n|-damage|p1a: Ting-Lu|42\/100\n|\n|-heal|p1a: Ting-Lu|48\/100|[from] item: Leftovers\n|upkeep\n|turn|3\n|\n|t:|1699807725\n|move|p2a: Dragapult|Dragon Darts|p1a: Ting-Lu\n|-damage|p1a: Ting-Lu|16\/100\n|-anim|p2a: Dragapult|Dragon Darts|p1a: Ting-Lu\n|-damage|p1a: Ting-Lu|0 fnt\n|faint|p1a: Ting-Lu\n|\n|upkeep\n|j| JoeyIreland11\n|\n|t:|1699807728\n|switch|p1a: Iron Moth|Iron Moth|100\/100\n|-enditem|p1a: Iron Moth|Booster Energy\n|-activate|p1a: Iron Moth|ability: Quark Drive|[fromitem]\n|-start|p1a: Iron Moth|quarkdrivespe\n|turn|4\n|\n|t:|1699807733\n|switch|p2a: Toxapex|Toxapex, M|100\/100\n|-terastallize|p1a: Iron Moth|Fairy\n|move|p1a: Iron Moth|Dazzling Gleam|p2a: Toxapex\n|-resisted|p2a: Toxapex\n|-damage|p2a: Toxapex|90\/100\n|\n|upkeep\n|turn|5\n|\n|t:|1699807736\n|move|p1a: Iron Moth|Psychic|p2a: Toxapex\n|-supereffective|p2a: Toxapex\n|-damage|p2a: Toxapex|57\/100\n|-unboost|p2a: Toxapex|spd|1\n|move|p2a: Toxapex|Sludge Bomb|p1a: Iron Moth\n|-supereffective|p1a: Iron Moth\n|-damage|p1a: Iron Moth|41\/100\n|\n|upkeep\n|turn|6\n|\n|t:|1699807745\n|move|p1a: Iron Moth|Psychic|p2a: Toxapex\n|-supereffective|p2a: Toxapex\n|-damage|p2a: Toxapex|7\/100\n|-unboost|p2a: Toxapex|spd|1\n|move|p2a: Toxapex|Sludge Bomb|p1a: Iron Moth\n|-supereffective|p1a: Iron Moth\n|-damage|p1a: Iron Moth|0 fnt\n|faint|p1a: Iron Moth\n|-end|p1a: Iron Moth|Quark Drive|[silent]\n|\n|upkeep\n|\n|t:|1699807753\n|switch|p1a: Ursaluna|Ursaluna, F|11\/100 brn\n|turn|7\n|\n|t:|1699807761\n|move|p1a: Ursaluna|Headlong Rush|p2a: Toxapex\n|-supereffective|p2a: Toxapex\n|-damage|p2a: Toxapex|0 fnt\n|-unboost|p1a: Ursaluna|def|1\n|-unboost|p1a: Ursaluna|spd|1\n|faint|p2a: Toxapex\n|\n|-damage|p1a: Ursaluna|4\/100 brn|[from] brn\n|upkeep\n|\n|t:|1699807763\n|switch|p2a: Dragapult|Dragapult, F, tera:Dragon|100\/100\n|turn|8\n|j| Flanagan7\n|\n|t:|1699807770\n|move|p2a: Dragapult|Dragon Darts|p1a: Ursaluna\n|-damage|p1a: Ursaluna|0 fnt\n|faint|p1a: Ursaluna\n|\n|upkeep\n|j| PantyPhantom\n|\n|t:|1699807774\n|switch|p1a: Zamazenta|Zamazenta|100\/100\n|-ability|p1a: Zamazenta|Dauntless Shield|boost\n|-boost|p1a: Zamazenta|def|1\n|turn|9\n|\n|t:|1699807781\n|move|p1a: Zamazenta|Heavy Slam|p2a: Dragapult\n|-damage|p2a: Dragapult|59\/100\n|move|p2a: Dragapult|Dragon Darts|p1a: Zamazenta\n|-damage|p1a: Zamazenta|70\/100\n|-anim|p2a: Dragapult|Dragon Darts|p1a: Zamazenta\n|-damage|p1a: Zamazenta|41\/100\n|\n|upkeep\n|turn|10\n|\n|t:|1699807788\n|switch|p2a: Dondozo|Dondozo, F|100\/100\n|move|p1a: Zamazenta|Close Combat|p2a: Dondozo\n|-damage|p2a: Dondozo|74\/100\n|-unboost|p1a: Zamazenta|def|1\n|-unboost|p1a: Zamazenta|spd|1\n|-damage|p1a: Zamazenta|24\/100|[from] item: Rocky Helmet|[of] p2a: Dondozo\n|\n|upkeep\n|turn|11\n|\n|t:|1699807801\n|switch|p1a: Zapdos|Zapdos|100\/100\n|switch|p2a: Dragapult|Dragapult, F, tera:Dragon|59\/100\n|\n|upkeep\n|turn|12\n|\n|t:|1699807806\n|move|p2a: Dragapult|Dragon Darts|p1a: Zapdos\n|-damage|p1a: Zapdos|48\/100\n|-anim|p2a: Dragapult|Dragon Darts|p1a: Zapdos\n|-damage|p1a: Zapdos|1\/100\n|move|p1a: Zapdos|Hurricane|p2a: Dragapult\n|-damage|p2a: Dragapult|0 fnt\n|faint|p2a: Dragapult\n|\n|upkeep\n|\n|t:|1699807810\n|switch|p2a: Samurott|Samurott-Hisui, F|100\/100\n|turn|13\n|j| Partynparadise\n|\n|t:|1699807820\n|switch|p1a: Ogerpon|Ogerpon-Wellspring, F|100\/100\n|move|p2a: Samurott|Aqua Jet|p1a: Ogerpon\n|-immune|p1a: Ogerpon|[from] ability: Water Absorb\n|\n|upkeep\n|turn|14\n|\n|t:|1699807830\n|move|p1a: Ogerpon|Horn Leech|p2a: Samurott\n|-supereffective|p2a: Samurott\n|-damage|p2a: Samurott|0 fnt\n|faint|p2a: Samurott\n|\n|upkeep\n|\n|t:|1699807834\n|switch|p2a: Kingambit|Kingambit, M|100\/100\n|-activate|p2a: Kingambit|ability: Supreme Overlord\n|-start|p2a: Kingambit|fallen3|[silent]\n|turn|15\n|\n|t:|1699807840\n|move|p1a: Ogerpon|U-turn|p2a: Kingambit\n|-damage|p2a: Kingambit|82\/100\n|\n|t:|1699807843\n|switch|p1a: Zapdos|Zapdos|1\/100|[from] U-turn\n|move|p2a: Kingambit|Kowtow Cleave|p1a: Zapdos\n|-damage|p1a: Zapdos|0 fnt\n|faint|p1a: Zapdos\n|\n|-heal|p2a: Kingambit|88\/100|[from] item: Leftovers\n|upkeep\n|\n|t:|1699807846\n|switch|p1a: Zamazenta|Zamazenta|24\/100\n|turn|16\n|\n|t:|1699807851\n|-end|p2a: Kingambit|fallen3|[silent]\n|switch|p2a: Dondozo|Dondozo, F|74\/100\n|move|p1a: Zamazenta|Close Combat|p2a: Dondozo\n|-damage|p2a: Dondozo|46\/100\n|-unboost|p1a: Zamazenta|def|1\n|-unboost|p1a: Zamazenta|spd|1\n|-damage|p1a: Zamazenta|8\/100|[from] item: Rocky Helmet|[of] p2a: Dondozo\n|\n|upkeep\n|turn|17\n|\n|t:|1699807857\n|switch|p1a: Ogerpon|Ogerpon-Wellspring, F|100\/100\n|move|p2a: Dondozo|Waterfall|p1a: Ogerpon\n|-immune|p1a: Ogerpon|[from] ability: Water Absorb\n|\n|upkeep\n|turn|18\n|j| YungSethlon\n|\n|t:|1699807862\n|move|p1a: Ogerpon|Swords Dance|p1a: Ogerpon\n|-boost|p1a: Ogerpon|atk|2\n|move|p2a: Dondozo|Waterfall|p1a: Ogerpon\n|-immune|p1a: Ogerpon|[from] ability: Water Absorb\n|\n|upkeep\n|turn|19\n|\n|t:|1699807868\n|switch|p2a: Kingambit|Kingambit, M|88\/100\n|-activate|p2a: Kingambit|ability: Supreme Overlord\n|-start|p2a: Kingambit|fallen3|[silent]\n|move|p1a: Ogerpon|Swords Dance|p1a: Ogerpon\n|-boost|p1a: Ogerpon|atk|2\n|\n|-heal|p2a: Kingambit|94\/100|[from] item: Leftovers\n|upkeep\n|turn|20\n|\n|t:|1699807877\n|move|p2a: Kingambit|Sucker Punch|p1a: Ogerpon\n|-damage|p1a: Ogerpon|27\/100\n|move|p1a: Ogerpon|Ivy Cudgel|p2a: Kingambit\n|-damage|p2a: Kingambit|0 fnt\n|faint|p2a: Kingambit\n|-end|p2a: Kingambit|fallen3|[silent]\n|\n|upkeep\n|\n|t:|1699807881\n|switch|p2a: Great Tusk|Great Tusk|100\/100\n|turn|21\n|\n|t:|1699807885\n|move|p1a: Ogerpon|Horn Leech|p2a: Great Tusk\n|-supereffective|p2a: Great Tusk\n|-damage|p2a: Great Tusk|0 fnt\n|-heal|p1a: Ogerpon|99\/100|[from] drain|[of] p2a: Great Tusk\n|faint|p2a: Great Tusk\n|-end|p2a: Great Tusk|Protosynthesis|[silent]\n|\n|upkeep\n|-message|jw0311 forfeited.\n|\n|win|OUVT TOSHI\n|raw|OUVT TOSHI's rating: 1735 &rarr; <strong>1754<\/strong><br \/>(+19 for winning)\n|raw|jw0311's rating: 1718 &rarr; <strong>1699<\/strong><br \/>(-19 for losing)\n|l|\u2606jw0311\n","uploadtime":1699807901,"views":19,"p1id":"ouvttoshi","p2id":"jw0311","formatid":"gen9ou","rating":1699,"private":0,"password":""}