{"id":"gen9ou-1995715294","p1":"qb69x","p2":"Lanbos eternity","format":"[Gen 9] OU","log":"|j|\u2606qb69x\n|j|\u2606Lanbos eternity\n|t:|1700596445\n|gametype|singles\n|player|p1|qb69x|swimmerf-gen4|1183\n|player|p2|Lanbos eternity|lady-gen4|1253\n|teamsize|p1|6\n|teamsize|p2|6\n|gen|9\n|tier|[Gen 9] OU\n|rated|\n|rule|Sleep Clause Mod: Limit one foe put to sleep\n|rule|Species Clause: Limit one of each Pok\u00e9mon\n|rule|OHKO Clause: OHKO moves are banned\n|rule|Evasion Items Clause: Evasion items are banned\n|rule|Evasion Moves Clause: Evasion moves are banned\n|rule|Endless Battle Clause: Forcing endless battles is banned\n|rule|HP Percentage Mod: HP is shown in percentages\n|clearpoke\n|poke|p1|Gholdengo|\n|poke|p1|Kingambit, M|\n|poke|p1|Glimmora, M|\n|poke|p1|Ribombee, F|\n|poke|p1|Landorus-Therian, M|\n|poke|p1|Great Tusk|\n|poke|p2|Dragapult, F|\n|poke|p2|Samurott-Hisui, F|\n|poke|p2|Iron Moth|\n|poke|p2|Enamorus, F|\n|poke|p2|Great Tusk|\n|poke|p2|Kingambit, F|\n|teampreview\n|inactive|Battle timer is ON: inactive players will automatically lose when time's up. (requested by Lanbos eternity)\n|\n|t:|1700596458\n|start\n|switch|p1a: Ribombee|Ribombee, F, shiny|100\/100\n|switch|p2a: \u2606\u2605Star\u2605\u2606|Dragapult, F, shiny|100\/100\n|turn|1\n|\n|t:|1700596464\n|move|p2a: \u2606\u2605Star\u2605\u2606|Shadow Ball|p1a: Ribombee\n|-damage|p1a: Ribombee|2\/100\n|move|p1a: Ribombee|Stun Spore|p2a: \u2606\u2605Star\u2605\u2606\n|-status|p2a: \u2606\u2605Star\u2605\u2606|par\n|\n|upkeep\n|turn|2\n|\n|t:|1700596471\n|move|p1a: Ribombee|Sticky Web|p2a: \u2606\u2605Star\u2605\u2606\n|-sidestart|p2: Lanbos eternity|move: Sticky Web\n|cant|p2a: \u2606\u2605Star\u2605\u2606|par\n|\n|upkeep\n|turn|3\n|\n|t:|1700596477\n|move|p1a: Ribombee|Trick|p2a: \u2606\u2605Star\u2605\u2606\n|-activate|p1a: Ribombee|move: Trick|[of] p2a: \u2606\u2605Star\u2605\u2606\n|-item|p2a: \u2606\u2605Star\u2605\u2606|Focus Sash|[from] move: Trick\n|-item|p1a: Ribombee|Choice Specs|[from] move: Trick\n|move|p2a: \u2606\u2605Star\u2605\u2606|Shadow Ball|p1a: Ribombee\n|-damage|p1a: Ribombee|0 fnt\n|faint|p1a: Ribombee\n|\n|upkeep\n|\n|t:|1700596486\n|switch|p1a: Glimmora|Glimmora, M|100\/100\n|turn|4\n|\n|t:|1700596491\n|move|p1a: Glimmora|Sludge Wave|p2a: \u2606\u2605Star\u2605\u2606\n|-resisted|p2a: \u2606\u2605Star\u2605\u2606\n|-damage|p2a: \u2606\u2605Star\u2605\u2606|69\/100 par\n|move|p2a: \u2606\u2605Star\u2605\u2606|Draco Meteor|p1a: Glimmora\n|-damage|p1a: Glimmora|65\/100\n|-unboost|p2a: \u2606\u2605Star\u2605\u2606|spa|2\n|\n|upkeep\n|turn|5\n|\n|t:|1700596499\n|move|p1a: Glimmora|Power Gem|p2a: \u2606\u2605Star\u2605\u2606\n|-damage|p2a: \u2606\u2605Star\u2605\u2606|21\/100 par\n|move|p2a: \u2606\u2605Star\u2605\u2606|U-turn|p1a: Glimmora\n|-resisted|p1a: Glimmora\n|-damage|p1a: Glimmora|56\/100\n|-activate|p1a: Glimmora|ability: Toxic Debris\n|-sidestart|p2: Lanbos eternity|move: Toxic Spikes\n|\n|t:|1700596503\n|switch|p2a: What|Enamorus, F|100\/100|[from] U-turn\n|\n|upkeep\n|turn|6\n|\n|t:|1700596508\n|move|p2a: What|Earth Power|p1a: Glimmora\n|-supereffective|p1a: Glimmora\n|-damage|p1a: Glimmora|0 fnt\n|faint|p1a: Glimmora\n|\n|upkeep\n|\n|t:|1700596515\n|switch|p1a: Gholdengo|Gholdengo, shiny|100\/100\n|turn|7\n|\n|t:|1700596519\n|move|p2a: What|Earth Power|p1a: Gholdengo\n|-supereffective|p1a: Gholdengo\n|-damage|p1a: Gholdengo|6\/100\n|move|p1a: Gholdengo|Thunder Wave|p2a: What\n|-status|p2a: What|par\n|\n|upkeep\n|turn|8\n|\n|t:|1700596529\n|move|p1a: Gholdengo|Recover|p1a: Gholdengo\n|-heal|p1a: Gholdengo|56\/100\n|move|p2a: What|Earth Power|p1a: Gholdengo\n|-supereffective|p1a: Gholdengo\n|-damage|p1a: Gholdengo|0 fnt\n|faint|p1a: Gholdengo\n|\n|upkeep\n|\n|t:|1700596544\n|switch|p1a: Landorus|Landorus-Therian, M|100\/100\n|-ability|p1a: Landorus|Intimidate|boost\n|-unboost|p2a: What|atk|1\n|turn|9\n|\n|t:|1700596551\n|switch|p2a: \u2606\u2605Star\u2605\u2606|Dragapult, F, shiny|21\/100 par\n|-activate|p2a: \u2606\u2605Star\u2605\u2606|move: Sticky Web\n|-unboost|p2a: \u2606\u2605Star\u2605\u2606|spe|1\n|move|p1a: Landorus|Taunt|p2a: \u2606\u2605Star\u2605\u2606\n|-start|p2a: \u2606\u2605Star\u2605\u2606|move: Taunt\n|\n|upkeep\n|turn|10\n|\n|t:|1700596561\n|move|p1a: Landorus|Earthquake|p2a: \u2606\u2605Star\u2605\u2606\n|-damage|p2a: \u2606\u2605Star\u2605\u2606|0 fnt\n|faint|p2a: \u2606\u2605Star\u2605\u2606\n|\n|upkeep\n|\n|t:|1700596564\n|switch|p2a: No.|Great Tusk, shiny|100\/100\n|-activate|p2a: No.|move: Sticky Web\n|-unboost|p2a: No.|spe|1\n|-status|p2a: No.|psn\n|-enditem|p2a: No.|Booster Energy\n|-activate|p2a: No.|ability: Protosynthesis|[fromitem]\n|-start|p2a: No.|protosynthesisatk\n|turn|11\n|\n|t:|1700596573\n|move|p1a: Landorus|Taunt|p2a: No.\n|-start|p2a: No.|move: Taunt\n|move|p2a: No.|Rapid Spin|p1a: Landorus\n|-damage|p1a: Landorus|77\/100\n|-boost|p2a: No.|spe|1\n|-sideend|p2: Lanbos eternity|Toxic Spikes|[from] move: Rapid Spin|[of] p2a: No.\n|-sideend|p2: Lanbos eternity|Sticky Web|[from] move: Rapid Spin|[of] p2a: No.\n|\n|-heal|p1a: Landorus|83\/100|[from] item: Leftovers\n|-damage|p2a: No.|88\/100 psn|[from] psn\n|upkeep\n|turn|12\n|\n|t:|1700596585\n|move|p1a: Landorus|Earthquake|p2a: No.\n|-damage|p2a: No.|49\/100 psn\n|move|p2a: No.|Ice Spinner|p1a: Landorus\n|-supereffective|p1a: Landorus\n|-damage|p1a: Landorus|0 fnt\n|faint|p1a: Landorus\n|\n|-damage|p2a: No.|37\/100 psn|[from] psn\n|upkeep\n|\n|t:|1700596594\n|switch|p1a: Great Tusk|Great Tusk, shiny|100\/100\n|turn|13\n|\n|t:|1700596599\n|move|p2a: No.|Headlong Rush|p1a: Great Tusk\n|-damage|p1a: Great Tusk|42\/100\n|-unboost|p2a: No.|def|1\n|-unboost|p2a: No.|spd|1\n|move|p1a: Great Tusk|Ice Spinner|p2a: No.\n|-supereffective|p2a: No.\n|-damage|p2a: No.|0 fnt\n|faint|p2a: No.\n|-end|p2a: No.|Protosynthesis|[silent]\n|\n|upkeep\n|\n|t:|1700596606\n|switch|p2a: Where is QD|Iron Moth, shiny|100\/100\n|-enditem|p2a: Where is QD|Booster Energy\n|-activate|p2a: Where is QD|ability: Quark Drive|[fromitem]\n|-start|p2a: Where is QD|quarkdrivespe\n|turn|14\n|\n|t:|1700596611\n|move|p2a: Where is QD|Dazzling Gleam|p1a: Great Tusk\n|-supereffective|p1a: Great Tusk\n|-damage|p1a: Great Tusk|6\/100\n|move|p1a: Great Tusk|Headlong Rush|p2a: Where is QD\n|-supereffective|p2a: Where is QD\n|-damage|p2a: Where is QD|0 fnt\n|-unboost|p1a: Great Tusk|def|1\n|-unboost|p1a: Great Tusk|spd|1\n|faint|p2a: Where is QD\n|-end|p2a: Where is QD|Quark Drive|[silent]\n|\n|upkeep\n|\n|t:|1700596618\n|switch|p2a: Don\u2019t Miss pls~|Samurott-Hisui, F, shiny|100\/100\n|turn|15\n|\n|t:|1700596623\n|move|p2a: Don\u2019t Miss pls~|Aqua Cutter|p1a: Great Tusk\n|-supereffective|p1a: Great Tusk\n|-damage|p1a: Great Tusk|0 fnt\n|faint|p1a: Great Tusk\n|-end|p1a: Great Tusk|Protosynthesis|[silent]\n|\n|upkeep\n|\n|t:|1700596628\n|switch|p1a: Kingambit|Kingambit, M, shiny|100\/100\n|-activate|p1a: Kingambit|ability: Supreme Overlord\n|-start|p1a: Kingambit|fallen5|[silent]\n|turn|16\n|\n|t:|1700596633\n|move|p2a: Don\u2019t Miss pls~|Aqua Cutter|p1a: Kingambit\n|-damage|p1a: Kingambit|67\/100\n|move|p1a: Kingambit|Swords Dance|p1a: Kingambit\n|-boost|p1a: Kingambit|atk|2\n|\n|-heal|p1a: Kingambit|74\/100|[from] item: Leftovers\n|upkeep\n|turn|17\n|\n|t:|1700596643\n|move|p2a: Don\u2019t Miss pls~|Aqua Cutter|p1a: Kingambit\n|-damage|p1a: Kingambit|38\/100\n|move|p1a: Kingambit|Low Kick|p2a: Don\u2019t Miss pls~\n|-supereffective|p2a: Don\u2019t Miss pls~\n|-damage|p2a: Don\u2019t Miss pls~|0 fnt\n|faint|p2a: Don\u2019t Miss pls~\n|\n|-heal|p1a: Kingambit|44\/100|[from] item: Leftovers\n|upkeep\n|\n|t:|1700596650\n|switch|p2a: What|Enamorus, F|100\/100 par\n|turn|18\n|\n|t:|1700596655\n|-terastallize|p1a: Kingambit|Fairy\n|move|p2a: What|Moonblast|p1a: Kingambit\n|-damage|p1a: Kingambit|0 fnt\n|faint|p1a: Kingambit\n|-end|p1a: Kingambit|fallen5|[silent]\n|\n|win|Lanbos eternity\n|raw|qb69x's rating: 1183 &rarr; <strong>1163<\/strong><br \/>(-20 for losing)\n|raw|Lanbos eternity's rating: 1253 &rarr; <strong>1273<\/strong><br \/>(+20 for winning)\n|l|\u2606qb69x\n","uploadtime":1700596663,"views":0,"p1id":"qb69x","p2id":"lanboseternity","formatid":"gen9ou","rating":1163,"private":0,"password":""}