{"id":"gen9ou-1999513900","p1":"Diatere","p2":"xWescombe","format":"[Gen 9] OU","log":"|j|\u2606Diatere\n|j|\u2606xWescombe\n|t:|1701091203\n|gametype|singles\n|player|p1|Diatere|mina|1471\n|player|p2|xWescombe|carmine|1405\n|teamsize|p1|6\n|teamsize|p2|6\n|gen|9\n|tier|[Gen 9] OU\n|rated|\n|rule|Sleep Clause Mod: Limit one foe put to sleep\n|rule|Species Clause: Limit one of each Pok\u00e9mon\n|rule|OHKO Clause: OHKO moves are banned\n|rule|Evasion Items Clause: Evasion items are banned\n|rule|Evasion Moves Clause: Evasion moves are banned\n|rule|Endless Battle Clause: Forcing endless battles is banned\n|rule|HP Percentage Mod: HP is shown in percentages\n|clearpoke\n|poke|p1|Ninetales-Alola, M|\n|poke|p1|Hatterene, F|\n|poke|p1|Manaphy|\n|poke|p1|Ogerpon-Cornerstone, F|\n|poke|p1|Rillaboom, M|\n|poke|p1|Iron Valiant|\n|poke|p2|Dondozo, F|\n|poke|p2|Gholdengo|\n|poke|p2|Iron Moth|\n|poke|p2|Kingambit, F|\n|poke|p2|Great Tusk|\n|poke|p2|Rillaboom, F|\n|teampreview\n|inactive|Battle timer is ON: inactive players will automatically lose when time's up. (requested by xWescombe)\n|\n|t:|1701091218\n|start\n|switch|p1a: Tavros|Ninetales-Alola, M|100\/100\n|switch|p2a: Iron Moth|Iron Moth|100\/100\n|-weather|Snow|[from] ability: Snow Warning|[of] p1a: Tavros\n|-enditem|p2a: Iron Moth|Booster Energy\n|-activate|p2a: Iron Moth|ability: Quark Drive|[fromitem]\n|-start|p2a: Iron Moth|quarkdrivespe\n|turn|1\n|\n|t:|1701091223\n|move|p2a: Iron Moth|Fiery Dance|p1a: Tavros\n|-supereffective|p1a: Tavros\n|-crit|p1a: Tavros\n|-damage|p1a: Tavros|0 fnt\n|-boost|p2a: Iron Moth|spa|1\n|faint|p1a: Tavros\n|\n|-weather|Snow|[upkeep]\n|upkeep\n|\n|t:|1701091227\n|switch|p1a: Gamzee|Rillaboom, M|100\/100\n|-fieldstart|move: Grassy Terrain|[from] ability: Grassy Surge|[of] p1a: Gamzee\n|turn|2\n|\n|t:|1701091231\n|move|p2a: Iron Moth|Fiery Dance|p1a: Gamzee\n|-supereffective|p1a: Gamzee\n|-damage|p1a: Gamzee|0 fnt\n|faint|p1a: Gamzee\n|\n|-weather|Snow|[upkeep]\n|upkeep\n|\n|t:|1701091235\n|switch|p1a: Kanaya|Hatterene, F|100\/100\n|-enditem|p1a: Kanaya|Grassy Seed\n|-boost|p1a: Kanaya|def|1|[from] item: Grassy Seed\n|turn|3\n|\n|t:|1701091244\n|-terastallize|p1a: Kanaya|Water\n|move|p2a: Iron Moth|Fiery Dance|p1a: Kanaya\n|-resisted|p1a: Kanaya\n|-damage|p1a: Kanaya|69\/100\n|-boost|p2a: Iron Moth|spa|1\n|move|p1a: Kanaya|Calm Mind|p1a: Kanaya\n|-boost|p1a: Kanaya|spa|1\n|-boost|p1a: Kanaya|spd|1\n|\n|-weather|Snow|[upkeep]\n|-heal|p1a: Kanaya|75\/100|[from] Grassy Terrain\n|upkeep\n|turn|4\n|\n|t:|1701091253\n|move|p2a: Iron Moth|Energy Ball|p1a: Kanaya\n|-supereffective|p1a: Kanaya\n|-damage|p1a: Kanaya|0 fnt\n|faint|p1a: Kanaya\n|\n|-weather|Snow|[upkeep]\n|upkeep\n|\n|t:|1701091257\n|switch|p1a: Vriska|Iron Valiant|100\/100\n|-enditem|p1a: Vriska|Booster Energy\n|-activate|p1a: Vriska|ability: Quark Drive|[fromitem]\n|-start|p1a: Vriska|quarkdrivespe\n|turn|5\n|\n|t:|1701091268\n|move|p1a: Vriska|Psyshock|p2a: Iron Moth\n|-supereffective|p2a: Iron Moth\n|-damage|p2a: Iron Moth|21\/100\n|move|p2a: Iron Moth|Psychic|p1a: Vriska\n|-supereffective|p1a: Vriska\n|-damage|p1a: Vriska|0 fnt\n|faint|p1a: Vriska\n|-end|p1a: Vriska|Quark Drive|[silent]\n|\n|-weather|none\n|-heal|p2a: Iron Moth|27\/100|[from] Grassy Terrain\n|upkeep\n|\n|t:|1701091283\n|switch|p1a: Karkat|Manaphy|100\/100\n|turn|6\n|c|\u2606xWescombe|manaphy cuck\n|\n|t:|1701091294\n|move|p2a: Iron Moth|Energy Ball|p1a: Karkat\n|-supereffective|p1a: Karkat\n|-damage|p1a: Karkat|0 fnt\n|faint|p1a: Karkat\n|\n|-heal|p2a: Iron Moth|33\/100|[from] Grassy Terrain\n|-fieldend|move: Grassy Terrain\n|upkeep\n|c|\u2606Diatere|jfc\n|\n|t:|1701091306\n|switch|p1a: Terezi|Ogerpon-Cornerstone, F|100\/100\n|turn|7\n|\n|t:|1701091311\n|move|p2a: Iron Moth|Fiery Dance|p1a: Terezi\n|-damage|p1a: Terezi|7\/100\n|-boost|p2a: Iron Moth|spa|1\n|move|p1a: Terezi|Ivy Cudgel|p2a: Iron Moth|[anim] Ivy Cudgel Rock\n|-supereffective|p2a: Iron Moth\n|-damage|p2a: Iron Moth|0 fnt\n|faint|p2a: Iron Moth\n|-end|p2a: Iron Moth|Quark Drive|[silent]\n|\n|upkeep\n|\n|t:|1701091314\n|switch|p2a: Rillaboom|Rillaboom, F|100\/100\n|-fieldstart|move: Grassy Terrain|[from] ability: Grassy Surge|[of] p2a: Rillaboom\n|turn|8\n|c|\u2606Diatere|did not realise the moth did this much\n|c|\u2606xWescombe|i love lamp\n|\n|t:|1701091330\n|move|p2a: Rillaboom|Grassy Glide|p1a: Terezi\n|-damage|p1a: Terezi|0 fnt\n|faint|p1a: Terezi\n|\n|win|xWescombe\n|raw|Diatere's rating: 1471 &rarr; <strong>1447<\/strong><br \/>(-24 for losing)\n|raw|xWescombe's rating: 1405 &rarr; <strong>1429<\/strong><br \/>(+24 for winning)\n|c|\u2606Diatere|nice one\n|c|\u2606Diatere|gg\n","uploadtime":1701091340,"views":5,"p1id":"diatere","p2id":"xwescombe","formatid":"gen9ou","rating":1429,"private":0,"password":""}