{"id":"gen9ou-1994202338","p1":"Autosepha","p2":"efemetin123","format":"[Gen 9] OU","log":"|j|\u2606Autosepha\n|j|\u2606efemetin123\n|t:|1700418409\n|gametype|singles\n|player|p1|Autosepha|teammates|1057\n|player|p2|efemetin123|102|1068\n|teamsize|p1|6\n|teamsize|p2|6\n|gen|9\n|tier|[Gen 9] OU\n|rated|\n|rule|Sleep Clause Mod: Limit one foe put to sleep\n|rule|Species Clause: Limit one of each Pok\u00e9mon\n|rule|OHKO Clause: OHKO moves are banned\n|rule|Evasion Items Clause: Evasion items are banned\n|rule|Evasion Moves Clause: Evasion moves are banned\n|rule|Endless Battle Clause: Forcing endless battles is banned\n|rule|HP Percentage Mod: HP is shown in percentages\n|clearpoke\n|poke|p1|Ceruledge, F|\n|poke|p1|Gholdengo|\n|poke|p1|Basculegion-F, F|\n|poke|p1|Dragapult, F|\n|poke|p1|Gengar, M|\n|poke|p1|Sinistcha|\n|poke|p2|Clodsire, F|\n|poke|p2|Decidueye-Hisui, F|\n|poke|p2|Zoroark-Hisui, F|\n|poke|p2|Torkoal, F|\n|poke|p2|Weavile, M|\n|poke|p2|Walking Wake|\n|teampreview\n|inactive|Battle timer is ON: inactive players will automatically lose when time's up. (requested by Autosepha)\n|\n|t:|1700418428\n|start\n|switch|p1a: Sea Devil|Basculegion-F, F, shiny|100\/100\n|switch|p2a: Clodsire|Clodsire, F|100\/100\n|turn|1\n|\n|t:|1700418450\n|move|p1a: Sea Devil|Hydro Pump|p2a: Clodsire\n|-supereffective|p2a: Clodsire\n|-damage|p2a: Clodsire|0 fnt\n|faint|p2a: Clodsire\n|\n|upkeep\n|inactive|efemetin123 has 120 seconds left.\n|\n|t:|1700418478\n|switch|p2a: Decidueye|Decidueye-Hisui, F|100\/100\n|turn|2\n|\n|t:|1700418490\n|move|p2a: Decidueye|Nasty Plot|p2a: Decidueye\n|-boost|p2a: Decidueye|spa|2\n|move|p1a: Sea Devil|Hydro Pump|p2a: Decidueye|[miss]\n|-miss|p1a: Sea Devil|p2a: Decidueye\n|\n|upkeep\n|turn|3\n|inactive|efemetin123 has 90 seconds left.\n|\n|t:|1700418522\n|move|p2a: Decidueye|Shadow Ball|p1a: Sea Devil\n|-supereffective|p1a: Sea Devil\n|-damage|p1a: Sea Devil|0 fnt\n|faint|p1a: Sea Devil\n|\n|upkeep\n|inactive|Autosepha has 120 seconds left.\n|\n|t:|1700418553\n|switch|p1a: Night Shade|Gengar, M, shiny|100\/100\n|turn|4\n|\n|t:|1700418561\n|move|p1a: Night Shade|Sludge Bomb|p2a: Decidueye\n|-resisted|p2a: Decidueye\n|-damage|p2a: Decidueye|49\/100\n|replace|p2a: Zoroark|Zoroark-Hisui, F, shiny\n|-end|p2a: Zoroark|Illusion\n|move|p2a: Zoroark|Shadow Ball|p1a: Night Shade\n|-supereffective|p1a: Night Shade\n|-damage|p1a: Night Shade|0 fnt\n|-start|p2a: Zoroark|Disable|Shadow Ball|[from] ability: Cursed Body|[of] p1a: Night Shade\n|faint|p1a: Night Shade\n|\n|upkeep\n|inactive|Autosepha has 120 seconds left.\n|\n|t:|1700418571\n|switch|p1a: Draco-Lich|Dragapult, F, shiny|100\/100\n|turn|5\n|\n|t:|1700418577\n|move|p1a: Draco-Lich|Substitute|p1a: Draco-Lich\n|-start|p1a: Draco-Lich|Substitute\n|-damage|p1a: Draco-Lich|76\/100\n|move|p2a: Zoroark|Psychic|p1a: Draco-Lich\n|-end|p1a: Draco-Lich|Substitute\n|\n|-heal|p1a: Draco-Lich|82\/100|[from] item: Leftovers\n|upkeep\n|turn|6\n|\n|t:|1700418584\n|move|p1a: Draco-Lich|Dragon Darts|p2a: Zoroark\n|-damage|p2a: Zoroark|0 fnt\n|faint|p2a: Zoroark\n|\n|-heal|p1a: Draco-Lich|88\/100|[from] item: Leftovers\n|upkeep\n|\n|t:|1700418593\n|switch|p2a: Weavile|Weavile, M|100\/100\n|-ability|p2a: Weavile|Pressure\n|turn|7\n|\n|t:|1700418600\n|move|p1a: Draco-Lich|Dragon Darts|p2a: Weavile\n|-damage|p2a: Weavile|56\/100\n|-anim|p1a: Draco-Lich|Dragon Darts|p2a: Weavile\n|-damage|p2a: Weavile|10\/100\n|move|p2a: Weavile|Knock Off|p1a: Draco-Lich\n|-supereffective|p1a: Draco-Lich\n|-damage|p1a: Draco-Lich|0 fnt\n|-enditem|p1a: Draco-Lich|Leftovers|[from] move: Knock Off|[of] p2a: Weavile\n|faint|p1a: Draco-Lich\n|\n|upkeep\n|\n|t:|1700418610\n|switch|p1a: Hell Knight|Ceruledge, F, shiny|100\/100\n|turn|8\n|\n|t:|1700418625\n|move|p1a: Hell Knight|Shadow Sneak|p2a: Weavile\n|-resisted|p2a: Weavile\n|-damage|p2a: Weavile|0 fnt\n|faint|p2a: Weavile\n|\n|upkeep\n|\n|t:|1700418630\n|switch|p2a: Decidueye|Decidueye-Hisui, F|100\/100\n|turn|9\n|\n|t:|1700418637\n|-terastallize|p2a: Decidueye|Flying\n|move|p2a: Decidueye|Trailblaze|p1a: Hell Knight\n|-resisted|p1a: Hell Knight\n|-damage|p1a: Hell Knight|88\/100\n|-boost|p2a: Decidueye|spe|1\n|move|p1a: Hell Knight|Bulk Up|p1a: Hell Knight\n|-boost|p1a: Hell Knight|atk|1\n|-boost|p1a: Hell Knight|def|1\n|\n|upkeep\n|turn|10\n|\n|t:|1700418647\n|move|p2a: Decidueye|Swords Dance|p2a: Decidueye\n|-boost|p2a: Decidueye|atk|2\n|move|p1a: Hell Knight|Bulk Up|p1a: Hell Knight\n|-boost|p1a: Hell Knight|atk|1\n|-boost|p1a: Hell Knight|def|1\n|\n|upkeep\n|turn|11\n|\n|t:|1700418662\n|move|p2a: Decidueye|Triple Arrows|p1a: Hell Knight\n|-damage|p1a: Hell Knight|40\/100\n|-unboost|p1a: Hell Knight|def|1\n|move|p1a: Hell Knight|Bitter Blade|p2a: Decidueye\n|-damage|p2a: Decidueye|12\/100\n|-heal|p1a: Hell Knight|80\/100|[from] drain|[of] p2a: Decidueye\n|\n|upkeep\n|turn|12\n|\n|t:|1700418670\n|move|p1a: Hell Knight|Shadow Sneak|p2a: Decidueye\n|-damage|p2a: Decidueye|0 fnt\n|faint|p2a: Decidueye\n|\n|upkeep\n|inactive|efemetin123 has 120 seconds left.\n|\n|t:|1700418707\n|switch|p2a: Torkoal|Torkoal, F|100\/100\n|-weather|SunnyDay|[from] ability: Drought|[of] p2a: Torkoal\n|turn|13\n|\n|t:|1700418716\n|move|p1a: Hell Knight|Bulk Up|p1a: Hell Knight\n|-boost|p1a: Hell Knight|atk|1\n|-boost|p1a: Hell Knight|def|1\n|move|p2a: Torkoal|Clear Smog|p1a: Hell Knight\n|-resisted|p1a: Hell Knight\n|-damage|p1a: Hell Knight|75\/100\n|-clearboost|p1a: Hell Knight\n|\n|-weather|SunnyDay|[upkeep]\n|upkeep\n|turn|14\n|\n|t:|1700418731\n|move|p1a: Hell Knight|Bulk Up|p1a: Hell Knight\n|-boost|p1a: Hell Knight|atk|1\n|-boost|p1a: Hell Knight|def|1\n|move|p2a: Torkoal|Yawn|p1a: Hell Knight\n|-start|p1a: Hell Knight|move: Yawn|[of] p2a: Torkoal\n|\n|-weather|SunnyDay|[upkeep]\n|upkeep\n|turn|15\n|\n|t:|1700418739\n|switch|p1a: Crypt Keeper|Gholdengo, shiny|100\/100\n|move|p2a: Torkoal|Clear Smog|p1a: Crypt Keeper\n|-immune|p1a: Crypt Keeper\n|\n|-weather|SunnyDay|[upkeep]\n|upkeep\n|turn|16\n|\n|t:|1700418748\n|move|p1a: Crypt Keeper|Thunder Wave|p2a: Torkoal|[miss]\n|-miss|p1a: Crypt Keeper|p2a: Torkoal\n|move|p2a: Torkoal|Lava Plume|p1a: Crypt Keeper\n|-supereffective|p1a: Crypt Keeper\n|-damage|p1a: Crypt Keeper|15\/100\n|-status|p1a: Crypt Keeper|brn\n|\n|-weather|SunnyDay|[upkeep]\n|-heal|p1a: Crypt Keeper|21\/100 brn|[from] item: Leftovers\n|-damage|p1a: Crypt Keeper|15\/100 brn|[from] brn\n|upkeep\n|turn|17\n|\n|t:|1700418761\n|move|p1a: Crypt Keeper|Thunder Wave|p2a: Torkoal\n|-status|p2a: Torkoal|par\n|move|p2a: Torkoal|Lava Plume|p1a: Crypt Keeper\n|-supereffective|p1a: Crypt Keeper\n|-damage|p1a: Crypt Keeper|0 fnt\n|faint|p1a: Crypt Keeper\n|\n|-weather|SunnyDay|[upkeep]\n|upkeep\n|\n|t:|1700418768\n|switch|p1a: Blood Vine|Sinistcha, shiny|100\/100\n|turn|18\n|\n|t:|1700418778\n|switch|p1a: Hell Knight|Ceruledge, F, shiny|75\/100\n|cant|p2a: Torkoal|par\n|\n|-weather|SunnyDay|[upkeep]\n|upkeep\n|turn|19\n|\n|t:|1700418787\n|move|p1a: Hell Knight|Bitter Blade|p2a: Torkoal\n|-resisted|p2a: Torkoal\n|-crit|p2a: Torkoal\n|-damage|p2a: Torkoal|72\/100 par\n|-heal|p1a: Hell Knight|87\/100|[from] drain|[of] p2a: Torkoal\n|move|p2a: Torkoal|Lava Plume|p1a: Hell Knight\n|-start|p1a: Hell Knight|ability: Flash Fire\n|\n|-weather|SunnyDay|[upkeep]\n|upkeep\n|turn|20\n|c|\u2606efemetin123|uh oh\n|\n|t:|1700418797\n|move|p1a: Hell Knight|Bitter Blade|p2a: Torkoal\n|-resisted|p2a: Torkoal\n|-damage|p2a: Torkoal|46\/100 par\n|-heal|p1a: Hell Knight|97\/100|[from] drain|[of] p2a: Torkoal\n|cant|p2a: Torkoal|par\n|\n|-weather|none\n|upkeep\n|turn|21\n|\n|t:|1700418805\n|move|p1a: Hell Knight|Bitter Blade|p2a: Torkoal\n|-resisted|p2a: Torkoal\n|-damage|p2a: Torkoal|25\/100 par\n|-heal|p1a: Hell Knight|100\/100|[from] drain|[of] p2a: Torkoal\n|move|p2a: Torkoal|Yawn|p1a: Hell Knight\n|-start|p1a: Hell Knight|move: Yawn|[of] p2a: Torkoal\n|\n|upkeep\n|turn|22\n|\n|t:|1700418816\n|-end|p1a: Hell Knight|ability: Flash Fire|[silent]\n|switch|p1a: Blood Vine|Sinistcha, shiny|100\/100\n|switch|p2a: Walking Wake|Walking Wake|100\/100\n|\n|upkeep\n|turn|23\n|\n|t:|1700418825\n|move|p2a: Walking Wake|Flamethrower|p1a: Blood Vine\n|-supereffective|p1a: Blood Vine\n|-damage|p1a: Blood Vine|65\/100\n|-status|p1a: Blood Vine|brn\n|move|p1a: Blood Vine|Calm Mind|p1a: Blood Vine\n|-boost|p1a: Blood Vine|spa|1\n|-boost|p1a: Blood Vine|spd|1\n|\n|-heal|p1a: Blood Vine|71\/100 brn|[from] item: Leftovers\n|-damage|p1a: Blood Vine|68\/100 brn|[from] brn\n|upkeep\n|turn|24\n|\n|t:|1700418836\n|move|p2a: Walking Wake|Flamethrower|p1a: Blood Vine\n|-supereffective|p1a: Blood Vine\n|-damage|p1a: Blood Vine|41\/100 brn\n|move|p1a: Blood Vine|Strength Sap|p2a: Walking Wake\n|-unboost|p2a: Walking Wake|atk|1\n|-heal|p1a: Blood Vine|85\/100 brn\n|\n|-heal|p1a: Blood Vine|92\/100 brn|[from] item: Leftovers\n|-damage|p1a: Blood Vine|89\/100 brn|[from] brn\n|upkeep\n|turn|25\n|\n|t:|1700418851\n|-end|p2a: Walking Wake|Protosynthesis|[silent]\n|switch|p2a: Torkoal|Torkoal, F|25\/100 par\n|-weather|SunnyDay|[from] ability: Drought|[of] p2a: Torkoal\n|-terastallize|p1a: Blood Vine|Poison\n|move|p1a: Blood Vine|Calm Mind|p1a: Blood Vine\n|-boost|p1a: Blood Vine|spa|1\n|-boost|p1a: Blood Vine|spd|1\n|\n|-weather|SunnyDay|[upkeep]\n|-heal|p1a: Blood Vine|95\/100 brn|[from] item: Leftovers\n|-damage|p1a: Blood Vine|92\/100 brn|[from] brn\n|upkeep\n|turn|26\n|\n|t:|1700418863\n|move|p1a: Blood Vine|Shadow Ball|p2a: Torkoal\n|-damage|p2a: Torkoal|0 fnt\n|faint|p2a: Torkoal\n|\n|-weather|SunnyDay|[upkeep]\n|-heal|p1a: Blood Vine|98\/100 brn|[from] item: Leftovers\n|-damage|p1a: Blood Vine|95\/100 brn|[from] brn\n|upkeep\n|\n|t:|1700418871\n|switch|p2a: Walking Wake|Walking Wake|100\/100\n|-activate|p2a: Walking Wake|ability: Protosynthesis\n|-start|p2a: Walking Wake|protosynthesisspe\n|turn|27\n|\n|t:|1700418879\n|move|p2a: Walking Wake|Hydro Steam|p1a: Blood Vine\n|-crit|p1a: Blood Vine\n|-damage|p1a: Blood Vine|0 fnt\n|faint|p1a: Blood Vine\n|\n|-weather|SunnyDay|[upkeep]\n|upkeep\n|\n|t:|1700418886\n|switch|p1a: Hell Knight|Ceruledge, F, shiny|100\/100\n|turn|28\n|c|\u2606efemetin123|lets see which of is stronger\n|\n|t:|1700418896\n|move|p2a: Walking Wake|Hydro Steam|p1a: Hell Knight\n|-supereffective|p1a: Hell Knight\n|-damage|p1a: Hell Knight|17\/100\n|move|p1a: Hell Knight|Bulk Up|p1a: Hell Knight\n|-boost|p1a: Hell Knight|atk|1\n|-boost|p1a: Hell Knight|def|1\n|\n|-weather|SunnyDay|[upkeep]\n|upkeep\n|turn|29\n|\n|t:|1700418905\n|move|p1a: Hell Knight|Shadow Sneak|p2a: Walking Wake\n|-damage|p2a: Walking Wake|71\/100\n|move|p2a: Walking Wake|Hydro Steam|p1a: Hell Knight\n|-supereffective|p1a: Hell Knight\n|-damage|p1a: Hell Knight|0 fnt\n|faint|p1a: Hell Knight\n|\n|win|efemetin123\n|raw|Autosepha's rating: 1057 &rarr; <strong>1039<\/strong><br \/>(-18 for losing)\n|raw|efemetin123's rating: 1068 &rarr; <strong>1097<\/strong><br \/>(+29 for winning)\n|l|\u2606Autosepha\n|c|\u2606efemetin123|good match bud\n","uploadtime":1700418916,"views":8,"p1id":"autosepha","p2id":"efemetin123","formatid":"gen9ou","rating":1039,"private":0,"password":""}