{"id":"gen9ou-1993508164","p1":"09spring","p2":"DrCrowbar","format":"[Gen 9] OU","log":"|j|\u260609spring\n|j|\u2606DrCrowbar\n|t:|1700326133\n|gametype|singles\n|player|p1|09spring|pilot|1175\n|player|p2|DrCrowbar|will|1127\n|teamsize|p1|6\n|teamsize|p2|6\n|gen|9\n|tier|[Gen 9] OU\n|rated|\n|rule|Sleep Clause Mod: Limit one foe put to sleep\n|rule|Species Clause: Limit one of each Pok\u00e9mon\n|rule|OHKO Clause: OHKO moves are banned\n|rule|Evasion Items Clause: Evasion items are banned\n|rule|Evasion Moves Clause: Evasion moves are banned\n|rule|Endless Battle Clause: Forcing endless battles is banned\n|rule|HP Percentage Mod: HP is shown in percentages\n|clearpoke\n|poke|p1|Ting-Lu|\n|poke|p1|Hatterene, F|\n|poke|p1|Ninetales-Alola, M|\n|poke|p1|Amoonguss, F|\n|poke|p1|Walking Wake|\n|poke|p1|Cinderace, F|\n|poke|p2|Ceruledge, M|\n|poke|p2|Garchomp, F|\n|poke|p2|Manaphy|\n|poke|p2|Weavile, M|\n|poke|p2|Kleavor, F|\n|poke|p2|Sinistcha|\n|teampreview\n|\n|t:|1700326153\n|start\n|switch|p1a: Walking Wake|Walking Wake|100\/100\n|switch|p2a: big axe jones|Kleavor, F|100\/100\n|turn|1\n|\n|t:|1700326161\n|-terastallize|p1a: Walking Wake|Water\n|move|p1a: Walking Wake|Surf|p2a: big axe jones\n|-supereffective|p2a: big axe jones\n|-damage|p2a: big axe jones|0 fnt\n|faint|p2a: big axe jones\n|\n|upkeep\n|\n|t:|1700326170\n|switch|p2a: teapac|Sinistcha|100\/100\n|turn|2\n|\n|t:|1700326175\n|-end|p1a: Walking Wake|Protosynthesis|[silent]\n|switch|p1a: Amoonguss|Amoonguss, F|100\/100\n|move|p2a: teapac|Calm Mind|p2a: teapac\n|-boost|p2a: teapac|spa|1\n|-boost|p2a: teapac|spd|1\n|\n|upkeep\n|turn|3\n|\n|t:|1700326184\n|move|p2a: teapac|Protect|p2a: teapac\n|-singleturn|p2a: teapac|Protect\n|move|p1a: Amoonguss|Sludge Bomb|p2a: teapac\n|-activate|p2a: teapac|move: Protect\n|\n|upkeep\n|turn|4\n|\n|t:|1700326198\n|-terastallize|p2a: teapac|Poison\n|move|p2a: teapac|Calm Mind|p2a: teapac\n|-boost|p2a: teapac|spa|1\n|-boost|p2a: teapac|spd|1\n|move|p1a: Amoonguss|Sludge Bomb|p2a: teapac\n|-resisted|p2a: teapac\n|-damage|p2a: teapac|93\/100\n|\n|-heal|p2a: teapac|99\/100|[from] item: Leftovers\n|upkeep\n|turn|5\n|\n|t:|1700326208\n|move|p2a: teapac|Calm Mind|p2a: teapac\n|-boost|p2a: teapac|spa|1\n|-boost|p2a: teapac|spd|1\n|move|p1a: Amoonguss|Stomping Tantrum|p2a: teapac\n|-supereffective|p2a: teapac\n|-damage|p2a: teapac|73\/100\n|\n|-heal|p2a: teapac|79\/100|[from] item: Leftovers\n|upkeep\n|turn|6\n|\n|t:|1700326223\n|move|p2a: teapac|Calm Mind|p2a: teapac\n|-boost|p2a: teapac|spa|1\n|-boost|p2a: teapac|spd|1\n|move|p1a: Amoonguss|Stomping Tantrum|p2a: teapac\n|-supereffective|p2a: teapac\n|-damage|p2a: teapac|54\/100\n|\n|-heal|p2a: teapac|60\/100|[from] item: Leftovers\n|upkeep\n|turn|7\n|\n|t:|1700326231\n|move|p2a: teapac|Strength Sap|p1a: Amoonguss\n|-unboost|p1a: Amoonguss|atk|1\n|-heal|p2a: teapac|100\/100\n|move|p1a: Amoonguss|Stomping Tantrum|p2a: teapac\n|-supereffective|p2a: teapac\n|-damage|p2a: teapac|83\/100\n|\n|-heal|p2a: teapac|89\/100|[from] item: Leftovers\n|upkeep\n|turn|8\n|\n|t:|1700326240\n|move|p2a: teapac|Matcha Gotcha|p1a: Amoonguss\n|-resisted|p1a: Amoonguss\n|-damage|p1a: Amoonguss|72\/100\n|-heal|p2a: teapac|100\/100|[from] drain|[of] p1a: Amoonguss\n|move|p1a: Amoonguss|Stomping Tantrum|p2a: teapac\n|-supereffective|p2a: teapac\n|-damage|p2a: teapac|83\/100\n|\n|-heal|p2a: teapac|89\/100|[from] item: Leftovers\n|upkeep\n|turn|9\n|\n|t:|1700326262\n|move|p2a: teapac|Matcha Gotcha|p1a: Amoonguss\n|-resisted|p1a: Amoonguss\n|-damage|p1a: Amoonguss|44\/100\n|-heal|p2a: teapac|100\/100|[from] drain|[of] p1a: Amoonguss\n|move|p1a: Amoonguss|Stomping Tantrum|p2a: teapac\n|-supereffective|p2a: teapac\n|-damage|p2a: teapac|83\/100\n|\n|-heal|p2a: teapac|89\/100|[from] item: Leftovers\n|upkeep\n|turn|10\n|\n|t:|1700326274\n|move|p2a: teapac|Matcha Gotcha|p1a: Amoonguss\n|-resisted|p1a: Amoonguss\n|-crit|p1a: Amoonguss\n|-damage|p1a: Amoonguss|5\/100\n|-heal|p2a: teapac|100\/100|[from] drain|[of] p1a: Amoonguss\n|-status|p1a: Amoonguss|brn\n|move|p1a: Amoonguss|Spore|p2a: teapac\n|-status|p2a: teapac|slp|[from] move: Spore\n|\n|-damage|p1a: Amoonguss|0 fnt|[from] brn\n|faint|p1a: Amoonguss\n|upkeep\n|\n|t:|1700326295\n|switch|p1a: Ninetales|Ninetales-Alola, M|100\/100\n|-weather|Snow|[from] ability: Snow Warning|[of] p1a: Ninetales\n|turn|11\n|\n|t:|1700326311\n|switch|p1a: Cinderace|Cinderace, F|100\/100\n|cant|p2a: teapac|slp\n|\n|-weather|Snow|[upkeep]\n|upkeep\n|turn|12\n|\n|t:|1700326318\n|cant|p2a: teapac|slp\n|move|p1a: Cinderace|Pyro Ball|p2a: teapac\n|-damage|p2a: teapac|75\/100 slp\n|\n|-weather|Snow|[upkeep]\n|-heal|p2a: teapac|81\/100 slp|[from] item: Leftovers\n|upkeep\n|turn|13\n|\n|t:|1700326325\n|switch|p1a: Ting-Lu|Ting-Lu|100\/100\n|-ability|p1a: Ting-Lu|Vessel of Ruin\n|-curestatus|p2a: teapac|slp|[msg]\n|move|p2a: teapac|Strength Sap|p1a: Ting-Lu\n|-unboost|p1a: Ting-Lu|atk|1\n|-heal|p2a: teapac|100\/100\n|\n|-weather|Snow|[upkeep]\n|upkeep\n|turn|14\n|\n|t:|1700326337\n|move|p2a: teapac|Calm Mind|p2a: teapac\n|-boost|p2a: teapac|spa|1\n|-boost|p2a: teapac|spd|1\n|move|p1a: Ting-Lu|Whirlwind|p2a: teapac\n|drag|p2a: glowjob|Manaphy|100\/100\n|\n|-weather|Snow|[upkeep]\n|upkeep\n|turn|15\n|\n|t:|1700326350\n|move|p2a: glowjob|Tail Glow|p2a: glowjob\n|-boost|p2a: glowjob|spa|3\n|move|p1a: Ting-Lu|Whirlwind|p2a: glowjob\n|drag|p2a: EARFQUAKE|Garchomp, F|100\/100\n|\n|-weather|none\n|upkeep\n|turn|16\n|\n|t:|1700326363\n|move|p2a: EARFQUAKE|Dragon Claw|p1a: Ting-Lu\n|-damage|p1a: Ting-Lu|74\/100\n|move|p1a: Ting-Lu|Stealth Rock|p2a: EARFQUAKE\n|-sidestart|p2: DrCrowbar|move: Stealth Rock\n|\n|-heal|p1a: Ting-Lu|80\/100|[from] item: Leftovers\n|upkeep\n|turn|17\n|\n|t:|1700326373\n|move|p2a: EARFQUAKE|Dragon Claw|p1a: Ting-Lu\n|-damage|p1a: Ting-Lu|55\/100\n|move|p1a: Ting-Lu|Spikes|p2a: EARFQUAKE\n|-sidestart|p2: DrCrowbar|Spikes\n|\n|-heal|p1a: Ting-Lu|61\/100|[from] item: Leftovers\n|upkeep\n|turn|18\n|\n|t:|1700326386\n|switch|p1a: Hatterene|Hatterene, F|100\/100\n|move|p2a: EARFQUAKE|Dragon Claw|p1a: Hatterene\n|-immune|p1a: Hatterene\n|\n|upkeep\n|turn|19\n|\n|t:|1700326393\n|switch|p2a: Weavillainy|Weavile, M|100\/100\n|-ability|p2a: Weavillainy|Pressure\n|move|p1a: Hatterene|Calm Mind|p1a: Hatterene\n|-boost|p1a: Hatterene|spa|1\n|-boost|p1a: Hatterene|spd|1\n|\n|upkeep\n|turn|20\n|\n|t:|1700326406\n|move|p2a: Weavillainy|Knock Off|p1a: Hatterene\n|-damage|p1a: Hatterene|64\/100\n|-enditem|p1a: Hatterene|Leftovers|[from] move: Knock Off|[of] p2a: Weavillainy\n|move|p1a: Hatterene|Draining Kiss|p2a: Weavillainy\n|-supereffective|p2a: Weavillainy\n|-damage|p2a: Weavillainy|10\/100\n|-heal|p1a: Hatterene|100\/100|[from] drain|[of] p2a: Weavillainy\n|\n|upkeep\n|turn|21\n|\n|t:|1700326415\n|move|p2a: Weavillainy|Taunt|p1a: Hatterene\n|move|p1a: Hatterene|Taunt|p2a: Weavillainy|[from]ability: Magic Bounce\n|-start|p2a: Weavillainy|move: Taunt\n|move|p1a: Hatterene|Draining Kiss|p2a: Weavillainy\n|-supereffective|p2a: Weavillainy\n|-damage|p2a: Weavillainy|0 fnt\n|faint|p2a: Weavillainy\n|\n|upkeep\n|\n|t:|1700326426\n|switch|p2a: EARFQUAKE|Garchomp, F|100\/100\n|-damage|p2a: EARFQUAKE|94\/100|[from] Stealth Rock\n|-damage|p2a: EARFQUAKE|82\/100|[from] Spikes\n|turn|22\n|\n|t:|1700326432\n|move|p2a: EARFQUAKE|Shadow Claw|p1a: Hatterene\n|-supereffective|p1a: Hatterene\n|-damage|p1a: Hatterene|39\/100\n|move|p1a: Hatterene|Draining Kiss|p2a: EARFQUAKE\n|-supereffective|p2a: EARFQUAKE\n|-damage|p2a: EARFQUAKE|14\/100\n|-heal|p1a: Hatterene|96\/100|[from] drain|[of] p2a: EARFQUAKE\n|-damage|p1a: Hatterene|84\/100|[from] ability: Rough Skin|[of] p2a: EARFQUAKE\n|\n|upkeep\n|turn|23\n|\n|t:|1700326447\n|move|p2a: EARFQUAKE|Shadow Claw|p1a: Hatterene\n|-supereffective|p1a: Hatterene\n|-damage|p1a: Hatterene|27\/100\n|move|p1a: Hatterene|Draining Kiss|p2a: EARFQUAKE\n|-supereffective|p2a: EARFQUAKE\n|-damage|p2a: EARFQUAKE|0 fnt\n|-heal|p1a: Hatterene|39\/100|[from] drain|[of] p2a: EARFQUAKE\n|-damage|p1a: Hatterene|26\/100|[from] ability: Rough Skin|[of] p2a: EARFQUAKE\n|faint|p2a: EARFQUAKE\n|\n|upkeep\n|\n|t:|1700326460\n|switch|p2a: teapac|Sinistcha, tera:Poison|100\/100\n|-damage|p2a: teapac|88\/100|[from] Stealth Rock\n|-damage|p2a: teapac|76\/100|[from] Spikes\n|turn|24\n|\n|t:|1700326472\n|move|p2a: teapac|Matcha Gotcha|p1a: Hatterene\n|-damage|p1a: Hatterene|0 fnt\n|-heal|p2a: teapac|87\/100|[from] drain|[of] p1a: Hatterene\n|faint|p1a: Hatterene\n|\n|-heal|p2a: teapac|94\/100|[from] item: Leftovers\n|upkeep\n|\n|t:|1700326527\n|switch|p1a: Ting-Lu|Ting-Lu|61\/100\n|-ability|p1a: Ting-Lu|Vessel of Ruin\n|turn|25\n|\n|t:|1700326533\n|move|p2a: teapac|Protect|p2a: teapac\n|-singleturn|p2a: teapac|Protect\n|move|p1a: Ting-Lu|Earthquake|p2a: teapac\n|-activate|p2a: teapac|move: Protect\n|\n|-heal|p2a: teapac|99\/100|[from] item: Leftovers\n|-heal|p1a: Ting-Lu|67\/100|[from] item: Leftovers\n|upkeep\n|turn|26\n|\n|t:|1700326543\n|move|p2a: teapac|Calm Mind|p2a: teapac\n|-boost|p2a: teapac|spa|1\n|-boost|p2a: teapac|spd|1\n|move|p1a: Ting-Lu|Earthquake|p2a: teapac\n|-supereffective|p2a: teapac\n|-damage|p2a: teapac|26\/100\n|\n|-heal|p2a: teapac|32\/100|[from] item: Leftovers\n|-heal|p1a: Ting-Lu|73\/100|[from] item: Leftovers\n|upkeep\n|turn|27\n|\n|t:|1700326554\n|move|p2a: teapac|Strength Sap|p1a: Ting-Lu\n|-unboost|p1a: Ting-Lu|atk|1\n|-heal|p2a: teapac|100\/100\n|move|p1a: Ting-Lu|Earthquake|p2a: teapac\n|-supereffective|p2a: teapac\n|-damage|p2a: teapac|52\/100\n|\n|-heal|p2a: teapac|58\/100|[from] item: Leftovers\n|-heal|p1a: Ting-Lu|80\/100|[from] item: Leftovers\n|upkeep\n|turn|28\n|\n|t:|1700326566\n|move|p2a: teapac|Strength Sap|p1a: Ting-Lu\n|-unboost|p1a: Ting-Lu|atk|1\n|-heal|p2a: teapac|100\/100\n|move|p1a: Ting-Lu|Whirlwind|p2a: teapac\n|drag|p2a: glowjob|Manaphy|100\/100\n|-damage|p2a: glowjob|88\/100|[from] Stealth Rock\n|-damage|p2a: glowjob|76\/100|[from] Spikes\n|\n|-heal|p2a: glowjob|82\/100|[from] item: Leftovers\n|-heal|p1a: Ting-Lu|86\/100|[from] item: Leftovers\n|upkeep\n|turn|29\n|\n|t:|1700326583\n|switch|p1a: Ninetales|Ninetales-Alola, M|100\/100\n|-weather|Snow|[from] ability: Snow Warning|[of] p1a: Ninetales\n|move|p2a: glowjob|Scald|p1a: Ninetales\n|-damage|p1a: Ninetales|59\/100\n|-status|p1a: Ninetales|brn\n|\n|-weather|Snow|[upkeep]\n|-heal|p2a: glowjob|88\/100|[from] item: Leftovers\n|-damage|p1a: Ninetales|53\/100 brn|[from] brn\n|upkeep\n|turn|30\n|\n|t:|1700326594\n|move|p1a: Ninetales|Nasty Plot|p1a: Ninetales\n|-boost|p1a: Ninetales|spa|2\n|move|p2a: glowjob|Tail Glow|p2a: glowjob\n|-boost|p2a: glowjob|spa|3\n|\n|-weather|Snow|[upkeep]\n|-heal|p2a: glowjob|94\/100|[from] item: Leftovers\n|-damage|p1a: Ninetales|48\/100 brn|[from] brn\n|upkeep\n|turn|31\n|\n|t:|1700326604\n|move|p1a: Ninetales|Freeze-Dry|p2a: glowjob\n|-supereffective|p2a: glowjob\n|-damage|p2a: glowjob|0 fnt\n|faint|p2a: glowjob\n|\n|-weather|Snow|[upkeep]\n|-damage|p1a: Ninetales|42\/100 brn|[from] brn\n|upkeep\n|\n|t:|1700326610\n|switch|p2a: bleach 2|Ceruledge, M|100\/100\n|-damage|p2a: bleach 2|76\/100|[from] Stealth Rock\n|-damage|p2a: bleach 2|63\/100|[from] Spikes\n|turn|32\n|\n|t:|1700326622\n|switch|p1a: Ting-Lu|Ting-Lu|86\/100\n|-ability|p1a: Ting-Lu|Vessel of Ruin\n|move|p2a: bleach 2|Bitter Blade|p1a: Ting-Lu\n|-damage|p1a: Ting-Lu|69\/100\n|-heal|p2a: bleach 2|78\/100|[from] drain|[of] p1a: Ting-Lu\n|\n|-weather|Snow|[upkeep]\n|-heal|p1a: Ting-Lu|75\/100|[from] item: Leftovers\n|upkeep\n|turn|33\n|\n|t:|1700326632\n|move|p2a: bleach 2|Close Combat|p1a: Ting-Lu\n|-supereffective|p1a: Ting-Lu\n|-damage|p1a: Ting-Lu|44\/100\n|-unboost|p2a: bleach 2|def|1\n|-unboost|p2a: bleach 2|spd|1\n|-enditem|p2a: bleach 2|White Herb\n|-clearnegativeboost|p2a: bleach 2|[silent]\n|move|p1a: Ting-Lu|Earthquake|p2a: bleach 2\n|-supereffective|p2a: bleach 2\n|-damage|p2a: bleach 2|0 fnt\n|faint|p2a: bleach 2\n|\n|-weather|none\n|-heal|p1a: Ting-Lu|50\/100|[from] item: Leftovers\n|upkeep\n|\n|t:|1700326644\n|switch|p2a: teapac|Sinistcha, tera:Poison|100\/100\n|-damage|p2a: teapac|88\/100|[from] Stealth Rock\n|-damage|p2a: teapac|76\/100|[from] Spikes\n|turn|34\n|\n|t:|1700326666\n|move|p2a: teapac|Strength Sap|p1a: Ting-Lu\n|-unboost|p1a: Ting-Lu|atk|1\n|-heal|p2a: teapac|100\/100\n|move|p1a: Ting-Lu|Earthquake|p2a: teapac\n|-supereffective|p2a: teapac\n|-damage|p2a: teapac|50\/100\n|\n|-heal|p2a: teapac|56\/100|[from] item: Leftovers\n|-heal|p1a: Ting-Lu|57\/100|[from] item: Leftovers\n|upkeep\n|turn|35\n|\n|t:|1700326679\n|switch|p1a: Walking Wake|Walking Wake, tera:Water|100\/100\n|move|p2a: teapac|Strength Sap|p1a: Walking Wake\n|-unboost|p1a: Walking Wake|atk|1\n|-heal|p2a: teapac|100\/100\n|\n|upkeep\n|turn|36\n|\n|t:|1700326688\n|move|p1a: Walking Wake|Draco Meteor|p2a: teapac\n|-damage|p2a: teapac|25\/100\n|-unboost|p1a: Walking Wake|spa|2\n|move|p2a: teapac|Calm Mind|p2a: teapac\n|-boost|p2a: teapac|spa|1\n|-boost|p2a: teapac|spd|1\n|\n|-heal|p2a: teapac|31\/100|[from] item: Leftovers\n|upkeep\n|turn|37\n|\n|t:|1700326697\n|move|p2a: teapac|Protect|p2a: teapac\n|-singleturn|p2a: teapac|Protect\n|move|p1a: Walking Wake|Draco Meteor|p2a: teapac\n|-activate|p2a: teapac|move: Protect\n|\n|-heal|p2a: teapac|37\/100|[from] item: Leftovers\n|upkeep\n|turn|38\n|\n|t:|1700326708\n|move|p1a: Walking Wake|Draco Meteor|p2a: teapac\n|-damage|p2a: teapac|11\/100\n|-unboost|p1a: Walking Wake|spa|2\n|move|p2a: teapac|Matcha Gotcha|p1a: Walking Wake\n|-supereffective|p1a: Walking Wake\n|-damage|p1a: Walking Wake|0 fnt\n|-heal|p2a: teapac|61\/100|[from] drain|[of] p1a: Walking Wake\n|faint|p1a: Walking Wake\n|-end|p1a: Walking Wake|Protosynthesis|[silent]\n|\n|-heal|p2a: teapac|67\/100|[from] item: Leftovers\n|upkeep\n|\n|t:|1700326725\n|switch|p1a: Ting-Lu|Ting-Lu|57\/100\n|-ability|p1a: Ting-Lu|Vessel of Ruin\n|turn|39\n|\n|t:|1700326730\n|move|p2a: teapac|Protect|p2a: teapac\n|-singleturn|p2a: teapac|Protect\n|move|p1a: Ting-Lu|Earthquake|p2a: teapac\n|-activate|p2a: teapac|move: Protect\n|\n|-heal|p2a: teapac|73\/100|[from] item: Leftovers\n|-heal|p1a: Ting-Lu|63\/100|[from] item: Leftovers\n|upkeep\n|turn|40\n|j| THEAsianFaLiUrE\n|\n|t:|1700326741\n|move|p2a: teapac|Strength Sap|p1a: Ting-Lu\n|-unboost|p1a: Ting-Lu|atk|1\n|-heal|p2a: teapac|100\/100\n|move|p1a: Ting-Lu|Earthquake|p2a: teapac\n|-supereffective|p2a: teapac\n|-damage|p2a: teapac|57\/100\n|\n|-heal|p2a: teapac|63\/100|[from] item: Leftovers\n|-heal|p1a: Ting-Lu|69\/100|[from] item: Leftovers\n|upkeep\n|turn|41\n|\n|t:|1700326750\n|move|p2a: teapac|Calm Mind|p2a: teapac\n|-boost|p2a: teapac|spa|1\n|-boost|p2a: teapac|spd|1\n|move|p1a: Ting-Lu|Earthquake|p2a: teapac\n|-supereffective|p2a: teapac\n|-damage|p2a: teapac|14\/100\n|\n|-heal|p2a: teapac|20\/100|[from] item: Leftovers\n|-heal|p1a: Ting-Lu|75\/100|[from] item: Leftovers\n|upkeep\n|turn|42\n|\n|t:|1700326764\n|switch|p1a: Ninetales|Ninetales-Alola, M|42\/100 brn\n|-weather|Snow|[from] ability: Snow Warning|[of] p1a: Ninetales\n|move|p2a: teapac|Strength Sap|p1a: Ninetales\n|-unboost|p1a: Ninetales|atk|1\n|-heal|p2a: teapac|56\/100\n|\n|-weather|Snow|[upkeep]\n|-heal|p2a: teapac|62\/100|[from] item: Leftovers\n|-damage|p1a: Ninetales|36\/100 brn|[from] brn\n|upkeep\n|turn|43\n|\n|t:|1700326778\n|move|p2a: teapac|Protect|p2a: teapac\n|-singleturn|p2a: teapac|Protect\n|move|p1a: Ninetales|Nasty Plot|p1a: Ninetales\n|-boost|p1a: Ninetales|spa|2\n|\n|-weather|Snow|[upkeep]\n|-heal|p2a: teapac|68\/100|[from] item: Leftovers\n|-damage|p1a: Ninetales|30\/100 brn|[from] brn\n|upkeep\n|turn|44\n|\n|t:|1700326793\n|move|p1a: Ninetales|Freeze-Dry|p2a: teapac\n|-damage|p2a: teapac|37\/100\n|move|p2a: teapac|Matcha Gotcha|p1a: Ninetales\n|-damage|p1a: Ninetales|0 fnt\n|-heal|p2a: teapac|49\/100|[from] drain|[of] p1a: Ninetales\n|faint|p1a: Ninetales\n|\n|-weather|Snow|[upkeep]\n|-heal|p2a: teapac|55\/100|[from] item: Leftovers\n|upkeep\n|\n|t:|1700326808\n|switch|p1a: Cinderace|Cinderace, F|100\/100\n|turn|45\n|\n|t:|1700326813\n|move|p2a: teapac|Protect|p2a: teapac\n|-singleturn|p2a: teapac|Protect\n|move|p1a: Cinderace|Pyro Ball|p2a: teapac\n|-activate|p2a: teapac|move: Protect\n|\n|-weather|Snow|[upkeep]\n|-heal|p2a: teapac|61\/100|[from] item: Leftovers\n|upkeep\n|turn|46\n|\n|t:|1700326824\n|move|p1a: Cinderace|Pyro Ball|p2a: teapac\n|-damage|p2a: teapac|33\/100\n|move|p2a: teapac|Strength Sap|p1a: Cinderace\n|-unboost|p1a: Cinderace|atk|1\n|-heal|p2a: teapac|100\/100\n|\n|-weather|none\n|upkeep\n|turn|47\n|\n|t:|1700326837\n|move|p1a: Cinderace|Pyro Ball|p2a: teapac\n|-damage|p2a: teapac|84\/100\n|-status|p2a: teapac|brn\n|move|p2a: teapac|Calm Mind|p2a: teapac\n|-boost|p2a: teapac|spa|1\n|-boost|p2a: teapac|spd|1\n|\n|-heal|p2a: teapac|90\/100 brn|[from] item: Leftovers\n|-damage|p2a: teapac|87\/100 brn|[from] brn\n|upkeep\n|turn|48\n|\n|t:|1700326847\n|move|p1a: Cinderace|Pyro Ball|p2a: teapac\n|-damage|p2a: teapac|68\/100 brn\n|move|p2a: teapac|Calm Mind|p2a: teapac\n|-boost|p2a: teapac|spa|1\n|-boost|p2a: teapac|spd|1\n|\n|-heal|p2a: teapac|74\/100 brn|[from] item: Leftovers\n|-damage|p2a: teapac|71\/100 brn|[from] brn\n|upkeep\n|turn|49\n|\n|t:|1700326856\n|move|p1a: Cinderace|Pyro Ball|p2a: teapac\n|-damage|p2a: teapac|54\/100 brn\n|move|p2a: teapac|Matcha Gotcha|p1a: Cinderace\n|-resisted|p1a: Cinderace\n|-damage|p1a: Cinderace|15\/100\n|-heal|p2a: teapac|91\/100 brn|[from] drain|[of] p1a: Cinderace\n|\n|-heal|p2a: teapac|97\/100 brn|[from] item: Leftovers\n|-damage|p2a: teapac|94\/100 brn|[from] brn\n|upkeep\n|turn|50\n|\n|t:|1700326869\n|move|p1a: Cinderace|Pyro Ball|p2a: teapac\n|-damage|p2a: teapac|76\/100 brn\n|move|p2a: teapac|Matcha Gotcha|p1a: Cinderace\n|-resisted|p1a: Cinderace\n|-damage|p1a: Cinderace|0 fnt\n|-heal|p2a: teapac|83\/100 brn|[from] drain|[of] p1a: Cinderace\n|faint|p1a: Cinderace\n|\n|-heal|p2a: teapac|89\/100 brn|[from] item: Leftovers\n|-damage|p2a: teapac|86\/100 brn|[from] brn\n|upkeep\n|\n|t:|1700326881\n|switch|p1a: Ting-Lu|Ting-Lu|75\/100\n|-ability|p1a: Ting-Lu|Vessel of Ruin\n|turn|51\n|\n|t:|1700326887\n|move|p2a: teapac|Strength Sap|p1a: Ting-Lu\n|-unboost|p1a: Ting-Lu|atk|1\n|-heal|p2a: teapac|100\/100 brn\n|move|p1a: Ting-Lu|Earthquake|p2a: teapac\n|-supereffective|p2a: teapac\n|-damage|p2a: teapac|57\/100 brn\n|\n|-heal|p2a: teapac|63\/100 brn|[from] item: Leftovers\n|-heal|p1a: Ting-Lu|81\/100|[from] item: Leftovers\n|-damage|p2a: teapac|60\/100 brn|[from] brn\n|upkeep\n|turn|52\n|\n|t:|1700326898\n|move|p2a: teapac|Matcha Gotcha|p1a: Ting-Lu\n|-supereffective|p1a: Ting-Lu\n|-damage|p1a: Ting-Lu|0 fnt\n|-heal|p2a: teapac|100\/100 brn|[from] drain|[of] p1a: Ting-Lu\n|faint|p1a: Ting-Lu\n|\n|win|DrCrowbar\n|raw|09spring's rating: 1175 &rarr; <strong>1147<\/strong><br \/>(-28 for losing)\n|raw|DrCrowbar's rating: 1127 &rarr; <strong>1155<\/strong><br \/>(+28 for winning)\n|l|\u260609spring\n","uploadtime":1700326912,"views":16,"p1id":"09spring","p2id":"drcrowbar","formatid":"gen9ou","rating":1147,"private":0,"password":""}