{"id":"gen9ou-1989770831","p1":"TheDocO","p2":"lesbiancleric","format":"[Gen 9] OU","log":"|j|\u2606TheDocO\n|j|\u2606lesbiancleric\n|t:|1699894307\n|gametype|singles\n|player|p1|TheDocO|benga|1241\n|player|p2|lesbiancleric|101|1174\n|teamsize|p1|6\n|teamsize|p2|6\n|gen|9\n|tier|[Gen 9] OU\n|rated|\n|rule|Sleep Clause Mod: Limit one foe put to sleep\n|rule|Species Clause: Limit one of each Pok\u00e9mon\n|rule|OHKO Clause: OHKO moves are banned\n|rule|Evasion Items Clause: Evasion items are banned\n|rule|Evasion Moves Clause: Evasion moves are banned\n|rule|Endless Battle Clause: Forcing endless battles is banned\n|rule|HP Percentage Mod: HP is shown in percentages\n|clearpoke\n|poke|p1|Kingambit, M|\n|poke|p1|Kommo-o, M|\n|poke|p1|Sinistcha|\n|poke|p1|Braviary-Hisui, M|\n|poke|p1|Mamoswine, M|\n|poke|p1|Armarouge, M|\n|poke|p2|Great Tusk|\n|poke|p2|Greninja-*, F|\n|poke|p2|Toxapex, F|\n|poke|p2|Kommo-o, F|\n|poke|p2|Mandibuzz, F|\n|poke|p2|Tinkaton, F|\n|teampreview\n|\n|t:|1699894313\n|start\n|switch|p1a: Mamoswine|Mamoswine, M|100\/100\n|switch|p2a: Tinkaton|Tinkaton, F|100\/100\n|-ability|p2a: Tinkaton|Mold Breaker\n|turn|1\n|c|\u2606TheDocO|test\n|c|\u2606lesbiancleric|test?\n|c|\u2606TheDocO|pls beat me\n|c|\u2606lesbiancleric|i will try\n|\n|t:|1699894326\n|move|p2a: Tinkaton|Stealth Rock|p1a: Mamoswine\n|-sidestart|p1: TheDocO|move: Stealth Rock\n|move|p1a: Mamoswine|Stealth Rock|p2a: Tinkaton\n|-sidestart|p2: lesbiancleric|move: Stealth Rock\n|\n|upkeep\n|turn|2\n|\n|t:|1699894331\n|move|p2a: Tinkaton|Knock Off|p1a: Mamoswine\n|-damage|p1a: Mamoswine|79\/100\n|-enditem|p1a: Mamoswine|Life Orb|[from] move: Knock Off|[of] p2a: Tinkaton\n|move|p1a: Mamoswine|Earthquake|p2a: Tinkaton\n|-supereffective|p2a: Tinkaton\n|-damage|p2a: Tinkaton|0 fnt\n|faint|p2a: Tinkaton\n|\n|upkeep\n|\n|t:|1699894339\n|switch|p2a: Greninja|Greninja, F, shiny|100\/100\n|turn|3\n|\n|t:|1699894344\n|move|p2a: Greninja|U-turn|p1a: Mamoswine\n|-start|p2a: Greninja|typechange|Bug|[from] ability: Protean\n|-damage|p1a: Mamoswine|41\/100\n|\n|t:|1699894347\n|switch|p2a: Great Tusk|Great Tusk|100\/100|[from] U-turn\n|-damage|p2a: Great Tusk|98\/100|[from] Stealth Rock\n|move|p1a: Mamoswine|Earthquake|p2a: Great Tusk\n|-damage|p2a: Great Tusk|60\/100\n|\n|upkeep\n|turn|4\n|\n|t:|1699894354\n|move|p1a: Mamoswine|Ice Shard|p2a: Great Tusk\n|-supereffective|p2a: Great Tusk\n|-damage|p2a: Great Tusk|31\/100\n|move|p2a: Great Tusk|Rapid Spin|p1a: Mamoswine\n|-damage|p1a: Mamoswine|20\/100\n|-boost|p2a: Great Tusk|spe|1\n|-sideend|p2: lesbiancleric|Stealth Rock|[from] move: Rapid Spin|[of] p2a: Great Tusk\n|\n|upkeep\n|turn|5\n|\n|t:|1699894363\n|move|p1a: Mamoswine|Ice Shard|p2a: Great Tusk\n|-supereffective|p2a: Great Tusk\n|-damage|p2a: Great Tusk|2\/100\n|move|p2a: Great Tusk|Rapid Spin|p1a: Mamoswine\n|-damage|p1a: Mamoswine|1\/100\n|-boost|p2a: Great Tusk|spe|1\n|\n|upkeep\n|turn|6\n|\n|t:|1699894369\n|move|p1a: Mamoswine|Ice Shard|p2a: Great Tusk\n|-supereffective|p2a: Great Tusk\n|-damage|p2a: Great Tusk|0 fnt\n|faint|p2a: Great Tusk\n|-end|p2a: Great Tusk|Protosynthesis|[silent]\n|\n|upkeep\n|\n|t:|1699894372\n|switch|p2a: Mandibuzz|Mandibuzz, F|100\/100\n|turn|7\n|\n|t:|1699894380\n|move|p1a: Mamoswine|Icicle Crash|p2a: Mandibuzz\n|-supereffective|p2a: Mandibuzz\n|-damage|p2a: Mandibuzz|34\/100\n|-ability|p2a: Mandibuzz|Weak Armor|boost\n|-unboost|p2a: Mandibuzz|def|1\n|-boost|p2a: Mandibuzz|spe|2\n|move|p2a: Mandibuzz|Iron Defense|p2a: Mandibuzz\n|-boost|p2a: Mandibuzz|def|2\n|\n|-heal|p2a: Mandibuzz|40\/100|[from] item: Leftovers\n|upkeep\n|turn|8\n|\n|t:|1699894390\n|move|p1a: Mamoswine|Ice Shard|p2a: Mandibuzz\n|-supereffective|p2a: Mandibuzz\n|-crit|p2a: Mandibuzz\n|-damage|p2a: Mandibuzz|0 fnt\n|faint|p2a: Mandibuzz\n|\n|upkeep\n|\n|t:|1699894393\n|switch|p2a: Kommo-o|Kommo-o, F|100\/100\n|turn|9\n|\n|t:|1699894401\n|-terastallize|p2a: Kommo-o|Fire\n|move|p1a: Mamoswine|Ice Shard|p2a: Kommo-o\n|-resisted|p2a: Kommo-o\n|-damage|p2a: Kommo-o|90\/100\n|move|p2a: Kommo-o|Flamethrower|p1a: Mamoswine\n|-supereffective|p1a: Mamoswine\n|-damage|p1a: Mamoswine|0 fnt\n|faint|p1a: Mamoswine\n|\n|-heal|p2a: Kommo-o|96\/100|[from] item: Leftovers\n|upkeep\n|c|\u2606TheDocO|My team is yours i gave it away i will send you a message\n|\n|t:|1699894430\n|switch|p1a: Kommo-o|Kommo-o, M|100\/100\n|-damage|p1a: Kommo-o|94\/100|[from] Stealth Rock\n|turn|10\n|\n|t:|1699894443\n|move|p2a: Kommo-o|Clangorous Soul|p2a: Kommo-o\n|-boost|p2a: Kommo-o|atk|1\n|-boost|p2a: Kommo-o|def|1\n|-boost|p2a: Kommo-o|spa|1\n|-boost|p2a: Kommo-o|spd|1\n|-boost|p2a: Kommo-o|spe|1\n|-damage|p2a: Kommo-o|63\/100\n|move|p1a: Kommo-o|Clanging Scales|p2a: Kommo-o\n|-damage|p2a: Kommo-o|22\/100\n|-unboost|p1a: Kommo-o|def|1\n|-enditem|p1a: Kommo-o|Throat Spray\n|-boost|p1a: Kommo-o|spa|1|[from] item: Throat Spray\n|\n|-heal|p2a: Kommo-o|28\/100|[from] item: Leftovers\n|upkeep\n|turn|11\n|\n|t:|1699894457\n|move|p2a: Kommo-o|Clanging Scales|p1a: Kommo-o\n|-immune|p1a: Kommo-o|[from] ability: Soundproof\n|move|p1a: Kommo-o|Clanging Scales|p2a: Kommo-o\n|-damage|p2a: Kommo-o|0 fnt\n|faint|p2a: Kommo-o\n|-unboost|p1a: Kommo-o|def|1\n|\n|upkeep\n|\n|t:|1699894463\n|switch|p2a: Greninja|Greninja, F, shiny|100\/100\n|turn|12\n|\n|t:|1699894469\n|move|p2a: Greninja|Ice Punch|p1a: Kommo-o\n|-start|p2a: Greninja|typechange|Ice|[from] ability: Protean\n|-supereffective|p1a: Kommo-o\n|-damage|p1a: Kommo-o|0 fnt\n|faint|p1a: Kommo-o\n|\n|upkeep\n|\n|t:|1699894491\n|switch|p1a: Kingambit|Kingambit, M, shiny|100\/100\n|-activate|p1a: Kingambit|ability: Supreme Overlord\n|-start|p1a: Kingambit|fallen2|[silent]\n|turn|13\n|\n|t:|1699894508\n|switch|p2a: Toxapex|Toxapex, F, shiny|100\/100\n|-end|p1a: Kingambit|fallen2|[silent]\n|switch|p1a: Sinistcha|Sinistcha|100\/100\n|-damage|p1a: Sinistcha|88\/100|[from] Stealth Rock\n|\n|upkeep\n|turn|14\n|\n|t:|1699894520\n|move|p1a: Sinistcha|Matcha Gotcha|p2a: Toxapex\n|-damage|p2a: Toxapex|73\/100\n|-heal|p1a: Sinistcha|98\/100|[from] drain|[of] p2a: Toxapex\n|move|p2a: Toxapex|Toxic|p1a: Sinistcha\n|-status|p1a: Sinistcha|tox\n|\n|-heal|p2a: Toxapex|79\/100|[from] item: Leftovers\n|-damage|p1a: Sinistcha|92\/100 tox|[from] psn\n|upkeep\n|turn|15\n|\n|t:|1699894537\n|move|p2a: Toxapex|Baneful Bunker|p2a: Toxapex\n|-singleturn|p2a: Toxapex|move: Protect\n|move|p1a: Sinistcha|Matcha Gotcha|p2a: Toxapex\n|-activate|p2a: Toxapex|move: Protect\n|\n|-heal|p2a: Toxapex|85\/100|[from] item: Leftovers\n|-damage|p1a: Sinistcha|80\/100 tox|[from] psn\n|upkeep\n|turn|16\n|\n|t:|1699894545\n|move|p1a: Sinistcha|Matcha Gotcha|p2a: Toxapex\n|-damage|p2a: Toxapex|56\/100\n|-heal|p1a: Sinistcha|91\/100 tox|[from] drain|[of] p2a: Toxapex\n|move|p2a: Toxapex|Recover|p2a: Toxapex\n|-heal|p2a: Toxapex|100\/100\n|\n|-damage|p1a: Sinistcha|73\/100 tox|[from] psn\n|upkeep\n|turn|17\n|\n|t:|1699894556\n|move|p2a: Toxapex|Baneful Bunker|p2a: Toxapex\n|-singleturn|p2a: Toxapex|move: Protect\n|move|p1a: Sinistcha|Strength Sap|p2a: Toxapex\n|-activate|p2a: Toxapex|move: Protect\n|\n|-damage|p1a: Sinistcha|49\/100 tox|[from] psn\n|upkeep\n|turn|18\n|\n|t:|1699894567\n|switch|p1a: Armarouge|Armarouge, M|100\/100\n|-damage|p1a: Armarouge|76\/100|[from] Stealth Rock\n|move|p2a: Toxapex|Haze|p2a: Toxapex\n|-clearallboost\n|\n|upkeep\n|turn|19\n|\n|t:|1699894584\n|move|p1a: Armarouge|Psyshock|p2a: Toxapex\n|-supereffective|p2a: Toxapex\n|-damage|p2a: Toxapex|36\/100\n|move|p2a: Toxapex|Toxic|p1a: Armarouge\n|-status|p1a: Armarouge|tox\n|\n|-heal|p2a: Toxapex|42\/100|[from] item: Leftovers\n|-damage|p1a: Armarouge|69\/100 tox|[from] psn\n|upkeep\n|turn|20\n|\n|t:|1699894592\n|move|p2a: Toxapex|Baneful Bunker|p2a: Toxapex\n|-singleturn|p2a: Toxapex|move: Protect\n|move|p1a: Armarouge|Psyshock|p2a: Toxapex\n|-activate|p2a: Toxapex|move: Protect\n|\n|-heal|p2a: Toxapex|48\/100|[from] item: Leftovers\n|-damage|p1a: Armarouge|57\/100 tox|[from] psn\n|upkeep\n|turn|21\n|\n|t:|1699894600\n|move|p1a: Armarouge|Psyshock|p2a: Toxapex\n|-supereffective|p2a: Toxapex\n|-damage|p2a: Toxapex|0 fnt\n|faint|p2a: Toxapex\n|\n|-damage|p1a: Armarouge|39\/100 tox|[from] psn\n|upkeep\n|\n|t:|1699894602\n|switch|p2a: Greninja|Greninja, F, shiny|100\/100\n|turn|22\n|\n|t:|1699894615\n|move|p2a: Greninja|Liquidation|p1a: Armarouge\n|-start|p2a: Greninja|typechange|Water|[from] ability: Protean\n|-supereffective|p1a: Armarouge\n|-damage|p1a: Armarouge|0 fnt\n|faint|p1a: Armarouge\n|\n|upkeep\n|\n|t:|1699894621\n|switch|p1a: Sinistcha|Sinistcha|49\/100 tox\n|-damage|p1a: Sinistcha|36\/100 tox|[from] Stealth Rock\n|turn|23\n|\n|t:|1699894626\n|move|p2a: Greninja|Ice Punch|p1a: Sinistcha\n|-supereffective|p1a: Sinistcha\n|-damage|p1a: Sinistcha|0 fnt\n|faint|p1a: Sinistcha\n|\n|upkeep\n|\n|t:|1699894630\n|switch|p1a: Braviary|Braviary-Hisui, M|100\/100\n|turn|24\n|\n|t:|1699894643\n|move|p2a: Greninja|Ice Punch|p1a: Braviary\n|-supereffective|p1a: Braviary\n|-damage|p1a: Braviary|55\/100\n|move|p1a: Braviary|Air Slash|p2a: Greninja\n|-damage|p2a: Greninja|44\/100\n|\n|upkeep\n|turn|25\n|\n|t:|1699894650\n|move|p2a: Greninja|Ice Punch|p1a: Braviary\n|-supereffective|p1a: Braviary\n|-damage|p1a: Braviary|7\/100\n|move|p1a: Braviary|Air Slash|p2a: Greninja\n|-damage|p2a: Greninja|0 fnt\n|faint|p2a: Greninja\n|\n|win|TheDocO\n|raw|TheDocO's rating: 1241 &rarr; <strong>1261<\/strong><br \/>(+20 for winning)\n|raw|lesbiancleric's rating: 1174 &rarr; <strong>1154<\/strong><br \/>(-20 for losing)\n|c|\u2606TheDocO|gg\n|c|\u2606lesbiancleric|gg\n|c|\u2606TheDocO|you 're good nice !\n|c|\u2606TheDocO|Wanna have this team\n|c|\u2606TheDocO|?\n|c|\u2606lesbiancleric|i wasnt but thank you sob\n|c|\u2606lesbiancleric|sure i guess\n|c|\u2606TheDocO|Alright wait\n|c|\u2606TheDocO|i will Mp you but just wait\n|c|\u2606TheDocO|too much line\n|c|\u2606lesbiancleric|no worries\n|c|\u2606TheDocO|accept my friend request\n|c|\u2606lesbiancleric|accepted\n|c|\u2606TheDocO|good save the game i will mp you\n|l|\u2606TheDocO\n","uploadtime":1699894870,"views":8,"p1id":"thedoco","p2id":"lesbiancleric","formatid":"gen9ou","rating":1154,"private":0,"password":""}