{"id":"gen9ou-1991103466","p1":"Spectrality3","p2":"AlperenSengunGOAT","format":"[Gen 9] OU","log":"|j|\u2606Spectrality3\n|j|\u2606AlperenSengunGOAT\n|t:|1700043402\n|gametype|singles\n|player|p1|Spectrality3|102|1405\n|player|p2|AlperenSengunGOAT|ghetsis-gen5bw|1361\n|teamsize|p1|6\n|teamsize|p2|6\n|gen|9\n|tier|[Gen 9] OU\n|rated|\n|rule|Sleep Clause Mod: Limit one foe put to sleep\n|rule|Species Clause: Limit one of each Pok\u00e9mon\n|rule|OHKO Clause: OHKO moves are banned\n|rule|Evasion Items Clause: Evasion items are banned\n|rule|Evasion Moves Clause: Evasion moves are banned\n|rule|Endless Battle Clause: Forcing endless battles is banned\n|rule|HP Percentage Mod: HP is shown in percentages\n|clearpoke\n|poke|p1|Corviknight, M|\n|poke|p1|Blissey, F|\n|poke|p1|Slowking-Galar, M|\n|poke|p1|Garganacl, F|\n|poke|p1|Breloom, M|\n|poke|p1|Clefable, M|\n|poke|p2|Iron Jugulis|\n|poke|p2|Ogerpon-Wellspring, F|\n|poke|p2|Tinkaton, F|\n|poke|p2|Iron Moth|\n|poke|p2|Great Tusk|\n|poke|p2|Dragapult, F|\n|teampreview\n|c|\u2606AlperenSengunGOAT|oh god\n|\n|t:|1700043415\n|start\n|switch|p1a: Slowking|Slowking-Galar, M|100\/100\n|switch|p2a: Saddam Hussein|Tinkaton, F|100\/100\n|-item|p2a: Saddam Hussein|Air Balloon\n|turn|1\n|\n|t:|1700043428\n|switch|p1a: Corviknight|Corviknight, M|100\/100\n|-ability|p1a: Corviknight|Pressure\n|move|p2a: Saddam Hussein|Stealth Rock|p1a: Corviknight\n|-sidestart|p1: Spectrality3|move: Stealth Rock\n|\n|upkeep\n|turn|2\n|\n|t:|1700043434\n|move|p2a: Saddam Hussein|Thunder Wave|p1a: Corviknight\n|-status|p1a: Corviknight|par\n|move|p1a: Corviknight|Defog|p2a: Saddam Hussein\n|-unboost|p2a: Saddam Hussein|evasion|1\n|-sideend|p1: Spectrality3|Stealth Rock|[from] move: Defog|[of] p1a: Corviknight\n|\n|upkeep\n|turn|3\n|\n|t:|1700043445\n|switch|p1a: Breloom|Breloom, M|100\/100\n|move|p2a: Saddam Hussein|Encore||[still]\n|-fail|p2a: Saddam Hussein\n|\n|upkeep\n|turn|4\n|\n|t:|1700043449\n|move|p2a: Saddam Hussein|Thunder Wave|p1a: Breloom|[miss]\n|-miss|p2a: Saddam Hussein|p1a: Breloom\n|move|p1a: Breloom|Spore|p2a: Saddam Hussein\n|-status|p2a: Saddam Hussein|slp|[from] move: Spore\n|\n|upkeep\n|turn|5\n|c|\u2606AlperenSengunGOAT|this game is gonna be horrible\n|inactive|Battle timer is ON: inactive players will automatically lose when time's up. (requested by AlperenSengunGOAT)\n|\n|t:|1700043475\n|cant|p2a: Saddam Hussein|slp\n|move|p1a: Breloom|Bullet Seed|p2a: Saddam Hussein\n|-resisted|p2a: Saddam Hussein\n|-damage|p2a: Saddam Hussein|88\/100 slp\n|-enditem|p2a: Saddam Hussein|Air Balloon\n|-resisted|p2a: Saddam Hussein\n|-damage|p2a: Saddam Hussein|77\/100 slp\n|-resisted|p2a: Saddam Hussein\n|-damage|p2a: Saddam Hussein|66\/100 slp\n|-resisted|p2a: Saddam Hussein\n|-damage|p2a: Saddam Hussein|54\/100 slp\n|-resisted|p2a: Saddam Hussein\n|-damage|p2a: Saddam Hussein|41\/100 slp\n|-hitcount|p2a: Saddam Hussein|5\n|\n|upkeep\n|turn|6\n|\n|t:|1700043483\n|cant|p2a: Saddam Hussein|slp\n|move|p1a: Breloom|Bullet Seed|p2a: Saddam Hussein\n|-resisted|p2a: Saddam Hussein\n|-damage|p2a: Saddam Hussein|30\/100 slp\n|-resisted|p2a: Saddam Hussein\n|-damage|p2a: Saddam Hussein|18\/100 slp\n|-resisted|p2a: Saddam Hussein\n|-damage|p2a: Saddam Hussein|7\/100 slp\n|-resisted|p2a: Saddam Hussein\n|-damage|p2a: Saddam Hussein|0 fnt\n|faint|p2a: Saddam Hussein\n|-hitcount|p2: Saddam Hussein|4\n|\n|upkeep\n|\n|t:|1700043489\n|switch|p2a: Ford Fiesta|Iron Moth|100\/100\n|-enditem|p2a: Ford Fiesta|Booster Energy\n|-activate|p2a: Ford Fiesta|ability: Quark Drive|[fromitem]\n|-start|p2a: Ford Fiesta|quarkdrivespe\n|turn|7\n|\n|t:|1700043500\n|switch|p1a: Garganacl|Garganacl, F|100\/100\n|move|p2a: Ford Fiesta|Fiery Dance|p1a: Garganacl\n|-resisted|p1a: Garganacl\n|-damage|p1a: Garganacl|85\/100\n|\n|-heal|p1a: Garganacl|91\/100|[from] item: Leftovers\n|upkeep\n|turn|8\n|\n|t:|1700043510\n|-end|p2a: Ford Fiesta|Quark Drive|[silent]\n|switch|p2a: Knuckle Sandwich|Great Tusk|100\/100\n|-enditem|p2a: Knuckle Sandwich|Booster Energy\n|-activate|p2a: Knuckle Sandwich|ability: Protosynthesis|[fromitem]\n|-start|p2a: Knuckle Sandwich|protosynthesisspe\n|move|p1a: Garganacl|Stealth Rock|p2a: Knuckle Sandwich\n|-sidestart|p2: AlperenSengunGOAT|move: Stealth Rock\n|\n|-heal|p1a: Garganacl|98\/100|[from] item: Leftovers\n|upkeep\n|turn|9\n|\n|t:|1700043518\n|switch|p1a: Corviknight|Corviknight, M|100\/100 par\n|-ability|p1a: Corviknight|Pressure\n|move|p2a: Knuckle Sandwich|Bulk Up|p2a: Knuckle Sandwich\n|-boost|p2a: Knuckle Sandwich|atk|1\n|-boost|p2a: Knuckle Sandwich|def|1\n|\n|upkeep\n|turn|10\n|\n|t:|1700043528\n|switch|p1a: Clefable|Clefable, M|100\/100\n|move|p2a: Knuckle Sandwich|Bulk Up|p2a: Knuckle Sandwich\n|-boost|p2a: Knuckle Sandwich|atk|1\n|-boost|p2a: Knuckle Sandwich|def|1\n|\n|upkeep\n|turn|11\n|\n|t:|1700043537\n|-terastallize|p2a: Knuckle Sandwich|Poison\n|move|p2a: Knuckle Sandwich|Bulk Up|p2a: Knuckle Sandwich\n|-boost|p2a: Knuckle Sandwich|atk|1\n|-boost|p2a: Knuckle Sandwich|def|1\n|move|p1a: Clefable|Encore|p2a: Knuckle Sandwich\n|-start|p2a: Knuckle Sandwich|Encore\n|\n|upkeep\n|turn|12\n|\n|t:|1700043545\n|move|p2a: Knuckle Sandwich|Bulk Up|p2a: Knuckle Sandwich\n|-boost|p2a: Knuckle Sandwich|atk|1\n|-boost|p2a: Knuckle Sandwich|def|1\n|move|p1a: Clefable|Knock Off|p2a: Knuckle Sandwich\n|-damage|p2a: Knuckle Sandwich|98\/100\n|\n|upkeep\n|turn|13\n|\n|t:|1700043564\n|switch|p1a: Blissey|Blissey, F|100\/100\n|move|p2a: Knuckle Sandwich|Bulk Up|p2a: Knuckle Sandwich\n|-boost|p2a: Knuckle Sandwich|atk|1\n|-boost|p2a: Knuckle Sandwich|def|1\n|\n|upkeep\n|turn|14\n|\n|t:|1700043572\n|move|p2a: Knuckle Sandwich|Bulk Up|p2a: Knuckle Sandwich\n|-boost|p2a: Knuckle Sandwich|atk|1\n|-boost|p2a: Knuckle Sandwich|def|1\n|move|p1a: Blissey|Trick|p2a: Knuckle Sandwich\n|-activate|p1a: Blissey|move: Trick|[of] p2a: Knuckle Sandwich\n|-item|p2a: Knuckle Sandwich|Choice Specs|[from] move: Trick\n|-enditem|p1a: Blissey|Choice Specs|[silent]|[from] move: Trick\n|\n|-end|p2a: Knuckle Sandwich|Encore\n|upkeep\n|turn|15\n|\n|t:|1700043586\n|-terastallize|p1a: Blissey|Ghost\n|move|p2a: Knuckle Sandwich|Ice Spinner|p1a: Blissey\n|-damage|p1a: Blissey|0 fnt\n|faint|p1a: Blissey\n|\n|upkeep\n|c|\u2606Spectrality3|Well\n|c|\u2606Spectrality3|gg\n|\n|t:|1700043604\n|switch|p1a: Corviknight|Corviknight, M|100\/100 par\n|-ability|p1a: Corviknight|Pressure\n|turn|16\n|\n|t:|1700043609\n|move|p2a: Knuckle Sandwich|Ice Spinner|p1a: Corviknight\n|-damage|p1a: Corviknight|50\/100 par\n|-damage|p2a: Knuckle Sandwich|82\/100|[from] item: Rocky Helmet|[of] p1a: Corviknight\n|move|p1a: Corviknight|U-turn|p2a: Knuckle Sandwich\n|-resisted|p2a: Knuckle Sandwich\n|-damage|p2a: Knuckle Sandwich|81\/100\n|\n|t:|1700043620\n|switch|p1a: Garganacl|Garganacl, F|98\/100|[from] U-turn\n|\n|-heal|p1a: Garganacl|100\/100|[from] item: Leftovers\n|upkeep\n|turn|17\n|c|\u2606AlperenSengunGOAT|gargy might tank still\n|\n|t:|1700043629\n|move|p2a: Knuckle Sandwich|Ice Spinner|p1a: Garganacl\n|-damage|p1a: Garganacl|53\/100\n|move|p1a: Garganacl|Salt Cure|p2a: Knuckle Sandwich\n|-damage|p2a: Knuckle Sandwich|79\/100\n|-start|p2a: Knuckle Sandwich|Salt Cure\n|\n|-heal|p1a: Garganacl|59\/100|[from] item: Leftovers\n|-damage|p2a: Knuckle Sandwich|66\/100|[from] Salt Cure\n|upkeep\n|turn|18\n|\n|t:|1700043637\n|move|p1a: Garganacl|Protect|p1a: Garganacl\n|-singleturn|p1a: Garganacl|Protect\n|move|p2a: Knuckle Sandwich|Ice Spinner|p1a: Garganacl\n|-activate|p1a: Garganacl|move: Protect\n|\n|-heal|p1a: Garganacl|65\/100|[from] item: Leftovers\n|-damage|p2a: Knuckle Sandwich|54\/100|[from] Salt Cure\n|upkeep\n|turn|19\n|c|\u2606AlperenSengunGOAT|thats insane\n|c|\u2606Spectrality3|nahhh wtf\n|\n|t:|1700043652\n|move|p2a: Knuckle Sandwich|Ice Spinner|p1a: Garganacl\n|-damage|p1a: Garganacl|15\/100\n|move|p1a: Garganacl|Recover|p1a: Garganacl\n|-heal|p1a: Garganacl|65\/100\n|\n|-heal|p1a: Garganacl|71\/100|[from] item: Leftovers\n|-damage|p2a: Knuckle Sandwich|41\/100|[from] Salt Cure\n|upkeep\n|turn|20\n|\n|t:|1700043661\n|move|p2a: Knuckle Sandwich|Ice Spinner|p1a: Garganacl\n|-crit|p1a: Garganacl\n|-damage|p1a: Garganacl|0 fnt\n|faint|p1a: Garganacl\n|\n|-damage|p2a: Knuckle Sandwich|29\/100|[from] Salt Cure\n|upkeep\n|c|\u2606Spectrality3|aw\n|c|\u2606AlperenSengunGOAT|oof\n|\n|t:|1700043669\n|switch|p1a: Clefable|Clefable, M|100\/100\n|turn|21\n|\n|t:|1700043673\n|switch|p1a: Corviknight|Corviknight, M|50\/100 par\n|-ability|p1a: Corviknight|Pressure\n|move|p2a: Knuckle Sandwich|Ice Spinner|p1a: Corviknight\n|-damage|p1a: Corviknight|0 fnt\n|-damage|p2a: Knuckle Sandwich|12\/100|[from] item: Rocky Helmet|[of] p1a: Corviknight\n|faint|p1a: Corviknight\n|\n|-damage|p2a: Knuckle Sandwich|0 fnt|[from] Salt Cure\n|faint|p2a: Knuckle Sandwich\n|-end|p2a: Knuckle Sandwich|Protosynthesis|[silent]\n|upkeep\n|\n|t:|1700043700\n|switch|p2a: Obamna|Ogerpon-Wellspring, F|100\/100\n|switch|p1a: Slowking|Slowking-Galar, M|100\/100\n|-damage|p2a: Obamna|88\/100|[from] Stealth Rock\n|turn|22\n|\n|t:|1700043707\n|move|p2a: Obamna|Ivy Cudgel|p1a: Slowking|[anim] Ivy Cudgel Water\n|-damage|p1a: Slowking|39\/100\n|move|p1a: Slowking|Sludge Bomb|p2a: Obamna\n|-supereffective|p2a: Obamna\n|-damage|p2a: Obamna|12\/100\n|\n|upkeep\n|turn|23\n|\n|t:|1700043714\n|switch|p1a: Breloom|Breloom, M|100\/100\n|move|p2a: Obamna|Ivy Cudgel|p1a: Breloom|[anim] Ivy Cudgel Water\n|-resisted|p1a: Breloom\n|-damage|p1a: Breloom|51\/100\n|\n|upkeep\n|turn|24\n|\n|t:|1700043723\n|move|p1a: Breloom|Mach Punch|p2a: Obamna\n|-damage|p2a: Obamna|0 fnt\n|faint|p2a: Obamna\n|\n|upkeep\n|inactive|AlperenSengunGOAT has 120 seconds left.\n|\n|t:|1700043754\n|switch|p2a: Ford Fiesta|Iron Moth|100\/100\n|-damage|p2a: Ford Fiesta|76\/100|[from] Stealth Rock\n|turn|25\n|\n|t:|1700043761\n|switch|p1a: Slowking|Slowking-Galar, M|73\/100\n|move|p2a: Ford Fiesta|Fiery Dance|p1a: Slowking\n|-damage|p1a: Slowking|50\/100\n|-boost|p2a: Ford Fiesta|spa|1\n|\n|upkeep\n|turn|26\n|\n|t:|1700043770\n|move|p2a: Ford Fiesta|Fiery Dance|p1a: Slowking\n|-damage|p1a: Slowking|14\/100\n|-boost|p2a: Ford Fiesta|spa|1\n|move|p1a: Slowking|Earthquake|p2a: Ford Fiesta\n|-supereffective|p2a: Ford Fiesta\n|-damage|p2a: Ford Fiesta|0 fnt\n|faint|p2a: Ford Fiesta\n|-end|p2a: Ford Fiesta|Quark Drive|[silent]\n|\n|upkeep\n|\n|t:|1700043778\n|switch|p2a: The Mug|Iron Jugulis|100\/100\n|-damage|p2a: The Mug|76\/100|[from] Stealth Rock\n|-enditem|p2a: The Mug|Booster Energy\n|-activate|p2a: The Mug|ability: Quark Drive|[fromitem]\n|-start|p2a: The Mug|quarkdrivespe\n|turn|27\n|\n|t:|1700043785\n|move|p2a: The Mug|Hurricane|p1a: Slowking\n|-damage|p1a: Slowking|0 fnt\n|faint|p1a: Slowking\n|\n|upkeep\n|\n|t:|1700043807\n|switch|p1a: Breloom|Breloom, M|51\/100\n|turn|28\n|\n|t:|1700043811\n|move|p1a: Breloom|Mach Punch|p2a: The Mug\n|-damage|p2a: The Mug|34\/100\n|move|p2a: The Mug|Hurricane|p1a: Breloom\n|-supereffective|p1a: Breloom\n|-damage|p1a: Breloom|0 fnt\n|faint|p1a: Breloom\n|\n|upkeep\n|\n|t:|1700043813\n|switch|p1a: Clefable|Clefable, M|100\/100\n|turn|29\n|\n|t:|1700043824\n|move|p2a: The Mug|Hurricane|p1a: Clefable\n|-damage|p1a: Clefable|45\/100\n|move|p1a: Clefable|Moonblast|p2a: The Mug\n|-supereffective|p2a: The Mug\n|-damage|p2a: The Mug|0 fnt\n|faint|p2a: The Mug\n|-end|p2a: The Mug|Quark Drive|[silent]\n|\n|-heal|p1a: Clefable|52\/100|[from] item: Leftovers\n|upkeep\n|\n|t:|1700043830\n|switch|p2a: MAGApult|Dragapult, F|100\/100\n|-damage|p2a: MAGApult|88\/100|[from] Stealth Rock\n|turn|30\n|\n|t:|1700043838\n|move|p2a: MAGApult|Shadow Ball|p1a: Clefable\n|-damage|p1a: Clefable|5\/100\n|move|p1a: Clefable|Moonblast|p2a: MAGApult\n|-supereffective|p2a: MAGApult\n|-damage|p2a: MAGApult|0 fnt\n|faint|p2a: MAGApult\n|\n|win|Spectrality3\n|raw|Spectrality3's rating: 1405 &rarr; <strong>1422<\/strong><br \/>(+17 for winning)\n|raw|AlperenSengunGOAT's rating: 1361 &rarr; <strong>1344<\/strong><br \/>(-17 for losing)\n|c|\u2606AlperenSengunGOAT|gg\n|c|\u2606Spectrality3|gg\n","uploadtime":1700043846,"views":4,"p1id":"spectrality3","p2id":"alperensengungoat","formatid":"gen9ou","rating":1344,"private":0,"password":""}