{"id":"gen9ou-1996800509","p1":"Chabbott918","p2":"Fumimico","format":"[Gen 9] OU","log":"|j|\u2606Chabbott918\n|j|\u2606Fumimico\n|t:|1700727442\n|gametype|singles\n|player|p1|Chabbott918|raifort|1392\n|player|p2|Fumimico|backersf|1435\n|teamsize|p1|6\n|teamsize|p2|6\n|gen|9\n|tier|[Gen 9] OU\n|rated|\n|rule|Sleep Clause Mod: Limit one foe put to sleep\n|rule|Species Clause: Limit one of each Pok\u00e9mon\n|rule|OHKO Clause: OHKO moves are banned\n|rule|Evasion Items Clause: Evasion items are banned\n|rule|Evasion Moves Clause: Evasion moves are banned\n|rule|Endless Battle Clause: Forcing endless battles is banned\n|rule|HP Percentage Mod: HP is shown in percentages\n|clearpoke\n|poke|p1|Cresselia, F|\n|poke|p1|Iron Valiant|\n|poke|p1|Garganacl, M|\n|poke|p1|Landorus-Therian, M|\n|poke|p1|Greninja-*, M|\n|poke|p1|Maushold-Four|\n|poke|p2|Magnezone|\n|poke|p2|Sylveon, F|\n|poke|p2|Ribombee, M|\n|poke|p2|Sinistcha|\n|poke|p2|Walking Wake|\n|poke|p2|Slowking-Galar, F|\n|teampreview\n|inactive|Battle timer is ON: inactive players will automatically lose when time's up. (requested by Fumimico)\n|\n|t:|1700727450\n|start\n|switch|p1a: Garganacl|Garganacl, M|100\/100\n|switch|p2a: Ribombee|Ribombee, M|100\/100\n|turn|1\n|\n|t:|1700727458\n|move|p2a: Ribombee|Sticky Web|p1a: Garganacl\n|-sidestart|p1: Chabbott918|move: Sticky Web\n|move|p1a: Garganacl|Salt Cure|p2a: Ribombee\n|-supereffective|p2a: Ribombee\n|-damage|p2a: Ribombee|49\/100\n|\n|upkeep\n|turn|2\n|\n|t:|1700727475\n|switch|p2a: Slowking|Slowking-Galar, F|100\/100\n|move|p1a: Garganacl|Iron Defense|p1a: Garganacl\n|-boost|p1a: Garganacl|def|2\n|\n|upkeep\n|turn|3\n|\n|t:|1700727481\n|move|p1a: Garganacl|Salt Cure|p2a: Slowking\n|-crit|p2a: Slowking\n|-damage|p2a: Slowking|77\/100\n|-start|p2a: Slowking|Salt Cure\n|move|p2a: Slowking|Future Sight|p1a: Garganacl\n|-start|p2a: Slowking|move: Future Sight\n|\n|-damage|p2a: Slowking|64\/100|[from] Salt Cure\n|upkeep\n|turn|4\n|\n|t:|1700727488\n|move|p1a: Garganacl|Iron Defense|p1a: Garganacl\n|-boost|p1a: Garganacl|def|2\n|move|p2a: Slowking|Chilly Reception|p2a: Slowking\n|-weather|Snow\n|\n|t:|1700727490\n|switch|p2a: Walking Wake|Walking Wake|100\/100|[from] Chilly Reception\n|\n|-weather|Snow|[upkeep]\n|upkeep\n|turn|5\n|\n|t:|1700727503\n|-terastallize|p1a: Garganacl|Fighting\n|move|p2a: Walking Wake|Draco Meteor|p1a: Garganacl\n|-damage|p1a: Garganacl|34\/100\n|-unboost|p2a: Walking Wake|spa|2\n|move|p1a: Garganacl|Salt Cure|p2a: Walking Wake\n|-damage|p2a: Walking Wake|86\/100\n|-start|p2a: Walking Wake|Salt Cure\n|\n|-weather|Snow|[upkeep]\n|-end|p1a: Garganacl|move: Future Sight\n|-supereffective|p1a: Garganacl\n|-damage|p1a: Garganacl|0 fnt\n|faint|p1a: Garganacl\n|-damage|p2a: Walking Wake|61\/100|[from] Salt Cure\n|upkeep\n|\n|t:|1700727517\n|switch|p1a: Maushold|Maushold-Four|100\/100\n|-activate|p1a: Maushold|move: Sticky Web\n|-unboost|p1a: Maushold|spe|1\n|turn|6\n|\n|t:|1700727523\n|move|p2a: Walking Wake|Draco Meteor|p1a: Maushold|[miss]\n|-miss|p2a: Walking Wake|p1a: Maushold\n|move|p1a: Maushold|Tidy Up|p1a: Maushold\n|-sideend|p1: Chabbott918|Sticky Web\n|-activate|p1a: Maushold|move: Tidy Up\n|-boost|p1a: Maushold|atk|1\n|-boost|p1a: Maushold|spe|1\n|\n|-weather|Snow|[upkeep]\n|-damage|p2a: Walking Wake|36\/100|[from] Salt Cure\n|upkeep\n|turn|7\n|\n|t:|1700727530\n|-end|p2a: Walking Wake|Protosynthesis|[silent]\n|switch|p2a: Sinistcha|Sinistcha|100\/100\n|move|p1a: Maushold|Tidy Up|p1a: Maushold\n|-boost|p1a: Maushold|atk|1\n|-boost|p1a: Maushold|spe|1\n|\n|-weather|Snow|[upkeep]\n|upkeep\n|turn|8\n|\n|t:|1700727536\n|move|p1a: Maushold|Bite|p2a: Sinistcha\n|-supereffective|p2a: Sinistcha\n|-damage|p2a: Sinistcha|38\/100\n|move|p2a: Sinistcha|Strength Sap|p1a: Maushold\n|-unboost|p1a: Maushold|atk|1\n|-heal|p2a: Sinistcha|100\/100\n|\n|-weather|none\n|upkeep\n|turn|9\n|\n|t:|1700727543\n|move|p1a: Maushold|Tidy Up|p1a: Maushold\n|-boost|p1a: Maushold|atk|1\n|-boost|p1a: Maushold|spe|1\n|move|p2a: Sinistcha|Strength Sap|p1a: Maushold\n|-unboost|p1a: Maushold|atk|1\n|\n|upkeep\n|turn|10\n|\n|t:|1700727546\n|move|p1a: Maushold|Tidy Up|p1a: Maushold\n|-boost|p1a: Maushold|atk|1\n|-boost|p1a: Maushold|spe|1\n|move|p2a: Sinistcha|Matcha Gotcha|p1a: Maushold\n|-damage|p1a: Maushold|56\/100\n|\n|upkeep\n|turn|11\n|\n|t:|1700727549\n|move|p1a: Maushold|Bite|p2a: Sinistcha\n|-supereffective|p2a: Sinistcha\n|-damage|p2a: Sinistcha|41\/100\n|cant|p2a: Sinistcha|flinch\n|\n|-heal|p2a: Sinistcha|47\/100|[from] item: Leftovers\n|upkeep\n|turn|12\n|\n|t:|1700727561\n|-terastallize|p2a: Sinistcha|Steel\n|move|p1a: Maushold|Bite|p2a: Sinistcha\n|-damage|p2a: Sinistcha|16\/100\n|move|p2a: Sinistcha|Strength Sap|p1a: Maushold\n|-unboost|p1a: Maushold|atk|1\n|-heal|p2a: Sinistcha|100\/100\n|\n|upkeep\n|turn|13\n|\n|t:|1700727566\n|move|p1a: Maushold|Population Bomb|p2a: Sinistcha\n|-resisted|p2a: Sinistcha\n|-damage|p2a: Sinistcha|95\/100\n|-resisted|p2a: Sinistcha\n|-damage|p2a: Sinistcha|90\/100\n|-resisted|p2a: Sinistcha\n|-damage|p2a: Sinistcha|84\/100\n|-resisted|p2a: Sinistcha\n|-damage|p2a: Sinistcha|78\/100\n|-resisted|p2a: Sinistcha\n|-damage|p2a: Sinistcha|72\/100\n|-resisted|p2a: Sinistcha\n|-damage|p2a: Sinistcha|66\/100\n|-resisted|p2a: Sinistcha\n|-damage|p2a: Sinistcha|60\/100\n|-resisted|p2a: Sinistcha\n|-damage|p2a: Sinistcha|54\/100\n|-resisted|p2a: Sinistcha\n|-damage|p2a: Sinistcha|48\/100\n|-resisted|p2a: Sinistcha\n|-damage|p2a: Sinistcha|42\/100\n|-hitcount|p2a: Sinistcha|10\n|move|p2a: Sinistcha|Calm Mind|p2a: Sinistcha\n|-boost|p2a: Sinistcha|spa|1\n|-boost|p2a: Sinistcha|spd|1\n|\n|-heal|p2a: Sinistcha|48\/100|[from] item: Leftovers\n|upkeep\n|turn|14\n|\n|t:|1700727572\n|move|p1a: Maushold|Population Bomb|p2a: Sinistcha\n|-resisted|p2a: Sinistcha\n|-damage|p2a: Sinistcha|43\/100\n|-resisted|p2a: Sinistcha\n|-damage|p2a: Sinistcha|37\/100\n|-resisted|p2a: Sinistcha\n|-damage|p2a: Sinistcha|31\/100\n|-resisted|p2a: Sinistcha\n|-damage|p2a: Sinistcha|26\/100\n|-resisted|p2a: Sinistcha\n|-damage|p2a: Sinistcha|21\/100\n|-resisted|p2a: Sinistcha\n|-damage|p2a: Sinistcha|16\/100\n|-resisted|p2a: Sinistcha\n|-damage|p2a: Sinistcha|9\/100\n|-resisted|p2a: Sinistcha\n|-damage|p2a: Sinistcha|4\/100\n|-resisted|p2a: Sinistcha\n|-damage|p2a: Sinistcha|0 fnt\n|faint|p2a: Sinistcha\n|-hitcount|p2: Sinistcha|9\n|\n|upkeep\n|-message|Fumimico forfeited.\n|\n|win|Chabbott918\n|raw|Chabbott918's rating: 1392 &rarr; <strong>1414<\/strong><br \/>(+22 for winning)\n|raw|Fumimico's rating: 1435 &rarr; <strong>1413<\/strong><br \/>(-22 for losing)\n|l|\u2606Fumimico\n","uploadtime":1700727583,"views":4,"p1id":"chabbott918","p2id":"fumimico","formatid":"gen9ou","rating":1413,"private":0,"password":""}