{"id":"gen9ou-1993249159","p1":"swumpy mumpus","p2":"mathismathin","format":"[Gen 9] OU","log":"|j|\u2606swumpy mumpus\n|j|\u2606mathismathin\n|t:|1700284069\n|gametype|singles\n|player|p1|swumpy mumpus|1|1628\n|player|p2|mathismathin|nate|1793\n|teamsize|p1|6\n|teamsize|p2|6\n|gen|9\n|tier|[Gen 9] OU\n|rated|\n|rule|Sleep Clause Mod: Limit one foe put to sleep\n|rule|Species Clause: Limit one of each Pok\u00e9mon\n|rule|OHKO Clause: OHKO moves are banned\n|rule|Evasion Items Clause: Evasion items are banned\n|rule|Evasion Moves Clause: Evasion moves are banned\n|rule|Endless Battle Clause: Forcing endless battles is banned\n|rule|HP Percentage Mod: HP is shown in percentages\n|clearpoke\n|poke|p1|Great Tusk|\n|poke|p1|Rotom-Wash|\n|poke|p1|Rillaboom, F|\n|poke|p1|Dragapult, F|\n|poke|p1|Fezandipiti, M|\n|poke|p1|Weavile, M|\n|poke|p2|Cyclizar, M|\n|poke|p2|Talonflame, F|\n|poke|p2|Dipplin, M|\n|poke|p2|Blissey, F|\n|poke|p2|Dondozo, M|\n|poke|p2|Clodsire, F|\n|teampreview\n|j| Rhydon112\n|\n|t:|1700284075\n|start\n|switch|p1a: Dragapult|Dragapult, F|100\/100\n|switch|p2a: Cyclizar|Cyclizar, M|100\/100\n|turn|1\n|\n|t:|1700284081\n|switch|p2a: Clodsire|Clodsire, F|100\/100\n|move|p1a: Dragapult|Substitute|p1a: Dragapult\n|-start|p1a: Dragapult|Substitute\n|-damage|p1a: Dragapult|76\/100\n|\n|-heal|p1a: Dragapult|82\/100|[from] item: Leftovers\n|upkeep\n|turn|2\n|\n|t:|1700284085\n|move|p1a: Dragapult|Will-O-Wisp|p2a: Clodsire\n|-status|p2a: Clodsire|brn\n|move|p2a: Clodsire|Spikes|p1a: Dragapult\n|-sidestart|p1: swumpy mumpus|Spikes\n|\n|-heal|p1a: Dragapult|88\/100|[from] item: Leftovers\n|-damage|p2a: Clodsire|94\/100 brn|[from] brn\n|upkeep\n|turn|3\n|\n|t:|1700284109\n|switch|p2a: Dipplin|Dipplin, M|100\/100\n|move|p1a: Dragapult|Hex|p2a: Dipplin\n|-damage|p2a: Dipplin|82\/100\n|\n|-heal|p1a: Dragapult|94\/100|[from] item: Leftovers\n|upkeep\n|turn|4\n|\n|t:|1700284115\n|move|p1a: Dragapult|Will-O-Wisp|p2a: Dipplin\n|-status|p2a: Dipplin|brn\n|move|p2a: Dipplin|Dragon Tail|p1a: Dragapult\n|-supereffective|p1a: Dragapult\n|-crit|p1a: Dragapult\n|-end|p1a: Dragapult|Substitute\n|\n|-heal|p1a: Dragapult|99\/100|[from] item: Leftovers\n|-damage|p2a: Dipplin|76\/100 brn|[from] brn\n|upkeep\n|turn|5\n|\n|t:|1700284123\n|move|p1a: Dragapult|Dragon Darts|p2a: Dipplin\n|-supereffective|p2a: Dipplin\n|-damage|p2a: Dipplin|59\/100 brn\n|-anim|p1a: Dragapult|Dragon Darts|p2a: Dipplin\n|-supereffective|p2a: Dipplin\n|-damage|p2a: Dipplin|41\/100 brn\n|move|p2a: Dipplin|Dragon Tail|p1a: Dragapult\n|-supereffective|p1a: Dragapult\n|-damage|p1a: Dragapult|73\/100\n|drag|p1a: Rotom|Rotom-Wash|100\/100\n|\n|-damage|p2a: Dipplin|35\/100 brn|[from] brn\n|upkeep\n|turn|6\n|\n|t:|1700284130\n|move|p1a: Rotom|Protect|p1a: Rotom\n|-singleturn|p1a: Rotom|Protect\n|move|p2a: Dipplin|Recover|p2a: Dipplin\n|-heal|p2a: Dipplin|85\/100 brn\n|\n|-damage|p2a: Dipplin|79\/100 brn|[from] brn\n|upkeep\n|turn|7\n|\n|t:|1700284139\n|move|p1a: Rotom|Volt Switch|p2a: Dipplin\n|-resisted|p2a: Dipplin\n|-damage|p2a: Dipplin|74\/100 brn\n|\n|t:|1700284141\n|switch|p1a: Fezandipiti|Fezandipiti, M|100\/100|[from] Volt Switch\n|move|p2a: Dipplin|Reflect|p2a: Dipplin\n|-sidestart|p2: mathismathin|Reflect\n|\n|-damage|p2a: Dipplin|68\/100 brn|[from] brn\n|upkeep\n|turn|8\n|\n|t:|1700284155\n|switch|p2a: Cyclizar|Cyclizar, M|100\/100\n|move|p1a: Fezandipiti|U-turn|p2a: Cyclizar\n|-damage|p2a: Cyclizar|91\/100\n|\n|t:|1700284166\n|switch|p1a: Great Tusk|Great Tusk, shiny|100\/100|[from] U-turn\n|\n|upkeep\n|turn|9\n|\n|t:|1700284170\n|move|p2a: Cyclizar|Knock Off|p1a: Great Tusk\n|-resisted|p1a: Great Tusk\n|-damage|p1a: Great Tusk|93\/100\n|-enditem|p1a: Great Tusk|Heavy-Duty Boots|[from] move: Knock Off|[of] p2a: Cyclizar\n|move|p1a: Great Tusk|Rapid Spin|p2a: Cyclizar\n|-damage|p2a: Cyclizar|79\/100\n|-boost|p1a: Great Tusk|spe|1\n|-sideend|p1: swumpy mumpus|Spikes|[from] move: Rapid Spin|[of] p1a: Great Tusk\n|\n|upkeep\n|turn|10\n|\n|t:|1700284173\n|move|p1a: Great Tusk|Stealth Rock|p2a: Cyclizar\n|-sidestart|p2: mathismathin|move: Stealth Rock\n|move|p2a: Cyclizar|Rapid Spin|p1a: Great Tusk\n|-damage|p1a: Great Tusk|82\/100\n|-boost|p2a: Cyclizar|spe|1\n|-sideend|p2: mathismathin|Stealth Rock|[from] move: Rapid Spin|[of] p2a: Cyclizar\n|\n|upkeep\n|turn|11\n|\n|t:|1700284178\n|move|p2a: Cyclizar|Overheat|p1a: Great Tusk\n|-damage|p1a: Great Tusk|44\/100\n|-unboost|p2a: Cyclizar|spa|2\n|move|p1a: Great Tusk|Rapid Spin|p2a: Cyclizar\n|-damage|p2a: Cyclizar|66\/100\n|-boost|p1a: Great Tusk|spe|1\n|\n|-sideend|p2: mathismathin|Reflect\n|upkeep\n|turn|12\n|\n|t:|1700284204\n|move|p1a: Great Tusk|Stealth Rock|p2a: Cyclizar\n|-sidestart|p2: mathismathin|move: Stealth Rock\n|move|p2a: Cyclizar|U-turn|p1a: Great Tusk\n|-resisted|p1a: Great Tusk\n|-damage|p1a: Great Tusk|39\/100\n|\n|t:|1700284210\n|switch|p2a: Dipplin|Dipplin, M|68\/100 brn|[from] U-turn\n|-damage|p2a: Dipplin|56\/100 brn|[from] Stealth Rock\n|\n|-damage|p2a: Dipplin|50\/100 brn|[from] brn\n|upkeep\n|turn|13\n|\n|t:|1700284214\n|move|p1a: Great Tusk|Knock Off|p2a: Dipplin\n|-damage|p2a: Dipplin|34\/100 brn\n|-activate|p2a: Dipplin|ability: Sticky Hold\n|move|p2a: Dipplin|Recover|p2a: Dipplin\n|-heal|p2a: Dipplin|84\/100 brn\n|\n|-damage|p2a: Dipplin|78\/100 brn|[from] brn\n|upkeep\n|turn|14\n|\n|t:|1700284219\n|-end|p1a: Great Tusk|Protosynthesis|[silent]\n|switch|p1a: Fezandipiti|Fezandipiti, M|100\/100\n|move|p2a: Dipplin|Giga Drain|p1a: Fezandipiti\n|-resisted|p1a: Fezandipiti\n|-crit|p1a: Fezandipiti\n|-damage|p1a: Fezandipiti|89\/100\n|-heal|p2a: Dipplin|84\/100 brn|[from] drain|[of] p1a: Fezandipiti\n|\n|-damage|p2a: Dipplin|78\/100 brn|[from] brn\n|upkeep\n|turn|15\n|\n|t:|1700284222\n|switch|p2a: Cyclizar|Cyclizar, M|99\/100\n|move|p1a: Fezandipiti|Moonblast|p2a: Cyclizar\n|-supereffective|p2a: Cyclizar\n|-damage|p2a: Cyclizar|47\/100\n|\n|upkeep\n|turn|16\n|\n|t:|1700284225\n|move|p2a: Cyclizar|U-turn|p1a: Fezandipiti\n|-resisted|p1a: Fezandipiti\n|-damage|p1a: Fezandipiti|86\/100\n|\n|t:|1700284226\n|switch|p2a: Clodsire|Clodsire, F|94\/100 brn|[from] U-turn\n|move|p1a: Fezandipiti|Moonblast|p2a: Clodsire\n|-resisted|p2a: Clodsire\n|-damage|p2a: Clodsire|89\/100 brn\n|-unboost|p2a: Clodsire|spa|1\n|\n|-damage|p2a: Clodsire|83\/100 brn|[from] brn\n|upkeep\n|turn|17\n|\n|t:|1700284230\n|move|p1a: Fezandipiti|U-turn|p2a: Clodsire\n|-resisted|p2a: Clodsire\n|-damage|p2a: Clodsire|75\/100 brn\n|\n|t:|1700284238\n|switch|p1a: Great Tusk|Great Tusk, shiny|39\/100|[from] U-turn\n|move|p2a: Clodsire|Spikes|p1a: Great Tusk\n|-sidestart|p1: swumpy mumpus|Spikes\n|\n|-damage|p2a: Clodsire|69\/100 brn|[from] brn\n|upkeep\n|turn|18\n|\n|t:|1700284245\n|switch|p2a: Talonflame|Talonflame, F|100\/100\n|move|p1a: Great Tusk|Rapid Spin|p2a: Talonflame\n|-damage|p2a: Talonflame|85\/100\n|-boost|p1a: Great Tusk|spe|1\n|-sideend|p1: swumpy mumpus|Spikes|[from] move: Rapid Spin|[of] p1a: Great Tusk\n|\n|upkeep\n|turn|19\n|\n|t:|1700284249\n|move|p1a: Great Tusk|Knock Off|p2a: Talonflame\n|-crit|p2a: Talonflame\n|-damage|p2a: Talonflame|42\/100\n|-enditem|p2a: Talonflame|Heavy-Duty Boots|[from] move: Knock Off|[of] p1a: Great Tusk\n|move|p2a: Talonflame|Flamethrower|p1a: Great Tusk\n|-damage|p1a: Great Tusk|2\/100\n|\n|upkeep\n|turn|20\n|\n|t:|1700284255\n|-end|p1a: Great Tusk|Protosynthesis|[silent]\n|switch|p1a: Rotom|Rotom-Wash|100\/100\n|move|p2a: Talonflame|Roost|p2a: Talonflame\n|-heal|p2a: Talonflame|92\/100\n|-singleturn|p2a: Talonflame|move: Roost\n|\n|upkeep\n|turn|21\n|\n|t:|1700284260\n|switch|p2a: Blissey|Blissey, F|100\/100\n|move|p1a: Rotom|Volt Switch|p2a: Blissey\n|-damage|p2a: Blissey|94\/100\n|\n|t:|1700284269\n|switch|p1a: Weavile|Weavile, M|100\/100|[from] Volt Switch\n|-ability|p1a: Weavile|Pressure\n|\n|upkeep\n|turn|22\n|\n|t:|1700284278\n|switch|p2a: Dondozo|Dondozo, M|100\/100\n|-damage|p2a: Dondozo|88\/100|[from] Stealth Rock\n|move|p1a: Weavile|Knock Off|p2a: Dondozo\n|-damage|p2a: Dondozo|68\/100\n|-enditem|p2a: Dondozo|Leftovers|[from] move: Knock Off|[of] p1a: Weavile\n|\n|upkeep\n|turn|23\n|\n|t:|1700284286\n|switch|p1a: Rotom|Rotom-Wash|100\/100\n|move|p2a: Dondozo|Body Press|p1a: Rotom\n|-damage|p1a: Rotom|71\/100\n|\n|-heal|p1a: Rotom|77\/100|[from] item: Leftovers\n|upkeep\n|turn|24\n|\n|t:|1700284294\n|switch|p2a: Cyclizar|Cyclizar, M|80\/100\n|move|p1a: Rotom|Volt Switch|p2a: Cyclizar\n|-resisted|p2a: Cyclizar\n|-damage|p2a: Cyclizar|66\/100\n|\n|t:|1700284296\n|switch|p1a: Dragapult|Dragapult, F|73\/100|[from] Volt Switch\n|\n|-heal|p1a: Dragapult|79\/100|[from] item: Leftovers\n|upkeep\n|turn|25\n|\n|t:|1700284318\n|-terastallize|p2a: Cyclizar|Fairy\n|move|p1a: Dragapult|Dragon Darts|p2a: Cyclizar\n|-immune|p2a: Cyclizar\n|move|p2a: Cyclizar|Knock Off|p1a: Dragapult\n|-supereffective|p1a: Dragapult\n|-crit|p1a: Dragapult\n|-damage|p1a: Dragapult|0 fnt\n|-enditem|p1a: Dragapult|Leftovers|[from] move: Knock Off|[of] p2a: Cyclizar\n|faint|p1a: Dragapult\n|\n|upkeep\n|\n|t:|1700284322\n|switch|p1a: Fezandipiti|Fezandipiti, M|86\/100\n|turn|26\n|\n|t:|1700284332\n|move|p2a: Cyclizar|U-turn|p1a: Fezandipiti\n|-resisted|p1a: Fezandipiti\n|-damage|p1a: Fezandipiti|83\/100\n|\n|t:|1700284333\n|switch|p2a: Clodsire|Clodsire, F|69\/100 brn|[from] U-turn\n|move|p1a: Fezandipiti|U-turn|p2a: Clodsire\n|-resisted|p2a: Clodsire\n|-damage|p2a: Clodsire|62\/100 brn\n|\n|t:|1700284336\n|switch|p1a: Rillaboom|Rillaboom, F|100\/100|[from] U-turn\n|-fieldstart|move: Grassy Terrain|[from] ability: Grassy Surge|[of] p1a: Rillaboom\n|\n|-heal|p2a: Clodsire|68\/100 brn|[from] Grassy Terrain\n|-damage|p2a: Clodsire|62\/100 brn|[from] brn\n|upkeep\n|turn|27\n|\n|t:|1700284350\n|move|p1a: Rillaboom|Wood Hammer|p2a: Clodsire\n|-crit|p2a: Clodsire\n|-damage|p2a: Clodsire|0 fnt\n|faint|p2a: Clodsire\n|-damage|p1a: Rillaboom|73\/100|[from] Recoil\n|\n|-heal|p1a: Rillaboom|79\/100|[from] Grassy Terrain\n|upkeep\n|\n|t:|1700284359\n|switch|p2a: Talonflame|Talonflame, F|92\/100\n|-damage|p2a: Talonflame|42\/100|[from] Stealth Rock\n|turn|28\n|\n|t:|1700284362\n|switch|p1a: Rotom|Rotom-Wash|77\/100\n|move|p2a: Talonflame|Defog|p1a: Rotom\n|-unboost|p1a: Rotom|evasion|1\n|-sideend|p2: mathismathin|Stealth Rock|[from] move: Defog|[of] p2a: Talonflame\n|-fieldend|move: Grassy Terrain\n|\n|-heal|p1a: Rotom|83\/100|[from] item: Leftovers\n|upkeep\n|turn|29\n|l| Rhydon112\n|\n|t:|1700284371\n|switch|p2a: Cyclizar|Cyclizar, M, tera:Fairy|99\/100\n|move|p1a: Rotom|Hydro Pump|p2a: Cyclizar|[miss]\n|-miss|p1a: Rotom|p2a: Cyclizar\n|\n|-heal|p1a: Rotom|90\/100|[from] item: Leftovers\n|upkeep\n|turn|30\n|\n|t:|1700284378\n|move|p1a: Rotom|Protect|p1a: Rotom\n|-singleturn|p1a: Rotom|Protect\n|move|p2a: Cyclizar|Knock Off|p1a: Rotom\n|-activate|p1a: Rotom|move: Protect\n|\n|-heal|p1a: Rotom|96\/100|[from] item: Leftovers\n|upkeep\n|turn|31\n|\n|t:|1700284389\n|switch|p1a: Fezandipiti|Fezandipiti, M|83\/100\n|move|p2a: Cyclizar|Knock Off|p1a: Fezandipiti\n|-resisted|p1a: Fezandipiti\n|-damage|p1a: Fezandipiti|75\/100\n|-enditem|p1a: Fezandipiti|Heavy-Duty Boots|[from] move: Knock Off|[of] p2a: Cyclizar\n|\n|upkeep\n|turn|32\n|\n|t:|1700284391\n|move|p2a: Cyclizar|U-turn|p1a: Fezandipiti\n|-resisted|p1a: Fezandipiti\n|-damage|p1a: Fezandipiti|72\/100\n|j| encostoo\n|\n|t:|1700284397\n|switch|p2a: Blissey|Blissey, F|94\/100|[from] U-turn\n|move|p1a: Fezandipiti|U-turn|p2a: Blissey\n|-damage|p2a: Blissey|67\/100\n|\n|t:|1700284408\n|switch|p1a: Weavile|Weavile, M|100\/100|[from] U-turn\n|-ability|p1a: Weavile|Pressure\n|\n|upkeep\n|turn|33\n|\n|t:|1700284413\n|switch|p2a: Dondozo|Dondozo, M|68\/100\n|move|p1a: Weavile|Knock Off|p2a: Dondozo\n|-damage|p2a: Dondozo|53\/100\n|\n|upkeep\n|turn|34\n|\n|t:|1700284427\n|switch|p1a: Rillaboom|Rillaboom, F|79\/100\n|-fieldstart|move: Grassy Terrain|[from] ability: Grassy Surge|[of] p1a: Rillaboom\n|move|p2a: Dondozo|Body Press|p1a: Rillaboom\n|-damage|p1a: Rillaboom|49\/100\n|\n|-heal|p1a: Rillaboom|55\/100|[from] Grassy Terrain\n|-heal|p2a: Dondozo|59\/100|[from] Grassy Terrain\n|upkeep\n|turn|35\n|\n|t:|1700284431\n|switch|p1a: Rotom|Rotom-Wash|96\/100\n|switch|p2a: Talonflame|Talonflame, F|42\/100\n|\n|-heal|p1a: Rotom|100\/100|[from] item: Leftovers\n|upkeep\n|turn|36\n|\n|t:|1700284454\n|switch|p2a: Cyclizar|Cyclizar, M, tera:Fairy|100\/100\n|move|p1a: Rotom|Thunder Wave|p2a: Cyclizar\n|-status|p2a: Cyclizar|par\n|\n|upkeep\n|turn|37\n|\n|t:|1700284459\n|move|p1a: Rotom|Volt Switch|p2a: Cyclizar\n|-damage|p2a: Cyclizar|74\/100 par\n|\n|t:|1700284462\n|switch|p1a: Fezandipiti|Fezandipiti, M|72\/100|[from] Volt Switch\n|move|p2a: Cyclizar|U-turn|p1a: Fezandipiti\n|-resisted|p1a: Fezandipiti\n|-damage|p1a: Fezandipiti|69\/100\n|\n|t:|1700284479\n|switch|p2a: Blissey|Blissey, F|67\/100|[from] U-turn\n|\n|-heal|p1a: Fezandipiti|75\/100|[from] Grassy Terrain\n|-heal|p2a: Blissey|73\/100|[from] Grassy Terrain\n|upkeep\n|turn|38\n|\n|t:|1700284482\n|move|p1a: Fezandipiti|U-turn|p2a: Blissey\n|-damage|p2a: Blissey|45\/100\n|\n|t:|1700284489\n|switch|p1a: Weavile|Weavile, M|100\/100|[from] U-turn\n|-ability|p1a: Weavile|Pressure\n|move|p2a: Blissey|Stealth Rock|p1a: Weavile\n|-sidestart|p1: swumpy mumpus|move: Stealth Rock\n|\n|-heal|p2a: Blissey|52\/100|[from] Grassy Terrain\n|-fieldend|move: Grassy Terrain\n|upkeep\n|turn|39\n|inactive|Battle timer is ON: inactive players will automatically lose when time's up. (requested by swumpy mumpus)\n|\n|t:|1700284516\n|switch|p1a: Rillaboom|Rillaboom, F|55\/100\n|-damage|p1a: Rillaboom|43\/100|[from] Stealth Rock\n|-fieldstart|move: Grassy Terrain|[from] ability: Grassy Surge|[of] p1a: Rillaboom\n|switch|p2a: Dondozo|Dondozo, M|59\/100\n|\n|-heal|p1a: Rillaboom|49\/100|[from] Grassy Terrain\n|-heal|p2a: Dondozo|66\/100|[from] Grassy Terrain\n|upkeep\n|turn|40\n|\n|t:|1700284521\n|switch|p2a: Talonflame|Talonflame, F|42\/100\n|move|p1a: Rillaboom|Knock Off|p2a: Talonflame\n|-damage|p2a: Talonflame|12\/100\n|\n|-heal|p1a: Rillaboom|55\/100|[from] Grassy Terrain\n|upkeep\n|turn|41\n|\n|t:|1700284538\n|move|p2a: Talonflame|Roost|p2a: Talonflame\n|-heal|p2a: Talonflame|62\/100\n|-singleturn|p2a: Talonflame|move: Roost\n|move|p1a: Rillaboom|Knock Off|p2a: Talonflame\n|-damage|p2a: Talonflame|33\/100\n|\n|-heal|p2a: Talonflame|39\/100|[from] Grassy Terrain\n|-heal|p1a: Rillaboom|61\/100|[from] Grassy Terrain\n|upkeep\n|turn|42\n|\n|t:|1700284547\n|switch|p1a: Fezandipiti|Fezandipiti, M|75\/100\n|-damage|p1a: Fezandipiti|63\/100|[from] Stealth Rock\n|move|p2a: Talonflame|Roost|p2a: Talonflame\n|-heal|p2a: Talonflame|89\/100\n|-singleturn|p2a: Talonflame|move: Roost\n|\n|-heal|p2a: Talonflame|95\/100|[from] Grassy Terrain\n|-heal|p1a: Fezandipiti|69\/100|[from] Grassy Terrain\n|upkeep\n|turn|43\n|\n|t:|1700284550\n|switch|p2a: Cyclizar|Cyclizar, M, tera:Fairy|100\/100 par\n|move|p1a: Fezandipiti|U-turn|p2a: Cyclizar\n|-resisted|p2a: Cyclizar\n|-damage|p2a: Cyclizar|91\/100 par\n|\n|t:|1700284567\n|switch|p1a: Weavile|Weavile, M|100\/100|[from] U-turn\n|-ability|p1a: Weavile|Pressure\n|\n|-heal|p2a: Cyclizar|98\/100 par|[from] Grassy Terrain\n|-fieldend|move: Grassy Terrain\n|upkeep\n|turn|44\n|\n|t:|1700284580\n|switch|p2a: Dondozo|Dondozo, M|66\/100\n|move|p1a: Weavile|Knock Off|p2a: Dondozo\n|-damage|p2a: Dondozo|51\/100\n|\n|upkeep\n|turn|45\n|\n|t:|1700284583\n|move|p1a: Weavile|Knock Off|p2a: Dondozo\n|-damage|p2a: Dondozo|38\/100\n|move|p2a: Dondozo|Body Press|p1a: Weavile\n|-supereffective|p1a: Weavile\n|-damage|p1a: Weavile|0 fnt\n|faint|p1a: Weavile\n|\n|upkeep\n|-message|swumpy mumpus forfeited.\n|\n|win|mathismathin\n|raw|swumpy mumpus's rating: 1628 &rarr; <strong>1617<\/strong><br \/>(-11 for losing)\n|raw|mathismathin's rating: 1793 &rarr; <strong>1804<\/strong><br \/>(+11 for winning)\n|l|\u2606swumpy mumpus\n","uploadtime":1700284619,"views":12,"p1id":"swumpymumpus","p2id":"mathismathin","formatid":"gen9ou","rating":1617,"private":0,"password":""}