{"id":"gen9ou-1994438743","p1":"IcySwishBangTrey","p2":"p33zer","format":"[Gen 9] OU","log":"|j|\u2606IcySwishBangTrey\n|j|\u2606p33zer\n|t:|1700444008\n|gametype|singles\n|player|p1|IcySwishBangTrey|266|1227\n|player|p2|p33zer|170|1180\n|teamsize|p1|6\n|teamsize|p2|6\n|gen|9\n|tier|[Gen 9] OU\n|rated|\n|rule|Sleep Clause Mod: Limit one foe put to sleep\n|rule|Species Clause: Limit one of each Pok\u00e9mon\n|rule|OHKO Clause: OHKO moves are banned\n|rule|Evasion Items Clause: Evasion items are banned\n|rule|Evasion Moves Clause: Evasion moves are banned\n|rule|Endless Battle Clause: Forcing endless battles is banned\n|rule|HP Percentage Mod: HP is shown in percentages\n|clearpoke\n|poke|p1|Pelipper, F|\n|poke|p1|Iron Treads|\n|poke|p1|Manaphy|\n|poke|p1|Barraskewda, M|\n|poke|p1|Amoonguss, F|\n|poke|p1|Zapdos|\n|poke|p2|Ribombee, F|\n|poke|p2|Ogerpon-Cornerstone, F|\n|poke|p2|Landorus-Therian, M|\n|poke|p2|Enamorus, F|\n|poke|p2|Forretress, M|\n|poke|p2|Toxapex, M|\n|teampreview\n|inactive|Battle timer is ON: inactive players will automatically lose when time's up. (requested by p33zer)\n|\n|t:|1700444023\n|start\n|switch|p1a: Pelipper|Pelipper, F|100\/100\n|switch|p2a: Toxapex|Toxapex, M|100\/100\n|-weather|RainDance|[from] ability: Drizzle|[of] p1a: Pelipper\n|turn|1\n|\n|t:|1700444030\n|move|p1a: Pelipper|U-turn|p2a: Toxapex\n|-resisted|p2a: Toxapex\n|-damage|p2a: Toxapex|97\/100\n|\n|t:|1700444041\n|switch|p1a: Zapdos|Zapdos|100\/100|[from] U-turn\n|move|p2a: Toxapex|Sludge Bomb|p1a: Zapdos\n|-damage|p1a: Zapdos|64\/100\n|-status|p1a: Zapdos|psn\n|\n|-weather|RainDance|[upkeep]\n|-damage|p1a: Zapdos|51\/100 psn|[from] psn\n|upkeep\n|turn|2\n|\n|t:|1700444049\n|move|p1a: Zapdos|Weather Ball|p2a: Toxapex\n|-resisted|p2a: Toxapex\n|-damage|p2a: Toxapex|82\/100\n|move|p2a: Toxapex|Surf|p1a: Zapdos\n|-damage|p1a: Zapdos|0 fnt\n|faint|p1a: Zapdos\n|\n|-weather|RainDance|[upkeep]\n|upkeep\n|\n|t:|1700444065\n|switch|p1a: Barraskewda|Barraskewda, M|100\/100\n|turn|3\n|\n|t:|1700444069\n|move|p1a: Barraskewda|Psychic Fangs|p2a: Toxapex\n|-supereffective|p2a: Toxapex\n|-damage|p2a: Toxapex|13\/100\n|move|p2a: Toxapex|Sludge Bomb|p1a: Barraskewda\n|-damage|p1a: Barraskewda|30\/100\n|\n|-weather|RainDance|[upkeep]\n|upkeep\n|turn|4\n|\n|t:|1700444072\n|switch|p2a: Forretress|Forretress, M|100\/100\n|move|p1a: Barraskewda|Psychic Fangs|p2a: Forretress\n|-resisted|p2a: Forretress\n|-damage|p2a: Forretress|87\/100\n|\n|-weather|RainDance|[upkeep]\n|-heal|p2a: Forretress|93\/100|[from] item: Leftovers\n|upkeep\n|turn|5\n|\n|t:|1700444079\n|switch|p1a: Iron Treads|Iron Treads|100\/100\n|-enditem|p1a: Iron Treads|Booster Energy\n|-activate|p1a: Iron Treads|ability: Quark Drive|[fromitem]\n|-start|p1a: Iron Treads|quarkdrivespe\n|move|p2a: Forretress|Gyro Ball|p1a: Iron Treads\n|-resisted|p1a: Iron Treads\n|-damage|p1a: Iron Treads|78\/100\n|\n|-weather|RainDance|[upkeep]\n|-heal|p2a: Forretress|99\/100|[from] item: Leftovers\n|upkeep\n|turn|6\n|\n|t:|1700444084\n|move|p1a: Iron Treads|Stealth Rock|p2a: Forretress\n|-sidestart|p2: p33zer|move: Stealth Rock\n|move|p2a: Forretress|Body Press|p1a: Iron Treads\n|-supereffective|p1a: Iron Treads\n|-damage|p1a: Iron Treads|18\/100\n|\n|-weather|RainDance|[upkeep]\n|-heal|p2a: Forretress|100\/100|[from] item: Leftovers\n|upkeep\n|turn|7\n|\n|t:|1700444096\n|-end|p1a: Iron Treads|Quark Drive|[silent]\n|switch|p1a: Amoonguss|Amoonguss, F, shiny|100\/100\n|move|p2a: Forretress|Body Press|p1a: Amoonguss\n|-resisted|p1a: Amoonguss\n|-crit|p1a: Amoonguss\n|-damage|p1a: Amoonguss|81\/100\n|-enditem|p1a: Amoonguss|Eject Button\n|\n|t:|1700444106\n|switch|p1a: Iron Treads|Iron Treads|18\/100\n|\n|-weather|RainDance|[upkeep]\n|upkeep\n|turn|8\n|\n|t:|1700444111\n|move|p1a: Iron Treads|Earthquake|p2a: Forretress\n|-damage|p2a: Forretress|73\/100\n|move|p2a: Forretress|Body Press|p1a: Iron Treads\n|-supereffective|p1a: Iron Treads\n|-damage|p1a: Iron Treads|0 fnt\n|faint|p1a: Iron Treads\n|-end|p1a: Iron Treads|Quark Drive|[silent]\n|\n|-weather|none\n|-heal|p2a: Forretress|79\/100|[from] item: Leftovers\n|upkeep\n|\n|t:|1700444116\n|switch|p1a: Pelipper|Pelipper, F|100\/100\n|-weather|RainDance|[from] ability: Drizzle|[of] p1a: Pelipper\n|turn|9\n|\n|t:|1700444123\n|move|p1a: Pelipper|U-turn|p2a: Forretress\n|-resisted|p2a: Forretress\n|-damage|p2a: Forretress|77\/100\n|\n|t:|1700444126\n|switch|p1a: Manaphy|Manaphy|100\/100|[from] U-turn\n|move|p2a: Forretress|Rapid Spin|p1a: Manaphy\n|-damage|p1a: Manaphy|91\/100\n|-boost|p2a: Forretress|spe|1\n|-sideend|p2: p33zer|Stealth Rock|[from] move: Rapid Spin|[of] p2a: Forretress\n|\n|-weather|RainDance|[upkeep]\n|-heal|p1a: Manaphy|97\/100|[from] item: Leftovers\n|-heal|p2a: Forretress|83\/100|[from] item: Leftovers\n|upkeep\n|turn|10\n|\n|t:|1700444138\n|switch|p2a: Ogerpon|Ogerpon-Cornerstone, F|100\/100\n|move|p1a: Manaphy|Tail Glow|p1a: Manaphy\n|-boost|p1a: Manaphy|spa|3\n|\n|-weather|RainDance|[upkeep]\n|-heal|p1a: Manaphy|100\/100|[from] item: Leftovers\n|upkeep\n|turn|11\n|\n|t:|1700444150\n|-terastallize|p1a: Manaphy|Grass\n|move|p2a: Ogerpon|Horn Leech|p1a: Manaphy\n|-resisted|p1a: Manaphy\n|-damage|p1a: Manaphy|81\/100\n|move|p1a: Manaphy|Scald|p2a: Ogerpon\n|-ability|p2a: Ogerpon|Sturdy\n|-damage|p2a: Ogerpon|1\/100\n|-status|p2a: Ogerpon|brn\n|\n|-weather|RainDance|[upkeep]\n|-heal|p1a: Manaphy|88\/100|[from] item: Leftovers\n|-damage|p2a: Ogerpon|0 fnt|[from] brn\n|faint|p2a: Ogerpon\n|upkeep\n|\n|t:|1700444167\n|switch|p2a: Enamorus|Enamorus, F|100\/100\n|turn|12\n|\n|t:|1700444173\n|move|p2a: Enamorus|Mystical Fire|p1a: Manaphy\n|-supereffective|p1a: Manaphy\n|-damage|p1a: Manaphy|55\/100\n|-unboost|p1a: Manaphy|spa|1\n|move|p1a: Manaphy|Scald|p2a: Enamorus\n|-damage|p2a: Enamorus|0 fnt\n|faint|p2a: Enamorus\n|\n|-weather|RainDance|[upkeep]\n|-heal|p1a: Manaphy|61\/100|[from] item: Leftovers\n|upkeep\n|\n|t:|1700444180\n|switch|p2a: Ribombee|Ribombee, F|100\/100\n|turn|13\n|\n|t:|1700444188\n|move|p2a: Ribombee|Sticky Web|p1a: Manaphy\n|-sidestart|p1: IcySwishBangTrey|move: Sticky Web\n|move|p1a: Manaphy|Scald|p2a: Ribombee\n|-enditem|p2a: Ribombee|Focus Sash\n|-damage|p2a: Ribombee|1\/100\n|\n|-weather|RainDance|[upkeep]\n|-heal|p1a: Manaphy|67\/100|[from] item: Leftovers\n|upkeep\n|turn|14\n|\n|t:|1700444196\n|move|p2a: Ribombee|Moonblast|p1a: Manaphy\n|-damage|p1a: Manaphy|36\/100\n|-unboost|p1a: Manaphy|spa|1\n|move|p1a: Manaphy|Scald|p2a: Ribombee\n|-damage|p2a: Ribombee|0 fnt\n|faint|p2a: Ribombee\n|\n|-weather|RainDance|[upkeep]\n|-heal|p1a: Manaphy|42\/100|[from] item: Leftovers\n|upkeep\n|\n|t:|1700444199\n|switch|p2a: Toxapex|Toxapex, M|46\/100\n|turn|15\n|\n|t:|1700444210\n|move|p1a: Manaphy|Energy Ball|p2a: Toxapex\n|-damage|p2a: Toxapex|9\/100\n|move|p2a: Toxapex|Sludge Bomb|p1a: Manaphy\n|-supereffective|p1a: Manaphy\n|-damage|p1a: Manaphy|0 fnt\n|faint|p1a: Manaphy\n|\n|-weather|RainDance|[upkeep]\n|upkeep\n|\n|t:|1700444221\n|switch|p1a: Barraskewda|Barraskewda, M|30\/100\n|-activate|p1a: Barraskewda|move: Sticky Web\n|-unboost|p1a: Barraskewda|spe|1\n|turn|16\n|\n|t:|1700444225\n|switch|p2a: Forretress|Forretress, M|83\/100\n|move|p1a: Barraskewda|Flip Turn|p2a: Forretress\n|-damage|p2a: Forretress|43\/100\n|\n|t:|1700444243\n|switch|p1a: Amoonguss|Amoonguss, F, shiny|100\/100|[from] Flip Turn\n|-activate|p1a: Amoonguss|move: Sticky Web\n|-unboost|p1a: Amoonguss|spe|1\n|\n|-weather|none\n|-heal|p2a: Forretress|50\/100|[from] item: Leftovers\n|upkeep\n|turn|17\n|\n|t:|1700444250\n|move|p2a: Forretress|Spikes|p1a: Amoonguss\n|-sidestart|p1: IcySwishBangTrey|Spikes\n|move|p1a: Amoonguss|Spore|p2a: Forretress\n|-status|p2a: Forretress|slp|[from] move: Spore\n|\n|-heal|p2a: Forretress|56\/100 slp|[from] item: Leftovers\n|upkeep\n|turn|18\n|\n|t:|1700444256\n|switch|p1a: Pelipper|Pelipper, F|100\/100\n|-weather|RainDance|[from] ability: Drizzle|[of] p1a: Pelipper\n|cant|p2a: Forretress|slp\n|\n|-weather|RainDance|[upkeep]\n|-heal|p2a: Forretress|62\/100 slp|[from] item: Leftovers\n|upkeep\n|turn|19\n|\n|t:|1700444261\n|move|p1a: Pelipper|Hurricane|p2a: Forretress\n|-damage|p2a: Forretress|10\/100 slp\n|-curestatus|p2a: Forretress|slp|[msg]\n|move|p2a: Forretress|Spikes|p1a: Pelipper\n|-sidestart|p1: IcySwishBangTrey|Spikes\n|\n|-weather|RainDance|[upkeep]\n|-heal|p2a: Forretress|16\/100|[from] item: Leftovers\n|upkeep\n|turn|20\n|\n|t:|1700444270\n|move|p1a: Pelipper|Hurricane|p2a: Forretress\n|-damage|p2a: Forretress|0 fnt\n|faint|p2a: Forretress\n|\n|-weather|RainDance|[upkeep]\n|upkeep\n|\n|t:|1700444275\n|switch|p2a: Toxapex|Toxapex, M|42\/100\n|turn|21\n|\n|t:|1700444279\n|move|p1a: Pelipper|Hurricane|p2a: Toxapex\n|-damage|p2a: Toxapex|21\/100\n|-start|p2a: Toxapex|confusion\n|-activate|p2a: Toxapex|confusion\n|-damage|p2a: Toxapex|15\/100|[from] confusion\n|\n|-weather|RainDance|[upkeep]\n|upkeep\n|turn|22\n|\n|t:|1700444285\n|move|p1a: Pelipper|Hurricane|p2a: Toxapex\n|-damage|p2a: Toxapex|0 fnt\n|faint|p2a: Toxapex\n|\n|-weather|RainDance|[upkeep]\n|upkeep\n|\n|t:|1700444286\n|switch|p2a: Landorus|Landorus-Therian, M|100\/100\n|-ability|p2a: Landorus|Intimidate|boost\n|-unboost|p1a: Pelipper|atk|1\n|turn|23\n|\n|t:|1700444293\n|-terastallize|p2a: Landorus|Flying\n|move|p2a: Landorus|Stone Edge|p1a: Pelipper\n|-supereffective|p1a: Pelipper\n|-damage|p1a: Pelipper|41\/100\n|move|p1a: Pelipper|Weather Ball|p2a: Landorus\n|-damage|p2a: Landorus|32\/100\n|\n|-weather|RainDance|[upkeep]\n|-heal|p2a: Landorus|38\/100|[from] item: Leftovers\n|upkeep\n|turn|24\n|\n|t:|1700444308\n|move|p2a: Landorus|Tera Blast|p1a: Pelipper|[anim] Tera Blast Flying\n|-damage|p1a: Pelipper|0 fnt\n|faint|p1a: Pelipper\n|\n|-weather|RainDance|[upkeep]\n|-heal|p2a: Landorus|44\/100|[from] item: Leftovers\n|upkeep\n|\n|t:|1700444311\n|switch|p1a: Barraskewda|Barraskewda, M|30\/100\n|-activate|p1a: Barraskewda|move: Sticky Web\n|-unboost|p1a: Barraskewda|spe|1\n|-damage|p1a: Barraskewda|13\/100|[from] Spikes\n|turn|25\n|\n|t:|1700444318\n|move|p1a: Barraskewda|Liquidation|p2a: Landorus\n|-damage|p2a: Landorus|0 fnt\n|faint|p2a: Landorus\n|\n|win|IcySwishBangTrey\n|raw|IcySwishBangTrey's rating: 1227 &rarr; <strong>1249<\/strong><br \/>(+22 for winning)\n|raw|p33zer's rating: 1180 &rarr; <strong>1158<\/strong><br \/>(-22 for losing)\n|l|\u2606p33zer\n","uploadtime":1700444324,"views":11,"p1id":"icyswishbangtrey","p2id":"p33zer","formatid":"gen9ou","rating":1158,"private":0,"password":""}