{"id":"gen9ou-1993190154","p1":"lumpfren","p2":"FreeedTheDolfin","format":"[Gen 9] OU","log":"|j|\u2606lumpfren\n|j|\u2606FreeedTheDolfin\n|t:|1700275870\n|gametype|singles\n|player|p1|lumpfren|wattson|\n|player|p2|FreeedTheDolfin|266|\n|teamsize|p1|6\n|teamsize|p2|6\n|gen|9\n|tier|[Gen 9] OU\n|rule|Sleep Clause Mod: Limit one foe put to sleep\n|rule|OHKO Clause: OHKO moves are banned\n|rule|Evasion Items Clause: Evasion items are banned\n|rule|Evasion Moves Clause: Evasion moves are banned\n|rule|Endless Battle Clause: Forcing endless battles is banned\n|rule|HP Percentage Mod: HP is shown in percentages\n|clearpoke\n|poke|p1|Veluza, F|\n|poke|p1|Lycanroc-Dusk, F|\n|poke|p1|Talonflame, F|\n|poke|p1|Goodra-Hisui, F|\n|poke|p1|Hydreigon, F|\n|poke|p1|Crabominable, F|\n|poke|p2|Indeedee, M|\n|poke|p2|Slowking-Galar, M|\n|poke|p2|Zoroark-Hisui, F|\n|poke|p2|Basculegion, M|\n|poke|p2|Sandslash-Alola, F|\n|poke|p2|Cetitan, M|\n|teampreview\n|j| napg0d\n|j| poggerwog\n|j| edicts\n|\n|t:|1700275906\n|start\n|switch|p1a: Bellflower|Lycanroc-Dusk, F|100\/100\n|switch|p2a: Indeedee|Indeedee, M|100\/100\n|-fieldstart|move: Psychic Terrain|[from] ability: Psychic Surge|[of] p2a: Indeedee\n|turn|1\n|j| LuichoX\n|\n|t:|1700275927\n|move|p1a: Bellflower|Crunch|p2a: Indeedee\n|-supereffective|p2a: Indeedee\n|-damage|p2a: Indeedee|0 fnt\n|faint|p2a: Indeedee\n|\n|upkeep\n|\n|t:|1700275938\n|switch|p2a: GOL D ROGER|Slowking-Galar, M|100\/100\n|turn|2\n|c| LuichoX|lumpy brought venezuela to the fight\n|\n|t:|1700275959\n|switch|p1a: Torrance|Hydreigon, F|100\/100\n|move|p2a: GOL D ROGER|Chilly Reception|p2a: GOL D ROGER\n|-weather|Snow\n|\n|t:|1700275969\n|switch|p2a: Cetitan|Cetitan, M|100\/100|[from] Chilly Reception\n|\n|-weather|Snow|[upkeep]\n|upkeep\n|turn|3\n|j| KINGTONY6\n|\n|t:|1700275990\n|move|p2a: Cetitan|Ice Spinner|p1a: Torrance\n|-supereffective|p1a: Torrance\n|-damage|p1a: Torrance|24\/100\n|-fieldend|move: Psychic Terrain\n|move|p1a: Torrance|Flamethrower|p2a: Cetitan\n|-supereffective|p2a: Cetitan\n|-damage|p2a: Cetitan|0 fnt\n|faint|p2a: Cetitan\n|\n|-weather|Snow|[upkeep]\n|upkeep\n|\n|t:|1700275998\n|switch|p2a: Sandslash|Sandslash-Alola, F|100\/100\n|turn|4\n|\n|t:|1700276020\n|switch|p1a: Big Bear|Crabominable, F|100\/100\n|move|p2a: Sandslash|Ice Spinner|p1a: Big Bear\n|-resisted|p1a: Big Bear\n|-damage|p1a: Big Bear|87\/100\n|-enditem|p1a: Big Bear|Snowball\n|-boost|p1a: Big Bear|atk|1|[from] item: Snowball\n|\n|-weather|Snow|[upkeep]\n|upkeep\n|turn|5\n|\n|t:|1700276042\n|switch|p2a: GOL D ROGER|Slowking-Galar, M|100\/100\n|move|p1a: Big Bear|Knock Off|p2a: GOL D ROGER\n|-supereffective|p2a: GOL D ROGER\n|-enditem|p2a: GOL D ROGER|Colbur Berry|[eat]\n|-enditem|p2a: GOL D ROGER|Colbur Berry|[weaken]\n|-damage|p2a: GOL D ROGER|62\/100\n|\n|-weather|Snow|[upkeep]\n|upkeep\n|turn|6\n|\n|t:|1700276073\n|switch|p1a: Los Angeles|Goodra-Hisui, F|100\/100\n|move|p2a: GOL D ROGER|Chilly Reception|p2a: GOL D ROGER\n|\n|t:|1700276078\n|switch|p2a: Sandslash|Sandslash-Alola, F|100\/100|[from] Chilly Reception\n|\n|-weather|none\n|upkeep\n|turn|7\n|\n|t:|1700276106\n|switch|p1a: Bellflower|Lycanroc-Dusk, F|100\/100\n|move|p2a: Sandslash|Earthquake|p1a: Bellflower\n|-supereffective|p1a: Bellflower\n|-damage|p1a: Bellflower|0 fnt\n|faint|p1a: Bellflower\n|\n|upkeep\n|\n|t:|1700276138\n|switch|p1a: San Luis Obispo|Talonflame, F|100\/100\n|turn|8\n|\n|t:|1700276151\n|switch|p2a: GOL D ROGER|Slowking-Galar, M|95\/100\n|move|p1a: San Luis Obispo|Flamethrower|p2a: GOL D ROGER\n|-damage|p2a: GOL D ROGER|77\/100\n|\n|upkeep\n|turn|9\n|\n|t:|1700276161\n|move|p1a: San Luis Obispo|Will-O-Wisp|p2a: GOL D ROGER|[miss]\n|-miss|p1a: San Luis Obispo|p2a: GOL D ROGER\n|move|p2a: GOL D ROGER|Chilly Reception|p2a: GOL D ROGER\n|-weather|Snow\n|\n|t:|1700276165\n|switch|p2a: Sandslash|Sandslash-Alola, F|100\/100|[from] Chilly Reception\n|\n|-weather|Snow|[upkeep]\n|upkeep\n|turn|10\n|\n|t:|1700276180\n|move|p2a: Sandslash|Rock Slide|p1a: San Luis Obispo\n|-supereffective|p1a: San Luis Obispo\n|-damage|p1a: San Luis Obispo|1\/100\n|move|p1a: San Luis Obispo|Will-O-Wisp|p2a: Sandslash\n|-status|p2a: Sandslash|brn\n|\n|-weather|Snow|[upkeep]\n|-damage|p2a: Sandslash|94\/100 brn|[from] brn\n|upkeep\n|turn|11\n|\n|t:|1700276204\n|switch|p1a: Big Bear|Crabominable, F|87\/100\n|move|p2a: Sandslash|Ice Spinner|p1a: Big Bear\n|-resisted|p1a: Big Bear\n|-damage|p1a: Big Bear|81\/100\n|\n|-weather|Snow|[upkeep]\n|-damage|p2a: Sandslash|88\/100 brn|[from] brn\n|upkeep\n|turn|12\n|\n|t:|1700276235\n|move|p2a: Sandslash|Earthquake|p1a: Big Bear\n|-damage|p1a: Big Bear|72\/100\n|move|p1a: Big Bear|Thief|p2a: Sandslash\n|-damage|p2a: Sandslash|72\/100 brn\n|-enditem|p2a: Sandslash|Assault Vest|[silent]|[from] move: Thief|[of] p1a: Big Bear\n|-item|p1a: Big Bear|Assault Vest|[from] move: Thief|[of] p2a: Sandslash\n|\n|-weather|Snow|[upkeep]\n|-damage|p2a: Sandslash|66\/100 brn|[from] brn\n|upkeep\n|turn|13\n|\n|t:|1700276265\n|switch|p2a: GOL D ROGER|Slowking-Galar, M|100\/100\n|move|p1a: Big Bear|Ice Spinner|p2a: GOL D ROGER\n|-damage|p2a: GOL D ROGER|68\/100\n|\n|-weather|none\n|upkeep\n|turn|14\n|\n|t:|1700276279\n|move|p1a: Big Bear|Ice Spinner|p2a: GOL D ROGER\n|-damage|p2a: GOL D ROGER|32\/100\n|move|p2a: GOL D ROGER|Chilly Reception|p2a: GOL D ROGER\n|-weather|Snow\n|\n|t:|1700276284\n|switch|p2a: Sandslash|Sandslash-Alola, F|100\/100|[from] Chilly Reception\n|\n|-weather|Snow|[upkeep]\n|upkeep\n|turn|15\n|\n|t:|1700276296\n|move|p2a: Sandslash|Rain Dance|p2a: Sandslash\n|-weather|RainDance\n|move|p1a: Big Bear|Knock Off|p2a: Sandslash\n|-supereffective|p2a: Sandslash\n|-enditem|p2a: Sandslash|Focus Sash\n|-damage|p2a: Sandslash|1\/100\n|replace|p2a: Zoroark|Zoroark-Hisui, F\n|-end|p2a: Zoroark|Illusion\n|\n|-weather|RainDance|[upkeep]\n|upkeep\n|turn|16\n|\n|t:|1700276323\n|move|p2a: Zoroark|Shadow Ball|p1a: Big Bear\n|-damage|p1a: Big Bear|38\/100\n|move|p1a: Big Bear|Knock Off|p2a: Zoroark\n|-supereffective|p2a: Zoroark\n|-damage|p2a: Zoroark|0 fnt\n|faint|p2a: Zoroark\n|\n|-weather|RainDance|[upkeep]\n|upkeep\n|\n|t:|1700276330\n|switch|p2a: Basculegion|Basculegion, M|100\/100\n|turn|17\n|\n|t:|1700276341\n|-terastallize|p2a: Basculegion|Water\n|move|p2a: Basculegion|Wave Crash|p1a: Big Bear\n|-damage|p1a: Big Bear|0 fnt\n|faint|p1a: Big Bear\n|-damage|p2a: Basculegion|88\/100|[from] Recoil\n|\n|-weather|RainDance|[upkeep]\n|upkeep\n|\n|t:|1700276355\n|switch|p1a: Los Angeles|Goodra-Hisui, F|100\/100\n|turn|18\n|\n|t:|1700276365\n|move|p2a: Basculegion|Wave Crash|p1a: Los Angeles\n|-resisted|p1a: Los Angeles\n|-damage|p1a: Los Angeles|26\/100\n|-ability|p1a: Los Angeles|Gooey\n|-unboost|p2a: Basculegion|spe|1\n|-enditem|p1a: Los Angeles|Absorb Bulb\n|-boost|p1a: Los Angeles|spa|1|[from] item: Absorb Bulb\n|-damage|p2a: Basculegion|64\/100|[from] Recoil\n|move|p1a: Los Angeles|Thunderbolt|p2a: Basculegion\n|-supereffective|p2a: Basculegion\n|-damage|p2a: Basculegion|0 fnt\n|faint|p2a: Basculegion\n|\n|-weather|RainDance|[upkeep]\n|upkeep\n|\n|t:|1700276376\n|switch|p2a: GOL D ROGER|Slowking-Galar, M|66\/100\n|turn|19\n|\n|t:|1700276388\n|-terastallize|p1a: Los Angeles|Ghost\n|move|p1a: Los Angeles|Tera Blast|p2a: GOL D ROGER|[anim] Tera Blast Ghost\n|-supereffective|p2a: GOL D ROGER\n|-damage|p2a: GOL D ROGER|0 fnt\n|faint|p2a: GOL D ROGER\n|\n|-weather|none\n|upkeep\n|\n|t:|1700276395\n|switch|p2a: Sandslash|Sandslash-Alola, F|66\/100 brn\n|turn|20\n|\n|t:|1700276401\n|move|p2a: Sandslash|Earthquake|p1a: Los Angeles\n|-crit|p1a: Los Angeles\n|-damage|p1a: Los Angeles|9\/100\n|move|p1a: Los Angeles|Dragon Pulse|p2a: Sandslash\n|-resisted|p2a: Sandslash\n|-damage|p2a: Sandslash|29\/100 brn\n|\n|-damage|p2a: Sandslash|22\/100 brn|[from] brn\n|upkeep\n|turn|21\n|\n|t:|1700276411\n|move|p2a: Sandslash|Ice Spinner|p1a: Los Angeles\n|-damage|p1a: Los Angeles|0 fnt\n|-ability|p1a: Los Angeles|Gooey\n|-unboost|p2a: Sandslash|spe|1\n|faint|p1a: Los Angeles\n|\n|-damage|p2a: Sandslash|16\/100 brn|[from] brn\n|upkeep\n|\n|t:|1700276419\n|switch|p1a: San Luis Obispo|Talonflame, F|1\/100\n|turn|22\n|c| edicts|the ASBORB BULB TBOLT\n|c| edicts|this is so funny\n|\n|t:|1700276439\n|move|p1a: San Luis Obispo|Flamethrower|p2a: Sandslash\n|-supereffective|p2a: Sandslash\n|-damage|p2a: Sandslash|0 fnt\n|faint|p2a: Sandslash\n|\n|win|lumpfren\n","uploadtime":1700276445,"views":12,"p1id":"lumpfren","p2id":"freeedthedolfin","formatid":"gen9ou","rating":0,"private":0,"password":""}