{"id":"gen9ou-1990583115","p1":"FiveFingerIcePunch","p2":"Enchantedibe E","format":"[Gen 9] OU","log":"|j|\u2606FiveFingerIcePunch\n|j|\u2606Enchantedibe E\n|t:|1699983329\n|gametype|singles\n|player|p1|FiveFingerIcePunch|workerice|1070\n|player|p2|Enchantedibe E|ninjaboy|1048\n|teamsize|p1|6\n|teamsize|p2|6\n|gen|9\n|tier|[Gen 9] OU\n|rated|\n|rule|Sleep Clause Mod: Limit one foe put to sleep\n|rule|Species Clause: Limit one of each Pok\u00e9mon\n|rule|OHKO Clause: OHKO moves are banned\n|rule|Evasion Items Clause: Evasion items are banned\n|rule|Evasion Moves Clause: Evasion moves are banned\n|rule|Endless Battle Clause: Forcing endless battles is banned\n|rule|HP Percentage Mod: HP is shown in percentages\n|clearpoke\n|poke|p1|Iron Valiant|\n|poke|p1|Toxapex, F|\n|poke|p1|Corviknight, M|\n|poke|p1|Sneasler, F|\n|poke|p1|Weavile, F|\n|poke|p1|Ceruledge, F|\n|poke|p2|Hatterene, F|\n|poke|p2|Landorus-Therian, M|\n|poke|p2|Weezing-Galar, M|\n|poke|p2|Ogerpon-Wellspring, F|\n|poke|p2|Cinderace, M|\n|poke|p2|Breloom, M|\n|teampreview\n|\n|t:|1699983350\n|start\n|switch|p1a: Peep This|Weavile, F, shiny|100\/100\n|switch|p2a: Cinderace|Cinderace, M|100\/100\n|turn|1\n|\n|t:|1699983365\n|switch|p1a: Hatred|Toxapex, F, shiny|100\/100\n|move|p2a: Cinderace|Iron Head|p1a: Hatred\n|-start|p2a: Cinderace|typechange|Steel|[from] ability: Libero\n|-resisted|p1a: Hatred\n|-damage|p1a: Hatred|86\/100\n|\n|-heal|p1a: Hatred|92\/100|[from] item: Black Sludge\n|upkeep\n|turn|2\n|\n|t:|1699983379\n|switch|p2a: Weezing|Weezing-Galar, M|100\/100\n|-ability|p2a: Weezing|Neutralizing Gas\n|move|p1a: Hatred|Chilling Water|p2a: Weezing\n|-damage|p2a: Weezing|90\/100\n|-unboost|p2a: Weezing|atk|1\n|\n|-heal|p1a: Hatred|98\/100|[from] item: Black Sludge\n|upkeep\n|turn|3\n|\n|t:|1699983389\n|move|p2a: Weezing|Will-O-Wisp|p1a: Hatred|[miss]\n|-miss|p2a: Weezing|p1a: Hatred\n|move|p1a: Hatred|Chilling Water|p2a: Weezing\n|-damage|p2a: Weezing|81\/100\n|-unboost|p2a: Weezing|atk|1\n|\n|-heal|p1a: Hatred|100\/100|[from] item: Black Sludge\n|upkeep\n|turn|4\n|\n|t:|1699983395\n|switch|p1a: The Knight|Ceruledge, F|100\/100\n|move|p2a: Weezing|Will-O-Wisp|p1a: The Knight\n|-immune|p1a: The Knight\n|\n|upkeep\n|turn|5\n|\n|t:|1699983405\n|move|p1a: The Knight|Swords Dance|p1a: The Knight\n|-boost|p1a: The Knight|atk|2\n|move|p2a: Weezing|Pain Split|p1a: The Knight\n|-sethp|p1a: The Knight|97\/100|[from] move: Pain Split|[silent]\n|-sethp|p2a: Weezing|84\/100|[from] move: Pain Split\n|\n|upkeep\n|turn|6\n|\n|t:|1699983410\n|move|p1a: The Knight|Swords Dance|p1a: The Knight\n|-boost|p1a: The Knight|atk|2\n|move|p2a: Weezing|Clear Smog|p1a: The Knight\n|-resisted|p1a: The Knight\n|-damage|p1a: The Knight|88\/100\n|-clearboost|p1a: The Knight\n|\n|upkeep\n|turn|7\n|\n|t:|1699983414\n|move|p1a: The Knight|Swords Dance|p1a: The Knight\n|-boost|p1a: The Knight|atk|2\n|move|p2a: Weezing|Clear Smog|p1a: The Knight\n|-resisted|p1a: The Knight\n|-damage|p1a: The Knight|79\/100\n|-clearboost|p1a: The Knight\n|\n|upkeep\n|turn|8\n|\n|t:|1699983417\n|move|p1a: The Knight|Bitter Blade|p2a: Weezing\n|-damage|p2a: Weezing|42\/100\n|-heal|p1a: The Knight|100\/100|[from] drain|[of] p2a: Weezing\n|move|p2a: Weezing|Clear Smog|p1a: The Knight\n|-resisted|p1a: The Knight\n|-damage|p1a: The Knight|91\/100\n|-clearboost|p1a: The Knight\n|\n|upkeep\n|turn|9\n|\n|t:|1699983425\n|move|p1a: The Knight|Bitter Blade|p2a: Weezing\n|-damage|p2a: Weezing|2\/100\n|-heal|p1a: The Knight|100\/100|[from] drain|[of] p2a: Weezing\n|move|p2a: Weezing|Pain Split|p1a: The Knight\n|-sethp|p1a: The Knight|51\/100|[from] move: Pain Split|[silent]\n|-sethp|p2a: Weezing|45\/100|[from] move: Pain Split\n|\n|upkeep\n|turn|10\n|\n|t:|1699983432\n|switch|p1a: Bastille|Corviknight, M, shiny|100\/100\n|move|p2a: Weezing|Pain Split|p1a: Bastille\n|-sethp|p1a: Bastille|69\/100|[from] move: Pain Split|[silent]\n|-sethp|p2a: Weezing|83\/100|[from] move: Pain Split\n|\n|-heal|p1a: Bastille|75\/100|[from] item: Leftovers\n|upkeep\n|turn|11\n|\n|t:|1699983440\n|move|p1a: Bastille|U-turn|p2a: Weezing\n|-resisted|p2a: Weezing\n|-damage|p2a: Weezing|79\/100\n|\n|t:|1699983446\n|switch|p1a: The Knight|Ceruledge, F|51\/100|[from] U-turn\n|move|p2a: Weezing|Will-O-Wisp|p1a: The Knight\n|-immune|p1a: The Knight\n|\n|upkeep\n|turn|12\n|\n|t:|1699983456\n|-end|p2a: Weezing|ability: Neutralizing Gas\n|switch|p2a: Ogerpon|Ogerpon-Wellspring, F|100\/100\n|move|p1a: The Knight|Swords Dance|p1a: The Knight\n|-boost|p1a: The Knight|atk|2\n|\n|upkeep\n|turn|13\n|\n|t:|1699983464\n|switch|p1a: Bastille|Corviknight, M, shiny|75\/100\n|move|p2a: Ogerpon|Ivy Cudgel|p1a: Bastille|[anim] Ivy Cudgel Water\n|-damage|p1a: Bastille|40\/100\n|\n|-heal|p1a: Bastille|47\/100|[from] item: Leftovers\n|upkeep\n|turn|14\n|\n|t:|1699983474\n|move|p2a: Ogerpon|Spiky Shield|p2a: Ogerpon\n|-singleturn|p2a: Ogerpon|move: Protect\n|move|p1a: Bastille|Roost|p1a: Bastille\n|-heal|p1a: Bastille|97\/100\n|-singleturn|p1a: Bastille|move: Roost\n|\n|-heal|p1a: Bastille|100\/100|[from] item: Leftovers\n|upkeep\n|turn|15\n|\n|t:|1699983487\n|switch|p2a: Landorus|Landorus-Therian, M|100\/100\n|-ability|p2a: Landorus|Intimidate|boost\n|-ability|p1a: Bastille|Mirror Armor\n|-unboost|p2a: Landorus|atk|1\n|move|p1a: Bastille|Brave Bird|p2a: Landorus\n|-damage|p2a: Landorus|70\/100\n|-damage|p1a: Bastille|91\/100|[from] Recoil\n|\n|-heal|p2a: Landorus|76\/100|[from] item: Leftovers\n|-heal|p1a: Bastille|97\/100|[from] item: Leftovers\n|upkeep\n|turn|16\n|\n|t:|1699983496\n|move|p2a: Landorus|Stealth Rock|p1a: Bastille\n|-sidestart|p1: FiveFingerIcePunch|move: Stealth Rock\n|move|p1a: Bastille|U-turn|p2a: Landorus\n|-resisted|p2a: Landorus\n|-damage|p2a: Landorus|70\/100\n|\n|t:|1699983500\n|switch|p1a: Peep This|Weavile, F, shiny|100\/100|[from] U-turn\n|-damage|p1a: Peep This|76\/100|[from] Stealth Rock\n|\n|-heal|p2a: Landorus|76\/100|[from] item: Leftovers\n|upkeep\n|turn|17\n|\n|t:|1699983506\n|move|p2a: Landorus|Protect|p2a: Landorus\n|-singleturn|p2a: Landorus|Protect\n|move|p1a: Peep This|Fling|p2a: Landorus\n|-activate|p2a: Landorus|move: Protect\n|-enditem|p1a: Peep This|Big Nugget|[from] move: Fling\n|\n|-heal|p2a: Landorus|82\/100|[from] item: Leftovers\n|upkeep\n|turn|18\n|inactive|Battle timer is ON: inactive players will automatically lose when time's up. (requested by Enchantedibe E)\n|\n|t:|1699983530\n|switch|p2a: Cinderace|Cinderace, M|100\/100\n|move|p1a: Peep This|Ice Punch|p2a: Cinderace\n|-resisted|p2a: Cinderace\n|-damage|p2a: Cinderace|73\/100\n|-status|p2a: Cinderace|frz\n|\n|upkeep\n|turn|19\n|\n|t:|1699983537\n|-curestatus|p2a: Cinderace|frz|[from] move: Pyro Ball\n|move|p2a: Cinderace|Pyro Ball|p1a: Peep This\n|-supereffective|p1a: Peep This\n|-damage|p1a: Peep This|0 fnt\n|faint|p1a: Peep This\n|\n|upkeep\n|\n|t:|1699983542\n|switch|p1a: The Knight|Ceruledge, F|51\/100\n|-damage|p1a: The Knight|27\/100|[from] Stealth Rock\n|turn|20\n|\n|t:|1699983553\n|switch|p2a: Landorus|Landorus-Therian, M|82\/100\n|-ability|p2a: Landorus|Intimidate|boost\n|-unboost|p1a: The Knight|atk|1\n|move|p1a: The Knight|Bitter Blade|p2a: Landorus\n|-damage|p2a: Landorus|53\/100\n|-heal|p1a: The Knight|46\/100|[from] drain|[of] p2a: Landorus\n|\n|-heal|p2a: Landorus|59\/100|[from] item: Leftovers\n|upkeep\n|turn|21\n|\n|t:|1699983567\n|switch|p1a: Bastille|Corviknight, M, shiny|97\/100\n|-damage|p1a: Bastille|85\/100|[from] Stealth Rock\n|move|p2a: Landorus|U-turn|p1a: Bastille\n|-resisted|p1a: Bastille\n|-damage|p1a: Bastille|81\/100\n|\n|t:|1699983579\n|switch|p2a: Cinderace|Cinderace, M|73\/100|[from] U-turn\n|\n|-heal|p1a: Bastille|88\/100|[from] item: Leftovers\n|upkeep\n|turn|22\n|\n|t:|1699983583\n|move|p2a: Cinderace|Pyro Ball|p1a: Bastille\n|-supereffective|p1a: Bastille\n|-damage|p1a: Bastille|19\/100\n|move|p1a: Bastille|Defog|p2a: Cinderace\n|-unboost|p2a: Cinderace|evasion|1\n|-sideend|p1: FiveFingerIcePunch|Stealth Rock|[from] move: Defog|[of] p1a: Bastille\n|\n|-heal|p1a: Bastille|25\/100|[from] item: Leftovers\n|upkeep\n|turn|23\n|\n|t:|1699983590\n|switch|p1a: Hatred|Toxapex, F, shiny|100\/100\n|move|p2a: Cinderace|Pyro Ball|p1a: Hatred\n|-resisted|p1a: Hatred\n|-damage|p1a: Hatred|79\/100\n|\n|-heal|p1a: Hatred|85\/100|[from] item: Black Sludge\n|upkeep\n|turn|24\n|\n|t:|1699983597\n|switch|p2a: Ogerpon|Ogerpon-Wellspring, F|100\/100\n|move|p1a: Hatred|Chilling Water|p2a: Ogerpon\n|-immune|p2a: Ogerpon|[from] ability: Water Absorb\n|\n|-heal|p1a: Hatred|92\/100|[from] item: Black Sludge\n|upkeep\n|turn|25\n|\n|t:|1699983603\n|move|p2a: Ogerpon|Swords Dance|p2a: Ogerpon\n|-boost|p2a: Ogerpon|atk|2\n|move|p1a: Hatred|Toxic|p2a: Ogerpon\n|-status|p2a: Ogerpon|tox\n|\n|-heal|p1a: Hatred|98\/100|[from] item: Black Sludge\n|-damage|p2a: Ogerpon|95\/100 tox|[from] psn\n|upkeep\n|turn|26\n|\n|t:|1699983609\n|move|p2a: Ogerpon|Swords Dance|p2a: Ogerpon\n|-boost|p2a: Ogerpon|atk|2\n|move|p1a: Hatred|Haze|p1a: Hatred\n|-clearallboost\n|\n|-heal|p1a: Hatred|100\/100|[from] item: Black Sludge\n|-damage|p2a: Ogerpon|83\/100 tox|[from] psn\n|upkeep\n|turn|27\n|\n|t:|1699983613\n|move|p2a: Ogerpon|Swords Dance|p2a: Ogerpon\n|-boost|p2a: Ogerpon|atk|2\n|move|p1a: Hatred|Haze|p1a: Hatred\n|-clearallboost\n|\n|-damage|p2a: Ogerpon|65\/100 tox|[from] psn\n|upkeep\n|turn|28\n|\n|t:|1699983617\n|move|p2a: Ogerpon|Horn Leech|p1a: Hatred\n|-damage|p1a: Hatred|69\/100\n|-heal|p2a: Ogerpon|81\/100 tox|[from] drain|[of] p1a: Hatred\n|move|p1a: Hatred|Haze|p1a: Hatred\n|-clearallboost\n|\n|-heal|p1a: Hatred|75\/100|[from] item: Black Sludge\n|-damage|p2a: Ogerpon|57\/100 tox|[from] psn\n|upkeep\n|turn|29\n|\n|t:|1699983621\n|move|p2a: Ogerpon|Horn Leech|p1a: Hatred\n|-damage|p1a: Hatred|39\/100\n|-heal|p2a: Ogerpon|75\/100 tox|[from] drain|[of] p1a: Hatred\n|move|p1a: Hatred|Recover|p1a: Hatred\n|-heal|p1a: Hatred|89\/100\n|\n|-heal|p1a: Hatred|96\/100|[from] item: Black Sludge\n|-damage|p2a: Ogerpon|45\/100 tox|[from] psn\n|upkeep\n|turn|30\n|\n|t:|1699983631\n|switch|p2a: Weezing|Weezing-Galar, M|79\/100\n|-ability|p2a: Weezing|Neutralizing Gas\n|move|p1a: Hatred|Haze|p1a: Hatred\n|-clearallboost\n|\n|-heal|p1a: Hatred|100\/100|[from] item: Black Sludge\n|upkeep\n|turn|31\n|\n|t:|1699983637\n|switch|p1a: Bastille|Corviknight, M, shiny|25\/100\n|move|p2a: Weezing|Clear Smog|p1a: Bastille\n|-immune|p1a: Bastille\n|\n|-heal|p1a: Bastille|31\/100|[from] item: Leftovers\n|upkeep\n|turn|32\n|\n|t:|1699983646\n|-end|p2a: Weezing|ability: Neutralizing Gas\n|switch|p2a: Hatterene|Hatterene, F|100\/100\n|move|p1a: Bastille|Roost|p1a: Bastille\n|-heal|p1a: Bastille|81\/100\n|-singleturn|p1a: Bastille|move: Roost\n|\n|-heal|p1a: Bastille|87\/100|[from] item: Leftovers\n|upkeep\n|turn|33\n|\n|t:|1699983651\n|move|p1a: Bastille|U-turn|p2a: Hatterene\n|-damage|p2a: Hatterene|85\/100\n|\n|t:|1699983654\n|switch|p1a: All Out|Sneasler, F, shiny|100\/100|[from] U-turn\n|move|p2a: Hatterene|Trick Room|p2a: Hatterene\n|-fieldstart|move: Trick Room|[of] p2a: Hatterene\n|\n|upkeep\n|turn|34\n|\n|t:|1699983660\n|move|p2a: Hatterene|Psychic|p1a: All Out\n|-supereffective|p1a: All Out\n|-damage|p1a: All Out|0 fnt\n|faint|p1a: All Out\n|\n|upkeep\n|\n|t:|1699983665\n|switch|p1a: Bastille|Corviknight, M, shiny|87\/100\n|turn|35\n|\n|t:|1699983670\n|move|p2a: Hatterene|Mystical Fire|p1a: Bastille\n|-supereffective|p1a: Bastille\n|-damage|p1a: Bastille|27\/100\n|-ability|p1a: Bastille|Mirror Armor\n|-unboost|p2a: Hatterene|spa|1\n|move|p1a: Bastille|Roost|p1a: Bastille\n|-heal|p1a: Bastille|77\/100\n|-singleturn|p1a: Bastille|move: Roost\n|\n|-heal|p1a: Bastille|84\/100|[from] item: Leftovers\n|upkeep\n|turn|36\n|\n|t:|1699983676\n|move|p2a: Hatterene|Mystical Fire|p1a: Bastille\n|-supereffective|p1a: Bastille\n|-damage|p1a: Bastille|44\/100\n|-ability|p1a: Bastille|Mirror Armor\n|-unboost|p2a: Hatterene|spa|1\n|move|p1a: Bastille|Roost|p1a: Bastille\n|-heal|p1a: Bastille|94\/100\n|-singleturn|p1a: Bastille|move: Roost\n|\n|-heal|p1a: Bastille|100\/100|[from] item: Leftovers\n|upkeep\n|turn|37\n|\n|t:|1699983686\n|switch|p2a: Weezing|Weezing-Galar, M|79\/100\n|-ability|p2a: Weezing|Neutralizing Gas\n|move|p1a: Bastille|U-turn|p2a: Weezing\n|-resisted|p2a: Weezing\n|-damage|p2a: Weezing|77\/100\n|\n|t:|1699983690\n|switch|p1a: The Knight|Ceruledge, F|46\/100|[from] U-turn\n|\n|-fieldend|move: Trick Room\n|upkeep\n|turn|38\n|\n|t:|1699983695\n|move|p1a: The Knight|Swords Dance|p1a: The Knight\n|-boost|p1a: The Knight|atk|2\n|move|p2a: Weezing|Clear Smog|p1a: The Knight\n|-resisted|p1a: The Knight\n|-damage|p1a: The Knight|37\/100\n|-clearboost|p1a: The Knight\n|\n|upkeep\n|turn|39\n|\n|t:|1699983700\n|-end|p2a: Weezing|ability: Neutralizing Gas\n|switch|p2a: Cinderace|Cinderace, M|73\/100\n|move|p1a: The Knight|Bitter Blade|p2a: Cinderace\n|-resisted|p2a: Cinderace\n|-crit|p2a: Cinderace\n|-damage|p2a: Cinderace|26\/100\n|-heal|p1a: The Knight|61\/100|[from] drain|[of] p2a: Cinderace\n|\n|upkeep\n|turn|40\n|\n|t:|1699983716\n|move|p2a: Cinderace|U-turn|p1a: The Knight\n|-start|p2a: Cinderace|typechange|Bug|[from] ability: Libero\n|-resisted|p1a: The Knight\n|-damage|p1a: The Knight|49\/100\n|-ability|p1a: The Knight|Weak Armor|boost\n|-unboost|p1a: The Knight|def|1\n|-boost|p1a: The Knight|spe|2\n|\n|t:|1699983720\n|switch|p2a: Landorus|Landorus-Therian, M|59\/100|[from] U-turn\n|-ability|p2a: Landorus|Intimidate|boost\n|-unboost|p1a: The Knight|atk|1\n|move|p1a: The Knight|Bitter Blade|p2a: Landorus\n|-damage|p2a: Landorus|30\/100\n|-heal|p1a: The Knight|68\/100|[from] drain|[of] p2a: Landorus\n|\n|-heal|p2a: Landorus|36\/100|[from] item: Leftovers\n|upkeep\n|turn|41\n|\n|t:|1699983732\n|switch|p1a: Bastille|Corviknight, M, shiny|100\/100\n|move|p2a: Landorus|Earthquake|p1a: Bastille\n|-immune|p1a: Bastille\n|\n|-heal|p2a: Landorus|42\/100|[from] item: Leftovers\n|upkeep\n|turn|42\n|\n|t:|1699983738\n|move|p2a: Landorus|Stealth Rock|p1a: Bastille\n|-sidestart|p1: FiveFingerIcePunch|move: Stealth Rock\n|move|p1a: Bastille|Defog|p2a: Landorus\n|-unboost|p2a: Landorus|evasion|1\n|-sideend|p1: FiveFingerIcePunch|Stealth Rock|[from] move: Defog|[of] p1a: Bastille\n|\n|-heal|p2a: Landorus|48\/100|[from] item: Leftovers\n|upkeep\n|turn|43\n|\n|t:|1699983742\n|move|p2a: Landorus|U-turn|p1a: Bastille\n|-resisted|p1a: Bastille\n|-damage|p1a: Bastille|97\/100\n|\n|t:|1699983745\n|switch|p2a: Cinderace|Cinderace, M|26\/100|[from] U-turn\n|move|p1a: Bastille|Brave Bird|p2a: Cinderace\n|-damage|p2a: Cinderace|0 fnt\n|faint|p2a: Cinderace\n|-damage|p1a: Bastille|91\/100|[from] Recoil\n|\n|-heal|p1a: Bastille|97\/100|[from] item: Leftovers\n|upkeep\n|\n|t:|1699983748\n|switch|p2a: Breloom|Breloom, M|100\/100\n|turn|44\n|\n|t:|1699983753\n|move|p2a: Breloom|Protect|p2a: Breloom\n|-singleturn|p2a: Breloom|Protect\n|move|p1a: Bastille|U-turn|p2a: Breloom\n|-activate|p2a: Breloom|move: Protect\n|\n|-heal|p1a: Bastille|100\/100|[from] item: Leftovers\n|-status|p2a: Breloom|tox|[from] item: Toxic Orb\n|upkeep\n|turn|45\n|\n|t:|1699983769\n|move|p2a: Breloom|Spore|p1a: Bastille\n|-status|p1a: Bastille|slp|[from] move: Spore\n|cant|p1a: Bastille|slp\n|\n|upkeep\n|turn|46\n|\n|t:|1699983773\n|switch|p1a: The Knight|Ceruledge, F|68\/100\n|move|p2a: Breloom|Drain Punch|p1a: The Knight\n|-immune|p1a: The Knight\n|\n|upkeep\n|turn|47\n|\n|t:|1699983778\n|move|p2a: Breloom|Protect|p2a: Breloom\n|-singleturn|p2a: Breloom|Protect\n|move|p1a: The Knight|Swords Dance|p1a: The Knight\n|-boost|p1a: The Knight|atk|2\n|\n|upkeep\n|turn|48\n|\n|t:|1699983793\n|switch|p2a: Weezing|Weezing-Galar, M|77\/100\n|-ability|p2a: Weezing|Neutralizing Gas\n|move|p1a: The Knight|Bitter Blade|p2a: Weezing\n|-crit|p2a: Weezing\n|-damage|p2a: Weezing|0 fnt\n|-heal|p1a: The Knight|100\/100|[from] drain|[of] p2a: Weezing\n|faint|p2a: Weezing\n|-end|p2a: Weezing|ability: Neutralizing Gas\n|\n|upkeep\n|\n|t:|1699983795\n|switch|p2a: Ogerpon|Ogerpon-Wellspring, F|45\/100 tox\n|turn|49\n|\n|t:|1699983801\n|-terastallize|p2a: Ogerpon|Water\n|detailschange|p2a: Ogerpon|Ogerpon-Wellspring-Tera, F, tera:Water\n|-ability|p2a: Ogerpon|Embody Aspect (Wellspring)|boost\n|-boost|p2a: Ogerpon|spd|1\n|move|p2a: Ogerpon|Ivy Cudgel|p1a: The Knight|[anim] Ivy Cudgel Water\n|-supereffective|p1a: The Knight\n|-enditem|p1a: The Knight|Focus Sash\n|-damage|p1a: The Knight|1\/100\n|-ability|p1a: The Knight|Weak Armor|boost\n|-unboost|p1a: The Knight|def|1\n|-boost|p1a: The Knight|spe|2\n|move|p1a: The Knight|Bitter Blade|p2a: Ogerpon\n|-resisted|p2a: Ogerpon\n|-damage|p2a: Ogerpon|0 fnt\n|-heal|p1a: The Knight|24\/100|[from] drain|[of] p2a: Ogerpon\n|faint|p2a: Ogerpon\n|\n|upkeep\n|\n|t:|1699983811\n|switch|p2a: Hatterene|Hatterene, F|85\/100\n|turn|50\n|\n|t:|1699983814\n|move|p1a: The Knight|Shadow Claw|p2a: Hatterene\n|-supereffective|p2a: Hatterene\n|-damage|p2a: Hatterene|0 fnt\n|faint|p2a: Hatterene\n|\n|upkeep\n|\n|t:|1699983816\n|switch|p2a: Landorus|Landorus-Therian, M|48\/100\n|-ability|p2a: Landorus|Intimidate|boost\n|-unboost|p1a: The Knight|atk|1\n|turn|51\n|\n|t:|1699983825\n|move|p1a: The Knight|Bitter Blade|p2a: Landorus\n|-damage|p2a: Landorus|0 fnt\n|-heal|p1a: The Knight|55\/100|[from] drain|[of] p2a: Landorus\n|faint|p2a: Landorus\n|\n|upkeep\n|\n|t:|1699983827\n|switch|p2a: Breloom|Breloom, M|100\/100 tox\n|turn|52\n|\n|t:|1699983830\n|move|p1a: The Knight|Bitter Blade|p2a: Breloom\n|-supereffective|p2a: Breloom\n|-damage|p2a: Breloom|0 fnt\n|-heal|p1a: The Knight|100\/100|[from] drain|[of] p2a: Breloom\n|faint|p2a: Breloom\n|\n|win|FiveFingerIcePunch\n|raw|FiveFingerIcePunch's rating: 1070 &rarr; <strong>1098<\/strong><br \/>(+28 for winning)\n|raw|Enchantedibe E's rating: 1048 &rarr; <strong>1032<\/strong><br \/>(-16 for losing)\n|l|\u2606Enchantedibe E\n","uploadtime":1699983843,"views":15,"p1id":"fivefingericepunch","p2id":"enchantedibee","formatid":"gen9ou","rating":1032,"private":0,"password":""}