{"id":"gen9ou-1995176444","p1":"AkieAkie","p2":"alt no. 599","format":"[Gen 9] OU","log":"|j|\u2606AkieAkie\n|j|\u2606alt no. 599\n|t:|1700531152\n|gametype|singles\n|player|p1|AkieAkie|rosa|1650\n|player|p2|alt no. 599|acetrainersnowf|1561\n|teamsize|p1|6\n|teamsize|p2|6\n|gen|9\n|tier|[Gen 9] OU\n|rated|\n|rule|Sleep Clause Mod: Limit one foe put to sleep\n|rule|Species Clause: Limit one of each Pok\u00e9mon\n|rule|OHKO Clause: OHKO moves are banned\n|rule|Evasion Items Clause: Evasion items are banned\n|rule|Evasion Moves Clause: Evasion moves are banned\n|rule|Endless Battle Clause: Forcing endless battles is banned\n|rule|HP Percentage Mod: HP is shown in percentages\n|clearpoke\n|poke|p1|Glimmora, M|\n|poke|p1|Kingambit, F|\n|poke|p1|Dragonite, F|\n|poke|p1|Sandy Shocks|\n|poke|p1|Iron Valiant|\n|poke|p1|Iron Moth|\n|poke|p2|Gastrodon, F|\n|poke|p2|Heatran, M|\n|poke|p2|Landorus-Therian, M|\n|poke|p2|Zapdos|\n|poke|p2|Gholdengo|\n|poke|p2|Zamazenta-*|\n|teampreview\n|inactive|Battle timer is ON: inactive players will automatically lose when time's up. (requested by AkieAkie)\n|inactive|AkieAkie has 120 seconds left.\n|inactive|alt no. 599 has 120 seconds left.\n|\n|t:|1700531187\n|start\n|switch|p1a: Sandy Shocks|Sandy Shocks|100\/100\n|switch|p2a: Gastrodon|Gastrodon, F|100\/100\n|-enditem|p1a: Sandy Shocks|Booster Energy\n|-activate|p1a: Sandy Shocks|ability: Protosynthesis|[fromitem]\n|-start|p1a: Sandy Shocks|protosynthesisspe\n|turn|1\n|\n|t:|1700531215\n|move|p1a: Sandy Shocks|Spikes|p2a: Gastrodon\n|-sidestart|p2: alt no. 599|Spikes\n|move|p2a: Gastrodon|Spikes|p1a: Sandy Shocks\n|-sidestart|p1: AkieAkie|Spikes\n|\n|upkeep\n|turn|2\n|\n|t:|1700531223\n|move|p1a: Sandy Shocks|Spikes|p2a: Gastrodon\n|-sidestart|p2: alt no. 599|Spikes\n|move|p2a: Gastrodon|Spikes|p1a: Sandy Shocks\n|-sidestart|p1: AkieAkie|Spikes\n|\n|upkeep\n|turn|3\n|\n|t:|1700531229\n|move|p1a: Sandy Shocks|Spikes|p2a: Gastrodon\n|-sidestart|p2: alt no. 599|Spikes\n|move|p2a: Gastrodon|Spikes|p1a: Sandy Shocks\n|-sidestart|p1: AkieAkie|Spikes\n|\n|upkeep\n|turn|4\n|\n|t:|1700531233\n|move|p1a: Sandy Shocks|Earth Power|p2a: Gastrodon\n|-damage|p2a: Gastrodon|66\/100\n|move|p2a: Gastrodon|Surf|p1a: Sandy Shocks\n|-supereffective|p1a: Sandy Shocks\n|-damage|p1a: Sandy Shocks|33\/100\n|\n|upkeep\n|turn|5\n|\n|t:|1700531237\n|move|p1a: Sandy Shocks|Earth Power|p2a: Gastrodon\n|-damage|p2a: Gastrodon|32\/100\n|move|p2a: Gastrodon|Recover|p2a: Gastrodon\n|-heal|p2a: Gastrodon|82\/100\n|\n|upkeep\n|turn|6\n|\n|t:|1700531240\n|move|p1a: Sandy Shocks|Earth Power|p2a: Gastrodon\n|-damage|p2a: Gastrodon|50\/100\n|move|p2a: Gastrodon|Surf|p1a: Sandy Shocks\n|-supereffective|p1a: Sandy Shocks\n|-damage|p1a: Sandy Shocks|0 fnt\n|faint|p1a: Sandy Shocks\n|-end|p1a: Sandy Shocks|Protosynthesis|[silent]\n|\n|upkeep\n|\n|t:|1700531242\n|switch|p1a: Glimmora|Glimmora, M|100\/100\n|-damage|p1a: Glimmora|76\/100|[from] Spikes\n|turn|7\n|\n|t:|1700531246\n|switch|p2a: Gholdengo|Gholdengo|100\/100\n|-item|p2a: Gholdengo|Air Balloon\n|move|p1a: Glimmora|Earth Power|p2a: Gholdengo\n|-immune|p2a: Gholdengo\n|\n|upkeep\n|turn|8\n|\n|t:|1700531251\n|move|p1a: Glimmora|Stealth Rock|p2a: Gholdengo\n|-sidestart|p2: alt no. 599|move: Stealth Rock\n|move|p2a: Gholdengo|Make It Rain|p1a: Glimmora\n|-supereffective|p1a: Glimmora\n|-damage|p1a: Glimmora|0 fnt\n|-unboost|p2a: Gholdengo|spa|1\n|faint|p1a: Glimmora\n|\n|upkeep\n|\n|t:|1700531258\n|switch|p1a: Iron Moth|Iron Moth|100\/100\n|-damage|p1a: Iron Moth|76\/100|[from] Spikes\n|-enditem|p1a: Iron Moth|Booster Energy\n|-activate|p1a: Iron Moth|ability: Quark Drive|[fromitem]\n|-start|p1a: Iron Moth|quarkdrivespe\n|turn|9\n|\n|t:|1700531261\n|switch|p2a: Heatran|Heatran, M|100\/100\n|-damage|p2a: Heatran|76\/100|[from] Spikes\n|-damage|p2a: Heatran|63\/100|[from] Stealth Rock\n|move|p1a: Iron Moth|Fiery Dance|p2a: Heatran\n|-start|p2a: Heatran|ability: Flash Fire\n|\n|-heal|p2a: Heatran|69\/100|[from] item: Leftovers\n|upkeep\n|turn|10\n|\n|t:|1700531266\n|move|p2a: Heatran|Protect|p2a: Heatran\n|-singleturn|p2a: Heatran|Protect\n|move|p1a: Iron Moth|Psychic|p2a: Heatran\n|-activate|p2a: Heatran|move: Protect\n|\n|-heal|p2a: Heatran|76\/100|[from] item: Leftovers\n|upkeep\n|turn|11\n|\n|t:|1700531270\n|move|p1a: Iron Moth|Psychic|p2a: Heatran\n|-resisted|p2a: Heatran\n|-damage|p2a: Heatran|67\/100\n|-unboost|p2a: Heatran|spd|1\n|move|p2a: Heatran|Earth Power|p1a: Iron Moth\n|-supereffective|p1a: Iron Moth\n|-damage|p1a: Iron Moth|0 fnt\n|faint|p1a: Iron Moth\n|-end|p1a: Iron Moth|Quark Drive|[silent]\n|\n|-heal|p2a: Heatran|73\/100|[from] item: Leftovers\n|upkeep\n|\n|t:|1700531273\n|switch|p1a: Iron Valiant|Iron Valiant|100\/100\n|-damage|p1a: Iron Valiant|76\/100|[from] Spikes\n|-enditem|p1a: Iron Valiant|Booster Energy\n|-activate|p1a: Iron Valiant|ability: Quark Drive|[fromitem]\n|-start|p1a: Iron Valiant|quarkdrivespe\n|turn|12\n|\n|t:|1700531277\n|move|p1a: Iron Valiant|Shadow Ball|p2a: Heatran\n|-damage|p2a: Heatran|49\/100\n|-unboost|p2a: Heatran|spd|1\n|move|p2a: Heatran|Magma Storm|p1a: Iron Valiant\n|-damage|p1a: Iron Valiant|0 fnt\n|faint|p1a: Iron Valiant\n|-end|p1a: Iron Valiant|Quark Drive|[silent]\n|\n|-heal|p2a: Heatran|55\/100|[from] item: Leftovers\n|upkeep\n|-message|AkieAkie forfeited.\n|\n|win|alt no. 599\n|raw|AkieAkie's rating: 1650 &rarr; <strong>1625<\/strong><br \/>(-25 for losing)\n|raw|alt no. 599's rating: 1561 &rarr; <strong>1586<\/strong><br \/>(+25 for winning)\n|l|\u2606AkieAkie\n","uploadtime":1700531287,"views":5,"p1id":"akieakie","p2id":"altno599","formatid":"gen9ou","rating":1586,"private":0,"password":""}