{"id":"gen9ou-1991716702","p1":"2021MarkelleFultz","p2":"el judasbert","format":"[Gen 9] OU","log":"|j|\u26062021MarkelleFultz\n|j|\u2606el judasbert\n|t:|1700106283\n|gametype|singles\n|player|p1|2021MarkelleFultz|caitlin|1515\n|player|p2|el judasbert|fantina|1466\n|teamsize|p1|6\n|teamsize|p2|6\n|gen|9\n|tier|[Gen 9] OU\n|rated|\n|rule|Sleep Clause Mod: Limit one foe put to sleep\n|rule|Species Clause: Limit one of each Pok\u00e9mon\n|rule|OHKO Clause: OHKO moves are banned\n|rule|Evasion Items Clause: Evasion items are banned\n|rule|Evasion Moves Clause: Evasion moves are banned\n|rule|Endless Battle Clause: Forcing endless battles is banned\n|rule|HP Percentage Mod: HP is shown in percentages\n|clearpoke\n|poke|p1|Pelipper, M|\n|poke|p1|Barraskewda, F|\n|poke|p1|Great Tusk|\n|poke|p1|Thundurus-Therian, M|\n|poke|p1|Overqwil, M|\n|poke|p1|Maushold|\n|poke|p2|Dragapult, F|\n|poke|p2|Iron Valiant|\n|poke|p2|Rillaboom, F|\n|poke|p2|Sneasler, M|\n|poke|p2|Great Tusk|\n|poke|p2|Walking Wake|\n|teampreview\n|inactive|Battle timer is ON: inactive players will automatically lose when time's up. (requested by el judasbert)\n|\n|t:|1700106293\n|start\n|switch|p1a: ShnaggyHose|Overqwil, M|100\/100\n|switch|p2a: Dragapult|Dragapult, F|100\/100\n|turn|1\n|j| LOS ANIQUILADORES\n|\n|t:|1700106299\n|move|p2a: Dragapult|Draco Meteor|p1a: ShnaggyHose|[miss]\n|-miss|p2a: Dragapult|p1a: ShnaggyHose\n|move|p1a: ShnaggyHose|Crunch|p2a: Dragapult\n|-supereffective|p2a: Dragapult\n|-enditem|p2a: Dragapult|Focus Sash\n|-damage|p2a: Dragapult|1\/100\n|\n|upkeep\n|turn|2\n|c| LOS ANIQUILADORES|buena\n|\n|t:|1700106307\n|move|p2a: Dragapult|Draco Meteor|p1a: ShnaggyHose\n|-damage|p1a: ShnaggyHose|8\/100\n|-unboost|p2a: Dragapult|spa|2\n|move|p1a: ShnaggyHose|Fell Stinger|p2a: Dragapult\n|-resisted|p2a: Dragapult\n|-damage|p2a: Dragapult|0 fnt\n|faint|p2a: Dragapult\n|-boost|p1a: ShnaggyHose|atk|3\n|\n|-heal|p1a: ShnaggyHose|14\/100|[from] item: Black Sludge\n|upkeep\n|c| LOS ANIQUILADORES|vamos markellle\n|c|\u26062021MarkelleFultz|gracias\n|\n|t:|1700106320\n|switch|p2a: Iron Valiant|Iron Valiant|100\/100\n|-enditem|p2a: Iron Valiant|Booster Energy\n|-activate|p2a: Iron Valiant|ability: Quark Drive|[fromitem]\n|-start|p2a: Iron Valiant|quarkdrivespe\n|turn|3\n|c|\u26062021MarkelleFultz|voy a tratar lo mejor q puedo pero estoy boracho jaja\n|\n|t:|1700106342\n|move|p2a: Iron Valiant|Moonblast|p1a: ShnaggyHose\n|-damage|p1a: ShnaggyHose|0 fnt\n|faint|p1a: ShnaggyHose\n|\n|upkeep\n|\n|t:|1700106345\n|switch|p1a: Quandale Wingull|Pelipper, M|100\/100\n|-weather|RainDance|[from] ability: Drizzle|[of] p1a: Quandale Wingull\n|turn|4\n|c| LOS ANIQUILADORES|no me digas eso amigo\n|c| LOS ANIQUILADORES|tu puedes\n|\n|t:|1700106360\n|switch|p1a: Dragonhold|Maushold|100\/100\n|move|p2a: Iron Valiant|Thunderbolt|p1a: Dragonhold\n|-crit|p1a: Dragonhold\n|-damage|p1a: Dragonhold|40\/100\n|-status|p1a: Dragonhold|par\n|\n|-weather|RainDance|[upkeep]\n|upkeep\n|turn|5\n|\n|t:|1700106366\n|move|p2a: Iron Valiant|Moonblast|p1a: Dragonhold\n|-damage|p1a: Dragonhold|0 fnt\n|faint|p1a: Dragonhold\n|\n|-weather|RainDance|[upkeep]\n|upkeep\n|\n|t:|1700106371\n|switch|p1a: ScHoolBoy Skew|Barraskewda, F|100\/100\n|turn|6\n|\n|t:|1700106375\n|move|p1a: ScHoolBoy Skew|Liquidation|p2a: Iron Valiant\n|-damage|p2a: Iron Valiant|0 fnt\n|faint|p2a: Iron Valiant\n|-end|p2a: Iron Valiant|Quark Drive|[silent]\n|\n|-weather|RainDance|[upkeep]\n|upkeep\n|\n|t:|1700106379\n|switch|p2a: Rillaboom|Rillaboom, F|100\/100\n|-fieldstart|move: Grassy Terrain|[from] ability: Grassy Surge|[of] p2a: Rillaboom\n|turn|7\n|c|\u26062021MarkelleFultz|ese mono verde es el mas problematico\n|c|\u26062021MarkelleFultz|q pinga es esto\n|\n|t:|1700106391\n|switch|p1a: Der Eisendrache|Thundurus-Therian, M|100\/100\n|move|p2a: Rillaboom|Grassy Glide|p1a: Der Eisendrache\n|-resisted|p1a: Der Eisendrache\n|-damage|p1a: Der Eisendrache|52\/100\n|\n|-weather|RainDance|[upkeep]\n|upkeep\n|turn|8\n|c| LOS ANIQUILADORES|no te preocupes eso amigo\n|c| LOS ANIQUILADORES|solo no tires a thnudurus\n|c| LOS ANIQUILADORES|muy tarde\n|\n|t:|1700106406\n|move|p2a: Rillaboom|Grassy Glide|p1a: Der Eisendrache\n|-resisted|p1a: Der Eisendrache\n|-damage|p1a: Der Eisendrache|4\/100\n|move|p1a: Der Eisendrache|Thunder|p2a: Rillaboom\n|-resisted|p2a: Rillaboom\n|-damage|p2a: Rillaboom|58\/100\n|\n|-weather|RainDance|[upkeep]\n|-heal|p2a: Rillaboom|64\/100|[from] Grassy Terrain\n|upkeep\n|turn|9\n|c| LOS ANIQUILADORES|tera fly\n|c| LOS ANIQUILADORES|hola?\n|c|\u26062021MarkelleFultz|no lo tengo\n|c| LOS ANIQUILADORES|amigo.....\n|c|\u26062021MarkelleFultz|yo no sabia q es bueno para thunderus\n|inactive|2021MarkelleFultz has 120 seconds left.\n|c| LOS ANIQUILADORES|como piensas ganar\n|c| LOS ANIQUILADORES|con eso\n|c|\u26062021MarkelleFultz|hasta ahora yo estaba usando zapdos\n|c|\u26062021MarkelleFultz|no se porque le puse tera fairy jaja\n|c| LOS ANIQUILADORES|ya mueve\n|c| LOS ANIQUILADORES|ya perdiste\n|c| LOS ANIQUILADORES|da el free win porfa\n|\n|t:|1700106461\n|move|p2a: Rillaboom|Grassy Glide|p1a: Der Eisendrache\n|-resisted|p1a: Der Eisendrache\n|-damage|p1a: Der Eisendrache|0 fnt\n|faint|p1a: Der Eisendrache\n|\n|-weather|RainDance|[upkeep]\n|-heal|p2a: Rillaboom|70\/100|[from] Grassy Terrain\n|upkeep\n|inactive|2021MarkelleFultz has 90 seconds left.\n|\n|t:|1700106474\n|switch|p1a: Quandale Wingull|Pelipper, M|100\/100\n|turn|10\n|c| LOS ANIQUILADORES|tu unica play es que se la vaya la luz a este otro pendejo\n|\n|t:|1700106479\n|switch|p2a: Great Tusk|Great Tusk|100\/100\n|-enditem|p2a: Great Tusk|Booster Energy\n|-activate|p2a: Great Tusk|ability: Protosynthesis|[fromitem]\n|-start|p2a: Great Tusk|protosynthesisspe\n|move|p1a: Quandale Wingull|Hurricane|p2a: Great Tusk\n|-supereffective|p2a: Great Tusk\n|-damage|p2a: Great Tusk|7\/100\n|\n|-weather|RainDance|[upkeep]\n|-heal|p2a: Great Tusk|14\/100|[from] Grassy Terrain\n|upkeep\n|turn|11\n|inactive|2021MarkelleFultz has 90 seconds left.\n|c|\u26062021MarkelleFultz|jaja ojalas\n|\n|t:|1700106507\n|move|p2a: Great Tusk|Ice Spinner|p1a: Quandale Wingull\n|-damage|p1a: Quandale Wingull|82\/100\n|-fieldend|move: Grassy Terrain\n|move|p1a: Quandale Wingull|Hurricane|p2a: Great Tusk\n|-supereffective|p2a: Great Tusk\n|-damage|p2a: Great Tusk|0 fnt\n|faint|p2a: Great Tusk\n|-end|p2a: Great Tusk|Protosynthesis|[silent]\n|\n|-weather|none\n|upkeep\n|c|\u2606el judasbert|tpm\n|\n|t:|1700106517\n|switch|p2a: Walking Wake|Walking Wake|100\/100\n|-enditem|p2a: Walking Wake|Booster Energy\n|-activate|p2a: Walking Wake|ability: Protosynthesis|[fromitem]\n|-start|p2a: Walking Wake|protosynthesisspa\n|turn|12\n|inactive|2021MarkelleFultz has 90 seconds left.\n|c|\u26062021MarkelleFultz|cuidado q mira las jugadas q voy acer\n|c|\u26062021MarkelleFultz|soy professional\n|\n|t:|1700106537\n|switch|p1a: Tusky Depot|Great Tusk|100\/100\n|-enditem|p1a: Tusky Depot|Booster Energy\n|-activate|p1a: Tusky Depot|ability: Protosynthesis|[fromitem]\n|-start|p1a: Tusky Depot|protosynthesisatk\n|move|p2a: Walking Wake|Substitute|p2a: Walking Wake\n|-start|p2a: Walking Wake|Substitute\n|-damage|p2a: Walking Wake|76\/100\n|\n|upkeep\n|turn|13\n|\n|t:|1700106544\n|move|p2a: Walking Wake|Surf|p1a: Tusky Depot\n|-supereffective|p1a: Tusky Depot\n|-damage|p1a: Tusky Depot|0 fnt\n|faint|p1a: Tusky Depot\n|-end|p1a: Tusky Depot|Protosynthesis|[silent]\n|\n|upkeep\n|inactive|2021MarkelleFultz has 90 seconds left.\n|c|\u26062021MarkelleFultz|se acabo.\n|\n|t:|1700106556\n|switch|p1a: Quandale Wingull|Pelipper, M|82\/100\n|-weather|RainDance|[from] ability: Drizzle|[of] p1a: Quandale Wingull\n|turn|14\n|c|\u2606el judasbert|tan inutil como el nombre del baskebolista de mierda que tienes\n|\n|t:|1700106585\n|move|p2a: Walking Wake|Dragon Pulse|p1a: Quandale Wingull\n|-damage|p1a: Quandale Wingull|0 fnt\n|faint|p1a: Quandale Wingull\n|\n|-weather|RainDance|[upkeep]\n|upkeep\n|inactive|2021MarkelleFultz has 90 seconds left.\n|c|\u26062021MarkelleFultz|no hables de markelle fultz aci\n|\n|t:|1700106607\n|switch|p1a: ScHoolBoy Skew|Barraskewda, F|100\/100\n|turn|15\n|c|\u2606el judasbert|el hombre de cristal\n|\n|t:|1700106614\n|-terastallize|p1a: ScHoolBoy Skew|Water\n|move|p1a: ScHoolBoy Skew|Liquidation|p2a: Walking Wake\n|-resisted|p2a: Walking Wake\n|-end|p2a: Walking Wake|Substitute\n|move|p2a: Walking Wake|Dragon Pulse|p1a: ScHoolBoy Skew\n|-damage|p1a: ScHoolBoy Skew|0 fnt\n|faint|p1a: ScHoolBoy Skew\n|\n|win|el judasbert\n|raw|2021MarkelleFultz's rating: 1515 &rarr; <strong>1492<\/strong><br \/>(-23 for losing)\n|raw|el judasbert's rating: 1466 &rarr; <strong>1489<\/strong><br \/>(+23 for winning)\n","uploadtime":1700106583,"views":7,"p1id":"2021markellefultz","p2id":"eljudasbert","formatid":"gen9ou","rating":1489,"private":0,"password":""}