{"id":"gen9ou-2000165638","p1":"DarkNy26","p2":"ShadowB2W2","format":"[Gen 9] OU","log":"|j|\u203dDarkNy26\n|j|\u2606ShadowB2W2\n|t:|1701165994\n|gametype|singles\n|player|p1|DarkNy26|dawn|1094\n|player|p2|ShadowB2W2|nate|1016\n|teamsize|p1|6\n|teamsize|p2|6\n|gen|9\n|tier|[Gen 9] OU\n|rated|\n|rule|Sleep Clause Mod: Limit one foe put to sleep\n|rule|Species Clause: Limit one of each Pok\u00e9mon\n|rule|OHKO Clause: OHKO moves are banned\n|rule|Evasion Items Clause: Evasion items are banned\n|rule|Evasion Moves Clause: Evasion moves are banned\n|rule|Endless Battle Clause: Forcing endless battles is banned\n|rule|HP Percentage Mod: HP is shown in percentages\n|clearpoke\n|poke|p1|Alomomola, F|\n|poke|p1|Slowking-Galar, F|\n|poke|p1|Kingambit, F|\n|poke|p1|Great Tusk|\n|poke|p1|Cinderace, F|\n|poke|p1|Thundurus-Therian, M|\n|poke|p2|Cinderace, M|\n|poke|p2|Talonflame, M|\n|poke|p2|Tsareena, F|\n|poke|p2|Ursaluna, M|\n|poke|p2|Klefki, M|\n|poke|p2|Corviknight, M|\n|teampreview\n|\n|t:|1701166007\n|start\n|switch|p1a: Great Tusk|Great Tusk|100\/100\n|switch|p2a: Tsareena|Tsareena, F|100\/100\n|turn|1\n|\n|t:|1701166021\n|move|p1a: Great Tusk|Rapid Spin|p2a: Tsareena\n|-damage|p2a: Tsareena|80\/100\n|-boost|p1a: Great Tusk|spe|1\n|move|p2a: Tsareena|Acupressure|p2a: Tsareena\n|-boost|p2a: Tsareena|evasion|2\n|\n|upkeep\n|turn|2\n|\n|t:|1701166034\n|move|p1a: Great Tusk|Headlong Rush|p2a: Tsareena\n|-resisted|p2a: Tsareena\n|-damage|p2a: Tsareena|48\/100\n|-unboost|p1a: Great Tusk|def|1\n|-unboost|p1a: Great Tusk|spd|1\n|move|p2a: Tsareena|Acupressure|p2a: Tsareena\n|-boost|p2a: Tsareena|atk|2\n|\n|upkeep\n|turn|3\n|\n|t:|1701166045\n|-end|p1a: Great Tusk|Protosynthesis|[silent]\n|switch|p1a: Slowking|Slowking-Galar, F|100\/100\n|move|p2a: Tsareena|Trailblaze|p1a: Slowking\n|-resisted|p1a: Slowking\n|-damage|p1a: Slowking|74\/100\n|-boost|p2a: Tsareena|spe|1\n|\n|upkeep\n|turn|4\n|\n|t:|1701166056\n|move|p2a: Tsareena|Acupressure|p2a: Tsareena\n|-boost|p2a: Tsareena|evasion|2\n|move|p1a: Slowking|Sludge Bomb|p2a: Tsareena|[miss]\n|-miss|p1a: Slowking|p2a: Tsareena\n|\n|upkeep\n|turn|5\n|\n|t:|1701166064\n|move|p2a: Tsareena|Acupressure|p2a: Tsareena\n|-boost|p2a: Tsareena|def|2\n|move|p1a: Slowking|Ice Beam|p2a: Tsareena|[miss]\n|-miss|p1a: Slowking|p2a: Tsareena\n|\n|upkeep\n|turn|6\n|\n|t:|1701166076\n|switch|p1a: Alomomola|Alomomola, F|100\/100\n|-terastallize|p2a: Tsareena|Grass\n|move|p2a: Tsareena|Trop Kick|p1a: Alomomola\n|-supereffective|p1a: Alomomola\n|-damage|p1a: Alomomola|0 fnt\n|faint|p1a: Alomomola\n|\n|upkeep\n|\n|t:|1701166093\n|switch|p1a: Great Tusk|Great Tusk|100\/100\n|turn|7\n|\n|t:|1701166098\n|move|p2a: Tsareena|Trop Kick|p1a: Great Tusk\n|-supereffective|p1a: Great Tusk\n|-damage|p1a: Great Tusk|0 fnt\n|-damage|p2a: Tsareena|31\/100|[from] item: Rocky Helmet|[of] p1a: Great Tusk\n|faint|p1a: Great Tusk\n|-end|p1a: Great Tusk|Protosynthesis|[silent]\n|\n|upkeep\n|l|\u203dDarkNy26\n|player|p1|\n|j|\u203dDarkNy26\n|player|p1|DarkNy26|dawn\n|n|\u203dDarkNy26|darkny26\n|-message|DarkNy26 forfeited.\n|\n|win|ShadowB2W2\n|raw|DarkNy26's rating: 1094 &rarr; <strong>1065<\/strong><br \/>(-29 for losing)\n|raw|ShadowB2W2's rating: 1016 &rarr; <strong>1062<\/strong><br \/>(+46 for winning)\n|l|\u203dDarkNy26\n","uploadtime":1701166136,"views":2,"p1id":"darkny26","p2id":"shadowb2w2","formatid":"gen9ou","rating":1062,"private":0,"password":""}