{"id":"gen9ou-1990953891","p1":"DesiredFood","p2":"saint_alphonso","format":"[Gen 9] OU","log":"|j|\u2606DesiredFood\n|j|\u2606saint_alphonso\n|t:|1700019241\n|gametype|singles\n|player|p1|DesiredFood|maid|1142\n|player|p2|saint_alphonso|clerk|1120\n|teamsize|p1|6\n|teamsize|p2|6\n|gen|9\n|tier|[Gen 9] OU\n|rated|\n|rule|Sleep Clause Mod: Limit one foe put to sleep\n|rule|Species Clause: Limit one of each Pok\u00e9mon\n|rule|OHKO Clause: OHKO moves are banned\n|rule|Evasion Items Clause: Evasion items are banned\n|rule|Evasion Moves Clause: Evasion moves are banned\n|rule|Endless Battle Clause: Forcing endless battles is banned\n|rule|HP Percentage Mod: HP is shown in percentages\n|clearpoke\n|poke|p1|Dragapult, M|\n|poke|p1|Heatran, M|\n|poke|p1|Great Tusk|\n|poke|p1|Amoonguss, M|\n|poke|p1|Weavile, M|\n|poke|p1|Enamorus, F|\n|poke|p2|Enamorus, F|\n|poke|p2|Zapdos|\n|poke|p2|Gholdengo|\n|poke|p2|Clefable, F|\n|poke|p2|Great Tusk|\n|poke|p2|Alomomola, F|\n|teampreview\n|inactive|Battle timer is ON: inactive players will automatically lose when time's up. (requested by saint_alphonso)\n|inactive|DesiredFood has 120 seconds left.\n|\n|t:|1700019284\n|start\n|switch|p1a: Jonathan Crane|Dragapult, M, shiny|100\/100\n|switch|p2a: Great Tusk|Great Tusk|100\/100\n|-enditem|p2a: Great Tusk|Booster Energy\n|-activate|p2a: Great Tusk|ability: Protosynthesis|[fromitem]\n|-start|p2a: Great Tusk|protosynthesisatk\n|turn|1\n|\n|t:|1700019291\n|move|p1a: Jonathan Crane|U-turn|p2a: Great Tusk\n|-resisted|p2a: Great Tusk\n|-damage|p2a: Great Tusk|94\/100\n|\n|t:|1700019310\n|switch|p1a: Dumbo|Great Tusk, shiny|100\/100|[from] U-turn\n|move|p2a: Great Tusk|Ice Spinner|p1a: Dumbo\n|-supereffective|p1a: Dumbo\n|-damage|p1a: Dumbo|55\/100\n|\n|-heal|p1a: Dumbo|61\/100|[from] item: Leftovers\n|upkeep\n|turn|2\n|\n|t:|1700019320\n|move|p2a: Great Tusk|Earthquake|p1a: Dumbo\n|-damage|p1a: Dumbo|18\/100\n|move|p1a: Dumbo|Ice Spinner|p2a: Great Tusk\n|-supereffective|p2a: Great Tusk\n|-damage|p2a: Great Tusk|46\/100\n|\n|-heal|p1a: Dumbo|24\/100|[from] item: Leftovers\n|upkeep\n|turn|3\n|\n|t:|1700019328\n|-end|p1a: Dumbo|Protosynthesis|[silent]\n|switch|p1a: Hot Chunk|Heatran, M, shiny|100\/100\n|-item|p1a: Hot Chunk|Air Balloon\n|move|p2a: Great Tusk|Ice Spinner|p1a: Hot Chunk\n|-resisted|p1a: Hot Chunk\n|-damage|p1a: Hot Chunk|92\/100\n|-enditem|p1a: Hot Chunk|Air Balloon\n|\n|upkeep\n|turn|4\n|inactive|saint_alphonso has 120 seconds left.\n|inactive|DesiredFood has 120 seconds left.\n|\n|t:|1700019364\n|-terastallize|p1a: Hot Chunk|Flying\n|move|p2a: Great Tusk|Earthquake|p1a: Hot Chunk\n|-immune|p1a: Hot Chunk\n|move|p1a: Hot Chunk|Will-O-Wisp|p2a: Great Tusk\n|-status|p2a: Great Tusk|brn\n|\n|-damage|p2a: Great Tusk|40\/100 brn|[from] brn\n|upkeep\n|turn|5\n|\n|t:|1700019373\n|-end|p2a: Great Tusk|Protosynthesis|[silent]\n|switch|p2a: Zapdos|Zapdos|100\/100\n|move|p1a: Hot Chunk|Stealth Rock|p2a: Zapdos\n|-sidestart|p2: saint_alphonso|move: Stealth Rock\n|\n|upkeep\n|turn|6\n|\n|t:|1700019379\n|switch|p1a: Dumbo|Great Tusk, shiny|24\/100\n|move|p2a: Zapdos|Volt Switch|p1a: Dumbo\n|-immune|p1a: Dumbo\n|\n|-heal|p1a: Dumbo|30\/100|[from] item: Leftovers\n|upkeep\n|turn|7\n|\n|t:|1700019389\n|-end|p1a: Dumbo|Protosynthesis|[silent]\n|switch|p1a: Hot Chunk|Heatran, M, shiny, tera:Flying|92\/100\n|move|p2a: Zapdos|Hurricane|p1a: Hot Chunk\n|-damage|p1a: Hot Chunk|33\/100\n|\n|upkeep\n|turn|8\n|\n|t:|1700019396\n|switch|p1a: Dumbo|Great Tusk, shiny|30\/100\n|move|p2a: Zapdos|Hurricane|p1a: Dumbo\n|-supereffective|p1a: Dumbo\n|-damage|p1a: Dumbo|0 fnt\n|faint|p1a: Dumbo\n|-end|p1a: Dumbo|Protosynthesis|[silent]\n|\n|upkeep\n|\n|t:|1700019405\n|switch|p1a: TMafia|Weavile, M, shiny|100\/100\n|turn|9\n|\n|t:|1700019409\n|move|p1a: TMafia|Icicle Crash|p2a: Zapdos\n|-supereffective|p2a: Zapdos\n|-damage|p2a: Zapdos|0 fnt\n|faint|p2a: Zapdos\n|\n|upkeep\n|\n|t:|1700019414\n|switch|p2a: Gholdengo|Gholdengo|100\/100\n|-damage|p2a: Gholdengo|94\/100|[from] Stealth Rock\n|turn|10\n|\n|t:|1700019428\n|switch|p1a: Amanita Phalloides|Amoonguss, M, shiny|100\/100\n|move|p2a: Gholdengo|Make It Rain|p1a: Amanita Phalloides\n|-damage|p1a: Amanita Phalloides|56\/100\n|-unboost|p2a: Gholdengo|spa|1\n|-enditem|p1a: Amanita Phalloides|Red Card|[of] p2a: Gholdengo\n|drag|p2a: Clefable|Clefable, F|100\/100\n|\n|upkeep\n|turn|11\n|\n|t:|1700019439\n|move|p2a: Clefable|Stealth Rock|p1a: Amanita Phalloides\n|-sidestart|p1: DesiredFood|move: Stealth Rock\n|move|p1a: Amanita Phalloides|Spore|p2a: Clefable\n|-status|p2a: Clefable|slp|[from] move: Spore\n|\n|upkeep\n|turn|12\n|\n|t:|1700019445\n|cant|p2a: Clefable|slp\n|move|p1a: Amanita Phalloides|Sludge Bomb|p2a: Clefable\n|-supereffective|p2a: Clefable\n|-damage|p2a: Clefable|62\/100 slp\n|\n|-heal|p2a: Clefable|69\/100 slp|[from] item: Leftovers\n|upkeep\n|turn|13\n|\n|t:|1700019451\n|switch|p1a: Hot Chunk|Heatran, M, shiny, tera:Flying|33\/100\n|-damage|p1a: Hot Chunk|9\/100|[from] Stealth Rock\n|cant|p2a: Clefable|slp\n|\n|-heal|p2a: Clefable|75\/100 slp|[from] item: Leftovers\n|upkeep\n|turn|14\n|l|\u2606DesiredFood\n|inactive|DesiredFood disconnected and has a minute to reconnect!\n|player|p1|\n|j|\u2606DesiredFood\n|inactive|DesiredFood reconnected and has 145 seconds left.\n|player|p1|DesiredFood|maid\n|\n|t:|1700019463\n|move|p1a: Hot Chunk|Magma Storm|p2a: Clefable\n|-damage|p2a: Clefable|40\/100 slp\n|-activate|p2a: Clefable|move: Magma Storm|[of] p1a: Hot Chunk\n|-curestatus|p2a: Clefable|slp|[msg]\n|move|p2a: Clefable|Thunder Wave|p1a: Hot Chunk\n|-status|p1a: Hot Chunk|par\n|\n|-heal|p2a: Clefable|46\/100|[from] item: Leftovers\n|upkeep\n|turn|15\n|\n|t:|1700019472\n|move|p2a: Clefable|Moonlight|p2a: Clefable\n|-heal|p2a: Clefable|96\/100\n|move|p1a: Hot Chunk|Magma Storm|p2a: Clefable\n|-damage|p2a: Clefable|63\/100\n|\n|-heal|p2a: Clefable|69\/100|[from] item: Leftovers\n|upkeep\n|turn|16\n|\n|t:|1700019479\n|move|p2a: Clefable|Moonblast|p1a: Hot Chunk\n|-damage|p1a: Hot Chunk|0 fnt\n|faint|p1a: Hot Chunk\n|\n|-heal|p2a: Clefable|75\/100|[from] item: Leftovers\n|-end|p2a: Clefable|Magma Storm|[partiallytrapped]|[silent]\n|upkeep\n|\n|t:|1700019503\n|switch|p1a: Amanita Phalloides|Amoonguss, M, shiny|89\/100\n|-damage|p1a: Amanita Phalloides|77\/100|[from] Stealth Rock\n|turn|17\n|\n|t:|1700019512\n|move|p2a: Clefable|Thunder Wave|p1a: Amanita Phalloides\n|-status|p1a: Amanita Phalloides|par\n|move|p1a: Amanita Phalloides|Spore|p2a: Clefable\n|-status|p2a: Clefable|slp|[from] move: Spore\n|\n|-heal|p2a: Clefable|81\/100 slp|[from] item: Leftovers\n|upkeep\n|turn|18\n|\n|t:|1700019520\n|switch|p2a: Alomomola|Alomomola, F, shiny|100\/100\n|-damage|p2a: Alomomola|88\/100|[from] Stealth Rock\n|move|p1a: Amanita Phalloides|Sludge Bomb|p2a: Alomomola\n|-damage|p2a: Alomomola|57\/100\n|-status|p2a: Alomomola|psn\n|\n|-damage|p2a: Alomomola|44\/100 psn|[from] psn\n|upkeep\n|turn|19\n|\n|t:|1700019529\n|move|p2a: Alomomola|Flip Turn|p1a: Amanita Phalloides\n|-resisted|p1a: Amanita Phalloides\n|-damage|p1a: Amanita Phalloides|69\/100 par\n|\n|t:|1700019535\n|switch|p2a: Enamorus|Enamorus, F|100\/100|[from] Flip Turn\n|-damage|p2a: Enamorus|76\/100|[from] Stealth Rock\n|move|p1a: Amanita Phalloides|Sludge Bomb|p2a: Enamorus\n|-supereffective|p2a: Enamorus\n|-damage|p2a: Enamorus|0 fnt\n|faint|p2a: Enamorus\n|\n|upkeep\n|\n|t:|1700019545\n|switch|p2a: Gholdengo|Gholdengo|94\/100\n|-damage|p2a: Gholdengo|88\/100|[from] Stealth Rock\n|turn|20\n|inactive|DesiredFood has 120 seconds left.\n|\n|t:|1700019578\n|move|p2a: Gholdengo|Nasty Plot|p2a: Gholdengo\n|-boost|p2a: Gholdengo|spa|2\n|move|p1a: Amanita Phalloides|Stomping Tantrum|p2a: Gholdengo\n|-supereffective|p2a: Gholdengo\n|-damage|p2a: Gholdengo|62\/100\n|\n|upkeep\n|turn|21\n|\n|t:|1700019587\n|switch|p1a: Jonathan Crane|Dragapult, M, shiny|100\/100\n|move|p2a: Gholdengo|Recover|p2a: Gholdengo\n|-heal|p2a: Gholdengo|100\/100\n|\n|upkeep\n|turn|22\n|\n|t:|1700019592\n|-terastallize|p2a: Gholdengo|Fire\n|move|p1a: Jonathan Crane|Thunder Wave|p2a: Gholdengo\n|-immune|p2a: Gholdengo|[from] ability: Good as Gold\n|move|p2a: Gholdengo|Shadow Ball|p1a: Jonathan Crane\n|-supereffective|p1a: Jonathan Crane\n|-damage|p1a: Jonathan Crane|0 fnt\n|faint|p1a: Jonathan Crane\n|\n|upkeep\n|\n|t:|1700019606\n|switch|p1a: TMafia|Weavile, M, shiny|100\/100\n|-damage|p1a: TMafia|76\/100|[from] Stealth Rock\n|turn|23\n|\n|t:|1700019612\n|move|p1a: TMafia|Knock Off|p2a: Gholdengo\n|-crit|p2a: Gholdengo\n|-damage|p2a: Gholdengo|31\/100\n|-enditem|p2a: Gholdengo|Covert Cloak|[from] move: Knock Off|[of] p1a: TMafia\n|move|p2a: Gholdengo|Make It Rain|p1a: TMafia\n|-supereffective|p1a: TMafia\n|-damage|p1a: TMafia|0 fnt\n|-unboost|p2a: Gholdengo|spa|1\n|faint|p1a: TMafia\n|\n|upkeep\n|\n|t:|1700019616\n|switch|p1a: Lovetolos|Enamorus, F, shiny|100\/100\n|turn|24\n|\n|t:|1700019628\n|move|p1a: Lovetolos|Earth Power|p2a: Gholdengo\n|-supereffective|p2a: Gholdengo\n|-damage|p2a: Gholdengo|0 fnt\n|faint|p2a: Gholdengo\n|\n|upkeep\n|\n|t:|1700019640\n|switch|p2a: Clefable|Clefable, F|81\/100 slp\n|turn|25\n|\n|t:|1700019649\n|move|p1a: Lovetolos|Calm Mind|p1a: Lovetolos\n|-boost|p1a: Lovetolos|spa|1\n|-boost|p1a: Lovetolos|spd|1\n|cant|p2a: Clefable|slp\n|\n|-heal|p2a: Clefable|87\/100 slp|[from] item: Leftovers\n|upkeep\n|turn|26\n|\n|t:|1700019655\n|move|p1a: Lovetolos|Earth Power|p2a: Clefable\n|-damage|p2a: Clefable|53\/100 slp\n|-curestatus|p2a: Clefable|slp|[msg]\n|move|p2a: Clefable|Thunder Wave|p1a: Lovetolos\n|-status|p1a: Lovetolos|par\n|\n|-heal|p2a: Clefable|59\/100|[from] item: Leftovers\n|upkeep\n|turn|27\n|\n|t:|1700019663\n|move|p1a: Lovetolos|Calm Mind|p1a: Lovetolos\n|-boost|p1a: Lovetolos|spa|1\n|-boost|p1a: Lovetolos|spd|1\n|move|p2a: Clefable|Moonblast|p1a: Lovetolos\n|-damage|p1a: Lovetolos|77\/100 par\n|\n|-heal|p2a: Clefable|65\/100|[from] item: Leftovers\n|upkeep\n|turn|28\n|\n|t:|1700019673\n|move|p1a: Lovetolos|Earth Power|p2a: Clefable\n|-damage|p2a: Clefable|23\/100\n|move|p2a: Clefable|Moonblast|p1a: Lovetolos\n|-damage|p1a: Lovetolos|54\/100 par\n|\n|-heal|p2a: Clefable|29\/100|[from] item: Leftovers\n|upkeep\n|turn|29\n|\n|t:|1700019684\n|move|p1a: Lovetolos|Calm Mind|p1a: Lovetolos\n|-boost|p1a: Lovetolos|spa|1\n|-boost|p1a: Lovetolos|spd|1\n|move|p2a: Clefable|Moonlight|p2a: Clefable\n|-heal|p2a: Clefable|79\/100\n|\n|-heal|p2a: Clefable|85\/100|[from] item: Leftovers\n|upkeep\n|turn|30\n|\n|t:|1700019691\n|move|p1a: Lovetolos|Earth Power|p2a: Clefable\n|-damage|p2a: Clefable|29\/100\n|move|p2a: Clefable|Moonblast|p1a: Lovetolos\n|-damage|p1a: Lovetolos|38\/100 par\n|\n|-heal|p2a: Clefable|36\/100|[from] item: Leftovers\n|upkeep\n|turn|31\n|\n|t:|1700019698\n|cant|p1a: Lovetolos|par\n|move|p2a: Clefable|Moonlight|p2a: Clefable\n|-heal|p2a: Clefable|86\/100\n|\n|-heal|p2a: Clefable|92\/100|[from] item: Leftovers\n|upkeep\n|turn|32\n|\n|t:|1700019704\n|move|p1a: Lovetolos|Earth Power|p2a: Clefable\n|-damage|p2a: Clefable|40\/100\n|move|p2a: Clefable|Moonblast|p1a: Lovetolos\n|-damage|p1a: Lovetolos|19\/100 par\n|\n|-heal|p2a: Clefable|46\/100|[from] item: Leftovers\n|upkeep\n|turn|33\n|\n|t:|1700019711\n|cant|p1a: Lovetolos|par\n|move|p2a: Clefable|Moonlight|p2a: Clefable\n|-heal|p2a: Clefable|96\/100\n|\n|-heal|p2a: Clefable|100\/100|[from] item: Leftovers\n|upkeep\n|turn|34\n|\n|t:|1700019717\n|cant|p1a: Lovetolos|par\n|move|p2a: Clefable|Moonblast|p1a: Lovetolos\n|-damage|p1a: Lovetolos|1\/100 par\n|\n|upkeep\n|turn|35\n|\n|t:|1700019723\n|cant|p1a: Lovetolos|par\n|move|p2a: Clefable|Moonblast|p1a: Lovetolos\n|-damage|p1a: Lovetolos|0 fnt\n|faint|p1a: Lovetolos\n|\n|upkeep\n|c|\u2606DesiredFood|lol\n|\n|t:|1700019727\n|switch|p1a: Amanita Phalloides|Amoonguss, M, shiny|100\/100 par\n|-damage|p1a: Amanita Phalloides|88\/100 par|[from] Stealth Rock\n|turn|36\n|\n|t:|1700019732\n|move|p2a: Clefable|Moonblast|p1a: Amanita Phalloides\n|-resisted|p1a: Amanita Phalloides\n|-damage|p1a: Amanita Phalloides|77\/100 par\n|cant|p1a: Amanita Phalloides|par\n|\n|upkeep\n|turn|37\n|c|\u2606DesiredFood|how\n|c|\u2606DesiredFood|is this even possbile\n|\n|t:|1700019754\n|move|p2a: Clefable|Moonblast|p1a: Amanita Phalloides\n|-resisted|p1a: Amanita Phalloides\n|-damage|p1a: Amanita Phalloides|66\/100 par\n|-unboost|p1a: Amanita Phalloides|spa|1\n|cant|p1a: Amanita Phalloides|par\n|\n|upkeep\n|turn|38\n|c|\u2606DesiredFood|WHAT\n|\n|t:|1700019762\n|move|p2a: Clefable|Moonblast|p1a: Amanita Phalloides\n|-resisted|p1a: Amanita Phalloides\n|-damage|p1a: Amanita Phalloides|56\/100 par\n|move|p1a: Amanita Phalloides|Sludge Bomb|p2a: Clefable\n|-supereffective|p2a: Clefable\n|-damage|p2a: Clefable|76\/100\n|\n|-heal|p2a: Clefable|82\/100|[from] item: Leftovers\n|upkeep\n|turn|39\n|c|\u2606saint_alphonso|gg\n|c|\u2606DesiredFood|gg? not for me\n|\n|t:|1700019774\n|move|p2a: Clefable|Moonblast|p1a: Amanita Phalloides\n|-resisted|p1a: Amanita Phalloides\n|-damage|p1a: Amanita Phalloides|45\/100 par\n|move|p1a: Amanita Phalloides|Sludge Bomb|p2a: Clefable\n|-supereffective|p2a: Clefable\n|-damage|p2a: Clefable|58\/100\n|-status|p2a: Clefable|psn\n|\n|-heal|p2a: Clefable|64\/100 psn|[from] item: Leftovers\n|upkeep\n|turn|40\n|c|\u2606saint_alphonso|Dude\n|c|\u2606saint_alphonso|I can stall you here\n|\n|t:|1700019783\n|move|p2a: Clefable|Moonlight|p2a: Clefable\n|-heal|p2a: Clefable|100\/100 psn\n|move|p1a: Amanita Phalloides|Sludge Bomb|p2a: Clefable\n|-supereffective|p2a: Clefable\n|-damage|p2a: Clefable|74\/100 psn\n|\n|-heal|p2a: Clefable|80\/100 psn|[from] item: Leftovers\n|upkeep\n|turn|41\n|c|\u2606DesiredFood|u know what gg means?\n|\n|t:|1700019792\n|move|p2a: Clefable|Moonblast|p1a: Amanita Phalloides\n|-resisted|p1a: Amanita Phalloides\n|-damage|p1a: Amanita Phalloides|35\/100 par\n|move|p1a: Amanita Phalloides|Sludge Bomb|p2a: Clefable\n|-supereffective|p2a: Clefable\n|-damage|p2a: Clefable|57\/100 psn\n|\n|-heal|p2a: Clefable|63\/100 psn|[from] item: Leftovers\n|upkeep\n|turn|42\n|c|\u2606saint_alphonso|Yeah\n|c|\u2606DesiredFood|what does it mean\n|c|\u2606saint_alphonso|I mean, paralysis happens\n|c|\u2606saint_alphonso|Good game\n|\n|t:|1700019806\n|move|p2a: Clefable|Moonblast|p1a: Amanita Phalloides\n|-resisted|p1a: Amanita Phalloides\n|-damage|p1a: Amanita Phalloides|24\/100 par\n|-unboost|p1a: Amanita Phalloides|spa|1\n|move|p1a: Amanita Phalloides|Sludge Bomb|p2a: Clefable\n|-supereffective|p2a: Clefable\n|-damage|p2a: Clefable|44\/100 psn\n|\n|-heal|p2a: Clefable|50\/100 psn|[from] item: Leftovers\n|upkeep\n|turn|43\n|c|\u2606DesiredFood|so how is this a good game if u hax me\n|\n|t:|1700019815\n|move|p2a: Clefable|Moonlight|p2a: Clefable\n|-heal|p2a: Clefable|99\/100 psn\n|move|p1a: Amanita Phalloides|Sludge Bomb|p2a: Clefable\n|-supereffective|p2a: Clefable\n|-damage|p2a: Clefable|82\/100 psn\n|\n|-heal|p2a: Clefable|88\/100 psn|[from] item: Leftovers\n|upkeep\n|turn|44\n|c|\u2606saint_alphonso|Sometimes you just lose\n|c|\u2606saint_alphonso|Lost to random freeze earlier today\n|inactive|DesiredFood has 120 seconds left.\n|c|\u2606DesiredFood|i know but u sying gg is like rubbing salt in my wounds\n|c|\u2606DesiredFood|it hurtz\n|\n|t:|1700019856\n|move|p2a: Clefable|Moonblast|p1a: Amanita Phalloides\n|-resisted|p1a: Amanita Phalloides\n|-damage|p1a: Amanita Phalloides|14\/100 par\n|-unboost|p1a: Amanita Phalloides|spa|1\n|move|p1a: Amanita Phalloides|Sludge Bomb|p2a: Clefable\n|-supereffective|p2a: Clefable\n|-damage|p2a: Clefable|73\/100 psn\n|\n|-heal|p2a: Clefable|79\/100 psn|[from] item: Leftovers\n|upkeep\n|turn|45\n|\n|t:|1700019866\n|move|p2a: Clefable|Moonblast|p1a: Amanita Phalloides\n|-resisted|p1a: Amanita Phalloides\n|-damage|p1a: Amanita Phalloides|3\/100 par\n|-unboost|p1a: Amanita Phalloides|spa|1\n|move|p1a: Amanita Phalloides|Sludge Bomb|p2a: Clefable\n|-supereffective|p2a: Clefable\n|-damage|p2a: Clefable|65\/100 psn\n|\n|-heal|p2a: Clefable|71\/100 psn|[from] item: Leftovers\n|upkeep\n|turn|46\n|\n|t:|1700019874\n|move|p2a: Clefable|Moonblast|p1a: Amanita Phalloides\n|-resisted|p1a: Amanita Phalloides\n|-damage|p1a: Amanita Phalloides|0 fnt\n|faint|p1a: Amanita Phalloides\n|\n|win|saint_alphonso\n|raw|DesiredFood's rating: 1142 &rarr; <strong>1115<\/strong><br \/>(-27 for losing)\n|raw|saint_alphonso's rating: 1120 &rarr; <strong>1147<\/strong><br \/>(+27 for winning)\n|l|\u2606saint_alphonso\n","uploadtime":1700019889,"views":16,"p1id":"desiredfood","p2id":"saintalphonso","formatid":"gen9ou","rating":1115,"private":0,"password":""}