{"id":"gen9ou-1992048972","p1":"Zovafire","p2":"Charli91","format":"[Gen 9] OU","log":"|j|\u2606Zovafire\n|j|\u2606Charli91\n|t:|1700150790\n|gametype|singles\n|player|p1|Zovafire|roxie|1423\n|player|p2|Charli91|lucas|1486\n|teamsize|p1|6\n|teamsize|p2|6\n|gen|9\n|tier|[Gen 9] OU\n|rated|\n|rule|Sleep Clause Mod: Limit one foe put to sleep\n|rule|Species Clause: Limit one of each Pok\u00e9mon\n|rule|OHKO Clause: OHKO moves are banned\n|rule|Evasion Items Clause: Evasion items are banned\n|rule|Evasion Moves Clause: Evasion moves are banned\n|rule|Endless Battle Clause: Forcing endless battles is banned\n|rule|HP Percentage Mod: HP is shown in percentages\n|clearpoke\n|poke|p1|Great Tusk|\n|poke|p1|Ogerpon-Wellspring, F|\n|poke|p1|Hatterene, F|\n|poke|p1|Kingambit, M|\n|poke|p1|Meowscarada, F|\n|poke|p1|Ninetales-Alola, F|\n|poke|p2|Gholdengo|\n|poke|p2|Greninja-*, M|\n|poke|p2|Rillaboom, F|\n|poke|p2|Dragonite, M|\n|poke|p2|Landorus-Therian, M|\n|poke|p2|Ribombee, M|\n|teampreview\n|inactive|Battle timer is ON: inactive players will automatically lose when time's up. (requested by Zovafire)\n|\n|t:|1700150795\n|start\n|switch|p1a: Shiver Tails|Ninetales-Alola, F|100\/100\n|switch|p2a: Ribombee|Ribombee, M|100\/100\n|-weather|Snow|[from] ability: Snow Warning|[of] p1a: Shiver Tails\n|turn|1\n|\n|t:|1700150803\n|switch|p1a: Fungal Witch|Hatterene, F|100\/100\n|move|p2a: Ribombee|Moonblast|p1a: Fungal Witch\n|-damage|p1a: Fungal Witch|56\/100\n|\n|-weather|Snow|[upkeep]\n|-heal|p1a: Fungal Witch|62\/100|[from] item: Leftovers\n|upkeep\n|turn|2\n|\n|t:|1700150812\n|move|p2a: Ribombee|Moonblast|p1a: Fungal Witch\n|-damage|p1a: Fungal Witch|18\/100\n|-unboost|p1a: Fungal Witch|spa|1\n|move|p1a: Fungal Witch|Draining Kiss|p2a: Ribombee\n|-damage|p2a: Ribombee|76\/100\n|-heal|p1a: Fungal Witch|33\/100|[from] drain|[of] p2a: Ribombee\n|\n|-weather|Snow|[upkeep]\n|-heal|p1a: Fungal Witch|39\/100|[from] item: Leftovers\n|upkeep\n|turn|3\n|\n|t:|1700150827\n|switch|p1a: Shiver Tails|Ninetales-Alola, F|100\/100\n|move|p2a: Ribombee|Moonblast|p1a: Shiver Tails\n|-damage|p1a: Shiver Tails|62\/100\n|-unboost|p1a: Shiver Tails|spa|1\n|\n|-weather|Snow|[upkeep]\n|upkeep\n|turn|4\n|\n|t:|1700150836\n|switch|p1a: Fungal Witch|Hatterene, F|39\/100\n|move|p2a: Ribombee|Sticky Web|p1a: Fungal Witch\n|move|p1a: Fungal Witch|Sticky Web|p2a: Ribombee|[from]ability: Magic Bounce\n|-sidestart|p2: Charli91|move: Sticky Web\n|\n|-weather|Snow|[upkeep]\n|-heal|p1a: Fungal Witch|45\/100|[from] item: Leftovers\n|upkeep\n|turn|5\n|\n|t:|1700150846\n|switch|p1a: Shiver Tails|Ninetales-Alola, F|62\/100\n|move|p2a: Ribombee|Moonblast|p1a: Shiver Tails\n|-damage|p1a: Shiver Tails|21\/100\n|-unboost|p1a: Shiver Tails|spa|1\n|\n|-weather|none\n|upkeep\n|turn|6\n|\n|t:|1700150854\n|move|p2a: Ribombee|Moonblast|p1a: Shiver Tails\n|-damage|p1a: Shiver Tails|0 fnt\n|faint|p1a: Shiver Tails\n|\n|upkeep\n|\n|t:|1700150859\n|switch|p1a: Great Tusk|Great Tusk|100\/100\n|-enditem|p1a: Great Tusk|Booster Energy\n|-activate|p1a: Great Tusk|ability: Protosynthesis|[fromitem]\n|-start|p1a: Great Tusk|protosynthesisspe\n|turn|7\n|\n|t:|1700150882\n|-terastallize|p2a: Ribombee|Ghost\n|move|p1a: Great Tusk|Ice Spinner|p2a: Ribombee\n|-damage|p2a: Ribombee|28\/100\n|move|p2a: Ribombee|Sticky Web|p1a: Great Tusk\n|-sidestart|p1: Zovafire|move: Sticky Web\n|\n|upkeep\n|turn|8\n|\n|t:|1700150890\n|move|p1a: Great Tusk|Knock Off|p2a: Ribombee\n|-supereffective|p2a: Ribombee\n|-damage|p2a: Ribombee|0 fnt\n|-enditem|p2a: Ribombee|Focus Sash|[from] move: Knock Off|[of] p1a: Great Tusk\n|faint|p2a: Ribombee\n|\n|upkeep\n|\n|t:|1700150902\n|switch|p2a: Gholdengo|Gholdengo|100\/100\n|-activate|p2a: Gholdengo|move: Sticky Web\n|-unboost|p2a: Gholdengo|spe|1\n|turn|9\n|\n|t:|1700150909\n|move|p1a: Great Tusk|Bulk Up|p1a: Great Tusk\n|-boost|p1a: Great Tusk|atk|1\n|-boost|p1a: Great Tusk|def|1\n|move|p2a: Gholdengo|Dazzling Gleam|p1a: Great Tusk\n|-supereffective|p1a: Great Tusk\n|-damage|p1a: Great Tusk|23\/100\n|\n|upkeep\n|turn|10\n|\n|t:|1700150916\n|switch|p2a: Landorus|Landorus-Therian, M|100\/100\n|-ability|p2a: Landorus|Intimidate|boost\n|-unboost|p1a: Great Tusk|atk|1\n|move|p1a: Great Tusk|Knock Off|p2a: Landorus\n|-damage|p2a: Landorus|66\/100\n|-enditem|p2a: Landorus|Focus Sash|[from] move: Knock Off|[of] p1a: Great Tusk\n|\n|upkeep\n|turn|11\n|\n|t:|1700150928\n|switch|p2a: Gholdengo|Gholdengo|100\/100\n|-activate|p2a: Gholdengo|move: Sticky Web\n|-unboost|p2a: Gholdengo|spe|1\n|move|p1a: Great Tusk|Ice Spinner|p2a: Gholdengo\n|-resisted|p2a: Gholdengo\n|-damage|p2a: Gholdengo|88\/100\n|\n|upkeep\n|turn|12\n|\n|t:|1700150936\n|move|p1a: Great Tusk|Knock Off|p2a: Gholdengo\n|-supereffective|p2a: Gholdengo\n|-damage|p2a: Gholdengo|22\/100\n|-enditem|p2a: Gholdengo|Assault Vest|[from] move: Knock Off|[of] p1a: Great Tusk\n|move|p2a: Gholdengo|Dazzling Gleam|p1a: Great Tusk\n|-supereffective|p1a: Great Tusk\n|-damage|p1a: Great Tusk|0 fnt\n|faint|p1a: Great Tusk\n|-end|p1a: Great Tusk|Protosynthesis|[silent]\n|\n|upkeep\n|\n|t:|1700150944\n|switch|p1a: Wellspring Cudgel|Ogerpon-Wellspring, F|100\/100\n|-activate|p1a: Wellspring Cudgel|move: Sticky Web\n|-unboost|p1a: Wellspring Cudgel|spe|1\n|turn|13\n|\n|t:|1700150951\n|move|p1a: Wellspring Cudgel|Swords Dance|p1a: Wellspring Cudgel\n|-boost|p1a: Wellspring Cudgel|atk|2\n|move|p2a: Gholdengo|Shadow Ball|p1a: Wellspring Cudgel\n|-damage|p1a: Wellspring Cudgel|53\/100\n|\n|upkeep\n|turn|14\n|\n|t:|1700150958\n|move|p1a: Wellspring Cudgel|Ivy Cudgel|p2a: Gholdengo|[anim] Ivy Cudgel Water\n|-damage|p2a: Gholdengo|0 fnt\n|faint|p2a: Gholdengo\n|\n|upkeep\n|\n|t:|1700150961\n|switch|p2a: Landorus|Landorus-Therian, M|66\/100\n|-ability|p2a: Landorus|Intimidate|boost\n|-unboost|p1a: Wellspring Cudgel|atk|1\n|turn|15\n|\n|t:|1700150967\n|move|p2a: Landorus|U-turn|p1a: Wellspring Cudgel\n|-supereffective|p1a: Wellspring Cudgel\n|-damage|p1a: Wellspring Cudgel|0 fnt\n|faint|p1a: Wellspring Cudgel\n|\n|t:|1700150996\n|switch|p2a: Rillaboom|Rillaboom, F|100\/100|[from] U-turn\n|-activate|p2a: Rillaboom|move: Sticky Web\n|-unboost|p2a: Rillaboom|spe|1\n|-fieldstart|move: Grassy Terrain|[from] ability: Grassy Surge|[of] p2a: Rillaboom\n|\n|upkeep\n|\n|t:|1700151004\n|switch|p1a: Fungal Witch|Hatterene, F|45\/100\n|-activate|p1a: Fungal Witch|move: Sticky Web\n|-unboost|p1a: Fungal Witch|spe|1\n|turn|16\n|\n|t:|1700151009\n|move|p2a: Rillaboom|Grassy Glide|p1a: Fungal Witch\n|-damage|p1a: Fungal Witch|0 fnt\n|faint|p1a: Fungal Witch\n|-damage|p2a: Rillaboom|91\/100|[from] item: Life Orb\n|\n|-heal|p2a: Rillaboom|97\/100|[from] Grassy Terrain\n|upkeep\n|\n|t:|1700151017\n|switch|p1a: Iron Overlord|Kingambit, M|100\/100\n|-activate|p1a: Iron Overlord|move: Sticky Web\n|-unboost|p1a: Iron Overlord|spe|1\n|-activate|p1a: Iron Overlord|ability: Supreme Overlord\n|-start|p1a: Iron Overlord|fallen4|[silent]\n|turn|17\n|\n|t:|1700151023\n|move|p2a: Rillaboom|Hammer Arm|p1a: Iron Overlord\n|-supereffective|p1a: Iron Overlord\n|-damage|p1a: Iron Overlord|0 fnt\n|-unboost|p2a: Rillaboom|spe|1\n|faint|p1a: Iron Overlord\n|-end|p1a: Iron Overlord|fallen4|[silent]\n|-damage|p2a: Rillaboom|87\/100|[from] item: Life Orb\n|\n|-heal|p2a: Rillaboom|93\/100|[from] Grassy Terrain\n|upkeep\n|\n|t:|1700151025\n|switch|p1a: Purring Mask|Meowscarada, F, shiny|100\/100\n|-activate|p1a: Purring Mask|move: Sticky Web\n|-unboost|p1a: Purring Mask|spe|1\n|turn|18\n|\n|t:|1700151031\n|move|p1a: Purring Mask|Play Rough|p2a: Rillaboom\n|-start|p1a: Purring Mask|typechange|Fairy|[from] ability: Protean\n|-damage|p2a: Rillaboom|48\/100\n|move|p2a: Rillaboom|Hammer Arm|p1a: Purring Mask\n|-resisted|p1a: Purring Mask\n|-damage|p1a: Purring Mask|64\/100\n|-unboost|p2a: Rillaboom|spe|1\n|-damage|p2a: Rillaboom|38\/100|[from] item: Life Orb\n|\n|-heal|p1a: Purring Mask|70\/100|[from] Grassy Terrain\n|-heal|p2a: Rillaboom|44\/100|[from] Grassy Terrain\n|upkeep\n|turn|19\n|\n|t:|1700151046\n|move|p2a: Rillaboom|Grassy Glide|p1a: Purring Mask\n|-damage|p1a: Purring Mask|0 fnt\n|faint|p1a: Purring Mask\n|-damage|p2a: Rillaboom|34\/100|[from] item: Life Orb\n|\n|win|Charli91\n|raw|Zovafire's rating: 1423 &rarr; <strong>1407<\/strong><br \/>(-16 for losing)\n|raw|Charli91's rating: 1486 &rarr; <strong>1502<\/strong><br \/>(+16 for winning)\n|l|\u2606Zovafire\n|c|\u2606Charli91|Gg\n","uploadtime":1700151054,"views":15,"p1id":"zovafire","p2id":"charli91","formatid":"gen9ou","rating":1407,"private":0,"password":""}