{"id":"gen9ou-1990073523","p1":"usopp_popz123","p2":"Chi-Guy1127","format":"[Gen 9] OU","log":"|j|\u2606usopp_popz123\n|j|\u2606Chi-Guy1127\n|t:|1699921680\n|gametype|singles\n|player|p1|usopp_popz123|ninjaboy|1078\n|player|p2|Chi-Guy1127|byron|1027\n|teamsize|p1|6\n|teamsize|p2|6\n|gen|9\n|tier|[Gen 9] OU\n|rated|\n|rule|Sleep Clause Mod: Limit one foe put to sleep\n|rule|Species Clause: Limit one of each Pok\u00e9mon\n|rule|OHKO Clause: OHKO moves are banned\n|rule|Evasion Items Clause: Evasion items are banned\n|rule|Evasion Moves Clause: Evasion moves are banned\n|rule|Endless Battle Clause: Forcing endless battles is banned\n|rule|HP Percentage Mod: HP is shown in percentages\n|clearpoke\n|poke|p1|Ogerpon-Wellspring, F|\n|poke|p1|Corviknight, M|\n|poke|p1|Alomomola, M|\n|poke|p1|Landorus-Therian, M|\n|poke|p1|Heatran, F|\n|poke|p1|Ting-Lu|\n|poke|p2|Great Tusk|\n|poke|p2|Kingambit, F|\n|poke|p2|Rillaboom, F|\n|poke|p2|Walking Wake|\n|poke|p2|Hatterene, F|\n|poke|p2|Ribombee, M|\n|teampreview\n|\n|t:|1699921727\n|start\n|switch|p1a: Heatran|Heatran, F|100\/100\n|switch|p2a: Ribombee|Ribombee, M|100\/100\n|turn|1\n|\n|t:|1699921739\n|move|p2a: Ribombee|Sticky Web|p1a: Heatran\n|-sidestart|p1: usopp_popz123|move: Sticky Web\n|move|p1a: Heatran|Flamethrower|p2a: Ribombee\n|-supereffective|p2a: Ribombee\n|-enditem|p2a: Ribombee|Focus Sash\n|-damage|p2a: Ribombee|1\/100\n|\n|upkeep\n|turn|2\n|\n|t:|1699921745\n|move|p2a: Ribombee|Moonblast|p1a: Heatran\n|-resisted|p1a: Heatran\n|-crit|p1a: Heatran\n|-damage|p1a: Heatran|93\/100\n|-unboost|p1a: Heatran|spa|1\n|move|p1a: Heatran|Flamethrower|p2a: Ribombee\n|-supereffective|p2a: Ribombee\n|-damage|p2a: Ribombee|0 fnt\n|faint|p2a: Ribombee\n|\n|upkeep\n|\n|t:|1699921756\n|switch|p2a: Great Tusk|Great Tusk|100\/100\n|-enditem|p2a: Great Tusk|Booster Energy\n|-activate|p2a: Great Tusk|ability: Protosynthesis|[fromitem]\n|-start|p2a: Great Tusk|protosynthesisatk\n|turn|3\n|\n|t:|1699921761\n|switch|p1a: Corviknight|Corviknight, M|100\/100\n|move|p2a: Great Tusk|Headlong Rush|p1a: Corviknight\n|-immune|p1a: Corviknight\n|\n|upkeep\n|turn|4\n|\n|t:|1699921776\n|move|p2a: Great Tusk|Ice Spinner|p1a: Corviknight\n|-damage|p1a: Corviknight|75\/100\n|-damage|p2a: Great Tusk|84\/100|[from] item: Rocky Helmet|[of] p1a: Corviknight\n|move|p1a: Corviknight|Iron Defense|p1a: Corviknight\n|-boost|p1a: Corviknight|def|2\n|\n|upkeep\n|turn|5\n|\n|t:|1699921783\n|-end|p2a: Great Tusk|Protosynthesis|[silent]\n|switch|p2a: Hatterene|Hatterene, F|100\/100\n|move|p1a: Corviknight|Defog|p2a: Hatterene\n|move|p2a: Hatterene|Defog|p1a: Corviknight|[from]ability: Magic Bounce\n|-ability|p1a: Corviknight|Mirror Armor\n|-unboost|p2a: Hatterene|evasion|1\n|-sideend|p1: usopp_popz123|Sticky Web|[from] move: Defog|[of] p2a: Hatterene\n|\n|upkeep\n|turn|6\n|\n|t:|1699921793\n|move|p1a: Corviknight|Iron Defense|p1a: Corviknight\n|-boost|p1a: Corviknight|def|2\n|move|p2a: Hatterene|Mystical Fire|p1a: Corviknight\n|-supereffective|p1a: Corviknight\n|-damage|p1a: Corviknight|24\/100\n|-ability|p1a: Corviknight|Mirror Armor\n|-unboost|p2a: Hatterene|spa|1\n|\n|upkeep\n|turn|7\n|\n|t:|1699921804\n|move|p1a: Corviknight|U-turn|p2a: Hatterene\n|-damage|p2a: Hatterene|83\/100\n|\n|t:|1699921814\n|switch|p1a: Heatran|Heatran, F|93\/100|[from] U-turn\n|move|p2a: Hatterene|Nuzzle|p1a: Heatran\n|-damage|p1a: Heatran|90\/100\n|-status|p1a: Heatran|par\n|\n|-heal|p2a: Hatterene|89\/100|[from] item: Leftovers\n|upkeep\n|turn|8\n|\n|t:|1699921823\n|switch|p2a: Great Tusk|Great Tusk|84\/100\n|move|p1a: Heatran|Flash Cannon|p2a: Great Tusk\n|-damage|p2a: Great Tusk|21\/100\n|\n|upkeep\n|turn|9\n|\n|t:|1699921834\n|switch|p1a: Corviknight|Corviknight, M|24\/100\n|move|p2a: Great Tusk|Close Combat|p1a: Corviknight\n|-damage|p1a: Corviknight|0 fnt\n|-unboost|p2a: Great Tusk|def|1\n|-unboost|p2a: Great Tusk|spd|1\n|-damage|p2a: Great Tusk|4\/100|[from] item: Rocky Helmet|[of] p1a: Corviknight\n|faint|p1a: Corviknight\n|\n|upkeep\n|\n|t:|1699921843\n|switch|p1a: Ogerpon|Ogerpon-Wellspring, F|100\/100\n|turn|10\n|\n|t:|1699921850\n|move|p1a: Ogerpon|Swords Dance|p1a: Ogerpon\n|-boost|p1a: Ogerpon|atk|2\n|move|p2a: Great Tusk|Ice Spinner|p1a: Ogerpon\n|-damage|p1a: Ogerpon|63\/100\n|\n|upkeep\n|turn|11\n|\n|t:|1699921857\n|move|p1a: Ogerpon|Horn Leech|p2a: Great Tusk\n|-supereffective|p2a: Great Tusk\n|-damage|p2a: Great Tusk|0 fnt\n|-heal|p1a: Ogerpon|66\/100|[from] drain|[of] p2a: Great Tusk\n|faint|p2a: Great Tusk\n|-end|p2a: Great Tusk|Protosynthesis|[silent]\n|\n|upkeep\n|\n|t:|1699921860\n|switch|p2a: Rillaboom|Rillaboom, F|100\/100\n|-fieldstart|move: Grassy Terrain|[from] ability: Grassy Surge|[of] p2a: Rillaboom\n|turn|12\n|\n|t:|1699921863\n|move|p1a: Ogerpon|Spiky Shield|p1a: Ogerpon\n|-singleturn|p1a: Ogerpon|move: Protect\n|move|p2a: Rillaboom|Grassy Glide|p1a: Ogerpon\n|-activate|p1a: Ogerpon|move: Protect\n|-damage|p2a: Rillaboom|88\/100|[from] Spiky Shield|[of] p1a: Ogerpon\n|\n|-heal|p1a: Ogerpon|72\/100|[from] Grassy Terrain\n|-heal|p2a: Rillaboom|94\/100|[from] Grassy Terrain\n|upkeep\n|turn|13\n|\n|t:|1699921874\n|switch|p1a: Heatran|Heatran, F|90\/100 par\n|move|p2a: Rillaboom|Grassy Glide|p1a: Heatran\n|-resisted|p1a: Heatran\n|-crit|p1a: Heatran\n|-damage|p1a: Heatran|72\/100 par\n|\n|-heal|p2a: Rillaboom|100\/100|[from] Grassy Terrain\n|-heal|p1a: Heatran|78\/100 par|[from] Grassy Terrain\n|upkeep\n|turn|14\n|\n|t:|1699921885\n|switch|p2a: Walking Wake|Walking Wake|100\/100\n|move|p1a: Heatran|Magma Storm|p2a: Walking Wake\n|-resisted|p2a: Walking Wake\n|-damage|p2a: Walking Wake|86\/100\n|-activate|p2a: Walking Wake|move: Magma Storm|[of] p1a: Heatran\n|\n|-heal|p2a: Walking Wake|93\/100|[from] Grassy Terrain\n|-heal|p1a: Heatran|84\/100 par|[from] Grassy Terrain\n|-damage|p2a: Walking Wake|80\/100|[from] move: Magma Storm|[partiallytrapped]\n|upkeep\n|turn|15\n|\n|t:|1699921901\n|switch|p1a: Ogerpon|Ogerpon-Wellspring, F|72\/100\n|move|p2a: Walking Wake|Hydro Steam|p1a: Ogerpon\n|-heal|p1a: Ogerpon|97\/100|[from] ability: Water Absorb|[of] p2a: Walking Wake\n|\n|-heal|p2a: Walking Wake|86\/100|[from] Grassy Terrain\n|-heal|p1a: Ogerpon|100\/100|[from] Grassy Terrain\n|-end|p2a: Walking Wake|Magma Storm|[partiallytrapped]|[silent]\n|upkeep\n|turn|16\n|\n|t:|1699921913\n|-end|p2a: Walking Wake|Protosynthesis|[silent]\n|switch|p2a: Kingambit|Kingambit, F|100\/100\n|-activate|p2a: Kingambit|ability: Supreme Overlord\n|-start|p2a: Kingambit|fallen2|[silent]\n|move|p1a: Ogerpon|Swords Dance|p1a: Ogerpon\n|-boost|p1a: Ogerpon|atk|2\n|\n|-fieldend|move: Grassy Terrain\n|upkeep\n|turn|17\n|\n|t:|1699921920\n|move|p1a: Ogerpon|Ivy Cudgel|p2a: Kingambit\n|-damage|p2a: Kingambit|1\/100\n|move|p2a: Kingambit|Kowtow Cleave|p1a: Ogerpon\n|-damage|p1a: Ogerpon|18\/100\n|\n|upkeep\n|turn|18\n|\n|t:|1699921927\n|move|p1a: Ogerpon|Horn Leech|p2a: Kingambit\n|-resisted|p2a: Kingambit\n|-damage|p2a: Kingambit|0 fnt\n|-heal|p1a: Ogerpon|19\/100|[from] drain|[of] p2a: Kingambit\n|faint|p2a: Kingambit\n|-end|p2a: Kingambit|fallen2|[silent]\n|\n|upkeep\n|\n|t:|1699921930\n|switch|p2a: Rillaboom|Rillaboom, F|100\/100\n|-fieldstart|move: Grassy Terrain|[from] ability: Grassy Surge|[of] p2a: Rillaboom\n|turn|19\n|\n|t:|1699921935\n|switch|p1a: Heatran|Heatran, F|84\/100 par\n|move|p2a: Rillaboom|Grassy Glide|p1a: Heatran\n|-resisted|p1a: Heatran\n|-damage|p1a: Heatran|73\/100 par\n|\n|-heal|p1a: Heatran|79\/100 par|[from] Grassy Terrain\n|upkeep\n|turn|20\n|\n|t:|1699921944\n|switch|p2a: Walking Wake|Walking Wake|86\/100\n|move|p1a: Heatran|Magma Storm|p2a: Walking Wake\n|-resisted|p2a: Walking Wake\n|-damage|p2a: Walking Wake|72\/100\n|-activate|p2a: Walking Wake|move: Magma Storm|[of] p1a: Heatran\n|\n|-heal|p2a: Walking Wake|78\/100|[from] Grassy Terrain\n|-heal|p1a: Heatran|85\/100 par|[from] Grassy Terrain\n|-damage|p2a: Walking Wake|66\/100|[from] move: Magma Storm|[partiallytrapped]\n|upkeep\n|turn|21\n|\n|t:|1699921963\n|-terastallize|p1a: Heatran|Flying\n|move|p2a: Walking Wake|Draco Meteor|p1a: Heatran\n|-damage|p1a: Heatran|54\/100 par\n|-unboost|p2a: Walking Wake|spa|2\n|cant|p1a: Heatran|par\n|\n|-heal|p2a: Walking Wake|72\/100|[from] Grassy Terrain\n|-damage|p2a: Walking Wake|60\/100|[from] move: Magma Storm|[partiallytrapped]\n|upkeep\n|turn|22\n|-message|Chi-Guy1127 forfeited.\n|\n|win|usopp_popz123\n|raw|usopp_popz123's rating: 1078 &rarr; <strong>1102<\/strong><br \/>(+24 for winning)\n|raw|Chi-Guy1127's rating: 1027 &rarr; <strong>1015<\/strong><br \/>(-12 for losing)\n|l|\u2606Chi-Guy1127\n","uploadtime":1699921981,"views":19,"p1id":"usopppopz123","p2id":"chiguy1127","formatid":"gen9ou","rating":1015,"private":0,"password":""}