{"id":"gen9ou-1996230711","p1":"new hole city","p2":"Outdated Ahh Team","format":"[Gen 9] OU","log":"|j|\u2606new hole city\n|j|\u2606Outdated Ahh Team\n|t:|1700661903\n|gametype|singles\n|player|p1|new hole city|flannery|1440\n|player|p2|Outdated Ahh Team|will-gen2|1533\n|teamsize|p1|6\n|teamsize|p2|6\n|gen|9\n|tier|[Gen 9] OU\n|rated|\n|rule|Sleep Clause Mod: Limit one foe put to sleep\n|rule|Species Clause: Limit one of each Pok\u00e9mon\n|rule|OHKO Clause: OHKO moves are banned\n|rule|Evasion Items Clause: Evasion items are banned\n|rule|Evasion Moves Clause: Evasion moves are banned\n|rule|Endless Battle Clause: Forcing endless battles is banned\n|rule|HP Percentage Mod: HP is shown in percentages\n|clearpoke\n|poke|p1|Garganacl, F|\n|poke|p1|Great Tusk|\n|poke|p1|Gholdengo|\n|poke|p1|Iron Valiant|\n|poke|p1|Dragonite, M|\n|poke|p1|Zapdos|\n|poke|p2|Kingambit, M|\n|poke|p2|Ogerpon-Wellspring, F|\n|poke|p2|Hoopa-Unbound|\n|poke|p2|Iron Valiant|\n|poke|p2|Arcanine-Hisui, F|\n|poke|p2|Great Tusk|\n|teampreview\n|inactive|Battle timer is ON: inactive players will automatically lose when time's up. (requested by Outdated Ahh Team)\n|inactive|new hole city has 120 seconds left.\n|\n|t:|1700661962\n|start\n|switch|p1a: the cooler daniel|Great Tusk|100\/100\n|switch|p2a: Alisa Bosconovitch|Iron Valiant|100\/100\n|turn|1\n|inactive|Outdated Ahh Team has 120 seconds left.\n|\n|t:|1700661992\n|-end|p1a: the cooler daniel|Protosynthesis|[silent]\n|switch|p1a: listens to ska|Gholdengo|100\/100\n|-item|p1a: listens to ska|Air Balloon\n|move|p2a: Alisa Bosconovitch|Moonblast|p1a: listens to ska\n|-resisted|p1a: listens to ska\n|-damage|p1a: listens to ska|76\/100\n|-enditem|p1a: listens to ska|Air Balloon\n|\n|upkeep\n|turn|2\n|\n|t:|1700661997\n|-end|p2a: Alisa Bosconovitch|Quark Drive|[silent]\n|switch|p2a: Ryomen Sukuna \u26e9\ufe0f|Hoopa-Unbound|100\/100\n|move|p1a: listens to ska|Shadow Ball|p2a: Ryomen Sukuna \u26e9\ufe0f\n|-damage|p2a: Ryomen Sukuna \u26e9\ufe0f|83\/100\n|\n|upkeep\n|turn|3\n|\n|t:|1700662004\n|switch|p1a: hyperpop enjoyer|Iron Valiant|100\/100\n|move|p2a: Ryomen Sukuna \u26e9\ufe0f|Knock Off|p1a: hyperpop enjoyer\n|-resisted|p1a: hyperpop enjoyer\n|-damage|p1a: hyperpop enjoyer|81\/100\n|-enditem|p1a: hyperpop enjoyer|Heavy-Duty Boots|[from] move: Knock Off|[of] p2a: Ryomen Sukuna \u26e9\ufe0f\n|\n|upkeep\n|turn|4\n|\n|t:|1700662015\n|move|p1a: hyperpop enjoyer|Moonblast|p2a: Ryomen Sukuna \u26e9\ufe0f\n|-supereffective|p2a: Ryomen Sukuna \u26e9\ufe0f\n|-damage|p2a: Ryomen Sukuna \u26e9\ufe0f|32\/100\n|move|p2a: Ryomen Sukuna \u26e9\ufe0f|Psychic|p1a: hyperpop enjoyer\n|-supereffective|p1a: hyperpop enjoyer\n|-damage|p1a: hyperpop enjoyer|0 fnt\n|faint|p1a: hyperpop enjoyer\n|-end|p1a: hyperpop enjoyer|Quark Drive|[silent]\n|\n|upkeep\n|\n|t:|1700662021\n|switch|p1a: listens to ska|Gholdengo|76\/100\n|turn|5\n|\n|t:|1700662028\n|switch|p2a: Casca \u2694\ufe0f|Ogerpon-Wellspring, F|100\/100\n|move|p1a: listens to ska|Make It Rain|p2a: Casca \u2694\ufe0f\n|-resisted|p2a: Casca \u2694\ufe0f\n|-damage|p2a: Casca \u2694\ufe0f|70\/100\n|-unboost|p1a: listens to ska|spa|1\n|\n|upkeep\n|turn|6\n|\n|t:|1700662035\n|switch|p1a: faster than u|Dragonite, M|100\/100\n|move|p2a: Casca \u2694\ufe0f|Ivy Cudgel|p1a: faster than u|[anim] Ivy Cudgel Water\n|-resisted|p1a: faster than u\n|-damage|p1a: faster than u|84\/100\n|\n|upkeep\n|turn|7\n|\n|t:|1700662043\n|switch|p2a: Tuskuthy the Great|Great Tusk|100\/100\n|move|p1a: faster than u|Dragon Dance|p1a: faster than u\n|-boost|p1a: faster than u|atk|1\n|-boost|p1a: faster than u|spe|1\n|\n|upkeep\n|turn|8\n|\n|t:|1700662050\n|-terastallize|p1a: faster than u|Normal\n|move|p1a: faster than u|Dragon Dance|p1a: faster than u\n|-boost|p1a: faster than u|atk|1\n|-boost|p1a: faster than u|spe|1\n|move|p2a: Tuskuthy the Great|Ice Spinner|p1a: faster than u\n|-damage|p1a: faster than u|51\/100\n|\n|upkeep\n|turn|9\n|\n|t:|1700662053\n|move|p1a: faster than u|Ice Spinner|p2a: Tuskuthy the Great\n|-supereffective|p2a: Tuskuthy the Great\n|-damage|p2a: Tuskuthy the Great|10\/100\n|move|p2a: Tuskuthy the Great|Close Combat|p1a: faster than u\n|-supereffective|p1a: faster than u\n|-damage|p1a: faster than u|0 fnt\n|-unboost|p2a: Tuskuthy the Great|def|1\n|-unboost|p2a: Tuskuthy the Great|spd|1\n|faint|p1a: faster than u\n|\n|upkeep\n|\n|t:|1700662063\n|switch|p1a: Big Yellow|Zapdos|100\/100\n|turn|10\n|\n|t:|1700662089\n|-end|p2a: Tuskuthy the Great|Protosynthesis|[silent]\n|switch|p2a: Ryomen Sukuna \u26e9\ufe0f|Hoopa-Unbound|32\/100\n|move|p1a: Big Yellow|Heat Wave|p2a: Ryomen Sukuna \u26e9\ufe0f\n|-damage|p2a: Ryomen Sukuna \u26e9\ufe0f|18\/100\n|\n|upkeep\n|turn|11\n|\n|t:|1700662100\n|move|p1a: Big Yellow|Discharge|p2a: Ryomen Sukuna \u26e9\ufe0f\n|-damage|p2a: Ryomen Sukuna \u26e9\ufe0f|1\/100\n|-status|p2a: Ryomen Sukuna \u26e9\ufe0f|par\n|move|p2a: Ryomen Sukuna \u26e9\ufe0f|Psychic|p1a: Big Yellow\n|-damage|p1a: Big Yellow|66\/100\n|-unboost|p1a: Big Yellow|spd|1\n|\n|upkeep\n|turn|12\n|\n|t:|1700662118\n|move|p1a: Big Yellow|Discharge|p2a: Ryomen Sukuna \u26e9\ufe0f\n|-damage|p2a: Ryomen Sukuna \u26e9\ufe0f|0 fnt\n|faint|p2a: Ryomen Sukuna \u26e9\ufe0f\n|\n|upkeep\n|inactive|Outdated Ahh Team has 120 seconds left.\n|\n|t:|1700662140\n|switch|p2a: Alisa Bosconovitch|Iron Valiant|100\/100\n|turn|13\n|\n|t:|1700662143\n|move|p2a: Alisa Bosconovitch|Moonblast|p1a: Big Yellow\n|-damage|p1a: Big Yellow|15\/100\n|move|p1a: Big Yellow|Hurricane|p2a: Alisa Bosconovitch\n|-supereffective|p2a: Alisa Bosconovitch\n|-enditem|p2a: Alisa Bosconovitch|Focus Sash\n|-damage|p2a: Alisa Bosconovitch|1\/100\n|\n|upkeep\n|turn|14\n|\n|t:|1700662158\n|move|p2a: Alisa Bosconovitch|Moonblast|p1a: Big Yellow\n|-damage|p1a: Big Yellow|0 fnt\n|faint|p1a: Big Yellow\n|\n|upkeep\n|\n|t:|1700662160\n|switch|p1a: Bonneville UT|Garganacl, F|100\/100\n|turn|15\n|\n|t:|1700662170\n|move|p2a: Alisa Bosconovitch|Taunt|p1a: Bonneville UT\n|-start|p1a: Bonneville UT|move: Taunt\n|cant|p1a: Bonneville UT|move: Taunt|Curse\n|\n|upkeep\n|turn|16\n|\n|t:|1700662177\n|move|p2a: Alisa Bosconovitch|Destiny Bond|p2a: Alisa Bosconovitch\n|-singlemove|p2a: Alisa Bosconovitch|Destiny Bond\n|move|p1a: Bonneville UT|Salt Cure|p2a: Alisa Bosconovitch\n|-resisted|p2a: Alisa Bosconovitch\n|-damage|p2a: Alisa Bosconovitch|0 fnt\n|faint|p2a: Alisa Bosconovitch\n|-activate|p2a: Alisa Bosconovitch|move: Destiny Bond\n|-end|p2a: Alisa Bosconovitch|Quark Drive|[silent]\n|faint|p1a: Bonneville UT\n|\n|upkeep\n|-message|new hole city forfeited.\n|\n|win|Outdated Ahh Team\n|raw|new hole city's rating: 1440 &rarr; <strong>1424<\/strong><br \/>(-16 for losing)\n|raw|Outdated Ahh Team's rating: 1512 &rarr; <strong>1528<\/strong><br \/>(+16 for winning)\n|l|\u2606new hole city\n","uploadtime":1700662186,"views":3,"p1id":"newholecity","p2id":"outdatedahhteam","formatid":"gen9ou","rating":1424,"private":0,"password":""}