{"id":"gen9ou-2000071638","p1":"theburgerlar","p2":"TheGr8est2EverDoIt","format":"[Gen 9] OU","log":"|j|\u2606theburgerlar\n|j|\u2606TheGr8est2EverDoIt\n|t:|1701149563\n|gametype|singles\n|player|p1|theburgerlar|265|1623\n|player|p2|TheGr8est2EverDoIt|lucas|1775\n|teamsize|p1|6\n|teamsize|p2|6\n|gen|9\n|tier|[Gen 9] OU\n|rated|\n|rule|Sleep Clause Mod: Limit one foe put to sleep\n|rule|Species Clause: Limit one of each Pok\u00e9mon\n|rule|OHKO Clause: OHKO moves are banned\n|rule|Evasion Items Clause: Evasion items are banned\n|rule|Evasion Moves Clause: Evasion moves are banned\n|rule|Endless Battle Clause: Forcing endless battles is banned\n|rule|HP Percentage Mod: HP is shown in percentages\n|clearpoke\n|poke|p1|Heatran, M|\n|poke|p1|Glimmora, F|\n|poke|p1|Landorus-Therian, M|\n|poke|p1|Zamazenta-*|\n|poke|p1|Enamorus, F|\n|poke|p1|Kingambit, F|\n|poke|p2|Falinks|\n|poke|p2|Ribombee, F|\n|poke|p2|Gholdengo|\n|poke|p2|Iron Jugulis|\n|poke|p2|Ogerpon-Wellspring, F|\n|poke|p2|Munkidori, M|\n|teampreview\n|j| sgaah\n|j| VicBossMG\n|j| KingDuns\n|j| xxCOALLAxx\n|inactive|Battle timer is ON: inactive players will automatically lose when time's up. (requested by theburgerlar)\n|l| KingDuns\n|\n|t:|1701149616\n|start\n|switch|p1a: Glimmora|Glimmora, F|100\/100\n|switch|p2a: Iron Jugulis|Iron Jugulis|100\/100\n|-enditem|p2a: Iron Jugulis|Booster Energy\n|-activate|p2a: Iron Jugulis|ability: Quark Drive|[fromitem]\n|-start|p2a: Iron Jugulis|quarkdrivespe\n|turn|1\n|j| SwabbyYabby\n|\n|t:|1701149626\n|switch|p1a: Heatran|Heatran, M|100\/100\n|-item|p1a: Heatran|Air Balloon\n|move|p2a: Iron Jugulis|Dark Pulse|p1a: Heatran\n|-damage|p1a: Heatran|64\/100\n|-enditem|p1a: Heatran|Air Balloon\n|\n|upkeep\n|turn|2\n|\n|t:|1701149635\n|move|p2a: Iron Jugulis|Earth Power|p1a: Heatran\n|-supereffective|p1a: Heatran\n|-damage|p1a: Heatran|0 fnt\n|faint|p1a: Heatran\n|\n|upkeep\n|\n|t:|1701149641\n|switch|p1a: Enamorus|Enamorus, F|100\/100\n|turn|3\n|\n|t:|1701149645\n|-end|p2a: Iron Jugulis|Quark Drive|[silent]\n|switch|p2a: Munkidori|Munkidori, M|100\/100\n|move|p1a: Enamorus|Moonblast|p2a: Munkidori\n|-resisted|p2a: Munkidori\n|-damage|p2a: Munkidori|70\/100\n|-unboost|p2a: Munkidori|spa|1\n|\n|upkeep\n|turn|4\n|\n|t:|1701149653\n|switch|p2a: Ribombee|Ribombee, F|100\/100\n|switch|p1a: Landorus|Landorus-Therian, M|100\/100\n|-ability|p1a: Landorus|Intimidate|boost\n|-unboost|p2a: Ribombee|atk|1\n|\n|upkeep\n|turn|5\n|l| sgaah\n|\n|t:|1701149661\n|move|p2a: Ribombee|Sticky Web|p1a: Landorus\n|-sidestart|p1: theburgerlar|move: Sticky Web\n|move|p1a: Landorus|Stone Edge|p2a: Ribombee\n|-supereffective|p2a: Ribombee\n|-enditem|p2a: Ribombee|Focus Sash\n|-damage|p2a: Ribombee|1\/100\n|\n|upkeep\n|turn|6\n|\n|t:|1701149668\n|move|p2a: Ribombee|Moonblast|p1a: Landorus\n|-damage|p1a: Landorus|58\/100\n|move|p1a: Landorus|Stealth Rock|p2a: Ribombee\n|-sidestart|p2: TheGr8est2EverDoIt|move: Stealth Rock\n|\n|upkeep\n|turn|7\n|\n|t:|1701149675\n|move|p2a: Ribombee|Stun Spore|p1a: Landorus\n|-status|p1a: Landorus|par\n|move|p1a: Landorus|U-turn|p2a: Ribombee\n|-resisted|p2a: Ribombee\n|-damage|p2a: Ribombee|0 fnt\n|faint|p2a: Ribombee\n|\n|t:|1701149693\n|switch|p1a: Enamorus|Enamorus, F|100\/100|[from] U-turn\n|\n|upkeep\n|\n|t:|1701149698\n|switch|p2a: Ogerpon|Ogerpon-Wellspring, F|100\/100\n|-damage|p2a: Ogerpon|88\/100|[from] Stealth Rock\n|turn|8\n|\n|t:|1701149713\n|switch|p1a: Landorus|Landorus-Therian, M|58\/100 par\n|-ability|p1a: Landorus|Intimidate|boost\n|-unboost|p2a: Ogerpon|atk|1\n|-terastallize|p2a: Ogerpon|Water\n|detailschange|p2a: Ogerpon|Ogerpon-Wellspring-Tera, F, tera:Water\n|-ability|p2a: Ogerpon|Embody Aspect (Wellspring)|boost\n|-boost|p2a: Ogerpon|spd|1\n|move|p2a: Ogerpon|Ivy Cudgel|p1a: Landorus|[anim] Ivy Cudgel Water\n|-supereffective|p1a: Landorus\n|-damage|p1a: Landorus|0 fnt\n|faint|p1a: Landorus\n|\n|upkeep\n|\n|t:|1701149726\n|switch|p1a: Glimmora|Glimmora, F|100\/100\n|-activate|p1a: Glimmora|move: Sticky Web\n|-unboost|p1a: Glimmora|spe|1\n|turn|9\n|\n|t:|1701149731\n|switch|p2a: Gholdengo|Gholdengo|100\/100\n|-damage|p2a: Gholdengo|94\/100|[from] Stealth Rock\n|-item|p2a: Gholdengo|Air Balloon\n|move|p1a: Glimmora|Mortal Spin|p2a: Gholdengo\n|-immune|p2a: Gholdengo\n|\n|upkeep\n|turn|10\n|\n|t:|1701149743\n|move|p2a: Gholdengo|Shadow Ball|p1a: Glimmora\n|-damage|p1a: Glimmora|49\/100\n|move|p1a: Glimmora|Energy Ball|p2a: Gholdengo\n|-resisted|p2a: Gholdengo\n|-damage|p2a: Gholdengo|77\/100\n|-enditem|p2a: Gholdengo|Air Balloon\n|\n|upkeep\n|turn|11\n|\n|t:|1701149752\n|move|p2a: Gholdengo|Shadow Ball|p1a: Glimmora\n|-damage|p1a: Glimmora|0 fnt\n|faint|p1a: Glimmora\n|\n|upkeep\n|\n|t:|1701149757\n|switch|p1a: Zamazenta|Zamazenta|100\/100\n|-activate|p1a: Zamazenta|move: Sticky Web\n|-unboost|p1a: Zamazenta|spe|1\n|-ability|p1a: Zamazenta|Dauntless Shield|boost\n|-boost|p1a: Zamazenta|def|1\n|turn|12\n|\n|t:|1701149763\n|switch|p2a: Munkidori|Munkidori, M|70\/100\n|move|p1a: Zamazenta|Crunch|p2a: Munkidori\n|-supereffective|p2a: Munkidori\n|-damage|p2a: Munkidori|1\/100\n|\n|upkeep\n|turn|13\n|\n|t:|1701149775\n|move|p2a: Munkidori|Focus Blast|p1a: Zamazenta\n|-crit|p1a: Zamazenta\n|-damage|p1a: Zamazenta|43\/100\n|move|p1a: Zamazenta|Crunch|p2a: Munkidori\n|-supereffective|p2a: Munkidori\n|-crit|p2a: Munkidori\n|-damage|p2a: Munkidori|0 fnt\n|faint|p2a: Munkidori\n|\n|-heal|p1a: Zamazenta|49\/100|[from] item: Leftovers\n|upkeep\n|\n|t:|1701149780\n|switch|p2a: Iron Jugulis|Iron Jugulis|100\/100\n|-damage|p2a: Iron Jugulis|76\/100|[from] Stealth Rock\n|turn|14\n|\n|t:|1701149798\n|move|p2a: Iron Jugulis|Hurricane|p1a: Zamazenta\n|-supereffective|p1a: Zamazenta\n|-damage|p1a: Zamazenta|0 fnt\n|faint|p1a: Zamazenta\n|\n|upkeep\n|\n|t:|1701149803\n|switch|p1a: Enamorus|Enamorus, F|100\/100\n|turn|15\n|\n|t:|1701149807\n|-end|p2a: Iron Jugulis|Quark Drive|[silent]\n|switch|p2a: Gholdengo|Gholdengo|77\/100\n|-damage|p2a: Gholdengo|71\/100|[from] Stealth Rock\n|move|p1a: Enamorus|Moonblast|p2a: Gholdengo\n|-resisted|p2a: Gholdengo\n|-damage|p2a: Gholdengo|40\/100\n|-unboost|p2a: Gholdengo|spa|1\n|\n|upkeep\n|turn|16\n|\n|t:|1701149816\n|switch|p2a: Falinks|Falinks|100\/100\n|-damage|p2a: Falinks|95\/100|[from] Stealth Rock\n|move|p1a: Enamorus|Mystical Fire|p2a: Falinks\n|-damage|p2a: Falinks|41\/100\n|-unboost|p2a: Falinks|spa|1\n|-ability|p2a: Falinks|Defiant|boost\n|-boost|p2a: Falinks|atk|2\n|\n|upkeep\n|turn|17\n|\n|t:|1701149826\n|switch|p2a: Gholdengo|Gholdengo|40\/100\n|-damage|p2a: Gholdengo|34\/100|[from] Stealth Rock\n|move|p1a: Enamorus|Mystical Fire|p2a: Gholdengo\n|-supereffective|p2a: Gholdengo\n|-damage|p2a: Gholdengo|0 fnt\n|faint|p2a: Gholdengo\n|\n|upkeep\n|\n|t:|1701149827\n|switch|p2a: Ogerpon|Ogerpon-Wellspring-Tera, F, tera:Water|88\/100\n|-damage|p2a: Ogerpon|76\/100|[from] Stealth Rock\n|-ability|p2a: Ogerpon|Embody Aspect (Wellspring)|boost\n|-boost|p2a: Ogerpon|spd|1\n|turn|18\n|\n|t:|1701149839\n|move|p2a: Ogerpon|Ivy Cudgel|p1a: Enamorus|[anim] Ivy Cudgel Water\n|-damage|p1a: Enamorus|0 fnt\n|faint|p1a: Enamorus\n|\n|upkeep\n|\n|t:|1701149843\n|switch|p1a: Kingambit|Kingambit, F|100\/100\n|-activate|p1a: Kingambit|move: Sticky Web\n|-unboost|p1a: Kingambit|spe|1\n|-activate|p1a: Kingambit|ability: Supreme Overlord\n|-start|p1a: Kingambit|fallen5|[silent]\n|turn|19\n|\n|t:|1701149850\n|move|p1a: Kingambit|Sucker Punch|p2a: Ogerpon\n|-damage|p2a: Ogerpon|0 fnt\n|faint|p2a: Ogerpon\n|\n|upkeep\n|\n|t:|1701149854\n|switch|p2a: Falinks|Falinks|41\/100\n|-damage|p2a: Falinks|36\/100|[from] Stealth Rock\n|turn|20\n|\n|t:|1701149860\n|-terastallize|p1a: Kingambit|Flying\n|move|p2a: Falinks|Knock Off|p1a: Kingambit\n|-damage|p1a: Kingambit|75\/100\n|-enditem|p1a: Kingambit|Black Glasses|[from] move: Knock Off|[of] p2a: Falinks\n|-damage|p2a: Falinks|26\/100|[from] item: Life Orb\n|move|p1a: Kingambit|Swords Dance|p1a: Kingambit\n|-boost|p1a: Kingambit|atk|2\n|\n|upkeep\n|turn|21\n|\n|t:|1701149869\n|move|p1a: Kingambit|Sucker Punch||[still]\n|-fail|p1a: Kingambit\n|move|p2a: Falinks|No Retreat|p2a: Falinks\n|-boost|p2a: Falinks|atk|1\n|-boost|p2a: Falinks|def|1\n|-boost|p2a: Falinks|spa|1\n|-boost|p2a: Falinks|spd|1\n|-boost|p2a: Falinks|spe|1\n|-start|p2a: Falinks|move: No Retreat\n|\n|upkeep\n|turn|22\n|\n|t:|1701149877\n|move|p1a: Kingambit|Sucker Punch|p2a: Falinks\n|-resisted|p2a: Falinks\n|-damage|p2a: Falinks|0 fnt\n|faint|p2a: Falinks\n|\n|upkeep\n|\n|t:|1701149879\n|switch|p2a: Iron Jugulis|Iron Jugulis|76\/100\n|-damage|p2a: Iron Jugulis|51\/100|[from] Stealth Rock\n|turn|23\n|\n|t:|1701149884\n|move|p1a: Kingambit|Sucker Punch|p2a: Iron Jugulis\n|-resisted|p2a: Iron Jugulis\n|-damage|p2a: Iron Jugulis|0 fnt\n|faint|p2a: Iron Jugulis\n|-end|p2a: Iron Jugulis|Quark Drive|[silent]\n|\n|win|theburgerlar\n|raw|theburgerlar's rating: 1623 &rarr; <strong>1651<\/strong><br \/>(+28 for winning)\n|raw|TheGr8est2EverDoIt's rating: 1775 &rarr; <strong>1747<\/strong><br \/>(-28 for losing)\n|l| VicBossMG\n","uploadtime":1701149894,"views":4,"p1id":"theburgerlar","p2id":"thegr8est2everdoit","formatid":"gen9ou","rating":1651,"private":0,"password":""}