{"id":"gen9ou-1991228888","p1":"asceofspades","p2":"Pedro lopesbr","format":"[Gen 9] OU","log":"|j|\u2606asceofspades\n|j|\u2606Pedro lopesbr\n|t:|1700059291\n|gametype|singles\n|player|p1|asceofspades|102|1513\n|player|p2|Pedro lopesbr|giovanni|1580\n|teamsize|p1|6\n|teamsize|p2|6\n|gen|9\n|tier|[Gen 9] OU\n|rated|\n|rule|Sleep Clause Mod: Limit one foe put to sleep\n|rule|Species Clause: Limit one of each Pok\u00e9mon\n|rule|OHKO Clause: OHKO moves are banned\n|rule|Evasion Items Clause: Evasion items are banned\n|rule|Evasion Moves Clause: Evasion moves are banned\n|rule|Endless Battle Clause: Forcing endless battles is banned\n|rule|HP Percentage Mod: HP is shown in percentages\n|clearpoke\n|poke|p1|Heatran, F|\n|poke|p1|Ogerpon-Wellspring, F|\n|poke|p1|Landorus-Therian, M|\n|poke|p1|Manaphy|\n|poke|p1|Dragapult, M|\n|poke|p1|Great Tusk|\n|poke|p2|Great Tusk|\n|poke|p2|Corviknight, M|\n|poke|p2|Greninja-*, M|\n|poke|p2|Slowking-Galar, F|\n|poke|p2|Dragapult, M|\n|poke|p2|Cinderace, M|\n|teampreview\n|inactive|Battle timer is ON: inactive players will automatically lose when time's up. (requested by asceofspades)\n|\n|t:|1700059323\n|start\n|switch|p1a: Dragapult|Dragapult, M|100\/100\n|switch|p2a: Cinderace|Cinderace, M|100\/100\n|turn|1\n|\n|t:|1700059344\n|switch|p2a: Slowking|Slowking-Galar, F|100\/100\n|move|p1a: Dragapult|Substitute|p1a: Dragapult\n|-start|p1a: Dragapult|Substitute\n|-damage|p1a: Dragapult|76\/100\n|\n|-heal|p1a: Dragapult|82\/100|[from] item: Leftovers\n|upkeep\n|turn|2\n|\n|t:|1700059351\n|move|p1a: Dragapult|Thunder Wave|p2a: Slowking\n|-status|p2a: Slowking|par\n|move|p2a: Slowking|Future Sight|p1a: Dragapult\n|-start|p2a: Slowking|move: Future Sight\n|\n|-heal|p1a: Dragapult|88\/100|[from] item: Leftovers\n|upkeep\n|turn|3\n|\n|t:|1700059357\n|move|p1a: Dragapult|Hex|p2a: Slowking\n|-supereffective|p2a: Slowking\n|-crit|p2a: Slowking\n|-damage|p2a: Slowking|26\/100 par\n|move|p2a: Slowking|Sludge Bomb|p1a: Dragapult\n|-resisted|p1a: Dragapult\n|-end|p1a: Dragapult|Substitute\n|\n|-heal|p1a: Dragapult|94\/100|[from] item: Leftovers\n|upkeep\n|turn|4\n|\n|t:|1700059380\n|switch|p1a: Heatran|Heatran, F|100\/100\n|move|p2a: Slowking|Sludge Bomb|p1a: Heatran\n|-immune|p1a: Heatran\n|\n|-end|p1a: Heatran|move: Future Sight\n|-resisted|p1a: Heatran\n|-damage|p1a: Heatran|84\/100\n|-heal|p1a: Heatran|91\/100|[from] item: Leftovers\n|upkeep\n|turn|5\n|\n|t:|1700059393\n|switch|p2a: Cinderace|Cinderace, M|100\/100\n|move|p1a: Heatran|Magma Storm|p2a: Cinderace\n|-resisted|p2a: Cinderace\n|-damage|p2a: Cinderace|70\/100\n|-activate|p2a: Cinderace|move: Magma Storm|[of] p1a: Heatran\n|\n|-heal|p1a: Heatran|97\/100|[from] item: Leftovers\n|-damage|p2a: Cinderace|57\/100|[from] move: Magma Storm|[partiallytrapped]\n|upkeep\n|turn|6\n|\n|t:|1700059404\n|move|p1a: Heatran|Protect|p1a: Heatran\n|-singleturn|p1a: Heatran|Protect\n|move|p2a: Cinderace|U-turn|p1a: Heatran\n|-start|p2a: Cinderace|typechange|Bug|[from] ability: Libero\n|-activate|p1a: Heatran|move: Protect\n|\n|-heal|p1a: Heatran|100\/100|[from] item: Leftovers\n|-damage|p2a: Cinderace|45\/100|[from] move: Magma Storm|[partiallytrapped]\n|upkeep\n|turn|7\n|\n|t:|1700059415\n|move|p2a: Cinderace|U-turn|p1a: Heatran\n|-resisted|p1a: Heatran\n|-damage|p1a: Heatran|94\/100\n|\n|t:|1700059422\n|switch|p2a: Dragapult|Dragapult, M|100\/100|[from] U-turn\n|move|p1a: Heatran|Magma Storm|p2a: Dragapult\n|-resisted|p2a: Dragapult\n|-damage|p2a: Dragapult|71\/100\n|-activate|p2a: Dragapult|move: Magma Storm|[of] p1a: Heatran\n|\n|-heal|p1a: Heatran|99\/100|[from] item: Leftovers\n|-damage|p2a: Dragapult|59\/100|[from] move: Magma Storm|[partiallytrapped]\n|upkeep\n|turn|8\n|\n|t:|1700059431\n|switch|p2a: Great Tusk|Great Tusk|100\/100\n|move|p1a: Heatran|Protect||[still]\n|-fail|p1a: Heatran\n|\n|-heal|p1a: Heatran|100\/100|[from] item: Leftovers\n|upkeep\n|turn|9\n|\n|t:|1700059442\n|switch|p1a: Ogerpon|Ogerpon-Wellspring, F|100\/100\n|move|p2a: Great Tusk|Headlong Rush|p1a: Ogerpon\n|-resisted|p1a: Ogerpon\n|-damage|p1a: Ogerpon|63\/100\n|-unboost|p2a: Great Tusk|def|1\n|-unboost|p2a: Great Tusk|spd|1\n|\n|upkeep\n|turn|10\n|\n|t:|1700059451\n|-end|p2a: Great Tusk|Protosynthesis|[silent]\n|switch|p2a: Corviknight|Corviknight, M|100\/100\n|-ability|p2a: Corviknight|Pressure\n|move|p1a: Ogerpon|Swords Dance|p1a: Ogerpon\n|-boost|p1a: Ogerpon|atk|2\n|\n|upkeep\n|turn|11\n|\n|t:|1700059458\n|move|p1a: Ogerpon|Ivy Cudgel|p2a: Corviknight|[anim] Ivy Cudgel Water\n|-crit|p2a: Corviknight\n|-damage|p2a: Corviknight|0 fnt\n|faint|p2a: Corviknight\n|\n|upkeep\n|\n|t:|1700059462\n|switch|p2a: Cinderace|Cinderace, M|45\/100\n|turn|12\n|\n|t:|1700059470\n|switch|p1a: Landorus|Landorus-Therian, M|100\/100\n|-ability|p1a: Landorus|Intimidate|boost\n|-unboost|p2a: Cinderace|atk|1\n|move|p2a: Cinderace|U-turn|p1a: Landorus\n|-start|p2a: Cinderace|typechange|Bug|[from] ability: Libero\n|-resisted|p1a: Landorus\n|-damage|p1a: Landorus|93\/100\n|-damage|p2a: Cinderace|28\/100|[from] item: Rocky Helmet|[of] p1a: Landorus\n|\n|t:|1700059475\n|switch|p2a: Greninja|Greninja, M|100\/100|[from] U-turn\n|\n|upkeep\n|turn|13\n|\n|t:|1700059495\n|move|p2a: Greninja|Ice Beam|p1a: Landorus\n|-supereffective|p1a: Landorus\n|-damage|p1a: Landorus|0 fnt\n|faint|p1a: Landorus\n|-ability|p2a: Greninja|Battle Bond|boost\n|-boost|p2a: Greninja|atk|1\n|-boost|p2a: Greninja|spa|1\n|-boost|p2a: Greninja|spe|1\n|-activate|p2a: Greninja|ability: Battle Bond\n|-damage|p2a: Greninja|91\/100|[from] item: Life Orb\n|\n|upkeep\n|\n|t:|1700059509\n|switch|p1a: Dragapult|Dragapult, M|94\/100\n|turn|14\n|\n|t:|1700059514\n|-terastallize|p1a: Dragapult|Fairy\n|move|p2a: Greninja|Dark Pulse|p1a: Dragapult\n|-resisted|p1a: Dragapult\n|-damage|p1a: Dragapult|46\/100\n|-damage|p2a: Greninja|81\/100|[from] item: Life Orb\n|move|p1a: Dragapult|Thunder Wave|p2a: Greninja\n|-status|p2a: Greninja|par\n|\n|-heal|p1a: Dragapult|52\/100|[from] item: Leftovers\n|upkeep\n|turn|15\n|\n|t:|1700059542\n|cant|p2a: Greninja|par\n|move|p1a: Dragapult|Substitute|p1a: Dragapult\n|-start|p1a: Dragapult|Substitute\n|-damage|p1a: Dragapult|27\/100\n|\n|-heal|p1a: Dragapult|33\/100|[from] item: Leftovers\n|upkeep\n|turn|16\n|\n|t:|1700059547\n|move|p2a: Greninja|Water Shuriken|p1a: Dragapult\n|-activate|p1a: Dragapult|move: Substitute|[damage]\n|-end|p1a: Dragapult|Substitute\n|-damage|p1a: Dragapult|15\/100\n|-damage|p1a: Dragapult|0 fnt\n|faint|p1a: Dragapult\n|-hitcount|p1: Dragapult|4\n|-damage|p2a: Greninja|71\/100 par|[from] item: Life Orb\n|\n|upkeep\n|\n|t:|1700059559\n|switch|p1a: Ogerpon|Ogerpon-Wellspring, F|63\/100\n|turn|17\n|\n|t:|1700059562\n|move|p1a: Ogerpon|Horn Leech|p2a: Greninja\n|-supereffective|p2a: Greninja\n|-damage|p2a: Greninja|0 fnt\n|-heal|p1a: Ogerpon|96\/100|[from] drain|[of] p2a: Greninja\n|faint|p2a: Greninja\n|\n|upkeep\n|\n|t:|1700059565\n|switch|p2a: Cinderace|Cinderace, M|28\/100\n|turn|18\n|\n|t:|1700059573\n|switch|p1a: Heatran|Heatran, F|100\/100\n|move|p2a: Cinderace|U-turn|p1a: Heatran\n|-start|p2a: Cinderace|typechange|Bug|[from] ability: Libero\n|-resisted|p1a: Heatran\n|-damage|p1a: Heatran|93\/100\n|\n|t:|1700059575\n|switch|p2a: Great Tusk|Great Tusk|100\/100|[from] U-turn\n|\n|-heal|p1a: Heatran|99\/100|[from] item: Leftovers\n|upkeep\n|turn|19\n|\n|t:|1700059603\n|switch|p1a: Great Tusk|Great Tusk|100\/100\n|move|p2a: Great Tusk|Close Combat|p1a: Great Tusk\n|-damage|p1a: Great Tusk|61\/100\n|-unboost|p2a: Great Tusk|def|1\n|-unboost|p2a: Great Tusk|spd|1\n|\n|-heal|p1a: Great Tusk|67\/100|[from] item: Leftovers\n|upkeep\n|turn|20\n|inactive|asceofspades has 120 seconds left.\n|\n|t:|1700059626\n|move|p2a: Great Tusk|Knock Off|p1a: Great Tusk\n|-resisted|p1a: Great Tusk\n|-damage|p1a: Great Tusk|57\/100\n|-enditem|p1a: Great Tusk|Leftovers|[from] move: Knock Off|[of] p2a: Great Tusk\n|move|p1a: Great Tusk|Bulk Up|p1a: Great Tusk\n|-boost|p1a: Great Tusk|atk|1\n|-boost|p1a: Great Tusk|def|1\n|\n|upkeep\n|turn|21\n|inactive|asceofspades has 120 seconds left.\n|\n|t:|1700059639\n|-end|p2a: Great Tusk|Protosynthesis|[silent]\n|switch|p2a: Slowking|Slowking-Galar, F|59\/100 par\n|move|p1a: Great Tusk|Ice Spinner|p2a: Slowking\n|-damage|p2a: Slowking|22\/100 par\n|\n|upkeep\n|turn|22\n|inactive|asceofspades has 120 seconds left.\n|\n|t:|1700059652\n|move|p1a: Great Tusk|Rapid Spin|p2a: Slowking\n|-damage|p2a: Slowking|0 fnt\n|-boost|p1a: Great Tusk|spe|1\n|faint|p2a: Slowking\n|\n|upkeep\n|\n|t:|1700059656\n|switch|p2a: Great Tusk|Great Tusk|100\/100\n|turn|23\n|\n|t:|1700059662\n|move|p1a: Great Tusk|Ice Spinner|p2a: Great Tusk\n|-supereffective|p2a: Great Tusk\n|-damage|p2a: Great Tusk|52\/100\n|move|p2a: Great Tusk|Close Combat|p1a: Great Tusk\n|-damage|p1a: Great Tusk|32\/100\n|-unboost|p2a: Great Tusk|def|1\n|-unboost|p2a: Great Tusk|spd|1\n|\n|-heal|p2a: Great Tusk|58\/100|[from] item: Leftovers\n|upkeep\n|turn|24\n|\n|t:|1700059669\n|move|p1a: Great Tusk|Ice Spinner|p2a: Great Tusk\n|-supereffective|p2a: Great Tusk\n|-damage|p2a: Great Tusk|0 fnt\n|faint|p2a: Great Tusk\n|-end|p2a: Great Tusk|Protosynthesis|[silent]\n|\n|upkeep\n|\n|t:|1700059671\n|switch|p2a: Dragapult|Dragapult, M|59\/100\n|turn|25\n|\n|t:|1700059674\n|-terastallize|p2a: Dragapult|Ghost\n|move|p1a: Great Tusk|Ice Spinner|p2a: Dragapult\n|-damage|p2a: Dragapult|8\/100\n|move|p2a: Dragapult|Shadow Ball|p1a: Great Tusk\n|-damage|p1a: Great Tusk|0 fnt\n|faint|p1a: Great Tusk\n|-end|p1a: Great Tusk|Protosynthesis|[silent]\n|\n|upkeep\n|\n|t:|1700059687\n|switch|p1a: Ogerpon|Ogerpon-Wellspring, F|96\/100\n|turn|26\n|\n|t:|1700059691\n|move|p2a: Dragapult|Shadow Ball|p1a: Ogerpon\n|-damage|p1a: Ogerpon|20\/100\n|move|p1a: Ogerpon|Ivy Cudgel|p2a: Dragapult|[anim] Ivy Cudgel Water\n|-damage|p2a: Dragapult|0 fnt\n|faint|p2a: Dragapult\n|\n|upkeep\n|\n|t:|1700059697\n|switch|p2a: Cinderace|Cinderace, M|28\/100\n|turn|27\n|\n|t:|1700059703\n|switch|p1a: Heatran|Heatran, F|99\/100\n|move|p2a: Cinderace|Pyro Ball|p1a: Heatran\n|-damage|p1a: Heatran|49\/100\n|\n|-heal|p1a: Heatran|56\/100|[from] item: Leftovers\n|upkeep\n|turn|28\n|\n|t:|1700059710\n|move|p1a: Heatran|Protect|p1a: Heatran\n|-singleturn|p1a: Heatran|Protect\n|move|p2a: Cinderace|High Jump Kick|p1a: Heatran\n|-start|p2a: Cinderace|typechange|Fighting|[from] ability: Libero\n|-activate|p1a: Heatran|move: Protect\n|-damage|p2a: Cinderace|0 fnt|[from] highjumpkick\n|faint|p2a: Cinderace\n|\n|win|asceofspades\n|raw|asceofspades's rating: 1513 &rarr; <strong>1537<\/strong><br \/>(+24 for winning)\n|raw|Pedro lopesbr's rating: 1580 &rarr; <strong>1556<\/strong><br \/>(-24 for losing)\n|l|\u2606Pedro lopesbr\n","uploadtime":1700059725,"views":19,"p1id":"asceofspades","p2id":"pedrolopesbr","formatid":"gen9ou","rating":1537,"private":0,"password":""}