{"id":"gen9ou-1994605440","p1":"Bakitaladelbarrio","p2":"mrbadd","format":"[Gen 9] OU","log":"|j|\u2606Bakitaladelbarrio\n|j|\u2606mrbadd\n|t:|1700468115\n|gametype|singles\n|player|p1|Bakitaladelbarrio|colress|1494\n|player|p2|mrbadd|rocker-gen1rb|1357\n|teamsize|p1|6\n|teamsize|p2|6\n|gen|9\n|tier|[Gen 9] OU\n|rated|\n|rule|Sleep Clause Mod: Limit one foe put to sleep\n|rule|Species Clause: Limit one of each Pok\u00e9mon\n|rule|OHKO Clause: OHKO moves are banned\n|rule|Evasion Items Clause: Evasion items are banned\n|rule|Evasion Moves Clause: Evasion moves are banned\n|rule|Endless Battle Clause: Forcing endless battles is banned\n|rule|HP Percentage Mod: HP is shown in percentages\n|clearpoke\n|poke|p1|Okidogi, M|\n|poke|p1|Corviknight, M|\n|poke|p1|Hoopa-Unbound|\n|poke|p1|Sinistcha-Masterpiece|\n|poke|p1|Cinderace, F|\n|poke|p1|Slowking-Galar, M|\n|poke|p2|Dragapult, F|\n|poke|p2|Skeledirge, M|\n|poke|p2|Milotic, F|\n|poke|p2|Clefable, F|\n|poke|p2|Clodsire, M|\n|poke|p2|Mandibuzz, F|\n|teampreview\n|inactive|Battle timer is ON: inactive players will automatically lose when time's up. (requested by Bakitaladelbarrio)\n|\n|t:|1700468135\n|start\n|switch|p1a: Okidogi|Okidogi, M|100\/100\n|switch|p2a: Creep|Dragapult, F, shiny|100\/100\n|turn|1\n|\n|t:|1700468147\n|switch|p1a: Cinderace|Cinderace, F|100\/100\n|move|p2a: Creep|Draco Meteor|p1a: Cinderace\n|-damage|p1a: Cinderace|0 fnt\n|-unboost|p2a: Creep|spa|2\n|faint|p1a: Cinderace\n|\n|upkeep\n|\n|t:|1700468156\n|switch|p1a: Okidogi|Okidogi, M|100\/100\n|turn|2\n|\n|t:|1700468163\n|switch|p2a: Burger Steak|Clodsire, M|100\/100\n|move|p1a: Okidogi|Bulk Up|p1a: Okidogi\n|-boost|p1a: Okidogi|atk|1\n|-boost|p1a: Okidogi|def|1\n|\n|upkeep\n|turn|3\n|\n|t:|1700468179\n|switch|p2a: Goth|Mandibuzz, F, shiny|100\/100\n|move|p1a: Okidogi|Knock Off|p2a: Goth\n|-resisted|p2a: Goth\n|-damage|p2a: Goth|87\/100\n|-status|p2a: Goth|tox|[from] ability: Toxic Chain|[of] p1a: Okidogi\n|-enditem|p2a: Goth|Heavy-Duty Boots|[from] move: Knock Off|[of] p1a: Okidogi\n|\n|-damage|p2a: Goth|81\/100 tox|[from] psn\n|upkeep\n|turn|4\n|\n|t:|1700468192\n|move|p1a: Okidogi|Ice Punch|p2a: Goth\n|-supereffective|p2a: Goth\n|-damage|p2a: Goth|34\/100 tox\n|move|p2a: Goth|Knock Off|p1a: Okidogi\n|-resisted|p1a: Okidogi\n|-damage|p1a: Okidogi|94\/100\n|-enditem|p1a: Okidogi|Leftovers|[from] move: Knock Off|[of] p2a: Goth\n|\n|-damage|p2a: Goth|22\/100 tox|[from] psn\n|upkeep\n|turn|5\n|\n|t:|1700468212\n|switch|p2a: Cytherea|Milotic, F|100\/100\n|move|p1a: Okidogi|Drain Punch|p2a: Cytherea\n|-damage|p2a: Cytherea|32\/100\n|-heal|p1a: Okidogi|100\/100|[from] drain|[of] p2a: Cytherea\n|\n|upkeep\n|turn|6\n|\n|t:|1700468220\n|switch|p2a: Creep|Dragapult, F, shiny|100\/100\n|move|p1a: Okidogi|Drain Punch|p2a: Creep\n|-immune|p2a: Creep\n|\n|upkeep\n|turn|7\n|\n|t:|1700468230\n|move|p2a: Creep|Draco Meteor|p1a: Okidogi\n|-damage|p1a: Okidogi|8\/100\n|-unboost|p2a: Creep|spa|2\n|move|p1a: Okidogi|Knock Off|p2a: Creep\n|-supereffective|p2a: Creep\n|-damage|p2a: Creep|0 fnt\n|-enditem|p2a: Creep|Choice Specs|[from] move: Knock Off|[of] p1a: Okidogi\n|faint|p2a: Creep\n|\n|upkeep\n|\n|t:|1700468252\n|switch|p2a: Angel Eyes|Clefable, F, shiny|100\/100\n|turn|8\n|\n|t:|1700468259\n|move|p1a: Okidogi|Drain Punch|p2a: Angel Eyes\n|-resisted|p2a: Angel Eyes\n|-damage|p2a: Angel Eyes|79\/100\n|-heal|p1a: Okidogi|19\/100|[from] drain|[of] p2a: Angel Eyes\n|move|p2a: Angel Eyes|Moonblast|p1a: Okidogi\n|-damage|p1a: Okidogi|0 fnt\n|faint|p1a: Okidogi\n|\n|-heal|p2a: Angel Eyes|85\/100|[from] item: Leftovers\n|upkeep\n|\n|t:|1700468273\n|switch|p1a: Slowking|Slowking-Galar, M|100\/100\n|turn|9\n|\n|t:|1700468281\n|move|p2a: Angel Eyes|Stealth Rock|p1a: Slowking\n|-sidestart|p1: Bakitaladelbarrio|move: Stealth Rock\n|move|p1a: Slowking|Future Sight|p2a: Angel Eyes\n|-start|p1a: Slowking|move: Future Sight\n|\n|-heal|p2a: Angel Eyes|91\/100|[from] item: Leftovers\n|upkeep\n|turn|10\n|\n|t:|1700468289\n|move|p2a: Angel Eyes|Encore|p1a: Slowking\n|-start|p1a: Slowking|Encore\n|move|p1a: Slowking|Future Sight||[still]\n|-fail|p1a: Slowking\n|\n|-heal|p2a: Angel Eyes|97\/100|[from] item: Leftovers\n|upkeep\n|turn|11\n|\n|t:|1700468298\n|switch|p2a: Goth|Mandibuzz, F, shiny|22\/100 tox\n|switch|p1a: Hoopa|Hoopa-Unbound|100\/100\n|-damage|p1a: Hoopa|88\/100|[from] Stealth Rock\n|\n|-end|p2a: Goth|move: Future Sight\n|-immune|p2a: Goth\n|-damage|p2a: Goth|16\/100 tox|[from] psn\n|upkeep\n|turn|12\n|\n|t:|1700468311\n|move|p1a: Hoopa|Brick Break|p2a: Goth\n|-crit|p2a: Goth\n|-damage|p2a: Goth|0 fnt\n|faint|p2a: Goth\n|\n|upkeep\n|\n|t:|1700468321\n|switch|p2a: Angel Eyes|Clefable, F, shiny|97\/100\n|turn|13\n|\n|t:|1700468325\n|switch|p1a: Slowking|Slowking-Galar, M|100\/100\n|move|p2a: Angel Eyes|Moonblast|p1a: Slowking\n|-resisted|p1a: Slowking\n|-damage|p1a: Slowking|91\/100\n|-unboost|p1a: Slowking|spa|1\n|\n|-heal|p2a: Angel Eyes|100\/100|[from] item: Leftovers\n|upkeep\n|turn|14\n|\n|t:|1700468339\n|switch|p2a: Burger Steak|Clodsire, M|100\/100\n|move|p1a: Slowking|Sludge Bomb|p2a: Burger Steak\n|-resisted|p2a: Burger Steak\n|-damage|p2a: Burger Steak|97\/100\n|\n|-heal|p2a: Burger Steak|100\/100|[from] item: Black Sludge\n|upkeep\n|turn|15\n|\n|t:|1700468352\n|move|p1a: Slowking|Future Sight|p2a: Burger Steak\n|-start|p1a: Slowking|move: Future Sight\n|move|p2a: Burger Steak|Spikes|p1a: Slowking\n|-sidestart|p1: Bakitaladelbarrio|Spikes\n|\n|upkeep\n|turn|16\n|\n|t:|1700468358\n|move|p1a: Slowking|Chilly Reception|p1a: Slowking\n|-weather|Snow\n|\n|t:|1700468363\n|switch|p1a: Hoopa|Hoopa-Unbound|88\/100|[from] Chilly Reception\n|-damage|p1a: Hoopa|76\/100|[from] Stealth Rock\n|-damage|p1a: Hoopa|64\/100|[from] Spikes\n|move|p2a: Burger Steak|Earthquake|p1a: Hoopa\n|-damage|p1a: Hoopa|20\/100\n|\n|-weather|Snow|[upkeep]\n|upkeep\n|turn|17\n|\n|t:|1700468380\n|switch|p2a: Cytherea|Milotic, F|32\/100\n|-terastallize|p1a: Hoopa|Psychic\n|move|p1a: Hoopa|Psychic|p2a: Cytherea\n|-damage|p2a: Cytherea|0 fnt\n|faint|p2a: Cytherea\n|\n|-weather|Snow|[upkeep]\n|-hint|Future Sight did not hit because the target is fainted.\n|upkeep\n|\n|t:|1700468390\n|switch|p2a: Angel Eyes|Clefable, F, shiny|100\/100\n|turn|18\n|\n|t:|1700468397\n|move|p1a: Hoopa|Psychic|p2a: Angel Eyes\n|-damage|p2a: Angel Eyes|37\/100\n|move|p2a: Angel Eyes|Moonblast|p1a: Hoopa\n|-crit|p1a: Hoopa\n|-damage|p1a: Hoopa|0 fnt\n|faint|p1a: Hoopa\n|\n|-weather|Snow|[upkeep]\n|-heal|p2a: Angel Eyes|43\/100|[from] item: Leftovers\n|upkeep\n|\n|t:|1700468408\n|switch|p1a: Slowking|Slowking-Galar, M|100\/100\n|turn|19\n|\n|t:|1700468411\n|move|p2a: Angel Eyes|Moonlight|p2a: Angel Eyes\n|-heal|p2a: Angel Eyes|68\/100\n|move|p1a: Slowking|Sludge Bomb|p2a: Angel Eyes\n|-supereffective|p2a: Angel Eyes\n|-damage|p2a: Angel Eyes|1\/100\n|\n|-weather|Snow|[upkeep]\n|-heal|p2a: Angel Eyes|7\/100|[from] item: Leftovers\n|upkeep\n|turn|20\n|\n|t:|1700468424\n|move|p2a: Angel Eyes|Encore|p1a: Slowking\n|-start|p1a: Slowking|Encore\n|move|p1a: Slowking|Sludge Bomb|p2a: Angel Eyes\n|-supereffective|p2a: Angel Eyes\n|-damage|p2a: Angel Eyes|0 fnt\n|faint|p2a: Angel Eyes\n|\n|-weather|none\n|upkeep\n|\n|t:|1700468431\n|switch|p2a: Huling El Bimbo|Skeledirge, M, shiny|100\/100\n|turn|21\n|\n|t:|1700468436\n|move|p2a: Huling El Bimbo|Torch Song|p1a: Slowking\n|-damage|p1a: Slowking|83\/100\n|-boost|p2a: Huling El Bimbo|spa|1\n|move|p1a: Slowking|Sludge Bomb|p2a: Huling El Bimbo\n|-resisted|p2a: Huling El Bimbo\n|-damage|p2a: Huling El Bimbo|88\/100\n|\n|upkeep\n|turn|22\n|\n|t:|1700468446\n|move|p2a: Huling El Bimbo|Torch Song|p1a: Slowking\n|-damage|p1a: Slowking|55\/100\n|-boost|p2a: Huling El Bimbo|spa|1\n|move|p1a: Slowking|Sludge Bomb|p2a: Huling El Bimbo\n|-resisted|p2a: Huling El Bimbo\n|-damage|p2a: Huling El Bimbo|76\/100\n|-status|p2a: Huling El Bimbo|psn\n|\n|-damage|p2a: Huling El Bimbo|64\/100 psn|[from] psn\n|-end|p1a: Slowking|Encore\n|upkeep\n|turn|23\n|\n|t:|1700468460\n|move|p2a: Huling El Bimbo|Hex|p1a: Slowking\n|-supereffective|p1a: Slowking\n|-damage|p1a: Slowking|0 fnt\n|faint|p1a: Slowking\n|\n|-damage|p2a: Huling El Bimbo|51\/100 psn|[from] psn\n|upkeep\n|\n|t:|1700468467\n|switch|p1a: Corviknight|Corviknight, M|100\/100\n|-damage|p1a: Corviknight|88\/100|[from] Stealth Rock\n|-ability|p1a: Corviknight|Pressure\n|turn|24\n|\n|t:|1700468474\n|move|p1a: Corviknight|Brave Bird|p2a: Huling El Bimbo\n|-damage|p2a: Huling El Bimbo|22\/100 psn\n|-damage|p1a: Corviknight|78\/100|[from] Recoil\n|move|p2a: Huling El Bimbo|Torch Song|p1a: Corviknight\n|-supereffective|p1a: Corviknight\n|-damage|p1a: Corviknight|0 fnt\n|-boost|p2a: Huling El Bimbo|spa|1\n|faint|p1a: Corviknight\n|\n|-damage|p2a: Huling El Bimbo|10\/100 psn|[from] psn\n|upkeep\n|\n|t:|1700468487\n|switch|p1a: Sinistcha|Sinistcha-Masterpiece|100\/100\n|-damage|p1a: Sinistcha|88\/100|[from] Stealth Rock\n|-damage|p1a: Sinistcha|76\/100|[from] Spikes\n|turn|25\n|\n|t:|1700468493\n|move|p1a: Sinistcha|Shadow Ball|p2a: Huling El Bimbo\n|-supereffective|p2a: Huling El Bimbo\n|-damage|p2a: Huling El Bimbo|0 fnt\n|faint|p2a: Huling El Bimbo\n|\n|-heal|p1a: Sinistcha|82\/100|[from] item: Leftovers\n|upkeep\n|\n|t:|1700468499\n|switch|p2a: Burger Steak|Clodsire, M|100\/100\n|turn|26\n|\n|t:|1700468503\n|move|p1a: Sinistcha|Calm Mind|p1a: Sinistcha\n|-boost|p1a: Sinistcha|spa|1\n|-boost|p1a: Sinistcha|spd|1\n|move|p2a: Burger Steak|Toxic|p1a: Sinistcha\n|-status|p1a: Sinistcha|tox\n|\n|-heal|p1a: Sinistcha|88\/100 tox|[from] item: Leftovers\n|-damage|p1a: Sinistcha|82\/100 tox|[from] psn\n|upkeep\n|turn|27\n|\n|t:|1700468512\n|move|p1a: Sinistcha|Matcha Gotcha|p2a: Burger Steak\n|-damage|p2a: Burger Steak|51\/100\n|-heal|p1a: Sinistcha|100\/100 tox|[from] drain|[of] p2a: Burger Steak\n|move|p2a: Burger Steak|Earthquake|p1a: Sinistcha\n|-resisted|p1a: Sinistcha\n|-crit|p1a: Sinistcha\n|-damage|p1a: Sinistcha|82\/100 tox\n|\n|-heal|p1a: Sinistcha|88\/100 tox|[from] item: Leftovers\n|-heal|p2a: Burger Steak|57\/100|[from] item: Black Sludge\n|-damage|p1a: Sinistcha|76\/100 tox|[from] psn\n|upkeep\n|turn|28\n|\n|t:|1700468525\n|move|p1a: Sinistcha|Calm Mind|p1a: Sinistcha\n|-boost|p1a: Sinistcha|spa|1\n|-boost|p1a: Sinistcha|spd|1\n|move|p2a: Burger Steak|Recover|p2a: Burger Steak\n|-heal|p2a: Burger Steak|100\/100\n|\n|-heal|p1a: Sinistcha|82\/100 tox|[from] item: Leftovers\n|-damage|p1a: Sinistcha|64\/100 tox|[from] psn\n|upkeep\n|turn|29\n|\n|t:|1700468537\n|move|p1a: Sinistcha|Matcha Gotcha|p2a: Burger Steak|[miss]\n|-miss|p1a: Sinistcha|p2a: Burger Steak\n|move|p2a: Burger Steak|Recover||[still]\n|-fail|p2a: Burger Steak|heal\n|\n|-heal|p1a: Sinistcha|70\/100 tox|[from] item: Leftovers\n|-damage|p1a: Sinistcha|46\/100 tox|[from] psn\n|upkeep\n|turn|30\n|\n|t:|1700468547\n|move|p1a: Sinistcha|Matcha Gotcha|p2a: Burger Steak|[miss]\n|-miss|p1a: Sinistcha|p2a: Burger Steak\n|move|p2a: Burger Steak|Recover||[still]\n|-fail|p2a: Burger Steak|heal\n|\n|-heal|p1a: Sinistcha|52\/100 tox|[from] item: Leftovers\n|-damage|p1a: Sinistcha|21\/100 tox|[from] psn\n|upkeep\n|turn|31\n|\n|t:|1700468557\n|move|p1a: Sinistcha|Strength Sap|p2a: Burger Steak\n|-unboost|p2a: Burger Steak|atk|1\n|-heal|p1a: Sinistcha|75\/100 tox\n|move|p2a: Burger Steak|Recover||[still]\n|-fail|p2a: Burger Steak|heal\n|\n|-heal|p1a: Sinistcha|81\/100 tox|[from] item: Leftovers\n|-damage|p1a: Sinistcha|45\/100 tox|[from] psn\n|upkeep\n|turn|32\n|\n|t:|1700468567\n|move|p1a: Sinistcha|Matcha Gotcha|p2a: Burger Steak\n|-damage|p2a: Burger Steak|41\/100\n|-heal|p1a: Sinistcha|84\/100 tox|[from] drain|[of] p2a: Burger Steak\n|-status|p2a: Burger Steak|brn\n|move|p2a: Burger Steak|Recover|p2a: Burger Steak\n|-heal|p2a: Burger Steak|91\/100 brn\n|\n|-heal|p1a: Sinistcha|90\/100 tox|[from] item: Leftovers\n|-heal|p2a: Burger Steak|97\/100 brn|[from] item: Black Sludge\n|-damage|p1a: Sinistcha|48\/100 tox|[from] psn\n|-damage|p2a: Burger Steak|91\/100 brn|[from] brn\n|upkeep\n|turn|33\n|\n|t:|1700468582\n|move|p1a: Sinistcha|Matcha Gotcha|p2a: Burger Steak\n|-damage|p2a: Burger Steak|30\/100 brn\n|-heal|p1a: Sinistcha|89\/100 tox|[from] drain|[of] p2a: Burger Steak\n|move|p2a: Burger Steak|Recover|p2a: Burger Steak\n|-heal|p2a: Burger Steak|80\/100 brn\n|\n|-heal|p1a: Sinistcha|95\/100 tox|[from] item: Leftovers\n|-heal|p2a: Burger Steak|86\/100 brn|[from] item: Black Sludge\n|-damage|p1a: Sinistcha|47\/100 tox|[from] psn\n|-damage|p2a: Burger Steak|80\/100 brn|[from] brn\n|upkeep\n|turn|34\n|\n|t:|1700468595\n|move|p1a: Sinistcha|Matcha Gotcha|p2a: Burger Steak\n|-damage|p2a: Burger Steak|19\/100 brn\n|-heal|p1a: Sinistcha|87\/100 tox|[from] drain|[of] p2a: Burger Steak\n|move|p2a: Burger Steak|Recover|p2a: Burger Steak\n|-heal|p2a: Burger Steak|69\/100 brn\n|\n|-heal|p1a: Sinistcha|93\/100 tox|[from] item: Leftovers\n|-heal|p2a: Burger Steak|75\/100 brn|[from] item: Black Sludge\n|-damage|p1a: Sinistcha|39\/100 tox|[from] psn\n|-damage|p2a: Burger Steak|69\/100 brn|[from] brn\n|upkeep\n|turn|35\n|\n|t:|1700468611\n|move|p1a: Sinistcha|Matcha Gotcha|p2a: Burger Steak\n|-damage|p2a: Burger Steak|5\/100 brn\n|-heal|p1a: Sinistcha|81\/100 tox|[from] drain|[of] p2a: Burger Steak\n|move|p2a: Burger Steak|Recover|p2a: Burger Steak\n|-heal|p2a: Burger Steak|56\/100 brn\n|\n|-heal|p1a: Sinistcha|87\/100 tox|[from] item: Leftovers\n|-heal|p2a: Burger Steak|62\/100 brn|[from] item: Black Sludge\n|-damage|p1a: Sinistcha|27\/100 tox|[from] psn\n|-damage|p2a: Burger Steak|56\/100 brn|[from] brn\n|upkeep\n|turn|36\n|\n|t:|1700468625\n|move|p1a: Sinistcha|Matcha Gotcha|p2a: Burger Steak\n|-crit|p2a: Burger Steak\n|-damage|p2a: Burger Steak|0 fnt\n|-heal|p1a: Sinistcha|63\/100 tox|[from] drain|[of] p2a: Burger Steak\n|faint|p2a: Burger Steak\n|\n|win|Bakitaladelbarrio\n|raw|Bakitaladelbarrio's rating: 1494 &rarr; <strong>1506<\/strong><br \/>(+12 for winning)\n|raw|mrbadd's rating: 1357 &rarr; <strong>1345<\/strong><br \/>(-12 for losing)\n","uploadtime":1700468634,"views":12,"p1id":"bakitaladelbarrio","p2id":"mrbadd","formatid":"gen9ou","rating":1345,"private":0,"password":""}