{"id":"gen9ou-2000475200","p1":"Not Hell","p2":"Toxic Skarmory","format":"[Gen 9] OU","log":"|j|\u2606Not Hell\n|j|\u2606Toxic Skarmory\n|t:|1701197906\n|gametype|singles\n|player|p1|Not Hell|morty-masters|\n|player|p2|Toxic Skarmory|cameraman|\n|teamsize|p1|6\n|teamsize|p2|6\n|gen|9\n|tier|[Gen 9] OU\n|rule|Sleep Clause Mod: Limit one foe put to sleep\n|rule|Species Clause: Limit one of each Pok\u00e9mon\n|rule|OHKO Clause: OHKO moves are banned\n|rule|Evasion Items Clause: Evasion items are banned\n|rule|Evasion Moves Clause: Evasion moves are banned\n|rule|Endless Battle Clause: Forcing endless battles is banned\n|rule|HP Percentage Mod: HP is shown in percentages\n|clearpoke\n|poke|p1|Quagsire, M|\n|poke|p1|Landorus-Therian, M|\n|poke|p1|Noivern, F|\n|poke|p1|Slaking, M|\n|poke|p1|Politoed, M|\n|poke|p1|Breloom, F|\n|poke|p2|Greninja-*, M|\n|poke|p2|Jolteon, F|\n|poke|p2|Slither Wing|\n|poke|p2|Ninetales, F|\n|poke|p2|Rillaboom, F|\n|poke|p2|Enamorus-Therian, F|\n|teampreview\n|c|\u2606Not Hell|gl hfff\n|c|\u2606Toxic Skarmory|You too\n|\n|t:|1701197959\n|start\n|switch|p1a: Noivern|Noivern, F|100\/100\n|switch|p2a: Ninetales|Ninetales, F|100\/100\n|-weather|SunnyDay|[from] ability: Drought|[of] p2a: Ninetales\n|turn|1\n|\n|t:|1701197973\n|switch|p2a: Enamorus|Enamorus-Therian, F|100\/100\n|switch|p1a: Politoed|Politoed, M|100\/100\n|-weather|RainDance|[from] ability: Drizzle|[of] p1a: Politoed\n|\n|-weather|RainDance|[upkeep]\n|upkeep\n|turn|2\n|\n|t:|1701198002\n|switch|p2a: Greninja|Greninja, M|100\/100\n|move|p1a: Politoed|Ice Beam|p2a: Greninja\n|-resisted|p2a: Greninja\n|-crit|p2a: Greninja\n|-damage|p2a: Greninja|76\/100\n|-status|p2a: Greninja|frz\n|\n|-weather|RainDance|[upkeep]\n|upkeep\n|turn|3\n|\n|t:|1701198011\n|switch|p2a: Rillaboom|Rillaboom, F|100\/100\n|-fieldstart|move: Grassy Terrain|[from] ability: Grassy Surge|[of] p2a: Rillaboom\n|move|p1a: Politoed|Surf|p2a: Rillaboom\n|-resisted|p2a: Rillaboom\n|-damage|p2a: Rillaboom|75\/100\n|\n|-weather|RainDance|[upkeep]\n|-heal|p2a: Rillaboom|81\/100|[from] Grassy Terrain\n|upkeep\n|turn|4\n|\n|t:|1701198024\n|switch|p1a: Landorus|Landorus-Therian, M|100\/100\n|-ability|p1a: Landorus|Intimidate|boost\n|-unboost|p2a: Rillaboom|atk|1\n|move|p2a: Rillaboom|Grassy Glide|p1a: Landorus\n|-damage|p1a: Landorus|75\/100\n|\n|-weather|RainDance|[upkeep]\n|-heal|p1a: Landorus|81\/100|[from] item: Leftovers\n|-heal|p2a: Rillaboom|87\/100|[from] Grassy Terrain\n|upkeep\n|turn|5\n|\n|t:|1701198039\n|switch|p2a: Enamorus|Enamorus-Therian, F|100\/100\n|move|p1a: Landorus|U-turn|p2a: Enamorus\n|-resisted|p2a: Enamorus\n|-damage|p2a: Enamorus|96\/100\n|\n|t:|1701198053\n|switch|p1a: Slaking|Slaking, M|100\/100|[from] U-turn\n|\n|-weather|none\n|-heal|p2a: Enamorus|100\/100|[from] item: Leftovers\n|upkeep\n|turn|6\n|\n|t:|1701198065\n|move|p1a: Slaking|Giga Impact|p2a: Enamorus|[miss]\n|-miss|p1a: Slaking|p2a: Enamorus\n|move|p2a: Enamorus|Iron Defense|p2a: Enamorus\n|-boost|p2a: Enamorus|def|2\n|\n|upkeep\n|turn|7\n|\n|t:|1701198075\n|switch|p1a: Quagsire|Quagsire, M|100\/100\n|move|p2a: Enamorus|Iron Defense|p2a: Enamorus\n|-boost|p2a: Enamorus|def|2\n|\n|upkeep\n|turn|8\n|\n|t:|1701198090\n|switch|p2a: Rillaboom|Rillaboom, F|87\/100\n|move|p1a: Quagsire|Curse|p1a: Quagsire\n|-unboost|p1a: Quagsire|spe|1\n|-boost|p1a: Quagsire|atk|1\n|-boost|p1a: Quagsire|def|1\n|\n|-heal|p2a: Rillaboom|93\/100|[from] Grassy Terrain\n|upkeep\n|turn|9\n|\n|t:|1701198109\n|move|p2a: Rillaboom|U-turn|p1a: Quagsire\n|-damage|p1a: Quagsire|89\/100\n|\n|t:|1701198139\n|switch|p2a: Ninetales|Ninetales, F|100\/100|[from] U-turn\n|-weather|SunnyDay|[from] ability: Drought|[of] p2a: Ninetales\n|move|p1a: Quagsire|Avalanche|p2a: Ninetales\n|-resisted|p2a: Ninetales\n|-damage|p2a: Ninetales|88\/100\n|\n|-weather|SunnyDay|[upkeep]\n|-heal|p2a: Ninetales|94\/100|[from] Grassy Terrain\n|-heal|p1a: Quagsire|95\/100|[from] Grassy Terrain\n|-heal|p1a: Quagsire|100\/100|[from] item: Leftovers\n|upkeep\n|turn|10\n|\n|t:|1701198205\n|-terastallize|p1a: Quagsire|Poison\n|move|p2a: Ninetales|Energy Ball|p1a: Quagsire\n|-resisted|p1a: Quagsire\n|-damage|p1a: Quagsire|84\/100\n|move|p1a: Quagsire|High Horsepower|p2a: Ninetales\n|-supereffective|p2a: Ninetales\n|-damage|p2a: Ninetales|0 fnt\n|faint|p2a: Ninetales\n|\n|-weather|SunnyDay|[upkeep]\n|-heal|p1a: Quagsire|90\/100|[from] Grassy Terrain\n|-heal|p1a: Quagsire|96\/100|[from] item: Leftovers\n|-fieldend|move: Grassy Terrain\n|upkeep\n|\n|t:|1701198216\n|switch|p2a: Jolteon|Jolteon, F|100\/100\n|turn|11\n|\n|t:|1701198223\n|move|p2a: Jolteon|Volt Switch|p1a: Quagsire\n|-damage|p1a: Quagsire|33\/100\n|\n|t:|1701198242\n|switch|p2a: Rillaboom|Rillaboom, F|93\/100|[from] Volt Switch\n|-fieldstart|move: Grassy Terrain|[from] ability: Grassy Surge|[of] p2a: Rillaboom\n|move|p1a: Quagsire|Avalanche|p2a: Rillaboom\n|-supereffective|p2a: Rillaboom\n|-damage|p2a: Rillaboom|57\/100\n|\n|-weather|SunnyDay|[upkeep]\n|-heal|p2a: Rillaboom|63\/100|[from] Grassy Terrain\n|-heal|p1a: Quagsire|40\/100|[from] Grassy Terrain\n|-heal|p1a: Quagsire|46\/100|[from] item: Leftovers\n|upkeep\n|turn|12\n|\n|t:|1701198262\n|move|p2a: Rillaboom|U-turn|p1a: Quagsire\n|-resisted|p1a: Quagsire\n|-damage|p1a: Quagsire|40\/100\n|\n|t:|1701198265\n|switch|p2a: Enamorus|Enamorus-Therian, F|100\/100|[from] U-turn\n|move|p1a: Quagsire|Recover|p1a: Quagsire\n|-heal|p1a: Quagsire|90\/100\n|\n|-weather|SunnyDay|[upkeep]\n|-heal|p1a: Quagsire|96\/100|[from] Grassy Terrain\n|-heal|p1a: Quagsire|100\/100|[from] item: Leftovers\n|upkeep\n|turn|13\n|\n|t:|1701198278\n|switch|p2a: Jolteon|Jolteon, F|100\/100\n|move|p1a: Quagsire|Curse|p1a: Quagsire\n|-unboost|p1a: Quagsire|spe|1\n|-boost|p1a: Quagsire|atk|1\n|-boost|p1a: Quagsire|def|1\n|\n|-weather|none\n|upkeep\n|turn|14\n|\n|t:|1701198301\n|move|p2a: Jolteon|Volt Switch|p1a: Quagsire\n|-damage|p1a: Quagsire|45\/100\n|\n|t:|1701198307\n|switch|p2a: Greninja|Greninja, M|76\/100 frz|[from] Volt Switch\n|move|p1a: Quagsire|High Horsepower|p2a: Greninja\n|-damage|p2a: Greninja|0 fnt\n|faint|p2a: Greninja\n|\n|-heal|p1a: Quagsire|51\/100|[from] Grassy Terrain\n|-heal|p1a: Quagsire|57\/100|[from] item: Leftovers\n|upkeep\n|\n|t:|1701198311\n|switch|p2a: Jolteon|Jolteon, F|100\/100\n|turn|15\n|\n|t:|1701198327\n|switch|p1a: Landorus|Landorus-Therian, M|81\/100\n|-ability|p1a: Landorus|Intimidate|boost\n|-unboost|p2a: Jolteon|atk|1\n|-terastallize|p2a: Jolteon|Ice\n|move|p2a: Jolteon|Tera Blast|p1a: Landorus|[anim] Tera Blast Ice\n|-supereffective|p1a: Landorus\n|-damage|p1a: Landorus|0 fnt\n|faint|p1a: Landorus\n|\n|upkeep\n|\n|t:|1701198346\n|switch|p1a: Politoed|Politoed, M|100\/100\n|-weather|RainDance|[from] ability: Drizzle|[of] p1a: Politoed\n|turn|16\n|\n|t:|1701198354\n|switch|p2a: Slither Wing|Slither Wing|100\/100\n|move|p1a: Politoed|Ice Beam|p2a: Slither Wing\n|-damage|p2a: Slither Wing|82\/100\n|\n|-weather|RainDance|[upkeep]\n|-heal|p2a: Slither Wing|88\/100|[from] Grassy Terrain\n|-heal|p2a: Slither Wing|94\/100|[from] item: Leftovers\n|upkeep\n|turn|17\n|\n|t:|1701198368\n|switch|p1a: Quagsire|Quagsire, M, tera:Poison|57\/100\n|move|p2a: Slither Wing|Leech Life|p1a: Quagsire\n|-resisted|p1a: Quagsire\n|-damage|p1a: Quagsire|43\/100\n|-heal|p2a: Slither Wing|100\/100|[from] drain|[of] p1a: Quagsire\n|\n|-weather|RainDance|[upkeep]\n|-heal|p1a: Quagsire|49\/100|[from] Grassy Terrain\n|-heal|p1a: Quagsire|55\/100|[from] item: Leftovers\n|upkeep\n|turn|18\n|\n|t:|1701198374\n|move|p2a: Slither Wing|Will-O-Wisp|p1a: Quagsire\n|-status|p1a: Quagsire|brn\n|move|p1a: Quagsire|Recover|p1a: Quagsire\n|-heal|p1a: Quagsire|100\/100 brn\n|\n|-weather|RainDance|[upkeep]\n|-damage|p1a: Quagsire|94\/100 brn|[from] brn\n|-fieldend|move: Grassy Terrain\n|upkeep\n|turn|19\n|\n|t:|1701198386\n|-end|p2a: Slither Wing|Protosynthesis|[silent]\n|switch|p2a: Rillaboom|Rillaboom, F|63\/100\n|-fieldstart|move: Grassy Terrain|[from] ability: Grassy Surge|[of] p2a: Rillaboom\n|switch|p1a: Noivern|Noivern, F|100\/100\n|\n|-weather|RainDance|[upkeep]\n|-heal|p2a: Rillaboom|69\/100|[from] Grassy Terrain\n|upkeep\n|turn|20\n|\n|t:|1701198399\n|switch|p2a: Enamorus|Enamorus-Therian, F|100\/100\n|move|p1a: Noivern|Hurricane|p2a: Enamorus\n|-damage|p2a: Enamorus|51\/100\n|\n|-weather|none\n|-heal|p2a: Enamorus|57\/100|[from] item: Leftovers\n|upkeep\n|turn|21\n|\n|t:|1701198421\n|switch|p1a: Slaking|Slaking, M|100\/100\n|move|p2a: Enamorus|Draining Kiss|p1a: Slaking\n|-damage|p1a: Slaking|77\/100\n|-heal|p2a: Enamorus|79\/100|[from] drain|[of] p1a: Slaking\n|\n|-heal|p1a: Slaking|83\/100|[from] Grassy Terrain\n|-heal|p2a: Enamorus|85\/100|[from] item: Leftovers\n|upkeep\n|turn|22\n|\n|t:|1701198426\n|move|p1a: Slaking|Giga Impact|p2a: Enamorus\n|-damage|p2a: Enamorus|4\/100\n|-mustrecharge|p1a: Slaking\n|move|p2a: Enamorus|Iron Defense|p2a: Enamorus\n|-boost|p2a: Enamorus|def|2\n|\n|-heal|p1a: Slaking|90\/100|[from] Grassy Terrain\n|-heal|p2a: Enamorus|10\/100|[from] item: Leftovers\n|upkeep\n|turn|23\n|\n|t:|1701198436\n|cant|p1a: Slaking|recharge\n|move|p2a: Enamorus|Draining Kiss|p1a: Slaking\n|-damage|p1a: Slaking|64\/100\n|-heal|p2a: Enamorus|35\/100|[from] drain|[of] p1a: Slaking\n|\n|-heal|p1a: Slaking|70\/100|[from] Grassy Terrain\n|-heal|p2a: Enamorus|41\/100|[from] item: Leftovers\n|upkeep\n|turn|24\n|\n|t:|1701198459\n|switch|p1a: Noivern|Noivern, F|100\/100\n|move|p2a: Enamorus|Iron Defense|p2a: Enamorus\n|-boost|p2a: Enamorus|def|2\n|\n|-heal|p2a: Enamorus|47\/100|[from] item: Leftovers\n|upkeep\n|turn|25\n|\n|t:|1701198499\n|move|p1a: Noivern|Boomburst|p2a: Enamorus\n|-damage|p2a: Enamorus|4\/100\n|move|p2a: Enamorus|Draining Kiss|p1a: Noivern\n|-supereffective|p1a: Noivern\n|-damage|p1a: Noivern|41\/100\n|-heal|p2a: Enamorus|44\/100|[from] drain|[of] p1a: Noivern\n|\n|-heal|p2a: Enamorus|50\/100|[from] item: Leftovers\n|upkeep\n|turn|26\n|\n|t:|1701198514\n|switch|p1a: Politoed|Politoed, M|100\/100\n|-weather|RainDance|[from] ability: Drizzle|[of] p1a: Politoed\n|move|p2a: Enamorus|Draining Kiss|p1a: Politoed\n|-damage|p1a: Politoed|86\/100\n|-heal|p2a: Enamorus|62\/100|[from] drain|[of] p1a: Politoed\n|-enditem|p1a: Politoed|Eject Button\n|\n|t:|1701198516\n|switch|p1a: Noivern|Noivern, F|41\/100\n|\n|-weather|RainDance|[upkeep]\n|-heal|p2a: Enamorus|68\/100|[from] item: Leftovers\n|-fieldend|move: Grassy Terrain\n|upkeep\n|turn|27\n|\n|t:|1701198525\n|move|p1a: Noivern|Hurricane|p2a: Enamorus\n|-damage|p2a: Enamorus|14\/100\n|move|p2a: Enamorus|Draining Kiss|p1a: Noivern\n|-supereffective|p1a: Noivern\n|-damage|p1a: Noivern|0 fnt\n|-heal|p2a: Enamorus|41\/100|[from] drain|[of] p1a: Noivern\n|faint|p1a: Noivern\n|\n|-weather|RainDance|[upkeep]\n|-heal|p2a: Enamorus|47\/100|[from] item: Leftovers\n|upkeep\n|\n|t:|1701198534\n|switch|p1a: Slaking|Slaking, M|70\/100\n|turn|28\n|\n|t:|1701198541\n|move|p1a: Slaking|Giga Impact|p2a: Enamorus\n|-damage|p2a: Enamorus|18\/100\n|-mustrecharge|p1a: Slaking\n|move|p2a: Enamorus|Calm Mind|p2a: Enamorus\n|-boost|p2a: Enamorus|spa|1\n|-boost|p2a: Enamorus|spd|1\n|\n|-weather|RainDance|[upkeep]\n|-heal|p2a: Enamorus|24\/100|[from] item: Leftovers\n|upkeep\n|turn|29\n|\n|t:|1701198545\n|cant|p1a: Slaking|recharge\n|move|p2a: Enamorus|Calm Mind|p2a: Enamorus\n|-boost|p2a: Enamorus|spa|1\n|-boost|p2a: Enamorus|spd|1\n|\n|-weather|RainDance|[upkeep]\n|-heal|p2a: Enamorus|30\/100|[from] item: Leftovers\n|upkeep\n|turn|30\n|\n|t:|1701198548\n|switch|p1a: Quagsire|Quagsire, M, tera:Poison|94\/100 brn\n|move|p2a: Enamorus|Calm Mind|p2a: Enamorus\n|-boost|p2a: Enamorus|spa|1\n|-boost|p2a: Enamorus|spd|1\n|\n|-weather|none\n|-heal|p2a: Enamorus|36\/100|[from] item: Leftovers\n|-heal|p1a: Quagsire|100\/100 brn|[from] item: Leftovers\n|-damage|p1a: Quagsire|94\/100 brn|[from] brn\n|upkeep\n|turn|31\n|\n|t:|1701198554\n|move|p2a: Enamorus|Iron Defense|p2a: Enamorus\n|-boost|p2a: Enamorus|def|2\n|move|p1a: Quagsire|Curse|p1a: Quagsire\n|-unboost|p1a: Quagsire|spe|1\n|-boost|p1a: Quagsire|atk|1\n|-boost|p1a: Quagsire|def|1\n|\n|-heal|p2a: Enamorus|42\/100|[from] item: Leftovers\n|-heal|p1a: Quagsire|100\/100 brn|[from] item: Leftovers\n|-damage|p1a: Quagsire|94\/100 brn|[from] brn\n|upkeep\n|turn|32\n|\n|t:|1701198564\n|move|p2a: Enamorus|Mystical Fire|p1a: Quagsire\n|-damage|p1a: Quagsire|69\/100 brn\n|-unboost|p1a: Quagsire|spa|1\n|move|p1a: Quagsire|Avalanche|p2a: Enamorus\n|-supereffective|p2a: Enamorus\n|-damage|p2a: Enamorus|12\/100\n|\n|-heal|p2a: Enamorus|18\/100|[from] item: Leftovers\n|-heal|p1a: Quagsire|75\/100 brn|[from] item: Leftovers\n|-damage|p1a: Quagsire|69\/100 brn|[from] brn\n|upkeep\n|turn|33\n|\n|t:|1701198581\n|switch|p2a: Rillaboom|Rillaboom, F|69\/100\n|-fieldstart|move: Grassy Terrain|[from] ability: Grassy Surge|[of] p2a: Rillaboom\n|move|p1a: Quagsire|Avalanche|p2a: Rillaboom\n|-supereffective|p2a: Rillaboom\n|-damage|p2a: Rillaboom|52\/100\n|\n|-heal|p2a: Rillaboom|58\/100|[from] Grassy Terrain\n|-heal|p1a: Quagsire|75\/100 brn|[from] Grassy Terrain\n|-heal|p1a: Quagsire|81\/100 brn|[from] item: Leftovers\n|-damage|p1a: Quagsire|75\/100 brn|[from] brn\n|upkeep\n|turn|34\n|\n|t:|1701198587\n|move|p2a: Rillaboom|Knock Off|p1a: Quagsire\n|-damage|p1a: Quagsire|57\/100 brn\n|-enditem|p1a: Quagsire|Leftovers|[from] move: Knock Off|[of] p2a: Rillaboom\n|move|p1a: Quagsire|Curse|p1a: Quagsire\n|-unboost|p1a: Quagsire|spe|1\n|-boost|p1a: Quagsire|atk|1\n|-boost|p1a: Quagsire|def|1\n|\n|-heal|p2a: Rillaboom|64\/100|[from] Grassy Terrain\n|-heal|p1a: Quagsire|63\/100 brn|[from] Grassy Terrain\n|-damage|p1a: Quagsire|57\/100 brn|[from] brn\n|upkeep\n|turn|35\n|\n|t:|1701198597\n|move|p2a: Rillaboom|U-turn|p1a: Quagsire\n|-resisted|p1a: Quagsire\n|-damage|p1a: Quagsire|52\/100 brn\n|\n|t:|1701198602\n|switch|p2a: Enamorus|Enamorus-Therian, F|18\/100|[from] U-turn\n|move|p1a: Quagsire|Avalanche|p2a: Enamorus\n|-supereffective|p2a: Enamorus\n|-damage|p2a: Enamorus|0 fnt\n|faint|p2a: Enamorus\n|\n|-heal|p1a: Quagsire|58\/100 brn|[from] Grassy Terrain\n|-damage|p1a: Quagsire|52\/100 brn|[from] brn\n|upkeep\n|\n|t:|1701198605\n|switch|p2a: Jolteon|Jolteon, F, tera:Ice|100\/100\n|turn|36\n|\n|t:|1701198632\n|switch|p1a: Politoed|Politoed, M|86\/100\n|-weather|RainDance|[from] ability: Drizzle|[of] p1a: Politoed\n|move|p2a: Jolteon|Thunderbolt|p1a: Politoed\n|-supereffective|p1a: Politoed\n|-damage|p1a: Politoed|5\/100\n|\n|-weather|RainDance|[upkeep]\n|-heal|p1a: Politoed|11\/100|[from] Grassy Terrain\n|upkeep\n|turn|37\n|\n|t:|1701198640\n|move|p2a: Jolteon|Thunderbolt|p1a: Politoed\n|-supereffective|p1a: Politoed\n|-damage|p1a: Politoed|0 fnt\n|faint|p1a: Politoed\n|\n|-weather|RainDance|[upkeep]\n|upkeep\n|\n|t:|1701198642\n|switch|p1a: Breloom|Breloom, F|100\/100\n|turn|38\n|\n|t:|1701198653\n|switch|p2a: Slither Wing|Slither Wing|100\/100\n|move|p1a: Breloom|Mach Punch|p2a: Slither Wing\n|-resisted|p2a: Slither Wing\n|-damage|p2a: Slither Wing|77\/100\n|\n|-weather|RainDance|[upkeep]\n|-heal|p2a: Slither Wing|83\/100|[from] Grassy Terrain\n|-heal|p2a: Slither Wing|89\/100|[from] item: Leftovers\n|upkeep\n|turn|39\n|\n|t:|1701198662\n|switch|p1a: Quagsire|Quagsire, M, tera:Poison|52\/100 brn\n|move|p2a: Slither Wing|Will-O-Wisp|p1a: Quagsire\n|-fail|p1a: Quagsire|brn\n|\n|-weather|RainDance|[upkeep]\n|-heal|p2a: Slither Wing|95\/100|[from] Grassy Terrain\n|-heal|p2a: Slither Wing|100\/100|[from] item: Leftovers\n|-heal|p1a: Quagsire|58\/100 brn|[from] Grassy Terrain\n|-damage|p1a: Quagsire|52\/100 brn|[from] brn\n|upkeep\n|turn|40\n|\n|t:|1701198672\n|-end|p2a: Slither Wing|Protosynthesis|[silent]\n|switch|p2a: Rillaboom|Rillaboom, F|64\/100\n|move|p1a: Quagsire|High Horsepower|p2a: Rillaboom\n|-resisted|p2a: Rillaboom\n|-damage|p2a: Rillaboom|57\/100\n|\n|-weather|none\n|-heal|p2a: Rillaboom|63\/100|[from] Grassy Terrain\n|-heal|p1a: Quagsire|58\/100 brn|[from] Grassy Terrain\n|-damage|p1a: Quagsire|52\/100 brn|[from] brn\n|-fieldend|move: Grassy Terrain\n|upkeep\n|turn|41\n|\n|t:|1701198675\n|move|p2a: Rillaboom|U-turn|p1a: Quagsire\n|-resisted|p1a: Quagsire\n|-damage|p1a: Quagsire|42\/100 brn\n|\n|t:|1701198677\n|switch|p2a: Jolteon|Jolteon, F, tera:Ice|100\/100|[from] U-turn\n|move|p1a: Quagsire|Recover|p1a: Quagsire\n|-heal|p1a: Quagsire|92\/100 brn\n|\n|-damage|p1a: Quagsire|86\/100 brn|[from] brn\n|upkeep\n|turn|42\n|\n|t:|1701198692\n|switch|p1a: Breloom|Breloom, F|100\/100\n|move|p2a: Jolteon|Thunderbolt|p1a: Breloom\n|-resisted|p1a: Breloom\n|-damage|p1a: Breloom|38\/100\n|\n|upkeep\n|turn|43\n|\n|t:|1701198702\n|switch|p2a: Slither Wing|Slither Wing|100\/100\n|move|p1a: Breloom|Spore|p2a: Slither Wing\n|-status|p2a: Slither Wing|slp|[from] move: Spore\n|\n|upkeep\n|turn|44\n|\n|t:|1701198710\n|switch|p1a: Slaking|Slaking, M|70\/100\n|cant|p2a: Slither Wing|slp\n|\n|upkeep\n|turn|45\n|\n|t:|1701198724\n|-end|p2a: Slither Wing|Protosynthesis|[silent]\n|switch|p2a: Rillaboom|Rillaboom, F|63\/100\n|-fieldstart|move: Grassy Terrain|[from] ability: Grassy Surge|[of] p2a: Rillaboom\n|move|p1a: Slaking|Play Rough|p2a: Rillaboom\n|-damage|p2a: Rillaboom|28\/100\n|\n|-heal|p1a: Slaking|76\/100|[from] Grassy Terrain\n|-heal|p2a: Rillaboom|34\/100|[from] Grassy Terrain\n|upkeep\n|turn|46\n|\n|t:|1701198736\n|switch|p1a: Quagsire|Quagsire, M, tera:Poison|86\/100 brn\n|move|p2a: Rillaboom|Drain Punch|p1a: Quagsire\n|-resisted|p1a: Quagsire\n|-damage|p1a: Quagsire|77\/100 brn\n|-heal|p2a: Rillaboom|39\/100|[from] drain|[of] p1a: Quagsire\n|\n|-heal|p2a: Rillaboom|45\/100|[from] Grassy Terrain\n|-heal|p1a: Quagsire|83\/100 brn|[from] Grassy Terrain\n|-damage|p1a: Quagsire|77\/100 brn|[from] brn\n|upkeep\n|turn|47\n|\n|t:|1701198751\n|switch|p1a: Slaking|Slaking, M|76\/100\n|move|p2a: Rillaboom|U-turn|p1a: Slaking\n|-damage|p1a: Slaking|55\/100\n|\n|t:|1701198758\n|switch|p2a: Slither Wing|Slither Wing|100\/100 slp|[from] U-turn\n|\n|-heal|p1a: Slaking|61\/100|[from] Grassy Terrain\n|upkeep\n|turn|48\n|\n|t:|1701198780\n|-end|p2a: Slither Wing|Protosynthesis|[silent]\n|switch|p2a: Rillaboom|Rillaboom, F|45\/100\n|move|p1a: Slaking|Giga Impact|p2a: Rillaboom|[miss]\n|-miss|p1a: Slaking|p2a: Rillaboom\n|\n|-heal|p1a: Slaking|67\/100|[from] Grassy Terrain\n|-heal|p2a: Rillaboom|51\/100|[from] Grassy Terrain\n|upkeep\n|turn|49\n|\n|t:|1701198790\n|cant|p1a: Slaking|ability: Truant\n|move|p2a: Rillaboom|Drain Punch|p1a: Slaking\n|-supereffective|p1a: Slaking\n|-damage|p1a: Slaking|22\/100\n|-heal|p2a: Rillaboom|76\/100|[from] drain|[of] p1a: Slaking\n|\n|-heal|p1a: Slaking|29\/100|[from] Grassy Terrain\n|-heal|p2a: Rillaboom|82\/100|[from] Grassy Terrain\n|upkeep\n|turn|50\n|\n|t:|1701198799\n|move|p2a: Rillaboom|Grassy Glide|p1a: Slaking\n|-damage|p1a: Slaking|0 fnt\n|faint|p1a: Slaking\n|\n|-heal|p2a: Rillaboom|89\/100|[from] Grassy Terrain\n|upkeep\n|\n|t:|1701198804\n|switch|p1a: Quagsire|Quagsire, M, tera:Poison|77\/100 brn\n|turn|51\n|\n|t:|1701198814\n|move|p2a: Rillaboom|U-turn|p1a: Quagsire\n|-resisted|p1a: Quagsire\n|-damage|p1a: Quagsire|68\/100 brn\n|\n|t:|1701198818\n|switch|p2a: Slither Wing|Slither Wing|100\/100 slp|[from] U-turn\n|move|p1a: Quagsire|High Horsepower|p2a: Slither Wing\n|-resisted|p2a: Slither Wing\n|-damage|p2a: Slither Wing|91\/100 slp\n|\n|-heal|p2a: Slither Wing|98\/100 slp|[from] Grassy Terrain\n|-heal|p2a: Slither Wing|100\/100 slp|[from] item: Leftovers\n|-heal|p1a: Quagsire|74\/100 brn|[from] Grassy Terrain\n|-damage|p1a: Quagsire|68\/100 brn|[from] brn\n|upkeep\n|turn|52\n|\n|t:|1701198832\n|-end|p2a: Slither Wing|Protosynthesis|[silent]\n|switch|p2a: Jolteon|Jolteon, F, tera:Ice|100\/100\n|move|p1a: Quagsire|Curse|p1a: Quagsire\n|-unboost|p1a: Quagsire|spe|1\n|-boost|p1a: Quagsire|atk|1\n|-boost|p1a: Quagsire|def|1\n|\n|-heal|p1a: Quagsire|74\/100 brn|[from] Grassy Terrain\n|-damage|p1a: Quagsire|68\/100 brn|[from] brn\n|-fieldend|move: Grassy Terrain\n|upkeep\n|turn|53\n|\n|t:|1701198841\n|move|p2a: Jolteon|Volt Switch|p1a: Quagsire\n|-damage|p1a: Quagsire|7\/100 brn\n|\n|t:|1701198846\n|switch|p2a: Slither Wing|Slither Wing|100\/100 slp|[from] Volt Switch\n|move|p1a: Quagsire|Recover|p1a: Quagsire\n|-heal|p1a: Quagsire|57\/100 brn\n|\n|-damage|p1a: Quagsire|51\/100 brn|[from] brn\n|upkeep\n|turn|54\n|\n|t:|1701198853\n|cant|p2a: Slither Wing|slp\n|move|p1a: Quagsire|Curse|p1a: Quagsire\n|-unboost|p1a: Quagsire|spe|1\n|-boost|p1a: Quagsire|atk|1\n|-boost|p1a: Quagsire|def|1\n|\n|-damage|p1a: Quagsire|45\/100 brn|[from] brn\n|upkeep\n|turn|55\n|\n|t:|1701198865\n|-curestatus|p2a: Slither Wing|slp|[msg]\n|move|p2a: Slither Wing|Close Combat|p1a: Quagsire\n|-resisted|p1a: Quagsire\n|-damage|p1a: Quagsire|33\/100 brn\n|-unboost|p2a: Slither Wing|def|1\n|-unboost|p2a: Slither Wing|spd|1\n|move|p1a: Quagsire|Recover|p1a: Quagsire\n|-heal|p1a: Quagsire|83\/100 brn\n|\n|-damage|p1a: Quagsire|77\/100 brn|[from] brn\n|upkeep\n|turn|56\n|\n|t:|1701198874\n|move|p2a: Slither Wing|Leech Life|p1a: Quagsire\n|-resisted|p1a: Quagsire\n|-damage|p1a: Quagsire|69\/100 brn\n|move|p1a: Quagsire|Curse|p1a: Quagsire\n|-unboost|p1a: Quagsire|spe|1\n|-boost|p1a: Quagsire|atk|1\n|-boost|p1a: Quagsire|def|1\n|\n|-damage|p1a: Quagsire|63\/100 brn|[from] brn\n|upkeep\n|turn|57\n|\n|t:|1701198878\n|move|p2a: Slither Wing|Leech Life|p1a: Quagsire\n|-resisted|p1a: Quagsire\n|-damage|p1a: Quagsire|57\/100 brn\n|move|p1a: Quagsire|Curse|p1a: Quagsire\n|-unboost|p1a: Quagsire|spe|1\n|-boost|p1a: Quagsire|atk|1\n|-boost|p1a: Quagsire|def|1\n|\n|-damage|p1a: Quagsire|51\/100 brn|[from] brn\n|upkeep\n|turn|58\n|\n|t:|1701198884\n|move|p2a: Slither Wing|Leech Life|p1a: Quagsire\n|-resisted|p1a: Quagsire\n|-damage|p1a: Quagsire|46\/100 brn\n|move|p1a: Quagsire|Recover|p1a: Quagsire\n|-heal|p1a: Quagsire|96\/100 brn\n|\n|-damage|p1a: Quagsire|90\/100 brn|[from] brn\n|upkeep\n|turn|59\n|\n|t:|1701198889\n|move|p2a: Slither Wing|Leech Life|p1a: Quagsire\n|-resisted|p1a: Quagsire\n|-damage|p1a: Quagsire|85\/100 brn\n|move|p1a: Quagsire|Avalanche|p2a: Slither Wing\n|-damage|p2a: Slither Wing|56\/100\n|\n|-heal|p2a: Slither Wing|63\/100|[from] item: Leftovers\n|-damage|p1a: Quagsire|78\/100 brn|[from] brn\n|upkeep\n|turn|60\n|\n|t:|1701198897\n|move|p2a: Slither Wing|Leech Life|p1a: Quagsire\n|-resisted|p1a: Quagsire\n|-damage|p1a: Quagsire|73\/100 brn\n|-heal|p2a: Slither Wing|66\/100|[from] drain|[of] p1a: Quagsire\n|move|p1a: Quagsire|Curse|p1a: Quagsire\n|-unboost|p1a: Quagsire|spe|1\n|-boost|p1a: Quagsire|atk|1\n|-boost|p1a: Quagsire|def|1\n|\n|-heal|p2a: Slither Wing|72\/100|[from] item: Leftovers\n|-damage|p1a: Quagsire|67\/100 brn|[from] brn\n|upkeep\n|turn|61\n|\n|t:|1701198901\n|move|p2a: Slither Wing|Leech Life|p1a: Quagsire\n|-resisted|p1a: Quagsire\n|-crit|p1a: Quagsire\n|-damage|p1a: Quagsire|43\/100 brn\n|-heal|p2a: Slither Wing|88\/100|[from] drain|[of] p1a: Quagsire\n|move|p1a: Quagsire|Curse|p1a: Quagsire\n|-unboost|p1a: Quagsire|spe|1\n|-boost|p1a: Quagsire|atk|1\n|-boost|p1a: Quagsire|def|1\n|\n|-heal|p2a: Slither Wing|94\/100|[from] item: Leftovers\n|-damage|p1a: Quagsire|37\/100 brn|[from] brn\n|upkeep\n|turn|62\n|\n|t:|1701198904\n|move|p2a: Slither Wing|Leech Life|p1a: Quagsire\n|-resisted|p1a: Quagsire\n|-damage|p1a: Quagsire|33\/100 brn\n|-heal|p2a: Slither Wing|96\/100|[from] drain|[of] p1a: Quagsire\n|move|p1a: Quagsire|Recover|p1a: Quagsire\n|-heal|p1a: Quagsire|83\/100 brn\n|\n|-heal|p2a: Slither Wing|100\/100|[from] item: Leftovers\n|-damage|p1a: Quagsire|77\/100 brn|[from] brn\n|upkeep\n|turn|63\n|\n|t:|1701198912\n|move|p2a: Slither Wing|Leech Life|p1a: Quagsire\n|-resisted|p1a: Quagsire\n|-damage|p1a: Quagsire|73\/100 brn\n|move|p1a: Quagsire|Recover|p1a: Quagsire\n|-heal|p1a: Quagsire|100\/100 brn\n|\n|-damage|p1a: Quagsire|94\/100 brn|[from] brn\n|upkeep\n|turn|64\n|\n|t:|1701198921\n|move|p2a: Slither Wing|Leech Life|p1a: Quagsire\n|-resisted|p1a: Quagsire\n|-damage|p1a: Quagsire|90\/100 brn\n|move|p1a: Quagsire|Avalanche|p2a: Slither Wing\n|-damage|p2a: Slither Wing|36\/100\n|\n|-heal|p2a: Slither Wing|42\/100|[from] item: Leftovers\n|-damage|p1a: Quagsire|84\/100 brn|[from] brn\n|upkeep\n|turn|65\n|\n|t:|1701198931\n|move|p2a: Slither Wing|Leech Life|p1a: Quagsire\n|-resisted|p1a: Quagsire\n|-damage|p1a: Quagsire|81\/100 brn\n|-heal|p2a: Slither Wing|45\/100|[from] drain|[of] p1a: Quagsire\n|move|p1a: Quagsire|Avalanche|p2a: Slither Wing\n|-damage|p2a: Slither Wing|0 fnt\n|faint|p2a: Slither Wing\n|-end|p2a: Slither Wing|Protosynthesis|[silent]\n|\n|-damage|p1a: Quagsire|75\/100 brn|[from] brn\n|upkeep\n|\n|t:|1701198944\n|switch|p2a: Jolteon|Jolteon, F, tera:Ice|100\/100\n|turn|66\n|\n|t:|1701198955\n|move|p2a: Jolteon|Thunderbolt|p1a: Quagsire\n|-damage|p1a: Quagsire|0 fnt\n|faint|p1a: Quagsire\n|\n|upkeep\n|\n|t:|1701198960\n|switch|p1a: Breloom|Breloom, F|38\/100\n|turn|67\n|\n|t:|1701198965\n|move|p1a: Breloom|Mach Punch|p2a: Jolteon\n|-supereffective|p2a: Jolteon\n|-damage|p2a: Jolteon|0 fnt\n|faint|p2a: Jolteon\n|\n|upkeep\n|\n|t:|1701198969\n|switch|p2a: Rillaboom|Rillaboom, F|89\/100\n|-fieldstart|move: Grassy Terrain|[from] ability: Grassy Surge|[of] p2a: Rillaboom\n|turn|68\n|\n|t:|1701198985\n|move|p1a: Breloom|Mach Punch|p2a: Rillaboom\n|-damage|p2a: Rillaboom|55\/100\n|move|p2a: Rillaboom|Drain Punch|p1a: Breloom\n|-damage|p1a: Breloom|0 fnt\n|-heal|p2a: Rillaboom|67\/100|[from] drain|[of] p1a: Breloom\n|faint|p1a: Breloom\n|\n|win|Toxic Skarmory\n|c|\u2606Not Hell|ggg\n|c|\u2606Toxic Skarmory|gg\n|l|\u2606Toxic Skarmory\n|j| Horrific17\n","uploadtime":1701198999,"views":13,"p1id":"nothell","p2id":"toxicskarmory","formatid":"gen9ou","rating":0,"private":0,"password":""}