{"id":"gen9ou-1995450708","p1":"Firemelon66","p2":"GabiruDelicia","format":"[Gen 9] OU","log":"|j|\u2606Firemelon66\n|j|\u2606GabiruDelicia\n|t:|1700572261\n|gametype|singles\n|player|p1|Firemelon66|unknown|1566\n|player|p2|GabiruDelicia|iris|1428\n|teamsize|p1|6\n|teamsize|p2|6\n|gen|9\n|tier|[Gen 9] OU\n|rated|\n|rule|Sleep Clause Mod: Limit one foe put to sleep\n|rule|Species Clause: Limit one of each Pok\u00e9mon\n|rule|OHKO Clause: OHKO moves are banned\n|rule|Evasion Items Clause: Evasion items are banned\n|rule|Evasion Moves Clause: Evasion moves are banned\n|rule|Endless Battle Clause: Forcing endless battles is banned\n|rule|HP Percentage Mod: HP is shown in percentages\n|clearpoke\n|poke|p1|Samurott-Hisui, M|\n|poke|p1|Weezing-Galar, M|\n|poke|p1|Slowking-Galar, F|\n|poke|p1|Dragapult, F|\n|poke|p1|Garganacl, M|\n|poke|p1|Thundurus-Therian, M|\n|poke|p2|Zamazenta-*|\n|poke|p2|Gholdengo|\n|poke|p2|Samurott-Hisui, M|\n|poke|p2|Enamorus, F|\n|poke|p2|Zapdos|\n|poke|p2|Great Tusk|\n|teampreview\n|inactive|Battle timer is ON: inactive players will automatically lose when time's up. (requested by Firemelon66)\n|\n|t:|1700572281\n|start\n|switch|p1a: Thundurus|Thundurus-Therian, M|100\/100\n|switch|p2a: Samurott|Samurott-Hisui, M|100\/100\n|turn|1\n|\n|t:|1700572289\n|switch|p2a: Great Tusk|Great Tusk|100\/100\n|move|p1a: Thundurus|Knock Off|p2a: Great Tusk\n|-resisted|p2a: Great Tusk\n|-damage|p2a: Great Tusk|93\/100\n|-enditem|p2a: Great Tusk|Heavy-Duty Boots|[from] move: Knock Off|[of] p1a: Thundurus\n|\n|upkeep\n|turn|2\n|\n|t:|1700572306\n|switch|p1a: Weezing|Weezing-Galar, M|100\/100\n|-end|p2a: Great Tusk|Protosynthesis|[silent]\n|switch|p2a: Zapdos|Zapdos|100\/100\n|\n|upkeep\n|turn|3\n|\n|t:|1700572317\n|switch|p1a: Slowking|Slowking-Galar, F|100\/100\n|move|p2a: Zapdos|Hurricane|p1a: Slowking\n|-damage|p1a: Slowking|75\/100\n|\n|upkeep\n|turn|4\n|\n|t:|1700572331\n|move|p2a: Zapdos|Volt Switch|p1a: Slowking\n|-damage|p1a: Slowking|59\/100\n|\n|t:|1700572336\n|switch|p2a: Samurott|Samurott-Hisui, M|100\/100|[from] Volt Switch\n|move|p1a: Slowking|Sludge Bomb|p2a: Samurott\n|-damage|p2a: Samurott|49\/100\n|-status|p2a: Samurott|psn\n|\n|-damage|p2a: Samurott|37\/100 psn|[from] psn\n|upkeep\n|turn|5\n|\n|t:|1700572348\n|switch|p1a: Weezing|Weezing-Galar, M|100\/100\n|move|p2a: Samurott|Aqua Cutter|p1a: Weezing\n|-damage|p1a: Weezing|66\/100\n|\n|-heal|p1a: Weezing|72\/100|[from] item: Leftovers\n|-damage|p2a: Samurott|24\/100 psn|[from] psn\n|upkeep\n|turn|6\n|\n|t:|1700572364\n|move|p2a: Samurott|Ceaseless Edge|p1a: Weezing\n|-resisted|p1a: Weezing\n|-damage|p1a: Weezing|57\/100\n|-sidestart|p1: Firemelon66|Spikes\n|move|p1a: Weezing|Sludge Bomb|p2a: Samurott\n|-damage|p2a: Samurott|0 fnt\n|faint|p2a: Samurott\n|\n|-heal|p1a: Weezing|63\/100|[from] item: Leftovers\n|upkeep\n|\n|t:|1700572377\n|switch|p2a: Gholdengo|Gholdengo|100\/100\n|turn|7\n|\n|t:|1700572382\n|switch|p1a: Samurott|Samurott-Hisui, M|100\/100\n|-damage|p1a: Samurott|88\/100|[from] Spikes\n|move|p2a: Gholdengo|Make It Rain|p1a: Samurott\n|-resisted|p1a: Samurott\n|-damage|p1a: Samurott|46\/100\n|-unboost|p2a: Gholdengo|spa|1\n|\n|-heal|p1a: Samurott|52\/100|[from] item: Leftovers\n|upkeep\n|turn|8\n|\n|t:|1700572393\n|switch|p2a: Zamazenta|Zamazenta|100\/100\n|-ability|p2a: Zamazenta|Dauntless Shield|boost\n|-boost|p2a: Zamazenta|def|1\n|move|p1a: Samurott|Aqua Cutter|p2a: Zamazenta\n|-crit|p2a: Zamazenta\n|-damage|p2a: Zamazenta|29\/100\n|\n|-heal|p1a: Samurott|58\/100|[from] item: Leftovers\n|upkeep\n|turn|9\n|\n|t:|1700572404\n|switch|p1a: Slowking|Slowking-Galar, F|93\/100\n|-damage|p1a: Slowking|80\/100|[from] Spikes\n|move|p2a: Zamazenta|Crunch|p1a: Slowking\n|-supereffective|p1a: Slowking\n|-damage|p1a: Slowking|4\/100\n|\n|upkeep\n|turn|10\n|\n|t:|1700572413\n|switch|p1a: Weezing|Weezing-Galar, M|63\/100\n|move|p2a: Zamazenta|Crunch|p1a: Weezing\n|-resisted|p1a: Weezing\n|-damage|p1a: Weezing|51\/100\n|\n|-heal|p1a: Weezing|57\/100|[from] item: Leftovers\n|upkeep\n|turn|11\n|\n|t:|1700572422\n|switch|p2a: Zapdos|Zapdos|100\/100\n|move|p1a: Weezing|Flamethrower|p2a: Zapdos\n|-damage|p2a: Zapdos|82\/100\n|\n|-heal|p1a: Weezing|63\/100|[from] item: Leftovers\n|upkeep\n|turn|12\n|c|\u2606Firemelon66|damn a bando zama\n|c|\u2606Firemelon66|that hurts\n|\n|t:|1700572433\n|switch|p2a: Zamazenta|Zamazenta|29\/100\n|move|p1a: Weezing|Defog|p2a: Zamazenta\n|-unboost|p2a: Zamazenta|evasion|1\n|-sideend|p1: Firemelon66|Spikes|[from] move: Defog|[of] p1a: Weezing\n|\n|-heal|p1a: Weezing|69\/100|[from] item: Leftovers\n|upkeep\n|turn|13\n|c|\u2606GabiruDelicia|Oh no\n|\n|t:|1700572452\n|move|p2a: Zamazenta|Heavy Slam|p1a: Weezing\n|-supereffective|p1a: Weezing\n|-damage|p1a: Weezing|0 fnt\n|faint|p1a: Weezing\n|\n|upkeep\n|\n|t:|1700572458\n|switch|p1a: Slowking|Slowking-Galar, F|37\/100\n|turn|14\n|c|\u2606GabiruDelicia|clearly my zamazenta is boots\n|c|\u2606GabiruDelicia|Rsrs\n|c|\u2606Firemelon66|fr fr\n|c|\u2606Firemelon66|xD\n|inactive|GabiruDelicia has 120 seconds left.\n|\n|t:|1700572491\n|switch|p2a: Gholdengo|Gholdengo|100\/100\n|move|p1a: Slowking|Psyshock|p2a: Gholdengo\n|-resisted|p2a: Gholdengo\n|-damage|p2a: Gholdengo|86\/100\n|\n|upkeep\n|turn|15\n|c|\u2606Firemelon66|i sacked mmy weezing for no reason like an idiot xD\n|inactive|GabiruDelicia has 120 seconds left.\n|\n|t:|1700572504\n|switch|p2a: Enamorus|Enamorus, F|100\/100\n|switch|p1a: Samurott|Samurott-Hisui, M|58\/100\n|\n|-heal|p1a: Samurott|64\/100|[from] item: Leftovers\n|upkeep\n|turn|16\n|\n|t:|1700572509\n|switch|p1a: Slowking|Slowking-Galar, F|70\/100\n|move|p2a: Enamorus|Earth Power|p1a: Slowking\n|-supereffective|p1a: Slowking\n|-damage|p1a: Slowking|30\/100\n|\n|upkeep\n|turn|17\n|\n|t:|1700572516\n|switch|p2a: Zamazenta|Zamazenta|29\/100\n|switch|p1a: Thundurus|Thundurus-Therian, M|100\/100\n|\n|upkeep\n|turn|18\n|c|\u2606Firemelon66|and thats specs\n|\n|t:|1700572531\n|switch|p1a: Garganacl|Garganacl, M|100\/100\n|move|p2a: Zamazenta|Stone Edge|p1a: Garganacl\n|-damage|p1a: Garganacl|66\/100\n|\n|-heal|p1a: Garganacl|72\/100|[from] item: Leftovers\n|upkeep\n|turn|19\n|c|\u2606GabiruDelicia|Never\n|c|\u2606Firemelon66|xD\n|\n|t:|1700572550\n|switch|p2a: Gholdengo|Gholdengo|86\/100\n|move|p1a: Garganacl|Salt Cure|p2a: Gholdengo\n|-resisted|p2a: Gholdengo\n|-damage|p2a: Gholdengo|80\/100\n|\n|-heal|p1a: Garganacl|78\/100|[from] item: Leftovers\n|upkeep\n|turn|20\n|c|\u2606Firemelon66|why u hurting me so mucj\n|c|\u2606Firemelon66|i thought we had smt special \/:\n|\n|t:|1700572561\n|switch|p1a: Slowking|Slowking-Galar, F|64\/100\n|move|p2a: Gholdengo|Make It Rain|p1a: Slowking\n|-damage|p1a: Slowking|36\/100\n|-unboost|p2a: Gholdengo|spa|1\n|\n|upkeep\n|turn|21\n|\n|t:|1700572567\n|switch|p1a: Samurott|Samurott-Hisui, M|64\/100\n|move|p2a: Gholdengo|Shadow Ball|p1a: Samurott\n|-resisted|p1a: Samurott\n|-damage|p1a: Samurott|44\/100\n|\n|-heal|p1a: Samurott|50\/100|[from] item: Leftovers\n|upkeep\n|turn|22\n|c|\u2606GabiruDelicia|Oh no\n|c|\u2606GabiruDelicia|I was going to change it but I was scared\n|\n|t:|1700572597\n|switch|p2a: Zapdos|Zapdos|82\/100\n|move|p1a: Samurott|Aqua Cutter|p2a: Zapdos\n|-damage|p2a: Zapdos|28\/100\n|\n|-heal|p1a: Samurott|57\/100|[from] item: Leftovers\n|upkeep\n|turn|23\n|c|\u2606Firemelon66|i dont like the cloak on the gholdengo\n|c|\u2606Firemelon66|it makes me go ouch\n|c|\u2606GabiruDelicia|Do you know the zapdos scarf?\n|inactive|GabiruDelicia has 120 seconds left.\n|c|\u2606Firemelon66|never\n|\n|t:|1700572626\n|move|p2a: Zapdos|Thunderbolt|p1a: Samurott\n|-supereffective|p1a: Samurott\n|-damage|p1a: Samurott|0 fnt\n|faint|p1a: Samurott\n|\n|upkeep\n|\n|t:|1700572629\n|switch|p1a: Thundurus|Thundurus-Therian, M|100\/100\n|turn|24\n|inactive|GabiruDelicia has 120 seconds left.\n|c|\u2606GabiruDelicia|AH\n|c|\u2606GabiruDelicia|XD\n|c|\u2606Firemelon66|it acc is?\n|c|\u2606Firemelon66|lol\n|\n|t:|1700572643\n|switch|p2a: Great Tusk|Great Tusk|93\/100\n|move|p1a: Thundurus|Tera Blast|p2a: Great Tusk\n|-damage|p2a: Great Tusk|26\/100\n|\n|upkeep\n|turn|25\n|inactive|GabiruDelicia has 120 seconds left.\n|c|\u2606Firemelon66|bruh\n|c|\u2606GabiruDelicia|Wtf\n|\n|t:|1700572674\n|-end|p2a: Great Tusk|Protosynthesis|[silent]\n|switch|p2a: Gholdengo|Gholdengo|80\/100\n|move|p1a: Thundurus|Tera Blast|p2a: Gholdengo\n|-immune|p2a: Gholdengo\n|\n|upkeep\n|turn|26\n|\n|t:|1700572683\n|switch|p1a: Slowking|Slowking-Galar, F|70\/100\n|move|p2a: Gholdengo|Nasty Plot|p2a: Gholdengo\n|-boost|p2a: Gholdengo|spa|2\n|\n|upkeep\n|turn|27\n|c|\u2606GabiruDelicia|Gg\n|\n|t:|1700572691\n|move|p2a: Gholdengo|Shadow Ball|p1a: Slowking\n|-supereffective|p1a: Slowking\n|-damage|p1a: Slowking|0 fnt\n|faint|p1a: Slowking\n|\n|upkeep\n|\n|t:|1700572694\n|switch|p1a: Dragapult|Dragapult, F|100\/100\n|turn|28\n|c|\u2606GabiruDelicia|if you dance you already know\n|c|\u2606GabiruDelicia|\ud83d\ude14\ud83d\ude14\ud83d\ude14\n|inactive|GabiruDelicia has 90 seconds left.\n|c|\u2606Firemelon66|gg\n|c|\u2606Firemelon66|u cool bro\n|\n|t:|1700572738\n|move|p1a: Dragapult|Phantom Force||[still]\n|-prepare|p1a: Dragapult|Phantom Force\n|move|p2a: Gholdengo|Shadow Ball|p1a: Dragapult|[miss]\n|-miss|p2a: Gholdengo|p1a: Dragapult\n|\n|upkeep\n|turn|29\n|c|\u2606Firemelon66|ur team is selfmade?\n|inactive|GabiruDelicia has 60 seconds left.\n|c|\u2606GabiruDelicia|like this?\n|c|\u2606Firemelon66|ur team ye\n|c|\u2606GabiruDelicia|faith in static\n|c|\u2606Firemelon66|i dont like it to much\n|inactive|GabiruDelicia has 30 seconds left.\n|c|\u2606Firemelon66|i hope it wont get the static\n|inactive|GabiruDelicia has 20 seconds left.\n|inactive|GabiruDelicia has 15 seconds left.\n|\n|t:|1700572813\n|switch|p2a: Zapdos|Zapdos|28\/100\n|move|p1a: Dragapult|Phantom Force|p2a: Zapdos|[from]lockedmove\n|-damage|p2a: Zapdos|0 fnt\n|-status|p1a: Dragapult|par|[from] ability: Static|[of] p2a: Zapdos\n|faint|p2a: Zapdos\n|\n|upkeep\n|inactive|GabiruDelicia has 20 seconds left this turn.\n|inactive|GabiruDelicia has 15 seconds left.\n|c|\u2606Firemelon66|bruh no way\n|inactive|GabiruDelicia has 10 seconds left.\n|inactive|GabiruDelicia has 5 seconds left.\n|\n|t:|1700572832\n|switch|p2a: Gholdengo|Gholdengo|80\/100\n|turn|30\n|inactive|GabiruDelicia has 15 seconds left this turn.\n|c|\u2606GabiruDelicia|I always trusted\n|\n|t:|1700572842\n|move|p1a: Dragapult|Phantom Force||[still]\n|-prepare|p1a: Dragapult|Phantom Force\n|move|p2a: Gholdengo|Shadow Ball|p1a: Dragapult|[miss]\n|-miss|p2a: Gholdengo|p1a: Dragapult\n|\n|upkeep\n|turn|31\n|inactive|GabiruDelicia has 25 seconds left this turn.\n|c|\u2606GabiruDelicia|Dei miss\n|inactive|GabiruDelicia has 20 seconds left.\n|c|\u2606Firemelon66|lol\n|\n|t:|1700572851\n|move|p1a: Dragapult|Phantom Force|p2a: Gholdengo|[from]lockedmove\n|-supereffective|p2a: Gholdengo\n|-damage|p2a: Gholdengo|0 fnt\n|faint|p2a: Gholdengo\n|\n|upkeep\n|inactive|GabiruDelicia has 25 seconds left this turn.\n|\n|t:|1700572854\n|switch|p2a: Enamorus|Enamorus, F|100\/100\n|turn|32\n|c|\u2606Firemelon66|pult is the goat\n|\n|t:|1700572863\n|switch|p1a: Garganacl|Garganacl, M|78\/100\n|move|p2a: Enamorus|Moonblast|p1a: Garganacl\n|-damage|p1a: Garganacl|30\/100\n|\n|-heal|p1a: Garganacl|37\/100|[from] item: Leftovers\n|upkeep\n|turn|33\n|\n|t:|1700572867\n|move|p2a: Enamorus|Moonblast|p1a: Garganacl\n|-crit|p1a: Garganacl\n|-damage|p1a: Garganacl|0 fnt\n|faint|p1a: Garganacl\n|\n|upkeep\n|\n|t:|1700572875\n|switch|p1a: Thundurus|Thundurus-Therian, M|100\/100\n|turn|34\n|\n|t:|1700572884\n|move|p2a: Enamorus|Moonblast|p1a: Thundurus\n|-damage|p1a: Thundurus|0 fnt\n|faint|p1a: Thundurus\n|\n|upkeep\n|\n|t:|1700572886\n|switch|p1a: Dragapult|Dragapult, F|100\/100 par\n|turn|35\n|\n|t:|1700572892\n|move|p2a: Enamorus|Moonblast|p1a: Dragapult\n|-supereffective|p1a: Dragapult\n|-enditem|p1a: Dragapult|Focus Sash\n|-damage|p1a: Dragapult|1\/100 par\n|-unboost|p1a: Dragapult|spa|1\n|move|p1a: Dragapult|Dragon Dance|p1a: Dragapult\n|-boost|p1a: Dragapult|atk|1\n|-boost|p1a: Dragapult|spe|1\n|\n|upkeep\n|turn|36\n|c|\u2606GabiruDelicia|Gg\n|c|\u2606GabiruDelicia|Oh\n|c|\u2606Firemelon66|gg \/:\n|inactive|GabiruDelicia has 60 seconds left.\n|c|\u2606GabiruDelicia|Full para\n|\n|t:|1700572912\n|move|p2a: Enamorus|Moonblast|p1a: Dragapult\n|-supereffective|p1a: Dragapult\n|-damage|p1a: Dragapult|0 fnt\n|faint|p1a: Dragapult\n|\n|win|GabiruDelicia\n|raw|Firemelon66's rating: 1566 &rarr; <strong>1538<\/strong><br \/>(-28 for losing)\n|raw|GabiruDelicia's rating: 1428 &rarr; <strong>1456<\/strong><br \/>(+28 for winning)\n|c|\u2606Firemelon66|i shouldnt have did the risky wisky\n|c|\u2606GabiruDelicia|Jogou mt\n|l|\u2606Firemelon66\n","uploadtime":1700572935,"views":16,"p1id":"firemelon66","p2id":"gabirudelicia","formatid":"gen9ou","rating":1456,"private":0,"password":""}