{"id":"gen9ou-1995722236","p1":"Leem75","p2":"disinik","format":"[Gen 9] OU","log":"|j|\u2606Leem75\n|j|\u2606disinik\n|t:|1700597079\n|gametype|singles\n|player|p1|Leem75|101|1104\n|player|p2|disinik|cynthia-gen4|1040\n|teamsize|p1|6\n|teamsize|p2|6\n|gen|9\n|tier|[Gen 9] OU\n|rated|\n|rule|Sleep Clause Mod: Limit one foe put to sleep\n|rule|Species Clause: Limit one of each Pok\u00e9mon\n|rule|OHKO Clause: OHKO moves are banned\n|rule|Evasion Items Clause: Evasion items are banned\n|rule|Evasion Moves Clause: Evasion moves are banned\n|rule|Endless Battle Clause: Forcing endless battles is banned\n|rule|HP Percentage Mod: HP is shown in percentages\n|clearpoke\n|poke|p1|Walking Wake|\n|poke|p1|Cinderace, F|\n|poke|p1|Enamorus, F|\n|poke|p1|Zamazenta-*|\n|poke|p1|Glimmora, M|\n|poke|p1|Dragonite, F|\n|poke|p2|Lucario, M|\n|poke|p2|Dragapult, M|\n|poke|p2|Milotic, M|\n|poke|p2|Great Tusk|\n|poke|p2|Corviknight, F|\n|poke|p2|Iron Moth|\n|teampreview\n|\n|t:|1700597104\n|start\n|switch|p1a: Glimmora|Glimmora, M|100\/100\n|switch|p2a: Great Tusk|Great Tusk|100\/100\n|-item|p1a: Glimmora|Air Balloon\n|turn|1\n|\n|t:|1700597115\n|move|p1a: Glimmora|Toxic|p2a: Great Tusk\n|-status|p2a: Great Tusk|tox\n|move|p2a: Great Tusk|Stealth Rock|p1a: Glimmora\n|-sidestart|p1: Leem75|move: Stealth Rock\n|\n|-damage|p2a: Great Tusk|94\/100 tox|[from] psn\n|upkeep\n|turn|2\n|inactive|Battle timer is ON: inactive players will automatically lose when time's up. (requested by Leem75)\n|\n|t:|1700597127\n|move|p1a: Glimmora|Stealth Rock|p2a: Great Tusk\n|-sidestart|p2: disinik|move: Stealth Rock\n|move|p2a: Great Tusk|Earthquake|p1a: Glimmora\n|-immune|p1a: Glimmora\n|\n|-damage|p2a: Great Tusk|82\/100 tox|[from] psn\n|upkeep\n|turn|3\n|\n|t:|1700597145\n|switch|p1a: Dragonite|Dragonite, F|100\/100\n|-damage|p1a: Dragonite|76\/100|[from] Stealth Rock\n|move|p2a: Great Tusk|Ice Spinner|p1a: Dragonite\n|-supereffective|p1a: Dragonite\n|-damage|p1a: Dragonite|0 fnt\n|faint|p1a: Dragonite\n|\n|-damage|p2a: Great Tusk|63\/100 tox|[from] psn\n|upkeep\n|\n|t:|1700597155\n|switch|p1a: Walking Wake|Walking Wake|100\/100\n|-damage|p1a: Walking Wake|88\/100|[from] Stealth Rock\n|turn|4\n|\n|t:|1700597176\n|-end|p2a: Great Tusk|Protosynthesis|[silent]\n|switch|p2a: Dragapult|Dragapult, M|100\/100\n|-damage|p2a: Dragapult|88\/100|[from] Stealth Rock\n|move|p1a: Walking Wake|Hydro Pump|p2a: Dragapult|[miss]\n|-miss|p1a: Walking Wake|p2a: Dragapult\n|\n|upkeep\n|turn|5\n|\n|t:|1700597185\n|-terastallize|p2a: Dragapult|Ghost\n|move|p2a: Dragapult|Thunderbolt|p1a: Walking Wake\n|-damage|p1a: Walking Wake|55\/100\n|-status|p1a: Walking Wake|par\n|cant|p1a: Walking Wake|par\n|\n|upkeep\n|turn|6\n|\n|t:|1700597194\n|move|p2a: Dragapult|Thunderbolt|p1a: Walking Wake\n|-damage|p1a: Walking Wake|26\/100 par\n|cant|p1a: Walking Wake|par\n|\n|upkeep\n|turn|7\n|\n|t:|1700597201\n|move|p2a: Dragapult|Thunderbolt|p1a: Walking Wake\n|-damage|p1a: Walking Wake|0 fnt\n|faint|p1a: Walking Wake\n|-end|p1a: Walking Wake|Protosynthesis|[silent]\n|\n|upkeep\n|\n|t:|1700597211\n|switch|p1a: Zamazenta|Zamazenta|100\/100\n|-damage|p1a: Zamazenta|94\/100|[from] Stealth Rock\n|-ability|p1a: Zamazenta|Dauntless Shield|boost\n|-boost|p1a: Zamazenta|def|1\n|turn|8\n|\n|t:|1700597226\n|switch|p2a: Great Tusk|Great Tusk|63\/100 tox\n|-damage|p2a: Great Tusk|60\/100 tox|[from] Stealth Rock\n|move|p1a: Zamazenta|Crunch|p2a: Great Tusk\n|-resisted|p2a: Great Tusk\n|-damage|p2a: Great Tusk|52\/100 tox\n|-damage|p1a: Zamazenta|78\/100|[from] item: Rocky Helmet|[of] p2a: Great Tusk\n|\n|-damage|p2a: Great Tusk|46\/100 tox|[from] psn\n|upkeep\n|turn|9\n|\n|t:|1700597250\n|switch|p1a: Cinderace|Cinderace, F|100\/100\n|-damage|p1a: Cinderace|76\/100|[from] Stealth Rock\n|move|p2a: Great Tusk|Rapid Spin|p1a: Cinderace\n|-damage|p1a: Cinderace|54\/100\n|-boost|p2a: Great Tusk|spe|1\n|-sideend|p2: disinik|Stealth Rock|[from] move: Rapid Spin|[of] p2a: Great Tusk\n|\n|-damage|p2a: Great Tusk|33\/100 tox|[from] psn\n|upkeep\n|turn|10\n|\n|t:|1700597263\n|move|p1a: Cinderace|Focus Blast|p2a: Great Tusk\n|-damage|p2a: Great Tusk|9\/100 tox\n|move|p2a: Great Tusk|Earthquake|p1a: Cinderace\n|-supereffective|p1a: Cinderace\n|-damage|p1a: Cinderace|0 fnt\n|faint|p1a: Cinderace\n|\n|-damage|p2a: Great Tusk|0 fnt|[from] psn\n|faint|p2a: Great Tusk\n|-end|p2a: Great Tusk|Protosynthesis|[silent]\n|upkeep\n|\n|t:|1700597282\n|switch|p1a: Enamorus|Enamorus, F|100\/100\n|switch|p2a: Dragapult|Dragapult, M, tera:Ghost|88\/100\n|-damage|p1a: Enamorus|76\/100|[from] Stealth Rock\n|turn|11\n|\n|t:|1700597297\n|move|p2a: Dragapult|Thunderbolt|p1a: Enamorus\n|-supereffective|p1a: Enamorus\n|-damage|p1a: Enamorus|0 fnt\n|faint|p1a: Enamorus\n|\n|upkeep\n|\n|t:|1700597303\n|switch|p1a: Zamazenta|Zamazenta|78\/100\n|-damage|p1a: Zamazenta|72\/100|[from] Stealth Rock\n|turn|12\n|\n|t:|1700597314\n|move|p2a: Dragapult|Thunderbolt|p1a: Zamazenta\n|-damage|p1a: Zamazenta|48\/100\n|move|p1a: Zamazenta|Crunch|p2a: Dragapult\n|-supereffective|p2a: Dragapult\n|-damage|p2a: Dragapult|0 fnt\n|faint|p2a: Dragapult\n|\n|upkeep\n|\n|t:|1700597327\n|switch|p2a: Corviknight|Corviknight, F|100\/100\n|-ability|p2a: Corviknight|Pressure\n|turn|13\n|\n|t:|1700597335\n|move|p1a: Zamazenta|Stone Edge|p2a: Corviknight\n|-damage|p2a: Corviknight|75\/100\n|move|p2a: Corviknight|Brave Bird|p1a: Zamazenta\n|-supereffective|p1a: Zamazenta\n|-damage|p1a: Zamazenta|0 fnt\n|faint|p1a: Zamazenta\n|-damage|p2a: Corviknight|63\/100|[from] Recoil\n|\n|upkeep\n|\n|t:|1700597344\n|switch|p1a: Glimmora|Glimmora, M|100\/100\n|-damage|p1a: Glimmora|88\/100|[from] Stealth Rock\n|-item|p1a: Glimmora|Air Balloon\n|turn|14\n|\n|t:|1700597354\n|move|p1a: Glimmora|Stealth Rock|p2a: Corviknight\n|-sidestart|p2: disinik|move: Stealth Rock\n|move|p2a: Corviknight|Bulk Up|p2a: Corviknight\n|-boost|p2a: Corviknight|atk|1\n|-boost|p2a: Corviknight|def|1\n|\n|upkeep\n|turn|15\n|\n|t:|1700597361\n|move|p1a: Glimmora|Earth Power|p2a: Corviknight\n|-immune|p2a: Corviknight\n|move|p2a: Corviknight|Brave Bird|p1a: Glimmora\n|-resisted|p1a: Glimmora\n|-damage|p1a: Glimmora|60\/100\n|-activate|p1a: Glimmora|ability: Toxic Debris\n|-sidestart|p2: disinik|move: Toxic Spikes\n|-enditem|p1a: Glimmora|Air Balloon\n|-damage|p2a: Corviknight|54\/100|[from] Recoil\n|\n|upkeep\n|turn|16\n|-message|Leem75 forfeited.\n|\n|win|disinik\n|raw|Leem75's rating: 1104 &rarr; <strong>1074<\/strong><br \/>(-30 for losing)\n|raw|disinik's rating: 1040 &rarr; <strong>1080<\/strong><br \/>(+40 for winning)\n|l|\u2606Leem75\n","uploadtime":1700597390,"views":28,"p1id":"leem75","p2id":"disinik","formatid":"gen9ou","rating":1074,"private":0,"password":""}