{"id":"gen9ou-2000176284","p1":"Ordmas","p2":"Hueteh","format":"[Gen 9] OU","log":"|j|\u2606Ordmas\n|j|\u2606Hueteh\n|t:|1701167649\n|gametype|singles\n|player|p1|Ordmas|rocketgruntf|1109\n|player|p2|Hueteh|169|1097\n|teamsize|p1|6\n|teamsize|p2|6\n|gen|9\n|tier|[Gen 9] OU\n|rated|\n|rule|Sleep Clause Mod: Limit one foe put to sleep\n|rule|Species Clause: Limit one of each Pok\u00e9mon\n|rule|OHKO Clause: OHKO moves are banned\n|rule|Evasion Items Clause: Evasion items are banned\n|rule|Evasion Moves Clause: Evasion moves are banned\n|rule|Endless Battle Clause: Forcing endless battles is banned\n|rule|HP Percentage Mod: HP is shown in percentages\n|clearpoke\n|poke|p1|Ribombee, F|\n|poke|p1|Garchomp, F|\n|poke|p1|Greninja-*, M|\n|poke|p1|Zapdos|\n|poke|p1|Jirachi|\n|poke|p1|Gengar, M|\n|poke|p2|Grafaiai, M|\n|poke|p2|Ambipom, M|\n|poke|p2|Staraptor, F|\n|poke|p2|Jirachi|\n|poke|p2|Tsareena, F|\n|poke|p2|Espeon, F|\n|teampreview\n|\n|t:|1701167654\n|start\n|switch|p1a: Feechka|Ribombee, F|100\/100\n|switch|p2a: Grafaiai|Grafaiai, M|100\/100\n|turn|1\n|\n|t:|1701167666\n|move|p1a: Feechka|Sticky Web|p2a: Grafaiai\n|-sidestart|p2: Hueteh|move: Sticky Web\n|move|p2a: Grafaiai|Knock Off|p1a: Feechka\n|-resisted|p1a: Feechka\n|-damage|p1a: Feechka|74\/100\n|-enditem|p1a: Feechka|Focus Sash|[from] move: Knock Off|[of] p2a: Grafaiai\n|\n|upkeep\n|turn|2\n|\n|t:|1701167683\n|move|p1a: Feechka|U-turn|p2a: Grafaiai\n|-resisted|p2a: Grafaiai\n|-damage|p2a: Grafaiai|89\/100\n|\n|t:|1701167686\n|switch|p1a: Sintia|Garchomp, F|100\/100|[from] U-turn\n|move|p2a: Grafaiai|Gunk Shot|p1a: Sintia\n|-resisted|p1a: Sintia\n|-damage|p1a: Sintia|78\/100\n|\n|upkeep\n|turn|3\n|\n|t:|1701167697\n|move|p2a: Grafaiai|Gunk Shot|p1a: Sintia\n|-resisted|p1a: Sintia\n|-damage|p1a: Sintia|52\/100\n|-status|p1a: Sintia|psn\n|move|p1a: Sintia|Earthquake|p2a: Grafaiai\n|-supereffective|p2a: Grafaiai\n|-damage|p2a: Grafaiai|0 fnt\n|faint|p2a: Grafaiai\n|\n|-damage|p1a: Sintia|40\/100 psn|[from] psn\n|upkeep\n|\n|t:|1701167708\n|switch|p2a: Tsareena|Tsareena, F|100\/100\n|-activate|p2a: Tsareena|move: Sticky Web\n|-unboost|p2a: Tsareena|spe|1\n|turn|4\n|\n|t:|1701167714\n|move|p1a: Sintia|Fire Fang|p2a: Tsareena\n|-supereffective|p2a: Tsareena\n|-damage|p2a: Tsareena|69\/100\n|move|p2a: Tsareena|Rapid Spin|p1a: Sintia\n|-damage|p1a: Sintia|26\/100 psn\n|-boost|p2a: Tsareena|spe|1\n|-damage|p2a: Tsareena|57\/100|[from] ability: Rough Skin|[of] p1a: Sintia\n|-sideend|p2: Hueteh|Sticky Web|[from] move: Rapid Spin|[of] p2a: Tsareena\n|\n|-damage|p1a: Sintia|13\/100 psn|[from] psn\n|upkeep\n|turn|5\n|\n|t:|1701167730\n|move|p1a: Sintia|Scale Shot|p2a: Tsareena\n|-damage|p2a: Tsareena|47\/100\n|-damage|p2a: Tsareena|38\/100\n|-damage|p2a: Tsareena|28\/100\n|-damage|p2a: Tsareena|18\/100\n|-hitcount|p2a: Tsareena|4\n|-unboost|p1a: Sintia|def|1\n|-boost|p1a: Sintia|spe|1\n|move|p2a: Tsareena|Trop Kick|p1a: Sintia\n|-damage|p1a: Sintia|0 fnt\n|-damage|p2a: Tsareena|5\/100|[from] ability: Rough Skin|[of] p1a: Sintia\n|faint|p1a: Sintia\n|\n|upkeep\n|\n|t:|1701167748\n|switch|p1a: Feechka|Ribombee, F|74\/100\n|turn|6\n|\n|t:|1701167754\n|move|p1a: Feechka|Moonblast|p2a: Tsareena\n|-damage|p2a: Tsareena|0 fnt\n|faint|p2a: Tsareena\n|\n|upkeep\n|\n|t:|1701167760\n|switch|p2a: Ambipom|Ambipom, M|100\/100\n|turn|7\n|\n|t:|1701167764\n|move|p2a: Ambipom|Fake Out|p1a: Feechka\n|-damage|p1a: Feechka|17\/100\n|move|p1a: Feechka|Sticky Web|p2a: Ambipom\n|-sidestart|p2: Hueteh|move: Sticky Web\n|\n|upkeep\n|turn|8\n|\n|t:|1701167780\n|move|p1a: Feechka|U-turn|p2a: Ambipom\n|-damage|p2a: Ambipom|79\/100\n|\n|t:|1701167788\n|switch|p1a: Wisha|Jirachi|100\/100|[from] U-turn\n|move|p2a: Ambipom|Acrobatics|p1a: Wisha\n|-resisted|p1a: Wisha\n|-damage|p1a: Wisha|87\/100\n|\n|-heal|p1a: Wisha|94\/100|[from] item: Leftovers\n|upkeep\n|turn|9\n|\n|t:|1701167799\n|move|p2a: Ambipom|Thief|p1a: Wisha\n|-supereffective|p1a: Wisha\n|-damage|p1a: Wisha|46\/100\n|-enditem|p1a: Wisha|Leftovers|[silent]|[from] move: Thief|[of] p2a: Ambipom\n|-item|p2a: Ambipom|Leftovers|[from] move: Thief|[of] p1a: Wisha\n|move|p1a: Wisha|Zen Headbutt|p2a: Ambipom|[miss]\n|-miss|p1a: Wisha|p2a: Ambipom\n|\n|-heal|p2a: Ambipom|85\/100|[from] item: Leftovers\n|upkeep\n|turn|10\n|\n|t:|1701167810\n|move|p2a: Ambipom|Thief|p1a: Wisha\n|-supereffective|p1a: Wisha\n|-damage|p1a: Wisha|0 fnt\n|faint|p1a: Wisha\n|\n|-heal|p2a: Ambipom|91\/100|[from] item: Leftovers\n|upkeep\n|\n|t:|1701167825\n|switch|p1a: Ten'|Greninja, M|100\/100\n|turn|11\n|\n|t:|1701167840\n|move|p1a: Ten'|Dark Pulse|p2a: Ambipom\n|-damage|p2a: Ambipom|20\/100\n|-damage|p1a: Ten'|91\/100|[from] item: Life Orb\n|move|p2a: Ambipom|Acrobatics|p1a: Ten'\n|-damage|p1a: Ten'|51\/100\n|\n|-heal|p2a: Ambipom|26\/100|[from] item: Leftovers\n|upkeep\n|turn|12\n|\n|t:|1701167851\n|move|p1a: Ten'|Dark Pulse|p2a: Ambipom\n|-damage|p2a: Ambipom|0 fnt\n|faint|p2a: Ambipom\n|-ability|p1a: Ten'|Battle Bond|boost\n|-boost|p1a: Ten'|atk|1\n|-boost|p1a: Ten'|spa|1\n|-boost|p1a: Ten'|spe|1\n|-activate|p1a: Ten'|ability: Battle Bond\n|-damage|p1a: Ten'|41\/100|[from] item: Life Orb\n|\n|upkeep\n|\n|t:|1701167863\n|switch|p2a: Staraptor|Staraptor, F|100\/100\n|-ability|p2a: Staraptor|Intimidate|boost\n|-unboost|p1a: Ten'|atk|1\n|turn|13\n|\n|t:|1701167873\n|move|p1a: Ten'|Ice Beam|p2a: Staraptor\n|-supereffective|p2a: Staraptor\n|-crit|p2a: Staraptor\n|-damage|p2a: Staraptor|0 fnt\n|faint|p2a: Staraptor\n|-damage|p1a: Ten'|31\/100|[from] item: Life Orb\n|\n|upkeep\n|-message|Hueteh forfeited.\n|\n|win|Ordmas\n|raw|Ordmas's rating: 1109 &rarr; <strong>1133<\/strong><br \/>(+24 for winning)\n|raw|Hueteh's rating: 1097 &rarr; <strong>1073<\/strong><br \/>(-24 for losing)\n|l|\u2606Hueteh\n","uploadtime":1701167896,"views":7,"p1id":"ordmas","p2id":"hueteh","formatid":"gen9ou","rating":1073,"private":0,"password":""}