{"id":"gen9ou-1989233431","p1":"Dryosaurus","p2":"Pleonasso","format":"[Gen 9] OU","log":"|j|\u2606Dryosaurus\n|j|\u2606Pleonasso\n|t:|1699826208\n|gametype|singles\n|player|p1|Dryosaurus|guzma-masters|1491\n|player|p2|Pleonasso|linebacker|1585\n|teamsize|p1|6\n|teamsize|p2|6\n|gen|9\n|tier|[Gen 9] OU\n|rated|\n|rule|Sleep Clause Mod: Limit one foe put to sleep\n|rule|Species Clause: Limit one of each Pok\u00e9mon\n|rule|OHKO Clause: OHKO moves are banned\n|rule|Evasion Items Clause: Evasion items are banned\n|rule|Evasion Moves Clause: Evasion moves are banned\n|rule|Endless Battle Clause: Forcing endless battles is banned\n|rule|HP Percentage Mod: HP is shown in percentages\n|clearpoke\n|poke|p1|Landorus-Therian, M|\n|poke|p1|Samurott-Hisui, M|\n|poke|p1|Gholdengo|\n|poke|p1|Zamazenta-*|\n|poke|p1|Slowking-Galar, M|\n|poke|p1|Dragonite, M|\n|poke|p2|Enamorus, F|\n|poke|p2|Great Tusk|\n|poke|p2|Iron Valiant|\n|poke|p2|Gholdengo|\n|poke|p2|Ting-Lu|\n|poke|p2|Dragonite, F|\n|teampreview\n|inactive|Battle timer is ON: inactive players will automatically lose when time's up. (requested by Pleonasso)\n|inactive|Dryosaurus has 120 seconds left.\n|inactive|Dryosaurus has 90 seconds left.\n|\n|t:|1699826294\n|start\n|switch|p1a: Samurott|Samurott-Hisui, M|100\/100\n|switch|p2a: Enamorus|Enamorus, F|100\/100\n|turn|1\n|\n|t:|1699826303\n|switch|p1a: Slowking|Slowking-Galar, M, shiny|100\/100\n|move|p2a: Enamorus|Moonblast|p1a: Slowking\n|-resisted|p1a: Slowking\n|-damage|p1a: Slowking|87\/100\n|-unboost|p1a: Slowking|spa|1\n|\n|upkeep\n|turn|2\n|\n|t:|1699826313\n|switch|p2a: Ting-Lu|Ting-Lu|100\/100\n|-ability|p2a: Ting-Lu|Vessel of Ruin\n|move|p1a: Slowking|Chilly Reception|p1a: Slowking\n|-weather|Snow\n|\n|t:|1699826319\n|switch|p1a: Samurott|Samurott-Hisui, M|100\/100|[from] Chilly Reception\n|\n|-weather|Snow|[upkeep]\n|upkeep\n|turn|3\n|\n|t:|1699826330\n|move|p1a: Samurott|Razor Shell|p2a: Ting-Lu\n|-supereffective|p2a: Ting-Lu\n|-damage|p2a: Ting-Lu|44\/100\n|-unboost|p2a: Ting-Lu|def|1\n|move|p2a: Ting-Lu|Whirlwind|p1a: Samurott\n|drag|p1a: Slowking|Slowking-Galar, M, shiny|100\/100\n|\n|-weather|Snow|[upkeep]\n|-heal|p2a: Ting-Lu|51\/100|[from] item: Leftovers\n|upkeep\n|turn|4\n|\n|t:|1699826342\n|switch|p1a: Landorus|Landorus-Therian, M, shiny|100\/100\n|-ability|p1a: Landorus|Intimidate|boost\n|-unboost|p2a: Ting-Lu|atk|1\n|move|p2a: Ting-Lu|Stealth Rock|p1a: Landorus\n|-sidestart|p1: Dryosaurus|move: Stealth Rock\n|\n|-weather|Snow|[upkeep]\n|-heal|p2a: Ting-Lu|57\/100|[from] item: Leftovers\n|upkeep\n|turn|5\n|inactive|Dryosaurus has 120 seconds left.\n|\n|t:|1699826389\n|move|p1a: Landorus|Stealth Rock|p2a: Ting-Lu\n|-sidestart|p2: Pleonasso|move: Stealth Rock\n|move|p2a: Ting-Lu|Spikes|p1a: Landorus\n|-sidestart|p1: Dryosaurus|Spikes\n|\n|-weather|Snow|[upkeep]\n|-heal|p2a: Ting-Lu|63\/100|[from] item: Leftovers\n|upkeep\n|turn|6\n|\n|t:|1699826398\n|switch|p2a: Great Tusk|Great Tusk|100\/100\n|-damage|p2a: Great Tusk|98\/100|[from] Stealth Rock\n|move|p1a: Landorus|Earthquake|p2a: Great Tusk\n|-damage|p2a: Great Tusk|67\/100\n|\n|-weather|none\n|-heal|p2a: Great Tusk|73\/100|[from] item: Leftovers\n|upkeep\n|turn|7\n|\n|t:|1699826408\n|move|p2a: Great Tusk|Knock Off|p1a: Landorus\n|-damage|p1a: Landorus|80\/100\n|-damage|p2a: Great Tusk|56\/100|[from] item: Rocky Helmet|[of] p1a: Landorus\n|-enditem|p1a: Landorus|Rocky Helmet|[from] move: Knock Off|[of] p2a: Great Tusk\n|move|p1a: Landorus|Grass Knot|p2a: Great Tusk\n|-supereffective|p2a: Great Tusk\n|-damage|p2a: Great Tusk|0 fnt\n|faint|p2a: Great Tusk\n|-end|p2a: Great Tusk|Protosynthesis|[silent]\n|\n|upkeep\n|\n|t:|1699826421\n|switch|p2a: Enamorus|Enamorus, F|100\/100\n|-damage|p2a: Enamorus|76\/100|[from] Stealth Rock\n|turn|8\n|\n|t:|1699826425\n|move|p2a: Enamorus|Substitute|p2a: Enamorus\n|-start|p2a: Enamorus|Substitute\n|-damage|p2a: Enamorus|51\/100\n|move|p1a: Landorus|U-turn|p2a: Enamorus\n|-resisted|p2a: Enamorus\n|-activate|p2a: Enamorus|move: Substitute|[damage]\n|\n|t:|1699826436\n|switch|p1a: Gholdengo|Gholdengo|100\/100|[from] U-turn\n|\n|-heal|p2a: Enamorus|57\/100|[from] item: Leftovers\n|upkeep\n|turn|9\n|\n|t:|1699826449\n|move|p2a: Enamorus|Earth Power|p1a: Gholdengo\n|-supereffective|p1a: Gholdengo\n|-damage|p1a: Gholdengo|47\/100\n|move|p1a: Gholdengo|Shadow Ball|p2a: Enamorus\n|-end|p2a: Enamorus|Substitute\n|\n|-heal|p2a: Enamorus|63\/100|[from] item: Leftovers\n|upkeep\n|turn|10\n|\n|t:|1699826462\n|switch|p1a: Slowking|Slowking-Galar, M, shiny|100\/100\n|move|p2a: Enamorus|Earth Power|p1a: Slowking\n|-supereffective|p1a: Slowking\n|-damage|p1a: Slowking|63\/100\n|\n|-heal|p2a: Enamorus|69\/100|[from] item: Leftovers\n|upkeep\n|turn|11\n|\n|t:|1699826471\n|-terastallize|p2a: Enamorus|Steel\n|move|p2a: Enamorus|Substitute|p2a: Enamorus\n|-start|p2a: Enamorus|Substitute\n|-damage|p2a: Enamorus|44\/100\n|move|p1a: Slowking|Future Sight|p2a: Enamorus\n|-start|p1a: Slowking|move: Future Sight\n|\n|-heal|p2a: Enamorus|51\/100|[from] item: Leftovers\n|upkeep\n|turn|12\n|\n|t:|1699826485\n|move|p2a: Enamorus|Earth Power|p1a: Slowking\n|-supereffective|p1a: Slowking\n|-damage|p1a: Slowking|26\/100\n|move|p1a: Slowking|Chilly Reception|p1a: Slowking\n|-weather|Snow\n|\n|t:|1699826492\n|switch|p1a: Dragonite|Dragonite, M|100\/100|[from] Chilly Reception\n|\n|-weather|Snow|[upkeep]\n|-heal|p2a: Enamorus|57\/100|[from] item: Leftovers\n|upkeep\n|turn|13\n|\n|t:|1699826499\n|-terastallize|p1a: Dragonite|Normal\n|move|p2a: Enamorus|Moonblast|p1a: Dragonite\n|-damage|p1a: Dragonite|75\/100\n|-unboost|p1a: Dragonite|spa|1\n|move|p1a: Dragonite|Dragon Dance|p1a: Dragonite\n|-boost|p1a: Dragonite|atk|1\n|-boost|p1a: Dragonite|spe|1\n|\n|-weather|Snow|[upkeep]\n|-end|p2a: Enamorus|move: Future Sight\n|-resisted|p2a: Enamorus\n|-end|p2a: Enamorus|Substitute\n|-heal|p2a: Enamorus|63\/100|[from] item: Leftovers\n|upkeep\n|turn|14\n|\n|t:|1699826513\n|switch|p2a: Gholdengo|Gholdengo|100\/100\n|-damage|p2a: Gholdengo|94\/100|[from] Stealth Rock\n|-item|p2a: Gholdengo|Air Balloon\n|move|p1a: Dragonite|Earthquake|p2a: Gholdengo\n|-immune|p2a: Gholdengo\n|\n|-weather|Snow|[upkeep]\n|upkeep\n|turn|15\n|\n|t:|1699826527\n|switch|p1a: Samurott|Samurott-Hisui, M|100\/100\n|move|p2a: Gholdengo|Make It Rain|p1a: Samurott\n|-resisted|p1a: Samurott\n|-damage|p1a: Samurott|55\/100\n|-unboost|p2a: Gholdengo|spa|1\n|\n|-weather|Snow|[upkeep]\n|upkeep\n|turn|16\n|\n|t:|1699826538\n|switch|p2a: Ting-Lu|Ting-Lu|63\/100\n|-damage|p2a: Ting-Lu|57\/100|[from] Stealth Rock\n|-ability|p2a: Ting-Lu|Vessel of Ruin\n|move|p1a: Samurott|Ceaseless Edge|p2a: Ting-Lu\n|-resisted|p2a: Ting-Lu\n|-damage|p2a: Ting-Lu|45\/100\n|-sidestart|p2: Pleonasso|Spikes\n|\n|-weather|none\n|-heal|p2a: Ting-Lu|52\/100|[from] item: Leftovers\n|upkeep\n|turn|17\n|\n|t:|1699826549\n|move|p1a: Samurott|Razor Shell|p2a: Ting-Lu\n|-supereffective|p2a: Ting-Lu\n|-damage|p2a: Ting-Lu|0 fnt\n|faint|p2a: Ting-Lu\n|\n|upkeep\n|\n|t:|1699826553\n|switch|p2a: Iron Valiant|Iron Valiant|100\/100\n|-damage|p2a: Iron Valiant|94\/100|[from] Stealth Rock\n|-damage|p2a: Iron Valiant|82\/100|[from] Spikes\n|-enditem|p2a: Iron Valiant|Booster Energy\n|-activate|p2a: Iron Valiant|ability: Quark Drive|[fromitem]\n|-start|p2a: Iron Valiant|quarkdrivespe\n|turn|18\n|\n|t:|1699826561\n|switch|p1a: Landorus|Landorus-Therian, M, shiny|80\/100\n|-damage|p1a: Landorus|68\/100|[from] Stealth Rock\n|-ability|p1a: Landorus|Intimidate|boost\n|-unboost|p2a: Iron Valiant|atk|1\n|move|p2a: Iron Valiant|Moonblast|p1a: Landorus\n|-damage|p1a: Landorus|13\/100\n|\n|upkeep\n|turn|19\n|\n|t:|1699826571\n|switch|p1a: Slowking|Slowking-Galar, M, shiny|60\/100\n|move|p2a: Iron Valiant|Moonblast|p1a: Slowking\n|-resisted|p1a: Slowking\n|-damage|p1a: Slowking|46\/100\n|-unboost|p1a: Slowking|spa|1\n|\n|upkeep\n|turn|20\n|\n|t:|1699826587\n|-end|p2a: Iron Valiant|Quark Drive|[silent]\n|switch|p2a: Dragonite|Dragonite, F|100\/100\n|switch|p1a: Landorus|Landorus-Therian, M, shiny|13\/100\n|-damage|p1a: Landorus|0 fnt|[from] Stealth Rock\n|faint|p1a: Landorus\n|\n|upkeep\n|\n|t:|1699826605\n|switch|p1a: Samurott|Samurott-Hisui, M|55\/100\n|turn|21\n|\n|t:|1699826614\n|move|p1a: Samurott|Knock Off|p2a: Dragonite\n|-damage|p2a: Dragonite|76\/100\n|-enditem|p2a: Dragonite|Heavy-Duty Boots|[from] move: Knock Off|[of] p1a: Samurott\n|move|p2a: Dragonite|Dragon Dance|p2a: Dragonite\n|-boost|p2a: Dragonite|atk|1\n|-boost|p2a: Dragonite|spe|1\n|\n|upkeep\n|turn|22\n|\n|t:|1699826622\n|switch|p1a: Gholdengo|Gholdengo|47\/100\n|move|p2a: Dragonite|Earthquake|p1a: Gholdengo\n|-supereffective|p1a: Gholdengo\n|-damage|p1a: Gholdengo|0 fnt\n|faint|p1a: Gholdengo\n|\n|upkeep\n|\n|t:|1699826630\n|switch|p1a: Zamazenta|Zamazenta|100\/100\n|-damage|p1a: Zamazenta|94\/100|[from] Stealth Rock\n|-damage|p1a: Zamazenta|82\/100|[from] Spikes\n|-ability|p1a: Zamazenta|Dauntless Shield|boost\n|-boost|p1a: Zamazenta|def|1\n|turn|23\n|\n|t:|1699826639\n|switch|p2a: Gholdengo|Gholdengo|94\/100\n|-damage|p2a: Gholdengo|88\/100|[from] Stealth Rock\n|-item|p2a: Gholdengo|Air Balloon\n|move|p1a: Zamazenta|Crunch|p2a: Gholdengo\n|-supereffective|p2a: Gholdengo\n|-damage|p2a: Gholdengo|0 fnt\n|-enditem|p2a: Gholdengo|Air Balloon\n|faint|p2a: Gholdengo\n|\n|upkeep\n|\n|t:|1699826647\n|switch|p2a: Iron Valiant|Iron Valiant|82\/100\n|-damage|p2a: Iron Valiant|76\/100|[from] Stealth Rock\n|-damage|p2a: Iron Valiant|63\/100|[from] Spikes\n|turn|24\n|\n|t:|1699826659\n|switch|p1a: Slowking|Slowking-Galar, M, shiny|79\/100\n|move|p2a: Iron Valiant|Moonblast|p1a: Slowking\n|-resisted|p1a: Slowking\n|-damage|p1a: Slowking|65\/100\n|\n|upkeep\n|turn|25\n|\n|t:|1699826673\n|-end|p2a: Iron Valiant|Quark Drive|[silent]\n|switch|p2a: Enamorus|Enamorus, F, tera:Steel|63\/100\n|-damage|p2a: Enamorus|57\/100|[from] Stealth Rock\n|-damage|p2a: Enamorus|44\/100|[from] Spikes\n|move|p1a: Slowking|Chilly Reception|p1a: Slowking\n|-weather|Snow\n|\n|t:|1699826681\n|switch|p1a: Zamazenta|Zamazenta|82\/100|[from] Chilly Reception\n|-damage|p1a: Zamazenta|76\/100|[from] Stealth Rock\n|-damage|p1a: Zamazenta|64\/100|[from] Spikes\n|\n|-weather|Snow|[upkeep]\n|-heal|p2a: Enamorus|51\/100|[from] item: Leftovers\n|upkeep\n|turn|26\n|\n|t:|1699826689\n|move|p1a: Zamazenta|Close Combat|p2a: Enamorus\n|-supereffective|p2a: Enamorus\n|-damage|p2a: Enamorus|0 fnt\n|-unboost|p1a: Zamazenta|def|1\n|-unboost|p1a: Zamazenta|spd|1\n|faint|p2a: Enamorus\n|\n|-weather|Snow|[upkeep]\n|upkeep\n|\n|t:|1699826702\n|switch|p2a: Dragonite|Dragonite, F|76\/100\n|-damage|p2a: Dragonite|51\/100|[from] Stealth Rock\n|turn|27\n|\n|t:|1699826708\n|move|p1a: Zamazenta|Close Combat|p2a: Dragonite\n|-resisted|p2a: Dragonite\n|-damage|p2a: Dragonite|4\/100\n|-unboost|p1a: Zamazenta|def|1\n|-unboost|p1a: Zamazenta|spd|1\n|move|p2a: Dragonite|Dragon Dance|p2a: Dragonite\n|-boost|p2a: Dragonite|atk|1\n|-boost|p2a: Dragonite|spe|1\n|\n|-weather|Snow|[upkeep]\n|upkeep\n|turn|28\n|\n|t:|1699826718\n|move|p2a: Dragonite|Extreme Speed|p1a: Zamazenta\n|-damage|p1a: Zamazenta|0 fnt\n|faint|p1a: Zamazenta\n|\n|-weather|Snow|[upkeep]\n|upkeep\n|\n|t:|1699826724\n|switch|p1a: Dragonite|Dragonite, M, tera:Normal|75\/100\n|turn|29\n|\n|t:|1699826735\n|move|p2a: Dragonite|Extreme Speed|p1a: Dragonite\n|-damage|p1a: Dragonite|25\/100\n|move|p1a: Dragonite|Extreme Speed|p2a: Dragonite\n|-damage|p2a: Dragonite|0 fnt\n|faint|p2a: Dragonite\n|\n|-weather|none\n|upkeep\n|\n|t:|1699826741\n|switch|p2a: Iron Valiant|Iron Valiant|63\/100\n|-damage|p2a: Iron Valiant|57\/100|[from] Stealth Rock\n|-damage|p2a: Iron Valiant|44\/100|[from] Spikes\n|turn|30\n|\n|t:|1699826748\n|move|p1a: Dragonite|Extreme Speed|p2a: Iron Valiant\n|-damage|p2a: Iron Valiant|0 fnt\n|faint|p2a: Iron Valiant\n|-end|p2a: Iron Valiant|Quark Drive|[silent]\n|\n|win|Dryosaurus\n|raw|Dryosaurus's rating: 1491 &rarr; <strong>1516<\/strong><br \/>(+25 for winning)\n|raw|Pleonasso's rating: 1585 &rarr; <strong>1560<\/strong><br \/>(-25 for losing)\n|c|\u2606Dryosaurus|GG\n|l|\u2606Pleonasso\n","uploadtime":1699826770,"views":18,"p1id":"dryosaurus","p2id":"pleonasso","formatid":"gen9ou","rating":1516,"private":0,"password":""}