{"id":"gen9ou-1994079153","p1":"MegaPlast","p2":"LOOPJ21","format":"[Gen 9] OU","log":"|j|\u2606MegaPlast\n|j|\u2606LOOPJ21\n|t:|1700404145\n|gametype|singles\n|player|p1|MegaPlast|palmer|1306\n|player|p2|LOOPJ21|riley|1243\n|teamsize|p1|6\n|teamsize|p2|6\n|gen|9\n|tier|[Gen 9] OU\n|rated|\n|rule|Sleep Clause Mod: Limit one foe put to sleep\n|rule|Species Clause: Limit one of each Pok\u00e9mon\n|rule|OHKO Clause: OHKO moves are banned\n|rule|Evasion Items Clause: Evasion items are banned\n|rule|Evasion Moves Clause: Evasion moves are banned\n|rule|Endless Battle Clause: Forcing endless battles is banned\n|rule|HP Percentage Mod: HP is shown in percentages\n|clearpoke\n|poke|p1|Ursaluna, F|\n|poke|p1|Dragapult, F|\n|poke|p1|Ogerpon-Wellspring, F|\n|poke|p1|Zapdos|\n|poke|p1|Heatran, M|\n|poke|p1|Weezing-Galar, F|\n|poke|p2|Sableye, M|\n|poke|p2|Glimmora, F|\n|poke|p2|Iron Moth|\n|poke|p2|Sneasler, M|\n|poke|p2|Rillaboom, M|\n|poke|p2|Scizor, M|\n|teampreview\n|inactive|Battle timer is ON: inactive players will automatically lose when time's up. (requested by MegaPlast)\n|\n|t:|1700404158\n|start\n|switch|p1a: Dragapult|Dragapult, F|100\/100\n|switch|p2a: Glimmora|Glimmora, F|100\/100\n|turn|1\n|\n|t:|1700404167\n|move|p1a: Dragapult|Light Screen|p1a: Dragapult\n|-sidestart|p1: MegaPlast|move: Light Screen\n|move|p2a: Glimmora|Stealth Rock|p1a: Dragapult\n|-sidestart|p1: MegaPlast|move: Stealth Rock\n|\n|upkeep\n|turn|2\n|\n|t:|1700404186\n|move|p1a: Dragapult|Curse|p2a: Glimmora\n|-start|p2a: Glimmora|Curse|[of] p1a: Dragapult\n|-damage|p1a: Dragapult|50\/100\n|move|p2a: Glimmora|Mortal Spin|p1a: Dragapult\n|-resisted|p1a: Dragapult\n|-damage|p1a: Dragapult|47\/100\n|-status|p1a: Dragapult|psn\n|-start|p2a: Glimmora|Disable|Mortal Spin|[from] ability: Cursed Body|[of] p1a: Dragapult\n|\n|-damage|p1a: Dragapult|35\/100 psn|[from] psn\n|-damage|p2a: Glimmora|76\/100|[from] Curse\n|upkeep\n|turn|3\n|inactive|LOOPJ21 has 120 seconds left.\n|\n|t:|1700404214\n|switch|p2a: Rillaboom|Rillaboom, M|100\/100\n|-fieldstart|move: Grassy Terrain|[from] ability: Grassy Surge|[of] p2a: Rillaboom\n|move|p1a: Dragapult|U-turn|p2a: Rillaboom\n|-supereffective|p2a: Rillaboom\n|-damage|p2a: Rillaboom|65\/100\n|\n|t:|1700404220\n|switch|p1a: Weezing|Weezing-Galar, F|100\/100|[from] U-turn\n|-ability|p1a: Weezing|Neutralizing Gas\n|-damage|p1a: Weezing|88\/100|[from] Stealth Rock\n|\n|-heal|p2a: Rillaboom|71\/100|[from] Grassy Terrain\n|-heal|p1a: Weezing|94\/100|[from] Grassy Terrain\n|-heal|p1a: Weezing|99\/100|[from] item: Leftovers\n|upkeep\n|turn|4\n|inactive|LOOPJ21 has 120 seconds left.\n|\n|t:|1700404235\n|move|p2a: Rillaboom|High Horsepower|p1a: Weezing\n|-supereffective|p1a: Weezing\n|-damage|p1a: Weezing|50\/100\n|move|p1a: Weezing|Defog|p2a: Rillaboom\n|-unboost|p2a: Rillaboom|evasion|1\n|-sideend|p1: MegaPlast|Stealth Rock|[from] move: Defog|[of] p1a: Weezing\n|-fieldend|move: Grassy Terrain\n|\n|-heal|p1a: Weezing|56\/100|[from] item: Leftovers\n|upkeep\n|turn|5\n|inactive|LOOPJ21 has 120 seconds left.\n|\n|t:|1700404251\n|-end|p1a: Weezing|ability: Neutralizing Gas\n|-fieldstart|move: Grassy Terrain|[from] ability: Grassy Surge|[of] p2a: Rillaboom\n|switch|p1a: Zapdos|Zapdos|100\/100\n|move|p2a: Rillaboom|Body Slam|p1a: Zapdos\n|-damage|p1a: Zapdos|66\/100\n|\n|-heal|p2a: Rillaboom|77\/100|[from] Grassy Terrain\n|upkeep\n|turn|6\n|inactive|LOOPJ21 has 120 seconds left.\n|\n|t:|1700404265\n|switch|p2a: Glimmora|Glimmora, F|76\/100\n|move|p1a: Zapdos|Thunder Wave|p2a: Glimmora|[miss]\n|-miss|p1a: Zapdos|p2a: Glimmora\n|\n|-heal|p2a: Glimmora|82\/100|[from] Grassy Terrain\n|-heal|p2a: Glimmora|88\/100|[from] item: Black Sludge\n|upkeep\n|turn|7\n|inactive|LOOPJ21 has 120 seconds left.\n|\n|t:|1700404276\n|move|p1a: Zapdos|Volt Switch|p2a: Glimmora\n|-damage|p2a: Glimmora|59\/100\n|\n|t:|1700404281\n|switch|p1a: Dragapult|Dragapult, F|35\/100 psn|[from] Volt Switch\n|move|p2a: Glimmora|Sludge Bomb|p1a: Dragapult\n|-resisted|p1a: Dragapult\n|-damage|p1a: Dragapult|24\/100 psn\n|\n|-heal|p1a: Dragapult|30\/100 psn|[from] Grassy Terrain\n|-heal|p2a: Glimmora|65\/100|[from] Grassy Terrain\n|-heal|p2a: Glimmora|71\/100|[from] item: Black Sludge\n|-damage|p1a: Dragapult|17\/100 psn|[from] psn\n|upkeep\n|turn|8\n|\n|t:|1700404295\n|switch|p2a: Sableye|Sableye, M|100\/100\n|move|p1a: Dragapult|Reflect|p1a: Dragapult\n|-sidestart|p1: MegaPlast|Reflect\n|\n|-heal|p1a: Dragapult|23\/100 psn|[from] Grassy Terrain\n|-damage|p1a: Dragapult|11\/100 psn|[from] psn\n|-sideend|p1: MegaPlast|move: Light Screen\n|upkeep\n|turn|9\n|inactive|LOOPJ21 has 120 seconds left.\n|\n|t:|1700404313\n|move|p2a: Sableye|Reflect|p2a: Sableye\n|-sidestart|p2: LOOPJ21|Reflect\n|move|p1a: Dragapult|Light Screen|p1a: Dragapult\n|-sidestart|p1: MegaPlast|move: Light Screen\n|\n|-heal|p1a: Dragapult|17\/100 psn|[from] Grassy Terrain\n|-damage|p1a: Dragapult|5\/100 psn|[from] psn\n|-fieldend|move: Grassy Terrain\n|upkeep\n|turn|10\n|inactive|LOOPJ21 has 120 seconds left.\n|\n|t:|1700404324\n|move|p2a: Sableye|Light Screen|p2a: Sableye\n|-sidestart|p2: LOOPJ21|move: Light Screen\n|move|p1a: Dragapult|U-turn|p2a: Sableye\n|-damage|p2a: Sableye|88\/100\n|\n|t:|1700404329\n|switch|p1a: Ogerpon|Ogerpon-Wellspring, F|100\/100|[from] U-turn\n|\n|upkeep\n|turn|11\n|\n|t:|1700404337\n|switch|p1a: Heatran|Heatran, M|100\/100\n|move|p2a: Sableye|Will-O-Wisp|p1a: Heatran\n|-immune|p1a: Heatran\n|\n|upkeep\n|turn|12\n|\n|t:|1700404349\n|switch|p2a: Glimmora|Glimmora, F|71\/100\n|move|p1a: Heatran|Stealth Rock|p2a: Glimmora\n|-sidestart|p2: LOOPJ21|move: Stealth Rock\n|\n|-heal|p2a: Glimmora|77\/100|[from] item: Black Sludge\n|upkeep\n|turn|13\n|\n|t:|1700404360\n|move|p2a: Glimmora|Earth Power|p1a: Heatran\n|-supereffective|p1a: Heatran\n|-damage|p1a: Heatran|66\/100\n|move|p1a: Heatran|Earth Power|p2a: Glimmora\n|-supereffective|p2a: Glimmora\n|-damage|p2a: Glimmora|20\/100\n|\n|-heal|p2a: Glimmora|26\/100|[from] item: Black Sludge\n|-heal|p1a: Heatran|72\/100|[from] item: Leftovers\n|upkeep\n|turn|14\n|\n|t:|1700404372\n|move|p2a: Glimmora|Earth Power|p1a: Heatran\n|-supereffective|p1a: Heatran\n|-damage|p1a: Heatran|41\/100\n|-unboost|p1a: Heatran|spd|1\n|move|p1a: Heatran|Earth Power|p2a: Glimmora\n|-supereffective|p2a: Glimmora\n|-damage|p2a: Glimmora|0 fnt\n|faint|p2a: Glimmora\n|\n|-heal|p1a: Heatran|47\/100|[from] item: Leftovers\n|upkeep\n|\n|t:|1700404385\n|switch|p2a: Rillaboom|Rillaboom, M|77\/100\n|-damage|p2a: Rillaboom|65\/100|[from] Stealth Rock\n|-fieldstart|move: Grassy Terrain|[from] ability: Grassy Surge|[of] p2a: Rillaboom\n|turn|15\n|\n|t:|1700404414\n|switch|p1a: Zapdos|Zapdos|66\/100\n|move|p2a: Rillaboom|High Horsepower|p1a: Zapdos\n|-immune|p1a: Zapdos\n|\n|-heal|p2a: Rillaboom|71\/100|[from] Grassy Terrain\n|-sideend|p1: MegaPlast|Reflect\n|upkeep\n|turn|16\n|\n|t:|1700404428\n|move|p2a: Rillaboom|Grassy Glide|p1a: Zapdos\n|-resisted|p1a: Zapdos\n|-damage|p1a: Zapdos|46\/100\n|move|p1a: Zapdos|Thunder Wave|p2a: Rillaboom\n|-status|p2a: Rillaboom|par\n|\n|-heal|p2a: Rillaboom|77\/100 par|[from] Grassy Terrain\n|-sideend|p2: LOOPJ21|Reflect\n|-sideend|p1: MegaPlast|move: Light Screen\n|upkeep\n|turn|17\n|\n|t:|1700404445\n|switch|p2a: Sableye|Sableye, M|88\/100\n|-damage|p2a: Sableye|76\/100|[from] Stealth Rock\n|move|p1a: Zapdos|Roost|p1a: Zapdos\n|-heal|p1a: Zapdos|96\/100\n|-singleturn|p1a: Zapdos|move: Roost\n|\n|-heal|p1a: Zapdos|100\/100|[from] Grassy Terrain\n|-heal|p2a: Sableye|82\/100|[from] Grassy Terrain\n|-sideend|p2: LOOPJ21|move: Light Screen\n|upkeep\n|turn|18\n|inactive|LOOPJ21 has 120 seconds left.\n|\n|t:|1700404460\n|move|p2a: Sableye|Light Screen|p2a: Sableye\n|-sidestart|p2: LOOPJ21|move: Light Screen\n|move|p1a: Zapdos|Thunder Wave|p2a: Sableye|[miss]\n|-miss|p1a: Zapdos|p2a: Sableye\n|\n|-heal|p2a: Sableye|88\/100|[from] Grassy Terrain\n|upkeep\n|turn|19\n|\n|t:|1700404470\n|move|p2a: Sableye|Reflect|p2a: Sableye\n|-sidestart|p2: LOOPJ21|Reflect\n|move|p1a: Zapdos|Thunder Wave|p2a: Sableye\n|-status|p2a: Sableye|par\n|\n|-heal|p2a: Sableye|94\/100 par|[from] Grassy Terrain\n|-fieldend|move: Grassy Terrain\n|upkeep\n|turn|20\n|\n|t:|1700404478\n|switch|p1a: Ursaluna|Ursaluna, F|100\/100\n|cant|p2a: Sableye|par\n|\n|-status|p1a: Ursaluna|brn|[from] item: Flame Orb\n|upkeep\n|turn|21\n|\n|t:|1700404488\n|move|p1a: Ursaluna|Fire Punch|p2a: Sableye\n|-damage|p2a: Sableye|60\/100 par\n|move|p2a: Sableye|Drain Punch|p1a: Ursaluna\n|-supereffective|p1a: Ursaluna\n|-damage|p1a: Ursaluna|80\/100 brn\n|-heal|p2a: Sableye|74\/100 par|[from] drain|[of] p1a: Ursaluna\n|\n|-damage|p1a: Ursaluna|74\/100 brn|[from] brn\n|upkeep\n|turn|22\n|\n|t:|1700404503\n|switch|p2a: Iron Moth|Iron Moth|100\/100\n|-damage|p2a: Iron Moth|76\/100|[from] Stealth Rock\n|-enditem|p2a: Iron Moth|Booster Energy\n|-activate|p2a: Iron Moth|ability: Quark Drive|[fromitem]\n|-start|p2a: Iron Moth|quarkdrivespe\n|move|p1a: Ursaluna|Earthquake|p2a: Iron Moth\n|-supereffective|p2a: Iron Moth\n|-damage|p2a: Iron Moth|0 fnt\n|faint|p2a: Iron Moth\n|-end|p2a: Iron Moth|Quark Drive|[silent]\n|\n|-damage|p1a: Ursaluna|68\/100 brn|[from] brn\n|upkeep\n|\n|t:|1700404517\n|switch|p2a: Rillaboom|Rillaboom, M|77\/100 par\n|-damage|p2a: Rillaboom|65\/100 par|[from] Stealth Rock\n|-fieldstart|move: Grassy Terrain|[from] ability: Grassy Surge|[of] p2a: Rillaboom\n|turn|23\n|\n|t:|1700404528\n|switch|p1a: Weezing|Weezing-Galar, F|56\/100\n|-ability|p1a: Weezing|Neutralizing Gas\n|cant|p2a: Rillaboom|par\n|\n|-heal|p1a: Weezing|62\/100|[from] Grassy Terrain\n|-heal|p1a: Weezing|68\/100|[from] item: Leftovers\n|-heal|p2a: Rillaboom|71\/100 par|[from] Grassy Terrain\n|upkeep\n|turn|24\n|\n|t:|1700404540\n|move|p1a: Weezing|Will-O-Wisp||[still]\n|-fail|p1a: Weezing\n|move|p2a: Rillaboom|Body Slam|p1a: Weezing\n|-damage|p1a: Weezing|46\/100\n|\n|-heal|p1a: Weezing|52\/100|[from] Grassy Terrain\n|-heal|p1a: Weezing|58\/100|[from] item: Leftovers\n|-heal|p2a: Rillaboom|77\/100 par|[from] Grassy Terrain\n|upkeep\n|turn|25\n|\n|t:|1700404553\n|move|p1a: Weezing|Sludge Bomb|p2a: Rillaboom\n|-supereffective|p2a: Rillaboom\n|-damage|p2a: Rillaboom|56\/100 par\n|move|p2a: Rillaboom|Body Slam|p1a: Weezing\n|-damage|p1a: Weezing|36\/100\n|\n|-heal|p1a: Weezing|42\/100|[from] Grassy Terrain\n|-heal|p1a: Weezing|48\/100|[from] item: Leftovers\n|-heal|p2a: Rillaboom|62\/100 par|[from] Grassy Terrain\n|-sideend|p2: LOOPJ21|move: Light Screen\n|upkeep\n|turn|26\n|\n|t:|1700404567\n|switch|p2a: Scizor|Scizor, M|100\/100\n|-damage|p2a: Scizor|88\/100|[from] Stealth Rock\n|move|p1a: Weezing|Pain Split|p2a: Scizor\n|-sethp|p2a: Scizor|67\/100|[from] move: Pain Split|[silent]\n|-sethp|p1a: Weezing|70\/100|[from] move: Pain Split\n|\n|-heal|p2a: Scizor|73\/100|[from] Grassy Terrain\n|-heal|p2a: Scizor|80\/100|[from] item: Leftovers\n|-heal|p1a: Weezing|76\/100|[from] Grassy Terrain\n|-heal|p1a: Weezing|82\/100|[from] item: Leftovers\n|-sideend|p2: LOOPJ21|Reflect\n|upkeep\n|turn|27\n|\n|t:|1700404587\n|move|p2a: Scizor|Swords Dance|p2a: Scizor\n|-boost|p2a: Scizor|atk|2\n|move|p1a: Weezing|Sludge Bomb|p2a: Scizor\n|-immune|p2a: Scizor\n|\n|-heal|p2a: Scizor|86\/100|[from] Grassy Terrain\n|-heal|p2a: Scizor|92\/100|[from] item: Leftovers\n|-heal|p1a: Weezing|88\/100|[from] Grassy Terrain\n|-heal|p1a: Weezing|94\/100|[from] item: Leftovers\n|-fieldend|move: Grassy Terrain\n|upkeep\n|turn|28\n|inactive|LOOPJ21 has 120 seconds left.\n|\n|t:|1700404604\n|-terastallize|p1a: Weezing|Flying\n|move|p2a: Scizor|Swords Dance|p2a: Scizor\n|-boost|p2a: Scizor|atk|2\n|move|p1a: Weezing|Will-O-Wisp|p2a: Scizor|[miss]\n|-miss|p1a: Weezing|p2a: Scizor\n|\n|-heal|p2a: Scizor|98\/100|[from] item: Leftovers\n|-heal|p1a: Weezing|99\/100|[from] item: Leftovers\n|upkeep\n|turn|29\n|inactive|LOOPJ21 has 120 seconds left.\n|\n|t:|1700404617\n|move|p2a: Scizor|Knock Off|p1a: Weezing\n|-damage|p1a: Weezing|48\/100\n|-enditem|p1a: Weezing|Leftovers|[from] move: Knock Off|[of] p2a: Scizor\n|move|p1a: Weezing|Will-O-Wisp|p2a: Scizor|[miss]\n|-miss|p1a: Weezing|p2a: Scizor\n|\n|-heal|p2a: Scizor|100\/100|[from] item: Leftovers\n|upkeep\n|turn|30\n|c|\u2606MegaPlast|FCK OFF\n|inactive|LOOPJ21 has 120 seconds left.\n|\n|t:|1700404627\n|-end|p1a: Weezing|ability: Neutralizing Gas\n|switch|p1a: Heatran|Heatran, M|47\/100\n|move|p2a: Scizor|Bullet Punch|p1a: Heatran\n|-resisted|p1a: Heatran\n|-damage|p1a: Heatran|30\/100\n|-status|p2a: Scizor|brn|[from] ability: Flame Body|[of] p1a: Heatran\n|\n|-heal|p1a: Heatran|36\/100|[from] item: Leftovers\n|-damage|p2a: Scizor|94\/100 brn|[from] brn\n|upkeep\n|turn|31\n|inactive|LOOPJ21 has 120 seconds left.\n|\n|t:|1700404643\n|move|p2a: Scizor|Knock Off|p1a: Heatran\n|-damage|p1a: Heatran|0 fnt\n|-enditem|p1a: Heatran|Leftovers|[from] move: Knock Off|[of] p2a: Scizor\n|faint|p1a: Heatran\n|\n|-heal|p2a: Scizor|100\/100 brn|[from] item: Leftovers\n|-damage|p2a: Scizor|94\/100 brn|[from] brn\n|upkeep\n|\n|t:|1700404649\n|switch|p1a: Weezing|Weezing-Galar, F, tera:Flying|48\/100\n|-ability|p1a: Weezing|Neutralizing Gas\n|turn|32\n|inactive|LOOPJ21 has 120 seconds left.\n|\n|t:|1700404668\n|move|p2a: Scizor|Bullet Punch|p1a: Weezing\n|-damage|p1a: Weezing|33\/100\n|move|p1a: Weezing|Pain Split|p2a: Scizor\n|-sethp|p2a: Scizor|63\/100 brn|[from] move: Pain Split|[silent]\n|-sethp|p1a: Weezing|65\/100|[from] move: Pain Split\n|\n|-heal|p2a: Scizor|69\/100 brn|[from] item: Leftovers\n|-damage|p2a: Scizor|63\/100 brn|[from] brn\n|upkeep\n|turn|33\n|inactive|LOOPJ21 has 120 seconds left.\n|\n|t:|1700404679\n|move|p2a: Scizor|Defog|p1a: Weezing\n|-unboost|p1a: Weezing|evasion|1\n|-sideend|p2: LOOPJ21|Stealth Rock|[from] move: Defog|[of] p2a: Scizor\n|move|p1a: Weezing|Pain Split|p2a: Scizor\n|-sethp|p2a: Scizor|63\/100 brn|[from] move: Pain Split|[silent]\n|-sethp|p1a: Weezing|65\/100|[from] move: Pain Split\n|\n|-heal|p2a: Scizor|69\/100 brn|[from] item: Leftovers\n|-damage|p2a: Scizor|63\/100 brn|[from] brn\n|upkeep\n|turn|34\n|inactive|LOOPJ21 has 120 seconds left.\n|\n|t:|1700404691\n|move|p2a: Scizor|Swords Dance|p2a: Scizor\n|-boost|p2a: Scizor|atk|2\n|move|p1a: Weezing|Sludge Bomb|p2a: Scizor\n|-immune|p2a: Scizor\n|\n|-heal|p2a: Scizor|69\/100 brn|[from] item: Leftovers\n|-damage|p2a: Scizor|63\/100 brn|[from] brn\n|upkeep\n|turn|35\n|inactive|LOOPJ21 has 120 seconds left.\n|\n|t:|1700404703\n|move|p2a: Scizor|Swords Dance|p2a: Scizor\n|-boost|p2a: Scizor|atk|0\n|move|p1a: Weezing|Pain Split|p2a: Scizor\n|-sethp|p2a: Scizor|63\/100 brn|[from] move: Pain Split|[silent]\n|-sethp|p1a: Weezing|65\/100|[from] move: Pain Split\n|\n|-heal|p2a: Scizor|69\/100 brn|[from] item: Leftovers\n|-damage|p2a: Scizor|63\/100 brn|[from] brn\n|upkeep\n|turn|36\n|inactive|LOOPJ21 has 120 seconds left.\n|\n|t:|1700404715\n|move|p2a: Scizor|Bullet Punch|p1a: Weezing\n|-damage|p1a: Weezing|42\/100\n|move|p1a: Weezing|Pain Split|p2a: Scizor\n|-sethp|p2a: Scizor|52\/100 brn|[from] move: Pain Split|[silent]\n|-sethp|p1a: Weezing|54\/100|[from] move: Pain Split\n|\n|-heal|p2a: Scizor|58\/100 brn|[from] item: Leftovers\n|-damage|p2a: Scizor|52\/100 brn|[from] brn\n|upkeep\n|turn|37\n|inactive|LOOPJ21 has 120 seconds left.\n|\n|t:|1700404728\n|move|p2a: Scizor|Knock Off|p1a: Weezing\n|-damage|p1a: Weezing|31\/100\n|move|p1a: Weezing|Pain Split|p2a: Scizor\n|-sethp|p2a: Scizor|41\/100 brn|[from] move: Pain Split|[silent]\n|-sethp|p1a: Weezing|42\/100|[from] move: Pain Split\n|\n|-heal|p2a: Scizor|47\/100 brn|[from] item: Leftovers\n|-damage|p2a: Scizor|41\/100 brn|[from] brn\n|upkeep\n|turn|38\n|inactive|LOOPJ21 has 120 seconds left.\n|\n|t:|1700404740\n|move|p2a: Scizor|Defog|p1a: Weezing\n|-unboost|p1a: Weezing|evasion|1\n|move|p1a: Weezing|Pain Split|p2a: Scizor\n|-sethp|p2a: Scizor|41\/100 brn|[from] move: Pain Split|[silent]\n|-sethp|p1a: Weezing|42\/100|[from] move: Pain Split\n|\n|-heal|p2a: Scizor|47\/100 brn|[from] item: Leftovers\n|-damage|p2a: Scizor|41\/100 brn|[from] brn\n|upkeep\n|turn|39\n|inactive|LOOPJ21 has 120 seconds left.\n|\n|t:|1700404754\n|move|p2a: Scizor|Knock Off|p1a: Weezing\n|-damage|p1a: Weezing|19\/100\n|move|p1a: Weezing|Pain Split|p2a: Scizor\n|-sethp|p2a: Scizor|30\/100 brn|[from] move: Pain Split|[silent]\n|-sethp|p1a: Weezing|31\/100|[from] move: Pain Split\n|\n|-heal|p2a: Scizor|36\/100 brn|[from] item: Leftovers\n|-damage|p2a: Scizor|30\/100 brn|[from] brn\n|upkeep\n|turn|40\n|inactive|LOOPJ21 has 120 seconds left.\n|\n|t:|1700404767\n|move|p2a: Scizor|Knock Off|p1a: Weezing\n|-damage|p1a: Weezing|7\/100\n|move|p1a: Weezing|Pain Split|p2a: Scizor\n|-sethp|p2a: Scizor|18\/100 brn|[from] move: Pain Split|[silent]\n|-sethp|p1a: Weezing|19\/100|[from] move: Pain Split\n|\n|-heal|p2a: Scizor|24\/100 brn|[from] item: Leftovers\n|-damage|p2a: Scizor|18\/100 brn|[from] brn\n|upkeep\n|turn|41\n|inactive|LOOPJ21 has 120 seconds left.\n|\n|t:|1700404781\n|move|p2a: Scizor|Knock Off|p1a: Weezing\n|-damage|p1a: Weezing|0 fnt\n|faint|p1a: Weezing\n|-end|p1a: Weezing|ability: Neutralizing Gas\n|\n|-heal|p2a: Scizor|24\/100 brn|[from] item: Leftovers\n|-damage|p2a: Scizor|18\/100 brn|[from] brn\n|upkeep\n|\n|t:|1700404793\n|switch|p1a: Dragapult|Dragapult, F|5\/100 psn\n|turn|42\n|\n|t:|1700404797\n|move|p2a: Scizor|Bullet Punch|p1a: Dragapult\n|-damage|p1a: Dragapult|0 fnt\n|faint|p1a: Dragapult\n|\n|-heal|p2a: Scizor|24\/100 brn|[from] item: Leftovers\n|-damage|p2a: Scizor|18\/100 brn|[from] brn\n|upkeep\n|\n|t:|1700404808\n|switch|p1a: Ogerpon|Ogerpon-Wellspring, F|100\/100\n|turn|43\n|\n|t:|1700404815\n|move|p2a: Scizor|Bullet Punch|p1a: Ogerpon\n|-resisted|p1a: Ogerpon\n|-damage|p1a: Ogerpon|65\/100\n|move|p1a: Ogerpon|Ivy Cudgel|p2a: Scizor|[anim] Ivy Cudgel Water\n|-damage|p2a: Scizor|0 fnt\n|faint|p2a: Scizor\n|\n|upkeep\n|\n|t:|1700404825\n|switch|p2a: Rillaboom|Rillaboom, M|62\/100 par\n|-fieldstart|move: Grassy Terrain|[from] ability: Grassy Surge|[of] p2a: Rillaboom\n|turn|44\n|\n|t:|1700404836\n|move|p2a: Rillaboom|Grassy Glide|p1a: Ogerpon\n|-damage|p1a: Ogerpon|11\/100\n|move|p1a: Ogerpon|U-turn|p2a: Rillaboom\n|-supereffective|p2a: Rillaboom\n|-crit|p2a: Rillaboom\n|-damage|p2a: Rillaboom|0 fnt\n|faint|p2a: Rillaboom\n|\n|t:|1700404845\n|switch|p1a: Ursaluna|Ursaluna, F|68\/100 brn|[from] U-turn\n|\n|-heal|p1a: Ursaluna|74\/100 brn|[from] Grassy Terrain\n|-damage|p1a: Ursaluna|68\/100 brn|[from] brn\n|upkeep\n|\n|t:|1700404854\n|switch|p2a: Sableye|Sableye, M|74\/100 par\n|turn|45\n|\n|t:|1700404860\n|move|p2a: Sableye|Reflect|p2a: Sableye\n|-sidestart|p2: LOOPJ21|Reflect\n|move|p1a: Ursaluna|Earthquake|p2a: Sableye\n|-damage|p2a: Sableye|44\/100 par\n|\n|-heal|p1a: Ursaluna|74\/100 brn|[from] Grassy Terrain\n|-heal|p2a: Sableye|50\/100 par|[from] Grassy Terrain\n|-damage|p1a: Ursaluna|68\/100 brn|[from] brn\n|upkeep\n|turn|46\n|\n|t:|1700404872\n|switch|p2a: Sneasler|Sneasler, M|100\/100\n|-enditem|p2a: Sneasler|Grassy Seed\n|-boost|p2a: Sneasler|def|1|[from] item: Grassy Seed\n|move|p1a: Ursaluna|Swords Dance|p1a: Ursaluna\n|-boost|p1a: Ursaluna|atk|2\n|\n|-heal|p1a: Ursaluna|74\/100 brn|[from] Grassy Terrain\n|-damage|p1a: Ursaluna|68\/100 brn|[from] brn\n|upkeep\n|turn|47\n|\n|t:|1700404885\n|-terastallize|p2a: Sneasler|Flying\n|move|p2a: Sneasler|Acrobatics|p1a: Ursaluna\n|-damage|p1a: Ursaluna|22\/100 brn\n|move|p1a: Ursaluna|Earthquake|p2a: Sneasler\n|-immune|p2a: Sneasler\n|\n|-heal|p1a: Ursaluna|28\/100 brn|[from] Grassy Terrain\n|-damage|p1a: Ursaluna|22\/100 brn|[from] brn\n|upkeep\n|turn|48\n|\n|t:|1700404902\n|move|p2a: Sneasler|Acrobatics|p1a: Ursaluna\n|-damage|p1a: Ursaluna|0 fnt\n|faint|p1a: Ursaluna\n|\n|-fieldend|move: Grassy Terrain\n|upkeep\n|\n|t:|1700404904\n|switch|p1a: Zapdos|Zapdos|100\/100\n|turn|49\n|\n|t:|1700404912\n|move|p2a: Sneasler|Dire Claw|p1a: Zapdos\n|-damage|p1a: Zapdos|51\/100\n|-status|p2a: Sneasler|par|[from] ability: Static|[of] p1a: Zapdos\n|move|p1a: Zapdos|Volt Switch|p2a: Sneasler\n|-supereffective|p2a: Sneasler\n|-damage|p2a: Sneasler|26\/100 par\n|\n|t:|1700404919\n|switch|p1a: Ogerpon|Ogerpon-Wellspring, F|11\/100|[from] Volt Switch\n|\n|upkeep\n|turn|50\n|\n|t:|1700404927\n|move|p1a: Ogerpon|Ivy Cudgel|p2a: Sneasler|[anim] Ivy Cudgel Water\n|-damage|p2a: Sneasler|0 fnt\n|faint|p2a: Sneasler\n|\n|upkeep\n|\n|t:|1700404934\n|switch|p2a: Sableye|Sableye, M|50\/100 par\n|turn|51\n|\n|t:|1700404940\n|switch|p1a: Zapdos|Zapdos|51\/100\n|move|p2a: Sableye|Will-O-Wisp|p1a: Zapdos\n|-status|p1a: Zapdos|brn\n|\n|-damage|p1a: Zapdos|45\/100 brn|[from] brn\n|upkeep\n|turn|52\n|\n|t:|1700404950\n|move|p2a: Sableye|Light Screen|p2a: Sableye\n|-sidestart|p2: LOOPJ21|move: Light Screen\n|move|p1a: Zapdos|Roost|p1a: Zapdos\n|-heal|p1a: Zapdos|95\/100 brn\n|-singleturn|p1a: Zapdos|move: Roost\n|\n|-damage|p1a: Zapdos|89\/100 brn|[from] brn\n|-sideend|p2: LOOPJ21|Reflect\n|upkeep\n|turn|53\n|\n|t:|1700404960\n|move|p1a: Zapdos|Hurricane|p2a: Sableye\n|-damage|p2a: Sableye|23\/100 par\n|-start|p2a: Sableye|confusion\n|-activate|p2a: Sableye|confusion\n|move|p2a: Sableye|Drain Punch|p1a: Zapdos\n|-resisted|p1a: Zapdos\n|-damage|p1a: Zapdos|82\/100 brn\n|-heal|p2a: Sableye|27\/100 par|[from] drain|[of] p1a: Zapdos\n|\n|-damage|p1a: Zapdos|76\/100 brn|[from] brn\n|upkeep\n|turn|54\n|\n|t:|1700404974\n|-activate|p2a: Sableye|confusion\n|move|p2a: Sableye|Reflect|p2a: Sableye\n|-sidestart|p2: LOOPJ21|Reflect\n|move|p1a: Zapdos|Hurricane|p2a: Sableye\n|-damage|p2a: Sableye|1\/100 par\n|\n|-damage|p1a: Zapdos|70\/100 brn|[from] brn\n|upkeep\n|turn|55\n|\n|t:|1700404984\n|move|p1a: Zapdos|Volt Switch|p2a: Sableye\n|-damage|p2a: Sableye|0 fnt\n|faint|p2a: Sableye\n|\n|win|MegaPlast\n|raw|MegaPlast's rating: 1306 &rarr; <strong>1322<\/strong><br \/>(+16 for winning)\n|raw|LOOPJ21's rating: 1243 &rarr; <strong>1222<\/strong><br \/>(-21 for losing)\n","uploadtime":1700404624,"views":5,"p1id":"megaplast","p2id":"loopj21","formatid":"gen9ou","rating":1222,"private":0,"password":""}