{"id":"gen9ou-1994327474","p1":"TheGamerBoss","p2":"DabBuster184","format":"[Gen 9] OU","log":"|j|\u2606TheGamerBoss\n|j|\u2606DabBuster184\n|inactive|Battle timer is ON: inactive players will automatically lose when time's up.\n|t:|1700431513\n|gametype|singles\n|player|p1|TheGamerBoss|backpacker|\n|player|p2|DabBuster184|caitlin|\n|teamsize|p1|5\n|teamsize|p2|5\n|gen|9\n|tier|[Gen 9] OU\n|rated|Tournament battle\n|rule|Sleep Clause Mod: Limit one foe put to sleep\n|rule|Species Clause: Limit one of each Pok\u00e9mon\n|rule|OHKO Clause: OHKO moves are banned\n|rule|Evasion Items Clause: Evasion items are banned\n|rule|Evasion Moves Clause: Evasion moves are banned\n|rule|Endless Battle Clause: Forcing endless battles is banned\n|rule|HP Percentage Mod: HP is shown in percentages\n|clearpoke\n|poke|p1|Jumpluff, F|\n|poke|p1|Noctowl, M|\n|poke|p1|Samurott-Hisui, F|\n|poke|p1|Haxorus, M|\n|poke|p1|Gholdengo|\n|poke|p2|Drednaw, F|\n|poke|p2|Chandelure, M|\n|poke|p2|Krookodile, F|\n|poke|p2|Grafaiai, F|\n|poke|p2|Gardevoir, M|\n|teampreview\n|j|*Lady Monita \u2746\n|inactive|TheGamerBoss also wants the timer to be on.\n|inactive|DabBuster184 also wants the timer to be on.\n|c|\u2606DabBuster184|glhf\n|c|\u2606TheGamerBoss|u2\n|j| StanleyClean\n|\n|t:|1700431538\n|start\n|switch|p1a: Samurott|Samurott-Hisui, F, shiny|100\/100\n|switch|p2a: Grafaiai|Grafaiai, F|100\/100\n|turn|1\n|\n|t:|1700431547\n|move|p1a: Samurott|Ceaseless Edge|p2a: Grafaiai|[miss]\n|-miss|p1a: Samurott|p2a: Grafaiai\n|move|p2a: Grafaiai|Super Fang|p1a: Samurott\n|-damage|p1a: Samurott|51\/100\n|\n|upkeep\n|turn|2\n|j| E4Everyone\n|\n|t:|1700431557\n|switch|p2a: Gardevoir|Gardevoir, M|100\/100\n|-ability|p2a: Gardevoir|Sharpness|[from] ability: Trace|[of] p1a: Samurott\n|move|p1a: Samurott|Ceaseless Edge|p2a: Gardevoir\n|-damage|p2a: Gardevoir|6\/100\n|-sidestart|p2: DabBuster184|Spikes\n|-damage|p1a: Samurott|41\/100|[from] item: Life Orb\n|\n|-heal|p2a: Gardevoir|12\/100|[from] item: Leftovers\n|upkeep\n|turn|3\n|l| E4Everyone\n|\n|t:|1700431569\n|move|p1a: Samurott|Aqua Jet|p2a: Gardevoir\n|-damage|p2a: Gardevoir|0 fnt\n|faint|p2a: Gardevoir\n|-damage|p1a: Samurott|31\/100|[from] item: Life Orb\n|\n|upkeep\n|j| FlimFlamGlorious\n|\n|t:|1700431587\n|switch|p2a: Chandelure|Chandelure, M|100\/100\n|-damage|p2a: Chandelure|88\/100|[from] Spikes\n|turn|4\n|\n|t:|1700431593\n|-terastallize|p2a: Chandelure|Grass\n|move|p1a: Samurott|Aqua Jet|p2a: Chandelure\n|-resisted|p2a: Chandelure\n|-crit|p2a: Chandelure\n|-damage|p2a: Chandelure|63\/100\n|-damage|p1a: Samurott|21\/100|[from] item: Life Orb\n|move|p2a: Chandelure|Energy Ball|p1a: Samurott\n|-supereffective|p1a: Samurott\n|-damage|p1a: Samurott|0 fnt\n|faint|p1a: Samurott\n|\n|upkeep\n|\n|t:|1700431609\n|switch|p1a: Jumpluff|Jumpluff, F, shiny|100\/100\n|turn|5\n|\n|t:|1700431619\n|move|p1a: Jumpluff|Fling|p2a: Chandelure\n|-damage|p2a: Chandelure|43\/100\n|-status|p2a: Chandelure|psn\n|-enditem|p1a: Jumpluff|Poison Barb|[from] move: Fling\n|move|p2a: Chandelure|Flamethrower|p1a: Jumpluff\n|-supereffective|p1a: Jumpluff\n|-damage|p1a: Jumpluff|0 fnt\n|faint|p1a: Jumpluff\n|\n|-damage|p2a: Chandelure|31\/100 psn|[from] psn\n|upkeep\n|\n|t:|1700431632\n|switch|p1a: Gholdengo|Gholdengo, shiny|100\/100\n|turn|6\n|\n|t:|1700431635\n|move|p1a: Gholdengo|Shadow Ball|p2a: Chandelure\n|-damage|p2a: Chandelure|0 fnt\n|faint|p2a: Chandelure\n|\n|upkeep\n|\n|t:|1700431639\n|switch|p2a: Krookodile|Krookodile, F|100\/100\n|-damage|p2a: Krookodile|88\/100|[from] Spikes\n|turn|7\n|\n|t:|1700431644\n|switch|p1a: Noctowl|Noctowl, M, shiny|100\/100\n|move|p2a: Krookodile|Crunch|p1a: Noctowl\n|-damage|p1a: Noctowl|67\/100\n|\n|-heal|p2a: Krookodile|94\/100|[from] item: Leftovers\n|-heal|p1a: Noctowl|73\/100|[from] item: Leftovers\n|upkeep\n|turn|8\n|\n|t:|1700431650\n|switch|p2a: Drednaw|Drednaw, F|100\/100\n|-damage|p2a: Drednaw|88\/100|[from] Spikes\n|move|p1a: Noctowl|Moonblast|p2a: Drednaw\n|-damage|p2a: Drednaw|62\/100\n|\n|-heal|p1a: Noctowl|79\/100|[from] item: Leftovers\n|upkeep\n|turn|9\n|\n|t:|1700431657\n|move|p2a: Drednaw|Shell Smash|p2a: Drednaw\n|-unboost|p2a: Drednaw|def|1\n|-unboost|p2a: Drednaw|spd|1\n|-boost|p2a: Drednaw|atk|2\n|-boost|p2a: Drednaw|spa|2\n|-boost|p2a: Drednaw|spe|2\n|-enditem|p2a: Drednaw|White Herb\n|-clearnegativeboost|p2a: Drednaw|[silent]\n|move|p1a: Noctowl|Moonblast|p2a: Drednaw\n|-damage|p2a: Drednaw|35\/100\n|-unboost|p2a: Drednaw|spa|1\n|\n|-heal|p1a: Noctowl|85\/100|[from] item: Leftovers\n|upkeep\n|turn|10\n|j| Mawactus\n|\n|t:|1700431668\n|-terastallize|p1a: Noctowl|Steel\n|move|p2a: Drednaw|Stone Edge|p1a: Noctowl\n|-resisted|p1a: Noctowl\n|-damage|p1a: Noctowl|35\/100\n|move|p1a: Noctowl|Moonblast|p2a: Drednaw\n|-damage|p2a: Drednaw|5\/100\n|-unboost|p2a: Drednaw|spa|1\n|\n|-heal|p1a: Noctowl|41\/100|[from] item: Leftovers\n|upkeep\n|turn|11\n|\n|t:|1700431674\n|move|p2a: Drednaw|Earthquake|p1a: Noctowl\n|-supereffective|p1a: Noctowl\n|-damage|p1a: Noctowl|0 fnt\n|faint|p1a: Noctowl\n|\n|upkeep\n|l| Mawactus\n|\n|t:|1700431687\n|switch|p1a: Haxorus|Haxorus, M, shiny|100\/100\n|-ability|p1a: Haxorus|Mold Breaker\n|turn|12\n|\n|t:|1700431697\n|move|p2a: Drednaw|Earthquake|p1a: Haxorus\n|-damage|p1a: Haxorus|17\/100\n|move|p1a: Haxorus|Close Combat|p2a: Drednaw\n|-supereffective|p2a: Drednaw\n|-damage|p2a: Drednaw|0 fnt\n|-unboost|p1a: Haxorus|def|1\n|-unboost|p1a: Haxorus|spd|1\n|faint|p2a: Drednaw\n|\n|upkeep\n|\n|t:|1700431702\n|switch|p2a: Grafaiai|Grafaiai, F|100\/100\n|-damage|p2a: Grafaiai|88\/100|[from] Spikes\n|turn|13\n|\n|t:|1700431714\n|switch|p1a: Gholdengo|Gholdengo, shiny|100\/100\n|move|p2a: Grafaiai|Foul Play|p1a: Gholdengo\n|-supereffective|p1a: Gholdengo\n|-damage|p1a: Gholdengo|74\/100\n|\n|upkeep\n|turn|14\n|\n|t:|1700431721\n|move|p2a: Grafaiai|Parting Shot|p1a: Gholdengo\n|-immune|p1a: Gholdengo|[from] ability: Good as Gold\n|move|p1a: Gholdengo|Trick|p2a: Grafaiai\n|-activate|p1a: Gholdengo|move: Trick|[of] p2a: Grafaiai\n|-item|p2a: Grafaiai|Choice Scarf|[from] move: Trick\n|-item|p1a: Gholdengo|Focus Sash|[from] move: Trick\n|\n|upkeep\n|turn|15\n|\n|t:|1700431735\n|move|p2a: Grafaiai|Foul Play|p1a: Gholdengo\n|-supereffective|p1a: Gholdengo\n|-damage|p1a: Gholdengo|52\/100\n|move|p1a: Gholdengo|Make It Rain|p2a: Grafaiai\n|-damage|p2a: Grafaiai|30\/100\n|-unboost|p1a: Gholdengo|spa|1\n|\n|upkeep\n|turn|16\n|inactive|TheGamerBoss has 120 seconds left.\n|\n|t:|1700431776\n|move|p2a: Grafaiai|Foul Play|p1a: Gholdengo\n|-supereffective|p1a: Gholdengo\n|-damage|p1a: Gholdengo|29\/100\n|move|p1a: Gholdengo|Trick|p2a: Grafaiai\n|-activate|p1a: Gholdengo|move: Trick|[of] p2a: Grafaiai\n|-item|p2a: Grafaiai|Focus Sash|[from] move: Trick\n|-item|p1a: Gholdengo|Choice Scarf|[from] move: Trick\n|\n|upkeep\n|turn|17\n|\n|t:|1700431784\n|switch|p1a: Haxorus|Haxorus, M, shiny|17\/100\n|-ability|p1a: Haxorus|Mold Breaker\n|move|p2a: Grafaiai|Foul Play|p1a: Haxorus\n|-damage|p1a: Haxorus|0 fnt\n|faint|p1a: Haxorus\n|\n|upkeep\n|\n|t:|1700431790\n|switch|p1a: Gholdengo|Gholdengo, shiny|29\/100\n|turn|18\n|\n|t:|1700431794\n|move|p1a: Gholdengo|Make It Rain|p2a: Grafaiai\n|-damage|p2a: Grafaiai|0 fnt\n|-unboost|p1a: Gholdengo|spa|1\n|faint|p2a: Grafaiai\n|\n|upkeep\n|\n|t:|1700431798\n|switch|p2a: Krookodile|Krookodile, F|94\/100\n|-damage|p2a: Krookodile|82\/100|[from] Spikes\n|turn|19\n|\n|t:|1700431802\n|move|p1a: Gholdengo|Make It Rain|p2a: Krookodile\n|-damage|p2a: Krookodile|18\/100\n|-unboost|p1a: Gholdengo|spa|1\n|move|p2a: Krookodile|Earthquake|p1a: Gholdengo\n|-supereffective|p1a: Gholdengo\n|-damage|p1a: Gholdengo|0 fnt\n|faint|p1a: Gholdengo\n|\n|win|DabBuster184\n|n|\u2606TheGamerBoss|thegamerboss\n|n|\u2606DabBuster184|dabbuster184\n|n|*Lady Monita \u2746|ladymonita\n|n| StanleyClean|stanleyclean\n|n| FlimFlamGlorious|flimflamglorious\n","uploadtime":1700431803,"views":7,"p1id":"thegamerboss","p2id":"dabbuster184","formatid":"gen9ou","rating":0,"private":0,"password":""}