{"id":"gen9ou-2000069664","p1":"TheGr8est2EverDoIt","p2":"swumpy mumpus","format":"[Gen 9] OU","log":"|j|\u2606TheGr8est2EverDoIt\n|j|\u2606swumpy mumpus\n|t:|1701149234\n|gametype|singles\n|player|p1|TheGr8est2EverDoIt|lucas|1758\n|player|p2|swumpy mumpus|170|1710\n|teamsize|p1|6\n|teamsize|p2|6\n|gen|9\n|tier|[Gen 9] OU\n|rated|\n|rule|Sleep Clause Mod: Limit one foe put to sleep\n|rule|Species Clause: Limit one of each Pok\u00e9mon\n|rule|OHKO Clause: OHKO moves are banned\n|rule|Evasion Items Clause: Evasion items are banned\n|rule|Evasion Moves Clause: Evasion moves are banned\n|rule|Endless Battle Clause: Forcing endless battles is banned\n|rule|HP Percentage Mod: HP is shown in percentages\n|clearpoke\n|poke|p1|Falinks|\n|poke|p1|Ribombee, F|\n|poke|p1|Gholdengo|\n|poke|p1|Iron Jugulis|\n|poke|p1|Ogerpon-Wellspring, F|\n|poke|p1|Munkidori, M|\n|poke|p2|Articuno|\n|poke|p2|Maushold|\n|poke|p2|Weezing-Galar, F|\n|poke|p2|Garchomp, F|\n|poke|p2|Zarude|\n|poke|p2|Zamazenta-*|\n|teampreview\n|j| SwabbyYabby\n|\n|t:|1701149243\n|start\n|switch|p1a: Ribombee|Ribombee, F|100\/100\n|switch|p2a: Weezing|Weezing-Galar, F|100\/100\n|-fieldstart|move: Misty Terrain|[from] ability: Misty Surge|[of] p2a: Weezing\n|turn|1\n|\n|t:|1701149269\n|move|p1a: Ribombee|Moonblast|p2a: Weezing\n|-resisted|p2a: Weezing\n|-damage|p2a: Weezing|68\/100\n|move|p2a: Weezing|Fire Blast|p1a: Ribombee\n|-supereffective|p1a: Ribombee\n|-damage|p1a: Ribombee|14\/100\n|\n|upkeep\n|turn|2\n|\n|t:|1701149274\n|switch|p2a: Maushold|Maushold|100\/100\n|move|p1a: Ribombee|Sticky Web|p2a: Maushold\n|-sidestart|p2: swumpy mumpus|move: Sticky Web\n|\n|upkeep\n|turn|3\n|\n|t:|1701149279\n|move|p1a: Ribombee|Moonblast|p2a: Maushold\n|-damage|p2a: Maushold|40\/100\n|move|p2a: Maushold|Tidy Up|p2a: Maushold\n|-sideend|p2: swumpy mumpus|Sticky Web\n|-activate|p2a: Maushold|move: Tidy Up\n|-boost|p2a: Maushold|atk|1\n|-boost|p2a: Maushold|spe|1\n|\n|upkeep\n|turn|4\n|j| VicBossMG\n|\n|t:|1701149290\n|switch|p1a: Munkidori|Munkidori, M|100\/100\n|move|p2a: Maushold|Bite|p1a: Munkidori\n|-supereffective|p1a: Munkidori\n|-damage|p1a: Munkidori|5\/100\n|\n|upkeep\n|turn|5\n|\n|t:|1701149294\n|move|p2a: Maushold|Bite|p1a: Munkidori\n|-supereffective|p1a: Munkidori\n|-damage|p1a: Munkidori|0 fnt\n|faint|p1a: Munkidori\n|\n|upkeep\n|\n|t:|1701149296\n|switch|p1a: Gholdengo|Gholdengo|100\/100\n|-item|p1a: Gholdengo|Air Balloon\n|turn|6\n|j| xxCOALLAxx\n|\n|t:|1701149302\n|switch|p2a: Zarude|Zarude|100\/100\n|-enditem|p2a: Zarude|Misty Seed\n|-boost|p2a: Zarude|spd|1|[from] item: Misty Seed\n|move|p1a: Gholdengo|Make It Rain|p2a: Zarude\n|-damage|p2a: Zarude|59\/100\n|-unboost|p1a: Gholdengo|spa|1\n|\n|upkeep\n|turn|7\n|\n|t:|1701149313\n|switch|p1a: Iron Jugulis|Iron Jugulis|100\/100\n|-enditem|p1a: Iron Jugulis|Booster Energy\n|-activate|p1a: Iron Jugulis|ability: Quark Drive|[fromitem]\n|-start|p1a: Iron Jugulis|quarkdrivespe\n|move|p2a: Zarude|Trailblaze|p1a: Iron Jugulis\n|-resisted|p1a: Iron Jugulis\n|-damage|p1a: Iron Jugulis|86\/100\n|-boost|p2a: Zarude|spe|1\n|\n|upkeep\n|turn|8\n|\n|t:|1701149332\n|move|p1a: Iron Jugulis|Hurricane|p2a: Zarude|[miss]\n|-miss|p1a: Iron Jugulis|p2a: Zarude\n|move|p2a: Zarude|Drain Punch|p1a: Iron Jugulis\n|-damage|p1a: Iron Jugulis|56\/100\n|-heal|p2a: Zarude|72\/100|[from] drain|[of] p1a: Iron Jugulis\n|\n|-fieldend|Misty Terrain\n|upkeep\n|turn|9\n|\n|t:|1701149354\n|switch|p2a: Articuno|Articuno|100\/100\n|-ability|p2a: Articuno|Pressure\n|move|p1a: Iron Jugulis|Hurricane|p2a: Articuno\n|-damage|p2a: Articuno|52\/100\n|\n|upkeep\n|turn|10\n|\n|t:|1701149360\n|move|p1a: Iron Jugulis|Hurricane|p2a: Articuno\n|-damage|p2a: Articuno|8\/100\n|-start|p2a: Articuno|confusion\n|-activate|p2a: Articuno|confusion\n|-damage|p2a: Articuno|2\/100|[from] confusion\n|\n|upkeep\n|turn|11\n|\n|t:|1701149365\n|move|p1a: Iron Jugulis|Dark Pulse|p2a: Articuno\n|-damage|p2a: Articuno|0 fnt\n|faint|p2a: Articuno\n|\n|upkeep\n|c| SwabbyYabby|That sucks\n|\n|t:|1701149380\n|switch|p2a: Garchomp|Garchomp, F|100\/100\n|turn|12\n|j| beepbooper5\n|\n|t:|1701149392\n|-end|p1a: Iron Jugulis|Quark Drive|[silent]\n|switch|p1a: Ribombee|Ribombee, F|14\/100\n|move|p2a: Garchomp|Dragon Tail|p1a: Ribombee\n|-immune|p1a: Ribombee\n|\n|upkeep\n|turn|13\n|\n|t:|1701149399\n|move|p1a: Ribombee|Sticky Web|p2a: Garchomp\n|-sidestart|p2: swumpy mumpus|move: Sticky Web\n|move|p2a: Garchomp|Earthquake|p1a: Ribombee\n|-resisted|p1a: Ribombee\n|-damage|p1a: Ribombee|0 fnt\n|faint|p1a: Ribombee\n|\n|upkeep\n|\n|t:|1701149406\n|switch|p1a: Ogerpon|Ogerpon-Wellspring, F|100\/100\n|turn|14\n|\n|t:|1701149408\n|move|p1a: Ogerpon|Ivy Cudgel|p2a: Garchomp|[anim] Ivy Cudgel Water\n|-damage|p2a: Garchomp|54\/100\n|move|p2a: Garchomp|Dragon Tail|p1a: Ogerpon\n|-damage|p1a: Ogerpon|65\/100\n|drag|p1a: Gholdengo|Gholdengo|100\/100\n|-item|p1a: Gholdengo|Air Balloon\n|\n|upkeep\n|turn|15\n|\n|t:|1701149415\n|move|p2a: Garchomp|Stone Edge|p1a: Gholdengo\n|-resisted|p1a: Gholdengo\n|-damage|p1a: Gholdengo|85\/100\n|-enditem|p1a: Gholdengo|Air Balloon\n|move|p1a: Gholdengo|Nasty Plot|p1a: Gholdengo\n|-boost|p1a: Gholdengo|spa|2\n|\n|upkeep\n|turn|16\n|\n|t:|1701149419\n|move|p2a: Garchomp|Earthquake|p1a: Gholdengo\n|-supereffective|p1a: Gholdengo\n|-damage|p1a: Gholdengo|0 fnt\n|faint|p1a: Gholdengo\n|\n|upkeep\n|\n|t:|1701149425\n|switch|p1a: Iron Jugulis|Iron Jugulis|56\/100\n|turn|17\n|\n|t:|1701149427\n|move|p1a: Iron Jugulis|Hurricane|p2a: Garchomp\n|-damage|p2a: Garchomp|5\/100\n|move|p2a: Garchomp|Stone Edge|p1a: Iron Jugulis\n|-supereffective|p1a: Iron Jugulis\n|-damage|p1a: Iron Jugulis|0 fnt\n|faint|p1a: Iron Jugulis\n|-end|p1a: Iron Jugulis|Quark Drive|[silent]\n|\n|upkeep\n|\n|t:|1701149432\n|switch|p1a: Ogerpon|Ogerpon-Wellspring, F|65\/100\n|turn|18\n|\n|t:|1701149435\n|move|p1a: Ogerpon|Ivy Cudgel|p2a: Garchomp|[anim] Ivy Cudgel Water\n|-damage|p2a: Garchomp|0 fnt\n|faint|p2a: Garchomp\n|\n|upkeep\n|\n|t:|1701149440\n|switch|p2a: Zarude|Zarude|72\/100\n|-activate|p2a: Zarude|move: Sticky Web\n|-unboost|p2a: Zarude|spe|1\n|turn|19\n|\n|t:|1701149450\n|move|p1a: Ogerpon|Swords Dance|p1a: Ogerpon\n|-boost|p1a: Ogerpon|atk|2\n|move|p2a: Zarude|Drain Punch|p1a: Ogerpon\n|-damage|p1a: Ogerpon|34\/100\n|-heal|p2a: Zarude|85\/100|[from] drain|[of] p1a: Ogerpon\n|\n|upkeep\n|turn|20\n|j| burgercute\n|\n|t:|1701149455\n|move|p1a: Ogerpon|Horn Leech|p2a: Zarude\n|-resisted|p2a: Zarude\n|-damage|p2a: Zarude|44\/100\n|-heal|p1a: Ogerpon|59\/100|[from] drain|[of] p2a: Zarude\n|move|p2a: Zarude|Knock Off|p1a: Ogerpon\n|-damage|p1a: Ogerpon|16\/100\n|\n|upkeep\n|turn|21\n|\n|t:|1701149465\n|move|p1a: Ogerpon|Ivy Cudgel|p2a: Zarude|[anim] Ivy Cudgel Water\n|-resisted|p2a: Zarude\n|-damage|p2a: Zarude|0 fnt\n|faint|p2a: Zarude\n|\n|upkeep\n|\n|t:|1701149471\n|switch|p2a: Zamazenta|Zamazenta|100\/100\n|-activate|p2a: Zamazenta|move: Sticky Web\n|-unboost|p2a: Zamazenta|spe|1\n|-ability|p2a: Zamazenta|Dauntless Shield|boost\n|-boost|p2a: Zamazenta|def|1\n|turn|22\n|\n|t:|1701149478\n|-terastallize|p1a: Ogerpon|Water\n|detailschange|p1a: Ogerpon|Ogerpon-Wellspring-Tera, F, tera:Water\n|-ability|p1a: Ogerpon|Embody Aspect (Wellspring)|boost\n|-boost|p1a: Ogerpon|spd|1\n|move|p1a: Ogerpon|Ivy Cudgel|p2a: Zamazenta|[anim] Ivy Cudgel Water\n|-damage|p2a: Zamazenta|10\/100\n|move|p2a: Zamazenta|Body Press|p1a: Ogerpon\n|-damage|p1a: Ogerpon|0 fnt\n|faint|p1a: Ogerpon\n|\n|-heal|p2a: Zamazenta|16\/100|[from] item: Leftovers\n|upkeep\n|\n|t:|1701149480\n|switch|p1a: Falinks|Falinks|100\/100\n|turn|23\n|\n|t:|1701149486\n|move|p1a: Falinks|No Retreat|p1a: Falinks\n|-boost|p1a: Falinks|atk|1\n|-boost|p1a: Falinks|def|1\n|-boost|p1a: Falinks|spa|1\n|-boost|p1a: Falinks|spd|1\n|-boost|p1a: Falinks|spe|1\n|-start|p1a: Falinks|move: No Retreat\n|move|p2a: Zamazenta|Body Press|p1a: Falinks\n|-damage|p1a: Falinks|54\/100\n|\n|-heal|p2a: Zamazenta|22\/100|[from] item: Leftovers\n|upkeep\n|turn|24\n|\n|t:|1701149488\n|move|p1a: Falinks|Zen Headbutt|p2a: Zamazenta\n|-supereffective|p2a: Zamazenta\n|-damage|p2a: Zamazenta|0 fnt\n|faint|p2a: Zamazenta\n|-damage|p1a: Falinks|44\/100|[from] item: Life Orb\n|\n|upkeep\n|\n|t:|1701149490\n|switch|p2a: Weezing|Weezing-Galar, F|68\/100\n|-activate|p2a: Weezing|move: Sticky Web\n|-unboost|p2a: Weezing|spe|1\n|-fieldstart|move: Misty Terrain|[from] ability: Misty Surge|[of] p2a: Weezing\n|turn|25\n|\n|t:|1701149496\n|move|p1a: Falinks|Zen Headbutt|p2a: Weezing\n|-supereffective|p2a: Weezing\n|-damage|p2a: Weezing|0 fnt\n|faint|p2a: Weezing\n|-damage|p1a: Falinks|34\/100|[from] item: Life Orb\n|\n|upkeep\n|\n|t:|1701149499\n|switch|p2a: Maushold|Maushold|40\/100\n|-activate|p2a: Maushold|move: Sticky Web\n|-unboost|p2a: Maushold|spe|1\n|turn|26\n|\n|t:|1701149502\n|-terastallize|p2a: Maushold|Ghost\n|move|p1a: Falinks|Knock Off|p2a: Maushold\n|-supereffective|p2a: Maushold\n|-damage|p2a: Maushold|0 fnt\n|-enditem|p2a: Maushold|Wide Lens|[from] move: Knock Off|[of] p1a: Falinks\n|faint|p2a: Maushold\n|-damage|p1a: Falinks|24\/100|[from] item: Life Orb\n|\n|win|TheGr8est2EverDoIt\n|raw|TheGr8est2EverDoIt's rating: 1758 &rarr; <strong>1775<\/strong><br \/>(+17 for winning)\n|raw|swumpy mumpus's rating: 1710 &rarr; <strong>1693<\/strong><br \/>(-17 for losing)\n|c|\u2606TheGr8est2EverDoIt|gg\n|c|\u2606swumpy mumpus|gg\n|l|\u2606swumpy mumpus\n|l| VicBossMG\n","uploadtime":1701149535,"views":5,"p1id":"thegr8est2everdoit","p2id":"swumpymumpus","formatid":"gen9ou","rating":1693,"private":0,"password":""}