{"id":"gen9ou-1997871727","p1":"yamatophone","p2":"SnailYaLater","format":"[Gen 9] OU","log":"|j|\u2606yamatophone\n|j|\u2606SnailYaLater\n|t:|1700862041\n|gametype|singles\n|player|p1|yamatophone|cilan|1363\n|player|p2|SnailYaLater|blue-gen1champion|1373\n|teamsize|p1|6\n|teamsize|p2|6\n|gen|9\n|tier|[Gen 9] OU\n|rated|\n|rule|Sleep Clause Mod: Limit one foe put to sleep\n|rule|Species Clause: Limit one of each Pok\u00e9mon\n|rule|OHKO Clause: OHKO moves are banned\n|rule|Evasion Items Clause: Evasion items are banned\n|rule|Evasion Moves Clause: Evasion moves are banned\n|rule|Endless Battle Clause: Forcing endless battles is banned\n|rule|HP Percentage Mod: HP is shown in percentages\n|clearpoke\n|poke|p1|Kingambit, M|\n|poke|p1|Glimmora, M|\n|poke|p1|Zamazenta-*|\n|poke|p1|Iron Valiant|\n|poke|p1|Iron Moth|\n|poke|p1|Ogerpon-Wellspring, F|\n|poke|p2|Clefable, M|\n|poke|p2|Blissey, F|\n|poke|p2|Alomomola, M|\n|poke|p2|Coalossal, M|\n|poke|p2|Trevenant, F|\n|poke|p2|Clodsire, M|\n|teampreview\n|\n|t:|1700862056\n|start\n|switch|p1a: Zamazenta|Zamazenta|100\/100\n|switch|p2a: KneelPeasant|Coalossal, M, shiny|100\/100\n|-ability|p1a: Zamazenta|Dauntless Shield|boost\n|-boost|p1a: Zamazenta|def|1\n|turn|1\n|\n|t:|1700862086\n|-terastallize|p1a: Zamazenta|Fire\n|-terastallize|p2a: KneelPeasant|Dragon\n|move|p1a: Zamazenta|Iron Defense|p1a: Zamazenta\n|-boost|p1a: Zamazenta|def|2\n|move|p2a: KneelPeasant|Spikes|p1a: Zamazenta\n|-sidestart|p1: yamatophone|Spikes\n|\n|upkeep\n|turn|2\n|\n|t:|1700862108\n|move|p1a: Zamazenta|Body Press|p2a: KneelPeasant\n|-damage|p2a: KneelPeasant|54\/100\n|move|p2a: KneelPeasant|Spikes|p1a: Zamazenta\n|-sidestart|p1: yamatophone|Spikes\n|\n|upkeep\n|turn|3\n|\n|t:|1700862115\n|switch|p2a: Ghost of Stall|Trevenant, F, shiny|100\/100\n|move|p1a: Zamazenta|Body Press|p2a: Ghost of Stall\n|-immune|p2a: Ghost of Stall\n|\n|upkeep\n|turn|4\n|\n|t:|1700862121\n|move|p1a: Zamazenta|Crunch|p2a: Ghost of Stall\n|-supereffective|p2a: Ghost of Stall\n|-damage|p2a: Ghost of Stall|56\/100\n|move|p2a: Ghost of Stall|Leech Seed|p1a: Zamazenta\n|-start|p1a: Zamazenta|move: Leech Seed\n|\n|-damage|p1a: Zamazenta|88\/100|[from] Leech Seed|[of] p2a: Ghost of Stall\n|-heal|p2a: Ghost of Stall|67\/100|[silent]\n|upkeep\n|turn|5\n|\n|t:|1700862129\n|move|p1a: Zamazenta|Crunch|p2a: Ghost of Stall\n|-supereffective|p2a: Ghost of Stall\n|-damage|p2a: Ghost of Stall|25\/100\n|-unboost|p2a: Ghost of Stall|def|1\n|-enditem|p2a: Ghost of Stall|Sitrus Berry|[eat]\n|-heal|p2a: Ghost of Stall|50\/100|[from] item: Sitrus Berry\n|move|p2a: Ghost of Stall|Substitute|p2a: Ghost of Stall\n|-start|p2a: Ghost of Stall|Substitute\n|-damage|p2a: Ghost of Stall|25\/100\n|\n|-heal|p1a: Zamazenta|94\/100|[from] item: Leftovers\n|-damage|p1a: Zamazenta|82\/100|[from] Leech Seed|[of] p2a: Ghost of Stall\n|-heal|p2a: Ghost of Stall|36\/100|[silent]\n|-item|p2a: Ghost of Stall|Sitrus Berry|[from] ability: Harvest\n|upkeep\n|-enditem|p2a: Ghost of Stall|Sitrus Berry|[eat]\n|-heal|p2a: Ghost of Stall|61\/100|[from] item: Sitrus Berry\n|turn|6\n|\n|t:|1700862138\n|move|p1a: Zamazenta|Crunch|p2a: Ghost of Stall\n|-supereffective|p2a: Ghost of Stall\n|-end|p2a: Ghost of Stall|Substitute\n|move|p2a: Ghost of Stall|Substitute|p2a: Ghost of Stall\n|-start|p2a: Ghost of Stall|Substitute\n|-damage|p2a: Ghost of Stall|36\/100\n|\n|-heal|p1a: Zamazenta|88\/100|[from] item: Leftovers\n|-damage|p1a: Zamazenta|76\/100|[from] Leech Seed|[of] p2a: Ghost of Stall\n|-heal|p2a: Ghost of Stall|46\/100|[silent]\n|upkeep\n|turn|7\n|\n|t:|1700862146\n|move|p1a: Zamazenta|Crunch|p2a: Ghost of Stall\n|-supereffective|p2a: Ghost of Stall\n|-end|p2a: Ghost of Stall|Substitute\n|move|p2a: Ghost of Stall|Substitute|p2a: Ghost of Stall\n|-start|p2a: Ghost of Stall|Substitute\n|-damage|p2a: Ghost of Stall|21\/100\n|\n|-heal|p1a: Zamazenta|82\/100|[from] item: Leftovers\n|-damage|p1a: Zamazenta|70\/100|[from] Leech Seed|[of] p2a: Ghost of Stall\n|-heal|p2a: Ghost of Stall|32\/100|[silent]\n|-item|p2a: Ghost of Stall|Sitrus Berry|[from] ability: Harvest\n|upkeep\n|-enditem|p2a: Ghost of Stall|Sitrus Berry|[eat]\n|-heal|p2a: Ghost of Stall|57\/100|[from] item: Sitrus Berry\n|turn|8\n|\n|t:|1700862149\n|move|p1a: Zamazenta|Crunch|p2a: Ghost of Stall\n|-supereffective|p2a: Ghost of Stall\n|-end|p2a: Ghost of Stall|Substitute\n|move|p2a: Ghost of Stall|Substitute|p2a: Ghost of Stall\n|-start|p2a: Ghost of Stall|Substitute\n|-damage|p2a: Ghost of Stall|32\/100\n|\n|-heal|p1a: Zamazenta|76\/100|[from] item: Leftovers\n|-damage|p1a: Zamazenta|64\/100|[from] Leech Seed|[of] p2a: Ghost of Stall\n|-heal|p2a: Ghost of Stall|43\/100|[silent]\n|upkeep\n|turn|9\n|\n|t:|1700862152\n|move|p1a: Zamazenta|Crunch|p2a: Ghost of Stall\n|-supereffective|p2a: Ghost of Stall\n|-end|p2a: Ghost of Stall|Substitute\n|move|p2a: Ghost of Stall|Substitute|p2a: Ghost of Stall\n|-start|p2a: Ghost of Stall|Substitute\n|-damage|p2a: Ghost of Stall|18\/100\n|\n|-heal|p1a: Zamazenta|70\/100|[from] item: Leftovers\n|-damage|p1a: Zamazenta|57\/100|[from] Leech Seed|[of] p2a: Ghost of Stall\n|-heal|p2a: Ghost of Stall|29\/100|[silent]\n|upkeep\n|turn|10\n|\n|t:|1700862161\n|move|p1a: Zamazenta|Crunch|p2a: Ghost of Stall\n|-supereffective|p2a: Ghost of Stall\n|-end|p2a: Ghost of Stall|Substitute\n|move|p2a: Ghost of Stall|Knock Off|p1a: Zamazenta\n|-damage|p1a: Zamazenta|48\/100\n|-enditem|p1a: Zamazenta|Leftovers|[from] move: Knock Off|[of] p2a: Ghost of Stall\n|\n|-damage|p1a: Zamazenta|36\/100|[from] Leech Seed|[of] p2a: Ghost of Stall\n|-heal|p2a: Ghost of Stall|39\/100|[silent]\n|upkeep\n|turn|11\n|\n|t:|1700862178\n|switch|p2a: Quagsire6.9|Alomomola, M, shiny|100\/100\n|move|p1a: Zamazenta|Crunch|p2a: Quagsire6.9\n|-damage|p2a: Quagsire6.9|86\/100\n|\n|-damage|p1a: Zamazenta|24\/100|[from] Leech Seed|[of] p2a: Quagsire6.9\n|-heal|p2a: Quagsire6.9|94\/100|[silent]\n|upkeep\n|turn|12\n|\n|t:|1700862195\n|switch|p1a: Glimmora|Glimmora, M|100\/100\n|-damage|p1a: Glimmora|84\/100|[from] Spikes\n|move|p2a: Quagsire6.9|Flip Turn|p1a: Glimmora\n|-supereffective|p1a: Glimmora\n|-damage|p1a: Glimmora|49\/100\n|-activate|p1a: Glimmora|ability: Toxic Debris\n|-sidestart|p2: SnailYaLater|move: Toxic Spikes\n|\n|t:|1700862213\n|switch|p2a: Ghost of Stall|Trevenant, F, shiny|39\/100|[from] Flip Turn\n|-status|p2a: Ghost of Stall|psn\n|\n|-damage|p2a: Ghost of Stall|27\/100 psn|[from] psn\n|upkeep\n|turn|13\n|\n|t:|1700862228\n|switch|p2a: Mcmuffin|Blissey, F, shiny|100\/100\n|move|p1a: Glimmora|Power Gem|p2a: Mcmuffin\n|-damage|p2a: Mcmuffin|85\/100\n|\n|upkeep\n|turn|14\n|\n|t:|1700862236\n|move|p1a: Glimmora|Mortal Spin|p2a: Mcmuffin\n|-damage|p2a: Mcmuffin|79\/100\n|-status|p2a: Mcmuffin|psn\n|-sideend|p1: yamatophone|Spikes|[from] move: Mortal Spin|[of] p1a: Glimmora\n|move|p2a: Mcmuffin|Thunder Wave|p1a: Glimmora\n|-status|p1a: Glimmora|par\n|\n|-damage|p2a: Mcmuffin|67\/100 psn|[from] psn\n|upkeep\n|turn|15\n|\n|t:|1700862241\n|move|p1a: Glimmora|Stealth Rock|p2a: Mcmuffin\n|-sidestart|p2: SnailYaLater|move: Stealth Rock\n|move|p2a: Mcmuffin|Stealth Rock|p1a: Glimmora\n|-sidestart|p1: yamatophone|move: Stealth Rock\n|\n|-damage|p2a: Mcmuffin|54\/100 psn|[from] psn\n|upkeep\n|turn|16\n|\n|t:|1700862244\n|move|p1a: Glimmora|Mortal Spin|p2a: Mcmuffin\n|-damage|p2a: Mcmuffin|48\/100 psn\n|-sideend|p1: yamatophone|Stealth Rock|[from] move: Mortal Spin|[of] p1a: Glimmora\n|move|p2a: Mcmuffin|Soft-Boiled|p2a: Mcmuffin\n|-heal|p2a: Mcmuffin|98\/100 psn\n|\n|-damage|p2a: Mcmuffin|86\/100 psn|[from] psn\n|upkeep\n|turn|17\n|\n|t:|1700862264\n|switch|p1a: Zamazenta|Zamazenta, tera:Fire|24\/100\n|-curestatus|p2a: Mcmuffin|psn|[from] ability: Natural Cure\n|switch|p2a: Quagsire2.0|Clodsire, M, shiny|100\/100\n|-sideend|p2: SnailYaLater|move: Toxic Spikes|[of] p2a: Quagsire2.0\n|-damage|p2a: Quagsire2.0|94\/100|[from] Stealth Rock\n|\n|-heal|p2a: Quagsire2.0|100\/100|[from] item: Leftovers\n|upkeep\n|turn|18\n|\n|t:|1700862287\n|switch|p1a: Ogerpon|Ogerpon-Wellspring, F|100\/100\n|move|p2a: Quagsire2.0|Spikes|p1a: Ogerpon\n|-sidestart|p1: yamatophone|Spikes\n|\n|upkeep\n|turn|19\n|\n|t:|1700862297\n|move|p1a: Ogerpon|Ivy Cudgel|p2a: Quagsire2.0|[anim] Ivy Cudgel Water\n|-supereffective|p2a: Quagsire2.0\n|-damage|p2a: Quagsire2.0|0 fnt\n|faint|p2a: Quagsire2.0\n|\n|upkeep\n|\n|t:|1700862301\n|switch|p2a: Mcmuffin|Blissey, F, shiny|86\/100\n|turn|20\n|\n|t:|1700862306\n|switch|p1a: Glimmora|Glimmora, M|49\/100 par\n|-damage|p1a: Glimmora|36\/100 par|[from] Spikes\n|move|p2a: Mcmuffin|Seismic Toss|p1a: Glimmora\n|-damage|p1a: Glimmora|4\/100 par\n|-activate|p1a: Glimmora|ability: Toxic Debris\n|-sidestart|p2: SnailYaLater|move: Toxic Spikes\n|\n|upkeep\n|turn|21\n|\n|t:|1700862309\n|move|p1a: Glimmora|Mortal Spin|p2a: Mcmuffin\n|-crit|p2a: Mcmuffin\n|-damage|p2a: Mcmuffin|77\/100\n|-status|p2a: Mcmuffin|psn\n|-sideend|p1: yamatophone|Spikes|[from] move: Mortal Spin|[of] p1a: Glimmora\n|move|p2a: Mcmuffin|Seismic Toss|p1a: Glimmora\n|-damage|p1a: Glimmora|0 fnt\n|-activate|p1a: Glimmora|ability: Toxic Debris\n|-sidestart|p2: SnailYaLater|move: Toxic Spikes\n|faint|p1a: Glimmora\n|\n|-damage|p2a: Mcmuffin|65\/100 psn|[from] psn\n|upkeep\n|\n|t:|1700862316\n|switch|p1a: Zamazenta|Zamazenta, tera:Fire|24\/100\n|turn|22\n|\n|t:|1700862323\n|-curestatus|p2a: Mcmuffin|psn|[from] ability: Natural Cure\n|switch|p2a: Quagsire6.9|Alomomola, M, shiny|100\/100\n|move|p1a: Zamazenta|Body Press|p2a: Quagsire6.9\n|-damage|p2a: Quagsire6.9|83\/100\n|\n|upkeep\n|turn|23\n|\n|t:|1700862335\n|switch|p1a: Ogerpon|Ogerpon-Wellspring, F|100\/100\n|move|p2a: Quagsire6.9|Wish|p2a: Quagsire6.9\n|\n|upkeep\n|turn|24\n|\n|t:|1700862345\n|switch|p2a: Mcmuffin|Blissey, F, shiny|65\/100\n|move|p1a: Ogerpon|Power Whip|p2a: Mcmuffin\n|-damage|p2a: Mcmuffin|4\/100\n|\n|-heal|p2a: Mcmuffin|42\/100|[from] move: Wish|[wisher] Quagsire6.9\n|upkeep\n|turn|25\n|\n|t:|1700862360\n|switch|p2a: Ghost of Stall|Trevenant, F, shiny|27\/100 psn\n|-damage|p2a: Ghost of Stall|15\/100 psn|[from] Stealth Rock\n|move|p1a: Ogerpon|Ivy Cudgel|p2a: Ghost of Stall|[anim] Ivy Cudgel Water\n|-resisted|p2a: Ghost of Stall\n|-damage|p2a: Ghost of Stall|0 fnt\n|faint|p2a: Ghost of Stall\n|\n|upkeep\n|\n|t:|1700862369\n|switch|p2a: Carl|Clefable, M, shiny|100\/100\n|-damage|p2a: Carl|88\/100|[from] Stealth Rock\n|-status|p2a: Carl|tox\n|turn|26\n|\n|t:|1700862382\n|move|p1a: Ogerpon|Ivy Cudgel|p2a: Carl|[anim] Ivy Cudgel Water\n|-damage|p2a: Carl|45\/100 tox\n|move|p2a: Carl|Moonblast|p1a: Ogerpon\n|-damage|p1a: Ogerpon|66\/100\n|\n|-heal|p2a: Carl|51\/100 tox|[from] item: Leftovers\n|-damage|p2a: Carl|45\/100 tox|[from] psn\n|upkeep\n|turn|27\n|-message|SnailYaLater forfeited.\n|\n|win|yamatophone\n|raw|yamatophone's rating: 1363 &rarr; <strong>1384<\/strong><br \/>(+21 for winning)\n|raw|SnailYaLater's rating: 1373 &rarr; <strong>1352<\/strong><br \/>(-21 for losing)\n|l|\u2606SnailYaLater\n","uploadtime":1700862393,"views":1,"p1id":"yamatophone","p2id":"snailyalater","formatid":"gen9ou","rating":1352,"private":0,"password":""}