{"id":"gen9ou-1993462087","p1":"Ronzi0","p2":"LegacyShowden","format":"[Gen 9] OU","log":"|j|\u2606Ronzi0\n|j|\u2606LegacyShowden\n|t:|1700320833\n|gametype|singles\n|player|p1|Ronzi0|101|1486\n|player|p2|LegacyShowden|rosa|1588\n|teamsize|p1|6\n|teamsize|p2|6\n|gen|9\n|tier|[Gen 9] OU\n|rated|\n|rule|Sleep Clause Mod: Limit one foe put to sleep\n|rule|Species Clause: Limit one of each Pok\u00e9mon\n|rule|OHKO Clause: OHKO moves are banned\n|rule|Evasion Items Clause: Evasion items are banned\n|rule|Evasion Moves Clause: Evasion moves are banned\n|rule|Endless Battle Clause: Forcing endless battles is banned\n|rule|HP Percentage Mod: HP is shown in percentages\n|clearpoke\n|poke|p1|Mandibuzz, F|\n|poke|p1|Slowking-Galar, F|\n|poke|p1|Heatran, F|\n|poke|p1|Rillaboom, F|\n|poke|p1|Dragapult, F|\n|poke|p1|Cresselia, F|\n|poke|p2|Landorus-Therian, M|\n|poke|p2|Samurott-Hisui, M|\n|poke|p2|Dragapult, M|\n|poke|p2|Iron Valiant|\n|poke|p2|Heatran, M|\n|poke|p2|Corviknight, M|\n|teampreview\n|inactive|Battle timer is ON: inactive players will automatically lose when time's up. (requested by LegacyShowden)\n|inactive|Ronzi0 has 120 seconds left.\n|\n|t:|1700320868\n|start\n|switch|p1a: Mandibuzz|Mandibuzz, F|100\/100\n|switch|p2a: Landorus|Landorus-Therian, M|100\/100\n|-ability|p2a: Landorus|Intimidate|boost\n|-unboost|p1a: Mandibuzz|atk|1\n|turn|1\n|\n|t:|1700320878\n|move|p2a: Landorus|U-turn|p1a: Mandibuzz\n|-damage|p1a: Mandibuzz|86\/100\n|\n|t:|1700320880\n|switch|p2a: Corviknight|Corviknight, M, shiny|100\/100|[from] U-turn\n|-ability|p2a: Corviknight|Pressure\n|move|p1a: Mandibuzz|Foul Play|p2a: Corviknight\n|-damage|p2a: Corviknight|82\/100\n|-damage|p1a: Mandibuzz|69\/100|[from] item: Rocky Helmet|[of] p2a: Corviknight\n|\n|upkeep\n|turn|2\n|\n|t:|1700320890\n|move|p1a: Mandibuzz|Roost|p1a: Mandibuzz\n|-heal|p1a: Mandibuzz|100\/100\n|-singleturn|p1a: Mandibuzz|move: Roost\n|move|p2a: Corviknight|U-turn|p1a: Mandibuzz\n|-supereffective|p1a: Mandibuzz\n|-damage|p1a: Mandibuzz|84\/100\n|\n|t:|1700320896\n|switch|p2a: Heatran|Heatran, M, shiny|100\/100|[from] U-turn\n|\n|upkeep\n|turn|3\n|\n|t:|1700320901\n|move|p1a: Mandibuzz|U-turn|p2a: Heatran\n|-resisted|p2a: Heatran\n|-damage|p2a: Heatran|99\/100\n|\n|t:|1700320904\n|switch|p1a: Heatran|Heatran, F|100\/100|[from] U-turn\n|move|p2a: Heatran|Will-O-Wisp|p1a: Heatran\n|-start|p1a: Heatran|ability: Flash Fire\n|\n|-heal|p2a: Heatran|100\/100|[from] item: Leftovers\n|upkeep\n|turn|4\n|\n|t:|1700320915\n|move|p1a: Heatran|Stealth Rock|p2a: Heatran\n|-sidestart|p2: LegacyShowden|move: Stealth Rock\n|move|p2a: Heatran|Earth Power|p1a: Heatran\n|-supereffective|p1a: Heatran\n|-damage|p1a: Heatran|0 fnt\n|faint|p1a: Heatran\n|\n|upkeep\n|inactive|Ronzi0 has 120 seconds left.\n|\n|t:|1700320942\n|switch|p1a: Slowking|Slowking-Galar, F, shiny|100\/100\n|turn|5\n|\n|t:|1700320950\n|move|p2a: Heatran|Taunt|p1a: Slowking\n|-start|p1a: Slowking|move: Taunt\n|cant|p1a: Slowking|move: Taunt|Thunder Wave\n|\n|upkeep\n|turn|6\n|\n|t:|1700320953\n|move|p2a: Heatran|Will-O-Wisp|p1a: Slowking\n|-status|p1a: Slowking|brn\n|move|p1a: Slowking|Future Sight|p2a: Heatran\n|-start|p1a: Slowking|move: Future Sight\n|\n|-damage|p1a: Slowking|94\/100 brn|[from] brn\n|upkeep\n|turn|7\n|inactive|Ronzi0 has 120 seconds left.\n|\n|t:|1700320985\n|switch|p1a: Rillaboom|Rillaboom, F, shiny|100\/100\n|-fieldstart|move: Grassy Terrain|[from] ability: Grassy Surge|[of] p1a: Rillaboom\n|move|p2a: Heatran|Magma Storm|p1a: Rillaboom\n|-supereffective|p1a: Rillaboom\n|-damage|p1a: Rillaboom|0 fnt\n|faint|p1a: Rillaboom\n|\n|upkeep\n|-message|Ronzi0 forfeited.\n|\n|win|LegacyShowden\n|raw|Ronzi0's rating: 1486 &rarr; <strong>1472<\/strong><br \/>(-14 for losing)\n|raw|LegacyShowden's rating: 1588 &rarr; <strong>1602<\/strong><br \/>(+14 for winning)\n|l|\u2606Ronzi0\n","uploadtime":1700320995,"views":9,"p1id":"ronzi0","p2id":"legacyshowden","formatid":"gen9ou","rating":1472,"private":0,"password":""}