{"id":"gen9ou-1994168640","p1":"eebgm","p2":"Celine Fion","format":"[Gen 9] OU","log":"|j|\u2606eebgm\n|j|\u2606Celine Fion\n|t:|1700414785\n|gametype|singles\n|player|p1|eebgm|lady|1236\n|player|p2|Celine Fion|gentleman-gen4|1155\n|teamsize|p1|6\n|teamsize|p2|6\n|gen|9\n|tier|[Gen 9] OU\n|rated|\n|rule|Sleep Clause Mod: Limit one foe put to sleep\n|rule|Species Clause: Limit one of each Pok\u00e9mon\n|rule|OHKO Clause: OHKO moves are banned\n|rule|Evasion Items Clause: Evasion items are banned\n|rule|Evasion Moves Clause: Evasion moves are banned\n|rule|Endless Battle Clause: Forcing endless battles is banned\n|rule|HP Percentage Mod: HP is shown in percentages\n|clearpoke\n|poke|p1|Pelipper, M|\n|poke|p1|Greninja-*, M|\n|poke|p1|Basculegion, M|\n|poke|p1|Zapdos|\n|poke|p1|Sandy Shocks|\n|poke|p1|Scizor, M|\n|poke|p2|Braviary-Hisui, M|\n|poke|p2|Masquerain, M|\n|poke|p2|Gholdengo|\n|poke|p2|Great Tusk|\n|poke|p2|Dragapult, F|\n|poke|p2|Samurott-Hisui, M|\n|teampreview\n|inactive|Battle timer is ON: inactive players will automatically lose when time's up. (requested by eebgm)\n|c|\u2606Celine Fion|gl\n|\n|t:|1700414794\n|start\n|switch|p1a: Sandy Shocks|Sandy Shocks|100\/100\n|switch|p2a: Masquerain|Masquerain, M|100\/100\n|-ability|p2a: Masquerain|Intimidate|boost\n|-unboost|p1a: Sandy Shocks|atk|1\n|-enditem|p1a: Sandy Shocks|Booster Energy\n|-activate|p1a: Sandy Shocks|ability: Protosynthesis|[fromitem]\n|-start|p1a: Sandy Shocks|protosynthesisspe\n|turn|1\n|c|\u2606Celine Fion|raaaaain\n|c|\u2606Celine Fion|here is the fun\n|\n|t:|1700414809\n|move|p1a: Sandy Shocks|Thunderbolt|p2a: Masquerain\n|-supereffective|p2a: Masquerain\n|-enditem|p2a: Masquerain|Focus Sash\n|-damage|p2a: Masquerain|1\/100\n|move|p2a: Masquerain|Sticky Web|p1a: Sandy Shocks\n|-sidestart|p1: eebgm|move: Sticky Web\n|\n|upkeep\n|turn|2\n|\n|t:|1700414823\n|switch|p2a: Great Tusk|Great Tusk|100\/100\n|-enditem|p2a: Great Tusk|Booster Energy\n|-activate|p2a: Great Tusk|ability: Protosynthesis|[fromitem]\n|-start|p2a: Great Tusk|protosynthesisatk\n|move|p1a: Sandy Shocks|Stealth Rock|p2a: Great Tusk\n|-sidestart|p2: Celine Fion|move: Stealth Rock\n|\n|upkeep\n|turn|3\n|\n|t:|1700414832\n|-terastallize|p1a: Sandy Shocks|Ice\n|move|p1a: Sandy Shocks|Tera Blast|p2a: Great Tusk|[anim] Tera Blast Ice\n|-supereffective|p2a: Great Tusk\n|-damage|p2a: Great Tusk|0 fnt\n|faint|p2a: Great Tusk\n|-end|p2a: Great Tusk|Protosynthesis|[silent]\n|\n|upkeep\n|inactive|Celine Fion has 120 seconds left.\n|\n|t:|1700414866\n|switch|p2a: Gholdengo|Gholdengo|100\/100\n|-damage|p2a: Gholdengo|94\/100|[from] Stealth Rock\n|-item|p2a: Gholdengo|Air Balloon\n|turn|4\n|\n|t:|1700414873\n|move|p1a: Sandy Shocks|Thunderbolt|p2a: Gholdengo\n|-damage|p2a: Gholdengo|42\/100\n|-status|p2a: Gholdengo|par\n|-enditem|p2a: Gholdengo|Air Balloon\n|cant|p2a: Gholdengo|par\n|\n|upkeep\n|turn|5\n|\n|t:|1700414881\n|move|p1a: Sandy Shocks|Earth Power|p2a: Gholdengo\n|-supereffective|p2a: Gholdengo\n|-damage|p2a: Gholdengo|0 fnt\n|faint|p2a: Gholdengo\n|\n|upkeep\n|c|\u2606Celine Fion|this is too much\n|\n|t:|1700414896\n|switch|p2a: Samurott|Samurott-Hisui, M|100\/100\n|-damage|p2a: Samurott|88\/100|[from] Stealth Rock\n|turn|6\n|\n|t:|1700414900\n|-terastallize|p2a: Samurott|Fire\n|move|p1a: Sandy Shocks|Thunderbolt|p2a: Samurott\n|-damage|p2a: Samurott|28\/100\n|move|p2a: Samurott|Tera Blast|p1a: Sandy Shocks|[anim] Tera Blast Fire\n|-supereffective|p1a: Sandy Shocks\n|-damage|p1a: Sandy Shocks|14\/100\n|\n|upkeep\n|turn|7\n|\n|t:|1700414910\n|move|p1a: Sandy Shocks|Thunderbolt|p2a: Samurott\n|-damage|p2a: Samurott|0 fnt\n|faint|p2a: Samurott\n|\n|upkeep\n|\n|t:|1700414921\n|switch|p2a: Dragapult|Dragapult, F|100\/100\n|-damage|p2a: Dragapult|88\/100|[from] Stealth Rock\n|turn|8\n|\n|t:|1700414927\n|move|p1a: Sandy Shocks|Tera Blast|p2a: Dragapult|[anim] Tera Blast Ice\n|-supereffective|p2a: Dragapult\n|-damage|p2a: Dragapult|0 fnt\n|faint|p2a: Dragapult\n|\n|upkeep\n|\n|t:|1700414933\n|switch|p2a: Masquerain|Masquerain, M|1\/100\n|-damage|p2a: Masquerain|0 fnt|[from] Stealth Rock\n|faint|p2a: Masquerain\n|\n|t:|1700414937\n|switch|p2a: Braviary|Braviary-Hisui, M|100\/100\n|-damage|p2a: Braviary|76\/100|[from] Stealth Rock\n|turn|9\n|\n|t:|1700414942\n|move|p1a: Sandy Shocks|Thunderbolt|p2a: Braviary\n|-supereffective|p2a: Braviary\n|-damage|p2a: Braviary|0 fnt\n|faint|p2a: Braviary\n|\n|win|eebgm\n|raw|eebgm's rating: 1236 &rarr; <strong>1255<\/strong><br \/>(+19 for winning)\n|raw|Celine Fion's rating: 1155 &rarr; <strong>1136<\/strong><br \/>(-19 for losing)\n|l|\u2606Celine Fion\n","uploadtime":1700414953,"views":8,"p1id":"eebgm","p2id":"celinefion","formatid":"gen9ou","rating":1136,"private":0,"password":""}