{"id":"gen9ou-1989952027","p1":"Ikurumasa21","p2":"ChickenTalk2006","format":"[Gen 9] OU","log":"|j|\u2606Ikurumasa21\n|j|\u2606ChickenTalk2006\n|t:|1699909616\n|gametype|singles\n|player|p1|Ikurumasa21|170|1353\n|player|p2|ChickenTalk2006|galacticgrunt|1417\n|teamsize|p1|6\n|teamsize|p2|6\n|gen|9\n|tier|[Gen 9] OU\n|rated|\n|rule|Sleep Clause Mod: Limit one foe put to sleep\n|rule|Species Clause: Limit one of each Pok\u00e9mon\n|rule|OHKO Clause: OHKO moves are banned\n|rule|Evasion Items Clause: Evasion items are banned\n|rule|Evasion Moves Clause: Evasion moves are banned\n|rule|Endless Battle Clause: Forcing endless battles is banned\n|rule|HP Percentage Mod: HP is shown in percentages\n|clearpoke\n|poke|p1|Ogerpon-Cornerstone, F|\n|poke|p1|Great Tusk|\n|poke|p1|Garchomp, M|\n|poke|p1|Hoopa-Unbound|\n|poke|p1|Iron Valiant|\n|poke|p1|Ribombee, M|\n|poke|p2|Ceruledge, M|\n|poke|p2|Slowking-Galar, M|\n|poke|p2|Gengar, M|\n|poke|p2|Cloyster, M|\n|poke|p2|Hydreigon, M|\n|poke|p2|Sableye, M|\n|teampreview\n|inactive|Battle timer is ON: inactive players will automatically lose when time's up. (requested by Ikurumasa21)\n|\n|t:|1699909641\n|start\n|switch|p1a: Ribombee|Ribombee, M|100\/100\n|switch|p2a: Sableye|Sableye, M|100\/100\n|turn|1\n|\n|t:|1699909659\n|switch|p1a: Iron Valiant|Iron Valiant|100\/100\n|move|p2a: Sableye|Taunt|p1a: Iron Valiant\n|-start|p1a: Iron Valiant|move: Taunt\n|\n|upkeep\n|turn|2\n|\n|t:|1699909669\n|switch|p2a: Slowking|Slowking-Galar, M, shiny|100\/100\n|move|p1a: Iron Valiant|Knock Off|p2a: Slowking\n|-supereffective|p2a: Slowking\n|-damage|p2a: Slowking|56\/100\n|-enditem|p2a: Slowking|Heavy-Duty Boots|[from] move: Knock Off|[of] p1a: Iron Valiant\n|\n|upkeep\n|turn|3\n|\n|t:|1699909687\n|-end|p1a: Iron Valiant|Quark Drive|[silent]\n|switch|p1a: Ribombee|Ribombee, M|100\/100\n|move|p2a: Slowking|Slack Off|p2a: Slowking\n|-heal|p2a: Slowking|100\/100\n|\n|upkeep\n|turn|4\n|\n|t:|1699909692\n|move|p1a: Ribombee|Sticky Web|p2a: Slowking\n|-sidestart|p2: ChickenTalk2006|move: Sticky Web\n|move|p2a: Slowking|Chilly Reception|p2a: Slowking\n|-weather|Snow\n|\n|t:|1699909699\n|switch|p2a: Sableye|Sableye, M|100\/100|[from] Chilly Reception\n|\n|-weather|Snow|[upkeep]\n|upkeep\n|turn|5\n|\n|t:|1699909708\n|move|p2a: Sableye|Encore|p1a: Ribombee\n|-start|p1a: Ribombee|Encore\n|move|p1a: Ribombee|Sticky Web||[still]\n|-fail|p1a: Ribombee\n|\n|-weather|Snow|[upkeep]\n|upkeep\n|turn|6\n|\n|t:|1699909718\n|switch|p1a: Iron Valiant|Iron Valiant|100\/100\n|move|p2a: Sableye|Will-O-Wisp|p1a: Iron Valiant\n|-status|p1a: Iron Valiant|brn\n|\n|-weather|Snow|[upkeep]\n|-damage|p1a: Iron Valiant|94\/100 brn|[from] brn\n|upkeep\n|turn|7\n|\n|t:|1699909724\n|switch|p2a: Slowking|Slowking-Galar, M, shiny|100\/100\n|-activate|p2a: Slowking|move: Sticky Web\n|-unboost|p2a: Slowking|spe|1\n|move|p1a: Iron Valiant|Trick|p2a: Slowking\n|-activate|p1a: Iron Valiant|move: Trick|[of] p2a: Slowking\n|-item|p2a: Slowking|Choice Scarf|[from] move: Trick\n|-enditem|p1a: Iron Valiant|Choice Scarf|[silent]|[from] move: Trick\n|\n|-weather|Snow|[upkeep]\n|-damage|p1a: Iron Valiant|88\/100 brn|[from] brn\n|upkeep\n|turn|8\n|\n|t:|1699909733\n|move|p1a: Iron Valiant|Knock Off|p2a: Slowking\n|-supereffective|p2a: Slowking\n|-damage|p2a: Slowking|77\/100\n|-enditem|p2a: Slowking|Choice Scarf|[from] move: Knock Off|[of] p1a: Iron Valiant\n|move|p2a: Slowking|Chilly Reception|p2a: Slowking\n|\n|t:|1699909746\n|switch|p2a: Sableye|Sableye, M|100\/100|[from] Chilly Reception\n|\n|-weather|none\n|-damage|p1a: Iron Valiant|82\/100 brn|[from] brn\n|upkeep\n|turn|9\n|\n|t:|1699909750\n|switch|p2a: Slowking|Slowking-Galar, M, shiny|77\/100\n|-activate|p2a: Slowking|move: Sticky Web\n|-unboost|p2a: Slowking|spe|1\n|move|p1a: Iron Valiant|Moonblast|p2a: Slowking\n|-resisted|p2a: Slowking\n|-damage|p2a: Slowking|61\/100\n|\n|-damage|p1a: Iron Valiant|76\/100 brn|[from] brn\n|upkeep\n|turn|10\n|\n|t:|1699909763\n|-end|p1a: Iron Valiant|Quark Drive|[silent]\n|switch|p1a: Hoopa|Hoopa-Unbound|100\/100\n|move|p2a: Slowking|Slack Off|p2a: Slowking\n|-heal|p2a: Slowking|100\/100\n|\n|upkeep\n|turn|11\n|\n|t:|1699909768\n|switch|p2a: Hydreigon|Hydreigon, M|100\/100\n|move|p1a: Hoopa|Hyperspace Fury|p2a: Hydreigon\n|-resisted|p2a: Hydreigon\n|-damage|p2a: Hydreigon|77\/100\n|-unboost|p1a: Hoopa|def|1\n|\n|-heal|p2a: Hydreigon|83\/100|[from] item: Leftovers\n|upkeep\n|turn|12\n|\n|t:|1699909775\n|switch|p1a: Ribombee|Ribombee, M|100\/100\n|move|p2a: Hydreigon|U-turn|p1a: Ribombee\n|-resisted|p1a: Ribombee\n|-damage|p1a: Ribombee|87\/100\n|\n|t:|1699909784\n|switch|p2a: Ceruledge|Ceruledge, M|100\/100|[from] U-turn\n|\n|upkeep\n|turn|13\n|\n|t:|1699909790\n|switch|p2a: Sableye|Sableye, M|100\/100\n|move|p1a: Ribombee|Stun Spore|p2a: Sableye\n|-status|p2a: Sableye|par\n|\n|upkeep\n|turn|14\n|\n|t:|1699909795\n|move|p2a: Sableye|Will-O-Wisp|p1a: Ribombee\n|-status|p1a: Ribombee|brn\n|move|p1a: Ribombee|Reflect|p1a: Ribombee\n|-sidestart|p1: Ikurumasa21|Reflect\n|\n|-damage|p1a: Ribombee|81\/100 brn|[from] brn\n|upkeep\n|turn|15\n|\n|t:|1699909799\n|move|p2a: Sableye|Encore|p1a: Ribombee\n|-start|p1a: Ribombee|Encore\n|move|p1a: Ribombee|Reflect||[still]\n|-fail|p1a: Ribombee\n|\n|-damage|p1a: Ribombee|75\/100 brn|[from] brn\n|upkeep\n|turn|16\n|\n|t:|1699909807\n|switch|p1a: Iron Valiant|Iron Valiant|76\/100 brn\n|switch|p2a: Ceruledge|Ceruledge, M|100\/100\n|\n|-damage|p1a: Iron Valiant|69\/100 brn|[from] brn\n|upkeep\n|turn|17\n|\n|t:|1699909815\n|switch|p2a: Slowking|Slowking-Galar, M, shiny|100\/100\n|-activate|p2a: Slowking|move: Sticky Web\n|-unboost|p2a: Slowking|spe|1\n|move|p1a: Iron Valiant|Knock Off|p2a: Slowking\n|-supereffective|p2a: Slowking\n|-damage|p2a: Slowking|83\/100\n|\n|-damage|p1a: Iron Valiant|63\/100 brn|[from] brn\n|upkeep\n|turn|18\n|\n|t:|1699909824\n|-end|p1a: Iron Valiant|Quark Drive|[silent]\n|switch|p1a: Ribombee|Ribombee, M|75\/100 brn\n|move|p2a: Slowking|Chilly Reception|p2a: Slowking\n|-weather|Snow\n|\n|t:|1699909837\n|switch|p2a: Ceruledge|Ceruledge, M|100\/100|[from] Chilly Reception\n|\n|-weather|Snow|[upkeep]\n|-damage|p1a: Ribombee|69\/100 brn|[from] brn\n|upkeep\n|turn|19\n|\n|t:|1699909842\n|switch|p2a: Sableye|Sableye, M|100\/100 par\n|move|p1a: Ribombee|Stun Spore|p2a: Sableye\n|-fail|p2a: Sableye|par\n|\n|-weather|Snow|[upkeep]\n|-damage|p1a: Ribombee|63\/100 brn|[from] brn\n|upkeep\n|turn|20\n|\n|t:|1699909849\n|switch|p1a: Iron Valiant|Iron Valiant|63\/100 brn\n|move|p2a: Sableye|Taunt|p1a: Iron Valiant\n|-start|p1a: Iron Valiant|move: Taunt\n|\n|-weather|Snow|[upkeep]\n|-damage|p1a: Iron Valiant|57\/100 brn|[from] brn\n|upkeep\n|turn|21\n|\n|t:|1699909856\n|switch|p2a: Slowking|Slowking-Galar, M, shiny|83\/100\n|-activate|p2a: Slowking|move: Sticky Web\n|-unboost|p2a: Slowking|spe|1\n|move|p1a: Iron Valiant|Knock Off|p2a: Slowking\n|-supereffective|p2a: Slowking\n|-damage|p2a: Slowking|67\/100\n|\n|-weather|Snow|[upkeep]\n|-damage|p1a: Iron Valiant|51\/100 brn|[from] brn\n|-sideend|p1: Ikurumasa21|Reflect\n|upkeep\n|turn|22\n|\n|t:|1699909862\n|-end|p1a: Iron Valiant|Quark Drive|[silent]\n|switch|p1a: Great Tusk|Great Tusk|100\/100\n|-enditem|p1a: Great Tusk|Booster Energy\n|-activate|p1a: Great Tusk|ability: Protosynthesis|[fromitem]\n|-start|p1a: Great Tusk|protosynthesisatk\n|move|p2a: Slowking|Flamethrower|p1a: Great Tusk\n|-damage|p1a: Great Tusk|68\/100\n|\n|-weather|none\n|upkeep\n|turn|23\n|\n|t:|1699909873\n|switch|p2a: Sableye|Sableye, M|100\/100 par\n|move|p1a: Great Tusk|Rapid Spin|p2a: Sableye\n|-immune|p2a: Sableye\n|\n|upkeep\n|turn|24\n|\n|t:|1699909885\n|-end|p1a: Great Tusk|Protosynthesis|[silent]\n|switch|p1a: Iron Valiant|Iron Valiant|51\/100 brn\n|move|p2a: Sableye|Will-O-Wisp|p1a: Iron Valiant\n|-fail|p1a: Iron Valiant|brn\n|\n|-damage|p1a: Iron Valiant|44\/100 brn|[from] brn\n|upkeep\n|turn|25\n|\n|t:|1699909892\n|switch|p2a: Slowking|Slowking-Galar, M, shiny|67\/100\n|-activate|p2a: Slowking|move: Sticky Web\n|-unboost|p2a: Slowking|spe|1\n|move|p1a: Iron Valiant|Knock Off|p2a: Slowking\n|-supereffective|p2a: Slowking\n|-damage|p2a: Slowking|50\/100\n|\n|-damage|p1a: Iron Valiant|38\/100 brn|[from] brn\n|upkeep\n|turn|26\n|\n|t:|1699909900\n|move|p1a: Iron Valiant|Knock Off|p2a: Slowking\n|-supereffective|p2a: Slowking\n|-damage|p2a: Slowking|33\/100\n|move|p2a: Slowking|Slack Off|p2a: Slowking\n|-heal|p2a: Slowking|83\/100\n|\n|-damage|p1a: Iron Valiant|32\/100 brn|[from] brn\n|upkeep\n|turn|27\n|\n|t:|1699909904\n|-end|p1a: Iron Valiant|Quark Drive|[silent]\n|switch|p1a: Great Tusk|Great Tusk|68\/100\n|move|p2a: Slowking|Flamethrower|p1a: Great Tusk\n|-damage|p1a: Great Tusk|34\/100\n|\n|upkeep\n|turn|28\n|\n|t:|1699909909\n|switch|p2a: Sableye|Sableye, M|100\/100 par\n|move|p1a: Great Tusk|Headlong Rush|p2a: Sableye\n|-damage|p2a: Sableye|37\/100 par\n|-unboost|p1a: Great Tusk|def|1\n|-unboost|p1a: Great Tusk|spd|1\n|\n|upkeep\n|turn|29\n|\n|t:|1699909916\n|-end|p1a: Great Tusk|Protosynthesis|[silent]\n|switch|p1a: Iron Valiant|Iron Valiant|32\/100 brn\n|move|p2a: Sableye|Recover|p2a: Sableye\n|-heal|p2a: Sableye|87\/100 par\n|\n|-damage|p1a: Iron Valiant|26\/100 brn|[from] brn\n|upkeep\n|turn|30\n|\n|t:|1699909920\n|move|p2a: Sableye|Recover|p2a: Sableye\n|-heal|p2a: Sableye|100\/100 par\n|move|p1a: Iron Valiant|Moonblast|p2a: Sableye\n|-supereffective|p2a: Sableye\n|-damage|p2a: Sableye|0 fnt\n|faint|p2a: Sableye\n|\n|-damage|p1a: Iron Valiant|20\/100 brn|[from] brn\n|upkeep\n|\n|t:|1699909930\n|switch|p2a: Ceruledge|Ceruledge, M|100\/100\n|turn|31\n|\n|t:|1699909934\n|move|p2a: Ceruledge|Shadow Sneak|p1a: Iron Valiant\n|-damage|p1a: Iron Valiant|0 fnt\n|faint|p1a: Iron Valiant\n|-end|p1a: Iron Valiant|Quark Drive|[silent]\n|\n|upkeep\n|\n|t:|1699909940\n|switch|p1a: Great Tusk|Great Tusk|34\/100\n|turn|32\n|\n|t:|1699909950\n|-terastallize|p2a: Ceruledge|Bug\n|move|p1a: Great Tusk|Rapid Spin|p2a: Ceruledge\n|-damage|p2a: Ceruledge|80\/100\n|-boost|p1a: Great Tusk|spe|1\n|move|p2a: Ceruledge|Bulk Up|p2a: Ceruledge\n|-boost|p2a: Ceruledge|atk|1\n|-boost|p2a: Ceruledge|def|1\n|\n|upkeep\n|turn|33\n|\n|t:|1699909964\n|move|p1a: Great Tusk|Headlong Rush|p2a: Ceruledge\n|-resisted|p2a: Ceruledge\n|-damage|p2a: Ceruledge|57\/100\n|-unboost|p1a: Great Tusk|def|1\n|-unboost|p1a: Great Tusk|spd|1\n|move|p2a: Ceruledge|Bulk Up|p2a: Ceruledge\n|-boost|p2a: Ceruledge|atk|1\n|-boost|p2a: Ceruledge|def|1\n|\n|upkeep\n|turn|34\n|\n|t:|1699909971\n|move|p1a: Great Tusk|Rapid Spin|p2a: Ceruledge\n|-damage|p2a: Ceruledge|47\/100\n|-boost|p1a: Great Tusk|spe|1\n|move|p2a: Ceruledge|Bitter Blade|p1a: Great Tusk\n|-damage|p1a: Great Tusk|0 fnt\n|-heal|p2a: Ceruledge|64\/100|[from] drain|[of] p1a: Great Tusk\n|faint|p1a: Great Tusk\n|-end|p1a: Great Tusk|Protosynthesis|[silent]\n|\n|upkeep\n|\n|t:|1699909984\n|switch|p1a: Ribombee|Ribombee, M|63\/100 brn\n|turn|35\n|\n|t:|1699909988\n|move|p2a: Ceruledge|Shadow Sneak|p1a: Ribombee\n|-damage|p1a: Ribombee|13\/100 brn\n|move|p1a: Ribombee|Stun Spore|p2a: Ceruledge\n|-status|p2a: Ceruledge|par\n|\n|-damage|p1a: Ribombee|7\/100 brn|[from] brn\n|upkeep\n|turn|36\n|\n|t:|1699909992\n|move|p2a: Ceruledge|Shadow Sneak|p1a: Ribombee\n|-damage|p1a: Ribombee|0 fnt\n|faint|p1a: Ribombee\n|\n|upkeep\n|\n|t:|1699910001\n|switch|p1a: Ogerpon|Ogerpon-Cornerstone, F|100\/100\n|turn|37\n|\n|t:|1699910006\n|move|p1a: Ogerpon|Ivy Cudgel|p2a: Ceruledge\n|-supereffective|p2a: Ceruledge\n|-damage|p2a: Ceruledge|0 fnt\n|faint|p2a: Ceruledge\n|\n|upkeep\n|\n|t:|1699910015\n|switch|p2a: Cloyster|Cloyster, M|100\/100\n|-activate|p2a: Cloyster|move: Sticky Web\n|-unboost|p2a: Cloyster|spe|1\n|turn|38\n|\n|t:|1699910021\n|move|p1a: Ogerpon|Ivy Cudgel|p2a: Cloyster\n|-supereffective|p2a: Cloyster\n|-enditem|p2a: Cloyster|Focus Sash\n|-damage|p2a: Cloyster|1\/100\n|move|p2a: Cloyster|Shell Smash|p2a: Cloyster\n|-unboost|p2a: Cloyster|def|1\n|-unboost|p2a: Cloyster|spd|1\n|-boost|p2a: Cloyster|atk|2\n|-boost|p2a: Cloyster|spa|2\n|-boost|p2a: Cloyster|spe|2\n|\n|upkeep\n|turn|39\n|\n|t:|1699910028\n|move|p1a: Ogerpon|Spiky Shield|p1a: Ogerpon\n|-singleturn|p1a: Ogerpon|move: Protect\n|move|p2a: Cloyster|Icicle Spear|p1a: Ogerpon\n|-activate|p1a: Ogerpon|move: Protect\n|\n|upkeep\n|turn|40\n|\n|t:|1699910039\n|move|p2a: Cloyster|Icicle Spear|p1a: Ogerpon\n|-supereffective|p1a: Ogerpon\n|-damage|p1a: Ogerpon|39\/100\n|-supereffective|p1a: Ogerpon\n|-damage|p1a: Ogerpon|0 fnt\n|faint|p1a: Ogerpon\n|-hitcount|p1: Ogerpon|2\n|\n|upkeep\n|\n|t:|1699910045\n|switch|p1a: Hoopa|Hoopa-Unbound|100\/100\n|turn|41\n|\n|t:|1699910051\n|move|p1a: Hoopa|Psychic|p2a: Cloyster\n|-damage|p2a: Cloyster|0 fnt\n|faint|p2a: Cloyster\n|\n|upkeep\n|\n|t:|1699910057\n|switch|p2a: Hydreigon|Hydreigon, M|83\/100\n|turn|42\n|\n|t:|1699910065\n|move|p1a: Hoopa|Psychic|p2a: Hydreigon\n|-immune|p2a: Hydreigon\n|move|p2a: Hydreigon|Dark Pulse|p1a: Hoopa\n|-damage|p1a: Hoopa|72\/100\n|\n|-heal|p2a: Hydreigon|89\/100|[from] item: Leftovers\n|upkeep\n|turn|43\n|\n|t:|1699910072\n|switch|p1a: Garchomp|Garchomp, M|100\/100\n|move|p2a: Hydreigon|U-turn|p1a: Garchomp\n|-damage|p1a: Garchomp|84\/100\n|-damage|p2a: Hydreigon|77\/100|[from] ability: Rough Skin|[of] p1a: Garchomp\n|\n|t:|1699910080\n|switch|p2a: Gengar|Gengar, M|100\/100|[from] U-turn\n|-activate|p2a: Gengar|move: Sticky Web\n|-unboost|p2a: Gengar|spe|1\n|\n|upkeep\n|turn|44\n|\n|t:|1699910087\n|-terastallize|p1a: Garchomp|Dragon\n|move|p2a: Gengar|Shadow Ball|p1a: Garchomp\n|-damage|p1a: Garchomp|42\/100\n|move|p1a: Garchomp|Scale Shot|p2a: Gengar\n|-damage|p2a: Gengar|67\/100\n|-damage|p2a: Gengar|33\/100\n|-start|p1a: Garchomp|Disable|Scale Shot|[from] ability: Cursed Body|[of] p2a: Gengar\n|-damage|p2a: Gengar|1\/100\n|-damage|p2a: Gengar|0 fnt\n|faint|p2a: Gengar\n|-hitcount|p2: Gengar|4\n|-unboost|p1a: Garchomp|def|1\n|-boost|p1a: Garchomp|spe|1\n|\n|upkeep\n|\n|t:|1699910093\n|switch|p2a: Slowking|Slowking-Galar, M, shiny|83\/100\n|-activate|p2a: Slowking|move: Sticky Web\n|-unboost|p2a: Slowking|spe|1\n|turn|45\n|\n|t:|1699910097\n|move|p1a: Garchomp|Earthquake|p2a: Slowking\n|-supereffective|p2a: Slowking\n|-damage|p2a: Slowking|6\/100\n|move|p2a: Slowking|Flamethrower|p1a: Garchomp\n|-resisted|p1a: Garchomp\n|-damage|p1a: Garchomp|29\/100\n|-status|p1a: Garchomp|brn\n|\n|-damage|p1a: Garchomp|23\/100 brn|[from] brn\n|upkeep\n|turn|46\n|\n|t:|1699910103\n|switch|p2a: Hydreigon|Hydreigon, M|77\/100\n|move|p1a: Garchomp|Earthquake|p2a: Hydreigon\n|-immune|p2a: Hydreigon|[from] ability: Levitate\n|\n|-heal|p2a: Hydreigon|83\/100|[from] item: Leftovers\n|-damage|p1a: Garchomp|17\/100 brn|[from] brn\n|upkeep\n|turn|47\n|\n|t:|1699910109\n|move|p1a: Garchomp|Poison Jab|p2a: Hydreigon\n|-damage|p2a: Hydreigon|70\/100\n|-status|p2a: Hydreigon|psn\n|move|p2a: Hydreigon|Dark Pulse|p1a: Garchomp\n|-damage|p1a: Garchomp|0 fnt\n|faint|p1a: Garchomp\n|\n|-heal|p2a: Hydreigon|77\/100 psn|[from] item: Leftovers\n|-damage|p2a: Hydreigon|64\/100 psn|[from] psn\n|upkeep\n|\n|t:|1699910113\n|switch|p1a: Hoopa|Hoopa-Unbound|72\/100\n|turn|48\n|\n|t:|1699910124\n|move|p1a: Hoopa|Drain Punch|p2a: Hydreigon\n|-supereffective|p2a: Hydreigon\n|-damage|p2a: Hydreigon|18\/100 psn\n|-heal|p1a: Hoopa|100\/100|[from] drain|[of] p2a: Hydreigon\n|move|p2a: Hydreigon|U-turn|p1a: Hoopa\n|-supereffective|p1a: Hoopa\n|-damage|p1a: Hoopa|0 fnt\n|faint|p1a: Hoopa\n|\n|win|ChickenTalk2006\n|raw|Ikurumasa21's rating: 1353 &rarr; <strong>1337<\/strong><br \/>(-16 for losing)\n|raw|ChickenTalk2006's rating: 1417 &rarr; <strong>1433<\/strong><br \/>(+16 for winning)\n","uploadtime":1699910135,"views":9,"p1id":"ikurumasa21","p2id":"chickentalk2006","formatid":"gen9ou","rating":1337,"private":0,"password":""}