{"id":"gen9ou-1993326583","p1":"Welcometoearth420","p2":"Gnetor","format":"[Gen 9] OU","log":"|j|\u2606Welcometoearth420\n|j|\u2606Gnetor\n|t:|1700298951\n|gametype|singles\n|player|p1|Welcometoearth420|170|1439\n|player|p2|Gnetor|pokemaniac|1330\n|teamsize|p1|6\n|teamsize|p2|6\n|gen|9\n|tier|[Gen 9] OU\n|rated|\n|rule|Sleep Clause Mod: Limit one foe put to sleep\n|rule|Species Clause: Limit one of each Pok\u00e9mon\n|rule|OHKO Clause: OHKO moves are banned\n|rule|Evasion Items Clause: Evasion items are banned\n|rule|Evasion Moves Clause: Evasion moves are banned\n|rule|Endless Battle Clause: Forcing endless battles is banned\n|rule|HP Percentage Mod: HP is shown in percentages\n|clearpoke\n|poke|p1|Corviknight, F|\n|poke|p1|Dragapult, M|\n|poke|p1|Slowking-Galar, F|\n|poke|p1|Alomomola, M|\n|poke|p1|Iron Valiant|\n|poke|p1|Tornadus-Therian, M|\n|poke|p2|Dragapult, M|\n|poke|p2|Glimmora, M|\n|poke|p2|Gholdengo|\n|poke|p2|Great Tusk|\n|poke|p2|Enamorus, F|\n|poke|p2|Kingambit, F|\n|teampreview\n|\n|t:|1700298969\n|start\n|switch|p1a: Dragapult|Dragapult, M|100\/100\n|switch|p2a: Glimmora|Glimmora, M|100\/100\n|turn|1\n|\n|t:|1700298986\n|move|p1a: Dragapult|Shadow Ball|p2a: Glimmora\n|-damage|p2a: Glimmora|30\/100\n|-unboost|p2a: Glimmora|spd|1\n|move|p2a: Glimmora|Stealth Rock|p1a: Dragapult\n|-sidestart|p1: Welcometoearth420|move: Stealth Rock\n|\n|upkeep\n|turn|2\n|\n|t:|1700298999\n|move|p1a: Dragapult|Shadow Ball|p2a: Glimmora\n|-damage|p2a: Glimmora|0 fnt\n|faint|p2a: Glimmora\n|\n|upkeep\n|\n|t:|1700299007\n|switch|p2a: Enamorus|Enamorus, F|100\/100\n|turn|3\n|\n|t:|1700299024\n|switch|p1a: Slowking|Slowking-Galar, F|100\/100\n|move|p2a: Enamorus|Moonblast|p1a: Slowking\n|-resisted|p1a: Slowking\n|-damage|p1a: Slowking|77\/100\n|-unboost|p1a: Slowking|spa|1\n|\n|upkeep\n|turn|4\n|\n|t:|1700299044\n|switch|p2a: Gholdengo|Gholdengo|100\/100\n|-item|p2a: Gholdengo|Air Balloon\n|move|p1a: Slowking|Thunder Wave|p2a: Gholdengo\n|-immune|p2a: Gholdengo|[from] ability: Good as Gold\n|\n|upkeep\n|turn|5\n|\n|t:|1700299056\n|switch|p1a: Tornadus|Tornadus-Therian, M|100\/100\n|-damage|p1a: Tornadus|76\/100|[from] Stealth Rock\n|move|p2a: Gholdengo|Shadow Ball|p1a: Tornadus\n|-damage|p1a: Tornadus|55\/100\n|\n|upkeep\n|turn|6\n|\n|t:|1700299064\n|switch|p2a: Dragapult|Dragapult, M|100\/100\n|move|p1a: Tornadus|Heat Wave|p2a: Dragapult\n|-resisted|p2a: Dragapult\n|-damage|p2a: Dragapult|84\/100\n|\n|upkeep\n|turn|7\n|\n|t:|1700299074\n|switch|p1a: Slowking|Slowking-Galar, F|100\/100\n|move|p2a: Dragapult|Will-O-Wisp|p1a: Slowking\n|-status|p1a: Slowking|brn\n|\n|-damage|p1a: Slowking|94\/100 brn|[from] brn\n|upkeep\n|turn|8\n|\n|t:|1700299084\n|switch|p2a: Gholdengo|Gholdengo|100\/100\n|-item|p2a: Gholdengo|Air Balloon\n|move|p1a: Slowking|Thunder Wave|p2a: Gholdengo\n|-immune|p2a: Gholdengo|[from] ability: Good as Gold\n|\n|-damage|p1a: Slowking|88\/100 brn|[from] brn\n|upkeep\n|turn|9\n|\n|t:|1700299092\n|move|p2a: Gholdengo|Shadow Ball|p1a: Slowking\n|-supereffective|p1a: Slowking\n|-damage|p1a: Slowking|41\/100 brn\n|move|p1a: Slowking|Chilly Reception|p1a: Slowking\n|-weather|Snow\n|\n|t:|1700299097\n|switch|p1a: Dragapult|Dragapult, M|100\/100|[from] Chilly Reception\n|-damage|p1a: Dragapult|88\/100|[from] Stealth Rock\n|\n|-weather|Snow|[upkeep]\n|upkeep\n|turn|10\n|\n|t:|1700299105\n|-terastallize|p2a: Gholdengo|Fighting\n|move|p1a: Dragapult|Shadow Ball|p2a: Gholdengo\n|-damage|p2a: Gholdengo|40\/100\n|-enditem|p2a: Gholdengo|Air Balloon\n|move|p2a: Gholdengo|Shadow Ball|p1a: Dragapult\n|-supereffective|p1a: Dragapult\n|-damage|p1a: Dragapult|0 fnt\n|faint|p1a: Dragapult\n|\n|-weather|Snow|[upkeep]\n|upkeep\n|\n|t:|1700299110\n|switch|p1a: Iron Valiant|Iron Valiant|100\/100\n|-damage|p1a: Iron Valiant|94\/100|[from] Stealth Rock\n|-enditem|p1a: Iron Valiant|Booster Energy\n|-activate|p1a: Iron Valiant|ability: Quark Drive|[fromitem]\n|-start|p1a: Iron Valiant|quarkdrivespe\n|turn|11\n|inactive|Battle timer is ON: inactive players will automatically lose when time's up. (requested by Gnetor)\n|\n|t:|1700299121\n|move|p1a: Iron Valiant|Spirit Break|p2a: Gholdengo\n|-supereffective|p2a: Gholdengo\n|-damage|p2a: Gholdengo|0 fnt\n|faint|p2a: Gholdengo\n|\n|-weather|Snow|[upkeep]\n|upkeep\n|\n|t:|1700299131\n|switch|p2a: Enamorus|Enamorus, F|100\/100\n|turn|12\n|\n|t:|1700299145\n|-end|p1a: Iron Valiant|Quark Drive|[silent]\n|switch|p1a: Corviknight|Corviknight, F|100\/100\n|-damage|p1a: Corviknight|88\/100|[from] Stealth Rock\n|move|p2a: Enamorus|Psychic|p1a: Corviknight\n|-resisted|p1a: Corviknight\n|-damage|p1a: Corviknight|66\/100\n|-ability|p1a: Corviknight|Mirror Armor\n|-boost|p2a: Enamorus|spd|1\n|\n|-weather|Snow|[upkeep]\n|upkeep\n|turn|13\n|\n|t:|1700299170\n|switch|p2a: Dragapult|Dragapult, M|84\/100\n|move|p1a: Corviknight|Defog|p2a: Dragapult\n|-unboost|p2a: Dragapult|evasion|1\n|-sideend|p1: Welcometoearth420|Stealth Rock|[from] move: Defog|[of] p1a: Corviknight\n|\n|-weather|none\n|upkeep\n|turn|14\n|\n|t:|1700299179\n|switch|p1a: Tornadus|Tornadus-Therian, M|88\/100\n|move|p2a: Dragapult|Will-O-Wisp|p1a: Tornadus\n|-status|p1a: Tornadus|brn\n|\n|-damage|p1a: Tornadus|82\/100 brn|[from] brn\n|upkeep\n|turn|15\n|\n|t:|1700299187\n|move|p2a: Dragapult|Hex|p1a: Tornadus\n|-damage|p1a: Tornadus|55\/100 brn\n|move|p1a: Tornadus|Hurricane|p2a: Dragapult\n|-damage|p2a: Dragapult|31\/100\n|\n|-damage|p1a: Tornadus|49\/100 brn|[from] brn\n|upkeep\n|turn|16\n|inactive|Gnetor has 120 seconds left.\n|\n|t:|1700299212\n|move|p2a: Dragapult|U-turn|p1a: Tornadus\n|-resisted|p1a: Tornadus\n|-damage|p1a: Tornadus|40\/100 brn\n|inactive|Gnetor has 120 seconds left.\n|\n|t:|1700299229\n|switch|p2a: Kingambit|Kingambit, F|100\/100|[from] U-turn\n|-activate|p2a: Kingambit|ability: Supreme Overlord\n|-start|p2a: Kingambit|fallen2|[silent]\n|move|p1a: Tornadus|Hurricane|p2a: Kingambit\n|-resisted|p2a: Kingambit\n|-damage|p2a: Kingambit|76\/100\n|\n|-heal|p2a: Kingambit|82\/100|[from] item: Leftovers\n|-damage|p1a: Tornadus|34\/100 brn|[from] brn\n|upkeep\n|turn|17\n|\n|t:|1700299237\n|switch|p1a: Corviknight|Corviknight, F|66\/100\n|move|p2a: Kingambit|Sucker Punch||[still]\n|-fail|p2a: Kingambit\n|\n|-heal|p2a: Kingambit|88\/100|[from] item: Leftovers\n|upkeep\n|turn|18\n|\n|t:|1700299242\n|-end|p2a: Kingambit|fallen2|[silent]\n|switch|p2a: Enamorus|Enamorus, F|100\/100\n|move|p1a: Corviknight|Roost|p1a: Corviknight\n|-heal|p1a: Corviknight|100\/100\n|-singleturn|p1a: Corviknight|move: Roost\n|\n|upkeep\n|turn|19\n|\n|t:|1700299252\n|switch|p1a: Slowking|Slowking-Galar, F|74\/100 brn\n|move|p2a: Enamorus|Mystical Fire|p1a: Slowking\n|-damage|p1a: Slowking|51\/100 brn\n|-unboost|p1a: Slowking|spa|1\n|\n|-damage|p1a: Slowking|45\/100 brn|[from] brn\n|upkeep\n|turn|20\n|\n|t:|1700299262\n|move|p2a: Enamorus|Mystical Fire|p1a: Slowking\n|-damage|p1a: Slowking|20\/100 brn\n|-unboost|p1a: Slowking|spa|1\n|move|p1a: Slowking|Thunder Wave|p2a: Enamorus\n|-status|p2a: Enamorus|par\n|\n|-damage|p1a: Slowking|14\/100 brn|[from] brn\n|upkeep\n|turn|21\n|\n|t:|1700299273\n|switch|p1a: Tornadus|Tornadus-Therian, M|67\/100 brn\n|move|p2a: Enamorus|Mystical Fire|p1a: Tornadus\n|-damage|p1a: Tornadus|46\/100 brn\n|-unboost|p1a: Tornadus|spa|1\n|\n|-damage|p1a: Tornadus|40\/100 brn|[from] brn\n|upkeep\n|turn|22\n|\n|t:|1700299277\n|move|p1a: Tornadus|U-turn|p2a: Enamorus\n|-resisted|p2a: Enamorus\n|-crit|p2a: Enamorus\n|-damage|p2a: Enamorus|96\/100 par\n|\n|t:|1700299279\n|switch|p1a: Slowking|Slowking-Galar, F|47\/100 brn|[from] U-turn\n|move|p2a: Enamorus|Mystical Fire|p1a: Slowking\n|-damage|p1a: Slowking|24\/100 brn\n|-unboost|p1a: Slowking|spa|1\n|\n|-damage|p1a: Slowking|18\/100 brn|[from] brn\n|upkeep\n|turn|23\n|\n|t:|1700299292\n|switch|p1a: Tornadus|Tornadus-Therian, M|73\/100 brn\n|move|p2a: Enamorus|Mystical Fire|p1a: Tornadus\n|-damage|p1a: Tornadus|53\/100 brn\n|-unboost|p1a: Tornadus|spa|1\n|\n|-damage|p1a: Tornadus|47\/100 brn|[from] brn\n|upkeep\n|turn|24\n|\n|t:|1700299295\n|move|p1a: Tornadus|Hurricane|p2a: Enamorus|[miss]\n|-miss|p1a: Tornadus|p2a: Enamorus\n|move|p2a: Enamorus|Mystical Fire|p1a: Tornadus\n|-damage|p1a: Tornadus|28\/100 brn\n|-unboost|p1a: Tornadus|spa|1\n|\n|-damage|p1a: Tornadus|22\/100 brn|[from] brn\n|upkeep\n|turn|25\n|\n|t:|1700299298\n|move|p1a: Tornadus|U-turn|p2a: Enamorus\n|-resisted|p2a: Enamorus\n|-damage|p2a: Enamorus|94\/100 par\n|\n|t:|1700299300\n|switch|p1a: Slowking|Slowking-Galar, F|51\/100 brn|[from] U-turn\n|move|p2a: Enamorus|Mystical Fire|p1a: Slowking\n|-damage|p1a: Slowking|28\/100 brn\n|-unboost|p1a: Slowking|spa|1\n|\n|-damage|p1a: Slowking|22\/100 brn|[from] brn\n|upkeep\n|turn|26\n|\n|t:|1700299306\n|switch|p1a: Tornadus|Tornadus-Therian, M|55\/100 brn\n|move|p2a: Enamorus|Mystical Fire|p1a: Tornadus\n|-damage|p1a: Tornadus|36\/100 brn\n|-unboost|p1a: Tornadus|spa|1\n|\n|-damage|p1a: Tornadus|30\/100 brn|[from] brn\n|upkeep\n|turn|27\n|\n|t:|1700299314\n|switch|p1a: Slowking|Slowking-Galar, F|56\/100 brn\n|move|p2a: Enamorus|Mystical Fire|p1a: Slowking\n|-damage|p1a: Slowking|31\/100 brn\n|-unboost|p1a: Slowking|spa|1\n|\n|-damage|p1a: Slowking|25\/100 brn|[from] brn\n|upkeep\n|turn|28\n|\n|t:|1700299331\n|move|p2a: Enamorus|Mystical Fire|p1a: Slowking\n|-crit|p1a: Slowking\n|-damage|p1a: Slowking|0 fnt\n|faint|p1a: Slowking\n|\n|upkeep\n|\n|t:|1700299333\n|switch|p1a: Iron Valiant|Iron Valiant|94\/100\n|turn|29\n|\n|t:|1700299339\n|-end|p1a: Iron Valiant|Quark Drive|[silent]\n|switch|p1a: Tornadus|Tornadus-Therian, M|63\/100 brn\n|move|p2a: Enamorus|Mystical Fire|p1a: Tornadus\n|-crit|p1a: Tornadus\n|-damage|p1a: Tornadus|33\/100 brn\n|-unboost|p1a: Tornadus|spa|1\n|\n|-damage|p1a: Tornadus|27\/100 brn|[from] brn\n|upkeep\n|turn|30\n|\n|t:|1700299345\n|move|p1a: Tornadus|Hurricane|p2a: Enamorus\n|-damage|p2a: Enamorus|58\/100 par\n|-start|p2a: Enamorus|confusion\n|-activate|p2a: Enamorus|confusion\n|-damage|p2a: Enamorus|44\/100 par|[from] confusion\n|\n|-damage|p1a: Tornadus|21\/100 brn|[from] brn\n|upkeep\n|turn|31\n|\n|t:|1700299353\n|move|p1a: Tornadus|Hurricane|p2a: Enamorus|[miss]\n|-miss|p1a: Tornadus|p2a: Enamorus\n|-activate|p2a: Enamorus|confusion\n|-damage|p2a: Enamorus|30\/100 par|[from] confusion\n|\n|-damage|p1a: Tornadus|15\/100 brn|[from] brn\n|upkeep\n|turn|32\n|\n|t:|1700299358\n|move|p1a: Tornadus|Hurricane|p2a: Enamorus\n|-damage|p2a: Enamorus|0 fnt\n|faint|p2a: Enamorus\n|\n|-damage|p1a: Tornadus|9\/100 brn|[from] brn\n|upkeep\n|\n|t:|1700299368\n|switch|p2a: Dragapult|Dragapult, M|31\/100\n|turn|33\n|\n|t:|1700299372\n|switch|p1a: Alomomola|Alomomola, M|100\/100\n|move|p2a: Dragapult|Draco Meteor|p1a: Alomomola\n|-damage|p1a: Alomomola|38\/100\n|-unboost|p2a: Dragapult|spa|2\n|\n|upkeep\n|turn|34\n|\n|t:|1700299382\n|move|p2a: Dragapult|Will-O-Wisp|p1a: Alomomola|[miss]\n|-miss|p2a: Dragapult|p1a: Alomomola\n|move|p1a: Alomomola|Flip Turn|p2a: Dragapult\n|-resisted|p2a: Dragapult\n|-damage|p2a: Dragapult|19\/100\n|\n|t:|1700299387\n|switch|p1a: Tornadus|Tornadus-Therian, M|42\/100 brn|[from] Flip Turn\n|\n|-damage|p1a: Tornadus|36\/100 brn|[from] brn\n|upkeep\n|turn|35\n|\n|t:|1700299394\n|move|p2a: Dragapult|U-turn|p1a: Tornadus\n|-resisted|p1a: Tornadus\n|-damage|p1a: Tornadus|26\/100 brn\n|\n|t:|1700299399\n|switch|p2a: Kingambit|Kingambit, F|88\/100|[from] U-turn\n|-activate|p2a: Kingambit|ability: Supreme Overlord\n|-start|p2a: Kingambit|fallen3|[silent]\n|move|p1a: Tornadus|Knock Off|p2a: Kingambit\n|-resisted|p2a: Kingambit\n|-crit|p2a: Kingambit\n|-damage|p2a: Kingambit|82\/100\n|-enditem|p2a: Kingambit|Leftovers|[from] move: Knock Off|[of] p1a: Tornadus\n|\n|-damage|p1a: Tornadus|20\/100 brn|[from] brn\n|upkeep\n|turn|36\n|\n|t:|1700299409\n|switch|p1a: Corviknight|Corviknight, F|100\/100\n|move|p2a: Kingambit|Kowtow Cleave|p1a: Corviknight\n|-damage|p1a: Corviknight|58\/100\n|-damage|p2a: Kingambit|65\/100|[from] item: Rocky Helmet|[of] p1a: Corviknight\n|\n|upkeep\n|turn|37\n|\n|t:|1700299417\n|-end|p2a: Kingambit|fallen3|[silent]\n|switch|p2a: Dragapult|Dragapult, M|19\/100\n|move|p1a: Corviknight|Body Press|p2a: Dragapult\n|-immune|p2a: Dragapult\n|\n|upkeep\n|turn|38\n|\n|t:|1700299423\n|switch|p1a: Tornadus|Tornadus-Therian, M|54\/100 brn\n|move|p2a: Dragapult|Will-O-Wisp|p1a: Tornadus\n|-fail|p1a: Tornadus|brn\n|\n|-damage|p1a: Tornadus|47\/100 brn|[from] brn\n|upkeep\n|turn|39\n|\n|t:|1700299433\n|move|p2a: Dragapult|Hex|p1a: Tornadus\n|-damage|p1a: Tornadus|17\/100 brn\n|move|p1a: Tornadus|Hurricane|p2a: Dragapult\n|-damage|p2a: Dragapult|0 fnt\n|faint|p2a: Dragapult\n|\n|-damage|p1a: Tornadus|10\/100 brn|[from] brn\n|upkeep\n|\n|t:|1700299443\n|switch|p2a: Kingambit|Kingambit, F|65\/100\n|-activate|p2a: Kingambit|ability: Supreme Overlord\n|-start|p2a: Kingambit|fallen4|[silent]\n|turn|40\n|\n|t:|1700299447\n|move|p1a: Tornadus|Heat Wave|p2a: Kingambit\n|-supereffective|p2a: Kingambit\n|-damage|p2a: Kingambit|11\/100\n|move|p2a: Kingambit|Kowtow Cleave|p1a: Tornadus\n|-damage|p1a: Tornadus|0 fnt\n|faint|p1a: Tornadus\n|\n|upkeep\n|\n|t:|1700299449\n|switch|p1a: Iron Valiant|Iron Valiant|94\/100\n|turn|41\n|\n|t:|1700299455\n|move|p1a: Iron Valiant|Spirit Break|p2a: Kingambit\n|-damage|p2a: Kingambit|0 fnt\n|faint|p2a: Kingambit\n|-end|p2a: Kingambit|fallen4|[silent]\n|\n|upkeep\n|\n|t:|1700299457\n|switch|p2a: Great Tusk|Great Tusk|100\/100\n|turn|42\n|\n|t:|1700299465\n|move|p1a: Iron Valiant|Swords Dance|p1a: Iron Valiant\n|-boost|p1a: Iron Valiant|atk|2\n|move|p2a: Great Tusk|Rapid Spin|p1a: Iron Valiant\n|-damage|p1a: Iron Valiant|71\/100\n|-boost|p2a: Great Tusk|spe|1\n|\n|upkeep\n|turn|43\n|\n|t:|1700299468\n|move|p2a: Great Tusk|Headlong Rush|p1a: Iron Valiant\n|-damage|p1a: Iron Valiant|0 fnt\n|-unboost|p2a: Great Tusk|def|1\n|-unboost|p2a: Great Tusk|spd|1\n|faint|p1a: Iron Valiant\n|-end|p1a: Iron Valiant|Quark Drive|[silent]\n|\n|upkeep\n|\n|t:|1700299471\n|switch|p1a: Corviknight|Corviknight, F|58\/100\n|turn|44\n|\n|t:|1700299481\n|move|p2a: Great Tusk|Close Combat|p1a: Corviknight\n|-damage|p1a: Corviknight|23\/100\n|-unboost|p2a: Great Tusk|def|1\n|-unboost|p2a: Great Tusk|spd|1\n|-damage|p2a: Great Tusk|84\/100|[from] item: Rocky Helmet|[of] p1a: Corviknight\n|move|p1a: Corviknight|Roost|p1a: Corviknight\n|-heal|p1a: Corviknight|73\/100\n|-singleturn|p1a: Corviknight|move: Roost\n|\n|upkeep\n|turn|45\n|\n|t:|1700299493\n|move|p2a: Great Tusk|Close Combat|p1a: Corviknight\n|-damage|p1a: Corviknight|36\/100\n|-unboost|p2a: Great Tusk|def|1\n|-unboost|p2a: Great Tusk|spd|1\n|-damage|p2a: Great Tusk|68\/100|[from] item: Rocky Helmet|[of] p1a: Corviknight\n|move|p1a: Corviknight|Brave Bird|p2a: Great Tusk\n|-supereffective|p2a: Great Tusk\n|-damage|p2a: Great Tusk|0 fnt\n|faint|p2a: Great Tusk\n|-end|p2a: Great Tusk|Protosynthesis|[silent]\n|-damage|p1a: Corviknight|15\/100|[from] Recoil\n|\n|win|Welcometoearth420\n|raw|Welcometoearth420's rating: 1422 &rarr; <strong>1437<\/strong><br \/>(+15 for winning)\n|raw|Gnetor's rating: 1330 &rarr; <strong>1315<\/strong><br \/>(-15 for losing)\n","uploadtime":1700299496,"views":10,"p1id":"welcometoearth420","p2id":"gnetor","formatid":"gen9ou","rating":1315,"private":0,"password":""}