{"id":"gen9ou-1992539020","p1":"grass knot zygarde","p2":"blumeta1991","format":"[Gen 9] OU","log":"|j|\u2606grass knot zygarde\n|j|\u2606blumeta1991\n|t:|1700201970\n|gametype|singles\n|player|p1|grass knot zygarde|dawn|1478\n|player|p2|blumeta1991|170|1588\n|teamsize|p1|6\n|teamsize|p2|6\n|gen|9\n|tier|[Gen 9] OU\n|rated|\n|rule|Sleep Clause Mod: Limit one foe put to sleep\n|rule|Species Clause: Limit one of each Pok\u00e9mon\n|rule|OHKO Clause: OHKO moves are banned\n|rule|Evasion Items Clause: Evasion items are banned\n|rule|Evasion Moves Clause: Evasion moves are banned\n|rule|Endless Battle Clause: Forcing endless battles is banned\n|rule|HP Percentage Mod: HP is shown in percentages\n|clearpoke\n|poke|p1|Ceruledge, F|\n|poke|p1|Dragonite, F|\n|poke|p1|Iron Valiant|\n|poke|p1|Kingambit, F|\n|poke|p1|Glimmora, F|\n|poke|p1|Ogerpon-Wellspring, F|\n|poke|p2|Iron Valiant|\n|poke|p2|Rillaboom, F|\n|poke|p2|Manaphy|\n|poke|p2|Ninetales-Alola, M|\n|poke|p2|Iron Treads|\n|poke|p2|Glimmora, F|\n|teampreview\n|inactive|Battle timer is ON: inactive players will automatically lose when time's up. (requested by grass knot zygarde)\n|\n|t:|1700201998\n|start\n|switch|p1a: Glimmora|Glimmora, F|100\/100\n|switch|p2a: Iron Treads|Iron Treads|100\/100\n|-enditem|p2a: Iron Treads|Booster Energy\n|-activate|p2a: Iron Treads|ability: Quark Drive|[fromitem]\n|-start|p2a: Iron Treads|quarkdrivespe\n|turn|1\n|\n|t:|1700202008\n|move|p2a: Iron Treads|Earth Power|p1a: Glimmora\n|-supereffective|p1a: Glimmora\n|-enditem|p1a: Glimmora|Focus Sash\n|-damage|p1a: Glimmora|1\/100\n|-unboost|p1a: Glimmora|spd|1\n|move|p1a: Glimmora|Earth Power|p2a: Iron Treads\n|-supereffective|p2a: Iron Treads\n|-damage|p2a: Iron Treads|6\/100\n|-unboost|p2a: Iron Treads|spd|1\n|\n|upkeep\n|turn|2\n|\n|t:|1700202023\n|switch|p1a: Ogerpon|Ogerpon-Wellspring, F|100\/100\n|move|p2a: Iron Treads|Earth Power|p1a: Ogerpon\n|-resisted|p1a: Ogerpon\n|-damage|p1a: Ogerpon|80\/100\n|\n|upkeep\n|turn|3\n|\n|t:|1700202028\n|move|p2a: Iron Treads|Stealth Rock|p1a: Ogerpon\n|-sidestart|p1: grass knot zygarde|move: Stealth Rock\n|move|p1a: Ogerpon|Encore|p2a: Iron Treads\n|-start|p2a: Iron Treads|Encore\n|\n|upkeep\n|turn|4\n|\n|t:|1700202036\n|-end|p2a: Iron Treads|Quark Drive|[silent]\n|switch|p2a: Ninetales|Ninetales-Alola, M|100\/100\n|-weather|Snow|[from] ability: Snow Warning|[of] p2a: Ninetales\n|move|p1a: Ogerpon|Swords Dance|p1a: Ogerpon\n|-boost|p1a: Ogerpon|atk|2\n|\n|-weather|Snow|[upkeep]\n|upkeep\n|turn|5\n|\n|t:|1700202046\n|move|p1a: Ogerpon|Ivy Cudgel|p2a: Ninetales|[anim] Ivy Cudgel Water\n|-damage|p2a: Ninetales|0 fnt\n|faint|p2a: Ninetales\n|\n|-weather|Snow|[upkeep]\n|upkeep\n|\n|t:|1700202053\n|switch|p2a: Rillaboom|Rillaboom, F|100\/100\n|-fieldstart|move: Grassy Terrain|[from] ability: Grassy Surge|[of] p2a: Rillaboom\n|turn|6\n|\n|t:|1700202072\n|switch|p1a: Glimmora|Glimmora, F|1\/100\n|-damage|p1a: Glimmora|0 fnt|[from] Stealth Rock\n|faint|p1a: Glimmora\n|move|p2a: Rillaboom|Grassy Glide|p1: Glimmora|[notarget]\n|-fail|p2a: Rillaboom\n|\n|-weather|Snow|[upkeep]\n|upkeep\n|\n|t:|1700202083\n|switch|p1a: Dragonite|Dragonite, F|100\/100\n|turn|7\n|\n|t:|1700202090\n|switch|p2a: Glimmora|Glimmora, F|100\/100\n|move|p1a: Dragonite|Dragon Dance|p1a: Dragonite\n|-boost|p1a: Dragonite|atk|1\n|-boost|p1a: Dragonite|spe|1\n|\n|-weather|Snow|[upkeep]\n|upkeep\n|turn|8\n|\n|t:|1700202100\n|-terastallize|p2a: Glimmora|Flying\n|move|p1a: Dragonite|Earthquake|p2a: Glimmora\n|-immune|p2a: Glimmora\n|move|p2a: Glimmora|Mortal Spin|p1a: Dragonite\n|-damage|p1a: Dragonite|97\/100\n|-status|p1a: Dragonite|psn\n|\n|-weather|none\n|-damage|p1a: Dragonite|85\/100 psn|[from] psn\n|upkeep\n|turn|9\n|\n|t:|1700202105\n|switch|p2a: Iron Treads|Iron Treads|6\/100\n|move|p1a: Dragonite|Ice Spinner|p2a: Iron Treads\n|-damage|p2a: Iron Treads|0 fnt\n|-fieldend|move: Grassy Terrain\n|faint|p2a: Iron Treads\n|-end|p2a: Iron Treads|Quark Drive|[silent]\n|\n|-damage|p1a: Dragonite|73\/100 psn|[from] psn\n|upkeep\n|\n|t:|1700202111\n|switch|p2a: Iron Valiant|Iron Valiant|100\/100\n|-enditem|p2a: Iron Valiant|Booster Energy\n|-activate|p2a: Iron Valiant|ability: Quark Drive|[fromitem]\n|-start|p2a: Iron Valiant|quarkdrivespe\n|turn|10\n|\n|t:|1700202117\n|move|p1a: Dragonite|Extreme Speed|p2a: Iron Valiant\n|-damage|p2a: Iron Valiant|41\/100\n|move|p2a: Iron Valiant|Moonblast|p1a: Dragonite\n|-supereffective|p1a: Dragonite\n|-damage|p1a: Dragonite|0 fnt\n|faint|p1a: Dragonite\n|\n|upkeep\n|\n|t:|1700202130\n|switch|p1a: Ogerpon|Ogerpon-Wellspring, F|80\/100\n|-damage|p1a: Ogerpon|68\/100|[from] Stealth Rock\n|turn|11\n|\n|t:|1700202143\n|move|p2a: Iron Valiant|Moonblast|p1a: Ogerpon\n|-damage|p1a: Ogerpon|17\/100\n|move|p1a: Ogerpon|Horn Leech|p2a: Iron Valiant\n|-damage|p2a: Iron Valiant|0 fnt\n|-heal|p1a: Ogerpon|37\/100|[from] drain|[of] p2a: Iron Valiant\n|faint|p2a: Iron Valiant\n|-end|p2a: Iron Valiant|Quark Drive|[silent]\n|\n|upkeep\n|\n|t:|1700202148\n|switch|p2a: Rillaboom|Rillaboom, F|100\/100\n|-fieldstart|move: Grassy Terrain|[from] ability: Grassy Surge|[of] p2a: Rillaboom\n|turn|12\n|\n|t:|1700202154\n|move|p1a: Ogerpon|Horn Leech|p2a: Rillaboom\n|-resisted|p2a: Rillaboom\n|-damage|p2a: Rillaboom|71\/100\n|-heal|p1a: Ogerpon|54\/100|[from] drain|[of] p2a: Rillaboom\n|move|p2a: Rillaboom|U-turn|p1a: Ogerpon\n|-supereffective|p1a: Ogerpon\n|-damage|p1a: Ogerpon|0 fnt\n|faint|p1a: Ogerpon\n|\n|t:|1700202165\n|switch|p2a: Glimmora|Glimmora, F, tera:Flying|100\/100|[from] U-turn\n|\n|upkeep\n|\n|t:|1700202172\n|switch|p1a: Ceruledge|Ceruledge, F|100\/100\n|-damage|p1a: Ceruledge|76\/100|[from] Stealth Rock\n|turn|13\n|\n|t:|1700202207\n|-terastallize|p1a: Ceruledge|Flying\n|move|p2a: Glimmora|Earth Power|p1a: Ceruledge\n|-immune|p1a: Ceruledge\n|move|p1a: Ceruledge|Bitter Blade|p2a: Glimmora\n|-damage|p2a: Glimmora|45\/100\n|-heal|p1a: Ceruledge|100\/100|[from] drain|[of] p2a: Glimmora\n|-activate|p2a: Glimmora|ability: Toxic Debris\n|-sidestart|p1: grass knot zygarde|move: Toxic Spikes\n|\n|upkeep\n|turn|14\n|\n|t:|1700202223\n|switch|p2a: Manaphy|Manaphy|100\/100\n|move|p1a: Ceruledge|Bitter Blade|p2a: Manaphy\n|-resisted|p2a: Manaphy\n|-damage|p2a: Manaphy|82\/100\n|\n|-heal|p2a: Manaphy|89\/100|[from] Grassy Terrain\n|-heal|p2a: Manaphy|95\/100|[from] item: Leftovers\n|upkeep\n|turn|15\n|\n|t:|1700202228\n|move|p2a: Manaphy|Tail Glow|p2a: Manaphy\n|-boost|p2a: Manaphy|spa|3\n|move|p1a: Ceruledge|Poltergeist|p2a: Manaphy\n|-activate|p2a: Manaphy|move: Poltergeist|Leftovers\n|-damage|p2a: Manaphy|49\/100\n|\n|-heal|p2a: Manaphy|56\/100|[from] Grassy Terrain\n|-heal|p2a: Manaphy|62\/100|[from] item: Leftovers\n|upkeep\n|turn|16\n|\n|t:|1700202235\n|move|p2a: Manaphy|Ice Beam|p1a: Ceruledge\n|-supereffective|p1a: Ceruledge\n|-enditem|p1a: Ceruledge|Focus Sash\n|-damage|p1a: Ceruledge|1\/100\n|move|p1a: Ceruledge|Poltergeist|p2a: Manaphy\n|-activate|p2a: Manaphy|move: Poltergeist|Leftovers\n|-damage|p2a: Manaphy|16\/100\n|\n|-heal|p2a: Manaphy|23\/100|[from] Grassy Terrain\n|-heal|p2a: Manaphy|29\/100|[from] item: Leftovers\n|-fieldend|move: Grassy Terrain\n|upkeep\n|turn|17\n|\n|t:|1700202244\n|move|p1a: Ceruledge|Shadow Sneak|p2a: Manaphy\n|-damage|p2a: Manaphy|11\/100\n|move|p2a: Manaphy|Surf|p1a: Ceruledge\n|-damage|p1a: Ceruledge|0 fnt\n|faint|p1a: Ceruledge\n|\n|-heal|p2a: Manaphy|17\/100|[from] item: Leftovers\n|upkeep\n|\n|t:|1700202247\n|switch|p1a: Iron Valiant|Iron Valiant|100\/100\n|-damage|p1a: Iron Valiant|94\/100|[from] Stealth Rock\n|-status|p1a: Iron Valiant|psn\n|-enditem|p1a: Iron Valiant|Booster Energy\n|-activate|p1a: Iron Valiant|ability: Quark Drive|[fromitem]\n|-start|p1a: Iron Valiant|quarkdrivespe\n|turn|18\n|\n|t:|1700202256\n|move|p1a: Iron Valiant|Moonblast|p2a: Manaphy\n|-damage|p2a: Manaphy|0 fnt\n|faint|p2a: Manaphy\n|\n|-damage|p1a: Iron Valiant|82\/100 psn|[from] psn\n|upkeep\n|\n|t:|1700202258\n|switch|p2a: Rillaboom|Rillaboom, F|71\/100\n|-fieldstart|move: Grassy Terrain|[from] ability: Grassy Surge|[of] p2a: Rillaboom\n|turn|19\n|\n|t:|1700202266\n|move|p2a: Rillaboom|Grassy Glide|p1a: Iron Valiant\n|-damage|p1a: Iron Valiant|13\/100 psn\n|move|p1a: Iron Valiant|Knock Off|p2a: Rillaboom\n|-damage|p2a: Rillaboom|40\/100\n|-enditem|p2a: Rillaboom|Choice Band|[from] move: Knock Off|[of] p1a: Iron Valiant\n|\n|-heal|p1a: Iron Valiant|19\/100 psn|[from] Grassy Terrain\n|-heal|p2a: Rillaboom|46\/100|[from] Grassy Terrain\n|-damage|p1a: Iron Valiant|7\/100 psn|[from] psn\n|upkeep\n|turn|20\n|\n|t:|1700202272\n|move|p2a: Rillaboom|Grassy Glide|p1a: Iron Valiant\n|-damage|p1a: Iron Valiant|0 fnt\n|faint|p1a: Iron Valiant\n|-end|p1a: Iron Valiant|Quark Drive|[silent]\n|\n|-heal|p2a: Rillaboom|52\/100|[from] Grassy Terrain\n|upkeep\n|\n|t:|1700202274\n|switch|p1a: Kingambit|Kingambit, F|100\/100\n|-damage|p1a: Kingambit|94\/100|[from] Stealth Rock\n|-activate|p1a: Kingambit|ability: Supreme Overlord\n|-start|p1a: Kingambit|fallen5|[silent]\n|turn|21\n|\n|t:|1700202280\n|move|p2a: Rillaboom|Knock Off|p1a: Kingambit\n|-resisted|p1a: Kingambit\n|-damage|p1a: Kingambit|83\/100\n|-enditem|p1a: Kingambit|Leftovers|[from] move: Knock Off|[of] p2a: Rillaboom\n|move|p1a: Kingambit|Swords Dance|p1a: Kingambit\n|-boost|p1a: Kingambit|atk|2\n|\n|-heal|p2a: Rillaboom|58\/100|[from] Grassy Terrain\n|-heal|p1a: Kingambit|89\/100|[from] Grassy Terrain\n|upkeep\n|turn|22\n|\n|t:|1700202285\n|move|p2a: Rillaboom|U-turn|p1a: Kingambit\n|-damage|p1a: Kingambit|70\/100\n|\n|t:|1700202287\n|switch|p2a: Glimmora|Glimmora, F, tera:Flying|45\/100|[from] U-turn\n|move|p1a: Kingambit|Kowtow Cleave|p2a: Glimmora\n|-damage|p2a: Glimmora|0 fnt\n|-activate|p2a: Glimmora|ability: Toxic Debris\n|-sidestart|p1: grass knot zygarde|move: Toxic Spikes\n|faint|p2a: Glimmora\n|\n|-heal|p1a: Kingambit|76\/100|[from] Grassy Terrain\n|upkeep\n|\n|t:|1700202289\n|switch|p2a: Rillaboom|Rillaboom, F|58\/100\n|turn|23\n|\n|t:|1700202292\n|move|p2a: Rillaboom|Wood Hammer|p1a: Kingambit\n|-resisted|p1a: Kingambit\n|-damage|p1a: Kingambit|47\/100\n|-damage|p2a: Rillaboom|47\/100|[from] Recoil\n|move|p1a: Kingambit|Kowtow Cleave|p2a: Rillaboom\n|-damage|p2a: Rillaboom|0 fnt\n|faint|p2a: Rillaboom\n|\n|win|grass knot zygarde\n|raw|grass knot zygarde's rating: 1478 &rarr; <strong>1504<\/strong><br \/>(+26 for winning)\n|raw|blumeta1991's rating: 1588 &rarr; <strong>1562<\/strong><br \/>(-26 for losing)\n|l|\u2606blumeta1991\n","uploadtime":1700202305,"views":7,"p1id":"grassknotzygarde","p2id":"blumeta1991","formatid":"gen9ou","rating":1504,"private":0,"password":""}