{"id":"gen9ou-1993174488","p1":"Lilyfith X-2","p2":"mystori_","format":"[Gen 9] OU","log":"|j|\u2606Lilyfith X-2\n|j|\u2606mystori_\n|t:|1700273882\n|gametype|singles\n|player|p1|Lilyfith X-2|266|1106\n|player|p2|mystori_|shauntal|1127\n|teamsize|p1|6\n|teamsize|p2|6\n|gen|9\n|tier|[Gen 9] OU\n|rated|\n|rule|Sleep Clause Mod: Limit one foe put to sleep\n|rule|Species Clause: Limit one of each Pok\u00e9mon\n|rule|OHKO Clause: OHKO moves are banned\n|rule|Evasion Items Clause: Evasion items are banned\n|rule|Evasion Moves Clause: Evasion moves are banned\n|rule|Endless Battle Clause: Forcing endless battles is banned\n|rule|HP Percentage Mod: HP is shown in percentages\n|clearpoke\n|poke|p1|Enamorus-Therian, F|\n|poke|p1|Glimmora, M|\n|poke|p1|Hippowdon, F|\n|poke|p1|Grimmsnarl, M|\n|poke|p1|Garganacl, F|\n|poke|p1|Tyranitar, F|\n|poke|p2|Ditto|\n|poke|p2|Pawniard, M|\n|poke|p2|Empoleon, M|\n|poke|p2|Dusclops, F|\n|poke|p2|Falinks|\n|poke|p2|Trevenant, M|\n|teampreview\n|inactive|Battle timer is ON: inactive players will automatically lose when time's up. (requested by mystori_)\n|\n|t:|1700273895\n|start\n|switch|p1a: Enamorus|Enamorus-Therian, F|100\/100\n|switch|p2a: Kirby|Ditto|100\/100\n|-transform|p2a: Kirby|p1a: Enamorus|[from] ability: Imposter\n|turn|1\n|c|\u2606mystori_|that is so much setup lol\n|\n|t:|1700273923\n|switch|p1a: Glimmora|Glimmora, M|100\/100\n|-item|p1a: Glimmora|Air Balloon\n|move|p2a: Kirby|Moonblast|p1a: Glimmora\n|-resisted|p1a: Glimmora\n|-damage|p1a: Glimmora|67\/100\n|-enditem|p1a: Glimmora|Air Balloon\n|\n|upkeep\n|turn|2\n|\n|t:|1700273935\n|switch|p2a: Meta Knight|Pawniard, M, shiny|100\/100\n|move|p1a: Glimmora|Power Gem|p2a: Meta Knight\n|-resisted|p2a: Meta Knight\n|-damage|p2a: Meta Knight|41\/100\n|\n|upkeep\n|turn|3\n|\n|t:|1700273954\n|move|p1a: Glimmora|Spikes|p2a: Meta Knight\n|-sidestart|p2: mystori_|Spikes\n|move|p2a: Meta Knight|Iron Head|p1a: Glimmora\n|-supereffective|p1a: Glimmora\n|-damage|p1a: Glimmora|0 fnt\n|-activate|p1a: Glimmora|ability: Toxic Debris\n|-sidestart|p2: mystori_|move: Toxic Spikes\n|faint|p1a: Glimmora\n|\n|upkeep\n|\n|t:|1700273965\n|switch|p1a: Hippowdon|Hippowdon, F|100\/100\n|turn|4\n|\n|t:|1700273971\n|move|p2a: Meta Knight|Swords Dance|p2a: Meta Knight\n|-boost|p2a: Meta Knight|atk|2\n|move|p1a: Hippowdon|Earthquake|p2a: Meta Knight\n|-supereffective|p2a: Meta Knight\n|-damage|p2a: Meta Knight|0 fnt\n|faint|p2a: Meta Knight\n|\n|upkeep\n|\n|t:|1700273989\n|switch|p2a: Whispy Woods|Trevenant, M|100\/100\n|-damage|p2a: Whispy Woods|88\/100|[from] Spikes\n|-status|p2a: Whispy Woods|psn\n|turn|5\n|\n|t:|1700274007\n|switch|p1a: Grimmsnarl|Grimmsnarl, M|100\/100\n|move|p2a: Whispy Woods|Leech Seed|p1a: Grimmsnarl\n|-start|p1a: Grimmsnarl|move: Leech Seed\n|\n|-damage|p1a: Grimmsnarl|88\/100|[from] Leech Seed|[of] p2a: Whispy Woods\n|-heal|p2a: Whispy Woods|100\/100 psn|[silent]\n|-damage|p2a: Whispy Woods|88\/100 psn|[from] psn\n|upkeep\n|turn|6\n|\n|t:|1700274017\n|move|p2a: Whispy Woods|Protect|p2a: Whispy Woods\n|-singleturn|p2a: Whispy Woods|Protect\n|move|p1a: Grimmsnarl|Parting Shot|p2a: Whispy Woods\n|-activate|p2a: Whispy Woods|move: Protect\n|\n|-damage|p1a: Grimmsnarl|76\/100|[from] Leech Seed|[of] p2a: Whispy Woods\n|-heal|p2a: Whispy Woods|100\/100 psn|[silent]\n|-damage|p2a: Whispy Woods|88\/100 psn|[from] psn\n|upkeep\n|turn|7\n|\n|t:|1700274031\n|switch|p2a: Waddle Dees|Falinks|100\/100\n|-damage|p2a: Waddle Dees|88\/100|[from] Spikes\n|-status|p2a: Waddle Dees|psn\n|move|p1a: Grimmsnarl|Parting Shot|p2a: Waddle Dees\n|-unboost|p2a: Waddle Dees|atk|1\n|-ability|p2a: Waddle Dees|Defiant|boost\n|-boost|p2a: Waddle Dees|atk|2\n|-unboost|p2a: Waddle Dees|spa|1\n|-ability|p2a: Waddle Dees|Defiant|boost\n|-boost|p2a: Waddle Dees|atk|2\n|inactive|Lilyfith X-2 has 120 seconds left.\n|inactive|Lilyfith X-2 has 90 seconds left.\n|\n|t:|1700274084\n|switch|p1a: Enamorus|Enamorus-Therian, F|100\/100|[from] Parting Shot\n|\n|-damage|p2a: Waddle Dees|76\/100 psn|[from] psn\n|upkeep\n|turn|8\n|inactive|Lilyfith X-2 has 90 seconds left.\n|\n|t:|1700274095\n|move|p2a: Waddle Dees|Poison Jab|p1a: Enamorus\n|-supereffective|p1a: Enamorus\n|-damage|p1a: Enamorus|36\/100\n|move|p1a: Enamorus|Moonblast|p2a: Waddle Dees\n|-supereffective|p2a: Waddle Dees\n|-damage|p2a: Waddle Dees|0 fnt\n|faint|p2a: Waddle Dees\n|\n|upkeep\n|\n|t:|1700274104\n|switch|p2a: Kirby|Ditto|100\/100\n|-damage|p2a: Kirby|88\/100|[from] Spikes\n|-status|p2a: Kirby|psn\n|-transform|p2a: Kirby|p1a: Enamorus|[from] ability: Imposter\n|turn|9\n|\n|t:|1700274114\n|move|p2a: Kirby|Moonblast|p1a: Enamorus\n|-damage|p1a: Enamorus|6\/100\n|-unboost|p1a: Enamorus|spa|1\n|move|p1a: Enamorus|Mystical Fire|p2a: Kirby\n|-damage|p2a: Kirby|72\/100 psn\n|-unboost|p2a: Kirby|spa|1\n|\n|-damage|p2a: Kirby|59\/100 psn|[from] psn\n|upkeep\n|turn|10\n|\n|t:|1700274124\n|move|p2a: Kirby|Moonblast|p1a: Enamorus\n|-damage|p1a: Enamorus|0 fnt\n|faint|p1a: Enamorus\n|\n|-damage|p2a: Kirby|47\/100 psn|[from] psn\n|upkeep\n|\n|t:|1700274130\n|switch|p1a: Grimmsnarl|Grimmsnarl, M|76\/100\n|turn|11\n|\n|t:|1700274143\n|switch|p2a: Whispy Woods|Trevenant, M|88\/100 psn\n|-damage|p2a: Whispy Woods|76\/100 psn|[from] Spikes\n|move|p1a: Grimmsnarl|Light Screen|p1a: Grimmsnarl\n|-sidestart|p1: Lilyfith X-2|move: Light Screen\n|\n|-damage|p2a: Whispy Woods|64\/100 psn|[from] psn\n|upkeep\n|turn|12\n|\n|t:|1700274155\n|move|p1a: Grimmsnarl|Reflect|p1a: Grimmsnarl\n|-sidestart|p1: Lilyfith X-2|Reflect\n|move|p2a: Whispy Woods|Leech Seed|p1a: Grimmsnarl\n|-start|p1a: Grimmsnarl|move: Leech Seed\n|\n|-damage|p1a: Grimmsnarl|63\/100|[from] Leech Seed|[of] p2a: Whispy Woods\n|-heal|p2a: Whispy Woods|77\/100 psn|[silent]\n|-damage|p2a: Whispy Woods|64\/100 psn|[from] psn\n|upkeep\n|turn|13\n|\n|t:|1700274165\n|switch|p1a: Garganacl|Garganacl, F|100\/100\n|move|p2a: Whispy Woods|Drain Punch|p1a: Garganacl\n|-supereffective|p1a: Garganacl\n|-damage|p1a: Garganacl|86\/100\n|-heal|p2a: Whispy Woods|72\/100 psn|[from] drain|[of] p1a: Garganacl\n|\n|-heal|p1a: Garganacl|92\/100|[from] item: Leftovers\n|-damage|p2a: Whispy Woods|60\/100 psn|[from] psn\n|upkeep\n|turn|14\n|\n|t:|1700274176\n|move|p2a: Whispy Woods|Leech Seed|p1a: Garganacl\n|-start|p1a: Garganacl|move: Leech Seed\n|move|p1a: Garganacl|Salt Cure|p2a: Whispy Woods\n|-damage|p2a: Whispy Woods|44\/100 psn\n|-start|p2a: Whispy Woods|Salt Cure\n|-enditem|p2a: Whispy Woods|Sitrus Berry|[eat]\n|-heal|p2a: Whispy Woods|69\/100 psn|[from] item: Sitrus Berry\n|\n|-heal|p1a: Garganacl|98\/100|[from] item: Leftovers\n|-damage|p1a: Garganacl|86\/100|[from] Leech Seed|[of] p2a: Whispy Woods\n|-heal|p2a: Whispy Woods|82\/100 psn|[silent]\n|-damage|p2a: Whispy Woods|70\/100 psn|[from] psn\n|-damage|p2a: Whispy Woods|58\/100 psn|[from] Salt Cure\n|-item|p2a: Whispy Woods|Sitrus Berry|[from] ability: Harvest\n|upkeep\n|turn|15\n|\n|t:|1700274194\n|switch|p2a: King Dedede|Empoleon, M, shiny|100\/100\n|-damage|p2a: King Dedede|88\/100|[from] Spikes\n|switch|p1a: Grimmsnarl|Grimmsnarl, M|63\/100\n|\n|-heal|p2a: King Dedede|94\/100|[from] item: Leftovers\n|upkeep\n|turn|16\n|\n|t:|1700274208\n|switch|p1a: Hippowdon|Hippowdon, F|100\/100\n|move|p2a: King Dedede|Yawn|p1a: Hippowdon\n|-start|p1a: Hippowdon|move: Yawn|[of] p2a: King Dedede\n|\n|-heal|p2a: King Dedede|100\/100|[from] item: Leftovers\n|upkeep\n|turn|17\n|\n|t:|1700274219\n|switch|p2a: Whispy Woods|Trevenant, M|58\/100 psn\n|-damage|p2a: Whispy Woods|45\/100 psn|[from] Spikes\n|-enditem|p2a: Whispy Woods|Sitrus Berry|[eat]\n|-heal|p2a: Whispy Woods|70\/100 psn|[from] item: Sitrus Berry\n|switch|p1a: Garganacl|Garganacl, F|86\/100\n|\n|-heal|p1a: Garganacl|92\/100|[from] item: Leftovers\n|-damage|p2a: Whispy Woods|58\/100 psn|[from] psn\n|-item|p2a: Whispy Woods|Sitrus Berry|[from] ability: Harvest\n|upkeep\n|turn|18\n|\n|t:|1700274232\n|move|p2a: Whispy Woods|Leech Seed|p1a: Garganacl\n|-start|p1a: Garganacl|move: Leech Seed\n|move|p1a: Garganacl|Salt Cure|p2a: Whispy Woods\n|-damage|p2a: Whispy Woods|42\/100 psn\n|-start|p2a: Whispy Woods|Salt Cure\n|-enditem|p2a: Whispy Woods|Sitrus Berry|[eat]\n|-heal|p2a: Whispy Woods|67\/100 psn|[from] item: Sitrus Berry\n|\n|-heal|p1a: Garganacl|98\/100|[from] item: Leftovers\n|-damage|p1a: Garganacl|86\/100|[from] Leech Seed|[of] p2a: Whispy Woods\n|-heal|p2a: Whispy Woods|80\/100 psn|[silent]\n|-damage|p2a: Whispy Woods|68\/100 psn|[from] psn\n|-damage|p2a: Whispy Woods|55\/100 psn|[from] Salt Cure\n|-sideend|p1: Lilyfith X-2|move: Light Screen\n|-item|p2a: Whispy Woods|Sitrus Berry|[from] ability: Harvest\n|upkeep\n|turn|19\n|\n|t:|1700274256\n|switch|p2a: Kirby|Ditto|47\/100 psn\n|-damage|p2a: Kirby|35\/100 psn|[from] Spikes\n|-transform|p2a: Kirby|p1a: Garganacl|[from] ability: Imposter\n|switch|p1a: Grimmsnarl|Grimmsnarl, M|63\/100\n|\n|-damage|p2a: Kirby|22\/100 psn|[from] psn\n|-sideend|p1: Lilyfith X-2|Reflect\n|upkeep\n|turn|20\n|\n|t:|1700274273\n|move|p1a: Grimmsnarl|Reflect|p1a: Grimmsnarl\n|-sidestart|p1: Lilyfith X-2|Reflect\n|move|p2a: Kirby|Recover|p2a: Kirby\n|-heal|p2a: Kirby|72\/100 psn\n|\n|-damage|p2a: Kirby|60\/100 psn|[from] psn\n|upkeep\n|turn|21\n|inactive|Lilyfith X-2 has 120 seconds left.\n|\n|t:|1700274295\n|move|p2a: Kirby|Recover|p2a: Kirby\n|-heal|p2a: Kirby|100\/100 psn\n|move|p1a: Grimmsnarl|Spirit Break|p2a: Kirby\n|-damage|p2a: Kirby|76\/100 psn\n|-unboost|p2a: Kirby|spa|1\n|\n|-damage|p2a: Kirby|64\/100 psn|[from] psn\n|upkeep\n|turn|22\n|inactive|Lilyfith X-2 has 120 seconds left.\n|\n|t:|1700274306\n|switch|p2a: King Dedede|Empoleon, M, shiny|100\/100\n|-damage|p2a: King Dedede|88\/100|[from] Spikes\n|move|p1a: Grimmsnarl|Parting Shot|p2a: King Dedede\n|-unboost|p2a: King Dedede|atk|1\n|-unboost|p2a: King Dedede|spa|1\n|inactive|Lilyfith X-2 has 120 seconds left.\n|\n|t:|1700274320\n|switch|p1a: Hippowdon|Hippowdon, F|100\/100|[from] Parting Shot\n|\n|-heal|p2a: King Dedede|94\/100|[from] item: Leftovers\n|upkeep\n|turn|23\n|\n|t:|1700274328\n|switch|p2a: Whispy Woods|Trevenant, M|55\/100 psn\n|-damage|p2a: Whispy Woods|43\/100 psn|[from] Spikes\n|-enditem|p2a: Whispy Woods|Sitrus Berry|[eat]\n|-heal|p2a: Whispy Woods|68\/100 psn|[from] item: Sitrus Berry\n|move|p1a: Hippowdon|Earthquake|p2a: Whispy Woods\n|-resisted|p2a: Whispy Woods\n|-damage|p2a: Whispy Woods|39\/100 psn\n|\n|-damage|p2a: Whispy Woods|26\/100 psn|[from] psn\n|-item|p2a: Whispy Woods|Sitrus Berry|[from] ability: Harvest\n|upkeep\n|-enditem|p2a: Whispy Woods|Sitrus Berry|[eat]\n|-heal|p2a: Whispy Woods|51\/100 psn|[from] item: Sitrus Berry\n|turn|24\n|inactive|Lilyfith X-2 has 120 seconds left.\n|\n|t:|1700274344\n|switch|p1a: Garganacl|Garganacl, F|86\/100\n|move|p2a: Whispy Woods|Leech Seed|p1a: Garganacl\n|-start|p1a: Garganacl|move: Leech Seed\n|\n|-heal|p1a: Garganacl|92\/100|[from] item: Leftovers\n|-damage|p1a: Garganacl|79\/100|[from] Leech Seed|[of] p2a: Whispy Woods\n|-heal|p2a: Whispy Woods|64\/100 psn|[silent]\n|-damage|p2a: Whispy Woods|52\/100 psn|[from] psn\n|upkeep\n|turn|25\n|\n|t:|1700274354\n|switch|p1a: Grimmsnarl|Grimmsnarl, M|63\/100\n|move|p2a: Whispy Woods|Protect||[still]\n|-fail|p2a: Whispy Woods\n|\n|-damage|p2a: Whispy Woods|40\/100 psn|[from] psn\n|upkeep\n|turn|26\n|\n|t:|1700274362\n|move|p1a: Grimmsnarl|Spirit Break|p2a: Whispy Woods\n|-damage|p2a: Whispy Woods|6\/100 psn\n|-unboost|p2a: Whispy Woods|spa|1\n|move|p2a: Whispy Woods|Leech Seed|p1a: Grimmsnarl\n|-start|p1a: Grimmsnarl|move: Leech Seed\n|\n|-damage|p1a: Grimmsnarl|51\/100|[from] Leech Seed|[of] p2a: Whispy Woods\n|-heal|p2a: Whispy Woods|19\/100 psn|[silent]\n|-damage|p2a: Whispy Woods|7\/100 psn|[from] psn\n|-item|p2a: Whispy Woods|Sitrus Berry|[from] ability: Harvest\n|upkeep\n|-enditem|p2a: Whispy Woods|Sitrus Berry|[eat]\n|-heal|p2a: Whispy Woods|32\/100 psn|[from] item: Sitrus Berry\n|turn|27\n|\n|t:|1700274377\n|switch|p1a: Garganacl|Garganacl, F|79\/100\n|move|p2a: Whispy Woods|Protect||[still]\n|-fail|p2a: Whispy Woods\n|\n|-heal|p1a: Garganacl|86\/100|[from] item: Leftovers\n|-damage|p2a: Whispy Woods|19\/100 psn|[from] psn\n|-sideend|p1: Lilyfith X-2|Reflect\n|-item|p2a: Whispy Woods|Sitrus Berry|[from] ability: Harvest\n|upkeep\n|-enditem|p2a: Whispy Woods|Sitrus Berry|[eat]\n|-heal|p2a: Whispy Woods|44\/100 psn|[from] item: Sitrus Berry\n|turn|28\n|\n|t:|1700274390\n|move|p2a: Whispy Woods|Protect|p2a: Whispy Woods\n|-singleturn|p2a: Whispy Woods|Protect\n|move|p1a: Garganacl|Salt Cure|p2a: Whispy Woods\n|-activate|p2a: Whispy Woods|move: Protect\n|\n|-heal|p1a: Garganacl|92\/100|[from] item: Leftovers\n|-damage|p2a: Whispy Woods|32\/100 psn|[from] psn\n|upkeep\n|turn|29\n|\n|t:|1700274402\n|-terastallize|p2a: Whispy Woods|Fighting\n|move|p2a: Whispy Woods|Drain Punch|p1a: Garganacl\n|-supereffective|p1a: Garganacl\n|-damage|p1a: Garganacl|47\/100\n|-heal|p2a: Whispy Woods|55\/100 psn|[from] drain|[of] p1a: Garganacl\n|move|p1a: Garganacl|Salt Cure|p2a: Whispy Woods\n|-resisted|p2a: Whispy Woods\n|-damage|p2a: Whispy Woods|47\/100 psn\n|-start|p2a: Whispy Woods|Salt Cure\n|\n|-heal|p1a: Garganacl|54\/100|[from] item: Leftovers\n|-damage|p2a: Whispy Woods|35\/100 psn|[from] psn\n|-damage|p2a: Whispy Woods|23\/100 psn|[from] Salt Cure\n|-item|p2a: Whispy Woods|Sitrus Berry|[from] ability: Harvest\n|upkeep\n|-enditem|p2a: Whispy Woods|Sitrus Berry|[eat]\n|-heal|p2a: Whispy Woods|48\/100 psn|[from] item: Sitrus Berry\n|turn|30\n|\n|t:|1700274420\n|switch|p1a: Grimmsnarl|Grimmsnarl, M|51\/100\n|move|p2a: Whispy Woods|Drain Punch|p1a: Grimmsnarl\n|-damage|p1a: Grimmsnarl|13\/100\n|-heal|p2a: Whispy Woods|67\/100 psn|[from] drain|[of] p1a: Grimmsnarl\n|\n|-damage|p2a: Whispy Woods|55\/100 psn|[from] psn\n|-damage|p2a: Whispy Woods|43\/100 psn|[from] Salt Cure\n|-item|p2a: Whispy Woods|Sitrus Berry|[from] ability: Harvest\n|upkeep\n|-enditem|p2a: Whispy Woods|Sitrus Berry|[eat]\n|-heal|p2a: Whispy Woods|68\/100 psn|[from] item: Sitrus Berry\n|turn|31\n|\n|t:|1700274435\n|switch|p2a: King Dedede|Empoleon, M, shiny|94\/100\n|-damage|p2a: King Dedede|82\/100|[from] Spikes\n|move|p1a: Grimmsnarl|Spirit Break|p2a: King Dedede\n|-resisted|p2a: King Dedede\n|-damage|p2a: King Dedede|65\/100\n|-unboost|p2a: King Dedede|spa|1\n|\n|-heal|p2a: King Dedede|71\/100|[from] item: Leftovers\n|upkeep\n|turn|32\n|\n|t:|1700274447\n|move|p1a: Grimmsnarl|Parting Shot|p2a: King Dedede\n|-unboost|p2a: King Dedede|atk|1\n|-unboost|p2a: King Dedede|spa|1\n|\n|t:|1700274456\n|switch|p1a: Tyranitar|Tyranitar, F|100\/100|[from] Parting Shot\n|-weather|Sandstorm|[from] ability: Sand Stream|[of] p1a: Tyranitar\n|move|p2a: King Dedede|Yawn|p1a: Tyranitar\n|-start|p1a: Tyranitar|move: Yawn|[of] p2a: King Dedede\n|\n|-weather|Sandstorm|[upkeep]\n|-heal|p2a: King Dedede|77\/100|[from] item: Leftovers\n|upkeep\n|turn|33\n|\n|t:|1700274467\n|switch|p1a: Garganacl|Garganacl, F|54\/100\n|move|p2a: King Dedede|Swords Dance|p2a: King Dedede\n|-boost|p2a: King Dedede|atk|2\n|\n|-weather|Sandstorm|[upkeep]\n|-heal|p2a: King Dedede|84\/100|[from] item: Leftovers\n|-heal|p1a: Garganacl|60\/100|[from] item: Leftovers\n|upkeep\n|turn|34\n|\n|t:|1700274478\n|-terastallize|p1a: Garganacl|Water\n|move|p2a: King Dedede|Aqua Jet|p1a: Garganacl\n|-resisted|p1a: Garganacl\n|-damage|p1a: Garganacl|52\/100\n|move|p1a: Garganacl|Curse|p1a: Garganacl\n|-unboost|p1a: Garganacl|spe|1\n|-boost|p1a: Garganacl|atk|1\n|-boost|p1a: Garganacl|def|1\n|\n|-weather|Sandstorm|[upkeep]\n|-damage|p1a: Garganacl|46\/100|[from] Sandstorm\n|-heal|p2a: King Dedede|90\/100|[from] item: Leftovers\n|-heal|p1a: Garganacl|52\/100|[from] item: Leftovers\n|upkeep\n|turn|35\n|\n|t:|1700274492\n|switch|p2a: Kirby|Ditto|64\/100 psn\n|-damage|p2a: Kirby|52\/100 psn|[from] Spikes\n|-transform|p2a: Kirby|p1a: Garganacl|[from] ability: Imposter\n|move|p1a: Garganacl|Body Press|p2a: Kirby\n|-supereffective|p2a: Kirby\n|-damage|p2a: Kirby|8\/100 psn\n|\n|-weather|Sandstorm|[upkeep]\n|-damage|p1a: Garganacl|46\/100|[from] Sandstorm\n|-heal|p1a: Garganacl|52\/100|[from] item: Leftovers\n|-damage|p2a: Kirby|0 fnt|[from] psn\n|faint|p2a: Kirby\n|upkeep\n|\n|t:|1700274507\n|switch|p2a: Whispy Woods|Trevenant, M, tera:Fighting|68\/100 psn\n|-damage|p2a: Whispy Woods|55\/100 psn|[from] Spikes\n|turn|36\n|\n|t:|1700274519\n|move|p2a: Whispy Woods|Leech Seed|p1a: Garganacl\n|-start|p1a: Garganacl|move: Leech Seed\n|move|p1a: Garganacl|Salt Cure|p2a: Whispy Woods\n|-resisted|p2a: Whispy Woods\n|-damage|p2a: Whispy Woods|43\/100 psn\n|-start|p2a: Whispy Woods|Salt Cure\n|\n|-weather|Sandstorm|[upkeep]\n|-damage|p2a: Whispy Woods|37\/100 psn|[from] Sandstorm\n|-damage|p1a: Garganacl|46\/100|[from] Sandstorm\n|-heal|p1a: Garganacl|52\/100|[from] item: Leftovers\n|-damage|p1a: Garganacl|40\/100|[from] Leech Seed|[of] p2a: Whispy Woods\n|-heal|p2a: Whispy Woods|50\/100 psn|[silent]\n|-damage|p2a: Whispy Woods|38\/100 psn|[from] psn\n|-damage|p2a: Whispy Woods|26\/100 psn|[from] Salt Cure\n|upkeep\n|turn|37\n|\n|t:|1700274535\n|move|p2a: Whispy Woods|Horn Leech|p1a: Garganacl\n|-supereffective|p1a: Garganacl\n|-crit|p1a: Garganacl\n|-damage|p1a: Garganacl|0 fnt\n|-heal|p2a: Whispy Woods|46\/100 psn|[from] drain|[of] p1a: Garganacl\n|faint|p1a: Garganacl\n|\n|-weather|Sandstorm|[upkeep]\n|-damage|p2a: Whispy Woods|40\/100 psn|[from] Sandstorm\n|-damage|p2a: Whispy Woods|28\/100 psn|[from] psn\n|-damage|p2a: Whispy Woods|15\/100 psn|[from] Salt Cure\n|-item|p2a: Whispy Woods|Sitrus Berry|[from] ability: Harvest\n|upkeep\n|-enditem|p2a: Whispy Woods|Sitrus Berry|[eat]\n|-heal|p2a: Whispy Woods|40\/100 psn|[from] item: Sitrus Berry\n|\n|t:|1700274553\n|switch|p1a: Grimmsnarl|Grimmsnarl, M|13\/100\n|turn|38\n|\n|t:|1700274559\n|switch|p2a: King Dedede|Empoleon, M, shiny|90\/100\n|-damage|p2a: King Dedede|77\/100|[from] Spikes\n|move|p1a: Grimmsnarl|Spirit Break|p2a: King Dedede\n|-resisted|p2a: King Dedede\n|-damage|p2a: King Dedede|60\/100\n|-unboost|p2a: King Dedede|spa|1\n|\n|-weather|Sandstorm|[upkeep]\n|-damage|p1a: Grimmsnarl|7\/100|[from] Sandstorm\n|-heal|p2a: King Dedede|67\/100|[from] item: Leftovers\n|upkeep\n|turn|39\n|\n|t:|1700274572\n|move|p1a: Grimmsnarl|Reflect|p1a: Grimmsnarl\n|-sidestart|p1: Lilyfith X-2|Reflect\n|move|p2a: King Dedede|Swords Dance|p2a: King Dedede\n|-boost|p2a: King Dedede|atk|2\n|\n|-weather|none\n|-heal|p2a: King Dedede|73\/100|[from] item: Leftovers\n|upkeep\n|turn|40\n|\n|t:|1700274591\n|move|p2a: King Dedede|Aqua Jet|p1a: Grimmsnarl\n|-damage|p1a: Grimmsnarl|0 fnt\n|faint|p1a: Grimmsnarl\n|\n|-heal|p2a: King Dedede|79\/100|[from] item: Leftovers\n|upkeep\n|\n|t:|1700274598\n|switch|p1a: Tyranitar|Tyranitar, F|100\/100\n|-weather|Sandstorm|[from] ability: Sand Stream|[of] p1a: Tyranitar\n|turn|41\n|\n|t:|1700274603\n|move|p1a: Tyranitar|Dragon Dance|p1a: Tyranitar\n|-boost|p1a: Tyranitar|atk|1\n|-boost|p1a: Tyranitar|spe|1\n|move|p2a: King Dedede|Yawn|p1a: Tyranitar\n|-start|p1a: Tyranitar|move: Yawn|[of] p2a: King Dedede\n|\n|-weather|Sandstorm|[upkeep]\n|-heal|p2a: King Dedede|85\/100|[from] item: Leftovers\n|upkeep\n|turn|42\n|\n|t:|1700274624\n|switch|p2a: Dark Matter|Dusclops, F|100\/100\n|-damage|p2a: Dark Matter|88\/100|[from] Spikes\n|-status|p2a: Dark Matter|psn\n|-item|p1a: Tyranitar|Smooth Rock|[from] ability: Frisk|[of] p2a: Dark Matter|[identify]\n|move|p1a: Tyranitar|Earthquake|p2a: Dark Matter\n|-damage|p2a: Dark Matter|51\/100 psn\n|\n|-weather|Sandstorm|[upkeep]\n|-damage|p2a: Dark Matter|45\/100 psn|[from] Sandstorm\n|-damage|p2a: Dark Matter|33\/100 psn|[from] psn\n|-end|p1a: Tyranitar|move: Yawn|[silent]\n|-status|p1a: Tyranitar|slp\n|upkeep\n|turn|43\n|\n|t:|1700274638\n|cant|p1a: Tyranitar|slp\n|move|p2a: Dark Matter|Pain Split|p1a: Tyranitar\n|-sethp|p1a: Tyranitar|62\/100 slp|[from] move: Pain Split|[silent]\n|-sethp|p2a: Dark Matter|88\/100 psn|[from] move: Pain Split\n|\n|-weather|Sandstorm|[upkeep]\n|-damage|p2a: Dark Matter|82\/100 psn|[from] Sandstorm\n|-damage|p2a: Dark Matter|70\/100 psn|[from] psn\n|upkeep\n|turn|44\n|\n|t:|1700274647\n|cant|p1a: Tyranitar|slp\n|move|p2a: Dark Matter|Night Shade|p1a: Tyranitar\n|-damage|p1a: Tyranitar|37\/100 slp\n|\n|-weather|Sandstorm|[upkeep]\n|-damage|p2a: Dark Matter|64\/100 psn|[from] Sandstorm\n|-damage|p2a: Dark Matter|51\/100 psn|[from] psn\n|upkeep\n|turn|45\n|\n|t:|1700274656\n|cant|p1a: Tyranitar|slp\n|move|p2a: Dark Matter|Night Shade|p1a: Tyranitar\n|-damage|p1a: Tyranitar|12\/100 slp\n|\n|-weather|Sandstorm|[upkeep]\n|-damage|p2a: Dark Matter|45\/100 psn|[from] Sandstorm\n|-damage|p2a: Dark Matter|33\/100 psn|[from] psn\n|upkeep\n|turn|46\n|\n|t:|1700274664\n|-curestatus|p1a: Tyranitar|slp|[msg]\n|move|p1a: Tyranitar|Crunch|p2a: Dark Matter\n|-supereffective|p2a: Dark Matter\n|-damage|p2a: Dark Matter|0 fnt\n|faint|p2a: Dark Matter\n|\n|-weather|Sandstorm|[upkeep]\n|-sideend|p1: Lilyfith X-2|Reflect\n|upkeep\n|\n|t:|1700274673\n|switch|p2a: King Dedede|Empoleon, M, shiny|85\/100\n|-damage|p2a: King Dedede|73\/100|[from] Spikes\n|turn|47\n|\n|t:|1700274677\n|move|p2a: King Dedede|Aqua Jet|p1a: Tyranitar\n|-supereffective|p1a: Tyranitar\n|-damage|p1a: Tyranitar|0 fnt\n|faint|p1a: Tyranitar\n|\n|-weather|Sandstorm|[upkeep]\n|-heal|p2a: King Dedede|79\/100|[from] item: Leftovers\n|upkeep\n|\n|t:|1700274680\n|switch|p1a: Hippowdon|Hippowdon, F|100\/100\n|turn|48\n|\n|t:|1700274689\n|move|p2a: King Dedede|Yawn|p1a: Hippowdon\n|-start|p1a: Hippowdon|move: Yawn|[of] p2a: King Dedede\n|move|p1a: Hippowdon|Earthquake|p2a: King Dedede\n|-supereffective|p2a: King Dedede\n|-damage|p2a: King Dedede|0 fnt\n|faint|p2a: King Dedede\n|\n|-weather|none\n|upkeep\n|\n|t:|1700274698\n|switch|p2a: Whispy Woods|Trevenant, M, tera:Fighting|40\/100 psn\n|-damage|p2a: Whispy Woods|28\/100 psn|[from] Spikes\n|turn|49\n|\n|t:|1700274703\n|move|p2a: Whispy Woods|Protect|p2a: Whispy Woods\n|-singleturn|p2a: Whispy Woods|Protect\n|move|p1a: Hippowdon|Earthquake|p2a: Whispy Woods\n|-activate|p2a: Whispy Woods|move: Protect\n|\n|-damage|p2a: Whispy Woods|16\/100 psn|[from] psn\n|-end|p1a: Hippowdon|move: Yawn|[silent]\n|-status|p1a: Hippowdon|slp\n|-item|p2a: Whispy Woods|Sitrus Berry|[from] ability: Harvest\n|upkeep\n|-enditem|p2a: Whispy Woods|Sitrus Berry|[eat]\n|-heal|p2a: Whispy Woods|41\/100 psn|[from] item: Sitrus Berry\n|turn|50\n|\n|t:|1700274716\n|move|p2a: Whispy Woods|Horn Leech|p1a: Hippowdon\n|-supereffective|p1a: Hippowdon\n|-damage|p1a: Hippowdon|52\/100 slp\n|-heal|p2a: Whispy Woods|67\/100 psn|[from] drain|[of] p1a: Hippowdon\n|cant|p1a: Hippowdon|slp\n|\n|-heal|p1a: Hippowdon|58\/100 slp|[from] item: Leftovers\n|-damage|p2a: Whispy Woods|55\/100 psn|[from] psn\n|upkeep\n|turn|51\n|\n|t:|1700274728\n|move|p2a: Whispy Woods|Horn Leech|p1a: Hippowdon\n|-supereffective|p1a: Hippowdon\n|-damage|p1a: Hippowdon|2\/100 slp\n|-heal|p2a: Whispy Woods|86\/100 psn|[from] drain|[of] p1a: Hippowdon\n|cant|p1a: Hippowdon|slp\n|\n|-heal|p1a: Hippowdon|8\/100 slp|[from] item: Leftovers\n|-damage|p2a: Whispy Woods|73\/100 psn|[from] psn\n|-item|p2a: Whispy Woods|Sitrus Berry|[from] ability: Harvest\n|upkeep\n|turn|52\n|c|\u2606mystori_|gg\n|l|\u2606Lilyfith X-2\n|inactive|Lilyfith X-2 disconnected and has a minute to reconnect!\n|player|p1|\n|inactive|Lilyfith X-2 has 30 seconds to reconnect!\n|inactive|Lilyfith X-2 has 20 seconds to reconnect!\n|inactive|Lilyfith X-2 has 15 seconds to reconnect!\n|inactive|Lilyfith X-2 has 10 seconds to reconnect!\n|inactive|Lilyfith X-2 has 5 seconds to reconnect!\n|-message|Lilyfith X-2 lost due to inactivity.\n|\n|win|mystori_\n|raw|Lilyfith X-2's rating: 1106 &rarr; <strong>1083<\/strong><br \/>(-23 for losing)\n|raw|mystori_'s rating: 1127 &rarr; <strong>1150<\/strong><br \/>(+23 for winning)\n","uploadtime":1700274813,"views":16,"p1id":"lilyfithx2","p2id":"mystori","formatid":"gen9ou","rating":1083,"private":0,"password":""}