{"id":"gen9ou-1990378844","p1":"VGC Jirachi","p2":"pastagirl !","format":"[Gen 9] OU","log":"|j|\u2606VGC Jirachi\n|j|\u2606pastagirl !\n|t:|1699964470\n|gametype|singles\n|player|p1|VGC Jirachi|pilot|1477\n|player|p2|pastagirl !|elesa|1610\n|teamsize|p1|6\n|teamsize|p2|6\n|gen|9\n|tier|[Gen 9] OU\n|rated|\n|rule|Sleep Clause Mod: Limit one foe put to sleep\n|rule|Species Clause: Limit one of each Pok\u00e9mon\n|rule|OHKO Clause: OHKO moves are banned\n|rule|Evasion Items Clause: Evasion items are banned\n|rule|Evasion Moves Clause: Evasion moves are banned\n|rule|Endless Battle Clause: Forcing endless battles is banned\n|rule|HP Percentage Mod: HP is shown in percentages\n|clearpoke\n|poke|p1|Cinderace, F|\n|poke|p1|Zapdos|\n|poke|p1|Ogerpon-Wellspring, F|\n|poke|p1|Slowking-Galar, F|\n|poke|p1|Ting-Lu|\n|poke|p1|Dondozo, M|\n|poke|p2|Pelipper, F|\n|poke|p2|Barraskewda, M|\n|poke|p2|Quaquaval, F|\n|poke|p2|Ogerpon-Wellspring, F|\n|poke|p2|Thundurus-Therian, M|\n|poke|p2|Amoonguss, M|\n|teampreview\n|inactive|Battle timer is ON: inactive players will automatically lose when time's up. (requested by VGC Jirachi)\n|j| d18l\n|j| vkhss\n|j| big as the wha\n|j| solounpocotonto\n|l| solounpocotonto\n|c|\u2606pastagirl !|i lose.\n|inactive|pastagirl ! has 120 seconds left.\n|c| d18l|,\n|c| big as the wha|meow:3\n|\n|t:|1699964557\n|start\n|switch|p1a: Zapdos|Zapdos|100\/100\n|switch|p2a: Barraskewda|Barraskewda, M|100\/100\n|turn|1\n|j| HaloKnight77\n|\n|t:|1699964577\n|switch|p2a: Thundurus|Thundurus-Therian, M|100\/100\n|move|p1a: Zapdos|Hurricane|p2a: Thundurus|[miss]\n|-miss|p1a: Zapdos|p2a: Thundurus\n|\n|upkeep\n|turn|2\n|\n|t:|1699964589\n|switch|p2a: EL PELIGRO|Pelipper, F, shiny|100\/100\n|-weather|RainDance|[from] ability: Drizzle|[of] p2a: EL PELIGRO\n|switch|p1a: Ting-Lu|Ting-Lu|100\/100\n|-ability|p1a: Ting-Lu|Vessel of Ruin\n|\n|-weather|RainDance|[upkeep]\n|upkeep\n|turn|3\n|\n|t:|1699964604\n|switch|p2a: Amoonguss|Amoonguss, M|100\/100\n|move|p1a: Ting-Lu|Stealth Rock|p2a: Amoonguss\n|-sidestart|p2: pastagirl !|move: Stealth Rock\n|\n|-weather|RainDance|[upkeep]\n|upkeep\n|turn|4\n|\n|t:|1699964613\n|switch|p1a: Ogerpon|Ogerpon-Wellspring, F|100\/100\n|move|p2a: Amoonguss|Spore|p1a: Ogerpon\n|-immune|p1a: Ogerpon\n|\n|-weather|RainDance|[upkeep]\n|upkeep\n|turn|5\n|\n|t:|1699964619\n|move|p1a: Ogerpon|Encore|p2a: Amoonguss\n|-start|p2a: Amoonguss|Encore\n|move|p2a: Amoonguss|Spore|p1a: Ogerpon\n|-immune|p1a: Ogerpon\n|\n|-weather|RainDance|[upkeep]\n|upkeep\n|turn|6\n|c| big as the wha|PLAYS\n|c|\u2606pastagirl !|fr who goes pon into moong.\n|c|\u2606pastagirl !|and why did it work\n|c| big as the wha|well\n|inactive|pastagirl ! has 120 seconds left.\n|c| big as the wha|he read u ya\n|\n|t:|1699964655\n|switch|p2a: Ogerpon|Ogerpon-Wellspring, F|100\/100\n|-damage|p2a: Ogerpon|88\/100|[from] Stealth Rock\n|move|p1a: Ogerpon|Knock Off|p2a: Ogerpon\n|-damage|p2a: Ogerpon|54\/100\n|\n|-weather|RainDance|[upkeep]\n|upkeep\n|turn|7\n|inactive|pastagirl ! has 120 seconds left.\n|\n|t:|1699964668\n|switch|p2a: Amoonguss|Amoonguss, M|100\/100\n|-damage|p2a: Amoonguss|88\/100|[from] Stealth Rock\n|move|p1a: Ogerpon|Power Whip|p2a: Amoonguss\n|-resisted|p2a: Amoonguss\n|-damage|p2a: Amoonguss|75\/100\n|-enditem|p2a: Amoonguss|Eject Button\n|inactive|pastagirl ! has 120 seconds left.\n|\n|t:|1699964680\n|switch|p2a: Barraskewda|Barraskewda, M|100\/100\n|-damage|p2a: Barraskewda|88\/100|[from] Stealth Rock\n|\n|-weather|RainDance|[upkeep]\n|upkeep\n|turn|8\n|l| d18l\n|\n|t:|1699964697\n|switch|p2a: Amoonguss|Amoonguss, M|100\/100\n|-damage|p2a: Amoonguss|88\/100|[from] Stealth Rock\n|switch|p1a: Dondozo|Dondozo, M|100\/100\n|\n|-weather|RainDance|[upkeep]\n|upkeep\n|turn|9\n|\n|t:|1699964715\n|move|p2a: Amoonguss|Giga Drain|p1a: Dondozo\n|-supereffective|p1a: Dondozo\n|-damage|p1a: Dondozo|54\/100\n|-heal|p2a: Amoonguss|100\/100|[from] drain|[of] p1a: Dondozo\n|move|p1a: Dondozo|Avalanche|p2a: Amoonguss\n|-supereffective|p2a: Amoonguss\n|-crit|p2a: Amoonguss\n|-damage|p2a: Amoonguss|39\/100\n|\n|-weather|none\n|upkeep\n|turn|10\n|c| big as the wha|big boi\n|c|\u2606pastagirl !|i am getting so owned.\n|\n|t:|1699964729\n|switch|p2a: EL PELIGRO|Pelipper, F, shiny|100\/100\n|-damage|p2a: EL PELIGRO|76\/100|[from] Stealth Rock\n|-weather|RainDance|[from] ability: Drizzle|[of] p2a: EL PELIGRO\n|switch|p1a: Zapdos|Zapdos|100\/100\n|\n|-weather|RainDance|[upkeep]\n|upkeep\n|turn|11\n|c| big as the wha|ur good\n|\n|t:|1699964742\n|switch|p2a: Thundurus|Thundurus-Therian, M|100\/100\n|move|p1a: Zapdos|Hurricane|p2a: Thundurus\n|-resisted|p2a: Thundurus\n|-damage|p2a: Thundurus|71\/100\n|-start|p2a: Thundurus|confusion\n|\n|-weather|RainDance|[upkeep]\n|upkeep\n|turn|12\n|c| big as the wha|i believe in u\ud83e\udd79\n|\n|t:|1699964751\n|-activate|p2a: Thundurus|confusion\n|-damage|p2a: Thundurus|60\/100|[from] confusion\n|move|p1a: Zapdos|Hurricane|p2a: Thundurus\n|-resisted|p2a: Thundurus\n|-damage|p2a: Thundurus|27\/100\n|\n|-weather|RainDance|[upkeep]\n|upkeep\n|turn|13\n|\n|t:|1699964758\n|-end|p2a: Thundurus|confusion\n|move|p2a: Thundurus|Thunder|p1a: Zapdos\n|-damage|p1a: Zapdos|41\/100\n|move|p1a: Zapdos|Hurricane|p2a: Thundurus\n|-resisted|p2a: Thundurus\n|-damage|p2a: Thundurus|0 fnt\n|faint|p2a: Thundurus\n|\n|-weather|RainDance|[upkeep]\n|upkeep\n|j| NWN\n|\n|t:|1699964770\n|switch|p2a: Ogerpon|Ogerpon-Wellspring, F|54\/100\n|-damage|p2a: Ogerpon|42\/100|[from] Stealth Rock\n|turn|14\n|c| big as the wha|ok i believe in u a lil less but i still believe in u\n|\n|t:|1699964795\n|switch|p1a: Cinderace|Cinderace, F|100\/100\n|move|p2a: Ogerpon|Ivy Cudgel|p1a: Cinderace|[anim] Ivy Cudgel Water\n|-supereffective|p1a: Cinderace\n|-crit|p1a: Cinderace\n|-damage|p1a: Cinderace|0 fnt\n|faint|p1a: Cinderace\n|\n|-weather|RainDance|[upkeep]\n|upkeep\n|j| d18l\n|c|\u2606pastagirl !|i can def still win this for sure\n|inactive|VGC Jirachi has 120 seconds left.\n|\n|t:|1699964836\n|switch|p1a: Slowking|Slowking-Galar, F|100\/100\n|turn|15\n|inactive|pastagirl ! has 120 seconds left.\n|\n|t:|1699964870\n|-terastallize|p2a: Ogerpon|Water\n|detailschange|p2a: Ogerpon|Ogerpon-Wellspring-Tera, F, tera:Water\n|-ability|p2a: Ogerpon|Embody Aspect (Wellspring)|boost\n|-boost|p2a: Ogerpon|spd|1\n|move|p2a: Ogerpon|Ivy Cudgel|p1a: Slowking|[anim] Ivy Cudgel Water\n|-damage|p1a: Slowking|16\/100\n|move|p1a: Slowking|Sludge Bomb|p2a: Ogerpon\n|-damage|p2a: Ogerpon|18\/100\n|\n|-weather|RainDance|[upkeep]\n|upkeep\n|turn|16\n|\n|t:|1699964883\n|move|p2a: Ogerpon|Power Whip|p1a: Slowking|[miss]\n|-miss|p2a: Ogerpon|p1a: Slowking\n|move|p1a: Slowking|Sludge Bomb|p2a: Ogerpon\n|-crit|p2a: Ogerpon\n|-damage|p2a: Ogerpon|0 fnt\n|faint|p2a: Ogerpon\n|\n|-weather|RainDance|[upkeep]\n|upkeep\n|c|\u2606pastagirl !|f\n|\n|t:|1699964890\n|switch|p2a: quacker oats|Quaquaval, F|100\/100\n|turn|17\n|\n|t:|1699964895\n|move|p2a: quacker oats|Rapid Spin|p1a: Slowking\n|-damage|p1a: Slowking|3\/100\n|-boost|p2a: quacker oats|spe|1\n|-sideend|p2: pastagirl !|Stealth Rock|[from] move: Rapid Spin|[of] p2a: quacker oats\n|move|p1a: Slowking|Chilly Reception|p1a: Slowking\n|-weather|Snow\n|c| NWN|why tera there\n|c| NWN|they still have dondozo up\n|inactive|VGC Jirachi has 120 seconds left.\n|c|\u2606pastagirl !|i thought it would kill right\n|c| NWN|that's fair\n|c|\u2606pastagirl !|what's my alternative\n|\n|t:|1699964917\n|switch|p1a: Ogerpon|Ogerpon-Wellspring, F|100\/100|[from] Chilly Reception\n|\n|-weather|Snow|[upkeep]\n|upkeep\n|turn|18\n|c| d18l|252 Atk Wellspring Mask Tera Water Ogerpon-Wellspring-Tera Ivy Cudgel vs. 252 HP \/ 252+ Def Slowking-Galar in Rain: 310-366 (78.6 - 92.8%) -- guaranteed OHKO\n|c| d18l|:c\n|inactive|pastagirl ! has 120 seconds left.\n|j| TreeNinja13\n|c|\u2606pastagirl !|damn.\n|\n|t:|1699964958\n|switch|p2a: Amoonguss|Amoonguss, M|73\/100\n|move|p1a: Ogerpon|Power Whip|p2a: Amoonguss\n|-resisted|p2a: Amoonguss\n|-damage|p2a: Amoonguss|58\/100\n|\n|-weather|Snow|[upkeep]\n|upkeep\n|turn|19\n|inactive|pastagirl ! has 90 seconds left.\n|\n|t:|1699964979\n|switch|p1a: Slowking|Slowking-Galar, F|36\/100\n|move|p2a: Amoonguss|Spore|p1a: Slowking\n|-status|p1a: Slowking|slp|[from] move: Spore\n|\n|-weather|Snow|[upkeep]\n|upkeep\n|turn|20\n|l| d18l\n|\n|t:|1699964988\n|switch|p2a: Barraskewda|Barraskewda, M|88\/100\n|cant|p1a: Slowking|slp\n|\n|-weather|Snow|[upkeep]\n|upkeep\n|turn|21\n|l| TreeNinja13\n|\n|t:|1699964996\n|move|p2a: Barraskewda|Psychic Fangs|p1a: Slowking\n|-damage|p1a: Slowking|0 fnt\n|faint|p1a: Slowking\n|\n|-weather|none\n|upkeep\n|inactive|VGC Jirachi has 120 seconds left.\n|\n|t:|1699965011\n|switch|p1a: Dondozo|Dondozo, M|54\/100\n|turn|22\n|inactive|VGC Jirachi has 120 seconds left.\n|\n|t:|1699965027\n|switch|p2a: EL PELIGRO|Pelipper, F, shiny|76\/100\n|-weather|RainDance|[from] ability: Drizzle|[of] p2a: EL PELIGRO\n|move|p1a: Dondozo|Body Press|p2a: EL PELIGRO\n|-resisted|p2a: EL PELIGRO\n|-damage|p2a: EL PELIGRO|66\/100\n|\n|-weather|RainDance|[upkeep]\n|upkeep\n|turn|23\n|\n|t:|1699965035\n|switch|p2a: Amoonguss|Amoonguss, M|91\/100\n|move|p1a: Dondozo|Avalanche|p2a: Amoonguss\n|-supereffective|p2a: Amoonguss\n|-damage|p2a: Amoonguss|71\/100\n|\n|-weather|RainDance|[upkeep]\n|upkeep\n|turn|24\n|\n|t:|1699965043\n|move|p2a: Amoonguss|Giga Drain|p1a: Dondozo\n|-supereffective|p1a: Dondozo\n|-damage|p1a: Dondozo|8\/100\n|-heal|p2a: Amoonguss|98\/100|[from] drain|[of] p1a: Dondozo\n|move|p1a: Dondozo|Rest|p1a: Dondozo\n|-status|p1a: Dondozo|slp|[from] move: Rest\n|-heal|p1a: Dondozo|100\/100 slp|[silent]\n|\n|-weather|RainDance|[upkeep]\n|upkeep\n|turn|25\n|\n|t:|1699965052\n|switch|p1a: Zapdos|Zapdos|41\/100\n|move|p2a: Amoonguss|Giga Drain|p1a: Zapdos\n|-resisted|p1a: Zapdos\n|-damage|p1a: Zapdos|29\/100\n|-heal|p2a: Amoonguss|100\/100|[from] drain|[of] p1a: Zapdos\n|\n|-weather|RainDance|[upkeep]\n|upkeep\n|turn|26\n|inactive|pastagirl ! has 120 seconds left.\n|\n|t:|1699965065\n|move|p1a: Zapdos|Hurricane|p2a: Amoonguss\n|-supereffective|p2a: Amoonguss\n|-damage|p2a: Amoonguss|25\/100\n|move|p2a: Amoonguss|Spore|p1a: Zapdos\n|-status|p1a: Zapdos|slp|[from] move: Spore\n|\n|-weather|RainDance|[upkeep]\n|upkeep\n|turn|27\n|inactive|pastagirl ! has 120 seconds left.\n|\n|t:|1699965072\n|switch|p2a: Barraskewda|Barraskewda, M|88\/100\n|cant|p1a: Zapdos|slp\n|\n|-weather|RainDance|[upkeep]\n|upkeep\n|turn|28\n|\n|t:|1699965078\n|move|p2a: Barraskewda|Close Combat|p1a: Zapdos\n|-resisted|p1a: Zapdos\n|-damage|p1a: Zapdos|0 fnt\n|-unboost|p2a: Barraskewda|def|1\n|-unboost|p2a: Barraskewda|spd|1\n|faint|p1a: Zapdos\n|\n|-weather|RainDance|[upkeep]\n|upkeep\n|\n|t:|1699965083\n|switch|p1a: Dondozo|Dondozo, M|100\/100 slp\n|turn|29\n|\n|t:|1699965087\n|switch|p2a: Amoonguss|Amoonguss, M|59\/100\n|cant|p1a: Dondozo|slp\n|move|p1a: Dondozo|Sleep Talk|p1a: Dondozo\n|move|p1a: Dondozo|Body Press|p2a: Amoonguss|[from]move: Sleep Talk\n|-resisted|p2a: Amoonguss\n|-damage|p2a: Amoonguss|49\/100\n|\n|-weather|none\n|upkeep\n|turn|30\n|\n|t:|1699965097\n|switch|p1a: Ting-Lu|Ting-Lu|100\/100\n|-ability|p1a: Ting-Lu|Vessel of Ruin\n|move|p2a: Amoonguss|Giga Drain|p1a: Ting-Lu\n|-supereffective|p1a: Ting-Lu\n|-damage|p1a: Ting-Lu|80\/100\n|-heal|p2a: Amoonguss|61\/100|[from] drain|[of] p1a: Ting-Lu\n|\n|-heal|p1a: Ting-Lu|86\/100|[from] item: Leftovers\n|upkeep\n|turn|31\n|\n|t:|1699965107\n|move|p1a: Ting-Lu|Stealth Rock|p2a: Amoonguss\n|-sidestart|p2: pastagirl !|move: Stealth Rock\n|move|p2a: Amoonguss|Spore|p1a: Ting-Lu\n|-status|p1a: Ting-Lu|slp|[from] move: Spore\n|\n|-heal|p1a: Ting-Lu|93\/100 slp|[from] item: Leftovers\n|upkeep\n|turn|32\n|\n|t:|1699965116\n|switch|p2a: quacker oats|Quaquaval, F|100\/100\n|cant|p1a: Ting-Lu|slp\n|\n|-heal|p1a: Ting-Lu|99\/100 slp|[from] item: Leftovers\n|upkeep\n|turn|33\n|\n|t:|1699965124\n|move|p2a: quacker oats|Rapid Spin|p1a: Ting-Lu\n|-damage|p1a: Ting-Lu|91\/100 slp\n|-boost|p2a: quacker oats|spe|1\n|-sideend|p2: pastagirl !|Stealth Rock|[from] move: Rapid Spin|[of] p2a: quacker oats\n|cant|p1a: Ting-Lu|slp\n|\n|-heal|p1a: Ting-Lu|97\/100 slp|[from] item: Leftovers\n|upkeep\n|turn|34\n|\n|t:|1699965130\n|move|p2a: quacker oats|Close Combat|p1a: Ting-Lu\n|-supereffective|p1a: Ting-Lu\n|-damage|p1a: Ting-Lu|37\/100 slp\n|-unboost|p2a: quacker oats|def|1\n|-unboost|p2a: quacker oats|spd|1\n|-curestatus|p1a: Ting-Lu|slp|[msg]\n|move|p1a: Ting-Lu|Whirlwind|p2a: quacker oats\n|drag|p2a: Amoonguss|Amoonguss, M|94\/100\n|\n|-heal|p1a: Ting-Lu|43\/100|[from] item: Leftovers\n|upkeep\n|turn|35\n|\n|t:|1699965139\n|switch|p1a: Dondozo|Dondozo, M|100\/100 slp\n|move|p2a: Amoonguss|Spore|p1a: Dondozo\n|-fail|p1a: Dondozo|slp\n|\n|upkeep\n|turn|36\n|\n|t:|1699965147\n|move|p2a: Amoonguss|Giga Drain|p1a: Dondozo\n|-supereffective|p1a: Dondozo\n|-damage|p1a: Dondozo|58\/100 slp\n|-heal|p2a: Amoonguss|100\/100|[from] drain|[of] p1a: Dondozo\n|cant|p1a: Dondozo|slp\n|move|p1a: Dondozo|Sleep Talk|p1a: Dondozo\n|move|p1a: Dondozo|Rest||[from]move: Sleep Talk|[still]\n|-fail|p1a: Dondozo\n|\n|upkeep\n|turn|37\n|j| abr fan 2\n|\n|t:|1699965156\n|move|p2a: Amoonguss|Giga Drain|p1a: Dondozo\n|-supereffective|p1a: Dondozo\n|-damage|p1a: Dondozo|16\/100 slp\n|-curestatus|p1a: Dondozo|slp|[msg]\n|move|p1a: Dondozo|Rest|p1a: Dondozo\n|-status|p1a: Dondozo|slp|[from] move: Rest\n|-heal|p1a: Dondozo|100\/100 slp|[silent]\n|\n|upkeep\n|turn|38\n|\n|t:|1699965161\n|move|p2a: Amoonguss|Foul Play|p1a: Dondozo\n|-damage|p1a: Dondozo|90\/100 slp\n|cant|p1a: Dondozo|slp\n|move|p1a: Dondozo|Sleep Talk|p1a: Dondozo\n|move|p1a: Dondozo|Rest||[from]move: Sleep Talk|[still]\n|-fail|p1a: Dondozo\n|\n|upkeep\n|turn|39\n|\n|t:|1699965170\n|move|p2a: Amoonguss|Giga Drain|p1a: Dondozo\n|-supereffective|p1a: Dondozo\n|-damage|p1a: Dondozo|49\/100 slp\n|cant|p1a: Dondozo|slp\n|move|p1a: Dondozo|Sleep Talk|p1a: Dondozo\n|move|p1a: Dondozo|Avalanche|p2a: Amoonguss|[from]move: Sleep Talk\n|-supereffective|p2a: Amoonguss\n|-damage|p2a: Amoonguss|58\/100\n|\n|upkeep\n|turn|40\n|\n|t:|1699965178\n|switch|p2a: EL PELIGRO|Pelipper, F, shiny|66\/100\n|-weather|RainDance|[from] ability: Drizzle|[of] p2a: EL PELIGRO\n|-curestatus|p1a: Dondozo|slp|[msg]\n|move|p1a: Dondozo|Rest|p1a: Dondozo\n|-status|p1a: Dondozo|slp|[from] move: Rest\n|-heal|p1a: Dondozo|100\/100 slp|[silent]\n|\n|-weather|RainDance|[upkeep]\n|upkeep\n|turn|41\n|\n|t:|1699965184\n|move|p2a: EL PELIGRO|Hurricane|p1a: Dondozo\n|-damage|p1a: Dondozo|67\/100 slp\n|cant|p1a: Dondozo|slp\n|move|p1a: Dondozo|Sleep Talk|p1a: Dondozo\n|move|p1a: Dondozo|Body Press|p2a: EL PELIGRO|[from]move: Sleep Talk\n|-resisted|p2a: EL PELIGRO\n|-damage|p2a: EL PELIGRO|55\/100\n|\n|-weather|RainDance|[upkeep]\n|upkeep\n|turn|42\n|\n|t:|1699965193\n|switch|p1a: Ting-Lu|Ting-Lu|43\/100\n|-ability|p1a: Ting-Lu|Vessel of Ruin\n|move|p2a: EL PELIGRO|Hurricane|p1a: Ting-Lu\n|-damage|p1a: Ting-Lu|27\/100\n|-start|p1a: Ting-Lu|confusion\n|\n|-weather|RainDance|[upkeep]\n|-heal|p1a: Ting-Lu|33\/100|[from] item: Leftovers\n|upkeep\n|turn|43\n|\n|t:|1699965197\n|move|p2a: EL PELIGRO|U-turn|p1a: Ting-Lu\n|-supereffective|p1a: Ting-Lu\n|-damage|p1a: Ting-Lu|22\/100\n|\n|t:|1699965200\n|switch|p2a: quacker oats|Quaquaval, F|100\/100|[from] U-turn\n|-activate|p1a: Ting-Lu|confusion\n|move|p1a: Ting-Lu|Stealth Rock|p2a: quacker oats\n|-sidestart|p2: pastagirl !|move: Stealth Rock\n|\n|-weather|RainDance|[upkeep]\n|-heal|p1a: Ting-Lu|28\/100|[from] item: Leftovers\n|upkeep\n|turn|44\n|\n|t:|1699965207\n|move|p2a: quacker oats|Rapid Spin|p1a: Ting-Lu\n|-damage|p1a: Ting-Lu|19\/100\n|-boost|p2a: quacker oats|spe|1\n|-sideend|p2: pastagirl !|Stealth Rock|[from] move: Rapid Spin|[of] p2a: quacker oats\n|-activate|p1a: Ting-Lu|confusion\n|-damage|p1a: Ting-Lu|13\/100|[from] confusion\n|\n|-weather|RainDance|[upkeep]\n|-heal|p1a: Ting-Lu|19\/100|[from] item: Leftovers\n|upkeep\n|turn|45\n|\n|t:|1699965215\n|switch|p1a: Dondozo|Dondozo, M|67\/100 slp\n|move|p2a: quacker oats|Aqua Step|p1a: Dondozo\n|-resisted|p1a: Dondozo\n|-damage|p1a: Dondozo|53\/100 slp\n|-boost|p2a: quacker oats|spe|1\n|\n|-weather|RainDance|[upkeep]\n|upkeep\n|turn|46\n|\n|t:|1699965223\n|move|p2a: quacker oats|Close Combat|p1a: Dondozo\n|-damage|p1a: Dondozo|25\/100 slp\n|-unboost|p2a: quacker oats|def|1\n|-unboost|p2a: quacker oats|spd|1\n|cant|p1a: Dondozo|slp\n|move|p1a: Dondozo|Sleep Talk|p1a: Dondozo\n|move|p1a: Dondozo|Rest||[from]move: Sleep Talk|[still]\n|-fail|p1a: Dondozo\n|\n|-weather|RainDance|[upkeep]\n|upkeep\n|turn|47\n|\n|t:|1699965231\n|move|p2a: quacker oats|Close Combat|p1a: Dondozo\n|-damage|p1a: Dondozo|0 fnt\n|-unboost|p2a: quacker oats|def|1\n|-unboost|p2a: quacker oats|spd|1\n|faint|p1a: Dondozo\n|-ability|p2a: quacker oats|Moxie|boost\n|-boost|p2a: quacker oats|atk|1\n|\n|-weather|none\n|upkeep\n|\n|t:|1699965235\n|switch|p1a: Ogerpon|Ogerpon-Wellspring, F|100\/100\n|turn|48\n|\n|t:|1699965244\n|move|p2a: quacker oats|Close Combat|p1a: Ogerpon\n|-damage|p1a: Ogerpon|0 fnt\n|-unboost|p2a: quacker oats|def|1\n|-unboost|p2a: quacker oats|spd|1\n|faint|p1a: Ogerpon\n|-ability|p2a: quacker oats|Moxie|boost\n|-boost|p2a: quacker oats|atk|1\n|\n|upkeep\n|c|\u2606VGC Jirachi|gg\n|\n|t:|1699965250\n|switch|p1a: Ting-Lu|Ting-Lu|19\/100\n|-ability|p1a: Ting-Lu|Vessel of Ruin\n|turn|49\n|c|\u2606pastagirl !|gg\n|\n|t:|1699965254\n|move|p2a: quacker oats|Close Combat|p1a: Ting-Lu\n|-supereffective|p1a: Ting-Lu\n|-damage|p1a: Ting-Lu|0 fnt\n|-unboost|p2a: quacker oats|def|1\n|-unboost|p2a: quacker oats|spd|1\n|faint|p1a: Ting-Lu\n|\n|win|pastagirl !\n|raw|VGC Jirachi's rating: 1477 &rarr; <strong>1464<\/strong><br \/>(-13 for losing)\n|raw|pastagirl !'s rating: 1610 &rarr; <strong>1623<\/strong><br \/>(+13 for winning)\n|l|\u2606VGC Jirachi\n|l| HaloKnight77\n|l| abr fan 2\n|c| NWN|how the hell did you bring that back\n|c| NWN|that was wild\n|l| vkhss\n|c|\u2606pastagirl !|idk NWN lmao\n|l|\u2606pastagirl !\n|j| Mangoes in Tahiti\n","uploadtime":1699966637,"views":10,"p1id":"vgcjirachi","p2id":"pastagirl","formatid":"gen9ou","rating":1464,"private":0,"password":""}