{"id":"gen9ou-1995680120","p1":"Rothmund \u22c6","p2":"Plorish","format":"[Gen 9] OU","log":"|j|\u2606Rothmund \u22c6\n|j|\u2606Plorish\n|t:|1700593365\n|gametype|singles\n|player|p1|Rothmund \u22c6|ingo|1168\n|player|p2|Plorish|riley|1151\n|teamsize|p1|6\n|teamsize|p2|6\n|gen|9\n|tier|[Gen 9] OU\n|rated|\n|rule|Sleep Clause Mod: Limit one foe put to sleep\n|rule|Species Clause: Limit one of each Pok\u00e9mon\n|rule|OHKO Clause: OHKO moves are banned\n|rule|Evasion Items Clause: Evasion items are banned\n|rule|Evasion Moves Clause: Evasion moves are banned\n|rule|Endless Battle Clause: Forcing endless battles is banned\n|rule|HP Percentage Mod: HP is shown in percentages\n|clearpoke\n|poke|p1|Maushold-Four|\n|poke|p1|Rillaboom, M|\n|poke|p1|Great Tusk|\n|poke|p1|Heatran, M|\n|poke|p1|Kingambit, F|\n|poke|p1|Yanmega, F|\n|poke|p2|Gardevoir, F|\n|poke|p2|Armarouge, F|\n|poke|p2|Sinistcha|\n|poke|p2|Iron Hands|\n|poke|p2|Kleavor, F|\n|poke|p2|Grafaiai, F|\n|teampreview\n|inactive|Battle timer is ON: inactive players will automatically lose when time's up. (requested by Plorish)\n|\n|t:|1700593372\n|start\n|switch|p1a: Iron Magma|Heatran, M|100\/100\n|switch|p2a: Grafaiai|Grafaiai, F|100\/100\n|turn|1\n|\n|t:|1700593381\n|move|p2a: Grafaiai|Taunt|p1a: Iron Magma\n|-start|p1a: Iron Magma|move: Taunt\n|move|p1a: Iron Magma|Earth Power|p2a: Grafaiai\n|-supereffective|p2a: Grafaiai\n|-damage|p2a: Grafaiai|18\/100\n|\n|upkeep\n|turn|2\n|\n|t:|1700593393\n|move|p2a: Grafaiai|Knock Off|p1a: Iron Magma\n|-damage|p1a: Iron Magma|79\/100\n|-enditem|p1a: Iron Magma|Leftovers|[from] move: Knock Off|[of] p2a: Grafaiai\n|move|p1a: Iron Magma|Magma Storm|p2a: Grafaiai|[miss]\n|-miss|p1a: Iron Magma|p2a: Grafaiai\n|\n|upkeep\n|turn|3\n|\n|t:|1700593406\n|switch|p2a: Iron Hands|Iron Hands|100\/100\n|move|p1a: Iron Magma|Earth Power|p2a: Iron Hands\n|-supereffective|p2a: Iron Hands\n|-damage|p2a: Iron Hands|51\/100\n|\n|-end|p1a: Iron Magma|move: Taunt\n|upkeep\n|turn|4\n|\n|t:|1700593413\n|move|p1a: Iron Magma|Earth Power|p2a: Iron Hands\n|-supereffective|p2a: Iron Hands\n|-damage|p2a: Iron Hands|4\/100\n|move|p2a: Iron Hands|Drain Punch|p1a: Iron Magma\n|-supereffective|p1a: Iron Magma\n|-damage|p1a: Iron Magma|4\/100\n|-heal|p2a: Iron Hands|33\/100|[from] drain|[of] p1a: Iron Magma\n|\n|upkeep\n|turn|5\n|\n|t:|1700593423\n|move|p1a: Iron Magma|Earth Power|p2a: Iron Hands\n|-supereffective|p2a: Iron Hands\n|-damage|p2a: Iron Hands|0 fnt\n|faint|p2a: Iron Hands\n|-end|p2a: Iron Hands|Quark Drive|[silent]\n|\n|upkeep\n|\n|t:|1700593428\n|switch|p2a: Kleavor|Kleavor, F|100\/100\n|turn|6\n|\n|t:|1700593430\n|move|p2a: Kleavor|Stone Axe|p1a: Iron Magma\n|-damage|p1a: Iron Magma|0 fnt\n|-sidestart|p1: Rothmund \u22c6|move: Stealth Rock\n|faint|p1a: Iron Magma\n|\n|upkeep\n|\n|t:|1700593454\n|switch|p1a: My Favorite|Yanmega, F, shiny|100\/100\n|turn|7\n|\n|t:|1700593459\n|move|p1a: My Favorite|Detect|p1a: My Favorite\n|-singleturn|p1a: My Favorite|Protect\n|move|p2a: Kleavor|Stone Axe|p1a: My Favorite\n|-activate|p1a: My Favorite|move: Protect\n|\n|-ability|p1a: My Favorite|Speed Boost|boost\n|-boost|p1a: My Favorite|spe|1\n|upkeep\n|turn|8\n|\n|t:|1700593467\n|-terastallize|p1a: My Favorite|Rock\n|move|p2a: Kleavor|Stone Axe|p1a: My Favorite\n|-damage|p1a: My Favorite|33\/100\n|move|p1a: My Favorite|Ancient Power|p2a: Kleavor\n|-supereffective|p2a: Kleavor\n|-damage|p2a: Kleavor|0 fnt\n|faint|p2a: Kleavor\n|\n|-ability|p1a: My Favorite|Speed Boost|boost\n|-boost|p1a: My Favorite|spe|1\n|upkeep\n|\n|t:|1700593486\n|switch|p2a: Armarouge|Armarouge, F|100\/100\n|turn|9\n|\n|t:|1700593493\n|move|p1a: My Favorite|Ancient Power|p2a: Armarouge\n|-supereffective|p2a: Armarouge\n|-damage|p2a: Armarouge|14\/100\n|-enditem|p2a: Armarouge|Weakness Policy\n|-boost|p2a: Armarouge|atk|2|[from] item: Weakness Policy\n|-boost|p2a: Armarouge|spa|2|[from] item: Weakness Policy\n|move|p2a: Armarouge|Aura Sphere|p1a: My Favorite\n|-supereffective|p1a: My Favorite\n|-damage|p1a: My Favorite|0 fnt\n|faint|p1a: My Favorite\n|\n|upkeep\n|\n|t:|1700593501\n|switch|p1a: Rillaboom|Rillaboom, M|100\/100\n|-damage|p1a: Rillaboom|88\/100|[from] Stealth Rock\n|-fieldstart|move: Grassy Terrain|[from] ability: Grassy Surge|[of] p1a: Rillaboom\n|turn|10\n|\n|t:|1700593506\n|move|p1a: Rillaboom|Grassy Glide|p2a: Armarouge\n|-resisted|p2a: Armarouge\n|-damage|p2a: Armarouge|0 fnt\n|faint|p2a: Armarouge\n|\n|-heal|p1a: Rillaboom|94\/100|[from] Grassy Terrain\n|upkeep\n|\n|t:|1700593513\n|switch|p2a: Sinistcha|Sinistcha|100\/100\n|turn|11\n|\n|t:|1700593532\n|move|p1a: Rillaboom|Grassy Glide|p2a: Sinistcha\n|-resisted|p2a: Sinistcha\n|-damage|p2a: Sinistcha|75\/100\n|move|p2a: Sinistcha|Matcha Gotcha|p1a: Rillaboom\n|-resisted|p1a: Rillaboom\n|-damage|p1a: Rillaboom|56\/100\n|-heal|p2a: Sinistcha|97\/100|[from] drain|[of] p1a: Rillaboom\n|\n|-heal|p1a: Rillaboom|62\/100|[from] Grassy Terrain\n|-heal|p2a: Sinistcha|100\/100|[from] Grassy Terrain\n|upkeep\n|turn|12\n|\n|t:|1700593542\n|move|p1a: Rillaboom|Grassy Glide|p2a: Sinistcha\n|-resisted|p2a: Sinistcha\n|-crit|p2a: Sinistcha\n|-damage|p2a: Sinistcha|58\/100\n|move|p2a: Sinistcha|Strength Sap|p1a: Rillaboom\n|-unboost|p1a: Rillaboom|atk|1\n|-heal|p2a: Sinistcha|100\/100\n|\n|-heal|p1a: Rillaboom|69\/100|[from] Grassy Terrain\n|upkeep\n|turn|13\n|\n|t:|1700593546\n|move|p1a: Rillaboom|Grassy Glide|p2a: Sinistcha\n|-resisted|p2a: Sinistcha\n|-damage|p2a: Sinistcha|82\/100\n|move|p2a: Sinistcha|Strength Sap|p1a: Rillaboom\n|-unboost|p1a: Rillaboom|atk|1\n|-heal|p2a: Sinistcha|100\/100\n|\n|-heal|p1a: Rillaboom|75\/100|[from] Grassy Terrain\n|upkeep\n|turn|14\n|\n|t:|1700593551\n|move|p1a: Rillaboom|Grassy Glide|p2a: Sinistcha\n|-resisted|p2a: Sinistcha\n|-damage|p2a: Sinistcha|88\/100\n|move|p2a: Sinistcha|Matcha Gotcha|p1a: Rillaboom\n|-resisted|p1a: Rillaboom\n|-damage|p1a: Rillaboom|35\/100\n|-heal|p2a: Sinistcha|100\/100|[from] drain|[of] p1a: Rillaboom\n|\n|-heal|p1a: Rillaboom|41\/100|[from] Grassy Terrain\n|-fieldend|move: Grassy Terrain\n|upkeep\n|turn|15\n|\n|t:|1700593561\n|switch|p1a: Kawa no Hikari|Maushold-Four|100\/100\n|-damage|p1a: Kawa no Hikari|88\/100|[from] Stealth Rock\n|move|p2a: Sinistcha|Scald|p1a: Kawa no Hikari\n|-damage|p1a: Kawa no Hikari|42\/100\n|\n|upkeep\n|turn|16\n|\n|t:|1700593570\n|move|p1a: Kawa no Hikari|Bite|p2a: Sinistcha\n|-supereffective|p2a: Sinistcha\n|-damage|p2a: Sinistcha|61\/100\n|-enditem|p2a: Sinistcha|Weakness Policy\n|-boost|p2a: Sinistcha|atk|2|[from] item: Weakness Policy\n|-boost|p2a: Sinistcha|spa|2|[from] item: Weakness Policy\n|move|p2a: Sinistcha|Scald|p1a: Kawa no Hikari\n|-damage|p1a: Kawa no Hikari|0 fnt\n|faint|p1a: Kawa no Hikari\n|\n|upkeep\n|\n|t:|1700593577\n|switch|p1a: Rillaboom|Rillaboom, M|41\/100\n|-damage|p1a: Rillaboom|29\/100|[from] Stealth Rock\n|-fieldstart|move: Grassy Terrain|[from] ability: Grassy Surge|[of] p1a: Rillaboom\n|turn|17\n|\n|t:|1700593579\n|move|p1a: Rillaboom|Knock Off|p2a: Sinistcha\n|-supereffective|p2a: Sinistcha\n|-damage|p2a: Sinistcha|0 fnt\n|faint|p2a: Sinistcha\n|\n|-heal|p1a: Rillaboom|35\/100|[from] Grassy Terrain\n|upkeep\n|\n|t:|1700593588\n|switch|p2a: Grafaiai|Grafaiai, F|18\/100\n|turn|18\n|\n|t:|1700593590\n|move|p2a: Grafaiai|U-turn|p1a: Rillaboom\n|-supereffective|p1a: Rillaboom\n|-damage|p1a: Rillaboom|0 fnt\n|faint|p1a: Rillaboom\n|\n|t:|1700593593\n|switch|p2a: Gardevoir|Gardevoir, F, shiny|100\/100|[from] U-turn\n|\n|upkeep\n|\n|t:|1700593596\n|switch|p1a: Bigthesth Theeth|Great Tusk|100\/100\n|-damage|p1a: Bigthesth Theeth|98\/100|[from] Stealth Rock\n|turn|19\n|\n|t:|1700593602\n|move|p1a: Bigthesth Theeth|Headlong Rush|p2a: Gardevoir\n|-damage|p2a: Gardevoir|13\/100\n|-unboost|p1a: Bigthesth Theeth|def|1\n|-unboost|p1a: Bigthesth Theeth|spd|1\n|move|p2a: Gardevoir|Hypnosis|p1a: Bigthesth Theeth|[miss]\n|-miss|p2a: Gardevoir|p1a: Bigthesth Theeth\n|-enditem|p2a: Gardevoir|Blunder Policy\n|-boost|p2a: Gardevoir|spe|2\n|\n|-heal|p2a: Gardevoir|20\/100|[from] Grassy Terrain\n|-heal|p1a: Bigthesth Theeth|100\/100|[from] Grassy Terrain\n|upkeep\n|turn|20\n|\n|t:|1700593611\n|move|p2a: Gardevoir|Moonblast|p1a: Bigthesth Theeth\n|-supereffective|p1a: Bigthesth Theeth\n|-damage|p1a: Bigthesth Theeth|0 fnt\n|faint|p1a: Bigthesth Theeth\n|-end|p1a: Bigthesth Theeth|Protosynthesis|[silent]\n|\n|-heal|p2a: Gardevoir|26\/100|[from] Grassy Terrain\n|upkeep\n|\n|t:|1700593614\n|switch|p1a: Onna-musha|Kingambit, F|100\/100\n|-activate|p2a: Gardevoir|ability: Supreme Overlord\n|-start|p2a: Gardevoir|fallen4|[silent]\n|-ability|p2a: Gardevoir|Supreme Overlord|[from] ability: Trace|[of] p1a: Onna-musha\n|-damage|p1a: Onna-musha|94\/100|[from] Stealth Rock\n|-activate|p1a: Onna-musha|ability: Supreme Overlord\n|-start|p1a: Onna-musha|fallen5|[silent]\n|turn|21\n|\n|t:|1700593618\n|move|p1a: Onna-musha|Sucker Punch||[still]\n|-fail|p1a: Onna-musha\n|move|p2a: Gardevoir|Hypnosis|p1a: Onna-musha\n|-status|p1a: Onna-musha|slp|[from] move: Hypnosis\n|\n|-heal|p2a: Gardevoir|32\/100|[from] Grassy Terrain\n|-heal|p1a: Onna-musha|100\/100 slp|[from] Grassy Terrain\n|-fieldend|move: Grassy Terrain\n|upkeep\n|turn|22\n|\n|t:|1700593628\n|cant|p1a: Onna-musha|slp\n|move|p2a: Gardevoir|Aura Sphere|p1a: Onna-musha\n|-supereffective|p1a: Onna-musha\n|-damage|p1a: Onna-musha|0 fnt\n|faint|p1a: Onna-musha\n|-end|p1a: Onna-musha|fallen5|[silent]\n|\n|win|Plorish\n|raw|Rothmund \u22c6's rating: 1168 &rarr; <strong>1142<\/strong><br \/>(-26 for losing)\n|raw|Plorish's rating: 1151 &rarr; <strong>1177<\/strong><br \/>(+26 for winning)\n|c|\u2606Rothmund \u22c6|gg\n|l|\u2606Plorish\n","uploadtime":1700593637,"views":1,"p1id":"rothmund","p2id":"plorish","formatid":"gen9ou","rating":1142,"private":0,"password":""}