{"id":"gen9ou-2000512280","p1":"PhotosFromJames","p2":"hightopfade69","format":"[Gen 9] OU","log":"|j|\u2606PhotosFromJames\n|j|\u2606hightopfade69\n|t:|1701201035\n|gametype|singles\n|player|p1|PhotosFromJames|169|1124\n|player|p2|hightopfade69|169|1146\n|teamsize|p1|6\n|teamsize|p2|6\n|gen|9\n|tier|[Gen 9] OU\n|rated|\n|rule|Sleep Clause Mod: Limit one foe put to sleep\n|rule|Species Clause: Limit one of each Pok\u00e9mon\n|rule|OHKO Clause: OHKO moves are banned\n|rule|Evasion Items Clause: Evasion items are banned\n|rule|Evasion Moves Clause: Evasion moves are banned\n|rule|Endless Battle Clause: Forcing endless battles is banned\n|rule|HP Percentage Mod: HP is shown in percentages\n|clearpoke\n|poke|p1|Pachirisu, F|\n|poke|p1|Gyarados, F|\n|poke|p1|Corviknight, F|\n|poke|p1|Heatran, F|\n|poke|p1|Toxapex, F|\n|poke|p1|Dragonair, F|\n|poke|p2|Dragapult, F|\n|poke|p2|Ceruledge, F|\n|poke|p2|Chandelure, F|\n|poke|p2|Gholdengo|\n|poke|p2|Zoroark-Hisui, F|\n|poke|p2|Sinistcha|\n|teampreview\n|\n|t:|1701201058\n|start\n|switch|p1a: Gyarados|Gyarados, F|100\/100\n|switch|p2a: Sinistcha|Sinistcha|100\/100\n|turn|1\n|\n|t:|1701201065\n|move|p1a: Gyarados|Dragon Dance|p1a: Gyarados\n|-boost|p1a: Gyarados|atk|1\n|-boost|p1a: Gyarados|spe|1\n|move|p2a: Sinistcha|Strength Sap|p1a: Gyarados\n|-unboost|p1a: Gyarados|atk|1\n|\n|upkeep\n|turn|2\n|\n|t:|1701201074\n|move|p1a: Gyarados|Crunch|p2a: Sinistcha\n|-supereffective|p2a: Sinistcha\n|-damage|p2a: Sinistcha|49\/100\n|move|p2a: Sinistcha|Matcha Gotcha|p1a: Gyarados\n|-damage|p1a: Gyarados|65\/100\n|-heal|p2a: Sinistcha|69\/100|[from] drain|[of] p1a: Gyarados\n|\n|-heal|p2a: Sinistcha|75\/100|[from] item: Leftovers\n|upkeep\n|turn|3\n|\n|t:|1701201085\n|move|p1a: Gyarados|Dragon Dance|p1a: Gyarados\n|-boost|p1a: Gyarados|atk|1\n|-boost|p1a: Gyarados|spe|1\n|move|p2a: Sinistcha|Matcha Gotcha|p1a: Gyarados|[miss]\n|-miss|p2a: Sinistcha|p1a: Gyarados\n|\n|-heal|p2a: Sinistcha|81\/100|[from] item: Leftovers\n|upkeep\n|turn|4\n|\n|t:|1701201095\n|move|p1a: Gyarados|Crunch|p2a: Sinistcha\n|-supereffective|p2a: Sinistcha\n|-damage|p2a: Sinistcha|11\/100\n|move|p2a: Sinistcha|Matcha Gotcha|p1a: Gyarados\n|-damage|p1a: Gyarados|32\/100\n|-heal|p2a: Sinistcha|31\/100|[from] drain|[of] p1a: Gyarados\n|\n|-heal|p2a: Sinistcha|37\/100|[from] item: Leftovers\n|upkeep\n|turn|5\n|\n|t:|1701201107\n|move|p1a: Gyarados|Crunch|p2a: Sinistcha\n|-supereffective|p2a: Sinistcha\n|-damage|p2a: Sinistcha|0 fnt\n|faint|p2a: Sinistcha\n|-ability|p1a: Gyarados|Moxie|boost\n|-boost|p1a: Gyarados|atk|1\n|\n|upkeep\n|\n|t:|1701201112\n|switch|p2a: Ceruledge|Ceruledge, F|100\/100\n|turn|6\n|\n|t:|1701201124\n|move|p2a: Ceruledge|Shadow Sneak|p1a: Gyarados\n|-damage|p1a: Gyarados|9\/100\n|move|p1a: Gyarados|Waterfall|p2a: Ceruledge\n|-supereffective|p2a: Ceruledge\n|-enditem|p2a: Ceruledge|Focus Sash\n|-damage|p2a: Ceruledge|1\/100\n|-ability|p2a: Ceruledge|Weak Armor|boost\n|-unboost|p2a: Ceruledge|def|1\n|-boost|p2a: Ceruledge|spe|2\n|\n|upkeep\n|turn|7\n|\n|t:|1701201133\n|move|p2a: Ceruledge|Shadow Sneak|p1a: Gyarados\n|-damage|p1a: Gyarados|0 fnt\n|faint|p1a: Gyarados\n|\n|upkeep\n|\n|t:|1701201141\n|switch|p1a: Toxapex|Toxapex, F|100\/100\n|turn|8\n|\n|t:|1701201148\n|move|p2a: Ceruledge|Psycho Cut|p1a: Toxapex\n|-supereffective|p1a: Toxapex\n|-damage|p1a: Toxapex|70\/100\n|move|p1a: Toxapex|Toxic Spikes|p2a: Ceruledge\n|-sidestart|p2: hightopfade69|move: Toxic Spikes\n|\n|-heal|p1a: Toxapex|76\/100|[from] item: Leftovers\n|upkeep\n|turn|9\n|\n|t:|1701201154\n|move|p1a: Toxapex|Protect|p1a: Toxapex\n|-singleturn|p1a: Toxapex|Protect\n|move|p2a: Ceruledge|Swords Dance|p2a: Ceruledge\n|-boost|p2a: Ceruledge|atk|2\n|\n|-heal|p1a: Toxapex|83\/100|[from] item: Leftovers\n|upkeep\n|turn|10\n|\n|t:|1701201162\n|-terastallize|p1a: Toxapex|Dark\n|move|p2a: Ceruledge|Psycho Cut|p1a: Toxapex\n|-immune|p1a: Toxapex\n|move|p1a: Toxapex|Toxic|p2a: Ceruledge\n|-status|p2a: Ceruledge|tox\n|\n|-heal|p1a: Toxapex|89\/100|[from] item: Leftovers\n|-damage|p2a: Ceruledge|0 fnt|[from] psn\n|faint|p2a: Ceruledge\n|upkeep\n|\n|t:|1701201167\n|switch|p2a: Gholdengo|Gholdengo|100\/100\n|turn|11\n|\n|t:|1701201171\n|move|p2a: Gholdengo|Nasty Plot|p2a: Gholdengo\n|-boost|p2a: Gholdengo|spa|2\n|move|p1a: Toxapex|Toxic Spikes|p2a: Gholdengo\n|-sidestart|p2: hightopfade69|move: Toxic Spikes\n|\n|-heal|p1a: Toxapex|95\/100|[from] item: Leftovers\n|upkeep\n|turn|12\n|\n|t:|1701201176\n|switch|p1a: Pachirisu|Pachirisu, F|100\/100\n|move|p2a: Gholdengo|Nasty Plot|p2a: Gholdengo\n|-boost|p2a: Gholdengo|spa|2\n|\n|upkeep\n|turn|13\n|\n|t:|1701201181\n|move|p1a: Pachirisu|Nuzzle|p2a: Gholdengo\n|-damage|p2a: Gholdengo|97\/100\n|move|p2a: Gholdengo|Dazzling Gleam|p1a: Pachirisu\n|-damage|p1a: Pachirisu|31\/100\n|\n|upkeep\n|turn|14\n|\n|t:|1701201188\n|move|p1a: Pachirisu|Nuzzle|p2a: Gholdengo\n|-damage|p2a: Gholdengo|94\/100\n|move|p2a: Gholdengo|Dazzling Gleam|p1a: Pachirisu\n|-damage|p1a: Pachirisu|0 fnt\n|faint|p1a: Pachirisu\n|\n|upkeep\n|\n|t:|1701201195\n|switch|p1a: Heatran|Heatran, F|100\/100\n|turn|15\n|\n|t:|1701201202\n|-terastallize|p2a: Gholdengo|Fairy\n|move|p1a: Heatran|Flamethrower|p2a: Gholdengo\n|-damage|p2a: Gholdengo|52\/100\n|move|p2a: Gholdengo|Thunderbolt|p1a: Heatran\n|-damage|p1a: Heatran|2\/100\n|\n|upkeep\n|turn|16\n|\n|t:|1701201215\n|switch|p1a: Dragonair|Dragonair, F|100\/100\n|move|p2a: Gholdengo|Thunderbolt|p1a: Dragonair\n|-resisted|p1a: Dragonair\n|-damage|p1a: Dragonair|60\/100\n|\n|upkeep\n|turn|17\n|\n|t:|1701201226\n|move|p2a: Gholdengo|Dazzling Gleam|p1a: Dragonair\n|-supereffective|p1a: Dragonair\n|-damage|p1a: Dragonair|0 fnt\n|faint|p1a: Dragonair\n|\n|upkeep\n|\n|t:|1701201229\n|switch|p1a: Heatran|Heatran, F|2\/100\n|turn|18\n|\n|t:|1701201233\n|move|p1a: Heatran|Steel Beam|p2a: Gholdengo\n|-supereffective|p2a: Gholdengo\n|-damage|p2a: Gholdengo|0 fnt\n|-damage|p1a: Heatran|0 fnt|[from] steelbeam\n|faint|p1a: Heatran\n|faint|p2a: Gholdengo\n|\n|upkeep\n|\n|t:|1701201243\n|switch|p1a: Corviknight|Corviknight, F|100\/100\n|switch|p2a: Chandelure|Chandelure, F|100\/100\n|-status|p2a: Chandelure|tox\n|-ability|p1a: Corviknight|Pressure\n|turn|19\n|\n|t:|1701201254\n|switch|p1a: Toxapex|Toxapex, F, tera:Dark|95\/100\n|move|p2a: Chandelure|Flamethrower|p1a: Toxapex\n|-damage|p1a: Toxapex|57\/100\n|\n|-heal|p1a: Toxapex|64\/100|[from] item: Leftovers\n|-damage|p2a: Chandelure|94\/100 tox|[from] psn\n|upkeep\n|turn|20\n|\n|t:|1701201261\n|move|p1a: Toxapex|Protect|p1a: Toxapex\n|-singleturn|p1a: Toxapex|Protect\n|move|p2a: Chandelure|Flamethrower|p1a: Toxapex\n|-activate|p1a: Toxapex|move: Protect\n|\n|-heal|p1a: Toxapex|70\/100|[from] item: Leftovers\n|-damage|p2a: Chandelure|82\/100 tox|[from] psn\n|upkeep\n|turn|21\n|\n|t:|1701201263\n|move|p2a: Chandelure|Flamethrower|p1a: Toxapex\n|-crit|p1a: Toxapex\n|-damage|p1a: Toxapex|10\/100\n|move|p1a: Toxapex|Recover|p1a: Toxapex\n|-heal|p1a: Toxapex|60\/100\n|\n|-heal|p1a: Toxapex|67\/100|[from] item: Leftovers\n|-damage|p2a: Chandelure|64\/100 tox|[from] psn\n|upkeep\n|turn|22\n|\n|t:|1701201270\n|move|p1a: Toxapex|Protect|p1a: Toxapex\n|-singleturn|p1a: Toxapex|Protect\n|move|p2a: Chandelure|Flamethrower|p1a: Toxapex\n|-activate|p1a: Toxapex|move: Protect\n|\n|-heal|p1a: Toxapex|73\/100|[from] item: Leftovers\n|-damage|p2a: Chandelure|39\/100 tox|[from] psn\n|upkeep\n|turn|23\n|\n|t:|1701201276\n|move|p2a: Chandelure|Flamethrower|p1a: Toxapex\n|-damage|p1a: Toxapex|37\/100\n|move|p1a: Toxapex|Recover|p1a: Toxapex\n|-heal|p1a: Toxapex|87\/100\n|\n|-heal|p1a: Toxapex|94\/100|[from] item: Leftovers\n|-damage|p2a: Chandelure|9\/100 tox|[from] psn\n|upkeep\n|turn|24\n|\n|t:|1701201284\n|move|p1a: Toxapex|Protect|p1a: Toxapex\n|-singleturn|p1a: Toxapex|Protect\n|move|p2a: Chandelure|Flamethrower|p1a: Toxapex\n|-activate|p1a: Toxapex|move: Protect\n|\n|-heal|p1a: Toxapex|99\/100|[from] item: Leftovers\n|-damage|p2a: Chandelure|0 fnt|[from] psn\n|faint|p2a: Chandelure\n|upkeep\n|\n|t:|1701201286\n|switch|p2a: Dragapult|Dragapult, F|100\/100\n|-status|p2a: Dragapult|tox\n|turn|25\n|\n|t:|1701201297\n|move|p2a: Dragapult|Trick|p1a: Toxapex\n|-activate|p2a: Dragapult|move: Trick|[of] p1a: Toxapex\n|-item|p1a: Toxapex|Choice Specs|[from] move: Trick\n|-item|p2a: Dragapult|Leftovers|[from] move: Trick\n|move|p1a: Toxapex|Toxic Spikes||[still]\n|-fail|p1a: Toxapex\n|\n|-damage|p2a: Dragapult|95\/100 tox|[from] psn\n|upkeep\n|turn|26\n|\n|t:|1701201307\n|move|p2a: Dragapult|Bitter Malice|p1a: Toxapex\n|-resisted|p1a: Toxapex\n|-damage|p1a: Toxapex|85\/100\n|-unboost|p1a: Toxapex|atk|1\n|move|p1a: Toxapex|Toxic Spikes||[still]\n|-fail|p1a: Toxapex\n|\n|-heal|p2a: Dragapult|100\/100 tox|[from] item: Leftovers\n|-damage|p2a: Dragapult|89\/100 tox|[from] psn\n|upkeep\n|turn|27\n|\n|t:|1701201318\n|move|p2a: Dragapult|Sludge Bomb|p1a: Toxapex\n|-damage|p1a: Toxapex|64\/100\n|-status|p1a: Toxapex|psn\n|move|p1a: Toxapex|Toxic Spikes||[still]\n|-fail|p1a: Toxapex\n|\n|-heal|p2a: Dragapult|95\/100 tox|[from] item: Leftovers\n|-damage|p2a: Dragapult|77\/100 tox|[from] psn\n|-damage|p1a: Toxapex|51\/100 psn|[from] psn\n|upkeep\n|turn|28\n|\n|t:|1701201324\n|switch|p1a: Corviknight|Corviknight, F|100\/100\n|-ability|p1a: Corviknight|Pressure\n|move|p2a: Dragapult|Sludge Bomb|p1a: Corviknight\n|-immune|p1a: Corviknight\n|\n|-heal|p2a: Dragapult|83\/100 tox|[from] item: Leftovers\n|-damage|p2a: Dragapult|59\/100 tox|[from] psn\n|upkeep\n|turn|29\n|\n|t:|1701201334\n|switch|p1a: Toxapex|Toxapex, F, tera:Dark|51\/100 psn\n|move|p2a: Dragapult|Bitter Malice|p1a: Toxapex\n|-resisted|p1a: Toxapex\n|-damage|p1a: Toxapex|38\/100 psn\n|-unboost|p1a: Toxapex|atk|1\n|\n|-heal|p2a: Dragapult|65\/100 tox|[from] item: Leftovers\n|-damage|p2a: Dragapult|35\/100 tox|[from] psn\n|-damage|p1a: Toxapex|25\/100 psn|[from] psn\n|upkeep\n|turn|30\n|\n|t:|1701201339\n|move|p1a: Toxapex|Protect|p1a: Toxapex\n|-singleturn|p1a: Toxapex|Protect\n|move|p2a: Dragapult|Sludge Bomb|p1a: Toxapex\n|-activate|p1a: Toxapex|move: Protect\n|\n|-heal|p2a: Dragapult|41\/100 tox|[from] item: Leftovers\n|-damage|p2a: Dragapult|5\/100 tox|[from] psn\n|-damage|p1a: Toxapex|13\/100 psn|[from] psn\n|upkeep\n|turn|31\n|\n|t:|1701201344\n|move|p1a: Toxapex|Protect||[still]\n|-fail|p1a: Toxapex\n|move|p2a: Dragapult|Bitter Malice|p1a: Toxapex\n|-resisted|p1a: Toxapex\n|-damage|p1a: Toxapex|0 fnt\n|faint|p1a: Toxapex\n|\n|-heal|p2a: Dragapult|11\/100 tox|[from] item: Leftovers\n|-damage|p2a: Dragapult|0 fnt|[from] psn\n|faint|p2a: Dragapult\n|upkeep\n|\n|t:|1701201350\n|switch|p2a: Dragapult|Dragapult, F|100\/100\n|switch|p1a: Corviknight|Corviknight, F|100\/100\n|-status|p2a: Dragapult|tox\n|-ability|p1a: Corviknight|Pressure\n|turn|32\n|\n|t:|1701201357\n|move|p2a: Dragapult|Dragon Dance|p2a: Dragapult\n|-boost|p2a: Dragapult|atk|1\n|-boost|p2a: Dragapult|spe|1\n|move|p1a: Corviknight|Bulk Up|p1a: Corviknight\n|-boost|p1a: Corviknight|atk|1\n|-boost|p1a: Corviknight|def|1\n|\n|-damage|p2a: Dragapult|95\/100 tox|[from] psn\n|upkeep\n|turn|33\n|\n|t:|1701201361\n|move|p2a: Dragapult|Phantom Force||[still]\n|-prepare|p2a: Dragapult|Phantom Force\n|move|p1a: Corviknight|Bulk Up|p1a: Corviknight\n|-boost|p1a: Corviknight|atk|1\n|-boost|p1a: Corviknight|def|1\n|\n|-damage|p2a: Dragapult|83\/100 tox|[from] psn\n|upkeep\n|turn|34\n|\n|t:|1701201365\n|move|p2a: Dragapult|Phantom Force|p1a: Corviknight|[from]lockedmove\n|-damage|p1a: Corviknight|70\/100\n|move|p1a: Corviknight|Power Trip|p2a: Dragapult\n|-supereffective|p2a: Dragapult\n|-enditem|p2a: Dragapult|Colbur Berry|[eat]\n|-enditem|p2a: Dragapult|Colbur Berry|[weaken]\n|-damage|p2a: Dragapult|28\/100 tox\n|\n|-heal|p1a: Corviknight|76\/100|[from] item: Leftovers\n|-damage|p2a: Dragapult|10\/100 tox|[from] psn\n|upkeep\n|turn|35\n|-message|hightopfade69 forfeited.\n|\n|win|PhotosFromJames\n|raw|PhotosFromJames's rating: 1142 &rarr; <strong>1167<\/strong><br \/>(+25 for winning)\n|raw|hightopfade69's rating: 1146 &rarr; <strong>1121<\/strong><br \/>(-25 for losing)\n|l|\u2606PhotosFromJames\n","uploadtime":1701201376,"views":5,"p1id":"photosfromjames","p2id":"hightopfade69","formatid":"gen9ou","rating":1121,"private":0,"password":""}