{"id":"gen9ou-1992482016","p1":"cannoli_eerr","p2":"ralis7","format":"[Gen 9] OU","log":"|j|\u2606cannoli_eerr\n|j|\u2606ralis7\n|t:|1700193046\n|gametype|singles\n|player|p1|cannoli_eerr|1|1591\n|player|p2|ralis7|erika|1540\n|teamsize|p1|6\n|teamsize|p2|6\n|gen|9\n|tier|[Gen 9] OU\n|rated|\n|rule|Sleep Clause Mod: Limit one foe put to sleep\n|rule|Species Clause: Limit one of each Pok\u00e9mon\n|rule|OHKO Clause: OHKO moves are banned\n|rule|Evasion Items Clause: Evasion items are banned\n|rule|Evasion Moves Clause: Evasion moves are banned\n|rule|Endless Battle Clause: Forcing endless battles is banned\n|rule|HP Percentage Mod: HP is shown in percentages\n|clearpoke\n|poke|p1|Ogerpon-Wellspring, F|\n|poke|p1|Enamorus, F|\n|poke|p1|Ting-Lu|\n|poke|p1|Great Tusk|\n|poke|p1|Gholdengo|\n|poke|p1|Moltres|\n|poke|p2|Zapdos|\n|poke|p2|Ogerpon-Wellspring, F|\n|poke|p2|Sneasler, F|\n|poke|p2|Gholdengo|\n|poke|p2|Glimmora, F|\n|poke|p2|Iron Moth|\n|teampreview\n|inactive|Battle timer is ON: inactive players will automatically lose when time's up. (requested by cannoli_eerr)\n|\n|t:|1700193061\n|start\n|switch|p1a: Enamorus|Enamorus, F|100\/100\n|switch|p2a: Ogerpon|Ogerpon-Wellspring, F|100\/100\n|turn|1\n|\n|t:|1700193073\n|switch|p2a: Zapdos|Zapdos|100\/100\n|move|p1a: Enamorus|Moonblast|p2a: Zapdos\n|-damage|p2a: Zapdos|26\/100\n|-unboost|p2a: Zapdos|spa|1\n|\n|upkeep\n|turn|2\n|\n|t:|1700193078\n|switch|p2a: Glimmora|Glimmora, F|100\/100\n|-item|p2a: Glimmora|Air Balloon\n|move|p1a: Enamorus|Moonblast|p2a: Glimmora\n|-resisted|p2a: Glimmora\n|-damage|p2a: Glimmora|70\/100\n|-unboost|p2a: Glimmora|spa|1\n|-enditem|p2a: Glimmora|Air Balloon\n|\n|upkeep\n|turn|3\n|\n|t:|1700193087\n|switch|p1a: Ting-Lu|Ting-Lu|100\/100\n|-ability|p1a: Ting-Lu|Vessel of Ruin\n|move|p2a: Glimmora|Power Gem|p1a: Ting-Lu\n|-resisted|p1a: Ting-Lu\n|-damage|p1a: Ting-Lu|96\/100\n|\n|-heal|p1a: Ting-Lu|100\/100|[from] item: Leftovers\n|upkeep\n|turn|4\n|\n|t:|1700193094\n|switch|p2a: Ogerpon|Ogerpon-Wellspring, F|100\/100\n|move|p1a: Ting-Lu|Earthquake|p2a: Ogerpon\n|-resisted|p2a: Ogerpon\n|-damage|p2a: Ogerpon|75\/100\n|\n|upkeep\n|turn|5\n|\n|t:|1700193101\n|move|p2a: Ogerpon|Horn Leech|p1a: Ting-Lu\n|-supereffective|p1a: Ting-Lu\n|-damage|p1a: Ting-Lu|56\/100\n|-heal|p2a: Ogerpon|100\/100|[from] drain|[of] p1a: Ting-Lu\n|move|p1a: Ting-Lu|Ruination|p2a: Ogerpon\n|-damage|p2a: Ogerpon|51\/100\n|\n|-heal|p1a: Ting-Lu|62\/100|[from] item: Leftovers\n|upkeep\n|turn|6\n|\n|t:|1700193112\n|switch|p1a: Ogerpon|Ogerpon-Wellspring, F|100\/100\n|move|p2a: Ogerpon|Ivy Cudgel|p1a: Ogerpon|[anim] Ivy Cudgel Water\n|-immune|p1a: Ogerpon|[from] ability: Water Absorb\n|\n|upkeep\n|turn|7\n|\n|t:|1700193124\n|switch|p2a: Zapdos|Zapdos|26\/100\n|move|p1a: Ogerpon|U-turn|p2a: Zapdos\n|-resisted|p2a: Zapdos\n|-damage|p2a: Zapdos|13\/100\n|\n|t:|1700193130\n|switch|p1a: Enamorus|Enamorus, F|100\/100|[from] U-turn\n|\n|upkeep\n|turn|8\n|\n|t:|1700193136\n|switch|p2a: Glimmora|Glimmora, F|70\/100\n|move|p1a: Enamorus|Psychic|p2a: Glimmora\n|-supereffective|p2a: Glimmora\n|-damage|p2a: Glimmora|0 fnt\n|faint|p2a: Glimmora\n|\n|upkeep\n|\n|t:|1700193138\n|switch|p2a: Sneasler|Sneasler, F|100\/100\n|turn|9\n|\n|t:|1700193141\n|switch|p2a: Ogerpon|Ogerpon-Wellspring, F|51\/100\n|switch|p1a: Gholdengo|Gholdengo|100\/100\n|\n|upkeep\n|turn|10\n|j| yb is better\n|\n|t:|1700193153\n|move|p2a: Ogerpon|Knock Off|p1a: Gholdengo\n|-supereffective|p1a: Gholdengo\n|-damage|p1a: Gholdengo|46\/100\n|-enditem|p1a: Gholdengo|Leftovers|[from] move: Knock Off|[of] p2a: Ogerpon\n|move|p1a: Gholdengo|Shadow Ball|p2a: Ogerpon\n|-damage|p2a: Ogerpon|7\/100\n|\n|upkeep\n|turn|11\n|\n|t:|1700193161\n|switch|p2a: Zapdos|Zapdos|13\/100\n|move|p1a: Gholdengo|Recover|p1a: Gholdengo\n|-heal|p1a: Gholdengo|96\/100\n|\n|upkeep\n|turn|12\n|\n|t:|1700193171\n|move|p2a: Zapdos|Roost|p2a: Zapdos\n|-heal|p2a: Zapdos|63\/100\n|-singleturn|p2a: Zapdos|move: Roost\n|move|p1a: Gholdengo|Shadow Ball|p2a: Zapdos\n|-damage|p2a: Zapdos|30\/100\n|\n|upkeep\n|turn|13\n|\n|t:|1700193175\n|move|p2a: Zapdos|Roost|p2a: Zapdos\n|-heal|p2a: Zapdos|80\/100\n|-singleturn|p2a: Zapdos|move: Roost\n|move|p1a: Gholdengo|Nasty Plot|p1a: Gholdengo\n|-boost|p1a: Gholdengo|spa|2\n|\n|upkeep\n|turn|14\n|\n|t:|1700193180\n|move|p2a: Zapdos|Heat Wave|p1a: Gholdengo\n|-supereffective|p1a: Gholdengo\n|-damage|p1a: Gholdengo|37\/100\n|move|p1a: Gholdengo|Shadow Ball|p2a: Zapdos\n|-damage|p2a: Zapdos|15\/100\n|-unboost|p2a: Zapdos|spd|1\n|\n|upkeep\n|turn|15\n|\n|t:|1700193193\n|switch|p1a: Ogerpon|Ogerpon-Wellspring, F|100\/100\n|move|p2a: Zapdos|Roost|p2a: Zapdos\n|-heal|p2a: Zapdos|65\/100\n|-singleturn|p2a: Zapdos|move: Roost\n|\n|upkeep\n|turn|16\n|\n|t:|1700193205\n|switch|p2a: Ogerpon|Ogerpon-Wellspring, F|7\/100\n|move|p1a: Ogerpon|Ivy Cudgel|p2a: Ogerpon|[anim] Ivy Cudgel Water\n|-heal|p2a: Ogerpon|32\/100|[from] ability: Water Absorb|[of] p1a: Ogerpon\n|\n|upkeep\n|turn|17\n|\n|t:|1700193210\n|move|p2a: Ogerpon|Horn Leech|p1a: Ogerpon\n|-damage|p1a: Ogerpon|40\/100\n|-heal|p2a: Ogerpon|62\/100|[from] drain|[of] p1a: Ogerpon\n|move|p1a: Ogerpon|Ivy Cudgel|p2a: Ogerpon|[anim] Ivy Cudgel Water\n|-heal|p2a: Ogerpon|87\/100|[from] ability: Water Absorb|[of] p1a: Ogerpon\n|\n|upkeep\n|turn|18\n|\n|t:|1700193215\n|move|p1a: Ogerpon|Ivy Cudgel|p2a: Ogerpon|[anim] Ivy Cudgel Water\n|-heal|p2a: Ogerpon|100\/100|[from] ability: Water Absorb|[of] p1a: Ogerpon\n|move|p2a: Ogerpon|Horn Leech|p1a: Ogerpon\n|-damage|p1a: Ogerpon|0 fnt\n|faint|p1a: Ogerpon\n|\n|upkeep\n|\n|t:|1700193221\n|switch|p1a: Enamorus|Enamorus, F|100\/100\n|turn|19\n|c| yb is better|??????\n|\n|t:|1700193226\n|switch|p2a: Gholdengo|Gholdengo, shiny|100\/100\n|move|p1a: Enamorus|Moonblast|p2a: Gholdengo\n|-resisted|p2a: Gholdengo\n|-damage|p2a: Gholdengo|65\/100\n|\n|-heal|p2a: Gholdengo|71\/100|[from] item: Leftovers\n|upkeep\n|turn|20\n|c|\u2606ralis7|water absorb\n|\n|t:|1700193242\n|switch|p1a: Ting-Lu|Ting-Lu|62\/100\n|-ability|p1a: Ting-Lu|Vessel of Ruin\n|move|p2a: Gholdengo|Make It Rain|p1a: Ting-Lu\n|-damage|p1a: Ting-Lu|31\/100\n|-unboost|p2a: Gholdengo|spa|1\n|\n|-heal|p2a: Gholdengo|77\/100|[from] item: Leftovers\n|-heal|p1a: Ting-Lu|38\/100|[from] item: Leftovers\n|upkeep\n|turn|21\n|c| yb is better|im confused as to why the fuck he kept using cudgel\n|\n|t:|1700193254\n|switch|p2a: Ogerpon|Ogerpon-Wellspring, F|100\/100\n|move|p1a: Ting-Lu|Earthquake|p2a: Ogerpon\n|-resisted|p2a: Ogerpon\n|-damage|p2a: Ogerpon|78\/100\n|\n|-heal|p1a: Ting-Lu|44\/100|[from] item: Leftovers\n|upkeep\n|turn|22\n|c| yb is better|LMAO\n|c|\u2606ralis7|me too\n|\n|t:|1700193265\n|move|p2a: Ogerpon|Knock Off|p1a: Ting-Lu\n|-resisted|p1a: Ting-Lu\n|-damage|p1a: Ting-Lu|33\/100\n|-enditem|p1a: Ting-Lu|Leftovers|[from] move: Knock Off|[of] p2a: Ogerpon\n|move|p1a: Ting-Lu|Ruination|p2a: Ogerpon\n|-damage|p2a: Ogerpon|39\/100\n|\n|upkeep\n|turn|23\n|c| yb is better|bro overpredicted zap switchin x3\n|\n|t:|1700193273\n|move|p2a: Ogerpon|Ivy Cudgel|p1a: Ting-Lu|[anim] Ivy Cudgel Water\n|-supereffective|p1a: Ting-Lu\n|-damage|p1a: Ting-Lu|0 fnt\n|faint|p1a: Ting-Lu\n|\n|upkeep\n|\n|t:|1700193277\n|switch|p1a: Enamorus|Enamorus, F|100\/100\n|turn|24\n|\n|t:|1700193283\n|switch|p2a: Zapdos|Zapdos|65\/100\n|move|p1a: Enamorus|Psychic|p2a: Zapdos\n|-damage|p2a: Zapdos|19\/100\n|\n|upkeep\n|turn|25\n|\n|t:|1700193288\n|switch|p2a: Gholdengo|Gholdengo, shiny|77\/100\n|move|p1a: Enamorus|Psychic|p2a: Gholdengo\n|-resisted|p2a: Gholdengo\n|-damage|p2a: Gholdengo|55\/100\n|\n|-heal|p2a: Gholdengo|61\/100|[from] item: Leftovers\n|upkeep\n|turn|26\n|\n|t:|1700193294\n|switch|p1a: Moltres|Moltres|100\/100\n|move|p2a: Gholdengo|Shadow Ball|p1a: Moltres\n|-damage|p1a: Moltres|70\/100\n|\n|-heal|p2a: Gholdengo|67\/100|[from] item: Leftovers\n|upkeep\n|turn|27\n|\n|t:|1700193303\n|switch|p2a: Zapdos|Zapdos|19\/100\n|move|p1a: Moltres|Hurricane|p2a: Zapdos|[miss]\n|-miss|p1a: Moltres|p2a: Zapdos\n|\n|upkeep\n|turn|28\n|\n|t:|1700193306\n|move|p2a: Zapdos|Roost|p2a: Zapdos\n|-heal|p2a: Zapdos|69\/100\n|-singleturn|p2a: Zapdos|move: Roost\n|move|p1a: Moltres|Flamethrower|p2a: Zapdos\n|-damage|p2a: Zapdos|33\/100\n|\n|upkeep\n|turn|29\n|\n|t:|1700193308\n|move|p2a: Zapdos|Discharge|p1a: Moltres\n|-supereffective|p1a: Moltres\n|-damage|p1a: Moltres|17\/100\n|-status|p1a: Moltres|par\n|move|p1a: Moltres|Flamethrower|p2a: Zapdos\n|-damage|p2a: Zapdos|0 fnt\n|faint|p2a: Zapdos\n|\n|upkeep\n|\n|t:|1700193313\n|switch|p2a: Ogerpon|Ogerpon-Wellspring, F|39\/100\n|turn|30\n|\n|t:|1700193318\n|move|p2a: Ogerpon|Ivy Cudgel|p1a: Moltres|[anim] Ivy Cudgel Water\n|-supereffective|p1a: Moltres\n|-damage|p1a: Moltres|0 fnt\n|faint|p1a: Moltres\n|\n|upkeep\n|\n|t:|1700193331\n|switch|p1a: Gholdengo|Gholdengo|37\/100\n|turn|31\n|\n|t:|1700193338\n|move|p2a: Ogerpon|Ivy Cudgel|p1a: Gholdengo|[anim] Ivy Cudgel Water\n|-damage|p1a: Gholdengo|0 fnt\n|faint|p1a: Gholdengo\n|\n|upkeep\n|\n|t:|1700193342\n|switch|p1a: Enamorus|Enamorus, F|100\/100\n|turn|32\n|\n|t:|1700193348\n|switch|p2a: Gholdengo|Gholdengo, shiny|67\/100\n|move|p1a: Enamorus|Moonblast|p2a: Gholdengo\n|-resisted|p2a: Gholdengo\n|-damage|p2a: Gholdengo|30\/100\n|\n|-heal|p2a: Gholdengo|36\/100|[from] item: Leftovers\n|upkeep\n|turn|33\n|\n|t:|1700193357\n|move|p1a: Enamorus|Moonblast|p2a: Gholdengo\n|-resisted|p2a: Gholdengo\n|-crit|p2a: Gholdengo\n|-damage|p2a: Gholdengo|0 fnt\n|faint|p2a: Gholdengo\n|\n|upkeep\n|\n|t:|1700193362\n|switch|p2a: Sneasler|Sneasler, F|100\/100\n|turn|34\n|\n|t:|1700193365\n|switch|p1a: Great Tusk|Great Tusk|100\/100\n|move|p2a: Sneasler|Dire Claw|p1a: Great Tusk\n|-resisted|p1a: Great Tusk\n|-damage|p1a: Great Tusk|89\/100\n|-damage|p2a: Sneasler|84\/100|[from] item: Rocky Helmet|[of] p1a: Great Tusk\n|-damage|p2a: Sneasler|74\/100|[from] item: Life Orb\n|\n|upkeep\n|turn|35\n|\n|t:|1700193389\n|move|p2a: Sneasler|Close Combat|p1a: Great Tusk\n|-damage|p1a: Great Tusk|50\/100\n|-unboost|p2a: Sneasler|def|1\n|-unboost|p2a: Sneasler|spd|1\n|-damage|p2a: Sneasler|57\/100|[from] item: Rocky Helmet|[of] p1a: Great Tusk\n|-damage|p2a: Sneasler|48\/100|[from] item: Life Orb\n|move|p1a: Great Tusk|Earthquake|p2a: Sneasler\n|-supereffective|p2a: Sneasler\n|-damage|p2a: Sneasler|0 fnt\n|faint|p2a: Sneasler\n|\n|upkeep\n|\n|t:|1700193393\n|switch|p2a: Iron Moth|Iron Moth|100\/100\n|-enditem|p2a: Iron Moth|Booster Energy\n|-activate|p2a: Iron Moth|ability: Quark Drive|[fromitem]\n|-start|p2a: Iron Moth|quarkdrivespa\n|turn|36\n|inactive|ralis7 has 120 seconds left.\n|inactive|ralis7 has 90 seconds left.\n|\n|t:|1700193471\n|-terastallize|p1a: Great Tusk|Water\n|move|p2a: Iron Moth|Fiery Dance|p1a: Great Tusk\n|-resisted|p1a: Great Tusk\n|-damage|p1a: Great Tusk|15\/100\n|move|p1a: Great Tusk|Earthquake|p2a: Iron Moth\n|-supereffective|p2a: Iron Moth\n|-damage|p2a: Iron Moth|0 fnt\n|faint|p2a: Iron Moth\n|-end|p2a: Iron Moth|Quark Drive|[silent]\n|\n|upkeep\n|\n|t:|1700193474\n|switch|p2a: Ogerpon|Ogerpon-Wellspring, F|39\/100\n|turn|37\n|\n|t:|1700193501\n|move|p2a: Ogerpon|Horn Leech|p1a: Great Tusk\n|-supereffective|p1a: Great Tusk\n|-damage|p1a: Great Tusk|0 fnt\n|-heal|p2a: Ogerpon|50\/100|[from] drain|[of] p1a: Great Tusk\n|-damage|p2a: Ogerpon|33\/100|[from] item: Rocky Helmet|[of] p1a: Great Tusk\n|faint|p1a: Great Tusk\n|-end|p1a: Great Tusk|Protosynthesis|[silent]\n|\n|upkeep\n|\n|t:|1700193503\n|switch|p1a: Enamorus|Enamorus, F|100\/100\n|turn|38\n|inactive|ralis7 has 90 seconds left.\n|\n|t:|1700193515\n|-terastallize|p2a: Ogerpon|Water\n|detailschange|p2a: Ogerpon|Ogerpon-Wellspring-Tera, F, tera:Water\n|-ability|p2a: Ogerpon|Embody Aspect (Wellspring)|boost\n|-boost|p2a: Ogerpon|spd|1\n|move|p2a: Ogerpon|Ivy Cudgel|p1a: Enamorus|[anim] Ivy Cudgel Water\n|-damage|p1a: Enamorus|0 fnt\n|faint|p1a: Enamorus\n|\n|win|ralis7\n|raw|cannoli_eerr's rating: 1591 &rarr; <strong>1568<\/strong><br \/>(-23 for losing)\n|raw|ralis7's rating: 1540 &rarr; <strong>1563<\/strong><br \/>(+23 for winning)\n","uploadtime":1700193522,"views":7,"p1id":"cannolieerr","p2id":"ralis7","formatid":"gen9ou","rating":1563,"private":0,"password":""}