{"id":"gen9ou-1988402825","p1":"Pedro lopesbr","p2":"nathanboss22","format":"[Gen 9] OU","log":"|j|\u2606Pedro lopesbr\n|j|\u2606nathanboss22\n|t:|1699719023\n|gametype|singles\n|player|p1|Pedro lopesbr|giovanni|1345\n|player|p2|nathanboss22|265|1444\n|teamsize|p1|6\n|teamsize|p2|6\n|gen|9\n|tier|[Gen 9] OU\n|rated|\n|rule|Sleep Clause Mod: Limit one foe put to sleep\n|rule|Species Clause: Limit one of each Pok\u00e9mon\n|rule|OHKO Clause: OHKO moves are banned\n|rule|Evasion Items Clause: Evasion items are banned\n|rule|Evasion Moves Clause: Evasion moves are banned\n|rule|Endless Battle Clause: Forcing endless battles is banned\n|rule|HP Percentage Mod: HP is shown in percentages\n|clearpoke\n|poke|p1|Great Tusk|\n|poke|p1|Corviknight, M|\n|poke|p1|Greninja-*, M|\n|poke|p1|Slowking-Galar, F|\n|poke|p1|Dragapult, M|\n|poke|p1|Cinderace, M|\n|poke|p2|Enamorus, F|\n|poke|p2|Dragapult, F|\n|poke|p2|Iron Valiant|\n|poke|p2|Gholdengo|\n|poke|p2|Iron Treads|\n|poke|p2|Dragonite, M|\n|teampreview\n|\n|t:|1699719046\n|start\n|switch|p1a: Cinderace|Cinderace, M|100\/100\n|switch|p2a: Iron Treads|Iron Treads|100\/100\n|-enditem|p2a: Iron Treads|Booster Energy\n|-activate|p2a: Iron Treads|ability: Quark Drive|[fromitem]\n|-start|p2a: Iron Treads|quarkdrivespe\n|turn|1\n|\n|t:|1699719072\n|switch|p1a: Corviknight|Corviknight, M|100\/100\n|-ability|p1a: Corviknight|Pressure\n|move|p2a: Iron Treads|Earthquake|p1a: Corviknight\n|-immune|p1a: Corviknight\n|\n|upkeep\n|turn|2\n|\n|t:|1699719078\n|move|p2a: Iron Treads|Stealth Rock|p1a: Corviknight\n|-sidestart|p1: Pedro lopesbr|move: Stealth Rock\n|move|p1a: Corviknight|U-turn|p2a: Iron Treads\n|-resisted|p2a: Iron Treads\n|-damage|p2a: Iron Treads|95\/100\n|\n|t:|1699719081\n|switch|p1a: Great Tusk|Great Tusk|100\/100|[from] U-turn\n|-damage|p1a: Great Tusk|98\/100|[from] Stealth Rock\n|\n|-heal|p1a: Great Tusk|100\/100|[from] item: Leftovers\n|upkeep\n|turn|3\n|\n|t:|1699719103\n|move|p2a: Iron Treads|Earthquake|p1a: Great Tusk\n|-damage|p1a: Great Tusk|73\/100\n|move|p1a: Great Tusk|Headlong Rush|p2a: Iron Treads\n|-supereffective|p2a: Iron Treads\n|-damage|p2a: Iron Treads|6\/100\n|-unboost|p1a: Great Tusk|def|1\n|-unboost|p1a: Great Tusk|spd|1\n|\n|-heal|p1a: Great Tusk|79\/100|[from] item: Leftovers\n|upkeep\n|turn|4\n|inactive|Battle timer is ON: inactive players will automatically lose when time's up. (requested by nathanboss22)\n|\n|t:|1699719113\n|move|p2a: Iron Treads|Knock Off|p1a: Great Tusk\n|-resisted|p1a: Great Tusk\n|-damage|p1a: Great Tusk|65\/100\n|-enditem|p1a: Great Tusk|Leftovers|[from] move: Knock Off|[of] p2a: Iron Treads\n|move|p1a: Great Tusk|Rapid Spin|p2a: Iron Treads\n|-resisted|p2a: Iron Treads\n|-damage|p2a: Iron Treads|0 fnt\n|-boost|p1a: Great Tusk|spe|1\n|-sideend|p1: Pedro lopesbr|Stealth Rock|[from] move: Rapid Spin|[of] p1a: Great Tusk\n|faint|p2a: Iron Treads\n|-end|p2a: Iron Treads|Quark Drive|[silent]\n|\n|upkeep\n|inactive|nathanboss22 has 120 seconds left.\n|\n|t:|1699719145\n|switch|p2a: Iron Valiant|Iron Valiant|100\/100\n|-enditem|p2a: Iron Valiant|Booster Energy\n|-activate|p2a: Iron Valiant|ability: Quark Drive|[fromitem]\n|-start|p2a: Iron Valiant|quarkdrivespe\n|turn|5\n|inactive|nathanboss22 has 120 seconds left.\n|\n|t:|1699719159\n|-end|p1a: Great Tusk|Protosynthesis|[silent]\n|switch|p1a: Slowking|Slowking-Galar, F|100\/100\n|move|p2a: Iron Valiant|Calm Mind|p2a: Iron Valiant\n|-boost|p2a: Iron Valiant|spa|1\n|-boost|p2a: Iron Valiant|spd|1\n|\n|upkeep\n|turn|6\n|\n|t:|1699719168\n|move|p2a: Iron Valiant|Psyshock|p1a: Slowking\n|-damage|p1a: Slowking|63\/100\n|move|p1a: Slowking|Sludge Bomb|p2a: Iron Valiant\n|-supereffective|p2a: Iron Valiant\n|-damage|p2a: Iron Valiant|8\/100\n|\n|upkeep\n|turn|7\n|\n|t:|1699719179\n|-end|p2a: Iron Valiant|Quark Drive|[silent]\n|switch|p2a: Gholdengo|Gholdengo|100\/100\n|-item|p2a: Gholdengo|Air Balloon\n|move|p1a: Slowking|Sludge Bomb|p2a: Gholdengo\n|-immune|p2a: Gholdengo\n|\n|upkeep\n|turn|8\n|\n|t:|1699719191\n|switch|p1a: Cinderace|Cinderace, M|100\/100\n|move|p2a: Gholdengo|Nasty Plot|p2a: Gholdengo\n|-boost|p2a: Gholdengo|spa|2\n|\n|upkeep\n|turn|9\n|\n|t:|1699719198\n|-terastallize|p2a: Gholdengo|Water\n|move|p1a: Cinderace|Pyro Ball|p2a: Gholdengo\n|-resisted|p2a: Gholdengo\n|-damage|p2a: Gholdengo|69\/100\n|-enditem|p2a: Gholdengo|Air Balloon\n|move|p2a: Gholdengo|Shadow Ball|p1a: Cinderace\n|-damage|p1a: Cinderace|0 fnt\n|faint|p1a: Cinderace\n|\n|upkeep\n|inactive|Pedro lopesbr has 120 seconds left.\n|inactive|Pedro lopesbr has 90 seconds left.\n|\n|t:|1699719259\n|switch|p1a: Dragapult|Dragapult, M|100\/100\n|turn|10\n|\n|t:|1699719265\n|move|p1a: Dragapult|Thunderbolt|p2a: Gholdengo\n|-supereffective|p2a: Gholdengo\n|-damage|p2a: Gholdengo|0 fnt\n|faint|p2a: Gholdengo\n|\n|upkeep\n|\n|t:|1699719269\n|switch|p2a: Dragapult|Dragapult, F|100\/100\n|turn|11\n|\n|t:|1699719272\n|switch|p1a: Slowking|Slowking-Galar, F|96\/100\n|move|p2a: Dragapult|Dragon Dance|p2a: Dragapult\n|-boost|p2a: Dragapult|atk|1\n|-boost|p2a: Dragapult|spe|1\n|\n|upkeep\n|turn|12\n|\n|t:|1699719277\n|move|p2a: Dragapult|Phantom Force||[still]\n|-prepare|p2a: Dragapult|Phantom Force\n|move|p1a: Slowking|Sludge Bomb|p2a: Dragapult|[miss]\n|-miss|p1a: Slowking|p2a: Dragapult\n|\n|upkeep\n|turn|13\n|inactive|Pedro lopesbr has 120 seconds left.\n|j| doublepomme\n|\n|t:|1699719306\n|switch|p1a: Great Tusk|Great Tusk|65\/100\n|move|p2a: Dragapult|Phantom Force|p1a: Great Tusk|[from]lockedmove\n|-damage|p1a: Great Tusk|16\/100\n|\n|upkeep\n|turn|14\n|c| doublepomme|ff nathan\n|\n|t:|1699719319\n|move|p2a: Dragapult|Dragon Darts|p1a: Great Tusk\n|-damage|p1a: Great Tusk|0 fnt\n|faint|p1a: Great Tusk\n|-end|p1a: Great Tusk|Protosynthesis|[silent]\n|\n|upkeep\n|inactive|Pedro lopesbr has 120 seconds left.\n|\n|t:|1699719326\n|switch|p1a: Corviknight|Corviknight, M|100\/100\n|-ability|p1a: Corviknight|Pressure\n|turn|15\n|c|\u2606nathanboss22|ta gueule bouffon\n|\n|t:|1699719334\n|move|p2a: Dragapult|Phantom Force||[still]\n|-prepare|p2a: Dragapult|Phantom Force\n|move|p1a: Corviknight|Brave Bird|p2a: Dragapult|[miss]\n|-miss|p1a: Corviknight|p2a: Dragapult\n|\n|upkeep\n|turn|16\n|\n|t:|1699719340\n|move|p2a: Dragapult|Phantom Force|p1a: Corviknight|[from]lockedmove\n|-damage|p1a: Corviknight|59\/100\n|-damage|p2a: Dragapult|84\/100|[from] item: Rocky Helmet|[of] p1a: Corviknight\n|move|p1a: Corviknight|Roost|p1a: Corviknight\n|-heal|p1a: Corviknight|100\/100\n|-singleturn|p1a: Corviknight|move: Roost\n|\n|upkeep\n|turn|17\n|c| doublepomme|Tu as lose \ud83d\ude08\n|\n|t:|1699719346\n|move|p2a: Dragapult|Dragon Dance|p2a: Dragapult\n|-boost|p2a: Dragapult|atk|1\n|-boost|p2a: Dragapult|spe|1\n|move|p1a: Corviknight|Brave Bird|p2a: Dragapult\n|-damage|p2a: Dragapult|31\/100\n|-damage|p1a: Corviknight|86\/100|[from] Recoil\n|\n|upkeep\n|turn|18\n|\n|t:|1699719356\n|move|p2a: Dragapult|Phantom Force||[still]\n|-prepare|p2a: Dragapult|Phantom Force\n|move|p1a: Corviknight|Brave Bird|p2a: Dragapult|[miss]\n|-miss|p1a: Corviknight|p2a: Dragapult\n|\n|upkeep\n|turn|19\n|\n|t:|1699719364\n|move|p2a: Dragapult|Phantom Force|p1a: Corviknight|[from]lockedmove\n|-damage|p1a: Corviknight|25\/100\n|-damage|p2a: Dragapult|14\/100|[from] item: Rocky Helmet|[of] p1a: Corviknight\n|move|p1a: Corviknight|U-turn|p2a: Dragapult\n|-resisted|p2a: Dragapult\n|-damage|p2a: Dragapult|5\/100\n|\n|t:|1699719371\n|switch|p1a: Greninja|Greninja, M|100\/100|[from] U-turn\n|\n|upkeep\n|turn|20\n|\n|t:|1699719374\n|move|p1a: Greninja|Water Shuriken|p2a: Dragapult\n|-resisted|p2a: Dragapult\n|-damage|p2a: Dragapult|0 fnt\n|faint|p2a: Dragapult\n|-ability|p1a: Greninja|Battle Bond|boost\n|-boost|p1a: Greninja|atk|1\n|-boost|p1a: Greninja|spa|1\n|-boost|p1a: Greninja|spe|1\n|-activate|p1a: Greninja|ability: Battle Bond\n|-hitcount|p2: Dragapult|1\n|-damage|p1a: Greninja|91\/100|[from] item: Life Orb\n|\n|upkeep\n|\n|t:|1699719381\n|switch|p2a: Dragonite|Dragonite, M|100\/100\n|turn|21\n|\n|t:|1699719397\n|move|p2a: Dragonite|Extreme Speed|p1a: Greninja\n|-damage|p1a: Greninja|34\/100\n|move|p1a: Greninja|Surf|p2a: Dragonite\n|-resisted|p2a: Dragonite\n|-damage|p2a: Dragonite|81\/100\n|-damage|p1a: Greninja|24\/100|[from] item: Life Orb\n|\n|upkeep\n|turn|22\n|\n|t:|1699719409\n|switch|p1a: Dragapult|Dragapult, M|100\/100\n|move|p2a: Dragonite|Extreme Speed|p1a: Dragapult\n|-immune|p1a: Dragapult\n|\n|upkeep\n|turn|23\n|\n|t:|1699719415\n|switch|p2a: Iron Valiant|Iron Valiant|8\/100\n|move|p1a: Dragapult|U-turn|p2a: Iron Valiant\n|-resisted|p2a: Iron Valiant\n|-damage|p2a: Iron Valiant|3\/100\n|\n|t:|1699719420\n|switch|p1a: Greninja|Greninja, M|24\/100|[from] U-turn\n|\n|upkeep\n|turn|24\n|\n|t:|1699719426\n|move|p1a: Greninja|Ice Beam|p2a: Iron Valiant\n|-damage|p2a: Iron Valiant|0 fnt\n|faint|p2a: Iron Valiant\n|-end|p2a: Iron Valiant|Quark Drive|[silent]\n|-damage|p1a: Greninja|15\/100|[from] item: Life Orb\n|\n|upkeep\n|\n|t:|1699719431\n|switch|p2a: Dragonite|Dragonite, M|81\/100\n|turn|25\n|\n|t:|1699719436\n|switch|p1a: Corviknight|Corviknight, M|25\/100\n|-ability|p1a: Corviknight|Pressure\n|move|p2a: Dragonite|Extreme Speed|p1a: Corviknight\n|-resisted|p1a: Corviknight\n|-damage|p1a: Corviknight|15\/100\n|-damage|p2a: Dragonite|65\/100|[from] item: Rocky Helmet|[of] p1a: Corviknight\n|\n|upkeep\n|turn|26\n|\n|t:|1699719440\n|move|p2a: Dragonite|Dragon Dance|p2a: Dragonite\n|-boost|p2a: Dragonite|atk|1\n|-boost|p2a: Dragonite|spe|1\n|move|p1a: Corviknight|Brave Bird|p2a: Dragonite\n|-damage|p2a: Dragonite|27\/100\n|-damage|p1a: Corviknight|4\/100|[from] Recoil\n|\n|upkeep\n|turn|27\n|\n|t:|1699719450\n|move|p2a: Dragonite|Ice Spinner|p1a: Corviknight\n|-damage|p1a: Corviknight|0 fnt\n|-damage|p2a: Dragonite|11\/100|[from] item: Rocky Helmet|[of] p1a: Corviknight\n|faint|p1a: Corviknight\n|\n|upkeep\n|l| doublepomme\n|\n|t:|1699719461\n|switch|p1a: Slowking|Slowking-Galar, F|100\/100\n|turn|28\n|\n|t:|1699719466\n|-terastallize|p1a: Slowking|Fairy\n|move|p2a: Dragonite|Earthquake|p1a: Slowking\n|-damage|p1a: Slowking|45\/100\n|move|p1a: Slowking|Sludge Bomb|p2a: Dragonite\n|-damage|p2a: Dragonite|0 fnt\n|faint|p2a: Dragonite\n|\n|upkeep\n|\n|t:|1699719472\n|switch|p2a: Enamorus|Enamorus, F|100\/100\n|turn|29\n|\n|t:|1699719482\n|switch|p1a: Greninja|Greninja, M|15\/100\n|move|p2a: Enamorus|Moonblast|p1a: Greninja\n|-supereffective|p1a: Greninja\n|-damage|p1a: Greninja|0 fnt\n|faint|p1a: Greninja\n|\n|upkeep\n|\n|t:|1699719487\n|switch|p1a: Dragapult|Dragapult, M|100\/100\n|turn|30\n|\n|t:|1699719490\n|move|p1a: Dragapult|Thunderbolt|p2a: Enamorus\n|-supereffective|p2a: Enamorus\n|-damage|p2a: Enamorus|0 fnt\n|faint|p2a: Enamorus\n|\n|win|Pedro lopesbr\n|raw|Pedro lopesbr's rating: 1345 &rarr; <strong>1371<\/strong><br \/>(+26 for winning)\n|raw|nathanboss22's rating: 1444 &rarr; <strong>1418<\/strong><br \/>(-26 for losing)\n","uploadtime":1699719330,"views":16,"p1id":"pedrolopesbr","p2id":"nathanboss22","formatid":"gen9ou","rating":1371,"private":0,"password":""}