{"id":"gen9ou-1995685545","p1":"disinik","p2":"bluelight86","format":"[Gen 9] OU","log":"|j|\u2606disinik\n|j|\u2606bluelight86\n|t:|1700593837\n|gametype|singles\n|player|p1|disinik|cynthia-gen4|1000\n|player|p2|bluelight86|lucas-gen4pt|1031\n|teamsize|p1|6\n|teamsize|p2|6\n|gen|9\n|tier|[Gen 9] OU\n|rated|\n|rule|Sleep Clause Mod: Limit one foe put to sleep\n|rule|Species Clause: Limit one of each Pok\u00e9mon\n|rule|OHKO Clause: OHKO moves are banned\n|rule|Evasion Items Clause: Evasion items are banned\n|rule|Evasion Moves Clause: Evasion moves are banned\n|rule|Endless Battle Clause: Forcing endless battles is banned\n|rule|HP Percentage Mod: HP is shown in percentages\n|clearpoke\n|poke|p1|Lucario, M|\n|poke|p1|Dragapult, M|\n|poke|p1|Milotic, F|\n|poke|p1|Great Tusk|\n|poke|p1|Corviknight, F|\n|poke|p1|Iron Moth|\n|poke|p2|Glimmora, F|\n|poke|p2|Glaceon, M|\n|poke|p2|Clodsire, F|\n|poke|p2|Samurott-Hisui, M|\n|poke|p2|Ceruledge, M|\n|poke|p2|Dipplin, M|\n|teampreview\n|inactive|Battle timer is ON: inactive players will automatically lose when time's up. (requested by bluelight86)\n|inactive|disinik has 120 seconds left.\n|\n|t:|1700593920\n|start\n|switch|p1a: Milotic|Milotic, F|100\/100\n|switch|p2a: Clodsire|Clodsire, F|100\/100\n|turn|1\n|\n|t:|1700593934\n|move|p1a: Milotic|Ice Beam|p2a: Clodsire\n|-supereffective|p2a: Clodsire\n|-damage|p2a: Clodsire|67\/100\n|move|p2a: Clodsire|Poison Jab|p1a: Milotic\n|-damage|p1a: Milotic|79\/100\n|\n|-heal|p1a: Milotic|86\/100|[from] item: Leftovers\n|-heal|p2a: Clodsire|73\/100|[from] item: Leftovers\n|upkeep\n|turn|2\n|\n|t:|1700593948\n|switch|p2a: Glaceon|Glaceon, M|100\/100\n|move|p1a: Milotic|Ice Beam|p2a: Glaceon\n|-resisted|p2a: Glaceon\n|-crit|p2a: Glaceon\n|-damage|p2a: Glaceon|84\/100\n|\n|-heal|p2a: Glaceon|90\/100|[from] item: Leftovers\n|-heal|p1a: Milotic|92\/100|[from] item: Leftovers\n|upkeep\n|turn|3\n|\n|t:|1700593961\n|move|p2a: Glaceon|Snowscape|p2a: Glaceon\n|-weather|Snow\n|move|p1a: Milotic|Flip Turn|p2a: Glaceon\n|-damage|p2a: Glaceon|82\/100\n|\n|t:|1700593970\n|switch|p1a: Iron Moth|Iron Moth|100\/100|[from] Flip Turn\n|-enditem|p1a: Iron Moth|Booster Energy\n|-activate|p1a: Iron Moth|ability: Quark Drive|[fromitem]\n|-start|p1a: Iron Moth|quarkdrivespe\n|\n|-weather|Snow|[upkeep]\n|-heal|p2a: Glaceon|88\/100|[from] ability: Ice Body\n|-heal|p2a: Glaceon|95\/100|[from] item: Leftovers\n|upkeep\n|turn|4\n|\n|t:|1700593984\n|switch|p2a: Clodsire|Clodsire, F|73\/100\n|move|p1a: Iron Moth|Fiery Dance|p2a: Clodsire\n|-damage|p2a: Clodsire|43\/100\n|-boost|p1a: Iron Moth|spa|1\n|\n|-weather|Snow|[upkeep]\n|-heal|p2a: Clodsire|49\/100|[from] item: Leftovers\n|upkeep\n|turn|5\n|\n|t:|1700593998\n|move|p1a: Iron Moth|Energy Ball|p2a: Clodsire\n|-damage|p2a: Clodsire|13\/100\n|move|p2a: Clodsire|Haze|p2a: Clodsire\n|-clearallboost\n|\n|-weather|Snow|[upkeep]\n|-heal|p2a: Clodsire|19\/100|[from] item: Leftovers\n|upkeep\n|turn|6\n|\n|t:|1700594008\n|move|p1a: Iron Moth|Energy Ball|p2a: Clodsire\n|-damage|p2a: Clodsire|0 fnt\n|faint|p2a: Clodsire\n|\n|-weather|Snow|[upkeep]\n|upkeep\n|\n|t:|1700594014\n|switch|p2a: Ceruledge|Ceruledge, M|100\/100\n|turn|7\n|\n|t:|1700594022\n|-end|p1a: Iron Moth|Quark Drive|[silent]\n|switch|p1a: Great Tusk|Great Tusk|100\/100\n|move|p2a: Ceruledge|Shadow Claw|p1a: Great Tusk\n|-damage|p1a: Great Tusk|84\/100\n|-damage|p2a: Ceruledge|84\/100|[from] item: Rocky Helmet|[of] p1a: Great Tusk\n|\n|-weather|none\n|upkeep\n|turn|8\n|\n|t:|1700594039\n|switch|p2a: Dipplin|Dipplin, M|100\/100\n|move|p1a: Great Tusk|Stealth Rock|p2a: Dipplin\n|-sidestart|p2: bluelight86|move: Stealth Rock\n|\n|upkeep\n|turn|9\n|\n|t:|1700594048\n|-terastallize|p2a: Dipplin|Fairy\n|move|p1a: Great Tusk|Ice Spinner|p2a: Dipplin\n|-damage|p2a: Dipplin|86\/100\n|move|p2a: Dipplin|Tera Blast|p1a: Great Tusk|[anim] Tera Blast Fairy\n|-supereffective|p1a: Great Tusk\n|-damage|p1a: Great Tusk|0 fnt\n|faint|p1a: Great Tusk\n|-end|p1a: Great Tusk|Protosynthesis|[silent]\n|\n|upkeep\n|\n|t:|1700594060\n|switch|p1a: Iron Moth|Iron Moth|100\/100\n|turn|10\n|\n|t:|1700594071\n|switch|p2a: Glimmora|Glimmora, F|100\/100\n|-damage|p2a: Glimmora|88\/100|[from] Stealth Rock\n|move|p1a: Iron Moth|Sludge Wave|p2a: Glimmora\n|-resisted|p2a: Glimmora\n|-damage|p2a: Glimmora|77\/100\n|\n|-heal|p2a: Glimmora|83\/100|[from] item: Leftovers\n|upkeep\n|turn|11\n|\n|t:|1700594090\n|-end|p1a: Iron Moth|Quark Drive|[silent]\n|switch|p1a: Milotic|Milotic, F|92\/100\n|move|p2a: Glimmora|Mortal Spin|p1a: Milotic\n|-damage|p1a: Milotic|87\/100\n|-status|p1a: Milotic|psn\n|-sideend|p2: bluelight86|Stealth Rock|[from] move: Mortal Spin|[of] p2a: Glimmora\n|\n|-heal|p2a: Glimmora|89\/100|[from] item: Leftovers\n|-heal|p1a: Milotic|93\/100 psn|[from] item: Leftovers\n|-damage|p1a: Milotic|81\/100 psn|[from] psn\n|upkeep\n|turn|12\n|\n|t:|1700594106\n|switch|p2a: Glaceon|Glaceon, M|95\/100\n|move|p1a: Milotic|Scald|p2a: Glaceon\n|-damage|p2a: Glaceon|68\/100\n|-status|p2a: Glaceon|brn\n|\n|-heal|p2a: Glaceon|75\/100 brn|[from] item: Leftovers\n|-heal|p1a: Milotic|87\/100 psn|[from] item: Leftovers\n|-damage|p1a: Milotic|75\/100 psn|[from] psn\n|-damage|p2a: Glaceon|68\/100 brn|[from] brn\n|upkeep\n|turn|13\n|\n|t:|1700594121\n|move|p2a: Glaceon|Freeze-Dry|p1a: Milotic\n|-supereffective|p1a: Milotic\n|-damage|p1a: Milotic|28\/100 psn\n|move|p1a: Milotic|Flip Turn|p2a: Glaceon\n|-damage|p2a: Glaceon|56\/100 brn\n|\n|t:|1700594128\n|switch|p1a: Iron Moth|Iron Moth|100\/100|[from] Flip Turn\n|\n|-heal|p2a: Glaceon|62\/100 brn|[from] item: Leftovers\n|-damage|p2a: Glaceon|56\/100 brn|[from] brn\n|upkeep\n|turn|14\n|\n|t:|1700594143\n|switch|p2a: Ceruledge|Ceruledge, M|84\/100\n|move|p1a: Iron Moth|Dazzling Gleam|p2a: Ceruledge\n|-resisted|p2a: Ceruledge\n|-damage|p2a: Ceruledge|68\/100\n|\n|upkeep\n|turn|15\n|inactive|disinik has 120 seconds left.\n|\n|t:|1700594159\n|-end|p1a: Iron Moth|Quark Drive|[silent]\n|switch|p1a: Milotic|Milotic, F|28\/100 psn\n|move|p2a: Ceruledge|Bitter Blade|p1a: Milotic\n|-resisted|p1a: Milotic\n|-damage|p1a: Milotic|14\/100 psn\n|-heal|p2a: Ceruledge|78\/100|[from] drain|[of] p1a: Milotic\n|\n|-heal|p1a: Milotic|20\/100 psn|[from] item: Leftovers\n|-damage|p1a: Milotic|8\/100 psn|[from] psn\n|upkeep\n|turn|16\n|inactive|disinik has 120 seconds left.\n|\n|t:|1700594182\n|switch|p2a: Dipplin|Dipplin, M, tera:Fairy|86\/100\n|move|p1a: Milotic|Recover|p1a: Milotic\n|-heal|p1a: Milotic|58\/100 psn\n|\n|-heal|p1a: Milotic|64\/100 psn|[from] item: Leftovers\n|-damage|p1a: Milotic|52\/100 psn|[from] psn\n|upkeep\n|turn|17\n|inactive|disinik has 120 seconds left.\n|\n|t:|1700594197\n|switch|p1a: Iron Moth|Iron Moth|100\/100\n|move|p2a: Dipplin|Energy Ball|p1a: Iron Moth\n|-resisted|p1a: Iron Moth\n|-damage|p1a: Iron Moth|92\/100\n|\n|upkeep\n|turn|18\n|inactive|disinik has 120 seconds left.\n|\n|t:|1700594212\n|switch|p2a: Glimmora|Glimmora, F|89\/100\n|move|p1a: Iron Moth|Sludge Wave|p2a: Glimmora\n|-resisted|p2a: Glimmora\n|-damage|p2a: Glimmora|78\/100\n|\n|-heal|p2a: Glimmora|84\/100|[from] item: Leftovers\n|upkeep\n|turn|19\n|inactive|disinik has 120 seconds left.\n|\n|t:|1700594234\n|move|p1a: Iron Moth|Energy Ball|p2a: Glimmora\n|-damage|p2a: Glimmora|57\/100\n|move|p2a: Glimmora|Stealth Rock|p1a: Iron Moth\n|-sidestart|p1: disinik|move: Stealth Rock\n|\n|-heal|p2a: Glimmora|63\/100|[from] item: Leftovers\n|upkeep\n|turn|20\n|\n|t:|1700594255\n|move|p1a: Iron Moth|Dazzling Gleam|p2a: Glimmora\n|-resisted|p2a: Glimmora\n|-damage|p2a: Glimmora|49\/100\n|move|p2a: Glimmora|Power Gem|p1a: Iron Moth\n|-supereffective|p1a: Iron Moth\n|-damage|p1a: Iron Moth|13\/100\n|\n|-heal|p2a: Glimmora|55\/100|[from] item: Leftovers\n|upkeep\n|turn|21\n|inactive|disinik has 90 seconds left.\n|\n|t:|1700594276\n|-end|p1a: Iron Moth|Quark Drive|[silent]\n|switch|p1a: Lucario|Lucario, M|100\/100\n|-damage|p1a: Lucario|98\/100|[from] Stealth Rock\n|move|p2a: Glimmora|Power Gem|p1a: Lucario\n|-resisted|p1a: Lucario\n|-damage|p1a: Lucario|83\/100\n|\n|-heal|p2a: Glimmora|61\/100|[from] item: Leftovers\n|upkeep\n|turn|22\n|inactive|disinik has 90 seconds left.\n|\n|t:|1700594289\n|switch|p2a: Ceruledge|Ceruledge, M|78\/100\n|move|p1a: Lucario|Swords Dance|p1a: Lucario\n|-boost|p1a: Lucario|atk|2\n|\n|upkeep\n|turn|23\n|inactive|disinik has 90 seconds left.\n|\n|t:|1700594309\n|switch|p1a: Milotic|Milotic, F|52\/100 psn\n|-damage|p1a: Milotic|39\/100 psn|[from] Stealth Rock\n|move|p2a: Ceruledge|Bitter Blade|p1a: Milotic\n|-resisted|p1a: Milotic\n|-damage|p1a: Milotic|24\/100 psn\n|-heal|p2a: Ceruledge|88\/100|[from] drain|[of] p1a: Milotic\n|\n|-heal|p1a: Milotic|30\/100 psn|[from] item: Leftovers\n|-damage|p1a: Milotic|18\/100 psn|[from] psn\n|upkeep\n|turn|24\n|\n|t:|1700594328\n|switch|p2a: Dipplin|Dipplin, M, tera:Fairy|86\/100\n|move|p1a: Milotic|Recover|p1a: Milotic\n|-heal|p1a: Milotic|68\/100 psn\n|\n|-heal|p1a: Milotic|74\/100 psn|[from] item: Leftovers\n|-damage|p1a: Milotic|62\/100 psn|[from] psn\n|upkeep\n|turn|25\n|\n|t:|1700594340\n|switch|p1a: Iron Moth|Iron Moth|13\/100\n|-damage|p1a: Iron Moth|0 fnt|[from] Stealth Rock\n|faint|p1a: Iron Moth\n|-end|p1a: Iron Moth|Quark Drive|[silent]\n|move|p2a: Dipplin|Dragon Pulse|p1: Iron Moth|[notarget]\n|-fail|p2a: Dipplin\n|\n|upkeep\n|\n|t:|1700594356\n|switch|p1a: Lucario|Lucario, M|83\/100\n|-damage|p1a: Lucario|81\/100|[from] Stealth Rock\n|turn|26\n|\n|t:|1700594364\n|switch|p2a: Ceruledge|Ceruledge, M|88\/100\n|move|p1a: Lucario|Swords Dance|p1a: Lucario\n|-boost|p1a: Lucario|atk|2\n|\n|upkeep\n|turn|27\n|\n|t:|1700594376\n|switch|p1a: Milotic|Milotic, F|62\/100 psn\n|-damage|p1a: Milotic|49\/100 psn|[from] Stealth Rock\n|move|p2a: Ceruledge|Bitter Blade|p1a: Milotic\n|-resisted|p1a: Milotic\n|-damage|p1a: Milotic|34\/100 psn\n|-heal|p2a: Ceruledge|98\/100|[from] drain|[of] p1a: Milotic\n|\n|-heal|p1a: Milotic|40\/100 psn|[from] item: Leftovers\n|-damage|p1a: Milotic|28\/100 psn|[from] psn\n|upkeep\n|turn|28\n|\n|t:|1700594388\n|switch|p2a: Dipplin|Dipplin, M, tera:Fairy|86\/100\n|move|p1a: Milotic|Recover|p1a: Milotic\n|-heal|p1a: Milotic|78\/100 psn\n|\n|-heal|p1a: Milotic|84\/100 psn|[from] item: Leftovers\n|-damage|p1a: Milotic|72\/100 psn|[from] psn\n|upkeep\n|turn|29\n|\n|t:|1700594408\n|switch|p1a: Lucario|Lucario, M|81\/100\n|-damage|p1a: Lucario|78\/100|[from] Stealth Rock\n|move|p2a: Dipplin|Energy Ball|p1a: Lucario\n|-resisted|p1a: Lucario\n|-damage|p1a: Lucario|48\/100\n|\n|upkeep\n|turn|30\n|inactive|disinik has 60 seconds left.\n|\n|t:|1700594427\n|switch|p1a: Milotic|Milotic, F|72\/100 psn\n|-damage|p1a: Milotic|59\/100 psn|[from] Stealth Rock\n|switch|p2a: Ceruledge|Ceruledge, M|98\/100\n|\n|-heal|p1a: Milotic|65\/100 psn|[from] item: Leftovers\n|-damage|p1a: Milotic|53\/100 psn|[from] psn\n|upkeep\n|turn|31\n|inactive|disinik has 60 seconds left.\n|\n|t:|1700594439\n|switch|p2a: Dipplin|Dipplin, M, tera:Fairy|86\/100\n|move|p1a: Milotic|Ice Beam|p2a: Dipplin\n|-damage|p2a: Dipplin|73\/100\n|\n|-heal|p1a: Milotic|59\/100 psn|[from] item: Leftovers\n|-damage|p1a: Milotic|47\/100 psn|[from] psn\n|upkeep\n|turn|32\n|inactive|disinik has 60 seconds left.\n|\n|t:|1700594453\n|switch|p1a: Lucario|Lucario, M|48\/100\n|-damage|p1a: Lucario|45\/100|[from] Stealth Rock\n|move|p2a: Dipplin|Dragon Pulse|p1a: Lucario\n|-resisted|p1a: Lucario\n|-damage|p1a: Lucario|17\/100\n|\n|upkeep\n|turn|33\n|inactive|disinik has 60 seconds left.\n|\n|t:|1700594480\n|switch|p1a: Dragapult|Dragapult, M|100\/100\n|-damage|p1a: Dragapult|88\/100|[from] Stealth Rock\n|move|p2a: Dipplin|Recover|p2a: Dipplin\n|-heal|p2a: Dipplin|100\/100\n|\n|upkeep\n|turn|34\n|\n|t:|1700594503\n|-terastallize|p1a: Dragapult|Ghost\n|move|p1a: Dragapult|Shadow Ball|p2a: Dipplin\n|-damage|p2a: Dipplin|69\/100\n|move|p2a: Dipplin|Tera Blast|p1a: Dragapult|[anim] Tera Blast Fairy\n|-damage|p1a: Dragapult|47\/100\n|\n|upkeep\n|turn|35\n|inactive|disinik has 30 seconds left.\n|\n|t:|1700594521\n|switch|p1a: Milotic|Milotic, F|47\/100 psn\n|-damage|p1a: Milotic|35\/100 psn|[from] Stealth Rock\n|move|p2a: Dipplin|Tera Blast|p1a: Milotic|[anim] Tera Blast Fairy\n|-damage|p1a: Milotic|10\/100 psn\n|\n|-heal|p1a: Milotic|16\/100 psn|[from] item: Leftovers\n|-damage|p1a: Milotic|4\/100 psn|[from] psn\n|upkeep\n|turn|36\n|inactive|disinik has 30 seconds left.\n|\n|t:|1700594533\n|move|p1a: Milotic|Ice Beam|p2a: Dipplin\n|-damage|p2a: Dipplin|56\/100\n|move|p2a: Dipplin|Recover|p2a: Dipplin\n|-heal|p2a: Dipplin|100\/100\n|\n|-heal|p1a: Milotic|10\/100 psn|[from] item: Leftovers\n|-damage|p1a: Milotic|0 fnt|[from] psn\n|faint|p1a: Milotic\n|upkeep\n|inactive|disinik has 30 seconds left.\n|\n|t:|1700594545\n|switch|p1a: Lucario|Lucario, M|17\/100\n|-damage|p1a: Lucario|14\/100|[from] Stealth Rock\n|turn|37\n|inactive|disinik has 30 seconds left.\n|\n|t:|1700594560\n|move|p1a: Lucario|Ice Punch|p2a: Dipplin\n|-damage|p2a: Dipplin|81\/100\n|-damage|p1a: Lucario|4\/100|[from] item: Life Orb\n|move|p2a: Dipplin|Energy Ball|p1a: Lucario\n|-resisted|p1a: Lucario\n|-damage|p1a: Lucario|0 fnt\n|faint|p1a: Lucario\n|\n|upkeep\n|inactive|disinik has 30 seconds left.\n|\n|t:|1700594570\n|switch|p1a: Corviknight|Corviknight, F|100\/100\n|-damage|p1a: Corviknight|88\/100|[from] Stealth Rock\n|-ability|p1a: Corviknight|Pressure\n|turn|38\n|inactive|disinik has 30 seconds left.\n|\n|t:|1700594580\n|switch|p2a: Ceruledge|Ceruledge, M|98\/100\n|move|p1a: Corviknight|Bulk Up|p1a: Corviknight\n|-boost|p1a: Corviknight|atk|1\n|-boost|p1a: Corviknight|def|1\n|\n|upkeep\n|turn|39\n|inactive|disinik has 30 seconds left.\n|\n|t:|1700594592\n|move|p2a: Ceruledge|Bitter Blade|p1a: Corviknight\n|-supereffective|p1a: Corviknight\n|-damage|p1a: Corviknight|50\/100\n|-heal|p2a: Ceruledge|100\/100|[from] drain|[of] p1a: Corviknight\n|move|p1a: Corviknight|U-turn|p2a: Ceruledge\n|-resisted|p2a: Ceruledge\n|-damage|p2a: Ceruledge|95\/100\n|inactive|disinik has 30 seconds left.\n|\n|t:|1700594599\n|switch|p1a: Dragapult|Dragapult, M, tera:Ghost|47\/100|[from] U-turn\n|-damage|p1a: Dragapult|35\/100|[from] Stealth Rock\n|\n|upkeep\n|turn|40\n|\n|t:|1700594611\n|switch|p2a: Dipplin|Dipplin, M, tera:Fairy|81\/100\n|move|p1a: Dragapult|Flamethrower|p2a: Dipplin\n|-damage|p2a: Dipplin|63\/100\n|\n|upkeep\n|turn|41\n|\n|t:|1700594620\n|move|p1a: Dragapult|Flamethrower|p2a: Dipplin\n|-damage|p2a: Dipplin|47\/100\n|move|p2a: Dipplin|Tera Blast|p1a: Dragapult|[anim] Tera Blast Fairy\n|-damage|p1a: Dragapult|0 fnt\n|faint|p1a: Dragapult\n|\n|upkeep\n|\n|t:|1700594629\n|switch|p1a: Corviknight|Corviknight, F|50\/100\n|-damage|p1a: Corviknight|38\/100|[from] Stealth Rock\n|-ability|p1a: Corviknight|Pressure\n|turn|42\n|\n|t:|1700594639\n|move|p1a: Corviknight|Bulk Up|p1a: Corviknight\n|-boost|p1a: Corviknight|atk|1\n|-boost|p1a: Corviknight|def|1\n|move|p2a: Dipplin|Dragon Pulse|p1a: Corviknight\n|-resisted|p1a: Corviknight\n|-damage|p1a: Corviknight|25\/100\n|\n|upkeep\n|turn|43\n|\n|t:|1700594647\n|move|p1a: Corviknight|Roost|p1a: Corviknight\n|-heal|p1a: Corviknight|75\/100\n|-singleturn|p1a: Corviknight|move: Roost\n|move|p2a: Dipplin|Dragon Pulse|p1a: Corviknight\n|-resisted|p1a: Corviknight\n|-damage|p1a: Corviknight|60\/100\n|\n|upkeep\n|turn|44\n|inactive|disinik has 60 seconds left.\n|\n|t:|1700594655\n|switch|p2a: Glaceon|Glaceon, M|56\/100 brn\n|move|p1a: Corviknight|Brave Bird|p2a: Glaceon\n|-damage|p2a: Glaceon|3\/100 brn\n|-damage|p1a: Corviknight|47\/100|[from] Recoil\n|\n|-heal|p2a: Glaceon|9\/100 brn|[from] item: Leftovers\n|-damage|p2a: Glaceon|3\/100 brn|[from] brn\n|upkeep\n|turn|45\n|inactive|disinik has 60 seconds left.\n|\n|t:|1700594672\n|move|p2a: Glaceon|Wish|p2a: Glaceon\n|move|p1a: Corviknight|Roost|p1a: Corviknight\n|-heal|p1a: Corviknight|97\/100\n|-singleturn|p1a: Corviknight|move: Roost\n|\n|-heal|p2a: Glaceon|9\/100 brn|[from] item: Leftovers\n|-damage|p2a: Glaceon|3\/100 brn|[from] brn\n|upkeep\n|turn|46\n|inactive|disinik has 60 seconds left.\n|\n|t:|1700594687\n|move|p2a: Glaceon|Ice Beam|p1a: Corviknight\n|-damage|p1a: Corviknight|66\/100\n|move|p1a: Corviknight|Brave Bird|p2a: Glaceon\n|-damage|p2a: Glaceon|0 fnt\n|faint|p2a: Glaceon\n|-damage|p1a: Corviknight|65\/100|[from] Recoil\n|\n|upkeep\n|\n|t:|1700594692\n|switch|p2a: Dipplin|Dipplin, M, tera:Fairy|47\/100\n|turn|47\n|\n|t:|1700594699\n|move|p1a: Corviknight|Brave Bird|p2a: Dipplin\n|-damage|p2a: Dipplin|13\/100\n|-damage|p1a: Corviknight|56\/100|[from] Recoil\n|move|p2a: Dipplin|Energy Ball|p1a: Corviknight\n|-resisted|p1a: Corviknight\n|-damage|p1a: Corviknight|48\/100\n|\n|upkeep\n|turn|48\n|\n|t:|1700594707\n|move|p1a: Corviknight|Roost|p1a: Corviknight\n|-heal|p1a: Corviknight|98\/100\n|-singleturn|p1a: Corviknight|move: Roost\n|move|p2a: Dipplin|Recover|p2a: Dipplin\n|-heal|p2a: Dipplin|63\/100\n|\n|upkeep\n|turn|49\n|\n|t:|1700594715\n|move|p1a: Corviknight|Brave Bird|p2a: Dipplin\n|-damage|p2a: Dipplin|31\/100\n|-damage|p1a: Corviknight|90\/100|[from] Recoil\n|move|p2a: Dipplin|Tera Blast|p1a: Corviknight|[anim] Tera Blast Fairy\n|-resisted|p1a: Corviknight\n|-damage|p1a: Corviknight|77\/100\n|\n|upkeep\n|turn|50\n|\n|t:|1700594724\n|move|p1a: Corviknight|Brave Bird|p2a: Dipplin\n|-damage|p2a: Dipplin|0 fnt\n|faint|p2a: Dipplin\n|-damage|p1a: Corviknight|69\/100|[from] Recoil\n|\n|upkeep\n|\n|t:|1700594727\n|switch|p2a: Ceruledge|Ceruledge, M|95\/100\n|turn|51\n|\n|t:|1700594733\n|move|p2a: Ceruledge|Bitter Blade|p1a: Corviknight\n|-supereffective|p1a: Corviknight\n|-damage|p1a: Corviknight|27\/100\n|-heal|p2a: Ceruledge|100\/100|[from] drain|[of] p1a: Corviknight\n|move|p1a: Corviknight|Brave Bird|p2a: Ceruledge\n|-crit|p2a: Ceruledge\n|-damage|p2a: Ceruledge|17\/100\n|-damage|p1a: Corviknight|7\/100|[from] Recoil\n|\n|upkeep\n|turn|52\n|\n|t:|1700594743\n|move|p2a: Ceruledge|Bitter Blade|p1a: Corviknight\n|-supereffective|p1a: Corviknight\n|-damage|p1a: Corviknight|0 fnt\n|-heal|p2a: Ceruledge|21\/100|[from] drain|[of] p1a: Corviknight\n|faint|p1a: Corviknight\n|\n|win|bluelight86\n|raw|disinik's rating: 1000 &rarr; <strong>1000<\/strong><br \/>(+0 for losing)\n|raw|bluelight86's rating: 1031 &rarr; <strong>1063<\/strong><br \/>(+32 for winning)\n","uploadtime":1700594761,"views":2,"p1id":"disinik","p2id":"bluelight86","formatid":"gen9ou","rating":1000,"private":0,"password":""}