{"id":"gen9ou-1988737771","p1":"Kainil","p2":"Ninjy44","format":"[Gen 9] OU","log":"|j|\u2606Kainil\n|j|\u2606Ninjy44\n|t:|1699756788\n|gametype|singles\n|player|p1|Kainil|fisherman-gen6xy|1070\n|player|p2|Ninjy44|camper|1098\n|teamsize|p1|6\n|teamsize|p2|6\n|gen|9\n|tier|[Gen 9] OU\n|rated|\n|rule|Sleep Clause Mod: Limit one foe put to sleep\n|rule|Species Clause: Limit one of each Pok\u00e9mon\n|rule|OHKO Clause: OHKO moves are banned\n|rule|Evasion Items Clause: Evasion items are banned\n|rule|Evasion Moves Clause: Evasion moves are banned\n|rule|Endless Battle Clause: Forcing endless battles is banned\n|rule|HP Percentage Mod: HP is shown in percentages\n|clearpoke\n|poke|p1|Walking Wake|\n|poke|p1|Alomomola, F|\n|poke|p1|Greninja-*, M|\n|poke|p1|Dondozo, F|\n|poke|p1|Ogerpon-Wellspring, F|\n|poke|p1|Toxapex, M|\n|poke|p2|Great Tusk|\n|poke|p2|Dragapult, F|\n|poke|p2|Dragonite, F|\n|poke|p2|Iron Valiant|\n|poke|p2|Grimmsnarl, M|\n|poke|p2|Gholdengo|\n|teampreview\n|inactive|Battle timer is ON: inactive players will automatically lose when time's up. (requested by Ninjy44)\n|\n|t:|1699756805\n|start\n|switch|p1a: Greninja|Greninja, M|100\/100\n|switch|p2a: Gholdengo|Gholdengo|100\/100\n|turn|1\n|\n|t:|1699756812\n|move|p1a: Greninja|Dark Pulse|p2a: Gholdengo\n|-start|p1a: Greninja|typechange|Dark|[from] ability: Protean\n|-supereffective|p2a: Gholdengo\n|-damage|p2a: Gholdengo|5\/100\n|move|p2a: Gholdengo|Thunder Wave|p1a: Greninja\n|-status|p1a: Greninja|par\n|\n|-heal|p2a: Gholdengo|11\/100|[from] item: Leftovers\n|upkeep\n|turn|2\n|\n|t:|1699756835\n|switch|p2a: Grimmsnarl|Grimmsnarl, M|100\/100\n|move|p1a: Greninja|Dark Pulse|p2a: Grimmsnarl\n|-resisted|p2a: Grimmsnarl\n|-damage|p2a: Grimmsnarl|90\/100\n|\n|upkeep\n|turn|3\n|\n|t:|1699756846\n|switch|p1a: Toxapex|Toxapex, M|100\/100\n|move|p2a: Grimmsnarl|Light Screen|p2a: Grimmsnarl\n|-sidestart|p2: Ninjy44|move: Light Screen\n|\n|upkeep\n|turn|4\n|\n|t:|1699756855\n|move|p2a: Grimmsnarl|Taunt|p1a: Toxapex\n|-start|p1a: Toxapex|move: Taunt\n|move|p1a: Toxapex|Poison Jab|p2a: Grimmsnarl\n|-supereffective|p2a: Grimmsnarl\n|-damage|p2a: Grimmsnarl|40\/100\n|\n|upkeep\n|turn|5\n|\n|t:|1699756877\n|move|p2a: Grimmsnarl|Reflect|p2a: Grimmsnarl\n|-sidestart|p2: Ninjy44|Reflect\n|move|p1a: Toxapex|Poison Jab|p2a: Grimmsnarl\n|-supereffective|p2a: Grimmsnarl\n|-damage|p2a: Grimmsnarl|14\/100\n|\n|upkeep\n|turn|6\n|\n|t:|1699756885\n|move|p2a: Grimmsnarl|Parting Shot|p1a: Toxapex\n|-unboost|p1a: Toxapex|atk|1\n|-unboost|p1a: Toxapex|spa|1\n|inactive|Ninjy44 has 120 seconds left.\n|\n|t:|1699756913\n|switch|p2a: Great Tusk|Great Tusk|100\/100|[from] Parting Shot\n|move|p1a: Toxapex|Poison Jab|p2a: Great Tusk\n|-resisted|p2a: Great Tusk\n|-damage|p2a: Great Tusk|98\/100\n|-status|p2a: Great Tusk|psn\n|\n|-damage|p2a: Great Tusk|86\/100 psn|[from] psn\n|-end|p1a: Toxapex|move: Taunt\n|upkeep\n|turn|7\n|\n|t:|1699756930\n|switch|p1a: Ogerpon|Ogerpon-Wellspring, F|100\/100\n|move|p2a: Great Tusk|Knock Off|p1a: Ogerpon\n|-damage|p1a: Ogerpon|71\/100\n|\n|-damage|p2a: Great Tusk|73\/100 psn|[from] psn\n|upkeep\n|turn|8\n|inactive|Ninjy44 has 90 seconds left.\n|\n|t:|1699756955\n|-end|p2a: Great Tusk|Protosynthesis|[silent]\n|switch|p2a: Dragonite|Dragonite, F|100\/100\n|move|p1a: Ogerpon|Knock Off|p2a: Dragonite\n|-damage|p2a: Dragonite|90\/100\n|-enditem|p2a: Dragonite|Choice Band|[from] move: Knock Off|[of] p1a: Ogerpon\n|\n|upkeep\n|turn|9\n|inactive|Ninjy44 has 90 seconds left.\n|\n|t:|1699756968\n|switch|p1a: Greninja|Greninja, M|100\/100 par\n|-terastallize|p2a: Dragonite|Normal\n|move|p2a: Dragonite|Extreme Speed|p1a: Greninja\n|-crit|p1a: Greninja\n|-damage|p1a: Greninja|0 fnt\n|faint|p1a: Greninja\n|\n|upkeep\n|\n|t:|1699756971\n|switch|p1a: Dondozo|Dondozo, F|100\/100\n|turn|10\n|\n|t:|1699756991\n|-terastallize|p1a: Dondozo|Fairy\n|move|p2a: Dragonite|Extreme Speed|p1a: Dondozo\n|-damage|p1a: Dondozo|81\/100\n|move|p1a: Dondozo|Body Press|p2a: Dragonite\n|-supereffective|p2a: Dragonite\n|-damage|p2a: Dragonite|57\/100\n|\n|-sideend|p2: Ninjy44|move: Light Screen\n|upkeep\n|turn|11\n|inactive|Ninjy44 has 90 seconds left.\n|\n|t:|1699757015\n|switch|p2a: Dragapult|Dragapult, F|100\/100\n|move|p1a: Dondozo|Body Press|p2a: Dragapult\n|-immune|p2a: Dragapult\n|\n|upkeep\n|turn|12\n|inactive|Ninjy44 has 90 seconds left.\n|inactive|Ninjy44 has 60 seconds left.\n|\n|t:|1699757063\n|move|p2a: Dragapult|Shadow Ball|p1a: Dondozo\n|-damage|p1a: Dondozo|30\/100\n|move|p1a: Dondozo|Avalanche|p2a: Dragapult\n|-supereffective|p2a: Dragapult\n|-damage|p2a: Dragapult|66\/100\n|\n|-sideend|p2: Ninjy44|Reflect\n|upkeep\n|turn|13\n|inactive|Ninjy44 has 60 seconds left.\n|\n|t:|1699757072\n|move|p2a: Dragapult|Shadow Ball|p1a: Dondozo\n|-damage|p1a: Dondozo|0 fnt\n|faint|p1a: Dondozo\n|\n|upkeep\n|\n|t:|1699757079\n|switch|p1a: Ogerpon|Ogerpon-Wellspring, F|71\/100\n|turn|14\n|\n|t:|1699757086\n|move|p2a: Dragapult|Shadow Ball|p1a: Ogerpon\n|-damage|p1a: Ogerpon|9\/100\n|move|p1a: Ogerpon|Knock Off|p2a: Dragapult\n|-supereffective|p2a: Dragapult\n|-damage|p2a: Dragapult|0 fnt\n|-enditem|p2a: Dragapult|Choice Specs|[from] move: Knock Off|[of] p1a: Ogerpon\n|faint|p2a: Dragapult\n|\n|upkeep\n|\n|t:|1699757099\n|switch|p2a: Dragonite|Dragonite, F, tera:Normal|57\/100\n|turn|15\n|\n|t:|1699757104\n|move|p2a: Dragonite|Extreme Speed|p1a: Ogerpon\n|-damage|p1a: Ogerpon|0 fnt\n|faint|p1a: Ogerpon\n|\n|upkeep\n|\n|t:|1699757110\n|switch|p1a: Walking Wake|Walking Wake|100\/100\n|turn|16\n|\n|t:|1699757124\n|switch|p2a: Iron Valiant|Iron Valiant|100\/100\n|-enditem|p2a: Iron Valiant|Booster Energy\n|-activate|p2a: Iron Valiant|ability: Quark Drive|[fromitem]\n|-start|p2a: Iron Valiant|quarkdrivespe\n|move|p1a: Walking Wake|Hydro Pump|p2a: Iron Valiant|[miss]\n|-miss|p1a: Walking Wake|p2a: Iron Valiant\n|\n|upkeep\n|turn|17\n|\n|t:|1699757143\n|-end|p1a: Walking Wake|Protosynthesis|[silent]\n|switch|p1a: Toxapex|Toxapex, M|100\/100\n|move|p2a: Iron Valiant|Swords Dance|p2a: Iron Valiant\n|-boost|p2a: Iron Valiant|atk|2\n|\n|upkeep\n|turn|18\n|\n|t:|1699757150\n|move|p2a: Iron Valiant|Knock Off|p1a: Toxapex\n|-crit|p1a: Toxapex\n|-damage|p1a: Toxapex|36\/100\n|-enditem|p1a: Toxapex|Black Sludge|[from] move: Knock Off|[of] p2a: Iron Valiant\n|move|p1a: Toxapex|Haze|p1a: Toxapex\n|-clearallboost\n|\n|upkeep\n|turn|19\n|\n|t:|1699757165\n|move|p2a: Iron Valiant|Close Combat|p1a: Toxapex\n|-resisted|p1a: Toxapex\n|-damage|p1a: Toxapex|18\/100\n|-unboost|p2a: Iron Valiant|def|1\n|-unboost|p2a: Iron Valiant|spd|1\n|move|p1a: Toxapex|Poison Jab|p2a: Iron Valiant\n|-supereffective|p2a: Iron Valiant\n|-damage|p2a: Iron Valiant|21\/100\n|\n|upkeep\n|turn|20\n|\n|t:|1699757174\n|move|p2a: Iron Valiant|Close Combat|p1a: Toxapex\n|-resisted|p1a: Toxapex\n|-damage|p1a: Toxapex|0 fnt\n|-unboost|p2a: Iron Valiant|def|1\n|-unboost|p2a: Iron Valiant|spd|1\n|faint|p1a: Toxapex\n|\n|upkeep\n|\n|t:|1699757178\n|switch|p1a: Walking Wake|Walking Wake|100\/100\n|turn|21\n|inactive|Ninjy44 has 90 seconds left.\n|\n|t:|1699757196\n|move|p2a: Iron Valiant|Knock Off|p1a: Walking Wake\n|-damage|p1a: Walking Wake|62\/100\n|-enditem|p1a: Walking Wake|Choice Specs|[from] move: Knock Off|[of] p2a: Iron Valiant\n|move|p1a: Walking Wake|Hydro Steam|p2a: Iron Valiant\n|-damage|p2a: Iron Valiant|0 fnt\n|faint|p2a: Iron Valiant\n|-end|p2a: Iron Valiant|Quark Drive|[silent]\n|\n|upkeep\n|\n|t:|1699757222\n|switch|p2a: Dragonite|Dragonite, F, tera:Normal|57\/100\n|turn|22\n|\n|t:|1699757227\n|move|p2a: Dragonite|Extreme Speed|p1a: Walking Wake\n|-damage|p1a: Walking Wake|14\/100\n|move|p1a: Walking Wake|Hydro Steam|p2a: Dragonite\n|-damage|p2a: Dragonite|17\/100\n|\n|upkeep\n|turn|23\n|\n|t:|1699757233\n|-end|p1a: Walking Wake|Protosynthesis|[silent]\n|switch|p1a: Alomomola|Alomomola, F|100\/100\n|move|p2a: Dragonite|Extreme Speed|p1a: Alomomola\n|-damage|p1a: Alomomola|73\/100\n|\n|upkeep\n|turn|24\n|\n|t:|1699757248\n|switch|p2a: Grimmsnarl|Grimmsnarl, M|14\/100\n|move|p1a: Alomomola|Wish|p1a: Alomomola\n|\n|upkeep\n|turn|25\n|\n|t:|1699757254\n|move|p2a: Grimmsnarl|Taunt|p1a: Alomomola\n|-start|p1a: Alomomola|move: Taunt\n|move|p1a: Alomomola|Flip Turn|p2a: Grimmsnarl\n|-damage|p2a: Grimmsnarl|0 fnt\n|faint|p2a: Grimmsnarl\n|\n|t:|1699757260\n|switch|p1a: Walking Wake|Walking Wake|14\/100|[from] Flip Turn\n|\n|-heal|p1a: Walking Wake|93\/100|[from] move: Wish|[wisher] Alomomola\n|upkeep\n|inactive|Ninjy44 has 90 seconds left.\n|\n|t:|1699757282\n|switch|p2a: Gholdengo|Gholdengo|11\/100\n|turn|26\n|\n|t:|1699757290\n|move|p1a: Walking Wake|Hydro Steam|p2a: Gholdengo\n|-damage|p2a: Gholdengo|0 fnt\n|faint|p2a: Gholdengo\n|\n|upkeep\n|\n|t:|1699757301\n|switch|p2a: Great Tusk|Great Tusk|73\/100 psn\n|turn|27\n|\n|t:|1699757315\n|move|p1a: Walking Wake|Hydro Steam|p2a: Great Tusk\n|-supereffective|p2a: Great Tusk\n|-crit|p2a: Great Tusk\n|-damage|p2a: Great Tusk|0 fnt\n|faint|p2a: Great Tusk\n|-end|p2a: Great Tusk|Protosynthesis|[silent]\n|\n|upkeep\n|\n|t:|1699757319\n|switch|p2a: Dragonite|Dragonite, F, tera:Normal|17\/100\n|turn|28\n|inactive|Ninjy44 has 90 seconds left.\n|\n|t:|1699757327\n|move|p1a: Walking Wake|Draco Meteor|p2a: Dragonite\n|-damage|p2a: Dragonite|0 fnt\n|-unboost|p1a: Walking Wake|spa|2\n|faint|p2a: Dragonite\n|\n|win|Kainil\n|raw|Kainil's rating: 1070 &rarr; <strong>1102<\/strong><br \/>(+32 for winning)\n|raw|Ninjy44's rating: 1098 &rarr; <strong>1071<\/strong><br \/>(-27 for losing)\n|l|\u2606Ninjy44\n","uploadtime":1699757337,"views":18,"p1id":"kainil","p2id":"ninjy44","formatid":"gen9ou","rating":1071,"private":0,"password":""}