{"id":"gen9ou-1994837923","p1":"SupernovaOnToaster","p2":"DeerGurl","format":"[Gen 9] OU","log":"|j|\u2606SupernovaOnToaster\n|j|\u2606DeerGurl\n|t:|1700497412\n|gametype|singles\n|player|p1|SupernovaOnToaster|steven|1084\n|player|p2|DeerGurl|101|1144\n|teamsize|p1|6\n|teamsize|p2|6\n|gen|9\n|tier|[Gen 9] OU\n|rated|\n|rule|Sleep Clause Mod: Limit one foe put to sleep\n|rule|Species Clause: Limit one of each Pok\u00e9mon\n|rule|OHKO Clause: OHKO moves are banned\n|rule|Evasion Items Clause: Evasion items are banned\n|rule|Evasion Moves Clause: Evasion moves are banned\n|rule|Endless Battle Clause: Forcing endless battles is banned\n|rule|HP Percentage Mod: HP is shown in percentages\n|clearpoke\n|poke|p1|Meowscarada, F|\n|poke|p1|Ceruledge, M|\n|poke|p1|Glimmora, F|\n|poke|p1|Kingambit, M|\n|poke|p1|Great Tusk|\n|poke|p1|Dragonite, M|\n|poke|p2|Tsareena, F|\n|poke|p2|Florges, F|\n|poke|p2|Chesnaught, M|\n|poke|p2|Scizor, F|\n|poke|p2|Kilowattrel, M|\n|poke|p2|Inteleon, F|\n|teampreview\n|inactive|Battle timer is ON: inactive players will automatically lose when time's up. (requested by SupernovaOnToaster)\n|c|\u2606SupernovaOnToaster|i like ur team meow\n|inactive|DeerGurl has 120 seconds left.\n|c|\u2606SupernovaOnToaster|idk why i said meow\n|\n|t:|1700497453\n|start\n|switch|p1a: Cat|Meowscarada, F|100\/100\n|switch|p2a: Kilowattrel|Kilowattrel, M|100\/100\n|turn|1\n|\n|t:|1700497465\n|move|p2a: Kilowattrel|Volt Switch|p1a: Cat\n|-resisted|p1a: Cat\n|-damage|p1a: Cat|78\/100\n|\n|t:|1700497470\n|switch|p2a: Chesnaught|Chesnaught, M|100\/100|[from] Volt Switch\n|move|p1a: Cat|U-turn|p2a: Chesnaught\n|-start|p1a: Cat|typechange|Bug|[from] ability: Protean\n|-damage|p2a: Chesnaught|81\/100\n|-damage|p1a: Cat|62\/100|[from] item: Rocky Helmet|[of] p2a: Chesnaught\n|\n|t:|1700497482\n|switch|p1a: Knight|Ceruledge, M|100\/100|[from] U-turn\n|\n|upkeep\n|turn|2\n|\n|t:|1700497494\n|move|p1a: Knight|Bitter Blade|p2a: Chesnaught\n|-supereffective|p2a: Chesnaught\n|-damage|p2a: Chesnaught|26\/100\n|-damage|p1a: Knight|84\/100|[from] item: Rocky Helmet|[of] p2a: Chesnaught\n|move|p2a: Chesnaught|Leech Seed|p1a: Knight\n|-start|p1a: Knight|move: Leech Seed\n|\n|-damage|p1a: Knight|72\/100|[from] Leech Seed|[of] p2a: Chesnaught\n|-heal|p2a: Chesnaught|35\/100|[silent]\n|upkeep\n|turn|3\n|\n|t:|1700497506\n|switch|p1a: Flower|Glimmora, F|100\/100\n|move|p2a: Chesnaught|Spikes|p1a: Flower\n|-sidestart|p1: SupernovaOnToaster|Spikes\n|\n|upkeep\n|turn|4\n|\n|t:|1700497519\n|move|p1a: Flower|Toxic|p2a: Chesnaught\n|-status|p2a: Chesnaught|tox\n|move|p2a: Chesnaught|Leech Seed|p1a: Flower\n|-start|p1a: Flower|move: Leech Seed\n|\n|-damage|p1a: Flower|88\/100|[from] Leech Seed|[of] p2a: Chesnaught\n|-heal|p2a: Chesnaught|48\/100 tox|[silent]\n|-damage|p2a: Chesnaught|42\/100 tox|[from] psn\n|upkeep\n|turn|5\n|\n|t:|1700497529\n|switch|p2a: Kilowattrel|Kilowattrel, M|100\/100\n|move|p1a: Flower|Stealth Rock|p2a: Kilowattrel\n|-sidestart|p2: DeerGurl|move: Stealth Rock\n|\n|-damage|p1a: Flower|76\/100|[from] Leech Seed|[of] p2a: Kilowattrel\n|upkeep\n|turn|6\n|\n|t:|1700497539\n|move|p2a: Kilowattrel|Tailwind|p2a: Kilowattrel\n|-sidestart|p2: DeerGurl|move: Tailwind\n|move|p1a: Flower|Toxic|p2a: Kilowattrel\n|-status|p2a: Kilowattrel|tox\n|\n|-damage|p1a: Flower|63\/100|[from] Leech Seed|[of] p2a: Kilowattrel\n|-damage|p2a: Kilowattrel|94\/100 tox|[from] psn\n|upkeep\n|turn|7\n|\n|t:|1700497549\n|move|p2a: Kilowattrel|Thunderbolt|p1a: Flower\n|-damage|p1a: Flower|12\/100\n|move|p1a: Flower|Mortal Spin|p2a: Kilowattrel\n|-damage|p2a: Kilowattrel|82\/100 tox\n|-end|p1a: Flower|Leech Seed|[from] move: Mortal Spin|[of] p1a: Flower\n|-sideend|p1: SupernovaOnToaster|Spikes|[from] move: Mortal Spin|[of] p1a: Flower\n|\n|-damage|p2a: Kilowattrel|70\/100 tox|[from] psn\n|upkeep\n|turn|8\n|\n|t:|1700497564\n|switch|p1a: Elephant|Great Tusk|100\/100\n|move|p2a: Kilowattrel|Tera Blast|p1a: Elephant\n|-damage|p1a: Elephant|86\/100\n|\n|-damage|p2a: Kilowattrel|51\/100 tox|[from] psn\n|upkeep\n|turn|9\n|\n|t:|1700497577\n|switch|p2a: Chesnaught|Chesnaught, M|42\/100 tox\n|-damage|p2a: Chesnaught|35\/100 tox|[from] Stealth Rock\n|move|p1a: Elephant|Knock Off|p2a: Chesnaught\n|-resisted|p2a: Chesnaught\n|-damage|p2a: Chesnaught|28\/100 tox\n|-damage|p1a: Elephant|69\/100|[from] item: Rocky Helmet|[of] p2a: Chesnaught\n|-enditem|p2a: Chesnaught|Rocky Helmet|[from] move: Knock Off|[of] p1a: Elephant\n|\n|-damage|p2a: Chesnaught|22\/100 tox|[from] psn\n|-sideend|p2: DeerGurl|move: Tailwind\n|upkeep\n|turn|10\n|\n|t:|1700497598\n|move|p1a: Elephant|Earthquake|p2a: Chesnaught\n|-resisted|p2a: Chesnaught\n|-damage|p2a: Chesnaught|10\/100 tox\n|move|p2a: Chesnaught|Leech Seed|p1a: Elephant\n|-start|p1a: Elephant|move: Leech Seed\n|\n|-damage|p1a: Elephant|57\/100|[from] Leech Seed|[of] p2a: Chesnaught\n|-heal|p2a: Chesnaught|24\/100 tox|[silent]\n|-damage|p2a: Chesnaught|12\/100 tox|[from] psn\n|upkeep\n|turn|11\n|inactive|SupernovaOnToaster has 120 seconds left.\n|\n|t:|1700497618\n|move|p2a: Chesnaught|Spiky Shield|p2a: Chesnaught\n|-singleturn|p2a: Chesnaught|move: Protect\n|move|p1a: Elephant|Rapid Spin|p2a: Chesnaught\n|-activate|p2a: Chesnaught|move: Protect\n|-damage|p1a: Elephant|45\/100|[from] Spiky Shield|[of] p2a: Chesnaught\n|\n|-damage|p1a: Elephant|32\/100|[from] Leech Seed|[of] p2a: Chesnaught\n|-heal|p2a: Chesnaught|26\/100 tox|[silent]\n|-damage|p2a: Chesnaught|8\/100 tox|[from] psn\n|upkeep\n|turn|12\n|inactive|SupernovaOnToaster has 120 seconds left.\n|\n|t:|1700497639\n|move|p1a: Elephant|Rapid Spin|p2a: Chesnaught\n|-damage|p2a: Chesnaught|0 fnt\n|-boost|p1a: Elephant|spe|1\n|-end|p1a: Elephant|Leech Seed|[from] move: Rapid Spin|[of] p1a: Elephant\n|faint|p2a: Chesnaught\n|\n|upkeep\n|inactive|DeerGurl has 120 seconds left.\n|\n|t:|1700497655\n|switch|p2a: Inteleon|Inteleon, F|100\/100\n|-damage|p2a: Inteleon|88\/100|[from] Stealth Rock\n|turn|13\n|inactive|SupernovaOnToaster has 120 seconds left.\n|\n|t:|1700497682\n|-end|p1a: Elephant|Protosynthesis|[silent]\n|switch|p1a: Cat|Meowscarada, F|62\/100\n|move|p2a: Inteleon|Snipe Shot|p1a: Cat\n|-resisted|p1a: Cat\n|-crit|p1a: Cat\n|-damage|p1a: Cat|0 fnt\n|faint|p1a: Cat\n|\n|upkeep\n|\n|t:|1700497700\n|switch|p1a: Knight|Ceruledge, M|72\/100\n|turn|14\n|\n|t:|1700497705\n|move|p1a: Knight|Endure|p1a: Knight\n|-singleturn|p1a: Knight|move: Endure\n|move|p2a: Inteleon|Snipe Shot|p1a: Knight\n|-supereffective|p1a: Knight\n|-activate|p1a: Knight|move: Endure\n|-damage|p1a: Knight|1\/100\n|-enditem|p1a: Knight|Weakness Policy\n|-boost|p1a: Knight|atk|2|[from] item: Weakness Policy\n|-boost|p1a: Knight|spa|2|[from] item: Weakness Policy\n|\n|upkeep\n|turn|15\n|c|\u2606SupernovaOnToaster|I AM SO DUMB\n|\n|t:|1700497723\n|move|p2a: Inteleon|Haze|p2a: Inteleon\n|-clearallboost\n|move|p1a: Knight|Close Combat|p2a: Inteleon\n|-damage|p2a: Inteleon|20\/100\n|-unboost|p1a: Knight|def|1\n|-unboost|p1a: Knight|spd|1\n|\n|upkeep\n|turn|16\n|\n|t:|1700497730\n|move|p1a: Knight|Endure|p1a: Knight\n|-singleturn|p1a: Knight|move: Endure\n|move|p2a: Inteleon|Snipe Shot|p1a: Knight\n|-supereffective|p1a: Knight\n|-activate|p1a: Knight|move: Endure\n|-damage|p1a: Knight|1\/100\n|\n|upkeep\n|turn|17\n|\n|t:|1700497738\n|move|p2a: Inteleon|Snipe Shot|p1a: Knight\n|-supereffective|p1a: Knight\n|-damage|p1a: Knight|0 fnt\n|faint|p1a: Knight\n|\n|upkeep\n|\n|t:|1700497758\n|switch|p1a: Dragon|Dragonite, M|100\/100\n|turn|18\n|\n|t:|1700497762\n|move|p1a: Dragon|Extreme Speed|p2a: Inteleon\n|-damage|p2a: Inteleon|0 fnt\n|faint|p2a: Inteleon\n|\n|upkeep\n|\n|t:|1700497769\n|switch|p2a: Tsareena|Tsareena, F|100\/100\n|-damage|p2a: Tsareena|88\/100|[from] Stealth Rock\n|turn|19\n|c|\u2606SupernovaOnToaster|inteleon op asf\n|\n|t:|1700497777\n|move|p1a: Dragon|Dragon Dance|p1a: Dragon\n|-boost|p1a: Dragon|atk|1\n|-boost|p1a: Dragon|spe|1\n|move|p2a: Tsareena|Rapid Spin|p1a: Dragon\n|-damage|p1a: Dragon|90\/100\n|-boost|p2a: Tsareena|spe|1\n|-sideend|p2: DeerGurl|Stealth Rock|[from] move: Rapid Spin|[of] p2a: Tsareena\n|\n|upkeep\n|turn|20\n|inactive|SupernovaOnToaster has 120 seconds left.\n|\n|t:|1700497787\n|move|p1a: Dragon|Dragon Dance|p1a: Dragon\n|-boost|p1a: Dragon|atk|1\n|-boost|p1a: Dragon|spe|1\n|move|p2a: Tsareena|Trop Kick|p1a: Dragon\n|-resisted|p1a: Dragon\n|-damage|p1a: Dragon|79\/100\n|-unboost|p1a: Dragon|atk|1\n|\n|upkeep\n|turn|21\n|\n|t:|1700497797\n|move|p1a: Dragon|Extreme Speed||[still]\n|cant|p2a: Tsareena|ability: Queenly Majesty|Extreme Speed|[of] p1a: Dragon\n|move|p2a: Tsareena|Trop Kick|p1a: Dragon\n|-resisted|p1a: Dragon\n|-damage|p1a: Dragon|69\/100\n|-unboost|p1a: Dragon|atk|1\n|\n|upkeep\n|turn|22\n|c|\u2606SupernovaOnToaster|OH COME ON\n|\n|t:|1700497805\n|move|p1a: Dragon|Dragon Dance|p1a: Dragon\n|-boost|p1a: Dragon|atk|1\n|-boost|p1a: Dragon|spe|1\n|move|p2a: Tsareena|Trop Kick|p1a: Dragon\n|-resisted|p1a: Dragon\n|-damage|p1a: Dragon|59\/100\n|-unboost|p1a: Dragon|atk|1\n|\n|upkeep\n|turn|23\n|\n|t:|1700497813\n|move|p1a: Dragon|Earthquake|p2a: Tsareena\n|-resisted|p2a: Tsareena\n|-damage|p2a: Tsareena|66\/100\n|move|p2a: Tsareena|Trop Kick|p1a: Dragon\n|-resisted|p1a: Dragon\n|-damage|p1a: Dragon|49\/100\n|-unboost|p1a: Dragon|atk|1\n|\n|upkeep\n|turn|24\n|\n|t:|1700497836\n|switch|p1a: King|Kingambit, M|100\/100\n|-activate|p1a: King|ability: Supreme Overlord\n|-start|p1a: King|fallen2|[silent]\n|move|p2a: Tsareena|Rapid Spin|p1a: King\n|-resisted|p1a: King\n|-damage|p1a: King|94\/100\n|-boost|p2a: Tsareena|spe|1\n|\n|upkeep\n|turn|25\n|\n|t:|1700497848\n|-terastallize|p1a: King|Fire\n|move|p2a: Tsareena|High Jump Kick|p1a: King\n|-damage|p1a: King|62\/100\n|move|p1a: King|Kowtow Cleave|p2a: Tsareena\n|-damage|p2a: Tsareena|0 fnt\n|faint|p2a: Tsareena\n|\n|upkeep\n|\n|t:|1700497859\n|switch|p2a: Kilowattrel|Kilowattrel, M|51\/100 tox\n|turn|26\n|\n|t:|1700497864\n|move|p1a: King|Sucker Punch||[still]\n|-fail|p1a: King\n|move|p2a: Kilowattrel|Tailwind|p2a: Kilowattrel\n|-sidestart|p2: DeerGurl|move: Tailwind\n|\n|-damage|p2a: Kilowattrel|45\/100 tox|[from] psn\n|upkeep\n|turn|27\n|\n|t:|1700497873\n|-terastallize|p2a: Kilowattrel|Water\n|move|p1a: King|Sucker Punch|p2a: Kilowattrel\n|-damage|p2a: Kilowattrel|0 fnt\n|faint|p2a: Kilowattrel\n|\n|upkeep\n|\n|t:|1700497880\n|switch|p2a: Scizor|Scizor, F|100\/100\n|turn|28\n|\n|t:|1700497887\n|move|p2a: Scizor|Bullet Punch|p1a: King\n|-resisted|p1a: King\n|-damage|p1a: King|49\/100\n|move|p1a: King|Kowtow Cleave|p2a: Scizor\n|-damage|p2a: Scizor|30\/100\n|\n|upkeep\n|turn|29\n|c|\u2606SupernovaOnToaster|u have tailwind bruh\n|\n|t:|1700497894\n|move|p1a: King|Sucker Punch|p2a: Scizor\n|-damage|p2a: Scizor|0 fnt\n|faint|p2a: Scizor\n|\n|-sideend|p2: DeerGurl|move: Tailwind\n|upkeep\n|-message|DeerGurl forfeited.\n|\n|win|SupernovaOnToaster\n|raw|SupernovaOnToaster's rating: 1084 &rarr; <strong>1116<\/strong><br \/>(+32 for winning)\n|raw|DeerGurl's rating: 1144 &rarr; <strong>1115<\/strong><br \/>(-29 for losing)\n|l|\u2606DeerGurl\n","uploadtime":1700497903,"views":19,"p1id":"supernovaontoaster","p2id":"deergurl","formatid":"gen9ou","rating":1115,"private":0,"password":""}