{"id":"gen9ou-1990750904","p1":"iamold","p2":"I Siegs I","format":"[Gen 9] OU","log":"|j|\u2606iamold\n|j|\u2606I Siegs I\n|t:|1699997381\n|gametype|singles\n|player|p1|iamold|pilot|1376\n|player|p2|I Siegs I|marshal|1321\n|teamsize|p1|6\n|teamsize|p2|6\n|gen|9\n|tier|[Gen 9] OU\n|rated|\n|rule|Sleep Clause Mod: Limit one foe put to sleep\n|rule|Species Clause: Limit one of each Pok\u00e9mon\n|rule|OHKO Clause: OHKO moves are banned\n|rule|Evasion Items Clause: Evasion items are banned\n|rule|Evasion Moves Clause: Evasion moves are banned\n|rule|Endless Battle Clause: Forcing endless battles is banned\n|rule|HP Percentage Mod: HP is shown in percentages\n|clearpoke\n|poke|p1|Corviknight, F|\n|poke|p1|Great Tusk|\n|poke|p1|Enamorus, F|\n|poke|p1|Ogerpon-Wellspring, F|\n|poke|p1|Ceruledge, M|\n|poke|p1|Rillaboom, M|\n|poke|p2|Alomomola, F|\n|poke|p2|Slowking-Galar, F|\n|poke|p2|Kingambit, F|\n|poke|p2|Great Tusk|\n|poke|p2|Cinderace, F|\n|poke|p2|Thundurus-Therian, M|\n|teampreview\n|\n|t:|1699997394\n|start\n|switch|p1a: Rillaboom|Rillaboom, M|100\/100\n|switch|p2a: Cinderace|Cinderace, F|100\/100\n|-fieldstart|move: Grassy Terrain|[from] ability: Grassy Surge|[of] p1a: Rillaboom\n|turn|1\n|\n|t:|1699997399\n|switch|p1a: Ceruledge|Ceruledge, M|100\/100\n|move|p2a: Cinderace|U-turn|p1a: Ceruledge\n|-start|p2a: Cinderace|typechange|Bug|[from] ability: Libero\n|-resisted|p1a: Ceruledge\n|-damage|p1a: Ceruledge|90\/100\n|-ability|p1a: Ceruledge|Weak Armor|boost\n|-unboost|p1a: Ceruledge|def|1\n|-boost|p1a: Ceruledge|spe|2\n|\n|t:|1699997404\n|switch|p2a: Great Tusk|Great Tusk|100\/100|[from] U-turn\n|\n|-heal|p1a: Ceruledge|96\/100|[from] Grassy Terrain\n|upkeep\n|turn|2\n|\n|t:|1699997410\n|switch|p1a: Corviknight|Corviknight, F|100\/100\n|move|p2a: Great Tusk|Headlong Rush|p1a: Corviknight\n|-immune|p1a: Corviknight\n|\n|upkeep\n|turn|3\n|inactive|Battle timer is ON: inactive players will automatically lose when time's up. (requested by iamold)\n|\n|t:|1699997416\n|-end|p2a: Great Tusk|Protosynthesis|[silent]\n|switch|p2a: Slowking|Slowking-Galar, F|100\/100\n|move|p1a: Corviknight|Agility|p1a: Corviknight\n|-boost|p1a: Corviknight|spe|2\n|\n|upkeep\n|turn|4\n|\n|t:|1699997424\n|move|p1a: Corviknight|Bulk Up|p1a: Corviknight\n|-boost|p1a: Corviknight|atk|1\n|-boost|p1a: Corviknight|def|1\n|move|p2a: Slowking|Chilly Reception|p2a: Slowking\n|-weather|Snow\n|\n|t:|1699997427\n|switch|p2a: Thundurus|Thundurus-Therian, M|100\/100|[from] Chilly Reception\n|\n|-weather|Snow|[upkeep]\n|upkeep\n|turn|5\n|\n|t:|1699997435\n|-terastallize|p1a: Corviknight|Dark\n|move|p1a: Corviknight|Bulk Up|p1a: Corviknight\n|-boost|p1a: Corviknight|atk|1\n|-boost|p1a: Corviknight|def|1\n|move|p2a: Thundurus|Volt Switch|p1a: Corviknight\n|-damage|p1a: Corviknight|41\/100\n|\n|t:|1699997449\n|switch|p2a: Kingambit|Kingambit, F|100\/100|[from] Volt Switch\n|\n|-weather|Snow|[upkeep]\n|-heal|p1a: Corviknight|47\/100|[from] Grassy Terrain\n|-fieldend|move: Grassy Terrain\n|upkeep\n|turn|6\n|\n|t:|1699997455\n|-terastallize|p2a: Kingambit|Flying\n|move|p1a: Corviknight|Power Trip|p2a: Kingambit\n|-damage|p2a: Kingambit|23\/100\n|move|p2a: Kingambit|Low Kick|p1a: Corviknight\n|-supereffective|p1a: Corviknight\n|-damage|p1a: Corviknight|21\/100\n|-enditem|p1a: Corviknight|Weakness Policy\n|-boost|p1a: Corviknight|atk|2|[from] item: Weakness Policy\n|-boost|p1a: Corviknight|spa|2|[from] item: Weakness Policy\n|\n|-weather|Snow|[upkeep]\n|-heal|p2a: Kingambit|29\/100|[from] item: Leftovers\n|upkeep\n|turn|7\n|\n|t:|1699997464\n|move|p1a: Corviknight|Power Trip|p2a: Kingambit\n|-damage|p2a: Kingambit|0 fnt\n|faint|p2a: Kingambit\n|-end|p2a: Kingambit|fallenundefined|[silent]\n|\n|-weather|Snow|[upkeep]\n|upkeep\n|\n|t:|1699997467\n|switch|p2a: Cinderace|Cinderace, F|100\/100\n|turn|8\n|-message|I Siegs I forfeited.\n|\n|win|iamold\n|raw|iamold's rating: 1376 &rarr; <strong>1393<\/strong><br \/>(+17 for winning)\n|raw|I Siegs I's rating: 1321 &rarr; <strong>1304<\/strong><br \/>(-17 for losing)\n|l|\u2606I Siegs I\n","uploadtime":1699997478,"views":7,"p1id":"iamold","p2id":"isiegsi","formatid":"gen9ou","rating":1304,"private":0,"password":""}