{"id":"gen9ou-1990074702","p1":"Gennis","p2":"I Siegs I","format":"[Gen 9] OU","log":"|j|\u2606Gennis\n|j|\u2606I Siegs I\n|t:|1699921808\n|gametype|singles\n|player|p1|Gennis|giovanni|1359\n|player|p2|I Siegs I|marshal|1460\n|teamsize|p1|6\n|teamsize|p2|6\n|gen|9\n|tier|[Gen 9] OU\n|rated|\n|rule|Sleep Clause Mod: Limit one foe put to sleep\n|rule|Species Clause: Limit one of each Pok\u00e9mon\n|rule|OHKO Clause: OHKO moves are banned\n|rule|Evasion Items Clause: Evasion items are banned\n|rule|Evasion Moves Clause: Evasion moves are banned\n|rule|Endless Battle Clause: Forcing endless battles is banned\n|rule|HP Percentage Mod: HP is shown in percentages\n|clearpoke\n|poke|p1|Great Tusk|\n|poke|p1|Armarouge, F|\n|poke|p1|Corviknight, M|\n|poke|p1|Toxapex, M|\n|poke|p1|Landorus-Therian, M|\n|poke|p1|Meowscarada, F|\n|poke|p2|Alomomola, F|\n|poke|p2|Slowking-Galar, F|\n|poke|p2|Kingambit, F|\n|poke|p2|Great Tusk|\n|poke|p2|Cinderace, F|\n|poke|p2|Thundurus-Therian, M|\n|teampreview\n|inactive|Battle timer is ON: inactive players will automatically lose when time's up. (requested by Gennis)\n|\n|t:|1699921826\n|start\n|switch|p1a: Armarouge|Armarouge, F|100\/100\n|switch|p2a: Kingambit|Kingambit, F|100\/100\n|turn|1\n|\n|t:|1699921840\n|-end|p2a: Kingambit|fallenundefined|[silent]\n|switch|p2a: Slowking|Slowking-Galar, F|100\/100\n|move|p1a: Armarouge|Iron Defense|p1a: Armarouge\n|-boost|p1a: Armarouge|def|2\n|\n|upkeep\n|turn|2\n|\n|t:|1699921852\n|-terastallize|p1a: Armarouge|Fire\n|move|p1a: Armarouge|Armor Cannon|p2a: Slowking\n|-damage|p2a: Slowking|52\/100\n|-unboost|p1a: Armarouge|def|1\n|-unboost|p1a: Armarouge|spd|1\n|move|p2a: Slowking|Chilly Reception|p2a: Slowking\n|-weather|Snow\n|\n|t:|1699921862\n|switch|p2a: Thundurus|Thundurus-Therian, M|100\/100|[from] Chilly Reception\n|\n|-weather|Snow|[upkeep]\n|upkeep\n|turn|3\n|\n|t:|1699921866\n|switch|p1a: Landorus|Landorus-Therian, M|100\/100\n|-ability|p1a: Landorus|Intimidate|boost\n|-unboost|p2a: Thundurus|atk|1\n|move|p2a: Thundurus|Volt Switch|p1a: Landorus\n|-immune|p1a: Landorus\n|\n|-weather|Snow|[upkeep]\n|upkeep\n|turn|4\n|\n|t:|1699921874\n|switch|p2a: Alomomola|Alomomola, F|100\/100\n|move|p1a: Landorus|Stealth Rock|p2a: Alomomola\n|-sidestart|p2: I Siegs I|move: Stealth Rock\n|\n|-weather|Snow|[upkeep]\n|upkeep\n|turn|5\n|\n|t:|1699921881\n|move|p1a: Landorus|U-turn|p2a: Alomomola\n|-damage|p2a: Alomomola|88\/100\n|-enditem|p2a: Alomomola|Red Card|[of] p1a: Landorus\n|drag|p1a: Toxapex|Toxapex, M|100\/100\n|move|p2a: Alomomola|Scald|p1a: Toxapex\n|-resisted|p1a: Toxapex\n|-damage|p1a: Toxapex|95\/100\n|-status|p1a: Toxapex|brn\n|\n|-weather|Snow|[upkeep]\n|-heal|p1a: Toxapex|100\/100 brn|[from] item: Leftovers\n|-damage|p1a: Toxapex|94\/100 brn|[from] brn\n|upkeep\n|turn|6\n|\n|t:|1699921890\n|move|p2a: Alomomola|Flip Turn|p1a: Toxapex\n|-resisted|p1a: Toxapex\n|-damage|p1a: Toxapex|89\/100 brn\n|\n|t:|1699921893\n|switch|p2a: Slowking|Slowking-Galar, F|85\/100|[from] Flip Turn\n|move|p1a: Toxapex|Toxic|p2a: Slowking\n|-immune|p2a: Slowking\n|\n|-weather|none\n|-heal|p1a: Toxapex|96\/100 brn|[from] item: Leftovers\n|-damage|p1a: Toxapex|89\/100 brn|[from] brn\n|upkeep\n|turn|7\n|\n|t:|1699921905\n|switch|p1a: Landorus|Landorus-Therian, M|100\/100\n|-ability|p1a: Landorus|Intimidate|boost\n|-unboost|p2a: Slowking|atk|1\n|move|p2a: Slowking|Future Sight|p1a: Landorus\n|-start|p2a: Slowking|move: Future Sight\n|\n|upkeep\n|turn|8\n|\n|t:|1699921914\n|move|p1a: Landorus|U-turn|p2a: Slowking\n|-damage|p2a: Slowking|61\/100\n|\n|t:|1699921918\n|switch|p1a: Corviknight|Corviknight, M|100\/100|[from] U-turn\n|-ability|p1a: Corviknight|Pressure\n|move|p2a: Slowking|Ice Beam|p1a: Corviknight\n|-damage|p1a: Corviknight|79\/100\n|\n|-heal|p1a: Corviknight|85\/100|[from] item: Leftovers\n|upkeep\n|turn|9\n|\n|t:|1699921926\n|move|p1a: Corviknight|U-turn|p2a: Slowking\n|-damage|p2a: Slowking|46\/100\n|\n|t:|1699921928\n|switch|p1a: Meowscarada|Meowscarada, F|100\/100|[from] U-turn\n|move|p2a: Slowking|Chilly Reception|p2a: Slowking\n|-weather|Snow\n|\n|t:|1699921942\n|switch|p2a: Kingambit|Kingambit, F|100\/100|[from] Chilly Reception\n|-damage|p2a: Kingambit|94\/100|[from] Stealth Rock\n|\n|-weather|Snow|[upkeep]\n|-end|p1a: Meowscarada|move: Future Sight\n|-immune|p1a: Meowscarada\n|-heal|p2a: Kingambit|100\/100|[from] item: Leftovers\n|upkeep\n|turn|10\n|\n|t:|1699921954\n|move|p1a: Meowscarada|U-turn|p2a: Kingambit\n|-start|p1a: Meowscarada|typechange|Bug|[from] ability: Protean\n|-damage|p2a: Kingambit|79\/100\n|\n|t:|1699921956\n|switch|p1a: Great Tusk|Great Tusk|100\/100|[from] U-turn\n|move|p2a: Kingambit|Low Kick|p1a: Great Tusk\n|-damage|p1a: Great Tusk|64\/100\n|\n|-weather|Snow|[upkeep]\n|-heal|p2a: Kingambit|85\/100|[from] item: Leftovers\n|upkeep\n|turn|11\n|\n|t:|1699921964\n|-end|p2a: Kingambit|fallenundefined|[silent]\n|switch|p2a: Alomomola|Alomomola, F|100\/100\n|-damage|p2a: Alomomola|88\/100|[from] Stealth Rock\n|move|p1a: Great Tusk|Close Combat|p2a: Alomomola\n|-damage|p2a: Alomomola|48\/100\n|-unboost|p1a: Great Tusk|def|1\n|-unboost|p1a: Great Tusk|spd|1\n|\n|-weather|Snow|[upkeep]\n|upkeep\n|turn|12\n|\n|t:|1699921972\n|move|p1a: Great Tusk|Close Combat|p2a: Alomomola\n|-damage|p2a: Alomomola|10\/100\n|-unboost|p1a: Great Tusk|def|1\n|-unboost|p1a: Great Tusk|spd|1\n|move|p2a: Alomomola|Flip Turn|p1a: Great Tusk\n|-supereffective|p1a: Great Tusk\n|-damage|p1a: Great Tusk|20\/100\n|\n|t:|1699921975\n|switch|p2a: Great Tusk|Great Tusk|100\/100|[from] Flip Turn\n|-damage|p2a: Great Tusk|98\/100|[from] Stealth Rock\n|\n|-weather|Snow|[upkeep]\n|upkeep\n|turn|13\n|\n|t:|1699921978\n|-end|p1a: Great Tusk|Protosynthesis|[silent]\n|switch|p1a: Landorus|Landorus-Therian, M|100\/100\n|-ability|p1a: Landorus|Intimidate|boost\n|-unboost|p2a: Great Tusk|atk|1\n|move|p2a: Great Tusk|Rapid Spin|p1a: Landorus\n|-damage|p1a: Landorus|92\/100\n|-boost|p2a: Great Tusk|spe|1\n|-damage|p2a: Great Tusk|81\/100|[from] item: Rocky Helmet|[of] p1a: Landorus\n|-sideend|p2: I Siegs I|Stealth Rock|[from] move: Rapid Spin|[of] p2a: Great Tusk\n|\n|-weather|none\n|upkeep\n|turn|14\n|\n|t:|1699921983\n|move|p2a: Great Tusk|Ice Spinner|p1a: Landorus\n|-supereffective|p1a: Landorus\n|-damage|p1a: Landorus|43\/100\n|-damage|p2a: Great Tusk|65\/100|[from] item: Rocky Helmet|[of] p1a: Landorus\n|move|p1a: Landorus|Grass Knot|p2a: Great Tusk\n|-supereffective|p2a: Great Tusk\n|-damage|p2a: Great Tusk|0 fnt\n|-damage|p1a: Landorus|27\/100|[from] item: Rocky Helmet|[of] p2a: Great Tusk\n|faint|p2a: Great Tusk\n|-end|p2a: Great Tusk|Protosynthesis|[silent]\n|\n|upkeep\n|\n|t:|1699921998\n|switch|p2a: Thundurus|Thundurus-Therian, M|100\/100\n|turn|15\n|\n|t:|1699922003\n|switch|p1a: Great Tusk|Great Tusk|20\/100\n|-terastallize|p2a: Thundurus|Flying\n|move|p2a: Thundurus|Tera Blast|p1a: Great Tusk|[anim] Tera Blast Flying\n|-supereffective|p1a: Great Tusk\n|-damage|p1a: Great Tusk|0 fnt\n|faint|p1a: Great Tusk\n|-end|p1a: Great Tusk|Protosynthesis|[silent]\n|\n|upkeep\n|\n|t:|1699922012\n|switch|p1a: Toxapex|Toxapex, M|100\/100 brn\n|turn|16\n|\n|t:|1699922018\n|switch|p2a: Slowking|Slowking-Galar, F|80\/100\n|switch|p1a: Armarouge|Armarouge, F, tera:Fire|100\/100\n|\n|upkeep\n|turn|17\n|\n|t:|1699922024\n|move|p1a: Armarouge|Iron Defense|p1a: Armarouge\n|-boost|p1a: Armarouge|def|2\n|move|p2a: Slowking|Future Sight|p1a: Armarouge\n|-start|p2a: Slowking|move: Future Sight\n|\n|upkeep\n|turn|18\n|\n|t:|1699922028\n|move|p1a: Armarouge|Calm Mind|p1a: Armarouge\n|-boost|p1a: Armarouge|spa|1\n|-boost|p1a: Armarouge|spd|1\n|move|p2a: Slowking|Chilly Reception|p2a: Slowking\n|-weather|Snow\n|\n|t:|1699922031\n|switch|p2a: Thundurus|Thundurus-Therian, M, tera:Flying|100\/100|[from] Chilly Reception\n|\n|-weather|Snow|[upkeep]\n|upkeep\n|turn|19\n|\n|t:|1699922039\n|move|p2a: Thundurus|Tera Blast|p1a: Armarouge|[anim] Tera Blast Flying\n|-damage|p1a: Armarouge|38\/100\n|move|p1a: Armarouge|Armor Cannon|p2a: Thundurus\n|-damage|p2a: Thundurus|0 fnt\n|-unboost|p1a: Armarouge|def|1\n|-unboost|p1a: Armarouge|spd|1\n|faint|p2a: Thundurus\n|\n|-weather|Snow|[upkeep]\n|-end|p1a: Armarouge|move: Future Sight\n|-damage|p1a: Armarouge|0 fnt\n|faint|p1a: Armarouge\n|upkeep\n|\n|t:|1699922054\n|switch|p2a: Alomomola|Alomomola, F|44\/100\n|switch|p1a: Landorus|Landorus-Therian, M|27\/100\n|-ability|p1a: Landorus|Intimidate|boost\n|-unboost|p2a: Alomomola|atk|1\n|turn|20\n|\n|t:|1699922059\n|move|p1a: Landorus|Earthquake|p2a: Alomomola\n|-damage|p2a: Alomomola|15\/100\n|move|p2a: Alomomola|Flip Turn|p1a: Landorus\n|-supereffective|p1a: Landorus\n|-damage|p1a: Landorus|10\/100\n|-damage|p2a: Alomomola|0 fnt|[from] item: Rocky Helmet|[of] p1a: Landorus\n|faint|p2a: Alomomola\n|\n|-weather|Snow|[upkeep]\n|upkeep\n|\n|t:|1699922063\n|switch|p2a: Cinderace|Cinderace, F|100\/100\n|turn|21\n|\n|t:|1699922068\n|switch|p1a: Toxapex|Toxapex, M|100\/100 brn\n|move|p2a: Cinderace|U-turn|p1a: Toxapex\n|-start|p2a: Cinderace|typechange|Bug|[from] ability: Libero\n|-resisted|p1a: Toxapex\n|-damage|p1a: Toxapex|91\/100 brn\n|\n|t:|1699922070\n|switch|p2a: Slowking|Slowking-Galar, F|100\/100|[from] U-turn\n|\n|-weather|Snow|[upkeep]\n|-heal|p1a: Toxapex|97\/100 brn|[from] item: Leftovers\n|-damage|p1a: Toxapex|91\/100 brn|[from] brn\n|upkeep\n|turn|22\n|\n|t:|1699922081\n|switch|p1a: Landorus|Landorus-Therian, M|10\/100\n|-ability|p1a: Landorus|Intimidate|boost\n|-unboost|p2a: Slowking|atk|1\n|move|p2a: Slowking|Future Sight|p1a: Landorus\n|-start|p2a: Slowking|move: Future Sight\n|\n|-weather|none\n|upkeep\n|turn|23\n|\n|t:|1699922088\n|move|p1a: Landorus|Earthquake|p2a: Slowking\n|-supereffective|p2a: Slowking\n|-damage|p2a: Slowking|9\/100\n|move|p2a: Slowking|Chilly Reception|p2a: Slowking\n|-weather|Snow\n|\n|t:|1699922091\n|switch|p2a: Kingambit|Kingambit, F|85\/100|[from] Chilly Reception\n|-activate|p2a: Kingambit|ability: Supreme Overlord\n|-start|p2a: Kingambit|fallen3|[silent]\n|\n|-weather|Snow|[upkeep]\n|-heal|p2a: Kingambit|91\/100|[from] item: Leftovers\n|upkeep\n|turn|24\n|\n|t:|1699922100\n|move|p2a: Kingambit|Sucker Punch|p1a: Landorus\n|-damage|p1a: Landorus|0 fnt\n|-damage|p2a: Kingambit|74\/100|[from] item: Rocky Helmet|[of] p1a: Landorus\n|faint|p1a: Landorus\n|\n|-weather|Snow|[upkeep]\n|-hint|Future Sight did not hit because the target is fainted.\n|-heal|p2a: Kingambit|80\/100|[from] item: Leftovers\n|upkeep\n|\n|t:|1699922102\n|switch|p1a: Corviknight|Corviknight, M|85\/100\n|-ability|p1a: Corviknight|Pressure\n|turn|25\n|\n|t:|1699922109\n|-end|p2a: Kingambit|fallen3|[silent]\n|switch|p2a: Slowking|Slowking-Galar, F|42\/100\n|move|p1a: Corviknight|U-turn|p2a: Slowking\n|-damage|p2a: Slowking|26\/100\n|\n|t:|1699922112\n|switch|p1a: Meowscarada|Meowscarada, F|100\/100|[from] U-turn\n|\n|-weather|Snow|[upkeep]\n|upkeep\n|turn|26\n|\n|t:|1699922124\n|switch|p2a: Kingambit|Kingambit, F|80\/100\n|-activate|p2a: Kingambit|ability: Supreme Overlord\n|-start|p2a: Kingambit|fallen3|[silent]\n|move|p1a: Meowscarada|U-turn|p2a: Kingambit\n|-start|p1a: Meowscarada|typechange|Bug|[from] ability: Protean\n|-damage|p2a: Kingambit|57\/100\n|\n|t:|1699922132\n|switch|p1a: Corviknight|Corviknight, M|85\/100|[from] U-turn\n|-ability|p1a: Corviknight|Pressure\n|\n|-weather|Snow|[upkeep]\n|-heal|p1a: Corviknight|91\/100|[from] item: Leftovers\n|-heal|p2a: Kingambit|63\/100|[from] item: Leftovers\n|upkeep\n|turn|27\n|\n|t:|1699922139\n|-end|p2a: Kingambit|fallen3|[silent]\n|switch|p2a: Slowking|Slowking-Galar, F|60\/100\n|move|p1a: Corviknight|Body Press|p2a: Slowking\n|-resisted|p2a: Slowking\n|-damage|p2a: Slowking|52\/100\n|\n|-weather|none\n|-heal|p1a: Corviknight|97\/100|[from] item: Leftovers\n|upkeep\n|turn|28\n|\n|t:|1699922145\n|move|p1a: Corviknight|U-turn|p2a: Slowking\n|-damage|p2a: Slowking|37\/100\n|\n|t:|1699922148\n|switch|p1a: Toxapex|Toxapex, M|100\/100 brn|[from] U-turn\n|move|p2a: Slowking|Ice Beam|p1a: Toxapex\n|-resisted|p1a: Toxapex\n|-damage|p1a: Toxapex|91\/100 brn\n|\n|-heal|p1a: Toxapex|98\/100 brn|[from] item: Leftovers\n|-damage|p1a: Toxapex|91\/100 brn|[from] brn\n|upkeep\n|turn|29\n|\n|t:|1699922155\n|switch|p1a: Meowscarada|Meowscarada, F|100\/100\n|move|p2a: Slowking|Future Sight|p1a: Meowscarada\n|-start|p2a: Slowking|move: Future Sight\n|\n|upkeep\n|turn|30\n|\n|t:|1699922163\n|switch|p2a: Kingambit|Kingambit, F|63\/100\n|-activate|p2a: Kingambit|ability: Supreme Overlord\n|-start|p2a: Kingambit|fallen3|[silent]\n|move|p1a: Meowscarada|U-turn|p2a: Kingambit\n|-start|p1a: Meowscarada|typechange|Bug|[from] ability: Protean\n|-damage|p2a: Kingambit|39\/100\n|\n|t:|1699922165\n|switch|p1a: Corviknight|Corviknight, M|97\/100|[from] U-turn\n|-ability|p1a: Corviknight|Pressure\n|\n|-heal|p1a: Corviknight|100\/100|[from] item: Leftovers\n|-heal|p2a: Kingambit|45\/100|[from] item: Leftovers\n|upkeep\n|turn|31\n|\n|t:|1699922171\n|-end|p2a: Kingambit|fallen3|[silent]\n|switch|p2a: Slowking|Slowking-Galar, F|71\/100\n|move|p1a: Corviknight|Body Press|p2a: Slowking\n|-resisted|p2a: Slowking\n|-damage|p2a: Slowking|64\/100\n|\n|-end|p1a: Corviknight|move: Future Sight\n|-resisted|p1a: Corviknight\n|-damage|p1a: Corviknight|77\/100\n|-heal|p1a: Corviknight|83\/100|[from] item: Leftovers\n|upkeep\n|turn|32\n|c|\u2606Gennis|Bro stop being annoying\n|\n|t:|1699922190\n|move|p1a: Corviknight|U-turn|p2a: Slowking\n|-damage|p2a: Slowking|48\/100\n|\n|t:|1699922191\n|switch|p1a: Toxapex|Toxapex, M|100\/100 brn|[from] U-turn\n|move|p2a: Slowking|Sludge Bomb|p1a: Toxapex\n|-resisted|p1a: Toxapex\n|-damage|p1a: Toxapex|87\/100 brn\n|\n|-heal|p1a: Toxapex|93\/100 brn|[from] item: Leftovers\n|-damage|p1a: Toxapex|87\/100 brn|[from] brn\n|upkeep\n|turn|33\n|\n|t:|1699922195\n|move|p1a: Toxapex|Surf|p2a: Slowking\n|-damage|p2a: Slowking|36\/100\n|move|p2a: Slowking|Future Sight|p1a: Toxapex\n|-start|p2a: Slowking|move: Future Sight\n|\n|-heal|p1a: Toxapex|93\/100 brn|[from] item: Leftovers\n|-damage|p1a: Toxapex|87\/100 brn|[from] brn\n|upkeep\n|turn|34\n|c|\u2606I Siegs I|you're being annoying\n|c|\u2606I Siegs I|doing the same thing\n|\n|t:|1699922216\n|move|p1a: Toxapex|Surf|p2a: Slowking\n|-damage|p2a: Slowking|25\/100\n|move|p2a: Slowking|Sludge Bomb|p1a: Toxapex\n|-resisted|p1a: Toxapex\n|-damage|p1a: Toxapex|73\/100 brn\n|\n|-heal|p1a: Toxapex|79\/100 brn|[from] item: Leftovers\n|-damage|p1a: Toxapex|73\/100 brn|[from] brn\n|upkeep\n|turn|35\n|\n|t:|1699922223\n|switch|p1a: Corviknight|Corviknight, M|83\/100\n|-ability|p1a: Corviknight|Pressure\n|move|p2a: Slowking|Ice Beam|p1a: Corviknight\n|-damage|p1a: Corviknight|61\/100\n|\n|-end|p1a: Corviknight|move: Future Sight\n|-resisted|p1a: Corviknight\n|-damage|p1a: Corviknight|39\/100\n|-heal|p1a: Corviknight|45\/100|[from] item: Leftovers\n|upkeep\n|turn|36\n|\n|t:|1699922228\n|move|p1a: Corviknight|Roost|p1a: Corviknight\n|-heal|p1a: Corviknight|95\/100\n|-singleturn|p1a: Corviknight|move: Roost\n|move|p2a: Slowking|Chilly Reception|p2a: Slowking\n|-weather|Snow\n|\n|t:|1699922230\n|switch|p2a: Cinderace|Cinderace, F|100\/100|[from] Chilly Reception\n|\n|-weather|Snow|[upkeep]\n|-heal|p1a: Corviknight|100\/100|[from] item: Leftovers\n|upkeep\n|turn|37\n|\n|t:|1699922233\n|switch|p1a: Toxapex|Toxapex, M|100\/100 brn\n|move|p2a: Cinderace|Will-O-Wisp|p1a: Toxapex\n|-fail|p1a: Toxapex|brn\n|\n|-weather|Snow|[upkeep]\n|-damage|p1a: Toxapex|94\/100 brn|[from] brn\n|upkeep\n|turn|38\n|\n|t:|1699922242\n|move|p2a: Cinderace|U-turn|p1a: Toxapex\n|-start|p2a: Cinderace|typechange|Bug|[from] ability: Libero\n|-resisted|p1a: Toxapex\n|-damage|p1a: Toxapex|85\/100 brn\n|\n|t:|1699922244\n|switch|p2a: Slowking|Slowking-Galar, F|58\/100|[from] U-turn\n|move|p1a: Toxapex|Surf|p2a: Slowking\n|-damage|p2a: Slowking|47\/100\n|\n|-weather|Snow|[upkeep]\n|-heal|p1a: Toxapex|91\/100 brn|[from] item: Leftovers\n|-damage|p1a: Toxapex|85\/100 brn|[from] brn\n|upkeep\n|turn|39\n|\n|t:|1699922255\n|switch|p1a: Corviknight|Corviknight, M|100\/100\n|-ability|p1a: Corviknight|Pressure\n|move|p2a: Slowking|Future Sight|p1a: Corviknight\n|-start|p2a: Slowking|move: Future Sight\n|\n|-weather|Snow|[upkeep]\n|upkeep\n|turn|40\n|c|\u2606Gennis|You lost\n|\n|t:|1699922271\n|move|p1a: Corviknight|Brave Bird|p2a: Slowking\n|-damage|p2a: Slowking|12\/100\n|-damage|p1a: Corviknight|89\/100|[from] Recoil\n|move|p2a: Slowking|Chilly Reception|p2a: Slowking\n|\n|t:|1699922274\n|switch|p2a: Cinderace|Cinderace, F|100\/100|[from] Chilly Reception\n|\n|-weather|none\n|-heal|p1a: Corviknight|95\/100|[from] item: Leftovers\n|upkeep\n|turn|41\n|c|\u2606Gennis|U literally lost\n|\n|t:|1699922283\n|switch|p1a: Toxapex|Toxapex, M|100\/100 brn\n|move|p2a: Cinderace|Pyro Ball|p1a: Toxapex|[miss]\n|-miss|p2a: Cinderace|p1a: Toxapex\n|\n|-end|p1a: Toxapex|move: Future Sight\n|-supereffective|p1a: Toxapex\n|-damage|p1a: Toxapex|35\/100 brn\n|-heal|p1a: Toxapex|41\/100 brn|[from] item: Leftovers\n|-damage|p1a: Toxapex|35\/100 brn|[from] brn\n|upkeep\n|turn|42\n|\n|t:|1699922292\n|move|p2a: Cinderace|Pyro Ball|p1a: Toxapex\n|-resisted|p1a: Toxapex\n|-damage|p1a: Toxapex|17\/100 brn\n|move|p1a: Toxapex|Recover|p1a: Toxapex\n|-heal|p1a: Toxapex|67\/100 brn\n|\n|-heal|p1a: Toxapex|73\/100 brn|[from] item: Leftovers\n|-damage|p1a: Toxapex|67\/100 brn|[from] brn\n|upkeep\n|turn|43\n|\n|t:|1699922303\n|move|p2a: Cinderace|U-turn|p1a: Toxapex\n|-start|p2a: Cinderace|typechange|Bug|[from] ability: Libero\n|-resisted|p1a: Toxapex\n|-damage|p1a: Toxapex|57\/100 brn\n|\n|t:|1699922305\n|switch|p2a: Slowking|Slowking-Galar, F|45\/100|[from] U-turn\n|move|p1a: Toxapex|Surf|p2a: Slowking\n|-damage|p2a: Slowking|34\/100\n|\n|-heal|p1a: Toxapex|63\/100 brn|[from] item: Leftovers\n|-damage|p1a: Toxapex|57\/100 brn|[from] brn\n|upkeep\n|turn|44\n|c|\u2606Gennis|Stop u can\u2019t weaken my pokemon\n|\n|t:|1699922313\n|switch|p1a: Meowscarada|Meowscarada, F|100\/100\n|move|p2a: Slowking|Future Sight|p1a: Meowscarada\n|-start|p2a: Slowking|move: Future Sight\n|\n|upkeep\n|turn|45\n|c|\u2606Gennis|Gg hoe\n|c|\u2606I Siegs I|you literally almost lost toxapex there... if pyroball didn't miss you would have been screwed\n|\n|t:|1699922338\n|switch|p2a: Kingambit|Kingambit, F|45\/100\n|-activate|p2a: Kingambit|ability: Supreme Overlord\n|-start|p2a: Kingambit|fallen3|[silent]\n|move|p1a: Meowscarada|Knock Off|p2a: Kingambit\n|-start|p1a: Meowscarada|typechange|Dark|[from] ability: Protean\n|-resisted|p2a: Kingambit\n|-damage|p2a: Kingambit|27\/100\n|-enditem|p2a: Kingambit|Leftovers|[from] move: Knock Off|[of] p1a: Meowscarada\n|\n|upkeep\n|turn|46\n|c|\u2606Gennis|nah u suck\n|\n|t:|1699922351\n|switch|p1a: Corviknight|Corviknight, M|95\/100\n|-ability|p1a: Corviknight|Pressure\n|-end|p2a: Kingambit|fallen3|[silent]\n|switch|p2a: Cinderace|Cinderace, F|100\/100\n|\n|-end|p1a: Corviknight|move: Future Sight\n|-resisted|p1a: Corviknight\n|-damage|p1a: Corviknight|72\/100\n|-heal|p1a: Corviknight|78\/100|[from] item: Leftovers\n|upkeep\n|turn|47\n|\n|t:|1699922357\n|switch|p1a: Toxapex|Toxapex, M|90\/100 brn\n|move|p2a: Cinderace|U-turn|p1a: Toxapex\n|-start|p2a: Cinderace|typechange|Bug|[from] ability: Libero\n|-resisted|p1a: Toxapex\n|-damage|p1a: Toxapex|80\/100 brn\n|\n|t:|1699922359\n|switch|p2a: Slowking|Slowking-Galar, F|67\/100|[from] U-turn\n|\n|-heal|p1a: Toxapex|86\/100 brn|[from] item: Leftovers\n|-damage|p1a: Toxapex|80\/100 brn|[from] brn\n|upkeep\n|turn|48\n|\n|t:|1699922363\n|switch|p1a: Meowscarada|Meowscarada, F|100\/100\n|move|p2a: Slowking|Sludge Bomb|p1a: Meowscarada\n|-supereffective|p1a: Meowscarada\n|-damage|p1a: Meowscarada|0 fnt\n|faint|p1a: Meowscarada\n|\n|upkeep\n|\n|t:|1699922364\n|switch|p1a: Corviknight|Corviknight, M|78\/100\n|-ability|p1a: Corviknight|Pressure\n|turn|49\n|c|\u2606I Siegs I|lollll\n|\n|t:|1699922371\n|move|p1a: Corviknight|Brave Bird|p2a: Slowking\n|-damage|p2a: Slowking|30\/100\n|-damage|p1a: Corviknight|66\/100|[from] Recoil\n|move|p2a: Slowking|Chilly Reception|p2a: Slowking\n|-weather|Snow\n|\n|t:|1699922374\n|switch|p2a: Cinderace|Cinderace, F|100\/100|[from] Chilly Reception\n|\n|-weather|Snow|[upkeep]\n|-heal|p1a: Corviknight|72\/100|[from] item: Leftovers\n|upkeep\n|turn|50\n|\n|t:|1699922376\n|switch|p1a: Toxapex|Toxapex, M|100\/100 brn\n|move|p2a: Cinderace|Pyro Ball|p1a: Toxapex\n|-resisted|p1a: Toxapex\n|-damage|p1a: Toxapex|84\/100 brn\n|\n|-weather|Snow|[upkeep]\n|-heal|p1a: Toxapex|90\/100 brn|[from] item: Leftovers\n|-damage|p1a: Toxapex|84\/100 brn|[from] brn\n|upkeep\n|turn|51\n|\n|t:|1699922380\n|move|p2a: Cinderace|U-turn|p1a: Toxapex\n|-start|p2a: Cinderace|typechange|Bug|[from] ability: Libero\n|-resisted|p1a: Toxapex\n|-damage|p1a: Toxapex|73\/100 brn\n|\n|t:|1699922382\n|switch|p2a: Slowking|Slowking-Galar, F|63\/100|[from] U-turn\n|move|p1a: Toxapex|Surf|p2a: Slowking\n|-damage|p2a: Slowking|51\/100\n|\n|-weather|Snow|[upkeep]\n|-heal|p1a: Toxapex|79\/100 brn|[from] item: Leftovers\n|-damage|p1a: Toxapex|73\/100 brn|[from] brn\n|upkeep\n|turn|52\n|\n|t:|1699922387\n|switch|p1a: Corviknight|Corviknight, M|72\/100\n|-ability|p1a: Corviknight|Pressure\n|move|p2a: Slowking|Future Sight|p1a: Corviknight\n|-start|p2a: Slowking|move: Future Sight\n|\n|-weather|Snow|[upkeep]\n|-heal|p1a: Corviknight|78\/100|[from] item: Leftovers\n|upkeep\n|turn|53\n|\n|t:|1699922390\n|move|p1a: Corviknight|Brave Bird|p2a: Slowking\n|-damage|p2a: Slowking|11\/100\n|-damage|p1a: Corviknight|65\/100|[from] Recoil\n|move|p2a: Slowking|Chilly Reception|p2a: Slowking\n|\n|t:|1699922392\n|switch|p2a: Cinderace|Cinderace, F|100\/100|[from] Chilly Reception\n|\n|-weather|none\n|-heal|p1a: Corviknight|71\/100|[from] item: Leftovers\n|upkeep\n|turn|54\n|\n|t:|1699922394\n|switch|p1a: Toxapex|Toxapex, M|100\/100 brn\n|move|p2a: Cinderace|Pyro Ball|p1a: Toxapex\n|-resisted|p1a: Toxapex\n|-damage|p1a: Toxapex|84\/100 brn\n|\n|-end|p1a: Toxapex|move: Future Sight\n|-supereffective|p1a: Toxapex\n|-damage|p1a: Toxapex|17\/100 brn\n|-heal|p1a: Toxapex|23\/100 brn|[from] item: Leftovers\n|-damage|p1a: Toxapex|17\/100 brn|[from] brn\n|upkeep\n|turn|55\n|\n|t:|1699922399\n|switch|p1a: Corviknight|Corviknight, M|71\/100\n|-ability|p1a: Corviknight|Pressure\n|move|p2a: Cinderace|Pyro Ball|p1a: Corviknight|[miss]\n|-miss|p2a: Cinderace|p1a: Corviknight\n|\n|-heal|p1a: Corviknight|77\/100|[from] item: Leftovers\n|upkeep\n|turn|56\n|c|\u2606I Siegs I|gg\n|c|\u2606I Siegs I|hoe\n|\n|t:|1699922410\n|switch|p1a: Toxapex|Toxapex, M|50\/100 brn\n|move|p2a: Cinderace|U-turn|p1a: Toxapex\n|-start|p2a: Cinderace|typechange|Bug|[from] ability: Libero\n|-resisted|p1a: Toxapex\n|-damage|p1a: Toxapex|40\/100 brn\n|\n|t:|1699922412\n|switch|p2a: Slowking|Slowking-Galar, F|44\/100|[from] U-turn\n|\n|-heal|p1a: Toxapex|46\/100 brn|[from] item: Leftovers\n|-damage|p1a: Toxapex|40\/100 brn|[from] brn\n|upkeep\n|turn|57\n|\n|t:|1699922420\n|switch|p1a: Corviknight|Corviknight, M|77\/100\n|-ability|p1a: Corviknight|Pressure\n|switch|p2a: Kingambit|Kingambit, F|27\/100\n|-activate|p2a: Kingambit|ability: Supreme Overlord\n|-start|p2a: Kingambit|fallen3|[silent]\n|\n|-heal|p1a: Corviknight|83\/100|[from] item: Leftovers\n|upkeep\n|turn|58\n|\n|t:|1699922432\n|move|p1a: Corviknight|U-turn|p2a: Kingambit\n|-damage|p2a: Kingambit|16\/100\n|\n|t:|1699922435\n|switch|p1a: Toxapex|Toxapex, M|73\/100 brn|[from] U-turn\n|move|p2a: Kingambit|Kowtow Cleave|p1a: Toxapex\n|-damage|p1a: Toxapex|34\/100 brn\n|\n|-heal|p1a: Toxapex|40\/100 brn|[from] item: Leftovers\n|-damage|p1a: Toxapex|34\/100 brn|[from] brn\n|upkeep\n|turn|59\n|\n|t:|1699922443\n|switch|p1a: Corviknight|Corviknight, M|83\/100\n|-ability|p1a: Corviknight|Pressure\n|move|p2a: Kingambit|Sucker Punch||[still]\n|-fail|p2a: Kingambit\n|\n|-heal|p1a: Corviknight|89\/100|[from] item: Leftovers\n|upkeep\n|turn|60\n|\n|t:|1699922452\n|move|p1a: Corviknight|Brave Bird|p2a: Kingambit\n|-resisted|p2a: Kingambit\n|-crit|p2a: Kingambit\n|-damage|p2a: Kingambit|0 fnt\n|faint|p2a: Kingambit\n|-end|p2a: Kingambit|fallen3|[silent]\n|-damage|p1a: Corviknight|84\/100|[from] Recoil\n|\n|-heal|p1a: Corviknight|90\/100|[from] item: Leftovers\n|upkeep\n|\n|t:|1699922455\n|switch|p2a: Cinderace|Cinderace, F|100\/100\n|turn|61\n|\n|t:|1699922458\n|switch|p1a: Toxapex|Toxapex, M|67\/100 brn\n|move|p2a: Cinderace|U-turn|p1a: Toxapex\n|-start|p2a: Cinderace|typechange|Bug|[from] ability: Libero\n|-resisted|p1a: Toxapex\n|-damage|p1a: Toxapex|55\/100 brn\n|\n|t:|1699922461\n|switch|p2a: Slowking|Slowking-Galar, F|77\/100|[from] U-turn\n|\n|-heal|p1a: Toxapex|62\/100 brn|[from] item: Leftovers\n|-damage|p1a: Toxapex|55\/100 brn|[from] brn\n|upkeep\n|turn|62\n|\n|t:|1699922464\n|switch|p1a: Corviknight|Corviknight, M|90\/100\n|-ability|p1a: Corviknight|Pressure\n|move|p2a: Slowking|Future Sight|p1a: Corviknight\n|-start|p2a: Slowking|move: Future Sight\n|\n|-heal|p1a: Corviknight|96\/100|[from] item: Leftovers\n|upkeep\n|turn|63\n|\n|t:|1699922476\n|move|p1a: Corviknight|Brave Bird|p2a: Slowking\n|-damage|p2a: Slowking|42\/100\n|-damage|p1a: Corviknight|84\/100|[from] Recoil\n|move|p2a: Slowking|Ice Beam|p1a: Corviknight\n|-damage|p1a: Corviknight|63\/100\n|\n|-heal|p1a: Corviknight|69\/100|[from] item: Leftovers\n|upkeep\n|turn|64\n|\n|t:|1699922484\n|move|p1a: Corviknight|Roost|p1a: Corviknight\n|-heal|p1a: Corviknight|100\/100\n|-singleturn|p1a: Corviknight|move: Roost\n|move|p2a: Slowking|Chilly Reception|p2a: Slowking\n|-weather|Snow\n|\n|t:|1699922486\n|switch|p2a: Cinderace|Cinderace, F|100\/100|[from] Chilly Reception\n|\n|-weather|Snow|[upkeep]\n|-end|p1a: Corviknight|move: Future Sight\n|-resisted|p1a: Corviknight\n|-damage|p1a: Corviknight|78\/100\n|-heal|p1a: Corviknight|84\/100|[from] item: Leftovers\n|upkeep\n|turn|65\n|\n|t:|1699922494\n|switch|p1a: Toxapex|Toxapex, M|89\/100 brn\n|move|p2a: Cinderace|Will-O-Wisp|p1a: Toxapex\n|-fail|p1a: Toxapex|brn\n|\n|-weather|Snow|[upkeep]\n|-heal|p1a: Toxapex|95\/100 brn|[from] item: Leftovers\n|-damage|p1a: Toxapex|89\/100 brn|[from] brn\n|upkeep\n|turn|66\n|\n|t:|1699922501\n|switch|p2a: Slowking|Slowking-Galar, F|75\/100\n|move|p1a: Toxapex|Toxic|p2a: Slowking\n|-immune|p2a: Slowking\n|\n|-weather|Snow|[upkeep]\n|-heal|p1a: Toxapex|95\/100 brn|[from] item: Leftovers\n|-damage|p1a: Toxapex|89\/100 brn|[from] brn\n|upkeep\n|turn|67\n|c|\u2606Gennis|Lmfaoo u losttttttttt\n|\n|t:|1699922516\n|switch|p1a: Corviknight|Corviknight, M|84\/100\n|-ability|p1a: Corviknight|Pressure\n|switch|p2a: Cinderace|Cinderace, F|100\/100\n|\n|-weather|Snow|[upkeep]\n|-heal|p1a: Corviknight|90\/100|[from] item: Leftovers\n|upkeep\n|turn|68\n|\n|t:|1699922522\n|switch|p1a: Toxapex|Toxapex, M|100\/100 brn\n|move|p2a: Cinderace|U-turn|p1a: Toxapex\n|-start|p2a: Cinderace|typechange|Bug|[from] ability: Libero\n|-resisted|p1a: Toxapex\n|-damage|p1a: Toxapex|91\/100 brn\n|\n|t:|1699922525\n|switch|p2a: Slowking|Slowking-Galar, F|100\/100|[from] U-turn\n|\n|-weather|none\n|-heal|p1a: Toxapex|97\/100 brn|[from] item: Leftovers\n|-damage|p1a: Toxapex|91\/100 brn|[from] brn\n|upkeep\n|turn|69\n|\n|t:|1699922528\n|switch|p1a: Corviknight|Corviknight, M|90\/100\n|-ability|p1a: Corviknight|Pressure\n|move|p2a: Slowking|Ice Beam|p1a: Corviknight\n|-damage|p1a: Corviknight|67\/100\n|\n|-heal|p1a: Corviknight|73\/100|[from] item: Leftovers\n|upkeep\n|turn|70\n|\n|t:|1699922535\n|move|p1a: Corviknight|Brave Bird|p2a: Slowking\n|-crit|p2a: Slowking\n|-damage|p2a: Slowking|40\/100\n|-damage|p1a: Corviknight|54\/100|[from] Recoil\n|move|p2a: Slowking|Ice Beam|p1a: Corviknight\n|-damage|p1a: Corviknight|30\/100\n|\n|-heal|p1a: Corviknight|36\/100|[from] item: Leftovers\n|upkeep\n|turn|71\n|\n|t:|1699922539\n|switch|p2a: Cinderace|Cinderace, F|100\/100\n|move|p1a: Corviknight|Brave Bird|p2a: Cinderace\n|-damage|p2a: Cinderace|50\/100\n|-damage|p1a: Corviknight|24\/100|[from] Recoil\n|\n|-heal|p1a: Corviknight|30\/100|[from] item: Leftovers\n|upkeep\n|turn|72\n|\n|t:|1699922553\n|switch|p1a: Toxapex|Toxapex, M|100\/100 brn\n|move|p2a: Cinderace|Will-O-Wisp|p1a: Toxapex\n|-fail|p1a: Toxapex|brn\n|\n|-damage|p1a: Toxapex|94\/100 brn|[from] brn\n|upkeep\n|turn|73\n|c|\u2606Gennis|Pyro ballll\n|\n|t:|1699922560\n|move|p2a: Cinderace|U-turn|p1a: Toxapex\n|-start|p2a: Cinderace|typechange|Bug|[from] ability: Libero\n|-resisted|p1a: Toxapex\n|-damage|p1a: Toxapex|84\/100 brn\n|\n|t:|1699922563\n|switch|p2a: Slowking|Slowking-Galar, F|74\/100|[from] U-turn\n|move|p1a: Toxapex|Surf|p2a: Slowking\n|-damage|p2a: Slowking|62\/100\n|\n|-heal|p1a: Toxapex|91\/100 brn|[from] item: Leftovers\n|-damage|p1a: Toxapex|84\/100 brn|[from] brn\n|upkeep\n|turn|74\n|\n|t:|1699922569\n|switch|p1a: Corviknight|Corviknight, M|30\/100\n|-ability|p1a: Corviknight|Pressure\n|move|p2a: Slowking|Ice Beam|p1a: Corviknight\n|-damage|p1a: Corviknight|8\/100\n|\n|-heal|p1a: Corviknight|14\/100|[from] item: Leftovers\n|upkeep\n|turn|75\n|c|\u2606Gennis|Lmfaoooooo\n|\n|t:|1699922581\n|switch|p2a: Cinderace|Cinderace, F|50\/100\n|move|p1a: Corviknight|Roost|p1a: Corviknight\n|-heal|p1a: Corviknight|64\/100\n|-singleturn|p1a: Corviknight|move: Roost\n|\n|-heal|p1a: Corviknight|70\/100|[from] item: Leftovers\n|upkeep\n|turn|76\n|\n|t:|1699922586\n|switch|p1a: Toxapex|Toxapex, M|100\/100 brn\n|move|p2a: Cinderace|U-turn|p1a: Toxapex\n|-start|p2a: Cinderace|typechange|Bug|[from] ability: Libero\n|-resisted|p1a: Toxapex\n|-damage|p1a: Toxapex|90\/100 brn\n|\n|t:|1699922587\n|switch|p2a: Slowking|Slowking-Galar, F|95\/100|[from] U-turn\n|\n|-heal|p1a: Toxapex|96\/100 brn|[from] item: Leftovers\n|-damage|p1a: Toxapex|90\/100 brn|[from] brn\n|upkeep\n|turn|77\n|c|\u2606Gennis|Do it pyroball\n|\n|t:|1699922594\n|switch|p1a: Corviknight|Corviknight, M|70\/100\n|-ability|p1a: Corviknight|Pressure\n|move|p2a: Slowking|Ice Beam|p1a: Corviknight\n|-damage|p1a: Corviknight|48\/100\n|\n|-heal|p1a: Corviknight|54\/100|[from] item: Leftovers\n|upkeep\n|turn|78\n|\n|t:|1699922597\n|move|p1a: Corviknight|Roost|p1a: Corviknight\n|-heal|p1a: Corviknight|100\/100\n|-singleturn|p1a: Corviknight|move: Roost\n|move|p2a: Slowking|Ice Beam|p1a: Corviknight\n|-resisted|p1a: Corviknight\n|-damage|p1a: Corviknight|90\/100\n|\n|-heal|p1a: Corviknight|96\/100|[from] item: Leftovers\n|upkeep\n|turn|79\n|c|\u2606Gennis|Come on do it lmfaoo\n|\n|t:|1699922605\n|move|p1a: Corviknight|Brave Bird|p2a: Slowking\n|-damage|p2a: Slowking|55\/100\n|-damage|p1a: Corviknight|83\/100|[from] Recoil\n|move|p2a: Slowking|Future Sight|p1a: Corviknight\n|-start|p2a: Slowking|move: Future Sight\n|\n|-heal|p1a: Corviknight|89\/100|[from] item: Leftovers\n|upkeep\n|turn|80\n|\n|t:|1699922613\n|move|p1a: Corviknight|Brave Bird|p2a: Slowking\n|-damage|p2a: Slowking|16\/100\n|-damage|p1a: Corviknight|77\/100|[from] Recoil\n|move|p2a: Slowking|Sludge Bomb|p1a: Corviknight\n|-immune|p1a: Corviknight\n|\n|-heal|p1a: Corviknight|83\/100|[from] item: Leftovers\n|upkeep\n|turn|81\n|c|\u2606Gennis|Loooooooosssseeee\n|-message|I Siegs I forfeited.\n|\n|win|Gennis\n|raw|Gennis's rating: 1359 &rarr; <strong>1385<\/strong><br \/>(+26 for winning)\n|raw|I Siegs I's rating: 1460 &rarr; <strong>1434<\/strong><br \/>(-26 for losing)\n|l|\u2606I Siegs I\n|c|\u2606Gennis|Lmfaoooooooooooooooo\n","uploadtime":1699922632,"views":13,"p1id":"gennis","p2id":"isiegsi","formatid":"gen9ou","rating":1385,"private":0,"password":""}