{"id":"gen9ou-1992949348","p1":"3WishAndLandoT","p2":"offensivename69","format":"[Gen 9] OU","log":"|j|\u26063WishAndLandoT\n|j|\u2606offensivename69\n|t:|1700249499\n|gametype|singles\n|player|p1|3WishAndLandoT|169|1148\n|player|p2|offensivename69|steven|1149\n|teamsize|p1|6\n|teamsize|p2|6\n|gen|9\n|tier|[Gen 9] OU\n|rated|\n|rule|Sleep Clause Mod: Limit one foe put to sleep\n|rule|Species Clause: Limit one of each Pok\u00e9mon\n|rule|OHKO Clause: OHKO moves are banned\n|rule|Evasion Items Clause: Evasion items are banned\n|rule|Evasion Moves Clause: Evasion moves are banned\n|rule|Endless Battle Clause: Forcing endless battles is banned\n|rule|HP Percentage Mod: HP is shown in percentages\n|clearpoke\n|poke|p1|Hawlucha, F|\n|poke|p1|Great Tusk|\n|poke|p1|Iron Moth|\n|poke|p1|Slowking-Galar, M|\n|poke|p1|Ogerpon-Wellspring, F|\n|poke|p1|Alomomola, M|\n|poke|p2|Iron Jugulis|\n|poke|p2|Ogerpon-Wellspring, F|\n|poke|p2|Tinkaton, F|\n|poke|p2|Iron Moth|\n|poke|p2|Great Tusk|\n|poke|p2|Dragapult, F|\n|teampreview\n|inactive|Battle timer is ON: inactive players will automatically lose when time's up. (requested by offensivename69)\n|\n|t:|1700249510\n|start\n|switch|p1a: Iron Moth|Iron Moth|100\/100\n|switch|p2a: Jason Williams|Tinkaton, F, shiny|100\/100\n|-item|p2a: Jason Williams|Air Balloon\n|turn|1\n|\n|t:|1700249520\n|move|p1a: Iron Moth|Fiery Dance|p2a: Jason Williams\n|-supereffective|p2a: Jason Williams\n|-damage|p2a: Jason Williams|24\/100\n|-boost|p1a: Iron Moth|spa|1\n|-enditem|p2a: Jason Williams|Air Balloon\n|move|p2a: Jason Williams|Stealth Rock|p1a: Iron Moth\n|-sidestart|p1: 3WishAndLandoT|move: Stealth Rock\n|\n|upkeep\n|turn|2\n|\n|t:|1700249544\n|switch|p2a: Ben Wallace|Great Tusk, shiny|100\/100\n|-enditem|p2a: Ben Wallace|Booster Energy\n|-activate|p2a: Ben Wallace|ability: Protosynthesis|[fromitem]\n|-start|p2a: Ben Wallace|protosynthesisspe\n|move|p1a: Iron Moth|Fiery Dance|p2a: Ben Wallace\n|-damage|p2a: Ben Wallace|9\/100\n|-boost|p1a: Iron Moth|spa|1\n|\n|upkeep\n|turn|3\n|\n|t:|1700249556\n|move|p1a: Iron Moth|Fiery Dance|p2a: Ben Wallace\n|-damage|p2a: Ben Wallace|0 fnt\n|faint|p2a: Ben Wallace\n|-end|p2a: Ben Wallace|Protosynthesis|[silent]\n|\n|upkeep\n|\n|t:|1700249565\n|switch|p2a: Larry Bird|Iron Moth, shiny|100\/100\n|-enditem|p2a: Larry Bird|Booster Energy\n|-activate|p2a: Larry Bird|ability: Quark Drive|[fromitem]\n|-start|p2a: Larry Bird|quarkdrivespe\n|turn|4\n|\n|t:|1700249584\n|-terastallize|p1a: Iron Moth|Ground\n|move|p2a: Larry Bird|Psychic|p1a: Iron Moth\n|-damage|p1a: Iron Moth|69\/100\n|move|p1a: Iron Moth|Fiery Dance|p2a: Larry Bird\n|-resisted|p2a: Larry Bird\n|-damage|p2a: Larry Bird|52\/100\n|-boost|p1a: Iron Moth|spa|1\n|\n|upkeep\n|turn|5\n|inactive|offensivename69 has 120 seconds left.\n|\n|t:|1700249605\n|-terastallize|p2a: Larry Bird|Fairy\n|move|p2a: Larry Bird|Dazzling Gleam|p1a: Iron Moth\n|-damage|p1a: Iron Moth|29\/100\n|move|p1a: Iron Moth|Fiery Dance|p2a: Larry Bird\n|-damage|p2a: Larry Bird|0 fnt\n|faint|p2a: Larry Bird\n|-end|p2a: Larry Bird|Quark Drive|[silent]\n|\n|upkeep\n|inactive|offensivename69 has 120 seconds left.\n|\n|t:|1700249613\n|switch|p2a: Dwayne Wade|Ogerpon-Wellspring, F|100\/100\n|turn|6\n|\n|t:|1700249620\n|move|p1a: Iron Moth|Fiery Dance|p2a: Dwayne Wade\n|-damage|p2a: Dwayne Wade|0 fnt\n|-boost|p1a: Iron Moth|spa|1\n|faint|p2a: Dwayne Wade\n|\n|upkeep\n|-message|offensivename69 forfeited.\n|\n|win|3WishAndLandoT\n|raw|3WishAndLandoT's rating: 1148 &rarr; <strong>1173<\/strong><br \/>(+25 for winning)\n|raw|offensivename69's rating: 1149 &rarr; <strong>1124<\/strong><br \/>(-25 for losing)\n|l|\u2606offensivename69\n","uploadtime":1700249629,"views":25,"p1id":"3wishandlandot","p2id":"offensivename69","formatid":"gen9ou","rating":1124,"private":0,"password":""}