{"id":"gen9ou-1989588201","p1":"ibex Stall player","p2":"augus the great","format":"[Gen 9] OU","log":"|j|\u2606ibex Stall player\n|j|\u2606augus the great\n|t:|1699875491\n|gametype|singles\n|player|p1|ibex Stall player|veteran|1248\n|player|p2|augus the great|saguaro|1162\n|teamsize|p1|6\n|teamsize|p2|6\n|gen|9\n|tier|[Gen 9] OU\n|rated|\n|rule|Sleep Clause Mod: Limit one foe put to sleep\n|rule|Species Clause: Limit one of each Pok\u00e9mon\n|rule|OHKO Clause: OHKO moves are banned\n|rule|Evasion Items Clause: Evasion items are banned\n|rule|Evasion Moves Clause: Evasion moves are banned\n|rule|Endless Battle Clause: Forcing endless battles is banned\n|rule|HP Percentage Mod: HP is shown in percentages\n|clearpoke\n|poke|p1|Blissey, F|\n|poke|p1|Clodsire, F|\n|poke|p1|Alomomola, F|\n|poke|p1|Mandibuzz, F|\n|poke|p1|Dondozo, M|\n|poke|p1|Amoonguss, F|\n|poke|p2|Gholdengo|\n|poke|p2|Kommo-o, M|\n|poke|p2|Blissey, F|\n|poke|p2|Dondozo, M|\n|poke|p2|Iron Valiant|\n|poke|p2|Mandibuzz, F|\n|teampreview\n|inactive|Battle timer is ON: inactive players will automatically lose when time's up. (requested by augus the great)\n|\n|t:|1699875531\n|start\n|switch|p1a: Mandibuzz|Mandibuzz, F|100\/100\n|switch|p2a: Mandibuzz|Mandibuzz, F, shiny|100\/100\n|turn|1\n|\n|t:|1699875537\n|switch|p2a: Gholdengo|Gholdengo|100\/100\n|-item|p2a: Gholdengo|Air Balloon\n|move|p1a: Mandibuzz|Knock Off|p2a: Gholdengo\n|-supereffective|p2a: Gholdengo\n|-damage|p2a: Gholdengo|45\/100\n|-enditem|p2a: Gholdengo|Air Balloon\n|\n|upkeep\n|turn|2\n|\n|t:|1699875543\n|switch|p1a: Clodsire|Clodsire, F|100\/100\n|move|p2a: Gholdengo|Recover|p2a: Gholdengo\n|-heal|p2a: Gholdengo|95\/100\n|\n|upkeep\n|turn|3\n|\n|t:|1699875548\n|switch|p2a: Dondozo|Dondozo, M, shiny|100\/100\n|move|p1a: Clodsire|Toxic|p2a: Dondozo\n|-status|p2a: Dondozo|tox\n|\n|-damage|p2a: Dondozo|94\/100 tox|[from] psn\n|upkeep\n|turn|4\n|\n|t:|1699875556\n|switch|p1a: Amoonguss|Amoonguss, F|100\/100\n|move|p2a: Dondozo|Liquidation|p1a: Amoonguss\n|-resisted|p1a: Amoonguss\n|-damage|p1a: Amoonguss|90\/100\n|-unboost|p1a: Amoonguss|def|1\n|\n|-damage|p2a: Dondozo|82\/100 tox|[from] psn\n|upkeep\n|turn|5\n|\n|t:|1699875560\n|switch|p2a: Kommo-o|Kommo-o, M|100\/100\n|move|p1a: Amoonguss|Giga Drain|p2a: Kommo-o\n|-resisted|p2a: Kommo-o\n|-damage|p2a: Kommo-o|87\/100\n|-heal|p1a: Amoonguss|94\/100|[from] drain|[of] p2a: Kommo-o\n|\n|upkeep\n|turn|6\n|\n|t:|1699875583\n|switch|p1a: Mandibuzz|Mandibuzz, F|100\/100\n|-terastallize|p2a: Kommo-o|Fairy\n|move|p2a: Kommo-o|Belly Drum|p2a: Kommo-o\n|-damage|p2a: Kommo-o|37\/100\n|-setboost|p2a: Kommo-o|atk|6|[from] move: Belly Drum\n|-enditem|p2a: Kommo-o|Sitrus Berry|[eat]\n|-heal|p2a: Kommo-o|62\/100|[from] item: Sitrus Berry\n|\n|upkeep\n|turn|7\n|\n|t:|1699875598\n|switch|p1a: Dondozo|Dondozo, M|100\/100\n|move|p2a: Kommo-o|Tera Blast|p1a: Dondozo|[anim] Tera Blast Fairy\n|-damage|p1a: Dondozo|83\/100\n|\n|upkeep\n|turn|8\n|inactive|augus the great has 120 seconds left.\n|inactive|augus the great has 90 seconds left.\n|\n|t:|1699875649\n|move|p2a: Kommo-o|Drain Punch|p1a: Dondozo\n|-damage|p1a: Dondozo|69\/100\n|-heal|p2a: Kommo-o|75\/100|[from] drain|[of] p1a: Dondozo\n|move|p1a: Dondozo|Body Press|p2a: Kommo-o\n|-resisted|p2a: Kommo-o\n|-damage|p2a: Kommo-o|61\/100\n|\n|upkeep\n|turn|9\n|inactive|augus the great has 90 seconds left.\n|\n|t:|1699875682\n|move|p2a: Kommo-o|Drain Punch|p1a: Dondozo\n|-damage|p1a: Dondozo|54\/100\n|-heal|p2a: Kommo-o|73\/100|[from] drain|[of] p1a: Dondozo\n|move|p1a: Dondozo|Body Press|p2a: Kommo-o\n|-resisted|p2a: Kommo-o\n|-damage|p2a: Kommo-o|61\/100\n|\n|upkeep\n|turn|10\n|inactive|augus the great has 60 seconds left.\n|\n|t:|1699875703\n|move|p2a: Kommo-o|Drain Punch|p1a: Dondozo\n|-damage|p1a: Dondozo|40\/100\n|-heal|p2a: Kommo-o|74\/100|[from] drain|[of] p1a: Dondozo\n|move|p1a: Dondozo|Rest|p1a: Dondozo\n|-status|p1a: Dondozo|slp|[from] move: Rest\n|-heal|p1a: Dondozo|100\/100 slp|[silent]\n|\n|upkeep\n|turn|11\n|\n|t:|1699875709\n|move|p2a: Kommo-o|Tera Blast|p1a: Dondozo|[anim] Tera Blast Fairy\n|-damage|p1a: Dondozo|85\/100 slp\n|cant|p1a: Dondozo|slp\n|\n|upkeep\n|turn|12\n|c|\u2606augus the great|you're such a bitch\n|c|\u2606augus the great|honestly\n|inactive|augus the great has 60 seconds left.\n|-message|augus the great forfeited.\n|\n|win|ibex Stall player\n|raw|ibex Stall player's rating: 1248 &rarr; <strong>1267<\/strong><br \/>(+19 for winning)\n|raw|augus the great's rating: 1162 &rarr; <strong>1143<\/strong><br \/>(-19 for losing)\n|l|\u2606augus the great\n","uploadtime":1699875717,"views":9,"p1id":"ibexstallplayer","p2id":"augusthegreat","formatid":"gen9ou","rating":1143,"private":0,"password":""}