{"id":"gen9ou-1991453124","p1":"Username momento","p2":"gengarsslowcousin","format":"[Gen 9] OU","log":"|j|\u2606Username momento\n|j|\u2606gengarsslowcousin\n|t:|1700078390\n|gametype|singles\n|player|p1|Username momento|ninjaboy|1556\n|player|p2|gengarsslowcousin|cynthia-gen4|1502\n|teamsize|p1|6\n|teamsize|p2|6\n|gen|9\n|tier|[Gen 9] OU\n|rated|\n|rule|Sleep Clause Mod: Limit one foe put to sleep\n|rule|Species Clause: Limit one of each Pok\u00e9mon\n|rule|OHKO Clause: OHKO moves are banned\n|rule|Evasion Items Clause: Evasion items are banned\n|rule|Evasion Moves Clause: Evasion moves are banned\n|rule|Endless Battle Clause: Forcing endless battles is banned\n|rule|HP Percentage Mod: HP is shown in percentages\n|clearpoke\n|poke|p1|Meowscarada, M|\n|poke|p1|Kingambit, F|\n|poke|p1|Zapdos|\n|poke|p1|Zamazenta-*|\n|poke|p1|Great Tusk|\n|poke|p1|Iron Moth|\n|poke|p2|Arcanine-Hisui, M|\n|poke|p2|Great Tusk|\n|poke|p2|Dragapult, M|\n|poke|p2|Zapdos|\n|poke|p2|Toxapex, F|\n|poke|p2|Iron Valiant|\n|teampreview\n|\n|t:|1700078401\n|start\n|switch|p1a: Zapdos|Zapdos|100\/100\n|switch|p2a: Arcanine|Arcanine-Hisui, M, shiny|100\/100\n|turn|1\n|\n|t:|1700078410\n|switch|p1a: Great Tusk|Great Tusk|100\/100\n|-enditem|p1a: Great Tusk|Booster Energy\n|-activate|p1a: Great Tusk|ability: Protosynthesis|[fromitem]\n|-start|p1a: Great Tusk|protosynthesisatk\n|move|p2a: Arcanine|Head Smash|p1a: Great Tusk|[miss]\n|-miss|p2a: Arcanine|p1a: Great Tusk\n|\n|upkeep\n|turn|2\n|inactive|Battle timer is ON: inactive players will automatically lose when time's up. (requested by gengarsslowcousin)\n|\n|t:|1700078418\n|move|p2a: Arcanine|Will-O-Wisp|p1a: Great Tusk\n|-status|p1a: Great Tusk|brn\n|move|p1a: Great Tusk|Knock Off|p2a: Arcanine\n|-damage|p2a: Arcanine|72\/100\n|-enditem|p2a: Arcanine|Focus Sash|[from] move: Knock Off|[of] p1a: Great Tusk\n|\n|-damage|p1a: Great Tusk|94\/100 brn|[from] brn\n|upkeep\n|turn|3\n|\n|t:|1700078423\n|switch|p2a: Zapdos|Zapdos|100\/100\n|move|p1a: Great Tusk|Earthquake|p2a: Zapdos\n|-immune|p2a: Zapdos\n|\n|-damage|p1a: Great Tusk|88\/100 brn|[from] brn\n|upkeep\n|turn|4\n|\n|t:|1700078429\n|move|p2a: Zapdos|Hurricane|p1a: Great Tusk\n|-supereffective|p1a: Great Tusk\n|-damage|p1a: Great Tusk|0 fnt\n|faint|p1a: Great Tusk\n|-end|p1a: Great Tusk|Protosynthesis|[silent]\n|\n|upkeep\n|\n|t:|1700078437\n|switch|p1a: Iron Moth|Iron Moth|100\/100\n|-enditem|p1a: Iron Moth|Booster Energy\n|-activate|p1a: Iron Moth|ability: Quark Drive|[fromitem]\n|-start|p1a: Iron Moth|quarkdrivespe\n|turn|5\n|\n|t:|1700078442\n|switch|p2a: Toxapex|Toxapex, F|100\/100\n|move|p1a: Iron Moth|Fiery Dance|p2a: Toxapex\n|-resisted|p2a: Toxapex\n|-damage|p2a: Toxapex|89\/100\n|-boost|p1a: Iron Moth|spa|1\n|\n|-heal|p2a: Toxapex|95\/100|[from] item: Leftovers\n|upkeep\n|turn|6\n|\n|t:|1700078446\n|-terastallize|p1a: Iron Moth|Ground\n|move|p1a: Iron Moth|Tera Blast|p2a: Toxapex|[anim] Tera Blast Ground\n|-supereffective|p2a: Toxapex\n|-damage|p2a: Toxapex|11\/100\n|move|p2a: Toxapex|Haze|p2a: Toxapex\n|-clearallboost\n|\n|-heal|p2a: Toxapex|17\/100|[from] item: Leftovers\n|upkeep\n|turn|7\n|\n|t:|1700078458\n|switch|p2a: Zapdos|Zapdos|100\/100\n|move|p1a: Iron Moth|Fiery Dance|p2a: Zapdos\n|-damage|p2a: Zapdos|57\/100\n|\n|upkeep\n|turn|8\n|\n|t:|1700078464\n|move|p1a: Iron Moth|Sludge Wave|p2a: Zapdos\n|-damage|p2a: Zapdos|5\/100\n|move|p2a: Zapdos|Hurricane|p1a: Iron Moth\n|-damage|p1a: Iron Moth|50\/100\n|\n|upkeep\n|turn|9\n|\n|t:|1700078469\n|move|p1a: Iron Moth|Fiery Dance|p2a: Zapdos\n|-damage|p2a: Zapdos|0 fnt\n|faint|p2a: Zapdos\n|\n|upkeep\n|\n|t:|1700078476\n|switch|p2a: Iron Valiant|Iron Valiant, shiny|100\/100\n|-enditem|p2a: Iron Valiant|Booster Energy\n|-activate|p2a: Iron Valiant|ability: Quark Drive|[fromitem]\n|-start|p2a: Iron Valiant|quarkdrivespe\n|turn|10\n|\n|t:|1700078480\n|-terastallize|p2a: Iron Valiant|Steel\n|move|p2a: Iron Valiant|Calm Mind|p2a: Iron Valiant\n|-boost|p2a: Iron Valiant|spa|1\n|-boost|p2a: Iron Valiant|spd|1\n|move|p1a: Iron Moth|Sludge Wave|p2a: Iron Valiant\n|-immune|p2a: Iron Valiant\n|\n|upkeep\n|turn|11\n|\n|t:|1700078483\n|move|p2a: Iron Valiant|Encore|p1a: Iron Moth\n|-start|p1a: Iron Moth|Encore\n|move|p1a: Iron Moth|Sludge Wave|p2a: Iron Valiant\n|-immune|p2a: Iron Valiant\n|\n|upkeep\n|turn|12\n|\n|t:|1700078494\n|-end|p1a: Iron Moth|Quark Drive|[silent]\n|switch|p1a: Kingambit|Kingambit, F|100\/100\n|-activate|p1a: Kingambit|ability: Supreme Overlord\n|-start|p1a: Kingambit|fallen1|[silent]\n|move|p2a: Iron Valiant|Calm Mind|p2a: Iron Valiant\n|-boost|p2a: Iron Valiant|spa|1\n|-boost|p2a: Iron Valiant|spd|1\n|\n|upkeep\n|turn|13\n|\n|t:|1700078497\n|move|p2a: Iron Valiant|Moonblast|p1a: Kingambit\n|-damage|p1a: Kingambit|4\/100\n|move|p1a: Kingambit|Kowtow Cleave|p2a: Iron Valiant\n|-damage|p2a: Iron Valiant|29\/100\n|\n|-heal|p1a: Kingambit|10\/100|[from] item: Leftovers\n|upkeep\n|turn|14\n|\n|t:|1700078501\n|move|p2a: Iron Valiant|Calm Mind|p2a: Iron Valiant\n|-boost|p2a: Iron Valiant|spa|1\n|-boost|p2a: Iron Valiant|spd|1\n|move|p1a: Kingambit|Kowtow Cleave|p2a: Iron Valiant\n|-damage|p2a: Iron Valiant|0 fnt\n|faint|p2a: Iron Valiant\n|-end|p2a: Iron Valiant|Quark Drive|[silent]\n|\n|-heal|p1a: Kingambit|16\/100|[from] item: Leftovers\n|upkeep\n|c|\u2606gengarsslowcousin|wack ass roll\n|\n|t:|1700078510\n|switch|p2a: Great Tusk|Great Tusk|100\/100\n|turn|15\n|c|\u2606Username momento|Me see encore, me no click sucker\n|c|\u2606gengarsslowcousin|idc about that\n|\n|t:|1700078528\n|-end|p1a: Kingambit|fallen1|[silent]\n|switch|p1a: Zapdos|Zapdos|100\/100\n|move|p2a: Great Tusk|Rapid Spin|p1a: Zapdos\n|-damage|p1a: Zapdos|90\/100\n|-boost|p2a: Great Tusk|spe|1\n|\n|-heal|p1a: Zapdos|96\/100|[from] item: Leftovers\n|upkeep\n|turn|16\n|c|\u2606gengarsslowcousin|+2  doing 96 is garbage\n|c|\u2606Username momento|Ah\n|c|\u2606Username momento|this is a max Hp gambit btw\n|inactive|gengarsslowcousin has 120 seconds left.\n|inactive|gengarsslowcousin has 90 seconds left.\n|c|\u2606gengarsslowcousin|+2 252 SpA Quark Drive Iron Valiant Moonblast vs. 252 HP \/ 4 SpD Kingambit: 433-511 (107.1 - 126.4%) -- guaranteed OHKO\n|c|\u2606Username momento|Hm\n|c|\u2606gengarsslowcousin|no its the dumbass calculator doing that shit again\n|inactive|gengarsslowcousin has 60 seconds left.\n|c|\u2606gengarsslowcousin|where it quark drives after the calm mind boosts\n|c|\u2606Username momento|Did you put in modest?\n|c|\u2606Username momento|oh haha\n|\n|t:|1700078636\n|move|p2a: Great Tusk|Ice Spinner|p1a: Zapdos\n|-supereffective|p1a: Zapdos\n|-damage|p1a: Zapdos|63\/100\n|move|p1a: Zapdos|Hurricane|p2a: Great Tusk\n|-supereffective|p2a: Great Tusk\n|-damage|p2a: Great Tusk|0 fnt\n|faint|p2a: Great Tusk\n|-end|p2a: Great Tusk|Protosynthesis|[silent]\n|\n|-heal|p1a: Zapdos|70\/100|[from] item: Leftovers\n|upkeep\n|\n|t:|1700078640\n|switch|p2a: Dragapult|Dragapult, M, shiny|100\/100\n|turn|17\n|\n|t:|1700078653\n|move|p2a: Dragapult|Dragon Darts|p1a: Zapdos\n|-damage|p1a: Zapdos|42\/100\n|-anim|p2a: Dragapult|Dragon Darts|p1a: Zapdos\n|-damage|p1a: Zapdos|15\/100\n|move|p1a: Zapdos|Hurricane|p2a: Dragapult\n|-damage|p2a: Dragapult|34\/100\n|-start|p2a: Dragapult|confusion\n|\n|-heal|p1a: Zapdos|21\/100|[from] item: Leftovers\n|upkeep\n|turn|18\n|\n|t:|1700078662\n|switch|p1a: Zamazenta|Zamazenta|100\/100\n|-ability|p1a: Zamazenta|Dauntless Shield|boost\n|-boost|p1a: Zamazenta|def|1\n|-activate|p2a: Dragapult|confusion\n|move|p2a: Dragapult|Dragon Darts|p1a: Zamazenta\n|-damage|p1a: Zamazenta|81\/100\n|-anim|p2a: Dragapult|Dragon Darts|p1a: Zamazenta\n|-damage|p1a: Zamazenta|59\/100\n|\n|-heal|p1a: Zamazenta|65\/100|[from] item: Leftovers\n|upkeep\n|turn|19\n|\n|t:|1700078670\n|switch|p2a: Toxapex|Toxapex, F|50\/100\n|move|p1a: Zamazenta|Stone Edge|p2a: Toxapex|[miss]\n|-miss|p1a: Zamazenta|p2a: Toxapex\n|\n|-heal|p1a: Zamazenta|71\/100|[from] item: Leftovers\n|-heal|p2a: Toxapex|56\/100|[from] item: Leftovers\n|upkeep\n|turn|20\n|\n|t:|1700078675\n|move|p1a: Zamazenta|Iron Defense|p1a: Zamazenta\n|-boost|p1a: Zamazenta|def|2\n|move|p2a: Toxapex|Recover|p2a: Toxapex\n|-heal|p2a: Toxapex|100\/100\n|\n|-heal|p1a: Zamazenta|77\/100|[from] item: Leftovers\n|upkeep\n|turn|21\n|\n|t:|1700078678\n|move|p1a: Zamazenta|Body Press|p2a: Toxapex\n|-resisted|p2a: Toxapex\n|-damage|p2a: Toxapex|64\/100\n|move|p2a: Toxapex|Haze|p2a: Toxapex\n|-clearallboost\n|\n|-heal|p1a: Zamazenta|84\/100|[from] item: Leftovers\n|-heal|p2a: Toxapex|70\/100|[from] item: Leftovers\n|upkeep\n|turn|22\n|\n|t:|1700078683\n|switch|p1a: Zapdos|Zapdos|21\/100\n|move|p2a: Toxapex|Toxic|p1a: Zapdos\n|-status|p1a: Zapdos|tox\n|\n|-heal|p1a: Zapdos|27\/100 tox|[from] item: Leftovers\n|-heal|p2a: Toxapex|76\/100|[from] item: Leftovers\n|-damage|p1a: Zapdos|21\/100 tox|[from] psn\n|upkeep\n|turn|23\n|\n|t:|1700078685\n|switch|p2a: Arcanine|Arcanine-Hisui, M, shiny|72\/100\n|move|p1a: Zapdos|Roost|p1a: Zapdos\n|-heal|p1a: Zapdos|71\/100 tox\n|-singleturn|p1a: Zapdos|move: Roost\n|\n|-heal|p1a: Zapdos|77\/100 tox|[from] item: Leftovers\n|-damage|p1a: Zapdos|65\/100 tox|[from] psn\n|upkeep\n|turn|24\n|\n|t:|1700078689\n|move|p2a: Arcanine|Head Smash|p1a: Zapdos|[miss]\n|-miss|p2a: Arcanine|p1a: Zapdos\n|move|p1a: Zapdos|Volt Switch|p2a: Arcanine\n|-damage|p2a: Arcanine|35\/100\n|\n|t:|1700078691\n|switch|p1a: Meowscarada|Meowscarada, M|100\/100|[from] Volt Switch\n|\n|upkeep\n|turn|25\n|c|\u2606Username momento|This arc of hitting head smash was a test\n|\n|t:|1700078717\n|switch|p2a: Toxapex|Toxapex, F|100\/100\n|move|p1a: Meowscarada|Flower Trick|p2a: Toxapex\n|-start|p1a: Meowscarada|typechange|Grass|[from] ability: Protean\n|-crit|p2a: Toxapex\n|-damage|p2a: Toxapex|45\/100\n|\n|-heal|p2a: Toxapex|51\/100|[from] item: Leftovers\n|upkeep\n|turn|26\n|\n|t:|1700078731\n|switch|p2a: Dragapult|Dragapult, M, shiny|34\/100\n|move|p1a: Meowscarada|Flower Trick|p2a: Dragapult\n|-resisted|p2a: Dragapult\n|-crit|p2a: Dragapult\n|-damage|p2a: Dragapult|0 fnt\n|faint|p2a: Dragapult\n|\n|upkeep\n|-message|gengarsslowcousin forfeited.\n|\n|win|Username momento\n|raw|Username momento's rating: 1556 &rarr; <strong>1573<\/strong><br \/>(+17 for winning)\n|raw|gengarsslowcousin's rating: 1502 &rarr; <strong>1485<\/strong><br \/>(-17 for losing)\n|l|\u2606gengarsslowcousin\n|c|\u2606Username momento|\u2026gg?\n","uploadtime":1700078748,"views":7,"p1id":"usernamemomento","p2id":"gengarsslowcousin","formatid":"gen9ou","rating":1485,"private":0,"password":""}