{"id":"gen9ou-1994401056","p1":"Krilloon","p2":"cr46290","format":"[Gen 9] OU","log":"|j|\u2606Krilloon\n|j|\u2606cr46290\n|t:|1700439701\n|gametype|singles\n|player|p1|Krilloon|bruno|\n|player|p2|cr46290|delinquent|\n|teamsize|p1|6\n|teamsize|p2|6\n|gen|9\n|tier|[Gen 9] OU\n|rule|Sleep Clause Mod: Limit one foe put to sleep\n|rule|Species Clause: Limit one of each Pok\u00e9mon\n|rule|OHKO Clause: OHKO moves are banned\n|rule|Evasion Items Clause: Evasion items are banned\n|rule|Evasion Moves Clause: Evasion moves are banned\n|rule|Endless Battle Clause: Forcing endless battles is banned\n|rule|HP Percentage Mod: HP is shown in percentages\n|clearpoke\n|poke|p1|Garchomp, M|\n|poke|p1|Ting-Lu|\n|poke|p1|Rotom-Mow|\n|poke|p1|Tornadus, M|\n|poke|p1|Spiritomb, F|\n|poke|p1|Iron Moth|\n|poke|p2|Walking Wake|\n|poke|p2|Zapdos-Galar|\n|poke|p2|Pelipper, F|\n|poke|p2|Ludicolo, M|\n|poke|p2|Jolteon, F|\n|poke|p2|Iron Hands|\n|teampreview\n|\n|t:|1700439710\n|start\n|switch|p1a: Bort|Ting-Lu|100\/100\n|switch|p2a: Reigna|Pelipper, F|100\/100\n|-ability|p1a: Bort|Vessel of Ruin\n|-weather|RainDance|[from] ability: Drizzle|[of] p2a: Reigna\n|turn|1\n|j| anonymeowz\n|j| caeden0330\n|\n|t:|1700439722\n|move|p1a: Bort|Stealth Rock|p2a: Reigna\n|-sidestart|p2: cr46290|move: Stealth Rock\n|move|p2a: Reigna|Surf|p1a: Bort\n|-supereffective|p1a: Bort\n|-damage|p1a: Bort|64\/100\n|\n|-weather|RainDance|[upkeep]\n|-heal|p1a: Bort|71\/100|[from] item: Leftovers\n|upkeep\n|turn|2\n|\n|t:|1700439730\n|move|p2a: Reigna|Surf|p1a: Bort\n|-supereffective|p1a: Bort\n|-damage|p1a: Bort|34\/100\n|move|p1a: Bort|Whirlwind|p2a: Reigna\n|drag|p2a: RAHHHHH|Iron Hands|100\/100\n|-damage|p2a: RAHHHHH|94\/100|[from] Stealth Rock\n|\n|-weather|RainDance|[upkeep]\n|-heal|p2a: RAHHHHH|100\/100|[from] item: Leftovers\n|-heal|p1a: Bort|41\/100|[from] item: Leftovers\n|upkeep\n|turn|3\n|\n|t:|1700439739\n|move|p2a: RAHHHHH|Drain Punch|p1a: Bort\n|-supereffective|p1a: Bort\n|-damage|p1a: Bort|0 fnt\n|faint|p1a: Bort\n|\n|-weather|RainDance|[upkeep]\n|upkeep\n|\n|t:|1700439752\n|switch|p1a: Toro SmartStow|Rotom-Mow|100\/100\n|turn|4\n|\n|t:|1700439755\n|move|p1a: Toro SmartStow|Trick|p2a: RAHHHHH\n|-activate|p1a: Toro SmartStow|move: Trick|[of] p2a: RAHHHHH\n|-item|p2a: RAHHHHH|Toxic Orb|[from] move: Trick\n|-item|p1a: Toro SmartStow|Leftovers|[from] move: Trick\n|move|p2a: RAHHHHH|Swords Dance|p2a: RAHHHHH\n|-boost|p2a: RAHHHHH|atk|2\n|\n|-weather|RainDance|[upkeep]\n|-status|p2a: RAHHHHH|tox|[from] item: Toxic Orb\n|upkeep\n|turn|5\n|\n|t:|1700439770\n|move|p1a: Toro SmartStow|Leaf Storm|p2a: RAHHHHH\n|-damage|p2a: RAHHHHH|56\/100 tox\n|-unboost|p1a: Toro SmartStow|spa|2\n|move|p2a: RAHHHHH|Drain Punch|p1a: Toro SmartStow\n|-crit|p1a: Toro SmartStow\n|-damage|p1a: Toro SmartStow|0 fnt\n|-heal|p2a: RAHHHHH|83\/100 tox|[from] drain|[of] p1a: Toro SmartStow\n|faint|p1a: Toro SmartStow\n|\n|-weather|RainDance|[upkeep]\n|-damage|p2a: RAHHHHH|77\/100 tox|[from] psn\n|upkeep\n|\n|t:|1700439783\n|switch|p1a: Dragunov|Garchomp, M|100\/100\n|turn|6\n|\n|t:|1700439788\n|move|p1a: Dragunov|Rock Slide|p2a: RAHHHHH\n|-resisted|p2a: RAHHHHH\n|-damage|p2a: RAHHHHH|68\/100 tox\n|move|p2a: RAHHHHH|Drain Punch|p1a: Dragunov\n|-damage|p1a: Dragunov|12\/100\n|-heal|p2a: RAHHHHH|100\/100 tox|[from] drain|[of] p1a: Dragunov\n|-damage|p2a: RAHHHHH|88\/100 tox|[from] ability: Rough Skin|[of] p1a: Dragunov\n|\n|-weather|RainDance|[upkeep]\n|-damage|p2a: RAHHHHH|76\/100 tox|[from] psn\n|upkeep\n|turn|7\n|\n|t:|1700439811\n|move|p1a: Dragunov|Earthquake|p2a: RAHHHHH\n|-supereffective|p2a: RAHHHHH\n|-damage|p2a: RAHHHHH|7\/100 tox\n|move|p2a: RAHHHHH|Tera Blast|p1a: Dragunov\n|-damage|p1a: Dragunov|1\/100\n|\n|-weather|RainDance|[upkeep]\n|-damage|p2a: RAHHHHH|0 fnt|[from] psn\n|faint|p2a: RAHHHHH\n|-end|p2a: RAHHHHH|Quark Drive|[silent]\n|upkeep\n|\n|t:|1700439824\n|switch|p2a: Avacado|Ludicolo, M, shiny|100\/100\n|-damage|p2a: Avacado|88\/100|[from] Stealth Rock\n|turn|8\n|\n|t:|1700439831\n|move|p2a: Avacado|Knock Off|p1a: Dragunov\n|-damage|p1a: Dragunov|0 fnt\n|-damage|p2a: Avacado|76\/100|[from] ability: Rough Skin|[of] p1a: Dragunov\n|-enditem|p1a: Dragunov|Focus Sash|[from] move: Knock Off|[of] p2a: Avacado\n|faint|p1a: Dragunov\n|-damage|p2a: Avacado|66\/100|[from] item: Life Orb\n|\n|-weather|none\n|upkeep\n|\n|t:|1700439844\n|switch|p1a: Sargasso|Spiritomb, F|100\/100\n|turn|9\n|\n|t:|1700439854\n|switch|p2a: Reigna|Pelipper, F|100\/100\n|-damage|p2a: Reigna|76\/100|[from] Stealth Rock\n|-weather|RainDance|[from] ability: Drizzle|[of] p2a: Reigna\n|move|p1a: Sargasso|Foul Play|p2a: Reigna\n|-damage|p2a: Reigna|62\/100\n|\n|-weather|RainDance|[upkeep]\n|upkeep\n|turn|10\n|\n|t:|1700439871\n|move|p2a: Reigna|U-turn|p1a: Sargasso\n|-damage|p1a: Sargasso|91\/100\n|\n|t:|1700439873\n|switch|p2a: Kibby|Walking Wake|100\/100|[from] U-turn\n|-damage|p2a: Kibby|88\/100|[from] Stealth Rock\n|move|p1a: Sargasso|Foul Play|p2a: Kibby\n|-crit|p2a: Kibby\n|-damage|p2a: Kibby|54\/100\n|\n|-weather|RainDance|[upkeep]\n|upkeep\n|turn|11\n|\n|t:|1700439883\n|-terastallize|p2a: Kibby|Water\n|move|p2a: Kibby|Hydro Steam|p1a: Sargasso\n|-damage|p1a: Sargasso|0 fnt\n|faint|p1a: Sargasso\n|\n|-weather|RainDance|[upkeep]\n|upkeep\n|\n|t:|1700439890\n|switch|p1a: Gustavo|Tornadus, M|100\/100\n|turn|12\n|\n|t:|1700439920\n|move|p2a: Kibby|Hydro Steam|p1a: Gustavo\n|-damage|p1a: Gustavo|0 fnt\n|faint|p1a: Gustavo\n|\n|-weather|RainDance|[upkeep]\n|upkeep\n|\n|t:|1700439926\n|switch|p1a: Izzy|Iron Moth|100\/100\n|-enditem|p1a: Izzy|Booster Energy\n|-activate|p1a: Izzy|ability: Quark Drive|[fromitem]\n|-start|p1a: Izzy|quarkdrivespa\n|turn|13\n|\n|t:|1700439940\n|move|p1a: Izzy|Sludge Wave|p2a: Kibby\n|-damage|p2a: Kibby|0 fnt\n|faint|p2a: Kibby\n|-end|p2a: Kibby|Protosynthesis|[silent]\n|\n|-weather|RainDance|[upkeep]\n|upkeep\n|\n|t:|1700439945\n|switch|p2a: Avacado|Ludicolo, M, shiny|66\/100\n|-damage|p2a: Avacado|54\/100|[from] Stealth Rock\n|turn|14\n|\n|t:|1700439949\n|move|p2a: Avacado|Hydro Pump|p1a: Izzy\n|-supereffective|p1a: Izzy\n|-damage|p1a: Izzy|0 fnt\n|faint|p1a: Izzy\n|-end|p1a: Izzy|Quark Drive|[silent]\n|-damage|p2a: Avacado|44\/100|[from] item: Life Orb\n|\n|win|cr46290\n","uploadtime":1700439959,"views":7,"p1id":"krilloon","p2id":"cr46290","formatid":"gen9ou","rating":0,"private":0,"password":""}