{"id":"gen9ou-1989018634","p1":"RosasSillyBillies","p2":"kieranhearthflame","format":"[Gen 9] OU","log":"|j|\u2606RosasSillyBillies\n|j|\u2606kieranhearthflame\n|t:|1699802835\n|gametype|singles\n|player|p1|RosasSillyBillies|battlegirl-gen4|1133\n|player|p2|kieranhearthflame|harlequin|1000\n|teamsize|p1|6\n|teamsize|p2|6\n|gen|9\n|tier|[Gen 9] OU\n|rated|\n|rule|Sleep Clause Mod: Limit one foe put to sleep\n|rule|Species Clause: Limit one of each Pok\u00e9mon\n|rule|OHKO Clause: OHKO moves are banned\n|rule|Evasion Items Clause: Evasion items are banned\n|rule|Evasion Moves Clause: Evasion moves are banned\n|rule|Endless Battle Clause: Forcing endless battles is banned\n|rule|HP Percentage Mod: HP is shown in percentages\n|clearpoke\n|poke|p1|Dondozo, M|\n|poke|p1|Great Tusk|\n|poke|p1|Gholdengo|\n|poke|p1|Ribombee, M|\n|poke|p1|Iron Moth|\n|poke|p1|Ogerpon-Wellspring, F|\n|poke|p2|Clefable, M|\n|poke|p2|Toxapex, F|\n|poke|p2|Alomomola, F|\n|poke|p2|Heatran, F|\n|poke|p2|Corviknight, F|\n|poke|p2|Slowking-Galar, F|\n|teampreview\n|inactive|Battle timer is ON: inactive players will automatically lose when time's up. (requested by kieranhearthflame)\n|c|\u2606RosasSillyBillies|Glhf\n|c|\u2606kieranhearthflame|U 2!\n|\n|t:|1699802853\n|start\n|switch|p1a: Buck Bumble|Ribombee, M|100\/100\n|switch|p2a: Clefable|Clefable, M|100\/100\n|turn|1\n|\n|t:|1699802859\n|move|p1a: Buck Bumble|Sticky Web|p2a: Clefable\n|-sidestart|p2: kieranhearthflame|move: Sticky Web\n|move|p2a: Clefable|Cosmic Power|p2a: Clefable\n|-boost|p2a: Clefable|def|1\n|-boost|p2a: Clefable|spd|1\n|\n|upkeep\n|turn|2\n|\n|t:|1699802862\n|move|p1a: Buck Bumble|Stun Spore|p2a: Clefable\n|-status|p2a: Clefable|par\n|move|p2a: Clefable|Cosmic Power|p2a: Clefable\n|-boost|p2a: Clefable|def|1\n|-boost|p2a: Clefable|spd|1\n|\n|upkeep\n|turn|3\n|\n|t:|1699802866\n|switch|p1a: Tortillas|Iron Moth|100\/100\n|-enditem|p1a: Tortillas|Booster Energy\n|-activate|p1a: Tortillas|ability: Quark Drive|[fromitem]\n|-start|p1a: Tortillas|quarkdrivespe\n|move|p2a: Clefable|Cosmic Power|p2a: Clefable\n|-boost|p2a: Clefable|def|1\n|-boost|p2a: Clefable|spd|1\n|\n|upkeep\n|turn|4\n|\n|t:|1699802874\n|-terastallize|p2a: Clefable|Steel\n|move|p1a: Tortillas|Fiery Dance|p2a: Clefable\n|-supereffective|p2a: Clefable\n|-damage|p2a: Clefable|70\/100 par\n|cant|p2a: Clefable|par\n|\n|-heal|p2a: Clefable|76\/100 par|[from] item: Leftovers\n|upkeep\n|turn|5\n|\n|t:|1699802881\n|move|p1a: Tortillas|Fiery Dance|p2a: Clefable\n|-supereffective|p2a: Clefable\n|-damage|p2a: Clefable|44\/100 par\n|-boost|p1a: Tortillas|spa|1\n|move|p2a: Clefable|Stored Power|p1a: Tortillas\n|-supereffective|p1a: Tortillas\n|-damage|p1a: Tortillas|13\/100\n|\n|-heal|p2a: Clefable|50\/100 par|[from] item: Leftovers\n|upkeep\n|turn|6\n|\n|t:|1699802894\n|move|p1a: Tortillas|Fiery Dance|p2a: Clefable\n|-supereffective|p2a: Clefable\n|-damage|p2a: Clefable|16\/100 par\n|move|p2a: Clefable|Stored Power|p1a: Tortillas\n|-supereffective|p1a: Tortillas\n|-damage|p1a: Tortillas|0 fnt\n|faint|p1a: Tortillas\n|-end|p1a: Tortillas|Quark Drive|[silent]\n|\n|-heal|p2a: Clefable|22\/100 par|[from] item: Leftovers\n|upkeep\n|\n|t:|1699802903\n|switch|p1a: Moby male genital|Dondozo, M|100\/100\n|turn|7\n|\n|t:|1699802912\n|move|p1a: Moby male genital|Earthquake|p2a: Clefable\n|-supereffective|p2a: Clefable\n|-damage|p2a: Clefable|0 fnt\n|faint|p2a: Clefable\n|\n|upkeep\n|\n|t:|1699802920\n|switch|p2a: Slowking|Slowking-Galar, F|100\/100\n|-activate|p2a: Slowking|move: Sticky Web\n|-unboost|p2a: Slowking|spe|1\n|turn|8\n|\n|t:|1699802928\n|move|p1a: Moby male genital|Earthquake|p2a: Slowking\n|-supereffective|p2a: Slowking\n|-damage|p2a: Slowking|4\/100\n|move|p2a: Slowking|Trick|p1a: Moby male genital\n|-activate|p2a: Slowking|move: Trick|[of] p1a: Moby male genital\n|-item|p1a: Moby male genital|Choice Scarf|[from] move: Trick\n|-item|p2a: Slowking|Choice Band|[from] move: Trick\n|\n|upkeep\n|turn|9\n|\n|t:|1699802944\n|move|p1a: Moby male genital|Earthquake|p2a: Slowking\n|-supereffective|p2a: Slowking\n|-damage|p2a: Slowking|0 fnt\n|faint|p2a: Slowking\n|\n|upkeep\n|\n|t:|1699802946\n|switch|p2a: Corviknight|Corviknight, F|100\/100\n|turn|10\n|\n|t:|1699802956\n|switch|p1a: 24kKarat gholdengo|Gholdengo|100\/100\n|-item|p1a: 24kKarat gholdengo|Air Balloon\n|move|p2a: Corviknight|U-turn|p1a: 24kKarat gholdengo\n|-resisted|p1a: 24kKarat gholdengo\n|-crit|p1a: 24kKarat gholdengo\n|-damage|p1a: 24kKarat gholdengo|94\/100\n|-enditem|p1a: 24kKarat gholdengo|Air Balloon\n|\n|t:|1699802969\n|switch|p2a: Heatran|Heatran, F|100\/100|[from] U-turn\n|-item|p2a: Heatran|Air Balloon\n|\n|upkeep\n|turn|11\n|\n|t:|1699802981\n|switch|p1a: Moby male genital|Dondozo, M|100\/100\n|move|p2a: Heatran|Magma Storm|p1a: Moby male genital|[miss]\n|-miss|p2a: Heatran|p1a: Moby male genital\n|\n|upkeep\n|turn|12\n|\n|t:|1699802993\n|move|p2a: Heatran|Will-O-Wisp|p1a: Moby male genital\n|-status|p1a: Moby male genital|brn\n|move|p1a: Moby male genital|Wave Crash|p2a: Heatran\n|-supereffective|p2a: Heatran\n|-damage|p2a: Heatran|52\/100\n|-enditem|p2a: Heatran|Air Balloon\n|-damage|p1a: Moby male genital|87\/100 brn|[from] Recoil\n|\n|-damage|p1a: Moby male genital|81\/100 brn|[from] brn\n|upkeep\n|turn|13\n|\n|t:|1699803005\n|switch|p2a: Alomomola|Alomomola, F|100\/100\n|-activate|p2a: Alomomola|move: Sticky Web\n|-unboost|p2a: Alomomola|spe|1\n|move|p1a: Moby male genital|Wave Crash|p2a: Alomomola\n|-resisted|p2a: Alomomola\n|-damage|p2a: Alomomola|93\/100\n|-damage|p1a: Moby male genital|78\/100 brn|[from] Recoil\n|\n|-heal|p2a: Alomomola|99\/100|[from] item: Leftovers\n|-damage|p1a: Moby male genital|72\/100 brn|[from] brn\n|upkeep\n|turn|14\n|\n|t:|1699803014\n|switch|p1a: Bonk|Ogerpon-Wellspring, F|100\/100\n|move|p2a: Alomomola|Wish|p2a: Alomomola\n|\n|-heal|p2a: Alomomola|100\/100|[from] item: Leftovers\n|upkeep\n|turn|15\n|\n|t:|1699803020\n|switch|p2a: Toxapex|Toxapex, F|100\/100\n|-activate|p2a: Toxapex|move: Sticky Web\n|-unboost|p2a: Toxapex|spe|1\n|move|p1a: Bonk|Swords Dance|p1a: Bonk\n|-boost|p1a: Bonk|atk|2\n|\n|upkeep\n|turn|16\n|\n|t:|1699803025\n|move|p1a: Bonk|Horn Leech|p2a: Toxapex\n|-damage|p2a: Toxapex|51\/100\n|move|p2a: Toxapex|Toxic|p1a: Bonk\n|-status|p1a: Bonk|tox\n|\n|-heal|p2a: Toxapex|57\/100|[from] item: Black Sludge\n|-damage|p1a: Bonk|95\/100 tox|[from] psn\n|upkeep\n|turn|17\n|\n|t:|1699803031\n|move|p2a: Toxapex|Baneful Bunker|p2a: Toxapex\n|-singleturn|p2a: Toxapex|move: Protect\n|move|p1a: Bonk|Horn Leech|p2a: Toxapex\n|-activate|p2a: Toxapex|move: Protect\n|\n|-heal|p2a: Toxapex|64\/100|[from] item: Black Sludge\n|-damage|p1a: Bonk|83\/100 tox|[from] psn\n|upkeep\n|turn|18\n|\n|t:|1699803042\n|switch|p2a: Heatran|Heatran, F|52\/100\n|-activate|p2a: Heatran|move: Sticky Web\n|-unboost|p2a: Heatran|spe|1\n|-terastallize|p1a: Bonk|Water\n|detailschange|p1a: Bonk|Ogerpon-Wellspring-Tera, F, tera:Water\n|-ability|p1a: Bonk|Embody Aspect (Wellspring)|boost\n|-boost|p1a: Bonk|spd|1\n|move|p1a: Bonk|Horn Leech|p2a: Heatran\n|-resisted|p2a: Heatran\n|-damage|p2a: Heatran|33\/100\n|-heal|p1a: Bonk|95\/100 tox|[from] drain|[of] p2a: Heatran\n|\n|-damage|p1a: Bonk|77\/100 tox|[from] psn\n|upkeep\n|turn|19\n|\n|t:|1699803057\n|switch|p2a: Toxapex|Toxapex, F|97\/100\n|-activate|p2a: Toxapex|move: Sticky Web\n|-unboost|p2a: Toxapex|spe|1\n|move|p1a: Bonk|Ivy Cudgel|p2a: Toxapex\n|-resisted|p2a: Toxapex\n|-damage|p2a: Toxapex|51\/100\n|\n|-heal|p2a: Toxapex|57\/100|[from] item: Black Sludge\n|-damage|p1a: Bonk|53\/100 tox|[from] psn\n|upkeep\n|turn|20\n|\n|t:|1699803068\n|move|p1a: Bonk|Swords Dance|p1a: Bonk\n|-boost|p1a: Bonk|atk|2\n|move|p2a: Toxapex|Recover|p2a: Toxapex\n|-heal|p2a: Toxapex|100\/100\n|\n|-damage|p1a: Bonk|23\/100 tox|[from] psn\n|upkeep\n|turn|21\n|\n|t:|1699803073\n|move|p2a: Toxapex|Baneful Bunker|p2a: Toxapex\n|-singleturn|p2a: Toxapex|move: Protect\n|move|p1a: Bonk|Ivy Cudgel|p2a: Toxapex\n|-activate|p2a: Toxapex|move: Protect\n|\n|-damage|p1a: Bonk|0 fnt|[from] psn\n|faint|p1a: Bonk\n|upkeep\n|\n|t:|1699803079\n|switch|p1a: Buck Bumble|Ribombee, M|100\/100\n|turn|22\n|\n|t:|1699803083\n|move|p1a: Buck Bumble|Psychic|p2a: Toxapex\n|-supereffective|p2a: Toxapex\n|-damage|p2a: Toxapex|57\/100\n|move|p2a: Toxapex|Toxic|p1a: Buck Bumble\n|-status|p1a: Buck Bumble|tox\n|\n|-heal|p2a: Toxapex|63\/100|[from] item: Black Sludge\n|-damage|p1a: Buck Bumble|94\/100 tox|[from] psn\n|upkeep\n|turn|23\n|\n|t:|1699803088\n|switch|p2a: Corviknight|Corviknight, F|100\/100\n|move|p1a: Buck Bumble|Stun Spore|p2a: Corviknight\n|-status|p2a: Corviknight|par\n|\n|-damage|p1a: Buck Bumble|82\/100 tox|[from] psn\n|upkeep\n|turn|24\n|\n|t:|1699803093\n|move|p1a: Buck Bumble|Psychic|p2a: Corviknight\n|-resisted|p2a: Corviknight\n|-damage|p2a: Corviknight|89\/100 par\n|move|p2a: Corviknight|Defog|p1a: Buck Bumble\n|-unboost|p1a: Buck Bumble|evasion|1\n|-sideend|p2: kieranhearthflame|Sticky Web|[from] move: Defog|[of] p2a: Corviknight\n|\n|-heal|p2a: Corviknight|95\/100 par|[from] item: Leftovers\n|-damage|p1a: Buck Bumble|64\/100 tox|[from] psn\n|upkeep\n|turn|25\n|\n|t:|1699803101\n|move|p1a: Buck Bumble|Moonblast|p2a: Corviknight\n|-resisted|p2a: Corviknight\n|-damage|p2a: Corviknight|75\/100 par\n|-ability|p2a: Corviknight|Mirror Armor\n|-unboost|p1a: Buck Bumble|spa|1\n|move|p2a: Corviknight|U-turn|p1a: Buck Bumble\n|-resisted|p1a: Buck Bumble\n|-damage|p1a: Buck Bumble|50\/100 tox\n|\n|t:|1699803111\n|switch|p2a: Alomomola|Alomomola, F|100\/100|[from] U-turn\n|\n|-damage|p1a: Buck Bumble|25\/100 tox|[from] psn\n|upkeep\n|turn|26\n|\n|t:|1699803115\n|move|p1a: Buck Bumble|Stun Spore|p2a: Alomomola\n|-status|p2a: Alomomola|par\n|cant|p2a: Alomomola|par\n|\n|-damage|p1a: Buck Bumble|0 fnt|[from] psn\n|faint|p1a: Buck Bumble\n|upkeep\n|\n|t:|1699803119\n|switch|p1a: Moby male genital|Dondozo, M|72\/100 brn\n|turn|27\n|\n|t:|1699803125\n|switch|p2a: Corviknight|Corviknight, F|75\/100 par\n|move|p1a: Moby male genital|Body Press|p2a: Corviknight\n|-damage|p2a: Corviknight|68\/100 par\n|\n|-heal|p2a: Corviknight|74\/100 par|[from] item: Leftovers\n|-damage|p1a: Moby male genital|65\/100 brn|[from] brn\n|upkeep\n|turn|28\n|\n|t:|1699803134\n|move|p1a: Moby male genital|Body Press|p2a: Corviknight\n|-damage|p2a: Corviknight|68\/100 par\n|move|p2a: Corviknight|Body Press|p1a: Moby male genital\n|-damage|p1a: Moby male genital|51\/100 brn\n|\n|-heal|p2a: Corviknight|74\/100 par|[from] item: Leftovers\n|-damage|p1a: Moby male genital|45\/100 brn|[from] brn\n|upkeep\n|turn|29\n|\n|t:|1699803138\n|move|p1a: Moby male genital|Body Press|p2a: Corviknight\n|-damage|p2a: Corviknight|66\/100 par\n|move|p2a: Corviknight|Body Press|p1a: Moby male genital\n|-damage|p1a: Moby male genital|31\/100 brn\n|\n|-heal|p2a: Corviknight|72\/100 par|[from] item: Leftovers\n|-damage|p1a: Moby male genital|24\/100 brn|[from] brn\n|upkeep\n|turn|30\n|\n|t:|1699803145\n|move|p1a: Moby male genital|Body Press|p2a: Corviknight\n|-damage|p2a: Corviknight|65\/100 par\n|move|p2a: Corviknight|Body Press|p1a: Moby male genital\n|-damage|p1a: Moby male genital|10\/100 brn\n|\n|-heal|p2a: Corviknight|72\/100 par|[from] item: Leftovers\n|-damage|p1a: Moby male genital|3\/100 brn|[from] brn\n|upkeep\n|turn|31\n|\n|t:|1699803150\n|move|p1a: Moby male genital|Body Press|p2a: Corviknight\n|-damage|p2a: Corviknight|65\/100 par\n|move|p2a: Corviknight|Roost|p2a: Corviknight\n|-heal|p2a: Corviknight|100\/100 par\n|-singleturn|p2a: Corviknight|move: Roost\n|\n|-damage|p1a: Moby male genital|0 fnt|[from] brn\n|faint|p1a: Moby male genital\n|upkeep\n|\n|t:|1699803154\n|switch|p1a: Great T-*roh mimi*|Great Tusk|100\/100\n|-enditem|p1a: Great T-*roh mimi*|Booster Energy\n|-activate|p1a: Great T-*roh mimi*|ability: Protosynthesis|[fromitem]\n|-start|p1a: Great T-*roh mimi*|protosynthesisspe\n|turn|32\n|\n|t:|1699803159\n|move|p1a: Great T-*roh mimi*|Bulk Up|p1a: Great T-*roh mimi*\n|-boost|p1a: Great T-*roh mimi*|atk|1\n|-boost|p1a: Great T-*roh mimi*|def|1\n|move|p2a: Corviknight|U-turn|p1a: Great T-*roh mimi*\n|-resisted|p1a: Great T-*roh mimi*\n|-crit|p1a: Great T-*roh mimi*\n|-damage|p1a: Great T-*roh mimi*|94\/100\n|\n|t:|1699803164\n|switch|p2a: Toxapex|Toxapex, F|97\/100|[from] U-turn\n|\n|-heal|p2a: Toxapex|100\/100|[from] item: Black Sludge\n|upkeep\n|turn|33\n|\n|t:|1699803167\n|move|p1a: Great T-*roh mimi*|Headlong Rush|p2a: Toxapex\n|-supereffective|p2a: Toxapex\n|-damage|p2a: Toxapex|9\/100\n|-unboost|p1a: Great T-*roh mimi*|def|1\n|-unboost|p1a: Great T-*roh mimi*|spd|1\n|move|p2a: Toxapex|Toxic|p1a: Great T-*roh mimi*\n|-status|p1a: Great T-*roh mimi*|tox\n|\n|-heal|p2a: Toxapex|15\/100|[from] item: Black Sludge\n|-damage|p1a: Great T-*roh mimi*|88\/100 tox|[from] psn\n|upkeep\n|turn|34\n|\n|t:|1699803171\n|switch|p2a: Corviknight|Corviknight, F|100\/100 par\n|move|p1a: Great T-*roh mimi*|Ice Spinner|p2a: Corviknight\n|-damage|p2a: Corviknight|80\/100 par\n|\n|-heal|p2a: Corviknight|87\/100 par|[from] item: Leftovers\n|-damage|p1a: Great T-*roh mimi*|76\/100 tox|[from] psn\n|upkeep\n|turn|35\n|\n|t:|1699803179\n|move|p1a: Great T-*roh mimi*|Ice Spinner|p2a: Corviknight\n|-damage|p2a: Corviknight|64\/100 par\n|move|p2a: Corviknight|Roost|p2a: Corviknight\n|-heal|p2a: Corviknight|100\/100 par\n|-singleturn|p2a: Corviknight|move: Roost\n|\n|-damage|p1a: Great T-*roh mimi*|57\/100 tox|[from] psn\n|upkeep\n|turn|36\n|\n|t:|1699803184\n|move|p1a: Great T-*roh mimi*|Close Combat|p2a: Corviknight\n|-damage|p2a: Corviknight|52\/100 par\n|-unboost|p1a: Great T-*roh mimi*|def|1\n|-unboost|p1a: Great T-*roh mimi*|spd|1\n|move|p2a: Corviknight|U-turn|p1a: Great T-*roh mimi*\n|-resisted|p1a: Great T-*roh mimi*\n|-damage|p1a: Great T-*roh mimi*|51\/100 tox\n|\n|t:|1699803189\n|switch|p2a: Toxapex|Toxapex, F|49\/100|[from] U-turn\n|\n|-heal|p2a: Toxapex|55\/100|[from] item: Black Sludge\n|-damage|p1a: Great T-*roh mimi*|26\/100 tox|[from] psn\n|upkeep\n|turn|37\n|\n|t:|1699803191\n|move|p2a: Toxapex|Baneful Bunker|p2a: Toxapex\n|-singleturn|p2a: Toxapex|move: Protect\n|move|p1a: Great T-*roh mimi*|Headlong Rush|p2a: Toxapex\n|-activate|p2a: Toxapex|move: Protect\n|\n|-heal|p2a: Toxapex|61\/100|[from] item: Black Sludge\n|-damage|p1a: Great T-*roh mimi*|0 fnt|[from] psn\n|faint|p1a: Great T-*roh mimi*\n|-end|p1a: Great T-*roh mimi*|Protosynthesis|[silent]\n|upkeep\n|\n|t:|1699803193\n|switch|p1a: 24kKarat gholdengo|Gholdengo|94\/100\n|turn|38\n|\n|t:|1699803203\n|move|p1a: 24kKarat gholdengo|Nasty Plot|p1a: 24kKarat gholdengo\n|-boost|p1a: 24kKarat gholdengo|spa|2\n|move|p2a: Toxapex|Recover|p2a: Toxapex\n|-heal|p2a: Toxapex|100\/100\n|\n|upkeep\n|turn|39\n|\n|t:|1699803209\n|switch|p2a: Heatran|Heatran, F|33\/100\n|move|p1a: 24kKarat gholdengo|Nasty Plot|p1a: 24kKarat gholdengo\n|-boost|p1a: 24kKarat gholdengo|spa|2\n|\n|upkeep\n|turn|40\n|\n|t:|1699803214\n|move|p1a: 24kKarat gholdengo|Shadow Ball|p2a: Heatran\n|-damage|p2a: Heatran|0 fnt\n|faint|p2a: Heatran\n|\n|upkeep\n|\n|t:|1699803217\n|switch|p2a: Alomomola|Alomomola, F|100\/100 par\n|turn|41\n|\n|t:|1699803220\n|move|p1a: 24kKarat gholdengo|Shadow Ball|p2a: Alomomola\n|-damage|p2a: Alomomola|0 fnt\n|faint|p2a: Alomomola\n|\n|upkeep\n|\n|t:|1699803223\n|switch|p2a: Corviknight|Corviknight, F|52\/100 par\n|turn|42\n|\n|t:|1699803225\n|move|p1a: 24kKarat gholdengo|Shadow Ball|p2a: Corviknight\n|-damage|p2a: Corviknight|0 fnt\n|faint|p2a: Corviknight\n|\n|upkeep\n|\n|t:|1699803227\n|switch|p2a: Toxapex|Toxapex, F|100\/100\n|turn|43\n|\n|t:|1699803230\n|move|p1a: 24kKarat gholdengo|Recover|p1a: 24kKarat gholdengo\n|-heal|p1a: 24kKarat gholdengo|100\/100\n|move|p2a: Toxapex|Chilling Water|p1a: 24kKarat gholdengo\n|-damage|p1a: 24kKarat gholdengo|87\/100\n|-unboost|p1a: 24kKarat gholdengo|atk|1\n|\n|upkeep\n|turn|44\n|\n|t:|1699803233\n|move|p1a: 24kKarat gholdengo|Shadow Ball|p2a: Toxapex\n|-damage|p2a: Toxapex|0 fnt\n|faint|p2a: Toxapex\n|\n|win|RosasSillyBillies\n|raw|RosasSillyBillies's rating: 1133 &rarr; <strong>1149<\/strong><br \/>(+16 for winning)\n|raw|kieranhearthflame's rating: 1000 &rarr; <strong>1000<\/strong><br \/>(+0 for losing)\n|c|\u2606RosasSillyBillies|Gg wp\n|c|\u2606kieranhearthflame|GG\n|l|\u2606kieranhearthflame\n","uploadtime":1699803248,"views":28,"p1id":"rosassillybillies","p2id":"kieranhearthflame","formatid":"gen9ou","rating":1000,"private":0,"password":""}