{"id":"gen9ou-1988615121","p1":"gcy9","p2":"Tokisaki Dalet","format":"[Gen 9] OU","log":"|j|\u2606gcy9\n|j|\u2606Tokisaki Dalet\n|t:|1699742214\n|gametype|singles\n|player|p1|gcy9|265|1382\n|player|p2|Tokisaki Dalet|cynthia|1437\n|teamsize|p1|6\n|teamsize|p2|6\n|gen|9\n|tier|[Gen 9] OU\n|rated|\n|rule|Sleep Clause Mod: Limit one foe put to sleep\n|rule|Species Clause: Limit one of each Pok\u00e9mon\n|rule|OHKO Clause: OHKO moves are banned\n|rule|Evasion Items Clause: Evasion items are banned\n|rule|Evasion Moves Clause: Evasion moves are banned\n|rule|Endless Battle Clause: Forcing endless battles is banned\n|rule|HP Percentage Mod: HP is shown in percentages\n|clearpoke\n|poke|p1|Mandibuzz, F|\n|poke|p1|Jirachi|\n|poke|p1|Garchomp, M|\n|poke|p1|Slowking-Galar, F|\n|poke|p1|Ogerpon, F|\n|poke|p1|Tauros-Paldea-Aqua, M|\n|poke|p2|Great Tusk|\n|poke|p2|Heatran, F|\n|poke|p2|Zamazenta-*|\n|poke|p2|Kingambit, F|\n|poke|p2|Iron Valiant|\n|poke|p2|Clefable, M|\n|teampreview\n|inactive|Battle timer is ON: inactive players will automatically lose when time's up. (requested by Tokisaki Dalet)\n|\n|t:|1699742232\n|start\n|switch|p1a: Tauros|Tauros-Paldea-Aqua, M|100\/100\n|switch|p2a: Heatran|Heatran, F|100\/100\n|-ability|p1a: Tauros|Intimidate|boost\n|-unboost|p2a: Heatran|atk|1\n|turn|1\n|\n|t:|1699742243\n|switch|p2a: Clefable|Clefable, M|100\/100\n|move|p1a: Tauros|Raging Bull|p2a: Clefable\n|-damage|p2a: Clefable|77\/100\n|\n|upkeep\n|turn|2\n|\n|t:|1699742256\n|switch|p1a: Happy|Jirachi|100\/100\n|move|p2a: Clefable|Thunder|p1a: Happy\n|-damage|p1a: Happy|70\/100\n|\n|-heal|p1a: Happy|76\/100|[from] item: Leftovers\n|upkeep\n|turn|3\n|\n|t:|1699742265\n|switch|p2a: Great Tusk|Great Tusk|100\/100\n|move|p1a: Happy|Doom Desire|p2a: Great Tusk\n|-start|p1a: Happy|Doom Desire\n|\n|-heal|p1a: Happy|82\/100|[from] item: Leftovers\n|upkeep\n|turn|4\n|\n|t:|1699742280\n|switch|p1a: Mandibuzz|Mandibuzz, F|100\/100\n|move|p2a: Great Tusk|Knock Off|p1a: Mandibuzz\n|-resisted|p1a: Mandibuzz\n|-damage|p1a: Mandibuzz|93\/100\n|-enditem|p1a: Mandibuzz|Heavy-Duty Boots|[from] move: Knock Off|[of] p2a: Great Tusk\n|\n|upkeep\n|turn|5\n|\n|t:|1699742301\n|-end|p2a: Great Tusk|Protosynthesis|[silent]\n|switch|p2a: Heatran|Heatran, F|100\/100\n|move|p1a: Mandibuzz|Whirlwind|p2a: Heatran\n|drag|p2a: Iron Valiant|Iron Valiant|100\/100\n|-enditem|p2a: Iron Valiant|Booster Energy\n|-activate|p2a: Iron Valiant|ability: Quark Drive|[fromitem]\n|-start|p2a: Iron Valiant|quarkdrivespe\n|\n|-end|p2a: Iron Valiant|move: Doom Desire\n|-supereffective|p2a: Iron Valiant\n|-damage|p2a: Iron Valiant|0 fnt\n|faint|p2a: Iron Valiant\n|-end|p2a: Iron Valiant|Quark Drive|[silent]\n|upkeep\n|\n|t:|1699742313\n|switch|p2a: Clefable|Clefable, M|77\/100\n|turn|6\n|inactive|gcy9 has 120 seconds left.\n|inactive|gcy9 has 90 seconds left.\n|\n|t:|1699742378\n|switch|p1a: Slowking|Slowking-Galar, F|100\/100\n|move|p2a: Clefable|Thunder|p1a: Slowking\n|-damage|p1a: Slowking|78\/100\n|\n|-heal|p1a: Slowking|84\/100|[from] item: Black Sludge\n|upkeep\n|turn|7\n|inactive|gcy9 has 90 seconds left.\n|\n|t:|1699742391\n|switch|p2a: Heatran|Heatran, F|100\/100\n|move|p1a: Slowking|Future Sight|p2a: Heatran\n|-start|p1a: Slowking|move: Future Sight\n|\n|-heal|p1a: Slowking|90\/100|[from] item: Black Sludge\n|upkeep\n|turn|8\n|inactive|gcy9 has 90 seconds left.\n|\n|t:|1699742402\n|move|p2a: Heatran|Magma Storm|p1a: Slowking\n|-damage|p1a: Slowking|58\/100\n|-activate|p1a: Slowking|move: Magma Storm|[of] p2a: Heatran\n|move|p1a: Slowking|Chilly Reception|p1a: Slowking\n|-weather|Snow\n|\n|t:|1699742412\n|switch|p1a: Garchomp|Garchomp, M|100\/100|[from] Chilly Reception\n|\n|-weather|Snow|[upkeep]\n|upkeep\n|turn|9\n|inactive|gcy9 has 90 seconds left.\n|\n|t:|1699742419\n|move|p2a: Heatran|Protect|p2a: Heatran\n|-singleturn|p2a: Heatran|Protect\n|move|p1a: Garchomp|Earthquake|p2a: Heatran\n|-activate|p2a: Heatran|move: Protect\n|\n|-weather|Snow|[upkeep]\n|-end|p2a: Heatran|move: Future Sight\n|-resisted|p2a: Heatran\n|-damage|p2a: Heatran|88\/100\n|-heal|p2a: Heatran|94\/100|[from] item: Leftovers\n|upkeep\n|turn|10\n|inactive|gcy9 has 90 seconds left.\n|\n|t:|1699742436\n|switch|p2a: Great Tusk|Great Tusk|100\/100\n|move|p1a: Garchomp|Earthquake|p2a: Great Tusk\n|-damage|p2a: Great Tusk|81\/100\n|\n|-weather|Snow|[upkeep]\n|-heal|p2a: Great Tusk|87\/100|[from] item: Leftovers\n|upkeep\n|turn|11\n|inactive|gcy9 has 90 seconds left.\n|\n|t:|1699742456\n|switch|p1a: Tauros|Tauros-Paldea-Aqua, M|100\/100\n|-ability|p1a: Tauros|Intimidate|boost\n|-unboost|p2a: Great Tusk|atk|1\n|move|p2a: Great Tusk|Stealth Rock|p1a: Tauros\n|-sidestart|p1: gcy9|move: Stealth Rock\n|\n|-weather|Snow|[upkeep]\n|-heal|p2a: Great Tusk|94\/100|[from] item: Leftovers\n|upkeep\n|turn|12\n|inactive|gcy9 has 60 seconds left.\n|\n|t:|1699742507\n|switch|p1a: Happy|Jirachi|82\/100\n|-damage|p1a: Happy|76\/100|[from] Stealth Rock\n|-end|p2a: Great Tusk|Protosynthesis|[silent]\n|switch|p2a: Clefable|Clefable, M|77\/100\n|\n|-weather|none\n|-heal|p1a: Happy|82\/100|[from] item: Leftovers\n|upkeep\n|turn|13\n|\n|t:|1699742512\n|switch|p2a: Heatran|Heatran, F|94\/100\n|move|p1a: Happy|Doom Desire|p2a: Heatran\n|-start|p1a: Happy|Doom Desire\n|\n|-heal|p1a: Happy|88\/100|[from] item: Leftovers\n|-heal|p2a: Heatran|99\/100|[from] item: Leftovers\n|upkeep\n|turn|14\n|\n|t:|1699742534\n|switch|p1a: Slowking|Slowking-Galar, F|92\/100\n|-damage|p1a: Slowking|79\/100|[from] Stealth Rock\n|move|p2a: Heatran|Magma Storm|p1a: Slowking\n|-damage|p1a: Slowking|44\/100\n|-activate|p1a: Slowking|move: Magma Storm|[of] p2a: Heatran\n|\n|-heal|p2a: Heatran|100\/100|[from] item: Leftovers\n|-heal|p1a: Slowking|50\/100|[from] item: Black Sludge\n|-damage|p1a: Slowking|38\/100|[from] move: Magma Storm|[partiallytrapped]\n|upkeep\n|turn|15\n|\n|t:|1699742545\n|move|p2a: Heatran|Earth Power|p1a: Slowking\n|-supereffective|p1a: Slowking\n|-damage|p1a: Slowking|0 fnt\n|faint|p1a: Slowking\n|\n|-end|p2a: Heatran|move: Doom Desire\n|-resisted|p2a: Heatran\n|-damage|p2a: Heatran|92\/100\n|-heal|p2a: Heatran|98\/100|[from] item: Leftovers\n|upkeep\n|inactive|gcy9 has 30 seconds left.\n|inactive|gcy9 has 20 seconds left.\n|inactive|gcy9 has 15 seconds left.\n|inactive|gcy9 has 10 seconds left.\n|inactive|gcy9 has 5 seconds left.\n|-message|gcy9 lost due to inactivity.\n|\n|win|Tokisaki Dalet\n|raw|gcy9's rating: 1382 &rarr; <strong>1365<\/strong><br \/>(-17 for losing)\n|raw|Tokisaki Dalet's rating: 1437 &rarr; <strong>1454<\/strong><br \/>(+17 for winning)\n|l|\u2606Tokisaki Dalet\n","uploadtime":1699742647,"views":12,"p1id":"gcy9","p2id":"tokisakidalet","formatid":"gen9ou","rating":1365,"private":0,"password":""}