{"id":"gen9ou-1991557455","p1":"DivineGabriel","p2":"Aggron","format":"[Gen 9] OU","log":"|j|\u2606DivineGabriel\n|j|\u2606Aggron\n|t:|1700088141\n|gametype|singles\n|player|p1|DivineGabriel|rye|1931\n|player|p2|Aggron|pokefan-gen4|1877\n|teamsize|p1|6\n|teamsize|p2|6\n|gen|9\n|tier|[Gen 9] OU\n|rated|\n|rule|Sleep Clause Mod: Limit one foe put to sleep\n|rule|Species Clause: Limit one of each Pok\u00e9mon\n|rule|OHKO Clause: OHKO moves are banned\n|rule|Evasion Items Clause: Evasion items are banned\n|rule|Evasion Moves Clause: Evasion moves are banned\n|rule|Endless Battle Clause: Forcing endless battles is banned\n|rule|HP Percentage Mod: HP is shown in percentages\n|clearpoke\n|poke|p1|Typhlosion-Hisui, M|\n|poke|p1|Ting-Lu|\n|poke|p1|Torkoal, F|\n|poke|p1|Walking Wake|\n|poke|p1|Hatterene, F|\n|poke|p1|Meowscarada, M|\n|poke|p2|Sinistcha-Masterpiece|\n|poke|p2|Heatran, M|\n|poke|p2|Rillaboom, F|\n|poke|p2|Sneasler, F|\n|poke|p2|Samurott-Hisui, F|\n|poke|p2|Tyranitar, F|\n|teampreview\n|inactive|Battle timer is ON: inactive players will automatically lose when time's up. (requested by Aggron)\n|\n|t:|1700088150\n|start\n|switch|p1a: Meowscarada|Meowscarada, M|100\/100\n|switch|p2a: Sneasler|Sneasler, F, shiny|100\/100\n|turn|1\n|j| MiniLarry\n|\n|t:|1700088169\n|move|p1a: Meowscarada|U-turn|p2a: Sneasler\n|-start|p1a: Meowscarada|typechange|Bug|[from] ability: Protean\n|-resisted|p2a: Sneasler\n|-damage|p2a: Sneasler|87\/100\n|\n|t:|1700088175\n|switch|p1a: Typhlosion|Typhlosion-Hisui, M|100\/100|[from] U-turn\n|move|p2a: Sneasler|U-turn|p1a: Typhlosion\n|-resisted|p1a: Typhlosion\n|-crit|p1a: Typhlosion\n|-damage|p1a: Typhlosion|87\/100\n|\n|t:|1700088191\n|switch|p2a: Samurott|Samurott-Hisui, F|100\/100|[from] U-turn\n|\n|upkeep\n|turn|2\n|\n|t:|1700088198\n|switch|p1a: Meowscarada|Meowscarada, M|100\/100\n|move|p2a: Samurott|Sucker Punch||[still]\n|-fail|p2a: Samurott\n|\n|upkeep\n|turn|3\n|\n|t:|1700088203\n|switch|p2a: Heatran|Heatran, M|100\/100\n|-item|p2a: Heatran|Air Balloon\n|move|p1a: Meowscarada|U-turn|p2a: Heatran\n|-start|p1a: Meowscarada|typechange|Bug|[from] ability: Protean\n|-resisted|p2a: Heatran\n|-damage|p2a: Heatran|92\/100\n|-enditem|p2a: Heatran|Air Balloon\n|\n|t:|1700088208\n|switch|p1a: Ting-Lu|Ting-Lu|100\/100|[from] U-turn\n|-ability|p1a: Ting-Lu|Vessel of Ruin\n|\n|upkeep\n|turn|4\n|\n|t:|1700088215\n|move|p2a: Heatran|Stealth Rock|p1a: Ting-Lu\n|-sidestart|p1: DivineGabriel|move: Stealth Rock\n|move|p1a: Ting-Lu|Spikes|p2a: Heatran\n|-sidestart|p2: Aggron|Spikes\n|\n|upkeep\n|turn|5\n|l| MiniLarry\n|\n|t:|1700088220\n|switch|p2a: Rillaboom|Rillaboom, F, shiny|100\/100\n|-damage|p2a: Rillaboom|88\/100|[from] Spikes\n|-fieldstart|move: Grassy Terrain|[from] ability: Grassy Surge|[of] p2a: Rillaboom\n|move|p1a: Ting-Lu|Spikes|p2a: Rillaboom\n|-sidestart|p2: Aggron|Spikes\n|\n|-heal|p2a: Rillaboom|94\/100|[from] Grassy Terrain\n|upkeep\n|turn|6\n|\n|t:|1700088229\n|switch|p1a: Hatterene|Hatterene, F|100\/100\n|-damage|p1a: Hatterene|88\/100|[from] Stealth Rock\n|-terastallize|p2a: Rillaboom|Grass\n|move|p2a: Rillaboom|Wood Hammer|p1a: Hatterene\n|-damage|p1a: Hatterene|0 fnt\n|faint|p1a: Hatterene\n|-damage|p2a: Rillaboom|67\/100|[from] Recoil\n|\n|-heal|p2a: Rillaboom|74\/100|[from] Grassy Terrain\n|upkeep\n|\n|t:|1700088242\n|switch|p1a: Walking Wake|Walking Wake|100\/100\n|-damage|p1a: Walking Wake|88\/100|[from] Stealth Rock\n|turn|7\n|\n|t:|1700088263\n|switch|p2a: Sinistcha|Sinistcha-Masterpiece|100\/100\n|move|p1a: Walking Wake|Draco Meteor|p2a: Sinistcha\n|-damage|p2a: Sinistcha|0 fnt\n|-unboost|p1a: Walking Wake|spa|2\n|faint|p2a: Sinistcha\n|\n|-heal|p1a: Walking Wake|94\/100|[from] Grassy Terrain\n|upkeep\n|\n|t:|1700088271\n|switch|p2a: Samurott|Samurott-Hisui, F|100\/100\n|turn|8\n|\n|t:|1700088282\n|-end|p1a: Walking Wake|Protosynthesis|[silent]\n|switch|p1a: Typhlosion|Typhlosion-Hisui, M|87\/100\n|-damage|p1a: Typhlosion|62\/100|[from] Stealth Rock\n|move|p2a: Samurott|Ceaseless Edge|p1a: Typhlosion\n|-supereffective|p1a: Typhlosion\n|-damage|p1a: Typhlosion|0 fnt\n|-sidestart|p1: DivineGabriel|Spikes\n|faint|p1a: Typhlosion\n|\n|upkeep\n|\n|t:|1700088284\n|switch|p1a: Meowscarada|Meowscarada, M|100\/100\n|-damage|p1a: Meowscarada|88\/100|[from] Stealth Rock\n|-damage|p1a: Meowscarada|76\/100|[from] Spikes\n|turn|9\n|\n|t:|1700088289\n|switch|p2a: Heatran|Heatran, M|92\/100\n|-damage|p2a: Heatran|76\/100|[from] Spikes\n|move|p1a: Meowscarada|U-turn|p2a: Heatran\n|-start|p1a: Meowscarada|typechange|Bug|[from] ability: Protean\n|-resisted|p2a: Heatran\n|-damage|p2a: Heatran|67\/100\n|-status|p1a: Meowscarada|brn|[from] ability: Flame Body|[of] p2a: Heatran\n|\n|t:|1700088296\n|switch|p1a: Walking Wake|Walking Wake|94\/100|[from] U-turn\n|-damage|p1a: Walking Wake|82\/100|[from] Stealth Rock\n|-damage|p1a: Walking Wake|70\/100|[from] Spikes\n|\n|-heal|p1a: Walking Wake|76\/100|[from] Grassy Terrain\n|-heal|p2a: Heatran|74\/100|[from] Grassy Terrain\n|-fieldend|move: Grassy Terrain\n|upkeep\n|turn|10\n|\n|t:|1700088302\n|move|p1a: Walking Wake|Hydro Steam|p2a: Heatran\n|-supereffective|p2a: Heatran\n|-damage|p2a: Heatran|0 fnt\n|faint|p2a: Heatran\n|\n|upkeep\n|\n|t:|1700088308\n|switch|p2a: Sneasler|Sneasler, F, shiny|87\/100\n|-damage|p2a: Sneasler|70\/100|[from] Spikes\n|turn|11\n|\n|t:|1700088313\n|move|p2a: Sneasler|Fake Out|p1a: Walking Wake\n|-damage|p1a: Walking Wake|59\/100\n|cant|p1a: Walking Wake|flinch\n|\n|upkeep\n|turn|12\n|\n|t:|1700088322\n|move|p2a: Sneasler|Close Combat|p1a: Walking Wake\n|-damage|p1a: Walking Wake|0 fnt\n|-unboost|p2a: Sneasler|def|1\n|-unboost|p2a: Sneasler|spd|1\n|faint|p1a: Walking Wake\n|-end|p1a: Walking Wake|Protosynthesis|[silent]\n|\n|upkeep\n|\n|t:|1700088334\n|switch|p1a: Ting-Lu|Ting-Lu|100\/100\n|-damage|p1a: Ting-Lu|94\/100|[from] Stealth Rock\n|-damage|p1a: Ting-Lu|82\/100|[from] Spikes\n|-ability|p1a: Ting-Lu|Vessel of Ruin\n|turn|13\n|\n|t:|1700088342\n|-terastallize|p1a: Ting-Lu|Water\n|move|p2a: Sneasler|U-turn|p1a: Ting-Lu\n|-damage|p1a: Ting-Lu|68\/100\n|l|\u2606Aggron\n|inactive|Aggron disconnected and has a minute to reconnect!\n|player|p2|\n|inactive|Aggron has 30 seconds to reconnect!\n|inactive|Aggron has 20 seconds to reconnect!\n|inactive|Aggron has 15 seconds to reconnect!\n|inactive|Aggron has 10 seconds to reconnect!\n|inactive|Aggron has 5 seconds to reconnect!\n|j|\u2606Aggron\n|inactive|Aggron reconnected and has 90 seconds left.\n|player|p2|Aggron|pokefan-gen4\n|\n|t:|1700088410\n|switch|p2a: Rillaboom|Rillaboom, F, shiny, tera:Grass|74\/100|[from] U-turn\n|-damage|p2a: Rillaboom|57\/100|[from] Spikes\n|-fieldstart|move: Grassy Terrain|[from] ability: Grassy Surge|[of] p2a: Rillaboom\n|move|p1a: Ting-Lu|Earthquake|p2a: Rillaboom\n|-resisted|p2a: Rillaboom\n|-damage|p2a: Rillaboom|47\/100\n|\n|-heal|p2a: Rillaboom|53\/100|[from] Grassy Terrain\n|-heal|p1a: Ting-Lu|75\/100|[from] Grassy Terrain\n|-heal|p1a: Ting-Lu|81\/100|[from] item: Leftovers\n|upkeep\n|turn|14\n|\n|t:|1700088417\n|switch|p1a: Torkoal|Torkoal, F|100\/100\n|-damage|p1a: Torkoal|76\/100|[from] Stealth Rock\n|-damage|p1a: Torkoal|63\/100|[from] Spikes\n|-weather|SunnyDay|[from] ability: Drought|[of] p1a: Torkoal\n|move|p2a: Rillaboom|Wood Hammer|p1a: Torkoal\n|-resisted|p1a: Torkoal\n|-damage|p1a: Torkoal|17\/100\n|-damage|p2a: Rillaboom|37\/100|[from] Recoil\n|\n|-weather|SunnyDay|[upkeep]\n|-heal|p2a: Rillaboom|44\/100|[from] Grassy Terrain\n|-heal|p1a: Torkoal|24\/100|[from] Grassy Terrain\n|upkeep\n|turn|15\n|\n|t:|1700088431\n|switch|p2a: Tyranitar|Tyranitar, F|100\/100\n|-weather|Sandstorm|[from] ability: Sand Stream|[of] p2a: Tyranitar\n|move|p1a: Torkoal|Stealth Rock|p2a: Tyranitar\n|-sidestart|p2: Aggron|move: Stealth Rock\n|\n|-weather|Sandstorm|[upkeep]\n|-damage|p1a: Torkoal|17\/100|[from] Sandstorm\n|-heal|p1a: Torkoal|24\/100|[from] Grassy Terrain\n|upkeep\n|turn|16\n|\n|t:|1700088442\n|move|p2a: Tyranitar|Rock Blast|p1a: Torkoal\n|-supereffective|p1a: Torkoal\n|-crit|p1a: Torkoal\n|-damage|p1a: Torkoal|2\/100\n|-supereffective|p1a: Torkoal\n|-damage|p1a: Torkoal|0 fnt\n|faint|p1a: Torkoal\n|-hitcount|p1: Torkoal|2\n|\n|-weather|Sandstorm|[upkeep]\n|upkeep\n|\n|t:|1700088452\n|switch|p1a: Meowscarada|Meowscarada, M|76\/100 brn\n|-damage|p1a: Meowscarada|64\/100 brn|[from] Stealth Rock\n|-damage|p1a: Meowscarada|51\/100 brn|[from] Spikes\n|turn|17\n|\n|t:|1700088459\n|move|p1a: Meowscarada|Flower Trick|p2a: Tyranitar\n|-start|p1a: Meowscarada|typechange|Grass|[from] ability: Protean\n|-supereffective|p2a: Tyranitar\n|-crit|p2a: Tyranitar\n|-damage|p2a: Tyranitar|55\/100\n|move|p2a: Tyranitar|Ice Beam|p1a: Meowscarada\n|-supereffective|p1a: Meowscarada\n|-damage|p1a: Meowscarada|0 fnt\n|faint|p1a: Meowscarada\n|\n|-weather|Sandstorm|[upkeep]\n|-heal|p2a: Tyranitar|61\/100|[from] Grassy Terrain\n|-fieldend|move: Grassy Terrain\n|upkeep\n|\n|t:|1700088467\n|switch|p1a: Ting-Lu|Ting-Lu, tera:Water|81\/100\n|-damage|p1a: Ting-Lu|68\/100|[from] Stealth Rock\n|-damage|p1a: Ting-Lu|56\/100|[from] Spikes\n|-ability|p1a: Ting-Lu|Vessel of Ruin\n|turn|18\n|\n|t:|1700088469\n|move|p2a: Tyranitar|Knock Off|p1a: Ting-Lu\n|-damage|p1a: Ting-Lu|26\/100\n|-enditem|p1a: Ting-Lu|Leftovers|[from] move: Knock Off|[of] p2a: Tyranitar\n|move|p1a: Ting-Lu|Earthquake|p2a: Tyranitar\n|-supereffective|p2a: Tyranitar\n|-damage|p2a: Tyranitar|2\/100\n|\n|-weather|Sandstorm|[upkeep]\n|-damage|p1a: Ting-Lu|20\/100|[from] Sandstorm\n|upkeep\n|turn|19\n|-message|DivineGabriel forfeited.\n|\n|win|Aggron\n|raw|DivineGabriel's rating: 1931 &rarr; <strong>1908<\/strong><br \/>(-23 for losing)\n|raw|Aggron's rating: 1877 &rarr; <strong>1900<\/strong><br \/>(+23 for winning)\n|l|\u2606DivineGabriel\n","uploadtime":1700088486,"views":16,"p1id":"divinegabriel","p2id":"aggron","formatid":"gen9ou","rating":1900,"private":0,"password":""}