{"id":"gen9ou-1992444096","p1":"PurifyingGhost","p2":"Poison Ivy Thorns","format":"[Gen 9] OU","log":"|j|\u2606PurifyingGhost\n|j|\u2606Poison Ivy Thorns\n|t:|1700188314\n|gametype|singles\n|player|p1|PurifyingGhost|raifort|1368\n|player|p2|Poison Ivy Thorns|acetrainersnow|1384\n|teamsize|p1|6\n|teamsize|p2|6\n|gen|9\n|tier|[Gen 9] OU\n|rated|\n|rule|Sleep Clause Mod: Limit one foe put to sleep\n|rule|Species Clause: Limit one of each Pok\u00e9mon\n|rule|OHKO Clause: OHKO moves are banned\n|rule|Evasion Items Clause: Evasion items are banned\n|rule|Evasion Moves Clause: Evasion moves are banned\n|rule|Endless Battle Clause: Forcing endless battles is banned\n|rule|HP Percentage Mod: HP is shown in percentages\n|clearpoke\n|poke|p1|Zoroark-Hisui, F|\n|poke|p1|Corviknight, M|\n|poke|p1|Lokix, F|\n|poke|p1|Ogerpon-Wellspring, F|\n|poke|p1|Sneasler, F|\n|poke|p1|Landorus-Therian, M|\n|poke|p2|Glimmora, F|\n|poke|p2|Ogerpon-Wellspring, F|\n|poke|p2|Zapdos|\n|poke|p2|Arcanine, F|\n|poke|p2|Gholdengo|\n|poke|p2|Great Tusk|\n|teampreview\n|\n|t:|1700188347\n|start\n|switch|p1a: Landorus|Landorus-Therian, M|100\/100\n|switch|p2a: Glimmora|Glimmora, F|100\/100\n|-ability|p1a: Landorus|Intimidate|boost\n|-unboost|p2a: Glimmora|atk|1\n|turn|1\n|\n|t:|1700188368\n|move|p2a: Glimmora|Mortal Spin|p1a: Landorus\n|-resisted|p1a: Landorus\n|-damage|p1a: Landorus|99\/100\n|-status|p1a: Landorus|psn\n|-damage|p2a: Glimmora|84\/100|[from] item: Rocky Helmet|[of] p1a: Landorus\n|move|p1a: Landorus|Stealth Rock|p2a: Glimmora\n|-sidestart|p2: Poison Ivy Thorns|move: Stealth Rock\n|\n|-damage|p1a: Landorus|87\/100 psn|[from] psn\n|upkeep\n|turn|2\n|\n|t:|1700188371\n|move|p2a: Glimmora|Mortal Spin|p1a: Landorus\n|-resisted|p1a: Landorus\n|-damage|p1a: Landorus|85\/100 psn\n|-damage|p2a: Glimmora|67\/100|[from] item: Rocky Helmet|[of] p1a: Landorus\n|-sideend|p2: Poison Ivy Thorns|Stealth Rock|[from] move: Mortal Spin|[of] p2a: Glimmora\n|move|p1a: Landorus|Earthquake|p2a: Glimmora\n|-supereffective|p2a: Glimmora\n|-damage|p2a: Glimmora|0 fnt\n|-activate|p2a: Glimmora|ability: Toxic Debris\n|-sidestart|p1: PurifyingGhost|move: Toxic Spikes\n|faint|p2a: Glimmora\n|\n|-damage|p1a: Landorus|73\/100 psn|[from] psn\n|upkeep\n|\n|t:|1700188376\n|switch|p2a: Ogerpon|Ogerpon-Wellspring, F|100\/100\n|turn|3\n|\n|t:|1700188381\n|move|p2a: Ogerpon|Ivy Cudgel|p1a: Landorus|[anim] Ivy Cudgel Water\n|-supereffective|p1a: Landorus\n|-damage|p1a: Landorus|0 fnt\n|faint|p1a: Landorus\n|\n|upkeep\n|\n|t:|1700188384\n|switch|p1a: Sneasler|Sneasler, F|100\/100\n|-sideend|p1: PurifyingGhost|move: Toxic Spikes|[of] p1a: Sneasler\n|turn|4\n|\n|t:|1700188413\n|switch|p2a: Gholdengo|Gholdengo|100\/100\n|move|p1a: Sneasler|U-turn|p2a: Gholdengo\n|-resisted|p2a: Gholdengo\n|-damage|p2a: Gholdengo|93\/100\n|\n|t:|1700188422\n|switch|p1a: Corviknight|Corviknight, M|100\/100|[from] U-turn\n|\n|upkeep\n|turn|5\n|\n|t:|1700188429\n|move|p2a: Gholdengo|Shadow Ball|p1a: Corviknight\n|-immune|p1a: Corviknight\n|move|p1a: Corviknight|Shadow Ball|p2a: Gholdengo\n|-supereffective|p2a: Gholdengo\n|-damage|p2a: Gholdengo|0 fnt\n|faint|p2a: Gholdengo\n|\n|upkeep\n|\n|t:|1700188437\n|switch|p2a: Zapdos|Zapdos|100\/100\n|turn|6\n|\n|t:|1700188455\n|-terastallize|p1a: Corviknight|Ghost\n|move|p1a: Corviknight|Shadow Ball|p2a: Zapdos\n|-damage|p2a: Zapdos|23\/100\n|move|p2a: Zapdos|Volt Switch|p1a: Corviknight\n|-damage|p1a: Corviknight|23\/100\n|replace|p1a: Zoroark|Zoroark-Hisui, F\n|-end|p1a: Zoroark|Illusion\n|\n|t:|1700188464\n|switch|p2a: Ogerpon|Ogerpon-Wellspring, F|100\/100|[from] Volt Switch\n|\n|upkeep\n|turn|7\n|\n|t:|1700188473\n|switch|p1a: Corviknight|Corviknight, M|100\/100\n|-ability|p1a: Corviknight|Pressure\n|move|p2a: Ogerpon|Knock Off|p1a: Corviknight\n|-damage|p1a: Corviknight|76\/100\n|-damage|p2a: Ogerpon|84\/100|[from] item: Rocky Helmet|[of] p1a: Corviknight\n|-enditem|p1a: Corviknight|Rocky Helmet|[from] move: Knock Off|[of] p2a: Ogerpon\n|\n|upkeep\n|turn|8\n|\n|t:|1700188483\n|switch|p2a: Zapdos|Zapdos|23\/100\n|move|p1a: Corviknight|Brave Bird|p2a: Zapdos\n|-resisted|p2a: Zapdos\n|-damage|p2a: Zapdos|5\/100\n|-status|p1a: Corviknight|par|[from] ability: Static|[of] p2a: Zapdos\n|-damage|p1a: Corviknight|71\/100 par|[from] Recoil\n|\n|upkeep\n|turn|9\n|\n|t:|1700188488\n|switch|p1a: Corviknight|Corviknight, M, tera:Ghost|23\/100\n|move|p2a: Zapdos|Roost|p2a: Zapdos\n|-heal|p2a: Zapdos|55\/100\n|-singleturn|p2a: Zapdos|move: Roost\n|\n|upkeep\n|turn|10\n|\n|t:|1700188493\n|move|p1a: Corviknight|Shadow Ball|p2a: Zapdos\n|-damage|p2a: Zapdos|0 fnt\n|faint|p2a: Zapdos\n|\n|upkeep\n|\n|t:|1700188495\n|switch|p2a: Ogerpon|Ogerpon-Wellspring, F|84\/100\n|turn|11\n|\n|t:|1700188497\n|move|p2a: Ogerpon|Ivy Cudgel|p1a: Corviknight|[anim] Ivy Cudgel Water\n|-damage|p1a: Corviknight|0 fnt\n|replace|p1a: Zoroark|Zoroark-Hisui, F\n|-end|p1a: Zoroark|Illusion\n|faint|p1a: Zoroark\n|\n|upkeep\n|\n|t:|1700188510\n|switch|p1a: Sneasler|Sneasler, F|100\/100\n|turn|12\n|\n|t:|1700188519\n|switch|p2a: Great Tusk|Great Tusk|100\/100\n|move|p1a: Sneasler|Dire Claw|p2a: Great Tusk\n|-resisted|p2a: Great Tusk\n|-damage|p2a: Great Tusk|85\/100\n|-status|p2a: Great Tusk|psn|[from] ability: Poison Touch|[of] p1a: Sneasler\n|\n|-damage|p2a: Great Tusk|73\/100 psn|[from] psn\n|upkeep\n|turn|13\n|\n|t:|1700188526\n|switch|p1a: Corviknight|Corviknight, M|71\/100 par\n|-ability|p1a: Corviknight|Pressure\n|-end|p2a: Great Tusk|Protosynthesis|[silent]\n|switch|p2a: Arcanine|Arcanine, F|100\/100\n|\n|upkeep\n|turn|14\n|\n|t:|1700188528\n|move|p2a: Arcanine|Flare Blitz|p1a: Corviknight\n|-supereffective|p1a: Corviknight\n|-damage|p1a: Corviknight|0 fnt\n|faint|p1a: Corviknight\n|-damage|p2a: Arcanine|72\/100|[from] Recoil\n|\n|upkeep\n|\n|t:|1700188532\n|switch|p1a: Ogerpon|Ogerpon-Wellspring, F|100\/100\n|turn|15\n|\n|t:|1700188541\n|switch|p2a: Ogerpon|Ogerpon-Wellspring, F|84\/100\n|move|p1a: Ogerpon|Ivy Cudgel|p2a: Ogerpon|[anim] Ivy Cudgel Water\n|-heal|p2a: Ogerpon|100\/100|[from] ability: Water Absorb|[of] p1a: Ogerpon\n|\n|upkeep\n|turn|16\n|\n|t:|1700188544\n|move|p2a: Ogerpon|Swords Dance|p2a: Ogerpon\n|-boost|p2a: Ogerpon|atk|2\n|move|p1a: Ogerpon|Power Whip|p2a: Ogerpon\n|-damage|p2a: Ogerpon|3\/100\n|\n|upkeep\n|turn|17\n|\n|t:|1700188556\n|move|p1a: Ogerpon|Power Whip|p2a: Ogerpon\n|-damage|p2a: Ogerpon|0 fnt\n|faint|p2a: Ogerpon\n|\n|upkeep\n|-message|Poison Ivy Thorns forfeited.\n|\n|win|PurifyingGhost\n|raw|PurifyingGhost's rating: 1368 &rarr; <strong>1389<\/strong><br \/>(+21 for winning)\n|raw|Poison Ivy Thorns's rating: 1384 &rarr; <strong>1363<\/strong><br \/>(-21 for losing)\n|l|\u2606Poison Ivy Thorns\n","uploadtime":1700188568,"views":7,"p1id":"purifyingghost","p2id":"poisonivythorns","formatid":"gen9ou","rating":1363,"private":0,"password":""}