{"id":"gen9ou-1991151083","p1":"Autumn0815","p2":"panties_dropper","format":"[Gen 9] OU","log":"|j|\u2606Autumn0815\n|j|\u2606panties_dropper\n|t:|1700050578\n|gametype|singles\n|player|p1|Autumn0815|lady|1104\n|player|p2|panties_dropper|youngcouple-gen4dp|1015\n|teamsize|p1|6\n|teamsize|p2|6\n|gen|9\n|tier|[Gen 9] OU\n|rated|\n|rule|Sleep Clause Mod: Limit one foe put to sleep\n|rule|Species Clause: Limit one of each Pok\u00e9mon\n|rule|OHKO Clause: OHKO moves are banned\n|rule|Evasion Items Clause: Evasion items are banned\n|rule|Evasion Moves Clause: Evasion moves are banned\n|rule|Endless Battle Clause: Forcing endless battles is banned\n|rule|HP Percentage Mod: HP is shown in percentages\n|clearpoke\n|poke|p1|Landorus-Therian, M|\n|poke|p1|Garchomp, F|\n|poke|p1|Garganacl, M|\n|poke|p1|Kommo-o, M|\n|poke|p1|Iron Moth|\n|poke|p1|Kingambit, M|\n|poke|p2|Iron Valiant|\n|poke|p2|Great Tusk|\n|poke|p2|Samurott-Hisui, M|\n|poke|p2|Thundurus-Therian, M|\n|poke|p2|Ninetales-Alola, M|\n|poke|p2|Glimmora, F|\n|teampreview\n|inactive|Battle timer is ON: inactive players will automatically lose when time's up. (requested by Autumn0815)\n|\n|t:|1700050589\n|start\n|switch|p1a: Landorus|Landorus-Therian, M, shiny|100\/100\n|switch|p2a: Glimmora|Glimmora, F|100\/100\n|-ability|p1a: Landorus|Intimidate|boost\n|-unboost|p2a: Glimmora|atk|1\n|turn|1\n|\n|t:|1700050611\n|switch|p2a: Thundurus|Thundurus-Therian, M|100\/100\n|move|p1a: Landorus|Sandsear Storm|p2a: Thundurus\n|-immune|p2a: Thundurus\n|\n|upkeep\n|turn|2\n|\n|t:|1700050623\n|move|p2a: Thundurus|Grass Knot|p1a: Landorus\n|-damage|p1a: Landorus|67\/100\n|move|p1a: Landorus|Stealth Rock|p2a: Thundurus\n|-sidestart|p2: panties_dropper|move: Stealth Rock\n|\n|upkeep\n|turn|3\n|\n|t:|1700050635\n|move|p2a: Thundurus|Psychic|p1a: Landorus\n|-damage|p1a: Landorus|33\/100\n|move|p1a: Landorus|U-turn|p2a: Thundurus\n|-resisted|p2a: Thundurus\n|-damage|p2a: Thundurus|85\/100\n|\n|t:|1700050644\n|switch|p1a: Garganacl|Garganacl, M, shiny|100\/100|[from] U-turn\n|\n|upkeep\n|turn|4\n|\n|t:|1700050649\n|move|p2a: Thundurus|Volt Switch|p1a: Garganacl\n|-damage|p1a: Garganacl|72\/100\n|\n|t:|1700050656\n|switch|p2a: Glimmora|Glimmora, F|100\/100|[from] Volt Switch\n|-damage|p2a: Glimmora|88\/100|[from] Stealth Rock\n|move|p1a: Garganacl|Salt Cure|p2a: Glimmora\n|-damage|p2a: Glimmora|75\/100\n|-start|p2a: Glimmora|Salt Cure\n|-activate|p2a: Glimmora|ability: Toxic Debris\n|-sidestart|p1: Autumn0815|move: Toxic Spikes\n|-enditem|p2a: Glimmora|Red Card|[of] p1a: Garganacl\n|drag|p1a: Garchomp|Garchomp, F, shiny|100\/100\n|-status|p1a: Garchomp|psn\n|\n|-damage|p1a: Garchomp|88\/100 psn|[from] psn\n|-damage|p2a: Glimmora|63\/100|[from] Salt Cure\n|upkeep\n|turn|5\n|inactive|panties_dropper has 120 seconds left.\n|\n|t:|1700050690\n|switch|p2a: Thundurus|Thundurus-Therian, M|85\/100\n|move|p1a: Garchomp|Swords Dance|p1a: Garchomp\n|-boost|p1a: Garchomp|atk|2\n|\n|-damage|p1a: Garchomp|76\/100 psn|[from] psn\n|upkeep\n|turn|6\n|inactive|panties_dropper has 120 seconds left.\n|\n|t:|1700050718\n|-terastallize|p2a: Thundurus|Steel\n|move|p1a: Garchomp|Scale Shot|p2a: Thundurus\n|-resisted|p2a: Thundurus\n|-damage|p2a: Thundurus|65\/100\n|-resisted|p2a: Thundurus\n|-damage|p2a: Thundurus|47\/100\n|-resisted|p2a: Thundurus\n|-damage|p2a: Thundurus|28\/100\n|-hitcount|p2a: Thundurus|3\n|-unboost|p1a: Garchomp|def|1\n|-boost|p1a: Garchomp|spe|1\n|move|p2a: Thundurus|Focus Blast|p1a: Garchomp\n|-damage|p1a: Garchomp|26\/100 psn\n|\n|-damage|p1a: Garchomp|14\/100 psn|[from] psn\n|upkeep\n|turn|7\n|inactive|panties_dropper has 90 seconds left.\n|\n|t:|1700050746\n|switch|p2a: Ninetales|Ninetales-Alola, M|100\/100\n|-damage|p2a: Ninetales|76\/100|[from] Stealth Rock\n|-weather|Snow|[from] ability: Snow Warning|[of] p2a: Ninetales\n|move|p1a: Garchomp|Fire Fang|p2a: Ninetales\n|-supereffective|p2a: Ninetales\n|-damage|p2a: Ninetales|0 fnt\n|faint|p2a: Ninetales\n|\n|-weather|Snow|[upkeep]\n|-damage|p1a: Garchomp|2\/100 psn|[from] psn\n|upkeep\n|inactive|panties_dropper has 90 seconds left.\n|\n|t:|1700050763\n|switch|p2a: Iron Valiant|Iron Valiant|100\/100\n|-damage|p2a: Iron Valiant|94\/100|[from] Stealth Rock\n|turn|8\n|c|\u2606Autumn0815|Figured you would swap, lol\n|\n|t:|1700050780\n|move|p1a: Garchomp|Earthquake|p2a: Iron Valiant\n|-damage|p2a: Iron Valiant|0 fnt\n|faint|p2a: Iron Valiant\n|-end|p2a: Iron Valiant|Quark Drive|[silent]\n|\n|-weather|Snow|[upkeep]\n|-damage|p1a: Garchomp|0 fnt|[from] psn\n|faint|p1a: Garchomp\n|upkeep\n|inactive|panties_dropper has 90 seconds left.\n|\n|t:|1700050809\n|switch|p2a: Great Tusk|Great Tusk|100\/100\n|switch|p1a: Iron Moth|Iron Moth, shiny|100\/100\n|-sideend|p1: Autumn0815|move: Toxic Spikes|[of] p1a: Iron Moth\n|-damage|p2a: Great Tusk|98\/100|[from] Stealth Rock\n|-enditem|p1a: Iron Moth|Booster Energy\n|-activate|p1a: Iron Moth|ability: Quark Drive|[fromitem]\n|-start|p1a: Iron Moth|quarkdrivespe\n|turn|9\n|\n|t:|1700050818\n|-end|p1a: Iron Moth|Quark Drive|[silent]\n|switch|p1a: Landorus|Landorus-Therian, M, shiny|33\/100\n|-ability|p1a: Landorus|Intimidate|boost\n|-unboost|p2a: Great Tusk|atk|1\n|move|p2a: Great Tusk|Headlong Rush|p1a: Landorus\n|-immune|p1a: Landorus\n|\n|-weather|Snow|[upkeep]\n|upkeep\n|turn|10\n|\n|t:|1700050829\n|-end|p2a: Great Tusk|Protosynthesis|[silent]\n|switch|p2a: Thundurus|Thundurus-Therian, M, tera:Steel|28\/100\n|move|p1a: Landorus|Sandsear Storm|p2a: Thundurus\n|-supereffective|p2a: Thundurus\n|-damage|p2a: Thundurus|0 fnt\n|faint|p2a: Thundurus\n|\n|-weather|Snow|[upkeep]\n|upkeep\n|\n|t:|1700050837\n|switch|p2a: Glimmora|Glimmora, F|63\/100\n|-damage|p2a: Glimmora|50\/100|[from] Stealth Rock\n|turn|11\n|\n|t:|1700050848\n|move|p2a: Glimmora|Memento|p1a: Landorus\n|-unboost|p1a: Landorus|atk|2\n|-unboost|p1a: Landorus|spa|2\n|faint|p2a: Glimmora\n|move|p1a: Landorus|Taunt|p2: Glimmora|[notarget]\n|-fail|p1a: Landorus\n|\n|-weather|none\n|upkeep\n|\n|t:|1700050864\n|switch|p2a: Great Tusk|Great Tusk|98\/100\n|-damage|p2a: Great Tusk|95\/100|[from] Stealth Rock\n|turn|12\n|\n|t:|1700050872\n|move|p2a: Great Tusk|Head Smash|p1a: Landorus\n|-damage|p1a: Landorus|0 fnt\n|faint|p1a: Landorus\n|-damage|p2a: Great Tusk|78\/100|[from] Recoil\n|\n|upkeep\n|\n|t:|1700050882\n|switch|p1a: Iron Moth|Iron Moth, shiny|100\/100\n|turn|13\n|\n|t:|1700050887\n|-terastallize|p1a: Iron Moth|Grass\n|move|p1a: Iron Moth|Energy Ball|p2a: Great Tusk\n|-supereffective|p2a: Great Tusk\n|-damage|p2a: Great Tusk|0 fnt\n|faint|p2a: Great Tusk\n|-end|p2a: Great Tusk|Protosynthesis|[silent]\n|\n|upkeep\n|l|\u2606panties_dropper\n|inactive|panties_dropper disconnected and has a minute to reconnect!\n|player|p2|\n|inactive|panties_dropper has 30 seconds to reconnect!\n|inactive|panties_dropper has 20 seconds to reconnect!\n|inactive|panties_dropper has 15 seconds to reconnect!\n|inactive|panties_dropper has 10 seconds to reconnect!\n|inactive|panties_dropper has 5 seconds to reconnect!\n|-message|panties_dropper lost due to inactivity.\n|\n|win|Autumn0815\n|inactive|panties_dropper has 25 seconds left this turn.\n|raw|Autumn0815's rating: 1104 &rarr; <strong>1123<\/strong><br \/>(+19 for winning)\n|raw|panties_dropper's rating: 1015 &rarr; <strong>1006<\/strong><br \/>(-9 for losing)\n","uploadtime":1700050973,"views":7,"p1id":"autumn0815","p2id":"pantiesdropper","formatid":"gen9ou","rating":1006,"private":0,"password":""}