{"id":"gen9ou-1988474785","p1":"SiderisVGC","p2":"Nikitas","format":"[Gen 9] OU","log":"|j|\u2606SiderisVGC\n|j|\u2606Nikitas\n|t:|1699726863\n|gametype|singles\n|player|p1|SiderisVGC|1|\n|player|p2|Nikitas|pokefanf-gen4|\n|teamsize|p1|6\n|teamsize|p2|6\n|gen|9\n|tier|[Gen 9] OU\n|rule|Sleep Clause Mod: Limit one foe put to sleep\n|rule|Species Clause: Limit one of each Pok\u00e9mon\n|rule|OHKO Clause: OHKO moves are banned\n|rule|Evasion Items Clause: Evasion items are banned\n|rule|Evasion Moves Clause: Evasion moves are banned\n|rule|Endless Battle Clause: Forcing endless battles is banned\n|rule|HP Percentage Mod: HP is shown in percentages\n|clearpoke\n|poke|p1|Ninetales-Alola, M|\n|poke|p1|Ogerpon-Wellspring, F|\n|poke|p1|Rillaboom, F|\n|poke|p1|Dragapult, M|\n|poke|p1|Sneasler, F|\n|poke|p1|Heatran, M|\n|poke|p2|Iron Valiant|\n|poke|p2|Walking Wake|\n|poke|p2|Zamazenta-*|\n|poke|p2|Cinderace, F|\n|poke|p2|Kingambit, M|\n|poke|p2|Gliscor, M|\n|teampreview\n|c|\u2606Nikitas|glhf\n|c|\u2606SiderisVGC|gl\n|inactive|Battle timer is ON: inactive players will automatically lose when time's up. (requested by Nikitas)\n|inactive|SiderisVGC has 270 seconds left.\n|j| Coach ataman\n|\n|t:|1699726952\n|start\n|switch|p1a: Ninetales|Ninetales-Alola, M, shiny|100\/100\n|switch|p2a: Cinderace|Cinderace, F|100\/100\n|-weather|Snow|[from] ability: Snow Warning|[of] p1a: Ninetales\n|turn|1\n|inactive|SiderisVGC has 270 seconds left.\n|\n|t:|1699726999\n|switch|p1a: Heatran|Heatran, M|100\/100\n|-item|p1a: Heatran|Air Balloon\n|move|p2a: Cinderace|U-turn|p1a: Heatran\n|-start|p2a: Cinderace|typechange|Bug|[from] ability: Libero\n|-resisted|p1a: Heatran\n|-damage|p1a: Heatran|94\/100\n|-enditem|p1a: Heatran|Air Balloon\n|\n|t:|1699727001\n|switch|p2a: Gliscor|Gliscor, M|100\/100|[from] U-turn\n|\n|-weather|Snow|[upkeep]\n|-status|p2a: Gliscor|tox|[from] item: Toxic Orb\n|upkeep\n|turn|2\n|\n|t:|1699727019\n|switch|p1a: Ninetales|Ninetales-Alola, M, shiny|100\/100\n|move|p2a: Gliscor|Toxic|p1a: Ninetales\n|-status|p1a: Ninetales|tox\n|\n|-weather|Snow|[upkeep]\n|-damage|p1a: Ninetales|94\/100 tox|[from] psn\n|upkeep\n|turn|3\n|\n|t:|1699727028\n|switch|p2a: Cinderace|Cinderace, F|100\/100\n|move|p1a: Ninetales|Aurora Veil|p1a: Ninetales\n|-sidestart|p1: SiderisVGC|move: Aurora Veil\n|\n|-weather|Snow|[upkeep]\n|-damage|p1a: Ninetales|82\/100 tox|[from] psn\n|upkeep\n|turn|4\n|inactive|SiderisVGC has 240 seconds left.\n|\n|t:|1699727087\n|move|p2a: Cinderace|Court Change|p2a: Cinderace\n|-start|p2a: Cinderace|typechange|Normal|[from] ability: Libero\n|-swapsideconditions\n|-activate|p2a: Cinderace|move: Court Change\n|move|p1a: Ninetales|Freeze-Dry|p2a: Cinderace\n|-damage|p2a: Cinderace|89\/100\n|-status|p2a: Cinderace|frz\n|\n|-weather|Snow|[upkeep]\n|-damage|p1a: Ninetales|64\/100 tox|[from] psn\n|upkeep\n|turn|5\n|inactive|SiderisVGC has 210 seconds left.\n|\n|t:|1699727108\n|-curestatus|p2a: Cinderace|frz|[from] move: Pyro Ball\n|move|p2a: Cinderace|Pyro Ball|p1a: Ninetales\n|-supereffective|p1a: Ninetales\n|-crit|p1a: Ninetales\n|-damage|p1a: Ninetales|0 fnt\n|faint|p1a: Ninetales\n|\n|-weather|none\n|upkeep\n|\n|t:|1699727130\n|switch|p1a: Sneasler|Sneasler, F|100\/100\n|turn|6\n|inactive|SiderisVGC has 180 seconds left.\n|\n|t:|1699727178\n|switch|p1a: Heatran|Heatran, M|94\/100\n|move|p2a: Cinderace|Will-O-Wisp|p1a: Heatran\n|-start|p1a: Heatran|ability: Flash Fire\n|\n|upkeep\n|turn|7\n|inactive|SiderisVGC has 150 seconds left.\n|\n|t:|1699727207\n|move|p2a: Cinderace|U-turn|p1a: Heatran\n|-resisted|p1a: Heatran\n|-damage|p1a: Heatran|89\/100\n|\n|t:|1699727209\n|switch|p2a: Walking Wake|Walking Wake|100\/100|[from] U-turn\n|move|p1a: Heatran|Magma Storm|p2a: Walking Wake|[miss]\n|-miss|p1a: Heatran|p2a: Walking Wake\n|\n|upkeep\n|turn|8\n|inactive|SiderisVGC has 150 seconds left.\n|\n|t:|1699727223\n|-end|p1a: Heatran|ability: Flash Fire|[silent]\n|switch|p1a: Rillaboom|Rillaboom, F|100\/100\n|-fieldstart|move: Grassy Terrain|[from] ability: Grassy Surge|[of] p1a: Rillaboom\n|move|p2a: Walking Wake|Draco Meteor|p1a: Rillaboom\n|-damage|p1a: Rillaboom|19\/100\n|-unboost|p2a: Walking Wake|spa|2\n|\n|-heal|p1a: Rillaboom|25\/100|[from] Grassy Terrain\n|upkeep\n|turn|9\n|inactive|SiderisVGC has 150 seconds left.\n|\n|t:|1699727239\n|move|p1a: Rillaboom|Grassy Glide|p2a: Walking Wake\n|-damage|p2a: Walking Wake|67\/100\n|move|p2a: Walking Wake|Flip Turn|p1a: Rillaboom\n|-resisted|p1a: Rillaboom\n|-damage|p1a: Rillaboom|17\/100\n|\n|t:|1699727247\n|-end|p2a: Walking Wake|Protosynthesis|[silent]\n|switch|p2a: Zamazenta|Zamazenta|100\/100|[from] Flip Turn\n|-ability|p2a: Zamazenta|Dauntless Shield|boost\n|-boost|p2a: Zamazenta|def|1\n|\n|-heal|p1a: Rillaboom|23\/100|[from] Grassy Terrain\n|upkeep\n|turn|10\n|inactive|SiderisVGC has 150 seconds left.\n|\n|t:|1699727254\n|switch|p1a: Ogerpon|Ogerpon-Wellspring, F|100\/100\n|move|p2a: Zamazenta|Crunch|p1a: Ogerpon\n|-damage|p1a: Ogerpon|71\/100\n|\n|-heal|p1a: Ogerpon|77\/100|[from] Grassy Terrain\n|-sideend|p2: Nikitas|move: Aurora Veil\n|upkeep\n|turn|11\n|inactive|SiderisVGC has 150 seconds left.\n|inactive|SiderisVGC has 120 seconds left.\n|inactive|SiderisVGC has 90 seconds left.\n|\n|t:|1699727328\n|switch|p1a: Dragapult|Dragapult, M|100\/100\n|move|p2a: Zamazenta|Body Press|p1a: Dragapult\n|-immune|p1a: Dragapult\n|\n|upkeep\n|turn|12\n|inactive|SiderisVGC has 90 seconds left.\n|\n|t:|1699727346\n|move|p1a: Dragapult|Thunder Wave|p2a: Zamazenta\n|-status|p2a: Zamazenta|par\n|move|p2a: Zamazenta|Crunch|p1a: Dragapult\n|-supereffective|p1a: Dragapult\n|-damage|p1a: Dragapult|36\/100\n|\n|-heal|p1a: Dragapult|42\/100|[from] Grassy Terrain\n|-heal|p1a: Dragapult|48\/100|[from] item: Leftovers\n|-fieldend|move: Grassy Terrain\n|upkeep\n|turn|13\n|inactive|SiderisVGC has 90 seconds left.\n|\n|t:|1699727358\n|-terastallize|p1a: Dragapult|Fairy\n|move|p1a: Dragapult|Substitute|p1a: Dragapult\n|-start|p1a: Dragapult|Substitute\n|-damage|p1a: Dragapult|23\/100\n|move|p2a: Zamazenta|Crunch|p1a: Dragapult\n|-resisted|p1a: Dragapult\n|-activate|p1a: Dragapult|move: Substitute|[damage]\n|\n|-heal|p1a: Dragapult|29\/100|[from] item: Leftovers\n|upkeep\n|turn|14\n|inactive|SiderisVGC has 90 seconds left.\n|\n|t:|1699727370\n|move|p1a: Dragapult|Hex|p2a: Zamazenta\n|-damage|p2a: Zamazenta|63\/100 par\n|move|p2a: Zamazenta|Heavy Slam|p1a: Dragapult\n|-supereffective|p1a: Dragapult\n|-end|p1a: Dragapult|Substitute\n|\n|-heal|p1a: Dragapult|35\/100|[from] item: Leftovers\n|-heal|p2a: Zamazenta|69\/100 par|[from] item: Leftovers\n|upkeep\n|turn|15\n|inactive|SiderisVGC has 90 seconds left.\n|\n|t:|1699727384\n|move|p1a: Dragapult|Hex|p2a: Zamazenta\n|-damage|p2a: Zamazenta|31\/100 par\n|move|p2a: Zamazenta|Heavy Slam|p1a: Dragapult\n|-supereffective|p1a: Dragapult\n|-damage|p1a: Dragapult|0 fnt\n|faint|p1a: Dragapult\n|\n|-heal|p2a: Zamazenta|37\/100 par|[from] item: Leftovers\n|upkeep\n|\n|t:|1699727404\n|switch|p1a: Rillaboom|Rillaboom, F|23\/100\n|-fieldstart|move: Grassy Terrain|[from] ability: Grassy Surge|[of] p1a: Rillaboom\n|turn|16\n|inactive|SiderisVGC has 60 seconds left.\n|\n|t:|1699727424\n|move|p1a: Rillaboom|Wood Hammer|p2a: Zamazenta\n|-damage|p2a: Zamazenta|0 fnt\n|faint|p2a: Zamazenta\n|-damage|p1a: Rillaboom|10\/100|[from] Recoil\n|\n|-heal|p1a: Rillaboom|16\/100|[from] Grassy Terrain\n|upkeep\n|\n|t:|1699727447\n|switch|p2a: Kingambit|Kingambit, M|100\/100\n|-activate|p2a: Kingambit|ability: Supreme Overlord\n|-start|p2a: Kingambit|fallen1|[silent]\n|turn|17\n|\n|t:|1699727454\n|move|p1a: Rillaboom|Wood Hammer|p2a: Kingambit\n|-resisted|p2a: Kingambit\n|-damage|p2a: Kingambit|45\/100\n|-damage|p1a: Rillaboom|0 fnt|[from] Recoil\n|faint|p1a: Rillaboom\n|move|p2a: Kingambit|Swords Dance|p2a: Kingambit\n|-boost|p2a: Kingambit|atk|2\n|\n|-heal|p2a: Kingambit|52\/100|[from] Grassy Terrain\n|upkeep\n|\n|t:|1699727464\n|switch|p1a: Ogerpon|Ogerpon-Wellspring, F|77\/100\n|turn|18\n|\n|t:|1699727469\n|-end|p2a: Kingambit|fallen1|[silent]\n|switch|p2a: Cinderace|Cinderace, F|89\/100\n|move|p1a: Ogerpon|Encore||[still]\n|-fail|p1a: Ogerpon\n|\n|-heal|p2a: Cinderace|95\/100|[from] Grassy Terrain\n|-heal|p1a: Ogerpon|83\/100|[from] Grassy Terrain\n|upkeep\n|turn|19\n|\n|t:|1699727485\n|switch|p1a: Heatran|Heatran, M|89\/100\n|move|p2a: Cinderace|U-turn|p1a: Heatran\n|-start|p2a: Cinderace|typechange|Bug|[from] ability: Libero\n|-resisted|p1a: Heatran\n|-damage|p1a: Heatran|83\/100\n|\n|t:|1699727493\n|switch|p2a: Walking Wake|Walking Wake|67\/100|[from] U-turn\n|\n|-heal|p2a: Walking Wake|73\/100|[from] Grassy Terrain\n|-heal|p1a: Heatran|89\/100|[from] Grassy Terrain\n|upkeep\n|turn|20\n|\n|t:|1699727506\n|switch|p1a: Ogerpon|Ogerpon-Wellspring, F|83\/100\n|move|p2a: Walking Wake|Hydro Steam|p1a: Ogerpon\n|-heal|p1a: Ogerpon|100\/100|[from] ability: Water Absorb|[of] p2a: Walking Wake\n|\n|-heal|p2a: Walking Wake|79\/100|[from] Grassy Terrain\n|-fieldend|move: Grassy Terrain\n|upkeep\n|turn|21\n|\n|t:|1699727523\n|move|p1a: Ogerpon|Ivy Cudgel|p2a: Walking Wake\n|-resisted|p2a: Walking Wake\n|-damage|p2a: Walking Wake|63\/100\n|move|p2a: Walking Wake|Draco Meteor|p1a: Ogerpon|[miss]\n|-miss|p2a: Walking Wake|p1a: Ogerpon\n|\n|upkeep\n|turn|22\n|\n|t:|1699727531\n|-end|p2a: Walking Wake|Protosynthesis|[silent]\n|switch|p2a: Cinderace|Cinderace, F|95\/100\n|move|p1a: Ogerpon|Horn Leech|p2a: Cinderace\n|-resisted|p2a: Cinderace\n|-damage|p2a: Cinderace|67\/100\n|\n|upkeep\n|turn|23\n|\n|t:|1699727543\n|move|p2a: Cinderace|U-turn|p1a: Ogerpon\n|-start|p2a: Cinderace|typechange|Bug|[from] ability: Libero\n|-supereffective|p1a: Ogerpon\n|-damage|p1a: Ogerpon|31\/100\n|\n|t:|1699727546\n|switch|p2a: Iron Valiant|Iron Valiant|100\/100|[from] U-turn\n|-enditem|p2a: Iron Valiant|Booster Energy\n|-activate|p2a: Iron Valiant|ability: Quark Drive|[fromitem]\n|-start|p2a: Iron Valiant|quarkdrivespe\n|move|p1a: Ogerpon|Ivy Cudgel|p2a: Iron Valiant\n|-damage|p2a: Iron Valiant|26\/100\n|\n|upkeep\n|turn|24\n|\n|t:|1699727559\n|switch|p1a: Heatran|Heatran, M|89\/100\n|-terastallize|p2a: Iron Valiant|Electric\n|move|p2a: Iron Valiant|Thunderbolt|p1a: Heatran\n|-damage|p1a: Heatran|47\/100\n|-status|p1a: Heatran|par\n|\n|upkeep\n|turn|25\n|\n|t:|1699727568\n|move|p2a: Iron Valiant|Thunderbolt|p1a: Heatran\n|-damage|p1a: Heatran|0 fnt\n|faint|p1a: Heatran\n|\n|upkeep\n|\n|t:|1699727572\n|switch|p1a: Sneasler|Sneasler, F|100\/100\n|turn|26\n|\n|t:|1699727578\n|move|p2a: Iron Valiant|Psyshock|p1a: Sneasler\n|-supereffective|p1a: Sneasler\n|-damage|p1a: Sneasler|0 fnt\n|faint|p1a: Sneasler\n|\n|upkeep\n|c|\u2606SiderisVGC|gg\n|-message|SiderisVGC forfeited.\n|\n|win|Nikitas\n|l|\u2606SiderisVGC\n|c|\u2606Nikitas|gg\n","uploadtime":1699727587,"views":16,"p1id":"siderisvgc","p2id":"nikitas","formatid":"gen9ou","rating":0,"private":0,"password":""}