{"id":"gen9ou-1989265740","p1":"Hippopankake","p2":"Im the soup","format":"[Gen 9] OU","log":"|j|\u2606Hippopankake\n|j|\u2606Im the soup\n|t:|1699829683\n|gametype|singles\n|player|p1|Hippopankake|steven|1416\n|player|p2|Im the soup|265|1351\n|teamsize|p1|6\n|teamsize|p2|6\n|gen|9\n|tier|[Gen 9] OU\n|rated|\n|rule|Sleep Clause Mod: Limit one foe put to sleep\n|rule|Species Clause: Limit one of each Pok\u00e9mon\n|rule|OHKO Clause: OHKO moves are banned\n|rule|Evasion Items Clause: Evasion items are banned\n|rule|Evasion Moves Clause: Evasion moves are banned\n|rule|Endless Battle Clause: Forcing endless battles is banned\n|rule|HP Percentage Mod: HP is shown in percentages\n|clearpoke\n|poke|p1|Alomomola, F|\n|poke|p1|Slowking-Galar, M|\n|poke|p1|Thundurus-Therian, M|\n|poke|p1|Cinderace, F|\n|poke|p1|Scizor, F|\n|poke|p1|Hydreigon, M|\n|poke|p2|Ceruledge, F|\n|poke|p2|Kingambit, M|\n|poke|p2|Manaphy|\n|poke|p2|Gholdengo|\n|poke|p2|Ribombee, M|\n|poke|p2|Landorus-Therian, M|\n|teampreview\n|inactive|Battle timer is ON: inactive players will automatically lose when time's up. (requested by Im the soup)\n|\n|t:|1699829704\n|start\n|switch|p1a: Hydreigon|Hydreigon, M|100\/100\n|switch|p2a: Ribombee|Ribombee, M|100\/100\n|turn|1\n|\n|t:|1699829707\n|move|p2a: Ribombee|Moonblast|p1a: Hydreigon\n|-supereffective|p1a: Hydreigon\n|-damage|p1a: Hydreigon|0 fnt\n|faint|p1a: Hydreigon\n|\n|upkeep\n|\n|t:|1699829709\n|switch|p1a: Scizor|Scizor, F|100\/100\n|turn|2\n|j| TorterraMain\n|\n|t:|1699829712\n|move|p1a: Scizor|Bullet Punch|p2a: Ribombee\n|-supereffective|p2a: Ribombee\n|-enditem|p2a: Ribombee|Focus Sash\n|-damage|p2a: Ribombee|1\/100\n|move|p2a: Ribombee|Sticky Web|p1a: Scizor\n|-sidestart|p1: Hippopankake|move: Sticky Web\n|\n|upkeep\n|turn|3\n|\n|t:|1699829716\n|switch|p1a: Cinderace|Cinderace, F|100\/100\n|move|p2a: Ribombee|U-turn|p1a: Cinderace\n|-resisted|p1a: Cinderace\n|-damage|p1a: Cinderace|91\/100\n|\n|t:|1699829723\n|switch|p2a: Landorus|Landorus-Therian, M|100\/100|[from] U-turn\n|-ability|p2a: Landorus|Intimidate|boost\n|-unboost|p1a: Cinderace|atk|1\n|\n|upkeep\n|turn|4\n|\n|t:|1699829725\n|move|p1a: Cinderace|Court Change|p1a: Cinderace\n|-start|p1a: Cinderace|typechange|Normal|[from] ability: Libero\n|-swapsideconditions\n|-activate|p1a: Cinderace|move: Court Change\n|move|p2a: Landorus|Earthquake|p1a: Cinderace\n|-damage|p1a: Cinderace|4\/100\n|\n|upkeep\n|turn|5\n|\n|t:|1699829730\n|switch|p1a: Grimace mcdonalds|Thundurus-Therian, M, shiny|100\/100\n|move|p2a: Landorus|Earthquake|p1a: Grimace mcdonalds\n|-immune|p1a: Grimace mcdonalds\n|\n|upkeep\n|turn|6\n|\n|t:|1699829734\n|-terastallize|p1a: Grimace mcdonalds|Flying\n|move|p1a: Grimace mcdonalds|Tera Blast|p2a: Landorus|[anim] Tera Blast Flying\n|-enditem|p2a: Landorus|Focus Sash\n|-damage|p2a: Landorus|1\/100\n|move|p2a: Landorus|Rock Slide|p1a: Grimace mcdonalds\n|-supereffective|p1a: Grimace mcdonalds\n|-damage|p1a: Grimace mcdonalds|13\/100\n|\n|upkeep\n|turn|7\n|\n|t:|1699829739\n|move|p1a: Grimace mcdonalds|Tera Blast|p2a: Landorus|[anim] Tera Blast Flying\n|-damage|p2a: Landorus|0 fnt\n|faint|p2a: Landorus\n|\n|upkeep\n|\n|t:|1699829747\n|switch|p2a: Kingambit|Kingambit, M|100\/100\n|-activate|p2a: Kingambit|move: Sticky Web\n|-unboost|p2a: Kingambit|spe|1\n|-activate|p2a: Kingambit|ability: Supreme Overlord\n|-start|p2a: Kingambit|fallen1|[silent]\n|turn|8\n|\n|t:|1699829754\n|switch|p1a: Alomomola|Alomomola, F|100\/100\n|move|p2a: Kingambit|Swords Dance|p2a: Kingambit\n|-boost|p2a: Kingambit|atk|2\n|\n|upkeep\n|turn|9\n|\n|t:|1699829756\n|move|p1a: Alomomola|Wish|p1a: Alomomola\n|move|p2a: Kingambit|Kowtow Cleave|p1a: Alomomola\n|-damage|p1a: Alomomola|39\/100\n|\n|upkeep\n|turn|10\n|\n|t:|1699829763\n|switch|p1a: Cinderace|Cinderace, F|4\/100\n|move|p2a: Kingambit|Sucker Punch||[still]\n|-fail|p2a: Kingambit\n|\n|-heal|p1a: Cinderace|93\/100|[from] move: Wish|[wisher] Alomomola\n|upkeep\n|turn|11\n|\n|t:|1699829769\n|switch|p1a: Scizor|Scizor, F|100\/100\n|move|p2a: Kingambit|Sucker Punch||[still]\n|-fail|p2a: Kingambit\n|\n|upkeep\n|turn|12\n|\n|t:|1699829772\n|-terastallize|p2a: Kingambit|Fairy\n|move|p1a: Scizor|Close Combat|p2a: Kingambit\n|-resisted|p2a: Kingambit\n|-damage|p2a: Kingambit|75\/100\n|-unboost|p1a: Scizor|def|1\n|-unboost|p1a: Scizor|spd|1\n|move|p2a: Kingambit|Kowtow Cleave|p1a: Scizor\n|-damage|p1a: Scizor|0 fnt\n|faint|p1a: Scizor\n|\n|-heal|p2a: Kingambit|81\/100|[from] item: Leftovers\n|upkeep\n|\n|t:|1699829778\n|switch|p1a: Slowking|Slowking-Galar, M|100\/100\n|turn|13\n|\n|t:|1699829781\n|move|p1a: Slowking|Sludge Bomb|p2a: Kingambit\n|-supereffective|p2a: Kingambit\n|-damage|p2a: Kingambit|5\/100\n|move|p2a: Kingambit|Kowtow Cleave|p1a: Slowking\n|-supereffective|p1a: Slowking\n|-damage|p1a: Slowking|0 fnt\n|faint|p1a: Slowking\n|\n|-heal|p2a: Kingambit|11\/100|[from] item: Leftovers\n|upkeep\n|\n|t:|1699829785\n|switch|p1a: Cinderace|Cinderace, F|93\/100\n|turn|14\n|\n|t:|1699829786\n|move|p2a: Kingambit|Sucker Punch|p1a: Cinderace\n|-damage|p1a: Cinderace|0 fnt\n|faint|p1a: Cinderace\n|\n|-heal|p2a: Kingambit|17\/100|[from] item: Leftovers\n|upkeep\n|-message|Hippopankake forfeited.\n|\n|win|Im the soup\n|raw|Hippopankake's rating: 1416 &rarr; <strong>1392<\/strong><br \/>(-24 for losing)\n|raw|Im the soup's rating: 1351 &rarr; <strong>1375<\/strong><br \/>(+24 for winning)\n|l|\u2606Hippopankake\n","uploadtime":1699829795,"views":10,"p1id":"hippopankake","p2id":"imthesoup","formatid":"gen9ou","rating":1375,"private":0,"password":""}