{"id":"gen9ou-1991113082","p1":"bubbalobill","p2":"PotatoGotato","format":"[Gen 9] OU","log":"|j|\u2606bubbalobill\n|j|\u2606PotatoGotato\n|t:|1700044919\n|gametype|singles\n|player|p1|bubbalobill|sage|1133\n|player|p2|PotatoGotato|rika|1048\n|teamsize|p1|6\n|teamsize|p2|6\n|gen|9\n|tier|[Gen 9] OU\n|rated|\n|rule|Sleep Clause Mod: Limit one foe put to sleep\n|rule|Species Clause: Limit one of each Pok\u00e9mon\n|rule|OHKO Clause: OHKO moves are banned\n|rule|Evasion Items Clause: Evasion items are banned\n|rule|Evasion Moves Clause: Evasion moves are banned\n|rule|Endless Battle Clause: Forcing endless battles is banned\n|rule|HP Percentage Mod: HP is shown in percentages\n|clearpoke\n|poke|p1|Glimmora, M|\n|poke|p1|Ceruledge, M|\n|poke|p1|Iron Valiant|\n|poke|p1|Corviknight, F|\n|poke|p1|Blissey, F|\n|poke|p1|Zapdos|\n|poke|p2|Ribombee, M|\n|poke|p2|Gholdengo|\n|poke|p2|Great Tusk|\n|poke|p2|Hatterene, F|\n|poke|p2|Ogerpon-Cornerstone, F|\n|poke|p2|Greninja-*, M|\n|teampreview\n|\n|t:|1700044926\n|start\n|switch|p1a: Glimmora|Glimmora, M|100\/100\n|switch|p2a: Ribombee|Ribombee, M|100\/100\n|turn|1\n|\n|t:|1700044949\n|move|p2a: Ribombee|Stun Spore|p1a: Glimmora\n|-status|p1a: Glimmora|par\n|move|p1a: Glimmora|Sludge Wave|p2a: Ribombee\n|-supereffective|p2a: Ribombee\n|-damage|p2a: Ribombee|0 fnt\n|faint|p2a: Ribombee\n|\n|upkeep\n|inactive|Battle timer is ON: inactive players will automatically lose when time's up. (requested by bubbalobill)\n|\n|t:|1700044963\n|switch|p2a: Great Tusk|Great Tusk|100\/100\n|turn|2\n|\n|t:|1700044969\n|-terastallize|p1a: Glimmora|Grass\n|move|p2a: Great Tusk|Headlong Rush|p1a: Glimmora\n|-resisted|p1a: Glimmora\n|-crit|p1a: Glimmora\n|-damage|p1a: Glimmora|50\/100 par\n|-unboost|p2a: Great Tusk|def|1\n|-unboost|p2a: Great Tusk|spd|1\n|-activate|p1a: Glimmora|ability: Toxic Debris\n|-sidestart|p2: PotatoGotato|move: Toxic Spikes\n|cant|p1a: Glimmora|par\n|\n|upkeep\n|turn|3\n|\n|t:|1700044980\n|move|p2a: Great Tusk|Close Combat|p1a: Glimmora\n|-damage|p1a: Glimmora|0 fnt\n|-unboost|p2a: Great Tusk|def|1\n|-unboost|p2a: Great Tusk|spd|1\n|-activate|p1a: Glimmora|ability: Toxic Debris\n|-sidestart|p2: PotatoGotato|move: Toxic Spikes\n|faint|p1a: Glimmora\n|\n|upkeep\n|inactive|bubbalobill has 120 seconds left.\n|\n|t:|1700045007\n|switch|p1a: Corviknight|Corviknight, F|100\/100\n|-ability|p1a: Corviknight|Pressure\n|turn|4\n|\n|t:|1700045015\n|move|p2a: Great Tusk|Rapid Spin|p1a: Corviknight\n|-resisted|p1a: Corviknight\n|-damage|p1a: Corviknight|95\/100\n|-boost|p2a: Great Tusk|spe|1\n|-damage|p2a: Great Tusk|84\/100|[from] item: Rocky Helmet|[of] p1a: Corviknight\n|-sideend|p2: PotatoGotato|Toxic Spikes|[from] move: Rapid Spin|[of] p2a: Great Tusk\n|move|p1a: Corviknight|Iron Defense|p1a: Corviknight\n|-boost|p1a: Corviknight|def|2\n|\n|upkeep\n|turn|5\n|\n|t:|1700045030\n|-end|p2a: Great Tusk|Protosynthesis|[silent]\n|switch|p2a: Greninja|Greninja, M|100\/100\n|move|p1a: Corviknight|Iron Defense|p1a: Corviknight\n|-boost|p1a: Corviknight|def|2\n|\n|upkeep\n|turn|6\n|\n|t:|1700045054\n|move|p2a: Greninja|Hydro Pump|p1a: Corviknight\n|-damage|p1a: Corviknight|28\/100\n|-damage|p2a: Greninja|91\/100|[from] item: Life Orb\n|move|p1a: Corviknight|Body Press|p2a: Greninja\n|-supereffective|p2a: Greninja\n|-damage|p2a: Greninja|0 fnt\n|faint|p2a: Greninja\n|\n|upkeep\n|\n|t:|1700045059\n|switch|p2a: Ogerpon|Ogerpon-Cornerstone, F|100\/100\n|turn|7\n|inactive|PotatoGotato has 120 seconds left.\n|\n|t:|1700045080\n|move|p2a: Ogerpon|Swords Dance|p2a: Ogerpon\n|-boost|p2a: Ogerpon|atk|2\n|move|p1a: Corviknight|Roost|p1a: Corviknight\n|-heal|p1a: Corviknight|78\/100\n|-singleturn|p1a: Corviknight|move: Roost\n|\n|upkeep\n|turn|8\n|\n|t:|1700045088\n|move|p2a: Ogerpon|Spiky Shield|p2a: Ogerpon\n|-singleturn|p2a: Ogerpon|move: Protect\n|move|p1a: Corviknight|Iron Defense|p1a: Corviknight\n|-boost|p1a: Corviknight|def|2\n|\n|upkeep\n|turn|9\n|\n|t:|1700045096\n|move|p2a: Ogerpon|Swords Dance|p2a: Ogerpon\n|-boost|p2a: Ogerpon|atk|2\n|move|p1a: Corviknight|Body Press|p2a: Ogerpon\n|-supereffective|p2a: Ogerpon\n|-ability|p2a: Ogerpon|Sturdy\n|-damage|p2a: Ogerpon|1\/100\n|\n|upkeep\n|turn|10\n|\n|t:|1700045105\n|move|p2a: Ogerpon|Spiky Shield|p2a: Ogerpon\n|-singleturn|p2a: Ogerpon|move: Protect\n|move|p1a: Corviknight|Body Press|p2a: Ogerpon\n|-activate|p2a: Ogerpon|move: Protect\n|-damage|p1a: Corviknight|65\/100|[from] Spiky Shield|[of] p2a: Ogerpon\n|\n|upkeep\n|turn|11\n|-message|PotatoGotato forfeited.\n|\n|win|bubbalobill\n|raw|bubbalobill's rating: 1133 &rarr; <strong>1152<\/strong><br \/>(+19 for winning)\n|raw|PotatoGotato's rating: 1048 &rarr; <strong>1035<\/strong><br \/>(-13 for losing)\n|l|\u2606PotatoGotato\n","uploadtime":1700045117,"views":6,"p1id":"bubbalobill","p2id":"potatogotato","formatid":"gen9ou","rating":1035,"private":0,"password":""}