{"id":"gen9ou-1995902503","p1":"Dandypom","p2":"randomheadcannon","format":"[Gen 9] OU","log":"|j|\u2606Dandypom\n|j|\u203drandomheadcannon\n|t:|1700615503\n|gametype|singles\n|player|p1|Dandypom|roxie|1116\n|player|p2|randomheadcannon|170|1214\n|teamsize|p1|6\n|teamsize|p2|6\n|gen|9\n|tier|[Gen 9] OU\n|rated|\n|rule|Sleep Clause Mod: Limit one foe put to sleep\n|rule|Species Clause: Limit one of each Pok\u00e9mon\n|rule|OHKO Clause: OHKO moves are banned\n|rule|Evasion Items Clause: Evasion items are banned\n|rule|Evasion Moves Clause: Evasion moves are banned\n|rule|Endless Battle Clause: Forcing endless battles is banned\n|rule|HP Percentage Mod: HP is shown in percentages\n|clearpoke\n|poke|p1|Great Tusk|\n|poke|p1|Iron Treads|\n|poke|p1|Iron Hands|\n|poke|p1|Slowking-Galar, M|\n|poke|p1|Azumarill, F|\n|poke|p1|Iron Moth|\n|poke|p2|Iron Jugulis|\n|poke|p2|Alomomola, F|\n|poke|p2|Tinkaton, F|\n|poke|p2|Great Tusk|\n|poke|p2|Kingambit, F|\n|poke|p2|Thundurus-Therian, M|\n|teampreview\n|\n|t:|1700615523\n|start\n|switch|p1a: Great Tusk|Great Tusk|100\/100\n|switch|p2a: Thundurus|Thundurus-Therian, M|100\/100\n|-enditem|p1a: Great Tusk|Booster Energy\n|-activate|p1a: Great Tusk|ability: Protosynthesis|[fromitem]\n|-start|p1a: Great Tusk|protosynthesisspe\n|turn|1\n|\n|t:|1700615532\n|move|p1a: Great Tusk|Stealth Rock|p2a: Thundurus\n|-sidestart|p2: randomheadcannon|move: Stealth Rock\n|move|p2a: Thundurus|Grass Knot|p1a: Great Tusk\n|-supereffective|p1a: Great Tusk\n|-damage|p1a: Great Tusk|0 fnt\n|faint|p1a: Great Tusk\n|-end|p1a: Great Tusk|Protosynthesis|[silent]\n|\n|upkeep\n|\n|t:|1700615539\n|switch|p1a: Iron Hands|Iron Hands|100\/100\n|-enditem|p1a: Iron Hands|Booster Energy\n|-activate|p1a: Iron Hands|ability: Quark Drive|[fromitem]\n|-start|p1a: Iron Hands|quarkdriveatk\n|turn|2\n|\n|t:|1700615572\n|switch|p2a: Tinkaton|Tinkaton, F|100\/100\n|-damage|p2a: Tinkaton|94\/100|[from] Stealth Rock\n|-item|p2a: Tinkaton|Air Balloon\n|move|p1a: Iron Hands|Swords Dance|p1a: Iron Hands\n|-boost|p1a: Iron Hands|atk|2\n|\n|upkeep\n|turn|3\n|\n|t:|1700615585\n|move|p2a: Tinkaton|Encore|p1a: Iron Hands\n|-start|p1a: Iron Hands|Encore\n|move|p1a: Iron Hands|Swords Dance|p1a: Iron Hands\n|-boost|p1a: Iron Hands|atk|2\n|\n|upkeep\n|turn|4\n|\n|t:|1700615592\n|move|p2a: Tinkaton|Play Rough|p1a: Iron Hands\n|-supereffective|p1a: Iron Hands\n|-damage|p1a: Iron Hands|69\/100\n|move|p1a: Iron Hands|Swords Dance|p1a: Iron Hands\n|-boost|p1a: Iron Hands|atk|2\n|\n|upkeep\n|turn|5\n|\n|t:|1700615609\n|move|p2a: Tinkaton|Thunder Wave|p1a: Iron Hands\n|-immune|p1a: Iron Hands\n|move|p1a: Iron Hands|Swords Dance|p1a: Iron Hands\n|-boost|p1a: Iron Hands|atk|0\n|\n|-end|p1a: Iron Hands|Encore\n|upkeep\n|turn|6\n|inactive|Battle timer is ON: inactive players will automatically lose when time's up. (requested by randomheadcannon)\n|\n|t:|1700615620\n|move|p2a: Tinkaton|Encore|p1a: Iron Hands\n|-start|p1a: Iron Hands|Encore\n|move|p1a: Iron Hands|Swords Dance|p1a: Iron Hands\n|-boost|p1a: Iron Hands|atk|0\n|\n|upkeep\n|turn|7\n|\n|t:|1700615626\n|move|p2a: Tinkaton|Play Rough|p1a: Iron Hands\n|-supereffective|p1a: Iron Hands\n|-crit|p1a: Iron Hands\n|-damage|p1a: Iron Hands|19\/100\n|move|p1a: Iron Hands|Swords Dance|p1a: Iron Hands\n|-boost|p1a: Iron Hands|atk|0\n|\n|upkeep\n|turn|8\n|\n|t:|1700615635\n|move|p2a: Tinkaton|Stealth Rock|p1a: Iron Hands\n|-sidestart|p1: Dandypom|move: Stealth Rock\n|move|p1a: Iron Hands|Swords Dance|p1a: Iron Hands\n|-boost|p1a: Iron Hands|atk|0\n|\n|-end|p1a: Iron Hands|Encore\n|upkeep\n|turn|9\n|\n|t:|1700615643\n|move|p2a: Tinkaton|Play Rough|p1a: Iron Hands\n|-supereffective|p1a: Iron Hands\n|-damage|p1a: Iron Hands|0 fnt\n|faint|p1a: Iron Hands\n|-end|p1a: Iron Hands|Quark Drive|[silent]\n|\n|upkeep\n|\n|t:|1700615647\n|switch|p1a: Iron Treads|Iron Treads|100\/100\n|-damage|p1a: Iron Treads|97\/100|[from] Stealth Rock\n|-enditem|p1a: Iron Treads|Booster Energy\n|-activate|p1a: Iron Treads|ability: Quark Drive|[fromitem]\n|-start|p1a: Iron Treads|quarkdrivespe\n|turn|10\n|inactive|randomheadcannon has 120 seconds left.\n|\n|t:|1700615677\n|move|p1a: Iron Treads|Rapid Spin|p2a: Tinkaton\n|-resisted|p2a: Tinkaton\n|-damage|p2a: Tinkaton|85\/100\n|-boost|p1a: Iron Treads|spe|1\n|-enditem|p2a: Tinkaton|Air Balloon\n|-sideend|p1: Dandypom|Stealth Rock|[from] move: Rapid Spin|[of] p1a: Iron Treads\n|move|p2a: Tinkaton|Encore|p1a: Iron Treads\n|-start|p1a: Iron Treads|Encore\n|\n|upkeep\n|turn|11\n|inactive|randomheadcannon has 120 seconds left.\n|\n|t:|1700615692\n|switch|p2a: Thundurus|Thundurus-Therian, M|100\/100\n|-damage|p2a: Thundurus|76\/100|[from] Stealth Rock\n|move|p1a: Iron Treads|Rapid Spin|p2a: Thundurus\n|-damage|p2a: Thundurus|52\/100\n|-boost|p1a: Iron Treads|spe|1\n|\n|upkeep\n|turn|12\n|\n|t:|1700615705\n|move|p1a: Iron Treads|Rapid Spin|p2a: Thundurus\n|-damage|p2a: Thundurus|26\/100\n|-boost|p1a: Iron Treads|spe|1\n|move|p2a: Thundurus|Grass Knot|p1a: Iron Treads\n|-damage|p1a: Iron Treads|5\/100\n|\n|upkeep\n|turn|13\n|inactive|randomheadcannon has 120 seconds left.\n|\n|t:|1700615721\n|switch|p2a: Tinkaton|Tinkaton, F|85\/100\n|-damage|p2a: Tinkaton|79\/100|[from] Stealth Rock\n|move|p1a: Iron Treads|Rapid Spin|p2a: Tinkaton\n|-resisted|p2a: Tinkaton\n|-damage|p2a: Tinkaton|69\/100\n|-boost|p1a: Iron Treads|spe|1\n|\n|-end|p1a: Iron Treads|Encore\n|upkeep\n|turn|14\n|inactive|randomheadcannon has 120 seconds left.\n|\n|t:|1700615749\n|switch|p2a: Iron Jugulis|Iron Jugulis|100\/100\n|-damage|p2a: Iron Jugulis|76\/100|[from] Stealth Rock\n|-enditem|p2a: Iron Jugulis|Booster Energy\n|-activate|p2a: Iron Jugulis|ability: Quark Drive|[fromitem]\n|-start|p2a: Iron Jugulis|quarkdrivespe\n|move|p1a: Iron Treads|Earthquake|p2a: Iron Jugulis\n|-immune|p2a: Iron Jugulis\n|\n|upkeep\n|turn|15\n|\n|t:|1700615760\n|move|p1a: Iron Treads|Iron Head|p2a: Iron Jugulis\n|-damage|p2a: Iron Jugulis|35\/100\n|move|p2a: Iron Jugulis|Earth Power|p1a: Iron Treads\n|-supereffective|p1a: Iron Treads\n|-damage|p1a: Iron Treads|0 fnt\n|faint|p1a: Iron Treads\n|-end|p1a: Iron Treads|Quark Drive|[silent]\n|\n|upkeep\n|\n|t:|1700615777\n|switch|p1a: Iron Moth|Iron Moth|100\/100\n|-enditem|p1a: Iron Moth|Booster Energy\n|-activate|p1a: Iron Moth|ability: Quark Drive|[fromitem]\n|-start|p1a: Iron Moth|quarkdrivespe\n|turn|16\n|inactive|randomheadcannon has 120 seconds left.\n|\n|t:|1700615788\n|move|p1a: Iron Moth|Confuse Ray|p2a: Iron Jugulis\n|-start|p2a: Iron Jugulis|confusion\n|-activate|p2a: Iron Jugulis|confusion\n|-damage|p2a: Iron Jugulis|25\/100|[from] confusion\n|\n|upkeep\n|turn|17\n|\n|t:|1700615800\n|move|p1a: Iron Moth|Fiery Dance|p2a: Iron Jugulis\n|-damage|p2a: Iron Jugulis|0 fnt\n|-boost|p1a: Iron Moth|spa|1\n|faint|p2a: Iron Jugulis\n|-end|p2a: Iron Jugulis|Quark Drive|[silent]\n|\n|upkeep\n|\n|t:|1700615807\n|switch|p2a: Alomomola|Alomomola, F|100\/100\n|-damage|p2a: Alomomola|88\/100|[from] Stealth Rock\n|turn|18\n|\n|t:|1700615818\n|move|p1a: Iron Moth|Confuse Ray|p2a: Alomomola\n|-start|p2a: Alomomola|confusion\n|-activate|p2a: Alomomola|confusion\n|-damage|p2a: Alomomola|84\/100|[from] confusion\n|\n|upkeep\n|turn|19\n|\n|t:|1700615824\n|move|p1a: Iron Moth|Energy Ball|p2a: Alomomola\n|-supereffective|p2a: Alomomola\n|-damage|p2a: Alomomola|0 fnt\n|faint|p2a: Alomomola\n|\n|upkeep\n|\n|t:|1700615833\n|switch|p2a: Great Tusk|Great Tusk|100\/100\n|-damage|p2a: Great Tusk|98\/100|[from] Stealth Rock\n|-enditem|p2a: Great Tusk|Booster Energy\n|-activate|p2a: Great Tusk|ability: Protosynthesis|[fromitem]\n|-start|p2a: Great Tusk|protosynthesisatk\n|turn|20\n|\n|t:|1700615840\n|-terastallize|p2a: Great Tusk|Dragon\n|move|p1a: Iron Moth|Confuse Ray|p2a: Great Tusk\n|-start|p2a: Great Tusk|confusion\n|-activate|p2a: Great Tusk|confusion\n|move|p2a: Great Tusk|Headlong Rush|p1a: Iron Moth\n|-supereffective|p1a: Iron Moth\n|-damage|p1a: Iron Moth|0 fnt\n|-unboost|p2a: Great Tusk|def|1\n|-unboost|p2a: Great Tusk|spd|1\n|faint|p1a: Iron Moth\n|-end|p1a: Iron Moth|Quark Drive|[silent]\n|\n|upkeep\n|\n|t:|1700615849\n|switch|p1a: Azumarill|Azumarill, F, shiny|100\/100\n|turn|21\n|\n|t:|1700615854\n|-activate|p2a: Great Tusk|confusion\n|move|p2a: Great Tusk|Headlong Rush|p1a: Azumarill\n|-damage|p1a: Azumarill|0 fnt\n|-unboost|p2a: Great Tusk|def|1\n|-unboost|p2a: Great Tusk|spd|1\n|faint|p1a: Azumarill\n|\n|upkeep\n|\n|t:|1700615860\n|switch|p1a: Slowking|Slowking-Galar, M, shiny|100\/100\n|turn|22\n|\n|t:|1700615869\n|-terastallize|p1a: Slowking|Fairy\n|-end|p2a: Great Tusk|confusion\n|move|p2a: Great Tusk|Headlong Rush|p1a: Slowking\n|-damage|p1a: Slowking|3\/100\n|-unboost|p2a: Great Tusk|def|1\n|-unboost|p2a: Great Tusk|spd|1\n|move|p1a: Slowking|Tera Blast|p2a: Great Tusk|[anim] Tera Blast Fairy\n|-supereffective|p2a: Great Tusk\n|-damage|p2a: Great Tusk|0 fnt\n|faint|p2a: Great Tusk\n|-end|p2a: Great Tusk|Protosynthesis|[silent]\n|\n|-damage|p1a: Slowking|0 fnt|[from] item: Black Sludge\n|faint|p1a: Slowking\n|\n|win|randomheadcannon\n|upkeep\n|raw|Dandypom's rating: 1116 &rarr; <strong>1098<\/strong><br \/>(-18 for losing)\n|raw|randomheadcannon's rating: 1214 &rarr; <strong>1232<\/strong><br \/>(+18 for winning)\n","uploadtime":1700615874,"views":9,"p1id":"dandypom","p2id":"randomheadcannon","formatid":"gen9ou","rating":1098,"private":0,"password":""}