{"id":"gen9ou-2000546379","p1":"Tsar dragon","p2":"Not Hell","format":"[Gen 9] OU","log":"|j|\u2606Tsar dragon\n|j|\u2606Not Hell\n|t:|1701204123\n|gametype|singles\n|player|p1|Tsar dragon|265|\n|player|p2|Not Hell|morty-masters|\n|teamsize|p1|6\n|teamsize|p2|6\n|gen|9\n|tier|[Gen 9] OU\n|rule|Sleep Clause Mod: Limit one foe put to sleep\n|rule|Species Clause: Limit one of each Pok\u00e9mon\n|rule|OHKO Clause: OHKO moves are banned\n|rule|Evasion Items Clause: Evasion items are banned\n|rule|Evasion Moves Clause: Evasion moves are banned\n|rule|Endless Battle Clause: Forcing endless battles is banned\n|rule|HP Percentage Mod: HP is shown in percentages\n|clearpoke\n|poke|p1|Gholdengo|\n|poke|p1|Azumarill, F|\n|poke|p1|Great Tusk|\n|poke|p1|Iron Valiant|\n|poke|p1|Kleavor, M|\n|poke|p1|Krookodile, M|\n|poke|p2|Slaking, M|\n|poke|p2|Gengar, F|\n|poke|p2|Noivern, F|\n|poke|p2|Quagsire, M|\n|poke|p2|Corviknight, M|\n|poke|p2|Breloom, M|\n|teampreview\n|\n|t:|1701204168\n|start\n|switch|p1a: Azumarill|Azumarill, F|100\/100\n|switch|p2a: Slaking|Slaking, M|100\/100\n|turn|1\n|\n|t:|1701204192\n|switch|p1a: Gholdengo|Gholdengo|100\/100\n|-item|p1a: Gholdengo|Air Balloon\n|move|p2a: Slaking|Body Slam|p1a: Gholdengo\n|-immune|p1a: Gholdengo\n|\n|upkeep\n|turn|2\n|\n|t:|1701204206\n|switch|p2a: Corviknight|Corviknight, M|100\/100\n|-ability|p2a: Corviknight|Pressure\n|move|p1a: Gholdengo|Make It Rain|p2a: Corviknight\n|-resisted|p2a: Corviknight\n|-damage|p2a: Corviknight|80\/100\n|-unboost|p1a: Gholdengo|spa|1\n|\n|upkeep\n|turn|3\n|\n|t:|1701204215\n|move|p1a: Gholdengo|Nasty Plot|p1a: Gholdengo\n|-boost|p1a: Gholdengo|spa|2\n|move|p2a: Corviknight|U-turn|p1a: Gholdengo\n|-resisted|p1a: Gholdengo\n|-crit|p1a: Gholdengo\n|-damage|p1a: Gholdengo|94\/100\n|-enditem|p1a: Gholdengo|Air Balloon\n|\n|t:|1701204227\n|switch|p2a: Gengar|Gengar, F|100\/100|[from] U-turn\n|\n|upkeep\n|turn|4\n|inactive|Battle timer is ON: inactive players will automatically lose when time's up. (requested by Tsar dragon)\n|\n|t:|1701204246\n|switch|p1a: Krookodile|Krookodile, M|100\/100\n|move|p2a: Gengar|Shadow Ball|p1a: Krookodile\n|-resisted|p1a: Krookodile\n|-damage|p1a: Krookodile|71\/100\n|\n|upkeep\n|turn|5\n|j| Horrific17\n|\n|t:|1701204255\n|switch|p2a: Quagsire|Quagsire, M|100\/100\n|move|p1a: Krookodile|Knock Off|p2a: Quagsire\n|-damage|p2a: Quagsire|70\/100\n|-enditem|p2a: Quagsire|Leftovers|[from] move: Knock Off|[of] p1a: Krookodile\n|\n|upkeep\n|turn|6\n|inactive|Tsar dragon has 270 seconds left.\n|\n|t:|1701204287\n|switch|p1a: Azumarill|Azumarill, F|100\/100\n|move|p2a: Quagsire|Stealth Rock|p1a: Azumarill\n|-sidestart|p1: Tsar dragon|move: Stealth Rock\n|\n|upkeep\n|turn|7\n|\n|t:|1701204302\n|move|p1a: Azumarill|Play Rough|p2a: Quagsire\n|-damage|p2a: Quagsire|31\/100\n|move|p2a: Quagsire|Earthquake|p1a: Azumarill\n|-damage|p1a: Azumarill|72\/100\n|\n|upkeep\n|turn|8\n|inactive|Tsar dragon has 270 seconds left.\n|inactive|Not Hell has 270 seconds left.\n|\n|t:|1701204339\n|move|p1a: Azumarill|Play Rough|p2a: Quagsire|[miss]\n|-miss|p1a: Azumarill|p2a: Quagsire\n|move|p2a: Quagsire|Recover|p2a: Quagsire\n|-heal|p2a: Quagsire|81\/100\n|\n|upkeep\n|turn|9\n|c|\u2606Tsar dragon|mf\n|c|\u2606Tsar dragon|prob game right there\n|inactive|Tsar dragon has 240 seconds left.\n|\n|t:|1701204370\n|switch|p2a: Corviknight|Corviknight, M|80\/100\n|-ability|p2a: Corviknight|Pressure\n|move|p1a: Azumarill|Play Rough|p2a: Corviknight\n|-resisted|p2a: Corviknight\n|-damage|p2a: Corviknight|56\/100\n|-damage|p1a: Azumarill|55\/100|[from] item: Rocky Helmet|[of] p2a: Corviknight\n|\n|upkeep\n|turn|10\n|\n|t:|1701204383\n|switch|p2a: Breloom|Breloom, M|100\/100\n|move|p1a: Azumarill|Waterfall|p2a: Breloom\n|-resisted|p2a: Breloom\n|-damage|p2a: Breloom|59\/100\n|\n|upkeep\n|turn|11\n|\n|t:|1701204397\n|switch|p1a: Kleavor|Kleavor, M|100\/100\n|-damage|p1a: Kleavor|76\/100|[from] Stealth Rock\n|move|p2a: Breloom|Bulldoze|p1a: Kleavor\n|-damage|p1a: Kleavor|6\/100\n|-unboost|p1a: Kleavor|spe|1\n|\n|upkeep\n|turn|12\n|\n|t:|1701204411\n|switch|p1a: Gholdengo|Gholdengo|94\/100\n|-damage|p1a: Gholdengo|88\/100|[from] Stealth Rock\n|switch|p2a: Quagsire|Quagsire, M|81\/100\n|\n|upkeep\n|turn|13\n|\n|t:|1701204428\n|switch|p2a: Corviknight|Corviknight, M|56\/100\n|-ability|p2a: Corviknight|Pressure\n|move|p1a: Gholdengo|Shadow Ball|p2a: Corviknight\n|-damage|p2a: Corviknight|24\/100\n|-unboost|p2a: Corviknight|spd|1\n|\n|upkeep\n|turn|14\n|\n|t:|1701204443\n|switch|p2a: Slaking|Slaking, M|100\/100\n|move|p1a: Gholdengo|Shadow Ball|p2a: Slaking\n|-immune|p2a: Slaking\n|\n|upkeep\n|turn|15\n|inactive|Tsar dragon has 240 seconds left.\n|\n|t:|1701204488\n|switch|p1a: Krookodile|Krookodile, M|71\/100\n|-damage|p1a: Krookodile|65\/100|[from] Stealth Rock\n|move|p2a: Slaking|Knock Off|p1a: Krookodile\n|-resisted|p1a: Krookodile\n|-damage|p1a: Krookodile|28\/100\n|-enditem|p1a: Krookodile|Choice Scarf|[from] move: Knock Off|[of] p2a: Slaking\n|\n|upkeep\n|turn|16\n|\n|t:|1701204507\n|switch|p2a: Quagsire|Quagsire, M|81\/100\n|move|p1a: Krookodile|Close Combat|p2a: Quagsire\n|-damage|p2a: Quagsire|55\/100\n|-unboost|p1a: Krookodile|def|1\n|-unboost|p1a: Krookodile|spd|1\n|\n|upkeep\n|turn|17\n|\n|t:|1701204520\n|move|p1a: Krookodile|Knock Off|p2a: Quagsire\n|-damage|p2a: Quagsire|31\/100\n|move|p2a: Quagsire|Recover|p2a: Quagsire\n|-heal|p2a: Quagsire|81\/100\n|\n|upkeep\n|turn|18\n|inactive|Tsar dragon has 240 seconds left.\n|inactive|Tsar dragon has 210 seconds left.\n|\n|t:|1701204570\n|switch|p1a: Gholdengo|Gholdengo|88\/100\n|-damage|p1a: Gholdengo|82\/100|[from] Stealth Rock\n|move|p2a: Quagsire|Liquidation|p1a: Gholdengo\n|-damage|p1a: Gholdengo|53\/100\n|\n|upkeep\n|turn|19\n|\n|t:|1701204584\n|move|p1a: Gholdengo|Recover|p1a: Gholdengo\n|-heal|p1a: Gholdengo|100\/100\n|move|p2a: Quagsire|Earthquake|p1a: Gholdengo\n|-supereffective|p1a: Gholdengo\n|-damage|p1a: Gholdengo|28\/100\n|\n|upkeep\n|turn|20\n|inactive|Tsar dragon has 210 seconds left.\n|\n|t:|1701204618\n|switch|p2a: Slaking|Slaking, M|100\/100\n|move|p1a: Gholdengo|Shadow Ball|p2a: Slaking\n|-immune|p2a: Slaking\n|\n|upkeep\n|turn|21\n|inactive|Tsar dragon has 180 seconds left.\n|\n|t:|1701204640\n|switch|p1a: Krookodile|Krookodile, M|28\/100\n|-damage|p1a: Krookodile|22\/100|[from] Stealth Rock\n|move|p2a: Slaking|Play Rough|p1a: Krookodile\n|-supereffective|p1a: Krookodile\n|-damage|p1a: Krookodile|0 fnt\n|faint|p1a: Krookodile\n|\n|upkeep\n|\n|t:|1701204646\n|switch|p1a: Iron Valiant|Iron Valiant|100\/100\n|-damage|p1a: Iron Valiant|94\/100|[from] Stealth Rock\n|-enditem|p1a: Iron Valiant|Booster Energy\n|-activate|p1a: Iron Valiant|ability: Quark Drive|[fromitem]\n|-start|p1a: Iron Valiant|quarkdrivespe\n|turn|22\n|inactive|Tsar dragon has 180 seconds left.\n|inactive|Not Hell has 270 seconds left.\n|\n|t:|1701204675\n|switch|p2a: Quagsire|Quagsire, M|81\/100\n|move|p1a: Iron Valiant|Knock Off|p2a: Quagsire\n|-damage|p2a: Quagsire|66\/100\n|\n|upkeep\n|turn|23\n|inactive|Tsar dragon has 180 seconds left.\n|inactive|Not Hell has 240 seconds left.\n|\n|t:|1701204700\n|-end|p1a: Iron Valiant|Quark Drive|[silent]\n|switch|p1a: Kleavor|Kleavor, M|6\/100\n|-damage|p1a: Kleavor|0 fnt|[from] Stealth Rock\n|faint|p1a: Kleavor\n|move|p2a: Quagsire|Earthquake|p1: Kleavor|[notarget]\n|-fail|p2a: Quagsire\n|\n|upkeep\n|-message|Tsar dragon forfeited.\n|\n|win|Not Hell\n|l|\u2606Tsar dragon\n|c|\u2606Not Hell|Booooo\n","uploadtime":1701204736,"views":7,"p1id":"tsardragon","p2id":"nothell","formatid":"gen9ou","rating":0,"private":0,"password":""}