{"id":"gen9ou-1990784764","p1":"JachiMalz","p2":"darkwuz","format":"[Gen 9] OU","log":"|j|\u2606JachiMalz\n|j|\u2606darkwuz\n|t:|1700000563\n|gametype|singles\n|player|p1|JachiMalz|clerk|1595\n|player|p2|darkwuz|benga|1658\n|teamsize|p1|6\n|teamsize|p2|6\n|gen|9\n|tier|[Gen 9] OU\n|rated|\n|rule|Sleep Clause Mod: Limit one foe put to sleep\n|rule|Species Clause: Limit one of each Pok\u00e9mon\n|rule|OHKO Clause: OHKO moves are banned\n|rule|Evasion Items Clause: Evasion items are banned\n|rule|Evasion Moves Clause: Evasion moves are banned\n|rule|Endless Battle Clause: Forcing endless battles is banned\n|rule|HP Percentage Mod: HP is shown in percentages\n|clearpoke\n|poke|p1|Gholdengo|\n|poke|p1|Sandy Shocks|\n|poke|p1|Cinderace, M|\n|poke|p1|Iron Valiant|\n|poke|p1|Ogerpon-Cornerstone, F|\n|poke|p1|Torkoal, M|\n|poke|p2|Vikavolt, F|\n|poke|p2|Yanmega, M|\n|poke|p2|Greninja-*, M|\n|poke|p2|Dragonite, F|\n|poke|p2|Ting-Lu|\n|poke|p2|Enamorus, F|\n|teampreview\n|inactive|Battle timer is ON: inactive players will automatically lose when time's up. (requested by darkwuz)\n|\n|t:|1700000580\n|start\n|switch|p1a: Cinderace|Cinderace, M|100\/100\n|switch|p2a: Vikavolt|Vikavolt, F|100\/100\n|turn|1\n|\n|t:|1700000584\n|switch|p2a: Ting-Lu|Ting-Lu|100\/100\n|-ability|p2a: Ting-Lu|Vessel of Ruin\n|move|p1a: Cinderace|Pyro Ball|p2a: Ting-Lu\n|-damage|p2a: Ting-Lu|70\/100\n|\n|-heal|p2a: Ting-Lu|76\/100|[from] item: Leftovers\n|upkeep\n|turn|2\n|\n|t:|1700000592\n|switch|p1a: Iron Valiant|Iron Valiant|100\/100\n|-enditem|p1a: Iron Valiant|Booster Energy\n|-activate|p1a: Iron Valiant|ability: Quark Drive|[fromitem]\n|-start|p1a: Iron Valiant|quarkdrivespe\n|move|p2a: Ting-Lu|Ruination|p1a: Iron Valiant\n|-damage|p1a: Iron Valiant|51\/100\n|\n|-heal|p2a: Ting-Lu|82\/100|[from] item: Leftovers\n|upkeep\n|turn|3\n|\n|t:|1700000601\n|-terastallize|p2a: Ting-Lu|Poison\n|move|p1a: Iron Valiant|Spirit Break|p2a: Ting-Lu\n|-resisted|p2a: Ting-Lu\n|-damage|p2a: Ting-Lu|72\/100\n|-unboost|p2a: Ting-Lu|spa|1\n|move|p2a: Ting-Lu|Ruination|p1a: Iron Valiant\n|-damage|p1a: Iron Valiant|26\/100\n|\n|-heal|p2a: Ting-Lu|79\/100|[from] item: Leftovers\n|upkeep\n|turn|4\n|\n|t:|1700000608\n|move|p1a: Iron Valiant|Knock Off|p2a: Ting-Lu\n|-damage|p2a: Ting-Lu|60\/100\n|-enditem|p2a: Ting-Lu|Leftovers|[from] move: Knock Off|[of] p1a: Iron Valiant\n|move|p2a: Ting-Lu|Whirlwind|p1a: Iron Valiant\n|-end|p1a: Iron Valiant|Quark Drive|[silent]\n|drag|p1a: Cinderace|Cinderace, M|100\/100\n|\n|upkeep\n|turn|5\n|\n|t:|1700000616\n|move|p1a: Cinderace|Pyro Ball|p2a: Ting-Lu\n|-damage|p2a: Ting-Lu|29\/100\n|move|p2a: Ting-Lu|Ruination|p1a: Cinderace\n|-damage|p1a: Cinderace|51\/100\n|\n|upkeep\n|turn|6\n|\n|t:|1700000619\n|move|p1a: Cinderace|Pyro Ball|p2a: Ting-Lu\n|-damage|p2a: Ting-Lu|2\/100\n|move|p2a: Ting-Lu|Earthquake|p1a: Cinderace\n|-supereffective|p1a: Cinderace\n|-damage|p1a: Cinderace|0 fnt\n|faint|p1a: Cinderace\n|\n|upkeep\n|\n|t:|1700000621\n|switch|p1a: Sandy Shocks|Sandy Shocks|100\/100\n|-enditem|p1a: Sandy Shocks|Booster Energy\n|-activate|p1a: Sandy Shocks|ability: Protosynthesis|[fromitem]\n|-start|p1a: Sandy Shocks|protosynthesisspe\n|turn|7\n|\n|t:|1700000624\n|move|p1a: Sandy Shocks|Earth Power|p2a: Ting-Lu\n|-supereffective|p2a: Ting-Lu\n|-damage|p2a: Ting-Lu|0 fnt\n|faint|p2a: Ting-Lu\n|\n|upkeep\n|\n|t:|1700000626\n|switch|p2a: Vikavolt|Vikavolt, F|100\/100\n|turn|8\n|\n|t:|1700000630\n|-terastallize|p1a: Sandy Shocks|Flying\n|move|p1a: Sandy Shocks|Tera Blast|p2a: Vikavolt|[anim] Tera Blast Flying\n|-damage|p2a: Vikavolt|51\/100\n|move|p2a: Vikavolt|Sticky Web|p1a: Sandy Shocks\n|-sidestart|p1: JachiMalz|move: Sticky Web\n|\n|upkeep\n|turn|9\n|\n|t:|1700000635\n|move|p1a: Sandy Shocks|Tera Blast|p2a: Vikavolt|[anim] Tera Blast Flying\n|-damage|p2a: Vikavolt|0 fnt\n|faint|p2a: Vikavolt\n|\n|upkeep\n|\n|t:|1700000642\n|switch|p2a: Dragonite|Dragonite, F|100\/100\n|turn|10\n|\n|t:|1700000644\n|move|p1a: Sandy Shocks|Thunder Wave|p2a: Dragonite\n|-status|p2a: Dragonite|par\n|move|p2a: Dragonite|Dragon Dance|p2a: Dragonite\n|-boost|p2a: Dragonite|atk|1\n|-boost|p2a: Dragonite|spe|1\n|\n|upkeep\n|turn|11\n|\n|t:|1700000646\n|move|p1a: Sandy Shocks|Thunderbolt|p2a: Dragonite\n|-damage|p2a: Dragonite|77\/100 par\n|move|p2a: Dragonite|Dragon Dance|p2a: Dragonite\n|-boost|p2a: Dragonite|atk|1\n|-boost|p2a: Dragonite|spe|1\n|\n|-heal|p2a: Dragonite|84\/100 par|[from] item: Leftovers\n|upkeep\n|turn|12\n|\n|t:|1700000649\n|cant|p2a: Dragonite|par\n|move|p1a: Sandy Shocks|Thunderbolt|p2a: Dragonite\n|-damage|p2a: Dragonite|39\/100 par\n|\n|-heal|p2a: Dragonite|45\/100 par|[from] item: Leftovers\n|upkeep\n|turn|13\n|\n|t:|1700000650\n|cant|p2a: Dragonite|par\n|move|p1a: Sandy Shocks|Thunderbolt|p2a: Dragonite\n|-damage|p2a: Dragonite|0 fnt\n|faint|p2a: Dragonite\n|\n|upkeep\n|j| Heihachi Mishima\n|\n|t:|1700000662\n|switch|p2a: Yanmega|Yanmega, M|100\/100\n|turn|14\n|\n|t:|1700000666\n|move|p2a: Yanmega|Protect|p2a: Yanmega\n|-singleturn|p2a: Yanmega|Protect\n|move|p1a: Sandy Shocks|Tera Blast|p2a: Yanmega|[anim] Tera Blast Flying\n|-activate|p2a: Yanmega|move: Protect\n|\n|-ability|p2a: Yanmega|Speed Boost|boost\n|-boost|p2a: Yanmega|spe|1\n|upkeep\n|turn|15\n|\n|t:|1700000668\n|move|p1a: Sandy Shocks|Thunder Wave|p2a: Yanmega\n|-status|p2a: Yanmega|par\n|move|p2a: Yanmega|Air Slash|p1a: Sandy Shocks\n|-damage|p1a: Sandy Shocks|52\/100\n|\n|-ability|p2a: Yanmega|Speed Boost|boost\n|-boost|p2a: Yanmega|spe|1\n|upkeep\n|turn|16\n|l| Heihachi Mishima\n|\n|t:|1700000673\n|cant|p2a: Yanmega|par\n|move|p1a: Sandy Shocks|Tera Blast|p2a: Yanmega|[anim] Tera Blast Flying\n|-supereffective|p2a: Yanmega\n|-damage|p2a: Yanmega|0 fnt\n|faint|p2a: Yanmega\n|\n|upkeep\n|\n|t:|1700000675\n|switch|p2a: Greninja|Greninja, M|100\/100\n|turn|17\n|\n|t:|1700000678\n|move|p2a: Greninja|Water Shuriken|p1a: Sandy Shocks\n|-damage|p1a: Sandy Shocks|45\/100\n|-damage|p1a: Sandy Shocks|37\/100\n|-damage|p1a: Sandy Shocks|29\/100\n|-damage|p1a: Sandy Shocks|21\/100\n|-damage|p1a: Sandy Shocks|13\/100\n|-hitcount|p1a: Sandy Shocks|5\n|move|p1a: Sandy Shocks|Thunderbolt|p2a: Greninja\n|-supereffective|p2a: Greninja\n|-damage|p2a: Greninja|0 fnt\n|faint|p2a: Greninja\n|\n|upkeep\n|\n|t:|1700000681\n|switch|p2a: Enamorus|Enamorus, F|100\/100\n|turn|18\n|\n|t:|1700000684\n|move|p1a: Sandy Shocks|Thunder Wave|p2a: Enamorus\n|-status|p2a: Enamorus|par\n|cant|p2a: Enamorus|par\n|\n|upkeep\n|turn|19\n|\n|t:|1700000687\n|move|p1a: Sandy Shocks|Thunderbolt|p2a: Enamorus\n|-supereffective|p2a: Enamorus\n|-damage|p2a: Enamorus|0 fnt\n|faint|p2a: Enamorus\n|\n|win|JachiMalz\n|raw|JachiMalz's rating: 1595 &rarr; <strong>1619<\/strong><br \/>(+24 for winning)\n|raw|darkwuz's rating: 1658 &rarr; <strong>1634<\/strong><br \/>(-24 for losing)\n|l|\u2606darkwuz\n","uploadtime":1700000693,"views":22,"p1id":"jachimalz","p2id":"darkwuz","formatid":"gen9ou","rating":1619,"private":0,"password":""}