{"id":"gen9ou-1992827178","p1":"Parrot D","p2":"jay9ne","format":"[Gen 9] OU","log":"|j|\u2606Parrot D\n|j|\u2606jay9ne\n|t:|1700238870\n|gametype|singles\n|player|p1|Parrot D|rosa|1312\n|player|p2|jay9ne|waiter|1245\n|teamsize|p1|6\n|teamsize|p2|6\n|gen|9\n|tier|[Gen 9] OU\n|rated|\n|rule|Sleep Clause Mod: Limit one foe put to sleep\n|rule|Species Clause: Limit one of each Pok\u00e9mon\n|rule|OHKO Clause: OHKO moves are banned\n|rule|Evasion Items Clause: Evasion items are banned\n|rule|Evasion Moves Clause: Evasion moves are banned\n|rule|Endless Battle Clause: Forcing endless battles is banned\n|rule|HP Percentage Mod: HP is shown in percentages\n|clearpoke\n|poke|p1|Kilowattrel, M|\n|poke|p1|Cinderace, F|\n|poke|p1|Zoroark-Hisui, F|\n|poke|p1|Corviknight, F|\n|poke|p1|Lucario, M|\n|poke|p1|Gastrodon, F|\n|poke|p2|Walking Wake|\n|poke|p2|Torkoal, F|\n|poke|p2|Enamorus, F|\n|poke|p2|Ceruledge, F|\n|poke|p2|Kingambit, M|\n|poke|p2|Great Tusk|\n|teampreview\n|\n|t:|1700238882\n|start\n|switch|p1a: Gastrodon|Gastrodon, F|100\/100\n|switch|p2a: Torkoal|Torkoal, F|100\/100\n|-weather|SunnyDay|[from] ability: Drought|[of] p2a: Torkoal\n|turn|1\n|inactive|Battle timer is ON: inactive players will automatically lose when time's up. (requested by jay9ne)\n|\n|t:|1700238894\n|move|p1a: Gastrodon|Earth Power|p2a: Torkoal\n|-supereffective|p2a: Torkoal\n|-damage|p2a: Torkoal|45\/100\n|move|p2a: Torkoal|Stealth Rock|p1a: Gastrodon\n|-sidestart|p1: Parrot D|move: Stealth Rock\n|\n|-weather|SunnyDay|[upkeep]\n|upkeep\n|turn|2\n|\n|t:|1700238905\n|switch|p2a: Enamorus|Enamorus, F|100\/100\n|move|p1a: Gastrodon|Stealth Rock|p2a: Enamorus\n|-sidestart|p2: jay9ne|move: Stealth Rock\n|\n|-weather|SunnyDay|[upkeep]\n|upkeep\n|turn|3\n|\n|t:|1700238918\n|switch|p1a: Corviknight|Corviknight, F, shiny|100\/100\n|-damage|p1a: Corviknight|88\/100|[from] Stealth Rock\n|-ability|p1a: Corviknight|Pressure\n|move|p2a: Enamorus|Substitute|p2a: Enamorus\n|-start|p2a: Enamorus|Substitute\n|-damage|p2a: Enamorus|76\/100\n|\n|-weather|SunnyDay|[upkeep]\n|-heal|p2a: Enamorus|82\/100|[from] item: Leftovers\n|upkeep\n|turn|4\n|\n|t:|1700238930\n|move|p2a: Enamorus|Calm Mind|p2a: Enamorus\n|-boost|p2a: Enamorus|spa|1\n|-boost|p2a: Enamorus|spd|1\n|move|p1a: Corviknight|Brave Bird|p2a: Enamorus\n|-end|p2a: Enamorus|Substitute\n|-damage|p1a: Corviknight|82\/100|[from] Recoil|[of] p2a: Enamorus\n|\n|-weather|SunnyDay|[upkeep]\n|-heal|p2a: Enamorus|88\/100|[from] item: Leftovers\n|upkeep\n|turn|5\n|\n|t:|1700238941\n|move|p2a: Enamorus|Moonblast|p1a: Corviknight\n|-resisted|p1a: Corviknight\n|-damage|p1a: Corviknight|45\/100\n|move|p1a: Corviknight|U-turn|p2a: Enamorus\n|-resisted|p2a: Enamorus\n|-damage|p2a: Enamorus|83\/100\n|\n|t:|1700238960\n|switch|p1a: Cinderace|Cinderace, F|100\/100|[from] U-turn\n|\n|-weather|none\n|-heal|p2a: Enamorus|89\/100|[from] item: Leftovers\n|upkeep\n|turn|6\n|\n|t:|1700238979\n|-terastallize|p2a: Enamorus|Ground\n|move|p1a: Cinderace|Pyro Ball|p2a: Enamorus\n|-damage|p2a: Enamorus|0 fnt\n|faint|p2a: Enamorus\n|\n|upkeep\n|\n|t:|1700238987\n|switch|p2a: Torkoal|Torkoal, F|45\/100\n|-damage|p2a: Torkoal|20\/100|[from] Stealth Rock\n|-weather|SunnyDay|[from] ability: Drought|[of] p2a: Torkoal\n|turn|7\n|\n|t:|1700238995\n|move|p1a: Cinderace|Pyro Ball|p2a: Torkoal\n|-resisted|p2a: Torkoal\n|-damage|p2a: Torkoal|0 fnt\n|faint|p2a: Torkoal\n|\n|-weather|SunnyDay|[upkeep]\n|upkeep\n|\n|t:|1700239002\n|switch|p2a: Walking Wake|Walking Wake|100\/100\n|-damage|p2a: Walking Wake|88\/100|[from] Stealth Rock\n|-activate|p2a: Walking Wake|ability: Protosynthesis\n|-start|p2a: Walking Wake|protosynthesisspa\n|turn|8\n|\n|t:|1700239018\n|switch|p1a: Gastrodon|Gastrodon, F|100\/100\n|-damage|p1a: Gastrodon|94\/100|[from] Stealth Rock\n|move|p2a: Walking Wake|Draco Meteor|p1a: Gastrodon|[miss]\n|-miss|p2a: Walking Wake|p1a: Gastrodon\n|\n|-weather|SunnyDay|[upkeep]\n|-heal|p1a: Gastrodon|100\/100|[from] item: Leftovers\n|upkeep\n|turn|9\n|\n|t:|1700239028\n|move|p2a: Walking Wake|Draco Meteor|p1a: Gastrodon\n|-damage|p1a: Gastrodon|20\/100\n|-unboost|p2a: Walking Wake|spa|2\n|move|p1a: Gastrodon|Earth Power|p2a: Walking Wake\n|-damage|p2a: Walking Wake|54\/100\n|\n|-weather|SunnyDay|[upkeep]\n|-heal|p1a: Gastrodon|26\/100|[from] item: Leftovers\n|upkeep\n|turn|10\n|\n|t:|1700239038\n|switch|p1a: Corviknight|Corviknight, F, shiny|45\/100\n|-damage|p1a: Corviknight|33\/100|[from] Stealth Rock\n|-ability|p1a: Corviknight|Pressure\n|move|p2a: Walking Wake|Draco Meteor|p1a: Corviknight\n|-resisted|p1a: Corviknight\n|-damage|p1a: Corviknight|0 fnt\n|-unboost|p2a: Walking Wake|spa|2\n|faint|p1a: Corviknight\n|\n|-weather|SunnyDay|[upkeep]\n|upkeep\n|\n|t:|1700239045\n|switch|p1a: Lucario|Lucario, M, shiny|100\/100\n|-damage|p1a: Lucario|98\/100|[from] Stealth Rock\n|turn|11\n|\n|t:|1700239056\n|-end|p2a: Walking Wake|Protosynthesis|[silent]\n|switch|p2a: Great Tusk|Great Tusk|100\/100\n|-damage|p2a: Great Tusk|97\/100|[from] Stealth Rock\n|-activate|p2a: Great Tusk|ability: Protosynthesis\n|-start|p2a: Great Tusk|protosynthesisspe\n|move|p1a: Lucario|Swords Dance|p1a: Lucario\n|-boost|p1a: Lucario|atk|2\n|\n|-weather|none\n|-end|p2a: Great Tusk|Protosynthesis\n|upkeep\n|-enditem|p2a: Great Tusk|Booster Energy\n|-activate|p2a: Great Tusk|ability: Protosynthesis|[fromitem]\n|-start|p2a: Great Tusk|protosynthesisspe\n|turn|12\n|\n|t:|1700239069\n|move|p1a: Lucario|Extreme Speed|p2a: Great Tusk\n|-damage|p2a: Great Tusk|57\/100\n|-damage|p1a: Lucario|88\/100|[from] item: Life Orb\n|move|p2a: Great Tusk|Headlong Rush|p1a: Lucario\n|-supereffective|p1a: Lucario\n|-damage|p1a: Lucario|0 fnt\n|-unboost|p2a: Great Tusk|def|1\n|-unboost|p2a: Great Tusk|spd|1\n|faint|p1a: Lucario\n|\n|upkeep\n|\n|t:|1700239079\n|switch|p1a: Kilowattrel|Kilowattrel, M, shiny|100\/100\n|-damage|p1a: Kilowattrel|76\/100|[from] Stealth Rock\n|turn|13\n|\n|t:|1700239085\n|move|p2a: Great Tusk|Ice Spinner|p1a: Kilowattrel\n|-supereffective|p1a: Kilowattrel\n|-damage|p1a: Kilowattrel|0 fnt\n|faint|p1a: Kilowattrel\n|\n|upkeep\n|\n|t:|1700239089\n|switch|p1a: Cinderace|Cinderace, F|100\/100\n|turn|14\n|\n|t:|1700239093\n|-terastallize|p1a: Cinderace|Fighting\n|move|p2a: Great Tusk|Headlong Rush|p1a: Cinderace\n|-damage|p1a: Cinderace|28\/100\n|-unboost|p2a: Great Tusk|def|1\n|-unboost|p2a: Great Tusk|spd|1\n|move|p1a: Cinderace|High Jump Kick|p2a: Great Tusk\n|-damage|p2a: Great Tusk|0 fnt\n|faint|p2a: Great Tusk\n|-end|p2a: Great Tusk|Protosynthesis|[silent]\n|\n|upkeep\n|\n|t:|1700239106\n|switch|p2a: Ceruledge|Ceruledge, F|100\/100\n|-damage|p2a: Ceruledge|76\/100|[from] Stealth Rock\n|-item|p2a: Ceruledge|Air Balloon\n|turn|15\n|\n|t:|1700239113\n|move|p1a: Cinderace|U-turn|p2a: Ceruledge\n|-resisted|p2a: Ceruledge\n|-damage|p2a: Ceruledge|69\/100\n|-enditem|p2a: Ceruledge|Air Balloon\n|\n|t:|1700239118\n|switch|p1a: Gastrodon|Gastrodon, F|26\/100|[from] U-turn\n|-damage|p1a: Gastrodon|20\/100|[from] Stealth Rock\n|move|p2a: Ceruledge|Bitter Blade|p1a: Gastrodon\n|-resisted|p1a: Gastrodon\n|-damage|p1a: Gastrodon|0 fnt\n|-heal|p2a: Ceruledge|83\/100|[from] drain|[of] p1a: Gastrodon\n|faint|p1a: Gastrodon\n|\n|upkeep\n|\n|t:|1700239122\n|switch|p1a: Cinderace|Cinderace, F|100\/100\n|-damage|p1a: Cinderace|88\/100|[from] Stealth Rock\n|-start|p1a: Cinderace|typechange|Fighting|[silent]\n|turn|16\n|\n|t:|1700239135\n|move|p1a: Cinderace|Shadow Ball|p2a: Ceruledge\n|-supereffective|p2a: Ceruledge\n|-damage|p2a: Ceruledge|0 fnt\n|faint|p2a: Ceruledge\n|\n|upkeep\n|\n|t:|1700239141\n|switch|p2a: Walking Wake|Walking Wake|54\/100\n|-damage|p2a: Walking Wake|41\/100|[from] Stealth Rock\n|turn|17\n|\n|t:|1700239148\n|move|p1a: Cinderace|Shadow Ball|p2a: Walking Wake\n|-damage|p2a: Walking Wake|0 fnt\n|faint|p2a: Walking Wake\n|-end|p2a: Walking Wake|Protosynthesis|[silent]\n|\n|upkeep\n|\n|t:|1700239153\n|switch|p2a: Kingambit|Kingambit, M|100\/100\n|-damage|p2a: Kingambit|94\/100|[from] Stealth Rock\n|-activate|p2a: Kingambit|ability: Supreme Overlord\n|-start|p2a: Kingambit|fallen5|[silent]\n|turn|18\n|\n|t:|1700239163\n|move|p1a: Cinderace|Will-O-Wisp|p2a: Kingambit\n|-status|p2a: Kingambit|brn\n|move|p2a: Kingambit|Swords Dance|p2a: Kingambit\n|-boost|p2a: Kingambit|atk|2\n|\n|-heal|p2a: Kingambit|100\/100 brn|[from] item: Leftovers\n|-damage|p2a: Kingambit|94\/100 brn|[from] brn\n|upkeep\n|turn|19\n|\n|t:|1700239175\n|move|p1a: Cinderace|Flamethrower|p2a: Kingambit\n|-supereffective|p2a: Kingambit\n|-damage|p2a: Kingambit|26\/100 brn\n|move|p2a: Kingambit|Kowtow Cleave|p1a: Cinderace\n|-supereffective|p1a: Cinderace\n|-damage|p1a: Cinderace|0 fnt\n|replace|p1a: Zoroark|Zoroark-Hisui, F\n|-end|p1a: Zoroark|Illusion\n|faint|p1a: Zoroark\n|\n|-heal|p2a: Kingambit|32\/100 brn|[from] item: Leftovers\n|-damage|p2a: Kingambit|26\/100 brn|[from] brn\n|upkeep\n|\n|t:|1700239182\n|switch|p1a: Cinderace|Cinderace, F, tera:Fighting|28\/100\n|turn|20\n|\n|t:|1700239190\n|move|p2a: Kingambit|Sucker Punch|p1a: Cinderace\n|-resisted|p1a: Cinderace\n|-damage|p1a: Cinderace|0 fnt\n|faint|p1a: Cinderace\n|\n|win|jay9ne\n|raw|Parrot D's rating: 1312 &rarr; <strong>1288<\/strong><br \/>(-24 for losing)\n|raw|jay9ne's rating: 1245 &rarr; <strong>1275<\/strong><br \/>(+30 for winning)\n|l|\u2606Parrot D\n","uploadtime":1700239273,"views":18,"p1id":"parrotd","p2id":"jay9ne","formatid":"gen9ou","rating":1275,"private":0,"password":""}