{"id":"gen9ou-1988622988","p1":"a12qsd","p2":"HHB John","format":"[Gen 9] OU","log":"|j|\u2606a12qsd\n|j|\u2606HHB John\n|t:|1699743099\n|gametype|singles\n|player|p1|a12qsd|102|1707\n|player|p2|HHB John|swimmer-gen4dp|1815\n|teamsize|p1|6\n|teamsize|p2|6\n|gen|9\n|tier|[Gen 9] OU\n|rated|\n|rule|Sleep Clause Mod: Limit one foe put to sleep\n|rule|Species Clause: Limit one of each Pok\u00e9mon\n|rule|OHKO Clause: OHKO moves are banned\n|rule|Evasion Items Clause: Evasion items are banned\n|rule|Evasion Moves Clause: Evasion moves are banned\n|rule|Endless Battle Clause: Forcing endless battles is banned\n|rule|HP Percentage Mod: HP is shown in percentages\n|clearpoke\n|poke|p1|Ogerpon-Cornerstone, F|\n|poke|p1|Greninja-*, M|\n|poke|p1|Slither Wing|\n|poke|p1|Cinderace, M|\n|poke|p1|Slowking-Galar, F|\n|poke|p1|Zapdos|\n|poke|p2|Alomomola, F|\n|poke|p2|Slowking-Galar, F|\n|poke|p2|Kingambit, F|\n|poke|p2|Great Tusk|\n|poke|p2|Cinderace, F|\n|poke|p2|Thundurus-Therian, M|\n|teampreview\n|\n|t:|1699743141\n|start\n|switch|p1a: Ogerpon|Ogerpon-Cornerstone, F|100\/100\n|switch|p2a: Alomomola|Alomomola, F|100\/100\n|turn|1\n|\n|t:|1699743161\n|move|p1a: Ogerpon|Swords Dance|p1a: Ogerpon\n|-boost|p1a: Ogerpon|atk|2\n|move|p2a: Alomomola|Flip Turn|p1a: Ogerpon\n|-damage|p1a: Ogerpon|78\/100\n|j| AquiIo\n|\n|t:|1699743175\n|switch|p2a: Cinderace|Cinderace, F|100\/100|[from] Flip Turn\n|\n|upkeep\n|turn|2\n|\n|t:|1699743182\n|-terastallize|p1a: Ogerpon|Rock\n|detailschange|p1a: Ogerpon|Ogerpon-Cornerstone-Tera, F, tera:Rock\n|-ability|p1a: Ogerpon|Embody Aspect (Cornerstone)|boost\n|-boost|p1a: Ogerpon|def|1\n|move|p2a: Cinderace|U-turn|p1a: Ogerpon\n|-start|p2a: Cinderace|typechange|Bug|[from] ability: Libero\n|-damage|p1a: Ogerpon|51\/100\n|\n|t:|1699743190\n|switch|p2a: Alomomola|Alomomola, F|100\/100|[from] U-turn\n|move|p1a: Ogerpon|Ivy Cudgel|p2a: Alomomola\n|-damage|p2a: Alomomola|11\/100\n|-enditem|p2a: Alomomola|Red Card|[of] p1a: Ogerpon\n|drag|p1a: Greninja|Greninja, M|100\/100\n|\n|upkeep\n|turn|3\n|\n|t:|1699743205\n|switch|p2a: Kingambit|Kingambit, F|100\/100\n|move|p1a: Greninja|U-turn|p2a: Kingambit\n|-damage|p2a: Kingambit|91\/100\n|\n|t:|1699743210\n|switch|p1a: Slither Wing|Slither Wing|100\/100|[from] U-turn\n|\n|-heal|p2a: Kingambit|97\/100|[from] item: Leftovers\n|upkeep\n|turn|4\n|\n|t:|1699743241\n|-end|p2a: Kingambit|fallenundefined|[silent]\n|switch|p2a: Slowking|Slowking-Galar, F|100\/100\n|move|p1a: Slither Wing|U-turn|p2a: Slowking\n|-damage|p2a: Slowking|40\/100\n|j| syde\n|\n|t:|1699743277\n|-end|p1a: Slither Wing|Protosynthesis|[silent]\n|switch|p1a: Greninja|Greninja, M|100\/100|[from] U-turn\n|\n|upkeep\n|turn|5\n|\n|t:|1699743290\n|switch|p2a: Kingambit|Kingambit, F|97\/100\n|move|p1a: Greninja|Surf|p2a: Kingambit\n|-damage|p2a: Kingambit|39\/100\n|\n|-heal|p2a: Kingambit|46\/100|[from] item: Leftovers\n|upkeep\n|turn|6\n|\n|t:|1699743319\n|-end|p2a: Kingambit|fallenundefined|[silent]\n|switch|p2a: Slowking|Slowking-Galar, F|73\/100\n|move|p1a: Greninja|Surf|p2a: Slowking\n|-damage|p2a: Slowking|37\/100\n|\n|upkeep\n|turn|7\n|\n|t:|1699743329\n|move|p1a: Greninja|Surf|p2a: Slowking\n|-damage|p2a: Slowking|3\/100\n|move|p2a: Slowking|Chilly Reception|p2a: Slowking\n|-weather|Snow\n|\n|t:|1699743340\n|switch|p2a: Thundurus|Thundurus-Therian, M|100\/100|[from] Chilly Reception\n|\n|-weather|Snow|[upkeep]\n|upkeep\n|turn|8\n|\n|t:|1699743348\n|switch|p1a: Slowking|Slowking-Galar, F|100\/100\n|move|p2a: Thundurus|Volt Switch|p1a: Slowking\n|-damage|p1a: Slowking|68\/100\n|l| AquiIo\n|\n|t:|1699743374\n|switch|p2a: Cinderace|Cinderace, F|100\/100|[from] Volt Switch\n|\n|-weather|Snow|[upkeep]\n|upkeep\n|turn|9\n|\n|t:|1699743386\n|move|p2a: Cinderace|Pyro Ball|p1a: Slowking\n|-damage|p1a: Slowking|11\/100\n|move|p1a: Slowking|Chilly Reception|p1a: Slowking\n|\n|t:|1699743389\n|switch|p1a: Greninja|Greninja, M|100\/100|[from] Chilly Reception\n|\n|-weather|Snow|[upkeep]\n|upkeep\n|turn|10\n|\n|t:|1699743396\n|-terastallize|p2a: Cinderace|Grass\n|move|p1a: Greninja|Surf|p2a: Cinderace\n|-resisted|p2a: Cinderace\n|-damage|p2a: Cinderace|56\/100\n|move|p2a: Cinderace|U-turn|p1a: Greninja\n|-supereffective|p1a: Greninja\n|-damage|p1a: Greninja|27\/100\n|\n|t:|1699743431\n|switch|p2a: Alomomola|Alomomola, F|45\/100|[from] U-turn\n|\n|-weather|Snow|[upkeep]\n|upkeep\n|turn|11\n|\n|t:|1699743436\n|move|p1a: Greninja|Surf|p2a: Alomomola\n|-resisted|p2a: Alomomola\n|-damage|p2a: Alomomola|19\/100\n|move|p2a: Alomomola|Flip Turn|p1a: Greninja\n|-resisted|p1a: Greninja\n|-damage|p1a: Greninja|13\/100\n|\n|t:|1699743463\n|switch|p2a: Cinderace|Cinderace, F, tera:Grass|56\/100|[from] Flip Turn\n|\n|-weather|none\n|upkeep\n|turn|12\n|\n|t:|1699743468\n|switch|p1a: Zapdos|Zapdos|100\/100\n|move|p2a: Cinderace|Pyro Ball|p1a: Zapdos\n|-damage|p1a: Zapdos|34\/100\n|\n|upkeep\n|turn|13\n|\n|t:|1699743475\n|switch|p1a: Cinderace|Cinderace, M|100\/100\n|move|p2a: Cinderace|Pyro Ball|p1a: Cinderace|[miss]\n|-miss|p2a: Cinderace|p1a: Cinderace\n|\n|upkeep\n|turn|14\n|\n|t:|1699743523\n|switch|p2a: Alomomola|Alomomola, F|53\/100\n|move|p1a: Cinderace|Will-O-Wisp|p2a: Alomomola\n|-status|p2a: Alomomola|brn\n|\n|-damage|p2a: Alomomola|46\/100 brn|[from] brn\n|upkeep\n|turn|15\n|\n|t:|1699743533\n|move|p1a: Cinderace|Pyro Ball|p2a: Alomomola\n|-resisted|p2a: Alomomola\n|-damage|p2a: Alomomola|28\/100 brn\n|move|p2a: Alomomola|Flip Turn|p1a: Cinderace\n|-supereffective|p1a: Cinderace\n|-damage|p1a: Cinderace|76\/100\n|\n|t:|1699743562\n|switch|p2a: Thundurus|Thundurus-Therian, M|100\/100|[from] Flip Turn\n|\n|upkeep\n|turn|16\n|\n|t:|1699743565\n|move|p1a: Cinderace|Pyro Ball|p2a: Thundurus\n|-damage|p2a: Thundurus|8\/100\n|move|p2a: Thundurus|Volt Switch|p1a: Cinderace\n|-damage|p1a: Cinderace|0 fnt\n|faint|p1a: Cinderace\n|\n|t:|1699743590\n|switch|p2a: Cinderace|Cinderace, F, tera:Grass|56\/100|[from] Volt Switch\n|\n|upkeep\n|\n|t:|1699743595\n|switch|p1a: Slither Wing|Slither Wing|100\/100\n|turn|17\n|\n|t:|1699743606\n|switch|p2a: Great Tusk|Great Tusk|100\/100\n|move|p1a: Slither Wing|U-turn|p2a: Great Tusk\n|-resisted|p2a: Great Tusk\n|-damage|p2a: Great Tusk|81\/100\n|-damage|p1a: Slither Wing|84\/100|[from] item: Rocky Helmet|[of] p2a: Great Tusk\n|\n|t:|1699743610\n|-end|p1a: Slither Wing|Protosynthesis|[silent]\n|switch|p1a: Greninja|Greninja, M|13\/100|[from] U-turn\n|\n|upkeep\n|turn|18\n|\n|t:|1699743620\n|-end|p2a: Great Tusk|Protosynthesis|[silent]\n|switch|p2a: Alomomola|Alomomola, F|61\/100 brn\n|move|p1a: Greninja|Surf|p2a: Alomomola\n|-resisted|p2a: Alomomola\n|-damage|p2a: Alomomola|34\/100 brn\n|\n|-damage|p2a: Alomomola|28\/100 brn|[from] brn\n|upkeep\n|turn|19\n|\n|t:|1699743628\n|move|p1a: Greninja|Surf|p2a: Alomomola\n|-resisted|p2a: Alomomola\n|-damage|p2a: Alomomola|0 fnt\n|faint|p2a: Alomomola\n|-ability|p1a: Greninja|Battle Bond|boost\n|-boost|p1a: Greninja|atk|1\n|-boost|p1a: Greninja|spa|1\n|-boost|p1a: Greninja|spe|1\n|-activate|p1a: Greninja|ability: Battle Bond\n|\n|upkeep\n|\n|t:|1699743633\n|switch|p2a: Kingambit|Kingambit, F|46\/100\n|-activate|p2a: Kingambit|ability: Supreme Overlord\n|-start|p2a: Kingambit|fallen1|[silent]\n|turn|20\n|\n|t:|1699743637\n|switch|p1a: Slither Wing|Slither Wing|84\/100\n|move|p2a: Kingambit|Sucker Punch||[still]\n|-fail|p2a: Kingambit\n|\n|-heal|p2a: Kingambit|52\/100|[from] item: Leftovers\n|upkeep\n|turn|21\n|j| gosuBX\n|\n|t:|1699743661\n|move|p1a: Slither Wing|U-turn|p2a: Kingambit\n|-damage|p2a: Kingambit|14\/100\n|\n|t:|1699743669\n|-end|p1a: Slither Wing|Protosynthesis|[silent]\n|switch|p1a: Slowking|Slowking-Galar, F|44\/100|[from] U-turn\n|move|p2a: Kingambit|Kowtow Cleave|p1a: Slowking\n|-supereffective|p1a: Slowking\n|-damage|p1a: Slowking|0 fnt\n|faint|p1a: Slowking\n|\n|-heal|p2a: Kingambit|20\/100|[from] item: Leftovers\n|upkeep\n|\n|t:|1699743671\n|switch|p1a: Slither Wing|Slither Wing|84\/100\n|turn|22\n|\n|t:|1699743699\n|-end|p2a: Kingambit|fallen1|[silent]\n|switch|p2a: Slowking|Slowking-Galar, F|36\/100\n|move|p1a: Slither Wing|U-turn|p2a: Slowking\n|-damage|p2a: Slowking|0 fnt\n|faint|p2a: Slowking\n|\n|t:|1699743707\n|-end|p1a: Slither Wing|Protosynthesis|[silent]\n|switch|p1a: Greninja|Greninja, M|13\/100|[from] U-turn\n|\n|upkeep\n|\n|t:|1699743755\n|switch|p2a: Cinderace|Cinderace, F, tera:Grass|56\/100\n|turn|23\n|\n|t:|1699743760\n|switch|p2a: Great Tusk|Great Tusk|81\/100\n|move|p1a: Greninja|Ice Beam|p2a: Great Tusk\n|-supereffective|p2a: Great Tusk\n|-damage|p2a: Great Tusk|0 fnt\n|faint|p2a: Great Tusk\n|-end|p2a: Great Tusk|Protosynthesis|[silent]\n|\n|upkeep\n|\n|t:|1699743765\n|switch|p2a: Kingambit|Kingambit, F|20\/100\n|-activate|p2a: Kingambit|ability: Supreme Overlord\n|-start|p2a: Kingambit|fallen3|[silent]\n|turn|24\n|\n|t:|1699743782\n|switch|p1a: Ogerpon|Ogerpon-Cornerstone-Tera, F, tera:Rock|51\/100\n|-ability|p1a: Ogerpon|Embody Aspect (Cornerstone)|boost\n|-boost|p1a: Ogerpon|def|1\n|move|p2a: Kingambit|Sucker Punch||[still]\n|-fail|p2a: Kingambit\n|\n|-heal|p2a: Kingambit|26\/100|[from] item: Leftovers\n|upkeep\n|turn|25\n|\n|t:|1699743804\n|move|p2a: Kingambit|Sucker Punch|p1a: Ogerpon\n|-damage|p1a: Ogerpon|7\/100\n|move|p1a: Ogerpon|Ivy Cudgel|p2a: Kingambit\n|-resisted|p2a: Kingambit\n|-damage|p2a: Kingambit|0 fnt\n|faint|p2a: Kingambit\n|-end|p2a: Kingambit|fallen3|[silent]\n|\n|upkeep\n|\n|t:|1699743807\n|switch|p2a: Cinderace|Cinderace, F, tera:Grass|56\/100\n|turn|26\n|\n|t:|1699743811\n|move|p2a: Cinderace|U-turn|p1a: Ogerpon\n|-damage|p1a: Ogerpon|0 fnt\n|faint|p1a: Ogerpon\n|\n|t:|1699743815\n|switch|p2a: Thundurus|Thundurus-Therian, M|8\/100|[from] U-turn\n|\n|upkeep\n|\n|t:|1699743817\n|switch|p1a: Greninja|Greninja, M|13\/100\n|turn|27\n|\n|t:|1699743822\n|move|p1a: Greninja|Ice Beam|p2a: Thundurus\n|-supereffective|p2a: Thundurus\n|-damage|p2a: Thundurus|0 fnt\n|faint|p2a: Thundurus\n|\n|upkeep\n|-message|HHB John forfeited.\n|\n|win|a12qsd\n|raw|a12qsd's rating: 1707 &rarr; <strong>1733<\/strong><br \/>(+26 for winning)\n|raw|HHB John's rating: 1815 &rarr; <strong>1789<\/strong><br \/>(-26 for losing)\n|l|\u2606HHB John\n|c|\u2606a12qsd|gg\n","uploadtime":1699743835,"views":29,"p1id":"a12qsd","p2id":"hhbjohn","formatid":"gen9ou","rating":1733,"private":0,"password":""}