{"id":"gen9ou-1994269184","p1":"KC177","p2":"Swizzlle","format":"[Gen 9] OU","log":"|j|\u2606KC177\n|j|\u2606Swizzlle\n|t:|1700425414\n|gametype|singles\n|player|p1|KC177|palmer|1294\n|player|p2|Swizzlle|ingo|1339\n|teamsize|p1|6\n|teamsize|p2|6\n|gen|9\n|tier|[Gen 9] OU\n|rated|\n|rule|Sleep Clause Mod: Limit one foe put to sleep\n|rule|Species Clause: Limit one of each Pok\u00e9mon\n|rule|OHKO Clause: OHKO moves are banned\n|rule|Evasion Items Clause: Evasion items are banned\n|rule|Evasion Moves Clause: Evasion moves are banned\n|rule|Endless Battle Clause: Forcing endless battles is banned\n|rule|HP Percentage Mod: HP is shown in percentages\n|clearpoke\n|poke|p1|Walking Wake|\n|poke|p1|Iron Moth|\n|poke|p1|Zamazenta-*|\n|poke|p1|Maushold-Four|\n|poke|p1|Dragonite, M|\n|poke|p1|Kingambit, F|\n|poke|p2|Mudsdale, F|\n|poke|p2|Bellibolt, M|\n|poke|p2|Brambleghast, M|\n|poke|p2|Conkeldurr, F|\n|poke|p2|Umbreon, M|\n|poke|p2|Ursaring, M|\n|teampreview\n|\n|t:|1700425428\n|start\n|switch|p1a: Iron Moth|Iron Moth|100\/100\n|switch|p2a: Mudsdale|Mudsdale, F|100\/100\n|-enditem|p1a: Iron Moth|Booster Energy\n|-activate|p1a: Iron Moth|ability: Quark Drive|[fromitem]\n|-start|p1a: Iron Moth|quarkdrivespe\n|turn|1\n|\n|t:|1700425435\n|-end|p1a: Iron Moth|Quark Drive|[silent]\n|switch|p1a: Dragonite|Dragonite, M|100\/100\n|move|p2a: Mudsdale|Earthquake|p1a: Dragonite\n|-immune|p1a: Dragonite\n|\n|upkeep\n|turn|2\n|\n|t:|1700425440\n|move|p1a: Dragonite|Dragon Dance|p1a: Dragonite\n|-boost|p1a: Dragonite|atk|1\n|-boost|p1a: Dragonite|spe|1\n|move|p2a: Mudsdale|Stealth Rock|p1a: Dragonite\n|-sidestart|p1: KC177|move: Stealth Rock\n|\n|upkeep\n|turn|3\n|\n|t:|1700425446\n|move|p1a: Dragonite|Dragon Dance|p1a: Dragonite\n|-boost|p1a: Dragonite|atk|1\n|-boost|p1a: Dragonite|spe|1\n|move|p2a: Mudsdale|Roar|p1a: Dragonite\n|drag|p1a: Walking Wake|Walking Wake|100\/100\n|-damage|p1a: Walking Wake|88\/100|[from] Stealth Rock\n|-enditem|p1a: Walking Wake|Booster Energy\n|-activate|p1a: Walking Wake|ability: Protosynthesis|[fromitem]\n|-start|p1a: Walking Wake|protosynthesisspa\n|\n|upkeep\n|turn|4\n|inactive|Battle timer is ON: inactive players will automatically lose when time's up. (requested by KC177)\n|\n|t:|1700425455\n|switch|p2a: Ursaring|Ursaring, M|100\/100\n|move|p1a: Walking Wake|Substitute|p1a: Walking Wake\n|-start|p1a: Walking Wake|Substitute\n|-damage|p1a: Walking Wake|63\/100\n|\n|upkeep\n|turn|5\n|\n|t:|1700425461\n|move|p1a: Walking Wake|Hydro Pump|p2a: Ursaring\n|-damage|p2a: Ursaring|53\/100\n|move|p2a: Ursaring|Body Slam|p1a: Walking Wake\n|-end|p1a: Walking Wake|Substitute\n|\n|upkeep\n|turn|6\n|\n|t:|1700425472\n|-end|p1a: Walking Wake|Protosynthesis|[silent]\n|switch|p1a: Iron Moth|Iron Moth|100\/100\n|-damage|p1a: Iron Moth|76\/100|[from] Stealth Rock\n|move|p2a: Ursaring|Play Rough|p1a: Iron Moth\n|-resisted|p1a: Iron Moth\n|-damage|p1a: Iron Moth|67\/100\n|\n|upkeep\n|turn|7\n|\n|t:|1700425479\n|move|p1a: Iron Moth|Fiery Dance|p2a: Ursaring\n|-damage|p2a: Ursaring|31\/100\n|move|p2a: Ursaring|Earthquake|p1a: Iron Moth\n|-supereffective|p1a: Iron Moth\n|-damage|p1a: Iron Moth|0 fnt\n|faint|p1a: Iron Moth\n|-end|p1a: Iron Moth|Quark Drive|[silent]\n|\n|upkeep\n|\n|t:|1700425491\n|switch|p1a: Zamazenta|Zamazenta|100\/100\n|-damage|p1a: Zamazenta|95\/100|[from] Stealth Rock\n|-ability|p1a: Zamazenta|Dauntless Shield|boost\n|-boost|p1a: Zamazenta|def|1\n|turn|8\n|\n|t:|1700425502\n|switch|p2a: Mudsdale|Mudsdale, F|100\/100\n|move|p1a: Zamazenta|Iron Defense|p1a: Zamazenta\n|-boost|p1a: Zamazenta|def|2\n|\n|-heal|p1a: Zamazenta|100\/100|[from] item: Leftovers\n|upkeep\n|turn|9\n|\n|t:|1700425509\n|move|p1a: Zamazenta|Iron Defense|p1a: Zamazenta\n|-boost|p1a: Zamazenta|def|2\n|move|p2a: Mudsdale|Roar|p1a: Zamazenta\n|drag|p1a: Kingambit|Kingambit, F|100\/100\n|-damage|p1a: Kingambit|94\/100|[from] Stealth Rock\n|-activate|p1a: Kingambit|ability: Supreme Overlord\n|-start|p1a: Kingambit|fallen1|[silent]\n|\n|upkeep\n|turn|10\n|\n|t:|1700425519\n|-end|p1a: Kingambit|fallen1|[silent]\n|switch|p1a: Dragonite|Dragonite, M|100\/100\n|move|p2a: Mudsdale|Body Press|p1a: Dragonite\n|-resisted|p1a: Dragonite\n|-damage|p1a: Dragonite|94\/100\n|\n|upkeep\n|turn|11\n|\n|t:|1700425528\n|move|p1a: Dragonite|Ice Spinner|p2a: Mudsdale\n|-supereffective|p2a: Mudsdale\n|-damage|p2a: Mudsdale|64\/100\n|-ability|p2a: Mudsdale|Stamina|boost\n|-boost|p2a: Mudsdale|def|1\n|move|p2a: Mudsdale|Roar|p1a: Dragonite\n|drag|p1a: Zamazenta|Zamazenta|100\/100\n|-damage|p1a: Zamazenta|95\/100|[from] Stealth Rock\n|\n|-heal|p1a: Zamazenta|100\/100|[from] item: Leftovers\n|-heal|p2a: Mudsdale|71\/100|[from] item: Leftovers\n|upkeep\n|turn|12\n|\n|t:|1700425538\n|move|p1a: Zamazenta|Substitute|p1a: Zamazenta\n|-start|p1a: Zamazenta|Substitute\n|-damage|p1a: Zamazenta|76\/100\n|move|p2a: Mudsdale|Body Press|p1a: Zamazenta\n|-end|p1a: Zamazenta|Substitute\n|\n|-heal|p1a: Zamazenta|82\/100|[from] item: Leftovers\n|-heal|p2a: Mudsdale|77\/100|[from] item: Leftovers\n|upkeep\n|turn|13\n|\n|t:|1700425546\n|move|p1a: Zamazenta|Iron Defense|p1a: Zamazenta\n|-boost|p1a: Zamazenta|def|2\n|move|p2a: Mudsdale|Body Press|p1a: Zamazenta\n|-damage|p1a: Zamazenta|65\/100\n|\n|-heal|p1a: Zamazenta|71\/100|[from] item: Leftovers\n|-heal|p2a: Mudsdale|83\/100|[from] item: Leftovers\n|upkeep\n|turn|14\n|\n|t:|1700425555\n|move|p1a: Zamazenta|Body Press|p2a: Mudsdale\n|-crit|p2a: Mudsdale\n|-damage|p2a: Mudsdale|24\/100\n|-ability|p2a: Mudsdale|Stamina|boost\n|-boost|p2a: Mudsdale|def|1\n|move|p2a: Mudsdale|Roar|p1a: Zamazenta\n|drag|p1a: Kingambit|Kingambit, F|94\/100\n|-damage|p1a: Kingambit|88\/100|[from] Stealth Rock\n|-activate|p1a: Kingambit|ability: Supreme Overlord\n|-start|p1a: Kingambit|fallen1|[silent]\n|\n|-heal|p2a: Mudsdale|30\/100|[from] item: Leftovers\n|upkeep\n|turn|15\n|\n|t:|1700425570\n|move|p1a: Kingambit|Kowtow Cleave|p2a: Mudsdale\n|-crit|p2a: Mudsdale\n|-damage|p2a: Mudsdale|0 fnt\n|faint|p2a: Mudsdale\n|\n|upkeep\n|c|\u2606Swizzlle|wow\n|c|\u2606Swizzlle|skill\n|\n|t:|1700425582\n|switch|p2a: Conkeldurr|Conkeldurr, F|100\/100\n|turn|16\n|c|\u2606KC177|says the mf\n|c|\u2606KC177|who has to roar\n|c|\u2606KC177|every time\n|c|\u2606KC177|to prevent me from sweeping\n|c|\u2606Swizzlle|yeah thats a move im clicking\n|inactive|Swizzlle has 120 seconds left.\n|c|\u2606KC177|yeah\n|c|\u2606Swizzlle|two crits in a row is luck\n|c|\u2606Swizzlle|dumbass\n|\n|t:|1700425613\n|-end|p1a: Kingambit|fallen1|[silent]\n|switch|p1a: Zamazenta|Zamazenta|71\/100\n|-damage|p1a: Zamazenta|65\/100|[from] Stealth Rock\n|move|p2a: Conkeldurr|Knock Off|p1a: Zamazenta\n|-resisted|p1a: Zamazenta\n|-damage|p1a: Zamazenta|49\/100\n|-enditem|p1a: Zamazenta|Leftovers|[from] move: Knock Off|[of] p2a: Conkeldurr\n|\n|-status|p2a: Conkeldurr|brn|[from] item: Flame Orb\n|upkeep\n|turn|17\n|c|\u2606KC177|just chip the team with hazards\n|c|\u2606KC177|and don't do anything\n|inactive|Swizzlle has 120 seconds left.\n|c|\u2606KC177|skill\n|c|\u2606Swizzlle|im not relying on rng\n|c|\u2606KC177|neither am I goofy\n|inactive|Swizzlle has 90 seconds left.\n|c|\u2606Swizzlle|also if ur losing to ru mons thats a you problem LOL\n|c|\u2606KC177|im down to sac gambit\n|c|\u2606Swizzlle|u r??\n|c|\u2606KC177|yup\n|c|\u2606KC177|yup\n|c|\u2606Swizzlle|ur gambit lived\n|c|\u2606Swizzlle|cuz of rng\n|c|\u2606KC177|oh no\n|c|\u2606KC177|hes like my worst mon\n|c|\u2606Swizzlle|hes not\n|c|\u2606KC177|why I was just gonna sac him\n|c|\u2606Swizzlle|at all\n|inactive|Swizzlle has 60 seconds left.\n|c|\u2606Swizzlle|u might be stupid\n|c|\u2606KC177|gg\n|\n|t:|1700425687\n|move|p1a: Zamazenta|Iron Defense|p1a: Zamazenta\n|-boost|p1a: Zamazenta|def|2\n|move|p2a: Conkeldurr|Close Combat|p1a: Zamazenta\n|-damage|p1a: Zamazenta|5\/100\n|-unboost|p2a: Conkeldurr|def|1\n|-unboost|p2a: Conkeldurr|spd|1\n|\n|-damage|p2a: Conkeldurr|94\/100 brn|[from] brn\n|upkeep\n|turn|18\n|inactive|Swizzlle has 60 seconds left.\n|\n|t:|1700425695\n|move|p2a: Conkeldurr|Mach Punch|p1a: Zamazenta\n|-crit|p1a: Zamazenta\n|-damage|p1a: Zamazenta|0 fnt\n|faint|p1a: Zamazenta\n|\n|-damage|p2a: Conkeldurr|88\/100 brn|[from] brn\n|upkeep\n|\n|t:|1700425712\n|switch|p1a: Maushold|Maushold-Four|100\/100\n|-damage|p1a: Maushold|88\/100|[from] Stealth Rock\n|turn|19\n|\n|t:|1700425718\n|-terastallize|p1a: Maushold|Ghost\n|move|p1a: Maushold|Encore|p2a: Conkeldurr\n|-start|p2a: Conkeldurr|Encore\n|move|p2a: Conkeldurr|Mach Punch|p1a: Maushold\n|-immune|p1a: Maushold\n|\n|-damage|p2a: Conkeldurr|82\/100 brn|[from] brn\n|upkeep\n|turn|20\n|\n|t:|1700425727\n|switch|p2a: Brambleghast|Brambleghast, M|100\/100\n|move|p1a: Maushold|Tidy Up|p1a: Maushold\n|-sideend|p1: KC177|Stealth Rock\n|-activate|p1a: Maushold|move: Tidy Up\n|-boost|p1a: Maushold|atk|1\n|-boost|p1a: Maushold|spe|1\n|\n|upkeep\n|turn|21\n|\n|t:|1700425742\n|switch|p1a: Kingambit|Kingambit, F|88\/100\n|-activate|p1a: Kingambit|ability: Supreme Overlord\n|-start|p1a: Kingambit|fallen2|[silent]\n|move|p2a: Brambleghast|Shadow Sneak|p1a: Kingambit\n|-resisted|p1a: Kingambit\n|-damage|p1a: Kingambit|80\/100\n|\n|upkeep\n|turn|22\n|\n|t:|1700425752\n|switch|p2a: Conkeldurr|Conkeldurr, F|82\/100 brn\n|move|p1a: Kingambit|Kowtow Cleave|p2a: Conkeldurr\n|-resisted|p2a: Conkeldurr\n|-damage|p2a: Conkeldurr|58\/100 brn\n|\n|-damage|p2a: Conkeldurr|52\/100 brn|[from] brn\n|upkeep\n|turn|23\n|inactive|Swizzlle has 90 seconds left.\n|\n|t:|1700425777\n|-end|p1a: Kingambit|fallen2|[silent]\n|switch|p1a: Walking Wake|Walking Wake|63\/100\n|move|p2a: Conkeldurr|Mach Punch|p1a: Walking Wake\n|-damage|p1a: Walking Wake|26\/100\n|\n|-damage|p2a: Conkeldurr|46\/100 brn|[from] brn\n|upkeep\n|turn|24\n|inactive|Swizzlle has 90 seconds left.\n|\n|t:|1700425789\n|-end|p1a: Walking Wake|Protosynthesis|[silent]\n|switch|p1a: Maushold|Maushold-Four, tera:Ghost|88\/100\n|move|p2a: Conkeldurr|Mach Punch|p1a: Maushold\n|-immune|p1a: Maushold\n|\n|-damage|p2a: Conkeldurr|40\/100 brn|[from] brn\n|upkeep\n|turn|25\n|inactive|KC177 has 120 seconds left.\n|\n|t:|1700425804\n|switch|p2a: Brambleghast|Brambleghast, M|100\/100\n|move|p1a: Maushold|Population Bomb|p2a: Brambleghast\n|-immune|p2a: Brambleghast\n|\n|upkeep\n|turn|26\n|inactive|Swizzlle has 90 seconds left.\n|\n|t:|1700425822\n|switch|p1a: Kingambit|Kingambit, F|80\/100\n|-activate|p1a: Kingambit|ability: Supreme Overlord\n|-start|p1a: Kingambit|fallen2|[silent]\n|move|p2a: Brambleghast|Power Whip|p1a: Kingambit\n|-resisted|p1a: Kingambit\n|-damage|p1a: Kingambit|55\/100\n|\n|upkeep\n|turn|27\n|inactive|Swizzlle has 90 seconds left.\n|\n|t:|1700425833\n|switch|p2a: Umbreon|Umbreon, M|100\/100\n|move|p1a: Kingambit|Iron Head|p2a: Umbreon\n|-damage|p2a: Umbreon|67\/100\n|\n|-heal|p2a: Umbreon|73\/100|[from] item: Leftovers\n|upkeep\n|turn|28\n|\n|t:|1700425841\n|-end|p1a: Kingambit|fallen2|[silent]\n|switch|p1a: Dragonite|Dragonite, M|94\/100\n|move|p2a: Umbreon|Wish|p2a: Umbreon\n|\n|-heal|p2a: Umbreon|79\/100|[from] item: Leftovers\n|upkeep\n|turn|29\n|\n|t:|1700425846\n|move|p1a: Dragonite|Dragon Dance|p1a: Dragonite\n|-boost|p1a: Dragonite|atk|1\n|-boost|p1a: Dragonite|spe|1\n|move|p2a: Umbreon|Foul Play|p1a: Dragonite\n|-damage|p1a: Dragonite|7\/100\n|\n|-heal|p2a: Umbreon|100\/100|[from] move: Wish|[wisher] Umbreon\n|upkeep\n|turn|30\n|\n|t:|1700425854\n|move|p1a: Dragonite|Earthquake|p2a: Umbreon\n|-damage|p2a: Umbreon|65\/100\n|move|p2a: Umbreon|Foul Play|p1a: Dragonite\n|-damage|p1a: Dragonite|0 fnt\n|faint|p1a: Dragonite\n|\n|-heal|p2a: Umbreon|72\/100|[from] item: Leftovers\n|upkeep\n|c|\u2606KC177|skillful player let\n|c|\u2606KC177|alert\n|c|\u2606KC177|has to heal\n|\n|t:|1700425871\n|switch|p1a: Walking Wake|Walking Wake|26\/100\n|turn|31\n|c|\u2606Swizzlle|im not the dipshit who ddanced in front of a foul play mon LOL\n|\n|t:|1700425890\n|switch|p2a: Ursaring|Ursaring, M|31\/100\n|move|p1a: Walking Wake|Substitute|p1a: Walking Wake\n|-start|p1a: Walking Wake|Substitute\n|-damage|p1a: Walking Wake|1\/100\n|\n|upkeep\n|turn|32\n|\n|t:|1700425896\n|move|p1a: Walking Wake|Dragon Pulse|p2a: Ursaring\n|-damage|p2a: Ursaring|5\/100\n|move|p2a: Ursaring|Body Slam|p1a: Walking Wake\n|-end|p1a: Walking Wake|Substitute\n|\n|upkeep\n|turn|33\n|c|\u2606Swizzlle|hardstuck 1200 with a full ou team\n|c|\u2606Swizzlle|get good\n|c|\u2606KC177|yeah ur the dip shit using the flu play mon\n|c|\u2606KC177|u literally suck my boy\n|c|\u2606KC177|wish\n|c|\u2606KC177|cause u need like 5 chances\n|c|\u2606KC177|to win\n|inactive|KC177 has 120 seconds left.\n|\n|t:|1700425930\n|move|p1a: Walking Wake|Dragon Pulse|p2a: Ursaring\n|-damage|p2a: Ursaring|0 fnt\n|faint|p2a: Ursaring\n|\n|upkeep\n|c|\u2606Swizzlle|why am i winning with an ru team then\n|c|\u2606KC177|cause u heal\n|c|\u2606Swizzlle|even tho u haxed me like twice\n|c|\u2606KC177|like a bot\n|c|\u2606KC177|goofy\n|c|\u2606Swizzlle|then get mons that can heal\n|c|\u2606KC177|no cause im not weird and stinky bro\n|inactive|Swizzlle has 90 seconds left.\n|c|\u2606KC177|what\n|c|\u2606KC177|why would I play 40 turn games\n|c|\u2606Swizzlle|yeah u just want braindead HO\n|c|\u2606KC177|every game\n|c|\u2606KC177|run down the timer to max\n|c|\u2606KC177|sit their eating chips like yo ahhh\n|c|\u2606Swizzlle|so u can click and click and click and win without having to outplay anyone\n|c|\u2606Swizzlle|self report\n|\n|t:|1700425980\n|switch|p2a: Brambleghast|Brambleghast, M|100\/100\n|turn|34\n|\n|t:|1700425984\n|-end|p1a: Walking Wake|Protosynthesis|[silent]\n|switch|p1a: Kingambit|Kingambit, F|55\/100\n|-activate|p1a: Kingambit|ability: Supreme Overlord\n|-start|p1a: Kingambit|fallen3|[silent]\n|move|p2a: Brambleghast|Shadow Sneak|p1a: Kingambit\n|-resisted|p1a: Kingambit\n|-damage|p1a: Kingambit|46\/100\n|\n|upkeep\n|turn|35\n|\n|t:|1700425993\n|switch|p2a: Umbreon|Umbreon, M|72\/100\n|-end|p1a: Kingambit|fallen3|[silent]\n|switch|p1a: Maushold|Maushold-Four, tera:Ghost|88\/100\n|\n|-heal|p2a: Umbreon|78\/100|[from] item: Leftovers\n|upkeep\n|turn|36\n|inactive|Swizzlle has 60 seconds left.\n|inactive|KC177 has 120 seconds left.\n|\n|t:|1700426036\n|move|p1a: Maushold|Population Bomb|p2a: Umbreon\n|-damage|p2a: Umbreon|71\/100\n|-damage|p2a: Umbreon|64\/100\n|-damage|p2a: Umbreon|57\/100\n|-damage|p2a: Umbreon|51\/100\n|-damage|p2a: Umbreon|45\/100\n|-damage|p2a: Umbreon|38\/100\n|-damage|p2a: Umbreon|31\/100\n|-damage|p2a: Umbreon|24\/100\n|-damage|p2a: Umbreon|18\/100\n|-damage|p2a: Umbreon|12\/100\n|-hitcount|p2a: Umbreon|10\n|move|p2a: Umbreon|Foul Play|p1a: Maushold\n|-supereffective|p1a: Maushold\n|-damage|p1a: Maushold|0 fnt\n|faint|p1a: Maushold\n|\n|-heal|p2a: Umbreon|18\/100|[from] item: Leftovers\n|upkeep\n|inactive|KC177 has 120 seconds left.\n|\n|t:|1700426042\n|switch|p1a: Walking Wake|Walking Wake|1\/100\n|turn|37\n|inactive|Swizzlle has 60 seconds left.\n|c|\u2606KC177|bum\n|\n|t:|1700426069\n|move|p2a: Umbreon|Protect|p2a: Umbreon\n|-singleturn|p2a: Umbreon|Protect\n|move|p1a: Walking Wake|Dragon Pulse|p2a: Umbreon\n|-activate|p2a: Umbreon|move: Protect\n|\n|-heal|p2a: Umbreon|24\/100|[from] item: Leftovers\n|upkeep\n|turn|38\n|c|\u2606KC177|love to sit and wait for that brain\n|c|\u2606KC177|take all 120 seconds\n|c|\u2606KC177|u feel me\n|c|\u2606KC177|its very important\n|inactive|KC177 has 120 seconds left.\n|c|\u2606KC177|to u\n|c|\u2606Swizzlle|i already clicked\n|-message|KC177 forfeited.\n|\n|win|Swizzlle\n|raw|KC177's rating: 1294 &rarr; <strong>1272<\/strong><br \/>(-22 for losing)\n|raw|Swizzlle's rating: 1339 &rarr; <strong>1356<\/strong><br \/>(+17 for winning)\n|l|\u2606KC177\n","uploadtime":1700425920,"views":6,"p1id":"kc177","p2id":"swizzlle","formatid":"gen9ou","rating":1272,"private":0,"password":""}