{"id":"gen9ou-1996939895","p1":"Supraxd","p2":"lamegazelle","format":"[Gen 9] OU","log":"|j|\u2606Supraxd\n|j|\u2606lamegazelle\n|t:|1700747406\n|gametype|singles\n|player|p1|Supraxd|steven|1441\n|player|p2|lamegazelle|2|1450\n|teamsize|p1|6\n|teamsize|p2|6\n|gen|9\n|tier|[Gen 9] OU\n|rated|\n|rule|Sleep Clause Mod: Limit one foe put to sleep\n|rule|Species Clause: Limit one of each Pok\u00e9mon\n|rule|OHKO Clause: OHKO moves are banned\n|rule|Evasion Items Clause: Evasion items are banned\n|rule|Evasion Moves Clause: Evasion moves are banned\n|rule|Endless Battle Clause: Forcing endless battles is banned\n|rule|HP Percentage Mod: HP is shown in percentages\n|clearpoke\n|poke|p1|Kingambit, M|\n|poke|p1|Azumarill, M|\n|poke|p1|Kommo-o, F|\n|poke|p1|Ogerpon-Cornerstone, F|\n|poke|p1|Cinderace, F|\n|poke|p1|Iron Valiant|\n|poke|p2|Cinderace, F|\n|poke|p2|Corviknight, F|\n|poke|p2|Heatran, F|\n|poke|p2|Ting-Lu|\n|poke|p2|Greninja-*, M|\n|poke|p2|Manaphy|\n|teampreview\n|inactive|Battle timer is ON: inactive players will automatically lose when time's up. (requested by lamegazelle)\n|inactive|Supraxd has 120 seconds left.\n|\n|t:|1700747476\n|start\n|switch|p1a: Ogerpon|Ogerpon-Cornerstone, F|100\/100\n|switch|p2a: Corviknight|Corviknight, F|100\/100\n|turn|1\n|inactive|Supraxd has 120 seconds left.\n|\n|t:|1700747524\n|switch|p1a: Cinderace|Cinderace, F|100\/100\n|move|p2a: Corviknight|Bulk Up|p2a: Corviknight\n|-boost|p2a: Corviknight|atk|1\n|-boost|p2a: Corviknight|def|1\n|\n|upkeep\n|turn|2\n|\n|t:|1700747553\n|move|p1a: Cinderace|Will-O-Wisp|p2a: Corviknight\n|-status|p2a: Corviknight|brn\n|move|p2a: Corviknight|Brave Bird|p1a: Cinderace\n|-damage|p1a: Cinderace|70\/100\n|-damage|p2a: Corviknight|91\/100 brn|[from] Recoil\n|\n|-damage|p2a: Corviknight|85\/100 brn|[from] brn\n|upkeep\n|turn|3\n|\n|t:|1700747578\n|move|p1a: Cinderace|Pyro Ball|p2a: Corviknight\n|-supereffective|p2a: Corviknight\n|-damage|p2a: Corviknight|35\/100 brn\n|move|p2a: Corviknight|Bulk Up|p2a: Corviknight\n|-boost|p2a: Corviknight|atk|1\n|-boost|p2a: Corviknight|def|1\n|\n|-damage|p2a: Corviknight|29\/100 brn|[from] brn\n|upkeep\n|turn|4\n|inactive|Supraxd has 90 seconds left.\n|\n|t:|1700747609\n|move|p1a: Cinderace|Will-O-Wisp|p2a: Corviknight\n|-fail|p2a: Corviknight|brn\n|move|p2a: Corviknight|Roost|p2a: Corviknight\n|-heal|p2a: Corviknight|79\/100 brn\n|-singleturn|p2a: Corviknight|move: Roost\n|\n|-damage|p2a: Corviknight|73\/100 brn|[from] brn\n|upkeep\n|turn|5\n|\n|t:|1700747622\n|move|p1a: Cinderace|Pyro Ball|p2a: Corviknight\n|-supereffective|p2a: Corviknight\n|-damage|p2a: Corviknight|38\/100 brn\n|move|p2a: Corviknight|Bulk Up|p2a: Corviknight\n|-boost|p2a: Corviknight|atk|1\n|-boost|p2a: Corviknight|def|1\n|\n|-damage|p2a: Corviknight|32\/100 brn|[from] brn\n|upkeep\n|turn|6\n|inactive|Supraxd has 90 seconds left.\n|\n|t:|1700747647\n|move|p1a: Cinderace|Pyro Ball|p2a: Corviknight\n|-supereffective|p2a: Corviknight\n|-damage|p2a: Corviknight|3\/100 brn\n|move|p2a: Corviknight|Roost|p2a: Corviknight\n|-heal|p2a: Corviknight|53\/100 brn\n|-singleturn|p2a: Corviknight|move: Roost\n|\n|-damage|p2a: Corviknight|47\/100 brn|[from] brn\n|upkeep\n|turn|7\n|\n|t:|1700747656\n|move|p1a: Cinderace|Pyro Ball|p2a: Corviknight\n|-supereffective|p2a: Corviknight\n|-damage|p2a: Corviknight|18\/100 brn\n|move|p2a: Corviknight|Roost|p2a: Corviknight\n|-heal|p2a: Corviknight|68\/100 brn\n|-singleturn|p2a: Corviknight|move: Roost\n|\n|-damage|p2a: Corviknight|61\/100 brn|[from] brn\n|upkeep\n|turn|8\n|\n|t:|1700747665\n|move|p1a: Cinderace|Pyro Ball|p2a: Corviknight\n|-supereffective|p2a: Corviknight\n|-damage|p2a: Corviknight|34\/100 brn\n|move|p2a: Corviknight|Roost|p2a: Corviknight\n|-heal|p2a: Corviknight|84\/100 brn\n|-singleturn|p2a: Corviknight|move: Roost\n|\n|-damage|p2a: Corviknight|78\/100 brn|[from] brn\n|upkeep\n|turn|9\n|\n|t:|1700747675\n|move|p1a: Cinderace|Pyro Ball|p2a: Corviknight\n|-supereffective|p2a: Corviknight\n|-damage|p2a: Corviknight|51\/100 brn\n|move|p2a: Corviknight|Bulk Up|p2a: Corviknight\n|-boost|p2a: Corviknight|atk|1\n|-boost|p2a: Corviknight|def|1\n|\n|-damage|p2a: Corviknight|44\/100 brn|[from] brn\n|upkeep\n|turn|10\n|\n|t:|1700747684\n|move|p1a: Cinderace|Pyro Ball|p2a: Corviknight\n|-supereffective|p2a: Corviknight\n|-damage|p2a: Corviknight|19\/100 brn\n|move|p2a: Corviknight|Roost|p2a: Corviknight\n|-heal|p2a: Corviknight|69\/100 brn\n|-singleturn|p2a: Corviknight|move: Roost\n|\n|-damage|p2a: Corviknight|63\/100 brn|[from] brn\n|upkeep\n|turn|11\n|inactive|Supraxd has 90 seconds left.\n|inactive|Supraxd has 60 seconds left.\n|\n|t:|1700747751\n|move|p1a: Cinderace|Pyro Ball|p2a: Corviknight\n|-supereffective|p2a: Corviknight\n|-damage|p2a: Corviknight|39\/100 brn\n|move|p2a: Corviknight|Roost|p2a: Corviknight\n|-heal|p2a: Corviknight|89\/100 brn\n|-singleturn|p2a: Corviknight|move: Roost\n|\n|-damage|p2a: Corviknight|82\/100 brn|[from] brn\n|upkeep\n|turn|12\n|\n|t:|1700747761\n|move|p1a: Cinderace|U-turn|p2a: Corviknight\n|-resisted|p2a: Corviknight\n|-damage|p2a: Corviknight|81\/100 brn\n|-damage|p1a: Cinderace|53\/100|[from] item: Rocky Helmet|[of] p2a: Corviknight\n|\n|t:|1700747769\n|switch|p1a: Azumarill|Azumarill, M|100\/100|[from] U-turn\n|move|p2a: Corviknight|Body Press|p1a: Azumarill\n|-resisted|p1a: Azumarill\n|-damage|p1a: Azumarill|85\/100\n|\n|-damage|p2a: Corviknight|75\/100 brn|[from] brn\n|upkeep\n|turn|13\n|inactive|Supraxd has 60 seconds left.\n|\n|t:|1700747784\n|move|p2a: Corviknight|Brave Bird|p1a: Azumarill\n|-damage|p1a: Azumarill|33\/100\n|-damage|p2a: Corviknight|58\/100 brn|[from] Recoil\n|move|p1a: Azumarill|Liquidation|p2a: Corviknight\n|-damage|p2a: Corviknight|44\/100 brn\n|-ability|p2a: Corviknight|Mirror Armor\n|-unboost|p1a: Azumarill|def|1\n|-damage|p1a: Azumarill|16\/100|[from] item: Rocky Helmet|[of] p2a: Corviknight\n|\n|-damage|p2a: Corviknight|38\/100 brn|[from] brn\n|upkeep\n|turn|14\n|\n|t:|1700747797\n|move|p2a: Corviknight|Roost|p2a: Corviknight\n|-heal|p2a: Corviknight|88\/100 brn\n|-singleturn|p2a: Corviknight|move: Roost\n|move|p1a: Azumarill|Liquidation|p2a: Corviknight\n|-damage|p2a: Corviknight|74\/100 brn\n|-damage|p1a: Azumarill|0 fnt|[from] item: Rocky Helmet|[of] p2a: Corviknight\n|faint|p1a: Azumarill\n|\n|-damage|p2a: Corviknight|68\/100 brn|[from] brn\n|upkeep\n|inactive|Supraxd has 60 seconds left.\n|inactiveoff|Battle timer is now OFF.\n|\n|t:|1700747818\n|switch|p1a: Iron Valiant|Iron Valiant|100\/100\n|-enditem|p1a: Iron Valiant|Booster Energy\n|-activate|p1a: Iron Valiant|ability: Quark Drive|[fromitem]\n|-start|p1a: Iron Valiant|quarkdrivespe\n|turn|15\n|\n|t:|1700747826\n|move|p1a: Iron Valiant|Thunderbolt|p2a: Corviknight\n|-supereffective|p2a: Corviknight\n|-damage|p2a: Corviknight|23\/100 brn\n|move|p2a: Corviknight|Brave Bird|p1a: Iron Valiant\n|-supereffective|p1a: Iron Valiant\n|-damage|p1a: Iron Valiant|0 fnt\n|faint|p1a: Iron Valiant\n|-end|p1a: Iron Valiant|Quark Drive|[silent]\n|-damage|p2a: Corviknight|0 fnt|[from] Recoil\n|faint|p2a: Corviknight\n|\n|upkeep\n|\n|t:|1700747857\n|switch|p1a: Kommo-o|Kommo-o, F|100\/100\n|switch|p2a: Cinderace|Cinderace, F|100\/100\n|turn|16\n|\n|t:|1700747876\n|switch|p1a: Cinderace|Cinderace, F|53\/100\n|move|p2a: Cinderace|U-turn|p1a: Cinderace\n|-start|p2a: Cinderace|typechange|Bug|[from] ability: Libero\n|-resisted|p1a: Cinderace\n|-damage|p1a: Cinderace|32\/100\n|\n|t:|1700747919\n|switch|p2a: Ting-Lu|Ting-Lu|100\/100|[from] U-turn\n|-ability|p2a: Ting-Lu|Vessel of Ruin\n|\n|upkeep\n|turn|17\n|\n|t:|1700747927\n|move|p1a: Cinderace|Will-O-Wisp|p2a: Ting-Lu\n|-status|p2a: Ting-Lu|brn\n|move|p2a: Ting-Lu|Spikes|p1a: Cinderace\n|-sidestart|p1: Supraxd|Spikes\n|\n|-damage|p2a: Ting-Lu|94\/100 brn|[from] brn\n|upkeep\n|turn|18\n|\n|t:|1700747935\n|move|p1a: Cinderace|Court Change|p1a: Cinderace\n|-swapsideconditions\n|-activate|p1a: Cinderace|move: Court Change\n|move|p2a: Ting-Lu|Earthquake|p1a: Cinderace\n|-supereffective|p1a: Cinderace\n|-crit|p1a: Cinderace\n|-damage|p1a: Cinderace|0 fnt\n|faint|p1a: Cinderace\n|\n|-heal|p2a: Ting-Lu|100\/100 brn|[from] item: Leftovers\n|-damage|p2a: Ting-Lu|94\/100 brn|[from] brn\n|upkeep\n|\n|t:|1700747938\n|switch|p1a: Kommo-o|Kommo-o, F|100\/100\n|turn|19\n|\n|t:|1700747952\n|move|p1a: Kommo-o|Substitute|p1a: Kommo-o\n|-start|p1a: Kommo-o|Substitute\n|-damage|p1a: Kommo-o|75\/100\n|move|p2a: Ting-Lu|Whirlwind|p1a: Kommo-o\n|drag|p1a: Ogerpon|Ogerpon-Cornerstone, F|100\/100\n|\n|-heal|p2a: Ting-Lu|100\/100 brn|[from] item: Leftovers\n|-damage|p2a: Ting-Lu|94\/100 brn|[from] brn\n|upkeep\n|turn|20\n|\n|t:|1700747985\n|move|p1a: Ogerpon|Trailblaze|p2a: Ting-Lu\n|-supereffective|p2a: Ting-Lu\n|-damage|p2a: Ting-Lu|61\/100 brn\n|-boost|p1a: Ogerpon|spe|1\n|move|p2a: Ting-Lu|Whirlwind|p1a: Ogerpon\n|drag|p1a: Kingambit|Kingambit, M|100\/100\n|-activate|p1a: Kingambit|ability: Supreme Overlord\n|-start|p1a: Kingambit|fallen3|[silent]\n|\n|-heal|p2a: Ting-Lu|67\/100 brn|[from] item: Leftovers\n|-damage|p2a: Ting-Lu|61\/100 brn|[from] brn\n|upkeep\n|turn|21\n|\n|t:|1700748005\n|move|p1a: Kingambit|Swords Dance|p1a: Kingambit\n|-boost|p1a: Kingambit|atk|2\n|move|p2a: Ting-Lu|Whirlwind|p1a: Kingambit\n|-end|p1a: Kingambit|fallen3|[silent]\n|drag|p1a: Ogerpon|Ogerpon-Cornerstone, F|100\/100\n|\n|-heal|p2a: Ting-Lu|67\/100 brn|[from] item: Leftovers\n|-damage|p2a: Ting-Lu|61\/100 brn|[from] brn\n|upkeep\n|turn|22\n|\n|t:|1700748025\n|move|p1a: Ogerpon|Trailblaze|p2a: Ting-Lu\n|-supereffective|p2a: Ting-Lu\n|-damage|p2a: Ting-Lu|26\/100 brn\n|-boost|p1a: Ogerpon|spe|1\n|move|p2a: Ting-Lu|Spikes|p1a: Ogerpon\n|-sidestart|p1: Supraxd|Spikes\n|\n|-heal|p2a: Ting-Lu|32\/100 brn|[from] item: Leftovers\n|-damage|p2a: Ting-Lu|26\/100 brn|[from] brn\n|upkeep\n|turn|23\n|\n|t:|1700748049\n|move|p1a: Ogerpon|Trailblaze|p2a: Ting-Lu\n|-supereffective|p2a: Ting-Lu\n|-damage|p2a: Ting-Lu|0 fnt\n|-boost|p1a: Ogerpon|spe|1\n|faint|p2a: Ting-Lu\n|\n|upkeep\n|\n|t:|1700748072\n|switch|p2a: Heatran|Heatran, F|100\/100\n|-damage|p2a: Heatran|88\/100|[from] Spikes\n|turn|24\n|inactive|Battle timer is ON: inactive players will automatically lose when time's up. (requested by lamegazelle)\n|\n|t:|1700748114\n|move|p1a: Ogerpon|Ivy Cudgel|p2a: Heatran|[anim] Ivy Cudgel Rock\n|-damage|p2a: Heatran|43\/100\n|move|p2a: Heatran|Magma Storm|p1a: Ogerpon\n|-damage|p1a: Ogerpon|47\/100\n|-activate|p1a: Ogerpon|move: Magma Storm|[of] p2a: Heatran\n|\n|-heal|p2a: Heatran|50\/100|[from] item: Leftovers\n|-damage|p1a: Ogerpon|35\/100|[from] move: Magma Storm|[partiallytrapped]\n|upkeep\n|turn|25\n|\n|t:|1700748129\n|move|p1a: Ogerpon|Ivy Cudgel|p2a: Heatran|[anim] Ivy Cudgel Rock\n|-damage|p2a: Heatran|9\/100\n|move|p2a: Heatran|Earth Power|p1a: Ogerpon\n|-damage|p1a: Ogerpon|6\/100\n|\n|-heal|p2a: Heatran|16\/100|[from] item: Leftovers\n|-damage|p1a: Ogerpon|0 fnt|[from] move: Magma Storm|[partiallytrapped]\n|faint|p1a: Ogerpon\n|upkeep\n|inactive|Supraxd has 30 seconds left.\n|inactive|Supraxd has 20 seconds left.\n|\n|t:|1700748160\n|switch|p1a: Kommo-o|Kommo-o, F|75\/100\n|-damage|p1a: Kommo-o|63\/100|[from] Spikes\n|turn|26\n|inactive|Supraxd has 30 seconds left this turn.\n|\n|t:|1700748166\n|move|p1a: Kommo-o|Belly Drum|p1a: Kommo-o\n|-damage|p1a: Kommo-o|13\/100\n|-setboost|p1a: Kommo-o|atk|6|[from] move: Belly Drum\n|-enditem|p1a: Kommo-o|Salac Berry|[eat]\n|-boost|p1a: Kommo-o|spe|1|[from] item: Salac Berry\n|move|p2a: Heatran|Taunt|p1a: Kommo-o\n|-start|p1a: Kommo-o|move: Taunt\n|\n|-heal|p2a: Heatran|22\/100|[from] item: Leftovers\n|upkeep\n|turn|27\n|\n|t:|1700748181\n|move|p1a: Kommo-o|Drain Punch|p2a: Heatran\n|-supereffective|p2a: Heatran\n|-crit|p2a: Heatran\n|-damage|p2a: Heatran|0 fnt\n|-heal|p1a: Kommo-o|25\/100|[from] drain|[of] p2a: Heatran\n|faint|p2a: Heatran\n|\n|upkeep\n|\n|t:|1700748193\n|switch|p2a: Cinderace|Cinderace, F|100\/100\n|turn|28\n|\n|t:|1700748210\n|move|p1a: Kommo-o|Drain Punch|p2a: Cinderace\n|-damage|p2a: Cinderace|0 fnt\n|-heal|p1a: Kommo-o|77\/100|[from] drain|[of] p2a: Cinderace\n|faint|p2a: Cinderace\n|\n|upkeep\n|\n|t:|1700748218\n|switch|p2a: Manaphy|Manaphy|100\/100\n|-damage|p2a: Manaphy|88\/100|[from] Spikes\n|turn|29\n|inactive|Supraxd has 30 seconds left.\n|inactive|Supraxd has 20 seconds left.\n|inactive|Supraxd has 15 seconds left.\n|inactive|Supraxd has 10 seconds left.\n|inactive|Supraxd has 5 seconds left.\n|\n|t:|1700748273\n|-terastallize|p1a: Kommo-o|Steel\n|-terastallize|p2a: Manaphy|Psychic\n|move|p1a: Kommo-o|Drain Punch|p2a: Manaphy\n|-resisted|p2a: Manaphy\n|-damage|p2a: Manaphy|27\/100\n|-heal|p1a: Kommo-o|100\/100|[from] drain|[of] p2a: Manaphy\n|move|p2a: Manaphy|Acid Armor|p2a: Manaphy\n|-boost|p2a: Manaphy|def|2\n|\n|-heal|p2a: Manaphy|33\/100|[from] item: Leftovers\n|-end|p1a: Kommo-o|move: Taunt\n|upkeep\n|turn|30\n|inactive|Supraxd has 15 seconds left this turn.\n|inactive|Supraxd has 10 seconds left.\n|inactive|Supraxd has 5 seconds left.\n|\n|t:|1700748291\n|move|p1a: Kommo-o|Iron Head|p2a: Manaphy\n|-damage|p2a: Manaphy|0 fnt\n|faint|p2a: Manaphy\n|\n|upkeep\n|inactive|Supraxd has 10 seconds left this turn.\n|\n|t:|1700748296\n|switch|p2a: Greninja|Greninja, M|100\/100\n|-damage|p2a: Greninja|88\/100|[from] Spikes\n|turn|31\n|inactive|Supraxd has 20 seconds left this turn.\n|\n|t:|1700748302\n|move|p2a: Greninja|Water Shuriken|p1a: Kommo-o\n|-damage|p1a: Kommo-o|90\/100\n|-damage|p1a: Kommo-o|79\/100\n|-hitcount|p1a: Kommo-o|2\n|-damage|p2a: Greninja|78\/100|[from] item: Life Orb\n|move|p1a: Kommo-o|Drain Punch|p2a: Greninja\n|-supereffective|p2a: Greninja\n|-damage|p2a: Greninja|0 fnt\n|-heal|p1a: Kommo-o|100\/100|[from] drain|[of] p2a: Greninja\n|faint|p2a: Greninja\n|\n|win|Supraxd\n|inactive|Supraxd has 25 seconds left this turn.\n|raw|Supraxd's rating: 1441 &rarr; <strong>1462<\/strong><br \/>(+21 for winning)\n|raw|lamegazelle's rating: 1450 &rarr; <strong>1429<\/strong><br \/>(-21 for losing)\n","uploadtime":1700748311,"views":1,"p1id":"supraxd","p2id":"lamegazelle","formatid":"gen9ou","rating":1429,"private":0,"password":""}