{"id":"gen9ou-1991694976","p1":"Archeis","p2":"volacrona","format":"[Gen 9] OU","log":"|j|\u2606Archeis\n|j|\u2606volacrona\n|t:|1700103604\n|gametype|singles\n|player|p1|Archeis|ghetsis-gen5bw|1316\n|player|p2|volacrona|chili|1271\n|teamsize|p1|6\n|teamsize|p2|6\n|gen|9\n|tier|[Gen 9] OU\n|rated|\n|rule|Sleep Clause Mod: Limit one foe put to sleep\n|rule|Species Clause: Limit one of each Pok\u00e9mon\n|rule|OHKO Clause: OHKO moves are banned\n|rule|Evasion Items Clause: Evasion items are banned\n|rule|Evasion Moves Clause: Evasion moves are banned\n|rule|Endless Battle Clause: Forcing endless battles is banned\n|rule|HP Percentage Mod: HP is shown in percentages\n|clearpoke\n|poke|p1|Manaphy|\n|poke|p1|Kingambit, M|\n|poke|p1|Ribombee, M|\n|poke|p1|Gholdengo|\n|poke|p1|Iron Moth|\n|poke|p1|Ogerpon-Wellspring, F|\n|poke|p2|Garganacl, F|\n|poke|p2|Iron Valiant|\n|poke|p2|Toxapex, F|\n|poke|p2|Meowscarada, M|\n|poke|p2|Corviknight, F|\n|poke|p2|Ogerpon-Wellspring, F|\n|teampreview\n|\n|t:|1700103650\n|start\n|switch|p1a: wildfiree|Ribombee, M, shiny|100\/100\n|switch|p2a: Meowscarada|Meowscarada, M|100\/100\n|turn|1\n|\n|t:|1700103683\n|switch|p2a: Corviknight|Corviknight, F|100\/100\n|move|p1a: wildfiree|Moonblast|p2a: Corviknight\n|-resisted|p2a: Corviknight\n|-damage|p2a: Corviknight|79\/100\n|\n|upkeep\n|turn|2\n|\n|t:|1700103691\n|move|p1a: wildfiree|Stun Spore|p2a: Corviknight\n|-status|p2a: Corviknight|par\n|move|p2a: Corviknight|U-turn|p1a: wildfiree\n|-resisted|p1a: wildfiree\n|-damage|p1a: wildfiree|87\/100\n|\n|t:|1700103703\n|switch|p2a: Toxapex|Toxapex, F|100\/100|[from] U-turn\n|\n|upkeep\n|turn|3\n|\n|t:|1700103711\n|move|p1a: wildfiree|Sticky Web|p2a: Toxapex\n|-sidestart|p2: volacrona|move: Sticky Web\n|move|p2a: Toxapex|Toxic|p1a: wildfiree\n|-status|p1a: wildfiree|tox\n|\n|-damage|p1a: wildfiree|81\/100 tox|[from] psn\n|upkeep\n|turn|4\n|\n|t:|1700103730\n|switch|p2a: Corviknight|Corviknight, F|79\/100 par\n|move|p1a: wildfiree|Stun Spore|p2a: Corviknight\n|-fail|p2a: Corviknight|par\n|\n|-damage|p1a: wildfiree|68\/100 tox|[from] psn\n|upkeep\n|turn|5\n|\n|t:|1700103739\n|switch|p1a: HPDARKEAGLE|Manaphy|100\/100\n|move|p2a: Corviknight|Defog|p1a: HPDARKEAGLE\n|-unboost|p1a: HPDARKEAGLE|evasion|1\n|-sideend|p2: volacrona|Sticky Web|[from] move: Defog|[of] p2a: Corviknight\n|\n|upkeep\n|turn|6\n|\n|t:|1700103744\n|move|p1a: HPDARKEAGLE|Acid Armor|p1a: HPDARKEAGLE\n|-boost|p1a: HPDARKEAGLE|def|2\n|move|p2a: Corviknight|U-turn|p1a: HPDARKEAGLE\n|-damage|p1a: HPDARKEAGLE|94\/100\n|\n|t:|1700103752\n|switch|p2a: Toxapex|Toxapex, F|100\/100|[from] U-turn\n|\n|-heal|p1a: HPDARKEAGLE|99\/100|[from] item: Leftovers\n|upkeep\n|turn|7\n|\n|t:|1700103767\n|move|p1a: HPDARKEAGLE|Acid Armor|p1a: HPDARKEAGLE\n|-boost|p1a: HPDARKEAGLE|def|2\n|move|p2a: Toxapex|Haze|p2a: Toxapex\n|-clearallboost\n|\n|-heal|p1a: HPDARKEAGLE|100\/100|[from] item: Leftovers\n|upkeep\n|turn|8\n|\n|t:|1700103794\n|switch|p1a: scarlet|Iron Moth|100\/100\n|-enditem|p1a: scarlet|Booster Energy\n|-activate|p1a: scarlet|ability: Quark Drive|[fromitem]\n|-start|p1a: scarlet|quarkdrivespe\n|move|p2a: Toxapex|Toxic|p1a: scarlet\n|-immune|p1a: scarlet\n|\n|upkeep\n|turn|9\n|\n|t:|1700103804\n|move|p1a: scarlet|Psychic|p2a: Toxapex\n|-supereffective|p2a: Toxapex\n|-damage|p2a: Toxapex|51\/100\n|move|p2a: Toxapex|Surf|p1a: scarlet\n|-supereffective|p1a: scarlet\n|-damage|p1a: scarlet|60\/100\n|\n|-heal|p2a: Toxapex|57\/100|[from] item: Leftovers\n|upkeep\n|turn|10\n|\n|t:|1700103818\n|move|p1a: scarlet|Psychic|p2a: Toxapex\n|-supereffective|p2a: Toxapex\n|-damage|p2a: Toxapex|12\/100\n|move|p2a: Toxapex|Recover|p2a: Toxapex\n|-heal|p2a: Toxapex|62\/100\n|\n|-heal|p2a: Toxapex|68\/100|[from] item: Leftovers\n|upkeep\n|turn|11\n|\n|t:|1700103822\n|switch|p2a: Corviknight|Corviknight, F|79\/100 par\n|move|p1a: scarlet|Psychic|p2a: Corviknight\n|-resisted|p2a: Corviknight\n|-damage|p2a: Corviknight|66\/100 par\n|\n|upkeep\n|turn|12\n|\n|t:|1700103832\n|switch|p2a: Toxapex|Toxapex, F|100\/100\n|move|p1a: scarlet|Fiery Dance|p2a: Toxapex\n|-resisted|p2a: Toxapex\n|-damage|p2a: Toxapex|84\/100\n|-boost|p1a: scarlet|spa|1\n|\n|-heal|p2a: Toxapex|90\/100|[from] item: Leftovers\n|upkeep\n|turn|13\n|\n|t:|1700103837\n|move|p1a: scarlet|Psychic|p2a: Toxapex\n|-supereffective|p2a: Toxapex\n|-damage|p2a: Toxapex|19\/100\n|move|p2a: Toxapex|Surf|p1a: scarlet\n|-supereffective|p1a: scarlet\n|-damage|p1a: scarlet|21\/100\n|\n|-heal|p2a: Toxapex|25\/100|[from] item: Leftovers\n|upkeep\n|turn|14\n|\n|t:|1700103847\n|switch|p2a: Corviknight|Corviknight, F|66\/100 par\n|move|p1a: scarlet|Psychic|p2a: Corviknight\n|-resisted|p2a: Corviknight\n|-damage|p2a: Corviknight|42\/100 par\n|\n|upkeep\n|turn|15\n|inactive|Battle timer is ON: inactive players will automatically lose when time's up. (requested by Archeis)\n|\n|t:|1700103887\n|switch|p2a: Garganacl|Garganacl, F|100\/100\n|move|p1a: scarlet|Fiery Dance|p2a: Garganacl\n|-resisted|p2a: Garganacl\n|-damage|p2a: Garganacl|74\/100\n|\n|-heal|p2a: Garganacl|80\/100|[from] item: Leftovers\n|upkeep\n|turn|16\n|\n|t:|1700103894\n|-end|p1a: scarlet|Quark Drive|[silent]\n|switch|p1a: HPDARKEAGLE|Manaphy|100\/100\n|move|p2a: Garganacl|Salt Cure|p1a: HPDARKEAGLE\n|-damage|p1a: HPDARKEAGLE|87\/100\n|-start|p1a: HPDARKEAGLE|Salt Cure\n|\n|-heal|p1a: HPDARKEAGLE|93\/100|[from] item: Leftovers\n|-heal|p2a: Garganacl|86\/100|[from] item: Leftovers\n|-damage|p1a: HPDARKEAGLE|69\/100|[from] Salt Cure\n|upkeep\n|turn|17\n|\n|t:|1700103898\n|switch|p2a: Toxapex|Toxapex, F|58\/100\n|move|p1a: HPDARKEAGLE|Acid Armor|p1a: HPDARKEAGLE\n|-boost|p1a: HPDARKEAGLE|def|2\n|\n|-heal|p1a: HPDARKEAGLE|75\/100|[from] item: Leftovers\n|-heal|p2a: Toxapex|64\/100|[from] item: Leftovers\n|-damage|p1a: HPDARKEAGLE|50\/100|[from] Salt Cure\n|upkeep\n|turn|18\n|\n|t:|1700103914\n|switch|p1a: wildfiree|Ribombee, M, shiny|68\/100 tox\n|move|p2a: Toxapex|Toxic|p1a: wildfiree\n|-fail|p1a: wildfiree|tox\n|\n|-heal|p2a: Toxapex|71\/100|[from] item: Leftovers\n|-damage|p1a: wildfiree|62\/100 tox|[from] psn\n|upkeep\n|turn|19\n|\n|t:|1700103921\n|switch|p2a: Corviknight|Corviknight, F|42\/100 par\n|move|p1a: wildfiree|Psychic|p2a: Corviknight\n|-resisted|p2a: Corviknight\n|-damage|p2a: Corviknight|29\/100 par\n|\n|-damage|p1a: wildfiree|50\/100 tox|[from] psn\n|upkeep\n|turn|20\n|\n|t:|1700103927\n|switch|p1a: wessin|Gholdengo|100\/100\n|-item|p1a: wessin|Air Balloon\n|cant|p2a: Corviknight|par\n|\n|upkeep\n|turn|21\n|\n|t:|1700103932\n|move|p1a: wessin|Shadow Ball|p2a: Corviknight\n|-damage|p2a: Corviknight|0 fnt\n|faint|p2a: Corviknight\n|\n|upkeep\n|\n|t:|1700103936\n|switch|p2a: Garganacl|Garganacl, F|86\/100\n|turn|22\n|\n|t:|1700103949\n|switch|p2a: Toxapex|Toxapex, F|100\/100\n|move|p1a: wessin|Make It Rain|p2a: Toxapex\n|-resisted|p2a: Toxapex\n|-damage|p2a: Toxapex|74\/100\n|-unboost|p1a: wessin|spa|1\n|\n|-heal|p2a: Toxapex|80\/100|[from] item: Leftovers\n|upkeep\n|turn|23\n|\n|t:|1700103966\n|move|p1a: wessin|Nasty Plot|p1a: wessin\n|-boost|p1a: wessin|spa|2\n|move|p2a: Toxapex|Surf|p1a: wessin\n|-damage|p1a: wessin|80\/100\n|-enditem|p1a: wessin|Air Balloon\n|\n|-heal|p2a: Toxapex|86\/100|[from] item: Leftovers\n|upkeep\n|turn|24\n|\n|t:|1700103991\n|move|p1a: wessin|Nasty Plot|p1a: wessin\n|-boost|p1a: wessin|spa|2\n|move|p2a: Toxapex|Haze|p2a: Toxapex\n|-clearallboost\n|\n|-heal|p2a: Toxapex|92\/100|[from] item: Leftovers\n|upkeep\n|turn|25\n|\n|t:|1700103999\n|move|p1a: wessin|Psyshock|p2a: Toxapex\n|-supereffective|p2a: Toxapex\n|-damage|p2a: Toxapex|57\/100\n|move|p2a: Toxapex|Surf|p1a: wessin\n|-damage|p1a: wessin|61\/100\n|\n|-heal|p2a: Toxapex|64\/100|[from] item: Leftovers\n|upkeep\n|turn|26\n|\n|t:|1700104004\n|move|p1a: wessin|Nasty Plot|p1a: wessin\n|-boost|p1a: wessin|spa|2\n|move|p2a: Toxapex|Recover|p2a: Toxapex\n|-heal|p2a: Toxapex|100\/100\n|\n|upkeep\n|turn|27\n|\n|t:|1700104007\n|move|p1a: wessin|Psyshock|p2a: Toxapex\n|-supereffective|p2a: Toxapex\n|-damage|p2a: Toxapex|33\/100\n|move|p2a: Toxapex|Haze|p2a: Toxapex\n|-clearallboost\n|\n|-heal|p2a: Toxapex|40\/100|[from] item: Leftovers\n|upkeep\n|turn|28\n|\n|t:|1700104011\n|switch|p2a: Meowscarada|Meowscarada, M|100\/100\n|move|p1a: wessin|Nasty Plot|p1a: wessin\n|-boost|p1a: wessin|spa|2\n|\n|upkeep\n|turn|29\n|\n|t:|1700104026\n|-terastallize|p1a: wessin|Dark\n|move|p2a: Meowscarada|Knock Off|p1a: wessin\n|-start|p2a: Meowscarada|typechange|Dark|[from] ability: Protean\n|-resisted|p1a: wessin\n|-damage|p1a: wessin|47\/100\n|move|p1a: wessin|Shadow Ball|p2a: Meowscarada\n|-resisted|p2a: Meowscarada\n|-damage|p2a: Meowscarada|36\/100\n|-unboost|p2a: Meowscarada|spd|1\n|\n|upkeep\n|turn|30\n|\n|t:|1700104036\n|move|p2a: Meowscarada|Play Rough|p1a: wessin\n|-supereffective|p1a: wessin\n|-damage|p1a: wessin|0 fnt\n|faint|p1a: wessin\n|\n|upkeep\n|\n|t:|1700104042\n|switch|p1a: faya|Ogerpon-Wellspring, F|100\/100\n|turn|31\n|inactive|volacrona has 120 seconds left.\n|inactive|volacrona has 90 seconds left.\n|\n|t:|1700104109\n|move|p2a: Meowscarada|U-turn|p1a: faya\n|-supereffective|p1a: faya\n|-damage|p1a: faya|47\/100\n|\n|t:|1700104122\n|switch|p2a: Toxapex|Toxapex, F|73\/100|[from] U-turn\n|move|p1a: faya|Swords Dance|p1a: faya\n|-boost|p1a: faya|atk|2\n|\n|-heal|p2a: Toxapex|79\/100|[from] item: Leftovers\n|upkeep\n|turn|32\n|\n|t:|1700104130\n|move|p1a: faya|Power Whip|p2a: Toxapex\n|-damage|p2a: Toxapex|0 fnt\n|faint|p2a: Toxapex\n|\n|upkeep\n|\n|t:|1700104138\n|switch|p2a: Meowscarada|Meowscarada, M|36\/100\n|turn|33\n|\n|t:|1700104141\n|move|p2a: Meowscarada|U-turn|p1a: faya\n|-start|p2a: Meowscarada|typechange|Bug|[from] ability: Protean\n|-supereffective|p1a: faya\n|-damage|p1a: faya|0 fnt\n|faint|p1a: faya\n|\n|t:|1700104150\n|switch|p2a: Garganacl|Garganacl, F|86\/100|[from] U-turn\n|\n|-heal|p2a: Garganacl|92\/100|[from] item: Leftovers\n|upkeep\n|\n|t:|1700104158\n|switch|p1a: HPDARKEAGLE|Manaphy|50\/100\n|turn|34\n|\n|t:|1700104168\n|-terastallize|p2a: Garganacl|Fairy\n|move|p1a: HPDARKEAGLE|Acid Armor|p1a: HPDARKEAGLE\n|-boost|p1a: HPDARKEAGLE|def|2\n|move|p2a: Garganacl|Stealth Rock|p1a: HPDARKEAGLE\n|-sidestart|p1: Archeis|move: Stealth Rock\n|\n|-heal|p1a: HPDARKEAGLE|56\/100|[from] item: Leftovers\n|-heal|p2a: Garganacl|99\/100|[from] item: Leftovers\n|upkeep\n|turn|35\n|\n|t:|1700104188\n|move|p1a: HPDARKEAGLE|Acid Armor|p1a: HPDARKEAGLE\n|-boost|p1a: HPDARKEAGLE|def|2\n|move|p2a: Garganacl|Salt Cure|p1a: HPDARKEAGLE\n|-damage|p1a: HPDARKEAGLE|51\/100\n|-start|p1a: HPDARKEAGLE|Salt Cure\n|\n|-heal|p1a: HPDARKEAGLE|57\/100|[from] item: Leftovers\n|-heal|p2a: Garganacl|100\/100|[from] item: Leftovers\n|-damage|p1a: HPDARKEAGLE|32\/100|[from] Salt Cure\n|upkeep\n|turn|36\n|\n|t:|1700104202\n|move|p1a: HPDARKEAGLE|Take Heart|p1a: HPDARKEAGLE\n|-boost|p1a: HPDARKEAGLE|spa|1\n|-boost|p1a: HPDARKEAGLE|spd|1\n|move|p2a: Garganacl|Salt Cure|p1a: HPDARKEAGLE\n|-damage|p1a: HPDARKEAGLE|27\/100\n|\n|-heal|p1a: HPDARKEAGLE|33\/100|[from] item: Leftovers\n|-damage|p1a: HPDARKEAGLE|8\/100|[from] Salt Cure\n|upkeep\n|turn|37\n|inactive|volacrona has 120 seconds left.\n|\n|t:|1700104212\n|move|p2a: Garganacl|Protect|p2a: Garganacl\n|-singleturn|p2a: Garganacl|Protect\n|move|p1a: HPDARKEAGLE|Stored Power|p2a: Garganacl\n|-activate|p2a: Garganacl|move: Protect\n|\n|-heal|p1a: HPDARKEAGLE|15\/100|[from] item: Leftovers\n|-damage|p1a: HPDARKEAGLE|0 fnt|[from] Salt Cure\n|faint|p1a: HPDARKEAGLE\n|upkeep\n|\n|t:|1700104217\n|switch|p1a: scarlet|Iron Moth|21\/100\n|-damage|p1a: scarlet|0 fnt|[from] Stealth Rock\n|faint|p1a: scarlet\n|-end|p1a: scarlet|Quark Drive|[silent]\n|\n|t:|1700104219\n|switch|p1a: wildfiree|Ribombee, M, shiny|50\/100 tox\n|-damage|p1a: wildfiree|25\/100 tox|[from] Stealth Rock\n|turn|38\n|\n|t:|1700104223\n|move|p1a: wildfiree|Stun Spore|p2a: Garganacl|[miss]\n|-miss|p1a: wildfiree|p2a: Garganacl\n|move|p2a: Garganacl|Salt Cure|p1a: wildfiree\n|-supereffective|p1a: wildfiree\n|-damage|p1a: wildfiree|0 fnt\n|faint|p1a: wildfiree\n|\n|upkeep\n|\n|t:|1700104225\n|switch|p1a: awyp|Kingambit, M|100\/100\n|-damage|p1a: awyp|94\/100|[from] Stealth Rock\n|-activate|p1a: awyp|ability: Supreme Overlord\n|-start|p1a: awyp|fallen5|[silent]\n|turn|39\n|\n|t:|1700104240\n|move|p2a: Garganacl|Protect|p2a: Garganacl\n|-singleturn|p2a: Garganacl|Protect\n|move|p1a: awyp|Low Kick|p2a: Garganacl\n|-activate|p2a: Garganacl|move: Protect\n|\n|upkeep\n|turn|40\n|\n|t:|1700104252\n|move|p1a: awyp|Low Kick|p2a: Garganacl\n|-resisted|p2a: Garganacl\n|-damage|p2a: Garganacl|81\/100\n|move|p2a: Garganacl|Salt Cure|p1a: awyp\n|-resisted|p1a: awyp\n|-damage|p1a: awyp|89\/100\n|-start|p1a: awyp|Salt Cure\n|\n|-heal|p2a: Garganacl|87\/100|[from] item: Leftovers\n|-damage|p1a: awyp|64\/100|[from] Salt Cure\n|upkeep\n|turn|41\n|\n|t:|1700104258\n|move|p1a: awyp|Kowtow Cleave|p2a: Garganacl\n|-resisted|p2a: Garganacl\n|-damage|p2a: Garganacl|64\/100\n|move|p2a: Garganacl|Salt Cure|p1a: awyp\n|-resisted|p1a: awyp\n|-damage|p1a: awyp|59\/100\n|\n|-heal|p2a: Garganacl|71\/100|[from] item: Leftovers\n|-damage|p1a: awyp|34\/100|[from] Salt Cure\n|upkeep\n|turn|42\n|\n|t:|1700104265\n|move|p1a: awyp|Swords Dance|p1a: awyp\n|-boost|p1a: awyp|atk|2\n|move|p2a: Garganacl|Recover|p2a: Garganacl\n|-heal|p2a: Garganacl|100\/100\n|\n|-damage|p1a: awyp|9\/100|[from] Salt Cure\n|upkeep\n|turn|43\n|\n|t:|1700104269\n|move|p2a: Garganacl|Protect|p2a: Garganacl\n|-singleturn|p2a: Garganacl|Protect\n|move|p1a: awyp|Low Kick|p2a: Garganacl\n|-activate|p2a: Garganacl|move: Protect\n|\n|-damage|p1a: awyp|0 fnt|[from] Salt Cure\n|faint|p1a: awyp\n|-end|p1a: awyp|fallen5|[silent]\n|\n|win|volacrona\n|upkeep\n|raw|Archeis's rating: 1316 &rarr; <strong>1293<\/strong><br \/>(-23 for losing)\n|raw|volacrona's rating: 1271 &rarr; <strong>1299<\/strong><br \/>(+28 for winning)\n|l|\u2606Archeis\n|c|\u2606volacrona|gg\n","uploadtime":1700105093,"views":9,"p1id":"archeis","p2id":"volacrona","formatid":"gen9ou","rating":1293,"private":0,"password":""}