{"id":"gen9ou-1996026432","p1":"A Pimp Named Kata","p2":"Nangu","format":"[Gen 9] OU","log":"|j|\u2606A Pimp Named Kata\n|j|\u2606Nangu\n|t:|1700631427\n|gametype|singles\n|player|p1|A Pimp Named Kata|hiker-gen4|1237\n|player|p2|Nangu|serena-masters3|1208\n|teamsize|p1|6\n|teamsize|p2|6\n|gen|9\n|tier|[Gen 9] OU\n|rated|\n|rule|Sleep Clause Mod: Limit one foe put to sleep\n|rule|Species Clause: Limit one of each Pok\u00e9mon\n|rule|OHKO Clause: OHKO moves are banned\n|rule|Evasion Items Clause: Evasion items are banned\n|rule|Evasion Moves Clause: Evasion moves are banned\n|rule|Endless Battle Clause: Forcing endless battles is banned\n|rule|HP Percentage Mod: HP is shown in percentages\n|clearpoke\n|poke|p1|Kingambit, M|\n|poke|p1|Ogerpon-Wellspring, F|\n|poke|p1|Gholdengo|\n|poke|p1|Ribombee, M|\n|poke|p1|Great Tusk|\n|poke|p1|Iron Moth|\n|poke|p2|Ting-Lu|\n|poke|p2|Ogerpon-Wellspring, F|\n|poke|p2|Rillaboom, F|\n|poke|p2|Walking Wake|\n|poke|p2|Garganacl, M|\n|poke|p2|Kingambit, F|\n|teampreview\n|inactive|Battle timer is ON: inactive players will automatically lose when time's up. (requested by Nangu)\n|\n|t:|1700631446\n|start\n|switch|p1a: Hanma|Ogerpon-Wellspring, F|100\/100\n|switch|p2a: Ting-Lu|Ting-Lu|100\/100\n|-ability|p2a: Ting-Lu|Vessel of Ruin\n|turn|1\n|\n|t:|1700631455\n|move|p1a: Hanma|Ivy Cudgel|p2a: Ting-Lu|[anim] Ivy Cudgel Water\n|-supereffective|p2a: Ting-Lu\n|-damage|p2a: Ting-Lu|33\/100\n|move|p2a: Ting-Lu|Stealth Rock|p1a: Hanma\n|-sidestart|p1: A Pimp Named Kata|move: Stealth Rock\n|\n|-heal|p2a: Ting-Lu|39\/100|[from] item: Leftovers\n|upkeep\n|turn|2\n|\n|t:|1700631464\n|switch|p2a: Ogerpon|Ogerpon-Wellspring, F|100\/100\n|move|p1a: Hanma|Power Whip|p2a: Ogerpon|[miss]\n|-miss|p1a: Hanma|p2a: Ogerpon\n|\n|upkeep\n|turn|3\n|\n|t:|1700631479\n|switch|p2a: Ting-Lu|Ting-Lu|39\/100\n|-ability|p2a: Ting-Lu|Vessel of Ruin\n|move|p1a: Hanma|Power Whip|p2a: Ting-Lu\n|-supereffective|p2a: Ting-Lu\n|-damage|p2a: Ting-Lu|0 fnt\n|faint|p2a: Ting-Lu\n|\n|upkeep\n|\n|t:|1700631489\n|switch|p2a: Rillaboom|Rillaboom, F|100\/100\n|-fieldstart|move: Grassy Terrain|[from] ability: Grassy Surge|[of] p2a: Rillaboom\n|turn|4\n|\n|t:|1700631512\n|switch|p1a: The sun|Iron Moth|100\/100\n|-damage|p1a: The sun|76\/100|[from] Stealth Rock\n|-enditem|p1a: The sun|Booster Energy\n|-activate|p1a: The sun|ability: Quark Drive|[fromitem]\n|-start|p1a: The sun|quarkdrivespe\n|move|p2a: Rillaboom|Grassy Glide|p1a: The sun\n|-resisted|p1a: The sun\n|-damage|p1a: The sun|53\/100\n|\n|-heal|p1a: The sun|59\/100|[from] Grassy Terrain\n|upkeep\n|turn|5\n|\n|t:|1700631525\n|switch|p2a: Walking Wake|Walking Wake|100\/100\n|move|p1a: The sun|Substitute|p1a: The sun\n|-start|p1a: The sun|Substitute\n|-damage|p1a: The sun|34\/100\n|\n|-heal|p1a: The sun|40\/100|[from] Grassy Terrain\n|upkeep\n|turn|6\n|\n|t:|1700631538\n|move|p1a: The sun|Sludge Wave|p2a: Walking Wake\n|-damage|p2a: Walking Wake|45\/100\n|move|p2a: Walking Wake|Hydro Steam|p1a: The sun\n|-supereffective|p1a: The sun\n|-end|p1a: The sun|Substitute\n|-damage|p2a: Walking Wake|35\/100|[from] item: Life Orb\n|\n|-heal|p1a: The sun|46\/100|[from] Grassy Terrain\n|-heal|p2a: Walking Wake|41\/100|[from] Grassy Terrain\n|upkeep\n|turn|7\n|\n|t:|1700631549\n|move|p1a: The sun|Sludge Wave|p2a: Walking Wake\n|-damage|p2a: Walking Wake|0 fnt\n|faint|p2a: Walking Wake\n|-end|p2a: Walking Wake|Protosynthesis|[silent]\n|\n|-heal|p1a: The sun|52\/100|[from] Grassy Terrain\n|upkeep\n|\n|t:|1700631554\n|switch|p2a: Kingambit|Kingambit, F|100\/100\n|-activate|p2a: Kingambit|ability: Supreme Overlord\n|-start|p2a: Kingambit|fallen2|[silent]\n|turn|8\n|\n|t:|1700631563\n|move|p2a: Kingambit|Sucker Punch||[still]\n|-fail|p2a: Kingambit\n|move|p1a: The sun|Substitute|p1a: The sun\n|-start|p1a: The sun|Substitute\n|-damage|p1a: The sun|27\/100\n|\n|-heal|p1a: The sun|33\/100|[from] Grassy Terrain\n|-fieldend|move: Grassy Terrain\n|upkeep\n|turn|9\n|\n|t:|1700631590\n|-terastallize|p2a: Kingambit|Dark\n|move|p1a: The sun|Fiery Dance|p2a: Kingambit\n|-damage|p2a: Kingambit|61\/100\n|move|p2a: Kingambit|Swords Dance|p2a: Kingambit\n|-boost|p2a: Kingambit|atk|2\n|\n|-heal|p2a: Kingambit|67\/100|[from] item: Leftovers\n|upkeep\n|turn|10\n|\n|t:|1700631610\n|move|p2a: Kingambit|Sucker Punch|p1a: The sun\n|-end|p1a: The sun|Substitute\n|move|p1a: The sun|Sludge Wave|p2a: Kingambit\n|-damage|p2a: Kingambit|21\/100\n|\n|-heal|p2a: Kingambit|27\/100|[from] item: Leftovers\n|upkeep\n|turn|11\n|\n|t:|1700631618\n|move|p2a: Kingambit|Sucker Punch||[still]\n|-fail|p2a: Kingambit\n|move|p1a: The sun|Substitute|p1a: The sun\n|-start|p1a: The sun|Substitute\n|-damage|p1a: The sun|8\/100\n|\n|-heal|p2a: Kingambit|33\/100|[from] item: Leftovers\n|upkeep\n|turn|12\n|\n|t:|1700631637\n|move|p2a: Kingambit|Sucker Punch|p1a: The sun\n|-end|p1a: The sun|Substitute\n|move|p1a: The sun|Fiery Dance|p2a: Kingambit\n|-damage|p2a: Kingambit|0 fnt\n|-boost|p1a: The sun|spa|1\n|faint|p2a: Kingambit\n|-end|p2a: Kingambit|fallen2|[silent]\n|\n|upkeep\n|\n|t:|1700631641\n|switch|p2a: Rillaboom|Rillaboom, F|100\/100\n|-fieldstart|move: Grassy Terrain|[from] ability: Grassy Surge|[of] p2a: Rillaboom\n|turn|13\n|\n|t:|1700631656\n|move|p2a: Rillaboom|Grassy Glide|p1a: The sun\n|-resisted|p1a: The sun\n|-damage|p1a: The sun|0 fnt\n|faint|p1a: The sun\n|-end|p1a: The sun|Quark Drive|[silent]\n|\n|upkeep\n|\n|t:|1700631669\n|switch|p1a: Gholdengo's hater|Great Tusk|100\/100\n|turn|14\n|\n|t:|1700631675\n|move|p2a: Rillaboom|Grassy Glide|p1a: Gholdengo's hater\n|-supereffective|p1a: Gholdengo's hater\n|-damage|p1a: Gholdengo's hater|12\/100\n|move|p1a: Gholdengo's hater|Ice Spinner|p2a: Rillaboom\n|-supereffective|p2a: Rillaboom\n|-crit|p2a: Rillaboom\n|-damage|p2a: Rillaboom|13\/100\n|-fieldend|move: Grassy Terrain\n|\n|upkeep\n|turn|15\n|\n|t:|1700631686\n|switch|p2a: Garganacl|Garganacl, M|100\/100\n|move|p1a: Gholdengo's hater|Rapid Spin|p2a: Garganacl\n|-resisted|p2a: Garganacl\n|-damage|p2a: Garganacl|96\/100\n|-boost|p1a: Gholdengo's hater|spe|1\n|-sideend|p1: A Pimp Named Kata|Stealth Rock|[from] move: Rapid Spin|[of] p1a: Gholdengo's hater\n|\n|-heal|p2a: Garganacl|100\/100|[from] item: Leftovers\n|upkeep\n|turn|16\n|\n|t:|1700631698\n|move|p1a: Gholdengo's hater|Close Combat|p2a: Garganacl\n|-supereffective|p2a: Garganacl\n|-damage|p2a: Garganacl|28\/100\n|-unboost|p1a: Gholdengo's hater|def|1\n|-unboost|p1a: Gholdengo's hater|spd|1\n|move|p2a: Garganacl|Curse|p2a: Garganacl\n|-unboost|p2a: Garganacl|spe|1\n|-boost|p2a: Garganacl|atk|1\n|-boost|p2a: Garganacl|def|1\n|\n|-heal|p2a: Garganacl|34\/100|[from] item: Leftovers\n|upkeep\n|turn|17\n|\n|t:|1700631711\n|move|p1a: Gholdengo's hater|Close Combat|p2a: Garganacl\n|-supereffective|p2a: Garganacl\n|-damage|p2a: Garganacl|0 fnt\n|-unboost|p1a: Gholdengo's hater|def|1\n|-unboost|p1a: Gholdengo's hater|spd|1\n|faint|p2a: Garganacl\n|\n|upkeep\n|\n|t:|1700631716\n|switch|p2a: Rillaboom|Rillaboom, F|13\/100\n|-fieldstart|move: Grassy Terrain|[from] ability: Grassy Surge|[of] p2a: Rillaboom\n|turn|18\n|\n|t:|1700631721\n|move|p2a: Rillaboom|Grassy Glide|p1a: Gholdengo's hater\n|-supereffective|p1a: Gholdengo's hater\n|-crit|p1a: Gholdengo's hater\n|-damage|p1a: Gholdengo's hater|0 fnt\n|faint|p1a: Gholdengo's hater\n|-end|p1a: Gholdengo's hater|Protosynthesis|[silent]\n|\n|-heal|p2a: Rillaboom|19\/100|[from] Grassy Terrain\n|upkeep\n|\n|t:|1700631730\n|switch|p1a: Serves|Ribombee, M|100\/100\n|turn|19\n|\n|t:|1700631735\n|move|p2a: Rillaboom|Grassy Glide|p1a: Serves\n|-resisted|p1a: Serves\n|-damage|p1a: Serves|40\/100\n|move|p1a: Serves|Sticky Web|p2a: Rillaboom\n|-sidestart|p2: Nangu|move: Sticky Web\n|\n|-heal|p1a: Serves|46\/100|[from] Grassy Terrain\n|-heal|p2a: Rillaboom|25\/100|[from] Grassy Terrain\n|upkeep\n|turn|20\n|\n|t:|1700631747\n|move|p2a: Rillaboom|Grassy Glide|p1a: Serves\n|-resisted|p1a: Serves\n|-damage|p1a: Serves|0 fnt\n|faint|p1a: Serves\n|\n|-heal|p2a: Rillaboom|31\/100|[from] Grassy Terrain\n|upkeep\n|\n|t:|1700631758\n|switch|p1a: Great Tuskcs Hater|Gholdengo|100\/100\n|-item|p1a: Great Tuskcs Hater|Air Balloon\n|turn|21\n|\n|t:|1700631762\n|switch|p2a: Ogerpon|Ogerpon-Wellspring, F|100\/100\n|-activate|p2a: Ogerpon|move: Sticky Web\n|-unboost|p2a: Ogerpon|spe|1\n|move|p1a: Great Tuskcs Hater|Shadow Ball|p2a: Ogerpon\n|-damage|p2a: Ogerpon|51\/100\n|\n|-heal|p2a: Ogerpon|57\/100|[from] Grassy Terrain\n|upkeep\n|turn|22\n|\n|t:|1700631775\n|move|p1a: Great Tuskcs Hater|Make It Rain|p2a: Ogerpon\n|-resisted|p2a: Ogerpon\n|-damage|p2a: Ogerpon|19\/100\n|-unboost|p1a: Great Tuskcs Hater|spa|1\n|move|p2a: Ogerpon|Swords Dance|p2a: Ogerpon\n|-boost|p2a: Ogerpon|atk|2\n|\n|-heal|p2a: Ogerpon|25\/100|[from] Grassy Terrain\n|-fieldend|move: Grassy Terrain\n|upkeep\n|turn|23\n|\n|t:|1700631787\n|move|p1a: Great Tuskcs Hater|Make It Rain|p2a: Ogerpon\n|-resisted|p2a: Ogerpon\n|-damage|p2a: Ogerpon|2\/100\n|-unboost|p1a: Great Tuskcs Hater|spa|1\n|move|p2a: Ogerpon|Horn Leech|p1a: Great Tuskcs Hater\n|-resisted|p1a: Great Tuskcs Hater\n|-damage|p1a: Great Tuskcs Hater|55\/100\n|-heal|p2a: Ogerpon|26\/100|[from] drain|[of] p1a: Great Tuskcs Hater\n|-enditem|p1a: Great Tuskcs Hater|Air Balloon\n|\n|upkeep\n|turn|24\n|\n|t:|1700631801\n|move|p1a: Great Tuskcs Hater|Nasty Plot|p1a: Great Tuskcs Hater\n|-boost|p1a: Great Tuskcs Hater|spa|2\n|move|p2a: Ogerpon|Horn Leech|p1a: Great Tuskcs Hater\n|-resisted|p1a: Great Tuskcs Hater\n|-damage|p1a: Great Tuskcs Hater|5\/100\n|-heal|p2a: Ogerpon|53\/100|[from] drain|[of] p1a: Great Tuskcs Hater\n|\n|upkeep\n|turn|25\n|\n|t:|1700631811\n|move|p1a: Great Tuskcs Hater|Shadow Ball|p2a: Ogerpon\n|-damage|p2a: Ogerpon|2\/100\n|move|p2a: Ogerpon|Trailblaze|p1a: Great Tuskcs Hater\n|-resisted|p1a: Great Tuskcs Hater\n|-damage|p1a: Great Tuskcs Hater|0 fnt\n|-boost|p2a: Ogerpon|spe|1\n|faint|p1a: Great Tuskcs Hater\n|\n|upkeep\n|\n|t:|1700631822\n|switch|p1a: Hanma|Ogerpon-Wellspring, F|100\/100\n|turn|26\n|\n|t:|1700631829\n|move|p2a: Ogerpon|Horn Leech|p1a: Hanma\n|-damage|p1a: Hanma|0 fnt\n|-heal|p2a: Ogerpon|52\/100|[from] drain|[of] p1a: Hanma\n|faint|p1a: Hanma\n|\n|upkeep\n|\n|t:|1700631835\n|switch|p1a: Its real|Kingambit, M|100\/100\n|-activate|p1a: Its real|ability: Supreme Overlord\n|-start|p1a: Its real|fallen5|[silent]\n|turn|27\n|\n|t:|1700631844\n|move|p2a: Ogerpon|Ivy Cudgel|p1a: Its real|[anim] Ivy Cudgel Water\n|-damage|p1a: Its real|8\/100\n|move|p1a: Its real|Kowtow Cleave|p2a: Ogerpon\n|-damage|p2a: Ogerpon|0 fnt\n|faint|p2a: Ogerpon\n|\n|-heal|p1a: Its real|14\/100|[from] item: Leftovers\n|upkeep\n|\n|t:|1700631849\n|switch|p2a: Rillaboom|Rillaboom, F|31\/100\n|-activate|p2a: Rillaboom|move: Sticky Web\n|-unboost|p2a: Rillaboom|spe|1\n|-fieldstart|move: Grassy Terrain|[from] ability: Grassy Surge|[of] p2a: Rillaboom\n|turn|28\n|\n|t:|1700631862\n|move|p2a: Rillaboom|Grassy Glide|p1a: Its real\n|-resisted|p1a: Its real\n|-damage|p1a: Its real|0 fnt\n|faint|p1a: Its real\n|-end|p1a: Its real|fallen5|[silent]\n|\n|win|Nangu\n|raw|A Pimp Named Kata's rating: 1237 &rarr; <strong>1210<\/strong><br \/>(-27 for losing)\n|raw|Nangu's rating: 1208 &rarr; <strong>1235<\/strong><br \/>(+27 for winning)\n","uploadtime":1700631883,"views":4,"p1id":"apimpnamedkata","p2id":"nangu","formatid":"gen9ou","rating":1210,"private":0,"password":""}