{"id":"gen9ou-1993549472","p1":"mizdrev","p2":"morkrow1990","format":"[Gen 9] OU","log":"|j|\u2606mizdrev\n|j|\u2606morkrow1990\n|t:|1700330631\n|gametype|singles\n|player|p1|mizdrev|bellelba|1116\n|player|p2|morkrow1990|1|1030\n|teamsize|p1|6\n|teamsize|p2|6\n|gen|9\n|tier|[Gen 9] OU\n|rated|\n|rule|Sleep Clause Mod: Limit one foe put to sleep\n|rule|Species Clause: Limit one of each Pok\u00e9mon\n|rule|OHKO Clause: OHKO moves are banned\n|rule|Evasion Items Clause: Evasion items are banned\n|rule|Evasion Moves Clause: Evasion moves are banned\n|rule|Endless Battle Clause: Forcing endless battles is banned\n|rule|HP Percentage Mod: HP is shown in percentages\n|clearpoke\n|poke|p1|Dragapult, F|\n|poke|p1|Kingambit, F|\n|poke|p1|Landorus-Therian, M|\n|poke|p1|Toxapex, F|\n|poke|p1|Corviknight, F|\n|poke|p1|Iron Moth|\n|poke|p2|Breloom, F|\n|poke|p2|Honchkrow, M|\n|poke|p2|Slowking, F|\n|poke|p2|Clodsire, M|\n|poke|p2|Tauros-Paldea-Blaze, M|\n|poke|p2|Kingambit, F|\n|teampreview\n|\n|t:|1700330634\n|start\n|switch|p1a: Dragapult|Dragapult, F, shiny|100\/100\n|switch|p2a: Breloom|Breloom, F|100\/100\n|turn|1\n|\n|t:|1700330640\n|move|p1a: Dragapult|Dragon Darts|p2a: Breloom\n|-damage|p2a: Breloom|36\/100\n|-anim|p1a: Dragapult|Dragon Darts|p2a: Breloom\n|-damage|p2a: Breloom|0 fnt\n|faint|p2a: Breloom\n|\n|upkeep\n|\n|t:|1700330652\n|switch|p2a: Honchkrow|Honchkrow, M|100\/100\n|turn|2\n|\n|t:|1700330657\n|move|p1a: Dragapult|Dragon Darts|p2a: Honchkrow\n|-damage|p2a: Honchkrow|29\/100\n|-anim|p1a: Dragapult|Dragon Darts|p2a: Honchkrow\n|-damage|p2a: Honchkrow|0 fnt\n|faint|p2a: Honchkrow\n|\n|upkeep\n|\n|t:|1700330668\n|switch|p2a: Kingambit|Kingambit, F|100\/100\n|-activate|p2a: Kingambit|ability: Supreme Overlord\n|-start|p2a: Kingambit|fallen2|[silent]\n|turn|3\n|\n|t:|1700330677\n|switch|p1a: Corviknight|Corviknight, F, shiny|100\/100\n|-terastallize|p2a: Kingambit|Dark\n|move|p2a: Kingambit|Kowtow Cleave|p1a: Corviknight\n|-crit|p1a: Corviknight\n|-damage|p1a: Corviknight|0 fnt\n|faint|p1a: Corviknight\n|\n|upkeep\n|\n|t:|1700330686\n|switch|p1a: Toxapex|Toxapex, F, shiny|100\/100\n|turn|4\n|\n|t:|1700330691\n|move|p1a: Toxapex|Baneful Bunker|p1a: Toxapex\n|-singleturn|p1a: Toxapex|move: Protect\n|move|p2a: Kingambit|Kowtow Cleave|p1a: Toxapex\n|-activate|p1a: Toxapex|move: Protect\n|-status|p2a: Kingambit|psn\n|\n|-damage|p2a: Kingambit|88\/100 psn|[from] psn\n|upkeep\n|turn|5\n|\n|t:|1700330707\n|switch|p1a: Dragapult|Dragapult, F, shiny|100\/100\n|move|p2a: Kingambit|Kowtow Cleave|p1a: Dragapult\n|-supereffective|p1a: Dragapult\n|-damage|p1a: Dragapult|0 fnt\n|faint|p1a: Dragapult\n|\n|-damage|p2a: Kingambit|76\/100 psn|[from] psn\n|upkeep\n|\n|t:|1700330715\n|switch|p1a: Iron Moth|Iron Moth, shiny|100\/100\n|-enditem|p1a: Iron Moth|Booster Energy\n|-activate|p1a: Iron Moth|ability: Quark Drive|[fromitem]\n|-start|p1a: Iron Moth|quarkdrivespa\n|turn|6\n|\n|t:|1700330726\n|move|p1a: Iron Moth|U-turn|p2a: Kingambit\n|-supereffective|p2a: Kingambit\n|-damage|p2a: Kingambit|59\/100 psn\n|\n|t:|1700330729\n|-end|p1a: Iron Moth|Quark Drive|[silent]\n|switch|p1a: Toxapex|Toxapex, F, shiny|100\/100|[from] U-turn\n|move|p2a: Kingambit|Kowtow Cleave|p1a: Toxapex\n|-damage|p1a: Toxapex|39\/100\n|\n|-heal|p1a: Toxapex|46\/100|[from] item: Leftovers\n|-damage|p2a: Kingambit|47\/100 psn|[from] psn\n|upkeep\n|turn|7\n|\n|t:|1700330741\n|move|p1a: Toxapex|Baneful Bunker|p1a: Toxapex\n|-singleturn|p1a: Toxapex|move: Protect\n|move|p2a: Kingambit|Kowtow Cleave|p1a: Toxapex\n|-activate|p1a: Toxapex|move: Protect\n|\n|-heal|p1a: Toxapex|52\/100|[from] item: Leftovers\n|-damage|p2a: Kingambit|34\/100 psn|[from] psn\n|upkeep\n|turn|8\n|\n|t:|1700330750\n|move|p2a: Kingambit|Kowtow Cleave|p1a: Toxapex\n|-damage|p1a: Toxapex|0 fnt\n|faint|p1a: Toxapex\n|\n|-damage|p2a: Kingambit|22\/100 psn|[from] psn\n|upkeep\n|\n|t:|1700330760\n|switch|p1a: Iron Moth|Iron Moth, shiny|100\/100\n|turn|9\n|\n|t:|1700330776\n|move|p1a: Iron Moth|Fiery Dance|p2a: Kingambit\n|-damage|p2a: Kingambit|0 fnt\n|-boost|p1a: Iron Moth|spa|1\n|faint|p2a: Kingambit\n|-end|p2a: Kingambit|fallen2|[silent]\n|\n|upkeep\n|inactive|Battle timer is ON: inactive players will automatically lose when time's up. (requested by mizdrev)\n|\n|t:|1700330783\n|switch|p2a: Slowking|Slowking, F|100\/100\n|turn|10\n|\n|t:|1700330789\n|-terastallize|p1a: Iron Moth|Grass\n|move|p1a: Iron Moth|Energy Ball|p2a: Slowking\n|-supereffective|p2a: Slowking\n|-damage|p2a: Slowking|0 fnt\n|faint|p2a: Slowking\n|\n|upkeep\n|\n|t:|1700330798\n|switch|p2a: Tauros|Tauros-Paldea-Blaze, M|100\/100\n|turn|11\n|\n|t:|1700330807\n|move|p1a: Iron Moth|U-turn|p2a: Tauros\n|-resisted|p2a: Tauros\n|-damage|p2a: Tauros|98\/100\n|\n|t:|1700330810\n|-end|p1a: Iron Moth|Quark Drive|[silent]\n|switch|p1a: Landorus|Landorus-Therian, M, shiny|100\/100|[from] U-turn\n|-ability|p1a: Landorus|Intimidate|boost\n|-unboost|p2a: Tauros|atk|1\n|move|p2a: Tauros|Flare Blitz|p1a: Landorus\n|-damage|p1a: Landorus|36\/100\n|-damage|p2a: Tauros|81\/100|[from] item: Rocky Helmet|[of] p1a: Landorus\n|-damage|p2a: Tauros|58\/100|[from] Recoil\n|-damage|p2a: Tauros|48\/100|[from] item: Life Orb\n|\n|upkeep\n|turn|12\n|\n|t:|1700330824\n|move|p1a: Landorus|Earthquake|p2a: Tauros\n|-supereffective|p2a: Tauros\n|-damage|p2a: Tauros|0 fnt\n|faint|p2a: Tauros\n|\n|upkeep\n|\n|t:|1700330829\n|switch|p2a: Clodsire|Clodsire, M|100\/100\n|turn|13\n|\n|t:|1700330836\n|move|p1a: Landorus|Earthquake|p2a: Clodsire\n|-supereffective|p2a: Clodsire\n|-damage|p2a: Clodsire|0 fnt\n|faint|p2a: Clodsire\n|\n|win|mizdrev\n|raw|mizdrev's rating: 1116 &rarr; <strong>1135<\/strong><br \/>(+19 for winning)\n|raw|morkrow1990's rating: 1030 &rarr; <strong>1019<\/strong><br \/>(-11 for losing)\n","uploadtime":1700330854,"views":7,"p1id":"mizdrev","p2id":"morkrow1990","formatid":"gen9ou","rating":1019,"private":0,"password":""}