{"id":"gen9ou-1996275162","p1":"0ddish0ne","p2":"ulillusion","format":"[Gen 9] OU","log":"|j|\u26060ddish0ne\n|j|\u2606ulillusion\n|t:|1700666522\n|gametype|singles\n|player|p1|0ddish0ne|lucas|\n|player|p2|ulillusion|lyra|\n|teamsize|p1|6\n|teamsize|p2|6\n|gen|9\n|tier|[Gen 9] OU\n|rule|Sleep Clause Mod: Limit one foe put to sleep\n|rule|Species Clause: Limit one of each Pok\u00e9mon\n|rule|OHKO Clause: OHKO moves are banned\n|rule|Evasion Items Clause: Evasion items are banned\n|rule|Evasion Moves Clause: Evasion moves are banned\n|rule|Endless Battle Clause: Forcing endless battles is banned\n|rule|HP Percentage Mod: HP is shown in percentages\n|clearpoke\n|poke|p1|Ninetales-Alola, F|\n|poke|p1|Iron Moth|\n|poke|p1|Zamazenta-*|\n|poke|p1|Hatterene, F|\n|poke|p1|Kingambit, M|\n|poke|p1|Ogerpon-Cornerstone, F|\n|poke|p2|Cinderace, M|\n|poke|p2|Kingambit, M|\n|poke|p2|Alomomola, M|\n|poke|p2|Great Tusk|\n|poke|p2|Dragapult, M|\n|poke|p2|Glimmora, F|\n|teampreview\n|inactive|Battle timer is ON: inactive players will automatically lose when time's up. (requested by ulillusion)\n|inactive|0ddish0ne also wants the timer to be on.\n|c|\u2606ulillusion|i shouldve brought the other team\n|c|\u2606ulillusion|would be cooking\n|\n|t:|1700666546\n|start\n|switch|p1a: Ninetales|Ninetales-Alola, F|100\/100\n|switch|p2a: Dragapult|Dragapult, M|100\/100\n|-weather|Snow|[from] ability: Snow Warning|[of] p1a: Ninetales\n|turn|1\n|\n|t:|1700666550\n|move|p2a: Dragapult|U-turn|p1a: Ninetales\n|-resisted|p1a: Ninetales\n|-damage|p1a: Ninetales|86\/100\n|\n|t:|1700666578\n|switch|p2a: Cinderace|Cinderace, M|100\/100|[from] U-turn\n|move|p1a: Ninetales|Freeze-Dry|p2a: Cinderace\n|-resisted|p2a: Cinderace\n|-damage|p2a: Cinderace|89\/100\n|\n|-weather|Snow|[upkeep]\n|upkeep\n|turn|2\n|inactive|ulillusion has 270 seconds left.\n|\n|t:|1700666598\n|switch|p1a: Iron Moth|Iron Moth|100\/100\n|-enditem|p1a: Iron Moth|Booster Energy\n|-activate|p1a: Iron Moth|ability: Quark Drive|[fromitem]\n|-start|p1a: Iron Moth|quarkdrivespe\n|move|p2a: Cinderace|U-turn|p1a: Iron Moth\n|-start|p2a: Cinderace|typechange|Bug|[from] ability: Libero\n|-resisted|p1a: Iron Moth\n|-damage|p1a: Iron Moth|91\/100\n|inactive|ulillusion has 270 seconds left.\n|inactive|ulillusion has 240 seconds left.\n|inactive|ulillusion has 210 seconds left.\n|\n|t:|1700666675\n|switch|p2a: Dragapult|Dragapult, M|100\/100|[from] U-turn\n|\n|-weather|Snow|[upkeep]\n|upkeep\n|turn|3\n|\n|t:|1700666682\n|move|p1a: Iron Moth|Dazzling Gleam|p2a: Dragapult\n|-supereffective|p2a: Dragapult\n|-damage|p2a: Dragapult|24\/100\n|move|p2a: Dragapult|Dragon Darts|p1a: Iron Moth\n|-damage|p1a: Iron Moth|33\/100\n|-anim|p2a: Dragapult|Dragon Darts|p1a: Iron Moth\n|-damage|p1a: Iron Moth|0 fnt\n|faint|p1a: Iron Moth\n|-end|p1a: Iron Moth|Quark Drive|[silent]\n|\n|-weather|Snow|[upkeep]\n|upkeep\n|\n|t:|1700666691\n|switch|p1a: Ninetales|Ninetales-Alola, F|86\/100\n|turn|4\n|\n|t:|1700666693\n|switch|p2a: Cinderace|Cinderace, M|89\/100\n|move|p1a: Ninetales|Freeze-Dry|p2a: Cinderace\n|-resisted|p2a: Cinderace\n|-damage|p2a: Cinderace|77\/100\n|-status|p2a: Cinderace|frz\n|\n|-weather|Snow|[upkeep]\n|upkeep\n|turn|5\n|c|\u2606ulillusion|skull\n|c|\u26060ddish0ne|Shenanigans\n|c|\u26060ddish0ne|Wair\n|c|\u26060ddish0ne|!dt pyro ball\n|raw|<ul class=\"utilichart\"><li class=\"result\"><span class=\"col movenamecol\"><a href=\"https:\/\/dex.pokemonshowdown.com\/moves\/pyroball\">Pyro Ball<\/a><\/span> <span class=\"col typecol\"><img src=\"\/\/play.pokemonshowdown.com\/sprites\/types\/Fire.png\" alt=\"Fire\" width=\"32\" height=\"14\"><img src=\"\/\/play.pokemonshowdown.com\/sprites\/categories\/Physical.png\" alt=\"Physical\" width=\"32\" height=\"14\"><\/span> <span class=\"col labelcol\"><em>Power<\/em><br>120<\/span> <span class=\"col widelabelcol\"><em>Accuracy<\/em><br>90%<\/span> <span class=\"col pplabelcol\"><em>PP<\/em><br>8<\/span> <span class=\"col movedesccol\">10% chance to burn the target. Thaws user.<\/span> <\/li><li style=\"clear:both\"><\/li><\/ul>\n|raw|<font size=\"1\"><font color=\"#686868\">Priority:<\/font> 0&nbsp;|&ThickSpace;<font color=\"#686868\">Gen:<\/font> 8&nbsp;|&ThickSpace;&#10003; Boosted by Sheer Force&nbsp;|&ThickSpace;&#10003; Bullet&nbsp;|&ThickSpace;&#10003; Thaws user&nbsp;|&ThickSpace;<font color=\"#686868\">Z-Power:<\/font> 190&nbsp;|&ThickSpace;<font color=\"#686868\">Dynamax Power:<\/font> 140&nbsp;|&ThickSpace;<font color=\"#686868\">Target:<\/font> One Adjacent Pok\u00e9mon<\/font>\n\n|\n|t:|1700666708\n|-curestatus|p2a: Cinderace|frz|[msg]\n|move|p2a: Cinderace|Court Change||[still]\n|-start|p2a: Cinderace|typechange|Normal|[from] ability: Libero\n|-swapsideconditions\n|-fail|p2a: Cinderace\n|move|p1a: Ninetales|Aurora Veil|p1a: Ninetales\n|-sidestart|p1: 0ddish0ne|move: Aurora Veil\n|\n|-weather|none\n|upkeep\n|turn|6\n|c|\u26060ddish0ne|Crap\n|c|\u2606ulillusion|bru\n|\n|t:|1700666716\n|move|p2a: Cinderace|Court Change|p2a: Cinderace\n|-swapsideconditions\n|-activate|p2a: Cinderace|move: Court Change\n|move|p1a: Ninetales|Encore|p2a: Cinderace\n|-start|p2a: Cinderace|Encore\n|\n|upkeep\n|turn|7\n|inactive|ulillusion has 210 seconds left.\n|\n|t:|1700666754\n|switch|p2a: Dragapult|Dragapult, M|24\/100\n|move|p1a: Ninetales|Moonblast|p2a: Dragapult\n|-supereffective|p2a: Dragapult\n|-crit|p2a: Dragapult\n|-damage|p2a: Dragapult|0 fnt\n|faint|p2a: Dragapult\n|\n|upkeep\n|inactive|ulillusion has 180 seconds left.\n|c|\u2606ulillusion|my great tusk still has ice spinner lol\n|\n|t:|1700666793\n|switch|p2a: Cinderace|Cinderace, M|77\/100\n|turn|8\n|\n|t:|1700666799\n|switch|p1a: Zamazenta|Zamazenta|100\/100\n|-ability|p1a: Zamazenta|Dauntless Shield|boost\n|-boost|p1a: Zamazenta|def|1\n|move|p2a: Cinderace|Pyro Ball|p1a: Zamazenta\n|-damage|p1a: Zamazenta|76\/100\n|\n|-heal|p1a: Zamazenta|83\/100|[from] item: Leftovers\n|upkeep\n|turn|9\n|inactive|ulillusion has 180 seconds left.\n|c|\u26060ddish0ne|Hm\n|\n|t:|1700666807\n|move|p1a: Zamazenta|Substitute|p1a: Zamazenta\n|-start|p1a: Zamazenta|Substitute\n|-damage|p1a: Zamazenta|58\/100\n|move|p2a: Cinderace|U-turn|p1a: Zamazenta\n|-start|p2a: Cinderace|typechange|Bug|[from] ability: Libero\n|-resisted|p1a: Zamazenta\n|-activate|p1a: Zamazenta|move: Substitute|[damage]\n|c|\u26060ddish0ne|Not choice band\n|inactive|ulillusion has 180 seconds left.\n|inactive|ulillusion has 150 seconds left.\n|\n|t:|1700666848\n|switch|p2a: Alomomola|Alomomola, M|100\/100|[from] U-turn\n|\n|-heal|p1a: Zamazenta|64\/100|[from] item: Leftovers\n|upkeep\n|turn|10\n|inactive|ulillusion has 150 seconds left.\n|\n|t:|1700666857\n|switch|p1a: Ninetales|Ninetales-Alola, F|86\/100\n|-weather|Snow|[from] ability: Snow Warning|[of] p1a: Ninetales\n|move|p2a: Alomomola|Scald|p1a: Ninetales\n|-damage|p1a: Ninetales|73\/100\n|-status|p1a: Ninetales|brn\n|\n|-weather|Snow|[upkeep]\n|-damage|p1a: Ninetales|67\/100 brn|[from] brn\n|upkeep\n|turn|11\n|\n|t:|1700666866\n|switch|p2a: Kingambit|Kingambit, M|100\/100\n|-activate|p2a: Kingambit|ability: Supreme Overlord\n|-start|p2a: Kingambit|fallen1|[silent]\n|move|p1a: Ninetales|Aurora Veil|p1a: Ninetales\n|-sidestart|p1: 0ddish0ne|move: Aurora Veil\n|\n|-weather|Snow|[upkeep]\n|-damage|p1a: Ninetales|61\/100 brn|[from] brn\n|upkeep\n|turn|12\n|\n|t:|1700666879\n|-end|p2a: Kingambit|fallen1|[silent]\n|switch|p2a: Glimmora|Glimmora, F|100\/100\n|move|p1a: Ninetales|Moonblast|p2a: Glimmora\n|-resisted|p2a: Glimmora\n|-damage|p2a: Glimmora|92\/100\n|\n|-weather|Snow|[upkeep]\n|-damage|p1a: Ninetales|55\/100 brn|[from] brn\n|-sideend|p2: ulillusion|move: Aurora Veil\n|upkeep\n|turn|13\n|\n|t:|1700666890\n|switch|p2a: Alomomola|Alomomola, M|100\/100\n|switch|p1a: Hatterene|Hatterene, F|100\/100\n|\n|-weather|Snow|[upkeep]\n|upkeep\n|turn|14\n|\n|t:|1700666898\n|move|p2a: Alomomola|Flip Turn|p1a: Hatterene\n|-damage|p1a: Hatterene|95\/100\n|\n|t:|1700666903\n|switch|p2a: Kingambit|Kingambit, M|100\/100|[from] Flip Turn\n|-activate|p2a: Kingambit|ability: Supreme Overlord\n|-start|p2a: Kingambit|fallen1|[silent]\n|move|p1a: Hatterene|Nuzzle|p2a: Kingambit\n|-damage|p2a: Kingambit|98\/100\n|-status|p2a: Kingambit|par\n|\n|-weather|none\n|-heal|p1a: Hatterene|100\/100|[from] item: Leftovers\n|-heal|p2a: Kingambit|100\/100 par|[from] item: Leftovers\n|upkeep\n|turn|15\n|\n|t:|1700666913\n|switch|p1a: Zamazenta|Zamazenta|64\/100\n|move|p2a: Kingambit|Iron Head|p1a: Zamazenta\n|-damage|p1a: Zamazenta|46\/100\n|\n|-heal|p1a: Zamazenta|52\/100|[from] item: Leftovers\n|upkeep\n|turn|16\n|\n|t:|1700666919\n|-end|p2a: Kingambit|fallen1|[silent]\n|switch|p2a: Alomomola|Alomomola, M|100\/100\n|move|p1a: Zamazenta|Substitute|p1a: Zamazenta\n|-start|p1a: Zamazenta|Substitute\n|-damage|p1a: Zamazenta|27\/100\n|\n|-heal|p1a: Zamazenta|33\/100|[from] item: Leftovers\n|upkeep\n|turn|17\n|\n|t:|1700666923\n|move|p1a: Zamazenta|Iron Defense|p1a: Zamazenta\n|-boost|p1a: Zamazenta|def|2\n|move|p2a: Alomomola|Scald|p1a: Zamazenta\n|-activate|p1a: Zamazenta|move: Substitute|[damage]\n|\n|-heal|p1a: Zamazenta|40\/100|[from] item: Leftovers\n|upkeep\n|turn|18\n|\n|t:|1700666933\n|move|p1a: Zamazenta|Iron Defense|p1a: Zamazenta\n|-boost|p1a: Zamazenta|def|2\n|move|p2a: Alomomola|Scald|p1a: Zamazenta\n|-activate|p1a: Zamazenta|move: Substitute|[damage]\n|\n|-heal|p1a: Zamazenta|46\/100|[from] item: Leftovers\n|-sideend|p1: 0ddish0ne|move: Aurora Veil\n|upkeep\n|turn|19\n|\n|t:|1700666940\n|move|p1a: Zamazenta|Iron Defense|p1a: Zamazenta\n|-boost|p1a: Zamazenta|def|2\n|move|p2a: Alomomola|Scald|p1a: Zamazenta\n|-activate|p1a: Zamazenta|move: Substitute|[damage]\n|\n|-heal|p1a: Zamazenta|52\/100|[from] item: Leftovers\n|upkeep\n|turn|20\n|\n|t:|1700666945\n|move|p1a: Zamazenta|Iron Defense|p1a: Zamazenta\n|-boost|p1a: Zamazenta|def|0\n|move|p2a: Alomomola|Scald|p1a: Zamazenta\n|-end|p1a: Zamazenta|Substitute\n|\n|-heal|p1a: Zamazenta|58\/100|[from] item: Leftovers\n|upkeep\n|turn|21\n|inactive|ulillusion has 210 seconds left.\n|c|\u26060ddish0ne|I know what set that is\n|c|\u26060ddish0ne|I refuse to hit mola\n|inactive|ulillusion has 180 seconds left.\n|\n|t:|1700666995\n|move|p1a: Zamazenta|Substitute|p1a: Zamazenta\n|-start|p1a: Zamazenta|Substitute\n|-damage|p1a: Zamazenta|33\/100\n|move|p2a: Alomomola|Flip Turn|p1a: Zamazenta\n|-activate|p1a: Zamazenta|move: Substitute|[damage]\n|\n|t:|1700667010\n|switch|p2a: Kingambit|Kingambit, M|100\/100 par|[from] Flip Turn\n|-activate|p2a: Kingambit|ability: Supreme Overlord\n|-start|p2a: Kingambit|fallen1|[silent]\n|\n|-heal|p1a: Zamazenta|40\/100|[from] item: Leftovers\n|upkeep\n|turn|22\n|\n|t:|1700667015\n|-end|p2a: Kingambit|fallen1|[silent]\n|switch|p2a: Alomomola|Alomomola, M|100\/100\n|move|p1a: Zamazenta|Crunch|p2a: Alomomola\n|-damage|p2a: Alomomola|89\/100\n|-enditem|p2a: Alomomola|Red Card|[of] p1a: Zamazenta\n|drag|p1a: Hatterene|Hatterene, F|100\/100\n|\n|upkeep\n|turn|23\n|\n|t:|1700667024\n|switch|p1a: Zamazenta|Zamazenta|40\/100\n|move|p2a: Alomomola|Flip Turn|p1a: Zamazenta\n|-damage|p1a: Zamazenta|28\/100\n|\n|t:|1700667028\n|switch|p2a: Glimmora|Glimmora, F|92\/100|[from] Flip Turn\n|\n|-heal|p1a: Zamazenta|34\/100|[from] item: Leftovers\n|upkeep\n|turn|24\n|c|\u26060ddish0ne|Darn\n|\n|t:|1700667037\n|switch|p1a: Hatterene|Hatterene, F|100\/100\n|-terastallize|p2a: Glimmora|Fairy\n|move|p2a: Glimmora|Dazzling Gleam|p1a: Hatterene\n|-damage|p1a: Hatterene|56\/100\n|\n|-heal|p1a: Hatterene|62\/100|[from] item: Leftovers\n|upkeep\n|turn|25\n|\n|t:|1700667042\n|switch|p2a: Kingambit|Kingambit, M|100\/100 par\n|-activate|p2a: Kingambit|ability: Supreme Overlord\n|-start|p2a: Kingambit|fallen1|[silent]\n|move|p1a: Hatterene|Draining Kiss|p2a: Kingambit\n|-damage|p2a: Kingambit|77\/100 par\n|-heal|p1a: Hatterene|84\/100|[from] drain|[of] p2a: Kingambit\n|\n|-heal|p1a: Hatterene|90\/100|[from] item: Leftovers\n|-heal|p2a: Kingambit|83\/100 par|[from] item: Leftovers\n|upkeep\n|turn|26\n|\n|t:|1700667054\n|switch|p1a: Ninetales|Ninetales-Alola, F|55\/100 brn\n|-weather|Snow|[from] ability: Snow Warning|[of] p1a: Ninetales\n|-end|p2a: Kingambit|fallen1|[silent]\n|switch|p2a: Glimmora|Glimmora, F, tera:Fairy|92\/100\n|\n|-weather|Snow|[upkeep]\n|-damage|p1a: Ninetales|49\/100 brn|[from] brn\n|upkeep\n|turn|27\n|inactive|ulillusion has 210 seconds left.\n|\n|t:|1700667088\n|move|p2a: Glimmora|Sludge Wave|p1a: Ninetales\n|-supereffective|p1a: Ninetales\n|-damage|p1a: Ninetales|0 fnt\n|faint|p1a: Ninetales\n|\n|-weather|Snow|[upkeep]\n|upkeep\n|c|\u26060ddish0ne|Ah i see\n|\n|t:|1700667102\n|switch|p1a: Kingambit|Kingambit, M|100\/100\n|-activate|p1a: Kingambit|ability: Supreme Overlord\n|-start|p1a: Kingambit|fallen2|[silent]\n|turn|28\n|\n|t:|1700667112\n|switch|p2a: Great Tusk|Great Tusk|100\/100\n|move|p1a: Kingambit|Swords Dance|p1a: Kingambit\n|-boost|p1a: Kingambit|atk|2\n|\n|-weather|Snow|[upkeep]\n|upkeep\n|turn|29\n|\n|t:|1700667117\n|-terastallize|p1a: Kingambit|Fairy\n|move|p2a: Great Tusk|Headlong Rush|p1a: Kingambit\n|-damage|p1a: Kingambit|50\/100\n|-unboost|p2a: Great Tusk|def|1\n|-unboost|p2a: Great Tusk|spd|1\n|move|p1a: Kingambit|Low Kick|p2a: Great Tusk\n|-damage|p2a: Great Tusk|0 fnt\n|faint|p2a: Great Tusk\n|-end|p2a: Great Tusk|Protosynthesis|[silent]\n|\n|-weather|Snow|[upkeep]\n|upkeep\n|\n|t:|1700667133\n|switch|p2a: Glimmora|Glimmora, F, tera:Fairy|92\/100\n|turn|30\n|\n|t:|1700667136\n|move|p1a: Kingambit|Sucker Punch|p2a: Glimmora\n|-resisted|p2a: Glimmora\n|-damage|p2a: Glimmora|24\/100\n|-activate|p2a: Glimmora|ability: Toxic Debris\n|-sidestart|p1: 0ddish0ne|move: Toxic Spikes\n|move|p2a: Glimmora|Sludge Wave|p1a: Kingambit\n|-supereffective|p1a: Kingambit\n|-damage|p1a: Kingambit|0 fnt\n|faint|p1a: Kingambit\n|-end|p1a: Kingambit|fallen2|[silent]\n|\n|-weather|none\n|upkeep\n|\n|t:|1700667150\n|switch|p1a: Ogerpon|Ogerpon-Cornerstone, F|100\/100\n|-status|p1a: Ogerpon|psn\n|turn|31\n|\n|t:|1700667159\n|switch|p2a: Kingambit|Kingambit, M|83\/100 par\n|-activate|p2a: Kingambit|ability: Supreme Overlord\n|-start|p2a: Kingambit|fallen2|[silent]\n|move|p1a: Ogerpon|Trailblaze|p2a: Kingambit\n|-resisted|p2a: Kingambit\n|-damage|p2a: Kingambit|72\/100 par\n|-boost|p1a: Ogerpon|spe|1\n|\n|-heal|p2a: Kingambit|78\/100 par|[from] item: Leftovers\n|-damage|p1a: Ogerpon|88\/100 psn|[from] psn\n|upkeep\n|turn|32\n|inactive|ulillusion has 210 seconds left.\n|\n|t:|1700667168\n|move|p1a: Ogerpon|Ivy Cudgel|p2a: Kingambit|[anim] Ivy Cudgel Rock\n|-resisted|p2a: Kingambit\n|-damage|p2a: Kingambit|58\/100 par\n|move|p2a: Kingambit|Iron Head|p1a: Ogerpon\n|-supereffective|p1a: Ogerpon\n|-damage|p1a: Ogerpon|0 fnt\n|faint|p1a: Ogerpon\n|\n|-heal|p2a: Kingambit|64\/100 par|[from] item: Leftovers\n|upkeep\n|\n|t:|1700667171\n|switch|p1a: Hatterene|Hatterene, F|90\/100\n|-status|p1a: Hatterene|psn\n|turn|33\n|\n|t:|1700667176\n|move|p1a: Hatterene|Draining Kiss|p2a: Kingambit\n|-damage|p2a: Kingambit|42\/100 par\n|-heal|p1a: Hatterene|100\/100 psn|[from] drain|[of] p2a: Kingambit\n|move|p2a: Kingambit|Iron Head|p1a: Hatterene\n|-supereffective|p1a: Hatterene\n|-damage|p1a: Hatterene|17\/100 psn\n|\n|-heal|p1a: Hatterene|23\/100 psn|[from] item: Leftovers\n|-heal|p2a: Kingambit|48\/100 par|[from] item: Leftovers\n|-damage|p1a: Hatterene|10\/100 psn|[from] psn\n|upkeep\n|turn|34\n|inactive|ulillusion has 210 seconds left.\n|\n|t:|1700667201\n|move|p1a: Hatterene|Draining Kiss|p2a: Kingambit\n|-damage|p2a: Kingambit|25\/100 par\n|-heal|p1a: Hatterene|32\/100 psn|[from] drain|[of] p2a: Kingambit\n|move|p2a: Kingambit|Swords Dance|p2a: Kingambit\n|-boost|p2a: Kingambit|atk|2\n|\n|-heal|p1a: Hatterene|38\/100 psn|[from] item: Leftovers\n|-heal|p2a: Kingambit|31\/100 par|[from] item: Leftovers\n|-damage|p1a: Hatterene|26\/100 psn|[from] psn\n|upkeep\n|turn|35\n|\n|t:|1700667211\n|move|p1a: Hatterene|Draining Kiss|p2a: Kingambit\n|-crit|p2a: Kingambit\n|-damage|p2a: Kingambit|0 fnt\n|-heal|p1a: Hatterene|55\/100 psn|[from] drain|[of] p2a: Kingambit\n|faint|p2a: Kingambit\n|-end|p2a: Kingambit|fallen2|[silent]\n|\n|-heal|p1a: Hatterene|61\/100 psn|[from] item: Leftovers\n|-damage|p1a: Hatterene|49\/100 psn|[from] psn\n|upkeep\n|c|\u26060ddish0ne|Odd\n|inactive|ulillusion has 210 seconds left.\n|\n|t:|1700667225\n|switch|p2a: Glimmora|Glimmora, F, tera:Fairy|24\/100\n|turn|36\n|\n|t:|1700667228\n|move|p2a: Glimmora|Sludge Wave|p1a: Hatterene\n|-supereffective|p1a: Hatterene\n|-damage|p1a: Hatterene|0 fnt\n|faint|p1a: Hatterene\n|\n|upkeep\n|\n|t:|1700667231\n|switch|p1a: Zamazenta|Zamazenta|34\/100\n|-status|p1a: Zamazenta|psn\n|turn|37\n|\n|t:|1700667233\n|move|p2a: Glimmora|Sludge Wave|p1a: Zamazenta\n|-damage|p1a: Zamazenta|0 fnt\n|faint|p1a: Zamazenta\n|\n|win|ulillusion\n|c|\u2606ulillusion|gg\n|c|\u26060ddish0ne|Gg\n|c|\u2606ulillusion|did glimmora\n|c|\u2606ulillusion|kill everything\n|c|\u2606ulillusion|lol\n|c|\u26060ddish0ne|I have not played balance in a while\n|c|\u2606ulillusion|usually\n|l|\u26060ddish0ne\n|c|\u2606ulillusion|my glimmora dies in the first 3 turns\n","uploadtime":1700667319,"views":5,"p1id":"0ddish0ne","p2id":"ulillusion","formatid":"gen9ou","rating":0,"private":0,"password":""}