{"id":"gen9ou-1993254411","p1":"not ffld","p2":"mathismathin","format":"[Gen 9] OU","log":"|j|\u2606not ffld\n|j|\u2606mathismathin\n|t:|1700284908\n|gametype|singles\n|player|p1|not ffld|2|1699\n|player|p2|mathismathin|nate|1817\n|teamsize|p1|6\n|teamsize|p2|6\n|gen|9\n|tier|[Gen 9] OU\n|rated|\n|rule|Sleep Clause Mod: Limit one foe put to sleep\n|rule|Species Clause: Limit one of each Pok\u00e9mon\n|rule|OHKO Clause: OHKO moves are banned\n|rule|Evasion Items Clause: Evasion items are banned\n|rule|Evasion Moves Clause: Evasion moves are banned\n|rule|Endless Battle Clause: Forcing endless battles is banned\n|rule|HP Percentage Mod: HP is shown in percentages\n|clearpoke\n|poke|p1|Ogerpon, F|\n|poke|p1|Grimmsnarl, M|\n|poke|p1|Sneasler, F|\n|poke|p1|Cinderace, F|\n|poke|p1|Slowbro-Galar, F|\n|poke|p1|Corviknight, F|\n|poke|p2|Cyclizar, F|\n|poke|p2|Talonflame, F|\n|poke|p2|Dipplin, F|\n|poke|p2|Blissey, F|\n|poke|p2|Dondozo, M|\n|poke|p2|Clodsire, M|\n|teampreview\n|inactive|Battle timer is ON: inactive players will automatically lose when time's up. (requested by not ffld)\n|\n|t:|1700284925\n|start\n|switch|p1a: Slowbro|Slowbro-Galar, F|100\/100\n|switch|p2a: Cyclizar|Cyclizar, F|100\/100\n|turn|1\n|\n|t:|1700284938\n|move|p2a: Cyclizar|Knock Off|p1a: Slowbro\n|-supereffective|p1a: Slowbro\n|-damage|p1a: Slowbro|64\/100\n|-enditem|p1a: Slowbro|Quick Claw|[from] move: Knock Off|[of] p2a: Cyclizar\n|move|p1a: Slowbro|Calm Mind|p1a: Slowbro\n|-boost|p1a: Slowbro|spa|1\n|-boost|p1a: Slowbro|spd|1\n|\n|upkeep\n|turn|2\n|\n|t:|1700284965\n|move|p2a: Cyclizar|Knock Off|p1a: Slowbro\n|-supereffective|p1a: Slowbro\n|-damage|p1a: Slowbro|43\/100\n|move|p1a: Slowbro|Iron Defense|p1a: Slowbro\n|-boost|p1a: Slowbro|def|2\n|\n|upkeep\n|turn|3\n|\n|t:|1700284970\n|move|p2a: Cyclizar|U-turn|p1a: Slowbro\n|-damage|p1a: Slowbro|37\/100\n|\n|t:|1700284975\n|switch|p2a: Blissey|Blissey, F|100\/100|[from] U-turn\n|move|p1a: Slowbro|Slack Off|p1a: Slowbro\n|-heal|p1a: Slowbro|87\/100\n|\n|upkeep\n|turn|4\n|\n|t:|1700284981\n|switch|p2a: Clodsire|Clodsire, M|100\/100\n|move|p1a: Slowbro|Calm Mind|p1a: Slowbro\n|-boost|p1a: Slowbro|spa|1\n|-boost|p1a: Slowbro|spd|1\n|\n|upkeep\n|turn|5\n|\n|t:|1700284984\n|-terastallize|p2a: Clodsire|Steel\n|move|p1a: Slowbro|Calm Mind|p1a: Slowbro\n|-boost|p1a: Slowbro|spa|1\n|-boost|p1a: Slowbro|spd|1\n|move|p2a: Clodsire|Spikes|p1a: Slowbro\n|-sidestart|p1: not ffld|Spikes\n|\n|upkeep\n|turn|6\n|\n|t:|1700284989\n|move|p1a: Slowbro|Calm Mind|p1a: Slowbro\n|-boost|p1a: Slowbro|spa|1\n|-boost|p1a: Slowbro|spd|1\n|move|p2a: Clodsire|Amnesia|p2a: Clodsire\n|-boost|p2a: Clodsire|spd|2\n|\n|upkeep\n|turn|7\n|inactive|mathismathin has 120 seconds left.\n|\n|t:|1700285031\n|move|p1a: Slowbro|Iron Defense|p1a: Slowbro\n|-boost|p1a: Slowbro|def|2\n|move|p2a: Clodsire|Spikes|p1a: Slowbro\n|-sidestart|p1: not ffld|Spikes\n|\n|upkeep\n|turn|8\n|\n|t:|1700285050\n|move|p1a: Slowbro|Calm Mind|p1a: Slowbro\n|-boost|p1a: Slowbro|spa|1\n|-boost|p1a: Slowbro|spd|1\n|move|p2a: Clodsire|Amnesia|p2a: Clodsire\n|-boost|p2a: Clodsire|spd|2\n|\n|upkeep\n|turn|9\n|\n|t:|1700285053\n|move|p1a: Slowbro|Calm Mind|p1a: Slowbro\n|-boost|p1a: Slowbro|spa|1\n|-boost|p1a: Slowbro|spd|1\n|move|p2a: Clodsire|Spikes|p1a: Slowbro\n|-sidestart|p1: not ffld|Spikes\n|\n|upkeep\n|turn|10\n|inactive|mathismathin has 120 seconds left.\n|\n|t:|1700285072\n|move|p1a: Slowbro|Iron Defense|p1a: Slowbro\n|-boost|p1a: Slowbro|def|2\n|move|p2a: Clodsire|Amnesia|p2a: Clodsire\n|-boost|p2a: Clodsire|spd|2\n|\n|upkeep\n|turn|11\n|-activate|p1a: Slowbro|ability: Quick Draw\n|\n|t:|1700285078\n|move|p1a: Slowbro|Stored Power|p2a: Clodsire\n|-resisted|p2a: Clodsire\n|-damage|p2a: Clodsire|92\/100\n|move|p2a: Clodsire|Amnesia|p2a: Clodsire\n|-boost|p2a: Clodsire|spd|0\n|\n|upkeep\n|turn|12\n|inactive|mathismathin has 120 seconds left.\n|\n|t:|1700285104\n|switch|p1a: Corviknight|Corviknight, F|100\/100\n|-ability|p1a: Corviknight|Pressure\n|move|p2a: Clodsire|Amnesia|p2a: Clodsire\n|-boost|p2a: Clodsire|spd|0\n|\n|upkeep\n|turn|13\n|\n|t:|1700285108\n|switch|p1a: Sneasler|Sneasler, F|100\/100\n|-item|p1a: Sneasler|Air Balloon\n|switch|p2a: Talonflame|Talonflame, F|100\/100\n|\n|upkeep\n|turn|14\n|inactive|mathismathin has 120 seconds left.\n|\n|t:|1700285125\n|move|p2a: Talonflame|Will-O-Wisp|p1a: Sneasler\n|-status|p1a: Sneasler|brn\n|move|p1a: Sneasler|Dire Claw|p2a: Talonflame\n|-damage|p2a: Talonflame|82\/100\n|-status|p2a: Talonflame|par\n|\n|-damage|p1a: Sneasler|95\/100 brn|[from] brn\n|upkeep\n|turn|15\n|\n|t:|1700285129\n|move|p1a: Sneasler|Swords Dance|p1a: Sneasler\n|-boost|p1a: Sneasler|atk|2\n|cant|p2a: Talonflame|par\n|\n|-damage|p1a: Sneasler|89\/100 brn|[from] brn\n|upkeep\n|turn|16\n|\n|t:|1700285135\n|switch|p2a: Dondozo|Dondozo, M|100\/100\n|move|p1a: Sneasler|Dire Claw|p2a: Dondozo\n|-damage|p2a: Dondozo|91\/100\n|-status|p2a: Dondozo|psn\n|\n|-heal|p2a: Dondozo|97\/100 psn|[from] item: Leftovers\n|-damage|p2a: Dondozo|84\/100 psn|[from] psn\n|-damage|p1a: Sneasler|83\/100 brn|[from] brn\n|upkeep\n|turn|17\n|\n|t:|1700285140\n|switch|p1a: Cinderace|Cinderace, F|100\/100\n|move|p2a: Dondozo|Waterfall|p1a: Cinderace\n|-supereffective|p1a: Cinderace\n|-damage|p1a: Cinderace|18\/100\n|\n|-heal|p2a: Dondozo|91\/100 psn|[from] item: Leftovers\n|-damage|p2a: Dondozo|78\/100 psn|[from] psn\n|upkeep\n|turn|18\n|j| dcc dcccc\n|\n|t:|1700285147\n|move|p1a: Cinderace|Court Change|p1a: Cinderace\n|-start|p1a: Cinderace|typechange|Normal|[from] ability: Libero\n|-swapsideconditions\n|-activate|p1a: Cinderace|move: Court Change\n|move|p2a: Dondozo|Waterfall|p1a: Cinderace\n|-damage|p1a: Cinderace|0 fnt\n|faint|p1a: Cinderace\n|\n|-heal|p2a: Dondozo|84\/100 psn|[from] item: Leftovers\n|-damage|p2a: Dondozo|72\/100 psn|[from] psn\n|upkeep\n|\n|t:|1700285159\n|switch|p1a: Ogerpon|Ogerpon, F|100\/100\n|turn|19\n|inactive|mathismathin has 120 seconds left.\n|\n|t:|1700285192\n|switch|p2a: Talonflame|Talonflame, F|82\/100 par\n|move|p1a: Ogerpon|Swords Dance|p1a: Ogerpon\n|-boost|p1a: Ogerpon|atk|2\n|\n|upkeep\n|turn|20\n|\n|t:|1700285197\n|move|p1a: Ogerpon|Knock Off|p2a: Talonflame\n|-damage|p2a: Talonflame|30\/100 par\n|-enditem|p2a: Talonflame|Heavy-Duty Boots|[from] move: Knock Off|[of] p1a: Ogerpon\n|move|p2a: Talonflame|Will-O-Wisp|p1a: Ogerpon\n|-status|p1a: Ogerpon|brn\n|\n|-damage|p1a: Ogerpon|95\/100 brn|[from] brn\n|upkeep\n|turn|21\n|inactive|mathismathin has 120 seconds left.\n|\n|t:|1700285227\n|move|p1a: Ogerpon|Knock Off|p2a: Talonflame\n|-damage|p2a: Talonflame|10\/100 par\n|move|p2a: Talonflame|Roost|p2a: Talonflame\n|-heal|p2a: Talonflame|60\/100 par\n|-singleturn|p2a: Talonflame|move: Roost\n|\n|-damage|p1a: Ogerpon|89\/100 brn|[from] brn\n|upkeep\n|turn|22\n|\n|t:|1700285231\n|move|p1a: Ogerpon|Knock Off|p2a: Talonflame\n|-damage|p2a: Talonflame|43\/100 par\n|move|p2a: Talonflame|Roost|p2a: Talonflame\n|-heal|p2a: Talonflame|93\/100 par\n|-singleturn|p2a: Talonflame|move: Roost\n|\n|-damage|p1a: Ogerpon|83\/100 brn|[from] brn\n|upkeep\n|turn|23\n|inactive|mathismathin has 120 seconds left.\n|\n|t:|1700285266\n|move|p1a: Ogerpon|Knock Off|p2a: Talonflame\n|-damage|p2a: Talonflame|74\/100 par\n|move|p2a: Talonflame|Flamethrower|p1a: Ogerpon\n|-supereffective|p1a: Ogerpon\n|-damage|p1a: Ogerpon|21\/100 brn\n|\n|-damage|p1a: Ogerpon|15\/100 brn|[from] brn\n|upkeep\n|turn|24\n|\n|t:|1700285269\n|move|p1a: Ogerpon|Knock Off|p2a: Talonflame\n|-damage|p2a: Talonflame|57\/100 par\n|cant|p2a: Talonflame|par\n|\n|-damage|p1a: Ogerpon|9\/100 brn|[from] brn\n|upkeep\n|turn|25\n|inactive|mathismathin has 120 seconds left.\n|\n|t:|1700285283\n|move|p1a: Ogerpon|Knock Off|p2a: Talonflame\n|-damage|p2a: Talonflame|38\/100 par\n|move|p2a: Talonflame|Flamethrower|p1a: Ogerpon\n|-supereffective|p1a: Ogerpon\n|-damage|p1a: Ogerpon|0 fnt\n|faint|p1a: Ogerpon\n|\n|upkeep\n|\n|t:|1700285291\n|switch|p1a: Grimmsnarl|Grimmsnarl, M|100\/100\n|turn|26\n|inactive|mathismathin has 120 seconds left.\n|\n|t:|1700285308\n|move|p1a: Grimmsnarl|Taunt|p2a: Talonflame\n|-start|p2a: Talonflame|move: Taunt\n|cant|p2a: Talonflame|move: Taunt|Roost\n|\n|upkeep\n|turn|27\n|\n|t:|1700285312\n|switch|p2a: Cyclizar|Cyclizar, F|100\/100\n|move|p1a: Grimmsnarl|Spirit Break|p2a: Cyclizar\n|-supereffective|p2a: Cyclizar\n|-damage|p2a: Cyclizar|29\/100\n|-unboost|p2a: Cyclizar|spa|1\n|\n|upkeep\n|turn|28\n|j| TJLD\n|l| TJLD\n|inactive|mathismathin has 120 seconds left.\n|j| TJLD\n|\n|t:|1700285349\n|move|p2a: Cyclizar|U-turn|p1a: Grimmsnarl\n|-crit|p1a: Grimmsnarl\n|-damage|p1a: Grimmsnarl|75\/100\n|\n|t:|1700285351\n|switch|p2a: Clodsire|Clodsire, M, tera:Steel|92\/100|[from] U-turn\n|move|p1a: Grimmsnarl|Spirit Break|p2a: Clodsire\n|-resisted|p2a: Clodsire\n|-damage|p2a: Clodsire|78\/100\n|-unboost|p2a: Clodsire|spa|1\n|\n|upkeep\n|turn|29\n|\n|t:|1700285354\n|switch|p2a: Cyclizar|Cyclizar, F|62\/100\n|move|p1a: Grimmsnarl|Taunt|p2a: Cyclizar\n|-start|p2a: Cyclizar|move: Taunt\n|\n|upkeep\n|turn|30\n|inactive|mathismathin has 120 seconds left.\n|\n|t:|1700285375\n|move|p2a: Cyclizar|U-turn|p1a: Grimmsnarl\n|-damage|p1a: Grimmsnarl|58\/100\n|\n|t:|1700285378\n|switch|p2a: Talonflame|Talonflame, F|38\/100 par|[from] U-turn\n|move|p1a: Grimmsnarl|Spirit Break|p2a: Talonflame\n|-resisted|p2a: Talonflame\n|-crit|p2a: Talonflame\n|-damage|p2a: Talonflame|22\/100 par\n|-unboost|p2a: Talonflame|spa|1\n|\n|upkeep\n|turn|31\n|\n|t:|1700285382\n|move|p1a: Grimmsnarl|Taunt|p2a: Talonflame\n|-start|p2a: Talonflame|move: Taunt\n|move|p2a: Talonflame|Flamethrower|p1a: Grimmsnarl\n|-damage|p1a: Grimmsnarl|45\/100\n|\n|upkeep\n|turn|32\n|inactive|mathismathin has 120 seconds left.\n|\n|t:|1700285405\n|switch|p2a: Clodsire|Clodsire, M, tera:Steel|78\/100\n|move|p1a: Grimmsnarl|Spirit Break|p2a: Clodsire\n|-resisted|p2a: Clodsire\n|-damage|p2a: Clodsire|63\/100\n|-unboost|p2a: Clodsire|spa|1\n|\n|upkeep\n|turn|33\n|\n|t:|1700285408\n|switch|p2a: Cyclizar|Cyclizar, F|95\/100\n|move|p1a: Grimmsnarl|Taunt|p2a: Cyclizar\n|-start|p2a: Cyclizar|move: Taunt\n|\n|upkeep\n|turn|34\n|inactive|mathismathin has 120 seconds left.\n|\n|t:|1700285444\n|move|p2a: Cyclizar|Rapid Spin|p1a: Grimmsnarl\n|-damage|p1a: Grimmsnarl|26\/100\n|-boost|p2a: Cyclizar|spe|1\n|-sideend|p2: mathismathin|Spikes|[from] move: Rapid Spin|[of] p2a: Cyclizar\n|move|p1a: Grimmsnarl|Spirit Break|p2a: Cyclizar\n|-supereffective|p2a: Cyclizar\n|-crit|p2a: Cyclizar\n|-damage|p2a: Cyclizar|0 fnt\n|faint|p2a: Cyclizar\n|\n|upkeep\n|\n|t:|1700285453\n|switch|p2a: Dipplin|Dipplin, F|100\/100\n|turn|35\n|\n|t:|1700285455\n|move|p1a: Grimmsnarl|Taunt|p2a: Dipplin\n|-start|p2a: Dipplin|move: Taunt\n|move|p2a: Dipplin|Giga Drain|p1a: Grimmsnarl\n|-damage|p1a: Grimmsnarl|8\/100\n|\n|upkeep\n|turn|36\n|\n|t:|1700285463\n|move|p1a: Grimmsnarl|Spirit Break|p2a: Dipplin\n|-supereffective|p2a: Dipplin\n|-damage|p2a: Dipplin|77\/100\n|-unboost|p2a: Dipplin|spa|1\n|move|p2a: Dipplin|Giga Drain|p1a: Grimmsnarl\n|-damage|p1a: Grimmsnarl|0 fnt\n|-heal|p2a: Dipplin|81\/100|[from] drain|[of] p1a: Grimmsnarl\n|faint|p1a: Grimmsnarl\n|\n|upkeep\n|\n|t:|1700285465\n|switch|p1a: Corviknight|Corviknight, F|100\/100\n|-ability|p1a: Corviknight|Pressure\n|turn|37\n|inactive|mathismathin has 120 seconds left.\n|\n|t:|1700285471\n|switch|p2a: Dondozo|Dondozo, M|72\/100 psn\n|move|p1a: Corviknight|Bulk Up|p1a: Corviknight\n|-boost|p1a: Corviknight|atk|1\n|-boost|p1a: Corviknight|def|1\n|\n|-heal|p2a: Dondozo|78\/100 psn|[from] item: Leftovers\n|-damage|p2a: Dondozo|65\/100 psn|[from] psn\n|upkeep\n|turn|38\n|\n|t:|1700285474\n|move|p1a: Corviknight|Taunt|p2a: Dondozo\n|-start|p2a: Dondozo|move: Taunt\n|cant|p2a: Dondozo|move: Taunt|Rest\n|\n|-heal|p2a: Dondozo|72\/100 psn|[from] item: Leftovers\n|-damage|p2a: Dondozo|59\/100 psn|[from] psn\n|upkeep\n|turn|39\n|\n|t:|1700285477\n|switch|p2a: Talonflame|Talonflame, F|22\/100 par\n|move|p1a: Corviknight|Bulk Up|p1a: Corviknight\n|-boost|p1a: Corviknight|atk|1\n|-boost|p1a: Corviknight|def|1\n|\n|upkeep\n|turn|40\n|\n|t:|1700285479\n|move|p1a: Corviknight|Brave Bird|p2a: Talonflame\n|-damage|p2a: Talonflame|0 fnt\n|-status|p1a: Corviknight|brn|[from] ability: Flame Body|[of] p2a: Talonflame\n|faint|p2a: Talonflame\n|-damage|p1a: Corviknight|94\/100 brn|[from] Recoil\n|\n|-heal|p1a: Corviknight|100\/100 brn|[from] item: Leftovers\n|-damage|p1a: Corviknight|94\/100 brn|[from] brn\n|upkeep\n|\n|t:|1700285482\n|switch|p2a: Dipplin|Dipplin, F|81\/100\n|turn|41\n|\n|t:|1700285487\n|move|p1a: Corviknight|Taunt|p2a: Dipplin\n|-start|p2a: Dipplin|move: Taunt\n|move|p2a: Dipplin|Dragon Tail|p1a: Corviknight\n|-resisted|p1a: Corviknight\n|-damage|p1a: Corviknight|90\/100 brn\n|drag|p1a: Sneasler|Sneasler, F|83\/100 brn\n|-item|p1a: Sneasler|Air Balloon\n|\n|-damage|p1a: Sneasler|77\/100 brn|[from] brn\n|upkeep\n|turn|42\n|\n|t:|1700285493\n|switch|p2a: Dondozo|Dondozo, M|59\/100 psn\n|move|p1a: Sneasler|Dire Claw|p2a: Dondozo\n|-damage|p2a: Dondozo|48\/100 psn\n|\n|-heal|p2a: Dondozo|54\/100 psn|[from] item: Leftovers\n|-damage|p2a: Dondozo|42\/100 psn|[from] psn\n|-damage|p1a: Sneasler|71\/100 brn|[from] brn\n|upkeep\n|turn|43\n|\n|t:|1700285500\n|switch|p1a: Slowbro|Slowbro-Galar, F|87\/100\n|move|p2a: Dondozo|Rest|p2a: Dondozo\n|-status|p2a: Dondozo|slp|[from] move: Rest\n|-heal|p2a: Dondozo|100\/100 slp|[silent]\n|\n|upkeep\n|turn|44\n|l| TJLD\n|\n|t:|1700285506\n|switch|p2a: Clodsire|Clodsire, M, tera:Steel|63\/100\n|switch|p1a: Corviknight|Corviknight, F|90\/100 brn\n|-ability|p1a: Corviknight|Pressure\n|\n|-heal|p1a: Corviknight|97\/100 brn|[from] item: Leftovers\n|-damage|p1a: Corviknight|90\/100 brn|[from] brn\n|upkeep\n|turn|45\n|\n|t:|1700285511\n|switch|p2a: Dipplin|Dipplin, F|81\/100\n|move|p1a: Corviknight|Brave Bird|p2a: Dipplin\n|-supereffective|p2a: Dipplin\n|-damage|p2a: Dipplin|65\/100\n|-damage|p1a: Corviknight|85\/100 brn|[from] Recoil\n|\n|-heal|p1a: Corviknight|92\/100 brn|[from] item: Leftovers\n|-damage|p1a: Corviknight|85\/100 brn|[from] brn\n|upkeep\n|turn|46\n|\n|t:|1700285514\n|move|p1a: Corviknight|Taunt|p2a: Dipplin\n|-start|p2a: Dipplin|move: Taunt\n|move|p2a: Dipplin|Dragon Tail|p1a: Corviknight\n|-resisted|p1a: Corviknight\n|-damage|p1a: Corviknight|78\/100 brn\n|drag|p1a: Sneasler|Sneasler, F|71\/100 brn\n|-item|p1a: Sneasler|Air Balloon\n|\n|-damage|p1a: Sneasler|65\/100 brn|[from] brn\n|upkeep\n|turn|47\n|\n|t:|1700285517\n|switch|p1a: Slowbro|Slowbro-Galar, F|87\/100\n|switch|p2a: Dondozo|Dondozo, M|100\/100 slp\n|\n|upkeep\n|turn|48\n|\n|t:|1700285522\n|switch|p1a: Corviknight|Corviknight, F|78\/100 brn\n|-ability|p1a: Corviknight|Pressure\n|cant|p2a: Dondozo|slp\n|move|p2a: Dondozo|Sleep Talk|p2a: Dondozo\n|move|p2a: Dondozo|Waterfall|p1a: Corviknight|[from]move: Sleep Talk\n|-damage|p1a: Corviknight|56\/100 brn\n|\n|-heal|p1a: Corviknight|62\/100 brn|[from] item: Leftovers\n|-damage|p1a: Corviknight|56\/100 brn|[from] brn\n|upkeep\n|turn|49\n|\n|t:|1700285525\n|move|p1a: Corviknight|Taunt|p2a: Dondozo\n|-start|p2a: Dondozo|move: Taunt\n|cant|p2a: Dondozo|slp\n|cant|p2a: Dondozo|move: Taunt|Sleep Talk\n|\n|-heal|p1a: Corviknight|62\/100 brn|[from] item: Leftovers\n|-damage|p1a: Corviknight|56\/100 brn|[from] brn\n|upkeep\n|turn|50\n|\n|t:|1700285534\n|move|p1a: Corviknight|Roost|p1a: Corviknight\n|-heal|p1a: Corviknight|100\/100 brn\n|-singleturn|p1a: Corviknight|move: Roost\n|-curestatus|p2a: Dondozo|slp|[msg]\n|move|p2a: Dondozo|Body Press|p1a: Corviknight\n|-supereffective|p1a: Corviknight\n|-damage|p1a: Corviknight|55\/100 brn\n|\n|-heal|p1a: Corviknight|61\/100 brn|[from] item: Leftovers\n|-damage|p1a: Corviknight|55\/100 brn|[from] brn\n|upkeep\n|turn|51\n|\n|t:|1700285543\n|switch|p1a: Slowbro|Slowbro-Galar, F|87\/100\n|move|p2a: Dondozo|Waterfall|p1a: Slowbro\n|-damage|p1a: Slowbro|60\/100\n|\n|-end|p2a: Dondozo|move: Taunt\n|upkeep\n|turn|52\n|\n|t:|1700285547\n|switch|p1a: Corviknight|Corviknight, F|55\/100 brn\n|-ability|p1a: Corviknight|Pressure\n|move|p2a: Dondozo|Waterfall|p1a: Corviknight\n|-damage|p1a: Corviknight|30\/100 brn\n|\n|-heal|p1a: Corviknight|36\/100 brn|[from] item: Leftovers\n|-damage|p1a: Corviknight|30\/100 brn|[from] brn\n|upkeep\n|turn|53\n|\n|t:|1700285552\n|move|p1a: Corviknight|Roost|p1a: Corviknight\n|-heal|p1a: Corviknight|80\/100 brn\n|-singleturn|p1a: Corviknight|move: Roost\n|move|p2a: Dondozo|Body Press|p1a: Corviknight\n|-supereffective|p1a: Corviknight\n|-damage|p1a: Corviknight|31\/100 brn\n|\n|-heal|p1a: Corviknight|37\/100 brn|[from] item: Leftovers\n|-damage|p1a: Corviknight|31\/100 brn|[from] brn\n|upkeep\n|turn|54\n|\n|t:|1700285570\n|-terastallize|p1a: Corviknight|Dragon\n|move|p1a: Corviknight|Roost|p1a: Corviknight\n|-heal|p1a: Corviknight|81\/100 brn\n|move|p2a: Dondozo|Waterfall|p1a: Corviknight\n|-resisted|p1a: Corviknight\n|-damage|p1a: Corviknight|70\/100 brn\n|\n|-heal|p1a: Corviknight|76\/100 brn|[from] item: Leftovers\n|-damage|p1a: Corviknight|70\/100 brn|[from] brn\n|upkeep\n|turn|55\n|\n|t:|1700285575\n|switch|p2a: Dipplin|Dipplin, F|65\/100\n|move|p1a: Corviknight|Taunt|p2a: Dipplin\n|-start|p2a: Dipplin|move: Taunt\n|\n|-heal|p1a: Corviknight|76\/100 brn|[from] item: Leftovers\n|-damage|p1a: Corviknight|70\/100 brn|[from] brn\n|upkeep\n|turn|56\n|j| TJLD\n|\n|t:|1700285578\n|move|p1a: Corviknight|Brave Bird|p2a: Dipplin\n|-supereffective|p2a: Dipplin\n|-damage|p2a: Dipplin|50\/100\n|-damage|p1a: Corviknight|65\/100 brn|[from] Recoil\n|move|p2a: Dipplin|Dragon Tail|p1a: Corviknight\n|-supereffective|p1a: Corviknight\n|-damage|p1a: Corviknight|35\/100 brn\n|drag|p1a: Slowbro|Slowbro-Galar, F|60\/100\n|\n|upkeep\n|turn|57\n|-activate|p1a: Slowbro|ability: Quick Draw\n|\n|t:|1700285588\n|move|p1a: Slowbro|Stored Power|p2a: Dipplin\n|-damage|p2a: Dipplin|45\/100\n|move|p2a: Dipplin|Dragon Tail|p1a: Slowbro\n|-damage|p1a: Slowbro|46\/100\n|drag|p1a: Sneasler|Sneasler, F|65\/100 brn\n|-item|p1a: Sneasler|Air Balloon\n|\n|-damage|p1a: Sneasler|59\/100 brn|[from] brn\n|-end|p2a: Dipplin|move: Taunt\n|upkeep\n|turn|58\n|l| TJLD\n|\n|t:|1700285596\n|switch|p2a: Dondozo|Dondozo, M|100\/100\n|move|p1a: Sneasler|Dire Claw|p2a: Dondozo\n|-damage|p2a: Dondozo|91\/100\n|\n|-heal|p2a: Dondozo|97\/100|[from] item: Leftovers\n|-damage|p1a: Sneasler|53\/100 brn|[from] brn\n|upkeep\n|turn|59\n|\n|t:|1700285601\n|switch|p1a: Corviknight|Corviknight, F, tera:Dragon|35\/100 brn\n|-ability|p1a: Corviknight|Pressure\n|move|p2a: Dondozo|Body Press|p1a: Corviknight\n|-damage|p1a: Corviknight|12\/100 brn\n|\n|-heal|p1a: Corviknight|18\/100 brn|[from] item: Leftovers\n|-heal|p2a: Dondozo|100\/100|[from] item: Leftovers\n|-damage|p1a: Corviknight|12\/100 brn|[from] brn\n|upkeep\n|turn|60\n|\n|t:|1700285605\n|switch|p2a: Dipplin|Dipplin, F|45\/100\n|move|p1a: Corviknight|Roost|p1a: Corviknight\n|-heal|p1a: Corviknight|62\/100 brn\n|\n|-heal|p1a: Corviknight|68\/100 brn|[from] item: Leftovers\n|-damage|p1a: Corviknight|62\/100 brn|[from] brn\n|upkeep\n|turn|61\n|\n|t:|1700285613\n|move|p1a: Corviknight|Taunt|p2a: Dipplin\n|-start|p2a: Dipplin|move: Taunt\n|move|p2a: Dipplin|Dragon Tail|p1a: Corviknight\n|-supereffective|p1a: Corviknight\n|-damage|p1a: Corviknight|33\/100 brn\n|drag|p1a: Sneasler|Sneasler, F|53\/100 brn\n|-item|p1a: Sneasler|Air Balloon\n|\n|-damage|p1a: Sneasler|47\/100 brn|[from] brn\n|upkeep\n|turn|62\n|\n|t:|1700285620\n|switch|p2a: Dondozo|Dondozo, M|100\/100\n|move|p1a: Sneasler|Dire Claw|p2a: Dondozo\n|-damage|p2a: Dondozo|90\/100\n|\n|-heal|p2a: Dondozo|97\/100|[from] item: Leftovers\n|-damage|p1a: Sneasler|41\/100 brn|[from] brn\n|upkeep\n|turn|63\n|\n|t:|1700285623\n|switch|p1a: Corviknight|Corviknight, F, tera:Dragon|33\/100 brn\n|-ability|p1a: Corviknight|Pressure\n|move|p2a: Dondozo|Waterfall|p1a: Corviknight\n|-resisted|p1a: Corviknight\n|-damage|p1a: Corviknight|23\/100 brn\n|\n|-heal|p1a: Corviknight|29\/100 brn|[from] item: Leftovers\n|-heal|p2a: Dondozo|100\/100|[from] item: Leftovers\n|-damage|p1a: Corviknight|23\/100 brn|[from] brn\n|upkeep\n|turn|64\n|\n|t:|1700285626\n|move|p1a: Corviknight|Roost|p1a: Corviknight\n|-heal|p1a: Corviknight|73\/100 brn\n|move|p2a: Dondozo|Waterfall|p1a: Corviknight\n|-resisted|p1a: Corviknight\n|-damage|p1a: Corviknight|61\/100 brn\n|\n|-heal|p1a: Corviknight|68\/100 brn|[from] item: Leftovers\n|-damage|p1a: Corviknight|61\/100 brn|[from] brn\n|upkeep\n|turn|65\n|\n|t:|1700285629\n|move|p1a: Corviknight|Taunt|p2a: Dondozo\n|-start|p2a: Dondozo|move: Taunt\n|move|p2a: Dondozo|Body Press|p1a: Corviknight\n|-crit|p1a: Corviknight\n|-damage|p1a: Corviknight|29\/100 brn\n|\n|-heal|p1a: Corviknight|35\/100 brn|[from] item: Leftovers\n|-damage|p1a: Corviknight|29\/100 brn|[from] brn\n|upkeep\n|turn|66\n|\n|t:|1700285633\n|move|p1a: Corviknight|Roost|p1a: Corviknight\n|-heal|p1a: Corviknight|79\/100 brn\n|move|p2a: Dondozo|Body Press|p1a: Corviknight\n|-damage|p1a: Corviknight|56\/100 brn\n|\n|-heal|p1a: Corviknight|62\/100 brn|[from] item: Leftovers\n|-damage|p1a: Corviknight|56\/100 brn|[from] brn\n|upkeep\n|turn|67\n|\n|t:|1700285636\n|move|p1a: Corviknight|Bulk Up|p1a: Corviknight\n|-boost|p1a: Corviknight|atk|1\n|-boost|p1a: Corviknight|def|1\n|move|p2a: Dondozo|Body Press|p1a: Corviknight\n|-damage|p1a: Corviknight|32\/100 brn\n|\n|-heal|p1a: Corviknight|38\/100 brn|[from] item: Leftovers\n|-damage|p1a: Corviknight|32\/100 brn|[from] brn\n|-end|p2a: Dondozo|move: Taunt\n|upkeep\n|turn|68\n|\n|t:|1700285641\n|switch|p2a: Dipplin|Dipplin, F|45\/100\n|move|p1a: Corviknight|Roost|p1a: Corviknight\n|-heal|p1a: Corviknight|82\/100 brn\n|\n|-heal|p1a: Corviknight|88\/100 brn|[from] item: Leftovers\n|-damage|p1a: Corviknight|82\/100 brn|[from] brn\n|upkeep\n|turn|69\n|\n|t:|1700285645\n|move|p1a: Corviknight|Taunt|p2a: Dipplin\n|-start|p2a: Dipplin|move: Taunt\n|move|p2a: Dipplin|Dragon Tail|p1a: Corviknight\n|-supereffective|p1a: Corviknight\n|-damage|p1a: Corviknight|62\/100 brn\n|drag|p1a: Slowbro|Slowbro-Galar, F|46\/100\n|\n|upkeep\n|turn|70\n|\n|t:|1700285655\n|switch|p2a: Clodsire|Clodsire, M, tera:Steel|63\/100\n|switch|p1a: Corviknight|Corviknight, F, tera:Dragon|62\/100 brn\n|-ability|p1a: Corviknight|Pressure\n|\n|-heal|p1a: Corviknight|68\/100 brn|[from] item: Leftovers\n|-damage|p1a: Corviknight|62\/100 brn|[from] brn\n|upkeep\n|turn|71\n|\n|t:|1700285664\n|switch|p2a: Dipplin|Dipplin, F|45\/100\n|move|p1a: Corviknight|Brave Bird|p2a: Dipplin\n|-supereffective|p2a: Dipplin\n|-damage|p2a: Dipplin|29\/100\n|-damage|p1a: Corviknight|57\/100 brn|[from] Recoil\n|\n|-heal|p1a: Corviknight|64\/100 brn|[from] item: Leftovers\n|-damage|p1a: Corviknight|57\/100 brn|[from] brn\n|upkeep\n|turn|72\n|j| rykera\n|j| srtyjj\n|\n|t:|1700285668\n|move|p1a: Corviknight|Taunt|p2a: Dipplin\n|-start|p2a: Dipplin|move: Taunt\n|move|p2a: Dipplin|Dragon Tail|p1a: Corviknight\n|-supereffective|p1a: Corviknight\n|-damage|p1a: Corviknight|27\/100 brn\n|drag|p1a: Slowbro|Slowbro-Galar, F|46\/100\n|\n|upkeep\n|turn|73\n|\n|t:|1700285677\n|switch|p2a: Clodsire|Clodsire, M, tera:Steel|63\/100\n|switch|p1a: Sneasler|Sneasler, F|41\/100 brn\n|-item|p1a: Sneasler|Air Balloon\n|\n|-damage|p1a: Sneasler|35\/100 brn|[from] brn\n|upkeep\n|turn|74\n|\n|t:|1700285680\n|switch|p2a: Dondozo|Dondozo, M|100\/100\n|move|p1a: Sneasler|Dire Claw|p2a: Dondozo\n|-crit|p2a: Dondozo\n|-damage|p2a: Dondozo|85\/100\n|-status|p2a: Dondozo|slp\n|\n|-heal|p2a: Dondozo|91\/100 slp|[from] item: Leftovers\n|-damage|p1a: Sneasler|29\/100 brn|[from] brn\n|upkeep\n|turn|75\n|\n|t:|1700285682\n|switch|p1a: Corviknight|Corviknight, F, tera:Dragon|27\/100 brn\n|-ability|p1a: Corviknight|Pressure\n|cant|p2a: Dondozo|slp\n|move|p2a: Dondozo|Sleep Talk|p2a: Dondozo\n|move|p2a: Dondozo|Waterfall|p1a: Corviknight|[from]move: Sleep Talk\n|-resisted|p1a: Corviknight\n|-damage|p1a: Corviknight|16\/100 brn\n|\n|-heal|p1a: Corviknight|23\/100 brn|[from] item: Leftovers\n|-heal|p2a: Dondozo|97\/100 slp|[from] item: Leftovers\n|-damage|p1a: Corviknight|16\/100 brn|[from] brn\n|upkeep\n|turn|76\n|\n|t:|1700285686\n|move|p1a: Corviknight|Roost|p1a: Corviknight\n|-heal|p1a: Corviknight|66\/100 brn\n|-curestatus|p2a: Dondozo|slp|[msg]\n|move|p2a: Dondozo|Sleep Talk||[still]\n|-fail|p2a: Dondozo\n|\n|-heal|p1a: Corviknight|73\/100 brn|[from] item: Leftovers\n|-heal|p2a: Dondozo|100\/100|[from] item: Leftovers\n|-damage|p1a: Corviknight|66\/100 brn|[from] brn\n|upkeep\n|turn|77\n|\n|t:|1700285690\n|move|p1a: Corviknight|Taunt|p2a: Dondozo\n|-start|p2a: Dondozo|move: Taunt\n|move|p2a: Dondozo|Body Press|p1a: Corviknight\n|-damage|p1a: Corviknight|41\/100 brn\n|\n|-heal|p1a: Corviknight|48\/100 brn|[from] item: Leftovers\n|-damage|p1a: Corviknight|41\/100 brn|[from] brn\n|upkeep\n|turn|78\n|-message|not ffld forfeited.\n|\n|win|mathismathin\n|raw|not ffld's rating: 1699 &rarr; <strong>1685<\/strong><br \/>(-14 for losing)\n|raw|mathismathin's rating: 1802 &rarr; <strong>1816<\/strong><br \/>(+14 for winning)\n|l|\u2606not ffld\n","uploadtime":1700285697,"views":13,"p1id":"notffld","p2id":"mathismathin","formatid":"gen9ou","rating":1685,"private":0,"password":""}