{"id":"gen9ou-1996183797","p1":"Chaitanya15","p2":"Passoire21","format":"[Gen 9] OU","log":"|j|\u2606Chaitanya15\n|j|\u2606Passoire21\n|t:|1700656287\n|gametype|singles\n|player|p1|Chaitanya15|265|1186\n|player|p2|Passoire21|ninjaboy|1233\n|teamsize|p1|6\n|teamsize|p2|6\n|gen|9\n|tier|[Gen 9] OU\n|rated|\n|rule|Sleep Clause Mod: Limit one foe put to sleep\n|rule|Species Clause: Limit one of each Pok\u00e9mon\n|rule|OHKO Clause: OHKO moves are banned\n|rule|Evasion Items Clause: Evasion items are banned\n|rule|Evasion Moves Clause: Evasion moves are banned\n|rule|Endless Battle Clause: Forcing endless battles is banned\n|rule|HP Percentage Mod: HP is shown in percentages\n|clearpoke\n|poke|p1|Dragonite, F|\n|poke|p1|Hatterene, F|\n|poke|p1|Greninja-*, M|\n|poke|p1|Rillaboom, F|\n|poke|p1|Iron Moth|\n|poke|p1|Iron Valiant|\n|poke|p2|Kingambit, F|\n|poke|p2|Great Tusk|\n|poke|p2|Dragapult, F|\n|poke|p2|Ogerpon-Wellspring, F|\n|poke|p2|Blissey, F|\n|poke|p2|Zapdos|\n|teampreview\n|inactive|Battle timer is ON: inactive players will automatically lose when time's up. (requested by Passoire21)\n|\n|t:|1700656306\n|start\n|switch|p1a: Iron Moth|Iron Moth|100\/100\n|switch|p2a: Ogerpon|Ogerpon-Wellspring, F|100\/100\n|-enditem|p1a: Iron Moth|Booster Energy\n|-activate|p1a: Iron Moth|ability: Quark Drive|[fromitem]\n|-start|p1a: Iron Moth|quarkdrivespa\n|turn|1\n|\n|t:|1700656313\n|move|p2a: Ogerpon|Ivy Cudgel|p1a: Iron Moth|[anim] Ivy Cudgel Water\n|-supereffective|p1a: Iron Moth\n|-crit|p1a: Iron Moth\n|-damage|p1a: Iron Moth|0 fnt\n|faint|p1a: Iron Moth\n|-end|p1a: Iron Moth|Quark Drive|[silent]\n|\n|upkeep\n|\n|t:|1700656318\n|switch|p1a: Rillaboom|Rillaboom, F|100\/100\n|-fieldstart|move: Grassy Terrain|[from] ability: Grassy Surge|[of] p1a: Rillaboom\n|-enditem|p1a: Rillaboom|Grassy Seed\n|-boost|p1a: Rillaboom|def|1|[from] item: Grassy Seed\n|turn|2\n|\n|t:|1700656331\n|move|p2a: Ogerpon|U-turn|p1a: Rillaboom\n|-supereffective|p1a: Rillaboom\n|-damage|p1a: Rillaboom|61\/100\n|\n|t:|1700656337\n|switch|p2a: Zapdos|Zapdos|100\/100|[from] U-turn\n|move|p1a: Rillaboom|Knock Off|p2a: Zapdos\n|-damage|p2a: Zapdos|75\/100\n|-enditem|p2a: Zapdos|Heavy-Duty Boots|[from] move: Knock Off|[of] p1a: Rillaboom\n|\n|-heal|p1a: Rillaboom|67\/100|[from] Grassy Terrain\n|upkeep\n|turn|3\n|\n|t:|1700656359\n|switch|p1a: Hatterene|Hatterene, F|100\/100\n|move|p2a: Zapdos|Hurricane|p1a: Hatterene\n|-damage|p1a: Hatterene|50\/100\n|\n|-heal|p1a: Hatterene|56\/100|[from] Grassy Terrain\n|-heal|p1a: Hatterene|62\/100|[from] item: Leftovers\n|upkeep\n|turn|4\n|\n|t:|1700656368\n|move|p2a: Zapdos|Volt Switch|p1a: Hatterene\n|-damage|p1a: Hatterene|32\/100\n|\n|t:|1700656374\n|switch|p2a: Blissey|Blissey, F|100\/100|[from] Volt Switch\n|move|p1a: Hatterene|Draining Kiss|p2a: Blissey\n|-damage|p2a: Blissey|90\/100\n|-heal|p1a: Hatterene|49\/100|[from] drain|[of] p2a: Blissey\n|\n|-heal|p2a: Blissey|96\/100|[from] Grassy Terrain\n|-heal|p1a: Hatterene|55\/100|[from] Grassy Terrain\n|-heal|p1a: Hatterene|61\/100|[from] item: Leftovers\n|upkeep\n|turn|5\n|\n|t:|1700656384\n|switch|p2a: Zapdos|Zapdos|75\/100\n|move|p1a: Hatterene|Calm Mind|p1a: Hatterene\n|-boost|p1a: Hatterene|spa|1\n|-boost|p1a: Hatterene|spd|1\n|\n|-heal|p1a: Hatterene|67\/100|[from] Grassy Terrain\n|-heal|p1a: Hatterene|73\/100|[from] item: Leftovers\n|upkeep\n|turn|6\n|\n|t:|1700656393\n|move|p2a: Zapdos|Hurricane|p1a: Hatterene|[miss]\n|-miss|p2a: Zapdos|p1a: Hatterene\n|move|p1a: Hatterene|Draining Kiss|p2a: Zapdos\n|-damage|p2a: Zapdos|35\/100\n|-heal|p1a: Hatterene|100\/100|[from] drain|[of] p2a: Zapdos\n|-status|p1a: Hatterene|par|[from] ability: Static|[of] p2a: Zapdos\n|\n|-fieldend|move: Grassy Terrain\n|upkeep\n|turn|7\n|\n|t:|1700656407\n|move|p2a: Zapdos|Roost|p2a: Zapdos\n|-heal|p2a: Zapdos|85\/100\n|-singleturn|p2a: Zapdos|move: Roost\n|move|p1a: Hatterene|Calm Mind|p1a: Hatterene\n|-boost|p1a: Hatterene|spa|1\n|-boost|p1a: Hatterene|spd|1\n|\n|upkeep\n|turn|8\n|\n|t:|1700656414\n|move|p2a: Zapdos|Hurricane|p1a: Hatterene|[miss]\n|-miss|p2a: Zapdos|p1a: Hatterene\n|move|p1a: Hatterene|Draining Kiss|p2a: Zapdos\n|-damage|p2a: Zapdos|31\/100\n|\n|upkeep\n|turn|9\n|\n|t:|1700656425\n|move|p2a: Zapdos|Volt Switch|p1a: Hatterene\n|-damage|p1a: Hatterene|86\/100 par\n|\n|t:|1700656428\n|switch|p2a: Ogerpon|Ogerpon-Wellspring, F|100\/100|[from] Volt Switch\n|cant|p1a: Hatterene|par\n|\n|-heal|p1a: Hatterene|92\/100 par|[from] item: Leftovers\n|upkeep\n|turn|10\n|\n|t:|1700656434\n|move|p2a: Ogerpon|Power Whip|p1a: Hatterene|[miss]\n|-miss|p2a: Ogerpon|p1a: Hatterene\n|cant|p1a: Hatterene|par\n|\n|-heal|p1a: Hatterene|98\/100 par|[from] item: Leftovers\n|upkeep\n|turn|11\n|\n|t:|1700656441\n|move|p2a: Ogerpon|Ivy Cudgel|p1a: Hatterene|[anim] Ivy Cudgel Water\n|-damage|p1a: Hatterene|28\/100 par\n|cant|p1a: Hatterene|par\n|\n|-heal|p1a: Hatterene|34\/100 par|[from] item: Leftovers\n|upkeep\n|turn|12\n|\n|t:|1700656449\n|move|p2a: Ogerpon|Ivy Cudgel|p1a: Hatterene|[anim] Ivy Cudgel Water\n|-damage|p1a: Hatterene|0 fnt\n|faint|p1a: Hatterene\n|\n|upkeep\n|\n|t:|1700656458\n|switch|p1a: Iron Valiant|Iron Valiant|100\/100\n|turn|13\n|\n|t:|1700656464\n|move|p1a: Iron Valiant|Close Combat|p2a: Ogerpon\n|-damage|p2a: Ogerpon|0 fnt\n|-unboost|p1a: Iron Valiant|def|1\n|-unboost|p1a: Iron Valiant|spd|1\n|faint|p2a: Ogerpon\n|-damage|p1a: Iron Valiant|91\/100|[from] item: Life Orb\n|\n|upkeep\n|\n|t:|1700656473\n|switch|p2a: Zapdos|Zapdos|31\/100\n|turn|14\n|\n|t:|1700656478\n|move|p1a: Iron Valiant|Moonblast|p2a: Zapdos\n|-damage|p2a: Zapdos|0 fnt\n|faint|p2a: Zapdos\n|-damage|p1a: Iron Valiant|81\/100|[from] item: Life Orb\n|\n|upkeep\n|\n|t:|1700656486\n|switch|p2a: Blissey|Blissey, F|96\/100\n|turn|15\n|\n|t:|1700656491\n|move|p1a: Iron Valiant|Close Combat|p2a: Blissey\n|-supereffective|p2a: Blissey\n|-damage|p2a: Blissey|0 fnt\n|-unboost|p1a: Iron Valiant|def|1\n|-unboost|p1a: Iron Valiant|spd|1\n|faint|p2a: Blissey\n|-damage|p1a: Iron Valiant|71\/100|[from] item: Life Orb\n|\n|upkeep\n|\n|t:|1700656499\n|switch|p2a: Dragapult|Dragapult, F|100\/100\n|turn|16\n|\n|t:|1700656505\n|-end|p1a: Iron Valiant|Quark Drive|[silent]\n|switch|p1a: Rillaboom|Rillaboom, F|67\/100\n|-fieldstart|move: Grassy Terrain|[from] ability: Grassy Surge|[of] p1a: Rillaboom\n|move|p2a: Dragapult|Shadow Ball|p1a: Rillaboom\n|-damage|p1a: Rillaboom|0 fnt\n|faint|p1a: Rillaboom\n|\n|upkeep\n|\n|t:|1700656517\n|switch|p1a: Dragonite|Dragonite, F|100\/100\n|turn|17\n|\n|t:|1700656521\n|switch|p2a: Great Tusk|Great Tusk|100\/100\n|move|p1a: Dragonite|Dragon Claw|p2a: Great Tusk\n|-damage|p2a: Great Tusk|70\/100\n|\n|-heal|p2a: Great Tusk|76\/100|[from] Grassy Terrain\n|-heal|p2a: Great Tusk|82\/100|[from] item: Leftovers\n|upkeep\n|turn|18\n|\n|t:|1700656530\n|switch|p1a: Greninja|Greninja, M|100\/100\n|move|p2a: Great Tusk|Knock Off|p1a: Greninja\n|-resisted|p1a: Greninja\n|-damage|p1a: Greninja|76\/100\n|-enditem|p1a: Greninja|Choice Specs|[from] move: Knock Off|[of] p2a: Great Tusk\n|\n|-heal|p1a: Greninja|82\/100|[from] Grassy Terrain\n|-heal|p2a: Great Tusk|89\/100|[from] Grassy Terrain\n|-heal|p2a: Great Tusk|95\/100|[from] item: Leftovers\n|upkeep\n|turn|19\n|\n|t:|1700656542\n|move|p1a: Greninja|Grass Knot|p2a: Great Tusk\n|-supereffective|p2a: Great Tusk\n|-damage|p2a: Great Tusk|0 fnt\n|faint|p2a: Great Tusk\n|-end|p2a: Great Tusk|Protosynthesis|[silent]\n|-ability|p1a: Greninja|Battle Bond|boost\n|-boost|p1a: Greninja|atk|1\n|-boost|p1a: Greninja|spa|1\n|-boost|p1a: Greninja|spe|1\n|-activate|p1a: Greninja|ability: Battle Bond\n|\n|-heal|p1a: Greninja|88\/100|[from] Grassy Terrain\n|upkeep\n|\n|t:|1700656552\n|switch|p2a: Kingambit|Kingambit, F|100\/100\n|-activate|p2a: Kingambit|ability: Supreme Overlord\n|-start|p2a: Kingambit|fallen4|[silent]\n|turn|20\n|\n|t:|1700656557\n|move|p1a: Greninja|Surf|p2a: Kingambit\n|-damage|p2a: Kingambit|36\/100\n|move|p2a: Kingambit|Iron Head|p1a: Greninja\n|-resisted|p1a: Greninja\n|-damage|p1a: Greninja|33\/100\n|\n|-heal|p1a: Greninja|39\/100|[from] Grassy Terrain\n|-heal|p2a: Kingambit|43\/100|[from] Grassy Terrain\n|-fieldend|move: Grassy Terrain\n|upkeep\n|turn|21\n|\n|t:|1700656567\n|-terastallize|p2a: Kingambit|Dark\n|move|p2a: Kingambit|Sucker Punch|p1a: Greninja\n|-resisted|p1a: Greninja\n|-damage|p1a: Greninja|0 fnt\n|faint|p1a: Greninja\n|\n|upkeep\n|\n|t:|1700656573\n|switch|p1a: Iron Valiant|Iron Valiant|71\/100\n|turn|22\n|\n|t:|1700656576\n|move|p2a: Kingambit|Sucker Punch|p1a: Iron Valiant\n|-resisted|p1a: Iron Valiant\n|-damage|p1a: Iron Valiant|49\/100\n|move|p1a: Iron Valiant|Moonblast|p2a: Kingambit\n|-supereffective|p2a: Kingambit\n|-damage|p2a: Kingambit|0 fnt\n|faint|p2a: Kingambit\n|-end|p2a: Kingambit|fallen4|[silent]\n|-damage|p1a: Iron Valiant|39\/100|[from] item: Life Orb\n|\n|upkeep\n|\n|t:|1700656584\n|switch|p2a: Dragapult|Dragapult, F|100\/100\n|turn|23\n|\n|t:|1700656588\n|move|p2a: Dragapult|Shadow Ball|p1a: Iron Valiant\n|-damage|p1a: Iron Valiant|0 fnt\n|faint|p1a: Iron Valiant\n|-end|p1a: Iron Valiant|Quark Drive|[silent]\n|\n|upkeep\n|\n|t:|1700656593\n|switch|p1a: Dragonite|Dragonite, F|100\/100\n|turn|24\n|\n|t:|1700656596\n|-terastallize|p1a: Dragonite|Normal\n|move|p2a: Dragapult|Shadow Ball|p1a: Dragonite\n|-immune|p1a: Dragonite\n|move|p1a: Dragonite|Dragon Dance|p1a: Dragonite\n|-boost|p1a: Dragonite|atk|1\n|-boost|p1a: Dragonite|spe|1\n|\n|upkeep\n|turn|25\n|-message|Passoire21 forfeited.\n|\n|win|Chaitanya15\n|raw|Chaitanya15's rating: 1186 &rarr; <strong>1214<\/strong><br \/>(+28 for winning)\n|raw|Passoire21's rating: 1233 &rarr; <strong>1205<\/strong><br \/>(-28 for losing)\n|l|\u2606Passoire21\n","uploadtime":1700656617,"views":1,"p1id":"chaitanya15","p2id":"passoire21","formatid":"gen9ou","rating":1205,"private":0,"password":""}