{"id":"gen9ou-1988789938","p1":"Aerowblack","p2":"WhenFurfrousFly~_~","format":"[Gen 9] OU","log":"|j|\u2606Aerowblack\n|j|\u2606WhenFurfrousFly~_~\n|t:|1699763492\n|gametype|singles\n|player|p1|Aerowblack|lance|1325\n|player|p2|WhenFurfrousFly~_~|102|1299\n|teamsize|p1|6\n|teamsize|p2|6\n|gen|9\n|tier|[Gen 9] OU\n|rated|\n|rule|Sleep Clause Mod: Limit one foe put to sleep\n|rule|Species Clause: Limit one of each Pok\u00e9mon\n|rule|OHKO Clause: OHKO moves are banned\n|rule|Evasion Items Clause: Evasion items are banned\n|rule|Evasion Moves Clause: Evasion moves are banned\n|rule|Endless Battle Clause: Forcing endless battles is banned\n|rule|HP Percentage Mod: HP is shown in percentages\n|clearpoke\n|poke|p1|Dragonite, M|\n|poke|p1|Dragapult, M|\n|poke|p1|Landorus-Therian, M|\n|poke|p1|Alomomola, M|\n|poke|p1|Kingambit, F|\n|poke|p1|Grimmsnarl, M|\n|poke|p2|Zamazenta-*|\n|poke|p2|Iron Moth|\n|poke|p2|Maushold-Four|\n|poke|p2|Walking Wake|\n|poke|p2|Dragonite, M|\n|poke|p2|Kingambit, F|\n|teampreview\n|inactive|Battle timer is ON: inactive players will automatically lose when time's up. (requested by WhenFurfrousFly~_~)\n|\n|t:|1699763508\n|start\n|switch|p1a: Landorus|Landorus-Therian, M, shiny|100\/100\n|switch|p2a: Iron Moth|Iron Moth|100\/100\n|-ability|p1a: Landorus|Intimidate|boost\n|-unboost|p2a: Iron Moth|atk|1\n|-enditem|p2a: Iron Moth|Booster Energy\n|-activate|p2a: Iron Moth|ability: Quark Drive|[fromitem]\n|-start|p2a: Iron Moth|quarkdrivespe\n|turn|1\n|\n|t:|1699763523\n|move|p2a: Iron Moth|Fiery Dance|p1a: Landorus\n|-damage|p1a: Landorus|45\/100\n|move|p1a: Landorus|Rock Slide|p2a: Iron Moth|[miss]\n|-miss|p1a: Landorus|p2a: Iron Moth\n|\n|upkeep\n|turn|2\n|inactive|Aerowblack has 120 seconds left.\n|\n|t:|1699763555\n|move|p2a: Iron Moth|Substitute|p2a: Iron Moth\n|-start|p2a: Iron Moth|Substitute\n|-damage|p2a: Iron Moth|76\/100\n|move|p1a: Landorus|Rock Slide|p2a: Iron Moth\n|-supereffective|p2a: Iron Moth\n|-end|p2a: Iron Moth|Substitute\n|\n|upkeep\n|turn|3\n|\n|t:|1699763562\n|move|p2a: Iron Moth|Fiery Dance|p1a: Landorus\n|-damage|p1a: Landorus|0 fnt\n|faint|p1a: Landorus\n|\n|upkeep\n|\n|t:|1699763567\n|switch|p1a: Grimmsnarl|Grimmsnarl, M, shiny|100\/100\n|turn|4\n|\n|t:|1699763570\n|move|p1a: Grimmsnarl|Taunt|p2a: Iron Moth\n|-start|p2a: Iron Moth|move: Taunt\n|move|p2a: Iron Moth|Sludge Wave|p1a: Grimmsnarl\n|-supereffective|p1a: Grimmsnarl\n|-damage|p1a: Grimmsnarl|30\/100\n|\n|upkeep\n|turn|5\n|\n|t:|1699763577\n|move|p1a: Grimmsnarl|Light Screen|p1a: Grimmsnarl\n|-sidestart|p1: Aerowblack|move: Light Screen\n|move|p2a: Iron Moth|Sludge Wave|p1a: Grimmsnarl\n|-supereffective|p1a: Grimmsnarl\n|-damage|p1a: Grimmsnarl|0 fnt\n|faint|p1a: Grimmsnarl\n|\n|upkeep\n|\n|t:|1699763583\n|switch|p1a: Dragonite|Dragonite, M|100\/100\n|turn|6\n|\n|t:|1699763585\n|move|p2a: Iron Moth|Dazzling Gleam|p1a: Dragonite\n|-supereffective|p1a: Dragonite\n|-damage|p1a: Dragonite|87\/100\n|move|p1a: Dragonite|Dragon Dance|p1a: Dragonite\n|-boost|p1a: Dragonite|atk|1\n|-boost|p1a: Dragonite|spe|1\n|\n|-end|p2a: Iron Moth|move: Taunt\n|upkeep\n|turn|7\n|\n|t:|1699763594\n|-end|p2a: Iron Moth|Quark Drive|[silent]\n|switch|p2a: Zamazenta|Zamazenta|100\/100\n|-ability|p2a: Zamazenta|Dauntless Shield|boost\n|-boost|p2a: Zamazenta|def|1\n|move|p1a: Dragonite|Dragon Dance|p1a: Dragonite\n|-boost|p1a: Dragonite|atk|1\n|-boost|p1a: Dragonite|spe|1\n|\n|upkeep\n|turn|8\n|\n|t:|1699763606\n|move|p1a: Dragonite|Earthquake|p2a: Zamazenta\n|-damage|p2a: Zamazenta|52\/100\n|move|p2a: Zamazenta|Iron Defense|p2a: Zamazenta\n|-boost|p2a: Zamazenta|def|2\n|\n|-heal|p2a: Zamazenta|58\/100|[from] item: Leftovers\n|upkeep\n|turn|9\n|\n|t:|1699763616\n|move|p1a: Dragonite|Earthquake|p2a: Zamazenta\n|-damage|p2a: Zamazenta|33\/100\n|move|p2a: Zamazenta|Body Press|p1a: Dragonite\n|-resisted|p1a: Dragonite\n|-damage|p1a: Dragonite|43\/100\n|\n|-heal|p2a: Zamazenta|39\/100|[from] item: Leftovers\n|upkeep\n|turn|10\n|\n|t:|1699763634\n|-terastallize|p1a: Dragonite|Normal\n|move|p1a: Dragonite|Facade|p2a: Zamazenta\n|-damage|p2a: Zamazenta|11\/100\n|move|p2a: Zamazenta|Substitute|p2a: Zamazenta\n|-fail|p2a: Zamazenta|move: Substitute|[weak]\n|\n|-heal|p2a: Zamazenta|17\/100|[from] item: Leftovers\n|upkeep\n|turn|11\n|\n|t:|1699763646\n|move|p1a: Dragonite|Earthquake|p2a: Zamazenta\n|-damage|p2a: Zamazenta|0 fnt\n|faint|p2a: Zamazenta\n|\n|upkeep\n|\n|t:|1699763652\n|switch|p2a: Maushold|Maushold-Four|100\/100\n|turn|12\n|\n|t:|1699763657\n|-terastallize|p2a: Maushold|Ghost\n|move|p1a: Dragonite|Extreme Speed|p2a: Maushold\n|-immune|p2a: Maushold\n|move|p2a: Maushold|Population Bomb|p1a: Dragonite\n|-damage|p1a: Dragonite|32\/100\n|-damage|p1a: Dragonite|21\/100\n|-crit|p1a: Dragonite\n|-damage|p1a: Dragonite|3\/100\n|-damage|p1a: Dragonite|0 fnt\n|faint|p1a: Dragonite\n|-hitcount|p1: Dragonite|4\n|\n|-sideend|p1: Aerowblack|move: Light Screen\n|upkeep\n|\n|t:|1699763672\n|switch|p1a: Kingambit|Kingambit, F|100\/100\n|-activate|p1a: Kingambit|ability: Supreme Overlord\n|-start|p1a: Kingambit|fallen3|[silent]\n|turn|13\n|\n|t:|1699763677\n|move|p2a: Maushold|Encore||[still]\n|-fail|p2a: Maushold\n|move|p1a: Kingambit|Swords Dance|p1a: Kingambit\n|-boost|p1a: Kingambit|atk|2\n|\n|upkeep\n|turn|14\n|\n|t:|1699763684\n|move|p1a: Kingambit|Sucker Punch||[still]\n|-fail|p1a: Kingambit\n|move|p2a: Maushold|Encore|p1a: Kingambit\n|-start|p1a: Kingambit|Encore\n|\n|upkeep\n|turn|15\n|\n|t:|1699763689\n|move|p1a: Kingambit|Sucker Punch||[still]\n|-fail|p1a: Kingambit\n|move|p2a: Maushold|Tidy Up|p2a: Maushold\n|-boost|p2a: Maushold|atk|1\n|-boost|p2a: Maushold|spe|1\n|\n|upkeep\n|turn|16\n|\n|t:|1699763695\n|move|p1a: Kingambit|Sucker Punch||[still]\n|-fail|p1a: Kingambit\n|move|p2a: Maushold|Tidy Up|p2a: Maushold\n|-boost|p2a: Maushold|atk|1\n|-boost|p2a: Maushold|spe|1\n|\n|upkeep\n|turn|17\n|\n|t:|1699763705\n|move|p1a: Kingambit|Sucker Punch||[still]\n|-fail|p1a: Kingambit\n|move|p2a: Maushold|Tidy Up|p2a: Maushold\n|-boost|p2a: Maushold|atk|1\n|-boost|p2a: Maushold|spe|1\n|\n|-end|p1a: Kingambit|Encore\n|upkeep\n|turn|18\n|\n|t:|1699763716\n|move|p2a: Maushold|Encore|p1a: Kingambit\n|-start|p1a: Kingambit|Encore\n|move|p1a: Kingambit|Sucker Punch||[still]\n|-fail|p1a: Kingambit\n|\n|upkeep\n|turn|19\n|\n|t:|1699763721\n|-end|p1a: Kingambit|fallen3|[silent]\n|switch|p1a: Dragapult|Dragapult, M, shiny|100\/100\n|move|p2a: Maushold|Tidy Up|p2a: Maushold\n|-boost|p2a: Maushold|atk|1\n|-boost|p2a: Maushold|spe|1\n|\n|upkeep\n|turn|20\n|\n|t:|1699763728\n|move|p2a: Maushold|Shadow Claw|p1a: Dragapult\n|-supereffective|p1a: Dragapult\n|-crit|p1a: Dragapult\n|-damage|p1a: Dragapult|0 fnt\n|faint|p1a: Dragapult\n|\n|upkeep\n|\n|t:|1699763735\n|switch|p1a: Kingambit|Kingambit, F|100\/100\n|-activate|p1a: Kingambit|ability: Supreme Overlord\n|-start|p1a: Kingambit|fallen4|[silent]\n|turn|21\n|\n|t:|1699763739\n|move|p2a: Maushold|Population Bomb|p1a: Kingambit\n|-resisted|p1a: Kingambit\n|-damage|p1a: Kingambit|88\/100\n|-resisted|p1a: Kingambit\n|-damage|p1a: Kingambit|76\/100\n|-resisted|p1a: Kingambit\n|-damage|p1a: Kingambit|64\/100\n|-resisted|p1a: Kingambit\n|-damage|p1a: Kingambit|52\/100\n|-resisted|p1a: Kingambit\n|-damage|p1a: Kingambit|41\/100\n|-resisted|p1a: Kingambit\n|-damage|p1a: Kingambit|29\/100\n|-resisted|p1a: Kingambit\n|-damage|p1a: Kingambit|16\/100\n|-resisted|p1a: Kingambit\n|-damage|p1a: Kingambit|5\/100\n|-resisted|p1a: Kingambit\n|-damage|p1a: Kingambit|0 fnt\n|faint|p1a: Kingambit\n|-end|p1a: Kingambit|fallen4|[silent]\n|-hitcount|p1: Kingambit|9\n|\n|upkeep\n|-message|Aerowblack forfeited.\n|\n|win|WhenFurfrousFly~_~\n|raw|Aerowblack's rating: 1325 &rarr; <strong>1304<\/strong><br \/>(-21 for losing)\n|raw|WhenFurfrousFly~_~'s rating: 1299 &rarr; <strong>1326<\/strong><br \/>(+27 for winning)\n|l|\u2606Aerowblack\n","uploadtime":1699763761,"views":10,"p1id":"aerowblack","p2id":"whenfurfrousfly","formatid":"gen9ou","rating":1304,"private":0,"password":""}