{"id":"gen9ou-1992505936","p1":"AubreyOmori1","p2":"ProfWutini","format":"[Gen 9] OU","log":"|j|\u2606AubreyOmori1\n|j|\u2606ProfWutini\n|t:|1700196454\n|gametype|singles\n|player|p1|AubreyOmori1|roxie|1190\n|player|p2|ProfWutini|medium|1124\n|teamsize|p1|6\n|teamsize|p2|6\n|gen|9\n|tier|[Gen 9] OU\n|rated|\n|rule|Sleep Clause Mod: Limit one foe put to sleep\n|rule|Species Clause: Limit one of each Pok\u00e9mon\n|rule|OHKO Clause: OHKO moves are banned\n|rule|Evasion Items Clause: Evasion items are banned\n|rule|Evasion Moves Clause: Evasion moves are banned\n|rule|Endless Battle Clause: Forcing endless battles is banned\n|rule|HP Percentage Mod: HP is shown in percentages\n|clearpoke\n|poke|p1|Rillaboom, M|\n|poke|p1|Sneasler, F|\n|poke|p1|Zamazenta-*|\n|poke|p1|Heatran, M|\n|poke|p1|Hatterene, F|\n|poke|p1|Manaphy|\n|poke|p2|Komala, F|\n|poke|p2|Whiscash, M|\n|poke|p2|Torkoal, M|\n|poke|p2|Lilligant-Hisui, F|\n|poke|p2|Mimikyu, M|\n|poke|p2|Polteageist|\n|teampreview\n|\n|t:|1700196476\n|start\n|switch|p1a: Oatchi|Zamazenta, shiny|100\/100\n|switch|p2a: Whiscash|Whiscash, M, shiny|100\/100\n|-ability|p1a: Oatchi|Dauntless Shield|boost\n|-boost|p1a: Oatchi|def|1\n|turn|1\n|\n|t:|1700196486\n|move|p1a: Oatchi|Body Press|p2a: Whiscash\n|-damage|p2a: Whiscash|41\/100\n|move|p2a: Whiscash|Stealth Rock|p1a: Oatchi\n|-sidestart|p1: AubreyOmori1|move: Stealth Rock\n|\n|upkeep\n|turn|2\n|\n|t:|1700196495\n|switch|p2a: Mimikyu|Mimikyu, M, shiny|100\/100\n|move|p1a: Oatchi|Heavy Slam|p2a: Mimikyu\n|-activate|p2a: Mimikyu|ability: Disguise\n|-damage|p2a: Mimikyu|100\/100\n|-damage|p1a: Oatchi|84\/100|[from] item: Rocky Helmet|[of] p2a: Mimikyu\n|detailschange|p2a: Mimikyu|Mimikyu-Busted, M, shiny\n|-damage|p2a: Mimikyu|88\/100|[from] pokemon: Mimikyu-Busted\n|\n|-heal|p1a: Oatchi|90\/100|[from] item: Leftovers\n|upkeep\n|turn|3\n|\n|t:|1700196503\n|move|p1a: Oatchi|Heavy Slam|p2a: Mimikyu\n|-supereffective|p2a: Mimikyu\n|-damage|p2a: Mimikyu|16\/100\n|-damage|p1a: Oatchi|73\/100|[from] item: Rocky Helmet|[of] p2a: Mimikyu\n|move|p2a: Mimikyu|Play Rough|p1a: Oatchi\n|-supereffective|p1a: Oatchi\n|-damage|p1a: Oatchi|41\/100\n|\n|-heal|p1a: Oatchi|47\/100|[from] item: Leftovers\n|upkeep\n|turn|4\n|\n|t:|1700196511\n|move|p2a: Mimikyu|Shadow Sneak|p1a: Oatchi\n|-damage|p1a: Oatchi|39\/100\n|move|p1a: Oatchi|Crunch|p2a: Mimikyu\n|-damage|p2a: Mimikyu|0 fnt\n|-damage|p1a: Oatchi|22\/100|[from] item: Rocky Helmet|[of] p2a: Mimikyu\n|faint|p2a: Mimikyu\n|\n|-heal|p1a: Oatchi|28\/100|[from] item: Leftovers\n|upkeep\n|\n|t:|1700196520\n|switch|p2a: Torkoal|Torkoal, M, shiny|100\/100\n|-weather|SunnyDay|[from] ability: Drought|[of] p2a: Torkoal\n|turn|5\n|\n|t:|1700196524\n|move|p1a: Oatchi|Body Press|p2a: Torkoal\n|-damage|p2a: Torkoal|61\/100\n|move|p2a: Torkoal|Earth Power|p1a: Oatchi\n|-damage|p1a: Oatchi|10\/100\n|\n|-weather|SunnyDay|[upkeep]\n|-heal|p1a: Oatchi|17\/100|[from] item: Leftovers\n|upkeep\n|turn|6\n|\n|t:|1700196530\n|move|p1a: Oatchi|Body Press|p2a: Torkoal\n|-damage|p2a: Torkoal|24\/100\n|move|p2a: Torkoal|Fire Blast|p1a: Oatchi\n|-damage|p1a: Oatchi|0 fnt\n|faint|p1a: Oatchi\n|\n|-weather|SunnyDay|[upkeep]\n|upkeep\n|\n|t:|1700196541\n|switch|p1a: Teardrop|Manaphy, shiny|100\/100\n|-damage|p1a: Teardrop|88\/100|[from] Stealth Rock\n|turn|7\n|\n|t:|1700196547\n|move|p1a: Teardrop|Take Heart|p1a: Teardrop\n|-boost|p1a: Teardrop|spa|1\n|-boost|p1a: Teardrop|spd|1\n|move|p2a: Torkoal|Solar Beam||[still]\n|-prepare|p2a: Torkoal|Solar Beam\n|-anim|p2a: Torkoal|Solar Beam|p1a: Teardrop\n|-supereffective|p1a: Teardrop\n|-damage|p1a: Teardrop|53\/100\n|\n|-weather|SunnyDay|[upkeep]\n|-heal|p1a: Teardrop|59\/100|[from] item: Leftovers\n|upkeep\n|turn|8\n|\n|t:|1700196554\n|move|p1a: Teardrop|Take Heart|p1a: Teardrop\n|-boost|p1a: Teardrop|spa|1\n|-boost|p1a: Teardrop|spd|1\n|move|p2a: Torkoal|Yawn|p1a: Teardrop\n|-start|p1a: Teardrop|move: Yawn|[of] p2a: Torkoal\n|\n|-weather|SunnyDay|[upkeep]\n|-heal|p1a: Teardrop|66\/100|[from] item: Leftovers\n|upkeep\n|turn|9\n|\n|t:|1700196563\n|move|p1a: Teardrop|Scald|p2a: Torkoal\n|-supereffective|p2a: Torkoal\n|-damage|p2a: Torkoal|0 fnt\n|faint|p2a: Torkoal\n|\n|-weather|SunnyDay|[upkeep]\n|-heal|p1a: Teardrop|72\/100|[from] item: Leftovers\n|-end|p1a: Teardrop|move: Yawn|[silent]\n|-status|p1a: Teardrop|slp\n|upkeep\n|\n|t:|1700196565\n|switch|p2a: Lilligant|Lilligant-Hisui, F, shiny|100\/100\n|turn|10\n|\n|t:|1700196570\n|-terastallize|p1a: Teardrop|Poison\n|move|p2a: Lilligant|Solar Blade||[still]\n|-prepare|p2a: Lilligant|Solar Blade\n|-anim|p2a: Lilligant|Solar Blade|p1a: Teardrop\n|-resisted|p1a: Teardrop\n|-damage|p1a: Teardrop|40\/100 slp\n|-damage|p2a: Lilligant|91\/100|[from] item: Life Orb\n|cant|p1a: Teardrop|slp\n|\n|-weather|SunnyDay|[upkeep]\n|-heal|p1a: Teardrop|47\/100 slp|[from] item: Leftovers\n|upkeep\n|turn|11\n|\n|t:|1700196579\n|move|p2a: Lilligant|Swords Dance|p2a: Lilligant\n|-boost|p2a: Lilligant|atk|2\n|cant|p1a: Teardrop|slp\n|\n|-weather|SunnyDay|[upkeep]\n|-heal|p1a: Teardrop|53\/100 slp|[from] item: Leftovers\n|upkeep\n|turn|12\n|\n|t:|1700196593\n|move|p2a: Lilligant|Swords Dance|p2a: Lilligant\n|-boost|p2a: Lilligant|atk|2\n|-curestatus|p1a: Teardrop|slp|[msg]\n|move|p1a: Teardrop|Acid Armor|p1a: Teardrop\n|-boost|p1a: Teardrop|def|2\n|\n|-weather|none\n|-heal|p1a: Teardrop|59\/100|[from] item: Leftovers\n|upkeep\n|turn|13\n|\n|t:|1700196600\n|move|p1a: Teardrop|Stored Power|p2a: Lilligant\n|-supereffective|p2a: Lilligant\n|-crit|p2a: Lilligant\n|-damage|p2a: Lilligant|0 fnt\n|faint|p2a: Lilligant\n|\n|-heal|p1a: Teardrop|65\/100|[from] item: Leftovers\n|upkeep\n|\n|t:|1700196611\n|switch|p2a: Polteageist|Polteageist, shiny|100\/100\n|turn|14\n|\n|t:|1700196615\n|move|p1a: Teardrop|Take Heart|p1a: Teardrop\n|-boost|p1a: Teardrop|spa|1\n|-boost|p1a: Teardrop|spd|1\n|move|p2a: Polteageist|Shell Smash|p2a: Polteageist\n|-unboost|p2a: Polteageist|def|1\n|-unboost|p2a: Polteageist|spd|1\n|-boost|p2a: Polteageist|atk|2\n|-boost|p2a: Polteageist|spa|2\n|-boost|p2a: Polteageist|spe|2\n|\n|-heal|p1a: Teardrop|72\/100|[from] item: Leftovers\n|upkeep\n|turn|15\n|\n|t:|1700196621\n|-terastallize|p2a: Polteageist|Dark\n|move|p2a: Polteageist|Shell Smash|p2a: Polteageist\n|-unboost|p2a: Polteageist|def|1\n|-unboost|p2a: Polteageist|spd|1\n|-boost|p2a: Polteageist|atk|2\n|-boost|p2a: Polteageist|spa|2\n|-boost|p2a: Polteageist|spe|2\n|move|p1a: Teardrop|Stored Power|p2a: Polteageist\n|-immune|p2a: Polteageist\n|\n|-heal|p1a: Teardrop|78\/100|[from] item: Leftovers\n|upkeep\n|turn|16\n|\n|t:|1700196625\n|move|p2a: Polteageist|Shell Smash|p2a: Polteageist\n|-unboost|p2a: Polteageist|def|1\n|-unboost|p2a: Polteageist|spd|1\n|-boost|p2a: Polteageist|atk|2\n|-boost|p2a: Polteageist|spa|2\n|-boost|p2a: Polteageist|spe|2\n|move|p1a: Teardrop|Scald|p2a: Polteageist\n|-enditem|p2a: Polteageist|Focus Sash\n|-damage|p2a: Polteageist|1\/100\n|-status|p2a: Polteageist|brn\n|\n|-heal|p1a: Teardrop|84\/100|[from] item: Leftovers\n|-damage|p2a: Polteageist|0 fnt|[from] brn\n|faint|p2a: Polteageist\n|upkeep\n|c|\u2606ProfWutini|bruh\n|c|\u2606AubreyOmori1|lol\n|-message|ProfWutini forfeited.\n|\n|win|AubreyOmori1\n|raw|AubreyOmori1's rating: 1190 &rarr; <strong>1210<\/strong><br \/>(+20 for winning)\n|raw|ProfWutini's rating: 1124 &rarr; <strong>1104<\/strong><br \/>(-20 for losing)\n|l|\u2606ProfWutini\n","uploadtime":1700196645,"views":10,"p1id":"aubreyomori1","p2id":"profwutini","formatid":"gen9ou","rating":1104,"private":0,"password":""}