{"id":"gen9ou-1993582608","p1":"Iceman8911","p2":"Antonazz","format":"[Gen 9] OU","log":"|j|\u2606Iceman8911\n|j|\u2606Antonazz\n|inactive|Battle timer is ON: inactive players will automatically lose when time's up.\n|t:|1700334232\n|gametype|singles\n|player|p1|Iceman8911|1|\n|player|p2|Antonazz|#stt5noadkokoroyal|\n|teamsize|p1|6\n|teamsize|p2|6\n|gen|9\n|tier|[Gen 9] OU\n|rated|Tournament battle\n|rule|Sleep Clause Mod: Limit one foe put to sleep\n|rule|Species Clause: Limit one of each Pok\u00e9mon\n|rule|OHKO Clause: OHKO moves are banned\n|rule|Evasion Items Clause: Evasion items are banned\n|rule|Evasion Moves Clause: Evasion moves are banned\n|rule|Endless Battle Clause: Forcing endless battles is banned\n|rule|HP Percentage Mod: HP is shown in percentages\n|clearpoke\n|poke|p1|Alomomola, F|\n|poke|p1|Dondozo, F|\n|poke|p1|Blissey, F|\n|poke|p1|Clefable, M|\n|poke|p1|Corviknight, F|\n|poke|p1|Toxapex, F|\n|poke|p2|Samurott-Hisui, F|\n|poke|p2|Zapdos|\n|poke|p2|Landorus-Therian, M|\n|poke|p2|Gholdengo|\n|poke|p2|Dragonite, M|\n|poke|p2|Iron Valiant|\n|teampreview\n|inactive|Iceman8911 also wants the timer to be on.\n|j| croaky\n|j| Chimeling\n|j| poXSD\n|j| KeshBa45\n|c|\u2606Iceman8911|aight\n|j| Light Tbuild\n|c|\u2606Iceman8911|gholdengo\n|c|\u2606Iceman8911|this will be interesting\n|c| KeshBa45|this team of his should work\n|inactive|Iceman8911 has 120 seconds left.\n|j| IConsumeChairs\n|\n|t:|1700334280\n|start\n|switch|p1a: Alomomola|Alomomola, F, shiny|100\/100\n|switch|p2a: Zapdos|Zapdos|100\/100\n|turn|1\n|\n|t:|1700334288\n|switch|p1a: Clefable|Clefable, M|100\/100\n|move|p2a: Zapdos|Volt Switch|p1a: Clefable\n|-damage|p1a: Clefable|82\/100\n|j| LityL\n|\n|t:|1700334292\n|switch|p2a: Gholdengo|Gholdengo|100\/100|[from] Volt Switch\n|\n|-heal|p1a: Clefable|88\/100|[from] item: Leftovers\n|upkeep\n|turn|2\n|\n|t:|1700334300\n|switch|p2a: Samurott|Samurott-Hisui, F|100\/100\n|switch|p1a: Toxapex|Toxapex, F, shiny|100\/100\n|\n|upkeep\n|turn|3\n|\n|t:|1700334307\n|switch|p2a: Gholdengo|Gholdengo|100\/100\n|move|p1a: Toxapex|Toxic|p2a: Gholdengo\n|-immune|p2a: Gholdengo|[from] ability: Good as Gold\n|\n|upkeep\n|turn|4\n|\n|t:|1700334313\n|move|p2a: Gholdengo|Nasty Plot|p2a: Gholdengo\n|-boost|p2a: Gholdengo|spa|2\n|move|p1a: Toxapex|Haze|p1a: Toxapex\n|-clearallboost\n|\n|upkeep\n|turn|5\n|\n|t:|1700334321\n|switch|p1a: Blissey|Blissey, F, shiny|100\/100\n|move|p2a: Gholdengo|Nasty Plot|p2a: Gholdengo\n|-boost|p2a: Gholdengo|spa|2\n|\n|upkeep\n|turn|6\n|\n|t:|1700334325\n|switch|p2a: Samurott|Samurott-Hisui, F|100\/100\n|move|p1a: Blissey|Calm Mind|p1a: Blissey\n|-boost|p1a: Blissey|spa|1\n|-boost|p1a: Blissey|spd|1\n|\n|upkeep\n|turn|7\n|\n|t:|1700334330\n|switch|p1a: Alomomola|Alomomola, F, shiny|100\/100\n|move|p2a: Samurott|Knock Off|p1a: Alomomola\n|-damage|p1a: Alomomola|80\/100\n|-enditem|p1a: Alomomola|Heavy-Duty Boots|[from] move: Knock Off|[of] p2a: Samurott\n|\n|upkeep\n|turn|8\n|\n|t:|1700334337\n|switch|p2a: Zapdos|Zapdos|100\/100\n|move|p1a: Alomomola|Scald|p2a: Zapdos\n|-damage|p2a: Zapdos|86\/100\n|-status|p2a: Zapdos|brn\n|\n|-damage|p2a: Zapdos|80\/100 brn|[from] brn\n|upkeep\n|turn|9\n|c|\u2606Iceman8911|aight\n|c|\u2606Iceman8911|knock + spikes\n|c|\u2606Iceman8911|:(\n|\n|t:|1700334355\n|switch|p1a: Clefable|Clefable, M|88\/100\n|move|p2a: Zapdos|Thunder Wave|p1a: Clefable\n|-status|p1a: Clefable|par\n|\n|-heal|p1a: Clefable|94\/100 par|[from] item: Leftovers\n|-damage|p2a: Zapdos|74\/100 brn|[from] brn\n|upkeep\n|turn|10\n|c| KeshBa45|dude gets owned if psyshock\n|c|\u2606Iceman8911|nah\n|inactive|Iceman8911 has 120 seconds left.\n|c|\u2606Iceman8911|its the hamuroot that worries me\n|\n|t:|1700334392\n|move|p2a: Zapdos|Volt Switch|p1a: Clefable\n|-damage|p1a: Clefable|75\/100 par\n|c| Light Tbuild|surely\n|\n|t:|1700334403\n|switch|p2a: Gholdengo|Gholdengo|100\/100|[from] Volt Switch\n|cant|p1a: Clefable|par\n|\n|-heal|p1a: Clefable|81\/100 par|[from] item: Leftovers\n|upkeep\n|turn|11\n|inactive|Iceman8911 has 120 seconds left.\n|\n|t:|1700334412\n|switch|p1a: Blissey|Blissey, F, shiny|100\/100\n|move|p2a: Gholdengo|Make It Rain|p1a: Blissey\n|-damage|p1a: Blissey|84\/100\n|-unboost|p2a: Gholdengo|spa|1\n|\n|upkeep\n|turn|12\n|\n|t:|1700334418\n|switch|p2a: Samurott|Samurott-Hisui, F|100\/100\n|switch|p1a: Clefable|Clefable, M|81\/100 par\n|\n|-heal|p1a: Clefable|87\/100 par|[from] item: Leftovers\n|upkeep\n|turn|13\n|\n|t:|1700334425\n|switch|p2a: Gholdengo|Gholdengo|100\/100\n|move|p1a: Clefable|Moonblast|p2a: Gholdengo\n|-resisted|p2a: Gholdengo\n|-damage|p2a: Gholdengo|85\/100\n|\n|-heal|p1a: Clefable|93\/100 par|[from] item: Leftovers\n|upkeep\n|turn|14\n|\n|t:|1700334431\n|switch|p1a: Toxapex|Toxapex, F, shiny|100\/100\n|move|p2a: Gholdengo|Make It Rain|p1a: Toxapex\n|-resisted|p1a: Toxapex\n|-damage|p1a: Toxapex|80\/100\n|-unboost|p2a: Gholdengo|spa|1\n|\n|upkeep\n|turn|15\n|j| qrib\n|\n|t:|1700334439\n|switch|p1a: Blissey|Blissey, F, shiny|84\/100\n|move|p2a: Gholdengo|Nasty Plot|p2a: Gholdengo\n|-boost|p2a: Gholdengo|spa|2\n|\n|upkeep\n|turn|16\n|\n|t:|1700334445\n|switch|p2a: Samurott|Samurott-Hisui, F|100\/100\n|switch|p1a: Toxapex|Toxapex, F, shiny|100\/100\n|\n|upkeep\n|turn|17\n|\n|t:|1700334450\n|switch|p2a: Zapdos|Zapdos|74\/100 brn\n|move|p1a: Toxapex|Toxic||[still]\n|-fail|p1a: Toxapex\n|\n|-damage|p2a: Zapdos|68\/100 brn|[from] brn\n|upkeep\n|turn|18\n|\n|t:|1700334457\n|switch|p1a: Clefable|Clefable, M|93\/100 par\n|move|p2a: Zapdos|Volt Switch|p1a: Clefable\n|-damage|p1a: Clefable|72\/100 par\n|\n|t:|1700334478\n|switch|p2a: Gholdengo|Gholdengo|85\/100|[from] Volt Switch\n|\n|-heal|p1a: Clefable|78\/100 par|[from] item: Leftovers\n|upkeep\n|turn|19\n|\n|t:|1700334503\n|switch|p2a: Samurott|Samurott-Hisui, F|100\/100\n|switch|p1a: Toxapex|Toxapex, F, shiny|100\/100\n|\n|upkeep\n|turn|20\n|\n|t:|1700334513\n|switch|p2a: Zapdos|Zapdos|68\/100 brn\n|move|p1a: Toxapex|Toxic||[still]\n|-fail|p1a: Toxapex\n|\n|-damage|p2a: Zapdos|61\/100 brn|[from] brn\n|upkeep\n|turn|21\n|\n|t:|1700334517\n|switch|p1a: Clefable|Clefable, M|78\/100 par\n|move|p2a: Zapdos|Volt Switch|p1a: Clefable\n|-damage|p1a: Clefable|58\/100 par\n|\n|t:|1700334521\n|switch|p2a: Landorus|Landorus-Therian, M|100\/100|[from] Volt Switch\n|-ability|p2a: Landorus|Intimidate|boost\n|-unboost|p1a: Clefable|atk|1\n|\n|-heal|p1a: Clefable|64\/100 par|[from] item: Leftovers\n|upkeep\n|turn|22\n|\n|t:|1700334527\n|switch|p1a: Alomomola|Alomomola, F, shiny|100\/100\n|move|p2a: Landorus|Stealth Rock|p1a: Alomomola\n|-sidestart|p1: Iceman8911|move: Stealth Rock\n|\n|upkeep\n|turn|23\n|\n|t:|1700334533\n|move|p2a: Landorus|U-turn|p1a: Alomomola\n|-damage|p1a: Alomomola|90\/100\n|\n|t:|1700334535\n|switch|p2a: Zapdos|Zapdos|61\/100 brn|[from] U-turn\n|move|p1a: Alomomola|Scald|p2a: Zapdos\n|-damage|p2a: Zapdos|47\/100 brn\n|\n|-damage|p2a: Zapdos|41\/100 brn|[from] brn\n|upkeep\n|turn|24\n|c| Light Tbuild|ngl\n|\n|t:|1700334552\n|switch|p1a: Clefable|Clefable, M|64\/100 par\n|move|p2a: Zapdos|Hurricane|p1a: Clefable\n|-damage|p1a: Clefable|34\/100 par\n|\n|-heal|p1a: Clefable|40\/100 par|[from] item: Leftovers\n|-damage|p2a: Zapdos|35\/100 brn|[from] brn\n|upkeep\n|turn|25\n|\n|t:|1700334560\n|move|p2a: Zapdos|Roost|p2a: Zapdos\n|-heal|p2a: Zapdos|85\/100 brn\n|-singleturn|p2a: Zapdos|move: Roost\n|cant|p1a: Clefable|par\n|\n|-heal|p1a: Clefable|46\/100 par|[from] item: Leftovers\n|-damage|p2a: Zapdos|78\/100 brn|[from] brn\n|upkeep\n|turn|26\n|c| Light Tbuild|i would ve switch zapdos ability for this game\n|\n|t:|1700334572\n|move|p2a: Zapdos|Volt Switch|p1a: Clefable\n|-damage|p1a: Clefable|28\/100 par\n|\n|t:|1700334581\n|switch|p2a: Gholdengo|Gholdengo|85\/100|[from] Volt Switch\n|cant|p1a: Clefable|par\n|\n|-heal|p1a: Clefable|34\/100 par|[from] item: Leftovers\n|upkeep\n|turn|27\n|\n|t:|1700334587\n|switch|p1a: Toxapex|Toxapex, F, shiny|100\/100\n|move|p2a: Gholdengo|Shadow Ball|p1a: Toxapex\n|-damage|p1a: Toxapex|73\/100\n|\n|upkeep\n|turn|28\n|\n|t:|1700334594\n|switch|p1a: Blissey|Blissey, F, shiny|84\/100\n|move|p2a: Gholdengo|Nasty Plot|p2a: Gholdengo\n|-boost|p2a: Gholdengo|spa|2\n|\n|upkeep\n|turn|29\n|\n|t:|1700334598\n|switch|p2a: Samurott|Samurott-Hisui, F|100\/100\n|switch|p1a: Toxapex|Toxapex, F, shiny|100\/100\n|\n|upkeep\n|turn|30\n|j|^nooob ninja\n|\n|t:|1700334603\n|switch|p2a: Gholdengo|Gholdengo|85\/100\n|move|p1a: Toxapex|Surf|p2a: Gholdengo\n|-crit|p2a: Gholdengo\n|-damage|p2a: Gholdengo|60\/100\n|\n|upkeep\n|turn|31\n|\n|t:|1700334609\n|move|p2a: Gholdengo|Shadow Ball|p1a: Toxapex\n|-damage|p1a: Toxapex|73\/100\n|move|p1a: Toxapex|Surf|p2a: Gholdengo\n|-damage|p2a: Gholdengo|42\/100\n|\n|upkeep\n|turn|32\n|l| LityL\n|\n|t:|1700334614\n|switch|p1a: Alomomola|Alomomola, F, shiny|100\/100\n|-damage|p1a: Alomomola|88\/100|[from] Stealth Rock\n|move|p2a: Gholdengo|Recover|p2a: Gholdengo\n|-heal|p2a: Gholdengo|92\/100\n|\n|upkeep\n|turn|33\n|\n|t:|1700334619\n|switch|p2a: Zapdos|Zapdos|78\/100 brn\n|move|p1a: Alomomola|Flip Turn|p2a: Zapdos\n|-damage|p2a: Zapdos|62\/100 brn\n|\n|t:|1700334623\n|switch|p1a: Clefable|Clefable, M|34\/100 par|[from] Flip Turn\n|\n|-heal|p1a: Clefable|40\/100 par|[from] item: Leftovers\n|-damage|p2a: Zapdos|56\/100 brn|[from] brn\n|upkeep\n|turn|34\n|\n|t:|1700334631\n|move|p2a: Zapdos|Volt Switch|p1a: Clefable\n|-damage|p1a: Clefable|21\/100 par\n|l|^nooob ninja\n|\n|t:|1700334645\n|switch|p2a: Gholdengo|Gholdengo|92\/100|[from] Volt Switch\n|move|p1a: Clefable|Moonlight|p1a: Clefable\n|-heal|p1a: Clefable|71\/100 par\n|\n|-heal|p1a: Clefable|77\/100 par|[from] item: Leftovers\n|upkeep\n|turn|35\n|\n|t:|1700334653\n|switch|p2a: Samurott|Samurott-Hisui, F|100\/100\n|switch|p1a: Toxapex|Toxapex, F, shiny|100\/100\n|\n|upkeep\n|turn|36\n|l| qrib\n|\n|t:|1700334660\n|switch|p2a: Zapdos|Zapdos|56\/100 brn\n|move|p1a: Toxapex|Toxic||[still]\n|-fail|p1a: Toxapex\n|\n|-damage|p2a: Zapdos|50\/100 brn|[from] brn\n|upkeep\n|turn|37\n|\n|t:|1700334668\n|switch|p1a: Clefable|Clefable, M|77\/100 par\n|move|p2a: Zapdos|Volt Switch|p1a: Clefable\n|-damage|p1a: Clefable|58\/100 par\n|\n|t:|1700334672\n|switch|p2a: Landorus|Landorus-Therian, M|100\/100|[from] Volt Switch\n|-ability|p2a: Landorus|Intimidate|boost\n|-unboost|p1a: Clefable|atk|1\n|\n|-heal|p1a: Clefable|64\/100 par|[from] item: Leftovers\n|upkeep\n|turn|38\n|\n|t:|1700334679\n|switch|p1a: Alomomola|Alomomola, F, shiny|100\/100\n|-damage|p1a: Alomomola|88\/100|[from] Stealth Rock\n|move|p2a: Landorus|U-turn|p1a: Alomomola\n|-damage|p1a: Alomomola|77\/100\n|\n|t:|1700334683\n|switch|p2a: Zapdos|Zapdos|50\/100 brn|[from] U-turn\n|\n|-damage|p2a: Zapdos|44\/100 brn|[from] brn\n|upkeep\n|turn|39\n|\n|t:|1700334691\n|switch|p1a: Clefable|Clefable, M|64\/100 par\n|move|p2a: Zapdos|Volt Switch|p1a: Clefable\n|-damage|p1a: Clefable|45\/100 par\n|\n|t:|1700334699\n|switch|p2a: Landorus|Landorus-Therian, M|100\/100|[from] Volt Switch\n|-ability|p2a: Landorus|Intimidate|boost\n|-unboost|p1a: Clefable|atk|1\n|\n|-heal|p1a: Clefable|51\/100 par|[from] item: Leftovers\n|upkeep\n|turn|40\n|\n|t:|1700334702\n|switch|p1a: Alomomola|Alomomola, F, shiny|100\/100\n|-damage|p1a: Alomomola|88\/100|[from] Stealth Rock\n|move|p2a: Landorus|Earthquake|p1a: Alomomola\n|-damage|p1a: Alomomola|61\/100\n|\n|upkeep\n|turn|41\n|\n|t:|1700334707\n|move|p2a: Landorus|U-turn|p1a: Alomomola\n|-damage|p1a: Alomomola|49\/100\n|\n|t:|1700334709\n|switch|p2a: Zapdos|Zapdos|44\/100 brn|[from] U-turn\n|move|p1a: Alomomola|Wish|p1a: Alomomola\n|\n|-damage|p2a: Zapdos|37\/100 brn|[from] brn\n|upkeep\n|turn|42\n|\n|t:|1700334719\n|switch|p1a: Clefable|Clefable, M|51\/100 par\n|move|p2a: Zapdos|Roost|p2a: Zapdos\n|-heal|p2a: Zapdos|87\/100 brn\n|-singleturn|p2a: Zapdos|move: Roost\n|\n|-heal|p1a: Clefable|100\/100 par|[from] move: Wish|[wisher] Alomomola\n|-damage|p2a: Zapdos|81\/100 brn|[from] brn\n|upkeep\n|turn|43\n|\n|t:|1700334729\n|move|p2a: Zapdos|Volt Switch|p1a: Clefable\n|-crit|p1a: Clefable\n|-damage|p1a: Clefable|70\/100 par\n|\n|t:|1700334734\n|switch|p2a: Gholdengo|Gholdengo|92\/100|[from] Volt Switch\n|move|p1a: Clefable|Knock Off|p2a: Gholdengo\n|-supereffective|p2a: Gholdengo\n|-damage|p2a: Gholdengo|71\/100\n|-enditem|p2a: Gholdengo|Heavy-Duty Boots|[from] move: Knock Off|[of] p1a: Clefable\n|\n|-heal|p1a: Clefable|77\/100 par|[from] item: Leftovers\n|upkeep\n|turn|44\n|\n|t:|1700334742\n|switch|p1a: Toxapex|Toxapex, F, shiny|100\/100\n|move|p2a: Gholdengo|Nasty Plot|p2a: Gholdengo\n|-boost|p2a: Gholdengo|spa|2\n|\n|upkeep\n|turn|45\n|c| KeshBa45|samuh and no spikes\n|\n|t:|1700334756\n|switch|p2a: Samurott|Samurott-Hisui, F|100\/100\n|move|p1a: Toxapex|Haze|p1a: Toxapex\n|-clearallboost\n|\n|upkeep\n|turn|46\n|c|\u2606Iceman8911|no\n|c|\u2606Iceman8911|he knows what he's doing\n|c|\u2606Iceman8911|bruh I'm literally sweating here lol\n|\n|t:|1700334782\n|switch|p2a: Zapdos|Zapdos|81\/100 brn\n|move|p1a: Toxapex|Toxic||[still]\n|-fail|p1a: Toxapex\n|\n|-damage|p2a: Zapdos|75\/100 brn|[from] brn\n|upkeep\n|turn|47\n|\n|t:|1700334792\n|switch|p1a: Clefable|Clefable, M|77\/100 par\n|move|p2a: Zapdos|Volt Switch|p1a: Clefable\n|-damage|p1a: Clefable|56\/100 par\n|\n|t:|1700334799\n|switch|p2a: Landorus|Landorus-Therian, M|100\/100|[from] Volt Switch\n|-ability|p2a: Landorus|Intimidate|boost\n|-unboost|p1a: Clefable|atk|1\n|\n|-heal|p1a: Clefable|62\/100 par|[from] item: Leftovers\n|upkeep\n|turn|48\n|\n|t:|1700334817\n|switch|p1a: Alomomola|Alomomola, F, shiny|82\/100\n|-damage|p1a: Alomomola|70\/100|[from] Stealth Rock\n|move|p2a: Landorus|U-turn|p1a: Alomomola\n|-damage|p1a: Alomomola|59\/100\n|\n|t:|1700334824\n|switch|p2a: Zapdos|Zapdos|75\/100 brn|[from] U-turn\n|\n|-damage|p2a: Zapdos|69\/100 brn|[from] brn\n|upkeep\n|turn|49\n|\n|t:|1700334829\n|move|p1a: Alomomola|Protect|p1a: Alomomola\n|-singleturn|p1a: Alomomola|Protect\n|move|p2a: Zapdos|Volt Switch|p1a: Alomomola\n|-activate|p1a: Alomomola|move: Protect\n|\n|-damage|p2a: Zapdos|62\/100 brn|[from] brn\n|upkeep\n|turn|50\n|\n|t:|1700334842\n|switch|p1a: Clefable|Clefable, M|62\/100 par\n|move|p2a: Zapdos|Volt Switch|p1a: Clefable\n|-damage|p1a: Clefable|44\/100 par\n|\n|t:|1700334855\n|switch|p2a: Landorus|Landorus-Therian, M|100\/100|[from] Volt Switch\n|-ability|p2a: Landorus|Intimidate|boost\n|-unboost|p1a: Clefable|atk|1\n|\n|-heal|p1a: Clefable|50\/100 par|[from] item: Leftovers\n|upkeep\n|turn|51\n|\n|t:|1700334875\n|switch|p1a: Toxapex|Toxapex, F, shiny|100\/100\n|move|p2a: Landorus|U-turn|p1a: Toxapex\n|-resisted|p1a: Toxapex\n|-damage|p1a: Toxapex|93\/100\n|\n|t:|1700334880\n|switch|p2a: Zapdos|Zapdos|62\/100 brn|[from] U-turn\n|\n|-damage|p2a: Zapdos|56\/100 brn|[from] brn\n|upkeep\n|turn|52\n|j| qrib\n|\n|t:|1700334890\n|move|p2a: Zapdos|Volt Switch|p1a: Toxapex\n|-supereffective|p1a: Toxapex\n|-damage|p1a: Toxapex|47\/100\n|\n|t:|1700334898\n|switch|p2a: Landorus|Landorus-Therian, M|100\/100|[from] Volt Switch\n|-ability|p2a: Landorus|Intimidate|boost\n|-unboost|p1a: Toxapex|atk|1\n|move|p1a: Toxapex|Recover|p1a: Toxapex\n|-heal|p1a: Toxapex|97\/100\n|\n|upkeep\n|turn|53\n|\n|t:|1700334905\n|move|p2a: Landorus|U-turn|p1a: Toxapex\n|-resisted|p1a: Toxapex\n|-damage|p1a: Toxapex|90\/100\n|\n|t:|1700334907\n|switch|p2a: Gholdengo|Gholdengo|71\/100|[from] U-turn\n|move|p1a: Toxapex|Toxic|p2a: Gholdengo\n|-immune|p2a: Gholdengo|[from] ability: Good as Gold\n|\n|upkeep\n|turn|54\n|\n|t:|1700334915\n|move|p2a: Gholdengo|Nasty Plot|p2a: Gholdengo\n|-boost|p2a: Gholdengo|spa|2\n|move|p1a: Toxapex|Surf|p2a: Gholdengo\n|-damage|p2a: Gholdengo|52\/100\n|\n|upkeep\n|turn|55\n|\n|t:|1700334920\n|move|p2a: Gholdengo|Shadow Ball|p1a: Toxapex\n|-damage|p1a: Toxapex|34\/100\n|move|p1a: Toxapex|Haze|p1a: Toxapex\n|-clearallboost\n|\n|upkeep\n|turn|56\n|\n|t:|1700334926\n|switch|p2a: Samurott|Samurott-Hisui, F|100\/100\n|switch|p1a: Blissey|Blissey, F, shiny|84\/100\n|\n|upkeep\n|turn|57\n|c|\u2606Iceman8911|:(\n|c| Light Tbuild|finally he did it\n|\n|t:|1700334937\n|switch|p1a: Alomomola|Alomomola, F, shiny|92\/100\n|-damage|p1a: Alomomola|79\/100|[from] Stealth Rock\n|move|p2a: Samurott|Ceaseless Edge|p1a: Alomomola\n|-damage|p1a: Alomomola|59\/100\n|-sidestart|p1: Iceman8911|Spikes\n|\n|upkeep\n|turn|58\n|c| KeshBa45|aint no way\n|\n|t:|1700334948\n|switch|p2a: Zapdos|Zapdos|56\/100 brn\n|move|p1a: Alomomola|Wish|p1a: Alomomola\n|\n|-damage|p2a: Zapdos|50\/100 brn|[from] brn\n|upkeep\n|turn|59\n|\n|t:|1700334956\n|switch|p1a: Clefable|Clefable, M|50\/100 par\n|move|p2a: Zapdos|Volt Switch|p1a: Clefable\n|-damage|p1a: Clefable|32\/100 par\n|c| Light Tbuild|uh\n|\n|t:|1700334959\n|switch|p2a: Gholdengo|Gholdengo|52\/100|[from] Volt Switch\n|\n|-heal|p1a: Clefable|99\/100 par|[from] move: Wish|[wisher] Alomomola\n|-heal|p1a: Clefable|100\/100 par|[from] item: Leftovers\n|upkeep\n|turn|60\n|\n|t:|1700334968\n|switch|p1a: Toxapex|Toxapex, F, shiny|67\/100\n|move|p2a: Gholdengo|Recover|p2a: Gholdengo\n|-heal|p2a: Gholdengo|100\/100\n|\n|upkeep\n|turn|61\n|c| Light Tbuild|a bit too scared here but fine ig\n|\n|t:|1700334985\n|switch|p1a: Blissey|Blissey, F, shiny|84\/100\n|move|p2a: Gholdengo|Nasty Plot|p2a: Gholdengo\n|-boost|p2a: Gholdengo|spa|2\n|\n|upkeep\n|turn|62\n|\n|t:|1700334992\n|switch|p1a: Toxapex|Toxapex, F, shiny|100\/100\n|move|p2a: Gholdengo|Shadow Ball|p1a: Toxapex\n|-damage|p1a: Toxapex|46\/100\n|\n|upkeep\n|turn|63\n|c|\u2606Iceman8911|yup\n|l| qrib\n|\n|t:|1700335014\n|switch|p1a: Blissey|Blissey, F, shiny|84\/100\n|move|p2a: Gholdengo|Shadow Ball|p1a: Blissey\n|-immune|p1a: Blissey\n|\n|upkeep\n|turn|64\n|\n|t:|1700335022\n|switch|p2a: Samurott|Samurott-Hisui, F|100\/100\n|move|p1a: Blissey|Seismic Toss|p2a: Samurott\n|-damage|p2a: Samurott|74\/100\n|\n|upkeep\n|turn|65\n|j| sdfk3kj\n|l| sdfk3kj\n|\n|t:|1700335033\n|switch|p1a: Alomomola|Alomomola, F, shiny|92\/100\n|-damage|p1a: Alomomola|80\/100|[from] Stealth Rock\n|-damage|p1a: Alomomola|68\/100|[from] Spikes\n|move|p2a: Samurott|Ceaseless Edge|p1a: Alomomola\n|-damage|p1a: Alomomola|47\/100\n|-sidestart|p1: Iceman8911|Spikes\n|\n|upkeep\n|turn|66\n|\n|t:|1700335050\n|switch|p2a: Zapdos|Zapdos|50\/100 brn\n|move|p1a: Alomomola|Scald|p2a: Zapdos\n|-damage|p2a: Zapdos|36\/100 brn\n|\n|-damage|p2a: Zapdos|30\/100 brn|[from] brn\n|upkeep\n|turn|67\n|\n|t:|1700335058\n|switch|p1a: Clefable|Clefable, M|100\/100 par\n|move|p2a: Zapdos|Roost|p2a: Zapdos\n|-heal|p2a: Zapdos|80\/100 brn\n|-singleturn|p2a: Zapdos|move: Roost\n|\n|-damage|p2a: Zapdos|74\/100 brn|[from] brn\n|upkeep\n|turn|68\n|\n|t:|1700335064\n|move|p2a: Zapdos|Volt Switch|p1a: Clefable\n|-damage|p1a: Clefable|81\/100 par\n|\n|t:|1700335071\n|switch|p2a: Gholdengo|Gholdengo|100\/100|[from] Volt Switch\n|move|p1a: Clefable|Stealth Rock|p2a: Gholdengo\n|-sidestart|p2: Antonazz|move: Stealth Rock\n|\n|-heal|p1a: Clefable|87\/100 par|[from] item: Leftovers\n|upkeep\n|turn|69\n|\n|t:|1700335081\n|switch|p1a: Blissey|Blissey, F, shiny|84\/100\n|move|p2a: Gholdengo|Nasty Plot|p2a: Gholdengo\n|-boost|p2a: Gholdengo|spa|2\n|\n|upkeep\n|turn|70\n|\n|t:|1700335088\n|move|p2a: Gholdengo|Nasty Plot|p2a: Gholdengo\n|-boost|p2a: Gholdengo|spa|2\n|move|p1a: Blissey|Seismic Toss|p2a: Gholdengo\n|-immune|p2a: Gholdengo\n|\n|upkeep\n|turn|71\n|\n|t:|1700335095\n|switch|p2a: Samurott|Samurott-Hisui, F|74\/100\n|move|p1a: Blissey|Calm Mind|p1a: Blissey\n|-boost|p1a: Blissey|spa|1\n|-boost|p1a: Blissey|spd|1\n|\n|upkeep\n|turn|72\n|\n|t:|1700335110\n|switch|p1a: Alomomola|Alomomola, F, shiny|80\/100\n|-damage|p1a: Alomomola|68\/100|[from] Stealth Rock\n|-damage|p1a: Alomomola|51\/100|[from] Spikes\n|move|p2a: Samurott|Ceaseless Edge|p1a: Alomomola\n|-damage|p1a: Alomomola|31\/100\n|-sidestart|p1: Iceman8911|Spikes\n|\n|upkeep\n|turn|73\n|\n|t:|1700335122\n|move|p2a: Samurott|Knock Off|p1a: Alomomola\n|-damage|p1a: Alomomola|18\/100\n|move|p1a: Alomomola|Wish|p1a: Alomomola\n|\n|upkeep\n|turn|74\n|\n|t:|1700335130\n|move|p1a: Alomomola|Protect|p1a: Alomomola\n|-singleturn|p1a: Alomomola|Protect\n|move|p2a: Samurott|Encore|p1a: Alomomola\n|-activate|p1a: Alomomola|move: Protect\n|\n|-heal|p1a: Alomomola|68\/100|[from] move: Wish|[wisher] Alomomola\n|upkeep\n|turn|75\n|\n|t:|1700335144\n|move|p2a: Samurott|Encore|p1a: Alomomola\n|-start|p1a: Alomomola|Encore\n|move|p1a: Alomomola|Protect||[still]\n|-fail|p1a: Alomomola\n|\n|upkeep\n|turn|76\n|\n|t:|1700335150\n|move|p1a: Alomomola|Protect|p1a: Alomomola\n|-singleturn|p1a: Alomomola|Protect\n|move|p2a: Samurott|Knock Off|p1a: Alomomola\n|-activate|p1a: Alomomola|move: Protect\n|\n|upkeep\n|turn|77\n|\n|t:|1700335162\n|move|p1a: Alomomola|Protect||[still]\n|-fail|p1a: Alomomola\n|move|p2a: Samurott|Knock Off|p1a: Alomomola\n|-damage|p1a: Alomomola|54\/100\n|\n|-end|p1a: Alomomola|Encore\n|upkeep\n|turn|78\n|\n|t:|1700335172\n|switch|p1a: Clefable|Clefable, M|87\/100 par\n|move|p2a: Samurott|Encore||[still]\n|-fail|p2a: Samurott\n|\n|-heal|p1a: Clefable|93\/100 par|[from] item: Leftovers\n|upkeep\n|turn|79\n|\n|t:|1700335178\n|switch|p2a: Gholdengo|Gholdengo|100\/100\n|-damage|p2a: Gholdengo|94\/100|[from] Stealth Rock\n|move|p1a: Clefable|Moonblast|p2a: Gholdengo\n|-resisted|p2a: Gholdengo\n|-damage|p2a: Gholdengo|80\/100\n|\n|-heal|p1a: Clefable|99\/100 par|[from] item: Leftovers\n|upkeep\n|turn|80\n|\n|t:|1700335187\n|switch|p1a: Toxapex|Toxapex, F, shiny|79\/100\n|move|p2a: Gholdengo|Nasty Plot|p2a: Gholdengo\n|-boost|p2a: Gholdengo|spa|2\n|\n|upkeep\n|turn|81\n|\n|t:|1700335193\n|switch|p1a: Blissey|Blissey, F, shiny|84\/100\n|move|p2a: Gholdengo|Shadow Ball|p1a: Blissey\n|-immune|p1a: Blissey\n|\n|upkeep\n|turn|82\n|\n|t:|1700335200\n|switch|p2a: Samurott|Samurott-Hisui, F|74\/100\n|move|p1a: Blissey|Seismic Toss|p2a: Samurott\n|-damage|p2a: Samurott|48\/100\n|\n|upkeep\n|turn|83\n|\n|t:|1700335209\n|switch|p1a: Alomomola|Alomomola, F, shiny|87\/100\n|-damage|p1a: Alomomola|75\/100|[from] Stealth Rock\n|-damage|p1a: Alomomola|50\/100|[from] Spikes\n|move|p2a: Samurott|Ceaseless Edge|p1a: Alomomola\n|-damage|p1a: Alomomola|30\/100\n|\n|upkeep\n|turn|84\n|inactive|Antonazz has 120 seconds left.\n|\n|t:|1700335248\n|switch|p2a: Iron Valiant|Iron Valiant|100\/100\n|move|p1a: Alomomola|Wish|p1a: Alomomola\n|\n|upkeep\n|turn|85\n|\n|t:|1700335254\n|move|p1a: Alomomola|Protect|p1a: Alomomola\n|-singleturn|p1a: Alomomola|Protect\n|move|p2a: Iron Valiant|Moonblast|p1a: Alomomola\n|-activate|p1a: Alomomola|move: Protect\n|\n|-heal|p1a: Alomomola|80\/100|[from] move: Wish|[wisher] Alomomola\n|upkeep\n|turn|86\n|\n|t:|1700335270\n|switch|p1a: Clefable|Clefable, M|99\/100 par\n|move|p2a: Iron Valiant|Knock Off|p1a: Clefable\n|-resisted|p1a: Clefable\n|-damage|p1a: Clefable|81\/100 par\n|-enditem|p1a: Clefable|Leftovers|[from] move: Knock Off|[of] p2a: Iron Valiant\n|\n|upkeep\n|turn|87\n|c|\u2606Iceman8911|yup\n|c|\u2606Iceman8911|double knock off\n|c| Light Tbuild|ye\n|inactive|Iceman8911 has 120 seconds left.\n|\n|t:|1700335295\n|-end|p2a: Iron Valiant|Quark Drive|[silent]\n|switch|p2a: Gholdengo|Gholdengo|80\/100\n|-damage|p2a: Gholdengo|74\/100|[from] Stealth Rock\n|cant|p1a: Clefable|par\n|\n|upkeep\n|turn|88\n|\n|t:|1700335311\n|switch|p1a: Toxapex|Toxapex, F, shiny|100\/100\n|move|p2a: Gholdengo|Nasty Plot|p2a: Gholdengo\n|-boost|p2a: Gholdengo|spa|2\n|\n|upkeep\n|turn|89\n|\n|t:|1700335317\n|move|p2a: Gholdengo|Shadow Ball|p1a: Toxapex\n|-damage|p1a: Toxapex|51\/100\n|move|p1a: Toxapex|Haze|p1a: Toxapex\n|-clearallboost\n|\n|upkeep\n|turn|90\n|\n|t:|1700335325\n|switch|p2a: Landorus|Landorus-Therian, M|100\/100\n|-damage|p2a: Landorus|88\/100|[from] Stealth Rock\n|-ability|p2a: Landorus|Intimidate|boost\n|-unboost|p1a: Toxapex|atk|1\n|move|p1a: Toxapex|Toxic|p2a: Landorus\n|-status|p2a: Landorus|tox\n|\n|-heal|p2a: Landorus|94\/100 tox|[from] item: Leftovers\n|-damage|p2a: Landorus|88\/100 tox|[from] psn\n|upkeep\n|turn|91\n|\n|t:|1700335333\n|switch|p1a: Corviknight|Corviknight, F, shiny|100\/100\n|-damage|p1a: Corviknight|88\/100|[from] Stealth Rock\n|-ability|p1a: Corviknight|Pressure\n|move|p2a: Landorus|U-turn|p1a: Corviknight\n|-resisted|p1a: Corviknight\n|-damage|p1a: Corviknight|85\/100\n|\n|t:|1700335337\n|switch|p2a: Zapdos|Zapdos|74\/100 brn|[from] U-turn\n|\n|-heal|p1a: Corviknight|91\/100|[from] item: Leftovers\n|-damage|p2a: Zapdos|68\/100 brn|[from] brn\n|upkeep\n|turn|92\n|\n|t:|1700335347\n|switch|p1a: Blissey|Blissey, F, shiny|84\/100\n|move|p2a: Zapdos|Volt Switch|p1a: Blissey\n|-damage|p1a: Blissey|75\/100\n|\n|t:|1700335366\n|switch|p2a: Iron Valiant|Iron Valiant|100\/100|[from] Volt Switch\n|\n|upkeep\n|turn|93\n|\n|t:|1700335376\n|switch|p1a: Clefable|Clefable, M|81\/100 par\n|move|p2a: Iron Valiant|Moonblast|p1a: Clefable\n|-damage|p1a: Clefable|56\/100 par\n|\n|upkeep\n|turn|94\n|\n|t:|1700335383\n|move|p2a: Iron Valiant|Moonblast|p1a: Clefable\n|-damage|p1a: Clefable|32\/100 par\n|-unboost|p1a: Clefable|spa|1\n|cant|p1a: Clefable|par\n|\n|upkeep\n|turn|95\n|\n|t:|1700335389\n|move|p2a: Iron Valiant|Moonblast|p1a: Clefable\n|-damage|p1a: Clefable|6\/100 par\n|move|p1a: Clefable|Moonlight|p1a: Clefable\n|-heal|p1a: Clefable|56\/100 par\n|\n|upkeep\n|turn|96\n|\n|t:|1700335398\n|move|p2a: Iron Valiant|Moonblast|p1a: Clefable\n|-damage|p1a: Clefable|28\/100 par\n|move|p1a: Clefable|Moonlight|p1a: Clefable\n|-heal|p1a: Clefable|78\/100 par\n|\n|upkeep\n|turn|97\n|\n|t:|1700335405\n|switch|p1a: Toxapex|Toxapex, F, shiny|84\/100\n|move|p2a: Iron Valiant|Encore||[still]\n|-fail|p2a: Iron Valiant\n|\n|upkeep\n|turn|98\n|c|\u2606Iceman8911|bro\n|\n|t:|1700335419\n|switch|p1a: Clefable|Clefable, M|78\/100 par\n|move|p2a: Iron Valiant|Knock Off|p1a: Clefable\n|-resisted|p1a: Clefable\n|-damage|p1a: Clefable|66\/100 par\n|\n|upkeep\n|turn|99\n|\n|t:|1700335424\n|-end|p2a: Iron Valiant|Quark Drive|[silent]\n|switch|p2a: Gholdengo|Gholdengo|74\/100\n|-damage|p2a: Gholdengo|67\/100|[from] Stealth Rock\n|cant|p1a: Clefable|par\n|\n|upkeep\n|turn|100\n|\n|t:|1700335435\n|switch|p2a: Iron Valiant|Iron Valiant|100\/100\n|switch|p1a: Blissey|Blissey, F, shiny|75\/100\n|\n|upkeep\n|turn|101\n|\n|t:|1700335446\n|switch|p1a: Clefable|Clefable, M|66\/100 par\n|move|p2a: Iron Valiant|Moonblast|p1a: Clefable\n|-damage|p1a: Clefable|41\/100 par\n|-unboost|p1a: Clefable|spa|1\n|\n|upkeep\n|turn|102\n|\n|t:|1700335455\n|move|p2a: Iron Valiant|Moonblast|p1a: Clefable\n|-damage|p1a: Clefable|14\/100 par\n|move|p1a: Clefable|Moonlight|p1a: Clefable\n|-heal|p1a: Clefable|64\/100 par\n|\n|upkeep\n|turn|103\n|\n|t:|1700335462\n|move|p2a: Iron Valiant|Moonblast|p1a: Clefable\n|-damage|p1a: Clefable|39\/100 par\n|-unboost|p1a: Clefable|spa|1\n|move|p1a: Clefable|Moonblast|p2a: Iron Valiant\n|-supereffective|p2a: Iron Valiant\n|-damage|p2a: Iron Valiant|40\/100\n|\n|upkeep\n|turn|104\n|\n|t:|1700335481\n|move|p2a: Iron Valiant|Moonblast|p1a: Clefable\n|-damage|p1a: Clefable|13\/100 par\n|cant|p1a: Clefable|par\n|\n|upkeep\n|turn|105\n|c|\u2606Iceman8911|:(\n|\n|t:|1700335497\n|switch|p1a: Toxapex|Toxapex, F, shiny|100\/100\n|move|p2a: Iron Valiant|Knock Off|p1a: Toxapex\n|-damage|p1a: Toxapex|78\/100\n|-enditem|p1a: Toxapex|Heavy-Duty Boots|[from] move: Knock Off|[of] p2a: Iron Valiant\n|\n|upkeep\n|turn|106\n|-message|Iceman8911 forfeited.\n|\n|win|Antonazz\n|n|\u2606Iceman8911|iceman8911\n|n|\u2606Antonazz|antonazz\n|n| croaky|croaky\n|n| Chimeling|chimeling\n|n| poXSD|poxsd\n|n| KeshBa45|keshba45\n|n| Light Tbuild|lighttbuild\n|n| IConsumeChairs|iconsumechairs\n","uploadtime":1700335503,"views":8,"p1id":"iceman8911","p2id":"antonazz","formatid":"gen9ou","rating":0,"private":0,"password":""}