{"id":"gen9ou-1997643133","p1":"Lionecio","p2":"Ms CheeseCake","format":"[Gen 9] OU","log":"|j|\u2606Lionecio\n|j|\u2606Ms CheeseCake\n|t:|1700836704\n|gametype|singles\n|player|p1|Lionecio|1|1000\n|player|p2|Ms CheeseCake|parasollady|1028\n|teamsize|p1|6\n|teamsize|p2|6\n|gen|9\n|tier|[Gen 9] OU\n|rated|\n|rule|Sleep Clause Mod: Limit one foe put to sleep\n|rule|Species Clause: Limit one of each Pok\u00e9mon\n|rule|OHKO Clause: OHKO moves are banned\n|rule|Evasion Items Clause: Evasion items are banned\n|rule|Evasion Moves Clause: Evasion moves are banned\n|rule|Endless Battle Clause: Forcing endless battles is banned\n|rule|HP Percentage Mod: HP is shown in percentages\n|clearpoke\n|poke|p1|Clefable, M|\n|poke|p1|Corviknight, F|\n|poke|p1|Clodsire, M|\n|poke|p1|Quaquaval, F|\n|poke|p1|Garganacl, M|\n|poke|p1|Ninetales-Alola, M|\n|poke|p2|Chansey, F|\n|poke|p2|Dudunsparce-*, M|\n|poke|p2|Meloetta|\n|poke|p2|Sawsbuck-Winter, M|\n|poke|p2|Hoopa-Unbound|\n|poke|p2|Toedscruel, M|\n|teampreview\n|\n|t:|1700836718\n|start\n|switch|p1a: Clodsire|Clodsire, M|100\/100\n|switch|p2a: Hoopa|Hoopa-Unbound|100\/100\n|turn|1\n|\n|t:|1700836729\n|switch|p1a: Corviknight|Corviknight, F, shiny|100\/100\n|-ability|p1a: Corviknight|Pressure\n|move|p2a: Hoopa|Nasty Plot|p2a: Hoopa\n|-boost|p2a: Hoopa|spa|2\n|\n|upkeep\n|turn|2\n|\n|t:|1700836747\n|switch|p1a: Clefable|Clefable, M, shiny|100\/100\n|-terastallize|p2a: Hoopa|Poison\n|move|p2a: Hoopa|Focus Blast|p1a: Clefable\n|-resisted|p1a: Clefable\n|-damage|p1a: Clefable|69\/100\n|\n|-heal|p1a: Clefable|75\/100|[from] item: Leftovers\n|upkeep\n|turn|3\n|\n|t:|1700836757\n|move|p2a: Hoopa|Focus Blast|p1a: Clefable\n|-resisted|p1a: Clefable\n|-damage|p1a: Clefable|38\/100\n|move|p1a: Clefable|Thunder Wave|p2a: Hoopa|[miss]\n|-miss|p1a: Clefable|p2a: Hoopa\n|\n|-heal|p1a: Clefable|44\/100|[from] item: Leftovers\n|upkeep\n|turn|4\n|\n|t:|1700836768\n|move|p1a: Clefable|Protect|p1a: Clefable\n|-singleturn|p1a: Clefable|Protect\n|move|p2a: Hoopa|Psychic|p1a: Clefable\n|-activate|p1a: Clefable|move: Protect\n|\n|-heal|p1a: Clefable|50\/100|[from] item: Leftovers\n|upkeep\n|turn|5\n|\n|t:|1700836777\n|move|p2a: Hoopa|Focus Blast|p1a: Clefable\n|-resisted|p1a: Clefable\n|-damage|p1a: Clefable|19\/100\n|move|p1a: Clefable|Wish|p1a: Clefable\n|\n|-heal|p1a: Clefable|25\/100|[from] item: Leftovers\n|upkeep\n|turn|6\n|\n|t:|1700836785\n|move|p1a: Clefable|Protect|p1a: Clefable\n|-singleturn|p1a: Clefable|Protect\n|move|p2a: Hoopa|Focus Blast|p1a: Clefable\n|-activate|p1a: Clefable|move: Protect\n|\n|-heal|p1a: Clefable|75\/100|[from] move: Wish|[wisher] Clefable\n|-heal|p1a: Clefable|81\/100|[from] item: Leftovers\n|upkeep\n|turn|7\n|\n|t:|1700836795\n|move|p2a: Hoopa|Focus Blast|p1a: Clefable\n|-resisted|p1a: Clefable\n|-damage|p1a: Clefable|48\/100\n|move|p1a: Clefable|Thunder Wave|p2a: Hoopa\n|-status|p2a: Hoopa|par\n|\n|-heal|p1a: Clefable|54\/100|[from] item: Leftovers\n|upkeep\n|turn|8\n|\n|t:|1700836804\n|move|p1a: Clefable|Wish|p1a: Clefable\n|cant|p2a: Hoopa|par\n|\n|-heal|p1a: Clefable|60\/100|[from] item: Leftovers\n|upkeep\n|turn|9\n|\n|t:|1700836816\n|switch|p1a: Clodsire|Clodsire, M|100\/100\n|move|p2a: Hoopa|Nasty Plot|p2a: Hoopa\n|-boost|p2a: Hoopa|spa|2\n|\n|upkeep\n|turn|10\n|\n|t:|1700836823\n|move|p2a: Hoopa|Psychic|p1a: Clodsire\n|-supereffective|p1a: Clodsire\n|-damage|p1a: Clodsire|36\/100\n|move|p1a: Clodsire|Earthquake|p2a: Hoopa\n|-supereffective|p2a: Hoopa\n|-damage|p2a: Hoopa|15\/100 par\n|\n|-heal|p1a: Clodsire|42\/100|[from] item: Black Sludge\n|upkeep\n|turn|11\n|\n|t:|1700836833\n|switch|p1a: Clefable|Clefable, M, shiny|60\/100\n|move|p2a: Hoopa|Psychic|p1a: Clefable\n|-damage|p1a: Clefable|0 fnt\n|faint|p1a: Clefable\n|\n|upkeep\n|\n|t:|1700836842\n|switch|p1a: Quaquaval|Quaquaval, F|100\/100\n|turn|12\n|\n|t:|1700836856\n|switch|p2a: Dudunsparce|Dudunsparce-Three-Segment, M, shiny|100\/100\n|move|p1a: Quaquaval|Aqua Jet|p2a: Dudunsparce\n|-crit|p2a: Dudunsparce\n|-damage|p2a: Dudunsparce|67\/100\n|\n|-heal|p2a: Dudunsparce|73\/100|[from] item: Leftovers\n|upkeep\n|turn|13\n|\n|t:|1700836866\n|move|p1a: Quaquaval|Close Combat|p2a: Dudunsparce\n|-supereffective|p2a: Dudunsparce\n|-damage|p2a: Dudunsparce|0 fnt\n|-unboost|p1a: Quaquaval|def|1\n|-unboost|p1a: Quaquaval|spd|1\n|faint|p2a: Dudunsparce\n|-ability|p1a: Quaquaval|Moxie|boost\n|-boost|p1a: Quaquaval|atk|1\n|\n|upkeep\n|\n|t:|1700836875\n|switch|p2a: Meloetta|Meloetta|100\/100\n|turn|14\n|\n|t:|1700836886\n|switch|p1a: Ninetales|Ninetales-Alola, M|100\/100\n|-weather|Snow|[from] ability: Snow Warning|[of] p1a: Ninetales\n|move|p2a: Meloetta|Relic Song|p1a: Ninetales\n|-damage|p1a: Ninetales|71\/100\n|-formechange|p2a: Meloetta|Meloetta-Pirouette|[msg]\n|\n|-weather|Snow|[upkeep]\n|upkeep\n|turn|15\n|\n|t:|1700836896\n|move|p2a: Meloetta|Relic Song|p1a: Ninetales\n|-crit|p1a: Ninetales\n|-damage|p1a: Ninetales|46\/100\n|-status|p1a: Ninetales|slp|[from] move: Relic Song\n|-formechange|p2a: Meloetta|Meloetta|[msg]\n|cant|p1a: Ninetales|slp\n|\n|-weather|Snow|[upkeep]\n|upkeep\n|turn|16\n|\n|t:|1700836909\n|move|p2a: Meloetta|Relic Song|p1a: Ninetales\n|-damage|p1a: Ninetales|17\/100 slp\n|-formechange|p2a: Meloetta|Meloetta-Pirouette|[msg]\n|-curestatus|p1a: Ninetales|slp|[msg]\n|move|p1a: Ninetales|Roar|p2a: Meloetta\n|drag|p2a: Sawsbuck|Sawsbuck-Winter, M|100\/100\n|\n|-weather|Snow|[upkeep]\n|upkeep\n|turn|17\n|\n|t:|1700836923\n|move|p1a: Ninetales|Aurora Veil|p1a: Ninetales\n|-sidestart|p1: Lionecio|move: Aurora Veil\n|move|p2a: Sawsbuck|Horn Leech|p1a: Ninetales\n|-damage|p1a: Ninetales|3\/100\n|\n|-weather|Snow|[upkeep]\n|upkeep\n|turn|18\n|\n|t:|1700836931\n|switch|p1a: Corviknight|Corviknight, F, shiny|100\/100\n|-ability|p1a: Corviknight|Pressure\n|move|p2a: Sawsbuck|Horn Leech|p1a: Corviknight\n|-resisted|p1a: Corviknight\n|-damage|p1a: Corviknight|98\/100\n|-damage|p2a: Sawsbuck|84\/100|[from] item: Rocky Helmet|[of] p1a: Corviknight\n|\n|-weather|none\n|upkeep\n|turn|19\n|\n|t:|1700836945\n|switch|p2a: Hoopa|Hoopa-Unbound, tera:Poison|15\/100 par\n|move|p1a: Corviknight|Bulk Up|p1a: Corviknight\n|-boost|p1a: Corviknight|atk|1\n|-boost|p1a: Corviknight|def|1\n|\n|upkeep\n|turn|20\n|\n|t:|1700836953\n|move|p1a: Corviknight|Brave Bird|p2a: Hoopa\n|-damage|p2a: Hoopa|0 fnt\n|faint|p2a: Hoopa\n|-damage|p1a: Corviknight|94\/100|[from] Recoil\n|\n|upkeep\n|\n|t:|1700836962\n|switch|p2a: Toedscruel|Toedscruel, M|100\/100\n|turn|21\n|\n|t:|1700836966\n|move|p1a: Corviknight|Brave Bird|p2a: Toedscruel\n|-supereffective|p2a: Toedscruel\n|-damage|p2a: Toedscruel|0 fnt\n|faint|p2a: Toedscruel\n|-damage|p1a: Corviknight|70\/100|[from] Recoil\n|\n|upkeep\n|-message|Ms CheeseCake forfeited.\n|\n|win|Lionecio\n|raw|Lionecio's rating: 1000 &rarr; <strong>1043<\/strong><br \/>(+43 for winning)\n|raw|Ms CheeseCake's rating: 1028 &rarr; <strong>1013<\/strong><br \/>(-15 for losing)\n|l|\u2606Ms CheeseCake\n","uploadtime":1700836977,"views":2,"p1id":"lionecio","p2id":"mscheesecake","formatid":"gen9ou","rating":1013,"private":0,"password":""}