{"id":"gen9ou-1991214204","p1":"Pakiko2","p2":"Beile","format":"[Gen 9] OU","log":"|j|\u2606Pakiko2\n|j|\u2606Beile\n|t:|1700057879\n|gametype|singles\n|player|p1|Pakiko2|cynthia|1604\n|player|p2|Beile|169|1531\n|teamsize|p1|6\n|teamsize|p2|6\n|gen|9\n|tier|[Gen 9] OU\n|rated|\n|rule|Sleep Clause Mod: Limit one foe put to sleep\n|rule|Species Clause: Limit one of each Pok\u00e9mon\n|rule|OHKO Clause: OHKO moves are banned\n|rule|Evasion Items Clause: Evasion items are banned\n|rule|Evasion Moves Clause: Evasion moves are banned\n|rule|Endless Battle Clause: Forcing endless battles is banned\n|rule|HP Percentage Mod: HP is shown in percentages\n|clearpoke\n|poke|p1|Arcanine-Hisui, F|\n|poke|p1|Iron Valiant|\n|poke|p1|Mandibuzz, F|\n|poke|p1|Clodsire, F|\n|poke|p1|Dragapult, M|\n|poke|p1|Manaphy|\n|poke|p2|Alomomola, F|\n|poke|p2|Slowking-Galar, F|\n|poke|p2|Kingambit, F|\n|poke|p2|Great Tusk|\n|poke|p2|Cinderace, F|\n|poke|p2|Thundurus-Therian, M|\n|teampreview\n|inactive|Battle timer is ON: inactive players will automatically lose when time's up. (requested by Pakiko2)\n|\n|t:|1700057919\n|start\n|switch|p1a: Dragapult|Dragapult, M|100\/100\n|switch|p2a: Slowking|Slowking-Galar, F|100\/100\n|turn|1\n|\n|t:|1700057927\n|move|p1a: Dragapult|Substitute|p1a: Dragapult\n|-start|p1a: Dragapult|Substitute\n|-damage|p1a: Dragapult|76\/100\n|move|p2a: Slowking|Future Sight|p1a: Dragapult\n|-start|p2a: Slowking|move: Future Sight\n|\n|-heal|p1a: Dragapult|82\/100|[from] item: Leftovers\n|upkeep\n|turn|2\n|\n|t:|1700057930\n|move|p1a: Dragapult|Dragon Dance|p1a: Dragapult\n|-boost|p1a: Dragapult|atk|1\n|-boost|p1a: Dragapult|spe|1\n|move|p2a: Slowking|Ice Beam|p1a: Dragapult\n|-supereffective|p1a: Dragapult\n|-end|p1a: Dragapult|Substitute\n|\n|-heal|p1a: Dragapult|88\/100|[from] item: Leftovers\n|upkeep\n|turn|3\n|\n|t:|1700057940\n|move|p1a: Dragapult|Phantom Force||[still]\n|-prepare|p1a: Dragapult|Phantom Force\n|move|p2a: Slowking|Ice Beam|p1a: Dragapult|[miss]|[miss]\n|-miss|p2a: Slowking|p1a: Dragapult\n|\n|-end|p1a: Dragapult|move: Future Sight\n|-miss|p2a: Slowking|p1a: Dragapult\n|-heal|p1a: Dragapult|94\/100|[from] item: Leftovers\n|upkeep\n|turn|4\n|\n|t:|1700057957\n|switch|p2a: Great Tusk|Great Tusk|100\/100\n|move|p1a: Dragapult|Phantom Force|p2a: Great Tusk|[from]lockedmove\n|-damage|p2a: Great Tusk|46\/100\n|-damage|p1a: Dragapult|77\/100|[from] item: Rocky Helmet|[of] p2a: Great Tusk\n|\n|-heal|p1a: Dragapult|83\/100|[from] item: Leftovers\n|upkeep\n|turn|5\n|\n|t:|1700057969\n|move|p1a: Dragapult|Substitute|p1a: Dragapult\n|-start|p1a: Dragapult|Substitute\n|-damage|p1a: Dragapult|58\/100\n|move|p2a: Great Tusk|Stealth Rock|p1a: Dragapult\n|-sidestart|p1: Pakiko2|move: Stealth Rock\n|\n|-heal|p1a: Dragapult|64\/100|[from] item: Leftovers\n|upkeep\n|turn|6\n|\n|t:|1700057979\n|move|p1a: Dragapult|Dragon Darts|p2a: Great Tusk\n|-damage|p2a: Great Tusk|14\/100\n|-anim|p1a: Dragapult|Dragon Darts|p2a: Great Tusk\n|-damage|p2a: Great Tusk|0 fnt\n|faint|p2a: Great Tusk\n|-end|p2a: Great Tusk|Protosynthesis|[silent]\n|\n|-heal|p1a: Dragapult|70\/100|[from] item: Leftovers\n|upkeep\n|\n|t:|1700057984\n|switch|p2a: Alomomola|Alomomola, F|100\/100\n|turn|7\n|\n|t:|1700057988\n|move|p1a: Dragapult|Dragon Dance|p1a: Dragapult\n|-boost|p1a: Dragapult|atk|1\n|-boost|p1a: Dragapult|spe|1\n|move|p2a: Alomomola|Flip Turn|p1a: Dragapult\n|-resisted|p1a: Dragapult\n|-activate|p1a: Dragapult|move: Substitute|[damage]\n|\n|t:|1700057996\n|switch|p2a: Slowking|Slowking-Galar, F|100\/100|[from] Flip Turn\n|\n|-heal|p1a: Dragapult|76\/100|[from] item: Leftovers\n|upkeep\n|turn|8\n|\n|t:|1700058000\n|move|p1a: Dragapult|Dragon Darts|p2a: Slowking\n|-damage|p2a: Slowking|42\/100\n|-anim|p1a: Dragapult|Dragon Darts|p2a: Slowking\n|-damage|p2a: Slowking|0 fnt\n|faint|p2a: Slowking\n|\n|-heal|p1a: Dragapult|82\/100|[from] item: Leftovers\n|upkeep\n|-message|Beile forfeited.\n|\n|win|Pakiko2\n|raw|Pakiko2's rating: 1604 &rarr; <strong>1620<\/strong><br \/>(+16 for winning)\n|raw|Beile's rating: 1531 &rarr; <strong>1515<\/strong><br \/>(-16 for losing)\n|l|\u2606Beile\n|c|\u2606Pakiko2|Kingambit???\n|j| No Nice Names Left\n|l|\u2606Pakiko2\n","uploadtime":1700058397,"views":5,"p1id":"pakiko2","p2id":"beile","formatid":"gen9ou","rating":1515,"private":0,"password":""}