{"id":"gen9ou-1992355762","p1":"new hole city","p2":"The Carkol Rider","format":"[Gen 9] OU","log":"|j|\u2606new hole city\n|j|\u2606The Carkol Rider\n|t:|1700178118\n|gametype|singles\n|player|p1|new hole city|flannery|1533\n|player|p2|The Carkol Rider|grimsley|1783\n|teamsize|p1|6\n|teamsize|p2|6\n|gen|9\n|tier|[Gen 9] OU\n|rated|\n|rule|Sleep Clause Mod: Limit one foe put to sleep\n|rule|Species Clause: Limit one of each Pok\u00e9mon\n|rule|OHKO Clause: OHKO moves are banned\n|rule|Evasion Items Clause: Evasion items are banned\n|rule|Evasion Moves Clause: Evasion moves are banned\n|rule|Endless Battle Clause: Forcing endless battles is banned\n|rule|HP Percentage Mod: HP is shown in percentages\n|clearpoke\n|poke|p1|Rillaboom, F|\n|poke|p1|Garganacl, F|\n|poke|p1|Great Tusk|\n|poke|p1|Heatran, M|\n|poke|p1|Zapdos|\n|poke|p1|Walking Wake|\n|poke|p2|Kingambit, F|\n|poke|p2|Great Tusk|\n|poke|p2|Thundurus-Therian, M|\n|poke|p2|Slowking-Galar, F|\n|poke|p2|Cinderace, F|\n|poke|p2|Alomomola, F|\n|teampreview\n|\n|t:|1700178185\n|start\n|switch|p1a: Heatran|Heatran, M|100\/100\n|switch|p2a: Thundurus|Thundurus-Therian, M|100\/100\n|turn|1\n|\n|t:|1700178191\n|move|p2a: Thundurus|Knock Off|p1a: Heatran\n|-damage|p1a: Heatran|83\/100\n|-enditem|p1a: Heatran|Leftovers|[from] move: Knock Off|[of] p2a: Thundurus\n|move|p1a: Heatran|Magma Storm|p2a: Thundurus\n|-damage|p2a: Thundurus|36\/100\n|-activate|p2a: Thundurus|move: Magma Storm|[of] p1a: Heatran\n|\n|-damage|p2a: Thundurus|24\/100|[from] move: Magma Storm|[partiallytrapped]\n|upkeep\n|turn|2\n|\n|t:|1700178200\n|move|p2a: Thundurus|Knock Off|p1a: Heatran\n|-damage|p1a: Heatran|71\/100\n|move|p1a: Heatran|Stealth Rock|p2a: Thundurus\n|-sidestart|p2: The Carkol Rider|move: Stealth Rock\n|\n|-damage|p2a: Thundurus|12\/100|[from] move: Magma Storm|[partiallytrapped]\n|upkeep\n|turn|3\n|\n|t:|1700178208\n|move|p2a: Thundurus|Knock Off|p1a: Heatran\n|-damage|p1a: Heatran|59\/100\n|move|p1a: Heatran|Magma Storm|p2a: Thundurus\n|-damage|p2a: Thundurus|0 fnt\n|faint|p2a: Thundurus\n|\n|upkeep\n|\n|t:|1700178210\n|switch|p2a: Great Tusk|Great Tusk|100\/100\n|-damage|p2a: Great Tusk|98\/100|[from] Stealth Rock\n|turn|4\n|j| HotheadIsTheGoat\n|\n|t:|1700178220\n|switch|p1a: Great Tusk|Great Tusk|100\/100\n|move|p2a: Great Tusk|Rapid Spin|p1a: Great Tusk\n|-damage|p1a: Great Tusk|90\/100\n|-boost|p2a: Great Tusk|spe|1\n|-sideend|p2: The Carkol Rider|Stealth Rock|[from] move: Rapid Spin|[of] p2a: Great Tusk\n|\n|-heal|p1a: Great Tusk|96\/100|[from] item: Leftovers\n|upkeep\n|turn|5\n|l| HotheadIsTheGoat\n|\n|t:|1700178235\n|move|p2a: Great Tusk|Stealth Rock|p1a: Great Tusk\n|-sidestart|p1: new hole city|move: Stealth Rock\n|move|p1a: Great Tusk|Bulk Up|p1a: Great Tusk\n|-boost|p1a: Great Tusk|atk|1\n|-boost|p1a: Great Tusk|def|1\n|\n|-heal|p1a: Great Tusk|100\/100|[from] item: Leftovers\n|upkeep\n|turn|6\n|\n|t:|1700178242\n|-end|p2a: Great Tusk|Protosynthesis|[silent]\n|switch|p2a: Alomomola|Alomomola, F|100\/100\n|move|p1a: Great Tusk|Rapid Spin|p2a: Alomomola\n|-crit|p2a: Alomomola\n|-damage|p2a: Alomomola|82\/100\n|-boost|p1a: Great Tusk|spe|1\n|-sideend|p1: new hole city|Stealth Rock|[from] move: Rapid Spin|[of] p1a: Great Tusk\n|-enditem|p2a: Alomomola|Red Card|[of] p1a: Great Tusk\n|-end|p1a: Great Tusk|Protosynthesis|[silent]\n|drag|p1a: Garganacl|Garganacl, F|100\/100\n|\n|upkeep\n|turn|7\n|\n|t:|1700178249\n|move|p2a: Alomomola|Flip Turn|p1a: Garganacl\n|-supereffective|p1a: Garganacl\n|-damage|p1a: Garganacl|79\/100\n|\n|t:|1700178255\n|switch|p2a: Great Tusk|Great Tusk|98\/100|[from] Flip Turn\n|move|p1a: Garganacl|Salt Cure|p2a: Great Tusk\n|-resisted|p2a: Great Tusk\n|-damage|p2a: Great Tusk|95\/100\n|-start|p2a: Great Tusk|Salt Cure\n|\n|-heal|p1a: Garganacl|85\/100|[from] item: Leftovers\n|-damage|p2a: Great Tusk|83\/100|[from] Salt Cure\n|upkeep\n|turn|8\n|\n|t:|1700178265\n|switch|p1a: Great Tusk|Great Tusk|100\/100\n|move|p2a: Great Tusk|Stealth Rock|p1a: Great Tusk\n|-sidestart|p1: new hole city|move: Stealth Rock\n|\n|-damage|p2a: Great Tusk|70\/100|[from] Salt Cure\n|upkeep\n|turn|9\n|\n|t:|1700178275\n|move|p2a: Great Tusk|Ice Spinner|p1a: Great Tusk\n|-supereffective|p1a: Great Tusk\n|-damage|p1a: Great Tusk|68\/100\n|move|p1a: Great Tusk|Rapid Spin|p2a: Great Tusk\n|-damage|p2a: Great Tusk|60\/100\n|-boost|p1a: Great Tusk|spe|1\n|-damage|p1a: Great Tusk|51\/100|[from] item: Rocky Helmet|[of] p2a: Great Tusk\n|-sideend|p1: new hole city|Stealth Rock|[from] move: Rapid Spin|[of] p1a: Great Tusk\n|\n|-heal|p1a: Great Tusk|57\/100|[from] item: Leftovers\n|-damage|p2a: Great Tusk|48\/100|[from] Salt Cure\n|upkeep\n|turn|10\n|\n|t:|1700178286\n|-end|p2a: Great Tusk|Protosynthesis|[silent]\n|switch|p2a: Alomomola|Alomomola, F|100\/100\n|move|p1a: Great Tusk|Bulk Up|p1a: Great Tusk\n|-boost|p1a: Great Tusk|atk|1\n|-boost|p1a: Great Tusk|def|1\n|\n|-heal|p1a: Great Tusk|63\/100|[from] item: Leftovers\n|upkeep\n|turn|11\n|\n|t:|1700178294\n|-end|p1a: Great Tusk|Protosynthesis|[silent]\n|switch|p1a: Walking Wake|Walking Wake|100\/100\n|move|p2a: Alomomola|Scald|p1a: Walking Wake\n|-resisted|p1a: Walking Wake\n|-damage|p1a: Walking Wake|97\/100\n|\n|upkeep\n|turn|12\n|\n|t:|1700178301\n|move|p1a: Walking Wake|Draco Meteor|p2a: Alomomola\n|-damage|p2a: Alomomola|45\/100\n|-unboost|p1a: Walking Wake|spa|2\n|move|p2a: Alomomola|Flip Turn|p1a: Walking Wake\n|-resisted|p1a: Walking Wake\n|-damage|p1a: Walking Wake|92\/100\n|\n|t:|1700178309\n|switch|p2a: Kingambit|Kingambit, F|100\/100|[from] Flip Turn\n|-activate|p2a: Kingambit|ability: Supreme Overlord\n|-start|p2a: Kingambit|fallen1|[silent]\n|\n|upkeep\n|turn|13\n|\n|t:|1700178316\n|-end|p1a: Walking Wake|Protosynthesis|[silent]\n|switch|p1a: Great Tusk|Great Tusk|63\/100\n|move|p2a: Kingambit|Swords Dance|p2a: Kingambit\n|-boost|p2a: Kingambit|atk|2\n|\n|-heal|p1a: Great Tusk|70\/100|[from] item: Leftovers\n|upkeep\n|turn|14\n|\n|t:|1700178321\n|-terastallize|p2a: Kingambit|Flying\n|move|p1a: Great Tusk|Headlong Rush|p2a: Kingambit\n|-immune|p2a: Kingambit\n|move|p2a: Kingambit|Swords Dance|p2a: Kingambit\n|-boost|p2a: Kingambit|atk|2\n|\n|-heal|p1a: Great Tusk|76\/100|[from] item: Leftovers\n|upkeep\n|turn|15\n|\n|t:|1700178326\n|move|p1a: Great Tusk|Ice Spinner|p2a: Kingambit\n|-supereffective|p2a: Kingambit\n|-damage|p2a: Kingambit|68\/100\n|move|p2a: Kingambit|Iron Head|p1a: Great Tusk\n|-damage|p1a: Great Tusk|0 fnt\n|faint|p1a: Great Tusk\n|-end|p1a: Great Tusk|Protosynthesis|[silent]\n|\n|-heal|p2a: Kingambit|74\/100|[from] item: Leftovers\n|upkeep\n|\n|t:|1700178335\n|switch|p1a: Zapdos|Zapdos|100\/100\n|turn|16\n|\n|t:|1700178340\n|move|p2a: Kingambit|Sucker Punch||[still]\n|-fail|p2a: Kingambit\n|move|p1a: Zapdos|Thunder Wave|p2a: Kingambit\n|-status|p2a: Kingambit|par\n|\n|-heal|p2a: Kingambit|81\/100 par|[from] item: Leftovers\n|upkeep\n|turn|17\n|\n|t:|1700178349\n|move|p2a: Kingambit|Sucker Punch|p1a: Zapdos\n|-damage|p1a: Zapdos|0 fnt\n|faint|p1a: Zapdos\n|\n|-heal|p2a: Kingambit|87\/100 par|[from] item: Leftovers\n|upkeep\n|\n|t:|1700178364\n|switch|p1a: Walking Wake|Walking Wake|92\/100\n|turn|18\n|\n|t:|1700178377\n|move|p2a: Kingambit|Sucker Punch|p1a: Walking Wake\n|-damage|p1a: Walking Wake|0 fnt\n|faint|p1a: Walking Wake\n|-end|p1a: Walking Wake|Protosynthesis|[silent]\n|\n|-heal|p2a: Kingambit|93\/100 par|[from] item: Leftovers\n|upkeep\n|j| Another Brazy\n|\n|t:|1700178407\n|switch|p1a: Heatran|Heatran, M|59\/100\n|turn|19\n|\n|t:|1700178420\n|move|p1a: Heatran|Magma Storm|p2a: Kingambit\n|-damage|p2a: Kingambit|53\/100 par\n|-activate|p2a: Kingambit|move: Magma Storm|[of] p1a: Heatran\n|cant|p2a: Kingambit|par\n|\n|-heal|p2a: Kingambit|60\/100 par|[from] item: Leftovers\n|-damage|p2a: Kingambit|47\/100 par|[from] move: Magma Storm|[partiallytrapped]\n|upkeep\n|turn|20\n|\n|t:|1700178457\n|move|p1a: Heatran|Magma Storm|p2a: Kingambit\n|-damage|p2a: Kingambit|4\/100 par\n|cant|p2a: Kingambit|par\n|\n|-heal|p2a: Kingambit|10\/100 par|[from] item: Leftovers\n|-damage|p2a: Kingambit|0 fnt|[from] move: Magma Storm|[partiallytrapped]\n|faint|p2a: Kingambit\n|-end|p2a: Kingambit|fallen1|[silent]\n|upkeep\n|\n|t:|1700178465\n|switch|p2a: Great Tusk|Great Tusk|48\/100\n|turn|21\n|\n|t:|1700178473\n|move|p2a: Great Tusk|Headlong Rush|p1a: Heatran\n|-supereffective|p1a: Heatran\n|-damage|p1a: Heatran|0 fnt\n|-unboost|p2a: Great Tusk|def|1\n|-unboost|p2a: Great Tusk|spd|1\n|faint|p1a: Heatran\n|\n|upkeep\n|\n|t:|1700178477\n|switch|p1a: Rillaboom|Rillaboom, F|100\/100\n|-fieldstart|move: Grassy Terrain|[from] ability: Grassy Surge|[of] p1a: Rillaboom\n|turn|22\n|\n|t:|1700178485\n|-end|p2a: Great Tusk|Protosynthesis|[silent]\n|switch|p2a: Slowking|Slowking-Galar, F|100\/100\n|move|p1a: Rillaboom|U-turn|p2a: Slowking\n|-damage|p2a: Slowking|59\/100\n|\n|t:|1700178490\n|switch|p1a: Garganacl|Garganacl, F|85\/100|[from] U-turn\n|\n|-heal|p1a: Garganacl|91\/100|[from] Grassy Terrain\n|-heal|p1a: Garganacl|98\/100|[from] item: Leftovers\n|-heal|p2a: Slowking|65\/100|[from] Grassy Terrain\n|upkeep\n|turn|23\n|\n|t:|1700178500\n|move|p1a: Garganacl|Iron Defense|p1a: Garganacl\n|-boost|p1a: Garganacl|def|2\n|move|p2a: Slowking|Chilly Reception|p2a: Slowking\n|-weather|Snow\n|\n|t:|1700178512\n|switch|p2a: Great Tusk|Great Tusk|48\/100|[from] Chilly Reception\n|\n|-weather|Snow|[upkeep]\n|-heal|p2a: Great Tusk|54\/100|[from] Grassy Terrain\n|-heal|p1a: Garganacl|100\/100|[from] Grassy Terrain\n|upkeep\n|turn|24\n|j| ddytyttycvcvhjhjh\n|\n|t:|1700178555\n|-terastallize|p1a: Garganacl|Fairy\n|move|p2a: Great Tusk|Headlong Rush|p1a: Garganacl\n|-damage|p1a: Garganacl|79\/100\n|-unboost|p2a: Great Tusk|def|1\n|-unboost|p2a: Great Tusk|spd|1\n|move|p1a: Garganacl|Iron Defense|p1a: Garganacl\n|-boost|p1a: Garganacl|def|2\n|\n|-weather|Snow|[upkeep]\n|-heal|p2a: Great Tusk|60\/100|[from] Grassy Terrain\n|-heal|p1a: Garganacl|85\/100|[from] Grassy Terrain\n|-heal|p1a: Garganacl|92\/100|[from] item: Leftovers\n|upkeep\n|turn|25\n|\n|t:|1700178568\n|-end|p2a: Great Tusk|Protosynthesis|[silent]\n|switch|p2a: Alomomola|Alomomola, F|78\/100\n|move|p1a: Garganacl|Salt Cure|p2a: Alomomola\n|-damage|p2a: Alomomola|70\/100\n|-start|p2a: Alomomola|Salt Cure\n|\n|-weather|Snow|[upkeep]\n|-heal|p2a: Alomomola|76\/100|[from] Grassy Terrain\n|-heal|p1a: Garganacl|98\/100|[from] Grassy Terrain\n|-heal|p1a: Garganacl|100\/100|[from] item: Leftovers\n|-damage|p2a: Alomomola|51\/100|[from] Salt Cure\n|upkeep\n|turn|26\n|\n|t:|1700178580\n|move|p2a: Alomomola|Scald|p1a: Garganacl\n|-damage|p1a: Garganacl|91\/100\n|move|p1a: Garganacl|Iron Defense|p1a: Garganacl\n|-boost|p1a: Garganacl|def|2\n|\n|-weather|Snow|[upkeep]\n|-heal|p2a: Alomomola|57\/100|[from] Grassy Terrain\n|-heal|p1a: Garganacl|98\/100|[from] Grassy Terrain\n|-heal|p1a: Garganacl|100\/100|[from] item: Leftovers\n|-damage|p2a: Alomomola|33\/100|[from] Salt Cure\n|-fieldend|move: Grassy Terrain\n|upkeep\n|turn|27\n|\n|t:|1700178586\n|move|p2a: Alomomola|Scald|p1a: Garganacl\n|-damage|p1a: Garganacl|90\/100\n|move|p1a: Garganacl|Body Press|p2a: Alomomola\n|-damage|p2a: Alomomola|0 fnt\n|faint|p2a: Alomomola\n|\n|-weather|none\n|-heal|p1a: Garganacl|97\/100|[from] item: Leftovers\n|upkeep\n|\n|t:|1700178589\n|switch|p2a: Slowking|Slowking-Galar, F|98\/100\n|turn|28\n|\n|t:|1700178596\n|move|p1a: Garganacl|Salt Cure|p2a: Slowking\n|-damage|p2a: Slowking|84\/100\n|-start|p2a: Slowking|Salt Cure\n|move|p2a: Slowking|Future Sight|p1a: Garganacl\n|-start|p2a: Slowking|move: Future Sight\n|\n|-heal|p1a: Garganacl|100\/100|[from] item: Leftovers\n|-damage|p2a: Slowking|72\/100|[from] Salt Cure\n|upkeep\n|turn|29\n|\n|t:|1700178606\n|move|p1a: Garganacl|Body Press|p2a: Slowking\n|-resisted|p2a: Slowking\n|-damage|p2a: Slowking|46\/100\n|move|p2a: Slowking|Sludge Bomb|p1a: Garganacl\n|-supereffective|p1a: Garganacl\n|-damage|p1a: Garganacl|53\/100\n|\n|-heal|p1a: Garganacl|60\/100|[from] item: Leftovers\n|-damage|p2a: Slowking|34\/100|[from] Salt Cure\n|upkeep\n|turn|30\n|\n|t:|1700178624\n|move|p1a: Garganacl|Recover|p1a: Garganacl\n|-heal|p1a: Garganacl|100\/100\n|move|p2a: Slowking|Sludge Bomb|p1a: Garganacl\n|-supereffective|p1a: Garganacl\n|-damage|p1a: Garganacl|55\/100\n|\n|-end|p1a: Garganacl|move: Future Sight\n|-damage|p1a: Garganacl|26\/100\n|-heal|p1a: Garganacl|32\/100|[from] item: Leftovers\n|-damage|p2a: Slowking|21\/100|[from] Salt Cure\n|upkeep\n|turn|31\n|\n|t:|1700178634\n|move|p1a: Garganacl|Recover|p1a: Garganacl\n|-heal|p1a: Garganacl|82\/100\n|move|p2a: Slowking|Future Sight|p1a: Garganacl\n|-start|p2a: Slowking|move: Future Sight\n|\n|-heal|p1a: Garganacl|89\/100|[from] item: Leftovers\n|-damage|p2a: Slowking|9\/100|[from] Salt Cure\n|upkeep\n|turn|32\n|\n|t:|1700178641\n|switch|p2a: Great Tusk|Great Tusk|60\/100\n|move|p1a: Garganacl|Body Press|p2a: Great Tusk\n|-damage|p2a: Great Tusk|0 fnt\n|-damage|p1a: Garganacl|72\/100|[from] item: Rocky Helmet|[of] p2a: Great Tusk\n|faint|p2a: Great Tusk\n|-end|p2a: Great Tusk|Protosynthesis|[silent]\n|\n|-heal|p1a: Garganacl|78\/100|[from] item: Leftovers\n|upkeep\n|\n|t:|1700178643\n|switch|p2a: Slowking|Slowking-Galar, F|42\/100\n|turn|33\n|\n|t:|1700178652\n|move|p1a: Garganacl|Recover|p1a: Garganacl\n|-heal|p1a: Garganacl|100\/100\n|move|p2a: Slowking|Sludge Bomb|p1a: Garganacl\n|-supereffective|p1a: Garganacl\n|-crit|p1a: Garganacl\n|-damage|p1a: Garganacl|33\/100\n|\n|-end|p1a: Garganacl|move: Future Sight\n|-damage|p1a: Garganacl|4\/100\n|-heal|p1a: Garganacl|11\/100|[from] item: Leftovers\n|upkeep\n|turn|34\n|\n|t:|1700178657\n|move|p1a: Garganacl|Recover|p1a: Garganacl\n|-heal|p1a: Garganacl|61\/100\n|move|p2a: Slowking|Sludge Bomb|p1a: Garganacl\n|-supereffective|p1a: Garganacl\n|-damage|p1a: Garganacl|15\/100\n|\n|-heal|p1a: Garganacl|21\/100|[from] item: Leftovers\n|upkeep\n|turn|35\n|\n|t:|1700178670\n|move|p1a: Garganacl|Recover|p1a: Garganacl\n|-heal|p1a: Garganacl|71\/100\n|move|p2a: Slowking|Future Sight|p1a: Garganacl\n|-start|p2a: Slowking|move: Future Sight\n|\n|-heal|p1a: Garganacl|78\/100|[from] item: Leftovers\n|upkeep\n|turn|36\n|\n|t:|1700178676\n|move|p1a: Garganacl|Salt Cure|p2a: Slowking\n|-damage|p2a: Slowking|27\/100\n|-start|p2a: Slowking|Salt Cure\n|move|p2a: Slowking|Sludge Bomb|p1a: Garganacl\n|-supereffective|p1a: Garganacl\n|-damage|p1a: Garganacl|31\/100\n|\n|-heal|p1a: Garganacl|37\/100|[from] item: Leftovers\n|-damage|p2a: Slowking|14\/100|[from] Salt Cure\n|upkeep\n|turn|37\n|\n|t:|1700178685\n|move|p1a: Garganacl|Recover|p1a: Garganacl\n|-heal|p1a: Garganacl|87\/100\n|move|p2a: Slowking|Sludge Bomb|p1a: Garganacl\n|-supereffective|p1a: Garganacl\n|-damage|p1a: Garganacl|38\/100\n|\n|-end|p1a: Garganacl|move: Future Sight\n|-damage|p1a: Garganacl|8\/100\n|-heal|p1a: Garganacl|14\/100|[from] item: Leftovers\n|-damage|p2a: Slowking|2\/100|[from] Salt Cure\n|upkeep\n|turn|38\n|\n|t:|1700178696\n|switch|p2a: Cinderace|Cinderace, F|100\/100\n|move|p1a: Garganacl|Recover|p1a: Garganacl\n|-heal|p1a: Garganacl|64\/100\n|\n|-heal|p1a: Garganacl|70\/100|[from] item: Leftovers\n|upkeep\n|turn|39\n|\n|t:|1700178703\n|move|p2a: Cinderace|U-turn|p1a: Garganacl\n|-resisted|p1a: Garganacl\n|-damage|p1a: Garganacl|68\/100\n|\n|t:|1700178705\n|switch|p2a: Slowking|Slowking-Galar, F|35\/100|[from] U-turn\n|move|p1a: Garganacl|Body Press|p2a: Slowking\n|-resisted|p2a: Slowking\n|-damage|p2a: Slowking|10\/100\n|\n|-heal|p1a: Garganacl|74\/100|[from] item: Leftovers\n|upkeep\n|turn|40\n|\n|t:|1700178713\n|switch|p2a: Cinderace|Cinderace, F|100\/100\n|move|p1a: Garganacl|Body Press|p2a: Cinderace\n|-damage|p2a: Cinderace|0 fnt\n|faint|p2a: Cinderace\n|\n|-heal|p1a: Garganacl|80\/100|[from] item: Leftovers\n|upkeep\n|-message|The Carkol Rider forfeited.\n|\n|win|new hole city\n|raw|new hole city's rating: 1533 &rarr; <strong>1565<\/strong><br \/>(+32 for winning)\n|raw|The Carkol Rider's rating: 1783 &rarr; <strong>1751<\/strong><br \/>(-32 for losing)\n|l|\u2606The Carkol Rider\n|c|\u2606new hole city|gg\n","uploadtime":1700179137,"views":8,"p1id":"newholecity","p2id":"thecarkolrider","formatid":"gen9ou","rating":1565,"private":0,"password":""}