{"id":"gen9ou-1995743414","p1":"Gloryboykeef","p2":"Tokotorisaki","format":"[Gen 9] OU","log":"|j|\u2606Gloryboykeef\n|j|\u2606Tokotorisaki\n|t:|1700599032\n|gametype|singles\n|player|p1|Gloryboykeef|pilot|1101\n|player|p2|Tokotorisaki|caitlin-masters|1189\n|teamsize|p1|6\n|teamsize|p2|6\n|gen|9\n|tier|[Gen 9] OU\n|rated|\n|rule|Sleep Clause Mod: Limit one foe put to sleep\n|rule|Species Clause: Limit one of each Pok\u00e9mon\n|rule|OHKO Clause: OHKO moves are banned\n|rule|Evasion Items Clause: Evasion items are banned\n|rule|Evasion Moves Clause: Evasion moves are banned\n|rule|Endless Battle Clause: Forcing endless battles is banned\n|rule|HP Percentage Mod: HP is shown in percentages\n|clearpoke\n|poke|p1|Pelipper, F|\n|poke|p1|Walking Wake|\n|poke|p1|Great Tusk|\n|poke|p1|Thundurus-Therian, M|\n|poke|p1|Barraskewda, F|\n|poke|p1|Jirachi|\n|poke|p2|Haxorus, F|\n|poke|p2|Espeon, F|\n|poke|p2|Salazzle, F|\n|poke|p2|Magnezone|\n|poke|p2|Dragapult, M|\n|poke|p2|Ting-Lu|\n|teampreview\n|inactive|Battle timer is ON: inactive players will automatically lose when time's up. (requested by Gloryboykeef)\n|\n|t:|1700599037\n|start\n|switch|p1a: King Von|Pelipper, F|100\/100\n|switch|p2a: Hatchet|Haxorus, F|100\/100\n|-ability|p2a: Hatchet|Mold Breaker\n|-weather|RainDance|[from] ability: Drizzle|[of] p1a: King Von\n|turn|1\n|\n|t:|1700599047\n|move|p2a: Hatchet|Outrage|p1a: King Von\n|-damage|p1a: King Von|18\/100\n|move|p1a: King Von|Hurricane|p2a: Hatchet\n|-damage|p2a: Hatchet|54\/100\n|\n|-weather|RainDance|[upkeep]\n|upkeep\n|turn|2\n|\n|t:|1700599052\n|move|p2a: Hatchet|Outrage|p1a: King Von|[from]lockedmove\n|-damage|p1a: King Von|0 fnt\n|faint|p1a: King Von\n|\n|-weather|RainDance|[upkeep]\n|upkeep\n|\n|t:|1700599065\n|switch|p1a: Lil Durk|Thundurus-Therian, M|100\/100\n|turn|3\n|\n|t:|1700599071\n|move|p1a: Lil Durk|Wildbolt Storm|p2a: Hatchet\n|-resisted|p2a: Hatchet\n|-damage|p2a: Hatchet|8\/100\n|-damage|p1a: Lil Durk|91\/100|[from] item: Life Orb\n|move|p2a: Hatchet|Outrage|p1a: Lil Durk|[from]lockedmove\n|-damage|p1a: Lil Durk|0 fnt\n|faint|p1a: Lil Durk\n|-start|p2a: Hatchet|confusion|[fatigue]\n|\n|-weather|RainDance|[upkeep]\n|upkeep\n|\n|t:|1700599075\n|switch|p1a: Lil Reese|Barraskewda, F, shiny|100\/100\n|turn|4\n|\n|t:|1700599086\n|switch|p2a: Fridge|Magnezone|100\/100\n|-item|p2a: Fridge|Air Balloon\n|move|p1a: Lil Reese|Waterfall|p2a: Fridge\n|-damage|p2a: Fridge|8\/100\n|-enditem|p2a: Fridge|Air Balloon\n|\n|-weather|RainDance|[upkeep]\n|upkeep\n|turn|5\n|\n|t:|1700599089\n|move|p1a: Lil Reese|Waterfall|p2a: Fridge\n|-damage|p2a: Fridge|0 fnt\n|faint|p2a: Fridge\n|\n|-weather|RainDance|[upkeep]\n|upkeep\n|\n|t:|1700599102\n|switch|p2a: Hatchet|Haxorus, F|8\/100\n|-ability|p2a: Hatchet|Mold Breaker\n|turn|6\n|\n|t:|1700599111\n|move|p2a: Hatchet|First Impression|p1a: Lil Reese\n|-damage|p1a: Lil Reese|0 fnt\n|faint|p1a: Lil Reese\n|\n|-weather|RainDance|[upkeep]\n|upkeep\n|\n|t:|1700599116\n|switch|p1a: Chief Keef|Walking Wake|100\/100\n|turn|7\n|\n|t:|1700599120\n|switch|p2a: Grudge|Ting-Lu|100\/100\n|-ability|p2a: Grudge|Vessel of Ruin\n|move|p1a: Chief Keef|Flip Turn|p2a: Grudge\n|-supereffective|p2a: Grudge\n|-damage|p2a: Grudge|74\/100\n|\n|t:|1700599124\n|-end|p1a: Chief Keef|Protosynthesis|[silent]\n|switch|p1a: Great Tusk|Great Tusk|100\/100|[from] Flip Turn\n|\n|-weather|RainDance|[upkeep]\n|-heal|p2a: Grudge|81\/100|[from] item: Leftovers\n|upkeep\n|turn|8\n|\n|t:|1700599131\n|switch|p2a: Alicia|Espeon, F|100\/100\n|move|p1a: Great Tusk|Close Combat|p2a: Alicia\n|-resisted|p2a: Alicia\n|-damage|p2a: Alicia|53\/100\n|-unboost|p1a: Great Tusk|def|1\n|-unboost|p1a: Great Tusk|spd|1\n|\n|-weather|none\n|upkeep\n|turn|9\n|\n|t:|1700599146\n|-end|p1a: Great Tusk|Protosynthesis|[silent]\n|switch|p1a: Fredo Santana|Jirachi, shiny|100\/100\n|move|p2a: Alicia|Future Sight|p1a: Fredo Santana\n|-start|p2a: Alicia|move: Future Sight\n|\n|upkeep\n|turn|10\n|\n|t:|1700599150\n|switch|p2a: Grudge|Ting-Lu|81\/100\n|-ability|p2a: Grudge|Vessel of Ruin\n|move|p1a: Fredo Santana|Body Slam|p2a: Grudge\n|-damage|p2a: Grudge|70\/100\n|\n|-heal|p2a: Grudge|77\/100|[from] item: Leftovers\n|upkeep\n|turn|11\n|\n|t:|1700599160\n|move|p1a: Fredo Santana|Protect|p1a: Fredo Santana\n|-singleturn|p1a: Fredo Santana|Protect\n|move|p2a: Grudge|Earthquake|p1a: Fredo Santana\n|-activate|p1a: Fredo Santana|move: Protect\n|\n|-end|p1a: Fredo Santana|move: Future Sight\n|-resisted|p1a: Fredo Santana\n|-damage|p1a: Fredo Santana|93\/100\n|-heal|p1a: Fredo Santana|99\/100|[from] item: Leftovers\n|-heal|p2a: Grudge|83\/100|[from] item: Leftovers\n|upkeep\n|turn|12\n|\n|t:|1700599164\n|switch|p1a: Chief Keef|Walking Wake|100\/100\n|move|p2a: Grudge|Earthquake|p1a: Chief Keef\n|-damage|p1a: Chief Keef|44\/100\n|\n|-heal|p2a: Grudge|89\/100|[from] item: Leftovers\n|upkeep\n|turn|13\n|\n|t:|1700599168\n|move|p1a: Chief Keef|Hydro Pump|p2a: Grudge\n|-supereffective|p2a: Grudge\n|-damage|p2a: Grudge|0 fnt\n|faint|p2a: Grudge\n|\n|upkeep\n|\n|t:|1700599175\n|switch|p2a: Vix|Salazzle, F|100\/100\n|turn|14\n|\n|t:|1700599183\n|-terastallize|p1a: Chief Keef|Steel\n|move|p2a: Vix|Dragon Pulse|p1a: Chief Keef\n|-resisted|p1a: Chief Keef\n|-damage|p1a: Chief Keef|29\/100\n|move|p1a: Chief Keef|Hydro Pump|p2a: Vix|[miss]\n|-miss|p1a: Chief Keef|p2a: Vix\n|\n|upkeep\n|turn|15\n|\n|t:|1700599196\n|switch|p2a: Hatchet|Haxorus, F|8\/100\n|-ability|p2a: Hatchet|Mold Breaker\n|move|p1a: Chief Keef|Hydro Pump|p2a: Hatchet\n|-resisted|p2a: Hatchet\n|-damage|p2a: Hatchet|0 fnt\n|faint|p2a: Hatchet\n|\n|upkeep\n|\n|t:|1700599209\n|switch|p2a: Drifter|Dragapult, M|100\/100\n|turn|16\n|\n|t:|1700599214\n|-terastallize|p2a: Drifter|Dragon\n|move|p2a: Drifter|Dragon Darts|p1a: Chief Keef\n|-resisted|p1a: Chief Keef\n|-damage|p1a: Chief Keef|3\/100\n|-anim|p2a: Drifter|Dragon Darts|p1a: Chief Keef\n|-resisted|p1a: Chief Keef\n|-damage|p1a: Chief Keef|0 fnt\n|faint|p1a: Chief Keef\n|-end|p1a: Chief Keef|Protosynthesis|[silent]\n|-damage|p2a: Drifter|91\/100|[from] item: Life Orb\n|\n|upkeep\n|\n|t:|1700599219\n|switch|p1a: Fredo Santana|Jirachi, shiny|99\/100\n|turn|17\n|\n|t:|1700599222\n|move|p2a: Drifter|Phantom Force||[still]\n|-prepare|p2a: Drifter|Phantom Force\n|move|p1a: Fredo Santana|Body Slam|p2a: Drifter|[miss]\n|-miss|p1a: Fredo Santana|p2a: Drifter\n|\n|-heal|p1a: Fredo Santana|100\/100|[from] item: Leftovers\n|upkeep\n|turn|18\n|\n|t:|1700599225\n|move|p2a: Drifter|Phantom Force|p1a: Fredo Santana|[from]lockedmove\n|-supereffective|p1a: Fredo Santana\n|-damage|p1a: Fredo Santana|0 fnt\n|faint|p1a: Fredo Santana\n|-damage|p2a: Drifter|81\/100|[from] item: Life Orb\n|\n|upkeep\n|\n|t:|1700599228\n|switch|p1a: Great Tusk|Great Tusk|100\/100\n|turn|19\n|-message|Gloryboykeef forfeited.\n|\n|win|Tokotorisaki\n|raw|Gloryboykeef's rating: 1101 &rarr; <strong>1082<\/strong><br \/>(-19 for losing)\n|raw|Tokotorisaki's rating: 1189 &rarr; <strong>1208<\/strong><br \/>(+19 for winning)\n|l|\u2606Gloryboykeef\n|c|\u2606Tokotorisaki|i like how even without ghost typing\n|c|\u2606Tokotorisaki|he can't rapid spin or drifter wins\n|c|\u2606Tokotorisaki|but without a rapid spin, can't outrun alicia\n|c|\u2606Tokotorisaki|even with a spin, vix wins anyway with overheat\n|c|\u2606Tokotorisaki|yay\n","uploadtime":1700599301,"views":0,"p1id":"gloryboykeef","p2id":"tokotorisaki","formatid":"gen9ou","rating":1082,"private":0,"password":""}