{"id":"gen9ou-1995206743","p1":"Jamel1","p2":"CaptainGrungo","format":"[Gen 9] OU","log":"|j|\u2606Jamel1\n|j|\u2606CaptainGrungo\n|t:|1700534589\n|gametype|singles\n|player|p1|Jamel1|cyrus|1788\n|player|p2|CaptainGrungo|plasmagrunt|1853\n|teamsize|p1|6\n|teamsize|p2|6\n|gen|9\n|tier|[Gen 9] OU\n|rated|\n|rule|Sleep Clause Mod: Limit one foe put to sleep\n|rule|Species Clause: Limit one of each Pok\u00e9mon\n|rule|OHKO Clause: OHKO moves are banned\n|rule|Evasion Items Clause: Evasion items are banned\n|rule|Evasion Moves Clause: Evasion moves are banned\n|rule|Endless Battle Clause: Forcing endless battles is banned\n|rule|HP Percentage Mod: HP is shown in percentages\n|clearpoke\n|poke|p1|Jirachi|\n|poke|p1|Kommo-o, M|\n|poke|p1|Gyarados, F|\n|poke|p1|Armarouge, M|\n|poke|p1|Azumarill, M|\n|poke|p1|Ninetales-Alola, F|\n|poke|p2|Iron Valiant|\n|poke|p2|Goodra-Hisui, M|\n|poke|p2|Okidogi, M|\n|poke|p2|Glimmora, F|\n|poke|p2|Yanmega, F|\n|poke|p2|Garganacl, F|\n|teampreview\n|\n|t:|1700534598\n|start\n|switch|p1a: Jirachi|Jirachi|100\/100\n|switch|p2a: Garganacl|Garganacl, F|100\/100\n|turn|1\n|\n|t:|1700534611\n|switch|p1a: Ninetales|Ninetales-Alola, F|100\/100\n|-weather|Snow|[from] ability: Snow Warning|[of] p1a: Ninetales\n|move|p2a: Garganacl|Salt Cure|p1a: Ninetales\n|-supereffective|p1a: Ninetales\n|-damage|p1a: Ninetales|75\/100\n|-start|p1a: Ninetales|Salt Cure\n|\n|-weather|Snow|[upkeep]\n|-damage|p1a: Ninetales|63\/100|[from] Salt Cure\n|upkeep\n|turn|2\n|\n|t:|1700534621\n|move|p1a: Ninetales|Aurora Veil|p1a: Ninetales\n|-sidestart|p1: Jamel1|move: Aurora Veil\n|move|p2a: Garganacl|Stealth Rock|p1a: Ninetales\n|-sidestart|p1: Jamel1|move: Stealth Rock\n|\n|-weather|Snow|[upkeep]\n|-damage|p1a: Ninetales|50\/100|[from] Salt Cure\n|upkeep\n|turn|3\n|\n|t:|1700534627\n|switch|p2a: Goodra|Goodra-Hisui, M|100\/100\n|move|p1a: Ninetales|Chilling Water|p2a: Goodra\n|-resisted|p2a: Goodra\n|-damage|p2a: Goodra|98\/100\n|-unboost|p2a: Goodra|atk|1\n|\n|-weather|Snow|[upkeep]\n|-damage|p1a: Ninetales|38\/100|[from] Salt Cure\n|upkeep\n|turn|4\n|\n|t:|1700534640\n|move|p1a: Ninetales|Hypnosis|p2a: Goodra\n|-status|p2a: Goodra|slp|[from] move: Hypnosis\n|cant|p2a: Goodra|slp\n|\n|-weather|Snow|[upkeep]\n|-damage|p1a: Ninetales|26\/100|[from] Salt Cure\n|upkeep\n|turn|5\n|\n|t:|1700534655\n|switch|p1a: Gyarados|Gyarados, F, shiny|100\/100\n|-damage|p1a: Gyarados|76\/100|[from] Stealth Rock\n|switch|p2a: Garganacl|Garganacl, F|100\/100\n|\n|-weather|none\n|-heal|p1a: Gyarados|82\/100|[from] item: Leftovers\n|upkeep\n|turn|6\n|\n|t:|1700534667\n|-terastallize|p1a: Gyarados|Ground\n|-terastallize|p2a: Garganacl|Ghost\n|move|p1a: Gyarados|Substitute|p1a: Gyarados\n|-start|p1a: Gyarados|Substitute\n|-damage|p1a: Gyarados|57\/100\n|move|p2a: Garganacl|Salt Cure|p1a: Gyarados\n|-resisted|p1a: Gyarados\n|-activate|p1a: Gyarados|move: Substitute|[damage]\n|\n|-heal|p1a: Gyarados|63\/100|[from] item: Leftovers\n|upkeep\n|turn|7\n|j| I Like DS the 2nd\n|\n|t:|1700534683\n|switch|p2a: Iron Valiant|Iron Valiant|100\/100\n|-enditem|p2a: Iron Valiant|Booster Energy\n|-activate|p2a: Iron Valiant|ability: Quark Drive|[fromitem]\n|-start|p2a: Iron Valiant|quarkdrivespe\n|move|p1a: Gyarados|Dragon Dance|p1a: Gyarados\n|-boost|p1a: Gyarados|atk|1\n|-boost|p1a: Gyarados|spe|1\n|\n|-heal|p1a: Gyarados|69\/100|[from] item: Leftovers\n|upkeep\n|turn|8\n|\n|t:|1700534692\n|move|p2a: Iron Valiant|Encore|p1a: Gyarados\n|-start|p1a: Gyarados|Encore\n|move|p1a: Gyarados|Dragon Dance|p1a: Gyarados\n|-boost|p1a: Gyarados|atk|1\n|-boost|p1a: Gyarados|spe|1\n|\n|-heal|p1a: Gyarados|75\/100|[from] item: Leftovers\n|upkeep\n|turn|9\n|\n|t:|1700534700\n|move|p1a: Gyarados|Dragon Dance|p1a: Gyarados\n|-boost|p1a: Gyarados|atk|1\n|-boost|p1a: Gyarados|spe|1\n|move|p2a: Iron Valiant|Moonblast|p1a: Gyarados\n|-activate|p1a: Gyarados|move: Substitute|[damage]\n|\n|-heal|p1a: Gyarados|81\/100|[from] item: Leftovers\n|-sideend|p1: Jamel1|move: Aurora Veil\n|upkeep\n|turn|10\n|\n|t:|1700534708\n|move|p1a: Gyarados|Dragon Dance|p1a: Gyarados\n|-boost|p1a: Gyarados|atk|1\n|-boost|p1a: Gyarados|spe|1\n|move|p2a: Iron Valiant|Moonblast|p1a: Gyarados\n|-end|p1a: Gyarados|Substitute\n|\n|-heal|p1a: Gyarados|87\/100|[from] item: Leftovers\n|-end|p1a: Gyarados|Encore\n|upkeep\n|turn|11\n|\n|t:|1700534718\n|move|p1a: Gyarados|Waterfall|p2a: Iron Valiant\n|-damage|p2a: Iron Valiant|0 fnt\n|faint|p2a: Iron Valiant\n|-end|p2a: Iron Valiant|Quark Drive|[silent]\n|-ability|p1a: Gyarados|Moxie|boost\n|-boost|p1a: Gyarados|atk|1\n|\n|-heal|p1a: Gyarados|93\/100|[from] item: Leftovers\n|upkeep\n|\n|t:|1700534725\n|switch|p2a: Glimmora|Glimmora, F|100\/100\n|turn|12\n|\n|t:|1700534731\n|move|p1a: Gyarados|Substitute|p1a: Gyarados\n|-start|p1a: Gyarados|Substitute\n|-damage|p1a: Gyarados|68\/100\n|move|p2a: Glimmora|Energy Ball|p1a: Gyarados\n|-supereffective|p1a: Gyarados\n|-end|p1a: Gyarados|Substitute\n|\n|-heal|p1a: Gyarados|75\/100|[from] item: Leftovers\n|upkeep\n|turn|13\n|\n|t:|1700534739\n|move|p1a: Gyarados|Waterfall|p2a: Glimmora\n|-supereffective|p2a: Glimmora\n|-enditem|p2a: Glimmora|Focus Sash\n|-damage|p2a: Glimmora|1\/100\n|-activate|p2a: Glimmora|ability: Toxic Debris\n|-sidestart|p1: Jamel1|move: Toxic Spikes\n|move|p2a: Glimmora|Energy Ball|p1a: Gyarados\n|-supereffective|p1a: Gyarados\n|-damage|p1a: Gyarados|13\/100\n|\n|-heal|p1a: Gyarados|19\/100|[from] item: Leftovers\n|upkeep\n|turn|14\n|\n|t:|1700534754\n|switch|p2a: Goodra|Goodra-Hisui, M|98\/100 slp\n|move|p1a: Gyarados|Waterfall|p2a: Goodra\n|-resisted|p2a: Goodra\n|-damage|p2a: Goodra|29\/100 slp\n|-ability|p2a: Goodra|Gooey\n|-unboost|p1a: Gyarados|spe|1\n|\n|-heal|p1a: Gyarados|25\/100|[from] item: Leftovers\n|upkeep\n|turn|15\n|\n|t:|1700534763\n|move|p1a: Gyarados|Earthquake|p2a: Goodra\n|-supereffective|p2a: Goodra\n|-damage|p2a: Goodra|0 fnt\n|faint|p2a: Goodra\n|-ability|p1a: Gyarados|Moxie|boost\n|-boost|p1a: Gyarados|atk|1\n|\n|-heal|p1a: Gyarados|31\/100|[from] item: Leftovers\n|upkeep\n|\n|t:|1700534771\n|switch|p2a: Garganacl|Garganacl, F, tera:Ghost|100\/100\n|turn|16\n|\n|t:|1700534776\n|move|p1a: Gyarados|Substitute|p1a: Gyarados\n|-start|p1a: Gyarados|Substitute\n|-damage|p1a: Gyarados|6\/100\n|move|p2a: Garganacl|Iron Defense|p2a: Garganacl\n|-boost|p2a: Garganacl|def|2\n|\n|-heal|p1a: Gyarados|12\/100|[from] item: Leftovers\n|upkeep\n|turn|17\n|\n|t:|1700534784\n|move|p1a: Gyarados|Earthquake|p2a: Garganacl\n|-damage|p2a: Garganacl|34\/100\n|move|p2a: Garganacl|Salt Cure|p1a: Gyarados\n|-resisted|p1a: Gyarados\n|-activate|p1a: Gyarados|move: Substitute|[damage]\n|\n|-heal|p1a: Gyarados|18\/100|[from] item: Leftovers\n|upkeep\n|turn|18\n|\n|t:|1700534793\n|switch|p2a: Yanmega|Yanmega, F|100\/100\n|move|p1a: Gyarados|Earthquake|p2a: Yanmega\n|-immune|p2a: Yanmega\n|\n|-heal|p1a: Gyarados|24\/100|[from] item: Leftovers\n|upkeep\n|turn|19\n|\n|t:|1700534802\n|switch|p2a: Garganacl|Garganacl, F, tera:Ghost|34\/100\n|move|p1a: Gyarados|Waterfall|p2a: Garganacl\n|-damage|p2a: Garganacl|0 fnt\n|-damage|p1a: Gyarados|8\/100|[from] item: Rocky Helmet|[of] p2a: Garganacl\n|faint|p2a: Garganacl\n|\n|-heal|p1a: Gyarados|14\/100|[from] item: Leftovers\n|upkeep\n|-message|CaptainGrungo forfeited.\n|\n|win|Jamel1\n|raw|Jamel1's rating: 1788 &rarr; <strong>1812<\/strong><br \/>(+24 for winning)\n|raw|CaptainGrungo's rating: 1853 &rarr; <strong>1829<\/strong><br \/>(-24 for losing)\n|l|\u2606CaptainGrungo\n|l| I Like DS the 2nd\n","uploadtime":1700534843,"views":5,"p1id":"jamel1","p2id":"captaingrungo","formatid":"gen9ou","rating":1812,"private":0,"password":""}