{"id":"gen9ou-1990724109","p1":"Rzor300","p2":"Father Johan","format":"[Gen 9] OU","log":"|j|\u2606Rzor300\n|j|\u2606Father Johan\n|t:|1699994974\n|gametype|singles\n|player|p1|Rzor300|sailor|1085\n|player|p2|Father Johan|sage|1000\n|teamsize|p1|6\n|teamsize|p2|6\n|gen|9\n|tier|[Gen 9] OU\n|rated|\n|rule|Sleep Clause Mod: Limit one foe put to sleep\n|rule|Species Clause: Limit one of each Pok\u00e9mon\n|rule|OHKO Clause: OHKO moves are banned\n|rule|Evasion Items Clause: Evasion items are banned\n|rule|Evasion Moves Clause: Evasion moves are banned\n|rule|Endless Battle Clause: Forcing endless battles is banned\n|rule|HP Percentage Mod: HP is shown in percentages\n|clearpoke\n|poke|p1|Regidrago|\n|poke|p1|Ribombee, M|\n|poke|p1|Arcanine-Hisui, F|\n|poke|p1|Great Tusk|\n|poke|p1|Gholdengo|\n|poke|p1|Dragonite, M|\n|poke|p2|Munkidori, M|\n|poke|p2|Volcanion|\n|poke|p2|Mandibuzz, F|\n|poke|p2|Scream Tail|\n|poke|p2|Lilligant-Hisui, F|\n|poke|p2|Eelektross, F|\n|teampreview\n|\n|t:|1699994993\n|start\n|switch|p1a: Dragonite|Dragonite, M|100\/100\n|switch|p2a: Cleric|Scream Tail|100\/100\n|turn|1\n|\n|t:|1699995003\n|switch|p1a: Ribombee|Ribombee, M, shiny|100\/100\n|move|p2a: Cleric|Trick|p1a: Ribombee\n|-activate|p2a: Cleric|move: Trick|[of] p1a: Ribombee\n|-item|p1a: Ribombee|Choice Specs|[from] move: Trick\n|-item|p2a: Cleric|Focus Sash|[from] move: Trick\n|\n|upkeep\n|turn|2\n|\n|t:|1699995013\n|move|p1a: Ribombee|Sticky Web|p2a: Cleric\n|-sidestart|p2: Father Johan|move: Sticky Web\n|move|p2a: Cleric|Stealth Rock|p1a: Ribombee\n|-sidestart|p1: Rzor300|move: Stealth Rock\n|\n|upkeep\n|turn|3\n|\n|t:|1699995022\n|switch|p1a: Dragonite|Dragonite, M|100\/100\n|move|p2a: Cleric|Thunder Wave|p1a: Dragonite\n|-status|p1a: Dragonite|par\n|\n|upkeep\n|turn|4\n|\n|t:|1699995030\n|move|p2a: Cleric|Metronome|p2a: Cleric\n|move|p2a: Cleric|Psychic Terrain|p2a: Cleric|[from]move: Metronome\n|-fieldstart|move: Psychic Terrain\n|cant|p1a: Dragonite|par\n|\n|upkeep\n|turn|5\n|c|\u2606Rzor300|wtf is that set lmao\n|\n|t:|1699995057\n|-end|p2a: Cleric|Protosynthesis|[silent]\n|switch|p2a: Monk|Munkidori, M|100\/100\n|-activate|p2a: Monk|move: Sticky Web\n|-unboost|p2a: Monk|spe|1\n|switch|p1a: Ribombee|Ribombee, M, shiny|100\/100\n|-damage|p1a: Ribombee|76\/100|[from] Stealth Rock\n|\n|upkeep\n|turn|6\n|\n|t:|1699995065\n|move|p1a: Ribombee|Stun Spore|p2a: Monk\n|-status|p2a: Monk|par\n|move|p2a: Monk|Sludge Bomb|p1a: Ribombee\n|-supereffective|p1a: Ribombee\n|-crit|p1a: Ribombee\n|-damage|p1a: Ribombee|0 fnt\n|faint|p1a: Ribombee\n|\n|upkeep\n|\n|t:|1699995074\n|switch|p1a: Great Tusk|Great Tusk|100\/100\n|-damage|p1a: Great Tusk|98\/100|[from] Stealth Rock\n|-enditem|p1a: Great Tusk|Booster Energy\n|-activate|p1a: Great Tusk|ability: Protosynthesis|[fromitem]\n|-start|p1a: Great Tusk|protosynthesisatk\n|turn|7\n|c|\u2606Father Johan|Yeah, as you can see im experimenting with my team a bit\n|\n|t:|1699995094\n|-terastallize|p1a: Great Tusk|Ghost\n|move|p1a: Great Tusk|Rapid Spin|p2a: Monk\n|-damage|p2a: Monk|60\/100 par\n|-boost|p1a: Great Tusk|spe|1\n|-sideend|p1: Rzor300|Stealth Rock|[from] move: Rapid Spin|[of] p1a: Great Tusk\n|cant|p2a: Monk|par\n|\n|-heal|p2a: Monk|66\/100 par|[from] item: Black Sludge\n|upkeep\n|turn|8\n|c|\u2606Rzor300|definitely my favorite scream set\n|\n|t:|1699995131\n|move|p1a: Great Tusk|Stealth Rock|p2a: Monk\n|-sidestart|p2: Father Johan|move: Stealth Rock\n|move|p2a: Monk|Trick|p1a: Great Tusk\n|-activate|p2a: Monk|move: Trick|[of] p1a: Great Tusk\n|-item|p1a: Great Tusk|Black Sludge|[from] move: Trick\n|-enditem|p2a: Monk|Black Sludge|[silent]|[from] move: Trick\n|\n|-damage|p1a: Great Tusk|85\/100|[from] item: Black Sludge\n|-fieldend|move: Psychic Terrain\n|upkeep\n|turn|9\n|\n|t:|1699995149\n|move|p1a: Great Tusk|Rapid Spin|p2a: Monk\n|-damage|p2a: Monk|26\/100 par\n|-boost|p1a: Great Tusk|spe|1\n|cant|p2a: Monk|par\n|\n|-damage|p1a: Great Tusk|73\/100|[from] item: Black Sludge\n|upkeep\n|turn|10\n|\n|t:|1699995162\n|cant|p2a: Monk|par\n|move|p1a: Great Tusk|Rapid Spin|p2a: Monk\n|-damage|p2a: Monk|0 fnt\n|-boost|p1a: Great Tusk|spe|1\n|faint|p2a: Monk\n|\n|-damage|p1a: Great Tusk|60\/100|[from] item: Black Sludge\n|upkeep\n|c|\u2606Father Johan|Triple paralyze \ud83d\udc80\n|\n|t:|1699995184\n|switch|p2a: Cleric|Scream Tail|100\/100\n|-activate|p2a: Cleric|move: Sticky Web\n|-unboost|p2a: Cleric|spe|1\n|-damage|p2a: Cleric|88\/100|[from] Stealth Rock\n|turn|11\n|\n|t:|1699995191\n|move|p1a: Great Tusk|Headlong Rush|p2a: Cleric\n|-damage|p2a: Cleric|19\/100\n|-unboost|p1a: Great Tusk|def|1\n|-unboost|p1a: Great Tusk|spd|1\n|move|p2a: Cleric|Stealth Rock|p1a: Great Tusk\n|-sidestart|p1: Rzor300|move: Stealth Rock\n|\n|-damage|p1a: Great Tusk|48\/100|[from] item: Black Sludge\n|upkeep\n|turn|12\n|\n|t:|1699995203\n|move|p1a: Great Tusk|Rapid Spin|p2a: Cleric\n|-damage|p2a: Cleric|0 fnt\n|-boost|p1a: Great Tusk|spe|1\n|-sideend|p1: Rzor300|Stealth Rock|[from] move: Rapid Spin|[of] p1a: Great Tusk\n|faint|p2a: Cleric\n|-end|p2a: Cleric|Protosynthesis|[silent]\n|\n|-damage|p1a: Great Tusk|35\/100|[from] item: Black Sludge\n|upkeep\n|c|\u2606Rzor300|damn you lived the rush\n|\n|t:|1699995220\n|switch|p2a: Missionary|Volcanion|100\/100\n|turn|13\n|\n|t:|1699995226\n|move|p1a: Great Tusk|Close Combat|p2a: Missionary\n|-damage|p2a: Missionary|24\/100\n|-unboost|p1a: Great Tusk|def|1\n|-unboost|p1a: Great Tusk|spd|1\n|move|p2a: Missionary|Earthquake|p1a: Great Tusk\n|-damage|p1a: Great Tusk|0 fnt\n|faint|p1a: Great Tusk\n|-end|p1a: Great Tusk|Protosynthesis|[silent]\n|\n|upkeep\n|\n|t:|1699995242\n|switch|p1a: Regidrago|Regidrago|100\/100\n|turn|14\n|c|\u2606Rzor300|its drago time\n|\n|t:|1699995251\n|move|p1a: Regidrago|Dragon Energy|p2a: Missionary\n|-damage|p2a: Missionary|0 fnt\n|faint|p2a: Missionary\n|\n|upkeep\n|\n|t:|1699995260\n|switch|p2a: Priest|Eelektross, F|100\/100\n|-damage|p2a: Priest|88\/100|[from] Stealth Rock\n|turn|15\n|\n|t:|1699995266\n|move|p1a: Regidrago|Dragon Energy|p2a: Priest\n|-damage|p2a: Priest|0 fnt\n|faint|p2a: Priest\n|\n|upkeep\n|c|\u2606Father Johan|Damn\n|\n|t:|1699995281\n|switch|p2a: Bishop|Mandibuzz, F|100\/100\n|-damage|p2a: Bishop|76\/100|[from] Stealth Rock\n|turn|16\n|c|\u2606Father Johan|He got them moves\n|\n|t:|1699995295\n|move|p2a: Bishop|Hurricane|p1a: Regidrago\n|-damage|p1a: Regidrago|66\/100\n|-start|p1a: Regidrago|confusion\n|-activate|p1a: Regidrago|confusion\n|move|p1a: Regidrago|Dragon Energy|p2a: Bishop\n|-damage|p2a: Bishop|0 fnt\n|faint|p2a: Bishop\n|\n|upkeep\n|c|\u2606Rzor300|dropin some dragos\n|\n|t:|1699995305\n|switch|p2a: Pastor|Lilligant-Hisui, F|100\/100\n|-activate|p2a: Pastor|move: Sticky Web\n|-unboost|p2a: Pastor|spe|1\n|-damage|p2a: Pastor|95\/100|[from] Stealth Rock\n|turn|17\n|\n|t:|1699995314\n|-activate|p1a: Regidrago|confusion\n|move|p1a: Regidrago|Dragon Energy|p2a: Pastor\n|-damage|p2a: Pastor|0 fnt\n|faint|p2a: Pastor\n|\n|win|Rzor300\n|raw|Rzor300's rating: 1085 &rarr; <strong>1106<\/strong><br \/>(+21 for winning)\n|raw|Father Johan's rating: 1000 &rarr; <strong>1000<\/strong><br \/>(+0 for losing)\n|c|\u2606Father Johan|Gg!\n|c|\u2606Rzor300|ggs\n|l|\u2606Father Johan\n","uploadtime":1699995327,"views":15,"p1id":"rzor300","p2id":"fatherjohan","formatid":"gen9ou","rating":1000,"private":0,"password":""}