{"id":"gen9ou-1994800863","p1":"Soram16","p2":"Cranberru22","format":"[Gen 9] OU","log":"|j|\u2606Soram16\n|j|\u2606Cranberru22\n|t:|1700494040\n|gametype|singles\n|player|p1|Soram16|leaf-gen3|1143\n|player|p2|Cranberru22|2|1092\n|teamsize|p1|6\n|teamsize|p2|6\n|gen|9\n|tier|[Gen 9] OU\n|rated|\n|rule|Sleep Clause Mod: Limit one foe put to sleep\n|rule|Species Clause: Limit one of each Pok\u00e9mon\n|rule|OHKO Clause: OHKO moves are banned\n|rule|Evasion Items Clause: Evasion items are banned\n|rule|Evasion Moves Clause: Evasion moves are banned\n|rule|Endless Battle Clause: Forcing endless battles is banned\n|rule|HP Percentage Mod: HP is shown in percentages\n|clearpoke\n|poke|p1|Samurott-Hisui, M|\n|poke|p1|Iron Valiant|\n|poke|p1|Great Tusk|\n|poke|p1|Ogerpon-Wellspring, F|\n|poke|p1|Zapdos|\n|poke|p1|Heatran, M|\n|poke|p2|Torkoal, F|\n|poke|p2|Charizard, F|\n|poke|p2|Volcanion|\n|poke|p2|Pelipper, F|\n|poke|p2|Beartic, M|\n|poke|p2|Walking Wake|\n|teampreview\n|inactive|Battle timer is ON: inactive players will automatically lose when time's up. (requested by Soram16)\n|\n|t:|1700494046\n|start\n|switch|p1a: Zapdos|Zapdos|100\/100\n|switch|p2a: Pelipper|Pelipper, F|100\/100\n|-weather|RainDance|[from] ability: Drizzle|[of] p2a: Pelipper\n|turn|1\n|\n|t:|1700494053\n|switch|p2a: Walking Wake|Walking Wake|100\/100\n|-enditem|p2a: Walking Wake|Booster Energy\n|-activate|p2a: Walking Wake|ability: Protosynthesis|[fromitem]\n|-start|p2a: Walking Wake|protosynthesisspe\n|move|p1a: Zapdos|Hurricane|p2a: Walking Wake\n|-damage|p2a: Walking Wake|47\/100\n|\n|-weather|RainDance|[upkeep]\n|upkeep\n|turn|2\n|\n|t:|1700494063\n|move|p2a: Walking Wake|Hydro Steam|p1a: Zapdos\n|-damage|p1a: Zapdos|37\/100\n|move|p1a: Zapdos|Volt Switch|p2a: Walking Wake\n|-damage|p2a: Walking Wake|14\/100\n|\n|t:|1700494070\n|switch|p1a: Ogerpon|Ogerpon-Wellspring, F|100\/100|[from] Volt Switch\n|\n|-weather|RainDance|[upkeep]\n|upkeep\n|turn|3\n|\n|t:|1700494075\n|move|p2a: Walking Wake|Hurricane|p1a: Ogerpon\n|-supereffective|p1a: Ogerpon\n|-damage|p1a: Ogerpon|20\/100\n|-start|p1a: Ogerpon|confusion\n|-activate|p1a: Ogerpon|confusion\n|move|p1a: Ogerpon|Swords Dance|p1a: Ogerpon\n|-boost|p1a: Ogerpon|atk|2\n|\n|-weather|RainDance|[upkeep]\n|upkeep\n|turn|4\n|\n|t:|1700494088\n|move|p2a: Walking Wake|Hurricane|p1a: Ogerpon\n|-supereffective|p1a: Ogerpon\n|-damage|p1a: Ogerpon|0 fnt\n|faint|p1a: Ogerpon\n|\n|-weather|RainDance|[upkeep]\n|upkeep\n|\n|t:|1700494094\n|switch|p1a: Zapdos|Zapdos|37\/100\n|turn|5\n|\n|t:|1700494100\n|move|p2a: Walking Wake|Hydro Steam|p1a: Zapdos\n|-damage|p1a: Zapdos|0 fnt\n|faint|p1a: Zapdos\n|\n|-weather|RainDance|[upkeep]\n|upkeep\n|\n|t:|1700494106\n|switch|p1a: Iron Valiant|Iron Valiant|100\/100\n|turn|6\n|\n|t:|1700494112\n|move|p1a: Iron Valiant|Moonblast|p2a: Walking Wake\n|-supereffective|p2a: Walking Wake\n|-damage|p2a: Walking Wake|0 fnt\n|faint|p2a: Walking Wake\n|-end|p2a: Walking Wake|Protosynthesis|[silent]\n|\n|-weather|RainDance|[upkeep]\n|upkeep\n|\n|t:|1700494127\n|switch|p2a: Torkoal|Torkoal, F|100\/100\n|-weather|SunnyDay|[from] ability: Drought|[of] p2a: Torkoal\n|turn|7\n|\n|t:|1700494143\n|-end|p1a: Iron Valiant|Quark Drive|[silent]\n|switch|p1a: Heatran|Heatran, M|100\/100\n|move|p2a: Torkoal|Yawn|p1a: Heatran\n|-start|p1a: Heatran|move: Yawn|[of] p2a: Torkoal\n|\n|-weather|SunnyDay|[upkeep]\n|upkeep\n|turn|8\n|\n|t:|1700494152\n|switch|p1a: Great Tusk|Great Tusk|100\/100\n|-activate|p1a: Great Tusk|ability: Protosynthesis\n|-start|p1a: Great Tusk|protosynthesisatk\n|move|p2a: Torkoal|Stealth Rock|p1a: Great Tusk\n|-sidestart|p1: Soram16|move: Stealth Rock\n|\n|-weather|SunnyDay|[upkeep]\n|upkeep\n|turn|9\n|\n|t:|1700494160\n|move|p1a: Great Tusk|Rapid Spin|p2a: Torkoal\n|-damage|p2a: Torkoal|83\/100\n|-boost|p1a: Great Tusk|spe|1\n|-sideend|p1: Soram16|Stealth Rock|[from] move: Rapid Spin|[of] p1a: Great Tusk\n|move|p2a: Torkoal|Will-O-Wisp|p1a: Great Tusk|[miss]\n|-miss|p2a: Torkoal|p1a: Great Tusk\n|\n|-weather|SunnyDay|[upkeep]\n|upkeep\n|turn|10\n|\n|t:|1700494169\n|switch|p2a: Charizard|Charizard, F|100\/100\n|move|p1a: Great Tusk|Headlong Rush|p2a: Charizard\n|-immune|p2a: Charizard\n|\n|-weather|SunnyDay|[upkeep]\n|-damage|p2a: Charizard|88\/100|[from] ability: Solar Power|[of] p2a: Charizard\n|upkeep\n|turn|11\n|\n|t:|1700494177\n|move|p1a: Great Tusk|Ice Spinner|p2a: Charizard\n|-crit|p2a: Charizard\n|-damage|p2a: Charizard|0 fnt\n|faint|p2a: Charizard\n|\n|-weather|SunnyDay|[upkeep]\n|upkeep\n|\n|t:|1700494184\n|switch|p2a: Pelipper|Pelipper, F|100\/100\n|-weather|RainDance|[from] ability: Drizzle|[of] p2a: Pelipper\n|-end|p1a: Great Tusk|Protosynthesis\n|turn|12\n|\n|t:|1700494191\n|move|p1a: Great Tusk|Ice Spinner|p2a: Pelipper\n|-damage|p2a: Pelipper|78\/100\n|move|p2a: Pelipper|Weather Ball|p1a: Great Tusk\n|-supereffective|p1a: Great Tusk\n|-damage|p1a: Great Tusk|0 fnt\n|faint|p1a: Great Tusk\n|-end|p1a: Great Tusk|Protosynthesis|[silent]\n|\n|-weather|RainDance|[upkeep]\n|upkeep\n|\n|t:|1700494200\n|switch|p1a: Samurott|Samurott-Hisui, M, shiny|100\/100\n|turn|13\n|\n|t:|1700494210\n|move|p1a: Samurott|Ceaseless Edge|p2a: Pelipper|[miss]\n|-miss|p1a: Samurott|p2a: Pelipper\n|move|p2a: Pelipper|U-turn|p1a: Samurott\n|-supereffective|p1a: Samurott\n|-damage|p1a: Samurott|78\/100\n|\n|t:|1700494212\n|switch|p2a: Torkoal|Torkoal, F|83\/100|[from] U-turn\n|-weather|SunnyDay|[from] ability: Drought|[of] p2a: Torkoal\n|\n|-weather|SunnyDay|[upkeep]\n|upkeep\n|turn|14\n|\n|t:|1700494224\n|move|p1a: Samurott|Ceaseless Edge|p2a: Torkoal\n|-damage|p2a: Torkoal|48\/100\n|-sidestart|p2: Cranberru22|Spikes\n|move|p2a: Torkoal|Yawn|p1a: Samurott\n|-start|p1a: Samurott|move: Yawn|[of] p2a: Torkoal\n|\n|-weather|SunnyDay|[upkeep]\n|upkeep\n|turn|15\n|\n|t:|1700494236\n|move|p1a: Samurott|Knock Off|p2a: Torkoal\n|-damage|p2a: Torkoal|14\/100\n|-enditem|p2a: Torkoal|Heat Rock|[from] move: Knock Off|[of] p1a: Samurott\n|move|p2a: Torkoal|Rapid Spin|p1a: Samurott\n|-damage|p1a: Samurott|67\/100\n|-boost|p2a: Torkoal|spe|1\n|-sideend|p2: Cranberru22|Spikes|[from] move: Rapid Spin|[of] p2a: Torkoal\n|\n|-weather|SunnyDay|[upkeep]\n|-end|p1a: Samurott|move: Yawn|[silent]\n|-status|p1a: Samurott|slp\n|upkeep\n|turn|16\n|\n|t:|1700494251\n|switch|p1a: Heatran|Heatran, M|100\/100\n|switch|p2a: Pelipper|Pelipper, F|78\/100\n|-weather|RainDance|[from] ability: Drizzle|[of] p2a: Pelipper\n|\n|-weather|RainDance|[upkeep]\n|upkeep\n|turn|17\n|\n|t:|1700494260\n|switch|p1a: Iron Valiant|Iron Valiant|100\/100\n|move|p2a: Pelipper|Weather Ball|p1a: Iron Valiant\n|-damage|p1a: Iron Valiant|9\/100\n|\n|-weather|RainDance|[upkeep]\n|upkeep\n|turn|18\n|\n|t:|1700494267\n|move|p1a: Iron Valiant|Thunderbolt|p2a: Pelipper\n|-supereffective|p2a: Pelipper\n|-damage|p2a: Pelipper|0 fnt\n|faint|p2a: Pelipper\n|\n|-weather|RainDance|[upkeep]\n|upkeep\n|\n|t:|1700494270\n|switch|p2a: Beartic|Beartic, M|100\/100\n|turn|19\n|\n|t:|1700494274\n|move|p1a: Iron Valiant|Thunderbolt|p2a: Beartic\n|-damage|p2a: Beartic|65\/100\n|move|p2a: Beartic|Liquidation|p1a: Iron Valiant\n|-damage|p1a: Iron Valiant|0 fnt\n|faint|p1a: Iron Valiant\n|-end|p1a: Iron Valiant|Quark Drive|[silent]\n|-damage|p2a: Beartic|55\/100|[from] item: Life Orb\n|\n|-weather|RainDance|[upkeep]\n|upkeep\n|\n|t:|1700494283\n|switch|p1a: Samurott|Samurott-Hisui, M, shiny|67\/100 slp\n|turn|20\n|\n|t:|1700494286\n|move|p2a: Beartic|Close Combat|p1a: Samurott\n|-supereffective|p1a: Samurott\n|-damage|p1a: Samurott|0 fnt\n|-unboost|p2a: Beartic|def|1\n|-unboost|p2a: Beartic|spd|1\n|faint|p1a: Samurott\n|-damage|p2a: Beartic|45\/100|[from] item: Life Orb\n|\n|-weather|RainDance|[upkeep]\n|upkeep\n|c|\u2606Cranberru22|gg wp\n|\n|t:|1700494294\n|switch|p1a: Heatran|Heatran, M|100\/100\n|turn|21\n|\n|t:|1700494298\n|-terastallize|p1a: Heatran|Flying\n|move|p2a: Beartic|Liquidation|p1a: Heatran\n|-damage|p1a: Heatran|56\/100\n|-damage|p2a: Beartic|36\/100|[from] item: Life Orb\n|move|p1a: Heatran|Flash Cannon|p2a: Beartic\n|-supereffective|p2a: Beartic\n|-damage|p2a: Beartic|0 fnt\n|faint|p2a: Beartic\n|\n|-weather|RainDance|[upkeep]\n|-heal|p1a: Heatran|62\/100|[from] item: Leftovers\n|upkeep\n|\n|t:|1700494304\n|switch|p2a: Volcanion|Volcanion|100\/100\n|turn|22\n|\n|t:|1700494313\n|move|p1a: Heatran|Protect|p1a: Heatran\n|-singleturn|p1a: Heatran|Protect\n|move|p2a: Volcanion|Steam Eruption|p1a: Heatran\n|-activate|p1a: Heatran|move: Protect\n|\n|-weather|RainDance|[upkeep]\n|-heal|p1a: Heatran|69\/100|[from] item: Leftovers\n|upkeep\n|turn|23\n|\n|t:|1700494321\n|move|p2a: Volcanion|Steam Eruption|p1a: Heatran\n|-damage|p1a: Heatran|0 fnt\n|faint|p1a: Heatran\n|\n|win|Cranberru22\n|raw|Soram16's rating: 1143 &rarr; <strong>1114<\/strong><br \/>(-29 for losing)\n|raw|Cranberru22's rating: 1092 &rarr; <strong>1122<\/strong><br \/>(+30 for winning)\n","uploadtime":1700494327,"views":6,"p1id":"soram16","p2id":"cranberru22","formatid":"gen9ou","rating":1114,"private":0,"password":""}