{"id":"gen9ou-1993840700","p1":"iron tusk 69","p2":"mathismathin","format":"[Gen 9] OU","log":"|j|\u2606iron tusk 69\n|j|\u2606mathismathin\n|t:|1700363877\n|gametype|singles\n|player|p1|iron tusk 69|biker-gen4|1805\n|player|p2|mathismathin|nate|1773\n|teamsize|p1|6\n|teamsize|p2|6\n|gen|9\n|tier|[Gen 9] OU\n|rated|\n|rule|Sleep Clause Mod: Limit one foe put to sleep\n|rule|Species Clause: Limit one of each Pok\u00e9mon\n|rule|OHKO Clause: OHKO moves are banned\n|rule|Evasion Items Clause: Evasion items are banned\n|rule|Evasion Moves Clause: Evasion moves are banned\n|rule|Endless Battle Clause: Forcing endless battles is banned\n|rule|HP Percentage Mod: HP is shown in percentages\n|clearpoke\n|poke|p1|Ninetales-Alola, M|\n|poke|p1|Ogerpon-Wellspring, F|\n|poke|p1|Mew|\n|poke|p1|Kingambit, F|\n|poke|p1|Gholdengo|\n|poke|p1|Zamazenta-*|\n|poke|p2|Wo-Chien|\n|poke|p2|Weezing-Galar, F|\n|poke|p2|Blissey, F|\n|poke|p2|Cyclizar, M|\n|poke|p2|Alomomola, M|\n|poke|p2|Corviknight, M|\n|teampreview\n|j| SwabbyYabby\n|inactive|Battle timer is ON: inactive players will automatically lose when time's up. (requested by iron tusk 69)\n|\n|t:|1700363899\n|start\n|switch|p1a: \u201cI win\u201d button|Ogerpon-Wellspring, F|100\/100\n|switch|p2a: Cyclizar|Cyclizar, M|100\/100\n|turn|1\n|j| oijwef\n|inactive|iron tusk 69 has 120 seconds left.\n|\n|t:|1700363931\n|switch|p2a: Wo-Chien|Wo-Chien|100\/100\n|-ability|p2a: Wo-Chien|Tablets of Ruin\n|move|p1a: \u201cI win\u201d button|Ivy Cudgel|p2a: Wo-Chien|[anim] Ivy Cudgel Water\n|-resisted|p2a: Wo-Chien\n|-damage|p2a: Wo-Chien|86\/100\n|\n|-heal|p2a: Wo-Chien|92\/100|[from] item: Leftovers\n|upkeep\n|turn|2\n|\n|t:|1700363941\n|switch|p1a: Malicious Charity|Gholdengo|100\/100\n|-item|p1a: Malicious Charity|Air Balloon\n|move|p2a: Wo-Chien|Knock Off|p1a: Malicious Charity\n|-supereffective|p1a: Malicious Charity\n|-damage|p1a: Malicious Charity|34\/100\n|-enditem|p1a: Malicious Charity|Air Balloon\n|\n|-heal|p2a: Wo-Chien|98\/100|[from] item: Leftovers\n|upkeep\n|turn|3\n|\n|t:|1700363947\n|move|p1a: Malicious Charity|Dazzling Gleam|p2a: Wo-Chien\n|-supereffective|p2a: Wo-Chien\n|-damage|p2a: Wo-Chien|55\/100\n|move|p2a: Wo-Chien|Knock Off|p1a: Malicious Charity\n|-supereffective|p1a: Malicious Charity\n|-damage|p1a: Malicious Charity|0 fnt\n|faint|p1a: Malicious Charity\n|\n|-heal|p2a: Wo-Chien|61\/100|[from] item: Leftovers\n|upkeep\n|j| cg academy\n|\n|t:|1700363962\n|switch|p1a: \u201cI win\u201d button|Ogerpon-Wellspring, F|100\/100\n|turn|4\n|\n|t:|1700363966\n|move|p1a: \u201cI win\u201d button|Encore|p2a: Wo-Chien\n|-start|p2a: Wo-Chien|Encore\n|move|p2a: Wo-Chien|Knock Off|p1a: \u201cI win\u201d button\n|-damage|p1a: \u201cI win\u201d button|74\/100\n|\n|-heal|p2a: Wo-Chien|67\/100|[from] item: Leftovers\n|upkeep\n|turn|5\n|j| pokechamp13\n|\n|t:|1700363971\n|switch|p2a: Weezing|Weezing-Galar, F|100\/100\n|-ability|p2a: Weezing|Neutralizing Gas\n|move|p1a: \u201cI win\u201d button|Swords Dance|p1a: \u201cI win\u201d button\n|-boost|p1a: \u201cI win\u201d button|atk|2\n|\n|upkeep\n|turn|6\n|\n|t:|1700363977\n|move|p1a: \u201cI win\u201d button|Ivy Cudgel|p2a: Weezing|[anim] Ivy Cudgel Water\n|-damage|p2a: Weezing|20\/100\n|move|p2a: Weezing|Will-O-Wisp|p1a: \u201cI win\u201d button\n|-status|p1a: \u201cI win\u201d button|brn\n|\n|-damage|p1a: \u201cI win\u201d button|68\/100 brn|[from] brn\n|upkeep\n|turn|7\n|j| SDK04\n|\n|t:|1700363985\n|-end|p2a: Weezing|ability: Neutralizing Gas\n|switch|p2a: Wo-Chien|Wo-Chien|67\/100\n|-ability|p2a: Wo-Chien|Tablets of Ruin\n|move|p1a: \u201cI win\u201d button|Ivy Cudgel|p2a: Wo-Chien|[anim] Ivy Cudgel Water\n|-resisted|p2a: Wo-Chien\n|-damage|p2a: Wo-Chien|51\/100\n|\n|-heal|p2a: Wo-Chien|57\/100|[from] item: Leftovers\n|-damage|p1a: \u201cI win\u201d button|62\/100 brn|[from] brn\n|upkeep\n|turn|8\n|\n|t:|1700363989\n|move|p1a: \u201cI win\u201d button|Swords Dance|p1a: \u201cI win\u201d button\n|-boost|p1a: \u201cI win\u201d button|atk|2\n|move|p2a: Wo-Chien|Foul Play|p1a: \u201cI win\u201d button\n|-damage|p1a: \u201cI win\u201d button|0 fnt\n|faint|p1a: \u201cI win\u201d button\n|\n|-heal|p2a: Wo-Chien|63\/100|[from] item: Leftovers\n|upkeep\n|\n|t:|1700363994\n|switch|p1a: cool window|Ninetales-Alola, M|100\/100\n|-weather|Snow|[from] ability: Snow Warning|[of] p1a: cool window\n|turn|9\n|c| SDK04|What about Choice Band Wo-Chien?\n|c| SDK04|Power Whip \/ Knock Off\n|c|\u2606mathismathin|no.\n|\n|t:|1700364009\n|switch|p2a: Corviknight|Corviknight, M|100\/100\n|-ability|p2a: Corviknight|Pressure\n|move|p1a: cool window|Aurora Veil|p1a: cool window\n|-sidestart|p1: iron tusk 69|move: Aurora Veil\n|\n|-weather|Snow|[upkeep]\n|upkeep\n|turn|10\n|c|\u2606mathismathin|have you heard of rillaboom\n|\n|t:|1700364028\n|switch|p1a: Cheese Demon|Mew|100\/100\n|move|p2a: Corviknight|Iron Head|p1a: Cheese Demon\n|-damage|p1a: Cheese Demon|91\/100\n|\n|-weather|Snow|[upkeep]\n|-heal|p1a: Cheese Demon|97\/100|[from] item: Leftovers\n|upkeep\n|turn|11\n|\n|t:|1700364036\n|switch|p2a: Cyclizar|Cyclizar, M|100\/100\n|move|p1a: Cheese Demon|Calm Mind|p1a: Cheese Demon\n|-boost|p1a: Cheese Demon|spa|1\n|-boost|p1a: Cheese Demon|spd|1\n|\n|-weather|Snow|[upkeep]\n|-heal|p1a: Cheese Demon|100\/100|[from] item: Leftovers\n|upkeep\n|turn|12\n|\n|t:|1700364044\n|move|p2a: Cyclizar|Knock Off|p1a: Cheese Demon\n|-supereffective|p1a: Cheese Demon\n|-damage|p1a: Cheese Demon|85\/100\n|-enditem|p1a: Cheese Demon|Leftovers|[from] move: Knock Off|[of] p2a: Cyclizar\n|move|p1a: Cheese Demon|Agility|p1a: Cheese Demon\n|-boost|p1a: Cheese Demon|spe|2\n|\n|-weather|Snow|[upkeep]\n|upkeep\n|turn|13\n|\n|t:|1700364047\n|move|p1a: Cheese Demon|Calm Mind|p1a: Cheese Demon\n|-boost|p1a: Cheese Demon|spa|1\n|-boost|p1a: Cheese Demon|spd|1\n|move|p2a: Cyclizar|U-turn|p1a: Cheese Demon\n|-supereffective|p1a: Cheese Demon\n|-damage|p1a: Cheese Demon|73\/100\n|\n|t:|1700364048\n|switch|p2a: Blissey|Blissey, F|100\/100|[from] U-turn\n|\n|-weather|none\n|upkeep\n|turn|14\n|\n|t:|1700364053\n|move|p1a: Cheese Demon|Calm Mind|p1a: Cheese Demon\n|-boost|p1a: Cheese Demon|spa|1\n|-boost|p1a: Cheese Demon|spd|1\n|move|p2a: Blissey|Calm Mind|p2a: Blissey\n|-boost|p2a: Blissey|spa|1\n|-boost|p2a: Blissey|spd|1\n|\n|upkeep\n|turn|15\n|\n|t:|1700364055\n|move|p1a: Cheese Demon|Calm Mind|p1a: Cheese Demon\n|-boost|p1a: Cheese Demon|spa|1\n|-boost|p1a: Cheese Demon|spd|1\n|move|p2a: Blissey|Calm Mind|p2a: Blissey\n|-boost|p2a: Blissey|spa|1\n|-boost|p2a: Blissey|spd|1\n|\n|upkeep\n|turn|16\n|\n|t:|1700364056\n|move|p1a: Cheese Demon|Calm Mind|p1a: Cheese Demon\n|-boost|p1a: Cheese Demon|spa|1\n|-boost|p1a: Cheese Demon|spd|1\n|move|p2a: Blissey|Calm Mind|p2a: Blissey\n|-boost|p2a: Blissey|spa|1\n|-boost|p2a: Blissey|spd|1\n|\n|-sideend|p1: iron tusk 69|move: Aurora Veil\n|upkeep\n|turn|17\n|\n|t:|1700364057\n|move|p1a: Cheese Demon|Calm Mind|p1a: Cheese Demon\n|-boost|p1a: Cheese Demon|spa|1\n|-boost|p1a: Cheese Demon|spd|1\n|move|p2a: Blissey|Calm Mind|p2a: Blissey\n|-boost|p2a: Blissey|spa|1\n|-boost|p2a: Blissey|spd|1\n|\n|upkeep\n|turn|18\n|\n|t:|1700364064\n|move|p1a: Cheese Demon|Stored Power|p2a: Blissey\n|-damage|p2a: Blissey|41\/100\n|move|p2a: Blissey|Calm Mind|p2a: Blissey\n|-boost|p2a: Blissey|spa|1\n|-boost|p2a: Blissey|spd|1\n|\n|upkeep\n|turn|19\n|c|\u2606iron tusk 69|Cheese Demon used Stored Power!\n|c|\u2606iron tusk 69|(The opposing Blissey lost 59% of its health!)\n|\n|t:|1700364083\n|-terastallize|p2a: Blissey|Dark\n|move|p1a: Cheese Demon|Stored Power|p2a: Blissey\n|-immune|p2a: Blissey\n|move|p2a: Blissey|Soft-Boiled|p2a: Blissey\n|-heal|p2a: Blissey|91\/100\n|\n|upkeep\n|turn|20\n|c|\u2606iron tusk 69|Oh\n|c|\u2606iron tusk 69|aww\n|\n|t:|1700364089\n|move|p1a: Cheese Demon|Draining Kiss|p2a: Blissey\n|-supereffective|p2a: Blissey\n|-damage|p2a: Blissey|80\/100\n|-heal|p1a: Cheese Demon|88\/100|[from] drain|[of] p2a: Blissey\n|move|p2a: Blissey|Shadow Ball|p1a: Cheese Demon\n|-supereffective|p1a: Cheese Demon\n|-damage|p1a: Cheese Demon|64\/100\n|\n|upkeep\n|turn|21\n|c|\u2606iron tusk 69|love getting cteamed on ladder\n|c| SDK04|If you go Tera now, you can out damage Seismic Toss\n|\n|t:|1700364105\n|move|p1a: Cheese Demon|Draining Kiss|p2a: Blissey\n|-supereffective|p2a: Blissey\n|-damage|p2a: Blissey|69\/100\n|-heal|p1a: Cheese Demon|81\/100|[from] drain|[of] p2a: Blissey\n|move|p2a: Blissey|Shadow Ball|p1a: Cheese Demon\n|-supereffective|p1a: Cheese Demon\n|-damage|p1a: Cheese Demon|55\/100\n|\n|upkeep\n|turn|22\n|c|\u2606mathismathin|blissey needs to be tera dark for psyshock dengo since i have no clod\n|c| SDK04|And fish for ceit\n|c| SDK04|*crit\n|\n|t:|1700364120\n|move|p1a: Cheese Demon|Draining Kiss|p2a: Blissey\n|-supereffective|p2a: Blissey\n|-damage|p2a: Blissey|58\/100\n|-heal|p1a: Cheese Demon|71\/100|[from] drain|[of] p2a: Blissey\n|move|p2a: Blissey|Stealth Rock|p1a: Cheese Demon\n|-sidestart|p1: iron tusk 69|move: Stealth Rock\n|\n|upkeep\n|turn|23\n|c|\u2606iron tusk 69|I lose PP\n|\n|t:|1700364129\n|move|p1a: Cheese Demon|Draining Kiss|p2a: Blissey\n|-supereffective|p2a: Blissey\n|-damage|p2a: Blissey|48\/100\n|-heal|p1a: Cheese Demon|86\/100|[from] drain|[of] p2a: Blissey\n|move|p2a: Blissey|Soft-Boiled|p2a: Blissey\n|-heal|p2a: Blissey|98\/100\n|\n|upkeep\n|turn|24\n|c| SDK04|Just fish for crit lmao\n|c|\u2606iron tusk 69|lets see\n|c| SDK04|It also reduces Shadow Ball\u2019s damage\n|c|\u2606iron tusk 69|!math 10*3.5*1.5\n|c| iron tusk 69|\/raw <div class=\"infobox\">10*3.5*1.5<br \/>= <strong>52.5<\/strong><\/div>\n|inactive|iron tusk 69 has 120 seconds left.\n|c| oijwef|you need at least a double crit or else they just heal\n|c|\u2606iron tusk 69|!math 10*3.5*1.5*(2\/1.5)\n|c| iron tusk 69|\/raw <div class=\"infobox\">10*3.5*1.5*(2\/1.5)<br \/>= <strong>70<\/strong><\/div>\n|c| SDK04|And Draining Kiss becomes like 60 BP with Tera\n|c|\u2606iron tusk 69|yes I need double crit\n|c|\u2606iron tusk 69|not worth burning tera\n|c|\u2606iron tusk 69|blissey is food rn\n|c|\u2606iron tusk 69|i just let mew die\n|inactive|iron tusk 69 has 90 seconds left.\n|\n|t:|1700364192\n|move|p1a: Cheese Demon|Draining Kiss|p2a: Blissey\n|-supereffective|p2a: Blissey\n|-damage|p2a: Blissey|86\/100\n|-heal|p1a: Cheese Demon|100\/100|[from] drain|[of] p2a: Blissey\n|move|p2a: Blissey|Shadow Ball|p1a: Cheese Demon\n|-supereffective|p1a: Cheese Demon\n|-damage|p1a: Cheese Demon|76\/100\n|\n|upkeep\n|turn|25\n|\n|t:|1700364215\n|move|p1a: Cheese Demon|Draining Kiss|p2a: Blissey\n|-supereffective|p2a: Blissey\n|-damage|p2a: Blissey|75\/100\n|-heal|p1a: Cheese Demon|91\/100|[from] drain|[of] p2a: Blissey\n|move|p2a: Blissey|Shadow Ball|p1a: Cheese Demon\n|-supereffective|p1a: Cheese Demon\n|-damage|p1a: Cheese Demon|63\/100\n|\n|upkeep\n|turn|26\n|c| oijwef|it's okay the HEAT dog set can win\n|c| oijwef|trust\n|\n|t:|1700364223\n|move|p1a: Cheese Demon|Draining Kiss|p2a: Blissey\n|-supereffective|p2a: Blissey\n|-damage|p2a: Blissey|65\/100\n|-heal|p1a: Cheese Demon|79\/100|[from] drain|[of] p2a: Blissey\n|move|p2a: Blissey|Shadow Ball|p1a: Cheese Demon\n|-supereffective|p1a: Cheese Demon\n|-damage|p1a: Cheese Demon|51\/100\n|\n|upkeep\n|turn|27\n|\n|t:|1700364227\n|move|p1a: Cheese Demon|Draining Kiss|p2a: Blissey\n|-supereffective|p2a: Blissey\n|-damage|p2a: Blissey|54\/100\n|-heal|p1a: Cheese Demon|66\/100|[from] drain|[of] p2a: Blissey\n|move|p2a: Blissey|Soft-Boiled|p2a: Blissey\n|-heal|p2a: Blissey|100\/100\n|\n|upkeep\n|turn|28\n|\n|t:|1700364231\n|move|p1a: Cheese Demon|Draining Kiss|p2a: Blissey\n|-supereffective|p2a: Blissey\n|-damage|p2a: Blissey|89\/100\n|-heal|p1a: Cheese Demon|82\/100|[from] drain|[of] p2a: Blissey\n|move|p2a: Blissey|Shadow Ball|p1a: Cheese Demon\n|-supereffective|p1a: Cheese Demon\n|-crit|p1a: Cheese Demon\n|-damage|p1a: Cheese Demon|0 fnt\n|faint|p1a: Cheese Demon\n|\n|upkeep\n|c|\u2606iron tusk 69|well\n|c|\u2606iron tusk 69|ok\n|c| SDK04|Just go Tera Fairy though\n|inactive|iron tusk 69 has 120 seconds left.\n|\n|t:|1700364247\n|switch|p1a: DAWG.|Zamazenta|100\/100\n|-damage|p1a: DAWG.|94\/100|[from] Stealth Rock\n|-ability|p1a: DAWG.|Dauntless Shield|boost\n|-boost|p1a: DAWG.|def|1\n|turn|29\n|c| SDK04|Cause if you don\u2019t that Geezing is gonna burn your shit and force a loss\n|inactive|iron tusk 69 has 120 seconds left.\n|\n|t:|1700364260\n|switch|p2a: Corviknight|Corviknight, M|100\/100\n|-ability|p2a: Corviknight|Pressure\n|move|p1a: DAWG.|Iron Defense|p1a: DAWG.\n|-boost|p1a: DAWG.|def|2\n|\n|-heal|p1a: DAWG.|100\/100|[from] item: Leftovers\n|upkeep\n|turn|30\n|c| SDK04|Oh it\u2019s at 20%\n|\n|t:|1700364263\n|move|p1a: DAWG.|Body Press|p2a: Corviknight\n|-damage|p2a: Corviknight|47\/100\n|move|p2a: Corviknight|Iron Defense|p2a: Corviknight\n|-boost|p2a: Corviknight|def|2\n|\n|-heal|p2a: Corviknight|53\/100|[from] item: Leftovers\n|upkeep\n|turn|31\n|c| SDK04|mb\n|\n|t:|1700364266\n|move|p1a: DAWG.|Iron Defense|p1a: DAWG.\n|-boost|p1a: DAWG.|def|2\n|move|p2a: Corviknight|Roost|p2a: Corviknight\n|-heal|p2a: Corviknight|100\/100\n|-singleturn|p2a: Corviknight|move: Roost\n|\n|upkeep\n|turn|32\n|\n|t:|1700364269\n|move|p1a: DAWG.|Iron Defense|p1a: DAWG.\n|-boost|p1a: DAWG.|def|1\n|move|p2a: Corviknight|Iron Defense|p2a: Corviknight\n|-boost|p2a: Corviknight|def|2\n|\n|upkeep\n|turn|33\n|\n|t:|1700364270\n|move|p1a: DAWG.|Body Press|p2a: Corviknight\n|-damage|p2a: Corviknight|72\/100\n|move|p2a: Corviknight|Iron Defense|p2a: Corviknight\n|-boost|p2a: Corviknight|def|2\n|\n|-heal|p2a: Corviknight|79\/100|[from] item: Leftovers\n|upkeep\n|turn|34\n|\n|t:|1700364276\n|move|p1a: DAWG.|Body Press|p2a: Corviknight\n|-damage|p2a: Corviknight|58\/100\n|move|p2a: Corviknight|Body Press|p1a: DAWG.\n|-damage|p1a: DAWG.|79\/100\n|\n|-heal|p1a: DAWG.|85\/100|[from] item: Leftovers\n|-heal|p2a: Corviknight|64\/100|[from] item: Leftovers\n|upkeep\n|turn|35\n|\n|t:|1700364288\n|move|p1a: DAWG.|Body Press|p2a: Corviknight\n|-damage|p2a: Corviknight|45\/100\n|move|p2a: Corviknight|Body Press|p1a: DAWG.\n|-damage|p1a: DAWG.|63\/100\n|\n|-heal|p1a: DAWG.|69\/100|[from] item: Leftovers\n|-heal|p2a: Corviknight|51\/100|[from] item: Leftovers\n|upkeep\n|turn|36\n|\n|t:|1700364293\n|move|p1a: DAWG.|Body Press|p2a: Corviknight\n|-crit|p2a: Corviknight\n|-damage|p2a: Corviknight|0 fnt\n|faint|p2a: Corviknight\n|\n|-heal|p1a: DAWG.|75\/100|[from] item: Leftovers\n|upkeep\n|c|\u2606iron tusk 69|there we go\n|j| Evangel123\n|\n|t:|1700364305\n|switch|p2a: Weezing|Weezing-Galar, F|20\/100\n|-ability|p2a: Weezing|Neutralizing Gas\n|turn|37\n|l| Evangel123\n|j| OUHF Foenem\n|inactive|iron tusk 69 has 120 seconds left.\n|c| oijwef|absolutely no luck involved\n|j| bednor\n|c| SwabbyYabby|Maybe you should start running scope lens\n|\n|t:|1700364352\n|move|p1a: DAWG.|Body Press|p2a: Weezing\n|-resisted|p2a: Weezing\n|-damage|p2a: Weezing|0 fnt\n|faint|p2a: Weezing\n|-end|p2a: Weezing|ability: Neutralizing Gas\n|\n|-heal|p1a: DAWG.|81\/100|[from] item: Leftovers\n|upkeep\n|j| NotFun=ThisGame\n|c|\u2606mathismathin|gg\n|-message|mathismathin forfeited.\n|\n|win|iron tusk 69\n|raw|iron tusk 69's rating: 1805 &rarr; <strong>1823<\/strong><br \/>(+18 for winning)\n|raw|mathismathin's rating: 1768 &rarr; <strong>1750<\/strong><br \/>(-18 for losing)\n|c|\u2606iron tusk 69|lmao scope lens demon mew\n|c|\u2606iron tusk 69|gg\n","uploadtime":1700364374,"views":21,"p1id":"irontusk69","p2id":"mathismathin","formatid":"gen9ou","rating":1750,"private":0,"password":""}