{"id":"gen9ou-1999643666","p1":"brax","p2":"PLLV52 Macaxandre","format":"[Gen 9] OU","log":"|j|\u2606brax\n|j|\u2606PLLV52 Macaxandre\n|t:|1701103977\n|gametype|singles\n|player|p1|brax|acetrainerf-gen4dp|1363\n|player|p2|PLLV52 Macaxandre|cynthia-gen4|1460\n|teamsize|p1|6\n|teamsize|p2|6\n|gen|9\n|tier|[Gen 9] OU\n|rated|\n|rule|Sleep Clause Mod: Limit one foe put to sleep\n|rule|Species Clause: Limit one of each Pok\u00e9mon\n|rule|OHKO Clause: OHKO moves are banned\n|rule|Evasion Items Clause: Evasion items are banned\n|rule|Evasion Moves Clause: Evasion moves are banned\n|rule|Endless Battle Clause: Forcing endless battles is banned\n|rule|HP Percentage Mod: HP is shown in percentages\n|clearpoke\n|poke|p1|Chesnaught, M|\n|poke|p1|Weavile, M|\n|poke|p1|Dragonite, M|\n|poke|p1|Slowbro, F|\n|poke|p1|Donphan, M|\n|poke|p1|Ampharos, F|\n|poke|p2|Iron Valiant|\n|poke|p2|Iron Moth|\n|poke|p2|Walking Wake|\n|poke|p2|Kingambit, F|\n|poke|p2|Glimmora, M|\n|poke|p2|Iron Jugulis|\n|teampreview\n|\n|t:|1701103981\n|start\n|switch|p1a: Slowbro|Slowbro, F|100\/100\n|switch|p2a: Glimmora|Glimmora, M|100\/100\n|turn|1\n|\n|t:|1701103987\n|move|p2a: Glimmora|Mortal Spin|p1a: Slowbro\n|-damage|p1a: Slowbro|96\/100\n|-status|p1a: Slowbro|psn\n|move|p1a: Slowbro|Scald|p2a: Glimmora\n|-supereffective|p2a: Glimmora\n|-enditem|p2a: Glimmora|Focus Sash\n|-damage|p2a: Glimmora|1\/100\n|\n|-damage|p1a: Slowbro|83\/100 psn|[from] psn\n|upkeep\n|turn|2\n|\n|t:|1701103998\n|move|p2a: Glimmora|Stealth Rock|p1a: Slowbro\n|-sidestart|p1: brax|move: Stealth Rock\n|move|p1a: Slowbro|Psychic|p2a: Glimmora\n|-supereffective|p2a: Glimmora\n|-damage|p2a: Glimmora|0 fnt\n|faint|p2a: Glimmora\n|\n|-damage|p1a: Slowbro|71\/100 psn|[from] psn\n|upkeep\n|inactive|Battle timer is ON: inactive players will automatically lose when time's up. (requested by brax)\n|\n|t:|1701104039\n|switch|p2a: Kingambit|Kingambit, F|100\/100\n|-activate|p2a: Kingambit|ability: Supreme Overlord\n|-start|p2a: Kingambit|fallen1|[silent]\n|turn|3\n|\n|t:|1701104044\n|move|p2a: Kingambit|Kowtow Cleave|p1a: Slowbro\n|-supereffective|p1a: Slowbro\n|-damage|p1a: Slowbro|0 fnt\n|faint|p1a: Slowbro\n|\n|upkeep\n|\n|t:|1701104050\n|switch|p1a: Donphan|Donphan, M|100\/100\n|turn|4\n|\n|t:|1701104059\n|move|p2a: Kingambit|Swords Dance|p2a: Kingambit\n|-boost|p2a: Kingambit|atk|2\n|move|p1a: Donphan|Rapid Spin|p2a: Kingambit\n|-resisted|p2a: Kingambit\n|-damage|p2a: Kingambit|93\/100\n|-boost|p1a: Donphan|spe|1\n|-sideend|p1: brax|Stealth Rock|[from] move: Rapid Spin|[of] p1a: Donphan\n|\n|-heal|p2a: Kingambit|99\/100|[from] item: Leftovers\n|upkeep\n|turn|5\n|\n|t:|1701104070\n|-terastallize|p2a: Kingambit|Flying\n|move|p1a: Donphan|Stealth Rock|p2a: Kingambit\n|-sidestart|p2: PLLV52 Macaxandre|move: Stealth Rock\n|move|p2a: Kingambit|Kowtow Cleave|p1a: Donphan\n|-damage|p1a: Donphan|20\/100\n|\n|-heal|p2a: Kingambit|100\/100|[from] item: Leftovers\n|upkeep\n|turn|6\n|\n|t:|1701104079\n|move|p1a: Donphan|Ice Shard|p2a: Kingambit\n|-supereffective|p2a: Kingambit\n|-damage|p2a: Kingambit|75\/100\n|move|p2a: Kingambit|Iron Head|p1a: Donphan\n|-damage|p1a: Donphan|0 fnt\n|faint|p1a: Donphan\n|\n|-heal|p2a: Kingambit|82\/100|[from] item: Leftovers\n|upkeep\n|inactive|brax has 120 seconds left.\n|\n|t:|1701104120\n|switch|p1a: Ampharos|Ampharos, F|100\/100\n|turn|7\n|\n|t:|1701104128\n|move|p2a: Kingambit|Kowtow Cleave|p1a: Ampharos\n|-damage|p1a: Ampharos|0 fnt\n|faint|p1a: Ampharos\n|\n|-heal|p2a: Kingambit|88\/100|[from] item: Leftovers\n|upkeep\n|inactive|brax has 120 seconds left.\n|\n|t:|1701104135\n|switch|p1a: Weavile|Weavile, M|100\/100\n|turn|8\n|\n|t:|1701104138\n|move|p1a: Weavile|Fake Out|p2a: Kingambit\n|-damage|p2a: Kingambit|76\/100\n|cant|p2a: Kingambit|flinch\n|\n|-heal|p2a: Kingambit|82\/100|[from] item: Leftovers\n|upkeep\n|turn|9\n|\n|t:|1701104153\n|move|p1a: Weavile|Ice Spinner|p2a: Kingambit\n|-supereffective|p2a: Kingambit\n|-damage|p2a: Kingambit|13\/100\n|move|p2a: Kingambit|Iron Head|p1a: Weavile\n|-supereffective|p1a: Weavile\n|-enditem|p1a: Weavile|Focus Sash\n|-damage|p1a: Weavile|1\/100\n|-enditem|p2a: Kingambit|Leftovers|[silent]|[from] ability: Pickpocket|[of] p2a: Kingambit\n|-item|p1a: Weavile|Leftovers|[from] ability: Pickpocket|[of] p2a: Kingambit\n|\n|-heal|p1a: Weavile|7\/100|[from] item: Leftovers\n|upkeep\n|turn|10\n|\n|t:|1701104165\n|move|p1a: Weavile|Ice Shard|p2a: Kingambit\n|-supereffective|p2a: Kingambit\n|-damage|p2a: Kingambit|0 fnt\n|faint|p2a: Kingambit\n|-end|p2a: Kingambit|fallen1|[silent]\n|\n|-heal|p1a: Weavile|13\/100|[from] item: Leftovers\n|upkeep\n|\n|t:|1701104183\n|switch|p2a: Walking Wake|Walking Wake|100\/100\n|-damage|p2a: Walking Wake|88\/100|[from] Stealth Rock\n|-enditem|p2a: Walking Wake|Booster Energy\n|-activate|p2a: Walking Wake|ability: Protosynthesis|[fromitem]\n|-start|p2a: Walking Wake|protosynthesisspa\n|turn|11\n|\n|t:|1701104195\n|switch|p1a: Chesnaught|Chesnaught, M|100\/100\n|move|p2a: Walking Wake|Agility|p2a: Walking Wake\n|-boost|p2a: Walking Wake|spe|2\n|\n|upkeep\n|turn|12\n|\n|t:|1701104203\n|move|p2a: Walking Wake|Dragon Pulse|p1a: Chesnaught\n|-damage|p1a: Chesnaught|32\/100\n|move|p1a: Chesnaught|Body Press|p2a: Walking Wake\n|-damage|p2a: Walking Wake|37\/100\n|\n|-heal|p1a: Chesnaught|38\/100|[from] item: Leftovers\n|upkeep\n|turn|13\n|\n|t:|1701104211\n|move|p2a: Walking Wake|Dragon Pulse|p1a: Chesnaught\n|-damage|p1a: Chesnaught|0 fnt\n|faint|p1a: Chesnaught\n|\n|upkeep\n|\n|t:|1701104216\n|switch|p1a: Weavile|Weavile, M|13\/100\n|turn|14\n|\n|t:|1701104221\n|move|p1a: Weavile|Fake Out|p2a: Walking Wake\n|-damage|p2a: Walking Wake|21\/100\n|cant|p2a: Walking Wake|flinch\n|\n|-heal|p1a: Weavile|19\/100|[from] item: Leftovers\n|upkeep\n|turn|15\n|\n|t:|1701104228\n|move|p1a: Weavile|Ice Shard|p2a: Walking Wake\n|-damage|p2a: Walking Wake|0 fnt\n|faint|p2a: Walking Wake\n|-end|p2a: Walking Wake|Protosynthesis|[silent]\n|\n|-heal|p1a: Weavile|25\/100|[from] item: Leftovers\n|upkeep\n|\n|t:|1701104244\n|switch|p2a: Iron Valiant|Iron Valiant|100\/100\n|-damage|p2a: Iron Valiant|94\/100|[from] Stealth Rock\n|-enditem|p2a: Iron Valiant|Booster Energy\n|-activate|p2a: Iron Valiant|ability: Quark Drive|[fromitem]\n|-start|p2a: Iron Valiant|quarkdrivespe\n|turn|16\n|l|\u2606brax\n|inactive|brax disconnected and has a minute to reconnect!\n|player|p1|\n|inactive|brax has 30 seconds to reconnect!\n|inactive|brax has 20 seconds to reconnect!\n|inactive|brax has 15 seconds to reconnect!\n|inactive|brax has 10 seconds to reconnect!\n|inactive|brax has 5 seconds to reconnect!\n|j|\u2606brax\n|inactive|brax reconnected and has 80 seconds left.\n|player|p1|brax|acetrainerf-gen4dp\n|l|\u2606brax\n|inactive|brax disconnected and has a minute to reconnect!\n|player|p1|\n|j|\u2606brax\n|inactive|brax reconnected and has 75 seconds left.\n|player|p1|brax|acetrainerf-gen4dp\n|\n|t:|1701104324\n|switch|p1a: Dragonite|Dragonite, M|100\/100\n|move|p2a: Iron Valiant|Knock Off|p1a: Dragonite\n|-damage|p1a: Dragonite|84\/100\n|-enditem|p1a: Dragonite|Weakness Policy|[from] move: Knock Off|[of] p2a: Iron Valiant\n|\n|upkeep\n|turn|17\n|inactive|PLLV52 Macaxandre has 120 seconds left.\n|\n|t:|1701104362\n|-terastallize|p1a: Dragonite|Steel\n|move|p2a: Iron Valiant|Swords Dance|p2a: Iron Valiant\n|-boost|p2a: Iron Valiant|atk|2\n|move|p1a: Dragonite|Iron Head|p2a: Iron Valiant\n|-supereffective|p2a: Iron Valiant\n|-damage|p2a: Iron Valiant|0 fnt\n|faint|p2a: Iron Valiant\n|-end|p2a: Iron Valiant|Quark Drive|[silent]\n|\n|upkeep\n|j| Hoot-hoot Shiny\n|\n|t:|1701104371\n|switch|p2a: Iron Moth|Iron Moth|100\/100\n|-damage|p2a: Iron Moth|76\/100|[from] Stealth Rock\n|-enditem|p2a: Iron Moth|Booster Energy\n|-activate|p2a: Iron Moth|ability: Quark Drive|[fromitem]\n|-start|p2a: Iron Moth|quarkdrivespe\n|turn|18\n|inactive|brax has 90 seconds left.\n|l|\u2606brax\n|inactive|brax disconnected and has a minute to reconnect!\n|player|p1|\n|j|\u2606brax\n|inactive|brax reconnected and has 80 seconds left.\n|player|p1|brax|acetrainerf-gen4dp\n|c| Hoot-hoot Shiny|wtf\n|c| Hoot-hoot Shiny|il joue a quoi lui\n|\n|t:|1701104392\n|move|p1a: Dragonite|Extreme Speed|p2a: Iron Moth\n|-damage|p2a: Iron Moth|28\/100\n|move|p2a: Iron Moth|Fiery Dance|p1a: Dragonite\n|-supereffective|p1a: Dragonite\n|-damage|p1a: Dragonite|17\/100\n|\n|upkeep\n|turn|19\n|\n|t:|1701104401\n|move|p1a: Dragonite|Extreme Speed|p2a: Iron Moth\n|-damage|p2a: Iron Moth|0 fnt\n|faint|p2a: Iron Moth\n|-end|p2a: Iron Moth|Quark Drive|[silent]\n|\n|upkeep\n|\n|t:|1701104403\n|switch|p2a: Iron Jugulis|Iron Jugulis|100\/100\n|-damage|p2a: Iron Jugulis|76\/100|[from] Stealth Rock\n|-enditem|p2a: Iron Jugulis|Booster Energy\n|-activate|p2a: Iron Jugulis|ability: Quark Drive|[fromitem]\n|-start|p2a: Iron Jugulis|quarkdrivespe\n|turn|20\n|inactive|brax has 90 seconds left.\n|c| Hoot-hoot Shiny|il aurait du dd\n|\n|t:|1701104413\n|move|p1a: Dragonite|Extreme Speed|p2a: Iron Jugulis\n|-damage|p2a: Iron Jugulis|38\/100\n|move|p2a: Iron Jugulis|Flamethrower|p1a: Dragonite\n|-supereffective|p1a: Dragonite\n|-damage|p1a: Dragonite|0 fnt\n|faint|p1a: Dragonite\n|\n|upkeep\n|c|\u2606PLLV52 Macaxandre|jsp mais il me sweep\n|inactive|brax has 90 seconds left.\n|\n|t:|1701104421\n|switch|p1a: Weavile|Weavile, M|25\/100\n|turn|21\n|c| Hoot-hoot Shiny|ui\n|c|\u2606PLLV52 Macaxandre|j'aurai du jugulis first\n|\n|t:|1701104432\n|move|p1a: Weavile|Fake Out|p2a: Iron Jugulis\n|-crit|p2a: Iron Jugulis\n|-damage|p2a: Iron Jugulis|11\/100\n|cant|p2a: Iron Jugulis|flinch\n|\n|-heal|p1a: Weavile|31\/100|[from] item: Leftovers\n|upkeep\n|turn|22\n|c| Hoot-hoot Shiny|oh il a pas ice shard\n|\n|t:|1701104440\n|move|p1a: Weavile|Ice Shard|p2a: Iron Jugulis\n|-supereffective|p2a: Iron Jugulis\n|-crit|p2a: Iron Jugulis\n|-damage|p2a: Iron Jugulis|0 fnt\n|faint|p2a: Iron Jugulis\n|-end|p2a: Iron Jugulis|Quark Drive|[silent]\n|\n|win|brax\n|raw|brax's rating: 1363 &rarr; <strong>1388<\/strong><br \/>(+25 for winning)\n|raw|PLLV52 Macaxandre's rating: 1460 &rarr; <strong>1435<\/strong><br \/>(-25 for losing)\n|c| Hoot-hoot Shiny|ah si\n|c| Hoot-hoot Shiny|bluf + ice shard ok\n|l| Hoot-hoot Shiny\n|l|\u2606brax\n|l|\u2606PLLV52 Macaxandre\n|j|\u2606brax\n|player|p1|brax|acetrainerf-gen4dp\n","uploadtime":1701104552,"views":9,"p1id":"brax","p2id":"pllv52macaxandre","formatid":"gen9ou","rating":1388,"private":0,"password":""}