{"id":"gen9ou-1995967132","p1":"Olebuddy","p2":"h8for3vr","format":"[Gen 9] OU","log":"|j|\u2606Olebuddy\n|j|\u203dh8for3vr\n|t:|1700623136\n|gametype|singles\n|player|p1|Olebuddy|dragontamer|1068\n|player|p2|h8for3vr|alec-anime|1000\n|teamsize|p1|6\n|teamsize|p2|6\n|gen|9\n|tier|[Gen 9] OU\n|rated|\n|rule|Sleep Clause Mod: Limit one foe put to sleep\n|rule|Species Clause: Limit one of each Pok\u00e9mon\n|rule|OHKO Clause: OHKO moves are banned\n|rule|Evasion Items Clause: Evasion items are banned\n|rule|Evasion Moves Clause: Evasion moves are banned\n|rule|Endless Battle Clause: Forcing endless battles is banned\n|rule|HP Percentage Mod: HP is shown in percentages\n|clearpoke\n|poke|p1|Arcanine-Hisui, M|\n|poke|p1|Kleavor, F|\n|poke|p1|Torkoal, M|\n|poke|p1|Leafeon, M|\n|poke|p1|Landorus-Therian, M|\n|poke|p1|Walking Wake|\n|poke|p2|Dragonite, M|\n|poke|p2|Dragapult, M|\n|poke|p2|Cresselia, F|\n|poke|p2|Garchomp, M|\n|poke|p2|Walking Wake|\n|poke|p2|Gengar, M|\n|teampreview\n|inactive|Battle timer is ON: inactive players will automatically lose when time's up. (requested by h8for3vr)\n|\n|t:|1700623151\n|start\n|switch|p1a: Torkoal|Torkoal, M|100\/100\n|switch|p2a: Garchomp|Garchomp, M|100\/100\n|-weather|SunnyDay|[from] ability: Drought|[of] p1a: Torkoal\n|turn|1\n|\n|t:|1700623158\n|move|p2a: Garchomp|Stealth Rock|p1a: Torkoal\n|-sidestart|p1: Olebuddy|move: Stealth Rock\n|move|p1a: Torkoal|Stealth Rock|p2a: Garchomp\n|-sidestart|p2: h8for3vr|move: Stealth Rock\n|\n|-weather|SunnyDay|[upkeep]\n|upkeep\n|turn|2\n|\n|t:|1700623164\n|move|p2a: Garchomp|Spikes|p1a: Torkoal\n|-sidestart|p1: Olebuddy|Spikes\n|move|p1a: Torkoal|Yawn|p2a: Garchomp\n|-start|p2a: Garchomp|move: Yawn|[of] p1a: Torkoal\n|\n|-weather|SunnyDay|[upkeep]\n|upkeep\n|turn|3\n|\n|t:|1700623174\n|switch|p2a: Walking Wake|Walking Wake|100\/100\n|-damage|p2a: Walking Wake|88\/100|[from] Stealth Rock\n|-activate|p2a: Walking Wake|ability: Protosynthesis\n|-start|p2a: Walking Wake|protosynthesisspa\n|move|p1a: Torkoal|Rapid Spin|p2a: Walking Wake\n|-damage|p2a: Walking Wake|79\/100\n|-boost|p1a: Torkoal|spe|1\n|-sideend|p1: Olebuddy|Spikes|[from] move: Rapid Spin|[of] p1a: Torkoal\n|-sideend|p1: Olebuddy|Stealth Rock|[from] move: Rapid Spin|[of] p1a: Torkoal\n|\n|-weather|SunnyDay|[upkeep]\n|upkeep\n|turn|4\n|\n|t:|1700623196\n|move|p2a: Walking Wake|Agility|p2a: Walking Wake\n|-boost|p2a: Walking Wake|spe|2\n|move|p1a: Torkoal|Yawn|p2a: Walking Wake\n|-start|p2a: Walking Wake|move: Yawn|[of] p1a: Torkoal\n|\n|-weather|SunnyDay|[upkeep]\n|upkeep\n|turn|5\n|\n|t:|1700623205\n|move|p2a: Walking Wake|Surf|p1a: Torkoal\n|-supereffective|p1a: Torkoal\n|-damage|p1a: Torkoal|20\/100\n|move|p1a: Torkoal|Clear Smog|p2a: Walking Wake\n|-damage|p2a: Walking Wake|68\/100\n|-clearboost|p2a: Walking Wake\n|\n|-weather|none\n|-end|p2a: Walking Wake|Protosynthesis\n|-heal|p1a: Torkoal|26\/100|[from] item: Leftovers\n|-end|p2a: Walking Wake|move: Yawn|[silent]\n|-status|p2a: Walking Wake|slp\n|upkeep\n|-enditem|p2a: Walking Wake|Booster Energy\n|-activate|p2a: Walking Wake|ability: Protosynthesis|[fromitem]\n|-start|p2a: Walking Wake|protosynthesisspa\n|turn|6\n|-message|h8for3vr forfeited.\n|\n|win|Olebuddy\n|raw|Olebuddy's rating: 1068 &rarr; <strong>1092<\/strong><br \/>(+24 for winning)\n|raw|h8for3vr's rating: 1000 &rarr; <strong>1000<\/strong><br \/>(+0 for losing)\n|l|\u203dh8for3vr\n","uploadtime":1700623222,"views":0,"p1id":"olebuddy","p2id":"h8for3vr","formatid":"gen9ou","rating":1000,"private":0,"password":""}