{"id":"gen9ou-1991628534","p1":"ou suds","p2":"Subakyu","format":"[Gen 9] OU","log":"|j|\u2606ou suds\n|j|\u2606Subakyu\n|t:|1700095985\n|gametype|singles\n|player|p1|ou suds|supernerd|1082\n|player|p2|Subakyu|steven|1007\n|teamsize|p1|6\n|teamsize|p2|6\n|gen|9\n|tier|[Gen 9] OU\n|rated|\n|rule|Sleep Clause Mod: Limit one foe put to sleep\n|rule|Species Clause: Limit one of each Pok\u00e9mon\n|rule|OHKO Clause: OHKO moves are banned\n|rule|Evasion Items Clause: Evasion items are banned\n|rule|Evasion Moves Clause: Evasion moves are banned\n|rule|Endless Battle Clause: Forcing endless battles is banned\n|rule|HP Percentage Mod: HP is shown in percentages\n|clearpoke\n|poke|p1|Kingambit, M|\n|poke|p1|Ceruledge, M|\n|poke|p1|Iron Valiant|\n|poke|p1|Cinderace, M|\n|poke|p1|Slowking-Galar, F|\n|poke|p1|Ditto|\n|poke|p2|Ribombee, F|\n|poke|p2|Ogerpon-Wellspring, F|\n|poke|p2|Sneasler, M|\n|poke|p2|Great Tusk|\n|poke|p2|Gholdengo|\n|poke|p2|Kingambit, M|\n|teampreview\n|inactive|Battle timer is ON: inactive players will automatically lose when time's up. (requested by ou suds)\n|inactive|Subakyu has 120 seconds left.\n|inactive|ou suds has 120 seconds left.\n|\n|t:|1700096027\n|start\n|switch|p1a: Cinderace|Cinderace, M|100\/100\n|switch|p2a: Sneeze Shady|Sneasler, M|100\/100\n|-item|p2a: Sneeze Shady|Air Balloon\n|turn|1\n|\n|t:|1700096040\n|move|p1a: Cinderace|Pyro Ball|p2a: Sneeze Shady\n|-damage|p2a: Sneeze Shady|1\/100\n|-enditem|p2a: Sneeze Shady|Air Balloon\n|move|p2a: Sneeze Shady|U-turn|p1a: Cinderace\n|-resisted|p1a: Cinderace\n|-damage|p1a: Cinderace|81\/100\n|\n|t:|1700096050\n|switch|p2a: Swellspring|Ogerpon-Wellspring, F|100\/100|[from] U-turn\n|\n|upkeep\n|turn|2\n|\n|t:|1700096069\n|switch|p1a: Ditto|Ditto|100\/100\n|-transform|p1a: Ditto|p2a: Swellspring|[from] ability: Imposter\n|move|p2a: Swellspring|Swords Dance|p2a: Swellspring\n|-boost|p2a: Swellspring|atk|2\n|-enditem|p1a: Ditto|Mirror Herb\n|-boost|p1a: Ditto|atk|2|[from] item: Mirror Herb\n|\n|upkeep\n|turn|3\n|\n|t:|1700096081\n|move|p2a: Swellspring|Knock Off|p1a: Ditto\n|-damage|p1a: Ditto|28\/100\n|move|p1a: Ditto|Trailblaze|p2a: Swellspring\n|-damage|p2a: Swellspring|38\/100\n|-boost|p1a: Ditto|spe|1\n|\n|upkeep\n|turn|4\n|\n|t:|1700096089\n|move|p1a: Ditto|Trailblaze|p2a: Swellspring\n|-crit|p2a: Swellspring\n|-damage|p2a: Swellspring|0 fnt\n|-boost|p1a: Ditto|spe|1\n|faint|p2a: Swellspring\n|\n|upkeep\n|\n|t:|1700096106\n|switch|p2a: Kingamble|Kingambit, M|100\/100\n|-activate|p2a: Kingamble|ability: Supreme Overlord\n|-start|p2a: Kingamble|fallen1|[silent]\n|turn|5\n|\n|t:|1700096109\n|move|p2a: Kingamble|Sucker Punch||[still]\n|-fail|p2a: Kingamble\n|move|p1a: Ditto|Swords Dance|p1a: Ditto\n|-boost|p1a: Ditto|atk|2\n|\n|upkeep\n|turn|6\n|\n|t:|1700096113\n|move|p2a: Kingamble|Sucker Punch|p1a: Ditto\n|-damage|p1a: Ditto|0 fnt\n|faint|p1a: Ditto\n|\n|upkeep\n|\n|t:|1700096115\n|switch|p1a: Cinderace|Cinderace, M|81\/100\n|turn|7\n|\n|t:|1700096126\n|-end|p2a: Kingamble|fallen1|[silent]\n|switch|p2a: Sneeze Shady|Sneasler, M|1\/100\n|move|p1a: Cinderace|Pyro Ball|p2a: Sneeze Shady\n|-damage|p2a: Sneeze Shady|0 fnt\n|faint|p2a: Sneeze Shady\n|\n|upkeep\n|\n|t:|1700096137\n|switch|p2a: Great Tusk|Great Tusk|100\/100\n|-enditem|p2a: Great Tusk|Booster Energy\n|-activate|p2a: Great Tusk|ability: Protosynthesis|[fromitem]\n|-start|p2a: Great Tusk|protosynthesisspe\n|turn|8\n|\n|t:|1700096147\n|switch|p1a: Iron Valiant|Iron Valiant|100\/100\n|-enditem|p1a: Iron Valiant|Booster Energy\n|-activate|p1a: Iron Valiant|ability: Quark Drive|[fromitem]\n|-start|p1a: Iron Valiant|quarkdrivespe\n|move|p2a: Great Tusk|Headlong Rush|p1a: Iron Valiant\n|-damage|p1a: Iron Valiant|27\/100\n|-unboost|p2a: Great Tusk|def|1\n|-unboost|p2a: Great Tusk|spd|1\n|\n|upkeep\n|turn|9\n|c|\u2606ou suds|im cc\n|c|\u2606ou suds|!dt close combat\n|raw|<ul class=\"utilichart\"><li class=\"result\"><span class=\"col movenamecol\"><a href=\"https:\/\/dex.pokemonshowdown.com\/moves\/closecombat\">Close Combat<\/a><\/span> <span class=\"col typecol\"><img src=\"\/\/play.pokemonshowdown.com\/sprites\/types\/Fighting.png\" alt=\"Fighting\" width=\"32\" height=\"14\"><img src=\"\/\/play.pokemonshowdown.com\/sprites\/categories\/Physical.png\" alt=\"Physical\" width=\"32\" height=\"14\"><\/span> <span class=\"col labelcol\"><em>Power<\/em><br>120<\/span> <span class=\"col widelabelcol\"><em>Accuracy<\/em><br>100%<\/span> <span class=\"col pplabelcol\"><em>PP<\/em><br>8<\/span> <span class=\"col movedesccol\">Lowers the user's Defense and Sp. Def by 1.<\/span> <\/li><li style=\"clear:both\"><\/li><\/ul>\n|raw|<font size=\"1\"><font color=\"#686868\">Priority:<\/font> 0&nbsp;|&ThickSpace;<font color=\"#686868\">Gen:<\/font> 4&nbsp;|&ThickSpace;&#10003; Contact&nbsp;|&ThickSpace;<font color=\"#686868\">Z-Power:<\/font> 190&nbsp;|&ThickSpace;<font color=\"#686868\">Dynamax Power:<\/font> 95&nbsp;|&ThickSpace;<font color=\"#686868\">Target:<\/font> One Adjacent Pok\u00e9mon<\/font>\n\n|\n|t:|1700096174\n|move|p1a: Iron Valiant|Moonblast|p2a: Great Tusk\n|-supereffective|p2a: Great Tusk\n|-damage|p2a: Great Tusk|0 fnt\n|faint|p2a: Great Tusk\n|-end|p2a: Great Tusk|Protosynthesis|[silent]\n|\n|upkeep\n|\n|t:|1700096180\n|switch|p2a: Gholden Exp|Gholdengo|100\/100\n|-item|p2a: Gholden Exp|Air Balloon\n|turn|10\n|inactive|Subakyu has 120 seconds left.\n|\n|t:|1700096202\n|move|p1a: Iron Valiant|Substitute|p1a: Iron Valiant\n|-start|p1a: Iron Valiant|Substitute\n|-damage|p1a: Iron Valiant|3\/100\n|move|p2a: Gholden Exp|Make It Rain|p1a: Iron Valiant\n|-supereffective|p1a: Iron Valiant\n|-end|p1a: Iron Valiant|Substitute\n|-unboost|p2a: Gholden Exp|spa|1\n|\n|upkeep\n|turn|11\n|\n|t:|1700096208\n|move|p1a: Iron Valiant|Shadow Ball|p2a: Gholden Exp\n|-supereffective|p2a: Gholden Exp\n|-damage|p2a: Gholden Exp|42\/100\n|-unboost|p2a: Gholden Exp|spd|1\n|-enditem|p2a: Gholden Exp|Air Balloon\n|move|p2a: Gholden Exp|Make It Rain|p1a: Iron Valiant\n|-supereffective|p1a: Iron Valiant\n|-damage|p1a: Iron Valiant|0 fnt\n|-unboost|p2a: Gholden Exp|spa|1\n|faint|p1a: Iron Valiant\n|-end|p1a: Iron Valiant|Quark Drive|[silent]\n|\n|upkeep\n|\n|t:|1700096217\n|switch|p1a: Ceruledge|Ceruledge, M|100\/100\n|turn|12\n|\n|t:|1700096221\n|-terastallize|p1a: Ceruledge|Poison\n|move|p1a: Ceruledge|Swords Dance|p1a: Ceruledge\n|-boost|p1a: Ceruledge|atk|2\n|move|p2a: Gholden Exp|Shadow Ball|p1a: Ceruledge\n|-damage|p1a: Ceruledge|74\/100\n|\n|upkeep\n|turn|13\n|\n|t:|1700096226\n|move|p1a: Ceruledge|Bitter Blade|p2a: Gholden Exp\n|-supereffective|p2a: Gholden Exp\n|-damage|p2a: Gholden Exp|0 fnt\n|-heal|p1a: Ceruledge|97\/100|[from] drain|[of] p2a: Gholden Exp\n|faint|p2a: Gholden Exp\n|\n|upkeep\n|\n|t:|1700096237\n|switch|p2a: Yuno|Ribombee, F, shiny|100\/100\n|turn|14\n|\n|t:|1700096246\n|-terastallize|p2a: Yuno|Fire\n|move|p2a: Yuno|Quiver Dance|p2a: Yuno\n|-boost|p2a: Yuno|spa|1\n|-boost|p2a: Yuno|spd|1\n|-boost|p2a: Yuno|spe|1\n|move|p1a: Ceruledge|Bitter Blade|p2a: Yuno\n|-resisted|p2a: Yuno\n|-damage|p2a: Yuno|45\/100\n|-heal|p1a: Ceruledge|100\/100|[from] drain|[of] p2a: Yuno\n|\n|upkeep\n|turn|15\n|\n|t:|1700096252\n|move|p2a: Yuno|Stored Power|p1a: Ceruledge\n|-supereffective|p1a: Ceruledge\n|-damage|p1a: Ceruledge|16\/100\n|-damage|p2a: Yuno|35\/100|[from] item: Life Orb\n|move|p1a: Ceruledge|Bitter Blade|p2a: Yuno\n|-resisted|p2a: Yuno\n|-damage|p2a: Yuno|0 fnt\n|-heal|p1a: Ceruledge|34\/100|[from] drain|[of] p2a: Yuno\n|faint|p2a: Yuno\n|\n|upkeep\n|\n|t:|1700096257\n|switch|p2a: Kingamble|Kingambit, M|100\/100\n|-activate|p2a: Kingamble|ability: Supreme Overlord\n|-start|p2a: Kingamble|fallen5|[silent]\n|turn|16\n|\n|t:|1700096261\n|move|p2a: Kingamble|Sucker Punch|p1a: Ceruledge\n|-damage|p1a: Ceruledge|0 fnt\n|faint|p1a: Ceruledge\n|\n|upkeep\n|\n|t:|1700096264\n|switch|p1a: Cinderace|Cinderace, M|81\/100\n|turn|17\n|\n|t:|1700096274\n|move|p2a: Kingamble|Sucker Punch|p1a: Cinderace\n|-crit|p1a: Cinderace\n|-damage|p1a: Cinderace|0 fnt\n|faint|p1a: Cinderace\n|\n|upkeep\n|\n|t:|1700096277\n|switch|p1a: Slowking|Slowking-Galar, F|100\/100\n|turn|18\n|\n|t:|1700096284\n|move|p2a: Kingamble|Sucker Punch||[still]\n|-fail|p2a: Kingamble\n|move|p1a: Slowking|Iron Defense|p1a: Slowking\n|-boost|p1a: Slowking|def|2\n|\n|upkeep\n|turn|19\n|\n|t:|1700096288\n|move|p2a: Kingamble|Kowtow Cleave|p1a: Slowking\n|-supereffective|p1a: Slowking\n|-damage|p1a: Slowking|33\/100\n|move|p1a: Slowking|Iron Defense|p1a: Slowking\n|-boost|p1a: Slowking|def|2\n|\n|-heal|p1a: Slowking|39\/100|[from] item: Leftovers\n|upkeep\n|turn|20\n|\n|t:|1700096295\n|move|p2a: Kingamble|Kowtow Cleave|p1a: Slowking\n|-supereffective|p1a: Slowking\n|-damage|p1a: Slowking|0 fnt\n|faint|p1a: Slowking\n|\n|upkeep\n|\n|t:|1700096298\n|switch|p1a: Kingambit|Kingambit, M|100\/100\n|-activate|p1a: Kingambit|ability: Supreme Overlord\n|-start|p1a: Kingambit|fallen5|[silent]\n|turn|21\n|\n|t:|1700096300\n|move|p1a: Kingambit|Low Kick|p2a: Kingamble\n|-supereffective|p2a: Kingamble\n|-damage|p2a: Kingamble|0 fnt\n|faint|p2a: Kingamble\n|-end|p2a: Kingamble|fallen5|[silent]\n|\n|win|ou suds\n|raw|ou suds's rating: 1082 &rarr; <strong>1104<\/strong><br \/>(+22 for winning)\n|raw|Subakyu's rating: 1007 &rarr; <strong>1000<\/strong><br \/>(-7 for losing)\n|l|\u2606Subakyu\n|l|\u2606ou suds\n|j| mono suds\n","uploadtime":1700096367,"views":19,"p1id":"ousuds","p2id":"subakyu","formatid":"gen9ou","rating":1000,"private":0,"password":""}