{"id":"gen9ou-1995814989","p1":"danagrio2002","p2":"thunderdog_32","format":"[Gen 9] OU","log":"|j|\u2606danagrio2002\n|j|\u2606thunderdog_32\n|t:|1700605820\n|gametype|singles\n|player|p1|danagrio2002|petrel|1298\n|player|p2|thunderdog_32|169|1267\n|teamsize|p1|6\n|teamsize|p2|6\n|gen|9\n|tier|[Gen 9] OU\n|rated|\n|rule|Sleep Clause Mod: Limit one foe put to sleep\n|rule|Species Clause: Limit one of each Pok\u00e9mon\n|rule|OHKO Clause: OHKO moves are banned\n|rule|Evasion Items Clause: Evasion items are banned\n|rule|Evasion Moves Clause: Evasion moves are banned\n|rule|Endless Battle Clause: Forcing endless battles is banned\n|rule|HP Percentage Mod: HP is shown in percentages\n|clearpoke\n|poke|p1|Hatterene, F|\n|poke|p1|Arcanine-Hisui, F|\n|poke|p1|Zapdos|\n|poke|p1|Kingambit, M|\n|poke|p1|Garganacl, F|\n|poke|p1|Gastrodon-East, F|\n|poke|p2|Hatterene, F|\n|poke|p2|Great Tusk|\n|poke|p2|Heatran, F|\n|poke|p2|Ogerpon-Wellspring, F|\n|poke|p2|Zapdos|\n|poke|p2|Dragapult, M|\n|teampreview\n|inactive|Battle timer is ON: inactive players will automatically lose when time's up. (requested by thunderdog_32)\n|\n|t:|1700605835\n|start\n|switch|p1a: Zapdos|Zapdos|100\/100\n|switch|p2a: Great Tusk|Great Tusk|100\/100\n|turn|1\n|\n|t:|1700605839\n|-end|p2a: Great Tusk|Protosynthesis|[silent]\n|switch|p2a: Heatran|Heatran, F|100\/100\n|move|p1a: Zapdos|Hurricane|p2a: Heatran\n|-resisted|p2a: Heatran\n|-damage|p2a: Heatran|78\/100\n|\n|-heal|p2a: Heatran|84\/100|[from] item: Leftovers\n|upkeep\n|turn|2\n|\n|t:|1700605845\n|switch|p1a: Hatterene|Hatterene, F|100\/100\n|move|p2a: Heatran|Magma Storm|p1a: Hatterene|[miss]\n|-miss|p2a: Heatran|p1a: Hatterene\n|\n|-heal|p2a: Heatran|91\/100|[from] item: Leftovers\n|upkeep\n|turn|3\n|\n|t:|1700605858\n|switch|p1a: Arcanine|Arcanine-Hisui, F, shiny|100\/100\n|move|p2a: Heatran|Magma Storm|p1a: Arcanine\n|-resisted|p1a: Arcanine\n|-damage|p1a: Arcanine|88\/100\n|-activate|p1a: Arcanine|move: Magma Storm|[of] p2a: Heatran\n|\n|-heal|p2a: Heatran|97\/100|[from] item: Leftovers\n|-damage|p1a: Arcanine|75\/100|[from] move: Magma Storm|[partiallytrapped]\n|upkeep\n|turn|4\n|\n|t:|1700605869\n|switch|p2a: Great Tusk|Great Tusk|100\/100\n|move|p1a: Arcanine|Head Smash|p2a: Great Tusk|[miss]\n|-miss|p1a: Arcanine|p2a: Great Tusk\n|\n|-end|p1a: Arcanine|Magma Storm|[partiallytrapped]|[silent]\n|upkeep\n|turn|5\n|\n|t:|1700605877\n|move|p1a: Arcanine|Head Smash|p2a: Great Tusk\n|-resisted|p2a: Great Tusk\n|-damage|p2a: Great Tusk|81\/100\n|move|p2a: Great Tusk|Knock Off|p1a: Arcanine\n|-damage|p1a: Arcanine|33\/100\n|-enditem|p1a: Arcanine|Choice Band|[from] move: Knock Off|[of] p2a: Great Tusk\n|\n|upkeep\n|turn|6\n|\n|t:|1700605890\n|move|p1a: Arcanine|Psychic Fangs|p2a: Great Tusk\n|-supereffective|p2a: Great Tusk\n|-damage|p2a: Great Tusk|44\/100\n|move|p2a: Great Tusk|Close Combat|p1a: Arcanine\n|-supereffective|p1a: Arcanine\n|-crit|p1a: Arcanine\n|-damage|p1a: Arcanine|0 fnt\n|-unboost|p2a: Great Tusk|def|1\n|-unboost|p2a: Great Tusk|spd|1\n|faint|p1a: Arcanine\n|\n|upkeep\n|\n|t:|1700605894\n|switch|p1a: Zapdos|Zapdos|100\/100\n|turn|7\n|\n|t:|1700605904\n|-end|p2a: Great Tusk|Protosynthesis|[silent]\n|switch|p2a: Heatran|Heatran, F|97\/100\n|move|p1a: Zapdos|Hurricane|p2a: Heatran\n|-resisted|p2a: Heatran\n|-damage|p2a: Heatran|73\/100\n|\n|-heal|p2a: Heatran|79\/100|[from] item: Leftovers\n|upkeep\n|turn|8\n|\n|t:|1700605909\n|switch|p1a: Gastrodon|Gastrodon-East, F|100\/100\n|move|p2a: Heatran|Magma Storm|p1a: Gastrodon\n|-resisted|p1a: Gastrodon\n|-damage|p1a: Gastrodon|83\/100\n|-activate|p1a: Gastrodon|move: Magma Storm|[of] p2a: Heatran\n|\n|-heal|p2a: Heatran|85\/100|[from] item: Leftovers\n|-damage|p1a: Gastrodon|70\/100|[from] move: Magma Storm|[partiallytrapped]\n|upkeep\n|turn|9\n|\n|t:|1700605914\n|move|p2a: Heatran|Taunt|p1a: Gastrodon\n|-start|p1a: Gastrodon|move: Taunt\n|move|p1a: Gastrodon|Ice Beam|p2a: Heatran\n|-resisted|p2a: Heatran\n|-damage|p2a: Heatran|82\/100\n|\n|-heal|p2a: Heatran|88\/100|[from] item: Leftovers\n|-damage|p1a: Gastrodon|58\/100|[from] move: Magma Storm|[partiallytrapped]\n|upkeep\n|turn|10\n|\n|t:|1700605923\n|switch|p2a: Hatterene|Hatterene, F|100\/100\n|move|p1a: Gastrodon|Earth Power|p2a: Hatterene\n|-damage|p2a: Hatterene|65\/100\n|\n|-heal|p2a: Hatterene|71\/100|[from] item: Leftovers\n|-end|p1a: Gastrodon|Magma Storm|[partiallytrapped]|[silent]\n|upkeep\n|turn|11\n|\n|t:|1700605929\n|move|p1a: Gastrodon|Sludge Bomb|p2a: Hatterene\n|-supereffective|p2a: Hatterene\n|-damage|p2a: Hatterene|22\/100\n|move|p2a: Hatterene|Mystical Fire|p1a: Gastrodon\n|-resisted|p1a: Gastrodon\n|-damage|p1a: Gastrodon|47\/100\n|-unboost|p1a: Gastrodon|spa|1\n|\n|-heal|p2a: Hatterene|28\/100|[from] item: Leftovers\n|-end|p1a: Gastrodon|move: Taunt\n|upkeep\n|turn|12\n|\n|t:|1700605938\n|switch|p2a: Heatran|Heatran, F|88\/100\n|move|p1a: Gastrodon|Recover|p1a: Gastrodon\n|-heal|p1a: Gastrodon|97\/100\n|\n|-heal|p2a: Heatran|94\/100|[from] item: Leftovers\n|upkeep\n|turn|13\n|\n|t:|1700605951\n|switch|p2a: Ogerpon|Ogerpon-Wellspring, F|100\/100\n|move|p1a: Gastrodon|Earth Power|p2a: Ogerpon\n|-resisted|p2a: Ogerpon\n|-damage|p2a: Ogerpon|88\/100\n|-unboost|p2a: Ogerpon|spd|1\n|\n|upkeep\n|turn|14\n|\n|t:|1700605959\n|move|p2a: Ogerpon|Horn Leech|p1a: Gastrodon\n|-supereffective|p1a: Gastrodon\n|-damage|p1a: Gastrodon|0 fnt\n|-heal|p2a: Ogerpon|100\/100|[from] drain|[of] p1a: Gastrodon\n|-damage|p2a: Ogerpon|84\/100|[from] item: Rocky Helmet|[of] p1a: Gastrodon\n|faint|p1a: Gastrodon\n|\n|upkeep\n|\n|t:|1700605963\n|switch|p1a: Zapdos|Zapdos|100\/100\n|turn|15\n|\n|t:|1700605980\n|switch|p2a: Heatran|Heatran, F|94\/100\n|move|p1a: Zapdos|Volt Switch|p2a: Heatran\n|-damage|p2a: Heatran|63\/100\n|\n|t:|1700605986\n|switch|p1a: Garganacl|Garganacl, F|100\/100|[from] Volt Switch\n|\n|-heal|p2a: Heatran|69\/100|[from] item: Leftovers\n|upkeep\n|turn|16\n|\n|t:|1700605989\n|move|p2a: Heatran|Taunt|p1a: Garganacl\n|-start|p1a: Garganacl|move: Taunt\n|move|p1a: Garganacl|Salt Cure|p2a: Heatran\n|-damage|p2a: Heatran|58\/100\n|-start|p2a: Heatran|Salt Cure\n|\n|-heal|p2a: Heatran|64\/100|[from] item: Leftovers\n|-damage|p2a: Heatran|40\/100|[from] Salt Cure\n|upkeep\n|turn|17\n|\n|t:|1700605992\n|switch|p2a: Great Tusk|Great Tusk|44\/100\n|switch|p1a: Zapdos|Zapdos|100\/100\n|\n|upkeep\n|turn|18\n|\n|t:|1700605998\n|-end|p2a: Great Tusk|Protosynthesis|[silent]\n|switch|p2a: Heatran|Heatran, F|40\/100\n|move|p1a: Zapdos|Hurricane|p2a: Heatran\n|-resisted|p2a: Heatran\n|-damage|p2a: Heatran|14\/100\n|\n|-heal|p2a: Heatran|21\/100|[from] item: Leftovers\n|upkeep\n|turn|19\n|\n|t:|1700606007\n|move|p1a: Zapdos|Hurricane|p2a: Heatran|[miss]\n|-miss|p1a: Zapdos|p2a: Heatran\n|move|p2a: Heatran|Magma Storm|p1a: Zapdos\n|-damage|p1a: Zapdos|57\/100\n|-activate|p1a: Zapdos|move: Magma Storm|[of] p2a: Heatran\n|\n|-heal|p2a: Heatran|27\/100|[from] item: Leftovers\n|-damage|p1a: Zapdos|45\/100|[from] move: Magma Storm|[partiallytrapped]\n|upkeep\n|turn|20\n|\n|t:|1700606015\n|move|p1a: Zapdos|Hurricane|p2a: Heatran\n|-resisted|p2a: Heatran\n|-damage|p2a: Heatran|4\/100\n|-start|p2a: Heatran|confusion\n|-activate|p2a: Heatran|confusion\n|move|p2a: Heatran|Stealth Rock|p1a: Zapdos\n|-sidestart|p1: danagrio2002|move: Stealth Rock\n|\n|-heal|p2a: Heatran|10\/100|[from] item: Leftovers\n|-damage|p1a: Zapdos|32\/100|[from] move: Magma Storm|[partiallytrapped]\n|upkeep\n|turn|21\n|\n|t:|1700606025\n|move|p1a: Zapdos|Hurricane|p2a: Heatran|[miss]\n|-miss|p1a: Zapdos|p2a: Heatran\n|-end|p2a: Heatran|confusion\n|move|p2a: Heatran|Magma Storm|p1a: Zapdos\n|-damage|p1a: Zapdos|0 fnt\n|faint|p1a: Zapdos\n|\n|-heal|p2a: Heatran|16\/100|[from] item: Leftovers\n|upkeep\n|\n|t:|1700606031\n|switch|p1a: Kingambit|Kingambit, M|100\/100\n|-damage|p1a: Kingambit|94\/100|[from] Stealth Rock\n|-activate|p1a: Kingambit|ability: Supreme Overlord\n|-start|p1a: Kingambit|fallen3|[silent]\n|turn|22\n|\n|t:|1700606042\n|-end|p1a: Kingambit|fallen3|[silent]\n|switch|p1a: Garganacl|Garganacl, F|100\/100\n|-damage|p1a: Garganacl|88\/100|[from] Stealth Rock\n|move|p2a: Heatran|Earth Power|p1a: Garganacl\n|-supereffective|p1a: Garganacl\n|-damage|p1a: Garganacl|46\/100\n|-unboost|p1a: Garganacl|spd|1\n|\n|-heal|p2a: Heatran|23\/100|[from] item: Leftovers\n|-heal|p1a: Garganacl|52\/100|[from] item: Leftovers\n|upkeep\n|turn|23\n|\n|t:|1700606046\n|move|p2a: Heatran|Earth Power|p1a: Garganacl\n|-supereffective|p1a: Garganacl\n|-damage|p1a: Garganacl|0 fnt\n|faint|p1a: Garganacl\n|\n|-heal|p2a: Heatran|29\/100|[from] item: Leftovers\n|upkeep\n|\n|t:|1700606051\n|switch|p1a: Kingambit|Kingambit, M|94\/100\n|-damage|p1a: Kingambit|88\/100|[from] Stealth Rock\n|-activate|p1a: Kingambit|ability: Supreme Overlord\n|-start|p1a: Kingambit|fallen4|[silent]\n|turn|24\n|\n|t:|1700606064\n|-terastallize|p1a: Kingambit|Psychic\n|move|p2a: Heatran|Earth Power|p1a: Kingambit\n|-damage|p1a: Kingambit|69\/100\n|move|p1a: Kingambit|Tera Blast|p2a: Heatran|[anim] Tera Blast Psychic\n|-resisted|p2a: Heatran\n|-damage|p2a: Heatran|0 fnt\n|faint|p2a: Heatran\n|\n|upkeep\n|\n|t:|1700606077\n|switch|p2a: Great Tusk|Great Tusk|44\/100\n|turn|25\n|\n|t:|1700606080\n|-end|p1a: Kingambit|fallen4|[silent]\n|switch|p1a: Hatterene|Hatterene, F|100\/100\n|-damage|p1a: Hatterene|88\/100|[from] Stealth Rock\n|move|p2a: Great Tusk|Knock Off|p1a: Hatterene\n|-damage|p1a: Hatterene|52\/100\n|-enditem|p1a: Hatterene|Leftovers|[from] move: Knock Off|[of] p2a: Great Tusk\n|\n|upkeep\n|turn|26\n|\n|t:|1700606087\n|move|p2a: Great Tusk|Headlong Rush|p1a: Hatterene\n|-damage|p1a: Hatterene|0 fnt\n|-unboost|p2a: Great Tusk|def|1\n|-unboost|p2a: Great Tusk|spd|1\n|faint|p1a: Hatterene\n|\n|upkeep\n|\n|t:|1700606091\n|switch|p1a: Kingambit|Kingambit, M, tera:Psychic|69\/100\n|-damage|p1a: Kingambit|56\/100|[from] Stealth Rock\n|-activate|p1a: Kingambit|ability: Supreme Overlord\n|-start|p1a: Kingambit|fallen5|[silent]\n|turn|27\n|\n|t:|1700606095\n|-end|p2a: Great Tusk|Protosynthesis|[silent]\n|switch|p2a: Hatterene|Hatterene, F|28\/100\n|move|p1a: Kingambit|Sucker Punch||[still]\n|-fail|p1a: Kingambit\n|\n|-heal|p2a: Hatterene|34\/100|[from] item: Leftovers\n|upkeep\n|turn|28\n|\n|t:|1700606102\n|move|p1a: Kingambit|Iron Head|p2a: Hatterene\n|-supereffective|p2a: Hatterene\n|-damage|p2a: Hatterene|0 fnt\n|faint|p2a: Hatterene\n|\n|upkeep\n|\n|t:|1700606105\n|switch|p2a: Great Tusk|Great Tusk|44\/100\n|turn|29\n|\n|t:|1700606111\n|move|p1a: Kingambit|Sucker Punch|p2a: Great Tusk\n|-resisted|p2a: Great Tusk\n|-damage|p2a: Great Tusk|22\/100\n|move|p2a: Great Tusk|Knock Off|p1a: Kingambit\n|-supereffective|p1a: Kingambit\n|-damage|p1a: Kingambit|0 fnt\n|-enditem|p1a: Kingambit|Assault Vest|[from] move: Knock Off|[of] p2a: Great Tusk\n|faint|p1a: Kingambit\n|-end|p1a: Kingambit|fallen5|[silent]\n|\n|win|thunderdog_32\n|raw|danagrio2002's rating: 1298 &rarr; <strong>1271<\/strong><br \/>(-27 for losing)\n|raw|thunderdog_32's rating: 1267 &rarr; <strong>1294<\/strong><br \/>(+27 for winning)\n|c|\u2606thunderdog_32|ggs\n|l|\u2606danagrio2002\n","uploadtime":1700606122,"views":6,"p1id":"danagrio2002","p2id":"thunderdog32","formatid":"gen9ou","rating":1271,"private":0,"password":""}