{"id":"gen9ou-1999673237","p1":"CthunsChosen","p2":"chaoticat","format":"[Gen 9] OU","log":"|j|\u2606CthunsChosen\n|j|\u203dchaoticat\n|t:|1701106619\n|gametype|singles\n|player|p1|CthunsChosen|lusamine-nihilego|1150\n|player|p2|chaoticat|266|1106\n|teamsize|p1|6\n|teamsize|p2|6\n|gen|9\n|tier|[Gen 9] OU\n|rated|\n|rule|Sleep Clause Mod: Limit one foe put to sleep\n|rule|Species Clause: Limit one of each Pok\u00e9mon\n|rule|OHKO Clause: OHKO moves are banned\n|rule|Evasion Items Clause: Evasion items are banned\n|rule|Evasion Moves Clause: Evasion moves are banned\n|rule|Endless Battle Clause: Forcing endless battles is banned\n|rule|HP Percentage Mod: HP is shown in percentages\n|clearpoke\n|poke|p1|Clefable, M|\n|poke|p1|Alomomola, M|\n|poke|p1|Blissey, F|\n|poke|p1|Clodsire, M|\n|poke|p1|Dondozo, F|\n|poke|p1|Amoonguss, F|\n|poke|p2|Alomomola, M|\n|poke|p2|Dragapult, M|\n|poke|p2|Great Tusk|\n|poke|p2|Slowking-Galar, F|\n|poke|p2|Thundurus-Therian, M|\n|poke|p2|Ogerpon-Cornerstone, F|\n|teampreview\n|\n|t:|1701106630\n|start\n|switch|p1a: Amoonguss|Amoonguss, F|100\/100\n|switch|p2a: Slowking|Slowking-Galar, F|100\/100\n|turn|1\n|inactive|Battle timer is ON: inactive players will automatically lose when time's up. (requested by chaoticat)\n|\n|t:|1701106657\n|switch|p1a: Clefable|Clefable, M|100\/100\n|switch|p2a: Ogerpon|Ogerpon-Cornerstone, F|100\/100\n|\n|upkeep\n|turn|2\n|\n|t:|1701106683\n|switch|p2a: Slowking|Slowking-Galar, F|100\/100\n|switch|p1a: Amoonguss|Amoonguss, F|100\/100\n|\n|upkeep\n|turn|3\n|\n|t:|1701106698\n|switch|p1a: Clefable|Clefable, M|100\/100\n|move|p2a: Slowking|Future Sight|p1a: Clefable\n|-start|p2a: Slowking|move: Future Sight\n|\n|upkeep\n|turn|4\n|\n|t:|1701106705\n|move|p1a: Clefable|Knock Off|p2a: Slowking\n|-supereffective|p2a: Slowking\n|-damage|p2a: Slowking|66\/100\n|-enditem|p2a: Slowking|Heavy-Duty Boots|[from] move: Knock Off|[of] p1a: Clefable\n|move|p2a: Slowking|Sludge Bomb|p1a: Clefable\n|-supereffective|p1a: Clefable\n|-damage|p1a: Clefable|32\/100\n|-status|p1a: Clefable|psn\n|\n|-heal|p1a: Clefable|38\/100 psn|[from] item: Leftovers\n|upkeep\n|turn|5\n|\n|t:|1701106719\n|switch|p1a: Clodsire|Clodsire, M|100\/100\n|move|p2a: Slowking|Ice Beam|p1a: Clodsire\n|-supereffective|p1a: Clodsire\n|-damage|p1a: Clodsire|74\/100\n|\n|-end|p1a: Clodsire|move: Future Sight\n|-supereffective|p1a: Clodsire\n|-damage|p1a: Clodsire|28\/100\n|upkeep\n|turn|6\n|inactive|CthunsChosen has 120 seconds left.\n|\n|t:|1701106757\n|move|p2a: Slowking|Ice Beam|p1a: Clodsire\n|-supereffective|p1a: Clodsire\n|-damage|p1a: Clodsire|5\/100\n|move|p1a: Clodsire|Recover|p1a: Clodsire\n|-heal|p1a: Clodsire|55\/100\n|\n|upkeep\n|turn|7\n|\n|t:|1701106765\n|switch|p2a: Thundurus|Thundurus-Therian, M|100\/100\n|move|p1a: Clodsire|Recover|p1a: Clodsire\n|-heal|p1a: Clodsire|100\/100\n|\n|upkeep\n|turn|8\n|\n|t:|1701106787\n|switch|p2a: Slowking|Slowking-Galar, F|99\/100\n|move|p1a: Clodsire|Poison Jab|p2a: Slowking\n|-resisted|p2a: Slowking\n|-damage|p2a: Slowking|89\/100\n|\n|upkeep\n|turn|9\n|\n|t:|1701106795\n|move|p2a: Slowking|Future Sight|p1a: Clodsire\n|-start|p2a: Slowking|move: Future Sight\n|move|p1a: Clodsire|Spikes|p2a: Slowking\n|-sidestart|p2: chaoticat|Spikes\n|\n|upkeep\n|turn|10\n|\n|t:|1701106799\n|switch|p1a: Blissey|Blissey, F|100\/100\n|move|p2a: Slowking|Chilly Reception|p2a: Slowking\n|-weather|Snow\n|\n|t:|1701106803\n|switch|p2a: Great Tusk|Great Tusk|100\/100|[from] Chilly Reception\n|\n|-weather|Snow|[upkeep]\n|upkeep\n|turn|11\n|\n|t:|1701106812\n|move|p1a: Blissey|Protect|p1a: Blissey\n|-singleturn|p1a: Blissey|Protect\n|move|p2a: Great Tusk|Bulk Up|p2a: Great Tusk\n|-boost|p2a: Great Tusk|atk|1\n|-boost|p2a: Great Tusk|def|1\n|\n|-weather|Snow|[upkeep]\n|-end|p1a: Blissey|move: Future Sight\n|-damage|p1a: Blissey|87\/100\n|upkeep\n|turn|12\n|\n|t:|1701106824\n|switch|p1a: Dondozo|Dondozo, F|100\/100\n|move|p2a: Great Tusk|Rapid Spin|p1a: Dondozo\n|-damage|p1a: Dondozo|91\/100\n|-boost|p2a: Great Tusk|spe|1\n|-sideend|p2: chaoticat|Spikes|[from] move: Rapid Spin|[of] p2a: Great Tusk\n|\n|-weather|Snow|[upkeep]\n|upkeep\n|turn|13\n|inactive|CthunsChosen has 120 seconds left.\n|\n|t:|1701106847\n|-end|p2a: Great Tusk|Protosynthesis|[silent]\n|switch|p2a: Alomomola|Alomomola, M|100\/100\n|move|p1a: Dondozo|Waterfall|p2a: Alomomola\n|-resisted|p2a: Alomomola\n|-damage|p2a: Alomomola|92\/100\n|\n|-weather|Snow|[upkeep]\n|upkeep\n|turn|14\n|\n|t:|1701106857\n|switch|p1a: Alomomola|Alomomola, M|100\/100\n|move|p2a: Alomomola|Flip Turn|p1a: Alomomola\n|-resisted|p1a: Alomomola\n|-damage|p1a: Alomomola|96\/100\n|\n|t:|1701106860\n|switch|p2a: Thundurus|Thundurus-Therian, M|100\/100|[from] Flip Turn\n|\n|-weather|none\n|upkeep\n|turn|15\n|\n|t:|1701106869\n|move|p2a: Thundurus|Grass Knot|p1a: Alomomola\n|-supereffective|p1a: Alomomola\n|-damage|p1a: Alomomola|10\/100\n|move|p1a: Alomomola|Mirror Coat|p2a: Thundurus\n|-damage|p2a: Thundurus|0 fnt\n|faint|p2a: Thundurus\n|\n|upkeep\n|\n|t:|1701106882\n|switch|p2a: Dragapult|Dragapult, M|100\/100\n|turn|16\n|\n|t:|1701106890\n|switch|p1a: Blissey|Blissey, F|87\/100\n|move|p2a: Dragapult|U-turn|p1a: Blissey\n|-damage|p1a: Blissey|54\/100\n|\n|t:|1701106893\n|switch|p2a: Great Tusk|Great Tusk|100\/100|[from] U-turn\n|\n|upkeep\n|turn|17\n|\n|t:|1701106912\n|switch|p1a: Amoonguss|Amoonguss, F|100\/100\n|move|p2a: Great Tusk|Headlong Rush|p1a: Amoonguss\n|-damage|p1a: Amoonguss|55\/100\n|-unboost|p2a: Great Tusk|def|1\n|-unboost|p2a: Great Tusk|spd|1\n|\n|upkeep\n|turn|18\n|\n|t:|1701106927\n|-end|p2a: Great Tusk|Protosynthesis|[silent]\n|switch|p2a: Slowking|Slowking-Galar, F|100\/100\n|move|p1a: Amoonguss|Foul Play|p2a: Slowking\n|-supereffective|p2a: Slowking\n|-damage|p2a: Slowking|74\/100\n|\n|upkeep\n|turn|19\n|\n|t:|1701106947\n|switch|p1a: Dondozo|Dondozo, F|91\/100\n|move|p2a: Slowking|Future Sight|p1a: Dondozo\n|-start|p2a: Slowking|move: Future Sight\n|\n|upkeep\n|turn|20\n|\n|t:|1701106953\n|move|p1a: Dondozo|Body Press|p2a: Slowking\n|-resisted|p2a: Slowking\n|-damage|p2a: Slowking|67\/100\n|move|p2a: Slowking|Sludge Bomb|p1a: Dondozo\n|-damage|p1a: Dondozo|59\/100\n|\n|upkeep\n|turn|21\n|\n|t:|1701106967\n|switch|p1a: Blissey|Blissey, F|54\/100\n|switch|p2a: Great Tusk|Great Tusk|100\/100\n|\n|-end|p1a: Blissey|move: Future Sight\n|-damage|p1a: Blissey|41\/100\n|upkeep\n|turn|22\n|\n|t:|1701106977\n|move|p2a: Great Tusk|Ice Spinner|p1a: Blissey\n|-damage|p1a: Blissey|0 fnt\n|faint|p1a: Blissey\n|\n|upkeep\n|\n|t:|1701106983\n|switch|p1a: Alomomola|Alomomola, M|43\/100\n|turn|23\n|\n|t:|1701106988\n|move|p2a: Great Tusk|Headlong Rush|p1a: Alomomola\n|-damage|p1a: Alomomola|5\/100\n|-unboost|p2a: Great Tusk|def|1\n|-unboost|p2a: Great Tusk|spd|1\n|move|p1a: Alomomola|Wish|p1a: Alomomola\n|\n|upkeep\n|turn|24\n|\n|t:|1701106996\n|move|p1a: Alomomola|Protect|p1a: Alomomola\n|-singleturn|p1a: Alomomola|Protect\n|move|p2a: Great Tusk|Bulk Up|p2a: Great Tusk\n|-boost|p2a: Great Tusk|atk|1\n|-boost|p2a: Great Tusk|def|1\n|\n|-heal|p1a: Alomomola|55\/100|[from] move: Wish|[wisher] Alomomola\n|upkeep\n|turn|25\n|\n|t:|1701107008\n|move|p2a: Great Tusk|Headlong Rush|p1a: Alomomola\n|-damage|p1a: Alomomola|4\/100\n|-unboost|p2a: Great Tusk|def|1\n|-unboost|p2a: Great Tusk|spd|1\n|move|p1a: Alomomola|Wish|p1a: Alomomola\n|\n|upkeep\n|turn|26\n|\n|t:|1701107028\n|switch|p1a: Amoonguss|Amoonguss, F|88\/100\n|move|p2a: Great Tusk|Ice Spinner|p1a: Amoonguss\n|-supereffective|p1a: Amoonguss\n|-damage|p1a: Amoonguss|17\/100\n|\n|-heal|p1a: Amoonguss|79\/100|[from] move: Wish|[wisher] Alomomola\n|upkeep\n|turn|27\n|\n|t:|1701107036\n|-end|p2a: Great Tusk|Protosynthesis|[silent]\n|switch|p2a: Slowking|Slowking-Galar, F|99\/100\n|switch|p1a: Dondozo|Dondozo, F|59\/100\n|\n|upkeep\n|turn|28\n|\n|t:|1701107049\n|switch|p1a: Clefable|Clefable, M|38\/100 psn\n|move|p2a: Slowking|Future Sight|p1a: Clefable\n|-start|p2a: Slowking|move: Future Sight\n|\n|-heal|p1a: Clefable|44\/100 psn|[from] item: Leftovers\n|upkeep\n|turn|29\n|\n|t:|1701107058\n|switch|p1a: Clodsire|Clodsire, M|100\/100\n|move|p2a: Slowking|Sludge Bomb|p1a: Clodsire\n|-resisted|p1a: Clodsire\n|-damage|p1a: Clodsire|96\/100\n|\n|upkeep\n|turn|30\n|\n|t:|1701107071\n|-terastallize|p1a: Clodsire|Steel\n|move|p2a: Slowking|Chilly Reception|p2a: Slowking\n|-weather|Snow\n|\n|t:|1701107080\n|switch|p2a: Great Tusk|Great Tusk|100\/100|[from] Chilly Reception\n|move|p1a: Clodsire|Spikes|p2a: Great Tusk\n|-sidestart|p2: chaoticat|Spikes\n|\n|-weather|Snow|[upkeep]\n|-end|p1a: Clodsire|move: Future Sight\n|-resisted|p1a: Clodsire\n|-damage|p1a: Clodsire|83\/100\n|upkeep\n|turn|31\n|\n|t:|1701107091\n|switch|p1a: Dondozo|Dondozo, F|59\/100\n|move|p2a: Great Tusk|Bulk Up|p2a: Great Tusk\n|-boost|p2a: Great Tusk|atk|1\n|-boost|p2a: Great Tusk|def|1\n|\n|-weather|Snow|[upkeep]\n|upkeep\n|turn|32\n|\n|t:|1701107096\n|-end|p2a: Great Tusk|Protosynthesis|[silent]\n|switch|p2a: Alomomola|Alomomola, M|100\/100\n|move|p1a: Dondozo|Rest|p1a: Dondozo\n|-status|p1a: Dondozo|slp|[from] move: Rest\n|-heal|p1a: Dondozo|100\/100 slp|[silent]\n|\n|-weather|Snow|[upkeep]\n|upkeep\n|turn|33\n|\n|t:|1701107103\n|switch|p1a: Alomomola|Alomomola, M|37\/100\n|move|p2a: Alomomola|Flip Turn|p1a: Alomomola\n|-resisted|p1a: Alomomola\n|-crit|p1a: Alomomola\n|-damage|p1a: Alomomola|31\/100\n|\n|t:|1701107106\n|switch|p2a: Dragapult|Dragapult, M|100\/100|[from] Flip Turn\n|-damage|p2a: Dragapult|88\/100|[from] Spikes\n|\n|-weather|Snow|[upkeep]\n|upkeep\n|turn|34\n|\n|t:|1701107115\n|switch|p1a: Clodsire|Clodsire, M, tera:Steel|83\/100\n|move|p2a: Dragapult|Shadow Ball|p1a: Clodsire\n|-damage|p1a: Clodsire|58\/100\n|-unboost|p1a: Clodsire|spd|1\n|\n|-weather|none\n|upkeep\n|turn|35\n|inactive|chaoticat has 120 seconds left.\n|\n|t:|1701107171\n|-terastallize|p2a: Dragapult|Ghost\n|move|p2a: Dragapult|Shadow Ball|p1a: Clodsire\n|-crit|p1a: Clodsire\n|-damage|p1a: Clodsire|0 fnt\n|faint|p1a: Clodsire\n|\n|upkeep\n|c|\u2606CthunsChosen|amazing crit\n|inactive|CthunsChosen has 120 seconds left.\n|\n|t:|1701107199\n|switch|p1a: Clefable|Clefable, M|44\/100 psn\n|turn|36\n|\n|t:|1701107206\n|switch|p2a: Slowking|Slowking-Galar, F|100\/100\n|-damage|p2a: Slowking|88\/100|[from] Spikes\n|move|p1a: Clefable|Wish|p1a: Clefable\n|\n|-heal|p1a: Clefable|50\/100 psn|[from] item: Leftovers\n|upkeep\n|turn|37\n|\n|t:|1701107223\n|move|p1a: Clefable|Protect|p1a: Clefable\n|-singleturn|p1a: Clefable|Protect\n|move|p2a: Slowking|Future Sight|p1a: Clefable\n|-start|p2a: Slowking|move: Future Sight\n|\n|-heal|p1a: Clefable|99\/100 psn|[from] move: Wish|[wisher] Clefable\n|-heal|p1a: Clefable|100\/100 psn|[from] item: Leftovers\n|upkeep\n|turn|38\n|\n|t:|1701107235\n|switch|p1a: Alomomola|Alomomola, M|64\/100\n|move|p2a: Slowking|Sludge Bomb|p1a: Alomomola\n|-damage|p1a: Alomomola|23\/100\n|\n|upkeep\n|turn|39\n|inactive|chaoticat has 120 seconds left.\n|\n|t:|1701107252\n|switch|p1a: Clefable|Clefable, M|100\/100 psn\n|move|p2a: Slowking|Sludge Bomb|p1a: Clefable\n|-supereffective|p1a: Clefable\n|-damage|p1a: Clefable|39\/100 psn\n|\n|-end|p1a: Clefable|move: Future Sight\n|-damage|p1a: Clefable|0 fnt\n|faint|p1a: Clefable\n|upkeep\n|-message|CthunsChosen forfeited.\n|\n|win|chaoticat\n|raw|CthunsChosen's rating: 1150 &rarr; <strong>1122<\/strong><br \/>(-28 for losing)\n|raw|chaoticat's rating: 1106 &rarr; <strong>1134<\/strong><br \/>(+28 for winning)\n|l|\u2606CthunsChosen\n|l|\u203dchaoticat\n","uploadtime":1701107399,"views":3,"p1id":"cthunschosen","p2id":"chaoticat","formatid":"gen9ou","rating":1122,"private":0,"password":""}