{"id":"gen9ou-1990544498","p1":"kamikaze banzai","p2":"vkoid","format":"[Gen 9] OU","log":"|j|\u2606kamikaze banzai\n|j|\u2606vkoid\n|t:|1699980201\n|gametype|singles\n|player|p1|kamikaze banzai|1|1333\n|player|p2|vkoid|n|1216\n|teamsize|p1|6\n|teamsize|p2|6\n|gen|9\n|tier|[Gen 9] OU\n|rated|\n|rule|Sleep Clause Mod: Limit one foe put to sleep\n|rule|Species Clause: Limit one of each Pok\u00e9mon\n|rule|OHKO Clause: OHKO moves are banned\n|rule|Evasion Items Clause: Evasion items are banned\n|rule|Evasion Moves Clause: Evasion moves are banned\n|rule|Endless Battle Clause: Forcing endless battles is banned\n|rule|HP Percentage Mod: HP is shown in percentages\n|clearpoke\n|poke|p1|Kingambit, M|\n|poke|p1|Jirachi|\n|poke|p1|Iron Valiant|\n|poke|p1|Rillaboom, M|\n|poke|p1|Greninja-*, M|\n|poke|p1|Zapdos|\n|poke|p2|Kingambit, F|\n|poke|p2|Glimmora, M|\n|poke|p2|Zamazenta-*|\n|poke|p2|Iron Valiant|\n|poke|p2|Iron Moth|\n|poke|p2|Ogerpon-Wellspring, F|\n|teampreview\n|inactive|Battle timer is ON: inactive players will automatically lose when time's up. (requested by kamikaze banzai)\n|\n|t:|1699980221\n|start\n|switch|p1a: buzz l1ghtyear|Iron Valiant|100\/100\n|switch|p2a: Glimmora|Glimmora, M|100\/100\n|turn|1\n|\n|t:|1699980230\n|move|p1a: buzz l1ghtyear|Psyshock|p2a: Glimmora\n|-supereffective|p2a: Glimmora\n|-damage|p2a: Glimmora|17\/100\n|-damage|p1a: buzz l1ghtyear|91\/100|[from] item: Life Orb\n|move|p2a: Glimmora|Stealth Rock|p1a: buzz l1ghtyear\n|-sidestart|p1: kamikaze banzai|move: Stealth Rock\n|\n|upkeep\n|turn|2\n|\n|t:|1699980253\n|switch|p2a: Iron Valiant|Iron Valiant|100\/100\n|-enditem|p2a: Iron Valiant|Booster Energy\n|-activate|p2a: Iron Valiant|ability: Quark Drive|[fromitem]\n|-start|p2a: Iron Valiant|quarkdrivespe\n|move|p1a: buzz l1ghtyear|Aura Sphere|p2a: Iron Valiant\n|-resisted|p2a: Iron Valiant\n|-damage|p2a: Iron Valiant|59\/100\n|-damage|p1a: buzz l1ghtyear|81\/100|[from] item: Life Orb\n|\n|upkeep\n|turn|3\n|\n|t:|1699980272\n|-terastallize|p1a: buzz l1ghtyear|Steel\n|move|p2a: Iron Valiant|Moonblast|p1a: buzz l1ghtyear\n|-resisted|p1a: buzz l1ghtyear\n|-damage|p1a: buzz l1ghtyear|38\/100\n|-unboost|p1a: buzz l1ghtyear|spa|1\n|move|p1a: buzz l1ghtyear|Psyshock|p2a: Iron Valiant\n|-supereffective|p2a: Iron Valiant\n|-damage|p2a: Iron Valiant|0 fnt\n|faint|p2a: Iron Valiant\n|-end|p2a: Iron Valiant|Quark Drive|[silent]\n|-damage|p1a: buzz l1ghtyear|28\/100|[from] item: Life Orb\n|\n|upkeep\n|inactive|vkoid has 120 seconds left.\n|\n|t:|1699980283\n|switch|p2a: Iron Moth|Iron Moth|100\/100\n|-enditem|p2a: Iron Moth|Booster Energy\n|-activate|p2a: Iron Moth|ability: Quark Drive|[fromitem]\n|-start|p2a: Iron Moth|quarkdrivespe\n|turn|4\n|\n|t:|1699980288\n|move|p2a: Iron Moth|Fiery Dance|p1a: buzz l1ghtyear\n|-supereffective|p1a: buzz l1ghtyear\n|-damage|p1a: buzz l1ghtyear|0 fnt\n|faint|p1a: buzz l1ghtyear\n|-end|p1a: buzz l1ghtyear|Quark Drive|[silent]\n|\n|upkeep\n|\n|t:|1699980297\n|switch|p1a: Sheik|Greninja, M|100\/100\n|-damage|p1a: Sheik|88\/100|[from] Stealth Rock\n|turn|5\n|\n|t:|1699980320\n|-terastallize|p2a: Iron Moth|Fairy\n|move|p1a: Sheik|Water Shuriken|p2a: Iron Moth\n|-damage|p2a: Iron Moth|92\/100\n|-damage|p2a: Iron Moth|84\/100\n|-damage|p2a: Iron Moth|77\/100\n|-damage|p2a: Iron Moth|70\/100\n|-hitcount|p2a: Iron Moth|4\n|move|p2a: Iron Moth|Dazzling Gleam|p1a: Sheik\n|-supereffective|p1a: Sheik\n|-damage|p1a: Sheik|0 fnt\n|faint|p1a: Sheik\n|\n|upkeep\n|\n|t:|1699980329\n|switch|p1a: Rillaboom|Rillaboom, M|100\/100\n|-damage|p1a: Rillaboom|88\/100|[from] Stealth Rock\n|-fieldstart|move: Grassy Terrain|[from] ability: Grassy Surge|[of] p1a: Rillaboom\n|turn|6\n|\n|t:|1699980335\n|move|p1a: Rillaboom|Grassy Glide|p2a: Iron Moth\n|-damage|p2a: Iron Moth|0 fnt\n|faint|p2a: Iron Moth\n|-end|p2a: Iron Moth|Quark Drive|[silent]\n|\n|-heal|p1a: Rillaboom|94\/100|[from] Grassy Terrain\n|upkeep\n|\n|t:|1699980347\n|switch|p2a: Kingambit|Kingambit, F|100\/100\n|-activate|p2a: Kingambit|ability: Supreme Overlord\n|-start|p2a: Kingambit|fallen2|[silent]\n|turn|7\n|\n|t:|1699980357\n|switch|p1a: KFC|Zapdos|100\/100\n|-damage|p1a: KFC|76\/100|[from] Stealth Rock\n|move|p2a: Kingambit|Kowtow Cleave|p1a: KFC\n|-damage|p1a: KFC|0 fnt\n|-damage|p2a: Kingambit|84\/100|[from] item: Rocky Helmet|[of] p1a: KFC\n|-status|p2a: Kingambit|par|[from] ability: Static|[of] p1a: KFC\n|faint|p1a: KFC\n|\n|-heal|p2a: Kingambit|90\/100 par|[from] Grassy Terrain\n|upkeep\n|\n|t:|1699980366\n|switch|p1a: knoife|Kingambit, M|100\/100\n|-damage|p1a: knoife|94\/100|[from] Stealth Rock\n|-activate|p1a: knoife|ability: Supreme Overlord\n|-start|p1a: knoife|fallen3|[silent]\n|turn|8\n|\n|t:|1699980374\n|move|p1a: knoife|Low Kick|p2a: Kingambit\n|-supereffective|p2a: Kingambit\n|-damage|p2a: Kingambit|0 fnt\n|faint|p2a: Kingambit\n|-end|p2a: Kingambit|fallen2|[silent]\n|\n|-heal|p1a: knoife|100\/100|[from] Grassy Terrain\n|upkeep\n|\n|t:|1699980382\n|switch|p2a: Zamazenta|Zamazenta, shiny|100\/100\n|-ability|p2a: Zamazenta|Dauntless Shield|boost\n|-boost|p2a: Zamazenta|def|1\n|turn|9\n|\n|t:|1699980389\n|-end|p1a: knoife|fallen3|[silent]\n|switch|p1a: 60%|Jirachi|100\/100\n|-damage|p1a: 60%|94\/100|[from] Stealth Rock\n|move|p2a: Zamazenta|Body Press|p1a: 60%\n|-damage|p1a: 60%|40\/100\n|\n|-heal|p1a: 60%|46\/100|[from] Grassy Terrain\n|upkeep\n|turn|10\n|\n|t:|1699980412\n|move|p1a: 60%|Iron Head|p2a: Zamazenta\n|-damage|p2a: Zamazenta|79\/100\n|cant|p2a: Zamazenta|flinch\n|\n|-heal|p1a: 60%|52\/100|[from] Grassy Terrain\n|-heal|p2a: Zamazenta|85\/100|[from] Grassy Terrain\n|-heal|p2a: Zamazenta|92\/100|[from] item: Leftovers\n|-fieldend|move: Grassy Terrain\n|upkeep\n|turn|11\n|\n|t:|1699980419\n|move|p1a: 60%|Iron Head|p2a: Zamazenta\n|-crit|p2a: Zamazenta\n|-damage|p2a: Zamazenta|46\/100\n|cant|p2a: Zamazenta|flinch\n|\n|-heal|p2a: Zamazenta|52\/100|[from] item: Leftovers\n|upkeep\n|turn|12\n|\n|t:|1699980424\n|move|p1a: 60%|Iron Head|p2a: Zamazenta\n|-damage|p2a: Zamazenta|32\/100\n|cant|p2a: Zamazenta|flinch\n|\n|-heal|p2a: Zamazenta|38\/100|[from] item: Leftovers\n|upkeep\n|turn|13\n|\n|t:|1699980429\n|move|p1a: 60%|Iron Head|p2a: Zamazenta\n|-damage|p2a: Zamazenta|18\/100\n|cant|p2a: Zamazenta|flinch\n|\n|-heal|p2a: Zamazenta|24\/100|[from] item: Leftovers\n|upkeep\n|turn|14\n|c|\u2606vkoid|BROOO\n|c|\u2606kamikaze banzai|yes\n|\n|t:|1699980439\n|move|p1a: 60%|Iron Head|p2a: Zamazenta\n|-damage|p2a: Zamazenta|2\/100\n|cant|p2a: Zamazenta|flinch\n|\n|-heal|p2a: Zamazenta|8\/100|[from] item: Leftovers\n|upkeep\n|turn|15\n|c|\u2606kamikaze banzai|u see my name reason now?\n|\n|t:|1699980450\n|move|p1a: 60%|Iron Head|p2a: Zamazenta\n|-damage|p2a: Zamazenta|0 fnt\n|faint|p2a: Zamazenta\n|\n|upkeep\n|\n|t:|1699980458\n|switch|p2a: Ogerpon|Ogerpon-Wellspring, F|100\/100\n|turn|16\n|c|\u2606kamikaze banzai|I win my 60%\n|c|\u2606vkoid|you win your 60%\n|c|\u2606kamikaze banzai|ggwp\n|\n|t:|1699980472\n|move|p1a: 60%|Iron Head|p2a: Ogerpon\n|-resisted|p2a: Ogerpon\n|-damage|p2a: Ogerpon|79\/100\n|cant|p2a: Ogerpon|flinch\n|\n|upkeep\n|turn|17\n|\n|t:|1699980478\n|move|p1a: 60%|Iron Head|p2a: Ogerpon\n|-resisted|p2a: Ogerpon\n|-damage|p2a: Ogerpon|58\/100\n|cant|p2a: Ogerpon|flinch\n|\n|upkeep\n|turn|18\n|\n|t:|1699980484\n|move|p1a: 60%|Iron Head|p2a: Ogerpon\n|-resisted|p2a: Ogerpon\n|-damage|p2a: Ogerpon|37\/100\n|move|p2a: Ogerpon|Knock Off|p1a: 60%\n|-supereffective|p1a: 60%\n|-damage|p1a: 60%|0 fnt\n|-enditem|p1a: 60%|Choice Scarf|[from] move: Knock Off|[of] p2a: Ogerpon\n|faint|p1a: 60%\n|\n|upkeep\n|c|\u2606vkoid|LFGGG\n|c|\u2606kamikaze banzai|noooooooooooooo\n|\n|t:|1699980494\n|switch|p1a: Rillaboom|Rillaboom, M|94\/100\n|-damage|p1a: Rillaboom|82\/100|[from] Stealth Rock\n|-fieldstart|move: Grassy Terrain|[from] ability: Grassy Surge|[of] p1a: Rillaboom\n|turn|19\n|\n|t:|1699980500\n|move|p1a: Rillaboom|Grassy Glide|p2a: Ogerpon\n|-damage|p2a: Ogerpon|0 fnt\n|faint|p2a: Ogerpon\n|\n|-heal|p1a: Rillaboom|88\/100|[from] Grassy Terrain\n|upkeep\n|c|\u2606kamikaze banzai|still gg\n|c|\u2606kamikaze banzai|wp\n|c|\u2606vkoid|yeah ggwp\n|\n|t:|1699980509\n|switch|p2a: Glimmora|Glimmora, M|17\/100\n|turn|20\n|c|\u2606kamikaze banzai|and Jiraichi is cringe\n|-message|vkoid forfeited.\n|\n|win|kamikaze banzai\n|raw|kamikaze banzai's rating: 1333 &rarr; <strong>1347<\/strong><br \/>(+14 for winning)\n|raw|vkoid's rating: 1216 &rarr; <strong>1199<\/strong><br \/>(-17 for losing)\n|l|\u2606vkoid\n","uploadtime":1699980528,"views":14,"p1id":"kamikazebanzai","p2id":"vkoid","formatid":"gen9ou","rating":1199,"private":0,"password":""}