{"id":"gen9ou-1994116449","p1":"pokcey.","p2":"HopeIsLove","format":"[Gen 9] OU","log":"|j|\u2606pokcey.\n|j|\u2606HopeIsLove\n|t:|1700408813\n|gametype|singles\n|player|p1|pokcey.|lady-gen4|1000\n|player|p2|HopeIsLove|102|1069\n|teamsize|p1|6\n|teamsize|p2|6\n|gen|9\n|tier|[Gen 9] OU\n|rated|\n|rule|Sleep Clause Mod: Limit one foe put to sleep\n|rule|Species Clause: Limit one of each Pok\u00e9mon\n|rule|OHKO Clause: OHKO moves are banned\n|rule|Evasion Items Clause: Evasion items are banned\n|rule|Evasion Moves Clause: Evasion moves are banned\n|rule|Endless Battle Clause: Forcing endless battles is banned\n|rule|HP Percentage Mod: HP is shown in percentages\n|clearpoke\n|poke|p1|Cramorant, M|\n|poke|p1|Typhlosion, M|\n|poke|p1|Maushold-Four|\n|poke|p1|Zarude-Dada|\n|poke|p1|Zamazenta-*|\n|poke|p1|Iron Hands|\n|poke|p2|Zoroark-Hisui, F|\n|poke|p2|Amoonguss, F|\n|poke|p2|Kommo-o, M|\n|poke|p2|Greninja-*, M|\n|poke|p2|Gholdengo|\n|poke|p2|Slowking-Galar, F|\n|teampreview\n|\n|t:|1700408825\n|start\n|switch|p1a: Iron Hands|Iron Hands|100\/100\n|switch|p2a: Gholdengo|Gholdengo|100\/100\n|turn|1\n|\n|t:|1700408832\n|move|p2a: Gholdengo|Shadow Ball|p1a: Iron Hands\n|-damage|p1a: Iron Hands|76\/100\n|-damage|p2a: Gholdengo|91\/100|[from] item: Life Orb\n|move|p1a: Iron Hands|Earthquake|p2a: Gholdengo\n|-damage|p2a: Gholdengo|18\/100\n|replace|p2a: Zoroark|Zoroark-Hisui, F\n|-end|p2a: Zoroark|Illusion\n|\n|upkeep\n|turn|2\n|\n|t:|1700408844\n|move|p2a: Zoroark|Flamethrower|p1a: Iron Hands\n|-damage|p1a: Iron Hands|57\/100\n|-damage|p2a: Zoroark|8\/100|[from] item: Life Orb\n|move|p1a: Iron Hands|Thunder Punch|p2a: Zoroark\n|-damage|p2a: Zoroark|0 fnt\n|faint|p2a: Zoroark\n|\n|upkeep\n|\n|t:|1700408862\n|switch|p2a: Kommo-o|Kommo-o, M|100\/100\n|turn|3\n|\n|t:|1700408867\n|move|p2a: Kommo-o|Clangorous Soul|p2a: Kommo-o\n|-boost|p2a: Kommo-o|atk|1\n|-boost|p2a: Kommo-o|def|1\n|-boost|p2a: Kommo-o|spa|1\n|-boost|p2a: Kommo-o|spd|1\n|-boost|p2a: Kommo-o|spe|1\n|-damage|p2a: Kommo-o|68\/100\n|-enditem|p2a: Kommo-o|Throat Spray\n|-boost|p2a: Kommo-o|spa|1|[from] item: Throat Spray\n|move|p1a: Iron Hands|Drain Punch|p2a: Kommo-o\n|-damage|p2a: Kommo-o|43\/100\n|-heal|p1a: Iron Hands|64\/100|[from] drain|[of] p2a: Kommo-o\n|\n|upkeep\n|turn|4\n|\n|t:|1700408886\n|move|p2a: Kommo-o|Drain Punch|p1a: Iron Hands\n|-damage|p1a: Iron Hands|39\/100\n|-heal|p2a: Kommo-o|64\/100|[from] drain|[of] p1a: Iron Hands\n|move|p1a: Iron Hands|Drain Punch|p2a: Kommo-o\n|-damage|p2a: Kommo-o|39\/100\n|-heal|p1a: Iron Hands|47\/100|[from] drain|[of] p2a: Kommo-o\n|\n|upkeep\n|turn|5\n|\n|t:|1700408897\n|-end|p1a: Iron Hands|Quark Drive|[silent]\n|switch|p1a: Zamazenta|Zamazenta|100\/100\n|-ability|p1a: Zamazenta|Dauntless Shield|boost\n|-boost|p1a: Zamazenta|def|1\n|move|p2a: Kommo-o|Clanging Scales|p1a: Zamazenta\n|-damage|p1a: Zamazenta|10\/100\n|-unboost|p2a: Kommo-o|def|1\n|\n|upkeep\n|turn|6\n|\n|t:|1700408904\n|move|p2a: Kommo-o|Drain Punch|p1a: Zamazenta\n|-damage|p1a: Zamazenta|0 fnt\n|-heal|p2a: Kommo-o|44\/100|[from] drain|[of] p1a: Zamazenta\n|faint|p1a: Zamazenta\n|\n|upkeep\n|\n|t:|1700408911\n|switch|p1a: Cramorant|Cramorant, M|100\/100\n|turn|7\n|\n|t:|1700408915\n|move|p2a: Kommo-o|Clanging Scales|p1a: Cramorant\n|-enditem|p1a: Cramorant|Focus Sash\n|-damage|p1a: Cramorant|1\/100\n|-unboost|p2a: Kommo-o|def|1\n|move|p1a: Cramorant|Surf|p2a: Kommo-o\n|-formechange|p1a: Cramorant|Cramorant-Gorging|\n|-resisted|p2a: Kommo-o\n|-damage|p2a: Kommo-o|34\/100\n|\n|upkeep\n|turn|8\n|\n|t:|1700408923\n|move|p1a: Cramorant|Endure|p1a: Cramorant\n|-singleturn|p1a: Cramorant|move: Endure\n|move|p2a: Kommo-o|Drain Punch|p1a: Cramorant\n|-resisted|p1a: Cramorant\n|-activate|p1a: Cramorant|move: Endure\n|-damage|p1a: Cramorant|1\/100\n|-damage|p2a: Kommo-o|9\/100|[from] ability: Gulp Missile|[of] p1a: Cramorant\n|-status|p2a: Kommo-o|par\n|-formechange|p1a: Cramorant|Cramorant|\n|\n|upkeep\n|turn|9\n|\n|t:|1700408932\n|move|p1a: Cramorant|Surf|p2a: Kommo-o\n|-formechange|p1a: Cramorant|Cramorant-Gorging|\n|-resisted|p2a: Kommo-o\n|-damage|p2a: Kommo-o|0 fnt\n|faint|p2a: Kommo-o\n|\n|upkeep\n|\n|t:|1700408937\n|switch|p2a: Greninja|Greninja, M|100\/100\n|turn|10\n|\n|t:|1700408940\n|move|p1a: Cramorant|Endure|p1a: Cramorant\n|-singleturn|p1a: Cramorant|move: Endure\n|move|p2a: Greninja|Water Shuriken|p1a: Cramorant\n|-start|p2a: Greninja|typechange|Water|[from] ability: Protean\n|-resisted|p1a: Cramorant\n|-activate|p1a: Cramorant|move: Endure\n|-damage|p1a: Cramorant|1\/100\n|-damage|p2a: Greninja|76\/100|[from] ability: Gulp Missile|[of] p1a: Cramorant\n|-status|p2a: Greninja|par\n|-formechange|p1a: Cramorant|Cramorant|\n|-resisted|p1a: Cramorant\n|-activate|p1a: Cramorant|move: Endure\n|-damage|p1a: Cramorant|1\/100\n|-resisted|p1a: Cramorant\n|-activate|p1a: Cramorant|move: Endure\n|-damage|p1a: Cramorant|1\/100\n|-resisted|p1a: Cramorant\n|-crit|p1a: Cramorant\n|-activate|p1a: Cramorant|move: Endure\n|-damage|p1a: Cramorant|1\/100\n|-hitcount|p1a: Cramorant|4\n|\n|upkeep\n|turn|11\n|\n|t:|1700408958\n|move|p2a: Greninja|Water Shuriken|p1a: Cramorant\n|-resisted|p1a: Cramorant\n|-crit|p1a: Cramorant\n|-damage|p1a: Cramorant|0 fnt\n|faint|p1a: Cramorant\n|-hitcount|p1: Cramorant|1\n|\n|upkeep\n|\n|t:|1700408962\n|switch|p1a: Zarude|Zarude-Dada|100\/100\n|turn|12\n|\n|t:|1700408968\n|switch|p2a: Amoonguss|Amoonguss, F|100\/100\n|move|p1a: Zarude|Knock Off|p2a: Amoonguss\n|-damage|p2a: Amoonguss|67\/100\n|-damage|p1a: Zarude|84\/100|[from] item: Rocky Helmet|[of] p2a: Amoonguss\n|-enditem|p2a: Amoonguss|Rocky Helmet|[from] move: Knock Off|[of] p1a: Zarude\n|\n|upkeep\n|turn|13\n|\n|t:|1700408978\n|-terastallize|p1a: Zarude|Dark\n|move|p1a: Zarude|Fling|p2a: Amoonguss\n|-damage|p2a: Amoonguss|9\/100\n|-enditem|p1a: Zarude|Big Nugget|[from] move: Fling\n|move|p2a: Amoonguss|Spore|p1a: Zarude\n|-status|p1a: Zarude|slp|[from] move: Spore\n|\n|upkeep\n|turn|14\n|\n|t:|1700408986\n|cant|p1a: Zarude|slp\n|move|p2a: Amoonguss|Giga Drain|p1a: Zarude\n|-damage|p1a: Zarude|65\/100 slp\n|-heal|p2a: Amoonguss|17\/100|[from] drain|[of] p1a: Zarude\n|\n|upkeep\n|turn|15\n|\n|t:|1700408993\n|cant|p1a: Zarude|slp\n|move|p2a: Amoonguss|Sludge Bomb|p1a: Zarude\n|-damage|p1a: Zarude|42\/100 slp\n|\n|upkeep\n|turn|16\n|\n|t:|1700409002\n|-curestatus|p1a: Zarude|slp|[msg]\n|move|p1a: Zarude|Knock Off|p2a: Amoonguss\n|-damage|p2a: Amoonguss|0 fnt\n|faint|p2a: Amoonguss\n|\n|upkeep\n|\n|t:|1700409008\n|switch|p2a: Greninja|Greninja, M|76\/100 par\n|turn|17\n|\n|t:|1700409012\n|move|p1a: Zarude|Power Whip|p2a: Greninja\n|-supereffective|p2a: Greninja\n|-crit|p2a: Greninja\n|-damage|p2a: Greninja|0 fnt\n|faint|p2a: Greninja\n|\n|upkeep\n|\n|t:|1700409018\n|switch|p2a: Slowking|Slowking-Galar, F|100\/100\n|turn|18\n|\n|t:|1700409025\n|-terastallize|p2a: Slowking|Poison\n|move|p1a: Zarude|Knock Off|p2a: Slowking\n|-damage|p2a: Slowking|32\/100\n|-enditem|p2a: Slowking|Assault Vest|[from] move: Knock Off|[of] p1a: Zarude\n|move|p2a: Slowking|Sludge Bomb|p1a: Zarude\n|-crit|p1a: Zarude\n|-damage|p1a: Zarude|0 fnt\n|faint|p1a: Zarude\n|\n|upkeep\n|\n|t:|1700409036\n|switch|p1a: Typhlosion|Typhlosion, M|100\/100\n|turn|19\n|\n|t:|1700409039\n|move|p1a: Typhlosion|Eruption|p2a: Slowking\n|-damage|p2a: Slowking|0 fnt\n|faint|p2a: Slowking\n|\n|upkeep\n|\n|t:|1700409043\n|switch|p2a: Gholdengo|Gholdengo|100\/100\n|turn|20\n|inactive|Battle timer is ON: inactive players will automatically lose when time's up. (requested by pokcey.)\n|\n|t:|1700409048\n|move|p1a: Typhlosion|Eruption|p2a: Gholdengo\n|-supereffective|p2a: Gholdengo\n|-damage|p2a: Gholdengo|0 fnt\n|faint|p2a: Gholdengo\n|\n|win|pokcey.\n|raw|pokcey.'s rating: 1000 &rarr; <strong>1048<\/strong><br \/>(+48 for winning)\n|raw|HopeIsLove's rating: 1069 &rarr; <strong>1045<\/strong><br \/>(-24 for losing)\n","uploadtime":1700409051,"views":11,"p1id":"pokcey","p2id":"hopeislove","formatid":"gen9ou","rating":1045,"private":0,"password":""}