{"id":"gen9ou-1990953643","p1":"supermonst","p2":"DoubleWarp","format":"[Gen 9] OU","log":"|j|\u2606supermonst\n|j|\u2606DoubleWarp\n|t:|1700019209\n|gametype|singles\n|player|p1|supermonst|benga|1488\n|player|p2|DoubleWarp|265|1589\n|teamsize|p1|6\n|teamsize|p2|6\n|gen|9\n|tier|[Gen 9] OU\n|rated|\n|rule|Sleep Clause Mod: Limit one foe put to sleep\n|rule|Species Clause: Limit one of each Pok\u00e9mon\n|rule|OHKO Clause: OHKO moves are banned\n|rule|Evasion Items Clause: Evasion items are banned\n|rule|Evasion Moves Clause: Evasion moves are banned\n|rule|Endless Battle Clause: Forcing endless battles is banned\n|rule|HP Percentage Mod: HP is shown in percentages\n|clearpoke\n|poke|p1|Gengar, M|\n|poke|p1|Ursaluna, F|\n|poke|p1|Conkeldurr, M|\n|poke|p1|Kingambit, F|\n|poke|p1|Hatterene, F|\n|poke|p1|Crawdaunt, M|\n|poke|p2|Torkoal, M|\n|poke|p2|Walking Wake|\n|poke|p2|Kingambit, M|\n|poke|p2|Dragapult, M|\n|poke|p2|Corviknight, F|\n|poke|p2|Clodsire, M|\n|teampreview\n|\n|t:|1700019231\n|start\n|switch|p1a: room service?|Gengar, M|100\/100\n|switch|p2a: Clodsire|Clodsire, M|100\/100\n|turn|1\n|\n|t:|1700019238\n|move|p2a: Clodsire|Earthquake|p1a: room service?\n|-supereffective|p1a: room service?\n|-damage|p1a: room service?|0 fnt\n|faint|p1a: room service?\n|\n|upkeep\n|\n|t:|1700019240\n|switch|p1a: see fair|Ursaluna, F|100\/100\n|turn|2\n|\n|t:|1700019248\n|switch|p2a: Corviknight|Corviknight, F|100\/100\n|-ability|p2a: Corviknight|Pressure\n|move|p1a: see fair|Swords Dance|p1a: see fair\n|-boost|p1a: see fair|atk|2\n|\n|-status|p1a: see fair|brn|[from] item: Flame Orb\n|upkeep\n|turn|3\n|\n|t:|1700019254\n|move|p2a: Corviknight|Brave Bird|p1a: see fair\n|-damage|p1a: see fair|72\/100 brn\n|-damage|p2a: Corviknight|90\/100|[from] Recoil\n|move|p1a: see fair|Facade|p2a: Corviknight\n|-resisted|p2a: Corviknight\n|-damage|p2a: Corviknight|15\/100\n|-damage|p1a: see fair|56\/100 brn|[from] item: Rocky Helmet|[of] p2a: Corviknight\n|\n|-damage|p1a: see fair|50\/100 brn|[from] brn\n|upkeep\n|turn|4\n|\n|t:|1700019280\n|move|p2a: Corviknight|Roost|p2a: Corviknight\n|-heal|p2a: Corviknight|65\/100\n|-singleturn|p2a: Corviknight|move: Roost\n|move|p1a: see fair|Facade|p2a: Corviknight\n|-resisted|p2a: Corviknight\n|-damage|p2a: Corviknight|0 fnt\n|-damage|p1a: see fair|33\/100 brn|[from] item: Rocky Helmet|[of] p2a: Corviknight\n|faint|p2a: Corviknight\n|\n|-damage|p1a: see fair|27\/100 brn|[from] brn\n|upkeep\n|\n|t:|1700019290\n|switch|p2a: Dragapult|Dragapult, M|100\/100\n|turn|5\n|\n|t:|1700019293\n|switch|p1a: mindgames bb|Kingambit, F|100\/100\n|-activate|p1a: mindgames bb|ability: Supreme Overlord\n|-start|p1a: mindgames bb|fallen1|[silent]\n|move|p2a: Dragapult|Substitute|p2a: Dragapult\n|-start|p2a: Dragapult|Substitute\n|-damage|p2a: Dragapult|76\/100\n|\n|-heal|p2a: Dragapult|82\/100|[from] item: Leftovers\n|upkeep\n|turn|6\n|\n|t:|1700019298\n|move|p2a: Dragapult|Dragon Darts|p1a: mindgames bb\n|-resisted|p1a: mindgames bb\n|-damage|p1a: mindgames bb|90\/100\n|-anim|p2a: Dragapult|Dragon Darts|p1a: mindgames bb\n|-resisted|p1a: mindgames bb\n|-damage|p1a: mindgames bb|80\/100\n|move|p1a: mindgames bb|Kowtow Cleave|p2a: Dragapult\n|-supereffective|p2a: Dragapult\n|-end|p2a: Dragapult|Substitute\n|\n|-heal|p2a: Dragapult|88\/100|[from] item: Leftovers\n|upkeep\n|turn|7\n|\n|t:|1700019313\n|switch|p2a: Kingambit|Kingambit, M|100\/100\n|-activate|p2a: Kingambit|ability: Supreme Overlord\n|-start|p2a: Kingambit|fallen1|[silent]\n|move|p1a: mindgames bb|Kowtow Cleave|p2a: Kingambit\n|-resisted|p2a: Kingambit\n|-crit|p2a: Kingambit\n|-damage|p2a: Kingambit|59\/100\n|\n|upkeep\n|turn|8\n|\n|t:|1700019319\n|move|p2a: Kingambit|Low Kick|p1a: mindgames bb\n|-supereffective|p1a: mindgames bb\n|-damage|p1a: mindgames bb|0 fnt\n|faint|p1a: mindgames bb\n|-end|p1a: mindgames bb|fallen1|[silent]\n|\n|upkeep\n|\n|t:|1700019322\n|switch|p1a: defoging rocks|Conkeldurr, M|100\/100\n|turn|9\n|\n|t:|1700019328\n|-end|p2a: Kingambit|fallen1|[silent]\n|switch|p2a: Clodsire|Clodsire, M|100\/100\n|move|p1a: defoging rocks|Knock Off|p2a: Clodsire\n|-damage|p2a: Clodsire|54\/100\n|-enditem|p2a: Clodsire|Leftovers|[from] move: Knock Off|[of] p1a: defoging rocks\n|\n|-status|p1a: defoging rocks|brn|[from] item: Flame Orb\n|upkeep\n|turn|10\n|\n|t:|1700019335\n|move|p1a: defoging rocks|Facade|p2a: Clodsire\n|-damage|p2a: Clodsire|0 fnt\n|faint|p2a: Clodsire\n|\n|-damage|p1a: defoging rocks|94\/100 brn|[from] brn\n|upkeep\n|\n|t:|1700019349\n|switch|p2a: Walking Wake|Walking Wake|100\/100\n|turn|11\n|\n|t:|1700019358\n|-terastallize|p2a: Walking Wake|Water\n|-terastallize|p1a: defoging rocks|Normal\n|move|p2a: Walking Wake|Hydro Steam|p1a: defoging rocks\n|-damage|p1a: defoging rocks|0 fnt\n|faint|p1a: defoging rocks\n|\n|upkeep\n|\n|t:|1700019364\n|switch|p1a: nuzzle up|Hatterene, F|100\/100\n|turn|12\n|\n|t:|1700019367\n|move|p2a: Walking Wake|Hydro Steam|p1a: nuzzle up\n|-damage|p1a: nuzzle up|16\/100\n|move|p1a: nuzzle up|Trick Room|p1a: nuzzle up\n|-fieldstart|move: Trick Room|[of] p1a: nuzzle up\n|\n|upkeep\n|turn|13\n|\n|t:|1700019372\n|-end|p2a: Walking Wake|Protosynthesis|[silent]\n|switch|p2a: Torkoal|Torkoal, M|100\/100\n|-weather|SunnyDay|[from] ability: Drought|[of] p2a: Torkoal\n|move|p1a: nuzzle up|Dazzling Gleam|p2a: Torkoal\n|-resisted|p2a: Torkoal\n|-damage|p2a: Torkoal|59\/100\n|-damage|p1a: nuzzle up|6\/100|[from] item: Life Orb\n|\n|-weather|SunnyDay|[upkeep]\n|upkeep\n|turn|14\n|\n|t:|1700019377\n|move|p2a: Torkoal|Lava Plume|p1a: nuzzle up\n|-damage|p1a: nuzzle up|0 fnt\n|faint|p1a: nuzzle up\n|\n|-weather|SunnyDay|[upkeep]\n|upkeep\n|\n|t:|1700019379\n|switch|p1a: see fair|Ursaluna, F|27\/100 brn\n|turn|15\n|\n|t:|1700019387\n|move|p2a: Torkoal|Lava Plume|p1a: see fair\n|-damage|p1a: see fair|0 fnt\n|faint|p1a: see fair\n|\n|-weather|SunnyDay|[upkeep]\n|upkeep\n|-message|supermonst forfeited.\n|\n|win|DoubleWarp\n|raw|supermonst's rating: 1488 &rarr; <strong>1474<\/strong><br \/>(-14 for losing)\n|raw|DoubleWarp's rating: 1589 &rarr; <strong>1603<\/strong><br \/>(+14 for winning)\n|l|\u2606supermonst\n","uploadtime":1700019406,"views":14,"p1id":"supermonst","p2id":"doublewarp","formatid":"gen9ou","rating":1474,"private":0,"password":""}