{"id":"gen9ou-1992331658","p1":"bunnelby to NU","p2":"heatranberg","format":"[Gen 9] OU","log":"|j|\u2606bunnelby to NU\n|j|\u2606heatranberg\n|t:|1700175522\n|gametype|singles\n|player|p1|bunnelby to NU|1|\n|player|p2|heatranberg|saguaro|\n|teamsize|p1|6\n|teamsize|p2|6\n|gen|9\n|tier|[Gen 9] OU\n|rule|Sleep Clause Mod: Limit one foe put to sleep\n|rule|Species Clause: Limit one of each Pok\u00e9mon\n|rule|OHKO Clause: OHKO moves are banned\n|rule|Evasion Items Clause: Evasion items are banned\n|rule|Evasion Moves Clause: Evasion moves are banned\n|rule|Endless Battle Clause: Forcing endless battles is banned\n|rule|HP Percentage Mod: HP is shown in percentages\n|clearpoke\n|poke|p1|Kleavor, M|\n|poke|p1|Lokix, M|\n|poke|p1|Alomomola, F|\n|poke|p1|Breloom, M|\n|poke|p1|Zoroark-Hisui, M|\n|poke|p1|Great Tusk|\n|poke|p2|Skeledirge, M|\n|poke|p2|Okidogi, M|\n|poke|p2|Mabosstiff, F|\n|poke|p2|Zamazenta-*|\n|poke|p2|Houndoom, F|\n|poke|p2|Houndstone, F|\n|teampreview\n|j| DiscardedVessel\n|j| Pikoow\n|c| DiscardedVessel|it is time\n|c| Pikoow|its dog time\n|j| golden_pog\n|c|\u2606bunnelby to NU|Indeed\n|j| naga_vish\n|\n|t:|1700175553\n|start\n|switch|p1a: Kleavor|Kleavor, M|100\/100\n|switch|p2a: Houndoom|Houndoom, F, shiny|100\/100\n|turn|1\n|c|\u2606bunnelby to NU|Wait what the heck kinda dog is skeledirge?\n|\n|t:|1700175560\n|move|p2a: Houndoom|Flamethrower|p1a: Kleavor\n|-damage|p1a: Kleavor|33\/100\n|move|p1a: Kleavor|Stone Axe|p2a: Houndoom\n|-supereffective|p2a: Houndoom\n|-enditem|p2a: Houndoom|Focus Sash\n|-damage|p2a: Houndoom|1\/100\n|-sidestart|p2: heatranberg|move: Stealth Rock\n|\n|upkeep\n|turn|2\n|c|\u2606heatranberg|a real one\n|\n|t:|1700175571\n|switch|p1a: Alomomola|Alomomola, F|100\/100\n|move|p2a: Houndoom|Dark Pulse|p1a: Alomomola\n|-damage|p1a: Alomomola|64\/100\n|-enditem|p1a: Alomomola|Red Card|[of] p2a: Houndoom\n|drag|p2a: skeledog|Skeledirge, M|100\/100\n|\n|upkeep\n|turn|3\n|c| DiscardedVessel|the best dog\n|j| Lasagna Crustle\n|\n|t:|1700175587\n|move|p2a: skeledog|Torch Song|p1a: Alomomola\n|-resisted|p1a: Alomomola\n|-damage|p1a: Alomomola|51\/100\n|-boost|p2a: skeledog|spa|1\n|move|p1a: Alomomola|Wish|p1a: Alomomola\n|\n|upkeep\n|turn|4\n|\n|t:|1700175595\n|move|p2a: skeledog|Torch Song|p1a: Alomomola\n|-resisted|p1a: Alomomola\n|-damage|p1a: Alomomola|30\/100\n|-boost|p2a: skeledog|spa|1\n|move|p1a: Alomomola|Flip Turn|p2a: skeledog\n|-supereffective|p2a: skeledog\n|-damage|p2a: skeledog|72\/100\n|c| Lasagna Crustle|THAT'S SKELEDOG TO YOU\n|\n|t:|1700175602\n|switch|p1a: Kleavor|Kleavor, M|33\/100|[from] Flip Turn\n|\n|-heal|p1a: Kleavor|100\/100|[from] move: Wish|[wisher] Alomomola\n|upkeep\n|turn|5\n|\n|t:|1700175612\n|-terastallize|p2a: skeledog|Fairy\n|move|p1a: Kleavor|Stone Axe|p2a: skeledog\n|-damage|p2a: skeledog|27\/100\n|move|p2a: skeledog|Will-O-Wisp|p1a: Kleavor\n|-status|p1a: Kleavor|brn\n|\n|-damage|p1a: Kleavor|94\/100 brn|[from] brn\n|upkeep\n|turn|6\n|\n|t:|1700175638\n|move|p1a: Kleavor|U-turn|p2a: skeledog\n|-resisted|p2a: skeledog\n|-damage|p2a: skeledog|19\/100\n|\n|t:|1700175647\n|switch|p1a: Breloom|Breloom, M|100\/100|[from] U-turn\n|move|p2a: skeledog|Slack Off|p2a: skeledog\n|-heal|p2a: skeledog|69\/100\n|\n|upkeep\n|turn|7\n|c| Lasagna Crustle|Agency stay\n|c| DiscardedVessel|best dog\n|\n|t:|1700175658\n|switch|p2a: Houndoom|Houndoom, F, shiny|1\/100\n|-damage|p2a: Houndoom|0 fnt|[from] Stealth Rock\n|faint|p2a: Houndoom\n|move|p1a: Breloom|Bullet Seed|p2: Houndoom|[notarget]\n|-fail|p1a: Breloom\n|\n|upkeep\n|\n|t:|1700175670\n|switch|p2a: Houndstone|Houndstone, F|100\/100\n|-damage|p2a: Houndstone|88\/100|[from] Stealth Rock\n|turn|8\n|c| Pikoow|ghost dog\n|\n|t:|1700175684\n|move|p1a: Breloom|Bullet Seed|p2a: Houndstone\n|-damage|p2a: Houndstone|51\/100\n|-damage|p2a: Houndstone|11\/100\n|-damage|p2a: Houndstone|0 fnt\n|faint|p2a: Houndstone\n|-hitcount|p2: Houndstone|3\n|\n|upkeep\n|c|\u2606heatranberg|YOU ARENT ADAMANT\n|c|\u2606heatranberg|fraud\n|\n|t:|1700175699\n|switch|p2a: Okidogi|Okidogi, M|100\/100\n|-damage|p2a: Okidogi|95\/100|[from] Stealth Rock\n|turn|9\n|c| Lasagna Crustle|That's banded\n|c|\u2606heatranberg|i know THAT\n|c| Lasagna Crustle|Tank their ass fungal\n|c|\u2606heatranberg|i have a gameplan dont worry it's 100%\n|\n|t:|1700175762\n|switch|p1a: Great Tusk|Great Tusk|100\/100\n|move|p2a: Okidogi|Poison Jab|p1a: Great Tusk\n|-resisted|p1a: Great Tusk\n|-damage|p1a: Great Tusk|88\/100\n|\n|upkeep\n|turn|10\n|\n|t:|1700175772\n|switch|p2a: Mabosstiff|Mabosstiff, F|100\/100\n|-damage|p2a: Mabosstiff|88\/100|[from] Stealth Rock\n|move|p1a: Great Tusk|Earthquake|p2a: Mabosstiff\n|-damage|p2a: Mabosstiff|30\/100\n|\n|upkeep\n|turn|11\n|\n|t:|1700175781\n|move|p1a: Great Tusk|Rapid Spin|p2a: Mabosstiff\n|-crit|p2a: Mabosstiff\n|-damage|p2a: Mabosstiff|3\/100\n|-boost|p1a: Great Tusk|spe|1\n|move|p2a: Mabosstiff|Play Rough|p1a: Great Tusk\n|-supereffective|p1a: Great Tusk\n|-damage|p1a: Great Tusk|47\/100\n|\n|upkeep\n|turn|12\n|\n|t:|1700175788\n|move|p1a: Great Tusk|Rapid Spin|p2a: Mabosstiff\n|-damage|p2a: Mabosstiff|0 fnt\n|-boost|p1a: Great Tusk|spe|1\n|faint|p2a: Mabosstiff\n|\n|upkeep\n|\n|t:|1700175790\n|switch|p2a: Zamazenta|Zamazenta|100\/100\n|-damage|p2a: Zamazenta|94\/100|[from] Stealth Rock\n|-ability|p2a: Zamazenta|Dauntless Shield|boost\n|-boost|p2a: Zamazenta|def|1\n|turn|13\n|\n|t:|1700175798\n|-end|p1a: Great Tusk|Protosynthesis|[silent]\n|switch|p1a: Alomomola|Alomomola, F|63\/100\n|move|p2a: Zamazenta|Iron Defense|p2a: Zamazenta\n|-boost|p2a: Zamazenta|def|2\n|\n|-heal|p2a: Zamazenta|100\/100|[from] item: Leftovers\n|upkeep\n|turn|14\n|\n|t:|1700175805\n|move|p2a: Zamazenta|Body Press|p1a: Alomomola\n|-damage|p1a: Alomomola|15\/100\n|move|p1a: Alomomola|Flip Turn|p2a: Zamazenta\n|-damage|p2a: Zamazenta|95\/100\n|c| Lasagna Crustle|Fungal you might be fumbling\n|n| Lasagne Crustle|pikoow\n|c| DiscardedVessel|no the dawg is in\n|\n|t:|1700175819\n|switch|p1a: Lokix|Lokix, M|100\/100|[from] Flip Turn\n|\n|-heal|p2a: Zamazenta|100\/100|[from] item: Leftovers\n|upkeep\n|turn|15\n|c| Lasagna Crustle|NO FUCKING WAY?\n|\n|t:|1700175825\n|-terastallize|p1a: Lokix|Ghost\n|move|p2a: Zamazenta|Crunch|p1a: Lokix\n|-supereffective|p1a: Lokix\n|-damage|p1a: Lokix|0 fnt\n|replace|p1a: Zoroark|Zoroark-Hisui, M\n|-end|p1a: Zoroark|Illusion\n|faint|p1a: Zoroark\n|\n|upkeep\n|c| Lasagna Crustle|PIK WHAT\n|c| Lasagne Crustle|hello\n|c| Lasagna Crustle|AYO\n|c| golden_pog|yo.\n|c|\u2606heatranberg|most telegraphed zoro in history\n|c| DiscardedVessel|read into oblivoon, agency agency\n|c| Lasagna Crustle|FUNGAL'S AGENCY CRUNCH\n|c|\u2606bunnelby to NU|Yeah zam goobs my whole fuckin team\n|\n|t:|1700175847\n|switch|p1a: Great Tusk|Great Tusk|47\/100\n|turn|16\n|\n|t:|1700175851\n|move|p2a: Zamazenta|Iron Defense|p2a: Zamazenta\n|-boost|p2a: Zamazenta|def|2\n|move|p1a: Great Tusk|Knock Off|p2a: Zamazenta\n|-resisted|p2a: Zamazenta\n|-damage|p2a: Zamazenta|96\/100\n|-enditem|p2a: Zamazenta|Leftovers|[from] move: Knock Off|[of] p1a: Great Tusk\n|\n|upkeep\n|turn|17\n|c|\u2606bunnelby to NU|I have one special attacker and you could know my team before hand and brought crunch just to fuck me\n|\n|t:|1700175874\n|move|p2a: Zamazenta|Body Press|p1a: Great Tusk\n|-damage|p1a: Great Tusk|0 fnt\n|faint|p1a: Great Tusk\n|-end|p1a: Great Tusk|Protosynthesis|[silent]\n|\n|upkeep\n|c| Lasagna Crustle|NO?\n|\n|t:|1700175878\n|switch|p1a: Alomomola|Alomomola, F|48\/100\n|turn|18\n|c|\u2606heatranberg|i didnt bring this team to counterteam you LOL\n|c| Lasagna Crustle|THAT ZAMA ALWAYS HAD CRUNCH\n|l| DiscardedVessel\n|\n|t:|1700175884\n|switch|p1a: Kleavor|Kleavor, M|94\/100 brn\n|move|p2a: Zamazenta|Body Press|p1a: Kleavor\n|-damage|p1a: Kleavor|0 fnt\n|faint|p1a: Kleavor\n|\n|upkeep\n|c| Lasagna Crustle|NO ONE HERE BRINGS SHIT TO COUNTERTEAM OTHERS DUDE\n|\n|t:|1700175893\n|switch|p1a: Alomomola|Alomomola, F|81\/100\n|turn|19\n|\n|t:|1700175896\n|move|p2a: Zamazenta|Body Press|p1a: Alomomola\n|-damage|p1a: Alomomola|14\/100\n|move|p1a: Alomomola|Scald|p2a: Zamazenta\n|-damage|p2a: Zamazenta|84\/100\n|\n|upkeep\n|turn|20\n|c| Lasagna Crustle|The dog team has always been built like thos\n|\n|t:|1700175905\n|move|p2a: Zamazenta|Body Press|p1a: Alomomola\n|-damage|p1a: Alomomola|0 fnt\n|faint|p1a: Alomomola\n|\n|upkeep\n|c| Lasagna Crustle|This\n|\n|t:|1700175908\n|switch|p1a: Breloom|Breloom, M|100\/100\n|turn|21\n|c| Lasagne Crustle|the dog is just too good\n|c|\u2606heatranberg|this dog team is a  month old\n|\n|t:|1700175914\n|move|p2a: Zamazenta|Body Press|p1a: Breloom\n|-damage|p1a: Breloom|0 fnt\n|faint|p1a: Breloom\n|\n|upkeep\n|\n|t:|1700175920\n|switch|p1a: Lokix|Lokix, M|100\/100\n|turn|22\n|c| Lasagna Crustle|And didn't go through one single change\n|\n|t:|1700175923\n|move|p1a: Lokix|First Impression|p2a: Zamazenta\n|-resisted|p2a: Zamazenta\n|-damage|p2a: Zamazenta|69\/100\n|move|p2a: Zamazenta|Body Press|p1a: Lokix\n|-damage|p1a: Lokix|0 fnt\n|faint|p1a: Lokix\n|\n|win|heatranberg\n|c|\u2606heatranberg|gg\n","uploadtime":1700175932,"views":10,"p1id":"bunnelbytonu","p2id":"heatranberg","formatid":"gen9ou","rating":0,"private":0,"password":""}