{"id":"gen9ou-1999367488","p1":"OUCKglhf","p2":"sousnake","format":"[Gen 9] OU","log":"|j|\u2606OUCKglhf\n|j|\u2606sousnake\n|t:|1701067982\n|gametype|singles\n|player|p1|OUCKglhf|benga|1631\n|player|p2|sousnake|265|1773\n|teamsize|p1|6\n|teamsize|p2|6\n|gen|9\n|tier|[Gen 9] OU\n|rated|\n|rule|Sleep Clause Mod: Limit one foe put to sleep\n|rule|Species Clause: Limit one of each Pok\u00e9mon\n|rule|OHKO Clause: OHKO moves are banned\n|rule|Evasion Items Clause: Evasion items are banned\n|rule|Evasion Moves Clause: Evasion moves are banned\n|rule|Endless Battle Clause: Forcing endless battles is banned\n|rule|HP Percentage Mod: HP is shown in percentages\n|clearpoke\n|poke|p1|Indeedee, M|\n|poke|p1|Polteageist|\n|poke|p1|Maushold|\n|poke|p1|Hatterene, F|\n|poke|p1|Armarouge, F|\n|poke|p1|Zamazenta-*|\n|poke|p2|Torkoal, M|\n|poke|p2|Walking Wake|\n|poke|p2|Great Tusk|\n|poke|p2|Iron Moth|\n|poke|p2|Kingambit, M|\n|poke|p2|Ribombee, M|\n|teampreview\n|inactive|Battle timer is ON: inactive players will automatically lose when time's up. (requested by OUCKglhf)\n|\n|t:|1701067996\n|start\n|switch|p1a: Indeedee|Indeedee, M, shiny|100\/100\n|switch|p2a: Ribombee|Ribombee, M|100\/100\n|-fieldstart|move: Psychic Terrain|[from] ability: Psychic Surge|[of] p1a: Indeedee\n|turn|1\n|\n|t:|1701068002\n|switch|p1a: Hatterene|Hatterene, F, shiny|100\/100\n|move|p2a: Ribombee|Moonblast|p1a: Hatterene\n|-damage|p1a: Hatterene|55\/100\n|-enditem|p1a: Hatterene|Eject Button\n|\n|t:|1701068006\n|switch|p1a: Maushold|Maushold|100\/100\n|\n|upkeep\n|turn|2\n|\n|t:|1701068011\n|move|p2a: Ribombee|Sticky Web|p1a: Maushold\n|-sidestart|p1: OUCKglhf|move: Sticky Web\n|move|p1a: Maushold|Tidy Up|p1a: Maushold\n|-sideend|p1: OUCKglhf|Sticky Web\n|-activate|p1a: Maushold|move: Tidy Up\n|-boost|p1a: Maushold|atk|1\n|-boost|p1a: Maushold|spe|1\n|\n|upkeep\n|turn|3\n|\n|t:|1701068018\n|-terastallize|p2a: Ribombee|Ghost\n|move|p1a: Maushold|Population Bomb|p2a: Ribombee\n|-immune|p2a: Ribombee\n|move|p2a: Ribombee|Stun Spore|p1a: Maushold|[miss]\n|-miss|p2a: Ribombee|p1a: Maushold\n|\n|upkeep\n|turn|4\n|\n|t:|1701068025\n|move|p1a: Maushold|Bite|p2a: Ribombee\n|-supereffective|p2a: Ribombee\n|-enditem|p2a: Ribombee|Focus Sash\n|-damage|p2a: Ribombee|1\/100\n|move|p2a: Ribombee|Stun Spore|p1a: Maushold\n|-status|p1a: Maushold|par\n|\n|upkeep\n|turn|5\n|\n|t:|1701068032\n|move|p2a: Ribombee|Moonblast|p1a: Maushold\n|-damage|p1a: Maushold|43\/100 par\n|move|p1a: Maushold|Tidy Up|p1a: Maushold\n|-boost|p1a: Maushold|atk|1\n|-boost|p1a: Maushold|spe|1\n|\n|upkeep\n|turn|6\n|\n|t:|1701068045\n|switch|p1a: Armarouge|Armarouge, F, shiny|100\/100\n|move|p2a: Ribombee|Moonblast|p1a: Armarouge\n|-resisted|p1a: Armarouge\n|-damage|p1a: Armarouge|76\/100\n|\n|upkeep\n|turn|7\n|\n|t:|1701068052\n|switch|p1a: Hatterene|Hatterene, F, shiny|55\/100\n|move|p2a: Ribombee|Sticky Web|p1a: Hatterene\n|move|p1a: Hatterene|Sticky Web|p2a: Ribombee|[from]ability: Magic Bounce\n|-sidestart|p2: sousnake|move: Sticky Web\n|\n|upkeep\n|turn|8\n|\n|t:|1701068058\n|move|p2a: Ribombee|Moonblast|p1a: Hatterene\n|-damage|p1a: Hatterene|10\/100\n|move|p1a: Hatterene|Nuzzle|p2a: Ribombee\n|-damage|p2a: Ribombee|0 fnt\n|faint|p2a: Ribombee\n|\n|-fieldend|move: Psychic Terrain\n|upkeep\n|\n|t:|1701068067\n|switch|p2a: Great Tusk|Great Tusk|100\/100\n|-activate|p2a: Great Tusk|move: Sticky Web\n|-unboost|p2a: Great Tusk|spe|1\n|turn|9\n|\n|t:|1701068071\n|switch|p1a: Polteageist|Polteageist, shiny|100\/100\n|move|p2a: Great Tusk|Rapid Spin|p1a: Polteageist\n|-immune|p1a: Polteageist\n|\n|upkeep\n|turn|10\n|\n|t:|1701068077\n|switch|p1a: Hatterene|Hatterene, F, shiny|10\/100\n|move|p2a: Great Tusk|Headlong Rush|p1a: Hatterene\n|-damage|p1a: Hatterene|0 fnt\n|-unboost|p2a: Great Tusk|def|1\n|-unboost|p2a: Great Tusk|spd|1\n|faint|p1a: Hatterene\n|\n|upkeep\n|\n|t:|1701068079\n|switch|p1a: Indeedee|Indeedee, M, shiny|100\/100\n|-fieldstart|move: Psychic Terrain|[from] ability: Psychic Surge|[of] p1a: Indeedee\n|turn|11\n|\n|t:|1701068090\n|-end|p2a: Great Tusk|Protosynthesis|[silent]\n|switch|p2a: Kingambit|Kingambit, M|100\/100\n|-activate|p2a: Kingambit|move: Sticky Web\n|-unboost|p2a: Kingambit|spe|1\n|-activate|p2a: Kingambit|ability: Supreme Overlord\n|-start|p2a: Kingambit|fallen1|[silent]\n|move|p1a: Indeedee|Healing Wish|p1a: Indeedee\n|faint|p1a: Indeedee\n|\n|upkeep\n|\n|t:|1701068095\n|switch|p1a: Armarouge|Armarouge, F, shiny|76\/100\n|-heal|p1a: Armarouge|100\/100|[from] move: Healing Wish\n|turn|12\n|\n|t:|1701068104\n|-end|p2a: Kingambit|fallen1|[silent]\n|switch|p2a: Torkoal|Torkoal, M|100\/100\n|-activate|p2a: Torkoal|move: Sticky Web\n|-unboost|p2a: Torkoal|spe|1\n|-weather|SunnyDay|[from] ability: Drought|[of] p2a: Torkoal\n|move|p1a: Armarouge|Expanding Force|p2a: Torkoal\n|-damage|p2a: Torkoal|17\/100\n|\n|-weather|SunnyDay|[upkeep]\n|upkeep\n|turn|13\n|\n|t:|1701068113\n|switch|p2a: Kingambit|Kingambit, M|100\/100\n|-activate|p2a: Kingambit|move: Sticky Web\n|-unboost|p2a: Kingambit|spe|1\n|-activate|p2a: Kingambit|ability: Supreme Overlord\n|-start|p2a: Kingambit|fallen1|[silent]\n|move|p1a: Armarouge|Armor Cannon|p2a: Kingambit\n|-supereffective|p2a: Kingambit\n|-damage|p2a: Kingambit|0 fnt\n|-unboost|p1a: Armarouge|def|1\n|-unboost|p1a: Armarouge|spd|1\n|faint|p2a: Kingambit\n|-end|p2a: Kingambit|fallen1|[silent]\n|\n|-weather|SunnyDay|[upkeep]\n|upkeep\n|c|\u2606OUCKglhf|a master class!\n|\n|t:|1701068137\n|switch|p2a: Iron Moth|Iron Moth|100\/100\n|-activate|p2a: Iron Moth|move: Sticky Web\n|-unboost|p2a: Iron Moth|spe|1\n|-enditem|p2a: Iron Moth|Booster Energy\n|-activate|p2a: Iron Moth|ability: Quark Drive|[fromitem]\n|-start|p2a: Iron Moth|quarkdrivespa\n|turn|14\n|\n|t:|1701068146\n|move|p1a: Armarouge|Expanding Force|p2a: Iron Moth\n|-supereffective|p2a: Iron Moth\n|-damage|p2a: Iron Moth|0 fnt\n|faint|p2a: Iron Moth\n|-end|p2a: Iron Moth|Quark Drive|[silent]\n|\n|-weather|SunnyDay|[upkeep]\n|upkeep\n|-message|sousnake forfeited.\n|\n|win|OUCKglhf\n|raw|OUCKglhf's rating: 1631 &rarr; <strong>1659<\/strong><br \/>(+28 for winning)\n|raw|sousnake's rating: 1773 &rarr; <strong>1745<\/strong><br \/>(-28 for losing)\n|l|\u2606sousnake\n|c|\u2606OUCKglhf|gg\n","uploadtime":1701068169,"views":21,"p1id":"ouckglhf","p2id":"sousnake","formatid":"gen9ou","rating":1659,"private":0,"password":""}