{"id":"gen9ou-2000269439","p1":"El Stefano","p2":"Devil94","format":"[Gen 9] OU","log":"|j|\u2606El Stefano\n|j|\u2606Devil94\n|t:|1701179689\n|gametype|singles\n|player|p1|El Stefano|102|1847\n|player|p2|Devil94|2|1704\n|teamsize|p1|6\n|teamsize|p2|6\n|gen|9\n|tier|[Gen 9] OU\n|rated|\n|rule|Sleep Clause Mod: Limit one foe put to sleep\n|rule|Species Clause: Limit one of each Pok\u00e9mon\n|rule|OHKO Clause: OHKO moves are banned\n|rule|Evasion Items Clause: Evasion items are banned\n|rule|Evasion Moves Clause: Evasion moves are banned\n|rule|Endless Battle Clause: Forcing endless battles is banned\n|rule|HP Percentage Mod: HP is shown in percentages\n|clearpoke\n|poke|p1|Slowking, M|\n|poke|p1|Chesnaught, F|\n|poke|p1|Talonflame, F|\n|poke|p1|Clodsire, F|\n|poke|p1|Dondozo, M|\n|poke|p1|Clefable, F|\n|poke|p2|Dragapult, F|\n|poke|p2|Ursaluna, F|\n|poke|p2|Amoonguss, M|\n|poke|p2|Zapdos|\n|poke|p2|Corviknight, F|\n|poke|p2|Iron Valiant|\n|teampreview\n|j| uPlo\n|\n|t:|1701179699\n|start\n|switch|p1a: Clefable|Clefable, F|100\/100\n|switch|p2a: Corviknight|Corviknight, F|100\/100\n|-ability|p2a: Corviknight|Pressure\n|turn|1\n|\n|t:|1701179705\n|move|p2a: Corviknight|U-turn|p1a: Clefable\n|-resisted|p1a: Clefable\n|-damage|p1a: Clefable|95\/100\n|\n|t:|1701179708\n|switch|p2a: Amoonguss|Amoonguss, M|100\/100|[from] U-turn\n|move|p1a: Clefable|Knock Off|p2a: Amoonguss\n|-damage|p2a: Amoonguss|89\/100\n|-enditem|p2a: Amoonguss|Rocky Helmet|[from] move: Knock Off|[of] p1a: Clefable\n|\n|-heal|p1a: Clefable|100\/100|[from] item: Leftovers\n|upkeep\n|turn|2\n|\n|t:|1701179719\n|switch|p1a: Talonflame|Talonflame, F|100\/100\n|move|p2a: Amoonguss|Spore|p1a: Talonflame\n|-status|p1a: Talonflame|slp|[from] move: Spore\n|\n|upkeep\n|turn|3\n|\n|t:|1701179730\n|switch|p1a: Slowking|Slowking, M, shiny|100\/100\n|switch|p2a: Ursaluna|Ursaluna, F|100\/100\n|\n|-status|p2a: Ursaluna|brn|[from] item: Flame Orb\n|upkeep\n|turn|4\n|\n|t:|1701179736\n|-terastallize|p2a: Ursaluna|Normal\n|move|p1a: Slowking|Protect|p1a: Slowking\n|-singleturn|p1a: Slowking|Protect\n|move|p2a: Ursaluna|Facade|p1a: Slowking\n|-activate|p1a: Slowking|move: Protect\n|\n|-damage|p2a: Ursaluna|94\/100 brn|[from] brn\n|upkeep\n|turn|5\n|\n|t:|1701179760\n|switch|p1a: Talonflame|Talonflame, F|100\/100 slp\n|move|p2a: Ursaluna|Facade|p1a: Talonflame\n|-damage|p1a: Talonflame|0 fnt\n|faint|p1a: Talonflame\n|\n|-damage|p2a: Ursaluna|88\/100 brn|[from] brn\n|upkeep\n|\n|t:|1701179762\n|switch|p1a: Clefable|Clefable, F|100\/100\n|turn|6\n|\n|t:|1701179768\n|switch|p2a: Amoonguss|Amoonguss, M|100\/100\n|-terastallize|p1a: Clefable|Ghost\n|move|p1a: Clefable|Moonblast|p2a: Amoonguss\n|-resisted|p2a: Amoonguss\n|-damage|p2a: Amoonguss|86\/100\n|-unboost|p2a: Amoonguss|spa|1\n|\n|upkeep\n|turn|7\n|\n|t:|1701179775\n|move|p1a: Clefable|Stealth Rock|p2a: Amoonguss\n|-sidestart|p2: Devil94|move: Stealth Rock\n|move|p2a: Amoonguss|Sludge Bomb|p1a: Clefable\n|-resisted|p1a: Clefable\n|-damage|p1a: Clefable|92\/100\n|\n|-heal|p1a: Clefable|98\/100|[from] item: Leftovers\n|upkeep\n|turn|8\n|\n|t:|1701179782\n|switch|p1a: Chesnaught|Chesnaught, F|100\/100\n|move|p2a: Amoonguss|Sludge Bomb|p1a: Chesnaught\n|-immune|p1a: Chesnaught|[from] ability: Bulletproof\n|\n|upkeep\n|turn|9\n|\n|t:|1701179789\n|move|p1a: Chesnaught|Knock Off|p2a: Amoonguss\n|-damage|p2a: Amoonguss|74\/100\n|move|p2a: Amoonguss|Clear Smog|p1a: Chesnaught\n|-supereffective|p1a: Chesnaught\n|-damage|p1a: Chesnaught|78\/100\n|-clearboost|p1a: Chesnaught\n|\n|upkeep\n|turn|10\n|\n|t:|1701179794\n|move|p1a: Chesnaught|Spikes|p2a: Amoonguss\n|-sidestart|p2: Devil94|Spikes\n|move|p2a: Amoonguss|Giga Drain|p1a: Chesnaught\n|-resisted|p1a: Chesnaught\n|-damage|p1a: Chesnaught|70\/100\n|-heal|p2a: Amoonguss|78\/100|[from] drain|[of] p1a: Chesnaught\n|\n|upkeep\n|turn|11\n|\n|t:|1701179801\n|move|p1a: Chesnaught|Synthesis|p1a: Chesnaught\n|-heal|p1a: Chesnaught|100\/100\n|move|p2a: Amoonguss|Clear Smog|p1a: Chesnaught\n|-supereffective|p1a: Chesnaught\n|-damage|p1a: Chesnaught|78\/100\n|-clearboost|p1a: Chesnaught\n|\n|upkeep\n|turn|12\n|\n|t:|1701179804\n|switch|p2a: Corviknight|Corviknight, F|100\/100\n|-damage|p2a: Corviknight|88\/100|[from] Stealth Rock\n|-ability|p2a: Corviknight|Pressure\n|move|p1a: Chesnaught|Spikes|p2a: Corviknight\n|-sidestart|p2: Devil94|Spikes\n|\n|upkeep\n|turn|13\n|\n|t:|1701179807\n|move|p2a: Corviknight|Defog|p1a: Chesnaught\n|-unboost|p1a: Chesnaught|evasion|1\n|-sideend|p2: Devil94|Spikes|[from] move: Defog|[of] p2a: Corviknight\n|-sideend|p2: Devil94|Stealth Rock|[from] move: Defog|[of] p2a: Corviknight\n|move|p1a: Chesnaught|Knock Off|p2a: Corviknight\n|-damage|p2a: Corviknight|73\/100\n|-damage|p1a: Chesnaught|62\/100|[from] item: Rocky Helmet|[of] p2a: Corviknight\n|-enditem|p2a: Corviknight|Rocky Helmet|[from] move: Knock Off|[of] p1a: Chesnaught\n|\n|upkeep\n|turn|14\n|\n|t:|1701179812\n|switch|p1a: Clefable|Clefable, F, tera:Ghost|98\/100\n|move|p2a: Corviknight|U-turn|p1a: Clefable\n|-resisted|p1a: Clefable\n|-damage|p1a: Clefable|93\/100\n|\n|t:|1701179819\n|switch|p2a: Amoonguss|Amoonguss, M|100\/100|[from] U-turn\n|\n|-heal|p1a: Clefable|99\/100|[from] item: Leftovers\n|upkeep\n|turn|15\n|\n|t:|1701179826\n|switch|p1a: Chesnaught|Chesnaught, F|62\/100\n|move|p2a: Amoonguss|Spore|p1a: Chesnaught\n|-immune|p1a: Chesnaught\n|\n|upkeep\n|turn|16\n|\n|t:|1701179829\n|switch|p1a: Clefable|Clefable, F, tera:Ghost|99\/100\n|move|p2a: Amoonguss|Clear Smog|p1a: Clefable\n|-resisted|p1a: Clefable\n|-damage|p1a: Clefable|91\/100\n|-clearboost|p1a: Clefable\n|\n|-heal|p1a: Clefable|97\/100|[from] item: Leftovers\n|upkeep\n|turn|17\n|j| Jimmy Powka\n|\n|t:|1701179837\n|switch|p1a: Chesnaught|Chesnaught, F|62\/100\n|move|p2a: Amoonguss|Sludge Bomb|p1a: Chesnaught\n|-immune|p1a: Chesnaught|[from] ability: Bulletproof\n|\n|upkeep\n|turn|18\n|\n|t:|1701179842\n|move|p1a: Chesnaught|Spikes|p2a: Amoonguss\n|-sidestart|p2: Devil94|Spikes\n|move|p2a: Amoonguss|Clear Smog|p1a: Chesnaught\n|-supereffective|p1a: Chesnaught\n|-damage|p1a: Chesnaught|28\/100\n|-clearboost|p1a: Chesnaught\n|\n|upkeep\n|turn|19\n|\n|t:|1701179845\n|move|p1a: Chesnaught|Synthesis|p1a: Chesnaught\n|-heal|p1a: Chesnaught|78\/100\n|move|p2a: Amoonguss|Clear Smog|p1a: Chesnaught\n|-supereffective|p1a: Chesnaught\n|-damage|p1a: Chesnaught|46\/100\n|-clearboost|p1a: Chesnaught\n|\n|upkeep\n|turn|20\n|\n|t:|1701179858\n|switch|p2a: Corviknight|Corviknight, F|73\/100\n|-ability|p2a: Corviknight|Pressure\n|move|p1a: Chesnaught|Synthesis|p1a: Chesnaught\n|-heal|p1a: Chesnaught|96\/100\n|\n|upkeep\n|turn|21\n|\n|t:|1701179863\n|move|p2a: Corviknight|Brave Bird|p1a: Chesnaught\n|-supereffective|p1a: Chesnaught\n|-damage|p1a: Chesnaught|11\/100\n|-damage|p2a: Corviknight|46\/100|[from] Recoil\n|move|p1a: Chesnaught|Body Press|p2a: Corviknight\n|-damage|p2a: Corviknight|18\/100\n|\n|upkeep\n|turn|22\n|\n|t:|1701179875\n|switch|p1a: Slowking|Slowking, M, shiny|100\/100\n|move|p2a: Corviknight|Brave Bird|p1a: Slowking\n|-damage|p1a: Slowking|61\/100\n|-damage|p2a: Corviknight|5\/100|[from] Recoil\n|\n|upkeep\n|turn|23\n|\n|t:|1701179880\n|move|p2a: Corviknight|Roost|p2a: Corviknight\n|-heal|p2a: Corviknight|55\/100\n|-singleturn|p2a: Corviknight|move: Roost\n|move|p1a: Slowking|Scald|p2a: Corviknight\n|-damage|p2a: Corviknight|26\/100\n|-status|p2a: Corviknight|brn\n|\n|-damage|p2a: Corviknight|20\/100 brn|[from] brn\n|upkeep\n|turn|24\n|\n|t:|1701179885\n|switch|p1a: Clefable|Clefable, F, tera:Ghost|97\/100\n|move|p2a: Corviknight|U-turn|p1a: Clefable\n|-resisted|p1a: Clefable\n|-damage|p1a: Clefable|95\/100\n|\n|t:|1701179889\n|switch|p2a: Zapdos|Zapdos|100\/100|[from] U-turn\n|\n|-heal|p1a: Clefable|100\/100|[from] item: Leftovers\n|upkeep\n|turn|25\n|\n|t:|1701179897\n|move|p2a: Zapdos|Thunder Wave|p1a: Clefable\n|-status|p1a: Clefable|par\n|move|p1a: Clefable|Stealth Rock|p2a: Zapdos\n|-sidestart|p2: Devil94|move: Stealth Rock\n|\n|upkeep\n|turn|26\n|\n|t:|1701179907\n|move|p2a: Zapdos|Volt Switch|p1a: Clefable\n|-damage|p1a: Clefable|72\/100 par\n|\n|t:|1701179913\n|switch|p2a: Amoonguss|Amoonguss, M|100\/100|[from] Volt Switch\n|-damage|p2a: Amoonguss|88\/100|[from] Spikes\n|-damage|p2a: Amoonguss|75\/100|[from] Stealth Rock\n|move|p1a: Clefable|Knock Off|p2a: Amoonguss\n|-damage|p2a: Amoonguss|68\/100\n|\n|-heal|p1a: Clefable|78\/100 par|[from] item: Leftovers\n|upkeep\n|turn|27\n|\n|t:|1701179924\n|switch|p1a: Clodsire|Clodsire, F|100\/100\n|move|p2a: Amoonguss|Giga Drain|p1a: Clodsire\n|-damage|p1a: Clodsire|88\/100\n|-heal|p2a: Amoonguss|74\/100|[from] drain|[of] p1a: Clodsire\n|\n|upkeep\n|turn|28\n|\n|t:|1701179928\n|switch|p1a: Clefable|Clefable, F, tera:Ghost|78\/100 par\n|move|p2a: Amoonguss|Spore||[still]\n|-fail|p2a: Amoonguss\n|\n|-heal|p1a: Clefable|85\/100 par|[from] item: Leftovers\n|upkeep\n|turn|29\n|\n|t:|1701179935\n|move|p2a: Amoonguss|Giga Drain|p1a: Clefable\n|-damage|p1a: Clefable|62\/100 par\n|-heal|p2a: Amoonguss|85\/100|[from] drain|[of] p1a: Clefable\n|cant|p1a: Clefable|par\n|\n|-heal|p1a: Clefable|69\/100 par|[from] item: Leftovers\n|upkeep\n|turn|30\n|j| Ran Kob\n|\n|t:|1701179944\n|switch|p2a: Dragapult|Dragapult, F|100\/100\n|-damage|p2a: Dragapult|88\/100|[from] Spikes\n|-damage|p2a: Dragapult|76\/100|[from] Stealth Rock\n|move|p1a: Clefable|Knock Off|p2a: Dragapult\n|-supereffective|p2a: Dragapult\n|-damage|p2a: Dragapult|26\/100\n|-enditem|p2a: Dragapult|Leftovers|[from] move: Knock Off|[of] p1a: Clefable\n|\n|-heal|p1a: Clefable|75\/100 par|[from] item: Leftovers\n|upkeep\n|turn|31\n|\n|t:|1701179957\n|move|p2a: Dragapult|Hex|p1a: Clefable\n|-supereffective|p1a: Clefable\n|-damage|p1a: Clefable|0 fnt\n|faint|p1a: Clefable\n|\n|upkeep\n|\n|t:|1701179965\n|switch|p1a: Slowking|Slowking, M, shiny|94\/100\n|turn|32\n|\n|t:|1701179968\n|move|p2a: Dragapult|U-turn|p1a: Slowking\n|-supereffective|p1a: Slowking\n|-damage|p1a: Slowking|52\/100\n|\n|t:|1701179974\n|switch|p2a: Corviknight|Corviknight, F|20\/100 brn|[from] U-turn\n|-damage|p2a: Corviknight|8\/100 brn|[from] Stealth Rock\n|-ability|p2a: Corviknight|Pressure\n|move|p1a: Slowking|Scald|p2a: Corviknight\n|-damage|p2a: Corviknight|0 fnt\n|faint|p2a: Corviknight\n|\n|upkeep\n|\n|t:|1701179976\n|switch|p2a: Ursaluna|Ursaluna, F, tera:Normal|88\/100 brn\n|-damage|p2a: Ursaluna|76\/100 brn|[from] Spikes\n|-damage|p2a: Ursaluna|64\/100 brn|[from] Stealth Rock\n|turn|33\n|\n|t:|1701179984\n|move|p2a: Ursaluna|Swords Dance|p2a: Ursaluna\n|-boost|p2a: Ursaluna|atk|2\n|move|p1a: Slowking|Scald|p2a: Ursaluna\n|-damage|p2a: Ursaluna|37\/100 brn\n|\n|-damage|p2a: Ursaluna|31\/100 brn|[from] brn\n|upkeep\n|turn|34\n|\n|t:|1701179988\n|move|p1a: Slowking|Protect|p1a: Slowking\n|-singleturn|p1a: Slowking|Protect\n|move|p2a: Ursaluna|Facade|p1a: Slowking\n|-activate|p1a: Slowking|move: Protect\n|\n|-damage|p2a: Ursaluna|25\/100 brn|[from] brn\n|upkeep\n|turn|35\n|\n|t:|1701179994\n|move|p1a: Slowking|Protect|p1a: Slowking\n|-singleturn|p1a: Slowking|Protect\n|move|p2a: Ursaluna|Facade|p1a: Slowking\n|-activate|p1a: Slowking|move: Protect\n|\n|-damage|p2a: Ursaluna|19\/100 brn|[from] brn\n|upkeep\n|turn|36\n|\n|t:|1701180002\n|move|p1a: Slowking|Protect||[still]\n|-fail|p1a: Slowking\n|move|p2a: Ursaluna|Headlong Rush|p1a: Slowking\n|-damage|p1a: Slowking|0 fnt\n|-unboost|p2a: Ursaluna|def|1\n|-unboost|p2a: Ursaluna|spd|1\n|faint|p1a: Slowking\n|\n|-damage|p2a: Ursaluna|13\/100 brn|[from] brn\n|upkeep\n|\n|t:|1701180005\n|switch|p1a: Chesnaught|Chesnaught, F|11\/100\n|turn|37\n|\n|t:|1701180010\n|move|p2a: Ursaluna|Facade|p1a: Chesnaught\n|-damage|p1a: Chesnaught|0 fnt\n|faint|p1a: Chesnaught\n|\n|-damage|p2a: Ursaluna|7\/100 brn|[from] brn\n|upkeep\n|\n|t:|1701180017\n|switch|p1a: Dondozo|Dondozo, M|100\/100\n|turn|38\n|\n|t:|1701180027\n|move|p2a: Ursaluna|Facade|p1a: Dondozo\n|-damage|p1a: Dondozo|27\/100\n|move|p1a: Dondozo|Rest|p1a: Dondozo\n|-status|p1a: Dondozo|slp|[from] move: Rest\n|-heal|p1a: Dondozo|100\/100 slp|[silent]\n|\n|-damage|p2a: Ursaluna|1\/100 brn|[from] brn\n|upkeep\n|turn|39\n|j| diyuenji\n|\n|t:|1701180039\n|move|p2a: Ursaluna|Facade|p1a: Dondozo\n|-damage|p1a: Dondozo|21\/100 slp\n|cant|p1a: Dondozo|slp\n|move|p1a: Dondozo|Sleep Talk|p1a: Dondozo\n|move|p1a: Dondozo|Curse|p1a: Dondozo|[from]move: Sleep Talk\n|-unboost|p1a: Dondozo|spe|1\n|-boost|p1a: Dondozo|atk|1\n|-boost|p1a: Dondozo|def|1\n|\n|-damage|p2a: Ursaluna|0 fnt|[from] brn\n|faint|p2a: Ursaluna\n|upkeep\n|\n|t:|1701180048\n|switch|p2a: Iron Valiant|Iron Valiant|100\/100\n|-damage|p2a: Iron Valiant|88\/100|[from] Spikes\n|-damage|p2a: Iron Valiant|82\/100|[from] Stealth Rock\n|-enditem|p2a: Iron Valiant|Booster Energy\n|-activate|p2a: Iron Valiant|ability: Quark Drive|[fromitem]\n|-start|p2a: Iron Valiant|quarkdrivespe\n|turn|40\n|\n|t:|1701180054\n|move|p2a: Iron Valiant|Moonblast|p1a: Dondozo\n|-damage|p1a: Dondozo|0 fnt\n|faint|p1a: Dondozo\n|\n|upkeep\n|\n|t:|1701180058\n|switch|p1a: Clodsire|Clodsire, F|88\/100\n|turn|41\n|\n|t:|1701180063\n|-end|p2a: Iron Valiant|Quark Drive|[silent]\n|switch|p2a: Amoonguss|Amoonguss, M|100\/100\n|-damage|p2a: Amoonguss|88\/100|[from] Spikes\n|-damage|p2a: Amoonguss|75\/100|[from] Stealth Rock\n|move|p1a: Clodsire|Amnesia|p1a: Clodsire\n|-boost|p1a: Clodsire|spd|2\n|\n|upkeep\n|turn|42\n|\n|t:|1701180069\n|move|p2a: Amoonguss|Clear Smog|p1a: Clodsire\n|-resisted|p1a: Clodsire\n|-crit|p1a: Clodsire\n|-damage|p1a: Clodsire|85\/100\n|-clearboost|p1a: Clodsire\n|move|p1a: Clodsire|Earthquake|p2a: Amoonguss\n|-damage|p2a: Amoonguss|57\/100\n|\n|upkeep\n|turn|43\n|\n|t:|1701180073\n|move|p2a: Amoonguss|Spore|p1a: Clodsire\n|-status|p1a: Clodsire|slp|[from] move: Spore\n|cant|p1a: Clodsire|slp\n|\n|upkeep\n|turn|44\n|\n|t:|1701180075\n|switch|p2a: Dragapult|Dragapult, F|26\/100\n|-damage|p2a: Dragapult|14\/100|[from] Spikes\n|-damage|p2a: Dragapult|1\/100|[from] Stealth Rock\n|-curestatus|p1a: Clodsire|slp|[msg]\n|move|p1a: Clodsire|Earthquake|p2a: Dragapult\n|-damage|p2a: Dragapult|0 fnt\n|faint|p2a: Dragapult\n|\n|upkeep\n|\n|t:|1701180084\n|switch|p2a: Amoonguss|Amoonguss, M|90\/100\n|-damage|p2a: Amoonguss|78\/100|[from] Spikes\n|-damage|p2a: Amoonguss|65\/100|[from] Stealth Rock\n|turn|45\n|\n|t:|1701180087\n|move|p2a: Amoonguss|Spore|p1a: Clodsire\n|-status|p1a: Clodsire|slp|[from] move: Spore\n|cant|p1a: Clodsire|slp\n|\n|upkeep\n|turn|46\n|\n|t:|1701180091\n|switch|p2a: Iron Valiant|Iron Valiant|82\/100\n|-damage|p2a: Iron Valiant|69\/100|[from] Spikes\n|-damage|p2a: Iron Valiant|63\/100|[from] Stealth Rock\n|cant|p1a: Clodsire|slp\n|\n|upkeep\n|turn|47\n|\n|t:|1701180097\n|move|p2a: Iron Valiant|Knock Off|p1a: Clodsire\n|-damage|p1a: Clodsire|56\/100 slp\n|-enditem|p1a: Clodsire|Heavy-Duty Boots|[from] move: Knock Off|[of] p2a: Iron Valiant\n|cant|p1a: Clodsire|slp\n|\n|upkeep\n|turn|48\n|\n|t:|1701180101\n|move|p2a: Iron Valiant|Close Combat|p1a: Clodsire\n|-resisted|p1a: Clodsire\n|-crit|p1a: Clodsire\n|-damage|p1a: Clodsire|20\/100 slp\n|-unboost|p2a: Iron Valiant|def|1\n|-unboost|p2a: Iron Valiant|spd|1\n|-curestatus|p1a: Clodsire|slp|[msg]\n|move|p1a: Clodsire|Recover|p1a: Clodsire\n|-heal|p1a: Clodsire|70\/100\n|\n|upkeep\n|turn|49\n|\n|t:|1701180106\n|move|p2a: Iron Valiant|Close Combat|p1a: Clodsire\n|-resisted|p1a: Clodsire\n|-damage|p1a: Clodsire|42\/100\n|-unboost|p2a: Iron Valiant|def|1\n|-unboost|p2a: Iron Valiant|spd|1\n|move|p1a: Clodsire|Poison Jab|p2a: Iron Valiant\n|-supereffective|p2a: Iron Valiant\n|-damage|p2a: Iron Valiant|13\/100\n|-status|p2a: Iron Valiant|psn\n|\n|-damage|p2a: Iron Valiant|1\/100 psn|[from] psn\n|upkeep\n|turn|50\n|\n|t:|1701180114\n|move|p2a: Iron Valiant|Destiny Bond|p2a: Iron Valiant\n|-singlemove|p2a: Iron Valiant|Destiny Bond\n|move|p1a: Clodsire|Recover|p1a: Clodsire\n|-heal|p1a: Clodsire|92\/100\n|\n|-damage|p2a: Iron Valiant|0 fnt|[from] psn\n|faint|p2a: Iron Valiant\n|-end|p2a: Iron Valiant|Quark Drive|[silent]\n|upkeep\n|inactive|Battle timer is ON: inactive players will automatically lose when time's up. (requested by El Stefano)\n|\n|t:|1701180116\n|switch|p2a: Amoonguss|Amoonguss, M|98\/100\n|-damage|p2a: Amoonguss|86\/100|[from] Spikes\n|-damage|p2a: Amoonguss|73\/100|[from] Stealth Rock\n|turn|51\n|\n|t:|1701180120\n|move|p2a: Amoonguss|Spore|p1a: Clodsire\n|-status|p1a: Clodsire|slp|[from] move: Spore\n|cant|p1a: Clodsire|slp\n|\n|upkeep\n|turn|52\n|\n|t:|1701180122\n|switch|p2a: Zapdos|Zapdos|100\/100\n|cant|p1a: Clodsire|slp\n|\n|upkeep\n|turn|53\n|\n|t:|1701180126\n|move|p2a: Zapdos|Hurricane|p1a: Clodsire|[miss]\n|-miss|p2a: Zapdos|p1a: Clodsire\n|-curestatus|p1a: Clodsire|slp|[msg]\n|move|p1a: Clodsire|Amnesia|p1a: Clodsire\n|-boost|p1a: Clodsire|spd|2\n|\n|upkeep\n|turn|54\n|\n|t:|1701180129\n|switch|p2a: Amoonguss|Amoonguss, M|100\/100\n|-damage|p2a: Amoonguss|88\/100|[from] Spikes\n|-damage|p2a: Amoonguss|75\/100|[from] Stealth Rock\n|move|p1a: Clodsire|Poison Jab|p2a: Amoonguss\n|-damage|p2a: Amoonguss|60\/100\n|\n|upkeep\n|turn|55\n|\n|t:|1701180133\n|move|p2a: Amoonguss|Clear Smog|p1a: Clodsire\n|-resisted|p1a: Clodsire\n|-damage|p1a: Clodsire|91\/100\n|-clearboost|p1a: Clodsire\n|move|p1a: Clodsire|Earthquake|p2a: Amoonguss\n|-damage|p2a: Amoonguss|40\/100\n|\n|upkeep\n|turn|56\n|\n|t:|1701180140\n|move|p2a: Amoonguss|Spore|p1a: Clodsire\n|-status|p1a: Clodsire|slp|[from] move: Spore\n|cant|p1a: Clodsire|slp\n|\n|upkeep\n|turn|57\n|\n|t:|1701180142\n|switch|p2a: Zapdos|Zapdos|100\/100\n|cant|p1a: Clodsire|slp\n|\n|upkeep\n|turn|58\n|\n|t:|1701180146\n|move|p2a: Zapdos|Hurricane|p1a: Clodsire|[miss]\n|-miss|p2a: Zapdos|p1a: Clodsire\n|-curestatus|p1a: Clodsire|slp|[msg]\n|move|p1a: Clodsire|Amnesia|p1a: Clodsire\n|-boost|p1a: Clodsire|spd|2\n|\n|upkeep\n|turn|59\n|\n|t:|1701180149\n|move|p2a: Zapdos|Hurricane|p1a: Clodsire\n|-damage|p1a: Clodsire|79\/100\n|-start|p1a: Clodsire|confusion\n|-activate|p1a: Clodsire|confusion\n|move|p1a: Clodsire|Earthquake|p2a: Zapdos\n|-immune|p2a: Zapdos\n|\n|upkeep\n|turn|60\n|\n|t:|1701180153\n|switch|p2a: Amoonguss|Amoonguss, M|73\/100\n|-damage|p2a: Amoonguss|61\/100|[from] Spikes\n|-damage|p2a: Amoonguss|48\/100|[from] Stealth Rock\n|-end|p1a: Clodsire|confusion\n|move|p1a: Clodsire|Earthquake|p2a: Amoonguss\n|-damage|p2a: Amoonguss|29\/100\n|\n|upkeep\n|turn|61\n|\n|t:|1701180158\n|move|p2a: Amoonguss|Spore|p1a: Clodsire\n|-status|p1a: Clodsire|slp|[from] move: Spore\n|cant|p1a: Clodsire|slp\n|\n|upkeep\n|turn|62\n|\n|t:|1701180161\n|move|p2a: Amoonguss|Clear Smog|p1a: Clodsire\n|-resisted|p1a: Clodsire\n|-damage|p1a: Clodsire|78\/100 slp\n|-clearboost|p1a: Clodsire\n|-curestatus|p1a: Clodsire|slp|[msg]\n|move|p1a: Clodsire|Earthquake|p2a: Amoonguss\n|-damage|p2a: Amoonguss|9\/100\n|\n|upkeep\n|turn|63\n|\n|t:|1701180167\n|move|p2a: Amoonguss|Spore|p1a: Clodsire\n|-status|p1a: Clodsire|slp|[from] move: Spore\n|cant|p1a: Clodsire|slp\n|\n|upkeep\n|turn|64\n|\n|t:|1701180169\n|switch|p2a: Zapdos|Zapdos|100\/100\n|-curestatus|p1a: Clodsire|slp|[msg]\n|move|p1a: Clodsire|Amnesia|p1a: Clodsire\n|-boost|p1a: Clodsire|spd|2\n|\n|upkeep\n|turn|65\n|\n|t:|1701180173\n|switch|p2a: Amoonguss|Amoonguss, M|43\/100\n|-damage|p2a: Amoonguss|30\/100|[from] Spikes\n|-damage|p2a: Amoonguss|18\/100|[from] Stealth Rock\n|move|p1a: Clodsire|Poison Jab|p2a: Amoonguss\n|-damage|p2a: Amoonguss|2\/100\n|\n|upkeep\n|turn|66\n|\n|t:|1701180179\n|move|p2a: Amoonguss|Spore|p1a: Clodsire\n|-status|p1a: Clodsire|slp|[from] move: Spore\n|cant|p1a: Clodsire|slp\n|\n|upkeep\n|turn|67\n|\n|t:|1701180181\n|switch|p2a: Zapdos|Zapdos|100\/100\n|-curestatus|p1a: Clodsire|slp|[msg]\n|move|p1a: Clodsire|Amnesia|p1a: Clodsire\n|-boost|p1a: Clodsire|spd|2\n|\n|upkeep\n|turn|68\n|\n|t:|1701180200\n|move|p2a: Zapdos|Hurricane|p1a: Clodsire\n|-damage|p1a: Clodsire|69\/100\n|-start|p1a: Clodsire|confusion\n|-activate|p1a: Clodsire|confusion\n|-damage|p1a: Clodsire|62\/100|[from] confusion\n|\n|upkeep\n|turn|69\n|\n|t:|1701180207\n|switch|p2a: Amoonguss|Amoonguss, M|35\/100\n|-damage|p2a: Amoonguss|23\/100|[from] Spikes\n|-damage|p2a: Amoonguss|10\/100|[from] Stealth Rock\n|-activate|p1a: Clodsire|confusion\n|move|p1a: Clodsire|Recover|p1a: Clodsire\n|-heal|p1a: Clodsire|100\/100\n|\n|upkeep\n|turn|70\n|\n|t:|1701180213\n|move|p2a: Amoonguss|Spore|p1a: Clodsire\n|-status|p1a: Clodsire|slp|[from] move: Spore\n|cant|p1a: Clodsire|slp\n|\n|upkeep\n|turn|71\n|\n|t:|1701180216\n|move|p2a: Amoonguss|Clear Smog|p1a: Clodsire\n|-resisted|p1a: Clodsire\n|-damage|p1a: Clodsire|99\/100 slp\n|-clearboost|p1a: Clodsire\n|cant|p1a: Clodsire|slp\n|\n|upkeep\n|turn|72\n|\n|t:|1701180218\n|switch|p2a: Zapdos|Zapdos|100\/100\n|cant|p1a: Clodsire|slp\n|\n|upkeep\n|turn|73\n|\n|t:|1701180221\n|move|p2a: Zapdos|Hurricane|p1a: Clodsire|[miss]\n|-miss|p2a: Zapdos|p1a: Clodsire\n|-curestatus|p1a: Clodsire|slp|[msg]\n|-end|p1a: Clodsire|confusion\n|move|p1a: Clodsire|Amnesia|p1a: Clodsire\n|-boost|p1a: Clodsire|spd|2\n|\n|upkeep\n|turn|74\n|\n|t:|1701180226\n|move|p2a: Zapdos|Hurricane|p1a: Clodsire\n|-damage|p1a: Clodsire|88\/100\n|-start|p1a: Clodsire|confusion\n|-activate|p1a: Clodsire|confusion\n|move|p1a: Clodsire|Poison Jab|p2a: Zapdos\n|-damage|p2a: Zapdos|82\/100\n|\n|upkeep\n|turn|75\n|\n|t:|1701180231\n|switch|p2a: Amoonguss|Amoonguss, M|44\/100\n|-damage|p2a: Amoonguss|31\/100|[from] Spikes\n|-damage|p2a: Amoonguss|19\/100|[from] Stealth Rock\n|-end|p1a: Clodsire|confusion\n|move|p1a: Clodsire|Amnesia|p1a: Clodsire\n|-boost|p1a: Clodsire|spd|2\n|\n|upkeep\n|turn|76\n|\n|t:|1701180235\n|move|p2a: Amoonguss|Spore|p1a: Clodsire\n|-status|p1a: Clodsire|slp|[from] move: Spore\n|cant|p1a: Clodsire|slp\n|\n|upkeep\n|turn|77\n|l| Jimmy Powka\n|\n|t:|1701180241\n|move|p2a: Amoonguss|Clear Smog|p1a: Clodsire\n|-resisted|p1a: Clodsire\n|-damage|p1a: Clodsire|87\/100 slp\n|-clearboost|p1a: Clodsire\n|cant|p1a: Clodsire|slp\n|\n|upkeep\n|turn|78\n|\n|t:|1701180243\n|move|p2a: Amoonguss|Giga Drain|p1a: Clodsire\n|-damage|p1a: Clodsire|75\/100 slp\n|-heal|p2a: Amoonguss|25\/100|[from] drain|[of] p1a: Clodsire\n|-curestatus|p1a: Clodsire|slp|[msg]\n|move|p1a: Clodsire|Poison Jab|p2a: Amoonguss\n|-damage|p2a: Amoonguss|11\/100\n|\n|upkeep\n|turn|79\n|\n|t:|1701180247\n|move|p2a: Amoonguss|Spore|p1a: Clodsire\n|-status|p1a: Clodsire|slp|[from] move: Spore\n|cant|p1a: Clodsire|slp\n|\n|upkeep\n|turn|80\n|\n|t:|1701180251\n|move|p2a: Amoonguss|Giga Drain|p1a: Clodsire\n|-damage|p1a: Clodsire|63\/100 slp\n|-heal|p2a: Amoonguss|18\/100|[from] drain|[of] p1a: Clodsire\n|cant|p1a: Clodsire|slp\n|\n|upkeep\n|turn|81\n|\n|t:|1701180254\n|move|p2a: Amoonguss|Giga Drain|p1a: Clodsire\n|-damage|p1a: Clodsire|50\/100 slp\n|-heal|p2a: Amoonguss|24\/100|[from] drain|[of] p1a: Clodsire\n|-curestatus|p1a: Clodsire|slp|[msg]\n|move|p1a: Clodsire|Poison Jab|p2a: Amoonguss\n|-damage|p2a: Amoonguss|8\/100\n|\n|upkeep\n|turn|82\n|\n|t:|1701180258\n|move|p2a: Amoonguss|Spore|p1a: Clodsire\n|-status|p1a: Clodsire|slp|[from] move: Spore\n|cant|p1a: Clodsire|slp\n|\n|upkeep\n|turn|83\n|\n|t:|1701180260\n|move|p2a: Amoonguss|Giga Drain|p1a: Clodsire\n|-damage|p1a: Clodsire|37\/100 slp\n|-heal|p2a: Amoonguss|16\/100|[from] drain|[of] p1a: Clodsire\n|-curestatus|p1a: Clodsire|slp|[msg]\n|move|p1a: Clodsire|Recover|p1a: Clodsire\n|-heal|p1a: Clodsire|87\/100\n|\n|upkeep\n|turn|84\n|\n|t:|1701180264\n|move|p2a: Amoonguss|Spore|p1a: Clodsire\n|-status|p1a: Clodsire|slp|[from] move: Spore\n|cant|p1a: Clodsire|slp\n|\n|upkeep\n|turn|85\n|\n|t:|1701180266\n|move|p2a: Amoonguss|Giga Drain|p1a: Clodsire\n|-crit|p1a: Clodsire\n|-damage|p1a: Clodsire|67\/100 slp\n|-heal|p2a: Amoonguss|26\/100|[from] drain|[of] p1a: Clodsire\n|-curestatus|p1a: Clodsire|slp|[msg]\n|move|p1a: Clodsire|Earthquake|p2a: Amoonguss\n|-damage|p2a: Amoonguss|8\/100\n|\n|upkeep\n|turn|86\n|\n|t:|1701180269\n|move|p2a: Amoonguss|Spore|p1a: Clodsire\n|-status|p1a: Clodsire|slp|[from] move: Spore\n|cant|p1a: Clodsire|slp\n|\n|upkeep\n|turn|87\n|\n|t:|1701180270\n|move|p2a: Amoonguss|Giga Drain|p1a: Clodsire\n|-damage|p1a: Clodsire|55\/100 slp\n|-heal|p2a: Amoonguss|15\/100|[from] drain|[of] p1a: Clodsire\n|cant|p1a: Clodsire|slp\n|\n|upkeep\n|turn|88\n|\n|t:|1701180273\n|move|p2a: Amoonguss|Giga Drain|p1a: Clodsire\n|-damage|p1a: Clodsire|43\/100 slp\n|-heal|p2a: Amoonguss|21\/100|[from] drain|[of] p1a: Clodsire\n|-curestatus|p1a: Clodsire|slp|[msg]\n|move|p1a: Clodsire|Poison Jab|p2a: Amoonguss\n|-damage|p2a: Amoonguss|5\/100\n|\n|upkeep\n|turn|89\n|\n|t:|1701180277\n|move|p2a: Amoonguss|Spore|p1a: Clodsire\n|-status|p1a: Clodsire|slp|[from] move: Spore\n|cant|p1a: Clodsire|slp\n|\n|upkeep\n|turn|90\n|\n|t:|1701180279\n|move|p2a: Amoonguss|Giga Drain|p1a: Clodsire\n|-damage|p1a: Clodsire|31\/100 slp\n|-heal|p2a: Amoonguss|12\/100|[from] drain|[of] p1a: Clodsire\n|cant|p1a: Clodsire|slp\n|\n|upkeep\n|turn|91\n|\n|t:|1701180282\n|move|p2a: Amoonguss|Giga Drain|p1a: Clodsire\n|-damage|p1a: Clodsire|19\/100 slp\n|-heal|p2a: Amoonguss|18\/100|[from] drain|[of] p1a: Clodsire\n|-curestatus|p1a: Clodsire|slp|[msg]\n|move|p1a: Clodsire|Recover|p1a: Clodsire\n|-heal|p1a: Clodsire|69\/100\n|\n|upkeep\n|turn|92\n|\n|t:|1701180287\n|move|p2a: Amoonguss|Spore|p1a: Clodsire\n|-status|p1a: Clodsire|slp|[from] move: Spore\n|cant|p1a: Clodsire|slp\n|\n|upkeep\n|turn|93\n|\n|t:|1701180289\n|move|p2a: Amoonguss|Giga Drain|p1a: Clodsire\n|-damage|p1a: Clodsire|56\/100 slp\n|-heal|p2a: Amoonguss|25\/100|[from] drain|[of] p1a: Clodsire\n|cant|p1a: Clodsire|slp\n|\n|upkeep\n|turn|94\n|\n|t:|1701180294\n|move|p2a: Amoonguss|Giga Drain|p1a: Clodsire\n|-damage|p1a: Clodsire|44\/100 slp\n|-heal|p2a: Amoonguss|32\/100|[from] drain|[of] p1a: Clodsire\n|cant|p1a: Clodsire|slp\n|\n|upkeep\n|turn|95\n|\n|t:|1701180297\n|move|p2a: Amoonguss|Giga Drain|p1a: Clodsire\n|-damage|p1a: Clodsire|32\/100 slp\n|-heal|p2a: Amoonguss|38\/100|[from] drain|[of] p1a: Clodsire\n|-curestatus|p1a: Clodsire|slp|[msg]\n|move|p1a: Clodsire|Recover|p1a: Clodsire\n|-heal|p1a: Clodsire|82\/100\n|\n|upkeep\n|turn|96\n|\n|t:|1701180304\n|move|p2a: Amoonguss|Spore|p1a: Clodsire\n|-status|p1a: Clodsire|slp|[from] move: Spore\n|cant|p1a: Clodsire|slp\n|\n|upkeep\n|turn|97\n|\n|t:|1701180307\n|switch|p2a: Zapdos|Zapdos|82\/100\n|cant|p1a: Clodsire|slp\n|\n|upkeep\n|turn|98\n|\n|t:|1701180309\n|move|p2a: Zapdos|Hurricane|p1a: Clodsire|[miss]\n|-miss|p2a: Zapdos|p1a: Clodsire\n|-curestatus|p1a: Clodsire|slp|[msg]\n|move|p1a: Clodsire|Amnesia|p1a: Clodsire\n|-boost|p1a: Clodsire|spd|2\n|\n|upkeep\n|turn|99\n|\n|t:|1701180313\n|move|p2a: Zapdos|Hurricane|p1a: Clodsire\n|-damage|p1a: Clodsire|70\/100\n|-start|p1a: Clodsire|confusion\n|-activate|p1a: Clodsire|confusion\n|move|p1a: Clodsire|Poison Jab|p2a: Zapdos\n|-damage|p2a: Zapdos|64\/100\n|\n|upkeep\n|turn|100\n|\n|t:|1701180317\n|switch|p2a: Amoonguss|Amoonguss, M|71\/100\n|-damage|p2a: Amoonguss|59\/100|[from] Spikes\n|-damage|p2a: Amoonguss|46\/100|[from] Stealth Rock\n|-end|p1a: Clodsire|confusion\n|move|p1a: Clodsire|Poison Jab|p2a: Amoonguss\n|-damage|p2a: Amoonguss|30\/100\n|\n|upkeep\n|turn|101\n|\n|t:|1701180321\n|move|p2a: Amoonguss|Spore|p1a: Clodsire\n|-status|p1a: Clodsire|slp|[from] move: Spore\n|cant|p1a: Clodsire|slp\n|\n|upkeep\n|turn|102\n|\n|t:|1701180325\n|move|p2a: Amoonguss|Clear Smog|p1a: Clodsire\n|-resisted|p1a: Clodsire\n|-damage|p1a: Clodsire|69\/100 slp\n|-clearboost|p1a: Clodsire\n|cant|p1a: Clodsire|slp\n|\n|upkeep\n|turn|103\n|\n|t:|1701180331\n|move|p2a: Amoonguss|Giga Drain|p1a: Clodsire\n|-damage|p1a: Clodsire|55\/100 slp\n|-heal|p2a: Amoonguss|38\/100|[from] drain|[of] p1a: Clodsire\n|-curestatus|p1a: Clodsire|slp|[msg]\n|move|p1a: Clodsire|Poison Jab|p2a: Amoonguss\n|-damage|p2a: Amoonguss|23\/100\n|\n|upkeep\n|turn|104\n|\n|t:|1701180338\n|move|p2a: Amoonguss|Spore|p1a: Clodsire\n|-status|p1a: Clodsire|slp|[from] move: Spore\n|cant|p1a: Clodsire|slp\n|\n|upkeep\n|turn|105\n|\n|t:|1701180342\n|switch|p2a: Zapdos|Zapdos|64\/100\n|-curestatus|p1a: Clodsire|slp|[msg]\n|move|p1a: Clodsire|Earthquake|p2a: Zapdos\n|-immune|p2a: Zapdos\n|\n|upkeep\n|turn|106\n|\n|t:|1701180347\n|move|p2a: Zapdos|Hurricane|p1a: Clodsire\n|-damage|p1a: Clodsire|31\/100\n|-start|p1a: Clodsire|confusion\n|-activate|p1a: Clodsire|confusion\n|move|p1a: Clodsire|Amnesia|p1a: Clodsire\n|-boost|p1a: Clodsire|spd|2\n|\n|upkeep\n|turn|107\n|\n|t:|1701180355\n|move|p2a: Zapdos|Hurricane|p1a: Clodsire\n|-damage|p1a: Clodsire|18\/100\n|-end|p1a: Clodsire|confusion\n|move|p1a: Clodsire|Recover|p1a: Clodsire\n|-heal|p1a: Clodsire|69\/100\n|\n|upkeep\n|turn|108\n|\n|t:|1701180362\n|move|p2a: Zapdos|Hurricane|p1a: Clodsire\n|-damage|p1a: Clodsire|55\/100\n|move|p1a: Clodsire|Poison Jab|p2a: Zapdos\n|-damage|p2a: Zapdos|46\/100\n|\n|upkeep\n|turn|109\n|\n|t:|1701180369\n|move|p2a: Zapdos|Hurricane|p1a: Clodsire\n|-damage|p1a: Clodsire|42\/100\n|move|p1a: Clodsire|Poison Jab|p2a: Zapdos\n|-damage|p2a: Zapdos|27\/100\n|\n|upkeep\n|turn|110\n|\n|t:|1701180379\n|move|p2a: Zapdos|Roost|p2a: Zapdos\n|-heal|p2a: Zapdos|77\/100\n|-singleturn|p2a: Zapdos|move: Roost\n|move|p1a: Clodsire|Poison Jab|p2a: Zapdos\n|-damage|p2a: Zapdos|60\/100\n|\n|upkeep\n|turn|111\n|\n|t:|1701180383\n|switch|p2a: Amoonguss|Amoonguss, M|56\/100\n|-damage|p2a: Amoonguss|44\/100|[from] Spikes\n|-damage|p2a: Amoonguss|31\/100|[from] Stealth Rock\n|move|p1a: Clodsire|Recover|p1a: Clodsire\n|-heal|p1a: Clodsire|92\/100\n|\n|upkeep\n|turn|112\n|\n|t:|1701180387\n|move|p2a: Amoonguss|Spore|p1a: Clodsire\n|-status|p1a: Clodsire|slp|[from] move: Spore\n|cant|p1a: Clodsire|slp\n|\n|upkeep\n|turn|113\n|\n|t:|1701180389\n|move|p2a: Amoonguss|Clear Smog|p1a: Clodsire\n|-resisted|p1a: Clodsire\n|-damage|p1a: Clodsire|91\/100 slp\n|-clearboost|p1a: Clodsire\n|cant|p1a: Clodsire|slp\n|\n|upkeep\n|turn|114\n|\n|t:|1701180394\n|switch|p2a: Zapdos|Zapdos|60\/100\n|-curestatus|p1a: Clodsire|slp|[msg]\n|move|p1a: Clodsire|Earthquake|p2a: Zapdos\n|-immune|p2a: Zapdos\n|\n|upkeep\n|turn|115\n|\n|t:|1701180397\n|move|p2a: Zapdos|Hurricane|p1a: Clodsire\n|-damage|p1a: Clodsire|65\/100\n|move|p1a: Clodsire|Amnesia|p1a: Clodsire\n|-boost|p1a: Clodsire|spd|2\n|\n|upkeep\n|turn|116\n|\n|t:|1701180402\n|switch|p2a: Amoonguss|Amoonguss, M|65\/100\n|-damage|p2a: Amoonguss|52\/100|[from] Spikes\n|-damage|p2a: Amoonguss|40\/100|[from] Stealth Rock\n|move|p1a: Clodsire|Amnesia|p1a: Clodsire\n|-boost|p1a: Clodsire|spd|2\n|\n|upkeep\n|turn|117\n|\n|t:|1701180407\n|move|p2a: Amoonguss|Spore|p1a: Clodsire\n|-status|p1a: Clodsire|slp|[from] move: Spore\n|cant|p1a: Clodsire|slp\n|\n|upkeep\n|turn|118\n|\n|t:|1701180409\n|move|p2a: Amoonguss|Clear Smog|p1a: Clodsire\n|-resisted|p1a: Clodsire\n|-damage|p1a: Clodsire|64\/100 slp\n|-clearboost|p1a: Clodsire\n|cant|p1a: Clodsire|slp\n|\n|upkeep\n|turn|119\n|\n|t:|1701180411\n|switch|p2a: Zapdos|Zapdos|60\/100\n|-curestatus|p1a: Clodsire|slp|[msg]\n|move|p1a: Clodsire|Earthquake|p2a: Zapdos\n|-immune|p2a: Zapdos\n|\n|upkeep\n|turn|120\n|\n|t:|1701180414\n|move|p2a: Zapdos|Hurricane|p1a: Clodsire|[miss]\n|-miss|p2a: Zapdos|p1a: Clodsire\n|move|p1a: Clodsire|Amnesia|p1a: Clodsire\n|-boost|p1a: Clodsire|spd|2\n|\n|upkeep\n|turn|121\n|\n|t:|1701180417\n|switch|p2a: Amoonguss|Amoonguss, M|73\/100\n|-damage|p2a: Amoonguss|60\/100|[from] Spikes\n|-damage|p2a: Amoonguss|48\/100|[from] Stealth Rock\n|move|p1a: Clodsire|Poison Jab|p2a: Amoonguss\n|-damage|p2a: Amoonguss|33\/100\n|\n|upkeep\n|turn|122\n|\n|t:|1701180423\n|move|p2a: Amoonguss|Spore|p1a: Clodsire\n|-status|p1a: Clodsire|slp|[from] move: Spore\n|cant|p1a: Clodsire|slp\n|\n|upkeep\n|turn|123\n|\n|t:|1701180426\n|move|p2a: Amoonguss|Clear Smog|p1a: Clodsire\n|-resisted|p1a: Clodsire\n|-damage|p1a: Clodsire|63\/100 slp\n|-clearboost|p1a: Clodsire\n|-curestatus|p1a: Clodsire|slp|[msg]\n|move|p1a: Clodsire|Earthquake|p2a: Amoonguss\n|-damage|p2a: Amoonguss|12\/100\n|\n|upkeep\n|turn|124\n|\n|t:|1701180431\n|switch|p2a: Zapdos|Zapdos|60\/100\n|move|p1a: Clodsire|Poison Jab|p2a: Zapdos\n|-damage|p2a: Zapdos|41\/100\n|-status|p2a: Zapdos|psn\n|\n|-damage|p2a: Zapdos|28\/100 psn|[from] psn\n|upkeep\n|turn|125\n|\n|t:|1701180434\n|move|p2a: Zapdos|Hurricane|p1a: Clodsire|[miss]\n|-miss|p2a: Zapdos|p1a: Clodsire\n|move|p1a: Clodsire|Amnesia|p1a: Clodsire\n|-boost|p1a: Clodsire|spd|2\n|\n|-damage|p2a: Zapdos|16\/100 psn|[from] psn\n|upkeep\n|turn|126\n|\n|t:|1701180437\n|switch|p2a: Amoonguss|Amoonguss, M|46\/100\n|-damage|p2a: Amoonguss|33\/100|[from] Spikes\n|-damage|p2a: Amoonguss|21\/100|[from] Stealth Rock\n|move|p1a: Clodsire|Amnesia|p1a: Clodsire\n|-boost|p1a: Clodsire|spd|2\n|\n|upkeep\n|turn|127\n|\n|t:|1701180440\n|move|p2a: Amoonguss|Clear Smog|p1a: Clodsire\n|-resisted|p1a: Clodsire\n|-crit|p1a: Clodsire\n|-damage|p1a: Clodsire|60\/100\n|-clearboost|p1a: Clodsire\n|move|p1a: Clodsire|Earthquake|p2a: Amoonguss\n|-damage|p2a: Amoonguss|0 fnt\n|faint|p2a: Amoonguss\n|\n|upkeep\n|\n|t:|1701180443\n|switch|p2a: Zapdos|Zapdos|16\/100 psn\n|turn|128\n|\n|t:|1701180445\n|move|p2a: Zapdos|Roost|p2a: Zapdos\n|-heal|p2a: Zapdos|66\/100 psn\n|-singleturn|p2a: Zapdos|move: Roost\n|move|p1a: Clodsire|Amnesia|p1a: Clodsire\n|-boost|p1a: Clodsire|spd|2\n|\n|-damage|p2a: Zapdos|53\/100 psn|[from] psn\n|upkeep\n|turn|129\n|\n|t:|1701180447\n|move|p2a: Zapdos|Hurricane|p1a: Clodsire\n|-damage|p1a: Clodsire|47\/100\n|-start|p1a: Clodsire|confusion\n|-activate|p1a: Clodsire|confusion\n|move|p1a: Clodsire|Amnesia|p1a: Clodsire\n|-boost|p1a: Clodsire|spd|2\n|\n|-damage|p2a: Zapdos|41\/100 psn|[from] psn\n|upkeep\n|turn|130\n|-message|Devil94 forfeited.\n|\n|win|El Stefano\n|raw|El Stefano's rating: 1847 &rarr; <strong>1859<\/strong><br \/>(+12 for winning)\n|raw|Devil94's rating: 1704 &rarr; <strong>1692<\/strong><br \/>(-12 for losing)\n|l|\u2606Devil94\n","uploadtime":1701180459,"views":2,"p1id":"elstefano","p2id":"devil94","formatid":"gen9ou","rating":1692,"private":0,"password":""}