{"id":"gen9ou-1988255592","p1":"TheRayVGC","p2":"SilphGambleR","format":"[Gen 9] OU","log":"|j|\u2606TheRayVGC\n|j|\u2606SilphGambleR\n|t:|1699695623\n|gametype|singles\n|player|p1|TheRayVGC|elesa|1575\n|player|p2|SilphGambleR|lady-gen4|1736\n|teamsize|p1|6\n|teamsize|p2|6\n|gen|9\n|tier|[Gen 9] OU\n|rated|\n|rule|Sleep Clause Mod: Limit one foe put to sleep\n|rule|Species Clause: Limit one of each Pok\u00e9mon\n|rule|OHKO Clause: OHKO moves are banned\n|rule|Evasion Items Clause: Evasion items are banned\n|rule|Evasion Moves Clause: Evasion moves are banned\n|rule|Endless Battle Clause: Forcing endless battles is banned\n|rule|HP Percentage Mod: HP is shown in percentages\n|clearpoke\n|poke|p1|Great Tusk|\n|poke|p1|Torkoal, M|\n|poke|p1|Walking Wake|\n|poke|p1|Slowking-Galar, F|\n|poke|p1|Weezing-Galar, M|\n|poke|p1|Ceruledge, M|\n|poke|p2|Azumarill, F|\n|poke|p2|Zapdos|\n|poke|p2|Slowking-Galar, F|\n|poke|p2|Gliscor, M|\n|poke|p2|Greninja-*, M|\n|poke|p2|Great Tusk|\n|teampreview\n|\n|t:|1699695664\n|start\n|switch|p1a: One Button Wonder|Walking Wake|100\/100\n|switch|p2a: Great Tusk|Great Tusk|100\/100\n|turn|1\n|\n|t:|1699695673\n|-end|p2a: Great Tusk|Protosynthesis|[silent]\n|switch|p2a: Azumarill|Azumarill, F|100\/100\n|move|p1a: One Button Wonder|Flip Turn|p2a: Azumarill\n|-resisted|p2a: Azumarill\n|-damage|p2a: Azumarill|91\/100\n|\n|t:|1699695681\n|-end|p1a: One Button Wonder|Protosynthesis|[silent]\n|switch|p1a: fuck you gliscor|Weezing-Galar, M|100\/100|[from] Flip Turn\n|\n|upkeep\n|turn|2\n|inactive|Battle timer is ON: inactive players will automatically lose when time's up. (requested by TheRayVGC)\n|\n|t:|1699695720\n|switch|p2a: Slowking|Slowking-Galar, F|100\/100\n|move|p1a: fuck you gliscor|Will-O-Wisp|p2a: Slowking\n|-status|p2a: Slowking|brn\n|\n|-damage|p2a: Slowking|94\/100 brn|[from] brn\n|upkeep\n|turn|3\n|inactive|SilphGambleR has 120 seconds left.\n|\n|t:|1699695760\n|switch|p1a: I 1v1 this|Slowking-Galar, F|100\/100\n|move|p2a: Slowking|Psyshock|p1a: I 1v1 this\n|-damage|p1a: I 1v1 this|57\/100\n|\n|-damage|p2a: Slowking|88\/100 brn|[from] brn\n|upkeep\n|turn|4\n|\n|t:|1699695781\n|move|p1a: I 1v1 this|Psyshock|p2a: Slowking\n|-damage|p2a: Slowking|52\/100 brn\n|move|p2a: Slowking|Psyshock|p1a: I 1v1 this\n|-damage|p1a: I 1v1 this|18\/100\n|\n|-damage|p2a: Slowking|45\/100 brn|[from] brn\n|upkeep\n|turn|5\n|inactive|SilphGambleR has 120 seconds left.\n|\n|t:|1699695800\n|switch|p1a: T=r*F*sin(theta)|Torkoal, M|100\/100\n|-weather|SunnyDay|[from] ability: Drought|[of] p1a: T=r*F*sin(theta)\n|move|p2a: Slowking|Sludge Bomb|p1a: T=r*F*sin(theta)\n|-damage|p1a: T=r*F*sin(theta)|59\/100\n|\n|-weather|SunnyDay|[upkeep]\n|-damage|p2a: Slowking|39\/100 brn|[from] brn\n|upkeep\n|turn|6\n|\n|t:|1699695808\n|switch|p2a: Azumarill|Azumarill, F|91\/100\n|move|p1a: T=r*F*sin(theta)|Stealth Rock|p2a: Azumarill\n|-sidestart|p2: SilphGambleR|move: Stealth Rock\n|\n|-weather|SunnyDay|[upkeep]\n|upkeep\n|turn|7\n|\n|t:|1699695817\n|switch|p1a: fuck you gliscor|Weezing-Galar, M|100\/100\n|move|p2a: Azumarill|Brick Break|p1a: fuck you gliscor\n|-resisted|p1a: fuck you gliscor\n|-damage|p1a: fuck you gliscor|94\/100\n|\n|-weather|SunnyDay|[upkeep]\n|-heal|p1a: fuck you gliscor|99\/100|[from] item: Leftovers\n|upkeep\n|turn|8\n|\n|t:|1699695825\n|switch|p2a: Slowking|Slowking-Galar, F|73\/100 brn\n|-damage|p2a: Slowking|60\/100 brn|[from] Stealth Rock\n|move|p1a: fuck you gliscor|Will-O-Wisp|p2a: Slowking|[miss]\n|-miss|p1a: fuck you gliscor|p2a: Slowking\n|\n|-weather|SunnyDay|[upkeep]\n|-heal|p1a: fuck you gliscor|100\/100|[from] item: Leftovers\n|-damage|p2a: Slowking|54\/100 brn|[from] brn\n|upkeep\n|turn|9\n|\n|t:|1699695851\n|switch|p1a: Necessary Evil|Great Tusk|100\/100\n|-activate|p1a: Necessary Evil|ability: Protosynthesis\n|-start|p1a: Necessary Evil|protosynthesisatk\n|move|p2a: Slowking|Sludge Bomb|p1a: Necessary Evil\n|-resisted|p1a: Necessary Evil\n|-damage|p1a: Necessary Evil|65\/100\n|\n|-weather|SunnyDay|[upkeep]\n|-damage|p2a: Slowking|48\/100 brn|[from] brn\n|upkeep\n|turn|10\n|\n|t:|1699695856\n|move|p1a: Necessary Evil|Knock Off|p2a: Slowking\n|-supereffective|p2a: Slowking\n|-enditem|p2a: Slowking|Colbur Berry|[eat]\n|-enditem|p2a: Slowking|Colbur Berry|[weaken]\n|-damage|p2a: Slowking|6\/100 brn\n|move|p2a: Slowking|Flamethrower|p1a: Necessary Evil\n|-damage|p1a: Necessary Evil|0 fnt\n|faint|p1a: Necessary Evil\n|-end|p1a: Necessary Evil|Protosynthesis|[silent]\n|\n|-weather|SunnyDay|[upkeep]\n|-damage|p2a: Slowking|0 fnt|[from] brn\n|faint|p2a: Slowking\n|upkeep\n|\n|t:|1699695866\n|switch|p1a: One Button Wonder|Walking Wake|100\/100\n|switch|p2a: Great Tusk|Great Tusk|100\/100\n|-activate|p1a: One Button Wonder|ability: Protosynthesis\n|-start|p1a: One Button Wonder|protosynthesisspe\n|-damage|p2a: Great Tusk|98\/100|[from] Stealth Rock\n|-activate|p2a: Great Tusk|ability: Protosynthesis\n|-start|p2a: Great Tusk|protosynthesisatk\n|turn|11\n|\n|t:|1699695893\n|-terastallize|p2a: Great Tusk|Water\n|move|p1a: One Button Wonder|Hydro Steam|p2a: Great Tusk\n|-resisted|p2a: Great Tusk\n|-damage|p2a: Great Tusk|33\/100\n|move|p2a: Great Tusk|Headlong Rush|p1a: One Button Wonder\n|-damage|p1a: One Button Wonder|0 fnt\n|-unboost|p2a: Great Tusk|def|1\n|-unboost|p2a: Great Tusk|spd|1\n|faint|p1a: One Button Wonder\n|-end|p1a: One Button Wonder|Protosynthesis|[silent]\n|\n|-weather|SunnyDay|[upkeep]\n|-heal|p2a: Great Tusk|39\/100|[from] item: Leftovers\n|upkeep\n|\n|t:|1699695913\n|switch|p1a: Poltesheist|Ceruledge, M|100\/100\n|turn|12\n|\n|t:|1699695922\n|move|p1a: Poltesheist|Swords Dance|p1a: Poltesheist\n|-boost|p1a: Poltesheist|atk|2\n|move|p2a: Great Tusk|Headlong Rush|p1a: Poltesheist\n|-supereffective|p1a: Poltesheist\n|-enditem|p1a: Poltesheist|Focus Sash\n|-damage|p1a: Poltesheist|1\/100\n|-unboost|p2a: Great Tusk|def|1\n|-unboost|p2a: Great Tusk|spd|1\n|-ability|p1a: Poltesheist|Weak Armor|boost\n|-unboost|p1a: Poltesheist|def|1\n|-boost|p1a: Poltesheist|spe|2\n|\n|-weather|none\n|-end|p2a: Great Tusk|Protosynthesis\n|-heal|p2a: Great Tusk|46\/100|[from] item: Leftovers\n|upkeep\n|turn|13\n|\n|t:|1699695934\n|-end|p2a: Great Tusk|Protosynthesis|[silent]\n|switch|p2a: Zapdos|Zapdos|100\/100\n|-damage|p2a: Zapdos|75\/100|[from] Stealth Rock\n|move|p1a: Poltesheist|Bitter Blade|p2a: Zapdos\n|-damage|p2a: Zapdos|15\/100\n|-heal|p1a: Poltesheist|41\/100|[from] drain|[of] p2a: Zapdos\n|-damage|p1a: Poltesheist|25\/100|[from] item: Rocky Helmet|[of] p2a: Zapdos\n|\n|upkeep\n|turn|14\n|\n|t:|1699695944\n|move|p1a: Poltesheist|Poltergeist|p2a: Zapdos\n|-activate|p2a: Zapdos|move: Poltergeist|Rocky Helmet\n|-damage|p2a: Zapdos|0 fnt\n|faint|p2a: Zapdos\n|\n|upkeep\n|\n|t:|1699695947\n|switch|p2a: Azumarill|Azumarill, F|91\/100\n|-damage|p2a: Azumarill|79\/100|[from] Stealth Rock\n|turn|15\n|\n|t:|1699695952\n|move|p2a: Azumarill|Aqua Jet|p1a: Poltesheist\n|-supereffective|p1a: Poltesheist\n|-damage|p1a: Poltesheist|0 fnt\n|faint|p1a: Poltesheist\n|\n|upkeep\n|\n|t:|1699695957\n|switch|p1a: fuck you gliscor|Weezing-Galar, M|100\/100\n|turn|16\n|\n|t:|1699695962\n|switch|p2a: Greninja|Greninja, M|100\/100\n|-damage|p2a: Greninja|88\/100|[from] Stealth Rock\n|move|p1a: fuck you gliscor|Will-O-Wisp|p2a: Greninja\n|-status|p2a: Greninja|brn\n|\n|-damage|p2a: Greninja|82\/100 brn|[from] brn\n|upkeep\n|turn|17\n|\n|t:|1699695968\n|switch|p1a: T=r*F*sin(theta)|Torkoal, M|59\/100\n|-weather|SunnyDay|[from] ability: Drought|[of] p1a: T=r*F*sin(theta)\n|move|p2a: Greninja|Switcheroo|p1a: T=r*F*sin(theta)\n|-start|p2a: Greninja|typechange|Dark|[from] ability: Protean\n|-activate|p2a: Greninja|move: Trick|[of] p1a: T=r*F*sin(theta)\n|-item|p1a: T=r*F*sin(theta)|Choice Scarf|[from] move: Switcheroo\n|-item|p2a: Greninja|Heat Rock|[from] move: Switcheroo\n|\n|-weather|SunnyDay|[upkeep]\n|-damage|p2a: Greninja|76\/100 brn|[from] brn\n|upkeep\n|turn|18\n|\n|t:|1699695979\n|move|p2a: Greninja|Surf|p1a: T=r*F*sin(theta)\n|-supereffective|p1a: T=r*F*sin(theta)\n|-damage|p1a: T=r*F*sin(theta)|33\/100\n|move|p1a: T=r*F*sin(theta)|Flamethrower|p2a: Greninja\n|-damage|p2a: Greninja|16\/100 brn\n|\n|-weather|SunnyDay|[upkeep]\n|-damage|p2a: Greninja|10\/100 brn|[from] brn\n|upkeep\n|turn|19\n|\n|t:|1699695988\n|move|p2a: Greninja|Surf|p1a: T=r*F*sin(theta)\n|-supereffective|p1a: T=r*F*sin(theta)\n|-damage|p1a: T=r*F*sin(theta)|10\/100\n|move|p1a: T=r*F*sin(theta)|Flamethrower|p2a: Greninja\n|-damage|p2a: Greninja|0 fnt\n|faint|p2a: Greninja\n|\n|-weather|SunnyDay|[upkeep]\n|upkeep\n|\n|t:|1699695992\n|switch|p2a: Gliscor|Gliscor, M|100\/100\n|-damage|p2a: Gliscor|88\/100|[from] Stealth Rock\n|turn|20\n|\n|t:|1699695996\n|move|p2a: Gliscor|Earthquake|p1a: T=r*F*sin(theta)\n|-supereffective|p1a: T=r*F*sin(theta)\n|-damage|p1a: T=r*F*sin(theta)|0 fnt\n|faint|p1a: T=r*F*sin(theta)\n|-damage|p2a: Gliscor|78\/100|[from] item: Life Orb\n|\n|-weather|SunnyDay|[upkeep]\n|upkeep\n|\n|t:|1699695999\n|switch|p1a: fuck you gliscor|Weezing-Galar, M|100\/100\n|turn|21\n|\n|t:|1699696003\n|move|p2a: Gliscor|Earthquake|p1a: fuck you gliscor\n|-immune|p1a: fuck you gliscor|[from] ability: Levitate\n|move|p1a: fuck you gliscor|Will-O-Wisp|p2a: Gliscor\n|-status|p2a: Gliscor|brn\n|\n|-weather|SunnyDay|[upkeep]\n|-damage|p2a: Gliscor|72\/100 brn|[from] brn\n|upkeep\n|turn|22\n|\n|t:|1699696007\n|move|p2a: Gliscor|Swords Dance|p2a: Gliscor\n|-boost|p2a: Gliscor|atk|2\n|move|p1a: fuck you gliscor|Strange Steam|p2a: Gliscor\n|-damage|p2a: Gliscor|32\/100 brn\n|\n|-weather|SunnyDay|[upkeep]\n|-damage|p2a: Gliscor|26\/100 brn|[from] brn\n|upkeep\n|turn|23\n|\n|t:|1699696019\n|move|p2a: Gliscor|Gunk Shot|p1a: fuck you gliscor\n|-damage|p1a: fuck you gliscor|68\/100\n|-damage|p2a: Gliscor|16\/100 brn|[from] item: Life Orb\n|move|p1a: fuck you gliscor|Strange Steam|p2a: Gliscor\n|-damage|p2a: Gliscor|0 fnt\n|faint|p2a: Gliscor\n|\n|-weather|SunnyDay|[upkeep]\n|-heal|p1a: fuck you gliscor|74\/100|[from] item: Leftovers\n|upkeep\n|\n|t:|1699696032\n|switch|p2a: Great Tusk|Great Tusk, tera:Water|46\/100\n|-damage|p2a: Great Tusk|33\/100|[from] Stealth Rock\n|-activate|p2a: Great Tusk|ability: Protosynthesis\n|-start|p2a: Great Tusk|protosynthesisatk\n|turn|24\n|\n|t:|1699696041\n|move|p2a: Great Tusk|Ice Spinner|p1a: fuck you gliscor\n|-damage|p1a: fuck you gliscor|47\/100\n|move|p1a: fuck you gliscor|Will-O-Wisp|p2a: Great Tusk\n|-status|p2a: Great Tusk|brn\n|\n|-weather|none\n|-end|p2a: Great Tusk|Protosynthesis\n|-heal|p2a: Great Tusk|39\/100 brn|[from] item: Leftovers\n|-heal|p1a: fuck you gliscor|53\/100|[from] item: Leftovers\n|-damage|p2a: Great Tusk|33\/100 brn|[from] brn\n|upkeep\n|turn|25\n|\n|t:|1699696045\n|move|p2a: Great Tusk|Rapid Spin|p1a: fuck you gliscor\n|-damage|p1a: fuck you gliscor|45\/100\n|-boost|p2a: Great Tusk|spe|1\n|-sideend|p2: SilphGambleR|Stealth Rock|[from] move: Rapid Spin|[of] p2a: Great Tusk\n|move|p1a: fuck you gliscor|Strange Steam|p2a: Great Tusk\n|-damage|p2a: Great Tusk|0 fnt\n|faint|p2a: Great Tusk\n|-end|p2a: Great Tusk|Protosynthesis|[silent]\n|\n|-heal|p1a: fuck you gliscor|51\/100|[from] item: Leftovers\n|upkeep\n|\n|t:|1699696048\n|switch|p2a: Azumarill|Azumarill, F|79\/100\n|turn|26\n|\n|t:|1699696051\n|move|p1a: fuck you gliscor|Will-O-Wisp|p2a: Azumarill\n|-status|p2a: Azumarill|brn\n|move|p2a: Azumarill|Liquidation|p1a: fuck you gliscor\n|-damage|p1a: fuck you gliscor|30\/100\n|\n|-heal|p1a: fuck you gliscor|36\/100|[from] item: Leftovers\n|-damage|p2a: Azumarill|72\/100 brn|[from] brn\n|upkeep\n|turn|27\n|\n|t:|1699696054\n|move|p1a: fuck you gliscor|Pain Split|p2a: Azumarill\n|-sethp|p2a: Azumarill|54\/100 brn|[from] move: Pain Split|[silent]\n|-sethp|p1a: fuck you gliscor|55\/100|[from] move: Pain Split\n|move|p2a: Azumarill|Liquidation|p1a: fuck you gliscor\n|-damage|p1a: fuck you gliscor|36\/100\n|\n|-heal|p1a: fuck you gliscor|42\/100|[from] item: Leftovers\n|-damage|p2a: Azumarill|48\/100 brn|[from] brn\n|upkeep\n|turn|28\n|\n|t:|1699696059\n|move|p1a: fuck you gliscor|Strange Steam|p2a: Azumarill\n|-damage|p2a: Azumarill|31\/100 brn\n|move|p2a: Azumarill|Liquidation|p1a: fuck you gliscor\n|-damage|p1a: fuck you gliscor|23\/100\n|-unboost|p1a: fuck you gliscor|def|1\n|\n|-heal|p1a: fuck you gliscor|29\/100|[from] item: Leftovers\n|-damage|p2a: Azumarill|25\/100 brn|[from] brn\n|upkeep\n|turn|29\n|\n|t:|1699696073\n|move|p1a: fuck you gliscor|Strange Steam|p2a: Azumarill\n|-crit|p2a: Azumarill\n|-damage|p2a: Azumarill|0 fnt\n|faint|p2a: Azumarill\n|\n|win|TheRayVGC\n|raw|TheRayVGC's rating: 1575 &rarr; <strong>1604<\/strong><br \/>(+29 for winning)\n|raw|SilphGambleR's rating: 1736 &rarr; <strong>1707<\/strong><br \/>(-29 for losing)\n|l|\u2606SilphGambleR\n|l|\u2606TheRayVGC\n","uploadtime":1699696094,"views":15,"p1id":"therayvgc","p2id":"silphgambler","formatid":"gen9ou","rating":1604,"private":0,"password":""}