{"id":"gen9ou-1988630367","p1":"Packrat17","p2":"hdfdfbhniuwog","format":"[Gen 9] OU","log":"|j|\u2606Packrat17\n|j|\u2606hdfdfbhniuwog\n|t:|1699743956\n|gametype|singles\n|player|p1|Packrat17|170|1049\n|player|p2|hdfdfbhniuwog|101|1052\n|teamsize|p1|6\n|teamsize|p2|6\n|gen|9\n|tier|[Gen 9] OU\n|rated|\n|rule|Sleep Clause Mod: Limit one foe put to sleep\n|rule|Species Clause: Limit one of each Pok\u00e9mon\n|rule|OHKO Clause: OHKO moves are banned\n|rule|Evasion Items Clause: Evasion items are banned\n|rule|Evasion Moves Clause: Evasion moves are banned\n|rule|Endless Battle Clause: Forcing endless battles is banned\n|rule|HP Percentage Mod: HP is shown in percentages\n|clearpoke\n|poke|p1|Greninja-*, M|\n|poke|p1|Dragapult, F|\n|poke|p1|Corviknight, M|\n|poke|p1|Sneasler, M|\n|poke|p1|Landorus-Therian, M|\n|poke|p1|Cinderace, F|\n|poke|p2|Infernape, M|\n|poke|p2|Samurott-Hisui, F|\n|poke|p2|Hydreigon, M|\n|poke|p2|Sandy Shocks|\n|poke|p2|Jirachi|\n|poke|p2|Ribombee, F|\n|teampreview\n|\n|t:|1699743988\n|start\n|switch|p1a: Corviknight|Corviknight, M|100\/100\n|switch|p2a: Infernape|Infernape, M|100\/100\n|-ability|p1a: Corviknight|Pressure\n|turn|1\n|\n|t:|1699743996\n|move|p2a: Infernape|Fire Punch|p1a: Corviknight\n|-supereffective|p1a: Corviknight\n|-damage|p1a: Corviknight|57\/100\n|move|p1a: Corviknight|U-turn|p2a: Infernape\n|-resisted|p2a: Infernape\n|-damage|p2a: Infernape|96\/100\n|\n|t:|1699744004\n|switch|p1a: Greninja|Greninja, M|100\/100|[from] U-turn\n|\n|upkeep\n|turn|2\n|\n|t:|1699744014\n|move|p1a: Greninja|Water Shuriken|p2a: Infernape\n|-supereffective|p2a: Infernape\n|-damage|p2a: Infernape|66\/100\n|-supereffective|p2a: Infernape\n|-damage|p2a: Infernape|39\/100\n|-supereffective|p2a: Infernape\n|-damage|p2a: Infernape|10\/100\n|-supereffective|p2a: Infernape\n|-damage|p2a: Infernape|0 fnt\n|faint|p2a: Infernape\n|-ability|p1a: Greninja|Battle Bond|boost\n|-boost|p1a: Greninja|atk|1\n|-boost|p1a: Greninja|spa|1\n|-boost|p1a: Greninja|spe|1\n|-activate|p1a: Greninja|ability: Battle Bond\n|-hitcount|p2: Infernape|4\n|\n|upkeep\n|\n|t:|1699744036\n|switch|p2a: Samurott|Samurott-Hisui, F|100\/100\n|turn|3\n|\n|t:|1699744053\n|switch|p1a: Sneasler|Sneasler, M|100\/100\n|-item|p1a: Sneasler|Air Balloon\n|move|p2a: Samurott|Air Slash|p1a: Sneasler\n|-supereffective|p1a: Sneasler\n|-damage|p1a: Sneasler|1\/100\n|-enditem|p1a: Sneasler|Air Balloon\n|\n|upkeep\n|turn|4\n|\n|t:|1699744066\n|move|p1a: Sneasler|Close Combat|p2a: Samurott\n|-supereffective|p2a: Samurott\n|-damage|p2a: Samurott|0 fnt\n|-unboost|p1a: Sneasler|def|1\n|-unboost|p1a: Sneasler|spd|1\n|faint|p2a: Samurott\n|\n|upkeep\n|\n|t:|1699744082\n|switch|p2a: Sandy Shocks|Sandy Shocks|100\/100\n|turn|5\n|\n|t:|1699744096\n|move|p1a: Sneasler|Close Combat|p2a: Sandy Shocks\n|-damage|p2a: Sandy Shocks|33\/100\n|-unboost|p1a: Sneasler|def|1\n|-unboost|p1a: Sneasler|spd|1\n|move|p2a: Sandy Shocks|Tera Blast|p1a: Sneasler\n|-crit|p1a: Sneasler\n|-damage|p1a: Sneasler|0 fnt\n|faint|p1a: Sneasler\n|\n|upkeep\n|\n|t:|1699744113\n|switch|p1a: Corviknight|Corviknight, M|57\/100\n|-ability|p1a: Corviknight|Pressure\n|turn|6\n|\n|t:|1699744123\n|move|p2a: Sandy Shocks|Thunderbolt|p1a: Corviknight\n|-supereffective|p1a: Corviknight\n|-damage|p1a: Corviknight|0 fnt\n|faint|p1a: Corviknight\n|\n|upkeep\n|\n|t:|1699744129\n|switch|p1a: Cinderace|Cinderace, F|100\/100\n|turn|7\n|\n|t:|1699744140\n|move|p1a: Cinderace|Iron Head|p2a: Sandy Shocks\n|-start|p1a: Cinderace|typechange|Steel|[from] ability: Libero\n|-resisted|p2a: Sandy Shocks\n|-damage|p2a: Sandy Shocks|17\/100\n|move|p2a: Sandy Shocks|Earth Power|p1a: Cinderace\n|-supereffective|p1a: Cinderace\n|-damage|p1a: Cinderace|3\/100\n|\n|upkeep\n|turn|8\n|\n|t:|1699744152\n|move|p1a: Cinderace|U-turn|p2a: Sandy Shocks\n|-damage|p2a: Sandy Shocks|0 fnt\n|faint|p2a: Sandy Shocks\n|-end|p2a: Sandy Shocks|Protosynthesis|[silent]\n|\n|t:|1699744156\n|switch|p1a: Dragapult|Dragapult, F|100\/100|[from] U-turn\n|\n|upkeep\n|\n|t:|1699744160\n|switch|p2a: Ribombee|Ribombee, F|100\/100\n|turn|9\n|\n|t:|1699744174\n|switch|p1a: Greninja|Greninja, M|100\/100\n|move|p2a: Ribombee|Moonblast|p1a: Greninja\n|-supereffective|p1a: Greninja\n|-damage|p1a: Greninja|0 fnt\n|faint|p1a: Greninja\n|\n|upkeep\n|\n|t:|1699744195\n|switch|p1a: Landorus|Landorus-Therian, M|100\/100\n|-ability|p1a: Landorus|Intimidate|boost\n|-unboost|p2a: Ribombee|atk|1\n|turn|10\n|\n|t:|1699744219\n|move|p2a: Ribombee|Moonblast|p1a: Landorus\n|-damage|p1a: Landorus|74\/100\n|move|p1a: Landorus|Brick Break|p2a: Ribombee\n|-resisted|p2a: Ribombee\n|-damage|p2a: Ribombee|91\/100\n|\n|upkeep\n|turn|11\n|\n|t:|1699744235\n|move|p2a: Ribombee|Moonblast|p1a: Landorus\n|-damage|p1a: Landorus|48\/100\n|move|p1a: Landorus|Earthquake|p2a: Ribombee\n|-resisted|p2a: Ribombee\n|-damage|p2a: Ribombee|56\/100\n|\n|upkeep\n|turn|12\n|\n|t:|1699744274\n|move|p2a: Ribombee|Moonblast|p1a: Landorus\n|-crit|p1a: Landorus\n|-damage|p1a: Landorus|8\/100\n|-unboost|p1a: Landorus|spa|1\n|move|p1a: Landorus|Earthquake|p2a: Ribombee\n|-resisted|p2a: Ribombee\n|-damage|p2a: Ribombee|19\/100\n|\n|upkeep\n|turn|13\n|\n|t:|1699744289\n|move|p2a: Ribombee|Moonblast|p1a: Landorus\n|-damage|p1a: Landorus|0 fnt\n|faint|p1a: Landorus\n|\n|upkeep\n|\n|t:|1699744296\n|switch|p1a: Cinderace|Cinderace, F|3\/100\n|turn|14\n|\n|t:|1699744301\n|move|p1a: Cinderace|Pyro Ball|p2a: Ribombee|[miss]\n|-miss|p1a: Cinderace|p2a: Ribombee\n|move|p2a: Ribombee|Tera Blast|p1a: Cinderace\n|-damage|p1a: Cinderace|0 fnt\n|faint|p1a: Cinderace\n|\n|upkeep\n|\n|t:|1699744309\n|switch|p1a: Dragapult|Dragapult, F|100\/100\n|turn|15\n|\n|t:|1699744315\n|move|p1a: Dragapult|Dragon Darts|p2a: Ribombee\n|-immune|p2a: Ribombee\n|move|p2a: Ribombee|Moonblast|p1a: Dragapult\n|-supereffective|p1a: Dragapult\n|-damage|p1a: Dragapult|0 fnt\n|faint|p1a: Dragapult\n|\n|win|hdfdfbhniuwog\n|raw|Packrat17's rating: 1049 &rarr; <strong>1032<\/strong><br \/>(-17 for losing)\n|raw|hdfdfbhniuwog's rating: 1052 &rarr; <strong>1084<\/strong><br \/>(+32 for winning)\n|c|\u2606hdfdfbhniuwog|letsgo\n|l|\u2606Packrat17\n|c|\u2606hdfdfbhniuwog|gg\n","uploadtime":1699744333,"views":10,"p1id":"packrat17","p2id":"hdfdfbhniuwog","formatid":"gen9ou","rating":1032,"private":0,"password":""}