{"id":"gen9ou-1996845067","p1":"zamclo test","p2":"shadow09","format":"[Gen 9] OU","log":"|j|\u2606zamclo test\n|j|\u2606shadow09\n|t:|1700734447\n|gametype|singles\n|player|p1|zamclo test|ash-sinnoh|1129\n|player|p2|shadow09|riley|1068\n|teamsize|p1|6\n|teamsize|p2|6\n|gen|9\n|tier|[Gen 9] OU\n|rated|\n|rule|Sleep Clause Mod: Limit one foe put to sleep\n|rule|Species Clause: Limit one of each Pok\u00e9mon\n|rule|OHKO Clause: OHKO moves are banned\n|rule|Evasion Items Clause: Evasion items are banned\n|rule|Evasion Moves Clause: Evasion moves are banned\n|rule|Endless Battle Clause: Forcing endless battles is banned\n|rule|HP Percentage Mod: HP is shown in percentages\n|clearpoke\n|poke|p1|Dondozo, F|\n|poke|p1|Sylveon, F|\n|poke|p1|Sandy Shocks|\n|poke|p1|Clawitzer, M|\n|poke|p1|Staraptor, M|\n|poke|p1|Great Tusk|\n|poke|p2|Lucario, M|\n|poke|p2|Gardevoir, F|\n|poke|p2|Milotic, F|\n|poke|p2|Garchomp, M|\n|poke|p2|Espeon, F|\n|poke|p2|Hydreigon, M|\n|teampreview\n|inactive|Battle timer is ON: inactive players will automatically lose when time's up. (requested by shadow09)\n|c|\u2606zamclo test|my team is completey random\n|\n|t:|1700734465\n|start\n|switch|p1a: Sandy Shocks|Sandy Shocks|100\/100\n|switch|p2a: Hydreigon|Hydreigon, M|100\/100\n|-enditem|p1a: Sandy Shocks|Booster Energy\n|-activate|p1a: Sandy Shocks|ability: Protosynthesis|[fromitem]\n|-start|p1a: Sandy Shocks|protosynthesisspe\n|turn|1\n|\n|t:|1700734478\n|switch|p2a: Garchomp|Garchomp, M, shiny|100\/100\n|move|p1a: Sandy Shocks|Stealth Rock|p2a: Garchomp\n|-sidestart|p2: shadow09|move: Stealth Rock\n|\n|upkeep\n|turn|2\n|\n|t:|1700734483\n|-terastallize|p1a: Sandy Shocks|Ice\n|move|p1a: Sandy Shocks|Tera Blast|p2a: Garchomp|[anim] Tera Blast Ice\n|-supereffective|p2a: Garchomp\n|-damage|p2a: Garchomp|0 fnt\n|faint|p2a: Garchomp\n|\n|upkeep\n|\n|t:|1700734487\n|switch|p2a: Milotic|Milotic, F|100\/100\n|-damage|p2a: Milotic|88\/100|[from] Stealth Rock\n|turn|3\n|\n|t:|1700734492\n|move|p1a: Sandy Shocks|Thunderbolt|p2a: Milotic\n|-supereffective|p2a: Milotic\n|-damage|p2a: Milotic|58\/100\n|move|p2a: Milotic|Mirror Coat|p1a: Sandy Shocks\n|-damage|p1a: Sandy Shocks|26\/100\n|\n|upkeep\n|turn|4\n|\n|t:|1700734506\n|-end|p1a: Sandy Shocks|Protosynthesis|[silent]\n|switch|p1a: Dondozo|Dondozo, F|100\/100\n|move|p2a: Milotic|Chilling Water|p1a: Dondozo\n|-resisted|p1a: Dondozo\n|-damage|p1a: Dondozo|95\/100\n|-unboost|p1a: Dondozo|atk|1\n|\n|-heal|p1a: Dondozo|100\/100|[from] item: Leftovers\n|upkeep\n|turn|5\n|\n|t:|1700734515\n|switch|p2a: Espeon|Espeon, F|100\/100\n|-damage|p2a: Espeon|88\/100|[from] Stealth Rock\n|move|p1a: Dondozo|Curse|p1a: Dondozo\n|-unboost|p1a: Dondozo|spe|1\n|-boost|p1a: Dondozo|atk|1\n|-boost|p1a: Dondozo|def|1\n|\n|upkeep\n|turn|6\n|\n|t:|1700734522\n|move|p1a: Dondozo|Protect|p1a: Dondozo\n|-singleturn|p1a: Dondozo|Protect\n|move|p2a: Espeon|Reflect|p2a: Espeon\n|-sidestart|p2: shadow09|Reflect\n|\n|upkeep\n|turn|7\n|\n|t:|1700734526\n|move|p2a: Espeon|Future Sight|p1a: Dondozo\n|-start|p2a: Espeon|move: Future Sight\n|move|p1a: Dondozo|Curse|p1a: Dondozo\n|-unboost|p1a: Dondozo|spe|1\n|-boost|p1a: Dondozo|atk|1\n|-boost|p1a: Dondozo|def|1\n|\n|upkeep\n|turn|8\n|\n|t:|1700734532\n|switch|p2a: Gardevoir|Gardevoir, F|100\/100\n|-damage|p2a: Gardevoir|88\/100|[from] Stealth Rock\n|-ability|p2a: Gardevoir|Unaware|[from] ability: Trace|[of] p1a: Dondozo\n|move|p1a: Dondozo|Curse|p1a: Dondozo\n|-unboost|p1a: Dondozo|spe|1\n|-boost|p1a: Dondozo|atk|1\n|-boost|p1a: Dondozo|def|1\n|\n|upkeep\n|turn|9\n|\n|t:|1700734536\n|move|p2a: Gardevoir|Moonblast|p1a: Dondozo\n|-damage|p1a: Dondozo|67\/100\n|move|p1a: Dondozo|Curse|p1a: Dondozo\n|-unboost|p1a: Dondozo|spe|1\n|-boost|p1a: Dondozo|atk|1\n|-boost|p1a: Dondozo|def|1\n|\n|-end|p1a: Dondozo|move: Future Sight\n|-damage|p1a: Dondozo|36\/100\n|-heal|p1a: Dondozo|42\/100|[from] item: Leftovers\n|upkeep\n|turn|10\n|\n|t:|1700734545\n|move|p2a: Gardevoir|Moonblast|p1a: Dondozo\n|-damage|p1a: Dondozo|13\/100\n|move|p1a: Dondozo|Body Press|p2a: Gardevoir\n|-resisted|p2a: Gardevoir\n|-damage|p2a: Gardevoir|84\/100\n|\n|-heal|p1a: Dondozo|19\/100|[from] item: Leftovers\n|upkeep\n|turn|11\n|\n|t:|1700734550\n|move|p2a: Gardevoir|Moonblast|p1a: Dondozo\n|-damage|p1a: Dondozo|0 fnt\n|faint|p1a: Dondozo\n|\n|upkeep\n|\n|t:|1700734560\n|switch|p1a: Staraptor|Staraptor, M|100\/100\n|turn|12\n|\n|t:|1700734567\n|move|p2a: Gardevoir|Moonblast|p1a: Staraptor\n|-damage|p1a: Staraptor|27\/100\n|move|p1a: Staraptor|Brave Bird|p2a: Gardevoir\n|-damage|p2a: Gardevoir|0 fnt\n|faint|p2a: Gardevoir\n|-damage|p1a: Staraptor|2\/100|[from] Recoil\n|\n|upkeep\n|\n|t:|1700734574\n|switch|p2a: Lucario|Lucario, M|100\/100\n|-damage|p2a: Lucario|98\/100|[from] Stealth Rock\n|turn|13\n|\n|t:|1700734577\n|move|p2a: Lucario|Extreme Speed|p1a: Staraptor\n|-damage|p1a: Staraptor|0 fnt\n|faint|p1a: Staraptor\n|\n|-sideend|p2: shadow09|Reflect\n|upkeep\n|\n|t:|1700734580\n|switch|p1a: Sylveon|Sylveon, F|100\/100\n|turn|14\n|\n|t:|1700734588\n|switch|p2a: Espeon|Espeon, F|88\/100\n|-damage|p2a: Espeon|76\/100|[from] Stealth Rock\n|move|p1a: Sylveon|Calm Mind|p1a: Sylveon\n|-boost|p1a: Sylveon|spa|1\n|-boost|p1a: Sylveon|spd|1\n|\n|upkeep\n|turn|15\n|\n|t:|1700734595\n|move|p2a: Espeon|Light Screen|p2a: Espeon\n|-sidestart|p2: shadow09|move: Light Screen\n|move|p1a: Sylveon|Wish|p1a: Sylveon\n|\n|upkeep\n|turn|16\n|\n|t:|1700734598\n|switch|p2a: Milotic|Milotic, F|58\/100\n|-damage|p2a: Milotic|45\/100|[from] Stealth Rock\n|move|p1a: Sylveon|Calm Mind|p1a: Sylveon\n|-boost|p1a: Sylveon|spa|1\n|-boost|p1a: Sylveon|spd|1\n|\n|upkeep\n|turn|17\n|\n|t:|1700734603\n|move|p1a: Sylveon|Protect|p1a: Sylveon\n|-singleturn|p1a: Sylveon|Protect\n|move|p2a: Milotic|Mirror Coat||[still]\n|-fail|p2a: Milotic\n|\n|upkeep\n|turn|18\n|\n|t:|1700734609\n|move|p2a: Milotic|Icy Wind|p1a: Sylveon\n|-damage|p1a: Sylveon|97\/100\n|-unboost|p1a: Sylveon|spe|1\n|move|p1a: Sylveon|Hyper Voice|p2a: Milotic\n|-damage|p2a: Milotic|31\/100\n|\n|-heal|p1a: Sylveon|100\/100|[from] item: Leftovers\n|upkeep\n|turn|19\n|\n|t:|1700734617\n|move|p2a: Milotic|Mud Shot|p1a: Sylveon\n|-damage|p1a: Sylveon|97\/100\n|-unboost|p1a: Sylveon|spe|1\n|move|p1a: Sylveon|Calm Mind|p1a: Sylveon\n|-boost|p1a: Sylveon|spa|1\n|-boost|p1a: Sylveon|spd|1\n|\n|-heal|p1a: Sylveon|100\/100|[from] item: Leftovers\n|upkeep\n|turn|20\n|\n|t:|1700734624\n|switch|p2a: Hydreigon|Hydreigon, M|100\/100\n|-damage|p2a: Hydreigon|88\/100|[from] Stealth Rock\n|move|p1a: Sylveon|Calm Mind|p1a: Sylveon\n|-boost|p1a: Sylveon|spa|1\n|-boost|p1a: Sylveon|spd|1\n|\n|-heal|p2a: Hydreigon|94\/100|[from] item: Leftovers\n|upkeep\n|turn|21\n|\n|t:|1700734629\n|-terastallize|p2a: Hydreigon|Electric\n|move|p2a: Hydreigon|Thunder Fang|p1a: Sylveon\n|-damage|p1a: Sylveon|62\/100\n|move|p1a: Sylveon|Hyper Voice|p2a: Hydreigon\n|-damage|p2a: Hydreigon|29\/100\n|\n|-heal|p2a: Hydreigon|35\/100|[from] item: Leftovers\n|-heal|p1a: Sylveon|69\/100|[from] item: Leftovers\n|upkeep\n|turn|22\n|\n|t:|1700734637\n|move|p2a: Hydreigon|Thunder Fang|p1a: Sylveon\n|-damage|p1a: Sylveon|29\/100\n|move|p1a: Sylveon|Hyper Voice|p2a: Hydreigon\n|-damage|p2a: Hydreigon|0 fnt\n|faint|p2a: Hydreigon\n|\n|-heal|p1a: Sylveon|36\/100|[from] item: Leftovers\n|-sideend|p2: shadow09|move: Light Screen\n|upkeep\n|\n|t:|1700734642\n|switch|p2a: Lucario|Lucario, M|98\/100\n|-damage|p2a: Lucario|95\/100|[from] Stealth Rock\n|turn|23\n|\n|t:|1700734648\n|move|p2a: Lucario|Close Combat|p1a: Sylveon\n|-resisted|p1a: Sylveon\n|-damage|p1a: Sylveon|0 fnt\n|-unboost|p2a: Lucario|def|1\n|-unboost|p2a: Lucario|spd|1\n|faint|p1a: Sylveon\n|\n|upkeep\n|\n|t:|1700734652\n|switch|p1a: Great Tusk|Great Tusk|100\/100\n|turn|24\n|\n|t:|1700734657\n|switch|p2a: Milotic|Milotic, F|31\/100\n|-damage|p2a: Milotic|19\/100|[from] Stealth Rock\n|move|p1a: Great Tusk|Headlong Rush|p2a: Milotic\n|-damage|p2a: Milotic|0 fnt\n|-unboost|p1a: Great Tusk|def|1\n|-unboost|p1a: Great Tusk|spd|1\n|faint|p2a: Milotic\n|\n|upkeep\n|\n|t:|1700734665\n|switch|p2a: Espeon|Espeon, F|76\/100\n|-damage|p2a: Espeon|64\/100|[from] Stealth Rock\n|turn|25\n|\n|t:|1700734670\n|move|p2a: Espeon|Reflect|p2a: Espeon\n|-sidestart|p2: shadow09|Reflect\n|move|p1a: Great Tusk|Knock Off|p2a: Espeon\n|-supereffective|p2a: Espeon\n|-crit|p2a: Espeon\n|-damage|p2a: Espeon|0 fnt\n|-enditem|p2a: Espeon|Light Clay|[from] move: Knock Off|[of] p1a: Great Tusk\n|faint|p2a: Espeon\n|\n|upkeep\n|\n|t:|1700734674\n|switch|p2a: Lucario|Lucario, M|95\/100\n|-damage|p2a: Lucario|92\/100|[from] Stealth Rock\n|turn|26\n|\n|t:|1700734680\n|-end|p1a: Great Tusk|Protosynthesis|[silent]\n|switch|p1a: Clawitzer|Clawitzer, M|100\/100\n|move|p2a: Lucario|Ice Punch|p1a: Clawitzer\n|-resisted|p1a: Clawitzer\n|-damage|p1a: Clawitzer|88\/100\n|\n|upkeep\n|turn|27\n|\n|t:|1700734689\n|move|p2a: Lucario|Close Combat|p1a: Clawitzer\n|-damage|p1a: Clawitzer|30\/100\n|-unboost|p2a: Lucario|def|1\n|-unboost|p2a: Lucario|spd|1\n|move|p1a: Clawitzer|Dragon Pulse|p2a: Lucario\n|-resisted|p2a: Lucario\n|-damage|p2a: Lucario|38\/100\n|\n|upkeep\n|turn|28\n|\n|t:|1700734693\n|move|p2a: Lucario|Close Combat|p1a: Clawitzer\n|-damage|p1a: Clawitzer|0 fnt\n|-unboost|p2a: Lucario|def|1\n|-unboost|p2a: Lucario|spd|1\n|faint|p1a: Clawitzer\n|\n|upkeep\n|\n|t:|1700734695\n|switch|p1a: Sandy Shocks|Sandy Shocks, tera:Ice|26\/100\n|turn|29\n|\n|t:|1700734701\n|move|p2a: Lucario|Extreme Speed|p1a: Sandy Shocks\n|-damage|p1a: Sandy Shocks|0 fnt\n|faint|p1a: Sandy Shocks\n|-end|p1a: Sandy Shocks|Protosynthesis|[silent]\n|\n|upkeep\n|\n|t:|1700734704\n|switch|p1a: Great Tusk|Great Tusk|100\/100\n|turn|30\n|\n|t:|1700734708\n|move|p2a: Lucario|Ice Punch|p1a: Great Tusk\n|-supereffective|p1a: Great Tusk\n|-damage|p1a: Great Tusk|68\/100\n|move|p1a: Great Tusk|Close Combat|p2a: Lucario\n|-supereffective|p2a: Lucario\n|-damage|p2a: Lucario|0 fnt\n|-unboost|p1a: Great Tusk|def|1\n|-unboost|p1a: Great Tusk|spd|1\n|faint|p2a: Lucario\n|\n|win|zamclo test\n|raw|zamclo test's rating: 1129 &rarr; <strong>1150<\/strong><br \/>(+21 for winning)\n|raw|shadow09's rating: 1068 &rarr; <strong>1051<\/strong><br \/>(-17 for losing)\n|l|\u2606shadow09\n","uploadtime":1700734716,"views":11,"p1id":"zamclotest","p2id":"shadow09","formatid":"gen9ou","rating":1051,"private":0,"password":""}