{"id":"gen9ou-1993263616","p1":"leonarko","p2":"jpgary","format":"[Gen 9] OU","log":"|j|\u2606leonarko\n|j|\u2606jpgary\n|t:|1700286415\n|gametype|singles\n|player|p1|leonarko|101|1056\n|player|p2|jpgary|cameraman|1114\n|teamsize|p1|6\n|teamsize|p2|6\n|gen|9\n|tier|[Gen 9] OU\n|rated|\n|rule|Sleep Clause Mod: Limit one foe put to sleep\n|rule|Species Clause: Limit one of each Pok\u00e9mon\n|rule|OHKO Clause: OHKO moves are banned\n|rule|Evasion Items Clause: Evasion items are banned\n|rule|Evasion Moves Clause: Evasion moves are banned\n|rule|Endless Battle Clause: Forcing endless battles is banned\n|rule|HP Percentage Mod: HP is shown in percentages\n|clearpoke\n|poke|p1|Infernape, M|\n|poke|p1|Empoleon, M|\n|poke|p1|Torterra, F|\n|poke|p1|Gastrodon, M|\n|poke|p1|Glimmora, F|\n|poke|p1|Dragapult, M|\n|poke|p2|Iron Valiant|\n|poke|p2|Gholdengo|\n|poke|p2|Toxapex, F|\n|poke|p2|Ambipom, F|\n|poke|p2|Klefki, M|\n|poke|p2|Lokix, F|\n|teampreview\n|inactive|Battle timer is ON: inactive players will automatically lose when time's up. (requested by jpgary)\n|\n|t:|1700286422\n|start\n|switch|p1a: Glimmora|Glimmora, F|100\/100\n|switch|p2a: Lokix|Lokix, F|100\/100\n|turn|1\n|\n|t:|1700286429\n|move|p2a: Lokix|First Impression|p1a: Glimmora\n|-resisted|p1a: Glimmora\n|-crit|p1a: Glimmora\n|-damage|p1a: Glimmora|16\/100\n|-activate|p1a: Glimmora|ability: Toxic Debris\n|-sidestart|p2: jpgary|move: Toxic Spikes\n|-damage|p2a: Lokix|91\/100|[from] item: Life Orb\n|move|p1a: Glimmora|Toxic|p2a: Lokix\n|-status|p2a: Lokix|tox\n|\n|-heal|p1a: Glimmora|22\/100|[from] item: Leftovers\n|-damage|p2a: Lokix|85\/100 tox|[from] psn\n|upkeep\n|turn|2\n|\n|t:|1700286448\n|switch|p1a: Dragapult|Dragapult, M|100\/100\n|move|p2a: Lokix|U-turn|p1a: Dragapult\n|-resisted|p1a: Dragapult\n|-damage|p1a: Dragapult|34\/100\n|-damage|p2a: Lokix|75\/100 tox|[from] item: Life Orb\n|\n|t:|1700286453\n|switch|p2a: Klefki|Klefki, M|100\/100|[from] U-turn\n|\n|-heal|p1a: Dragapult|40\/100|[from] item: Leftovers\n|upkeep\n|turn|3\n|\n|t:|1700286461\n|move|p2a: Klefki|Thunder Wave|p1a: Dragapult|[miss]\n|-miss|p2a: Klefki|p1a: Dragapult\n|move|p1a: Dragapult|Thunder|p2a: Klefki\n|-damage|p2a: Klefki|61\/100\n|\n|-heal|p1a: Dragapult|46\/100|[from] item: Leftovers\n|upkeep\n|turn|4\n|\n|t:|1700286487\n|switch|p1a: Glimmora|Glimmora, F|22\/100\n|move|p2a: Klefki|Thunder Wave|p1a: Glimmora\n|-status|p1a: Glimmora|par\n|\n|-heal|p1a: Glimmora|29\/100 par|[from] item: Leftovers\n|upkeep\n|turn|5\n|\n|t:|1700286497\n|switch|p2a: Lokix|Lokix, F|75\/100 tox\n|move|p1a: Glimmora|Protect||[still]\n|-fail|p1a: Glimmora\n|\n|-heal|p1a: Glimmora|35\/100 par|[from] item: Leftovers\n|-damage|p2a: Lokix|69\/100 tox|[from] psn\n|upkeep\n|turn|6\n|\n|t:|1700286516\n|cant|p1a: Glimmora|par\n|move|p2a: Lokix|First Impression|p1a: Glimmora\n|-resisted|p1a: Glimmora\n|-damage|p1a: Glimmora|0 fnt\n|-activate|p1a: Glimmora|ability: Toxic Debris\n|-sidestart|p2: jpgary|move: Toxic Spikes\n|faint|p1a: Glimmora\n|-damage|p2a: Lokix|59\/100 tox|[from] item: Life Orb\n|\n|-damage|p2a: Lokix|47\/100 tox|[from] psn\n|upkeep\n|\n|t:|1700286526\n|switch|p1a: Infernape|Infernape, M|100\/100\n|turn|7\n|\n|t:|1700286539\n|move|p2a: Lokix|Protect|p2a: Lokix\n|-singleturn|p2a: Lokix|Protect\n|move|p1a: Infernape|Fake Out|p2a: Lokix\n|-activate|p2a: Lokix|move: Protect\n|\n|-damage|p2a: Lokix|29\/100 tox|[from] psn\n|upkeep\n|turn|8\n|\n|t:|1700286552\n|switch|p2a: Toxapex|Toxapex, F|100\/100\n|-sideend|p2: jpgary|move: Toxic Spikes|[of] p2a: Toxapex\n|move|p1a: Infernape|Fire Punch|p2a: Toxapex\n|-resisted|p2a: Toxapex\n|-damage|p2a: Toxapex|86\/100\n|-damage|p1a: Infernape|91\/100|[from] item: Life Orb\n|\n|-heal|p2a: Toxapex|93\/100|[from] item: Leftovers\n|upkeep\n|turn|9\n|\n|t:|1700286568\n|switch|p1a: Gastrodon|Gastrodon, M|100\/100\n|move|p2a: Toxapex|Toxic|p1a: Gastrodon\n|-status|p1a: Gastrodon|tox\n|\n|-heal|p2a: Toxapex|99\/100|[from] item: Leftovers\n|-damage|p1a: Gastrodon|94\/100 tox|[from] psn\n|upkeep\n|turn|10\n|\n|t:|1700286577\n|move|p2a: Toxapex|Baneful Bunker|p2a: Toxapex\n|-singleturn|p2a: Toxapex|move: Protect\n|move|p1a: Gastrodon|Spikes|p2a: Toxapex\n|-sidestart|p2: jpgary|Spikes\n|\n|-heal|p1a: Gastrodon|100\/100 tox|[from] item: Leftovers\n|-heal|p2a: Toxapex|100\/100|[from] item: Leftovers\n|-damage|p1a: Gastrodon|88\/100 tox|[from] psn\n|upkeep\n|turn|11\n|\n|t:|1700286587\n|switch|p2a: Gholdengo|Gholdengo|100\/100\n|-damage|p2a: Gholdengo|88\/100|[from] Spikes\n|move|p1a: Gastrodon|Spikes|p2a: Gholdengo\n|-sidestart|p2: jpgary|Spikes\n|\n|-heal|p1a: Gastrodon|94\/100 tox|[from] item: Leftovers\n|-damage|p1a: Gastrodon|76\/100 tox|[from] psn\n|upkeep\n|turn|12\n|\n|t:|1700286599\n|-terastallize|p2a: Gholdengo|Flying\n|move|p2a: Gholdengo|Nasty Plot|p2a: Gholdengo\n|-boost|p2a: Gholdengo|spa|2\n|move|p1a: Gastrodon|Spikes|p2a: Gholdengo\n|-sidestart|p2: jpgary|Spikes\n|\n|-heal|p1a: Gastrodon|82\/100 tox|[from] item: Leftovers\n|-damage|p1a: Gastrodon|58\/100 tox|[from] psn\n|upkeep\n|turn|13\n|\n|t:|1700286612\n|move|p2a: Gholdengo|Nasty Plot|p2a: Gholdengo\n|-boost|p2a: Gholdengo|spa|2\n|move|p1a: Gastrodon|Blizzard|p2a: Gholdengo\n|-supereffective|p2a: Gholdengo\n|-damage|p2a: Gholdengo|34\/100\n|\n|-heal|p1a: Gastrodon|64\/100 tox|[from] item: Leftovers\n|-damage|p1a: Gastrodon|33\/100 tox|[from] psn\n|upkeep\n|turn|14\n|\n|t:|1700286622\n|move|p2a: Gholdengo|Shadow Ball|p1a: Gastrodon\n|-damage|p1a: Gastrodon|0 fnt\n|faint|p1a: Gastrodon\n|-damage|p2a: Gholdengo|24\/100|[from] item: Life Orb\n|\n|upkeep\n|\n|t:|1700286627\n|switch|p1a: Dragapult|Dragapult, M|46\/100\n|turn|15\n|\n|t:|1700286645\n|move|p1a: Dragapult|Shadow Ball|p2a: Gholdengo\n|-damage|p2a: Gholdengo|0 fnt\n|faint|p2a: Gholdengo\n|\n|-heal|p1a: Dragapult|52\/100|[from] item: Leftovers\n|upkeep\n|\n|t:|1700286651\n|switch|p2a: Klefki|Klefki, M|61\/100\n|-damage|p2a: Klefki|36\/100|[from] Spikes\n|turn|16\n|\n|t:|1700286655\n|move|p2a: Klefki|Thunder Wave|p1a: Dragapult\n|-status|p1a: Dragapult|par\n|move|p1a: Dragapult|Thunder|p2a: Klefki|[miss]\n|-miss|p1a: Dragapult|p2a: Klefki\n|\n|-heal|p1a: Dragapult|58\/100 par|[from] item: Leftovers\n|upkeep\n|turn|17\n|\n|t:|1700286663\n|move|p1a: Dragapult|Thunder|p2a: Klefki\n|-damage|p2a: Klefki|0 fnt\n|faint|p2a: Klefki\n|\n|-heal|p1a: Dragapult|64\/100 par|[from] item: Leftovers\n|upkeep\n|\n|t:|1700286677\n|switch|p2a: Iron Valiant|Iron Valiant, shiny|100\/100\n|-damage|p2a: Iron Valiant|76\/100|[from] Spikes\n|turn|18\n|\n|t:|1700286688\n|switch|p1a: Torterra|Torterra, F|100\/100\n|move|p2a: Iron Valiant|Calm Mind|p2a: Iron Valiant\n|-boost|p2a: Iron Valiant|spa|1\n|-boost|p2a: Iron Valiant|spd|1\n|\n|upkeep\n|turn|19\n|\n|t:|1700286697\n|move|p2a: Iron Valiant|Calm Mind|p2a: Iron Valiant\n|-boost|p2a: Iron Valiant|spa|1\n|-boost|p2a: Iron Valiant|spd|1\n|move|p1a: Torterra|Leech Seed|p2a: Iron Valiant\n|-start|p2a: Iron Valiant|move: Leech Seed\n|\n|-damage|p2a: Iron Valiant|63\/100|[from] Leech Seed|[of] p1a: Torterra\n|upkeep\n|turn|20\n|\n|t:|1700286704\n|move|p2a: Iron Valiant|Moonblast|p1a: Torterra\n|-damage|p1a: Torterra|1\/100\n|move|p1a: Torterra|Stealth Rock|p2a: Iron Valiant\n|-sidestart|p2: jpgary|move: Stealth Rock\n|\n|-heal|p1a: Torterra|7\/100|[from] item: Leftovers\n|-damage|p2a: Iron Valiant|51\/100|[from] Leech Seed|[of] p1a: Torterra\n|-heal|p1a: Torterra|16\/100|[silent]\n|upkeep\n|turn|21\n|\n|t:|1700286712\n|move|p1a: Torterra|Protect|p1a: Torterra\n|-singleturn|p1a: Torterra|Protect\n|move|p2a: Iron Valiant|Drain Punch|p1a: Torterra\n|-activate|p1a: Torterra|move: Protect\n|\n|-heal|p1a: Torterra|23\/100|[from] item: Leftovers\n|-damage|p2a: Iron Valiant|38\/100|[from] Leech Seed|[of] p1a: Torterra\n|-heal|p1a: Torterra|32\/100|[silent]\n|upkeep\n|-enditem|p2a: Iron Valiant|Sitrus Berry|[eat]\n|-heal|p2a: Iron Valiant|63\/100|[from] item: Sitrus Berry\n|turn|22\n|\n|t:|1700286733\n|switch|p1a: Empoleon|Empoleon, M|100\/100\n|move|p2a: Iron Valiant|Moonblast|p1a: Empoleon\n|-resisted|p1a: Empoleon\n|-damage|p1a: Empoleon|72\/100\n|\n|-heal|p1a: Empoleon|78\/100|[from] item: Leftovers\n|-damage|p2a: Iron Valiant|51\/100|[from] Leech Seed|[of] p1a: Empoleon\n|-heal|p1a: Empoleon|88\/100|[silent]\n|upkeep\n|turn|23\n|inactive|leonarko has 120 seconds left.\n|\n|t:|1700286761\n|move|p2a: Iron Valiant|Drain Punch|p1a: Empoleon\n|-supereffective|p1a: Empoleon\n|-damage|p1a: Empoleon|24\/100\n|-heal|p2a: Iron Valiant|92\/100|[from] drain|[of] p1a: Empoleon\n|move|p1a: Empoleon|Roar|p2a: Iron Valiant\n|-end|p2a: Iron Valiant|Quark Drive|[silent]\n|drag|p2a: Toxapex|Toxapex, F|100\/100\n|-damage|p2a: Toxapex|75\/100|[from] Spikes\n|-damage|p2a: Toxapex|63\/100|[from] Stealth Rock\n|\n|-heal|p1a: Empoleon|30\/100|[from] item: Leftovers\n|-heal|p2a: Toxapex|69\/100|[from] item: Leftovers\n|upkeep\n|turn|24\n|inactive|leonarko has 120 seconds left.\n|\n|t:|1700286773\n|move|p1a: Empoleon|Roost|p1a: Empoleon\n|-heal|p1a: Empoleon|80\/100\n|-singleturn|p1a: Empoleon|move: Roost\n|move|p2a: Toxapex|Toxic|p1a: Empoleon\n|-immune|p1a: Empoleon\n|\n|-heal|p1a: Empoleon|86\/100|[from] item: Leftovers\n|-heal|p2a: Toxapex|75\/100|[from] item: Leftovers\n|upkeep\n|turn|25\n|inactive|leonarko has 120 seconds left.\n|inactive|jpgary has 120 seconds left.\n|\n|t:|1700286804\n|switch|p2a: Ambipom|Ambipom, F|100\/100\n|-damage|p2a: Ambipom|76\/100|[from] Spikes\n|-damage|p2a: Ambipom|63\/100|[from] Stealth Rock\n|move|p1a: Empoleon|Roar|p2a: Ambipom\n|drag|p2a: Toxapex|Toxapex, F|75\/100\n|-damage|p2a: Toxapex|50\/100|[from] Spikes\n|-damage|p2a: Toxapex|38\/100|[from] Stealth Rock\n|\n|-heal|p1a: Empoleon|92\/100|[from] item: Leftovers\n|-heal|p2a: Toxapex|44\/100|[from] item: Leftovers\n|upkeep\n|turn|26\n|inactive|leonarko has 120 seconds left.\n|inactive|jpgary has 120 seconds left.\n|\n|t:|1700286818\n|switch|p2a: Ambipom|Ambipom, F|63\/100\n|-damage|p2a: Ambipom|39\/100|[from] Spikes\n|-damage|p2a: Ambipom|26\/100|[from] Stealth Rock\n|move|p1a: Empoleon|Roar|p2a: Ambipom\n|drag|p2a: Toxapex|Toxapex, F|44\/100\n|-damage|p2a: Toxapex|19\/100|[from] Spikes\n|-damage|p2a: Toxapex|7\/100|[from] Stealth Rock\n|\n|-heal|p1a: Empoleon|98\/100|[from] item: Leftovers\n|-heal|p2a: Toxapex|13\/100|[from] item: Leftovers\n|upkeep\n|turn|27\n|inactive|leonarko has 120 seconds left.\n|\n|t:|1700286830\n|switch|p2a: Lokix|Lokix, F|29\/100 tox\n|-damage|p2a: Lokix|4\/100 tox|[from] Spikes\n|-damage|p2a: Lokix|0 fnt|[from] Stealth Rock\n|faint|p2a: Lokix\n|move|p1a: Empoleon|Roar|p2: Lokix|[notarget]\n|-fail|p1a: Empoleon\n|\n|-heal|p1a: Empoleon|100\/100|[from] item: Leftovers\n|upkeep\n|inactive|jpgary has 120 seconds left.\n|\n|t:|1700286843\n|switch|p2a: Ambipom|Ambipom, F|26\/100\n|-damage|p2a: Ambipom|2\/100|[from] Spikes\n|-damage|p2a: Ambipom|0 fnt|[from] Stealth Rock\n|faint|p2a: Ambipom\n|\n|t:|1700286848\n|switch|p2a: Toxapex|Toxapex, F|13\/100\n|-damage|p2a: Toxapex|0 fnt|[from] Spikes\n|faint|p2a: Toxapex\n|\n|t:|1700286851\n|switch|p2a: Iron Valiant|Iron Valiant, shiny|92\/100\n|-damage|p2a: Iron Valiant|67\/100|[from] Spikes\n|-damage|p2a: Iron Valiant|61\/100|[from] Stealth Rock\n|turn|28\n|\n|t:|1700286862\n|-terastallize|p1a: Empoleon|Flying\n|move|p2a: Iron Valiant|Drain Punch|p1a: Empoleon\n|-resisted|p1a: Empoleon\n|-damage|p1a: Empoleon|84\/100\n|-heal|p2a: Iron Valiant|72\/100|[from] drain|[of] p1a: Empoleon\n|move|p1a: Empoleon|Surf|p2a: Iron Valiant\n|-damage|p2a: Iron Valiant|0 fnt\n|faint|p2a: Iron Valiant\n|-end|p2a: Iron Valiant|Quark Drive|[silent]\n|\n|win|leonarko\n|raw|leonarko's rating: 1056 &rarr; <strong>1093<\/strong><br \/>(+37 for winning)\n|raw|jpgary's rating: 1114 &rarr; <strong>1085<\/strong><br \/>(-29 for losing)\n","uploadtime":1700286868,"views":10,"p1id":"leonarko","p2id":"jpgary","formatid":"gen9ou","rating":1085,"private":0,"password":""}