{"id":"gen9ou-1988362378","p1":"testalt 2841","p2":"SweatyRon","format":"[Gen 9] OU","log":"|j|\u2606testalt 2841\n|j|\u2606SweatyRon\n|t:|1699714067\n|gametype|singles\n|player|p1|testalt 2841|klara|1664\n|player|p2|SweatyRon|pokefan-gen4|1844\n|teamsize|p1|6\n|teamsize|p2|6\n|gen|9\n|tier|[Gen 9] OU\n|rated|\n|rule|Sleep Clause Mod: Limit one foe put to sleep\n|rule|Species Clause: Limit one of each Pok\u00e9mon\n|rule|OHKO Clause: OHKO moves are banned\n|rule|Evasion Items Clause: Evasion items are banned\n|rule|Evasion Moves Clause: Evasion moves are banned\n|rule|Endless Battle Clause: Forcing endless battles is banned\n|rule|HP Percentage Mod: HP is shown in percentages\n|clearpoke\n|poke|p1|Samurott-Hisui, F|\n|poke|p1|Sandy Shocks|\n|poke|p1|Iron Hands|\n|poke|p1|Iron Valiant|\n|poke|p1|Weavile, F|\n|poke|p1|Gholdengo|\n|poke|p2|Dragapult, F|\n|poke|p2|Meowscarada, F|\n|poke|p2|Dondozo, F|\n|poke|p2|Heatran, M|\n|poke|p2|Zapdos|\n|poke|p2|Great Tusk|\n|teampreview\n|inactive|Battle timer is ON: inactive players will automatically lose when time's up. (requested by SweatyRon)\n|inactive|SweatyRon has 120 seconds left.\n|\n|t:|1699714104\n|start\n|switch|p1a: Ceaseless Edgehog|Samurott-Hisui, F|100\/100\n|switch|p2a: Great Tusk|Great Tusk|100\/100\n|turn|1\n|\n|t:|1699714111\n|-end|p2a: Great Tusk|Protosynthesis|[silent]\n|switch|p2a: Zapdos|Zapdos|100\/100\n|move|p1a: Ceaseless Edgehog|Razor Shell|p2a: Zapdos\n|-damage|p2a: Zapdos|53\/100\n|-damage|p1a: Ceaseless Edgehog|84\/100|[from] item: Rocky Helmet|[of] p2a: Zapdos\n|\n|upkeep\n|turn|2\n|\n|t:|1699714117\n|move|p2a: Zapdos|Roost|p2a: Zapdos\n|-heal|p2a: Zapdos|100\/100\n|-singleturn|p2a: Zapdos|move: Roost\n|move|p1a: Ceaseless Edgehog|Ceaseless Edge|p2a: Zapdos|[miss]\n|-miss|p1a: Ceaseless Edgehog|p2a: Zapdos\n|\n|upkeep\n|turn|3\n|\n|t:|1699714123\n|move|p2a: Zapdos|Volt Switch|p1a: Ceaseless Edgehog\n|-supereffective|p1a: Ceaseless Edgehog\n|-damage|p1a: Ceaseless Edgehog|0 fnt\n|faint|p1a: Ceaseless Edgehog\n|c|\u2606testalt 2841|fun\n|\n|t:|1699714130\n|switch|p2a: Meowscarada|Meowscarada, F|100\/100|[from] Volt Switch\n|\n|upkeep\n|\n|t:|1699714134\n|switch|p1a: Freddy Krueger|Weavile, F|100\/100\n|-ability|p1a: Freddy Krueger|Pressure\n|turn|4\n|\n|t:|1699714145\n|-terastallize|p2a: Meowscarada|Fairy\n|move|p2a: Meowscarada|U-turn|p1a: Freddy Krueger\n|-supereffective|p1a: Freddy Krueger\n|-damage|p1a: Freddy Krueger|29\/100\n|j| Jan7498\n|\n|t:|1699714154\n|switch|p2a: Dondozo|Dondozo, F|100\/100|[from] U-turn\n|move|p1a: Freddy Krueger|Knock Off|p2a: Dondozo\n|-damage|p2a: Dondozo|78\/100\n|-enditem|p2a: Dondozo|Leftovers|[from] move: Knock Off|[of] p1a: Freddy Krueger\n|\n|upkeep\n|turn|5\n|\n|t:|1699714158\n|switch|p1a: Iron Thighs|Iron Hands|100\/100\n|-enditem|p1a: Iron Thighs|Booster Energy\n|-activate|p1a: Iron Thighs|ability: Quark Drive|[fromitem]\n|-start|p1a: Iron Thighs|quarkdriveatk\n|move|p2a: Dondozo|Waterfall|p1a: Iron Thighs\n|-damage|p1a: Iron Thighs|80\/100\n|\n|upkeep\n|turn|6\n|\n|t:|1699714171\n|switch|p2a: Zapdos|Zapdos|100\/100\n|move|p1a: Iron Thighs|Ice Punch|p2a: Zapdos\n|-supereffective|p2a: Zapdos\n|-damage|p2a: Zapdos|40\/100\n|-status|p2a: Zapdos|frz\n|-damage|p1a: Iron Thighs|64\/100|[from] item: Rocky Helmet|[of] p2a: Zapdos\n|\n|upkeep\n|turn|7\n|j| jdbysjwwh\n|\n|t:|1699714177\n|cant|p2a: Zapdos|frz\n|move|p1a: Iron Thighs|Swords Dance|p1a: Iron Thighs\n|-boost|p1a: Iron Thighs|atk|2\n|\n|upkeep\n|turn|8\n|\n|t:|1699714181\n|-curestatus|p2a: Zapdos|frz|[msg]\n|move|p2a: Zapdos|Roost|p2a: Zapdos\n|-heal|p2a: Zapdos|90\/100\n|-singleturn|p2a: Zapdos|move: Roost\n|move|p1a: Iron Thighs|Drain Punch|p2a: Zapdos\n|-damage|p2a: Zapdos|0 fnt\n|-heal|p1a: Iron Thighs|100\/100|[from] drain|[of] p2a: Zapdos\n|-damage|p1a: Iron Thighs|84\/100|[from] item: Rocky Helmet|[of] p2a: Zapdos\n|faint|p2a: Zapdos\n|\n|upkeep\n|\n|t:|1699714187\n|switch|p2a: Great Tusk|Great Tusk|100\/100\n|turn|9\n|\n|t:|1699714192\n|move|p2a: Great Tusk|Earthquake|p1a: Iron Thighs\n|-supereffective|p1a: Iron Thighs\n|-damage|p1a: Iron Thighs|26\/100\n|move|p1a: Iron Thighs|Ice Punch|p2a: Great Tusk\n|-supereffective|p2a: Great Tusk\n|-damage|p2a: Great Tusk|0 fnt\n|faint|p2a: Great Tusk\n|-end|p2a: Great Tusk|Protosynthesis|[silent]\n|\n|upkeep\n|\n|t:|1699714198\n|switch|p2a: Meowscarada|Meowscarada, F, tera:Fairy|100\/100\n|turn|10\n|\n|t:|1699714204\n|move|p2a: Meowscarada|Flower Trick|p1a: Iron Thighs\n|-crit|p1a: Iron Thighs\n|-damage|p1a: Iron Thighs|0 fnt\n|faint|p1a: Iron Thighs\n|-end|p1a: Iron Thighs|Quark Drive|[silent]\n|\n|upkeep\n|\n|t:|1699714210\n|switch|p1a: Look Gromit!|Gholdengo|100\/100\n|-item|p1a: Look Gromit!|Air Balloon\n|turn|11\n|\n|t:|1699714213\n|switch|p2a: Heatran|Heatran, M|100\/100\n|move|p1a: Look Gromit!|Shadow Ball|p2a: Heatran\n|-damage|p2a: Heatran|76\/100\n|\n|-heal|p2a: Heatran|82\/100|[from] item: Leftovers\n|upkeep\n|turn|12\n|\n|t:|1699714222\n|switch|p1a: Freddy Krueger|Weavile, F|29\/100\n|-ability|p1a: Freddy Krueger|Pressure\n|move|p2a: Heatran|Magma Storm|p1a: Freddy Krueger|[miss]\n|-miss|p2a: Heatran|p1a: Freddy Krueger\n|\n|-heal|p2a: Heatran|88\/100|[from] item: Leftovers\n|upkeep\n|turn|13\n|\n|t:|1699714227\n|move|p1a: Freddy Krueger|Knock Off|p2a: Heatran\n|-damage|p2a: Heatran|49\/100\n|-enditem|p2a: Heatran|Leftovers|[from] move: Knock Off|[of] p1a: Freddy Krueger\n|move|p2a: Heatran|Earth Power|p1a: Freddy Krueger\n|-damage|p1a: Freddy Krueger|0 fnt\n|faint|p1a: Freddy Krueger\n|\n|upkeep\n|\n|t:|1699714235\n|switch|p1a: Chick Magnet|Sandy Shocks|100\/100\n|-enditem|p1a: Chick Magnet|Booster Energy\n|-activate|p1a: Chick Magnet|ability: Protosynthesis|[fromitem]\n|-start|p1a: Chick Magnet|protosynthesisspe\n|turn|14\n|j| TeamTest74528\n|\n|t:|1699714238\n|switch|p2a: Meowscarada|Meowscarada, F, tera:Fairy|100\/100\n|move|p1a: Chick Magnet|Earth Power|p2a: Meowscarada\n|-damage|p2a: Meowscarada|28\/100\n|\n|upkeep\n|turn|15\n|\n|t:|1699714246\n|-terastallize|p1a: Chick Magnet|Ice\n|move|p2a: Meowscarada|U-turn|p1a: Chick Magnet\n|-damage|p1a: Chick Magnet|78\/100\n|\n|t:|1699714249\n|switch|p2a: Heatran|Heatran, M|49\/100|[from] U-turn\n|move|p1a: Chick Magnet|Tera Blast|p2a: Heatran|[anim] Tera Blast Ice\n|-resisted|p2a: Heatran\n|-damage|p2a: Heatran|42\/100\n|\n|upkeep\n|turn|16\n|l| TeamTest74528\n|\n|t:|1699714266\n|move|p1a: Chick Magnet|Earth Power|p2a: Heatran\n|-supereffective|p2a: Heatran\n|-damage|p2a: Heatran|0 fnt\n|faint|p2a: Heatran\n|\n|upkeep\n|\n|t:|1699714271\n|switch|p2a: Meowscarada|Meowscarada, F, tera:Fairy|28\/100\n|turn|17\n|\n|t:|1699714276\n|move|p2a: Meowscarada|U-turn|p1a: Chick Magnet\n|-damage|p1a: Chick Magnet|53\/100\n|\n|t:|1699714278\n|switch|p2a: Dondozo|Dondozo, F|78\/100|[from] U-turn\n|move|p1a: Chick Magnet|Tera Blast|p2a: Dondozo|[anim] Tera Blast Ice\n|-resisted|p2a: Dondozo\n|-damage|p2a: Dondozo|65\/100\n|\n|upkeep\n|turn|18\n|j| pok_pok06\n|\n|t:|1699714282\n|move|p1a: Chick Magnet|Thunderbolt|p2a: Dondozo\n|-supereffective|p2a: Dondozo\n|-damage|p2a: Dondozo|0 fnt\n|faint|p2a: Dondozo\n|\n|upkeep\n|\n|t:|1699714286\n|switch|p2a: Meowscarada|Meowscarada, F, tera:Fairy|28\/100\n|turn|19\n|\n|t:|1699714289\n|move|p2a: Meowscarada|Play Rough|p1a: Chick Magnet|[miss]\n|-miss|p2a: Meowscarada|p1a: Chick Magnet\n|move|p1a: Chick Magnet|Tera Blast|p2a: Meowscarada|[anim] Tera Blast Ice\n|-damage|p2a: Meowscarada|0 fnt\n|faint|p2a: Meowscarada\n|\n|upkeep\n|-message|SweatyRon forfeited.\n|\n|win|testalt 2841\n|raw|testalt 2841's rating: 1664 &rarr; <strong>1694<\/strong><br \/>(+30 for winning)\n|raw|SweatyRon's rating: 1844 &rarr; <strong>1814<\/strong><br \/>(-30 for losing)\n|l|\u2606SweatyRon\n|l|\u2606testalt 2841\n|l| pok_pok06\n|j| pok_pok06\n|l| pok_pok06\n|j| pok_pok06\n|l| pok_pok06\n|l| Jan7498\n","uploadtime":1699714477,"views":17,"p1id":"testalt2841","p2id":"sweatyron","formatid":"gen9ou","rating":1694,"private":0,"password":""}