{"id":"gen9ou-1994111814","p1":"awdawghj","p2":"Heihachi Mishima","format":"[Gen 9] OU","log":"|j|\u2606awdawghj\n|j|\u2606Heihachi Mishima\n|t:|1700408247\n|gametype|singles\n|player|p1|awdawghj|2|1511\n|player|p2|Heihachi Mishima|bruno-gen2|1481\n|teamsize|p1|6\n|teamsize|p2|6\n|gen|9\n|tier|[Gen 9] OU\n|rated|\n|rule|Sleep Clause Mod: Limit one foe put to sleep\n|rule|Species Clause: Limit one of each Pok\u00e9mon\n|rule|OHKO Clause: OHKO moves are banned\n|rule|Evasion Items Clause: Evasion items are banned\n|rule|Evasion Moves Clause: Evasion moves are banned\n|rule|Endless Battle Clause: Forcing endless battles is banned\n|rule|HP Percentage Mod: HP is shown in percentages\n|clearpoke\n|poke|p1|Volcanion|\n|poke|p1|Maushold|\n|poke|p1|Great Tusk|\n|poke|p1|Weavile, F|\n|poke|p1|Dragapult, M|\n|poke|p1|Ditto|\n|poke|p2|Sinistcha-Masterpiece|\n|poke|p2|Rillaboom, M|\n|poke|p2|Tyranitar, M|\n|poke|p2|Heatran, M|\n|poke|p2|Gholdengo|\n|poke|p2|Muk-Alola, M|\n|teampreview\n|inactive|Battle timer is ON: inactive players will automatically lose when time's up. (requested by Heihachi Mishima)\n|\n|t:|1700408261\n|start\n|switch|p1a: Maushold|Maushold|100\/100\n|switch|p2a: Magellan \u2623\ufe0f|Muk-Alola, M|100\/100\n|turn|1\n|\n|t:|1700408270\n|switch|p2a: Akainu \ud83c\udf0b|Heatran, M|100\/100\n|-item|p2a: Akainu \ud83c\udf0b|Air Balloon\n|move|p1a: Maushold|Population Bomb|p2a: Akainu \ud83c\udf0b\n|-resisted|p2a: Akainu \ud83c\udf0b\n|-damage|p2a: Akainu \ud83c\udf0b|92\/100\n|-status|p1a: Maushold|brn|[from] ability: Flame Body|[of] p2a: Akainu \ud83c\udf0b\n|-enditem|p2a: Akainu \ud83c\udf0b|Air Balloon\n|-resisted|p2a: Akainu \ud83c\udf0b\n|-damage|p2a: Akainu \ud83c\udf0b|88\/100\n|-resisted|p2a: Akainu \ud83c\udf0b\n|-damage|p2a: Akainu \ud83c\udf0b|84\/100\n|-resisted|p2a: Akainu \ud83c\udf0b\n|-damage|p2a: Akainu \ud83c\udf0b|80\/100\n|-resisted|p2a: Akainu \ud83c\udf0b\n|-damage|p2a: Akainu \ud83c\udf0b|76\/100\n|-resisted|p2a: Akainu \ud83c\udf0b\n|-damage|p2a: Akainu \ud83c\udf0b|72\/100\n|-resisted|p2a: Akainu \ud83c\udf0b\n|-damage|p2a: Akainu \ud83c\udf0b|69\/100\n|-hitcount|p2a: Akainu \ud83c\udf0b|7\n|\n|-damage|p1a: Maushold|94\/100 brn|[from] brn\n|upkeep\n|turn|2\n|\n|t:|1700408280\n|switch|p1a: Volcanion|Volcanion|100\/100\n|move|p2a: Akainu \ud83c\udf0b|Earth Power|p1a: Volcanion\n|-supereffective|p1a: Volcanion\n|-damage|p1a: Volcanion|37\/100\n|\n|upkeep\n|turn|3\n|\n|t:|1700408290\n|move|p2a: Akainu \ud83c\udf0b|Earth Power|p1a: Volcanion\n|-supereffective|p1a: Volcanion\n|-crit|p1a: Volcanion\n|-damage|p1a: Volcanion|0 fnt\n|faint|p1a: Volcanion\n|\n|upkeep\n|\n|t:|1700408292\n|switch|p1a: Great Tusk|Great Tusk|100\/100\n|turn|4\n|\n|t:|1700408298\n|switch|p2a: Cosmo \ud83c\udf75|Sinistcha-Masterpiece|100\/100\n|-end|p1a: Great Tusk|Protosynthesis|[silent]\n|switch|p1a: Dragapult|Dragapult, M|100\/100\n|\n|upkeep\n|turn|5\n|\n|t:|1700408312\n|switch|p2a: Magellan \u2623\ufe0f|Muk-Alola, M|100\/100\n|-terastallize|p1a: Dragapult|Ghost\n|move|p1a: Dragapult|Shadow Ball|p2a: Magellan \u2623\ufe0f\n|-resisted|p2a: Magellan \u2623\ufe0f\n|-damage|p2a: Magellan \u2623\ufe0f|83\/100\n|-unboost|p2a: Magellan \u2623\ufe0f|spd|1\n|\n|-heal|p2a: Magellan \u2623\ufe0f|89\/100|[from] item: Leftovers\n|upkeep\n|turn|6\n|\n|t:|1700408319\n|move|p1a: Dragapult|Will-O-Wisp|p2a: Magellan \u2623\ufe0f\n|-status|p2a: Magellan \u2623\ufe0f|brn\n|move|p2a: Magellan \u2623\ufe0f|Knock Off|p1a: Dragapult\n|-supereffective|p1a: Dragapult\n|-damage|p1a: Dragapult|56\/100\n|-enditem|p1a: Dragapult|Spell Tag|[from] move: Knock Off|[of] p2a: Magellan \u2623\ufe0f\n|\n|-heal|p2a: Magellan \u2623\ufe0f|95\/100 brn|[from] item: Leftovers\n|-damage|p2a: Magellan \u2623\ufe0f|89\/100 brn|[from] brn\n|upkeep\n|turn|7\n|\n|t:|1700408322\n|move|p2a: Magellan \u2623\ufe0f|Protect|p2a: Magellan \u2623\ufe0f\n|-singleturn|p2a: Magellan \u2623\ufe0f|Protect\n|move|p1a: Dragapult|U-turn|p2a: Magellan \u2623\ufe0f\n|-activate|p2a: Magellan \u2623\ufe0f|move: Protect\n|\n|-heal|p2a: Magellan \u2623\ufe0f|95\/100 brn|[from] item: Leftovers\n|-damage|p2a: Magellan \u2623\ufe0f|89\/100 brn|[from] brn\n|upkeep\n|turn|8\n|\n|t:|1700408325\n|move|p1a: Dragapult|U-turn|p2a: Magellan \u2623\ufe0f\n|-damage|p2a: Magellan \u2623\ufe0f|71\/100 brn\n|\n|t:|1700408327\n|switch|p1a: Weavile|Weavile, F|100\/100|[from] U-turn\n|-ability|p1a: Weavile|Pressure\n|move|p2a: Magellan \u2623\ufe0f|Knock Off|p1a: Weavile\n|-resisted|p1a: Weavile\n|-damage|p1a: Weavile|85\/100\n|-status|p1a: Weavile|psn|[from] ability: Poison Touch|[of] p2a: Magellan \u2623\ufe0f\n|-enditem|p1a: Weavile|Black Glasses|[from] move: Knock Off|[of] p2a: Magellan \u2623\ufe0f\n|\n|-heal|p2a: Magellan \u2623\ufe0f|77\/100 brn|[from] item: Leftovers\n|-damage|p1a: Weavile|73\/100 psn|[from] psn\n|-damage|p2a: Magellan \u2623\ufe0f|71\/100 brn|[from] brn\n|upkeep\n|turn|9\n|\n|t:|1700408330\n|move|p1a: Weavile|Knock Off|p2a: Magellan \u2623\ufe0f\n|-resisted|p2a: Magellan \u2623\ufe0f\n|-damage|p2a: Magellan \u2623\ufe0f|44\/100 brn\n|-enditem|p2a: Magellan \u2623\ufe0f|Leftovers|[from] move: Knock Off|[of] p1a: Weavile\n|move|p2a: Magellan \u2623\ufe0f|Drain Punch|p1a: Weavile\n|-supereffective|p1a: Weavile\n|-damage|p1a: Weavile|11\/100 psn\n|-heal|p2a: Magellan \u2623\ufe0f|65\/100 brn|[from] drain|[of] p1a: Weavile\n|\n|-damage|p1a: Weavile|0 fnt|[from] psn\n|faint|p1a: Weavile\n|-damage|p2a: Magellan \u2623\ufe0f|59\/100 brn|[from] brn\n|upkeep\n|\n|t:|1700408332\n|switch|p1a: Great Tusk|Great Tusk|100\/100\n|turn|10\n|\n|t:|1700408339\n|switch|p2a: Zeke \ud83e\udd8d|Rillaboom, M|100\/100\n|-fieldstart|move: Grassy Terrain|[from] ability: Grassy Surge|[of] p2a: Zeke \ud83e\udd8d\n|move|p1a: Great Tusk|Knock Off|p2a: Zeke \ud83e\udd8d\n|-damage|p2a: Zeke \ud83e\udd8d|69\/100\n|-enditem|p2a: Zeke \ud83e\udd8d|Choice Band|[from] move: Knock Off|[of] p1a: Great Tusk\n|\n|-heal|p2a: Zeke \ud83e\udd8d|76\/100|[from] Grassy Terrain\n|upkeep\n|turn|11\n|-message|awdawghj forfeited.\n|\n|win|Heihachi Mishima\n|raw|awdawghj's rating: 1511 &rarr; <strong>1489<\/strong><br \/>(-22 for losing)\n|raw|Heihachi Mishima's rating: 1481 &rarr; <strong>1503<\/strong><br \/>(+22 for winning)\n|l|\u2606awdawghj\n","uploadtime":1700408348,"views":6,"p1id":"awdawghj","p2id":"heihachimishima","formatid":"gen9ou","rating":1489,"private":0,"password":""}