{"id":"gen9ou-1999884983","p1":"coolbluekid","p2":"zanderB4","format":"[Gen 9] OU","log":"|j|\u2606coolbluekid\n|j|\u2606zanderB4\n|t:|1701126236\n|gametype|singles\n|player|p1|coolbluekid|1|1283\n|player|p2|zanderB4|wattson|1257\n|teamsize|p1|6\n|teamsize|p2|6\n|gen|9\n|tier|[Gen 9] OU\n|rated|\n|rule|Sleep Clause Mod: Limit one foe put to sleep\n|rule|Species Clause: Limit one of each Pok\u00e9mon\n|rule|OHKO Clause: OHKO moves are banned\n|rule|Evasion Items Clause: Evasion items are banned\n|rule|Evasion Moves Clause: Evasion moves are banned\n|rule|Endless Battle Clause: Forcing endless battles is banned\n|rule|HP Percentage Mod: HP is shown in percentages\n|clearpoke\n|poke|p1|Slowking-Galar, F|\n|poke|p1|Munkidori, M|\n|poke|p1|Iron Moth|\n|poke|p1|Weezing-Galar, F|\n|poke|p1|Glimmora, M|\n|poke|p1|Slowbro-Galar, M|\n|poke|p2|Rillaboom, F|\n|poke|p2|Garganacl, F|\n|poke|p2|Great Tusk|\n|poke|p2|Heatran, M|\n|poke|p2|Zapdos|\n|poke|p2|Walking Wake|\n|teampreview\n|inactive|Battle timer is ON: inactive players will automatically lose when time's up. (requested by zanderB4)\n|c|\u2606zanderB4|think u clicked the wrong tier lmao\n|inactive|coolbluekid has 120 seconds left.\n|inactive|zanderB4 has 120 seconds left.\n|\n|t:|1701126278\n|start\n|switch|p1a: Glimmora|Glimmora, M|100\/100\n|switch|p2a: Great Tusk|Great Tusk|100\/100\n|turn|1\n|\n|t:|1701126299\n|switch|p1a: Weezing|Weezing-Galar, F|100\/100\n|move|p2a: Great Tusk|Bulk Up|p2a: Great Tusk\n|-boost|p2a: Great Tusk|atk|1\n|-boost|p2a: Great Tusk|def|1\n|\n|upkeep\n|turn|2\n|\n|t:|1701126319\n|-end|p2a: Great Tusk|Protosynthesis|[silent]\n|switch|p2a: Heatran|Heatran, M|100\/100\n|move|p1a: Weezing|Will-O-Wisp|p2a: Heatran\n|-immune|p2a: Heatran\n|\n|upkeep\n|turn|3\n|\n|t:|1701126325\n|switch|p1a: Slowking|Slowking-Galar, F, shiny|100\/100\n|move|p2a: Heatran|Magma Storm|p1a: Slowking\n|-damage|p1a: Slowking|77\/100\n|-activate|p1a: Slowking|move: Magma Storm|[of] p2a: Heatran\n|\n|-heal|p1a: Slowking|83\/100|[from] item: Black Sludge\n|-damage|p1a: Slowking|71\/100|[from] move: Magma Storm|[partiallytrapped]\n|upkeep\n|turn|4\n|\n|t:|1701126333\n|-terastallize|p2a: Heatran|Ghost\n|move|p2a: Heatran|Taunt|p1a: Slowking\n|-start|p1a: Slowking|move: Taunt\n|move|p1a: Slowking|Future Sight|p2a: Heatran\n|-start|p1a: Slowking|move: Future Sight\n|\n|-heal|p1a: Slowking|77\/100|[from] item: Black Sludge\n|-damage|p1a: Slowking|64\/100|[from] move: Magma Storm|[partiallytrapped]\n|upkeep\n|turn|5\n|\n|t:|1701126340\n|move|p2a: Heatran|Magma Storm|p1a: Slowking\n|-damage|p1a: Slowking|38\/100\n|move|p1a: Slowking|Flamethrower|p2a: Heatran\n|-damage|p2a: Heatran|87\/100\n|\n|-heal|p2a: Heatran|93\/100|[from] item: Leftovers\n|-heal|p1a: Slowking|44\/100|[from] item: Black Sludge\n|-damage|p1a: Slowking|32\/100|[from] move: Magma Storm|[partiallytrapped]\n|upkeep\n|turn|6\n|\n|t:|1701126350\n|move|p2a: Heatran|Earth Power|p1a: Slowking\n|-supereffective|p1a: Slowking\n|-damage|p1a: Slowking|0 fnt\n|faint|p1a: Slowking\n|\n|-end|p2a: Heatran|move: Future Sight\n|-damage|p2a: Heatran|64\/100\n|-heal|p2a: Heatran|70\/100|[from] item: Leftovers\n|upkeep\n|\n|t:|1701126363\n|switch|p1a: Glimmora|Glimmora, M|100\/100\n|turn|7\n|\n|t:|1701126371\n|switch|p2a: Zapdos|Zapdos|100\/100\n|move|p1a: Glimmora|Mortal Spin|p2a: Zapdos\n|-damage|p2a: Zapdos|94\/100\n|-status|p2a: Zapdos|psn\n|\n|-damage|p2a: Zapdos|82\/100 psn|[from] psn\n|upkeep\n|turn|8\n|\n|t:|1701126385\n|move|p2a: Zapdos|Volt Switch|p1a: Glimmora\n|-damage|p1a: Glimmora|60\/100\n|\n|t:|1701126390\n|switch|p2a: Garganacl|Garganacl, F|100\/100|[from] Volt Switch\n|move|p1a: Glimmora|Stealth Rock|p2a: Garganacl\n|-sidestart|p2: zanderB4|move: Stealth Rock\n|\n|upkeep\n|turn|9\n|\n|t:|1701126399\n|switch|p1a: Munkidori|Munkidori, M|100\/100\n|move|p2a: Garganacl|Salt Cure|p1a: Munkidori\n|-damage|p1a: Munkidori|79\/100\n|-start|p1a: Munkidori|Salt Cure\n|\n|-damage|p1a: Munkidori|67\/100|[from] Salt Cure\n|upkeep\n|turn|10\n|\n|t:|1701126412\n|switch|p2a: Heatran|Heatran, M, tera:Ghost|70\/100\n|-damage|p2a: Heatran|58\/100|[from] Stealth Rock\n|move|p1a: Munkidori|Trick|p2a: Heatran\n|-activate|p1a: Munkidori|move: Trick|[of] p2a: Heatran\n|-item|p2a: Heatran|Choice Specs|[from] move: Trick\n|-item|p1a: Munkidori|Leftovers|[from] move: Trick\n|\n|-heal|p1a: Munkidori|73\/100|[from] item: Leftovers\n|-damage|p1a: Munkidori|61\/100|[from] Salt Cure\n|upkeep\n|turn|11\n|\n|t:|1701126426\n|move|p1a: Munkidori|Shadow Ball|p2a: Heatran\n|-supereffective|p2a: Heatran\n|-damage|p2a: Heatran|21\/100\n|move|p2a: Heatran|Stealth Rock|p1a: Munkidori\n|-sidestart|p1: coolbluekid|move: Stealth Rock\n|\n|-heal|p1a: Munkidori|67\/100|[from] item: Leftovers\n|-damage|p1a: Munkidori|54\/100|[from] Salt Cure\n|upkeep\n|turn|12\n|\n|t:|1701126436\n|switch|p1a: Glimmora|Glimmora, M|60\/100\n|-damage|p1a: Glimmora|48\/100|[from] Stealth Rock\n|switch|p2a: Great Tusk|Great Tusk|100\/100\n|-damage|p2a: Great Tusk|97\/100|[from] Stealth Rock\n|\n|-heal|p2a: Great Tusk|100\/100|[from] item: Leftovers\n|upkeep\n|turn|13\n|\n|t:|1701126442\n|move|p2a: Great Tusk|Rapid Spin|p1a: Glimmora\n|-resisted|p1a: Glimmora\n|-damage|p1a: Glimmora|39\/100\n|-boost|p2a: Great Tusk|spe|1\n|-activate|p1a: Glimmora|ability: Toxic Debris\n|-sidestart|p2: zanderB4|move: Toxic Spikes\n|-sideend|p2: zanderB4|Toxic Spikes|[from] move: Rapid Spin|[of] p2a: Great Tusk\n|-sideend|p2: zanderB4|Stealth Rock|[from] move: Rapid Spin|[of] p2a: Great Tusk\n|move|p1a: Glimmora|Mortal Spin|p2a: Great Tusk\n|-resisted|p2a: Great Tusk\n|-damage|p2a: Great Tusk|98\/100\n|-status|p2a: Great Tusk|psn\n|-sideend|p1: coolbluekid|Stealth Rock|[from] move: Mortal Spin|[of] p1a: Glimmora\n|\n|-heal|p2a: Great Tusk|100\/100 psn|[from] item: Leftovers\n|-damage|p2a: Great Tusk|88\/100 psn|[from] psn\n|upkeep\n|turn|14\n|\n|t:|1701126454\n|switch|p1a: Weezing|Weezing-Galar, F|100\/100\n|move|p2a: Great Tusk|Headlong Rush|p1a: Weezing\n|-immune|p1a: Weezing|[from] ability: Levitate\n|\n|-heal|p2a: Great Tusk|94\/100 psn|[from] item: Leftovers\n|-damage|p2a: Great Tusk|82\/100 psn|[from] psn\n|upkeep\n|turn|15\n|\n|t:|1701126466\n|-end|p2a: Great Tusk|Protosynthesis|[silent]\n|switch|p2a: Garganacl|Garganacl, F|100\/100\n|move|p1a: Weezing|Strange Steam|p2a: Garganacl\n|-damage|p2a: Garganacl|83\/100\n|-start|p2a: Garganacl|confusion\n|\n|-heal|p2a: Garganacl|89\/100|[from] item: Leftovers\n|upkeep\n|turn|16\n|\n|t:|1701126482\n|switch|p1a: Glimmora|Glimmora, M|39\/100\n|switch|p2a: Heatran|Heatran, M, tera:Ghost|21\/100\n|\n|upkeep\n|turn|17\n|\n|t:|1701126495\n|move|p1a: Glimmora|Power Gem|p2a: Heatran\n|-damage|p2a: Heatran|0 fnt\n|faint|p2a: Heatran\n|\n|upkeep\n|\n|t:|1701126502\n|switch|p2a: Rillaboom|Rillaboom, F|100\/100\n|-fieldstart|move: Grassy Terrain|[from] ability: Grassy Surge|[of] p2a: Rillaboom\n|turn|18\n|\n|t:|1701126512\n|switch|p1a: Weezing|Weezing-Galar, F|100\/100\n|move|p2a: Rillaboom|Grassy Glide|p1a: Weezing\n|-resisted|p1a: Weezing\n|-damage|p1a: Weezing|81\/100\n|\n|-heal|p1a: Weezing|87\/100|[from] item: Black Sludge\n|upkeep\n|turn|19\n|\n|t:|1701126522\n|switch|p2a: Zapdos|Zapdos|82\/100 psn\n|move|p1a: Weezing|Strange Steam|p2a: Zapdos\n|-damage|p2a: Zapdos|53\/100 psn\n|\n|-heal|p1a: Weezing|93\/100|[from] item: Black Sludge\n|-damage|p2a: Zapdos|41\/100 psn|[from] psn\n|upkeep\n|turn|20\n|inactive|coolbluekid has 120 seconds left.\n|\n|t:|1701126555\n|switch|p1a: Slowbro|Slowbro-Galar, M|100\/100\n|move|p2a: Zapdos|Roost|p2a: Zapdos\n|-heal|p2a: Zapdos|91\/100 psn\n|-singleturn|p2a: Zapdos|move: Roost\n|\n|-heal|p2a: Zapdos|97\/100 psn|[from] Grassy Terrain\n|-damage|p2a: Zapdos|85\/100 psn|[from] psn\n|upkeep\n|turn|21\n|\n|t:|1701126571\n|move|p2a: Zapdos|Volt Switch|p1a: Slowbro\n|-damage|p1a: Slowbro|66\/100\n|\n|t:|1701126574\n|switch|p2a: Rillaboom|Rillaboom, F|100\/100|[from] Volt Switch\n|move|p1a: Slowbro|Nasty Plot|p1a: Slowbro\n|-boost|p1a: Slowbro|spa|2\n|\n|-heal|p1a: Slowbro|72\/100|[from] Grassy Terrain\n|upkeep\n|turn|22\n|-activate|p1a: Slowbro|item: Quick Claw\n|\n|t:|1701126582\n|move|p1a: Slowbro|Shell Side Arm|p2a: Rillaboom|[anim] Shell Side Arm Special\n|-supereffective|p2a: Rillaboom\n|-damage|p2a: Rillaboom|0 fnt\n|-hint|Special Shell Side Arm\n|faint|p2a: Rillaboom\n|\n|-heal|p1a: Slowbro|78\/100|[from] Grassy Terrain\n|-fieldend|move: Grassy Terrain\n|upkeep\n|\n|t:|1701126589\n|switch|p2a: Walking Wake|Walking Wake|100\/100\n|turn|23\n|\n|t:|1701126594\n|move|p2a: Walking Wake|Knock Off|p1a: Slowbro\n|-supereffective|p1a: Slowbro\n|-damage|p1a: Slowbro|49\/100\n|-enditem|p1a: Slowbro|Quick Claw|[from] move: Knock Off|[of] p2a: Walking Wake\n|move|p1a: Slowbro|Shell Side Arm|p2a: Walking Wake|[anim] Shell Side Arm Special\n|-damage|p2a: Walking Wake|0 fnt\n|-hint|Special Shell Side Arm\n|faint|p2a: Walking Wake\n|-end|p2a: Walking Wake|Protosynthesis|[silent]\n|\n|upkeep\n|\n|t:|1701126604\n|switch|p2a: Great Tusk|Great Tusk|82\/100 psn\n|turn|24\n|\n|t:|1701126609\n|move|p2a: Great Tusk|Ice Spinner|p1a: Slowbro\n|-damage|p1a: Slowbro|29\/100\n|move|p1a: Slowbro|Psychic|p2a: Great Tusk\n|-supereffective|p2a: Great Tusk\n|-damage|p2a: Great Tusk|0 fnt\n|faint|p2a: Great Tusk\n|-end|p2a: Great Tusk|Protosynthesis|[silent]\n|\n|upkeep\n|\n|t:|1701126614\n|switch|p2a: Zapdos|Zapdos|85\/100 psn\n|turn|25\n|-activate|p1a: Slowbro|ability: Quick Draw\n|\n|t:|1701126622\n|move|p1a: Slowbro|Shell Side Arm|p2a: Zapdos|[anim] Shell Side Arm Special\n|-damage|p2a: Zapdos|0 fnt\n|-hint|Special Shell Side Arm\n|faint|p2a: Zapdos\n|\n|upkeep\n|\n|t:|1701126637\n|switch|p2a: Garganacl|Garganacl, F|89\/100\n|turn|26\n|\n|t:|1701126640\n|move|p2a: Garganacl|Salt Cure|p1a: Slowbro\n|-damage|p1a: Slowbro|16\/100\n|-start|p1a: Slowbro|Salt Cure\n|move|p1a: Slowbro|Shell Side Arm|p2a: Garganacl|[anim] Shell Side Arm Special\n|-resisted|p2a: Garganacl\n|-damage|p2a: Garganacl|62\/100\n|-hint|Special Shell Side Arm\n|\n|-heal|p2a: Garganacl|68\/100|[from] item: Leftovers\n|-damage|p1a: Slowbro|4\/100|[from] Salt Cure\n|upkeep\n|turn|27\n|\n|t:|1701126652\n|move|p2a: Garganacl|Recover|p2a: Garganacl\n|-heal|p2a: Garganacl|100\/100\n|move|p1a: Slowbro|Shell Side Arm|p2a: Garganacl|[anim] Shell Side Arm Special\n|-resisted|p2a: Garganacl\n|-damage|p2a: Garganacl|71\/100\n|-hint|Special Shell Side Arm\n|\n|-heal|p2a: Garganacl|78\/100|[from] item: Leftovers\n|-damage|p1a: Slowbro|0 fnt|[from] Salt Cure\n|faint|p1a: Slowbro\n|upkeep\n|\n|t:|1701126655\n|switch|p1a: Glimmora|Glimmora, M|39\/100\n|turn|28\n|\n|t:|1701126671\n|move|p1a: Glimmora|Power Gem|p2a: Garganacl\n|-damage|p2a: Garganacl|49\/100\n|move|p2a: Garganacl|Salt Cure|p1a: Glimmora\n|-damage|p1a: Glimmora|22\/100\n|-start|p1a: Glimmora|Salt Cure\n|-activate|p1a: Glimmora|ability: Toxic Debris\n|-sidestart|p2: zanderB4|move: Toxic Spikes\n|\n|-heal|p2a: Garganacl|56\/100|[from] item: Leftovers\n|-damage|p1a: Glimmora|10\/100|[from] Salt Cure\n|upkeep\n|turn|29\n|\n|t:|1701126676\n|move|p1a: Glimmora|Mortal Spin|p2a: Garganacl\n|-resisted|p2a: Garganacl\n|-damage|p2a: Garganacl|53\/100\n|move|p2a: Garganacl|Recover|p2a: Garganacl\n|-heal|p2a: Garganacl|100\/100\n|\n|-damage|p1a: Glimmora|0 fnt|[from] Salt Cure\n|faint|p1a: Glimmora\n|upkeep\n|\n|t:|1701126688\n|switch|p1a: Munkidori|Munkidori, M|54\/100\n|turn|30\n|\n|t:|1701126694\n|move|p1a: Munkidori|Psyshock|p2a: Garganacl\n|-crit|p2a: Garganacl\n|-damage|p2a: Garganacl|61\/100\n|move|p2a: Garganacl|Salt Cure|p1a: Munkidori\n|-damage|p1a: Munkidori|35\/100\n|-start|p1a: Munkidori|Salt Cure\n|\n|-heal|p1a: Munkidori|41\/100|[from] item: Leftovers\n|-heal|p2a: Garganacl|67\/100|[from] item: Leftovers\n|-damage|p1a: Munkidori|28\/100|[from] Salt Cure\n|upkeep\n|turn|31\n|\n|t:|1701126702\n|move|p1a: Munkidori|Psyshock|p2a: Garganacl\n|-damage|p2a: Garganacl|40\/100\n|move|p2a: Garganacl|Iron Defense|p2a: Garganacl\n|-boost|p2a: Garganacl|def|2\n|\n|-heal|p1a: Munkidori|34\/100|[from] item: Leftovers\n|-heal|p2a: Garganacl|46\/100|[from] item: Leftovers\n|-damage|p1a: Munkidori|22\/100|[from] Salt Cure\n|upkeep\n|turn|32\n|\n|t:|1701126709\n|move|p1a: Munkidori|Shadow Ball|p2a: Garganacl\n|-damage|p2a: Garganacl|38\/100\n|move|p2a: Garganacl|Recover|p2a: Garganacl\n|-heal|p2a: Garganacl|88\/100\n|\n|-heal|p1a: Munkidori|28\/100|[from] item: Leftovers\n|-heal|p2a: Garganacl|94\/100|[from] item: Leftovers\n|-damage|p1a: Munkidori|16\/100|[from] Salt Cure\n|upkeep\n|turn|33\n|\n|t:|1701126714\n|move|p1a: Munkidori|Shadow Ball|p2a: Garganacl\n|-damage|p2a: Garganacl|84\/100\n|-unboost|p2a: Garganacl|spd|1\n|move|p2a: Garganacl|Iron Defense|p2a: Garganacl\n|-boost|p2a: Garganacl|def|2\n|\n|-heal|p1a: Munkidori|22\/100|[from] item: Leftovers\n|-heal|p2a: Garganacl|91\/100|[from] item: Leftovers\n|-damage|p1a: Munkidori|9\/100|[from] Salt Cure\n|upkeep\n|turn|34\n|\n|t:|1701126721\n|move|p1a: Munkidori|Shadow Ball|p2a: Garganacl\n|-crit|p2a: Garganacl\n|-damage|p2a: Garganacl|70\/100\n|move|p2a: Garganacl|Iron Defense|p2a: Garganacl\n|-boost|p2a: Garganacl|def|2\n|\n|-heal|p1a: Munkidori|15\/100|[from] item: Leftovers\n|-heal|p2a: Garganacl|77\/100|[from] item: Leftovers\n|-damage|p1a: Munkidori|3\/100|[from] Salt Cure\n|upkeep\n|turn|35\n|\n|t:|1701126728\n|move|p1a: Munkidori|Shadow Ball|p2a: Garganacl\n|-damage|p2a: Garganacl|64\/100\n|move|p2a: Garganacl|Salt Cure|p1a: Munkidori\n|-damage|p1a: Munkidori|0 fnt\n|faint|p1a: Munkidori\n|\n|-heal|p2a: Garganacl|70\/100|[from] item: Leftovers\n|upkeep\n|\n|t:|1701126739\n|switch|p1a: Weezing|Weezing-Galar, F|93\/100\n|turn|36\n|\n|t:|1701126742\n|move|p1a: Weezing|Strange Steam|p2a: Garganacl\n|-damage|p2a: Garganacl|44\/100\n|-start|p2a: Garganacl|confusion\n|-activate|p2a: Garganacl|confusion\n|move|p2a: Garganacl|Salt Cure|p1a: Weezing\n|-damage|p1a: Weezing|85\/100\n|-start|p1a: Weezing|Salt Cure\n|\n|-heal|p1a: Weezing|91\/100|[from] item: Black Sludge\n|-heal|p2a: Garganacl|50\/100|[from] item: Leftovers\n|-damage|p1a: Weezing|79\/100|[from] Salt Cure\n|upkeep\n|turn|37\n|\n|t:|1701126747\n|move|p1a: Weezing|Strange Steam|p2a: Garganacl\n|-crit|p2a: Garganacl\n|-damage|p2a: Garganacl|8\/100\n|-activate|p2a: Garganacl|confusion\n|move|p2a: Garganacl|Recover|p2a: Garganacl\n|-heal|p2a: Garganacl|58\/100\n|\n|-heal|p1a: Weezing|85\/100|[from] item: Black Sludge\n|-heal|p2a: Garganacl|65\/100|[from] item: Leftovers\n|-damage|p1a: Weezing|72\/100|[from] Salt Cure\n|upkeep\n|turn|38\n|\n|t:|1701126758\n|move|p1a: Weezing|Strange Steam|p2a: Garganacl\n|-damage|p2a: Garganacl|36\/100\n|-end|p2a: Garganacl|confusion\n|move|p2a: Garganacl|Body Press|p1a: Weezing\n|-resisted|p1a: Weezing\n|-damage|p1a: Weezing|58\/100\n|\n|-heal|p1a: Weezing|64\/100|[from] item: Black Sludge\n|-heal|p2a: Garganacl|42\/100|[from] item: Leftovers\n|-damage|p1a: Weezing|52\/100|[from] Salt Cure\n|upkeep\n|turn|39\n|\n|t:|1701126764\n|move|p1a: Weezing|Strange Steam|p2a: Garganacl\n|-damage|p2a: Garganacl|15\/100\n|move|p2a: Garganacl|Recover|p2a: Garganacl\n|-heal|p2a: Garganacl|64\/100\n|\n|-heal|p1a: Weezing|58\/100|[from] item: Black Sludge\n|-heal|p2a: Garganacl|71\/100|[from] item: Leftovers\n|-damage|p1a: Weezing|45\/100|[from] Salt Cure\n|upkeep\n|turn|40\n|\n|t:|1701126774\n|move|p1a: Weezing|Pain Split|p2a: Garganacl\n|-sethp|p2a: Garganacl|54\/100|[from] move: Pain Split|[silent]\n|-sethp|p1a: Weezing|65\/100|[from] move: Pain Split\n|move|p2a: Garganacl|Salt Cure|p1a: Weezing\n|-damage|p1a: Weezing|56\/100\n|\n|-heal|p1a: Weezing|62\/100|[from] item: Black Sludge\n|-heal|p2a: Garganacl|60\/100|[from] item: Leftovers\n|-damage|p1a: Weezing|49\/100|[from] Salt Cure\n|upkeep\n|turn|41\n|\n|t:|1701126786\n|move|p1a: Weezing|Strange Steam|p2a: Garganacl|[miss]\n|-miss|p1a: Weezing|p2a: Garganacl\n|move|p2a: Garganacl|Recover|p2a: Garganacl\n|-heal|p2a: Garganacl|100\/100\n|\n|-heal|p1a: Weezing|55\/100|[from] item: Black Sludge\n|-damage|p1a: Weezing|43\/100|[from] Salt Cure\n|upkeep\n|turn|42\n|\n|t:|1701126791\n|move|p1a: Weezing|Pain Split|p2a: Garganacl\n|-sethp|p2a: Garganacl|68\/100|[from] move: Pain Split|[silent]\n|-sethp|p1a: Weezing|82\/100|[from] move: Pain Split\n|move|p2a: Garganacl|Salt Cure|p1a: Weezing\n|-damage|p1a: Weezing|73\/100\n|\n|-heal|p1a: Weezing|79\/100|[from] item: Black Sludge\n|-heal|p2a: Garganacl|74\/100|[from] item: Leftovers\n|-damage|p1a: Weezing|67\/100|[from] Salt Cure\n|upkeep\n|turn|43\n|\n|t:|1701126796\n|move|p1a: Weezing|Strange Steam|p2a: Garganacl\n|-damage|p2a: Garganacl|47\/100\n|move|p2a: Garganacl|Body Press|p1a: Weezing\n|-resisted|p1a: Weezing\n|-damage|p1a: Weezing|52\/100\n|\n|-heal|p1a: Weezing|58\/100|[from] item: Black Sludge\n|-heal|p2a: Garganacl|54\/100|[from] item: Leftovers\n|-damage|p1a: Weezing|46\/100|[from] Salt Cure\n|upkeep\n|turn|44\n|\n|t:|1701126808\n|move|p1a: Weezing|Strange Steam|p2a: Garganacl\n|-damage|p2a: Garganacl|28\/100\n|move|p2a: Garganacl|Recover|p2a: Garganacl\n|-heal|p2a: Garganacl|78\/100\n|\n|-heal|p1a: Weezing|52\/100|[from] item: Black Sludge\n|-heal|p2a: Garganacl|84\/100|[from] item: Leftovers\n|-damage|p1a: Weezing|39\/100|[from] Salt Cure\n|upkeep\n|turn|45\n|\n|t:|1701126815\n|move|p1a: Weezing|Pain Split|p2a: Garganacl\n|-sethp|p2a: Garganacl|58\/100|[from] move: Pain Split|[silent]\n|-sethp|p1a: Weezing|70\/100|[from] move: Pain Split\n|move|p2a: Garganacl|Body Press|p1a: Weezing\n|-resisted|p1a: Weezing\n|-damage|p1a: Weezing|56\/100\n|\n|-heal|p1a: Weezing|62\/100|[from] item: Black Sludge\n|-heal|p2a: Garganacl|65\/100|[from] item: Leftovers\n|-damage|p1a: Weezing|50\/100|[from] Salt Cure\n|upkeep\n|turn|46\n|\n|t:|1701126823\n|move|p1a: Weezing|Strange Steam|p2a: Garganacl\n|-damage|p2a: Garganacl|40\/100\n|move|p2a: Garganacl|Body Press|p1a: Weezing\n|-resisted|p1a: Weezing\n|-damage|p1a: Weezing|34\/100\n|\n|-heal|p1a: Weezing|40\/100|[from] item: Black Sludge\n|-heal|p2a: Garganacl|46\/100|[from] item: Leftovers\n|-damage|p1a: Weezing|28\/100|[from] Salt Cure\n|upkeep\n|turn|47\n|\n|t:|1701126831\n|move|p1a: Weezing|Pain Split|p2a: Garganacl\n|-sethp|p2a: Garganacl|34\/100|[from] move: Pain Split|[silent]\n|-sethp|p1a: Weezing|41\/100|[from] move: Pain Split\n|move|p2a: Garganacl|Body Press|p1a: Weezing\n|-resisted|p1a: Weezing\n|-damage|p1a: Weezing|27\/100\n|\n|-heal|p1a: Weezing|33\/100|[from] item: Black Sludge\n|-heal|p2a: Garganacl|41\/100|[from] item: Leftovers\n|-damage|p1a: Weezing|21\/100|[from] Salt Cure\n|upkeep\n|turn|48\n|\n|t:|1701126845\n|move|p1a: Weezing|Pain Split|p2a: Garganacl\n|-sethp|p2a: Garganacl|29\/100|[from] move: Pain Split|[silent]\n|-sethp|p1a: Weezing|35\/100|[from] move: Pain Split\n|move|p2a: Garganacl|Body Press|p1a: Weezing\n|-resisted|p1a: Weezing\n|-damage|p1a: Weezing|20\/100\n|\n|-heal|p1a: Weezing|26\/100|[from] item: Black Sludge\n|-heal|p2a: Garganacl|35\/100|[from] item: Leftovers\n|-damage|p1a: Weezing|14\/100|[from] Salt Cure\n|upkeep\n|turn|49\n|\n|t:|1701126856\n|move|p1a: Weezing|Pain Split|p2a: Garganacl\n|-sethp|p2a: Garganacl|23\/100|[from] move: Pain Split|[silent]\n|-sethp|p1a: Weezing|28\/100|[from] move: Pain Split\n|move|p2a: Garganacl|Body Press|p1a: Weezing\n|-resisted|p1a: Weezing\n|-damage|p1a: Weezing|13\/100\n|\n|-heal|p1a: Weezing|19\/100|[from] item: Black Sludge\n|-heal|p2a: Garganacl|29\/100|[from] item: Leftovers\n|-damage|p1a: Weezing|6\/100|[from] Salt Cure\n|upkeep\n|turn|50\n|\n|t:|1701126877\n|switch|p1a: Iron Moth|Iron Moth|100\/100\n|move|p2a: Garganacl|Body Press|p1a: Iron Moth\n|-resisted|p1a: Iron Moth\n|-damage|p1a: Iron Moth|18\/100\n|\n|-heal|p2a: Garganacl|36\/100|[from] item: Leftovers\n|upkeep\n|turn|51\n|\n|t:|1701126885\n|move|p1a: Iron Moth|Energy Ball|p2a: Garganacl\n|-supereffective|p2a: Garganacl\n|-damage|p2a: Garganacl|0 fnt\n|faint|p2a: Garganacl\n|\n|win|coolbluekid\n|raw|coolbluekid's rating: 1283 &rarr; <strong>1306<\/strong><br \/>(+23 for winning)\n|raw|zanderB4's rating: 1257 &rarr; <strong>1234<\/strong><br \/>(-23 for losing)\n|c|\u2606zanderB4|gg\n|c|\u2606coolbluekid|Gg\n|l|\u2606zanderB4\n|c|\u2606coolbluekid|Btw didnt click wrong tier :)\n","uploadtime":1701126920,"views":10,"p1id":"coolbluekid","p2id":"zanderb4","formatid":"gen9ou","rating":1234,"private":0,"password":""}