{"id":"gen9ou-1996057378","p1":"jhmjoh","p2":"Knocking me down","format":"[Gen 9] OU","log":"|j|\u2606jhmjoh\n|j|\u2606Knocking me down\n|t:|1700636836\n|gametype|singles\n|player|p1|jhmjoh|101|1053\n|player|p2|Knocking me down|shadowtriad|1131\n|teamsize|p1|6\n|teamsize|p2|6\n|gen|9\n|tier|[Gen 9] OU\n|rated|\n|rule|Sleep Clause Mod: Limit one foe put to sleep\n|rule|Species Clause: Limit one of each Pok\u00e9mon\n|rule|OHKO Clause: OHKO moves are banned\n|rule|Evasion Items Clause: Evasion items are banned\n|rule|Evasion Moves Clause: Evasion moves are banned\n|rule|Endless Battle Clause: Forcing endless battles is banned\n|rule|HP Percentage Mod: HP is shown in percentages\n|clearpoke\n|poke|p1|Glimmora, M|\n|poke|p1|Gholdengo|\n|poke|p1|Ogerpon-Wellspring, F|\n|poke|p1|Kingambit, M|\n|poke|p1|Iron Moth|\n|poke|p1|Enamorus, F|\n|poke|p2|Manaphy|\n|poke|p2|Grimmsnarl, M|\n|poke|p2|Iron Moth|\n|poke|p2|Ceruledge, M|\n|poke|p2|Iron Valiant|\n|poke|p2|Ogerpon-Wellspring, F|\n|teampreview\n|inactive|Battle timer is ON: inactive players will automatically lose when time's up. (requested by Knocking me down)\n|\n|t:|1700636845\n|start\n|switch|p1a: Glimmora|Glimmora, M|100\/100\n|switch|p2a: Annoying ass|Grimmsnarl, M|100\/100\n|turn|1\n|inactive|jhmjoh has 120 seconds left.\n|inactive|jhmjoh has 90 seconds left.\n|l|\u2606Knocking me down\n|inactive|Knocking me down disconnected and has a minute to reconnect!\n|player|p2|\n|j|\u2606Knocking me down\n|inactive|Knocking me down reconnected.\n|player|p2|Knocking me down|volo\n|inactive|jhmjoh has 60 seconds left.\n|\n|t:|1700636957\n|move|p2a: Annoying ass|Taunt|p1a: Glimmora\n|-start|p1a: Glimmora|move: Taunt\n|cant|p1a: Glimmora|move: Taunt|Stealth Rock\n|\n|upkeep\n|turn|2\n|\n|t:|1700636980\n|move|p2a: Annoying ass|Light Screen|p2a: Annoying ass\n|-sidestart|p2: Knocking me down|move: Light Screen\n|move|p1a: Glimmora|Mortal Spin|p2a: Annoying ass\n|-supereffective|p2a: Annoying ass\n|-damage|p2a: Annoying ass|88\/100\n|-status|p2a: Annoying ass|psn\n|\n|-damage|p2a: Annoying ass|76\/100 psn|[from] psn\n|upkeep\n|turn|3\n|\n|t:|1700636997\n|move|p2a: Annoying ass|Parting Shot|p1a: Glimmora\n|-unboost|p1a: Glimmora|atk|1\n|-unboost|p1a: Glimmora|spa|1\n|\n|t:|1700637005\n|switch|p2a: Can\u2019t quiver|Iron Moth|100\/100|[from] Parting Shot\n|-enditem|p2a: Can\u2019t quiver|Booster Energy\n|-activate|p2a: Can\u2019t quiver|ability: Quark Drive|[fromitem]\n|-start|p2a: Can\u2019t quiver|quarkdrivespa\n|move|p1a: Glimmora|Mortal Spin|p2a: Can\u2019t quiver\n|-resisted|p2a: Can\u2019t quiver\n|-damage|p2a: Can\u2019t quiver|97\/100\n|\n|-end|p1a: Glimmora|move: Taunt\n|upkeep\n|turn|4\n|\n|t:|1700637016\n|move|p2a: Can\u2019t quiver|Fiery Dance|p1a: Glimmora\n|-resisted|p1a: Glimmora\n|-damage|p1a: Glimmora|60\/100\n|move|p1a: Glimmora|Stealth Rock|p2a: Can\u2019t quiver\n|-sidestart|p2: Knocking me down|move: Stealth Rock\n|\n|upkeep\n|turn|5\n|\n|t:|1700637022\n|move|p2a: Can\u2019t quiver|Fiery Dance|p1a: Glimmora\n|-resisted|p1a: Glimmora\n|-damage|p1a: Glimmora|22\/100\n|move|p1a: Glimmora|Power Gem|p2a: Can\u2019t quiver\n|-supereffective|p2a: Can\u2019t quiver\n|-damage|p2a: Can\u2019t quiver|69\/100\n|\n|upkeep\n|turn|6\n|inactive|jhmjoh has 60 seconds left.\n|\n|t:|1700637045\n|move|p2a: Can\u2019t quiver|Fiery Dance|p1a: Glimmora\n|-resisted|p1a: Glimmora\n|-damage|p1a: Glimmora|0 fnt\n|-boost|p2a: Can\u2019t quiver|spa|1\n|faint|p1a: Glimmora\n|\n|upkeep\n|inactive|jhmjoh has 30 seconds left.\n|\n|t:|1700637068\n|switch|p1a: Iron Moth|Iron Moth|100\/100\n|-enditem|p1a: Iron Moth|Booster Energy\n|-activate|p1a: Iron Moth|ability: Quark Drive|[fromitem]\n|-start|p1a: Iron Moth|quarkdrivespe\n|turn|7\n|\n|t:|1700637073\n|move|p1a: Iron Moth|Substitute|p1a: Iron Moth\n|-start|p1a: Iron Moth|Substitute\n|-damage|p1a: Iron Moth|76\/100\n|move|p2a: Can\u2019t quiver|Discharge|p1a: Iron Moth\n|-end|p1a: Iron Moth|Substitute\n|\n|upkeep\n|turn|8\n|\n|t:|1700637082\n|-terastallize|p1a: Iron Moth|Ground\n|move|p1a: Iron Moth|Fiery Dance|p2a: Can\u2019t quiver\n|-resisted|p2a: Can\u2019t quiver\n|-damage|p2a: Can\u2019t quiver|59\/100\n|-boost|p1a: Iron Moth|spa|1\n|move|p2a: Can\u2019t quiver|Discharge|p1a: Iron Moth\n|-immune|p1a: Iron Moth\n|\n|upkeep\n|turn|9\n|\n|t:|1700637094\n|move|p1a: Iron Moth|Tera Blast|p2a: Can\u2019t quiver|[anim] Tera Blast Ground\n|-supereffective|p2a: Can\u2019t quiver\n|-damage|p2a: Can\u2019t quiver|0 fnt\n|faint|p2a: Can\u2019t quiver\n|-end|p2a: Can\u2019t quiver|Quark Drive|[silent]\n|\n|-sideend|p2: Knocking me down|move: Light Screen\n|upkeep\n|\n|t:|1700637102\n|switch|p2a: Annoying ass|Grimmsnarl, M|76\/100 psn\n|-damage|p2a: Annoying ass|64\/100 psn|[from] Stealth Rock\n|turn|10\n|\n|t:|1700637109\n|move|p2a: Annoying ass|Light Screen|p2a: Annoying ass\n|-sidestart|p2: Knocking me down|move: Light Screen\n|move|p1a: Iron Moth|Fiery Dance|p2a: Annoying ass\n|-damage|p2a: Annoying ass|33\/100 psn\n|-boost|p1a: Iron Moth|spa|1\n|\n|-damage|p2a: Annoying ass|20\/100 psn|[from] psn\n|upkeep\n|turn|11\n|inactive|jhmjoh has 60 seconds left.\n|\n|t:|1700637116\n|move|p2a: Annoying ass|Parting Shot|p1a: Iron Moth\n|-unboost|p1a: Iron Moth|atk|1\n|-unboost|p1a: Iron Moth|spa|1\n|\n|t:|1700637121\n|switch|p2a: No mercy|Manaphy|100\/100|[from] Parting Shot\n|-damage|p2a: No mercy|88\/100|[from] Stealth Rock\n|move|p1a: Iron Moth|Fiery Dance|p2a: No mercy\n|-resisted|p2a: No mercy\n|-damage|p2a: No mercy|73\/100\n|-boost|p1a: Iron Moth|spa|1\n|\n|-heal|p2a: No mercy|79\/100|[from] item: Leftovers\n|upkeep\n|turn|12\n|\n|t:|1700637131\n|move|p1a: Iron Moth|Sludge Wave|p2a: No mercy\n|-damage|p2a: No mercy|33\/100\n|move|p2a: No mercy|Surf|p1a: Iron Moth\n|-supereffective|p1a: Iron Moth\n|-damage|p1a: Iron Moth|0 fnt\n|faint|p1a: Iron Moth\n|-end|p1a: Iron Moth|Quark Drive|[silent]\n|\n|-heal|p2a: No mercy|39\/100|[from] item: Leftovers\n|upkeep\n|\n|t:|1700637141\n|switch|p1a: Ogerpon|Ogerpon-Wellspring, F|100\/100\n|turn|13\n|\n|t:|1700637148\n|move|p1a: Ogerpon|Encore|p2a: No mercy\n|-start|p2a: No mercy|Encore\n|move|p2a: No mercy|Surf|p1a: Ogerpon\n|-immune|p1a: Ogerpon|[from] ability: Water Absorb\n|\n|-heal|p2a: No mercy|46\/100|[from] item: Leftovers\n|upkeep\n|turn|14\n|\n|t:|1700637155\n|switch|p2a: Annoying ass|Grimmsnarl, M|20\/100 psn\n|-damage|p2a: Annoying ass|8\/100 psn|[from] Stealth Rock\n|move|p1a: Ogerpon|Swords Dance|p1a: Ogerpon\n|-boost|p1a: Ogerpon|atk|2\n|\n|-damage|p2a: Annoying ass|0 fnt|[from] psn\n|faint|p2a: Annoying ass\n|upkeep\n|\n|t:|1700637165\n|switch|p2a: Kill\/them|Iron Valiant|100\/100\n|-damage|p2a: Kill\/them|94\/100|[from] Stealth Rock\n|-enditem|p2a: Kill\/them|Booster Energy\n|-activate|p2a: Kill\/them|ability: Quark Drive|[fromitem]\n|-start|p2a: Kill\/them|quarkdrivespe\n|turn|15\n|inactive|jhmjoh has 90 seconds left.\n|\n|t:|1700637171\n|move|p2a: Kill\/them|Encore|p1a: Ogerpon\n|-start|p1a: Ogerpon|Encore\n|move|p1a: Ogerpon|Swords Dance|p1a: Ogerpon\n|-boost|p1a: Ogerpon|atk|2\n|\n|upkeep\n|turn|16\n|\n|t:|1700637178\n|switch|p1a: Gholdengo|Gholdengo|100\/100\n|-item|p1a: Gholdengo|Air Balloon\n|move|p2a: Kill\/them|Swords Dance|p2a: Kill\/them\n|-boost|p2a: Kill\/them|atk|2\n|\n|upkeep\n|turn|17\n|\n|t:|1700637185\n|move|p2a: Kill\/them|Spirit Break|p1a: Gholdengo\n|-resisted|p1a: Gholdengo\n|-damage|p1a: Gholdengo|56\/100\n|-unboost|p1a: Gholdengo|spa|1\n|-enditem|p1a: Gholdengo|Air Balloon\n|move|p1a: Gholdengo|Make It Rain|p2a: Kill\/them\n|-supereffective|p2a: Kill\/them\n|-crit|p2a: Kill\/them\n|-damage|p2a: Kill\/them|0 fnt\n|-unboost|p1a: Gholdengo|spa|1\n|faint|p2a: Kill\/them\n|-end|p2a: Kill\/them|Quark Drive|[silent]\n|\n|-sideend|p2: Knocking me down|move: Light Screen\n|upkeep\n|\n|t:|1700637198\n|switch|p2a: Rain\u2019s best friend|Ogerpon-Wellspring, F|100\/100\n|-damage|p2a: Rain\u2019s best friend|88\/100|[from] Stealth Rock\n|turn|18\n|inactive|jhmjoh has 90 seconds left.\n|\n|t:|1700637224\n|switch|p1a: Kingambit|Kingambit, M|100\/100\n|-activate|p1a: Kingambit|ability: Supreme Overlord\n|-start|p1a: Kingambit|fallen2|[silent]\n|move|p2a: Rain\u2019s best friend|Swords Dance|p2a: Rain\u2019s best friend\n|-boost|p2a: Rain\u2019s best friend|atk|2\n|\n|upkeep\n|turn|19\n|\n|t:|1700637233\n|move|p2a: Rain\u2019s best friend|Stomping Tantrum|p1a: Kingambit\n|-supereffective|p1a: Kingambit\n|-damage|p1a: Kingambit|5\/100\n|move|p1a: Kingambit|Kowtow Cleave|p2a: Rain\u2019s best friend\n|-damage|p2a: Rain\u2019s best friend|0 fnt\n|faint|p2a: Rain\u2019s best friend\n|\n|upkeep\n|\n|t:|1700637243\n|switch|p2a: Jetstream Sam|Ceruledge, M|100\/100\n|-damage|p2a: Jetstream Sam|75\/100|[from] Stealth Rock\n|turn|20\n|\n|t:|1700637252\n|move|p2a: Jetstream Sam|Shadow Sneak|p1a: Kingambit\n|-resisted|p1a: Kingambit\n|-damage|p1a: Kingambit|0 fnt\n|faint|p1a: Kingambit\n|-end|p1a: Kingambit|fallen2|[silent]\n|\n|upkeep\n|\n|t:|1700637256\n|switch|p1a: Ogerpon|Ogerpon-Wellspring, F|100\/100\n|turn|21\n|\n|t:|1700637262\n|move|p2a: Jetstream Sam|Endure|p2a: Jetstream Sam\n|-singleturn|p2a: Jetstream Sam|move: Endure\n|move|p1a: Ogerpon|Ivy Cudgel|p2a: Jetstream Sam|[anim] Ivy Cudgel Water\n|-supereffective|p2a: Jetstream Sam\n|-activate|p2a: Jetstream Sam|move: Endure\n|-damage|p2a: Jetstream Sam|1\/100\n|-ability|p2a: Jetstream Sam|Weak Armor|boost\n|-unboost|p2a: Jetstream Sam|def|1\n|-boost|p2a: Jetstream Sam|spe|2\n|-enditem|p2a: Jetstream Sam|Weakness Policy\n|-boost|p2a: Jetstream Sam|atk|2|[from] item: Weakness Policy\n|-boost|p2a: Jetstream Sam|spa|2|[from] item: Weakness Policy\n|\n|upkeep\n|turn|22\n|inactive|jhmjoh has 120 seconds left.\n|\n|t:|1700637277\n|-terastallize|p2a: Jetstream Sam|Fire\n|move|p2a: Jetstream Sam|Bitter Blade|p1a: Ogerpon\n|-damage|p1a: Ogerpon|0 fnt\n|-heal|p2a: Jetstream Sam|53\/100|[from] drain|[of] p1a: Ogerpon\n|faint|p1a: Ogerpon\n|\n|upkeep\n|\n|t:|1700637283\n|switch|p1a: Enamorus|Enamorus, F|100\/100\n|turn|23\n|\n|t:|1700637287\n|move|p2a: Jetstream Sam|Bitter Blade|p1a: Enamorus\n|-damage|p1a: Enamorus|0 fnt\n|-heal|p2a: Jetstream Sam|100\/100|[from] drain|[of] p1a: Enamorus\n|faint|p1a: Enamorus\n|\n|upkeep\n|-message|jhmjoh forfeited.\n|\n|win|Knocking me down\n|raw|jhmjoh's rating: 1053 &rarr; <strong>1039<\/strong><br \/>(-14 for losing)\n|raw|Knocking me down's rating: 1131 &rarr; <strong>1150<\/strong><br \/>(+19 for winning)\n|l|\u2606jhmjoh\n","uploadtime":1700637294,"views":10,"p1id":"jhmjoh","p2id":"knockingmedown","formatid":"gen9ou","rating":1039,"private":0,"password":""}