{"id":"gen9ou-1996628355","p1":"herso","p2":"A KlNG\u265b\u2654\u2655","format":"[Gen 9] OU","log":"|j|\u2606herso\n|j|\u2606A KlNG\u265b\u2654\u2655\n|t:|1700702485\n|gametype|singles\n|player|p1|herso|101|1419\n|player|p2|A KlNG\u265b\u2654\u2655|xerosic|1474\n|teamsize|p1|6\n|teamsize|p2|6\n|gen|9\n|tier|[Gen 9] OU\n|rated|\n|rule|Sleep Clause Mod: Limit one foe put to sleep\n|rule|Species Clause: Limit one of each Pok\u00e9mon\n|rule|OHKO Clause: OHKO moves are banned\n|rule|Evasion Items Clause: Evasion items are banned\n|rule|Evasion Moves Clause: Evasion moves are banned\n|rule|Endless Battle Clause: Forcing endless battles is banned\n|rule|HP Percentage Mod: HP is shown in percentages\n|clearpoke\n|poke|p1|Alomomola, M|\n|poke|p1|Great Tusk|\n|poke|p1|Heatran, M|\n|poke|p1|Tyranitar, M|\n|poke|p1|Gyarados, F|\n|poke|p1|Dragapult, F|\n|poke|p2|Ninetales-Alola, F|\n|poke|p2|Great Tusk|\n|poke|p2|Dragonite, M|\n|poke|p2|Greninja-*, M|\n|poke|p2|Torkoal, M|\n|poke|p2|Rillaboom, M|\n|teampreview\n|inactive|Battle timer is ON: inactive players will automatically lose when time's up. (requested by A KlNG\u265b\u2654\u2655)\n|\n|t:|1700702499\n|start\n|switch|p1a: Dragapult|Dragapult, F|100\/100\n|switch|p2a: Metro Boomin|Great Tusk|100\/100\n|-enditem|p2a: Metro Boomin|Booster Energy\n|-activate|p2a: Metro Boomin|ability: Protosynthesis|[fromitem]\n|-start|p2a: Metro Boomin|protosynthesisspe\n|turn|1\n|\n|t:|1700702508\n|switch|p1a: Alomomola|Alomomola, M|100\/100\n|move|p2a: Metro Boomin|Head Smash|p1a: Alomomola\n|-damage|p1a: Alomomola|78\/100\n|-damage|p2a: Metro Boomin|84\/100|[from] item: Rocky Helmet|[of] p1a: Alomomola\n|-damage|p2a: Metro Boomin|68\/100|[from] Recoil\n|\n|upkeep\n|turn|2\n|\n|t:|1700702513\n|move|p2a: Metro Boomin|Stealth Rock|p1a: Alomomola\n|-sidestart|p1: herso|move: Stealth Rock\n|move|p1a: Alomomola|Flip Turn|p2a: Metro Boomin\n|-supereffective|p2a: Metro Boomin\n|-damage|p2a: Metro Boomin|47\/100\n|\n|t:|1700702517\n|switch|p1a: Great Tusk|Great Tusk|100\/100|[from] Flip Turn\n|\n|upkeep\n|turn|3\n|\n|t:|1700702522\n|-terastallize|p2a: Metro Boomin|Ghost\n|move|p2a: Metro Boomin|Taunt|p1a: Great Tusk\n|-start|p1a: Great Tusk|move: Taunt\n|move|p1a: Great Tusk|Rapid Spin|p2a: Metro Boomin\n|-immune|p2a: Metro Boomin\n|\n|upkeep\n|turn|4\n|c|\u2606A KlNG\u265b\u2654\u2655|no herso\n|c|\u2606A KlNG\u265b\u2654\u2655|no rocks for yoy\n|c|\u2606A KlNG\u265b\u2654\u2655|no rocks\n|\n|t:|1700702540\n|move|p2a: Metro Boomin|Earth Power|p1a: Great Tusk\n|-damage|p1a: Great Tusk|67\/100\n|move|p1a: Great Tusk|Knock Off|p2a: Metro Boomin\n|-supereffective|p2a: Metro Boomin\n|-damage|p2a: Metro Boomin|20\/100\n|\n|upkeep\n|turn|5\n|c|\u2606herso|i wasnt going to rock\n|\n|t:|1700702550\n|move|p2a: Metro Boomin|Earth Power|p1a: Great Tusk\n|-damage|p1a: Great Tusk|34\/100\n|move|p1a: Great Tusk|Knock Off|p2a: Metro Boomin\n|-supereffective|p2a: Metro Boomin\n|-damage|p2a: Metro Boomin|0 fnt\n|faint|p2a: Metro Boomin\n|-end|p2a: Metro Boomin|Protosynthesis|[silent]\n|\n|-end|p1a: Great Tusk|move: Taunt\n|upkeep\n|\n|t:|1700702556\n|switch|p2a: The Great Frog|Greninja, M|100\/100\n|turn|6\n|\n|t:|1700702561\n|-end|p1a: Great Tusk|Protosynthesis|[silent]\n|switch|p1a: Alomomola|Alomomola, M|100\/100\n|-damage|p1a: Alomomola|88\/100|[from] Stealth Rock\n|move|p2a: The Great Frog|Surf|p1a: Alomomola\n|-resisted|p1a: Alomomola\n|-damage|p1a: Alomomola|56\/100\n|-damage|p2a: The Great Frog|91\/100|[from] item: Life Orb\n|\n|upkeep\n|turn|7\n|\n|t:|1700702570\n|move|p1a: Alomomola|Protect|p1a: Alomomola\n|-singleturn|p1a: Alomomola|Protect\n|move|p2a: The Great Frog|Dark Pulse|p1a: Alomomola\n|-activate|p1a: Alomomola|move: Protect\n|\n|upkeep\n|turn|8\n|\n|t:|1700702579\n|move|p2a: The Great Frog|Surf|p1a: Alomomola\n|-resisted|p1a: Alomomola\n|-damage|p1a: Alomomola|28\/100\n|-damage|p2a: The Great Frog|81\/100|[from] item: Life Orb\n|move|p1a: Alomomola|Wish|p1a: Alomomola\n|\n|upkeep\n|turn|9\n|\n|t:|1700702586\n|switch|p1a: Tyranitar|Tyranitar, M|100\/100\n|-damage|p1a: Tyranitar|88\/100|[from] Stealth Rock\n|-weather|Sandstorm|[from] ability: Sand Stream|[of] p1a: Tyranitar\n|move|p2a: The Great Frog|Dark Pulse|p1a: Tyranitar\n|-resisted|p1a: Tyranitar\n|-damage|p1a: Tyranitar|78\/100\n|-damage|p2a: The Great Frog|71\/100|[from] item: Life Orb\n|\n|-weather|Sandstorm|[upkeep]\n|-damage|p2a: The Great Frog|65\/100|[from] Sandstorm\n|-heal|p1a: Tyranitar|100\/100|[from] move: Wish|[wisher] Alomomola\n|upkeep\n|turn|10\n|\n|t:|1700702594\n|move|p2a: The Great Frog|Brick Break|p1a: Tyranitar\n|-supereffective|p1a: Tyranitar\n|-damage|p1a: Tyranitar|32\/100\n|-damage|p2a: The Great Frog|55\/100|[from] item: Life Orb\n|move|p1a: Tyranitar|Earthquake|p2a: The Great Frog\n|-damage|p2a: The Great Frog|0 fnt\n|faint|p2a: The Great Frog\n|\n|-weather|Sandstorm|[upkeep]\n|upkeep\n|\n|t:|1700702600\n|switch|p2a: GodZillaBoom|Rillaboom, M|100\/100\n|-fieldstart|move: Grassy Terrain|[from] ability: Grassy Surge|[of] p2a: GodZillaBoom\n|turn|11\n|\n|t:|1700702604\n|switch|p1a: Heatran|Heatran, M|100\/100\n|-damage|p1a: Heatran|88\/100|[from] Stealth Rock\n|move|p2a: GodZillaBoom|Swords Dance|p2a: GodZillaBoom\n|-boost|p2a: GodZillaBoom|atk|2\n|\n|-weather|Sandstorm|[upkeep]\n|-damage|p2a: GodZillaBoom|94\/100|[from] Sandstorm\n|-heal|p2a: GodZillaBoom|100\/100|[from] Grassy Terrain\n|-heal|p1a: Heatran|94\/100|[from] Grassy Terrain\n|-heal|p1a: Heatran|100\/100|[from] item: Leftovers\n|upkeep\n|turn|12\n|\n|t:|1700702619\n|-terastallize|p1a: Heatran|Grass\n|move|p2a: GodZillaBoom|High Horsepower|p1a: Heatran\n|-resisted|p1a: Heatran\n|-damage|p1a: Heatran|64\/100\n|-damage|p2a: GodZillaBoom|91\/100|[from] item: Life Orb\n|move|p1a: Heatran|Substitute|p1a: Heatran\n|-start|p1a: Heatran|Substitute\n|-damage|p1a: Heatran|39\/100\n|\n|-weather|Sandstorm|[upkeep]\n|-damage|p2a: GodZillaBoom|84\/100|[from] Sandstorm\n|-damage|p1a: Heatran|33\/100|[from] Sandstorm\n|-heal|p2a: GodZillaBoom|91\/100|[from] Grassy Terrain\n|-heal|p1a: Heatran|39\/100|[from] Grassy Terrain\n|-heal|p1a: Heatran|46\/100|[from] item: Leftovers\n|upkeep\n|turn|13\n|\n|t:|1700702627\n|move|p2a: GodZillaBoom|Grassy Glide|p1a: Heatran\n|-resisted|p1a: Heatran\n|-end|p1a: Heatran|Substitute\n|-damage|p2a: GodZillaBoom|81\/100|[from] item: Life Orb\n|move|p1a: Heatran|Lava Plume|p2a: GodZillaBoom\n|-supereffective|p2a: GodZillaBoom\n|-damage|p2a: GodZillaBoom|0 fnt\n|faint|p2a: GodZillaBoom\n|\n|-weather|none\n|-heal|p1a: Heatran|52\/100|[from] Grassy Terrain\n|-heal|p1a: Heatran|58\/100|[from] item: Leftovers\n|upkeep\n|\n|t:|1700702631\n|switch|p2a: Too SEXY|Torkoal, M|100\/100\n|-weather|SunnyDay|[from] ability: Drought|[of] p2a: Too SEXY\n|turn|14\n|\n|t:|1700702636\n|switch|p2a: SLIME|Ninetales-Alola, F|100\/100\n|-weather|Snow|[from] ability: Snow Warning|[of] p2a: SLIME\n|move|p1a: Heatran|Substitute|p1a: Heatran\n|-start|p1a: Heatran|Substitute\n|-damage|p1a: Heatran|33\/100\n|\n|-weather|Snow|[upkeep]\n|-heal|p1a: Heatran|39\/100|[from] Grassy Terrain\n|-heal|p1a: Heatran|46\/100|[from] item: Leftovers\n|upkeep\n|turn|15\n|\n|t:|1700702641\n|switch|p1a: Tyranitar|Tyranitar, M|32\/100\n|-damage|p1a: Tyranitar|20\/100|[from] Stealth Rock\n|-weather|Sandstorm|[from] ability: Sand Stream|[of] p1a: Tyranitar\n|move|p2a: SLIME|Encore||[still]\n|-fail|p2a: SLIME\n|\n|-weather|Sandstorm|[upkeep]\n|-damage|p2a: SLIME|95\/100|[from] Sandstorm\n|-heal|p2a: SLIME|100\/100|[from] Grassy Terrain\n|-heal|p1a: Tyranitar|26\/100|[from] Grassy Terrain\n|-fieldend|move: Grassy Terrain\n|upkeep\n|turn|16\n|\n|t:|1700702647\n|switch|p2a: Too SEXY|Torkoal, M|100\/100\n|-weather|SunnyDay|[from] ability: Drought|[of] p2a: Too SEXY\n|move|p1a: Tyranitar|Heavy Slam|p2a: Too SEXY\n|-resisted|p2a: Too SEXY\n|-damage|p2a: Too SEXY|91\/100\n|\n|-weather|SunnyDay|[upkeep]\n|upkeep\n|turn|17\n|\n|t:|1700702652\n|move|p1a: Tyranitar|Rock Slide|p2a: Too SEXY\n|-supereffective|p2a: Too SEXY\n|-damage|p2a: Too SEXY|23\/100\n|move|p2a: Too SEXY|Earthquake|p1a: Tyranitar\n|-supereffective|p1a: Tyranitar\n|-damage|p1a: Tyranitar|0 fnt\n|faint|p1a: Tyranitar\n|\n|-weather|SunnyDay|[upkeep]\n|upkeep\n|\n|t:|1700702660\n|switch|p1a: Gyarados|Gyarados, F|100\/100\n|-damage|p1a: Gyarados|76\/100|[from] Stealth Rock\n|turn|18\n|\n|t:|1700702670\n|move|p1a: Gyarados|Dragon Dance|p1a: Gyarados\n|-boost|p1a: Gyarados|atk|1\n|-boost|p1a: Gyarados|spe|1\n|move|p2a: Too SEXY|Solar Beam||[still]\n|-prepare|p2a: Too SEXY|Solar Beam\n|-anim|p2a: Too SEXY|Solar Beam|p1a: Gyarados\n|-damage|p1a: Gyarados|44\/100\n|\n|-weather|SunnyDay|[upkeep]\n|-heal|p1a: Gyarados|50\/100|[from] item: Leftovers\n|upkeep\n|turn|19\n|\n|t:|1700702673\n|move|p1a: Gyarados|Waterfall|p2a: Too SEXY\n|-supereffective|p2a: Too SEXY\n|-damage|p2a: Too SEXY|0 fnt\n|faint|p2a: Too SEXY\n|-ability|p1a: Gyarados|Moxie|boost\n|-boost|p1a: Gyarados|atk|1\n|\n|-weather|SunnyDay|[upkeep]\n|-heal|p1a: Gyarados|56\/100|[from] item: Leftovers\n|upkeep\n|\n|t:|1700702678\n|switch|p2a: SLIME|Ninetales-Alola, F|100\/100\n|-weather|Snow|[from] ability: Snow Warning|[of] p2a: SLIME\n|turn|20\n|\n|t:|1700702682\n|move|p1a: Gyarados|Waterfall|p2a: SLIME\n|-damage|p2a: SLIME|25\/100\n|move|p2a: SLIME|Aurora Veil|p2a: SLIME\n|-sidestart|p2: A KlNG\u265b\u2654\u2655|move: Aurora Veil\n|\n|-weather|Snow|[upkeep]\n|-heal|p1a: Gyarados|62\/100|[from] item: Leftovers\n|upkeep\n|turn|21\n|\n|t:|1700702686\n|move|p1a: Gyarados|Waterfall|p2a: SLIME\n|-damage|p2a: SLIME|0 fnt\n|faint|p2a: SLIME\n|-ability|p1a: Gyarados|Moxie|boost\n|-boost|p1a: Gyarados|atk|1\n|\n|-weather|Snow|[upkeep]\n|-heal|p1a: Gyarados|68\/100|[from] item: Leftovers\n|upkeep\n|\n|t:|1700702688\n|switch|p2a: MIDNIGHT|Dragonite, M|100\/100\n|turn|22\n|\n|t:|1700702691\n|move|p1a: Gyarados|Ice Fang|p2a: MIDNIGHT\n|-supereffective|p2a: MIDNIGHT\n|-damage|p2a: MIDNIGHT|45\/100\n|move|p2a: MIDNIGHT|Dragon Dance|p2a: MIDNIGHT\n|-boost|p2a: MIDNIGHT|atk|1\n|-boost|p2a: MIDNIGHT|spe|1\n|\n|-weather|Snow|[upkeep]\n|-heal|p1a: Gyarados|74\/100|[from] item: Leftovers\n|upkeep\n|turn|23\n|\n|t:|1700702695\n|move|p1a: Gyarados|Ice Fang|p2a: MIDNIGHT\n|-supereffective|p2a: MIDNIGHT\n|-damage|p2a: MIDNIGHT|0 fnt\n|faint|p2a: MIDNIGHT\n|\n|win|herso\n|raw|herso's rating: 1419 &rarr; <strong>1442<\/strong><br \/>(+23 for winning)\n|raw|A KlNG\u265b\u2654\u2655's rating: 1474 &rarr; <strong>1451<\/strong><br \/>(-23 for losing)\n|c|\u2606A KlNG\u265b\u2654\u2655|gg\n|c|\u2606herso|gg\n|c|\u2606A KlNG\u265b\u2654\u2655|wp\n|l|\u2606A KlNG\u265b\u2654\u2655\n|c|\u2606herso|u2\n|c|\u2606herso|<3\n","uploadtime":1700702707,"views":3,"p1id":"herso","p2id":"aklng","formatid":"gen9ou","rating":1442,"private":0,"password":""}