{"id":"gen9ou-1995857636","p1":"Zulneily","p2":"riverrhodes","format":"[Gen 9] OU","log":"|j|\u2606Zulneily\n|j|\u2606riverrhodes\n|t:|1700610328\n|gametype|singles\n|player|p1|Zulneily|hilda-wonderlauncher|1235\n|player|p2|riverrhodes|veteran-gen4|1282\n|teamsize|p1|6\n|teamsize|p2|6\n|gen|9\n|tier|[Gen 9] OU\n|rated|\n|rule|Sleep Clause Mod: Limit one foe put to sleep\n|rule|Species Clause: Limit one of each Pok\u00e9mon\n|rule|OHKO Clause: OHKO moves are banned\n|rule|Evasion Items Clause: Evasion items are banned\n|rule|Evasion Moves Clause: Evasion moves are banned\n|rule|Endless Battle Clause: Forcing endless battles is banned\n|rule|HP Percentage Mod: HP is shown in percentages\n|clearpoke\n|poke|p1|Great Tusk|\n|poke|p1|Gholdengo|\n|poke|p1|Ogerpon, F|\n|poke|p1|Iron Moth|\n|poke|p1|Gastrodon-East, F|\n|poke|p1|Enamorus, F|\n|poke|p2|Ditto|\n|poke|p2|Ting-Lu|\n|poke|p2|Gholdengo|\n|poke|p2|Great Tusk|\n|poke|p2|Iron Valiant|\n|poke|p2|Zapdos|\n|teampreview\n|\n|t:|1700610342\n|start\n|switch|p1a: Enamorus|Enamorus, F|100\/100\n|switch|p2a: Ting-Lu|Ting-Lu|100\/100\n|-ability|p2a: Ting-Lu|Vessel of Ruin\n|turn|1\n|\n|t:|1700610355\n|switch|p2a: Gholdengo|Gholdengo, shiny|100\/100\n|move|p1a: Enamorus|Superpower|p2a: Gholdengo\n|-immune|p2a: Gholdengo\n|\n|upkeep\n|turn|2\n|\n|t:|1700610367\n|switch|p1a: Gastrodon|Gastrodon-East, F|100\/100\n|move|p2a: Gholdengo|Thunder Wave|p1a: Gastrodon\n|-immune|p1a: Gastrodon\n|\n|upkeep\n|turn|3\n|\n|t:|1700610384\n|-terastallize|p2a: Gholdengo|Flying\n|move|p2a: Gholdengo|Nasty Plot|p2a: Gholdengo\n|-boost|p2a: Gholdengo|spa|2\n|move|p1a: Gastrodon|Yawn|p2a: Gholdengo\n|-immune|p2a: Gholdengo|[from] ability: Good as Gold\n|\n|upkeep\n|turn|4\n|\n|t:|1700610390\n|move|p2a: Gholdengo|Nasty Plot|p2a: Gholdengo\n|-boost|p2a: Gholdengo|spa|2\n|move|p1a: Gastrodon|Surf|p2a: Gholdengo\n|-damage|p2a: Gholdengo|70\/100\n|\n|-heal|p2a: Gholdengo|76\/100|[from] item: Leftovers\n|upkeep\n|turn|5\n|\n|t:|1700610397\n|move|p2a: Gholdengo|Hex|p1a: Gastrodon\n|-damage|p1a: Gastrodon|49\/100\n|move|p1a: Gastrodon|Surf|p2a: Gholdengo\n|-damage|p2a: Gholdengo|50\/100\n|\n|-heal|p2a: Gholdengo|56\/100|[from] item: Leftovers\n|-heal|p1a: Gastrodon|55\/100|[from] item: Leftovers\n|upkeep\n|turn|6\n|\n|t:|1700610410\n|move|p2a: Gholdengo|Recover|p2a: Gholdengo\n|-heal|p2a: Gholdengo|100\/100\n|move|p1a: Gastrodon|Surf|p2a: Gholdengo\n|-crit|p2a: Gholdengo\n|-damage|p2a: Gholdengo|61\/100\n|\n|-heal|p2a: Gholdengo|67\/100|[from] item: Leftovers\n|-heal|p1a: Gastrodon|61\/100|[from] item: Leftovers\n|upkeep\n|turn|7\n|inactive|Battle timer is ON: inactive players will automatically lose when time's up. (requested by riverrhodes)\n|\n|t:|1700610440\n|move|p2a: Gholdengo|Recover|p2a: Gholdengo\n|-heal|p2a: Gholdengo|100\/100\n|move|p1a: Gastrodon|Surf|p2a: Gholdengo\n|-damage|p2a: Gholdengo|72\/100\n|\n|-heal|p2a: Gholdengo|78\/100|[from] item: Leftovers\n|-heal|p1a: Gastrodon|67\/100|[from] item: Leftovers\n|upkeep\n|turn|8\n|\n|t:|1700610460\n|move|p2a: Gholdengo|Hex|p1a: Gastrodon\n|-damage|p1a: Gastrodon|14\/100\n|move|p1a: Gastrodon|Recover|p1a: Gastrodon\n|-heal|p1a: Gastrodon|64\/100\n|\n|-heal|p2a: Gholdengo|84\/100|[from] item: Leftovers\n|-heal|p1a: Gastrodon|70\/100|[from] item: Leftovers\n|upkeep\n|turn|9\n|\n|t:|1700610466\n|move|p2a: Gholdengo|Hex|p1a: Gastrodon\n|-damage|p1a: Gastrodon|16\/100\n|move|p1a: Gastrodon|Surf|p2a: Gholdengo\n|-damage|p2a: Gholdengo|58\/100\n|\n|-heal|p2a: Gholdengo|64\/100|[from] item: Leftovers\n|-heal|p1a: Gastrodon|22\/100|[from] item: Leftovers\n|upkeep\n|turn|10\n|\n|t:|1700610477\n|move|p2a: Gholdengo|Recover|p2a: Gholdengo\n|-heal|p2a: Gholdengo|100\/100\n|move|p1a: Gastrodon|Surf|p2a: Gholdengo\n|-damage|p2a: Gholdengo|74\/100\n|\n|-heal|p2a: Gholdengo|80\/100|[from] item: Leftovers\n|-heal|p1a: Gastrodon|28\/100|[from] item: Leftovers\n|upkeep\n|turn|11\n|\n|t:|1700610481\n|move|p2a: Gholdengo|Hex|p1a: Gastrodon\n|-damage|p1a: Gastrodon|0 fnt\n|faint|p1a: Gastrodon\n|\n|-heal|p2a: Gholdengo|86\/100|[from] item: Leftovers\n|upkeep\n|\n|t:|1700610501\n|switch|p1a: Iron Moth|Iron Moth|100\/100\n|-enditem|p1a: Iron Moth|Booster Energy\n|-activate|p1a: Iron Moth|ability: Quark Drive|[fromitem]\n|-start|p1a: Iron Moth|quarkdrivespe\n|turn|12\n|inactive|riverrhodes has 120 seconds left.\n|\n|t:|1700610532\n|move|p1a: Iron Moth|Fiery Dance|p2a: Gholdengo\n|-damage|p2a: Gholdengo|44\/100\n|-boost|p1a: Iron Moth|spa|1\n|move|p2a: Gholdengo|Hex|p1a: Iron Moth\n|-damage|p1a: Iron Moth|12\/100\n|\n|-heal|p2a: Gholdengo|50\/100|[from] item: Leftovers\n|upkeep\n|turn|13\n|\n|t:|1700610542\n|move|p1a: Iron Moth|Fiery Dance|p2a: Gholdengo\n|-damage|p2a: Gholdengo|0 fnt\n|faint|p2a: Gholdengo\n|\n|upkeep\n|\n|t:|1700610546\n|switch|p2a: Ditto|Ditto, shiny|100\/100\n|-transform|p2a: Ditto|p1a: Iron Moth|[from] ability: Imposter\n|turn|14\n|\n|t:|1700610558\n|move|p1a: Iron Moth|Fiery Dance|p2a: Ditto\n|-resisted|p2a: Ditto\n|-damage|p2a: Ditto|66\/100\n|-boost|p1a: Iron Moth|spa|1\n|move|p2a: Ditto|Fiery Dance|p1a: Iron Moth\n|-resisted|p1a: Iron Moth\n|-damage|p1a: Iron Moth|0 fnt\n|faint|p1a: Iron Moth\n|-end|p1a: Iron Moth|Quark Drive|[silent]\n|\n|upkeep\n|\n|t:|1700610568\n|switch|p1a: Enamorus|Enamorus, F|100\/100\n|turn|15\n|\n|t:|1700610571\n|move|p2a: Ditto|Fiery Dance|p1a: Enamorus\n|-damage|p1a: Enamorus|21\/100\n|-boost|p2a: Ditto|spa|1\n|move|p1a: Enamorus|Earth Power|p2a: Ditto\n|-supereffective|p2a: Ditto\n|-damage|p2a: Ditto|0 fnt\n|faint|p2a: Ditto\n|-end|p2a: Ditto|Quark Drive|[silent]\n|\n|upkeep\n|\n|t:|1700610581\n|switch|p2a: Iron Valiant|Iron Valiant, shiny|100\/100\n|turn|16\n|\n|t:|1700610588\n|switch|p1a: Gholdengo|Gholdengo|100\/100\n|move|p2a: Iron Valiant|Shadow Ball|p1a: Gholdengo\n|-supereffective|p1a: Gholdengo\n|-damage|p1a: Gholdengo|43\/100\n|-unboost|p1a: Gholdengo|spd|1\n|\n|upkeep\n|turn|17\n|\n|t:|1700610593\n|move|p2a: Iron Valiant|Shadow Ball|p1a: Gholdengo\n|-supereffective|p1a: Gholdengo\n|-damage|p1a: Gholdengo|0 fnt\n|faint|p1a: Gholdengo\n|\n|upkeep\n|\n|t:|1700610598\n|switch|p1a: Ogerpon|Ogerpon, F|100\/100\n|turn|18\n|\n|t:|1700610610\n|-end|p2a: Iron Valiant|Quark Drive|[silent]\n|switch|p2a: Ting-Lu|Ting-Lu|100\/100\n|-ability|p2a: Ting-Lu|Vessel of Ruin\n|move|p1a: Ogerpon|Play Rough|p2a: Ting-Lu\n|-supereffective|p2a: Ting-Lu\n|-damage|p2a: Ting-Lu|71\/100\n|\n|-heal|p2a: Ting-Lu|77\/100|[from] item: Leftovers\n|upkeep\n|turn|19\n|\n|t:|1700610621\n|move|p1a: Ogerpon|Swords Dance|p1a: Ogerpon\n|-boost|p1a: Ogerpon|atk|2\n|move|p2a: Ting-Lu|Ruination|p1a: Ogerpon\n|-damage|p1a: Ogerpon|51\/100\n|\n|-heal|p2a: Ting-Lu|83\/100|[from] item: Leftovers\n|upkeep\n|turn|20\n|\n|t:|1700610628\n|-terastallize|p1a: Ogerpon|Grass\n|detailschange|p1a: Ogerpon|Ogerpon-Teal-Tera, F, tera:Grass\n|-ability|p1a: Ogerpon|Embody Aspect (Teal)|boost\n|-boost|p1a: Ogerpon|spe|1\n|move|p1a: Ogerpon|Ivy Cudgel|p2a: Ting-Lu\n|-supereffective|p2a: Ting-Lu\n|-damage|p2a: Ting-Lu|0 fnt\n|faint|p2a: Ting-Lu\n|\n|upkeep\n|\n|t:|1700610636\n|switch|p2a: Zapdos|Zapdos, shiny|100\/100\n|turn|21\n|\n|t:|1700610653\n|move|p1a: Ogerpon|Play Rough|p2a: Zapdos\n|-damage|p2a: Zapdos|46\/100\n|-status|p1a: Ogerpon|par|[from] ability: Static|[of] p2a: Zapdos\n|move|p2a: Zapdos|Hurricane|p1a: Ogerpon\n|-supereffective|p1a: Ogerpon\n|-crit|p1a: Ogerpon\n|-damage|p1a: Ogerpon|0 fnt\n|faint|p1a: Ogerpon\n|\n|upkeep\n|\n|t:|1700610661\n|switch|p1a: Enamorus|Enamorus, F|21\/100\n|turn|22\n|\n|t:|1700610688\n|switch|p2a: Great Tusk|Great Tusk, shiny|100\/100\n|move|p1a: Enamorus|Moonblast|p2a: Great Tusk\n|-supereffective|p2a: Great Tusk\n|-damage|p2a: Great Tusk|0 fnt\n|faint|p2a: Great Tusk\n|-end|p2a: Great Tusk|Protosynthesis|[silent]\n|\n|upkeep\n|\n|t:|1700610692\n|switch|p2a: Iron Valiant|Iron Valiant, shiny|100\/100\n|turn|23\n|\n|t:|1700610694\n|move|p1a: Enamorus|Moonblast|p2a: Iron Valiant\n|-supereffective|p2a: Iron Valiant\n|-damage|p2a: Iron Valiant|0 fnt\n|faint|p2a: Iron Valiant\n|-end|p2a: Iron Valiant|Quark Drive|[silent]\n|\n|upkeep\n|\n|t:|1700610697\n|switch|p2a: Zapdos|Zapdos, shiny|46\/100\n|turn|24\n|\n|t:|1700610706\n|move|p1a: Enamorus|Moonblast|p2a: Zapdos\n|-damage|p2a: Zapdos|0 fnt\n|faint|p2a: Zapdos\n|\n|win|Zulneily\n|raw|Zulneily's rating: 1235 &rarr; <strong>1263<\/strong><br \/>(+28 for winning)\n|raw|riverrhodes's rating: 1282 &rarr; <strong>1254<\/strong><br \/>(-28 for losing)\n|l|\u2606riverrhodes\n","uploadtime":1700610718,"views":6,"p1id":"zulneily","p2id":"riverrhodes","formatid":"gen9ou","rating":1254,"private":0,"password":""}