{"id":"gen9ou-1999671151","p1":"PLLV52 Notes","p2":"ASNUFSANGU","format":"[Gen 9] OU","log":"|j|\u2606PLLV52 Notes\n|j|\u2606ASNUFSANGU\n|t:|1701106436\n|gametype|singles\n|player|p1|PLLV52 Notes|2|1580\n|player|p2|ASNUFSANGU|backpacker|1578\n|teamsize|p1|6\n|teamsize|p2|6\n|gen|9\n|tier|[Gen 9] OU\n|rated|\n|rule|Sleep Clause Mod: Limit one foe put to sleep\n|rule|Species Clause: Limit one of each Pok\u00e9mon\n|rule|OHKO Clause: OHKO moves are banned\n|rule|Evasion Items Clause: Evasion items are banned\n|rule|Evasion Moves Clause: Evasion moves are banned\n|rule|Endless Battle Clause: Forcing endless battles is banned\n|rule|HP Percentage Mod: HP is shown in percentages\n|clearpoke\n|poke|p1|Iron Valiant|\n|poke|p1|Greninja-*, M|\n|poke|p1|Glimmora, F|\n|poke|p1|Kingambit, F|\n|poke|p1|Samurott-Hisui, F|\n|poke|p1|Dragonite, F|\n|poke|p2|Landorus-Therian, M|\n|poke|p2|Hoopa-Unbound|\n|poke|p2|Ambipom, M|\n|poke|p2|Kingambit, F|\n|poke|p2|Dragonite, M|\n|poke|p2|Iron Hands|\n|teampreview\n|\n|t:|1701106442\n|start\n|switch|p1a: Glimmora|Glimmora, F, shiny|100\/100\n|switch|p2a: Event Horizon|Hoopa-Unbound|100\/100\n|turn|1\n|\n|t:|1701106455\n|move|p1a: Glimmora|Stealth Rock|p2a: Event Horizon\n|-sidestart|p2: ASNUFSANGU|move: Stealth Rock\n|move|p2a: Event Horizon|Psychic|p1a: Glimmora\n|-supereffective|p1a: Glimmora\n|-enditem|p1a: Glimmora|Focus Sash\n|-damage|p1a: Glimmora|1\/100\n|\n|upkeep\n|turn|2\n|\n|t:|1701106471\n|move|p1a: Glimmora|Energy Ball|p2a: Event Horizon\n|-damage|p2a: Event Horizon|86\/100\n|move|p2a: Event Horizon|Psychic|p1a: Glimmora\n|-supereffective|p1a: Glimmora\n|-damage|p1a: Glimmora|0 fnt\n|faint|p1a: Glimmora\n|\n|upkeep\n|\n|t:|1701106484\n|switch|p1a: Samurott|Samurott-Hisui, F, shiny|100\/100\n|turn|3\n|\n|t:|1701106498\n|switch|p2a: Lion King|Landorus-Therian, M|100\/100\n|-damage|p2a: Lion King|88\/100|[from] Stealth Rock\n|-ability|p2a: Lion King|Intimidate|boost\n|-unboost|p1a: Samurott|atk|1\n|move|p1a: Samurott|Knock Off|p2a: Lion King\n|-damage|p2a: Lion King|63\/100\n|-enditem|p2a: Lion King|Leftovers|[from] move: Knock Off|[of] p1a: Samurott\n|\n|upkeep\n|turn|4\n|\n|t:|1701106507\n|move|p1a: Samurott|Swords Dance|p1a: Samurott\n|-boost|p1a: Samurott|atk|2\n|move|p2a: Lion King|Stealth Rock|p1a: Samurott\n|-sidestart|p1: PLLV52 Notes|move: Stealth Rock\n|\n|upkeep\n|turn|5\n|\n|t:|1701106511\n|move|p1a: Samurott|Swords Dance|p1a: Samurott\n|-boost|p1a: Samurott|atk|2\n|move|p2a: Lion King|U-turn|p1a: Samurott\n|-supereffective|p1a: Samurott\n|-damage|p1a: Samurott|43\/100\n|\n|t:|1701106523\n|switch|p2a: Discount Machamp|Ambipom, M|100\/100|[from] U-turn\n|-damage|p2a: Discount Machamp|88\/100|[from] Stealth Rock\n|\n|upkeep\n|turn|6\n|\n|t:|1701106527\n|move|p2a: Discount Machamp|Fake Out|p1a: Samurott\n|-damage|p1a: Samurott|0 fnt\n|faint|p1a: Samurott\n|\n|upkeep\n|\n|t:|1701106541\n|switch|p1a: Greninja|Greninja, M|100\/100\n|-damage|p1a: Greninja|88\/100|[from] Stealth Rock\n|turn|7\n|\n|t:|1701106574\n|switch|p2a: Lion King|Landorus-Therian, M|63\/100\n|-damage|p2a: Lion King|51\/100|[from] Stealth Rock\n|-ability|p2a: Lion King|Intimidate|boost\n|-unboost|p1a: Greninja|atk|1\n|move|p1a: Greninja|Hydro Pump|p2a: Lion King\n|-supereffective|p2a: Lion King\n|-damage|p2a: Lion King|0 fnt\n|faint|p2a: Lion King\n|-ability|p1a: Greninja|Battle Bond|boost\n|-boost|p1a: Greninja|atk|1\n|-boost|p1a: Greninja|spa|1\n|-boost|p1a: Greninja|spe|1\n|-activate|p1a: Greninja|ability: Battle Bond\n|-damage|p1a: Greninja|78\/100|[from] item: Life Orb\n|\n|upkeep\n|\n|t:|1701106587\n|switch|p2a: Event Horizon|Hoopa-Unbound|86\/100\n|-damage|p2a: Event Horizon|74\/100|[from] Stealth Rock\n|turn|8\n|\n|t:|1701106624\n|move|p1a: Greninja|Hydro Pump|p2a: Event Horizon|[miss]\n|-miss|p1a: Greninja|p2a: Event Horizon\n|move|p2a: Event Horizon|Gunk Shot|p1a: Greninja|[miss]\n|-miss|p2a: Event Horizon|p1a: Greninja\n|\n|upkeep\n|turn|9\n|\n|t:|1701106629\n|move|p1a: Greninja|Hydro Pump|p2a: Event Horizon\n|-damage|p2a: Event Horizon|30\/100\n|-damage|p1a: Greninja|69\/100|[from] item: Life Orb\n|move|p2a: Event Horizon|Drain Punch|p1a: Greninja\n|-supereffective|p1a: Greninja\n|-damage|p1a: Greninja|0 fnt\n|-heal|p2a: Event Horizon|56\/100|[from] drain|[of] p1a: Greninja\n|faint|p1a: Greninja\n|\n|upkeep\n|\n|t:|1701106636\n|switch|p1a: Iron Valiant|Iron Valiant, shiny|100\/100\n|-damage|p1a: Iron Valiant|94\/100|[from] Stealth Rock\n|-enditem|p1a: Iron Valiant|Booster Energy\n|-activate|p1a: Iron Valiant|ability: Quark Drive|[fromitem]\n|-start|p1a: Iron Valiant|quarkdrivespe\n|turn|10\n|\n|t:|1701106642\n|move|p1a: Iron Valiant|Moonblast|p2a: Event Horizon\n|-supereffective|p2a: Event Horizon\n|-damage|p2a: Event Horizon|8\/100\n|move|p2a: Event Horizon|Psychic|p1a: Iron Valiant\n|-supereffective|p1a: Iron Valiant\n|-damage|p1a: Iron Valiant|0 fnt\n|faint|p1a: Iron Valiant\n|-end|p1a: Iron Valiant|Quark Drive|[silent]\n|\n|upkeep\n|\n|t:|1701106660\n|switch|p1a: Dragonite|Dragonite, F|100\/100\n|-damage|p1a: Dragonite|76\/100|[from] Stealth Rock\n|turn|11\n|\n|t:|1701106664\n|move|p1a: Dragonite|Dragon Dance|p1a: Dragonite\n|-boost|p1a: Dragonite|atk|1\n|-boost|p1a: Dragonite|spe|1\n|move|p2a: Event Horizon|Knock Off|p1a: Dragonite\n|-damage|p1a: Dragonite|10\/100\n|-enditem|p1a: Dragonite|Leftovers|[from] move: Knock Off|[of] p2a: Event Horizon\n|\n|upkeep\n|turn|12\n|\n|t:|1701106673\n|move|p1a: Dragonite|Encore|p2a: Event Horizon\n|-start|p2a: Event Horizon|Encore\n|move|p2a: Event Horizon|Knock Off|p1a: Dragonite\n|-damage|p1a: Dragonite|0 fnt\n|faint|p1a: Dragonite\n|\n|upkeep\n|\n|t:|1701106674\n|switch|p1a: Kingambit|Kingambit, F, shiny|100\/100\n|-damage|p1a: Kingambit|94\/100|[from] Stealth Rock\n|-activate|p1a: Kingambit|ability: Supreme Overlord\n|-start|p1a: Kingambit|fallen5|[silent]\n|turn|13\n|\n|t:|1701106679\n|move|p2a: Event Horizon|Knock Off|p1a: Kingambit\n|-resisted|p1a: Kingambit\n|-damage|p1a: Kingambit|74\/100\n|-enditem|p1a: Kingambit|Leftovers|[from] move: Knock Off|[of] p2a: Event Horizon\n|move|p1a: Kingambit|Swords Dance|p1a: Kingambit\n|-boost|p1a: Kingambit|atk|2\n|\n|upkeep\n|turn|14\n|\n|t:|1701106708\n|move|p2a: Event Horizon|Knock Off|p1a: Kingambit\n|-resisted|p1a: Kingambit\n|-damage|p1a: Kingambit|61\/100\n|move|p1a: Kingambit|Swords Dance|p1a: Kingambit\n|-boost|p1a: Kingambit|atk|2\n|\n|-end|p2a: Event Horizon|Encore\n|upkeep\n|turn|15\n|\n|t:|1701106714\n|move|p1a: Kingambit|Sucker Punch|p2a: Event Horizon\n|-damage|p2a: Event Horizon|0 fnt\n|faint|p2a: Event Horizon\n|\n|upkeep\n|\n|t:|1701106719\n|switch|p2a: Puff|Dragonite, M|100\/100\n|turn|16\n|\n|t:|1701106725\n|-terastallize|p1a: Kingambit|Fighting\n|move|p2a: Puff|Earthquake|p1a: Kingambit\n|-damage|p1a: Kingambit|31\/100\n|move|p1a: Kingambit|Iron Head|p2a: Puff\n|-damage|p2a: Puff|0 fnt\n|faint|p2a: Puff\n|\n|upkeep\n|\n|t:|1701106734\n|switch|p2a: Discount Machamp|Ambipom, M|88\/100\n|-damage|p2a: Discount Machamp|76\/100|[from] Stealth Rock\n|turn|17\n|\n|t:|1701106737\n|move|p2a: Discount Machamp|Fake Out|p1a: Kingambit\n|-damage|p1a: Kingambit|1\/100\n|cant|p1a: Kingambit|flinch\n|\n|upkeep\n|turn|18\n|\n|t:|1701106741\n|switch|p2a: Joy Buzzer|Iron Hands|100\/100\n|-damage|p2a: Joy Buzzer|94\/100|[from] Stealth Rock\n|move|p1a: Kingambit|Iron Head|p2a: Joy Buzzer\n|-resisted|p2a: Joy Buzzer\n|-damage|p2a: Joy Buzzer|31\/100\n|\n|upkeep\n|turn|19\n|c|\u2606ASNUFSANGU|gg\n|\n|t:|1701106748\n|move|p1a: Kingambit|Low Kick|p2a: Joy Buzzer\n|-damage|p2a: Joy Buzzer|0 fnt\n|faint|p2a: Joy Buzzer\n|-end|p2a: Joy Buzzer|Quark Drive|[silent]\n|\n|upkeep\n|\n|t:|1701106750\n|switch|p2a: Discount Machamp|Ambipom, M|76\/100\n|-damage|p2a: Discount Machamp|63\/100|[from] Stealth Rock\n|turn|20\n|\n|t:|1701106766\n|move|p2a: Discount Machamp|Fake Out|p1a: Kingambit\n|-damage|p1a: Kingambit|0 fnt\n|faint|p1a: Kingambit\n|-end|p1a: Kingambit|fallen5|[silent]\n|\n|win|ASNUFSANGU\n|raw|PLLV52 Notes's rating: 1613 &rarr; <strong>1591<\/strong><br \/>(-22 for losing)\n|raw|ASNUFSANGU's rating: 1578 &rarr; <strong>1600<\/strong><br \/>(+22 for winning)\n|l|\u2606PLLV52 Notes\n","uploadtime":1701106774,"views":6,"p1id":"pllv52notes","p2id":"asnufsangu","formatid":"gen9ou","rating":1591,"private":0,"password":""}