{"id":"gen9ou-1993998463","p1":"abraham2","p2":"3st3banfr","format":"[Gen 9] OU","log":"|j|\u2606abraham2\n|j|\u26063st3banfr\n|t:|1700390811\n|gametype|singles\n|player|p1|abraham2|265|1185\n|player|p2|3st3banfr|265|1209\n|teamsize|p1|6\n|teamsize|p2|6\n|gen|9\n|tier|[Gen 9] OU\n|rated|\n|rule|Sleep Clause Mod: Limit one foe put to sleep\n|rule|Species Clause: Limit one of each Pok\u00e9mon\n|rule|OHKO Clause: OHKO moves are banned\n|rule|Evasion Items Clause: Evasion items are banned\n|rule|Evasion Moves Clause: Evasion moves are banned\n|rule|Endless Battle Clause: Forcing endless battles is banned\n|rule|HP Percentage Mod: HP is shown in percentages\n|clearpoke\n|poke|p1|Heatran, F|\n|poke|p1|Landorus-Therian, M|\n|poke|p1|Walking Wake|\n|poke|p1|Slowking-Galar, M|\n|poke|p1|Corviknight, F|\n|poke|p1|Alomomola, M|\n|poke|p2|Manaphy|\n|poke|p2|Gholdengo|\n|poke|p2|Great Tusk|\n|poke|p2|Blissey, F|\n|poke|p2|Dragapult, M|\n|poke|p2|Zapdos|\n|teampreview\n|inactive|Battle timer is ON: inactive players will automatically lose when time's up. (requested by 3st3banfr)\n|c|\u26063st3banfr|hello\n|c|\u26063st3banfr|do you like kittens ?\n|\n|t:|1700390835\n|start\n|switch|p1a: Landorus|Landorus-Therian, M|100\/100\n|switch|p2a: Jean Hughes|Blissey, F|100\/100\n|-ability|p1a: Landorus|Intimidate|boost\n|-unboost|p2a: Jean Hughes|atk|1\n|turn|1\n|\n|t:|1700390852\n|move|p1a: Landorus|Earthquake|p2a: Jean Hughes\n|-crit|p2a: Jean Hughes\n|-damage|p2a: Jean Hughes|8\/100\n|move|p2a: Jean Hughes|Stealth Rock|p1a: Landorus\n|-sidestart|p1: abraham2|move: Stealth Rock\n|\n|upkeep\n|turn|2\n|\n|t:|1700390869\n|switch|p2a: Jean Henry|Zapdos|100\/100\n|move|p1a: Landorus|Earthquake|p2a: Jean Henry\n|-immune|p2a: Jean Henry\n|\n|upkeep\n|turn|3\n|\n|t:|1700390881\n|switch|p1a: Slowking|Slowking-Galar, M, shiny|100\/100\n|-damage|p1a: Slowking|88\/100|[from] Stealth Rock\n|move|p2a: Jean Henry|Hurricane|p1a: Slowking\n|-damage|p1a: Slowking|61\/100\n|\n|-heal|p1a: Slowking|67\/100|[from] item: Black Sludge\n|upkeep\n|turn|4\n|\n|t:|1700390889\n|move|p2a: Jean Henry|Volt Switch|p1a: Slowking\n|-damage|p1a: Slowking|50\/100\n|\n|t:|1700390895\n|switch|p2a: Jean Alphonse|Manaphy|100\/100|[from] Volt Switch\n|move|p1a: Slowking|Calm Mind|p1a: Slowking\n|-boost|p1a: Slowking|spa|1\n|-boost|p1a: Slowking|spd|1\n|\n|-heal|p1a: Slowking|56\/100|[from] item: Black Sludge\n|upkeep\n|turn|5\n|\n|t:|1700390912\n|move|p2a: Jean Alphonse|Take Heart|p2a: Jean Alphonse\n|-boost|p2a: Jean Alphonse|spa|1\n|-boost|p2a: Jean Alphonse|spd|1\n|move|p1a: Slowking|Eerie Spell|p2a: Jean Alphonse\n|-damage|p2a: Jean Alphonse|74\/100\n|-activate|p2a: Jean Alphonse|move: Eerie Spell|Take Heart|3\n|\n|-heal|p2a: Jean Alphonse|80\/100|[from] item: Leftovers\n|-heal|p1a: Slowking|62\/100|[from] item: Black Sludge\n|upkeep\n|turn|6\n|\n|t:|1700390923\n|move|p2a: Jean Alphonse|Take Heart|p2a: Jean Alphonse\n|-boost|p2a: Jean Alphonse|spa|1\n|-boost|p2a: Jean Alphonse|spd|1\n|move|p1a: Slowking|Calm Mind|p1a: Slowking\n|-boost|p1a: Slowking|spa|1\n|-boost|p1a: Slowking|spd|1\n|\n|-heal|p2a: Jean Alphonse|86\/100|[from] item: Leftovers\n|-heal|p1a: Slowking|68\/100|[from] item: Black Sludge\n|upkeep\n|turn|7\n|\n|t:|1700390931\n|move|p2a: Jean Alphonse|Take Heart|p2a: Jean Alphonse\n|-boost|p2a: Jean Alphonse|spa|1\n|-boost|p2a: Jean Alphonse|spd|1\n|move|p1a: Slowking|Eerie Spell|p2a: Jean Alphonse\n|-damage|p2a: Jean Alphonse|65\/100\n|-activate|p2a: Jean Alphonse|move: Eerie Spell|Take Heart|3\n|\n|-heal|p2a: Jean Alphonse|71\/100|[from] item: Leftovers\n|-heal|p1a: Slowking|74\/100|[from] item: Black Sludge\n|upkeep\n|turn|8\n|\n|t:|1700390938\n|switch|p1a: Landorus|Landorus-Therian, M|100\/100\n|-damage|p1a: Landorus|88\/100|[from] Stealth Rock\n|-ability|p1a: Landorus|Intimidate|boost\n|-unboost|p2a: Jean Alphonse|atk|1\n|move|p2a: Jean Alphonse|Stored Power|p1a: Landorus\n|-damage|p1a: Landorus|0 fnt\n|faint|p1a: Landorus\n|\n|-heal|p2a: Jean Alphonse|77\/100|[from] item: Leftovers\n|upkeep\n|c|\u26063st3banfr|OOF\n|-message|abraham2 forfeited.\n|\n|win|3st3banfr\n|raw|abraham2's rating: 1185 &rarr; <strong>1162<\/strong><br \/>(-23 for losing)\n|raw|3st3banfr's rating: 1209 &rarr; <strong>1232<\/strong><br \/>(+23 for winning)\n|l|\u2606abraham2\n","uploadtime":1700390985,"views":9,"p1id":"abraham2","p2id":"3st3banfr","formatid":"gen9ou","rating":1162,"private":0,"password":""}