{"id":"gen9ou-1993503937","p1":"lesangdelaveine","p2":"juloan","format":"[Gen 9] OU","log":"|j|\u2606lesangdelaveine\n|j|\u2606juloan\n|t:|1700325654\n|gametype|singles\n|player|p1|lesangdelaveine|169|1407\n|player|p2|juloan|1|1481\n|teamsize|p1|6\n|teamsize|p2|6\n|gen|9\n|tier|[Gen 9] OU\n|rated|\n|rule|Sleep Clause Mod: Limit one foe put to sleep\n|rule|Species Clause: Limit one of each Pok\u00e9mon\n|rule|OHKO Clause: OHKO moves are banned\n|rule|Evasion Items Clause: Evasion items are banned\n|rule|Evasion Moves Clause: Evasion moves are banned\n|rule|Endless Battle Clause: Forcing endless battles is banned\n|rule|HP Percentage Mod: HP is shown in percentages\n|clearpoke\n|poke|p1|Glimmora, F|\n|poke|p1|Gholdengo|\n|poke|p1|Ogerpon-Wellspring, F|\n|poke|p1|Kingambit, F|\n|poke|p1|Iron Moth|\n|poke|p1|Enamorus, F|\n|poke|p2|Zapdos|\n|poke|p2|Polteageist|\n|poke|p2|Slowking-Galar, M|\n|poke|p2|Great Tusk|\n|poke|p2|Ninetales-Alola, F|\n|poke|p2|Walking Wake|\n|teampreview\n|inactive|Battle timer is ON: inactive players will automatically lose when time's up. (requested by juloan)\n|\n|t:|1700325663\n|start\n|switch|p1a: Glimmora|Glimmora, F|100\/100\n|switch|p2a: Slowking|Slowking-Galar, M|100\/100\n|turn|1\n|\n|t:|1700325670\n|move|p1a: Glimmora|Stealth Rock|p2a: Slowking\n|-sidestart|p2: juloan|move: Stealth Rock\n|move|p2a: Slowking|Future Sight|p1a: Glimmora\n|-start|p2a: Slowking|move: Future Sight\n|\n|upkeep\n|turn|2\n|\n|t:|1700325675\n|move|p1a: Glimmora|Earth Power|p2a: Slowking\n|-supereffective|p2a: Slowking\n|-damage|p2a: Slowking|51\/100\n|move|p2a: Slowking|Psyshock|p1a: Glimmora\n|-supereffective|p1a: Glimmora\n|-damage|p1a: Glimmora|33\/100\n|\n|-heal|p2a: Slowking|57\/100|[from] item: Leftovers\n|upkeep\n|turn|3\n|\n|t:|1700325685\n|switch|p2a: Zapdos|Zapdos|100\/100\n|-damage|p2a: Zapdos|76\/100|[from] Stealth Rock\n|move|p1a: Glimmora|Earth Power|p2a: Zapdos\n|-immune|p2a: Zapdos\n|\n|-end|p1a: Glimmora|move: Future Sight\n|-supereffective|p1a: Glimmora\n|-crit|p1a: Glimmora\n|-damage|p1a: Glimmora|0 fnt\n|faint|p1a: Glimmora\n|upkeep\n|\n|t:|1700325697\n|switch|p1a: Iron Moth|Iron Moth|100\/100\n|-enditem|p1a: Iron Moth|Booster Energy\n|-activate|p1a: Iron Moth|ability: Quark Drive|[fromitem]\n|-start|p1a: Iron Moth|quarkdrivespe\n|turn|4\n|\n|t:|1700325706\n|move|p1a: Iron Moth|Fiery Dance|p2a: Zapdos\n|-damage|p2a: Zapdos|39\/100\n|-boost|p1a: Iron Moth|spa|1\n|move|p2a: Zapdos|Tailwind|p2a: Zapdos\n|-sidestart|p2: juloan|move: Tailwind\n|\n|upkeep\n|turn|5\n|inactive|lesangdelaveine has 120 seconds left.\n|inactive|juloan has 120 seconds left.\n|\n|t:|1700325753\n|move|p1a: Iron Moth|Fiery Dance|p2a: Zapdos\n|-damage|p2a: Zapdos|0 fnt\n|faint|p2a: Zapdos\n|\n|upkeep\n|inactive|juloan has 120 seconds left.\n|\n|t:|1700325758\n|switch|p2a: Walking Wake|Walking Wake|100\/100\n|-damage|p2a: Walking Wake|88\/100|[from] Stealth Rock\n|turn|6\n|\n|t:|1700325764\n|move|p2a: Walking Wake|Surf|p1a: Iron Moth\n|-supereffective|p1a: Iron Moth\n|-damage|p1a: Iron Moth|0 fnt\n|faint|p1a: Iron Moth\n|-end|p1a: Iron Moth|Quark Drive|[silent]\n|\n|upkeep\n|\n|t:|1700325768\n|switch|p1a: Ogerpon|Ogerpon-Wellspring, F|100\/100\n|turn|7\n|\n|t:|1700325772\n|-end|p2a: Walking Wake|Protosynthesis|[silent]\n|switch|p2a: Slowking|Slowking-Galar, M|90\/100\n|-damage|p2a: Slowking|78\/100|[from] Stealth Rock\n|move|p1a: Ogerpon|Swords Dance|p1a: Ogerpon\n|-boost|p1a: Ogerpon|atk|2\n|\n|-heal|p2a: Slowking|84\/100|[from] item: Leftovers\n|-sideend|p2: juloan|move: Tailwind\n|upkeep\n|turn|8\n|\n|t:|1700325795\n|move|p1a: Ogerpon|Ivy Cudgel|p2a: Slowking|[anim] Ivy Cudgel Water\n|-damage|p2a: Slowking|0 fnt\n|faint|p2a: Slowking\n|\n|upkeep\n|\n|t:|1700325803\n|switch|p2a: Ninetales|Ninetales-Alola, F|100\/100\n|-damage|p2a: Ninetales|75\/100|[from] Stealth Rock\n|-weather|Snow|[from] ability: Snow Warning|[of] p2a: Ninetales\n|turn|9\n|\n|t:|1700325809\n|move|p1a: Ogerpon|Ivy Cudgel|p2a: Ninetales|[anim] Ivy Cudgel Water\n|-damage|p2a: Ninetales|0 fnt\n|faint|p2a: Ninetales\n|\n|-weather|Snow|[upkeep]\n|upkeep\n|\n|t:|1700325816\n|switch|p2a: Walking Wake|Walking Wake|88\/100\n|-damage|p2a: Walking Wake|76\/100|[from] Stealth Rock\n|turn|10\n|\n|t:|1700325829\n|move|p1a: Ogerpon|Power Whip|p2a: Walking Wake\n|-damage|p2a: Walking Wake|0 fnt\n|faint|p2a: Walking Wake\n|-end|p2a: Walking Wake|Protosynthesis|[silent]\n|\n|-weather|Snow|[upkeep]\n|upkeep\n|-message|juloan forfeited.\n|\n|win|lesangdelaveine\n|raw|lesangdelaveine's rating: 1407 &rarr; <strong>1431<\/strong><br \/>(+24 for winning)\n|raw|juloan's rating: 1481 &rarr; <strong>1457<\/strong><br \/>(-24 for losing)\n|l|\u2606juloan\n","uploadtime":1700325840,"views":8,"p1id":"lesangdelaveine","p2id":"juloan","formatid":"gen9ou","rating":1431,"private":0,"password":""}