{"id":"gen9ou-1988585403","p1":"punkmag","p2":"TallGuyInATophat","format":"[Gen 9] OU","log":"|j|\u2606punkmag\n|j|\u2606TallGuyInATophat\n|t:|1699738914\n|gametype|singles\n|player|p1|punkmag|waitress-gen4|1162\n|player|p2|TallGuyInATophat|gentleman-gen4|1070\n|teamsize|p1|6\n|teamsize|p2|6\n|gen|9\n|tier|[Gen 9] OU\n|rated|\n|rule|Sleep Clause Mod: Limit one foe put to sleep\n|rule|Species Clause: Limit one of each Pok\u00e9mon\n|rule|OHKO Clause: OHKO moves are banned\n|rule|Evasion Items Clause: Evasion items are banned\n|rule|Evasion Moves Clause: Evasion moves are banned\n|rule|Endless Battle Clause: Forcing endless battles is banned\n|rule|HP Percentage Mod: HP is shown in percentages\n|clearpoke\n|poke|p1|Hoopa-Unbound|\n|poke|p1|Dragapult, F|\n|poke|p1|Maushold|\n|poke|p1|Gliscor, F|\n|poke|p1|Clefable, F|\n|poke|p1|Grafaiai, F|\n|poke|p2|Kleavor, M|\n|poke|p2|Ninetales-Alola, F|\n|poke|p2|Arcanine-Hisui, M|\n|poke|p2|Shiftry, M|\n|poke|p2|Eelektross, M|\n|poke|p2|Raichu-Alola, M|\n|teampreview\n|inactive|Battle timer is ON: inactive players will automatically lose when time's up. (requested by punkmag)\n|\n|t:|1699738935\n|start\n|switch|p1a: Grafaiai|Grafaiai, F|100\/100\n|switch|p2a: Bugsecutioner|Kleavor, M|100\/100\n|turn|1\n|\n|t:|1699738941\n|move|p1a: Grafaiai|Knock Off|p2a: Bugsecutioner\n|-crit|p2a: Bugsecutioner\n|-damage|p2a: Bugsecutioner|58\/100\n|-enditem|p2a: Bugsecutioner|Focus Sash|[from] move: Knock Off|[of] p1a: Grafaiai\n|move|p2a: Bugsecutioner|Stone Axe|p1a: Grafaiai\n|-damage|p1a: Grafaiai|19\/100\n|-sidestart|p1: punkmag|move: Stealth Rock\n|\n|-heal|p1a: Grafaiai|25\/100|[from] item: Leftovers\n|upkeep\n|turn|2\n|\n|t:|1699738954\n|move|p1a: Grafaiai|Parting Shot|p2a: Bugsecutioner\n|-unboost|p2a: Bugsecutioner|atk|1\n|-unboost|p2a: Bugsecutioner|spa|1\n|\n|t:|1699738958\n|switch|p1a: Gliscor|Gliscor, F|100\/100|[from] Parting Shot\n|-damage|p1a: Gliscor|88\/100|[from] Stealth Rock\n|move|p2a: Bugsecutioner|Tailwind|p2a: Bugsecutioner\n|-sidestart|p2: TallGuyInATophat|move: Tailwind\n|\n|-status|p1a: Gliscor|tox|[from] item: Toxic Orb\n|upkeep\n|turn|3\n|\n|t:|1699738971\n|move|p2a: Bugsecutioner|X-Scissor|p1a: Gliscor\n|-resisted|p1a: Gliscor\n|-damage|p1a: Gliscor|72\/100 tox\n|move|p1a: Gliscor|Toxic|p2a: Bugsecutioner\n|-status|p2a: Bugsecutioner|tox\n|\n|-damage|p2a: Bugsecutioner|52\/100 tox|[from] psn\n|-heal|p1a: Gliscor|84\/100 tox|[from] ability: Poison Heal\n|upkeep\n|turn|4\n|\n|t:|1699738984\n|move|p2a: Bugsecutioner|Close Combat|p1a: Gliscor\n|-resisted|p1a: Gliscor\n|-damage|p1a: Gliscor|73\/100 tox\n|-unboost|p2a: Bugsecutioner|def|1\n|-unboost|p2a: Bugsecutioner|spd|1\n|move|p1a: Gliscor|Facade|p2a: Bugsecutioner\n|-resisted|p2a: Bugsecutioner\n|-damage|p2a: Bugsecutioner|21\/100 tox\n|\n|-damage|p2a: Bugsecutioner|9\/100 tox|[from] psn\n|-heal|p1a: Gliscor|85\/100 tox|[from] ability: Poison Heal\n|upkeep\n|turn|5\n|\n|t:|1699738996\n|move|p2a: Bugsecutioner|Tailwind||[still]\n|-fail|p2a: Bugsecutioner\n|move|p1a: Gliscor|Stealth Rock|p2a: Bugsecutioner\n|-sidestart|p2: TallGuyInATophat|move: Stealth Rock\n|\n|-damage|p2a: Bugsecutioner|0 fnt|[from] psn\n|faint|p2a: Bugsecutioner\n|-heal|p1a: Gliscor|98\/100 tox|[from] ability: Poison Heal\n|-sideend|p2: TallGuyInATophat|move: Tailwind\n|upkeep\n|\n|t:|1699739005\n|switch|p2a: Pupperoni|Arcanine-Hisui, M|100\/100\n|-damage|p2a: Pupperoni|76\/100|[from] Stealth Rock\n|turn|6\n|c|\u2606TallGuyInATophat|I misclicked T-T\n|\n|t:|1699739019\n|move|p2a: Pupperoni|Extreme Speed|p1a: Gliscor\n|-damage|p1a: Gliscor|76\/100 tox\n|move|p1a: Gliscor|Earthquake|p2a: Pupperoni\n|-supereffective|p2a: Pupperoni\n|-crit|p2a: Pupperoni\n|-damage|p2a: Pupperoni|0 fnt\n|faint|p2a: Pupperoni\n|\n|-heal|p1a: Gliscor|88\/100 tox|[from] ability: Poison Heal\n|upkeep\n|\n|t:|1699739028\n|switch|p2a: Borealis|Ninetales-Alola, F, shiny|100\/100\n|-damage|p2a: Borealis|76\/100|[from] Stealth Rock\n|-weather|Snow|[from] ability: Snow Warning|[of] p2a: Borealis\n|turn|7\n|\n|t:|1699739041\n|switch|p1a: Grafaiai|Grafaiai, F|25\/100\n|-damage|p1a: Grafaiai|13\/100|[from] Stealth Rock\n|move|p2a: Borealis|Blizzard|p1a: Grafaiai\n|-damage|p1a: Grafaiai|0 fnt\n|faint|p1a: Grafaiai\n|\n|-weather|Snow|[upkeep]\n|upkeep\n|\n|t:|1699739053\n|switch|p1a: Clefable|Clefable, F|100\/100\n|-damage|p1a: Clefable|88\/100|[from] Stealth Rock\n|turn|8\n|\n|t:|1699739066\n|move|p2a: Borealis|Blizzard|p1a: Clefable\n|-damage|p1a: Clefable|51\/100\n|move|p1a: Clefable|Knock Off|p2a: Borealis\n|-resisted|p2a: Borealis\n|-damage|p2a: Borealis|70\/100\n|\n|-weather|Snow|[upkeep]\n|-heal|p1a: Clefable|57\/100|[from] item: Leftovers\n|upkeep\n|turn|9\n|\n|t:|1699739077\n|move|p1a: Clefable|Protect|p1a: Clefable\n|-singleturn|p1a: Clefable|Protect\n|move|p2a: Borealis|Blizzard|p1a: Clefable\n|-activate|p1a: Clefable|move: Protect\n|\n|-weather|Snow|[upkeep]\n|-heal|p1a: Clefable|63\/100|[from] item: Leftovers\n|upkeep\n|turn|10\n|\n|t:|1699739084\n|move|p2a: Borealis|Blizzard|p1a: Clefable\n|-damage|p1a: Clefable|22\/100\n|move|p1a: Clefable|Wish|p1a: Clefable\n|\n|-weather|Snow|[upkeep]\n|-heal|p1a: Clefable|28\/100|[from] item: Leftovers\n|upkeep\n|turn|11\n|\n|t:|1699739101\n|-terastallize|p2a: Borealis|Ice\n|move|p1a: Clefable|Protect|p1a: Clefable\n|-singleturn|p1a: Clefable|Protect\n|move|p2a: Borealis|Freeze-Dry|p1a: Clefable\n|-activate|p1a: Clefable|move: Protect\n|\n|-weather|none\n|-heal|p1a: Clefable|78\/100|[from] move: Wish|[wisher] Clefable\n|-heal|p1a: Clefable|84\/100|[from] item: Leftovers\n|upkeep\n|turn|12\n|\n|t:|1699739112\n|move|p2a: Borealis|Blizzard|p1a: Clefable\n|-damage|p1a: Clefable|34\/100\n|move|p1a: Clefable|Moonblast|p2a: Borealis\n|-damage|p2a: Borealis|32\/100\n|-unboost|p2a: Borealis|spa|1\n|\n|-heal|p1a: Clefable|40\/100|[from] item: Leftovers\n|upkeep\n|turn|13\n|\n|t:|1699739126\n|switch|p2a: Eelektross|Eelektross, M|100\/100\n|-damage|p2a: Eelektross|88\/100|[from] Stealth Rock\n|move|p1a: Clefable|Wish|p1a: Clefable\n|\n|-heal|p1a: Clefable|46\/100|[from] item: Leftovers\n|upkeep\n|turn|14\n|\n|t:|1699739136\n|move|p1a: Clefable|Moonblast|p2a: Eelektross\n|-damage|p2a: Eelektross|49\/100\n|move|p2a: Eelektross|Super Fang|p1a: Clefable\n|-damage|p1a: Clefable|23\/100\n|-damage|p2a: Eelektross|39\/100|[from] item: Life Orb\n|\n|-heal|p1a: Clefable|73\/100|[from] move: Wish|[wisher] Clefable\n|-heal|p1a: Clefable|79\/100|[from] item: Leftovers\n|upkeep\n|turn|15\n|\n|t:|1699739147\n|move|p1a: Clefable|Moonblast|p2a: Eelektross\n|-damage|p2a: Eelektross|0 fnt\n|faint|p2a: Eelektross\n|\n|-heal|p1a: Clefable|86\/100|[from] item: Leftovers\n|upkeep\n|\n|t:|1699739157\n|switch|p2a: Borealis|Ninetales-Alola, F, shiny, tera:Ice|32\/100\n|-damage|p2a: Borealis|7\/100|[from] Stealth Rock\n|-weather|Snow|[from] ability: Snow Warning|[of] p2a: Borealis\n|turn|16\n|\n|t:|1699739180\n|switch|p1a: Hoopa|Hoopa-Unbound|100\/100\n|-damage|p1a: Hoopa|88\/100|[from] Stealth Rock\n|move|p2a: Borealis|Blizzard|p1a: Hoopa\n|-damage|p1a: Hoopa|34\/100\n|\n|-weather|Snow|[upkeep]\n|upkeep\n|turn|17\n|\n|t:|1699739199\n|move|p1a: Hoopa|Thunderbolt|p2a: Borealis\n|-damage|p2a: Borealis|0 fnt\n|faint|p2a: Borealis\n|\n|-weather|Snow|[upkeep]\n|upkeep\n|\n|t:|1699739206\n|switch|p2a: Shiftry|Shiftry, M|100\/100\n|-damage|p2a: Shiftry|88\/100|[from] Stealth Rock\n|turn|18\n|\n|t:|1699739217\n|switch|p1a: Gliscor|Gliscor, F|88\/100 tox\n|-damage|p1a: Gliscor|76\/100 tox|[from] Stealth Rock\n|move|p2a: Shiftry|Tailwind|p2a: Shiftry\n|-sidestart|p2: TallGuyInATophat|move: Tailwind\n|\n|-weather|Snow|[upkeep]\n|-heal|p1a: Gliscor|88\/100 tox|[from] ability: Poison Heal\n|upkeep\n|turn|19\n|\n|t:|1699739239\n|move|p2a: Shiftry|Leaf Blade|p1a: Gliscor\n|-damage|p1a: Gliscor|53\/100 tox\n|move|p1a: Gliscor|Toxic|p2a: Shiftry\n|-status|p2a: Shiftry|tox\n|\n|-weather|Snow|[upkeep]\n|-damage|p2a: Shiftry|82\/100 tox|[from] psn\n|-heal|p1a: Gliscor|65\/100 tox|[from] ability: Poison Heal\n|upkeep\n|turn|20\n|\n|t:|1699739250\n|switch|p1a: Hoopa|Hoopa-Unbound|34\/100\n|-damage|p1a: Hoopa|22\/100|[from] Stealth Rock\n|move|p2a: Shiftry|Leaf Blade|p1a: Hoopa\n|-damage|p1a: Hoopa|0 fnt\n|faint|p1a: Hoopa\n|\n|-weather|none\n|-damage|p2a: Shiftry|69\/100 tox|[from] psn\n|upkeep\n|\n|t:|1699739261\n|switch|p1a: Clefable|Clefable, F|86\/100\n|-damage|p1a: Clefable|73\/100|[from] Stealth Rock\n|turn|21\n|\n|t:|1699739267\n|move|p2a: Shiftry|Leaf Blade|p1a: Clefable\n|-damage|p1a: Clefable|40\/100\n|move|p1a: Clefable|Moonblast|p2a: Shiftry\n|-supereffective|p2a: Shiftry\n|-crit|p2a: Shiftry\n|-damage|p2a: Shiftry|0 fnt\n|faint|p2a: Shiftry\n|\n|-heal|p1a: Clefable|46\/100|[from] item: Leftovers\n|-sideend|p2: TallGuyInATophat|move: Tailwind\n|upkeep\n|\n|t:|1699739276\n|switch|p2a: Raichu|Raichu-Alola, M|100\/100\n|-damage|p2a: Raichu|88\/100|[from] Stealth Rock\n|turn|22\n|\n|t:|1699739287\n|move|p2a: Raichu|Electro Ball|p1a: Clefable\n|-damage|p1a: Clefable|16\/100\n|move|p1a: Clefable|Knock Off|p2a: Raichu\n|-supereffective|p2a: Raichu\n|-damage|p2a: Raichu|9\/100\n|-enditem|p2a: Raichu|Blunder Policy|[from] move: Knock Off|[of] p1a: Clefable\n|\n|-heal|p1a: Clefable|22\/100|[from] item: Leftovers\n|upkeep\n|turn|23\n|\n|t:|1699739296\n|move|p2a: Raichu|Electro Ball|p1a: Clefable\n|-damage|p1a: Clefable|0 fnt\n|faint|p1a: Clefable\n|\n|upkeep\n|\n|t:|1699739301\n|switch|p1a: Maushold|Maushold|100\/100\n|-damage|p1a: Maushold|88\/100|[from] Stealth Rock\n|turn|24\n|\n|t:|1699739309\n|move|p1a: Maushold|Bite|p2a: Raichu\n|-supereffective|p2a: Raichu\n|-damage|p2a: Raichu|0 fnt\n|faint|p2a: Raichu\n|\n|win|punkmag\n|raw|punkmag's rating: 1162 &rarr; <strong>1181<\/strong><br \/>(+19 for winning)\n|raw|TallGuyInATophat's rating: 1070 &rarr; <strong>1055<\/strong><br \/>(-15 for losing)\n|c|\u2606TallGuyInATophat|gg\n","uploadtime":1699739317,"views":10,"p1id":"punkmag","p2id":"tallguyinatophat","formatid":"gen9ou","rating":1055,"private":0,"password":""}