{"id":"gen9ou-1991607404","p1":"alt no. 597","p2":"LaBaleada","format":"[Gen 9] OU","log":"|j|\u2606alt no. 597\n|j|\u2606LaBaleada\n|t:|1700093602\n|gametype|singles\n|player|p1|alt no. 597|acetrainersnowf|1723\n|player|p2|LaBaleada|#wcop2023latinamerica|1716\n|teamsize|p1|6\n|teamsize|p2|6\n|gen|9\n|tier|[Gen 9] OU\n|rated|\n|rule|Sleep Clause Mod: Limit one foe put to sleep\n|rule|Species Clause: Limit one of each Pok\u00e9mon\n|rule|OHKO Clause: OHKO moves are banned\n|rule|Evasion Items Clause: Evasion items are banned\n|rule|Evasion Moves Clause: Evasion moves are banned\n|rule|Endless Battle Clause: Forcing endless battles is banned\n|rule|HP Percentage Mod: HP is shown in percentages\n|clearpoke\n|poke|p1|Clefable, F|\n|poke|p1|Rillaboom, M|\n|poke|p1|Heatran, M|\n|poke|p1|Great Tusk|\n|poke|p1|Dragapult, F|\n|poke|p1|Zapdos|\n|poke|p2|Tinkaton, F|\n|poke|p2|Rillaboom, F|\n|poke|p2|Heatran, F|\n|poke|p2|Sneasler, M|\n|poke|p2|Ogerpon, F|\n|poke|p2|Mandibuzz, F|\n|teampreview\n|inactive|Battle timer is ON: inactive players will automatically lose when time's up. (requested by LaBaleada)\n|\n|t:|1700093625\n|start\n|switch|p1a: Zapdos|Zapdos|100\/100\n|switch|p2a: Heatran|Heatran, F|100\/100\n|turn|1\n|\n|t:|1700093631\n|move|p1a: Zapdos|Volt Switch|p2a: Heatran\n|-damage|p2a: Heatran|82\/100\n|\n|t:|1700093636\n|switch|p1a: Dragapult|Dragapult, F|100\/100|[from] Volt Switch\n|move|p2a: Heatran|Stealth Rock|p1a: Dragapult\n|-sidestart|p1: alt no. 597|move: Stealth Rock\n|\n|-heal|p2a: Heatran|88\/100|[from] item: Leftovers\n|upkeep\n|turn|2\n|inactive|LaBaleada has 120 seconds left.\n|inactive|LaBaleada has 90 seconds left.\n|\n|t:|1700093700\n|move|p1a: Dragapult|Shadow Ball|p2a: Heatran\n|-damage|p2a: Heatran|53\/100\n|-unboost|p2a: Heatran|spd|1\n|move|p2a: Heatran|Magma Storm|p1a: Dragapult\n|-resisted|p1a: Dragapult\n|-damage|p1a: Dragapult|72\/100\n|-activate|p1a: Dragapult|move: Magma Storm|[of] p2a: Heatran\n|\n|-heal|p2a: Heatran|60\/100|[from] item: Leftovers\n|-damage|p1a: Dragapult|60\/100|[from] move: Magma Storm|[partiallytrapped]\n|upkeep\n|turn|3\n|\n|t:|1700093704\n|switch|p2a: Mandibuzz|Mandibuzz, F|100\/100\n|move|p1a: Dragapult|Shadow Ball|p2a: Mandibuzz\n|-resisted|p2a: Mandibuzz\n|-damage|p2a: Mandibuzz|84\/100\n|-unboost|p2a: Mandibuzz|spd|1\n|\n|-end|p1a: Dragapult|Magma Storm|[partiallytrapped]|[silent]\n|upkeep\n|turn|4\n|\n|t:|1700093722\n|switch|p1a: Heatran|Heatran, M|100\/100\n|-damage|p1a: Heatran|88\/100|[from] Stealth Rock\n|move|p2a: Mandibuzz|U-turn|p1a: Heatran\n|-resisted|p1a: Heatran\n|-damage|p1a: Heatran|86\/100\n|\n|t:|1700093728\n|switch|p2a: Sneasler|Sneasler, M|100\/100|[from] U-turn\n|\n|-heal|p1a: Heatran|92\/100|[from] item: Leftovers\n|upkeep\n|turn|5\n|\n|t:|1700093739\n|switch|p1a: Great Tusk|Great Tusk|100\/100\n|-damage|p1a: Great Tusk|98\/100|[from] Stealth Rock\n|-enditem|p1a: Great Tusk|Booster Energy\n|-activate|p1a: Great Tusk|ability: Protosynthesis|[fromitem]\n|-start|p1a: Great Tusk|protosynthesisatk\n|move|p2a: Sneasler|Swords Dance|p2a: Sneasler\n|-boost|p2a: Sneasler|atk|2\n|\n|upkeep\n|turn|6\n|\n|t:|1700093747\n|switch|p2a: Rillaboom|Rillaboom, F|100\/100\n|-fieldstart|move: Grassy Terrain|[from] ability: Grassy Surge|[of] p2a: Rillaboom\n|move|p1a: Great Tusk|Rapid Spin|p2a: Rillaboom\n|-damage|p2a: Rillaboom|78\/100\n|-boost|p1a: Great Tusk|spe|1\n|-sideend|p1: alt no. 597|Stealth Rock|[from] move: Rapid Spin|[of] p1a: Great Tusk\n|\n|-heal|p1a: Great Tusk|100\/100|[from] Grassy Terrain\n|-heal|p2a: Rillaboom|84\/100|[from] Grassy Terrain\n|upkeep\n|turn|7\n|\n|t:|1700093765\n|-end|p1a: Great Tusk|Protosynthesis|[silent]\n|switch|p1a: Zapdos|Zapdos|100\/100\n|move|p2a: Rillaboom|U-turn|p1a: Zapdos\n|-resisted|p1a: Zapdos\n|-damage|p1a: Zapdos|84\/100\n|\n|t:|1700093770\n|switch|p2a: Heatran|Heatran, F|60\/100|[from] U-turn\n|\n|-heal|p2a: Heatran|66\/100|[from] Grassy Terrain\n|-heal|p2a: Heatran|72\/100|[from] item: Leftovers\n|upkeep\n|turn|8\n|\n|t:|1700093774\n|move|p1a: Zapdos|Volt Switch|p2a: Heatran\n|-damage|p2a: Heatran|53\/100\n|\n|t:|1700093776\n|switch|p1a: Heatran|Heatran, M|92\/100|[from] Volt Switch\n|move|p2a: Heatran|Magma Storm|p1a: Heatran\n|-start|p1a: Heatran|ability: Flash Fire\n|\n|-heal|p1a: Heatran|98\/100|[from] Grassy Terrain\n|-heal|p2a: Heatran|59\/100|[from] Grassy Terrain\n|-heal|p2a: Heatran|66\/100|[from] item: Leftovers\n|-heal|p1a: Heatran|100\/100|[from] item: Leftovers\n|upkeep\n|turn|9\n|\n|t:|1700093779\n|move|p2a: Heatran|Earth Power|p1a: Heatran\n|-supereffective|p1a: Heatran\n|-damage|p1a: Heatran|29\/100\n|move|p1a: Heatran|Earth Power|p2a: Heatran\n|-supereffective|p2a: Heatran\n|-damage|p2a: Heatran|0 fnt\n|faint|p2a: Heatran\n|\n|-heal|p1a: Heatran|35\/100|[from] Grassy Terrain\n|-heal|p1a: Heatran|41\/100|[from] item: Leftovers\n|upkeep\n|\n|t:|1700093786\n|switch|p2a: Sneasler|Sneasler, M|100\/100\n|-enditem|p2a: Sneasler|Grassy Seed\n|-boost|p2a: Sneasler|def|1|[from] item: Grassy Seed\n|turn|10\n|\n|t:|1700093796\n|-terastallize|p2a: Sneasler|Flying\n|move|p2a: Sneasler|Swords Dance|p2a: Sneasler\n|-boost|p2a: Sneasler|atk|2\n|move|p1a: Heatran|Magma Storm|p2a: Sneasler|[miss]\n|-miss|p1a: Heatran|p2a: Sneasler\n|\n|-heal|p1a: Heatran|48\/100|[from] Grassy Terrain\n|-heal|p1a: Heatran|54\/100|[from] item: Leftovers\n|-fieldend|move: Grassy Terrain\n|upkeep\n|turn|11\n|\n|t:|1700093803\n|move|p2a: Sneasler|Close Combat|p1a: Heatran\n|-supereffective|p1a: Heatran\n|-damage|p1a: Heatran|0 fnt\n|-unboost|p2a: Sneasler|def|1\n|-unboost|p2a: Sneasler|spd|1\n|faint|p1a: Heatran\n|\n|upkeep\n|inactive|alt no. 597 has 120 seconds left.\n|\n|t:|1700093842\n|switch|p1a: Zapdos|Zapdos|84\/100\n|turn|12\n|inactive|alt no. 597 has 120 seconds left.\n|\n|t:|1700093852\n|switch|p1a: Clefable|Clefable, F|100\/100\n|move|p2a: Sneasler|Gunk Shot|p1a: Clefable\n|-supereffective|p1a: Clefable\n|-damage|p1a: Clefable|0 fnt\n|faint|p1a: Clefable\n|\n|upkeep\n|inactive|alt no. 597 has 120 seconds left.\n|\n|t:|1700093866\n|switch|p1a: Zapdos|Zapdos|84\/100\n|turn|13\n|inactive|alt no. 597 has 120 seconds left.\n|\n|t:|1700093885\n|move|p2a: Sneasler|Close Combat|p1a: Zapdos\n|-resisted|p1a: Zapdos\n|-damage|p1a: Zapdos|29\/100\n|-unboost|p2a: Sneasler|def|1\n|-unboost|p2a: Sneasler|spd|1\n|move|p1a: Zapdos|Volt Switch|p2a: Sneasler\n|-supereffective|p2a: Sneasler\n|-damage|p2a: Sneasler|0 fnt\n|faint|p2a: Sneasler\n|inactive|alt no. 597 has 120 seconds left.\n|\n|t:|1700093904\n|switch|p1a: Dragapult|Dragapult, F|60\/100|[from] Volt Switch\n|\n|upkeep\n|inactive|LaBaleada has 120 seconds left.\n|j| hitman9191\n|\n|t:|1700093955\n|switch|p2a: Mandibuzz|Mandibuzz, F|84\/100\n|turn|14\n|\n|t:|1700093959\n|move|p1a: Dragapult|U-turn|p2a: Mandibuzz\n|-damage|p2a: Mandibuzz|71\/100\n|\n|t:|1700093962\n|switch|p1a: Great Tusk|Great Tusk|100\/100|[from] U-turn\n|move|p2a: Mandibuzz|U-turn|p1a: Great Tusk\n|-resisted|p1a: Great Tusk\n|-damage|p1a: Great Tusk|97\/100\n|j| Zamorak Godsword\n|inactive|LaBaleada has 90 seconds left.\n|\n|t:|1700094021\n|switch|p2a: Rillaboom|Rillaboom, F|84\/100|[from] U-turn\n|-fieldstart|move: Grassy Terrain|[from] ability: Grassy Surge|[of] p2a: Rillaboom\n|\n|-heal|p1a: Great Tusk|100\/100|[from] Grassy Terrain\n|-heal|p2a: Rillaboom|90\/100|[from] Grassy Terrain\n|upkeep\n|turn|15\n|\n|t:|1700094028\n|move|p1a: Great Tusk|Knock Off|p2a: Rillaboom\n|-damage|p2a: Rillaboom|54\/100\n|-enditem|p2a: Rillaboom|Choice Band|[from] move: Knock Off|[of] p1a: Great Tusk\n|move|p2a: Rillaboom|U-turn|p1a: Great Tusk\n|-resisted|p1a: Great Tusk\n|-damage|p1a: Great Tusk|91\/100\n|inactive|LaBaleada has 60 seconds left.\n|\n|t:|1700094052\n|switch|p2a: Ogerpon|Ogerpon, F|100\/100|[from] U-turn\n|\n|-heal|p1a: Great Tusk|97\/100|[from] Grassy Terrain\n|upkeep\n|turn|16\n|\n|t:|1700094058\n|move|p2a: Ogerpon|Ivy Cudgel|p1a: Great Tusk\n|-supereffective|p1a: Great Tusk\n|-damage|p1a: Great Tusk|3\/100\n|move|p1a: Great Tusk|Head Smash|p2a: Ogerpon\n|-damage|p2a: Ogerpon|34\/100\n|-damage|p1a: Great Tusk|0 fnt|[from] Recoil\n|faint|p1a: Great Tusk\n|-end|p1a: Great Tusk|Protosynthesis|[silent]\n|\n|-heal|p2a: Ogerpon|40\/100|[from] Grassy Terrain\n|upkeep\n|\n|t:|1700094065\n|switch|p1a: Dragapult|Dragapult, F|60\/100\n|turn|17\n|\n|t:|1700094070\n|switch|p2a: Mandibuzz|Mandibuzz, F|71\/100\n|move|p1a: Dragapult|Flamethrower|p2a: Mandibuzz\n|-damage|p2a: Mandibuzz|48\/100\n|\n|-heal|p1a: Dragapult|66\/100|[from] Grassy Terrain\n|upkeep\n|turn|18\n|j| isoptera\n|\n|t:|1700094075\n|switch|p1a: Zapdos|Zapdos|29\/100\n|move|p2a: Mandibuzz|Foul Play|p1a: Zapdos\n|-damage|p1a: Zapdos|11\/100\n|\n|-fieldend|move: Grassy Terrain\n|upkeep\n|turn|19\n|inactive|LaBaleada has 90 seconds left.\n|\n|t:|1700094081\n|move|p1a: Zapdos|Roost|p1a: Zapdos\n|-heal|p1a: Zapdos|61\/100\n|-singleturn|p1a: Zapdos|move: Roost\n|move|p2a: Mandibuzz|U-turn|p1a: Zapdos\n|-damage|p1a: Zapdos|51\/100\n|-status|p2a: Mandibuzz|par|[from] ability: Static|[of] p1a: Zapdos\n|\n|t:|1700094084\n|switch|p2a: Ogerpon|Ogerpon, F|40\/100|[from] U-turn\n|\n|upkeep\n|turn|20\n|\n|t:|1700094089\n|move|p2a: Ogerpon|Encore|p1a: Zapdos\n|-start|p1a: Zapdos|Encore\n|move|p1a: Zapdos|Roost|p1a: Zapdos\n|-heal|p1a: Zapdos|100\/100\n|-singleturn|p1a: Zapdos|move: Roost\n|\n|upkeep\n|turn|21\n|\n|t:|1700094092\n|switch|p1a: Rillaboom|Rillaboom, M|100\/100\n|-fieldstart|move: Grassy Terrain|[from] ability: Grassy Surge|[of] p1a: Rillaboom\n|move|p2a: Ogerpon|Ivy Cudgel|p1a: Rillaboom\n|-resisted|p1a: Rillaboom\n|-damage|p1a: Rillaboom|71\/100\n|\n|-heal|p2a: Ogerpon|46\/100|[from] Grassy Terrain\n|-heal|p1a: Rillaboom|77\/100|[from] Grassy Terrain\n|upkeep\n|turn|22\n|\n|t:|1700094096\n|switch|p2a: Mandibuzz|Mandibuzz, F|48\/100 par\n|move|p1a: Rillaboom|U-turn|p2a: Mandibuzz\n|-damage|p2a: Mandibuzz|29\/100 par\n|\n|t:|1700094099\n|switch|p1a: Zapdos|Zapdos|100\/100|[from] U-turn\n|\n|upkeep\n|turn|23\n|\n|t:|1700094102\n|switch|p2a: Rillaboom|Rillaboom, F|54\/100\n|move|p1a: Zapdos|Volt Switch|p2a: Rillaboom\n|-resisted|p2a: Rillaboom\n|-crit|p2a: Rillaboom\n|-damage|p2a: Rillaboom|27\/100\n|\n|t:|1700094106\n|switch|p1a: Dragapult|Dragapult, F|66\/100|[from] Volt Switch\n|\n|-heal|p1a: Dragapult|72\/100|[from] Grassy Terrain\n|-heal|p2a: Rillaboom|33\/100|[from] Grassy Terrain\n|upkeep\n|turn|24\n|\n|t:|1700094111\n|move|p2a: Rillaboom|Grassy Glide|p1a: Dragapult\n|-resisted|p1a: Dragapult\n|-damage|p1a: Dragapult|42\/100\n|move|p1a: Dragapult|Flamethrower|p2a: Rillaboom\n|-supereffective|p2a: Rillaboom\n|-damage|p2a: Rillaboom|0 fnt\n|faint|p2a: Rillaboom\n|\n|-heal|p1a: Dragapult|48\/100|[from] Grassy Terrain\n|upkeep\n|\n|t:|1700094129\n|switch|p2a: Ogerpon|Ogerpon, F|46\/100\n|turn|25\n|\n|t:|1700094134\n|move|p1a: Dragapult|Flamethrower|p2a: Ogerpon\n|-supereffective|p2a: Ogerpon\n|-damage|p2a: Ogerpon|0 fnt\n|faint|p2a: Ogerpon\n|\n|-heal|p1a: Dragapult|54\/100|[from] Grassy Terrain\n|-fieldend|move: Grassy Terrain\n|upkeep\n|\n|t:|1700094135\n|switch|p2a: Tinkaton|Tinkaton, F|100\/100\n|-ability|p2a: Tinkaton|Mold Breaker\n|turn|26\n|\n|t:|1700094137\n|move|p1a: Dragapult|Flamethrower|p2a: Tinkaton\n|-supereffective|p2a: Tinkaton\n|-damage|p2a: Tinkaton|12\/100\n|move|p2a: Tinkaton|Play Rough|p1a: Dragapult\n|-supereffective|p1a: Dragapult\n|-crit|p1a: Dragapult\n|-damage|p1a: Dragapult|0 fnt\n|faint|p1a: Dragapult\n|-damage|p2a: Tinkaton|2\/100|[from] item: Life Orb\n|\n|upkeep\n|-message|LaBaleada forfeited.\n|\n|win|alt no. 597\n|raw|alt no. 597's rating: 1723 &rarr; <strong>1743<\/strong><br \/>(+20 for winning)\n|raw|LaBaleada's rating: 1716 &rarr; <strong>1696<\/strong><br \/>(-20 for losing)\n|l|\u2606LaBaleada\n","uploadtime":1700094145,"views":9,"p1id":"altno597","p2id":"labaleada","formatid":"gen9ou","rating":1696,"private":0,"password":""}