{"id":"gen9ou-1993873417","p1":"ObsidianCrusader","p2":"Airmaan!","format":"[Gen 9] OU","log":"|j|\u2606ObsidianCrusader\n|j|\u2606Airmaan!\n|t:|1700368295\n|gametype|singles\n|player|p1|ObsidianCrusader|petrel|1137\n|player|p2|Airmaan!|2|1172\n|teamsize|p1|6\n|teamsize|p2|6\n|gen|9\n|tier|[Gen 9] OU\n|rated|\n|rule|Sleep Clause Mod: Limit one foe put to sleep\n|rule|Species Clause: Limit one of each Pok\u00e9mon\n|rule|OHKO Clause: OHKO moves are banned\n|rule|Evasion Items Clause: Evasion items are banned\n|rule|Evasion Moves Clause: Evasion moves are banned\n|rule|Endless Battle Clause: Forcing endless battles is banned\n|rule|HP Percentage Mod: HP is shown in percentages\n|clearpoke\n|poke|p1|Samurott-Hisui, M|\n|poke|p1|Venomoth, M|\n|poke|p1|Slowking, M|\n|poke|p1|Avalugg, M|\n|poke|p1|Hatterene, F|\n|poke|p1|Overqwil, F|\n|poke|p2|Greninja-*, F|\n|poke|p2|Kingambit, F|\n|poke|p2|Ting-Lu|\n|poke|p2|Samurott-Hisui, F|\n|poke|p2|Ninetales-Alola, M|\n|poke|p2|Crawdaunt, F|\n|teampreview\n|c|\u2606ObsidianCrusader|Hello! Best of luck! ^-^\n|\n|t:|1700368301\n|start\n|switch|p1a: Oersted|Samurott-Hisui, M|100\/100\n|switch|p2a: Ninetales|Ninetales-Alola, M|100\/100\n|-weather|Snow|[from] ability: Snow Warning|[of] p2a: Ninetales\n|turn|1\n|\n|t:|1700368307\n|-terastallize|p2a: Ninetales|Ice\n|move|p2a: Ninetales|Freeze-Dry|p1a: Oersted\n|-supereffective|p1a: Oersted\n|-damage|p1a: Oersted|0 fnt\n|faint|p1a: Oersted\n|\n|-weather|Snow|[upkeep]\n|upkeep\n|inactive|Battle timer is ON: inactive players will automatically lose when time's up. (requested by Airmaan!)\n|c|\u2606ObsidianCrusader|Whoa, impressive!\n|\n|t:|1700368321\n|switch|p1a: Yaga|Hatterene, F|100\/100\n|turn|2\n|c|\u2606ObsidianCrusader|Hm...That's...Choice Scarf, huh?\n|\n|t:|1700368334\n|move|p2a: Ninetales|Freeze-Dry|p1a: Yaga\n|-damage|p1a: Yaga|80\/100\n|move|p1a: Yaga|Mystical Fire|p2a: Ninetales\n|-supereffective|p2a: Ninetales\n|-damage|p2a: Ninetales|34\/100\n|-unboost|p2a: Ninetales|spa|1\n|\n|-weather|Snow|[upkeep]\n|upkeep\n|turn|3\n|\n|t:|1700368344\n|switch|p2a: Samurott|Samurott-Hisui, F|100\/100\n|switch|p1a: Nickel|Venomoth, M|100\/100\n|\n|-weather|Snow|[upkeep]\n|upkeep\n|turn|4\n|\n|t:|1700368358\n|switch|p1a: Sticky Barb|Overqwil, F|100\/100\n|-ability|p1a: Sticky Barb|Intimidate|boost\n|-unboost|p2a: Samurott|atk|1\n|move|p2a: Samurott|Air Slash|p1a: Sticky Barb\n|-damage|p1a: Sticky Barb|57\/100\n|-damage|p2a: Samurott|91\/100|[from] item: Life Orb\n|\n|-weather|Snow|[upkeep]\n|upkeep\n|turn|5\n|c|\u2606Airmaan!|Ye LOL\n|c|\u2606ObsidianCrusader|Fascinating! And a special Hisuian Samurott?\n|c|\u2606ObsidianCrusader|I love your team already!\n|\n|t:|1700368373\n|move|p2a: Samurott|Ceaseless Edge|p1a: Sticky Barb\n|-resisted|p1a: Sticky Barb\n|-damage|p1a: Sticky Barb|38\/100\n|-sidestart|p1: ObsidianCrusader|Spikes\n|-damage|p2a: Samurott|81\/100|[from] item: Life Orb\n|move|p1a: Sticky Barb|Barb Barrage|p2a: Samurott\n|-damage|p2a: Samurott|51\/100\n|\n|-weather|none\n|upkeep\n|turn|6\n|c|\u2606ObsidianCrusader|Oh wait, nevermind. It still has Ceaseless Edge\n|\n|t:|1700368388\n|switch|p1a: SpinningRatOnLoop|Slowking, M|100\/100\n|-damage|p1a: SpinningRatOnLoop|88\/100|[from] Spikes\n|move|p2a: Samurott|Ceaseless Edge|p1a: SpinningRatOnLoop\n|-supereffective|p1a: SpinningRatOnLoop\n|-damage|p1a: SpinningRatOnLoop|30\/100\n|-damage|p2a: Samurott|34\/100|[from] item: Rocky Helmet|[of] p1a: SpinningRatOnLoop\n|-sidestart|p1: ObsidianCrusader|Spikes\n|-damage|p2a: Samurott|24\/100|[from] item: Life Orb\n|\n|upkeep\n|turn|7\n|\n|t:|1700368401\n|switch|p1a: Yaga|Hatterene, F|80\/100\n|-damage|p1a: Yaga|63\/100|[from] Spikes\n|move|p2a: Samurott|Ceaseless Edge|p1a: Yaga\n|-damage|p1a: Yaga|20\/100\n|-sidestart|p1: ObsidianCrusader|Spikes\n|-damage|p2a: Samurott|14\/100|[from] item: Life Orb\n|\n|upkeep\n|turn|8\n|c|\u2606Airmaan!|Thank u so much 100%\n|\n|t:|1700368421\n|move|p2a: Samurott|Ceaseless Edge|p1a: Yaga\n|-damage|p1a: Yaga|0 fnt\n|faint|p1a: Yaga\n|-damage|p2a: Samurott|4\/100|[from] item: Life Orb\n|\n|upkeep\n|\n|t:|1700368426\n|switch|p1a: Bulwark|Avalugg, M|100\/100\n|turn|9\n|\n|t:|1700368429\n|move|p2a: Samurott|Ceaseless Edge|p1a: Bulwark|[miss]\n|-miss|p2a: Samurott|p1a: Bulwark\n|move|p1a: Bulwark|Rapid Spin|p2a: Samurott\n|-damage|p2a: Samurott|0 fnt\n|-boost|p1a: Bulwark|spe|1\n|-sideend|p1: ObsidianCrusader|Spikes|[from] move: Rapid Spin|[of] p1a: Bulwark\n|faint|p2a: Samurott\n|\n|upkeep\n|c|\u2606ObsidianCrusader|Yeah, that happens to me a lot\n|\n|t:|1700368440\n|switch|p2a: Crawdaunt|Crawdaunt, F|100\/100\n|turn|10\n|c|\u2606ObsidianCrusader|The Ceaseless Edge miss...I mean\n|\n|t:|1700368447\n|switch|p1a: Sticky Barb|Overqwil, F|38\/100\n|-ability|p1a: Sticky Barb|Intimidate|boost\n|-unboost|p2a: Crawdaunt|atk|1\n|move|p2a: Crawdaunt|Crunch|p1a: Sticky Barb\n|-resisted|p1a: Sticky Barb\n|-damage|p1a: Sticky Barb|8\/100\n|\n|upkeep\n|turn|11\n|c|\u2606ObsidianCrusader|Now\n|c|\u2606ObsidianCrusader|Do YOU wanna see something cool?\n|-enditem|p1a: Sticky Barb|Custap Berry|[eat]\n|-activate|p1a: Sticky Barb|item: Custap Berry|[consumed]\n|\n|t:|1700368464\n|move|p1a: Sticky Barb|Destiny Bond|p1a: Sticky Barb\n|-singlemove|p1a: Sticky Barb|Destiny Bond\n|move|p2a: Crawdaunt|Crunch|p1a: Sticky Barb\n|-resisted|p1a: Sticky Barb\n|-damage|p1a: Sticky Barb|0 fnt\n|faint|p1a: Sticky Barb\n|-activate|p1a: Sticky Barb|move: Destiny Bond\n|faint|p2a: Crawdaunt\n|\n|upkeep\n|c|\u2606Airmaan!|Haha what will u do\n|c|\u2606Airmaan!|Whoaa\n|c|\u2606Airmaan!|Nice\n|\n|t:|1700368490\n|switch|p1a: SpinningRatOnLoop|Slowking, M|63\/100\n|switch|p2a: Greninja|Greninja, F|100\/100\n|turn|12\n|c|\u2606ObsidianCrusader|Heheh, thanks. Though my team's already in shambles, so I already lost\n|\n|t:|1700368494\n|move|p2a: Greninja|Dark Pulse|p1a: SpinningRatOnLoop\n|-start|p2a: Greninja|typechange|Dark|[from] ability: Protean\n|-supereffective|p1a: SpinningRatOnLoop\n|-damage|p1a: SpinningRatOnLoop|0 fnt\n|faint|p1a: SpinningRatOnLoop\n|\n|upkeep\n|\n|t:|1700368500\n|switch|p1a: Nickel|Venomoth, M|100\/100\n|turn|13\n|c|\u2606ObsidianCrusader|Unless! An unlikely hero?!\n|inactive|Airmaan! has 120 seconds left.\n|c|\u2606Airmaan!|Gg tho, i actually want u to win now but wont give it to u\n|\n|t:|1700368536\n|move|p2a: Greninja|Dark Pulse|p1a: Nickel\n|-damage|p1a: Nickel|23\/100\n|-enditem|p1a: Nickel|Petaya Berry|[eat]\n|-boost|p1a: Nickel|spa|1|[from] item: Petaya Berry\n|move|p1a: Nickel|Quiver Dance|p1a: Nickel\n|-boost|p1a: Nickel|spa|1\n|-boost|p1a: Nickel|spd|1\n|-boost|p1a: Nickel|spe|1\n|\n|upkeep\n|turn|14\n|c|\u2606ObsidianCrusader|I'd be insulted if ya did! ;D\n|\n|t:|1700368543\n|move|p1a: Nickel|Giga Drain|p2a: Greninja\n|-damage|p2a: Greninja|28\/100\n|-heal|p1a: Nickel|60\/100|[from] drain|[of] p2a: Greninja\n|move|p2a: Greninja|Dark Pulse|p1a: Nickel\n|-damage|p1a: Nickel|7\/100\n|\n|upkeep\n|turn|15\n|\n|t:|1700368552\n|move|p1a: Nickel|Giga Drain|p2a: Greninja\n|-damage|p2a: Greninja|0 fnt\n|-heal|p1a: Nickel|21\/100|[from] drain|[of] p2a: Greninja\n|faint|p2a: Greninja\n|\n|upkeep\n|\n|t:|1700368555\n|switch|p2a: Ninetales|Ninetales-Alola, M, tera:Ice|34\/100\n|-weather|Snow|[from] ability: Snow Warning|[of] p2a: Ninetales\n|turn|16\n|c|\u2606Airmaan!|Faaaacts lmaoo\n|\n|t:|1700368570\n|move|p2a: Ninetales|Blizzard|p1a: Nickel\n|-damage|p1a: Nickel|0 fnt\n|faint|p1a: Nickel\n|\n|-weather|Snow|[upkeep]\n|upkeep\n|c|\u2606ObsidianCrusader|Plus! You just set up snow\n|\n|t:|1700368578\n|switch|p1a: Bulwark|Avalugg, M|100\/100\n|turn|17\n|c|\u2606ObsidianCrusader|So it's not over yet!\n|c|\u2606Airmaan!|Aaaaaa daamn literally misplayed, it happens lmao\n|inactive|Airmaan! has 120 seconds left.\n|\n|t:|1700368611\n|switch|p2a: Ting-Lu|Ting-Lu|100\/100\n|-ability|p2a: Ting-Lu|Vessel of Ruin\n|move|p1a: Bulwark|Body Press|p2a: Ting-Lu\n|-supereffective|p2a: Ting-Lu\n|-damage|p2a: Ting-Lu|60\/100\n|\n|-weather|Snow|[upkeep]\n|-heal|p2a: Ting-Lu|66\/100|[from] item: Leftovers\n|upkeep\n|turn|18\n|\n|t:|1700368619\n|move|p2a: Ting-Lu|Ruination|p1a: Bulwark\n|-damage|p1a: Bulwark|50\/100\n|move|p1a: Bulwark|Ice Spinner|p2a: Ting-Lu\n|-supereffective|p2a: Ting-Lu\n|-damage|p2a: Ting-Lu|29\/100\n|\n|-weather|Snow|[upkeep]\n|-heal|p1a: Bulwark|57\/100|[from] ability: Ice Body\n|-heal|p2a: Ting-Lu|36\/100|[from] item: Leftovers\n|upkeep\n|turn|19\n|\n|t:|1700368627\n|move|p2a: Ting-Lu|Earthquake|p1a: Bulwark\n|-crit|p1a: Bulwark\n|-damage|p1a: Bulwark|36\/100\n|move|p1a: Bulwark|Ice Spinner|p2a: Ting-Lu\n|-supereffective|p2a: Ting-Lu\n|-damage|p2a: Ting-Lu|0 fnt\n|faint|p2a: Ting-Lu\n|\n|-weather|Snow|[upkeep]\n|-heal|p1a: Bulwark|42\/100|[from] ability: Ice Body\n|upkeep\n|\n|t:|1700368630\n|switch|p2a: Kingambit|Kingambit, F|100\/100\n|-activate|p2a: Kingambit|ability: Supreme Overlord\n|-start|p2a: Kingambit|fallen4|[silent]\n|turn|20\n|\n|t:|1700368638\n|-terastallize|p1a: Bulwark|Steel\n|move|p2a: Kingambit|Iron Head|p1a: Bulwark\n|-resisted|p1a: Bulwark\n|-damage|p1a: Bulwark|27\/100\n|move|p1a: Bulwark|Body Press|p2a: Kingambit\n|-supereffective|p2a: Kingambit\n|-damage|p2a: Kingambit|0 fnt\n|faint|p2a: Kingambit\n|-end|p2a: Kingambit|fallen4|[silent]\n|\n|-weather|none\n|upkeep\n|c|\u2606ObsidianCrusader|All comes down to this...\n|c|\u2606ObsidianCrusader|Best of luck\n|c|\u2606Airmaan!|niceeeee\n|c|\u2606Airmaan!|U too\n|\n|t:|1700368665\n|switch|p2a: Ninetales|Ninetales-Alola, M, tera:Ice|34\/100\n|-weather|Snow|[from] ability: Snow Warning|[of] p2a: Ninetales\n|turn|21\n|\n|t:|1700368669\n|move|p2a: Ninetales|Blizzard|p1a: Bulwark\n|-resisted|p1a: Bulwark\n|-damage|p1a: Bulwark|0 fnt\n|faint|p1a: Bulwark\n|\n|win|Airmaan!\n|raw|ObsidianCrusader's rating: 1166 &rarr; <strong>1141<\/strong><br \/>(-25 for losing)\n|raw|Airmaan!'s rating: 1172 &rarr; <strong>1197<\/strong><br \/>(+25 for winning)\n|c|\u2606ObsidianCrusader|Ahahah...\n|c|\u2606ObsidianCrusader|Good game\n|c|\u2606Airmaan!|Gg\n|c|\u2606Airmaan!|Best game ever no lie\n|c|\u2606ObsidianCrusader|Thanks! I'm witty, relatable, and endearing! Thanks for the commentary! ;D\n|c|\u2606Airmaan!|Same! Gotta do this again sometime\n|c|\u2606ObsidianCrusader|Aye! For now though...\n|c|\u2606ObsidianCrusader|Au revoir!\n|l|\u2606ObsidianCrusader\n|c|\u2606Airmaan!|Peaceee\n|l|\u2606Airmaan!\n|j|\u2606Airmaan!\n|player|p2|Airmaan!|2\n","uploadtime":1700368766,"views":12,"p1id":"obsidiancrusader","p2id":"airmaan","formatid":"gen9ou","rating":1141,"private":0,"password":""}