{"id":"gen9ou-1993953841","p1":"tumblezz","p2":"ItsTheOrangeGuy","format":"[Gen 9] OU","log":"|j|\u2606tumblezz\n|j|\u2606ItsTheOrangeGuy\n|inactive|Battle timer is ON: inactive players will automatically lose when time's up.\n|t:|1700381948\n|gametype|singles\n|j|*Lady Monita \u2746\n|player|p1|tumblezz|102|\n|player|p2|ItsTheOrangeGuy|juggler|\n|teamsize|p1|2\n|teamsize|p2|2\n|gen|9\n|tier|[Gen 9] OU\n|rated|Tournament battle\n|rule|Sleep Clause Mod: Limit one foe put to sleep\n|rule|Species Clause: Limit one of each Pok\u00e9mon\n|rule|OHKO Clause: OHKO moves are banned\n|rule|Evasion Items Clause: Evasion items are banned\n|rule|Evasion Moves Clause: Evasion moves are banned\n|rule|Endless Battle Clause: Forcing endless battles is banned\n|rule|HP Percentage Mod: HP is shown in percentages\n|clearpoke\n|poke|p1|Floatzel, M|\n|poke|p1|Skiddo, F|\n|poke|p2|Wingull, M|\n|poke|p2|Milotic, F|\n|teampreview\n|inactive|ItsTheOrangeGuy also wants the timer to be on.\n|j| catcat77\n|\n|t:|1700381955\n|start\n|switch|p1a: Skiddo|Skiddo, F|100\/100\n|switch|p2a: Wingull|Wingull, M|100\/100\n|turn|1\n|\n|t:|1700381961\n|move|p2a: Wingull|Hurricane|p1a: Skiddo|[miss]\n|-miss|p2a: Wingull|p1a: Skiddo\n|move|p1a: Skiddo|Rock Slide|p2a: Wingull\n|-supereffective|p2a: Wingull\n|-enditem|p2a: Wingull|Focus Sash\n|-damage|p2a: Wingull|1\/100\n|\n|upkeep\n|turn|2\n|\n|t:|1700381970\n|move|p2a: Wingull|Hurricane|p1a: Skiddo\n|-supereffective|p1a: Skiddo\n|-damage|p1a: Skiddo|53\/100\n|move|p1a: Skiddo|Horn Leech|p2a: Wingull\n|-damage|p2a: Wingull|0 fnt\n|-heal|p1a: Skiddo|54\/100|[from] drain|[of] p2a: Wingull\n|faint|p2a: Wingull\n|\n|upkeep\n|\n|t:|1700381978\n|switch|p2a: Milotic|Milotic, F|100\/100\n|turn|3\n|\n|t:|1700381983\n|move|p2a: Milotic|Substitute|p2a: Milotic\n|-start|p2a: Milotic|Substitute\n|-damage|p2a: Milotic|76\/100\n|move|p1a: Skiddo|Horn Leech|p2a: Milotic\n|-supereffective|p2a: Milotic\n|-end|p2a: Milotic|Substitute\n|-heal|p1a: Skiddo|68\/100|[from] drain|[of] p2a: Milotic\n|\n|-heal|p2a: Milotic|82\/100|[from] item: Leftovers\n|upkeep\n|turn|4\n|\n|t:|1700381993\n|move|p2a: Milotic|Coil|p2a: Milotic\n|-boost|p2a: Milotic|atk|1\n|-boost|p2a: Milotic|def|1\n|-boost|p2a: Milotic|accuracy|1\n|move|p1a: Skiddo|Horn Leech|p2a: Milotic\n|-supereffective|p2a: Milotic\n|-damage|p2a: Milotic|51\/100\n|-heal|p1a: Skiddo|87\/100|[from] drain|[of] p2a: Milotic\n|\n|-heal|p2a: Milotic|57\/100|[from] item: Leftovers\n|upkeep\n|turn|5\n|\n|t:|1700382005\n|move|p1a: Skiddo|Bulk Up|p1a: Skiddo\n|-boost|p1a: Skiddo|atk|1\n|-boost|p1a: Skiddo|def|1\n|move|p2a: Milotic|Avalanche|p1a: Skiddo\n|-supereffective|p1a: Skiddo\n|-damage|p1a: Skiddo|50\/100\n|\n|-heal|p2a: Milotic|63\/100|[from] item: Leftovers\n|upkeep\n|turn|6\n|\n|t:|1700382015\n|move|p2a: Milotic|Coil|p2a: Milotic\n|-boost|p2a: Milotic|atk|1\n|-boost|p2a: Milotic|def|1\n|-boost|p2a: Milotic|accuracy|1\n|move|p1a: Skiddo|Horn Leech|p2a: Milotic\n|-supereffective|p2a: Milotic\n|-damage|p2a: Milotic|32\/100\n|-heal|p1a: Skiddo|68\/100|[from] drain|[of] p2a: Milotic\n|\n|-heal|p2a: Milotic|38\/100|[from] item: Leftovers\n|upkeep\n|turn|7\n|\n|t:|1700382025\n|move|p1a: Skiddo|Horn Leech|p2a: Milotic\n|-supereffective|p2a: Milotic\n|-damage|p2a: Milotic|7\/100\n|-heal|p1a: Skiddo|86\/100|[from] drain|[of] p2a: Milotic\n|move|p2a: Milotic|Avalanche|p1a: Skiddo\n|-supereffective|p1a: Skiddo\n|-damage|p1a: Skiddo|0 fnt\n|faint|p1a: Skiddo\n|\n|-heal|p2a: Milotic|13\/100|[from] item: Leftovers\n|upkeep\n|\n|t:|1700382031\n|switch|p1a: Floatzel|Floatzel, M|100\/100\n|turn|8\n|\n|t:|1700382050\n|move|p1a: Floatzel|Wave Crash|p2a: Milotic\n|-resisted|p2a: Milotic\n|-damage|p2a: Milotic|0 fnt\n|faint|p2a: Milotic\n|-damage|p1a: Floatzel|95\/100|[from] Recoil\n|\n|win|tumblezz\n|n|\u2606tumblezz|tumblezz\n|n|\u2606ItsTheOrangeGuy|itstheorangeguy\n|n|*Lady Monita \u2746|ladymonita\n|n| catcat77|catcat77\n|l|*Lady Monita \u2746\n|l|\u2606tumblezz\n|l|\u2606ItsTheOrangeGuy\n|l| catcat77\n|j| Carolina6969\n","uploadtime":1700382193,"views":12,"p1id":"tumblezz","p2id":"itstheorangeguy","formatid":"gen9ou","rating":0,"private":0,"password":""}