{"id":"gen9ou-1994579750","p1":"thraxxedout","p2":"s.daninja","format":"[Gen 9] OU","log":"|j|\u2606thraxxedout\n|j|\u2606s.daninja\n|t:|1700463450\n|gametype|singles\n|player|p1|thraxxedout|cynthia|1567\n|player|p2|s.daninja|cynthia-gen4|1670\n|teamsize|p1|6\n|teamsize|p2|6\n|gen|9\n|tier|[Gen 9] OU\n|rated|\n|rule|Sleep Clause Mod: Limit one foe put to sleep\n|rule|Species Clause: Limit one of each Pok\u00e9mon\n|rule|OHKO Clause: OHKO moves are banned\n|rule|Evasion Items Clause: Evasion items are banned\n|rule|Evasion Moves Clause: Evasion moves are banned\n|rule|Endless Battle Clause: Forcing endless battles is banned\n|rule|HP Percentage Mod: HP is shown in percentages\n|clearpoke\n|poke|p1|Kommo-o, F|\n|poke|p1|Zamazenta-*|\n|poke|p1|Gholdengo|\n|poke|p1|Hatterene, F|\n|poke|p1|Ting-Lu|\n|poke|p1|Moltres|\n|poke|p2|Meowscarada, M|\n|poke|p2|Pawmot, M|\n|poke|p2|Ceruledge, M|\n|poke|p2|Iron Valiant|\n|poke|p2|Greninja-*, M|\n|poke|p2|Maushold|\n|teampreview\n|j| Redribbonrenegade\n|\n|t:|1700463457\n|start\n|switch|p1a: Teresa \u271d\ufe0f|Hatterene, F|100\/100\n|switch|p2a: Xana|Meowscarada, M|100\/100\n|turn|1\n|\n|t:|1700463464\n|move|p2a: Xana|U-turn|p1a: Teresa \u271d\ufe0f\n|-damage|p1a: Teresa \u271d\ufe0f|71\/100\n|-enditem|p1a: Teresa \u271d\ufe0f|Red Card|[of] p2a: Xana\n|drag|p2a: Iron Valiant|Iron Valiant|100\/100\n|-enditem|p2a: Iron Valiant|Booster Energy\n|-activate|p2a: Iron Valiant|ability: Quark Drive|[fromitem]\n|-start|p2a: Iron Valiant|quarkdrivespe\n|move|p1a: Teresa \u271d\ufe0f|Nuzzle|p2a: Iron Valiant\n|-damage|p2a: Iron Valiant|95\/100\n|-status|p2a: Iron Valiant|par\n|\n|upkeep\n|turn|2\n|\n|t:|1700463470\n|move|p2a: Iron Valiant|Knock Off|p1a: Teresa \u271d\ufe0f\n|-damage|p1a: Teresa \u271d\ufe0f|52\/100\n|move|p1a: Teresa \u271d\ufe0f|Draining Kiss|p2a: Iron Valiant\n|-supereffective|p2a: Iron Valiant\n|-damage|p2a: Iron Valiant|3\/100 par\n|-heal|p1a: Teresa \u271d\ufe0f|100\/100|[from] drain|[of] p2a: Iron Valiant\n|\n|upkeep\n|turn|3\n|\n|t:|1700463475\n|move|p2a: Iron Valiant|Moonblast|p1a: Teresa \u271d\ufe0f\n|-damage|p1a: Teresa \u271d\ufe0f|52\/100\n|move|p1a: Teresa \u271d\ufe0f|Draining Kiss|p2a: Iron Valiant\n|-supereffective|p2a: Iron Valiant\n|-damage|p2a: Iron Valiant|0 fnt\n|-heal|p1a: Teresa \u271d\ufe0f|54\/100|[from] drain|[of] p2a: Iron Valiant\n|faint|p2a: Iron Valiant\n|-end|p2a: Iron Valiant|Quark Drive|[silent]\n|\n|upkeep\n|\n|t:|1700463478\n|switch|p2a: Flaminhot|Ceruledge, M|100\/100\n|turn|4\n|\n|t:|1700463483\n|switch|p1a: Mai Tai \ud83e\udd61|Ting-Lu|100\/100\n|-ability|p1a: Mai Tai \ud83e\udd61|Vessel of Ruin\n|move|p2a: Flaminhot|Substitute|p2a: Flaminhot\n|-start|p2a: Flaminhot|Substitute\n|-damage|p2a: Flaminhot|76\/100\n|\n|-heal|p2a: Flaminhot|82\/100|[from] item: Leftovers\n|upkeep\n|turn|5\n|\n|t:|1700463495\n|move|p2a: Flaminhot|Bitter Blade|p1a: Mai Tai \ud83e\udd61\n|-damage|p1a: Mai Tai \ud83e\udd61|84\/100\n|-heal|p2a: Flaminhot|97\/100|[from] drain|[of] p1a: Mai Tai \ud83e\udd61\n|move|p1a: Mai Tai \ud83e\udd61|Stealth Rock|p2a: Flaminhot\n|-sidestart|p2: s.daninja|move: Stealth Rock\n|\n|-heal|p2a: Flaminhot|100\/100|[from] item: Leftovers\n|-heal|p1a: Mai Tai \ud83e\udd61|90\/100|[from] item: Leftovers\n|upkeep\n|turn|6\n|\n|t:|1700463501\n|move|p2a: Flaminhot|Bitter Blade|p1a: Mai Tai \ud83e\udd61\n|-damage|p1a: Mai Tai \ud83e\udd61|72\/100\n|move|p1a: Mai Tai \ud83e\udd61|Whirlwind|p2a: Flaminhot\n|drag|p2a: Panchi|Pawmot, M|100\/100\n|-damage|p2a: Panchi|94\/100|[from] Stealth Rock\n|\n|-heal|p1a: Mai Tai \ud83e\udd61|78\/100|[from] item: Leftovers\n|upkeep\n|turn|7\n|\n|t:|1700463508\n|switch|p2a: Xana|Meowscarada, M|100\/100\n|-damage|p2a: Xana|88\/100|[from] Stealth Rock\n|move|p1a: Mai Tai \ud83e\udd61|Whirlwind|p2a: Xana\n|drag|p2a: Greninja|Greninja, M|100\/100\n|-damage|p2a: Greninja|88\/100|[from] Stealth Rock\n|\n|-heal|p1a: Mai Tai \ud83e\udd61|85\/100|[from] item: Leftovers\n|upkeep\n|turn|8\n|\n|t:|1700463551\n|-terastallize|p1a: Mai Tai \ud83e\udd61|Ghost\n|move|p2a: Greninja|Surf|p1a: Mai Tai \ud83e\udd61\n|-damage|p1a: Mai Tai \ud83e\udd61|57\/100\n|-damage|p2a: Greninja|78\/100|[from] item: Life Orb\n|move|p1a: Mai Tai \ud83e\udd61|Ruination|p2a: Greninja\n|-damage|p2a: Greninja|39\/100\n|\n|-heal|p1a: Mai Tai \ud83e\udd61|64\/100|[from] item: Leftovers\n|upkeep\n|turn|9\n|\n|t:|1700463578\n|switch|p1a: Shakira \ud83d\udc3a|Zamazenta, shiny|100\/100\n|-ability|p1a: Shakira \ud83d\udc3a|Dauntless Shield|boost\n|-boost|p1a: Shakira \ud83d\udc3a|def|1\n|move|p2a: Greninja|Surf|p1a: Shakira \ud83d\udc3a\n|-damage|p1a: Shakira \ud83d\udc3a|51\/100\n|-damage|p2a: Greninja|30\/100|[from] item: Life Orb\n|\n|-heal|p1a: Shakira \ud83d\udc3a|57\/100|[from] item: Leftovers\n|upkeep\n|turn|10\n|\n|t:|1700463584\n|move|p2a: Greninja|Water Shuriken|p1a: Shakira \ud83d\udc3a\n|-damage|p1a: Shakira \ud83d\udc3a|48\/100\n|-damage|p1a: Shakira \ud83d\udc3a|39\/100\n|-damage|p1a: Shakira \ud83d\udc3a|29\/100\n|-damage|p1a: Shakira \ud83d\udc3a|21\/100\n|-hitcount|p1a: Shakira \ud83d\udc3a|4\n|-damage|p2a: Greninja|20\/100|[from] item: Life Orb\n|move|p1a: Shakira \ud83d\udc3a|Body Press|p2a: Greninja\n|-supereffective|p2a: Greninja\n|-damage|p2a: Greninja|0 fnt\n|faint|p2a: Greninja\n|\n|-heal|p1a: Shakira \ud83d\udc3a|28\/100|[from] item: Leftovers\n|upkeep\n|\n|t:|1700463591\n|switch|p2a: Flaminhot|Ceruledge, M|100\/100\n|-damage|p2a: Flaminhot|76\/100|[from] Stealth Rock\n|turn|11\n|\n|t:|1700463603\n|switch|p1a: Mai Tai \ud83e\udd61|Ting-Lu, tera:Ghost|64\/100\n|-ability|p1a: Mai Tai \ud83e\udd61|Vessel of Ruin\n|move|p2a: Flaminhot|Bitter Blade|p1a: Mai Tai \ud83e\udd61\n|-damage|p1a: Mai Tai \ud83e\udd61|49\/100\n|-heal|p2a: Flaminhot|89\/100|[from] drain|[of] p1a: Mai Tai \ud83e\udd61\n|\n|-heal|p2a: Flaminhot|95\/100|[from] item: Leftovers\n|-heal|p1a: Mai Tai \ud83e\udd61|55\/100|[from] item: Leftovers\n|upkeep\n|turn|12\n|\n|t:|1700463613\n|move|p2a: Flaminhot|Bitter Blade|p1a: Mai Tai \ud83e\udd61\n|-damage|p1a: Mai Tai \ud83e\udd61|40\/100\n|-heal|p2a: Flaminhot|100\/100|[from] drain|[of] p1a: Mai Tai \ud83e\udd61\n|move|p1a: Mai Tai \ud83e\udd61|Earthquake|p2a: Flaminhot\n|-supereffective|p2a: Flaminhot\n|-crit|p2a: Flaminhot\n|-damage|p2a: Flaminhot|0 fnt\n|faint|p2a: Flaminhot\n|\n|-heal|p1a: Mai Tai \ud83e\udd61|46\/100|[from] item: Leftovers\n|upkeep\n|\n|t:|1700463619\n|switch|p2a: Panchi|Pawmot, M|94\/100\n|-damage|p2a: Panchi|88\/100|[from] Stealth Rock\n|turn|13\n|\n|t:|1700463627\n|move|p2a: Panchi|Nuzzle|p1a: Mai Tai \ud83e\udd61\n|-damage|p1a: Mai Tai \ud83e\udd61|42\/100\n|-status|p1a: Mai Tai \ud83e\udd61|par\n|cant|p1a: Mai Tai \ud83e\udd61|par\n|\n|-heal|p1a: Mai Tai \ud83e\udd61|48\/100 par|[from] item: Leftovers\n|upkeep\n|turn|14\n|\n|t:|1700463636\n|-terastallize|p2a: Panchi|Flying\n|move|p2a: Panchi|Revival Blessing|p2a: Panchi\n|-enditem|p2a: Panchi|Leppa Berry|[eat]\n|-activate|p2a: Panchi|item: Leppa Berry|Revival Blessing|[consumed]\n|\n|t:|1700463641\n|-heal|p2: Greninja|50\/100|[from] move: Revival Blessing\n|move|p1a: Mai Tai \ud83e\udd61|Earthquake|p2a: Panchi\n|-immune|p2a: Panchi\n|\n|-heal|p1a: Mai Tai \ud83e\udd61|54\/100 par|[from] item: Leftovers\n|upkeep\n|turn|15\n|\n|t:|1700463672\n|switch|p1a: Iris \ud83d\udd31|Gholdengo, shiny|100\/100\n|move|p2a: Panchi|Revival Blessing|p2a: Panchi\n|\n|t:|1700463675\n|-heal|p2: Flaminhot|50\/100|[from] move: Revival Blessing\n|\n|upkeep\n|turn|16\n|\n|t:|1700463678\n|move|p1a: Iris \ud83d\udd31|Thunderbolt|p2a: Panchi\n|-supereffective|p2a: Panchi\n|-damage|p2a: Panchi|0 fnt\n|faint|p2a: Panchi\n|\n|upkeep\n|\n|t:|1700463682\n|switch|p2a: Maushold|Maushold|100\/100\n|-damage|p2a: Maushold|88\/100|[from] Stealth Rock\n|turn|17\n|\n|t:|1700463710\n|switch|p1a: Grey \u2764\ufe0f\u200d\ud83d\udd25|Moltres, shiny|100\/100\n|move|p2a: Maushold|Tidy Up|p2a: Maushold\n|-sideend|p2: s.daninja|Stealth Rock\n|-activate|p2a: Maushold|move: Tidy Up\n|-boost|p2a: Maushold|atk|1\n|-boost|p2a: Maushold|spe|1\n|\n|upkeep\n|turn|18\n|\n|t:|1700463743\n|switch|p2a: Flaminhot|Ceruledge, M|50\/100\n|switch|p1a: Iris \ud83d\udd31|Gholdengo, shiny|100\/100\n|\n|-heal|p2a: Flaminhot|57\/100|[from] item: Leftovers\n|upkeep\n|turn|19\n|\n|t:|1700463755\n|move|p2a: Flaminhot|Shadow Sneak|p1a: Iris \ud83d\udd31\n|-supereffective|p1a: Iris \ud83d\udd31\n|-damage|p1a: Iris \ud83d\udd31|60\/100\n|move|p1a: Iris \ud83d\udd31|Shadow Ball|p2a: Flaminhot\n|-supereffective|p2a: Flaminhot\n|-damage|p2a: Flaminhot|0 fnt\n|faint|p2a: Flaminhot\n|\n|upkeep\n|\n|t:|1700463761\n|switch|p2a: Greninja|Greninja, M|50\/100\n|turn|20\n|\n|t:|1700463817\n|switch|p2a: Maushold|Maushold|88\/100\n|move|p1a: Iris \ud83d\udd31|Shadow Ball|p2a: Maushold\n|-immune|p2a: Maushold\n|\n|upkeep\n|turn|21\n|\n|t:|1700463834\n|switch|p1a: Mai Tai \ud83e\udd61|Ting-Lu, tera:Ghost|54\/100 par\n|-ability|p1a: Mai Tai \ud83e\udd61|Vessel of Ruin\n|move|p2a: Maushold|Tidy Up|p2a: Maushold\n|-boost|p2a: Maushold|atk|1\n|-boost|p2a: Maushold|spe|1\n|\n|-heal|p1a: Mai Tai \ud83e\udd61|60\/100 par|[from] item: Leftovers\n|upkeep\n|turn|22\n|\n|t:|1700463845\n|move|p2a: Maushold|Bite|p1a: Mai Tai \ud83e\udd61\n|-supereffective|p1a: Mai Tai \ud83e\udd61\n|-damage|p1a: Mai Tai \ud83e\udd61|32\/100 par\n|move|p1a: Mai Tai \ud83e\udd61|Earthquake|p2a: Maushold\n|-damage|p2a: Maushold|24\/100\n|\n|-heal|p1a: Mai Tai \ud83e\udd61|39\/100 par|[from] item: Leftovers\n|upkeep\n|turn|23\n|\n|t:|1700463866\n|move|p2a: Maushold|Bite|p1a: Mai Tai \ud83e\udd61\n|-supereffective|p1a: Mai Tai \ud83e\udd61\n|-damage|p1a: Mai Tai \ud83e\udd61|10\/100 par\n|move|p1a: Mai Tai \ud83e\udd61|Earthquake|p2a: Maushold\n|-damage|p2a: Maushold|0 fnt\n|faint|p2a: Maushold\n|\n|-heal|p1a: Mai Tai \ud83e\udd61|16\/100 par|[from] item: Leftovers\n|upkeep\n|\n|t:|1700463869\n|switch|p2a: Greninja|Greninja, M|50\/100\n|turn|24\n|\n|t:|1700463889\n|switch|p1a: Connie \u2696\ufe0f|Kommo-o, F, shiny|100\/100\n|move|p2a: Greninja|Ice Beam|p1a: Connie \u2696\ufe0f\n|-supereffective|p1a: Connie \u2696\ufe0f\n|-damage|p1a: Connie \u2696\ufe0f|23\/100\n|-damage|p2a: Greninja|40\/100|[from] item: Life Orb\n|\n|upkeep\n|turn|25\n|\n|t:|1700463968\n|switch|p1a: Grey \u2764\ufe0f\u200d\ud83d\udd25|Moltres, shiny|100\/100\n|move|p2a: Greninja|Surf|p1a: Grey \u2764\ufe0f\u200d\ud83d\udd25\n|-supereffective|p1a: Grey \u2764\ufe0f\u200d\ud83d\udd25\n|-damage|p1a: Grey \u2764\ufe0f\u200d\ud83d\udd25|12\/100\n|-damage|p2a: Greninja|31\/100|[from] item: Life Orb\n|\n|upkeep\n|turn|26\n|\n|t:|1700464055\n|move|p2a: Greninja|Surf|p1a: Grey \u2764\ufe0f\u200d\ud83d\udd25\n|-supereffective|p1a: Grey \u2764\ufe0f\u200d\ud83d\udd25\n|-damage|p1a: Grey \u2764\ufe0f\u200d\ud83d\udd25|0 fnt\n|faint|p1a: Grey \u2764\ufe0f\u200d\ud83d\udd25\n|-ability|p2a: Greninja|Battle Bond|boost\n|-boost|p2a: Greninja|atk|1\n|-boost|p2a: Greninja|spa|1\n|-boost|p2a: Greninja|spe|1\n|-activate|p2a: Greninja|ability: Battle Bond\n|-damage|p2a: Greninja|21\/100|[from] item: Life Orb\n|\n|upkeep\n|\n|t:|1700464062\n|switch|p1a: Mai Tai \ud83e\udd61|Ting-Lu, tera:Ghost|16\/100 par\n|-ability|p1a: Mai Tai \ud83e\udd61|Vessel of Ruin\n|turn|27\n|\n|t:|1700464065\n|move|p2a: Greninja|Surf|p1a: Mai Tai \ud83e\udd61\n|-damage|p1a: Mai Tai \ud83e\udd61|0 fnt\n|faint|p1a: Mai Tai \ud83e\udd61\n|-damage|p2a: Greninja|11\/100|[from] item: Life Orb\n|\n|upkeep\n|\n|t:|1700464071\n|switch|p1a: Teresa \u271d\ufe0f|Hatterene, F|54\/100\n|turn|28\n|\n|t:|1700464090\n|switch|p1a: Shakira \ud83d\udc3a|Zamazenta, shiny|28\/100\n|move|p2a: Greninja|Surf|p1a: Shakira \ud83d\udc3a\n|-damage|p1a: Shakira \ud83d\udc3a|0 fnt\n|faint|p1a: Shakira \ud83d\udc3a\n|-damage|p2a: Greninja|1\/100|[from] item: Life Orb\n|\n|upkeep\n|\n|t:|1700464105\n|switch|p1a: Connie \u2696\ufe0f|Kommo-o, F, shiny|23\/100\n|turn|29\n|\n|t:|1700464114\n|move|p2a: Greninja|Surf|p1a: Connie \u2696\ufe0f\n|-resisted|p1a: Connie \u2696\ufe0f\n|-damage|p1a: Connie \u2696\ufe0f|0 fnt\n|faint|p1a: Connie \u2696\ufe0f\n|-damage|p2a: Greninja|0 fnt|[from] item: Life Orb\n|faint|p2a: Greninja\n|\n|upkeep\n|\n|t:|1700464121\n|switch|p2a: Xana|Meowscarada, M|88\/100\n|switch|p1a: Teresa \u271d\ufe0f|Hatterene, F|54\/100\n|turn|30\n|\n|t:|1700464126\n|move|p2a: Xana|Flower Trick|p1a: Teresa \u271d\ufe0f\n|-crit|p1a: Teresa \u271d\ufe0f\n|-damage|p1a: Teresa \u271d\ufe0f|0 fnt\n|faint|p1a: Teresa \u271d\ufe0f\n|-damage|p2a: Xana|78\/100|[from] item: Life Orb\n|\n|upkeep\n|\n|t:|1700464130\n|switch|p1a: Iris \ud83d\udd31|Gholdengo, shiny|60\/100\n|turn|31\n|\n|t:|1700464134\n|move|p2a: Xana|Sucker Punch|p1a: Iris \ud83d\udd31\n|-supereffective|p1a: Iris \ud83d\udd31\n|-damage|p1a: Iris \ud83d\udd31|0 fnt\n|faint|p1a: Iris \ud83d\udd31\n|-damage|p2a: Xana|68\/100|[from] item: Life Orb\n|\n|win|s.daninja\n|raw|thraxxedout's rating: 1567 &rarr; <strong>1553<\/strong><br \/>(-14 for losing)\n|raw|s.daninja's rating: 1670 &rarr; <strong>1684<\/strong><br \/>(+14 for winning)\n|c|\u2606s.daninja|Bum\n|c|\u2606s.daninja|Toma usuario de ting lu\n","uploadtime":1700464158,"views":36,"p1id":"thraxxedout","p2id":"sdaninja","formatid":"gen9ou","rating":1553,"private":0,"password":""}