{"id":"gen9ou-2000614571","p1":"AvocadotheII","p2":"smogonfulloflies","format":"[Gen 9] OU","log":"|j|\u2606AvocadotheII\n|j|\u2606smogonfulloflies\n|t:|1701210697\n|gametype|singles\n|player|p1|AvocadotheII|2|1055\n|player|p2|smogonfulloflies|juggler-gen1|1135\n|teamsize|p1|6\n|teamsize|p2|6\n|gen|9\n|tier|[Gen 9] OU\n|rated|\n|rule|Sleep Clause Mod: Limit one foe put to sleep\n|rule|Species Clause: Limit one of each Pok\u00e9mon\n|rule|OHKO Clause: OHKO moves are banned\n|rule|Evasion Items Clause: Evasion items are banned\n|rule|Evasion Moves Clause: Evasion moves are banned\n|rule|Endless Battle Clause: Forcing endless battles is banned\n|rule|HP Percentage Mod: HP is shown in percentages\n|clearpoke\n|poke|p1|Lucario, F|\n|poke|p1|Toxapex, M|\n|poke|p1|Dragonite, M|\n|poke|p1|Talonflame, F|\n|poke|p1|Torterra, F|\n|poke|p1|Greninja-*, M|\n|poke|p2|Kingambit, F|\n|poke|p2|Indeedee, M|\n|poke|p2|Dragapult, F|\n|poke|p2|Armarouge, M|\n|poke|p2|Great Tusk|\n|poke|p2|Samurott-Hisui, M|\n|teampreview\n|\n|t:|1701210739\n|start\n|switch|p1a: Lucario|Lucario, F|100\/100\n|switch|p2a: Samurott|Samurott-Hisui, M|100\/100\n|turn|1\n|\n|t:|1701210771\n|move|p1a: Lucario|Close Combat|p2a: Samurott\n|-supereffective|p2a: Samurott\n|-enditem|p2a: Samurott|Focus Sash\n|-damage|p2a: Samurott|1\/100\n|-unboost|p1a: Lucario|def|1\n|-unboost|p1a: Lucario|spd|1\n|-damage|p1a: Lucario|91\/100|[from] item: Life Orb\n|move|p2a: Samurott|Ceaseless Edge|p1a: Lucario\n|-resisted|p1a: Lucario\n|-damage|p1a: Lucario|38\/100\n|-sidestart|p1: AvocadotheII|Spikes\n|\n|upkeep\n|turn|2\n|\n|t:|1701210801\n|move|p1a: Lucario|Extreme Speed|p2a: Samurott\n|-damage|p2a: Samurott|0 fnt\n|faint|p2a: Samurott\n|-damage|p1a: Lucario|28\/100|[from] item: Life Orb\n|\n|upkeep\n|\n|t:|1701210828\n|switch|p2a: Great Tusk|Great Tusk|100\/100\n|turn|3\n|\n|t:|1701210840\n|move|p1a: Lucario|Close Combat|p2a: Great Tusk\n|-damage|p2a: Great Tusk|49\/100\n|-unboost|p1a: Lucario|def|1\n|-unboost|p1a: Lucario|spd|1\n|-damage|p1a: Lucario|18\/100|[from] item: Life Orb\n|move|p2a: Great Tusk|Rapid Spin|p1a: Lucario\n|-resisted|p1a: Lucario\n|-damage|p1a: Lucario|0 fnt\n|-boost|p2a: Great Tusk|spe|1\n|faint|p1a: Lucario\n|\n|upkeep\n|\n|t:|1701210859\n|switch|p1a: Dragonite|Dragonite, M|100\/100\n|turn|4\n|\n|t:|1701210865\n|move|p1a: Dragonite|Extreme Speed|p2a: Great Tusk\n|-damage|p2a: Great Tusk|28\/100\n|move|p2a: Great Tusk|Knock Off|p1a: Dragonite\n|-crit|p1a: Dragonite\n|-damage|p1a: Dragonite|70\/100\n|-enditem|p1a: Dragonite|Leftovers|[from] move: Knock Off|[of] p2a: Great Tusk\n|\n|upkeep\n|turn|5\n|\n|t:|1701210877\n|-end|p2a: Great Tusk|Protosynthesis|[silent]\n|switch|p2a: Dragapult|Dragapult, F|100\/100\n|move|p1a: Dragonite|Dragon Claw|p2a: Dragapult\n|-supereffective|p2a: Dragapult\n|-damage|p2a: Dragapult|0 fnt\n|faint|p2a: Dragapult\n|\n|upkeep\n|\n|t:|1701210886\n|switch|p2a: Great Tusk|Great Tusk|28\/100\n|turn|6\n|\n|t:|1701210891\n|move|p2a: Great Tusk|Close Combat|p1a: Dragonite\n|-resisted|p1a: Dragonite\n|-damage|p1a: Dragonite|38\/100\n|-unboost|p2a: Great Tusk|def|1\n|-unboost|p2a: Great Tusk|spd|1\n|move|p1a: Dragonite|Dragon Claw|p2a: Great Tusk\n|-damage|p2a: Great Tusk|0 fnt\n|faint|p2a: Great Tusk\n|-end|p2a: Great Tusk|Protosynthesis|[silent]\n|\n|upkeep\n|\n|t:|1701210900\n|switch|p2a: Indeedee|Indeedee, M|100\/100\n|-fieldstart|move: Psychic Terrain|[from] ability: Psychic Surge|[of] p2a: Indeedee\n|turn|7\n|\n|t:|1701210908\n|move|p2a: Indeedee|Dazzling Gleam|p1a: Dragonite\n|-supereffective|p1a: Dragonite\n|-crit|p1a: Dragonite\n|-damage|p1a: Dragonite|0 fnt\n|faint|p1a: Dragonite\n|\n|upkeep\n|\n|t:|1701210920\n|switch|p1a: Greninja|Greninja, M|100\/100\n|-damage|p1a: Greninja|88\/100|[from] Spikes\n|turn|8\n|\n|t:|1701210929\n|move|p1a: Greninja|Extrasensory|p2a: Indeedee\n|-start|p1a: Greninja|typechange|Psychic|[from] ability: Protean\n|-resisted|p2a: Indeedee\n|-damage|p2a: Indeedee|56\/100\n|-damage|p1a: Greninja|78\/100|[from] item: Life Orb\n|move|p2a: Indeedee|Dazzling Gleam|p1a: Greninja\n|-damage|p1a: Greninja|39\/100\n|\n|upkeep\n|turn|9\n|\n|t:|1701210944\n|move|p1a: Greninja|Ice Beam|p2a: Indeedee\n|-damage|p2a: Indeedee|11\/100\n|-status|p2a: Indeedee|frz\n|-damage|p1a: Greninja|29\/100|[from] item: Life Orb\n|-curestatus|p2a: Indeedee|frz|[msg]\n|move|p2a: Indeedee|Psychic|p1a: Greninja\n|-resisted|p1a: Greninja\n|-damage|p1a: Greninja|0 fnt\n|faint|p1a: Greninja\n|\n|upkeep\n|\n|t:|1701210956\n|switch|p1a: Talonflame|Talonflame, F|100\/100\n|turn|10\n|\n|t:|1701210962\n|move|p1a: Talonflame|Quick Attack|p2a: Indeedee\n|-activate|p2a: Indeedee|move: Psychic Terrain\n|move|p2a: Indeedee|Dazzling Gleam|p1a: Talonflame\n|-resisted|p1a: Talonflame\n|-damage|p1a: Talonflame|81\/100\n|\n|upkeep\n|turn|11\n|\n|t:|1701210972\n|switch|p1a: Toxapex|Toxapex, M|100\/100\n|-damage|p1a: Toxapex|88\/100|[from] Spikes\n|move|p2a: Indeedee|Psychic|p1a: Toxapex\n|-supereffective|p1a: Toxapex\n|-damage|p1a: Toxapex|0 fnt\n|faint|p1a: Toxapex\n|\n|upkeep\n|-message|AvocadotheII forfeited.\n|\n|win|smogonfulloflies\n|raw|AvocadotheII's rating: 1055 &rarr; <strong>1041<\/strong><br \/>(-14 for losing)\n|raw|smogonfulloflies's rating: 1135 &rarr; <strong>1154<\/strong><br \/>(+19 for winning)\n|l|\u2606AvocadotheII\n","uploadtime":1701210985,"views":0,"p1id":"avocadotheii","p2id":"smogonfulloflies","formatid":"gen9ou","rating":1041,"private":0,"password":""}