{"id":"gen9ou-1993006027","p1":"beanbaws","p2":"funkaflash","format":"[Gen 9] OU","log":"|j|\u2606beanbaws\n|j|\u2606funkaflash\n|t:|1700254774\n|gametype|singles\n|player|p1|beanbaws|emmet|1184\n|player|p2|funkaflash|boarder|1098\n|teamsize|p1|6\n|teamsize|p2|6\n|gen|9\n|tier|[Gen 9] OU\n|rated|\n|rule|Sleep Clause Mod: Limit one foe put to sleep\n|rule|Species Clause: Limit one of each Pok\u00e9mon\n|rule|OHKO Clause: OHKO moves are banned\n|rule|Evasion Items Clause: Evasion items are banned\n|rule|Evasion Moves Clause: Evasion moves are banned\n|rule|Endless Battle Clause: Forcing endless battles is banned\n|rule|HP Percentage Mod: HP is shown in percentages\n|clearpoke\n|poke|p1|Cinderace, M|\n|poke|p1|Walking Wake|\n|poke|p1|Torkoal, F|\n|poke|p1|Thundurus-Therian, M|\n|poke|p1|Iron Moth|\n|poke|p1|Iron Valiant|\n|poke|p2|Salazzle, F|\n|poke|p2|Zapdos|\n|poke|p2|Ogerpon-Wellspring, F|\n|poke|p2|Landorus-Therian, M|\n|poke|p2|Hatterene, F|\n|poke|p2|Great Tusk|\n|teampreview\n|inactive|Battle timer is ON: inactive players will automatically lose when time's up. (requested by funkaflash)\n|\n|t:|1700254791\n|start\n|switch|p1a: Torkoal|Torkoal, F|100\/100\n|switch|p2a: Salazzle|Salazzle, F, shiny|100\/100\n|-weather|SunnyDay|[from] ability: Drought|[of] p1a: Torkoal\n|turn|1\n|\n|t:|1700254795\n|switch|p1a: Iron Moth|Iron Moth|100\/100\n|move|p2a: Salazzle|Toxic|p1a: Iron Moth\n|-status|p1a: Iron Moth|tox\n|\n|-weather|SunnyDay|[upkeep]\n|-damage|p1a: Iron Moth|95\/100 tox|[from] psn\n|upkeep\n|turn|2\n|\n|t:|1700254813\n|-end|p1a: Iron Moth|Quark Drive|[silent]\n|switch|p1a: Walking Wake|Walking Wake|100\/100\n|-activate|p1a: Walking Wake|ability: Protosynthesis\n|-start|p1a: Walking Wake|protosynthesisspa\n|switch|p2a: Great Tusk|Great Tusk|100\/100\n|-activate|p2a: Great Tusk|ability: Protosynthesis\n|-start|p2a: Great Tusk|protosynthesisatk\n|\n|-weather|SunnyDay|[upkeep]\n|upkeep\n|turn|3\n|\n|t:|1700254820\n|-end|p2a: Great Tusk|Protosynthesis|[silent]\n|switch|p2a: Ogerpon|Ogerpon-Wellspring, F|100\/100\n|move|p1a: Walking Wake|Draco Meteor|p2a: Ogerpon\n|-damage|p2a: Ogerpon|14\/100\n|-unboost|p1a: Walking Wake|spa|2\n|\n|-weather|SunnyDay|[upkeep]\n|upkeep\n|turn|4\n|\n|t:|1700254828\n|move|p2a: Ogerpon|Spiky Shield|p2a: Ogerpon\n|-singleturn|p2a: Ogerpon|move: Protect\n|move|p1a: Walking Wake|Draco Meteor|p2a: Ogerpon\n|-activate|p2a: Ogerpon|move: Protect\n|\n|-weather|SunnyDay|[upkeep]\n|upkeep\n|turn|5\n|\n|t:|1700254834\n|move|p1a: Walking Wake|Draco Meteor|p2a: Ogerpon\n|-damage|p2a: Ogerpon|0 fnt\n|-unboost|p1a: Walking Wake|spa|2\n|faint|p2a: Ogerpon\n|\n|-weather|SunnyDay|[upkeep]\n|upkeep\n|\n|t:|1700254837\n|switch|p2a: Zapdos|Zapdos, shiny|100\/100\n|turn|6\n|\n|t:|1700254841\n|-end|p1a: Walking Wake|Protosynthesis|[silent]\n|switch|p1a: Thundurus|Thundurus-Therian, M|100\/100\n|move|p2a: Zapdos|Thunderbolt|p1a: Thundurus\n|-immune|p1a: Thundurus|[from] ability: Volt Absorb\n|\n|-weather|SunnyDay|[upkeep]\n|upkeep\n|turn|7\n|\n|t:|1700254848\n|switch|p2a: Great Tusk|Great Tusk|100\/100\n|-activate|p2a: Great Tusk|ability: Protosynthesis\n|-start|p2a: Great Tusk|protosynthesisatk\n|move|p1a: Thundurus|Grass Knot|p2a: Great Tusk\n|-supereffective|p2a: Great Tusk\n|-damage|p2a: Great Tusk|0 fnt\n|faint|p2a: Great Tusk\n|-end|p2a: Great Tusk|Protosynthesis|[silent]\n|\n|-weather|SunnyDay|[upkeep]\n|upkeep\n|\n|t:|1700254857\n|switch|p2a: Salazzle|Salazzle, F, shiny|100\/100\n|turn|8\n|\n|t:|1700254875\n|switch|p1a: Iron Moth|Iron Moth|95\/100 tox\n|move|p2a: Salazzle|Toxic|p1a: Iron Moth\n|-fail|p1a: Iron Moth|tox\n|\n|-weather|none\n|-damage|p1a: Iron Moth|89\/100 tox|[from] psn\n|upkeep\n|turn|9\n|\n|t:|1700254883\n|-end|p1a: Iron Moth|Quark Drive|[silent]\n|switch|p1a: Torkoal|Torkoal, F|100\/100\n|-weather|SunnyDay|[from] ability: Drought|[of] p1a: Torkoal\n|move|p2a: Salazzle|Flamethrower|p1a: Torkoal\n|-resisted|p1a: Torkoal\n|-damage|p1a: Torkoal|57\/100\n|\n|-weather|SunnyDay|[upkeep]\n|upkeep\n|turn|10\n|\n|t:|1700254889\n|move|p2a: Salazzle|Toxic|p1a: Torkoal\n|-status|p1a: Torkoal|tox\n|move|p1a: Torkoal|Earth Power|p2a: Salazzle\n|-supereffective|p2a: Salazzle\n|-enditem|p2a: Salazzle|Focus Sash\n|-damage|p2a: Salazzle|1\/100\n|\n|-weather|SunnyDay|[upkeep]\n|-damage|p1a: Torkoal|51\/100 tox|[from] psn\n|upkeep\n|turn|11\n|\n|t:|1700254896\n|switch|p2a: Landorus|Landorus-Therian, M|100\/100\n|-ability|p2a: Landorus|Intimidate|boost\n|-unboost|p1a: Torkoal|atk|1\n|move|p1a: Torkoal|Lava Plume|p2a: Landorus\n|-damage|p2a: Landorus|56\/100\n|\n|-weather|SunnyDay|[upkeep]\n|-damage|p1a: Torkoal|38\/100 tox|[from] psn\n|upkeep\n|turn|12\n|\n|t:|1700254902\n|switch|p1a: Thundurus|Thundurus-Therian, M|100\/100\n|move|p2a: Landorus|Earthquake|p1a: Thundurus\n|-immune|p1a: Thundurus\n|\n|-weather|SunnyDay|[upkeep]\n|upkeep\n|turn|13\n|\n|t:|1700254909\n|switch|p2a: Hatterene|Hatterene, F, shiny|100\/100\n|move|p1a: Thundurus|Volt Switch|p2a: Hatterene\n|-damage|p2a: Hatterene|34\/100\n|\n|t:|1700254914\n|switch|p1a: Walking Wake|Walking Wake|100\/100|[from] Volt Switch\n|-activate|p1a: Walking Wake|ability: Protosynthesis\n|-start|p1a: Walking Wake|protosynthesisspa\n|\n|-weather|SunnyDay|[upkeep]\n|-heal|p2a: Hatterene|40\/100|[from] item: Leftovers\n|upkeep\n|turn|14\n|\n|t:|1700254920\n|-terastallize|p2a: Hatterene|Fairy\n|move|p1a: Walking Wake|Hydro Steam|p2a: Hatterene\n|-damage|p2a: Hatterene|0 fnt\n|faint|p2a: Hatterene\n|\n|-weather|SunnyDay|[upkeep]\n|upkeep\n|\n|t:|1700254924\n|switch|p2a: Salazzle|Salazzle, F, shiny|1\/100\n|turn|15\n|\n|t:|1700254926\n|move|p1a: Walking Wake|Hydro Steam|p2a: Salazzle\n|-supereffective|p2a: Salazzle\n|-damage|p2a: Salazzle|0 fnt\n|faint|p2a: Salazzle\n|\n|-weather|SunnyDay|[upkeep]\n|upkeep\n|\n|t:|1700254928\n|switch|p2a: Zapdos|Zapdos, shiny|100\/100\n|turn|16\n|\n|t:|1700254932\n|-terastallize|p1a: Walking Wake|Water\n|move|p1a: Walking Wake|Hydro Steam|p2a: Zapdos\n|-damage|p2a: Zapdos|0 fnt\n|faint|p2a: Zapdos\n|\n|-weather|none\n|-end|p1a: Walking Wake|Protosynthesis\n|upkeep\n|\n|t:|1700254936\n|switch|p2a: Landorus|Landorus-Therian, M|56\/100\n|-ability|p2a: Landorus|Intimidate|boost\n|-unboost|p1a: Walking Wake|atk|1\n|turn|17\n|\n|t:|1700254937\n|move|p1a: Walking Wake|Hydro Steam|p2a: Landorus\n|-supereffective|p2a: Landorus\n|-damage|p2a: Landorus|0 fnt\n|faint|p2a: Landorus\n|\n|win|beanbaws\n|raw|beanbaws's rating: 1184 &rarr; <strong>1203<\/strong><br \/>(+19 for winning)\n|raw|funkaflash's rating: 1098 &rarr; <strong>1079<\/strong><br \/>(-19 for losing)\n|l|\u2606funkaflash\n|c|\u2606beanbaws|Gg\n","uploadtime":1700254950,"views":10,"p1id":"beanbaws","p2id":"funkaflash","formatid":"gen9ou","rating":1079,"private":0,"password":""}