{"id":"gen9ou-1991538643","p1":"RowletTB","p2":"TotallyNotAutistic","format":"[Gen 9] OU","log":"|j|\u2606RowletTB\n|j|\u2606TotallyNotAutistic\n|t:|1700086256\n|gametype|singles\n|player|p1|RowletTB|crasherwake|1257\n|player|p2|TotallyNotAutistic|n|1350\n|teamsize|p1|6\n|teamsize|p2|6\n|gen|9\n|tier|[Gen 9] OU\n|rated|\n|rule|Sleep Clause Mod: Limit one foe put to sleep\n|rule|Species Clause: Limit one of each Pok\u00e9mon\n|rule|OHKO Clause: OHKO moves are banned\n|rule|Evasion Items Clause: Evasion items are banned\n|rule|Evasion Moves Clause: Evasion moves are banned\n|rule|Endless Battle Clause: Forcing endless battles is banned\n|rule|HP Percentage Mod: HP is shown in percentages\n|clearpoke\n|poke|p1|Glimmora, F|\n|poke|p1|Great Tusk|\n|poke|p1|Quaquaval, M|\n|poke|p1|Ribombee, M|\n|poke|p1|Salamence, M|\n|poke|p1|Sinistcha|\n|poke|p2|Greninja-*, F|\n|poke|p2|Cinderace, M|\n|poke|p2|Great Tusk|\n|poke|p2|Ogerpon-Wellspring, F|\n|poke|p2|Kingambit, M|\n|poke|p2|Thundurus-Therian, M|\n|teampreview\n|\n|t:|1700086272\n|start\n|switch|p1a: Glimmora|Glimmora, F|100\/100\n|switch|p2a: Greninja|Greninja, F|100\/100\n|turn|1\n|\n|t:|1700086280\n|move|p2a: Greninja|Taunt|p1a: Glimmora\n|-start|p1a: Glimmora|move: Taunt\n|cant|p1a: Glimmora|move: Taunt|Stealth Rock\n|\n|upkeep\n|turn|2\n|\n|t:|1700086286\n|move|p2a: Greninja|Surf|p1a: Glimmora\n|-supereffective|p1a: Glimmora\n|-damage|p1a: Glimmora|14\/100\n|move|p1a: Glimmora|Mortal Spin|p2a: Greninja\n|-damage|p2a: Greninja|91\/100\n|-status|p2a: Greninja|psn\n|\n|-damage|p2a: Greninja|79\/100 psn|[from] psn\n|upkeep\n|turn|3\n|\n|t:|1700086297\n|move|p2a: Greninja|Surf|p1a: Glimmora\n|-supereffective|p1a: Glimmora\n|-damage|p1a: Glimmora|0 fnt\n|faint|p1a: Glimmora\n|\n|-damage|p2a: Greninja|66\/100 psn|[from] psn\n|upkeep\n|\n|t:|1700086305\n|switch|p1a: Ribombee|Ribombee, M|100\/100\n|turn|4\n|\n|t:|1700086309\n|switch|p2a: Cinderace|Cinderace, M|100\/100\n|move|p1a: Ribombee|Quiver Dance|p1a: Ribombee\n|-boost|p1a: Ribombee|spa|1\n|-boost|p1a: Ribombee|spd|1\n|-boost|p1a: Ribombee|spe|1\n|\n|upkeep\n|turn|5\n|\n|t:|1700086318\n|move|p1a: Ribombee|Quiver Dance|p1a: Ribombee\n|-boost|p1a: Ribombee|spa|1\n|-boost|p1a: Ribombee|spd|1\n|-boost|p1a: Ribombee|spe|1\n|move|p2a: Cinderace|Pyro Ball|p1a: Ribombee\n|-supereffective|p1a: Ribombee\n|-damage|p1a: Ribombee|0 fnt\n|faint|p1a: Ribombee\n|\n|upkeep\n|\n|t:|1700086327\n|switch|p1a: Great Tusk|Great Tusk|100\/100\n|turn|6\n|\n|t:|1700086331\n|move|p2a: Cinderace|Will-O-Wisp|p1a: Great Tusk\n|-status|p1a: Great Tusk|brn\n|move|p1a: Great Tusk|Rapid Spin|p2a: Cinderace\n|-damage|p2a: Cinderace|86\/100\n|-boost|p1a: Great Tusk|spe|1\n|\n|-damage|p1a: Great Tusk|94\/100 brn|[from] brn\n|upkeep\n|turn|7\n|\n|t:|1700086340\n|move|p2a: Cinderace|U-turn|p1a: Great Tusk\n|-start|p2a: Cinderace|typechange|Bug|[from] ability: Libero\n|-resisted|p1a: Great Tusk\n|-damage|p1a: Great Tusk|83\/100 brn\n|\n|t:|1700086344\n|switch|p2a: Ogerpon|Ogerpon-Wellspring, F|100\/100|[from] U-turn\n|move|p1a: Great Tusk|Bulk Up|p1a: Great Tusk\n|-boost|p1a: Great Tusk|atk|1\n|-boost|p1a: Great Tusk|def|1\n|\n|-heal|p1a: Great Tusk|89\/100 brn|[from] item: Leftovers\n|-damage|p1a: Great Tusk|83\/100 brn|[from] brn\n|upkeep\n|turn|8\n|\n|t:|1700086357\n|move|p2a: Ogerpon|Encore|p1a: Great Tusk\n|-start|p1a: Great Tusk|Encore\n|move|p1a: Great Tusk|Bulk Up|p1a: Great Tusk\n|-boost|p1a: Great Tusk|atk|1\n|-boost|p1a: Great Tusk|def|1\n|\n|-heal|p1a: Great Tusk|89\/100 brn|[from] item: Leftovers\n|-damage|p1a: Great Tusk|83\/100 brn|[from] brn\n|upkeep\n|turn|9\n|\n|t:|1700086368\n|switch|p2a: Greninja|Greninja, F|66\/100 psn\n|-end|p1a: Great Tusk|Protosynthesis|[silent]\n|switch|p1a: Salamence|Salamence, M|100\/100\n|\n|-damage|p2a: Greninja|54\/100 psn|[from] psn\n|upkeep\n|turn|10\n|\n|t:|1700086378\n|move|p2a: Greninja|Taunt|p1a: Salamence\n|-start|p1a: Salamence|move: Taunt\n|cant|p1a: Salamence|move: Taunt|Dragon Dance\n|\n|-damage|p2a: Greninja|42\/100 psn|[from] psn\n|upkeep\n|turn|11\n|\n|t:|1700086394\n|switch|p2a: Thundurus|Thundurus-Therian, M|100\/100\n|move|p1a: Salamence|Dual Wingbeat|p2a: Thundurus\n|-resisted|p2a: Thundurus\n|-damage|p2a: Thundurus|82\/100\n|-resisted|p2a: Thundurus\n|-crit|p2a: Thundurus\n|-damage|p2a: Thundurus|54\/100\n|-hitcount|p2a: Thundurus|2\n|\n|upkeep\n|turn|12\n|\n|t:|1700086405\n|move|p2a: Thundurus|Volt Switch|p1a: Salamence\n|-damage|p1a: Salamence|33\/100\n|\n|t:|1700086415\n|switch|p2a: Kingambit|Kingambit, M|100\/100|[from] Volt Switch\n|move|p1a: Salamence|Dragon Claw|p2a: Kingambit\n|-resisted|p2a: Kingambit\n|-damage|p2a: Kingambit|83\/100\n|\n|-heal|p1a: Salamence|39\/100|[from] item: Leftovers\n|-end|p1a: Salamence|move: Taunt\n|upkeep\n|turn|13\n|\n|t:|1700086429\n|move|p1a: Salamence|Substitute|p1a: Salamence\n|-start|p1a: Salamence|Substitute\n|-damage|p1a: Salamence|14\/100\n|move|p2a: Kingambit|Iron Head|p1a: Salamence\n|-end|p1a: Salamence|Substitute\n|\n|-heal|p1a: Salamence|21\/100|[from] item: Leftovers\n|upkeep\n|turn|14\n|\n|t:|1700086440\n|move|p1a: Salamence|Dragon Claw|p2a: Kingambit\n|-resisted|p2a: Kingambit\n|-damage|p2a: Kingambit|68\/100\n|move|p2a: Kingambit|Kowtow Cleave|p1a: Salamence\n|-damage|p1a: Salamence|0 fnt\n|faint|p1a: Salamence\n|\n|upkeep\n|\n|t:|1700086449\n|switch|p1a: Quaquaval|Quaquaval, M|100\/100\n|turn|15\n|\n|t:|1700086460\n|-end|p2a: Kingambit|fallenundefined|[silent]\n|switch|p2a: Ogerpon|Ogerpon-Wellspring, F|100\/100\n|move|p1a: Quaquaval|Aqua Step|p2a: Ogerpon\n|-immune|p2a: Ogerpon|[from] ability: Water Absorb\n|\n|upkeep\n|turn|16\n|\n|t:|1700086470\n|-terastallize|p1a: Quaquaval|Flying\n|move|p2a: Ogerpon|Leech Seed|p1a: Quaquaval\n|-start|p1a: Quaquaval|move: Leech Seed\n|move|p1a: Quaquaval|Brave Bird|p2a: Ogerpon\n|-supereffective|p2a: Ogerpon\n|-damage|p2a: Ogerpon|0 fnt\n|faint|p2a: Ogerpon\n|-ability|p1a: Quaquaval|Moxie|boost\n|-boost|p1a: Quaquaval|atk|1\n|-damage|p1a: Quaquaval|68\/100|[from] Recoil\n|\n|-heal|p1a: Quaquaval|75\/100|[from] item: Leftovers\n|upkeep\n|\n|t:|1700086494\n|switch|p2a: Thundurus|Thundurus-Therian, M|54\/100\n|turn|17\n|\n|t:|1700086500\n|move|p2a: Thundurus|Volt Switch|p1a: Quaquaval\n|-supereffective|p1a: Quaquaval\n|-damage|p1a: Quaquaval|0 fnt\n|faint|p1a: Quaquaval\n|\n|t:|1700086508\n|switch|p2a: Cinderace|Cinderace, M|86\/100|[from] Volt Switch\n|\n|upkeep\n|\n|t:|1700086513\n|switch|p1a: Great Tusk|Great Tusk|83\/100 brn\n|turn|18\n|\n|t:|1700086531\n|move|p2a: Cinderace|Pyro Ball|p1a: Great Tusk\n|-damage|p1a: Great Tusk|44\/100 brn\n|move|p1a: Great Tusk|Rapid Spin|p2a: Cinderace\n|-damage|p2a: Cinderace|71\/100\n|-boost|p1a: Great Tusk|spe|1\n|\n|-heal|p1a: Great Tusk|50\/100 brn|[from] item: Leftovers\n|-damage|p1a: Great Tusk|44\/100 brn|[from] brn\n|upkeep\n|turn|19\n|\n|t:|1700086542\n|move|p2a: Cinderace|Pyro Ball|p1a: Great Tusk\n|-damage|p1a: Great Tusk|10\/100 brn\n|move|p1a: Great Tusk|Earthquake|p2a: Cinderace\n|-supereffective|p2a: Cinderace\n|-damage|p2a: Cinderace|0 fnt\n|faint|p2a: Cinderace\n|\n|-heal|p1a: Great Tusk|16\/100 brn|[from] item: Leftovers\n|-damage|p1a: Great Tusk|10\/100 brn|[from] brn\n|upkeep\n|\n|t:|1700086553\n|switch|p2a: Thundurus|Thundurus-Therian, M|54\/100\n|turn|20\n|\n|t:|1700086558\n|move|p1a: Great Tusk|Earthquake|p2a: Thundurus\n|-immune|p2a: Thundurus\n|move|p2a: Thundurus|Grass Knot|p1a: Great Tusk\n|-supereffective|p1a: Great Tusk\n|-damage|p1a: Great Tusk|0 fnt\n|faint|p1a: Great Tusk\n|-end|p1a: Great Tusk|Protosynthesis|[silent]\n|\n|upkeep\n|\n|t:|1700086566\n|switch|p1a: Sinistcha|Sinistcha|100\/100\n|turn|21\n|\n|t:|1700086574\n|switch|p2a: Greninja|Greninja, F|42\/100 psn\n|move|p1a: Sinistcha|Calm Mind|p1a: Sinistcha\n|-boost|p1a: Sinistcha|spa|1\n|-boost|p1a: Sinistcha|spd|1\n|\n|-damage|p2a: Greninja|29\/100 psn|[from] psn\n|upkeep\n|turn|22\n|\n|t:|1700086583\n|move|p2a: Greninja|Taunt|p1a: Sinistcha\n|-start|p1a: Sinistcha|move: Taunt\n|cant|p1a: Sinistcha|move: Taunt|Calm Mind\n|\n|-damage|p2a: Greninja|17\/100 psn|[from] psn\n|upkeep\n|turn|23\n|\n|t:|1700086592\n|move|p2a: Greninja|Surf|p1a: Sinistcha\n|-resisted|p1a: Sinistcha\n|-damage|p1a: Sinistcha|83\/100\n|move|p1a: Sinistcha|Matcha Gotcha|p2a: Greninja\n|-supereffective|p2a: Greninja\n|-damage|p2a: Greninja|0 fnt\n|-heal|p1a: Sinistcha|92\/100|[from] drain|[of] p2a: Greninja\n|faint|p2a: Greninja\n|\n|-heal|p1a: Sinistcha|98\/100|[from] item: Leftovers\n|upkeep\n|\n|t:|1700086606\n|switch|p2a: Kingambit|Kingambit, M|68\/100\n|-activate|p2a: Kingambit|ability: Supreme Overlord\n|-start|p2a: Kingambit|fallen3|[silent]\n|turn|24\n|\n|t:|1700086615\n|-terastallize|p2a: Kingambit|Dark\n|move|p2a: Kingambit|Sucker Punch|p1a: Sinistcha\n|-supereffective|p1a: Sinistcha\n|-damage|p1a: Sinistcha|0 fnt\n|faint|p1a: Sinistcha\n|\n|win|TotallyNotAutistic\n|raw|RowletTB's rating: 1257 &rarr; <strong>1239<\/strong><br \/>(-18 for losing)\n|raw|TotallyNotAutistic's rating: 1350 &rarr; <strong>1365<\/strong><br \/>(+15 for winning)\n|l|\u2606RowletTB\n","uploadtime":1700086643,"views":12,"p1id":"rowlettb","p2id":"totallynotautistic","formatid":"gen9ou","rating":1239,"private":0,"password":""}