{"id":"gen9ou-2000225732","p1":"Xudedog","p2":"Ordmas","format":"[Gen 9] OU","log":"|j|\u2606Xudedog\n|j|\u2606Ordmas\n|t:|1701174585\n|gametype|singles\n|player|p1|Xudedog|steven|1005\n|player|p2|Ordmas|rocketgruntf|1102\n|teamsize|p1|6\n|teamsize|p2|6\n|gen|9\n|tier|[Gen 9] OU\n|rated|\n|rule|Sleep Clause Mod: Limit one foe put to sleep\n|rule|Species Clause: Limit one of each Pok\u00e9mon\n|rule|OHKO Clause: OHKO moves are banned\n|rule|Evasion Items Clause: Evasion items are banned\n|rule|Evasion Moves Clause: Evasion moves are banned\n|rule|Endless Battle Clause: Forcing endless battles is banned\n|rule|HP Percentage Mod: HP is shown in percentages\n|clearpoke\n|poke|p1|Alomomola, F|\n|poke|p1|Slowking-Galar, F|\n|poke|p1|Kingambit, F|\n|poke|p1|Great Tusk|\n|poke|p1|Cinderace, F|\n|poke|p1|Thundurus-Therian, M|\n|poke|p2|Ribombee, F|\n|poke|p2|Garchomp, F|\n|poke|p2|Greninja-*, M|\n|poke|p2|Zapdos|\n|poke|p2|Jirachi|\n|poke|p2|Gengar, M|\n|teampreview\n|\n|t:|1701174594\n|start\n|switch|p1a: Cinderace|Cinderace, F|100\/100\n|switch|p2a: Feechka|Ribombee, F|100\/100\n|turn|1\n|\n|t:|1701174603\n|move|p2a: Feechka|Sticky Web|p1a: Cinderace\n|-sidestart|p1: Xudedog|move: Sticky Web\n|move|p1a: Cinderace|U-turn|p2a: Feechka\n|-start|p1a: Cinderace|typechange|Bug|[from] ability: Libero\n|-resisted|p2a: Feechka\n|-damage|p2a: Feechka|51\/100\n|\n|t:|1701174611\n|switch|p1a: Great Tusk|Great Tusk|100\/100|[from] U-turn\n|-activate|p1a: Great Tusk|move: Sticky Web\n|-unboost|p1a: Great Tusk|spe|1\n|\n|upkeep\n|turn|2\n|\n|t:|1701174628\n|move|p2a: Feechka|Moonblast|p1a: Great Tusk\n|-supereffective|p1a: Great Tusk\n|-damage|p1a: Great Tusk|0 fnt\n|faint|p1a: Great Tusk\n|-end|p1a: Great Tusk|Protosynthesis|[silent]\n|\n|upkeep\n|\n|t:|1701174636\n|switch|p1a: Slowking|Slowking-Galar, F|100\/100\n|turn|3\n|\n|t:|1701174643\n|move|p2a: Feechka|U-turn|p1a: Slowking\n|-damage|p1a: Slowking|86\/100\n|\n|t:|1701174651\n|switch|p2a: Sintia|Garchomp, F|100\/100|[from] U-turn\n|move|p1a: Slowking|Ice Beam|p2a: Sintia\n|-supereffective|p2a: Sintia\n|-damage|p2a: Sintia|8\/100\n|-status|p2a: Sintia|frz\n|\n|upkeep\n|turn|4\n|\n|t:|1701174661\n|cant|p2a: Sintia|frz\n|move|p1a: Slowking|Ice Beam|p2a: Sintia\n|-supereffective|p2a: Sintia\n|-damage|p2a: Sintia|0 fnt\n|faint|p2a: Sintia\n|\n|upkeep\n|\n|t:|1701174670\n|switch|p2a: General F|Gengar, M|100\/100\n|turn|5\n|\n|t:|1701174675\n|move|p2a: General F|Shadow Ball|p1a: Slowking\n|-supereffective|p1a: Slowking\n|-damage|p1a: Slowking|38\/100\n|-unboost|p1a: Slowking|spd|1\n|move|p1a: Slowking|Chilly Reception|p1a: Slowking\n|-weather|Snow\n|\n|t:|1701174683\n|switch|p1a: Kingambit|Kingambit, F|100\/100|[from] Chilly Reception\n|-activate|p1a: Kingambit|move: Sticky Web\n|-unboost|p1a: Kingambit|spe|1\n|-activate|p1a: Kingambit|ability: Supreme Overlord\n|-start|p1a: Kingambit|fallen1|[silent]\n|\n|-weather|Snow|[upkeep]\n|upkeep\n|turn|6\n|\n|t:|1701174707\n|switch|p2a: Ten'|Greninja, M|100\/100\n|move|p1a: Kingambit|Sucker Punch||[still]\n|-fail|p1a: Kingambit\n|\n|-weather|Snow|[upkeep]\n|upkeep\n|turn|7\n|\n|t:|1701174716\n|move|p2a: Ten'|Surf|p1a: Kingambit\n|-damage|p1a: Kingambit|54\/100\n|-damage|p2a: Ten'|91\/100|[from] item: Life Orb\n|move|p1a: Kingambit|Iron Head|p2a: Ten'\n|-resisted|p2a: Ten'\n|-damage|p2a: Ten'|48\/100\n|\n|-weather|Snow|[upkeep]\n|-heal|p1a: Kingambit|60\/100|[from] item: Leftovers\n|upkeep\n|turn|8\n|\n|t:|1701174731\n|move|p2a: Ten'|Surf|p1a: Kingambit\n|-damage|p1a: Kingambit|10\/100\n|-damage|p2a: Ten'|38\/100|[from] item: Life Orb\n|move|p1a: Kingambit|Iron Head|p2a: Ten'\n|-resisted|p2a: Ten'\n|-damage|p2a: Ten'|0 fnt\n|faint|p2a: Ten'\n|\n|-weather|Snow|[upkeep]\n|-heal|p1a: Kingambit|16\/100|[from] item: Leftovers\n|upkeep\n|\n|t:|1701174749\n|switch|p2a: General F|Gengar, M|100\/100\n|turn|9\n|\n|t:|1701174754\n|move|p1a: Kingambit|Sucker Punch|p2a: General F\n|-supereffective|p2a: General F\n|-enditem|p2a: General F|Focus Sash\n|-damage|p2a: General F|1\/100\n|move|p2a: General F|Thunderbolt|p1a: Kingambit\n|-damage|p1a: Kingambit|0 fnt\n|faint|p1a: Kingambit\n|-end|p1a: Kingambit|fallen1|[silent]\n|\n|-weather|none\n|upkeep\n|\n|t:|1701174764\n|switch|p1a: Slowking|Slowking-Galar, F|71\/100\n|turn|10\n|\n|t:|1701174769\n|move|p2a: General F|Shadow Ball|p1a: Slowking\n|-supereffective|p1a: Slowking\n|-damage|p1a: Slowking|24\/100\n|move|p1a: Slowking|Ice Beam|p2a: General F\n|-damage|p2a: General F|0 fnt\n|-start|p1a: Slowking|Disable|Ice Beam|[from] ability: Cursed Body|[of] p2a: General F\n|faint|p2a: General F\n|\n|upkeep\n|\n|t:|1701174780\n|switch|p2a: Wisha|Jirachi|100\/100\n|turn|11\n|\n|t:|1701174785\n|switch|p1a: Alomomola|Alomomola, F|100\/100\n|move|p2a: Wisha|Zen Headbutt|p1a: Alomomola\n|-damage|p1a: Alomomola|84\/100\n|\n|upkeep\n|turn|12\n|inactive|Battle timer is ON: inactive players will automatically lose when time's up. (requested by Ordmas)\n|\n|t:|1701174817\n|move|p2a: Wisha|U-turn|p1a: Alomomola\n|-damage|p1a: Alomomola|73\/100\n|\n|t:|1701174841\n|switch|p2a: Zeida|Zapdos|100\/100|[from] U-turn\n|move|p1a: Alomomola|Scald|p2a: Zeida\n|-damage|p2a: Zeida|86\/100\n|\n|upkeep\n|turn|13\n|inactive|Xudedog has 120 seconds left.\n|\n|t:|1701174875\n|-terastallize|p1a: Alomomola|Flying\n|move|p2a: Zeida|Thunderbolt|p1a: Alomomola\n|-supereffective|p1a: Alomomola\n|-damage|p1a: Alomomola|0 fnt\n|faint|p1a: Alomomola\n|\n|upkeep\n|inactive|Xudedog has 120 seconds left.\n|\n|t:|1701174887\n|switch|p1a: Cinderace|Cinderace, F|100\/100\n|-activate|p1a: Cinderace|move: Sticky Web\n|-unboost|p1a: Cinderace|spe|1\n|turn|14\n|inactive|Xudedog has 120 seconds left.\n|\n|t:|1701174900\n|move|p2a: Zeida|Thunderbolt|p1a: Cinderace\n|-damage|p1a: Cinderace|39\/100\n|move|p1a: Cinderace|Iron Head|p2a: Zeida\n|-start|p1a: Cinderace|typechange|Steel|[from] ability: Libero\n|-resisted|p2a: Zeida\n|-damage|p2a: Zeida|50\/100\n|\n|upkeep\n|turn|15\n|inactive|Xudedog has 120 seconds left.\n|\n|t:|1701174910\n|switch|p1a: Slowking|Slowking-Galar, F|57\/100\n|move|p2a: Zeida|Thunderbolt|p1a: Slowking\n|-damage|p1a: Slowking|28\/100\n|\n|upkeep\n|turn|16\n|\n|t:|1701174919\n|move|p2a: Zeida|Thunderbolt|p1a: Slowking\n|-damage|p1a: Slowking|1\/100\n|move|p1a: Slowking|Chilly Reception|p1a: Slowking\n|-weather|Snow\n|\n|t:|1701174928\n|switch|p1a: Thundurus|Thundurus-Therian, M|100\/100|[from] Chilly Reception\n|\n|-weather|Snow|[upkeep]\n|upkeep\n|turn|17\n|\n|t:|1701174938\n|move|p1a: Thundurus|Volt Switch|p2a: Zeida\n|-damage|p2a: Zeida|0 fnt\n|faint|p2a: Zeida\n|\n|t:|1701174947\n|switch|p1a: Cinderace|Cinderace, F|39\/100|[from] Volt Switch\n|-activate|p1a: Cinderace|move: Sticky Web\n|-unboost|p1a: Cinderace|spe|1\n|\n|-weather|Snow|[upkeep]\n|upkeep\n|\n|t:|1701174976\n|switch|p2a: Feechka|Ribombee, F|51\/100\n|turn|18\n|\n|t:|1701174984\n|move|p2a: Feechka|Moonblast|p1a: Cinderace\n|-resisted|p1a: Cinderace\n|-damage|p1a: Cinderace|8\/100\n|move|p1a: Cinderace|Pyro Ball|p2a: Feechka\n|-supereffective|p2a: Feechka\n|-damage|p2a: Feechka|0 fnt\n|faint|p2a: Feechka\n|\n|-weather|Snow|[upkeep]\n|upkeep\n|\n|t:|1701174993\n|switch|p2a: Wisha|Jirachi|100\/100\n|turn|19\n|\n|t:|1701175001\n|move|p2a: Wisha|Zen Headbutt|p1a: Cinderace\n|-damage|p1a: Cinderace|0 fnt\n|faint|p1a: Cinderace\n|\n|-weather|Snow|[upkeep]\n|upkeep\n|\n|t:|1701175009\n|switch|p1a: Thundurus|Thundurus-Therian, M|100\/100\n|turn|20\n|\n|t:|1701175020\n|move|p1a: Thundurus|Volt Switch|p2a: Wisha\n|-damage|p2a: Wisha|60\/100\n|\n|t:|1701175028\n|switch|p1a: Slowking|Slowking-Galar, F|34\/100|[from] Volt Switch\n|move|p2a: Wisha|Confuse Ray|p1a: Slowking\n|-start|p1a: Slowking|confusion\n|\n|-weather|none\n|-heal|p2a: Wisha|66\/100|[from] item: Leftovers\n|upkeep\n|turn|21\n|\n|t:|1701175043\n|move|p2a: Wisha|Zen Headbutt|p1a: Slowking\n|-damage|p1a: Slowking|4\/100\n|cant|p1a: Slowking|flinch\n|\n|-heal|p2a: Wisha|72\/100|[from] item: Leftovers\n|upkeep\n|turn|22\n|\n|t:|1701175054\n|move|p2a: Wisha|Zen Headbutt|p1a: Slowking\n|-damage|p1a: Slowking|0 fnt\n|faint|p1a: Slowking\n|\n|-heal|p2a: Wisha|79\/100|[from] item: Leftovers\n|upkeep\n|\n|t:|1701175061\n|switch|p1a: Thundurus|Thundurus-Therian, M|100\/100\n|turn|23\n|\n|t:|1701175069\n|move|p1a: Thundurus|Volt Switch|p2a: Wisha\n|-damage|p2a: Wisha|42\/100\n|move|p2a: Wisha|Confuse Ray|p1a: Thundurus\n|-start|p1a: Thundurus|confusion\n|\n|-heal|p2a: Wisha|48\/100|[from] item: Leftovers\n|upkeep\n|turn|24\n|\n|t:|1701175080\n|-activate|p1a: Thundurus|confusion\n|-damage|p1a: Thundurus|88\/100|[from] confusion\n|move|p2a: Wisha|Iron Head|p1a: Thundurus\n|-resisted|p1a: Thundurus\n|-damage|p1a: Thundurus|67\/100\n|\n|-heal|p2a: Wisha|55\/100|[from] item: Leftovers\n|upkeep\n|turn|25\n|\n|t:|1701175093\n|-end|p1a: Thundurus|confusion\n|move|p1a: Thundurus|Volt Switch|p2a: Wisha\n|-damage|p2a: Wisha|15\/100\n|move|p2a: Wisha|Iron Head|p1a: Thundurus\n|-resisted|p1a: Thundurus\n|-damage|p1a: Thundurus|45\/100\n|\n|-heal|p2a: Wisha|21\/100|[from] item: Leftovers\n|upkeep\n|turn|26\n|\n|t:|1701175104\n|move|p1a: Thundurus|Volt Switch|p2a: Wisha\n|-damage|p2a: Wisha|0 fnt\n|faint|p2a: Wisha\n|\n|win|Xudedog\n|raw|Xudedog's rating: 1005 &rarr; <strong>1055<\/strong><br \/>(+50 for winning)\n|raw|Ordmas's rating: 1102 &rarr; <strong>1070<\/strong><br \/>(-32 for losing)\n","uploadtime":1701175112,"views":5,"p1id":"xudedog","p2id":"ordmas","formatid":"gen9ou","rating":1055,"private":0,"password":""}