{"id":"gen9ou-1997942937","p1":"Grenchi","p2":"Greyuh","format":"[Gen 9] OU","log":"|j|\u2606Grenchi\n|j|\u2606Greyuh\n|t:|1700870270\n|gametype|singles\n|player|p1|Grenchi|170|\n|player|p2|Greyuh|102|\n|teamsize|p1|6\n|teamsize|p2|6\n|gen|9\n|tier|[Gen 9] OU\n|rule|Sleep Clause Mod: Limit one foe put to sleep\n|rule|Species Clause: Limit one of each Pok\u00e9mon\n|rule|OHKO Clause: OHKO moves are banned\n|rule|Evasion Items Clause: Evasion items are banned\n|rule|Evasion Moves Clause: Evasion moves are banned\n|rule|Endless Battle Clause: Forcing endless battles is banned\n|rule|HP Percentage Mod: HP is shown in percentages\n|clearpoke\n|poke|p1|Zoroark-Hisui, M|\n|poke|p1|Glimmora, F|\n|poke|p1|Swanna, F|\n|poke|p1|Great Tusk|\n|poke|p1|Iron Moth|\n|poke|p1|Ambipom, M|\n|poke|p2|Tinkaton, F|\n|poke|p2|Walking Wake|\n|poke|p2|Garganacl, F|\n|poke|p2|Scizor, M|\n|poke|p2|Ludicolo, F|\n|poke|p2|Moltres|\n|teampreview\n|\n|t:|1700870312\n|start\n|switch|p1a: Mr. PomPom|Ambipom, M, shiny|100\/100\n|switch|p2a: Garganacl|Garganacl, F|100\/100\n|turn|1\n|\n|t:|1700870319\n|move|p1a: Mr. PomPom|Nasty Plot|p1a: Mr. PomPom\n|-boost|p1a: Mr. PomPom|spa|2\n|move|p2a: Garganacl|Iron Defense|p2a: Garganacl\n|-boost|p2a: Garganacl|def|2\n|\n|upkeep\n|turn|2\n|\n|t:|1700870325\n|move|p1a: Mr. PomPom|Grass Knot|p2a: Garganacl\n|-supereffective|p2a: Garganacl\n|-damage|p2a: Garganacl|0 fnt\n|faint|p2a: Garganacl\n|-damage|p1a: Mr. PomPom|91\/100|[from] item: Life Orb\n|\n|upkeep\n|\n|t:|1700870338\n|switch|p2a: Walking Wake|Walking Wake|100\/100\n|turn|3\n|\n|t:|1700870349\n|move|p1a: Mr. PomPom|Hyper Voice|p2a: Walking Wake\n|-damage|p2a: Walking Wake|0 fnt\n|faint|p2a: Walking Wake\n|-end|p2a: Walking Wake|Protosynthesis|[silent]\n|-damage|p1a: Mr. PomPom|81\/100|[from] item: Life Orb\n|\n|upkeep\n|\n|t:|1700870360\n|switch|p2a: Tinkaton|Tinkaton, F|100\/100\n|-ability|p2a: Tinkaton|Mold Breaker\n|-item|p2a: Tinkaton|Air Balloon\n|turn|4\n|\n|t:|1700870371\n|move|p1a: Mr. PomPom|Flamethrower|p2a: Tinkaton\n|-supereffective|p2a: Tinkaton\n|-damage|p2a: Tinkaton|0 fnt\n|-enditem|p2a: Tinkaton|Air Balloon\n|faint|p2a: Tinkaton\n|-damage|p1a: Mr. PomPom|71\/100|[from] item: Life Orb\n|\n|upkeep\n|\n|t:|1700870377\n|switch|p2a: Scizor|Scizor, M|100\/100\n|turn|5\n|\n|t:|1700870385\n|move|p2a: Scizor|Bullet Punch|p1a: Mr. PomPom\n|-crit|p1a: Mr. PomPom\n|-damage|p1a: Mr. PomPom|0 fnt\n|replace|p1a: Zoroark|Zoroark-Hisui, M, shiny\n|-end|p1a: Zoroark|Illusion\n|faint|p1a: Zoroark\n|\n|upkeep\n|\n|t:|1700870390\n|switch|p1a: Mr. PomPom|Ambipom, M, shiny|100\/100\n|turn|6\n|\n|t:|1700870395\n|move|p1a: Mr. PomPom|Fake Out|p2a: Scizor\n|-resisted|p2a: Scizor\n|-damage|p2a: Scizor|85\/100\n|-damage|p1a: Mr. PomPom|91\/100|[from] item: Life Orb\n|cant|p2a: Scizor|flinch\n|\n|upkeep\n|turn|7\n|\n|t:|1700870403\n|move|p1a: Mr. PomPom|Fire Punch|p2a: Scizor\n|-supereffective|p2a: Scizor\n|-damage|p2a: Scizor|0 fnt\n|faint|p2a: Scizor\n|-damage|p1a: Mr. PomPom|81\/100|[from] item: Life Orb\n|\n|upkeep\n|\n|t:|1700870409\n|switch|p2a: Ludicolo|Ludicolo, F|100\/100\n|turn|8\n|\n|t:|1700870413\n|move|p1a: Mr. PomPom|Double Hit|p2a: Ludicolo\n|-damage|p2a: Ludicolo|58\/100\n|-damage|p2a: Ludicolo|13\/100\n|-hitcount|p2a: Ludicolo|2\n|-damage|p1a: Mr. PomPom|71\/100|[from] item: Life Orb\n|move|p2a: Ludicolo|Ice Beam|p1a: Mr. PomPom\n|-damage|p1a: Mr. PomPom|11\/100\n|-damage|p2a: Ludicolo|3\/100|[from] item: Life Orb\n|\n|upkeep\n|turn|9\n|\n|t:|1700870424\n|move|p1a: Mr. PomPom|Double Hit|p2a: Ludicolo\n|-damage|p2a: Ludicolo|0 fnt\n|faint|p2a: Ludicolo\n|-hitcount|p2: Ludicolo|1\n|-damage|p1a: Mr. PomPom|2\/100|[from] item: Life Orb\n|\n|upkeep\n|\n|t:|1700870429\n|switch|p2a: Moltres|Moltres|100\/100\n|-ability|p2a: Moltres|Pressure\n|turn|10\n|\n|t:|1700870434\n|move|p1a: Mr. PomPom|Smack Down|p2a: Moltres\n|-supereffective|p2a: Moltres\n|-damage|p2a: Moltres|0 fnt\n|faint|p2a: Moltres\n|-damage|p1a: Mr. PomPom|0 fnt|[from] item: Life Orb\n|faint|p1a: Mr. PomPom\n|\n|win|Grenchi\n","uploadtime":1700870443,"views":3,"p1id":"grenchi","p2id":"greyuh","formatid":"gen9ou","rating":0,"private":0,"password":""}