{"id":"gen9ou-1998300702","p1":"morlyaur","p2":"bdubs3040","format":"[Gen 9] OU","log":"|j|\u2606morlyaur\n|j|\u2606bdubs3040\n|t:|1700926676\n|gametype|singles\n|player|p1|morlyaur|artist-gen4|1152\n|player|p2|bdubs3040|riley|1087\n|teamsize|p1|6\n|teamsize|p2|6\n|gen|9\n|tier|[Gen 9] OU\n|rated|\n|rule|Sleep Clause Mod: Limit one foe put to sleep\n|rule|Species Clause: Limit one of each Pok\u00e9mon\n|rule|OHKO Clause: OHKO moves are banned\n|rule|Evasion Items Clause: Evasion items are banned\n|rule|Evasion Moves Clause: Evasion moves are banned\n|rule|Endless Battle Clause: Forcing endless battles is banned\n|rule|HP Percentage Mod: HP is shown in percentages\n|clearpoke\n|poke|p1|Cinderace, M|\n|poke|p1|Dragapult, M|\n|poke|p1|Iron Valiant|\n|poke|p1|Kingambit, M|\n|poke|p1|Ting-Lu|\n|poke|p1|Gholdengo|\n|poke|p2|Dragapult, M|\n|poke|p2|Garchomp, F|\n|poke|p2|Kommo-o, F|\n|poke|p2|Goodra-Hisui, F|\n|poke|p2|Salamence, F|\n|poke|p2|Dragonite, M|\n|teampreview\n|\n|t:|1700926680\n|start\n|switch|p1a: Cinderace|Cinderace, M|100\/100\n|switch|p2a: Garchomp|Garchomp, F, shiny|100\/100\n|turn|1\n|\n|t:|1700926687\n|move|p1a: Cinderace|Will-O-Wisp|p2a: Garchomp\n|-status|p2a: Garchomp|brn\n|move|p2a: Garchomp|Stealth Rock|p1a: Cinderace\n|-sidestart|p1: morlyaur|move: Stealth Rock\n|\n|-damage|p2a: Garchomp|94\/100 brn|[from] brn\n|upkeep\n|turn|2\n|\n|t:|1700926694\n|move|p1a: Cinderace|Court Change|p1a: Cinderace\n|-swapsideconditions\n|-activate|p1a: Cinderace|move: Court Change\n|move|p2a: Garchomp|Swords Dance|p2a: Garchomp\n|-boost|p2a: Garchomp|atk|2\n|\n|-damage|p2a: Garchomp|88\/100 brn|[from] brn\n|upkeep\n|turn|3\n|\n|t:|1700926710\n|move|p1a: Cinderace|U-turn|p2a: Garchomp\n|-damage|p2a: Garchomp|70\/100 brn\n|-damage|p1a: Cinderace|88\/100|[from] ability: Rough Skin|[of] p2a: Garchomp\n|\n|t:|1700926718\n|switch|p1a: Iron Valiant|Iron Valiant|100\/100|[from] U-turn\n|-enditem|p1a: Iron Valiant|Booster Energy\n|-activate|p1a: Iron Valiant|ability: Quark Drive|[fromitem]\n|-start|p1a: Iron Valiant|quarkdrivespe\n|move|p2a: Garchomp|Dragon Claw|p1a: Iron Valiant\n|-immune|p1a: Iron Valiant\n|\n|-damage|p2a: Garchomp|64\/100 brn|[from] brn\n|upkeep\n|turn|4\n|\n|t:|1700926732\n|move|p1a: Iron Valiant|Encore|p2a: Garchomp\n|-start|p2a: Garchomp|Encore\n|move|p2a: Garchomp|Dragon Claw|p1a: Iron Valiant\n|-immune|p1a: Iron Valiant\n|\n|-damage|p2a: Garchomp|58\/100 brn|[from] brn\n|upkeep\n|turn|5\n|\n|t:|1700926742\n|switch|p2a: Dragapult|Dragapult, M, shiny|100\/100\n|-damage|p2a: Dragapult|88\/100|[from] Stealth Rock\n|move|p1a: Iron Valiant|Swords Dance|p1a: Iron Valiant\n|-boost|p1a: Iron Valiant|atk|2\n|\n|upkeep\n|turn|6\n|\n|t:|1700926761\n|move|p2a: Dragapult|U-turn|p1a: Iron Valiant\n|-resisted|p1a: Iron Valiant\n|-damage|p1a: Iron Valiant|95\/100\n|\n|t:|1700926769\n|switch|p2a: Goodra|Goodra-Hisui, F, shiny|100\/100|[from] U-turn\n|-damage|p2a: Goodra|95\/100|[from] Stealth Rock\n|move|p1a: Iron Valiant|Knock Off|p2a: Goodra\n|-damage|p2a: Goodra|33\/100\n|-damage|p1a: Iron Valiant|78\/100|[from] item: Rocky Helmet|[of] p2a: Goodra\n|-ability|p2a: Goodra|Gooey\n|-unboost|p1a: Iron Valiant|spe|1\n|-enditem|p2a: Goodra|Rocky Helmet|[from] move: Knock Off|[of] p1a: Iron Valiant\n|\n|upkeep\n|turn|7\n|\n|t:|1700926782\n|move|p1a: Iron Valiant|Knock Off|p2a: Goodra\n|-damage|p2a: Goodra|0 fnt\n|-ability|p2a: Goodra|Gooey\n|-unboost|p1a: Iron Valiant|spe|1\n|faint|p2a: Goodra\n|\n|upkeep\n|\n|t:|1700926792\n|switch|p2a: Salamence|Salamence, F, shiny|100\/100\n|-damage|p2a: Salamence|76\/100|[from] Stealth Rock\n|turn|8\n|\n|t:|1700926799\n|move|p2a: Salamence|Dual Wingbeat|p1a: Iron Valiant\n|-supereffective|p1a: Iron Valiant\n|-damage|p1a: Iron Valiant|0 fnt\n|faint|p1a: Iron Valiant\n|-end|p1a: Iron Valiant|Quark Drive|[silent]\n|-ability|p2a: Salamence|Moxie|boost\n|-boost|p2a: Salamence|atk|1\n|-hitcount|p1: Iron Valiant|1\n|\n|upkeep\n|\n|t:|1700926811\n|switch|p1a: Dragapult|Dragapult, M|100\/100\n|turn|9\n|\n|t:|1700926816\n|move|p1a: Dragapult|Dragon Darts|p2a: Salamence\n|-supereffective|p2a: Salamence\n|-damage|p2a: Salamence|18\/100\n|-anim|p1a: Dragapult|Dragon Darts|p2a: Salamence\n|-supereffective|p2a: Salamence\n|-damage|p2a: Salamence|0 fnt\n|faint|p2a: Salamence\n|\n|upkeep\n|\n|t:|1700926823\n|switch|p2a: Dragapult|Dragapult, M, shiny|88\/100\n|-damage|p2a: Dragapult|76\/100|[from] Stealth Rock\n|turn|10\n|\n|t:|1700926830\n|switch|p1a: Ting-Lu|Ting-Lu|100\/100\n|-ability|p1a: Ting-Lu|Vessel of Ruin\n|move|p2a: Dragapult|Outrage|p1a: Ting-Lu\n|-damage|p1a: Ting-Lu|72\/100\n|\n|-heal|p1a: Ting-Lu|78\/100|[from] item: Leftovers\n|upkeep\n|turn|11\n|\n|t:|1700926841\n|move|p2a: Dragapult|Outrage|p1a: Ting-Lu|[from]lockedmove\n|-damage|p1a: Ting-Lu|53\/100\n|move|p1a: Ting-Lu|Earthquake|p2a: Dragapult\n|-damage|p2a: Dragapult|30\/100\n|\n|-heal|p1a: Ting-Lu|59\/100|[from] item: Leftovers\n|upkeep\n|turn|12\n|\n|t:|1700926848\n|move|p2a: Dragapult|Outrage|p1a: Ting-Lu|[from]lockedmove\n|-damage|p1a: Ting-Lu|33\/100\n|-start|p2a: Dragapult|confusion|[fatigue]\n|move|p1a: Ting-Lu|Earthquake|p2a: Dragapult\n|-damage|p2a: Dragapult|0 fnt\n|faint|p2a: Dragapult\n|\n|-heal|p1a: Ting-Lu|39\/100|[from] item: Leftovers\n|upkeep\n|\n|t:|1700926858\n|switch|p2a: Kommo-o|Kommo-o, F, shiny|100\/100\n|-damage|p2a: Kommo-o|94\/100|[from] Stealth Rock\n|turn|13\n|\n|t:|1700926868\n|move|p2a: Kommo-o|Dragon Dance|p2a: Kommo-o\n|-boost|p2a: Kommo-o|atk|1\n|-boost|p2a: Kommo-o|spe|1\n|move|p1a: Ting-Lu|Whirlwind|p2a: Kommo-o\n|drag|p2a: Dragonite|Dragonite, M, shiny|100\/100\n|\n|-heal|p1a: Ting-Lu|45\/100|[from] item: Leftovers\n|upkeep\n|turn|14\n|\n|t:|1700926880\n|move|p2a: Dragonite|Extreme Speed|p1a: Ting-Lu\n|-damage|p1a: Ting-Lu|30\/100\n|move|p1a: Ting-Lu|Whirlwind|p2a: Dragonite\n|drag|p2a: Kommo-o|Kommo-o, F, shiny|94\/100\n|-damage|p2a: Kommo-o|88\/100|[from] Stealth Rock\n|\n|-heal|p1a: Ting-Lu|37\/100|[from] item: Leftovers\n|upkeep\n|turn|15\n|\n|t:|1700926889\n|switch|p1a: Gholdengo|Gholdengo|100\/100\n|-item|p1a: Gholdengo|Air Balloon\n|move|p2a: Kommo-o|Drain Punch|p1a: Gholdengo\n|-immune|p1a: Gholdengo\n|\n|upkeep\n|turn|16\n|\n|t:|1700926902\n|-terastallize|p2a: Kommo-o|Dragon\n|move|p1a: Gholdengo|Nasty Plot|p1a: Gholdengo\n|-boost|p1a: Gholdengo|spa|2\n|move|p2a: Kommo-o|Dragon Claw|p1a: Gholdengo\n|-resisted|p1a: Gholdengo\n|-damage|p1a: Gholdengo|73\/100\n|-enditem|p1a: Gholdengo|Air Balloon\n|\n|upkeep\n|turn|17\n|\n|t:|1700926911\n|move|p1a: Gholdengo|Make It Rain|p2a: Kommo-o\n|-damage|p2a: Kommo-o|0 fnt\n|-unboost|p1a: Gholdengo|spa|1\n|faint|p2a: Kommo-o\n|\n|upkeep\n|\n|t:|1700926922\n|switch|p2a: Dragonite|Dragonite, M, shiny|100\/100\n|turn|18\n|\n|t:|1700926927\n|move|p1a: Gholdengo|Make It Rain|p2a: Dragonite\n|-damage|p2a: Dragonite|50\/100\n|-unboost|p1a: Gholdengo|spa|1\n|move|p2a: Dragonite|Earthquake|p1a: Gholdengo\n|-supereffective|p1a: Gholdengo\n|-damage|p1a: Gholdengo|0 fnt\n|faint|p1a: Gholdengo\n|\n|upkeep\n|\n|t:|1700926936\n|switch|p1a: Dragapult|Dragapult, M|100\/100\n|turn|19\n|inactive|Battle timer is ON: inactive players will automatically lose when time's up. (requested by morlyaur)\n|\n|t:|1700926942\n|move|p1a: Dragapult|Dragon Darts|p2a: Dragonite\n|-supereffective|p2a: Dragonite\n|-damage|p2a: Dragonite|5\/100\n|-anim|p1a: Dragapult|Dragon Darts|p2a: Dragonite\n|-supereffective|p2a: Dragonite\n|-damage|p2a: Dragonite|0 fnt\n|faint|p2a: Dragonite\n|\n|upkeep\n|\n|t:|1700926949\n|switch|p2a: Garchomp|Garchomp, F, shiny|58\/100 brn\n|turn|20\n|\n|t:|1700926956\n|move|p1a: Dragapult|Dragon Darts|p2a: Garchomp\n|-supereffective|p2a: Garchomp\n|-damage|p2a: Garchomp|18\/100 brn\n|-anim|p1a: Dragapult|Dragon Darts|p2a: Garchomp\n|-supereffective|p2a: Garchomp\n|-damage|p2a: Garchomp|0 fnt\n|faint|p2a: Garchomp\n|\n|win|morlyaur\n|raw|morlyaur's rating: 1152 &rarr; <strong>1172<\/strong><br \/>(+20 for winning)\n|raw|bdubs3040's rating: 1087 &rarr; <strong>1068<\/strong><br \/>(-19 for losing)\n","uploadtime":1700926959,"views":2,"p1id":"morlyaur","p2id":"bdubs3040","formatid":"gen9ou","rating":1068,"private":0,"password":""}