{"id":"gen9ou-1989079188","p1":"trying alinooy","p2":"xjppires","format":"[Gen 9] OU","log":"|j|\u2606trying alinooy\n|j|\u2606xjppires\n|t:|1699809893\n|gametype|singles\n|player|p1|trying alinooy|265|1044\n|player|p2|xjppires|265|1080\n|teamsize|p1|6\n|teamsize|p2|6\n|gen|9\n|tier|[Gen 9] OU\n|rated|\n|rule|Sleep Clause Mod: Limit one foe put to sleep\n|rule|Species Clause: Limit one of each Pok\u00e9mon\n|rule|OHKO Clause: OHKO moves are banned\n|rule|Evasion Items Clause: Evasion items are banned\n|rule|Evasion Moves Clause: Evasion moves are banned\n|rule|Endless Battle Clause: Forcing endless battles is banned\n|rule|HP Percentage Mod: HP is shown in percentages\n|clearpoke\n|poke|p1|Iron Jugulis|\n|poke|p1|Ogerpon-Wellspring, F|\n|poke|p1|Tinkaton, F|\n|poke|p1|Iron Moth|\n|poke|p1|Great Tusk|\n|poke|p1|Dragapult, M|\n|poke|p2|Charizard, F|\n|poke|p2|Greninja-*, F|\n|poke|p2|Dragonite, F|\n|poke|p2|Ditto|\n|poke|p2|Snorlax, M|\n|poke|p2|Mew|\n|teampreview\n|inactive|Battle timer is ON: inactive players will automatically lose when time's up. (requested by trying alinooy)\n|\n|t:|1699809899\n|start\n|switch|p1a: TWINKATON|Tinkaton, F|100\/100\n|switch|p2a: Snorlax|Snorlax, M|100\/100\n|-item|p1a: TWINKATON|Air Balloon\n|turn|1\n|\n|t:|1699809910\n|move|p1a: TWINKATON|Stealth Rock|p2a: Snorlax\n|-sidestart|p2: xjppires|move: Stealth Rock\n|move|p2a: Snorlax|Body Slam|p1a: TWINKATON\n|-resisted|p1a: TWINKATON\n|-damage|p1a: TWINKATON|76\/100\n|-status|p1a: TWINKATON|par\n|-enditem|p1a: TWINKATON|Air Balloon\n|-enditem|p2a: Snorlax|Leftovers|[silent]|[from] ability: Pickpocket|[of] p2a: Snorlax\n|-item|p1a: TWINKATON|Leftovers|[from] ability: Pickpocket|[of] p2a: Snorlax\n|\n|-heal|p1a: TWINKATON|82\/100 par|[from] item: Leftovers\n|upkeep\n|turn|2\n|\n|t:|1699809922\n|move|p1a: TWINKATON|Thunder Wave|p2a: Snorlax\n|-status|p2a: Snorlax|par\n|move|p2a: Snorlax|Body Slam|p1a: TWINKATON\n|-resisted|p1a: TWINKATON\n|-damage|p1a: TWINKATON|59\/100 par\n|\n|-heal|p1a: TWINKATON|66\/100 par|[from] item: Leftovers\n|upkeep\n|turn|3\n|\n|t:|1699809931\n|cant|p1a: TWINKATON|par\n|move|p2a: Snorlax|Rest|p2a: Snorlax\n|-fail|p2a: Snorlax|heal\n|\n|-heal|p1a: TWINKATON|72\/100 par|[from] item: Leftovers\n|upkeep\n|turn|4\n|\n|t:|1699809939\n|move|p1a: TWINKATON|Encore|p2a: Snorlax\n|-start|p2a: Snorlax|Encore\n|move|p2a: Snorlax|Rest|p2a: Snorlax\n|-fail|p2a: Snorlax|heal\n|\n|-heal|p1a: TWINKATON|78\/100 par|[from] item: Leftovers\n|upkeep\n|turn|5\n|\n|t:|1699809951\n|switch|p1a: Great Tusk|Great Tusk|100\/100\n|-enditem|p1a: Great Tusk|Booster Energy\n|-activate|p1a: Great Tusk|ability: Protosynthesis|[fromitem]\n|-start|p1a: Great Tusk|protosynthesisspe\n|switch|p2a: Mew|Mew|100\/100\n|-damage|p2a: Mew|88\/100|[from] Stealth Rock\n|\n|-heal|p2a: Mew|94\/100|[from] item: Leftovers\n|upkeep\n|turn|6\n|\n|t:|1699809969\n|move|p1a: Great Tusk|Bulk Up|p1a: Great Tusk\n|-boost|p1a: Great Tusk|atk|1\n|-boost|p1a: Great Tusk|def|1\n|move|p2a: Mew|Psychic|p1a: Great Tusk\n|-supereffective|p1a: Great Tusk\n|-damage|p1a: Great Tusk|0 fnt\n|faint|p1a: Great Tusk\n|-end|p1a: Great Tusk|Protosynthesis|[silent]\n|\n|-heal|p2a: Mew|100\/100|[from] item: Leftovers\n|upkeep\n|\n|t:|1699809978\n|switch|p1a: Dragapult|Dragapult, M|100\/100\n|turn|7\n|\n|t:|1699809985\n|move|p1a: Dragapult|Shadow Ball|p2a: Mew\n|-supereffective|p2a: Mew\n|-damage|p2a: Mew|0 fnt\n|faint|p2a: Mew\n|\n|upkeep\n|\n|t:|1699809993\n|switch|p2a: Snorlax|Snorlax, M|100\/100 par\n|-damage|p2a: Snorlax|88\/100 par|[from] Stealth Rock\n|turn|8\n|\n|t:|1699809998\n|switch|p1a: TWINKATON|Tinkaton, F|78\/100 par\n|move|p2a: Snorlax|Body Slam|p1a: TWINKATON\n|-resisted|p1a: TWINKATON\n|-damage|p1a: TWINKATON|54\/100 par\n|\n|-heal|p1a: TWINKATON|60\/100 par|[from] item: Leftovers\n|upkeep\n|turn|9\n|\n|t:|1699810007\n|move|p1a: TWINKATON|Play Rough|p2a: Snorlax\n|-damage|p2a: Snorlax|67\/100 par\n|cant|p2a: Snorlax|par\n|\n|-heal|p1a: TWINKATON|66\/100 par|[from] item: Leftovers\n|upkeep\n|turn|10\n|\n|t:|1699810015\n|move|p1a: TWINKATON|Play Rough|p2a: Snorlax\n|-damage|p2a: Snorlax|44\/100 par\n|cant|p2a: Snorlax|par\n|\n|-heal|p1a: TWINKATON|73\/100 par|[from] item: Leftovers\n|upkeep\n|turn|11\n|\n|t:|1699810023\n|move|p1a: TWINKATON|Play Rough|p2a: Snorlax\n|-damage|p2a: Snorlax|20\/100 par\n|-unboost|p2a: Snorlax|atk|1\n|cant|p2a: Snorlax|par\n|\n|-heal|p1a: TWINKATON|79\/100 par|[from] item: Leftovers\n|upkeep\n|turn|12\n|\n|t:|1699810033\n|move|p1a: TWINKATON|Play Rough|p2a: Snorlax\n|-damage|p2a: Snorlax|0 fnt\n|faint|p2a: Snorlax\n|\n|-heal|p1a: TWINKATON|85\/100 par|[from] item: Leftovers\n|upkeep\n|\n|t:|1699810045\n|switch|p2a: Dragonite|Dragonite, F|100\/100\n|-damage|p2a: Dragonite|76\/100|[from] Stealth Rock\n|turn|13\n|\n|t:|1699810053\n|-terastallize|p2a: Dragonite|Poison\n|move|p2a: Dragonite|Dragon Dance|p2a: Dragonite\n|-boost|p2a: Dragonite|atk|1\n|-boost|p2a: Dragonite|spe|1\n|cant|p1a: TWINKATON|par\n|\n|-heal|p1a: TWINKATON|91\/100 par|[from] item: Leftovers\n|upkeep\n|turn|14\n|\n|t:|1699810063\n|move|p2a: Dragonite|Dragon Dance|p2a: Dragonite\n|-boost|p2a: Dragonite|atk|1\n|-boost|p2a: Dragonite|spe|1\n|move|p1a: TWINKATON|Encore|p2a: Dragonite\n|-start|p2a: Dragonite|Encore\n|\n|-heal|p1a: TWINKATON|97\/100 par|[from] item: Leftovers\n|upkeep\n|turn|15\n|\n|t:|1699810080\n|switch|p1a: Iron Moth|Iron Moth|100\/100\n|-enditem|p1a: Iron Moth|Booster Energy\n|-activate|p1a: Iron Moth|ability: Quark Drive|[fromitem]\n|-start|p1a: Iron Moth|quarkdrivespe\n|move|p2a: Dragonite|Dragon Dance|p2a: Dragonite\n|-boost|p2a: Dragonite|atk|1\n|-boost|p2a: Dragonite|spe|1\n|\n|upkeep\n|turn|16\n|\n|t:|1699810089\n|move|p2a: Dragonite|Dragon Dance|p2a: Dragonite\n|-boost|p2a: Dragonite|atk|1\n|-boost|p2a: Dragonite|spe|1\n|move|p1a: Iron Moth|Psychic|p2a: Dragonite\n|-supereffective|p2a: Dragonite\n|-damage|p2a: Dragonite|13\/100\n|\n|upkeep\n|turn|17\n|\n|t:|1699810100\n|move|p2a: Dragonite|Dragon Dance|p2a: Dragonite\n|-boost|p2a: Dragonite|atk|1\n|-boost|p2a: Dragonite|spe|1\n|move|p1a: Iron Moth|Fiery Dance|p2a: Dragonite\n|-damage|p2a: Dragonite|0 fnt\n|faint|p2a: Dragonite\n|\n|upkeep\n|\n|t:|1699810108\n|switch|p2a: Greninja|Greninja, F|100\/100\n|-damage|p2a: Greninja|88\/100|[from] Stealth Rock\n|turn|18\n|\n|t:|1699810125\n|move|p1a: Iron Moth|Dazzling Gleam|p2a: Greninja\n|-supereffective|p2a: Greninja\n|-damage|p2a: Greninja|0 fnt\n|faint|p2a: Greninja\n|\n|upkeep\n|-message|xjppires forfeited.\n|\n|win|trying alinooy\n|raw|trying alinooy's rating: 1044 &rarr; <strong>1081<\/strong><br \/>(+37 for winning)\n|raw|xjppires's rating: 1080 &rarr; <strong>1056<\/strong><br \/>(-24 for losing)\n|l|\u2606xjppires\n|c|\u2606trying alinooy|\/log trying alinooy made this room public.\n","uploadtime":1699810160,"views":18,"p1id":"tryingalinooy","p2id":"xjppires","formatid":"gen9ou","rating":1056,"private":0,"password":""}