{"id":"gen9ou-1993209995","p1":"Perfect DarK 0707","p2":"Test4823","format":"[Gen 9] OU","log":"|j|\u2606Perfect DarK 0707\n|j|\u2606Test4823\n|t:|1700278443\n|gametype|singles\n|player|p1|Perfect DarK 0707|teamrocketgruntf-gen3|1514\n|player|p2|Test4823|266|1532\n|teamsize|p1|6\n|teamsize|p2|6\n|gen|9\n|tier|[Gen 9] OU\n|rated|\n|rule|Sleep Clause Mod: Limit one foe put to sleep\n|rule|Species Clause: Limit one of each Pok\u00e9mon\n|rule|OHKO Clause: OHKO moves are banned\n|rule|Evasion Items Clause: Evasion items are banned\n|rule|Evasion Moves Clause: Evasion moves are banned\n|rule|Endless Battle Clause: Forcing endless battles is banned\n|rule|HP Percentage Mod: HP is shown in percentages\n|clearpoke\n|poke|p1|Cinderace, M|\n|poke|p1|Gholdengo|\n|poke|p1|Iron Valiant|\n|poke|p1|Ogerpon-Wellspring, F|\n|poke|p1|Dragonite, M|\n|poke|p1|Great Tusk|\n|poke|p2|Toxapex, F|\n|poke|p2|Meowscarada, M|\n|poke|p2|Heatran, F|\n|poke|p2|Goodra-Hisui, M|\n|poke|p2|Landorus-Therian, M|\n|poke|p2|Weezing-Galar, M|\n|teampreview\n|inactive|Battle timer is ON: inactive players will automatically lose when time's up. (requested by Perfect DarK 0707)\n|inactive|Perfect DarK 0707 has 120 seconds left.\n|\n|t:|1700278484\n|start\n|switch|p1a: Terrifying \ud83e\udeb6|Dragonite, M|100\/100\n|switch|p2a: Heatran|Heatran, F|100\/100\n|-item|p2a: Heatran|Air Balloon\n|turn|1\n|\n|t:|1700278492\n|switch|p1a: S1Lv3R Bull37|Cinderace, M, shiny|100\/100\n|move|p2a: Heatran|Magma Storm|p1a: S1Lv3R Bull37\n|-resisted|p1a: S1Lv3R Bull37\n|-damage|p1a: S1Lv3R Bull37|58\/100\n|-activate|p1a: S1Lv3R Bull37|move: Magma Storm|[of] p2a: Heatran\n|\n|-damage|p1a: S1Lv3R Bull37|46\/100|[from] move: Magma Storm|[partiallytrapped]\n|upkeep\n|turn|2\n|\n|t:|1700278501\n|switch|p2a: Toxapex|Toxapex, F|100\/100\n|move|p1a: S1Lv3R Bull37|U-turn|p2a: Toxapex\n|-start|p1a: S1Lv3R Bull37|typechange|Bug|[from] ability: Libero\n|-resisted|p2a: Toxapex\n|-damage|p2a: Toxapex|86\/100\n|\n|t:|1700278517\n|switch|p1a: Sailor Moon \ud83c\udf19|Iron Valiant, shiny|100\/100|[from] U-turn\n|-enditem|p1a: Sailor Moon \ud83c\udf19|Booster Energy\n|-activate|p1a: Sailor Moon \ud83c\udf19|ability: Quark Drive|[fromitem]\n|-start|p1a: Sailor Moon \ud83c\udf19|quarkdrivespe\n|\n|upkeep\n|turn|3\n|\n|t:|1700278524\n|move|p1a: Sailor Moon \ud83c\udf19|Thunderbolt|p2a: Toxapex\n|-supereffective|p2a: Toxapex\n|-damage|p2a: Toxapex|54\/100\n|move|p2a: Toxapex|Sludge Bomb|p1a: Sailor Moon \ud83c\udf19\n|-supereffective|p1a: Sailor Moon \ud83c\udf19\n|-damage|p1a: Sailor Moon \ud83c\udf19|0 fnt\n|faint|p1a: Sailor Moon \ud83c\udf19\n|-end|p1a: Sailor Moon \ud83c\udf19|Quark Drive|[silent]\n|\n|upkeep\n|\n|t:|1700278532\n|switch|p1a: Terrifying \ud83e\udeb6|Dragonite, M|100\/100\n|turn|4\n|\n|t:|1700278535\n|move|p1a: Terrifying \ud83e\udeb6|Dragon Dance|p1a: Terrifying \ud83e\udeb6\n|-boost|p1a: Terrifying \ud83e\udeb6|atk|1\n|-boost|p1a: Terrifying \ud83e\udeb6|spe|1\n|move|p2a: Toxapex|Ice Beam|p1a: Terrifying \ud83e\udeb6\n|-supereffective|p1a: Terrifying \ud83e\udeb6\n|-damage|p1a: Terrifying \ud83e\udeb6|62\/100\n|\n|-heal|p1a: Terrifying \ud83e\udeb6|68\/100|[from] item: Leftovers\n|upkeep\n|turn|5\n|\n|t:|1700278544\n|switch|p2a: Weezing|Weezing-Galar, M|100\/100\n|move|p1a: Terrifying \ud83e\udeb6|Fly||[still]\n|-prepare|p1a: Terrifying \ud83e\udeb6|Fly\n|\n|-heal|p1a: Terrifying \ud83e\udeb6|74\/100|[from] item: Leftovers\n|upkeep\n|turn|6\n|\n|t:|1700278557\n|switch|p2a: Goodra|Goodra-Hisui, M|100\/100\n|move|p1a: Terrifying \ud83e\udeb6|Fly|p2a: Goodra|[from]lockedmove\n|-resisted|p2a: Goodra\n|-damage|p2a: Goodra|68\/100\n|\n|-heal|p1a: Terrifying \ud83e\udeb6|80\/100|[from] item: Leftovers\n|-heal|p2a: Goodra|74\/100|[from] item: Leftovers\n|upkeep\n|turn|7\n|\n|t:|1700278566\n|move|p1a: Terrifying \ud83e\udeb6|Earthquake|p2a: Goodra\n|-supereffective|p2a: Goodra\n|-damage|p2a: Goodra|0 fnt\n|faint|p2a: Goodra\n|\n|-heal|p1a: Terrifying \ud83e\udeb6|87\/100|[from] item: Leftovers\n|upkeep\n|\n|t:|1700278570\n|switch|p2a: Weezing|Weezing-Galar, M|100\/100\n|turn|8\n|\n|t:|1700278576\n|-terastallize|p1a: Terrifying \ud83e\udeb6|Flying\n|move|p1a: Terrifying \ud83e\udeb6|Fly||[still]\n|-prepare|p1a: Terrifying \ud83e\udeb6|Fly\n|move|p2a: Weezing|Strange Steam|p1a: Terrifying \ud83e\udeb6|[miss]\n|-miss|p2a: Weezing|p1a: Terrifying \ud83e\udeb6\n|\n|-heal|p1a: Terrifying \ud83e\udeb6|93\/100|[from] item: Leftovers\n|upkeep\n|turn|9\n|\n|t:|1700278585\n|switch|p2a: Toxapex|Toxapex, F|87\/100\n|move|p1a: Terrifying \ud83e\udeb6|Fly|p2a: Toxapex|[from]lockedmove\n|-damage|p2a: Toxapex|8\/100\n|\n|-heal|p1a: Terrifying \ud83e\udeb6|99\/100|[from] item: Leftovers\n|upkeep\n|turn|10\n|\n|t:|1700278593\n|switch|p2a: Weezing|Weezing-Galar, M|100\/100\n|move|p1a: Terrifying \ud83e\udeb6|Fly||[still]\n|-prepare|p1a: Terrifying \ud83e\udeb6|Fly\n|\n|-heal|p1a: Terrifying \ud83e\udeb6|100\/100|[from] item: Leftovers\n|upkeep\n|turn|11\n|\n|t:|1700278600\n|move|p1a: Terrifying \ud83e\udeb6|Fly|p2a: Weezing|[from]lockedmove\n|-crit|p2a: Weezing\n|-damage|p2a: Weezing|0 fnt\n|faint|p2a: Weezing\n|\n|upkeep\n|\n|t:|1700278605\n|switch|p2a: Toxapex|Toxapex, F|42\/100\n|turn|12\n|\n|t:|1700278618\n|switch|p2a: Landorus|Landorus-Therian, M|100\/100\n|-ability|p2a: Landorus|Intimidate|boost\n|-unboost|p1a: Terrifying \ud83e\udeb6|atk|1\n|move|p1a: Terrifying \ud83e\udeb6|Fly||[still]\n|-prepare|p1a: Terrifying \ud83e\udeb6|Fly\n|\n|upkeep\n|turn|13\n|\n|t:|1700278625\n|switch|p2a: Toxapex|Toxapex, F|75\/100\n|move|p1a: Terrifying \ud83e\udeb6|Fly|p2a: Toxapex|[from]lockedmove\n|-damage|p2a: Toxapex|25\/100\n|\n|upkeep\n|turn|14\n|\n|t:|1700278633\n|switch|p2a: Landorus|Landorus-Therian, M|100\/100\n|-ability|p2a: Landorus|Intimidate|boost\n|-unboost|p1a: Terrifying \ud83e\udeb6|atk|1\n|move|p1a: Terrifying \ud83e\udeb6|Fly||[still]\n|-prepare|p1a: Terrifying \ud83e\udeb6|Fly\n|\n|upkeep\n|turn|15\n|\n|t:|1700278639\n|switch|p2a: Toxapex|Toxapex, F|58\/100\n|move|p1a: Terrifying \ud83e\udeb6|Fly|p2a: Toxapex|[from]lockedmove\n|-damage|p2a: Toxapex|27\/100\n|\n|upkeep\n|turn|16\n|\n|t:|1700278652\n|move|p1a: Terrifying \ud83e\udeb6|Fly||[still]\n|-prepare|p1a: Terrifying \ud83e\udeb6|Fly\n|move|p2a: Toxapex|Ice Beam|p1a: Terrifying \ud83e\udeb6|[miss]\n|-miss|p2a: Toxapex|p1a: Terrifying \ud83e\udeb6\n|\n|upkeep\n|turn|17\n|\n|t:|1700278658\n|switch|p2a: Landorus|Landorus-Therian, M|100\/100\n|-ability|p2a: Landorus|Intimidate|boost\n|-unboost|p1a: Terrifying \ud83e\udeb6|atk|1\n|move|p1a: Terrifying \ud83e\udeb6|Fly|p2a: Landorus|[from]lockedmove\n|-damage|p2a: Landorus|61\/100\n|\n|upkeep\n|turn|18\n|\n|t:|1700278666\n|switch|p1a: 7usK|Great Tusk|100\/100\n|move|p2a: Landorus|Stone Edge|p1a: 7usK\n|-resisted|p1a: 7usK\n|-damage|p1a: 7usK|96\/100\n|\n|-heal|p1a: 7usK|100\/100|[from] item: Leftovers\n|upkeep\n|turn|19\n|\n|t:|1700278675\n|switch|p2a: Toxapex|Toxapex, F|60\/100\n|move|p1a: 7usK|Knock Off|p2a: Toxapex\n|-damage|p2a: Toxapex|35\/100\n|-enditem|p2a: Toxapex|Assault Vest|[from] move: Knock Off|[of] p1a: 7usK\n|\n|upkeep\n|turn|20\n|\n|t:|1700278682\n|move|p1a: 7usK|Earthquake|p2a: Toxapex\n|-supereffective|p2a: Toxapex\n|-damage|p2a: Toxapex|0 fnt\n|faint|p2a: Toxapex\n|\n|upkeep\n|\n|t:|1700278685\n|switch|p2a: Heatran|Heatran, F|100\/100\n|-item|p2a: Heatran|Air Balloon\n|turn|21\n|\n|t:|1700278691\n|move|p1a: 7usK|Knock Off|p2a: Heatran\n|-damage|p2a: Heatran|76\/100\n|-enditem|p2a: Heatran|Air Balloon\n|move|p2a: Heatran|Magma Storm|p1a: 7usK\n|-crit|p1a: 7usK\n|-damage|p1a: 7usK|0 fnt\n|faint|p1a: 7usK\n|-end|p1a: 7usK|Protosynthesis|[silent]\n|\n|upkeep\n|\n|t:|1700278704\n|switch|p1a: ASUKA|Ogerpon-Wellspring, F|100\/100\n|turn|22\n|j|+Shellnuts\n|\n|t:|1700278711\n|move|p1a: ASUKA|Ivy Cudgel|p2a: Heatran|[anim] Ivy Cudgel Water\n|-supereffective|p2a: Heatran\n|-damage|p2a: Heatran|0 fnt\n|faint|p2a: Heatran\n|\n|upkeep\n|\n|t:|1700278713\n|switch|p2a: Meowscarada|Meowscarada, M|100\/100\n|turn|23\n|\n|t:|1700278722\n|switch|p1a: S1Lv3R Bull37|Cinderace, M, shiny|46\/100\n|move|p2a: Meowscarada|Flower Trick|p1a: S1Lv3R Bull37\n|-start|p2a: Meowscarada|typechange|Grass|[from] ability: Protean\n|-resisted|p1a: S1Lv3R Bull37\n|-crit|p1a: S1Lv3R Bull37\n|-damage|p1a: S1Lv3R Bull37|0 fnt\n|faint|p1a: S1Lv3R Bull37\n|\n|upkeep\n|l|+Shellnuts\n|\n|t:|1700278732\n|switch|p1a: Terrifying \ud83e\udeb6|Dragonite, M, tera:Flying|100\/100\n|turn|24\n|\n|t:|1700278736\n|switch|p2a: Landorus|Landorus-Therian, M|61\/100\n|-ability|p2a: Landorus|Intimidate|boost\n|-unboost|p1a: Terrifying \ud83e\udeb6|atk|1\n|move|p1a: Terrifying \ud83e\udeb6|Dragon Dance|p1a: Terrifying \ud83e\udeb6\n|-boost|p1a: Terrifying \ud83e\udeb6|atk|1\n|-boost|p1a: Terrifying \ud83e\udeb6|spe|1\n|\n|upkeep\n|turn|25\n|\n|t:|1700278744\n|move|p2a: Landorus|Stone Edge|p1a: Terrifying \ud83e\udeb6|[miss]\n|-miss|p2a: Landorus|p1a: Terrifying \ud83e\udeb6\n|move|p1a: Terrifying \ud83e\udeb6|Fly||[still]\n|-prepare|p1a: Terrifying \ud83e\udeb6|Fly\n|\n|upkeep\n|turn|26\n|\n|t:|1700278762\n|switch|p2a: Meowscarada|Meowscarada, M|100\/100\n|move|p1a: Terrifying \ud83e\udeb6|Fly|p2a: Meowscarada|[from]lockedmove\n|-supereffective|p2a: Meowscarada\n|-damage|p2a: Meowscarada|0 fnt\n|faint|p2a: Meowscarada\n|\n|upkeep\n|\n|t:|1700278765\n|switch|p2a: Landorus|Landorus-Therian, M|61\/100\n|-ability|p2a: Landorus|Intimidate|boost\n|-unboost|p1a: Terrifying \ud83e\udeb6|atk|1\n|turn|27\n|\n|t:|1700278773\n|move|p2a: Landorus|Stone Edge|p1a: Terrifying \ud83e\udeb6\n|-supereffective|p1a: Terrifying \ud83e\udeb6\n|-damage|p1a: Terrifying \ud83e\udeb6|63\/100\n|move|p1a: Terrifying \ud83e\udeb6|Dragon Dance|p1a: Terrifying \ud83e\udeb6\n|-boost|p1a: Terrifying \ud83e\udeb6|atk|1\n|-boost|p1a: Terrifying \ud83e\udeb6|spe|1\n|\n|-heal|p1a: Terrifying \ud83e\udeb6|70\/100|[from] item: Leftovers\n|upkeep\n|turn|28\n|\n|t:|1700278782\n|move|p1a: Terrifying \ud83e\udeb6|Fly||[still]\n|-prepare|p1a: Terrifying \ud83e\udeb6|Fly\n|move|p2a: Landorus|Stone Edge|p1a: Terrifying \ud83e\udeb6|[miss]\n|-miss|p2a: Landorus|p1a: Terrifying \ud83e\udeb6\n|\n|-heal|p1a: Terrifying \ud83e\udeb6|76\/100|[from] item: Leftovers\n|upkeep\n|turn|29\n|\n|t:|1700278789\n|move|p1a: Terrifying \ud83e\udeb6|Fly|p2a: Landorus|[from]lockedmove\n|-damage|p2a: Landorus|0 fnt\n|faint|p2a: Landorus\n|\n|win|Perfect DarK 0707\n|raw|Perfect DarK 0707's rating: 1514 &rarr; <strong>1535<\/strong><br \/>(+21 for winning)\n|raw|Test4823's rating: 1532 &rarr; <strong>1511<\/strong><br \/>(-21 for losing)\n|c|\u2606Test4823|gg\n|l|\u2606Test4823\n|c|\u2606Perfect DarK 0707|Gg\n","uploadtime":1700278796,"views":12,"p1id":"perfectdark0707","p2id":"test4823","formatid":"gen9ou","rating":1511,"private":0,"password":""}