{"id":"gen9ou-1990834680","p1":"dreepy airlines","p2":"Bornik dies","format":"[Gen 9] OU","log":"|j|\u2606dreepy airlines\n|j|\u2606Bornik dies\n|inactive|Battle timer is ON: inactive players will automatically lose when time's up.\n|t:|1700005720\n|gametype|singles\n|player|p1|dreepy airlines|dragontamer-gen9|\n|j|*Lady Monita \u2746\n|player|p2|Bornik dies|gardener|\n|teamsize|p1|6\n|teamsize|p2|6\n|gen|9\n|tier|[Gen 9] OU\n|rated|Tournament battle\n|rule|Sleep Clause Mod: Limit one foe put to sleep\n|rule|Species Clause: Limit one of each Pok\u00e9mon\n|rule|OHKO Clause: OHKO moves are banned\n|rule|Evasion Items Clause: Evasion items are banned\n|rule|Evasion Moves Clause: Evasion moves are banned\n|rule|Endless Battle Clause: Forcing endless battles is banned\n|rule|HP Percentage Mod: HP is shown in percentages\n|rule|Terastal Clause: You cannot Terastallize\n|clearpoke\n|poke|p1|Rillaboom, M|\n|poke|p1|Moltres|\n|poke|p1|Great Tusk|\n|poke|p1|Slowking-Galar, F|\n|poke|p1|Dragapult, F|\n|poke|p1|Kingambit, F|\n|poke|p2|Ninetales-Alola, F|\n|poke|p2|Manaphy|\n|poke|p2|Torterra, M|\n|poke|p2|Kingambit, M|\n|poke|p2|Okidogi, M|\n|poke|p2|Frosmoth, F|\n|teampreview\n|c|\u2606Bornik dies|gl\n|\n|t:|1700005741\n|start\n|switch|p1a: Moltres|Moltres|100\/100\n|switch|p2a: Lichu Bagan|Torterra, M|100\/100\n|turn|1\n|\n|t:|1700005756\n|move|p1a: Moltres|Will-O-Wisp|p2a: Lichu Bagan\n|-status|p2a: Lichu Bagan|brn\n|move|p2a: Lichu Bagan|Shell Smash|p2a: Lichu Bagan\n|-unboost|p2a: Lichu Bagan|def|1\n|-unboost|p2a: Lichu Bagan|spd|1\n|-boost|p2a: Lichu Bagan|atk|2\n|-boost|p2a: Lichu Bagan|spa|2\n|-boost|p2a: Lichu Bagan|spe|2\n|\n|-damage|p2a: Lichu Bagan|94\/100 brn|[from] brn\n|upkeep\n|turn|2\n|\n|t:|1700005760\n|move|p2a: Lichu Bagan|Rock Blast|p1a: Moltres\n|-supereffective|p1a: Moltres\n|-damage|p1a: Moltres|75\/100\n|-supereffective|p1a: Moltres\n|-damage|p1a: Moltres|51\/100\n|-supereffective|p1a: Moltres\n|-damage|p1a: Moltres|27\/100\n|-supereffective|p1a: Moltres\n|-damage|p1a: Moltres|4\/100\n|-hitcount|p1a: Moltres|4\n|move|p1a: Moltres|Flamethrower|p2a: Lichu Bagan\n|-supereffective|p2a: Lichu Bagan\n|-damage|p2a: Lichu Bagan|0 fnt\n|faint|p2a: Lichu Bagan\n|\n|upkeep\n|\n|t:|1700005771\n|switch|p2a: Farhana Nitol|Ninetales-Alola, F|100\/100\n|-weather|Snow|[from] ability: Snow Warning|[of] p2a: Farhana Nitol\n|turn|3\n|\n|t:|1700005776\n|move|p2a: Farhana Nitol|Aurora Veil|p2a: Farhana Nitol\n|-sidestart|p2: Bornik dies|move: Aurora Veil\n|move|p1a: Moltres|Roost|p1a: Moltres\n|-heal|p1a: Moltres|54\/100\n|-singleturn|p1a: Moltres|move: Roost\n|\n|-weather|Snow|[upkeep]\n|upkeep\n|turn|4\n|\n|t:|1700005781\n|move|p2a: Farhana Nitol|Encore|p1a: Moltres\n|-start|p1a: Moltres|Encore\n|move|p1a: Moltres|Roost|p1a: Moltres\n|-heal|p1a: Moltres|100\/100\n|-singleturn|p1a: Moltres|move: Roost\n|\n|-weather|Snow|[upkeep]\n|upkeep\n|turn|5\n|\n|t:|1700005786\n|switch|p2a: liya|Frosmoth, F|100\/100\n|switch|p1a: Slowking|Slowking-Galar, F|100\/100\n|\n|-weather|Snow|[upkeep]\n|upkeep\n|turn|6\n|\n|t:|1700005798\n|move|p2a: liya|Quiver Dance|p2a: liya\n|-boost|p2a: liya|spa|1\n|-boost|p2a: liya|spd|1\n|-boost|p2a: liya|spe|1\n|move|p1a: Slowking|Chilly Reception|p1a: Slowking\n|\n|t:|1700005804\n|switch|p1a: Kingambit|Kingambit, F|100\/100|[from] Chilly Reception\n|\n|-weather|Snow|[upkeep]\n|upkeep\n|turn|7\n|\n|t:|1700005831\n|move|p2a: liya|Bug Buzz|p1a: Kingambit\n|-damage|p1a: Kingambit|29\/100\n|move|p1a: Kingambit|Iron Head|p2a: liya\n|-supereffective|p2a: liya\n|-damage|p2a: liya|52\/100\n|\n|-weather|none\n|-heal|p1a: Kingambit|35\/100|[from] item: Leftovers\n|upkeep\n|turn|8\n|\n|t:|1700005842\n|-end|p1a: Kingambit|fallenundefined|[silent]\n|switch|p1a: Slowking|Slowking-Galar, F|100\/100\n|move|p2a: liya|Quiver Dance|p2a: liya\n|-boost|p2a: liya|spa|1\n|-boost|p2a: liya|spd|1\n|-boost|p2a: liya|spe|1\n|\n|upkeep\n|turn|9\n|\n|t:|1700005847\n|move|p2a: liya|Bug Buzz|p1a: Slowking\n|-damage|p1a: Slowking|47\/100\n|move|p1a: Slowking|Sludge Bomb|p2a: liya\n|-damage|p2a: liya|46\/100\n|-status|p2a: liya|psn\n|\n|-damage|p2a: liya|34\/100 psn|[from] psn\n|upkeep\n|turn|10\n|j| XX_1nfinity_XX\n|\n|t:|1700005855\n|switch|p1a: Moltres|Moltres|100\/100\n|move|p2a: liya|Bug Buzz|p1a: Moltres\n|-resisted|p1a: Moltres\n|-damage|p1a: Moltres|74\/100\n|\n|-damage|p2a: liya|21\/100 psn|[from] psn\n|-sideend|p2: Bornik dies|move: Aurora Veil\n|upkeep\n|turn|11\n|c| XX_1nfinity_XX|hi\n|\n|t:|1700005859\n|move|p2a: liya|Ice Beam|p1a: Moltres\n|-damage|p1a: Moltres|0 fnt\n|faint|p1a: Moltres\n|\n|-damage|p2a: liya|9\/100 psn|[from] psn\n|upkeep\n|\n|t:|1700005867\n|switch|p1a: Kingambit|Kingambit, F|35\/100\n|-activate|p1a: Kingambit|ability: Supreme Overlord\n|-start|p1a: Kingambit|fallen1|[silent]\n|turn|12\n|\n|t:|1700005871\n|move|p1a: Kingambit|Sucker Punch|p2a: liya\n|-damage|p2a: liya|0 fnt\n|faint|p2a: liya\n|\n|-heal|p1a: Kingambit|41\/100|[from] item: Leftovers\n|upkeep\n|\n|t:|1700005877\n|switch|p2a: lichuchor|Okidogi, M|100\/100\n|turn|13\n|\n|t:|1700005882\n|-end|p1a: Kingambit|fallen1|[silent]\n|switch|p1a: Great Tusk|Great Tusk|100\/100\n|move|p2a: lichuchor|Bulk Up|p2a: lichuchor\n|-boost|p2a: lichuchor|atk|1\n|-boost|p2a: lichuchor|def|1\n|\n|upkeep\n|turn|14\n|\n|t:|1700005889\n|move|p1a: Great Tusk|Headlong Rush|p2a: lichuchor\n|-supereffective|p2a: lichuchor\n|-damage|p2a: lichuchor|34\/100\n|-unboost|p1a: Great Tusk|def|1\n|-unboost|p1a: Great Tusk|spd|1\n|move|p2a: lichuchor|Bulk Up|p2a: lichuchor\n|-boost|p2a: lichuchor|atk|1\n|-boost|p2a: lichuchor|def|1\n|\n|-heal|p2a: lichuchor|40\/100|[from] item: Leftovers\n|upkeep\n|turn|15\n|\n|t:|1700005893\n|move|p1a: Great Tusk|Headlong Rush|p2a: lichuchor\n|-supereffective|p2a: lichuchor\n|-damage|p2a: lichuchor|0 fnt\n|-unboost|p1a: Great Tusk|def|1\n|-unboost|p1a: Great Tusk|spd|1\n|faint|p2a: lichuchor\n|\n|upkeep\n|\n|t:|1700005898\n|switch|p2a: Farhana Nitol|Ninetales-Alola, F|100\/100\n|-weather|Snow|[from] ability: Snow Warning|[of] p2a: Farhana Nitol\n|turn|16\n|\n|t:|1700005903\n|-end|p1a: Great Tusk|Protosynthesis|[silent]\n|switch|p1a: Slowking|Slowking-Galar, F|80\/100\n|move|p2a: Farhana Nitol|Aurora Veil|p2a: Farhana Nitol\n|-sidestart|p2: Bornik dies|move: Aurora Veil\n|\n|-weather|Snow|[upkeep]\n|upkeep\n|turn|17\n|\n|t:|1700005911\n|move|p2a: Farhana Nitol|Hypnosis|p1a: Slowking|[miss]\n|-miss|p2a: Farhana Nitol|p1a: Slowking\n|move|p1a: Slowking|Chilly Reception|p1a: Slowking\n|\n|t:|1700005923\n|switch|p1a: Dragapult|Dragapult, F|100\/100|[from] Chilly Reception\n|\n|-weather|Snow|[upkeep]\n|upkeep\n|turn|18\n|\n|t:|1700005927\n|move|p1a: Dragapult|Flamethrower|p2a: Farhana Nitol\n|-supereffective|p2a: Farhana Nitol\n|-damage|p2a: Farhana Nitol|18\/100\n|move|p2a: Farhana Nitol|Freeze-Dry|p1a: Dragapult\n|-supereffective|p1a: Dragapult\n|-damage|p1a: Dragapult|49\/100\n|\n|-weather|Snow|[upkeep]\n|upkeep\n|turn|19\n|\n|t:|1700005934\n|move|p1a: Dragapult|Flamethrower|p2a: Farhana Nitol\n|-supereffective|p2a: Farhana Nitol\n|-damage|p2a: Farhana Nitol|0 fnt\n|faint|p2a: Farhana Nitol\n|\n|-weather|Snow|[upkeep]\n|upkeep\n|\n|t:|1700005936\n|switch|p2a: Nawshaba|Manaphy|100\/100\n|turn|20\n|\n|t:|1700005941\n|switch|p1a: Slowking|Slowking-Galar, F|100\/100\n|move|p2a: Nawshaba|Acid Armor|p2a: Nawshaba\n|-boost|p2a: Nawshaba|def|2\n|\n|-weather|none\n|upkeep\n|turn|21\n|\n|t:|1700005944\n|move|p2a: Nawshaba|Take Heart|p2a: Nawshaba\n|-boost|p2a: Nawshaba|spa|1\n|-boost|p2a: Nawshaba|spd|1\n|move|p1a: Slowking|Sludge Bomb|p2a: Nawshaba\n|-damage|p2a: Nawshaba|92\/100\n|\n|-heal|p2a: Nawshaba|98\/100|[from] item: Leftovers\n|upkeep\n|turn|22\n|\n|t:|1700005950\n|move|p2a: Nawshaba|Take Heart|p2a: Nawshaba\n|-boost|p2a: Nawshaba|spa|1\n|-boost|p2a: Nawshaba|spd|1\n|move|p1a: Slowking|Sludge Bomb|p2a: Nawshaba\n|-damage|p2a: Nawshaba|91\/100\n|\n|-heal|p2a: Nawshaba|97\/100|[from] item: Leftovers\n|upkeep\n|turn|23\n|\n|t:|1700005953\n|move|p2a: Nawshaba|Acid Armor|p2a: Nawshaba\n|-boost|p2a: Nawshaba|def|2\n|move|p1a: Slowking|Chilly Reception|p1a: Slowking\n|-weather|Snow\n|\n|t:|1700005958\n|switch|p1a: Rillaboom|Rillaboom, M|100\/100|[from] Chilly Reception\n|-fieldstart|move: Grassy Terrain|[from] ability: Grassy Surge|[of] p1a: Rillaboom\n|\n|-weather|Snow|[upkeep]\n|-heal|p2a: Nawshaba|100\/100|[from] Grassy Terrain\n|-sideend|p2: Bornik dies|move: Aurora Veil\n|upkeep\n|turn|24\n|\n|t:|1700005961\n|move|p2a: Nawshaba|Stored Power|p1a: Rillaboom\n|-damage|p1a: Rillaboom|0 fnt\n|faint|p1a: Rillaboom\n|\n|-weather|Snow|[upkeep]\n|upkeep\n|c|\u2606Bornik dies|gg\n|-message|dreepy airlines forfeited.\n|\n|win|Bornik dies\n|n|\u2606dreepy airlines|dreepyairlines\n|n|\u2606Bornik dies|bornikdies\n|n|*Lady Monita \u2746|ladymonita\n|n| XX_1nfinity_XX|xx1nfinityxx\n|l|*Lady Monita \u2746\n|l|\u2606dreepy airlines\n|l|\u2606Bornik dies\n|j| RUMYMOME\n","uploadtime":1700006006,"views":15,"p1id":"dreepyairlines","p2id":"bornikdies","formatid":"gen9ou","rating":0,"private":0,"password":""}