{"id":"gen9ou-1996232856","p1":"Nich1","p2":"ANOTHERDAYWILLCOME","format":"[Gen 9] OU","log":"|j|\u2606Nich1\n|j|\u2606ANOTHERDAYWILLCOME\n|t:|1700662138\n|gametype|singles\n|player|p1|Nich1|red-masters|\n|player|p2|ANOTHERDAYWILLCOME|gambler|\n|teamsize|p1|6\n|teamsize|p2|6\n|gen|9\n|tier|[Gen 9] OU\n|rule|Sleep Clause Mod: Limit one foe put to sleep\n|rule|Species Clause: Limit one of each Pok\u00e9mon\n|rule|OHKO Clause: OHKO moves are banned\n|rule|Evasion Items Clause: Evasion items are banned\n|rule|Evasion Moves Clause: Evasion moves are banned\n|rule|Endless Battle Clause: Forcing endless battles is banned\n|rule|HP Percentage Mod: HP is shown in percentages\n|clearpoke\n|poke|p1|Ninetales-Alola, F|\n|poke|p1|Manaphy|\n|poke|p1|Kingambit, F|\n|poke|p1|Frosmoth, F|\n|poke|p1|Corviknight, M|\n|poke|p1|Garchomp, F|\n|poke|p2|Manaphy|\n|poke|p2|Great Tusk|\n|poke|p2|Dragapult, F|\n|poke|p2|Clefable, M|\n|poke|p2|Samurott-Hisui, M|\n|poke|p2|Dragonite, M|\n|teampreview\n|\n|t:|1700662147\n|start\n|switch|p1a: Garchomp|Garchomp, F|100\/100\n|switch|p2a: Dragapult|Dragapult, F|100\/100\n|turn|1\n|\n|t:|1700662154\n|switch|p1a: Ninetales|Ninetales-Alola, F|100\/100\n|-weather|Snow|[from] ability: Snow Warning|[of] p1a: Ninetales\n|move|p2a: Dragapult|Draco Meteor|p1a: Ninetales\n|-immune|p1a: Ninetales\n|\n|-weather|Snow|[upkeep]\n|upkeep\n|turn|2\n|\n|t:|1700662160\n|switch|p2a: Samurott|Samurott-Hisui, M|100\/100\n|move|p1a: Ninetales|Aurora Veil|p1a: Ninetales\n|-sidestart|p1: Nich1|move: Aurora Veil\n|\n|-weather|Snow|[upkeep]\n|upkeep\n|turn|3\n|\n|t:|1700662170\n|switch|p2a: Clefable|Clefable, M|100\/100\n|switch|p1a: Garchomp|Garchomp, F|100\/100\n|\n|-weather|Snow|[upkeep]\n|upkeep\n|turn|4\n|\n|t:|1700662177\n|switch|p1a: Corviknight|Corviknight, M|100\/100\n|-ability|p1a: Corviknight|Pressure\n|move|p2a: Clefable|Moonblast|p1a: Corviknight\n|-resisted|p1a: Corviknight\n|-damage|p1a: Corviknight|91\/100\n|\n|-weather|Snow|[upkeep]\n|-heal|p1a: Corviknight|97\/100|[from] item: Leftovers\n|upkeep\n|turn|5\n|\n|t:|1700662181\n|switch|p2a: Great Tusk|Great Tusk|100\/100\n|move|p1a: Corviknight|U-turn|p2a: Great Tusk\n|-resisted|p2a: Great Tusk\n|-damage|p2a: Great Tusk|97\/100\n|\n|t:|1700662183\n|switch|p1a: Frosmoth|Frosmoth, F|100\/100|[from] U-turn\n|\n|-weather|none\n|upkeep\n|turn|6\n|\n|t:|1700662188\n|-end|p2a: Great Tusk|Protosynthesis|[silent]\n|switch|p2a: Manaphy|Manaphy|100\/100\n|-terastallize|p1a: Frosmoth|Ground\n|move|p1a: Frosmoth|Quiver Dance|p1a: Frosmoth\n|-boost|p1a: Frosmoth|spa|1\n|-boost|p1a: Frosmoth|spd|1\n|-boost|p1a: Frosmoth|spe|1\n|\n|upkeep\n|turn|7\n|\n|t:|1700662194\n|move|p1a: Frosmoth|Quiver Dance|p1a: Frosmoth\n|-boost|p1a: Frosmoth|spa|1\n|-boost|p1a: Frosmoth|spd|1\n|-boost|p1a: Frosmoth|spe|1\n|move|p2a: Manaphy|Scald|p1a: Frosmoth\n|-supereffective|p1a: Frosmoth\n|-damage|p1a: Frosmoth|92\/100\n|\n|upkeep\n|turn|8\n|\n|t:|1700662199\n|switch|p2a: Samurott|Samurott-Hisui, M|100\/100\n|move|p1a: Frosmoth|Tera Blast|p2a: Samurott|[anim] Tera Blast Ground\n|-damage|p2a: Samurott|0 fnt\n|faint|p2a: Samurott\n|\n|upkeep\n|\n|t:|1700662202\n|switch|p2a: Dragonite|Dragonite, M|100\/100\n|turn|9\n|\n|t:|1700662204\n|move|p1a: Frosmoth|Ice Beam|p2a: Dragonite\n|-supereffective|p2a: Dragonite\n|-crit|p2a: Dragonite\n|-damage|p2a: Dragonite|0 fnt\n|faint|p2a: Dragonite\n|\n|-sideend|p1: Nich1|move: Aurora Veil\n|upkeep\n|\n|t:|1700662209\n|switch|p2a: Manaphy|Manaphy|100\/100\n|turn|10\n|\n|t:|1700662213\n|move|p1a: Frosmoth|Bug Buzz|p2a: Manaphy\n|-damage|p2a: Manaphy|28\/100\n|move|p2a: Manaphy|Take Heart|p2a: Manaphy\n|-boost|p2a: Manaphy|spa|1\n|-boost|p2a: Manaphy|spd|1\n|\n|-heal|p2a: Manaphy|34\/100|[from] item: Leftovers\n|upkeep\n|turn|11\n|\n|t:|1700662215\n|move|p1a: Frosmoth|Bug Buzz|p2a: Manaphy\n|-damage|p2a: Manaphy|0 fnt\n|faint|p2a: Manaphy\n|\n|upkeep\n|\n|t:|1700662216\n|switch|p2a: Clefable|Clefable, M|100\/100\n|turn|12\n|\n|t:|1700662219\n|move|p1a: Frosmoth|Tera Blast|p2a: Clefable|[anim] Tera Blast Ground\n|-damage|p2a: Clefable|46\/100\n|move|p2a: Clefable|Moonblast|p1a: Frosmoth\n|-damage|p1a: Frosmoth|78\/100\n|\n|upkeep\n|turn|13\n|\n|t:|1700662221\n|move|p1a: Frosmoth|Tera Blast|p2a: Clefable|[anim] Tera Blast Ground\n|-damage|p2a: Clefable|0 fnt\n|faint|p2a: Clefable\n|\n|upkeep\n|-message|ANOTHERDAYWILLCOME forfeited.\n|\n|win|Nich1\n|l|\u2606ANOTHERDAYWILLCOME\n|c|\u2606Nich1|gg\n|l|\u2606Nich1\n|j|\u2606Nich1\n|player|p1|Nich1|red-masters\n|l|\u2606Nich1\n|player|p1|\n|j|\u2606Nich1\n|player|p1|Nich1|red-masters\n","uploadtime":1700662347,"views":13,"p1id":"nich1","p2id":"anotherdaywillcome","formatid":"gen9ou","rating":0,"private":0,"password":""}