{"id":"gen9ou-1996737132","p1":"Holuro","p2":"TickledYou","format":"[Gen 9] OU","log":"|j|\u2606Holuro\n|j|\u2606TickledYou\n|t:|1700716773\n|gametype|singles\n|player|p1|Holuro|giovanni|1028\n|player|p2|TickledYou|265|1061\n|teamsize|p1|6\n|teamsize|p2|6\n|gen|9\n|tier|[Gen 9] OU\n|rated|\n|rule|Sleep Clause Mod: Limit one foe put to sleep\n|rule|Species Clause: Limit one of each Pok\u00e9mon\n|rule|OHKO Clause: OHKO moves are banned\n|rule|Evasion Items Clause: Evasion items are banned\n|rule|Evasion Moves Clause: Evasion moves are banned\n|rule|Endless Battle Clause: Forcing endless battles is banned\n|rule|HP Percentage Mod: HP is shown in percentages\n|clearpoke\n|poke|p1|Zapdos-Galar|\n|poke|p1|Hatterene, F|\n|poke|p1|Azumarill, M|\n|poke|p1|Drednaw, F|\n|poke|p1|Hydreigon, F|\n|poke|p1|Mienshao, F|\n|poke|p2|Ceruledge, M|\n|poke|p2|Samurott-Hisui, M|\n|poke|p2|Iron Moth|\n|poke|p2|Pincurchin, M|\n|poke|p2|Corviknight, F|\n|poke|p2|Slowking-Galar, M|\n|teampreview\n|inactive|Battle timer is ON: inactive players will automatically lose when time's up. (requested by TickledYou)\n|\n|t:|1700716786\n|start\n|switch|p1a: Azumarill|Azumarill, M|100\/100\n|switch|p2a: Pincurchin|Pincurchin, M|100\/100\n|-fieldstart|move: Electric Terrain|[from] ability: Electric Surge|[of] p2a: Pincurchin\n|turn|1\n|\n|t:|1700716799\n|move|p1a: Azumarill|Focus Blast|p2a: Pincurchin\n|-damage|p2a: Pincurchin|71\/100\n|move|p2a: Pincurchin|Thunder Wave|p1a: Azumarill\n|-status|p1a: Azumarill|par\n|\n|-heal|p2a: Pincurchin|77\/100|[from] item: Leftovers\n|upkeep\n|turn|2\n|\n|t:|1700716814\n|move|p1a: Azumarill|Sleep Talk||[still]\n|-fail|p1a: Azumarill\n|move|p2a: Pincurchin|Zing Zap|p1a: Azumarill\n|-supereffective|p1a: Azumarill\n|-damage|p1a: Azumarill|29\/100 par\n|\n|-heal|p2a: Pincurchin|83\/100|[from] item: Leftovers\n|upkeep\n|turn|3\n|\n|t:|1700716821\n|cant|p1a: Azumarill|par\n|move|p2a: Pincurchin|Hex|p1a: Azumarill\n|-damage|p1a: Azumarill|3\/100 par\n|-enditem|p1a: Azumarill|Wiki Berry|[eat]\n|-heal|p1a: Azumarill|36\/100 par|[from] item: Wiki Berry\n|\n|-heal|p2a: Pincurchin|89\/100|[from] item: Leftovers\n|upkeep\n|turn|4\n|\n|t:|1700716829\n|move|p1a: Azumarill|Sleep Talk||[still]\n|-fail|p1a: Azumarill\n|move|p2a: Pincurchin|Zing Zap|p1a: Azumarill\n|-supereffective|p1a: Azumarill\n|-damage|p1a: Azumarill|0 fnt\n|faint|p1a: Azumarill\n|\n|-heal|p2a: Pincurchin|95\/100|[from] item: Leftovers\n|upkeep\n|\n|t:|1700716837\n|switch|p1a: Hydreigon|Hydreigon, F|100\/100\n|turn|5\n|\n|t:|1700716850\n|move|p1a: Hydreigon|Earthquake|p2a: Pincurchin\n|-supereffective|p2a: Pincurchin\n|-damage|p2a: Pincurchin|39\/100\n|move|p2a: Pincurchin|Thunder Wave|p1a: Hydreigon\n|-status|p1a: Hydreigon|par\n|\n|-heal|p2a: Pincurchin|45\/100|[from] item: Leftovers\n|-fieldend|move: Electric Terrain\n|upkeep\n|turn|6\n|\n|t:|1700716858\n|switch|p2a: Corviknight|Corviknight, F|100\/100\n|cant|p1a: Hydreigon|par\n|\n|upkeep\n|turn|7\n|\n|t:|1700716863\n|switch|p1a: Drednaw|Drednaw, F|100\/100\n|move|p2a: Corviknight|Iron Defense|p2a: Corviknight\n|-boost|p2a: Corviknight|def|2\n|\n|upkeep\n|turn|8\n|\n|t:|1700716873\n|-terastallize|p1a: Drednaw|Water\n|move|p1a: Drednaw|Shell Smash|p1a: Drednaw\n|-unboost|p1a: Drednaw|def|1\n|-unboost|p1a: Drednaw|spd|1\n|-boost|p1a: Drednaw|atk|2\n|-boost|p1a: Drednaw|spa|2\n|-boost|p1a: Drednaw|spe|2\n|move|p2a: Corviknight|Body Press|p1a: Drednaw\n|-damage|p1a: Drednaw|18\/100\n|\n|-heal|p1a: Drednaw|24\/100|[from] item: Leftovers\n|upkeep\n|turn|9\n|\n|t:|1700716886\n|move|p1a: Drednaw|Ice Fang|p2a: Corviknight\n|-damage|p2a: Corviknight|84\/100\n|move|p2a: Corviknight|Body Press|p1a: Drednaw\n|-crit|p1a: Drednaw\n|-damage|p1a: Drednaw|0 fnt\n|faint|p1a: Drednaw\n|\n|-heal|p2a: Corviknight|90\/100|[from] item: Leftovers\n|upkeep\n|-message|Holuro forfeited.\n|\n|win|TickledYou\n|raw|Holuro's rating: 1028 &rarr; <strong>1015<\/strong><br \/>(-13 for losing)\n|raw|TickledYou's rating: 1061 &rarr; <strong>1089<\/strong><br \/>(+28 for winning)\n|l|\u2606Holuro\n","uploadtime":1700716894,"views":2,"p1id":"holuro","p2id":"tickledyou","formatid":"gen9ou","rating":1015,"private":0,"password":""}