{"id":"gen9ou-1996719851","p1":"tryna cook","p2":"JiR0k","format":"[Gen 9] OU","log":"|j|\u2606tryna cook\n|j|\u2606JiR0k\n|t:|1700714186\n|gametype|singles\n|player|p1|tryna cook|acetrainersnowf|1279\n|player|p2|JiR0k|red|1354\n|teamsize|p1|6\n|teamsize|p2|6\n|gen|9\n|tier|[Gen 9] OU\n|rated|\n|rule|Sleep Clause Mod: Limit one foe put to sleep\n|rule|Species Clause: Limit one of each Pok\u00e9mon\n|rule|OHKO Clause: OHKO moves are banned\n|rule|Evasion Items Clause: Evasion items are banned\n|rule|Evasion Moves Clause: Evasion moves are banned\n|rule|Endless Battle Clause: Forcing endless battles is banned\n|rule|HP Percentage Mod: HP is shown in percentages\n|clearpoke\n|poke|p1|Zarude|\n|poke|p1|Zapdos|\n|poke|p1|Dragapult, F|\n|poke|p1|Cinderace, F|\n|poke|p1|Great Tusk|\n|poke|p1|Gastrodon, F|\n|poke|p2|Great Tusk|\n|poke|p2|Dondozo, F|\n|poke|p2|Slowking-Galar, M|\n|poke|p2|Rillaboom, M|\n|poke|p2|Iron Moth|\n|poke|p2|Zapdos|\n|teampreview\n|\n|t:|1700714200\n|start\n|switch|p1a: Zapdos|Zapdos|100\/100\n|switch|p2a: Iron Moth|Iron Moth|100\/100\n|-enditem|p2a: Iron Moth|Booster Energy\n|-activate|p2a: Iron Moth|ability: Quark Drive|[fromitem]\n|-start|p2a: Iron Moth|quarkdrivespe\n|turn|1\n|\n|t:|1700714204\n|move|p2a: Iron Moth|Fiery Dance|p1a: Zapdos\n|-damage|p1a: Zapdos|59\/100\n|-boost|p2a: Iron Moth|spa|1\n|move|p1a: Zapdos|Volt Switch|p2a: Iron Moth\n|-damage|p2a: Iron Moth|74\/100\n|\n|t:|1700714213\n|switch|p1a: Gastrodon|Gastrodon, F|100\/100|[from] Volt Switch\n|\n|upkeep\n|turn|2\n|\n|t:|1700714218\n|-terastallize|p2a: Iron Moth|Fairy\n|move|p2a: Iron Moth|Fiery Dance|p1a: Gastrodon\n|-resisted|p1a: Gastrodon\n|-damage|p1a: Gastrodon|80\/100\n|move|p1a: Gastrodon|Clear Smog|p2a: Iron Moth\n|-supereffective|p2a: Iron Moth\n|-damage|p2a: Iron Moth|53\/100\n|-clearboost|p2a: Iron Moth\n|\n|upkeep\n|turn|3\n|\n|t:|1700714225\n|move|p2a: Iron Moth|Sludge Wave|p1a: Gastrodon\n|-resisted|p1a: Gastrodon\n|-damage|p1a: Gastrodon|65\/100\n|move|p1a: Gastrodon|Clear Smog|p2a: Iron Moth\n|-supereffective|p2a: Iron Moth\n|-crit|p2a: Iron Moth\n|-damage|p2a: Iron Moth|19\/100\n|-clearboost|p2a: Iron Moth\n|\n|upkeep\n|turn|4\n|\n|t:|1700714231\n|-end|p2a: Iron Moth|Quark Drive|[silent]\n|switch|p2a: Rillaboom|Rillaboom, M|100\/100\n|-fieldstart|move: Grassy Terrain|[from] ability: Grassy Surge|[of] p2a: Rillaboom\n|move|p1a: Gastrodon|Recover|p1a: Gastrodon\n|-heal|p1a: Gastrodon|100\/100\n|\n|upkeep\n|turn|5\n|\n|t:|1700714235\n|switch|p1a: Zapdos|Zapdos|59\/100\n|move|p2a: Rillaboom|U-turn|p1a: Zapdos\n|-resisted|p1a: Zapdos\n|-damage|p1a: Zapdos|44\/100\n|-status|p2a: Rillaboom|par|[from] ability: Static|[of] p1a: Zapdos\n|\n|t:|1700714238\n|switch|p2a: Iron Moth|Iron Moth, tera:Fairy|19\/100|[from] U-turn\n|\n|-heal|p2a: Iron Moth|25\/100|[from] Grassy Terrain\n|upkeep\n|turn|6\n|\n|t:|1700714244\n|switch|p1a: Gastrodon|Gastrodon, F|100\/100\n|move|p2a: Iron Moth|Sludge Wave|p1a: Gastrodon\n|-resisted|p1a: Gastrodon\n|-damage|p1a: Gastrodon|84\/100\n|\n|-heal|p2a: Iron Moth|31\/100|[from] Grassy Terrain\n|-heal|p1a: Gastrodon|90\/100|[from] Grassy Terrain\n|upkeep\n|turn|7\n|\n|t:|1700714250\n|-end|p2a: Iron Moth|Quark Drive|[silent]\n|switch|p2a: Slowking|Slowking-Galar, M|100\/100\n|move|p1a: Gastrodon|Ice Beam|p2a: Slowking\n|-damage|p2a: Slowking|89\/100\n|\n|-heal|p1a: Gastrodon|96\/100|[from] Grassy Terrain\n|-heal|p2a: Slowking|95\/100|[from] Grassy Terrain\n|upkeep\n|turn|8\n|\n|t:|1700714254\n|move|p1a: Gastrodon|Earth Power|p2a: Slowking\n|-supereffective|p2a: Slowking\n|-damage|p2a: Slowking|61\/100\n|move|p2a: Slowking|Sludge Bomb|p1a: Gastrodon\n|-resisted|p1a: Gastrodon\n|-damage|p1a: Gastrodon|82\/100\n|\n|-heal|p1a: Gastrodon|88\/100|[from] Grassy Terrain\n|-heal|p2a: Slowking|67\/100|[from] Grassy Terrain\n|-fieldend|move: Grassy Terrain\n|upkeep\n|turn|9\n|\n|t:|1700714261\n|move|p1a: Gastrodon|Ice Beam|p2a: Slowking\n|-damage|p2a: Slowking|56\/100\n|move|p2a: Slowking|Sludge Bomb|p1a: Gastrodon\n|-resisted|p1a: Gastrodon\n|-damage|p1a: Gastrodon|75\/100\n|\n|upkeep\n|turn|10\n|\n|t:|1700714267\n|move|p1a: Gastrodon|Earth Power|p2a: Slowking\n|-supereffective|p2a: Slowking\n|-damage|p2a: Slowking|22\/100\n|move|p2a: Slowking|Sludge Bomb|p1a: Gastrodon\n|-resisted|p1a: Gastrodon\n|-damage|p1a: Gastrodon|61\/100\n|\n|upkeep\n|turn|11\n|\n|t:|1700714274\n|switch|p2a: Zapdos|Zapdos|100\/100\n|move|p1a: Gastrodon|Ice Beam|p2a: Zapdos\n|-supereffective|p2a: Zapdos\n|-damage|p2a: Zapdos|56\/100\n|\n|upkeep\n|turn|12\n|\n|t:|1700714279\n|move|p2a: Zapdos|Hurricane|p1a: Gastrodon|[miss]\n|-miss|p2a: Zapdos|p1a: Gastrodon\n|move|p1a: Gastrodon|Recover|p1a: Gastrodon\n|-heal|p1a: Gastrodon|100\/100\n|\n|upkeep\n|turn|13\n|\n|t:|1700714289\n|move|p2a: Zapdos|Hurricane|p1a: Gastrodon|[miss]\n|-miss|p2a: Zapdos|p1a: Gastrodon\n|move|p1a: Gastrodon|Ice Beam|p2a: Zapdos\n|-supereffective|p2a: Zapdos\n|-damage|p2a: Zapdos|12\/100\n|\n|upkeep\n|turn|14\n|\n|t:|1700714292\n|move|p2a: Zapdos|Hurricane|p1a: Gastrodon\n|-damage|p1a: Gastrodon|64\/100\n|move|p1a: Gastrodon|Earth Power|p2a: Zapdos\n|-immune|p2a: Zapdos\n|\n|upkeep\n|turn|15\n|\n|t:|1700714296\n|move|p2a: Zapdos|Hurricane|p1a: Gastrodon\n|-damage|p1a: Gastrodon|29\/100\n|move|p1a: Gastrodon|Recover|p1a: Gastrodon\n|-heal|p1a: Gastrodon|79\/100\n|\n|upkeep\n|turn|16\n|\n|t:|1700714300\n|move|p2a: Zapdos|Hurricane|p1a: Gastrodon|[miss]\n|-miss|p2a: Zapdos|p1a: Gastrodon\n|move|p1a: Gastrodon|Ice Beam|p2a: Zapdos\n|-supereffective|p2a: Zapdos\n|-damage|p2a: Zapdos|0 fnt\n|faint|p2a: Zapdos\n|\n|upkeep\n|\n|t:|1700714303\n|switch|p2a: Rillaboom|Rillaboom, M|100\/100 par\n|-fieldstart|move: Grassy Terrain|[from] ability: Grassy Surge|[of] p2a: Rillaboom\n|turn|17\n|\n|t:|1700714310\n|switch|p1a: Zapdos|Zapdos|44\/100\n|move|p2a: Rillaboom|Wood Hammer|p1a: Zapdos\n|-resisted|p1a: Zapdos\n|-damage|p1a: Zapdos|1\/100\n|-damage|p2a: Rillaboom|86\/100 par|[from] Recoil\n|\n|-heal|p2a: Rillaboom|92\/100 par|[from] Grassy Terrain\n|upkeep\n|turn|18\n|\n|t:|1700714319\n|switch|p2a: Great Tusk|Great Tusk|100\/100\n|move|p1a: Zapdos|Hurricane|p2a: Great Tusk|[miss]\n|-miss|p1a: Zapdos|p2a: Great Tusk\n|\n|upkeep\n|turn|19\n|\n|t:|1700714321\n|move|p2a: Great Tusk|Ice Spinner|p1a: Zapdos\n|-supereffective|p1a: Zapdos\n|-damage|p1a: Zapdos|0 fnt\n|-status|p2a: Great Tusk|par|[from] ability: Static|[of] p1a: Zapdos\n|-fieldend|move: Grassy Terrain\n|faint|p1a: Zapdos\n|\n|upkeep\n|\n|t:|1700714334\n|switch|p1a: Zarude|Zarude|100\/100\n|turn|20\n|\n|t:|1700714347\n|-end|p2a: Great Tusk|Protosynthesis|[silent]\n|switch|p2a: Iron Moth|Iron Moth, tera:Fairy|31\/100\n|move|p1a: Zarude|Power Whip|p2a: Iron Moth\n|-damage|p2a: Iron Moth|0 fnt\n|faint|p2a: Iron Moth\n|-end|p2a: Iron Moth|Quark Drive|[silent]\n|\n|upkeep\n|\n|t:|1700714353\n|switch|p2a: Rillaboom|Rillaboom, M|92\/100 par\n|-fieldstart|move: Grassy Terrain|[from] ability: Grassy Surge|[of] p2a: Rillaboom\n|turn|21\n|\n|t:|1700714368\n|switch|p1a: Cinderace|Cinderace, F|100\/100\n|move|p2a: Rillaboom|Wood Hammer|p1a: Cinderace\n|-resisted|p1a: Cinderace\n|-damage|p1a: Cinderace|12\/100\n|-damage|p2a: Rillaboom|69\/100 par|[from] Recoil\n|\n|-heal|p1a: Cinderace|18\/100|[from] Grassy Terrain\n|-heal|p2a: Rillaboom|75\/100 par|[from] Grassy Terrain\n|upkeep\n|turn|22\n|\n|t:|1700714374\n|switch|p2a: Dondozo|Dondozo, F|100\/100\n|move|p1a: Cinderace|U-turn|p2a: Dondozo\n|-start|p1a: Cinderace|typechange|Bug|[from] ability: Libero\n|-damage|p2a: Dondozo|84\/100\n|\n|t:|1700714377\n|switch|p1a: Zarude|Zarude|100\/100|[from] U-turn\n|\n|-heal|p2a: Dondozo|90\/100|[from] Grassy Terrain\n|-heal|p2a: Dondozo|96\/100|[from] item: Leftovers\n|upkeep\n|turn|23\n|\n|t:|1700714389\n|switch|p2a: Rillaboom|Rillaboom, M|75\/100 par\n|move|p1a: Zarude|Power Whip|p2a: Rillaboom\n|-resisted|p2a: Rillaboom\n|-damage|p2a: Rillaboom|39\/100 par\n|\n|-heal|p2a: Rillaboom|45\/100 par|[from] Grassy Terrain\n|upkeep\n|turn|24\n|\n|t:|1700714395\n|switch|p1a: Cinderace|Cinderace, F|18\/100\n|cant|p2a: Rillaboom|par\n|\n|-heal|p1a: Cinderace|24\/100|[from] Grassy Terrain\n|-heal|p2a: Rillaboom|51\/100 par|[from] Grassy Terrain\n|upkeep\n|turn|25\n|\n|t:|1700714399\n|cant|p2a: Rillaboom|par\n|move|p1a: Cinderace|Pyro Ball|p2a: Rillaboom\n|-supereffective|p2a: Rillaboom\n|-damage|p2a: Rillaboom|0 fnt\n|faint|p2a: Rillaboom\n|\n|-heal|p1a: Cinderace|30\/100|[from] Grassy Terrain\n|-fieldend|move: Grassy Terrain\n|upkeep\n|-message|JiR0k forfeited.\n|\n|win|tryna cook\n|raw|tryna cook's rating: 1279 &rarr; <strong>1309<\/strong><br \/>(+30 for winning)\n|raw|JiR0k's rating: 1354 &rarr; <strong>1330<\/strong><br \/>(-24 for losing)\n|l|\u2606JiR0k\n","uploadtime":1700714408,"views":4,"p1id":"trynacook","p2id":"jir0k","formatid":"gen9ou","rating":1309,"private":0,"password":""}