{"id":"gen9ou-1991251969","p1":"edgypunishment","p2":"2005 power","format":"[Gen 9] OU","log":"|j|\u2606edgypunishment\n|j|\u26062005 power\n|t:|1700061412\n|gametype|singles\n|player|p1|edgypunishment|dawn|1114\n|player|p2|2005 power|lucas|1045\n|teamsize|p1|6\n|teamsize|p2|6\n|gen|9\n|tier|[Gen 9] OU\n|rated|\n|rule|Sleep Clause Mod: Limit one foe put to sleep\n|rule|Species Clause: Limit one of each Pok\u00e9mon\n|rule|OHKO Clause: OHKO moves are banned\n|rule|Evasion Items Clause: Evasion items are banned\n|rule|Evasion Moves Clause: Evasion moves are banned\n|rule|Endless Battle Clause: Forcing endless battles is banned\n|rule|HP Percentage Mod: HP is shown in percentages\n|clearpoke\n|poke|p1|Hippowdon, M|\n|poke|p1|Clodsire, M|\n|poke|p1|Garchomp, F|\n|poke|p1|Gastrodon-East, F|\n|poke|p1|Torterra, M|\n|poke|p1|Iron Treads|\n|poke|p2|Typhlosion, F|\n|poke|p2|Charizard, M|\n|poke|p2|Ninetales, M|\n|poke|p2|Arcanine, M|\n|poke|p2|Houndoom, F|\n|poke|p2|Moltres|\n|teampreview\n|inactive|Battle timer is ON: inactive players will automatically lose when time's up. (requested by edgypunishment)\n|\n|t:|1700061427\n|start\n|switch|p1a: Hippowdon|Hippowdon, M|100\/100\n|switch|p2a: Ninetales|Ninetales, M|100\/100\n|-weather|SunnyDay|[from] ability: Drought|[of] p2a: Ninetales\n|-weather|Sandstorm|[from] ability: Sand Stream|[of] p1a: Hippowdon\n|turn|1\n|c|\u26062005 power|Good afternoon\n|c|\u26062005 power|Good luck\n|c|\u2606edgypunishment|nice mono fire\n|\n|t:|1700061440\n|switch|p2a: Charizard|Charizard, M|100\/100\n|move|p1a: Hippowdon|Stealth Rock|p2a: Charizard\n|-sidestart|p2: 2005 power|move: Stealth Rock\n|\n|-weather|Sandstorm|[upkeep]\n|-damage|p2a: Charizard|94\/100|[from] Sandstorm\n|upkeep\n|turn|2\n|\n|t:|1700061448\n|move|p2a: Charizard|Air Slash|p1a: Hippowdon\n|-damage|p1a: Hippowdon|65\/100\n|move|p1a: Hippowdon|Roar|p2a: Charizard\n|drag|p2a: Typhlosion|Typhlosion, F|100\/100\n|-damage|p2a: Typhlosion|76\/100|[from] Stealth Rock\n|\n|-weather|Sandstorm|[upkeep]\n|-damage|p2a: Typhlosion|70\/100|[from] Sandstorm\n|upkeep\n|turn|3\n|\n|t:|1700061456\n|move|p2a: Typhlosion|Flamethrower|p1a: Hippowdon\n|-damage|p1a: Hippowdon|30\/100\n|move|p1a: Hippowdon|Earthquake|p2a: Typhlosion\n|-supereffective|p2a: Typhlosion\n|-damage|p2a: Typhlosion|0 fnt\n|faint|p2a: Typhlosion\n|\n|-weather|Sandstorm|[upkeep]\n|upkeep\n|\n|t:|1700061464\n|switch|p2a: Ninetales|Ninetales, M|100\/100\n|-damage|p2a: Ninetales|76\/100|[from] Stealth Rock\n|-weather|SunnyDay|[from] ability: Drought|[of] p2a: Ninetales\n|turn|4\n|\n|t:|1700061475\n|switch|p1a: Clodsire|Clodsire, M|100\/100\n|move|p2a: Ninetales|Flamethrower|p1a: Clodsire\n|-damage|p1a: Clodsire|67\/100\n|\n|-weather|SunnyDay|[upkeep]\n|-heal|p1a: Clodsire|73\/100|[from] item: Black Sludge\n|upkeep\n|turn|5\n|\n|t:|1700061484\n|move|p2a: Ninetales|Nasty Plot|p2a: Ninetales\n|-boost|p2a: Ninetales|spa|2\n|move|p1a: Clodsire|Toxic|p2a: Ninetales\n|-status|p2a: Ninetales|tox\n|\n|-weather|SunnyDay|[upkeep]\n|-heal|p1a: Clodsire|79\/100|[from] item: Black Sludge\n|-damage|p2a: Ninetales|70\/100 tox|[from] psn\n|upkeep\n|turn|6\n|\n|t:|1700061495\n|-terastallize|p2a: Ninetales|Fire\n|move|p2a: Ninetales|Flamethrower|p1a: Clodsire\n|-damage|p1a: Clodsire|0 fnt\n|faint|p1a: Clodsire\n|\n|-weather|SunnyDay|[upkeep]\n|-damage|p2a: Ninetales|58\/100 tox|[from] psn\n|upkeep\n|\n|t:|1700061502\n|switch|p1a: Hippowdon|Hippowdon, M|30\/100\n|-weather|Sandstorm|[from] ability: Sand Stream|[of] p1a: Hippowdon\n|turn|7\n|\n|t:|1700061510\n|move|p2a: Ninetales|Flamethrower|p1a: Hippowdon\n|-damage|p1a: Hippowdon|0 fnt\n|faint|p1a: Hippowdon\n|\n|-weather|Sandstorm|[upkeep]\n|-damage|p2a: Ninetales|52\/100 tox|[from] Sandstorm\n|-damage|p2a: Ninetales|34\/100 tox|[from] psn\n|upkeep\n|\n|t:|1700061519\n|switch|p1a: Garchomp|Garchomp, F|100\/100\n|turn|8\n|\n|t:|1700061525\n|move|p2a: Ninetales|Flamethrower|p1a: Garchomp\n|-resisted|p1a: Garchomp\n|-damage|p1a: Garchomp|71\/100\n|-status|p1a: Garchomp|brn\n|move|p1a: Garchomp|Stomping Tantrum|p2a: Ninetales\n|-supereffective|p2a: Ninetales\n|-damage|p2a: Ninetales|0 fnt\n|faint|p2a: Ninetales\n|\n|-weather|Sandstorm|[upkeep]\n|-damage|p1a: Garchomp|65\/100 brn|[from] brn\n|upkeep\n|\n|t:|1700061534\n|switch|p2a: Arcanine|Arcanine, M|100\/100\n|-damage|p2a: Arcanine|76\/100|[from] Stealth Rock\n|-ability|p2a: Arcanine|Intimidate|boost\n|-unboost|p1a: Garchomp|atk|1\n|turn|9\n|\n|t:|1700061541\n|move|p2a: Arcanine|Close Combat|p1a: Garchomp\n|-damage|p1a: Garchomp|19\/100 brn\n|-unboost|p2a: Arcanine|def|1\n|-unboost|p2a: Arcanine|spd|1\n|-damage|p2a: Arcanine|63\/100|[from] ability: Rough Skin|[of] p1a: Garchomp\n|-damage|p2a: Arcanine|47\/100|[from] item: Rocky Helmet|[of] p1a: Garchomp\n|move|p1a: Garchomp|Dragon Tail|p2a: Arcanine\n|-damage|p2a: Arcanine|29\/100\n|drag|p2a: Houndoom|Houndoom, F|100\/100\n|-damage|p2a: Houndoom|76\/100|[from] Stealth Rock\n|\n|-weather|Sandstorm|[upkeep]\n|-damage|p2a: Houndoom|70\/100|[from] Sandstorm\n|-damage|p1a: Garchomp|12\/100 brn|[from] brn\n|upkeep\n|turn|10\n|\n|t:|1700061556\n|move|p2a: Houndoom|Dark Pulse|p1a: Garchomp\n|-damage|p1a: Garchomp|0 fnt\n|faint|p1a: Garchomp\n|\n|-weather|Sandstorm|[upkeep]\n|-damage|p2a: Houndoom|63\/100|[from] Sandstorm\n|upkeep\n|\n|t:|1700061564\n|switch|p1a: Gastrodon|Gastrodon-East, F|100\/100\n|turn|11\n|\n|t:|1700061569\n|move|p2a: Houndoom|Dark Pulse|p1a: Gastrodon\n|-damage|p1a: Gastrodon|58\/100\n|move|p1a: Gastrodon|Earth Power|p2a: Houndoom\n|-supereffective|p2a: Houndoom\n|-damage|p2a: Houndoom|0 fnt\n|faint|p2a: Houndoom\n|\n|-weather|Sandstorm|[upkeep]\n|upkeep\n|\n|t:|1700061576\n|switch|p2a: Charizard|Charizard, M|94\/100\n|-damage|p2a: Charizard|45\/100|[from] Stealth Rock\n|turn|12\n|\n|t:|1700061581\n|move|p2a: Charizard|Air Slash|p1a: Gastrodon\n|-damage|p1a: Gastrodon|23\/100\n|move|p1a: Gastrodon|Surf|p2a: Charizard\n|-supereffective|p2a: Charizard\n|-damage|p2a: Charizard|0 fnt\n|faint|p2a: Charizard\n|\n|-weather|Sandstorm|[upkeep]\n|upkeep\n|\n|t:|1700061588\n|switch|p2a: Moltres|Moltres|100\/100\n|-ability|p2a: Moltres|Pressure\n|turn|13\n|\n|t:|1700061592\n|move|p2a: Moltres|Fire Blast|p1a: Gastrodon\n|-resisted|p1a: Gastrodon\n|-damage|p1a: Gastrodon|5\/100\n|move|p1a: Gastrodon|Surf|p2a: Moltres\n|-supereffective|p2a: Moltres\n|-damage|p2a: Moltres|43\/100\n|\n|-weather|Sandstorm|[upkeep]\n|-damage|p2a: Moltres|37\/100|[from] Sandstorm\n|upkeep\n|turn|14\n|\n|t:|1700061601\n|move|p2a: Moltres|Roost|p2a: Moltres\n|-heal|p2a: Moltres|87\/100\n|-singleturn|p2a: Moltres|move: Roost\n|move|p1a: Gastrodon|Surf|p2a: Moltres\n|-supereffective|p2a: Moltres\n|-damage|p2a: Moltres|26\/100\n|\n|-weather|none\n|upkeep\n|turn|15\n|\n|t:|1700061611\n|move|p2a: Moltres|Hurricane|p1a: Gastrodon\n|-damage|p1a: Gastrodon|0 fnt\n|faint|p1a: Gastrodon\n|\n|upkeep\n|\n|t:|1700061623\n|switch|p1a: Torterra|Torterra, M|100\/100\n|turn|16\n|\n|t:|1700061628\n|-terastallize|p1a: Torterra|Ground\n|move|p1a: Torterra|Shell Smash|p1a: Torterra\n|-unboost|p1a: Torterra|def|1\n|-unboost|p1a: Torterra|spd|1\n|-boost|p1a: Torterra|atk|2\n|-boost|p1a: Torterra|spa|2\n|-boost|p1a: Torterra|spe|2\n|move|p2a: Moltres|Fire Blast|p1a: Torterra\n|-damage|p1a: Torterra|12\/100\n|\n|upkeep\n|turn|17\n|\n|t:|1700061640\n|move|p1a: Torterra|Rock Blast|p2a: Moltres\n|-supereffective|p2a: Moltres\n|-damage|p2a: Moltres|0 fnt\n|faint|p2a: Moltres\n|-hitcount|p2: Moltres|1\n|\n|upkeep\n|\n|t:|1700061644\n|switch|p2a: Arcanine|Arcanine, M|29\/100\n|-damage|p2a: Arcanine|5\/100|[from] Stealth Rock\n|-ability|p2a: Arcanine|Intimidate|boost\n|-unboost|p1a: Torterra|atk|1\n|turn|18\n|\n|t:|1700061650\n|move|p1a: Torterra|Bullet Seed|p2a: Arcanine\n|-resisted|p2a: Arcanine\n|-damage|p2a: Arcanine|0 fnt\n|faint|p2a: Arcanine\n|-hitcount|p2: Arcanine|1\n|\n|win|edgypunishment\n|raw|edgypunishment's rating: 1114 &rarr; <strong>1134<\/strong><br \/>(+20 for winning)\n|raw|2005 power's rating: 1045 &rarr; <strong>1032<\/strong><br \/>(-13 for losing)\n|l|\u26062005 power\n","uploadtime":1700061656,"views":4,"p1id":"edgypunishment","p2id":"2005power","formatid":"gen9ou","rating":1032,"private":0,"password":""}