{"id":"gen9ou-1989959971","p1":"danagrio2002","p2":"Harfang_Flot","format":"[Gen 9] OU","log":"|j|\u2606danagrio2002\n|j|\u2606Harfang_Flot\n|t:|1699910340\n|gametype|singles\n|player|p1|danagrio2002|petrel|1241\n|player|p2|Harfang_Flot|colress|1214\n|teamsize|p1|6\n|teamsize|p2|6\n|gen|9\n|tier|[Gen 9] OU\n|rated|\n|rule|Sleep Clause Mod: Limit one foe put to sleep\n|rule|Species Clause: Limit one of each Pok\u00e9mon\n|rule|OHKO Clause: OHKO moves are banned\n|rule|Evasion Items Clause: Evasion items are banned\n|rule|Evasion Moves Clause: Evasion moves are banned\n|rule|Endless Battle Clause: Forcing endless battles is banned\n|rule|HP Percentage Mod: HP is shown in percentages\n|clearpoke\n|poke|p1|Glimmora, F|\n|poke|p1|Corviknight, F|\n|poke|p1|Gyarados, F|\n|poke|p1|Kingambit, F|\n|poke|p1|Iron Valiant|\n|poke|p1|Conkeldurr, F|\n|poke|p2|Great Tusk|\n|poke|p2|Meowscarada, M|\n|poke|p2|Iron Valiant|\n|poke|p2|Landorus-Therian, M|\n|poke|p2|Heatran, M|\n|poke|p2|Greninja-*, M|\n|teampreview\n|inactive|Battle timer is ON: inactive players will automatically lose when time's up. (requested by Harfang_Flot)\n|\n|t:|1699910349\n|start\n|switch|p1a: Glimmora|Glimmora, F|100\/100\n|switch|p2a: Great Tusk|Great Tusk|100\/100\n|turn|1\n|\n|t:|1699910357\n|move|p2a: Great Tusk|Stealth Rock|p1a: Glimmora\n|-sidestart|p1: danagrio2002|move: Stealth Rock\n|move|p1a: Glimmora|Mortal Spin|p2a: Great Tusk\n|-resisted|p2a: Great Tusk\n|-damage|p2a: Great Tusk|98\/100\n|-status|p2a: Great Tusk|psn\n|-damage|p1a: Glimmora|84\/100|[from] item: Rocky Helmet|[of] p2a: Great Tusk\n|-sideend|p1: danagrio2002|Stealth Rock|[from] move: Mortal Spin|[of] p1a: Glimmora\n|\n|-damage|p2a: Great Tusk|86\/100 psn|[from] psn\n|upkeep\n|turn|2\n|\n|t:|1699910364\n|switch|p1a: Corviknight|Corviknight, F|100\/100\n|-ability|p1a: Corviknight|Pressure\n|move|p2a: Great Tusk|Earthquake|p1a: Corviknight\n|-immune|p1a: Corviknight\n|\n|-damage|p2a: Great Tusk|73\/100 psn|[from] psn\n|upkeep\n|turn|3\n|\n|t:|1699910367\n|-end|p2a: Great Tusk|Protosynthesis|[silent]\n|switch|p2a: Landorus|Landorus-Therian, M|100\/100\n|-ability|p2a: Landorus|Intimidate|boost\n|-unboost|p1a: Corviknight|atk|1\n|move|p1a: Corviknight|Bulk Up|p1a: Corviknight\n|-boost|p1a: Corviknight|atk|1\n|-boost|p1a: Corviknight|def|1\n|\n|upkeep\n|turn|4\n|\n|t:|1699910377\n|switch|p1a: Gyarados|Gyarados, F|100\/100\n|-ability|p1a: Gyarados|Intimidate|boost\n|-unboost|p2a: Landorus|atk|1\n|move|p2a: Landorus|Calm Mind|p2a: Landorus\n|-boost|p2a: Landorus|spa|1\n|-boost|p2a: Landorus|spd|1\n|\n|upkeep\n|turn|5\n|inactive|Harfang_Flot has 120 seconds left.\n|\n|t:|1699910408\n|move|p2a: Landorus|Sludge Bomb|p1a: Gyarados\n|-damage|p1a: Gyarados|62\/100\n|move|p1a: Gyarados|Dragon Dance|p1a: Gyarados\n|-boost|p1a: Gyarados|atk|1\n|-boost|p1a: Gyarados|spe|1\n|\n|upkeep\n|turn|6\n|\n|t:|1699910415\n|move|p1a: Gyarados|Ice Fang|p2a: Landorus\n|-supereffective|p2a: Landorus\n|-damage|p2a: Landorus|0 fnt\n|-damage|p1a: Gyarados|45\/100|[from] item: Rocky Helmet|[of] p2a: Landorus\n|faint|p2a: Landorus\n|\n|upkeep\n|inactive|Harfang_Flot has 120 seconds left.\n|\n|t:|1699910447\n|switch|p2a: Great Tusk|Great Tusk|73\/100 psn\n|turn|7\n|\n|t:|1699910451\n|move|p1a: Gyarados|Ice Fang|p2a: Great Tusk\n|-supereffective|p2a: Great Tusk\n|-damage|p2a: Great Tusk|28\/100 psn\n|-damage|p1a: Gyarados|29\/100|[from] item: Rocky Helmet|[of] p2a: Great Tusk\n|move|p2a: Great Tusk|Rapid Spin|p1a: Gyarados\n|-damage|p1a: Gyarados|8\/100\n|-boost|p2a: Great Tusk|spe|1\n|\n|-damage|p2a: Great Tusk|16\/100 psn|[from] psn\n|upkeep\n|turn|8\n|\n|t:|1699910461\n|switch|p1a: Corviknight|Corviknight, F|100\/100\n|-ability|p1a: Corviknight|Pressure\n|move|p2a: Great Tusk|Rapid Spin|p1a: Corviknight\n|-resisted|p1a: Corviknight\n|-damage|p1a: Corviknight|93\/100\n|-boost|p2a: Great Tusk|spe|1\n|-damage|p2a: Great Tusk|0 fnt|[from] item: Rocky Helmet|[of] p1a: Corviknight\n|faint|p2a: Great Tusk\n|-end|p2a: Great Tusk|Protosynthesis|[silent]\n|\n|upkeep\n|inactive|Harfang_Flot has 120 seconds left.\n|\n|t:|1699910467\n|switch|p2a: Heatran|Heatran, M|100\/100\n|turn|9\n|\n|t:|1699910473\n|switch|p1a: Conkeldurr|Conkeldurr, F|100\/100\n|move|p2a: Heatran|Substitute|p2a: Heatran\n|-start|p2a: Heatran|Substitute\n|-damage|p2a: Heatran|76\/100\n|\n|-heal|p2a: Heatran|82\/100|[from] item: Leftovers\n|upkeep\n|turn|10\n|\n|t:|1699910477\n|move|p2a: Heatran|Fire Blast|p1a: Conkeldurr\n|-damage|p1a: Conkeldurr|59\/100\n|-status|p1a: Conkeldurr|brn\n|move|p1a: Conkeldurr|Drain Punch|p2a: Heatran\n|-supereffective|p2a: Heatran\n|-end|p2a: Heatran|Substitute\n|-heal|p1a: Conkeldurr|72\/100 brn|[from] drain|[of] p2a: Heatran\n|\n|-heal|p2a: Heatran|88\/100|[from] item: Leftovers\n|-damage|p1a: Conkeldurr|66\/100 brn|[from] brn\n|upkeep\n|turn|11\n|\n|t:|1699910490\n|move|p2a: Heatran|Fire Blast|p1a: Conkeldurr\n|-damage|p1a: Conkeldurr|18\/100 brn\n|move|p1a: Conkeldurr|Earthquake|p2a: Heatran\n|-supereffective|p2a: Heatran\n|-damage|p2a: Heatran|0 fnt\n|faint|p2a: Heatran\n|\n|-damage|p1a: Conkeldurr|12\/100 brn|[from] brn\n|upkeep\n|\n|t:|1699910507\n|switch|p2a: Greninja|Greninja, M|100\/100\n|turn|12\n|\n|t:|1699910515\n|switch|p1a: Corviknight|Corviknight, F|93\/100\n|-ability|p1a: Corviknight|Pressure\n|move|p2a: Greninja|Surf|p1a: Corviknight\n|-damage|p1a: Corviknight|49\/100\n|-damage|p2a: Greninja|91\/100|[from] item: Life Orb\n|\n|upkeep\n|turn|13\n|\n|t:|1699910526\n|switch|p1a: Kingambit|Kingambit, F, shiny|100\/100\n|-terastallize|p2a: Greninja|Water\n|move|p2a: Greninja|Surf|p1a: Kingambit\n|-damage|p1a: Kingambit|39\/100\n|-damage|p2a: Greninja|81\/100|[from] item: Life Orb\n|\n|upkeep\n|turn|14\n|\n|t:|1699910534\n|-end|p1a: Kingambit|fallenundefined|[silent]\n|switch|p1a: Gyarados|Gyarados, F|8\/100\n|-ability|p1a: Gyarados|Intimidate|boost\n|-unboost|p2a: Greninja|atk|1\n|move|p2a: Greninja|Water Shuriken|p1a: Gyarados\n|-resisted|p1a: Gyarados\n|-damage|p1a: Gyarados|2\/100\n|-resisted|p1a: Gyarados\n|-damage|p1a: Gyarados|0 fnt\n|faint|p1a: Gyarados\n|-ability|p2a: Greninja|Battle Bond|boost\n|-boost|p2a: Greninja|atk|1\n|-boost|p2a: Greninja|spa|1\n|-boost|p2a: Greninja|spe|1\n|-activate|p2a: Greninja|ability: Battle Bond\n|-hitcount|p1: Gyarados|2\n|-damage|p2a: Greninja|71\/100|[from] item: Life Orb\n|\n|upkeep\n|\n|t:|1699910552\n|switch|p1a: Corviknight|Corviknight, F|49\/100\n|-ability|p1a: Corviknight|Pressure\n|turn|15\n|\n|t:|1699910554\n|move|p2a: Greninja|Surf|p1a: Corviknight\n|-damage|p1a: Corviknight|0 fnt\n|faint|p1a: Corviknight\n|-damage|p2a: Greninja|61\/100|[from] item: Life Orb\n|\n|upkeep\n|\n|t:|1699910564\n|switch|p1a: Glimmora|Glimmora, F|84\/100\n|turn|16\n|\n|t:|1699910570\n|move|p2a: Greninja|Surf|p1a: Glimmora\n|-supereffective|p1a: Glimmora\n|-damage|p1a: Glimmora|0 fnt\n|faint|p1a: Glimmora\n|-damage|p2a: Greninja|51\/100|[from] item: Life Orb\n|\n|upkeep\n|\n|t:|1699910573\n|switch|p1a: Kingambit|Kingambit, F, shiny|39\/100\n|-activate|p1a: Kingambit|ability: Supreme Overlord\n|-start|p1a: Kingambit|fallen3|[silent]\n|turn|17\n|\n|t:|1699910577\n|move|p2a: Greninja|Water Shuriken|p1a: Kingambit\n|-damage|p1a: Kingambit|22\/100\n|-damage|p1a: Kingambit|7\/100\n|-damage|p1a: Kingambit|0 fnt\n|faint|p1a: Kingambit\n|-end|p1a: Kingambit|fallen3|[silent]\n|-hitcount|p1: Kingambit|3\n|-damage|p2a: Greninja|42\/100|[from] item: Life Orb\n|\n|upkeep\n|\n|t:|1699910583\n|switch|p1a: Iron Valiant|Iron Valiant|100\/100\n|-enditem|p1a: Iron Valiant|Booster Energy\n|-activate|p1a: Iron Valiant|ability: Quark Drive|[fromitem]\n|-start|p1a: Iron Valiant|quarkdrivespe\n|turn|18\n|\n|t:|1699910592\n|move|p2a: Greninja|Surf|p1a: Iron Valiant\n|-damage|p1a: Iron Valiant|0 fnt\n|faint|p1a: Iron Valiant\n|-end|p1a: Iron Valiant|Quark Drive|[silent]\n|-damage|p2a: Greninja|32\/100|[from] item: Life Orb\n|\n|upkeep\n|\n|t:|1699910595\n|switch|p1a: Conkeldurr|Conkeldurr, F|12\/100 brn\n|turn|19\n|\n|t:|1699910599\n|move|p2a: Greninja|Water Shuriken|p1a: Conkeldurr\n|-damage|p1a: Conkeldurr|0 fnt\n|faint|p1a: Conkeldurr\n|-hitcount|p1: Conkeldurr|1\n|-damage|p2a: Greninja|22\/100|[from] item: Life Orb\n|\n|win|Harfang_Flot\n|raw|danagrio2002's rating: 1241 &rarr; <strong>1214<\/strong><br \/>(-27 for losing)\n|raw|Harfang_Flot's rating: 1214 &rarr; <strong>1241<\/strong><br \/>(+27 for winning)\n|l|\u2606danagrio2002\n","uploadtime":1699910609,"views":21,"p1id":"danagrio2002","p2id":"harfangflot","formatid":"gen9ou","rating":1214,"private":0,"password":""}