{"id":"gen9ou-1999361010","p1":"FireWizard312","p2":"VivaHonduras","format":"[Gen 9] OU","log":"|j|\u2606FireWizard312\n|j|\u2606VivaHonduras\n|t:|1701066720\n|gametype|singles\n|player|p1|FireWizard312|170|1700\n|player|p2|VivaHonduras|170|1710\n|teamsize|p1|6\n|teamsize|p2|6\n|gen|9\n|tier|[Gen 9] OU\n|rated|\n|rule|Sleep Clause Mod: Limit one foe put to sleep\n|rule|Species Clause: Limit one of each Pok\u00e9mon\n|rule|OHKO Clause: OHKO moves are banned\n|rule|Evasion Items Clause: Evasion items are banned\n|rule|Evasion Moves Clause: Evasion moves are banned\n|rule|Endless Battle Clause: Forcing endless battles is banned\n|rule|HP Percentage Mod: HP is shown in percentages\n|clearpoke\n|poke|p1|Manaphy|\n|poke|p1|Kingambit, F|\n|poke|p1|Ribombee, M|\n|poke|p1|Gholdengo|\n|poke|p1|Iron Moth|\n|poke|p1|Ogerpon-Wellspring, F|\n|poke|p2|Infernape, M|\n|poke|p2|Ribombee, F|\n|poke|p2|Gholdengo|\n|poke|p2|Manaphy|\n|poke|p2|Landorus-Therian, M|\n|poke|p2|Kommo-o, F|\n|teampreview\n|inactive|Battle timer is ON: inactive players will automatically lose when time's up. (requested by VivaHonduras)\n|c|\u2606FireWizard312|o\n|c|\u2606FireWizard312|hey\n|c|\u2606FireWizard312|guess we're doing this again\n|c|\u2606VivaHonduras|speed battles\n|\n|t:|1701066741\n|start\n|switch|p1a: scarlet|Iron Moth|100\/100\n|switch|p2a: Ribombee|Ribombee, F|100\/100\n|-enditem|p1a: scarlet|Booster Energy\n|-activate|p1a: scarlet|ability: Quark Drive|[fromitem]\n|-start|p1a: scarlet|quarkdrivespe\n|turn|1\n|\n|t:|1701066745\n|move|p1a: scarlet|Substitute|p1a: scarlet\n|-start|p1a: scarlet|Substitute\n|-damage|p1a: scarlet|76\/100\n|move|p2a: Ribombee|Sticky Web|p1a: scarlet\n|-sidestart|p1: FireWizard312|move: Sticky Web\n|\n|upkeep\n|turn|2\n|\n|t:|1701066748\n|move|p1a: scarlet|Fiery Dance|p2a: Ribombee\n|-supereffective|p2a: Ribombee\n|-enditem|p2a: Ribombee|Focus Sash\n|-damage|p2a: Ribombee|1\/100\n|move|p2a: Ribombee|Psychic|p1a: scarlet\n|-supereffective|p1a: scarlet\n|-end|p1a: scarlet|Substitute\n|\n|upkeep\n|turn|3\n|c|\u2606FireWizard312|aight you know the drill\n|\n|t:|1701066754\n|move|p1a: scarlet|Fiery Dance|p2a: Ribombee\n|-supereffective|p2a: Ribombee\n|-damage|p2a: Ribombee|0 fnt\n|-boost|p1a: scarlet|spa|1\n|faint|p2a: Ribombee\n|\n|upkeep\n|\n|t:|1701066760\n|switch|p2a: Landorus|Landorus-Therian, M|100\/100\n|-ability|p2a: Landorus|Intimidate|boost\n|-unboost|p1a: scarlet|atk|1\n|turn|4\n|\n|t:|1701066764\n|move|p1a: scarlet|Fiery Dance|p2a: Landorus\n|-damage|p2a: Landorus|22\/100\n|move|p2a: Landorus|Earthquake|p1a: scarlet\n|-supereffective|p1a: scarlet\n|-damage|p1a: scarlet|0 fnt\n|faint|p1a: scarlet\n|-end|p1a: scarlet|Quark Drive|[silent]\n|\n|-heal|p2a: Landorus|28\/100|[from] item: Leftovers\n|upkeep\n|\n|t:|1701066768\n|switch|p1a: wildfiree|Ribombee, M, shiny|100\/100\n|-activate|p1a: wildfiree|move: Sticky Web\n|-unboost|p1a: wildfiree|spe|1\n|turn|5\n|\n|t:|1701066772\n|move|p2a: Landorus|Earthquake|p1a: wildfiree\n|-resisted|p1a: wildfiree\n|-damage|p1a: wildfiree|47\/100\n|move|p1a: wildfiree|Sticky Web|p2a: Landorus\n|-sidestart|p2: VivaHonduras|move: Sticky Web\n|\n|-heal|p2a: Landorus|34\/100|[from] item: Leftovers\n|upkeep\n|turn|6\n|\n|t:|1701066775\n|move|p2a: Landorus|Earthquake|p1a: wildfiree\n|-resisted|p1a: wildfiree\n|-damage|p1a: wildfiree|0 fnt\n|faint|p1a: wildfiree\n|\n|-heal|p2a: Landorus|40\/100|[from] item: Leftovers\n|upkeep\n|\n|t:|1701066781\n|switch|p1a: faya|Ogerpon-Wellspring, F|100\/100\n|-activate|p1a: faya|move: Sticky Web\n|-unboost|p1a: faya|spe|1\n|turn|7\n|\n|t:|1701066785\n|switch|p2a: Kommo-o|Kommo-o, F|100\/100\n|-activate|p2a: Kommo-o|move: Sticky Web\n|-unboost|p2a: Kommo-o|spe|1\n|move|p1a: faya|Ivy Cudgel|p2a: Kommo-o|[anim] Ivy Cudgel Water\n|-resisted|p2a: Kommo-o\n|-damage|p2a: Kommo-o|70\/100\n|\n|upkeep\n|turn|8\n|\n|t:|1701066801\n|move|p1a: faya|Swords Dance|p1a: faya\n|-boost|p1a: faya|atk|2\n|move|p2a: Kommo-o|Clanging Scales|p1a: faya\n|-damage|p1a: faya|47\/100\n|-unboost|p2a: Kommo-o|def|1\n|-enditem|p2a: Kommo-o|Throat Spray\n|-boost|p2a: Kommo-o|spa|1|[from] item: Throat Spray\n|\n|upkeep\n|turn|9\n|\n|t:|1701066812\n|move|p1a: faya|Ivy Cudgel|p2a: Kommo-o|[anim] Ivy Cudgel Water\n|-resisted|p2a: Kommo-o\n|-damage|p2a: Kommo-o|0 fnt\n|faint|p2a: Kommo-o\n|\n|upkeep\n|\n|t:|1701066816\n|switch|p2a: McFries|Gholdengo|100\/100\n|-item|p2a: McFries|Air Balloon\n|turn|10\n|\n|t:|1701066818\n|move|p2a: McFries|Shadow Ball|p1a: faya\n|-crit|p1a: faya\n|-damage|p1a: faya|0 fnt\n|faint|p1a: faya\n|\n|upkeep\n|\n|t:|1701066820\n|switch|p1a: wessin|Gholdengo|100\/100\n|-item|p1a: wessin|Air Balloon\n|turn|11\n|\n|t:|1701066824\n|move|p2a: McFries|Shadow Ball|p1a: wessin\n|-supereffective|p1a: wessin\n|-damage|p1a: wessin|15\/100\n|-enditem|p1a: wessin|Air Balloon\n|move|p1a: wessin|Shadow Ball|p2a: McFries\n|-supereffective|p2a: McFries\n|-damage|p2a: McFries|0 fnt\n|-enditem|p2a: McFries|Air Balloon\n|faint|p2a: McFries\n|\n|upkeep\n|c|\u2606FireWizard312|ghold to ghold communication\n|\n|t:|1701066829\n|switch|p2a: Landorus|Landorus-Therian, M|40\/100\n|-ability|p2a: Landorus|Intimidate|boost\n|-unboost|p1a: wessin|atk|1\n|turn|12\n|\n|t:|1701066831\n|move|p2a: Landorus|Earthquake|p1a: wessin\n|-supereffective|p1a: wessin\n|-damage|p1a: wessin|0 fnt\n|faint|p1a: wessin\n|\n|-heal|p2a: Landorus|46\/100|[from] item: Leftovers\n|upkeep\n|\n|t:|1701066835\n|switch|p1a: awyp|Kingambit, F|100\/100\n|-activate|p1a: awyp|move: Sticky Web\n|-unboost|p1a: awyp|spe|1\n|-activate|p1a: awyp|ability: Supreme Overlord\n|-start|p1a: awyp|fallen4|[silent]\n|turn|13\n|\n|t:|1701066838\n|move|p2a: Landorus|Bulk Up|p2a: Landorus\n|-boost|p2a: Landorus|atk|1\n|-boost|p2a: Landorus|def|1\n|move|p1a: awyp|Kowtow Cleave|p2a: Landorus\n|-damage|p2a: Landorus|0 fnt\n|faint|p2a: Landorus\n|\n|upkeep\n|\n|t:|1701066842\n|switch|p2a: Son Goku|Infernape, M|100\/100\n|-activate|p2a: Son Goku|move: Sticky Web\n|-unboost|p2a: Son Goku|spe|1\n|turn|14\n|\n|t:|1701066847\n|-end|p1a: awyp|fallen4|[silent]\n|switch|p1a: HPDARKEAGLE|Manaphy|100\/100\n|-activate|p1a: HPDARKEAGLE|move: Sticky Web\n|-unboost|p1a: HPDARKEAGLE|spe|1\n|move|p2a: Son Goku|Swords Dance|p2a: Son Goku\n|-boost|p2a: Son Goku|atk|2\n|\n|upkeep\n|turn|15\n|\n|t:|1701066853\n|-terastallize|p2a: Son Goku|Grass\n|-terastallize|p1a: HPDARKEAGLE|Poison\n|move|p2a: Son Goku|Grass Knot|p1a: HPDARKEAGLE\n|-resisted|p1a: HPDARKEAGLE\n|-damage|p1a: HPDARKEAGLE|96\/100\n|-damage|p2a: Son Goku|91\/100|[from] item: Life Orb\n|move|p1a: HPDARKEAGLE|Acid Armor|p1a: HPDARKEAGLE\n|-boost|p1a: HPDARKEAGLE|def|2\n|\n|-heal|p1a: HPDARKEAGLE|100\/100|[from] item: Leftovers\n|upkeep\n|turn|16\n|\n|t:|1701066860\n|switch|p2a: Manaphy|Manaphy|100\/100\n|-activate|p2a: Manaphy|move: Sticky Web\n|-unboost|p2a: Manaphy|spe|1\n|move|p1a: HPDARKEAGLE|Take Heart|p1a: HPDARKEAGLE\n|-boost|p1a: HPDARKEAGLE|spa|1\n|-boost|p1a: HPDARKEAGLE|spd|1\n|\n|upkeep\n|turn|17\n|\n|t:|1701066862\n|move|p2a: Manaphy|Tail Glow|p2a: Manaphy\n|-boost|p2a: Manaphy|spa|3\n|move|p1a: HPDARKEAGLE|Take Heart|p1a: HPDARKEAGLE\n|-boost|p1a: HPDARKEAGLE|spa|1\n|-boost|p1a: HPDARKEAGLE|spd|1\n|\n|upkeep\n|turn|18\n|\n|t:|1701066864\n|move|p2a: Manaphy|Tail Glow|p2a: Manaphy\n|-boost|p2a: Manaphy|spa|3\n|move|p1a: HPDARKEAGLE|Stored Power|p2a: Manaphy\n|-damage|p2a: Manaphy|6\/100\n|\n|-heal|p2a: Manaphy|13\/100|[from] item: Leftovers\n|upkeep\n|turn|19\n|\n|t:|1701066868\n|move|p2a: Manaphy|Surf|p1a: HPDARKEAGLE\n|-damage|p1a: HPDARKEAGLE|21\/100\n|move|p1a: HPDARKEAGLE|Stored Power|p2a: Manaphy\n|-damage|p2a: Manaphy|0 fnt\n|faint|p2a: Manaphy\n|\n|-heal|p1a: HPDARKEAGLE|27\/100|[from] item: Leftovers\n|upkeep\n|\n|t:|1701066871\n|switch|p2a: Son Goku|Infernape, M, tera:Grass|91\/100\n|-activate|p2a: Son Goku|move: Sticky Web\n|-unboost|p2a: Son Goku|spe|1\n|turn|20\n|\n|t:|1701066874\n|move|p2a: Son Goku|Fire Punch|p1a: HPDARKEAGLE\n|-damage|p1a: HPDARKEAGLE|4\/100\n|-status|p1a: HPDARKEAGLE|brn\n|-damage|p2a: Son Goku|81\/100|[from] item: Life Orb\n|move|p1a: HPDARKEAGLE|Stored Power|p2a: Son Goku\n|-damage|p2a: Son Goku|0 fnt\n|faint|p2a: Son Goku\n|\n|win|FireWizard312\n|raw|FireWizard312's rating: 1700 &rarr; <strong>1721<\/strong><br \/>(+21 for winning)\n|raw|VivaHonduras's rating: 1710 &rarr; <strong>1689<\/strong><br \/>(-21 for losing)\n|c|\u2606FireWizard312|gg\n|c|\u2606VivaHonduras|oof\n|c|\u2606VivaHonduras|gg\n|l|\u2606VivaHonduras\n","uploadtime":1701066984,"views":11,"p1id":"firewizard312","p2id":"vivahonduras","formatid":"gen9ou","rating":1689,"private":0,"password":""}