{"id":"gen9ou-1994156724","p1":"hot men 2","p2":"not mishmesh","format":"[Gen 9] OU","log":"|j|\u2606hot men 2\n|j|\u2606not mishmesh\n|t:|1700413457\n|gametype|singles\n|player|p1|hot men 2|ghetsis-gen5bw|\n|player|p2|not mishmesh|ninjaboy|\n|teamsize|p1|6\n|teamsize|p2|6\n|gen|9\n|tier|[Gen 9] OU\n|rule|Sleep Clause Mod: Limit one foe put to sleep\n|rule|Species Clause: Limit one of each Pok\u00e9mon\n|rule|OHKO Clause: OHKO moves are banned\n|rule|Evasion Items Clause: Evasion items are banned\n|rule|Evasion Moves Clause: Evasion moves are banned\n|rule|Endless Battle Clause: Forcing endless battles is banned\n|rule|HP Percentage Mod: HP is shown in percentages\n|clearpoke\n|poke|p1|Iron Treads|\n|poke|p1|Zarude|\n|poke|p1|Zamazenta-*|\n|poke|p1|Iron Valiant|\n|poke|p1|Iron Moth|\n|poke|p1|Manaphy|\n|poke|p2|Moltres|\n|poke|p2|Ogerpon-Wellspring, F|\n|poke|p2|Great Tusk|\n|poke|p2|Clefable, M|\n|poke|p2|Ting-Lu|\n|poke|p2|Dragapult, M|\n|teampreview\n|c|\u2606not mishmesh|glhf\n|c|\u2606hot men 2|gl hf\n|\n|t:|1700413495\n|start\n|switch|p1a: Iron Valiant|Iron Valiant|100\/100\n|switch|p2a: Dragapult|Dragapult, M|100\/100\n|turn|1\n|\n|t:|1700413510\n|switch|p2a: Moltres|Moltres|100\/100\n|-end|p1a: Iron Valiant|Quark Drive|[silent]\n|switch|p1a: Iron Treads|Iron Treads|100\/100\n|\n|upkeep\n|turn|2\n|\n|t:|1700413522\n|-end|p1a: Iron Treads|Quark Drive|[silent]\n|switch|p1a: Manaphy|Manaphy|100\/100\n|move|p2a: Moltres|U-turn|p1a: Manaphy\n|-damage|p1a: Manaphy|88\/100\n|\n|t:|1700413535\n|switch|p2a: Ogerpon|Ogerpon-Wellspring, F|100\/100|[from] U-turn\n|\n|upkeep\n|turn|3\n|\n|t:|1700413542\n|switch|p1a: Zarude|Zarude|100\/100\n|move|p2a: Ogerpon|Knock Off|p1a: Zarude\n|-resisted|p1a: Zarude\n|-damage|p1a: Zarude|89\/100\n|-damage|p2a: Ogerpon|84\/100|[from] item: Rocky Helmet|[of] p1a: Zarude\n|-enditem|p1a: Zarude|Rocky Helmet|[from] move: Knock Off|[of] p2a: Ogerpon\n|\n|upkeep\n|turn|4\n|\n|t:|1700413553\n|switch|p2a: Clefable|Clefable, M|100\/100\n|move|p1a: Zarude|U-turn|p2a: Clefable\n|-resisted|p2a: Clefable\n|-damage|p2a: Clefable|94\/100\n|\n|t:|1700413557\n|switch|p1a: Iron Moth|Iron Moth|100\/100|[from] U-turn\n|\n|-heal|p2a: Clefable|99\/100|[from] item: Leftovers\n|upkeep\n|turn|5\n|\n|t:|1700413561\n|switch|p2a: Ting-Lu|Ting-Lu|100\/100\n|-ability|p2a: Ting-Lu|Vessel of Ruin\n|move|p1a: Iron Moth|Sludge Wave|p2a: Ting-Lu\n|-resisted|p2a: Ting-Lu\n|-damage|p2a: Ting-Lu|89\/100\n|\n|-heal|p2a: Ting-Lu|96\/100|[from] item: Leftovers\n|upkeep\n|turn|6\n|\n|t:|1700413571\n|-end|p1a: Iron Moth|Quark Drive|[silent]\n|switch|p1a: Zarude|Zarude|89\/100\n|move|p2a: Ting-Lu|Spikes|p1a: Zarude\n|-sidestart|p1: hot men 2|Spikes\n|\n|-heal|p2a: Ting-Lu|100\/100|[from] item: Leftovers\n|upkeep\n|turn|7\n|\n|t:|1700413578\n|switch|p2a: Clefable|Clefable, M|99\/100\n|move|p1a: Zarude|Knock Off|p2a: Clefable\n|-resisted|p2a: Clefable\n|-damage|p2a: Clefable|85\/100\n|-enditem|p2a: Clefable|Leftovers|[from] move: Knock Off|[of] p1a: Zarude\n|\n|upkeep\n|turn|8\n|\n|t:|1700413584\n|move|p1a: Zarude|U-turn|p2a: Clefable\n|-resisted|p2a: Clefable\n|-damage|p2a: Clefable|77\/100\n|\n|t:|1700413586\n|switch|p1a: Iron Treads|Iron Treads|100\/100|[from] U-turn\n|-damage|p1a: Iron Treads|88\/100|[from] Spikes\n|move|p2a: Clefable|Wish|p2a: Clefable\n|\n|upkeep\n|turn|9\n|\n|t:|1700413620\n|switch|p2a: Great Tusk|Great Tusk|100\/100\n|move|p1a: Iron Treads|Knock Off|p2a: Great Tusk\n|-resisted|p2a: Great Tusk\n|-damage|p2a: Great Tusk|94\/100\n|-damage|p1a: Iron Treads|72\/100|[from] item: Rocky Helmet|[of] p2a: Great Tusk\n|-enditem|p2a: Great Tusk|Rocky Helmet|[from] move: Knock Off|[of] p1a: Iron Treads\n|\n|-heal|p2a: Great Tusk|100\/100|[from] move: Wish|[wisher] Clefable\n|upkeep\n|turn|10\n|\n|t:|1700413671\n|move|p1a: Iron Treads|Rapid Spin|p2a: Great Tusk\n|-damage|p2a: Great Tusk|93\/100\n|-boost|p1a: Iron Treads|spe|1\n|-sideend|p1: hot men 2|Spikes|[from] move: Rapid Spin|[of] p1a: Iron Treads\n|move|p2a: Great Tusk|Stealth Rock|p1a: Iron Treads\n|-sidestart|p1: hot men 2|move: Stealth Rock\n|\n|upkeep\n|turn|11\n|\n|t:|1700413682\n|-end|p1a: Iron Treads|Quark Drive|[silent]\n|switch|p1a: Zarude|Zarude|89\/100\n|-damage|p1a: Zarude|76\/100|[from] Stealth Rock\n|move|p2a: Great Tusk|Earthquake|p1a: Zarude\n|-resisted|p1a: Zarude\n|-damage|p1a: Zarude|64\/100\n|\n|upkeep\n|turn|12\n|\n|t:|1700413689\n|-end|p2a: Great Tusk|Protosynthesis|[silent]\n|switch|p2a: Clefable|Clefable, M|77\/100\n|move|p1a: Zarude|Power Whip|p2a: Clefable\n|-damage|p2a: Clefable|40\/100\n|\n|upkeep\n|turn|13\n|\n|t:|1700413696\n|move|p1a: Zarude|Power Whip|p2a: Clefable\n|-damage|p2a: Clefable|1\/100\n|move|p2a: Clefable|Wish|p2a: Clefable\n|\n|upkeep\n|turn|14\n|\n|t:|1700413703\n|move|p2a: Clefable|Protect|p2a: Clefable\n|-singleturn|p2a: Clefable|Protect\n|move|p1a: Zarude|U-turn|p2a: Clefable\n|-activate|p2a: Clefable|move: Protect\n|\n|-heal|p2a: Clefable|51\/100|[from] move: Wish|[wisher] Clefable\n|upkeep\n|turn|15\n|\n|t:|1700413707\n|move|p1a: Zarude|Synthesis|p1a: Zarude\n|-heal|p1a: Zarude|100\/100\n|move|p2a: Clefable|Wish|p2a: Clefable\n|\n|upkeep\n|turn|16\n|\n|t:|1700413712\n|switch|p1a: Iron Treads|Iron Treads|72\/100\n|-damage|p1a: Iron Treads|68\/100|[from] Stealth Rock\n|move|p2a: Clefable|Moonblast|p1a: Iron Treads\n|-resisted|p1a: Iron Treads\n|-damage|p1a: Iron Treads|55\/100\n|\n|-heal|p2a: Clefable|100\/100|[from] move: Wish|[wisher] Clefable\n|upkeep\n|turn|17\n|\n|t:|1700413725\n|move|p1a: Iron Treads|Ice Spinner|p2a: Clefable\n|-damage|p2a: Clefable|83\/100\n|move|p2a: Clefable|Encore|p1a: Iron Treads\n|-start|p1a: Iron Treads|Encore\n|\n|upkeep\n|turn|18\n|\n|t:|1700413748\n|-end|p1a: Iron Treads|Quark Drive|[silent]\n|switch|p1a: Iron Moth|Iron Moth|100\/100\n|-damage|p1a: Iron Moth|76\/100|[from] Stealth Rock\n|move|p2a: Clefable|Moonblast|p1a: Iron Moth\n|-resisted|p1a: Iron Moth\n|-crit|p1a: Iron Moth\n|-damage|p1a: Iron Moth|63\/100\n|\n|upkeep\n|turn|19\n|\n|t:|1700413761\n|switch|p2a: Ting-Lu|Ting-Lu|100\/100\n|-ability|p2a: Ting-Lu|Vessel of Ruin\n|move|p1a: Iron Moth|Fiery Dance|p2a: Ting-Lu\n|-damage|p2a: Ting-Lu|82\/100\n|-boost|p1a: Iron Moth|spa|1\n|\n|-heal|p2a: Ting-Lu|88\/100|[from] item: Leftovers\n|upkeep\n|turn|20\n|\n|t:|1700413772\n|move|p1a: Iron Moth|Fiery Dance|p2a: Ting-Lu\n|-damage|p2a: Ting-Lu|61\/100\n|move|p2a: Ting-Lu|Earthquake|p1a: Iron Moth\n|-supereffective|p1a: Iron Moth\n|-damage|p1a: Iron Moth|0 fnt\n|faint|p1a: Iron Moth\n|-end|p1a: Iron Moth|Quark Drive|[silent]\n|\n|-heal|p2a: Ting-Lu|68\/100|[from] item: Leftovers\n|upkeep\n|\n|t:|1700413779\n|switch|p1a: Manaphy|Manaphy|88\/100\n|turn|21\n|\n|t:|1700413791\n|switch|p2a: Ogerpon|Ogerpon-Wellspring, F|84\/100\n|move|p1a: Manaphy|Tail Glow|p1a: Manaphy\n|-boost|p1a: Manaphy|spa|3\n|\n|upkeep\n|turn|22\n|\n|t:|1700413798\n|-terastallize|p1a: Manaphy|Dragon\n|move|p2a: Ogerpon|Power Whip|p1a: Manaphy\n|-resisted|p1a: Manaphy\n|-damage|p1a: Manaphy|61\/100\n|move|p1a: Manaphy|Energy Ball|p2a: Ogerpon\n|-damage|p2a: Ogerpon|8\/100\n|\n|upkeep\n|turn|23\n|\n|t:|1700413810\n|move|p2a: Ogerpon|Knock Off|p1a: Manaphy\n|-damage|p1a: Manaphy|25\/100\n|-enditem|p1a: Manaphy|Heavy-Duty Boots|[from] move: Knock Off|[of] p2a: Ogerpon\n|move|p1a: Manaphy|Ice Beam|p2a: Ogerpon\n|-damage|p2a: Ogerpon|0 fnt\n|faint|p2a: Ogerpon\n|\n|upkeep\n|c|\u2606hot men 2|not a 6-0 lfg\n|c|\u2606not mishmesh|lol\n|\n|t:|1700413840\n|switch|p2a: Dragapult|Dragapult, M|100\/100\n|turn|24\n|\n|t:|1700413845\n|move|p2a: Dragapult|Shadow Ball|p1a: Manaphy\n|-damage|p1a: Manaphy|0 fnt\n|faint|p1a: Manaphy\n|\n|upkeep\n|\n|t:|1700413853\n|switch|p1a: Zarude|Zarude|100\/100\n|-damage|p1a: Zarude|88\/100|[from] Stealth Rock\n|turn|25\n|\n|t:|1700413870\n|switch|p2a: Clefable|Clefable, M|83\/100\n|move|p1a: Zarude|Knock Off|p2a: Clefable\n|-resisted|p2a: Clefable\n|-damage|p2a: Clefable|73\/100\n|\n|upkeep\n|turn|26\n|\n|t:|1700413878\n|move|p1a: Zarude|Power Whip|p2a: Clefable\n|-damage|p2a: Clefable|36\/100\n|move|p2a: Clefable|Wish|p2a: Clefable\n|\n|upkeep\n|turn|27\n|\n|t:|1700413894\n|switch|p1a: Iron Valiant|Iron Valiant|100\/100\n|-damage|p1a: Iron Valiant|94\/100|[from] Stealth Rock\n|move|p2a: Clefable|Protect||[still]\n|-fail|p2a: Clefable\n|\n|-heal|p2a: Clefable|86\/100|[from] move: Wish|[wisher] Clefable\n|upkeep\n|turn|28\n|\n|t:|1700413899\n|switch|p2a: Moltres|Moltres|100\/100\n|move|p1a: Iron Valiant|Moonblast|p2a: Moltres\n|-resisted|p2a: Moltres\n|-damage|p2a: Moltres|75\/100\n|\n|upkeep\n|turn|29\n|\n|t:|1700413909\n|-end|p1a: Iron Valiant|Quark Drive|[silent]\n|switch|p1a: Iron Treads|Iron Treads|55\/100\n|-damage|p1a: Iron Treads|52\/100|[from] Stealth Rock\n|move|p2a: Moltres|Flamethrower|p1a: Iron Treads\n|-supereffective|p1a: Iron Treads\n|-damage|p1a: Iron Treads|0 fnt\n|faint|p1a: Iron Treads\n|-end|p1a: Iron Treads|Quark Drive|[silent]\n|\n|upkeep\n|\n|t:|1700413923\n|switch|p1a: Iron Valiant|Iron Valiant|94\/100\n|-damage|p1a: Iron Valiant|88\/100|[from] Stealth Rock\n|turn|30\n|\n|t:|1700413927\n|move|p1a: Iron Valiant|Trick|p2a: Moltres\n|-activate|p1a: Iron Valiant|move: Trick|[of] p2a: Moltres\n|-item|p2a: Moltres|Choice Specs|[from] move: Trick\n|-item|p1a: Iron Valiant|Heavy-Duty Boots|[from] move: Trick\n|move|p2a: Moltres|Flamethrower|p1a: Iron Valiant\n|-damage|p1a: Iron Valiant|0 fnt\n|faint|p1a: Iron Valiant\n|-end|p1a: Iron Valiant|Quark Drive|[silent]\n|\n|upkeep\n|c|\u2606hot men 2|o that just killed\n|c|\u2606hot men 2|gg wp\n|c|\u2606hot men 2|clef sucks lmao\n|\n|t:|1700413950\n|switch|p1a: Zamazenta|Zamazenta|100\/100\n|-damage|p1a: Zamazenta|94\/100|[from] Stealth Rock\n|-ability|p1a: Zamazenta|Dauntless Shield|boost\n|-boost|p1a: Zamazenta|def|1\n|turn|31\n|c|\u2606hot men 2|im dumb asf\n|c|\u2606not mishmesh|ye lol\n|c|\u2606hot men 2|it killed cuz i was specs not scarf LMAO\n|\n|t:|1700413969\n|switch|p2a: Great Tusk|Great Tusk|93\/100\n|move|p1a: Zamazenta|Iron Defense|p1a: Zamazenta\n|-boost|p1a: Zamazenta|def|2\n|\n|upkeep\n|turn|32\n|\n|t:|1700413975\n|move|p1a: Zamazenta|Iron Defense|p1a: Zamazenta\n|-boost|p1a: Zamazenta|def|2\n|move|p2a: Great Tusk|Earthquake|p1a: Zamazenta\n|-damage|p1a: Zamazenta|86\/100\n|\n|upkeep\n|turn|33\n|\n|t:|1700413987\n|move|p1a: Zamazenta|Body Press|p2a: Great Tusk\n|-damage|p2a: Great Tusk|32\/100\n|move|p2a: Great Tusk|Knock Off|p1a: Zamazenta\n|-resisted|p1a: Zamazenta\n|-damage|p1a: Zamazenta|83\/100\n|-enditem|p1a: Zamazenta|Chesto Berry|[from] move: Knock Off|[of] p2a: Great Tusk\n|\n|upkeep\n|turn|34\n|\n|t:|1700413993\n|move|p1a: Zamazenta|Body Press|p2a: Great Tusk\n|-damage|p2a: Great Tusk|0 fnt\n|faint|p2a: Great Tusk\n|-end|p2a: Great Tusk|Protosynthesis|[silent]\n|\n|upkeep\n|\n|t:|1700414004\n|switch|p2a: Moltres|Moltres|75\/100\n|turn|35\n|\n|t:|1700414009\n|move|p1a: Zamazenta|Body Press|p2a: Moltres\n|-resisted|p2a: Moltres\n|-damage|p2a: Moltres|17\/100\n|move|p2a: Moltres|Flamethrower|p1a: Zamazenta\n|-damage|p1a: Zamazenta|40\/100\n|\n|upkeep\n|turn|36\n|\n|t:|1700414014\n|move|p1a: Zamazenta|Body Press|p2a: Moltres\n|-resisted|p2a: Moltres\n|-damage|p2a: Moltres|0 fnt\n|faint|p2a: Moltres\n|\n|upkeep\n|\n|t:|1700414017\n|switch|p2a: Dragapult|Dragapult, M|100\/100\n|turn|37\n|\n|t:|1700414022\n|move|p2a: Dragapult|Shadow Ball|p1a: Zamazenta\n|-damage|p1a: Zamazenta|0 fnt\n|faint|p1a: Zamazenta\n|\n|upkeep\n|\n|t:|1700414025\n|switch|p1a: Zarude|Zarude|88\/100\n|-damage|p1a: Zarude|76\/100|[from] Stealth Rock\n|turn|38\n|\n|t:|1700414030\n|-terastallize|p2a: Dragapult|Ghost\n|move|p2a: Dragapult|Shadow Ball|p1a: Zarude\n|-resisted|p1a: Zarude\n|-damage|p1a: Zarude|45\/100\n|move|p1a: Zarude|Knock Off|p2a: Dragapult\n|-supereffective|p2a: Dragapult\n|-damage|p2a: Dragapult|0 fnt\n|-enditem|p2a: Dragapult|Choice Specs|[from] move: Knock Off|[of] p1a: Zarude\n|faint|p2a: Dragapult\n|\n|upkeep\n|\n|t:|1700414032\n|switch|p2a: Clefable|Clefable, M|86\/100\n|turn|39\n|c|\u2606not mishmesh|gg\n|\n|t:|1700414036\n|move|p1a: Zarude|Synthesis|p1a: Zarude\n|-heal|p1a: Zarude|95\/100\n|move|p2a: Clefable|Moonblast|p1a: Zarude\n|-supereffective|p1a: Zarude\n|-damage|p1a: Zarude|44\/100\n|\n|upkeep\n|turn|40\n|\n|t:|1700414039\n|move|p1a: Zarude|Power Whip|p2a: Clefable\n|-damage|p2a: Clefable|47\/100\n|move|p2a: Clefable|Encore|p1a: Zarude\n|-start|p1a: Zarude|Encore\n|\n|upkeep\n|turn|41\n|\n|t:|1700414043\n|move|p1a: Zarude|Power Whip|p2a: Clefable|[miss]\n|-miss|p1a: Zarude|p2a: Clefable\n|move|p2a: Clefable|Wish|p2a: Clefable\n|\n|upkeep\n|turn|42\n|\n|t:|1700414053\n|move|p1a: Zarude|Power Whip|p2a: Clefable\n|-damage|p2a: Clefable|9\/100\n|move|p2a: Clefable|Moonblast|p1a: Zarude\n|-supereffective|p1a: Zarude\n|-damage|p1a: Zarude|0 fnt\n|faint|p1a: Zarude\n|\n|win|not mishmesh\n","uploadtime":1700414056,"views":12,"p1id":"hotmen2","p2id":"notmishmesh","formatid":"gen9ou","rating":0,"private":0,"password":""}