{"id":"gen9ou-1996350038","p1":"PLAYB0I R0BBIE B","p2":"Skafive","format":"[Gen 9] OU","log":"|j|\u2606PLAYB0I R0BBIE B\n|j|\u2606Skafive\n|t:|1700673662\n|gametype|singles\n|player|p1|PLAYB0I R0BBIE B|eusine|1362\n|player|p2|Skafive|caitlin-gen4|1379\n|teamsize|p1|6\n|teamsize|p2|6\n|gen|9\n|tier|[Gen 9] OU\n|rated|\n|rule|Sleep Clause Mod: Limit one foe put to sleep\n|rule|Species Clause: Limit one of each Pok\u00e9mon\n|rule|OHKO Clause: OHKO moves are banned\n|rule|Evasion Items Clause: Evasion items are banned\n|rule|Evasion Moves Clause: Evasion moves are banned\n|rule|Endless Battle Clause: Forcing endless battles is banned\n|rule|HP Percentage Mod: HP is shown in percentages\n|clearpoke\n|poke|p1|Meowscarada, F|\n|poke|p1|Heatran, F|\n|poke|p1|Thundurus-Therian, M|\n|poke|p1|Dragapult, F|\n|poke|p1|Great Tusk|\n|poke|p1|Azumarill, F|\n|poke|p2|Garchomp, M|\n|poke|p2|Corviknight, F|\n|poke|p2|Clodsire, M|\n|poke|p2|Kingambit, M|\n|poke|p2|Ogerpon-Wellspring, F|\n|poke|p2|Dragapult, F|\n|teampreview\n|\n|t:|1700673674\n|start\n|switch|p1a: CAN'T SAY|Azumarill, F|100\/100\n|switch|p2a: Dragapult|Dragapult, F|100\/100\n|turn|1\n|inactive|Battle timer is ON: inactive players will automatically lose when time's up. (requested by PLAYB0I R0BBIE B)\n|\n|t:|1700673677\n|move|p2a: Dragapult|U-turn|p1a: CAN'T SAY\n|-resisted|p1a: CAN'T SAY\n|-damage|p1a: CAN'T SAY|91\/100\n|\n|t:|1700673680\n|switch|p2a: Ogerpon|Ogerpon-Wellspring, F|100\/100|[from] U-turn\n|move|p1a: CAN'T SAY|Play Rough|p2a: Ogerpon|[miss]\n|-miss|p1a: CAN'T SAY|p2a: Ogerpon\n|\n|upkeep\n|turn|2\n|\n|t:|1700673685\n|switch|p1a: NO BYSTANDERS|Dragapult, F|100\/100\n|move|p2a: Ogerpon|Horn Leech|p1a: NO BYSTANDERS\n|-resisted|p1a: NO BYSTANDERS\n|-damage|p1a: NO BYSTANDERS|65\/100\n|\n|upkeep\n|turn|3\n|\n|t:|1700673699\n|switch|p2a: Corviknight|Corviknight, F|100\/100\n|-ability|p2a: Corviknight|Pressure\n|move|p1a: NO BYSTANDERS|U-turn|p2a: Corviknight\n|-resisted|p2a: Corviknight\n|-damage|p2a: Corviknight|98\/100\n|\n|t:|1700673704\n|switch|p1a: ASTROTHUNDER|Thundurus-Therian, M|100\/100|[from] U-turn\n|\n|-heal|p2a: Corviknight|100\/100|[from] item: Leftovers\n|upkeep\n|turn|4\n|\n|t:|1700673710\n|switch|p2a: Clodsire|Clodsire, M|100\/100\n|move|p1a: ASTROTHUNDER|Knock Off|p2a: Clodsire\n|-damage|p2a: Clodsire|78\/100\n|-enditem|p2a: Clodsire|Leftovers|[from] move: Knock Off|[of] p1a: ASTROTHUNDER\n|\n|upkeep\n|turn|5\n|\n|t:|1700673714\n|switch|p1a: 5% TINT|Heatran, F|100\/100\n|-item|p1a: 5% TINT|Air Balloon\n|switch|p2a: Dragapult|Dragapult, F|100\/100\n|\n|upkeep\n|turn|6\n|\n|t:|1700673718\n|switch|p1a: CAN'T SAY|Azumarill, F|91\/100\n|move|p2a: Dragapult|U-turn|p1a: CAN'T SAY\n|-resisted|p1a: CAN'T SAY\n|-crit|p1a: CAN'T SAY\n|-damage|p1a: CAN'T SAY|77\/100\n|\n|t:|1700673721\n|switch|p2a: Ogerpon|Ogerpon-Wellspring, F|100\/100|[from] U-turn\n|\n|upkeep\n|turn|7\n|\n|t:|1700673727\n|switch|p1a: NO BYSTANDERS|Dragapult, F|65\/100\n|move|p2a: Ogerpon|Horn Leech|p1a: NO BYSTANDERS\n|-resisted|p1a: NO BYSTANDERS\n|-damage|p1a: NO BYSTANDERS|32\/100\n|\n|upkeep\n|turn|8\n|\n|t:|1700673732\n|move|p1a: NO BYSTANDERS|Thunder Wave|p2a: Ogerpon\n|-status|p2a: Ogerpon|par\n|move|p2a: Ogerpon|Horn Leech|p1a: NO BYSTANDERS\n|-resisted|p1a: NO BYSTANDERS\n|-damage|p1a: NO BYSTANDERS|1\/100\n|\n|upkeep\n|turn|9\n|\n|t:|1700673739\n|switch|p2a: Corviknight|Corviknight, F|100\/100\n|-ability|p2a: Corviknight|Pressure\n|move|p1a: NO BYSTANDERS|U-turn|p2a: Corviknight\n|-resisted|p2a: Corviknight\n|-damage|p2a: Corviknight|98\/100\n|\n|t:|1700673746\n|switch|p1a: 5% TINT|Heatran, F|100\/100|[from] U-turn\n|-item|p1a: 5% TINT|Air Balloon\n|\n|-heal|p2a: Corviknight|100\/100|[from] item: Leftovers\n|upkeep\n|turn|10\n|\n|t:|1700673751\n|switch|p2a: Clodsire|Clodsire, M|78\/100\n|move|p1a: 5% TINT|Magma Storm|p2a: Clodsire\n|-damage|p2a: Clodsire|50\/100\n|-activate|p2a: Clodsire|move: Magma Storm|[of] p1a: 5% TINT\n|\n|-damage|p2a: Clodsire|38\/100|[from] move: Magma Storm|[partiallytrapped]\n|upkeep\n|turn|11\n|\n|t:|1700673756\n|move|p1a: 5% TINT|Taunt|p2a: Clodsire\n|-start|p2a: Clodsire|move: Taunt\n|cant|p2a: Clodsire|move: Taunt|Recover\n|\n|-damage|p2a: Clodsire|26\/100|[from] move: Magma Storm|[partiallytrapped]\n|upkeep\n|turn|12\n|\n|t:|1700673764\n|move|p1a: 5% TINT|Earth Power|p2a: Clodsire\n|-supereffective|p2a: Clodsire\n|-damage|p2a: Clodsire|0 fnt\n|faint|p2a: Clodsire\n|\n|upkeep\n|\n|t:|1700673769\n|switch|p2a: Garchomp|Garchomp, M|100\/100\n|turn|13\n|\n|t:|1700673772\n|switch|p1a: CAN'T SAY|Azumarill, F|77\/100\n|move|p2a: Garchomp|Scale Shot|p1a: CAN'T SAY\n|-immune|p1a: CAN'T SAY\n|\n|upkeep\n|turn|14\n|\n|t:|1700673778\n|move|p2a: Garchomp|Swords Dance|p2a: Garchomp\n|-boost|p2a: Garchomp|atk|2\n|move|p1a: CAN'T SAY|Play Rough|p2a: Garchomp\n|-supereffective|p2a: Garchomp\n|-damage|p2a: Garchomp|0 fnt\n|-damage|p1a: CAN'T SAY|65\/100|[from] ability: Rough Skin|[of] p2a: Garchomp\n|faint|p2a: Garchomp\n|\n|upkeep\n|\n|t:|1700673784\n|switch|p2a: Dragapult|Dragapult, F|100\/100\n|turn|15\n|\n|t:|1700673790\n|-terastallize|p2a: Dragapult|Ghost\n|move|p2a: Dragapult|Shadow Ball|p1a: CAN'T SAY\n|-damage|p1a: CAN'T SAY|15\/100\n|move|p1a: CAN'T SAY|Play Rough|p2a: Dragapult\n|-damage|p2a: Dragapult|18\/100\n|\n|upkeep\n|turn|16\n|\n|t:|1700673797\n|move|p1a: CAN'T SAY|Aqua Jet|p2a: Dragapult\n|-damage|p2a: Dragapult|0 fnt\n|faint|p2a: Dragapult\n|\n|upkeep\n|-message|Skafive forfeited.\n|\n|win|PLAYB0I R0BBIE B\n|raw|PLAYB0I R0BBIE B's rating: 1362 &rarr; <strong>1383<\/strong><br \/>(+21 for winning)\n|raw|Skafive's rating: 1379 &rarr; <strong>1358<\/strong><br \/>(-21 for losing)\n|l|\u2606Skafive\n","uploadtime":1700673806,"views":1,"p1id":"playb0ir0bbieb","p2id":"skafive","formatid":"gen9ou","rating":1358,"private":0,"password":""}