{"id":"gen9ou-1991758055","p1":"ArioG","p2":"SexyKarpKing","format":"[Gen 9] OU","log":"|j|\u2606ArioG\n|j|\u2606SexyKarpKing\n|t:|1700112116\n|gametype|singles\n|player|p1|ArioG|az|1226\n|player|p2|SexyKarpKing|rood|1235\n|teamsize|p1|6\n|teamsize|p2|6\n|gen|9\n|tier|[Gen 9] OU\n|rated|\n|rule|Sleep Clause Mod: Limit one foe put to sleep\n|rule|Species Clause: Limit one of each Pok\u00e9mon\n|rule|OHKO Clause: OHKO moves are banned\n|rule|Evasion Items Clause: Evasion items are banned\n|rule|Evasion Moves Clause: Evasion moves are banned\n|rule|Endless Battle Clause: Forcing endless battles is banned\n|rule|HP Percentage Mod: HP is shown in percentages\n|clearpoke\n|poke|p1|Dragonite, F|\n|poke|p1|Alomomola, M|\n|poke|p1|Ogerpon-Cornerstone, F|\n|poke|p1|Ribombee, F|\n|poke|p1|Kingambit, F|\n|poke|p1|Heatran, M|\n|poke|p2|Cramorant, M|\n|poke|p2|Infernape, F|\n|poke|p2|Amoonguss, M|\n|poke|p2|Regidrago|\n|poke|p2|Revavroom, M|\n|poke|p2|Bellibolt, M|\n|teampreview\n|inactive|Battle timer is ON: inactive players will automatically lose when time's up. (requested by ArioG)\n|\n|t:|1700112129\n|start\n|switch|p1a: Ribombee|Ribombee, F|100\/100\n|switch|p2a: Infernape|Infernape, F|100\/100\n|turn|1\n|\n|t:|1700112134\n|move|p1a: Ribombee|Psychic|p2a: Infernape\n|-supereffective|p2a: Infernape\n|-damage|p2a: Infernape|29\/100\n|move|p2a: Infernape|Overheat|p1a: Ribombee|[miss]\n|-miss|p2a: Infernape|p1a: Ribombee\n|\n|upkeep\n|turn|2\n|\n|t:|1700112140\n|switch|p2a: Cramorant|Cramorant, M|100\/100\n|move|p1a: Ribombee|Psychic|p2a: Cramorant\n|-damage|p2a: Cramorant|74\/100\n|\n|upkeep\n|turn|3\n|\n|t:|1700112145\n|move|p1a: Ribombee|Tailwind|p1a: Ribombee\n|-sidestart|p1: ArioG|move: Tailwind\n|move|p2a: Cramorant|Surf|p1a: Ribombee\n|-formechange|p2a: Cramorant|Cramorant-Gulping|\n|-damage|p1a: Ribombee|54\/100\n|\n|upkeep\n|turn|4\n|\n|t:|1700112150\n|move|p1a: Ribombee|Sticky Web|p2a: Cramorant\n|-sidestart|p2: SexyKarpKing|move: Sticky Web\n|move|p2a: Cramorant|Hurricane|p1a: Ribombee\n|-supereffective|p1a: Ribombee\n|-damage|p1a: Ribombee|0 fnt\n|faint|p1a: Ribombee\n|\n|upkeep\n|\n|t:|1700112162\n|switch|p1a: Ogerpon|Ogerpon-Cornerstone, F|100\/100\n|turn|5\n|\n|t:|1700112171\n|switch|p2a: Amoonguss|Amoonguss, M|100\/100\n|-activate|p2a: Amoonguss|move: Sticky Web\n|-unboost|p2a: Amoonguss|spe|1\n|move|p1a: Ogerpon|Ivy Cudgel|p2a: Amoonguss|[anim] Ivy Cudgel Rock\n|-damage|p2a: Amoonguss|56\/100\n|-enditem|p2a: Amoonguss|Red Card|[of] p1a: Ogerpon\n|drag|p1a: Kingambit|Kingambit, F|100\/100\n|-activate|p1a: Kingambit|ability: Supreme Overlord\n|-start|p1a: Kingambit|fallen1|[silent]\n|\n|upkeep\n|turn|6\n|\n|t:|1700112185\n|-end|p1a: Kingambit|fallen1|[silent]\n|switch|p1a: Heatran|Heatran, M|100\/100\n|move|p2a: Amoonguss|Spore|p1a: Heatran\n|-status|p1a: Heatran|slp|[from] move: Spore\n|\n|-sideend|p1: ArioG|move: Tailwind\n|upkeep\n|turn|7\n|\n|t:|1700112196\n|switch|p1a: Ogerpon|Ogerpon-Cornerstone, F|100\/100\n|switch|p2a: Cramorant|Cramorant, M|74\/100\n|\n|upkeep\n|turn|8\n|\n|t:|1700112202\n|switch|p2a: Amoonguss|Amoonguss, M|89\/100\n|-activate|p2a: Amoonguss|move: Sticky Web\n|-unboost|p2a: Amoonguss|spe|1\n|move|p1a: Ogerpon|Swords Dance|p1a: Ogerpon\n|-boost|p1a: Ogerpon|atk|2\n|\n|upkeep\n|turn|9\n|\n|t:|1700112208\n|move|p1a: Ogerpon|Swords Dance|p1a: Ogerpon\n|-boost|p1a: Ogerpon|atk|2\n|move|p2a: Amoonguss|Clear Smog|p1a: Ogerpon\n|-damage|p1a: Ogerpon|84\/100\n|-clearboost|p1a: Ogerpon\n|\n|upkeep\n|turn|10\n|\n|t:|1700112213\n|move|p1a: Ogerpon|Ivy Cudgel|p2a: Amoonguss|[anim] Ivy Cudgel Rock\n|-damage|p2a: Amoonguss|40\/100\n|move|p2a: Amoonguss|Sludge Bomb|p1a: Ogerpon\n|-damage|p1a: Ogerpon|50\/100\n|\n|upkeep\n|turn|11\n|\n|t:|1700112219\n|switch|p2a: Revavroom|Revavroom, M|100\/100\n|-activate|p2a: Revavroom|move: Sticky Web\n|-unboost|p2a: Revavroom|spe|1\n|move|p1a: Ogerpon|Ivy Cudgel|p2a: Revavroom|[anim] Ivy Cudgel Rock\n|-resisted|p2a: Revavroom\n|-damage|p2a: Revavroom|61\/100\n|\n|upkeep\n|turn|12\n|\n|t:|1700112226\n|move|p1a: Ogerpon|Low Kick|p2a: Revavroom\n|-damage|p2a: Revavroom|16\/100\n|move|p2a: Revavroom|Iron Head|p1a: Ogerpon\n|-supereffective|p1a: Ogerpon\n|-damage|p1a: Ogerpon|0 fnt\n|faint|p1a: Ogerpon\n|\n|upkeep\n|\n|t:|1700112236\n|switch|p1a: Heatran|Heatran, M|100\/100 slp\n|turn|13\n|\n|t:|1700112240\n|switch|p2a: Cramorant|Cramorant, M|74\/100\n|cant|p1a: Heatran|slp\n|\n|upkeep\n|turn|14\n|\n|t:|1700112245\n|cant|p1a: Heatran|slp\n|move|p2a: Cramorant|Defog|p1a: Heatran\n|-unboost|p1a: Heatran|evasion|1\n|-sideend|p2: SexyKarpKing|Sticky Web|[from] move: Defog|[of] p2a: Cramorant\n|\n|upkeep\n|turn|15\n|\n|t:|1700112256\n|switch|p1a: Dragonite|Dragonite, F|100\/100\n|move|p2a: Cramorant|Surf|p1a: Dragonite\n|-formechange|p2a: Cramorant|Cramorant-Gulping|\n|-resisted|p1a: Dragonite\n|-damage|p1a: Dragonite|93\/100\n|\n|upkeep\n|turn|16\n|\n|t:|1700112265\n|move|p1a: Dragonite|Dragon Dance|p1a: Dragonite\n|-boost|p1a: Dragonite|atk|1\n|-boost|p1a: Dragonite|spe|1\n|move|p2a: Cramorant|Hurricane|p1a: Dragonite\n|-damage|p1a: Dragonite|55\/100\n|-start|p1a: Dragonite|confusion\n|\n|upkeep\n|turn|17\n|\n|t:|1700112274\n|switch|p2a: Bellibolt|Bellibolt, M|100\/100\n|-activate|p1a: Dragonite|confusion\n|-damage|p1a: Dragonite|29\/100|[from] confusion\n|\n|upkeep\n|turn|18\n|\n|t:|1700112282\n|-end|p1a: Dragonite|confusion\n|move|p1a: Dragonite|Earthquake|p2a: Bellibolt\n|-supereffective|p2a: Bellibolt\n|-damage|p2a: Bellibolt|33\/100\n|-start|p2a: Bellibolt|Charge|Earthquake|[from] ability: Electromorphosis\n|move|p2a: Bellibolt|Volt Switch|p1a: Dragonite\n|-damage|p1a: Dragonite|0 fnt\n|faint|p1a: Dragonite\n|-end|p2a: Bellibolt|Charge|[silent]\n|\n|t:|1700112288\n|switch|p2a: Infernape|Infernape, F|29\/100|[from] Volt Switch\n|\n|upkeep\n|inactive|ArioG has 120 seconds left.\n|inactive|ArioG has 90 seconds left.\n|inactive|ArioG has 60 seconds left.\n|inactive|ArioG has 30 seconds left.\n|inactive|ArioG has 20 seconds left.\n|inactive|ArioG has 15 seconds left.\n|l|\u2606SexyKarpKing\n|inactive|SexyKarpKing disconnected and has a minute to reconnect!\n|player|p2|\n|inactive|ArioG has 10 seconds left.\n|inactive|ArioG has 5 seconds left.\n|-message|ArioG lost due to inactivity.\n|\n|win|SexyKarpKing\n|raw|ArioG's rating: 1226 &rarr; <strong>1202<\/strong><br \/>(-24 for losing)\n|raw|SexyKarpKing's rating: 1235 &rarr; <strong>1259<\/strong><br \/>(+24 for winning)\n|j|\u2606SexyKarpKing\n|player|p2|SexyKarpKing|rood\n|c|\u2606SexyKarpKing|u a weirdo\n","uploadtime":1700112625,"views":10,"p1id":"ariog","p2id":"sexykarpking","formatid":"gen9ou","rating":1202,"private":0,"password":""}