{"id":"gen9ou-1995831091","p1":"rugrattt","p2":"Dimsum69","format":"[Gen 9] OU","log":"|j|\u2606rugrattt\n|j|\u2606Dimsum69\n|t:|1700607466\n|gametype|singles\n|player|p1|rugrattt|1|1091\n|player|p2|Dimsum69|camper|1039\n|teamsize|p1|6\n|teamsize|p2|6\n|gen|9\n|tier|[Gen 9] OU\n|rated|\n|rule|Sleep Clause Mod: Limit one foe put to sleep\n|rule|Species Clause: Limit one of each Pok\u00e9mon\n|rule|OHKO Clause: OHKO moves are banned\n|rule|Evasion Items Clause: Evasion items are banned\n|rule|Evasion Moves Clause: Evasion moves are banned\n|rule|Endless Battle Clause: Forcing endless battles is banned\n|rule|HP Percentage Mod: HP is shown in percentages\n|clearpoke\n|poke|p1|Dragapult, M|\n|poke|p1|Samurott-Hisui, F|\n|poke|p1|Alomomola, F|\n|poke|p1|Toxapex, F|\n|poke|p1|Landorus-Therian, M|\n|poke|p1|Blissey, F|\n|poke|p2|Arbok, F|\n|poke|p2|Ribombee, M|\n|poke|p2|Grimmsnarl, M|\n|poke|p2|Landorus-Therian, M|\n|poke|p2|Amoonguss, M|\n|poke|p2|Dragapult, M|\n|teampreview\n|inactive|Battle timer is ON: inactive players will automatically lose when time's up. (requested by Dimsum69)\n|\n|t:|1700607485\n|start\n|switch|p1a: Toxapex|Toxapex, F|100\/100\n|switch|p2a: Landorus|Landorus-Therian, M|100\/100\n|-ability|p2a: Landorus|Intimidate|boost\n|-unboost|p1a: Toxapex|atk|1\n|turn|1\n|\n|t:|1700607495\n|switch|p1a: Landorus|Landorus-Therian, M|100\/100\n|-ability|p1a: Landorus|Intimidate|boost\n|-unboost|p2a: Landorus|atk|1\n|move|p2a: Landorus|Earthquake|p1a: Landorus\n|-immune|p1a: Landorus\n|\n|upkeep\n|turn|2\n|\n|t:|1700607507\n|switch|p2a: Amoonguss|Amoonguss, M|100\/100\n|move|p1a: Landorus|Rock Slide|p2a: Amoonguss\n|-damage|p2a: Amoonguss|72\/100\n|\n|-heal|p2a: Amoonguss|78\/100|[from] item: Black Sludge\n|upkeep\n|turn|3\n|\n|t:|1700607527\n|move|p1a: Landorus|Earthquake|p2a: Amoonguss\n|-damage|p2a: Amoonguss|20\/100\n|move|p2a: Amoonguss|Spore|p1a: Landorus\n|-status|p1a: Landorus|slp|[from] move: Spore\n|\n|-heal|p2a: Amoonguss|26\/100|[from] item: Black Sludge\n|upkeep\n|turn|4\n|\n|t:|1700607535\n|cant|p1a: Landorus|slp\n|move|p2a: Amoonguss|Giga Drain|p1a: Landorus\n|-damage|p1a: Landorus|57\/100 slp\n|-heal|p2a: Amoonguss|42\/100|[from] drain|[of] p1a: Landorus\n|\n|-heal|p2a: Amoonguss|49\/100|[from] item: Black Sludge\n|upkeep\n|turn|5\n|\n|t:|1700607546\n|switch|p2a: Landorus|Landorus-Therian, M|100\/100\n|-ability|p2a: Landorus|Intimidate|boost\n|-unboost|p1a: Landorus|atk|1\n|cant|p1a: Landorus|slp\n|\n|upkeep\n|turn|6\n|\n|t:|1700607559\n|switch|p1a: Blissey|Blissey, F|100\/100\n|move|p2a: Landorus|U-turn|p1a: Blissey\n|-crit|p1a: Blissey\n|-damage|p1a: Blissey|64\/100\n|\n|t:|1700607569\n|switch|p2a: Charbock|Arbok, F, shiny|100\/100|[from] U-turn\n|-ability|p2a: Charbock|Intimidate|boost\n|-unboost|p1a: Blissey|atk|1\n|\n|upkeep\n|turn|7\n|\n|t:|1700607576\n|move|p2a: Charbock|Coil|p2a: Charbock\n|-boost|p2a: Charbock|atk|1\n|-boost|p2a: Charbock|def|1\n|-boost|p2a: Charbock|accuracy|1\n|move|p1a: Blissey|Earthquake|p2a: Charbock\n|-supereffective|p2a: Charbock\n|-damage|p2a: Charbock|92\/100\n|\n|upkeep\n|turn|8\n|\n|t:|1700607590\n|move|p2a: Charbock|Scale Shot|p1a: Blissey\n|-crit|p1a: Blissey\n|-damage|p1a: Blissey|48\/100\n|-crit|p1a: Blissey\n|-damage|p1a: Blissey|31\/100\n|-damage|p1a: Blissey|20\/100\n|-damage|p1a: Blissey|10\/100\n|-damage|p1a: Blissey|0 fnt\n|faint|p1a: Blissey\n|-hitcount|p1: Blissey|5\n|-unboost|p2a: Charbock|def|1\n|-boost|p2a: Charbock|spe|1\n|\n|upkeep\n|\n|t:|1700607601\n|switch|p1a: Samurott|Samurott-Hisui, F|100\/100\n|turn|9\n|\n|t:|1700607613\n|move|p2a: Charbock|Gunk Shot|p1a: Samurott\n|-damage|p1a: Samurott|6\/100\n|-status|p1a: Samurott|psn\n|move|p1a: Samurott|Ceaseless Edge|p2a: Charbock\n|-damage|p2a: Charbock|15\/100\n|-sidestart|p2: Dimsum69|Spikes\n|\n|-damage|p1a: Samurott|0 fnt|[from] psn\n|faint|p1a: Samurott\n|upkeep\n|\n|t:|1700607622\n|switch|p1a: Dragapult|Dragapult, M|100\/100\n|turn|10\n|\n|t:|1700607628\n|move|p2a: Charbock|Scale Shot|p1a: Dragapult\n|-supereffective|p1a: Dragapult\n|-damage|p1a: Dragapult|73\/100\n|-supereffective|p1a: Dragapult\n|-damage|p1a: Dragapult|41\/100\n|-supereffective|p1a: Dragapult\n|-damage|p1a: Dragapult|14\/100\n|-supereffective|p1a: Dragapult\n|-damage|p1a: Dragapult|0 fnt\n|faint|p1a: Dragapult\n|-hitcount|p1: Dragapult|4\n|-unboost|p2a: Charbock|def|1\n|-boost|p2a: Charbock|spe|1\n|\n|upkeep\n|\n|t:|1700607632\n|switch|p1a: Alomomola|Alomomola, F|100\/100\n|turn|11\n|-message|rugrattt forfeited.\n|\n|win|Dimsum69\n|raw|rugrattt's rating: 1091 &rarr; <strong>1064<\/strong><br \/>(-27 for losing)\n|raw|Dimsum69's rating: 1039 &rarr; <strong>1078<\/strong><br \/>(+39 for winning)\n|l|\u2606rugrattt\n","uploadtime":1700607650,"views":12,"p1id":"rugrattt","p2id":"dimsum69","formatid":"gen9ou","rating":1064,"private":0,"password":""}