{"id":"gen9ou-1993374429","p1":"Romeh2o","p2":"tuesparliasfr","format":"[Gen 9] OU","log":"|j|\u2606Romeh2o\n|j|\u2606tuesparliasfr\n|t:|1700308304\n|gametype|singles\n|player|p1|Romeh2o|1|1145\n|player|p2|tuesparliasfr|265|1224\n|teamsize|p1|6\n|teamsize|p2|6\n|gen|9\n|tier|[Gen 9] OU\n|rated|\n|rule|Sleep Clause Mod: Limit one foe put to sleep\n|rule|Species Clause: Limit one of each Pok\u00e9mon\n|rule|OHKO Clause: OHKO moves are banned\n|rule|Evasion Items Clause: Evasion items are banned\n|rule|Evasion Moves Clause: Evasion moves are banned\n|rule|Endless Battle Clause: Forcing endless battles is banned\n|rule|HP Percentage Mod: HP is shown in percentages\n|clearpoke\n|poke|p1|Greninja-*, M|\n|poke|p1|Garchomp, F|\n|poke|p1|Enamorus, F|\n|poke|p1|Kingambit, F|\n|poke|p1|Iron Valiant|\n|poke|p1|Glimmora, F|\n|poke|p2|Scizor, F|\n|poke|p2|Zapdos|\n|poke|p2|Samurott-Hisui, F|\n|poke|p2|Kommo-o, F|\n|poke|p2|Sneasler, M|\n|poke|p2|Fezandipiti, M|\n|teampreview\n|\n|t:|1700308318\n|start\n|switch|p1a: Glimmora|Glimmora, F|100\/100\n|switch|p2a: Kommo-o|Kommo-o, F|100\/100\n|turn|1\n|\n|t:|1700308327\n|-terastallize|p2a: Kommo-o|Steel\n|move|p1a: Glimmora|Mortal Spin|p2a: Kommo-o\n|-immune|p2a: Kommo-o\n|move|p2a: Kommo-o|Clangorous Soul|p2a: Kommo-o\n|-boost|p2a: Kommo-o|atk|1\n|-boost|p2a: Kommo-o|def|1\n|-boost|p2a: Kommo-o|spa|1\n|-boost|p2a: Kommo-o|spd|1\n|-boost|p2a: Kommo-o|spe|1\n|-damage|p2a: Kommo-o|68\/100\n|-enditem|p2a: Kommo-o|Throat Spray\n|-boost|p2a: Kommo-o|spa|1|[from] item: Throat Spray\n|\n|upkeep\n|turn|2\n|\n|t:|1700308350\n|move|p2a: Kommo-o|Flash Cannon|p1a: Glimmora\n|-supereffective|p1a: Glimmora\n|-enditem|p1a: Glimmora|Focus Sash\n|-damage|p1a: Glimmora|1\/100\n|move|p1a: Glimmora|Mortal Spin|p2a: Kommo-o\n|-immune|p2a: Kommo-o\n|\n|upkeep\n|turn|3\n|\n|t:|1700308361\n|move|p2a: Kommo-o|Clangorous Soul|p2a: Kommo-o\n|-boost|p2a: Kommo-o|atk|1\n|-boost|p2a: Kommo-o|def|1\n|-boost|p2a: Kommo-o|spa|1\n|-boost|p2a: Kommo-o|spd|1\n|-boost|p2a: Kommo-o|spe|1\n|-damage|p2a: Kommo-o|35\/100\n|move|p1a: Glimmora|Stealth Rock|p2a: Kommo-o\n|-sidestart|p2: tuesparliasfr|move: Stealth Rock\n|\n|upkeep\n|turn|4\n|\n|t:|1700308384\n|move|p2a: Kommo-o|Flash Cannon|p1a: Glimmora\n|-supereffective|p1a: Glimmora\n|-damage|p1a: Glimmora|0 fnt\n|faint|p1a: Glimmora\n|\n|upkeep\n|\n|t:|1700308391\n|switch|p1a: Iron Valiant|Iron Valiant|100\/100\n|-enditem|p1a: Iron Valiant|Booster Energy\n|-activate|p1a: Iron Valiant|ability: Quark Drive|[fromitem]\n|-start|p1a: Iron Valiant|quarkdrivespe\n|turn|5\n|\n|t:|1700308397\n|move|p2a: Kommo-o|Flash Cannon|p1a: Iron Valiant\n|-supereffective|p1a: Iron Valiant\n|-damage|p1a: Iron Valiant|0 fnt\n|faint|p1a: Iron Valiant\n|-end|p1a: Iron Valiant|Quark Drive|[silent]\n|\n|upkeep\n|\n|t:|1700308402\n|switch|p1a: Enamorus|Enamorus, F|100\/100\n|turn|6\n|\n|t:|1700308429\n|move|p2a: Kommo-o|Flash Cannon|p1a: Enamorus\n|-supereffective|p1a: Enamorus\n|-damage|p1a: Enamorus|0 fnt\n|faint|p1a: Enamorus\n|\n|upkeep\n|\n|t:|1700308436\n|switch|p1a: Kingambit|Kingambit, F|100\/100\n|-activate|p1a: Kingambit|ability: Supreme Overlord\n|-start|p1a: Kingambit|fallen3|[silent]\n|turn|7\n|\n|t:|1700308446\n|move|p1a: Kingambit|Sucker Punch|p2a: Kommo-o\n|-damage|p2a: Kommo-o|10\/100\n|move|p2a: Kommo-o|Aura Sphere|p1a: Kingambit\n|-supereffective|p1a: Kingambit\n|-damage|p1a: Kingambit|0 fnt\n|faint|p1a: Kingambit\n|-end|p1a: Kingambit|fallen3|[silent]\n|\n|upkeep\n|\n|t:|1700308453\n|switch|p1a: Garchomp|Garchomp, F|100\/100\n|turn|8\n|\n|t:|1700308460\n|-terastallize|p1a: Garchomp|Ground\n|move|p2a: Kommo-o|Clanging Scales|p1a: Garchomp\n|-damage|p1a: Garchomp|0 fnt\n|faint|p1a: Garchomp\n|-unboost|p2a: Kommo-o|def|1\n|\n|upkeep\n|\n|t:|1700308467\n|switch|p1a: Greninja|Greninja, M|100\/100\n|turn|9\n|\n|t:|1700308476\n|move|p2a: Kommo-o|Aura Sphere|p1a: Greninja\n|-supereffective|p1a: Greninja\n|-damage|p1a: Greninja|0 fnt\n|faint|p1a: Greninja\n|\n|win|tuesparliasfr\n|raw|Romeh2o's rating: 1145 &rarr; <strong>1126<\/strong><br \/>(-19 for losing)\n|raw|tuesparliasfr's rating: 1224 &rarr; <strong>1243<\/strong><br \/>(+19 for winning)\n","uploadtime":1700308484,"views":15,"p1id":"romeh2o","p2id":"tuesparliasfr","formatid":"gen9ou","rating":1126,"private":0,"password":""}