{"id":"gen9ou-1990646966","p1":"Himynameistanner","p2":"LTitan9","format":"[Gen 9] OU","log":"|j|\u2606Himynameistanner\n|j|\u2606LTitan9\n|t:|1699988479\n|gametype|singles\n|player|p1|Himynameistanner|101|1269\n|player|p2|LTitan9|acetrainer|1236\n|teamsize|p1|6\n|teamsize|p2|6\n|gen|9\n|tier|[Gen 9] OU\n|rated|\n|rule|Sleep Clause Mod: Limit one foe put to sleep\n|rule|Species Clause: Limit one of each Pok\u00e9mon\n|rule|OHKO Clause: OHKO moves are banned\n|rule|Evasion Items Clause: Evasion items are banned\n|rule|Evasion Moves Clause: Evasion moves are banned\n|rule|Endless Battle Clause: Forcing endless battles is banned\n|rule|HP Percentage Mod: HP is shown in percentages\n|clearpoke\n|poke|p1|Breloom, F|\n|poke|p1|Sandy Shocks|\n|poke|p1|Articuno-Galar|\n|poke|p1|Sneasler, F|\n|poke|p1|Greninja-*, M|\n|poke|p1|Zapdos|\n|poke|p2|Rillaboom, M|\n|poke|p2|Sneasler, M|\n|poke|p2|Ogerpon-Cornerstone, F|\n|poke|p2|Meowscarada, M|\n|poke|p2|Cinderace, M|\n|poke|p2|Gholdengo|\n|teampreview\n|inactive|Battle timer is ON: inactive players will automatically lose when time's up. (requested by LTitan9)\n|\n|t:|1699988496\n|start\n|switch|p1a: Sandy Shocks|Sandy Shocks|100\/100\n|switch|p2a: Monke|Rillaboom, M|100\/100\n|-fieldstart|move: Grassy Terrain|[from] ability: Grassy Surge|[of] p2a: Monke\n|-enditem|p1a: Sandy Shocks|Booster Energy\n|-activate|p1a: Sandy Shocks|ability: Protosynthesis|[fromitem]\n|-start|p1a: Sandy Shocks|protosynthesisspe\n|turn|1\n|\n|t:|1699988517\n|-terastallize|p1a: Sandy Shocks|Ice\n|move|p2a: Monke|Grassy Glide|p1a: Sandy Shocks\n|-damage|p1a: Sandy Shocks|32\/100\n|move|p1a: Sandy Shocks|Tera Blast|p2a: Monke|[anim] Tera Blast Ice\n|-supereffective|p2a: Monke\n|-damage|p2a: Monke|0 fnt\n|faint|p2a: Monke\n|\n|-heal|p1a: Sandy Shocks|38\/100|[from] Grassy Terrain\n|upkeep\n|\n|t:|1699988530\n|switch|p2a: Sneasler|Sneasler, M|100\/100\n|-enditem|p2a: Sneasler|Grassy Seed\n|-boost|p2a: Sneasler|def|1|[from] item: Grassy Seed\n|turn|2\n|\n|t:|1699988535\n|move|p2a: Sneasler|Dire Claw|p1a: Sandy Shocks\n|-damage|p1a: Sandy Shocks|0 fnt\n|faint|p1a: Sandy Shocks\n|-end|p1a: Sandy Shocks|Protosynthesis|[silent]\n|\n|upkeep\n|\n|t:|1699988539\n|switch|p1a: Zapdos|Zapdos|100\/100\n|turn|3\n|\n|t:|1699988543\n|-terastallize|p2a: Sneasler|Ground\n|move|p2a: Sneasler|Swords Dance|p2a: Sneasler\n|-boost|p2a: Sneasler|atk|2\n|move|p1a: Zapdos|Discharge|p2a: Sneasler\n|-immune|p2a: Sneasler\n|\n|upkeep\n|turn|4\n|\n|t:|1699988548\n|move|p2a: Sneasler|Dire Claw|p1a: Zapdos\n|-damage|p1a: Zapdos|7\/100\n|-status|p2a: Sneasler|par|[from] ability: Static|[of] p1a: Zapdos\n|move|p1a: Zapdos|Heat Wave|p2a: Sneasler\n|-damage|p2a: Sneasler|51\/100 par\n|\n|-heal|p2a: Sneasler|57\/100 par|[from] Grassy Terrain\n|upkeep\n|turn|5\n|\n|t:|1699988557\n|move|p2a: Sneasler|Dire Claw|p1a: Zapdos\n|-damage|p1a: Zapdos|0 fnt\n|faint|p1a: Zapdos\n|\n|-heal|p2a: Sneasler|63\/100 par|[from] Grassy Terrain\n|-fieldend|move: Grassy Terrain\n|upkeep\n|\n|t:|1699988560\n|switch|p1a: Greninja|Greninja, M|100\/100\n|turn|6\n|\n|t:|1699988564\n|move|p1a: Greninja|Ice Beam|p2a: Sneasler\n|-supereffective|p2a: Sneasler\n|-damage|p2a: Sneasler|0 fnt\n|faint|p2a: Sneasler\n|-ability|p1a: Greninja|Battle Bond|boost\n|-boost|p1a: Greninja|atk|1\n|-boost|p1a: Greninja|spa|1\n|-boost|p1a: Greninja|spe|1\n|-activate|p1a: Greninja|ability: Battle Bond\n|\n|upkeep\n|\n|t:|1699988569\n|switch|p2a: It\u2019s Oger for you|Ogerpon-Cornerstone, F|100\/100\n|turn|7\n|\n|t:|1699988576\n|move|p1a: Greninja|Water Shuriken|p2a: It\u2019s Oger for you\n|-damage|p2a: It\u2019s Oger for you|88\/100\n|-crit|p2a: It\u2019s Oger for you\n|-damage|p2a: It\u2019s Oger for you|69\/100\n|-damage|p2a: It\u2019s Oger for you|57\/100\n|-damage|p2a: It\u2019s Oger for you|44\/100\n|-hitcount|p2a: It\u2019s Oger for you|4\n|move|p2a: It\u2019s Oger for you|Horn Leech|p1a: Greninja\n|-supereffective|p1a: Greninja\n|-damage|p1a: Greninja|0 fnt\n|-heal|p2a: It\u2019s Oger for you|92\/100|[from] drain|[of] p1a: Greninja\n|faint|p1a: Greninja\n|\n|upkeep\n|\n|t:|1699988586\n|switch|p1a: Sneasler|Sneasler, F|100\/100\n|-item|p1a: Sneasler|Air Balloon\n|turn|8\n|\n|t:|1699988589\n|switch|p2a: Gholdengo|Gholdengo|100\/100\n|move|p1a: Sneasler|Swords Dance|p1a: Sneasler\n|-boost|p1a: Sneasler|atk|2\n|\n|upkeep\n|turn|9\n|\n|t:|1699988599\n|move|p2a: Gholdengo|Make It Rain|p1a: Sneasler\n|-damage|p1a: Sneasler|12\/100\n|-unboost|p2a: Gholdengo|spa|1\n|-enditem|p1a: Sneasler|Air Balloon\n|move|p1a: Sneasler|Acrobatics|p2a: Gholdengo\n|-resisted|p2a: Gholdengo\n|-damage|p2a: Gholdengo|54\/100\n|\n|upkeep\n|turn|10\n|\n|t:|1699988609\n|move|p1a: Sneasler|Acrobatics|p2a: Gholdengo\n|-resisted|p2a: Gholdengo\n|-crit|p2a: Gholdengo\n|-damage|p2a: Gholdengo|0 fnt\n|faint|p2a: Gholdengo\n|\n|upkeep\n|\n|t:|1699988619\n|switch|p2a: Cinderacist|Cinderace, M|100\/100\n|turn|11\n|\n|t:|1699988622\n|move|p2a: Cinderacist|Sucker Punch|p1a: Sneasler\n|-start|p2a: Cinderacist|typechange|Dark|[from] ability: Libero\n|-resisted|p1a: Sneasler\n|-damage|p1a: Sneasler|0 fnt\n|faint|p1a: Sneasler\n|\n|upkeep\n|\n|t:|1699988625\n|switch|p1a: Breloom|Breloom, F|100\/100\n|turn|12\n|\n|t:|1699988630\n|move|p2a: Cinderacist|U-turn|p1a: Breloom\n|-damage|p1a: Breloom|66\/100\n|\n|t:|1699988634\n|switch|p2a: It\u2019s Oger for you|Ogerpon-Cornerstone, F|92\/100|[from] U-turn\n|move|p1a: Breloom|Bullet Seed|p2a: It\u2019s Oger for you\n|-damage|p2a: It\u2019s Oger for you|65\/100\n|-damage|p2a: It\u2019s Oger for you|41\/100\n|-hitcount|p2a: It\u2019s Oger for you|2\n|\n|upkeep\n|turn|13\n|\n|t:|1699988642\n|move|p1a: Breloom|Mach Punch|p2a: It\u2019s Oger for you\n|-supereffective|p2a: It\u2019s Oger for you\n|-damage|p2a: It\u2019s Oger for you|0 fnt\n|faint|p2a: It\u2019s Oger for you\n|\n|upkeep\n|\n|t:|1699988651\n|switch|p2a: Meowscarada|Meowscarada, M|100\/100\n|turn|14\n|\n|t:|1699988655\n|move|p1a: Breloom|Mach Punch|p2a: Meowscarada\n|-supereffective|p2a: Meowscarada\n|-damage|p2a: Meowscarada|4\/100\n|move|p2a: Meowscarada|Play Rough|p1a: Breloom|[miss]\n|-start|p2a: Meowscarada|typechange|Fairy|[from] ability: Protean\n|-miss|p2a: Meowscarada|p1a: Breloom\n|\n|upkeep\n|turn|15\n|\n|t:|1699988660\n|move|p1a: Breloom|Mach Punch|p2a: Meowscarada\n|-resisted|p2a: Meowscarada\n|-damage|p2a: Meowscarada|0 fnt\n|faint|p2a: Meowscarada\n|\n|upkeep\n|\n|t:|1699988662\n|switch|p2a: Cinderacist|Cinderace, M|100\/100\n|turn|16\n|\n|t:|1699988668\n|move|p1a: Breloom|Mach Punch|p2a: Cinderacist\n|-damage|p2a: Cinderacist|58\/100\n|move|p2a: Cinderacist|Pyro Ball|p1a: Breloom\n|-supereffective|p1a: Breloom\n|-damage|p1a: Breloom|0 fnt\n|faint|p1a: Breloom\n|\n|upkeep\n|\n|t:|1699988672\n|switch|p1a: Articuno|Articuno-Galar|100\/100\n|turn|17\n|\n|t:|1699988674\n|move|p2a: Cinderacist|Sucker Punch||[still]\n|-fail|p2a: Cinderacist\n|move|p1a: Articuno|Agility|p1a: Articuno\n|-boost|p1a: Articuno|spe|2\n|\n|upkeep\n|turn|18\n|\n|t:|1699988678\n|move|p1a: Articuno|Calm Mind|p1a: Articuno\n|-boost|p1a: Articuno|spa|1\n|-boost|p1a: Articuno|spd|1\n|move|p2a: Cinderacist|Pyro Ball|p1a: Articuno\n|-damage|p1a: Articuno|37\/100\n|\n|-heal|p1a: Articuno|43\/100|[from] item: Leftovers\n|upkeep\n|turn|19\n|\n|t:|1699988681\n|move|p2a: Cinderacist|Sucker Punch|p1a: Articuno\n|-start|p2a: Cinderacist|typechange|Dark|[from] ability: Libero\n|-supereffective|p1a: Articuno\n|-damage|p1a: Articuno|0 fnt\n|faint|p1a: Articuno\n|\n|win|LTitan9\n|raw|Himynameistanner's rating: 1269 &rarr; <strong>1242<\/strong><br \/>(-27 for losing)\n|raw|LTitan9's rating: 1236 &rarr; <strong>1263<\/strong><br \/>(+27 for winning)\n|l|\u2606Himynameistanner\n","uploadtime":1699988685,"views":7,"p1id":"himynameistanner","p2id":"ltitan9","formatid":"gen9ou","rating":1242,"private":0,"password":""}