{"id":"gen9ou-1997488338","p1":"DestruyePrimas","p2":"SKKH","format":"[Gen 9] OU","log":"|j|\u2606DestruyePrimas\n|j|\u2606SKKH\n|t:|1700814124\n|gametype|singles\n|player|p1|DestruyePrimas|266|1028\n|player|p2|SKKH|101|1083\n|teamsize|p1|6\n|teamsize|p2|6\n|gen|9\n|tier|[Gen 9] OU\n|rated|\n|rule|Sleep Clause Mod: Limit one foe put to sleep\n|rule|Species Clause: Limit one of each Pok\u00e9mon\n|rule|OHKO Clause: OHKO moves are banned\n|rule|Evasion Items Clause: Evasion items are banned\n|rule|Evasion Moves Clause: Evasion moves are banned\n|rule|Endless Battle Clause: Forcing endless battles is banned\n|rule|HP Percentage Mod: HP is shown in percentages\n|clearpoke\n|poke|p1|Alomomola, M|\n|poke|p1|Slowking-Galar, F|\n|poke|p1|Kingambit, F|\n|poke|p1|Great Tusk|\n|poke|p1|Cinderace, F|\n|poke|p1|Thundurus-Therian, M|\n|poke|p2|Dragonite, M|\n|poke|p2|Rotom-Wash|\n|poke|p2|Mimikyu, M|\n|poke|p2|Gholdengo|\n|poke|p2|Corviknight, M|\n|poke|p2|Glimmora, M|\n|teampreview\n|\n|t:|1700814142\n|start\n|switch|p1a: Alomomola|Alomomola, M, shiny|100\/100\n|switch|p2a: Glimmora|Glimmora, M|100\/100\n|turn|1\n|\n|t:|1700814162\n|move|p2a: Glimmora|Stealth Rock|p1a: Alomomola\n|-sidestart|p1: DestruyePrimas|move: Stealth Rock\n|move|p1a: Alomomola|Scald|p2a: Glimmora\n|-supereffective|p2a: Glimmora\n|-damage|p2a: Glimmora|70\/100\n|-status|p2a: Glimmora|brn\n|\n|-damage|p2a: Glimmora|63\/100 brn|[from] brn\n|upkeep\n|turn|2\n|\n|t:|1700814173\n|move|p2a: Glimmora|Spikes|p1a: Alomomola\n|-sidestart|p1: DestruyePrimas|Spikes\n|move|p1a: Alomomola|Flip Turn|p2a: Glimmora\n|-supereffective|p2a: Glimmora\n|-damage|p2a: Glimmora|30\/100 brn\n|-activate|p2a: Glimmora|ability: Toxic Debris\n|-sidestart|p1: DestruyePrimas|move: Toxic Spikes\n|\n|t:|1700814185\n|switch|p1a: Great Tusk|Great Tusk, shiny|100\/100|[from] Flip Turn\n|-damage|p1a: Great Tusk|98\/100|[from] Stealth Rock\n|-damage|p1a: Great Tusk|85\/100|[from] Spikes\n|-status|p1a: Great Tusk|psn\n|\n|-damage|p1a: Great Tusk|73\/100 psn|[from] psn\n|-damage|p2a: Glimmora|24\/100 brn|[from] brn\n|upkeep\n|turn|3\n|inactive|Battle timer is ON: inactive players will automatically lose when time's up. (requested by SKKH)\n|\n|t:|1700814204\n|move|p1a: Great Tusk|Rapid Spin|p2a: Glimmora\n|-resisted|p2a: Glimmora\n|-damage|p2a: Glimmora|18\/100 brn\n|-boost|p1a: Great Tusk|spe|1\n|-activate|p2a: Glimmora|ability: Toxic Debris\n|-sidestart|p1: DestruyePrimas|move: Toxic Spikes\n|-sideend|p1: DestruyePrimas|Spikes|[from] move: Rapid Spin|[of] p1a: Great Tusk\n|-sideend|p1: DestruyePrimas|Toxic Spikes|[from] move: Rapid Spin|[of] p1a: Great Tusk\n|-sideend|p1: DestruyePrimas|Stealth Rock|[from] move: Rapid Spin|[of] p1a: Great Tusk\n|move|p2a: Glimmora|Spikes|p1a: Great Tusk\n|-sidestart|p1: DestruyePrimas|Spikes\n|\n|-damage|p1a: Great Tusk|60\/100 psn|[from] psn\n|-damage|p2a: Glimmora|11\/100 brn|[from] brn\n|upkeep\n|turn|4\n|\n|t:|1700814224\n|move|p1a: Great Tusk|Rapid Spin|p2a: Glimmora\n|-resisted|p2a: Glimmora\n|-damage|p2a: Glimmora|3\/100 brn\n|-boost|p1a: Great Tusk|spe|1\n|-activate|p2a: Glimmora|ability: Toxic Debris\n|-sidestart|p1: DestruyePrimas|move: Toxic Spikes\n|-sideend|p1: DestruyePrimas|Spikes|[from] move: Rapid Spin|[of] p1a: Great Tusk\n|-sideend|p1: DestruyePrimas|Toxic Spikes|[from] move: Rapid Spin|[of] p1a: Great Tusk\n|move|p2a: Glimmora|Stealth Rock|p1a: Great Tusk\n|-sidestart|p1: DestruyePrimas|move: Stealth Rock\n|\n|-damage|p1a: Great Tusk|48\/100 psn|[from] psn\n|-damage|p2a: Glimmora|0 fnt|[from] brn\n|faint|p2a: Glimmora\n|upkeep\n|inactive|SKKH has 120 seconds left.\n|\n|t:|1700814254\n|switch|p2a: Corviknight|Corviknight, M, shiny|100\/100\n|-ability|p2a: Corviknight|Pressure\n|turn|5\n|\n|t:|1700814260\n|-end|p1a: Great Tusk|Protosynthesis|[silent]\n|switch|p1a: Thundurus|Thundurus-Therian, M|100\/100\n|-damage|p1a: Thundurus|76\/100|[from] Stealth Rock\n|move|p2a: Corviknight|Iron Defense|p2a: Corviknight\n|-boost|p2a: Corviknight|def|2\n|\n|upkeep\n|turn|6\n|\n|t:|1700814269\n|move|p1a: Thundurus|Volt Switch|p2a: Corviknight\n|-supereffective|p2a: Corviknight\n|-damage|p2a: Corviknight|4\/100\n|\n|t:|1700814274\n|switch|p1a: Great Tusk|Great Tusk, shiny|48\/100 psn|[from] Volt Switch\n|-damage|p1a: Great Tusk|45\/100 psn|[from] Stealth Rock\n|move|p2a: Corviknight|Body Press|p1a: Great Tusk\n|-damage|p1a: Great Tusk|21\/100 psn\n|-damage|p2a: Corviknight|0 fnt|[from] item: Rocky Helmet|[of] p1a: Great Tusk\n|faint|p2a: Corviknight\n|\n|-damage|p1a: Great Tusk|9\/100 psn|[from] psn\n|upkeep\n|\n|t:|1700814288\n|switch|p2a: Rotom|Rotom-Wash, shiny|100\/100\n|turn|7\n|\n|t:|1700814294\n|move|p1a: Great Tusk|Rapid Spin|p2a: Rotom\n|-damage|p2a: Rotom|82\/100\n|-boost|p1a: Great Tusk|spe|1\n|-sideend|p1: DestruyePrimas|Stealth Rock|[from] move: Rapid Spin|[of] p1a: Great Tusk\n|move|p2a: Rotom|Will-O-Wisp||[still]\n|-fail|p2a: Rotom\n|\n|-damage|p1a: Great Tusk|0 fnt|[from] psn\n|faint|p1a: Great Tusk\n|-end|p1a: Great Tusk|Protosynthesis|[silent]\n|upkeep\n|\n|t:|1700814307\n|switch|p1a: Cinderace|Cinderace, F, shiny|100\/100\n|turn|8\n|\n|t:|1700814316\n|move|p1a: Cinderace|U-turn|p2a: Rotom\n|-start|p1a: Cinderace|typechange|Bug|[from] ability: Libero\n|-damage|p2a: Rotom|37\/100\n|\n|t:|1700814325\n|switch|p1a: Thundurus|Thundurus-Therian, M|76\/100|[from] U-turn\n|move|p2a: Rotom|Hydro Pump|p1a: Thundurus|[miss]\n|-miss|p2a: Rotom|p1a: Thundurus\n|\n|upkeep\n|turn|9\n|\n|t:|1700814341\n|move|p1a: Thundurus|Grass Knot|p2a: Rotom\n|-supereffective|p2a: Rotom\n|-crit|p2a: Rotom\n|-damage|p2a: Rotom|0 fnt\n|faint|p2a: Rotom\n|\n|upkeep\n|\n|t:|1700814347\n|switch|p2a: Gholdengo|Gholdengo|100\/100\n|turn|10\n|\n|t:|1700814355\n|switch|p1a: Kingambit|Kingambit, F, shiny|100\/100\n|-activate|p1a: Kingambit|ability: Supreme Overlord\n|-start|p1a: Kingambit|fallen1|[silent]\n|move|p2a: Gholdengo|Nasty Plot|p2a: Gholdengo\n|-boost|p2a: Gholdengo|spa|2\n|\n|upkeep\n|turn|11\n|\n|t:|1700814364\n|move|p2a: Gholdengo|Dazzling Gleam|p1a: Kingambit\n|-damage|p1a: Kingambit|35\/100\n|move|p1a: Kingambit|Kowtow Cleave|p2a: Gholdengo\n|-supereffective|p2a: Gholdengo\n|-damage|p2a: Gholdengo|0 fnt\n|faint|p2a: Gholdengo\n|\n|-heal|p1a: Kingambit|41\/100|[from] item: Leftovers\n|upkeep\n|\n|t:|1700814375\n|switch|p2a: Mimikyu|Mimikyu, M, shiny|100\/100\n|turn|12\n|\n|t:|1700814381\n|move|p2a: Mimikyu|Shadow Sneak|p1a: Kingambit\n|-resisted|p1a: Kingambit\n|-damage|p1a: Kingambit|35\/100\n|move|p1a: Kingambit|Kowtow Cleave|p2a: Mimikyu\n|-activate|p2a: Mimikyu|ability: Disguise\n|-damage|p2a: Mimikyu|100\/100\n|detailschange|p2a: Mimikyu|Mimikyu-Busted, M, shiny\n|-damage|p2a: Mimikyu|88\/100|[from] pokemon: Mimikyu-Busted\n|\n|-heal|p1a: Kingambit|41\/100|[from] item: Leftovers\n|upkeep\n|turn|13\n|\n|t:|1700814394\n|move|p1a: Kingambit|Sucker Punch|p2a: Mimikyu\n|-crit|p2a: Mimikyu\n|-damage|p2a: Mimikyu|0 fnt\n|faint|p2a: Mimikyu\n|\n|-heal|p1a: Kingambit|47\/100|[from] item: Leftovers\n|upkeep\n|\n|t:|1700814401\n|switch|p2a: Dragonite|Dragonite, M|100\/100\n|turn|14\n|\n|t:|1700814408\n|move|p2a: Dragonite|Dragon Dance|p2a: Dragonite\n|-boost|p2a: Dragonite|atk|1\n|-boost|p2a: Dragonite|spe|1\n|move|p1a: Kingambit|Swords Dance|p1a: Kingambit\n|-boost|p1a: Kingambit|atk|2\n|\n|-heal|p1a: Kingambit|53\/100|[from] item: Leftovers\n|upkeep\n|turn|15\n|\n|t:|1700814427\n|move|p1a: Kingambit|Sucker Punch||[still]\n|-fail|p1a: Kingambit\n|move|p2a: Dragonite|Dragon Dance|p2a: Dragonite\n|-boost|p2a: Dragonite|atk|1\n|-boost|p2a: Dragonite|spe|1\n|\n|-heal|p1a: Kingambit|59\/100|[from] item: Leftovers\n|upkeep\n|turn|16\n|\n|t:|1700814436\n|move|p1a: Kingambit|Sucker Punch||[still]\n|-fail|p1a: Kingambit\n|move|p2a: Dragonite|Dragon Dance|p2a: Dragonite\n|-boost|p2a: Dragonite|atk|1\n|-boost|p2a: Dragonite|spe|1\n|\n|-heal|p1a: Kingambit|65\/100|[from] item: Leftovers\n|upkeep\n|turn|17\n|\n|t:|1700814446\n|move|p2a: Dragonite|Dragon Dance|p2a: Dragonite\n|-boost|p2a: Dragonite|atk|1\n|-boost|p2a: Dragonite|spe|1\n|move|p1a: Kingambit|Kowtow Cleave|p2a: Dragonite\n|-damage|p2a: Dragonite|35\/100\n|\n|-heal|p1a: Kingambit|71\/100|[from] item: Leftovers\n|upkeep\n|turn|18\n|\n|t:|1700814455\n|move|p1a: Kingambit|Sucker Punch||[still]\n|-fail|p1a: Kingambit\n|move|p2a: Dragonite|Dragon Dance|p2a: Dragonite\n|-boost|p2a: Dragonite|atk|1\n|-boost|p2a: Dragonite|spe|1\n|\n|-heal|p1a: Kingambit|78\/100|[from] item: Leftovers\n|upkeep\n|turn|19\n|\n|t:|1700814464\n|-terastallize|p2a: Dragonite|Normal\n|move|p2a: Dragonite|Extreme Speed|p1a: Kingambit\n|-resisted|p1a: Kingambit\n|-damage|p1a: Kingambit|8\/100\n|move|p1a: Kingambit|Sucker Punch||[still]\n|-fail|p1a: Kingambit\n|\n|-heal|p1a: Kingambit|14\/100|[from] item: Leftovers\n|upkeep\n|turn|20\n|\n|t:|1700814475\n|move|p2a: Dragonite|Extreme Speed|p1a: Kingambit\n|-resisted|p1a: Kingambit\n|-damage|p1a: Kingambit|0 fnt\n|faint|p1a: Kingambit\n|-end|p1a: Kingambit|fallen1|[silent]\n|\n|upkeep\n|\n|t:|1700814490\n|switch|p1a: Cinderace|Cinderace, F, shiny|100\/100\n|turn|21\n|\n|t:|1700814501\n|move|p2a: Dragonite|Extreme Speed|p1a: Cinderace\n|-damage|p1a: Cinderace|0 fnt\n|faint|p1a: Cinderace\n|\n|upkeep\n|\n|t:|1700814507\n|switch|p1a: Alomomola|Alomomola, M, shiny|100\/100\n|turn|22\n|\n|t:|1700814516\n|move|p2a: Dragonite|Extreme Speed|p1a: Alomomola\n|-damage|p1a: Alomomola|0 fnt\n|faint|p1a: Alomomola\n|\n|upkeep\n|\n|t:|1700814523\n|switch|p1a: Slowking|Slowking-Galar, F|100\/100\n|turn|23\n|\n|t:|1700814530\n|move|p2a: Dragonite|Extreme Speed|p1a: Slowking\n|-damage|p1a: Slowking|0 fnt\n|faint|p1a: Slowking\n|\n|upkeep\n|\n|t:|1700814536\n|switch|p1a: Thundurus|Thundurus-Therian, M|76\/100\n|turn|24\n|\n|t:|1700814544\n|move|p2a: Dragonite|Extreme Speed|p1a: Thundurus\n|-damage|p1a: Thundurus|0 fnt\n|faint|p1a: Thundurus\n|\n|win|SKKH\n|raw|DestruyePrimas's rating: 1028 &rarr; <strong>1016<\/strong><br \/>(-12 for losing)\n|raw|SKKH's rating: 1083 &rarr; <strong>1106<\/strong><br \/>(+23 for winning)\n|l|\u2606DestruyePrimas\n","uploadtime":1700814556,"views":6,"p1id":"destruyeprimas","p2id":"skkh","formatid":"gen9ou","rating":1016,"private":0,"password":""}