{"id":"gen9ou-1989687462","p1":"RSstar","p2":"devious fearvg","format":"[Gen 9] OU","log":"|j|\u2606RSstar\n|j|\u2606devious fearvg\n|t:|1699886915\n|gametype|singles\n|player|p1|RSstar|drayden|\n|player|p2|devious fearvg|alec-anime|\n|teamsize|p1|6\n|teamsize|p2|6\n|gen|9\n|tier|[Gen 9] OU\n|rule|Sleep Clause Mod: Limit one foe put to sleep\n|rule|Species Clause: Limit one of each Pok\u00e9mon\n|rule|OHKO Clause: OHKO moves are banned\n|rule|Evasion Items Clause: Evasion items are banned\n|rule|Evasion Moves Clause: Evasion moves are banned\n|rule|Endless Battle Clause: Forcing endless battles is banned\n|rule|HP Percentage Mod: HP is shown in percentages\n|clearpoke\n|poke|p1|Skeledirge, M|\n|poke|p1|Lokix, F|\n|poke|p1|Corviknight, M|\n|poke|p1|Walking Wake|\n|poke|p1|Sableye, F|\n|poke|p1|Ogerpon-Cornerstone, F|\n|poke|p2|Samurott-Hisui, M|\n|poke|p2|Thundurus-Therian, M|\n|poke|p2|Gholdengo|\n|poke|p2|Ogerpon-Cornerstone, F|\n|poke|p2|Slowking-Galar, M|\n|poke|p2|Mandibuzz, F|\n|teampreview\n|c|\u2606devious fearvg|sorry had bathroom break\n|c|\u2606devious fearvg|anyways\n|c|\u2606RSstar|Lmao\n|\n|t:|1699886936\n|start\n|switch|p1a: Walking Wake|Walking Wake|100\/100\n|switch|p2a: Samurott|Samurott-Hisui, M|100\/100\n|turn|1\n|\n|t:|1699886957\n|move|p2a: Samurott|Flip Turn|p1a: Walking Wake\n|-resisted|p1a: Walking Wake\n|-damage|p1a: Walking Wake|93\/100\n|\n|t:|1699886972\n|switch|p2a: Mandibuzz|Mandibuzz, F|100\/100|[from] Flip Turn\n|move|p1a: Walking Wake|Draco Meteor|p2a: Mandibuzz|[miss]\n|-miss|p1a: Walking Wake|p2a: Mandibuzz\n|\n|upkeep\n|turn|2\n|\n|t:|1699886994\n|switch|p2a: Slowking|Slowking-Galar, M|100\/100\n|move|p1a: Walking Wake|Draco Meteor|p2a: Slowking\n|-damage|p2a: Slowking|47\/100\n|-unboost|p1a: Walking Wake|spa|2\n|\n|upkeep\n|turn|3\n|\n|t:|1699887017\n|-end|p1a: Walking Wake|Protosynthesis|[silent]\n|switch|p1a: Ogerpon|Ogerpon-Cornerstone, F|100\/100\n|move|p2a: Slowking|Future Sight|p1a: Ogerpon\n|-start|p2a: Slowking|move: Future Sight\n|\n|upkeep\n|turn|4\n|\n|t:|1699887030\n|switch|p2a: Gholdengo|Gholdengo|100\/100\n|-item|p2a: Gholdengo|Air Balloon\n|move|p1a: Ogerpon|Swords Dance|p1a: Ogerpon\n|-boost|p1a: Ogerpon|atk|2\n|\n|upkeep\n|turn|5\n|\n|t:|1699887055\n|move|p1a: Ogerpon|Ivy Cudgel|p2a: Gholdengo\n|-resisted|p2a: Gholdengo\n|-damage|p2a: Gholdengo|60\/100\n|-enditem|p2a: Gholdengo|Air Balloon\n|move|p2a: Gholdengo|Make It Rain|p1a: Ogerpon\n|-supereffective|p1a: Ogerpon\n|-crit|p1a: Ogerpon\n|-ability|p1a: Ogerpon|Sturdy\n|-damage|p1a: Ogerpon|1\/100\n|-unboost|p2a: Gholdengo|spa|1\n|\n|-end|p1a: Ogerpon|move: Future Sight\n|-damage|p1a: Ogerpon|0 fnt\n|faint|p1a: Ogerpon\n|upkeep\n|\n|t:|1699887075\n|switch|p1a: Walking Wake|Walking Wake|93\/100\n|turn|6\n|c|\u2606devious fearvg|yeah ghold is a good counter to oger rock\n|\n|t:|1699887081\n|switch|p2a: Slowking|Slowking-Galar, M|80\/100\n|move|p1a: Walking Wake|Hydro Pump|p2a: Slowking\n|-damage|p2a: Slowking|35\/100\n|\n|upkeep\n|turn|7\n|\n|t:|1699887089\n|switch|p2a: Samurott|Samurott-Hisui, M|100\/100\n|move|p1a: Walking Wake|Hydro Pump|p2a: Samurott|[miss]\n|-miss|p1a: Walking Wake|p2a: Samurott\n|\n|upkeep\n|turn|8\n|\n|t:|1699887100\n|-end|p1a: Walking Wake|Protosynthesis|[silent]\n|switch|p1a: Corviknight|Corviknight, M|100\/100\n|move|p2a: Samurott|Ceaseless Edge|p1a: Corviknight\n|-damage|p1a: Corviknight|69\/100\n|-damage|p2a: Samurott|84\/100|[from] item: Rocky Helmet|[of] p1a: Corviknight\n|-sidestart|p1: RSstar|Spikes\n|\n|upkeep\n|turn|9\n|\n|t:|1699887108\n|switch|p2a: Gholdengo|Gholdengo|60\/100\n|move|p1a: Corviknight|Iron Defense|p1a: Corviknight\n|-boost|p1a: Corviknight|def|2\n|\n|upkeep\n|turn|10\n|c|\u2606RSstar|Bro im lagging so hard\n|c|\u2606devious fearvg|can relate\n|c|\u2606RSstar|So now I'm in danger of lagging into doing things i don't want...\n|\n|t:|1699887176\n|switch|p1a: Lokix|Lokix, F|100\/100\n|-damage|p1a: Lokix|88\/100|[from] Spikes\n|move|p2a: Gholdengo|Shadow Ball|p1a: Lokix\n|-resisted|p1a: Lokix\n|-damage|p1a: Lokix|50\/100\n|\n|upkeep\n|turn|11\n|\n|t:|1699887193\n|switch|p2a: Mandibuzz|Mandibuzz, F|100\/100\n|move|p1a: Lokix|Knock Off|p2a: Mandibuzz\n|-resisted|p2a: Mandibuzz\n|-damage|p2a: Mandibuzz|54\/100\n|-enditem|p2a: Mandibuzz|Heavy-Duty Boots|[from] move: Knock Off|[of] p1a: Lokix\n|-damage|p1a: Lokix|40\/100|[from] item: Life Orb\n|\n|upkeep\n|turn|12\n|\n|t:|1699887210\n|switch|p1a: Walking Wake|Walking Wake|93\/100\n|-damage|p1a: Walking Wake|81\/100|[from] Spikes\n|move|p2a: Mandibuzz|Roost|p2a: Mandibuzz\n|-heal|p2a: Mandibuzz|100\/100\n|-singleturn|p2a: Mandibuzz|move: Roost\n|\n|upkeep\n|turn|13\n|\n|t:|1699887221\n|move|p1a: Walking Wake|Hydro Pump|p2a: Mandibuzz\n|-damage|p2a: Mandibuzz|40\/100\n|move|p2a: Mandibuzz|U-turn|p1a: Walking Wake\n|-crit|p1a: Walking Wake\n|-damage|p1a: Walking Wake|64\/100\n|\n|t:|1699887238\n|switch|p2a: Samurott|Samurott-Hisui, M|84\/100|[from] U-turn\n|\n|upkeep\n|turn|14\n|\n|t:|1699887247\n|move|p2a: Samurott|Ceaseless Edge|p1a: Walking Wake\n|-damage|p1a: Walking Wake|14\/100\n|-sidestart|p1: RSstar|Spikes\n|move|p1a: Walking Wake|Hydro Pump|p2a: Samurott\n|-resisted|p2a: Samurott\n|-damage|p2a: Samurott|24\/100\n|\n|upkeep\n|turn|15\n|\n|t:|1699887255\n|-end|p1a: Walking Wake|Protosynthesis|[silent]\n|switch|p1a: Corviknight|Corviknight, M|69\/100\n|move|p2a: Samurott|Ceaseless Edge|p1a: Corviknight\n|-damage|p1a: Corviknight|34\/100\n|-damage|p2a: Samurott|7\/100|[from] item: Rocky Helmet|[of] p1a: Corviknight\n|-sidestart|p1: RSstar|Spikes\n|\n|upkeep\n|turn|16\n|\n|t:|1699887272\n|switch|p2a: Gholdengo|Gholdengo|60\/100\n|move|p1a: Corviknight|Defog|p2a: Gholdengo\n|-immune|p2a: Gholdengo|[from] ability: Good as Gold\n|\n|upkeep\n|turn|17\n|\n|t:|1699887282\n|move|p2a: Gholdengo|Shadow Ball|p1a: Corviknight\n|-damage|p1a: Corviknight|9\/100\n|move|p1a: Corviknight|Roost|p1a: Corviknight\n|-heal|p1a: Corviknight|59\/100\n|-singleturn|p1a: Corviknight|move: Roost\n|\n|upkeep\n|turn|18\n|\n|t:|1699887305\n|switch|p1a: Sableye|Sableye, F|100\/100\n|move|p2a: Gholdengo|Shadow Ball|p1a: Sableye\n|-damage|p1a: Sableye|50\/100\n|\n|upkeep\n|turn|19\n|\n|t:|1699887322\n|move|p1a: Sableye|Encore|p2a: Gholdengo\n|-immune|p2a: Gholdengo|[from] ability: Good as Gold\n|move|p2a: Gholdengo|Nasty Plot|p2a: Gholdengo\n|-boost|p2a: Gholdengo|spa|2\n|\n|upkeep\n|turn|20\n|c|\u2606RSstar|Bruh i forgor\n|c|\u2606devious fearvg|he forgor\n|c|\u2606RSstar|I didn't know the ability had so much range wtf\n|\n|t:|1699887346\n|move|p1a: Sableye|Shadow Sneak|p2a: Gholdengo\n|-supereffective|p2a: Gholdengo\n|-damage|p2a: Gholdengo|42\/100\n|move|p2a: Gholdengo|Shadow Ball|p1a: Sableye\n|-damage|p1a: Sableye|0 fnt\n|faint|p1a: Sableye\n|\n|upkeep\n|\n|t:|1699887355\n|switch|p1a: Lokix|Lokix, F|40\/100\n|-damage|p1a: Lokix|16\/100|[from] Spikes\n|turn|21\n|\n|t:|1699887373\n|-terastallize|p2a: Gholdengo|Fighting\n|move|p1a: Lokix|Knock Off|p2a: Gholdengo\n|-resisted|p2a: Gholdengo\n|-damage|p2a: Gholdengo|14\/100\n|-damage|p1a: Lokix|6\/100|[from] item: Life Orb\n|move|p2a: Gholdengo|Recover|p2a: Gholdengo\n|-heal|p2a: Gholdengo|65\/100\n|\n|upkeep\n|turn|22\n|\n|t:|1699887384\n|move|p1a: Lokix|Sucker Punch||[still]\n|-fail|p1a: Lokix\n|move|p2a: Gholdengo|Recover|p2a: Gholdengo\n|-heal|p2a: Gholdengo|100\/100\n|\n|upkeep\n|turn|23\n|\n|t:|1699887406\n|move|p1a: Lokix|Axe Kick|p2a: Gholdengo\n|-damage|p2a: Gholdengo|65\/100\n|-damage|p1a: Lokix|0 fnt|[from] item: Life Orb\n|faint|p1a: Lokix\n|move|p2a: Gholdengo|Shadow Ball|p1: Lokix|[notarget]\n|-fail|p2a: Gholdengo\n|\n|upkeep\n|\n|t:|1699887418\n|switch|p1a: Skeledirge|Skeledirge, M|100\/100\n|-damage|p1a: Skeledirge|75\/100|[from] Spikes\n|turn|24\n|\n|t:|1699887429\n|-terastallize|p1a: Skeledirge|Normal\n|move|p2a: Gholdengo|Shadow Ball|p1a: Skeledirge\n|-immune|p1a: Skeledirge\n|move|p1a: Skeledirge|Torch Song|p2a: Gholdengo\n|-damage|p2a: Gholdengo|30\/100\n|-boost|p1a: Skeledirge|spa|1\n|\n|-heal|p1a: Skeledirge|82\/100|[from] item: Leftovers\n|upkeep\n|turn|25\n|\n|t:|1699887466\n|move|p2a: Gholdengo|Make It Rain|p1a: Skeledirge\n|-damage|p1a: Skeledirge|37\/100\n|-unboost|p2a: Gholdengo|spa|1\n|move|p1a: Skeledirge|Torch Song|p2a: Gholdengo\n|-damage|p2a: Gholdengo|0 fnt\n|-boost|p1a: Skeledirge|spa|1\n|faint|p2a: Gholdengo\n|\n|-heal|p1a: Skeledirge|43\/100|[from] item: Leftovers\n|upkeep\n|\n|t:|1699887474\n|switch|p2a: Samurott|Samurott-Hisui, M|7\/100\n|turn|26\n|\n|t:|1699887489\n|switch|p1a: Corviknight|Corviknight, M|59\/100\n|move|p2a: Samurott|Sacred Sword|p1a: Corviknight\n|-damage|p1a: Corviknight|29\/100\n|-damage|p2a: Samurott|0 fnt|[from] item: Rocky Helmet|[of] p1a: Corviknight\n|faint|p2a: Samurott\n|\n|upkeep\n|\n|t:|1699887501\n|switch|p2a: Thundurus|Thundurus-Therian, M|100\/100\n|turn|27\n|c|\u2606RSstar|Gg\n|\n|t:|1699887511\n|move|p2a: Thundurus|Volt Switch|p1a: Corviknight\n|-supereffective|p1a: Corviknight\n|-damage|p1a: Corviknight|0 fnt\n|faint|p1a: Corviknight\n|c|\u2606devious fearvg|ggs\n|\n|t:|1699887519\n|switch|p2a: Ogerpon|Ogerpon-Cornerstone, F|100\/100|[from] Volt Switch\n|\n|upkeep\n|\n|t:|1699887524\n|switch|p1a: Walking Wake|Walking Wake|14\/100\n|-damage|p1a: Walking Wake|0 fnt|[from] Spikes\n|faint|p1a: Walking Wake\n|-end|p1a: Walking Wake|Protosynthesis|[silent]\n|\n|t:|1699887528\n|switch|p1a: Skeledirge|Skeledirge, M, tera:Normal|43\/100\n|-damage|p1a: Skeledirge|18\/100|[from] Spikes\n|turn|28\n|\n|t:|1699887534\n|move|p2a: Ogerpon|Ivy Cudgel|p1a: Skeledirge\n|-damage|p1a: Skeledirge|0 fnt\n|faint|p1a: Skeledirge\n|\n|win|devious fearvg\n|c|\u2606RSstar|Gg\n|c|\u2606devious fearvg|wp\n","uploadtime":1699887547,"views":6,"p1id":"rsstar","p2id":"deviousfearvg","formatid":"gen9ou","rating":0,"private":0,"password":""}