{"id":"gen9ou-1989548560","p1":"grhtetg","p2":"WAGAMAMAH","format":"[Gen 9] OU","log":"|j|\u2606grhtetg\n|j|\u2606WAGAMAMAH\n|t:|1699869495\n|gametype|singles\n|player|p1|grhtetg|170|1027\n|player|p2|WAGAMAMAH|steven|1023\n|teamsize|p1|6\n|teamsize|p2|6\n|gen|9\n|tier|[Gen 9] OU\n|rated|\n|rule|Sleep Clause Mod: Limit one foe put to sleep\n|rule|Species Clause: Limit one of each Pok\u00e9mon\n|rule|OHKO Clause: OHKO moves are banned\n|rule|Evasion Items Clause: Evasion items are banned\n|rule|Evasion Moves Clause: Evasion moves are banned\n|rule|Endless Battle Clause: Forcing endless battles is banned\n|rule|HP Percentage Mod: HP is shown in percentages\n|clearpoke\n|poke|p1|Ogerpon-Wellspring, F|\n|poke|p1|Landorus-Therian, M|\n|poke|p1|Mamoswine, M|\n|poke|p1|Alomomola, M|\n|poke|p1|Heatran, F|\n|poke|p1|Garchomp, F|\n|poke|p2|Ting-Lu|\n|poke|p2|Sneasler, M|\n|poke|p2|Ogerpon-Wellspring, F|\n|poke|p2|Salamence, M|\n|poke|p2|Kingambit, M|\n|poke|p2|Samurott-Hisui, M|\n|teampreview\n|inactive|Battle timer is ON: inactive players will automatically lose when time's up. (requested by WAGAMAMAH)\n|\n|t:|1699869514\n|start\n|switch|p1a: Heatran|Heatran, F|100\/100\n|switch|p2a: Edgelord|Samurott-Hisui, M, shiny|100\/100\n|turn|1\n|\n|t:|1699869534\n|switch|p1a: Alomomola|Alomomola, M|100\/100\n|move|p2a: Edgelord|Ceaseless Edge|p1a: Alomomola|[miss]\n|-miss|p2a: Edgelord|p1a: Alomomola\n|\n|upkeep\n|turn|2\n|\n|t:|1699869546\n|move|p2a: Edgelord|Ceaseless Edge|p1a: Alomomola\n|-damage|p1a: Alomomola|71\/100\n|-sidestart|p1: grhtetg|Spikes\n|-damage|p2a: Edgelord|91\/100|[from] item: Life Orb\n|move|p1a: Alomomola|Hydro Pump|p2a: Edgelord|[miss]\n|-miss|p1a: Alomomola|p2a: Edgelord\n|\n|-heal|p1a: Alomomola|77\/100|[from] item: Leftovers\n|upkeep\n|turn|3\n|\n|t:|1699869564\n|switch|p1a: Garchomp|Garchomp, F|100\/100\n|-damage|p1a: Garchomp|88\/100|[from] Spikes\n|move|p2a: Edgelord|Ceaseless Edge|p1a: Garchomp\n|-damage|p1a: Garchomp|41\/100\n|-damage|p2a: Edgelord|78\/100|[from] ability: Rough Skin|[of] p1a: Garchomp\n|-damage|p2a: Edgelord|62\/100|[from] item: Rocky Helmet|[of] p1a: Garchomp\n|-sidestart|p1: grhtetg|Spikes\n|-damage|p2a: Edgelord|52\/100|[from] item: Life Orb\n|\n|upkeep\n|turn|4\n|inactive|grhtetg has 120 seconds left.\n|\n|t:|1699869587\n|move|p2a: Edgelord|Aqua Jet|p1a: Garchomp\n|-damage|p1a: Garchomp|22\/100\n|-damage|p2a: Edgelord|39\/100|[from] ability: Rough Skin|[of] p1a: Garchomp\n|-damage|p2a: Edgelord|23\/100|[from] item: Rocky Helmet|[of] p1a: Garchomp\n|-damage|p2a: Edgelord|13\/100|[from] item: Life Orb\n|move|p1a: Garchomp|Rest|p1a: Garchomp\n|-status|p1a: Garchomp|slp|[from] move: Rest\n|-heal|p1a: Garchomp|100\/100 slp|[silent]\n|\n|upkeep\n|turn|5\n|inactive|grhtetg has 120 seconds left.\n|inactive|WAGAMAMAH has 120 seconds left.\n|\n|t:|1699869611\n|switch|p2a: Blitzkrieg|Salamence, M|100\/100\n|cant|p1a: Garchomp|slp\n|move|p1a: Garchomp|Sleep Talk|p1a: Garchomp\n|move|p1a: Garchomp|Swords Dance|p1a: Garchomp|[from]move: Sleep Talk\n|-boost|p1a: Garchomp|atk|2\n|\n|upkeep\n|turn|6\n|inactive|grhtetg has 120 seconds left.\n|inactive|WAGAMAMAH has 120 seconds left.\n|\n|t:|1699869625\n|cant|p1a: Garchomp|slp\n|move|p1a: Garchomp|Sleep Talk|p1a: Garchomp\n|move|p1a: Garchomp|Swords Dance|p1a: Garchomp|[from]move: Sleep Talk\n|-boost|p1a: Garchomp|atk|2\n|move|p2a: Blitzkrieg|Dragon Dance|p2a: Blitzkrieg\n|-boost|p2a: Blitzkrieg|atk|1\n|-boost|p2a: Blitzkrieg|spe|1\n|\n|upkeep\n|turn|7\n|inactive|grhtetg has 120 seconds left.\n|inactive|WAGAMAMAH has 120 seconds left.\n|\n|t:|1699869640\n|move|p2a: Blitzkrieg|Dragon Dance|p2a: Blitzkrieg\n|-boost|p2a: Blitzkrieg|atk|1\n|-boost|p2a: Blitzkrieg|spe|1\n|-curestatus|p1a: Garchomp|slp|[msg]\n|move|p1a: Garchomp|Sleep Talk||[still]\n|-fail|p1a: Garchomp\n|\n|upkeep\n|turn|8\n|inactive|WAGAMAMAH has 120 seconds left.\n|\n|t:|1699869654\n|move|p2a: Blitzkrieg|Iron Head|p1a: Garchomp\n|-damage|p1a: Garchomp|44\/100\n|-damage|p2a: Blitzkrieg|88\/100|[from] ability: Rough Skin|[of] p1a: Garchomp\n|-damage|p2a: Blitzkrieg|71\/100|[from] item: Rocky Helmet|[of] p1a: Garchomp\n|move|p1a: Garchomp|Scale Shot|p2a: Blitzkrieg\n|-supereffective|p2a: Blitzkrieg\n|-damage|p2a: Blitzkrieg|3\/100\n|-supereffective|p2a: Blitzkrieg\n|-damage|p2a: Blitzkrieg|0 fnt\n|faint|p2a: Blitzkrieg\n|-hitcount|p2: Blitzkrieg|2\n|-unboost|p1a: Garchomp|def|1\n|-boost|p1a: Garchomp|spe|1\n|\n|upkeep\n|inactive|WAGAMAMAH has 120 seconds left.\n|\n|t:|1699869678\n|switch|p2a: Edgelord|Samurott-Hisui, M, shiny|13\/100\n|turn|9\n|\n|t:|1699869684\n|move|p2a: Edgelord|Aqua Jet|p1a: Garchomp\n|-damage|p1a: Garchomp|12\/100\n|-damage|p2a: Edgelord|0 fnt|[from] ability: Rough Skin|[of] p1a: Garchomp\n|faint|p2a: Edgelord\n|move|p1a: Garchomp|Rest|p1a: Garchomp\n|-status|p1a: Garchomp|slp|[from] move: Rest\n|-heal|p1a: Garchomp|100\/100 slp|[silent]\n|\n|upkeep\n|\n|t:|1699869702\n|switch|p2a: Fat Bucko|Ting-Lu|100\/100\n|-ability|p2a: Fat Bucko|Vessel of Ruin\n|turn|10\n|\n|t:|1699869709\n|cant|p1a: Garchomp|slp\n|move|p1a: Garchomp|Sleep Talk|p1a: Garchomp\n|move|p1a: Garchomp|Swords Dance|p1a: Garchomp|[from]move: Sleep Talk\n|-boost|p1a: Garchomp|atk|2\n|move|p2a: Fat Bucko|Whirlwind|p1a: Garchomp\n|drag|p1a: Mamoswine|Mamoswine, M|100\/100\n|-damage|p1a: Mamoswine|84\/100|[from] Spikes\n|\n|-heal|p1a: Mamoswine|90\/100|[from] item: Leftovers\n|upkeep\n|turn|11\n|\n|t:|1699869728\n|switch|p1a: Landorus|Landorus-Therian, M|100\/100\n|-ability|p1a: Landorus|Intimidate|boost\n|-unboost|p2a: Fat Bucko|atk|1\n|move|p2a: Fat Bucko|Stealth Rock|p1a: Landorus\n|-sidestart|p1: grhtetg|move: Stealth Rock\n|\n|upkeep\n|turn|12\n|\n|t:|1699869737\n|move|p1a: Landorus|Stone Edge|p2a: Fat Bucko\n|-resisted|p2a: Fat Bucko\n|-damage|p2a: Fat Bucko|90\/100\n|move|p2a: Fat Bucko|Ruination|p1a: Landorus\n|-damage|p1a: Landorus|51\/100\n|\n|-heal|p1a: Landorus|57\/100|[from] item: Leftovers\n|-heal|p2a: Fat Bucko|96\/100|[from] item: Leftovers\n|upkeep\n|turn|13\n|\n|t:|1699869751\n|switch|p1a: Alomomola|Alomomola, M|100\/100\n|-damage|p1a: Alomomola|84\/100|[from] Spikes\n|-damage|p1a: Alomomola|71\/100|[from] Stealth Rock\n|move|p2a: Fat Bucko|Whirlwind|p1a: Alomomola\n|drag|p1a: Garchomp|Garchomp, F|100\/100 slp\n|-damage|p1a: Garchomp|84\/100 slp|[from] Spikes\n|-damage|p1a: Garchomp|78\/100 slp|[from] Stealth Rock\n|\n|-heal|p2a: Fat Bucko|100\/100|[from] item: Leftovers\n|upkeep\n|turn|14\n|\n|t:|1699869768\n|switch|p2a: Homeless Guy|Sneasler, M, shiny|100\/100\n|cant|p1a: Garchomp|slp\n|move|p1a: Garchomp|Sleep Talk|p1a: Garchomp\n|move|p1a: Garchomp|Scale Shot|p2a: Homeless Guy|[from]move: Sleep Talk\n|-damage|p2a: Homeless Guy|83\/100\n|-damage|p2a: Homeless Guy|65\/100\n|-damage|p2a: Homeless Guy|47\/100\n|-hitcount|p2a: Homeless Guy|3\n|-unboost|p1a: Garchomp|def|1\n|-boost|p1a: Garchomp|spe|1\n|\n|upkeep\n|turn|15\n|\n|t:|1699869787\n|-curestatus|p1a: Garchomp|slp|[msg]\n|move|p1a: Garchomp|Sleep Talk||[still]\n|-fail|p1a: Garchomp\n|move|p2a: Homeless Guy|Toxic Spikes|p1a: Garchomp\n|-sidestart|p1: grhtetg|move: Toxic Spikes\n|\n|upkeep\n|turn|16\n|\n|t:|1699869814\n|move|p1a: Garchomp|Scale Shot|p2a: Homeless Guy\n|-damage|p2a: Homeless Guy|30\/100\n|-damage|p2a: Homeless Guy|14\/100\n|-damage|p2a: Homeless Guy|0 fnt\n|faint|p2a: Homeless Guy\n|-hitcount|p2: Homeless Guy|3\n|-unboost|p1a: Garchomp|def|1\n|-boost|p1a: Garchomp|spe|1\n|\n|upkeep\n|inactive|WAGAMAMAH has 90 seconds left.\n|\n|t:|1699869827\n|switch|p2a: Fat Bucko|Ting-Lu|100\/100\n|-ability|p2a: Fat Bucko|Vessel of Ruin\n|turn|17\n|\n|t:|1699869836\n|switch|p1a: Mamoswine|Mamoswine, M|90\/100\n|-damage|p1a: Mamoswine|73\/100|[from] Spikes\n|-damage|p1a: Mamoswine|61\/100|[from] Stealth Rock\n|-status|p1a: Mamoswine|psn\n|move|p2a: Fat Bucko|Whirlwind|p1a: Mamoswine\n|drag|p1a: Ogerpon|Ogerpon-Wellspring, F|100\/100\n|-damage|p1a: Ogerpon|84\/100|[from] Spikes\n|-damage|p1a: Ogerpon|72\/100|[from] Stealth Rock\n|-status|p1a: Ogerpon|psn\n|\n|-damage|p1a: Ogerpon|59\/100 psn|[from] psn\n|upkeep\n|turn|18\n|inactive|WAGAMAMAH has 90 seconds left.\n|\n|t:|1699869859\n|move|p1a: Ogerpon|Horn Leech|p2a: Fat Bucko\n|-supereffective|p2a: Fat Bucko\n|-damage|p2a: Fat Bucko|53\/100\n|-heal|p1a: Ogerpon|99\/100 psn|[from] drain|[of] p2a: Fat Bucko\n|move|p2a: Fat Bucko|Whirlwind|p1a: Ogerpon\n|drag|p1a: Heatran|Heatran, F|100\/100\n|-damage|p1a: Heatran|84\/100|[from] Spikes\n|-damage|p1a: Heatran|71\/100|[from] Stealth Rock\n|\n|-heal|p2a: Fat Bucko|60\/100|[from] item: Leftovers\n|upkeep\n|turn|19\n|inactive|WAGAMAMAH has 90 seconds left.\n|\n|t:|1699869877\n|move|p1a: Heatran|Flamethrower|p2a: Fat Bucko\n|-damage|p2a: Fat Bucko|39\/100\n|move|p2a: Fat Bucko|Ruination|p1a: Heatran\n|-damage|p1a: Heatran|36\/100\n|\n|-heal|p2a: Fat Bucko|45\/100|[from] item: Leftovers\n|upkeep\n|turn|20\n|\n|t:|1699869896\n|switch|p1a: Mamoswine|Mamoswine, M|61\/100 psn\n|-damage|p1a: Mamoswine|44\/100 psn|[from] Spikes\n|-damage|p1a: Mamoswine|32\/100 psn|[from] Stealth Rock\n|move|p2a: Fat Bucko|Whirlwind|p1a: Mamoswine\n|drag|p1a: Landorus|Landorus-Therian, M|57\/100\n|-damage|p1a: Landorus|44\/100|[from] Stealth Rock\n|-ability|p1a: Landorus|Intimidate|boost\n|-unboost|p2a: Fat Bucko|atk|1\n|\n|-heal|p1a: Landorus|50\/100|[from] item: Leftovers\n|-heal|p2a: Fat Bucko|52\/100|[from] item: Leftovers\n|upkeep\n|turn|21\n|inactive|WAGAMAMAH has 90 seconds left.\n|inactive|grhtetg has 120 seconds left.\n|\n|t:|1699869918\n|switch|p1a: Alomomola|Alomomola, M|100\/100\n|-damage|p1a: Alomomola|84\/100|[from] Spikes\n|-damage|p1a: Alomomola|71\/100|[from] Stealth Rock\n|-status|p1a: Alomomola|psn\n|move|p2a: Fat Bucko|Whirlwind|p1a: Alomomola\n|drag|p1a: Heatran|Heatran, F|36\/100\n|-damage|p1a: Heatran|19\/100|[from] Spikes\n|-damage|p1a: Heatran|7\/100|[from] Stealth Rock\n|\n|-heal|p2a: Fat Bucko|58\/100|[from] item: Leftovers\n|upkeep\n|turn|22\n|inactive|grhtetg has 120 seconds left.\n|\n|t:|1699869934\n|switch|p1a: Alomomola|Alomomola, M|100\/100 psn\n|-damage|p1a: Alomomola|84\/100 psn|[from] Spikes\n|-damage|p1a: Alomomola|71\/100 psn|[from] Stealth Rock\n|move|p2a: Fat Bucko|Whirlwind|p1a: Alomomola\n|drag|p1a: Mamoswine|Mamoswine, M|32\/100 psn\n|-damage|p1a: Mamoswine|15\/100 psn|[from] Spikes\n|-damage|p1a: Mamoswine|3\/100 psn|[from] Stealth Rock\n|\n|-heal|p1a: Mamoswine|9\/100 psn|[from] item: Leftovers\n|-heal|p2a: Fat Bucko|64\/100|[from] item: Leftovers\n|-damage|p1a: Mamoswine|0 fnt|[from] psn\n|faint|p1a: Mamoswine\n|upkeep\n|\n|t:|1699869952\n|switch|p1a: Ogerpon|Ogerpon-Wellspring, F|99\/100 psn\n|-damage|p1a: Ogerpon|83\/100 psn|[from] Spikes\n|-damage|p1a: Ogerpon|71\/100 psn|[from] Stealth Rock\n|turn|23\n|inactive|WAGAMAMAH has 90 seconds left.\n|\n|t:|1699869962\n|-terastallize|p1a: Ogerpon|Water\n|detailschange|p1a: Ogerpon|Ogerpon-Wellspring-Tera, F, tera:Water\n|-ability|p1a: Ogerpon|Embody Aspect (Wellspring)|boost\n|-boost|p1a: Ogerpon|spd|1\n|move|p1a: Ogerpon|Ivy Cudgel|p2a: Fat Bucko\n|-supereffective|p2a: Fat Bucko\n|-damage|p2a: Fat Bucko|0 fnt\n|faint|p2a: Fat Bucko\n|\n|-damage|p1a: Ogerpon|58\/100 psn|[from] psn\n|upkeep\n|\n|t:|1699869974\n|switch|p2a: Groovemaster|Ogerpon-Wellspring, F|100\/100\n|turn|24\n|\n|t:|1699869989\n|switch|p1a: Alomomola|Alomomola, M|100\/100 psn\n|-damage|p1a: Alomomola|84\/100 psn|[from] Spikes\n|-damage|p1a: Alomomola|71\/100 psn|[from] Stealth Rock\n|move|p2a: Groovemaster|Power Whip|p1a: Alomomola\n|-supereffective|p1a: Alomomola\n|-damage|p1a: Alomomola|0 fnt\n|faint|p1a: Alomomola\n|\n|upkeep\n|\n|t:|1699870001\n|switch|p1a: Landorus|Landorus-Therian, M|50\/100\n|-damage|p1a: Landorus|38\/100|[from] Stealth Rock\n|-ability|p1a: Landorus|Intimidate|boost\n|-unboost|p2a: Groovemaster|atk|1\n|turn|25\n|inactive|WAGAMAMAH has 90 seconds left.\n|\n|t:|1699870018\n|move|p2a: Groovemaster|Ivy Cudgel|p1a: Landorus\n|-supereffective|p1a: Landorus\n|-damage|p1a: Landorus|0 fnt\n|faint|p1a: Landorus\n|\n|upkeep\n|-message|grhtetg forfeited.\n|\n|win|WAGAMAMAH\n|raw|grhtetg's rating: 1027 &rarr; <strong>1013<\/strong><br \/>(-14 for losing)\n|raw|WAGAMAMAH's rating: 1023 &rarr; <strong>1060<\/strong><br \/>(+37 for winning)\n|l|\u2606grhtetg\n","uploadtime":1699870035,"views":34,"p1id":"grhtetg","p2id":"wagamamah","formatid":"gen9ou","rating":1013,"private":0,"password":""}