{"id":"gen9ou-1999363715","p1":"OUCKglhf","p2":"Flyingtaco42","format":"[Gen 9] OU","log":"|j|\u2606OUCKglhf\n|j|\u2606Flyingtaco42\n|t:|1701067247\n|gametype|singles\n|player|p1|OUCKglhf|benga|1609\n|player|p2|Flyingtaco42|elesa|1900\n|teamsize|p1|6\n|teamsize|p2|6\n|gen|9\n|tier|[Gen 9] OU\n|rated|\n|rule|Sleep Clause Mod: Limit one foe put to sleep\n|rule|Species Clause: Limit one of each Pok\u00e9mon\n|rule|OHKO Clause: OHKO moves are banned\n|rule|Evasion Items Clause: Evasion items are banned\n|rule|Evasion Moves Clause: Evasion moves are banned\n|rule|Endless Battle Clause: Forcing endless battles is banned\n|rule|HP Percentage Mod: HP is shown in percentages\n|clearpoke\n|poke|p1|Indeedee, M|\n|poke|p1|Polteageist|\n|poke|p1|Maushold|\n|poke|p1|Hatterene, F|\n|poke|p1|Armarouge, F|\n|poke|p1|Zamazenta-*|\n|poke|p2|Kingambit, M|\n|poke|p2|Ceruledge, F|\n|poke|p2|Iron Valiant|\n|poke|p2|Ogerpon-Wellspring, F|\n|poke|p2|Glimmora, M|\n|poke|p2|Haxorus, F|\n|teampreview\n|inactive|Battle timer is ON: inactive players will automatically lose when time's up. (requested by OUCKglhf)\n|\n|t:|1701067273\n|start\n|switch|p1a: Indeedee|Indeedee, M, shiny|100\/100\n|switch|p2a: Glimmora|Glimmora, M|100\/100\n|-fieldstart|move: Psychic Terrain|[from] ability: Psychic Surge|[of] p1a: Indeedee\n|turn|1\n|\n|t:|1701067278\n|move|p1a: Indeedee|Psychic|p2a: Glimmora\n|-supereffective|p2a: Glimmora\n|-enditem|p2a: Glimmora|Focus Sash\n|-damage|p2a: Glimmora|1\/100\n|move|p2a: Glimmora|Power Gem|p1a: Indeedee\n|-damage|p1a: Indeedee|45\/100\n|\n|upkeep\n|turn|2\n|\n|t:|1701067289\n|switch|p1a: Hatterene|Hatterene, F, shiny|100\/100\n|switch|p2a: Kingambit|Kingambit, M|100\/100\n|\n|upkeep\n|turn|3\n|\n|t:|1701067307\n|move|p2a: Kingambit|Kowtow Cleave|p1a: Hatterene\n|-damage|p1a: Hatterene|42\/100\n|-enditem|p1a: Hatterene|Eject Button\n|\n|t:|1701067311\n|switch|p1a: Armarouge|Armarouge, F, shiny|100\/100\n|\n|upkeep\n|turn|4\n|\n|t:|1701067318\n|-end|p2a: Kingambit|fallenundefined|[silent]\n|switch|p2a: Glimmora|Glimmora, M|1\/100\n|move|p1a: Armarouge|Armor Cannon|p2a: Glimmora\n|-resisted|p2a: Glimmora\n|-damage|p2a: Glimmora|0 fnt\n|-unboost|p1a: Armarouge|def|1\n|-unboost|p1a: Armarouge|spd|1\n|faint|p2a: Glimmora\n|\n|upkeep\n|\n|t:|1701067323\n|switch|p2a: Haxorus|Haxorus, F|100\/100\n|-ability|p2a: Haxorus|Mold Breaker\n|turn|5\n|\n|t:|1701067330\n|switch|p1a: Hatterene|Hatterene, F, shiny|42\/100\n|move|p2a: Haxorus|Scale Shot|p1a: Hatterene\n|-immune|p1a: Hatterene\n|\n|upkeep\n|turn|6\n|\n|t:|1701067337\n|move|p2a: Haxorus|Iron Head|p1a: Hatterene\n|-supereffective|p1a: Hatterene\n|-damage|p1a: Hatterene|0 fnt\n|faint|p1a: Hatterene\n|\n|upkeep\n|\n|t:|1701067345\n|switch|p1a: Maushold|Maushold|100\/100\n|turn|7\n|\n|t:|1701067353\n|-terastallize|p2a: Haxorus|Steel\n|move|p1a: Maushold|Population Bomb|p2a: Haxorus\n|-resisted|p2a: Haxorus\n|-damage|p2a: Haxorus|93\/100\n|-resisted|p2a: Haxorus\n|-damage|p2a: Haxorus|87\/100\n|-resisted|p2a: Haxorus\n|-damage|p2a: Haxorus|79\/100\n|-resisted|p2a: Haxorus\n|-damage|p2a: Haxorus|71\/100\n|-resisted|p2a: Haxorus\n|-damage|p2a: Haxorus|64\/100\n|-resisted|p2a: Haxorus\n|-damage|p2a: Haxorus|56\/100\n|-resisted|p2a: Haxorus\n|-damage|p2a: Haxorus|50\/100\n|-resisted|p2a: Haxorus\n|-damage|p2a: Haxorus|42\/100\n|-resisted|p2a: Haxorus\n|-damage|p2a: Haxorus|35\/100\n|-resisted|p2a: Haxorus\n|-damage|p2a: Haxorus|28\/100\n|-hitcount|p2a: Haxorus|10\n|move|p2a: Haxorus|Scale Shot|p1a: Maushold\n|-damage|p1a: Maushold|76\/100\n|-damage|p1a: Maushold|54\/100\n|-damage|p1a: Maushold|32\/100\n|-damage|p1a: Maushold|8\/100\n|-damage|p1a: Maushold|0 fnt\n|faint|p1a: Maushold\n|-hitcount|p1: Maushold|5\n|-unboost|p2a: Haxorus|def|1\n|-boost|p2a: Haxorus|spe|1\n|\n|upkeep\n|\n|t:|1701067358\n|switch|p1a: Zamazenta|Zamazenta|100\/100\n|-ability|p1a: Zamazenta|Dauntless Shield|boost\n|-boost|p1a: Zamazenta|def|1\n|-enditem|p1a: Zamazenta|Psychic Seed\n|-boost|p1a: Zamazenta|spd|1|[from] item: Psychic Seed\n|turn|8\n|\n|t:|1701067368\n|switch|p2a: Ogerpon|Ogerpon-Wellspring, F|100\/100\n|move|p1a: Zamazenta|Body Press|p2a: Ogerpon\n|-damage|p2a: Ogerpon|39\/100\n|\n|-fieldend|move: Psychic Terrain\n|upkeep\n|turn|9\n|\n|t:|1701067373\n|move|p1a: Zamazenta|Body Press|p2a: Ogerpon\n|-damage|p2a: Ogerpon|0 fnt\n|faint|p2a: Ogerpon\n|\n|upkeep\n|\n|t:|1701067375\n|switch|p2a: Iron Valiant|Iron Valiant|100\/100\n|-enditem|p2a: Iron Valiant|Booster Energy\n|-activate|p2a: Iron Valiant|ability: Quark Drive|[fromitem]\n|-start|p2a: Iron Valiant|quarkdrivespe\n|turn|10\n|\n|t:|1701067378\n|move|p2a: Iron Valiant|Swords Dance|p2a: Iron Valiant\n|-boost|p2a: Iron Valiant|atk|2\n|move|p1a: Zamazenta|Heavy Slam|p2a: Iron Valiant\n|-supereffective|p2a: Iron Valiant\n|-damage|p2a: Iron Valiant|0 fnt\n|faint|p2a: Iron Valiant\n|-end|p2a: Iron Valiant|Quark Drive|[silent]\n|\n|upkeep\n|\n|t:|1701067383\n|switch|p2a: Ceruledge|Ceruledge, F|100\/100\n|-item|p2a: Ceruledge|Air Balloon\n|turn|11\n|\n|t:|1701067388\n|move|p1a: Zamazenta|Crunch|p2a: Ceruledge\n|-supereffective|p2a: Ceruledge\n|-damage|p2a: Ceruledge|30\/100\n|-ability|p2a: Ceruledge|Weak Armor|boost\n|-unboost|p2a: Ceruledge|def|1\n|-boost|p2a: Ceruledge|spe|2\n|-enditem|p2a: Ceruledge|Air Balloon\n|move|p2a: Ceruledge|Swords Dance|p2a: Ceruledge\n|-boost|p2a: Ceruledge|atk|2\n|\n|upkeep\n|turn|12\n|\n|t:|1701067392\n|move|p2a: Ceruledge|Bitter Blade|p1a: Zamazenta\n|-damage|p1a: Zamazenta|48\/100\n|-heal|p2a: Ceruledge|61\/100|[from] drain|[of] p1a: Zamazenta\n|move|p1a: Zamazenta|Crunch|p2a: Ceruledge\n|-supereffective|p2a: Ceruledge\n|-damage|p2a: Ceruledge|0 fnt\n|faint|p2a: Ceruledge\n|\n|upkeep\n|c|\u2606OUCKglhf|gg\n|-message|Flyingtaco42 forfeited.\n|\n|win|OUCKglhf\n|raw|OUCKglhf's rating: 1609 &rarr; <strong>1643<\/strong><br \/>(+34 for winning)\n|raw|Flyingtaco42's rating: 1900 &rarr; <strong>1866<\/strong><br \/>(-34 for losing)\n|l|\u2606Flyingtaco42\n","uploadtime":1701067421,"views":5,"p1id":"ouckglhf","p2id":"flyingtaco42","formatid":"gen9ou","rating":1643,"private":0,"password":""}