{"id":"gen9ou-1988470683","p1":"Herbieque420","p2":"vetixusig","format":"[Gen 9] OU","log":"|j|\u2606Herbieque420\n|j|\u2606vetixusig\n|t:|1699726414\n|gametype|singles\n|player|p1|Herbieque420|crasherwake|1146\n|player|p2|vetixusig|102|1209\n|teamsize|p1|6\n|teamsize|p2|6\n|gen|9\n|tier|[Gen 9] OU\n|rated|\n|rule|Sleep Clause Mod: Limit one foe put to sleep\n|rule|Species Clause: Limit one of each Pok\u00e9mon\n|rule|OHKO Clause: OHKO moves are banned\n|rule|Evasion Items Clause: Evasion items are banned\n|rule|Evasion Moves Clause: Evasion moves are banned\n|rule|Endless Battle Clause: Forcing endless battles is banned\n|rule|HP Percentage Mod: HP is shown in percentages\n|clearpoke\n|poke|p1|Gliscor, M|\n|poke|p1|Iron Valiant|\n|poke|p1|Kingambit, M|\n|poke|p1|Dragapult, F|\n|poke|p1|Cinderace, F|\n|poke|p1|Blissey, F|\n|poke|p2|Alomomola, F|\n|poke|p2|Slowking-Galar, F|\n|poke|p2|Kingambit, F|\n|poke|p2|Great Tusk|\n|poke|p2|Cinderace, F|\n|poke|p2|Thundurus-Therian, M|\n|teampreview\n|inactive|Battle timer is ON: inactive players will automatically lose when time's up. (requested by Herbieque420)\n|\n|t:|1699726429\n|start\n|switch|p1a: Dragapult|Dragapult, F|100\/100\n|switch|p2a: Great Tusk|Great Tusk|100\/100\n|turn|1\n|\n|t:|1699726438\n|move|p1a: Dragapult|Draco Meteor|p2a: Great Tusk\n|-damage|p2a: Great Tusk|0 fnt\n|-unboost|p1a: Dragapult|spa|2\n|faint|p2a: Great Tusk\n|-end|p2a: Great Tusk|Protosynthesis|[silent]\n|\n|upkeep\n|\n|t:|1699726446\n|switch|p2a: Kingambit|Kingambit, F|100\/100\n|-activate|p2a: Kingambit|ability: Supreme Overlord\n|-start|p2a: Kingambit|fallen1|[silent]\n|turn|2\n|\n|t:|1699726450\n|switch|p1a: Gliscor|Gliscor, M|100\/100\n|move|p2a: Kingambit|Swords Dance|p2a: Kingambit\n|-boost|p2a: Kingambit|atk|2\n|\n|-status|p1a: Gliscor|tox|[from] item: Toxic Orb\n|upkeep\n|turn|3\n|\n|t:|1699726456\n|move|p1a: Gliscor|Earthquake|p2a: Kingambit\n|-supereffective|p2a: Kingambit\n|-damage|p2a: Kingambit|52\/100\n|move|p2a: Kingambit|Kowtow Cleave|p1a: Gliscor\n|-damage|p1a: Gliscor|36\/100 tox\n|\n|-heal|p2a: Kingambit|58\/100|[from] item: Leftovers\n|-heal|p1a: Gliscor|48\/100 tox|[from] ability: Poison Heal\n|upkeep\n|turn|4\n|\n|t:|1699726465\n|-terastallize|p2a: Kingambit|Flying\n|move|p1a: Gliscor|Protect|p1a: Gliscor\n|-singleturn|p1a: Gliscor|Protect\n|move|p2a: Kingambit|Kowtow Cleave|p1a: Gliscor\n|-activate|p1a: Gliscor|move: Protect\n|\n|-heal|p2a: Kingambit|64\/100|[from] item: Leftovers\n|-heal|p1a: Gliscor|61\/100 tox|[from] ability: Poison Heal\n|upkeep\n|turn|5\n|\n|t:|1699726474\n|move|p2a: Kingambit|Sucker Punch||[still]\n|-fail|p2a: Kingambit\n|move|p1a: Gliscor|Toxic|p2a: Kingambit\n|-status|p2a: Kingambit|tox\n|\n|-heal|p2a: Kingambit|70\/100 tox|[from] item: Leftovers\n|-heal|p1a: Gliscor|73\/100 tox|[from] ability: Poison Heal\n|-damage|p2a: Kingambit|64\/100 tox|[from] psn\n|upkeep\n|turn|6\n|\n|t:|1699726483\n|move|p1a: Gliscor|Protect|p1a: Gliscor\n|-singleturn|p1a: Gliscor|Protect\n|move|p2a: Kingambit|Swords Dance|p2a: Kingambit\n|-boost|p2a: Kingambit|atk|2\n|\n|-heal|p2a: Kingambit|70\/100 tox|[from] item: Leftovers\n|-heal|p1a: Gliscor|86\/100 tox|[from] ability: Poison Heal\n|-damage|p2a: Kingambit|58\/100 tox|[from] psn\n|upkeep\n|turn|7\n|inactive|Herbieque420 has 120 seconds left.\n|\n|t:|1699726514\n|switch|p1a: Cinderace|Cinderace, F|100\/100\n|move|p2a: Kingambit|Kowtow Cleave|p1a: Cinderace\n|-damage|p1a: Cinderace|0 fnt\n|faint|p1a: Cinderace\n|\n|-heal|p2a: Kingambit|64\/100 tox|[from] item: Leftovers\n|-damage|p2a: Kingambit|46\/100 tox|[from] psn\n|upkeep\n|inactive|Herbieque420 has 120 seconds left.\n|\n|t:|1699726522\n|switch|p1a: Gliscor|Gliscor, M|86\/100 tox\n|turn|8\n|\n|t:|1699726527\n|move|p1a: Gliscor|Spikes|p2a: Kingambit\n|-sidestart|p2: vetixusig|Spikes\n|move|p2a: Kingambit|Kowtow Cleave|p1a: Gliscor\n|-damage|p1a: Gliscor|0 fnt\n|faint|p1a: Gliscor\n|\n|-heal|p2a: Kingambit|52\/100 tox|[from] item: Leftovers\n|-damage|p2a: Kingambit|28\/100 tox|[from] psn\n|upkeep\n|\n|t:|1699726536\n|switch|p1a: Iron Valiant|Iron Valiant|100\/100\n|-enditem|p1a: Iron Valiant|Booster Energy\n|-activate|p1a: Iron Valiant|ability: Quark Drive|[fromitem]\n|-start|p1a: Iron Valiant|quarkdrivespe\n|turn|9\n|\n|t:|1699726541\n|move|p1a: Iron Valiant|Vacuum Wave|p2a: Kingambit\n|-resisted|p2a: Kingambit\n|-damage|p2a: Kingambit|19\/100 tox\n|move|p2a: Kingambit|Sucker Punch||[still]\n|-fail|p2a: Kingambit\n|\n|-heal|p2a: Kingambit|25\/100 tox|[from] item: Leftovers\n|-damage|p2a: Kingambit|0 fnt|[from] psn\n|faint|p2a: Kingambit\n|-end|p2a: Kingambit|fallen1|[silent]\n|upkeep\n|\n|t:|1699726555\n|switch|p2a: Slowking|Slowking-Galar, F|100\/100\n|turn|10\n|\n|t:|1699726561\n|-end|p1a: Iron Valiant|Quark Drive|[silent]\n|switch|p1a: Blissey|Blissey, F|100\/100\n|move|p2a: Slowking|Future Sight|p1a: Blissey\n|-start|p2a: Slowking|move: Future Sight\n|\n|upkeep\n|turn|11\n|\n|t:|1699726567\n|move|p1a: Blissey|Skill Swap|p2a: Slowking\n|-activate|p1a: Blissey|move: Skill Swap|Regenerator|Healer|[of] p2a: Slowking\n|move|p2a: Slowking|Chilly Reception|p2a: Slowking\n|-weather|Snow\n|\n|t:|1699726572\n|switch|p2a: Cinderace|Cinderace, F|100\/100|[from] Chilly Reception\n|\n|-weather|Snow|[upkeep]\n|upkeep\n|turn|12\n|\n|t:|1699726577\n|switch|p1a: Dragapult|Dragapult, F|100\/100\n|move|p2a: Cinderace|Court Change|p2a: Cinderace\n|-start|p2a: Cinderace|typechange|Normal|[from] ability: Libero\n|-swapsideconditions\n|-activate|p2a: Cinderace|move: Court Change\n|\n|-weather|Snow|[upkeep]\n|-end|p1a: Dragapult|move: Future Sight\n|-crit|p1a: Dragapult\n|-damage|p1a: Dragapult|8\/100\n|upkeep\n|turn|13\n|\n|t:|1699726587\n|switch|p2a: Slowking|Slowking-Galar, F|100\/100\n|move|p1a: Dragapult|Draco Meteor|p2a: Slowking\n|-damage|p2a: Slowking|49\/100\n|-unboost|p1a: Dragapult|spa|2\n|\n|-weather|Snow|[upkeep]\n|upkeep\n|turn|14\n|\n|t:|1699726594\n|move|p1a: Dragapult|Draco Meteor|p2a: Slowking\n|-damage|p2a: Slowking|23\/100\n|-unboost|p1a: Dragapult|spa|2\n|move|p2a: Slowking|Future Sight|p1a: Dragapult\n|-start|p2a: Slowking|move: Future Sight\n|\n|-weather|Snow|[upkeep]\n|upkeep\n|turn|15\n|\n|t:|1699726601\n|move|p1a: Dragapult|Draco Meteor|p2a: Slowking\n|-damage|p2a: Slowking|8\/100\n|-unboost|p1a: Dragapult|spa|2\n|move|p2a: Slowking|Ice Beam|p1a: Dragapult\n|-supereffective|p1a: Dragapult\n|-damage|p1a: Dragapult|0 fnt\n|faint|p1a: Dragapult\n|\n|-weather|none\n|upkeep\n|\n|t:|1699726610\n|switch|p1a: Blissey|Blissey, F|100\/100\n|-damage|p1a: Blissey|88\/100|[from] Spikes\n|turn|16\n|\n|t:|1699726617\n|switch|p2a: Alomomola|Alomomola, F|100\/100\n|move|p1a: Blissey|Seismic Toss|p2a: Alomomola\n|-damage|p2a: Alomomola|79\/100\n|-enditem|p2a: Alomomola|Red Card|[of] p1a: Blissey\n|drag|p1a: Kingambit|Kingambit, M|100\/100\n|-damage|p1a: Kingambit|88\/100|[from] Spikes\n|-activate|p1a: Kingambit|ability: Supreme Overlord\n|-start|p1a: Kingambit|fallen3|[silent]\n|\n|-end|p1a: Kingambit|move: Future Sight\n|-immune|p1a: Kingambit\n|upkeep\n|turn|17\n|\n|t:|1699726632\n|move|p1a: Kingambit|Kowtow Cleave|p2a: Alomomola\n|-damage|p2a: Alomomola|40\/100\n|move|p2a: Alomomola|Scald|p1a: Kingambit\n|-damage|p1a: Kingambit|76\/100\n|\n|upkeep\n|turn|18\n|\n|t:|1699726643\n|-end|p1a: Kingambit|fallen3|[silent]\n|switch|p1a: Blissey|Blissey, F|88\/100\n|-damage|p1a: Blissey|76\/100|[from] Spikes\n|switch|p2a: Slowking|Slowking-Galar, F|41\/100\n|\n|-heal|p1a: Blissey|82\/100|[from] item: Leftovers\n|upkeep\n|turn|19\n|\n|t:|1699726663\n|move|p1a: Blissey|Seismic Toss|p2a: Slowking\n|-damage|p2a: Slowking|16\/100\n|move|p2a: Slowking|Chilly Reception|p2a: Slowking\n|-weather|Snow\n|\n|t:|1699726670\n|switch|p2a: Alomomola|Alomomola, F|73\/100|[from] Chilly Reception\n|\n|-weather|Snow|[upkeep]\n|-heal|p1a: Blissey|88\/100|[from] item: Leftovers\n|upkeep\n|turn|20\n|\n|t:|1699726675\n|move|p1a: Blissey|Skill Swap|p2a: Alomomola\n|-activate|p1a: Blissey|move: Skill Swap|Regenerator|Healer|[of] p2a: Alomomola\n|move|p2a: Alomomola|Wish|p2a: Alomomola\n|\n|-weather|Snow|[upkeep]\n|-heal|p1a: Blissey|94\/100|[from] item: Leftovers\n|upkeep\n|turn|21\n|\n|t:|1699726694\n|move|p1a: Blissey|Seismic Toss|p2a: Alomomola\n|-damage|p2a: Alomomola|52\/100\n|move|p2a: Alomomola|Flip Turn|p1a: Blissey\n|-damage|p1a: Blissey|61\/100\n|\n|t:|1699726698\n|switch|p2a: Slowking|Slowking-Galar, F|49\/100|[from] Flip Turn\n|\n|-weather|Snow|[upkeep]\n|-heal|p2a: Slowking|100\/100|[from] move: Wish|[wisher] Alomomola\n|-heal|p1a: Blissey|67\/100|[from] item: Leftovers\n|upkeep\n|turn|22\n|\n|t:|1699726707\n|switch|p1a: Kingambit|Kingambit, M|76\/100\n|-damage|p1a: Kingambit|64\/100|[from] Spikes\n|-activate|p1a: Kingambit|ability: Supreme Overlord\n|-start|p1a: Kingambit|fallen3|[silent]\n|switch|p2a: Alomomola|Alomomola, F|52\/100\n|\n|-weather|Snow|[upkeep]\n|upkeep\n|turn|23\n|\n|t:|1699726718\n|-terastallize|p1a: Kingambit|Normal\n|move|p1a: Kingambit|Giga Impact|p2a: Alomomola\n|-damage|p2a: Alomomola|0 fnt\n|-mustrecharge|p1a: Kingambit\n|faint|p2a: Alomomola\n|\n|-weather|none\n|upkeep\n|\n|t:|1699726726\n|switch|p2a: Cinderace|Cinderace, F|100\/100\n|turn|24\n|\n|t:|1699726729\n|move|p2a: Cinderace|Will-O-Wisp|p1a: Kingambit\n|-status|p1a: Kingambit|brn\n|cant|p1a: Kingambit|recharge\n|\n|-damage|p1a: Kingambit|57\/100 brn|[from] brn\n|upkeep\n|turn|25\n|\n|t:|1699726740\n|switch|p2a: Slowking|Slowking-Galar, F|100\/100\n|-end|p1a: Kingambit|fallen3|[silent]\n|switch|p1a: Iron Valiant|Iron Valiant|100\/100\n|-damage|p1a: Iron Valiant|88\/100|[from] Spikes\n|\n|upkeep\n|turn|26\n|\n|t:|1699726748\n|-end|p1a: Iron Valiant|Quark Drive|[silent]\n|switch|p1a: Blissey|Blissey, F|100\/100\n|-damage|p1a: Blissey|88\/100|[from] Spikes\n|move|p2a: Slowking|Future Sight|p1a: Blissey\n|-start|p2a: Slowking|move: Future Sight\n|\n|-heal|p1a: Blissey|94\/100|[from] item: Leftovers\n|upkeep\n|turn|27\n|\n|t:|1699726757\n|move|p1a: Blissey|Heal Bell|p1a: Blissey\n|-activate|p1a: Blissey|move: Heal Bell\n|-curestatus|p1: Kingambit|brn|[msg]\n|move|p2a: Slowking|Chilly Reception|p2a: Slowking\n|-weather|Snow\n|\n|t:|1699726768\n|switch|p2a: Cinderace|Cinderace, F|100\/100|[from] Chilly Reception\n|\n|-weather|Snow|[upkeep]\n|-heal|p1a: Blissey|99\/100|[from] item: Leftovers\n|upkeep\n|turn|28\n|\n|t:|1699726787\n|switch|p1a: Iron Valiant|Iron Valiant|88\/100\n|-damage|p1a: Iron Valiant|76\/100|[from] Spikes\n|move|p2a: Cinderace|Pyro Ball|p1a: Iron Valiant\n|-damage|p1a: Iron Valiant|4\/100\n|\n|-weather|Snow|[upkeep]\n|-end|p1a: Iron Valiant|move: Future Sight\n|-supereffective|p1a: Iron Valiant\n|-damage|p1a: Iron Valiant|0 fnt\n|faint|p1a: Iron Valiant\n|-end|p1a: Iron Valiant|Quark Drive|[silent]\n|upkeep\n|\n|t:|1699726796\n|switch|p1a: Kingambit|Kingambit, M, tera:Normal|57\/100\n|-damage|p1a: Kingambit|45\/100|[from] Spikes\n|-activate|p1a: Kingambit|ability: Supreme Overlord\n|-start|p1a: Kingambit|fallen4|[silent]\n|turn|29\n|\n|t:|1699726803\n|move|p2a: Cinderace|Will-O-Wisp|p1a: Kingambit|[miss]\n|-miss|p2a: Cinderace|p1a: Kingambit\n|move|p1a: Kingambit|Giga Impact|p2a: Cinderace\n|-damage|p2a: Cinderace|0 fnt\n|-mustrecharge|p1a: Kingambit\n|faint|p2a: Cinderace\n|\n|-weather|Snow|[upkeep]\n|upkeep\n|\n|t:|1699726808\n|switch|p2a: Thundurus|Thundurus-Therian, M|100\/100\n|turn|30\n|\n|t:|1699726815\n|move|p2a: Thundurus|Grass Knot|p1a: Kingambit\n|-damage|p1a: Kingambit|0 fnt\n|faint|p1a: Kingambit\n|-end|p1a: Kingambit|fallen4|[silent]\n|\n|-weather|Snow|[upkeep]\n|upkeep\n|\n|t:|1699726819\n|switch|p1a: Blissey|Blissey, F|99\/100\n|-damage|p1a: Blissey|88\/100|[from] Spikes\n|turn|31\n|\n|t:|1699726829\n|switch|p2a: Slowking|Slowking-Galar, F|100\/100\n|move|p1a: Blissey|Skill Swap|p2a: Slowking\n|-activate|p1a: Blissey|move: Skill Swap|Regenerator|Healer|[of] p2a: Slowking\n|\n|-weather|none\n|-heal|p1a: Blissey|94\/100|[from] item: Leftovers\n|upkeep\n|turn|32\n|\n|t:|1699726837\n|move|p1a: Blissey|Seismic Toss|p2a: Slowking\n|-damage|p2a: Slowking|75\/100\n|move|p2a: Slowking|Future Sight|p1a: Blissey\n|-start|p2a: Slowking|move: Future Sight\n|\n|-heal|p1a: Blissey|99\/100|[from] item: Leftovers\n|upkeep\n|turn|33\n|\n|t:|1699726843\n|move|p1a: Blissey|Seismic Toss|p2a: Slowking\n|-damage|p2a: Slowking|50\/100\n|move|p2a: Slowking|Sludge Bomb|p1a: Blissey\n|-damage|p1a: Blissey|91\/100\n|-status|p1a: Blissey|psn\n|\n|-heal|p1a: Blissey|98\/100 psn|[from] item: Leftovers\n|-damage|p1a: Blissey|85\/100 psn|[from] psn\n|upkeep\n|turn|34\n|\n|t:|1699726854\n|switch|p2a: Thundurus|Thundurus-Therian, M|100\/100\n|move|p1a: Blissey|Seismic Toss|p2a: Thundurus\n|-damage|p2a: Thundurus|67\/100\n|\n|-end|p1a: Blissey|move: Future Sight\n|-damage|p1a: Blissey|73\/100 psn\n|-heal|p1a: Blissey|79\/100 psn|[from] item: Leftovers\n|-damage|p1a: Blissey|67\/100 psn|[from] psn\n|upkeep\n|turn|35\n|\n|t:|1699726866\n|move|p2a: Thundurus|Volt Switch|p1a: Blissey\n|-crit|p1a: Blissey\n|-damage|p1a: Blissey|40\/100 psn\n|\n|t:|1699726869\n|switch|p2a: Slowking|Slowking-Galar, F|50\/100|[from] Volt Switch\n|move|p1a: Blissey|Soft-Boiled|p1a: Blissey\n|-heal|p1a: Blissey|90\/100 psn\n|\n|-heal|p1a: Blissey|96\/100 psn|[from] item: Leftovers\n|-damage|p1a: Blissey|84\/100 psn|[from] psn\n|upkeep\n|turn|36\n|\n|t:|1699726878\n|move|p1a: Blissey|Seismic Toss|p2a: Slowking\n|-damage|p2a: Slowking|24\/100\n|move|p2a: Slowking|Future Sight|p1a: Blissey\n|-start|p2a: Slowking|move: Future Sight\n|\n|-heal|p1a: Blissey|90\/100 psn|[from] item: Leftovers\n|-damage|p1a: Blissey|78\/100 psn|[from] psn\n|upkeep\n|turn|37\n|\n|t:|1699726888\n|move|p1a: Blissey|Heal Bell|p1a: Blissey\n|-activate|p1a: Blissey|move: Heal Bell\n|-curestatus|p1a: Blissey|psn|[msg]\n|move|p2a: Slowking|Ice Beam|p1a: Blissey\n|-damage|p1a: Blissey|71\/100\n|\n|-heal|p1a: Blissey|78\/100|[from] item: Leftovers\n|upkeep\n|turn|38\n|\n|t:|1699726895\n|move|p1a: Blissey|Seismic Toss|p2a: Slowking\n|-damage|p2a: Slowking|0 fnt\n|faint|p2a: Slowking\n|\n|-end|p1a: Blissey|move: Future Sight\n|-damage|p1a: Blissey|64\/100\n|-heal|p1a: Blissey|70\/100|[from] item: Leftovers\n|upkeep\n|\n|t:|1699726898\n|switch|p2a: Thundurus|Thundurus-Therian, M|67\/100\n|turn|39\n|\n|t:|1699726904\n|move|p2a: Thundurus|Volt Switch|p1a: Blissey\n|-damage|p1a: Blissey|53\/100\n|move|p1a: Blissey|Soft-Boiled|p1a: Blissey\n|-heal|p1a: Blissey|100\/100\n|\n|upkeep\n|turn|40\n|c|\u2606vetixusig|I hope ur family dies in a car accident u waste of space\n|n|\u203dvetixusig|vetixusig\n|c|&|\/log vetixusig was locked from talking by Artemis. (\u2606vetixusig: I hope ur family dies in a car accident u waste of space)\n|c|&|\/raw <small>This action was done automatically. Want to learn more about the AI? <a href=\"https:\/\/www.smogon.com\/forums\/threads\/3570628\/#post-9056769\">Visit the information thread<\/a>.<\/small>\n|c|\u2606Herbieque420|Cry about it\n|inactive|vetixusig has 120 seconds left.\n|\n|t:|1699726937\n|move|p2a: Thundurus|Volt Switch|p1a: Blissey\n|-damage|p1a: Blissey|84\/100\n|move|p1a: Blissey|Seismic Toss|p2a: Thundurus\n|-damage|p2a: Thundurus|34\/100\n|\n|-heal|p1a: Blissey|90\/100|[from] item: Leftovers\n|upkeep\n|turn|41\n|-message|vetixusig forfeited.\n|\n|win|Herbieque420\n|raw|Herbieque420's rating: 1146 &rarr; <strong>1175<\/strong><br \/>(+29 for winning)\n|raw|vetixusig's rating: 1209 &rarr; <strong>1180<\/strong><br \/>(-29 for losing)\n","uploadtime":1699726918,"views":14,"p1id":"herbieque420","p2id":"vetixusig","formatid":"gen9ou","rating":1175,"private":0,"password":""}