{"id":"gen9ou-1988687953","p1":"mangolol","p2":"NinjaDJCee","format":"[Gen 9] OU","log":"|j|\u2606mangolol\n|j|\u2606NinjaDJCee\n|t:|1699750774\n|gametype|singles\n|player|p1|mangolol|adaman|1354\n|player|p2|NinjaDJCee|265|1285\n|teamsize|p1|6\n|teamsize|p2|6\n|gen|9\n|tier|[Gen 9] OU\n|rated|\n|rule|Sleep Clause Mod: Limit one foe put to sleep\n|rule|Species Clause: Limit one of each Pok\u00e9mon\n|rule|OHKO Clause: OHKO moves are banned\n|rule|Evasion Items Clause: Evasion items are banned\n|rule|Evasion Moves Clause: Evasion moves are banned\n|rule|Endless Battle Clause: Forcing endless battles is banned\n|rule|HP Percentage Mod: HP is shown in percentages\n|clearpoke\n|poke|p1|Gliscor, M|\n|poke|p1|Samurott-Hisui, F|\n|poke|p1|Iron Valiant|\n|poke|p1|Kingambit, F|\n|poke|p1|Iron Moth|\n|poke|p1|Ribombee, F|\n|poke|p2|Walking Wake|\n|poke|p2|Torkoal, F|\n|poke|p2|Lilligant-Hisui, F|\n|poke|p2|Cinderace, F|\n|poke|p2|Arcanine-Hisui, F|\n|poke|p2|Sandy Shocks|\n|teampreview\n|inactive|Battle timer is ON: inactive players will automatically lose when time's up. (requested by NinjaDJCee)\n|\n|t:|1699750782\n|start\n|switch|p1a: more use thn lando|Ribombee, F|100\/100\n|switch|p2a: Sandy Shocks|Sandy Shocks, shiny|100\/100\n|turn|1\n|c|\u2606NinjaDJCee|another ribombee team\n|c|\u2606NinjaDJCee|when will people learn it isn\u2019t even good\n|\n|t:|1699750811\n|move|p2a: Sandy Shocks|Volt Switch|p1a: more use thn lando\n|-damage|p1a: more use thn lando|43\/100\n|\n|t:|1699750819\n|-end|p2a: Sandy Shocks|Protosynthesis|[silent]\n|switch|p2a: Arcanine|Arcanine-Hisui, F|100\/100|[from] Volt Switch\n|move|p1a: more use thn lando|Stun Spore|p2a: Arcanine\n|-status|p2a: Arcanine|par\n|\n|upkeep\n|turn|2\n|\n|t:|1699750824\n|switch|p1a: hank|Gliscor, M, shiny|100\/100\n|move|p2a: Arcanine|Head Smash|p1a: hank\n|-damage|p1a: hank|54\/100\n|\n|-status|p1a: hank|tox|[from] item: Toxic Orb\n|upkeep\n|turn|3\n|\n|t:|1699750831\n|switch|p2a: Torkoal|Torkoal, F, shiny|100\/100\n|-weather|SunnyDay|[from] ability: Drought|[of] p2a: Torkoal\n|move|p1a: hank|Protect||[still]\n|-fail|p1a: hank\n|\n|-weather|SunnyDay|[upkeep]\n|-heal|p1a: hank|66\/100 tox|[from] ability: Poison Heal\n|upkeep\n|turn|4\n|\n|t:|1699750836\n|move|p1a: hank|Swords Dance|p1a: hank\n|-boost|p1a: hank|atk|2\n|move|p2a: Torkoal|Fire Blast|p1a: hank\n|-damage|p1a: hank|0 fnt\n|faint|p1a: hank\n|\n|-weather|SunnyDay|[upkeep]\n|upkeep\n|\n|t:|1699750838\n|switch|p1a: more use thn lando|Ribombee, F|43\/100\n|turn|5\n|\n|t:|1699750842\n|move|p1a: more use thn lando|Sticky Web|p2a: Torkoal\n|-sidestart|p2: NinjaDJCee|move: Sticky Web\n|move|p2a: Torkoal|Fire Blast|p1a: more use thn lando\n|-supereffective|p1a: more use thn lando\n|-damage|p1a: more use thn lando|0 fnt\n|faint|p1a: more use thn lando\n|\n|-weather|SunnyDay|[upkeep]\n|upkeep\n|\n|t:|1699750847\n|switch|p1a: mothlamp lovechild|Iron Moth|100\/100\n|-enditem|p1a: mothlamp lovechild|Booster Energy\n|-activate|p1a: mothlamp lovechild|ability: Quark Drive|[fromitem]\n|-start|p1a: mothlamp lovechild|quarkdrivespe\n|turn|6\n|\n|t:|1699750853\n|move|p1a: mothlamp lovechild|Fiery Dance|p2a: Torkoal\n|-resisted|p2a: Torkoal\n|-damage|p2a: Torkoal|64\/100\n|-enditem|p2a: Torkoal|Eject Button\n|\n|t:|1699750857\n|switch|p2a: Cinderace|Cinderace, F, shiny|100\/100\n|\n|-weather|SunnyDay|[upkeep]\n|upkeep\n|turn|7\n|\n|t:|1699750860\n|move|p1a: mothlamp lovechild|Fiery Dance|p2a: Cinderace\n|-resisted|p2a: Cinderace\n|-damage|p2a: Cinderace|54\/100\n|-boost|p1a: mothlamp lovechild|spa|1\n|move|p2a: Cinderace|Court Change|p2a: Cinderace\n|-swapsideconditions\n|-activate|p2a: Cinderace|move: Court Change\n|\n|-weather|none\n|upkeep\n|turn|8\n|\n|t:|1699750867\n|switch|p2a: Walking Wake|Walking Wake|100\/100\n|move|p1a: mothlamp lovechild|Fiery Dance|p2a: Walking Wake\n|-resisted|p2a: Walking Wake\n|-damage|p2a: Walking Wake|84\/100\n|\n|upkeep\n|turn|9\n|\n|t:|1699750872\n|move|p1a: mothlamp lovechild|Dazzling Gleam|p2a: Walking Wake\n|-supereffective|p2a: Walking Wake\n|-damage|p2a: Walking Wake|0 fnt\n|faint|p2a: Walking Wake\n|-end|p2a: Walking Wake|Protosynthesis|[silent]\n|\n|upkeep\n|\n|t:|1699750875\n|switch|p2a: Sandy Shocks|Sandy Shocks, shiny|100\/100\n|turn|10\n|\n|t:|1699750883\n|move|p1a: mothlamp lovechild|Energy Ball|p2a: Sandy Shocks\n|-supereffective|p2a: Sandy Shocks\n|-damage|p2a: Sandy Shocks|0 fnt\n|faint|p2a: Sandy Shocks\n|-end|p2a: Sandy Shocks|Protosynthesis|[silent]\n|\n|upkeep\n|\n|t:|1699750889\n|switch|p2a: Torkoal|Torkoal, F, shiny|64\/100\n|-weather|SunnyDay|[from] ability: Drought|[of] p2a: Torkoal\n|turn|11\n|\n|t:|1699750891\n|move|p1a: mothlamp lovechild|Fiery Dance|p2a: Torkoal\n|-resisted|p2a: Torkoal\n|-damage|p2a: Torkoal|0 fnt\n|-boost|p1a: mothlamp lovechild|spa|1\n|faint|p2a: Torkoal\n|\n|-weather|SunnyDay|[upkeep]\n|upkeep\n|\n|t:|1699750893\n|switch|p2a: Lilligant|Lilligant-Hisui, F, shiny|100\/100\n|turn|12\n|\n|t:|1699750898\n|-terastallize|p2a: Lilligant|Rock\n|move|p2a: Lilligant|Tera Blast|p1a: mothlamp lovechild|[anim] Tera Blast Rock\n|-supereffective|p1a: mothlamp lovechild\n|-damage|p1a: mothlamp lovechild|0 fnt\n|faint|p1a: mothlamp lovechild\n|-end|p1a: mothlamp lovechild|Quark Drive|[silent]\n|-damage|p2a: Lilligant|91\/100|[from] item: Life Orb\n|\n|-weather|SunnyDay|[upkeep]\n|upkeep\n|c|\u2606mangolol|oh fr?\n|\n|t:|1699750907\n|switch|p1a: featured shitmon|Kingambit, F|100\/100\n|-activate|p1a: featured shitmon|ability: Supreme Overlord\n|-start|p1a: featured shitmon|fallen3|[silent]\n|turn|13\n|\n|t:|1699750914\n|switch|p2a: Cinderace|Cinderace, F, shiny|54\/100\n|-end|p1a: featured shitmon|fallen3|[silent]\n|switch|p1a: THE GOT DAMN GOAT|Samurott-Hisui, F|100\/100\n|-activate|p1a: THE GOT DAMN GOAT|move: Sticky Web\n|-unboost|p1a: THE GOT DAMN GOAT|spe|1\n|\n|-weather|SunnyDay|[upkeep]\n|upkeep\n|turn|14\n|\n|t:|1699750920\n|move|p2a: Cinderace|High Jump Kick|p1a: THE GOT DAMN GOAT\n|-supereffective|p1a: THE GOT DAMN GOAT\n|-damage|p1a: THE GOT DAMN GOAT|1\/100\n|move|p1a: THE GOT DAMN GOAT|Razor Shell|p2a: Cinderace\n|-supereffective|p2a: Cinderace\n|-damage|p2a: Cinderace|0 fnt\n|faint|p2a: Cinderace\n|\n|-weather|SunnyDay|[upkeep]\n|upkeep\n|c|\u2606NinjaDJCee|what r the odds\n|c|\u2606NinjaDJCee|bruh\n|\n|t:|1699750937\n|switch|p2a: Lilligant|Lilligant-Hisui, F, shiny, tera:Rock|91\/100\n|turn|15\n|\n|t:|1699750943\n|move|p2a: Lilligant|Leaf Blade|p1a: THE GOT DAMN GOAT\n|-supereffective|p1a: THE GOT DAMN GOAT\n|-damage|p1a: THE GOT DAMN GOAT|0 fnt\n|faint|p1a: THE GOT DAMN GOAT\n|-damage|p2a: Lilligant|81\/100|[from] item: Life Orb\n|\n|-weather|none\n|upkeep\n|\n|t:|1699750946\n|switch|p1a: featured shitmon|Kingambit, F|100\/100\n|-activate|p1a: featured shitmon|ability: Supreme Overlord\n|-start|p1a: featured shitmon|fallen4|[silent]\n|turn|16\n|\n|t:|1699750949\n|move|p1a: featured shitmon|Sucker Punch|p2a: Lilligant\n|-damage|p2a: Lilligant|0 fnt\n|faint|p2a: Lilligant\n|\n|upkeep\n|\n|t:|1699750951\n|switch|p2a: Arcanine|Arcanine-Hisui, F|100\/100 par\n|turn|17\n|\n|t:|1699750956\n|move|p2a: Arcanine|Flare Blitz|p1a: featured shitmon\n|-supereffective|p1a: featured shitmon\n|-damage|p1a: featured shitmon|8\/100\n|-status|p1a: featured shitmon|brn\n|move|p1a: featured shitmon|Kowtow Cleave|p2a: Arcanine\n|-damage|p2a: Arcanine|55\/100 par\n|\n|-damage|p1a: featured shitmon|2\/100 brn|[from] brn\n|upkeep\n|turn|18\n|\n|t:|1699750960\n|move|p1a: featured shitmon|Sucker Punch|p2a: Arcanine\n|-damage|p2a: Arcanine|18\/100 par\n|move|p2a: Arcanine|Flare Blitz|p1a: featured shitmon\n|-supereffective|p1a: featured shitmon\n|-damage|p1a: featured shitmon|0 fnt\n|faint|p1a: featured shitmon\n|-end|p1a: featured shitmon|fallen4|[silent]\n|\n|upkeep\n|\n|t:|1699750961\n|switch|p1a: twink|Iron Valiant|100\/100\n|-activate|p1a: twink|move: Sticky Web\n|-unboost|p1a: twink|spe|1\n|-enditem|p1a: twink|Booster Energy\n|-activate|p1a: twink|ability: Quark Drive|[fromitem]\n|-start|p1a: twink|quarkdrivespa\n|turn|19\n|\n|t:|1699750973\n|move|p1a: twink|Thunderbolt|p2a: Arcanine\n|-damage|p2a: Arcanine|0 fnt\n|faint|p2a: Arcanine\n|\n|win|mangolol\n|raw|mangolol's rating: 1354 &rarr; <strong>1370<\/strong><br \/>(+16 for winning)\n|raw|NinjaDJCee's rating: 1285 &rarr; <strong>1265<\/strong><br \/>(-20 for losing)\n|l|\u2606NinjaDJCee\n|c|\u2606mangolol|crit mattered\n","uploadtime":1699751000,"views":12,"p1id":"mangolol","p2id":"ninjadjcee","formatid":"gen9ou","rating":1265,"private":0,"password":""}