{"id":"gen9ou-1988790706","p1":"Jordevio","p2":"czasf","format":"[Gen 9] OU","log":"|j|\u2606Jordevio\n|j|\u2606czasf\n|t:|1699763598\n|gametype|singles\n|player|p1|Jordevio|gladion|1210\n|player|p2|czasf|backersf|1143\n|teamsize|p1|6\n|teamsize|p2|6\n|gen|9\n|tier|[Gen 9] OU\n|rated|\n|rule|Sleep Clause Mod: Limit one foe put to sleep\n|rule|Species Clause: Limit one of each Pok\u00e9mon\n|rule|OHKO Clause: OHKO moves are banned\n|rule|Evasion Items Clause: Evasion items are banned\n|rule|Evasion Moves Clause: Evasion moves are banned\n|rule|Endless Battle Clause: Forcing endless battles is banned\n|rule|HP Percentage Mod: HP is shown in percentages\n|clearpoke\n|poke|p1|Sneasler, M|\n|poke|p1|Dragonite, F|\n|poke|p1|Kingambit, F|\n|poke|p1|Heatran, M|\n|poke|p1|Cinderace, F|\n|poke|p1|Great Tusk|\n|poke|p2|Kingambit, F|\n|poke|p2|Zapdos|\n|poke|p2|Kleavor, F|\n|poke|p2|Garchomp, F|\n|poke|p2|Gholdengo|\n|poke|p2|Quaquaval, F|\n|teampreview\n|\n|t:|1699763615\n|start\n|switch|p1a: Sneasler|Sneasler, M|100\/100\n|switch|p2a: Garchomp|Garchomp, F|100\/100\n|-item|p1a: Sneasler|Air Balloon\n|turn|1\n|\n|t:|1699763621\n|move|p1a: Sneasler|Fake Out|p2a: Garchomp\n|-damage|p2a: Garchomp|86\/100\n|-damage|p1a: Sneasler|88\/100|[from] ability: Rough Skin|[of] p2a: Garchomp\n|-status|p2a: Garchomp|psn|[from] ability: Poison Touch|[of] p1a: Sneasler\n|cant|p2a: Garchomp|flinch\n|\n|-damage|p2a: Garchomp|73\/100 psn|[from] psn\n|upkeep\n|turn|2\n|\n|t:|1699763631\n|move|p1a: Sneasler|U-turn|p2a: Garchomp\n|-damage|p2a: Garchomp|48\/100 psn\n|-damage|p1a: Sneasler|76\/100|[from] ability: Rough Skin|[of] p2a: Garchomp\n|\n|t:|1699763641\n|switch|p1a: Heatran|Heatran, M|100\/100|[from] U-turn\n|move|p2a: Garchomp|Swords Dance|p2a: Garchomp\n|-boost|p2a: Garchomp|atk|2\n|\n|-damage|p2a: Garchomp|36\/100 psn|[from] psn\n|upkeep\n|turn|3\n|\n|t:|1699763654\n|-terastallize|p1a: Heatran|Grass\n|move|p2a: Garchomp|Earthquake|p1a: Heatran\n|-resisted|p1a: Heatran\n|-damage|p1a: Heatran|58\/100\n|move|p1a: Heatran|Earth Power|p2a: Garchomp\n|-damage|p2a: Garchomp|10\/100 psn\n|\n|-heal|p1a: Heatran|64\/100|[from] item: Leftovers\n|-damage|p2a: Garchomp|0 fnt|[from] psn\n|faint|p2a: Garchomp\n|upkeep\n|\n|t:|1699763670\n|switch|p2a: Quaquaval|Quaquaval, F|100\/100\n|turn|4\n|\n|t:|1699763680\n|move|p2a: Quaquaval|Aqua Step|p1a: Heatran\n|-resisted|p1a: Heatran\n|-damage|p1a: Heatran|45\/100\n|-boost|p2a: Quaquaval|spe|1\n|move|p1a: Heatran|Taunt|p2a: Quaquaval\n|-start|p2a: Quaquaval|move: Taunt\n|\n|-heal|p1a: Heatran|52\/100|[from] item: Leftovers\n|upkeep\n|turn|5\n|\n|t:|1699763691\n|switch|p1a: Dragonite|Dragonite, F|100\/100\n|move|p2a: Quaquaval|U-turn|p1a: Dragonite\n|-resisted|p1a: Dragonite\n|-damage|p1a: Dragonite|94\/100\n|\n|t:|1699763704\n|switch|p2a: Zapdos|Zapdos|100\/100|[from] U-turn\n|\n|upkeep\n|turn|6\n|\n|t:|1699763715\n|move|p2a: Zapdos|Thunder Wave|p1a: Dragonite\n|-status|p1a: Dragonite|par\n|-enditem|p1a: Dragonite|Lum Berry|[eat]\n|-curestatus|p1a: Dragonite|par|[msg]\n|move|p1a: Dragonite|Dragon Dance|p1a: Dragonite\n|-boost|p1a: Dragonite|atk|1\n|-boost|p1a: Dragonite|spe|1\n|\n|upkeep\n|turn|7\n|\n|t:|1699763730\n|switch|p1a: Great Tusk|Great Tusk|100\/100\n|move|p2a: Zapdos|Thunder Wave|p1a: Great Tusk\n|-immune|p1a: Great Tusk\n|\n|upkeep\n|turn|8\n|\n|t:|1699763737\n|move|p2a: Zapdos|Hurricane|p1a: Great Tusk\n|-supereffective|p1a: Great Tusk\n|-damage|p1a: Great Tusk|0 fnt\n|faint|p1a: Great Tusk\n|-end|p1a: Great Tusk|Protosynthesis|[silent]\n|\n|upkeep\n|\n|t:|1699763744\n|switch|p1a: Heatran|Heatran, M, tera:Grass|52\/100\n|turn|9\n|\n|t:|1699763747\n|move|p2a: Zapdos|Hurricane|p1a: Heatran\n|-supereffective|p1a: Heatran\n|-damage|p1a: Heatran|0 fnt\n|faint|p1a: Heatran\n|\n|upkeep\n|\n|t:|1699763754\n|switch|p1a: Sneasler|Sneasler, M|76\/100\n|-item|p1a: Sneasler|Air Balloon\n|turn|10\n|\n|t:|1699763758\n|move|p1a: Sneasler|Fake Out|p2a: Zapdos\n|-damage|p2a: Zapdos|90\/100\n|-status|p1a: Sneasler|par|[from] ability: Static|[of] p2a: Zapdos\n|cant|p2a: Zapdos|flinch\n|\n|upkeep\n|turn|11\n|\n|t:|1699763765\n|move|p2a: Zapdos|Hurricane|p1a: Sneasler\n|-supereffective|p1a: Sneasler\n|-damage|p1a: Sneasler|0 fnt\n|-enditem|p1a: Sneasler|Air Balloon\n|faint|p1a: Sneasler\n|\n|upkeep\n|\n|t:|1699763769\n|switch|p1a: Cinderace|Cinderace, F|100\/100\n|turn|12\n|\n|t:|1699763774\n|move|p1a: Cinderace|Will-O-Wisp|p2a: Zapdos\n|-status|p2a: Zapdos|brn\n|move|p2a: Zapdos|Thunder Wave|p1a: Cinderace\n|-status|p1a: Cinderace|par\n|\n|-damage|p2a: Zapdos|84\/100 brn|[from] brn\n|upkeep\n|turn|13\n|\n|t:|1699763783\n|move|p2a: Zapdos|Hurricane|p1a: Cinderace\n|-damage|p1a: Cinderace|45\/100 par\n|move|p1a: Cinderace|U-turn|p2a: Zapdos\n|-resisted|p2a: Zapdos\n|-damage|p2a: Zapdos|77\/100 brn\n|\n|t:|1699763790\n|switch|p1a: Dragonite|Dragonite, F|94\/100|[from] U-turn\n|\n|-damage|p2a: Zapdos|71\/100 brn|[from] brn\n|upkeep\n|turn|14\n|\n|t:|1699763798\n|switch|p1a: Cinderace|Cinderace, F|45\/100 par\n|move|p2a: Zapdos|Volt Switch|p1a: Cinderace\n|-damage|p1a: Cinderace|11\/100 par\n|\n|t:|1699763805\n|switch|p2a: Kleavor|Kleavor, F|100\/100|[from] Volt Switch\n|\n|upkeep\n|turn|15\n|\n|t:|1699763811\n|move|p2a: Kleavor|Stone Axe|p1a: Cinderace\n|-supereffective|p1a: Cinderace\n|-damage|p1a: Cinderace|0 fnt\n|-sidestart|p1: Jordevio|move: Stealth Rock\n|faint|p1a: Cinderace\n|\n|upkeep\n|\n|t:|1699763813\n|switch|p1a: Dragonite|Dragonite, F|94\/100\n|-damage|p1a: Dragonite|69\/100|[from] Stealth Rock\n|turn|16\n|\n|t:|1699763820\n|move|p2a: Kleavor|Stone Axe|p1a: Dragonite\n|-supereffective|p1a: Dragonite\n|-damage|p1a: Dragonite|0 fnt\n|faint|p1a: Dragonite\n|\n|upkeep\n|\n|t:|1699763826\n|switch|p1a: Kingambit|Kingambit, F|100\/100\n|-damage|p1a: Kingambit|94\/100|[from] Stealth Rock\n|-activate|p1a: Kingambit|ability: Supreme Overlord\n|-start|p1a: Kingambit|fallen5|[silent]\n|turn|17\n|\n|t:|1699763836\n|move|p1a: Kingambit|Sucker Punch|p2a: Kleavor\n|-damage|p2a: Kleavor|8\/100\n|move|p2a: Kleavor|Stone Axe|p1a: Kingambit\n|-resisted|p1a: Kingambit\n|-damage|p1a: Kingambit|76\/100\n|\n|upkeep\n|turn|18\n|\n|t:|1699763844\n|move|p1a: Kingambit|Sucker Punch|p2a: Kleavor\n|-damage|p2a: Kleavor|0 fnt\n|faint|p2a: Kleavor\n|\n|upkeep\n|\n|t:|1699763855\n|switch|p2a: Kingambit|Kingambit, F|100\/100\n|-activate|p2a: Kingambit|ability: Supreme Overlord\n|-start|p2a: Kingambit|fallen2|[silent]\n|turn|19\n|\n|t:|1699763867\n|move|p2a: Kingambit|Grass Knot|p1a: Kingambit\n|-resisted|p1a: Kingambit\n|-damage|p1a: Kingambit|68\/100\n|move|p1a: Kingambit|Low Kick|p2a: Kingambit\n|-supereffective|p2a: Kingambit\n|-damage|p2a: Kingambit|0 fnt\n|faint|p2a: Kingambit\n|-end|p2a: Kingambit|fallen2|[silent]\n|\n|upkeep\n|\n|t:|1699763876\n|switch|p2a: Zapdos|Zapdos|71\/100 brn\n|turn|20\n|\n|t:|1699763881\n|move|p2a: Zapdos|Thunder Wave|p1a: Kingambit\n|-status|p1a: Kingambit|par\n|move|p1a: Kingambit|Kowtow Cleave|p2a: Zapdos\n|-crit|p2a: Zapdos\n|-damage|p2a: Zapdos|0 fnt\n|faint|p2a: Zapdos\n|\n|upkeep\n|\n|t:|1699763889\n|switch|p2a: Gholdengo|Gholdengo|100\/100\n|turn|21\n|\n|t:|1699763901\n|move|p1a: Kingambit|Sucker Punch|p2a: Gholdengo\n|-supereffective|p2a: Gholdengo\n|-damage|p2a: Gholdengo|0 fnt\n|faint|p2a: Gholdengo\n|\n|upkeep\n|\n|t:|1699763905\n|switch|p2a: Quaquaval|Quaquaval, F|100\/100\n|turn|22\n|\n|t:|1699763909\n|move|p1a: Kingambit|Sucker Punch||[still]\n|-fail|p1a: Kingambit\n|move|p2a: Quaquaval|Swords Dance|p2a: Quaquaval\n|-boost|p2a: Quaquaval|atk|2\n|\n|upkeep\n|turn|23\n|\n|t:|1699763916\n|-terastallize|p2a: Quaquaval|Water\n|move|p1a: Kingambit|Sucker Punch|p2a: Quaquaval\n|-damage|p2a: Quaquaval|0 fnt\n|faint|p2a: Quaquaval\n|\n|win|Jordevio\n|raw|Jordevio's rating: 1210 &rarr; <strong>1230<\/strong><br \/>(+20 for winning)\n|raw|czasf's rating: 1143 &rarr; <strong>1123<\/strong><br \/>(-20 for losing)\n","uploadtime":1699763927,"views":9,"p1id":"jordevio","p2id":"czasf","formatid":"gen9ou","rating":1123,"private":0,"password":""}