{"id":"gen9ou-2000015583","p1":"ghostgallade","p2":"Big zuez","format":"[Gen 9] OU","log":"|j|\u2606ghostgallade\n|j|\u2606Big zuez\n|t:|1701141461\n|gametype|singles\n|player|p1|ghostgallade|n|1552\n|player|p2|Big zuez|brock|1487\n|teamsize|p1|6\n|teamsize|p2|6\n|gen|9\n|tier|[Gen 9] OU\n|rated|\n|rule|Sleep Clause Mod: Limit one foe put to sleep\n|rule|Species Clause: Limit one of each Pok\u00e9mon\n|rule|OHKO Clause: OHKO moves are banned\n|rule|Evasion Items Clause: Evasion items are banned\n|rule|Evasion Moves Clause: Evasion moves are banned\n|rule|Endless Battle Clause: Forcing endless battles is banned\n|rule|HP Percentage Mod: HP is shown in percentages\n|clearpoke\n|poke|p1|Glimmora, F|\n|poke|p1|Kingambit, M|\n|poke|p1|Iron Valiant|\n|poke|p1|Dragapult, M|\n|poke|p1|Landorus-Therian, M|\n|poke|p1|Hatterene, F|\n|poke|p2|Dragonite, F|\n|poke|p2|Magnezone|\n|poke|p2|Tinkaton, F|\n|poke|p2|Zamazenta-*|\n|poke|p2|Blissey, F|\n|poke|p2|Clefable, M|\n|teampreview\n|inactive|Battle timer is ON: inactive players will automatically lose when time's up. (requested by Big zuez)\n|\n|t:|1701141471\n|start\n|switch|p1a: Glimmora|Glimmora, F|100\/100\n|switch|p2a: Tinkaton|Tinkaton, F|100\/100\n|turn|1\n|\n|t:|1701141474\n|move|p2a: Tinkaton|Gigaton Hammer|p1a: Glimmora\n|-supereffective|p1a: Glimmora\n|-enditem|p1a: Glimmora|Focus Sash\n|-damage|p1a: Glimmora|1\/100\n|-activate|p1a: Glimmora|ability: Toxic Debris\n|-sidestart|p2: Big zuez|move: Toxic Spikes\n|move|p1a: Glimmora|Stealth Rock|p2a: Tinkaton\n|-sidestart|p2: Big zuez|move: Stealth Rock\n|\n|upkeep\n|turn|2\n|\n|t:|1701141484\n|move|p2a: Tinkaton|Knock Off|p1a: Glimmora\n|-damage|p1a: Glimmora|0 fnt\n|-activate|p1a: Glimmora|ability: Toxic Debris\n|-sidestart|p2: Big zuez|move: Toxic Spikes\n|faint|p1a: Glimmora\n|\n|upkeep\n|\n|t:|1701141490\n|switch|p1a: Landorus|Landorus-Therian, M|100\/100\n|-ability|p1a: Landorus|Intimidate|boost\n|-unboost|p2a: Tinkaton|atk|1\n|turn|3\n|\n|t:|1701141497\n|move|p1a: Landorus|U-turn|p2a: Tinkaton\n|-resisted|p2a: Tinkaton\n|-damage|p2a: Tinkaton|92\/100\n|\n|t:|1701141500\n|switch|p1a: Hatterene|Hatterene, F|100\/100|[from] U-turn\n|move|p2a: Tinkaton|Knock Off|p1a: Hatterene\n|-damage|p1a: Hatterene|90\/100\n|-enditem|p1a: Hatterene|Eject Button|[from] move: Knock Off|[of] p2a: Tinkaton\n|\n|upkeep\n|turn|4\n|\n|t:|1701141507\n|switch|p1a: Landorus|Landorus-Therian, M|100\/100\n|-ability|p1a: Landorus|Intimidate|boost\n|-unboost|p2a: Tinkaton|atk|1\n|move|p2a: Tinkaton|Gigaton Hammer|p1a: Landorus\n|-damage|p1a: Landorus|72\/100\n|\n|upkeep\n|turn|5\n|\n|t:|1701141519\n|switch|p2a: Clefable|Clefable, M|100\/100\n|move|p1a: Landorus|Earthquake|p2a: Clefable\n|-damage|p2a: Clefable|57\/100\n|\n|upkeep\n|turn|6\n|\n|t:|1701141525\n|move|p1a: Landorus|Earthquake|p2a: Clefable\n|-damage|p2a: Clefable|12\/100\n|move|p2a: Clefable|Knock Off|p1a: Landorus\n|-damage|p1a: Landorus|55\/100\n|-enditem|p1a: Landorus|Choice Scarf|[from] move: Knock Off|[of] p2a: Clefable\n|\n|upkeep\n|turn|7\n|\n|t:|1701141536\n|move|p1a: Landorus|Stone Edge|p2a: Clefable\n|-damage|p2a: Clefable|0 fnt\n|faint|p2a: Clefable\n|\n|upkeep\n|\n|t:|1701141549\n|switch|p2a: Dragonite|Dragonite, F|100\/100\n|turn|8\n|\n|t:|1701141557\n|move|p1a: Landorus|U-turn|p2a: Dragonite\n|-resisted|p2a: Dragonite\n|-damage|p2a: Dragonite|94\/100\n|\n|t:|1701141559\n|switch|p1a: Hatterene|Hatterene, F|90\/100|[from] U-turn\n|move|p2a: Dragonite|Dragon Dance|p2a: Dragonite\n|-boost|p2a: Dragonite|atk|1\n|-boost|p2a: Dragonite|spe|1\n|\n|upkeep\n|turn|9\n|\n|t:|1701141570\n|-terastallize|p2a: Dragonite|Normal\n|-terastallize|p1a: Hatterene|Steel\n|move|p2a: Dragonite|Dragon Dance|p2a: Dragonite\n|-boost|p2a: Dragonite|atk|1\n|-boost|p2a: Dragonite|spe|1\n|move|p1a: Hatterene|Nuzzle|p2a: Dragonite\n|-damage|p2a: Dragonite|90\/100\n|-status|p2a: Dragonite|par\n|\n|upkeep\n|turn|10\n|\n|t:|1701141578\n|move|p2a: Dragonite|Fire Punch|p1a: Hatterene\n|-supereffective|p1a: Hatterene\n|-damage|p1a: Hatterene|0 fnt\n|faint|p1a: Hatterene\n|\n|upkeep\n|\n|t:|1701141581\n|switch|p1a: Landorus|Landorus-Therian, M|55\/100\n|-ability|p1a: Landorus|Intimidate|boost\n|-unboost|p2a: Dragonite|atk|1\n|turn|11\n|\n|t:|1701141587\n|move|p1a: Landorus|Earthquake|p2a: Dragonite\n|-damage|p2a: Dragonite|26\/100 par\n|move|p2a: Dragonite|Dragon Dance|p2a: Dragonite\n|-boost|p2a: Dragonite|atk|1\n|-boost|p2a: Dragonite|spe|1\n|\n|upkeep\n|turn|12\n|\n|t:|1701141594\n|move|p2a: Dragonite|Extreme Speed|p1a: Landorus\n|-damage|p1a: Landorus|0 fnt\n|faint|p1a: Landorus\n|\n|upkeep\n|\n|t:|1701141597\n|switch|p1a: Dragapult|Dragapult, M|100\/100\n|turn|13\n|\n|t:|1701141602\n|switch|p2a: Blissey|Blissey, F|100\/100\n|-status|p2a: Blissey|tox\n|-damage|p2a: Blissey|88\/100 tox|[from] Stealth Rock\n|move|p1a: Dragapult|Shadow Ball|p2a: Blissey\n|-immune|p2a: Blissey\n|\n|-heal|p2a: Blissey|94\/100 tox|[from] item: Leftovers\n|-damage|p2a: Blissey|88\/100 tox|[from] psn\n|upkeep\n|turn|14\n|\n|t:|1701141611\n|switch|p1a: Kingambit|Kingambit, M|100\/100\n|-activate|p1a: Kingambit|ability: Supreme Overlord\n|-start|p1a: Kingambit|fallen3|[silent]\n|move|p2a: Blissey|Stealth Rock|p1a: Kingambit\n|-sidestart|p1: ghostgallade|move: Stealth Rock\n|\n|-heal|p2a: Blissey|94\/100 tox|[from] item: Leftovers\n|-damage|p2a: Blissey|82\/100 tox|[from] psn\n|upkeep\n|turn|15\n|\n|t:|1701141620\n|-curestatus|p2a: Blissey|tox|[from] ability: Natural Cure\n|switch|p2a: Tinkaton|Tinkaton, F|92\/100\n|-end|p1a: Kingambit|fallen3|[silent]\n|switch|p1a: Dragapult|Dragapult, M|100\/100\n|-damage|p1a: Dragapult|88\/100|[from] Stealth Rock\n|\n|upkeep\n|turn|16\n|\n|t:|1701141630\n|move|p1a: Dragapult|Flamethrower|p2a: Tinkaton\n|-supereffective|p2a: Tinkaton\n|-damage|p2a: Tinkaton|21\/100\n|move|p2a: Tinkaton|Knock Off|p1a: Dragapult\n|-supereffective|p1a: Dragapult\n|-damage|p1a: Dragapult|39\/100\n|-enditem|p1a: Dragapult|Choice Specs|[from] move: Knock Off|[of] p2a: Tinkaton\n|\n|upkeep\n|turn|17\n|\n|t:|1701141647\n|switch|p2a: Blissey|Blissey, F|82\/100\n|-status|p2a: Blissey|tox\n|-damage|p2a: Blissey|69\/100 tox|[from] Stealth Rock\n|move|p1a: Dragapult|Flamethrower|p2a: Blissey\n|-damage|p2a: Blissey|62\/100 tox\n|\n|-heal|p2a: Blissey|68\/100 tox|[from] item: Leftovers\n|-damage|p2a: Blissey|62\/100 tox|[from] psn\n|upkeep\n|turn|18\n|\n|t:|1701141651\n|move|p1a: Dragapult|U-turn|p2a: Blissey\n|-damage|p2a: Blissey|28\/100 tox\n|\n|t:|1701141653\n|switch|p1a: Kingambit|Kingambit, M|100\/100|[from] U-turn\n|-damage|p1a: Kingambit|94\/100|[from] Stealth Rock\n|-activate|p1a: Kingambit|ability: Supreme Overlord\n|-start|p1a: Kingambit|fallen3|[silent]\n|move|p2a: Blissey|Soft-Boiled|p2a: Blissey\n|-heal|p2a: Blissey|78\/100 tox\n|\n|-heal|p2a: Blissey|84\/100 tox|[from] item: Leftovers\n|-heal|p1a: Kingambit|100\/100|[from] item: Leftovers\n|-damage|p2a: Blissey|72\/100 tox|[from] psn\n|upkeep\n|turn|19\n|\n|t:|1701141672\n|-curestatus|p2a: Blissey|tox|[from] ability: Natural Cure\n|switch|p2a: Tinkaton|Tinkaton, F|21\/100\n|move|p1a: Kingambit|Swords Dance|p1a: Kingambit\n|-boost|p1a: Kingambit|atk|2\n|\n|upkeep\n|turn|20\n|\n|t:|1701141680\n|move|p1a: Kingambit|Sucker Punch||[still]\n|-fail|p1a: Kingambit\n|move|p2a: Tinkaton|Encore|p1a: Kingambit\n|-start|p1a: Kingambit|Encore\n|\n|upkeep\n|turn|21\n|\n|t:|1701141686\n|move|p1a: Kingambit|Sucker Punch||[still]\n|-fail|p1a: Kingambit\n|move|p2a: Tinkaton|Thunder Wave|p1a: Kingambit\n|-status|p1a: Kingambit|par\n|\n|upkeep\n|turn|22\n|\n|t:|1701141695\n|move|p1a: Kingambit|Sucker Punch||[still]\n|-fail|p1a: Kingambit\n|move|p2a: Tinkaton|Encore||[still]\n|-fail|p2a: Tinkaton\n|\n|upkeep\n|turn|23\n|\n|t:|1701141699\n|cant|p1a: Kingambit|par\n|move|p2a: Tinkaton|Encore||[still]\n|-fail|p2a: Tinkaton\n|\n|-end|p1a: Kingambit|Encore\n|upkeep\n|turn|24\n|\n|t:|1701141709\n|-end|p1a: Kingambit|fallen3|[silent]\n|switch|p1a: Dragapult|Dragapult, M|39\/100\n|-damage|p1a: Dragapult|27\/100|[from] Stealth Rock\n|move|p2a: Tinkaton|Encore||[still]\n|-fail|p2a: Tinkaton\n|\n|upkeep\n|turn|25\n|\n|t:|1701141722\n|switch|p2a: Dragonite|Dragonite, F, tera:Normal|26\/100 par\n|move|p1a: Dragapult|U-turn|p2a: Dragonite\n|-damage|p2a: Dragonite|7\/100 par\n|\n|t:|1701141727\n|switch|p1a: Kingambit|Kingambit, M|100\/100 par|[from] U-turn\n|-damage|p1a: Kingambit|94\/100 par|[from] Stealth Rock\n|-activate|p1a: Kingambit|ability: Supreme Overlord\n|-start|p1a: Kingambit|fallen3|[silent]\n|\n|-heal|p1a: Kingambit|100\/100 par|[from] item: Leftovers\n|upkeep\n|turn|26\n|\n|t:|1701141732\n|move|p2a: Dragonite|Earthquake|p1a: Kingambit\n|-supereffective|p1a: Kingambit\n|-damage|p1a: Kingambit|44\/100 par\n|move|p1a: Kingambit|Swords Dance|p1a: Kingambit\n|-boost|p1a: Kingambit|atk|2\n|\n|-heal|p1a: Kingambit|50\/100 par|[from] item: Leftovers\n|upkeep\n|turn|27\n|\n|t:|1701141740\n|move|p2a: Dragonite|Extreme Speed|p1a: Kingambit\n|-resisted|p1a: Kingambit\n|-damage|p1a: Kingambit|35\/100 par\n|move|p1a: Kingambit|Sucker Punch||[still]\n|-fail|p1a: Kingambit\n|\n|-heal|p1a: Kingambit|41\/100 par|[from] item: Leftovers\n|upkeep\n|turn|28\n|\n|t:|1701141746\n|move|p1a: Kingambit|Sucker Punch|p2a: Dragonite\n|-damage|p2a: Dragonite|0 fnt\n|faint|p2a: Dragonite\n|\n|-heal|p1a: Kingambit|48\/100 par|[from] item: Leftovers\n|upkeep\n|\n|t:|1701141751\n|switch|p2a: Zamazenta|Zamazenta|100\/100\n|-status|p2a: Zamazenta|tox\n|-damage|p2a: Zamazenta|95\/100 tox|[from] Stealth Rock\n|-ability|p2a: Zamazenta|Dauntless Shield|boost\n|-boost|p2a: Zamazenta|def|1\n|turn|29\n|\n|t:|1701141757\n|move|p2a: Zamazenta|Substitute|p2a: Zamazenta\n|-start|p2a: Zamazenta|Substitute\n|-damage|p2a: Zamazenta|70\/100 tox\n|cant|p1a: Kingambit|par\n|\n|-heal|p2a: Zamazenta|76\/100 tox|[from] item: Leftovers\n|-heal|p1a: Kingambit|54\/100 par|[from] item: Leftovers\n|-damage|p2a: Zamazenta|70\/100 tox|[from] psn\n|upkeep\n|turn|30\n|\n|t:|1701141762\n|move|p2a: Zamazenta|Body Press|p1a: Kingambit\n|-supereffective|p1a: Kingambit\n|-damage|p1a: Kingambit|0 fnt\n|faint|p1a: Kingambit\n|-end|p1a: Kingambit|fallen3|[silent]\n|\n|-heal|p2a: Zamazenta|76\/100 tox|[from] item: Leftovers\n|-damage|p2a: Zamazenta|64\/100 tox|[from] psn\n|upkeep\n|\n|t:|1701141765\n|switch|p1a: Dragapult|Dragapult, M|27\/100\n|-damage|p1a: Dragapult|14\/100|[from] Stealth Rock\n|turn|31\n|\n|t:|1701141771\n|switch|p2a: Blissey|Blissey, F|72\/100\n|-status|p2a: Blissey|tox\n|-damage|p2a: Blissey|59\/100 tox|[from] Stealth Rock\n|move|p1a: Dragapult|Draco Meteor|p2a: Blissey\n|-damage|p2a: Blissey|43\/100 tox\n|-unboost|p1a: Dragapult|spa|2\n|\n|-heal|p2a: Blissey|49\/100 tox|[from] item: Leftovers\n|-damage|p2a: Blissey|43\/100 tox|[from] psn\n|upkeep\n|turn|32\n|\n|t:|1701141780\n|move|p1a: Dragapult|U-turn|p2a: Blissey\n|-damage|p2a: Blissey|6\/100 tox\n|\n|t:|1701141782\n|switch|p1a: Iron Valiant|Iron Valiant|100\/100|[from] U-turn\n|-damage|p1a: Iron Valiant|94\/100|[from] Stealth Rock\n|-enditem|p1a: Iron Valiant|Booster Energy\n|-activate|p1a: Iron Valiant|ability: Quark Drive|[fromitem]\n|-start|p1a: Iron Valiant|quarkdrivespe\n|move|p2a: Blissey|Soft-Boiled|p2a: Blissey\n|-heal|p2a: Blissey|56\/100 tox\n|\n|-heal|p2a: Blissey|62\/100 tox|[from] item: Leftovers\n|-damage|p2a: Blissey|50\/100 tox|[from] psn\n|upkeep\n|turn|33\n|\n|t:|1701141799\n|move|p1a: Iron Valiant|Swords Dance|p1a: Iron Valiant\n|-boost|p1a: Iron Valiant|atk|2\n|move|p2a: Blissey|Soft-Boiled|p2a: Blissey\n|-heal|p2a: Blissey|99\/100 tox\n|\n|-heal|p2a: Blissey|100\/100 tox|[from] item: Leftovers\n|-damage|p2a: Blissey|82\/100 tox|[from] psn\n|upkeep\n|turn|34\n|\n|t:|1701141823\n|-curestatus|p2a: Blissey|tox|[from] ability: Natural Cure\n|switch|p2a: Tinkaton|Tinkaton, F|21\/100\n|move|p1a: Iron Valiant|Knock Off|p2a: Tinkaton\n|-resisted|p2a: Tinkaton\n|-damage|p2a: Tinkaton|0 fnt\n|-enditem|p2a: Tinkaton|Heavy-Duty Boots|[from] move: Knock Off|[of] p1a: Iron Valiant\n|faint|p2a: Tinkaton\n|\n|upkeep\n|\n|t:|1701141827\n|switch|p2a: Zamazenta|Zamazenta|64\/100 tox\n|-damage|p2a: Zamazenta|58\/100 tox|[from] Stealth Rock\n|turn|35\n|\n|t:|1701141841\n|move|p1a: Iron Valiant|Close Combat|p2a: Zamazenta\n|-damage|p2a: Zamazenta|0 fnt\n|-unboost|p1a: Iron Valiant|def|1\n|-unboost|p1a: Iron Valiant|spd|1\n|faint|p2a: Zamazenta\n|\n|upkeep\n|\n|t:|1701141845\n|switch|p2a: Magnezone|Magnezone|100\/100\n|-damage|p2a: Magnezone|94\/100|[from] Stealth Rock\n|turn|36\n|\n|t:|1701141850\n|move|p1a: Iron Valiant|Close Combat|p2a: Magnezone\n|-supereffective|p2a: Magnezone\n|-damage|p2a: Magnezone|0 fnt\n|-unboost|p1a: Iron Valiant|def|1\n|-unboost|p1a: Iron Valiant|spd|1\n|faint|p2a: Magnezone\n|\n|upkeep\n|-message|Big zuez forfeited.\n|\n|win|ghostgallade\n|raw|ghostgallade's rating: 1552 &rarr; <strong>1568<\/strong><br \/>(+16 for winning)\n|raw|Big zuez's rating: 1487 &rarr; <strong>1471<\/strong><br \/>(-16 for losing)\n|l|\u2606Big zuez\n","uploadtime":1701141870,"views":11,"p1id":"ghostgallade","p2id":"bigzuez","formatid":"gen9ou","rating":1471,"private":0,"password":""}