{"id":"gen9ou-1988487172","p1":"JoeZomB","p2":"FIRE LORD AESON!","format":"[Gen 9] OU","log":"|j|\u2606JoeZomB\n|j|\u2606FIRE LORD AESON!\n|t:|1699728196\n|gametype|singles\n|player|p1|JoeZomB|clerkf|1594\n|player|p2|FIRE LORD AESON!|red-gen1|1617\n|teamsize|p1|6\n|teamsize|p2|6\n|gen|9\n|tier|[Gen 9] OU\n|rated|\n|rule|Sleep Clause Mod: Limit one foe put to sleep\n|rule|Species Clause: Limit one of each Pok\u00e9mon\n|rule|OHKO Clause: OHKO moves are banned\n|rule|Evasion Items Clause: Evasion items are banned\n|rule|Evasion Moves Clause: Evasion moves are banned\n|rule|Endless Battle Clause: Forcing endless battles is banned\n|rule|HP Percentage Mod: HP is shown in percentages\n|clearpoke\n|poke|p1|Mandibuzz, F|\n|poke|p1|Dragapult, M|\n|poke|p1|Empoleon, M|\n|poke|p1|Slowking-Galar, M|\n|poke|p1|Great Tusk|\n|poke|p1|Cinderace, M|\n|poke|p2|Ceruledge, F|\n|poke|p2|Torkoal, F|\n|poke|p2|Heatran, F|\n|poke|p2|Cinderace, M|\n|poke|p2|Rotom-Heat|\n|poke|p2|Armarouge, M|\n|teampreview\n|inactive|Battle timer is ON: inactive players will automatically lose when time's up. (requested by JoeZomB)\n|\n|t:|1699728215\n|start\n|switch|p1a: Great Tusk|Great Tusk|100\/100\n|switch|p2a: ArmaROUGENATIONX|Armarouge, M|100\/100\n|turn|1\n|\n|t:|1699728230\n|-end|p1a: Great Tusk|Protosynthesis|[silent]\n|switch|p1a: Slowking|Slowking-Galar, M|100\/100\n|move|p2a: ArmaROUGENATIONX|Calm Mind|p2a: ArmaROUGENATIONX\n|-boost|p2a: ArmaROUGENATIONX|spa|1\n|-boost|p2a: ArmaROUGENATIONX|spd|1\n|\n|upkeep\n|turn|2\n|\n|t:|1699728235\n|move|p2a: ArmaROUGENATIONX|Psychic|p1a: Slowking\n|-damage|p1a: Slowking|43\/100\n|move|p1a: Slowking|Trick|p2a: ArmaROUGENATIONX\n|-activate|p1a: Slowking|move: Trick|[of] p2a: ArmaROUGENATIONX\n|-item|p2a: ArmaROUGENATIONX|Black Sludge|[from] move: Trick\n|-item|p1a: Slowking|Focus Sash|[from] move: Trick\n|\n|-damage|p2a: ArmaROUGENATIONX|88\/100|[from] item: Black Sludge\n|upkeep\n|turn|3\n|\n|t:|1699728250\n|switch|p1a: Empoleon|Empoleon, M|100\/100\n|move|p2a: ArmaROUGENATIONX|Armor Cannon|p1a: Empoleon\n|-damage|p1a: Empoleon|38\/100\n|-unboost|p2a: ArmaROUGENATIONX|def|1\n|-unboost|p2a: ArmaROUGENATIONX|spd|1\n|\n|-damage|p2a: ArmaROUGENATIONX|76\/100|[from] item: Black Sludge\n|-heal|p1a: Empoleon|45\/100|[from] item: Leftovers\n|upkeep\n|turn|4\n|\n|t:|1699728265\n|switch|p1a: Dragapult|Dragapult, M|100\/100\n|move|p2a: ArmaROUGENATIONX|Armor Cannon|p1a: Dragapult\n|-resisted|p1a: Dragapult\n|-damage|p1a: Dragapult|30\/100\n|-unboost|p2a: ArmaROUGENATIONX|def|1\n|-unboost|p2a: ArmaROUGENATIONX|spd|1\n|\n|-damage|p2a: ArmaROUGENATIONX|64\/100|[from] item: Black Sludge\n|upkeep\n|turn|5\n|\n|t:|1699728292\n|move|p1a: Dragapult|Shadow Ball|p2a: ArmaROUGENATIONX\n|-supereffective|p2a: ArmaROUGENATIONX\n|-damage|p2a: ArmaROUGENATIONX|0 fnt\n|faint|p2a: ArmaROUGENATIONX\n|\n|upkeep\n|\n|t:|1699728300\n|switch|p2a: LUCKY!|Rotom-Heat|100\/100\n|turn|6\n|\n|t:|1699728313\n|switch|p1a: Cinderace|Cinderace, M|100\/100\n|move|p2a: LUCKY!|Substitute|p2a: LUCKY!\n|-start|p2a: LUCKY!|Substitute\n|-damage|p2a: LUCKY!|76\/100\n|\n|upkeep\n|turn|7\n|\n|t:|1699728321\n|move|p1a: Cinderace|U-turn|p2a: LUCKY!\n|-resisted|p2a: LUCKY!\n|-activate|p2a: LUCKY!|move: Substitute|[damage]\n|\n|t:|1699728324\n|switch|p1a: Dragapult|Dragapult, M|30\/100|[from] U-turn\n|move|p2a: LUCKY!|Nasty Plot|p2a: LUCKY!\n|-boost|p2a: LUCKY!|spa|2\n|\n|upkeep\n|turn|8\n|\n|t:|1699728336\n|move|p1a: Dragapult|Draco Meteor|p2a: LUCKY!\n|-damage|p2a: LUCKY!|0 fnt\n|-unboost|p1a: Dragapult|spa|2\n|faint|p2a: LUCKY!\n|\n|upkeep\n|c|\u2606FIRE LORD AESON!|oof!!\n|c|\u2606JoeZomB|expected u to tera steel and sweep me lmao\n|inactive|FIRE LORD AESON! has 120 seconds left.\n|\n|t:|1699728369\n|switch|p2a: $EXY @AESON UTUBE!|Ceruledge, F|100\/100\n|turn|9\n|c|\u2606FIRE LORD AESON!|im not that good lol\n|inactive|FIRE LORD AESON! has 120 seconds left.\n|\n|t:|1699728380\n|switch|p1a: Mandibuzz|Mandibuzz, F|100\/100\n|move|p2a: $EXY @AESON UTUBE!|Swords Dance|p2a: $EXY @AESON UTUBE!\n|-boost|p2a: $EXY @AESON UTUBE!|atk|2\n|\n|upkeep\n|turn|10\n|\n|t:|1699728390\n|switch|p2a: SUBSCRIBE 2 AESON!|Torkoal, F|100\/100\n|-weather|SunnyDay|[from] ability: Drought|[of] p2a: SUBSCRIBE 2 AESON!\n|move|p1a: Mandibuzz|Toxic|p2a: SUBSCRIBE 2 AESON!\n|-status|p2a: SUBSCRIBE 2 AESON!|tox\n|\n|-weather|SunnyDay|[upkeep]\n|-damage|p2a: SUBSCRIBE 2 AESON!|94\/100 tox|[from] psn\n|upkeep\n|turn|11\n|\n|t:|1699728395\n|move|p1a: Mandibuzz|U-turn|p2a: SUBSCRIBE 2 AESON!\n|-resisted|p2a: SUBSCRIBE 2 AESON!\n|-damage|p2a: SUBSCRIBE 2 AESON!|91\/100 tox\n|\n|t:|1699728398\n|switch|p1a: Empoleon|Empoleon, M|45\/100|[from] U-turn\n|move|p2a: SUBSCRIBE 2 AESON!|Stealth Rock|p1a: Empoleon\n|-sidestart|p1: JoeZomB|move: Stealth Rock\n|\n|-weather|SunnyDay|[upkeep]\n|-heal|p1a: Empoleon|51\/100|[from] item: Leftovers\n|-damage|p2a: SUBSCRIBE 2 AESON!|78\/100 tox|[from] psn\n|upkeep\n|turn|12\n|\n|t:|1699728401\n|move|p1a: Empoleon|Roost|p1a: Empoleon\n|-heal|p1a: Empoleon|100\/100\n|-singleturn|p1a: Empoleon|move: Roost\n|move|p2a: SUBSCRIBE 2 AESON!|Yawn|p1a: Empoleon\n|-start|p1a: Empoleon|move: Yawn|[of] p2a: SUBSCRIBE 2 AESON!\n|\n|-weather|SunnyDay|[upkeep]\n|-damage|p2a: SUBSCRIBE 2 AESON!|60\/100 tox|[from] psn\n|upkeep\n|turn|13\n|\n|t:|1699728411\n|switch|p1a: Cinderace|Cinderace, M|100\/100\n|move|p2a: SUBSCRIBE 2 AESON!|Yawn|p1a: Cinderace\n|-start|p1a: Cinderace|move: Yawn|[of] p2a: SUBSCRIBE 2 AESON!\n|\n|-weather|SunnyDay|[upkeep]\n|-damage|p2a: SUBSCRIBE 2 AESON!|36\/100 tox|[from] psn\n|upkeep\n|turn|14\n|\n|t:|1699728418\n|move|p1a: Cinderace|U-turn|p2a: SUBSCRIBE 2 AESON!\n|-resisted|p2a: SUBSCRIBE 2 AESON!\n|-damage|p2a: SUBSCRIBE 2 AESON!|29\/100 tox\n|\n|t:|1699728422\n|switch|p1a: Slowking|Slowking-Galar, M|77\/100|[from] U-turn\n|-damage|p1a: Slowking|64\/100|[from] Stealth Rock\n|move|p2a: SUBSCRIBE 2 AESON!|Yawn|p1a: Slowking\n|-start|p1a: Slowking|move: Yawn|[of] p2a: SUBSCRIBE 2 AESON!\n|\n|-weather|SunnyDay|[upkeep]\n|-damage|p2a: SUBSCRIBE 2 AESON!|0 fnt|[from] psn\n|faint|p2a: SUBSCRIBE 2 AESON!\n|upkeep\n|\n|t:|1699728432\n|switch|p2a: PLAYBOY|Cinderace, M|100\/100\n|turn|15\n|\n|t:|1699728440\n|switch|p1a: Cinderace|Cinderace, M|100\/100\n|move|p2a: PLAYBOY|Pyro Ball|p1a: Cinderace\n|-resisted|p1a: Cinderace\n|-damage|p1a: Cinderace|31\/100\n|-damage|p2a: PLAYBOY|91\/100|[from] item: Life Orb\n|\n|-weather|SunnyDay|[upkeep]\n|upkeep\n|turn|16\n|\n|t:|1699728445\n|move|p1a: Cinderace|Court Change|p1a: Cinderace\n|-swapsideconditions\n|-activate|p1a: Cinderace|move: Court Change\n|move|p2a: PLAYBOY|Pyro Ball|p1a: Cinderace\n|-resisted|p1a: Cinderace\n|-damage|p1a: Cinderace|0 fnt\n|faint|p1a: Cinderace\n|-damage|p2a: PLAYBOY|81\/100|[from] item: Life Orb\n|\n|-weather|SunnyDay|[upkeep]\n|upkeep\n|\n|t:|1699728454\n|switch|p1a: Great Tusk|Great Tusk|100\/100\n|-activate|p1a: Great Tusk|ability: Protosynthesis\n|-start|p1a: Great Tusk|protosynthesisdef\n|turn|17\n|\n|t:|1699728463\n|switch|p2a: ROAD 2 RESPECT!|Heatran, F|100\/100\n|-damage|p2a: ROAD 2 RESPECT!|88\/100|[from] Stealth Rock\n|-item|p2a: ROAD 2 RESPECT!|Air Balloon\n|move|p1a: Great Tusk|Earthquake|p2a: ROAD 2 RESPECT!\n|-immune|p2a: ROAD 2 RESPECT!\n|\n|-weather|none\n|-end|p1a: Great Tusk|Protosynthesis\n|upkeep\n|turn|18\n|\n|t:|1699728472\n|-end|p1a: Great Tusk|Protosynthesis|[silent]\n|switch|p1a: Slowking|Slowking-Galar, M|97\/100\n|move|p2a: ROAD 2 RESPECT!|Magma Storm|p1a: Slowking\n|-damage|p1a: Slowking|52\/100\n|-activate|p1a: Slowking|move: Magma Storm|[of] p2a: ROAD 2 RESPECT!\n|\n|-damage|p1a: Slowking|39\/100|[from] move: Magma Storm|[partiallytrapped]\n|upkeep\n|turn|19\n|\n|t:|1699728484\n|move|p2a: ROAD 2 RESPECT!|Earth Power|p1a: Slowking\n|-supereffective|p1a: Slowking\n|-damage|p1a: Slowking|0 fnt\n|faint|p1a: Slowking\n|\n|upkeep\n|\n|t:|1699728489\n|switch|p1a: Empoleon|Empoleon, M|100\/100\n|turn|20\n|\n|t:|1699728515\n|-terastallize|p2a: ROAD 2 RESPECT!|Flying\n|move|p2a: ROAD 2 RESPECT!|Earth Power|p1a: Empoleon\n|-supereffective|p1a: Empoleon\n|-damage|p1a: Empoleon|53\/100\n|move|p1a: Empoleon|Surf|p2a: ROAD 2 RESPECT!\n|-damage|p2a: ROAD 2 RESPECT!|57\/100\n|-enditem|p2a: ROAD 2 RESPECT!|Air Balloon\n|\n|-heal|p1a: Empoleon|59\/100|[from] item: Leftovers\n|upkeep\n|turn|21\n|c|\u2606JoeZomB|was debatiing rapid spin on turn 17  and now im sad\n|\n|t:|1699728531\n|move|p2a: ROAD 2 RESPECT!|Magma Storm|p1a: Empoleon|[miss]\n|-miss|p2a: ROAD 2 RESPECT!|p1a: Empoleon\n|move|p1a: Empoleon|Surf|p2a: ROAD 2 RESPECT!\n|-damage|p2a: ROAD 2 RESPECT!|28\/100\n|\n|-heal|p1a: Empoleon|65\/100|[from] item: Leftovers\n|upkeep\n|turn|22\n|\n|t:|1699728537\n|move|p2a: ROAD 2 RESPECT!|Magma Storm|p1a: Empoleon\n|-damage|p1a: Empoleon|26\/100\n|-activate|p1a: Empoleon|move: Magma Storm|[of] p2a: ROAD 2 RESPECT!\n|move|p1a: Empoleon|Surf|p2a: ROAD 2 RESPECT!\n|-damage|p2a: ROAD 2 RESPECT!|0 fnt\n|faint|p2a: ROAD 2 RESPECT!\n|\n|-heal|p1a: Empoleon|32\/100|[from] item: Leftovers\n|-end|p1a: Empoleon|Magma Storm|[partiallytrapped]|[silent]\n|upkeep\n|\n|t:|1699728543\n|switch|p2a: PLAYBOY|Cinderace, M|81\/100\n|-damage|p2a: PLAYBOY|56\/100|[from] Stealth Rock\n|turn|23\n|\n|t:|1699728548\n|move|p2a: PLAYBOY|Pyro Ball|p1a: Empoleon\n|-damage|p1a: Empoleon|0 fnt\n|faint|p1a: Empoleon\n|-damage|p2a: PLAYBOY|46\/100|[from] item: Life Orb\n|\n|upkeep\n|\n|t:|1699728551\n|switch|p1a: Great Tusk|Great Tusk|100\/100\n|turn|24\n|\n|t:|1699728558\n|move|p2a: PLAYBOY|Zen Headbutt|p1a: Great Tusk\n|-start|p2a: PLAYBOY|typechange|Psychic|[from] ability: Libero\n|-supereffective|p1a: Great Tusk\n|-damage|p1a: Great Tusk|53\/100\n|-damage|p2a: PLAYBOY|36\/100|[from] item: Life Orb\n|cant|p1a: Great Tusk|flinch\n|\n|-heal|p1a: Great Tusk|59\/100|[from] item: Leftovers\n|upkeep\n|turn|25\n|\n|t:|1699728571\n|-end|p1a: Great Tusk|Protosynthesis|[silent]\n|switch|p1a: Mandibuzz|Mandibuzz, F|100\/100\n|move|p2a: PLAYBOY|Zen Headbutt|p1a: Mandibuzz\n|-immune|p1a: Mandibuzz\n|\n|upkeep\n|turn|26\n|\n|t:|1699728592\n|move|p2a: PLAYBOY|High Jump Kick|p1a: Mandibuzz\n|-damage|p1a: Mandibuzz|70\/100\n|-damage|p2a: PLAYBOY|26\/100|[from] item: Life Orb\n|move|p1a: Mandibuzz|Foul Play|p2a: PLAYBOY\n|-supereffective|p2a: PLAYBOY\n|-damage|p2a: PLAYBOY|0 fnt\n|faint|p2a: PLAYBOY\n|\n|upkeep\n|\n|t:|1699728596\n|switch|p2a: $EXY @AESON UTUBE!|Ceruledge, F|100\/100\n|-damage|p2a: $EXY @AESON UTUBE!|76\/100|[from] Stealth Rock\n|turn|27\n|\n|t:|1699728602\n|move|p2a: $EXY @AESON UTUBE!|Bitter Blade|p1a: Mandibuzz\n|-damage|p1a: Mandibuzz|46\/100\n|-heal|p2a: $EXY @AESON UTUBE!|93\/100|[from] drain|[of] p1a: Mandibuzz\n|move|p1a: Mandibuzz|Foul Play|p2a: $EXY @AESON UTUBE!\n|-supereffective|p2a: $EXY @AESON UTUBE!\n|-damage|p2a: $EXY @AESON UTUBE!|0 fnt\n|faint|p2a: $EXY @AESON UTUBE!\n|\n|win|JoeZomB\n|raw|JoeZomB's rating: 1594 &rarr; <strong>1615<\/strong><br \/>(+21 for winning)\n|raw|FIRE LORD AESON!'s rating: 1617 &rarr; <strong>1596<\/strong><br \/>(-21 for losing)\n|l|\u2606JoeZomB\n|c|\u2606FIRE LORD AESON!|your a good player either way\n","uploadtime":1699728623,"views":17,"p1id":"joezomb","p2id":"firelordaeson","formatid":"gen9ou","rating":1596,"private":0,"password":""}