{"id":"gen9ou-1991390110","p1":"CDAtheDinoboy","p2":"SAAtheYoshiboy","format":"[Gen 9] OU","log":"|j|\u2606CDAtheDinoboy\n|j|\u2606SAAtheYoshiboy\n|t:|1700073098\n|gametype|singles\n|player|p1|CDAtheDinoboy|jogger|\n|player|p2|SAAtheYoshiboy|youngster-gen4dp|\n|teamsize|p1|6\n|teamsize|p2|6\n|gen|9\n|tier|[Gen 9] OU\n|rule|Sleep Clause Mod: Limit one foe put to sleep\n|rule|Species Clause: Limit one of each Pok\u00e9mon\n|rule|OHKO Clause: OHKO moves are banned\n|rule|Evasion Items Clause: Evasion items are banned\n|rule|Evasion Moves Clause: Evasion moves are banned\n|rule|Endless Battle Clause: Forcing endless battles is banned\n|rule|HP Percentage Mod: HP is shown in percentages\n|clearpoke\n|poke|p1|Gallade, M|\n|poke|p1|Corviknight, M|\n|poke|p1|Cinderace, M|\n|poke|p1|Vaporeon, M|\n|poke|p1|Lycanroc-Dusk, M|\n|poke|p1|Lurantis, M|\n|poke|p2|Landorus-Therian, M|\n|poke|p2|Mimikyu, M|\n|poke|p2|Whiscash, M|\n|poke|p2|Hydreigon, F|\n|poke|p2|Azumarill, F|\n|poke|p2|Florges, F|\n|teampreview\n|\n|t:|1700073101\n|start\n|switch|p1a: Gallade|Gallade, M|100\/100\n|switch|p2a: Mimikyu|Mimikyu, M|100\/100\n|turn|1\n|\n|t:|1700073108\n|move|p2a: Mimikyu|Swords Dance|p2a: Mimikyu\n|-boost|p2a: Mimikyu|atk|2\n|move|p1a: Gallade|Swords Dance|p1a: Gallade\n|-boost|p1a: Gallade|atk|2\n|\n|upkeep\n|turn|2\n|\n|t:|1700073117\n|move|p1a: Gallade|Shadow Sneak|p2a: Mimikyu\n|-activate|p2a: Mimikyu|ability: Disguise\n|-damage|p2a: Mimikyu|100\/100\n|detailschange|p2a: Mimikyu|Mimikyu-Busted, M\n|-damage|p2a: Mimikyu|88\/100|[from] pokemon: Mimikyu-Busted\n|-damage|p1a: Gallade|91\/100|[from] item: Life Orb\n|move|p2a: Mimikyu|Swords Dance|p2a: Mimikyu\n|-boost|p2a: Mimikyu|atk|2\n|\n|upkeep\n|turn|3\n|\n|t:|1700073129\n|move|p1a: Gallade|Shadow Sneak|p2a: Mimikyu\n|-supereffective|p2a: Mimikyu\n|-damage|p2a: Mimikyu|0 fnt\n|faint|p2a: Mimikyu\n|-damage|p1a: Gallade|81\/100|[from] item: Life Orb\n|\n|upkeep\n|\n|t:|1700073137\n|switch|p2a: Landorus|Landorus-Therian, M|100\/100\n|-ability|p2a: Landorus|Intimidate|boost\n|-unboost|p1a: Gallade|atk|1\n|turn|4\n|\n|t:|1700073148\n|switch|p1a: Corviknight|Corviknight, M|100\/100\n|-ability|p1a: Corviknight|Pressure\n|move|p2a: Landorus|Earthquake|p1a: Corviknight\n|-immune|p1a: Corviknight\n|\n|upkeep\n|turn|5\n|\n|t:|1700073165\n|move|p2a: Landorus|Smack Down|p1a: Corviknight\n|-damage|p1a: Corviknight|88\/100\n|-start|p1a: Corviknight|Smack Down\n|move|p1a: Corviknight|Brave Bird|p2a: Landorus\n|-damage|p2a: Landorus|60\/100\n|-damage|p1a: Corviknight|78\/100|[from] Recoil\n|\n|-heal|p2a: Landorus|66\/100|[from] item: Leftovers\n|-heal|p1a: Corviknight|84\/100|[from] item: Leftovers\n|upkeep\n|turn|6\n|\n|t:|1700073183\n|switch|p1a: Lurantis|Lurantis, M|100\/100\n|move|p2a: Landorus|Earthquake|p1a: Lurantis\n|-resisted|p1a: Lurantis\n|-damage|p1a: Lurantis|77\/100\n|\n|-heal|p2a: Landorus|72\/100|[from] item: Leftovers\n|upkeep\n|turn|7\n|\n|t:|1700073196\n|move|p2a: Landorus|Earthquake|p1a: Lurantis\n|-resisted|p1a: Lurantis\n|-damage|p1a: Lurantis|56\/100\n|move|p1a: Lurantis|Leaf Storm|p2a: Landorus\n|-damage|p2a: Landorus|23\/100\n|-boost|p1a: Lurantis|spa|2\n|\n|-heal|p2a: Landorus|29\/100|[from] item: Leftovers\n|upkeep\n|turn|8\n|\n|t:|1700073215\n|switch|p2a: Hydreigon|Hydreigon, F|100\/100\n|switch|p1a: Gallade|Gallade, M|81\/100\n|\n|upkeep\n|turn|9\n|\n|t:|1700073226\n|move|p2a: Hydreigon|Nasty Plot|p2a: Hydreigon\n|-boost|p2a: Hydreigon|spa|2\n|move|p1a: Gallade|Swords Dance|p1a: Gallade\n|-boost|p1a: Gallade|atk|2\n|\n|upkeep\n|turn|10\n|\n|t:|1700073239\n|move|p2a: Hydreigon|Nasty Plot|p2a: Hydreigon\n|-boost|p2a: Hydreigon|spa|2\n|move|p1a: Gallade|Sacred Sword|p2a: Hydreigon\n|-supereffective|p2a: Hydreigon\n|-damage|p2a: Hydreigon|0 fnt\n|faint|p2a: Hydreigon\n|-damage|p1a: Gallade|71\/100|[from] item: Life Orb\n|\n|upkeep\n|\n|t:|1700073253\n|switch|p2a: Florges|Florges, F|100\/100\n|turn|11\n|\n|t:|1700073259\n|move|p1a: Gallade|Psycho Cut|p2a: Florges\n|-crit|p2a: Florges\n|-damage|p2a: Florges|0 fnt\n|faint|p2a: Florges\n|-damage|p1a: Gallade|62\/100|[from] item: Life Orb\n|\n|upkeep\n|\n|t:|1700073269\n|switch|p2a: Whiscash|Whiscash, M|100\/100\n|turn|12\n|\n|t:|1700073283\n|move|p1a: Gallade|Sacred Sword|p2a: Whiscash\n|-damage|p2a: Whiscash|0 fnt\n|faint|p2a: Whiscash\n|-damage|p1a: Gallade|52\/100|[from] item: Life Orb\n|\n|upkeep\n|\n|t:|1700073289\n|switch|p2a: Azumarill|Azumarill, F|100\/100\n|turn|13\n|\n|t:|1700073299\n|switch|p1a: Vaporeon|Vaporeon, M|100\/100\n|move|p2a: Azumarill|Aqua Jet|p1a: Vaporeon\n|-immune|p1a: Vaporeon|[from] ability: Water Absorb\n|\n|upkeep\n|turn|14\n|\n|t:|1700073309\n|switch|p2a: Landorus|Landorus-Therian, M|29\/100\n|-ability|p2a: Landorus|Intimidate|boost\n|-unboost|p1a: Vaporeon|atk|1\n|move|p1a: Vaporeon|Wish|p1a: Vaporeon\n|\n|-heal|p2a: Landorus|35\/100|[from] item: Leftovers\n|upkeep\n|turn|15\n|\n|t:|1700073319\n|switch|p2a: Azumarill|Azumarill, F|100\/100\n|switch|p1a: Gallade|Gallade, M|52\/100\n|\n|-heal|p1a: Gallade|100\/100|[from] move: Wish|[wisher] Vaporeon\n|upkeep\n|turn|16\n|\n|t:|1700073339\n|move|p2a: Azumarill|Aqua Jet|p1a: Gallade\n|-damage|p1a: Gallade|37\/100\n|move|p1a: Gallade|Swords Dance|p1a: Gallade\n|-boost|p1a: Gallade|atk|2\n|\n|upkeep\n|turn|17\n|\n|t:|1700073356\n|switch|p1a: Vaporeon|Vaporeon, M|100\/100\n|move|p2a: Azumarill|Aqua Jet|p1a: Vaporeon\n|-immune|p1a: Vaporeon|[from] ability: Water Absorb\n|\n|upkeep\n|turn|18\n|\n|t:|1700073363\n|move|p2a: Azumarill|Aqua Jet|p1a: Vaporeon\n|-immune|p1a: Vaporeon|[from] ability: Water Absorb\n|move|p1a: Vaporeon|Wish|p1a: Vaporeon\n|\n|upkeep\n|turn|19\n|\n|t:|1700073371\n|switch|p2a: Landorus|Landorus-Therian, M|35\/100\n|-ability|p2a: Landorus|Intimidate|boost\n|-unboost|p1a: Vaporeon|atk|1\n|switch|p1a: Gallade|Gallade, M|37\/100\n|\n|-heal|p1a: Gallade|100\/100|[from] move: Wish|[wisher] Vaporeon\n|-heal|p2a: Landorus|41\/100|[from] item: Leftovers\n|upkeep\n|turn|20\n|\n|t:|1700073383\n|move|p2a: Landorus|Substitute|p2a: Landorus\n|-start|p2a: Landorus|Substitute\n|-damage|p2a: Landorus|16\/100\n|move|p1a: Gallade|Swords Dance|p1a: Gallade\n|-boost|p1a: Gallade|atk|2\n|\n|-heal|p2a: Landorus|22\/100|[from] item: Leftovers\n|upkeep\n|turn|21\n|\n|t:|1700073402\n|switch|p2a: Azumarill|Azumarill, F|100\/100\n|move|p1a: Gallade|Psycho Cut|p2a: Azumarill\n|-damage|p2a: Azumarill|0 fnt\n|faint|p2a: Azumarill\n|-damage|p1a: Gallade|91\/100|[from] item: Life Orb\n|\n|upkeep\n|\n|t:|1700073413\n|switch|p2a: Landorus|Landorus-Therian, M|22\/100\n|-ability|p2a: Landorus|Intimidate|boost\n|-unboost|p1a: Gallade|atk|1\n|turn|22\n|\n|t:|1700073433\n|move|p1a: Gallade|Shadow Sneak|p2a: Landorus\n|-damage|p2a: Landorus|0 fnt\n|faint|p2a: Landorus\n|-damage|p1a: Gallade|81\/100|[from] item: Life Orb\n|\n|win|CDAtheDinoboy\n","uploadtime":1700073483,"views":17,"p1id":"cdathedinoboy","p2id":"saatheyoshiboy","formatid":"gen9ou","rating":0,"private":0,"password":""}