{"id":"gen9ou-1993546224","p1":"MemeGodWasTaken","p2":"sanzimkkbr","format":"[Gen 9] OU","log":"|j|\u2606MemeGodWasTaken\n|j|\u2606sanzimkkbr\n|t:|1700330277\n|gametype|singles\n|player|p1|MemeGodWasTaken|benga|1110\n|player|p2|sanzimkkbr|unknown|1050\n|teamsize|p1|6\n|teamsize|p2|6\n|gen|9\n|tier|[Gen 9] OU\n|rated|\n|rule|Sleep Clause Mod: Limit one foe put to sleep\n|rule|Species Clause: Limit one of each Pok\u00e9mon\n|rule|OHKO Clause: OHKO moves are banned\n|rule|Evasion Items Clause: Evasion items are banned\n|rule|Evasion Moves Clause: Evasion moves are banned\n|rule|Endless Battle Clause: Forcing endless battles is banned\n|rule|HP Percentage Mod: HP is shown in percentages\n|clearpoke\n|poke|p1|Gholdengo|\n|poke|p1|Eelektross, F|\n|poke|p1|Kingambit, F|\n|poke|p1|Hatterene, F|\n|poke|p1|Iron Moth|\n|poke|p1|Ogerpon-Wellspring, F|\n|poke|p2|Torkoal, F|\n|poke|p2|Lilligant, F|\n|poke|p2|Scream Tail|\n|poke|p2|Charizard, F|\n|poke|p2|Slither Wing|\n|poke|p2|Walking Wake|\n|teampreview\n|\n|t:|1700330314\n|start\n|switch|p1a: Florida Man|Gholdengo|100\/100\n|switch|p2a: Torkoal|Torkoal, F, shiny|100\/100\n|-weather|SunnyDay|[from] ability: Drought|[of] p2a: Torkoal\n|turn|1\n|inactive|Battle timer is ON: inactive players will automatically lose when time's up. (requested by sanzimkkbr)\n|\n|t:|1700330344\n|switch|p1a: Majora|Ogerpon-Wellspring, F|100\/100\n|move|p2a: Torkoal|Yawn|p1a: Majora\n|-start|p1a: Majora|move: Yawn|[of] p2a: Torkoal\n|\n|-weather|SunnyDay|[upkeep]\n|upkeep\n|turn|2\n|\n|t:|1700330353\n|move|p1a: Majora|Ivy Cudgel|p2a: Torkoal|[anim] Ivy Cudgel Water\n|-supereffective|p2a: Torkoal\n|-damage|p2a: Torkoal|55\/100\n|move|p2a: Torkoal|Stealth Rock|p1a: Majora\n|-sidestart|p1: MemeGodWasTaken|move: Stealth Rock\n|\n|-weather|SunnyDay|[upkeep]\n|-end|p1a: Majora|move: Yawn|[silent]\n|-status|p1a: Majora|slp\n|upkeep\n|turn|3\n|inactive|MemeGodWasTaken has 120 seconds left.\n|\n|t:|1700330384\n|switch|p2a: Lilligant|Lilligant, F|100\/100\n|cant|p1a: Majora|slp\n|\n|-weather|SunnyDay|[upkeep]\n|upkeep\n|turn|4\n|\n|t:|1700330391\n|move|p2a: Lilligant|Quiver Dance|p2a: Lilligant\n|-boost|p2a: Lilligant|spa|1\n|-boost|p2a: Lilligant|spd|1\n|-boost|p2a: Lilligant|spe|1\n|cant|p1a: Majora|slp\n|\n|-weather|SunnyDay|[upkeep]\n|upkeep\n|turn|5\n|\n|t:|1700330400\n|move|p2a: Lilligant|Quiver Dance|p2a: Lilligant\n|-boost|p2a: Lilligant|spa|1\n|-boost|p2a: Lilligant|spd|1\n|-boost|p2a: Lilligant|spe|1\n|cant|p1a: Majora|slp\n|\n|-weather|SunnyDay|[upkeep]\n|upkeep\n|turn|6\n|\n|t:|1700330407\n|move|p2a: Lilligant|Quiver Dance|p2a: Lilligant\n|-boost|p2a: Lilligant|spa|1\n|-boost|p2a: Lilligant|spd|1\n|-boost|p2a: Lilligant|spe|1\n|-curestatus|p1a: Majora|slp|[msg]\n|move|p1a: Majora|U-turn|p2a: Lilligant\n|-supereffective|p2a: Lilligant\n|-damage|p2a: Lilligant|22\/100\n|\n|t:|1700330417\n|switch|p1a: Sukuna|Kingambit, F|100\/100|[from] U-turn\n|-damage|p1a: Sukuna|94\/100|[from] Stealth Rock\n|\n|-weather|SunnyDay|[upkeep]\n|upkeep\n|turn|7\n|\n|t:|1700330425\n|move|p1a: Sukuna|Sucker Punch||[still]\n|-fail|p1a: Sukuna\n|move|p2a: Lilligant|Sleep Powder|p1a: Sukuna\n|-status|p1a: Sukuna|slp|[from] move: Sleep Powder\n|\n|-weather|SunnyDay|[upkeep]\n|upkeep\n|turn|8\n|\n|t:|1700330436\n|cant|p1a: Sukuna|slp\n|move|p2a: Lilligant|Quiver Dance|p2a: Lilligant\n|-boost|p2a: Lilligant|spa|1\n|-boost|p2a: Lilligant|spd|1\n|-boost|p2a: Lilligant|spe|1\n|\n|-weather|none\n|upkeep\n|turn|9\n|\n|t:|1700330443\n|-curestatus|p1a: Sukuna|slp|[msg]\n|move|p1a: Sukuna|Sucker Punch|p2a: Lilligant\n|-damage|p2a: Lilligant|0 fnt\n|faint|p2a: Lilligant\n|\n|upkeep\n|\n|t:|1700330451\n|switch|p2a: Torkoal|Torkoal, F, shiny|55\/100\n|-weather|SunnyDay|[from] ability: Drought|[of] p2a: Torkoal\n|turn|10\n|\n|t:|1700330457\n|-end|p1a: Sukuna|fallenundefined|[silent]\n|switch|p1a: Majora|Ogerpon-Wellspring, F|100\/100\n|-damage|p1a: Majora|88\/100|[from] Stealth Rock\n|switch|p2a: Charizard|Charizard, F, shiny|100\/100\n|\n|-weather|SunnyDay|[upkeep]\n|-damage|p2a: Charizard|88\/100|[from] ability: Solar Power|[of] p2a: Charizard\n|upkeep\n|turn|11\n|\n|t:|1700330471\n|-terastallize|p1a: Majora|Water\n|detailschange|p1a: Majora|Ogerpon-Wellspring-Tera, F, tera:Water\n|-ability|p1a: Majora|Embody Aspect (Wellspring)|boost\n|-boost|p1a: Majora|spd|1\n|move|p1a: Majora|Ivy Cudgel|p2a: Charizard|[anim] Ivy Cudgel Water\n|-supereffective|p2a: Charizard\n|-damage|p2a: Charizard|0 fnt\n|faint|p2a: Charizard\n|\n|-weather|SunnyDay|[upkeep]\n|upkeep\n|\n|t:|1700330486\n|switch|p2a: Slither Wing|Slither Wing|100\/100\n|-activate|p2a: Slither Wing|ability: Protosynthesis\n|-start|p2a: Slither Wing|protosynthesisatk\n|turn|12\n|\n|t:|1700330500\n|-terastallize|p2a: Slither Wing|Bug\n|move|p2a: Slither Wing|First Impression|p1a: Majora\n|-crit|p1a: Majora\n|-damage|p1a: Majora|0 fnt\n|faint|p1a: Majora\n|\n|-weather|SunnyDay|[upkeep]\n|upkeep\n|\n|t:|1700330516\n|switch|p1a: Coleophora|Iron Moth|100\/100\n|-damage|p1a: Coleophora|76\/100|[from] Stealth Rock\n|-enditem|p1a: Coleophora|Booster Energy\n|-activate|p1a: Coleophora|ability: Quark Drive|[fromitem]\n|-start|p1a: Coleophora|quarkdrivespe\n|turn|13\n|\n|t:|1700330527\n|-end|p2a: Slither Wing|Protosynthesis|[silent]\n|switch|p2a: Walking Wake|Walking Wake|100\/100\n|-activate|p2a: Walking Wake|ability: Protosynthesis\n|-start|p2a: Walking Wake|protosynthesisspa\n|move|p1a: Coleophora|Psychic|p2a: Walking Wake\n|-damage|p2a: Walking Wake|62\/100\n|\n|-weather|SunnyDay|[upkeep]\n|upkeep\n|turn|14\n|\n|t:|1700330538\n|move|p1a: Coleophora|Dazzling Gleam|p2a: Walking Wake\n|-supereffective|p2a: Walking Wake\n|-damage|p2a: Walking Wake|3\/100\n|move|p2a: Walking Wake|Hydro Steam|p1a: Coleophora\n|-supereffective|p1a: Coleophora\n|-damage|p1a: Coleophora|0 fnt\n|faint|p1a: Coleophora\n|-end|p1a: Coleophora|Quark Drive|[silent]\n|-damage|p2a: Walking Wake|0 fnt|[from] item: Life Orb\n|faint|p2a: Walking Wake\n|-end|p2a: Walking Wake|Protosynthesis|[silent]\n|\n|-weather|SunnyDay|[upkeep]\n|upkeep\n|inactive|MemeGodWasTaken has 120 seconds left.\n|\n|t:|1700330571\n|switch|p1a: Blair|Hatterene, F|100\/100\n|switch|p2a: Slither Wing|Slither Wing, tera:Bug|100\/100\n|-activate|p2a: Slither Wing|ability: Protosynthesis\n|-start|p2a: Slither Wing|protosynthesisatk\n|-damage|p1a: Blair|88\/100|[from] Stealth Rock\n|turn|15\n|inactive|MemeGodWasTaken has 120 seconds left.\n|\n|t:|1700330583\n|move|p2a: Slither Wing|U-turn|p1a: Blair\n|-damage|p1a: Blair|0 fnt\n|faint|p1a: Blair\n|\n|t:|1700330589\n|-end|p2a: Slither Wing|Protosynthesis|[silent]\n|switch|p2a: Scream Tail|Scream Tail|100\/100|[from] U-turn\n|-activate|p2a: Scream Tail|ability: Protosynthesis\n|-start|p2a: Scream Tail|protosynthesisspd\n|\n|-weather|SunnyDay|[upkeep]\n|upkeep\n|\n|t:|1700330596\n|switch|p1a: Florida Man|Gholdengo|100\/100\n|-damage|p1a: Florida Man|94\/100|[from] Stealth Rock\n|turn|16\n|inactive|MemeGodWasTaken has 120 seconds left.\n|\n|t:|1700330612\n|move|p2a: Scream Tail|Wish|p2a: Scream Tail\n|move|p1a: Florida Man|Make It Rain|p2a: Scream Tail\n|-supereffective|p2a: Scream Tail\n|-damage|p2a: Scream Tail|7\/100\n|-unboost|p1a: Florida Man|spa|1\n|\n|-weather|SunnyDay|[upkeep]\n|-heal|p2a: Scream Tail|13\/100|[from] item: Leftovers\n|upkeep\n|turn|17\n|inactive|MemeGodWasTaken has 120 seconds left.\n|\n|t:|1700330628\n|move|p2a: Scream Tail|Protect|p2a: Scream Tail\n|-singleturn|p2a: Scream Tail|Protect\n|move|p1a: Florida Man|Make It Rain|p2a: Scream Tail\n|-activate|p2a: Scream Tail|move: Protect\n|\n|-weather|none\n|-end|p2a: Scream Tail|Protosynthesis\n|-heal|p2a: Scream Tail|63\/100|[from] move: Wish|[wisher] Scream Tail\n|-heal|p2a: Scream Tail|70\/100|[from] item: Leftovers\n|upkeep\n|turn|18\n|inactive|MemeGodWasTaken has 120 seconds left.\n|\n|t:|1700330640\n|move|p2a: Scream Tail|Wish|p2a: Scream Tail\n|move|p1a: Florida Man|Make It Rain|p2a: Scream Tail\n|-supereffective|p2a: Scream Tail\n|-damage|p2a: Scream Tail|0 fnt\n|-unboost|p1a: Florida Man|spa|1\n|faint|p2a: Scream Tail\n|-end|p2a: Scream Tail|Protosynthesis|[silent]\n|\n|upkeep\n|\n|t:|1700330649\n|switch|p2a: Torkoal|Torkoal, F, shiny|55\/100\n|-weather|SunnyDay|[from] ability: Drought|[of] p2a: Torkoal\n|turn|19\n|inactive|MemeGodWasTaken has 120 seconds left.\n|\n|t:|1700330666\n|switch|p1a: Stein|Eelektross, F|100\/100\n|-damage|p1a: Stein|88\/100|[from] Stealth Rock\n|move|p2a: Torkoal|Lava Plume|p1a: Stein\n|-damage|p1a: Stein|68\/100\n|\n|-weather|SunnyDay|[upkeep]\n|-heal|p2a: Torkoal|100\/100|[from] move: Wish|[wisher] Scream Tail\n|upkeep\n|turn|20\n|inactive|MemeGodWasTaken has 120 seconds left.\n|\n|t:|1700330676\n|move|p1a: Stein|U-turn|p2a: Torkoal\n|-resisted|p2a: Torkoal\n|-damage|p2a: Torkoal|94\/100\n|\n|t:|1700330680\n|switch|p1a: Florida Man|Gholdengo|94\/100|[from] U-turn\n|-damage|p1a: Florida Man|88\/100|[from] Stealth Rock\n|move|p2a: Torkoal|Yawn|p1a: Florida Man\n|-immune|p1a: Florida Man|[from] ability: Good as Gold\n|\n|-weather|SunnyDay|[upkeep]\n|upkeep\n|turn|21\n|\n|t:|1700330689\n|move|p1a: Florida Man|Trick|p2a: Torkoal\n|-activate|p1a: Florida Man|move: Trick|[of] p2a: Torkoal\n|-item|p2a: Torkoal|Choice Specs|[from] move: Trick\n|-item|p1a: Florida Man|Heat Rock|[from] move: Trick\n|move|p2a: Torkoal|Lava Plume|p1a: Florida Man\n|-supereffective|p1a: Florida Man\n|-crit|p1a: Florida Man\n|-damage|p1a: Florida Man|0 fnt\n|faint|p1a: Florida Man\n|\n|-weather|SunnyDay|[upkeep]\n|upkeep\n|\n|t:|1700330702\n|switch|p1a: Stein|Eelektross, F|68\/100\n|-damage|p1a: Stein|56\/100|[from] Stealth Rock\n|turn|22\n|\n|t:|1700330714\n|move|p1a: Stein|Discharge|p2a: Torkoal\n|-damage|p2a: Torkoal|68\/100\n|move|p2a: Torkoal|Lava Plume|p1a: Stein\n|-damage|p1a: Stein|28\/100\n|\n|-weather|SunnyDay|[upkeep]\n|upkeep\n|turn|23\n|inactive|MemeGodWasTaken has 120 seconds left.\n|\n|t:|1700330737\n|move|p2a: Torkoal|Lava Plume|p1a: Stein\n|-damage|p1a: Stein|0 fnt\n|faint|p1a: Stein\n|\n|-weather|SunnyDay|[upkeep]\n|upkeep\n|\n|t:|1700330743\n|switch|p1a: Sukuna|Kingambit, F|94\/100\n|-damage|p1a: Sukuna|88\/100|[from] Stealth Rock\n|-activate|p1a: Sukuna|ability: Supreme Overlord\n|-start|p1a: Sukuna|fallen5|[silent]\n|turn|24\n|inactive|MemeGodWasTaken has 120 seconds left.\n|\n|t:|1700330754\n|move|p1a: Sukuna|Kowtow Cleave|p2a: Torkoal\n|-damage|p2a: Torkoal|0 fnt\n|faint|p2a: Torkoal\n|\n|-weather|SunnyDay|[upkeep]\n|upkeep\n|\n|t:|1700330760\n|switch|p2a: Slither Wing|Slither Wing, tera:Bug|100\/100\n|-activate|p2a: Slither Wing|ability: Protosynthesis\n|-start|p2a: Slither Wing|protosynthesisatk\n|turn|25\n|\n|t:|1700330769\n|move|p1a: Sukuna|Sucker Punch|p2a: Slither Wing\n|-damage|p2a: Slither Wing|5\/100\n|move|p2a: Slither Wing|Close Combat|p1a: Sukuna\n|-supereffective|p1a: Sukuna\n|-damage|p1a: Sukuna|0 fnt\n|-unboost|p2a: Slither Wing|def|1\n|-unboost|p2a: Slither Wing|spd|1\n|faint|p1a: Sukuna\n|-end|p1a: Sukuna|fallen5|[silent]\n|\n|win|sanzimkkbr\n|raw|MemeGodWasTaken's rating: 1110 &rarr; <strong>1081<\/strong><br \/>(-29 for losing)\n|raw|sanzimkkbr's rating: 1050 &rarr; <strong>1088<\/strong><br \/>(+38 for winning)\n|l|\u2606sanzimkkbr\n|c|\u2606MemeGodWasTaken|that was so close\n|c|\u2606MemeGodWasTaken|ggs\n","uploadtime":1700331113,"views":17,"p1id":"memegodwastaken","p2id":"sanzimkkbr","formatid":"gen9ou","rating":1081,"private":0,"password":""}