{"id":"gen9ou-1994887053","p1":"GioMan65","p2":"Herris456","format":"[Gen 9] OU","log":"|j|\u2606GioMan65\n|j|\u2606Herris456\n|t:|1700501792\n|gametype|singles\n|player|p1|GioMan65|169|1290\n|player|p2|Herris456|pokekid|1347\n|teamsize|p1|6\n|teamsize|p2|6\n|gen|9\n|tier|[Gen 9] OU\n|rated|\n|rule|Sleep Clause Mod: Limit one foe put to sleep\n|rule|Species Clause: Limit one of each Pok\u00e9mon\n|rule|OHKO Clause: OHKO moves are banned\n|rule|Evasion Items Clause: Evasion items are banned\n|rule|Evasion Moves Clause: Evasion moves are banned\n|rule|Endless Battle Clause: Forcing endless battles is banned\n|rule|HP Percentage Mod: HP is shown in percentages\n|clearpoke\n|poke|p1|Iron Valiant|\n|poke|p1|Rillaboom, M|\n|poke|p1|Cinderace, F|\n|poke|p1|Alomomola, F|\n|poke|p1|Slowking-Galar, F|\n|poke|p1|Landorus-Therian, M|\n|poke|p2|Great Tusk|\n|poke|p2|Enamorus-Therian, F|\n|poke|p2|Kingambit, M|\n|poke|p2|Dondozo, F|\n|poke|p2|Ninetales-Alola, F|\n|poke|p2|Zapdos|\n|teampreview\n|inactive|Battle timer is ON: inactive players will automatically lose when time's up. (requested by GioMan65)\n|c|\u2606GioMan65|glhf\n|\n|t:|1700501802\n|start\n|switch|p1a: Rillaboom|Rillaboom, M|100\/100\n|switch|p2a: Great Tusk|Great Tusk|100\/100\n|-fieldstart|move: Grassy Terrain|[from] ability: Grassy Surge|[of] p1a: Rillaboom\n|turn|1\n|\n|t:|1700501811\n|-end|p2a: Great Tusk|Protosynthesis|[silent]\n|switch|p2a: Zapdos|Zapdos|100\/100\n|move|p1a: Rillaboom|Grassy Glide|p2a: Zapdos\n|-resisted|p2a: Zapdos\n|-damage|p2a: Zapdos|72\/100\n|\n|upkeep\n|turn|2\n|\n|t:|1700501820\n|switch|p1a: Slowking|Slowking-Galar, F|100\/100\n|move|p2a: Zapdos|Hurricane|p1a: Slowking\n|-damage|p1a: Slowking|63\/100\n|\n|-heal|p1a: Slowking|69\/100|[from] Grassy Terrain\n|upkeep\n|turn|3\n|\n|t:|1700501829\n|move|p2a: Zapdos|Volt Switch|p1a: Slowking\n|-damage|p1a: Slowking|46\/100\n|\n|t:|1700501835\n|switch|p2a: Ninetales|Ninetales-Alola, F|100\/100|[from] Volt Switch\n|-weather|Snow|[from] ability: Snow Warning|[of] p2a: Ninetales\n|move|p1a: Slowking|Future Sight|p2a: Ninetales\n|-start|p1a: Slowking|move: Future Sight\n|\n|-weather|Snow|[upkeep]\n|-heal|p1a: Slowking|52\/100|[from] Grassy Terrain\n|upkeep\n|turn|4\n|\n|t:|1700501842\n|move|p2a: Ninetales|Encore|p1a: Slowking\n|-start|p1a: Slowking|Encore\n|move|p1a: Slowking|Future Sight||[still]\n|-fail|p1a: Slowking\n|\n|-weather|Snow|[upkeep]\n|-heal|p1a: Slowking|58\/100|[from] Grassy Terrain\n|upkeep\n|turn|5\n|\n|t:|1700501849\n|switch|p1a: Cinderace|Cinderace, F|100\/100\n|move|p2a: Ninetales|Aurora Veil|p2a: Ninetales\n|-sidestart|p2: Herris456|move: Aurora Veil\n|\n|-weather|Snow|[upkeep]\n|-end|p2a: Ninetales|move: Future Sight\n|-damage|p2a: Ninetales|77\/100\n|-heal|p2a: Ninetales|83\/100|[from] Grassy Terrain\n|-fieldend|move: Grassy Terrain\n|upkeep\n|turn|6\n|\n|t:|1700501856\n|switch|p2a: Enamorus|Enamorus-Therian, F|100\/100\n|move|p1a: Cinderace|Will-O-Wisp|p2a: Enamorus\n|-status|p2a: Enamorus|brn\n|\n|-weather|Snow|[upkeep]\n|-damage|p2a: Enamorus|95\/100 brn|[from] brn\n|upkeep\n|turn|7\n|\n|t:|1700501868\n|move|p1a: Cinderace|Court Change|p1a: Cinderace\n|-swapsideconditions\n|-activate|p1a: Cinderace|move: Court Change\n|move|p2a: Enamorus|Calm Mind|p2a: Enamorus\n|-boost|p2a: Enamorus|spa|1\n|-boost|p2a: Enamorus|spd|1\n|\n|-weather|none\n|-heal|p2a: Enamorus|100\/100 brn|[from] item: Leftovers\n|-damage|p2a: Enamorus|95\/100 brn|[from] brn\n|upkeep\n|turn|8\n|\n|t:|1700501872\n|switch|p1a: Slowking|Slowking-Galar, F|91\/100\n|move|p2a: Enamorus|Calm Mind|p2a: Enamorus\n|-boost|p2a: Enamorus|spa|1\n|-boost|p2a: Enamorus|spd|1\n|\n|-heal|p2a: Enamorus|100\/100 brn|[from] item: Leftovers\n|-damage|p2a: Enamorus|95\/100 brn|[from] brn\n|upkeep\n|turn|9\n|\n|t:|1700501883\n|move|p2a: Enamorus|Calm Mind|p2a: Enamorus\n|-boost|p2a: Enamorus|spa|1\n|-boost|p2a: Enamorus|spd|1\n|move|p1a: Slowking|Sludge Bomb|p2a: Enamorus\n|-supereffective|p2a: Enamorus\n|-damage|p2a: Enamorus|68\/100 brn\n|\n|-heal|p2a: Enamorus|74\/100 brn|[from] item: Leftovers\n|-damage|p2a: Enamorus|68\/100 brn|[from] brn\n|upkeep\n|turn|10\n|\n|t:|1700501889\n|move|p2a: Enamorus|Calm Mind|p2a: Enamorus\n|-boost|p2a: Enamorus|spa|1\n|-boost|p2a: Enamorus|spd|1\n|move|p1a: Slowking|Sludge Bomb|p2a: Enamorus\n|-supereffective|p2a: Enamorus\n|-damage|p2a: Enamorus|47\/100 brn\n|\n|-heal|p2a: Enamorus|53\/100 brn|[from] item: Leftovers\n|-damage|p2a: Enamorus|47\/100 brn|[from] brn\n|upkeep\n|turn|11\n|\n|t:|1700501900\n|-terastallize|p2a: Enamorus|Poison\n|move|p2a: Enamorus|Draining Kiss|p1a: Slowking\n|-resisted|p1a: Slowking\n|-damage|p1a: Slowking|77\/100\n|-heal|p2a: Enamorus|59\/100 brn|[from] drain|[of] p1a: Slowking\n|move|p1a: Slowking|Sludge Bomb|p2a: Enamorus\n|-resisted|p2a: Enamorus\n|-damage|p2a: Enamorus|53\/100 brn\n|\n|-heal|p2a: Enamorus|59\/100 brn|[from] item: Leftovers\n|-damage|p2a: Enamorus|53\/100 brn|[from] brn\n|upkeep\n|turn|12\n|\n|t:|1700501910\n|move|p2a: Enamorus|Draining Kiss|p1a: Slowking\n|-resisted|p1a: Slowking\n|-damage|p1a: Slowking|64\/100\n|-heal|p2a: Enamorus|64\/100 brn|[from] drain|[of] p1a: Slowking\n|move|p1a: Slowking|Future Sight|p2a: Enamorus\n|-start|p1a: Slowking|move: Future Sight\n|\n|-heal|p2a: Enamorus|70\/100 brn|[from] item: Leftovers\n|-damage|p2a: Enamorus|64\/100 brn|[from] brn\n|-sideend|p1: GioMan65|move: Aurora Veil\n|upkeep\n|turn|13\n|\n|t:|1700501913\n|move|p2a: Enamorus|Earth Power|p1a: Slowking\n|-supereffective|p1a: Slowking\n|-damage|p1a: Slowking|0 fnt\n|faint|p1a: Slowking\n|\n|-heal|p2a: Enamorus|70\/100 brn|[from] item: Leftovers\n|-damage|p2a: Enamorus|64\/100 brn|[from] brn\n|upkeep\n|\n|t:|1700501925\n|switch|p1a: Iron Valiant|Iron Valiant|100\/100\n|-enditem|p1a: Iron Valiant|Booster Energy\n|-activate|p1a: Iron Valiant|ability: Quark Drive|[fromitem]\n|-start|p1a: Iron Valiant|quarkdrivespe\n|turn|14\n|\n|t:|1700501929\n|move|p1a: Iron Valiant|Psyshock|p2a: Enamorus\n|-supereffective|p2a: Enamorus\n|-damage|p2a: Enamorus|28\/100 brn\n|move|p2a: Enamorus|Draining Kiss|p1a: Iron Valiant\n|-supereffective|p1a: Iron Valiant\n|-damage|p1a: Iron Valiant|0 fnt\n|-heal|p2a: Enamorus|90\/100 brn|[from] drain|[of] p1a: Iron Valiant\n|faint|p1a: Iron Valiant\n|-end|p1a: Iron Valiant|Quark Drive|[silent]\n|\n|-end|p2a: Enamorus|move: Future Sight\n|-supereffective|p2a: Enamorus\n|-damage|p2a: Enamorus|61\/100 brn\n|-heal|p2a: Enamorus|67\/100 brn|[from] item: Leftovers\n|-damage|p2a: Enamorus|61\/100 brn|[from] brn\n|upkeep\n|\n|t:|1700501934\n|switch|p1a: Rillaboom|Rillaboom, M|100\/100\n|-fieldstart|move: Grassy Terrain|[from] ability: Grassy Surge|[of] p1a: Rillaboom\n|turn|15\n|\n|t:|1700501939\n|-terastallize|p1a: Rillaboom|Grass\n|move|p1a: Rillaboom|Wood Hammer|p2a: Enamorus\n|-resisted|p2a: Enamorus\n|-damage|p2a: Enamorus|2\/100 brn\n|-damage|p1a: Rillaboom|81\/100|[from] Recoil\n|move|p2a: Enamorus|Draining Kiss|p1a: Rillaboom\n|-damage|p1a: Rillaboom|0 fnt\n|-heal|p2a: Enamorus|61\/100 brn|[from] drain|[of] p1a: Rillaboom\n|faint|p1a: Rillaboom\n|\n|-heal|p2a: Enamorus|67\/100 brn|[from] Grassy Terrain\n|-heal|p2a: Enamorus|73\/100 brn|[from] item: Leftovers\n|-damage|p2a: Enamorus|67\/100 brn|[from] brn\n|upkeep\n|-message|GioMan65 forfeited.\n|\n|win|Herris456\n|raw|GioMan65's rating: 1290 &rarr; <strong>1269<\/strong><br \/>(-21 for losing)\n|raw|Herris456's rating: 1347 &rarr; <strong>1364<\/strong><br \/>(+17 for winning)\n|l|\u2606GioMan65\n|c|\u2606Herris456|Gg\n","uploadtime":1700501961,"views":17,"p1id":"gioman65","p2id":"herris456","formatid":"gen9ou","rating":1269,"private":0,"password":""}