{"id":"gen9ou-1993677613","p1":"mathismathin","p2":"Jontrendline","format":"[Gen 9] OU","log":"|j|\u2606mathismathin\n|j|\u2606Jontrendline\n|t:|1700344543\n|gametype|singles\n|player|p1|mathismathin|nate|1747\n|player|p2|Jontrendline|scientist-gen4|1715\n|teamsize|p1|6\n|teamsize|p2|6\n|gen|9\n|tier|[Gen 9] OU\n|rated|\n|rule|Sleep Clause Mod: Limit one foe put to sleep\n|rule|Species Clause: Limit one of each Pok\u00e9mon\n|rule|OHKO Clause: OHKO moves are banned\n|rule|Evasion Items Clause: Evasion items are banned\n|rule|Evasion Moves Clause: Evasion moves are banned\n|rule|Endless Battle Clause: Forcing endless battles is banned\n|rule|HP Percentage Mod: HP is shown in percentages\n|clearpoke\n|poke|p1|Wo-Chien|\n|poke|p1|Weezing-Galar, M|\n|poke|p1|Blissey, F|\n|poke|p1|Cyclizar, M|\n|poke|p1|Alomomola, M|\n|poke|p1|Corviknight, M|\n|poke|p2|Heatran, F|\n|poke|p2|Toxapex, F|\n|poke|p2|Blissey, F|\n|poke|p2|Zamazenta-*|\n|poke|p2|Weezing-Galar, F|\n|poke|p2|Weavile, M|\n|teampreview\n|\n|t:|1700344553\n|start\n|switch|p1a: Cyclizar|Cyclizar, M|100\/100\n|switch|p2a: Weezing|Weezing-Galar, F, shiny|100\/100\n|turn|1\n|\n|t:|1700344560\n|move|p1a: Cyclizar|Knock Off|p2a: Weezing\n|-resisted|p2a: Weezing\n|-damage|p2a: Weezing|94\/100\n|-damage|p1a: Cyclizar|84\/100|[from] item: Rocky Helmet|[of] p2a: Weezing\n|-enditem|p2a: Weezing|Rocky Helmet|[from] move: Knock Off|[of] p1a: Cyclizar\n|move|p2a: Weezing|Will-O-Wisp|p1a: Cyclizar\n|-status|p1a: Cyclizar|brn\n|\n|-damage|p1a: Cyclizar|78\/100 brn|[from] brn\n|upkeep\n|turn|2\n|\n|t:|1700344563\n|move|p1a: Cyclizar|U-turn|p2a: Weezing\n|-resisted|p2a: Weezing\n|-damage|p2a: Weezing|93\/100\n|j| srtyjj\n|\n|t:|1700344571\n|switch|p1a: Weezing|Weezing-Galar, M|100\/100|[from] U-turn\n|-ability|p1a: Weezing|Neutralizing Gas\n|move|p2a: Weezing|Will-O-Wisp|p1a: Weezing\n|-status|p1a: Weezing|brn\n|\n|-damage|p1a: Weezing|95\/100 brn|[from] brn\n|upkeep\n|turn|3\n|\n|t:|1700344579\n|switch|p2a: Heatran|Heatran, F|100\/100\n|move|p1a: Weezing|Will-O-Wisp|p2a: Heatran|[miss]\n|-miss|p1a: Weezing|p2a: Heatran\n|\n|-damage|p1a: Weezing|89\/100 brn|[from] brn\n|upkeep\n|turn|4\n|\n|t:|1700344583\n|-end|p1a: Weezing|ability: Neutralizing Gas\n|switch|p1a: Cyclizar|Cyclizar, M|100\/100 brn\n|move|p2a: Heatran|Magma Storm|p1a: Cyclizar\n|-resisted|p1a: Cyclizar\n|-damage|p1a: Cyclizar|71\/100 brn\n|-activate|p1a: Cyclizar|move: Magma Storm|[of] p2a: Heatran\n|\n|-damage|p1a: Cyclizar|65\/100 brn|[from] brn\n|-damage|p1a: Cyclizar|53\/100 brn|[from] move: Magma Storm|[partiallytrapped]\n|upkeep\n|turn|5\n|\n|t:|1700344589\n|move|p2a: Heatran|Protect|p2a: Heatran\n|-singleturn|p2a: Heatran|Protect\n|move|p1a: Cyclizar|U-turn|p2a: Heatran\n|-activate|p2a: Heatran|move: Protect\n|\n|-damage|p1a: Cyclizar|47\/100 brn|[from] brn\n|-damage|p1a: Cyclizar|34\/100 brn|[from] move: Magma Storm|[partiallytrapped]\n|upkeep\n|turn|6\n|j| cfvjunior\n|\n|t:|1700344598\n|move|p1a: Cyclizar|U-turn|p2a: Heatran\n|-resisted|p2a: Heatran\n|-damage|p2a: Heatran|99\/100\n|\n|t:|1700344599\n|switch|p1a: Alomomola|Alomomola, M|100\/100|[from] U-turn\n|move|p2a: Heatran|Magma Storm|p1a: Alomomola|[miss]\n|-miss|p2a: Heatran|p1a: Alomomola\n|\n|-heal|p2a: Heatran|100\/100|[from] item: Leftovers\n|upkeep\n|turn|7\n|\n|t:|1700344607\n|move|p2a: Heatran|Taunt|p1a: Alomomola\n|-start|p1a: Alomomola|move: Taunt\n|move|p1a: Alomomola|Mirror Coat||[still]\n|-fail|p1a: Alomomola\n|\n|upkeep\n|turn|8\n|\n|t:|1700344612\n|move|p2a: Heatran|Magma Storm|p1a: Alomomola\n|-resisted|p1a: Alomomola\n|-damage|p1a: Alomomola|77\/100\n|-activate|p1a: Alomomola|move: Magma Storm|[of] p2a: Heatran\n|move|p1a: Alomomola|Flip Turn|p2a: Heatran\n|-supereffective|p2a: Heatran\n|-damage|p2a: Heatran|72\/100\n|\n|t:|1700344614\n|switch|p1a: Cyclizar|Cyclizar, M|67\/100 brn|[from] Flip Turn\n|\n|-heal|p2a: Heatran|78\/100|[from] item: Leftovers\n|-damage|p1a: Cyclizar|61\/100 brn|[from] brn\n|upkeep\n|turn|9\n|\n|t:|1700344618\n|move|p2a: Heatran|Protect|p2a: Heatran\n|-singleturn|p2a: Heatran|Protect\n|move|p1a: Cyclizar|Knock Off|p2a: Heatran\n|-activate|p2a: Heatran|move: Protect\n|\n|-heal|p2a: Heatran|84\/100|[from] item: Leftovers\n|-damage|p1a: Cyclizar|55\/100 brn|[from] brn\n|upkeep\n|turn|10\n|\n|t:|1700344625\n|switch|p2a: Weezing|Weezing-Galar, F, shiny|93\/100\n|move|p1a: Cyclizar|U-turn|p2a: Weezing\n|-resisted|p2a: Weezing\n|-damage|p2a: Weezing|92\/100\n|\n|t:|1700344632\n|switch|p1a: Blissey|Blissey, F|100\/100|[from] U-turn\n|\n|upkeep\n|turn|11\n|\n|t:|1700344642\n|switch|p2a: Weavile|Weavile, M|100\/100\n|-ability|p2a: Weavile|Pressure\n|move|p1a: Blissey|Stealth Rock|p2a: Weavile\n|-sidestart|p2: Jontrendline|move: Stealth Rock\n|\n|upkeep\n|turn|12\n|\n|t:|1700344655\n|switch|p1a: Corviknight|Corviknight, M|100\/100\n|-ability|p1a: Corviknight|Pressure\n|move|p2a: Weavile|Swords Dance|p2a: Weavile\n|-boost|p2a: Weavile|atk|2\n|\n|upkeep\n|turn|13\n|\n|t:|1700344660\n|move|p2a: Weavile|Icicle Crash|p1a: Corviknight\n|-crit|p1a: Corviknight\n|-damage|p1a: Corviknight|20\/100\n|move|p1a: Corviknight|Body Press|p2a: Weavile\n|-supereffective|p2a: Weavile\n|-damage|p2a: Weavile|0 fnt\n|faint|p2a: Weavile\n|\n|-heal|p1a: Corviknight|26\/100|[from] item: Leftovers\n|upkeep\n|\n|t:|1700344668\n|switch|p2a: Heatran|Heatran, F|84\/100\n|-damage|p2a: Heatran|72\/100|[from] Stealth Rock\n|turn|14\n|\n|t:|1700344672\n|switch|p1a: Cyclizar|Cyclizar, M|88\/100 brn\n|move|p2a: Heatran|Magma Storm|p1a: Cyclizar\n|-resisted|p1a: Cyclizar\n|-damage|p1a: Cyclizar|63\/100 brn\n|-activate|p1a: Cyclizar|move: Magma Storm|[of] p2a: Heatran\n|\n|-heal|p2a: Heatran|78\/100|[from] item: Leftovers\n|-damage|p1a: Cyclizar|57\/100 brn|[from] brn\n|-damage|p1a: Cyclizar|44\/100 brn|[from] move: Magma Storm|[partiallytrapped]\n|upkeep\n|turn|15\n|\n|t:|1700344678\n|move|p2a: Heatran|Protect|p2a: Heatran\n|-singleturn|p2a: Heatran|Protect\n|move|p1a: Cyclizar|U-turn|p2a: Heatran\n|-activate|p2a: Heatran|move: Protect\n|\n|-heal|p2a: Heatran|84\/100|[from] item: Leftovers\n|-damage|p1a: Cyclizar|38\/100 brn|[from] brn\n|-damage|p1a: Cyclizar|26\/100 brn|[from] move: Magma Storm|[partiallytrapped]\n|upkeep\n|turn|16\n|\n|t:|1700344681\n|move|p1a: Cyclizar|U-turn|p2a: Heatran\n|-resisted|p2a: Heatran\n|-crit|p2a: Heatran\n|-damage|p2a: Heatran|82\/100\n|\n|t:|1700344682\n|switch|p1a: Alomomola|Alomomola, M|100\/100|[from] U-turn\n|move|p2a: Heatran|Magma Storm|p1a: Alomomola\n|-resisted|p1a: Alomomola\n|-damage|p1a: Alomomola|75\/100\n|-activate|p1a: Alomomola|move: Magma Storm|[of] p2a: Heatran\n|\n|-heal|p2a: Heatran|88\/100|[from] item: Leftovers\n|-heal|p1a: Alomomola|81\/100|[from] item: Leftovers\n|-damage|p1a: Alomomola|68\/100|[from] move: Magma Storm|[partiallytrapped]\n|upkeep\n|turn|17\n|\n|t:|1700344689\n|move|p2a: Heatran|Protect|p2a: Heatran\n|-singleturn|p2a: Heatran|Protect\n|move|p1a: Alomomola|Flip Turn|p2a: Heatran\n|-activate|p2a: Heatran|move: Protect\n|\n|-heal|p2a: Heatran|94\/100|[from] item: Leftovers\n|-heal|p1a: Alomomola|75\/100|[from] item: Leftovers\n|-damage|p1a: Alomomola|62\/100|[from] move: Magma Storm|[partiallytrapped]\n|upkeep\n|turn|18\n|\n|t:|1700344695\n|move|p2a: Heatran|Earth Power|p1a: Alomomola\n|-damage|p1a: Alomomola|32\/100\n|move|p1a: Alomomola|Flip Turn|p2a: Heatran\n|-supereffective|p2a: Heatran\n|-crit|p2a: Heatran\n|-damage|p2a: Heatran|53\/100\n|\n|t:|1700344701\n|switch|p1a: Cyclizar|Cyclizar, M|59\/100 brn|[from] Flip Turn\n|\n|-heal|p2a: Heatran|60\/100|[from] item: Leftovers\n|-damage|p1a: Cyclizar|53\/100 brn|[from] brn\n|upkeep\n|turn|19\n|\n|t:|1700344709\n|move|p2a: Heatran|Protect|p2a: Heatran\n|-singleturn|p2a: Heatran|Protect\n|move|p1a: Cyclizar|U-turn|p2a: Heatran\n|-activate|p2a: Heatran|move: Protect\n|\n|-heal|p2a: Heatran|66\/100|[from] item: Leftovers\n|-damage|p1a: Cyclizar|47\/100 brn|[from] brn\n|upkeep\n|turn|20\n|\n|t:|1700344713\n|move|p1a: Cyclizar|U-turn|p2a: Heatran\n|-resisted|p2a: Heatran\n|-damage|p2a: Heatran|64\/100\n|\n|t:|1700344716\n|switch|p1a: Alomomola|Alomomola, M|66\/100|[from] U-turn\n|move|p2a: Heatran|Magma Storm|p1a: Alomomola|[miss]\n|-miss|p2a: Heatran|p1a: Alomomola\n|\n|-heal|p2a: Heatran|70\/100|[from] item: Leftovers\n|-heal|p1a: Alomomola|72\/100|[from] item: Leftovers\n|upkeep\n|turn|21\n|\n|t:|1700344727\n|switch|p2a: Toxapex|Toxapex, F|100\/100\n|-damage|p2a: Toxapex|88\/100|[from] Stealth Rock\n|move|p1a: Alomomola|Flip Turn|p2a: Toxapex\n|-resisted|p2a: Toxapex\n|-damage|p2a: Toxapex|83\/100\n|\n|t:|1700344732\n|switch|p1a: Corviknight|Corviknight, M|26\/100|[from] Flip Turn\n|-ability|p1a: Corviknight|Pressure\n|\n|-heal|p1a: Corviknight|33\/100|[from] item: Leftovers\n|-heal|p2a: Toxapex|90\/100|[from] item: Black Sludge\n|upkeep\n|turn|22\n|\n|t:|1700344739\n|move|p1a: Corviknight|Roost|p1a: Corviknight\n|-heal|p1a: Corviknight|83\/100\n|-singleturn|p1a: Corviknight|move: Roost\n|move|p2a: Toxapex|Toxic Spikes|p1a: Corviknight\n|-sidestart|p1: mathismathin|move: Toxic Spikes\n|\n|-heal|p1a: Corviknight|89\/100|[from] item: Leftovers\n|-heal|p2a: Toxapex|96\/100|[from] item: Black Sludge\n|upkeep\n|turn|23\n|\n|t:|1700344745\n|switch|p1a: Weezing|Weezing-Galar, M|89\/100 brn\n|-ability|p1a: Weezing|Neutralizing Gas\n|-sideend|p1: mathismathin|move: Toxic Spikes|[of] p1a: Weezing\n|move|p2a: Toxapex|Toxic Spikes|p1a: Weezing\n|-sidestart|p1: mathismathin|move: Toxic Spikes\n|\n|-heal|p2a: Toxapex|100\/100|[from] item: Black Sludge\n|-damage|p1a: Weezing|83\/100 brn|[from] brn\n|upkeep\n|turn|24\n|\n|t:|1700344757\n|-end|p1a: Weezing|ability: Neutralizing Gas\n|switch|p1a: Cyclizar|Cyclizar, M|80\/100 brn\n|switch|p2a: Heatran|Heatran, F|70\/100\n|-damage|p2a: Heatran|58\/100|[from] Stealth Rock\n|\n|-heal|p2a: Heatran|64\/100|[from] item: Leftovers\n|-damage|p1a: Cyclizar|74\/100 brn|[from] brn\n|upkeep\n|turn|25\n|j| Ghosty187\n|l| Ghosty187\n|\n|t:|1700344764\n|move|p2a: Heatran|Protect|p2a: Heatran\n|-singleturn|p2a: Heatran|Protect\n|move|p1a: Cyclizar|Rapid Spin|p2a: Heatran\n|-activate|p2a: Heatran|move: Protect\n|\n|-heal|p2a: Heatran|70\/100|[from] item: Leftovers\n|-damage|p1a: Cyclizar|68\/100 brn|[from] brn\n|upkeep\n|turn|26\n|\n|t:|1700344772\n|move|p1a: Cyclizar|Rapid Spin|p2a: Heatran\n|-resisted|p2a: Heatran\n|-damage|p2a: Heatran|67\/100\n|-boost|p1a: Cyclizar|spe|1\n|-sideend|p1: mathismathin|Toxic Spikes|[from] move: Rapid Spin|[of] p1a: Cyclizar\n|move|p2a: Heatran|Magma Storm|p1a: Cyclizar\n|-resisted|p1a: Cyclizar\n|-damage|p1a: Cyclizar|40\/100 brn\n|-activate|p1a: Cyclizar|move: Magma Storm|[of] p2a: Heatran\n|\n|-heal|p2a: Heatran|74\/100|[from] item: Leftovers\n|-damage|p1a: Cyclizar|34\/100 brn|[from] brn\n|-damage|p1a: Cyclizar|22\/100 brn|[from] move: Magma Storm|[partiallytrapped]\n|upkeep\n|turn|27\n|\n|t:|1700344778\n|move|p2a: Heatran|Protect|p2a: Heatran\n|-singleturn|p2a: Heatran|Protect\n|move|p1a: Cyclizar|U-turn|p2a: Heatran\n|-activate|p2a: Heatran|move: Protect\n|\n|-heal|p2a: Heatran|80\/100|[from] item: Leftovers\n|-damage|p1a: Cyclizar|16\/100 brn|[from] brn\n|-damage|p1a: Cyclizar|3\/100 brn|[from] move: Magma Storm|[partiallytrapped]\n|upkeep\n|turn|28\n|\n|t:|1700344784\n|move|p2a: Heatran|Protect|p2a: Heatran\n|-singleturn|p2a: Heatran|Protect\n|move|p1a: Cyclizar|U-turn|p2a: Heatran\n|-activate|p2a: Heatran|move: Protect\n|\n|-heal|p2a: Heatran|86\/100|[from] item: Leftovers\n|-damage|p1a: Cyclizar|0 fnt|[from] brn\n|faint|p1a: Cyclizar\n|upkeep\n|\n|t:|1700344790\n|switch|p1a: Alomomola|Alomomola, M|100\/100\n|turn|29\n|\n|t:|1700344794\n|switch|p2a: Toxapex|Toxapex, F|100\/100\n|-damage|p2a: Toxapex|88\/100|[from] Stealth Rock\n|move|p1a: Alomomola|Flip Turn|p2a: Toxapex\n|-resisted|p2a: Toxapex\n|-damage|p2a: Toxapex|83\/100\n|\n|t:|1700344798\n|switch|p1a: Weezing|Weezing-Galar, M|83\/100 brn|[from] Flip Turn\n|-ability|p1a: Weezing|Neutralizing Gas\n|\n|-heal|p2a: Toxapex|89\/100|[from] item: Black Sludge\n|-damage|p1a: Weezing|77\/100 brn|[from] brn\n|upkeep\n|turn|30\n|\n|t:|1700344808\n|move|p1a: Weezing|Will-O-Wisp|p2a: Toxapex\n|-status|p2a: Toxapex|brn\n|move|p2a: Toxapex|Toxic Spikes|p1a: Weezing\n|-sidestart|p1: mathismathin|move: Toxic Spikes\n|\n|-heal|p2a: Toxapex|96\/100 brn|[from] item: Black Sludge\n|-damage|p1a: Weezing|71\/100 brn|[from] brn\n|-damage|p2a: Toxapex|89\/100 brn|[from] brn\n|upkeep\n|turn|31\n|\n|t:|1700344815\n|-end|p1a: Weezing|ability: Neutralizing Gas\n|switch|p1a: Blissey|Blissey, F|100\/100\n|move|p2a: Toxapex|Toxic Spikes|p1a: Blissey\n|-sidestart|p1: mathismathin|move: Toxic Spikes\n|\n|-heal|p2a: Toxapex|96\/100 brn|[from] item: Black Sludge\n|-damage|p2a: Toxapex|89\/100 brn|[from] brn\n|upkeep\n|turn|32\n|\n|t:|1700344822\n|switch|p1a: Weezing|Weezing-Galar, M|71\/100 brn\n|-ability|p1a: Weezing|Neutralizing Gas\n|-sideend|p1: mathismathin|move: Toxic Spikes|[of] p1a: Weezing\n|move|p2a: Toxapex|Toxic Spikes|p1a: Weezing\n|-sidestart|p1: mathismathin|move: Toxic Spikes\n|\n|-heal|p2a: Toxapex|96\/100 brn|[from] item: Black Sludge\n|-damage|p1a: Weezing|65\/100 brn|[from] brn\n|-damage|p2a: Toxapex|89\/100 brn|[from] brn\n|upkeep\n|turn|33\n|\n|t:|1700344831\n|-end|p1a: Weezing|ability: Neutralizing Gas\n|switch|p1a: Blissey|Blissey, F|100\/100\n|switch|p2a: Heatran|Heatran, F|86\/100\n|-damage|p2a: Heatran|74\/100|[from] Stealth Rock\n|\n|-heal|p2a: Heatran|80\/100|[from] item: Leftovers\n|upkeep\n|turn|34\n|\n|t:|1700344837\n|move|p2a: Heatran|Magma Storm|p1a: Blissey\n|-damage|p1a: Blissey|85\/100\n|-activate|p1a: Blissey|move: Magma Storm|[of] p2a: Heatran\n|move|p1a: Blissey|Shadow Ball|p2a: Heatran\n|-damage|p2a: Heatran|68\/100\n|\n|-heal|p2a: Heatran|74\/100|[from] item: Leftovers\n|-damage|p1a: Blissey|72\/100|[from] move: Magma Storm|[partiallytrapped]\n|upkeep\n|turn|35\n|\n|t:|1700344842\n|move|p2a: Heatran|Taunt|p1a: Blissey\n|-start|p1a: Blissey|move: Taunt\n|move|p1a: Blissey|Shadow Ball|p2a: Heatran\n|-damage|p2a: Heatran|60\/100\n|\n|-heal|p2a: Heatran|66\/100|[from] item: Leftovers\n|-damage|p1a: Blissey|60\/100|[from] move: Magma Storm|[partiallytrapped]\n|upkeep\n|turn|36\n|\n|t:|1700344845\n|move|p2a: Heatran|Earth Power|p1a: Blissey\n|-damage|p1a: Blissey|51\/100\n|move|p1a: Blissey|Shadow Ball|p2a: Heatran\n|-damage|p2a: Heatran|53\/100\n|-unboost|p2a: Heatran|spd|1\n|\n|-heal|p2a: Heatran|59\/100|[from] item: Leftovers\n|-damage|p1a: Blissey|38\/100|[from] move: Magma Storm|[partiallytrapped]\n|upkeep\n|turn|37\n|\n|t:|1700344848\n|move|p2a: Heatran|Earth Power|p1a: Blissey\n|-damage|p1a: Blissey|29\/100\n|move|p1a: Blissey|Shadow Ball|p2a: Heatran\n|-damage|p2a: Heatran|38\/100\n|\n|-heal|p2a: Heatran|44\/100|[from] item: Leftovers\n|-damage|p1a: Blissey|17\/100|[from] move: Magma Storm|[partiallytrapped]\n|-end|p1a: Blissey|move: Taunt\n|upkeep\n|turn|38\n|j| Rainbow Chrome\n|\n|t:|1700344854\n|move|p2a: Heatran|Taunt|p1a: Blissey\n|-start|p1a: Blissey|move: Taunt\n|move|p1a: Blissey|Shadow Ball|p2a: Heatran\n|-damage|p2a: Heatran|26\/100\n|\n|-heal|p2a: Heatran|32\/100|[from] item: Leftovers\n|-end|p1a: Blissey|Magma Storm|[partiallytrapped]\n|upkeep\n|turn|39\n|\n|t:|1700344864\n|switch|p2a: Zamazenta|Zamazenta|100\/100\n|-damage|p2a: Zamazenta|94\/100|[from] Stealth Rock\n|-ability|p2a: Zamazenta|Dauntless Shield|boost\n|-boost|p2a: Zamazenta|def|1\n|switch|p1a: Corviknight|Corviknight, M|89\/100\n|-ability|p1a: Corviknight|Pressure\n|\n|-heal|p2a: Zamazenta|100\/100|[from] item: Leftovers\n|-heal|p1a: Corviknight|95\/100|[from] item: Leftovers\n|upkeep\n|turn|40\n|\n|t:|1700344869\n|switch|p1a: Weezing|Weezing-Galar, M|65\/100 brn\n|-ability|p1a: Weezing|Neutralizing Gas\n|-sideend|p1: mathismathin|move: Toxic Spikes|[of] p1a: Weezing\n|move|p2a: Zamazenta|Substitute|p2a: Zamazenta\n|-start|p2a: Zamazenta|Substitute\n|-damage|p2a: Zamazenta|75\/100\n|\n|-heal|p2a: Zamazenta|82\/100|[from] item: Leftovers\n|-damage|p1a: Weezing|59\/100 brn|[from] brn\n|upkeep\n|turn|41\n|\n|t:|1700344875\n|-end|p1a: Weezing|ability: Neutralizing Gas\n|switch|p1a: Corviknight|Corviknight, M|95\/100\n|-ability|p1a: Corviknight|Pressure\n|move|p2a: Zamazenta|Iron Defense|p2a: Zamazenta\n|-boost|p2a: Zamazenta|def|2\n|\n|-heal|p2a: Zamazenta|88\/100|[from] item: Leftovers\n|-heal|p1a: Corviknight|100\/100|[from] item: Leftovers\n|upkeep\n|turn|42\n|\n|t:|1700344879\n|move|p2a: Zamazenta|Body Press|p1a: Corviknight\n|-damage|p1a: Corviknight|36\/100\n|move|p1a: Corviknight|Iron Defense|p1a: Corviknight\n|-boost|p1a: Corviknight|def|2\n|\n|-heal|p2a: Zamazenta|94\/100|[from] item: Leftovers\n|-heal|p1a: Corviknight|43\/100|[from] item: Leftovers\n|upkeep\n|turn|43\n|\n|t:|1700344884\n|move|p2a: Zamazenta|Body Press|p1a: Corviknight\n|-damage|p1a: Corviknight|11\/100\n|move|p1a: Corviknight|Roost|p1a: Corviknight\n|-heal|p1a: Corviknight|61\/100\n|-singleturn|p1a: Corviknight|move: Roost\n|\n|-heal|p2a: Zamazenta|99\/100|[from] item: Leftovers\n|-heal|p1a: Corviknight|67\/100|[from] item: Leftovers\n|upkeep\n|turn|44\n|\n|t:|1700344888\n|move|p2a: Zamazenta|Body Press|p1a: Corviknight\n|-damage|p1a: Corviknight|32\/100\n|move|p1a: Corviknight|Iron Defense|p1a: Corviknight\n|-boost|p1a: Corviknight|def|2\n|\n|-heal|p2a: Zamazenta|100\/100|[from] item: Leftovers\n|-heal|p1a: Corviknight|38\/100|[from] item: Leftovers\n|upkeep\n|turn|45\n|\n|t:|1700344896\n|switch|p2a: Weezing|Weezing-Galar, F, shiny|92\/100\n|-damage|p2a: Weezing|80\/100|[from] Stealth Rock\n|move|p1a: Corviknight|Roost|p1a: Corviknight\n|-heal|p1a: Corviknight|88\/100\n|-singleturn|p1a: Corviknight|move: Roost\n|\n|-heal|p1a: Corviknight|94\/100|[from] item: Leftovers\n|upkeep\n|turn|46\n|\n|t:|1700344907\n|switch|p1a: Alomomola|Alomomola, M|100\/100\n|switch|p2a: Zamazenta|Zamazenta|100\/100\n|-damage|p2a: Zamazenta|94\/100|[from] Stealth Rock\n|\n|-heal|p2a: Zamazenta|100\/100|[from] item: Leftovers\n|upkeep\n|turn|47\n|\n|t:|1700344911\n|move|p2a: Zamazenta|Iron Defense|p2a: Zamazenta\n|-boost|p2a: Zamazenta|def|2\n|move|p1a: Alomomola|Wish|p1a: Alomomola\n|\n|upkeep\n|turn|48\n|\n|t:|1700344919\n|move|p2a: Zamazenta|Iron Defense|p2a: Zamazenta\n|-boost|p2a: Zamazenta|def|2\n|move|p1a: Alomomola|Flip Turn|p2a: Zamazenta\n|-damage|p2a: Zamazenta|96\/100\n|\n|t:|1700344935\n|switch|p1a: Weezing|Weezing-Galar, M|59\/100 brn|[from] Flip Turn\n|-ability|p1a: Weezing|Neutralizing Gas\n|\n|-heal|p1a: Weezing|100\/100 brn|[from] move: Wish|[wisher] Alomomola\n|-heal|p2a: Zamazenta|100\/100|[from] item: Leftovers\n|-damage|p1a: Weezing|95\/100 brn|[from] brn\n|upkeep\n|turn|49\n|\n|t:|1700344942\n|move|p2a: Zamazenta|Substitute|p2a: Zamazenta\n|-start|p2a: Zamazenta|Substitute\n|-damage|p2a: Zamazenta|75\/100\n|move|p1a: Weezing|Sludge Bomb|p2a: Zamazenta\n|-activate|p2a: Zamazenta|move: Substitute|[damage]\n|\n|-heal|p2a: Zamazenta|82\/100|[from] item: Leftovers\n|-damage|p1a: Weezing|89\/100 brn|[from] brn\n|upkeep\n|turn|50\n|\n|t:|1700344945\n|move|p2a: Zamazenta|Iron Defense|p2a: Zamazenta\n|-boost|p2a: Zamazenta|def|2\n|move|p1a: Weezing|Sludge Bomb|p2a: Zamazenta\n|-end|p2a: Zamazenta|Substitute\n|\n|-heal|p2a: Zamazenta|88\/100|[from] item: Leftovers\n|-damage|p1a: Weezing|83\/100 brn|[from] brn\n|upkeep\n|turn|51\n|\n|t:|1700344949\n|move|p2a: Zamazenta|Substitute|p2a: Zamazenta\n|-start|p2a: Zamazenta|Substitute\n|-damage|p2a: Zamazenta|63\/100\n|move|p1a: Weezing|Sludge Bomb|p2a: Zamazenta\n|-activate|p2a: Zamazenta|move: Substitute|[damage]\n|\n|-heal|p2a: Zamazenta|69\/100|[from] item: Leftovers\n|-damage|p1a: Weezing|77\/100 brn|[from] brn\n|upkeep\n|turn|52\n|\n|t:|1700344951\n|move|p2a: Zamazenta|Body Press|p1a: Weezing\n|-resisted|p1a: Weezing\n|-crit|p1a: Weezing\n|-damage|p1a: Weezing|37\/100 brn\n|move|p1a: Weezing|Sludge Bomb|p2a: Zamazenta\n|-end|p2a: Zamazenta|Substitute\n|\n|-heal|p2a: Zamazenta|75\/100|[from] item: Leftovers\n|-damage|p1a: Weezing|31\/100 brn|[from] brn\n|upkeep\n|turn|53\n|\n|t:|1700344955\n|-end|p1a: Weezing|ability: Neutralizing Gas\n|switch|p1a: Alomomola|Alomomola, M|100\/100\n|move|p2a: Zamazenta|Substitute|p2a: Zamazenta\n|-start|p2a: Zamazenta|Substitute\n|-damage|p2a: Zamazenta|50\/100\n|\n|-heal|p2a: Zamazenta|56\/100|[from] item: Leftovers\n|upkeep\n|turn|54\n|\n|t:|1700344959\n|-terastallize|p1a: Alomomola|Ghost\n|move|p2a: Zamazenta|Body Press|p1a: Alomomola\n|-immune|p1a: Alomomola\n|move|p1a: Alomomola|Wish|p1a: Alomomola\n|\n|-heal|p2a: Zamazenta|62\/100|[from] item: Leftovers\n|upkeep\n|turn|55\n|\n|t:|1700344965\n|move|p2a: Zamazenta|Crunch|p1a: Alomomola\n|-supereffective|p1a: Alomomola\n|-damage|p1a: Alomomola|75\/100\n|move|p1a: Alomomola|Flip Turn|p2a: Zamazenta\n|-activate|p2a: Zamazenta|move: Substitute|[damage]\n|\n|t:|1700344967\n|switch|p1a: Weezing|Weezing-Galar, M|31\/100 brn|[from] Flip Turn\n|-ability|p1a: Weezing|Neutralizing Gas\n|\n|-heal|p1a: Weezing|100\/100 brn|[from] move: Wish|[wisher] Alomomola\n|-heal|p2a: Zamazenta|68\/100|[from] item: Leftovers\n|-damage|p1a: Weezing|95\/100 brn|[from] brn\n|upkeep\n|turn|56\n|\n|t:|1700344972\n|move|p2a: Zamazenta|Crunch|p1a: Weezing\n|-resisted|p1a: Weezing\n|-damage|p1a: Weezing|88\/100 brn\n|move|p1a: Weezing|Sludge Bomb|p2a: Zamazenta\n|-activate|p2a: Zamazenta|move: Substitute|[damage]\n|\n|-heal|p2a: Zamazenta|74\/100|[from] item: Leftovers\n|-damage|p1a: Weezing|82\/100 brn|[from] brn\n|upkeep\n|turn|57\n|\n|t:|1700344975\n|-end|p1a: Weezing|ability: Neutralizing Gas\n|switch|p1a: Alomomola|Alomomola, M, tera:Ghost|100\/100\n|move|p2a: Zamazenta|Crunch|p1a: Alomomola\n|-supereffective|p1a: Alomomola\n|-damage|p1a: Alomomola|73\/100\n|-unboost|p1a: Alomomola|def|1\n|\n|-heal|p2a: Zamazenta|80\/100|[from] item: Leftovers\n|-heal|p1a: Alomomola|80\/100|[from] item: Leftovers\n|upkeep\n|turn|58\n|\n|t:|1700344982\n|switch|p1a: Weezing|Weezing-Galar, M|82\/100 brn\n|-ability|p1a: Weezing|Neutralizing Gas\n|move|p2a: Zamazenta|Crunch|p1a: Weezing\n|-resisted|p1a: Weezing\n|-damage|p1a: Weezing|74\/100 brn\n|-unboost|p1a: Weezing|def|1\n|\n|-heal|p2a: Zamazenta|86\/100|[from] item: Leftovers\n|-damage|p1a: Weezing|68\/100 brn|[from] brn\n|upkeep\n|turn|59\n|j| akakPUMPKIN\n|\n|t:|1700344985\n|-end|p1a: Weezing|ability: Neutralizing Gas\n|switch|p1a: Alomomola|Alomomola, M, tera:Ghost|100\/100\n|move|p2a: Zamazenta|Crunch|p1a: Alomomola\n|-supereffective|p1a: Alomomola\n|-damage|p1a: Alomomola|71\/100\n|\n|-heal|p2a: Zamazenta|92\/100|[from] item: Leftovers\n|-heal|p1a: Alomomola|78\/100|[from] item: Leftovers\n|upkeep\n|turn|60\n|\n|t:|1700344989\n|move|p1a: Alomomola|Protect|p1a: Alomomola\n|-singleturn|p1a: Alomomola|Protect\n|move|p2a: Zamazenta|Crunch|p1a: Alomomola\n|-activate|p1a: Alomomola|move: Protect\n|\n|-heal|p2a: Zamazenta|98\/100|[from] item: Leftovers\n|-heal|p1a: Alomomola|84\/100|[from] item: Leftovers\n|upkeep\n|turn|61\n|j| Ghosty187\n|\n|t:|1700344996\n|move|p2a: Zamazenta|Crunch|p1a: Alomomola\n|-supereffective|p1a: Alomomola\n|-damage|p1a: Alomomola|58\/100\n|move|p1a: Alomomola|Wish|p1a: Alomomola\n|\n|-heal|p2a: Zamazenta|100\/100|[from] item: Leftovers\n|-heal|p1a: Alomomola|64\/100|[from] item: Leftovers\n|upkeep\n|turn|62\n|\n|t:|1700345008\n|switch|p1a: Weezing|Weezing-Galar, M|68\/100 brn\n|-ability|p1a: Weezing|Neutralizing Gas\n|move|p2a: Zamazenta|Iron Defense|p2a: Zamazenta\n|-boost|p2a: Zamazenta|def|0\n|\n|-heal|p1a: Weezing|100\/100 brn|[from] move: Wish|[wisher] Alomomola\n|-damage|p1a: Weezing|95\/100 brn|[from] brn\n|upkeep\n|turn|63\n|\n|t:|1700345013\n|move|p2a: Zamazenta|Crunch|p1a: Weezing\n|-resisted|p1a: Weezing\n|-damage|p1a: Weezing|87\/100 brn\n|move|p1a: Weezing|Sludge Bomb|p2a: Zamazenta\n|-end|p2a: Zamazenta|Substitute\n|\n|-damage|p1a: Weezing|81\/100 brn|[from] brn\n|upkeep\n|turn|64\n|\n|t:|1700345019\n|move|p2a: Zamazenta|Substitute|p2a: Zamazenta\n|-start|p2a: Zamazenta|Substitute\n|-damage|p2a: Zamazenta|75\/100\n|move|p1a: Weezing|Sludge Bomb|p2a: Zamazenta\n|-activate|p2a: Zamazenta|move: Substitute|[damage]\n|\n|-heal|p2a: Zamazenta|82\/100|[from] item: Leftovers\n|-damage|p1a: Weezing|75\/100 brn|[from] brn\n|upkeep\n|turn|65\n|\n|t:|1700345023\n|-end|p1a: Weezing|ability: Neutralizing Gas\n|switch|p1a: Alomomola|Alomomola, M, tera:Ghost|98\/100\n|move|p2a: Zamazenta|Body Press|p1a: Alomomola\n|-immune|p1a: Alomomola\n|\n|-heal|p2a: Zamazenta|88\/100|[from] item: Leftovers\n|-heal|p1a: Alomomola|100\/100|[from] item: Leftovers\n|upkeep\n|turn|66\n|\n|t:|1700345027\n|move|p2a: Zamazenta|Crunch|p1a: Alomomola\n|-supereffective|p1a: Alomomola\n|-damage|p1a: Alomomola|76\/100\n|-unboost|p1a: Alomomola|def|1\n|move|p1a: Alomomola|Flip Turn|p2a: Zamazenta\n|-activate|p2a: Zamazenta|move: Substitute|[damage]\n|\n|t:|1700345030\n|switch|p1a: Corviknight|Corviknight, M|94\/100|[from] Flip Turn\n|-ability|p1a: Corviknight|Pressure\n|\n|-heal|p2a: Zamazenta|94\/100|[from] item: Leftovers\n|-heal|p1a: Corviknight|100\/100|[from] item: Leftovers\n|upkeep\n|turn|67\n|\n|t:|1700345033\n|switch|p1a: Alomomola|Alomomola, M, tera:Ghost|100\/100\n|move|p2a: Zamazenta|Crunch|p1a: Alomomola\n|-supereffective|p1a: Alomomola\n|-damage|p1a: Alomomola|73\/100\n|-unboost|p1a: Alomomola|def|1\n|\n|-heal|p2a: Zamazenta|99\/100|[from] item: Leftovers\n|-heal|p1a: Alomomola|79\/100|[from] item: Leftovers\n|upkeep\n|turn|68\n|\n|t:|1700345040\n|move|p1a: Alomomola|Protect|p1a: Alomomola\n|-singleturn|p1a: Alomomola|Protect\n|move|p2a: Zamazenta|Body Press|p1a: Alomomola\n|-activate|p1a: Alomomola|move: Protect\n|\n|-heal|p2a: Zamazenta|100\/100|[from] item: Leftovers\n|-heal|p1a: Alomomola|85\/100|[from] item: Leftovers\n|upkeep\n|turn|69\n|\n|t:|1700345044\n|move|p2a: Zamazenta|Body Press|p1a: Alomomola\n|-immune|p1a: Alomomola\n|move|p1a: Alomomola|Wish|p1a: Alomomola\n|\n|-heal|p1a: Alomomola|91\/100|[from] item: Leftovers\n|upkeep\n|turn|70\n|\n|t:|1700345047\n|switch|p1a: Weezing|Weezing-Galar, M|75\/100 brn\n|-ability|p1a: Weezing|Neutralizing Gas\n|move|p2a: Zamazenta|Body Press|p1a: Weezing\n|-resisted|p1a: Weezing\n|-damage|p1a: Weezing|48\/100 brn\n|\n|-heal|p1a: Weezing|100\/100 brn|[from] move: Wish|[wisher] Alomomola\n|-damage|p1a: Weezing|95\/100 brn|[from] brn\n|upkeep\n|turn|71\n|\n|t:|1700345051\n|-end|p1a: Weezing|ability: Neutralizing Gas\n|switch|p1a: Alomomola|Alomomola, M, tera:Ghost|100\/100\n|move|p2a: Zamazenta|Crunch|p1a: Alomomola\n|-supereffective|p1a: Alomomola\n|-damage|p1a: Alomomola|74\/100\n|\n|-heal|p1a: Alomomola|80\/100|[from] item: Leftovers\n|upkeep\n|turn|72\n|\n|t:|1700345056\n|switch|p2a: Toxapex|Toxapex, F|100\/100 brn\n|-damage|p2a: Toxapex|88\/100 brn|[from] Stealth Rock\n|move|p1a: Alomomola|Protect||[still]\n|-fail|p1a: Alomomola\n|\n|-heal|p1a: Alomomola|86\/100|[from] item: Leftovers\n|-heal|p2a: Toxapex|94\/100 brn|[from] item: Black Sludge\n|-damage|p2a: Toxapex|88\/100 brn|[from] brn\n|upkeep\n|turn|73\n|\n|t:|1700345061\n|switch|p1a: Wo-Chien|Wo-Chien|100\/100\n|-ability|p1a: Wo-Chien|Tablets of Ruin\n|move|p2a: Toxapex|Toxic Spikes|p1a: Wo-Chien\n|-sidestart|p1: mathismathin|move: Toxic Spikes\n|\n|-heal|p2a: Toxapex|94\/100 brn|[from] item: Black Sludge\n|-damage|p2a: Toxapex|88\/100 brn|[from] brn\n|upkeep\n|turn|74\n|\n|t:|1700345070\n|move|p1a: Wo-Chien|Knock Off|p2a: Toxapex\n|-damage|p2a: Toxapex|71\/100 brn\n|-enditem|p2a: Toxapex|Black Sludge|[from] move: Knock Off|[of] p1a: Wo-Chien\n|move|p2a: Toxapex|Toxic Spikes|p1a: Wo-Chien\n|-sidestart|p1: mathismathin|move: Toxic Spikes\n|\n|-damage|p2a: Toxapex|65\/100 brn|[from] brn\n|upkeep\n|turn|75\n|\n|t:|1700345074\n|move|p1a: Wo-Chien|Leech Seed|p2a: Toxapex\n|-start|p2a: Toxapex|move: Leech Seed\n|move|p2a: Toxapex|Sludge Bomb|p1a: Wo-Chien\n|-supereffective|p1a: Wo-Chien\n|-damage|p1a: Wo-Chien|74\/100\n|\n|-heal|p1a: Wo-Chien|80\/100|[from] item: Leftovers\n|-damage|p2a: Toxapex|52\/100 brn|[from] Leech Seed|[of] p1a: Wo-Chien\n|-heal|p1a: Wo-Chien|91\/100|[silent]\n|-damage|p2a: Toxapex|46\/100 brn|[from] brn\n|upkeep\n|turn|76\n|\n|t:|1700345079\n|switch|p1a: Weezing|Weezing-Galar, M|95\/100 brn\n|-ability|p1a: Weezing|Neutralizing Gas\n|-sideend|p1: mathismathin|move: Toxic Spikes|[of] p1a: Weezing\n|switch|p2a: Weezing|Weezing-Galar, F, shiny|80\/100\n|-damage|p2a: Weezing|68\/100|[from] Stealth Rock\n|\n|-damage|p1a: Weezing|89\/100 brn|[from] brn\n|upkeep\n|turn|77\n|j| Too Many Caps\n|\n|t:|1700345085\n|switch|p2a: Heatran|Heatran, F|32\/100\n|-damage|p2a: Heatran|20\/100|[from] Stealth Rock\n|move|p1a: Weezing|Sludge Bomb|p2a: Heatran\n|-immune|p2a: Heatran\n|\n|-heal|p2a: Heatran|26\/100|[from] item: Leftovers\n|-damage|p1a: Weezing|83\/100 brn|[from] brn\n|upkeep\n|turn|78\n|\n|t:|1700345093\n|-end|p1a: Weezing|ability: Neutralizing Gas\n|switch|p1a: Alomomola|Alomomola, M, tera:Ghost|100\/100\n|move|p2a: Heatran|Taunt|p1a: Alomomola\n|-start|p1a: Alomomola|move: Taunt\n|\n|-heal|p2a: Heatran|32\/100|[from] item: Leftovers\n|upkeep\n|turn|79\n|\n|t:|1700345102\n|move|p2a: Heatran|Earth Power|p1a: Alomomola\n|-damage|p1a: Alomomola|72\/100\n|move|p1a: Alomomola|Flip Turn|p2a: Heatran\n|-supereffective|p2a: Heatran\n|-damage|p2a: Heatran|7\/100\n|l| cfvjunior\n|\n|t:|1700345111\n|switch|p1a: Wo-Chien|Wo-Chien|91\/100|[from] Flip Turn\n|-ability|p1a: Wo-Chien|Tablets of Ruin\n|\n|-heal|p1a: Wo-Chien|97\/100|[from] item: Leftovers\n|-heal|p2a: Heatran|13\/100|[from] item: Leftovers\n|upkeep\n|turn|80\n|\n|t:|1700345116\n|switch|p1a: Alomomola|Alomomola, M, tera:Ghost|100\/100\n|switch|p2a: Toxapex|Toxapex, F|46\/100 brn\n|-damage|p2a: Toxapex|34\/100 brn|[from] Stealth Rock\n|\n|-damage|p2a: Toxapex|27\/100 brn|[from] brn\n|upkeep\n|turn|81\n|l| Rainbow Chrome\n|\n|t:|1700345123\n|switch|p1a: Blissey|Blissey, F|17\/100\n|move|p2a: Toxapex|Recover|p2a: Toxapex\n|-heal|p2a: Toxapex|77\/100 brn\n|\n|-damage|p2a: Toxapex|71\/100 brn|[from] brn\n|upkeep\n|turn|82\n|j| CutePokesOnly\n|\n|t:|1700345133\n|move|p1a: Blissey|Soft-Boiled|p1a: Blissey\n|-heal|p1a: Blissey|67\/100\n|move|p2a: Toxapex|Toxic Spikes|p1a: Blissey\n|-sidestart|p1: mathismathin|move: Toxic Spikes\n|\n|-damage|p2a: Toxapex|65\/100 brn|[from] brn\n|upkeep\n|turn|83\n|\n|t:|1700345144\n|switch|p1a: Corviknight|Corviknight, M|100\/100\n|-ability|p1a: Corviknight|Pressure\n|move|p2a: Toxapex|Sludge Bomb|p1a: Corviknight\n|-immune|p1a: Corviknight\n|\n|-damage|p2a: Toxapex|59\/100 brn|[from] brn\n|upkeep\n|turn|84\n|\n|t:|1700345153\n|move|p1a: Corviknight|Iron Head|p2a: Toxapex\n|-resisted|p2a: Toxapex\n|-damage|p2a: Toxapex|51\/100 brn\n|move|p2a: Toxapex|Sludge Bomb|p1a: Corviknight\n|-immune|p1a: Corviknight\n|\n|-damage|p2a: Toxapex|45\/100 brn|[from] brn\n|upkeep\n|turn|85\n|\n|t:|1700345157\n|switch|p2a: Weezing|Weezing-Galar, F, shiny|68\/100\n|-damage|p2a: Weezing|55\/100|[from] Stealth Rock\n|move|p1a: Corviknight|Iron Head|p2a: Weezing\n|-supereffective|p2a: Weezing\n|-damage|p2a: Weezing|20\/100\n|\n|upkeep\n|turn|86\n|j| simplegent\n|\n|t:|1700345162\n|move|p1a: Corviknight|Iron Head|p2a: Weezing\n|-supereffective|p2a: Weezing\n|-damage|p2a: Weezing|0 fnt\n|faint|p2a: Weezing\n|\n|upkeep\n|-message|Jontrendline forfeited.\n|\n|win|mathismathin\n|raw|mathismathin's rating: 1747 &rarr; <strong>1765<\/strong><br \/>(+18 for winning)\n|raw|Jontrendline's rating: 1715 &rarr; <strong>1697<\/strong><br \/>(-18 for losing)\n|l|\u2606Jontrendline\n|c|\u2606mathismathin|gg\n","uploadtime":1700345168,"views":16,"p1id":"mathismathin","p2id":"jontrendline","formatid":"gen9ou","rating":1697,"private":0,"password":""}