{"id":"gen9ou-1993588501","p1":"Chopi17","p2":"thewhaaat","format":"[Gen 9] OU","log":"|j|\u2606Chopi17\n|j|\u2606thewhaaat\n|t:|1700334867\n|gametype|singles\n|player|p1|Chopi17|giovanni|1137\n|player|p2|thewhaaat|flannery|1150\n|teamsize|p1|6\n|teamsize|p2|6\n|gen|9\n|tier|[Gen 9] OU\n|rated|\n|rule|Sleep Clause Mod: Limit one foe put to sleep\n|rule|Species Clause: Limit one of each Pok\u00e9mon\n|rule|OHKO Clause: OHKO moves are banned\n|rule|Evasion Items Clause: Evasion items are banned\n|rule|Evasion Moves Clause: Evasion moves are banned\n|rule|Endless Battle Clause: Forcing endless battles is banned\n|rule|HP Percentage Mod: HP is shown in percentages\n|clearpoke\n|poke|p1|Samurott-Hisui, F|\n|poke|p1|Walking Wake|\n|poke|p1|Pelipper, F|\n|poke|p1|Zapdos|\n|poke|p1|Azumarill, M|\n|poke|p1|Great Tusk|\n|poke|p2|Maushold|\n|poke|p2|Iron Moth|\n|poke|p2|Weavile, F|\n|poke|p2|Kingambit, M|\n|poke|p2|Great Tusk|\n|poke|p2|Ogerpon-Wellspring, F|\n|teampreview\n|inactive|Battle timer is ON: inactive players will automatically lose when time's up. (requested by thewhaaat)\n|\n|t:|1700334885\n|start\n|switch|p1a: Pelipper|Pelipper, F|100\/100\n|switch|p2a: Iron Moth|Iron Moth|100\/100\n|-weather|RainDance|[from] ability: Drizzle|[of] p1a: Pelipper\n|-enditem|p2a: Iron Moth|Booster Energy\n|-activate|p2a: Iron Moth|ability: Quark Drive|[fromitem]\n|-start|p2a: Iron Moth|quarkdrivespe\n|turn|1\n|\n|t:|1700334890\n|switch|p1a: Great Tusk|Great Tusk|100\/100\n|move|p2a: Iron Moth|Energy Ball|p1a: Great Tusk\n|-supereffective|p1a: Great Tusk\n|-damage|p1a: Great Tusk|3\/100\n|\n|-weather|RainDance|[upkeep]\n|-heal|p1a: Great Tusk|10\/100|[from] item: Leftovers\n|upkeep\n|turn|2\n|\n|t:|1700334899\n|-end|p1a: Great Tusk|Protosynthesis|[silent]\n|switch|p1a: Zapdos|Zapdos|100\/100\n|move|p2a: Iron Moth|Energy Ball|p1a: Zapdos\n|-resisted|p1a: Zapdos\n|-damage|p1a: Zapdos|83\/100\n|\n|-weather|RainDance|[upkeep]\n|upkeep\n|turn|3\n|\n|t:|1700334912\n|-end|p2a: Iron Moth|Quark Drive|[silent]\n|switch|p2a: Weavile|Weavile, F|100\/100\n|-ability|p2a: Weavile|Pressure\n|move|p1a: Zapdos|Thunder|p2a: Weavile\n|-damage|p2a: Weavile|32\/100\n|\n|-weather|RainDance|[upkeep]\n|upkeep\n|turn|4\n|\n|t:|1700334921\n|switch|p1a: Azumarill|Azumarill, M|100\/100\n|move|p2a: Weavile|Icicle Crash|p1a: Azumarill\n|-resisted|p1a: Azumarill\n|-damage|p1a: Azumarill|76\/100\n|\n|-weather|RainDance|[upkeep]\n|upkeep\n|turn|5\n|\n|t:|1700334932\n|switch|p2a: Maushold|Maushold|100\/100\n|move|p1a: Azumarill|Aqua Jet|p2a: Maushold\n|-damage|p2a: Maushold|37\/100\n|\n|-weather|RainDance|[upkeep]\n|upkeep\n|turn|6\n|\n|t:|1700334940\n|move|p1a: Azumarill|Aqua Jet|p2a: Maushold\n|-damage|p2a: Maushold|0 fnt\n|faint|p2a: Maushold\n|\n|-weather|RainDance|[upkeep]\n|upkeep\n|\n|t:|1700334943\n|switch|p2a: Ogerpon|Ogerpon-Wellspring, F|100\/100\n|turn|7\n|\n|t:|1700334949\n|switch|p1a: Pelipper|Pelipper, F|100\/100\n|move|p2a: Ogerpon|Horn Leech|p1a: Pelipper\n|-damage|p1a: Pelipper|68\/100\n|\n|-weather|RainDance|[upkeep]\n|upkeep\n|turn|8\n|\n|t:|1700334955\n|move|p2a: Ogerpon|U-turn|p1a: Pelipper\n|-resisted|p1a: Pelipper\n|-damage|p1a: Pelipper|57\/100\n|\n|t:|1700334959\n|switch|p2a: Kingambit|Kingambit, M|100\/100|[from] U-turn\n|-activate|p2a: Kingambit|ability: Supreme Overlord\n|-start|p2a: Kingambit|fallen1|[silent]\n|move|p1a: Pelipper|Hurricane|p2a: Kingambit\n|-resisted|p2a: Kingambit\n|-crit|p2a: Kingambit\n|-damage|p2a: Kingambit|69\/100\n|\n|-weather|none\n|upkeep\n|turn|9\n|\n|t:|1700334967\n|move|p2a: Kingambit|Iron Head|p1a: Pelipper\n|-resisted|p1a: Pelipper\n|-damage|p1a: Pelipper|35\/100\n|move|p1a: Pelipper|Roost|p1a: Pelipper\n|-heal|p1a: Pelipper|86\/100\n|-singleturn|p1a: Pelipper|move: Roost\n|\n|upkeep\n|turn|10\n|\n|t:|1700334970\n|move|p2a: Kingambit|Kowtow Cleave|p1a: Pelipper\n|-damage|p1a: Pelipper|42\/100\n|move|p1a: Pelipper|U-turn|p2a: Kingambit\n|-damage|p2a: Kingambit|61\/100\n|\n|t:|1700334983\n|switch|p1a: Walking Wake|Walking Wake|100\/100|[from] U-turn\n|\n|upkeep\n|turn|11\n|\n|t:|1700334988\n|move|p1a: Walking Wake|Flamethrower|p2a: Kingambit\n|-supereffective|p2a: Kingambit\n|-damage|p2a: Kingambit|0 fnt\n|faint|p2a: Kingambit\n|-end|p2a: Kingambit|fallen1|[silent]\n|\n|upkeep\n|\n|t:|1700334991\n|switch|p2a: Ogerpon|Ogerpon-Wellspring, F|100\/100\n|turn|12\n|\n|t:|1700335002\n|-end|p1a: Walking Wake|Protosynthesis|[silent]\n|switch|p1a: Great Tusk|Great Tusk|10\/100\n|move|p2a: Ogerpon|Horn Leech|p1a: Great Tusk\n|-supereffective|p1a: Great Tusk\n|-crit|p1a: Great Tusk\n|-damage|p1a: Great Tusk|0 fnt\n|faint|p1a: Great Tusk\n|-end|p1a: Great Tusk|Protosynthesis|[silent]\n|\n|upkeep\n|\n|t:|1700335007\n|switch|p1a: Pelipper|Pelipper, F|42\/100\n|-weather|RainDance|[from] ability: Drizzle|[of] p1a: Pelipper\n|turn|13\n|\n|t:|1700335016\n|switch|p1a: Zapdos|Zapdos|83\/100\n|move|p2a: Ogerpon|Horn Leech|p1a: Zapdos\n|-resisted|p1a: Zapdos\n|-damage|p1a: Zapdos|58\/100\n|\n|-weather|RainDance|[upkeep]\n|upkeep\n|turn|14\n|\n|t:|1700335022\n|switch|p2a: Great Tusk|Great Tusk|100\/100\n|move|p1a: Zapdos|Roost|p1a: Zapdos\n|-heal|p1a: Zapdos|100\/100\n|-singleturn|p1a: Zapdos|move: Roost\n|\n|-weather|RainDance|[upkeep]\n|upkeep\n|turn|15\n|\n|t:|1700335027\n|move|p1a: Zapdos|U-turn|p2a: Great Tusk\n|-resisted|p2a: Great Tusk\n|-damage|p2a: Great Tusk|96\/100\n|\n|t:|1700335031\n|switch|p1a: Azumarill|Azumarill, M|76\/100|[from] U-turn\n|move|p2a: Great Tusk|Ice Spinner|p1a: Azumarill\n|-resisted|p1a: Azumarill\n|-damage|p1a: Azumarill|60\/100\n|\n|-weather|RainDance|[upkeep]\n|upkeep\n|turn|16\n|\n|t:|1700335044\n|-end|p2a: Great Tusk|Protosynthesis|[silent]\n|switch|p2a: Ogerpon|Ogerpon-Wellspring, F|100\/100\n|move|p1a: Azumarill|Belly Drum|p1a: Azumarill\n|-damage|p1a: Azumarill|10\/100\n|-setboost|p1a: Azumarill|atk|6|[from] move: Belly Drum\n|-enditem|p1a: Azumarill|Sitrus Berry|[eat]\n|-heal|p1a: Azumarill|35\/100|[from] item: Sitrus Berry\n|\n|-weather|RainDance|[upkeep]\n|upkeep\n|turn|17\n|\n|t:|1700335057\n|move|p1a: Azumarill|Aqua Jet|p2a: Ogerpon\n|-immune|p2a: Ogerpon|[from] ability: Water Absorb\n|move|p2a: Ogerpon|Horn Leech|p1a: Azumarill\n|-supereffective|p1a: Azumarill\n|-damage|p1a: Azumarill|0 fnt\n|faint|p1a: Azumarill\n|\n|-weather|RainDance|[upkeep]\n|upkeep\n|c|\u2606Chopi17|I forgot\n|\n|t:|1700335081\n|switch|p1a: Samurott|Samurott-Hisui, F|100\/100\n|turn|18\n|\n|t:|1700335089\n|move|p2a: Ogerpon|Horn Leech|p1a: Samurott\n|-supereffective|p1a: Samurott\n|-damage|p1a: Samurott|0 fnt\n|faint|p1a: Samurott\n|\n|-weather|RainDance|[upkeep]\n|upkeep\n|\n|t:|1700335092\n|switch|p1a: Zapdos|Zapdos|100\/100\n|turn|19\n|\n|t:|1700335097\n|switch|p2a: Great Tusk|Great Tusk|96\/100\n|move|p1a: Zapdos|Thunder|p2a: Great Tusk\n|-immune|p2a: Great Tusk\n|\n|-weather|RainDance|[upkeep]\n|upkeep\n|turn|20\n|\n|t:|1700335103\n|move|p1a: Zapdos|U-turn|p2a: Great Tusk\n|-resisted|p2a: Great Tusk\n|-crit|p2a: Great Tusk\n|-damage|p2a: Great Tusk|88\/100\n|\n|t:|1700335107\n|switch|p1a: Walking Wake|Walking Wake|100\/100|[from] U-turn\n|move|p2a: Great Tusk|Ice Spinner|p1a: Walking Wake\n|-damage|p1a: Walking Wake|71\/100\n|\n|-weather|none\n|upkeep\n|turn|21\n|\n|t:|1700335114\n|-end|p2a: Great Tusk|Protosynthesis|[silent]\n|switch|p2a: Ogerpon|Ogerpon-Wellspring, F|100\/100\n|move|p1a: Walking Wake|Hydro Pump|p2a: Ogerpon\n|-immune|p2a: Ogerpon|[from] ability: Water Absorb\n|\n|upkeep\n|turn|22\n|\n|t:|1700335122\n|-end|p1a: Walking Wake|Protosynthesis|[silent]\n|switch|p1a: Pelipper|Pelipper, F|42\/100\n|-weather|RainDance|[from] ability: Drizzle|[of] p1a: Pelipper\n|move|p2a: Ogerpon|U-turn|p1a: Pelipper\n|-resisted|p1a: Pelipper\n|-damage|p1a: Pelipper|31\/100\n|\n|t:|1700335128\n|switch|p2a: Weavile|Weavile, F|32\/100|[from] U-turn\n|-ability|p2a: Weavile|Pressure\n|\n|-weather|RainDance|[upkeep]\n|upkeep\n|turn|23\n|\n|t:|1700335145\n|move|p2a: Weavile|Icicle Crash|p1a: Pelipper|[miss]\n|-miss|p2a: Weavile|p1a: Pelipper\n|move|p1a: Pelipper|Roost|p1a: Pelipper\n|-heal|p1a: Pelipper|82\/100\n|-singleturn|p1a: Pelipper|move: Roost\n|\n|-weather|RainDance|[upkeep]\n|upkeep\n|turn|24\n|\n|t:|1700335149\n|move|p2a: Weavile|Icicle Crash|p1a: Pelipper\n|-damage|p1a: Pelipper|48\/100\n|move|p1a: Pelipper|Surf|p2a: Weavile\n|-damage|p2a: Weavile|0 fnt\n|faint|p2a: Weavile\n|\n|-weather|RainDance|[upkeep]\n|upkeep\n|\n|t:|1700335157\n|switch|p2a: Iron Moth|Iron Moth|100\/100\n|turn|25\n|\n|t:|1700335172\n|move|p2a: Iron Moth|Dazzling Gleam|p1a: Pelipper\n|-damage|p1a: Pelipper|8\/100\n|move|p1a: Pelipper|Surf|p2a: Iron Moth\n|-supereffective|p2a: Iron Moth\n|-damage|p2a: Iron Moth|8\/100\n|\n|-weather|RainDance|[upkeep]\n|upkeep\n|turn|26\n|\n|t:|1700335180\n|move|p2a: Iron Moth|Dazzling Gleam|p1a: Pelipper\n|-damage|p1a: Pelipper|0 fnt\n|faint|p1a: Pelipper\n|\n|-weather|RainDance|[upkeep]\n|upkeep\n|\n|t:|1700335200\n|switch|p1a: Zapdos|Zapdos|100\/100\n|turn|27\n|\n|t:|1700335208\n|-end|p2a: Iron Moth|Quark Drive|[silent]\n|switch|p2a: Great Tusk|Great Tusk|88\/100\n|move|p1a: Zapdos|U-turn|p2a: Great Tusk\n|-resisted|p2a: Great Tusk\n|-damage|p2a: Great Tusk|84\/100\n|\n|t:|1700335211\n|switch|p1a: Walking Wake|Walking Wake|71\/100|[from] U-turn\n|\n|-weather|RainDance|[upkeep]\n|upkeep\n|turn|28\n|\n|t:|1700335222\n|move|p1a: Walking Wake|Draco Meteor|p2a: Great Tusk\n|-damage|p2a: Great Tusk|0 fnt\n|-unboost|p1a: Walking Wake|spa|2\n|faint|p2a: Great Tusk\n|-end|p2a: Great Tusk|Protosynthesis|[silent]\n|\n|-weather|RainDance|[upkeep]\n|upkeep\n|\n|t:|1700335225\n|switch|p2a: Iron Moth|Iron Moth|8\/100\n|turn|29\n|\n|t:|1700335234\n|-terastallize|p2a: Iron Moth|Fairy\n|-terastallize|p1a: Walking Wake|Poison\n|move|p2a: Iron Moth|Dazzling Gleam|p1a: Walking Wake\n|-resisted|p1a: Walking Wake\n|-damage|p1a: Walking Wake|46\/100\n|move|p1a: Walking Wake|Draco Meteor|p2a: Iron Moth\n|-immune|p2a: Iron Moth\n|\n|-weather|none\n|upkeep\n|turn|30\n|\n|t:|1700335240\n|-end|p1a: Walking Wake|Protosynthesis|[silent]\n|switch|p1a: Zapdos|Zapdos|100\/100\n|move|p2a: Iron Moth|Psychic|p1a: Zapdos\n|-damage|p1a: Zapdos|67\/100\n|\n|upkeep\n|turn|31\n|\n|t:|1700335244\n|move|p2a: Iron Moth|Dazzling Gleam|p1a: Zapdos\n|-crit|p1a: Zapdos\n|-damage|p1a: Zapdos|2\/100\n|move|p1a: Zapdos|Thunder|p2a: Iron Moth\n|-damage|p2a: Iron Moth|0 fnt\n|faint|p2a: Iron Moth\n|-end|p2a: Iron Moth|Quark Drive|[silent]\n|\n|upkeep\n|\n|t:|1700335247\n|switch|p2a: Ogerpon|Ogerpon-Wellspring, F|100\/100\n|turn|32\n|\n|t:|1700335253\n|move|p2a: Ogerpon|Horn Leech|p1a: Zapdos\n|-resisted|p1a: Zapdos\n|-damage|p1a: Zapdos|0 fnt\n|faint|p1a: Zapdos\n|\n|upkeep\n|\n|t:|1700335255\n|switch|p1a: Walking Wake|Walking Wake, tera:Poison|46\/100\n|turn|33\n|\n|t:|1700335261\n|move|p2a: Ogerpon|Ivy Cudgel|p1a: Walking Wake|[anim] Ivy Cudgel Water\n|-damage|p1a: Walking Wake|0 fnt\n|faint|p1a: Walking Wake\n|-end|p1a: Walking Wake|Protosynthesis|[silent]\n|\n|win|thewhaaat\n|raw|Chopi17's rating: 1137 &rarr; <strong>1113<\/strong><br \/>(-24 for losing)\n|raw|thewhaaat's rating: 1150 &rarr; <strong>1174<\/strong><br \/>(+24 for winning)\n|c|\u2606thewhaaat|gg\n|c|\u2606Chopi17|gg\n|l|\u2606Chopi17\n","uploadtime":1700335286,"views":9,"p1id":"chopi17","p2id":"thewhaaat","formatid":"gen9ou","rating":1113,"private":0,"password":""}