{"id":"gen9ou-1995005468","p1":"Egoist N1 fan","p2":"SDK04","format":"[Gen 9] OU","log":"|j|\u2606Egoist N1 fan\n|j|\u2606SDK04\n|inactive|Battle timer is ON: inactive players will automatically lose when time's up.\n|t:|1700512609\n|gametype|singles\n|player|p1|Egoist N1 fan|anabel|\n|player|p2|SDK04|unknown|\n|teamsize|p1|6\n|teamsize|p2|6\n|gen|9\n|tier|[Gen 9] OU\n|rated|Tournament battle\n|rule|Sleep Clause Mod: Limit one foe put to sleep\n|rule|Species Clause: Limit one of each Pok\u00e9mon\n|rule|OHKO Clause: OHKO moves are banned\n|rule|Evasion Items Clause: Evasion items are banned\n|rule|Evasion Moves Clause: Evasion moves are banned\n|rule|Endless Battle Clause: Forcing endless battles is banned\n|rule|HP Percentage Mod: HP is shown in percentages\n|clearpoke\n|poke|p1|Ting-Lu|\n|poke|p1|Gholdengo|\n|poke|p1|Zapdos|\n|poke|p1|Great Tusk|\n|poke|p1|Dragapult, M|\n|poke|p1|Kingambit, M|\n|poke|p2|Ribombee, F|\n|poke|p2|Torterra, M|\n|poke|p2|Rillaboom, M|\n|poke|p2|Iron Moth|\n|poke|p2|Manaphy|\n|poke|p2|Gholdengo|\n|teampreview\n|inactive|Egoist N1 fan has 120 seconds left.\n|inactive|Egoist N1 fan has 90 seconds left.\n|\n|t:|1700512676\n|start\n|switch|p1a: Andrealphus|Zapdos|100\/100\n|switch|p2a: I set Sticky Web|Ribombee, F, shiny|100\/100\n|turn|1\n|\n|t:|1700512694\n|move|p2a: I set Sticky Web|Sticky Web|p1a: Andrealphus\n|-sidestart|p1: Egoist N1 fan|move: Sticky Web\n|move|p1a: Andrealphus|Hurricane|p2a: I set Sticky Web|[miss]\n|-miss|p1a: Andrealphus|p2a: I set Sticky Web\n|\n|upkeep\n|turn|2\n|\n|t:|1700512697\n|move|p2a: I set Sticky Web|Moonblast|p1a: Andrealphus\n|-damage|p1a: Andrealphus|65\/100\n|move|p1a: Andrealphus|Hurricane|p2a: I set Sticky Web\n|-supereffective|p2a: I set Sticky Web\n|-enditem|p2a: I set Sticky Web|Focus Sash\n|-damage|p2a: I set Sticky Web|1\/100\n|\n|upkeep\n|turn|3\n|\n|t:|1700512704\n|move|p2a: I set Sticky Web|Moonblast|p1a: Andrealphus\n|-damage|p1a: Andrealphus|25\/100\n|-unboost|p1a: Andrealphus|spa|1\n|move|p1a: Andrealphus|Roost|p1a: Andrealphus\n|-heal|p1a: Andrealphus|75\/100\n|-singleturn|p1a: Andrealphus|move: Roost\n|\n|upkeep\n|turn|4\n|\n|t:|1700512710\n|move|p2a: I set Sticky Web|Moonblast|p1a: Andrealphus\n|-damage|p1a: Andrealphus|34\/100\n|move|p1a: Andrealphus|Roost|p1a: Andrealphus\n|-heal|p1a: Andrealphus|84\/100\n|-singleturn|p1a: Andrealphus|move: Roost\n|\n|upkeep\n|turn|5\n|\n|t:|1700512713\n|move|p2a: I set Sticky Web|Moonblast|p1a: Andrealphus\n|-crit|p1a: Andrealphus\n|-damage|p1a: Andrealphus|26\/100\n|move|p1a: Andrealphus|Roost|p1a: Andrealphus\n|-heal|p1a: Andrealphus|76\/100\n|-singleturn|p1a: Andrealphus|move: Roost\n|\n|upkeep\n|turn|6\n|\n|t:|1700512716\n|move|p2a: I set Sticky Web|Moonblast|p1a: Andrealphus\n|-damage|p1a: Andrealphus|40\/100\n|move|p1a: Andrealphus|Roost|p1a: Andrealphus\n|-heal|p1a: Andrealphus|90\/100\n|-singleturn|p1a: Andrealphus|move: Roost\n|\n|upkeep\n|turn|7\n|\n|t:|1700512718\n|move|p2a: I set Sticky Web|Moonblast|p1a: Andrealphus\n|-damage|p1a: Andrealphus|51\/100\n|move|p1a: Andrealphus|Roost|p1a: Andrealphus\n|-heal|p1a: Andrealphus|100\/100\n|-singleturn|p1a: Andrealphus|move: Roost\n|\n|upkeep\n|turn|8\n|\n|t:|1700512723\n|move|p2a: I set Sticky Web|Moonblast|p1a: Andrealphus\n|-damage|p1a: Andrealphus|63\/100\n|move|p1a: Andrealphus|U-turn|p2a: I set Sticky Web\n|-resisted|p2a: I set Sticky Web\n|-damage|p2a: I set Sticky Web|0 fnt\n|faint|p2a: I set Sticky Web\n|\n|t:|1700512733\n|switch|p1a: Astaroth|Dragapult, M|100\/100|[from] U-turn\n|\n|upkeep\n|\n|t:|1700512741\n|switch|p2a: Dyson|Iron Moth|100\/100\n|-enditem|p2a: Dyson|Booster Energy\n|-activate|p2a: Dyson|ability: Quark Drive|[fromitem]\n|-start|p2a: Dyson|quarkdrivespa\n|turn|9\n|\n|t:|1700512752\n|move|p1a: Astaroth|Draco Meteor|p2a: Dyson\n|-damage|p2a: Dyson|40\/100\n|-unboost|p1a: Astaroth|spa|2\n|move|p2a: Dyson|Psychic|p1a: Astaroth\n|-crit|p1a: Astaroth\n|-damage|p1a: Astaroth|16\/100\n|\n|upkeep\n|turn|10\n|\n|t:|1700512758\n|move|p1a: Astaroth|U-turn|p2a: Dyson\n|-resisted|p2a: Dyson\n|-damage|p2a: Dyson|33\/100\n|\n|t:|1700512763\n|switch|p1a: Lucifer|Ting-Lu|100\/100|[from] U-turn\n|-activate|p1a: Lucifer|move: Sticky Web\n|-unboost|p1a: Lucifer|spe|1\n|-ability|p1a: Lucifer|Vessel of Ruin\n|move|p2a: Dyson|Fiery Dance|p1a: Lucifer\n|-damage|p1a: Lucifer|75\/100\n|\n|-heal|p1a: Lucifer|81\/100|[from] item: Leftovers\n|upkeep\n|turn|11\n|\n|t:|1700512770\n|move|p2a: Dyson|Fiery Dance|p1a: Lucifer\n|-damage|p1a: Lucifer|56\/100\n|move|p1a: Lucifer|Earthquake|p2a: Dyson\n|-supereffective|p2a: Dyson\n|-damage|p2a: Dyson|0 fnt\n|faint|p2a: Dyson\n|-end|p2a: Dyson|Quark Drive|[silent]\n|\n|-heal|p1a: Lucifer|62\/100|[from] item: Leftovers\n|upkeep\n|\n|t:|1700512791\n|switch|p2a: Nature\u2019s Nuke|Rillaboom, M|100\/100\n|-fieldstart|move: Grassy Terrain|[from] ability: Grassy Surge|[of] p2a: Nature\u2019s Nuke\n|turn|12\n|\n|t:|1700512798\n|move|p2a: Nature\u2019s Nuke|Swords Dance|p2a: Nature\u2019s Nuke\n|-boost|p2a: Nature\u2019s Nuke|atk|2\n|move|p1a: Lucifer|Whirlwind|p2a: Nature\u2019s Nuke\n|drag|p2a: Deku|Torterra, M|100\/100\n|\n|-heal|p1a: Lucifer|68\/100|[from] Grassy Terrain\n|-heal|p1a: Lucifer|74\/100|[from] item: Leftovers\n|upkeep\n|turn|13\n|\n|t:|1700512803\n|switch|p1a: Andrealphus|Zapdos|63\/100\n|move|p2a: Deku|Wood Hammer|p1a: Andrealphus\n|-resisted|p1a: Andrealphus\n|-damage|p1a: Andrealphus|30\/100\n|-damage|p2a: Deku|88\/100|[from] Recoil\n|\n|-heal|p2a: Deku|94\/100|[from] Grassy Terrain\n|upkeep\n|turn|14\n|\n|t:|1700512808\n|-terastallize|p2a: Deku|Fire\n|move|p1a: Andrealphus|Hurricane|p2a: Deku\n|-damage|p2a: Deku|43\/100\n|move|p2a: Deku|Shell Smash|p2a: Deku\n|-unboost|p2a: Deku|def|1\n|-unboost|p2a: Deku|spd|1\n|-boost|p2a: Deku|atk|2\n|-boost|p2a: Deku|spa|2\n|-boost|p2a: Deku|spe|2\n|-enditem|p2a: Deku|White Herb\n|-clearnegativeboost|p2a: Deku|[silent]\n|\n|-heal|p2a: Deku|49\/100|[from] Grassy Terrain\n|upkeep\n|turn|15\n|\n|t:|1700512818\n|move|p2a: Deku|Tera Blast|p1a: Andrealphus|[anim] Tera Blast Fire\n|-damage|p1a: Andrealphus|0 fnt\n|faint|p1a: Andrealphus\n|\n|-heal|p2a: Deku|55\/100|[from] Grassy Terrain\n|upkeep\n|\n|t:|1700512836\n|switch|p1a: Behemoth|Great Tusk|100\/100\n|-activate|p1a: Behemoth|move: Sticky Web\n|-unboost|p1a: Behemoth|spe|1\n|turn|16\n|\n|t:|1700512845\n|move|p2a: Deku|Headlong Rush|p1a: Behemoth\n|-damage|p1a: Behemoth|30\/100\n|-unboost|p2a: Deku|def|1\n|-unboost|p2a: Deku|spd|1\n|move|p1a: Behemoth|Rapid Spin|p2a: Deku\n|-damage|p2a: Deku|36\/100\n|-boost|p1a: Behemoth|spe|1\n|-sideend|p1: Egoist N1 fan|Sticky Web|[from] move: Rapid Spin|[of] p1a: Behemoth\n|\n|-heal|p2a: Deku|42\/100|[from] Grassy Terrain\n|-heal|p1a: Behemoth|36\/100|[from] Grassy Terrain\n|-heal|p1a: Behemoth|42\/100|[from] item: Leftovers\n|-fieldend|move: Grassy Terrain\n|upkeep\n|turn|17\n|\n|t:|1700512853\n|move|p2a: Deku|Headlong Rush|p1a: Behemoth\n|-damage|p1a: Behemoth|0 fnt\n|-unboost|p2a: Deku|def|1\n|-unboost|p2a: Deku|spd|1\n|faint|p1a: Behemoth\n|-end|p1a: Behemoth|Protosynthesis|[silent]\n|\n|upkeep\n|\n|t:|1700512859\n|switch|p1a: Azazel|Kingambit, M|100\/100\n|-activate|p1a: Azazel|ability: Supreme Overlord\n|-start|p1a: Azazel|fallen2|[silent]\n|turn|18\n|\n|t:|1700512863\n|move|p1a: Azazel|Sucker Punch|p2a: Deku\n|-damage|p2a: Deku|0 fnt\n|faint|p2a: Deku\n|\n|upkeep\n|\n|t:|1700512869\n|switch|p2a: click button \u2192 win|Manaphy, shiny|100\/100\n|turn|19\n|\n|t:|1700512873\n|move|p2a: click button \u2192 win|Tail Glow|p2a: click button \u2192 win\n|-boost|p2a: click button \u2192 win|spa|3\n|move|p1a: Azazel|Kowtow Cleave|p2a: click button \u2192 win\n|-damage|p2a: click button \u2192 win|42\/100\n|\n|-heal|p2a: click button \u2192 win|49\/100|[from] item: Leftovers\n|upkeep\n|turn|20\n|inactive|Egoist N1 fan has 120 seconds left.\n|inactive|Egoist N1 fan has 90 seconds left.\n|inactive|Egoist N1 fan has 60 seconds left.\n|inactive|Egoist N1 fan has 30 seconds left.\n|\n|t:|1700513000\n|-end|p1a: Azazel|fallen2|[silent]\n|switch|p1a: Mammon|Gholdengo|100\/100\n|-item|p1a: Mammon|Air Balloon\n|move|p2a: click button \u2192 win|Surf|p1a: Mammon\n|-damage|p1a: Mammon|0 fnt\n|-enditem|p1a: Mammon|Air Balloon\n|faint|p1a: Mammon\n|\n|-heal|p2a: click button \u2192 win|55\/100|[from] item: Leftovers\n|upkeep\n|\n|t:|1700513005\n|switch|p1a: Astaroth|Dragapult, M|16\/100\n|turn|21\n|\n|t:|1700513014\n|switch|p2a: Macaroni Man|Gholdengo|100\/100\n|-item|p2a: Macaroni Man|Air Balloon\n|move|p1a: Astaroth|Draco Meteor|p2a: Macaroni Man\n|-resisted|p2a: Macaroni Man\n|-damage|p2a: Macaroni Man|66\/100\n|-unboost|p1a: Astaroth|spa|2\n|-enditem|p2a: Macaroni Man|Air Balloon\n|\n|upkeep\n|turn|22\n|\n|t:|1700513021\n|move|p1a: Astaroth|U-turn|p2a: Macaroni Man\n|-resisted|p2a: Macaroni Man\n|-damage|p2a: Macaroni Man|61\/100\n|\n|t:|1700513026\n|switch|p1a: Lucifer|Ting-Lu|74\/100|[from] U-turn\n|-ability|p1a: Lucifer|Vessel of Ruin\n|move|p2a: Macaroni Man|Dazzling Gleam|p1a: Lucifer\n|-supereffective|p1a: Lucifer\n|-damage|p1a: Lucifer|51\/100\n|\n|-heal|p1a: Lucifer|57\/100|[from] item: Leftovers\n|upkeep\n|turn|23\n|\n|t:|1700513030\n|move|p2a: Macaroni Man|Nasty Plot|p2a: Macaroni Man\n|-boost|p2a: Macaroni Man|spa|2\n|move|p1a: Lucifer|Spikes|p2a: Macaroni Man\n|-sidestart|p2: SDK04|Spikes\n|\n|-heal|p1a: Lucifer|63\/100|[from] item: Leftovers\n|upkeep\n|turn|24\n|\n|t:|1700513034\n|move|p2a: Macaroni Man|Dazzling Gleam|p1a: Lucifer\n|-supereffective|p1a: Lucifer\n|-damage|p1a: Lucifer|16\/100\n|move|p1a: Lucifer|Earthquake|p2a: Macaroni Man\n|-supereffective|p2a: Macaroni Man\n|-damage|p2a: Macaroni Man|0 fnt\n|faint|p2a: Macaroni Man\n|\n|-heal|p1a: Lucifer|22\/100|[from] item: Leftovers\n|upkeep\n|\n|t:|1700513045\n|switch|p2a: Nature\u2019s Nuke|Rillaboom, M|100\/100\n|-damage|p2a: Nature\u2019s Nuke|88\/100|[from] Spikes\n|-fieldstart|move: Grassy Terrain|[from] ability: Grassy Surge|[of] p2a: Nature\u2019s Nuke\n|turn|25\n|\n|t:|1700513049\n|move|p2a: Nature\u2019s Nuke|Grassy Glide|p1a: Lucifer\n|-supereffective|p1a: Lucifer\n|-damage|p1a: Lucifer|0 fnt\n|faint|p1a: Lucifer\n|\n|-heal|p2a: Nature\u2019s Nuke|94\/100|[from] Grassy Terrain\n|upkeep\n|\n|t:|1700513052\n|switch|p1a: Azazel|Kingambit, M|100\/100\n|-activate|p1a: Azazel|ability: Supreme Overlord\n|-start|p1a: Azazel|fallen4|[silent]\n|turn|26\n|\n|t:|1700513059\n|-terastallize|p1a: Azazel|Flying\n|move|p2a: Nature\u2019s Nuke|Swords Dance|p2a: Nature\u2019s Nuke\n|-boost|p2a: Nature\u2019s Nuke|atk|2\n|move|p1a: Azazel|Kowtow Cleave|p2a: Nature\u2019s Nuke\n|-damage|p2a: Nature\u2019s Nuke|14\/100\n|\n|-heal|p2a: Nature\u2019s Nuke|20\/100|[from] Grassy Terrain\n|upkeep\n|turn|27\n|\n|t:|1700513066\n|move|p2a: Nature\u2019s Nuke|Grassy Glide|p1a: Azazel\n|-resisted|p1a: Azazel\n|-damage|p1a: Azazel|66\/100\n|move|p1a: Azazel|Kowtow Cleave|p2a: Nature\u2019s Nuke\n|-damage|p2a: Nature\u2019s Nuke|0 fnt\n|faint|p2a: Nature\u2019s Nuke\n|\n|upkeep\n|l|\u2606SDK04\n|inactive|SDK04 disconnected and has a minute to reconnect!\n|player|p2|\n|inactive|SDK04 has 30 seconds to reconnect!\n|j|\u2606SDK04\n|inactive|SDK04 reconnected and has 110 seconds left.\n|player|p2|SDK04|unknown\n|\n|t:|1700513112\n|switch|p2a: click button \u2192 win|Manaphy, shiny|55\/100\n|-damage|p2a: click button \u2192 win|42\/100|[from] Spikes\n|turn|28\n|\n|t:|1700513119\n|move|p2a: click button \u2192 win|Ice Beam|p1a: Azazel\n|-supereffective|p1a: Azazel\n|-damage|p1a: Azazel|10\/100\n|move|p1a: Azazel|Kowtow Cleave|p2a: click button \u2192 win\n|-damage|p2a: click button \u2192 win|0 fnt\n|faint|p2a: click button \u2192 win\n|\n|win|Egoist N1 fan\n|n|\u2606Egoist N1 fan|egoistn1fan\n|n|\u2606SDK04|sdk04\n|c|\u2606SDK04|gg\n|c|\u2606SDK04|wp\n|l|\u2606Egoist N1 fan\n","uploadtime":1700513132,"views":5,"p1id":"egoistn1fan","p2id":"sdk04","formatid":"gen9ou","rating":0,"private":0,"password":""}