{"id":"gen9ou-1995397938","p1":"Jingleee","p2":"polla555","format":"[Gen 9] OU","log":"|j|\u2606Jingleee\n|j|\u2606polla555\n|t:|1700565448\n|gametype|singles\n|player|p1|Jingleee|salvatore|1125\n|player|p2|polla555|colress|1213\n|teamsize|p1|6\n|teamsize|p2|6\n|gen|9\n|tier|[Gen 9] OU\n|rated|\n|rule|Sleep Clause Mod: Limit one foe put to sleep\n|rule|Species Clause: Limit one of each Pok\u00e9mon\n|rule|OHKO Clause: OHKO moves are banned\n|rule|Evasion Items Clause: Evasion items are banned\n|rule|Evasion Moves Clause: Evasion moves are banned\n|rule|Endless Battle Clause: Forcing endless battles is banned\n|rule|HP Percentage Mod: HP is shown in percentages\n|clearpoke\n|poke|p1|Enamorus, F|\n|poke|p1|Zapdos|\n|poke|p1|Rillaboom, F|\n|poke|p1|Gholdengo|\n|poke|p1|Heatran, F|\n|poke|p1|Cinderace, F|\n|poke|p2|Garganacl, F|\n|poke|p2|Arcanine-Hisui, M|\n|poke|p2|Zapdos|\n|poke|p2|Gholdengo|\n|poke|p2|Toxapex, F|\n|poke|p2|Samurott-Hisui, M|\n|teampreview\n|\n|t:|1700565491\n|start\n|switch|p1a: Rillaboom|Rillaboom, F|100\/100\n|switch|p2a: Samurott|Samurott-Hisui, M|100\/100\n|-fieldstart|move: Grassy Terrain|[from] ability: Grassy Surge|[of] p1a: Rillaboom\n|turn|1\n|\n|t:|1700565500\n|switch|p2a: Zapdos|Zapdos|100\/100\n|move|p1a: Rillaboom|Drain Punch|p2a: Zapdos\n|-resisted|p2a: Zapdos\n|-damage|p2a: Zapdos|84\/100\n|\n|-heal|p2a: Zapdos|90\/100|[from] item: Leftovers\n|upkeep\n|turn|2\n|\n|t:|1700565512\n|switch|p1a: Zapdos|Zapdos|100\/100\n|move|p2a: Zapdos|Hurricane|p1a: Zapdos|[miss]\n|-miss|p2a: Zapdos|p1a: Zapdos\n|\n|-heal|p2a: Zapdos|97\/100|[from] item: Leftovers\n|upkeep\n|turn|3\n|\n|t:|1700565522\n|switch|p2a: Arcanine|Arcanine-Hisui, M|100\/100\n|move|p1a: Zapdos|Discharge|p2a: Arcanine\n|-damage|p2a: Arcanine|61\/100\n|\n|-heal|p2a: Arcanine|67\/100|[from] Grassy Terrain\n|upkeep\n|turn|4\n|\n|t:|1700565546\n|move|p2a: Arcanine|Head Smash|p1a: Zapdos\n|-supereffective|p1a: Zapdos\n|-damage|p1a: Zapdos|0 fnt\n|-damage|p2a: Arcanine|50\/100|[from] item: Rocky Helmet|[of] p1a: Zapdos\n|-status|p2a: Arcanine|par|[from] ability: Static|[of] p1a: Zapdos\n|faint|p1a: Zapdos\n|\n|-heal|p2a: Arcanine|56\/100 par|[from] Grassy Terrain\n|upkeep\n|\n|t:|1700565559\n|switch|p1a: Enamorus|Enamorus, F|100\/100\n|turn|5\n|\n|t:|1700565563\n|move|p1a: Enamorus|Superpower|p2a: Arcanine\n|-supereffective|p2a: Arcanine\n|-damage|p2a: Arcanine|0 fnt\n|-boost|p1a: Enamorus|atk|1\n|-boost|p1a: Enamorus|def|1\n|faint|p2a: Arcanine\n|\n|-fieldend|move: Grassy Terrain\n|upkeep\n|\n|t:|1700565571\n|switch|p2a: Zapdos|Zapdos|97\/100\n|turn|6\n|\n|t:|1700565584\n|-terastallize|p1a: Enamorus|Electric\n|move|p1a: Enamorus|Play Rough|p2a: Zapdos\n|-crit|p2a: Zapdos\n|-damage|p2a: Zapdos|29\/100\n|move|p2a: Zapdos|Discharge|p1a: Enamorus\n|-resisted|p1a: Enamorus\n|-damage|p1a: Enamorus|87\/100\n|\n|-heal|p2a: Zapdos|36\/100|[from] item: Leftovers\n|upkeep\n|turn|7\n|\n|t:|1700565602\n|move|p1a: Enamorus|Superpower|p2a: Zapdos\n|-resisted|p2a: Zapdos\n|-damage|p2a: Zapdos|16\/100\n|-boost|p1a: Enamorus|atk|1\n|-boost|p1a: Enamorus|def|1\n|move|p2a: Zapdos|Heat Wave|p1a: Enamorus\n|-damage|p1a: Enamorus|66\/100\n|\n|-heal|p2a: Zapdos|23\/100|[from] item: Leftovers\n|upkeep\n|turn|8\n|\n|t:|1700565611\n|switch|p2a: Toxapex|Toxapex, F|100\/100\n|move|p1a: Enamorus|Superpower|p2a: Toxapex\n|-resisted|p2a: Toxapex\n|-damage|p2a: Toxapex|77\/100\n|-boost|p1a: Enamorus|atk|1\n|-boost|p1a: Enamorus|def|1\n|\n|-heal|p2a: Toxapex|83\/100|[from] item: Leftovers\n|upkeep\n|turn|9\n|\n|t:|1700565637\n|move|p1a: Enamorus|Superpower|p2a: Toxapex\n|-resisted|p2a: Toxapex\n|-damage|p2a: Toxapex|56\/100\n|-boost|p1a: Enamorus|atk|1\n|-boost|p1a: Enamorus|def|1\n|move|p2a: Toxapex|Haze|p2a: Toxapex\n|-clearallboost\n|\n|-heal|p2a: Toxapex|63\/100|[from] item: Leftovers\n|upkeep\n|turn|10\n|\n|t:|1700565661\n|switch|p1a: Rillaboom|Rillaboom, F|100\/100\n|-fieldstart|move: Grassy Terrain|[from] ability: Grassy Surge|[of] p1a: Rillaboom\n|move|p2a: Toxapex|Toxic|p1a: Rillaboom\n|-status|p1a: Rillaboom|tox\n|\n|-heal|p2a: Toxapex|69\/100|[from] Grassy Terrain\n|-heal|p2a: Toxapex|75\/100|[from] item: Leftovers\n|-damage|p1a: Rillaboom|94\/100 tox|[from] psn\n|upkeep\n|turn|11\n|\n|t:|1700565673\n|switch|p2a: Gholdengo|Gholdengo|100\/100\n|-item|p2a: Gholdengo|Air Balloon\n|move|p1a: Rillaboom|High Horsepower|p2a: Gholdengo\n|-immune|p2a: Gholdengo\n|\n|-heal|p1a: Rillaboom|100\/100 tox|[from] Grassy Terrain\n|-damage|p1a: Rillaboom|88\/100 tox|[from] psn\n|upkeep\n|turn|12\n|\n|t:|1700565688\n|switch|p1a: Cinderace|Cinderace, F|100\/100\n|move|p2a: Gholdengo|Shadow Ball|p1a: Cinderace\n|-damage|p1a: Cinderace|44\/100\n|\n|-heal|p1a: Cinderace|50\/100|[from] Grassy Terrain\n|upkeep\n|turn|13\n|\n|t:|1700565697\n|-terastallize|p2a: Gholdengo|Fighting\n|move|p1a: Cinderace|U-turn|p2a: Gholdengo\n|-start|p1a: Cinderace|typechange|Bug|[from] ability: Libero\n|-resisted|p2a: Gholdengo\n|-damage|p2a: Gholdengo|81\/100\n|-enditem|p2a: Gholdengo|Air Balloon\n|\n|t:|1700565704\n|switch|p1a: Rillaboom|Rillaboom, F|88\/100 tox|[from] U-turn\n|move|p2a: Gholdengo|Shadow Ball|p1a: Rillaboom\n|-damage|p1a: Rillaboom|41\/100 tox\n|\n|-heal|p2a: Gholdengo|87\/100|[from] Grassy Terrain\n|-heal|p1a: Rillaboom|47\/100 tox|[from] Grassy Terrain\n|-damage|p1a: Rillaboom|41\/100 tox|[from] psn\n|upkeep\n|turn|14\n|\n|t:|1700565716\n|move|p2a: Gholdengo|Shadow Ball|p1a: Rillaboom\n|-damage|p1a: Rillaboom|0 fnt\n|faint|p1a: Rillaboom\n|\n|-heal|p2a: Gholdengo|94\/100|[from] Grassy Terrain\n|-fieldend|move: Grassy Terrain\n|upkeep\n|\n|t:|1700565724\n|switch|p1a: Heatran|Heatran, F|100\/100\n|turn|15\n|\n|t:|1700565729\n|move|p2a: Gholdengo|Shadow Ball|p1a: Heatran\n|-damage|p1a: Heatran|73\/100\n|move|p1a: Heatran|Stealth Rock|p2a: Gholdengo\n|-sidestart|p2: polla555|move: Stealth Rock\n|\n|-heal|p1a: Heatran|79\/100|[from] item: Leftovers\n|upkeep\n|turn|16\n|\n|t:|1700565737\n|switch|p2a: Samurott|Samurott-Hisui, M|100\/100\n|-damage|p2a: Samurott|88\/100|[from] Stealth Rock\n|move|p1a: Heatran|Magma Storm|p2a: Samurott\n|-resisted|p2a: Samurott\n|-damage|p2a: Samurott|54\/100\n|-activate|p2a: Samurott|move: Magma Storm|[of] p1a: Heatran\n|\n|-heal|p1a: Heatran|85\/100|[from] item: Leftovers\n|-damage|p2a: Samurott|42\/100|[from] move: Magma Storm|[partiallytrapped]\n|upkeep\n|turn|17\n|\n|t:|1700565751\n|switch|p1a: Enamorus|Enamorus, F, tera:Electric|66\/100\n|move|p2a: Samurott|Razor Shell|p1a: Enamorus\n|-damage|p1a: Enamorus|9\/100\n|-boost|p1a: Enamorus|def|1\n|\n|-end|p2a: Samurott|Magma Storm|[partiallytrapped]|[silent]\n|upkeep\n|turn|18\n|\n|t:|1700565759\n|move|p2a: Samurott|Aqua Jet|p1a: Enamorus\n|-damage|p1a: Enamorus|0 fnt\n|faint|p1a: Enamorus\n|\n|upkeep\n|\n|t:|1700565767\n|switch|p1a: Cinderace|Cinderace, F|50\/100\n|turn|19\n|\n|t:|1700565769\n|move|p2a: Samurott|Aqua Jet|p1a: Cinderace\n|-supereffective|p1a: Cinderace\n|-damage|p1a: Cinderace|0 fnt\n|faint|p1a: Cinderace\n|\n|upkeep\n|\n|t:|1700565774\n|switch|p1a: Gholdengo|Gholdengo|100\/100\n|turn|20\n|\n|t:|1700565780\n|move|p1a: Gholdengo|Make It Rain|p2a: Samurott\n|-resisted|p2a: Samurott\n|-damage|p2a: Samurott|0 fnt\n|-unboost|p1a: Gholdengo|spa|1\n|faint|p2a: Samurott\n|\n|upkeep\n|\n|t:|1700565796\n|switch|p2a: Zapdos|Zapdos|23\/100\n|-damage|p2a: Zapdos|0 fnt|[from] Stealth Rock\n|faint|p2a: Zapdos\n|\n|t:|1700565813\n|switch|p2a: Garganacl|Garganacl, F|100\/100\n|-damage|p2a: Garganacl|88\/100|[from] Stealth Rock\n|turn|21\n|\n|t:|1700565818\n|move|p1a: Gholdengo|Make It Rain|p2a: Garganacl\n|-supereffective|p2a: Garganacl\n|-damage|p2a: Garganacl|11\/100\n|-unboost|p1a: Gholdengo|spa|1\n|move|p2a: Garganacl|Salt Cure|p1a: Gholdengo\n|-resisted|p1a: Gholdengo\n|-damage|p1a: Gholdengo|93\/100\n|-start|p1a: Gholdengo|Salt Cure\n|\n|-heal|p2a: Garganacl|17\/100|[from] item: Leftovers\n|-damage|p1a: Gholdengo|68\/100|[from] Salt Cure\n|upkeep\n|turn|22\n|\n|t:|1700565829\n|move|p2a: Garganacl|Protect|p2a: Garganacl\n|-singleturn|p2a: Garganacl|Protect\n|move|p1a: Gholdengo|Make It Rain|p2a: Garganacl\n|-activate|p2a: Garganacl|move: Protect\n|\n|-heal|p2a: Garganacl|23\/100|[from] item: Leftovers\n|-damage|p1a: Gholdengo|44\/100|[from] Salt Cure\n|upkeep\n|turn|23\n|\n|t:|1700565841\n|switch|p1a: Heatran|Heatran, F|85\/100\n|switch|p2a: Toxapex|Toxapex, F|100\/100\n|-damage|p2a: Toxapex|88\/100|[from] Stealth Rock\n|\n|-heal|p1a: Heatran|91\/100|[from] item: Leftovers\n|-heal|p2a: Toxapex|94\/100|[from] item: Leftovers\n|upkeep\n|turn|24\n|\n|t:|1700565852\n|move|p1a: Heatran|Earth Power|p2a: Toxapex\n|-supereffective|p2a: Toxapex\n|-damage|p2a: Toxapex|53\/100\n|-unboost|p2a: Toxapex|spd|1\n|move|p2a: Toxapex|Surf|p1a: Heatran\n|-supereffective|p1a: Heatran\n|-damage|p1a: Heatran|68\/100\n|\n|-heal|p1a: Heatran|74\/100|[from] item: Leftovers\n|-heal|p2a: Toxapex|59\/100|[from] item: Leftovers\n|upkeep\n|turn|25\n|\n|t:|1700565863\n|move|p1a: Heatran|Earth Power|p2a: Toxapex\n|-supereffective|p2a: Toxapex\n|-damage|p2a: Toxapex|0 fnt\n|faint|p2a: Toxapex\n|\n|-heal|p1a: Heatran|80\/100|[from] item: Leftovers\n|upkeep\n|\n|t:|1700565868\n|switch|p2a: Gholdengo|Gholdengo, tera:Fighting|94\/100\n|-damage|p2a: Gholdengo|87\/100|[from] Stealth Rock\n|turn|26\n|\n|t:|1700565873\n|move|p2a: Gholdengo|Shadow Ball|p1a: Heatran\n|-damage|p1a: Heatran|50\/100\n|move|p1a: Heatran|Magma Storm|p2a: Gholdengo\n|-damage|p2a: Gholdengo|37\/100\n|-activate|p2a: Gholdengo|move: Magma Storm|[of] p1a: Heatran\n|\n|-heal|p1a: Heatran|57\/100|[from] item: Leftovers\n|-damage|p2a: Gholdengo|24\/100|[from] move: Magma Storm|[partiallytrapped]\n|upkeep\n|turn|27\n|\n|t:|1700565882\n|move|p2a: Gholdengo|Shadow Ball|p1a: Heatran\n|-damage|p1a: Heatran|29\/100\n|-unboost|p1a: Heatran|spd|1\n|move|p1a: Heatran|Earth Power|p2a: Gholdengo\n|-damage|p2a: Gholdengo|0 fnt\n|faint|p2a: Gholdengo\n|\n|-heal|p1a: Heatran|35\/100|[from] item: Leftovers\n|upkeep\n|\n|t:|1700565890\n|switch|p2a: Garganacl|Garganacl, F|23\/100\n|-damage|p2a: Garganacl|11\/100|[from] Stealth Rock\n|turn|28\n|\n|t:|1700565894\n|move|p1a: Heatran|Earth Power|p2a: Garganacl\n|-supereffective|p2a: Garganacl\n|-damage|p2a: Garganacl|0 fnt\n|faint|p2a: Garganacl\n|\n|win|Jingleee\n|raw|Jingleee's rating: 1125 &rarr; <strong>1156<\/strong><br \/>(+31 for winning)\n|raw|polla555's rating: 1213 &rarr; <strong>1182<\/strong><br \/>(-31 for losing)\n","uploadtime":1700565901,"views":4,"p1id":"jingleee","p2id":"polla555","formatid":"gen9ou","rating":1156,"private":0,"password":""}