{"id":"gen9ou-1994078209","p1":"PikachuDoesntCutIt","p2":"Domad4444","format":"[Gen 9] OU","log":"|j|\u2606PikachuDoesntCutIt\n|j|\u2606Domad4444\n|inactive|Battle timer is ON: inactive players will automatically lose when time's up.\n|t:|1700404013\n|gametype|singles\n|player|p1|PikachuDoesntCutIt|hiker|\n|player|p2|Domad4444|ethan|\n|teamsize|p1|3\n|teamsize|p2|3\n|gen|9\n|tier|[Gen 9] OU\n|rated|Tournament battle\n|rule|Sleep Clause Mod: Limit one foe put to sleep\n|rule|Species Clause: Limit one of each Pok\u00e9mon\n|rule|OHKO Clause: OHKO moves are banned\n|rule|Evasion Items Clause: Evasion items are banned\n|rule|Evasion Moves Clause: Evasion moves are banned\n|rule|Endless Battle Clause: Forcing endless battles is banned\n|rule|HP Percentage Mod: HP is shown in percentages\n|rule|Force of the Fallen Mod: Pok&\u00e9mon pass the move in their last moveslot to their allies when they're KOed\n|clearpoke\n|poke|p1|Deerling, F|\n|poke|p1|Skeledirge, F|\n|poke|p1|Torterra, F|\n|poke|p2|Copperajah, F|\n|poke|p2|Hatterene, F|\n|poke|p2|Krokorok, M|\n|teampreview\n|j|*Lady Monita \u2746\n|c|\u2606Domad4444|glhf\n|c|\u2606PikachuDoesntCutIt|u2\n|inactive|Domad4444 has 120 seconds left.\n|\n|t:|1700404057\n|start\n|switch|p1a: Torterra|Torterra, F|100\/100\n|switch|p2a: Hatterene|Hatterene, F|100\/100\n|turn|1\n|\n|t:|1700404083\n|move|p1a: Torterra|Shell Smash|p1a: Torterra\n|-unboost|p1a: Torterra|def|1\n|-unboost|p1a: Torterra|spd|1\n|-boost|p1a: Torterra|atk|2\n|-boost|p1a: Torterra|spa|2\n|-boost|p1a: Torterra|spe|2\n|move|p2a: Hatterene|Mystical Fire|p1a: Torterra\n|-supereffective|p1a: Torterra\n|-damage|p1a: Torterra|0 fnt\n|faint|p1a: Torterra\n|\n|upkeep\n|\n|t:|1700404092\n|switch|p1a: Skeledirge|Skeledirge, F|100\/100\n|turn|2\n|\n|t:|1700404095\n|move|p1a: Skeledirge|Shell Smash|p1a: Skeledirge\n|-unboost|p1a: Skeledirge|def|1\n|-unboost|p1a: Skeledirge|spd|1\n|-boost|p1a: Skeledirge|atk|2\n|-boost|p1a: Skeledirge|spa|2\n|-boost|p1a: Skeledirge|spe|2\n|-enditem|p1a: Skeledirge|White Herb\n|-clearnegativeboost|p1a: Skeledirge|[silent]\n|move|p2a: Hatterene|Nuzzle|p1a: Skeledirge\n|-damage|p1a: Skeledirge|98\/100\n|-status|p1a: Skeledirge|par\n|\n|upkeep\n|turn|3\n|\n|t:|1700404108\n|move|p1a: Skeledirge|Shell Smash|p1a: Skeledirge\n|-unboost|p1a: Skeledirge|def|1\n|-unboost|p1a: Skeledirge|spd|1\n|-boost|p1a: Skeledirge|atk|2\n|-boost|p1a: Skeledirge|spa|2\n|-boost|p1a: Skeledirge|spe|2\n|move|p2a: Hatterene|Psychic|p1a: Skeledirge\n|-damage|p1a: Skeledirge|11\/100 par\n|\n|upkeep\n|turn|4\n|\n|t:|1700404114\n|move|p1a: Skeledirge|Shadow Ball|p2a: Hatterene\n|-supereffective|p2a: Hatterene\n|-damage|p2a: Hatterene|0 fnt\n|faint|p2a: Hatterene\n|\n|upkeep\n|\n|t:|1700404130\n|switch|p2a: Krokorok|Krokorok, M|100\/100\n|turn|5\n|\n|t:|1700404145\n|cant|p1a: Skeledirge|par\n|move|p2a: Krokorok|Scale Shot|p1a: Skeledirge\n|-damage|p1a: Skeledirge|3\/100 par\n|-damage|p1a: Skeledirge|0 fnt\n|faint|p1a: Skeledirge\n|-ability|p2a: Krokorok|Moxie|boost\n|-boost|p2a: Krokorok|atk|1\n|-hitcount|p1: Skeledirge|2\n|-unboost|p2a: Krokorok|def|1\n|-boost|p2a: Krokorok|spe|1\n|\n|upkeep\n|\n|t:|1700404150\n|switch|p1a: Deerling|Deerling, F|100\/100\n|turn|6\n|\n|t:|1700404154\n|move|p2a: Krokorok|Knock Off|p1a: Deerling\n|-enditem|p1a: Deerling|Focus Sash\n|-damage|p1a: Deerling|1\/100\n|move|p1a: Deerling|Shell Smash|p1a: Deerling\n|-unboost|p1a: Deerling|def|1\n|-unboost|p1a: Deerling|spd|1\n|-boost|p1a: Deerling|atk|2\n|-boost|p1a: Deerling|spa|2\n|-boost|p1a: Deerling|spe|2\n|\n|upkeep\n|turn|7\n|\n|t:|1700404176\n|-terastallize|p2a: Krokorok|Dragon\n|move|p1a: Deerling|Seed Bomb|p2a: Krokorok\n|-resisted|p2a: Krokorok\n|-damage|p2a: Krokorok|49\/100\n|move|p2a: Krokorok|Nuzzle|p1a: Deerling\n|-resisted|p1a: Deerling\n|-damage|p1a: Deerling|0 fnt\n|faint|p1a: Deerling\n|\n|win|Domad4444\n|n|\u2606PikachuDoesntCutIt|pikachudoesntcutit\n|n|\u2606Domad4444|domad4444\n|n|*Lady Monita \u2746|ladymonita\n","uploadtime":1700404177,"views":6,"p1id":"pikachudoesntcutit","p2id":"domad4444","formatid":"gen9ou","rating":0,"private":0,"password":""}