{"id":"gen9ou-1990836928","p1":"gabsmaluco","p2":"taised","format":"[Gen 9] OU","log":"|j|\u2606gabsmaluco\n|j|\u2606taised\n|t:|1700005957\n|gametype|singles\n|player|p1|gabsmaluco|roxie|1184\n|player|p2|taised|cyrus-masters|1150\n|teamsize|p1|6\n|teamsize|p2|6\n|gen|9\n|tier|[Gen 9] OU\n|rated|\n|rule|Sleep Clause Mod: Limit one foe put to sleep\n|rule|Species Clause: Limit one of each Pok\u00e9mon\n|rule|OHKO Clause: OHKO moves are banned\n|rule|Evasion Items Clause: Evasion items are banned\n|rule|Evasion Moves Clause: Evasion moves are banned\n|rule|Endless Battle Clause: Forcing endless battles is banned\n|rule|HP Percentage Mod: HP is shown in percentages\n|clearpoke\n|poke|p1|Greninja-*, M|\n|poke|p1|Great Tusk|\n|poke|p1|Umbreon, M|\n|poke|p1|Dondozo, F|\n|poke|p1|Glimmora, F|\n|poke|p1|Dragapult, F|\n|poke|p2|Kingambit, M|\n|poke|p2|Landorus-Therian, M|\n|poke|p2|Bisharp, F|\n|poke|p2|Gholdengo|\n|poke|p2|Ceruledge, F|\n|poke|p2|Enamorus, F|\n|teampreview\n|inactive|Battle timer is ON: inactive players will automatically lose when time's up. (requested by gabsmaluco)\n|\n|t:|1700005962\n|start\n|switch|p1a: oasis|Glimmora, F|100\/100\n|switch|p2a: Landorus|Landorus-Therian, M|100\/100\n|-ability|p2a: Landorus|Intimidate|boost\n|-unboost|p1a: oasis|atk|1\n|turn|1\n|\n|t:|1700005967\n|move|p2a: Landorus|Taunt|p1a: oasis\n|-start|p1a: oasis|move: Taunt\n|cant|p1a: oasis|move: Taunt|Stealth Rock\n|\n|upkeep\n|turn|2\n|\n|t:|1700005972\n|move|p2a: Landorus|Earthquake|p1a: oasis\n|-supereffective|p1a: oasis\n|-enditem|p1a: oasis|Focus Sash\n|-damage|p1a: oasis|1\/100\n|-activate|p1a: oasis|ability: Toxic Debris\n|-sidestart|p2: taised|move: Toxic Spikes\n|move|p1a: oasis|Mortal Spin|p2a: Landorus\n|-resisted|p2a: Landorus\n|-damage|p2a: Landorus|99\/100\n|-status|p2a: Landorus|psn\n|\n|-damage|p2a: Landorus|86\/100 psn|[from] psn\n|upkeep\n|turn|3\n|\n|t:|1700005982\n|switch|p1a: blue hawaii|Dondozo, F|100\/100\n|move|p2a: Landorus|Stealth Rock|p1a: blue hawaii\n|-sidestart|p1: gabsmaluco|move: Stealth Rock\n|\n|-damage|p2a: Landorus|74\/100 psn|[from] psn\n|upkeep\n|turn|4\n|\n|t:|1700005985\n|move|p2a: Landorus|Taunt|p1a: blue hawaii\n|-start|p1a: blue hawaii|move: Taunt\n|move|p1a: blue hawaii|Avalanche|p2a: Landorus\n|-supereffective|p2a: Landorus\n|-damage|p2a: Landorus|25\/100 psn\n|\n|-damage|p2a: Landorus|13\/100 psn|[from] psn\n|upkeep\n|turn|5\n|\n|t:|1700005994\n|move|p2a: Landorus|U-turn|p1a: blue hawaii\n|-damage|p1a: blue hawaii|91\/100\n|\n|t:|1700005997\n|switch|p2a: Gholdengo|Gholdengo|100\/100|[from] U-turn\n|move|p1a: blue hawaii|Liquidation|p2a: Gholdengo\n|-damage|p2a: Gholdengo|80\/100\n|\n|-heal|p2a: Gholdengo|86\/100|[from] item: Leftovers\n|-heal|p1a: blue hawaii|97\/100|[from] item: Leftovers\n|upkeep\n|turn|6\n|\n|t:|1700006006\n|switch|p1a: black sabbath|Umbreon, M|100\/100\n|-damage|p1a: black sabbath|88\/100|[from] Stealth Rock\n|move|p2a: Gholdengo|Thunder Wave|p1a: black sabbath\n|-status|p1a: black sabbath|par\n|-activate|p1a: black sabbath|ability: Synchronize\n|-status|p2a: Gholdengo|par\n|\n|-heal|p2a: Gholdengo|92\/100 par|[from] item: Leftovers\n|-heal|p1a: black sabbath|94\/100 par|[from] item: Leftovers\n|upkeep\n|turn|7\n|\n|t:|1700006017\n|switch|p2a: Enamorus|Enamorus, F|100\/100\n|move|p1a: black sabbath|Wish|p1a: black sabbath\n|\n|-heal|p1a: black sabbath|99\/100 par|[from] item: Leftovers\n|upkeep\n|turn|8\n|\n|t:|1700006032\n|-terastallize|p1a: black sabbath|Poison\n|move|p2a: Enamorus|Calm Mind|p2a: Enamorus\n|-boost|p2a: Enamorus|spa|1\n|-boost|p2a: Enamorus|spd|1\n|move|p1a: black sabbath|Thunder Wave|p2a: Enamorus\n|-status|p2a: Enamorus|par\n|\n|-heal|p1a: black sabbath|100\/100 par|[from] move: Wish|[wisher] black sabbath\n|upkeep\n|turn|9\n|inactive|taised has 120 seconds left.\n|\n|t:|1700006088\n|switch|p1a: blue hawaii|Dondozo, F|97\/100\n|-damage|p1a: blue hawaii|85\/100|[from] Stealth Rock\n|move|p2a: Enamorus|Earth Power|p1a: blue hawaii\n|-damage|p1a: blue hawaii|51\/100\n|\n|-heal|p1a: blue hawaii|57\/100|[from] item: Leftovers\n|upkeep\n|turn|10\n|\n|t:|1700006096\n|cant|p2a: Enamorus|par\n|move|p1a: blue hawaii|Avalanche|p2a: Enamorus\n|-supereffective|p2a: Enamorus\n|-damage|p2a: Enamorus|59\/100 par\n|\n|-heal|p1a: blue hawaii|63\/100|[from] item: Leftovers\n|upkeep\n|turn|11\n|\n|t:|1700006104\n|switch|p2a: Bisharp|Bisharp, F|100\/100\n|move|p1a: blue hawaii|Avalanche|p2a: Bisharp\n|-resisted|p2a: Bisharp\n|-damage|p2a: Bisharp|95\/100\n|\n|-heal|p1a: blue hawaii|69\/100|[from] item: Leftovers\n|upkeep\n|turn|12\n|\n|t:|1700006111\n|move|p2a: Bisharp|Iron Head|p1a: blue hawaii\n|-resisted|p1a: blue hawaii\n|-damage|p1a: blue hawaii|60\/100\n|move|p1a: blue hawaii|Body Press|p2a: Bisharp\n|-supereffective|p2a: Bisharp\n|-damage|p2a: Bisharp|15\/100\n|\n|-heal|p1a: blue hawaii|66\/100|[from] item: Leftovers\n|upkeep\n|turn|13\n|\n|t:|1700006129\n|switch|p2a: Gholdengo|Gholdengo|92\/100 par\n|move|p1a: blue hawaii|Yawn|p2a: Gholdengo\n|-immune|p2a: Gholdengo|[from] ability: Good as Gold\n|\n|-heal|p1a: blue hawaii|72\/100|[from] item: Leftovers\n|-heal|p2a: Gholdengo|98\/100 par|[from] item: Leftovers\n|upkeep\n|turn|14\n|\n|t:|1700006139\n|switch|p1a: black sabbath|Umbreon, M, tera:Poison|100\/100 par\n|-damage|p1a: black sabbath|88\/100 par|[from] Stealth Rock\n|move|p2a: Gholdengo|Thunder Wave|p1a: black sabbath\n|-fail|p1a: black sabbath|par\n|\n|-heal|p2a: Gholdengo|100\/100 par|[from] item: Leftovers\n|-heal|p1a: black sabbath|94\/100 par|[from] item: Leftovers\n|upkeep\n|turn|15\n|inactive|taised has 120 seconds left.\n|\n|t:|1700006149\n|move|p2a: Gholdengo|Hex|p1a: black sabbath\n|-damage|p1a: black sabbath|63\/100 par\n|move|p1a: black sabbath|Wish|p1a: black sabbath\n|\n|-heal|p1a: black sabbath|69\/100 par|[from] item: Leftovers\n|upkeep\n|turn|16\n|\n|t:|1700006163\n|switch|p1a: Tusk Act4|Great Tusk|100\/100\n|move|p2a: Gholdengo|Nasty Plot|p2a: Gholdengo\n|-boost|p2a: Gholdengo|spa|2\n|\n|upkeep\n|turn|17\n|\n|t:|1700006175\n|move|p1a: Tusk Act4|Headlong Rush|p2a: Gholdengo\n|-supereffective|p2a: Gholdengo\n|-damage|p2a: Gholdengo|19\/100 par\n|-unboost|p1a: Tusk Act4|def|1\n|-unboost|p1a: Tusk Act4|spd|1\n|move|p2a: Gholdengo|Hex|p1a: Tusk Act4\n|-damage|p1a: Tusk Act4|0 fnt\n|faint|p1a: Tusk Act4\n|-end|p1a: Tusk Act4|Protosynthesis|[silent]\n|\n|-heal|p2a: Gholdengo|25\/100 par|[from] item: Leftovers\n|upkeep\n|\n|t:|1700006202\n|switch|p1a: in a silent way|Greninja, M|100\/100\n|-damage|p1a: in a silent way|88\/100|[from] Stealth Rock\n|turn|18\n|\n|t:|1700006216\n|switch|p2a: Kingambit|Kingambit, M|100\/100\n|move|p1a: in a silent way|Dark Pulse|p2a: Kingambit\n|-resisted|p2a: Kingambit\n|-damage|p2a: Kingambit|80\/100\n|-damage|p1a: in a silent way|78\/100|[from] item: Life Orb\n|\n|-heal|p2a: Kingambit|86\/100|[from] item: Leftovers\n|upkeep\n|turn|19\n|\n|t:|1700006226\n|switch|p1a: blue hawaii|Dondozo, F|72\/100\n|-damage|p1a: blue hawaii|60\/100|[from] Stealth Rock\n|move|p2a: Kingambit|Iron Head|p1a: blue hawaii\n|-resisted|p1a: blue hawaii\n|-damage|p1a: blue hawaii|50\/100\n|\n|-heal|p2a: Kingambit|92\/100|[from] item: Leftovers\n|-heal|p1a: blue hawaii|56\/100|[from] item: Leftovers\n|upkeep\n|turn|20\n|\n|t:|1700006236\n|-end|p2a: Kingambit|fallenundefined|[silent]\n|switch|p2a: Ceruledge|Ceruledge, F|100\/100\n|move|p1a: blue hawaii|Liquidation|p2a: Ceruledge\n|-supereffective|p2a: Ceruledge\n|-damage|p2a: Ceruledge|37\/100\n|-unboost|p2a: Ceruledge|def|1\n|\n|-heal|p1a: blue hawaii|62\/100|[from] item: Leftovers\n|upkeep\n|turn|21\n|\n|t:|1700006242\n|move|p2a: Ceruledge|Bitter Blade|p1a: blue hawaii\n|-resisted|p1a: blue hawaii\n|-damage|p1a: blue hawaii|54\/100\n|-heal|p2a: Ceruledge|43\/100|[from] drain|[of] p1a: blue hawaii\n|move|p1a: blue hawaii|Liquidation|p2a: Ceruledge\n|-supereffective|p2a: Ceruledge\n|-damage|p2a: Ceruledge|0 fnt\n|faint|p2a: Ceruledge\n|\n|-heal|p1a: blue hawaii|60\/100|[from] item: Leftovers\n|upkeep\n|\n|t:|1700006248\n|switch|p2a: Gholdengo|Gholdengo|25\/100 par\n|turn|22\n|\n|t:|1700006253\n|move|p1a: blue hawaii|Liquidation|p2a: Gholdengo\n|-damage|p2a: Gholdengo|6\/100 par\n|move|p2a: Gholdengo|Hex|p1a: blue hawaii\n|-damage|p1a: blue hawaii|32\/100\n|\n|-heal|p1a: blue hawaii|38\/100|[from] item: Leftovers\n|-heal|p2a: Gholdengo|12\/100 par|[from] item: Leftovers\n|upkeep\n|turn|23\n|\n|t:|1700006256\n|move|p1a: blue hawaii|Liquidation|p2a: Gholdengo\n|-damage|p2a: Gholdengo|0 fnt\n|faint|p2a: Gholdengo\n|\n|-heal|p1a: blue hawaii|44\/100|[from] item: Leftovers\n|upkeep\n|\n|t:|1700006271\n|switch|p2a: Bisharp|Bisharp, F|15\/100\n|turn|24\n|\n|t:|1700006275\n|move|p2a: Bisharp|Sucker Punch|p1a: blue hawaii\n|-damage|p1a: blue hawaii|28\/100\n|move|p1a: blue hawaii|Body Press|p2a: Bisharp\n|-supereffective|p2a: Bisharp\n|-damage|p2a: Bisharp|0 fnt\n|faint|p2a: Bisharp\n|\n|-heal|p1a: blue hawaii|34\/100|[from] item: Leftovers\n|upkeep\n|\n|t:|1700006278\n|switch|p2a: Kingambit|Kingambit, M|92\/100\n|-activate|p2a: Kingambit|ability: Supreme Overlord\n|-start|p2a: Kingambit|fallen3|[silent]\n|turn|25\n|\n|t:|1700006285\n|move|p2a: Kingambit|Kowtow Cleave|p1a: blue hawaii\n|-damage|p1a: blue hawaii|6\/100\n|move|p1a: blue hawaii|Yawn|p2a: Kingambit\n|-start|p2a: Kingambit|move: Yawn|[of] p1a: blue hawaii\n|\n|-heal|p2a: Kingambit|98\/100|[from] item: Leftovers\n|-heal|p1a: blue hawaii|12\/100|[from] item: Leftovers\n|upkeep\n|turn|26\n|\n|t:|1700006290\n|-end|p2a: Kingambit|fallen3|[silent]\n|switch|p2a: Landorus|Landorus-Therian, M|13\/100 psn\n|-ability|p2a: Landorus|Intimidate|boost\n|-unboost|p1a: blue hawaii|atk|1\n|switch|p1a: oasis|Glimmora, F|1\/100\n|-damage|p1a: oasis|0 fnt|[from] Stealth Rock\n|faint|p1a: oasis\n|\n|-damage|p2a: Landorus|0 fnt|[from] psn\n|faint|p2a: Landorus\n|upkeep\n|inactive|gabsmaluco has 120 seconds left.\n|\n|t:|1700006325\n|switch|p2a: Enamorus|Enamorus, F|59\/100 par\n|switch|p1a: scary monsters|Dragapult, F|100\/100\n|-damage|p1a: scary monsters|88\/100|[from] Stealth Rock\n|turn|27\n|\n|t:|1700006347\n|move|p1a: scary monsters|Hex|p2a: Enamorus\n|-damage|p2a: Enamorus|0 fnt\n|faint|p2a: Enamorus\n|\n|upkeep\n|\n|t:|1700006351\n|switch|p2a: Kingambit|Kingambit, M|98\/100\n|-activate|p2a: Kingambit|ability: Supreme Overlord\n|-start|p2a: Kingambit|fallen5|[silent]\n|turn|28\n|\n|t:|1700006365\n|switch|p1a: blue hawaii|Dondozo, F|12\/100\n|-damage|p1a: blue hawaii|0 fnt|[from] Stealth Rock\n|faint|p1a: blue hawaii\n|move|p2a: Kingambit|Kowtow Cleave|p1: blue hawaii|[notarget]\n|-fail|p2a: Kingambit\n|\n|-heal|p2a: Kingambit|100\/100|[from] item: Leftovers\n|upkeep\n|\n|t:|1700006370\n|switch|p1a: black sabbath|Umbreon, M, tera:Poison|69\/100 par\n|-damage|p1a: black sabbath|57\/100 par|[from] Stealth Rock\n|turn|29\n|\n|t:|1700006383\n|move|p2a: Kingambit|Iron Head|p1a: black sabbath\n|-damage|p1a: black sabbath|0 fnt\n|faint|p1a: black sabbath\n|\n|upkeep\n|\n|t:|1700006389\n|switch|p1a: in a silent way|Greninja, M|78\/100\n|-damage|p1a: in a silent way|66\/100|[from] Stealth Rock\n|turn|30\n|\n|t:|1700006399\n|move|p1a: in a silent way|Hydro Pump|p2a: Kingambit|[miss]\n|-miss|p1a: in a silent way|p2a: Kingambit\n|move|p2a: Kingambit|Kowtow Cleave|p1a: in a silent way\n|-resisted|p1a: in a silent way\n|-damage|p1a: in a silent way|0 fnt\n|faint|p1a: in a silent way\n|\n|upkeep\n|\n|t:|1700006404\n|switch|p1a: scary monsters|Dragapult, F|88\/100\n|-damage|p1a: scary monsters|76\/100|[from] Stealth Rock\n|turn|31\n|\n|t:|1700006406\n|move|p1a: scary monsters|Flamethrower|p2a: Kingambit\n|-supereffective|p2a: Kingambit\n|-damage|p2a: Kingambit|21\/100\n|move|p2a: Kingambit|Kowtow Cleave|p1a: scary monsters\n|-supereffective|p1a: scary monsters\n|-damage|p1a: scary monsters|0 fnt\n|faint|p1a: scary monsters\n|\n|win|taised\n|raw|gabsmaluco's rating: 1184 &rarr; <strong>1157<\/strong><br \/>(-27 for losing)\n|raw|taised's rating: 1150 &rarr; <strong>1177<\/strong><br \/>(+27 for winning)\n|c|\u2606taised|ez bum\n|c|\u2606taised|upg your stall team\n|c|\u2606taised|free cheese\n|c|\u2606gabsmaluco|no sucker punch?\n|c|\u2606taised|free elo\n|c|\u2606taised|yes sucker punch\n|c|\u2606taised|i read ur flamethrower\n|c|\u2606gabsmaluco|lol\n|c|\u2606taised|and i ev'd my gambit to live\n|c|\u2606taised|free\n","uploadtime":1700006437,"views":16,"p1id":"gabsmaluco","p2id":"taised","formatid":"gen9ou","rating":1157,"private":0,"password":""}