{"id":"gen9ou-1989222893","p1":"LocaoTheGamer","p2":"Lost-Kun","format":"[Gen 9] OU","log":"|j|\u2606LocaoTheGamer\n|j|\u2606Lost-Kun\n|t:|1699825090\n|gametype|singles\n|player|p1|LocaoTheGamer|dexio|\n|player|p2|Lost-Kun|parasollady|\n|teamsize|p1|6\n|teamsize|p2|6\n|gen|9\n|tier|[Gen 9] OU\n|rule|Sleep Clause Mod: Limit one foe put to sleep\n|rule|Species Clause: Limit one of each Pok\u00e9mon\n|rule|OHKO Clause: OHKO moves are banned\n|rule|Evasion Items Clause: Evasion items are banned\n|rule|Evasion Moves Clause: Evasion moves are banned\n|rule|Endless Battle Clause: Forcing endless battles is banned\n|rule|HP Percentage Mod: HP is shown in percentages\n|rule|Terastal Clause: You cannot Terastallize\n|clearpoke\n|poke|p1|Iron Valiant|\n|poke|p1|Great Tusk|\n|poke|p1|Dragonite, M|\n|poke|p1|Iron Moth|\n|poke|p1|Ribombee, F|\n|poke|p1|Samurott-Hisui, M|\n|poke|p2|Kingambit, M|\n|poke|p2|Ogerpon-Wellspring, F|\n|poke|p2|Gholdengo|\n|poke|p2|Ribombee, F|\n|poke|p2|Great Tusk|\n|poke|p2|Iron Valiant|\n|teampreview\n|\n|t:|1699825100\n|start\n|switch|p1a: Dengue|Ribombee, F|100\/100\n|switch|p2a: Ribombee|Ribombee, F|100\/100\n|turn|1\n|\n|t:|1699825109\n|move|p1a: Dengue|Stun Spore|p2a: Ribombee\n|-status|p2a: Ribombee|par\n|move|p2a: Ribombee|Sticky Web|p1a: Dengue\n|-sidestart|p1: LocaoTheGamer|move: Sticky Web\n|\n|upkeep\n|turn|2\n|\n|t:|1699825115\n|move|p1a: Dengue|Sticky Web|p2a: Ribombee\n|-sidestart|p2: Lost-Kun|move: Sticky Web\n|move|p2a: Ribombee|U-turn|p1a: Dengue\n|-resisted|p1a: Dengue\n|-damage|p1a: Dengue|87\/100\n|\n|t:|1699825125\n|switch|p2a: Great Tusk|Great Tusk|100\/100|[from] U-turn\n|-activate|p2a: Great Tusk|move: Sticky Web\n|-unboost|p2a: Great Tusk|spe|1\n|\n|upkeep\n|turn|3\n|\n|t:|1699825131\n|move|p1a: Dengue|Moonblast|p2a: Great Tusk\n|-supereffective|p2a: Great Tusk\n|-damage|p2a: Great Tusk|0 fnt\n|faint|p2a: Great Tusk\n|-end|p2a: Great Tusk|Protosynthesis|[silent]\n|\n|upkeep\n|\n|t:|1699825134\n|switch|p2a: Gholdengo|Gholdengo|100\/100\n|-item|p2a: Gholdengo|Air Balloon\n|turn|4\n|\n|t:|1699825139\n|move|p1a: Dengue|Moonblast|p2a: Gholdengo\n|-resisted|p2a: Gholdengo\n|-damage|p2a: Gholdengo|77\/100\n|-enditem|p2a: Gholdengo|Air Balloon\n|move|p2a: Gholdengo|Make It Rain|p1a: Dengue\n|-supereffective|p1a: Dengue\n|-crit|p1a: Dengue\n|-damage|p1a: Dengue|0 fnt\n|-unboost|p2a: Gholdengo|spa|1\n|faint|p1a: Dengue\n|\n|upkeep\n|\n|t:|1699825151\n|switch|p1a: Mastodon|Great Tusk|100\/100\n|turn|5\n|\n|t:|1699825161\n|switch|p2a: Ogerpon|Ogerpon-Wellspring, F|100\/100\n|-activate|p2a: Ogerpon|move: Sticky Web\n|-unboost|p2a: Ogerpon|spe|1\n|move|p1a: Mastodon|Knock Off|p2a: Ogerpon\n|-damage|p2a: Ogerpon|70\/100\n|\n|upkeep\n|turn|6\n|\n|t:|1699825170\n|move|p1a: Mastodon|Rapid Spin|p2a: Ogerpon\n|-damage|p2a: Ogerpon|46\/100\n|-boost|p1a: Mastodon|spe|1\n|-sideend|p1: LocaoTheGamer|Sticky Web|[from] move: Rapid Spin|[of] p1a: Mastodon\n|move|p2a: Ogerpon|Ivy Cudgel|p1a: Mastodon\n|-supereffective|p1a: Mastodon\n|-damage|p1a: Mastodon|18\/100\n|\n|upkeep\n|turn|7\n|\n|t:|1699825181\n|move|p1a: Mastodon|Close Combat|p2a: Ogerpon\n|-damage|p2a: Ogerpon|0 fnt\n|-unboost|p1a: Mastodon|def|1\n|-unboost|p1a: Mastodon|spd|1\n|faint|p2a: Ogerpon\n|\n|upkeep\n|\n|t:|1699825188\n|switch|p2a: Ribombee|Ribombee, F|100\/100 par\n|-activate|p2a: Ribombee|move: Sticky Web\n|-unboost|p2a: Ribombee|spe|1\n|turn|8\n|\n|t:|1699825195\n|-end|p1a: Mastodon|Protosynthesis|[silent]\n|switch|p1a: Morph Moth|Iron Moth|100\/100\n|-enditem|p1a: Morph Moth|Booster Energy\n|-activate|p1a: Morph Moth|ability: Quark Drive|[fromitem]\n|-start|p1a: Morph Moth|quarkdrivespe\n|cant|p2a: Ribombee|par\n|\n|upkeep\n|turn|9\n|\n|t:|1699825203\n|move|p1a: Morph Moth|Fiery Dance|p2a: Ribombee\n|-supereffective|p2a: Ribombee\n|-enditem|p2a: Ribombee|Focus Sash\n|-damage|p2a: Ribombee|1\/100 par\n|-boost|p1a: Morph Moth|spa|1\n|move|p2a: Ribombee|Sticky Web|p1a: Morph Moth\n|-sidestart|p1: LocaoTheGamer|move: Sticky Web\n|\n|upkeep\n|turn|10\n|\n|t:|1699825210\n|move|p1a: Morph Moth|Fiery Dance|p2a: Ribombee\n|-supereffective|p2a: Ribombee\n|-damage|p2a: Ribombee|0 fnt\n|-boost|p1a: Morph Moth|spa|1\n|faint|p2a: Ribombee\n|\n|upkeep\n|\n|t:|1699825214\n|switch|p2a: Iron Valiant|Iron Valiant|100\/100\n|-activate|p2a: Iron Valiant|move: Sticky Web\n|-unboost|p2a: Iron Valiant|spe|1\n|turn|11\n|\n|t:|1699825220\n|move|p1a: Morph Moth|Sludge Wave|p2a: Iron Valiant\n|-supereffective|p2a: Iron Valiant\n|-damage|p2a: Iron Valiant|0 fnt\n|faint|p2a: Iron Valiant\n|-end|p2a: Iron Valiant|Quark Drive|[silent]\n|\n|upkeep\n|\n|t:|1699825224\n|switch|p2a: Kingambit|Kingambit, M|100\/100\n|-activate|p2a: Kingambit|move: Sticky Web\n|-unboost|p2a: Kingambit|spe|1\n|-activate|p2a: Kingambit|ability: Supreme Overlord\n|-start|p2a: Kingambit|fallen4|[silent]\n|turn|12\n|\n|t:|1699825229\n|move|p1a: Morph Moth|Fiery Dance|p2a: Kingambit\n|-supereffective|p2a: Kingambit\n|-crit|p2a: Kingambit\n|-damage|p2a: Kingambit|0 fnt\n|-boost|p1a: Morph Moth|spa|1\n|faint|p2a: Kingambit\n|-end|p2a: Kingambit|fallen4|[silent]\n|\n|upkeep\n|\n|t:|1699825231\n|switch|p2a: Gholdengo|Gholdengo|77\/100\n|-activate|p2a: Gholdengo|move: Sticky Web\n|-unboost|p2a: Gholdengo|spe|1\n|turn|13\n|\n|t:|1699825240\n|move|p1a: Morph Moth|Fiery Dance|p2a: Gholdengo\n|-supereffective|p2a: Gholdengo\n|-damage|p2a: Gholdengo|0 fnt\n|-boost|p1a: Morph Moth|spa|1\n|faint|p2a: Gholdengo\n|\n|win|LocaoTheGamer\n|c|\u2606LocaoTheGamer|eu to t\u00e3o surpreso quanto voce\n|c|\u2606LocaoTheGamer|e olha que uma vitoria no ponto q eu to n\u00e3o me ajuda nada\n","uploadtime":1699825262,"views":21,"p1id":"locaothegamer","p2id":"lostkun","formatid":"gen9ou","rating":0,"private":0,"password":""}