{"id":"gen9ou-1993213808","p1":"mystori_","p2":"Gatrekd","format":"[Gen 9] OU","log":"|j|\u2606mystori_\n|j|\u2606Gatrekd\n|t:|1700278953\n|gametype|singles\n|player|p1|mystori_|shauntal|1203\n|player|p2|Gatrekd|palmer|1159\n|teamsize|p1|6\n|teamsize|p2|6\n|gen|9\n|tier|[Gen 9] OU\n|rated|\n|rule|Sleep Clause Mod: Limit one foe put to sleep\n|rule|Species Clause: Limit one of each Pok\u00e9mon\n|rule|OHKO Clause: OHKO moves are banned\n|rule|Evasion Items Clause: Evasion items are banned\n|rule|Evasion Moves Clause: Evasion moves are banned\n|rule|Endless Battle Clause: Forcing endless battles is banned\n|rule|HP Percentage Mod: HP is shown in percentages\n|clearpoke\n|poke|p1|Ditto|\n|poke|p1|Pawniard, M|\n|poke|p1|Empoleon, M|\n|poke|p1|Dusclops, M|\n|poke|p1|Falinks|\n|poke|p1|Trevenant, M|\n|poke|p2|Dragapult, F|\n|poke|p2|Garganacl, F|\n|poke|p2|Azumarill, M|\n|poke|p2|Sneasler, F|\n|poke|p2|Meowscarada, M|\n|poke|p2|Cinderace, M|\n|teampreview\n|inactive|Battle timer is ON: inactive players will automatically lose when time's up. (requested by mystori_)\n|\n|t:|1700278965\n|start\n|switch|p1a: Kirby|Ditto|100\/100\n|switch|p2a: Sneasler|Sneasler, F|100\/100\n|-ability|p2a: Sneasler|Pressure\n|-transform|p1a: Kirby|p2a: Sneasler|[from] ability: Imposter\n|-ability|p1a: Kirby|Pressure\n|turn|1\n|\n|t:|1700278982\n|move|p1a: Kirby|Dire Claw|p2a: Sneasler\n|-resisted|p2a: Sneasler\n|-damage|p2a: Sneasler|78\/100\n|-status|p2a: Sneasler|par\n|move|p2a: Sneasler|Dire Claw|p1a: Kirby\n|-resisted|p1a: Kirby\n|-damage|p1a: Kirby|68\/100\n|\n|-heal|p2a: Sneasler|84\/100 par|[from] item: Black Sludge\n|upkeep\n|turn|2\n|\n|t:|1700278997\n|switch|p1a: King Dedede|Empoleon, M, shiny|100\/100\n|cant|p2a: Sneasler|par\n|\n|-heal|p2a: Sneasler|90\/100 par|[from] item: Black Sludge\n|upkeep\n|turn|3\n|\n|t:|1700279008\n|switch|p2a: Dragapult|Dragapult, F|100\/100\n|move|p1a: King Dedede|Swords Dance|p1a: King Dedede\n|-boost|p1a: King Dedede|atk|2\n|\n|upkeep\n|turn|4\n|\n|t:|1700279015\n|move|p1a: King Dedede|Ice Spinner|p2a: Dragapult\n|-supereffective|p2a: Dragapult\n|-damage|p2a: Dragapult|0 fnt\n|faint|p2a: Dragapult\n|\n|upkeep\n|\n|t:|1700279022\n|switch|p2a: Cinderace|Cinderace, M|100\/100\n|turn|5\n|\n|t:|1700279037\n|-terastallize|p2a: Cinderace|Fire\n|move|p1a: King Dedede|Aqua Jet|p2a: Cinderace\n|-supereffective|p2a: Cinderace\n|-damage|p2a: Cinderace|0 fnt\n|faint|p2a: Cinderace\n|\n|upkeep\n|c|\u2606Gatrekd|So this is where I fall...\n|\n|t:|1700279052\n|switch|p2a: Meowscarada|Meowscarada, M|100\/100\n|turn|6\n|\n|t:|1700279058\n|move|p2a: Meowscarada|Flower Trick|p1a: King Dedede\n|-start|p2a: Meowscarada|typechange|Grass|[from] ability: Protean\n|-crit|p1a: King Dedede\n|-damage|p1a: King Dedede|37\/100\n|-damage|p2a: Meowscarada|91\/100|[from] item: Life Orb\n|move|p1a: King Dedede|Ice Spinner|p2a: Meowscarada\n|-supereffective|p2a: Meowscarada\n|-damage|p2a: Meowscarada|0 fnt\n|faint|p2a: Meowscarada\n|\n|-heal|p1a: King Dedede|44\/100|[from] item: Leftovers\n|upkeep\n|c|\u2606mystori_|hmm\n|\n|t:|1700279072\n|switch|p2a: Azumarill|Azumarill, M|100\/100\n|turn|7\n|c|\u2606mystori_|dededestruction\n|\n|t:|1700279078\n|move|p1a: King Dedede|Ice Spinner|p2a: Azumarill\n|-resisted|p2a: Azumarill\n|-damage|p2a: Azumarill|76\/100\n|move|p2a: Azumarill|Belly Drum|p2a: Azumarill\n|-damage|p2a: Azumarill|26\/100\n|-setboost|p2a: Azumarill|atk|6|[from] move: Belly Drum\n|-enditem|p2a: Azumarill|Sitrus Berry|[eat]\n|-heal|p2a: Azumarill|51\/100|[from] item: Sitrus Berry\n|\n|-heal|p1a: King Dedede|50\/100|[from] item: Leftovers\n|upkeep\n|turn|8\n|\n|t:|1700279090\n|move|p2a: Azumarill|Aqua Jet|p1a: King Dedede\n|-resisted|p1a: King Dedede\n|-damage|p1a: King Dedede|0 fnt\n|faint|p1a: King Dedede\n|\n|upkeep\n|\n|t:|1700279096\n|switch|p1a: Kirby|Ditto|68\/100\n|-transform|p1a: Kirby|p2a: Azumarill|[from] ability: Imposter\n|turn|9\n|\n|t:|1700279104\n|move|p1a: Kirby|Aqua Jet|p2a: Azumarill\n|-resisted|p2a: Azumarill\n|-damage|p2a: Azumarill|0 fnt\n|faint|p2a: Azumarill\n|\n|upkeep\n|\n|t:|1700279109\n|switch|p2a: Garganacl|Garganacl, F|100\/100\n|turn|10\n|\n|t:|1700279112\n|move|p1a: Kirby|Aqua Jet|p2a: Garganacl\n|-supereffective|p2a: Garganacl\n|-damage|p2a: Garganacl|0 fnt\n|faint|p2a: Garganacl\n|\n|upkeep\n|\n|t:|1700279117\n|switch|p2a: Sneasler|Sneasler, F|90\/100 par\n|-ability|p2a: Sneasler|Pressure\n|turn|11\n|c|\u2606mystori_|gg\n|\n|t:|1700279121\n|move|p1a: Kirby|Aqua Jet|p2a: Sneasler\n|-damage|p2a: Sneasler|0 fnt\n|faint|p2a: Sneasler\n|\n|win|mystori_\n|raw|mystori_'s rating: 1203 &rarr; <strong>1225<\/strong><br \/>(+22 for winning)\n|raw|Gatrekd's rating: 1159 &rarr; <strong>1137<\/strong><br \/>(-22 for losing)\n|c|\u2606Gatrekd|gg\n","uploadtime":1700279130,"views":13,"p1id":"mystori","p2id":"gatrekd","formatid":"gen9ou","rating":1137,"private":0,"password":""}