{"id":"gen9ou-2000592083","p1":"goomyluv9000","p2":"SirSpanklez","format":"[Gen 9] OU","log":"|j|\u2606goomyluv9000\n|j|\u2606SirSpanklez\n|t:|1701208414\n|gametype|singles\n|player|p1|goomyluv9000|169|1375\n|player|p2|SirSpanklez|pokemonrangerf|1397\n|teamsize|p1|6\n|teamsize|p2|6\n|gen|9\n|tier|[Gen 9] OU\n|rated|\n|rule|Sleep Clause Mod: Limit one foe put to sleep\n|rule|Species Clause: Limit one of each Pok\u00e9mon\n|rule|OHKO Clause: OHKO moves are banned\n|rule|Evasion Items Clause: Evasion items are banned\n|rule|Evasion Moves Clause: Evasion moves are banned\n|rule|Endless Battle Clause: Forcing endless battles is banned\n|rule|HP Percentage Mod: HP is shown in percentages\n|clearpoke\n|poke|p1|Zapdos|\n|poke|p1|Mamoswine, F|\n|poke|p1|Slowking-Galar, F|\n|poke|p1|Glimmora, M|\n|poke|p1|Ogerpon-Wellspring, F|\n|poke|p1|Ninetales-Alola, F|\n|poke|p2|Greninja-*, M|\n|poke|p2|Gholdengo|\n|poke|p2|Corviknight, M|\n|poke|p2|Weezing-Galar, M|\n|poke|p2|Iron Valiant|\n|poke|p2|Jirachi|\n|teampreview\n|\n|t:|1701208431\n|start\n|switch|p1a: Ninetales|Ninetales-Alola, F|100\/100\n|switch|p2a: The 1% of Gamblers|Gholdengo|100\/100\n|-weather|Snow|[from] ability: Snow Warning|[of] p1a: Ninetales\n|turn|1\n|\n|t:|1701208440\n|move|p1a: Ninetales|Aurora Veil|p1a: Ninetales\n|-sidestart|p1: goomyluv9000|move: Aurora Veil\n|move|p2a: The 1% of Gamblers|Iron Head|p1a: Ninetales\n|-supereffective|p1a: Ninetales\n|-damage|p1a: Ninetales|71\/100\n|\n|-weather|Snow|[upkeep]\n|upkeep\n|turn|2\n|-activate|p2a: The 1% of Gamblers|item: Quick Claw\n|\n|t:|1701208444\n|switch|p1a: Zapdos|Zapdos|100\/100\n|move|p2a: The 1% of Gamblers|Thunder Wave|p1a: Zapdos\n|-immune|p1a: Zapdos\n|\n|-weather|Snow|[upkeep]\n|upkeep\n|turn|3\n|\n|t:|1701208457\n|move|p1a: Zapdos|Volt Switch|p2a: The 1% of Gamblers\n|-damage|p2a: The 1% of Gamblers|68\/100\n|\n|t:|1701208463\n|switch|p1a: Mamoswine|Mamoswine, F|100\/100|[from] Volt Switch\n|move|p2a: The 1% of Gamblers|Confuse Ray|p1a: Mamoswine\n|-start|p1a: Mamoswine|confusion\n|\n|-weather|Snow|[upkeep]\n|upkeep\n|turn|4\n|\n|t:|1701208471\n|switch|p2a: Vape Reference|Weezing-Galar, M|100\/100\n|-activate|p1a: Mamoswine|confusion\n|-damage|p1a: Mamoswine|85\/100|[from] confusion\n|\n|-weather|Snow|[upkeep]\n|upkeep\n|turn|5\n|\n|t:|1701208489\n|switch|p2a: Fatty|Corviknight, M|100\/100\n|switch|p1a: Slowking|Slowking-Galar, F|100\/100\n|\n|-weather|none\n|upkeep\n|turn|6\n|\n|t:|1701208498\n|move|p2a: Fatty|Agility|p2a: Fatty\n|-boost|p2a: Fatty|spe|2\n|move|p1a: Slowking|Chilly Reception|p1a: Slowking\n|-weather|Snow\n|j| TorterraMain\n|\n|t:|1701208506\n|switch|p1a: Ogerpon|Ogerpon-Wellspring, F|100\/100|[from] Chilly Reception\n|\n|-weather|Snow|[upkeep]\n|upkeep\n|turn|7\n|\n|t:|1701208514\n|move|p2a: Fatty|Bulk Up|p2a: Fatty\n|-boost|p2a: Fatty|atk|1\n|-boost|p2a: Fatty|def|1\n|move|p1a: Ogerpon|Encore|p2a: Fatty\n|-start|p2a: Fatty|Encore\n|\n|-weather|Snow|[upkeep]\n|upkeep\n|turn|8\n|\n|t:|1701208517\n|move|p2a: Fatty|Bulk Up|p2a: Fatty\n|-boost|p2a: Fatty|atk|1\n|-boost|p2a: Fatty|def|1\n|move|p1a: Ogerpon|Swords Dance|p1a: Ogerpon\n|-boost|p1a: Ogerpon|atk|2\n|\n|-weather|Snow|[upkeep]\n|-sideend|p1: goomyluv9000|move: Aurora Veil\n|upkeep\n|turn|9\n|\n|t:|1701208522\n|move|p2a: Fatty|Bulk Up|p2a: Fatty\n|-boost|p2a: Fatty|atk|1\n|-boost|p2a: Fatty|def|1\n|move|p1a: Ogerpon|Swords Dance|p1a: Ogerpon\n|-boost|p1a: Ogerpon|atk|2\n|\n|-weather|Snow|[upkeep]\n|upkeep\n|turn|10\n|\n|t:|1701208527\n|-terastallize|p1a: Ogerpon|Water\n|detailschange|p1a: Ogerpon|Ogerpon-Wellspring-Tera, F, tera:Water\n|-ability|p1a: Ogerpon|Embody Aspect (Wellspring)|boost\n|-boost|p1a: Ogerpon|spd|1\n|move|p2a: Fatty|Bulk Up|p2a: Fatty\n|-boost|p2a: Fatty|atk|1\n|-boost|p2a: Fatty|def|1\n|move|p1a: Ogerpon|Ivy Cudgel|p2a: Fatty|[anim] Ivy Cudgel Water\n|-crit|p2a: Fatty\n|-damage|p2a: Fatty|0 fnt\n|faint|p2a: Fatty\n|\n|-weather|none\n|upkeep\n|\n|t:|1701208534\n|switch|p2a: Vape Reference|Weezing-Galar, M|100\/100\n|turn|11\n|\n|t:|1701208537\n|move|p2a: Vape Reference|Destiny Bond|p2a: Vape Reference\n|-singlemove|p2a: Vape Reference|Destiny Bond\n|move|p1a: Ogerpon|Ivy Cudgel|p2a: Vape Reference|[anim] Ivy Cudgel Water\n|-damage|p2a: Vape Reference|0 fnt\n|faint|p2a: Vape Reference\n|-activate|p2a: Vape Reference|move: Destiny Bond\n|faint|p1a: Ogerpon\n|\n|upkeep\n|\n|t:|1701208552\n|switch|p1a: Ninetales|Ninetales-Alola, F|71\/100\n|switch|p2a: My Tummy Hurts|Iron Valiant, shiny|100\/100\n|-weather|Snow|[from] ability: Snow Warning|[of] p1a: Ninetales\n|-enditem|p2a: My Tummy Hurts|Booster Energy\n|-activate|p2a: My Tummy Hurts|ability: Quark Drive|[fromitem]\n|-start|p2a: My Tummy Hurts|quarkdriveatk\n|turn|12\n|\n|t:|1701208561\n|move|p1a: Ninetales|Aurora Veil|p1a: Ninetales\n|-sidestart|p1: goomyluv9000|move: Aurora Veil\n|move|p2a: My Tummy Hurts|Calm Mind|p2a: My Tummy Hurts\n|-boost|p2a: My Tummy Hurts|spa|1\n|-boost|p2a: My Tummy Hurts|spd|1\n|\n|-weather|Snow|[upkeep]\n|upkeep\n|turn|13\n|\n|t:|1701208565\n|move|p1a: Ninetales|Encore|p2a: My Tummy Hurts\n|-start|p2a: My Tummy Hurts|Encore\n|move|p2a: My Tummy Hurts|Calm Mind|p2a: My Tummy Hurts\n|-boost|p2a: My Tummy Hurts|spa|1\n|-boost|p2a: My Tummy Hurts|spd|1\n|\n|-weather|Snow|[upkeep]\n|upkeep\n|turn|14\n|\n|t:|1701208568\n|move|p1a: Ninetales|Moonblast|p2a: My Tummy Hurts\n|-supereffective|p2a: My Tummy Hurts\n|-damage|p2a: My Tummy Hurts|61\/100\n|move|p2a: My Tummy Hurts|Calm Mind|p2a: My Tummy Hurts\n|-boost|p2a: My Tummy Hurts|spa|1\n|-boost|p2a: My Tummy Hurts|spd|1\n|\n|-weather|Snow|[upkeep]\n|upkeep\n|turn|15\n|\n|t:|1701208575\n|move|p1a: Ninetales|Moonblast|p2a: My Tummy Hurts\n|-supereffective|p2a: My Tummy Hurts\n|-damage|p2a: My Tummy Hurts|32\/100\n|-unboost|p2a: My Tummy Hurts|spa|1\n|move|p2a: My Tummy Hurts|Calm Mind|p2a: My Tummy Hurts\n|-boost|p2a: My Tummy Hurts|spa|1\n|-boost|p2a: My Tummy Hurts|spd|1\n|\n|-weather|Snow|[upkeep]\n|-end|p2a: My Tummy Hurts|Encore\n|upkeep\n|turn|16\n|\n|t:|1701208578\n|move|p1a: Ninetales|Encore|p2a: My Tummy Hurts\n|-start|p2a: My Tummy Hurts|Encore\n|move|p2a: My Tummy Hurts|Calm Mind|p2a: My Tummy Hurts\n|-boost|p2a: My Tummy Hurts|spa|1\n|-boost|p2a: My Tummy Hurts|spd|1\n|\n|-weather|none\n|upkeep\n|turn|17\n|\n|t:|1701208582\n|move|p1a: Ninetales|Moonblast|p2a: My Tummy Hurts\n|-supereffective|p2a: My Tummy Hurts\n|-crit|p2a: My Tummy Hurts\n|-damage|p2a: My Tummy Hurts|0 fnt\n|faint|p2a: My Tummy Hurts\n|-end|p2a: My Tummy Hurts|Quark Drive|[silent]\n|\n|upkeep\n|\n|t:|1701208590\n|switch|p2a: Little Miracle|Jirachi, shiny|100\/100\n|turn|18\n|\n|t:|1701208597\n|switch|p1a: Zapdos|Zapdos|100\/100\n|move|p2a: Little Miracle|Iron Head|p1a: Zapdos\n|-resisted|p1a: Zapdos\n|-damage|p1a: Zapdos|93\/100\n|-status|p2a: Little Miracle|par|[from] ability: Static|[of] p1a: Zapdos\n|\n|upkeep\n|turn|19\n|\n|t:|1701208604\n|move|p1a: Zapdos|Volt Switch|p2a: Little Miracle\n|-damage|p2a: Little Miracle|78\/100 par\n|\n|t:|1701208609\n|switch|p1a: Slowking|Slowking-Galar, F|100\/100|[from] Volt Switch\n|move|p2a: Little Miracle|Confuse Ray|p1a: Slowking\n|-start|p1a: Slowking|confusion\n|\n|-heal|p2a: Little Miracle|84\/100 par|[from] item: Leftovers\n|-sideend|p1: goomyluv9000|move: Aurora Veil\n|upkeep\n|turn|20\n|\n|t:|1701208613\n|move|p2a: Little Miracle|Thunder Wave|p1a: Slowking\n|-status|p1a: Slowking|par\n|-activate|p1a: Slowking|confusion\n|-damage|p1a: Slowking|95\/100 par|[from] confusion\n|\n|-heal|p2a: Little Miracle|91\/100 par|[from] item: Leftovers\n|upkeep\n|turn|21\n|\n|t:|1701208617\n|move|p2a: Little Miracle|Cosmic Power|p2a: Little Miracle\n|-boost|p2a: Little Miracle|def|1\n|-boost|p2a: Little Miracle|spd|1\n|-activate|p1a: Slowking|confusion\n|-damage|p1a: Slowking|90\/100 par|[from] confusion\n|\n|-heal|p2a: Little Miracle|97\/100 par|[from] item: Leftovers\n|upkeep\n|turn|22\n|\n|t:|1701208620\n|move|p2a: Little Miracle|Cosmic Power|p2a: Little Miracle\n|-boost|p2a: Little Miracle|def|1\n|-boost|p2a: Little Miracle|spd|1\n|-activate|p1a: Slowking|confusion\n|-damage|p1a: Slowking|85\/100 par|[from] confusion\n|\n|-heal|p2a: Little Miracle|100\/100 par|[from] item: Leftovers\n|upkeep\n|turn|23\n|\n|t:|1701208622\n|move|p2a: Little Miracle|Cosmic Power|p2a: Little Miracle\n|-boost|p2a: Little Miracle|def|1\n|-boost|p2a: Little Miracle|spd|1\n|-end|p1a: Slowking|confusion\n|cant|p1a: Slowking|par\n|\n|upkeep\n|turn|24\n|\n|t:|1701208626\n|move|p2a: Little Miracle|Confuse Ray|p1a: Slowking\n|-start|p1a: Slowking|confusion\n|-activate|p1a: Slowking|confusion\n|move|p1a: Slowking|Chilly Reception|p1a: Slowking\n|-weather|Snow\n|\n|t:|1701208629\n|switch|p1a: Ninetales|Ninetales-Alola, F|71\/100|[from] Chilly Reception\n|\n|-weather|Snow|[upkeep]\n|upkeep\n|turn|25\n|\n|t:|1701208631\n|move|p1a: Ninetales|Encore|p2a: Little Miracle\n|-start|p2a: Little Miracle|Encore\n|move|p2a: Little Miracle|Confuse Ray|p1a: Ninetales\n|-start|p1a: Ninetales|confusion\n|\n|-weather|Snow|[upkeep]\n|upkeep\n|turn|26\n|\n|t:|1701208634\n|switch|p1a: Mamoswine|Mamoswine, F|85\/100\n|move|p2a: Little Miracle|Confuse Ray|p1a: Mamoswine\n|-start|p1a: Mamoswine|confusion\n|\n|-weather|Snow|[upkeep]\n|upkeep\n|turn|27\n|\n|t:|1701208644\n|-activate|p1a: Mamoswine|confusion\n|move|p1a: Mamoswine|Earthquake|p2a: Little Miracle\n|-supereffective|p2a: Little Miracle\n|-damage|p2a: Little Miracle|66\/100 par\n|move|p2a: Little Miracle|Confuse Ray||[still]\n|-fail|p2a: Little Miracle\n|\n|-weather|Snow|[upkeep]\n|-heal|p2a: Little Miracle|72\/100 par|[from] item: Leftovers\n|-end|p2a: Little Miracle|Encore\n|upkeep\n|turn|28\n|\n|t:|1701208647\n|-activate|p1a: Mamoswine|confusion\n|move|p1a: Mamoswine|Earthquake|p2a: Little Miracle\n|-supereffective|p2a: Little Miracle\n|-damage|p2a: Little Miracle|34\/100 par\n|cant|p2a: Little Miracle|par\n|\n|-weather|none\n|-heal|p2a: Little Miracle|41\/100 par|[from] item: Leftovers\n|upkeep\n|turn|29\n|\n|t:|1701208653\n|-end|p1a: Mamoswine|confusion\n|move|p1a: Mamoswine|Earthquake|p2a: Little Miracle\n|-supereffective|p2a: Little Miracle\n|-damage|p2a: Little Miracle|6\/100 par\n|move|p2a: Little Miracle|Cosmic Power|p2a: Little Miracle\n|-boost|p2a: Little Miracle|def|1\n|-boost|p2a: Little Miracle|spd|1\n|\n|-heal|p2a: Little Miracle|12\/100 par|[from] item: Leftovers\n|upkeep\n|turn|30\n|\n|t:|1701208659\n|move|p1a: Mamoswine|Earthquake|p2a: Little Miracle\n|-supereffective|p2a: Little Miracle\n|-damage|p2a: Little Miracle|0 fnt\n|faint|p2a: Little Miracle\n|\n|upkeep\n|\n|t:|1701208662\n|switch|p2a: Gresumo|Greninja, M|100\/100\n|turn|31\n|\n|t:|1701208666\n|switch|p1a: Slowking|Slowking-Galar, F|100\/100 par\n|move|p2a: Gresumo|Swords Dance|p2a: Gresumo\n|-start|p2a: Gresumo|typechange|Normal|[from] ability: Protean\n|-boost|p2a: Gresumo|atk|2\n|\n|upkeep\n|turn|32\n|\n|t:|1701208669\n|move|p2a: Gresumo|Substitute|p2a: Gresumo\n|-start|p2a: Gresumo|Substitute\n|-damage|p2a: Gresumo|75\/100\n|move|p1a: Slowking|Toxic||[still]\n|-fail|p1a: Slowking\n|\n|-heal|p2a: Gresumo|82\/100|[from] item: Leftovers\n|upkeep\n|turn|33\n|\n|t:|1701208671\n|move|p2a: Gresumo|Swords Dance|p2a: Gresumo\n|-boost|p2a: Gresumo|atk|2\n|move|p1a: Slowking|Sludge Bomb|p2a: Gresumo\n|-end|p2a: Gresumo|Substitute\n|\n|-heal|p2a: Gresumo|88\/100|[from] item: Leftovers\n|upkeep\n|turn|34\n|\n|t:|1701208674\n|move|p2a: Gresumo|Substitute|p2a: Gresumo\n|-start|p2a: Gresumo|Substitute\n|-damage|p2a: Gresumo|63\/100\n|move|p1a: Slowking|Sludge Bomb|p2a: Gresumo\n|-end|p2a: Gresumo|Substitute\n|\n|-heal|p2a: Gresumo|69\/100|[from] item: Leftovers\n|upkeep\n|turn|35\n|\n|t:|1701208678\n|move|p2a: Gresumo|Night Slash|p1a: Slowking\n|-supereffective|p1a: Slowking\n|-damage|p1a: Slowking|0 fnt\n|faint|p1a: Slowking\n|\n|-heal|p2a: Gresumo|75\/100|[from] item: Leftovers\n|upkeep\n|\n|t:|1701208682\n|switch|p1a: Ninetales|Ninetales-Alola, F|71\/100\n|-weather|Snow|[from] ability: Snow Warning|[of] p1a: Ninetales\n|turn|36\n|\n|t:|1701208686\n|move|p1a: Ninetales|Aurora Veil|p1a: Ninetales\n|-sidestart|p1: goomyluv9000|move: Aurora Veil\n|move|p2a: Gresumo|Substitute|p2a: Gresumo\n|-start|p2a: Gresumo|Substitute\n|-damage|p2a: Gresumo|50\/100\n|\n|-weather|Snow|[upkeep]\n|-heal|p2a: Gresumo|56\/100|[from] item: Leftovers\n|upkeep\n|turn|37\n|\n|t:|1701208689\n|move|p1a: Ninetales|Moonblast|p2a: Gresumo\n|-activate|p2a: Gresumo|move: Substitute|[damage]\n|move|p2a: Gresumo|Swords Dance|p2a: Gresumo\n|-boost|p2a: Gresumo|atk|2\n|\n|-weather|Snow|[upkeep]\n|-heal|p2a: Gresumo|62\/100|[from] item: Leftovers\n|upkeep\n|turn|38\n|\n|t:|1701208691\n|move|p1a: Ninetales|Encore|p2a: Gresumo\n|-start|p2a: Gresumo|Encore\n|move|p2a: Gresumo|Swords Dance|p2a: Gresumo\n|-boost|p2a: Gresumo|atk|0\n|\n|-weather|Snow|[upkeep]\n|-heal|p2a: Gresumo|68\/100|[from] item: Leftovers\n|upkeep\n|turn|39\n|\n|t:|1701208695\n|move|p1a: Ninetales|Moonblast|p2a: Gresumo\n|-end|p2a: Gresumo|Substitute\n|move|p2a: Gresumo|Swords Dance|p2a: Gresumo\n|-boost|p2a: Gresumo|atk|0\n|\n|-weather|Snow|[upkeep]\n|-heal|p2a: Gresumo|74\/100|[from] item: Leftovers\n|upkeep\n|turn|40\n|\n|t:|1701208697\n|move|p1a: Ninetales|Moonblast|p2a: Gresumo\n|-damage|p2a: Gresumo|50\/100\n|move|p2a: Gresumo|Swords Dance|p2a: Gresumo\n|-boost|p2a: Gresumo|atk|0\n|\n|-weather|none\n|-heal|p2a: Gresumo|57\/100|[from] item: Leftovers\n|-end|p2a: Gresumo|Encore\n|upkeep\n|turn|41\n|\n|t:|1701208702\n|move|p1a: Ninetales|Encore|p2a: Gresumo\n|-start|p2a: Gresumo|Encore\n|move|p2a: Gresumo|Swords Dance|p2a: Gresumo\n|-boost|p2a: Gresumo|atk|0\n|\n|-heal|p2a: Gresumo|63\/100|[from] item: Leftovers\n|upkeep\n|turn|42\n|\n|t:|1701208704\n|move|p1a: Ninetales|Moonblast|p2a: Gresumo\n|-damage|p2a: Gresumo|39\/100\n|move|p2a: Gresumo|Swords Dance|p2a: Gresumo\n|-boost|p2a: Gresumo|atk|0\n|\n|-heal|p2a: Gresumo|45\/100|[from] item: Leftovers\n|upkeep\n|turn|43\n|\n|t:|1701208706\n|move|p1a: Ninetales|Moonblast|p2a: Gresumo\n|-damage|p2a: Gresumo|22\/100\n|move|p2a: Gresumo|Swords Dance|p2a: Gresumo\n|-boost|p2a: Gresumo|atk|0\n|\n|-heal|p2a: Gresumo|28\/100|[from] item: Leftovers\n|-end|p2a: Gresumo|Encore\n|-sideend|p1: goomyluv9000|move: Aurora Veil\n|upkeep\n|turn|44\n|\n|t:|1701208708\n|move|p1a: Ninetales|Encore|p2a: Gresumo\n|-start|p2a: Gresumo|Encore\n|move|p2a: Gresumo|Swords Dance|p2a: Gresumo\n|-boost|p2a: Gresumo|atk|0\n|\n|-heal|p2a: Gresumo|34\/100|[from] item: Leftovers\n|upkeep\n|turn|45\n|\n|t:|1701208709\n|move|p1a: Ninetales|Moonblast|p2a: Gresumo\n|-damage|p2a: Gresumo|11\/100\n|-unboost|p2a: Gresumo|spa|1\n|move|p2a: Gresumo|Swords Dance|p2a: Gresumo\n|-boost|p2a: Gresumo|atk|0\n|\n|-heal|p2a: Gresumo|17\/100|[from] item: Leftovers\n|upkeep\n|turn|46\n|\n|t:|1701208711\n|move|p1a: Ninetales|Moonblast|p2a: Gresumo\n|-damage|p2a: Gresumo|0 fnt\n|faint|p2a: Gresumo\n|\n|upkeep\n|\n|t:|1701208712\n|switch|p2a: The 1% of Gamblers|Gholdengo|68\/100\n|turn|47\n|\n|t:|1701208717\n|switch|p1a: Zapdos|Zapdos|93\/100\n|move|p2a: The 1% of Gamblers|Thunder Wave|p1a: Zapdos\n|-immune|p1a: Zapdos\n|\n|upkeep\n|turn|48\n|-activate|p2a: The 1% of Gamblers|item: Quick Claw\n|\n|t:|1701208722\n|move|p2a: The 1% of Gamblers|Confuse Ray|p1a: Zapdos\n|-start|p1a: Zapdos|confusion\n|-activate|p1a: Zapdos|confusion\n|-damage|p1a: Zapdos|85\/100|[from] confusion\n|\n|upkeep\n|turn|49\n|\n|t:|1701208727\n|-activate|p1a: Zapdos|confusion\n|move|p1a: Zapdos|Volt Switch|p2a: The 1% of Gamblers\n|-damage|p2a: The 1% of Gamblers|31\/100\n|\n|t:|1701208732\n|switch|p1a: Mamoswine|Mamoswine, F|85\/100|[from] Volt Switch\n|move|p2a: The 1% of Gamblers|Iron Head|p1a: Mamoswine\n|-supereffective|p1a: Mamoswine\n|-damage|p1a: Mamoswine|42\/100\n|\n|upkeep\n|turn|50\n|-activate|p2a: The 1% of Gamblers|item: Quick Claw\n|\n|t:|1701208734\n|switch|p1a: Zapdos|Zapdos|85\/100\n|move|p2a: The 1% of Gamblers|Confuse Ray|p1a: Zapdos\n|-start|p1a: Zapdos|confusion\n|\n|upkeep\n|turn|51\n|\n|t:|1701208737\n|-activate|p1a: Zapdos|confusion\n|-damage|p1a: Zapdos|77\/100|[from] confusion\n|move|p2a: The 1% of Gamblers|Recover|p2a: The 1% of Gamblers\n|-heal|p2a: The 1% of Gamblers|81\/100\n|\n|upkeep\n|turn|52\n|-activate|p2a: The 1% of Gamblers|item: Quick Claw\n|\n|t:|1701208741\n|move|p2a: The 1% of Gamblers|Confuse Ray||[still]\n|-fail|p2a: The 1% of Gamblers\n|-activate|p1a: Zapdos|confusion\n|move|p1a: Zapdos|Roost|p1a: Zapdos\n|-heal|p1a: Zapdos|100\/100\n|-singleturn|p1a: Zapdos|move: Roost\n|\n|upkeep\n|turn|53\n|\n|t:|1701208745\n|-activate|p1a: Zapdos|confusion\n|-damage|p1a: Zapdos|92\/100|[from] confusion\n|move|p2a: The 1% of Gamblers|Iron Head|p1a: Zapdos\n|-resisted|p1a: Zapdos\n|-damage|p1a: Zapdos|81\/100\n|-status|p2a: The 1% of Gamblers|par|[from] ability: Static|[of] p1a: Zapdos\n|\n|upkeep\n|turn|54\n|-activate|p2a: The 1% of Gamblers|item: Quick Claw\n|\n|t:|1701208749\n|move|p2a: The 1% of Gamblers|Iron Head|p1a: Zapdos\n|-resisted|p1a: Zapdos\n|-damage|p1a: Zapdos|70\/100\n|cant|p1a: Zapdos|flinch\n|\n|upkeep\n|turn|55\n|-activate|p2a: The 1% of Gamblers|item: Quick Claw\n|\n|t:|1701208753\n|move|p2a: The 1% of Gamblers|Iron Head|p1a: Zapdos\n|-resisted|p1a: Zapdos\n|-damage|p1a: Zapdos|59\/100\n|-end|p1a: Zapdos|confusion\n|move|p1a: Zapdos|Volt Switch|p2a: The 1% of Gamblers\n|-damage|p2a: The 1% of Gamblers|45\/100 par\n|\n|t:|1701208760\n|switch|p1a: Mamoswine|Mamoswine, F|42\/100|[from] Volt Switch\n|\n|upkeep\n|turn|56\n|\n|t:|1701208762\n|move|p1a: Mamoswine|Earthquake|p2a: The 1% of Gamblers\n|-supereffective|p2a: The 1% of Gamblers\n|-damage|p2a: The 1% of Gamblers|0 fnt\n|faint|p2a: The 1% of Gamblers\n|\n|win|goomyluv9000\n|raw|goomyluv9000's rating: 1375 &rarr; <strong>1396<\/strong><br \/>(+21 for winning)\n|raw|SirSpanklez's rating: 1397 &rarr; <strong>1376<\/strong><br \/>(-21 for losing)\n|l|\u2606SirSpanklez\n","uploadtime":1701208772,"views":2,"p1id":"goomyluv9000","p2id":"sirspanklez","formatid":"gen9ou","rating":1376,"private":0,"password":""}