{"id":"gen9ou-1994078647","p1":"boom moon","p2":"yamiyami17","format":"[Gen 9] OU","log":"|j|\u2606boom moon\n|j|\u2606yamiyami17\n|t:|1700404073\n|gametype|singles\n|player|p1|boom moon|2|1300\n|player|p2|yamiyami17|170|1269\n|teamsize|p1|6\n|teamsize|p2|6\n|gen|9\n|tier|[Gen 9] OU\n|rated|\n|rule|Sleep Clause Mod: Limit one foe put to sleep\n|rule|Species Clause: Limit one of each Pok\u00e9mon\n|rule|OHKO Clause: OHKO moves are banned\n|rule|Evasion Items Clause: Evasion items are banned\n|rule|Evasion Moves Clause: Evasion moves are banned\n|rule|Endless Battle Clause: Forcing endless battles is banned\n|rule|HP Percentage Mod: HP is shown in percentages\n|clearpoke\n|poke|p1|Greninja-*, M|\n|poke|p1|Hawlucha, M|\n|poke|p1|Okidogi, M|\n|poke|p1|Dragonite, M|\n|poke|p1|Breloom, F|\n|poke|p1|Maushold-Four|\n|poke|p2|Sinistcha-Masterpiece|\n|poke|p2|Snorlax, F|\n|poke|p2|Cloyster, M|\n|poke|p2|Glimmora, F|\n|poke|p2|Ceruledge, M|\n|poke|p2|Kommo-o, F|\n|teampreview\n|inactive|Battle timer is ON: inactive players will automatically lose when time's up. (requested by boom moon)\n|\n|t:|1700404130\n|start\n|switch|p1a: Hawlucha|Hawlucha, M|100\/100\n|switch|p2a: Sinistcha|Sinistcha-Masterpiece|100\/100\n|turn|1\n|\n|t:|1700404136\n|move|p1a: Hawlucha|Sky Attack||[still]\n|-prepare|p1a: Hawlucha|Sky Attack\n|-enditem|p1a: Hawlucha|Power Herb\n|-anim|p1a: Hawlucha|Sky Attack|p2a: Sinistcha|[miss]\n|-miss|p1a: Hawlucha|p2a: Sinistcha\n|move|p2a: Sinistcha|Strength Sap|p1a: Hawlucha\n|-unboost|p1a: Hawlucha|atk|1\n|\n|upkeep\n|turn|2\n|\n|t:|1700404145\n|move|p1a: Hawlucha|Swords Dance|p1a: Hawlucha\n|-boost|p1a: Hawlucha|atk|2\n|move|p2a: Sinistcha|Matcha Gotcha|p1a: Hawlucha\n|-resisted|p1a: Hawlucha\n|-damage|p1a: Hawlucha|74\/100\n|-status|p1a: Hawlucha|brn\n|\n|-damage|p1a: Hawlucha|68\/100 brn|[from] brn\n|upkeep\n|turn|3\n|\n|t:|1700404149\n|move|p1a: Hawlucha|Fire Punch|p2a: Sinistcha\n|-supereffective|p2a: Sinistcha\n|-damage|p2a: Sinistcha|88\/100\n|move|p2a: Sinistcha|Shadow Ball|p1a: Hawlucha\n|-damage|p1a: Hawlucha|15\/100 brn\n|\n|-heal|p2a: Sinistcha|94\/100|[from] item: Leftovers\n|-damage|p1a: Hawlucha|9\/100 brn|[from] brn\n|upkeep\n|turn|4\n|\n|t:|1700404154\n|move|p1a: Hawlucha|Fire Punch|p2a: Sinistcha\n|-supereffective|p2a: Sinistcha\n|-damage|p2a: Sinistcha|81\/100\n|move|p2a: Sinistcha|Shadow Ball|p1a: Hawlucha\n|-damage|p1a: Hawlucha|0 fnt\n|faint|p1a: Hawlucha\n|\n|-heal|p2a: Sinistcha|87\/100|[from] item: Leftovers\n|upkeep\n|\n|t:|1700404158\n|switch|p1a: Okidogi|Okidogi, M|100\/100\n|turn|5\n|\n|t:|1700404165\n|move|p2a: Sinistcha|Strength Sap|p1a: Okidogi\n|-unboost|p1a: Okidogi|atk|1\n|-heal|p2a: Sinistcha|100\/100\n|move|p1a: Okidogi|Poison Fang|p2a: Sinistcha\n|-damage|p2a: Sinistcha|88\/100\n|\n|-heal|p2a: Sinistcha|94\/100|[from] item: Leftovers\n|upkeep\n|turn|6\n|\n|t:|1700404168\n|move|p2a: Sinistcha|Matcha Gotcha|p1a: Okidogi\n|-resisted|p1a: Okidogi\n|-damage|p1a: Okidogi|82\/100\n|-heal|p2a: Sinistcha|100\/100|[from] drain|[of] p1a: Okidogi\n|move|p1a: Okidogi|Poison Fang|p2a: Sinistcha\n|-damage|p2a: Sinistcha|87\/100\n|-status|p2a: Sinistcha|tox\n|\n|-heal|p2a: Sinistcha|93\/100 tox|[from] item: Leftovers\n|-damage|p2a: Sinistcha|87\/100 tox|[from] psn\n|upkeep\n|turn|7\n|\n|t:|1700404175\n|switch|p1a: Breloom|Breloom, F, shiny|100\/100\n|move|p2a: Sinistcha|Matcha Gotcha|p1a: Breloom\n|-resisted|p1a: Breloom\n|-damage|p1a: Breloom|69\/100\n|-heal|p2a: Sinistcha|99\/100 tox|[from] drain|[of] p1a: Breloom\n|\n|-heal|p2a: Sinistcha|100\/100 tox|[from] item: Leftovers\n|-damage|p2a: Sinistcha|88\/100 tox|[from] psn\n|upkeep\n|turn|8\n|\n|t:|1700404201\n|move|p1a: Breloom|Swords Dance|p1a: Breloom\n|-boost|p1a: Breloom|atk|2\n|move|p2a: Sinistcha|Shadow Ball|p1a: Breloom\n|-damage|p1a: Breloom|4\/100\n|-unboost|p1a: Breloom|spd|1\n|\n|-heal|p2a: Sinistcha|94\/100 tox|[from] item: Leftovers\n|-damage|p2a: Sinistcha|76\/100 tox|[from] psn\n|upkeep\n|turn|9\n|\n|t:|1700404207\n|move|p1a: Breloom|Bullet Seed|p2a: Sinistcha\n|-resisted|p2a: Sinistcha\n|-damage|p2a: Sinistcha|61\/100 tox\n|-resisted|p2a: Sinistcha\n|-damage|p2a: Sinistcha|44\/100 tox\n|-resisted|p2a: Sinistcha\n|-damage|p2a: Sinistcha|29\/100 tox\n|-resisted|p2a: Sinistcha\n|-damage|p2a: Sinistcha|14\/100 tox\n|-resisted|p2a: Sinistcha\n|-damage|p2a: Sinistcha|0 fnt\n|faint|p2a: Sinistcha\n|-hitcount|p2: Sinistcha|5\n|\n|upkeep\n|\n|t:|1700404215\n|switch|p2a: Ceruledge|Ceruledge, M|100\/100\n|turn|10\n|\n|t:|1700404231\n|move|p2a: Ceruledge|Bitter Blade|p1a: Breloom\n|-supereffective|p1a: Breloom\n|-damage|p1a: Breloom|0 fnt\n|faint|p1a: Breloom\n|\n|upkeep\n|\n|t:|1700404235\n|switch|p1a: Okidogi|Okidogi, M|82\/100\n|turn|11\n|\n|t:|1700404239\n|move|p2a: Ceruledge|Bitter Blade|p1a: Okidogi\n|-crit|p1a: Okidogi\n|-damage|p1a: Okidogi|5\/100\n|-enditem|p1a: Okidogi|Kee Berry|[eat]\n|-boost|p1a: Okidogi|def|1|[from] item: Kee Berry\n|move|p1a: Okidogi|Poison Fang|p2a: Ceruledge\n|-resisted|p2a: Ceruledge\n|-crit|p2a: Ceruledge\n|-damage|p2a: Ceruledge|74\/100\n|-ability|p2a: Ceruledge|Weak Armor|boost\n|-unboost|p2a: Ceruledge|def|1\n|-boost|p2a: Ceruledge|spe|2\n|\n|upkeep\n|turn|12\n|\n|t:|1700404244\n|move|p2a: Ceruledge|Bitter Blade|p1a: Okidogi\n|-damage|p1a: Okidogi|0 fnt\n|-heal|p2a: Ceruledge|76\/100|[from] drain|[of] p1a: Okidogi\n|faint|p1a: Okidogi\n|\n|upkeep\n|\n|t:|1700404246\n|switch|p1a: Greninja|Greninja, M|100\/100\n|turn|13\n|\n|t:|1700404252\n|-terastallize|p2a: Ceruledge|Fire\n|-terastallize|p1a: Greninja|Water\n|move|p1a: Greninja|Water Shuriken|p2a: Ceruledge\n|-supereffective|p2a: Ceruledge\n|-damage|p2a: Ceruledge|52\/100\n|-supereffective|p2a: Ceruledge\n|-damage|p2a: Ceruledge|28\/100\n|-supereffective|p2a: Ceruledge\n|-crit|p2a: Ceruledge\n|-damage|p2a: Ceruledge|0 fnt\n|faint|p2a: Ceruledge\n|-ability|p1a: Greninja|Battle Bond|boost\n|-boost|p1a: Greninja|atk|1\n|-boost|p1a: Greninja|spa|1\n|-boost|p1a: Greninja|spe|1\n|-activate|p1a: Greninja|ability: Battle Bond\n|-hitcount|p2: Ceruledge|3\n|\n|upkeep\n|\n|t:|1700404262\n|switch|p2a: Snorlax|Snorlax, F|100\/100\n|turn|14\n|\n|t:|1700404269\n|move|p1a: Greninja|Dark Pulse|p2a: Snorlax\n|-damage|p2a: Snorlax|63\/100\n|move|p2a: Snorlax|Body Slam|p1a: Greninja\n|-damage|p1a: Greninja|23\/100\n|-status|p1a: Greninja|par\n|\n|-heal|p2a: Snorlax|69\/100|[from] item: Leftovers\n|upkeep\n|turn|15\n|\n|t:|1700404277\n|move|p1a: Greninja|Dark Pulse|p2a: Snorlax\n|-damage|p2a: Snorlax|33\/100\n|move|p2a: Snorlax|Curse|p2a: Snorlax\n|-unboost|p2a: Snorlax|spe|1\n|-boost|p2a: Snorlax|atk|1\n|-boost|p2a: Snorlax|def|1\n|\n|-heal|p2a: Snorlax|39\/100|[from] item: Leftovers\n|upkeep\n|turn|16\n|\n|t:|1700404280\n|cant|p1a: Greninja|par\n|move|p2a: Snorlax|Body Slam|p1a: Greninja\n|-damage|p1a: Greninja|0 fnt\n|faint|p1a: Greninja\n|\n|-heal|p2a: Snorlax|45\/100|[from] item: Leftovers\n|upkeep\n|\n|t:|1700404286\n|switch|p1a: Dragonite|Dragonite, M|100\/100\n|turn|17\n|\n|t:|1700404289\n|move|p1a: Dragonite|Dragon Dance|p1a: Dragonite\n|-boost|p1a: Dragonite|atk|1\n|-boost|p1a: Dragonite|spe|1\n|move|p2a: Snorlax|Body Slam|p1a: Dragonite\n|-damage|p1a: Dragonite|39\/100\n|-status|p1a: Dragonite|par\n|\n|-heal|p2a: Snorlax|51\/100|[from] item: Leftovers\n|upkeep\n|turn|18\n|\n|t:|1700404296\n|move|p1a: Dragonite|Dragon Claw|p2a: Snorlax\n|-damage|p2a: Snorlax|10\/100\n|move|p2a: Snorlax|Body Slam|p1a: Dragonite\n|-damage|p1a: Dragonite|0 fnt\n|faint|p1a: Dragonite\n|\n|-heal|p2a: Snorlax|16\/100|[from] item: Leftovers\n|upkeep\n|\n|t:|1700404298\n|switch|p1a: Maushold|Maushold-Four|100\/100\n|turn|19\n|\n|t:|1700404302\n|move|p1a: Maushold|Tidy Up|p1a: Maushold\n|-boost|p1a: Maushold|atk|1\n|-boost|p1a: Maushold|spe|1\n|move|p2a: Snorlax|Body Slam|p1a: Maushold\n|-damage|p1a: Maushold|0 fnt\n|faint|p1a: Maushold\n|\n|win|yamiyami17\n|raw|boom moon's rating: 1300 &rarr; <strong>1273<\/strong><br \/>(-27 for losing)\n|raw|yamiyami17's rating: 1269 &rarr; <strong>1296<\/strong><br \/>(+27 for winning)\n|l|\u2606boom moon\n","uploadtime":1700404309,"views":6,"p1id":"boommoon","p2id":"yamiyami17","formatid":"gen9ou","rating":1273,"private":0,"password":""}