{"id":"gen9ou-1998028051","p1":"TheNutmeg33","p2":"ouvt botolwotol","format":"[Gen 9] OU","log":"|j|\u2606TheNutmeg33\n|j|\u2606ouvt botolwotol\n|t:|1700880848\n|gametype|singles\n|player|p1|TheNutmeg33|102|1623\n|player|p2|ouvt botolwotol|pokemonrangerf-gen4|1590\n|teamsize|p1|6\n|teamsize|p2|6\n|gen|9\n|tier|[Gen 9] OU\n|rated|\n|rule|Sleep Clause Mod: Limit one foe put to sleep\n|rule|Species Clause: Limit one of each Pok\u00e9mon\n|rule|OHKO Clause: OHKO moves are banned\n|rule|Evasion Items Clause: Evasion items are banned\n|rule|Evasion Moves Clause: Evasion moves are banned\n|rule|Endless Battle Clause: Forcing endless battles is banned\n|rule|HP Percentage Mod: HP is shown in percentages\n|clearpoke\n|poke|p1|Iron Moth|\n|poke|p1|Great Tusk|\n|poke|p1|Clodsire, F|\n|poke|p1|Ceruledge, F|\n|poke|p1|Garganacl, M|\n|poke|p1|Corviknight, M|\n|poke|p2|Rillaboom, M|\n|poke|p2|Tornadus-Therian, M|\n|poke|p2|Ogerpon-Cornerstone, F|\n|poke|p2|Glimmora, F|\n|poke|p2|Greninja-*, M|\n|poke|p2|Iron Valiant|\n|teampreview\n|j| RayosYCentellas\n|inactive|Battle timer is ON: inactive players will automatically lose when time's up. (requested by TheNutmeg33)\n|\n|t:|1700880854\n|start\n|switch|p1a: Garganacl|Garganacl, M, shiny|100\/100\n|switch|p2a: Glimmora|Glimmora, F|100\/100\n|turn|1\n|\n|t:|1700880859\n|-terastallize|p1a: Garganacl|Ghost\n|move|p2a: Glimmora|Earth Power|p1a: Garganacl\n|-damage|p1a: Garganacl|75\/100\n|move|p1a: Garganacl|Salt Cure|p2a: Glimmora\n|-damage|p2a: Glimmora|83\/100\n|-start|p2a: Glimmora|Salt Cure\n|-activate|p2a: Glimmora|ability: Toxic Debris\n|-sidestart|p1: TheNutmeg33|move: Toxic Spikes\n|\n|-heal|p1a: Garganacl|82\/100|[from] item: Leftovers\n|-damage|p2a: Glimmora|71\/100|[from] Salt Cure\n|upkeep\n|turn|2\n|\n|t:|1700880863\n|move|p2a: Glimmora|Stealth Rock|p1a: Garganacl\n|-sidestart|p1: TheNutmeg33|move: Stealth Rock\n|move|p1a: Garganacl|Stealth Rock|p2a: Glimmora\n|-sidestart|p2: ouvt botolwotol|move: Stealth Rock\n|\n|-heal|p1a: Garganacl|88\/100|[from] item: Leftovers\n|-damage|p2a: Glimmora|58\/100|[from] Salt Cure\n|upkeep\n|turn|3\n|\n|t:|1700880866\n|move|p1a: Garganacl|Protect|p1a: Garganacl\n|-singleturn|p1a: Garganacl|Protect\n|move|p2a: Glimmora|Mortal Spin|p1a: Garganacl\n|-activate|p1a: Garganacl|move: Protect\n|\n|-heal|p1a: Garganacl|94\/100|[from] item: Leftovers\n|-damage|p2a: Glimmora|46\/100|[from] Salt Cure\n|upkeep\n|turn|4\n|\n|t:|1700880871\n|move|p2a: Glimmora|Earth Power|p1a: Garganacl\n|-damage|p1a: Garganacl|67\/100\n|move|p1a: Garganacl|Stealth Rock||[still]\n|-fail|p1a: Garganacl\n|\n|-heal|p1a: Garganacl|73\/100|[from] item: Leftovers\n|-damage|p2a: Glimmora|33\/100|[from] Salt Cure\n|upkeep\n|turn|5\n|\n|t:|1700880874\n|move|p1a: Garganacl|Protect|p1a: Garganacl\n|-singleturn|p1a: Garganacl|Protect\n|move|p2a: Glimmora|Earth Power|p1a: Garganacl\n|-activate|p1a: Garganacl|move: Protect\n|\n|-heal|p1a: Garganacl|79\/100|[from] item: Leftovers\n|-damage|p2a: Glimmora|21\/100|[from] Salt Cure\n|upkeep\n|turn|6\n|\n|t:|1700880878\n|switch|p1a: Corviknight|Corviknight, M, shiny|100\/100\n|-damage|p1a: Corviknight|88\/100|[from] Stealth Rock\n|-ability|p1a: Corviknight|Pressure\n|move|p2a: Glimmora|Mortal Spin|p1a: Corviknight\n|-immune|p1a: Corviknight\n|\n|-damage|p2a: Glimmora|9\/100|[from] Salt Cure\n|upkeep\n|turn|7\n|\n|t:|1700880886\n|move|p2a: Glimmora|Energy Ball|p1a: Corviknight\n|-resisted|p1a: Corviknight\n|-damage|p1a: Corviknight|80\/100\n|move|p1a: Corviknight|U-turn|p2a: Glimmora\n|-resisted|p2a: Glimmora\n|-damage|p2a: Glimmora|0 fnt\n|-activate|p2a: Glimmora|ability: Toxic Debris\n|-sidestart|p1: TheNutmeg33|move: Toxic Spikes\n|faint|p2a: Glimmora\n|\n|t:|1700880894\n|switch|p1a: Great Tusk|Great Tusk, shiny|100\/100|[from] U-turn\n|\n|upkeep\n|\n|t:|1700880897\n|switch|p2a: Tornadus|Tornadus-Therian, M|100\/100\n|turn|8\n|\n|t:|1700880902\n|-end|p1a: Great Tusk|Protosynthesis|[silent]\n|switch|p1a: Clodsire|Clodsire, F, shiny|100\/100\n|-sideend|p1: TheNutmeg33|move: Toxic Spikes|[of] p1a: Clodsire\n|-damage|p1a: Clodsire|94\/100|[from] Stealth Rock\n|move|p2a: Tornadus|Hurricane|p1a: Clodsire\n|-damage|p1a: Clodsire|68\/100\n|\n|-heal|p1a: Clodsire|74\/100|[from] item: Black Sludge\n|upkeep\n|turn|9\n|j| LT_Alt1\n|\n|t:|1700880905\n|switch|p2a: Rillaboom|Rillaboom, M|100\/100\n|-damage|p2a: Rillaboom|88\/100|[from] Stealth Rock\n|-fieldstart|move: Grassy Terrain|[from] ability: Grassy Surge|[of] p2a: Rillaboom\n|move|p1a: Clodsire|Toxic|p2a: Rillaboom\n|-status|p2a: Rillaboom|tox\n|\n|-heal|p2a: Rillaboom|94\/100 tox|[from] Grassy Terrain\n|-heal|p1a: Clodsire|80\/100|[from] Grassy Terrain\n|-heal|p1a: Clodsire|86\/100|[from] item: Black Sludge\n|-damage|p2a: Rillaboom|88\/100 tox|[from] psn\n|upkeep\n|turn|10\n|\n|t:|1700880910\n|switch|p1a: Corviknight|Corviknight, M, shiny|80\/100\n|-damage|p1a: Corviknight|68\/100|[from] Stealth Rock\n|-ability|p1a: Corviknight|Pressure\n|move|p2a: Rillaboom|Knock Off|p1a: Corviknight\n|-damage|p1a: Corviknight|37\/100\n|-damage|p2a: Rillaboom|72\/100 tox|[from] item: Rocky Helmet|[of] p1a: Corviknight\n|-enditem|p1a: Corviknight|Rocky Helmet|[from] move: Knock Off|[of] p2a: Rillaboom\n|\n|-heal|p2a: Rillaboom|78\/100 tox|[from] Grassy Terrain\n|-damage|p2a: Rillaboom|66\/100 tox|[from] psn\n|upkeep\n|turn|11\n|\n|t:|1700880915\n|switch|p2a: Tornadus|Tornadus-Therian, M|100\/100\n|move|p1a: Corviknight|Roost|p1a: Corviknight\n|-heal|p1a: Corviknight|87\/100\n|-singleturn|p1a: Corviknight|move: Roost\n|\n|-heal|p1a: Corviknight|93\/100|[from] Grassy Terrain\n|upkeep\n|turn|12\n|\n|t:|1700880919\n|switch|p2a: Rillaboom|Rillaboom, M|66\/100 tox\n|-damage|p2a: Rillaboom|53\/100 tox|[from] Stealth Rock\n|switch|p1a: Clodsire|Clodsire, F, shiny|86\/100\n|-damage|p1a: Clodsire|80\/100|[from] Stealth Rock\n|\n|-heal|p2a: Rillaboom|59\/100 tox|[from] Grassy Terrain\n|-heal|p1a: Clodsire|86\/100|[from] Grassy Terrain\n|-heal|p1a: Clodsire|93\/100|[from] item: Black Sludge\n|-damage|p2a: Rillaboom|53\/100 tox|[from] psn\n|upkeep\n|turn|13\n|\n|t:|1700880922\n|switch|p1a: Corviknight|Corviknight, M, shiny|93\/100\n|-damage|p1a: Corviknight|81\/100|[from] Stealth Rock\n|-ability|p1a: Corviknight|Pressure\n|move|p2a: Rillaboom|U-turn|p1a: Corviknight\n|-resisted|p1a: Corviknight\n|-damage|p1a: Corviknight|75\/100\n|\n|t:|1700880924\n|switch|p2a: Ogerpon|Ogerpon-Cornerstone, F|100\/100|[from] U-turn\n|-damage|p2a: Ogerpon|88\/100|[from] Stealth Rock\n|\n|-heal|p2a: Ogerpon|94\/100|[from] Grassy Terrain\n|-fieldend|move: Grassy Terrain\n|upkeep\n|turn|14\n|\n|t:|1700880927\n|move|p2a: Ogerpon|Swords Dance|p2a: Ogerpon\n|-boost|p2a: Ogerpon|atk|2\n|move|p1a: Corviknight|Brave Bird|p2a: Ogerpon\n|-crit|p2a: Ogerpon\n|-damage|p2a: Ogerpon|16\/100\n|-damage|p1a: Corviknight|55\/100|[from] Recoil\n|\n|upkeep\n|turn|15\n|\n|t:|1700880932\n|move|p2a: Ogerpon|Ivy Cudgel|p1a: Corviknight|[anim] Ivy Cudgel Rock\n|-damage|p1a: Corviknight|0 fnt\n|faint|p1a: Corviknight\n|\n|upkeep\n|\n|t:|1700880945\n|switch|p1a: Ceruledge|Ceruledge, F, shiny|100\/100\n|-damage|p1a: Ceruledge|76\/100|[from] Stealth Rock\n|turn|16\n|\n|t:|1700880949\n|move|p1a: Ceruledge|Shadow Sneak|p2a: Ogerpon\n|-damage|p2a: Ogerpon|0 fnt\n|faint|p2a: Ogerpon\n|\n|upkeep\n|\n|t:|1700880950\n|switch|p2a: Greninja|Greninja, M|100\/100\n|-damage|p2a: Greninja|88\/100|[from] Stealth Rock\n|turn|17\n|\n|t:|1700880956\n|switch|p1a: Clodsire|Clodsire, F, shiny|93\/100\n|-damage|p1a: Clodsire|86\/100|[from] Stealth Rock\n|move|p2a: Greninja|Hydro Pump|p1a: Clodsire\n|-heal|p1a: Clodsire|100\/100|[from] ability: Water Absorb|[of] p2a: Greninja\n|\n|upkeep\n|turn|18\n|\n|t:|1700880961\n|switch|p2a: Rillaboom|Rillaboom, M|53\/100 tox\n|-damage|p2a: Rillaboom|41\/100 tox|[from] Stealth Rock\n|-fieldstart|move: Grassy Terrain|[from] ability: Grassy Surge|[of] p2a: Rillaboom\n|move|p1a: Clodsire|Toxic|p2a: Rillaboom\n|-fail|p2a: Rillaboom|tox\n|\n|-heal|p2a: Rillaboom|47\/100 tox|[from] Grassy Terrain\n|-damage|p2a: Rillaboom|41\/100 tox|[from] psn\n|upkeep\n|turn|19\n|\n|t:|1700880969\n|switch|p1a: Great Tusk|Great Tusk, shiny|100\/100\n|move|p2a: Rillaboom|Wood Hammer|p1a: Great Tusk\n|-supereffective|p1a: Great Tusk\n|-damage|p1a: Great Tusk|0 fnt\n|faint|p1a: Great Tusk\n|-end|p1a: Great Tusk|Protosynthesis|[silent]\n|-damage|p2a: Rillaboom|5\/100 tox|[from] Recoil\n|\n|-heal|p2a: Rillaboom|11\/100 tox|[from] Grassy Terrain\n|-damage|p2a: Rillaboom|0 fnt|[from] psn\n|faint|p2a: Rillaboom\n|upkeep\n|\n|t:|1700880978\n|switch|p1a: Clodsire|Clodsire, F, shiny|100\/100\n|switch|p2a: Tornadus|Tornadus-Therian, M|100\/100\n|-damage|p1a: Clodsire|94\/100|[from] Stealth Rock\n|turn|20\n|\n|t:|1700880980\n|move|p2a: Tornadus|Nasty Plot|p2a: Tornadus\n|-boost|p2a: Tornadus|spa|2\n|move|p1a: Clodsire|Toxic|p2a: Tornadus\n|-status|p2a: Tornadus|tox\n|\n|-heal|p1a: Clodsire|100\/100|[from] Grassy Terrain\n|-damage|p2a: Tornadus|95\/100 tox|[from] psn\n|upkeep\n|turn|21\n|\n|t:|1700880985\n|move|p2a: Tornadus|Nasty Plot|p2a: Tornadus\n|-boost|p2a: Tornadus|spa|2\n|move|p1a: Clodsire|Spikes|p2a: Tornadus\n|-sidestart|p2: ouvt botolwotol|Spikes\n|\n|-damage|p2a: Tornadus|83\/100 tox|[from] psn\n|upkeep\n|turn|22\n|\n|t:|1700880990\n|move|p2a: Tornadus|Hurricane|p1a: Clodsire|[miss]\n|-miss|p2a: Tornadus|p1a: Clodsire\n|move|p1a: Clodsire|Spikes|p2a: Tornadus\n|-sidestart|p2: ouvt botolwotol|Spikes\n|\n|-damage|p2a: Tornadus|65\/100 tox|[from] psn\n|-fieldend|move: Grassy Terrain\n|upkeep\n|turn|23\n|\n|t:|1700880993\n|move|p2a: Tornadus|Hurricane|p1a: Clodsire\n|-damage|p1a: Clodsire|28\/100\n|move|p1a: Clodsire|Recover|p1a: Clodsire\n|-heal|p1a: Clodsire|78\/100\n|\n|-heal|p1a: Clodsire|84\/100|[from] item: Black Sludge\n|-damage|p2a: Tornadus|41\/100 tox|[from] psn\n|upkeep\n|turn|24\n|\n|t:|1700880996\n|move|p2a: Tornadus|Hurricane|p1a: Clodsire\n|-damage|p1a: Clodsire|17\/100\n|move|p1a: Clodsire|Recover|p1a: Clodsire\n|-heal|p1a: Clodsire|67\/100\n|\n|-heal|p1a: Clodsire|73\/100|[from] item: Black Sludge\n|-damage|p2a: Tornadus|11\/100 tox|[from] psn\n|upkeep\n|turn|25\n|\n|t:|1700880998\n|move|p2a: Tornadus|Hurricane|p1a: Clodsire\n|-damage|p1a: Clodsire|6\/100\n|move|p1a: Clodsire|Recover|p1a: Clodsire\n|-heal|p1a: Clodsire|56\/100\n|\n|-heal|p1a: Clodsire|62\/100|[from] item: Black Sludge\n|-damage|p2a: Tornadus|0 fnt|[from] psn\n|faint|p2a: Tornadus\n|upkeep\n|\n|t:|1700881001\n|switch|p2a: Greninja|Greninja, M|88\/100\n|-damage|p2a: Greninja|76\/100|[from] Stealth Rock\n|-damage|p2a: Greninja|59\/100|[from] Spikes\n|turn|26\n|\n|t:|1700881006\n|move|p2a: Greninja|Ice Beam|p1a: Clodsire\n|-supereffective|p1a: Clodsire\n|-damage|p1a: Clodsire|26\/100\n|-damage|p2a: Greninja|50\/100|[from] item: Life Orb\n|move|p1a: Clodsire|Toxic|p2a: Greninja\n|-status|p2a: Greninja|tox\n|\n|-heal|p1a: Clodsire|32\/100|[from] item: Black Sludge\n|-damage|p2a: Greninja|44\/100 tox|[from] psn\n|upkeep\n|turn|27\n|\n|t:|1700881009\n|move|p2a: Greninja|Ice Beam|p1a: Clodsire\n|-supereffective|p1a: Clodsire\n|-damage|p1a: Clodsire|0 fnt\n|faint|p1a: Clodsire\n|-ability|p2a: Greninja|Battle Bond|boost\n|-boost|p2a: Greninja|atk|1\n|-boost|p2a: Greninja|spa|1\n|-boost|p2a: Greninja|spe|1\n|-activate|p2a: Greninja|ability: Battle Bond\n|-damage|p2a: Greninja|34\/100 tox|[from] item: Life Orb\n|\n|-damage|p2a: Greninja|22\/100 tox|[from] psn\n|upkeep\n|\n|t:|1700881018\n|switch|p1a: Ceruledge|Ceruledge, F, shiny|76\/100\n|-damage|p1a: Ceruledge|51\/100|[from] Stealth Rock\n|turn|28\n|\n|t:|1700881021\n|move|p1a: Ceruledge|Shadow Sneak|p2a: Greninja\n|-resisted|p2a: Greninja\n|-damage|p2a: Greninja|4\/100 tox\n|move|p2a: Greninja|Dark Pulse|p1a: Ceruledge\n|-supereffective|p1a: Ceruledge\n|-damage|p1a: Ceruledge|0 fnt\n|faint|p1a: Ceruledge\n|-damage|p2a: Greninja|0 fnt|[from] item: Life Orb\n|faint|p2a: Greninja\n|\n|upkeep\n|\n|t:|1700881027\n|switch|p2a: Iron Valiant|Iron Valiant|100\/100\n|switch|p1a: Garganacl|Garganacl, M, shiny, tera:Ghost|79\/100\n|-damage|p2a: Iron Valiant|94\/100|[from] Stealth Rock\n|-damage|p2a: Iron Valiant|78\/100|[from] Spikes\n|-damage|p1a: Garganacl|67\/100|[from] Stealth Rock\n|-enditem|p2a: Iron Valiant|Booster Energy\n|-activate|p2a: Iron Valiant|ability: Quark Drive|[fromitem]\n|-start|p2a: Iron Valiant|quarkdrivespe\n|turn|29\n|\n|t:|1700881031\n|-terastallize|p2a: Iron Valiant|Ghost\n|move|p2a: Iron Valiant|Moonblast|p1a: Garganacl\n|-crit|p1a: Garganacl\n|-damage|p1a: Garganacl|5\/100\n|move|p1a: Garganacl|Salt Cure|p2a: Iron Valiant\n|-damage|p2a: Iron Valiant|60\/100\n|-start|p2a: Iron Valiant|Salt Cure\n|\n|-heal|p1a: Garganacl|11\/100|[from] item: Leftovers\n|-damage|p2a: Iron Valiant|47\/100|[from] Salt Cure\n|upkeep\n|turn|30\n|\n|t:|1700881036\n|move|p1a: Garganacl|Protect|p1a: Garganacl\n|-singleturn|p1a: Garganacl|Protect\n|move|p2a: Iron Valiant|Moonblast|p1a: Garganacl\n|-activate|p1a: Garganacl|move: Protect\n|\n|-heal|p1a: Garganacl|17\/100|[from] item: Leftovers\n|-damage|p2a: Iron Valiant|35\/100|[from] Salt Cure\n|upkeep\n|turn|31\n|\n|t:|1700881041\n|move|p2a: Iron Valiant|Moonblast|p1a: Garganacl\n|-damage|p1a: Garganacl|0 fnt\n|faint|p1a: Garganacl\n|\n|-damage|p2a: Iron Valiant|22\/100|[from] Salt Cure\n|upkeep\n|\n|t:|1700881043\n|switch|p1a: Iron Moth|Iron Moth, shiny|100\/100\n|-damage|p1a: Iron Moth|76\/100|[from] Stealth Rock\n|-enditem|p1a: Iron Moth|Booster Energy\n|-activate|p1a: Iron Moth|ability: Quark Drive|[fromitem]\n|-start|p1a: Iron Moth|quarkdrivespe\n|turn|32\n|\n|t:|1700881050\n|move|p2a: Iron Valiant|Destiny Bond|p2a: Iron Valiant\n|-singlemove|p2a: Iron Valiant|Destiny Bond\n|move|p1a: Iron Moth|Sludge Wave|p2a: Iron Valiant\n|-resisted|p2a: Iron Valiant\n|-damage|p2a: Iron Valiant|0 fnt\n|faint|p2a: Iron Valiant\n|-activate|p2a: Iron Valiant|move: Destiny Bond\n|-end|p2a: Iron Valiant|Quark Drive|[silent]\n|faint|p1a: Iron Moth\n|-end|p1a: Iron Moth|Quark Drive|[silent]\n|\n|win|TheNutmeg33\n|raw|TheNutmeg33's rating: 1623 &rarr; <strong>1641<\/strong><br \/>(+18 for winning)\n|raw|ouvt botolwotol's rating: 1590 &rarr; <strong>1572<\/strong><br \/>(-18 for losing)\n|c|\u2606ouvt botolwotol|gg\n|l|\u2606TheNutmeg33\n","uploadtime":1700881058,"views":1,"p1id":"thenutmeg33","p2id":"ouvtbotolwotol","formatid":"gen9ou","rating":1572,"private":0,"password":""}