{"id":"gen9ou-1988859909","p1":"ouvt ian","p2":"lolgz","format":"[Gen 9] OU","log":"|j|\u2606ouvt ian\n|j|\u2606lolgz\n|t:|1699775577\n|gametype|singles\n|player|p1|ouvt ian|rosa|1270\n|player|p2|lolgz|170|1172\n|teamsize|p1|6\n|teamsize|p2|6\n|gen|9\n|tier|[Gen 9] OU\n|rated|\n|rule|Sleep Clause Mod: Limit one foe put to sleep\n|rule|Species Clause: Limit one of each Pok\u00e9mon\n|rule|OHKO Clause: OHKO moves are banned\n|rule|Evasion Items Clause: Evasion items are banned\n|rule|Evasion Moves Clause: Evasion moves are banned\n|rule|Endless Battle Clause: Forcing endless battles is banned\n|rule|HP Percentage Mod: HP is shown in percentages\n|clearpoke\n|poke|p1|Dragapult, F|\n|poke|p1|Clefable, F|\n|poke|p1|Alomomola, M|\n|poke|p1|Ting-Lu|\n|poke|p1|Heatran, F|\n|poke|p1|Garganacl, F|\n|poke|p2|Ribombee, F|\n|poke|p2|Great Tusk|\n|poke|p2|Gholdengo|\n|poke|p2|Manaphy|\n|poke|p2|Kingambit, F|\n|poke|p2|Iron Moth|\n|teampreview\n|inactive|Battle timer is ON: inactive players will automatically lose when time's up. (requested by lolgz)\n|\n|t:|1699775598\n|start\n|switch|p1a: Heatran|Heatran, F|100\/100\n|switch|p2a: Ribombee|Ribombee, F|100\/100\n|turn|1\n|inactive|lolgz has 120 seconds left.\n|c|\u2606ouvt ian|Please choose a move\n|inactive|lolgz has 90 seconds left.\n|c|\u2606ouvt ian|i can give you a hint if you need\n|inactive|lolgz has 60 seconds left.\n|\n|t:|1699775690\n|move|p2a: Ribombee|Sticky Web|p1a: Heatran\n|-sidestart|p1: ouvt ian|move: Sticky Web\n|move|p1a: Heatran|Taunt|p2a: Ribombee\n|-start|p2a: Ribombee|move: Taunt\n|\n|upkeep\n|turn|2\n|\n|t:|1699775699\n|switch|p2a: Manaphy|Manaphy|100\/100\n|move|p1a: Heatran|Magma Storm|p2a: Manaphy\n|-resisted|p2a: Manaphy\n|-crit|p2a: Manaphy\n|-damage|p2a: Manaphy|72\/100\n|-activate|p2a: Manaphy|move: Magma Storm|[of] p1a: Heatran\n|\n|-heal|p2a: Manaphy|78\/100|[from] item: Leftovers\n|-damage|p2a: Manaphy|66\/100|[from] move: Magma Storm|[partiallytrapped]\n|upkeep\n|turn|3\n|\n|t:|1699775716\n|switch|p1a: Clefable|Clefable, F|100\/100\n|move|p2a: Manaphy|Take Heart|p2a: Manaphy\n|-boost|p2a: Manaphy|spa|1\n|-boost|p2a: Manaphy|spd|1\n|\n|-heal|p2a: Manaphy|72\/100|[from] item: Leftovers\n|-end|p2a: Manaphy|Magma Storm|[partiallytrapped]|[silent]\n|upkeep\n|turn|4\n|\n|t:|1699775720\n|move|p2a: Manaphy|Take Heart|p2a: Manaphy\n|-boost|p2a: Manaphy|spa|1\n|-boost|p2a: Manaphy|spd|1\n|move|p1a: Clefable|Calm Mind|p1a: Clefable\n|-boost|p1a: Clefable|spa|1\n|-boost|p1a: Clefable|spd|1\n|\n|-heal|p2a: Manaphy|78\/100|[from] item: Leftovers\n|upkeep\n|turn|5\n|\n|t:|1699775725\n|move|p2a: Manaphy|Take Heart|p2a: Manaphy\n|-boost|p2a: Manaphy|spa|1\n|-boost|p2a: Manaphy|spd|1\n|move|p1a: Clefable|Calm Mind|p1a: Clefable\n|-boost|p1a: Clefable|spa|1\n|-boost|p1a: Clefable|spd|1\n|\n|-heal|p2a: Manaphy|85\/100|[from] item: Leftovers\n|upkeep\n|turn|6\n|\n|t:|1699775727\n|move|p2a: Manaphy|Take Heart|p2a: Manaphy\n|-boost|p2a: Manaphy|spa|1\n|-boost|p2a: Manaphy|spd|1\n|move|p1a: Clefable|Calm Mind|p1a: Clefable\n|-boost|p1a: Clefable|spa|1\n|-boost|p1a: Clefable|spd|1\n|\n|-heal|p2a: Manaphy|91\/100|[from] item: Leftovers\n|upkeep\n|turn|7\n|\n|t:|1699775729\n|move|p2a: Manaphy|Take Heart|p2a: Manaphy\n|-boost|p2a: Manaphy|spa|1\n|-boost|p2a: Manaphy|spd|1\n|move|p1a: Clefable|Moonblast|p2a: Manaphy\n|-damage|p2a: Manaphy|19\/100\n|\n|-heal|p2a: Manaphy|25\/100|[from] item: Leftovers\n|upkeep\n|turn|8\n|\n|t:|1699775733\n|move|p2a: Manaphy|Stored Power|p1a: Clefable\n|-damage|p1a: Clefable|87\/100\n|move|p1a: Clefable|Moonblast|p2a: Manaphy\n|-damage|p2a: Manaphy|0 fnt\n|faint|p2a: Manaphy\n|\n|upkeep\n|inactive|lolgz has 120 seconds left.\n|\n|t:|1699775744\n|switch|p2a: Kingambit|Kingambit, F|100\/100\n|-activate|p2a: Kingambit|ability: Supreme Overlord\n|-start|p2a: Kingambit|fallen1|[silent]\n|turn|9\n|\n|t:|1699775764\n|switch|p1a: Heatran|Heatran, F|100\/100\n|-activate|p1a: Heatran|move: Sticky Web\n|-unboost|p1a: Heatran|spe|1\n|move|p2a: Kingambit|Swords Dance|p2a: Kingambit\n|-boost|p2a: Kingambit|atk|2\n|\n|upkeep\n|turn|10\n|\n|t:|1699775770\n|move|p2a: Kingambit|Sucker Punch||[still]\n|-fail|p2a: Kingambit\n|move|p1a: Heatran|Will-O-Wisp|p2a: Kingambit\n|-status|p2a: Kingambit|brn\n|\n|-damage|p2a: Kingambit|94\/100 brn|[from] brn\n|upkeep\n|turn|11\n|\n|t:|1699775779\n|-end|p2a: Kingambit|fallen1|[silent]\n|switch|p2a: Gholdengo|Gholdengo|100\/100\n|-item|p2a: Gholdengo|Air Balloon\n|move|p1a: Heatran|Magma Storm|p2a: Gholdengo\n|-supereffective|p2a: Gholdengo\n|-damage|p2a: Gholdengo|0 fnt\n|-enditem|p2a: Gholdengo|Air Balloon\n|faint|p2a: Gholdengo\n|\n|upkeep\n|\n|t:|1699775782\n|switch|p2a: Ribombee|Ribombee, F|100\/100\n|turn|12\n|\n|t:|1699775794\n|switch|p1a: Garganacl|Garganacl, F|100\/100\n|-activate|p1a: Garganacl|move: Sticky Web\n|-unboost|p1a: Garganacl|spe|1\n|move|p2a: Ribombee|Sunny Day|p2a: Ribombee\n|-weather|SunnyDay\n|\n|-weather|SunnyDay|[upkeep]\n|upkeep\n|turn|13\n|\n|t:|1699775802\n|switch|p2a: Great Tusk|Great Tusk|100\/100\n|-activate|p2a: Great Tusk|ability: Protosynthesis\n|-start|p2a: Great Tusk|protosynthesisatk\n|move|p1a: Garganacl|Salt Cure|p2a: Great Tusk\n|-resisted|p2a: Great Tusk\n|-damage|p2a: Great Tusk|98\/100\n|-start|p2a: Great Tusk|Salt Cure\n|\n|-weather|SunnyDay|[upkeep]\n|-heal|p2a: Great Tusk|100\/100|[from] item: Leftovers\n|-damage|p2a: Great Tusk|88\/100|[from] Salt Cure\n|upkeep\n|turn|14\n|\n|t:|1699775812\n|switch|p1a: Ting-Lu|Ting-Lu|100\/100\n|-activate|p1a: Ting-Lu|move: Sticky Web\n|-unboost|p1a: Ting-Lu|spe|1\n|-ability|p1a: Ting-Lu|Vessel of Ruin\n|move|p2a: Great Tusk|Bulk Up|p2a: Great Tusk\n|-boost|p2a: Great Tusk|atk|1\n|-boost|p2a: Great Tusk|def|1\n|\n|-weather|SunnyDay|[upkeep]\n|-heal|p2a: Great Tusk|94\/100|[from] item: Leftovers\n|-damage|p2a: Great Tusk|82\/100|[from] Salt Cure\n|upkeep\n|turn|15\n|\n|t:|1699775823\n|move|p2a: Great Tusk|Ice Spinner|p1a: Ting-Lu\n|-supereffective|p1a: Ting-Lu\n|-damage|p1a: Ting-Lu|54\/100\n|-enditem|p1a: Ting-Lu|Red Card|[of] p2a: Great Tusk\n|-end|p2a: Great Tusk|Protosynthesis|[silent]\n|drag|p2a: Iron Moth|Iron Moth|100\/100\n|-enditem|p2a: Iron Moth|Booster Energy\n|-activate|p2a: Iron Moth|ability: Quark Drive|[fromitem]\n|-start|p2a: Iron Moth|quarkdrivespe\n|move|p1a: Ting-Lu|Whirlwind|p2a: Iron Moth\n|-end|p2a: Iron Moth|Quark Drive|[silent]\n|drag|p2a: Kingambit|Kingambit, F|94\/100 brn\n|-activate|p2a: Kingambit|ability: Supreme Overlord\n|-start|p2a: Kingambit|fallen2|[silent]\n|\n|-weather|SunnyDay|[upkeep]\n|-heal|p2a: Kingambit|100\/100 brn|[from] item: Leftovers\n|-damage|p2a: Kingambit|94\/100 brn|[from] brn\n|upkeep\n|turn|16\n|\n|t:|1699775827\n|move|p2a: Kingambit|Swords Dance|p2a: Kingambit\n|-boost|p2a: Kingambit|atk|2\n|move|p1a: Ting-Lu|Ruination|p2a: Kingambit\n|-damage|p2a: Kingambit|47\/100 brn\n|\n|-weather|none\n|-heal|p2a: Kingambit|54\/100 brn|[from] item: Leftovers\n|-damage|p2a: Kingambit|47\/100 brn|[from] brn\n|upkeep\n|turn|17\n|\n|t:|1699775833\n|switch|p1a: Clefable|Clefable, F|87\/100\n|move|p2a: Kingambit|Kowtow Cleave|p1a: Clefable\n|-resisted|p1a: Clefable\n|-damage|p1a: Clefable|72\/100\n|\n|-heal|p2a: Kingambit|54\/100 brn|[from] item: Leftovers\n|-damage|p2a: Kingambit|47\/100 brn|[from] brn\n|upkeep\n|turn|18\n|\n|t:|1699775838\n|move|p2a: Kingambit|Iron Head|p1a: Clefable\n|-supereffective|p1a: Clefable\n|-damage|p1a: Clefable|7\/100\n|move|p1a: Clefable|Moonblast|p2a: Kingambit\n|-damage|p2a: Kingambit|12\/100 brn\n|\n|-heal|p2a: Kingambit|18\/100 brn|[from] item: Leftovers\n|-damage|p2a: Kingambit|12\/100 brn|[from] brn\n|upkeep\n|turn|19\n|\n|t:|1699775844\n|switch|p1a: Alomomola|Alomomola, M|100\/100\n|move|p2a: Kingambit|Iron Head|p1a: Alomomola\n|-resisted|p1a: Alomomola\n|-damage|p1a: Alomomola|85\/100\n|\n|-heal|p2a: Kingambit|18\/100 brn|[from] item: Leftovers\n|-damage|p2a: Kingambit|12\/100 brn|[from] brn\n|upkeep\n|turn|20\n|\n|t:|1699775847\n|move|p2a: Kingambit|Kowtow Cleave|p1a: Alomomola\n|-damage|p1a: Alomomola|51\/100\n|move|p1a: Alomomola|Wish|p1a: Alomomola\n|\n|-heal|p2a: Kingambit|18\/100 brn|[from] item: Leftovers\n|-damage|p2a: Kingambit|12\/100 brn|[from] brn\n|upkeep\n|turn|21\n|\n|t:|1699775857\n|move|p1a: Alomomola|Protect|p1a: Alomomola\n|-singleturn|p1a: Alomomola|Protect\n|move|p2a: Kingambit|Kowtow Cleave|p1a: Alomomola\n|-activate|p1a: Alomomola|move: Protect\n|\n|-heal|p1a: Alomomola|100\/100|[from] move: Wish|[wisher] Alomomola\n|-heal|p2a: Kingambit|18\/100 brn|[from] item: Leftovers\n|-damage|p2a: Kingambit|12\/100 brn|[from] brn\n|upkeep\n|turn|22\n|\n|t:|1699775861\n|move|p2a: Kingambit|Kowtow Cleave|p1a: Alomomola\n|-damage|p1a: Alomomola|67\/100\n|move|p1a: Alomomola|Wish|p1a: Alomomola\n|\n|-heal|p2a: Kingambit|18\/100 brn|[from] item: Leftovers\n|-damage|p2a: Kingambit|12\/100 brn|[from] brn\n|upkeep\n|turn|23\n|\n|t:|1699775869\n|switch|p1a: Ting-Lu|Ting-Lu|54\/100\n|-activate|p1a: Ting-Lu|move: Sticky Web\n|-unboost|p1a: Ting-Lu|spe|1\n|-ability|p1a: Ting-Lu|Vessel of Ruin\n|move|p2a: Kingambit|Swords Dance|p2a: Kingambit\n|-boost|p2a: Kingambit|atk|2\n|\n|-heal|p1a: Ting-Lu|100\/100|[from] move: Wish|[wisher] Alomomola\n|-heal|p2a: Kingambit|18\/100 brn|[from] item: Leftovers\n|-damage|p2a: Kingambit|12\/100 brn|[from] brn\n|upkeep\n|turn|24\n|\n|t:|1699775874\n|move|p2a: Kingambit|Iron Head|p1a: Ting-Lu\n|-damage|p1a: Ting-Lu|66\/100\n|move|p1a: Ting-Lu|Whirlwind|p2a: Kingambit\n|-end|p2a: Kingambit|fallen2|[silent]\n|drag|p2a: Ribombee|Ribombee, F|100\/100\n|\n|upkeep\n|turn|25\n|\n|t:|1699775881\n|switch|p1a: Garganacl|Garganacl, F|100\/100\n|-activate|p1a: Garganacl|move: Sticky Web\n|-unboost|p1a: Garganacl|spe|1\n|move|p2a: Ribombee|Moonblast|p1a: Garganacl\n|-damage|p1a: Garganacl|61\/100\n|\n|-heal|p1a: Garganacl|67\/100|[from] item: Leftovers\n|upkeep\n|turn|26\n|\n|t:|1699775884\n|move|p2a: Ribombee|Sunny Day|p2a: Ribombee\n|-weather|SunnyDay\n|move|p1a: Garganacl|Salt Cure|p2a: Ribombee\n|-supereffective|p2a: Ribombee\n|-damage|p2a: Ribombee|41\/100\n|\n|-weather|SunnyDay|[upkeep]\n|-heal|p1a: Garganacl|74\/100|[from] item: Leftovers\n|upkeep\n|turn|27\n|\n|t:|1699775893\n|switch|p2a: Great Tusk|Great Tusk|82\/100\n|-activate|p2a: Great Tusk|ability: Protosynthesis\n|-start|p2a: Great Tusk|protosynthesisatk\n|move|p1a: Garganacl|Salt Cure|p2a: Great Tusk\n|-resisted|p2a: Great Tusk\n|-damage|p2a: Great Tusk|79\/100\n|-start|p2a: Great Tusk|Salt Cure\n|\n|-weather|SunnyDay|[upkeep]\n|-heal|p2a: Great Tusk|86\/100|[from] item: Leftovers\n|-heal|p1a: Garganacl|80\/100|[from] item: Leftovers\n|-damage|p2a: Great Tusk|73\/100|[from] Salt Cure\n|upkeep\n|turn|28\n|\n|t:|1699775897\n|switch|p1a: Alomomola|Alomomola, M|100\/100\n|move|p2a: Great Tusk|Bulk Up|p2a: Great Tusk\n|-boost|p2a: Great Tusk|atk|1\n|-boost|p2a: Great Tusk|def|1\n|\n|-weather|SunnyDay|[upkeep]\n|-heal|p2a: Great Tusk|79\/100|[from] item: Leftovers\n|-damage|p2a: Great Tusk|67\/100|[from] Salt Cure\n|upkeep\n|turn|29\n|\n|t:|1699775908\n|move|p2a: Great Tusk|Earthquake|p1a: Alomomola\n|-damage|p1a: Alomomola|47\/100\n|move|p1a: Alomomola|Scald|p2a: Great Tusk\n|-supereffective|p2a: Great Tusk\n|-damage|p2a: Great Tusk|47\/100\n|-status|p2a: Great Tusk|brn\n|\n|-weather|SunnyDay|[upkeep]\n|-heal|p2a: Great Tusk|53\/100 brn|[from] item: Leftovers\n|-damage|p2a: Great Tusk|47\/100 brn|[from] brn\n|-damage|p2a: Great Tusk|35\/100 brn|[from] Salt Cure\n|upkeep\n|turn|30\n|-message|lolgz forfeited.\n|\n|win|ouvt ian\n|raw|ouvt ian's rating: 1270 &rarr; <strong>1288<\/strong><br \/>(+18 for winning)\n|raw|lolgz's rating: 1172 &rarr; <strong>1154<\/strong><br \/>(-18 for losing)\n","uploadtime":1699775923,"views":19,"p1id":"ouvtian","p2id":"lolgz","formatid":"gen9ou","rating":1154,"private":0,"password":""}