{"id":"gen9ou-2000509313","p1":"0rTheSpecial0ne\u26a0\ufe0f+","p2":"SmeargleOnAcid","format":"[Gen 9] OU","log":"|j|\u26060rTheSpecial0ne\u26a0\ufe0f+\n|j|\u2606SmeargleOnAcid\n|inactive|Battle timer is ON: inactive players will automatically lose when time's up.\n|t:|1701200783\n|gametype|singles\n|player|p1|0rTheSpecial0ne\u26a0\ufe0f+|teammates|\n|player|p2|SmeargleOnAcid|alder|\n|teamsize|p1|6\n|teamsize|p2|6\n|gen|9\n|tier|[Gen 9] OU\n|rated|Tournament battle\n|rule|Sleep Clause Mod: Limit one foe put to sleep\n|rule|Species Clause: Limit one of each Pok\u00e9mon\n|rule|OHKO Clause: OHKO moves are banned\n|rule|Evasion Items Clause: Evasion items are banned\n|rule|Evasion Moves Clause: Evasion moves are banned\n|rule|Endless Battle Clause: Forcing endless battles is banned\n|rule|HP Percentage Mod: HP is shown in percentages\n|clearpoke\n|poke|p1|Great Tusk|\n|poke|p1|Cresselia, F|\n|poke|p1|Hatterene, F|\n|poke|p1|Zamazenta-*|\n|poke|p1|Ting-Lu|\n|poke|p1|Zapdos|\n|poke|p2|Cinderace, F|\n|poke|p2|Rillaboom, F|\n|poke|p2|Great Tusk|\n|poke|p2|Dragonite, F|\n|poke|p2|Rotom-Wash|\n|poke|p2|Thundurus, M|\n|teampreview\n|inactive|0rTheSpecial0ne\u26a0\ufe0f+ also wants the timer to be on.\n|inactive|SmeargleOnAcid has 120 seconds left.\n|\n|t:|1701200814\n|start\n|switch|p1a: Ting-Lu|Ting-Lu|100\/100\n|switch|p2a: Rotom|Rotom-Wash|100\/100\n|-ability|p1a: Ting-Lu|Vessel of Ruin\n|turn|1\n|\n|t:|1701200827\n|move|p2a: Rotom|Hydro Pump|p1a: Ting-Lu\n|-supereffective|p1a: Ting-Lu\n|-damage|p1a: Ting-Lu|55\/100\n|move|p1a: Ting-Lu|Stealth Rock|p2a: Rotom\n|-sidestart|p2: SmeargleOnAcid|move: Stealth Rock\n|\n|-heal|p1a: Ting-Lu|61\/100|[from] item: Leftovers\n|upkeep\n|turn|2\n|\n|t:|1701200836\n|move|p2a: Rotom|Hydro Pump|p1a: Ting-Lu\n|-supereffective|p1a: Ting-Lu\n|-damage|p1a: Ting-Lu|11\/100\n|move|p1a: Ting-Lu|Rock Slide|p2a: Rotom\n|-crit|p2a: Rotom\n|-damage|p2a: Rotom|71\/100\n|\n|-heal|p1a: Ting-Lu|17\/100|[from] item: Leftovers\n|upkeep\n|turn|3\n|\n|t:|1701200850\n|move|p2a: Rotom|Hydro Pump|p1a: Ting-Lu\n|-supereffective|p1a: Ting-Lu\n|-damage|p1a: Ting-Lu|0 fnt\n|faint|p1a: Ting-Lu\n|\n|upkeep\n|\n|t:|1701200857\n|switch|p1a: Cresselia|Cresselia, F, shiny|100\/100\n|turn|4\n|\n|t:|1701200864\n|-terastallize|p1a: Cresselia|Poison\n|move|p2a: Rotom|Volt Switch|p1a: Cresselia\n|-damage|p1a: Cresselia|85\/100\n|c|\u26060rTheSpecial0ne\u26a0\ufe0f+|no es specs\n|c|\u26060rTheSpecial0ne\u26a0\ufe0f+|enorme dato\n|inactive|SmeargleOnAcid has 120 seconds left.\n|\n|t:|1701200897\n|switch|p2a: Rillaboom|Rillaboom, F|100\/100|[from] Volt Switch\n|-damage|p2a: Rillaboom|88\/100|[from] Stealth Rock\n|-fieldstart|move: Grassy Terrain|[from] ability: Grassy Surge|[of] p2a: Rillaboom\n|move|p1a: Cresselia|Calm Mind|p1a: Cresselia\n|-boost|p1a: Cresselia|spa|1\n|-boost|p1a: Cresselia|spd|1\n|\n|-heal|p2a: Rillaboom|94\/100|[from] Grassy Terrain\n|-heal|p1a: Cresselia|91\/100|[from] item: Leftovers\n|upkeep\n|turn|5\n|c|\u26060rTheSpecial0ne\u26a0\ufe0f+|a mi cresselia le asustan los temblores\n|\n|t:|1701200903\n|-terastallize|p2a: Rillaboom|Grass\n|move|p2a: Rillaboom|Wood Hammer|p1a: Cresselia\n|-resisted|p1a: Cresselia\n|-damage|p1a: Cresselia|52\/100\n|-damage|p2a: Rillaboom|78\/100|[from] Recoil\n|-damage|p2a: Rillaboom|68\/100|[from] item: Life Orb\n|move|p1a: Cresselia|Calm Mind|p1a: Cresselia\n|-boost|p1a: Cresselia|spa|1\n|-boost|p1a: Cresselia|spd|1\n|\n|-heal|p2a: Rillaboom|74\/100|[from] Grassy Terrain\n|-heal|p1a: Cresselia|58\/100|[from] item: Leftovers\n|upkeep\n|turn|6\n|\n|t:|1701200911\n|move|p2a: Rillaboom|Drain Punch|p1a: Cresselia\n|-resisted|p1a: Cresselia\n|-damage|p1a: Cresselia|49\/100\n|-heal|p2a: Rillaboom|80\/100|[from] drain|[of] p1a: Cresselia\n|-damage|p2a: Rillaboom|70\/100|[from] item: Life Orb\n|move|p1a: Cresselia|Moonlight|p1a: Cresselia\n|-heal|p1a: Cresselia|99\/100\n|\n|-heal|p2a: Rillaboom|76\/100|[from] Grassy Terrain\n|-heal|p1a: Cresselia|100\/100|[from] item: Leftovers\n|upkeep\n|turn|7\n|\n|t:|1701200917\n|move|p2a: Rillaboom|Swords Dance|p2a: Rillaboom\n|-boost|p2a: Rillaboom|atk|2\n|move|p1a: Cresselia|Stored Power|p2a: Rillaboom\n|-damage|p2a: Rillaboom|2\/100\n|\n|-heal|p2a: Rillaboom|8\/100|[from] Grassy Terrain\n|upkeep\n|turn|8\n|\n|t:|1701200927\n|switch|p1a: Zapdos|Zapdos, shiny|100\/100\n|-ability|p1a: Zapdos|Pressure\n|move|p2a: Rillaboom|Wood Hammer|p1a: Zapdos\n|-resisted|p1a: Zapdos\n|-damage|p1a: Zapdos|0 fnt\n|faint|p1a: Zapdos\n|-damage|p2a: Rillaboom|0 fnt|[from] Recoil\n|faint|p2a: Rillaboom\n|\n|-fieldend|move: Grassy Terrain\n|upkeep\n|\n|t:|1701200942\n|switch|p2a: Rotom|Rotom-Wash|71\/100\n|switch|p1a: Hatterene|Hatterene, F, shiny|100\/100\n|-damage|p2a: Rotom|58\/100|[from] Stealth Rock\n|turn|9\n|\n|t:|1701200951\n|move|p2a: Rotom|Volt Switch|p1a: Hatterene\n|-damage|p1a: Hatterene|83\/100\n|\n|t:|1701200962\n|switch|p2a: Cinderace|Cinderace, F|100\/100|[from] Volt Switch\n|move|p1a: Hatterene|Giga Drain|p2a: Cinderace\n|-resisted|p2a: Cinderace\n|-damage|p2a: Cinderace|77\/100\n|-heal|p1a: Hatterene|94\/100|[from] drain|[of] p2a: Cinderace\n|\n|upkeep\n|turn|10\n|\n|t:|1701200968\n|move|p2a: Cinderace|Pyro Ball|p1a: Hatterene\n|-damage|p1a: Hatterene|27\/100\n|move|p1a: Hatterene|Nuzzle|p2a: Cinderace\n|-damage|p2a: Cinderace|71\/100\n|-status|p2a: Cinderace|par\n|\n|upkeep\n|turn|11\n|\n|t:|1701200972\n|move|p2a: Cinderace|Court Change|p2a: Cinderace\n|-start|p2a: Cinderace|typechange|Normal|[from] ability: Libero\n|-swapsideconditions\n|-activate|p2a: Cinderace|move: Court Change\n|move|p1a: Hatterene|Psyshock|p2a: Cinderace\n|-crit|p2a: Cinderace\n|-damage|p2a: Cinderace|0 fnt\n|faint|p2a: Cinderace\n|\n|upkeep\n|\n|t:|1701200980\n|switch|p2a: Dragonite|Dragonite, F|100\/100\n|turn|12\n|\n|t:|1701200987\n|move|p2a: Dragonite|Extreme Speed|p1a: Hatterene\n|-damage|p1a: Hatterene|0 fnt\n|faint|p1a: Hatterene\n|\n|upkeep\n|\n|t:|1701200993\n|switch|p1a: Zamazenta|Zamazenta, shiny|100\/100\n|-damage|p1a: Zamazenta|94\/100|[from] Stealth Rock\n|-ability|p1a: Zamazenta|Dauntless Shield|boost\n|-boost|p1a: Zamazenta|def|1\n|turn|13\n|j| mixtoplu\n|l| mixtoplu\n|inactive|SmeargleOnAcid has 120 seconds left.\n|\n|t:|1701201024\n|switch|p2a: Rotom|Rotom-Wash|58\/100\n|move|p1a: Zamazenta|Iron Defense|p1a: Zamazenta\n|-boost|p1a: Zamazenta|def|2\n|\n|-heal|p1a: Zamazenta|100\/100|[from] item: Leftovers\n|upkeep\n|turn|14\n|\n|t:|1701201034\n|move|p1a: Zamazenta|Body Press|p2a: Rotom\n|-damage|p2a: Rotom|0 fnt\n|faint|p2a: Rotom\n|\n|upkeep\n|\n|t:|1701201043\n|switch|p2a: Thundurus|Thundurus, M|100\/100\n|turn|15\n|\n|t:|1701201051\n|move|p2a: Thundurus|Substitute|p2a: Thundurus\n|-start|p2a: Thundurus|Substitute\n|-damage|p2a: Thundurus|76\/100\n|move|p1a: Zamazenta|Crunch|p2a: Thundurus\n|-end|p2a: Thundurus|Substitute\n|\n|upkeep\n|turn|16\n|\n|t:|1701201056\n|move|p2a: Thundurus|Substitute|p2a: Thundurus\n|-start|p2a: Thundurus|Substitute\n|-damage|p2a: Thundurus|51\/100\n|move|p1a: Zamazenta|Body Press|p2a: Thundurus\n|-resisted|p2a: Thundurus\n|-end|p2a: Thundurus|Substitute\n|\n|upkeep\n|turn|17\n|\n|t:|1701201058\n|move|p2a: Thundurus|Substitute|p2a: Thundurus\n|-start|p2a: Thundurus|Substitute\n|-damage|p2a: Thundurus|26\/100\n|move|p1a: Zamazenta|Body Press|p2a: Thundurus\n|-resisted|p2a: Thundurus\n|-end|p2a: Thundurus|Substitute\n|\n|upkeep\n|turn|18\n|\n|t:|1701201063\n|move|p2a: Thundurus|Substitute|p2a: Thundurus\n|-start|p2a: Thundurus|Substitute\n|-damage|p2a: Thundurus|2\/100\n|-enditem|p2a: Thundurus|Petaya Berry|[eat]\n|-boost|p2a: Thundurus|spa|1|[from] item: Petaya Berry\n|move|p1a: Zamazenta|Body Press|p2a: Thundurus\n|-resisted|p2a: Thundurus\n|-end|p2a: Thundurus|Substitute\n|\n|upkeep\n|turn|19\n|\n|t:|1701201070\n|move|p2a: Thundurus|Discharge|p1a: Zamazenta\n|-damage|p1a: Zamazenta|63\/100\n|move|p1a: Zamazenta|Body Press|p2a: Thundurus\n|-resisted|p2a: Thundurus\n|-damage|p2a: Thundurus|0 fnt\n|faint|p2a: Thundurus\n|\n|-heal|p1a: Zamazenta|70\/100|[from] item: Leftovers\n|upkeep\n|c|\u26060rTheSpecial0ne\u26a0\ufe0f+|gg\n|j|+Diegogris\n|\n|t:|1701201081\n|switch|p2a: Dragonite|Dragonite, F|100\/100\n|turn|20\n|\n|t:|1701201087\n|move|p1a: Zamazenta|Iron Head|p2a: Dragonite\n|-damage|p2a: Dragonite|89\/100\n|move|p2a: Dragonite|Dragon Dance|p2a: Dragonite\n|-boost|p2a: Dragonite|atk|1\n|-boost|p2a: Dragonite|spe|1\n|\n|-heal|p1a: Zamazenta|76\/100|[from] item: Leftovers\n|upkeep\n|turn|21\n|\n|t:|1701201092\n|move|p2a: Dragonite|Roost|p2a: Dragonite\n|-heal|p2a: Dragonite|100\/100\n|-singleturn|p2a: Dragonite|move: Roost\n|move|p1a: Zamazenta|Body Press|p2a: Dragonite\n|-damage|p2a: Dragonite|58\/100\n|\n|-heal|p1a: Zamazenta|82\/100|[from] item: Leftovers\n|upkeep\n|turn|22\n|\n|t:|1701201100\n|move|p2a: Dragonite|Roost|p2a: Dragonite\n|-heal|p2a: Dragonite|100\/100\n|-singleturn|p2a: Dragonite|move: Roost\n|move|p1a: Zamazenta|Body Press|p2a: Dragonite\n|-damage|p2a: Dragonite|60\/100\n|\n|-heal|p1a: Zamazenta|88\/100|[from] item: Leftovers\n|upkeep\n|turn|23\n|\n|t:|1701201103\n|move|p2a: Dragonite|Dragon Dance|p2a: Dragonite\n|-boost|p2a: Dragonite|atk|1\n|-boost|p2a: Dragonite|spe|1\n|move|p1a: Zamazenta|Body Press|p2a: Dragonite\n|-resisted|p2a: Dragonite\n|-damage|p2a: Dragonite|15\/100\n|\n|-heal|p1a: Zamazenta|94\/100|[from] item: Leftovers\n|upkeep\n|turn|24\n|\n|t:|1701201106\n|move|p2a: Dragonite|Roost|p2a: Dragonite\n|-heal|p2a: Dragonite|65\/100\n|-singleturn|p2a: Dragonite|move: Roost\n|move|p1a: Zamazenta|Body Press|p2a: Dragonite\n|-damage|p2a: Dragonite|0 fnt\n|faint|p2a: Dragonite\n|\n|-heal|p1a: Zamazenta|100\/100|[from] item: Leftovers\n|upkeep\n|\n|t:|1701201114\n|switch|p2a: Mega-Donphan\u272a|Great Tusk|100\/100\n|-enditem|p2a: Mega-Donphan\u272a|Booster Energy\n|-activate|p2a: Mega-Donphan\u272a|ability: Protosynthesis|[fromitem]\n|-start|p2a: Mega-Donphan\u272a|protosynthesisatk\n|turn|25\n|\n|t:|1701201120\n|move|p1a: Zamazenta|Body Press|p2a: Mega-Donphan\u272a\n|-damage|p2a: Mega-Donphan\u272a|40\/100\n|move|p2a: Mega-Donphan\u272a|Bulk Up|p2a: Mega-Donphan\u272a\n|-boost|p2a: Mega-Donphan\u272a|atk|1\n|-boost|p2a: Mega-Donphan\u272a|def|1\n|\n|upkeep\n|turn|26\n|j| elmoreno20\n|\n|t:|1701201126\n|move|p1a: Zamazenta|Body Press|p2a: Mega-Donphan\u272a\n|-damage|p2a: Mega-Donphan\u272a|1\/100\n|move|p2a: Mega-Donphan\u272a|Close Combat|p1a: Zamazenta\n|-damage|p1a: Zamazenta|56\/100\n|-unboost|p2a: Mega-Donphan\u272a|def|1\n|-unboost|p2a: Mega-Donphan\u272a|spd|1\n|\n|-heal|p1a: Zamazenta|62\/100|[from] item: Leftovers\n|upkeep\n|turn|27\n|\n|t:|1701201131\n|move|p1a: Zamazenta|Body Press|p2a: Mega-Donphan\u272a\n|-damage|p2a: Mega-Donphan\u272a|0 fnt\n|faint|p2a: Mega-Donphan\u272a\n|-end|p2a: Mega-Donphan\u272a|Protosynthesis|[silent]\n|\n|win|0rTheSpecial0ne\u26a0\ufe0f+\n|n|\u26060rTheSpecial0ne\u26a0\ufe0f+|0rthespecial0ne\n|n|\u2606SmeargleOnAcid|smeargleonacid\n|n| Diegogris|diegogris\n|n| elmoreno20|elmoreno20\n|c|\u2606SmeargleOnAcid|gg\n|l| elmoreno20\n","uploadtime":1701201136,"views":0,"p1id":"0rthespecial0ne","p2id":"smeargleonacid","formatid":"gen9ou","rating":0,"private":0,"password":""}