{"id":"gen9ou-1988702259","p1":"onlyironuser","p2":"THEESEFF","format":"[Gen 9] OU","log":"|j|\u2606onlyironuser\n|j|\u2606THEESEFF\n|t:|1699752516\n|gametype|singles\n|player|p1|onlyironuser|wattson|1241\n|player|p2|THEESEFF|pokemonbreeder-gen4|1243\n|teamsize|p1|6\n|teamsize|p2|6\n|gen|9\n|tier|[Gen 9] OU\n|rated|\n|rule|Sleep Clause Mod: Limit one foe put to sleep\n|rule|Species Clause: Limit one of each Pok\u00e9mon\n|rule|OHKO Clause: OHKO moves are banned\n|rule|Evasion Items Clause: Evasion items are banned\n|rule|Evasion Moves Clause: Evasion moves are banned\n|rule|Endless Battle Clause: Forcing endless battles is banned\n|rule|HP Percentage Mod: HP is shown in percentages\n|clearpoke\n|poke|p1|Iron Thorns|\n|poke|p1|Iron Valiant|\n|poke|p1|Iron Moth|\n|poke|p1|Iron Jugulis|\n|poke|p1|Iron Leaves|\n|poke|p1|Iron Treads|\n|poke|p2|Ribombee, F|\n|poke|p2|Ogerpon-Wellspring, F|\n|poke|p2|Tinkaton, F|\n|poke|p2|Iron Moth|\n|poke|p2|Great Tusk|\n|poke|p2|Dragapult, M|\n|teampreview\n|inactive|Battle timer is ON: inactive players will automatically lose when time's up. (requested by onlyironuser)\n|\n|t:|1699752526\n|start\n|switch|p1a: Iron Leaves|Iron Leaves|100\/100\n|switch|p2a: Ribombee|Ribombee, F|100\/100\n|-enditem|p1a: Iron Leaves|Booster Energy\n|-activate|p1a: Iron Leaves|ability: Quark Drive|[fromitem]\n|-start|p1a: Iron Leaves|quarkdrivespe\n|turn|1\n|\n|t:|1699752536\n|move|p1a: Iron Leaves|Leaf Blade|p2a: Ribombee\n|-resisted|p2a: Ribombee\n|-crit|p2a: Ribombee\n|-damage|p2a: Ribombee|34\/100\n|move|p2a: Ribombee|Sticky Web|p1a: Iron Leaves\n|-sidestart|p1: onlyironuser|move: Sticky Web\n|\n|upkeep\n|turn|2\n|\n|t:|1699752554\n|switch|p2a: Dragapult|Dragapult, M|100\/100\n|move|p1a: Iron Leaves|Psyblade|p2a: Dragapult\n|-damage|p2a: Dragapult|45\/100\n|\n|upkeep\n|turn|3\n|\n|t:|1699752566\n|move|p1a: Iron Leaves|Psyblade|p2a: Dragapult\n|-damage|p2a: Dragapult|0 fnt\n|faint|p2a: Dragapult\n|\n|upkeep\n|\n|t:|1699752571\n|switch|p2a: Iron Moth|Iron Moth|100\/100\n|-enditem|p2a: Iron Moth|Booster Energy\n|-activate|p2a: Iron Moth|ability: Quark Drive|[fromitem]\n|-start|p2a: Iron Moth|quarkdrivespe\n|turn|4\n|\n|t:|1699752579\n|-terastallize|p2a: Iron Moth|Fairy\n|-terastallize|p1a: Iron Leaves|Electric\n|move|p2a: Iron Moth|Fiery Dance|p1a: Iron Leaves\n|-damage|p1a: Iron Leaves|63\/100\n|-boost|p2a: Iron Moth|spa|1\n|move|p1a: Iron Leaves|Psyblade|p2a: Iron Moth\n|-damage|p2a: Iron Moth|41\/100\n|\n|upkeep\n|turn|5\n|\n|t:|1699752591\n|move|p2a: Iron Moth|Sludge Wave|p1a: Iron Leaves\n|-damage|p1a: Iron Leaves|0 fnt\n|faint|p1a: Iron Leaves\n|-end|p1a: Iron Leaves|Quark Drive|[silent]\n|\n|upkeep\n|\n|t:|1699752604\n|switch|p1a: Iron Jugulis|Iron Jugulis|100\/100\n|-enditem|p1a: Iron Jugulis|Booster Energy\n|-activate|p1a: Iron Jugulis|ability: Quark Drive|[fromitem]\n|-start|p1a: Iron Jugulis|quarkdrivespe\n|turn|6\n|\n|t:|1699752608\n|move|p2a: Iron Moth|Dazzling Gleam|p1a: Iron Jugulis\n|-supereffective|p1a: Iron Jugulis\n|-damage|p1a: Iron Jugulis|0 fnt\n|faint|p1a: Iron Jugulis\n|-end|p1a: Iron Jugulis|Quark Drive|[silent]\n|\n|upkeep\n|\n|t:|1699752616\n|switch|p1a: Iron Moth|Iron Moth|100\/100\n|-activate|p1a: Iron Moth|move: Sticky Web\n|-unboost|p1a: Iron Moth|spe|1\n|-enditem|p1a: Iron Moth|Booster Energy\n|-activate|p1a: Iron Moth|ability: Quark Drive|[fromitem]\n|-start|p1a: Iron Moth|quarkdrivespa\n|turn|7\n|\n|t:|1699752621\n|move|p2a: Iron Moth|Psychic|p1a: Iron Moth\n|-supereffective|p1a: Iron Moth\n|-damage|p1a: Iron Moth|3\/100\n|move|p1a: Iron Moth|Sludge Wave|p2a: Iron Moth\n|-supereffective|p2a: Iron Moth\n|-damage|p2a: Iron Moth|0 fnt\n|faint|p2a: Iron Moth\n|-end|p2a: Iron Moth|Quark Drive|[silent]\n|\n|upkeep\n|\n|t:|1699752629\n|switch|p2a: Ribombee|Ribombee, F|34\/100\n|turn|8\n|\n|t:|1699752635\n|-end|p1a: Iron Moth|Quark Drive|[silent]\n|switch|p1a: Iron Treads|Iron Treads|100\/100\n|-activate|p1a: Iron Treads|move: Sticky Web\n|-unboost|p1a: Iron Treads|spe|1\n|-enditem|p1a: Iron Treads|Booster Energy\n|-activate|p1a: Iron Treads|ability: Quark Drive|[fromitem]\n|-start|p1a: Iron Treads|quarkdriveatk\n|move|p2a: Ribombee|Moonblast|p1a: Iron Treads\n|-resisted|p1a: Iron Treads\n|-damage|p1a: Iron Treads|73\/100\n|-unboost|p1a: Iron Treads|spa|1\n|\n|upkeep\n|turn|9\n|\n|t:|1699752646\n|switch|p2a: Great Tusk|Great Tusk|100\/100\n|-enditem|p2a: Great Tusk|Booster Energy\n|-activate|p2a: Great Tusk|ability: Protosynthesis|[fromitem]\n|-start|p2a: Great Tusk|protosynthesisspe\n|move|p1a: Iron Treads|Rapid Spin|p2a: Great Tusk\n|-damage|p2a: Great Tusk|87\/100\n|-boost|p1a: Iron Treads|spe|1\n|-sideend|p1: onlyironuser|Sticky Web|[from] move: Rapid Spin|[of] p1a: Iron Treads\n|\n|upkeep\n|turn|10\n|\n|t:|1699752650\n|move|p2a: Great Tusk|Bulk Up|p2a: Great Tusk\n|-boost|p2a: Great Tusk|atk|1\n|-boost|p2a: Great Tusk|def|1\n|move|p1a: Iron Treads|Knock Off|p2a: Great Tusk\n|-resisted|p2a: Great Tusk\n|-damage|p2a: Great Tusk|82\/100\n|\n|upkeep\n|turn|11\n|\n|t:|1699752660\n|move|p2a: Great Tusk|Headlong Rush|p1a: Iron Treads\n|-supereffective|p1a: Iron Treads\n|-damage|p1a: Iron Treads|0 fnt\n|-unboost|p2a: Great Tusk|def|1\n|-unboost|p2a: Great Tusk|spd|1\n|faint|p1a: Iron Treads\n|-end|p1a: Iron Treads|Quark Drive|[silent]\n|\n|upkeep\n|\n|t:|1699752668\n|switch|p1a: Iron Valiant|Iron Valiant|100\/100\n|-enditem|p1a: Iron Valiant|Booster Energy\n|-activate|p1a: Iron Valiant|ability: Quark Drive|[fromitem]\n|-start|p1a: Iron Valiant|quarkdrivespe\n|turn|12\n|\n|t:|1699752671\n|move|p1a: Iron Valiant|Moonblast|p2a: Great Tusk\n|-supereffective|p2a: Great Tusk\n|-damage|p2a: Great Tusk|0 fnt\n|faint|p2a: Great Tusk\n|-end|p2a: Great Tusk|Protosynthesis|[silent]\n|\n|upkeep\n|\n|t:|1699752675\n|switch|p2a: Ribombee|Ribombee, F|34\/100\n|turn|13\n|\n|t:|1699752681\n|move|p1a: Iron Valiant|Thunderbolt|p2a: Ribombee\n|-damage|p2a: Ribombee|0 fnt\n|faint|p2a: Ribombee\n|\n|upkeep\n|\n|t:|1699752685\n|switch|p2a: Tinkaton|Tinkaton, F|100\/100\n|-item|p2a: Tinkaton|Air Balloon\n|turn|14\n|\n|t:|1699752701\n|move|p1a: Iron Valiant|Close Combat|p2a: Tinkaton\n|-damage|p2a: Tinkaton|42\/100\n|-unboost|p1a: Iron Valiant|def|1\n|-unboost|p1a: Iron Valiant|spd|1\n|-enditem|p2a: Tinkaton|Air Balloon\n|move|p2a: Tinkaton|Thunder Wave|p1a: Iron Valiant\n|-status|p1a: Iron Valiant|par\n|\n|upkeep\n|turn|15\n|\n|t:|1699752711\n|move|p2a: Tinkaton|Play Rough|p1a: Iron Valiant\n|-supereffective|p1a: Iron Valiant\n|-damage|p1a: Iron Valiant|0 fnt\n|faint|p1a: Iron Valiant\n|-end|p1a: Iron Valiant|Quark Drive|[silent]\n|\n|upkeep\n|\n|t:|1699752717\n|switch|p1a: Iron Thorns|Iron Thorns|100\/100\n|-enditem|p1a: Iron Thorns|Booster Energy\n|-activate|p1a: Iron Thorns|ability: Quark Drive|[fromitem]\n|-start|p1a: Iron Thorns|quarkdriveatk\n|turn|16\n|\n|t:|1699752722\n|move|p2a: Tinkaton|Stealth Rock|p1a: Iron Thorns\n|-sidestart|p1: onlyironuser|move: Stealth Rock\n|move|p1a: Iron Thorns|Dragon Dance|p1a: Iron Thorns\n|-boost|p1a: Iron Thorns|atk|1\n|-boost|p1a: Iron Thorns|spe|1\n|\n|upkeep\n|turn|17\n|\n|t:|1699752726\n|move|p1a: Iron Thorns|Earthquake|p2a: Tinkaton\n|-supereffective|p2a: Tinkaton\n|-damage|p2a: Tinkaton|0 fnt\n|faint|p2a: Tinkaton\n|\n|upkeep\n|\n|t:|1699752729\n|switch|p2a: Ogerpon|Ogerpon-Wellspring, F|100\/100\n|turn|18\n|\n|t:|1699752742\n|move|p1a: Iron Thorns|Stone Edge|p2a: Ogerpon|[miss]\n|-miss|p1a: Iron Thorns|p2a: Ogerpon\n|move|p2a: Ogerpon|Ivy Cudgel|p1a: Iron Thorns\n|-supereffective|p1a: Iron Thorns\n|-damage|p1a: Iron Thorns|0 fnt\n|faint|p1a: Iron Thorns\n|-end|p1a: Iron Thorns|Quark Drive|[silent]\n|\n|upkeep\n|c|\u2606onlyironuser|RAAH\n|c|\u2606onlyironuser|FUCK\n|c|\u2606onlyironuser|FUCKFUCK\n|-message|onlyironuser forfeited.\n|\n|win|THEESEFF\n|raw|onlyironuser's rating: 1263 &rarr; <strong>1237<\/strong><br \/>(-26 for losing)\n|raw|THEESEFF's rating: 1243 &rarr; <strong>1269<\/strong><br \/>(+26 for winning)\n|l|\u2606onlyironuser\n","uploadtime":1699752748,"views":8,"p1id":"onlyironuser","p2id":"theeseff","formatid":"gen9ou","rating":1237,"private":0,"password":""}