{"id":"gen9ou-1998200045","p1":"CanaryRAM","p2":"gmast","format":"[Gen 9] OU","log":"|j|\u2606CanaryRAM\n|j|\u2606gmast\n|t:|1700911363\n|gametype|singles\n|player|p1|CanaryRAM|bugcatcher-gen4dp|1053\n|player|p2|gmast|170|1144\n|teamsize|p1|6\n|teamsize|p2|6\n|gen|9\n|tier|[Gen 9] OU\n|rated|\n|rule|Sleep Clause Mod: Limit one foe put to sleep\n|rule|Species Clause: Limit one of each Pok\u00e9mon\n|rule|OHKO Clause: OHKO moves are banned\n|rule|Evasion Items Clause: Evasion items are banned\n|rule|Evasion Moves Clause: Evasion moves are banned\n|rule|Endless Battle Clause: Forcing endless battles is banned\n|rule|HP Percentage Mod: HP is shown in percentages\n|clearpoke\n|poke|p1|Zoroark-Hisui, F|\n|poke|p1|Grafaiai, M|\n|poke|p1|Barraskewda, F|\n|poke|p1|Florges-Orange, F|\n|poke|p1|Magnezone|\n|poke|p1|Dragapult, M|\n|poke|p2|Ceruledge, M|\n|poke|p2|Greninja-*, M|\n|poke|p2|Blissey, F|\n|poke|p2|Great Tusk|\n|poke|p2|Corviknight, F|\n|poke|p2|Ogerpon-Wellspring, F|\n|teampreview\n|j| Pure Power Pichu\n|inactive|Battle timer is ON: inactive players will automatically lose when time's up. (requested by CanaryRAM)\n|\n|t:|1700911389\n|start\n|switch|p1a: Grafaiai|Grafaiai, M|100\/100\n|switch|p2a: Blissey|Blissey, F|100\/100\n|turn|1\n|\n|t:|1700911416\n|move|p1a: Grafaiai|Taunt|p2a: Blissey\n|-start|p2a: Blissey|move: Taunt\n|cant|p2a: Blissey|move: Taunt|Thunder Wave\n|\n|upkeep\n|turn|2\n|inactive|gmast has 120 seconds left.\n|\n|t:|1700911443\n|switch|p2a: Corviknight|Corviknight, F|100\/100\n|-ability|p2a: Corviknight|Unnerve\n|move|p1a: Grafaiai|Switcheroo|p2a: Corviknight\n|-activate|p1a: Grafaiai|move: Trick|[of] p2a: Corviknight\n|-item|p2a: Corviknight|Black Sludge|[from] move: Switcheroo\n|-item|p1a: Grafaiai|Aguav Berry|[from] move: Switcheroo\n|\n|-damage|p2a: Corviknight|88\/100|[from] item: Black Sludge\n|upkeep\n|turn|3\n|inactive|gmast has 120 seconds left.\n|\n|t:|1700911467\n|move|p1a: Grafaiai|Taunt|p2a: Corviknight\n|-start|p2a: Corviknight|move: Taunt\n|move|p2a: Corviknight|Brave Bird|p1a: Grafaiai\n|-damage|p1a: Grafaiai|9\/100\n|-damage|p2a: Corviknight|68\/100|[from] Recoil\n|\n|-damage|p2a: Corviknight|56\/100|[from] item: Black Sludge\n|upkeep\n|turn|4\n|\n|t:|1700911490\n|switch|p1a: Magnezone|Magnezone, shiny|100\/100\n|move|p2a: Corviknight|Iron Head|p1a: Magnezone\n|-resisted|p1a: Magnezone\n|-damage|p1a: Magnezone|91\/100\n|\n|-damage|p2a: Corviknight|43\/100|[from] item: Black Sludge\n|upkeep\n|turn|5\n|inactive|gmast has 90 seconds left.\n|\n|t:|1700911517\n|-terastallize|p2a: Corviknight|Ghost\n|move|p2a: Corviknight|Brave Bird|p1a: Magnezone\n|-resisted|p1a: Magnezone\n|-damage|p1a: Magnezone|76\/100\n|-damage|p2a: Corviknight|40\/100|[from] Recoil\n|move|p1a: Magnezone|Electroweb|p2a: Corviknight\n|-damage|p2a: Corviknight|13\/100\n|-unboost|p2a: Corviknight|spe|1\n|\n|-damage|p2a: Corviknight|0 fnt|[from] item: Black Sludge\n|faint|p2a: Corviknight\n|upkeep\n|inactive|gmast has 90 seconds left.\n|\n|t:|1700911538\n|switch|p2a: Great Tusk|Great Tusk|100\/100\n|turn|6\n|\n|t:|1700911555\n|move|p1a: Magnezone|Protect|p1a: Magnezone\n|-singleturn|p1a: Magnezone|Protect\n|move|p2a: Great Tusk|Earthquake|p1a: Magnezone\n|-activate|p1a: Magnezone|move: Protect\n|\n|upkeep\n|turn|7\n|inactive|CanaryRAM has 120 seconds left.\n|inactive|gmast has 60 seconds left.\n|\n|t:|1700911596\n|switch|p1a: Dragapult|Dragapult, M, shiny|100\/100\n|move|p2a: Great Tusk|Body Press|p1a: Dragapult\n|-immune|p1a: Dragapult\n|\n|upkeep\n|turn|8\n|inactive|gmast has 60 seconds left.\n|inactive|CanaryRAM has 120 seconds left.\n|\n|t:|1700911618\n|move|p1a: Dragapult|Bitter Malice|p2a: Great Tusk\n|-damage|p2a: Great Tusk|54\/100\n|-unboost|p2a: Great Tusk|atk|1\n|move|p2a: Great Tusk|Ice Spinner|p1a: Dragapult\n|-damage|p1a: Dragapult|68\/100\n|replace|p1a: Zoroark|Zoroark-Hisui, F\n|-end|p1a: Zoroark|Illusion\n|\n|upkeep\n|turn|9\n|inactive|gmast has 60 seconds left.\n|inactive|gmast has 30 seconds left.\n|inactive|gmast has 20 seconds left.\n|inactive|gmast has 15 seconds left.\n|\n|t:|1700911670\n|-end|p2a: Great Tusk|Protosynthesis|[silent]\n|switch|p2a: Blissey|Blissey, F|100\/100\n|move|p1a: Zoroark|Bitter Malice|p2a: Blissey\n|-immune|p2a: Blissey\n|\n|upkeep\n|turn|10\n|inactive|gmast has 25 seconds left this turn.\n|inactive|gmast has 20 seconds left.\n|\n|t:|1700911684\n|switch|p1a: Magnezone|Magnezone, shiny|76\/100\n|move|p2a: Blissey|Thunder Wave|p1a: Magnezone\n|-immune|p1a: Magnezone\n|\n|upkeep\n|turn|11\n|inactive|gmast has 30 seconds left this turn.\n|\n|t:|1700911693\n|move|p1a: Magnezone|Electroweb|p2a: Blissey\n|-damage|p2a: Blissey|90\/100\n|-unboost|p2a: Blissey|spe|1\n|move|p2a: Blissey|Stealth Rock|p1a: Magnezone\n|-sidestart|p1: CanaryRAM|move: Stealth Rock\n|\n|-heal|p2a: Blissey|97\/100|[from] item: Leftovers\n|upkeep\n|turn|12\n|inactive|CanaryRAM has 120 seconds left.\n|inactive|gmast has 30 seconds left.\n|\n|t:|1700911724\n|move|p1a: Magnezone|Flash Cannon|p2a: Blissey\n|-damage|p2a: Blissey|81\/100\n|move|p2a: Blissey|Seismic Toss|p1a: Magnezone\n|-damage|p1a: Magnezone|40\/100\n|-enditem|p1a: Magnezone|Sitrus Berry|[eat]\n|-heal|p1a: Magnezone|65\/100|[from] item: Sitrus Berry\n|\n|-heal|p2a: Blissey|87\/100|[from] item: Leftovers\n|upkeep\n|turn|13\n|inactive|gmast has 30 seconds left.\n|\n|t:|1700911741\n|switch|p2a: Great Tusk|Great Tusk|54\/100\n|move|p1a: Magnezone|Thunder|p2a: Great Tusk\n|-immune|p2a: Great Tusk\n|\n|upkeep\n|turn|14\n|inactive|gmast has 30 seconds left.\n|\n|t:|1700911760\n|switch|p1a: Grafaiai|Grafaiai, M|9\/100\n|-enditem|p1a: Grafaiai|Aguav Berry|[eat]\n|-heal|p1a: Grafaiai|43\/100|[from] item: Aguav Berry\n|-damage|p1a: Grafaiai|30\/100|[from] Stealth Rock\n|move|p2a: Great Tusk|Ice Spinner|p1a: Grafaiai\n|-damage|p1a: Grafaiai|0 fnt\n|faint|p1a: Grafaiai\n|\n|upkeep\n|\n|t:|1700911770\n|switch|p1a: Dragapult|Dragapult, M, shiny|68\/100\n|-damage|p1a: Dragapult|55\/100|[from] Stealth Rock\n|turn|15\n|\n|t:|1700911775\n|move|p1a: Dragapult|Bitter Malice|p2a: Great Tusk\n|-damage|p2a: Great Tusk|7\/100\n|-unboost|p2a: Great Tusk|atk|1\n|move|p2a: Great Tusk|Ice Spinner|p1a: Dragapult\n|-damage|p1a: Dragapult|26\/100\n|replace|p1a: Zoroark|Zoroark-Hisui, F\n|-end|p1a: Zoroark|Illusion\n|\n|upkeep\n|turn|16\n|inactive|CanaryRAM has 90 seconds left.\n|inactive|gmast has 30 seconds left.\n|\n|t:|1700911811\n|switch|p1a: Dragapult|Dragapult, M, shiny|100\/100\n|-damage|p1a: Dragapult|88\/100|[from] Stealth Rock\n|-end|p2a: Great Tusk|Protosynthesis|[silent]\n|switch|p2a: Blissey|Blissey, F|87\/100\n|\n|-heal|p2a: Blissey|93\/100|[from] item: Leftovers\n|upkeep\n|turn|17\n|inactive|gmast has 30 seconds left.\n|inactive|gmast has 20 seconds left.\n|inactive|gmast has 15 seconds left.\n|inactive|gmast has 10 seconds left.\n|inactive|gmast has 5 seconds left.\n|\n|t:|1700911851\n|switch|p1a: Magnezone|Magnezone, shiny|65\/100\n|-damage|p1a: Magnezone|59\/100|[from] Stealth Rock\n|move|p2a: Blissey|Seismic Toss|p1a: Magnezone\n|-damage|p1a: Magnezone|24\/100\n|\n|-heal|p2a: Blissey|99\/100|[from] item: Leftovers\n|upkeep\n|turn|18\n|inactive|gmast has 15 seconds left this turn.\n|inactive|gmast has 10 seconds left.\n|\n|t:|1700911860\n|move|p1a: Magnezone|Protect|p1a: Magnezone\n|-singleturn|p1a: Magnezone|Protect\n|move|p2a: Blissey|Seismic Toss|p1a: Magnezone\n|-activate|p1a: Magnezone|move: Protect\n|\n|-heal|p2a: Blissey|100\/100|[from] item: Leftovers\n|upkeep\n|turn|19\n|inactive|gmast has 20 seconds left this turn.\n|inactive|gmast has 15 seconds left.\n|\n|t:|1700911880\n|move|p1a: Magnezone|Electroweb|p2a: Blissey\n|-damage|p2a: Blissey|90\/100\n|-unboost|p2a: Blissey|spe|1\n|move|p2a: Blissey|Seismic Toss|p1a: Magnezone\n|-damage|p1a: Magnezone|0 fnt\n|faint|p1a: Magnezone\n|\n|-heal|p2a: Blissey|96\/100|[from] item: Leftovers\n|upkeep\n|inactive|gmast has 20 seconds left this turn.\n|l| Pure Power Pichu\n|inactive|CanaryRAM has 60 seconds left.\n|inactive|CanaryRAM has 30 seconds left.\n|\n|t:|1700911929\n|switch|p1a: Barraskewda|Barraskewda, F, shiny|100\/100\n|-damage|p1a: Barraskewda|88\/100|[from] Stealth Rock\n|turn|20\n|inactive|gmast has 30 seconds left this turn.\n|inactive|CanaryRAM has 30 seconds left.\n|inactive|gmast has 20 seconds left.\n|\n|t:|1700911943\n|switch|p2a: Ogerpon|Ogerpon-Wellspring, F|100\/100\n|-terastallize|p1a: Barraskewda|Poison\n|move|p1a: Barraskewda|Poison Jab|p2a: Ogerpon\n|-supereffective|p2a: Ogerpon\n|-damage|p2a: Ogerpon|0 fnt\n|faint|p2a: Ogerpon\n|-damage|p1a: Barraskewda|78\/100|[from] item: Life Orb\n|\n|upkeep\n|inactive|gmast has 25 seconds left this turn.\n|inactive|gmast has 20 seconds left.\n|inactive|gmast has 15 seconds left.\n|inactive|gmast has 10 seconds left.\n|inactive|gmast has 5 seconds left.\n|\n|t:|1700911966\n|switch|p2a: Ceruledge|Ceruledge, M|100\/100\n|turn|21\n|inactive|gmast has 15 seconds left this turn.\n|inactive|CanaryRAM has 30 seconds left.\n|inactive|CanaryRAM has 20 seconds left.\n|inactive|CanaryRAM has 15 seconds left.\n|\n|t:|1700911998\n|move|p1a: Barraskewda|Liquidation|p2a: Ceruledge\n|-supereffective|p2a: Ceruledge\n|-damage|p2a: Ceruledge|0 fnt\n|faint|p2a: Ceruledge\n|-damage|p1a: Barraskewda|68\/100|[from] item: Life Orb\n|\n|upkeep\n|inactive|CanaryRAM has 20 seconds left this turn.\n|inactive|gmast has 20 seconds left this turn.\n|inactive|gmast has 15 seconds left.\n|inactive|gmast has 10 seconds left.\n|inactive|gmast has 5 seconds left.\n|\n|t:|1700912016\n|switch|p2a: Blissey|Blissey, F|96\/100\n|turn|22\n|inactive|CanaryRAM has 30 seconds left this turn.\n|inactive|gmast has 15 seconds left this turn.\n|inactive|gmast has 10 seconds left.\n|\n|t:|1700912024\n|move|p1a: Barraskewda|Poison Jab|p2a: Blissey\n|-damage|p2a: Blissey|52\/100\n|-damage|p1a: Barraskewda|58\/100|[from] item: Life Orb\n|move|p2a: Blissey|Thunder Wave|p1a: Barraskewda\n|-status|p1a: Barraskewda|par\n|\n|-heal|p2a: Blissey|58\/100|[from] item: Leftovers\n|upkeep\n|turn|23\n|inactive|gmast has 20 seconds left this turn.\n|inactive|CanaryRAM has 30 seconds left.\n|inactive|gmast has 15 seconds left.\n|inactive|gmast has 10 seconds left.\n|\n|t:|1700912035\n|move|p1a: Barraskewda|Poison Jab|p2a: Blissey\n|-damage|p2a: Blissey|12\/100\n|-damage|p1a: Barraskewda|49\/100 par|[from] item: Life Orb\n|move|p2a: Blissey|Soft-Boiled|p2a: Blissey\n|-heal|p2a: Blissey|62\/100\n|\n|-heal|p2a: Blissey|69\/100|[from] item: Leftovers\n|upkeep\n|turn|24\n|inactive|gmast has 20 seconds left this turn.\n|inactive|gmast has 15 seconds left.\n|inactive|gmast has 10 seconds left.\n|\n|t:|1700912048\n|move|p1a: Barraskewda|Poison Jab|p2a: Blissey\n|-damage|p2a: Blissey|24\/100\n|-damage|p1a: Barraskewda|39\/100 par|[from] item: Life Orb\n|move|p2a: Blissey|Soft-Boiled|p2a: Blissey\n|-heal|p2a: Blissey|74\/100\n|\n|-heal|p2a: Blissey|80\/100|[from] item: Leftovers\n|upkeep\n|turn|25\n|inactive|gmast has 20 seconds left this turn.\n|inactive|gmast has 15 seconds left.\n|\n|t:|1700912058\n|move|p1a: Barraskewda|Poison Jab|p2a: Blissey\n|-damage|p2a: Blissey|33\/100\n|-damage|p1a: Barraskewda|29\/100 par|[from] item: Life Orb\n|move|p2a: Blissey|Seismic Toss|p1a: Barraskewda\n|-damage|p1a: Barraskewda|0 fnt\n|faint|p1a: Barraskewda\n|\n|-heal|p2a: Blissey|39\/100|[from] item: Leftovers\n|upkeep\n|inactive|gmast has 20 seconds left this turn.\n|inactive|CanaryRAM has 30 seconds left.\n|\n|t:|1700912074\n|switch|p1a: Dragapult|Dragapult, M, shiny|88\/100\n|-damage|p1a: Dragapult|76\/100|[from] Stealth Rock\n|turn|26\n|inactive|gmast has 30 seconds left this turn.\n|\n|t:|1700912082\n|move|p1a: Dragapult|Dragon Darts|p2a: Blissey\n|-damage|p2a: Blissey|17\/100\n|-anim|p1a: Dragapult|Dragon Darts|p2a: Blissey\n|-damage|p2a: Blissey|0 fnt\n|faint|p2a: Blissey\n|\n|upkeep\n|inactive|gmast has 30 seconds left this turn.\n|inactive|gmast has 20 seconds left.\n|\n|t:|1700912093\n|switch|p2a: Greninja|Greninja, M|100\/100\n|turn|27\n|inactive|gmast has 30 seconds left this turn.\n|\n|t:|1700912103\n|switch|p1a: Florges|Florges-Orange, F, shiny|100\/100\n|-damage|p1a: Florges|88\/100|[from] Stealth Rock\n|move|p2a: Greninja|Hydro Pump|p1a: Florges|[miss]\n|-miss|p2a: Greninja|p1a: Florges\n|\n|upkeep\n|turn|28\n|inactive|gmast has 30 seconds left.\n|\n|t:|1700912117\n|move|p2a: Greninja|Hydro Pump|p1a: Florges\n|-damage|p1a: Florges|65\/100\n|move|p1a: Florges|Moonblast|p2a: Greninja\n|-supereffective|p2a: Greninja\n|-enditem|p2a: Greninja|Focus Sash\n|-damage|p2a: Greninja|1\/100\n|-unboost|p2a: Greninja|spa|1\n|\n|upkeep\n|turn|29\n|inactive|gmast has 30 seconds left.\n|\n|t:|1700912132\n|move|p2a: Greninja|Water Shuriken|p1a: Florges\n|-damage|p1a: Florges|62\/100\n|-crit|p1a: Florges\n|-damage|p1a: Florges|56\/100\n|-hitcount|p1a: Florges|2\n|move|p1a: Florges|Moonblast|p2a: Greninja\n|-supereffective|p2a: Greninja\n|-damage|p2a: Greninja|0 fnt\n|faint|p2a: Greninja\n|\n|upkeep\n|inactive|gmast has 30 seconds left this turn.\n|\n|t:|1700912142\n|switch|p2a: Great Tusk|Great Tusk|7\/100\n|turn|30\n|\n|t:|1700912148\n|move|p2a: Great Tusk|Ice Spinner|p1a: Florges\n|-damage|p1a: Florges|30\/100\n|move|p1a: Florges|Moonblast|p2a: Great Tusk\n|-supereffective|p2a: Great Tusk\n|-damage|p2a: Great Tusk|0 fnt\n|faint|p2a: Great Tusk\n|-end|p2a: Great Tusk|Protosynthesis|[silent]\n|\n|win|CanaryRAM\n|raw|CanaryRAM's rating: 1053 &rarr; <strong>1093<\/strong><br \/>(+40 for winning)\n|raw|gmast's rating: 1144 &rarr; <strong>1113<\/strong><br \/>(-31 for losing)\n","uploadtime":1700912157,"views":1,"p1id":"canaryram","p2id":"gmast","formatid":"gen9ou","rating":1093,"private":0,"password":""}