{"id":"gen9ou-1993696841","p1":"barakudalouka123","p2":"PuddLPud","format":"[Gen 9] OU","log":"|j|\u2606barakudalouka123\n|j|\u2606PuddLPud\n|t:|1700346664\n|gametype|singles\n|player|p1|barakudalouka123|170|1028\n|player|p2|PuddLPud|harlequin|1000\n|teamsize|p1|6\n|teamsize|p2|6\n|gen|9\n|tier|[Gen 9] OU\n|rated|\n|rule|Sleep Clause Mod: Limit one foe put to sleep\n|rule|Species Clause: Limit one of each Pok\u00e9mon\n|rule|OHKO Clause: OHKO moves are banned\n|rule|Evasion Items Clause: Evasion items are banned\n|rule|Evasion Moves Clause: Evasion moves are banned\n|rule|Endless Battle Clause: Forcing endless battles is banned\n|rule|HP Percentage Mod: HP is shown in percentages\n|clearpoke\n|poke|p1|Mimikyu, M|\n|poke|p1|Heatran, M|\n|poke|p1|Landorus-Therian, M|\n|poke|p1|Amoonguss, M|\n|poke|p1|Pawmot, M|\n|poke|p1|Walking Wake|\n|poke|p2|Pawmot, F|\n|poke|p2|Alomomola, M|\n|poke|p2|Staraptor, F|\n|poke|p2|Kingambit, F|\n|poke|p2|Dragalge, F|\n|poke|p2|Dragonite, M|\n|teampreview\n|inactive|Battle timer is ON: inactive players will automatically lose when time's up. (requested by barakudalouka123)\n|\n|t:|1700346680\n|start\n|switch|p1a: Heatran|Heatran, M|100\/100\n|switch|p2a: Dragonite|Dragonite, M, shiny|100\/100\n|-item|p1a: Heatran|Air Balloon\n|turn|1\n|\n|t:|1700346692\n|move|p1a: Heatran|Substitute|p1a: Heatran\n|-start|p1a: Heatran|Substitute\n|-damage|p1a: Heatran|76\/100\n|move|p2a: Dragonite|Roar|p1a: Heatran\n|drag|p1a: Walking Wake|Walking Wake|100\/100\n|\n|upkeep\n|turn|2\n|\n|t:|1700346701\n|move|p1a: Walking Wake|Sunny Day|p1a: Walking Wake\n|-weather|SunnyDay\n|-activate|p1a: Walking Wake|ability: Protosynthesis\n|-start|p1a: Walking Wake|protosynthesisspa\n|move|p2a: Dragonite|Dragon Dance|p2a: Dragonite\n|-boost|p2a: Dragonite|atk|1\n|-boost|p2a: Dragonite|spe|1\n|\n|-weather|SunnyDay|[upkeep]\n|upkeep\n|turn|3\n|\n|t:|1700346720\n|move|p2a: Dragonite|Dragon Dance|p2a: Dragonite\n|-boost|p2a: Dragonite|atk|1\n|-boost|p2a: Dragonite|spe|1\n|move|p1a: Walking Wake|Draco Meteor|p2a: Dragonite\n|-supereffective|p2a: Dragonite\n|-damage|p2a: Dragonite|0 fnt\n|-unboost|p1a: Walking Wake|spa|2\n|faint|p2a: Dragonite\n|-damage|p1a: Walking Wake|90\/100|[from] item: Life Orb\n|\n|-weather|SunnyDay|[upkeep]\n|upkeep\n|inactive|PuddLPud has 120 seconds left.\n|\n|t:|1700346750\n|switch|p2a: Pawmot|Pawmot, F, shiny|100\/100\n|turn|4\n|inactive|PuddLPud has 120 seconds left.\n|\n|t:|1700346758\n|move|p1a: Walking Wake|Hydro Steam|p2a: Pawmot\n|-damage|p2a: Pawmot|24\/100\n|-damage|p1a: Walking Wake|80\/100|[from] item: Life Orb\n|move|p2a: Pawmot|Nuzzle|p1a: Walking Wake\n|-damage|p1a: Walking Wake|71\/100\n|-status|p1a: Walking Wake|par\n|\n|-weather|SunnyDay|[upkeep]\n|upkeep\n|turn|5\n|inactive|PuddLPud has 120 seconds left.\n|\n|t:|1700346769\n|move|p2a: Pawmot|Rest|p2a: Pawmot\n|-status|p2a: Pawmot|slp|[from] move: Rest\n|-heal|p2a: Pawmot|100\/100 slp|[silent]\n|cant|p1a: Walking Wake|par\n|\n|-weather|SunnyDay|[upkeep]\n|upkeep\n|turn|6\n|\n|t:|1700346777\n|cant|p2a: Pawmot|slp\n|move|p2a: Pawmot|Sleep Talk|p2a: Pawmot\n|move|p2a: Pawmot|Rest||[from]move: Sleep Talk|[still]\n|-fail|p2a: Pawmot\n|move|p1a: Walking Wake|Hydro Steam|p2a: Pawmot\n|-damage|p2a: Pawmot|25\/100 slp\n|-damage|p1a: Walking Wake|61\/100 par|[from] item: Life Orb\n|\n|-weather|none\n|-end|p1a: Walking Wake|Protosynthesis\n|upkeep\n|turn|7\n|\n|t:|1700346786\n|-curestatus|p2a: Pawmot|slp|[from] ability: Natural Cure\n|switch|p2a: Dragalge|Dragalge, F|100\/100\n|move|p1a: Walking Wake|Hydro Steam|p2a: Dragalge\n|-resisted|p2a: Dragalge\n|-damage|p2a: Dragalge|91\/100\n|-damage|p1a: Walking Wake|51\/100 par|[from] item: Life Orb\n|\n|upkeep\n|turn|8\n|\n|t:|1700346798\n|move|p1a: Walking Wake|Draco Meteor|p2a: Dragalge\n|-supereffective|p2a: Dragalge\n|-damage|p2a: Dragalge|38\/100\n|-unboost|p1a: Walking Wake|spa|2\n|-damage|p1a: Walking Wake|41\/100 par|[from] item: Life Orb\n|move|p2a: Dragalge|Draco Meteor|p1a: Walking Wake\n|-supereffective|p1a: Walking Wake\n|-damage|p1a: Walking Wake|0 fnt\n|-unboost|p2a: Dragalge|spa|2\n|faint|p1a: Walking Wake\n|-end|p1a: Walking Wake|Protosynthesis|[silent]\n|\n|upkeep\n|\n|t:|1700346810\n|switch|p1a: Pawmot|Pawmot, M|100\/100\n|turn|9\n|\n|t:|1700346821\n|-terastallize|p1a: Pawmot|Flying\n|move|p1a: Pawmot|Bulk Up|p1a: Pawmot\n|-boost|p1a: Pawmot|atk|1\n|-boost|p1a: Pawmot|def|1\n|move|p2a: Dragalge|Toxic|p1a: Pawmot\n|-status|p1a: Pawmot|tox\n|\n|-damage|p1a: Pawmot|94\/100 tox|[from] psn\n|upkeep\n|turn|10\n|\n|t:|1700346830\n|move|p1a: Pawmot|Ice Punch|p2a: Dragalge\n|-supereffective|p2a: Dragalge\n|-damage|p2a: Dragalge|0 fnt\n|faint|p2a: Dragalge\n|\n|-heal|p1a: Pawmot|100\/100 tox|[from] item: Leftovers\n|-damage|p1a: Pawmot|88\/100 tox|[from] psn\n|upkeep\n|\n|t:|1700346843\n|switch|p2a: Alomomola|Alomomola, M|100\/100\n|turn|11\n|\n|t:|1700346859\n|move|p1a: Pawmot|Mach Punch|p2a: Alomomola\n|-damage|p2a: Alomomola|85\/100\n|move|p2a: Alomomola|Healing Wish|p2a: Alomomola\n|faint|p2a: Alomomola\n|\n|-heal|p1a: Pawmot|94\/100 tox|[from] item: Leftovers\n|-damage|p1a: Pawmot|76\/100 tox|[from] psn\n|upkeep\n|\n|t:|1700346867\n|switch|p2a: Pawmot|Pawmot, F, shiny|25\/100\n|-heal|p2a: Pawmot|100\/100|[from] move: Healing Wish\n|turn|12\n|\n|t:|1700346875\n|move|p2a: Pawmot|Revival Blessing|p2a: Pawmot\n|-enditem|p2a: Pawmot|Leppa Berry|[eat]\n|-activate|p2a: Pawmot|item: Leppa Berry|Revival Blessing|[consumed]\n|\n|t:|1700346879\n|-heal|p2: Dragonite|50\/100|[from] move: Revival Blessing\n|move|p1a: Pawmot|Ice Punch|p2a: Pawmot\n|-damage|p2a: Pawmot|68\/100\n|\n|-heal|p1a: Pawmot|82\/100 tox|[from] item: Leftovers\n|-damage|p1a: Pawmot|58\/100 tox|[from] psn\n|upkeep\n|turn|13\n|\n|t:|1700346892\n|move|p1a: Pawmot|Mach Punch|p2a: Pawmot\n|-damage|p2a: Pawmot|40\/100\n|move|p2a: Pawmot|Revival Blessing|p2a: Pawmot\n|\n|t:|1700346897\n|-heal|p2: Alomomola|50\/100|[from] move: Revival Blessing\n|\n|-heal|p1a: Pawmot|64\/100 tox|[from] item: Leftovers\n|-damage|p1a: Pawmot|34\/100 tox|[from] psn\n|upkeep\n|turn|14\n|\n|t:|1700346903\n|move|p1a: Pawmot|Mach Punch|p2a: Pawmot\n|-damage|p2a: Pawmot|10\/100\n|move|p2a: Pawmot|Rest|p2a: Pawmot\n|-status|p2a: Pawmot|slp|[from] move: Rest\n|-heal|p2a: Pawmot|100\/100 slp|[silent]\n|\n|-heal|p1a: Pawmot|40\/100 tox|[from] item: Leftovers\n|-damage|p1a: Pawmot|4\/100 tox|[from] psn\n|upkeep\n|turn|15\n|\n|t:|1700346912\n|move|p1a: Pawmot|Mach Punch|p2a: Pawmot\n|-damage|p2a: Pawmot|73\/100 slp\n|cant|p2a: Pawmot|slp\n|move|p2a: Pawmot|Sleep Talk|p2a: Pawmot\n|move|p2a: Pawmot|Revival Blessing|p2a: Pawmot|[from]move: Sleep Talk\n|\n|t:|1700346918\n|-heal|p2: Dragalge|50\/100|[from] move: Revival Blessing\n|\n|-heal|p1a: Pawmot|10\/100 tox|[from] item: Leftovers\n|-damage|p1a: Pawmot|0 fnt|[from] psn\n|faint|p1a: Pawmot\n|upkeep\n|\n|t:|1700346925\n|switch|p1a: Landorus|Landorus-Therian, M|100\/100\n|-ability|p1a: Landorus|Intimidate|boost\n|-unboost|p2a: Pawmot|atk|1\n|turn|16\n|\n|t:|1700346931\n|-curestatus|p2a: Pawmot|slp|[from] ability: Natural Cure\n|switch|p2a: Staraptor|Staraptor, F|100\/100\n|move|p1a: Landorus|Sandsear Storm|p2a: Staraptor\n|-immune|p2a: Staraptor\n|\n|upkeep\n|turn|17\n|\n|t:|1700346947\n|move|p2a: Staraptor|Brave Bird|p1a: Landorus\n|-damage|p1a: Landorus|0 fnt\n|faint|p1a: Landorus\n|-damage|p2a: Staraptor|67\/100|[from] Recoil\n|\n|upkeep\n|\n|t:|1700346954\n|switch|p1a: Heatran|Heatran, M|76\/100\n|-item|p1a: Heatran|Air Balloon\n|turn|18\n|\n|t:|1700346980\n|switch|p2a: Alomomola|Alomomola, M|50\/100\n|move|p1a: Heatran|Magma Storm|p2a: Alomomola\n|-resisted|p2a: Alomomola\n|-damage|p2a: Alomomola|21\/100\n|-activate|p2a: Alomomola|move: Magma Storm|[of] p1a: Heatran\n|\n|-heal|p2a: Alomomola|27\/100|[from] item: Leftovers\n|-damage|p2a: Alomomola|15\/100|[from] move: Magma Storm|[partiallytrapped]\n|upkeep\n|turn|19\n|\n|t:|1700346989\n|move|p1a: Heatran|Flash Cannon|p2a: Alomomola\n|-resisted|p2a: Alomomola\n|-damage|p2a: Alomomola|0 fnt\n|faint|p2a: Alomomola\n|\n|upkeep\n|inactive|PuddLPud has 120 seconds left.\n|\n|t:|1700347011\n|switch|p2a: Kingambit|Kingambit, F|100\/100\n|-activate|p2a: Kingambit|ability: Supreme Overlord\n|-start|p2a: Kingambit|fallen4|[silent]\n|turn|20\n|\n|t:|1700347016\n|move|p2a: Kingambit|Endure|p2a: Kingambit\n|-singleturn|p2a: Kingambit|move: Endure\n|move|p1a: Heatran|Earth Power|p2a: Kingambit\n|-supereffective|p2a: Kingambit\n|-damage|p2a: Kingambit|38\/100\n|-enditem|p2a: Kingambit|Weakness Policy\n|-boost|p2a: Kingambit|atk|2|[from] item: Weakness Policy\n|-boost|p2a: Kingambit|spa|2|[from] item: Weakness Policy\n|\n|upkeep\n|turn|21\n|inactive|PuddLPud has 120 seconds left.\n|\n|t:|1700347033\n|move|p2a: Kingambit|Sucker Punch|p1a: Heatran\n|-crit|p1a: Heatran\n|-damage|p1a: Heatran|0 fnt\n|-enditem|p1a: Heatran|Air Balloon\n|faint|p1a: Heatran\n|\n|upkeep\n|\n|t:|1700347039\n|switch|p1a: Mimikyu|Mimikyu, M|100\/100\n|turn|22\n|\n|t:|1700347046\n|move|p1a: Mimikyu|Drain Punch|p2a: Kingambit\n|-supereffective|p2a: Kingambit\n|-crit|p2a: Kingambit\n|-damage|p2a: Kingambit|0 fnt\n|faint|p2a: Kingambit\n|-end|p2a: Kingambit|fallen4|[silent]\n|-damage|p1a: Mimikyu|91\/100|[from] item: Life Orb\n|\n|upkeep\n|\n|t:|1700347060\n|switch|p2a: Staraptor|Staraptor, F|67\/100\n|turn|23\n|\n|t:|1700347066\n|move|p2a: Staraptor|U-turn|p1a: Mimikyu\n|-activate|p1a: Mimikyu|ability: Disguise\n|-damage|p1a: Mimikyu|91\/100\n|detailschange|p1a: Mimikyu|Mimikyu-Busted, M\n|-damage|p1a: Mimikyu|78\/100|[from] pokemon: Mimikyu-Busted\n|\n|t:|1700347085\n|switch|p2a: Dragonite|Dragonite, M, shiny|50\/100|[from] U-turn\n|move|p1a: Mimikyu|Swords Dance|p1a: Mimikyu\n|-boost|p1a: Mimikyu|atk|2\n|\n|upkeep\n|turn|24\n|\n|t:|1700347094\n|move|p1a: Mimikyu|Play Rough|p2a: Dragonite\n|-supereffective|p2a: Dragonite\n|-damage|p2a: Dragonite|0 fnt\n|faint|p2a: Dragonite\n|-damage|p1a: Mimikyu|68\/100|[from] item: Life Orb\n|\n|upkeep\n|\n|t:|1700347101\n|switch|p2a: Staraptor|Staraptor, F|67\/100\n|turn|25\n|\n|t:|1700347105\n|move|p2a: Staraptor|Brave Bird|p1a: Mimikyu\n|-damage|p1a: Mimikyu|0 fnt\n|faint|p1a: Mimikyu\n|-damage|p2a: Staraptor|49\/100|[from] Recoil\n|\n|upkeep\n|\n|t:|1700347111\n|switch|p1a: Amoonguss|Amoonguss, M|100\/100\n|turn|26\n|\n|t:|1700347114\n|move|p2a: Staraptor|Brave Bird|p1a: Amoonguss\n|-supereffective|p1a: Amoonguss\n|-damage|p1a: Amoonguss|0 fnt\n|faint|p1a: Amoonguss\n|-damage|p2a: Staraptor|10\/100|[from] Recoil\n|\n|win|PuddLPud\n|raw|barakudalouka123's rating: 1028 &rarr; <strong>1013<\/strong><br \/>(-15 for losing)\n|raw|PuddLPud's rating: 1000 &rarr; <strong>1043<\/strong><br \/>(+43 for winning)\n|l|\u2606barakudalouka123\n|c|\u2606PuddLPud|gg\n","uploadtime":1700347133,"views":24,"p1id":"barakudalouka123","p2id":"puddlpud","formatid":"gen9ou","rating":1013,"private":0,"password":""}