{"id":"gen9ou-1996231880","p1":"Bestmaindragonite","p2":"liaoya","format":"[Gen 9] OU","log":"|j|\u2606Bestmaindragonite\n|j|\u2606liaoya\n|t:|1700662032\n|gametype|singles\n|player|p1|Bestmaindragonite|lillie|1521\n|player|p2|liaoya|petrel|1556\n|teamsize|p1|6\n|teamsize|p2|6\n|gen|9\n|tier|[Gen 9] OU\n|rated|\n|rule|Sleep Clause Mod: Limit one foe put to sleep\n|rule|Species Clause: Limit one of each Pok\u00e9mon\n|rule|OHKO Clause: OHKO moves are banned\n|rule|Evasion Items Clause: Evasion items are banned\n|rule|Evasion Moves Clause: Evasion moves are banned\n|rule|Endless Battle Clause: Forcing endless battles is banned\n|rule|HP Percentage Mod: HP is shown in percentages\n|clearpoke\n|poke|p1|Iron Jugulis|\n|poke|p1|Ogerpon-Wellspring, F|\n|poke|p1|Tinkaton, F|\n|poke|p1|Iron Moth|\n|poke|p1|Great Tusk|\n|poke|p1|Dragapult, M|\n|poke|p2|Drifblim, F|\n|poke|p2|Garganacl, F|\n|poke|p2|Umbreon, M|\n|poke|p2|Rotom-Wash|\n|poke|p2|Glimmora, M|\n|poke|p2|Espeon, F|\n|teampreview\n|inactive|Battle timer is ON: inactive players will automatically lose when time's up. (requested by liaoya)\n|\n|t:|1700662044\n|start\n|switch|p1a: Pon pon|Dragapult, M|100\/100\n|switch|p2a: Rotom|Rotom-Wash|100\/100\n|turn|1\n|\n|t:|1700662053\n|move|p1a: Pon pon|U-turn|p2a: Rotom\n|-damage|p2a: Rotom|82\/100\n|\n|t:|1700662055\n|switch|p1a: My fempirial|Ogerpon-Wellspring, F|100\/100|[from] U-turn\n|move|p2a: Rotom|Trick||[still]\n|-fail|p2a: Rotom\n|\n|upkeep\n|turn|2\n|\n|t:|1700662064\n|switch|p2a: Umbreon|Umbreon, M, shiny|100\/100\n|move|p1a: My fempirial|Horn Leech|p2a: Umbreon\n|-damage|p2a: Umbreon|71\/100\n|\n|-heal|p2a: Umbreon|77\/100|[from] item: Leftovers\n|upkeep\n|turn|3\n|\n|t:|1700662068\n|move|p1a: My fempirial|U-turn|p2a: Umbreon\n|-supereffective|p2a: Umbreon\n|-damage|p2a: Umbreon|40\/100\n|\n|t:|1700662076\n|switch|p1a: TWINKATON|Tinkaton, F|100\/100|[from] U-turn\n|-item|p1a: TWINKATON|Air Balloon\n|move|p2a: Umbreon|Foul Play|p1a: TWINKATON\n|-resisted|p1a: TWINKATON\n|-damage|p1a: TWINKATON|87\/100\n|-enditem|p1a: TWINKATON|Air Balloon\n|-enditem|p2a: Umbreon|Leftovers|[silent]|[from] ability: Pickpocket|[of] p2a: Umbreon\n|-item|p1a: TWINKATON|Leftovers|[from] ability: Pickpocket|[of] p2a: Umbreon\n|\n|-heal|p1a: TWINKATON|93\/100|[from] item: Leftovers\n|upkeep\n|turn|4\n|\n|t:|1700662081\n|switch|p2a: Espeon|Espeon, F|100\/100\n|move|p1a: TWINKATON|Stealth Rock|p2a: Espeon\n|move|p2a: Espeon|Stealth Rock|p1a: TWINKATON|[from]ability: Magic Bounce\n|-sidestart|p1: Bestmaindragonite|move: Stealth Rock\n|\n|-heal|p1a: TWINKATON|99\/100|[from] item: Leftovers\n|upkeep\n|turn|5\n|\n|t:|1700662085\n|move|p2a: Espeon|Trick|p1a: TWINKATON\n|-activate|p2a: Espeon|move: Trick|[of] p1a: TWINKATON\n|-item|p1a: TWINKATON|Choice Scarf|[from] move: Trick\n|-item|p2a: Espeon|Leftovers|[from] move: Trick\n|move|p1a: TWINKATON|Play Rough|p2a: Espeon\n|-damage|p2a: Espeon|74\/100\n|\n|-heal|p2a: Espeon|80\/100|[from] item: Leftovers\n|upkeep\n|turn|6\n|\n|t:|1700662095\n|switch|p2a: Garganacl|Garganacl, F, shiny|100\/100\n|move|p1a: TWINKATON|Play Rough|p2a: Garganacl\n|-damage|p2a: Garganacl|83\/100\n|\n|-heal|p2a: Garganacl|90\/100|[from] item: Leftovers\n|upkeep\n|turn|7\n|\n|t:|1700662100\n|move|p1a: TWINKATON|Play Rough|p2a: Garganacl\n|-damage|p2a: Garganacl|73\/100\n|move|p2a: Garganacl|Iron Defense|p2a: Garganacl\n|-boost|p2a: Garganacl|def|2\n|\n|-heal|p2a: Garganacl|79\/100|[from] item: Leftovers\n|upkeep\n|turn|8\n|\n|t:|1700662105\n|switch|p1a: Hihihiha|Iron Jugulis|100\/100\n|-damage|p1a: Hihihiha|76\/100|[from] Stealth Rock\n|-enditem|p1a: Hihihiha|Booster Energy\n|-activate|p1a: Hihihiha|ability: Quark Drive|[fromitem]\n|-start|p1a: Hihihiha|quarkdrivespe\n|-terastallize|p2a: Garganacl|Ghost\n|move|p2a: Garganacl|Salt Cure|p1a: Hihihiha\n|-supereffective|p1a: Hihihiha\n|-damage|p1a: Hihihiha|42\/100\n|-start|p1a: Hihihiha|Salt Cure\n|\n|-heal|p2a: Garganacl|85\/100|[from] item: Leftovers\n|-damage|p1a: Hihihiha|30\/100|[from] Salt Cure\n|upkeep\n|turn|9\n|\n|t:|1700662121\n|switch|p2a: Umbreon|Umbreon, M, shiny|40\/100\n|move|p1a: Hihihiha|Taunt|p2a: Umbreon\n|-start|p2a: Umbreon|move: Taunt\n|\n|-damage|p1a: Hihihiha|17\/100|[from] Salt Cure\n|upkeep\n|turn|10\n|\n|t:|1700662129\n|switch|p2a: Glimmora|Glimmora, M|100\/100\n|move|p1a: Hihihiha|Hurricane|p2a: Glimmora\n|-resisted|p2a: Glimmora\n|-damage|p2a: Glimmora|69\/100\n|\n|-damage|p1a: Hihihiha|5\/100|[from] Salt Cure\n|upkeep\n|turn|11\n|\n|t:|1700662136\n|move|p1a: Hihihiha|Taunt|p2a: Glimmora\n|-start|p2a: Glimmora|move: Taunt\n|cant|p2a: Glimmora|move: Taunt|Light Screen\n|\n|-damage|p1a: Hihihiha|0 fnt|[from] Salt Cure\n|faint|p1a: Hihihiha\n|-end|p1a: Hihihiha|Quark Drive|[silent]\n|upkeep\n|\n|t:|1700662152\n|switch|p1a: Pon pon|Dragapult, M|100\/100\n|-damage|p1a: Pon pon|88\/100|[from] Stealth Rock\n|turn|12\n|\n|t:|1700662157\n|-terastallize|p1a: Pon pon|Ghost\n|move|p1a: Pon pon|Shadow Ball|p2a: Glimmora\n|-damage|p2a: Glimmora|0 fnt\n|faint|p2a: Glimmora\n|\n|upkeep\n|\n|t:|1700662168\n|switch|p2a: Umbreon|Umbreon, M, shiny|40\/100\n|turn|13\n|\n|t:|1700662171\n|switch|p1a: Tera type ice lol|Great Tusk|100\/100\n|-damage|p1a: Tera type ice lol|98\/100|[from] Stealth Rock\n|-enditem|p1a: Tera type ice lol|Booster Energy\n|-activate|p1a: Tera type ice lol|ability: Protosynthesis|[fromitem]\n|-start|p1a: Tera type ice lol|protosynthesisspe\n|move|p2a: Umbreon|Protect||[still]\n|-fail|p2a: Umbreon\n|\n|upkeep\n|turn|14\n|\n|t:|1700662175\n|switch|p2a: Garganacl|Garganacl, F, shiny, tera:Ghost|85\/100\n|move|p1a: Tera type ice lol|Rapid Spin|p2a: Garganacl\n|-immune|p2a: Garganacl\n|\n|-heal|p2a: Garganacl|91\/100|[from] item: Leftovers\n|upkeep\n|turn|15\n|\n|t:|1700662181\n|-end|p1a: Tera type ice lol|Protosynthesis|[silent]\n|switch|p1a: Pon pon|Dragapult, M, tera:Ghost|88\/100\n|-damage|p1a: Pon pon|76\/100|[from] Stealth Rock\n|move|p2a: Garganacl|Iron Defense|p2a: Garganacl\n|-boost|p2a: Garganacl|def|2\n|\n|-heal|p2a: Garganacl|97\/100|[from] item: Leftovers\n|upkeep\n|turn|16\n|\n|t:|1700662183\n|move|p1a: Pon pon|Shadow Ball|p2a: Garganacl\n|-supereffective|p2a: Garganacl\n|-damage|p2a: Garganacl|51\/100\n|move|p2a: Garganacl|Salt Cure|p1a: Pon pon\n|-damage|p1a: Pon pon|59\/100\n|-start|p1a: Pon pon|Salt Cure\n|\n|-heal|p2a: Garganacl|57\/100|[from] item: Leftovers\n|-damage|p1a: Pon pon|46\/100|[from] Salt Cure\n|upkeep\n|turn|17\n|\n|t:|1700662187\n|move|p1a: Pon pon|Shadow Ball|p2a: Garganacl\n|-supereffective|p2a: Garganacl\n|-damage|p2a: Garganacl|14\/100\n|move|p2a: Garganacl|Recover|p2a: Garganacl\n|-heal|p2a: Garganacl|64\/100\n|\n|-heal|p2a: Garganacl|71\/100|[from] item: Leftovers\n|-damage|p1a: Pon pon|34\/100|[from] Salt Cure\n|upkeep\n|turn|18\n|\n|t:|1700662197\n|switch|p1a: Assalt vested*|Iron Moth|100\/100\n|-damage|p1a: Assalt vested*|76\/100|[from] Stealth Rock\n|-enditem|p1a: Assalt vested*|Booster Energy\n|-activate|p1a: Assalt vested*|ability: Quark Drive|[fromitem]\n|-start|p1a: Assalt vested*|quarkdrivespe\n|move|p2a: Garganacl|Recover|p2a: Garganacl\n|-heal|p2a: Garganacl|100\/100\n|\n|upkeep\n|turn|19\n|\n|t:|1700662200\n|move|p1a: Assalt vested*|Fiery Dance|p2a: Garganacl\n|-damage|p2a: Garganacl|75\/100\n|-boost|p1a: Assalt vested*|spa|1\n|move|p2a: Garganacl|Salt Cure|p1a: Assalt vested*\n|-supereffective|p1a: Assalt vested*\n|-damage|p1a: Assalt vested*|37\/100\n|-start|p1a: Assalt vested*|Salt Cure\n|\n|-heal|p2a: Garganacl|81\/100|[from] item: Leftovers\n|-damage|p1a: Assalt vested*|25\/100|[from] Salt Cure\n|upkeep\n|turn|20\n|\n|t:|1700662206\n|move|p1a: Assalt vested*|Fiery Dance|p2a: Garganacl\n|-damage|p2a: Garganacl|39\/100\n|move|p2a: Garganacl|Recover|p2a: Garganacl\n|-heal|p2a: Garganacl|89\/100\n|\n|-heal|p2a: Garganacl|95\/100|[from] item: Leftovers\n|-damage|p1a: Assalt vested*|12\/100|[from] Salt Cure\n|upkeep\n|turn|21\n|\n|t:|1700662212\n|move|p1a: Assalt vested*|Fiery Dance|p2a: Garganacl\n|-damage|p2a: Garganacl|54\/100\n|-boost|p1a: Assalt vested*|spa|1\n|move|p2a: Garganacl|Recover|p2a: Garganacl\n|-heal|p2a: Garganacl|100\/100\n|\n|-damage|p1a: Assalt vested*|0 fnt|[from] Salt Cure\n|faint|p1a: Assalt vested*\n|-end|p1a: Assalt vested*|Quark Drive|[silent]\n|upkeep\n|-message|Bestmaindragonite forfeited.\n|\n|win|liaoya\n|raw|Bestmaindragonite's rating: 1521 &rarr; <strong>1503<\/strong><br \/>(-18 for losing)\n|raw|liaoya's rating: 1556 &rarr; <strong>1574<\/strong><br \/>(+18 for winning)\n|l|\u2606Bestmaindragonite\n","uploadtime":1700662219,"views":0,"p1id":"bestmaindragonite","p2id":"liaoya","formatid":"gen9ou","rating":1503,"private":0,"password":""}