{"id":"gen9ou-1993481252","p1":"MarburgCOVEbola","p2":"hypervortex7","format":"[Gen 9] OU","log":"|j|\u2606MarburgCOVEbola\n|j|\u2606hypervortex7\n|t:|1700323089\n|gametype|singles\n|player|p1|MarburgCOVEbola|biker-gen4|1271\n|player|p2|hypervortex7|265|1244\n|teamsize|p1|6\n|teamsize|p2|6\n|gen|9\n|tier|[Gen 9] OU\n|rated|\n|rule|Sleep Clause Mod: Limit one foe put to sleep\n|rule|Species Clause: Limit one of each Pok\u00e9mon\n|rule|OHKO Clause: OHKO moves are banned\n|rule|Evasion Items Clause: Evasion items are banned\n|rule|Evasion Moves Clause: Evasion moves are banned\n|rule|Endless Battle Clause: Forcing endless battles is banned\n|rule|HP Percentage Mod: HP is shown in percentages\n|clearpoke\n|poke|p1|Typhlosion-Hisui, F|\n|poke|p1|Ting-Lu|\n|poke|p1|Torkoal, F|\n|poke|p1|Meowscarada, M|\n|poke|p1|Hatterene, F|\n|poke|p1|Walking Wake|\n|poke|p2|Gengar, F|\n|poke|p2|Dragonite, M|\n|poke|p2|Scizor, M|\n|poke|p2|Zapdos|\n|poke|p2|Primeape, F|\n|poke|p2|Vaporeon, M|\n|teampreview\n|\n|t:|1700323094\n|start\n|switch|p1a: Meowscarada|Meowscarada, M|100\/100\n|switch|p2a: Primeape|Primeape, F|100\/100\n|turn|1\n|\n|t:|1700323125\n|move|p1a: Meowscarada|U-turn|p2a: Primeape\n|-start|p1a: Meowscarada|typechange|Bug|[from] ability: Protean\n|-resisted|p2a: Primeape\n|-damage|p2a: Primeape|71\/100\n|\n|t:|1700323130\n|switch|p1a: Torkoal|Torkoal, F|100\/100|[from] U-turn\n|-weather|SunnyDay|[from] ability: Drought|[of] p1a: Torkoal\n|move|p2a: Primeape|Stealth Rock|p1a: Torkoal\n|-sidestart|p1: MarburgCOVEbola|move: Stealth Rock\n|\n|-weather|SunnyDay|[upkeep]\n|-heal|p2a: Primeape|77\/100|[from] item: Leftovers\n|upkeep\n|turn|2\n|\n|t:|1700323138\n|switch|p2a: Gengar|Gengar, F|100\/100\n|move|p1a: Torkoal|Rapid Spin|p2a: Gengar\n|-immune|p2a: Gengar\n|\n|-weather|SunnyDay|[upkeep]\n|upkeep\n|turn|3\n|\n|t:|1700323145\n|switch|p1a: Ting-Lu|Ting-Lu|100\/100\n|-damage|p1a: Ting-Lu|94\/100|[from] Stealth Rock\n|-ability|p1a: Ting-Lu|Vessel of Ruin\n|move|p2a: Gengar|Trick|p1a: Ting-Lu\n|-activate|p2a: Gengar|move: Trick|[of] p1a: Ting-Lu\n|-item|p1a: Ting-Lu|Choice Scarf|[from] move: Trick\n|-item|p2a: Gengar|Leftovers|[from] move: Trick\n|\n|-weather|SunnyDay|[upkeep]\n|upkeep\n|turn|4\n|\n|t:|1700323154\n|switch|p2a: Dragonite|Dragonite, M|100\/100\n|move|p1a: Ting-Lu|Spikes|p2a: Dragonite\n|-sidestart|p2: hypervortex7|Spikes\n|\n|-weather|SunnyDay|[upkeep]\n|upkeep\n|turn|5\n|\n|t:|1700323162\n|switch|p1a: Hatterene|Hatterene, F|100\/100\n|-damage|p1a: Hatterene|88\/100|[from] Stealth Rock\n|move|p2a: Dragonite|Dragon Dance|p2a: Dragonite\n|-boost|p2a: Dragonite|atk|1\n|-boost|p2a: Dragonite|spe|1\n|\n|-weather|SunnyDay|[upkeep]\n|upkeep\n|turn|6\n|\n|t:|1700323169\n|move|p2a: Dragonite|Extreme Speed|p1a: Hatterene\n|-damage|p1a: Hatterene|35\/100\n|-enditem|p1a: Hatterene|Eject Button\n|\n|t:|1700323176\n|switch|p1a: Ting-Lu|Ting-Lu|94\/100\n|-damage|p1a: Ting-Lu|88\/100|[from] Stealth Rock\n|-ability|p1a: Ting-Lu|Vessel of Ruin\n|\n|-weather|SunnyDay|[upkeep]\n|upkeep\n|turn|7\n|\n|t:|1700323184\n|move|p2a: Dragonite|Waterfall|p1a: Ting-Lu\n|-supereffective|p1a: Ting-Lu\n|-damage|p1a: Ting-Lu|67\/100\n|move|p1a: Ting-Lu|Whirlwind|p2a: Dragonite\n|drag|p2a: Scizor|Scizor, M|100\/100\n|-damage|p2a: Scizor|88\/100|[from] Spikes\n|\n|-weather|SunnyDay|[upkeep]\n|upkeep\n|turn|8\n|\n|t:|1700323192\n|switch|p1a: Torkoal|Torkoal, F|100\/100\n|-damage|p1a: Torkoal|76\/100|[from] Stealth Rock\n|move|p2a: Scizor|Swords Dance|p2a: Scizor\n|-boost|p2a: Scizor|atk|2\n|\n|-weather|none\n|upkeep\n|turn|9\n|inactive|Battle timer is ON: inactive players will automatically lose when time's up. (requested by MarburgCOVEbola)\n|\n|t:|1700323199\n|move|p2a: Scizor|Quick Attack|p1a: Torkoal\n|-damage|p1a: Torkoal|42\/100\n|-damage|p2a: Scizor|78\/100|[from] item: Life Orb\n|move|p1a: Torkoal|Lava Plume|p2a: Scizor\n|-supereffective|p2a: Scizor\n|-damage|p2a: Scizor|0 fnt\n|faint|p2a: Scizor\n|\n|upkeep\n|\n|t:|1700323207\n|switch|p2a: Dragonite|Dragonite, M|100\/100\n|turn|10\n|\n|t:|1700323210\n|move|p2a: Dragonite|Dragon Dance|p2a: Dragonite\n|-boost|p2a: Dragonite|atk|1\n|-boost|p2a: Dragonite|spe|1\n|move|p1a: Torkoal|Lava Plume|p2a: Dragonite\n|-resisted|p2a: Dragonite\n|-damage|p2a: Dragonite|95\/100\n|\n|upkeep\n|turn|11\n|\n|t:|1700323217\n|move|p2a: Dragonite|Waterfall|p1a: Torkoal\n|-supereffective|p1a: Torkoal\n|-damage|p1a: Torkoal|0 fnt\n|faint|p1a: Torkoal\n|\n|upkeep\n|-message|MarburgCOVEbola forfeited.\n|\n|win|hypervortex7\n|raw|MarburgCOVEbola's rating: 1271 &rarr; <strong>1244<\/strong><br \/>(-27 for losing)\n|raw|hypervortex7's rating: 1244 &rarr; <strong>1271<\/strong><br \/>(+27 for winning)\n|l|\u2606MarburgCOVEbola\n","uploadtime":1700323228,"views":14,"p1id":"marburgcovebola","p2id":"hypervortex7","formatid":"gen9ou","rating":1244,"private":0,"password":""}