{"id":"gen9ou-1991877814","p1":"dsghjbvgshjbskjvbh","p2":"pokemonmasterdu36","format":"[Gen 9] OU","log":"|j|\u2606dsghjbvgshjbskjvbh\n|j|\u2606pokemonmasterdu36\n|t:|1700132462\n|gametype|singles\n|player|p1|dsghjbvgshjbskjvbh|265|1008\n|player|p2|pokemonmasterdu36|2|1040\n|teamsize|p1|6\n|teamsize|p2|6\n|gen|9\n|tier|[Gen 9] OU\n|rated|\n|rule|Sleep Clause Mod: Limit one foe put to sleep\n|rule|Species Clause: Limit one of each Pok\u00e9mon\n|rule|OHKO Clause: OHKO moves are banned\n|rule|Evasion Items Clause: Evasion items are banned\n|rule|Evasion Moves Clause: Evasion moves are banned\n|rule|Endless Battle Clause: Forcing endless battles is banned\n|rule|HP Percentage Mod: HP is shown in percentages\n|clearpoke\n|poke|p1|Greninja-*, M|\n|poke|p1|Kingambit, M|\n|poke|p1|Corviknight, M|\n|poke|p1|Enamorus, F|\n|poke|p1|Samurott-Hisui, M|\n|poke|p1|Manaphy|\n|poke|p2|Ceruledge, F|\n|poke|p2|Ogerpon-Wellspring, F|\n|poke|p2|Walking Wake|\n|poke|p2|Infernape, M|\n|poke|p2|Thundurus-Therian, M|\n|poke|p2|Kingambit, M|\n|teampreview\n|inactive|Battle timer is ON: inactive players will automatically lose when time's up. (requested by pokemonmasterdu36)\n|inactive|pokemonmasterdu36 has 120 seconds left.\n|\n|t:|1700132500\n|start\n|switch|p1a: Samurott|Samurott-Hisui, M|100\/100\n|switch|p2a: Thundurus|Thundurus-Therian, M|100\/100\n|turn|1\n|\n|t:|1700132509\n|-terastallize|p1a: Samurott|Steel\n|move|p1a: Samurott|Ceaseless Edge|p2a: Thundurus\n|-damage|p2a: Thundurus|35\/100\n|-sidestart|p2: pokemonmasterdu36|Spikes\n|move|p2a: Thundurus|Thunderbolt|p1a: Samurott\n|-damage|p1a: Samurott|0 fnt\n|faint|p1a: Samurott\n|\n|upkeep\n|\n|t:|1700132529\n|switch|p1a: Greninja|Greninja, M|100\/100\n|turn|2\n|\n|t:|1700132533\n|switch|p2a: Ogerpon|Ogerpon-Wellspring, F|100\/100\n|-damage|p2a: Ogerpon|88\/100|[from] Spikes\n|move|p1a: Greninja|Ice Beam|p2a: Ogerpon\n|-start|p1a: Greninja|typechange|Ice|[from] ability: Protean\n|-damage|p2a: Ogerpon|22\/100\n|-damage|p1a: Greninja|91\/100|[from] item: Life Orb\n|\n|upkeep\n|turn|3\n|\n|t:|1700132542\n|move|p1a: Greninja|Ice Beam|p2a: Ogerpon\n|-damage|p2a: Ogerpon|0 fnt\n|faint|p2a: Ogerpon\n|-damage|p1a: Greninja|81\/100|[from] item: Life Orb\n|\n|upkeep\n|\n|t:|1700132544\n|switch|p2a: Walking Wake|Walking Wake|100\/100\n|-damage|p2a: Walking Wake|88\/100|[from] Spikes\n|turn|4\n|\n|t:|1700132549\n|move|p1a: Greninja|U-turn|p2a: Walking Wake\n|-crit|p2a: Walking Wake\n|-damage|p2a: Walking Wake|58\/100\n|-damage|p1a: Greninja|71\/100|[from] item: Life Orb\n|\n|t:|1700132551\n|switch|p1a: Enamorus|Enamorus, F|100\/100|[from] U-turn\n|move|p2a: Walking Wake|Sunny Day|p2a: Walking Wake\n|-weather|SunnyDay\n|-activate|p2a: Walking Wake|ability: Protosynthesis\n|-start|p2a: Walking Wake|protosynthesisspe\n|\n|-weather|SunnyDay|[upkeep]\n|upkeep\n|turn|5\n|\n|t:|1700132561\n|move|p2a: Walking Wake|Hydro Steam|p1a: Enamorus\n|-damage|p1a: Enamorus|22\/100\n|-damage|p2a: Walking Wake|49\/100|[from] item: Life Orb\n|move|p1a: Enamorus|Play Rough|p2a: Walking Wake\n|-supereffective|p2a: Walking Wake\n|-crit|p2a: Walking Wake\n|-damage|p2a: Walking Wake|0 fnt\n|faint|p2a: Walking Wake\n|-end|p2a: Walking Wake|Protosynthesis|[silent]\n|\n|-weather|SunnyDay|[upkeep]\n|upkeep\n|\n|t:|1700132573\n|switch|p2a: Infernape|Infernape, M|100\/100\n|-damage|p2a: Infernape|88\/100|[from] Spikes\n|turn|6\n|\n|t:|1700132581\n|move|p2a: Infernape|Fire Punch|p1a: Enamorus\n|-damage|p1a: Enamorus|0 fnt\n|faint|p1a: Enamorus\n|\n|-weather|SunnyDay|[upkeep]\n|upkeep\n|\n|t:|1700132594\n|switch|p1a: Manaphy|Manaphy|100\/100\n|turn|7\n|\n|t:|1700132607\n|switch|p2a: Ceruledge|Ceruledge, F|100\/100\n|-damage|p2a: Ceruledge|88\/100|[from] Spikes\n|move|p1a: Manaphy|Scald|p2a: Ceruledge\n|-supereffective|p2a: Ceruledge\n|-damage|p2a: Ceruledge|45\/100\n|\n|-weather|SunnyDay|[upkeep]\n|upkeep\n|turn|8\n|\n|t:|1700132615\n|move|p1a: Manaphy|Scald|p2a: Ceruledge\n|-supereffective|p2a: Ceruledge\n|-damage|p2a: Ceruledge|5\/100\n|move|p2a: Ceruledge|Poltergeist|p1a: Manaphy\n|-activate|p1a: Manaphy|move: Poltergeist|Weakness Policy\n|-damage|p1a: Manaphy|49\/100\n|\n|-weather|none\n|upkeep\n|turn|9\n|\n|t:|1700132619\n|move|p2a: Ceruledge|Shadow Sneak|p1a: Manaphy\n|-damage|p1a: Manaphy|29\/100\n|move|p1a: Manaphy|Scald|p2a: Ceruledge\n|-supereffective|p2a: Ceruledge\n|-damage|p2a: Ceruledge|0 fnt\n|faint|p2a: Ceruledge\n|\n|upkeep\n|\n|t:|1700132623\n|switch|p2a: Infernape|Infernape, M|88\/100\n|-damage|p2a: Infernape|76\/100|[from] Spikes\n|turn|10\n|\n|t:|1700132626\n|move|p2a: Infernape|Drain Punch|p1a: Manaphy\n|-damage|p1a: Manaphy|0 fnt\n|-heal|p2a: Infernape|93\/100|[from] drain|[of] p1a: Manaphy\n|faint|p1a: Manaphy\n|\n|upkeep\n|\n|t:|1700132628\n|switch|p1a: Greninja|Greninja, M|71\/100\n|turn|11\n|\n|t:|1700132632\n|-terastallize|p2a: Infernape|Fighting\n|move|p1a: Greninja|Surf|p2a: Infernape\n|-start|p1a: Greninja|typechange|Water|[from] ability: Protean\n|-damage|p2a: Infernape|15\/100\n|-damage|p1a: Greninja|61\/100|[from] item: Life Orb\n|move|p2a: Infernape|Drain Punch|p1a: Greninja\n|-damage|p1a: Greninja|0 fnt\n|-heal|p2a: Infernape|45\/100|[from] drain|[of] p1a: Greninja\n|faint|p1a: Greninja\n|\n|upkeep\n|\n|t:|1700132647\n|switch|p1a: Kingambit|Kingambit, M|100\/100\n|-activate|p1a: Kingambit|ability: Supreme Overlord\n|-start|p1a: Kingambit|fallen4|[silent]\n|turn|12\n|\n|t:|1700132653\n|move|p2a: Infernape|Drain Punch|p1a: Kingambit\n|-supereffective|p1a: Kingambit\n|-damage|p1a: Kingambit|0 fnt\n|-heal|p2a: Infernape|100\/100|[from] drain|[of] p1a: Kingambit\n|faint|p1a: Kingambit\n|-end|p1a: Kingambit|fallen4|[silent]\n|\n|upkeep\n|-message|dsghjbvgshjbskjvbh forfeited.\n|\n|win|pokemonmasterdu36\n|raw|dsghjbvgshjbskjvbh's rating: 1008 &rarr; <strong>1000<\/strong><br \/>(-8 for losing)\n|raw|pokemonmasterdu36's rating: 1040 &rarr; <strong>1071<\/strong><br \/>(+31 for winning)\n|l|\u2606dsghjbvgshjbskjvbh\n","uploadtime":1700132660,"views":12,"p1id":"dsghjbvgshjbskjvbh","p2id":"pokemonmasterdu36","formatid":"gen9ou","rating":1000,"private":0,"password":""}