{"id":"gen9ou-1988571399","p1":"JustATree777","p2":"Ventus230","format":"[Gen 9] OU","log":"|j|\u2606JustATree777\n|j|\u2606Ventus230\n|t:|1699737393\n|gametype|singles\n|player|p1|JustATree777|2|\n|player|p2|Ventus230|266|\n|teamsize|p1|6\n|teamsize|p2|6\n|gen|9\n|tier|[Gen 9] OU\n|rule|Sleep Clause Mod: Limit one foe put to sleep\n|rule|Species Clause: Limit one of each Pok\u00e9mon\n|rule|OHKO Clause: OHKO moves are banned\n|rule|Evasion Items Clause: Evasion items are banned\n|rule|Evasion Moves Clause: Evasion moves are banned\n|rule|Endless Battle Clause: Forcing endless battles is banned\n|rule|HP Percentage Mod: HP is shown in percentages\n|clearpoke\n|poke|p1|Rillaboom, F|\n|poke|p1|Iron Hands|\n|poke|p1|Dondozo, F|\n|poke|p1|Cresselia, F|\n|poke|p1|Thundurus, M|\n|poke|p1|Walking Wake|\n|poke|p2|Glimmora, M|\n|poke|p2|Iron Moth|\n|poke|p2|Sneasler, F|\n|poke|p2|Kommo-o, F|\n|poke|p2|Clodsire, M|\n|poke|p2|Iron Valiant|\n|teampreview\n|j| shyguyry\n|j| clam10000\n|\n|t:|1699737455\n|start\n|switch|p1a: Rubber Ducky|Cresselia, F|100\/100\n|switch|p2a: Iron Valiant|Iron Valiant|100\/100\n|-enditem|p2a: Iron Valiant|Booster Energy\n|-activate|p2a: Iron Valiant|ability: Quark Drive|[fromitem]\n|-start|p2a: Iron Valiant|quarkdrivespe\n|turn|1\n|j| xhakurai\n|\n|t:|1699737493\n|-end|p2a: Iron Valiant|Quark Drive|[silent]\n|switch|p2a: Clodsire|Clodsire, M|100\/100\n|move|p1a: Rubber Ducky|Trick Room|p1a: Rubber Ducky\n|-fieldstart|move: Trick Room|[of] p1a: Rubber Ducky\n|\n|upkeep\n|turn|2\n|\n|t:|1699737513\n|-terastallize|p1a: Rubber Ducky|Poison\n|move|p2a: Clodsire|Amnesia|p2a: Clodsire\n|-boost|p2a: Clodsire|spd|2\n|move|p1a: Rubber Ducky|Psychic|p2a: Clodsire\n|-supereffective|p2a: Clodsire\n|-damage|p2a: Clodsire|87\/100\n|\n|-heal|p2a: Clodsire|93\/100|[from] item: Leftovers\n|upkeep\n|turn|3\n|\n|t:|1699737530\n|switch|p1a: Im Done|Dondozo, F|100\/100\n|move|p2a: Clodsire|Earthquake|p1a: Im Done\n|-damage|p1a: Im Done|86\/100\n|\n|-heal|p2a: Clodsire|99\/100|[from] item: Leftovers\n|upkeep\n|turn|4\n|\n|t:|1699737552\n|move|p2a: Clodsire|Toxic|p1a: Im Done\n|-status|p1a: Im Done|tox\n|move|p1a: Im Done|Wave Crash|p2a: Clodsire\n|-heal|p2a: Clodsire|100\/100|[from] ability: Water Absorb|[of] p1a: Im Done\n|\n|-damage|p1a: Im Done|80\/100 tox|[from] psn\n|upkeep\n|turn|5\n|\n|t:|1699737561\n|move|p2a: Clodsire|Earthquake|p1a: Im Done\n|-damage|p1a: Im Done|67\/100 tox\n|move|p1a: Im Done|Avalanche|p2a: Clodsire\n|-supereffective|p2a: Clodsire\n|-damage|p2a: Clodsire|42\/100\n|\n|-heal|p2a: Clodsire|48\/100|[from] item: Leftovers\n|-damage|p1a: Im Done|55\/100 tox|[from] psn\n|-fieldend|move: Trick Room\n|upkeep\n|turn|6\n|\n|t:|1699737588\n|switch|p2a: Glimmora|Glimmora, M|100\/100\n|move|p1a: Im Done|Avalanche|p2a: Glimmora\n|-damage|p2a: Glimmora|83\/100\n|-activate|p2a: Glimmora|ability: Toxic Debris\n|-sidestart|p1: JustATree777|move: Toxic Spikes\n|\n|-damage|p1a: Im Done|36\/100 tox|[from] psn\n|upkeep\n|turn|7\n|\n|t:|1699737596\n|move|p2a: Glimmora|Stealth Rock|p1a: Im Done\n|-sidestart|p1: JustATree777|move: Stealth Rock\n|move|p1a: Im Done|Wave Crash|p2a: Glimmora\n|-supereffective|p2a: Glimmora\n|-crit|p2a: Glimmora\n|-damage|p2a: Glimmora|0 fnt\n|-activate|p2a: Glimmora|ability: Toxic Debris\n|-sidestart|p1: JustATree777|move: Toxic Spikes\n|faint|p2a: Glimmora\n|-damage|p1a: Im Done|17\/100 tox|[from] Recoil\n|\n|-damage|p1a: Im Done|0 fnt|[from] psn\n|faint|p1a: Im Done\n|upkeep\n|\n|t:|1699737615\n|switch|p2a: Iron Valiant|Iron Valiant|100\/100\n|switch|p1a: Rubber Ducky|Cresselia, F, tera:Poison|100\/100\n|-damage|p1a: Rubber Ducky|88\/100|[from] Stealth Rock\n|turn|8\n|\n|t:|1699737632\n|move|p2a: Iron Valiant|Ice Punch|p1a: Rubber Ducky\n|-damage|p1a: Rubber Ducky|72\/100\n|-status|p1a: Rubber Ducky|frz\n|-curestatus|p1a: Rubber Ducky|frz|[msg]\n|move|p1a: Rubber Ducky|Thunder Wave|p2a: Iron Valiant\n|-status|p2a: Iron Valiant|par\n|\n|-heal|p1a: Rubber Ducky|78\/100|[from] item: Leftovers\n|upkeep\n|turn|9\n|\n|t:|1699737646\n|move|p1a: Rubber Ducky|Psychic|p2a: Iron Valiant\n|-supereffective|p2a: Iron Valiant\n|-damage|p2a: Iron Valiant|5\/100 par\n|cant|p2a: Iron Valiant|par\n|\n|-heal|p1a: Rubber Ducky|84\/100|[from] item: Leftovers\n|upkeep\n|turn|10\n|\n|t:|1699737656\n|move|p1a: Rubber Ducky|Psychic|p2a: Iron Valiant\n|-supereffective|p2a: Iron Valiant\n|-damage|p2a: Iron Valiant|0 fnt\n|faint|p2a: Iron Valiant\n|-end|p2a: Iron Valiant|Quark Drive|[silent]\n|\n|-heal|p1a: Rubber Ducky|90\/100|[from] item: Leftovers\n|upkeep\n|\n|t:|1699737667\n|switch|p2a: Kommo-o|Kommo-o, F|100\/100\n|turn|11\n|\n|t:|1699737680\n|switch|p2a: Clodsire|Clodsire, M|48\/100\n|move|p1a: Rubber Ducky|Trick Room|p1a: Rubber Ducky\n|-fieldstart|move: Trick Room|[of] p1a: Rubber Ducky\n|\n|-heal|p2a: Clodsire|54\/100|[from] item: Leftovers\n|-heal|p1a: Rubber Ducky|97\/100|[from] item: Leftovers\n|upkeep\n|turn|12\n|\n|t:|1699737707\n|switch|p1a: Rillaboom?|Thundurus, M, shiny|100\/100\n|move|p2a: Clodsire|Toxic|p1a: Rillaboom?\n|-status|p1a: Rillaboom?|tox\n|\n|-heal|p2a: Clodsire|60\/100|[from] item: Leftovers\n|-damage|p1a: Rillaboom?|94\/100 tox|[from] psn\n|upkeep\n|turn|13\n|\n|t:|1699737716\n|move|p1a: Rillaboom?|Nasty Plot|p1a: Rillaboom?\n|-boost|p1a: Rillaboom?|spa|2\n|move|p2a: Clodsire|Amnesia|p2a: Clodsire\n|-boost|p2a: Clodsire|spd|2\n|\n|-heal|p2a: Clodsire|66\/100|[from] item: Leftovers\n|-damage|p1a: Rillaboom?|82\/100 tox|[from] psn\n|upkeep\n|turn|14\n|\n|t:|1699737747\n|move|p1a: Rillaboom?|Taunt|p2a: Clodsire\n|-start|p2a: Clodsire|move: Taunt\n|cant|p2a: Clodsire|move: Taunt|Amnesia\n|\n|-heal|p2a: Clodsire|72\/100|[from] item: Leftovers\n|-damage|p1a: Rillaboom?|64\/100 tox|[from] psn\n|upkeep\n|turn|15\n|\n|t:|1699737797\n|-terastallize|p2a: Clodsire|Dark\n|move|p1a: Rillaboom?|Nasty Plot|p1a: Rillaboom?\n|-boost|p1a: Rillaboom?|spa|2\n|move|p2a: Clodsire|Earthquake|p1a: Rillaboom?\n|-immune|p1a: Rillaboom?\n|\n|-heal|p2a: Clodsire|78\/100|[from] item: Leftovers\n|-damage|p1a: Rillaboom?|40\/100 tox|[from] psn\n|-fieldend|move: Trick Room\n|upkeep\n|turn|16\n|\n|t:|1699737808\n|move|p1a: Rillaboom?|Thunderbolt|p2a: Clodsire\n|-damage|p2a: Clodsire|39\/100\n|move|p2a: Clodsire|Earthquake|p1a: Rillaboom?\n|-immune|p1a: Rillaboom?\n|\n|-heal|p2a: Clodsire|45\/100|[from] item: Leftovers\n|-damage|p1a: Rillaboom?|10\/100 tox|[from] psn\n|-end|p2a: Clodsire|move: Taunt\n|upkeep\n|turn|17\n|\n|t:|1699737826\n|switch|p1a: ook|Rillaboom, F|100\/100\n|-status|p1a: ook|tox\n|-damage|p1a: ook|88\/100 tox|[from] Stealth Rock\n|-fieldstart|move: Grassy Terrain|[from] ability: Grassy Surge|[of] p1a: ook\n|move|p2a: Clodsire|Recover|p2a: Clodsire\n|-heal|p2a: Clodsire|95\/100\n|\n|-heal|p1a: ook|94\/100 tox|[from] Grassy Terrain\n|-heal|p2a: Clodsire|100\/100|[from] Grassy Terrain\n|-damage|p1a: ook|88\/100 tox|[from] psn\n|upkeep\n|turn|18\n|\n|t:|1699737858\n|move|p1a: ook|Drain Punch|p2a: Clodsire\n|-supereffective|p2a: Clodsire\n|-damage|p2a: Clodsire|41\/100\n|-heal|p1a: ook|100\/100 tox|[from] drain|[of] p2a: Clodsire\n|move|p2a: Clodsire|Recover|p2a: Clodsire\n|-heal|p2a: Clodsire|91\/100\n|\n|-heal|p2a: Clodsire|97\/100|[from] Grassy Terrain\n|-heal|p2a: Clodsire|100\/100|[from] item: Leftovers\n|-damage|p1a: ook|89\/100 tox|[from] psn\n|upkeep\n|turn|19\n|\n|t:|1699737887\n|switch|p2a: Kommo-o|Kommo-o, F|100\/100\n|move|p1a: ook|Knock Off|p2a: Kommo-o\n|-resisted|p2a: Kommo-o\n|-damage|p2a: Kommo-o|80\/100\n|-enditem|p2a: Kommo-o|Leftovers|[from] move: Knock Off|[of] p1a: ook\n|\n|-heal|p2a: Kommo-o|86\/100|[from] Grassy Terrain\n|-heal|p1a: ook|95\/100 tox|[from] Grassy Terrain\n|-damage|p1a: ook|77\/100 tox|[from] psn\n|upkeep\n|turn|20\n|\n|t:|1699737939\n|move|p2a: Kommo-o|Clanging Scales|p1a: ook\n|-damage|p1a: ook|12\/100 tox\n|-unboost|p2a: Kommo-o|def|1\n|move|p1a: ook|U-turn|p2a: Kommo-o\n|-resisted|p2a: Kommo-o\n|-damage|p2a: Kommo-o|66\/100\n|\n|t:|1699737946\n|switch|p1a: Rubber Ducky|Cresselia, F, tera:Poison|97\/100|[from] U-turn\n|-damage|p1a: Rubber Ducky|84\/100|[from] Stealth Rock\n|\n|-heal|p2a: Kommo-o|73\/100|[from] Grassy Terrain\n|-heal|p1a: Rubber Ducky|90\/100|[from] item: Leftovers\n|upkeep\n|turn|21\n|\n|t:|1699737958\n|move|p2a: Kommo-o|Boomburst|p1a: Rubber Ducky\n|-damage|p1a: Rubber Ducky|66\/100\n|move|p1a: Rubber Ducky|Moonblast|p2a: Kommo-o\n|-supereffective|p2a: Kommo-o\n|-damage|p2a: Kommo-o|0 fnt\n|faint|p2a: Kommo-o\n|\n|-heal|p1a: Rubber Ducky|73\/100|[from] item: Leftovers\n|upkeep\n|\n|t:|1699737977\n|switch|p2a: Sneasler|Sneasler, F|100\/100\n|turn|22\n|\n|t:|1699738006\n|move|p2a: Sneasler|Dire Claw|p1a: Rubber Ducky\n|-resisted|p1a: Rubber Ducky\n|-damage|p1a: Rubber Ducky|53\/100\n|-status|p1a: Rubber Ducky|par\n|cant|p1a: Rubber Ducky|par\n|\n|-heal|p1a: Rubber Ducky|59\/100 par|[from] item: Leftovers\n|upkeep\n|turn|23\n|\n|t:|1699738014\n|move|p2a: Sneasler|Dire Claw|p1a: Rubber Ducky\n|-resisted|p1a: Rubber Ducky\n|-damage|p1a: Rubber Ducky|39\/100 par\n|move|p1a: Rubber Ducky|Psychic|p2a: Sneasler\n|-supereffective|p2a: Sneasler\n|-damage|p2a: Sneasler|0 fnt\n|faint|p2a: Sneasler\n|\n|-heal|p1a: Rubber Ducky|45\/100 par|[from] item: Leftovers\n|upkeep\n|\n|t:|1699738032\n|switch|p2a: Iron Moth|Iron Moth|100\/100\n|-enditem|p2a: Iron Moth|Booster Energy\n|-activate|p2a: Iron Moth|ability: Quark Drive|[fromitem]\n|-start|p2a: Iron Moth|quarkdrivespe\n|turn|24\n|\n|t:|1699738041\n|move|p2a: Iron Moth|Fiery Dance|p1a: Rubber Ducky\n|-damage|p1a: Rubber Ducky|21\/100 par\n|move|p1a: Rubber Ducky|Thunder Wave|p2a: Iron Moth\n|-status|p2a: Iron Moth|par\n|\n|-heal|p1a: Rubber Ducky|27\/100 par|[from] item: Leftovers\n|-fieldend|move: Grassy Terrain\n|upkeep\n|turn|25\n|\n|t:|1699738058\n|move|p2a: Iron Moth|Fiery Dance|p1a: Rubber Ducky\n|-damage|p1a: Rubber Ducky|3\/100 par\n|move|p1a: Rubber Ducky|Psychic|p2a: Iron Moth\n|-supereffective|p2a: Iron Moth\n|-damage|p2a: Iron Moth|48\/100 par\n|\n|-heal|p1a: Rubber Ducky|9\/100 par|[from] item: Leftovers\n|upkeep\n|turn|26\n|\n|t:|1699738074\n|move|p2a: Iron Moth|Substitute|p2a: Iron Moth\n|-start|p2a: Iron Moth|Substitute\n|-damage|p2a: Iron Moth|23\/100 par\n|move|p1a: Rubber Ducky|Psychic|p2a: Iron Moth\n|-supereffective|p2a: Iron Moth\n|-end|p2a: Iron Moth|Substitute\n|\n|-heal|p1a: Rubber Ducky|15\/100 par|[from] item: Leftovers\n|upkeep\n|turn|27\n|\n|t:|1699738082\n|move|p2a: Iron Moth|Fiery Dance|p1a: Rubber Ducky\n|-damage|p1a: Rubber Ducky|0 fnt\n|-boost|p2a: Iron Moth|spa|1\n|faint|p1a: Rubber Ducky\n|\n|upkeep\n|\n|t:|1699738094\n|switch|p1a: Rillaboom?|Thundurus, M, shiny|10\/100 tox\n|turn|28\n|\n|t:|1699738100\n|move|p1a: Rillaboom?|Thunderbolt|p2a: Iron Moth\n|-damage|p2a: Iron Moth|0 fnt\n|faint|p2a: Iron Moth\n|-end|p2a: Iron Moth|Quark Drive|[silent]\n|\n|-damage|p1a: Rillaboom?|4\/100 tox|[from] psn\n|upkeep\n|\n|t:|1699738105\n|switch|p2a: Clodsire|Clodsire, M, tera:Dark|100\/100\n|turn|29\n|\n|t:|1699738121\n|move|p1a: Rillaboom?|Taunt|p2a: Clodsire\n|-hint|Since gen 7, Dark is immune to Prankster moves.\n|-immune|p2a: Clodsire\n|move|p2a: Clodsire|Toxic|p1a: Rillaboom?\n|-fail|p1a: Rillaboom?|tox\n|\n|-damage|p1a: Rillaboom?|0 fnt|[from] psn\n|faint|p1a: Rillaboom?\n|upkeep\n|\n|t:|1699738138\n|switch|p1a: Deez Hands|Iron Hands|100\/100\n|-status|p1a: Deez Hands|tox\n|-damage|p1a: Deez Hands|94\/100 tox|[from] Stealth Rock\n|turn|30\n|\n|t:|1699738150\n|move|p1a: Deez Hands|Drain Punch|p2a: Clodsire\n|-supereffective|p2a: Clodsire\n|-damage|p2a: Clodsire|0 fnt\n|-heal|p1a: Deez Hands|100\/100 tox|[from] drain|[of] p2a: Clodsire\n|faint|p2a: Clodsire\n|\n|win|JustATree777\n","uploadtime":1699738161,"views":10,"p1id":"justatree777","p2id":"ventus230","formatid":"gen9ou","rating":0,"private":0,"password":""}