{"id":"gen9ou-1995276115","p1":"lolmmm","p2":"Hugh_G_R3ct10n","format":"[Gen 9] OU","log":"|j|\u2606lolmmm\n|j|\u203dHugh_G_R3ct10n\n|t:|1700545339\n|gametype|singles\n|player|p1|lolmmm|169|1081\n|player|p2|Hugh_G_R3ct10n|266|1040\n|teamsize|p1|6\n|teamsize|p2|6\n|gen|9\n|tier|[Gen 9] OU\n|rated|\n|rule|Sleep Clause Mod: Limit one foe put to sleep\n|rule|Species Clause: Limit one of each Pok\u00e9mon\n|rule|OHKO Clause: OHKO moves are banned\n|rule|Evasion Items Clause: Evasion items are banned\n|rule|Evasion Moves Clause: Evasion moves are banned\n|rule|Endless Battle Clause: Forcing endless battles is banned\n|rule|HP Percentage Mod: HP is shown in percentages\n|clearpoke\n|poke|p1|Goodra, F|\n|poke|p1|Volcanion|\n|poke|p1|Toedscruel, F|\n|poke|p1|Zamazenta-*|\n|poke|p1|Alomomola, M|\n|poke|p1|Bellibolt, M|\n|poke|p2|Glimmora, F|\n|poke|p2|Gardevoir, F|\n|poke|p2|Dragapult, F|\n|poke|p2|Meowscarada, F|\n|poke|p2|Iron Valiant|\n|poke|p2|Kingambit, M|\n|teampreview\n|\n|t:|1700545344\n|start\n|switch|p1a: Bellibolt|Bellibolt, M|100\/100\n|switch|p2a: Glimmora|Glimmora, F|100\/100\n|turn|1\n|l|\u2606lolmmm\n|player|p1|\n|inactive|Battle timer is ON: inactive players will automatically lose when time's up. (requested by Hugh_G_R3ct10n)\n|j|\u2606lolmmm\n|inactive|lolmmm reconnected and has 150 seconds left.\n|player|p1|lolmmm|169\n|\n|t:|1700545396\n|move|p2a: Glimmora|Earth Power|p1a: Bellibolt\n|-supereffective|p1a: Bellibolt\n|-damage|p1a: Bellibolt|41\/100\n|-unboost|p1a: Bellibolt|spd|1\n|-start|p1a: Bellibolt|Charge|Earth Power|[from] ability: Electromorphosis\n|move|p1a: Bellibolt|Volt Switch|p2a: Glimmora\n|-enditem|p2a: Glimmora|Focus Sash\n|-damage|p2a: Glimmora|1\/100\n|-end|p1a: Bellibolt|Charge|[silent]\n|\n|t:|1700545412\n|switch|p1a: Toedscruel|Toedscruel, F|100\/100|[from] Volt Switch\n|\n|upkeep\n|turn|2\n|\n|t:|1700545432\n|move|p2a: Glimmora|Sludge Wave|p1a: Toedscruel\n|-damage|p1a: Toedscruel|59\/100\n|move|p1a: Toedscruel|Rapid Spin|p2a: Glimmora\n|-resisted|p2a: Glimmora\n|-damage|p2a: Glimmora|0 fnt\n|-boost|p1a: Toedscruel|spe|1\n|-activate|p2a: Glimmora|ability: Toxic Debris\n|-sidestart|p1: lolmmm|move: Toxic Spikes\n|-sideend|p1: lolmmm|Toxic Spikes|[from] move: Rapid Spin|[of] p1a: Toedscruel\n|faint|p2a: Glimmora\n|\n|upkeep\n|inactive|Hugh_G_R3ct10n has 120 seconds left.\n|\n|t:|1700545448\n|switch|p2a: Dragapult|Dragapult, F|100\/100\n|turn|3\n|\n|t:|1700545456\n|-terastallize|p1a: Toedscruel|Dark\n|move|p2a: Dragapult|Fire Blast|p1a: Toedscruel\n|-crit|p1a: Toedscruel\n|-damage|p1a: Toedscruel|4\/100\n|-enditem|p1a: Toedscruel|Sitrus Berry|[eat]\n|-heal|p1a: Toedscruel|29\/100|[from] item: Sitrus Berry\n|move|p1a: Toedscruel|Knock Off|p2a: Dragapult\n|-supereffective|p2a: Dragapult\n|-damage|p2a: Dragapult|37\/100\n|-enditem|p2a: Dragapult|Choice Specs|[from] move: Knock Off|[of] p1a: Toedscruel\n|\n|upkeep\n|turn|4\n|\n|t:|1700545479\n|move|p2a: Dragapult|Draco Meteor|p1a: Toedscruel\n|-damage|p1a: Toedscruel|0 fnt\n|-unboost|p2a: Dragapult|spa|2\n|faint|p1a: Toedscruel\n|\n|upkeep\n|inactive|lolmmm has 120 seconds left.\n|\n|t:|1700545494\n|switch|p1a: Volcanion|Volcanion|100\/100\n|turn|5\n|\n|t:|1700545507\n|move|p2a: Dragapult|Draco Meteor|p1a: Volcanion\n|-damage|p1a: Volcanion|72\/100\n|-unboost|p2a: Dragapult|spa|2\n|move|p1a: Volcanion|Steam Eruption|p2a: Dragapult\n|-resisted|p2a: Dragapult\n|-damage|p2a: Dragapult|0 fnt\n|faint|p2a: Dragapult\n|-damage|p1a: Volcanion|62\/100|[from] item: Life Orb\n|\n|upkeep\n|\n|t:|1700545516\n|switch|p2a: Gardevoir|Gardevoir, F|100\/100\n|-ability|p2a: Gardevoir|Water Absorb|[from] ability: Trace|[of] p1a: Volcanion\n|turn|6\n|\n|t:|1700545528\n|move|p2a: Gardevoir|Thunderbolt|p1a: Volcanion\n|-supereffective|p1a: Volcanion\n|-damage|p1a: Volcanion|0 fnt\n|faint|p1a: Volcanion\n|\n|upkeep\n|\n|t:|1700545540\n|switch|p1a: Bellibolt|Bellibolt, M|41\/100\n|turn|7\n|\n|t:|1700545547\n|switch|p2a: Meowscarada|Meowscarada, F|100\/100\n|move|p1a: Bellibolt|Parabolic Charge|p2a: Meowscarada\n|-resisted|p2a: Meowscarada\n|-crit|p2a: Meowscarada\n|-damage|p2a: Meowscarada|41\/100\n|-heal|p1a: Bellibolt|61\/100|[from] drain|[of] p2a: Meowscarada\n|\n|upkeep\n|turn|8\n|\n|t:|1700545559\n|switch|p1a: Goodra|Goodra, F|100\/100\n|move|p2a: Meowscarada|Flower Trick|p1a: Goodra\n|-start|p2a: Meowscarada|typechange|Grass|[from] ability: Protean\n|-resisted|p1a: Goodra\n|-crit|p1a: Goodra\n|-damage|p1a: Goodra|73\/100\n|\n|upkeep\n|turn|9\n|\n|t:|1700545574\n|switch|p2a: Iron Valiant|Iron Valiant|100\/100\n|-enditem|p2a: Iron Valiant|Booster Energy\n|-activate|p2a: Iron Valiant|ability: Quark Drive|[fromitem]\n|-start|p2a: Iron Valiant|quarkdrivespe\n|move|p1a: Goodra|Rain Dance|p1a: Goodra\n|-weather|RainDance\n|\n|-weather|RainDance|[upkeep]\n|upkeep\n|turn|10\n|inactive|lolmmm has 120 seconds left.\n|\n|t:|1700545602\n|move|p2a: Iron Valiant|Spirit Break|p1a: Goodra\n|-supereffective|p1a: Goodra\n|-damage|p1a: Goodra|12\/100\n|-unboost|p1a: Goodra|spa|1\n|move|p1a: Goodra|Thunder|p2a: Iron Valiant\n|-damage|p2a: Iron Valiant|68\/100\n|\n|-weather|RainDance|[upkeep]\n|upkeep\n|turn|11\n|inactive|lolmmm has 120 seconds left.\n|\n|t:|1700545623\n|switch|p1a: Alomomola|Alomomola, M|100\/100\n|move|p2a: Iron Valiant|Spirit Break|p1a: Alomomola\n|-damage|p1a: Alomomola|76\/100\n|-unboost|p1a: Alomomola|spa|1\n|\n|-weather|RainDance|[upkeep]\n|upkeep\n|turn|12\n|\n|t:|1700545632\n|-end|p2a: Iron Valiant|Quark Drive|[silent]\n|switch|p2a: Meowscarada|Meowscarada, F|41\/100\n|move|p1a: Alomomola|Scald|p2a: Meowscarada\n|-resisted|p2a: Meowscarada\n|-damage|p2a: Meowscarada|30\/100\n|\n|-weather|RainDance|[upkeep]\n|upkeep\n|turn|13\n|inactive|lolmmm has 90 seconds left.\n|\n|t:|1700545664\n|switch|p1a: Zamazenta|Zamazenta|100\/100\n|-ability|p1a: Zamazenta|Dauntless Shield|boost\n|-boost|p1a: Zamazenta|def|1\n|move|p2a: Meowscarada|Knock Off|p1a: Zamazenta\n|-start|p2a: Meowscarada|typechange|Dark|[from] ability: Protean\n|-resisted|p1a: Zamazenta\n|-damage|p1a: Zamazenta|84\/100\n|-enditem|p1a: Zamazenta|Light Clay|[from] move: Knock Off|[of] p2a: Meowscarada\n|\n|-weather|RainDance|[upkeep]\n|upkeep\n|turn|14\n|inactive|lolmmm has 90 seconds left.\n|\n|t:|1700545676\n|switch|p2a: Gardevoir|Gardevoir, F|100\/100\n|-ability|p2a: Gardevoir|Dauntless Shield|boost\n|-boost|p2a: Gardevoir|def|1\n|-ability|p2a: Gardevoir|Dauntless Shield|[from] ability: Trace|[of] p1a: Zamazenta\n|move|p1a: Zamazenta|Body Press|p2a: Gardevoir\n|-resisted|p2a: Gardevoir\n|-crit|p2a: Gardevoir\n|-damage|p2a: Gardevoir|72\/100\n|\n|-weather|RainDance|[upkeep]\n|upkeep\n|turn|15\n|inactive|lolmmm has 90 seconds left.\n|\n|t:|1700545699\n|move|p2a: Gardevoir|Moonblast|p1a: Zamazenta\n|-supereffective|p1a: Zamazenta\n|-damage|p1a: Zamazenta|10\/100\n|move|p1a: Zamazenta|Light Screen|p1a: Zamazenta\n|-sidestart|p1: lolmmm|move: Light Screen\n|\n|-weather|RainDance|[upkeep]\n|upkeep\n|turn|16\n|\n|t:|1700545707\n|move|p2a: Gardevoir|Moonblast|p1a: Zamazenta\n|-supereffective|p1a: Zamazenta\n|-damage|p1a: Zamazenta|0 fnt\n|faint|p1a: Zamazenta\n|\n|-weather|none\n|upkeep\n|\n|t:|1700545716\n|switch|p1a: Bellibolt|Bellibolt, M|61\/100\n|turn|17\n|inactive|lolmmm has 90 seconds left.\n|\n|t:|1700545735\n|move|p2a: Gardevoir|Moonblast|p1a: Bellibolt\n|-damage|p1a: Bellibolt|38\/100\n|-unboost|p1a: Bellibolt|spa|1\n|-start|p1a: Bellibolt|Charge|Moonblast|[from] ability: Electromorphosis\n|move|p1a: Bellibolt|Parabolic Charge|p2a: Gardevoir\n|-damage|p2a: Gardevoir|9\/100\n|-heal|p1a: Bellibolt|59\/100|[from] drain|[of] p2a: Gardevoir\n|-end|p1a: Bellibolt|Charge|[silent]\n|\n|upkeep\n|turn|18\n|\n|t:|1700545745\n|move|p2a: Gardevoir|Moonblast|p1a: Bellibolt\n|-damage|p1a: Bellibolt|38\/100\n|-start|p1a: Bellibolt|Charge|Moonblast|[from] ability: Electromorphosis\n|move|p1a: Bellibolt|Parabolic Charge|p2a: Gardevoir\n|-damage|p2a: Gardevoir|0 fnt\n|-heal|p1a: Bellibolt|41\/100|[from] drain|[of] p2a: Gardevoir\n|faint|p2a: Gardevoir\n|-end|p1a: Bellibolt|Charge|[silent]\n|\n|upkeep\n|\n|t:|1700545756\n|switch|p2a: Iron Valiant|Iron Valiant|68\/100\n|turn|19\n|\n|t:|1700545766\n|move|p2a: Iron Valiant|Close Combat|p1a: Bellibolt\n|-damage|p1a: Bellibolt|0 fnt\n|-unboost|p2a: Iron Valiant|def|1\n|-unboost|p2a: Iron Valiant|spd|1\n|faint|p1a: Bellibolt\n|\n|-sideend|p1: lolmmm|move: Light Screen\n|upkeep\n|\n|t:|1700545773\n|switch|p1a: Alomomola|Alomomola, M|100\/100\n|turn|20\n|\n|t:|1700545790\n|move|p2a: Iron Valiant|Swords Dance|p2a: Iron Valiant\n|-boost|p2a: Iron Valiant|atk|2\n|move|p1a: Alomomola|Calm Mind|p1a: Alomomola\n|-boost|p1a: Alomomola|spa|1\n|-boost|p1a: Alomomola|spd|1\n|\n|upkeep\n|turn|21\n|\n|t:|1700545799\n|move|p2a: Iron Valiant|Close Combat|p1a: Alomomola\n|-damage|p1a: Alomomola|25\/100\n|-unboost|p2a: Iron Valiant|def|1\n|-unboost|p2a: Iron Valiant|spd|1\n|-enditem|p1a: Alomomola|Sitrus Berry|[eat]\n|-heal|p1a: Alomomola|50\/100|[from] item: Sitrus Berry\n|move|p1a: Alomomola|Scald|p2a: Iron Valiant\n|-damage|p2a: Iron Valiant|0 fnt\n|faint|p2a: Iron Valiant\n|-end|p2a: Iron Valiant|Quark Drive|[silent]\n|\n|upkeep\n|\n|t:|1700545821\n|switch|p2a: Meowscarada|Meowscarada, F|30\/100\n|turn|22\n|\n|t:|1700545837\n|-terastallize|p2a: Meowscarada|Grass\n|move|p2a: Meowscarada|Flower Trick|p1a: Alomomola\n|-supereffective|p1a: Alomomola\n|-crit|p1a: Alomomola\n|-damage|p1a: Alomomola|0 fnt\n|faint|p1a: Alomomola\n|\n|upkeep\n|\n|t:|1700545842\n|switch|p1a: Goodra|Goodra, F|12\/100\n|turn|23\n|\n|t:|1700545848\n|move|p2a: Meowscarada|Flower Trick|p1a: Goodra\n|-resisted|p1a: Goodra\n|-crit|p1a: Goodra\n|-damage|p1a: Goodra|0 fnt\n|faint|p1a: Goodra\n|\n|win|Hugh_G_R3ct10n\n|raw|lolmmm's rating: 1081 &rarr; <strong>1056<\/strong><br \/>(-25 for losing)\n|raw|Hugh_G_R3ct10n's rating: 1040 &rarr; <strong>1078<\/strong><br \/>(+38 for winning)\n","uploadtime":1700545854,"views":3,"p1id":"lolmmm","p2id":"hughgr3ct10n","formatid":"gen9ou","rating":1056,"private":0,"password":""}