{"id":"gen9ou-1993263501","p1":"Oshee-Go","p2":"wooloo supremacy","format":"[Gen 9] OU","log":"|j|\u2606Oshee-Go\n|j|\u2606wooloo supremacy\n|t:|1700286396\n|gametype|singles\n|player|p1|Oshee-Go|eusine|1641\n|player|p2|wooloo supremacy|adaman|1752\n|teamsize|p1|6\n|teamsize|p2|6\n|gen|9\n|tier|[Gen 9] OU\n|rated|\n|rule|Sleep Clause Mod: Limit one foe put to sleep\n|rule|Species Clause: Limit one of each Pok\u00e9mon\n|rule|OHKO Clause: OHKO moves are banned\n|rule|Evasion Items Clause: Evasion items are banned\n|rule|Evasion Moves Clause: Evasion moves are banned\n|rule|Endless Battle Clause: Forcing endless battles is banned\n|rule|HP Percentage Mod: HP is shown in percentages\n|clearpoke\n|poke|p1|Ursaluna, M|\n|poke|p1|Enamorus, F|\n|poke|p1|Ceruledge, F|\n|poke|p1|Maushold|\n|poke|p1|Walking Wake|\n|poke|p1|Dragonite, M|\n|poke|p2|Great Tusk|\n|poke|p2|Hatterene, F|\n|poke|p2|Dondozo, F|\n|poke|p2|Mandibuzz, F|\n|poke|p2|Heatran, M|\n|poke|p2|Dragapult, M|\n|teampreview\n|inactive|Battle timer is ON: inactive players will automatically lose when time's up. (requested by wooloo supremacy)\n|inactive|Oshee-Go also wants the timer to be on.\n|j| DRAKESOOR\n|\n|t:|1700286424\n|start\n|switch|p1a: Enamorus|Enamorus, F|100\/100\n|switch|p2a: Dragapult|Dragapult, M|100\/100\n|turn|1\n|j| SandGetsEverywhere\n|l| DRAKESOOR\n|l| SandGetsEverywhere\n|inactive|wooloo supremacy has 120 seconds left.\n|inactive|wooloo supremacy has 90 seconds left.\n|j| SandGetsEverywhere\n|\n|t:|1700286495\n|switch|p2a: Dondozo|Dondozo, F|100\/100\n|move|p1a: Enamorus|Moonblast|p2a: Dondozo\n|-damage|p2a: Dondozo|68\/100\n|\n|-heal|p2a: Dondozo|74\/100|[from] item: Leftovers\n|upkeep\n|turn|2\n|\n|t:|1700286510\n|move|p1a: Enamorus|Moonblast|p2a: Dondozo\n|-crit|p2a: Dondozo\n|-damage|p2a: Dondozo|25\/100\n|move|p2a: Dondozo|Liquidation|p1a: Enamorus\n|-crit|p1a: Enamorus\n|-damage|p1a: Enamorus|28\/100\n|\n|-heal|p2a: Dondozo|31\/100|[from] item: Leftovers\n|upkeep\n|turn|3\n|inactive|wooloo supremacy has 90 seconds left.\n|j| srtyjj\n|\n|t:|1700286533\n|switch|p1a: Walking Wake|Walking Wake|100\/100\n|-enditem|p1a: Walking Wake|Booster Energy\n|-activate|p1a: Walking Wake|ability: Protosynthesis|[fromitem]\n|-start|p1a: Walking Wake|protosynthesisspa\n|switch|p2a: Heatran|Heatran, M|100\/100\n|\n|upkeep\n|turn|4\n|\n|t:|1700286552\n|switch|p2a: Dragapult|Dragapult, M|100\/100\n|move|p1a: Walking Wake|Substitute|p1a: Walking Wake\n|-start|p1a: Walking Wake|Substitute\n|-damage|p1a: Walking Wake|76\/100\n|\n|upkeep\n|turn|5\n|\n|t:|1700286562\n|move|p2a: Dragapult|Draco Meteor|p1a: Walking Wake\n|-supereffective|p1a: Walking Wake\n|-damage|p1a: Walking Wake|0 fnt\n|-unboost|p2a: Dragapult|spa|2\n|faint|p1a: Walking Wake\n|-end|p1a: Walking Wake|Protosynthesis|[silent]\n|\n|upkeep\n|j| TJLD\n|\n|t:|1700286570\n|switch|p1a: Maushold|Maushold|100\/100\n|turn|6\n|\n|t:|1700286575\n|switch|p2a: Heatran|Heatran, M|100\/100\n|move|p1a: Maushold|Tidy Up|p1a: Maushold\n|-boost|p1a: Maushold|atk|1\n|-boost|p1a: Maushold|spe|1\n|\n|upkeep\n|turn|7\n|\n|t:|1700286582\n|move|p1a: Maushold|Tidy Up|p1a: Maushold\n|-boost|p1a: Maushold|atk|1\n|-boost|p1a: Maushold|spe|1\n|move|p2a: Heatran|Magma Storm|p1a: Maushold\n|-damage|p1a: Maushold|34\/100\n|-activate|p1a: Maushold|move: Magma Storm|[of] p2a: Heatran\n|\n|-damage|p1a: Maushold|22\/100|[from] move: Magma Storm|[partiallytrapped]\n|upkeep\n|turn|8\n|l| TJLD\n|\n|t:|1700286589\n|move|p1a: Maushold|Population Bomb|p2a: Heatran\n|-resisted|p2a: Heatran\n|-damage|p2a: Heatran|91\/100\n|-resisted|p2a: Heatran\n|-damage|p2a: Heatran|82\/100\n|-resisted|p2a: Heatran\n|-damage|p2a: Heatran|72\/100\n|-status|p1a: Maushold|brn|[from] ability: Flame Body|[of] p2a: Heatran\n|-resisted|p2a: Heatran\n|-damage|p2a: Heatran|68\/100\n|-resisted|p2a: Heatran\n|-damage|p2a: Heatran|63\/100\n|-resisted|p2a: Heatran\n|-damage|p2a: Heatran|59\/100\n|-resisted|p2a: Heatran\n|-damage|p2a: Heatran|55\/100\n|-resisted|p2a: Heatran\n|-damage|p2a: Heatran|51\/100\n|-resisted|p2a: Heatran\n|-damage|p2a: Heatran|46\/100\n|-resisted|p2a: Heatran\n|-damage|p2a: Heatran|41\/100\n|-hitcount|p2a: Heatran|10\n|move|p2a: Heatran|Earth Power|p1a: Maushold\n|-damage|p1a: Maushold|0 fnt\n|faint|p1a: Maushold\n|\n|-heal|p2a: Heatran|48\/100|[from] item: Leftovers\n|upkeep\n|j| rykera\n|\n|t:|1700286606\n|switch|p1a: Ursaluna|Ursaluna, M|100\/100\n|turn|9\n|inactive|wooloo supremacy has 120 seconds left.\n|\n|t:|1700286616\n|switch|p2a: Great Tusk|Great Tusk|100\/100\n|move|p1a: Ursaluna|Earthquake|p2a: Great Tusk\n|-crit|p2a: Great Tusk\n|-damage|p2a: Great Tusk|44\/100\n|\n|-status|p1a: Ursaluna|brn|[from] item: Flame Orb\n|upkeep\n|turn|10\n|inactive|wooloo supremacy has 120 seconds left.\n|\n|t:|1700286631\n|switch|p1a: Dragonite|Dragonite, M|100\/100\n|move|p2a: Great Tusk|Close Combat|p1a: Dragonite\n|-resisted|p1a: Dragonite\n|-damage|p1a: Dragonite|72\/100\n|-unboost|p2a: Great Tusk|def|1\n|-unboost|p2a: Great Tusk|spd|1\n|\n|upkeep\n|turn|11\n|j| iampsykick\n|\n|t:|1700286638\n|-end|p2a: Great Tusk|Protosynthesis|[silent]\n|switch|p2a: Mandibuzz|Mandibuzz, F|100\/100\n|move|p1a: Dragonite|Outrage|p2a: Mandibuzz\n|-damage|p2a: Mandibuzz|42\/100\n|\n|upkeep\n|turn|12\n|\n|t:|1700286648\n|switch|p2a: Hatterene|Hatterene, F|100\/100\n|move|p1a: Dragonite|Outrage|p2a: Hatterene|[from]lockedmove\n|-immune|p2a: Hatterene\n|\n|upkeep\n|turn|13\n|\n|t:|1700286652\n|switch|p1a: Ceruledge|Ceruledge, F|100\/100\n|move|p2a: Hatterene|Nuzzle|p1a: Ceruledge\n|-damage|p1a: Ceruledge|95\/100\n|-status|p1a: Ceruledge|par\n|-ability|p1a: Ceruledge|Weak Armor|boost\n|-unboost|p1a: Ceruledge|def|1\n|-boost|p1a: Ceruledge|spe|2\n|\n|upkeep\n|turn|14\n|\n|t:|1700286663\n|switch|p2a: Heatran|Heatran, M|48\/100\n|move|p1a: Ceruledge|Poltergeist|p2a: Heatran\n|-activate|p2a: Heatran|move: Poltergeist|Leftovers\n|-damage|p2a: Heatran|3\/100\n|\n|-heal|p2a: Heatran|9\/100|[from] item: Leftovers\n|upkeep\n|turn|15\n|\n|t:|1700286680\n|cant|p1a: Ceruledge|par\n|move|p2a: Heatran|Earth Power|p1a: Ceruledge\n|-supereffective|p1a: Ceruledge\n|-damage|p1a: Ceruledge|35\/100 par\n|\n|-heal|p2a: Heatran|15\/100|[from] item: Leftovers\n|upkeep\n|turn|16\n|\n|t:|1700286690\n|move|p2a: Heatran|Protect|p2a: Heatran\n|-singleturn|p2a: Heatran|Protect\n|move|p1a: Ceruledge|Shadow Sneak|p2a: Heatran\n|-activate|p2a: Heatran|move: Protect\n|\n|-heal|p2a: Heatran|22\/100|[from] item: Leftovers\n|upkeep\n|turn|17\n|j| Rextestear\n|j| TJLD\n|\n|t:|1700286708\n|-terastallize|p1a: Ceruledge|Flying\n|cant|p1a: Ceruledge|par\n|move|p2a: Heatran|Earth Power|p1a: Ceruledge\n|-immune|p1a: Ceruledge\n|\n|-heal|p2a: Heatran|28\/100|[from] item: Leftovers\n|upkeep\n|turn|18\n|l| rykera\n|\n|t:|1700286715\n|move|p1a: Ceruledge|Poltergeist|p2a: Heatran\n|-activate|p2a: Heatran|move: Poltergeist|Leftovers\n|-damage|p2a: Heatran|0 fnt\n|faint|p2a: Heatran\n|\n|upkeep\n|l| TJLD\n|\n|t:|1700286736\n|switch|p2a: Mandibuzz|Mandibuzz, F|42\/100\n|turn|19\n|\n|t:|1700286743\n|move|p1a: Ceruledge|Bitter Blade|p2a: Mandibuzz\n|-damage|p2a: Mandibuzz|16\/100\n|-heal|p1a: Ceruledge|54\/100 par|[from] drain|[of] p2a: Mandibuzz\n|move|p2a: Mandibuzz|Roost|p2a: Mandibuzz\n|-heal|p2a: Mandibuzz|66\/100\n|-singleturn|p2a: Mandibuzz|move: Roost\n|\n|upkeep\n|turn|20\n|\n|t:|1700286771\n|move|p1a: Ceruledge|Swords Dance|p1a: Ceruledge\n|-boost|p1a: Ceruledge|atk|2\n|move|p2a: Mandibuzz|Roost|p2a: Mandibuzz\n|-heal|p2a: Mandibuzz|100\/100\n|-singleturn|p2a: Mandibuzz|move: Roost\n|\n|upkeep\n|turn|21\n|\n|t:|1700286774\n|move|p1a: Ceruledge|Bitter Blade|p2a: Mandibuzz\n|-damage|p2a: Mandibuzz|46\/100\n|-heal|p1a: Ceruledge|94\/100 par|[from] drain|[of] p2a: Mandibuzz\n|move|p2a: Mandibuzz|Foul Play|p1a: Ceruledge\n|-damage|p1a: Ceruledge|0 fnt\n|faint|p1a: Ceruledge\n|\n|upkeep\n|\n|t:|1700286782\n|switch|p1a: Enamorus|Enamorus, F|28\/100\n|turn|22\n|l| SandGetsEverywhere\n|\n|t:|1700286797\n|switch|p2a: Dondozo|Dondozo, F|31\/100\n|move|p1a: Enamorus|Moonblast|p2a: Dondozo\n|-damage|p2a: Dondozo|0 fnt\n|faint|p2a: Dondozo\n|\n|upkeep\n|\n|t:|1700286802\n|switch|p2a: Hatterene|Hatterene, F|100\/100\n|turn|23\n|\n|t:|1700286810\n|switch|p1a: Ursaluna|Ursaluna, M|100\/100 brn\n|switch|p2a: Great Tusk|Great Tusk|44\/100\n|\n|-damage|p1a: Ursaluna|94\/100 brn|[from] brn\n|upkeep\n|turn|24\n|\n|t:|1700286820\n|switch|p1a: Dragonite|Dragonite, M|72\/100\n|move|p2a: Great Tusk|Close Combat|p1a: Dragonite\n|-resisted|p1a: Dragonite\n|-damage|p1a: Dragonite|21\/100\n|-unboost|p2a: Great Tusk|def|1\n|-unboost|p2a: Great Tusk|spd|1\n|\n|upkeep\n|turn|25\n|\n|t:|1700286824\n|-end|p2a: Great Tusk|Protosynthesis|[silent]\n|switch|p2a: Dragapult|Dragapult, M|100\/100\n|move|p1a: Dragonite|Outrage|p2a: Dragapult\n|-supereffective|p2a: Dragapult\n|-damage|p2a: Dragapult|0 fnt\n|faint|p2a: Dragapult\n|\n|upkeep\n|\n|t:|1700286829\n|switch|p2a: Hatterene|Hatterene, F|100\/100\n|turn|26\n|j| sogmatoes\n|\n|t:|1700286832\n|move|p1a: Dragonite|Outrage|p2a: Hatterene|[from]lockedmove\n|-immune|p2a: Hatterene\n|move|p2a: Hatterene|Draining Kiss|p1a: Dragonite\n|-supereffective|p1a: Dragonite\n|-damage|p1a: Dragonite|0 fnt\n|faint|p1a: Dragonite\n|\n|upkeep\n|\n|t:|1700286838\n|switch|p1a: Ursaluna|Ursaluna, M|94\/100 brn\n|turn|27\n|\n|t:|1700286846\n|switch|p2a: Mandibuzz|Mandibuzz, F|46\/100\n|move|p1a: Ursaluna|Facade|p2a: Mandibuzz\n|-damage|p2a: Mandibuzz|0 fnt\n|faint|p2a: Mandibuzz\n|\n|-damage|p1a: Ursaluna|88\/100 brn|[from] brn\n|upkeep\n|j| cyphertests\n|\n|t:|1700286849\n|switch|p2a: Great Tusk|Great Tusk|44\/100\n|turn|28\n|inactive|Oshee-Go has 120 seconds left.\n|\n|t:|1700286885\n|move|p2a: Great Tusk|Close Combat|p1a: Ursaluna\n|-supereffective|p1a: Ursaluna\n|-crit|p1a: Ursaluna\n|-damage|p1a: Ursaluna|0 fnt\n|-unboost|p2a: Great Tusk|def|1\n|-unboost|p2a: Great Tusk|spd|1\n|faint|p1a: Ursaluna\n|\n|upkeep\n|\n|t:|1700286888\n|switch|p1a: Enamorus|Enamorus, F|28\/100\n|turn|29\n|l| cyphertests\n|\n|t:|1700286894\n|move|p1a: Enamorus|Moonblast|p2a: Great Tusk\n|-supereffective|p2a: Great Tusk\n|-damage|p2a: Great Tusk|0 fnt\n|faint|p2a: Great Tusk\n|-end|p2a: Great Tusk|Protosynthesis|[silent]\n|\n|upkeep\n|j| cyphertests\n|\n|t:|1700286896\n|switch|p2a: Hatterene|Hatterene, F|100\/100\n|turn|30\n|j| Elin Baecil\n|\n|t:|1700286899\n|move|p1a: Enamorus|Moonblast|p2a: Hatterene\n|-damage|p2a: Hatterene|51\/100\n|move|p2a: Hatterene|Psyshock|p1a: Enamorus\n|-damage|p1a: Enamorus|0 fnt\n|faint|p1a: Enamorus\n|\n|win|wooloo supremacy\n|raw|Oshee-Go's rating: 1641 &rarr; <strong>1626<\/strong><br \/>(-15 for losing)\n|raw|wooloo supremacy's rating: 1728 &rarr; <strong>1743<\/strong><br \/>(+15 for winning)\n","uploadtime":1700286905,"views":11,"p1id":"osheego","p2id":"wooloosupremacy","formatid":"gen9ou","rating":1626,"private":0,"password":""}