{"id":"gen9ou-1995119609","p1":"DumDieCutie","p2":"charliehsu","format":"[Gen 9] OU","log":"|j|\u2606DumDieCutie\n|j|\u2606charliehsu\n|inactive|Battle timer is ON: inactive players will automatically lose when time's up.\n|t:|1700524711\n|gametype|singles\n|player|p1|DumDieCutie|mira|\n|player|p2|charliehsu|101|\n|teamsize|p1|3\n|teamsize|p2|3\n|gen|9\n|tier|[Gen 9] OU\n|rated|Tournament battle\n|rule|Sleep Clause Mod: Limit one foe put to sleep\n|rule|Species Clause: Limit one of each Pok\u00e9mon\n|rule|OHKO Clause: OHKO moves are banned\n|rule|Evasion Items Clause: Evasion items are banned\n|rule|Evasion Moves Clause: Evasion moves are banned\n|rule|Endless Battle Clause: Forcing endless battles is banned\n|rule|HP Percentage Mod: HP is shown in percentages\n|clearpoke\n|poke|p1|Corviknight, F|\n|poke|p1|Clawitzer, F|\n|poke|p1|Rabsca, F|\n|poke|p2|Cloyster, M|\n|poke|p2|Maushold-Four|\n|poke|p2|Blissey, F|\n|teampreview\n|j|*Lady Monita \u2746\n|\n|t:|1700524723\n|start\n|switch|p1a: Corviknight|Corviknight, F|100\/100\n|switch|p2a: Maushold|Maushold-Four|100\/100\n|turn|1\n|j| Vivilia7982\n|\n|t:|1700524737\n|move|p2a: Maushold|Tidy Up|p2a: Maushold\n|-boost|p2a: Maushold|atk|1\n|-boost|p2a: Maushold|spe|1\n|move|p1a: Corviknight|Tailwind|p1a: Corviknight\n|-sidestart|p1: DumDieCutie|move: Tailwind\n|\n|upkeep\n|turn|2\n|inactive|charliehsu has 120 seconds left.\n|\n|t:|1700524768\n|move|p2a: Maushold|Encore|p1a: Corviknight\n|-start|p1a: Corviknight|Encore\n|move|p1a: Corviknight|Tailwind||[still]\n|-fail|p1a: Corviknight\n|\n|upkeep\n|turn|3\n|l| Vivilia7982\n|\n|t:|1700524788\n|switch|p1a: Clawitzer|Clawitzer, F|100\/100\n|move|p2a: Maushold|Tidy Up|p2a: Maushold\n|-boost|p2a: Maushold|atk|1\n|-boost|p2a: Maushold|spe|1\n|\n|upkeep\n|turn|4\n|inactive|charliehsu has 120 seconds left.\n|\n|t:|1700524805\n|move|p2a: Maushold|Population Bomb|p1a: Clawitzer\n|-damage|p1a: Clawitzer|74\/100\n|-damage|p1a: Clawitzer|52\/100\n|-damage|p1a: Clawitzer|29\/100\n|-damage|p1a: Clawitzer|6\/100\n|-damage|p1a: Clawitzer|0 fnt\n|faint|p1a: Clawitzer\n|-hitcount|p1: Clawitzer|5\n|\n|-sideend|p1: DumDieCutie|move: Tailwind\n|upkeep\n|\n|t:|1700524812\n|switch|p1a: Corviknight|Corviknight, F|100\/100\n|turn|5\n|\n|t:|1700524817\n|move|p2a: Maushold|Population Bomb|p1a: Corviknight\n|-resisted|p1a: Corviknight\n|-damage|p1a: Corviknight|91\/100\n|-resisted|p1a: Corviknight\n|-damage|p1a: Corviknight|83\/100\n|-resisted|p1a: Corviknight\n|-damage|p1a: Corviknight|75\/100\n|-resisted|p1a: Corviknight\n|-damage|p1a: Corviknight|66\/100\n|-resisted|p1a: Corviknight\n|-damage|p1a: Corviknight|57\/100\n|-resisted|p1a: Corviknight\n|-damage|p1a: Corviknight|48\/100\n|-resisted|p1a: Corviknight\n|-damage|p1a: Corviknight|39\/100\n|-resisted|p1a: Corviknight\n|-damage|p1a: Corviknight|30\/100\n|-resisted|p1a: Corviknight\n|-damage|p1a: Corviknight|20\/100\n|-resisted|p1a: Corviknight\n|-damage|p1a: Corviknight|11\/100\n|-hitcount|p1a: Corviknight|10\n|move|p1a: Corviknight|Iron Defense|p1a: Corviknight\n|-boost|p1a: Corviknight|def|2\n|\n|-heal|p1a: Corviknight|17\/100|[from] item: Leftovers\n|upkeep\n|turn|6\n|inactive|charliehsu has 120 seconds left.\n|c|\u2606DumDieCutie|another day, another moushold swipe - didnt expect the encore OTL\n|c|\u2606DumDieCutie|ggwp\n|\n|t:|1700524847\n|move|p2a: Maushold|Population Bomb|p1a: Corviknight\n|-resisted|p1a: Corviknight\n|-damage|p1a: Corviknight|13\/100\n|-resisted|p1a: Corviknight\n|-damage|p1a: Corviknight|8\/100\n|-resisted|p1a: Corviknight\n|-crit|p1a: Corviknight\n|-damage|p1a: Corviknight|0 fnt\n|faint|p1a: Corviknight\n|-hitcount|p1: Corviknight|3\n|\n|upkeep\n|c|\u2606charliehsu|gg!\n|\n|t:|1700524849\n|switch|p1a: Rabsca|Rabsca, F|100\/100\n|turn|7\n|\n|t:|1700524859\n|move|p2a: Maushold|Population Bomb|p1a: Rabsca\n|-damage|p1a: Rabsca|76\/100\n|-damage|p1a: Rabsca|50\/100\n|-damage|p1a: Rabsca|28\/100\n|-damage|p1a: Rabsca|4\/100\n|-damage|p1a: Rabsca|0 fnt\n|faint|p1a: Rabsca\n|-hitcount|p1: Rabsca|5\n|\n|win|charliehsu\n|n|\u2606DumDieCutie|dumdiecutie\n|n|\u2606charliehsu|charliehsu\n|n|*Lady Monita \u2746|ladymonita\n","uploadtime":1700524862,"views":5,"p1id":"dumdiecutie","p2id":"charliehsu","formatid":"gen9ou","rating":0,"private":0,"password":""}