{"id":"gen9ou-1991042766","p1":"Zapsuki","p2":"Vigilante V8","format":"[Gen 9] OU","log":"|j|\u2606Zapsuki\n|j|\u2606Vigilante V8\n|t:|1700033348\n|gametype|singles\n|player|p1|Zapsuki|irida|1669\n|player|p2|Vigilante V8|169|1775\n|teamsize|p1|6\n|teamsize|p2|6\n|gen|9\n|tier|[Gen 9] OU\n|rated|\n|rule|Sleep Clause Mod: Limit one foe put to sleep\n|rule|Species Clause: Limit one of each Pok\u00e9mon\n|rule|OHKO Clause: OHKO moves are banned\n|rule|Evasion Items Clause: Evasion items are banned\n|rule|Evasion Moves Clause: Evasion moves are banned\n|rule|Endless Battle Clause: Forcing endless battles is banned\n|rule|HP Percentage Mod: HP is shown in percentages\n|clearpoke\n|poke|p1|Dragonite, F|\n|poke|p1|Garchomp, M|\n|poke|p1|Kommo-o, F|\n|poke|p1|Dragapult, M|\n|poke|p1|Tinkaton, F|\n|poke|p1|Walking Wake|\n|poke|p2|Corviknight, M|\n|poke|p2|Clodsire, F|\n|poke|p2|Dondozo, F|\n|poke|p2|Kingambit, F|\n|poke|p2|Garganacl, M|\n|poke|p2|Weavile, F|\n|teampreview\n|inactive|Battle timer is ON: inactive players will automatically lose when time's up. (requested by Zapsuki)\n|\n|t:|1700033371\n|start\n|switch|p1a: Tinkaton|Tinkaton, F, shiny|100\/100\n|switch|p2a: Weavile|Weavile, F|100\/100\n|-ability|p2a: Weavile|Pressure\n|-ability|p1a: Tinkaton|Mold Breaker\n|turn|1\n|j| ucica\n|\n|t:|1700033378\n|switch|p2a: Corviknight|Corviknight, M|100\/100\n|-ability|p2a: Corviknight|Pressure\n|move|p1a: Tinkaton|Knock Off|p2a: Corviknight\n|-damage|p2a: Corviknight|90\/100\n|-damage|p1a: Tinkaton|84\/100|[from] item: Rocky Helmet|[of] p2a: Corviknight\n|-enditem|p2a: Corviknight|Rocky Helmet|[from] move: Knock Off|[of] p1a: Tinkaton\n|\n|-heal|p1a: Tinkaton|90\/100|[from] item: Leftovers\n|upkeep\n|turn|2\n|\n|t:|1700033383\n|move|p1a: Tinkaton|Thunder Wave|p2a: Corviknight\n|-status|p2a: Corviknight|par\n|move|p2a: Corviknight|Body Press|p1a: Tinkaton\n|-damage|p1a: Tinkaton|59\/100\n|\n|-heal|p1a: Tinkaton|65\/100|[from] item: Leftovers\n|upkeep\n|turn|3\n|\n|t:|1700033388\n|switch|p1a: Dragapult|Dragapult, M|100\/100\n|move|p2a: Corviknight|Body Press|p1a: Dragapult\n|-immune|p1a: Dragapult\n|\n|upkeep\n|turn|4\n|\n|t:|1700033400\n|switch|p1a: Garchomp|Garchomp, M|100\/100\n|switch|p2a: Garganacl|Garganacl, M|100\/100\n|\n|upkeep\n|turn|5\n|\n|t:|1700033411\n|-terastallize|p2a: Garganacl|Water\n|move|p1a: Garchomp|Stealth Rock|p2a: Garganacl\n|-sidestart|p2: Vigilante V8|move: Stealth Rock\n|move|p2a: Garganacl|Salt Cure|p1a: Garchomp\n|-resisted|p1a: Garchomp\n|-damage|p1a: Garchomp|94\/100\n|-start|p1a: Garchomp|Salt Cure\n|\n|-damage|p1a: Garchomp|82\/100|[from] Salt Cure\n|upkeep\n|turn|6\n|inactive|Zapsuki has 120 seconds left.\n|\n|t:|1700033448\n|move|p2a: Garganacl|Stealth Rock|p1a: Garchomp\n|-sidestart|p1: Zapsuki|move: Stealth Rock\n|move|p1a: Garchomp|Dragon Tail|p2a: Garganacl\n|-damage|p2a: Garganacl|82\/100\n|drag|p2a: Dondozo|Dondozo, F|100\/100\n|-damage|p2a: Dondozo|88\/100|[from] Stealth Rock\n|\n|-heal|p2a: Dondozo|94\/100|[from] item: Leftovers\n|-damage|p1a: Garchomp|69\/100|[from] Salt Cure\n|upkeep\n|turn|7\n|inactive|Zapsuki has 120 seconds left.\n|\n|t:|1700033457\n|move|p1a: Garchomp|Spikes|p2a: Dondozo\n|-sidestart|p2: Vigilante V8|Spikes\n|move|p2a: Dondozo|Curse|p2a: Dondozo\n|-unboost|p2a: Dondozo|spe|1\n|-boost|p2a: Dondozo|atk|1\n|-boost|p2a: Dondozo|def|1\n|\n|-heal|p2a: Dondozo|99\/100|[from] item: Leftovers\n|-damage|p1a: Garchomp|57\/100|[from] Salt Cure\n|upkeep\n|turn|8\n|inactive|Zapsuki has 120 seconds left.\n|\n|t:|1700033474\n|move|p2a: Dondozo|Earthquake|p1a: Garchomp\n|-damage|p1a: Garchomp|28\/100\n|move|p1a: Garchomp|Dragon Tail|p2a: Dondozo\n|-damage|p2a: Dondozo|93\/100\n|drag|p2a: Clodsire|Clodsire, F|100\/100\n|-damage|p2a: Clodsire|94\/100|[from] Stealth Rock\n|-damage|p2a: Clodsire|82\/100|[from] Spikes\n|\n|-heal|p2a: Clodsire|88\/100|[from] item: Black Sludge\n|-damage|p1a: Garchomp|15\/100|[from] Salt Cure\n|upkeep\n|turn|9\n|inactive|Zapsuki has 120 seconds left.\n|\n|t:|1700033485\n|switch|p2a: Corviknight|Corviknight, M|90\/100 par\n|-damage|p2a: Corviknight|78\/100 par|[from] Stealth Rock\n|-ability|p2a: Corviknight|Pressure\n|move|p1a: Garchomp|Dragon Tail|p2a: Corviknight\n|-resisted|p2a: Corviknight\n|-damage|p2a: Corviknight|70\/100 par\n|drag|p2a: Clodsire|Clodsire, F|88\/100\n|-damage|p2a: Clodsire|82\/100|[from] Stealth Rock\n|-damage|p2a: Clodsire|69\/100|[from] Spikes\n|\n|-heal|p2a: Clodsire|75\/100|[from] item: Black Sludge\n|-damage|p1a: Garchomp|3\/100|[from] Salt Cure\n|upkeep\n|turn|10\n|\n|t:|1700033490\n|switch|p2a: Corviknight|Corviknight, M|70\/100 par\n|-damage|p2a: Corviknight|58\/100 par|[from] Stealth Rock\n|-ability|p2a: Corviknight|Pressure\n|move|p1a: Garchomp|Dragon Tail|p2a: Corviknight\n|-resisted|p2a: Corviknight\n|-damage|p2a: Corviknight|49\/100 par\n|drag|p2a: Weavile|Weavile, F|100\/100\n|-damage|p2a: Weavile|76\/100|[from] Stealth Rock\n|-damage|p2a: Weavile|63\/100|[from] Spikes\n|-ability|p2a: Weavile|Pressure\n|\n|-damage|p1a: Garchomp|0 fnt|[from] Salt Cure\n|faint|p1a: Garchomp\n|upkeep\n|inactive|Zapsuki has 120 seconds left.\n|inactive|Zapsuki has 90 seconds left.\n|\n|t:|1700033537\n|switch|p1a: Dragapult|Dragapult, M|100\/100\n|turn|11\n|j| WaterTypeGarchomp\n|\n|t:|1700033543\n|move|p1a: Dragapult|Dragon Darts|p2a: Weavile\n|-damage|p2a: Weavile|26\/100\n|-anim|p1a: Dragapult|Dragon Darts|p2a: Weavile\n|-damage|p2a: Weavile|0 fnt\n|faint|p2a: Weavile\n|\n|upkeep\n|l| WaterTypeGarchomp\n|\n|t:|1700033549\n|switch|p2a: Garganacl|Garganacl, M, tera:Water|82\/100\n|-damage|p2a: Garganacl|70\/100|[from] Stealth Rock\n|-damage|p2a: Garganacl|57\/100|[from] Spikes\n|turn|12\n|j| svgshsgsgs\n|j| Joltinjoe18\n|l| Joltinjoe18\n|inactive|Zapsuki has 90 seconds left.\n|\n|t:|1700033582\n|switch|p1a: Tinkaton|Tinkaton, F, shiny|65\/100\n|-damage|p1a: Tinkaton|59\/100|[from] Stealth Rock\n|-ability|p1a: Tinkaton|Mold Breaker\n|move|p2a: Garganacl|Recover|p2a: Garganacl\n|-heal|p2a: Garganacl|100\/100\n|\n|-heal|p1a: Tinkaton|65\/100|[from] item: Leftovers\n|upkeep\n|turn|13\n|inactive|Zapsuki has 90 seconds left.\n|j| WaterTypeGarchomp\n|inactive|Zapsuki has 60 seconds left.\n|\n|t:|1700033619\n|switch|p1a: Walking Wake|Walking Wake|100\/100\n|-damage|p1a: Walking Wake|88\/100|[from] Stealth Rock\n|switch|p2a: Corviknight|Corviknight, M|49\/100 par\n|-damage|p2a: Corviknight|37\/100 par|[from] Stealth Rock\n|-ability|p2a: Corviknight|Pressure\n|\n|upkeep\n|turn|14\n|inactive|Zapsuki has 60 seconds left.\n|\n|t:|1700033629\n|move|p1a: Walking Wake|Flamethrower|p2a: Corviknight\n|-supereffective|p2a: Corviknight\n|-damage|p2a: Corviknight|0 fnt\n|faint|p2a: Corviknight\n|\n|upkeep\n|\n|t:|1700033631\n|switch|p2a: Clodsire|Clodsire, F|75\/100\n|-damage|p2a: Clodsire|69\/100|[from] Stealth Rock\n|-damage|p2a: Clodsire|57\/100|[from] Spikes\n|turn|15\n|j| TeamTest3547\n|\n|t:|1700033636\n|move|p1a: Walking Wake|Draco Meteor|p2a: Clodsire\n|-damage|p2a: Clodsire|19\/100\n|-unboost|p1a: Walking Wake|spa|2\n|-enditem|p1a: Walking Wake|Eject Pack\n|inactive|Zapsuki has 60 seconds left.\n|l| ucica\n|\n|t:|1700033679\n|-end|p1a: Walking Wake|Protosynthesis|[silent]\n|switch|p1a: Tinkaton|Tinkaton, F, shiny|65\/100\n|-damage|p1a: Tinkaton|59\/100|[from] Stealth Rock\n|-ability|p1a: Tinkaton|Mold Breaker\n|move|p2a: Clodsire|Spikes|p1a: Tinkaton\n|-sidestart|p1: Zapsuki|Spikes\n|\n|-heal|p1a: Tinkaton|65\/100|[from] item: Leftovers\n|-heal|p2a: Clodsire|25\/100|[from] item: Black Sludge\n|upkeep\n|turn|16\n|\n|t:|1700033688\n|move|p1a: Tinkaton|Gigaton Hammer|p2a: Clodsire\n|-damage|p2a: Clodsire|0 fnt\n|faint|p2a: Clodsire\n|\n|-heal|p1a: Tinkaton|71\/100|[from] item: Leftovers\n|upkeep\n|\n|t:|1700033693\n|switch|p2a: Garganacl|Garganacl, M, tera:Water|100\/100\n|-damage|p2a: Garganacl|88\/100|[from] Stealth Rock\n|-damage|p2a: Garganacl|76\/100|[from] Spikes\n|turn|17\n|inactive|Zapsuki has 60 seconds left.\n|\n|t:|1700033702\n|move|p1a: Tinkaton|Knock Off|p2a: Garganacl\n|-damage|p2a: Garganacl|64\/100\n|-enditem|p2a: Garganacl|Leftovers|[from] move: Knock Off|[of] p1a: Tinkaton\n|move|p2a: Garganacl|Salt Cure|p1a: Tinkaton\n|-resisted|p1a: Tinkaton\n|-damage|p1a: Tinkaton|64\/100\n|-start|p1a: Tinkaton|Salt Cure\n|\n|-heal|p1a: Tinkaton|70\/100|[from] item: Leftovers\n|-damage|p1a: Tinkaton|45\/100|[from] Salt Cure\n|upkeep\n|turn|18\n|\n|t:|1700033710\n|move|p1a: Tinkaton|Thunder Wave|p2a: Garganacl\n|-status|p2a: Garganacl|par\n|move|p2a: Garganacl|Salt Cure|p1a: Tinkaton\n|-resisted|p1a: Tinkaton\n|-damage|p1a: Tinkaton|37\/100\n|\n|-heal|p1a: Tinkaton|43\/100|[from] item: Leftovers\n|-damage|p1a: Tinkaton|18\/100|[from] Salt Cure\n|upkeep\n|turn|19\n|j| Shurican\n|\n|t:|1700033719\n|move|p1a: Tinkaton|Encore|p2a: Garganacl\n|-start|p2a: Garganacl|Encore\n|move|p2a: Garganacl|Salt Cure|p1a: Tinkaton\n|-resisted|p1a: Tinkaton\n|-damage|p1a: Tinkaton|11\/100\n|\n|-heal|p1a: Tinkaton|17\/100|[from] item: Leftovers\n|-damage|p1a: Tinkaton|0 fnt|[from] Salt Cure\n|faint|p1a: Tinkaton\n|upkeep\n|inactive|Zapsuki has 60 seconds left.\n|\n|t:|1700033746\n|switch|p1a: Walking Wake|Walking Wake|88\/100\n|-damage|p1a: Walking Wake|76\/100|[from] Stealth Rock\n|-damage|p1a: Walking Wake|64\/100|[from] Spikes\n|turn|20\n|\n|t:|1700033763\n|move|p1a: Walking Wake|Draco Meteor|p2a: Garganacl\n|-damage|p2a: Garganacl|24\/100 par\n|-unboost|p1a: Walking Wake|spa|2\n|move|p2a: Garganacl|Salt Cure|p1a: Walking Wake\n|-damage|p1a: Walking Wake|49\/100\n|-start|p1a: Walking Wake|Salt Cure\n|\n|-damage|p1a: Walking Wake|24\/100|[from] Salt Cure\n|upkeep\n|turn|21\n|\n|t:|1700033779\n|move|p1a: Walking Wake|Draco Meteor|p2a: Garganacl\n|-damage|p2a: Garganacl|3\/100 par\n|-unboost|p1a: Walking Wake|spa|2\n|move|p2a: Garganacl|Salt Cure|p1a: Walking Wake\n|-damage|p1a: Walking Wake|8\/100\n|\n|-damage|p1a: Walking Wake|0 fnt|[from] Salt Cure\n|faint|p1a: Walking Wake\n|-end|p1a: Walking Wake|Protosynthesis|[silent]\n|-end|p2a: Garganacl|Encore\n|upkeep\n|inactive|Zapsuki has 30 seconds left.\n|\n|t:|1700033799\n|switch|p1a: Dragapult|Dragapult, M|100\/100\n|turn|22\n|inactive|Zapsuki has 30 seconds left.\n|\n|t:|1700033806\n|move|p1a: Dragapult|Dragon Darts|p2a: Garganacl\n|-damage|p2a: Garganacl|0 fnt\n|faint|p2a: Garganacl\n|\n|upkeep\n|\n|t:|1700033810\n|switch|p2a: Dondozo|Dondozo, F|93\/100\n|-damage|p2a: Dondozo|80\/100|[from] Stealth Rock\n|-damage|p2a: Dondozo|68\/100|[from] Spikes\n|turn|23\n|\n|t:|1700033824\n|move|p1a: Dragapult|Will-O-Wisp|p2a: Dondozo|[miss]\n|-miss|p1a: Dragapult|p2a: Dondozo\n|move|p2a: Dondozo|Curse|p2a: Dondozo\n|-unboost|p2a: Dondozo|spe|1\n|-boost|p2a: Dondozo|atk|1\n|-boost|p2a: Dondozo|def|1\n|\n|-heal|p2a: Dondozo|74\/100|[from] item: Leftovers\n|upkeep\n|turn|24\n|\n|t:|1700033832\n|move|p1a: Dragapult|Will-O-Wisp|p2a: Dondozo\n|-status|p2a: Dondozo|brn\n|move|p2a: Dondozo|Earthquake|p1a: Dragapult\n|-damage|p1a: Dragapult|74\/100\n|\n|-heal|p2a: Dondozo|80\/100 brn|[from] item: Leftovers\n|-damage|p2a: Dondozo|74\/100 brn|[from] brn\n|upkeep\n|turn|25\n|\n|t:|1700033837\n|move|p1a: Dragapult|Hex|p2a: Dondozo\n|-damage|p2a: Dondozo|19\/100 brn\n|move|p2a: Dondozo|Earthquake|p1a: Dragapult\n|-damage|p1a: Dragapult|50\/100\n|\n|-heal|p2a: Dondozo|25\/100 brn|[from] item: Leftovers\n|-damage|p2a: Dondozo|19\/100 brn|[from] brn\n|upkeep\n|turn|26\n|-message|Vigilante V8 forfeited.\n|\n|win|Zapsuki\n|raw|Zapsuki's rating: 1669 &rarr; <strong>1695<\/strong><br \/>(+26 for winning)\n|raw|Vigilante V8's rating: 1775 &rarr; <strong>1749<\/strong><br \/>(-26 for losing)\n|l|\u2606Vigilante V8\n|l| svgshsgsgs\n|l| WaterTypeGarchomp\n|l| Shurican\n|l| TeamTest3547\n","uploadtime":1700033854,"views":16,"p1id":"zapsuki","p2id":"vigilantev8","formatid":"gen9ou","rating":1695,"private":0,"password":""}