{"id":"gen9ou-1988474884","p1":"mcchickendareal","p2":"th1_lls","format":"[Gen 9] OU","log":"|j|\u2606mcchickendareal\n|j|\u2606th1_lls\n|t:|1699726873\n|gametype|singles\n|player|p1|mcchickendareal|kieran|1142\n|player|p2|th1_lls|ingo|1154\n|teamsize|p1|6\n|teamsize|p2|6\n|gen|9\n|tier|[Gen 9] OU\n|rated|\n|rule|Sleep Clause Mod: Limit one foe put to sleep\n|rule|Species Clause: Limit one of each Pok\u00e9mon\n|rule|OHKO Clause: OHKO moves are banned\n|rule|Evasion Items Clause: Evasion items are banned\n|rule|Evasion Moves Clause: Evasion moves are banned\n|rule|Endless Battle Clause: Forcing endless battles is banned\n|rule|HP Percentage Mod: HP is shown in percentages\n|clearpoke\n|poke|p1|Dragonite, M|\n|poke|p1|Great Tusk|\n|poke|p1|Gholdengo|\n|poke|p1|Ribombee, M|\n|poke|p1|Ogerpon-Wellspring, F|\n|poke|p1|Heatran, M|\n|poke|p2|Vaporeon, M|\n|poke|p2|Kingambit, F|\n|poke|p2|Dondozo, M|\n|poke|p2|Thundurus-Therian, M|\n|poke|p2|Cinderace, F|\n|poke|p2|Meowscarada, M|\n|teampreview\n|inactive|Battle timer is ON: inactive players will automatically lose when time's up. (requested by th1_lls)\n|\n|t:|1699726884\n|start\n|switch|p1a: why u sad|Ogerpon-Wellspring, F|100\/100\n|switch|p2a: saturn|Thundurus-Therian, M|100\/100\n|turn|1\n|\n|t:|1699726913\n|switch|p1a: stickey web queen|Ribombee, M|100\/100\n|move|p2a: saturn|Volt Switch|p1a: stickey web queen\n|-damage|p1a: stickey web queen|14\/100\n|\n|t:|1699726923\n|switch|p2a: boa|Meowscarada, M|100\/100|[from] Volt Switch\n|\n|upkeep\n|turn|2\n|\n|t:|1699726929\n|move|p2a: boa|Foul Play|p1a: stickey web queen\n|-start|p2a: boa|typechange|Dark|[from] ability: Protean\n|-resisted|p1a: stickey web queen\n|-damage|p1a: stickey web queen|0 fnt\n|faint|p1a: stickey web queen\n|\n|upkeep\n|\n|t:|1699726937\n|switch|p1a: elephant|Great Tusk|100\/100\n|turn|3\n|c|\u2606th1_lls|FUCK UR QUEEN!!!!!\n|\n|t:|1699726957\n|switch|p2a: katara|Vaporeon, M|100\/100\n|move|p1a: elephant|Close Combat|p2a: katara\n|-damage|p2a: katara|21\/100\n|-unboost|p1a: elephant|def|1\n|-unboost|p1a: elephant|spd|1\n|\n|-heal|p2a: katara|28\/100|[from] item: Leftovers\n|upkeep\n|turn|4\n|\n|t:|1699726973\n|switch|p2a: saturn|Thundurus-Therian, M|100\/100\n|move|p1a: elephant|Close Combat|p2a: saturn\n|-resisted|p2a: saturn\n|-damage|p2a: saturn|54\/100\n|-unboost|p1a: elephant|def|1\n|-unboost|p1a: elephant|spd|1\n|\n|upkeep\n|turn|5\n|c|\u2606mcchickendareal|MY QUEEN\n|\n|t:|1699726986\n|-terastallize|p2a: saturn|Ice\n|move|p2a: saturn|Tera Blast|p1a: elephant|[anim] Tera Blast Ice\n|-supereffective|p1a: elephant\n|-damage|p1a: elephant|0 fnt\n|faint|p1a: elephant\n|-end|p1a: elephant|Protosynthesis|[silent]\n|\n|upkeep\n|\n|t:|1699726993\n|switch|p1a: why u sad|Ogerpon-Wellspring, F|100\/100\n|turn|6\n|\n|t:|1699727015\n|switch|p2a: Dondozo|Dondozo, M|100\/100\n|move|p1a: why u sad|Swords Dance|p1a: why u sad\n|-boost|p1a: why u sad|atk|2\n|\n|upkeep\n|turn|7\n|\n|t:|1699727021\n|move|p1a: why u sad|Power Whip|p2a: Dondozo\n|-supereffective|p2a: Dondozo\n|-damage|p2a: Dondozo|33\/100\n|move|p2a: Dondozo|Yawn|p1a: why u sad\n|-start|p1a: why u sad|move: Yawn|[of] p2a: Dondozo\n|\n|-heal|p2a: Dondozo|40\/100|[from] item: Leftovers\n|upkeep\n|turn|8\n|\n|t:|1699727031\n|switch|p1a: Gholdengo|Gholdengo|100\/100\n|-item|p1a: Gholdengo|Air Balloon\n|move|p2a: Dondozo|Chilling Water|p1a: Gholdengo\n|-damage|p1a: Gholdengo|87\/100\n|-unboost|p1a: Gholdengo|atk|1\n|-enditem|p1a: Gholdengo|Air Balloon\n|\n|-heal|p2a: Dondozo|46\/100|[from] item: Leftovers\n|upkeep\n|turn|9\n|\n|t:|1699727043\n|switch|p2a: katara|Vaporeon, M|28\/100\n|move|p1a: Gholdengo|Nasty Plot|p1a: Gholdengo\n|-boost|p1a: Gholdengo|spa|2\n|\n|-heal|p2a: katara|34\/100|[from] item: Leftovers\n|upkeep\n|turn|10\n|\n|t:|1699727049\n|move|p1a: Gholdengo|Shadow Ball|p2a: katara\n|-damage|p2a: katara|0 fnt\n|faint|p2a: katara\n|\n|upkeep\n|\n|t:|1699727051\n|switch|p2a: boa|Meowscarada, M|100\/100\n|turn|11\n|\n|t:|1699727056\n|-terastallize|p1a: Gholdengo|Fairy\n|move|p2a: boa|Shadow Claw|p1a: Gholdengo\n|-start|p2a: boa|typechange|Ghost|[from] ability: Protean\n|-crit|p1a: Gholdengo\n|-damage|p1a: Gholdengo|36\/100\n|move|p1a: Gholdengo|Dazzling Gleam|p2a: boa\n|-crit|p2a: boa\n|-damage|p2a: boa|0 fnt\n|faint|p2a: boa\n|\n|upkeep\n|inactive|th1_lls has 120 seconds left.\n|c|\u2606mcchickendareal|its a me mario\n|\n|t:|1699727105\n|switch|p2a: saturn|Thundurus-Therian, M, tera:Ice|54\/100\n|turn|12\n|\n|t:|1699727112\n|switch|p1a: Heatran|Heatran, M|100\/100\n|-item|p1a: Heatran|Air Balloon\n|move|p2a: saturn|Thunderbolt|p1a: Heatran\n|-damage|p1a: Heatran|40\/100\n|-enditem|p1a: Heatran|Air Balloon\n|\n|upkeep\n|turn|13\n|inactive|th1_lls has 120 seconds left.\n|\n|t:|1699727123\n|move|p2a: saturn|Thunderbolt|p1a: Heatran\n|-damage|p1a: Heatran|0 fnt\n|faint|p1a: Heatran\n|\n|upkeep\n|\n|t:|1699727126\n|switch|p1a: why u sad|Ogerpon-Wellspring, F|100\/100\n|turn|14\n|c|\u2606mcchickendareal|hge\n|inactive|th1_lls has 120 seconds left.\n|\n|t:|1699727142\n|switch|p2a: Dondozo|Dondozo, M|46\/100\n|move|p1a: why u sad|Ivy Cudgel|p2a: Dondozo\n|-resisted|p2a: Dondozo\n|-damage|p2a: Dondozo|31\/100\n|\n|-heal|p2a: Dondozo|38\/100|[from] item: Leftovers\n|upkeep\n|turn|15\n|\n|t:|1699727148\n|move|p1a: why u sad|Power Whip|p2a: Dondozo\n|-supereffective|p2a: Dondozo\n|-damage|p2a: Dondozo|0 fnt\n|faint|p2a: Dondozo\n|\n|upkeep\n|\n|t:|1699727155\n|switch|p2a: Kingambit|Kingambit, F|100\/100\n|-activate|p2a: Kingambit|ability: Supreme Overlord\n|-start|p2a: Kingambit|fallen3|[silent]\n|-item|p2a: Kingambit|Air Balloon\n|turn|16\n|c|\u2606th1_lls|gonna be close\n|\n|t:|1699727177\n|move|p1a: why u sad|Swords Dance|p1a: why u sad\n|-boost|p1a: why u sad|atk|2\n|move|p2a: Kingambit|Swords Dance|p2a: Kingambit\n|-boost|p2a: Kingambit|atk|2\n|\n|upkeep\n|turn|17\n|c|\u2606mcchickendareal|it is\n|\n|t:|1699727191\n|move|p2a: Kingambit|Sucker Punch|p1a: why u sad\n|-damage|p1a: why u sad|0 fnt\n|faint|p1a: why u sad\n|\n|upkeep\n|c|\u2606mcchickendareal|NOO\n|\n|t:|1699727196\n|switch|p1a: Dragonite|Dragonite, M|100\/100\n|turn|18\n|\n|t:|1699727201\n|move|p1a: Dragonite|Extreme Speed|p2a: Kingambit\n|-resisted|p2a: Kingambit\n|-damage|p2a: Kingambit|90\/100\n|-enditem|p2a: Kingambit|Air Balloon\n|move|p2a: Kingambit|Iron Head|p1a: Dragonite\n|-damage|p1a: Dragonite|35\/100\n|\n|upkeep\n|turn|19\n|c|\u2606mcchickendareal|i give up\n|c|\u2606mcchickendareal|wp\n|\n|t:|1699727214\n|move|p1a: Dragonite|Dragon Claw|p2a: Kingambit\n|-resisted|p2a: Kingambit\n|-damage|p2a: Kingambit|73\/100\n|move|p2a: Kingambit|Iron Head|p1a: Dragonite\n|-damage|p1a: Dragonite|0 fnt\n|faint|p1a: Dragonite\n|\n|upkeep\n|\n|t:|1699727220\n|switch|p1a: Gholdengo|Gholdengo, tera:Fairy|36\/100\n|turn|20\n|c|\u2606th1_lls|gg\n|\n|t:|1699727226\n|move|p1a: Gholdengo|Dazzling Gleam|p2a: Kingambit\n|-damage|p2a: Kingambit|34\/100\n|move|p2a: Kingambit|Iron Head|p1a: Gholdengo\n|-supereffective|p1a: Gholdengo\n|-damage|p1a: Gholdengo|0 fnt\n|faint|p1a: Gholdengo\n|\n|win|th1_lls\n|raw|mcchickendareal's rating: 1142 &rarr; <strong>1119<\/strong><br \/>(-23 for losing)\n|raw|th1_lls's rating: 1173 &rarr; <strong>1196<\/strong><br \/>(+23 for winning)\n","uploadtime":1699726956,"views":13,"p1id":"mcchickendareal","p2id":"th1lls","formatid":"gen9ou","rating":1119,"private":0,"password":""}