{"id":"gen9ou-1994013025","p1":"Phantamium","p2":"taoe","format":"[Gen 9] OU","log":"|j|\u2606Phantamium\n|j|\u2606taoe\n|t:|1700393489\n|gametype|singles\n|player|p1|Phantamium|1|1229\n|player|p2|taoe|pokemonrangerf-gen4|1212\n|teamsize|p1|6\n|teamsize|p2|6\n|gen|9\n|tier|[Gen 9] OU\n|rated|\n|rule|Sleep Clause Mod: Limit one foe put to sleep\n|rule|Species Clause: Limit one of each Pok\u00e9mon\n|rule|OHKO Clause: OHKO moves are banned\n|rule|Evasion Items Clause: Evasion items are banned\n|rule|Evasion Moves Clause: Evasion moves are banned\n|rule|Endless Battle Clause: Forcing endless battles is banned\n|rule|HP Percentage Mod: HP is shown in percentages\n|clearpoke\n|poke|p1|Chesnaught, F|\n|poke|p1|Avalugg-Hisui, F|\n|poke|p1|Zoroark-Hisui, F|\n|poke|p1|Iron Moth|\n|poke|p1|Lokix, F|\n|poke|p1|Iron Valiant|\n|poke|p2|Maushold|\n|poke|p2|Weavile, M|\n|poke|p2|Sneasler, F|\n|poke|p2|Jirachi|\n|poke|p2|Kleavor, F|\n|poke|p2|Ninetales-Alola, M|\n|teampreview\n|\n|t:|1700393516\n|start\n|switch|p1a: Iron Moth|Iron Moth|100\/100\n|switch|p2a: Ninetales|Ninetales-Alola, M, shiny|100\/100\n|-weather|Snow|[from] ability: Snow Warning|[of] p2a: Ninetales\n|turn|1\n|inactive|Battle timer is ON: inactive players will automatically lose when time's up. (requested by Phantamium)\n|\n|t:|1700393534\n|move|p1a: Iron Moth|Nasty Plot|p1a: Iron Moth\n|-boost|p1a: Iron Moth|spa|2\n|move|p2a: Ninetales|Aurora Veil|p2a: Ninetales\n|-sidestart|p2: taoe|move: Aurora Veil\n|\n|-weather|Snow|[upkeep]\n|upkeep\n|turn|2\n|\n|t:|1700393545\n|switch|p2a: Kleavor|Kleavor, F|100\/100\n|move|p1a: Iron Moth|Hyper Voice|p2a: Kleavor\n|-resisted|p2a: Kleavor\n|-damage|p2a: Kleavor|65\/100\n|\n|-weather|Snow|[upkeep]\n|upkeep\n|turn|3\n|\n|t:|1700393550\n|move|p1a: Iron Moth|Shadow Ball|p2a: Kleavor\n|-damage|p2a: Kleavor|0 fnt\n|faint|p2a: Kleavor\n|\n|-weather|Snow|[upkeep]\n|upkeep\n|\n|t:|1700393556\n|switch|p2a: Maushold|Maushold|100\/100\n|turn|4\n|\n|t:|1700393560\n|move|p2a: Maushold|Population Bomb|p1a: Iron Moth\n|-immune|p1a: Iron Moth\n|move|p1a: Iron Moth|Hyper Voice|p2a: Maushold\n|-damage|p2a: Maushold|31\/100\n|\n|-weather|Snow|[upkeep]\n|upkeep\n|turn|5\n|\n|t:|1700393566\n|move|p2a: Maushold|Bite|p1a: Iron Moth\n|-supereffective|p1a: Iron Moth\n|-damage|p1a: Iron Moth|9\/100\n|replace|p1a: Zoroark|Zoroark-Hisui, F\n|-end|p1a: Zoroark|Illusion\n|move|p1a: Zoroark|Hyper Voice|p2a: Maushold\n|-damage|p2a: Maushold|0 fnt\n|faint|p2a: Maushold\n|\n|-weather|none\n|upkeep\n|\n|t:|1700393571\n|switch|p2a: Ninetales|Ninetales-Alola, M, shiny|100\/100\n|-weather|Snow|[from] ability: Snow Warning|[of] p2a: Ninetales\n|turn|6\n|\n|t:|1700393577\n|move|p1a: Zoroark|Hyper Voice|p2a: Ninetales\n|-crit|p2a: Ninetales\n|-damage|p2a: Ninetales|0 fnt\n|faint|p2a: Ninetales\n|\n|-weather|Snow|[upkeep]\n|upkeep\n|\n|t:|1700393581\n|switch|p2a: Weavile|Weavile, M|100\/100\n|-ability|p2a: Weavile|Pressure\n|turn|7\n|\n|t:|1700393587\n|move|p2a: Weavile|Ice Shard|p1a: Zoroark\n|-damage|p1a: Zoroark|0 fnt\n|faint|p1a: Zoroark\n|\n|-weather|Snow|[upkeep]\n|upkeep\n|\n|t:|1700393592\n|switch|p1a: Lokix|Lokix, F|100\/100\n|turn|8\n|\n|t:|1700393597\n|-terastallize|p1a: Lokix|Bug\n|move|p1a: Lokix|First Impression|p2a: Weavile\n|-supereffective|p2a: Weavile\n|-damage|p2a: Weavile|14\/100\n|-damage|p1a: Lokix|91\/100|[from] item: Life Orb\n|move|p2a: Weavile|Ice Spinner|p1a: Lokix\n|-damage|p1a: Lokix|27\/100\n|\n|-weather|Snow|[upkeep]\n|-sideend|p2: taoe|move: Aurora Veil\n|upkeep\n|turn|9\n|\n|t:|1700393607\n|move|p2a: Weavile|Ice Shard|p1a: Lokix\n|-damage|p1a: Lokix|0 fnt\n|faint|p1a: Lokix\n|\n|-weather|Snow|[upkeep]\n|upkeep\n|\n|t:|1700393611\n|switch|p1a: Iron Moth|Iron Moth|100\/100\n|turn|10\n|\n|t:|1700393617\n|move|p1a: Iron Moth|Fiery Dance|p2a: Weavile\n|-supereffective|p2a: Weavile\n|-damage|p2a: Weavile|0 fnt\n|faint|p2a: Weavile\n|\n|-weather|none\n|upkeep\n|\n|t:|1700393625\n|switch|p2a: Sneasler|Sneasler, F|100\/100\n|turn|11\n|\n|t:|1700393634\n|move|p1a: Iron Moth|Fiery Dance|p2a: Sneasler\n|-damage|p2a: Sneasler|40\/100\n|-boost|p1a: Iron Moth|spa|1\n|move|p2a: Sneasler|Close Combat|p1a: Iron Moth\n|-resisted|p1a: Iron Moth\n|-damage|p1a: Iron Moth|41\/100\n|-unboost|p2a: Sneasler|def|1\n|-unboost|p2a: Sneasler|spd|1\n|-enditem|p2a: Sneasler|White Herb\n|-clearnegativeboost|p2a: Sneasler|[silent]\n|\n|upkeep\n|turn|12\n|\n|t:|1700393642\n|-terastallize|p2a: Sneasler|Flying\n|move|p2a: Sneasler|Acrobatics|p1a: Iron Moth\n|-damage|p1a: Iron Moth|0 fnt\n|faint|p1a: Iron Moth\n|-end|p1a: Iron Moth|Quark Drive|[silent]\n|\n|upkeep\n|\n|t:|1700393651\n|switch|p1a: Iron Valiant|Iron Valiant|100\/100\n|-enditem|p1a: Iron Valiant|Booster Energy\n|-activate|p1a: Iron Valiant|ability: Quark Drive|[fromitem]\n|-start|p1a: Iron Valiant|quarkdrivespe\n|turn|13\n|\n|t:|1700393658\n|move|p2a: Sneasler|Acrobatics|p1a: Iron Valiant\n|-supereffective|p1a: Iron Valiant\n|-damage|p1a: Iron Valiant|0 fnt\n|faint|p1a: Iron Valiant\n|-end|p1a: Iron Valiant|Quark Drive|[silent]\n|\n|upkeep\n|\n|t:|1700393660\n|switch|p1a: Avalugg|Avalugg-Hisui, F|100\/100\n|turn|14\n|\n|t:|1700393664\n|move|p2a: Sneasler|Close Combat|p1a: Avalugg\n|-supereffective|p1a: Avalugg\n|-ability|p1a: Avalugg|Sturdy\n|-damage|p1a: Avalugg|1\/100\n|-unboost|p2a: Sneasler|def|1\n|-unboost|p2a: Sneasler|spd|1\n|move|p1a: Avalugg|Icicle Spear|p2a: Sneasler\n|-supereffective|p2a: Sneasler\n|-damage|p2a: Sneasler|0 fnt\n|faint|p2a: Sneasler\n|-hitcount|p2: Sneasler|1\n|\n|upkeep\n|\n|t:|1700393666\n|switch|p2a: Jirachi|Jirachi|100\/100\n|turn|15\n|\n|t:|1700393670\n|move|p2a: Jirachi|Calm Mind|p2a: Jirachi\n|-boost|p2a: Jirachi|spa|1\n|-boost|p2a: Jirachi|spd|1\n|move|p1a: Avalugg|Icicle Spear|p2a: Jirachi\n|-resisted|p2a: Jirachi\n|-damage|p2a: Jirachi|97\/100\n|-resisted|p2a: Jirachi\n|-damage|p2a: Jirachi|94\/100\n|-resisted|p2a: Jirachi\n|-damage|p2a: Jirachi|91\/100\n|-resisted|p2a: Jirachi\n|-damage|p2a: Jirachi|87\/100\n|-hitcount|p2a: Jirachi|4\n|\n|-heal|p2a: Jirachi|93\/100|[from] item: Leftovers\n|upkeep\n|turn|16\n|\n|t:|1700393676\n|move|p2a: Jirachi|Calm Mind|p2a: Jirachi\n|-boost|p2a: Jirachi|spa|1\n|-boost|p2a: Jirachi|spd|1\n|move|p1a: Avalugg|Icicle Spear|p2a: Jirachi\n|-resisted|p2a: Jirachi\n|-crit|p2a: Jirachi\n|-damage|p2a: Jirachi|88\/100\n|-resisted|p2a: Jirachi\n|-damage|p2a: Jirachi|85\/100\n|-resisted|p2a: Jirachi\n|-damage|p2a: Jirachi|81\/100\n|-resisted|p2a: Jirachi\n|-damage|p2a: Jirachi|78\/100\n|-hitcount|p2a: Jirachi|4\n|\n|-heal|p2a: Jirachi|84\/100|[from] item: Leftovers\n|upkeep\n|turn|17\n|\n|t:|1700393681\n|move|p2a: Jirachi|Doom Desire|p1a: Avalugg\n|-start|p2a: Jirachi|Doom Desire\n|move|p1a: Avalugg|Rest|p1a: Avalugg\n|-status|p1a: Avalugg|slp|[from] move: Rest\n|-heal|p1a: Avalugg|100\/100 slp|[silent]\n|\n|-heal|p2a: Jirachi|90\/100|[from] item: Leftovers\n|upkeep\n|turn|18\n|\n|t:|1700393683\n|move|p2a: Jirachi|Calm Mind|p2a: Jirachi\n|-boost|p2a: Jirachi|spa|1\n|-boost|p2a: Jirachi|spd|1\n|cant|p1a: Avalugg|slp\n|move|p1a: Avalugg|Sleep Talk|p1a: Avalugg\n|move|p1a: Avalugg|Icicle Spear|p2a: Jirachi|[from]move: Sleep Talk\n|-resisted|p2a: Jirachi\n|-damage|p2a: Jirachi|87\/100\n|-resisted|p2a: Jirachi\n|-damage|p2a: Jirachi|84\/100\n|-resisted|p2a: Jirachi\n|-damage|p2a: Jirachi|81\/100\n|-resisted|p2a: Jirachi\n|-damage|p2a: Jirachi|77\/100\n|-resisted|p2a: Jirachi\n|-damage|p2a: Jirachi|74\/100\n|-hitcount|p2a: Jirachi|5\n|\n|-heal|p2a: Jirachi|80\/100|[from] item: Leftovers\n|upkeep\n|turn|19\n|\n|t:|1700393686\n|move|p2a: Jirachi|Calm Mind|p2a: Jirachi\n|-boost|p2a: Jirachi|spa|1\n|-boost|p2a: Jirachi|spd|1\n|cant|p1a: Avalugg|slp\n|move|p1a: Avalugg|Sleep Talk|p1a: Avalugg\n|move|p1a: Avalugg|Icicle Spear|p2a: Jirachi|[from]move: Sleep Talk\n|-resisted|p2a: Jirachi\n|-damage|p2a: Jirachi|76\/100\n|-resisted|p2a: Jirachi\n|-damage|p2a: Jirachi|73\/100\n|-resisted|p2a: Jirachi\n|-damage|p2a: Jirachi|70\/100\n|-resisted|p2a: Jirachi\n|-damage|p2a: Jirachi|67\/100\n|-hitcount|p2a: Jirachi|4\n|\n|-end|p1a: Avalugg|move: Doom Desire\n|-supereffective|p1a: Avalugg\n|-ability|p1a: Avalugg|Sturdy\n|-damage|p1a: Avalugg|1\/100 slp\n|-heal|p2a: Jirachi|73\/100|[from] item: Leftovers\n|upkeep\n|turn|20\n|\n|t:|1700393691\n|move|p2a: Jirachi|Wish|p2a: Jirachi\n|-curestatus|p1a: Avalugg|slp|[msg]\n|move|p1a: Avalugg|Rest|p1a: Avalugg\n|-status|p1a: Avalugg|slp|[from] move: Rest\n|-heal|p1a: Avalugg|100\/100 slp|[silent]\n|\n|-heal|p2a: Jirachi|79\/100|[from] item: Leftovers\n|upkeep\n|turn|21\n|\n|t:|1700393696\n|move|p2a: Jirachi|Calm Mind|p2a: Jirachi\n|-boost|p2a: Jirachi|spa|1\n|-boost|p2a: Jirachi|spd|1\n|cant|p1a: Avalugg|slp\n|move|p1a: Avalugg|Sleep Talk|p1a: Avalugg\n|move|p1a: Avalugg|Icicle Spear|p2a: Jirachi|[from]move: Sleep Talk\n|-resisted|p2a: Jirachi\n|-damage|p2a: Jirachi|76\/100\n|-resisted|p2a: Jirachi\n|-damage|p2a: Jirachi|72\/100\n|-resisted|p2a: Jirachi\n|-damage|p2a: Jirachi|69\/100\n|-resisted|p2a: Jirachi\n|-crit|p2a: Jirachi\n|-damage|p2a: Jirachi|64\/100\n|-hitcount|p2a: Jirachi|4\n|\n|-heal|p2a: Jirachi|100\/100|[from] move: Wish|[wisher] Jirachi\n|upkeep\n|turn|22\n|\n|t:|1700393701\n|move|p2a: Jirachi|Calm Mind|p2a: Jirachi\n|-boost|p2a: Jirachi|spa|1\n|-boost|p2a: Jirachi|spd|1\n|cant|p1a: Avalugg|slp\n|move|p1a: Avalugg|Sleep Talk|p1a: Avalugg\n|move|p1a: Avalugg|Icicle Spear|p2a: Jirachi|[from]move: Sleep Talk\n|-resisted|p2a: Jirachi\n|-damage|p2a: Jirachi|98\/100\n|-resisted|p2a: Jirachi\n|-damage|p2a: Jirachi|95\/100\n|-resisted|p2a: Jirachi\n|-damage|p2a: Jirachi|91\/100\n|-resisted|p2a: Jirachi\n|-damage|p2a: Jirachi|88\/100\n|-hitcount|p2a: Jirachi|4\n|\n|-heal|p2a: Jirachi|95\/100|[from] item: Leftovers\n|upkeep\n|turn|23\n|\n|t:|1700393710\n|move|p2a: Jirachi|Psychic|p1a: Avalugg\n|-ability|p1a: Avalugg|Sturdy\n|-damage|p1a: Avalugg|1\/100 slp\n|-curestatus|p1a: Avalugg|slp|[msg]\n|move|p1a: Avalugg|Icicle Spear|p2a: Jirachi\n|-resisted|p2a: Jirachi\n|-damage|p2a: Jirachi|91\/100\n|-resisted|p2a: Jirachi\n|-damage|p2a: Jirachi|88\/100\n|-resisted|p2a: Jirachi\n|-damage|p2a: Jirachi|84\/100\n|-resisted|p2a: Jirachi\n|-damage|p2a: Jirachi|81\/100\n|-hitcount|p2a: Jirachi|4\n|\n|-heal|p2a: Jirachi|87\/100|[from] item: Leftovers\n|upkeep\n|turn|24\n|\n|t:|1700393719\n|move|p2a: Jirachi|Doom Desire|p1a: Avalugg\n|-start|p2a: Jirachi|Doom Desire\n|move|p1a: Avalugg|Rest|p1a: Avalugg\n|-status|p1a: Avalugg|slp|[from] move: Rest\n|-heal|p1a: Avalugg|100\/100 slp|[silent]\n|\n|-heal|p2a: Jirachi|94\/100|[from] item: Leftovers\n|upkeep\n|turn|25\n|\n|t:|1700393722\n|move|p2a: Jirachi|Psychic|p1a: Avalugg\n|-ability|p1a: Avalugg|Sturdy\n|-damage|p1a: Avalugg|1\/100 slp\n|cant|p1a: Avalugg|slp\n|move|p1a: Avalugg|Sleep Talk|p1a: Avalugg\n|move|p1a: Avalugg|Rest||[from]move: Sleep Talk|[still]\n|-fail|p1a: Avalugg\n|\n|-heal|p2a: Jirachi|99\/100|[from] item: Leftovers\n|upkeep\n|turn|26\n|\n|t:|1700393733\n|move|p2a: Jirachi|Wish|p2a: Jirachi\n|cant|p1a: Avalugg|slp\n|move|p1a: Avalugg|Sleep Talk|p1a: Avalugg\n|move|p1a: Avalugg|Rock Blast|p2a: Jirachi|[from]move: Sleep Talk|[miss]\n|-miss|p1a: Avalugg|p2a: Jirachi\n|\n|-end|p1a: Avalugg|move: Doom Desire\n|-supereffective|p1a: Avalugg\n|-damage|p1a: Avalugg|0 fnt\n|faint|p1a: Avalugg\n|-heal|p2a: Jirachi|100\/100|[from] item: Leftovers\n|upkeep\n|\n|t:|1700393736\n|switch|p1a: Chesnaught|Chesnaught, F|100\/100\n|turn|27\n|\n|t:|1700393744\n|move|p2a: Jirachi|Psychic|p1a: Chesnaught\n|-supereffective|p1a: Chesnaught\n|-damage|p1a: Chesnaught|0 fnt\n|faint|p1a: Chesnaught\n|\n|win|taoe\n|raw|Phantamium's rating: 1229 &rarr; <strong>1203<\/strong><br \/>(-26 for losing)\n|raw|taoe's rating: 1212 &rarr; <strong>1238<\/strong><br \/>(+26 for winning)\n|l|\u2606Phantamium\n","uploadtime":1700393750,"views":8,"p1id":"phantamium","p2id":"taoe","formatid":"gen9ou","rating":1203,"private":0,"password":""}