{"id":"gen9ou-1993070814","p1":"smoodayx","p2":"Muddlet","format":"[Gen 9] OU","log":"|j|\u2606smoodayx\n|j|\u2606Muddlet\n|t:|1700261432\n|gametype|singles\n|player|p1|smoodayx|falkner|1169\n|player|p2|Muddlet|101|1225\n|teamsize|p1|6\n|teamsize|p2|6\n|gen|9\n|tier|[Gen 9] OU\n|rated|\n|rule|Sleep Clause Mod: Limit one foe put to sleep\n|rule|Species Clause: Limit one of each Pok\u00e9mon\n|rule|OHKO Clause: OHKO moves are banned\n|rule|Evasion Items Clause: Evasion items are banned\n|rule|Evasion Moves Clause: Evasion moves are banned\n|rule|Endless Battle Clause: Forcing endless battles is banned\n|rule|HP Percentage Mod: HP is shown in percentages\n|clearpoke\n|poke|p1|Gastrodon, F|\n|poke|p1|Corviknight, M|\n|poke|p1|Breloom, F|\n|poke|p1|Rotom-Wash|\n|poke|p1|Gholdengo|\n|poke|p1|Walking Wake|\n|poke|p2|Great Tusk|\n|poke|p2|Kingambit, F|\n|poke|p2|Iron Valiant|\n|poke|p2|Gholdengo|\n|poke|p2|Ampharos, M|\n|poke|p2|Ogerpon-Wellspring, F|\n|teampreview\n|\n|t:|1700261462\n|start\n|switch|p1a: Bonaparte|Breloom, F|100\/100\n|switch|p2a: Gholdengo|Gholdengo|100\/100\n|turn|1\n|\n|t:|1700261468\n|move|p1a: Bonaparte|Bulldoze|p2a: Gholdengo\n|-supereffective|p2a: Gholdengo\n|-damage|p2a: Gholdengo|38\/100\n|-unboost|p2a: Gholdengo|spe|1\n|move|p2a: Gholdengo|Dazzling Gleam|p1a: Bonaparte\n|-supereffective|p1a: Bonaparte\n|-enditem|p1a: Bonaparte|Focus Sash\n|-damage|p1a: Bonaparte|1\/100\n|\n|upkeep\n|turn|2\n|\n|t:|1700261481\n|switch|p2a: Ogerpon|Ogerpon-Wellspring, F|100\/100\n|move|p1a: Bonaparte|Bulldoze|p2a: Ogerpon\n|-resisted|p2a: Ogerpon\n|-damage|p2a: Ogerpon|78\/100\n|-unboost|p2a: Ogerpon|spe|1\n|\n|upkeep\n|turn|3\n|\n|t:|1700261507\n|move|p1a: Bonaparte|Bullet Seed|p2a: Ogerpon\n|-damage|p2a: Ogerpon|50\/100\n|-damage|p2a: Ogerpon|23\/100\n|-damage|p2a: Ogerpon|0 fnt\n|faint|p2a: Ogerpon\n|-hitcount|p2: Ogerpon|3\n|\n|upkeep\n|\n|t:|1700261518\n|switch|p2a: Kingambit|Kingambit, F|100\/100\n|-activate|p2a: Kingambit|ability: Supreme Overlord\n|-start|p2a: Kingambit|fallen1|[silent]\n|turn|4\n|\n|t:|1700261539\n|move|p1a: Bonaparte|Mach Punch|p2a: Kingambit\n|-supereffective|p2a: Kingambit\n|-damage|p2a: Kingambit|5\/100\n|move|p2a: Kingambit|Sucker Punch||[still]\n|-fail|p2a: Kingambit\n|\n|upkeep\n|turn|5\n|\n|t:|1700261549\n|move|p2a: Kingambit|Sucker Punch|p1a: Bonaparte\n|-resisted|p1a: Bonaparte\n|-damage|p1a: Bonaparte|0 fnt\n|faint|p1a: Bonaparte\n|\n|upkeep\n|\n|t:|1700261554\n|switch|p1a: Step-sis|Rotom-Wash|100\/100\n|turn|6\n|\n|t:|1700261597\n|-end|p2a: Kingambit|fallen1|[silent]\n|switch|p2a: Ampharos|Ampharos, M, shiny|100\/100\n|move|p1a: Step-sis|Will-O-Wisp|p2a: Ampharos\n|-status|p2a: Ampharos|brn\n|\n|-damage|p2a: Ampharos|94\/100 brn|[from] brn\n|upkeep\n|turn|7\n|\n|t:|1700261605\n|switch|p1a: ElMONSTROER|Gastrodon, F|100\/100\n|move|p2a: Ampharos|Discharge|p1a: ElMONSTROER\n|-immune|p1a: ElMONSTROER\n|\n|-damage|p2a: Ampharos|88\/100 brn|[from] brn\n|upkeep\n|turn|8\n|\n|t:|1700261618\n|move|p2a: Ampharos|Focus Blast|p1a: ElMONSTROER|[miss]\n|-miss|p2a: Ampharos|p1a: ElMONSTROER\n|move|p1a: ElMONSTROER|Stealth Rock|p2a: Ampharos\n|-sidestart|p2: Muddlet|move: Stealth Rock\n|\n|-damage|p2a: Ampharos|82\/100 brn|[from] brn\n|upkeep\n|turn|9\n|\n|t:|1700261644\n|move|p2a: Ampharos|Focus Blast|p1a: ElMONSTROER\n|-damage|p1a: ElMONSTROER|81\/100\n|-unboost|p1a: ElMONSTROER|spd|1\n|move|p1a: ElMONSTROER|Yawn||[still]\n|-fail|p1a: ElMONSTROER\n|\n|-heal|p1a: ElMONSTROER|87\/100|[from] item: Leftovers\n|-damage|p2a: Ampharos|75\/100 brn|[from] brn\n|upkeep\n|turn|10\n|\n|t:|1700261669\n|switch|p2a: Gholdengo|Gholdengo|38\/100\n|-damage|p2a: Gholdengo|31\/100|[from] Stealth Rock\n|move|p1a: ElMONSTROER|Recover|p1a: ElMONSTROER\n|-heal|p1a: ElMONSTROER|100\/100\n|\n|upkeep\n|turn|11\n|\n|t:|1700261674\n|switch|p1a: Step-sis|Rotom-Wash|100\/100\n|move|p2a: Gholdengo|Shadow Ball|p1a: Step-sis\n|-damage|p1a: Step-sis|22\/100\n|\n|upkeep\n|turn|12\n|\n|t:|1700261682\n|move|p1a: Step-sis|Volt Switch|p2a: Gholdengo\n|-damage|p2a: Gholdengo|9\/100\n|\n|t:|1700261696\n|switch|p1a: Bird|Corviknight, M|100\/100|[from] Volt Switch\n|-ability|p1a: Bird|Pressure\n|move|p2a: Gholdengo|Shadow Ball|p1a: Bird\n|-damage|p1a: Bird|35\/100\n|\n|upkeep\n|turn|13\n|\n|t:|1700261724\n|move|p2a: Gholdengo|Shadow Ball|p1a: Bird\n|-damage|p1a: Bird|0 fnt\n|faint|p1a: Bird\n|\n|upkeep\n|\n|t:|1700261728\n|switch|p1a: It's over 1000|Gholdengo|100\/100\n|turn|14\n|\n|t:|1700261751\n|move|p1a: It's over 1000|Shadow Ball|p2a: Gholdengo\n|-supereffective|p2a: Gholdengo\n|-damage|p2a: Gholdengo|0 fnt\n|faint|p2a: Gholdengo\n|\n|upkeep\n|\n|t:|1700261753\n|switch|p2a: Ampharos|Ampharos, M, shiny|75\/100 brn\n|-damage|p2a: Ampharos|63\/100 brn|[from] Stealth Rock\n|turn|15\n|\n|t:|1700261774\n|move|p1a: It's over 1000|Shadow Ball|p2a: Ampharos\n|-damage|p2a: Ampharos|43\/100 brn\n|-unboost|p2a: Ampharos|spd|1\n|move|p2a: Ampharos|Discharge|p1a: It's over 1000\n|-damage|p1a: It's over 1000|63\/100\n|\n|-damage|p2a: Ampharos|36\/100 brn|[from] brn\n|upkeep\n|turn|16\n|\n|t:|1700261784\n|move|p1a: It's over 1000|Shadow Ball|p2a: Ampharos\n|-damage|p2a: Ampharos|4\/100 brn\n|move|p2a: Ampharos|Discharge|p1a: It's over 1000\n|-damage|p1a: It's over 1000|28\/100\n|-status|p1a: It's over 1000|par\n|\n|-damage|p2a: Ampharos|0 fnt|[from] brn\n|faint|p2a: Ampharos\n|upkeep\n|\n|t:|1700261804\n|switch|p2a: Iron Valiant|Iron Valiant|100\/100\n|-damage|p2a: Iron Valiant|94\/100|[from] Stealth Rock\n|turn|17\n|\n|t:|1700261837\n|move|p2a: Iron Valiant|Swords Dance|p2a: Iron Valiant\n|-boost|p2a: Iron Valiant|atk|2\n|move|p1a: It's over 1000|Shadow Ball|p2a: Iron Valiant\n|-damage|p2a: Iron Valiant|35\/100\n|\n|upkeep\n|turn|18\n|\n|t:|1700261847\n|move|p2a: Iron Valiant|Spirit Break|p1a: It's over 1000\n|-resisted|p1a: It's over 1000\n|-damage|p1a: It's over 1000|0 fnt\n|faint|p1a: It's over 1000\n|\n|upkeep\n|\n|t:|1700261857\n|switch|p1a: Unstopable|Walking Wake|100\/100\n|turn|19\n|\n|t:|1700261868\n|-terastallize|p1a: Unstopable|Fire\n|move|p1a: Unstopable|Hydro Steam|p2a: Iron Valiant\n|-damage|p2a: Iron Valiant|0 fnt\n|faint|p2a: Iron Valiant\n|-end|p2a: Iron Valiant|Quark Drive|[silent]\n|\n|upkeep\n|\n|t:|1700261871\n|switch|p2a: Great Tusk|Great Tusk|100\/100\n|-damage|p2a: Great Tusk|98\/100|[from] Stealth Rock\n|-enditem|p2a: Great Tusk|Booster Energy\n|-activate|p2a: Great Tusk|ability: Protosynthesis|[fromitem]\n|-start|p2a: Great Tusk|protosynthesisatk\n|turn|20\n|inactive|Battle timer is ON: inactive players will automatically lose when time's up. (requested by Muddlet)\n|\n|t:|1700261887\n|-terastallize|p2a: Great Tusk|Ice\n|move|p1a: Unstopable|Hydro Steam|p2a: Great Tusk\n|-damage|p2a: Great Tusk|18\/100\n|move|p2a: Great Tusk|Rapid Spin|p1a: Unstopable\n|-damage|p1a: Unstopable|79\/100\n|-boost|p2a: Great Tusk|spe|1\n|-sideend|p2: Muddlet|Stealth Rock|[from] move: Rapid Spin|[of] p2a: Great Tusk\n|\n|upkeep\n|turn|21\n|\n|t:|1700261895\n|-end|p1a: Unstopable|Protosynthesis|[silent]\n|switch|p1a: ElMONSTROER|Gastrodon, F|100\/100\n|move|p2a: Great Tusk|Headlong Rush|p1a: ElMONSTROER\n|-damage|p1a: ElMONSTROER|24\/100\n|-unboost|p2a: Great Tusk|def|1\n|-unboost|p2a: Great Tusk|spd|1\n|\n|-heal|p1a: ElMONSTROER|30\/100|[from] item: Leftovers\n|upkeep\n|turn|22\n|\n|t:|1700261917\n|move|p2a: Great Tusk|Headlong Rush|p1a: ElMONSTROER\n|-crit|p1a: ElMONSTROER\n|-damage|p1a: ElMONSTROER|0 fnt\n|-unboost|p2a: Great Tusk|def|1\n|-unboost|p2a: Great Tusk|spd|1\n|faint|p1a: ElMONSTROER\n|\n|upkeep\n|\n|t:|1700261922\n|switch|p1a: Step-sis|Rotom-Wash|22\/100\n|turn|23\n|\n|t:|1700261930\n|move|p2a: Great Tusk|Rapid Spin|p1a: Step-sis\n|-damage|p1a: Step-sis|7\/100\n|-boost|p2a: Great Tusk|spe|1\n|move|p1a: Step-sis|Volt Switch|p2a: Great Tusk\n|-damage|p2a: Great Tusk|0 fnt\n|faint|p2a: Great Tusk\n|-end|p2a: Great Tusk|Protosynthesis|[silent]\n|\n|t:|1700261948\n|switch|p1a: Unstopable|Walking Wake, tera:Fire|79\/100|[from] Volt Switch\n|\n|upkeep\n|\n|t:|1700261958\n|switch|p2a: Kingambit|Kingambit, F|5\/100\n|-activate|p2a: Kingambit|ability: Supreme Overlord\n|-start|p2a: Kingambit|fallen5|[silent]\n|turn|24\n|\n|t:|1700261975\n|move|p2a: Kingambit|Sucker Punch|p1a: Unstopable\n|-damage|p1a: Unstopable|0 fnt\n|faint|p1a: Unstopable\n|-end|p1a: Unstopable|Protosynthesis|[silent]\n|\n|upkeep\n|\n|t:|1700261979\n|switch|p1a: Step-sis|Rotom-Wash|7\/100\n|turn|25\n|\n|t:|1700261983\n|move|p2a: Kingambit|Sucker Punch||[still]\n|-fail|p2a: Kingambit\n|move|p1a: Step-sis|Will-O-Wisp|p2a: Kingambit\n|-status|p2a: Kingambit|brn\n|\n|-damage|p2a: Kingambit|0 fnt|[from] brn\n|faint|p2a: Kingambit\n|-end|p2a: Kingambit|fallen5|[silent]\n|\n|win|smoodayx\n|upkeep\n|raw|smoodayx's rating: 1169 &rarr; <strong>1198<\/strong><br \/>(+29 for winning)\n|raw|Muddlet's rating: 1225 &rarr; <strong>1196<\/strong><br \/>(-29 for losing)\n|l|\u2606Muddlet\n|c|\u2606smoodayx|gg\n","uploadtime":1700262015,"views":11,"p1id":"smoodayx","p2id":"muddlet","formatid":"gen9ou","rating":1196,"private":0,"password":""}