{"id":"gen9ou-1988680788","p1":"Aaki224","p2":"yeah im the type","format":"[Gen 9] OU","log":"|j|\u2606Aaki224\n|j|\u2606yeah im the type\n|t:|1699749892\n|gametype|singles\n|player|p1|Aaki224|170|1444\n|player|p2|yeah im the type|skyla-masters|1509\n|teamsize|p1|6\n|teamsize|p2|6\n|gen|9\n|tier|[Gen 9] OU\n|rated|\n|rule|Sleep Clause Mod: Limit one foe put to sleep\n|rule|Species Clause: Limit one of each Pok\u00e9mon\n|rule|OHKO Clause: OHKO moves are banned\n|rule|Evasion Items Clause: Evasion items are banned\n|rule|Evasion Moves Clause: Evasion moves are banned\n|rule|Endless Battle Clause: Forcing endless battles is banned\n|rule|HP Percentage Mod: HP is shown in percentages\n|clearpoke\n|poke|p1|Vikavolt, F|\n|poke|p1|Enamorus, F|\n|poke|p1|Great Tusk|\n|poke|p1|Gholdengo|\n|poke|p1|Kommo-o, M|\n|poke|p1|Iron Moth|\n|poke|p2|Hatterene, F|\n|poke|p2|Cresselia, F|\n|poke|p2|Iron Hands|\n|poke|p2|Hoopa-Unbound|\n|poke|p2|Ursaluna, M|\n|poke|p2|Slowking-Galar, F|\n|teampreview\n|\n|t:|1699749915\n|start\n|switch|p1a: Vikavolt|Vikavolt, F|100\/100\n|switch|p2a: Hatterene|Hatterene, F|100\/100\n|turn|1\n|inactive|Battle timer is ON: inactive players will automatically lose when time's up. (requested by yeah im the type)\n|j| Lasagna Crustle\n|\n|t:|1699749935\n|move|p1a: Vikavolt|Bug Buzz|p2a: Hatterene\n|-damage|p2a: Hatterene|18\/100\n|move|p2a: Hatterene|Mystical Fire|p1a: Vikavolt\n|-supereffective|p1a: Vikavolt\n|-damage|p1a: Vikavolt|26\/100\n|-unboost|p1a: Vikavolt|spa|1\n|\n|upkeep\n|turn|2\n|\n|t:|1699749943\n|switch|p2a: Iron Hands|Iron Hands|100\/100\n|move|p1a: Vikavolt|Bug Buzz|p2a: Iron Hands\n|-resisted|p2a: Iron Hands\n|-damage|p2a: Iron Hands|74\/100\n|\n|upkeep\n|turn|3\n|c| Lasagna Crustle|Are these the trenches, fungal?\n|c|\u2606yeah im the type|these are teh depths\n|c| Lasagna Crustle|The dungeons\n|\n|t:|1699749962\n|switch|p1a: Great Tusk|Great Tusk|100\/100\n|-enditem|p1a: Great Tusk|Booster Energy\n|-activate|p1a: Great Tusk|ability: Protosynthesis|[fromitem]\n|-start|p1a: Great Tusk|protosynthesisatk\n|move|p2a: Iron Hands|Ice Punch|p1a: Great Tusk\n|-supereffective|p1a: Great Tusk\n|-damage|p1a: Great Tusk|33\/100\n|\n|upkeep\n|turn|4\n|c|\u2606yeah im the type|GOOB\n|\n|t:|1699749972\n|-end|p2a: Iron Hands|Quark Drive|[silent]\n|switch|p2a: Cresselia|Cresselia, F|100\/100\n|move|p1a: Great Tusk|Stealth Rock|p2a: Cresselia\n|-sidestart|p2: yeah im the type|move: Stealth Rock\n|\n|upkeep\n|turn|5\n|\n|t:|1699749978\n|-end|p1a: Great Tusk|Protosynthesis|[silent]\n|switch|p1a: Vikavolt|Vikavolt, F|26\/100\n|move|p2a: Cresselia|Trick Room|p2a: Cresselia\n|-fieldstart|move: Trick Room|[of] p2a: Cresselia\n|\n|upkeep\n|turn|6\n|\n|t:|1699749990\n|switch|p2a: Iron Hands|Iron Hands|74\/100\n|-damage|p2a: Iron Hands|68\/100|[from] Stealth Rock\n|move|p1a: Vikavolt|Bug Buzz|p2a: Iron Hands\n|-resisted|p2a: Iron Hands\n|-damage|p2a: Iron Hands|31\/100\n|\n|upkeep\n|turn|7\n|\n|t:|1699750001\n|switch|p1a: Great Tusk|Great Tusk|33\/100\n|move|p2a: Iron Hands|Wild Charge|p1a: Great Tusk\n|-immune|p1a: Great Tusk\n|\n|upkeep\n|turn|8\n|\n|t:|1699750007\n|-end|p2a: Iron Hands|Quark Drive|[silent]\n|switch|p2a: Hatterene|Hatterene, F|18\/100\n|-damage|p2a: Hatterene|6\/100|[from] Stealth Rock\n|move|p1a: Great Tusk|Headlong Rush|p2a: Hatterene\n|-damage|p2a: Hatterene|0 fnt\n|-unboost|p1a: Great Tusk|def|1\n|-unboost|p1a: Great Tusk|spd|1\n|faint|p2a: Hatterene\n|\n|upkeep\n|\n|t:|1699750011\n|switch|p2a: Ursaluna|Ursaluna, M|100\/100\n|-damage|p2a: Ursaluna|94\/100|[from] Stealth Rock\n|turn|9\n|\n|t:|1699750017\n|move|p2a: Ursaluna|Headlong Rush|p1a: Great Tusk\n|-damage|p1a: Great Tusk|0 fnt\n|-unboost|p2a: Ursaluna|def|1\n|-unboost|p2a: Ursaluna|spd|1\n|faint|p1a: Great Tusk\n|-end|p1a: Great Tusk|Protosynthesis|[silent]\n|\n|-fieldend|move: Trick Room\n|-status|p2a: Ursaluna|brn|[from] item: Flame Orb\n|upkeep\n|\n|t:|1699750026\n|switch|p1a: Vikavolt|Vikavolt, F|26\/100\n|turn|10\n|inactive|yeah im the type has 120 seconds left.\n|\n|t:|1699750058\n|switch|p2a: Iron Hands|Iron Hands|31\/100\n|-damage|p2a: Iron Hands|25\/100|[from] Stealth Rock\n|move|p1a: Vikavolt|Bug Buzz|p2a: Iron Hands\n|-resisted|p2a: Iron Hands\n|-damage|p2a: Iron Hands|0 fnt\n|faint|p2a: Iron Hands\n|-end|p2a: Iron Hands|Quark Drive|[silent]\n|\n|upkeep\n|\n|t:|1699750060\n|switch|p2a: Slowking|Slowking-Galar, F|100\/100\n|-damage|p2a: Slowking|88\/100|[from] Stealth Rock\n|turn|11\n|\n|t:|1699750069\n|switch|p1a: Gholdengo|Gholdengo|100\/100\n|-item|p1a: Gholdengo|Air Balloon\n|move|p2a: Slowking|Trick Room|p2a: Slowking\n|-fieldstart|move: Trick Room|[of] p2a: Slowking\n|\n|upkeep\n|turn|12\n|c| Lasagna Crustle|Do it.\n|\n|t:|1699750082\n|-terastallize|p2a: Slowking|Fire\n|move|p2a: Slowking|Flamethrower|p1a: Gholdengo\n|-supereffective|p1a: Gholdengo\n|-damage|p1a: Gholdengo|0 fnt\n|-enditem|p1a: Gholdengo|Air Balloon\n|faint|p1a: Gholdengo\n|-damage|p2a: Slowking|78\/100|[from] item: Life Orb\n|\n|upkeep\n|c|\u2606yeah im the type|agency agency\n|\n|t:|1699750094\n|switch|p1a: Iron Moth|Iron Moth|100\/100\n|-enditem|p1a: Iron Moth|Booster Energy\n|-activate|p1a: Iron Moth|ability: Quark Drive|[fromitem]\n|-start|p1a: Iron Moth|quarkdrivespe\n|turn|13\n|\n|t:|1699750109\n|-terastallize|p1a: Iron Moth|Ground\n|move|p2a: Slowking|Psyshock|p1a: Iron Moth\n|-damage|p1a: Iron Moth|17\/100\n|-damage|p2a: Slowking|68\/100|[from] item: Life Orb\n|move|p1a: Iron Moth|Tera Blast|p2a: Slowking|[anim] Tera Blast Ground\n|-supereffective|p2a: Slowking\n|-damage|p2a: Slowking|2\/100\n|\n|upkeep\n|turn|14\n|c|\u2606yeah im the type|watch it go\n|\n|t:|1699750126\n|move|p2a: Slowking|Psyshock|p1a: Iron Moth\n|-damage|p1a: Iron Moth|0 fnt\n|faint|p1a: Iron Moth\n|-end|p1a: Iron Moth|Quark Drive|[silent]\n|-damage|p2a: Slowking|0 fnt|[from] item: Life Orb\n|faint|p2a: Slowking\n|\n|upkeep\n|\n|t:|1699750131\n|switch|p2a: Ursaluna|Ursaluna, M|94\/100 brn\n|switch|p1a: Vikavolt|Vikavolt, F|26\/100\n|-damage|p2a: Ursaluna|88\/100 brn|[from] Stealth Rock\n|turn|15\n|\n|t:|1699750138\n|move|p2a: Ursaluna|Facade|p1a: Vikavolt\n|-damage|p1a: Vikavolt|0 fnt\n|faint|p1a: Vikavolt\n|\n|-damage|p2a: Ursaluna|82\/100 brn|[from] brn\n|-fieldend|move: Trick Room\n|upkeep\n|\n|t:|1699750155\n|switch|p1a: Kommo-o|Kommo-o, M|100\/100\n|turn|16\n|\n|t:|1699750183\n|switch|p2a: Cresselia|Cresselia, F|100\/100\n|-damage|p2a: Cresselia|88\/100|[from] Stealth Rock\n|move|p1a: Kommo-o|Flamethrower|p2a: Cresselia\n|-damage|p2a: Cresselia|71\/100\n|\n|upkeep\n|turn|17\n|\n|t:|1699750189\n|switch|p1a: Enamorus|Enamorus, F|100\/100\n|move|p2a: Cresselia|Trick Room|p2a: Cresselia\n|-fieldstart|move: Trick Room|[of] p2a: Cresselia\n|\n|upkeep\n|turn|18\n|\n|t:|1699750199\n|move|p2a: Cresselia|Thunderbolt|p1a: Enamorus\n|-supereffective|p1a: Enamorus\n|-damage|p1a: Enamorus|57\/100\n|move|p1a: Enamorus|Draining Kiss|p2a: Cresselia\n|-damage|p2a: Cresselia|46\/100\n|-heal|p1a: Enamorus|86\/100|[from] drain|[of] p2a: Cresselia\n|-damage|p1a: Enamorus|76\/100|[from] item: Life Orb\n|\n|upkeep\n|turn|19\n|\n|t:|1699750205\n|switch|p2a: Ursaluna|Ursaluna, M|82\/100 brn\n|-damage|p2a: Ursaluna|76\/100 brn|[from] Stealth Rock\n|move|p1a: Enamorus|Draining Kiss|p2a: Ursaluna\n|-damage|p2a: Ursaluna|45\/100 brn\n|-heal|p1a: Enamorus|100\/100|[from] drain|[of] p2a: Ursaluna\n|-damage|p1a: Enamorus|91\/100|[from] item: Life Orb\n|\n|-damage|p2a: Ursaluna|39\/100 brn|[from] brn\n|upkeep\n|turn|20\n|\n|t:|1699750214\n|move|p2a: Ursaluna|Facade|p1a: Enamorus\n|-damage|p1a: Enamorus|0 fnt\n|-start|p2a: Ursaluna|Attract|[from] ability: Cute Charm|[of] p1a: Enamorus\n|faint|p1a: Enamorus\n|-end|p2a: Ursaluna|Attract|[silent]\n|\n|-damage|p2a: Ursaluna|33\/100 brn|[from] brn\n|upkeep\n|\n|t:|1699750217\n|switch|p1a: Kommo-o|Kommo-o, M|100\/100\n|turn|21\n|\n|t:|1699750221\n|move|p2a: Ursaluna|Headlong Rush|p1a: Kommo-o\n|-damage|p1a: Kommo-o|0 fnt\n|-unboost|p2a: Ursaluna|def|1\n|-unboost|p2a: Ursaluna|spd|1\n|faint|p1a: Kommo-o\n|\n|win|yeah im the type\n|raw|Aaki224's rating: 1444 &rarr; <strong>1428<\/strong><br \/>(-16 for losing)\n|raw|yeah im the type's rating: 1509 &rarr; <strong>1525<\/strong><br \/>(+16 for winning)\n","uploadtime":1699750145,"views":9,"p1id":"aaki224","p2id":"yeahimthetype","formatid":"gen9ou","rating":1428,"private":0,"password":""}