{"id":"gen9ou-1992471828","p1":"PrincessPeacock","p2":"demixelz","format":"[Gen 9] OU","log":"|j|\u2606PrincessPeacock\n|j|\u2606demixelz\n|t:|1700191725\n|gametype|singles\n|player|p1|PrincessPeacock|clair|\n|player|p2|demixelz|cynthia-gen4|\n|teamsize|p1|6\n|teamsize|p2|6\n|gen|9\n|tier|[Gen 9] OU\n|rule|Sleep Clause Mod: Limit one foe put to sleep\n|rule|Species Clause: Limit one of each Pok\u00e9mon\n|rule|OHKO Clause: OHKO moves are banned\n|rule|Evasion Items Clause: Evasion items are banned\n|rule|Evasion Moves Clause: Evasion moves are banned\n|rule|Endless Battle Clause: Forcing endless battles is banned\n|rule|HP Percentage Mod: HP is shown in percentages\n|clearpoke\n|poke|p1|Hoopa-Unbound|\n|poke|p1|Ting-Lu|\n|poke|p1|Ogerpon-Wellspring, F|\n|poke|p1|Barraskewda, F|\n|poke|p1|Gholdengo|\n|poke|p1|Shaymin|\n|poke|p2|Zapdos|\n|poke|p2|Corviknight, M|\n|poke|p2|Arcanine-Hisui, F|\n|poke|p2|Garchomp, F|\n|poke|p2|Slowking, F|\n|poke|p2|Meowscarada, F|\n|teampreview\n|\n|t:|1700191754\n|start\n|switch|p1a: Ogerpon|Ogerpon-Wellspring, F|100\/100\n|switch|p2a: Garchomp|Garchomp, F|100\/100\n|turn|1\n|\n|t:|1700191759\n|move|p1a: Ogerpon|Spikes|p2a: Garchomp\n|-sidestart|p2: demixelz|Spikes\n|move|p2a: Garchomp|Stealth Rock|p1a: Ogerpon\n|-sidestart|p1: PrincessPeacock|move: Stealth Rock\n|\n|upkeep\n|turn|2\n|\n|t:|1700191764\n|move|p1a: Ogerpon|Encore|p2a: Garchomp\n|-start|p2a: Garchomp|Encore\n|move|p2a: Garchomp|Stealth Rock||[still]\n|-fail|p2a: Garchomp\n|\n|upkeep\n|turn|3\n|\n|t:|1700191773\n|switch|p2a: Corviknight|Corviknight, M|100\/100\n|-ability|p2a: Corviknight|Pressure\n|move|p1a: Ogerpon|Ivy Cudgel|p2a: Corviknight|[anim] Ivy Cudgel Water\n|-damage|p2a: Corviknight|72\/100\n|\n|-heal|p2a: Corviknight|79\/100|[from] item: Leftovers\n|upkeep\n|turn|4\n|\n|t:|1700191790\n|switch|p1a: Gholdengo|Gholdengo|100\/100\n|-damage|p1a: Gholdengo|94\/100|[from] Stealth Rock\n|move|p2a: Corviknight|Iron Defense|p2a: Corviknight\n|-boost|p2a: Corviknight|def|2\n|\n|-heal|p1a: Gholdengo|100\/100|[from] item: Leftovers\n|-heal|p2a: Corviknight|85\/100|[from] item: Leftovers\n|upkeep\n|turn|5\n|\n|t:|1700191812\n|move|p1a: Gholdengo|Substitute|p1a: Gholdengo\n|-start|p1a: Gholdengo|Substitute\n|-damage|p1a: Gholdengo|76\/100\n|move|p2a: Corviknight|Roost|p2a: Corviknight\n|-heal|p2a: Corviknight|100\/100\n|-singleturn|p2a: Corviknight|move: Roost\n|\n|-heal|p1a: Gholdengo|82\/100|[from] item: Leftovers\n|upkeep\n|turn|6\n|\n|t:|1700191825\n|move|p1a: Gholdengo|Thunder Wave|p2a: Corviknight\n|-status|p2a: Corviknight|par\n|move|p2a: Corviknight|Iron Defense|p2a: Corviknight\n|-boost|p2a: Corviknight|def|2\n|\n|-heal|p1a: Gholdengo|88\/100|[from] item: Leftovers\n|upkeep\n|turn|7\n|\n|t:|1700191838\n|move|p1a: Gholdengo|Nasty Plot|p1a: Gholdengo\n|-boost|p1a: Gholdengo|spa|2\n|move|p2a: Corviknight|Defog|p1a: Gholdengo\n|-immune|p1a: Gholdengo|[from] ability: Good as Gold\n|\n|-heal|p1a: Gholdengo|94\/100|[from] item: Leftovers\n|upkeep\n|turn|8\n|\n|t:|1700191861\n|switch|p2a: Slowking|Slowking, F|100\/100\n|move|p1a: Gholdengo|Shadow Ball|p2a: Slowking\n|-supereffective|p2a: Slowking\n|-crit|p2a: Slowking\n|-damage|p2a: Slowking|0 fnt\n|faint|p2a: Slowking\n|\n|-heal|p1a: Gholdengo|99\/100|[from] item: Leftovers\n|upkeep\n|\n|t:|1700191874\n|switch|p2a: Zapdos|Zapdos, shiny|100\/100\n|turn|9\n|\n|t:|1700191878\n|move|p2a: Zapdos|Volt Switch|p1a: Gholdengo\n|-end|p1a: Gholdengo|Substitute\n|\n|t:|1700191881\n|switch|p2a: Garchomp|Garchomp, F|100\/100|[from] Volt Switch\n|-damage|p2a: Garchomp|88\/100|[from] Spikes\n|move|p1a: Gholdengo|Shadow Ball|p2a: Garchomp\n|-damage|p2a: Garchomp|20\/100\n|-unboost|p2a: Garchomp|spd|1\n|\n|-heal|p2a: Garchomp|26\/100|[from] item: Leftovers\n|-heal|p1a: Gholdengo|100\/100|[from] item: Leftovers\n|upkeep\n|turn|10\n|\n|t:|1700191926\n|switch|p1a: Ogerpon|Ogerpon-Wellspring, F|100\/100\n|-damage|p1a: Ogerpon|88\/100|[from] Stealth Rock\n|move|p2a: Garchomp|Substitute|p2a: Garchomp\n|-start|p2a: Garchomp|Substitute\n|-damage|p2a: Garchomp|1\/100\n|\n|-heal|p2a: Garchomp|8\/100|[from] item: Leftovers\n|upkeep\n|turn|11\n|\n|t:|1700191936\n|move|p1a: Ogerpon|Encore|p2a: Garchomp\n|-start|p2a: Garchomp|Encore\n|move|p2a: Garchomp|Substitute|p2a: Garchomp\n|-fail|p2a: Garchomp|move: Substitute\n|\n|-heal|p2a: Garchomp|14\/100|[from] item: Leftovers\n|upkeep\n|turn|12\n|\n|t:|1700191949\n|switch|p2a: Meowscarada|Meowscarada, F|100\/100\n|-damage|p2a: Meowscarada|88\/100|[from] Spikes\n|move|p1a: Ogerpon|Ivy Cudgel|p2a: Meowscarada|[anim] Ivy Cudgel Water\n|-resisted|p2a: Meowscarada\n|-damage|p2a: Meowscarada|47\/100\n|\n|upkeep\n|turn|13\n|\n|t:|1700191974\n|move|p1a: Ogerpon|Encore||[still]\n|-fail|p1a: Ogerpon\n|move|p2a: Meowscarada|Flower Trick|p1a: Ogerpon\n|-start|p2a: Meowscarada|typechange|Grass|[from] ability: Protean\n|-crit|p1a: Ogerpon\n|-damage|p1a: Ogerpon|2\/100\n|\n|upkeep\n|turn|14\n|\n|t:|1700191982\n|move|p1a: Ogerpon|Encore|p2a: Meowscarada\n|-start|p2a: Meowscarada|Encore\n|move|p2a: Meowscarada|Flower Trick|p1a: Ogerpon\n|-crit|p1a: Ogerpon\n|-damage|p1a: Ogerpon|0 fnt\n|faint|p1a: Ogerpon\n|\n|upkeep\n|\n|t:|1700191995\n|switch|p1a: Gholdengo|Gholdengo|100\/100\n|-damage|p1a: Gholdengo|94\/100|[from] Stealth Rock\n|turn|15\n|\n|t:|1700192034\n|switch|p2a: Zapdos|Zapdos, shiny|100\/100\n|move|p1a: Gholdengo|Shadow Ball|p2a: Zapdos\n|-damage|p2a: Zapdos|61\/100\n|\n|-heal|p1a: Gholdengo|100\/100|[from] item: Leftovers\n|upkeep\n|turn|16\n|\n|t:|1700192046\n|switch|p1a: Ting-Lu|Ting-Lu|100\/100\n|-damage|p1a: Ting-Lu|94\/100|[from] Stealth Rock\n|-ability|p1a: Ting-Lu|Vessel of Ruin\n|move|p2a: Zapdos|Heat Wave|p1a: Ting-Lu\n|-damage|p1a: Ting-Lu|80\/100\n|\n|upkeep\n|turn|17\n|\n|t:|1700192058\n|switch|p2a: Corviknight|Corviknight, M|100\/100 par\n|-ability|p2a: Corviknight|Pressure\n|move|p1a: Ting-Lu|Ruination|p2a: Corviknight\n|-damage|p2a: Corviknight|50\/100 par\n|\n|-heal|p2a: Corviknight|57\/100 par|[from] item: Leftovers\n|upkeep\n|turn|18\n|\n|t:|1700192067\n|switch|p1a: Gholdengo|Gholdengo|100\/100\n|-damage|p1a: Gholdengo|94\/100|[from] Stealth Rock\n|move|p2a: Corviknight|Roost|p2a: Corviknight\n|-heal|p2a: Corviknight|100\/100 par\n|-singleturn|p2a: Corviknight|move: Roost\n|\n|-heal|p1a: Gholdengo|100\/100|[from] item: Leftovers\n|upkeep\n|turn|19\n|\n|t:|1700192076\n|switch|p2a: Zapdos|Zapdos, shiny|61\/100\n|move|p1a: Gholdengo|Substitute|p1a: Gholdengo\n|-start|p1a: Gholdengo|Substitute\n|-damage|p1a: Gholdengo|76\/100\n|\n|-heal|p1a: Gholdengo|82\/100|[from] item: Leftovers\n|upkeep\n|turn|20\n|\n|t:|1700192084\n|move|p2a: Zapdos|Volt Switch|p1a: Gholdengo\n|-end|p1a: Gholdengo|Substitute\n|\n|t:|1700192090\n|switch|p2a: Garchomp|Garchomp, F|14\/100|[from] Volt Switch\n|-damage|p2a: Garchomp|1\/100|[from] Spikes\n|move|p1a: Gholdengo|Shadow Ball|p2a: Garchomp\n|-damage|p2a: Garchomp|0 fnt\n|faint|p2a: Garchomp\n|\n|-heal|p1a: Gholdengo|88\/100|[from] item: Leftovers\n|upkeep\n|\n|t:|1700192100\n|switch|p2a: Arcanine|Arcanine-Hisui, F, shiny|100\/100\n|-damage|p2a: Arcanine|88\/100|[from] Spikes\n|turn|21\n|\n|t:|1700192130\n|switch|p1a: Ting-Lu|Ting-Lu|80\/100\n|-damage|p1a: Ting-Lu|74\/100|[from] Stealth Rock\n|-ability|p1a: Ting-Lu|Vessel of Ruin\n|move|p2a: Arcanine|Close Combat|p1a: Ting-Lu\n|-supereffective|p1a: Ting-Lu\n|-damage|p1a: Ting-Lu|33\/100\n|-unboost|p2a: Arcanine|def|1\n|-unboost|p2a: Arcanine|spd|1\n|\n|upkeep\n|turn|22\n|\n|t:|1700192139\n|move|p2a: Arcanine|Close Combat|p1a: Ting-Lu\n|-supereffective|p1a: Ting-Lu\n|-damage|p1a: Ting-Lu|0 fnt\n|-unboost|p2a: Arcanine|def|1\n|-unboost|p2a: Arcanine|spd|1\n|faint|p1a: Ting-Lu\n|\n|upkeep\n|\n|t:|1700192143\n|switch|p1a: Barraskewda|Barraskewda, F|100\/100\n|turn|23\n|\n|t:|1700192172\n|switch|p2a: Meowscarada|Meowscarada, F|47\/100\n|-damage|p2a: Meowscarada|35\/100|[from] Spikes\n|move|p1a: Barraskewda|Aqua Jet|p2a: Meowscarada\n|-resisted|p2a: Meowscarada\n|-damage|p2a: Meowscarada|17\/100\n|\n|upkeep\n|turn|24\n|\n|t:|1700192186\n|move|p1a: Barraskewda|Liquidation|p2a: Meowscarada\n|-resisted|p2a: Meowscarada\n|-damage|p2a: Meowscarada|0 fnt\n|faint|p2a: Meowscarada\n|\n|upkeep\n|\n|t:|1700192191\n|switch|p2a: Zapdos|Zapdos, shiny|61\/100\n|turn|25\n|\n|t:|1700192201\n|move|p1a: Barraskewda|Flip Turn|p2a: Zapdos\n|-damage|p2a: Zapdos|22\/100\n|\n|t:|1700192205\n|switch|p1a: Shaymin|Shaymin|100\/100|[from] Flip Turn\n|-damage|p1a: Shaymin|88\/100|[from] Stealth Rock\n|move|p2a: Zapdos|Hurricane|p1a: Shaymin\n|-supereffective|p1a: Shaymin\n|-damage|p1a: Shaymin|0 fnt\n|faint|p1a: Shaymin\n|\n|upkeep\n|\n|t:|1700192217\n|switch|p1a: Barraskewda|Barraskewda, F|100\/100\n|turn|26\n|\n|t:|1700192222\n|switch|p2a: Corviknight|Corviknight, M|100\/100 par\n|-ability|p2a: Corviknight|Pressure\n|move|p1a: Barraskewda|Liquidation|p2a: Corviknight\n|-damage|p2a: Corviknight|70\/100 par\n|\n|-heal|p2a: Corviknight|77\/100 par|[from] item: Leftovers\n|upkeep\n|turn|27\n|\n|t:|1700192231\n|move|p1a: Barraskewda|Flip Turn|p2a: Corviknight\n|-damage|p2a: Corviknight|58\/100 par\n|\n|t:|1700192235\n|switch|p1a: Gholdengo|Gholdengo|88\/100|[from] Flip Turn\n|-damage|p1a: Gholdengo|82\/100|[from] Stealth Rock\n|move|p2a: Corviknight|Defog|p1a: Gholdengo\n|-immune|p1a: Gholdengo|[from] ability: Good as Gold\n|\n|-heal|p1a: Gholdengo|88\/100|[from] item: Leftovers\n|-heal|p2a: Corviknight|64\/100 par|[from] item: Leftovers\n|upkeep\n|turn|28\n|\n|t:|1700192250\n|move|p1a: Gholdengo|Thunder Wave|p2a: Corviknight\n|-fail|p2a: Corviknight|par\n|cant|p2a: Corviknight|par\n|\n|-heal|p1a: Gholdengo|94\/100|[from] item: Leftovers\n|-heal|p2a: Corviknight|70\/100 par|[from] item: Leftovers\n|upkeep\n|turn|29\n|\n|t:|1700192260\n|move|p1a: Gholdengo|Substitute|p1a: Gholdengo\n|-start|p1a: Gholdengo|Substitute\n|-damage|p1a: Gholdengo|69\/100\n|move|p2a: Corviknight|U-turn|p1a: Gholdengo\n|-resisted|p1a: Gholdengo\n|-activate|p1a: Gholdengo|move: Substitute|[damage]\n|\n|t:|1700192267\n|switch|p2a: Zapdos|Zapdos, shiny|22\/100|[from] U-turn\n|\n|-heal|p1a: Gholdengo|75\/100|[from] item: Leftovers\n|upkeep\n|turn|30\n|\n|t:|1700192272\n|move|p2a: Zapdos|Volt Switch|p1a: Gholdengo\n|-end|p1a: Gholdengo|Substitute\n|\n|t:|1700192275\n|switch|p2a: Arcanine|Arcanine-Hisui, F, shiny|88\/100|[from] Volt Switch\n|-damage|p2a: Arcanine|76\/100|[from] Spikes\n|move|p1a: Gholdengo|Shadow Ball|p2a: Arcanine\n|-damage|p2a: Arcanine|32\/100\n|\n|-heal|p1a: Gholdengo|81\/100|[from] item: Leftovers\n|upkeep\n|turn|31\n|\n|t:|1700192295\n|switch|p1a: Hoopa|Hoopa-Unbound|100\/100\n|move|p2a: Arcanine|Head Smash|p1a: Hoopa\n|-crit|p1a: Hoopa\n|-damage|p1a: Hoopa|0 fnt\n|faint|p1a: Hoopa\n|\n|upkeep\n|\n|t:|1700192300\n|switch|p1a: Barraskewda|Barraskewda, F|100\/100\n|turn|32\n|\n|t:|1700192305\n|switch|p2a: Corviknight|Corviknight, M|70\/100 par\n|-ability|p2a: Corviknight|Pressure\n|move|p1a: Barraskewda|Aqua Jet|p2a: Corviknight\n|-damage|p2a: Corviknight|57\/100 par\n|\n|-heal|p2a: Corviknight|63\/100 par|[from] item: Leftovers\n|upkeep\n|turn|33\n|\n|t:|1700192314\n|move|p1a: Barraskewda|Flip Turn|p2a: Corviknight\n|-damage|p2a: Corviknight|44\/100 par\n|\n|t:|1700192316\n|switch|p1a: Gholdengo|Gholdengo|81\/100|[from] Flip Turn\n|-damage|p1a: Gholdengo|75\/100|[from] Stealth Rock\n|move|p2a: Corviknight|Roost|p2a: Corviknight\n|-heal|p2a: Corviknight|94\/100 par\n|-singleturn|p2a: Corviknight|move: Roost\n|\n|-heal|p1a: Gholdengo|81\/100|[from] item: Leftovers\n|-heal|p2a: Corviknight|99\/100 par|[from] item: Leftovers\n|upkeep\n|turn|34\n|\n|t:|1700192330\n|move|p1a: Gholdengo|Substitute|p1a: Gholdengo\n|-start|p1a: Gholdengo|Substitute\n|-damage|p1a: Gholdengo|56\/100\n|move|p2a: Corviknight|U-turn|p1a: Gholdengo\n|-resisted|p1a: Gholdengo\n|-activate|p1a: Gholdengo|move: Substitute|[damage]\n|\n|t:|1700192335\n|switch|p2a: Zapdos|Zapdos, shiny|22\/100|[from] U-turn\n|\n|-heal|p1a: Gholdengo|62\/100|[from] item: Leftovers\n|upkeep\n|turn|35\n|\n|t:|1700192342\n|move|p2a: Zapdos|Volt Switch|p1a: Gholdengo\n|-end|p1a: Gholdengo|Substitute\n|\n|t:|1700192345\n|switch|p2a: Corviknight|Corviknight, M|99\/100 par|[from] Volt Switch\n|-ability|p2a: Corviknight|Pressure\n|move|p1a: Gholdengo|Shadow Ball|p2a: Corviknight\n|-crit|p2a: Corviknight\n|-damage|p2a: Corviknight|52\/100 par\n|\n|-heal|p1a: Gholdengo|68\/100|[from] item: Leftovers\n|-heal|p2a: Corviknight|58\/100 par|[from] item: Leftovers\n|upkeep\n|turn|36\n|\n|t:|1700192365\n|switch|p2a: Arcanine|Arcanine-Hisui, F, shiny|32\/100\n|-damage|p2a: Arcanine|20\/100|[from] Spikes\n|move|p1a: Gholdengo|Substitute|p1a: Gholdengo\n|-start|p1a: Gholdengo|Substitute\n|-damage|p1a: Gholdengo|44\/100\n|\n|-heal|p1a: Gholdengo|50\/100|[from] item: Leftovers\n|upkeep\n|turn|37\n|\n|t:|1700192374\n|switch|p2a: Corviknight|Corviknight, M|58\/100 par\n|-ability|p2a: Corviknight|Pressure\n|move|p1a: Gholdengo|Shadow Ball|p2a: Corviknight\n|-damage|p2a: Corviknight|21\/100 par\n|\n|-heal|p1a: Gholdengo|56\/100|[from] item: Leftovers\n|-heal|p2a: Corviknight|28\/100 par|[from] item: Leftovers\n|upkeep\n|turn|38\n|\n|t:|1700192389\n|move|p1a: Gholdengo|Shadow Ball|p2a: Corviknight\n|-damage|p2a: Corviknight|0 fnt\n|faint|p2a: Corviknight\n|\n|-heal|p1a: Gholdengo|62\/100|[from] item: Leftovers\n|upkeep\n|\n|t:|1700192394\n|switch|p2a: Zapdos|Zapdos, shiny|22\/100\n|turn|39\n|\n|t:|1700192398\n|move|p2a: Zapdos|Heat Wave|p1a: Gholdengo\n|-supereffective|p1a: Gholdengo\n|-end|p1a: Gholdengo|Substitute\n|move|p1a: Gholdengo|Shadow Ball|p2a: Zapdos\n|-damage|p2a: Zapdos|0 fnt\n|faint|p2a: Zapdos\n|\n|-heal|p1a: Gholdengo|68\/100|[from] item: Leftovers\n|upkeep\n|\n|t:|1700192406\n|switch|p2a: Arcanine|Arcanine-Hisui, F, shiny|20\/100\n|-damage|p2a: Arcanine|7\/100|[from] Spikes\n|turn|40\n|\n|t:|1700192413\n|-terastallize|p2a: Arcanine|Bug\n|move|p2a: Arcanine|Flare Blitz|p1a: Gholdengo\n|-supereffective|p1a: Gholdengo\n|-damage|p1a: Gholdengo|0 fnt\n|faint|p1a: Gholdengo\n|\n|upkeep\n|\n|t:|1700192419\n|switch|p1a: Barraskewda|Barraskewda, F|100\/100\n|turn|41\n|\n|t:|1700192421\n|move|p1a: Barraskewda|Aqua Jet|p2a: Arcanine\n|-damage|p2a: Arcanine|0 fnt\n|faint|p2a: Arcanine\n|\n|win|PrincessPeacock\n","uploadtime":1700192428,"views":12,"p1id":"princesspeacock","p2id":"demixelz","formatid":"gen9ou","rating":0,"private":0,"password":""}