{"id":"gen9ou-1992575843","p1":"Blurred Ace","p2":"DeepFriedMagikarp","format":"[Gen 9] OU","log":"|j|\u2606Blurred Ace\n|j|\u2606DeepFriedMagikarp\n|t:|1700208636\n|gametype|singles\n|player|p1|Blurred Ace|gambler|1632\n|player|p2|DeepFriedMagikarp|ninjaboy|1696\n|teamsize|p1|6\n|teamsize|p2|6\n|gen|9\n|tier|[Gen 9] OU\n|rated|\n|rule|Sleep Clause Mod: Limit one foe put to sleep\n|rule|Species Clause: Limit one of each Pok\u00e9mon\n|rule|OHKO Clause: OHKO moves are banned\n|rule|Evasion Items Clause: Evasion items are banned\n|rule|Evasion Moves Clause: Evasion moves are banned\n|rule|Endless Battle Clause: Forcing endless battles is banned\n|rule|HP Percentage Mod: HP is shown in percentages\n|clearpoke\n|poke|p1|Dragapult, M|\n|poke|p1|Scizor, M|\n|poke|p1|Samurott-Hisui, M|\n|poke|p1|Garchomp, M|\n|poke|p1|Great Tusk|\n|poke|p1|Slowking, M|\n|poke|p2|Maushold|\n|poke|p2|Rillaboom, M|\n|poke|p2|Great Tusk|\n|poke|p2|Heatran, F|\n|poke|p2|Enamorus, F|\n|poke|p2|Kingambit, M|\n|teampreview\n|inactive|Battle timer is ON: inactive players will automatically lose when time's up. (requested by DeepFriedMagikarp)\n|\n|t:|1700208652\n|start\n|switch|p1a: Dragapult|Dragapult, M|100\/100\n|switch|p2a: Maushold|Maushold|100\/100\n|turn|1\n|\n|t:|1700208655\n|switch|p2a: Heatran|Heatran, F|100\/100\n|move|p1a: Dragapult|U-turn|p2a: Heatran\n|-resisted|p2a: Heatran\n|-damage|p2a: Heatran|97\/100\n|\n|t:|1700208660\n|switch|p1a: Slowking|Slowking, M|100\/100|[from] U-turn\n|\n|-heal|p2a: Heatran|100\/100|[from] item: Leftovers\n|upkeep\n|turn|2\n|\n|t:|1700208663\n|move|p2a: Heatran|Stealth Rock|p1a: Slowking\n|-sidestart|p1: Blurred Ace|move: Stealth Rock\n|move|p1a: Slowking|Scald|p2a: Heatran\n|-supereffective|p2a: Heatran\n|-damage|p2a: Heatran|60\/100\n|\n|-heal|p2a: Heatran|66\/100|[from] item: Leftovers\n|upkeep\n|turn|3\n|\n|t:|1700208670\n|switch|p2a: Rillaboom|Rillaboom, M|100\/100\n|-fieldstart|move: Grassy Terrain|[from] ability: Grassy Surge|[of] p2a: Rillaboom\n|move|p1a: Slowking|Scald|p2a: Rillaboom\n|-resisted|p2a: Rillaboom\n|-damage|p2a: Rillaboom|83\/100\n|\n|-heal|p2a: Rillaboom|89\/100|[from] Grassy Terrain\n|upkeep\n|turn|4\n|j| Porycomingback\n|\n|t:|1700208677\n|switch|p1a: Scizor|Scizor, M|100\/100\n|-damage|p1a: Scizor|88\/100|[from] Stealth Rock\n|move|p2a: Rillaboom|Wood Hammer|p1a: Scizor\n|-resisted|p1a: Scizor\n|-damage|p1a: Scizor|58\/100\n|-damage|p2a: Rillaboom|79\/100|[from] Recoil\n|\n|-heal|p2a: Rillaboom|85\/100|[from] Grassy Terrain\n|-heal|p1a: Scizor|64\/100|[from] Grassy Terrain\n|upkeep\n|turn|5\n|\n|t:|1700208685\n|switch|p2a: Heatran|Heatran, F|66\/100\n|move|p1a: Scizor|Close Combat|p2a: Heatran\n|-supereffective|p2a: Heatran\n|-damage|p2a: Heatran|0 fnt\n|-unboost|p1a: Scizor|def|1\n|-unboost|p1a: Scizor|spd|1\n|faint|p2a: Heatran\n|\n|-heal|p1a: Scizor|70\/100|[from] Grassy Terrain\n|upkeep\n|\n|t:|1700208697\n|switch|p2a: Great Tusk|Great Tusk|100\/100\n|turn|6\n|\n|t:|1700208702\n|switch|p1a: Great Tusk|Great Tusk|100\/100\n|-damage|p1a: Great Tusk|98\/100|[from] Stealth Rock\n|move|p2a: Great Tusk|Headlong Rush|p1a: Great Tusk\n|-damage|p1a: Great Tusk|63\/100\n|-unboost|p2a: Great Tusk|def|1\n|-unboost|p2a: Great Tusk|spd|1\n|\n|-heal|p1a: Great Tusk|69\/100|[from] Grassy Terrain\n|-heal|p1a: Great Tusk|75\/100|[from] item: Leftovers\n|upkeep\n|turn|7\n|\n|t:|1700208709\n|-end|p2a: Great Tusk|Protosynthesis|[silent]\n|switch|p2a: Enamorus|Enamorus, F|100\/100\n|move|p1a: Great Tusk|Rapid Spin|p2a: Enamorus\n|-damage|p2a: Enamorus|72\/100\n|-boost|p1a: Great Tusk|spe|1\n|-sideend|p1: Blurred Ace|Stealth Rock|[from] move: Rapid Spin|[of] p1a: Great Tusk\n|\n|-heal|p1a: Great Tusk|82\/100|[from] Grassy Terrain\n|-heal|p1a: Great Tusk|88\/100|[from] item: Leftovers\n|-fieldend|move: Grassy Terrain\n|upkeep\n|turn|8\n|\n|t:|1700208713\n|-end|p1a: Great Tusk|Protosynthesis|[silent]\n|switch|p1a: Slowking|Slowking, M|100\/100\n|move|p2a: Enamorus|Moonblast|p1a: Slowking\n|-damage|p1a: Slowking|69\/100\n|\n|-heal|p1a: Slowking|75\/100|[from] item: Leftovers\n|upkeep\n|turn|9\n|\n|t:|1700208721\n|switch|p2a: Rillaboom|Rillaboom, M|85\/100\n|-fieldstart|move: Grassy Terrain|[from] ability: Grassy Surge|[of] p2a: Rillaboom\n|move|p1a: Slowking|Blizzard|p2a: Rillaboom|[miss]\n|-miss|p1a: Slowking|p2a: Rillaboom\n|\n|-heal|p2a: Rillaboom|91\/100|[from] Grassy Terrain\n|-heal|p1a: Slowking|81\/100|[from] Grassy Terrain\n|-heal|p1a: Slowking|88\/100|[from] item: Leftovers\n|upkeep\n|turn|10\n|\n|t:|1700208730\n|switch|p1a: Scizor|Scizor, M|70\/100\n|move|p2a: Rillaboom|Knock Off|p1a: Scizor\n|-damage|p1a: Scizor|14\/100\n|-enditem|p1a: Scizor|Choice Band|[from] move: Knock Off|[of] p2a: Rillaboom\n|\n|-heal|p2a: Rillaboom|98\/100|[from] Grassy Terrain\n|-heal|p1a: Scizor|20\/100|[from] Grassy Terrain\n|upkeep\n|turn|11\n|\n|t:|1700208740\n|move|p2a: Rillaboom|Knock Off|p1a: Scizor\n|-damage|p1a: Scizor|0 fnt\n|faint|p1a: Scizor\n|\n|-heal|p2a: Rillaboom|100\/100|[from] Grassy Terrain\n|upkeep\n|\n|t:|1700208744\n|switch|p1a: Dragapult|Dragapult, M|100\/100\n|turn|12\n|\n|t:|1700208756\n|move|p1a: Dragapult|Will-O-Wisp|p2a: Rillaboom\n|-status|p2a: Rillaboom|brn\n|move|p2a: Rillaboom|Knock Off|p1a: Dragapult\n|-supereffective|p1a: Dragapult\n|-damage|p1a: Dragapult|23\/100\n|-enditem|p1a: Dragapult|Heavy-Duty Boots|[from] move: Knock Off|[of] p2a: Rillaboom\n|\n|-heal|p1a: Dragapult|29\/100|[from] Grassy Terrain\n|-damage|p2a: Rillaboom|94\/100 brn|[from] brn\n|upkeep\n|turn|13\n|\n|t:|1700208763\n|move|p1a: Dragapult|Hex|p2a: Rillaboom\n|-damage|p2a: Rillaboom|18\/100 brn\n|move|p2a: Rillaboom|Knock Off|p1a: Dragapult\n|-supereffective|p1a: Dragapult\n|-damage|p1a: Dragapult|0 fnt\n|faint|p1a: Dragapult\n|\n|-heal|p2a: Rillaboom|25\/100 brn|[from] Grassy Terrain\n|-damage|p2a: Rillaboom|18\/100 brn|[from] brn\n|-fieldend|move: Grassy Terrain\n|upkeep\n|\n|t:|1700208767\n|switch|p1a: Samurott|Samurott-Hisui, M|100\/100\n|turn|14\n|\n|t:|1700208771\n|switch|p2a: Enamorus|Enamorus, F|72\/100\n|move|p1a: Samurott|Ceaseless Edge|p2a: Enamorus|[miss]\n|-miss|p1a: Samurott|p2a: Enamorus\n|\n|upkeep\n|turn|15\n|\n|t:|1700208779\n|switch|p2a: Rillaboom|Rillaboom, M|18\/100 brn\n|-fieldstart|move: Grassy Terrain|[from] ability: Grassy Surge|[of] p2a: Rillaboom\n|switch|p1a: Slowking|Slowking, M|100\/100\n|\n|-heal|p2a: Rillaboom|25\/100 brn|[from] Grassy Terrain\n|-damage|p2a: Rillaboom|18\/100 brn|[from] brn\n|upkeep\n|turn|16\n|\n|t:|1700208786\n|switch|p1a: Garchomp|Garchomp, M|100\/100\n|move|p2a: Rillaboom|Wood Hammer|p1a: Garchomp\n|-damage|p1a: Garchomp|30\/100\n|-damage|p2a: Rillaboom|6\/100 brn|[from] ability: Rough Skin|[of] p1a: Garchomp\n|-damage|p2a: Rillaboom|0 fnt|[from] item: Rocky Helmet|[of] p1a: Garchomp\n|faint|p2a: Rillaboom\n|\n|-heal|p1a: Garchomp|37\/100|[from] Grassy Terrain\n|upkeep\n|\n|t:|1700208796\n|switch|p2a: Great Tusk|Great Tusk|100\/100\n|turn|17\n|\n|t:|1700208805\n|switch|p1a: Great Tusk|Great Tusk|88\/100\n|move|p2a: Great Tusk|Headlong Rush|p1a: Great Tusk\n|-damage|p1a: Great Tusk|55\/100\n|-unboost|p2a: Great Tusk|def|1\n|-unboost|p2a: Great Tusk|spd|1\n|\n|-heal|p1a: Great Tusk|62\/100|[from] Grassy Terrain\n|-heal|p1a: Great Tusk|68\/100|[from] item: Leftovers\n|upkeep\n|turn|18\n|\n|t:|1700208812\n|move|p2a: Great Tusk|Bulk Up|p2a: Great Tusk\n|-boost|p2a: Great Tusk|atk|1\n|-boost|p2a: Great Tusk|def|1\n|move|p1a: Great Tusk|Rapid Spin|p2a: Great Tusk\n|-damage|p2a: Great Tusk|89\/100\n|-boost|p1a: Great Tusk|spe|1\n|\n|-heal|p1a: Great Tusk|74\/100|[from] Grassy Terrain\n|-heal|p1a: Great Tusk|80\/100|[from] item: Leftovers\n|-heal|p2a: Great Tusk|95\/100|[from] Grassy Terrain\n|-heal|p2a: Great Tusk|100\/100|[from] item: Leftovers\n|upkeep\n|turn|19\n|\n|t:|1700208814\n|move|p1a: Great Tusk|Bulk Up|p1a: Great Tusk\n|-boost|p1a: Great Tusk|atk|1\n|-boost|p1a: Great Tusk|def|1\n|move|p2a: Great Tusk|Bulk Up|p2a: Great Tusk\n|-boost|p2a: Great Tusk|atk|1\n|-boost|p2a: Great Tusk|def|1\n|\n|-heal|p1a: Great Tusk|86\/100|[from] Grassy Terrain\n|-heal|p1a: Great Tusk|93\/100|[from] item: Leftovers\n|-fieldend|move: Grassy Terrain\n|upkeep\n|turn|20\n|\n|t:|1700208823\n|move|p1a: Great Tusk|Rapid Spin|p2a: Great Tusk\n|-damage|p2a: Great Tusk|89\/100\n|-boost|p1a: Great Tusk|spe|1\n|move|p2a: Great Tusk|Bulk Up|p2a: Great Tusk\n|-boost|p2a: Great Tusk|atk|1\n|-boost|p2a: Great Tusk|def|1\n|\n|-heal|p1a: Great Tusk|99\/100|[from] item: Leftovers\n|-heal|p2a: Great Tusk|95\/100|[from] item: Leftovers\n|upkeep\n|turn|21\n|\n|t:|1700208828\n|move|p1a: Great Tusk|Bulk Up|p1a: Great Tusk\n|-boost|p1a: Great Tusk|atk|1\n|-boost|p1a: Great Tusk|def|1\n|move|p2a: Great Tusk|Ice Spinner|p1a: Great Tusk\n|-supereffective|p1a: Great Tusk\n|-damage|p1a: Great Tusk|60\/100\n|\n|-heal|p1a: Great Tusk|66\/100|[from] item: Leftovers\n|-heal|p2a: Great Tusk|100\/100|[from] item: Leftovers\n|upkeep\n|turn|22\n|\n|t:|1700208835\n|-terastallize|p1a: Great Tusk|Water\n|move|p1a: Great Tusk|Bulk Up|p1a: Great Tusk\n|-boost|p1a: Great Tusk|atk|1\n|-boost|p1a: Great Tusk|def|1\n|move|p2a: Great Tusk|Ice Spinner|p1a: Great Tusk\n|-resisted|p1a: Great Tusk\n|-damage|p1a: Great Tusk|59\/100\n|\n|-heal|p1a: Great Tusk|65\/100|[from] item: Leftovers\n|upkeep\n|turn|23\n|\n|t:|1700208842\n|move|p1a: Great Tusk|Bulk Up|p1a: Great Tusk\n|-boost|p1a: Great Tusk|atk|1\n|-boost|p1a: Great Tusk|def|1\n|move|p2a: Great Tusk|Headlong Rush|p1a: Great Tusk\n|-damage|p1a: Great Tusk|39\/100\n|-unboost|p2a: Great Tusk|def|1\n|-unboost|p2a: Great Tusk|spd|1\n|\n|-heal|p1a: Great Tusk|45\/100|[from] item: Leftovers\n|upkeep\n|turn|24\n|\n|t:|1700208850\n|move|p1a: Great Tusk|Earthquake|p2a: Great Tusk\n|-damage|p2a: Great Tusk|28\/100\n|move|p2a: Great Tusk|Headlong Rush|p1a: Great Tusk\n|-damage|p1a: Great Tusk|20\/100\n|-unboost|p2a: Great Tusk|def|1\n|-unboost|p2a: Great Tusk|spd|1\n|\n|-heal|p1a: Great Tusk|26\/100|[from] item: Leftovers\n|-heal|p2a: Great Tusk|34\/100|[from] item: Leftovers\n|upkeep\n|turn|25\n|\n|t:|1700208861\n|move|p1a: Great Tusk|Earthquake|p2a: Great Tusk\n|-crit|p2a: Great Tusk\n|-damage|p2a: Great Tusk|0 fnt\n|faint|p2a: Great Tusk\n|-end|p2a: Great Tusk|Protosynthesis|[silent]\n|\n|-heal|p1a: Great Tusk|33\/100|[from] item: Leftovers\n|upkeep\n|\n|t:|1700208863\n|switch|p2a: devindian|Kingambit, M|100\/100\n|-activate|p2a: devindian|ability: Supreme Overlord\n|-start|p2a: devindian|fallen3|[silent]\n|turn|26\n|\n|t:|1700208870\n|-terastallize|p2a: devindian|Flying\n|move|p1a: Great Tusk|Knock Off|p2a: devindian\n|-damage|p2a: devindian|14\/100\n|-enditem|p2a: devindian|Leftovers|[from] move: Knock Off|[of] p1a: Great Tusk\n|move|p2a: devindian|Kowtow Cleave|p1a: Great Tusk\n|-damage|p1a: Great Tusk|20\/100\n|\n|-heal|p1a: Great Tusk|26\/100|[from] item: Leftovers\n|upkeep\n|turn|27\n|\n|t:|1700208882\n|move|p2a: devindian|Sucker Punch|p1a: Great Tusk\n|-damage|p1a: Great Tusk|15\/100\n|move|p1a: Great Tusk|Rapid Spin|p2a: devindian\n|-damage|p2a: devindian|0 fnt\n|-boost|p1a: Great Tusk|spe|1\n|faint|p2a: devindian\n|-end|p2a: devindian|fallen3|[silent]\n|\n|-heal|p1a: Great Tusk|22\/100|[from] item: Leftovers\n|upkeep\n|\n|t:|1700208884\n|switch|p2a: Enamorus|Enamorus, F|72\/100\n|turn|28\n|\n|t:|1700208890\n|move|p1a: Great Tusk|Rapid Spin|p2a: Enamorus\n|-damage|p2a: Enamorus|0 fnt\n|-boost|p1a: Great Tusk|spe|1\n|faint|p2a: Enamorus\n|\n|-heal|p1a: Great Tusk|28\/100|[from] item: Leftovers\n|upkeep\n|c|\u2606Blurred Ace|GG\n|-message|DeepFriedMagikarp forfeited.\n|\n|win|Blurred Ace\n|raw|Blurred Ace's rating: 1632 &rarr; <strong>1656<\/strong><br \/>(+24 for winning)\n|raw|DeepFriedMagikarp's rating: 1696 &rarr; <strong>1672<\/strong><br \/>(-24 for losing)\n|l|\u2606DeepFriedMagikarp\n|l| Porycomingback\n|j| Porycomingback\n","uploadtime":1700208944,"views":11,"p1id":"blurredace","p2id":"deepfriedmagikarp","formatid":"gen9ou","rating":1656,"private":0,"password":""}