{"id":"gen9ou-1996986308","p1":"Wolfeeee99","p2":"ttteewssd","format":"[Gen 9] OU","log":"|j|\u2606Wolfeeee99\n|j|\u2606ttteewssd\n|t:|1700752774\n|gametype|singles\n|player|p1|Wolfeeee99|lucas|1000\n|player|p2|ttteewssd|sada-ai|1000\n|teamsize|p1|6\n|teamsize|p2|6\n|gen|9\n|tier|[Gen 9] OU\n|rated|\n|rule|Sleep Clause Mod: Limit one foe put to sleep\n|rule|Species Clause: Limit one of each Pok\u00e9mon\n|rule|OHKO Clause: OHKO moves are banned\n|rule|Evasion Items Clause: Evasion items are banned\n|rule|Evasion Moves Clause: Evasion moves are banned\n|rule|Endless Battle Clause: Forcing endless battles is banned\n|rule|HP Percentage Mod: HP is shown in percentages\n|clearpoke\n|poke|p1|Graveler, F|\n|poke|p1|Gengar, F|\n|poke|p1|Magnezone|\n|poke|p1|Iron Valiant|\n|poke|p1|Kommo-o, M|\n|poke|p1|Gardevoir, F|\n|poke|p2|Dragapult, M|\n|poke|p2|Alomomola, F|\n|poke|p2|Slowking-Galar, F|\n|poke|p2|Kingambit, F|\n|poke|p2|Great Tusk|\n|poke|p2|Cinderace, F|\n|teampreview\n|inactive|Battle timer is ON: inactive players will automatically lose when time's up. (requested by ttteewssd)\n|\n|t:|1700752787\n|start\n|switch|p1a: Graveler|Graveler, F|100\/100\n|switch|p2a: Cinderace|Cinderace, F|100\/100\n|turn|1\n|\n|t:|1700752795\n|move|p2a: Cinderace|U-turn|p1a: Graveler\n|-start|p2a: Cinderace|typechange|Bug|[from] ability: Libero\n|-damage|p1a: Graveler|71\/100\n|\n|t:|1700752797\n|switch|p2a: Great Tusk|Great Tusk|100\/100|[from] U-turn\n|move|p1a: Graveler|High Horsepower|p2a: Great Tusk\n|-damage|p2a: Great Tusk|78\/100\n|-damage|p1a: Graveler|55\/100|[from] item: Rocky Helmet|[of] p2a: Great Tusk\n|\n|upkeep\n|turn|2\n|\n|t:|1700752807\n|move|p2a: Great Tusk|Stealth Rock|p1a: Graveler\n|-sidestart|p1: Wolfeeee99|move: Stealth Rock\n|move|p1a: Graveler|Earthquake|p2a: Great Tusk\n|-damage|p2a: Great Tusk|53\/100\n|\n|upkeep\n|turn|3\n|\n|t:|1700752814\n|move|p2a: Great Tusk|Headlong Rush|p1a: Graveler\n|-supereffective|p1a: Graveler\n|-damage|p1a: Graveler|0 fnt\n|-unboost|p2a: Great Tusk|def|1\n|-unboost|p2a: Great Tusk|spd|1\n|faint|p1a: Graveler\n|\n|upkeep\n|\n|t:|1700752823\n|switch|p1a: Gardevoir|Gardevoir, F|100\/100\n|-damage|p1a: Gardevoir|88\/100|[from] Stealth Rock\n|turn|4\n|\n|t:|1700752829\n|-end|p2a: Great Tusk|Protosynthesis|[silent]\n|switch|p2a: Slowking|Slowking-Galar, F|100\/100\n|move|p1a: Gardevoir|Destiny Bond|p1a: Gardevoir\n|-singlemove|p1a: Gardevoir|Destiny Bond\n|\n|upkeep\n|turn|5\n|\n|t:|1700752837\n|move|p1a: Gardevoir|Fire Punch|p2a: Slowking\n|-damage|p2a: Slowking|87\/100\n|move|p2a: Slowking|Future Sight|p1a: Gardevoir\n|-start|p2a: Slowking|move: Future Sight\n|\n|upkeep\n|turn|6\n|\n|t:|1700752845\n|move|p1a: Gardevoir|Ice Punch|p2a: Slowking\n|-damage|p2a: Slowking|72\/100\n|move|p2a: Slowking|Sludge Bomb|p1a: Gardevoir\n|-supereffective|p1a: Gardevoir\n|-crit|p1a: Gardevoir\n|-damage|p1a: Gardevoir|2\/100\n|\n|upkeep\n|turn|7\n|\n|t:|1700752853\n|move|p1a: Gardevoir|Knock Off|p2a: Slowking\n|-supereffective|p2a: Slowking\n|-damage|p2a: Slowking|38\/100\n|-enditem|p2a: Slowking|Heavy-Duty Boots|[from] move: Knock Off|[of] p1a: Gardevoir\n|move|p2a: Slowking|Chilly Reception|p2a: Slowking\n|-weather|Snow\n|\n|t:|1700752862\n|switch|p2a: Dragapult|Dragapult, M|100\/100|[from] Chilly Reception\n|\n|-weather|Snow|[upkeep]\n|-end|p1a: Gardevoir|move: Future Sight\n|-resisted|p1a: Gardevoir\n|-damage|p1a: Gardevoir|0 fnt\n|faint|p1a: Gardevoir\n|upkeep\n|\n|t:|1700752871\n|switch|p1a: Gengar|Gengar, F|100\/100\n|-damage|p1a: Gengar|88\/100|[from] Stealth Rock\n|turn|8\n|\n|t:|1700752877\n|move|p2a: Dragapult|Shadow Ball|p1a: Gengar\n|-supereffective|p1a: Gengar\n|-damage|p1a: Gengar|0 fnt\n|faint|p1a: Gengar\n|\n|-weather|Snow|[upkeep]\n|upkeep\n|\n|t:|1700752884\n|switch|p1a: Kommo-o|Kommo-o, M|100\/100\n|-damage|p1a: Kommo-o|94\/100|[from] Stealth Rock\n|turn|9\n|\n|t:|1700752892\n|switch|p2a: Slowking|Slowking-Galar, F|71\/100\n|move|p1a: Kommo-o|Dragon Pulse|p2a: Slowking\n|-damage|p2a: Slowking|53\/100\n|\n|-weather|Snow|[upkeep]\n|upkeep\n|turn|10\n|\n|t:|1700752901\n|move|p1a: Kommo-o|Dragon Pulse|p2a: Slowking\n|-damage|p2a: Slowking|36\/100\n|move|p2a: Slowking|Future Sight|p1a: Kommo-o\n|-start|p2a: Slowking|move: Future Sight\n|\n|-weather|Snow|[upkeep]\n|upkeep\n|turn|11\n|\n|t:|1700752909\n|switch|p1a: Magnezone|Magnezone|100\/100\n|-damage|p1a: Magnezone|94\/100|[from] Stealth Rock\n|switch|p2a: Alomomola|Alomomola, F|100\/100\n|\n|-weather|none\n|-heal|p1a: Magnezone|100\/100|[from] item: Leftovers\n|upkeep\n|turn|12\n|\n|t:|1700752919\n|switch|p2a: Slowking|Slowking-Galar, F|70\/100\n|move|p1a: Magnezone|Discharge|p2a: Slowking\n|-damage|p2a: Slowking|51\/100\n|\n|-end|p1a: Magnezone|move: Future Sight\n|-resisted|p1a: Magnezone\n|-damage|p1a: Magnezone|74\/100\n|-heal|p1a: Magnezone|80\/100|[from] item: Leftovers\n|upkeep\n|turn|13\n|\n|t:|1700752932\n|move|p1a: Magnezone|Flash Cannon|p2a: Slowking\n|-damage|p2a: Slowking|31\/100\n|move|p2a: Slowking|Future Sight|p1a: Magnezone\n|-start|p2a: Slowking|move: Future Sight\n|\n|-heal|p1a: Magnezone|86\/100|[from] item: Leftovers\n|upkeep\n|turn|14\n|\n|t:|1700752939\n|move|p1a: Magnezone|Body Press|p2a: Slowking\n|-resisted|p2a: Slowking\n|-crit|p2a: Slowking\n|-damage|p2a: Slowking|20\/100\n|move|p2a: Slowking|Chilly Reception|p2a: Slowking\n|-weather|Snow\n|\n|t:|1700752941\n|switch|p2a: Cinderace|Cinderace, F|100\/100|[from] Chilly Reception\n|\n|-weather|Snow|[upkeep]\n|-heal|p1a: Magnezone|92\/100|[from] item: Leftovers\n|upkeep\n|turn|15\n|\n|t:|1700752951\n|move|p2a: Cinderace|Pyro Ball|p1a: Magnezone\n|-supereffective|p1a: Magnezone\n|-damage|p1a: Magnezone|7\/100\n|move|p1a: Magnezone|Light Screen|p1a: Magnezone\n|-sidestart|p1: Wolfeeee99|move: Light Screen\n|\n|-weather|Snow|[upkeep]\n|-end|p1a: Magnezone|move: Future Sight\n|-resisted|p1a: Magnezone\n|-damage|p1a: Magnezone|0 fnt\n|faint|p1a: Magnezone\n|upkeep\n|\n|t:|1700752961\n|switch|p1a: Kommo-o|Kommo-o, M|94\/100\n|-damage|p1a: Kommo-o|88\/100|[from] Stealth Rock\n|turn|16\n|\n|t:|1700752966\n|move|p1a: Kommo-o|Earthquake|p2a: Cinderace\n|-supereffective|p2a: Cinderace\n|-damage|p2a: Cinderace|13\/100\n|move|p2a: Cinderace|Will-O-Wisp|p1a: Kommo-o|[miss]\n|-miss|p2a: Cinderace|p1a: Kommo-o\n|\n|-weather|Snow|[upkeep]\n|upkeep\n|turn|17\n|\n|t:|1700752974\n|switch|p2a: Alomomola|Alomomola, F|100\/100\n|move|p1a: Kommo-o|Earthquake|p2a: Alomomola\n|-damage|p2a: Alomomola|84\/100\n|\n|-weather|Snow|[upkeep]\n|upkeep\n|turn|18\n|\n|t:|1700752984\n|-terastallize|p1a: Kommo-o|Dragon\n|move|p1a: Kommo-o|Earthquake|p2a: Alomomola\n|-damage|p2a: Alomomola|64\/100\n|move|p2a: Alomomola|Wish|p2a: Alomomola\n|\n|-weather|none\n|upkeep\n|turn|19\n|\n|t:|1700752992\n|move|p1a: Kommo-o|Earthquake|p2a: Alomomola\n|-damage|p2a: Alomomola|45\/100\n|move|p2a: Alomomola|Flip Turn|p1a: Kommo-o\n|-resisted|p1a: Kommo-o\n|-damage|p1a: Kommo-o|81\/100\n|\n|t:|1700752996\n|switch|p2a: Great Tusk|Great Tusk|53\/100|[from] Flip Turn\n|\n|-heal|p2a: Great Tusk|100\/100|[from] move: Wish|[wisher] Alomomola\n|-sideend|p1: Wolfeeee99|move: Light Screen\n|upkeep\n|turn|20\n|\n|t:|1700753004\n|move|p1a: Kommo-o|Earthquake|p2a: Great Tusk\n|-damage|p2a: Great Tusk|78\/100\n|move|p2a: Great Tusk|Rapid Spin|p1a: Kommo-o\n|-damage|p1a: Kommo-o|66\/100\n|-boost|p2a: Great Tusk|spe|1\n|\n|upkeep\n|turn|21\n|\n|t:|1700753012\n|move|p2a: Great Tusk|Ice Spinner|p1a: Kommo-o\n|-supereffective|p1a: Kommo-o\n|-damage|p1a: Kommo-o|14\/100\n|move|p1a: Kommo-o|Earthquake|p2a: Great Tusk\n|-damage|p2a: Great Tusk|57\/100\n|\n|upkeep\n|turn|22\n|\n|t:|1700753020\n|move|p2a: Great Tusk|Ice Spinner|p1a: Kommo-o\n|-supereffective|p1a: Kommo-o\n|-damage|p1a: Kommo-o|0 fnt\n|faint|p1a: Kommo-o\n|\n|upkeep\n|\n|t:|1700753025\n|switch|p1a: Iron Valiant|Iron Valiant|100\/100\n|-damage|p1a: Iron Valiant|94\/100|[from] Stealth Rock\n|turn|23\n|\n|t:|1700753030\n|-end|p2a: Great Tusk|Protosynthesis|[silent]\n|switch|p2a: Alomomola|Alomomola, F|79\/100\n|move|p1a: Iron Valiant|Brick Break|p2a: Alomomola\n|-damage|p2a: Alomomola|55\/100\n|\n|upkeep\n|turn|24\n|\n|t:|1700753037\n|-terastallize|p2a: Alomomola|Flying\n|move|p1a: Iron Valiant|Aura Sphere|p2a: Alomomola\n|-resisted|p2a: Alomomola\n|-damage|p2a: Alomomola|39\/100\n|move|p2a: Alomomola|Flip Turn|p1a: Iron Valiant\n|-damage|p1a: Iron Valiant|72\/100\n|\n|t:|1700753049\n|switch|p2a: Slowking|Slowking-Galar, F|53\/100|[from] Flip Turn\n|\n|upkeep\n|turn|25\n|\n|t:|1700753051\n|move|p1a: Iron Valiant|Dazzling Gleam|p2a: Slowking\n|-resisted|p2a: Slowking\n|-damage|p2a: Slowking|45\/100\n|move|p2a: Slowking|Chilly Reception|p2a: Slowking\n|-weather|Snow\n|\n|t:|1700753053\n|switch|p2a: Alomomola|Alomomola, F, tera:Flying|72\/100|[from] Chilly Reception\n|\n|-weather|Snow|[upkeep]\n|upkeep\n|turn|26\n|\n|t:|1700753056\n|move|p1a: Iron Valiant|Aura Sphere|p2a: Alomomola\n|-resisted|p2a: Alomomola\n|-damage|p2a: Alomomola|58\/100\n|move|p2a: Alomomola|Acrobatics|p1a: Iron Valiant\n|-supereffective|p1a: Iron Valiant\n|-damage|p1a: Iron Valiant|30\/100\n|\n|-weather|Snow|[upkeep]\n|upkeep\n|turn|27\n|\n|t:|1700753059\n|move|p1a: Iron Valiant|Brick Break|p2a: Alomomola\n|-resisted|p2a: Alomomola\n|-damage|p2a: Alomomola|46\/100\n|move|p2a: Alomomola|Acrobatics|p1a: Iron Valiant\n|-supereffective|p1a: Iron Valiant\n|-damage|p1a: Iron Valiant|0 fnt\n|faint|p1a: Iron Valiant\n|-end|p1a: Iron Valiant|Quark Drive|[silent]\n|\n|win|ttteewssd\n|raw|Wolfeeee99's rating: 1000 &rarr; <strong>1000<\/strong><br \/>(+0 for losing)\n|raw|ttteewssd's rating: 1040 &rarr; <strong>1070<\/strong><br \/>(+30 for winning)\n","uploadtime":1700753067,"views":0,"p1id":"wolfeeee99","p2id":"ttteewssd","formatid":"gen9ou","rating":1000,"private":0,"password":""}