{"id":"gen9ou-1992836244","p1":"nath_type01","p2":"LonevetZ1","format":"[Gen 9] OU","log":"|j|\u2606nath_type01\n|j|\u2606LonevetZ1\n|t:|1700239633\n|gametype|singles\n|player|p1|nath_type01|giovanni|1290\n|player|p2|LonevetZ1|giovanni|1268\n|teamsize|p1|6\n|teamsize|p2|6\n|gen|9\n|tier|[Gen 9] OU\n|rated|\n|rule|Sleep Clause Mod: Limit one foe put to sleep\n|rule|Species Clause: Limit one of each Pok\u00e9mon\n|rule|OHKO Clause: OHKO moves are banned\n|rule|Evasion Items Clause: Evasion items are banned\n|rule|Evasion Moves Clause: Evasion moves are banned\n|rule|Endless Battle Clause: Forcing endless battles is banned\n|rule|HP Percentage Mod: HP is shown in percentages\n|clearpoke\n|poke|p1|Pelipper, M|\n|poke|p1|Amoonguss, F|\n|poke|p1|Kingambit, F|\n|poke|p1|Floatzel, F|\n|poke|p1|Iron Treads|\n|poke|p1|Manaphy|\n|poke|p2|Rillaboom, F|\n|poke|p2|Cinderace, F|\n|poke|p2|Great Tusk|\n|poke|p2|Iron Valiant|\n|poke|p2|Goodra-Hisui, F|\n|poke|p2|Dragonite, M|\n|teampreview\n|inactive|Battle timer is ON: inactive players will automatically lose when time's up. (requested by LonevetZ1)\n|\n|t:|1700239652\n|start\n|switch|p1a: Pelipper|Pelipper, M|100\/100\n|switch|p2a: The ONE|Iron Valiant|100\/100\n|-weather|RainDance|[from] ability: Drizzle|[of] p1a: Pelipper\n|-enditem|p2a: The ONE|Booster Energy\n|-activate|p2a: The ONE|ability: Quark Drive|[fromitem]\n|-start|p2a: The ONE|quarkdrivespe\n|turn|1\n|\n|t:|1700239669\n|move|p2a: The ONE|Thunderbolt|p1a: Pelipper\n|-supereffective|p1a: Pelipper\n|-damage|p1a: Pelipper|0 fnt\n|faint|p1a: Pelipper\n|\n|-weather|RainDance|[upkeep]\n|upkeep\n|\n|t:|1700239680\n|switch|p1a: Floatzel|Floatzel, F|100\/100\n|turn|2\n|\n|t:|1700239688\n|-end|p2a: The ONE|Quark Drive|[silent]\n|switch|p2a: TRY ME|Goodra-Hisui, F|100\/100\n|move|p1a: Floatzel|Liquidation|p2a: TRY ME\n|-resisted|p2a: TRY ME\n|-damage|p2a: TRY ME|53\/100\n|\n|-weather|RainDance|[upkeep]\n|upkeep\n|turn|3\n|\n|t:|1700239695\n|-terastallize|p1a: Floatzel|Water\n|move|p1a: Floatzel|Liquidation|p2a: TRY ME\n|-resisted|p2a: TRY ME\n|-damage|p2a: TRY ME|0 fnt\n|faint|p2a: TRY ME\n|\n|-weather|RainDance|[upkeep]\n|upkeep\n|\n|t:|1700239705\n|switch|p2a: Monke|Rillaboom, F|100\/100\n|-fieldstart|move: Grassy Terrain|[from] ability: Grassy Surge|[of] p2a: Monke\n|turn|4\n|\n|t:|1700239721\n|move|p2a: Monke|Grassy Glide|p1a: Floatzel\n|-supereffective|p1a: Floatzel\n|-damage|p1a: Floatzel|0 fnt\n|faint|p1a: Floatzel\n|\n|-weather|RainDance|[upkeep]\n|upkeep\n|\n|t:|1700239729\n|switch|p1a: Amoonguss|Amoonguss, F|100\/100\n|turn|5\n|\n|t:|1700239747\n|switch|p2a: Rabbo|Cinderace, F|100\/100\n|switch|p1a: Manaphy|Manaphy|100\/100\n|\n|-weather|RainDance|[upkeep]\n|upkeep\n|turn|6\n|\n|t:|1700239758\n|move|p2a: Rabbo|U-turn|p1a: Manaphy\n|-start|p2a: Rabbo|typechange|Bug|[from] ability: Libero\n|-damage|p1a: Manaphy|71\/100\n|\n|t:|1700239761\n|switch|p2a: The ONE|Iron Valiant|100\/100|[from] U-turn\n|move|p1a: Manaphy|Tail Glow|p1a: Manaphy\n|-boost|p1a: Manaphy|spa|3\n|\n|-weather|RainDance|[upkeep]\n|-heal|p1a: Manaphy|78\/100|[from] Grassy Terrain\n|-heal|p1a: Manaphy|84\/100|[from] item: Leftovers\n|upkeep\n|turn|7\n|\n|t:|1700239784\n|-terastallize|p2a: The ONE|Electric\n|move|p2a: The ONE|Thunderbolt|p1a: Manaphy\n|-supereffective|p1a: Manaphy\n|-damage|p1a: Manaphy|0 fnt\n|faint|p1a: Manaphy\n|\n|-weather|RainDance|[upkeep]\n|upkeep\n|\n|t:|1700239799\n|switch|p1a: Amoonguss|Amoonguss, F|100\/100\n|turn|8\n|\n|t:|1700239808\n|-end|p2a: The ONE|Quark Drive|[silent]\n|switch|p2a: Rabbo|Cinderace, F|100\/100\n|move|p1a: Amoonguss|Spore|p2a: Rabbo\n|-status|p2a: Rabbo|slp|[from] move: Spore\n|\n|-weather|none\n|-fieldend|move: Grassy Terrain\n|upkeep\n|turn|9\n|\n|t:|1700239818\n|switch|p2a: Big Boi|Great Tusk|100\/100\n|switch|p1a: Kingambit|Kingambit, F|100\/100\n|-activate|p1a: Kingambit|ability: Supreme Overlord\n|-start|p1a: Kingambit|fallen3|[silent]\n|\n|upkeep\n|turn|10\n|-message|nath_type01 forfeited.\n|\n|win|LonevetZ1\n|raw|nath_type01's rating: 1290 &rarr; <strong>1263<\/strong><br \/>(-27 for losing)\n|raw|LonevetZ1's rating: 1268 &rarr; <strong>1295<\/strong><br \/>(+27 for winning)\n|l|\u2606nath_type01\n|c|\u2606LonevetZ1|gg\n","uploadtime":1700239832,"views":10,"p1id":"nathtype01","p2id":"lonevetz1","formatid":"gen9ou","rating":1263,"private":0,"password":""}