{"id":"gen9ou-1993212443","p1":"mystori_","p2":"Boifmister","format":"[Gen 9] OU","log":"|j|\u2606mystori_\n|j|\u2606Boifmister\n|t:|1700278768\n|gametype|singles\n|player|p1|mystori_|shauntal|1185\n|player|p2|Boifmister|170|1080\n|teamsize|p1|6\n|teamsize|p2|6\n|gen|9\n|tier|[Gen 9] OU\n|rated|\n|rule|Sleep Clause Mod: Limit one foe put to sleep\n|rule|Species Clause: Limit one of each Pok\u00e9mon\n|rule|OHKO Clause: OHKO moves are banned\n|rule|Evasion Items Clause: Evasion items are banned\n|rule|Evasion Moves Clause: Evasion moves are banned\n|rule|Endless Battle Clause: Forcing endless battles is banned\n|rule|HP Percentage Mod: HP is shown in percentages\n|clearpoke\n|poke|p1|Ditto|\n|poke|p1|Pawniard, M|\n|poke|p1|Empoleon, M|\n|poke|p1|Dusclops, M|\n|poke|p1|Falinks|\n|poke|p1|Trevenant, M|\n|poke|p2|Jirachi|\n|poke|p2|Sneasler, M|\n|poke|p2|Cramorant, F|\n|poke|p2|Arbok, F|\n|poke|p2|Goodra-Hisui, M|\n|poke|p2|Enamorus-Therian, F|\n|teampreview\n|inactive|Battle timer is ON: inactive players will automatically lose when time's up. (requested by mystori_)\n|\n|t:|1700278786\n|start\n|switch|p1a: Kirby|Ditto|100\/100\n|switch|p2a: Cramorant|Cramorant, F|100\/100\n|-transform|p1a: Kirby|p2a: Cramorant|[from] ability: Imposter\n|turn|1\n|\n|t:|1700278799\n|switch|p1a: Whispy Woods|Trevenant, M|100\/100\n|move|p2a: Cramorant|Surf|p1a: Whispy Woods\n|-formechange|p2a: Cramorant|Cramorant-Gulping|\n|-resisted|p1a: Whispy Woods\n|-damage|p1a: Whispy Woods|86\/100\n|\n|upkeep\n|turn|2\n|\n|t:|1700278807\n|move|p2a: Cramorant|Stockpile|p2a: Cramorant\n|-start|p2a: Cramorant|stockpile1\n|-boost|p2a: Cramorant|def|1\n|-boost|p2a: Cramorant|spd|1\n|move|p1a: Whispy Woods|Leech Seed|p2a: Cramorant\n|-start|p2a: Cramorant|move: Leech Seed\n|\n|-damage|p2a: Cramorant|88\/100|[from] Leech Seed|[of] p1a: Whispy Woods\n|-heal|p1a: Whispy Woods|97\/100|[silent]\n|upkeep\n|turn|3\n|\n|t:|1700278820\n|switch|p1a: King Dedede|Empoleon, M, shiny|100\/100\n|move|p2a: Cramorant|Defog|p1a: King Dedede\n|-unboost|p1a: King Dedede|evasion|1\n|\n|-damage|p2a: Cramorant|76\/100|[from] Leech Seed|[of] p1a: King Dedede\n|upkeep\n|turn|4\n|\n|t:|1700278833\n|move|p2a: Cramorant|Stockpile|p2a: Cramorant\n|-start|p2a: Cramorant|stockpile2\n|-boost|p2a: Cramorant|def|1\n|-boost|p2a: Cramorant|spd|1\n|move|p1a: King Dedede|Swords Dance|p1a: King Dedede\n|-boost|p1a: King Dedede|atk|2\n|\n|-damage|p2a: Cramorant|64\/100|[from] Leech Seed|[of] p1a: King Dedede\n|upkeep\n|turn|5\n|\n|t:|1700278843\n|move|p2a: Cramorant|Roost|p2a: Cramorant\n|-heal|p2a: Cramorant|100\/100\n|-singleturn|p2a: Cramorant|move: Roost\n|move|p1a: King Dedede|Swords Dance|p1a: King Dedede\n|-boost|p1a: King Dedede|atk|2\n|\n|-damage|p2a: Cramorant|88\/100|[from] Leech Seed|[of] p1a: King Dedede\n|upkeep\n|turn|6\n|\n|t:|1700278858\n|move|p2a: Cramorant|Surf|p1a: King Dedede\n|-resisted|p1a: King Dedede\n|-damage|p1a: King Dedede|89\/100\n|move|p1a: King Dedede|Swords Dance|p1a: King Dedede\n|-boost|p1a: King Dedede|atk|2\n|\n|-heal|p1a: King Dedede|95\/100|[from] item: Leftovers\n|-damage|p2a: Cramorant|76\/100|[from] Leech Seed|[of] p1a: King Dedede\n|-heal|p1a: King Dedede|100\/100|[silent]\n|upkeep\n|turn|7\n|\n|t:|1700278868\n|move|p2a: Cramorant|Stockpile|p2a: Cramorant\n|-start|p2a: Cramorant|stockpile3\n|-boost|p2a: Cramorant|def|1\n|-boost|p2a: Cramorant|spd|1\n|move|p1a: King Dedede|Yawn|p2a: Cramorant\n|-start|p2a: Cramorant|move: Yawn|[of] p1a: King Dedede\n|\n|-damage|p2a: Cramorant|64\/100|[from] Leech Seed|[of] p1a: King Dedede\n|upkeep\n|turn|8\n|\n|t:|1700278880\n|move|p2a: Cramorant|Roost|p2a: Cramorant\n|-heal|p2a: Cramorant|100\/100\n|-singleturn|p2a: Cramorant|move: Roost\n|move|p1a: King Dedede|Ice Spinner|p2a: Cramorant\n|-resisted|p2a: Cramorant\n|-damage|p2a: Cramorant|71\/100\n|-damage|p1a: King Dedede|84\/100|[from] item: Rocky Helmet|[of] p2a: Cramorant\n|-damage|p1a: King Dedede|59\/100|[from] ability: Gulp Missile|[of] p2a: Cramorant\n|-unboost|p1a: King Dedede|def|1\n|-formechange|p2a: Cramorant|Cramorant|\n|\n|-heal|p1a: King Dedede|65\/100|[from] item: Leftovers\n|-damage|p2a: Cramorant|59\/100|[from] Leech Seed|[of] p1a: King Dedede\n|-heal|p1a: King Dedede|76\/100|[silent]\n|-end|p2a: Cramorant|move: Yawn|[silent]\n|-status|p2a: Cramorant|slp\n|upkeep\n|turn|9\n|\n|t:|1700278898\n|cant|p2a: Cramorant|slp\n|move|p1a: King Dedede|Ice Spinner|p2a: Cramorant\n|-damage|p2a: Cramorant|0 fnt\n|-damage|p1a: King Dedede|60\/100|[from] item: Rocky Helmet|[of] p2a: Cramorant\n|faint|p2a: Cramorant\n|\n|-heal|p1a: King Dedede|66\/100|[from] item: Leftovers\n|upkeep\n|\n|t:|1700278918\n|switch|p2a: Sneasler|Sneasler, M|100\/100\n|turn|10\n|\n|t:|1700278925\n|move|p1a: King Dedede|Aqua Jet|p2a: Sneasler\n|-damage|p2a: Sneasler|0 fnt\n|faint|p2a: Sneasler\n|\n|-heal|p1a: King Dedede|72\/100|[from] item: Leftovers\n|upkeep\n|-message|Boifmister forfeited.\n|\n|win|mystori_\n|raw|mystori_'s rating: 1185 &rarr; <strong>1203<\/strong><br \/>(+18 for winning)\n|raw|Boifmister's rating: 1080 &rarr; <strong>1064<\/strong><br \/>(-16 for losing)\n|l|\u2606Boifmister\n","uploadtime":1700278937,"views":14,"p1id":"mystori","p2id":"boifmister","formatid":"gen9ou","rating":1064,"private":0,"password":""}