{"id":"gen9ou-1996768668","p1":"tryna cook","p2":"stone xo","format":"[Gen 9] OU","log":"|j|\u2606tryna cook\n|j|\u2606stone xo\n|t:|1700722073\n|gametype|singles\n|player|p1|tryna cook|acetrainersnowf|1434\n|player|p2|stone xo|102|1413\n|teamsize|p1|6\n|teamsize|p2|6\n|gen|9\n|tier|[Gen 9] OU\n|rated|\n|rule|Sleep Clause Mod: Limit one foe put to sleep\n|rule|Species Clause: Limit one of each Pok\u00e9mon\n|rule|OHKO Clause: OHKO moves are banned\n|rule|Evasion Items Clause: Evasion items are banned\n|rule|Evasion Moves Clause: Evasion moves are banned\n|rule|Endless Battle Clause: Forcing endless battles is banned\n|rule|HP Percentage Mod: HP is shown in percentages\n|clearpoke\n|poke|p1|Cinderace, M|\n|poke|p1|Great Tusk|\n|poke|p1|Ogerpon-Cornerstone, F|\n|poke|p1|Garganacl, M|\n|poke|p1|Zapdos|\n|poke|p1|Slowking-Galar, M|\n|poke|p2|Frosmoth, M|\n|poke|p2|Hydreigon, M|\n|poke|p2|Ceruledge, M|\n|poke|p2|Ogerpon-Wellspring, F|\n|poke|p2|Slowking-Galar, F|\n|poke|p2|Corviknight, F|\n|teampreview\n|inactive|Battle timer is ON: inactive players will automatically lose when time's up. (requested by stone xo)\n|\n|t:|1700722093\n|start\n|switch|p1a: Cinderace|Cinderace, M|100\/100\n|switch|p2a: Frosmoth|Frosmoth, M|100\/100\n|turn|1\n|\n|t:|1700722100\n|switch|p2a: Ogerpon|Ogerpon-Wellspring, F|100\/100\n|move|p1a: Cinderace|U-turn|p2a: Ogerpon\n|-supereffective|p2a: Ogerpon\n|-damage|p2a: Ogerpon|50\/100\n|\n|t:|1700722105\n|switch|p1a: Zapdos|Zapdos|100\/100|[from] U-turn\n|\n|upkeep\n|turn|2\n|\n|t:|1700722109\n|switch|p2a: Slowking|Slowking-Galar, F|100\/100\n|move|p1a: Zapdos|Thunder Wave|p2a: Slowking\n|-status|p2a: Slowking|par\n|\n|upkeep\n|turn|3\n|\n|t:|1700722113\n|move|p1a: Zapdos|Volt Switch|p2a: Slowking\n|-crit|p2a: Slowking\n|-damage|p2a: Slowking|80\/100 par\n|\n|t:|1700722116\n|switch|p1a: Garganacl|Garganacl, M|100\/100|[from] Volt Switch\n|move|p2a: Slowking|Future Sight|p1a: Garganacl\n|-start|p2a: Slowking|move: Future Sight\n|\n|upkeep\n|turn|4\n|\n|t:|1700722126\n|switch|p2a: Ogerpon|Ogerpon-Wellspring, F|50\/100\n|move|p1a: Garganacl|Iron Defense|p1a: Garganacl\n|-boost|p1a: Garganacl|def|2\n|\n|upkeep\n|turn|5\n|\n|t:|1700722131\n|move|p2a: Ogerpon|Encore|p1a: Garganacl\n|-start|p1a: Garganacl|Encore\n|move|p1a: Garganacl|Iron Defense|p1a: Garganacl\n|-boost|p1a: Garganacl|def|2\n|\n|-end|p1a: Garganacl|move: Future Sight\n|-damage|p1a: Garganacl|67\/100\n|-heal|p1a: Garganacl|73\/100|[from] item: Leftovers\n|upkeep\n|turn|6\n|\n|t:|1700722142\n|switch|p1a: Zapdos|Zapdos|100\/100\n|move|p2a: Ogerpon|Ivy Cudgel|p1a: Zapdos|[anim] Ivy Cudgel Water\n|-damage|p1a: Zapdos|50\/100\n|\n|upkeep\n|turn|7\n|\n|t:|1700722158\n|-terastallize|p1a: Zapdos|Dragon\n|move|p2a: Ogerpon|Ivy Cudgel|p1a: Zapdos|[anim] Ivy Cudgel Water\n|-resisted|p1a: Zapdos\n|-damage|p1a: Zapdos|24\/100\n|move|p1a: Zapdos|Roost|p1a: Zapdos\n|-heal|p1a: Zapdos|74\/100\n|\n|upkeep\n|turn|8\n|\n|t:|1700722164\n|switch|p2a: Slowking|Slowking-Galar, F|100\/100 par\n|move|p1a: Zapdos|Volt Switch|p2a: Slowking\n|-damage|p2a: Slowking|87\/100 par\n|\n|t:|1700722173\n|switch|p1a: Garganacl|Garganacl, M|73\/100|[from] Volt Switch\n|\n|-heal|p1a: Garganacl|79\/100|[from] item: Leftovers\n|upkeep\n|turn|9\n|\n|t:|1700722178\n|move|p1a: Garganacl|Iron Defense|p1a: Garganacl\n|-boost|p1a: Garganacl|def|2\n|move|p2a: Slowking|Future Sight|p1a: Garganacl\n|-start|p2a: Slowking|move: Future Sight\n|\n|-heal|p1a: Garganacl|86\/100|[from] item: Leftovers\n|upkeep\n|turn|10\n|\n|t:|1700722189\n|switch|p2a: Ogerpon|Ogerpon-Wellspring, F|50\/100\n|move|p1a: Garganacl|Salt Cure|p2a: Ogerpon\n|-damage|p2a: Ogerpon|31\/100\n|-start|p2a: Ogerpon|Salt Cure\n|\n|-heal|p1a: Garganacl|92\/100|[from] item: Leftovers\n|-damage|p2a: Ogerpon|6\/100|[from] Salt Cure\n|upkeep\n|turn|11\n|\n|t:|1700722196\n|move|p2a: Ogerpon|Ivy Cudgel|p1a: Garganacl|[anim] Ivy Cudgel Water\n|-supereffective|p1a: Garganacl\n|-damage|p1a: Garganacl|52\/100\n|move|p1a: Garganacl|Recover|p1a: Garganacl\n|-heal|p1a: Garganacl|100\/100\n|\n|-end|p1a: Garganacl|move: Future Sight\n|-damage|p1a: Garganacl|68\/100\n|-heal|p1a: Garganacl|74\/100|[from] item: Leftovers\n|-damage|p2a: Ogerpon|0 fnt|[from] Salt Cure\n|faint|p2a: Ogerpon\n|upkeep\n|\n|t:|1700722207\n|switch|p2a: Hydreigon|Hydreigon, M|100\/100\n|turn|12\n|\n|t:|1700722211\n|move|p2a: Hydreigon|Substitute|p2a: Hydreigon\n|-start|p2a: Hydreigon|Substitute\n|-damage|p2a: Hydreigon|76\/100\n|move|p1a: Garganacl|Body Press|p2a: Hydreigon\n|-supereffective|p2a: Hydreigon\n|-end|p2a: Hydreigon|Substitute\n|\n|-heal|p2a: Hydreigon|82\/100|[from] item: Leftovers\n|-heal|p1a: Garganacl|80\/100|[from] item: Leftovers\n|upkeep\n|turn|13\n|\n|t:|1700722217\n|switch|p2a: Ceruledge|Ceruledge, M|100\/100\n|move|p1a: Garganacl|Body Press|p2a: Ceruledge\n|-immune|p2a: Ceruledge\n|\n|-heal|p1a: Garganacl|86\/100|[from] item: Leftovers\n|upkeep\n|turn|14\n|\n|t:|1700722230\n|move|p2a: Ceruledge|Swords Dance|p2a: Ceruledge\n|-boost|p2a: Ceruledge|atk|2\n|move|p1a: Garganacl|Salt Cure|p2a: Ceruledge\n|-supereffective|p2a: Ceruledge\n|-damage|p2a: Ceruledge|63\/100\n|-start|p2a: Ceruledge|Salt Cure\n|-ability|p2a: Ceruledge|Weak Armor|boost\n|-unboost|p2a: Ceruledge|def|1\n|-boost|p2a: Ceruledge|spe|2\n|-enditem|p2a: Ceruledge|Weakness Policy\n|-boost|p2a: Ceruledge|atk|2|[from] item: Weakness Policy\n|-boost|p2a: Ceruledge|spa|2|[from] item: Weakness Policy\n|\n|-heal|p1a: Garganacl|92\/100|[from] item: Leftovers\n|-damage|p2a: Ceruledge|51\/100|[from] Salt Cure\n|upkeep\n|turn|15\n|\n|t:|1700722249\n|move|p2a: Ceruledge|Poltergeist|p1a: Garganacl\n|-activate|p1a: Garganacl|move: Poltergeist|Leftovers\n|-damage|p1a: Garganacl|63\/100\n|move|p1a: Garganacl|Iron Defense|p1a: Garganacl\n|-boost|p1a: Garganacl|def|2\n|\n|-heal|p1a: Garganacl|70\/100|[from] item: Leftovers\n|-damage|p2a: Ceruledge|39\/100|[from] Salt Cure\n|upkeep\n|turn|16\n|c|\u2606stone xo|shit is so dumb\n|-message|stone xo forfeited.\n|\n|win|tryna cook\n|raw|tryna cook's rating: 1434 &rarr; <strong>1453<\/strong><br \/>(+19 for winning)\n|raw|stone xo's rating: 1413 &rarr; <strong>1394<\/strong><br \/>(-19 for losing)\n|l|\u2606stone xo\n","uploadtime":1700722266,"views":10,"p1id":"trynacook","p2id":"stonexo","formatid":"gen9ou","rating":1394,"private":0,"password":""}