{"id":"gen9ou-1993504179","p1":"Prav33n","p2":"Lemonsq","format":"[Gen 9] OU","log":"|j|\u2606Prav33n\n|j|\u2606Lemonsq\n|t:|1700325683\n|gametype|singles\n|player|p1|Prav33n|swimmer-gen4|1467\n|player|p2|Lemonsq|266|1443\n|teamsize|p1|6\n|teamsize|p2|6\n|gen|9\n|tier|[Gen 9] OU\n|rated|\n|rule|Sleep Clause Mod: Limit one foe put to sleep\n|rule|Species Clause: Limit one of each Pok\u00e9mon\n|rule|OHKO Clause: OHKO moves are banned\n|rule|Evasion Items Clause: Evasion items are banned\n|rule|Evasion Moves Clause: Evasion moves are banned\n|rule|Endless Battle Clause: Forcing endless battles is banned\n|rule|HP Percentage Mod: HP is shown in percentages\n|clearpoke\n|poke|p1|Iron Moth|\n|poke|p1|Gholdengo|\n|poke|p1|Kommo-o, M|\n|poke|p1|Great Tusk|\n|poke|p1|Rillaboom, F|\n|poke|p1|Ogerpon-Cornerstone, F|\n|poke|p2|Rillaboom, M|\n|poke|p2|Sneasler, M|\n|poke|p2|Cinderace, F|\n|poke|p2|Kingambit, F|\n|poke|p2|Thundurus-Therian, M|\n|poke|p2|Iron Valiant|\n|teampreview\n|inactive|Battle timer is ON: inactive players will automatically lose when time's up. (requested by Prav33n)\n|inactive|Prav33n has 120 seconds left.\n|\n|t:|1700325737\n|start\n|switch|p1a: Ogerpon|Ogerpon-Cornerstone, F|100\/100\n|switch|p2a: Thundurus|Thundurus-Therian, M|100\/100\n|turn|1\n|\n|t:|1700325755\n|switch|p2a: Rillaboom|Rillaboom, M|100\/100\n|-fieldstart|move: Grassy Terrain|[from] ability: Grassy Surge|[of] p2a: Rillaboom\n|move|p1a: Ogerpon|Ivy Cudgel|p2a: Rillaboom|[anim] Ivy Cudgel Rock\n|-damage|p2a: Rillaboom|41\/100\n|\n|-heal|p2a: Rillaboom|47\/100|[from] Grassy Terrain\n|upkeep\n|turn|2\n|\n|t:|1700325768\n|switch|p2a: Kingambit|Kingambit, F|100\/100\n|move|p1a: Ogerpon|Spikes|p2a: Kingambit\n|-sidestart|p2: Lemonsq|Spikes\n|\n|upkeep\n|turn|3\n|\n|t:|1700325782\n|switch|p1a: Great Tusk|Great Tusk|100\/100\n|move|p2a: Kingambit|Iron Head|p1a: Great Tusk\n|-damage|p1a: Great Tusk|63\/100\n|\n|-heal|p1a: Great Tusk|69\/100|[from] Grassy Terrain\n|upkeep\n|turn|4\n|\n|t:|1700325794\n|-end|p2a: Kingambit|fallenundefined|[silent]\n|switch|p2a: Thundurus|Thundurus-Therian, M|100\/100\n|move|p1a: Great Tusk|Close Combat|p2a: Thundurus\n|-resisted|p2a: Thundurus\n|-damage|p2a: Thundurus|48\/100\n|-unboost|p1a: Great Tusk|def|1\n|-unboost|p1a: Great Tusk|spd|1\n|-enditem|p1a: Great Tusk|Eject Pack\n|\n|t:|1700325798\n|-end|p1a: Great Tusk|Protosynthesis|[silent]\n|switch|p1a: Ogerpon|Ogerpon-Cornerstone, F|100\/100\n|\n|upkeep\n|turn|5\n|inactive|Lemonsq has 120 seconds left.\n|\n|t:|1700325835\n|switch|p2a: Kingambit|Kingambit, F|100\/100\n|-damage|p2a: Kingambit|88\/100|[from] Spikes\n|move|p1a: Ogerpon|Ivy Cudgel|p2a: Kingambit|[anim] Ivy Cudgel Rock\n|-resisted|p2a: Kingambit\n|-crit|p2a: Kingambit\n|-damage|p2a: Kingambit|56\/100\n|\n|-heal|p2a: Kingambit|62\/100|[from] Grassy Terrain\n|upkeep\n|turn|6\n|inactive|Lemonsq has 120 seconds left.\n|\n|t:|1700325850\n|switch|p1a: Iron Moth|Iron Moth|100\/100\n|-enditem|p1a: Iron Moth|Booster Energy\n|-activate|p1a: Iron Moth|ability: Quark Drive|[fromitem]\n|-start|p1a: Iron Moth|quarkdrivespe\n|move|p2a: Kingambit|Iron Head|p1a: Iron Moth\n|-resisted|p1a: Iron Moth\n|-damage|p1a: Iron Moth|68\/100\n|\n|-heal|p1a: Iron Moth|74\/100|[from] Grassy Terrain\n|-heal|p2a: Kingambit|69\/100|[from] Grassy Terrain\n|upkeep\n|turn|7\n|inactive|Lemonsq has 120 seconds left.\n|\n|t:|1700325874\n|move|p1a: Iron Moth|Substitute|p1a: Iron Moth\n|-start|p1a: Iron Moth|Substitute\n|-damage|p1a: Iron Moth|49\/100\n|move|p2a: Kingambit|Swords Dance|p2a: Kingambit\n|-boost|p2a: Kingambit|atk|2\n|\n|-heal|p1a: Iron Moth|55\/100|[from] Grassy Terrain\n|-heal|p2a: Kingambit|75\/100|[from] Grassy Terrain\n|upkeep\n|turn|8\n|\n|t:|1700325883\n|move|p2a: Kingambit|Sucker Punch|p1a: Iron Moth\n|-end|p1a: Iron Moth|Substitute\n|move|p1a: Iron Moth|Fiery Dance|p2a: Kingambit\n|-supereffective|p2a: Kingambit\n|-damage|p2a: Kingambit|0 fnt\n|faint|p2a: Kingambit\n|-end|p2a: Kingambit|fallenundefined|[silent]\n|\n|-heal|p1a: Iron Moth|61\/100|[from] Grassy Terrain\n|-fieldend|move: Grassy Terrain\n|upkeep\n|inactive|Lemonsq has 90 seconds left.\n|\n|t:|1700325933\n|switch|p2a: Cinderace|Cinderace, F|100\/100\n|turn|9\n|\n|t:|1700325945\n|move|p1a: Iron Moth|Sludge Wave|p2a: Cinderace\n|-damage|p2a: Cinderace|36\/100\n|move|p2a: Cinderace|Pyro Ball|p1a: Iron Moth\n|-resisted|p1a: Iron Moth\n|-damage|p1a: Iron Moth|20\/100\n|\n|upkeep\n|turn|10\n|inactive|Lemonsq has 60 seconds left.\n|\n|t:|1700325994\n|switch|p2a: Rillaboom|Rillaboom, M|47\/100\n|-damage|p2a: Rillaboom|35\/100|[from] Spikes\n|-fieldstart|move: Grassy Terrain|[from] ability: Grassy Surge|[of] p2a: Rillaboom\n|move|p1a: Iron Moth|Sludge Wave|p2a: Rillaboom\n|-supereffective|p2a: Rillaboom\n|-damage|p2a: Rillaboom|0 fnt\n|faint|p2a: Rillaboom\n|\n|-heal|p1a: Iron Moth|26\/100|[from] Grassy Terrain\n|upkeep\n|\n|t:|1700326006\n|switch|p2a: Sneasler|Sneasler, M|100\/100\n|-damage|p2a: Sneasler|88\/100|[from] Spikes\n|-enditem|p2a: Sneasler|Grassy Seed\n|-boost|p2a: Sneasler|def|1|[from] item: Grassy Seed\n|turn|11\n|\n|t:|1700326015\n|move|p2a: Sneasler|Close Combat|p1a: Iron Moth\n|-resisted|p1a: Iron Moth\n|-damage|p1a: Iron Moth|0 fnt\n|-unboost|p2a: Sneasler|def|1\n|-unboost|p2a: Sneasler|spd|1\n|faint|p1a: Iron Moth\n|-end|p1a: Iron Moth|Quark Drive|[silent]\n|\n|-heal|p2a: Sneasler|94\/100|[from] Grassy Terrain\n|upkeep\n|\n|t:|1700326026\n|switch|p1a: Great Tusk|Great Tusk|69\/100\n|turn|12\n|\n|t:|1700326033\n|move|p2a: Sneasler|Close Combat|p1a: Great Tusk\n|-damage|p1a: Great Tusk|19\/100\n|-unboost|p2a: Sneasler|def|1\n|-unboost|p2a: Sneasler|spd|1\n|move|p1a: Great Tusk|Headlong Rush|p2a: Sneasler\n|-supereffective|p2a: Sneasler\n|-damage|p2a: Sneasler|0 fnt\n|-unboost|p1a: Great Tusk|def|1\n|-unboost|p1a: Great Tusk|spd|1\n|faint|p2a: Sneasler\n|\n|-heal|p1a: Great Tusk|25\/100|[from] Grassy Terrain\n|upkeep\n|inactive|Lemonsq has 30 seconds left.\n|inactive|Lemonsq has 20 seconds left.\n|inactive|Lemonsq has 15 seconds left.\n|\n|t:|1700326074\n|switch|p2a: Cinderace|Cinderace, F|36\/100\n|turn|13\n|inactive|Lemonsq has 25 seconds left this turn.\n|\n|t:|1700326085\n|move|p2a: Cinderace|Pyro Ball|p1a: Great Tusk\n|-damage|p1a: Great Tusk|0 fnt\n|faint|p1a: Great Tusk\n|-end|p1a: Great Tusk|Protosynthesis|[silent]\n|\n|-heal|p2a: Cinderace|42\/100|[from] Grassy Terrain\n|upkeep\n|inactive|Lemonsq has 30 seconds left this turn.\n|\n|t:|1700326087\n|switch|p1a: Kommo-o|Kommo-o, M|100\/100\n|turn|14\n|j| Evilo43\n|inactive|Lemonsq has 30 seconds left.\n|\n|t:|1700326106\n|move|p2a: Cinderace|Will-O-Wisp|p1a: Kommo-o|[miss]\n|-miss|p2a: Cinderace|p1a: Kommo-o\n|move|p1a: Kommo-o|Clangorous Soul|p1a: Kommo-o\n|-boost|p1a: Kommo-o|atk|1\n|-boost|p1a: Kommo-o|def|1\n|-boost|p1a: Kommo-o|spa|1\n|-boost|p1a: Kommo-o|spd|1\n|-boost|p1a: Kommo-o|spe|1\n|-damage|p1a: Kommo-o|68\/100\n|-enditem|p1a: Kommo-o|Throat Spray\n|-boost|p1a: Kommo-o|spa|1|[from] item: Throat Spray\n|\n|-heal|p1a: Kommo-o|74\/100|[from] Grassy Terrain\n|-heal|p2a: Cinderace|48\/100|[from] Grassy Terrain\n|upkeep\n|turn|15\n|l| Evilo43\n|inactive|Lemonsq has 30 seconds left.\n|\n|t:|1700326120\n|move|p1a: Kommo-o|Drain Punch|p2a: Cinderace\n|-damage|p2a: Cinderace|0 fnt\n|-heal|p1a: Kommo-o|98\/100|[from] drain|[of] p2a: Cinderace\n|faint|p2a: Cinderace\n|\n|-heal|p1a: Kommo-o|100\/100|[from] Grassy Terrain\n|upkeep\n|inactive|Lemonsq has 30 seconds left this turn.\n|\n|t:|1700326128\n|switch|p2a: Iron Valiant|Iron Valiant|100\/100\n|-damage|p2a: Iron Valiant|88\/100|[from] Spikes\n|-enditem|p2a: Iron Valiant|Booster Energy\n|-activate|p2a: Iron Valiant|ability: Quark Drive|[fromitem]\n|-start|p2a: Iron Valiant|quarkdrivespe\n|turn|16\n|inactive|Lemonsq has 30 seconds left.\n|\n|t:|1700326140\n|-terastallize|p1a: Kommo-o|Fire\n|move|p2a: Iron Valiant|Calm Mind|p2a: Iron Valiant\n|-boost|p2a: Iron Valiant|spa|1\n|-boost|p2a: Iron Valiant|spd|1\n|move|p1a: Kommo-o|Flamethrower|p2a: Iron Valiant\n|-damage|p2a: Iron Valiant|0 fnt\n|faint|p2a: Iron Valiant\n|-end|p2a: Iron Valiant|Quark Drive|[silent]\n|\n|upkeep\n|inactive|Lemonsq has 30 seconds left this turn.\n|inactive|Lemonsq has 20 seconds left.\n|-message|Lemonsq forfeited.\n|\n|win|Prav33n\n|inactive|Lemonsq has 25 seconds left this turn.\n|raw|Prav33n's rating: 1467 &rarr; <strong>1486<\/strong><br \/>(+19 for winning)\n|raw|Lemonsq's rating: 1443 &rarr; <strong>1424<\/strong><br \/>(-19 for losing)\n|l|\u2606Lemonsq\n","uploadtime":1700326161,"views":8,"p1id":"prav33n","p2id":"lemonsq","formatid":"gen9ou","rating":1424,"private":0,"password":""}