{"id":"gen9ou-1996470719","p1":"BananaGulper","p2":"Ggjjkkkiuy","format":"[Gen 9] OU","log":"|j|\u2606BananaGulper\n|j|\u2606Ggjjkkkiuy\n|t:|1700685178\n|gametype|singles\n|player|p1|BananaGulper|tuber|1082\n|player|p2|Ggjjkkkiuy|rood|1000\n|teamsize|p1|6\n|teamsize|p2|6\n|gen|9\n|tier|[Gen 9] OU\n|rated|\n|rule|Sleep Clause Mod: Limit one foe put to sleep\n|rule|Species Clause: Limit one of each Pok\u00e9mon\n|rule|OHKO Clause: OHKO moves are banned\n|rule|Evasion Items Clause: Evasion items are banned\n|rule|Evasion Moves Clause: Evasion moves are banned\n|rule|Endless Battle Clause: Forcing endless battles is banned\n|rule|HP Percentage Mod: HP is shown in percentages\n|clearpoke\n|poke|p1|Iron Moth|\n|poke|p1|Kommo-o, M|\n|poke|p1|Ninetales-Alola, F|\n|poke|p1|Hatterene, F|\n|poke|p1|Kingambit, M|\n|poke|p1|Great Tusk|\n|poke|p2|Hatterene, F|\n|poke|p2|Ursaluna, M|\n|poke|p2|Dusclops, F|\n|poke|p2|Umbreon, M|\n|poke|p2|Corviknight, M|\n|poke|p2|Dondozo, F|\n|teampreview\n|\n|t:|1700685196\n|start\n|switch|p1a: Great Tusk|Great Tusk|100\/100\n|switch|p2a: Hatterene|Hatterene, F|100\/100\n|-enditem|p1a: Great Tusk|Booster Energy\n|-activate|p1a: Great Tusk|ability: Protosynthesis|[fromitem]\n|-start|p1a: Great Tusk|protosynthesisatk\n|turn|1\n|inactive|Battle timer is ON: inactive players will automatically lose when time's up. (requested by Ggjjkkkiuy)\n|\n|t:|1700685216\n|move|p1a: Great Tusk|Headlong Rush|p2a: Hatterene\n|-damage|p2a: Hatterene|2\/100\n|-unboost|p1a: Great Tusk|def|1\n|-unboost|p1a: Great Tusk|spd|1\n|move|p2a: Hatterene|Psyshock|p1a: Great Tusk\n|-supereffective|p1a: Great Tusk\n|-crit|p1a: Great Tusk\n|-damage|p1a: Great Tusk|0 fnt\n|faint|p1a: Great Tusk\n|-end|p1a: Great Tusk|Protosynthesis|[silent]\n|\n|upkeep\n|\n|t:|1700685221\n|switch|p1a: Iron Moth|Iron Moth|100\/100\n|-enditem|p1a: Iron Moth|Booster Energy\n|-activate|p1a: Iron Moth|ability: Quark Drive|[fromitem]\n|-start|p1a: Iron Moth|quarkdrivespe\n|turn|2\n|\n|t:|1700685230\n|move|p1a: Iron Moth|Fiery Dance|p2a: Hatterene\n|-damage|p2a: Hatterene|0 fnt\n|faint|p2a: Hatterene\n|\n|upkeep\n|\n|t:|1700685236\n|switch|p2a: Dusclops|Dusclops, F|100\/100\n|-ability|p2a: Dusclops|Pressure\n|turn|3\n|\n|t:|1700685247\n|move|p1a: Iron Moth|Dazzling Gleam|p2a: Dusclops\n|-damage|p2a: Dusclops|88\/100\n|move|p2a: Dusclops|Trick Room|p2a: Dusclops\n|-fieldstart|move: Trick Room|[of] p2a: Dusclops\n|\n|upkeep\n|turn|4\n|\n|t:|1700685262\n|switch|p2a: Dondozo|Dondozo, F|100\/100\n|move|p1a: Iron Moth|Fiery Dance|p2a: Dondozo\n|-resisted|p2a: Dondozo\n|-damage|p2a: Dondozo|80\/100\n|-boost|p1a: Iron Moth|spa|1\n|\n|-heal|p2a: Dondozo|86\/100|[from] item: Leftovers\n|upkeep\n|turn|5\n|\n|t:|1700685273\n|-terastallize|p1a: Iron Moth|Water\n|move|p2a: Dondozo|Curse|p2a: Dondozo\n|-unboost|p2a: Dondozo|spe|1\n|-boost|p2a: Dondozo|atk|1\n|-boost|p2a: Dondozo|def|1\n|move|p1a: Iron Moth|Sludge Wave|p2a: Dondozo\n|-damage|p2a: Dondozo|41\/100\n|\n|-heal|p2a: Dondozo|47\/100|[from] item: Leftovers\n|upkeep\n|turn|6\n|\n|t:|1700685286\n|move|p2a: Dondozo|Liquidation|p1a: Iron Moth\n|-resisted|p1a: Iron Moth\n|-damage|p1a: Iron Moth|67\/100\n|move|p1a: Iron Moth|Sludge Wave|p2a: Dondozo\n|-damage|p2a: Dondozo|1\/100\n|\n|-heal|p2a: Dondozo|8\/100|[from] item: Leftovers\n|upkeep\n|turn|7\n|\n|t:|1700685295\n|move|p2a: Dondozo|Body Press|p1a: Iron Moth\n|-damage|p1a: Iron Moth|8\/100\n|move|p1a: Iron Moth|Sludge Wave|p2a: Dondozo\n|-damage|p2a: Dondozo|0 fnt\n|faint|p2a: Dondozo\n|\n|-fieldend|move: Trick Room\n|upkeep\n|\n|t:|1700685304\n|switch|p2a: Dusclops|Dusclops, F|88\/100\n|-ability|p2a: Dusclops|Pressure\n|turn|8\n|\n|t:|1700685313\n|move|p1a: Iron Moth|Fiery Dance|p2a: Dusclops\n|-damage|p2a: Dusclops|60\/100\n|-boost|p1a: Iron Moth|spa|1\n|move|p2a: Dusclops|Night Shade|p1a: Iron Moth\n|-damage|p1a: Iron Moth|0 fnt\n|faint|p1a: Iron Moth\n|-end|p1a: Iron Moth|Quark Drive|[silent]\n|\n|upkeep\n|\n|t:|1700685321\n|switch|p1a: Ninetales|Ninetales-Alola, F|100\/100\n|-weather|Snow|[from] ability: Snow Warning|[of] p1a: Ninetales\n|turn|9\n|\n|t:|1700685327\n|move|p1a: Ninetales|Aurora Veil|p1a: Ninetales\n|-sidestart|p1: BananaGulper|move: Aurora Veil\n|move|p2a: Dusclops|Pain Split|p1a: Ninetales\n|-sethp|p1a: Ninetales|74\/100|[from] move: Pain Split|[silent]\n|-sethp|p2a: Dusclops|92\/100|[from] move: Pain Split\n|\n|-weather|Snow|[upkeep]\n|upkeep\n|turn|10\n|\n|t:|1700685337\n|move|p1a: Ninetales|Freeze-Dry|p2a: Dusclops\n|-damage|p2a: Dusclops|82\/100\n|move|p2a: Dusclops|Will-O-Wisp|p1a: Ninetales\n|-status|p1a: Ninetales|brn\n|\n|-weather|Snow|[upkeep]\n|-damage|p1a: Ninetales|68\/100 brn|[from] brn\n|upkeep\n|turn|11\n|\n|t:|1700685347\n|move|p1a: Ninetales|Encore|p2a: Dusclops\n|-start|p2a: Dusclops|Encore\n|move|p2a: Dusclops|Will-O-Wisp|p1a: Ninetales\n|-fail|p1a: Ninetales|brn\n|\n|-weather|Snow|[upkeep]\n|-damage|p1a: Ninetales|62\/100 brn|[from] brn\n|upkeep\n|turn|12\n|\n|t:|1700685358\n|switch|p1a: Hatterene|Hatterene, F|100\/100\n|switch|p2a: Corviknight|Corviknight, M|100\/100\n|-ability|p2a: Corviknight|Pressure\n|\n|-weather|Snow|[upkeep]\n|upkeep\n|turn|13\n|\n|t:|1700685369\n|move|p1a: Hatterene|Calm Mind|p1a: Hatterene\n|-boost|p1a: Hatterene|spa|1\n|-boost|p1a: Hatterene|spd|1\n|move|p2a: Corviknight|Brave Bird|p1a: Hatterene\n|-damage|p1a: Hatterene|81\/100\n|-damage|p2a: Corviknight|95\/100|[from] Recoil\n|-enditem|p1a: Hatterene|Kee Berry|[eat]\n|-boost|p1a: Hatterene|def|1|[from] item: Kee Berry\n|\n|-weather|none\n|upkeep\n|turn|14\n|\n|t:|1700685386\n|switch|p2a: Umbreon|Umbreon, M|100\/100\n|move|p1a: Hatterene|Calm Mind|p1a: Hatterene\n|-boost|p1a: Hatterene|spa|1\n|-boost|p1a: Hatterene|spd|1\n|\n|upkeep\n|turn|15\n|\n|t:|1700685394\n|move|p1a: Hatterene|Stored Power|p2a: Umbreon\n|-immune|p2a: Umbreon\n|move|p2a: Umbreon|Wish|p2a: Umbreon\n|\n|upkeep\n|turn|16\n|\n|t:|1700685400\n|move|p1a: Hatterene|Draining Kiss|p2a: Umbreon\n|-supereffective|p2a: Umbreon\n|-damage|p2a: Umbreon|56\/100\n|-heal|p1a: Hatterene|100\/100|[from] drain|[of] p2a: Umbreon\n|move|p2a: Umbreon|Foul Play|p1a: Hatterene\n|-damage|p1a: Hatterene|92\/100\n|\n|-heal|p2a: Umbreon|100\/100|[from] move: Wish|[wisher] Umbreon\n|-sideend|p1: BananaGulper|move: Aurora Veil\n|upkeep\n|turn|17\n|\n|t:|1700685413\n|move|p1a: Hatterene|Draining Kiss|p2a: Umbreon\n|-supereffective|p2a: Umbreon\n|-damage|p2a: Umbreon|52\/100\n|-heal|p1a: Hatterene|100\/100|[from] drain|[of] p2a: Umbreon\n|move|p2a: Umbreon|Wish|p2a: Umbreon\n|\n|-heal|p2a: Umbreon|58\/100|[from] item: Leftovers\n|upkeep\n|turn|18\n|\n|t:|1700685428\n|move|p1a: Hatterene|Calm Mind|p1a: Hatterene\n|-boost|p1a: Hatterene|spa|1\n|-boost|p1a: Hatterene|spd|1\n|move|p2a: Umbreon|Toxic|p1a: Hatterene\n|move|p1a: Hatterene|Toxic|p2a: Umbreon|[from]ability: Magic Bounce\n|-status|p2a: Umbreon|tox\n|-activate|p2a: Umbreon|ability: Synchronize\n|-status|p1a: Hatterene|tox\n|\n|-heal|p2a: Umbreon|100\/100 tox|[from] move: Wish|[wisher] Umbreon\n|-damage|p1a: Hatterene|95\/100 tox|[from] psn\n|-damage|p2a: Umbreon|94\/100 tox|[from] psn\n|upkeep\n|turn|19\n|\n|t:|1700685444\n|move|p1a: Hatterene|Agility|p1a: Hatterene\n|-boost|p1a: Hatterene|spe|2\n|move|p2a: Umbreon|Wish|p2a: Umbreon\n|\n|-heal|p2a: Umbreon|100\/100 tox|[from] item: Leftovers\n|-damage|p1a: Hatterene|83\/100 tox|[from] psn\n|-damage|p2a: Umbreon|88\/100 tox|[from] psn\n|upkeep\n|turn|20\n|\n|t:|1700685454\n|move|p2a: Umbreon|Protect|p2a: Umbreon\n|-singleturn|p2a: Umbreon|Protect\n|move|p1a: Hatterene|Stored Power|p2a: Umbreon\n|-activate|p2a: Umbreon|move: Protect\n|\n|-heal|p2a: Umbreon|100\/100 tox|[from] move: Wish|[wisher] Umbreon\n|-damage|p1a: Hatterene|65\/100 tox|[from] psn\n|-damage|p2a: Umbreon|82\/100 tox|[from] psn\n|upkeep\n|turn|21\n|\n|t:|1700685467\n|switch|p2a: Corviknight|Corviknight, M|95\/100\n|-ability|p2a: Corviknight|Pressure\n|move|p1a: Hatterene|Stored Power|p2a: Corviknight\n|-resisted|p2a: Corviknight\n|-damage|p2a: Corviknight|0 fnt\n|faint|p2a: Corviknight\n|\n|-damage|p1a: Hatterene|41\/100 tox|[from] psn\n|upkeep\n|\n|t:|1700685478\n|switch|p2a: Umbreon|Umbreon, M|82\/100 tox\n|turn|22\n|\n|t:|1700685483\n|move|p2a: Umbreon|Protect|p2a: Umbreon\n|-singleturn|p2a: Umbreon|Protect\n|move|p1a: Hatterene|Calm Mind|p1a: Hatterene\n|-boost|p1a: Hatterene|spa|1\n|-boost|p1a: Hatterene|spd|1\n|\n|-heal|p2a: Umbreon|88\/100 tox|[from] item: Leftovers\n|-damage|p1a: Hatterene|11\/100 tox|[from] psn\n|-damage|p2a: Umbreon|82\/100 tox|[from] psn\n|upkeep\n|turn|23\n|\n|t:|1700685493\n|move|p2a: Umbreon|Protect|p2a: Umbreon\n|-singleturn|p2a: Umbreon|Protect\n|move|p1a: Hatterene|Draining Kiss|p2a: Umbreon\n|-activate|p2a: Umbreon|move: Protect\n|\n|-heal|p2a: Umbreon|88\/100 tox|[from] item: Leftovers\n|-damage|p1a: Hatterene|0 fnt|[from] psn\n|faint|p1a: Hatterene\n|-damage|p2a: Umbreon|76\/100 tox|[from] psn\n|upkeep\n|\n|t:|1700685499\n|switch|p1a: Ninetales|Ninetales-Alola, F|62\/100 brn\n|-weather|Snow|[from] ability: Snow Warning|[of] p1a: Ninetales\n|turn|24\n|\n|t:|1700685509\n|switch|p2a: Dusclops|Dusclops, F|82\/100\n|-ability|p2a: Dusclops|Pressure\n|move|p1a: Ninetales|Aurora Veil|p1a: Ninetales\n|-sidestart|p1: BananaGulper|move: Aurora Veil\n|\n|-weather|Snow|[upkeep]\n|-damage|p1a: Ninetales|57\/100 brn|[from] brn\n|upkeep\n|turn|25\n|\n|t:|1700685523\n|move|p1a: Ninetales|Hypnosis|p2a: Dusclops\n|-status|p2a: Dusclops|slp|[from] move: Hypnosis\n|cant|p2a: Dusclops|slp\n|\n|-weather|Snow|[upkeep]\n|-damage|p1a: Ninetales|50\/100 brn|[from] brn\n|upkeep\n|turn|26\n|\n|t:|1700685531\n|switch|p1a: Kommo-o|Kommo-o, M|100\/100\n|-curestatus|p2a: Dusclops|slp|[msg]\n|move|p2a: Dusclops|Will-O-Wisp|p1a: Kommo-o\n|-status|p1a: Kommo-o|brn\n|\n|-weather|Snow|[upkeep]\n|-damage|p1a: Kommo-o|94\/100 brn|[from] brn\n|upkeep\n|turn|27\n|\n|t:|1700685541\n|move|p1a: Kommo-o|Clangorous Soul|p1a: Kommo-o\n|-boost|p1a: Kommo-o|atk|1\n|-boost|p1a: Kommo-o|def|1\n|-boost|p1a: Kommo-o|spa|1\n|-boost|p1a: Kommo-o|spd|1\n|-boost|p1a: Kommo-o|spe|1\n|-damage|p1a: Kommo-o|61\/100 brn\n|-enditem|p1a: Kommo-o|Throat Spray\n|-boost|p1a: Kommo-o|spa|1|[from] item: Throat Spray\n|move|p2a: Dusclops|Trick Room|p2a: Dusclops\n|-fieldstart|move: Trick Room|[of] p2a: Dusclops\n|\n|-weather|Snow|[upkeep]\n|-damage|p1a: Kommo-o|55\/100 brn|[from] brn\n|upkeep\n|turn|28\n|\n|t:|1700685555\n|move|p2a: Dusclops|Night Shade|p1a: Kommo-o\n|-damage|p1a: Kommo-o|21\/100 brn\n|move|p1a: Kommo-o|Clanging Scales|p2a: Dusclops\n|-damage|p2a: Dusclops|35\/100\n|-unboost|p1a: Kommo-o|def|1\n|\n|-weather|none\n|-damage|p1a: Kommo-o|15\/100 brn|[from] brn\n|upkeep\n|turn|29\n|\n|t:|1700685571\n|switch|p2a: Umbreon|Umbreon, M|76\/100 tox\n|move|p1a: Kommo-o|Clanging Scales|p2a: Umbreon\n|-damage|p2a: Umbreon|24\/100 tox\n|-unboost|p1a: Kommo-o|def|1\n|\n|-heal|p2a: Umbreon|30\/100 tox|[from] item: Leftovers\n|-damage|p2a: Umbreon|24\/100 tox|[from] psn\n|-damage|p1a: Kommo-o|8\/100 brn|[from] brn\n|upkeep\n|turn|30\n|\n|t:|1700685584\n|move|p2a: Umbreon|Protect|p2a: Umbreon\n|-singleturn|p2a: Umbreon|Protect\n|move|p1a: Kommo-o|Boomburst|p2a: Umbreon\n|-activate|p2a: Umbreon|move: Protect\n|\n|-heal|p2a: Umbreon|30\/100 tox|[from] item: Leftovers\n|-damage|p2a: Umbreon|18\/100 tox|[from] psn\n|-damage|p1a: Kommo-o|2\/100 brn|[from] brn\n|upkeep\n|turn|31\n|\n|t:|1700685594\n|move|p2a: Umbreon|Protect||[still]\n|-fail|p2a: Umbreon\n|move|p1a: Kommo-o|Clanging Scales|p2a: Umbreon\n|-damage|p2a: Umbreon|0 fnt\n|faint|p2a: Umbreon\n|-unboost|p1a: Kommo-o|def|1\n|\n|-damage|p1a: Kommo-o|0 fnt|[from] brn\n|faint|p1a: Kommo-o\n|-sideend|p1: BananaGulper|move: Aurora Veil\n|-fieldend|move: Trick Room\n|upkeep\n|\n|t:|1700685607\n|switch|p1a: Ninetales|Ninetales-Alola, F|50\/100 brn\n|switch|p2a: Dusclops|Dusclops, F|35\/100\n|-weather|Snow|[from] ability: Snow Warning|[of] p1a: Ninetales\n|-ability|p2a: Dusclops|Pressure\n|turn|32\n|\n|t:|1700685614\n|move|p1a: Ninetales|Aurora Veil|p1a: Ninetales\n|-sidestart|p1: BananaGulper|move: Aurora Veil\n|move|p2a: Dusclops|Trick Room|p2a: Dusclops\n|-fieldstart|move: Trick Room|[of] p2a: Dusclops\n|\n|-weather|Snow|[upkeep]\n|-damage|p1a: Ninetales|44\/100 brn|[from] brn\n|upkeep\n|turn|33\n|\n|t:|1700685621\n|move|p2a: Dusclops|Pain Split|p1a: Ninetales\n|-sethp|p1a: Ninetales|36\/100 brn|[from] move: Pain Split|[silent]\n|-sethp|p2a: Dusclops|45\/100|[from] move: Pain Split\n|move|p1a: Ninetales|Freeze-Dry|p2a: Dusclops\n|-damage|p2a: Dusclops|34\/100\n|-status|p2a: Dusclops|frz\n|\n|-weather|Snow|[upkeep]\n|-damage|p1a: Ninetales|30\/100 brn|[from] brn\n|upkeep\n|turn|34\n|\n|t:|1700685632\n|switch|p1a: Kingambit|Kingambit, M|100\/100\n|-activate|p1a: Kingambit|ability: Supreme Overlord\n|-start|p1a: Kingambit|fallen4|[silent]\n|cant|p2a: Dusclops|frz\n|\n|-weather|Snow|[upkeep]\n|upkeep\n|turn|35\n|\n|t:|1700685641\n|cant|p2a: Dusclops|frz\n|move|p1a: Kingambit|Swords Dance|p1a: Kingambit\n|-boost|p1a: Kingambit|atk|2\n|\n|-weather|Snow|[upkeep]\n|upkeep\n|turn|36\n|\n|t:|1700685648\n|-curestatus|p2a: Dusclops|frz|[msg]\n|move|p2a: Dusclops|Will-O-Wisp|p1a: Kingambit\n|-status|p1a: Kingambit|brn\n|move|p1a: Kingambit|Swords Dance|p1a: Kingambit\n|-boost|p1a: Kingambit|atk|2\n|\n|-weather|none\n|-damage|p1a: Kingambit|94\/100 brn|[from] brn\n|-fieldend|move: Trick Room\n|upkeep\n|turn|37\n|\n|t:|1700685662\n|switch|p2a: Ursaluna|Ursaluna, M|100\/100\n|move|p1a: Kingambit|Sucker Punch||[still]\n|-fail|p1a: Kingambit\n|\n|-heal|p1a: Kingambit|100\/100 brn|[from] item: Leftovers\n|-damage|p1a: Kingambit|94\/100 brn|[from] brn\n|-status|p2a: Ursaluna|brn|[from] item: Flame Orb\n|upkeep\n|turn|38\n|\n|t:|1700685671\n|move|p2a: Ursaluna|Protect|p2a: Ursaluna\n|-singleturn|p2a: Ursaluna|Protect\n|move|p1a: Kingambit|Low Kick|p2a: Ursaluna\n|-activate|p2a: Ursaluna|move: Protect\n|\n|-heal|p1a: Kingambit|100\/100 brn|[from] item: Leftovers\n|-damage|p1a: Kingambit|94\/100 brn|[from] brn\n|-damage|p2a: Ursaluna|94\/100 brn|[from] brn\n|upkeep\n|turn|39\n|\n|t:|1700685681\n|move|p1a: Kingambit|Low Kick|p2a: Ursaluna\n|-supereffective|p2a: Ursaluna\n|-damage|p2a: Ursaluna|0 fnt\n|faint|p2a: Ursaluna\n|\n|-heal|p1a: Kingambit|100\/100 brn|[from] item: Leftovers\n|-damage|p1a: Kingambit|94\/100 brn|[from] brn\n|-sideend|p1: BananaGulper|move: Aurora Veil\n|upkeep\n|-message|Ggjjkkkiuy forfeited.\n|\n|win|BananaGulper\n|raw|BananaGulper's rating: 1082 &rarr; <strong>1103<\/strong><br \/>(+21 for winning)\n|raw|Ggjjkkkiuy's rating: 1000 &rarr; <strong>1000<\/strong><br \/>(+0 for losing)\n|l|\u2606Ggjjkkkiuy\n","uploadtime":1700685697,"views":3,"p1id":"bananagulper","p2id":"ggjjkkkiuy","formatid":"gen9ou","rating":1000,"private":0,"password":""}