{"id":"gen9ou-1992135323","p1":"ToastyCaesar","p2":"punkmag","format":"[Gen 9] OU","log":"|j|\u2606ToastyCaesar\n|j|\u2606punkmag\n|t:|1700157966\n|gametype|singles\n|player|p1|ToastyCaesar|cynthia|1429\n|player|p2|punkmag|waitress-gen4|1412\n|teamsize|p1|6\n|teamsize|p2|6\n|gen|9\n|tier|[Gen 9] OU\n|rated|\n|rule|Sleep Clause Mod: Limit one foe put to sleep\n|rule|Species Clause: Limit one of each Pok\u00e9mon\n|rule|OHKO Clause: OHKO moves are banned\n|rule|Evasion Items Clause: Evasion items are banned\n|rule|Evasion Moves Clause: Evasion moves are banned\n|rule|Endless Battle Clause: Forcing endless battles is banned\n|rule|HP Percentage Mod: HP is shown in percentages\n|clearpoke\n|poke|p1|Tyranitar, M|\n|poke|p1|Rillaboom, M|\n|poke|p1|Sneasler, M|\n|poke|p1|Walking Wake|\n|poke|p1|Iron Valiant|\n|poke|p1|Great Tusk|\n|poke|p2|Meloetta|\n|poke|p2|Great Tusk|\n|poke|p2|Dragonite, M|\n|poke|p2|Iron Valiant|\n|poke|p2|Slowking-Galar, M|\n|poke|p2|Corviknight, F|\n|teampreview\n|inactive|Battle timer is ON: inactive players will automatically lose when time's up. (requested by punkmag)\n|inactive|ToastyCaesar also wants the timer to be on.\n|\n|t:|1700157989\n|start\n|switch|p1a: Rillaboom|Rillaboom, M|100\/100\n|switch|p2a: Meloetta|Meloetta|100\/100\n|-fieldstart|move: Grassy Terrain|[from] ability: Grassy Surge|[of] p1a: Rillaboom\n|turn|1\n|inactive|ToastyCaesar has 120 seconds left.\n|\n|t:|1700158021\n|move|p2a: Meloetta|Relic Song|p1a: Rillaboom\n|-damage|p1a: Rillaboom|54\/100\n|-status|p1a: Rillaboom|slp|[from] move: Relic Song\n|-formechange|p2a: Meloetta|Meloetta-Pirouette|[msg]\n|cant|p1a: Rillaboom|slp\n|\n|-heal|p1a: Rillaboom|60\/100 slp|[from] Grassy Terrain\n|upkeep\n|turn|2\n|\n|t:|1700158032\n|switch|p1a: Great Tusk|Great Tusk|100\/100\n|move|p2a: Meloetta|Psychic|p1a: Great Tusk\n|-supereffective|p1a: Great Tusk\n|-damage|p1a: Great Tusk|32\/100\n|-unboost|p1a: Great Tusk|spd|1\n|\n|-heal|p1a: Great Tusk|38\/100|[from] Grassy Terrain\n|-heal|p1a: Great Tusk|44\/100|[from] item: Leftovers\n|upkeep\n|turn|3\n|\n|t:|1700158044\n|move|p2a: Meloetta|Psychic|p1a: Great Tusk\n|-supereffective|p1a: Great Tusk\n|-damage|p1a: Great Tusk|0 fnt\n|faint|p1a: Great Tusk\n|-end|p1a: Great Tusk|Protosynthesis|[silent]\n|\n|upkeep\n|inactive|ToastyCaesar has 120 seconds left.\n|\n|t:|1700158067\n|switch|p1a: Sneasler|Sneasler, M|100\/100\n|-enditem|p1a: Sneasler|Grassy Seed\n|-boost|p1a: Sneasler|def|1|[from] item: Grassy Seed\n|turn|4\n|\n|t:|1700158079\n|move|p1a: Sneasler|Acrobatics|p2a: Meloetta\n|-supereffective|p2a: Meloetta\n|-damage|p2a: Meloetta|0 fnt\n|faint|p2a: Meloetta\n|\n|upkeep\n|\n|t:|1700158090\n|switch|p2a: Corviknight|Corviknight, F|100\/100\n|-ability|p2a: Corviknight|Pressure\n|turn|5\n|inactive|ToastyCaesar has 120 seconds left.\n|\n|t:|1700158113\n|-terastallize|p1a: Sneasler|Flying\n|move|p1a: Sneasler|Swords Dance|p1a: Sneasler\n|-boost|p1a: Sneasler|atk|2\n|move|p2a: Corviknight|Brave Bird|p1a: Sneasler\n|-damage|p1a: Sneasler|57\/100\n|-damage|p2a: Corviknight|89\/100|[from] Recoil\n|\n|upkeep\n|turn|6\n|inactive|ToastyCaesar has 120 seconds left.\n|\n|t:|1700158135\n|move|p1a: Sneasler|Close Combat|p2a: Corviknight\n|-damage|p2a: Corviknight|4\/100\n|-unboost|p1a: Sneasler|def|1\n|-unboost|p1a: Sneasler|spd|1\n|-damage|p1a: Sneasler|40\/100|[from] item: Rocky Helmet|[of] p2a: Corviknight\n|move|p2a: Corviknight|Brave Bird|p1a: Sneasler\n|-damage|p1a: Sneasler|0 fnt\n|faint|p1a: Sneasler\n|-damage|p2a: Corviknight|0 fnt|[from] Recoil\n|faint|p2a: Corviknight\n|\n|upkeep\n|inactive|ToastyCaesar has 90 seconds left.\n|\n|t:|1700158166\n|switch|p1a: Tyranitar|Tyranitar, M|100\/100\n|switch|p2a: Slowking|Slowking-Galar, M|100\/100\n|-weather|Sandstorm|[from] ability: Sand Stream|[of] p1a: Tyranitar\n|turn|7\n|\n|t:|1700158174\n|move|p1a: Tyranitar|Knock Off|p2a: Slowking\n|-supereffective|p2a: Slowking\n|-damage|p2a: Slowking|15\/100\n|-enditem|p2a: Slowking|Assault Vest|[from] move: Knock Off|[of] p1a: Tyranitar\n|move|p2a: Slowking|Surf|p1a: Tyranitar\n|-supereffective|p1a: Tyranitar\n|-damage|p1a: Tyranitar|87\/100\n|\n|-weather|Sandstorm|[upkeep]\n|-damage|p2a: Slowking|9\/100|[from] Sandstorm\n|-heal|p1a: Tyranitar|93\/100|[from] Grassy Terrain\n|-heal|p2a: Slowking|15\/100|[from] Grassy Terrain\n|upkeep\n|turn|8\n|inactive|ToastyCaesar has 90 seconds left.\n|\n|t:|1700158202\n|move|p1a: Tyranitar|Ice Beam|p2a: Slowking\n|-damage|p2a: Slowking|3\/100\n|-status|p2a: Slowking|frz\n|cant|p2a: Slowking|frz\n|\n|-weather|Sandstorm|[upkeep]\n|-damage|p2a: Slowking|0 fnt|[from] Sandstorm\n|faint|p2a: Slowking\n|-heal|p1a: Tyranitar|99\/100|[from] Grassy Terrain\n|-fieldend|move: Grassy Terrain\n|upkeep\n|inactive|punkmag has 120 seconds left.\n|inactive|punkmag has 90 seconds left.\n|\n|t:|1700158265\n|switch|p2a: King G|Great Tusk|100\/100\n|turn|9\n|\n|t:|1700158274\n|switch|p1a: Rillaboom|Rillaboom, M|60\/100 slp\n|-fieldstart|move: Grassy Terrain|[from] ability: Grassy Surge|[of] p1a: Rillaboom\n|move|p2a: King G|Earthquake|p1a: Rillaboom\n|-resisted|p1a: Rillaboom\n|-damage|p1a: Rillaboom|50\/100 slp\n|\n|-weather|Sandstorm|[upkeep]\n|-damage|p1a: Rillaboom|44\/100 slp|[from] Sandstorm\n|-heal|p1a: Rillaboom|50\/100 slp|[from] Grassy Terrain\n|upkeep\n|turn|10\n|\n|t:|1700158285\n|move|p2a: King G|Rapid Spin|p1a: Rillaboom\n|-damage|p1a: Rillaboom|36\/100 slp\n|-boost|p2a: King G|spe|1\n|cant|p1a: Rillaboom|slp\n|\n|-weather|Sandstorm|[upkeep]\n|-damage|p1a: Rillaboom|30\/100 slp|[from] Sandstorm\n|-heal|p1a: Rillaboom|36\/100 slp|[from] Grassy Terrain\n|upkeep\n|turn|11\n|\n|t:|1700158296\n|move|p2a: King G|Bulk Up|p2a: King G\n|-boost|p2a: King G|atk|1\n|-boost|p2a: King G|def|1\n|cant|p1a: Rillaboom|slp\n|\n|-weather|none\n|-heal|p1a: Rillaboom|42\/100 slp|[from] Grassy Terrain\n|upkeep\n|turn|12\n|\n|t:|1700158303\n|move|p2a: King G|Rapid Spin|p1a: Rillaboom\n|-damage|p1a: Rillaboom|22\/100 slp\n|-boost|p2a: King G|spe|1\n|-curestatus|p1a: Rillaboom|slp|[msg]\n|move|p1a: Rillaboom|Drum Beating|p2a: King G\n|-supereffective|p2a: King G\n|-damage|p2a: King G|52\/100\n|-unboost|p2a: King G|spe|1\n|\n|-heal|p2a: King G|58\/100|[from] Grassy Terrain\n|-heal|p2a: King G|65\/100|[from] item: Leftovers\n|-heal|p1a: Rillaboom|28\/100|[from] Grassy Terrain\n|upkeep\n|turn|13\n|inactive|punkmag has 90 seconds left.\n|inactive|ToastyCaesar has 120 seconds left.\n|\n|t:|1700158320\n|move|p2a: King G|Knock Off|p1a: Rillaboom\n|-damage|p1a: Rillaboom|0 fnt\n|-enditem|p1a: Rillaboom|Terrain Extender|[from] move: Knock Off|[of] p2a: King G\n|faint|p1a: Rillaboom\n|\n|-heal|p2a: King G|71\/100|[from] Grassy Terrain\n|-heal|p2a: King G|77\/100|[from] item: Leftovers\n|upkeep\n|\n|t:|1700158323\n|switch|p1a: Iron Valiant|Iron Valiant|100\/100\n|-enditem|p1a: Iron Valiant|Booster Energy\n|-activate|p1a: Iron Valiant|ability: Quark Drive|[fromitem]\n|-start|p1a: Iron Valiant|quarkdrivespe\n|turn|14\n|inactive|punkmag has 90 seconds left.\n|\n|t:|1700158336\n|move|p1a: Iron Valiant|Moonblast|p2a: King G\n|-supereffective|p2a: King G\n|-damage|p2a: King G|0 fnt\n|faint|p2a: King G\n|-end|p2a: King G|Protosynthesis|[silent]\n|\n|upkeep\n|\n|t:|1700158345\n|switch|p2a: Totk tears|Dragonite, M|100\/100\n|turn|15\n|inactive|punkmag has 90 seconds left.\n|\n|t:|1700158351\n|move|p1a: Iron Valiant|Moonblast|p2a: Totk tears\n|-supereffective|p2a: Totk tears\n|-damage|p2a: Totk tears|48\/100\n|move|p2a: Totk tears|Dragon Dance|p2a: Totk tears\n|-boost|p2a: Totk tears|atk|1\n|-boost|p2a: Totk tears|spe|1\n|\n|upkeep\n|turn|16\n|\n|t:|1700158358\n|move|p2a: Totk tears|Extreme Speed|p1a: Iron Valiant\n|-damage|p1a: Iron Valiant|42\/100\n|move|p1a: Iron Valiant|Moonblast|p2a: Totk tears\n|-supereffective|p2a: Totk tears\n|-damage|p2a: Totk tears|0 fnt\n|faint|p2a: Totk tears\n|\n|-heal|p1a: Iron Valiant|49\/100|[from] Grassy Terrain\n|-fieldend|move: Grassy Terrain\n|upkeep\n|\n|t:|1700158366\n|switch|p2a: Hero|Iron Valiant|100\/100\n|-enditem|p2a: Hero|Booster Energy\n|-activate|p2a: Hero|ability: Quark Drive|[fromitem]\n|-start|p2a: Hero|quarkdrivespe\n|turn|17\n|\n|t:|1700158376\n|-terastallize|p2a: Hero|Steel\n|move|p2a: Hero|Moonblast|p1a: Iron Valiant\n|-supereffective|p1a: Iron Valiant\n|-damage|p1a: Iron Valiant|0 fnt\n|faint|p1a: Iron Valiant\n|-end|p1a: Iron Valiant|Quark Drive|[silent]\n|\n|upkeep\n|inactive|ToastyCaesar has 120 seconds left.\n|\n|t:|1700158417\n|switch|p1a: Tyranitar|Tyranitar, M|99\/100\n|-weather|Sandstorm|[from] ability: Sand Stream|[of] p1a: Tyranitar\n|turn|18\n|\n|t:|1700158426\n|move|p2a: Hero|Close Combat|p1a: Tyranitar\n|-supereffective|p1a: Tyranitar\n|-damage|p1a: Tyranitar|0 fnt\n|-unboost|p2a: Hero|def|1\n|-unboost|p2a: Hero|spd|1\n|faint|p1a: Tyranitar\n|\n|-weather|Sandstorm|[upkeep]\n|upkeep\n|\n|t:|1700158429\n|switch|p1a: Walking Wake|Walking Wake|100\/100\n|turn|19\n|inactive|punkmag has 120 seconds left.\n|\n|t:|1700158438\n|move|p2a: Hero|Moonblast|p1a: Walking Wake\n|-supereffective|p1a: Walking Wake\n|-damage|p1a: Walking Wake|0 fnt\n|faint|p1a: Walking Wake\n|-end|p1a: Walking Wake|Protosynthesis|[silent]\n|\n|win|punkmag\n|raw|ToastyCaesar's rating: 1429 &rarr; <strong>1408<\/strong><br \/>(-21 for losing)\n|raw|punkmag's rating: 1412 &rarr; <strong>1433<\/strong><br \/>(+21 for winning)\n|l|\u2606ToastyCaesar\n","uploadtime":1700158444,"views":6,"p1id":"toastycaesar","p2id":"punkmag","formatid":"gen9ou","rating":1408,"private":0,"password":""}