{"id":"gen9ou-1992405717","p1":"Princessu","p2":"Men Hugging","format":"[Gen 9] OU","log":"|j|\u2606Princessu\n|j|\u2606Men Hugging\n|t:|1700183795\n|gametype|singles\n|player|p1|Princessu|erika|1553\n|player|p2|Men Hugging|swimmer-gen4|1518\n|teamsize|p1|6\n|teamsize|p2|6\n|gen|9\n|tier|[Gen 9] OU\n|rated|\n|rule|Sleep Clause Mod: Limit one foe put to sleep\n|rule|Species Clause: Limit one of each Pok\u00e9mon\n|rule|OHKO Clause: OHKO moves are banned\n|rule|Evasion Items Clause: Evasion items are banned\n|rule|Evasion Moves Clause: Evasion moves are banned\n|rule|Endless Battle Clause: Forcing endless battles is banned\n|rule|HP Percentage Mod: HP is shown in percentages\n|clearpoke\n|poke|p1|Ogerpon-Cornerstone, F|\n|poke|p1|Iron Valiant|\n|poke|p1|Moltres-Galar|\n|poke|p1|Landorus-Therian, M|\n|poke|p1|Manaphy|\n|poke|p1|Indeedee-F, F|\n|poke|p2|Ogerpon, F|\n|poke|p2|Moltres|\n|poke|p2|Great Tusk|\n|poke|p2|Kingambit, F|\n|poke|p2|Greninja-*, M|\n|poke|p2|Dragapult, F|\n|teampreview\n|inactive|Battle timer is ON: inactive players will automatically lose when time's up. (requested by Men Hugging)\n|\n|t:|1700183817\n|start\n|switch|p1a: Landorus|Landorus-Therian, M|100\/100\n|switch|p2a: Gooberpon|Ogerpon, F|100\/100\n|-ability|p1a: Landorus|Intimidate|boost\n|-unboost|p2a: Gooberpon|atk|1\n|-ability|p2a: Gooberpon|Defiant|boost\n|-boost|p2a: Gooberpon|atk|2\n|turn|1\n|inactive|Men Hugging has 120 seconds left.\n|\n|t:|1700183869\n|move|p2a: Gooberpon|Swords Dance|p2a: Gooberpon\n|-boost|p2a: Gooberpon|atk|2\n|move|p1a: Landorus|U-turn|p2a: Gooberpon\n|-supereffective|p2a: Gooberpon\n|-damage|p2a: Gooberpon|0 fnt\n|faint|p2a: Gooberpon\n|\n|t:|1700183878\n|switch|p1a: Indeedee|Indeedee-F, F|100\/100|[from] U-turn\n|-fieldstart|move: Psychic Terrain|[from] ability: Psychic Surge|[of] p1a: Indeedee\n|\n|upkeep\n|inactive|Men Hugging has 90 seconds left.\n|\n|t:|1700183925\n|switch|p2a: Kingambit|Kingambit, F|100\/100\n|-activate|p2a: Kingambit|ability: Supreme Overlord\n|-start|p2a: Kingambit|fallen1|[silent]\n|turn|2\n|\n|t:|1700183929\n|move|p1a: Indeedee|Trick|p2a: Kingambit\n|-activate|p1a: Indeedee|move: Trick|[of] p2a: Kingambit\n|-item|p2a: Kingambit|Choice Scarf|[from] move: Trick\n|-item|p1a: Indeedee|Leftovers|[from] move: Trick\n|move|p2a: Kingambit|Iron Head|p1a: Indeedee\n|-damage|p1a: Indeedee|32\/100\n|\n|-heal|p1a: Indeedee|38\/100|[from] item: Leftovers\n|upkeep\n|turn|3\n|\n|t:|1700183938\n|move|p2a: Kingambit|Iron Head|p1a: Indeedee\n|-damage|p1a: Indeedee|0 fnt\n|faint|p1a: Indeedee\n|\n|upkeep\n|\n|t:|1700183945\n|switch|p1a: Landorus|Landorus-Therian, M|100\/100\n|-ability|p1a: Landorus|Intimidate|boost\n|-unboost|p2a: Kingambit|atk|1\n|turn|4\n|inactive|Men Hugging has 90 seconds left.\n|\n|t:|1700183958\n|-end|p2a: Kingambit|fallen1|[silent]\n|switch|p2a: Great Tusk|Great Tusk|100\/100\n|move|p1a: Landorus|Earthquake|p2a: Great Tusk\n|-damage|p2a: Great Tusk|41\/100\n|\n|-heal|p2a: Great Tusk|48\/100|[from] item: Leftovers\n|upkeep\n|turn|5\n|\n|t:|1700183963\n|move|p1a: Landorus|Earthquake|p2a: Great Tusk\n|-damage|p2a: Great Tusk|0 fnt\n|faint|p2a: Great Tusk\n|-end|p2a: Great Tusk|Protosynthesis|[silent]\n|\n|-fieldend|move: Psychic Terrain\n|upkeep\n|\n|t:|1700183966\n|switch|p2a: Moltres|Moltres|100\/100\n|turn|6\n|\n|t:|1700183972\n|switch|p1a: Manaphy|Manaphy, shiny|100\/100\n|move|p2a: Moltres|U-turn|p1a: Manaphy\n|-damage|p1a: Manaphy|88\/100\n|\n|t:|1700183977\n|switch|p2a: Dragapult|Dragapult, F|100\/100|[from] U-turn\n|\n|-heal|p1a: Manaphy|94\/100|[from] item: Leftovers\n|upkeep\n|turn|7\n|\n|t:|1700183981\n|move|p2a: Dragapult|Shadow Ball|p1a: Manaphy\n|-damage|p1a: Manaphy|49\/100\n|move|p1a: Manaphy|Ice Beam|p2a: Dragapult\n|-supereffective|p2a: Dragapult\n|-damage|p2a: Dragapult|25\/100\n|\n|-heal|p1a: Manaphy|55\/100|[from] item: Leftovers\n|upkeep\n|turn|8\n|\n|t:|1700183988\n|move|p2a: Dragapult|Shadow Ball|p1a: Manaphy\n|-damage|p1a: Manaphy|11\/100\n|move|p1a: Manaphy|Ice Beam|p2a: Dragapult\n|-supereffective|p2a: Dragapult\n|-damage|p2a: Dragapult|0 fnt\n|faint|p2a: Dragapult\n|\n|-heal|p1a: Manaphy|17\/100|[from] item: Leftovers\n|upkeep\n|\n|t:|1700183993\n|switch|p2a: Greninja|Greninja, M|100\/100\n|turn|9\n|\n|t:|1700184009\n|move|p2a: Greninja|Surf|p1a: Manaphy\n|-resisted|p1a: Manaphy\n|-damage|p1a: Manaphy|0 fnt\n|faint|p1a: Manaphy\n|-ability|p2a: Greninja|Battle Bond|boost\n|-boost|p2a: Greninja|atk|1\n|-boost|p2a: Greninja|spa|1\n|-boost|p2a: Greninja|spe|1\n|-activate|p2a: Greninja|ability: Battle Bond\n|-damage|p2a: Greninja|91\/100|[from] item: Life Orb\n|\n|upkeep\n|\n|t:|1700184016\n|switch|p1a: Ogerpon|Ogerpon-Cornerstone, F|100\/100\n|turn|10\n|\n|t:|1700184025\n|-terastallize|p2a: Greninja|Water\n|move|p2a: Greninja|Water Shuriken|p1a: Ogerpon\n|-damage|p1a: Ogerpon|79\/100\n|-damage|p1a: Ogerpon|57\/100\n|-damage|p1a: Ogerpon|36\/100\n|-crit|p1a: Ogerpon\n|-damage|p1a: Ogerpon|4\/100\n|-damage|p1a: Ogerpon|0 fnt\n|faint|p1a: Ogerpon\n|-hitcount|p1: Ogerpon|5\n|-damage|p2a: Greninja|81\/100|[from] item: Life Orb\n|\n|upkeep\n|\n|t:|1700184043\n|switch|p1a: Moltres|Moltres-Galar, shiny|100\/100\n|turn|11\n|\n|t:|1700184051\n|-terastallize|p1a: Moltres|Fairy\n|move|p2a: Greninja|Surf|p1a: Moltres\n|-damage|p1a: Moltres|15\/100\n|-ability|p1a: Moltres|Berserk|boost\n|-boost|p1a: Moltres|spa|1\n|-damage|p2a: Greninja|71\/100|[from] item: Life Orb\n|-enditem|p1a: Moltres|Sitrus Berry|[eat]\n|-heal|p1a: Moltres|39\/100|[from] item: Sitrus Berry\n|move|p1a: Moltres|Agility|p1a: Moltres\n|-boost|p1a: Moltres|spe|2\n|\n|upkeep\n|turn|12\n|\n|t:|1700184062\n|move|p2a: Greninja|Water Shuriken|p1a: Moltres\n|-damage|p1a: Moltres|22\/100\n|-damage|p1a: Moltres|8\/100\n|-damage|p1a: Moltres|0 fnt\n|faint|p1a: Moltres\n|-hitcount|p1: Moltres|3\n|-damage|p2a: Greninja|61\/100|[from] item: Life Orb\n|\n|upkeep\n|\n|t:|1700184071\n|switch|p1a: Landorus|Landorus-Therian, M|100\/100\n|-ability|p1a: Landorus|Intimidate|boost\n|-unboost|p2a: Greninja|atk|1\n|turn|13\n|\n|t:|1700184075\n|move|p2a: Greninja|Surf|p1a: Landorus\n|-supereffective|p1a: Landorus\n|-damage|p1a: Landorus|0 fnt\n|faint|p1a: Landorus\n|-damage|p2a: Greninja|51\/100|[from] item: Life Orb\n|\n|upkeep\n|\n|t:|1700184078\n|switch|p1a: Iron Valiant|Iron Valiant|100\/100\n|-enditem|p1a: Iron Valiant|Booster Energy\n|-activate|p1a: Iron Valiant|ability: Quark Drive|[fromitem]\n|-start|p1a: Iron Valiant|quarkdrivespe\n|turn|14\n|\n|t:|1700184080\n|move|p2a: Greninja|Surf|p1a: Iron Valiant\n|-damage|p1a: Iron Valiant|0 fnt\n|faint|p1a: Iron Valiant\n|-end|p1a: Iron Valiant|Quark Drive|[silent]\n|-damage|p2a: Greninja|42\/100|[from] item: Life Orb\n|\n|win|Men Hugging\n|raw|Princessu's rating: 1553 &rarr; <strong>1531<\/strong><br \/>(-22 for losing)\n|raw|Men Hugging's rating: 1518 &rarr; <strong>1540<\/strong><br \/>(+22 for winning)\n|l|\u2606Princessu\n","uploadtime":1700184085,"views":30,"p1id":"princessu","p2id":"menhugging","formatid":"gen9ou","rating":1531,"private":0,"password":""}