{"id":"gen9ou-1996361243","p1":"RollingDanHabibi","p2":"Coeli","format":"[Gen 9] OU","log":"|j|\u2606RollingDanHabibi\n|j|\u2606Coeli\n|t:|1700674713\n|gametype|singles\n|player|p1|RollingDanHabibi|colress|1377\n|player|p2|Coeli|swimmer-gen7|1304\n|teamsize|p1|6\n|teamsize|p2|6\n|gen|9\n|tier|[Gen 9] OU\n|rated|\n|rule|Sleep Clause Mod: Limit one foe put to sleep\n|rule|Species Clause: Limit one of each Pok\u00e9mon\n|rule|OHKO Clause: OHKO moves are banned\n|rule|Evasion Items Clause: Evasion items are banned\n|rule|Evasion Moves Clause: Evasion moves are banned\n|rule|Endless Battle Clause: Forcing endless battles is banned\n|rule|HP Percentage Mod: HP is shown in percentages\n|clearpoke\n|poke|p1|Kingambit, M|\n|poke|p1|Corviknight, M|\n|poke|p1|Iron Moth|\n|poke|p1|Ogerpon-Wellspring, F|\n|poke|p1|Zamazenta-*|\n|poke|p1|Cinderace, F|\n|poke|p2|Glimmora, M|\n|poke|p2|Ribombee, F|\n|poke|p2|Ogerpon, F|\n|poke|p2|Manaphy|\n|poke|p2|Ceruledge, F|\n|poke|p2|Iron Valiant|\n|teampreview\n|inactive|Battle timer is ON: inactive players will automatically lose when time's up. (requested by RollingDanHabibi)\n|inactive|Coeli has 120 seconds left.\n|inactive|RollingDanHabibi has 120 seconds left.\n|\n|t:|1700674757\n|start\n|switch|p1a: Ogerpon|Ogerpon-Wellspring, F|100\/100\n|switch|p2a: Iron Valiant|Iron Valiant|100\/100\n|turn|1\n|\n|t:|1700674773\n|-end|p2a: Iron Valiant|Quark Drive|[silent]\n|switch|p2a: Ogerpon|Ogerpon, F|100\/100\n|move|p1a: Ogerpon|Trailblaze|p2a: Ogerpon\n|-resisted|p2a: Ogerpon\n|-damage|p2a: Ogerpon|83\/100\n|-boost|p1a: Ogerpon|spe|1\n|\n|upkeep\n|turn|2\n|\n|t:|1700674782\n|switch|p1a: Biggest Bird|Corviknight, M|100\/100\n|move|p2a: Ogerpon|Swords Dance|p2a: Ogerpon\n|-boost|p2a: Ogerpon|atk|2\n|\n|upkeep\n|turn|3\n|\n|t:|1700674792\n|switch|p2a: Ceruledge|Ceruledge, F|100\/100\n|move|p1a: Biggest Bird|Brave Bird|p2a: Ceruledge\n|-damage|p2a: Ceruledge|49\/100\n|-ability|p2a: Ceruledge|Weak Armor|boost\n|-unboost|p2a: Ceruledge|def|1\n|-boost|p2a: Ceruledge|spe|2\n|-damage|p1a: Biggest Bird|88\/100|[from] Recoil\n|\n|upkeep\n|turn|4\n|\n|t:|1700674809\n|move|p2a: Ceruledge|Destiny Bond|p2a: Ceruledge\n|-singlemove|p2a: Ceruledge|Destiny Bond\n|move|p1a: Biggest Bird|Brave Bird|p2a: Ceruledge\n|-damage|p2a: Ceruledge|0 fnt\n|faint|p2a: Ceruledge\n|-activate|p2a: Ceruledge|move: Destiny Bond\n|faint|p1a: Biggest Bird\n|\n|upkeep\n|\n|t:|1700674836\n|switch|p2a: Ogerpon|Ogerpon, F|83\/100\n|switch|p1a: Death Dealer|Iron Moth|100\/100\n|-enditem|p1a: Death Dealer|Booster Energy\n|-activate|p1a: Death Dealer|ability: Quark Drive|[fromitem]\n|-start|p1a: Death Dealer|quarkdrivespe\n|turn|5\n|\n|t:|1700674849\n|switch|p2a: Manaphy|Manaphy|100\/100\n|move|p1a: Death Dealer|Fiery Dance|p2a: Manaphy\n|-resisted|p2a: Manaphy\n|-damage|p2a: Manaphy|79\/100\n|\n|-heal|p2a: Manaphy|85\/100|[from] item: Leftovers\n|upkeep\n|turn|6\n|\n|t:|1700674861\n|-end|p1a: Death Dealer|Quark Drive|[silent]\n|switch|p1a: Ogerpon|Ogerpon-Wellspring, F|100\/100\n|move|p2a: Manaphy|Tail Glow|p2a: Manaphy\n|-boost|p2a: Manaphy|spa|3\n|\n|-heal|p2a: Manaphy|91\/100|[from] item: Leftovers\n|upkeep\n|turn|7\n|\n|t:|1700674879\n|move|p1a: Ogerpon|Trailblaze|p2a: Manaphy\n|-supereffective|p2a: Manaphy\n|-damage|p2a: Manaphy|33\/100\n|-boost|p1a: Ogerpon|spe|1\n|move|p2a: Manaphy|Ice Beam|p1a: Ogerpon\n|-damage|p1a: Ogerpon|31\/100\n|\n|-heal|p2a: Manaphy|39\/100|[from] item: Leftovers\n|upkeep\n|turn|8\n|inactive|Coeli has 120 seconds left.\n|\n|t:|1700674912\n|move|p1a: Ogerpon|Horn Leech|p2a: Manaphy\n|-supereffective|p2a: Manaphy\n|-damage|p2a: Manaphy|0 fnt\n|-heal|p1a: Ogerpon|53\/100|[from] drain|[of] p2a: Manaphy\n|faint|p2a: Manaphy\n|\n|upkeep\n|\n|t:|1700674921\n|switch|p2a: Iron Valiant|Iron Valiant|100\/100\n|turn|9\n|\n|t:|1700674925\n|move|p1a: Ogerpon|Ivy Cudgel|p2a: Iron Valiant|[anim] Ivy Cudgel Water\n|-damage|p2a: Iron Valiant|24\/100\n|move|p2a: Iron Valiant|Moonblast|p1a: Ogerpon\n|-damage|p1a: Ogerpon|1\/100\n|\n|upkeep\n|turn|10\n|inactive|Coeli has 120 seconds left.\n|\n|t:|1700674940\n|move|p1a: Ogerpon|Horn Leech|p2a: Iron Valiant\n|-damage|p2a: Iron Valiant|0 fnt\n|-heal|p1a: Ogerpon|13\/100|[from] drain|[of] p2a: Iron Valiant\n|faint|p2a: Iron Valiant\n|-end|p2a: Iron Valiant|Quark Drive|[silent]\n|\n|upkeep\n|\n|t:|1700674954\n|switch|p2a: Ogerpon|Ogerpon, F|83\/100\n|turn|11\n|\n|t:|1700674965\n|move|p1a: Ogerpon|Ivy Cudgel|p2a: Ogerpon|[anim] Ivy Cudgel Water\n|-resisted|p2a: Ogerpon\n|-damage|p2a: Ogerpon|46\/100\n|move|p2a: Ogerpon|Swords Dance|p2a: Ogerpon\n|-boost|p2a: Ogerpon|atk|2\n|\n|upkeep\n|turn|12\n|\n|t:|1700674973\n|move|p2a: Ogerpon|Spiky Shield|p2a: Ogerpon\n|-singleturn|p2a: Ogerpon|move: Protect\n|move|p1a: Ogerpon|Ivy Cudgel|p2a: Ogerpon|[anim] Ivy Cudgel Water\n|-activate|p2a: Ogerpon|move: Protect\n|\n|upkeep\n|turn|13\n|\n|t:|1700674983\n|move|p1a: Ogerpon|Ivy Cudgel|p2a: Ogerpon|[anim] Ivy Cudgel Water\n|-resisted|p2a: Ogerpon\n|-damage|p2a: Ogerpon|8\/100\n|move|p2a: Ogerpon|Ivy Cudgel|p1a: Ogerpon\n|-damage|p1a: Ogerpon|0 fnt\n|faint|p1a: Ogerpon\n|\n|upkeep\n|\n|t:|1700674990\n|switch|p1a: Death Dealer|Iron Moth|100\/100\n|turn|14\n|\n|t:|1700674996\n|-terastallize|p2a: Ogerpon|Grass\n|detailschange|p2a: Ogerpon|Ogerpon-Teal-Tera, F, tera:Grass\n|-ability|p2a: Ogerpon|Embody Aspect (Teal)|boost\n|-boost|p2a: Ogerpon|spe|1\n|move|p2a: Ogerpon|Stomping Tantrum|p1a: Death Dealer\n|-supereffective|p1a: Death Dealer\n|-damage|p1a: Death Dealer|0 fnt\n|faint|p1a: Death Dealer\n|-end|p1a: Death Dealer|Quark Drive|[silent]\n|\n|upkeep\n|\n|t:|1700675009\n|switch|p1a: COUNTER|Kingambit, M|100\/100\n|-activate|p1a: COUNTER|ability: Supreme Overlord\n|-start|p1a: COUNTER|fallen3|[silent]\n|turn|15\n|\n|t:|1700675018\n|move|p1a: COUNTER|Sucker Punch||[still]\n|-fail|p1a: COUNTER\n|move|p2a: Ogerpon|Swords Dance|p2a: Ogerpon\n|-boost|p2a: Ogerpon|atk|2\n|\n|upkeep\n|turn|16\n|\n|t:|1700675024\n|move|p1a: COUNTER|Sucker Punch|p2a: Ogerpon\n|-damage|p2a: Ogerpon|0 fnt\n|faint|p2a: Ogerpon\n|\n|upkeep\n|\n|t:|1700675036\n|switch|p2a: Glimmora|Glimmora, M|100\/100\n|-item|p2a: Glimmora|Air Balloon\n|turn|17\n|\n|t:|1700675045\n|-terastallize|p1a: COUNTER|Flying\n|move|p2a: Glimmora|Toxic|p1a: COUNTER\n|-status|p1a: COUNTER|tox\n|move|p1a: COUNTER|Swords Dance|p1a: COUNTER\n|-boost|p1a: COUNTER|atk|2\n|\n|-damage|p1a: COUNTER|94\/100 tox|[from] psn\n|upkeep\n|turn|18\n|\n|t:|1700675056\n|move|p1a: COUNTER|Sucker Punch||[still]\n|-fail|p1a: COUNTER\n|move|p2a: Glimmora|Stealth Rock|p1a: COUNTER\n|-sidestart|p1: RollingDanHabibi|move: Stealth Rock\n|\n|-damage|p1a: COUNTER|82\/100 tox|[from] psn\n|upkeep\n|turn|19\n|\n|t:|1700675071\n|move|p1a: COUNTER|Sucker Punch|p2a: Glimmora\n|-damage|p2a: Glimmora|0 fnt\n|-enditem|p2a: Glimmora|Air Balloon\n|faint|p2a: Glimmora\n|\n|-damage|p1a: COUNTER|64\/100 tox|[from] psn\n|upkeep\n|\n|t:|1700675078\n|switch|p2a: Ribombee|Ribombee, F|100\/100\n|turn|20\n|\n|t:|1700675087\n|move|p1a: COUNTER|Sucker Punch||[still]\n|-fail|p1a: COUNTER\n|move|p2a: Ribombee|Quiver Dance|p2a: Ribombee\n|-boost|p2a: Ribombee|spa|1\n|-boost|p2a: Ribombee|spd|1\n|-boost|p2a: Ribombee|spe|1\n|\n|-damage|p1a: COUNTER|39\/100 tox|[from] psn\n|upkeep\n|turn|21\n|\n|t:|1700675097\n|move|p2a: Ribombee|Moonblast|p1a: COUNTER\n|-damage|p1a: COUNTER|0 fnt\n|faint|p1a: COUNTER\n|-end|p1a: COUNTER|fallen3|[silent]\n|\n|upkeep\n|\n|t:|1700675101\n|switch|p1a: Cinderace|Cinderace, F|100\/100\n|turn|22\n|\n|t:|1700675112\n|move|p2a: Ribombee|Stored Power|p1a: Cinderace\n|-damage|p1a: Cinderace|58\/100\n|move|p1a: Cinderace|Pyro Ball|p2a: Ribombee\n|-supereffective|p2a: Ribombee\n|-enditem|p2a: Ribombee|Focus Sash\n|-damage|p2a: Ribombee|1\/100\n|\n|upkeep\n|turn|23\n|\n|t:|1700675134\n|move|p2a: Ribombee|Stored Power|p1a: Cinderace\n|-crit|p1a: Cinderace\n|-damage|p1a: Cinderace|0 fnt\n|faint|p1a: Cinderace\n|\n|upkeep\n|c|\u2606RollingDanHabibi|wh\n|c|\u2606RollingDanHabibi|fuck\n|\n|t:|1700675142\n|switch|p1a: Zamazenta|Zamazenta, shiny|100\/100\n|-damage|p1a: Zamazenta|94\/100|[from] Stealth Rock\n|-ability|p1a: Zamazenta|Dauntless Shield|boost\n|-boost|p1a: Zamazenta|def|1\n|turn|24\n|\n|t:|1700675154\n|move|p2a: Ribombee|Moonblast|p1a: Zamazenta\n|-supereffective|p1a: Zamazenta\n|-damage|p1a: Zamazenta|0 fnt\n|faint|p1a: Zamazenta\n|\n|win|Coeli\n|raw|RollingDanHabibi's rating: 1377 &rarr; <strong>1353<\/strong><br \/>(-24 for losing)\n|raw|Coeli's rating: 1304 &rarr; <strong>1328<\/strong><br \/>(+24 for winning)\n|c|\u2606Coeli|gg I'm sorry.\n|l|\u2606RollingDanHabibi\n|c|\u2606Coeli|I should have fished an extra quiver dance to guarantee a cindy ko.\n","uploadtime":1700675386,"views":7,"p1id":"rollingdanhabibi","p2id":"coeli","formatid":"gen9ou","rating":1328,"private":0,"password":""}