{"id":"gen9ou-1992784613","p1":"SR Lightie","p2":"TheNutmeg33","format":"[Gen 9] OU","log":"|j|\u2606SR Lightie\n|j|\u2606TheNutmeg33\n|t:|1700235185\n|gametype|singles\n|player|p1|SR Lightie|richboy|1563\n|player|p2|TheNutmeg33|170|1532\n|teamsize|p1|6\n|teamsize|p2|6\n|gen|9\n|tier|[Gen 9] OU\n|rated|\n|rule|Sleep Clause Mod: Limit one foe put to sleep\n|rule|Species Clause: Limit one of each Pok\u00e9mon\n|rule|OHKO Clause: OHKO moves are banned\n|rule|Evasion Items Clause: Evasion items are banned\n|rule|Evasion Moves Clause: Evasion moves are banned\n|rule|Endless Battle Clause: Forcing endless battles is banned\n|rule|HP Percentage Mod: HP is shown in percentages\n|clearpoke\n|poke|p1|Gengar, M|\n|poke|p1|Avalugg, F|\n|poke|p1|Salamence, M|\n|poke|p1|Greninja-*, M|\n|poke|p1|Tyranitar, M|\n|poke|p1|Umbreon, M|\n|poke|p2|Iron Moth|\n|poke|p2|Great Tusk|\n|poke|p2|Ceruledge, M|\n|poke|p2|Garganacl, M|\n|poke|p2|Clodsire, F|\n|poke|p2|Corviknight, M|\n|teampreview\n|inactive|Battle timer is ON: inactive players will automatically lose when time's up. (requested by TheNutmeg33)\n|\n|t:|1700235191\n|start\n|switch|p1a: Salamence|Salamence, M|100\/100\n|switch|p2a: Garganacl|Garganacl, M, shiny|100\/100\n|-ability|p1a: Salamence|Intimidate|boost\n|-unboost|p2a: Garganacl|atk|1\n|turn|1\n|\n|t:|1700235204\n|-terastallize|p2a: Garganacl|Ghost\n|move|p1a: Salamence|Hydro Pump|p2a: Garganacl\n|-damage|p2a: Garganacl|71\/100\n|move|p2a: Garganacl|Salt Cure|p1a: Salamence\n|-supereffective|p1a: Salamence\n|-damage|p1a: Salamence|80\/100\n|-start|p1a: Salamence|Salt Cure\n|\n|-heal|p2a: Garganacl|77\/100|[from] item: Leftovers\n|-damage|p1a: Salamence|68\/100|[from] Salt Cure\n|upkeep\n|turn|2\n|\n|t:|1700235209\n|switch|p1a: Gengar|Gengar, M|100\/100\n|move|p2a: Garganacl|Salt Cure|p1a: Gengar\n|-damage|p1a: Gengar|82\/100\n|-start|p1a: Gengar|Salt Cure\n|-start|p2a: Garganacl|Disable|Salt Cure|[from] ability: Cursed Body|[of] p1a: Gengar\n|\n|-heal|p2a: Garganacl|83\/100|[from] item: Leftovers\n|-damage|p1a: Gengar|70\/100|[from] Salt Cure\n|upkeep\n|turn|3\n|\n|t:|1700235213\n|move|p2a: Garganacl|Protect|p2a: Garganacl\n|-singleturn|p2a: Garganacl|Protect\n|move|p1a: Gengar|Trick|p2a: Garganacl\n|-activate|p2a: Garganacl|move: Protect\n|\n|-heal|p2a: Garganacl|90\/100|[from] item: Leftovers\n|-damage|p1a: Gengar|57\/100|[from] Salt Cure\n|upkeep\n|turn|4\n|\n|t:|1700235216\n|switch|p1a: Tyranitar|Tyranitar, M|100\/100\n|-weather|Sandstorm|[from] ability: Sand Stream|[of] p1a: Tyranitar\n|switch|p2a: Clodsire|Clodsire, F, shiny|100\/100\n|\n|-weather|Sandstorm|[upkeep]\n|upkeep\n|turn|5\n|\n|t:|1700235222\n|move|p1a: Tyranitar|Knock Off|p2a: Clodsire\n|-damage|p2a: Clodsire|36\/100\n|-enditem|p2a: Clodsire|Black Sludge|[from] move: Knock Off|[of] p1a: Tyranitar\n|move|p2a: Clodsire|Toxic|p1a: Tyranitar\n|-status|p1a: Tyranitar|tox\n|\n|-weather|Sandstorm|[upkeep]\n|-damage|p1a: Tyranitar|94\/100 tox|[from] psn\n|upkeep\n|turn|6\n|\n|t:|1700235231\n|switch|p2a: Corviknight|Corviknight, M, shiny|100\/100\n|-ability|p2a: Corviknight|Pressure\n|move|p1a: Tyranitar|Ice Punch|p2a: Corviknight\n|-damage|p2a: Corviknight|84\/100\n|-damage|p1a: Tyranitar|78\/100 tox|[from] item: Rocky Helmet|[of] p2a: Corviknight\n|\n|-weather|Sandstorm|[upkeep]\n|-damage|p1a: Tyranitar|65\/100 tox|[from] psn\n|upkeep\n|turn|7\n|\n|t:|1700235234\n|switch|p1a: Salamence|Salamence, M|68\/100\n|-ability|p1a: Salamence|Intimidate|boost\n|-unboost|p2a: Corviknight|atk|1\n|move|p2a: Corviknight|U-turn|p1a: Salamence\n|-resisted|p1a: Salamence\n|-damage|p1a: Salamence|63\/100\n|\n|t:|1700235238\n|switch|p2a: Garganacl|Garganacl, M, shiny, tera:Ghost|90\/100|[from] U-turn\n|\n|-weather|Sandstorm|[upkeep]\n|-damage|p1a: Salamence|57\/100|[from] Sandstorm\n|-damage|p2a: Garganacl|83\/100|[from] Sandstorm\n|-heal|p2a: Garganacl|90\/100|[from] item: Leftovers\n|upkeep\n|turn|8\n|\n|t:|1700235244\n|switch|p1a: Umbreon|Umbreon, M, shiny|100\/100\n|move|p2a: Garganacl|Salt Cure|p1a: Umbreon\n|-damage|p1a: Umbreon|89\/100\n|\n|-weather|none\n|-heal|p2a: Garganacl|96\/100|[from] item: Leftovers\n|upkeep\n|turn|9\n|\n|t:|1700235249\n|move|p1a: Umbreon|Curse|p1a: Umbreon\n|-unboost|p1a: Umbreon|spe|1\n|-boost|p1a: Umbreon|atk|1\n|-boost|p1a: Umbreon|def|1\n|move|p2a: Garganacl|Stealth Rock|p1a: Umbreon\n|-sidestart|p1: SR Lightie|move: Stealth Rock\n|\n|-heal|p2a: Garganacl|100\/100|[from] item: Leftovers\n|upkeep\n|turn|10\n|\n|t:|1700235252\n|switch|p2a: Clodsire|Clodsire, F, shiny|36\/100\n|move|p1a: Umbreon|Crunch|p2a: Clodsire\n|-damage|p2a: Clodsire|1\/100\n|\n|upkeep\n|turn|11\n|\n|t:|1700235259\n|switch|p1a: Tyranitar|Tyranitar, M|65\/100 tox\n|-damage|p1a: Tyranitar|53\/100 tox|[from] Stealth Rock\n|-weather|Sandstorm|[from] ability: Sand Stream|[of] p1a: Tyranitar\n|move|p2a: Clodsire|Toxic|p1a: Tyranitar\n|-fail|p1a: Tyranitar|tox\n|\n|-weather|Sandstorm|[upkeep]\n|-damage|p1a: Tyranitar|47\/100 tox|[from] psn\n|upkeep\n|turn|12\n|\n|t:|1700235265\n|move|p1a: Tyranitar|Knock Off|p2a: Clodsire\n|-damage|p2a: Clodsire|0 fnt\n|faint|p2a: Clodsire\n|\n|-weather|Sandstorm|[upkeep]\n|-damage|p1a: Tyranitar|34\/100 tox|[from] psn\n|upkeep\n|\n|t:|1700235276\n|switch|p2a: Great Tusk|Great Tusk, shiny|100\/100\n|turn|13\n|\n|t:|1700235280\n|switch|p1a: Salamence|Salamence, M|57\/100\n|-damage|p1a: Salamence|32\/100|[from] Stealth Rock\n|-ability|p1a: Salamence|Intimidate|boost\n|-unboost|p2a: Great Tusk|atk|1\n|move|p2a: Great Tusk|Rapid Spin|p1a: Salamence\n|-damage|p1a: Salamence|18\/100\n|-boost|p2a: Great Tusk|spe|1\n|\n|-weather|Sandstorm|[upkeep]\n|-damage|p1a: Salamence|12\/100|[from] Sandstorm\n|upkeep\n|turn|14\n|\n|t:|1700235283\n|switch|p1a: Avalugg|Avalugg, F|100\/100\n|move|p2a: Great Tusk|Ice Spinner|p1a: Avalugg\n|-resisted|p1a: Avalugg\n|-damage|p1a: Avalugg|97\/100\n|\n|-weather|Sandstorm|[upkeep]\n|-damage|p1a: Avalugg|91\/100|[from] Sandstorm\n|upkeep\n|turn|15\n|\n|t:|1700235286\n|move|p2a: Great Tusk|Close Combat|p1a: Avalugg\n|-supereffective|p1a: Avalugg\n|-damage|p1a: Avalugg|55\/100\n|-unboost|p2a: Great Tusk|def|1\n|-unboost|p2a: Great Tusk|spd|1\n|move|p1a: Avalugg|Ice Spinner|p2a: Great Tusk\n|-supereffective|p2a: Great Tusk\n|-damage|p2a: Great Tusk|27\/100\n|\n|-weather|none\n|upkeep\n|turn|16\n|\n|t:|1700235292\n|-end|p2a: Great Tusk|Protosynthesis|[silent]\n|switch|p2a: Garganacl|Garganacl, M, shiny, tera:Ghost|100\/100\n|move|p1a: Avalugg|Recover|p1a: Avalugg\n|-heal|p1a: Avalugg|100\/100\n|\n|upkeep\n|turn|17\n|\n|t:|1700235297\n|switch|p1a: Tyranitar|Tyranitar, M|34\/100 tox\n|-damage|p1a: Tyranitar|22\/100 tox|[from] Stealth Rock\n|-weather|Sandstorm|[from] ability: Sand Stream|[of] p1a: Tyranitar\n|move|p2a: Garganacl|Salt Cure|p1a: Tyranitar\n|-damage|p1a: Tyranitar|12\/100 tox\n|-start|p1a: Tyranitar|Salt Cure\n|\n|-weather|Sandstorm|[upkeep]\n|-damage|p2a: Garganacl|94\/100|[from] Sandstorm\n|-heal|p2a: Garganacl|100\/100|[from] item: Leftovers\n|-damage|p1a: Tyranitar|6\/100 tox|[from] psn\n|-damage|p1a: Tyranitar|0 fnt|[from] Salt Cure\n|faint|p1a: Tyranitar\n|upkeep\n|\n|t:|1700235303\n|switch|p1a: Gengar|Gengar, M|57\/100\n|-damage|p1a: Gengar|45\/100|[from] Stealth Rock\n|turn|18\n|\n|t:|1700235308\n|move|p2a: Garganacl|Protect|p2a: Garganacl\n|-singleturn|p2a: Garganacl|Protect\n|move|p1a: Gengar|Trick|p2a: Garganacl\n|-activate|p2a: Garganacl|move: Protect\n|\n|-weather|Sandstorm|[upkeep]\n|-damage|p1a: Gengar|39\/100|[from] Sandstorm\n|-damage|p2a: Garganacl|94\/100|[from] Sandstorm\n|-heal|p2a: Garganacl|100\/100|[from] item: Leftovers\n|upkeep\n|turn|19\n|\n|t:|1700235316\n|switch|p2a: Great Tusk|Great Tusk, shiny|27\/100\n|move|p1a: Gengar|Trick|p2a: Great Tusk\n|-activate|p1a: Gengar|move: Trick|[of] p2a: Great Tusk\n|-item|p2a: Great Tusk|Choice Scarf|[from] move: Trick\n|-item|p1a: Gengar|Heavy-Duty Boots|[from] move: Trick\n|\n|-weather|Sandstorm|[upkeep]\n|-damage|p1a: Gengar|33\/100|[from] Sandstorm\n|upkeep\n|turn|20\n|\n|t:|1700235321\n|switch|p1a: Avalugg|Avalugg, F|100\/100\n|move|p2a: Great Tusk|Headlong Rush|p1a: Avalugg\n|-damage|p1a: Avalugg|74\/100\n|-unboost|p2a: Great Tusk|def|1\n|-unboost|p2a: Great Tusk|spd|1\n|\n|-weather|Sandstorm|[upkeep]\n|-damage|p1a: Avalugg|68\/100|[from] Sandstorm\n|upkeep\n|turn|21\n|\n|t:|1700235325\n|-end|p2a: Great Tusk|Protosynthesis|[silent]\n|switch|p2a: Garganacl|Garganacl, M, shiny, tera:Ghost|100\/100\n|move|p1a: Avalugg|Ice Spinner|p2a: Garganacl\n|-damage|p2a: Garganacl|82\/100\n|\n|-weather|none\n|-heal|p2a: Garganacl|89\/100|[from] item: Leftovers\n|upkeep\n|turn|22\n|\n|t:|1700235329\n|switch|p1a: Umbreon|Umbreon, M, shiny|89\/100\n|-damage|p1a: Umbreon|76\/100|[from] Stealth Rock\n|move|p2a: Garganacl|Salt Cure|p1a: Umbreon\n|-damage|p1a: Umbreon|64\/100\n|\n|-heal|p2a: Garganacl|95\/100|[from] item: Leftovers\n|upkeep\n|turn|23\n|\n|t:|1700235332\n|switch|p2a: Great Tusk|Great Tusk, shiny|27\/100\n|move|p1a: Umbreon|Moonlight|p1a: Umbreon\n|-heal|p1a: Umbreon|100\/100\n|\n|upkeep\n|turn|24\n|\n|t:|1700235338\n|switch|p1a: Avalugg|Avalugg, F|68\/100\n|move|p2a: Great Tusk|Close Combat|p1a: Avalugg\n|-supereffective|p1a: Avalugg\n|-damage|p1a: Avalugg|14\/100\n|-unboost|p2a: Great Tusk|def|1\n|-unboost|p2a: Great Tusk|spd|1\n|\n|upkeep\n|turn|25\n|\n|t:|1700235341\n|move|p2a: Great Tusk|Close Combat|p1a: Avalugg\n|-supereffective|p1a: Avalugg\n|-damage|p1a: Avalugg|0 fnt\n|-unboost|p2a: Great Tusk|def|1\n|-unboost|p2a: Great Tusk|spd|1\n|faint|p1a: Avalugg\n|\n|upkeep\n|\n|t:|1700235344\n|switch|p1a: Greninja|Greninja, M|100\/100\n|-damage|p1a: Greninja|88\/100|[from] Stealth Rock\n|turn|26\n|\n|t:|1700235353\n|move|p2a: Great Tusk|Close Combat|p1a: Greninja\n|-supereffective|p1a: Greninja\n|-damage|p1a: Greninja|0 fnt\n|-unboost|p2a: Great Tusk|def|1\n|-unboost|p2a: Great Tusk|spd|1\n|faint|p1a: Greninja\n|\n|upkeep\n|\n|t:|1700235358\n|switch|p1a: Umbreon|Umbreon, M, shiny|100\/100\n|-damage|p1a: Umbreon|88\/100|[from] Stealth Rock\n|turn|27\n|\n|t:|1700235361\n|-terastallize|p1a: Umbreon|Fairy\n|move|p2a: Great Tusk|Close Combat|p1a: Umbreon\n|-resisted|p1a: Umbreon\n|-damage|p1a: Umbreon|60\/100\n|-unboost|p2a: Great Tusk|def|1\n|-unboost|p2a: Great Tusk|spd|1\n|move|p1a: Umbreon|Curse|p1a: Umbreon\n|-unboost|p1a: Umbreon|spe|1\n|-boost|p1a: Umbreon|atk|1\n|-boost|p1a: Umbreon|def|1\n|\n|upkeep\n|turn|28\n|\n|t:|1700235366\n|move|p2a: Great Tusk|Close Combat|p1a: Umbreon\n|-resisted|p1a: Umbreon\n|-damage|p1a: Umbreon|42\/100\n|-unboost|p2a: Great Tusk|def|1\n|-unboost|p2a: Great Tusk|spd|1\n|move|p1a: Umbreon|Moonlight|p1a: Umbreon\n|-heal|p1a: Umbreon|92\/100\n|\n|upkeep\n|turn|29\n|\n|t:|1700235369\n|move|p2a: Great Tusk|Close Combat|p1a: Umbreon\n|-resisted|p1a: Umbreon\n|-crit|p1a: Umbreon\n|-damage|p1a: Umbreon|55\/100\n|-unboost|p2a: Great Tusk|def|1\n|-unboost|p2a: Great Tusk|spd|1\n|move|p1a: Umbreon|Curse|p1a: Umbreon\n|-unboost|p1a: Umbreon|spe|1\n|-boost|p1a: Umbreon|atk|1\n|-boost|p1a: Umbreon|def|1\n|\n|upkeep\n|turn|30\n|\n|t:|1700235372\n|move|p2a: Great Tusk|Close Combat|p1a: Umbreon\n|-resisted|p1a: Umbreon\n|-damage|p1a: Umbreon|41\/100\n|move|p1a: Umbreon|Curse|p1a: Umbreon\n|-unboost|p1a: Umbreon|spe|1\n|-boost|p1a: Umbreon|atk|1\n|-boost|p1a: Umbreon|def|1\n|\n|upkeep\n|turn|31\n|\n|t:|1700235376\n|-activate|p2a: Great Tusk|move: Struggle\n|move|p2a: Great Tusk|Struggle|p1a: Umbreon\n|-crit|p1a: Umbreon\n|-damage|p1a: Umbreon|20\/100\n|-damage|p2a: Great Tusk|2\/100|[from] recoil\n|move|p1a: Umbreon|Moonlight|p1a: Umbreon\n|-heal|p1a: Umbreon|70\/100\n|\n|upkeep\n|turn|32\n|\n|t:|1700235379\n|-activate|p2a: Great Tusk|move: Struggle\n|move|p2a: Great Tusk|Struggle|p1a: Umbreon\n|-damage|p1a: Umbreon|64\/100\n|-damage|p2a: Great Tusk|0 fnt|[from] recoil\n|faint|p2a: Great Tusk\n|-end|p2a: Great Tusk|Protosynthesis|[silent]\n|move|p1a: Umbreon|Curse|p1a: Umbreon\n|-unboost|p1a: Umbreon|spe|1\n|-boost|p1a: Umbreon|atk|1\n|-boost|p1a: Umbreon|def|1\n|\n|upkeep\n|\n|t:|1700235383\n|switch|p2a: Iron Moth|Iron Moth|100\/100\n|-enditem|p2a: Iron Moth|Booster Energy\n|-activate|p2a: Iron Moth|ability: Quark Drive|[fromitem]\n|-start|p2a: Iron Moth|quarkdrivespe\n|turn|33\n|\n|t:|1700235384\n|move|p2a: Iron Moth|Sludge Wave|p1a: Umbreon\n|-supereffective|p1a: Umbreon\n|-damage|p1a: Umbreon|7\/100\n|move|p1a: Umbreon|Crunch|p2a: Iron Moth\n|-damage|p2a: Iron Moth|12\/100\n|\n|upkeep\n|turn|34\n|\n|t:|1700235387\n|move|p2a: Iron Moth|Sludge Wave|p1a: Umbreon\n|-supereffective|p1a: Umbreon\n|-damage|p1a: Umbreon|0 fnt\n|faint|p1a: Umbreon\n|\n|upkeep\n|-message|SR Lightie forfeited.\n|\n|win|TheNutmeg33\n|raw|SR Lightie's rating: 1563 &rarr; <strong>1541<\/strong><br \/>(-22 for losing)\n|raw|TheNutmeg33's rating: 1532 &rarr; <strong>1554<\/strong><br \/>(+22 for winning)\n|l|\u2606SR Lightie\n","uploadtime":1700235398,"views":29,"p1id":"srlightie","p2id":"thenutmeg33","formatid":"gen9ou","rating":1541,"private":0,"password":""}