{"id":"gen9ou-1992398897","p1":"Savage_Catalyst","p2":"europeangameing","format":"[Gen 9] OU","log":"|j|\u2606Savage_Catalyst\n|j|\u2606europeangameing\n|t:|1700183008\n|gametype|singles\n|player|p1|Savage_Catalyst|169|1296\n|player|p2|europeangameing|2|1315\n|teamsize|p1|6\n|teamsize|p2|6\n|gen|9\n|tier|[Gen 9] OU\n|rated|\n|rule|Sleep Clause Mod: Limit one foe put to sleep\n|rule|Species Clause: Limit one of each Pok\u00e9mon\n|rule|OHKO Clause: OHKO moves are banned\n|rule|Evasion Items Clause: Evasion items are banned\n|rule|Evasion Moves Clause: Evasion moves are banned\n|rule|Endless Battle Clause: Forcing endless battles is banned\n|rule|HP Percentage Mod: HP is shown in percentages\n|clearpoke\n|poke|p1|Pelipper, F|\n|poke|p1|Overqwil, F|\n|poke|p1|Poliwrath, M|\n|poke|p1|Iron Treads|\n|poke|p1|Zapdos|\n|poke|p1|Rillaboom, F|\n|poke|p2|Crawdaunt, F|\n|poke|p2|Rillaboom, F|\n|poke|p2|Rabsca, F|\n|poke|p2|Cinderace, F|\n|poke|p2|Sneasler, M|\n|poke|p2|Thundurus-Therian, M|\n|teampreview\n|\n|t:|1700183027\n|start\n|switch|p1a: Iron Treads|Iron Treads|100\/100\n|switch|p2a: Crawdaunt|Crawdaunt, F|100\/100\n|turn|1\n|\n|t:|1700183038\n|-end|p1a: Iron Treads|Quark Drive|[silent]\n|switch|p1a: Pelipper|Pelipper, F|100\/100\n|-weather|RainDance|[from] ability: Drizzle|[of] p1a: Pelipper\n|move|p2a: Crawdaunt|Crabhammer|p1a: Pelipper|[miss]\n|-miss|p2a: Crawdaunt|p1a: Pelipper\n|\n|-weather|RainDance|[upkeep]\n|upkeep\n|turn|2\n|\n|t:|1700183047\n|move|p1a: Pelipper|Hurricane|p2a: Crawdaunt\n|-damage|p2a: Crawdaunt|41\/100\n|move|p2a: Crawdaunt|Crabhammer|p1a: Pelipper|[miss]\n|-miss|p2a: Crawdaunt|p1a: Pelipper\n|\n|-weather|RainDance|[upkeep]\n|upkeep\n|turn|3\n|c|\u2606europeangameing|1\/100\n|\n|t:|1700183060\n|switch|p2a: Thundurus|Thundurus-Therian, M|100\/100\n|move|p1a: Pelipper|Hurricane|p2a: Thundurus\n|-resisted|p2a: Thundurus\n|-damage|p2a: Thundurus|74\/100\n|\n|-weather|RainDance|[upkeep]\n|upkeep\n|turn|4\n|\n|t:|1700183067\n|switch|p1a: Iron Treads|Iron Treads|100\/100\n|move|p2a: Thundurus|Dark Pulse|p1a: Iron Treads\n|-damage|p1a: Iron Treads|58\/100\n|\n|-weather|RainDance|[upkeep]\n|upkeep\n|turn|5\n|\n|t:|1700183077\n|move|p2a: Thundurus|Dark Pulse|p1a: Iron Treads\n|-damage|p1a: Iron Treads|12\/100\n|move|p1a: Iron Treads|Rapid Spin|p2a: Thundurus\n|-damage|p2a: Thundurus|51\/100\n|-boost|p1a: Iron Treads|spe|1\n|\n|-weather|RainDance|[upkeep]\n|upkeep\n|turn|6\n|\n|t:|1700183091\n|switch|p2a: Crawdaunt|Crawdaunt, F|41\/100\n|move|p1a: Iron Treads|Flash Cannon|p2a: Crawdaunt\n|-resisted|p2a: Crawdaunt\n|-damage|p2a: Crawdaunt|18\/100\n|\n|-weather|RainDance|[upkeep]\n|upkeep\n|turn|7\n|\n|t:|1700183100\n|-end|p1a: Iron Treads|Quark Drive|[silent]\n|switch|p1a: Pelipper|Pelipper, F|100\/100\n|move|p2a: Crawdaunt|Knock Off|p1a: Pelipper\n|-damage|p1a: Pelipper|7\/100\n|-enditem|p1a: Pelipper|Damp Rock|[from] move: Knock Off|[of] p2a: Crawdaunt\n|\n|-weather|RainDance|[upkeep]\n|upkeep\n|turn|8\n|\n|t:|1700183109\n|move|p1a: Pelipper|Hurricane|p2a: Crawdaunt\n|-damage|p2a: Crawdaunt|0 fnt\n|faint|p2a: Crawdaunt\n|\n|-weather|none\n|upkeep\n|\n|t:|1700183111\n|switch|p2a: Rabsca|Rabsca, F, shiny|100\/100\n|turn|9\n|\n|t:|1700183120\n|move|p1a: Pelipper|Roost|p1a: Pelipper\n|-heal|p1a: Pelipper|57\/100\n|-singleturn|p1a: Pelipper|move: Roost\n|move|p2a: Rabsca|Revival Blessing|p2a: Rabsca\n|\n|t:|1700183122\n|-heal|p2: Crawdaunt|50\/100|[from] move: Revival Blessing\n|\n|upkeep\n|turn|10\n|\n|t:|1700183129\n|move|p1a: Pelipper|U-turn|p2a: Rabsca\n|-supereffective|p2a: Rabsca\n|-damage|p2a: Rabsca|87\/100\n|\n|t:|1700183134\n|switch|p1a: Iron Treads|Iron Treads|12\/100|[from] U-turn\n|move|p2a: Rabsca|Memento|p1a: Iron Treads\n|-unboost|p1a: Iron Treads|atk|2\n|-unboost|p1a: Iron Treads|spa|2\n|faint|p2a: Rabsca\n|\n|upkeep\n|\n|t:|1700183148\n|switch|p2a: Rillaboom|Rillaboom, F|100\/100\n|-fieldstart|move: Grassy Terrain|[from] ability: Grassy Surge|[of] p2a: Rillaboom\n|turn|11\n|\n|t:|1700183160\n|move|p2a: Rillaboom|Grassy Glide|p1a: Iron Treads\n|-damage|p1a: Iron Treads|0 fnt\n|faint|p1a: Iron Treads\n|-end|p1a: Iron Treads|Quark Drive|[silent]\n|\n|upkeep\n|\n|t:|1700183168\n|switch|p1a: Pelipper|Pelipper, F|57\/100\n|-weather|RainDance|[from] ability: Drizzle|[of] p1a: Pelipper\n|turn|12\n|\n|t:|1700183177\n|switch|p2a: Thundurus|Thundurus-Therian, M|51\/100\n|move|p1a: Pelipper|Hurricane|p2a: Thundurus\n|-resisted|p2a: Thundurus\n|-damage|p2a: Thundurus|27\/100\n|\n|-weather|RainDance|[upkeep]\n|upkeep\n|turn|13\n|\n|t:|1700183193\n|-terastallize|p2a: Thundurus|Electric\n|move|p2a: Thundurus|Thunderbolt|p1a: Pelipper\n|-supereffective|p1a: Pelipper\n|-damage|p1a: Pelipper|0 fnt\n|faint|p1a: Pelipper\n|\n|-weather|RainDance|[upkeep]\n|-heal|p2a: Thundurus|33\/100|[from] Grassy Terrain\n|upkeep\n|\n|t:|1700183200\n|switch|p1a: Poliwrath|Poliwrath, M|100\/100\n|turn|14\n|\n|t:|1700183222\n|switch|p2a: Crawdaunt|Crawdaunt, F|50\/100\n|move|p1a: Poliwrath|Drain Punch|p2a: Crawdaunt\n|-supereffective|p2a: Crawdaunt\n|-damage|p2a: Crawdaunt|0 fnt\n|faint|p2a: Crawdaunt\n|\n|-weather|RainDance|[upkeep]\n|upkeep\n|\n|t:|1700183233\n|switch|p2a: Sneasler|Sneasler, M|100\/100\n|-enditem|p2a: Sneasler|Grassy Seed\n|-boost|p2a: Sneasler|def|1|[from] item: Grassy Seed\n|turn|15\n|\n|t:|1700183239\n|-terastallize|p1a: Poliwrath|Ghost\n|move|p2a: Sneasler|Dire Claw|p1a: Poliwrath\n|-resisted|p1a: Poliwrath\n|-damage|p1a: Poliwrath|73\/100\n|move|p1a: Poliwrath|Liquidation|p2a: Sneasler\n|-damage|p2a: Sneasler|33\/100\n|\n|-weather|RainDance|[upkeep]\n|-heal|p2a: Sneasler|39\/100|[from] Grassy Terrain\n|-heal|p1a: Poliwrath|80\/100|[from] Grassy Terrain\n|-fieldend|move: Grassy Terrain\n|upkeep\n|turn|16\n|\n|t:|1700183250\n|move|p2a: Sneasler|Dire Claw|p1a: Poliwrath\n|-resisted|p1a: Poliwrath\n|-damage|p1a: Poliwrath|56\/100\n|-status|p1a: Poliwrath|par\n|cant|p1a: Poliwrath|par\n|\n|-weather|none\n|upkeep\n|turn|17\n|\n|t:|1700183259\n|move|p2a: Sneasler|Dire Claw|p1a: Poliwrath\n|-resisted|p1a: Poliwrath\n|-damage|p1a: Poliwrath|29\/100 par\n|-enditem|p1a: Poliwrath|Sitrus Berry|[eat]\n|-heal|p1a: Poliwrath|54\/100 par|[from] item: Sitrus Berry\n|move|p1a: Poliwrath|Drain Punch|p2a: Sneasler\n|-resisted|p2a: Sneasler\n|-damage|p2a: Sneasler|23\/100\n|-heal|p1a: Poliwrath|61\/100 par|[from] drain|[of] p2a: Sneasler\n|\n|upkeep\n|turn|18\n|\n|t:|1700183274\n|move|p2a: Sneasler|Dire Claw|p1a: Poliwrath\n|-resisted|p1a: Poliwrath\n|-damage|p1a: Poliwrath|37\/100 par\n|move|p1a: Poliwrath|Liquidation|p2a: Sneasler\n|-damage|p2a: Sneasler|0 fnt\n|faint|p2a: Sneasler\n|\n|upkeep\n|\n|t:|1700183280\n|switch|p2a: Thundurus|Thundurus-Therian, M, tera:Electric|33\/100\n|turn|19\n|\n|t:|1700183286\n|move|p2a: Thundurus|Thunderbolt|p1a: Poliwrath\n|-damage|p1a: Poliwrath|0 fnt\n|faint|p1a: Poliwrath\n|\n|upkeep\n|\n|t:|1700183290\n|switch|p1a: Rillaboom|Rillaboom, F|100\/100\n|-fieldstart|move: Grassy Terrain|[from] ability: Grassy Surge|[of] p1a: Rillaboom\n|turn|20\n|\n|t:|1700183306\n|move|p2a: Thundurus|Thunderbolt|p1a: Rillaboom\n|-resisted|p1a: Rillaboom\n|-damage|p1a: Rillaboom|33\/100\n|move|p1a: Rillaboom|Knock Off|p2a: Thundurus\n|-damage|p2a: Thundurus|0 fnt\n|-enditem|p2a: Thundurus|Choice Specs|[from] move: Knock Off|[of] p1a: Rillaboom\n|faint|p2a: Thundurus\n|\n|-heal|p1a: Rillaboom|40\/100|[from] Grassy Terrain\n|upkeep\n|\n|t:|1700183310\n|switch|p2a: Cinderace|Cinderace, F, shiny|100\/100\n|turn|21\n|\n|t:|1700183317\n|switch|p1a: Overqwil|Overqwil, F|100\/100\n|move|p2a: Cinderace|U-turn|p1a: Overqwil\n|-start|p2a: Cinderace|typechange|Bug|[from] ability: Libero\n|-crit|p1a: Overqwil\n|-damage|p1a: Overqwil|39\/100\n|\n|t:|1700183324\n|switch|p2a: Rillaboom|Rillaboom, F|100\/100|[from] U-turn\n|\n|-heal|p1a: Overqwil|45\/100|[from] Grassy Terrain\n|upkeep\n|turn|22\n|\n|t:|1700183350\n|move|p1a: Overqwil|Barb Barrage|p2a: Rillaboom\n|-supereffective|p2a: Rillaboom\n|-damage|p2a: Rillaboom|29\/100\n|-damage|p1a: Overqwil|36\/100|[from] item: Life Orb\n|move|p2a: Rillaboom|Knock Off|p1a: Overqwil\n|-resisted|p1a: Overqwil\n|-crit|p1a: Overqwil\n|-damage|p1a: Overqwil|0 fnt\n|-enditem|p1a: Overqwil|Life Orb|[from] move: Knock Off|[of] p2a: Rillaboom\n|faint|p1a: Overqwil\n|\n|-heal|p2a: Rillaboom|35\/100|[from] Grassy Terrain\n|upkeep\n|\n|t:|1700183361\n|switch|p1a: Rillaboom|Rillaboom, F|40\/100\n|turn|23\n|\n|t:|1700183379\n|move|p1a: Rillaboom|Grassy Glide|p2a: Rillaboom\n|-resisted|p2a: Rillaboom\n|-damage|p2a: Rillaboom|6\/100\n|move|p2a: Rillaboom|Knock Off|p1a: Rillaboom\n|-damage|p1a: Rillaboom|0 fnt\n|-enditem|p1a: Rillaboom|Choice Band|[from] move: Knock Off|[of] p2a: Rillaboom\n|faint|p1a: Rillaboom\n|\n|-heal|p2a: Rillaboom|13\/100|[from] Grassy Terrain\n|upkeep\n|\n|t:|1700183394\n|switch|p1a: Zapdos|Zapdos|100\/100\n|-ability|p1a: Zapdos|Pressure\n|turn|24\n|\n|t:|1700183400\n|move|p1a: Zapdos|Hurricane|p2a: Rillaboom\n|-supereffective|p2a: Rillaboom\n|-damage|p2a: Rillaboom|0 fnt\n|faint|p2a: Rillaboom\n|\n|-fieldend|move: Grassy Terrain\n|upkeep\n|\n|t:|1700183403\n|switch|p2a: Cinderace|Cinderace, F, shiny|100\/100\n|turn|25\n|\n|t:|1700183411\n|move|p2a: Cinderace|Pyro Ball|p1a: Zapdos\n|-damage|p1a: Zapdos|26\/100\n|move|p1a: Zapdos|Hurricane|p2a: Cinderace\n|-damage|p2a: Cinderace|25\/100\n|\n|upkeep\n|turn|26\n|\n|t:|1700183418\n|move|p2a: Cinderace|Pyro Ball|p1a: Zapdos|[miss]\n|-miss|p2a: Cinderace|p1a: Zapdos\n|move|p1a: Zapdos|Thunder|p2a: Cinderace\n|-damage|p2a: Cinderace|0 fnt\n|faint|p2a: Cinderace\n|\n|win|Savage_Catalyst\n|raw|Savage_Catalyst's rating: 1296 &rarr; <strong>1322<\/strong><br \/>(+26 for winning)\n|raw|europeangameing's rating: 1315 &rarr; <strong>1294<\/strong><br \/>(-21 for losing)\n|l|\u2606Savage_Catalyst\n|c|\u2606europeangameing|no way\n","uploadtime":1700183436,"views":8,"p1id":"savagecatalyst","p2id":"europeangameing","formatid":"gen9ou","rating":1294,"private":0,"password":""}