{"id":"gen9ou-1993137138","p1":"ElFelikz","p2":"OffxcialTano","format":"[Gen 9] OU","log":"|j|\u203dElFelikz\n|j|\u2606OffxcialTano\n|t:|1700269164\n|gametype|singles\n|player|p1|ElFelikz|veteran|1111\n|player|p2|OffxcialTano|101|1017\n|teamsize|p1|6\n|teamsize|p2|6\n|gen|9\n|tier|[Gen 9] OU\n|rated|\n|rule|Sleep Clause Mod: Limit one foe put to sleep\n|rule|Species Clause: Limit one of each Pok\u00e9mon\n|rule|OHKO Clause: OHKO moves are banned\n|rule|Evasion Items Clause: Evasion items are banned\n|rule|Evasion Moves Clause: Evasion moves are banned\n|rule|Endless Battle Clause: Forcing endless battles is banned\n|rule|HP Percentage Mod: HP is shown in percentages\n|clearpoke\n|poke|p1|Garchomp, F|\n|poke|p1|Ribombee, M|\n|poke|p1|Gholdengo|\n|poke|p1|Manaphy|\n|poke|p1|Iron Moth|\n|poke|p1|Great Tusk|\n|poke|p2|Greninja-*, M|\n|poke|p2|Ceruledge, F|\n|poke|p2|Iron Moth|\n|poke|p2|Ninetales-Alola, F|\n|poke|p2|Enamorus, F|\n|poke|p2|Infernape, F|\n|teampreview\n|\n|t:|1700269177\n|start\n|switch|p1a: Ribombee|Ribombee, M, shiny|100\/100\n|switch|p2a: Ceruledge|Ceruledge, F|100\/100\n|turn|1\n|\n|t:|1700269183\n|move|p1a: Ribombee|Sticky Web|p2a: Ceruledge\n|-sidestart|p2: OffxcialTano|move: Sticky Web\n|move|p2a: Ceruledge|Bitter Blade|p1a: Ribombee\n|-supereffective|p1a: Ribombee\n|-enditem|p1a: Ribombee|Focus Sash\n|-damage|p1a: Ribombee|1\/100\n|\n|upkeep\n|turn|2\n|inactive|Battle timer is ON: inactive players will automatically lose when time's up. (requested by ElFelikz)\n|\n|t:|1700269190\n|move|p1a: Ribombee|Stun Spore|p2a: Ceruledge|[miss]\n|-miss|p1a: Ribombee|p2a: Ceruledge\n|move|p2a: Ceruledge|Bitter Blade|p1a: Ribombee\n|-supereffective|p1a: Ribombee\n|-damage|p1a: Ribombee|0 fnt\n|faint|p1a: Ribombee\n|\n|upkeep\n|\n|t:|1700269211\n|switch|p1a: Manaphy|Manaphy|100\/100\n|turn|3\n|\n|t:|1700269216\n|move|p1a: Manaphy|Tail Glow|p1a: Manaphy\n|-boost|p1a: Manaphy|spa|3\n|move|p2a: Ceruledge|Substitute|p2a: Ceruledge\n|-start|p2a: Ceruledge|Substitute\n|-damage|p2a: Ceruledge|76\/100\n|\n|upkeep\n|turn|4\n|\n|t:|1700269224\n|move|p1a: Manaphy|Surf|p2a: Ceruledge\n|-supereffective|p2a: Ceruledge\n|-end|p2a: Ceruledge|Substitute\n|move|p2a: Ceruledge|Bitter Blade|p1a: Manaphy\n|-resisted|p1a: Manaphy\n|-damage|p1a: Manaphy|79\/100\n|-heal|p2a: Ceruledge|88\/100|[from] drain|[of] p1a: Manaphy\n|\n|-heal|p1a: Manaphy|85\/100|[from] item: Leftovers\n|upkeep\n|turn|5\n|\n|t:|1700269227\n|move|p1a: Manaphy|Surf|p2a: Ceruledge\n|-supereffective|p2a: Ceruledge\n|-damage|p2a: Ceruledge|0 fnt\n|faint|p2a: Ceruledge\n|\n|-heal|p1a: Manaphy|91\/100|[from] item: Leftovers\n|upkeep\n|\n|t:|1700269232\n|switch|p2a: Enamorus|Enamorus, F|100\/100\n|turn|6\n|\n|t:|1700269239\n|-terastallize|p2a: Enamorus|Fairy\n|move|p1a: Manaphy|Ice Beam|p2a: Enamorus\n|-damage|p2a: Enamorus|40\/100\n|move|p2a: Enamorus|Springtide Storm|p1a: Manaphy\n|-damage|p1a: Manaphy|14\/100\n|-unboost|p1a: Manaphy|atk|1\n|\n|-heal|p1a: Manaphy|20\/100|[from] item: Leftovers\n|upkeep\n|turn|7\n|\n|t:|1700269248\n|move|p1a: Manaphy|Surf|p2a: Enamorus\n|-damage|p2a: Enamorus|0 fnt\n|faint|p2a: Enamorus\n|\n|-heal|p1a: Manaphy|27\/100|[from] item: Leftovers\n|upkeep\n|\n|t:|1700269259\n|switch|p2a: Greninja|Greninja, M|100\/100\n|-activate|p2a: Greninja|move: Sticky Web\n|-unboost|p2a: Greninja|spe|1\n|turn|8\n|\n|t:|1700269262\n|move|p1a: Manaphy|Energy Ball|p2a: Greninja\n|-supereffective|p2a: Greninja\n|-damage|p2a: Greninja|0 fnt\n|faint|p2a: Greninja\n|\n|-heal|p1a: Manaphy|33\/100|[from] item: Leftovers\n|upkeep\n|-message|OffxcialTano forfeited.\n|\n|win|ElFelikz\n|raw|ElFelikz's rating: 1111 &rarr; <strong>1129<\/strong><br \/>(+18 for winning)\n|raw|OffxcialTano's rating: 1017 &rarr; <strong>1008<\/strong><br \/>(-9 for losing)\n|l|\u2606OffxcialTano\n","uploadtime":1700269273,"views":16,"p1id":"elfelikz","p2id":"offxcialtano","formatid":"gen9ou","rating":1008,"private":0,"password":""}