{"id":"gen9ou-1989878751","p1":"littensalt","p2":"CYalo","format":"[Gen 9] OU","log":"|j|\u2606littensalt\n|j|\u203dCYalo\n|t:|1699903304\n|gametype|singles\n|player|p1|littensalt|calem|1358\n|player|p2|CYalo|turo-ai|1340\n|teamsize|p1|6\n|teamsize|p2|6\n|gen|9\n|tier|[Gen 9] OU\n|rated|\n|rule|Sleep Clause Mod: Limit one foe put to sleep\n|rule|Species Clause: Limit one of each Pok\u00e9mon\n|rule|OHKO Clause: OHKO moves are banned\n|rule|Evasion Items Clause: Evasion items are banned\n|rule|Evasion Moves Clause: Evasion moves are banned\n|rule|Endless Battle Clause: Forcing endless battles is banned\n|rule|HP Percentage Mod: HP is shown in percentages\n|clearpoke\n|poke|p1|Thundurus-Therian, M|\n|poke|p1|Weezing-Galar, M|\n|poke|p1|Cinderace, M|\n|poke|p1|Dragapult, F|\n|poke|p1|Greninja-*, M|\n|poke|p1|Zamazenta-*|\n|poke|p2|Muk-Alola, M|\n|poke|p2|Alomomola, M|\n|poke|p2|Rillaboom, F|\n|poke|p2|Orthworm, F|\n|poke|p2|Clefable, F|\n|poke|p2|Conkeldurr, F|\n|teampreview\n|\n|t:|1699903318\n|start\n|switch|p1a: 5g|Thundurus-Therian, M, shiny|100\/100\n|switch|p2a: Rillaboom|Rillaboom, F|100\/100\n|-fieldstart|move: Grassy Terrain|[from] ability: Grassy Surge|[of] p2a: Rillaboom\n|turn|1\n|\n|t:|1699903324\n|switch|p1a: wheezy outta here|Weezing-Galar, M, shiny|100\/100\n|-ability|p1a: wheezy outta here|Neutralizing Gas\n|move|p2a: Rillaboom|Wood Hammer|p1a: wheezy outta here\n|-resisted|p1a: wheezy outta here\n|-damage|p1a: wheezy outta here|71\/100\n|-damage|p2a: Rillaboom|84\/100|[from] item: Rocky Helmet|[of] p1a: wheezy outta here\n|-damage|p2a: Rillaboom|75\/100|[from] Recoil\n|\n|-heal|p2a: Rillaboom|81\/100|[from] Grassy Terrain\n|-heal|p1a: wheezy outta here|77\/100|[from] Grassy Terrain\n|upkeep\n|turn|2\n|\n|t:|1699903334\n|switch|p2a: Muk|Muk-Alola, M|100\/100\n|move|p1a: wheezy outta here|Will-O-Wisp|p2a: Muk\n|-status|p2a: Muk|brn\n|\n|-heal|p1a: wheezy outta here|83\/100|[from] Grassy Terrain\n|-damage|p2a: Muk|94\/100 brn|[from] brn\n|upkeep\n|turn|3\n|\n|t:|1699903339\n|move|p1a: wheezy outta here|Strange Steam|p2a: Muk\n|-damage|p2a: Muk|79\/100 brn\n|move|p2a: Muk|Knock Off|p1a: wheezy outta here\n|-resisted|p1a: wheezy outta here\n|-damage|p1a: wheezy outta here|77\/100\n|-damage|p2a: Muk|62\/100 brn|[from] item: Rocky Helmet|[of] p1a: wheezy outta here\n|-enditem|p1a: wheezy outta here|Rocky Helmet|[from] move: Knock Off|[of] p2a: Muk\n|\n|-heal|p1a: wheezy outta here|83\/100|[from] Grassy Terrain\n|-heal|p2a: Muk|68\/100 brn|[from] Grassy Terrain\n|-heal|p2a: Muk|74\/100 brn|[from] item: Leftovers\n|-damage|p2a: Muk|68\/100 brn|[from] brn\n|upkeep\n|turn|4\n|\n|t:|1699903351\n|move|p1a: wheezy outta here|Strange Steam|p2a: Muk\n|-damage|p2a: Muk|52\/100 brn\n|move|p2a: Muk|Knock Off|p1a: wheezy outta here\n|-resisted|p1a: wheezy outta here\n|-damage|p1a: wheezy outta here|80\/100\n|\n|-heal|p1a: wheezy outta here|86\/100|[from] Grassy Terrain\n|-heal|p2a: Muk|58\/100 brn|[from] Grassy Terrain\n|-heal|p2a: Muk|64\/100 brn|[from] item: Leftovers\n|-damage|p2a: Muk|58\/100 brn|[from] brn\n|upkeep\n|turn|5\n|\n|t:|1699903358\n|switch|p2a: Orthworm|Orthworm, F|100\/100\n|move|p1a: wheezy outta here|Strange Steam|p2a: Orthworm\n|-resisted|p2a: Orthworm\n|-damage|p2a: Orthworm|80\/100\n|\n|-heal|p2a: Orthworm|87\/100|[from] Grassy Terrain\n|-heal|p2a: Orthworm|93\/100|[from] item: Leftovers\n|-heal|p1a: wheezy outta here|92\/100|[from] Grassy Terrain\n|-fieldend|move: Grassy Terrain\n|upkeep\n|turn|6\n|\n|t:|1699903364\n|switch|p2a: Muk|Muk-Alola, M|58\/100 brn\n|move|p1a: wheezy outta here|Will-O-Wisp|p2a: Muk\n|-fail|p2a: Muk|brn\n|\n|-heal|p2a: Muk|64\/100 brn|[from] item: Leftovers\n|-damage|p2a: Muk|58\/100 brn|[from] brn\n|upkeep\n|turn|7\n|\n|t:|1699903370\n|move|p1a: wheezy outta here|Strange Steam|p2a: Muk\n|-damage|p2a: Muk|40\/100 brn\n|move|p2a: Muk|Knock Off|p1a: wheezy outta here\n|-resisted|p1a: wheezy outta here\n|-damage|p1a: wheezy outta here|88\/100\n|\n|-heal|p2a: Muk|46\/100 brn|[from] item: Leftovers\n|-damage|p2a: Muk|40\/100 brn|[from] brn\n|upkeep\n|turn|8\n|\n|t:|1699903381\n|switch|p2a: Clefable|Clefable, F|100\/100\n|move|p1a: wheezy outta here|Strange Steam|p2a: Clefable\n|-damage|p2a: Clefable|83\/100\n|\n|-heal|p2a: Clefable|90\/100|[from] item: Leftovers\n|upkeep\n|turn|9\n|\n|t:|1699903384\n|move|p2a: Clefable|Protect|p2a: Clefable\n|-singleturn|p2a: Clefable|Protect\n|move|p1a: wheezy outta here|Will-O-Wisp|p2a: Clefable\n|-activate|p2a: Clefable|move: Protect\n|\n|-heal|p2a: Clefable|96\/100|[from] item: Leftovers\n|upkeep\n|turn|10\n|\n|t:|1699903392\n|move|p2a: Clefable|Ice Beam|p1a: wheezy outta here\n|-damage|p1a: wheezy outta here|59\/100\n|move|p1a: wheezy outta here|Strange Steam|p2a: Clefable|[miss]\n|-miss|p1a: wheezy outta here|p2a: Clefable\n|\n|-heal|p2a: Clefable|100\/100|[from] item: Leftovers\n|upkeep\n|turn|11\n|\n|t:|1699903395\n|move|p2a: Clefable|Ice Beam|p1a: wheezy outta here\n|-damage|p1a: wheezy outta here|30\/100\n|move|p1a: wheezy outta here|Pain Split|p2a: Clefable\n|-sethp|p2a: Clefable|63\/100|[from] move: Pain Split|[silent]\n|-sethp|p1a: wheezy outta here|75\/100|[from] move: Pain Split\n|\n|-heal|p2a: Clefable|69\/100|[from] item: Leftovers\n|upkeep\n|turn|12\n|\n|t:|1699903398\n|move|p2a: Clefable|Ice Beam|p1a: wheezy outta here\n|-damage|p1a: wheezy outta here|48\/100\n|move|p1a: wheezy outta here|Will-O-Wisp|p2a: Clefable\n|-status|p2a: Clefable|brn\n|\n|-heal|p2a: Clefable|75\/100 brn|[from] item: Leftovers\n|-damage|p2a: Clefable|69\/100 brn|[from] brn\n|upkeep\n|turn|13\n|\n|t:|1699903400\n|move|p2a: Clefable|Ice Beam|p1a: wheezy outta here\n|-damage|p1a: wheezy outta here|21\/100\n|move|p1a: wheezy outta here|Pain Split|p2a: Clefable\n|-sethp|p2a: Clefable|43\/100 brn|[from] move: Pain Split|[silent]\n|-sethp|p1a: wheezy outta here|52\/100|[from] move: Pain Split\n|\n|-heal|p2a: Clefable|49\/100 brn|[from] item: Leftovers\n|-damage|p2a: Clefable|43\/100 brn|[from] brn\n|upkeep\n|turn|14\n|\n|t:|1699903405\n|move|p2a: Clefable|Ice Beam|p1a: wheezy outta here\n|-damage|p1a: wheezy outta here|23\/100\n|move|p1a: wheezy outta here|Strange Steam|p2a: Clefable\n|-damage|p2a: Clefable|27\/100 brn\n|\n|-heal|p2a: Clefable|33\/100 brn|[from] item: Leftovers\n|-damage|p2a: Clefable|27\/100 brn|[from] brn\n|upkeep\n|turn|15\n|\n|t:|1699903410\n|-end|p1a: wheezy outta here|ability: Neutralizing Gas\n|switch|p1a: N95|Greninja, M|100\/100\n|move|p2a: Clefable|Ice Beam|p1a: N95\n|-resisted|p1a: N95\n|-damage|p1a: N95|85\/100\n|\n|-heal|p2a: Clefable|33\/100 brn|[from] item: Leftovers\n|upkeep\n|turn|16\n|\n|t:|1699903424\n|move|p1a: N95|Hydro Pump|p2a: Clefable\n|-damage|p2a: Clefable|0 fnt\n|faint|p2a: Clefable\n|-ability|p1a: N95|Battle Bond|boost\n|-boost|p1a: N95|atk|1\n|-boost|p1a: N95|spa|1\n|-boost|p1a: N95|spe|1\n|-activate|p1a: N95|ability: Battle Bond\n|-damage|p1a: N95|75\/100|[from] item: Life Orb\n|\n|upkeep\n|\n|t:|1699903430\n|switch|p2a: Conkeldurr|Conkeldurr, F|100\/100\n|turn|17\n|\n|t:|1699903432\n|move|p2a: Conkeldurr|Mach Punch|p1a: N95\n|-supereffective|p1a: N95\n|-damage|p1a: N95|0 fnt\n|faint|p1a: N95\n|\n|upkeep\n|\n|t:|1699903435\n|switch|p1a: wheezy outta here|Weezing-Galar, M, shiny|23\/100\n|-ability|p1a: wheezy outta here|Neutralizing Gas\n|turn|18\n|\n|t:|1699903443\n|move|p1a: wheezy outta here|Pain Split|p2a: Conkeldurr\n|-sethp|p2a: Conkeldurr|59\/100|[from] move: Pain Split|[silent]\n|-sethp|p1a: wheezy outta here|74\/100|[from] move: Pain Split\n|move|p2a: Conkeldurr|Knock Off|p1a: wheezy outta here\n|-resisted|p1a: wheezy outta here\n|-damage|p1a: wheezy outta here|66\/100\n|\n|-heal|p2a: Conkeldurr|65\/100|[from] item: Leftovers\n|upkeep\n|turn|19\n|\n|t:|1699903448\n|switch|p2a: Rillaboom|Rillaboom, F|81\/100\n|move|p1a: wheezy outta here|Will-O-Wisp|p2a: Rillaboom\n|-status|p2a: Rillaboom|brn\n|\n|-damage|p2a: Rillaboom|75\/100 brn|[from] brn\n|upkeep\n|turn|20\n|\n|t:|1699903453\n|move|p2a: Rillaboom|High Horsepower|p1a: wheezy outta here\n|-supereffective|p1a: wheezy outta here\n|-damage|p1a: wheezy outta here|42\/100\n|move|p1a: wheezy outta here|Strange Steam|p2a: Rillaboom\n|-damage|p2a: Rillaboom|37\/100 brn\n|\n|-damage|p2a: Rillaboom|30\/100 brn|[from] brn\n|upkeep\n|turn|21\n|\n|t:|1699903456\n|move|p2a: Rillaboom|High Horsepower|p1a: wheezy outta here\n|-supereffective|p1a: wheezy outta here\n|-damage|p1a: wheezy outta here|17\/100\n|move|p1a: wheezy outta here|Strange Steam|p2a: Rillaboom\n|-damage|p2a: Rillaboom|0 fnt\n|faint|p2a: Rillaboom\n|\n|upkeep\n|\n|t:|1699903465\n|switch|p2a: Orthworm|Orthworm, F|93\/100\n|turn|22\n|\n|t:|1699903471\n|-end|p1a: wheezy outta here|ability: Neutralizing Gas\n|switch|p1a: FRANCHISE|Cinderace, M|100\/100\n|move|p2a: Orthworm|Heavy Slam|p1a: FRANCHISE\n|-resisted|p1a: FRANCHISE\n|-damage|p1a: FRANCHISE|74\/100\n|\n|-heal|p2a: Orthworm|99\/100|[from] item: Leftovers\n|upkeep\n|turn|23\n|\n|t:|1699903479\n|-terastallize|p2a: Orthworm|Poison\n|move|p1a: FRANCHISE|Pyro Ball|p2a: Orthworm\n|-damage|p2a: Orthworm|64\/100\n|move|p2a: Orthworm|Coil|p2a: Orthworm\n|-boost|p2a: Orthworm|atk|1\n|-boost|p2a: Orthworm|def|1\n|-boost|p2a: Orthworm|accuracy|1\n|\n|-heal|p2a: Orthworm|71\/100|[from] item: Leftovers\n|upkeep\n|turn|24\n|\n|t:|1699903485\n|move|p1a: FRANCHISE|U-turn|p2a: Orthworm\n|-start|p1a: FRANCHISE|typechange|Bug|[from] ability: Libero\n|-resisted|p2a: Orthworm\n|-damage|p2a: Orthworm|64\/100\n|\n|t:|1699903487\n|switch|p1a: wheezy outta here|Weezing-Galar, M, shiny|17\/100|[from] U-turn\n|-ability|p1a: wheezy outta here|Neutralizing Gas\n|move|p2a: Orthworm|Coil|p2a: Orthworm\n|-boost|p2a: Orthworm|atk|1\n|-boost|p2a: Orthworm|def|1\n|-boost|p2a: Orthworm|accuracy|1\n|\n|-heal|p2a: Orthworm|71\/100|[from] item: Leftovers\n|upkeep\n|turn|25\n|\n|t:|1699903493\n|move|p2a: Orthworm|Heavy Slam|p1a: wheezy outta here\n|-supereffective|p1a: wheezy outta here\n|-damage|p1a: wheezy outta here|0 fnt\n|faint|p1a: wheezy outta here\n|-end|p1a: wheezy outta here|ability: Neutralizing Gas\n|\n|-heal|p2a: Orthworm|77\/100|[from] item: Leftovers\n|upkeep\n|\n|t:|1699903497\n|switch|p1a: KIDS SEE GHOST|Dragapult, F, shiny|100\/100\n|turn|26\n|\n|t:|1699903500\n|move|p1a: KIDS SEE GHOST|Draco Meteor|p2a: Orthworm\n|-damage|p2a: Orthworm|0 fnt\n|-unboost|p1a: KIDS SEE GHOST|spa|2\n|faint|p2a: Orthworm\n|\n|upkeep\n|\n|t:|1699903503\n|switch|p2a: Muk|Muk-Alola, M|40\/100 brn\n|turn|27\n|\n|t:|1699903507\n|switch|p1a: FRANCHISE|Cinderace, M|74\/100\n|move|p2a: Muk|Knock Off|p1a: FRANCHISE\n|-damage|p1a: FRANCHISE|48\/100\n|-status|p1a: FRANCHISE|psn|[from] ability: Poison Touch|[of] p2a: Muk\n|-enditem|p1a: FRANCHISE|Heavy-Duty Boots|[from] move: Knock Off|[of] p2a: Muk\n|\n|-heal|p2a: Muk|46\/100 brn|[from] item: Leftovers\n|-damage|p1a: FRANCHISE|36\/100 psn|[from] psn\n|-damage|p2a: Muk|40\/100 brn|[from] brn\n|upkeep\n|turn|28\n|\n|t:|1699903513\n|move|p1a: FRANCHISE|Pyro Ball|p2a: Muk\n|-damage|p2a: Muk|0 fnt\n|faint|p2a: Muk\n|\n|-damage|p1a: FRANCHISE|23\/100 psn|[from] psn\n|upkeep\n|\n|t:|1699903516\n|switch|p2a: Alomomola|Alomomola, M|100\/100\n|turn|29\n|\n|t:|1699903519\n|move|p1a: FRANCHISE|Pyro Ball|p2a: Alomomola\n|-resisted|p2a: Alomomola\n|-damage|p2a: Alomomola|84\/100\n|move|p2a: Alomomola|Flip Turn|p1a: FRANCHISE\n|-supereffective|p1a: FRANCHISE\n|-damage|p1a: FRANCHISE|0 fnt\n|faint|p1a: FRANCHISE\n|\n|t:|1699903520\n|switch|p2a: Conkeldurr|Conkeldurr, F|65\/100|[from] Flip Turn\n|\n|-heal|p2a: Conkeldurr|72\/100|[from] item: Leftovers\n|upkeep\n|\n|t:|1699903532\n|switch|p1a: KIDS SEE GHOST|Dragapult, F, shiny|100\/100\n|turn|30\n|\n|t:|1699903535\n|switch|p2a: Alomomola|Alomomola, M|100\/100\n|-terastallize|p1a: KIDS SEE GHOST|Ghost\n|move|p1a: KIDS SEE GHOST|Shadow Ball|p2a: Alomomola\n|-damage|p2a: Alomomola|24\/100\n|-enditem|p2a: Alomomola|Sitrus Berry|[eat]\n|-heal|p2a: Alomomola|49\/100|[from] item: Sitrus Berry\n|\n|upkeep\n|turn|31\n|\n|t:|1699903540\n|move|p2a: Alomomola|Protect|p2a: Alomomola\n|-singleturn|p2a: Alomomola|Protect\n|move|p1a: KIDS SEE GHOST|Shadow Ball|p2a: Alomomola\n|-activate|p2a: Alomomola|move: Protect\n|\n|upkeep\n|turn|32\n|\n|t:|1699903543\n|move|p1a: KIDS SEE GHOST|Shadow Ball|p2a: Alomomola\n|-damage|p2a: Alomomola|0 fnt\n|faint|p2a: Alomomola\n|\n|upkeep\n|\n|t:|1699903544\n|switch|p2a: Conkeldurr|Conkeldurr, F|72\/100\n|turn|33\n|\n|t:|1699903546\n|move|p1a: KIDS SEE GHOST|Shadow Ball|p2a: Conkeldurr\n|-damage|p2a: Conkeldurr|0 fnt\n|faint|p2a: Conkeldurr\n|\n|win|littensalt\n|raw|littensalt's rating: 1358 &rarr; <strong>1377<\/strong><br \/>(+19 for winning)\n|raw|CYalo's rating: 1340 &rarr; <strong>1321<\/strong><br \/>(-19 for losing)\n|l|\u203dCYalo\n|c|\u2606littensalt|ggwp\n","uploadtime":1699903555,"views":10,"p1id":"littensalt","p2id":"cyalo","formatid":"gen9ou","rating":1321,"private":0,"password":""}