{"id":"gen9ou-1997026808","p1":"Traviee","p2":"BugCatcherN8R1X","format":"[Gen 9] OU","log":"|j|\u2606Traviee\n|j|\u2606BugCatcherN8R1X\n|t:|1700757094\n|gametype|singles\n|player|p1|Traviee|shauntal|1184\n|player|p2|BugCatcherN8R1X|bugcatcher-gen4dp|1234\n|teamsize|p1|6\n|teamsize|p2|6\n|gen|9\n|tier|[Gen 9] OU\n|rated|\n|rule|Sleep Clause Mod: Limit one foe put to sleep\n|rule|Species Clause: Limit one of each Pok\u00e9mon\n|rule|OHKO Clause: OHKO moves are banned\n|rule|Evasion Items Clause: Evasion items are banned\n|rule|Evasion Moves Clause: Evasion moves are banned\n|rule|Endless Battle Clause: Forcing endless battles is banned\n|rule|HP Percentage Mod: HP is shown in percentages\n|clearpoke\n|poke|p1|Poliwrath, F|\n|poke|p1|Pelipper, F|\n|poke|p1|Overqwil, F|\n|poke|p1|Rillaboom, M|\n|poke|p1|Iron Treads|\n|poke|p1|Zapdos|\n|poke|p2|Kleavor, M|\n|poke|p2|Lokix, M|\n|poke|p2|Yanmega, M|\n|poke|p2|Slither Wing|\n|poke|p2|Scizor, M|\n|poke|p2|Frosmoth, M|\n|teampreview\n|inactive|Battle timer is ON: inactive players will automatically lose when time's up. (requested by BugCatcherN8R1X)\n|c|\u2606BugCatcherN8R1X|Bug Catcher Natrix wants to battle!\n|inactive|Traviee has 120 seconds left.\n|inactive|BugCatcherN8R1X has 120 seconds left.\n|\n|t:|1700757131\n|start\n|switch|p1a: Pelipper|Pelipper, F|100\/100\n|switch|p2a: Boreas|Frosmoth, M|100\/100\n|-weather|RainDance|[from] ability: Drizzle|[of] p1a: Pelipper\n|turn|1\n|\n|t:|1700757148\n|move|p2a: Boreas|Substitute|p2a: Boreas\n|-start|p2a: Boreas|Substitute\n|-damage|p2a: Boreas|76\/100\n|move|p1a: Pelipper|U-turn|p2a: Boreas\n|-crit|p2a: Boreas\n|-activate|p2a: Boreas|move: Substitute|[damage]\n|\n|t:|1700757159\n|switch|p1a: Poliwrath|Poliwrath, F|100\/100|[from] U-turn\n|\n|-weather|RainDance|[upkeep]\n|upkeep\n|turn|2\n|\n|t:|1700757168\n|move|p1a: Poliwrath|Liquidation|p2a: Boreas\n|-end|p2a: Boreas|Substitute\n|move|p2a: Boreas|Giga Drain|p1a: Poliwrath\n|-supereffective|p1a: Poliwrath\n|-damage|p1a: Poliwrath|46\/100\n|-heal|p2a: Boreas|100\/100|[from] drain|[of] p1a: Poliwrath\n|-enditem|p1a: Poliwrath|Sitrus Berry|[eat]\n|-heal|p1a: Poliwrath|71\/100|[from] item: Sitrus Berry\n|\n|-weather|RainDance|[upkeep]\n|upkeep\n|turn|3\n|\n|t:|1700757178\n|move|p1a: Poliwrath|Liquidation|p2a: Boreas\n|-damage|p2a: Boreas|9\/100\n|move|p2a: Boreas|Giga Drain|p1a: Poliwrath\n|-supereffective|p1a: Poliwrath\n|-damage|p1a: Poliwrath|7\/100\n|-heal|p2a: Boreas|45\/100|[from] drain|[of] p1a: Poliwrath\n|\n|-weather|RainDance|[upkeep]\n|upkeep\n|turn|4\n|inactive|BugCatcherN8R1X has 120 seconds left.\n|\n|t:|1700757219\n|switch|p2a: Erebus|Lokix, M|100\/100\n|move|p1a: Poliwrath|Liquidation|p2a: Erebus\n|-damage|p2a: Erebus|27\/100\n|\n|-weather|RainDance|[upkeep]\n|upkeep\n|turn|5\n|\n|t:|1700757227\n|switch|p1a: Zapdos|Zapdos|100\/100\n|move|p2a: Erebus|Sucker Punch||[still]\n|-fail|p2a: Erebus\n|\n|-weather|RainDance|[upkeep]\n|upkeep\n|turn|6\n|\n|t:|1700757232\n|move|p1a: Zapdos|Weather Ball|p2a: Erebus\n|-damage|p2a: Erebus|0 fnt\n|faint|p2a: Erebus\n|\n|-weather|RainDance|[upkeep]\n|upkeep\n|inactive|BugCatcherN8R1X has 120 seconds left.\n|\n|t:|1700757246\n|switch|p2a: Hachiman|Kleavor, M|100\/100\n|turn|7\n|\n|t:|1700757253\n|move|p2a: Hachiman|Stone Axe|p1a: Zapdos\n|-supereffective|p1a: Zapdos\n|-damage|p1a: Zapdos|0 fnt\n|-sidestart|p1: Traviee|move: Stealth Rock\n|faint|p1a: Zapdos\n|\n|-weather|RainDance|[upkeep]\n|upkeep\n|\n|t:|1700757263\n|switch|p1a: Iron Treads|Iron Treads|100\/100\n|-damage|p1a: Iron Treads|97\/100|[from] Stealth Rock\n|turn|8\n|\n|t:|1700757279\n|switch|p2a: Apollo|Slither Wing|100\/100\n|move|p1a: Iron Treads|Rapid Spin|p2a: Apollo\n|-damage|p2a: Apollo|88\/100\n|-boost|p1a: Iron Treads|spe|1\n|-sideend|p1: Traviee|Stealth Rock|[from] move: Rapid Spin|[of] p1a: Iron Treads\n|\n|-weather|none\n|upkeep\n|turn|9\n|\n|t:|1700757305\n|move|p1a: Iron Treads|Ice Spinner|p2a: Apollo\n|-damage|p2a: Apollo|68\/100\n|move|p2a: Apollo|Flame Charge|p1a: Iron Treads\n|-supereffective|p1a: Iron Treads\n|-damage|p1a: Iron Treads|72\/100\n|-boost|p2a: Apollo|spe|1\n|\n|upkeep\n|turn|10\n|\n|t:|1700757315\n|move|p1a: Iron Treads|Ice Spinner|p2a: Apollo\n|-damage|p2a: Apollo|48\/100\n|move|p2a: Apollo|Flame Charge|p1a: Iron Treads\n|-supereffective|p1a: Iron Treads\n|-damage|p1a: Iron Treads|44\/100\n|-boost|p2a: Apollo|spe|1\n|\n|upkeep\n|turn|11\n|\n|t:|1700757326\n|move|p2a: Apollo|Flame Charge|p1a: Iron Treads\n|-supereffective|p1a: Iron Treads\n|-damage|p1a: Iron Treads|17\/100\n|-boost|p2a: Apollo|spe|1\n|move|p1a: Iron Treads|Ice Spinner|p2a: Apollo\n|-damage|p2a: Apollo|27\/100\n|\n|upkeep\n|turn|12\n|\n|t:|1700757333\n|move|p2a: Apollo|Flame Charge|p1a: Iron Treads\n|-supereffective|p1a: Iron Treads\n|-damage|p1a: Iron Treads|0 fnt\n|-boost|p2a: Apollo|spe|1\n|faint|p1a: Iron Treads\n|-end|p1a: Iron Treads|Quark Drive|[silent]\n|\n|upkeep\n|\n|t:|1700757341\n|switch|p1a: Rillaboom|Rillaboom, M|100\/100\n|-fieldstart|move: Grassy Terrain|[from] ability: Grassy Surge|[of] p1a: Rillaboom\n|turn|13\n|\n|t:|1700757348\n|-terastallize|p1a: Rillaboom|Grass\n|move|p1a: Rillaboom|Grassy Glide|p2a: Apollo\n|-resisted|p2a: Apollo\n|-damage|p2a: Apollo|0 fnt\n|faint|p2a: Apollo\n|-end|p2a: Apollo|Protosynthesis|[silent]\n|\n|upkeep\n|\n|t:|1700757365\n|switch|p2a: Nidhogg|Yanmega, M|100\/100\n|turn|14\n|\n|t:|1700757373\n|switch|p1a: Pelipper|Pelipper, F|100\/100\n|-weather|RainDance|[from] ability: Drizzle|[of] p1a: Pelipper\n|move|p2a: Nidhogg|Bug Buzz|p1a: Pelipper\n|-resisted|p1a: Pelipper\n|-damage|p1a: Pelipper|74\/100\n|-enditem|p2a: Nidhogg|Throat Spray\n|-boost|p2a: Nidhogg|spa|1|[from] item: Throat Spray\n|\n|-weather|RainDance|[upkeep]\n|-ability|p2a: Nidhogg|Speed Boost|boost\n|-boost|p2a: Nidhogg|spe|1\n|upkeep\n|turn|15\n|\n|t:|1700757381\n|move|p2a: Nidhogg|Psychic|p1a: Pelipper\n|-damage|p1a: Pelipper|26\/100\n|-unboost|p1a: Pelipper|spd|1\n|move|p1a: Pelipper|Surf|p2a: Nidhogg\n|-damage|p2a: Nidhogg|27\/100\n|\n|-weather|RainDance|[upkeep]\n|-ability|p2a: Nidhogg|Speed Boost|boost\n|-boost|p2a: Nidhogg|spe|1\n|upkeep\n|turn|16\n|\n|t:|1700757391\n|move|p2a: Nidhogg|Psychic|p1a: Pelipper\n|-crit|p1a: Pelipper\n|-damage|p1a: Pelipper|0 fnt\n|faint|p1a: Pelipper\n|\n|-weather|RainDance|[upkeep]\n|-ability|p2a: Nidhogg|Speed Boost|boost\n|-boost|p2a: Nidhogg|spe|1\n|upkeep\n|\n|t:|1700757396\n|switch|p1a: Rillaboom|Rillaboom, M, tera:Grass|100\/100\n|turn|17\n|\n|t:|1700757401\n|move|p1a: Rillaboom|Grassy Glide|p2a: Nidhogg\n|-resisted|p2a: Nidhogg\n|-damage|p2a: Nidhogg|2\/100\n|move|p2a: Nidhogg|Bug Buzz|p1a: Rillaboom\n|-supereffective|p1a: Rillaboom\n|-damage|p1a: Rillaboom|0 fnt\n|faint|p1a: Rillaboom\n|\n|-weather|RainDance|[upkeep]\n|-fieldend|move: Grassy Terrain\n|-ability|p2a: Nidhogg|Speed Boost|boost\n|-boost|p2a: Nidhogg|spe|1\n|upkeep\n|\n|t:|1700757405\n|switch|p1a: Overqwil|Overqwil, F|100\/100\n|turn|18\n|\n|t:|1700757418\n|move|p2a: Nidhogg|Bug Buzz|p1a: Overqwil\n|-damage|p1a: Overqwil|0 fnt\n|faint|p1a: Overqwil\n|\n|-weather|RainDance|[upkeep]\n|-ability|p2a: Nidhogg|Speed Boost|boost\n|-boost|p2a: Nidhogg|spe|1\n|upkeep\n|-message|Traviee forfeited.\n|\n|win|BugCatcherN8R1X\n|raw|Traviee's rating: 1184 &rarr; <strong>1163<\/strong><br \/>(-21 for losing)\n|raw|BugCatcherN8R1X's rating: 1234 &rarr; <strong>1255<\/strong><br \/>(+21 for winning)\n|l|\u2606Traviee\n|c|\u2606BugCatcherN8R1X|Stay out the tall grass\n","uploadtime":1700757461,"views":0,"p1id":"traviee","p2id":"bugcatchern8r1x","formatid":"gen9ou","rating":1163,"private":0,"password":""}