{"id":"gen9ou-1988482114","p1":"Nikitas","p2":"SiderisVGC","format":"[Gen 9] OU","log":"|j|\u2606Nikitas\n|j|\u2606SiderisVGC\n|t:|1699727659\n|gametype|singles\n|player|p1|Nikitas|pokefanf-gen4|\n|player|p2|SiderisVGC|1|\n|teamsize|p1|6\n|teamsize|p2|6\n|gen|9\n|tier|[Gen 9] OU\n|rule|Sleep Clause Mod: Limit one foe put to sleep\n|rule|Species Clause: Limit one of each Pok\u00e9mon\n|rule|OHKO Clause: OHKO moves are banned\n|rule|Evasion Items Clause: Evasion items are banned\n|rule|Evasion Moves Clause: Evasion moves are banned\n|rule|Endless Battle Clause: Forcing endless battles is banned\n|rule|HP Percentage Mod: HP is shown in percentages\n|clearpoke\n|poke|p1|Garganacl, F|\n|poke|p1|Toxapex, F|\n|poke|p1|Gliscor, F|\n|poke|p1|Iron Valiant|\n|poke|p1|Cinderace, M|\n|poke|p1|Dragonite, M|\n|poke|p2|Great Tusk|\n|poke|p2|Amoonguss, F|\n|poke|p2|Ogerpon-Wellspring, F|\n|poke|p2|Dragapult, M|\n|poke|p2|Heatran, F|\n|poke|p2|Tornadus-Therian, M|\n|teampreview\n|inactive|Battle timer is ON: inactive players will automatically lose when time's up. (requested by SiderisVGC)\n|c|\u2606SiderisVGC|gl\n|c|\u2606Nikitas|glhf\n|j| Coach ataman\n|inactive|SiderisVGC has 270 seconds left.\n|\n|t:|1699727703\n|start\n|switch|p1a: Gliscor|Gliscor, F|100\/100\n|switch|p2a: Great Tusk|Great Tusk|100\/100\n|turn|1\n|\n|t:|1699727727\n|move|p1a: Gliscor|Protect|p1a: Gliscor\n|-singleturn|p1a: Gliscor|Protect\n|move|p2a: Great Tusk|Ice Spinner|p1a: Gliscor\n|-activate|p1a: Gliscor|move: Protect\n|\n|-status|p1a: Gliscor|tox|[from] item: Toxic Orb\n|upkeep\n|turn|2\n|inactive|SiderisVGC has 270 seconds left.\n|\n|t:|1699727754\n|move|p2a: Great Tusk|Ice Spinner|p1a: Gliscor\n|-supereffective|p1a: Gliscor\n|-damage|p1a: Gliscor|35\/100 tox\n|move|p1a: Gliscor|Toxic|p2a: Great Tusk|[miss]\n|-miss|p1a: Gliscor|p2a: Great Tusk\n|\n|-heal|p1a: Gliscor|47\/100 tox|[from] ability: Poison Heal\n|upkeep\n|turn|3\n|inactive|SiderisVGC has 270 seconds left.\n|\n|t:|1699727762\n|switch|p1a: Garganacl|Garganacl, F|100\/100\n|move|p2a: Great Tusk|Stealth Rock|p1a: Garganacl\n|-sidestart|p1: Nikitas|move: Stealth Rock\n|\n|upkeep\n|turn|4\n|inactive|SiderisVGC has 270 seconds left.\n|\n|t:|1699727778\n|move|p2a: Great Tusk|Headlong Rush|p1a: Garganacl\n|-supereffective|p1a: Garganacl\n|-damage|p1a: Garganacl|35\/100\n|-unboost|p2a: Great Tusk|def|1\n|-unboost|p2a: Great Tusk|spd|1\n|move|p1a: Garganacl|Curse|p1a: Garganacl\n|-unboost|p1a: Garganacl|spe|1\n|-boost|p1a: Garganacl|atk|1\n|-boost|p1a: Garganacl|def|1\n|\n|-heal|p1a: Garganacl|41\/100|[from] item: Leftovers\n|upkeep\n|turn|5\n|inactive|SiderisVGC has 270 seconds left.\n|\n|t:|1699727788\n|move|p2a: Great Tusk|Headlong Rush|p1a: Garganacl\n|-supereffective|p1a: Garganacl\n|-damage|p1a: Garganacl|0 fnt\n|-unboost|p2a: Great Tusk|def|1\n|-unboost|p2a: Great Tusk|spd|1\n|faint|p1a: Garganacl\n|\n|upkeep\n|\n|t:|1699727793\n|switch|p1a: Dragonite|Dragonite, M|100\/100\n|turn|6\n|inactive|SiderisVGC has 270 seconds left.\n|inactive|SiderisVGC has 240 seconds left.\n|\n|t:|1699727845\n|move|p2a: Great Tusk|Ice Spinner|p1a: Dragonite\n|-supereffective|p1a: Dragonite\n|-damage|p1a: Dragonite|40\/100\n|move|p1a: Dragonite|Dragon Dance|p1a: Dragonite\n|-boost|p1a: Dragonite|atk|1\n|-boost|p1a: Dragonite|spe|1\n|\n|upkeep\n|turn|7\n|inactive|SiderisVGC has 240 seconds left.\n|\n|t:|1699727860\n|-end|p2a: Great Tusk|Protosynthesis|[silent]\n|switch|p2a: Amoonguss|Amoonguss, F|100\/100\n|move|p1a: Dragonite|Ice Spinner|p2a: Amoonguss\n|-supereffective|p2a: Amoonguss\n|-damage|p2a: Amoonguss|38\/100\n|-damage|p1a: Dragonite|23\/100|[from] item: Rocky Helmet|[of] p2a: Amoonguss\n|\n|upkeep\n|turn|8\n|inactive|SiderisVGC has 240 seconds left.\n|\n|t:|1699727877\n|switch|p2a: Heatran|Heatran, F|100\/100\n|move|p1a: Dragonite|Ice Spinner|p2a: Heatran\n|-resisted|p2a: Heatran\n|-damage|p2a: Heatran|89\/100\n|\n|-heal|p2a: Heatran|95\/100|[from] item: Leftovers\n|upkeep\n|turn|9\n|\n|t:|1699727885\n|switch|p2a: Amoonguss|Amoonguss, F|71\/100\n|move|p1a: Dragonite|Dragon Dance|p1a: Dragonite\n|-boost|p1a: Dragonite|atk|1\n|-boost|p1a: Dragonite|spe|1\n|\n|upkeep\n|turn|10\n|inactive|SiderisVGC has 240 seconds left.\n|\n|t:|1699727916\n|-terastallize|p2a: Amoonguss|Fairy\n|move|p1a: Dragonite|Ice Spinner|p2a: Amoonguss\n|-damage|p2a: Amoonguss|23\/100\n|-damage|p1a: Dragonite|7\/100|[from] item: Rocky Helmet|[of] p2a: Amoonguss\n|move|p2a: Amoonguss|Foul Play|p1a: Dragonite\n|-damage|p1a: Dragonite|0 fnt\n|faint|p1a: Dragonite\n|\n|upkeep\n|\n|t:|1699727922\n|switch|p1a: Iron Valiant|Iron Valiant|100\/100\n|-damage|p1a: Iron Valiant|94\/100|[from] Stealth Rock\n|turn|11\n|\n|t:|1699727927\n|move|p1a: Iron Valiant|Close Combat|p2a: Amoonguss\n|-resisted|p2a: Amoonguss\n|-damage|p2a: Amoonguss|6\/100\n|-unboost|p1a: Iron Valiant|def|1\n|-unboost|p1a: Iron Valiant|spd|1\n|-damage|p1a: Iron Valiant|78\/100|[from] item: Rocky Helmet|[of] p2a: Amoonguss\n|move|p2a: Amoonguss|Spore|p1a: Iron Valiant\n|-status|p1a: Iron Valiant|slp|[from] move: Spore\n|\n|upkeep\n|turn|12\n|c|\u2606Nikitas|gg\n|-message|Nikitas forfeited.\n|\n|win|SiderisVGC\n","uploadtime":1699727937,"views":18,"p1id":"nikitas","p2id":"siderisvgc","formatid":"gen9ou","rating":0,"private":0,"password":""}