{"id":"gen9ou-1994911470","p1":"Sirwings","p2":"Kindyy","format":"[Gen 9] OU","log":"|j|\u2606Sirwings\n|j|\u2606Kindyy\n|inactive|Battle timer is ON: inactive players will automatically lose when time's up.\n|t:|1700503978\n|gametype|singles\n|player|p1|Sirwings|#npl2022ballermannbierbaren|\n|player|p2|Kindyy|1|\n|teamsize|p1|6\n|teamsize|p2|6\n|gen|9\n|tier|[Gen 9] OU\n|rated|Tournament battle\n|rule|Sleep Clause Mod: Limit one foe put to sleep\n|rule|Species Clause: Limit one of each Pok\u00e9mon\n|rule|OHKO Clause: OHKO moves are banned\n|rule|Evasion Items Clause: Evasion items are banned\n|rule|Evasion Moves Clause: Evasion moves are banned\n|rule|Endless Battle Clause: Forcing endless battles is banned\n|rule|HP Percentage Mod: HP is shown in percentages\n|clearpoke\n|poke|p1|Ribombee, M|\n|poke|p1|Glimmora, F|\n|poke|p1|Gholdengo|\n|poke|p1|Dragonite, M|\n|poke|p1|Great Tusk|\n|poke|p1|Samurott-Hisui, M|\n|poke|p2|Enamorus, F|\n|poke|p2|Kingambit, M|\n|poke|p2|Ribombee, M|\n|poke|p2|Ogerpon-Wellspring, F|\n|poke|p2|Gholdengo|\n|poke|p2|Great Tusk|\n|teampreview\n|l|\u2606Kindyy\n|inactive|Kindyy disconnected and has a minute to reconnect!\n|player|p2|\n|j|\u2606Kindyy\n|inactive|Kindyy reconnected and has 125 seconds left.\n|player|p2|Kindyy|1\n|j| Enelfko\n|inactive|Kindyy has 120 seconds left.\n|c|\u2606Kindyy|Gl\n|\n|t:|1700504021\n|start\n|switch|p1a: Ribombee|Ribombee, M|100\/100\n|switch|p2a: Ribombee|Ribombee, M|100\/100\n|turn|1\n|inactive|Kindyy has 120 seconds left.\n|\n|t:|1700504054\n|move|p2a: Ribombee|Moonblast|p1a: Ribombee\n|-damage|p1a: Ribombee|32\/100\n|move|p1a: Ribombee|Moonblast|p2a: Ribombee\n|-damage|p2a: Ribombee|36\/100\n|\n|upkeep\n|turn|2\n|\n|t:|1700504061\n|move|p2a: Ribombee|Moonblast|p1a: Ribombee\n|-damage|p1a: Ribombee|0 fnt\n|faint|p1a: Ribombee\n|\n|upkeep\n|j| rAme<3\n|inactive|Sirwings has 120 seconds left.\n|l| rAme<3\n|\n|t:|1700504088\n|switch|p1a: Dragonite|Dragonite, M|100\/100\n|turn|3\n|\n|t:|1700504096\n|switch|p2a: Gholdengo|Gholdengo|100\/100\n|-item|p2a: Gholdengo|Air Balloon\n|move|p1a: Dragonite|Extreme Speed|p2a: Gholdengo\n|-immune|p2a: Gholdengo\n|\n|upkeep\n|turn|4\n|inactive|Sirwings has 120 seconds left.\n|\n|t:|1700504126\n|switch|p1a: Glimmora|Glimmora, F|100\/100\n|move|p2a: Gholdengo|Shadow Ball|p1a: Glimmora\n|-damage|p1a: Glimmora|47\/100\n|\n|upkeep\n|turn|5\n|\n|t:|1700504136\n|move|p1a: Glimmora|Stealth Rock|p2a: Gholdengo\n|-sidestart|p2: Kindyy|move: Stealth Rock\n|move|p2a: Gholdengo|Shadow Ball|p1a: Glimmora\n|-damage|p1a: Glimmora|0 fnt\n|faint|p1a: Glimmora\n|\n|upkeep\n|\n|t:|1700504140\n|switch|p1a: Samurott|Samurott-Hisui, M|100\/100\n|turn|6\n|\n|t:|1700504145\n|move|p1a: Samurott|Ceaseless Edge|p2a: Gholdengo\n|-supereffective|p2a: Gholdengo\n|-damage|p2a: Gholdengo|3\/100\n|-enditem|p2a: Gholdengo|Air Balloon\n|-sidestart|p2: Kindyy|Spikes\n|move|p2a: Gholdengo|Focus Blast|p1a: Samurott|[miss]\n|-miss|p2a: Gholdengo|p1a: Samurott\n|\n|upkeep\n|turn|7\n|\n|t:|1700504161\n|move|p1a: Samurott|Ceaseless Edge|p2a: Gholdengo\n|-supereffective|p2a: Gholdengo\n|-damage|p2a: Gholdengo|0 fnt\n|-sidestart|p2: Kindyy|Spikes\n|faint|p2a: Gholdengo\n|\n|upkeep\n|\n|t:|1700504163\n|switch|p2a: Ribombee|Ribombee, M|36\/100\n|-damage|p2a: Ribombee|11\/100|[from] Stealth Rock\n|-damage|p2a: Ribombee|0 fnt|[from] Spikes\n|faint|p2a: Ribombee\n|l| Enelfko\n|\n|t:|1700504169\n|switch|p2a: Enamorus|Enamorus, F|100\/100\n|-damage|p2a: Enamorus|76\/100|[from] Stealth Rock\n|turn|8\n|\n|t:|1700504184\n|switch|p1a: Gholdengo|Gholdengo|100\/100\n|-item|p1a: Gholdengo|Air Balloon\n|move|p2a: Enamorus|Superpower|p1a: Gholdengo\n|-immune|p1a: Gholdengo\n|\n|-heal|p2a: Enamorus|82\/100|[from] item: Leftovers\n|upkeep\n|turn|9\n|\n|t:|1700504193\n|switch|p2a: Kingambit|Kingambit, M|100\/100\n|-damage|p2a: Kingambit|94\/100|[from] Stealth Rock\n|-damage|p2a: Kingambit|78\/100|[from] Spikes\n|-activate|p2a: Kingambit|ability: Supreme Overlord\n|-start|p2a: Kingambit|fallen2|[silent]\n|move|p1a: Gholdengo|Make It Rain|p2a: Kingambit\n|-resisted|p2a: Kingambit\n|-crit|p2a: Kingambit\n|-damage|p2a: Kingambit|34\/100\n|-unboost|p1a: Gholdengo|spa|1\n|\n|-heal|p2a: Kingambit|40\/100|[from] item: Leftovers\n|upkeep\n|turn|10\n|\n|t:|1700504204\n|move|p1a: Gholdengo|Focus Blast|p2a: Kingambit\n|-supereffective|p2a: Kingambit\n|-damage|p2a: Kingambit|0 fnt\n|faint|p2a: Kingambit\n|-end|p2a: Kingambit|fallen2|[silent]\n|\n|upkeep\n|\n|t:|1700504211\n|switch|p2a: Ogerpon|Ogerpon-Wellspring, F|100\/100\n|-damage|p2a: Ogerpon|88\/100|[from] Stealth Rock\n|-damage|p2a: Ogerpon|72\/100|[from] Spikes\n|turn|11\n|\n|t:|1700504219\n|move|p2a: Ogerpon|Ivy Cudgel|p1a: Gholdengo|[anim] Ivy Cudgel Water\n|-crit|p1a: Gholdengo\n|-damage|p1a: Gholdengo|0 fnt\n|-enditem|p1a: Gholdengo|Air Balloon\n|faint|p1a: Gholdengo\n|\n|upkeep\n|\n|t:|1700504236\n|switch|p1a: Samurott|Samurott-Hisui, M|100\/100\n|turn|12\n|\n|t:|1700504249\n|move|p2a: Ogerpon|Horn Leech|p1a: Samurott\n|-supereffective|p1a: Samurott\n|-enditem|p1a: Samurott|Rindo Berry|[eat]\n|-enditem|p1a: Samurott|Rindo Berry|[weaken]\n|-damage|p1a: Samurott|40\/100\n|-heal|p2a: Ogerpon|100\/100|[from] drain|[of] p1a: Samurott\n|move|p1a: Samurott|Ceaseless Edge|p2a: Ogerpon\n|-damage|p2a: Ogerpon|47\/100\n|-sidestart|p2: Kindyy|Spikes\n|\n|upkeep\n|turn|13\n|\n|t:|1700504264\n|switch|p1a: Dragonite|Dragonite, M|100\/100\n|move|p2a: Ogerpon|Horn Leech|p1a: Dragonite\n|-resisted|p1a: Dragonite\n|-damage|p1a: Dragonite|95\/100\n|-heal|p2a: Ogerpon|50\/100|[from] drain|[of] p1a: Dragonite\n|\n|upkeep\n|turn|14\n|\n|t:|1700504274\n|switch|p2a: Great Tusk|Great Tusk|100\/100\n|move|p1a: Dragonite|Dragon Dance|p1a: Dragonite\n|-boost|p1a: Dragonite|atk|1\n|-boost|p1a: Dragonite|spe|1\n|\n|upkeep\n|turn|15\n|\n|t:|1700504299\n|move|p1a: Dragonite|Earthquake|p2a: Great Tusk\n|-damage|p2a: Great Tusk|54\/100\n|move|p2a: Great Tusk|Rapid Spin|p1a: Dragonite\n|-damage|p1a: Dragonite|75\/100\n|-boost|p2a: Great Tusk|spe|1\n|-sideend|p2: Kindyy|Spikes|[from] move: Rapid Spin|[of] p2a: Great Tusk\n|-sideend|p2: Kindyy|Stealth Rock|[from] move: Rapid Spin|[of] p2a: Great Tusk\n|\n|upkeep\n|turn|16\n|\n|t:|1700504310\n|-terastallize|p1a: Dragonite|Normal\n|move|p1a: Dragonite|Extreme Speed|p2a: Great Tusk\n|-damage|p2a: Great Tusk|0 fnt\n|faint|p2a: Great Tusk\n|-end|p2a: Great Tusk|Protosynthesis|[silent]\n|\n|upkeep\n|\n|t:|1700504322\n|switch|p2a: Enamorus|Enamorus, F|82\/100\n|turn|17\n|\n|t:|1700504328\n|-terastallize|p2a: Enamorus|Fairy\n|move|p1a: Dragonite|Extreme Speed|p2a: Enamorus\n|-damage|p2a: Enamorus|0 fnt\n|faint|p2a: Enamorus\n|\n|upkeep\n|c|\u2606Kindyy|Gg\n|\n|t:|1700504336\n|switch|p2a: Ogerpon|Ogerpon-Wellspring, F|50\/100\n|turn|18\n|c|\u2606Sirwings|gg\n|\n|t:|1700504340\n|move|p1a: Dragonite|Extreme Speed|p2a: Ogerpon\n|-damage|p2a: Ogerpon|0 fnt\n|faint|p2a: Ogerpon\n|\n|win|Sirwings\n|n|\u2606Sirwings|sirwings\n|n|\u2606Kindyy|kindyy\n","uploadtime":1700504341,"views":7,"p1id":"sirwings","p2id":"kindyy","formatid":"gen9ou","rating":0,"private":0,"password":""}