{"id":"gen9ou-1995115332","p1":"SDK04","p2":"TallGuyInATophat","format":"[Gen 9] OU","log":"|j|\u2606SDK04\n|j|\u2606TallGuyInATophat\n|inactive|Battle timer is ON: inactive players will automatically lose when time's up.\n|t:|1700524239\n|gametype|singles\n|player|p1|SDK04|unknown|\n|player|p2|TallGuyInATophat|gentleman-gen4|\n|teamsize|p1|6\n|teamsize|p2|6\n|gen|9\n|tier|[Gen 9] OU\n|rated|Tournament battle\n|rule|Sleep Clause Mod: Limit one foe put to sleep\n|rule|Species Clause: Limit one of each Pok\u00e9mon\n|rule|OHKO Clause: OHKO moves are banned\n|rule|Evasion Items Clause: Evasion items are banned\n|rule|Evasion Moves Clause: Evasion moves are banned\n|rule|Endless Battle Clause: Forcing endless battles is banned\n|rule|HP Percentage Mod: HP is shown in percentages\n|clearpoke\n|poke|p1|Ribombee, F|\n|poke|p1|Torterra, M|\n|poke|p1|Rillaboom, M|\n|poke|p1|Iron Moth|\n|poke|p1|Manaphy|\n|poke|p1|Gholdengo|\n|poke|p2|Scizor, M|\n|poke|p2|Greninja-*, M|\n|poke|p2|Ninetales-Alola, M|\n|poke|p2|Meowscarada, F|\n|poke|p2|Gengar, M|\n|poke|p2|Noivern, F|\n|teampreview\n|j| AbrarS\n|c| AbrarS|Glhf\n|\n|t:|1700524258\n|start\n|switch|p1a: I set Sticky Web|Ribombee, F, shiny|100\/100\n|switch|p2a: Zhen|Greninja, M|100\/100\n|turn|1\n|\n|t:|1700524266\n|-terastallize|p2a: Zhen|Water\n|move|p2a: Zhen|Water Shuriken|p1a: I set Sticky Web\n|-damage|p1a: I set Sticky Web|85\/100\n|-damage|p1a: I set Sticky Web|70\/100\n|-damage|p1a: I set Sticky Web|53\/100\n|-damage|p1a: I set Sticky Web|37\/100\n|-hitcount|p1a: I set Sticky Web|4\n|move|p1a: I set Sticky Web|Sticky Web|p2a: Zhen\n|-sidestart|p2: TallGuyInATophat|move: Sticky Web\n|\n|upkeep\n|turn|2\n|c|\u2606SDK04|u2\n|j| Weather_Agent67\n|\n|t:|1700524278\n|move|p1a: I set Sticky Web|Stun Spore|p2a: Zhen\n|-status|p2a: Zhen|par\n|cant|p2a: Zhen|par\n|\n|upkeep\n|turn|3\n|c|\u2606TallGuyInATophat|:(\n|\n|t:|1700524285\n|cant|p2a: Zhen|par\n|move|p1a: I set Sticky Web|Moonblast|p2a: Zhen\n|-damage|p2a: Zhen|41\/100 par\n|\n|upkeep\n|turn|4\n|\n|t:|1700524290\n|move|p2a: Zhen|Water Shuriken|p1a: I set Sticky Web\n|-damage|p1a: I set Sticky Web|20\/100\n|-damage|p1a: I set Sticky Web|4\/100\n|-damage|p1a: I set Sticky Web|0 fnt\n|faint|p1a: I set Sticky Web\n|-ability|p2a: Zhen|Battle Bond|boost\n|-boost|p2a: Zhen|atk|1\n|-boost|p2a: Zhen|spa|1\n|-boost|p2a: Zhen|spe|1\n|-activate|p2a: Zhen|ability: Battle Bond\n|-hitcount|p1: I set Sticky Web|3\n|\n|upkeep\n|\n|t:|1700524295\n|switch|p1a: Nature\u2019s Nuke|Rillaboom, M|100\/100\n|-fieldstart|move: Grassy Terrain|[from] ability: Grassy Surge|[of] p1a: Nature\u2019s Nuke\n|turn|5\n|\n|t:|1700524302\n|move|p1a: Nature\u2019s Nuke|Grassy Glide|p2a: Zhen\n|-supereffective|p2a: Zhen\n|-damage|p2a: Zhen|0 fnt\n|faint|p2a: Zhen\n|\n|upkeep\n|\n|t:|1700524308\n|switch|p2a: Draklight|Noivern, F, shiny|100\/100\n|turn|6\n|\n|t:|1700524315\n|switch|p1a: click button \u2192 win|Manaphy, shiny|100\/100\n|move|p2a: Draklight|Defog|p1a: click button \u2192 win\n|-unboost|p1a: click button \u2192 win|evasion|1\n|-sideend|p2: TallGuyInATophat|Sticky Web|[from] move: Defog|[of] p2a: Draklight\n|-fieldend|move: Grassy Terrain\n|\n|upkeep\n|turn|7\n|\n|t:|1700524323\n|move|p2a: Draklight|Boomburst|p1a: click button \u2192 win\n|-damage|p1a: click button \u2192 win|64\/100\n|-enditem|p2a: Draklight|Throat Spray\n|-boost|p2a: Draklight|spa|1|[from] item: Throat Spray\n|move|p1a: click button \u2192 win|Tail Glow|p1a: click button \u2192 win\n|-boost|p1a: click button \u2192 win|spa|3\n|\n|-heal|p1a: click button \u2192 win|71\/100|[from] item: Leftovers\n|upkeep\n|turn|8\n|\n|t:|1700524339\n|move|p2a: Draklight|Dragon Pulse|p1a: click button \u2192 win\n|-damage|p1a: click button \u2192 win|23\/100\n|move|p1a: click button \u2192 win|Ice Beam|p2a: Draklight\n|-supereffective|p2a: Draklight\n|-damage|p2a: Draklight|0 fnt\n|faint|p2a: Draklight\n|\n|-heal|p1a: click button \u2192 win|29\/100|[from] item: Leftovers\n|upkeep\n|\n|t:|1700524350\n|switch|p2a: Smash|Meowscarada, F, shiny|100\/100\n|turn|9\n|j| Charizardman2008\n|\n|t:|1700524362\n|move|p2a: Smash|Flower Trick|p1a: click button \u2192 win\n|-start|p2a: Smash|typechange|Grass|[from] ability: Protean\n|-supereffective|p1a: click button \u2192 win\n|-crit|p1a: click button \u2192 win\n|-damage|p1a: click button \u2192 win|0 fnt\n|faint|p1a: click button \u2192 win\n|\n|upkeep\n|\n|t:|1700524367\n|switch|p1a: Dyson|Iron Moth|100\/100\n|-enditem|p1a: Dyson|Booster Energy\n|-activate|p1a: Dyson|ability: Quark Drive|[fromitem]\n|-start|p1a: Dyson|quarkdrivespa\n|turn|10\n|\n|t:|1700524374\n|move|p2a: Smash|U-turn|p1a: Dyson\n|-resisted|p1a: Dyson\n|-damage|p1a: Dyson|92\/100\n|\n|t:|1700524378\n|switch|p2a: Purpleberry|Gengar, M|100\/100|[from] U-turn\n|move|p1a: Dyson|Fiery Dance|p2a: Purpleberry\n|-damage|p2a: Purpleberry|12\/100\n|-boost|p1a: Dyson|spa|1\n|\n|-heal|p2a: Purpleberry|18\/100|[from] item: Black Sludge\n|upkeep\n|turn|11\n|\n|t:|1700524386\n|move|p2a: Purpleberry|Destiny Bond|p2a: Purpleberry\n|-singlemove|p2a: Purpleberry|Destiny Bond\n|move|p1a: Dyson|Fiery Dance|p2a: Purpleberry\n|-damage|p2a: Purpleberry|0 fnt\n|-boost|p1a: Dyson|spa|1\n|faint|p2a: Purpleberry\n|-activate|p2a: Purpleberry|move: Destiny Bond\n|faint|p1a: Dyson\n|-end|p1a: Dyson|Quark Drive|[silent]\n|\n|upkeep\n|\n|t:|1700524398\n|switch|p2a: Smash|Meowscarada, F, shiny|100\/100\n|switch|p1a: Nature\u2019s Nuke|Rillaboom, M|100\/100\n|-fieldstart|move: Grassy Terrain|[from] ability: Grassy Surge|[of] p1a: Nature\u2019s Nuke\n|turn|12\n|\n|t:|1700524406\n|move|p1a: Nature\u2019s Nuke|Grassy Glide|p2a: Smash\n|-resisted|p2a: Smash\n|-damage|p2a: Smash|66\/100\n|move|p2a: Smash|U-turn|p1a: Nature\u2019s Nuke\n|-start|p2a: Smash|typechange|Bug|[from] ability: Protean\n|-supereffective|p1a: Nature\u2019s Nuke\n|-damage|p1a: Nature\u2019s Nuke|14\/100\n|\n|t:|1700524413\n|switch|p2a: Ironfist|Scizor, M|100\/100|[from] U-turn\n|\n|-heal|p1a: Nature\u2019s Nuke|20\/100|[from] Grassy Terrain\n|upkeep\n|turn|13\n|\n|t:|1700524419\n|move|p2a: Ironfist|Bullet Punch|p1a: Nature\u2019s Nuke\n|-damage|p1a: Nature\u2019s Nuke|0 fnt\n|faint|p1a: Nature\u2019s Nuke\n|\n|upkeep\n|\n|t:|1700524421\n|switch|p1a: Deku|Torterra, M|100\/100\n|turn|14\n|c|\u2606SDK04|Alright\n|\n|t:|1700524427\n|-terastallize|p1a: Deku|Fire\n|move|p2a: Ironfist|Swords Dance|p2a: Ironfist\n|-boost|p2a: Ironfist|atk|2\n|move|p1a: Deku|Shell Smash|p1a: Deku\n|-unboost|p1a: Deku|def|1\n|-unboost|p1a: Deku|spd|1\n|-boost|p1a: Deku|atk|2\n|-boost|p1a: Deku|spa|2\n|-boost|p1a: Deku|spe|2\n|-enditem|p1a: Deku|White Herb\n|-clearnegativeboost|p1a: Deku|[silent]\n|\n|upkeep\n|turn|15\n|c|\u2606SDK04|Now watch this\n|c|\u2606TallGuyInATophat|OH NO!\n|c|\u2606SDK04|__DETROIT\u2026__\n|c| AbrarS|Fire tech\n|\n|t:|1700524445\n|move|p2a: Ironfist|Bullet Punch|p1a: Deku\n|-resisted|p1a: Deku\n|-damage|p1a: Deku|68\/100\n|move|p1a: Deku|Tera Blast|p2a: Ironfist|[anim] Tera Blast Fire\n|-supereffective|p2a: Ironfist\n|-damage|p2a: Ironfist|0 fnt\n|faint|p2a: Ironfist\n|\n|-heal|p1a: Deku|74\/100|[from] Grassy Terrain\n|upkeep\n|\n|t:|1700524463\n|switch|p2a: Spectre|Ninetales-Alola, M, shiny|100\/100\n|-weather|Snow|[from] ability: Snow Warning|[of] p2a: Spectre\n|turn|16\n|\n|t:|1700524469\n|move|p1a: Deku|Wood Hammer|p2a: Spectre\n|-damage|p2a: Spectre|0 fnt\n|faint|p2a: Spectre\n|-damage|p1a: Deku|45\/100|[from] Recoil\n|\n|-weather|Snow|[upkeep]\n|-heal|p1a: Deku|51\/100|[from] Grassy Terrain\n|-fieldend|move: Grassy Terrain\n|upkeep\n|l| Charizardman2008\n|c|\u2606SDK04|**SMASH!!!***\n|c|\u2606TallGuyInATophat|no...\n|c|\u2606TallGuyInATophat|i was doing so well too :(\n|\n|t:|1700524482\n|switch|p2a: Smash|Meowscarada, F, shiny|66\/100\n|turn|17\n|c| AbrarS|Get wooded\n|\n|t:|1700524487\n|move|p1a: Deku|Tera Blast|p2a: Smash|[anim] Tera Blast Fire\n|-supereffective|p2a: Smash\n|-damage|p2a: Smash|0 fnt\n|faint|p2a: Smash\n|\n|win|SDK04\n|n|\u2606SDK04|sdk04\n|n|\u2606TallGuyInATophat|tallguyinatophat\n|n| AbrarS|abrars\n|n| Weather_Agent67|weatheragent67\n|c|\u2606TallGuyInATophat|gg\n|c|\u2606SDK04|gg\n|c|\u2606SDK04|wp\n|l| Weather_Agent67\n|c|\u2606TallGuyInATophat|u2\n","uploadtime":1700524498,"views":5,"p1id":"sdk04","p2id":"tallguyinatophat","formatid":"gen9ou","rating":0,"private":0,"password":""}