{"id":"gen9ou-1995265850","p1":"AkiDes","p2":"AminitraboTTT","format":"[Gen 9] OU","log":"|j|\u2606AkiDes\n|j|\u2606AminitraboTTT\n|t:|1700543672\n|gametype|singles\n|player|p1|AkiDes|volkner|\n|player|p2|AminitraboTTT|supernerd|\n|teamsize|p1|6\n|teamsize|p2|6\n|gen|9\n|tier|[Gen 9] OU\n|rule|Sleep Clause Mod: Limit one foe put to sleep\n|rule|Species Clause: Limit one of each Pok\u00e9mon\n|rule|OHKO Clause: OHKO moves are banned\n|rule|Evasion Items Clause: Evasion items are banned\n|rule|Evasion Moves Clause: Evasion moves are banned\n|rule|Endless Battle Clause: Forcing endless battles is banned\n|rule|HP Percentage Mod: HP is shown in percentages\n|clearpoke\n|poke|p1|Greninja-*, F|\n|poke|p1|Dragonite, M|\n|poke|p1|Cinderace, M|\n|poke|p1|Mandibuzz, F|\n|poke|p1|Jolteon, M|\n|poke|p1|Gengar, M|\n|poke|p2|Zapdos|\n|poke|p2|Heatran, F|\n|poke|p2|Amoonguss, F|\n|poke|p2|Greninja-*, M|\n|poke|p2|Great Tusk|\n|poke|p2|Iron Valiant|\n|teampreview\n|c|\u2606AminitraboTTT|Hola, soy AminitraboTTT, el bot de la sala Espa\u00f1ol. gl hf\n|inactive|Battle timer is ON: inactive players will automatically lose when time's up. (requested by AminitraboTTT)\n|\n|t:|1700543680\n|start\n|switch|p1a: Jarcres|Jolteon, M|100\/100\n|switch|p2a: Great Tusk|Great Tusk|100\/100\n|turn|1\n|\n|t:|1700543687\n|-terastallize|p1a: Jarcres|Ice\n|move|p1a: Jarcres|Tera Blast|p2a: Great Tusk|[anim] Tera Blast Ice\n|-supereffective|p2a: Great Tusk\n|-damage|p2a: Great Tusk|0 fnt\n|faint|p2a: Great Tusk\n|-end|p2a: Great Tusk|Protosynthesis|[silent]\n|\n|upkeep\n|\n|t:|1700543687\n|switch|p2a: Heatran|Heatran, F|100\/100\n|turn|2\n|\n|t:|1700543696\n|switch|p1a: SIUUUU|Cinderace, M|100\/100\n|move|p2a: Heatran|Magma Storm|p1a: SIUUUU\n|-resisted|p1a: SIUUUU\n|-crit|p1a: SIUUUU\n|-damage|p1a: SIUUUU|70\/100\n|-activate|p1a: SIUUUU|move: Magma Storm|[of] p2a: Heatran\n|\n|-damage|p1a: SIUUUU|58\/100|[from] move: Magma Storm|[partiallytrapped]\n|upkeep\n|turn|3\n|\n|t:|1700543701\n|move|p1a: SIUUUU|High Jump Kick|p2a: Heatran\n|-start|p1a: SIUUUU|typechange|Fighting|[from] ability: Libero\n|-supereffective|p2a: Heatran\n|-damage|p2a: Heatran|0 fnt\n|faint|p2a: Heatran\n|\n|-end|p1a: SIUUUU|Magma Storm|[partiallytrapped]|[silent]\n|upkeep\n|\n|t:|1700543701\n|switch|p2a: Zapdos|Zapdos|100\/100\n|turn|4\n|\n|t:|1700543715\n|switch|p1a: Festin celestial|Mandibuzz, F|100\/100\n|-terastallize|p2a: Zapdos|Water\n|move|p2a: Zapdos|Hurricane|p1a: Festin celestial|[miss]\n|-miss|p2a: Zapdos|p1a: Festin celestial\n|\n|upkeep\n|turn|5\n|\n|t:|1700543722\n|switch|p2a: Greninja|Greninja, M|100\/100\n|move|p1a: Festin celestial|Toxic|p2a: Greninja\n|-status|p2a: Greninja|tox\n|\n|-damage|p2a: Greninja|95\/100 tox|[from] psn\n|upkeep\n|turn|6\n|\n|t:|1700543728\n|move|p2a: Greninja|Hydro Pump|p1a: Festin celestial\n|-crit|p1a: Festin celestial\n|-damage|p1a: Festin celestial|24\/100\n|-damage|p2a: Greninja|85\/100 tox|[from] item: Life Orb\n|move|p1a: Festin celestial|Roost|p1a: Festin celestial\n|-heal|p1a: Festin celestial|74\/100\n|-singleturn|p1a: Festin celestial|move: Roost\n|\n|-damage|p2a: Greninja|73\/100 tox|[from] psn\n|upkeep\n|turn|7\n|\n|t:|1700543736\n|move|p2a: Greninja|Ice Beam|p1a: Festin celestial\n|-supereffective|p1a: Festin celestial\n|-damage|p1a: Festin celestial|17\/100\n|-damage|p2a: Greninja|63\/100 tox|[from] item: Life Orb\n|move|p1a: Festin celestial|Roost|p1a: Festin celestial\n|-heal|p1a: Festin celestial|67\/100\n|-singleturn|p1a: Festin celestial|move: Roost\n|\n|-damage|p2a: Greninja|45\/100 tox|[from] psn\n|upkeep\n|turn|8\n|\n|t:|1700543740\n|move|p2a: Greninja|Hydro Pump|p1a: Festin celestial\n|-damage|p1a: Festin celestial|15\/100\n|-damage|p2a: Greninja|35\/100 tox|[from] item: Life Orb\n|move|p1a: Festin celestial|Roost|p1a: Festin celestial\n|-heal|p1a: Festin celestial|65\/100\n|-singleturn|p1a: Festin celestial|move: Roost\n|\n|-damage|p2a: Greninja|11\/100 tox|[from] psn\n|upkeep\n|turn|9\n|\n|t:|1700543746\n|move|p2a: Greninja|Ice Beam|p1a: Festin celestial\n|-supereffective|p1a: Festin celestial\n|-damage|p1a: Festin celestial|2\/100\n|-damage|p2a: Greninja|2\/100 tox|[from] item: Life Orb\n|move|p1a: Festin celestial|Roost|p1a: Festin celestial\n|-heal|p1a: Festin celestial|53\/100\n|-singleturn|p1a: Festin celestial|move: Roost\n|\n|-damage|p2a: Greninja|0 fnt|[from] psn\n|faint|p2a: Greninja\n|upkeep\n|\n|t:|1700543746\n|switch|p2a: Zapdos|Zapdos, tera:Water|100\/100\n|turn|10\n|\n|t:|1700543754\n|move|p2a: Zapdos|Discharge|p1a: Festin celestial\n|-supereffective|p1a: Festin celestial\n|-damage|p1a: Festin celestial|0 fnt\n|faint|p1a: Festin celestial\n|\n|upkeep\n|\n|t:|1700543758\n|switch|p1a: Jarcres|Jolteon, M, tera:Ice|100\/100\n|turn|11\n|\n|t:|1700543760\n|switch|p2a: Amoonguss|Amoonguss, F|100\/100\n|move|p1a: Jarcres|Volt Switch|p2a: Amoonguss\n|-resisted|p2a: Amoonguss\n|-damage|p2a: Amoonguss|78\/100\n|-enditem|p2a: Amoonguss|Red Card|[of] p1a: Jarcres\n|drag|p1a: Cacahuate|Dragonite, M|100\/100\n|\n|upkeep\n|turn|12\n|\n|t:|1700543765\n|switch|p1a: SIUUUU|Cinderace, M|58\/100\n|switch|p2a: Iron Valiant|Iron Valiant|100\/100\n|-enditem|p2a: Iron Valiant|Booster Energy\n|-activate|p2a: Iron Valiant|ability: Quark Drive|[fromitem]\n|-start|p2a: Iron Valiant|quarkdrivespe\n|\n|upkeep\n|turn|13\n|\n|t:|1700543768\n|move|p2a: Iron Valiant|Close Combat|p1a: SIUUUU\n|-damage|p1a: SIUUUU|0 fnt\n|-unboost|p2a: Iron Valiant|def|1\n|-unboost|p2a: Iron Valiant|spd|1\n|faint|p1a: SIUUUU\n|\n|upkeep\n|\n|t:|1700543775\n|switch|p1a: Clefable? ._.|Gengar, M|100\/100\n|turn|14\n|\n|t:|1700543778\n|move|p2a: Iron Valiant|Swords Dance|p2a: Iron Valiant\n|-boost|p2a: Iron Valiant|atk|2\n|move|p1a: Clefable? ._.|Substitute|p1a: Clefable? ._.\n|-start|p1a: Clefable? ._.|Substitute\n|-damage|p1a: Clefable? ._.|76\/100\n|\n|-heal|p1a: Clefable? ._.|82\/100|[from] item: Leftovers\n|upkeep\n|turn|15\n|\n|t:|1700543782\n|move|p2a: Iron Valiant|Knock Off|p1a: Clefable? ._.\n|-supereffective|p1a: Clefable? ._.\n|-end|p1a: Clefable? ._.|Substitute\n|move|p1a: Clefable? ._.|Sludge Bomb|p2a: Iron Valiant\n|-supereffective|p2a: Iron Valiant\n|-damage|p2a: Iron Valiant|0 fnt\n|faint|p2a: Iron Valiant\n|-end|p2a: Iron Valiant|Quark Drive|[silent]\n|\n|-heal|p1a: Clefable? ._.|88\/100|[from] item: Leftovers\n|upkeep\n|\n|t:|1700543783\n|switch|p2a: Zapdos|Zapdos, tera:Water|100\/100\n|turn|16\n|\n|t:|1700543796\n|move|p1a: Clefable? ._.|Substitute|p1a: Clefable? ._.\n|-start|p1a: Clefable? ._.|Substitute\n|-damage|p1a: Clefable? ._.|63\/100\n|move|p2a: Zapdos|Discharge|p1a: Clefable? ._.\n|-end|p1a: Clefable? ._.|Substitute\n|\n|-heal|p1a: Clefable? ._.|69\/100|[from] item: Leftovers\n|upkeep\n|turn|17\n|\n|t:|1700543810\n|move|p1a: Clefable? ._.|Substitute|p1a: Clefable? ._.\n|-start|p1a: Clefable? ._.|Substitute\n|-damage|p1a: Clefable? ._.|44\/100\n|move|p2a: Zapdos|Hurricane|p1a: Clefable? ._.|[miss]\n|-miss|p2a: Zapdos|p1a: Clefable? ._.\n|\n|-heal|p1a: Clefable? ._.|50\/100|[from] item: Leftovers\n|upkeep\n|turn|18\n|\n|t:|1700543817\n|move|p1a: Clefable? ._.|Sludge Bomb|p2a: Zapdos\n|-damage|p2a: Zapdos|52\/100\n|move|p2a: Zapdos|Discharge|p1a: Clefable? ._.\n|-end|p1a: Clefable? ._.|Substitute\n|\n|-heal|p1a: Clefable? ._.|56\/100|[from] item: Leftovers\n|upkeep\n|turn|19\n|\n|t:|1700543823\n|move|p1a: Clefable? ._.|Sludge Bomb|p2a: Zapdos\n|-crit|p2a: Zapdos\n|-damage|p2a: Zapdos|0 fnt\n|faint|p2a: Zapdos\n|\n|-heal|p1a: Clefable? ._.|63\/100|[from] item: Leftovers\n|upkeep\n|\n|t:|1700543823\n|switch|p2a: Amoonguss|Amoonguss, F|100\/100\n|turn|20\n|\n|t:|1700543830\n|move|p1a: Clefable? ._.|Substitute|p1a: Clefable? ._.\n|-start|p1a: Clefable? ._.|Substitute\n|-damage|p1a: Clefable? ._.|38\/100\n|move|p2a: Amoonguss|Spore||[still]\n|-fail|p2a: Amoonguss\n|\n|-heal|p1a: Clefable? ._.|44\/100|[from] item: Leftovers\n|upkeep\n|turn|21\n|\n|t:|1700543833\n|move|p1a: Clefable? ._.|Shadow Ball|p2a: Amoonguss\n|-crit|p2a: Amoonguss\n|-damage|p2a: Amoonguss|39\/100\n|move|p2a: Amoonguss|Foul Play|p1a: Clefable? ._.\n|-supereffective|p1a: Clefable? ._.\n|-end|p1a: Clefable? ._.|Substitute\n|\n|-heal|p1a: Clefable? ._.|50\/100|[from] item: Leftovers\n|upkeep\n|turn|22\n|\n|t:|1700543840\n|move|p1a: Clefable? ._.|Shadow Ball|p2a: Amoonguss\n|-damage|p2a: Amoonguss|0 fnt\n|faint|p2a: Amoonguss\n|\n|win|AkiDes\n|c|\u2606AminitraboTTT|gg wp\n|l|\u2606AminitraboTTT\n","uploadtime":1700543847,"views":2,"p1id":"akides","p2id":"aminitrabottt","formatid":"gen9ou","rating":0,"private":0,"password":""}