{"id":"gen9ou-1988865782","p1":"BizarreSlime","p2":"17 character limit","format":"[Gen 9] OU","log":"|j|\u2606BizarreSlime\n|j|\u260617 character limit\n|t:|1699776816\n|gametype|singles\n|player|p1|BizarreSlime|archer|1315\n|player|p2|17 character limit|cilan|1233\n|teamsize|p1|6\n|teamsize|p2|6\n|gen|9\n|tier|[Gen 9] OU\n|rated|\n|rule|Sleep Clause Mod: Limit one foe put to sleep\n|rule|Species Clause: Limit one of each Pok\u00e9mon\n|rule|OHKO Clause: OHKO moves are banned\n|rule|Evasion Items Clause: Evasion items are banned\n|rule|Evasion Moves Clause: Evasion moves are banned\n|rule|Endless Battle Clause: Forcing endless battles is banned\n|rule|HP Percentage Mod: HP is shown in percentages\n|clearpoke\n|poke|p1|Amoonguss, M|\n|poke|p1|Heatran, M|\n|poke|p1|Dragapult, M|\n|poke|p1|Weavile, M|\n|poke|p1|Enamorus, F|\n|poke|p1|Great Tusk|\n|poke|p2|Dragapult, M|\n|poke|p2|Clefable, M|\n|poke|p2|Alomomola, M|\n|poke|p2|Ting-Lu|\n|poke|p2|Moltres|\n|poke|p2|Garganacl, M|\n|teampreview\n|inactive|Battle timer is ON: inactive players will automatically lose when time's up. (requested by 17 character limit)\n|l|\u260617 character limit\n|inactive|17 character limit disconnected and has a minute to reconnect!\n|player|p2|\n|\n|t:|1699776835\n|start\n|switch|p1a: Enamorus|Enamorus, F, shiny|100\/100\n|switch|p2a: Dragapult|Dragapult, M|100\/100\n|turn|1\n|inactive|17 character limit has 30 seconds to reconnect!\n|inactive|17 character limit has 20 seconds to reconnect!\n|j|\u260617 character limit\n|inactive|17 character limit reconnected and has 110 seconds left.\n|player|p2|17 character limit|cilan\n|\n|t:|1699776884\n|switch|p2a: Moltres|Moltres|100\/100\n|move|p1a: Enamorus|Moonblast|p2a: Moltres\n|-resisted|p2a: Moltres\n|-damage|p2a: Moltres|84\/100\n|\n|upkeep\n|turn|2\n|\n|t:|1699776888\n|switch|p1a: Heatran|Heatran, M, shiny|100\/100\n|-item|p1a: Heatran|Air Balloon\n|move|p2a: Moltres|U-turn|p1a: Heatran\n|-resisted|p1a: Heatran\n|-damage|p1a: Heatran|97\/100\n|-enditem|p1a: Heatran|Air Balloon\n|\n|t:|1699776898\n|switch|p2a: Ting-Lu|Ting-Lu|100\/100|[from] U-turn\n|-ability|p2a: Ting-Lu|Vessel of Ruin\n|\n|upkeep\n|turn|3\n|\n|t:|1699776903\n|move|p1a: Heatran|Will-O-Wisp|p2a: Ting-Lu\n|-status|p2a: Ting-Lu|brn\n|move|p2a: Ting-Lu|Spikes|p1a: Heatran\n|-sidestart|p1: BizarreSlime|Spikes\n|\n|-damage|p2a: Ting-Lu|94\/100 brn|[from] brn\n|upkeep\n|turn|4\n|\n|t:|1699776911\n|switch|p1a: Enamorus|Enamorus, F, shiny|100\/100\n|move|p2a: Ting-Lu|Spikes|p1a: Enamorus\n|-sidestart|p1: BizarreSlime|Spikes\n|\n|-damage|p2a: Ting-Lu|88\/100 brn|[from] brn\n|upkeep\n|turn|5\n|\n|t:|1699776916\n|switch|p1a: Great Tusk|Great Tusk, shiny|100\/100\n|-damage|p1a: Great Tusk|84\/100|[from] Spikes\n|move|p2a: Ting-Lu|Ruination|p1a: Great Tusk\n|-damage|p1a: Great Tusk|42\/100\n|\n|-heal|p1a: Great Tusk|48\/100|[from] item: Leftovers\n|-damage|p2a: Ting-Lu|82\/100 brn|[from] brn\n|upkeep\n|turn|6\n|\n|t:|1699776922\n|switch|p2a: Moltres|Moltres|84\/100\n|move|p1a: Great Tusk|Ice Spinner|p2a: Moltres\n|-damage|p2a: Moltres|53\/100\n|-status|p1a: Great Tusk|brn|[from] ability: Flame Body|[of] p2a: Moltres\n|\n|-heal|p1a: Great Tusk|55\/100 brn|[from] item: Leftovers\n|-damage|p1a: Great Tusk|48\/100 brn|[from] brn\n|upkeep\n|turn|7\n|\n|t:|1699776928\n|move|p1a: Great Tusk|Rapid Spin|p2a: Moltres\n|-damage|p2a: Moltres|44\/100\n|-boost|p1a: Great Tusk|spe|1\n|-sideend|p1: BizarreSlime|Spikes|[from] move: Rapid Spin|[of] p1a: Great Tusk\n|move|p2a: Moltres|Roost|p2a: Moltres\n|-heal|p2a: Moltres|94\/100\n|-singleturn|p2a: Moltres|move: Roost\n|\n|-heal|p1a: Great Tusk|55\/100 brn|[from] item: Leftovers\n|-damage|p1a: Great Tusk|48\/100 brn|[from] brn\n|upkeep\n|turn|8\n|\n|t:|1699776932\n|-end|p1a: Great Tusk|Protosynthesis|[silent]\n|switch|p1a: Heatran|Heatran, M, shiny|97\/100\n|move|p2a: Moltres|U-turn|p1a: Heatran\n|-resisted|p1a: Heatran\n|-damage|p1a: Heatran|94\/100\n|\n|t:|1699776934\n|switch|p2a: Ting-Lu|Ting-Lu|82\/100 brn|[from] U-turn\n|-ability|p2a: Ting-Lu|Vessel of Ruin\n|\n|-damage|p2a: Ting-Lu|76\/100 brn|[from] brn\n|upkeep\n|turn|9\n|\n|t:|1699776938\n|move|p1a: Heatran|Magma Storm|p2a: Ting-Lu\n|-damage|p2a: Ting-Lu|41\/100 brn\n|-activate|p2a: Ting-Lu|move: Magma Storm|[of] p1a: Heatran\n|-enditem|p2a: Ting-Lu|Red Card|[of] p1a: Heatran\n|drag|p1a: Amoonguss|Amoonguss, M, shiny|100\/100\n|move|p2a: Ting-Lu|Spikes|p1a: Amoonguss\n|-sidestart|p1: BizarreSlime|Spikes\n|\n|-damage|p2a: Ting-Lu|35\/100 brn|[from] brn\n|-end|p2a: Ting-Lu|Magma Storm|[partiallytrapped]|[silent]\n|upkeep\n|turn|10\n|inactive|17 character limit has 120 seconds left.\n|\n|t:|1699776970\n|switch|p2a: Moltres|Moltres|94\/100\n|move|p1a: Amoonguss|Giga Drain|p2a: Moltres\n|-resisted|p2a: Moltres\n|-damage|p2a: Moltres|91\/100\n|\n|upkeep\n|turn|11\n|\n|t:|1699776977\n|move|p2a: Moltres|Flamethrower|p1a: Amoonguss\n|-supereffective|p1a: Amoonguss\n|-damage|p1a: Amoonguss|48\/100\n|-enditem|p1a: Amoonguss|Red Card|[of] p2a: Moltres\n|drag|p2a: Dragapult|Dragapult, M|100\/100\n|move|p1a: Amoonguss|Spore|p2a: Dragapult\n|-status|p2a: Dragapult|slp|[from] move: Spore\n|\n|upkeep\n|turn|12\n|l|\u260617 character limit\n|inactive|17 character limit disconnected and has a minute to reconnect!\n|player|p2|\n|\n|t:|1699776997\n|switch|p1a: Heatran|Heatran, M, shiny|94\/100\n|-damage|p1a: Heatran|82\/100|[from] Spikes\n|cant|p2a: Dragapult|slp\n|\n|upkeep\n|turn|13\n|j|\u260617 character limit\n|inactive|17 character limit reconnected and has 125 seconds left.\n|player|p2|17 character limit|cilan\n|\n|t:|1699777024\n|cant|p2a: Dragapult|slp\n|move|p1a: Heatran|Stealth Rock|p2a: Dragapult\n|-sidestart|p2: 17 character limit|move: Stealth Rock\n|\n|upkeep\n|turn|14\n|\n|t:|1699777028\n|-curestatus|p2a: Dragapult|slp|[msg]\n|move|p2a: Dragapult|U-turn|p1a: Heatran\n|-resisted|p1a: Heatran\n|-damage|p1a: Heatran|78\/100\n|\n|t:|1699777034\n|switch|p2a: Garganacl|Garganacl, M|100\/100|[from] U-turn\n|-damage|p2a: Garganacl|88\/100|[from] Stealth Rock\n|move|p1a: Heatran|Magma Storm|p2a: Garganacl\n|-resisted|p2a: Garganacl\n|-damage|p2a: Garganacl|64\/100\n|-activate|p2a: Garganacl|move: Magma Storm|[of] p1a: Heatran\n|\n|-heal|p2a: Garganacl|71\/100|[from] item: Leftovers\n|-damage|p2a: Garganacl|58\/100|[from] move: Magma Storm|[partiallytrapped]\n|upkeep\n|turn|15\n|\n|t:|1699777043\n|-terastallize|p2a: Garganacl|Water\n|move|p1a: Heatran|Earth Power|p2a: Garganacl\n|-damage|p2a: Garganacl|28\/100\n|-unboost|p2a: Garganacl|spd|1\n|move|p2a: Garganacl|Recover|p2a: Garganacl\n|-heal|p2a: Garganacl|78\/100\n|\n|-heal|p2a: Garganacl|85\/100|[from] item: Leftovers\n|-damage|p2a: Garganacl|72\/100|[from] move: Magma Storm|[partiallytrapped]\n|upkeep\n|turn|16\n|\n|t:|1699777057\n|switch|p1a: Amoonguss|Amoonguss, M, shiny|82\/100\n|-damage|p1a: Amoonguss|69\/100|[from] Spikes\n|move|p2a: Garganacl|Salt Cure|p1a: Amoonguss\n|-damage|p1a: Amoonguss|55\/100\n|-start|p1a: Amoonguss|Salt Cure\n|\n|-heal|p2a: Garganacl|78\/100|[from] item: Leftovers\n|-end|p2a: Garganacl|Magma Storm|[partiallytrapped]|[silent]\n|-damage|p1a: Amoonguss|43\/100|[from] Salt Cure\n|upkeep\n|turn|17\n|\n|t:|1699777074\n|switch|p2a: Moltres|Moltres|91\/100\n|move|p1a: Amoonguss|Spore|p2a: Moltres\n|-status|p2a: Moltres|slp|[from] move: Spore\n|\n|-damage|p1a: Amoonguss|31\/100|[from] Salt Cure\n|upkeep\n|turn|18\n|\n|t:|1699777086\n|switch|p2a: Clefable|Clefable, M|100\/100\n|switch|p1a: Enamorus|Enamorus, F, shiny|100\/100\n|\n|upkeep\n|turn|19\n|\n|t:|1699777089\n|move|p1a: Enamorus|Calm Mind|p1a: Enamorus\n|-boost|p1a: Enamorus|spa|1\n|-boost|p1a: Enamorus|spd|1\n|move|p2a: Clefable|Wish|p2a: Clefable\n|\n|upkeep\n|turn|20\n|\n|t:|1699777092\n|move|p1a: Enamorus|Moonblast|p2a: Clefable\n|-damage|p2a: Clefable|67\/100\n|move|p2a: Clefable|Calm Mind|p2a: Clefable\n|-boost|p2a: Clefable|spa|1\n|-boost|p2a: Clefable|spd|1\n|\n|-heal|p2a: Clefable|100\/100|[from] move: Wish|[wisher] Clefable\n|upkeep\n|turn|21\n|\n|t:|1699777096\n|move|p1a: Enamorus|Calm Mind|p1a: Enamorus\n|-boost|p1a: Enamorus|spa|1\n|-boost|p1a: Enamorus|spd|1\n|move|p2a: Clefable|Calm Mind|p2a: Clefable\n|-boost|p2a: Clefable|spa|1\n|-boost|p2a: Clefable|spd|1\n|\n|upkeep\n|turn|22\n|\n|t:|1699777104\n|move|p1a: Enamorus|Moonblast|p2a: Clefable\n|-damage|p2a: Clefable|84\/100\n|-unboost|p2a: Clefable|spa|1\n|move|p2a: Clefable|Calm Mind|p2a: Clefable\n|-boost|p2a: Clefable|spa|1\n|-boost|p2a: Clefable|spd|1\n|\n|upkeep\n|turn|23\n|\n|t:|1699777112\n|switch|p1a: Heatran|Heatran, M, shiny|78\/100\n|-damage|p1a: Heatran|65\/100|[from] Spikes\n|move|p2a: Clefable|Moonblast|p1a: Heatran\n|-resisted|p1a: Heatran\n|-damage|p1a: Heatran|50\/100\n|-unboost|p1a: Heatran|spa|1\n|\n|upkeep\n|turn|24\n|\n|t:|1699777119\n|switch|p2a: Moltres|Moltres|91\/100 slp\n|move|p1a: Heatran|Will-O-Wisp||[still]\n|-fail|p1a: Heatran\n|\n|upkeep\n|turn|25\n|\n|t:|1699777125\n|switch|p1a: Dragapult|Dragapult, M, shiny|100\/100\n|cant|p2a: Moltres|slp\n|\n|upkeep\n|turn|26\n|\n|t:|1699777130\n|move|p1a: Dragapult|Hex|p2a: Moltres\n|-damage|p2a: Moltres|52\/100 slp\n|cant|p2a: Moltres|slp\n|\n|upkeep\n|turn|27\n|\n|t:|1699777137\n|switch|p2a: Garganacl|Garganacl, M, tera:Water|78\/100\n|-damage|p2a: Garganacl|66\/100|[from] Stealth Rock\n|move|p1a: Dragapult|Dragon Darts|p2a: Garganacl\n|-damage|p2a: Garganacl|55\/100\n|-anim|p1a: Dragapult|Dragon Darts|p2a: Garganacl\n|-damage|p2a: Garganacl|45\/100\n|\n|-heal|p2a: Garganacl|51\/100|[from] item: Leftovers\n|upkeep\n|turn|28\n|\n|t:|1699777145\n|move|p1a: Dragapult|U-turn|p2a: Garganacl\n|-damage|p2a: Garganacl|40\/100\n|\n|t:|1699777148\n|switch|p1a: Amoonguss|Amoonguss, M, shiny|64\/100|[from] U-turn\n|-damage|p1a: Amoonguss|52\/100|[from] Spikes\n|move|p2a: Garganacl|Recover|p2a: Garganacl\n|-heal|p2a: Garganacl|90\/100\n|\n|-heal|p2a: Garganacl|97\/100|[from] item: Leftovers\n|upkeep\n|turn|29\n|\n|t:|1699777156\n|switch|p2a: Moltres|Moltres|52\/100 slp\n|switch|p1a: Dragapult|Dragapult, M, shiny|100\/100\n|\n|upkeep\n|turn|30\n|\n|t:|1699777163\n|move|p1a: Dragapult|Hex|p2a: Moltres\n|-damage|p2a: Moltres|11\/100 slp\n|cant|p2a: Moltres|slp\n|\n|upkeep\n|turn|31\n|\n|t:|1699777171\n|switch|p2a: Clefable|Clefable, M|84\/100\n|move|p1a: Dragapult|Dragon Darts|p2a: Clefable\n|-immune|p2a: Clefable\n|\n|upkeep\n|turn|32\n|\n|t:|1699777175\n|move|p1a: Dragapult|Thunder Wave|p2a: Clefable\n|-status|p2a: Clefable|par\n|move|p2a: Clefable|Wish|p2a: Clefable\n|\n|upkeep\n|turn|33\n|\n|t:|1699777190\n|switch|p2a: Moltres|Moltres|11\/100 slp\n|-terastallize|p1a: Dragapult|Ghost\n|move|p1a: Dragapult|Hex|p2a: Moltres\n|-damage|p2a: Moltres|0 fnt\n|faint|p2a: Moltres\n|\n|upkeep\n|\n|t:|1699777201\n|switch|p2a: Garganacl|Garganacl, M, tera:Water|97\/100\n|-damage|p2a: Garganacl|84\/100|[from] Stealth Rock\n|turn|34\n|\n|t:|1699777204\n|move|p1a: Dragapult|U-turn|p2a: Garganacl\n|-damage|p2a: Garganacl|74\/100\n|\n|t:|1699777221\n|switch|p1a: Amoonguss|Amoonguss, M, shiny|85\/100|[from] U-turn\n|-damage|p1a: Amoonguss|73\/100|[from] Spikes\n|move|p2a: Garganacl|Salt Cure|p1a: Amoonguss\n|-damage|p1a: Amoonguss|59\/100\n|-start|p1a: Amoonguss|Salt Cure\n|\n|-heal|p2a: Garganacl|80\/100|[from] item: Leftovers\n|-damage|p1a: Amoonguss|46\/100|[from] Salt Cure\n|upkeep\n|turn|35\n|\n|t:|1699777244\n|move|p2a: Garganacl|Protect|p2a: Garganacl\n|-singleturn|p2a: Garganacl|Protect\n|move|p1a: Amoonguss|Giga Drain|p2a: Garganacl\n|-activate|p2a: Garganacl|move: Protect\n|\n|-heal|p2a: Garganacl|86\/100|[from] item: Leftovers\n|-damage|p1a: Amoonguss|34\/100|[from] Salt Cure\n|upkeep\n|turn|36\n|\n|t:|1699777251\n|move|p2a: Garganacl|Stealth Rock|p1a: Amoonguss\n|-sidestart|p1: BizarreSlime|move: Stealth Rock\n|move|p1a: Amoonguss|Giga Drain|p2a: Garganacl\n|-supereffective|p2a: Garganacl\n|-damage|p2a: Garganacl|43\/100\n|-heal|p1a: Amoonguss|54\/100|[from] drain|[of] p2a: Garganacl\n|\n|-heal|p2a: Garganacl|50\/100|[from] item: Leftovers\n|-damage|p1a: Amoonguss|42\/100|[from] Salt Cure\n|upkeep\n|turn|37\n|\n|t:|1699777260\n|switch|p1a: Great Tusk|Great Tusk, shiny|48\/100 brn\n|-damage|p1a: Great Tusk|36\/100 brn|[from] Spikes\n|-damage|p1a: Great Tusk|33\/100 brn|[from] Stealth Rock\n|move|p2a: Garganacl|Protect||[still]\n|-fail|p2a: Garganacl\n|\n|-heal|p1a: Great Tusk|39\/100 brn|[from] item: Leftovers\n|-heal|p2a: Garganacl|56\/100|[from] item: Leftovers\n|-damage|p1a: Great Tusk|33\/100 brn|[from] brn\n|upkeep\n|turn|38\n|\n|t:|1699777269\n|switch|p2a: Dragapult|Dragapult, M|100\/100\n|-damage|p2a: Dragapult|88\/100|[from] Stealth Rock\n|move|p1a: Great Tusk|Rapid Spin|p2a: Dragapult\n|-immune|p2a: Dragapult\n|\n|-heal|p1a: Great Tusk|39\/100 brn|[from] item: Leftovers\n|-damage|p1a: Great Tusk|33\/100 brn|[from] brn\n|upkeep\n|turn|39\n|\n|t:|1699777281\n|move|p2a: Dragapult|Shadow Ball|p1a: Great Tusk\n|-damage|p1a: Great Tusk|0 fnt\n|faint|p1a: Great Tusk\n|-end|p1a: Great Tusk|Protosynthesis|[silent]\n|\n|upkeep\n|\n|t:|1699777291\n|switch|p1a: Enamorus|Enamorus, F, shiny|100\/100\n|turn|40\n|\n|t:|1699777300\n|move|p2a: Dragapult|Shadow Ball|p1a: Enamorus\n|-damage|p1a: Enamorus|30\/100\n|move|p1a: Enamorus|Calm Mind|p1a: Enamorus\n|-boost|p1a: Enamorus|spa|1\n|-boost|p1a: Enamorus|spd|1\n|\n|upkeep\n|turn|41\n|\n|t:|1699777305\n|move|p2a: Dragapult|Shadow Ball|p1a: Enamorus\n|-damage|p1a: Enamorus|0 fnt\n|faint|p1a: Enamorus\n|\n|upkeep\n|\n|t:|1699777307\n|switch|p1a: Weavile|Weavile, M, shiny|100\/100\n|-damage|p1a: Weavile|88\/100|[from] Spikes\n|-damage|p1a: Weavile|63\/100|[from] Stealth Rock\n|turn|42\n|\n|t:|1699777312\n|switch|p2a: Alomomola|Alomomola, M|100\/100\n|move|p1a: Weavile|Knock Off|p2a: Alomomola\n|-damage|p2a: Alomomola|75\/100\n|-enditem|p2a: Alomomola|Heavy-Duty Boots|[from] move: Knock Off|[of] p1a: Weavile\n|\n|upkeep\n|turn|43\n|\n|t:|1699777320\n|move|p1a: Weavile|Swords Dance|p1a: Weavile\n|-boost|p1a: Weavile|atk|2\n|move|p2a: Alomomola|Scald|p1a: Weavile\n|-damage|p1a: Weavile|45\/100\n|\n|upkeep\n|turn|44\n|\n|t:|1699777326\n|move|p1a: Weavile|Icicle Crash|p2a: Alomomola|[miss]\n|-miss|p1a: Weavile|p2a: Alomomola\n|move|p2a: Alomomola|Scald|p1a: Weavile\n|-damage|p1a: Weavile|25\/100\n|\n|upkeep\n|turn|45\n|\n|t:|1699777328\n|move|p1a: Weavile|Icicle Crash|p2a: Alomomola\n|-resisted|p2a: Alomomola\n|-damage|p2a: Alomomola|47\/100\n|move|p2a: Alomomola|Scald|p1a: Weavile\n|-damage|p1a: Weavile|6\/100\n|\n|upkeep\n|turn|46\n|\n|t:|1699777331\n|move|p1a: Weavile|Icicle Crash|p2a: Alomomola|[miss]\n|-miss|p1a: Weavile|p2a: Alomomola\n|move|p2a: Alomomola|Wish|p2a: Alomomola\n|\n|upkeep\n|turn|47\n|\n|t:|1699777333\n|move|p1a: Weavile|Icicle Crash|p2a: Alomomola\n|-resisted|p2a: Alomomola\n|-damage|p2a: Alomomola|22\/100\n|move|p2a: Alomomola|Flip Turn|p1a: Weavile\n|-damage|p1a: Weavile|0 fnt\n|faint|p1a: Weavile\n|\n|t:|1699777337\n|switch|p2a: Ting-Lu|Ting-Lu|35\/100 brn|[from] Flip Turn\n|-damage|p2a: Ting-Lu|29\/100 brn|[from] Stealth Rock\n|-ability|p2a: Ting-Lu|Vessel of Ruin\n|\n|-heal|p2a: Ting-Lu|81\/100 brn|[from] move: Wish|[wisher] Alomomola\n|-damage|p2a: Ting-Lu|74\/100 brn|[from] brn\n|upkeep\n|\n|t:|1699777340\n|switch|p1a: Amoonguss|Amoonguss, M, shiny|75\/100\n|-damage|p1a: Amoonguss|63\/100|[from] Spikes\n|-damage|p1a: Amoonguss|50\/100|[from] Stealth Rock\n|turn|48\n|\n|t:|1699777348\n|move|p1a: Amoonguss|Giga Drain|p2a: Ting-Lu\n|-supereffective|p2a: Ting-Lu\n|-damage|p2a: Ting-Lu|45\/100 brn\n|-heal|p1a: Amoonguss|68\/100|[from] drain|[of] p2a: Ting-Lu\n|move|p2a: Ting-Lu|Whirlwind|p1a: Amoonguss\n|drag|p1a: Dragapult|Dragapult, M, shiny, tera:Ghost|100\/100\n|\n|-damage|p2a: Ting-Lu|39\/100 brn|[from] brn\n|upkeep\n|turn|49\n|\n|t:|1699777352\n|move|p1a: Dragapult|Dragon Darts|p2a: Ting-Lu\n|-damage|p2a: Ting-Lu|30\/100 brn\n|-anim|p1a: Dragapult|Dragon Darts|p2a: Ting-Lu\n|-damage|p2a: Ting-Lu|22\/100 brn\n|move|p2a: Ting-Lu|Ruination|p1a: Dragapult\n|-damage|p1a: Dragapult|51\/100\n|\n|-damage|p2a: Ting-Lu|16\/100 brn|[from] brn\n|upkeep\n|turn|50\n|\n|t:|1699777377\n|move|p1a: Dragapult|Hex|p2a: Ting-Lu\n|-resisted|p2a: Ting-Lu\n|-damage|p2a: Ting-Lu|0 fnt\n|faint|p2a: Ting-Lu\n|\n|upkeep\n|\n|t:|1699777379\n|switch|p2a: Dragapult|Dragapult, M|88\/100\n|-damage|p2a: Dragapult|76\/100|[from] Stealth Rock\n|turn|51\n|\n|t:|1699777383\n|move|p1a: Dragapult|Dragon Darts|p2a: Dragapult\n|-supereffective|p2a: Dragapult\n|-damage|p2a: Dragapult|22\/100\n|-anim|p1a: Dragapult|Dragon Darts|p2a: Dragapult\n|-supereffective|p2a: Dragapult\n|-damage|p2a: Dragapult|0 fnt\n|faint|p2a: Dragapult\n|\n|upkeep\n|\n|t:|1699777394\n|switch|p2a: Garganacl|Garganacl, M, tera:Water|56\/100\n|-damage|p2a: Garganacl|43\/100|[from] Stealth Rock\n|turn|52\n|\n|t:|1699777401\n|move|p1a: Dragapult|Dragon Darts|p2a: Garganacl\n|-damage|p2a: Garganacl|34\/100\n|-anim|p1a: Dragapult|Dragon Darts|p2a: Garganacl\n|-damage|p2a: Garganacl|24\/100\n|move|p2a: Garganacl|Recover|p2a: Garganacl\n|-heal|p2a: Garganacl|74\/100\n|\n|-heal|p2a: Garganacl|80\/100|[from] item: Leftovers\n|upkeep\n|turn|53\n|\n|t:|1699777404\n|move|p1a: Dragapult|U-turn|p2a: Garganacl\n|-damage|p2a: Garganacl|70\/100\n|\n|t:|1699777409\n|switch|p1a: Amoonguss|Amoonguss, M, shiny|100\/100|[from] U-turn\n|-damage|p1a: Amoonguss|88\/100|[from] Spikes\n|-damage|p1a: Amoonguss|76\/100|[from] Stealth Rock\n|move|p2a: Garganacl|Salt Cure|p1a: Amoonguss\n|-damage|p1a: Amoonguss|60\/100\n|-start|p1a: Amoonguss|Salt Cure\n|\n|-heal|p2a: Garganacl|76\/100|[from] item: Leftovers\n|-damage|p1a: Amoonguss|48\/100|[from] Salt Cure\n|upkeep\n|turn|54\n|\n|t:|1699777414\n|move|p2a: Garganacl|Protect|p2a: Garganacl\n|-singleturn|p2a: Garganacl|Protect\n|move|p1a: Amoonguss|Giga Drain|p2a: Garganacl\n|-activate|p2a: Garganacl|move: Protect\n|\n|-heal|p2a: Garganacl|83\/100|[from] item: Leftovers\n|-damage|p1a: Amoonguss|35\/100|[from] Salt Cure\n|upkeep\n|turn|55\n|\n|t:|1699777417\n|switch|p2a: Clefable|Clefable, M|84\/100 par\n|move|p1a: Amoonguss|Giga Drain|p2a: Clefable\n|-damage|p2a: Clefable|69\/100 par\n|-heal|p1a: Amoonguss|42\/100|[from] drain|[of] p2a: Clefable\n|\n|-damage|p1a: Amoonguss|30\/100|[from] Salt Cure\n|upkeep\n|turn|56\n|\n|t:|1699777420\n|switch|p1a: Heatran|Heatran, M, shiny|50\/100\n|-damage|p1a: Heatran|38\/100|[from] Spikes\n|-damage|p1a: Heatran|26\/100|[from] Stealth Rock\n|move|p2a: Clefable|Wish|p2a: Clefable\n|\n|upkeep\n|turn|57\n|\n|t:|1699777422\n|switch|p2a: Garganacl|Garganacl, M, tera:Water|83\/100\n|-damage|p2a: Garganacl|70\/100|[from] Stealth Rock\n|move|p1a: Heatran|Magma Storm|p2a: Garganacl\n|-resisted|p2a: Garganacl\n|-damage|p2a: Garganacl|47\/100\n|-activate|p2a: Garganacl|move: Magma Storm|[of] p1a: Heatran\n|\n|-heal|p2a: Garganacl|96\/100|[from] move: Wish|[wisher] Clefable\n|-heal|p2a: Garganacl|100\/100|[from] item: Leftovers\n|-damage|p2a: Garganacl|88\/100|[from] move: Magma Storm|[partiallytrapped]\n|upkeep\n|turn|58\n|\n|t:|1699777425\n|move|p1a: Heatran|Earth Power|p2a: Garganacl\n|-damage|p2a: Garganacl|57\/100\n|move|p2a: Garganacl|Salt Cure|p1a: Heatran\n|-damage|p1a: Heatran|13\/100\n|-start|p1a: Heatran|Salt Cure\n|\n|-heal|p2a: Garganacl|63\/100|[from] item: Leftovers\n|-damage|p1a: Heatran|0 fnt|[from] Salt Cure\n|faint|p1a: Heatran\n|-end|p2a: Garganacl|Magma Storm|[partiallytrapped]|[silent]\n|upkeep\n|\n|t:|1699777428\n|switch|p1a: Amoonguss|Amoonguss, M, shiny|63\/100\n|-damage|p1a: Amoonguss|51\/100|[from] Spikes\n|-damage|p1a: Amoonguss|39\/100|[from] Stealth Rock\n|turn|59\n|\n|t:|1699777432\n|switch|p2a: Clefable|Clefable, M|69\/100 par\n|move|p1a: Amoonguss|Giga Drain|p2a: Clefable\n|-damage|p2a: Clefable|52\/100 par\n|-heal|p1a: Amoonguss|46\/100|[from] drain|[of] p2a: Clefable\n|\n|upkeep\n|turn|60\n|\n|t:|1699777435\n|move|p1a: Amoonguss|Sludge Bomb|p2a: Clefable\n|-supereffective|p2a: Clefable\n|-damage|p2a: Clefable|17\/100 par\n|move|p2a: Clefable|Wish|p2a: Clefable\n|\n|upkeep\n|turn|61\n|\n|t:|1699777442\n|switch|p2a: Garganacl|Garganacl, M, tera:Water|63\/100\n|-damage|p2a: Garganacl|51\/100|[from] Stealth Rock\n|move|p1a: Amoonguss|Giga Drain|p2a: Garganacl\n|-supereffective|p2a: Garganacl\n|-damage|p2a: Garganacl|6\/100\n|-heal|p1a: Amoonguss|67\/100|[from] drain|[of] p2a: Garganacl\n|\n|-heal|p2a: Garganacl|54\/100|[from] move: Wish|[wisher] Clefable\n|-heal|p2a: Garganacl|61\/100|[from] item: Leftovers\n|upkeep\n|turn|62\n|\n|t:|1699777451\n|move|p2a: Garganacl|Salt Cure|p1a: Amoonguss\n|-damage|p1a: Amoonguss|52\/100\n|-start|p1a: Amoonguss|Salt Cure\n|move|p1a: Amoonguss|Giga Drain|p2a: Garganacl\n|-supereffective|p2a: Garganacl\n|-crit|p2a: Garganacl\n|-damage|p2a: Garganacl|1\/100\n|-heal|p1a: Amoonguss|81\/100|[from] drain|[of] p2a: Garganacl\n|\n|-heal|p2a: Garganacl|7\/100|[from] item: Leftovers\n|-damage|p1a: Amoonguss|68\/100|[from] Salt Cure\n|upkeep\n|turn|63\n|\n|t:|1699777458\n|move|p2a: Garganacl|Protect|p2a: Garganacl\n|-singleturn|p2a: Garganacl|Protect\n|move|p1a: Amoonguss|Giga Drain|p2a: Garganacl\n|-activate|p2a: Garganacl|move: Protect\n|\n|-heal|p2a: Garganacl|13\/100|[from] item: Leftovers\n|-damage|p1a: Amoonguss|56\/100|[from] Salt Cure\n|upkeep\n|turn|64\n|\n|t:|1699777471\n|switch|p2a: Clefable|Clefable, M|17\/100 par\n|move|p1a: Amoonguss|Giga Drain|p2a: Clefable\n|-damage|p2a: Clefable|2\/100 par\n|-heal|p1a: Amoonguss|63\/100|[from] drain|[of] p2a: Clefable\n|\n|-damage|p1a: Amoonguss|51\/100|[from] Salt Cure\n|upkeep\n|turn|65\n|\n|t:|1699777476\n|move|p1a: Amoonguss|Giga Drain|p2a: Clefable\n|-damage|p2a: Clefable|0 fnt\n|-heal|p1a: Amoonguss|51\/100|[from] drain|[of] p2a: Clefable\n|faint|p2a: Clefable\n|\n|-damage|p1a: Amoonguss|39\/100|[from] Salt Cure\n|upkeep\n|\n|t:|1699777485\n|switch|p2a: Alomomola|Alomomola, M|55\/100\n|-damage|p2a: Alomomola|43\/100|[from] Stealth Rock\n|turn|66\n|\n|t:|1699777489\n|move|p2a: Alomomola|Wish|p2a: Alomomola\n|move|p1a: Amoonguss|Giga Drain|p2a: Alomomola\n|-supereffective|p2a: Alomomola\n|-damage|p2a: Alomomola|0 fnt\n|-heal|p1a: Amoonguss|65\/100|[from] drain|[of] p2a: Alomomola\n|faint|p2a: Alomomola\n|\n|-damage|p1a: Amoonguss|53\/100|[from] Salt Cure\n|upkeep\n|\n|t:|1699777491\n|switch|p2a: Garganacl|Garganacl, M, tera:Water|13\/100\n|-damage|p2a: Garganacl|1\/100|[from] Stealth Rock\n|turn|67\n|\n|t:|1699777498\n|move|p2a: Garganacl|Protect|p2a: Garganacl\n|-singleturn|p2a: Garganacl|Protect\n|move|p1a: Amoonguss|Giga Drain|p2a: Garganacl\n|-activate|p2a: Garganacl|move: Protect\n|\n|-heal|p2a: Garganacl|67\/100|[from] move: Wish|[wisher] Alomomola\n|-heal|p2a: Garganacl|73\/100|[from] item: Leftovers\n|-damage|p1a: Amoonguss|41\/100|[from] Salt Cure\n|upkeep\n|turn|68\n|\n|t:|1699777515\n|move|p2a: Garganacl|Recover|p2a: Garganacl\n|-heal|p2a: Garganacl|100\/100\n|move|p1a: Amoonguss|Giga Drain|p2a: Garganacl\n|-supereffective|p2a: Garganacl\n|-damage|p2a: Garganacl|56\/100\n|-heal|p1a: Amoonguss|62\/100|[from] drain|[of] p2a: Garganacl\n|\n|-heal|p2a: Garganacl|62\/100|[from] item: Leftovers\n|-damage|p1a: Amoonguss|49\/100|[from] Salt Cure\n|upkeep\n|turn|69\n|\n|t:|1699777528\n|move|p2a: Garganacl|Recover|p2a: Garganacl\n|-heal|p2a: Garganacl|100\/100\n|move|p1a: Amoonguss|Spore|p2a: Garganacl\n|-immune|p2a: Garganacl|[from] ability: Purifying Salt\n|\n|-damage|p1a: Amoonguss|37\/100|[from] Salt Cure\n|upkeep\n|turn|70\n|\n|t:|1699777536\n|move|p2a: Garganacl|Protect|p2a: Garganacl\n|-singleturn|p2a: Garganacl|Protect\n|move|p1a: Amoonguss|Stomping Tantrum|p2a: Garganacl\n|-activate|p2a: Garganacl|move: Protect\n|\n|-damage|p1a: Amoonguss|25\/100|[from] Salt Cure\n|upkeep\n|turn|71\n|\n|t:|1699777543\n|move|p2a: Garganacl|Salt Cure|p1a: Amoonguss\n|-damage|p1a: Amoonguss|10\/100\n|move|p1a: Amoonguss|Giga Drain|p2a: Garganacl\n|-supereffective|p2a: Garganacl\n|-crit|p2a: Garganacl\n|-damage|p2a: Garganacl|34\/100\n|-heal|p1a: Amoonguss|42\/100|[from] drain|[of] p2a: Garganacl\n|\n|-heal|p2a: Garganacl|40\/100|[from] item: Leftovers\n|-damage|p1a: Amoonguss|29\/100|[from] Salt Cure\n|upkeep\n|turn|72\n|\n|t:|1699777551\n|switch|p1a: Dragapult|Dragapult, M, shiny, tera:Ghost|51\/100\n|move|p2a: Garganacl|Recover|p2a: Garganacl\n|-heal|p2a: Garganacl|90\/100\n|\n|-heal|p2a: Garganacl|96\/100|[from] item: Leftovers\n|upkeep\n|turn|73\n|\n|t:|1699777554\n|move|p1a: Dragapult|Dragon Darts|p2a: Garganacl\n|-damage|p2a: Garganacl|85\/100\n|-anim|p1a: Dragapult|Dragon Darts|p2a: Garganacl\n|-damage|p2a: Garganacl|75\/100\n|move|p2a: Garganacl|Salt Cure|p1a: Dragapult\n|-damage|p1a: Dragapult|33\/100\n|-start|p1a: Dragapult|Salt Cure\n|\n|-heal|p2a: Garganacl|81\/100|[from] item: Leftovers\n|-damage|p1a: Dragapult|20\/100|[from] Salt Cure\n|upkeep\n|turn|74\n|\n|t:|1699777558\n|move|p2a: Garganacl|Protect|p2a: Garganacl\n|-singleturn|p2a: Garganacl|Protect\n|move|p1a: Dragapult|Dragon Darts|p2a: Garganacl\n|-activate|p2a: Garganacl|move: Protect\n|\n|-heal|p2a: Garganacl|87\/100|[from] item: Leftovers\n|-damage|p1a: Dragapult|8\/100|[from] Salt Cure\n|upkeep\n|turn|75\n|\n|t:|1699777565\n|move|p1a: Dragapult|Dragon Darts|p2a: Garganacl\n|-damage|p2a: Garganacl|76\/100\n|-anim|p1a: Dragapult|Dragon Darts|p2a: Garganacl\n|-damage|p2a: Garganacl|65\/100\n|move|p2a: Garganacl|Salt Cure|p1a: Dragapult\n|-damage|p1a: Dragapult|0 fnt\n|faint|p1a: Dragapult\n|\n|-heal|p2a: Garganacl|71\/100|[from] item: Leftovers\n|upkeep\n|\n|t:|1699777567\n|switch|p1a: Amoonguss|Amoonguss, M, shiny|63\/100\n|-damage|p1a: Amoonguss|50\/100|[from] Spikes\n|-damage|p1a: Amoonguss|38\/100|[from] Stealth Rock\n|turn|76\n|\n|t:|1699777571\n|move|p2a: Garganacl|Salt Cure|p1a: Amoonguss\n|-damage|p1a: Amoonguss|22\/100\n|-start|p1a: Amoonguss|Salt Cure\n|move|p1a: Amoonguss|Spore|p2a: Garganacl\n|-immune|p2a: Garganacl|[from] ability: Purifying Salt\n|\n|-heal|p2a: Garganacl|77\/100|[from] item: Leftovers\n|-damage|p1a: Amoonguss|10\/100|[from] Salt Cure\n|upkeep\n|turn|77\n|\n|t:|1699777576\n|move|p2a: Garganacl|Salt Cure|p1a: Amoonguss\n|-damage|p1a: Amoonguss|0 fnt\n|faint|p1a: Amoonguss\n|\n|win|17 character limit\n|raw|BizarreSlime's rating: 1315 &rarr; <strong>1290<\/strong><br \/>(-25 for losing)\n|raw|17 character limit's rating: 1233 &rarr; <strong>1264<\/strong><br \/>(+31 for winning)\n|l|\u2606BizarreSlime\n|c|\u260617 character limit|gg\n","uploadtime":1699777588,"views":20,"p1id":"bizarreslime","p2id":"17characterlimit","formatid":"gen9ou","rating":1264,"private":0,"password":""}