{"id":"gen9ou-1993456970","p1":"Chabbott918","p2":"It's classified","format":"[Gen 9] OU","log":"|j|\u2606Chabbott918\n|j|\u2606It's classified\n|t:|1700320222\n|gametype|singles\n|player|p1|Chabbott918|raifort|1462\n|player|p2|It's classified|pokemonranger-gen4|1562\n|teamsize|p1|6\n|teamsize|p2|6\n|gen|9\n|tier|[Gen 9] OU\n|rated|\n|rule|Sleep Clause Mod: Limit one foe put to sleep\n|rule|Species Clause: Limit one of each Pok\u00e9mon\n|rule|OHKO Clause: OHKO moves are banned\n|rule|Evasion Items Clause: Evasion items are banned\n|rule|Evasion Moves Clause: Evasion moves are banned\n|rule|Endless Battle Clause: Forcing endless battles is banned\n|rule|HP Percentage Mod: HP is shown in percentages\n|clearpoke\n|poke|p1|Gholdengo|\n|poke|p1|Zapdos|\n|poke|p1|Cinderace, F|\n|poke|p1|Glimmora, F|\n|poke|p1|Samurott-Hisui, M|\n|poke|p1|Rillaboom, M|\n|poke|p2|Ceruledge, F|\n|poke|p2|Ninetales-Alola, M|\n|poke|p2|Iron Valiant|\n|poke|p2|Great Tusk|\n|poke|p2|Manaphy|\n|poke|p2|Kingambit, F|\n|teampreview\n|inactive|Battle timer is ON: inactive players will automatically lose when time's up. (requested by It's classified)\n|\n|t:|1700320234\n|start\n|switch|p1a: Gholdengo|Gholdengo|100\/100\n|switch|p2a: Ninetales|Ninetales-Alola, M|100\/100\n|-weather|Snow|[from] ability: Snow Warning|[of] p2a: Ninetales\n|turn|1\n|\n|t:|1700320238\n|move|p2a: Ninetales|Aurora Veil|p2a: Ninetales\n|-sidestart|p2: It's classified|move: Aurora Veil\n|move|p1a: Gholdengo|Make It Rain|p2a: Ninetales\n|-supereffective|p2a: Ninetales\n|-damage|p2a: Ninetales|0 fnt\n|-unboost|p1a: Gholdengo|spa|1\n|faint|p2a: Ninetales\n|\n|-weather|Snow|[upkeep]\n|upkeep\n|\n|t:|1700320242\n|switch|p2a: Ceruledge|Ceruledge, F|100\/100\n|-item|p2a: Ceruledge|Air Balloon\n|turn|2\n|\n|t:|1700320252\n|move|p2a: Ceruledge|Swords Dance|p2a: Ceruledge\n|-boost|p2a: Ceruledge|atk|2\n|move|p1a: Gholdengo|Thunder Wave|p2a: Ceruledge\n|-status|p2a: Ceruledge|par\n|\n|-weather|Snow|[upkeep]\n|upkeep\n|turn|3\n|\n|t:|1700320259\n|switch|p1a: Glimmora|Glimmora, F|100\/100\n|move|p2a: Ceruledge|Poltergeist|p1a: Glimmora\n|-activate|p1a: Glimmora|move: Poltergeist|Focus Sash\n|-enditem|p1a: Glimmora|Focus Sash\n|-damage|p1a: Glimmora|1\/100\n|-activate|p1a: Glimmora|ability: Toxic Debris\n|-sidestart|p2: It's classified|move: Toxic Spikes\n|\n|-weather|Snow|[upkeep]\n|upkeep\n|turn|4\n|\n|t:|1700320269\n|move|p1a: Glimmora|Sludge Wave|p2a: Ceruledge\n|-resisted|p2a: Ceruledge\n|-damage|p2a: Ceruledge|85\/100 par\n|-enditem|p2a: Ceruledge|Air Balloon\n|move|p2a: Ceruledge|Bitter Blade|p1a: Glimmora\n|-resisted|p1a: Glimmora\n|-damage|p1a: Glimmora|0 fnt\n|-heal|p2a: Ceruledge|86\/100 par|[from] drain|[of] p1a: Glimmora\n|-activate|p1a: Glimmora|ability: Toxic Debris\n|-sidestart|p2: It's classified|move: Toxic Spikes\n|faint|p1a: Glimmora\n|\n|-weather|Snow|[upkeep]\n|upkeep\n|\n|t:|1700320288\n|switch|p1a: Samurott|Samurott-Hisui, M|100\/100\n|turn|5\n|\n|t:|1700320295\n|move|p1a: Samurott|Aqua Cutter|p2a: Ceruledge\n|-supereffective|p2a: Ceruledge\n|-damage|p2a: Ceruledge|15\/100 par\n|-ability|p2a: Ceruledge|Weak Armor|boost\n|-unboost|p2a: Ceruledge|def|1\n|-boost|p2a: Ceruledge|spe|2\n|move|p2a: Ceruledge|Close Combat|p1a: Samurott\n|-supereffective|p1a: Samurott\n|-damage|p1a: Samurott|0 fnt\n|-unboost|p2a: Ceruledge|def|1\n|-unboost|p2a: Ceruledge|spd|1\n|faint|p1a: Samurott\n|\n|-weather|none\n|upkeep\n|\n|t:|1700320313\n|switch|p1a: Cinderace|Cinderace, F, shiny|100\/100\n|turn|6\n|\n|t:|1700320316\n|move|p1a: Cinderace|Pyro Ball|p2a: Ceruledge\n|-resisted|p2a: Ceruledge\n|-damage|p2a: Ceruledge|0 fnt\n|faint|p2a: Ceruledge\n|\n|upkeep\n|\n|t:|1700320325\n|switch|p2a: Great Tusk|Great Tusk|100\/100\n|-status|p2a: Great Tusk|tox\n|-enditem|p2a: Great Tusk|Booster Energy\n|-activate|p2a: Great Tusk|ability: Protosynthesis|[fromitem]\n|-start|p2a: Great Tusk|protosynthesisspe\n|turn|7\n|\n|t:|1700320331\n|move|p2a: Great Tusk|Bulk Up|p2a: Great Tusk\n|-boost|p2a: Great Tusk|atk|1\n|-boost|p2a: Great Tusk|def|1\n|move|p1a: Cinderace|Will-O-Wisp||[still]\n|-fail|p1a: Cinderace\n|\n|-damage|p2a: Great Tusk|94\/100 tox|[from] psn\n|upkeep\n|turn|8\n|\n|t:|1700320338\n|switch|p1a: Rillaboom|Rillaboom, M, shiny|100\/100\n|-fieldstart|move: Grassy Terrain|[from] ability: Grassy Surge|[of] p1a: Rillaboom\n|move|p2a: Great Tusk|Rapid Spin|p1a: Rillaboom\n|-damage|p1a: Rillaboom|78\/100\n|-boost|p2a: Great Tusk|spe|1\n|-sideend|p2: It's classified|Toxic Spikes|[from] move: Rapid Spin|[of] p2a: Great Tusk\n|\n|-heal|p2a: Great Tusk|100\/100 tox|[from] Grassy Terrain\n|-heal|p1a: Rillaboom|84\/100|[from] Grassy Terrain\n|-damage|p2a: Great Tusk|88\/100 tox|[from] psn\n|-sideend|p2: It's classified|move: Aurora Veil\n|upkeep\n|turn|9\n|\n|t:|1700320350\n|switch|p1a: Gholdengo|Gholdengo|100\/100\n|move|p2a: Great Tusk|Ice Spinner|p1a: Gholdengo\n|-resisted|p1a: Gholdengo\n|-damage|p1a: Gholdengo|90\/100\n|-fieldend|move: Grassy Terrain\n|\n|-heal|p1a: Gholdengo|96\/100|[from] item: Leftovers\n|-damage|p2a: Great Tusk|69\/100 tox|[from] psn\n|upkeep\n|turn|10\n|\n|t:|1700320355\n|move|p2a: Great Tusk|Headlong Rush|p1a: Gholdengo\n|-supereffective|p1a: Gholdengo\n|-damage|p1a: Gholdengo|0 fnt\n|-unboost|p2a: Great Tusk|def|1\n|-unboost|p2a: Great Tusk|spd|1\n|faint|p1a: Gholdengo\n|\n|-damage|p2a: Great Tusk|45\/100 tox|[from] psn\n|upkeep\n|\n|t:|1700320361\n|switch|p1a: Cinderace|Cinderace, F, shiny|100\/100\n|turn|11\n|\n|t:|1700320367\n|move|p2a: Great Tusk|Ice Spinner|p1a: Cinderace\n|-resisted|p1a: Cinderace\n|-damage|p1a: Cinderace|74\/100\n|move|p1a: Cinderace|Pyro Ball|p2a: Great Tusk\n|-damage|p2a: Great Tusk|11\/100 tox\n|\n|-damage|p2a: Great Tusk|0 fnt|[from] psn\n|faint|p2a: Great Tusk\n|-end|p2a: Great Tusk|Protosynthesis|[silent]\n|upkeep\n|\n|t:|1700320374\n|switch|p2a: Manaphy|Manaphy, shiny|100\/100\n|turn|12\n|\n|t:|1700320380\n|switch|p1a: Zapdos|Zapdos|100\/100\n|move|p2a: Manaphy|Acid Armor|p2a: Manaphy\n|-boost|p2a: Manaphy|def|2\n|\n|upkeep\n|turn|13\n|\n|t:|1700320393\n|-terastallize|p2a: Manaphy|Poison\n|move|p1a: Zapdos|Hurricane|p2a: Manaphy\n|-damage|p2a: Manaphy|51\/100\n|move|p2a: Manaphy|Take Heart|p2a: Manaphy\n|-boost|p2a: Manaphy|spa|1\n|-boost|p2a: Manaphy|spd|1\n|\n|-heal|p2a: Manaphy|57\/100|[from] item: Leftovers\n|upkeep\n|turn|14\n|\n|t:|1700320399\n|move|p1a: Zapdos|Hurricane|p2a: Manaphy\n|-damage|p2a: Manaphy|23\/100\n|-start|p2a: Manaphy|confusion\n|-activate|p2a: Manaphy|confusion\n|move|p2a: Manaphy|Scald|p1a: Zapdos\n|-damage|p1a: Zapdos|49\/100\n|-status|p1a: Zapdos|brn\n|\n|-heal|p2a: Manaphy|29\/100|[from] item: Leftovers\n|-damage|p1a: Zapdos|43\/100 brn|[from] brn\n|upkeep\n|turn|15\n|\n|t:|1700320408\n|move|p1a: Zapdos|Hurricane|p2a: Manaphy|[miss]\n|-miss|p1a: Zapdos|p2a: Manaphy\n|-end|p2a: Manaphy|confusion\n|move|p2a: Manaphy|Scald|p1a: Zapdos\n|-damage|p1a: Zapdos|0 fnt\n|faint|p1a: Zapdos\n|\n|-heal|p2a: Manaphy|36\/100|[from] item: Leftovers\n|upkeep\n|\n|t:|1700320433\n|switch|p1a: Rillaboom|Rillaboom, M, shiny|84\/100\n|-fieldstart|move: Grassy Terrain|[from] ability: Grassy Surge|[of] p1a: Rillaboom\n|turn|16\n|\n|t:|1700320438\n|move|p1a: Rillaboom|Knock Off|p2a: Manaphy\n|-damage|p2a: Manaphy|22\/100\n|-enditem|p2a: Manaphy|Leftovers|[from] move: Knock Off|[of] p1a: Rillaboom\n|-damage|p1a: Rillaboom|74\/100|[from] item: Life Orb\n|move|p2a: Manaphy|Stored Power|p1a: Rillaboom\n|-damage|p1a: Rillaboom|31\/100\n|\n|-heal|p1a: Rillaboom|37\/100|[from] Grassy Terrain\n|-heal|p2a: Manaphy|28\/100|[from] Grassy Terrain\n|upkeep\n|turn|17\n|\n|t:|1700320448\n|move|p1a: Rillaboom|Swords Dance|p1a: Rillaboom\n|-boost|p1a: Rillaboom|atk|2\n|move|p2a: Manaphy|Stored Power|p1a: Rillaboom\n|-damage|p1a: Rillaboom|0 fnt\n|faint|p1a: Rillaboom\n|\n|-heal|p2a: Manaphy|34\/100|[from] Grassy Terrain\n|upkeep\n|\n|t:|1700320451\n|switch|p1a: Cinderace|Cinderace, F, shiny|74\/100\n|turn|18\n|\n|t:|1700320458\n|move|p1a: Cinderace|Pyro Ball|p2a: Manaphy\n|-damage|p2a: Manaphy|13\/100\n|move|p2a: Manaphy|Scald|p1a: Cinderace\n|-supereffective|p1a: Cinderace\n|-damage|p1a: Cinderace|0 fnt\n|faint|p1a: Cinderace\n|\n|win|It's classified\n|raw|Chabbott918's rating: 1462 &rarr; <strong>1448<\/strong><br \/>(-14 for losing)\n|raw|It&apos;s classified's rating: 1562 &rarr; <strong>1576<\/strong><br \/>(+14 for winning)\n|l|\u2606Chabbott918\n","uploadtime":1700320467,"views":26,"p1id":"chabbott918","p2id":"itsclassified","formatid":"gen9ou","rating":1448,"private":0,"password":""}