{"id":"gen9ou-2000516887","p1":"NotDaRealDeal","p2":"Vizsla_falconer","format":"[Gen 9] OU","log":"|j|\u2606NotDaRealDeal\n|j|\u2606Vizsla_falconer\n|t:|1701201438\n|gametype|singles\n|player|p1|NotDaRealDeal|koga|1157\n|player|p2|Vizsla_falconer|101|1201\n|teamsize|p1|6\n|teamsize|p2|6\n|gen|9\n|tier|[Gen 9] OU\n|rated|\n|rule|Sleep Clause Mod: Limit one foe put to sleep\n|rule|Species Clause: Limit one of each Pok\u00e9mon\n|rule|OHKO Clause: OHKO moves are banned\n|rule|Evasion Items Clause: Evasion items are banned\n|rule|Evasion Moves Clause: Evasion moves are banned\n|rule|Endless Battle Clause: Forcing endless battles is banned\n|rule|HP Percentage Mod: HP is shown in percentages\n|clearpoke\n|poke|p1|Garganacl, M|\n|poke|p1|Clodsire, M|\n|poke|p1|Great Tusk|\n|poke|p1|Ogerpon-Wellspring, F|\n|poke|p1|Samurott-Hisui, F|\n|poke|p1|Kingambit, M|\n|poke|p2|Gholdengo|\n|poke|p2|Dragapult, M|\n|poke|p2|Mimikyu, M|\n|poke|p2|Skeledirge, M|\n|poke|p2|Weezing-Galar, M|\n|poke|p2|Basculegion, M|\n|teampreview\n|inactive|Battle timer is ON: inactive players will automatically lose when time's up. (requested by NotDaRealDeal)\n|\n|t:|1701201448\n|start\n|switch|p1a: Clodsire|Clodsire, M|100\/100\n|switch|p2a: Dragapult|Dragapult, M|100\/100\n|turn|1\n|\n|t:|1701201463\n|switch|p2a: Gholdengo|Gholdengo|100\/100\n|move|p1a: Clodsire|Stealth Rock|p2a: Gholdengo\n|-sidestart|p2: Vizsla_falconer|move: Stealth Rock\n|\n|upkeep\n|turn|2\n|\n|t:|1701201483\n|-terastallize|p2a: Gholdengo|Flying\n|move|p2a: Gholdengo|Substitute|p2a: Gholdengo\n|-start|p2a: Gholdengo|Substitute\n|-damage|p2a: Gholdengo|76\/100\n|move|p1a: Clodsire|Earthquake|p2a: Gholdengo\n|-immune|p2a: Gholdengo\n|\n|-heal|p2a: Gholdengo|82\/100|[from] item: Leftovers\n|upkeep\n|turn|3\n|\n|t:|1701201498\n|switch|p1a: Samurott|Samurott-Hisui, F|100\/100\n|move|p2a: Gholdengo|Nasty Plot|p2a: Gholdengo\n|-boost|p2a: Gholdengo|spa|2\n|\n|-heal|p2a: Gholdengo|88\/100|[from] item: Leftovers\n|upkeep\n|turn|4\n|\n|t:|1701201508\n|move|p1a: Samurott|Ceaseless Edge|p2a: Gholdengo\n|-end|p2a: Gholdengo|Substitute\n|-sidestart|p2: Vizsla_falconer|Spikes\n|move|p2a: Gholdengo|Make It Rain|p1a: Samurott\n|-resisted|p1a: Samurott\n|-damage|p1a: Samurott|4\/100\n|-unboost|p2a: Gholdengo|spa|1\n|\n|-heal|p2a: Gholdengo|94\/100|[from] item: Leftovers\n|upkeep\n|turn|5\n|\n|t:|1701201523\n|switch|p2a: Weezing|Weezing-Galar, M|100\/100\n|-damage|p2a: Weezing|88\/100|[from] Stealth Rock\n|move|p1a: Samurott|Ceaseless Edge|p2a: Weezing\n|-resisted|p2a: Weezing\n|-damage|p2a: Weezing|71\/100\n|-sidestart|p2: Vizsla_falconer|Spikes\n|\n|upkeep\n|turn|6\n|\n|t:|1701201533\n|move|p1a: Samurott|Ceaseless Edge|p2a: Weezing|[miss]\n|-miss|p1a: Samurott|p2a: Weezing\n|move|p2a: Weezing|Defog|p1a: Samurott\n|-unboost|p1a: Samurott|evasion|1\n|-sideend|p2: Vizsla_falconer|Spikes|[from] move: Defog|[of] p2a: Weezing\n|-sideend|p2: Vizsla_falconer|Stealth Rock|[from] move: Defog|[of] p2a: Weezing\n|\n|upkeep\n|turn|7\n|\n|t:|1701201542\n|move|p1a: Samurott|Ceaseless Edge|p2a: Weezing\n|-resisted|p2a: Weezing\n|-damage|p2a: Weezing|53\/100\n|-sidestart|p2: Vizsla_falconer|Spikes\n|move|p2a: Weezing|Play Rough|p1a: Samurott\n|-supereffective|p1a: Samurott\n|-crit|p1a: Samurott\n|-damage|p1a: Samurott|0 fnt\n|faint|p1a: Samurott\n|\n|upkeep\n|inactive|NotDaRealDeal has 120 seconds left.\n|\n|t:|1701201575\n|switch|p1a: Great Tusk|Great Tusk|100\/100\n|turn|8\n|\n|t:|1701201582\n|move|p1a: Great Tusk|Rapid Spin|p2a: Weezing\n|-damage|p2a: Weezing|39\/100\n|-boost|p1a: Great Tusk|spe|1\n|move|p2a: Weezing|Defog|p1a: Great Tusk\n|-unboost|p1a: Great Tusk|evasion|1\n|-sideend|p2: Vizsla_falconer|Spikes|[from] move: Defog|[of] p2a: Weezing\n|\n|upkeep\n|turn|9\n|inactive|NotDaRealDeal has 120 seconds left.\n|\n|t:|1701201603\n|move|p1a: Great Tusk|Knock Off|p2a: Weezing\n|-resisted|p2a: Weezing\n|-damage|p2a: Weezing|25\/100\n|-enditem|p2a: Weezing|Iapapa Berry|[from] move: Knock Off|[of] p1a: Great Tusk\n|move|p2a: Weezing|Play Rough|p1a: Great Tusk\n|-supereffective|p1a: Great Tusk\n|-damage|p1a: Great Tusk|61\/100\n|\n|-heal|p1a: Great Tusk|67\/100|[from] item: Leftovers\n|upkeep\n|turn|10\n|\n|t:|1701201615\n|move|p1a: Great Tusk|Headlong Rush|p2a: Weezing\n|-immune|p2a: Weezing|[from] ability: Levitate\n|move|p2a: Weezing|Play Rough|p1a: Great Tusk\n|-supereffective|p1a: Great Tusk\n|-damage|p1a: Great Tusk|28\/100\n|\n|-heal|p1a: Great Tusk|34\/100|[from] item: Leftovers\n|upkeep\n|turn|11\n|\n|t:|1701201629\n|move|p1a: Great Tusk|Close Combat|p2a: Weezing\n|-resisted|p2a: Weezing\n|-damage|p2a: Weezing|11\/100\n|-unboost|p1a: Great Tusk|def|1\n|-unboost|p1a: Great Tusk|spd|1\n|move|p2a: Weezing|Play Rough|p1a: Great Tusk\n|-supereffective|p1a: Great Tusk\n|-damage|p1a: Great Tusk|0 fnt\n|faint|p1a: Great Tusk\n|-end|p1a: Great Tusk|Protosynthesis|[silent]\n|\n|upkeep\n|inactive|NotDaRealDeal has 120 seconds left.\n|inactive|NotDaRealDeal has 90 seconds left.\n|\n|t:|1701201681\n|switch|p1a: Ogerpon|Ogerpon-Wellspring, F|100\/100\n|turn|12\n|\n|t:|1701201690\n|move|p1a: Ogerpon|Swords Dance|p1a: Ogerpon\n|-boost|p1a: Ogerpon|atk|2\n|move|p2a: Weezing|Gunk Shot|p1a: Ogerpon\n|-supereffective|p1a: Ogerpon\n|-damage|p1a: Ogerpon|0 fnt\n|faint|p1a: Ogerpon\n|\n|upkeep\n|inactive|NotDaRealDeal has 90 seconds left.\n|-message|NotDaRealDeal forfeited.\n|\n|win|Vizsla_falconer\n|raw|NotDaRealDeal's rating: 1157 &rarr; <strong>1135<\/strong><br \/>(-22 for losing)\n|raw|Vizsla_falconer's rating: 1201 &rarr; <strong>1223<\/strong><br \/>(+22 for winning)\n|l|\u2606NotDaRealDeal\n","uploadtime":1701201747,"views":8,"p1id":"notdarealdeal","p2id":"vizslafalconer","formatid":"gen9ou","rating":1135,"private":0,"password":""}